code,internal_code,name,manufacturer_name,manufacture_country,manufacturer_item_description,unit_qty,quantity,unit_of_measure,weighted,qty_in_package,price,unit_of_measure_price,allow_discount,status,item_id
602,false,שניצל עוף טרי,,,בצל יבש,Unknown,0.00,"ק""ג",true,0,3.90,3.90,true,1,
619,false,פלפל אדום,,,פלפל אדום,Unknown,0.00,"ק""ג",true,0,8.90,8.90,true,1,
671,false,קרמבולה,,,קרמבולה,Unknown,0.00,"ק""ג",true,0,29.90,29.90,true,1,
678,false,ברוקולי,,,ברוקולי,Unknown,0.00,Unknown,false,1,14.90,14.90,true,1,
5942,false,"תפו""ע קריספי",,,"תפו""ע קריספי",Unknown,0.00,"ק""ג",true,0,18.90,18.90,true,1,
6086,false,אגסי יבש שלם,,,אגסי יבש שלם,Unknown,0.00,"ק""ג",true,0,149.00,149.00,true,1,
8073,false,הרץ יבש שלם,,,הרץ יבש שלם,Unknown,0.00,"ק""ג",true,0,165.00,165.00,true,1,
8080,false,רוסקי שלם מזרע,,,רוסקי שלם מזרע,Unknown,0.00,"ק""ג",true,0,140.00,140.00,true,1,
8097,false,מוסקובסקי סרוולט שלם,,,מוסקובסקי סרוולט שלם,Unknown,0.00,"ק""ג",true,0,136.00,136.00,true,1,
9728,false,נקניק ספרטק שלם מזרע,,,נקניק ספרטק שלם מזרע,Unknown,0.00,"ק""ג",true,0,129.00,129.00,true,1,
46020,false,גבינה צהובה גלבוע 22% במשקל תנובה,הפריט בפיקוח,IL,גבינה צהובה גלבוע-במ,Unknown,0.00,"ק""ג",true,0,42.58,42.58,true,1,
46549,false,גבינה מוצרלה חריץ 20% תנובה,,IL,קולאז מוצרלה,קילוגרמים,0.00,"ק""ג",true,0,90.00,90.00,true,1,
47027,false,קולאז' קצ'קבל )גלעד( חריץ תנובה,,,קולאז קצקבל גלעד,קילוגרמים,0.00,"ק""ג",true,0,150.00,150.00,true,1,
47034,false,קולאז' רוקפור גליל חריץ תנובה,,IL,קולאז רוקפור גליל,קילוגרמים,0.00,"ק""ג",true,0,126.00,126.00,true,1,
47485,false,"פיראוס בולגרית 24% בפח 3 ק""ג",,IL,בולגרית פיראוס 24%,Unknown,0.00,"ק""ג",true,0,65.00,65.00,true,1,
53219,false,גבינה חריץ טל העמק 32% במשקל,,IL,גבינה טל העמק 32%,Unknown,0.00,"ק""ג",true,0,65.00,65.00,true,1,
54766,false,מארז לחמניות,,,מארז גבטה,Unknown,0.00,Unknown,false,1,16.90,16.90,true,1,
56326,false,גבינה שוויצרית במשקל,,,גבינה שוויצרית במשקל,Unknown,0.00,"ק""ג",true,0,74.00,74.00,true,1,
86958,false,גבינה סלמי במשקל,,,גבינה סלמי במשקל,Unknown,0.00,"ק""ג",true,0,62.00,62.00,true,1,
90010,false,מסכה *10 ללא החזרה KN95,,,ללא החזרה KN95 מסכות,Unknown,0.00,Unknown,false,1,129.90,129.90,true,1,
91112,false,עוגיות מוס בטעמים במשקל,,,עוגת גבינה במשקל,Unknown,0.00,"ק""ג",true,0,62.90,62.90,true,1,
304050,false,מסיכה כירורגית 1 יחידה,,,מסיכה כירורגית 1 יחי,Unknown,0.00,Unknown,false,1,0.50,0.50,true,1,
321646,false,פיסטוק קלוי טבעי,,,פיסטוק קלוי,Unknown,0.00,"ק""ג",true,0,99.00,99.00,true,1,
342776,false,שקית נייר,,,שקית נייר,Unknown,0.00,Unknown,false,1,1.00,1.00,true,1,
363462,false,סלמי מעושן איטלקי טירת צבי במשקל,טירת צבי - מעדניה,,סלמי מעושן איטלקי,Unknown,0.00,"ק""ג",true,0,75.00,75.00,true,1,
363486,false,נקניק תה טירת צבי במשקל,טירת צבי - מעדניה,,נקניק תה טירת צבי,Unknown,0.00,"ק""ג",true,0,55.00,55.00,true,1,
365107,false,כתף בקר מפולפל טירת צבי,טירת צבי - מעדניה,,כתף מפולפל,Unknown,0.00,"ק""ג",true,0,98.00,98.00,true,1,
365954,false,פסטרמה הודו גחלים טירת צבי,טירת צבי - מעדניה,,פסטרמה גחלים,Unknown,0.00,"ק""ג",true,0,85.00,85.00,true,1,
369341,false,לבנה אבו גוש ירוק במשקל,,,לבנה אבו גוש ירוק במ,Unknown,0.00,"ק""ג",true,0,50.00,50.00,true,1,
554655,false,מוצרלה נקניק מעושן במשקל,גבינות מעדניה,,מוצרלה נקניק מעושן,Unknown,0.00,"ק""ג",true,0,92.00,92.00,true,1,
554754,false,"גבינה מוצרלה כדור קטן גד לק""ג",גבינות מעדניה,,מוצרלה קטן במשקל,Unknown,0.00,"ק""ג",true,0,98.00,98.00,true,1,
554815,false,"גב.מוצרלה נקניק צמה גד לק""ג",גבינות מעדניה,,מוצרלה טבעית במשקל,Unknown,0.00,"ק""ג",true,0,88.00,88.00,true,1,
554891,false,גבינה בולגרית דלי %16,גבינות מעדניה,,בולגרית מעודנת 16%,Unknown,0.00,"ק""ג",true,0,64.00,64.00,true,1,
554921,false,"גבינה אורדה 4.5% ריקוטה גד ק""ג.",גבינות מעדניה,,גבינת ריקוטה,קילוגרמים,0.00,"ק""ג",true,0,64.00,64.00,true,1,
554969,false,גבינת שמנת 30% במשקל,גבינות מעדניה,,גבינת שמנת 30% טבעי,Unknown,0.00,"ק""ג",true,0,49.00,49.00,true,1,
554990,false,מוצרלה במים כדורים גדולים 18% במשקל,גבינות מעדניה,,כדורי מוצרלה במשקל,Unknown,0.00,"ק""ג",true,0,101.00,101.00,true,1,
615714,false,תמר מגהול,,,תמר מגהול,Unknown,0.00,"ק""ג",true,0,20.00,20.00,true,1,
1101346,false,בוזנינה לבנה להב,,,בוזנינה לבנה,Unknown,0.00,"ק""ג",true,0,109.00,109.00,true,1,
1101407,false,נקניק לוביטלסקיה במשקל להב,,,פריזר לוביטלסקיה,Unknown,0.00,"ק""ג",true,0,85.00,85.00,true,1,
1101414,false,סינטה לבנה מעושנת-להב,,,סינטה לבנה מעושנת,Unknown,0.00,"ק""ג",true,0,105.00,105.00,true,1,
1101858,false,אודסקיה להב,,,אודסקיה,Unknown,0.00,"ק""ג",true,0,82.00,82.00,true,1,
1101865,false,פולקה איטלקי להב,,,פולקה איטלקי,Unknown,0.00,"ק""ג",true,0,95.00,95.00,true,1,
1258118,false,גבינת קממברט-יעקבס,,,גבינת קממבר-יעקבס,Unknown,0.00,"ק""ג",true,0,95.00,95.00,true,1,
1258170,false,גבינת רוקפור צאן במשקל-יעקבס,,,גבינת רוקפור צאן במש,גרמים,0.00,"ק""ג",true,0,159.00,159.00,true,1,
1258453,false,קממבר בקר עם אגוזים במשקל,,,קממבר בקר עם אגוזים,קילוגרמים,0.00,"ק""ג",true,0,95.00,95.00,true,1,
1258590,false,מנצגו צאן במשקל משק יעקבס,,,מנצגו צאן במשקל משק,Unknown,0.00,"ק""ג",true,0,157.00,157.00,true,1,
1258989,false,קממברט בקר בייבי במשקל,,,קממבר בקר בייבי,Unknown,0.00,"ק""ג",true,0,95.00,95.00,true,1,
1356111,false,הרינג כספי במשקל,,,הרינג כספי במשקל,Unknown,0.00,"ק""ג",true,0,32.00,32.00,true,1,
1356210,false,רוטבש במשקל,,,רוטבש במשקל,Unknown,0.00,"ק""ג",true,0,95.00,95.00,true,1,
1356227,false,מקרל מעושן L במשקל,,,מקרל מעושן L במשקל,Unknown,0.00,"ק""ג",true,0,94.00,94.00,true,1,
1356234,false,מקרל מעושן בוואקום,,,מקרל מעושן בוואקום,Unknown,0.00,"ק""ג",true,0,95.00,95.00,true,1,
1356241,false,מקרל מעושן חם -פיקלינג,,,מקרל מעושן חם -פיקלי,Unknown,0.00,"ק""ג",true,0,99.00,99.00,true,1,
1356258,false,מקרל מעושן M במשקל,,,מקרל מעושן M במשקל,Unknown,0.00,"ק""ג",true,0,77.00,77.00,true,1,
1356289,false,פילה הרינג מעושן במשקל,,,פילה הרינג מעושן במש,Unknown,0.00,"ק""ג",true,0,65.00,65.00,true,1,
1356418,false,פילה הרינג במשקל,,,פילה הרינג במשקל,Unknown,0.00,"ק""ג",true,0,42.00,42.00,true,1,
1356425,false,פילה מטיאס במשקל,,,פילה מטיאס במשקל,Unknown,0.00,"ק""ג",true,0,47.00,47.00,true,1,
1356470,false,מקרל פרוס בשמן,,,מקרל פרוס בשמן,Unknown,0.00,"ק""ג",true,0,115.00,115.00,true,1,
1356500,false,קילקה בלי ראש במשקל,,,קילקה בלי ראש במשקל,Unknown,0.00,"ק""ג",true,0,63.00,63.00,true,1,
1356630,false,פילה הרינג כבוש במשקל,,,פילה הרינג כבוש במש,Unknown,0.00,"ק""ג",true,0,47.00,47.00,true,1,
1356708,false,כסיף פרוס במשקל,,,כסיף פרוס במשקל,Unknown,0.00,"ק""ג",true,0,150.00,150.00,true,1,
1356715,false,סאלאקה מעושנת במשקל,,,סאלאקה מעושנת במשקל,Unknown,0.00,"ק""ג",true,0,84.00,84.00,true,1,
1356814,false,מויבה במשקל,,,מויבה במשקל,Unknown,0.00,"ק""ג",true,0,96.00,96.00,true,1,
1356951,false,סלמון פלטה פרוס,,,סלמון פלטה פרוס,Unknown,0.00,"ק""ג",true,0,220.00,220.00,true,1,
1401163,false,פריזר דוקטורסקייה מיני,,,פריזר דוקטורסקייה,Unknown,0.00,"ק""ג",true,0,69.00,69.00,true,1,
1403457,false,פסטרמה קוטלט שינקן,,,פסטרמה קוטלט שינקן,Unknown,0.00,"ק""ג",true,0,149.00,149.00,true,1,
1404379,false,נקניק בריאנסקיה,,,נקניק בריאנסקיה,Unknown,0.00,"ק""ג",true,0,89.00,89.00,true,1,
1405055,false,נקניקיות עם גבינה,,,נקניקיות עם גבינה,Unknown,0.00,"ק""ג",true,0,80.00,80.00,true,1,
1405291,false,פסטרמה ציגעינר,,,פסטרמה ציגעינר,Unknown,0.00,"ק""ג",true,0,139.00,139.00,true,1,
1406045,false,נקניקיות ווינר ולדמן,,,נקניקיות ווינר,Unknown,0.00,"ק""ג",true,0,80.00,80.00,true,1,
1406113,false,פריזר פרלמנט במשקל,,,פריזר פרלמנט במשקל,Unknown,0.00,"ק""ג",true,0,99.00,99.00,true,1,
1406359,false,בוט מלוצניה מעושן במשקל,,,בוט מלוצניה מעושן,Unknown,0.00,"ק""ג",true,0,95.00,95.00,true,1,
1406977,false,נקניק פרח,,,נקניק פרח,Unknown,0.00,"ק""ג",true,0,125.00,125.00,true,1,
1411827,false,שוקיים/כרעיים מעושן,,,שוקיים/כרעיים מעושן,Unknown,0.00,"ק""ג",true,0,60.00,60.00,true,1,
1412121,false,עוף מעושן,,,עוף מעושן,Unknown,0.00,"ק""ג",true,0,49.00,49.00,true,1,
1414279,false,לשון בקר מבושל,,,לשון בקר מבושל,Unknown,0.00,"ק""ג",true,0,89.00,89.00,true,1,
1417485,false,נקניק ויציניה רוסקיה בוט,,,נקניק ויציניה רוסקיה,Unknown,0.00,"ק""ג",true,0,139.00,139.00,true,1,
1418475,false,פריזר אליטנאיה במשקל,,,פריזר אליטנאיה במשקל,Unknown,0.00,"ק""ג",true,0,95.00,95.00,true,1,
1418789,false,פריזר אליטנאיה קטן במשקל,,,פריזר אליטנאיה קטן,Unknown,0.00,"ק""ג",true,0,95.00,95.00,true,1,
1418925,false,סינטה בוזנינה ביתית,,,סינטה בוזנינה ביתית,Unknown,0.00,"ק""ג",true,0,160.00,160.00,true,1,
1421109,false,בוזנינה פסטיבל ביתי,,,בוזנינה פסטיבל ביתי,Unknown,0.00,"ק""ג",true,0,139.00,139.00,true,1,
1440469,false,פסטרמה סטליצנייה,,,פסטרמה סטליצנייה,Unknown,0.00,"ק""ג",true,0,149.00,149.00,true,1,
1442135,false,לשון בקר מעושן,,,לשון בקר מעושן,Unknown,0.00,"ק""ג",true,0,85.00,85.00,true,1,
1499115,false,סלמי דוקטורסקיה להב,,,פריזר דוקטורסקיה,Unknown,0.00,"ק""ג",true,0,85.00,85.00,true,1,
1499313,false,פסטרמה קוטלט מעושן להב,,,פסטרמה קוטלט מעושן,Unknown,0.00,"ק""ג",true,0,96.00,96.00,true,1,
1499689,false,פסטרמה צוואר מעושן להב,,,פסטרמה צוואר מעושן,Unknown,0.00,"ק""ג",true,0,120.00,120.00,true,1,
1532164,false,הרינג כבוש במשקל,,,הרינג כבוש במשקל,Unknown,0.00,"ק""ג",true,0,52.00,52.00,true,1,
1532249,false,מקרוסקה במשקל,,,מקרוסקה במשקל,Unknown,0.00,"ק""ג",true,0,129.00,129.00,true,1,
2073390,false,אוסובוקו לבן טרי,,,אוסובוקו לבן טרי,Unknown,0.00,"ק""ג",true,0,28.90,28.90,true,1,
2073536,false,כתר אנטריקוט,,,אנטריקוט עם עצם טרי,Unknown,0.00,"ק""ג",true,0,199.00,199.00,true,1,
2073932,false,פסטרמה רוסט ריב עגל,,,פסטרמה רוסט ריב עגל,Unknown,0.00,"ק""ג",true,0,113.00,113.00,true,1,
2220675,false,גרנה פדנו איטלקית במשקל,,,גרנה פדנו איטלקית,Unknown,0.00,"ק""ג",true,0,136.00,136.00,true,1,
2345824,false,פרמזנו רגאנו מנות במשקל,,IT,פרמזנו רגאנו מנות במ,Unknown,0.00,"ק""ג",true,0,208.00,208.00,true,1,
2345879,false,פרמזנו רגאנו במשקל,,IT,פרמזנו רגאנו במשקל,Unknown,0.00,"ק""ג",true,0,173.00,173.00,true,1,
2385455,false,בולגרית מעודנת 24% גד במשקל,,,בולגרית מעודנת 24% ג,Unknown,0.00,"ק""ג",true,0,63.00,63.00,true,1,
2385738,false,מנצגו חלב כבשים במשקל,,,מנצגו חלב כבשים,Unknown,0.00,"ק""ג",true,0,148.00,148.00,true,1,
2385745,false,פקורינו משולשים במשקל,,,פקורינו משולשים,Unknown,0.00,"ק""ג",true,0,195.00,195.00,true,1,
2408437,false,גאודה עיזים כמהין במשקל,,,גאודה עיזים כמהין במ,Unknown,0.00,"ק""ג",true,0,199.00,199.00,true,1,
2511137,false,פטה עיזים 20% במשקל,,,פטה עיזים 20% במשקל,Unknown,0.00,"ק""ג",true,0,105.00,105.00,true,1,
2511236,false,גבינה בולגרית מעודנת 5% במשקל,,,גבינה בולגרית מעודנת,גרמים,0.00,"ק""ג",true,0,50.00,50.00,true,1,
2511250,false,גבינת שמנת 30% שום שמיר במשקל,,,גבינת שמנת 30% שום ש,גרמים,0.00,"ק""ג",true,0,45.00,45.00,true,1,
2511281,false,ברינזה צאן במשקל,,,ברינזה צאן במשקל,Unknown,0.00,"ק""ג",true,0,80.00,80.00,true,1,
2511335,false,תום כבשים מחלבת המושבהבמשקל,,,תום כבשים מחלבת המוש,Unknown,0.00,"ק""ג",true,0,170.00,170.00,true,1,
2511427,false,אצבעות שוקלד וניל במשקל,,,אצבעות שוקלד וניל במ,Unknown,0.00,"ק""ג",true,0,70.00,70.00,true,1,
2560005,false,פירות קפואים במשקל,,,פירות קפואים במשקל,Unknown,0.00,"ק""ג",true,0,49.00,49.00,true,1,
2616474,false,סלמון טראוט מעושן,,,סלמון טראוט מעושן,Unknown,0.00,"ק""ג",true,0,188.00,188.00,true,1,
2617471,false,גבינת צדר אנגלית מיושנת במשקל,,,גבינת צדר אנגלית,Unknown,0.00,"ק""ג",true,0,126.00,126.00,true,1,
2617488,false,גבינת צדר אנגלית מיושנת במשקל,,,גבינת צדר אנגלית,Unknown,0.00,"ק""ג",true,0,120.00,120.00,true,1,
2617495,false,גבינת צדר אנגלית עם וויסקי במשקל,,,גבינת צדר אנגלית,Unknown,0.00,"ק""ג",true,0,159.00,159.00,true,1,
2617501,false,גבינת צדר עם חמוציות במשקל,,,גבינת צדר עם חמוציות,Unknown,0.00,"ק""ג",true,0,166.00,166.00,true,1,
2749004,false,נקניק פולטבסקיה חצי יבש מזרע,,,נקניק פולטבסקיה,Unknown,0.00,"ק""ג",true,0,105.00,105.00,true,1,
2749561,false,נקניקיות בוואריה מזרע,,,נקניקיות בוואריה,Unknown,0.00,"ק""ג",true,0,79.00,79.00,true,1,
2749899,false,פילה לבן טרי,,,פילה לבן טרי,Unknown,0.00,"ק""ג",true,0,84.90,84.90,true,1,
2812530,false,גאודה הולנדי עשבי תיבול במשקל,,,גאודה עשבי תיבול,Unknown,0.00,"ק""ג",true,0,102.00,102.00,true,1,
2830245,false,פילה לברק קפוא נטו,,,פילה לברק קפוא,Unknown,0.00,"ק""ג",true,0,59.90,59.90,true,1,
2837046,false,גבינת קרלובסקי במשקל,,,גבינת קרלובסקי במשקל,Unknown,0.00,"ק""ג",true,0,85.00,85.00,true,1,
2837121,false,גבינת פושיחונסקי במשקל,,,גבינת פושיחונסקי במש,Unknown,0.00,"ק""ג",true,0,79.00,79.00,true,1,
2837596,false,גרוייר מילד מרובע במשקל,,CH,גרוייר מילד מרובע במ,Unknown,0.00,"ק""ג",true,0,178.00,178.00,true,1,
3006120,false,טאפס שכונתי במשקל,,,טאפס שכונתי במשקל,Unknown,0.00,"ק""ג",true,0,170.00,170.00,true,1,
3018246,false,פיקוליני שישליק אישי במשקל דימוב,,,פיקוליני שישליק אישי,Unknown,0.00,"ק""ג",true,0,165.00,165.00,true,1,
3018338,false,נקניקיות סבינייה במשקל דימוב,,,נקניקיות סבינייה,Unknown,0.00,"ק""ג",true,0,75.00,75.00,true,1,
3018345,false,נקניק דוקטורסקיה במשקל דימוב,,,נקניק דוקטורסקיה,Unknown,0.00,"ק""ג",true,0,85.00,85.00,true,1,
3018376,false,ליברניה דימוב,,,ליברניה,Unknown,0.00,"ק""ג",true,0,85.00,85.00,true,1,
3018512,false,נקניק בראונשווגסקיה במשקל דימוב,,,נקניק בראונשווגסקיה,Unknown,0.00,"ק""ג",true,0,165.00,165.00,true,1,
3018598,false,פיקוליני בייקון אישי במשקל דימוב,,,פיקוליני בייקון אישי,Unknown,0.00,"ק""ג",true,0,165.00,165.00,true,1,
3018611,false,פיקוליני גבינה אישי במשקל דימוב,,,פיקוליני גבינה אישי,Unknown,0.00,"ק""ג",true,0,165.00,165.00,true,1,
3018680,false,נקניק קרקובסקיה דימוב,,,נקניק קרקובסקיה,Unknown,0.00,"ק""ג",true,0,109.00,109.00,true,1,
3018703,false,סלמי פינסקיה דימוב,,,סלמי פינסקיה,Unknown,0.00,"ק""ג",true,0,105.00,105.00,true,1,
3018734,false,נקניק חי איטליינסקיה דימוב,,,נקניק חי איטלינסקיה,Unknown,0.00,"ק""ג",true,0,165.00,165.00,true,1,
3024940,false,שרימפס טרי,,,שרימפס טרי,Unknown,0.00,"ק""ג",true,0,179.90,179.90,true,1,
3131266,false,גרעיני חמניה במשקל,,,גרעיני חמניה במשקל,Unknown,0.00,"ק""ג",true,0,40.00,40.00,true,1,
3131297,false,בננה ציפס שטוח,,,בננה ציפס שטוח,Unknown,0.00,"ק""ג",true,0,39.00,39.00,true,1,
3131310,false,בוטן טבעי,,,בוטן טבעי,Unknown,0.00,"ק""ג",true,0,29.00,29.00,true,1,
3131327,false,תמר אמרי במשקל,,,תמר אמרי במשקל,Unknown,0.00,"ק""ג",true,0,40.00,40.00,true,1,
3131334,false,פפאיה,,,פפאיה,Unknown,0.00,"ק""ג",true,0,45.00,45.00,true,1,
3131358,false,שזיף מגולען,,,שזיף מגולען,Unknown,0.00,"ק""ג",true,0,45.00,45.00,true,1,
3132539,false,פלפל שיפקה במשקל,,,פלפל שיפקה במשקל,Unknown,0.00,"ק""ג",true,0,48.00,48.00,true,1,
3132867,false,אגוז מלך ארוז במשקל אותנטי,,,אגוז מלך ארוז במשקל,Unknown,0.00,"ק""ג",true,0,99.00,99.00,true,1,
3133109,false,תבלין על האש במשקל,,,תבלין על האש במשקל,Unknown,0.00,"ק""ג",true,0,70.00,70.00,true,1,
3189045,false,צהובה הולנדית במשקל,,,צהובה הולנדית במשקל,קילוגרמים,0.00,"ק""ג",true,0,37.00,37.00,true,1,
3189274,false,צהובה מעושנת במשקל,,,צהובה מעושנת במשקל,קילוגרמים,0.00,"ק""ג",true,0,40.00,40.00,true,1,
3192014,false,פקאן במשקל,,,פקאן במשקל,Unknown,0.00,"ק""ג",true,0,119.00,119.00,true,1,
3192106,false,געלה,,,געלה,Unknown,0.00,"ק""ג",true,0,99.00,99.00,true,1,
3192212,false,פלפל שחור גרוס דק במשקל,,,פלפל שחור גרוס דק במ,Unknown,0.00,"ק""ג",true,0,99.00,99.00,true,1,
3192236,false,פלפל שחור שלם במשקל,,,פלפל שחור שלם במשקל,Unknown,0.00,"ק""ג",true,0,90.00,90.00,true,1,
3192502,false,חמוצים ב-6.90 ₪ ל-100 גר,,,חמוצים בתפזורת,Unknown,0.00,"ק""ג",true,0,59.00,59.00,true,1,
3192519,false,חמוצים ב-4.90 שח ל-100 גר,,,חמוצים ב-4.90 שח ל-1,Unknown,0.00,"ק""ג",true,0,49.00,49.00,true,1,
3192564,false,תמר מגהול ענק,,,תמר מגהול ענק,Unknown,0.00,"ק""ג",true,0,65.00,65.00,true,1,
3192618,false,צנובר סיני,,,צנובר סיני,Unknown,0.00,"ק""ג",true,0,248.00,248.00,true,1,
3192656,false,חטיפים/מתוקים 7 שח ל100 גר,,,חטיפים/מתוקים 7 שח,Unknown,0.00,"ק""ג",true,0,70.00,70.00,true,1,
3192748,false,צימוק לבן ענק,,,צימוק לבן ענק,Unknown,0.00,"ק""ג",true,0,49.00,49.00,true,1,
3192854,false,קשיו טבעי במשקל,,,קשיו טבעי במשקל,Unknown,0.00,"ק""ג",true,0,80.00,80.00,true,1,
3192960,false,חמניה מקולף,,,חמניה מקולף,Unknown,0.00,"ק""ג",true,0,25.00,25.00,true,1,
3211104,false,צימוק חום,,,צימוק חום,Unknown,0.00,"ק""ג",true,0,27.00,27.00,true,1,
3211128,false,בוטנים מסוכרים,,,בוטנים מסוכרים,Unknown,0.00,"ק""ג",true,0,45.00,45.00,true,1,
3211203,false,תאנים מיובשות במשקל,,,תאנים מיובשות במשקל,Unknown,0.00,"ק""ג",true,0,59.00,59.00,true,1,
3211357,false,צימוק לבן קטן,,,צימוק לבן קטן,Unknown,0.00,"ק""ג",true,0,49.00,49.00,true,1,
3211364,false,חלבה במשקל,,,חלבה במשקל,Unknown,0.00,"ק""ג",true,0,60.00,60.00,true,1,
3211432,false,פיסטוק חלבי מקולף,,,פיסטוק חלבי מקולף,Unknown,0.00,"ק""ג",true,0,189.00,189.00,true,1,
3211593,false,זעתר עם שומשום במשקל,,,זעתר עם שומשום במשקל,Unknown,0.00,"ק""ג",true,0,57.00,57.00,true,1,
3211623,false,פלפל אנגלי שלם במשקל,,,פלפל אנגלי שלם במשקל,Unknown,0.00,"ק""ג",true,0,85.00,85.00,true,1,
3211654,false,עלי גפן ממולאים באורז,,,עלי גפן ממולאים באור,Unknown,0.00,"ק""ג",true,0,49.00,49.00,true,1,
3211739,false,אננס צהוב עיגולים,,,אננס צהוב עיגולים,Unknown,0.00,"ק""ג",true,0,39.00,39.00,true,1,
3211760,false,תבלין לשווארמה במשקל,,,תבלין לשווארמה במשקל,Unknown,0.00,"ק""ג",true,0,59.00,59.00,true,1,
3211777,false,תבלין לגריל עוף במשקל,,,תבלין לגריל עוף במשק,Unknown,0.00,"ק""ג",true,0,69.00,69.00,true,1,
3211968,false,סומק במשקל,,,סומק במשקל,Unknown,0.00,"ק""ג",true,0,59.00,59.00,true,1,
3213078,false,תבלין טוסקנה,,,תבלין טוסקנה,Unknown,0.00,"ק""ג",true,0,79.00,79.00,true,1,
3213160,false,כורכום במשקל,,,כורכום במשקל,Unknown,0.00,"ק""ג",true,0,89.00,89.00,true,1,
3213177,false,פילדפיה במשקל,,,פילדפיה במשקל,Unknown,0.00,"ק""ג",true,0,79.00,79.00,true,1,
3213221,false,קארי מסאלה 1במשקל,,,קארי מסאלה 1במשקל,Unknown,0.00,"ק""ג",true,0,79.00,79.00,true,1,
3213245,false,תערובת לאורז שקדים/אשפרוב/בחש **כניסה בל,,,תערובת לאורז שקדים/א,Unknown,0.00,"ק""ג",true,0,70.00,70.00,true,1,
3213306,false,כמון מזרחי במשקל,,,כמון מזרחי במשקל,Unknown,0.00,"ק""ג",true,0,69.00,69.00,true,1,
3213344,false,חמוציות במשקל,,,חמוציות במשקל,Unknown,0.00,"ק""ג",true,0,80.00,80.00,true,1,
3213351,false,שקדים בדבש,,,שקדים בדבש,Unknown,0.00,"ק""ג",true,0,89.00,89.00,true,1,
3213375,false,שקד טבעי,,,שקד טבעי,Unknown,0.00,"ק""ג",true,0,79.00,79.00,true,1,
3213382,false,אגוז מלך,,,אגוז מלך,Unknown,0.00,"ק""ג",true,0,79.00,79.00,true,1,
3213399,false,אגוז ברזיל,,,אגוז ברזיל,Unknown,0.00,"ק""ג",true,0,99.00,99.00,true,1,
3213443,false,אננס טבעי,,,אננס טבעי,Unknown,0.00,"ק""ג",true,0,80.00,80.00,true,1,
3213498,false,תפוח עץ מיובש טבעות במשקל,,,תפוח עץ מיובש טבעות,Unknown,0.00,"ק""ג",true,0,69.00,69.00,true,1,
3213573,false,משמש מיובש אוזבקי במשקל,,,משמש מיובש אוזבקי,Unknown,0.00,"ק""ג",true,0,59.00,59.00,true,1,
3213603,false,מנגו רצועות טבעי,,,מנגו רצועות טבעי,Unknown,0.00,"ק""ג",true,0,119.00,119.00,true,1,
3213641,false,תערובת לסלט במשקל,,,תערובת לסלט במשקל,Unknown,0.00,"ק""ג",true,0,100.00,100.00,true,1,
3213696,false,משוקלדים במשקל,,,משוקלדים במשקל,Unknown,0.00,"ק""ג",true,0,100.00,100.00,true,1,
3213733,false,תערובת לאורז במשקל,,,תערובת לאורז במשקל,Unknown,0.00,"ק""ג",true,0,79.00,79.00,true,1,
3213757,false,קשיו בדבש,,,קשיו בדבש,Unknown,0.00,"ק""ג",true,0,99.00,99.00,true,1,
3213764,false,פקאן מסוכר,,,פקאן מסוכר,Unknown,0.00,"ק""ג",true,0,120.00,120.00,true,1,
3213771,false,פלפל שחור טחון במשקל,,,פלפל שחור טחון במשקל,Unknown,0.00,"ק""ג",true,0,99.00,99.00,true,1,
3213795,false,פלפל אנגלי טחון במשקל,,,פלפל אנגלי טחון במשק,Unknown,0.00,"ק""ג",true,0,89.00,89.00,true,1,
3213801,false,עגבניות מיובשות במשקל,,,עגבניות מיובשות במשק,Unknown,0.00,"ק""ג",true,0,80.00,80.00,true,1,
3213832,false,שקד מולבן פרוס/חצוי/טחון/שלם,,,שקד מולבן פרוס/חצוי/,Unknown,0.00,"ק""ג",true,0,99.00,99.00,true,1,
3345724,false,שוקיים עוף בלי עור,,,שוקיים עוף בלי עור,Unknown,0.00,"ק""ג",true,0,34.90,34.90,true,1,
3362325,false,מיקס פיצוחים,,,מיקס פיצוחים,Unknown,0.00,"ק""ג",true,0,90.00,90.00,true,1,
3648009,false,מקרלית מעושנת בואקום,,,מקרלית בואקום במשקל,Unknown,0.00,"ק""ג",true,0,115.00,115.00,true,1,
3648016,false,מקרל בואקום במשקל,,,מקרל בואקום במשקל,Unknown,0.00,"ק""ג",true,0,95.00,95.00,true,1,
3714292,false,הרץ בייבי במשקל מניה,,,הרץ בייבי במשקל,Unknown,0.00,"ק""ג",true,0,105.00,105.00,true,1,
3714339,false,וינר עבה במשקל מניה,,,וינר עבה במשקל מניה,Unknown,0.00,"ק""ג",true,0,69.00,69.00,true,1,
3714520,false,סלמי בטעם אגוזים ארחוביה במשקל מניה,,,סלמי אגוזים ארחובייה,Unknown,0.00,"ק""ג",true,0,95.00,95.00,true,1,
3800513,false,פילה עוף טרי,,,פילה עוף טרי,Unknown,0.00,"ק""ג",true,0,39.90,39.90,true,1,
4050191,false,נקניק סלמי הונגרי,,,נקניק סלמי הונגרי,Unknown,0.00,"ק""ג",true,0,175.00,175.00,true,1,
4050283,false,פפרוני עגל במשקל,,,פפרוני עגל במשקל,Unknown,0.00,"ק""ג",true,0,165.00,165.00,true,1,
4050368,false,סלמי קופצסקי סרוולט,,,סלמי קופצסקי סרוולט,Unknown,0.00,"ק""ג",true,0,110.00,110.00,true,1,
4050382,false,סלמי ספרטק,,,סלמי ספרטק,Unknown,0.00,"ק""ג",true,0,150.00,150.00,true,1,
4050429,false,קבנוס אוחוטניצי קולבסי,,,קבנוס אוחוטניצי קולב,Unknown,0.00,"ק""ג",true,0,125.00,125.00,true,1,
4050443,false,בייקון במשקל,,,בייקון במשקל,Unknown,0.00,"ק""ג",true,0,200.00,200.00,true,1,
4050559,false,מורטדלה איטלקית זיתים מזרע,,,מורטדלה איטלקית זיתי,Unknown,0.00,"ק""ג",true,0,66.00,66.00,true,1,
4050597,false,פרושוטו,,,פרושוטו,Unknown,0.00,"ק""ג",true,0,312.00,312.00,true,1,
4050801,false,לשון בקר איטלקי,,,לשון בקר איטלקי,Unknown,0.00,"ק""ג",true,0,132.00,132.00,true,1,
4050894,false,נקניק סלמי כפרי,,,נקניק סלמי כפרי,Unknown,0.00,"ק""ג",true,0,175.00,175.00,true,1,
4051006,false,קישקע ארוז קפוא מזרע,,,קישקע קפוא מזרע,Unknown,0.00,"ק""ג",true,0,46.90,46.90,true,1,
4051013,false,בלוק פטה כבד עוף,,,בלוק פטה כבד עוף,Unknown,0.00,"ק""ג",true,0,85.00,85.00,true,1,
4051037,false,נקניקיות סליווצנה,,,נקניקיות סליווצנה,Unknown,0.00,"ק""ג",true,0,60.00,60.00,true,1,
4051082,false,קורנביף במשקל,,,קורנביף במשקל,Unknown,0.00,"ק""ג",true,0,120.00,120.00,true,1,
4051174,false,סרוולט אוסטרי במשקל,,,סרוולט אוסטרי,Unknown,0.00,"ק""ג",true,0,175.00,175.00,true,1,
4051204,false,פסטרמה הודו עם אווז,,,פסטרמה הודו עם אווז,Unknown,0.00,"ק""ג",true,0,135.00,135.00,true,1,
4051402,false,צוואר מעושן במשקל,,,צוואר מעושן במשקל,Unknown,0.00,"ק""ג",true,0,170.00,170.00,true,1,
4051457,false,שוק מעושן במשקל,,,שוק מעושנת במשקל,Unknown,0.00,"ק""ג",true,0,100.00,100.00,true,1,
4051464,false,נקניק סלמי מילאנו,,,נקניק סלמי מילאנו,Unknown,0.00,"ק""ג",true,0,155.00,155.00,true,1,
4051495,false,בוזנינה כפרית במשקל,,,בוזנינה כפרית במשקל,Unknown,0.00,"ק""ג",true,0,170.00,170.00,true,1,
4051563,false,נקניק סלמי צרפתי,,,נקניק סלמי צרפתי,Unknown,0.00,"ק""ג",true,0,175.00,175.00,true,1,
4051594,false,נקניק סלמי פארמה במשקל,,,נקניק סלמי פארמה,Unknown,0.00,"ק""ג",true,0,105.00,105.00,true,1,
4051600,false,נקניק פיין סלמי,,,נקניק פיין סלמי,Unknown,0.00,"ק""ג",true,0,105.00,105.00,true,1,
4051617,false,נקניק סלמי רוונה במשקל,,,נקניק סלמי רוונה,Unknown,0.00,"ק""ג",true,0,100.00,100.00,true,1,
4051785,false,מורטדלה איטלקית,,,מורטדלה איטלקית,Unknown,0.00,"ק""ג",true,0,70.00,70.00,true,1,
4052034,false,נקניק מוסקובסקיה -מזרע,,,נקניק מוסקובסקיה,Unknown,0.00,"ק""ג",true,0,115.00,115.00,true,1,
4052065,false,גרודינקה בייקון,,,גרודינקה בייקון,Unknown,0.00,"ק""ג",true,0,220.00,220.00,true,1,
4052072,false,סלה דומשניה,,,סלה דומשניה,Unknown,0.00,"ק""ג",true,0,105.00,105.00,true,1,
4052102,false,עוף מעושן בטעם רוסי במשקל,,,עוף מעושן בטעם רוסי,Unknown,0.00,"ק""ג",true,0,75.00,75.00,true,1,
4052119,false,חטיפי קבנוס רו,,,חטיפי קבנוס רו,Unknown,0.00,"ק""ג",true,0,179.00,179.00,true,1,
4052188,false,חזה הודו מעושן בגריל במשקל,,,חזה הודו מעושן בגריל,Unknown,0.00,"ק""ג",true,0,80.00,80.00,true,1,
4052348,false,קבנוס מזרע,,,קבנוס מזרע,Unknown,0.00,"ק""ג",true,0,100.00,100.00,true,1,
4052386,false,פסטרמה אסאדו לבן במשקל,,,פסטרמה אסאדו לבן במש,Unknown,0.00,"ק""ג",true,0,140.00,140.00,true,1,
4052423,false,ברזאולה,,,ברזאולה,Unknown,0.00,"ק""ג",true,0,295.00,295.00,true,1,
4052577,false,שווארמה הודו צועני במשקל,,,שווארמה הודו צועני,Unknown,0.00,"ק""ג",true,0,125.00,125.00,true,1,
4052652,false,רו בייקון במשקל,,,רו בייקון במשקל,Unknown,0.00,"ק""ג",true,0,260.00,260.00,true,1,
4052676,false,נקניקיות פרגית במשקל מזרע,,,נקניקיות פרגית במשקל,Unknown,0.00,"ק""ג",true,0,36.00,36.00,true,1,
4052775,false,נקניקיות 100 פרנקפורטר,,,נקניקיות 100 פרנקפור,Unknown,0.00,"ק""ג",true,0,65.00,65.00,true,1,
4052799,false,פסטרמה לבנה,,,פסטרמה לבנה,Unknown,0.00,"ק""ג",true,0,120.00,120.00,true,1,
4052966,false,נקניק תה רחב במשקל,,,נקניק תה במשקל,Unknown,0.00,"ק""ג",true,0,65.00,65.00,true,1,
4052973,false,רוסטביף ללא חומר משמר במשקל,,,רוסטביף,Unknown,0.00,"ק""ג",true,0,195.00,195.00,true,1,
4053000,false,נקניק רו סרוולט,,,נקניק רו סרוולט,Unknown,0.00,"ק""ג",true,0,165.00,165.00,true,1,
4053017,false,נקניק סלמי הרץ מזרע,,,נקניק סלמי הרץ מזרע,Unknown,0.00,"ק""ג",true,0,152.00,152.00,true,1,
4053024,false,נקניק פפרוני,,,נקניק פפרוני,Unknown,0.00,"ק""ג",true,0,165.00,165.00,true,1,
4053161,false,נקניק רוסקי סרוולט,,,נקניק רוסקי סרוולט,Unknown,0.00,"ק""ג",true,0,165.00,165.00,true,1,
4053215,false,פסטרמה על האש,,,פסטרמה על האש,Unknown,0.00,"ק""ג",true,0,139.00,139.00,true,1,
4053246,false,בסטרומה ארמנית דל שומןמזרע,,,"בסטרומה ארמנית ד""ש",Unknown,0.00,"ק""ג",true,0,210.00,210.00,true,1,
4053413,false,קרביינקה,,,קרביינקה,Unknown,0.00,"ק""ג",true,0,80.00,80.00,true,1,
4053710,false,פסטרמה חזה הודו מקסיקני,,,פסטרמה חזה הודו,Unknown,0.00,"ק""ג",true,0,80.00,80.00,true,1,
4053918,false,כתף בקר מעושנת במשקל,,,כתף בקר מעושנת במשקל,Unknown,0.00,"ק""ג",true,0,125.00,125.00,true,1,
4054014,false,שינקן מעושן במשקל,,,שינקן מעושן במשקל,Unknown,0.00,"ק""ג",true,0,130.00,130.00,true,1,
4054021,false,שינקן פולני פולני חצי במשקל,,,שינקן פולני במשקל,Unknown,0.00,"ק""ג",true,0,120.00,120.00,true,1,
4054038,false,שינקן צועני במשקל,,,שינקן צועני במשקל,Unknown,0.00,"ק""ג",true,0,120.00,120.00,true,1,
4054366,false,סלמי מוסקובסקי סרוולט,,,מוסקובסקי סרוולד,Unknown,0.00,"ק""ג",true,0,160.00,160.00,true,1,
4054397,false,פרושוטו רוסי,,,פרושוטו רוסי,Unknown,0.00,"ק""ג",true,0,215.00,215.00,true,1,
4054427,false,שוק חזירון בלי עצם,,,פסטרמה שוק חזירון,Unknown,0.00,"ק""ג",true,0,110.00,110.00,true,1,
4054434,false,וצינה מוסקובסקיה,,,וצינה מוסקובסקיה,Unknown,0.00,"ק""ג",true,0,150.00,150.00,true,1,
4054953,false,סרוולט איטלקי,,,סרוולט איטלקי,Unknown,0.00,"ק""ג",true,0,115.00,115.00,true,1,
4054960,false,נקניק סבינייה,,,נקניק סבינייה,Unknown,0.00,"ק""ג",true,0,190.00,190.00,true,1,
4055103,false,נקניקיות עגל במשקל,,,נקניקיות עגל במשקל,Unknown,0.00,"ק""ג",true,0,50.00,50.00,true,1,
4055233,false,נקניק פודקובה,,,נקניק פודקובה,Unknown,0.00,"ק""ג",true,0,75.00,75.00,true,1,
4055479,false,פסטרמה בקר בפלפל,,,פסטרמה בקר בפלפל,Unknown,0.00,"ק""ג",true,0,125.00,125.00,true,1,
4055608,false,פריזר איטלקי,,,פריזר איטלקי,Unknown,0.00,"ק""ג",true,0,62.00,62.00,true,1,
4055615,false,פריזר עגל,,,פריזר עגל,Unknown,0.00,"ק""ג",true,0,45.00,45.00,true,1,
4055769,false,נקניק לוביטליסקיה,,,נקניק לוביטליסקיה,Unknown,0.00,"ק""ג",true,0,105.00,105.00,true,1,
4055813,false,נקניק טורו מבשר בקר,,,נקניק טורו מבשר בקר,Unknown,0.00,"ק""ג",true,0,135.00,135.00,true,1,
4055943,false,לקס עגל,,,לקס עגל,Unknown,0.00,"ק""ג",true,0,220.00,220.00,true,1,
4068332,false,קממבר בקר משולשים,,,קממבר בקר משולשים,Unknown,0.00,"ק""ג",true,0,125.00,125.00,true,1,
4068400,false,קאשקבל במשקל,,,קאשקבל במשקל,Unknown,0.00,"ק""ג",true,0,129.00,129.00,true,1,
4068417,false,ברי פקאן מחלב בקר במשקל,,,ברי פקאן מחלב בקר במ,Unknown,0.00,"ק""ג",true,0,142.00,142.00,true,1,
4068585,false,גאודה עזים משולשים במשקל,,,גאודה עזים משולשים ב,Unknown,0.00,"ק""ג",true,0,140.00,140.00,true,1,
4135324,false,בולגרית מעודנת פיראוס 5% למעדניה,,,בולגרית פיראוס מעודנ,Unknown,0.00,"ק""ג",true,0,52.00,52.00,true,1,
4412036,false,פלפל שושקה,,,פלפל שושקה,Unknown,0.00,"ק""ג",true,0,14.90,14.90,true,1,
4412135,false,לוף,,,לוף,Unknown,0.00,"ק""ג",true,0,12.90,12.90,true,1,
4412142,false,"תפו""ע גאלה",,,תפוע גאלה,Unknown,0.00,"ק""ג",true,0,11.90,11.90,true,1,
4412166,false,אשכולית אדומה,,,אשכולית אדומה,Unknown,0.00,"ק""ג",true,0,7.90,7.90,true,1,
4412227,false,"תפו""א אדום",,,תפוא אדום,Unknown,0.00,"ק""ג",true,0,4.90,4.90,true,1,
4412302,false,ארטישוק,,,ארטישוק,Unknown,0.00,"ק""ג",true,0,16.90,16.90,true,1,
4412319,false,בטטה,,,בטטה,Unknown,0.00,"ק""ג",true,0,7.90,7.90,true,1,
4412340,false,קלמנטינה,,,קלמנטינה,Unknown,0.00,"ק""ג",true,0,6.90,6.90,true,1,
4412357,false,רימון,,,רימון,Unknown,0.00,"ק""ג",true,0,11.90,11.90,true,1,
4412364,false,דלעת ערמונים,,,דלעת ערמונים,Unknown,0.00,"ק""ג",true,0,13.90,13.90,true,1,
4412388,false,שומר,,,שומר,Unknown,0.00,"ק""ג",true,0,8.90,8.90,true,1,
4412395,false,תפוז ברשת,,,תפוז ברשת,Unknown,0.00,"ק""ג",true,0,6.90,6.90,true,1,
4412418,false,קיווי,,,קיווי,Unknown,0.00,"ק""ג",true,0,17.90,17.90,true,1,
4412432,false,תפוזים,,,תפוזים,Unknown,0.00,"ק""ג",true,0,6.90,6.90,true,1,
4412456,false,"תפו""ע חרמון",,,תפוע חרמון,Unknown,0.00,"ק""ג",true,0,11.90,11.90,true,1,
4412463,false,"תפו""ע מוזהב",,,תפוע מוזהב,Unknown,0.00,"ק""ג",true,0,10.90,10.90,true,1,
4412470,false,"תפו""ע סמיט",,,תפוע סמיט,Unknown,0.00,"ק""ג",true,0,11.90,11.90,true,1,
4412487,false,שזיף אדום,,,שזיף אדום,Unknown,0.00,"ק""ג",true,0,17.90,17.90,true,1,
4412500,false,בצל אדום,,,בצל אדום,Unknown,0.00,"ק""ג",true,0,7.90,7.90,true,1,
4412524,false,פומלית,,,פומלית,Unknown,0.00,"ק""ג",true,0,8.90,8.90,true,1,
4412548,false,ענבים שחורים,,,ענבים שחורים,Unknown,0.00,"ק""ג",true,0,27.90,27.90,true,1,
4412586,false,לימון,,,לימון,Unknown,0.00,"ק""ג",true,0,7.90,7.90,true,1,
4412616,false,בננות,,,בננות,Unknown,0.00,"ק""ג",true,0,6.90,6.90,true,1,
4412623,false,אגסים,,,אגסים,Unknown,0.00,"ק""ג",true,0,12.90,12.90,true,1,
4412630,false,אשכוליות,,,אשכוליות,Unknown,0.00,"ק""ג",true,0,7.90,7.90,true,1,
4412647,false,אבוקדו,,,אבוקדו,Unknown,0.00,"ק""ג",true,0,15.90,15.90,true,1,
4412654,false,אפרסמון,,,אפרסמון,Unknown,0.00,"ק""ג",true,0,17.90,17.90,true,1,
4412678,false,"תפו""א לבן",,,תפוא לבן,Unknown,0.00,"ק""ג",true,0,3.90,3.90,true,1,
4412685,false,פומלה,,,פומלה,Unknown,0.00,"ק""ג",true,0,12.90,12.90,true,1,
4412708,false,קולרבי,,,קולורבי,Unknown,0.00,"ק""ג",true,0,7.90,7.90,true,1,
4412715,false,קשואים,,,קישואים,Unknown,0.00,"ק""ג",true,0,5.90,5.90,true,1,
4412722,false,פרסה,,,פרסה,Unknown,0.00,"ק""ג",true,0,12.90,12.90,true,1,
4412739,false,פטריות במשקל,,,פטריות במשקל,Unknown,0.00,"ק""ג",true,0,34.90,34.90,true,1,
4412746,false,פלפל חריף,,,פלפל חריף,Unknown,0.00,"ק""ג",true,0,7.90,7.90,true,1,
4412753,false,פלפל נהריה,,,פלפל נהריה,Unknown,0.00,"ק""ג",true,0,9.90,9.90,true,1,
4412760,false,פלפל ירוק,,,פלפל ירוק,Unknown,0.00,"ק""ג",true,0,9.90,9.90,true,1,
4412777,false,פלפל צהוב,,,פלפל צהוב,Unknown,0.00,"ק""ג",true,0,11.90,11.90,true,1,
4412784,false,עגבניות,,,עגבניות,Unknown,0.00,"ק""ג",true,0,7.90,7.90,true,1,
4412791,false,סלק,,,סלק,Unknown,0.00,"ק""ג",true,0,4.90,4.90,true,1,
4412807,false,מלון,,,מלון,Unknown,0.00,"ק""ג",true,0,6.90,6.90,true,1,
4412814,false,מלפפונים,,,מלפפונים,Unknown,0.00,"ק""ג",true,0,4.90,4.90,true,1,
4412838,false,כרובית,,,כרובית,Unknown,0.00,"ק""ג",true,0,11.90,11.90,true,1,
4412845,false,כרוב אדום,,,כרוב אדום,Unknown,0.00,"ק""ג",true,0,5.90,5.90,true,1,
4412852,false,כרוב לבן,,,כרוב לבן,Unknown,0.00,"ק""ג",true,0,2.90,2.90,true,1,
4412869,false,חצילים,,,חצילים,Unknown,0.00,"ק""ג",true,0,5.90,5.90,true,1,
4412876,false,דלעת,,,דלעת,Unknown,0.00,"ק""ג",true,0,8.90,8.90,true,1,
4412883,false,גזר,,,גזר,Unknown,0.00,"ק""ג",true,0,3.90,3.90,true,1,
4412913,false,דלורית,,,דלורית,Unknown,0.00,"ק""ג",true,0,9.90,9.90,true,1,
4412937,false,פטריות בתפזורת,,,פטריות בתפזורת,Unknown,0.00,"ק""ג",true,0,34.90,34.90,true,1,
4412999,false,קישוא זוקיני צהוב,,,קישוא זוקיני צהוב,Unknown,0.00,"ק""ג",true,0,9.90,9.90,true,1,
4421069,false,תערובת בריאות פירות,,,תערובת בריאות פירות,Unknown,0.00,"ק""ג",true,0,99.00,99.00,true,1,
4467180,false,שניצל עוף דק דק שירות עצמי,,,שניצל עוף דק דק,Unknown,0.00,"ק""ג",true,0,48.90,48.90,true,1,
4485191,false,עוף שלם טרי במגש משק ארצי,,,עוף שלם טרי,Unknown,0.00,"ק""ג",true,0,28.90,28.90,true,1,
4485207,false,חזה עוף טרי במגש משק ארצי,,,חזה עוף טרי,Unknown,0.00,"ק""ג",true,0,48.90,48.90,true,1,
4485221,false,שניצל עוף טרי במגש משק ארצי,,,שניצל עוף טרי,Unknown,0.00,"ק""ג",true,0,52.90,52.90,true,1,
4485245,false,כרעיים עוף טרי במגש משק ארצי,,,כרעיים עוף טרי,Unknown,0.00,"ק""ג",true,0,39.90,39.90,true,1,
4485252,false,שוקיים עוף טרי במגש משק ארצי,,,שוקיים עוף טרי,Unknown,0.00,"ק""ג",true,0,49.90,49.90,true,1,
4485306,false,עופיון טרי במגש,,,עופיון טרי במגש,Unknown,0.00,"ק""ג",true,0,46.90,46.90,true,1,
4530044,false,אמנטל צרפתי במשקל,,,אמנטל צרפתי במשקל,Unknown,0.00,"ק""ג",true,0,115.00,115.00,true,1,
4725600,false,גבינה צהובה סקנדינבית 31% במשקל,,,גבינה צהובה סקנדינבי,Unknown,0.00,"ק""ג",true,0,90.00,90.00,true,1,
4861025,false,גבינה בולגרית 5%,,,גבינה בולגרית 5%,Unknown,0.00,"ק""ג",true,0,50.00,50.00,true,1,
4861056,false,גבינה צפתית עגולה 5%,,,גבינה צפתית עגולה 5%,קילוגרמים,0.00,"ק""ג",true,0,49.00,49.00,true,1,
4861063,false,גבינת קאש 9% במשקל,,,גבינת קאש 9% במשקל,קילוגרמים,0.00,"ק""ג",true,0,55.00,55.00,true,1,
4861278,false,גבינת שמנת 30% טבעי,,,גבינת שמנת 30% טבעי,גרמים,0.00,"ק""ג",true,0,45.00,45.00,true,1,
4861285,false,טבורוג טבעי 9%,,,טבורוג טבעי 9%,Unknown,0.00,"ק""ג",true,0,39.00,39.00,true,1,
4861315,false,לבנה טבעי 5% שמן זית וזעתר,,,לבנה טבעי 5% שמן זית,Unknown,0.00,"ק""ג",true,0,42.00,42.00,true,1,
4861360,false,גבינה צפתית בטעמים 5%,,,גבינה צפתית בטעמים 5,Unknown,0.00,"ק""ג",true,0,58.00,58.00,true,1,
4861445,false,לבנה כדורים בשמן זית,,,לבנה כדורים בשמן זית,Unknown,0.00,"ק""ג",true,0,109.00,109.00,true,1,
4982379,false,גבינת פול אפי במשקל,,,גבינת פול אפי במשקל,Unknown,0.00,"ק""ג",true,0,220.00,220.00,true,1,
4982393,false,ברס בלו במשקל,,,ברס בלו במשקל,Unknown,0.00,"ק""ג",true,0,194.00,194.00,true,1,
5053122,false,טבורוג צמוקים במשקל,,,טבורוג צמוקים במשקל,Unknown,0.00,"ק""ג",true,0,27.00,27.00,true,1,
5053580,false,גבינה טבורוג 5% במשקל,,,גבינה טבורוג 5%,Unknown,0.00,"ק""ג",true,0,29.00,29.00,true,1,
5053603,false,גבינת שמנת 42% במשקל,,,גבינת שמנת 42% במשקל,Unknown,0.00,"ק""ג",true,0,32.00,32.00,true,1,
5053627,false,גבינת שמנת 15% במשקל,,,גבינת שמנת 15% במשקל,Unknown,0.00,"ק""ג",true,0,17.00,17.00,true,1,
5079412,false,גבינה אמנטל נעם במשקל,,,גבינה אמנטל נעם במשק,Unknown,0.00,"ק""ג",true,0,68.00,68.00,true,1,
5555200,false,פיקדון חוזר שישייה 1.2,,,פיקדון חוזר שישייה 1,Unknown,0.00,Unknown,false,1,7.20,7.20,true,1,
5678400,false,ענבים ראד גלוב חרצנים,,,ענבים ראד גלוב חרצני,Unknown,0.00,"ק""ג",true,0,19.90,19.90,true,1,
5697166,false,קממבר עיזים במשקל גלילי,,,קממבר עיזים גלילי,Unknown,0.00,"ק""ג",true,0,170.00,170.00,true,1,
5697340,false,ברי עיזים מנות שקיל,,,ברי עיזים מנות שקיל,Unknown,0.00,"ק""ג",true,0,188.00,188.00,true,1,
5992667,false,בולגרית 5% במשקל,,,בולגרית 5% במשקל,Unknown,0.00,"ק""ג",true,0,64.00,64.00,true,1,
5992858,false,פטה 5% מעודנת במשקל,,,פטה 5% מעודנת במשקל,Unknown,0.00,"ק""ג",true,0,127.00,127.00,true,1,
5992872,false,צפתית במים 5% במשקל,,,צפתית 5% במשקל,Unknown,0.00,"ק""ג",true,0,67.00,67.00,true,1,
5992889,false,גבינת שמנת 30% שמיר,,,גבינת שמנת 30% שמיר,קילוגרמים,0.00,"ק""ג",true,0,49.00,49.00,true,1,
5992957,false,גבינת פטה עיזים 20% במשקל,,,גבינת פטה עיזים 20%,קילוגרמים,0.00,"ק""ג",true,0,149.00,149.00,true,1,
5992964,false,פטה כבשים מסורתי במשקל,,,פטה כבשים מסורתי,Unknown,0.00,"ק""ג",true,0,110.00,110.00,true,1,
6186027,false,בשר לבן טרי טחון,,,בשר לבן טרי טחון,Unknown,0.00,"ק""ג",true,0,64.90,64.90,true,1,
6187253,false,סלמי סוגוק,,,סלמי סוגוק,Unknown,0.00,"ק""ג",true,0,150.00,150.00,true,1,
6187260,false,סינטה לבן טרי מפורק,,,סינטה לבנה מפורקת,Unknown,0.00,"ק""ג",true,0,79.90,79.90,true,1,
6187413,false,ירך לבן שלם עם עור טרי,,,ירך לבן שלם עם עור ט,Unknown,0.00,"ק""ג",true,0,56.90,56.90,true,1,
6187451,false,סטייק צוואר לבן טרי,,,סטייק צוואר לבן טרי,Unknown,0.00,"ק""ג",true,0,84.90,84.90,true,1,
6187468,false,סטייק צלע לבן טרי,,,סטייק צלע לבן טרי,Unknown,0.00,"ק""ג",true,0,71.90,71.90,true,1,
6188663,false,חזה הודו ברביקיו דל שומן מזרע,,,חזה הודו דל שומן,Unknown,0.00,"ק""ג",true,0,80.00,80.00,true,1,
6188717,false,חזה הודו רומני דל שומן מזרע,,,חזה הודו רומני דל.ש,Unknown,0.00,"ק""ג",true,0,85.00,85.00,true,1,
6189042,false,סרוולט הזהב,,,סרוולט הזהב,Unknown,0.00,"ק""ג",true,0,179.00,179.00,true,1,
6189073,false,קופה איטליאנה נתח בעישון קר,,IL,קופה איטליאנה נתח בע,Unknown,0.00,"ק""ג",true,0,260.00,260.00,true,1,
6190475,false,פלדה כבש טרי,,,פלדה טלה טרי,Unknown,0.00,"ק""ג",true,0,59.90,59.90,true,1,
6191915,false,גבינה מגורדת,,,גבינה מגורדת,Unknown,0.00,"ק""ג",true,0,55.00,55.00,true,1,
6192776,false,פורל לבן טרי 400-500 נטו,,,פורל לבן טרי 400-500,Unknown,0.00,"ק""ג",true,0,69.90,69.90,true,1,
6194190,false,קצוות נקניק,,,קצוות נקניק,Unknown,0.00,"ק""ג",true,0,33.00,33.00,true,1,
6195098,false,גבינת כדור אדם במשקל,,,גבינת כדור אדם במשקל,Unknown,0.00,"ק""ג",true,0,74.00,74.00,true,1,
6217042,false,בוט במשקל מניה,,,בוט במשקל מניה,Unknown,0.00,"ק""ג",true,0,55.00,55.00,true,1,
6217066,false,נקניקיות וינר מניה,,,נקניקיות וינר במשקל,Unknown,0.00,"ק""ג",true,0,69.00,69.00,true,1,
6217189,false,קייזר במשקל מניה,,,קייזר במשקל,Unknown,0.00,"ק""ג",true,0,139.00,139.00,true,1,
6217257,false,בוזנינה רגילה מניה,,,בוזנינה רגילה,Unknown,0.00,"ק""ג",true,0,130.00,130.00,true,1,
6217325,false,בייקון חי במשקל מניה,,,בייקון חי במשקל,Unknown,0.00,"ק""ג",true,0,180.00,180.00,true,1,
6217455,false,פסטרמה פילה לבן במשקל,,,פסטרמה פילה לבן,Unknown,0.00,"ק""ג",true,0,130.00,130.00,true,1,
6217585,false,בליק קייבסקי במשקל,,,בליק קייבסקי במשקל,Unknown,0.00,"ק""ג",true,0,130.00,130.00,true,1,
6217738,false,פסטרמה הונגרית במשקל,,,פסטרמה הונגרית במשקל,גרמים,0.00,"ק""ג",true,0,130.00,130.00,true,1,
6217783,false,אסאדו על האש במשקל מניה,,,אסאדו על האש במשקל,Unknown,0.00,"ק""ג",true,0,130.00,130.00,true,1,
6217837,false,נקניקיות פרנקפורטר,,IL,נקניקיות פרנקפורטר,Unknown,0.00,"ק""ג",true,0,56.00,56.00,true,1,
6217844,false,בליק דרניצקי במשקל,,,בליק דרניצקי במשקל,Unknown,0.00,"ק""ג",true,0,165.00,165.00,true,1,
6217936,false,קוסטיצה שחור במשקל מניה,,,קוסטיצה שחור במשקל,Unknown,0.00,"ק""ג",true,0,139.00,139.00,true,1,
6217943,false,נקניקיות וינר עבה מניה,,,נקניקיות וינר,קילוגרמים,0.00,"ק""ג",true,0,69.00,69.00,true,1,
6217950,false,נקניקיות וינר חדש פרדי מניה,,,נקניקיות וינר פרדי,Unknown,0.00,"ק""ג",true,0,75.00,75.00,true,1,
6217998,false,קנקרס מעושן במשקל מניה,,,קנקרס מעושן במשקל,Unknown,0.00,"ק""ג",true,0,36.00,36.00,true,1,
6218100,false,נקניקיות גבינה בוואקום במשקל מניה,,,נקניקיות גבינה,Unknown,0.00,"ק""ג",true,0,65.00,65.00,true,1,
6218667,false,נקניק לבירה במשקל מניה,,,נקניק לבירה במשקל מנ,Unknown,0.00,"ק""ג",true,0,160.00,160.00,true,1,
6218926,false,קוניאק ניקול במשקל מניה,,,קוניאק ניקול במשקל,Unknown,0.00,"ק""ג",true,0,160.00,160.00,true,1,
6219039,false,פריזר תה צינייה בייבי במשקל מניה,,,פריזר צינייה בייבי,Unknown,0.00,"ק""ג",true,0,65.00,65.00,true,1,
6219060,false,נקניק רוסקייה,,,נקניק רוסקייה,Unknown,0.00,"ק""ג",true,0,160.00,160.00,true,1,
6219077,false,נקניק סלמי רוחברג מניה,,,נקניק סלמי רוחברג,Unknown,0.00,"ק""ג",true,0,160.00,160.00,true,1,
6219114,false,נקניק קרמלובסקייה מניה,,,נקניק קרמלובסקייה,Unknown,0.00,"ק""ג",true,0,160.00,160.00,true,1,
6219121,false,דליקטסנייה במשקל מניה,,,דליקטסנייה במשקל,גרמים,0.00,"ק""ג",true,0,105.00,105.00,true,1,
6219138,false,נקניק זרניסטיה מניה,,,נקניק זרניסטיה,Unknown,0.00,"ק""ג",true,0,160.00,160.00,true,1,
6219152,false,נקניק קייבסקייה מניה,,,נקניק קייבסקייה,Unknown,0.00,"ק""ג",true,0,105.00,105.00,true,1,
6219176,false,קנקרס מעושן במשקל מניה,,,קנקרס מעושן במשקל מנ,Unknown,0.00,"ק""ג",true,0,40.00,40.00,true,1,
6219251,false,פריזר בייגלה במשקל,,,פריזר בייגלה מניה,Unknown,0.00,"ק""ג",true,0,70.00,70.00,true,1,
6219381,false,נקניק קראקובסקה מניה,,,נקניק קראקובסקה,Unknown,0.00,"ק""ג",true,0,86.00,86.00,true,1,
6219435,false,נקניק גולן מניה,,,נקניק גולן,Unknown,0.00,"ק""ג",true,0,115.00,115.00,true,1,
6219459,false,נקניק גרמני מניה,,,נקניק גרמני,Unknown,0.00,"ק""ג",true,0,115.00,115.00,true,1,
6219510,false,נקניקיות פרנקפורטר,,IL,נקניקיות פרנקפורטר,Unknown,0.00,"ק""ג",true,0,56.00,56.00,true,1,
6219640,false,קוסטיצה לבן במשקל מניה,,,קוסטיצה לבנה במשקל,קילוגרמים,0.00,"ק""ג",true,0,139.00,139.00,true,1,
6219718,false,פריזר ביצה במשקל,,,פריזר ביצה במשקל,Unknown,0.00,"ק""ג",true,0,43.00,43.00,true,1,
6219732,false,בייבי סנדביץ מניה,,,בייבי סנדביץ,Unknown,0.00,"ק""ג",true,0,45.00,45.00,true,1,
6219770,false,דוקטורסקיה פרימיום מניה,,,דוקטורסקיה פרימיום,Unknown,0.00,"ק""ג",true,0,65.00,65.00,true,1,
6219893,false,פריזר גדול צהוב מניה,,,פריזר גדול צהוב,Unknown,0.00,"ק""ג",true,0,40.00,40.00,true,1,
6219909,false,פריזר קטן רוסי מניה,,,פריזר קטן רוסי,Unknown,0.00,"ק""ג",true,0,65.00,65.00,true,1,
6219923,false,פרושוטו חי במשקל מניה,,,פרושוטו חי במשקל,Unknown,0.00,"ק""ג",true,0,139.00,139.00,true,1,
6357571,false,סמוקרלה בסגנון שקיל,,,סמוקרלה בסגנון שקיל,Unknown,0.00,"ק""ג",true,0,62.00,62.00,true,1,
6452306,false,בוטנים עם קליפה -תאו,,,בוטנים עם קליפה -תאו,Unknown,0.00,"ק""ג",true,0,28.00,28.00,true,1,
6452382,false,זנגויל לא מסוכר,,,זנגויל לא מסוכר,Unknown,0.00,"ק""ג",true,0,59.00,59.00,true,1,
6452658,false,פרכיות צילי תאילנדי,,,פרכיות צילי תאילנדי,Unknown,0.00,"ק""ג",true,0,100.00,100.00,true,1,
6452740,false,בוטנים גרוסים,,,בוטנים גרוסים,Unknown,0.00,"ק""ג",true,0,56.00,56.00,true,1,
6519320,false,תחליף גבינה מעושנת במשקל GURMAN,,,גבינה אנלוגי מעושנת,Unknown,0.00,"ק""ג",true,0,70.00,70.00,true,1,
6519511,false,פריזר עוף מזרע,,,פריזר עוף,Unknown,0.00,"ק""ג",true,0,35.00,35.00,true,1,
6519566,false,פריזר אדום גדול,,,פריזר אדום גדול,Unknown,0.00,"ק""ג",true,0,59.00,59.00,true,1,
6519597,false,נקניק מוסקובסקיה חצי יבש מזרע,,,נקניק מוסקובסקיה,Unknown,0.00,"ק""ג",true,0,95.00,95.00,true,1,
6520227,false,טחון הודו טרי,,,טחון הודו טרי,Unknown,0.00,"ק""ג",true,0,34.90,34.90,true,1,
6520388,false,שניצל חזה עוף פרוס טרי,,,שניצל חזה עוף פרוס,Unknown,0.00,"ק""ג",true,0,39.90,39.90,true,1,
6520395,false,בשר עוף טרי טחון,,,בשר עוף טרי טחון,Unknown,0.00,"ק""ג",true,0,36.90,36.90,true,1,
6520463,false,עוף מחולק- טרי,,,עוף מחולק טרי,Unknown,0.00,"ק""ג",true,0,19.90,19.90,true,1,
6707420,false,עוף שלם ללא אנטיביוטיקה עוף טוב ארוז,,,עוף שלם טרי ללא אנטי,Unknown,0.00,"ק""ג",true,0,26.90,26.90,true,1,
6707437,false,כנפיים עוף ללא אנטיביוטיקה ארוז עוף טוב,,,כנפיים עוף טרי,Unknown,0.00,"ק""ג",true,0,14.90,14.90,true,1,
6707765,false,כרעיים עוף ללא אנטיביוטיקה פרימיום,,,כרעיים עוף ללא אנטיב,Unknown,0.00,"ק""ג",true,0,37.90,37.90,true,1,
6707772,false,שוקיים עוף ללא אנטיביוטיקה פרימיום,,,שוקיים עוף ללא אנטיב,Unknown,0.00,"ק""ג",true,0,39.90,39.90,true,1,
6708151,false,שניצל דק ללא אנטיביוטיקה עוף טוב במגש,,,שניצל דק ללא אנטיביו,Unknown,0.00,"ק""ג",true,0,49.90,49.90,true,1,
6708892,false,כבד עוף טרי ללא אנטיביוטיקה פרימיום,,,כבד עוף טרי ללא אנטי,Unknown,0.00,"ק""ג",true,0,29.90,29.90,true,1,
6833778,false,דניס טרי 400-500 נטו,,,דניס טרי 400-500 נטו,Unknown,0.00,"ק""ג",true,0,69.90,69.90,true,1,
6833785,false,לברק טרי נטו,,,לברק טרי נטו,Unknown,0.00,"ק""ג",true,0,74.90,74.90,true,1,
6835147,false,פסטרמה לבנה רוסית בשום מזרע,,,פסטרמה לבנה רוסית,Unknown,0.00,"ק""ג",true,0,115.00,115.00,true,1,
6835161,false,פסטרמה לבנה רוסית מעושנת מזרע,,,פסטרמה לבנה רוסית,Unknown,0.00,"ק""ג",true,0,120.00,120.00,true,1,
6836052,false,פורל וורוד 500-600,,,פורל ורוד טרי,Unknown,0.00,"ק""ג",true,0,69.90,69.90,true,1,
6837004,false,גבינה מעורב במשקל,,,גבינה מעורב במשקל,Unknown,0.00,"ק""ג",true,0,43.00,43.00,true,1,
6837394,false,סלמי העמק מזרע,,,סלמי העמק,Unknown,0.00,"ק""ג",true,0,55.00,55.00,true,1,
6837509,false,גבינת דנאבלו דנמרק במשקל,,,גבינת דנאבלו דנמרק,Unknown,0.00,"ק""ג",true,0,126.00,126.00,true,1,
6837592,false,תחליף גבינה במשקל SVALIA,,,SVALIA גבינה אנלוגי,Unknown,0.00,"ק""ג",true,0,70.00,70.00,true,1,
6837639,false,תחליף גבינה במשקל ROSSIYSKIY,,,ROSSIYSKIY גבינה אנל,Unknown,0.00,"ק""ג",true,0,70.00,70.00,true,1,
6841339,false,אמנון טרי 500/600,,,אמנון טרי,Unknown,0.00,"ק""ג",true,0,34.90,34.90,true,1,
6841711,false,סרטנים טרי,,,סרטנים טרי,Unknown,0.00,"ק""ג",true,0,79.90,79.90,true,1,
6842121,false,ברמונדי טרי 600-800,,,ברמונדי טרי,Unknown,0.00,"ק""ג",true,0,54.90,54.90,true,1,
6842336,false,קרפיון טרי 1-2,,,קרפיון ענק טרי,Unknown,0.00,"ק""ג",true,0,34.90,34.90,true,1,
6842411,false,סלמון טרי,,,סלמון טרי,Unknown,0.00,"ק""ג",true,0,109.90,109.90,true,1,
6843371,false,ספריבס חזה לבן ללא עור טרי,,,ספריבס חזה לבן ללא ע,Unknown,0.00,"ק""ג",true,0,85.90,85.90,true,1,
6843425,false,סטייק ניו יורק,,,סטייק ניו יורק עגל,Unknown,0.00,"ק""ג",true,0,114.90,114.90,true,1,
6843913,false,ירכיים עוף טרי,,,ירכיים עוף טרי,Unknown,0.00,"ק""ג",true,0,24.90,24.90,true,1,
6843944,false,עוף שלם טרי,,,עוף שלם טרי,Unknown,0.00,"ק""ג",true,0,17.90,17.90,true,1,
6843951,false,גרון/גב/עצמות עוף טרי,,,גרון/גב/עצמות עוף טר,Unknown,0.00,"ק""ג",true,0,5.90,5.90,true,1,
7236301,false,בדיקה,,,גרנה פדנו מנות,Unknown,0.00,"ק""ג",true,0,152.00,152.00,true,1,
8286947,false,"פילה סלמון מנות ע""ע",,NO,"פילה סלמון מנות ע""ע",Unknown,0.00,"ק""ג",true,0,84.90,84.90,true,1,
8379038,false,שמנת חמוצה 15%,,,שמנת חמוצה 15%,Unknown,0.00,"ק""ג",true,0,22.00,22.00,true,1,
8379502,false,חצו-טבורוג יבש במשקל,,,חצו-טבורוג יבש במשקל,Unknown,0.00,"ק""ג",true,0,32.00,32.00,true,1,
8379854,false,גבינה גרוזינסקי במשקל,,,גבינה גרוזינסקי במשק,Unknown,0.00,"ק""ג",true,0,59.00,59.00,true,1,
8379946,false,כדורי מוצרלה במשקל,,,כדורי מוצרלה,Unknown,0.00,"ק""ג",true,0,74.00,74.00,true,1,
8379977,false,גבינת סולוגוני במשקל,,,גבינת סולוגוני במשקל,Unknown,0.00,"ק""ג",true,0,74.00,74.00,true,1,
8433853,false,כתף בקר מעושן מזרע,,,כתף בקר מעושנת מזרע,Unknown,0.00,"ק""ג",true,0,130.00,130.00,true,1,
8434638,false,פרגיות עוף שווארמה טרי,,IL,פרגית קצרה/ שווארמה,Unknown,0.00,"ק""ג",true,0,59.90,59.90,true,1,
8434683,false,צדר אדום גרמני במשקל,,,צדר אדום גרמני במשקל,Unknown,0.00,"ק""ג",true,0,84.00,84.00,true,1,
8434799,false,צדר לבן גרמני במשקל,,,צדר לבן גרמני במשקל,Unknown,0.00,"ק""ג",true,0,95.00,95.00,true,1,
8435208,false,בורי טרי 600-700,,,בורי טרי נקי,Unknown,0.00,"ק""ג",true,0,36.90,36.90,true,1,
8438353,false,עצמות בקר,,,עצמות בקר,Unknown,0.00,"ק""ג",true,0,9.90,9.90,true,1,
8438667,false,פסטרמה כתף רומני מזרע,,,פסטרמה כתף רומני,Unknown,0.00,"ק""ג",true,0,120.00,120.00,true,1,
8439213,false,פסטרמה הודו פרפר על האש מזרע,,,פסטרמה הודו פרפר על,Unknown,0.00,"ק""ג",true,0,75.00,75.00,true,1,
8439428,false,פסטרמה לבנה מעודנת רומנית מזרע,,,פסטרמה לבנה מעודנת,Unknown,0.00,"ק""ג",true,0,135.00,135.00,true,1,
8439510,false,פסטרמה הודו בדבש מזרע,,,פסטרמה הודו בדבש,Unknown,0.00,"ק""ג",true,0,70.00,70.00,true,1,
8439527,false,פסטרמה הודו פרפר מעושן מזרע,,,פסטרמה הודו פרפר מעו,Unknown,0.00,"ק""ג",true,0,75.00,75.00,true,1,
8439541,false,פסטרמה הודו על האש,,,פסטרמה הודו על האש,Unknown,0.00,"ק""ג",true,0,70.00,70.00,true,1,
8439572,false,פסטרמה הודו פרפר רומני מזרע,,,פסטרמה הודו פרפר,Unknown,0.00,"ק""ג",true,0,75.00,75.00,true,1,
8439589,false,פסטרמה הודו פרפר בשום,,,פסטרמה הודו פרפר בשו,Unknown,0.00,"ק""ג",true,0,72.00,72.00,true,1,
8439756,false,פסטרמה הודו פלפל מזרע,,,פסטרמה הודו פלפל,Unknown,0.00,"ק""ג",true,0,72.00,72.00,true,1,
8439787,false,פסטרמה לבנה רומנית מזרע,,,פסטרמה לבנה רומנית,Unknown,0.00,"ק""ג",true,0,120.00,120.00,true,1,
8440004,false,ירך לבן (פולקה) טרי,,,ירך לבן טרי,Unknown,0.00,"ק""ג",true,0,64.90,64.90,true,1,
8440059,false,אקסים לבן טרי,,,אקסים לבן טרי,Unknown,0.00,"ק""ג",true,0,39.90,39.90,true,1,
8441056,false,זלץ מזרע,,,זלץ,Unknown,0.00,"ק""ג",true,0,80.00,80.00,true,1,
8441551,false,בייגלה פולני,,,סלמי בקר גרנדה,Unknown,0.00,"ק""ג",true,0,80.00,80.00,true,1,
8442060,false,נקניק קבנוס מזרע,,,נקניק קבנוס מזרע,Unknown,0.00,"ק""ג",true,0,90.00,90.00,true,1,
8442374,false,סלמי פיין כפרית מזרע,,,סלמי פיין כפרית,Unknown,0.00,"ק""ג",true,0,95.00,95.00,true,1,
8442473,false,נקניק הרץ יבש מזרע,,,נקניק הרץ יבש,Unknown,0.00,"ק""ג",true,0,175.00,175.00,true,1,
8442602,false,נקניק פיקולו יבש,,,נקניק פיקולו יבש,Unknown,0.00,"ק""ג",true,0,152.00,152.00,true,1,
8442640,false,פילה דג בסה קפוא בוואקום,,,פילה דג בסה קפוא,Unknown,0.00,"ק""ג",true,0,33.90,33.90,true,1,
8442671,false,נקניק אגסי יבש מזרע,,,נקניק אגסי יבש,Unknown,0.00,"ק""ג",true,0,175.00,175.00,true,1,
8442688,false,נקניק כפרית יבש מזרע,,,נקניק כפרית יבש,Unknown,0.00,"ק""ג",true,0,162.00,162.00,true,1,
8442831,false,שינקין מעודן מעושן דל שומן מזרע,,,שינקין מעודן מעושן,Unknown,0.00,"ק""ג",true,0,135.00,135.00,true,1,
8462310,false,גבינה סנט מור צרפתית במשקל,,,גבינה סנט מור צרפתית,Unknown,0.00,"ק""ג",true,0,170.00,170.00,true,1,
8498203,false,מונצגו,,,מנצגו,Unknown,0.00,"ק""ג",true,0,157.00,157.00,true,1,
8498234,false,גבינת עיזים מאוריסיו שקיל,,,גבינת עיזים מאוריסיו,Unknown,0.00,"ק""ג",true,0,198.00,198.00,true,1,
8498456,false,פרובלונה דולצה שקיל,,,פרובלונה דולצה שקיל,Unknown,0.00,"ק""ג",true,0,166.00,166.00,true,1,
8498746,false,ברי צרפתי במשקל,,,ברי צרפתי במשקל,Unknown,0.00,"ק""ג",true,0,139.00,139.00,true,1,
8498753,false,גבינת בושה עיזים במשקל,,,גבינת בושה עיזים במש,Unknown,0.00,"ק""ג",true,0,173.00,173.00,true,1,
8498814,false,גאודה בקר מעושנת 24 חודשים במשקל,,,גאודה בקר מיושנת 24,Unknown,0.00,"ק""ג",true,0,160.00,160.00,true,1,
8498838,false,גאודה עיזים מיושנת במשקל,,,גאודה עיזים מיושנת ב,Unknown,0.00,"ק""ג",true,0,205.00,205.00,true,1,
8498845,false,גאודה עיזים 14% במשקל,,,גאודה עיזים 14% במשק,Unknown,0.00,"ק""ג",true,0,190.00,190.00,true,1,
8498913,false,גבינת לנדנה עיזים יין שקיל,,,גבינת לנדנה עיזים יי,Unknown,0.00,"ק""ג",true,0,210.00,210.00,true,1,
8498944,false,גבינת גאודה וויסקי ומייפל,,,גבינת קרמלה גאודה בק,Unknown,0.00,"ק""ג",true,0,168.00,168.00,true,1,
8498951,false,גבינת גאודה וויסקי ומייפל,,,גבינת גאודה וויסקי ו,Unknown,0.00,"ק""ג",true,0,173.00,173.00,true,1,
8498975,false,בלאק פארל מעושנת 24 חודשים במשקל,,,בלאק פארל מיושנת 24,Unknown,0.00,"ק""ג",true,0,189.00,189.00,true,1,
8713438,false,גאודה מיושנת גלגל במשקל D DAIRY,,,גאודה הולנדית מיושנת,Unknown,0.00,"ק""ג",true,0,115.00,115.00,true,1,
8713573,false,גאודה הולנדית חרדל במשקל,,,גאודה הולנדית חרדל,Unknown,0.00,"ק""ג",true,0,122.00,122.00,true,1,
8776066,false,סטייק סינטה עגל,,,סטייק סינטה עגל,Unknown,0.00,"ק""ג",true,0,114.90,114.90,true,1,
8940153,false,קרים ציז פילדפיה במשקל,,,קרים ציז פילדפיה במש,Unknown,0.00,"ק""ג",true,0,68.00,68.00,true,1,
9441017,false,עגבניות שרי,,,עגבניות שרי,Unknown,0.00,"ק""ג",true,0,24.90,24.90,true,1,
9441024,false,עגבניות תמר,,,עגבניות שרי,Unknown,0.00,"ק""ג",true,0,16.90,16.90,true,1,
9915754,false,פירות קפואים במשקל,,,פירות קפואים במשקל,Unknown,0.00,"ק""ג",true,0,69.00,69.00,true,1,
11549475,false,לחמניה שמרים,,,לחמניה שמרים,גרמים,180.00,100 גרם,false,1,4.10,2.28,true,1,
40111445,false,מ&מס פינאטס 45 גרם,,,מ&מס פינאטס 45 גרם,גרמים,45.00,100 גרם,false,1,4.50,10.00,true,1,
40111490,false,מ&מס שוקולד 45 גרם,,,מ&מס שוקולד 45 גרם,גרמים,45.00,100 גרם,false,1,4.50,10.00,true,1,
40122083,false,"חומץ תפוחים 5% 750 מ""ל גרמניה",קוחנה,,חומץ תפוחים 5% 750 מ,מיליליטרים,750.00,"100 מ""ל",false,1,16.90,2.25,true,1,
40122526,false,חרדל עם גרעינים 250 גר,קוחנה,,חרדל עם גרעינים 250,גרמים,250.00,100 גרם,false,1,13.90,5.56,true,1,
42101666,false,"מסטיק בטעם מנטה ואקליפטוס איירווייבס 35 גרם לל""ס",ריגלי,GB,איירוייבז מנטה ואקלי,Unknown,0.00,Unknown,false,1,6.50,6.50,true,1,
42138105,false,סיגריות וינסטון סלימס כחול בודד,גיי טי אינטרנשיונל,CH,ווינסטון סופר סלימס,Unknown,0.00,Unknown,false,1,33.90,33.90,true,1,
42138129,false,סיגריות וינסטון סופר סלימס מנטול,Unknown,CH,ווינסטון סופר סלימס,Unknown,0.00,Unknown,false,1,33.90,33.90,true,1,
42154662,false,אורביט באריזת מעטפה ספירמינט מסטיק,ריגלי צרפת,FR,אורביט באריזת מעטפה,Unknown,0.00,Unknown,false,1,5.90,5.90,true,1,
42182115,false,אורביט פייב ספירמינט 12 סטיקס 29 גר,ריגלי צרפת,FR,אורביט פייב ספירמינט,Unknown,0.00,Unknown,false,1,7.50,7.50,true,1,
42299363,false,"ניוואה - דאודורנט רול און לגבר פרש פאוור 50 מ""ל",ביירסדורץ,DE,דאו רול און לגבר FRE,מיליליטרים,50.00,"100 מ""ל",false,1,23.50,47.00,true,1,
42306788,false,מסטיק בטעם אוכמניות ומנטה איירווייבס 35 גרם,ריגלי,GB,איירוייבז אוכמניות ו,Unknown,0.00,Unknown,false,1,6.50,6.50,true,1,
50157020,false,חרדל בדבש לחיץ היינץ 240 גרם,יוניליוור,GB,חרדל בדבש לחיץ היינץ,גרמים,240.00,100 גרם,false,1,15.90,6.63,true,1,
50157471,false,רוטב בורגר היינץ 230 גרם,היינץ,GB,רוטב בורגר היינץ 230,גרמים,230.00,100 גרם,false,1,14.90,6.48,true,1,
53279262,false,שמן זרעי ענבים ארומה100מ,נאופארם,PT,שמן זרעי ענבים 100 מ,Unknown,0.00,Unknown,false,1,29.90,29.90,true,1,
54079021,false,"בירה סן ברנרדוס אבט 330 מ""ל בקבוק",דובל מורטגט,BE,בירה סן ברנרדוס אבט,מיליליטרים,330.00,"100 מ""ל",false,1,15.50,4.70,true,1,
59039549,false,סיגריות ווג פריזון מנטה בודד,Unknown,PL,ווג פריזון מנטול חפי,Unknown,0.00,Unknown,false,1,38.00,38.00,true,1,
72940754,false,"מילקי מעדן וניל עם קצפת שטראוס 133 מ""ל","שטראוס גרופ בע""\מ",IL,מילקי וניל 130 גרם,גרמים,130.00,100 גרם,false,1,3.00,2.31,true,1,
72940761,false,"מילקי מעדן שוקולד עם קצפת שטראוס 133 מ""ל",מיוצר עי קונדיטוריית,IL,מילקי שוקולד 130 גרם,גרמים,130.00,100 גרם,false,1,2.90,2.23,true,1,
72940952,false,מעדן מילקי בטעם שוקולד עם אקסטרה קצפת,"שטראוס גרופ בע""\מ",IL,מילקי פי 2 קצפת 104,גרמים,104.00,100 גרם,false,1,3.70,3.56,true,1,
72940983,false,סלט חומוס 250 גר אחל,אחלה - שטראוס,IL,חומוס אחלה 250 גרם,גרמים,250.00,100 גרם,false,1,8.30,3.32,true,1,
72945308,false,קוביית שמרים טריים לאפיה שמרית 50 גרם,"פאקא תעשיות בע""\מ",IL,שמרית קוביה 50 גרם,גרמים,50.00,100 גרם,false,1,4.00,8.00,true,1,
72961544,false,"באדי יוגורט בטעם תות שדה 3% תנובה 125 מ""ל",מחלבת אלון תבור,IL,"באדי תות 3% 125 מ""ל",גרמים,125.00,100 גרם,false,1,3.10,2.48,true,1,
72963753,false,שמנת אורגינל של פעם 27% שומן 200 ג' תנובה,תנובה מרכז שיתופי לש,IL,שמנת של פעם 27% 200,מיליליטרים,200.00,"100 מ""ל",false,1,4.50,2.25,true,1,
72964422,false,יוגורט פרחים 4.5% שומן 200 גרם,מחלבת תנובה,IL,יוגורט פרחים גביע 4.,גרמים,200.00,100 גרם,false,1,3.10,1.55,true,1,
72986370,false,"גלידת בן & ג'ריס פיינטים וניל 500מ""ל",מוצרי איכות אמריקאיים,IL,בן אנד גריס גלידת ונ,מיליליטרים,500.00,"100 מ""ל",false,1,25.90,5.18,true,1,
72986424,false,"גלידת בן & ג'ריס פיינטים קרם עוגיות 500מ""ל",מוצרי איכות אמריקאיים בע,IL,בן אנד גריס גלידת קר,מיליליטרים,500.00,"100 מ""ל",false,1,25.90,5.18,true,1,
72986448,false,"גלידת בן & ג'ריס פיינטים טופי קראנץ 500מ""ל",מוצרי איכות אמריקאיים בע,IL,בן אנד גריס גלידת טו,מיליליטרים,800.00,"100 מ""ל",false,1,25.90,3.24,true,1,
72986455,false,"ניו יורק סופר גלידת שוקולד, חתיכות פאדג' ואגוזים",מוצרי איכות אמריקאיים בע,IL,בן אנד גריס גלידת ני,מיליליטרים,500.00,"100 מ""ל",false,1,25.90,5.18,true,1,
72986479,false,"צ'אנקי מנקי גלידת וניל, בננות, חתיכות פאדג' ואגוזים",מוצרי איכות אמריקאיים בע,IL,בן אנד גריס גלידת צא,מיליליטרים,500.00,"100 מ""ל",false,1,25.90,5.18,true,1,
72991374,false,סיגריות טיים רד חפיס,דובק,IL,טיים רד חפיסה,Unknown,0.00,Unknown,false,1,29.50,29.50,true,1,
72991527,false,מוסטאנג רד חפיסה,"דובק בע""מ",IL,מוסטאנג רד חפיסה,Unknown,0.00,Unknown,false,1,25.00,25.00,true,1,
72991886,false,"גלידת דולצ'ה בטעם ריבת חלב עם פאדג' בן וג'ירי 500 מ""ל",מוצרי איכות אמריקאיים בע,IL,בן אנד גריס 500,מיליליטרים,500.00,"100 מ""ל",false,1,25.90,5.18,true,1,
72993637,false,מעדן חלב בטעם שוקולד 125 ג' דני,"שטראוס גרופ בע""\מ",IL,מעדן דני שוקולד 125,גרמים,125.00,100 גרם,false,1,2.80,2.24,true,1,
76106071,false,"סיציליה- מיץ ליים משומר 200מ""ל",Sicilia סיציליה,CH,מיץ ליים משומר 200 מ,מיליליטרים,200.00,"100 מ""ל",false,1,7.90,3.95,true,1,
80042563,false,רסק עגבניות MUTTI{צהוב} 700 גרם,"איי, בי, אינבוו",IT,מחית עגבניות קלה 700,גרמים,700.00,100 גרם,false,1,11.90,1.70,true,1,
80044062,false,ציפורן אורגני 32 גר קנהמלה,,,ציפורן אורגני 32 גר,Unknown,0.00,Unknown,false,1,15.90,15.90,true,1,
80052760,false,קינדר בואנו Kinder Bueno עם חלב ואגוזי לוז,פררו - אלבה,PL,חטיף קינדר בואנו 43,גרמים,43.00,100 גרם,false,1,3.80,8.84,true,1,
80083665,false,גנדולה עוגיות עם שוקולד ציפס אורגני 250,תות תעשיות מזון (201,IT,גנדולה עוגיות עם שוק,גרמים,250.00,100 גרם,false,1,14.90,5.96,true,1,
80083696,false,גנדולה עוגיות דגנים ופירות אורגני 250,גנדולה,IT,גנדולה עוגיות דגנים,גרמים,250.00,100 גרם,false,1,14.90,5.96,true,1,
80176800,false,נוטלה ממרח שוקולד 750 גרם,פררו תעשיות איטליה ס,IT,ממרח שוקולד נוטלה 75,גרמים,750.00,100 גרם,false,1,25.90,3.45,true,1,
80177173,false,ממרח שוקולד נוטלה 350 גרם,פררו - אלבה,IT,ממרח נוטלה 350 גרם,גרמים,350.00,100 גרם,false,1,14.90,4.26,true,1,
80177609,false,אצבעות שוקולד קינדר Kinder ארבע יחידות,פררו - אלבה,IT,קינדר 50 גרם,גרמים,50.00,100 גרם,false,1,4.40,8.80,true,1,
80273639,false,מלח ים במטחנה 90 גר ארומה דה טוסקנה,דרוגיה ואלימנטרי אס.אר.א,IT,מלח ים במטחנה 90 גר,גרמים,90.00,100 גרם,false,1,14.20,15.78,true,1,
80273660,false,שום במטחנה 50 גר ארומה דה טוסקנה,דרוגיה ואלימנטרי אס.אר.א,IT,שום במטחנה 50 גר ארו,גרמים,50.00,100 גרם,false,1,14.20,28.40,true,1,
80473336,false,פלפל שחור טחון אורגני 50 גר קנהמלה,קנמלה Cannamela,IT,פלפל שחור טחון אורגנ,Unknown,0.00,Unknown,false,1,15.90,15.90,true,1,
80525264,false,Agnesi רוטב עגבניות ובזיל 400 גר,,IT,רוטב עגבניות,גרמים,400.00,100 גרם,false,0,15.10,3.78,true,1,
80525424,false,Agnesi רוטב עגבניות אראביאטה 400 גר,,IT,Agnesi רוטב עגבניות,גרמים,400.00,100 גרם,false,0,15.10,3.78,true,1,
80525462,false,Agnesi רוטב עגבניות נפוליטנה 400 גר,,IT,Agnesi רוטב עגבניות,גרמים,400.00,100 גרם,false,0,15.10,3.78,true,1,
80651000,false,שום צילי במטחנה 30 גרם ארומה דה טוסקנה,דרוגיה ואלימנטרי אס.אר.א,IT,שום צילי במטחנה 30 ג,גרמים,30.00,100 גרם,false,1,14.20,47.33,true,1,
80704256,false,"שמן פטריות כמהין 60 מ""ל",,,שמן פטריות כמהין 60,מיליליטרים,60.00,"100 מ""ל",false,1,51.90,86.50,true,1,
80768890,false,מסטיק מנטוס וויט ביג מנטה עדינה 105 ג',פרפטי ואן מלה,TR,מסטיק מנטוס וויט ביג,גרמים,105.00,100 גרם,false,1,18.90,18.00,true,1,
80773429,false,מנטוס בקבוק מעוגל - מסטיק ללא סוכר בטעם תות 60 גרם,"פרפטי ואן מלה ג'\ידה,סאן",TR,מנטוס בבקבוק פיור,Unknown,0.00,Unknown,false,1,9.70,9.70,true,1,
80773443,false,מנטוס בקבוק מעוגל - מסטיק ללא סוכר בטעם מנטה 60 גרם,"פרפטי ואן מלה ג'\ידה,סאן",TR,מנטוס בבקבוק מעוגל ט,Unknown,0.00,Unknown,false,1,9.70,9.70,true,1,
80790990,false,מסטיק מנטוס בבקבוק מעוגל בטעם פירות -מנטה 60 ג',"פרפטי ואן מלה ג'\ידה,סאן",TR,מנטוס בבקבוק מעוגל ט,Unknown,0.00,Unknown,false,1,9.70,9.70,true,1,
80843184,false,מנטוס מסטיק פיור פרש בטעם ענבים 60גר,פרפטי ואן מלה הולנד,TR,מנטוס בבקבוק פיור בט,גרמים,60.00,100 גרם,false,1,9.70,16.17,true,1,
80862260,false,מסטיק מנטוס פיור וויט מנטה מתוקה 150 גר,"פרפטי ואן מלה ג'ידה,סאן",TR,מסטיק מנטוס פיור ווי,גרמים,150.00,100 גרם,false,1,19.90,13.27,true,1,
80896081,false,מנטוס בקבוק מעוגל - מסטיק ללא סוכר בטעם אבטיח 60 גרם,"פרפטי ואן מלה ג'\ידה,סאן",TR,מנטוס בבקבוק בינוני,Unknown,0.00,Unknown,false,1,9.70,9.70,true,1,
80913467,false,מנטוס בקבוק מעוגל - מסטיק ללא סוכר בטעם מנטה,פרפטי ואן מלה הולנד,TR,מנטוס בבקבוק מעוגל ב,Unknown,0.00,Unknown,false,1,9.70,9.70,true,1,
80979128,false,מנטוס בקבוק מעוגל - מסטיק ללא סוכר בטעם דובדבן,פרפטי ואן מלה הולנד,TR,מנטוס בבקבוק פיור בט,גרמים,60.00,100 גרם,false,1,9.70,16.17,true,1,
87108651,false,סוכריות בטעם מנטה מנטוס 4*37.5 גרם,הדקלאים אגודת שיתופי,NL,מנטוס מנטה 1/4,גרמים,150.00,100 גרם,false,1,13.90,9.27,true,1,
87108712,false,סוכריות בטעם פירות מנטוס 4*37.5 גרם,פרפטי ואן מלה ברדה,NL,מנטוס פירות 1/4,גרמים,150.00,100 גרם,false,1,13.90,9.27,true,1,
88801124,false,מצת קליפר יח,קליפר,ES,מצת קליפר,Unknown,0.00,Unknown,false,1,6.40,6.40,true,1,
90087066,false,מיץ תפוזים 100% טבעי 1 ל' RAUCH,ראוך Rauch,HU,מיץ תפוזים ראוך 100%,מיליליטרים,1000.00,"100 מ""ל",false,1,15.10,1.51,true,1,
90087271,false,נקטר אוכמניות 1 ליטר קרטונית ראוך,Rauch fruchtsafte gm,,נקטר אוכמניות 1 ליטר,מיליליטרים,1000.00,"100 מ""ל",false,1,15.10,1.51,true,1,
90087806,false,מיץ אשכוליות 100% 1 ליטר,ראוך Rauch,AT,מיץ אשכוליות 100% 1,מיליליטרים,1000.00,"100 מ""ל",false,1,15.10,1.51,true,1,
90087974,false,"חומץ תפוחים 5% 750 מֿֿֿֿ""ל 12X",ראוך פרוכטסאפה,AT,חומץ טבעי מתפוחים 75,מיליליטרים,750.00,"100 מ""ל",false,1,16.60,2.21,true,1,
90162602,false,רד בול משקה אנרגיה פקדון 30 אג,רד בול ג'י.אם.בי. אץ,IL,משקה רד בול מוגז פחי,מיליליטרים,250.00,"100 מ""ל",false,1,6.90,2.76,true,1,
90162800,false,רד בול משקה אנרגיה ללא סוכר פקדון 30 אג,רד בול ג'י.אם.בי. אץ,AT,משקה רד בול מוגז,מיליליטרים,250.00,"100 מ""ל",false,1,6.90,2.76,true,1,
90448867,false,"משקה אנרגיה רד בול ללא פחמימות 250 מ""ל",רד בול,AT,משקה אנרגיה רד בול ל,מיליליטרים,250.00,"100 מ""ל",false,1,6.90,2.76,true,1,
96122969,false,אוקסו ציר בשר בצל ורוזמרין נוזלי 80 גרם,,GB,אוקסו ציר בשר בצל ור,גרמים,80.00,100 גרם,false,1,17.90,22.38,true,1,
999910017,false,קופון אישי,,,קופון אישי,Unknown,0.00,Unknown,false,1,0.10,0.10,true,1,
9800800056,false,חטיף שוקולד עם מקלות לחם אנד גו,פררו - אלבה,DE,נוטלה & גו 52 גרם,גרמים,52.00,100 גרם,false,1,4.90,9.42,true,1,
11182700954,false,קינג קול שעועית שחורה 439 גרם,האנאובר פודס קורפורשיין,US,קינג קול שעועית שחור,גרמים,439.00,100 גרם,false,1,12.60,2.87,true,1,
11182701388,false,קינג קול שעועית פינטו 454 גרם,הנובר פודס,,קינג קול שעועית פינט,גרמים,454.00,100 גרם,false,1,12.60,2.78,true,1,
11210000094,false,רוטב טבסקו אדום 60 גרם,מקאילהייני אייבורי,US,טבסקו פלפל אדום 60 מ,מיליליטרים,90.00,"100 מ""ל",false,1,10.50,11.67,true,1,
11210002500,false,"רוטב טבסקו באפאלו 150 מ""ל","ניצן מותגי מזון בע""מ",US,רוטב טבסקו בפאלו 150,מיליליטרים,150.00,"100 מ""ל",false,1,20.90,13.93,true,1,
11210007253,false,"רוטב-טבסקו שום ופלפל 60 מ""ל",מקאילהייני אייבורי,US,"טבסקו פלפל שום 60 מ""",מיליליטרים,60.00,"100 מ""ל",false,1,10.50,17.50,true,1,
11210009387,false,"רוטב פלפל ירוק טבסקו 60 מ""ל",מקאילהייני אייבורי,US,טבסקו פלפל ירוק 60 מ,מיליליטרים,60.00,"100 מ""ל",false,1,10.50,17.50,true,1,
11210607040,false,טבסקו פלפל צפוטלי חריף 60 מל,מקאילהייני Mc.Ilhenn,US,רוטב טבסקו ציפוטלי 6,מיליליטרים,60.00,"100 מ""ל",false,1,10.50,17.50,true,1,
11210618503,false,"רוטב טבסקו על בסיס פלפל סקורפיון 60מ""ל",מק. אילהיני קו,US,רוטב טבסקו סקורפיון,מיליליטרים,60.00,"100 מ""ל",false,1,16.70,27.83,true,1,
11210698055,false,רוטב טבסקו סרירציה 566 גרם,מקאילהייני קו,US,רוטב טבסקו סרירציה 5,גרמים,566.00,100 גרם,false,1,31.90,5.64,true,1,
11359640106,false,קונכיות טאקו קנטינה,,NL,קונכיות טאקו 150 גר,גרמים,150.00,100 גרם,false,1,11.90,7.93,true,1,
11359645071,false,מארז ציפס ודיפ אבוקדו 150 גרם,,NL,מארז ציפס ודיפ אבוקד,גרמים,150.00,100 גרם,false,1,9.90,6.60,true,1,
11359645095,false,מארז ציפס ודיפ סלסה 150 גרם,,NL,מארז ציפס ודיפ סלסה,גרמים,150.00,100 גרם,false,1,9.90,6.60,true,1,
12086312014,false,"יין מאקון וילאז 750 מ""ל",,,יין מאקון וילאז 750,Unknown,0.00,Unknown,false,1,79.90,79.90,true,1,
12086321016,false,"דרוהין פטיט שבלי 750 מ""ל",,FR,דרוהין פטיט שבלי 750,מיליליטרים,750.00,"100 מ""ל",false,1,93.90,12.52,true,1,
12086322211,false,יין דרוהין שבלי 750 מל צרפתי,,,יין דרוהין שבלי 750,Unknown,0.00,Unknown,false,1,104.90,104.90,true,1,
13000008143,false,"חומץ תפוחים היינץ 946 מ""ל",,US,חומץ תפוחים היינץ 94,מיליליטרים,946.00,"100 מ""ל",false,1,18.90,2.00,true,1,
13409341155,false,רוטב ברביקיו דבש 510 גר סוויט בייבי רייס,סוויט בייבי רייז שיק,US,רוטב ברביקיו דבש 510,גרמים,510.00,100 גרם,false,1,23.90,4.69,true,1,
14100077084,false,עוגיות פפרידג פקאן מריר [ירוק],פפרידג פראם,US,עוגיות פפרידג פארם,גרמים,206.00,100 גרם,false,1,25.90,12.57,true,1,
16000185517,false,דגני בוקר פייבר וואן עתירי סובין FIBRE1,בטר אנד דיפרנט,US,פייבר וואן 555 גרם,גרמים,555.00,100 גרם,false,1,32.50,5.86,true,1,
16000423534,false,חטיפי גרנולה קראנצ'י עם שיבולת שועל ושוקולד מריר נייצ'ר ואלי 5*42 גרם,ג'נרל מילס סאן אדריאן,ES,קראנצי שיבולת שועל ו,גרמים,210.00,100 גרם,false,1,17.90,8.52,true,1,
16000548404,false,חטיפי גרנולה קראנצ'י עם שיבולת שועל ודבש נייצ'ר ואלי 5*42 גרם,ג'נרל מילס סאן אדריאן,ES,קראנצי בטעם שיבולת,גרמים,210.00,100 גרם,false,1,17.90,8.52,true,1,
16000548503,false,חטיפי גרנולה קראנצ'י עם מייפל וסוכר חום נייצ'ר ואלי 5*42 גרם,ג'נרל מילס סאן אדריאן,ES,קראנצי בטעם מייפל,גרמים,210.00,100 גרם,false,1,17.90,8.52,true,1,
16000548909,false,חטיפי גרנולה קראנצ'י במגוון טעמים נייצ'ר ואלי 5*42 גרם,ג'נרל מילס סאן אדריאן,ES,חטיף ניישטר וואלי 1/,גרמים,210.00,100 גרם,false,1,17.90,8.52,true,1,
16229917593,false,מי קוקוס 100% פוקו 3,ויט וורלד קומפני,VN,"מי קוקוס 330 מ""ל",מיליליטרים,330.00,"100 מ""ל",false,1,8.20,2.48,true,1,
16229917654,false,"מי קוקוס בתוספת ליצי 330 מ""ל",ויט וורלד קומפני,VN,מי קוקוס בתוספת ליצי,מיליליטרים,330.00,"100 מ""ל",false,1,8.20,2.48,true,1,
16229924263,false,"ארוי-די קרם קוקוס 250 מ""ל",תאי אגרי פוד פובליק קו'\,VN,"קרם קוקוס 250 מ""ל",מיליליטרים,250.00,"100 מ""ל",false,1,10.40,4.16,true,1,
17252500004,false,בוסקו סירופ שוקולד 624 גרם,בוסקו פרודקטס,US,בוסקו סירופ שוקולד 6,גרמים,624.00,100 גרם,false,1,21.80,3.49,true,1,
18000701223,false,"פילסברי, עוגה בטעם שוקולד, תערובת להכנת עוגה בטעם שוקולד. 500 גרם",הדקלאים אגודת שיתופי,IL,תערובת לעוגת שוקולד,גרמים,517.00,100 גרם,false,1,17.90,3.46,true,1,
18000766413,false,"פילסברי, עוגה בטעם שוקולד, תערובת להכנת עוגה בטעם שוקולד. 550 גרם.",הדקלאים אגודת שיתופי,IL,תערובת לבראוניס 552,גרמים,609.00,100 גרם,false,1,17.90,2.94,true,1,
18787764169,false,ברונרס סבון נוזלי לבנדר 472 מל,וגה מוצרים טבעיים,US,סבון נוזלי לבנדר של,Unknown,0.00,Unknown,false,1,45.90,45.90,true,1,
18787778326,false,סבון נוזלי ורד הבר ש,,,סבון נוזלי ורד הבר ש,Unknown,0.00,Unknown,false,1,79.90,79.90,true,1,
18787784051,false,סבון מוצק לבנדר של ד,דר ברונר,US,סבון מוצק לבנדר של ד,Unknown,0.00,Unknown,false,1,22.90,22.90,true,1,
18787789056,false,סבון מוצק דר ברונר,דר ברונר,,סבון מוצק תה ירוק,גרמים,140.00,100 גרם,false,1,22.90,16.36,true,1,
18787792056,false,סבון מוצק יסמין סנדלווד,דר ברונר,US,סבון מוצק יסמין סנדל,Unknown,0.00,Unknown,false,1,22.90,22.90,true,1,
19548003107,false,צימקאו בטעם שוקולד לבן אופנהיימר 300 גרם,אופנהיימר,IL,בלוק צימקאו שוקולד ל,גרמים,300.00,100 גרם,false,1,9.90,3.30,true,1,
21000067060,false,קרפט מקרוני וגבינה אורגינל 206 גרם,,US,פסטה קראפט מק אנד צי,גרמים,206.00,100 גרם,false,1,9.90,4.81,true,1,
21200513152,false,"שלישיית ספוגי קרצוף עדינים ""סקוטש ברייט""",3M קנדה,CA,שלושה ספוגי קירצוף ל,Unknown,0.00,Unknown,false,1,15.60,15.60,true,1,
21200572357,false,שלישיית ספוגי קרצוף לניקוי חזק (ירוקים),M3,CA,שלושה ספוגי קירצוף ל,Unknown,0.00,Unknown,false,1,15.60,15.60,true,1,
21723339994,false,"רוטב דגים 300מ""ל (טיפרוס) (כ)",טאנג סאנג ראר קי,TH,רוטב דגים 300מ`ל,מיליליטרים,300.00,"100 מ""ל",false,1,10.90,3.63,true,1,
21723758887,false,רוטב דגים טיפארוס 700 מל,Tang sang hah co. lt,TH,רוטב דגים טיפארוס,מיליליטרים,700.00,"100 מ""ל",false,1,15.10,2.16,true,1,
22014004607,false,רסק תפוחי עץ אורגני 4*113 גרם,MANISCHEWITZ,US,רסק תפוחי עץ אורגני,גרמים,452.00,100 גרם,false,1,19.90,4.40,true,1,
22200956949,false,דאודורנט ג'ל כתום לגבר ספיד סטיק 85 גרם,קולגייט-פלמוליב,US,דאודורנט ספיד סטיק ג,Unknown,0.00,Unknown,false,1,36.50,36.50,true,1,
22224500722,false,פופקורן מתוק מלוח עם בצק עוגה 156 גרם,קניז קודי קומפוני,US,פופקורן מתוק מלוח עם,גרמים,156.00,100 גרם,false,1,24.90,15.96,true,1,
23243005328,false,סבון לשיער קלאסי 500 מל+סבון מוצק,,,סבון לשיער קלאסי 500,גרמים,600.00,100 גרם,false,1,59.90,9.98,true,1,
23243005335,false,סבון רחצה קלאסי לגוף 500 מל+סבון מוצק,,,סבון רחצה קלאסי לגוף,גרמים,600.00,100 גרם,false,1,59.90,9.98,true,1,
23535996129,false,"תמצית וניל מדאגסקאר בורבון 60 מ""ל",לורן אויילס,US,תמצית וניל מדאגסקאר,מיליליטרים,60.00,"100 מ""ל",false,1,64.90,108.17,true,1,
25675120006,false,פשקז חמצוצים 4 צבעים 100 גרם,פאסין ב.ו,NL,חמצוצים 4 צבעים טבעי,גרמים,100.00,100 גרם,false,1,9.90,9.90,true,1,
25675120020,false,סאוור סטיקס Sour Sticks בטעם אוכמניות,פשקז Paskesz,NL,מקלות חמצוצים פטל 10,גרמים,100.00,100 גרם,false,1,9.90,9.90,true,1,
25675120068,false,מקלות חמצוצים בטעם קולה פשקז 100 גרם,פשקס קנדי,NL,מקלות חמצוצים קולה 1,גרמים,100.00,100 גרם,false,1,9.90,9.90,true,1,
25675120105,false,פשקז חמצוצים בטעם דובדבן 100 גרם,פאסין,NL,חמצוצים דובדבן חמוץ,גרמים,100.00,100 גרם,false,1,9.90,9.90,true,1,
25675121027,false,חמצוצים רחב צבעוני רחב בטעמים 115 גרם,פאסין,NL,חמצוצים רחב צבעוני ר,גרמים,115.00,100 גרם,false,1,11.40,9.91,true,1,
25675121058,false,"חמצוצים רחבים תפו""ע 115 גר",חמצוצים,NL,חמצוצים רחב תפוח 115,גרמים,115.00,100 גרם,false,1,11.40,9.91,true,1,
25675301184,false,חמצוצים מקלות חמוצים קולה 50 גרם,פשקז Paskesz,NL,PASKESZ מקלות חמצוצי,גרמים,50.00,100 גרם,false,1,5.90,11.80,true,1,
29801025203,false,עוגיות חמאה קריספי - ב. באטרס 200 גר,HAMLET NV,,עוגיות חמאה קריספי -,גרמים,200.00,100 גרם,false,1,21.90,10.95,true,1,
30000315989,false,קוואקר פרוטאין חמוציות ושקדים 372 גרם,קוואקר אוטס קומפני,US,קוואקר פרוטאין חמוצי,גרמים,372.00,100 גרם,false,1,20.90,5.62,true,1,
30568115205,false,"סוכריות בטעם גינגר לל""ג אורגני 100 גר",,US,סוכריות בטעם גינגר ל,גרמים,100.00,100 גרם,false,1,20.90,20.90,true,1,
33200147701,false,פרש&סופט דפים למייבש בניחוח טרופי 100 יח,פרש אנד סופט Frash'n soft,US,פרש&סופט דפים למייבש,Unknown,0.00,Unknown,false,1,29.50,29.50,true,1,
33617000026,false,קרקר ואזה 203-275 גרם מקמח מלא 260,כלורוקס אוקלנד,SE,ואזה קמח מלא 260 גר,גרמים,260.00,100 גרם,false,1,14.60,5.62,true,1,
33617340610,false,קרקר ואזה 203-275 גרם מקמח שיפון 275,כלורוקס אוקלנד,SE,ואזה מקמח שיפון 250,גרמים,275.00,100 גרם,false,1,14.60,5.31,true,1,
33984000391,false,נוסחת מולטי-ביליון דופילוס מתקדמת,LTD .AMBROZIA,US,נוסחת מולטי-ביליון ד,Unknown,0.00,Unknown,false,1,159.90,159.90,true,1,
33984008663,false,כרום פיקולינאט 90 כמוסות,LTD .AMBROZIA,US,כרום פיקולינאט 200 מ,Unknown,0.00,Unknown,false,1,99.90,99.90,true,1,
33984009165,false,קו אנזים Q10 נוטרי ננו,LTD .AMBROZIA,US,קו אנזים Q10 נוטרי,Unknown,0.00,Unknown,false,1,189.90,189.90,true,1,
33984010529,false,ויטמין C אסטרולה 90 טבל',LTD .AMBROZIA,US,אסטרולה 1000 מג,Unknown,0.00,Unknown,false,1,214.90,214.90,true,1,
33984014176,false,סולגאר - קולגן סולגאר וחומצה היאלורונית 30 טבליות,LTD .AMBROZIA,US,קומפלקס קולגן וחומצה,Unknown,0.00,Unknown,false,1,159.90,159.90,true,1,
33984017368,false,"פורמולה לטיפוח העור, הציפורניים והשיער H",LTD .AMBROZIA,US,"פורמולה לטיפוח העור,",Unknown,0.00,Unknown,false,1,179.90,179.90,true,1,
33984020290,false,סולגאר שמן אורגנו פראי 0,LTD .AMBROZIA,US,שמן אורגנו פראי,Unknown,0.00,Unknown,false,1,104.90,104.90,true,1,
33984020573,false,סולגאר אומגה 3 950 50 טב,LTD .AMBROZIA,US,אומגה-3 950,Unknown,0.00,Unknown,false,1,158.90,158.90,true,1,
33984020580,false,סולגאר - אומגה 3 950 100 כמוסות רכות סולגאר 100 כמוסות,LTD .AMBROZIA,US,אומגה 3 950,Unknown,0.00,Unknown,false,1,179.90,179.90,true,1,
33984023192,false,סולגאר קוורצטין קומפלקס,LTD .AMBROZIA,US,קוורציטין קומפלקס,Unknown,0.00,Unknown,false,1,214.90,214.90,true,1,
33984023802,false,"סולגאר - ויטמין C פקעות ורדים 500 מ""ג 100 טבליות",LTD .AMBROZIA,US,ויטמין C ( מג 500) ב,Unknown,0.00,Unknown,false,1,74.90,74.90,true,1,
33984027602,false,"סול ל-טירוזין 500 מ""ג 50",LTD .AMBROZIA,US,ל-טירוזין 500 מג,Unknown,0.00,Unknown,false,1,109.90,109.90,true,1,
33984029507,false,ויטמין B-1 במינון 100 מ”ג,LTD .AMBROZIA,US,ויטמין B1 (מינון 100,Unknown,0.00,Unknown,false,1,69.90,69.90,true,1,
33984037205,false,"אבץ 50 מ""ג 100 טבליות",LTD .AMBROZIA,US,אבץ 50 מג,Unknown,0.00,Unknown,false,1,69.90,69.90,true,1,
33984037250,false,"סולגאר - אבץ פיקולינאט 22 מ""ג 100 טבליות",LTD .AMBROZIA,US,אבץ פיקולינאט 22 מג,Unknown,0.00,Unknown,false,1,59.90,59.90,true,1,
33984041042,false,תמצית שורש אשווגנדה 60כמ,LTD .AMBROZIA,US,תמצית שורש אשווגנדה,Unknown,0.00,Unknown,false,1,137.90,137.90,true,1,
33984041356,false,תמצית תקנית עוזרר 60כמ,LTD .AMBROZIA,US,תמצית תקנית עוזרר,Unknown,0.00,Unknown,false,1,104.90,104.90,true,1,
33984041394,false,תמצית שורש רודיולה,,,תמצית שורש רודיולה,Unknown,0.00,Unknown,false,1,138.90,138.90,true,1,
33984041400,false,תמצית צמח גדילן מצויSFP,LTD .AMBROZIA,US,תמצית גדילן מצוי,Unknown,0.00,Unknown,false,1,159.90,159.90,true,1,
33984504974,false,סולגאר - קומפלקס No 7 סולגאר 30 כמוסות,LTD .AMBROZIA,US,נאמבר 7 קומפלקס יעוד,Unknown,0.00,Unknown,false,1,144.90,144.90,true,1,
34000196173,false,הרשי טבלה XL בטעם שוקולד לבן עם שברי עוגיות 113 גרם,ליימן מותגים,US,טבלת קוקיס אנד קרים,גרמים,120.00,100 גרם,false,1,11.70,9.75,true,1,
34000470563,false,ריסז מיניס באריזה משפחתית 215 גרם,ליימן מותגים,US,ריסז מיניס 215 גר,גרמים,215.00,100 גרם,false,1,23.90,11.12,true,1,
34000544028,false,סוכריות ארוכות בטעם תות טוויזלרס Twizzlers,ליימן מותגים,US,ממתקי טוויזלרס תות ש,גרמים,198.00,100 גרם,false,1,7.70,3.89,true,1,
34000544431,false,ממתקי הרשיז טוויזלרס טעם דובדבן 172 גרם,ליימן מותגים,US,ממתקי הרשיז טוויזלרס,גרמים,172.00,100 גרם,false,1,8.90,5.17,true,1,
35000458476,false,קולגייט מברשת שיניים ילדים מארז רביעייה,קולגייט פלמוליב,VN,מברשת שיניים קולגייט,Unknown,0.00,Unknown,false,1,26.90,26.90,true,1,
38000138638,false,חטיף צ'יפס פרינגלס פיצה 158 גרם,פרינגלס מנופקצ'ורינג קונ,US,פרינגלס פיצה 158 גרם,גרמים,158.00,100 גרם,false,1,8.90,5.63,true,1,
38000183928,false,פרינגלס חרדל ודבש 158 גרם,פרינגלס מניופקצ'ורינ,US,פרינגלס חרדל ודבש 15,גרמים,158.00,100 גרם,false,1,8.90,5.63,true,1,
38000202278,false,חטיף צ'יפס גלי בטעם אורגינל מלוח,פרינגלס מניופקצ'\ורינג ק,US,פרינגלס וייב אורגינל,גרמים,130.00,100 גרם,false,1,8.90,6.85,true,1,
38000232176,false,פרינגלס ביג שמנת בצל 158 גרם,פרינגלס מנופקצ'ורינג קונ,US,פרינגלס שמנת בצל 158,גרמים,158.00,100 גרם,false,1,8.90,5.63,true,1,
38527591053,false,קואקר דגנים מרובעים שיבולת שועל וקינמון,קוואקר אוטס קומפני,US,דגני בוקר מרובעים קי,גרמים,411.00,100 גרם,false,1,17.90,4.36,true,1,
39000008051,false,טורטיה אורטגה ארוחת טאקו קיט,בי אנד ג'י,US,אורטגה טאקו ארוחת קי,גרמים,283.00,100 גרם,false,1,38.50,13.60,true,1,
39000015677,false,אורטגה סלסה T&C מיילד 454 גרם,,,C&T סלסה מיילד אורטג,גרמים,454.00,100 גרם,false,1,25.90,5.70,true,1,
39047010208,false,"ווקרס עוגיות חמאה עגולות לל""ג 140 גרם",,IT,ווקרס עוגיות חמאה עג,Unknown,0.00,Unknown,false,1,27.90,27.90,true,1,
41224700260,false,צלפים מיניאטורים בחומץ 90 ג,סיבס,TR,צלפים מיניאטורים בחו,Unknown,0.00,Unknown,false,1,20.50,20.50,true,1,
41321006258,false,ווישבון רוטב בסגנון איטלקי עם שום 444 מל,,,ווישבון רוטב בסגנון,מיליליטרים,444.00,"100 מ""ל",false,1,25.90,5.83,true,1,
41335000594,false,רוטב סלט קיסר 473 גר קנז,קנס פודס,,רוטב סלט קיסר 473 גר,גרמים,473.00,100 גרם,false,1,27.90,5.90,true,1,
41390001079,false,"רוטב סויה קיקומן מופחת נתרן 444 מ""ל",קיקומן פודז אינק,US,רוטב סויה מופחת נתרן,מיליליטרים,444.00,"100 מ""ל",false,1,18.90,4.26,true,1,
41390010309,false,"רוטב טריאקי קיקומן 444 מ""ל",קיקומן פודז אינק,US,רוטב טריאקי קיקומן 4,מיליליטרים,444.00,"100 מ""ל",false,1,24.90,5.61,true,1,
41421177452,false,"רייטס רוטב היקורי מעושן מרוכז 103 מ""ל",בי אנד ג'י,US,רייטס רוטב היקורי מ,מיליליטרים,103.00,"100 מ""ל",false,1,20.90,20.29,true,1,
41500000428,false,חרדל חריף פרנצ'ס לחיץ 340 גרם,פרנצ'ס,US,ממרח חרדל בטעם פיקנט,גרמים,340.00,100 גרם,false,1,19.90,5.85,true,1,
41500013107,false,רוטב וורצסטר פרנצס29,רקיט בנקיזר,US,רוטב וורצסטר 296 מל,מיליליטרים,296.00,"100 מ""ל",false,1,19.90,6.72,true,1,
41500220222,false,חטיף בצל מטוגן פרנציס 79 גרם,,,חטיף בצל מטוגן פרנצי,גרמים,79.00,100 גרם,false,1,19.70,24.94,true,1,
41500805023,false,"רוטב פלפל רד האט 354 מ""ל",רקיט בנקיזר,,"רוטב רד הוט 355 מ""ל",מיליליטרים,355.00,"100 מ""ל",false,1,29.50,8.31,true,1,
41740001353,false,גולד רוטב חמוץ מתוק לעוף 510 גרם,,,גולד רוטב חמוץ מתוק,גרמים,510.00,100 גרם,false,1,24.90,4.88,true,1,
42400108153,false,דגני בוקר צבעוניים בטעם פירות טוטי פרוטיס,פוסט ארצות הברית,US,דגני פוסט טוטי פרוטי,גרמים,354.00,100 גרם,false,1,22.60,6.38,true,1,
46214731552,false,עוגיות שוקולד צ'יפס 37% גודיס 225 גרם,קריניציה ויטמינה אס,NL,עוגיות מרבה שוקולד צ,גרמים,225.00,100 גרם,false,1,8.60,3.82,true,1,
47997123367,false,מגיק תערובת תבלינים לסטייק 64 גר,,,מגיק תערובת תבלינים,Unknown,0.00,Unknown,false,1,20.50,20.50,true,1,
47997123909,false,מגיק לתיבול ברביקיו 156 גרם,,,מגיק לתיבול ברביקיו,גרמים,156.00,100 גרם,false,1,28.90,18.53,true,1,
48256214758,false,מסיר כתמים קשים לכביסה לבנה וצבעונית,יעקבי- אסטוניש Astonish,GB,אסטוניש אבקת הפלא 1,גרמים,1000.00,100 גרם,false,1,37.90,3.79,true,1,
48327203513,false,"שמן זית כתית מעולה 750 מ""ל YBARRA",,ES,שמן זית כתית מעולה 7,מיליליטרים,750.00,"100 מ""ל",false,1,41.90,5.59,true,1,
49319110017,false,דשינומוטו YAMAKI יפני 50 גרם,JFC JAPAN INC.,,דשינומוטו YAMAKI יפ,גרמים,50.00,100 גרם,false,1,27.50,55.00,true,1,
50000015474,false,"מזון חתולים פריסקיז מעדני הים 1.43 ק""ג",פריסקיז,US,פריסקיז מעדני הים 1.,קילוגרמים,0.00,"ק""ג",false,1,35.90,35.90,true,1,
50000084500,false,מזון יבש לחתול בטעם נתחי ברביקיו פריסקיז Friskies,נסטלה פורינה USA מק,US,פריסקיז נתחי ברביקיו,קילוגרמים,0.00,"ק""ג",false,1,35.90,35.90,true,1,
50000100347,false,"פריסקיז - מעדני החתול מועשר בחלב 1.40 ק""ג",נסטלה פורינה USA מק,US,פריסקיז מעדני החתול,קילוגרמים,0.00,"ק""ג",false,1,35.90,35.90,true,1,
50000426942,false,פנסי פיסט צאנקי בשר ועוף,,,פנסי פיסט צאנקי בשר,גרמים,85.00,100 גרם,false,1,5.90,6.94,true,1,
50000429042,false,מזון חתולים כבד מעודן ועוף פנסי פיסט 85 גרם,נסטלה פורינה USA ג',US,פינסי פיטס כבד מעדן,גרמים,85.00,100 גרם,false,1,5.90,6.94,true,1,
50000429844,false,מזון חתולים בטעם הודו ועוף פנסי פיסט 85 גרם,נסטלה פורינה USA ג',US,פינסי פיטס הודוו נתח,גרמים,85.00,100 גרם,false,1,5.90,6.94,true,1,
50000429943,false,פנסי פיסט גורמה עוף 85 גרם,פורינה,US,פנסי פיסט גורמה עוף,גרמים,85.00,100 גרם,false,1,5.90,6.94,true,1,
50000836123,false,פנסי פיסט גריל טונה,,,פנסי פיסט גריל טונה,גרמים,85.00,100 גרם,false,1,5.90,6.94,true,1,
51500017470,false,גובר חמאת בוטנים עם ג'לי ענבים 340 גר,,US,חמאת בוטנים וגלי ענב,גרמים,340.00,100 גרם,false,1,19.90,5.85,true,1,
52100002453,false,תערובת תיבול לסטייק 96 גר,מקורמיק,US,תערובת תיבול לסטייק,גרמים,96.00,100 גרם,false,1,19.50,20.31,true,1,
52100002460,false,תערובת תיבול לעוף ודג 77 גר,מקרומיק,US,תערובת תיבול לעוף וד,גרמים,77.00,100 גרם,false,1,19.50,25.32,true,1,
52100005966,false,גבישי שום מקורמיק 85 גרם,מקרומיק,US,גבישי שום 85 גר,גרמים,85.00,100 גרם,false,1,29.50,34.71,true,1,
52100006260,false,אבקת שום מקורמיק 88 גרם,מקרומיק,US,אבקת שום 88 גר,גרמים,88.00,100 גרם,false,1,29.50,33.52,true,1,
52100006765,false,תבלין פלפל אדום 42 גר,מקורמיק,US,תבלין פלפל אדום 42 ג,גרמים,42.00,100 גרם,false,1,17.90,42.62,true,1,
52100036670,false,מלח הימליה ורוד במטחנה 70 גר,מקורמיק,US,מלח הימליה ורוד במטח,גרמים,70.00,100 גרם,false,1,19.80,28.29,true,1,
52100041155,false,תערובת מלח הימליה ורוד פלפל ושום 184 גר,מקורמיק,US,תערובת מלח הימליה ור,גרמים,184.00,100 גרם,false,1,26.50,14.40,true,1,
52100070827,false,תבלין תמצית בטעם רום,מקרומיק תבלינים,US,"תמצית בטעם רום 29 מ""",מיליליטרים,29.00,"100 מ""ל",false,1,10.70,36.90,true,1,
52100070995,false,תמצית בטעם וניל מקורמיק 59 גרם,מקורמיק,US,תמצית טעם וניל 59 גר,גרמים,59.00,100 גרם,false,1,10.70,18.14,true,1,
52100142593,false,תערובת תיבול להמבורגר 77 גר,מקרומיק תבלינים,US,תערובת תיבול להמבורג,גרמים,77.00,100 גרם,false,1,19.50,25.32,true,1,
52100746043,false,תערובת תיבול פלפלים במטחנה,מקורמיק האנט ואלי,FR,תערובת תיבול פלפלים,גרמים,24.00,100 גרם,false,1,17.90,74.58,true,1,
52600751219,false,פלאף- ממרח מרשמלו בטעם וניל 213 גרם,,US,פלאף- ממרח מרשמלו בט,גרמים,213.00,100 גרם,false,1,17.90,8.40,true,1,
54100006769,false,"פרוסות חלפיניו חריף ולאסיק 355 מ""ל",,US,פרוסות חלפיניו חריף,מיליליטרים,355.00,"100 מ""ל",false,1,18.90,5.32,true,1,
54100018205,false,"ולאסיק רליש מתוק סגנון ביתי לחיץ 266 מ""ל",,,ולאסיק רליש מתוק,גרמים,296.00,100 גרם,false,1,19.10,6.45,true,1,
54881000031,false,תה שחור ורד דובדבן 20 שקיות אחמד,תה אחמד Ahmad tea,AE,תה שחור ורד דובדבן 2,Unknown,0.00,Unknown,false,1,13.50,13.50,true,1,
54881000048,false,תה במבחר פרי הדר 20 שקיקים אחמד,אחמד תה אנגליה,AE,תה במבחר פרי הדר 20,Unknown,0.00,Unknown,false,1,13.50,13.50,true,1,
54881000055,false,תה שחור מבחר פירות 20 שקיות אחמד,אחמד תה אנגליה,,תה שחור מבחר פירות 2,Unknown,0.00,Unknown,false,1,13.50,13.50,true,1,
54881000208,false,תה שחור לימון וגינגיר 20 שקיות אחמד,אחמד תה אנגליה,AE,תה שחור לימון וגינגי,Unknown,0.00,Unknown,false,1,13.50,13.50,true,1,
54881001120,false,מארז תה חליטות 6 סוגים *8 יח' AHMAD TEA,תה אחמד Ahmad tea,,אחמד מארז חליטות 6 ס,גרמים,120.00,100 גרם,false,1,33.50,27.92,true,1,
54881001137,false,מארז 6 סוגי חליטות תה ירוק בטעמים שונים,תה אחמד Ahmad tea,,אחמד מארז תה ירוק 6,גרמים,120.00,100 גרם,false,1,33.50,27.92,true,1,
54881003971,false,תה ירוק מבחר 20 שקיקים,אחמד תה אנגליה,AE,תה ירוק מבחר 20 שקיק,Unknown,0.00,Unknown,false,1,16.90,16.90,true,1,
54881003988,false,תה שחור 4 טעמים 20 שקיקים אחמד,תה אחמד Ahmad tea,,תה שחור 4 טעמים 20 ש,Unknown,0.00,Unknown,false,1,13.50,13.50,true,1,
54881003995,false,תה שחור פירות 20 שקיקים אחמד,אחמד תה אנגליה,,תה שחור פירות 20 שקי,Unknown,0.00,Unknown,false,1,13.50,13.50,true,1,
54881005654,false,תה ירוק יסמין 20 שקיות AHMAD TEA,אחמד תה אנגליה,AE,תה ירוק יסמין 20 שקי,Unknown,0.00,Unknown,false,1,16.90,16.90,true,1,
54881006941,false,תה אהמאד תפוח קינמון מארז 2X20ג',גיבונג אינדסקיאלס,,תה שחור תפוח 20 שקיק,Unknown,0.00,Unknown,false,1,13.50,13.50,true,1,
54881006972,false,תה אהמאד שחור לימון וליים מארז 2X20ג',תה אחמד Ahmad tea,,תה שחור לימון וליים,Unknown,0.00,Unknown,false,1,13.50,13.50,true,1,
54881006996,false,תה אהמאד חליטת אפרסק ופסיפלורה 20יח,אחמד תה אנגליה,AE,תה אפרסק ופסיפלורה 2,Unknown,0.00,Unknown,false,1,13.50,13.50,true,1,
54881007108,false,תה שחור דומדמניות 20 שקיקים אחמד,תה אחמד Ahmad tea,,תה שחור דומדמניות 20,Unknown,0.00,Unknown,false,1,13.50,13.50,true,1,
54881007511,false,תה ירוק בטעם מנטה 20 שקיקים 40 גר,אחמד תה אנגליה,AE,תה ירוק בטעם מנטה 40,Unknown,0.00,Unknown,false,1,16.90,16.90,true,1,
54881007535,false,תה ירוק בטעם לימון 20 שקיקים 40 גרם,אחמד תה אנגליה,AE,תה ירוק בטעם לימון 2,Unknown,0.00,Unknown,false,1,16.90,16.90,true,1,
54881008167,false,תה אינגליש ברקפסט 100 שקיות AHMAD TEA,תה אחמד Ahmad tea,AE,תה אחמד אינגליש ברק,גרמים,200.00,100 גרם,false,1,22.50,11.25,true,1,
54881008174,false,תה אחמד ארל גריי 100 שקיקים,תה אחמד Ahmad tea,AE,תה אחמד ארל גריי 100,גרמים,180.00,100 גרם,false,1,22.50,12.50,true,1,
54881008181,false,תה אחמד אינגליש 100 שקיקים,תה אחמד Ahmad tea,AE,תה אחמד אינגליש 100,גרמים,200.00,100 גרם,false,1,22.50,11.25,true,1,
54881008945,false,תה ירוק 20 שקיות AHMAD TEA,אחמד תה אנגליה,AE,תה ירוק 20 שקיקים,Unknown,0.00,Unknown,false,1,16.90,16.90,true,1,
54881009522,false,תה אהמאד שחור פטל מארז 2X20ג',אחמד תה אנגליה,,תה שחור פטל 20 שקיקי,Unknown,0.00,Unknown,false,1,13.50,13.50,true,1,
54881012423,false,תה ירוק בטעם פטל רימונים 20 שקים 40 גרם,אחמד תה אנגליה,AE,תה ירוק בטעם קיווי,Unknown,0.00,Unknown,false,1,16.90,16.90,true,1,
54881012720,false,אחמד מארז תה פירות 6 סוגים 120 גרם,,,אחמד מארז תה פירות 6,גרמים,120.00,100 גרם,false,1,33.50,27.92,true,1,
54881016001,false,חליטות פרי 4 טעמים 20 שקיקים אחמד,,AE,חליטות פרי 4 טעמים 2,Unknown,0.00,Unknown,false,1,13.50,13.50,true,1,
55369902557,false,אפלסנקס רביעיות רסק תפוחי עץ ממותק בסגנון ביתי עברית,ליייהי אורצ'רדס,CA,"רסק תפו""ע ביתי רביעי",גרמים,113.00,100 גרם,false,1,17.40,15.40,true,1,
55369902564,false,אפלסנקס רביעיות רסק תפוחי עץ ללא תוספת סוכר עברית,ליייהי אורצ'רדס,CA,"רסק תפו""ע ללת""ס רביע",גרמים,113.00,100 גרם,false,1,17.40,15.40,true,1,
58449450009,false,דייסת אינסטנט מיקס אורגנ,נייטשר פאת'\,US,דייסת אינסטנט מיקס 4,גרמים,400.00,100 גרם,false,1,29.90,7.48,true,1,
58449450030,false,דייסת מייפל ואגוזי לוז 400 גרם,נייטשר פאת'\,US,דייסת מייפל ואגוזי ל,גרמים,400.00,100 גרם,false,1,29.90,7.48,true,1,
58449450047,false,דייסת שיבולת שועל תפוח קינמון 400 גרם,נייצר וואלי,US,דייסת שיבולת שועל תפ,גרמים,400.00,100 גרם,false,1,29.90,7.48,true,1,
58449860075,false,כדורי למור בטעם חמאת בוטנים ושוקולד ללא גלוטן,נאטשר פאת פוד,US,דגני בוקר לאמור אורג,גרמים,284.00,100 גרם,false,1,26.50,9.33,true,1,
62558202381,false,"ארגני טהור 236 מ""ל {12 כשר} b סירופ מייפל",דיקסר קוויבק,CA,מייפל אורגני טהור 10,מיליליטרים,236.00,"100 מ""ל",false,1,29.90,12.67,true,1,
63435711514,false,ממחטות אף רויאל טישו,מגסטה,CA,טישו רויאל 2 שכבות 1,Unknown,0.00,Unknown,false,1,8.30,8.30,true,1,
70080000016,false,חרדל אמריקאי פלוכמן Plochman's,"פלוקמן בע""מ",US,חרדל צהוב רגיל 297 ג,גרמים,297.00,100 גרם,false,1,11.40,3.84,true,1,
70177077693,false,תה אנגליש ברקפסט 25 שקיות טוינינגס 50 גר,אר. טווינינגס אנד קומפני,PL,תה אנגליש ברקפסט 25,גרמים,50.00,100 גרם,false,1,17.90,35.80,true,1,
70177078744,false,תה אינגליש ברקפסט נטול קפאין 25 שקיקי,טווינינגס Twinings,PL,תה אינגליש ברקפסט נט,Unknown,0.00,Unknown,false,1,21.90,21.90,true,1,
70177078904,false,תה אנגליש ברקפסט 50 שקיות טוינינגס,אר. טווינינגס אנד קומפני,PL,תה אינגליש ברקפסט 50,גרמים,100.00,100 גרם,false,1,34.90,34.90,true,1,
70177084738,false,טווינינגס שחור רד פרוט 50 גרם,אר.טווינינג אנד קומפני א,PL,טווינינגס שחור רד פר,גרמים,50.00,100 גרם,false,1,17.90,35.80,true,1,
70177086664,false,תה ירוק טהור 25 שק TWININGS,אר. טווינינגס אנד קומפני,PL,תה גרין פיור 50 גרם,Unknown,0.00,Unknown,false,1,21.90,21.90,true,1,
70177120948,false,טווינינגס שחור אפל & סינמון 50 גרם,אר.טווינינג אנד קומפני א,PL,טווינינגס שחור אפל &,גרמים,50.00,100 גרם,false,1,17.90,35.80,true,1,
70177173203,false,תה ירוק עם מנטה 25 שק. טוינינגס,אר. טווינינגס אנד קומפני,PL,תה גרין מינט 37.5 גר,Unknown,0.00,Unknown,false,1,21.90,21.90,true,1,
70177175221,false,תה ירוק עם גינגר 25 שק. טוינינגס,טוינינג,PL,גרין גינגר 40 גרם טו,Unknown,0.00,Unknown,false,1,21.90,21.90,true,1,
70177176914,false,תה טווינינג ארל גריי נטול קפאין 25 שקיקי,טווינינגס Twinings,,תה טווינינג ארל גריי,Unknown,0.00,Unknown,false,1,21.90,21.90,true,1,
70177177669,false,חליטה למון גינגר 30 גרם טווינינג,אר. טווינינגס אנד קומפני,PL,חליטה למון גינגר 30,Unknown,0.00,Unknown,false,1,18.80,18.80,true,1,
70177177737,false,חליטה פיור קמומיל 20 גרם טווינינג,אר. טווינינגס אנד קומפני,PL,חליטה פיור קמומיל 20,Unknown,0.00,Unknown,false,1,18.80,18.80,true,1,
70177177744,false,חליטה פיור פפרמינט 40 גרם טווינינג,טוינינג,PL,חליטה פיור פפרמינט 4,Unknown,0.00,Unknown,false,1,18.80,18.80,true,1,
70177273330,false,חליטת ורבנה 37.5 גרם טווינינג,טווינינג,PL,חליטת ורבנה 37.5 גרם,גרמים,38.00,100 גרם,false,1,18.80,49.47,true,1,
70221011116,false,טובלרון - שוקולד חלב 100 גרם,טובלרון Toblerone,CH,טובלרון שוקולד חלב 1,גרמים,100.00,100 גרם,false,1,10.90,10.90,true,1,
71505022415,false,קרם ציז במשקל,,,קרם ציז במשקל,Unknown,0.00,"ק""ג",true,0,59.00,59.00,true,1,
72600062306,false,הרס חטיף במבה בטעם גבינה 198 גרם,הר פודס,US,הר חטיפים בטעם גבינה,גרמים,198.00,100 גרם,false,1,25.90,13.08,true,1,
74261041102,false,"רוטב לדים סאם וון גיה שן 296 מ""ל",,,רוטב לדים סאם וון גי,מיליליטרים,296.00,"100 מ""ל",false,1,19.90,6.72,true,1,
74305001161,false,"חומץ תפוחים אורגני לא מסונן 473 מ""ל",,US,חומץ תפוחים אורגני ל,מיליליטרים,473.00,"100 מ""ל",false,1,24.20,5.12,true,1,
74603003287,false,סאמיאנג נודלס ראמן בטעם קימצי 120 גרם,סאמיאנג פודס,KR,סאמיאנג נודלס ראמן ב,גרמים,120.00,100 גרם,false,1,11.90,9.92,true,1,
74603005922,false,סאמיאנג נודלס ראמן עם שעועית שחורה 140 ג,סאמיאנג פודס,KR,סאמיאנג נודלס ראמן ע,גרמים,140.00,100 גרם,false,1,11.90,8.50,true,1,
76808009330,false,עוגיות סנדוויץ אגוזי לוז קקאו 200 גרם,,,עוגיות סנדוויץ אגוזי,גרמים,200.00,100 גרם,false,1,15.40,7.70,true,1,
76808009347,false,עוגיות בטעם חמאה 180 גרם,,,עוגיות בטעם חמאה 180,גרמים,180.00,100 גרם,false,1,15.40,8.56,true,1,
76840002542,false,"גלידת בן & ג'ריס פיינט נטפליקס וצ'ילד 500מ""ל",מוצרי איכות אמריקאיים בע,IL,פיינט נטפליקס & צילד,גרמים,424.00,100 גרם,false,1,25.90,6.11,true,1,
76840100583,false,"גלידת וניל עם בצק עוגיות בן וג'ירי 473 מ""ל",מוצרי איכות אמריקאיים בע,IL,בן אנד גריס וניל עם,גרמים,500.00,100 גרם,false,1,25.90,5.18,true,1,
77975010167,false,סניידרס חטיף מקלוני חיטה בתוספת דבש 340.2 גרם,סניידרס אוף האנובר,US,סניידרס מקלוני חיטה,גרמים,340.00,100 גרם,false,1,16.90,4.97,true,1,
77975022757,false,בייגלה קשה מבצק שאור בסגנון אמריקאי,סניידרס אוף האנובר,US,בייגלה אמריקאי ענק ב,גרמים,390.00,100 גרם,false,1,16.90,4.33,true,1,
77975093085,false,"בייגלה מצופה כעכים בציפוי שוקולד חלב, 141 ג סניידרס",סניידרס Snyder's,US,בייגלה סניידרס בציפו,גרמים,141.00,100 גרם,false,1,18.90,13.40,true,1,
77975094631,false,סניידרס סנדוויץ' בייגלה במילוי קרם בטעם צ'דר 226 גרם,סניידרס לאנס,US,סניידרס סנדוויץ בייג,גרמים,283.00,100 גרם,false,1,16.90,5.97,true,1,
77975094761,false,סניידרס חטיפים על בסיס קמח חיטה בטעם גבינת צ'דר,סניידרס אוף האנובר,US,שברי בייגלה סניידרס,גרמים,340.00,100 גרם,false,1,16.90,4.97,true,1,
77975094778,false,שברי בייגלה סניידרס בטעם דבש חרדל 340 גר,סניידרס אוף האנובר,US,שברי בייגלה סניידרס,גרמים,340.00,100 גרם,false,1,16.90,4.97,true,1,
77975095133,false,שברי בייגלה בטעם פיקנטי 318 ג' סניידרס,סניידרס Snyder's,US,סניידרס פיקנטי 319 ג,גרמים,319.00,100 גרם,false,1,16.90,5.30,true,1,
77975095157,false,סניידרס שברי בייגלה בטעם חלפיניו 318 גרם,סניידרס Snyder's,US,שברי בייגלה סניידרס,גרמים,318.00,100 גרם,false,1,17.90,5.63,true,1,
77975095164,false,שברי בייגלה בטעם פרמז'ן ושום 318 ג' סניידרס,סניידרס,US,סניידרס פרמזן ושום 3,גרמים,318.00,100 גרם,false,1,16.90,5.31,true,1,
78300098393,false,פלייטקס טמפונים סופר פלוס סימפלי גנטל גלייד,פלייטקס מניפאקטורינג בעמ,US,ט.פלייטקס סימפלי גנט,Unknown,0.00,Unknown,false,1,26.90,26.90,true,1,
78522050056,false,שמפו אצות ים גייסון473מל,K-CARE,US,גייסון שמפו אצות ים,Unknown,0.00,Unknown,false,1,49.90,49.90,true,1,
78522070054,false,גייסון שמפו ביוטין לשיער יבש ופגום 473מל,ג'ייסון Jason,US,גייסון שמפו ביוטין ל,מיליליטרים,473.00,"100 מ""ל",false,1,49.90,10.55,true,1,
78522070092,false,גייסון מרכך ביוטין לשיער יבש ופגום 473מל,ג'ייסון Jason,US,גייסון מרכך ביוטין ל,מיליליטרים,454.00,"100 מ""ל",false,1,49.90,10.99,true,1,
78895120318,false,רוטב למוקפץ עם סויה ושום 50 גרם LKK,לי קום קי פודס,CN,רוטב למוקפץ עם סויה,גרמים,50.00,100 גרם,false,1,6.90,13.80,true,1,
78895148077,false,רוטב למוקפץ נודלס 50 גרם LKK,לי קום קי פודס,CN,רוטב למוקפץ נודלס 50,גרמים,50.00,100 גרם,false,1,6.90,13.80,true,1,
80432400432,false,וויסקי שיבאס רגאל 12,מזקקת האחים שיבאס,GB,שיבס ריגאל 1 ליטר,Unknown,0.00,Unknown,false,1,139.90,139.90,true,1,
80432402931,false,"וויסקי סקוטי, שיבאס ריגאל 12 שנה, 700 מ''ל",מזקקת האחים שיבאס,GB,וויסקי שיבאס רגאל 12,מיליליטרים,700.00,"100 מ""ל",false,1,99.90,14.27,true,1,
82184090442,false,וויסקי ג'ק דניאלס 1 ליטר,בראון פורמן,US,וויסקי גק דניאלס 1 ל,מיליליטרים,1000.00,"100 מ""ל",false,1,140.90,14.09,true,1,
84279978727,false,יין גוורצטרמינר פאלץ,,DE,יין גוורצטרמינר 750,Unknown,0.00,Unknown,false,1,57.90,57.90,true,1,
85696608044,false,טופו ללא גלוטן 349ג' (כ) Morinaga,Morinaga nutritional,US,טופו ללא גלוטן 349 ג,מיליליטרים,349.00,"100 מ""ל",false,1,10.90,3.12,true,1,
88586425868,false,יין טו ויינס גוורצטרמינר 750 מל,"ארה""ב סיינט מישל ווי",,יין טו ויינס גוורצטר,Unknown,0.00,Unknown,false,1,46.90,46.90,true,1,
88586621840,false,סאנט מישל יוהניסברג ריזלינג 750 מל,"ארה""ב סיינט מישל ווי",,סאנט מישל יוהניסברג,Unknown,0.00,Unknown,false,1,56.90,56.90,true,1,
88586625848,false,שאטו סאנט מישל גוורצטראמינר 750 מל,"ארה""ב סיינט מישל ווי",,שאטו סאנט מישל גוורצ,Unknown,0.00,Unknown,false,1,56.90,56.90,true,1,
90341121212,false,"וירגיל רוט ביר 355 מ""ל",רידס,US,וירגיל רוט ביר 355,מיליליטרים,355.00,"100 מ""ל",false,1,15.50,4.37,true,1,
90341123452,false,"וירגיל קרים סודה 355 מ""ל",,,וירגיל קרים סודה 35,מיליליטרים,355.00,"100 מ""ל",false,1,15.50,4.37,true,1,
90341232321,false,"וירגיל דובדובן קרים סודה 355 מ""ל",,,וירגיל דובדובן קרים,מיליליטרים,355.00,"100 מ""ל",false,1,15.50,4.37,true,1,
93133737325,false,רוטב טריאקי שומשום עברית 566 גרם,אקזוטיק סאוס,US,רוטב טריאקי שומשום ע,גרמים,566.00,100 גרם,false,1,43.90,7.76,true,1,
308910525744,false,אטריות אורז דקות 454 גרם ורמיצ'לי (כ),ליאן תאי רייס,TH,אטריות אורז דקות 454,גרמים,454.00,100 גרם,false,1,11.90,2.62,true,1,
350007641028,false,משחת שיניים 2 ב-1 הלבנה קולגייט 130 ג',קולגייט Colgate,MX,מש.שיניים קולגייט 2,גרמים,130.00,100 גרם,false,1,20.90,16.08,true,1,
350007641646,false,משחת שיניים ומי פה 2 ב-1 לנשימה רעננה,קולגייט Colgate,MX,מש.שיניים קולגייט 2,גרמים,130.00,100 גרם,false,1,20.90,16.08,true,1,
608614251605,false,פקצוי 200 גר,,IL,פקצוי 200 גר,גרמים,200.00,100 גרם,false,1,14.90,7.45,true,1,
608614253586,false,חטיף חלבון טבעוני בטעם שוקולד,,,חטיף חלבון טבעוני ב,גרמים,60.00,100 גרם,false,1,14.50,24.17,true,1,
608614307135,false,חסה סלנובה 160 גרם,חקלאי,IL,חסה סלנובה 160 גר,גרמים,160.00,100 גרם,false,1,14.90,9.31,true,1,
608614323630,false,חטיף חלבון שקדים דובדבן,,,חטיף חלבון שקדים דוב,Unknown,0.00,Unknown,false,1,15.90,15.90,true,1,
608614342631,false,פרסבורגר פרג,,,פרסבורגר פרג,Unknown,0.00,Unknown,false,1,43.90,43.90,true,1,
608614342648,false,שמרים גבינה דובדבן,,,שמרים גבינה דובדבן,Unknown,0.00,Unknown,false,1,43.90,43.90,true,1,
608614342655,false,קראנץ אגוזים,,,קראנץ אגוזים,Unknown,0.00,Unknown,false,1,43.90,43.90,true,1,
608614342662,false,קראנץ שוקולד,,,קראנץ שוקולד,Unknown,0.00,Unknown,false,1,43.90,43.90,true,1,
608614342679,false,בריוש שזיף,,,בריוש שזיף,Unknown,0.00,Unknown,false,1,43.90,43.90,true,1,
608614342686,false,בריוש אוכמניות,,,בריוש אוכמניות,Unknown,0.00,Unknown,false,1,43.90,43.90,true,1,
608614342693,false,קראנץ חלבה,,,קראנץ חלבה,Unknown,0.00,Unknown,false,1,43.90,43.90,true,1,
608614342716,false,שטרודל תפוחים,,,שטרודל תפוחים,Unknown,0.00,Unknown,false,1,43.90,43.90,true,1,
608614342723,false,עוגה בחושה,,,עוגה בחושה,Unknown,0.00,Unknown,false,1,39.90,39.90,true,1,
608614342730,false,בראוניז שוקולד,,,בראוניז שוקולד,Unknown,0.00,Unknown,false,1,43.90,43.90,true,1,
608614342747,false,פאי אגוזים,,,פאי אגוזים,Unknown,0.00,Unknown,false,1,43.90,43.90,true,1,
608614342778,false,סברינה,,,סברינה,Unknown,0.00,Unknown,false,1,15.90,15.90,true,1,
608614342792,false,מארז פחזניות,,,מארז פחזניות,Unknown,0.00,Unknown,false,1,49.90,49.90,true,1,
608614342808,false,בגט אוטנטיק,,,בגט אוטנטיק,Unknown,0.00,Unknown,false,1,8.90,8.90,true,1,
608614342815,false,מארז לחמניות,,,מארז לחמניות,Unknown,0.00,Unknown,false,1,16.90,16.90,true,1,
608614342860,false,לחם מיוחד שמרים,,,לחם מיוחד שמרים,Unknown,0.00,Unknown,false,1,19.90,19.90,true,1,
608614342921,false,חלת שמרים,,,חלת שמרים,Unknown,0.00,Unknown,false,1,15.90,15.90,true,1,
608614342938,false,לחם לבן צרפתי,,,לחם לבן צרפתי,Unknown,0.00,Unknown,false,1,19.90,19.90,true,1,
611745280017,false,"מארז רטבי טבסקו אדום/ירוק +מתקן 60 מ""ל*2",,,מארז רטבי טבסקו אדום,מיליליטרים,120.00,"100 מ""ל",false,1,24.90,20.75,true,1,
611745294014,false,חומץ תפוחים אורגני 1 ליטר,,,חומץ תפוחים אורגני 1,ליטרים,0.00,ליטר,false,1,24.90,24.90,true,1,
611745302894,false,מגבונים טבעיים מארז שלשה,,,מגבונים טבעיים מארז,Unknown,0.00,Unknown,false,1,28.90,28.90,true,1,
613008742348,false,בקבוק אריזונה ג'נסינג ודבש 1 ליטר,"נטורלה גטרנק בע""\מn\",BG,אריזונה גנסנג ודבש ב,מיליליטרים,1000.00,"100 מ""ל",false,1,11.80,1.18,true,1,
613008742409,false,בקבוק אריזונה אפרסק 1 ליטר,"נטורלה גטרנק בע""\מn\",DE,אריזונה אפרסק בקבוק,מיליליטרים,1000.00,"100 מ""ל",false,1,11.80,1.18,true,1,
613008753290,false,"בקבוק אריזונה אפרסק 450 מ""ל",נובה טרייד אל טי די,BG,"אריזונה אפרסק 450 מ""",מיליליטרים,450.00,"100 מ""ל",false,1,7.50,1.67,true,1,
613008753320,false,"תה קר ג'ינסנג ודבש אריזונה 450 מ""ל",אריזונה Arizona,BG,אריזונה גינסנג ודבש,מיליליטרים,450.00,"100 מ""ל",false,1,7.50,1.67,true,1,
613008755461,false,בקבוק אריזונה אוכמניות 1 ליטר,"נטורלה גטרנק בע""\מn\",BG,אריזונה אוכמניות בקב,מיליליטרים,1000.00,"100 מ""ל",false,1,11.80,1.18,true,1,
618059103469,false,פיטווליום שמפו לשיער דק או חסר נפח,פרמה גורי,,פיטווליום שמפו לשיער,Unknown,0.00,Unknown,false,1,69.90,69.90,true,1,
618059163104,false,פיטוציאן שמפו לנשירת שיער בנשים,,,פיטוציאן שמפו לנשירת,Unknown,0.00,Unknown,false,1,69.90,69.90,true,1,
628154383659,false,דגני בוקר פרוטי פבלס פוסט 311 גרם,פוסט ארצות הברית,US,דגנים בטעם פירות 311,גרמים,311.00,100 גרם,false,1,21.90,7.04,true,1,
633148100617,false,רוטב חריף צילי וליים טאגין 436 גר,טגין דל בגירו,MX,רוטב חריף צילי וליים,גרמים,436.00,100 גרם,false,1,23.90,5.48,true,1,
638102532817,false,חטיף על בסיס חלבון סויה עם שוקולד מריר,"אבוט נוטרישן, מעבדות",US,חטיף זון דארק דאבל ש,גרמים,45.00,100 גרם,false,1,13.90,30.89,true,1,
638102582737,false,חטיף זון קלסיק רול קינמון 50 גר,"אבוט נוטרישן, מעבדות",US,חטיף זון קלסיק רול ק,גרמים,50.00,100 גרם,false,1,13.90,27.80,true,1,
639138513238,false,פילה הרינג מעושן צ'צ'יק 190 גרם,רוג'ין פיש,DE,פילה הרינג מעושן 190,גרמים,200.00,100 גרם,false,1,12.50,6.25,true,1,
639138527617,false,פילה הרינג ברוטב עגבניות 200 גר' (16),רוג'ין פיש,,פילה הרינג ברוטב עגב,גרמים,190.00,100 גרם,false,1,12.50,6.58,true,1,
639138527631,false,פילה הרינג ברוטב חרדל 200 גר (16),רוג'ין פיש,,פילה הרינג ברוטב חרד,גרמים,190.00,100 גרם,false,1,12.50,6.58,true,1,
645173911038,false,מלפפון קורנישון מיני בצנצנת 720ג',קלמן אינדיה פי וי סי,IN,קורנישון מיני בצנצנת,גרמים,720.00,100 גרם,false,1,11.40,1.58,true,1,
645173995632,false,רוטב שזיפים טקמלי אימרטי 370 גר,ארומה פרודקטס,,רוטב שזיפים טקמלי אי,גרמים,370.00,100 גרם,false,1,12.40,3.35,true,1,
645173995663,false,רוטב פלפלים חמלי-סומלי אימרטי 370 גר,ארומה פרודקטס,,רוטב פלפלים חמלי-סומ,גרמים,370.00,100 גרם,false,1,12.40,3.35,true,1,
645173995694,false,רוטב עגבניות סאציבלי אימרטי 370 גר,ארומה פרודקטס,,רוטב עגבניות סאציבלי,גרמים,370.00,100 גרם,false,1,12.40,3.35,true,1,
649870165695,false,חטיף נייטיב לכלב מקל,לנגי,CN,חטיף נייטיב לכלב מקל,Unknown,1.00,Unknown,false,1,15.90,15.90,true,1,
651080161510,false,פלקרס פולסר לשיניים צפופות-מנטה 35 יחידו,מיוצר עי קונדיטוריית,CN,חוט דנטלי פלאקרס 35,Unknown,0.00,Unknown,false,1,11.90,11.90,true,1,
654749351055,false,אבלון אורגניקס שמפו לימון,K-CARE,US,אבלון אורגניקס שמפו,Unknown,0.00,Unknown,false,1,49.90,49.90,true,1,
654749351550,false,אבלון אורגניקס מרכך שיער לימון,K&CARE,US,אבלון אורגניקס מרכך,Unknown,0.00,Unknown,false,1,49.90,49.90,true,1,
654749361023,false,אבלון אורגניקס שמפו ביוטין -קומפלקס ויטמיני B,אבלון אורגניקס Avalon Organics,US,אבלון אורגניקס שמפו,מיליליטרים,400.00,"100 מ""ל",false,1,59.90,14.98,true,1,
661176010103,false,6G צבע לשיער נטורטינט,פארמה גורי,IL,צבע לשיער G6,Unknown,0.00,Unknown,false,1,59.90,59.90,true,1,
661176010912,false,4G צבע לשיער נטורטינט,פארמה גורי,ES,צבע לשיער G4,Unknown,0.00,Unknown,false,1,59.90,59.90,true,1,
661176011889,false,נטורטינט חום ערמונים 5.7,,,נטורטינט חום ערמונים,Unknown,0.00,Unknown,false,1,59.90,59.90,true,1,
686412282984,false,נתחי טונה לבנה בשמן זית 220 גרם ORTIZ,אורטיז ORTIZ,ES,נתחי טונה לבנה בשמן,גרמים,220.00,100 גרם,false,1,46.90,21.32,true,1,
693493010788,false,"נאצוס חטיף טורטיה ע""ב תירס ברביקיו 200 ג",או. קיי סניקס,DK,"נאצוס חטיף טורטיה ע""",גרמים,200.00,100 גרם,false,1,10.90,5.45,true,1,
693493010818,false,"נאצוס - חטיף טורטיה ע""ב תירס בטע 200 גר",או. קיי סניקס,DK,נאצוס חטיף טורטיה,גרמים,200.00,100 גרם,false,1,10.90,5.45,true,1,
693493065641,false,טחינה הר כנען טחינה שכם לבנה 100% 500 ג,,,טחינה הר כנען טחינה,גרמים,500.00,100 גרם,false,1,14.90,2.98,true,1,
693493095501,false,מעמול תמרים,,,מעמול תמרים,Unknown,0.00,Unknown,false,1,37.90,37.90,true,1,
693493095518,false,עוגיות אגוזים ללא תו,,,עוגיות אגוזים ללא תו,Unknown,0.00,Unknown,false,1,37.90,37.90,true,1,
693493095525,false,עוגיות אגוזים מושלגו,,,עוגיות אגוזים מושלגו,Unknown,0.00,Unknown,false,1,37.90,37.90,true,1,
693493095532,false,עוגיות אלפחורס ממולא,,,עוגיות אלפחורס ממולא,Unknown,0.00,Unknown,false,1,37.90,37.90,true,1,
693493095556,false,עוגיות שומשום,,,עוגיות שומשום,Unknown,0.00,Unknown,false,1,37.90,37.90,true,1,
693493095563,false,עוגיות שומשום ללא תו,,,עוגיות שומשום ללא תו,Unknown,0.00,Unknown,false,1,37.90,37.90,true,1,
693493095570,false,עוגיות חמאה,,,עוגיות חמאה,Unknown,0.00,Unknown,false,1,37.90,37.90,true,1,
693493095587,false,עוגיות חמאה ללא תוספ,,,עוגיות חמאה ללא תוספ,Unknown,0.00,Unknown,false,1,37.90,37.90,true,1,
693493095594,false,עוגיות מלוחות,,,עוגיות מלוחות,Unknown,0.00,Unknown,false,1,37.90,37.90,true,1,
693493095624,false,עוגיות טבעוניות,,,עוגיות טבעוניות,Unknown,0.00,Unknown,false,1,37.90,37.90,true,1,
693493095662,false,עוגיות גרנולה שוקולד,,,עוגיות גרנולה שוקולד,Unknown,0.00,Unknown,false,1,37.90,37.90,true,1,
693493095679,false,אוזני פיל,,,אוזני פיל,Unknown,0.00,Unknown,false,1,37.90,37.90,true,1,
693493095686,false,גבינה פירורים,,,גבינה פירורים,Unknown,0.00,Unknown,false,1,57.90,57.90,true,1,
693493095693,false,גבינה פירורים ללא תו,,,גבינה פירורים ללא תו,Unknown,0.00,Unknown,false,1,57.90,57.90,true,1,
693493095730,false,היער השחור,,,היער השחור,Unknown,0.00,Unknown,false,1,57.90,57.90,true,1,
693493095754,false,פררו רושה,,,פררו רושה,Unknown,0.00,Unknown,false,1,57.90,57.90,true,1,
693493095761,false,שכבות שמנת ריבת חלב,,,שכבות שמנת ריבת חלב,Unknown,0.00,Unknown,false,1,57.90,57.90,true,1,
693493095778,false,מוס שוקולד מקופלת,,,מוס שוקולד מקופלת,Unknown,0.00,Unknown,false,1,57.90,57.90,true,1,
693493095785,false,שכבות שמנת מנגו ופסי,,,שכבות שמנת מנגו ופסי,Unknown,0.00,Unknown,false,1,57.90,57.90,true,1,
693493095792,false,שכבות שמנת תות ופסיפ,,,שכבות שמנת תות ופסיפ,Unknown,0.00,Unknown,false,1,57.90,57.90,true,1,
693493095815,false,טריקולד,,,טריקולד,Unknown,0.00,Unknown,false,1,57.90,57.90,true,1,
693493095877,false,קראנץ שוקולד נוגטלה,,,קראנץ שוקולד נוגטלה,Unknown,0.00,Unknown,false,1,43.90,43.90,true,1,
693493095884,false,נפוליאון קרם שניט,,,נפוליאון קרם שניט,Unknown,0.00,Unknown,false,1,57.90,57.90,true,1,
693493095914,false,מארז שנק וניל,,,מארז שנק וניל,Unknown,0.00,Unknown,false,1,26.90,26.90,true,1,
693493095921,false,מארז רוגלך בטעמים,,,מארז רוגלך בטעמים,Unknown,0.00,Unknown,false,1,26.90,26.90,true,1,
693493095938,false,מארז שנק שוקולד,,,מארז שנק שוקולד,Unknown,0.00,Unknown,false,1,26.90,26.90,true,1,
693493095952,false,בריוש שוקולד,,,בריוש שוקולד,Unknown,0.00,Unknown,false,1,43.90,43.90,true,1,
693493102575,false,עגבניות שרי מארז יחידה,חקלאי,IL,עגבניות שרי,Unknown,0.00,Unknown,false,1,10.90,10.90,true,1,
710535495539,false,"אורז בסמטי 96% 1 ק""ג Avel",,IN,"אורז בסמטי 96% 1 ק""ג",גרמים,1000.00,100 גרם,false,1,12.50,1.25,true,1,
717273504875,false,ממרח מיונז ללא ביצים,ווברס חברת חרדל,US,מיונז ללא ביצים ללא,מיליליטרים,473.00,"100 מ""ל",false,1,27.90,5.90,true,1,
722252601414,false,קליף בילדרס בר חטיף חלבון שוקולד חמאת בו,,,קליף בילדרס בר חטיף,גרמים,68.00,100 גרם,false,1,15.90,23.38,true,1,
722252601421,false,קליף בילדרס בר חטיף חלבון שוקולד 68 גרם,,,קליף בילדרס בר חטיף,גרמים,68.00,100 גרם,false,1,15.90,23.38,true,1,
728229123613,false,טרה חטיף על בסיס תפוח אדמה כחול בטעם טבעי 110 גרם,היין סלסטיאל גרופ,US,ציפס 110 גרם טרה כחו,גרמים,110.00,100 גרם,false,1,14.90,13.55,true,1,
728229123811,false,טרה חטיף על בסיס ירקות שורש בתיבול ים תיכוני 110 גרם,הונדורס צ'יפס יצור א,HN,ציפס 110 גרם טרה בטט,גרמים,110.00,100 גרם,false,1,14.90,13.55,true,1,
728229124771,false,טרה חטיף על בסיס בטטה בטעם ברביקיו 110 גרם,היין פיוצ'ור נטורל פ,IN,חטיף ציפס טרה מבטטה,גרמים,110.00,100 גרם,false,1,14.90,13.55,true,1,
728229130154,false,טרה חטיף על בסיס בטטה וסלק בטעם טבעי 110 גרם,הונדורס צ'יפס יצור א,HN,חטיף ציפס מבטטה וסלק,גרמים,110.00,100 גרם,false,1,14.90,13.55,true,1,
732494000500,false,קרטורס חטיף פופקורן קרמל 227 גרם,איגל פודס ווקיגאן מפ,US,קרטורס פופקורן קרמל,גרמים,227.00,100 גרם,false,1,30.90,13.61,true,1,
732494002320,false,קרטורס פופקורן תערובת גבינות 142 גרם,,US,קרטורס פופקורן תערוב,גרמים,142.00,100 גרם,false,1,30.90,21.76,true,1,
734756000020,false,רוטב ברביקיו אורגינל 510 גרם,סטובס לג'נדרי,US,רוטב ברביקיו אורגינל,גרמים,510.00,100 גרם,false,1,29.90,5.86,true,1,
753182340302,false,אבקת וואסבי 35 גרם (קינגדאוו) (כ),מזרח ומערב,CN,אבקת וואסבי 35 גרם ק,גרמים,35.00,100 גרם,false,1,17.70,50.57,true,1,
760412417505,false,איטלס טבליות מציצה בטעם פירות יער,,,איטלס טבליות מציצה ב,Unknown,0.00,Unknown,false,1,349.90,349.90,true,1,
769904000997,false,שקדי מרק ללא גלוטן200גרם,משובח תעשיות מזון,IL,"שקדי מרק דג""ש 200 ג",גרמים,200.00,100 גרם,false,1,15.90,7.95,true,1,
770009010484,false,מנגטים לאפייה אורגניים 60 יח,SOURCE ATLANTIQUE,IL,מנגטים לאפייה אורגני,Unknown,0.00,Unknown,false,1,14.90,14.90,true,1,
783495011309,false,פקעות ורדים 250 גר,,,מקעות ורדים 250 גר,גרמים,250.00,100 גרם,false,1,25.90,10.36,true,1,
787692838349,false,עוגיות חלבון שוקולד לבן ומקדמיה 114 גרם,,,עוגיות חלבון שוקולד,Unknown,0.00,Unknown,false,1,17.90,17.90,true,1,
810165011953,false,סוכריות על מקל אורגנ,,IL,סוכריות אורגניות על,גרמים,85.00,100 גרם,false,1,22.90,26.94,true,1,
814784024868,false,קלאסיק פלוס חלבון רוא טבעוני אורגני וניל,פוקה,US,קלאסיק פלוס חלבון רו,גרמים,750.00,100 גרם,false,1,199.90,26.65,true,1,
818570001606,false,"וטקינס פיור אלמונד 59 מ""ל",וטרקינס,US,וטקינס פיור אלמונד,מיליליטרים,59.00,"100 מ""ל",false,1,29.90,50.68,true,1,
818570007066,false,"פיור וניל טהור 29 מ""ל ""ווטקינס""","ג'יי אר ווטקינס בע""מ",US,וטקינס וניל טהור 29,מיליליטרים,29.00,"100 מ""ל",false,1,29.90,103.10,true,1,
835811000396,false,נייר אפיה לתבנית מוארכת - מארז 30 ניירות,יבוא ושיווק: הנמל אריזות,CN,נ.אפייה הנמל תבנית מ,Unknown,0.00,Unknown,false,1,9.90,9.90,true,1,
835811001652,false,כוס לשתייה קרה 330 סמק 40 יח,ווינפאק סחר בעמ,CN,כוס לשתייה קרה הנמל,Unknown,0.00,Unknown,false,1,12.90,12.90,true,1,
835811003878,false,שקיות אשפה עם ידיות הנמל 40 יח 50*70,זמזמ תעשיות פלסטיק,IL,שקיות אשפה עם ידיות,Unknown,0.00,Unknown,false,1,18.90,18.90,true,1,
835811005728,false,עלים לקרמשניט הנמל 400 גרם,"רונית מאפים בע""מ",IL,עלים לעוגת קרמשניט 4,גרמים,400.00,100 גרם,false,1,19.70,4.93,true,1,
835811006527,false,קשיות שתיה למילקשייק 125 יח' הנמל,שיווק: הנמל אריזות ו,IL,קשיות שתיה למילקשייק,Unknown,0.00,Unknown,false,1,12.90,12.90,true,1,
835811007494,false,ג'לטין טהור מדגים14X2גרם,גואנגדונג מיניאנג,TW,גלטין דגים טהור 28,Unknown,0.00,Unknown,false,1,12.90,12.90,true,1,
835811008347,false,גפרור מיוחד ענק הנמל 1 יחידה,הנמל,IN,גפרור ענק,Unknown,0.00,Unknown,false,1,8.60,8.60,true,1,
835811008699,false,כפות שקוף/קרם עבה במיוחד הנמל 50 יח,"גרנג יוניברס , הונג",TR,כפות שקוף 50 יח,Unknown,0.00,Unknown,false,1,21.90,21.90,true,1,
835811008996,false,"כוסות חד פעמי קרטון 295 מ""ל",הנמל,CN,כוסות קרטון הנמל 50,Unknown,0.00,Unknown,false,1,20.80,20.80,true,1,
835811009016,false,כוסות נייר OZ4 הנמל 50 יחידות,הנמל,CN,כוסות קרטון 50 יח 4,Unknown,0.00,Unknown,false,1,20.80,20.80,true,1,
835811009238,false,שיפודים ענק שטוח מבמבוק 25 יח`,הנמל,IL,שיפודים ענק מבמבוק 2,Unknown,0.00,Unknown,false,1,7.50,7.50,true,1,
837524000038,false,נסטי - סבון טבעי פירות 250 גר,אשר שיווק,IT,נסטי - סבון טבעי פיר,Unknown,0.00,Unknown,false,1,24.90,24.90,true,1,
837524000069,false,נסטי - סבון טבעי פירות 250 גר,,,נסטי - סבון טבעי פיר,Unknown,0.00,Unknown,false,1,24.90,24.90,true,1,
837524000953,false,נסטי - סבון טבעי פילוסופיה 250 גר,אשר שיווק,IT,נסטי - סבון טבעי פיל,Unknown,0.00,Unknown,false,1,24.90,24.90,true,1,
837524000960,false,נסטי - סבון טבעי פילוסופיה 250 גר,,,נסטי - סבון טבעי פיל,Unknown,0.00,Unknown,false,1,24.90,24.90,true,1,
837524001363,false,נסטי - סבון טבעי רומנטיקה 250 גר,,,נסטי - סבון טבעי רומ,Unknown,0.00,Unknown,false,1,24.90,24.90,true,1,
837524001370,false,נסטי - סבון טבעי פילוסופיה 250 גר,,,נסטי - סבון טבעי פיל,קילוגרמים,0.00,"ק""ג",false,1,24.90,24.90,true,1,
837524001691,false,נסטי - סבון טבעי רומנטיקה 250 גר,,,נסטי - סבון טבעי רומ,Unknown,0.00,Unknown,false,1,24.90,24.90,true,1,
837524001707,false,נסטי - סבון טבעי רומנטיקה 250 גר,,,נסטי - סבון טבעי רומ,Unknown,0.00,Unknown,false,1,24.90,24.90,true,1,
837524001806,false,נסטי - סבון טבעי פילוסופיה 250 גר,אשר שיווק,IT,נסטי - סבון טבעי פיל,Unknown,0.00,Unknown,false,1,24.90,24.90,true,1,
837524002414,false,סבון נסטי טרופיקל מנגוסטין גויאבה 250 גר,אשר שיווק,IT,סבון נסטי טרופיקל מנ,גרמים,250.00,100 גרם,false,1,27.90,11.16,true,1,
837524002421,false,סבון נסטי טבעי טרופיקל ליים הדרים 250 גר,אשר שיווק,IT,סבון נסטי טבעי טרופי,גרמים,250.00,100 גרם,false,1,27.90,11.16,true,1,
837524002520,false,סבון נסטי אורגני ביונטורה פטל סרפד 250 ג,אשר שיווק,IT,סבון נסטי אורגני ביו,גרמים,250.00,100 גרם,false,1,27.90,11.16,true,1,
837524002537,false,סבון נסטי א. ביונטורה גנסנג שעורה 250 גר,,,סבון נסטי א. ביונטור,גרמים,250.00,100 גרם,false,1,27.90,11.16,true,1,
837524002544,false,סבון נסטי א. ביונטורה ארגן חציר בר 250 ג,אשר שיווק,IT,סבון נסטי א. ביונטור,גרמים,250.00,100 גרם,false,1,27.90,11.16,true,1,
837524003657,false,סבון נסטי תאנה 250 גר,,,סבון נסטי תאנה 250 ג,גרמים,250.00,100 גרם,false,1,27.90,11.16,true,1,
839762000641,false,משקה איילנד מנגו נקטר 1 ל',"פאראגאלה,דה אג'יפשן קו פ",EG,משקה איילנד מנגו 1 ל,מיליליטרים,1000.00,"100 מ""ל",false,1,14.90,1.49,true,1,
839762000658,false,איילנד גויאבה המשקה של חופי סיני 1 ליטר,The Egyptian Co. for,EG,משקה איילנד גויאבה 1,מיליליטרים,1000.00,"100 מ""ל",false,1,14.90,1.49,true,1,
841058006633,false,"אדג' ג'יל גילוח מועשר בשיבולת שועל 198 מ""ל",קריות זול,US,גל גילוח אדג שחור נג,גרמים,198.00,100 גרם,false,1,19.90,10.05,true,1,
850307005662,false,אטריות ביצים חינקל 500 גר,א.ל.ב. גולד,DE,אטריות ביצים חינקל 5,גרמים,500.00,100 גרם,false,1,10.40,2.08,true,1,
850307005716,false,איטר.ביצים 500 גרם בורג spiral,א.ל.ב. גולד,DE,אטריות ביצים בורג 50,גרמים,500.00,100 גרם,false,1,10.40,2.08,true,1,
851621000043,false,"בירה בלאנק 1664 בק בודד 330 מ""ל",,,בירה 1664 Blanc בקבו,מיליליטרים,330.00,"100 מ""ל",false,1,9.90,3.00,true,1,
851621000050,false,בירה חיטה בטעם הדרים 1664 בלאנק - שישייה,קרלסברג ספליי קומפאני פו,PL,שישיית בירה 1664 Bla,מיליליטרים,1980.00,"100 מ""ל",false,1,39.90,2.02,true,1,
856134000719,false,מרמלדה לימון ותפוז 265 גר Kharkovchanka,חרקוב בסקוויט,UA,מרמלדה לימון ותפוז 2,גרמים,265.00,100 גרם,false,1,15.40,5.81,true,1,
856591000055,false,עוגיות מזרחיות קריספי שרוף במיוחד,מאפיית יוסף ושמחה עבאדי,IL,עבאדי עוגיות מזרחיות,גרמים,400.00,100 גרם,false,1,16.70,4.18,true,1,
856591000109,false,עוגיות מזרחיות פריך במיוחד עבאדי 400 גרם,מאפיית יוסף ושמחה עבאדי,IL,עבאדי עוגיות מזרחיות,גרמים,400.00,100 גרם,false,1,16.70,4.18,true,1,
856591000512,false,עוגיות מזרחיות מקלונים עם שומשום עבאדי 400 גרם,מאפיית יוסף ושמחה עבאדי,IL,עבאדי עוגיות מזרחיות,גרמים,400.00,100 גרם,false,1,16.70,4.18,true,1,
856591000918,false,מארז חטיף טבעי עבאדי 8*40 גרם,עבאדי,IL,מארז חטיף טבעי 8*40,גרמים,320.00,100 גרם,false,1,22.90,7.16,true,1,
856591000956,false,עוגיות קטנטנים של עבאדי טעם גריל 350 גרם,עבאדי,IL,מאפה חיטה עבאדי קטנט,גרמים,350.00,100 גרם,false,1,22.90,6.54,true,1,
858847000703,false,גוגי בריס אורגני 227 גר,,,גוגי בריס אורגני 227,גרמים,227.00,100 גרם,false,1,79.90,35.20,true,1,
859547004329,false,ספוג ניקוי צבעוני סקראב דדי Scrub Daddy,סקארקיסט,VN,ספוג ניקוי SCRUB DA,יחידה,1.00,יחידה,false,1,19.90,19.90,true,1,
859547004466,false,קירצוף וספוג ניקוי SCRUB DADDY,סקראב דאבי,VN,קירצוף וספוג ניקוי,יחידה,1.00,יחידה,false,1,19.90,19.90,true,1,
884912002372,false,דגני בוקר גרייט גריינס פוסט453 גרם,פוסט ארצות הברית,US,דגני סלקט קרנברי 369,גרמים,369.00,100 גרם,false,1,25.90,7.02,true,1,
884912117625,false,דגני שלווה מצופים בדבש Golden Crisp,הנסיך- מפעל לייצור ט,US,דגני פוסט גולדן קריס,גרמים,418.00,100 גרם,false,1,22.60,5.41,true,1,
884912126115,false,גרייט גריינס דגני בוקר עם פירות יבשים פוסט 453 גרם,הנסיך- מפעל לייצור ט,US,דגני סלקט גרייט גרי,גרמים,454.00,100 גרם,false,1,25.90,5.70,true,1,
884912129512,false,דגני בוקר קוקו פוסט פלינסטונס 311 גרם,פוסט לקיוויל,US,דגני בוקר קוקו פבלס,גרמים,311.00,100 גרם,false,1,22.90,7.36,true,1,
884912359155,false,דגני בוקר האני באנצ'ס האני רוסטד פוסט 340 גרם,פוסט ארצות הברית,US,האני באנצס רוסטד 340,גרמים,340.00,100 גרם,false,1,22.90,6.74,true,1,
884912359162,false,האני באנצ' דגני בוקר עם שקדים פוסט 411 גרם,פוסט ארצות הברית,US,האני באנצס עם שקדים,גרמים,340.00,100 גרם,false,1,22.90,6.74,true,1,
884912365200,false,דגני בוקר אוראו שחור ולבן 311 גרם,פוסט ארצות הברית,US,דגני בוקר אוראו עוגי,גרמים,311.00,100 גרם,false,1,23.90,7.68,true,1,
893594002068,false,"חטיף פופקורן צ`יפס עם מלח ים,28 ג HANTRONIX",PepsiCo inc. Frito lay Division,US,חטיף פופקורנס מלח ים,גרמים,28.00,100 גרם,false,1,5.90,21.07,true,1,
898093002144,false,וודקה מולין 1 ליטר,מולין,FR,וודקה מולין 1 ליטר,מיליליטרים,1000.00,"100 מ""ל",false,1,129.90,12.99,true,1,
898193001252,false,חליטת קמומיל 28 גרם בונומלי,הייר ליבינג,IT,חליטת קמומיל 28 גרם,Unknown,0.00,Unknown,false,1,14.90,14.90,true,1,
1230000068314,false,בשר טחון מהצומח ביונד מיט 300 גרם,זנברגן וורלד פינסט מיט ב,NL,בשר טחון מהצומח ביונ,גרמים,300.00,100 גרם,false,1,36.50,12.17,true,1,
1230000116022,false,המבורגר ביונד מיט מארז זוגות 226 גרם.,ביונד מיט קליפורניה ארהב,US,המבורגר ביונד מיט זו,גרמים,226.00,100 גרם,false,1,34.90,15.44,true,1,
2261746002521,false,גבינת בלו סטילטון אנגלית במשקל,,,גבינת בלו סטילטון,Unknown,0.00,"ק""ג",true,0,184.00,184.00,true,1,
2389366314609,false,דנאבלו שקיל,,,דנאבלו שקיל,Unknown,0.00,"ק""ג",true,0,79.00,79.00,true,1,
3012999150496,false,ליקר ברדינה קרם קסיס,ברדינה,,קסיס דיזון ברדינה,Unknown,0.00,Unknown,false,1,59.90,59.90,true,1,
3012999150779,false,"ליקר טריפל סק ברדינה 750 מ""ל",ברדינה,,ליקר טריפל סק ברדינה,מיליליטרים,750.00,"100 מ""ל",false,1,100.90,13.45,true,1,
3024482270109,false,"קוניאק רמי מרטין 700 מ""ל V.S.O.P",רמי קואנטרו,,קוניאק רמי מרטין 700,מיליליטרים,700.00,"100 מ""ל",false,1,229.90,32.84,true,1,
3028130077751,false,"קוניאק VS קמוס 700 מ""ל",,,קוניאק VS קמוס 700 מ,מיליליטרים,700.00,"100 מ""ל",false,1,119.90,17.13,true,1,
3045206360609,false,"דזיטול נוזל מחטא בגדים בכביסה, 1 ליטר",רלוי,ES,דזיטול נוזל מחטא בגד,יחידה,1.00,יחידה,false,1,23.90,23.90,true,1,
3046920010801,false,שוקולד מריר אקסלנס עם אגוזי לוז,לינדט ושפרונגלי קילשברג,FR,לינדט שוקולד אקסלנס,גרמים,100.00,100 גרם,false,1,14.90,14.90,true,1,
3046920010856,false,לינדט שוקולד אקסלנס לימון גינגיר 100 גר,לינדט ושפרונגלי,CH,לינדט שוקולד אקסלנס,גרמים,100.00,100 גרם,false,1,14.90,14.90,true,1,
3046920016377,false,לינדט שוקולד אקסלנס מריר 100% קקאו 50 גר,לינדט ושפרונגלי,DE,לינדט שוקולד אקסלנס,גרמים,50.00,100 גרם,false,1,14.90,29.80,true,1,
3046920027281,false,שוקולד מריר אקסלנס במילוי קרמל ומלח ים,לינדט ושפרונגלי קילשברג,FR,לינדט אקס קרמל סולט,גרמים,100.00,100 גרם,false,1,14.90,14.90,true,1,
3046920028004,false,לינדט שוקולד אקסלנס מריר 70% 100 גר,לינדט ושפרונגלי קילשברג,FR,לינדט שוקולד אקסלנס,גרמים,100.00,100 גרם,false,1,14.90,14.90,true,1,
3046920028363,false,לינדט אקסלנס 85% מוצקי קקאו 100 גרם,לינדט ושפרונגלי קילשברג,FR,לינדט אקסלנס 85% 100,גרמים,100.00,100 גרם,false,1,14.90,14.90,true,1,
3046920028752,false,שוקולד לינדט אקסלנס מינט 100 גרם,לינדט ושפרונגלי קילשברג,FR,לינדט אקסלנס מינט 10,גרמים,100.00,100 גרם,false,1,14.90,14.90,true,1,
3046920029674,false,שוקולד לינדט אקסלנס סולט 100 גרם,לינדט ושפרונגלי קילשברג,DE,לינדט אקס סולט 100 ג,גרמים,100.00,100 גרם,false,1,14.90,14.90,true,1,
3046920029681,false,לינדט שוקולד אקסלנס מילד 85% קקאו 100 גר,לינדט ושפרונגלי,DE,לינדט שוקולד אקסלנס,גרמים,100.00,100 גרם,false,1,14.90,14.90,true,1,
3046920029759,false,לינדט אקסלנס 90% מוצקי קקאו 100 גרם,לינדט ושפרונגלי קילשברג,DE,"לינדט אקס 90%, 100 ג",גרמים,100.00,100 גרם,false,1,14.90,14.90,true,1,
3049197110076,false,"קוניאק קורבזייה 700 מ""ל V.S",גים בים,FR,קוניאק קורבזייה 700,מיליליטרים,700.00,"100 מ""ל",false,1,151.90,21.70,true,1,
3059943015128,false,מבשם אוויר נטול גז אקווה מיסט בניחוח לבנדר פראי ואוויר הרים,הדקלאים אגודת שיתופי,PL,איירויק נטול גז לבנד,מיליליטרים,345.00,"100 מ""ל",false,1,17.90,5.19,true,1,
3059943016569,false,"מבשם אוויר אירוויק ספריי פרסיה ויסמין 240 מ""ל",איירוויק Air Wick,GB,איירוויק ספריי טבעי,מיליליטרים,300.00,"100 מ""ל",false,1,11.40,3.80,true,1,
3068320014067,false,מים מינרלים אוויאן 750 מל,קריניציה ויטמינה אס,FR,מים מינרלים אוויאן 7,מיליליטרים,1000.00,"100 מ""ל",false,1,9.90,0.99,true,1,
3068320017846,false,מים מינרלים אוויאן 1 ליטר,קריניציה ויטמינה אס,FR,מים מינרלים אוויאן 1,מיליליטרים,1000.00,"100 מ""ל",false,1,10.90,1.09,true,1,
3068320055008,false,מים מינרלים אוויאן 500 מל,קריניציה ויטמינה אס,FR,מים מינרלים אוויאן 5,מיליליטרים,500.00,"100 מ""ל",false,1,6.90,1.38,true,1,
3068320063003,false,מים מינרלים אוויאן 330 מל,קריניציה ויטמינה אס,FR,מים מינרלים אוויאן,מיליליטרים,330.00,"100 מ""ל",false,1,5.90,1.79,true,1,
3068320085005,false,מים מינלים אוויאן 1.5 ליטר,,,מים מינלים אוויאן 1.,ליטרים,0.00,ליטר,false,1,13.60,13.60,true,1,
3068320127576,false,מים מינרלים אוויאן מבעבע 750 מל זכוכית,,,מים מינרלים אוויאן מ,מיליליטרים,750.00,"100 מ""ל",false,1,12.90,1.72,true,1,
3068320127644,false,מים מינרלים אוויאן מבעבע 330 מל זכוכית,,,מים מינרלים אוויאן מ,מיליליטרים,330.00,"100 מ""ל",false,1,6.90,2.09,true,1,
3073780574242,false,גבינה לואש קירי 16 יח' 240 ג',,,גבינה לה וואש קירי,גרמים,280.00,100 גרם,false,1,28.50,10.18,true,1,
3073780574310,false,גבינה לה וואש קירי 24 400 גר,,,גבינה לה וואש קירי,גרמים,400.00,100 גרם,false,1,41.90,10.48,true,1,
3073780591591,false,גבינה לה וואש קירי 12 192 גרם,"מפעלי גבינות ""ביל",,גבינה לה וואש קירי,גרמים,192.00,100 גרם,false,1,20.90,10.89,true,1,
3073780593083,false,גבינה לואש קירי 32 יח' 480 ג',"מפעלי גבינות ""ביל",,גבינה לה וואש קירי,גרמים,480.00,100 גרם,false,1,50.50,10.52,true,1,
3073781162790,false,גבינה מותכת בייבי בל 120 גרם,מחלבות בל,FR,בייבי בל אדם 120 גר,גרמים,120.00,100 גרם,false,1,20.90,17.42,true,1,
3073781190946,false,גבינת לה וואש קירי 6 יח 100 גר,"מפעלי גבינות ""ביל",,גבינת לה וואש קירי,גרמים,100.00,100 גרם,false,1,15.60,15.60,true,1,
3080216034508,false,"בירה רגינברג בלונד 330 מ""ל",גרימברגן Grimbergen,PL,בירה רגינברג בלונד 3,מיליליטרים,330.00,"100 מ""ל",false,1,7.90,2.39,true,1,
3080216034645,false,"בירה Grimbergen Ambree בודד 300 מ""ל",company supply carlsberg,PL,בירה רגינברג אמברה 3,מיליליטרים,330.00,"100 מ""ל",false,1,10.50,3.18,true,1,
3120581457523,false,"יין שבלי צרלס רנואר לבן יבש 750 מ""ל",,FR,יין שבלי צרלס רנואר,מיליליטרים,750.00,"100 מ""ל",false,1,79.90,10.65,true,1,
3147690045908,false,"קוניאק ארמניאק לה מזייר 700 מ""ל",לה מזייר,,קוניאק ארמניאק לה מז,מיליליטרים,700.00,"100 מ""ל",false,1,134.90,19.27,true,1,
3161911229199,false,חמאה צרפתית רכה למריחה אל & ויר 250 גרם,אלל אה וויר,FR,אלוויר חמאה רכה 250,גרמים,250.00,100 גרם,false,1,21.00,8.40,true,1,
3161911366429,false,חמאה צרפתית מלוחה רכה למריחה אלוויר 250 גר',ארזינא,FR,אלוויר חמאה רכה מלוח,גרמים,250.00,100 גרם,false,1,21.00,8.40,true,1,
3161911393210,false,אלוויר חמאת נורמנדי מלוחה 200 גרם,אלוויר,FR,אלוויר חמאה נורמנדי,גרמים,200.00,100 גרם,false,1,20.90,10.45,true,1,
3175460000062,false,גבינת בורסאן פלפל שחור 150 גרם,השחר,FR,גבינת בורסאן פלפל שח,גרמים,150.00,100 גרם,false,1,23.90,15.93,true,1,
3175529633934,false,יין לבן ויו פאפ שרדונה קולומברד 750 מל,,FR,יין לבן ויו פאפ שרדו,Unknown,0.00,Unknown,false,1,43.90,43.90,true,1,
3175529633941,false,"יין אדום ויו פאפ מרלו סירה 750 מ""ל",,FR,יין אדום ויו פאפ מרל,Unknown,0.00,Unknown,false,1,43.90,43.90,true,1,
3175529653062,false,יין רוזה ויו פאפ גראנש מרלו 750 מל,,FR,יין רוזה ויו פאפ גרא,Unknown,0.00,Unknown,false,1,43.90,43.90,true,1,
3178530407938,false,עוגיות מיני מדליין עם שוקוצ'יפס סאן מישל 175 גרם,סן מישל St Michel,FR,מיני מדליין 175 גר,גרמים,175.00,100 גרם,false,1,14.40,8.23,true,1,
3178530409673,false,"עוגיות פלמיה קרמל, 100 גרם",סאן מישל צ'\אמפאגנאק,FR,עוגיות פלמיה קרמל 10,גרמים,100.00,100 גרם,false,1,15.40,15.40,true,1,
3178530411478,false,ביסקוויטים גאלט עם חמאה ומלח ים,סן מישל St Michel,FR,ביסקוויט סאן מישל גד,גרמים,150.00,100 גרם,false,1,13.40,8.93,true,1,
3178530412703,false,דונאט עם שוקולד 180 גרם סן מישל,סן מישל St Michel,FR,דונאט עם שוקולד 180,גרמים,180.00,100 גרם,false,1,15.40,8.56,true,1,
3178530417340,false,בראוניז שוקולד סנט מישל 210 גרם,סן מישל,FR,בראוניז שוקולד סאן מ,גרמים,210.00,100 גרם,false,1,18.90,9.00,true,1,
3178530417357,false,בראוניז שוקולד לבן סנט מישל 210 גרם,סן מישל,FR,בראוניז שוקולד לבן ס,גרמים,210.00,100 גרם,false,1,18.90,9.00,true,1,
3178530417418,false,דונאט עם שוקולד צ'יפס 180 גרם סן מישל,סן מישל St Michel,FR,דונאט עם שוקולד ציפס,גרמים,180.00,100 גרם,false,1,15.40,8.56,true,1,
3179732348913,false,פרייה מים מינרליים טבעיים מבעבעים 1 ליטר פלסטיק,נסטלה ווטרס ספלאי,FR,מים מינרלים פרייה 1,מיליליטרים,1000.00,"100 מ""ל",false,1,8.90,0.89,true,1,
3182280052522,false,"גרנד סיידר יבש 5% אלכוהול 750 מ""ל",סידריס דו,FR,גרנד סיידר יבש 5% אל,מיליליטרים,750.00,"100 מ""ל",false,1,27.90,3.72,true,1,
3211200008049,false,"יין לאודלה רוזה 750 מ""ל",,FR,יין לאודלה רוזה 750,מיליליטרים,750.00,"100 מ""ל",false,1,49.90,6.65,true,1,
3211200108756,false,"יין מיזון קסטל מרלו רוזה 750 מ""ל",,,יין מיזון קסטל מרלו,Unknown,0.00,Unknown,false,1,48.90,48.90,true,1,
3211201046439,false,מיזון קסטל קברנה סוביניון 750 מל,,,מיזון קסטל קברנה סוב,Unknown,0.00,Unknown,false,1,48.90,48.90,true,1,
3211201046460,false,"מיזון קסטל מרלו 750 מ""ל",,,מיזון קסטל מרלו 750,Unknown,0.00,Unknown,false,1,48.90,48.90,true,1,
3211201046613,false,מיזון קסטל בורדו מרלו 750 מל,,,מיזון קסטל בורדו מרל,Unknown,0.00,Unknown,false,1,51.90,51.90,true,1,
3211201046644,false,"קסטל קוט דו רון גראנש סירה 750 מ""ל",,,מיזון קסטל קוט דו רו,Unknown,0.00,Unknown,false,1,51.90,51.90,true,1,
3211203429315,false,ברון דה לסטאק בלאן בורדו 750 מל,,,ברון דה לסטאק בלאן,Unknown,0.00,Unknown,false,1,59.90,59.90,true,1,
3211203433220,false,ברון דה לסטאק בורדו 750 מל,,,ברון דה לסטאק בורדו,Unknown,0.00,Unknown,false,1,59.90,59.90,true,1,
3211203444103,false,מיזון קסטל גרנד רזרב ק. סוביניון 750 מ,,,מיזון קסטל גרנד רזרב,Unknown,0.00,Unknown,false,1,51.90,51.90,true,1,
3211203444141,false,מיזון קסטל גרנד רזרב סירה 750 מל,,,מיזון קסטל גרנד רזרב,Unknown,0.00,Unknown,false,1,51.90,51.90,true,1,
3211203448347,false,שאטו דו לורט בורדו 750 מל,,,שאטו דו לורט בורדו,Unknown,0.00,Unknown,false,1,62.90,62.90,true,1,
3211209133544,false,"יין שאטו גואלן 750 מ""ל",,FR,יין שאטו גואלן 750 מ,מיליליטרים,750.00,"100 מ""ל",false,1,72.90,9.72,true,1,
3211209133698,false,שאטו טור פרינאק קרו ברזואה מדוק 750 מל,,,שאטו טור פרינאק,Unknown,0.00,Unknown,false,1,83.90,83.90,true,1,
3211209134442,false,שאטו פראנד בלאן גראב 750 מל,,,שאטו פראנד בלאן גראב,Unknown,0.00,Unknown,false,1,122.90,122.90,true,1,
3211209134510,false,"יין שאטו דה הוט קולון 750 מ""ל",,FR,יין שאטו דה הוט קולו,מיליליטרים,750.00,"100 מ""ל",false,1,135.90,18.12,true,1,
3211209149897,false,יין ברון דה לסטאק רוזה בורדו 750 מל,,,יין ברון דה לסטאק רו,Unknown,0.00,Unknown,false,1,59.90,59.90,true,1,
3211209158028,false,יין רוזה יבש מאספלורי קוט דה פרובנס 375,,,יין רוזה יבש מאספלו,מיליליטרים,375.00,"100 מ""ל",false,1,30.90,8.24,true,1,
3211209194507,false,מיזון קסטל שרדונה 750 מל,,,מיזון קסטל שרדונה 75,Unknown,0.00,Unknown,false,1,48.90,48.90,true,1,
3211209267126,false,מיזון קסטל גוורצטרמינר 750 מל,,,מיזון קסטל גוורצטרמי,Unknown,0.00,Unknown,false,1,46.90,46.90,true,1,
3211209719342,false,שאטו דו בוסקה קוט דה בורג 750 מל,,,שאטו דו בוסקה קוט דה,Unknown,0.00,Unknown,false,1,83.90,83.90,true,1,
3211209968030,false,יין קמברה שרדונה 1 ליטר,קמברה,,יין קמברה שרדונה 1 ל,Unknown,0.00,Unknown,false,1,41.90,41.90,true,1,
3211209968832,false,"יין מיזון קסטל ויוניה 750 מ""ל",,,יין מיזון קסטל ויוני,Unknown,0.00,Unknown,false,1,48.90,48.90,true,1,
3211209970859,false,יין קמברה קברנה סוביניון 1 ליטר,קמברה,,יין קמברה קברנה סובי,Unknown,0.00,Unknown,false,1,41.90,41.90,true,1,
3211209973348,false,"יין לאודלה מרסלן סירה 750 מ""ל",,FR,יין לאודלה מרסלן סיר,מיליליטרים,750.00,"100 מ""ל",false,1,49.90,6.65,true,1,
3211209973379,false,"יין לאודלה מרסאן רוסיאן 750 מ""ל",,FR,יין לאודלה מרסאן רוס,מיליליטרים,750.00,"100 מ""ל",false,1,49.90,6.65,true,1,
3211209991793,false,ברון דה לסטק בורדו מואל לבן חצי מתוק 750,,,ברון דה לסטק בורדו מ,Unknown,0.00,Unknown,false,1,59.90,59.90,true,1,
3211209999553,false,"יין לאודלה קברנה סוביניון 750 מ""ל",,FR,יין לאודלה קברנה סוב,מיליליטרים,750.00,"100 מ""ל",false,1,49.90,6.65,true,1,
3211209999584,false,"יין לאודלה מרלו 750 מ""ל",,FR,יין לאודלה מרלו 750,מיליליטרים,750.00,"100 מ""ל",false,1,49.90,6.65,true,1,
3245995960015,false,הנסי 700 V.S באריזת מתנה,jas hennessy,,הנסי 700 V.S באריזת,מיליליטרים,700.00,"100 מ""ל",false,1,149.90,21.41,true,1,
3254550033217,false,סנט מור גבינת ברי איסיני 220 גרם,אף.סי תבליני בגליל ב,FR,ברי מרובע 220 גר,גרמים,220.00,100 גרם,false,1,28.00,12.73,true,1,
3256760106392,false,חמאה צרפתית 100 גר פלשארד,,FR,חמאה צרפתית 100 גר,גרמים,100.00,100 גרם,false,1,6.50,6.50,true,1,
3256760106408,false,פלשארד בסגנון פטה 500 גר,,,פלשארד בסגנון פטה 50,גרמים,500.00,100 גרם,false,1,12.90,2.58,true,1,
3256761201003,false,פלשארד בסגנון פטה מעודנת 500 גר קרטונית,,,פלשארד בסגנון פטה מע,גרמים,500.00,100 גרם,false,1,12.90,2.58,true,1,
3257150100204,false,"קוניאק צרפתי מיוקוב 700 מ""ל V.S",,,קוניאק צרפתי מיוקוב,מיליליטרים,700.00,"100 מ""ל",false,1,156.90,22.41,true,1,
3257150101119,false,"מארז קוניאק מיוקוב 5 כוכבים 700 מ""ל",,,מארז קוניאק מיוקוב 5,מיליליטרים,700.00,"100 מ""ל",false,1,177.90,25.41,true,1,
3258368370045,false,"מארז גרנד אמפרר VSOP כשר 700 מ""ל",,,VSOP מארז גרנד אמפרר,מיליליטרים,700.00,"100 מ""ל",false,1,124.90,17.84,true,1,
3261090001002,false,ליקר לה בלסדרין 700,,,"ליקר 750 מ""ל LA BELL",מיליליטרים,750.00,"100 מ""ל",false,1,111.90,14.92,true,1,
3263280107310,false,"קוארפו פינה קולדה 700 מ""ל",,,קוארפו פינה קולדה 7,מיליליטרים,700.00,"100 מ""ל",false,1,62.90,8.99,true,1,
3263286301316,false,יין J.P קולומברד סוביניון לבן 750 מל,,FR,יין J.P קולומברד סוב,Unknown,0.00,Unknown,false,1,41.90,41.90,true,1,
3263286301323,false,"יין JP קברנה סירה 750 מ""ל",,FR,יין JP קברנה סירה 75,Unknown,0.00,Unknown,false,1,41.90,41.90,true,1,
3263286321284,false,יין צרפתי גיפי לבן חצי מתוק 750 מל,קב דה לנדירס,FR,יין צרפתי גיפי לבן,Unknown,0.00,Unknown,false,1,41.90,41.90,true,1,
3263286328993,false,יין גיי פי שנה מרלו,,FR,יין J.P מרלו 750 מל,Unknown,0.00,Unknown,false,1,41.90,41.90,true,1,
3263286346683,false,"J.P CHENET קולומברד שרדונה 750 מ""ל",לנדר,FR,J.P CHENET קולומברד,Unknown,0.00,Unknown,false,1,41.90,41.90,true,1,
3263289990203,false,יין גיי פי שנה שרדונ,,FR,J.P CHENET שרדונה 75,מיליליטרים,750.00,"100 מ""ל",false,1,41.90,5.59,true,1,
3267682136176,false,ויסקי היילנד קווין בלנדד 1 ליטר,היילנד קווין קומפני,GB,ויסקי היילנד קווין ב,ליטרים,0.00,ליטר,false,1,89.90,89.90,true,1,
3269863001891,false,"ברנדי דרוסארק נפולאון 70 מ""ל מארז שי",,,ברנדי דרוסארק נפולאו,מיליליטרים,700.00,"100 מ""ל",false,1,74.90,10.70,true,1,
3270620001764,false,קוניאק VS לואי רוייה 1 ליטר,,,קוניאק VS לואי רוייה,מיליליטרים,1000.00,"100 מ""ל",false,1,149.90,14.99,true,1,
3272770092678,false,טרטר שום ועשבי תיבול 150 גר,בונגראן,,טרטר שום ועשבי תיבול,גרמים,150.00,100 גרם,false,1,23.30,15.53,true,1,
3274551885561,false,פיליפ דרסלר אלזס גוורצטרמינר 750 מל,,,פיליפ גוורצטרמינר,Unknown,0.00,Unknown,false,1,69.90,69.90,true,1,
3275240312115,false,קממבר צרפתי קופסא 250 גרם,,FR,קממבר צרפתי קופסא 25,גרמים,250.00,100 גרם,false,1,25.90,10.36,true,1,
3275240312319,false,קממבר צרפתי נייר 240 גרם,,,קממבר צרפתי נייר 240,גרמים,240.00,100 גרם,false,1,24.90,10.38,true,1,
3276210810105,false,יין לה פטיט פרייר סוביניון בלאן 750 מל,,,יין לה פטיט פרייר סו,Unknown,0.00,Unknown,false,1,51.90,51.90,true,1,
3276210811102,false,יין אדום יבש פינו נואר 750 מל,,,יין לה פטיט פרייר יב,Unknown,0.00,Unknown,false,1,51.90,51.90,true,1,
3276210812109,false,יין לה פטיט פרייר פינו נואר רוזה 750 מל,,,יין לה פטיט פרייר פי,Unknown,0.00,Unknown,false,1,51.90,51.90,true,1,
3328640121945,false,וויסקי היילנד קווין בלנדד שרי פיניש 1 ל,,,וויסקי היילנד קווין,מיליליטרים,1000.00,"100 מ""ל",false,1,99.90,9.99,true,1,
3328640121976,false,"ויסקי היילנד קווין בלנדד 700 מ""ל",פונט סלאם וולנסיה,ES,ויסקי היילנד קווין ב,מיליליטרים,700.00,"100 מ""ל",false,1,76.90,10.99,true,1,
3333780204991,false,"יין שאטו סנטר לבן 750 מ""ל",lacheteau,FR,יין שאטו סנטר לבן 75,Unknown,0.00,Unknown,false,1,99.90,99.90,true,1,
3335121604934,false,חרדל דיג'ון חלק פלוטקין 370 גרם,קובינור,FR,חרדל דיגון 370 גרם (,גרמים,370.00,100 גרם,false,1,11.40,3.08,true,1,
3364048001328,false,"קוניאק VSOP טיפון 700 מ""ל",,FR,"קוניאק צרפתי 700 מ""ל",מיליליטרים,700.00,"100 מ""ל",false,1,159.90,22.84,true,1,
3387390730852,false,פיטנס דגנים מחיטה מלאה ואורז נסטלה 375 גרם,נסטלה צרפת איטנקורט,FR,דגני בוקר פיטנס 375,גרמים,375.00,100 גרם,false,1,19.90,5.31,true,1,
3412290023640,false,אמנטל צרפתי ארוז 250 גר,,,אמנטל צרפתי ארוז 250,גרמים,250.00,100 גרם,false,1,29.50,11.80,true,1,
3415582301921,false,גלידה האגן דאז דואו שוקולד נריר קרמל מלו,האגן-דאז,FR,גלידה האגן דאז דואו,גרמים,355.00,100 גרם,false,1,26.50,7.46,true,1,
3415582302928,false,גלידה האגן דאז דואו שוקולד בלגי תות קראנ,האגן-דאז,FR,גלידה האגן דאז דואו,גרמים,360.00,100 גרם,false,1,26.50,7.36,true,1,
3417320023881,false,בירה חזקה 8.8% סברנה פרמיום 500 מל פחי,קלסברוג ברוארי,,בירה חזקה 8.8% סברנה,מיליליטרים,500.00,"100 מ""ל",false,1,7.20,1.44,true,1,
3485851510804,false,"יין לואי מקס פינו נואר 750 מ""ל",,FR,יין לואי מקס פינו נו,Unknown,0.00,Unknown,false,1,53.90,53.90,true,1,
3485851510835,false,"יין לואי מקס שרדונה 750 מ""ל",,FR,יין לואי מקס שרדונה,Unknown,0.00,Unknown,false,1,53.90,53.90,true,1,
3500610033346,false,יין צרפתי גיפי אדום חצי מתוק 750 מל,קב דה לנדירס,FR,יין צרפתי גיפי אדום,Unknown,0.00,Unknown,false,1,41.90,41.90,true,1,
3500610122644,false,"יין לבן יבש גיפי שנה גוורצטרמינר 750 מ""ל",,,יין לבן יבש גיפי שנה,מיליליטרים,750.00,"100 מ""ל",false,1,41.90,5.59,true,1,
3523230025638,false,"גבינת עיזים בושה טבעי, 125 גרם",אוריאל,FR,גבינה מיני בושה עיזי,גרמים,125.00,100 גרם,false,1,24.90,19.92,true,1,
3523230025652,false,"גבינת מיני בושה עם שום ועשי תיבול ועשבי, 125 גרם",סואניון,FR,גבינה מיני בושה,גרמים,125.00,100 גרם,false,1,24.90,19.92,true,1,
3523230032278,false,גבינת עיזים למריחה 150 גרם,אוריאל,FR,גבינת עיזים למריחה 1,גרמים,150.00,100 גרם,false,1,25.90,17.27,true,1,
3544760002449,false,"מלח ים אטלנטי 1 ק""ג+ AQUASEL 10%",,,"מלח ים אטלנטי 1 ק""ג+",קילוגרמים,0.00,"ק""ג",false,1,19.90,19.90,true,1,
3574661003924,false,שטיפת פה טוטאל קר בטעם מנטה צלול,ג'\ונסון אנד ג'\ונסון,IT,מי פה ליסטרין טוטל ק,מיליליטרים,500.00,"100 מ""ל",false,1,23.90,4.78,true,1,
3574661114637,false,ליסטרין שטיפת פה קול מינט טעם מעודן 500,ג'\ונסון אנד ג'\ונסון,IT,מי פה ליסטרין מנטה ע,מיליליטרים,500.00,"100 מ""ל",false,1,19.80,3.96,true,1,
3574661363998,false,"מי פה ליסטרין תה ירוק 500 מ""ל",ג'\ונסון אנד ג'\ונסון,IT,מי פה ליסטרין תה ירו,מיליליטרים,500.00,"100 מ""ל",false,1,23.90,4.78,true,1,
3574661491806,false,מי פה אדבנס וויט מנטה מסירה כתמים קשים,ג'\ונסון אנד ג'\ונסון,IT,מי פה ליסטרין אדוונס,מיליליטרים,500.00,"100 מ""ל",false,1,23.90,4.78,true,1,
3574661552804,false,מגן תחתון קרפרי אלוורה 56 יחידות,הדקלאים אגודת שיתופי,IT,מגן תחתון קרפרי אלוו,Unknown,0.00,Unknown,false,1,25.90,25.90,true,1,
3574661552811,false,מגן תחתון קרפרי כותון אוורירי 56 יחידות,הדקלאים אגודת שיתופי,GR,מגן תחתון קרפרי כותו,Unknown,0.00,Unknown,false,1,25.90,25.90,true,1,
3574661554884,false,קרפרי מגן תחתון רגיל טנגה מבושם 56 יח,הדקלאים אגודת שיתופי,IT,מגן תחתון קרפרי רגיל,Unknown,0.00,Unknown,false,1,25.90,25.90,true,1,
3574669907781,false,גונסונס בייבי שמפו לתינוק 750 מל,INTERNATIONAL GMBH CILAG,IT,שמפו גונסונס בייבי,Unknown,0.00,Unknown,false,1,27.90,27.90,true,1,
3600523587865,false,לוריאל - אלביב קרם לשיער דרים לונג 200,לוריאל - אלביב Elvive,DE,קרם לשיער לוראל אלבי,מיליליטרים,200.00,"100 מ""ל",false,1,29.90,14.95,true,1,
3608580730248,false,קונפיטורה דובדובן 370 ג' בוני מאמן,בון ממן,FR,קונפיטורה בטעם דובדב,גרמים,370.00,100 גרם,false,1,20.90,5.65,true,1,
3608580730255,false,קונפיטורה בטעם משמש 370 גר BONNE MAMAN,בון ממן,FR,קונפיטורה בטעם משמש,גרמים,370.00,100 גרם,false,1,20.90,5.65,true,1,
3608580730286,false,קונפיטורה בון ממאן ארבע עונות 370 גר',אנדרוס,FR,קונפיטורה ארבע פירות,גרמים,370.00,100 גרם,false,1,20.90,5.65,true,1,
3608580730323,false,קונפיטורה בטעם פטל 370 גר BONNE MAMAN,אנדורס,FR,קונפיטורה בטעם פטל 3,גרמים,370.00,100 גרם,false,1,20.90,5.65,true,1,
3662444002773,false,חלה בריוש שוקוציפס ראובנס 500 גרם,אר.אפ.די,FR,חלה בריוש שוקוציפס ר,גרמים,500.00,100 גרם,false,1,24.90,4.98,true,1,
3700597306383,false,"וויסקי ניקה דייס 700 מ""ל",,FR,וויסקי ניקה דייס 700,מיליליטרים,700.00,"100 מ""ל",false,1,199.90,28.56,true,1,
3760062816847,false,ברתייה קוטו דה גינואה סוביניון בלאן 750,,FR,ברתייה קוטו דה גינוא,מיליליטרים,750.00,"100 מ""ל",false,1,59.90,7.99,true,1,
3760291950145,false,"יין שאטו פיגודה רוזה לה שאפל 750 מ""ל",,,יין שאטו פיגודה רוזה,מיליליטרים,750.00,"100 מ""ל",false,1,72.90,9.72,true,1,
3770000016796,false,"יין שבלי דומיין דה שאטיון כשל""פ 750 מ""ל",דומיין דה לה,FR,יין שבלי דומיין דה ש,Unknown,0.00,Unknown,false,1,89.90,89.90,true,1,
3800016701178,false,"לפתן חצאי משמש בסירופ 700 מ""ל",פרוקטו סליבאן GSC,BG,"לפתן משמש 700 מ""ל",מיליליטרים,700.00,"100 מ""ל",false,1,10.70,1.53,true,1,
3800023801564,false,GUSTO רולדה וניל ופי,,BG,GUSTO רולדה וניל ופי,Unknown,0.00,Unknown,false,1,6.90,6.90,true,1,
3800023807047,false,GUSTO רולדה וניל ותו,,BG,GUSTO רולדה וניל ותו,Unknown,0.00,Unknown,false,1,6.90,6.90,true,1,
3800061608088,false,עוגיות פרסטיז במילוי בטעם תפוחים 155 גר,,,עוגיות פרסטיז במילוי,גרמים,155.00,100 גרם,false,0,8.90,5.74,true,1,
3800065711319,false,ביסקוויט גאמבי תות שדה 170 גרם,,,ביסקוויטים במ.ריבת ת,גרמים,150.00,100 גרם,false,1,7.90,5.27,true,1,
3800065711531,false,ביסקויט קלאסיק דבש ואגוז 190 גרם,זרחני איזדליה ורנה (,,עוגיות עם דבש 170 גר,גרמים,170.00,100 גרם,false,1,8.90,5.24,true,1,
3800065723015,false,מקלות גריסיני מלוח קלאסי סוויט פלוס 235 גר,,BG,גריסיני קלאסי עם מלח,גרמים,235.00,100 גרם,false,1,8.90,3.79,true,1,
3800065723022,false,מקלות גריסיני עם פרג סוויט פלוס 235 גר,זרחני איזדליה ורנה (,BG,גריסיני עם פרג סטיקס,גרמים,235.00,100 גרם,false,1,8.90,3.79,true,1,
3800065781114,false,עוגת וופל צודו בוטנים 250 גרם,זרחני איזדליה ורנה (,BG,עוגת וופל במ.קרם קקא,גרמים,250.00,100 גרם,false,1,12.90,5.16,true,1,
3800065781268,false,עוגת וופל צודו בוטנים 180 גרם,זרחני איזדליה ורנה (,BG,עוגת וופל במ.קרם קקא,גרמים,180.00,100 גרם,false,1,9.90,5.50,true,1,
3800065781688,false,עוגת וופל צודו אגוזי לוז 125 גר,זרחני איזדליה ורנה (,BG,עוגת וופל במילוי קרם,גרמים,125.00,100 גרם,false,1,9.90,7.92,true,1,
3800093511578,false,"טימס מאפה שמרים עם מרמלדת תפו""ע 250 ג",,,טימס מאפה שמרים עם מ,גרמים,250.00,100 גרם,false,1,11.40,4.56,true,1,
3800163830073,false,זיתים ירוקים ללא גרעינים ממולאים 720 גרם,,TR,זיתים ירוקים ממולאים,גרמים,720.00,100 גרם,false,1,15.90,2.21,true,1,
3800205875109,false,צנימים אובן בקד עגבניות וזיתים 70 גר,,,צנימים עגבניות זיתים,גרמים,70.00,100 גרם,false,1,5.90,8.43,true,1,
3800205875307,false,צנימים אובן בקד בטעם שום ובצל 70 גר,,,צנימים אובן בקד בטעם,גרמים,70.00,100 גרם,false,1,5.90,8.43,true,1,
3800500043319,false,שוקולד מריר 70% ציאה אורגני 70 גרם,,BG,שוקולד מריר 70% ציאה,גרמים,70.00,100 גרם,false,1,18.90,27.00,true,1,
3800727040115,false,לפתן משמש 700 גרם,,BE,לפתן משמש 700 גרם,גרמים,700.00,100 גרם,false,1,16.90,2.41,true,1,
3800740010072,false,"אסורטי טודטרקה 1 ק""ג",DERONI,,"אסורטי טודטרקה 1 ק""ג",גרמים,1000.00,100 גרם,false,1,19.90,1.99,true,1,
3800740027155,false,שימורי ירקות ליוטניצה טודורקה 350 גרם,DERONI,,שימורי ירקות ליוטניצ,גרמים,350.00,100 גרם,false,1,15.40,4.40,true,1,
3838471048828,false,סרדינים פאטה 95 גר ARGETA,,,סרדינים פאטה 95 גר A,גרמים,95.00,100 גרם,false,1,7.90,8.32,true,1,
3838471048842,false,סרדינים ומקרל פאטה 95 גר ARGETA,,,סרדינים ומקרל פאטה 9,גרמים,95.00,100 גרם,false,1,7.90,8.32,true,1,
3838824127149,false,צבע לשיער פלטה - 1-1 שחור כחול,שוורצקופף והנקל,SI,פלטה סמי קיט 1-1 שחו,Unknown,0.00,Unknown,false,1,29.90,29.90,true,1,
3838945007870,false,מיץ תפוזים 100% עם ויטמין סי 1 ליטר,FRUCTAL,,מיץ תפוזים 100% עם ו,מיליליטרים,1000.00,"100 מ""ל",false,1,15.10,1.51,true,1,
3838945027854,false,מולטי ויטמין פירות אד. 100% 1 ל FRUCTAL,FRUCTAL,SI,מולטי ויטמין פירות א,מיליליטרים,1000.00,"100 מ""ל",false,1,15.10,1.51,true,1,
3838945028547,false,"מיץ תפוח עץ 100% סחוט 200 מ""ל FRUCTAL",FRUCTAL,SI,מיץ תפוח עץ 100% סחו,מיליליטרים,200.00,"100 מ""ל",false,1,4.90,2.45,true,1,
3838945028592,false,"מיץ תפוז 100% 200 מ""ל FRUCTAL",FRUCTAL,,מיץ תפוז 100% 200,מיליליטרים,200.00,"100 מ""ל",false,1,4.90,2.45,true,1,
3838945509015,false,נקטר אוכמניות שחורות 25% 1 ל FRUCTAL,פרוקטל Fructal,SI,נקטר אוכמניות שחורות,מיליליטרים,1000.00,"100 מ""ל",false,1,15.10,1.51,true,1,
3838945509060,false,מיץ תפוחים 100% 1 ליטר FRUCTAL,FRUCTAL,SI,מיץ תפוחים 100% 1 לי,מיליליטרים,1000.00,"100 מ""ל",false,1,15.10,1.51,true,1,
3850104008054,false,תבלין ירקות ווגטה 75 גר,פודרבקה ד.ד,HR,תבלין ירקות ווגטה 75,גרמים,75.00,100 גרם,false,1,7.50,10.00,true,1,
3850104008443,false,תערובת תבלינים עם ירקות ווגטה 500 גר,פודרבקה ד.ד,HR,תערובת תבלינים עם יר,גרמים,500.00,100 גרם,false,1,38.90,7.78,true,1,
3850104008597,false,תערובת תבלינים עם ירקות ווגטה 250 גר,PODRAVKA POLSKA,HR,תערובת תבלינים עם יר,גרמים,250.00,100 גרם,false,1,20.90,8.36,true,1,
3850104008825,false,תבלין ויגטה ירקות שקית 125 גר,פודרבקה ד.ד,HR,תערובת תבלינים עם יר,גרמים,125.00,100 גרם,false,1,12.50,10.00,true,1,
3850104029189,false,תבלין ויגטה לפלוב 30 גר,,HR,תבלין תיבול לפלוב 20,Unknown,0.00,Unknown,false,1,3.50,3.50,true,1,
3850104214202,false,תבלין וגטה בקר 25 גר,,HR,תבלין תערובת תיבול ל,Unknown,0.00,Unknown,false,1,3.50,3.50,true,1,
3850116036083,false,קינוח קפוא QUATTRO בטעם שוקולד קקאו ואגו,,,קינוח קפוא QUATTRO ב,גרמים,920.00,100 גרם,false,1,44.90,4.88,true,1,
3850158301088,false,משקה כוהלי סליבוביצה,מרסקה,,"סליבוביץי 40% 700 מ""",מיליליטרים,700.00,"100 מ""ל",false,1,114.90,16.41,true,1,
3856020235819,false,תערובת תיבול עם גזר,,HR,תערובת תיבול עם גזר,Unknown,1.00,Unknown,false,1,7.90,7.90,true,1,
4000161060116,false,נידרגר שוקולד מריר במילוי מרציפן 110 גר,,,נידרגר שוקולד מריר ב,גרמים,110.00,100 גרם,false,1,20.90,19.00,true,1,
4000161060147,false,נידרגר שוקולד חלב במילוי מרציפן 110 גר,,,נידרגר שוקולד חלב במ,גרמים,110.00,100 גרם,false,1,20.90,19.00,true,1,
4000161060161,false,נידרגר שוק.מריר וגינגיר מילוי מרציפן 110,,,נידרגר שוק.מריר וגינ,גרמים,110.00,100 גרם,false,1,20.90,19.00,true,1,
4000211056052,false,רגולדס-סוכריות אקליפטוס מנטול בשקית 500ג,,DE,רגולדס-סוכריות אקליפ,גרמים,500.00,100 גרם,false,1,16.90,3.38,true,1,
4000417019004,false,שוקולד חלב אגוזי לוז שלמים ריטר ספורט 100 גרם,ריטר ספורט Ritter sport,DE,שוקולד RITTER SPORT,גרמים,400.00,100 גרם,false,1,10.50,2.63,true,1,
4000417022004,false,ריטר ספורט שוקולד חלב מעולה עם צימוקים ואגוזי לוז 100 גרם,ריטר ספורט Ritter sport,DE,שוקולד ריטר ספורט צי,גרמים,100.00,100 גרם,false,1,8.90,8.90,true,1,
4000417023001,false,ריטר ספורט שוקולד חלב מעולה עם שקדים שלמים,ריטר ספורט Ritter sport,DE,שוקולד RITTER SPORT,גרמים,100.00,100 גרם,false,1,10.50,10.50,true,1,
4000417025005,false,שוקולד מריר במילוי מרציפן ריטר ספורט 100 גרם,ריטר ספורט Ritter sport,DE,שוקולד RITTER SPORT,גרמים,100.00,100 גרם,false,1,8.90,8.90,true,1,
4000417026002,false,שוקולד חלב ממולא קרם פרלין אגוזי לוז,ריטר ספורט Ritter sport,DE,שוקולד ריטר ספורט נו,גרמים,100.00,100 גרם,false,1,8.90,8.90,true,1,
4000417101211,false,גלילי וופל עם קרם אגוזי לוז בציפוי שוקולד חלב,אמיצ'לי Amicelli,AT,אמיצלי 150 גרם,גרמים,150.00,100 גרם,false,1,19.80,13.20,true,1,
4000417211002,false,שוקולד חלב מעולה ממולא קרם קרמל מוקצף ושברי שקדים מומלחים,ריטר ספורט Ritter sport,DE,ריטר ספורט מוס קרמל,גרמים,100.00,100 גרם,false,1,8.90,8.90,true,1,
4000417212009,false,ריטר ספורט שוקולד מריר מעולה עם שקדים קצוצים וקליפות תפוז מסוכרות,ריטר ספורט Ritter sport,DE,שוקולד ריטר ספורט שק,גרמים,100.00,100 גרם,false,1,8.90,8.90,true,1,
4000417222008,false,ריטר ספורט שוקולד חלב עם שברי אגוזים 100 גרם,ריטר ספורט Ritter sport,DE,שוקולד ריטר ספורט חל,גרמים,100.00,100 גרם,false,1,8.90,8.90,true,1,
4000417294005,false,ריטר שקולד חלב במילוי קרם קקאו מוקצף,ריטר ספורט Ritter sport,DE,שוקולד RITTER SPORT,גרמים,100.00,100 גרם,false,1,8.90,8.90,true,1,
4000417298003,false,ריטר ספורט שוקולד חלב קרם קוקוס וחלב,ריטר ספורט Ritter sport,DE,שוקולד ריטר ספורט קו,גרמים,100.00,100 גרם,false,1,8.90,8.90,true,1,
4000417626417,false,שוקולד חלב חמוציות ממותקות ושברי אגוזי לוז,ריטר ספורט,DE,שוקולד חלב עם חמוציו,גרמים,100.00,100 גרם,false,1,8.90,8.90,true,1,
4000417707000,false,שוקולד חלב מעולה עם שברי קשיו קלוי ומומלח,ריטר ספורט Ritter sport,DE,ריטר ספורט חלב קשיו,גרמים,100.00,100 גרם,false,1,10.50,10.50,true,1,
4000504149027,false,גבינת קממבר דה לוקס 125 גרם,,,גבינת קממבר דה לוקס,גרמים,125.00,100 גרם,false,1,22.90,18.32,true,1,
4000504149324,false,גבינת רוגט גרמני 125 גרם,,DE,גבינת רוגט גרמני 125,גרמים,125.00,100 גרם,false,0,23.90,19.12,true,1,
4000504149423,false,גבינת קמבוזולה 125 גרם,,DE,גבינת קמבוזולה 125 ג,גרמים,125.00,100 גרם,false,1,22.90,18.32,true,1,
4000504213028,false,גבינה דורבלו גרמנית במשקל,,,גבינה דורבלו גרמנית,Unknown,0.00,"ק""ג",true,0,184.00,184.00,true,1,
4000522009747,false,"מקלות בייגלה תפו""א צ'יו 80 גרם",טרופיקל דגיל תעשיות,HU,"מקלות תפו""א מלוחים 8",גרמים,80.00,100 גרם,false,1,5.20,6.50,true,1,
4000522061752,false,בייגלה צ'יו מקלות מלוחים 100 גרם,צ'יו Chio,HU,בייגלה ציו מקלות 100,גרמים,100.00,100 גרם,false,1,5.20,5.20,true,1,
4000539280740,false,לינדט אקסלנס 78% מוצקי קקאו 100 גרם,לינדט ושפרונגלי קילשברג,DE,שוקולד לינדט אקסלנס,גרמים,100.00,100 גרם,false,1,14.90,14.90,true,1,
4000576481889,false,צימרוני אוזניים לתינוק 72 יח',ג'ין קרול Jean Carol,DE,צימרונים לתינוק 72 י,Unknown,0.00,Unknown,false,1,6.90,6.90,true,1,
4000576722654,false,פדים להסרת איפור זוג *70 יח',ג'ין קרול Jean Carol,,פדים להסרת איפור 140,Unknown,0.00,Unknown,false,1,18.80,18.80,true,1,
4000799136894,false,קפה נמס אורגני מ.בהקפה 100 גר מאנט האגן,מאונט האגן,DE,קפה נמס אורגני מ.בהק,גרמים,100.00,100 גרם,false,1,35.90,35.90,true,1,
4001499957628,false,מטהר אסלות פרוש בניחוח לימון,ארדל רקס,DE,מטהר אסלות פרוש בניח,Unknown,0.00,Unknown,false,1,18.90,18.90,true,1,
4001507161948,false,קווקר פתיתי שיבולת שועל דקה 500 גר,פורטין מולנברקה ג'ב,DE,קווקר פתיתי שיבולת ש,גרמים,500.00,100 גרם,false,1,6.20,1.24,true,1,
4001518003817,false,מקלות פריכים עם גבינת גאודה 125 ג' טורינוס,גריסון,DE,חטיף חיטה אפוי בתוספ,גרמים,125.00,100 גרם,false,1,17.70,14.16,true,1,
4001686120163,false,הריבו ריינבואו חמוץ 160 גרם,,DE,הריבו ריינבואו חמוץ,גרמים,160.00,100 גרם,false,1,10.90,6.81,true,1,
4001686301524,false,הריבו גולדבירס מיני דובוני גומי 250 גרם,,DE,הריבו גולדבירס מיני,גרמים,250.00,100 גרם,false,1,17.70,7.08,true,1,
4001686423424,false,הריבו בננה 175 גרם,,,הריבו בננה 175 גרם,גרמים,175.00,100 גרם,false,1,8.90,5.09,true,1,
4001751035705,false,רוטב חרדל עם דבש סקנדיה 215 גרם,סקנדיה,,רוטב חרדל עם דבש סקנ,גרמים,215.00,100 גרם,false,1,10.90,5.07,true,1,
4001751064262,false,רוטב חזרת שמנת 190 ג,סקנדיה,,חזרת בשמנת 200 גרם,גרמים,200.00,100 גרם,false,1,10.90,5.45,true,1,
4001751073677,false,רוטב חזרת עם סלק 200 גר,סקנדיה,,רוטב חזרת עם סלק 200,גרמים,200.00,100 גרם,false,1,10.90,5.45,true,1,
4002103289449,false,בירה ארדינגר ללא אלכוהול 330 מל,ארדינגר,DE,בירה ארדינגר 0% אלכו,מיליליטרים,330.00,"100 מ""ל",false,1,6.50,1.97,true,1,
4002309009100,false,ממרח שוקולד 350 גר KIDDY DUO,,LT,ממרח שוקולד 350 גר K,גרמים,350.00,100 גרם,false,1,16.90,4.83,true,1,
4002448017684,false,"סיליט באנג ספריי ניקוי כללי מסיר אבנית 750 מ""ל",הדקלאים אגודת שיתופי,PL,סיליט באנג ספריי מסי,מיליליטרים,750.00,"100 מ""ל",false,1,12.90,1.72,true,1,
4002575016253,false,מרציפן מצופה שוקולד זנטיס 100 גרם,"זנטוס, ג'ולישר 177",DE,מרציפן 100 גרם,גרמים,100.00,100 גרם,false,1,13.90,13.90,true,1,
4002631025069,false,בירה גרמנית קוניגסבכר Konigsbacher,קרלסברג יבוא יצוא,DE,בירה קוניגסבכר 4.6%,מיליליטרים,500.00,"100 מ""ל",false,1,5.90,1.18,true,1,
4002631025830,false,"בירה קוניגסבאכר חיטה 5.1% 500 מ""ל פחית",קרלסברג יבוא יצוא,DE,בירה קוניגסבאכר חיטה,מיליליטרים,500.00,"100 מ""ל",false,1,6.90,1.38,true,1,
4002720004371,false,קפה אספרסו קלוי וטחון 250 גרם BELLA CREMA,Melitta Kaffee GmbH,DE,קפה אספרסו 250 גרם B,גרמים,250.00,100 גרם,false,1,29.50,11.80,true,1,
4002720005736,false,מליטה קפה לפילטר פרימיום 250 גרם,המאפיה של הרמן,DE,קפה פילטר מליטה 250,גרמים,250.00,100 גרם,false,1,18.80,7.52,true,1,
4002899563105,false,קונטיננטל דובשניות מצופות שוקול מריר 500,,NL,קונטיננטל דובשניות מ,גרמים,500.00,100 גרם,false,1,22.90,4.58,true,1,
4002899701118,false,קונטיננטל דובשניות מצופות שוקול חלב 500ג,,NL,קונטיננטל דובשניות מ,גרמים,500.00,100 גרם,false,1,22.90,4.58,true,1,
4003301058486,false,"יין מייבאך סוביניון בלא לבן 750 מ""ל",,DE,יין מייבאך סוביניון,Unknown,0.00,Unknown,false,1,56.90,56.90,true,1,
4003301081835,false,"יין לבן יבש מייבאך שרדונה 750 מ""ל",,DE,יין לבן יבש מייבאך ש,Unknown,0.00,Unknown,false,1,56.90,56.90,true,1,
4003586006660,false,פאני פריש-חטיף בייגלה שמנת חמוצה 120 ג,Intersnack Deutschland SE,DE,פאני פריש-חטיף בייגל,גרמים,120.00,100 גרם,false,1,13.40,11.17,true,1,
4003586006714,false,פאני פריש-חטיף בייגלה דבש וחרדל 120 גרם,Intersnack Deutschland SE,DE,פאני פריש-חטיף בייגל,גרמים,120.00,100 גרם,false,1,13.40,11.17,true,1,
4003754021679,false,בונ עיגולי מרציפן עם מחית דובדבן בשוקול,Erasmi & Carstens Gm,DE,בונ עיגולי מרציפן עם,גרמים,210.00,100 גרם,false,1,26.90,12.81,true,1,
4003754236141,false,מרציפן מצופה שוקולד מריר 140 גרCARSTENS,אירסמי אנד קארסטנס,DE,מרציפן מצופה שוקולד,גרמים,140.00,100 גרם,false,1,12.90,9.21,true,1,
4004591030398,false,"בירה קייזרדום חיטה 300 מ""ל בקבוק",,DK,בירה קייזרדום חיטה 3,מיליליטרים,330.00,"100 מ""ל",false,1,7.90,2.39,true,1,
4004591131316,false,"בירה קייזרדום חיטה 6*330 מ""ל בקבוק",,,בירה קייזרדום חיטה,מיליליטרים,1980.00,"100 מ""ל",false,1,37.90,1.91,true,1,
4004666042004,false,"מלרוד מרסס משמיד עובש יעקבי 500 מ""ל",יעקובי,DE,מלרוד מרסס לעובש,Unknown,0.00,Unknown,false,1,33.50,33.50,true,1,
4005808366392,false,שפתון ליובש כחול קלאסי לבלו 48 גרם,טרופיקל דגיל תעשיות,IL,שפתון לבלו כחול,Unknown,0.00,Unknown,false,1,12.50,12.50,true,1,
4005808502004,false,לבלו שפתון סופט ורוד בליסטר 5.5מל,ביירסדורף,DE,שפתון לבלו ורוד 7.7,Unknown,0.00,Unknown,false,1,12.50,12.50,true,1,
4005808813063,false,תחליב לחות לעור רגיש לאחר גילוח,בטר אנד דיפרנט,DE,אפטר שייב קרם לעור ר,מיליליטרים,100.00,"100 מ""ל",false,1,59.60,59.60,true,1,
4005808890507,false,קרם ניוואה סופט צנצנת 200 מל,ניוואה Nivea,ES,קרם ניוואה סופט צנצנ,גרמים,250.00,100 גרם,false,1,29.90,11.96,true,1,
4005900036483,false,"ניוואה - דאודורנט ספריי לגבר שקוף בלק וווי 150 מ""ל",בטר אנד דיפרנט,DE,דאודורנט ספריי לגבר,גרמים,130.00,100 גרם,false,1,23.50,18.08,true,1,
4005900431776,false,לבלו שפתון וניל בליסטר,ביירסדורף,DE,לבלו וניל,Unknown,0.00,Unknown,false,1,12.50,12.50,true,1,
4005900496461,false,"ניוואה תחליב לחות אפטר שייב דיפ לאחרי, 100 מ""ל",beiersdorf,DE,תחליב לחות ניוואה מן,Unknown,0.00,Unknown,false,1,55.50,55.50,true,1,
4005900513069,false,"ניוואה - דאודורנט רול און לגבר דיפ 50 מ""ל",ביירסדורף,DE,דאו רול און ניוואה מ,מיליליטרים,50.00,"100 מ""ל",false,1,23.50,47.00,true,1,
4005900521262,false,"ג'ל רחצה לגבר פיור אימפקט ניוואה 500 מ""ל",ביירסדורף,DE,גל רחצה ניוואה מן DE,מיליליטרים,500.00,"100 מ""ל",false,1,18.20,3.64,true,1,
4005900683878,false,לבלו סקראב שפתון פילינג אלוורה בליסטר,ביירסדורף,DE,שפתון לבלו סקראב אלו,Unknown,0.00,Unknown,false,1,16.70,16.70,true,1,
4005900683908,false,לבלו סקראב שפתון פילינג רוז היפ בליסטר,ביירסדורף,DE,שפתון לבלו סקראב רוז,Unknown,0.00,Unknown,false,1,16.70,16.70,true,1,
4005900833723,false,"ניוואה - פאוור פרש ג'ל רחצה לגבר 500 מ""ל",HELLAS BEIERSDORF,DE,גל רחצה לגבר Power R,מיליליטרים,500.00,"100 מ""ל",false,1,17.90,3.58,true,1,
4005900978950,false,לבלו - דובדבן שפתון לחות מטפח מהדורת נסיכות דיסני,ביירסדורף,DE,לובלו בטעם דובדבן -,Unknown,0.00,Unknown,false,1,15.60,15.60,true,1,
4006298004108,false,"בירה טוכר דונקל הפוויצן 500 מ""ל",מבשלת טוכר,DE,בירה טוכר דונקל הפוו,מיליליטרים,500.00,"100 מ""ל",false,1,14.90,2.98,true,1,
4006298014206,false,"בירה טוכר הלס הפוויצן פחית 500 מ""ל",מבשלת טוכר,DE,בירה טוכר הלס הפוויצ,מיליליטרים,500.00,"100 מ""ל",false,1,11.50,2.30,true,1,
4006298207912,false,סבאלדוס הלס הפוויצן,מבשלת טוכר,,"בירה סבאלדוס 500 מ""ל",מיליליטרים,500.00,"100 מ""ל",false,1,13.90,2.78,true,1,
4006387085407,false,שלישיית פילטר מקסטרא סודהסטרים,סודה קלאב,DE,פילטר מקסטרה+ שלישיי,Unknown,0.00,Unknown,false,1,139.00,139.00,true,1,
4006591330003,false,עוגת שזיפים 1.25 קילו,,DE,עוגת שזיפים 1.25 קיל,מיליליטרים,1250.00,"100 מ""ל",false,1,83.50,6.68,true,1,
4006591350001,false,עוגת גבינה שמנת מנדרינות 1.050 קילו,,DE,עוגת גבינה שמנת מנדר,גרמים,1050.00,100 גרם,false,1,83.50,7.95,true,1,
4006714000851,false,"יאגטראום ליקר צמחים 700 מ""ל",,,יאגטראום ליקר צמחים,מיליליטרים,700.00,"100 מ""ל",false,1,59.90,8.56,true,1,
4007519050720,false,שקיות אשפה עם שרוך חזקות במיוחד 60 ליטר,פאלי Pely,DE,שקיות אשפה פלי עם שר,Unknown,0.00,Unknown,false,1,12.50,12.50,true,1,
4007519050744,false,שקיות אשפה עם שרוך חזקות במיוחד 120 ליטר,פאלי Pely,DE,פלי שקיות אשפה 120,Unknown,0.00,Unknown,false,1,12.50,12.50,true,1,
4007519086262,false,פלי שקיות אשפה ריחניות 22 יח 60 ל,וו.פלץ,DE,פלי שקיות אשפה ריחני,יחידה,1.00,יחידה,false,1,12.50,12.50,true,1,
4007745058804,false,נטורפוד מיונז אורגני 340 גרם,אף.סי תבליני בגליל ב,DE,מיונז אורגני 350 גרם,גרמים,350.00,100 גרם,false,1,24.90,7.11,true,1,
4007745058828,false,חרדל צרפתי גרגרים אורגני 200 גרם,נטורפוד,DE,חרדל צרפתי גרגרים או,גרמים,200.00,100 גרם,false,1,15.50,7.75,true,1,
4008102002867,false,גרגירים להכנת תה לימון מילפורד 400 גרם,ליימן מותגים,DE,תה לימון 400 גרם,גרמים,400.00,100 גרם,false,1,19.70,4.93,true,1,
4008287051032,false,בירה קרומבאכר פילס 0.50 ליטר פחית,מנדלז סי.אר. פרודקשן,DE,בירה קרומבאכר פילס,מיליליטרים,500.00,"100 מ""ל",false,1,10.50,2.10,true,1,
4008287058161,false,"שישייה בירה קרומבאכר פילס 330X6 מ""ל",מנדלז סי.אר. פרודקשן,DE,שישיית בירה קרומבאכ,מיליליטרים,1980.00,"100 מ""ל",false,1,34.90,1.76,true,1,
4008287762020,false,בירה קרומבאכר חיטה 0.50 ליטר בקבוק,קרומבכר בראורי,DE,בירה קרומבאכר חיטה 5,מיליליטרים,500.00,"100 מ""ל",false,1,10.50,2.10,true,1,
4008400102528,false,פררו-מון שרי פרליני דובדבן ליקר 157 גר,פררו,DE,פררו-מון שרי פרליני,גרמים,157.00,100 גרם,false,1,41.90,26.69,true,1,
4008400121321,false,פררו גיוטו בשקית 116 גרם,,,פררו גיוטו בשקית 116,גרמים,116.00,100 גרם,false,1,28.90,24.91,true,1,
4009300524588,false,חליטת צמחים פומפדור פירות יער 20 יחידות,פומפדור Pompadour,DE,תה חליטת פומפדור פיר,Unknown,0.00,Unknown,false,1,19.80,19.80,true,1,
4009300525011,false,פומפידור תה ירוק עם תפוז וג'ינגר 25 שקיקים,"איטיליאן פוד, אס.פי.",DE,תה פומפדור ירוק עם ת,Unknown,0.00,Unknown,false,1,23.90,23.90,true,1,
4009300529552,false,תה חליטת פומפדור פירות אפרסק 20 יח,TEEKANNE- POMPADOU,DE,תה חליטת פומפדור פיר,גרמים,50.00,100 גרם,false,1,19.80,39.60,true,1,
4009300529576,false,תה חליטת פומפדור פירות רימונים 20 יח,TEEKANNE- POMPADOU,DE,תה חליטת פומפדור פיר,Unknown,0.00,Unknown,false,1,19.80,19.80,true,1,
4009309022399,false,כרוב כבוש אורגני 670 גרם,נטורפוד,DE,כרוב כבוש אורגני 680,גרמים,680.00,100 גרם,false,1,19.30,2.84,true,1,
4009309114407,false,מלפפונים אורגניים בחומץ 670 גר,נטורפוד,DE,מלפפונים אורגניים,גרמים,670.00,100 גרם,false,1,23.90,3.57,true,1,
4009309456453,false,שימורי סלק אדום אורגני נטורפוד 670 גר,נטורפוד,DE,שימורי סלק אורגני,גרמים,670.00,100 גרם,false,1,18.50,2.76,true,1,
4009309740422,false,רסק תפוחים אורגני – נטורפוד 700 גרם,נטורפוד,DE,רסק תפוחים אורגני –,גרמים,700.00,100 גרם,false,1,17.50,2.50,true,1,
4009900379564,false,מסטיק הובה בובה Hubba Bubba טייפ בטעם פירות,הובה בובה Hubba Bubba,GB,הובה בובה טייפ פירות,Unknown,0.00,Unknown,false,1,8.30,8.30,true,1,
4009900402965,false,אורביט וויט בטעם פירות בקבוקון 46מלבניות,ריגלי פולין,PL,מסטיק אורביט WHITE ב,Unknown,0.00,Unknown,false,1,9.50,9.50,true,1,
4009900403023,false,אורביט וויט בטעם מנטה בקבוקון 46 מלבניות,"ב.א מזון בע""מ",PL,מסטיק אורביט WHITE ב,Unknown,0.00,Unknown,false,1,9.50,9.50,true,1,
4009900420129,false,מסטיק אורביט פרופשנל פפרמינט בקבוקון 64 גר',מרס נדרלנד,PL,מסטיק אורביט פרופשיו,Unknown,0.00,Unknown,false,1,9.50,9.50,true,1,
4009900426039,false,מסטיק מנטה אקליפטוס בקבוקון איירווייבס 64 גרם,איירוויבס Airwaves,PL,מסטיק איירוויבז מנטה,גרמים,64.00,100 גרם,false,1,10.50,16.41,true,1,
4009900455299,false,"סוכרית ג'לי אדומה 174 גרם ""סקיטלס""",ריגלי ממתקים,CZ,סקיטלס פירות 174 גרם,גרמים,174.00,100 גרם,false,1,10.40,5.98,true,1,
4009900479998,false,אורביט וויט אוכמניות בקבוקון 46 מלבניות,ריגלי פולין,PL,"מסטיק אורביט לל""ס או",Unknown,0.00,Unknown,false,1,9.50,9.50,true,1,
4009900482417,false,מסטיק אורביט פירות מנטה בקבוקון באבל מינט 45יח,ריגלי פולין,PL,מסטיק אורביט באבל מי,Unknown,0.00,Unknown,false,1,9.50,9.50,true,1,
4009900521581,false,סוכריות אורביט מינטס מנטה בבקבוקון 77 גר,ריגלי פולין,PL,סוכריות אורביט מינטס,גרמים,77.00,100 גרם,false,1,11.90,15.45,true,1,
4009900531122,false,"מסטיק בטעם מנטה ספירמינט, 64 ג' פרופשיונל אורביט",מרס נדרלנד,PL,מסטיק אורביט פרופשיו,Unknown,0.00,Unknown,false,1,9.50,9.50,true,1,
4009900535519,false,מסטיק אורביט רפרשרס ספירמינט ללא סוכר 15.6גר',אורביט,PL,אורביט רפרשרס ספירמי,גרמים,16.00,100 גרם,false,1,3.90,24.38,true,1,
4009900535540,false,מסטיק אורביט רפרשרס פפרמינט ללא סוכר 15.6גר',אורביט,PL,אורביט רפרשרס פפרמינ,גרמים,16.00,100 גרם,false,1,3.90,24.38,true,1,
4009900535823,false,מסטיק אורביט רפרשרס באבלמינט ללא סוכר 15.6גר',אורביט,PL,אורביט רפרשרס באבלמי,גרמים,16.00,100 גרם,false,1,3.90,24.38,true,1,
4009900539340,false,סוכריות סקיטלס ג'יינט סאוור 141 גרם,מרס ריגלי קונפקשונרי,CZ,סקיטלס גיינט סאוור 1,גרמים,141.00,100 גרם,false,1,10.40,7.38,true,1,
4009900539685,false,"מסטיק פייב באונס בטעם מנטה בקבוקון, 61.8 גרם",ריגלי בעמ רוסיה,PL,מסטיק פייב באונס מנט,גרמים,62.00,100 גרם,false,1,12.20,19.68,true,1,
4009900539746,false,"מסטיק פייב באונס בטעם אבטיח בקבוקון, 61.8 גרם",ריגלי בעמ רוסיה,PL,מסטיק פייב באונס אבט,גרמים,62.00,100 גרם,false,1,12.20,19.68,true,1,
4011800290078,false,חטיף חלבון עוגיות ללא תוספת סוכר,רופה ספול.אס.אר.או.,CZ,חטיף חלבון קורני עוג,גרמים,50.00,100 גרם,false,1,8.50,17.00,true,1,
4011800528416,false,קורני חטיף דגנים עם בוטנים מתוק-מלוח*6,שוורטאוור וורקה,DE,קורני בייס סויט & סו,גרמים,150.00,100 גרם,false,1,10.00,6.67,true,1,
4011800568610,false,מארז רביעיית קורני בטעם קלאסי,שוורטאוור וורקה,DE,קורני מילק קלאסיק 4,גרמים,120.00,100 גרם,false,1,13.50,11.25,true,1,
4011800617615,false,1X24X50G קורני ביג שוקולד,שוורטאוור וורקה,DE,קורני ביג שוקו 50 גר,גרמים,50.00,100 גרם,false,1,4.90,9.80,true,1,
4011800617714,false,"""קורני"" ביג שוקו בננה50 גרם",מיוצר עי קונדיטוריית,DE,קורני ביג שוקו בננה,גרמים,50.00,100 גרם,false,1,4.90,9.80,true,1,
4011800617813,false,"""קורני"" ביג בראוניס 50 גרם",שוורטאוור וורקה,DE,קורני ביג בראוני 50,גרמים,50.00,100 גרם,false,1,4.90,9.80,true,1,
4011800628512,false,חטיף קורני שוקולד חלב 6 יח 150 גר,מיוצר עי קונדיטוריית,DE,חטיף קורני שוקולד חל,גרמים,150.00,100 גרם,false,1,11.90,7.93,true,1,
4011800629519,false,"מארז חטיפי דגנים אגוזים ""קורני""",שוורטאוור וורקה,DE,קורני בייס נאטס 150,גרמים,150.00,100 גרם,false,1,11.90,7.93,true,1,
4011800632519,false,"מארז חטיפי שוקולד חלב וקוקוס ""קורני""",מיוצר עי קונדיטוריית,DE,קורני בייס קוקונט 6,גרמים,150.00,100 גרם,false,1,11.90,7.93,true,1,
4011800633516,false,קורני שוקולד מריר מעולה 58% קקאו 6*1,שוורטאוור וורקה,DE,קורני בייס דרק שוקו,גרמים,138.00,100 גרם,false,1,11.90,8.62,true,1,
4011800637514,false,חטיף קורני Corny Free עם שוקולד לבן ללא תוספת סוכר,קורני Corny,DE,קורני פרי ואיט שוקול,גרמים,120.00,100 גרם,false,1,13.50,11.25,true,1,
4013044100007,false,ליקרס אבקת אפיה אורגנית 48 גרם,ליקרס,DE,ליקרס אבקת אפיה אורג,גרמים,48.00,100 גרם,false,1,7.90,16.46,true,1,
4013092000717,false,"באד אפל - ליקר תפוחים 41% 700 מ""ל",,DE,באד אפל - ליקר תפוחי,מיליליטרים,700.00,"100 מ""ל",false,1,114.90,16.41,true,1,
4014086024245,false,בירה גרלסבורג חיטה מעוננת לא מסוננת 500,קוניגסבכר,DE,בירה גרלסבורג חיטה מ,מיליליטרים,500.00,"100 מ""ל",false,1,6.90,1.38,true,1,
4014400901191,false,בונבונריית מרסי מבחר ממתקי שוקולד 250 גרם,ליימן מותגים,DE,בונבוניירה מרסי 250,גרמים,250.00,100 גרם,false,1,21.90,8.76,true,1,
4014400903409,false,בונבוניירה שוקולד אגוזים טופיפי 250 גרם,קריניציה ויטמינה אס,DE,בונ. טופיפי 250 גרם,גרמים,250.00,100 גרם,false,1,32.90,13.16,true,1,
4014400904277,false,סוכריות בטעם מנטה אייס פרש סטורק 425 גרם,תות ממתקי איכות,DE,סוכריות שטרוק אייס פ,גרמים,425.00,100 גרם,false,1,24.90,5.86,true,1,
4014400904376,false,סוכריות טופי בטעם שוקולד סטורק 325 גרם,קריניציה ויטמינה אס,DE,סוכריות שטרוק שוקולד,גרמים,325.00,100 גרם,false,1,24.90,7.66,true,1,
4014400904390,false,סוכריות טופי ממולא חלב סטורק 325 גרם,קריניציה ויטמינה אס,DE,סוכריות שטרוק וולמיל,גרמים,325.00,100 גרם,false,1,24.90,7.66,true,1,
4014400910063,false,סוכריות חמאה וורטרס אורגינל 135 גרם,וורטר'ס אורגינל,DE,סוכריות וורטר אורגינ,גרמים,135.00,100 גרם,false,1,13.70,10.15,true,1,
4014400914245,false,טבלת מרסי שוקולד חלב מעולה 100 גרם,שטורק,DE,טבלת מרסי שוקולד חלב,גרמים,100.00,100 גרם,false,1,11.90,11.90,true,1,
4014400914269,false,מרסי שוקולד חלב עם קפה ושוקול לבן 100 גר,שטורק,DE,מרסי שוקולד חלב עם ק,גרמים,100.00,100 גרם,false,1,11.90,11.90,true,1,
4014400914276,false,טבלת מרסי שוקולד מריר מעולה 100 גרם,שטורק,DE,טבלת מרסי שוקולד מרי,גרמים,100.00,100 גרם,false,1,11.90,11.90,true,1,
4014400914696,false,וורטרס אורגינל סוכריות ללא סוכר 80 גרם,ליימן מותגים,DE,סוכריות חמאה וורטר א,Unknown,0.00,Unknown,false,1,8.00,8.00,true,1,
4014400914924,false,"סוכריות בטעם קפה וורטר אורגינל לל""ס 80 גרם",ליימן מותגים,DE,סוכריות וורטר ללא ס,Unknown,0.00,Unknown,false,1,8.00,8.00,true,1,
4014400916744,false,טבלת מרסי שוקולד מריר מעולה מרציפן 100 ג,שטורק,DE,טבלת מרסי שוקולד מרי,גרמים,100.00,100 גרם,false,1,11.90,11.90,true,1,
4014400920857,false,וורטר אורגינל ללא סוכר בטעם שוקולד-שקית 70 גרם,קריניציה ויטמינה אס,DE,סוכריות וורטר ללא ס,Unknown,0.00,Unknown,false,1,8.00,8.00,true,1,
4014400923711,false,בונבוניירה שוקולד אגוזים טופיפי 125 גרם,ליימן מותגים,DE,טופיפי 125 גרם,גרמים,125.00,100 גרם,false,1,10.00,8.00,true,1,
4014400925265,false,טבלת שוקולד תפוז ושקד מרסי 100 ג',שטורק,DE,טבלת מרסי תפוז שקד 1,גרמים,100.00,100 גרם,false,1,11.90,11.90,true,1,
4014400925319,false,וורטרס אורגינל פופקורן קרמל 140 גרם,וורטרס Werther's,DE,וורטר פופקורן קרמל 1,גרמים,140.00,100 גרם,false,1,17.70,12.64,true,1,
4014400925326,false,וורטרס אורגינל פופקורן קרמל ובייגלה 140,,,וורטרס אורגינל פופקו,גרמים,140.00,100 גרם,false,1,21.90,15.64,true,1,
4014400931327,false,וורטר פופקורן קרמל עם תערובת גרעינים 140 גרם,וורטרס Werther's,DE,פופקורן קרמל גרעינים,גרמים,140.00,100 גרם,false,1,17.70,12.64,true,1,
4014522120104,false,"בודטה סוכריות פירות מולטיויטמין לל""ס 100 גרם",,DE,בודטה-סוכריות פירות,גרמים,100.00,100 גרם,false,1,11.90,11.90,true,1,
4014522120302,false,בודטה סוכריות בטעם מנטה ללא סוכר 100 גרם,,DE,בודטה-סוכריות בטעם מ,גרמים,100.00,100 גרם,false,1,11.90,11.90,true,1,
4014522121606,false,בודטה-סוכריות ללא סוכר מולטיויטמין 500 ג,,,בודטה-סוכריות ללא סו,גרמים,500.00,100 גרם,false,1,39.90,7.98,true,1,
4014522180108,false,בודטה-סוכריות אורגני צמחים בטעם ג'ינגר 75ג,,DE,בודטה סוכריות אורגני,גרמים,75.00,100 גרם,false,1,11.40,15.20,true,1,
4015000031394,false,"ספטיל - משחה להסרת כתמים 200 מ""ל",קריות זול,HU,ספטיל להסרת כתמים 20,מיליליטרים,200.00,"100 מ""ל",false,1,18.80,9.40,true,1,
4015000615884,false,"פה - דאודורנט ספריי לאישה קריביין לימון 200 מ""ל",שוורצקופף והנקל,DE,פה ספריי קריבין לימו,מיליליטרים,200.00,"100 מ""ל",false,1,15.30,7.65,true,1,
4015000995122,false,"דאודורנט פה ספריי כח המשיכה 200 מ""ל",שוורצקופף והנקל,DE,דאודורנט פה ספריי כח,מיליליטרים,200.00,"100 מ""ל",false,1,15.30,7.65,true,1,
4015000996204,false,"גליס שמפו אולטימט שמן אלקסייר 400 מ""ל",שוורצקופף והנקל,DE,שמפו גליס אליקסיר,מיליליטרים,400.00,"100 מ""ל",false,1,18.90,4.73,true,1,
4015400564034,false,מגן תחתון אולוויז מגה פק לונג פלוס 58 יחידות,פרוקטר אנד גמבל,DE,אולדייז מגה פק לונג,Unknown,0.00,Unknown,false,1,19.90,19.90,true,1,
4015400598381,false,תחבושות היגייניות אולטרה לונג - מארז קוואטרו 48 יח',פרוקטר אנד גמבל,DE,אולויז קוואטרו לונג,Unknown,0.00,Unknown,false,1,36.90,36.90,true,1,
4015400690405,false,טמפונים פרל סופר טמפקס קומפאק 18 יח,פרוקטר אנד גמבל,HU,טמפונים פרל סופר טמפ,Unknown,0.00,Unknown,false,1,29.50,29.50,true,1,
4015400690498,false,טמפונים פרל סופר פלוס טמפקס קומפאק 18 יח,פרוקטר אנד גמבל,HU,טמפונים פרל סופר פלו,Unknown,0.00,Unknown,false,1,29.50,29.50,true,1,
4015400731719,false,תחבושות היגייניות אולוויז יום ולילה Day & Night,פרוקטר אנד גמבל,UA,תחבושות אולוויז כפול,Unknown,0.00,Unknown,false,1,19.90,19.90,true,1,
4015400746812,false,מגני תחתון אולוויז נורמל עם ניחוח מגה פק,פרוקטר אנד גמבל,UA,מגן תחתון נורמל,Unknown,0.00,Unknown,false,1,19.90,19.90,true,1,
4015400755241,false,תחבושות היגייניות אולוויז אולטרה נורמל - 28 יח',פרוקטר אנד גמבל,UA,תחבושות אולוויז וליו,Unknown,0.00,Unknown,false,1,19.90,19.90,true,1,
4015400755487,false,תחבושות היגייניות אולוויז אולטרה לונג - 24 יח',פרוקטר אנד גמבל,DE,תחבושות אולוויז וליו,Unknown,0.00,Unknown,false,1,19.90,19.90,true,1,
4015576156835,false,"בירה בהירה לא מסוננת ברלינר 500 מ""ל",,DE,בירה בהירה לא מסוננת,מיליליטרים,500.00,"100 מ""ל",false,1,8.90,1.78,true,1,
4015576235493,false,"בירה בהירה ברלינר גשיחטה הל בפחית 500 מ""",,DE,בירה בהירה ברלינר גש,מיליליטרים,500.00,"100 מ""ל",false,1,8.90,1.78,true,1,
4015600762940,false,שמפו יומיומי למניעת קשקשים בניחוח תפוח,פרוקטר אנד גמבל,RO,הד&שולדרס שמפו 500 מ,מיליליטרים,500.00,"100 מ""ל",false,1,21.90,4.38,true,1,
4015600763022,false,שמפו יומיומי למניעת קשקשים לשיער יבש/פגום לשיער רך כמשי,פרוקטר אנד גמבל,RO,הד&שולדרס שמפו 500 מ,מיליליטרים,500.00,"100 מ""ל",false,1,21.90,4.38,true,1,
4015600766900,false,"שמפו ומרכ ך נגד קשקשים 500 מ""ל הד אנד שולדרס",פרוקטר אנד גמבל,RO,הד&שולדרס 2 ב-1 מנטו,מיליליטרים,500.00,"100 מ""ל",false,1,21.90,4.38,true,1,
4015600807436,false,"ג'ילט - דאודורנט ג'ל לגבר כדוריות קול וויב 75 מ""ל",פרוקטר אנד גמבל,GB,דאו גילט גל לגבר 75,מיליליטרים,75.00,"100 מ""ל",false,1,27.90,37.20,true,1,
4015600807573,false,"ג'ילט - דאודורנט ג'ל לגבר כדוריות פאוור ראש 75 מ""ל",פרוקטר אנד גמבל,GB,דאו גילט גל לגבר פאו,מיליליטרים,75.00,"100 מ""ל",false,1,27.90,37.20,true,1,
4017100198151,false,בלזן היט ביסקוויט עם מלית קרם בטעם וניל (41%) 220 גרם,הדקלאים אגודת שיתופי,PL,ביסקוויט ממולא קרם ו,גרמים,220.00,100 גרם,false,1,10.90,4.95,true,1,
4017100364112,false,בלזן היט בסקוויט סנדביץ עם מלית קרם בטעם שוקולד קקאו (41%) 220 גרם,הדקלאים אגודת שיתופי,PL,ביסקוויט ממולא קרם ש,גרמים,220.00,100 גרם,false,1,10.90,4.95,true,1,
4018077741517,false,לורנץ- חטיף תירס עם בוטנים 200 גרם,"""The Lorenz Bahlsen Snack-World GmbH",DE,לורנץ- חטיף תירס עם,גרמים,200.00,100 גרם,false,1,14.40,7.20,true,1,
4018077822438,false,לורנץ-קראנצציפס שמנת ווסאבי 110 גרם,"""The Lorenz Bahlsen Snack-World GmbH",DE,לורנץ-קראנצציפס שמנ,גרמים,110.00,100 גרם,false,1,13.40,12.18,true,1,
4018344511188,false,סלמון פראי ברוטב שום לארסן 200 גרם,,,סלמון פראי ברוטב שום,גרמים,200.00,100 גרם,false,1,13.40,6.70,true,1,
4018344564641,false,פילה הרינג ברוטב חרדל ושמיר לארסן 200 גר,,LV,פילה הרינג ברוטב חרד,גרמים,200.00,100 גרם,false,1,11.40,5.70,true,1,
4018344564665,false,פילה הרינג ברוטב באלקני לארסן 200 גר,,LV,פילה הרינג ברוטב באל,גרמים,200.00,100 גרם,false,1,11.40,5.70,true,1,
4018722100133,false,אטריות כוסמין וביצים אורגניות 250 גרם,אלב גולד,DE,אטריות כוסמין וביצים,גרמים,250.00,100 גרם,false,1,14.90,5.96,true,1,
4018722344308,false,פפרדלה כוסמין אורגני אלב גולד 500 גרם,אלב גולד,DE,פפרדלה כוסמין אורגני,גרמים,500.00,100 גרם,false,1,23.90,4.78,true,1,
4020400890038,false,סוכריות ללא סוכר בטעם מנטה עם תמציות צמחים,ויויל VIVIL,DE,ויויל-סוכריות ללא סו,Unknown,0.00,Unknown,false,1,15.90,15.90,true,1,
4022025000137,false,יין בלו נאן גוורצטרמינר 750 מל,,,יין בלו נאן גוורצטרמ,Unknown,0.00,Unknown,false,1,44.90,44.90,true,1,
4022025390030,false,יין בלו נאן ריזלינג 750 מל,לנגוט,,יין בלו נאן ריזלינג,Unknown,0.00,Unknown,false,1,45.90,45.90,true,1,
4023800012109,false,מרציפן שלוקוורד מצופ,,DE,מרציפן מצופה 100 גר,גרמים,100.00,100 גרם,false,1,7.90,7.90,true,1,
4023800101902,false,שוקולד חלב מרציפן שלוקוורדר 100 גר,,,שוקולד חלב מרציפן של,גרמים,100.00,100 גרם,false,1,8.90,8.90,true,1,
4023800122105,false,מרציפן לא מצופה 82 גרם,,DE,מרציפן לא מצופה 82 ג,גרמים,82.00,100 גרם,false,1,7.90,9.63,true,1,
4023800201909,false,שוקולד מריר מרציפן שלוקוורדר 100 גר,,,שוקולד מריר מרציפן ש,גרמים,100.00,100 גרם,false,1,8.90,8.90,true,1,
4023800601907,false,שוקולד חלב קרם קפה שלוקוורדר 100 גר,,,שוקולד חלב קרם קפה ש,גרמים,100.00,100 גרם,false,1,8.90,8.90,true,1,
4032900111322,false,ווינסטון קומפלקט כחול עשירייה,Unknown,UA,ווינסטון קומפלקט כחו,Unknown,0.00,Unknown,false,1,295.00,295.00,true,1,
4032900124254,false,ווינסטון קומפלקט ברי PP חפיסה,Unknown,RO,ווינסטון קומפלקט ברי,Unknown,0.00,Unknown,false,1,29.90,29.90,true,1,
4033100013348,false,סיגריות אל די כחול ארוך בודד,Unknown,TR,LD 100,Unknown,0.00,Unknown,false,1,28.90,28.90,true,1,
4033100014468,false,סיגריות אל די אדום ח,Unknown,TR,LD אדום,Unknown,0.00,Unknown,false,1,28.90,28.90,true,1,
4033100014499,false,סיגריות אל די כחול בודד,Unknown,TR,LD כחול,Unknown,0.00,Unknown,false,1,28.90,28.90,true,1,
4033100014529,false,סיגריות אל די סלים ח,Unknown,TR,LD סלימס בודד,Unknown,0.00,Unknown,false,1,26.90,26.90,true,1,
4033100014536,false,אל.די סלימס פאקט 10,Unknown,TR,LD סלימס עשירייה,Unknown,0.00,Unknown,false,1,265.00,265.00,true,1,
4033100024146,false,סיגריות וינסטון CODE בודד,Unknown,CH,ווינסטון CODE חפיסה,יחידה,1.00,יחידה,false,1,31.90,31.90,true,1,
4033100024252,false,וינסטון אקווה לייט קופסה,Unknown,CH,ווינסטון AQUA חפיסה,יחידה,1.00,יחידה,false,1,31.90,31.90,true,1,
4037719657290,false,סוכריות בצנצנת פירות 300ג',קוונדיש,DE,סוכריות בצנצנת שי 30,גרמים,300.00,100 גרם,false,1,17.90,5.97,true,1,
4044889000054,false,ויואני-שוקולד אורגני מריר 85% 100 גר,אקופינה,DE,ויואני-שוקולד אורגני,גרמים,100.00,100 גרם,false,1,20.90,20.90,true,1,
4044889002225,false,ויואני-שוקולד לבישול 70% אורגני 200 גר,,DE,ויואני-שוקולד לבישול,גרמים,200.00,100 גרם,false,1,33.90,16.95,true,1,
4044889002546,false,ויואני בר שוקולד לבן אורגני עם נוגט 35 ג,,,ויואני בר שוקולד לבן,גרמים,35.00,100 גרם,false,1,9.50,27.14,true,1,
4044889002553,false,ויואני בר שוק.מריר אורגני נוגט קרוקנט 35,,,ויואני בר שוק.מריר א,גרמים,35.00,100 גרם,false,1,9.50,27.14,true,1,
4044889003222,false,ויואני אורגני לבן עם וניל 100 גרם`,,DE,ויואני אורגני לבן עם,גרמים,80.00,100 גרם,false,1,20.90,26.13,true,1,
4044889004472,false,ויואני שוקולד חלב אורגני לילדים 100 גר,,,ויואני שוקולד חלב או,גרמים,100.00,100 גרם,false,1,20.90,20.90,true,1,
4045554112188,false,אבקת תה ירוק מאצה אורגני 50 גר,AIYA,JP,אבקת תה ירוק מאצה או,גרמים,50.00,100 גרם,false,1,49.90,99.80,true,1,
4049366003429,false,ארנסט לודוויג גוורצטרמינר 750 מל,,,ארנסט לודוויג גוורצט,Unknown,0.00,Unknown,false,1,48.90,48.90,true,1,
4052197000369,false,שישיית בירה בנדיקטינר חיטה 330 מל*6,בנדיקטינר וויצבראו,DE,שישיית בירה בנדיקטינ,מיליליטרים,1980.00,"100 מ""ל",false,1,39.90,2.02,true,1,
4052197000925,false,בירה בנדקטינר דונקל כהה 500 מל,בנדיקטינר וויצבראו,DE,בירה בנדקטינר דונקל,מיליליטרים,500.00,"100 מ""ל",false,1,11.90,2.38,true,1,
4052197001366,false,"בירה בנדקטינר ללא אלכוהול 500 מ""ל",בנדקטינר,DE,בירה בנדקטינר ללא אל,מיליליטרים,500.00,"100 מ""ל",false,1,11.90,2.38,true,1,
4052197002806,false,"מארז בירה בנדיקטינר 4*500 מ""ל פחית",בנדיקטינר וויצבראו,DE,מארז בירה בנדיקטינר,מיליליטרים,2000.00,"100 מ""ל",false,1,29.90,1.50,true,1,
4052197003254,false,"בירה בנדיקטינר לאגר אורגינל 500 מ""ל",בנדיקטינר וויצבראו,DE,בירה בנדיקטינר לאגר,מיליליטרים,500.00,"100 מ""ל",false,1,10.90,2.18,true,1,
4052197004466,false,"מארז בירה בנדיקטינר דונקל 4*500 מ""ל פחית",,,מארז בירה בנדיקטינר,מיליליטרים,2000.00,"100 מ""ל",false,1,29.90,1.50,true,1,
4061445096689,false,קפה דוידוף מגורען 100 גר ESPRESSO 57,"טשיבו, אספי.זד.או.או",PL,קפה דווידוף אספרסו 5,גרמים,100.00,100 גרם,false,1,22.90,22.90,true,1,
4061445096702,false,קפה דוידוף מגורען 100 גר FINE AROMA,"טשיבו, אספי.זד.או.או",PL,קפה דווידוף פיין ארו,גרמים,100.00,100 גרם,false,1,22.90,22.90,true,1,
4061445096726,false,קפה דוידוף מגורען 100 גר RICH AROMA,"טשיבו, אספי.זד.או.או",PL,קפה דווידוף ריץ ארומ,גרמים,100.00,100 גרם,false,1,22.90,22.90,true,1,
4062400543125,false,"טקילה סיירה רפוסאדו 700 מ""ל",מזקקת סיארה אונידס,MX,טקילה סיירה רפוסאדו,מיליליטרים,700.00,"100 מ""ל",false,1,89.90,12.84,true,1,
4066600601920,false,פאולנר ביתר חיטה מעוננת 500 מל,פאולנר Paulaner,DE,"בירה פאולנר 500 מ""ל",מיליליטרים,500.00,"100 מ""ל",false,1,11.90,2.38,true,1,
4066600999614,false,"בירה פאולנר, בירת חיטה מעוננת, בקבוק 500 מ""ל",מבשלת פאולנר,DE,בירה פאולנר חיטה 500,מיליליטרים,500.00,"100 מ""ל",false,1,10.90,2.18,true,1,
4067600001123,false,פילה הרינג מעושן בשמן לארסן 190 גר,,LV,פילה הרינג מעושן בשמ,גרמים,190.00,100 גרם,false,1,13.40,7.05,true,1,
4067700014849,false,ליקר ייגרמייסטר כשר,מסט-יגרמייסטר,DE,"ייגרמייסטר 700 מ""ל",מיליליטרים,700.00,"100 מ""ל",false,1,82.90,11.84,true,1,
4072700001188,false,"בירה פרנסיסקאנר כהה בקבוק 500 מ""ל",פרנסיסקאנר Franziskaner,DE,בירה פרנסיסקאנר כהה,מיליליטרים,500.00,"100 מ""ל",false,1,13.50,2.70,true,1,
4079400330129,false,"בירה פילסנר וולטרס 4.9% 500 מ""ל בפחית",,,בירה פילסנר וולטרס 4,מיליליטרים,500.00,"100 מ""ל",false,1,6.90,1.38,true,1,
4084500081314,false,משחת שיניים פרו אקספרט לניקוי עמוק בטעם מנטה,פרוקטר אנד גמבל,DE,משחת שיניים אורל בי,מיליליטרים,75.00,"100 מ""ל",false,1,16.30,21.73,true,1,
4084500088917,false,"נוזל כלים פיירי לימון 650 מ""ל בד""צ",פרוקטר אנד גמבל,US,נוזל כלים פיירי לימו,מיליליטרים,650.00,"100 מ""ל",false,1,10.90,1.68,true,1,
4084500739253,false,"אוראל בי משחת שיניים- להלבנה לובן מהודר 75 מ""ל",פרוקטר אנד גמבל,DE,3D WHITEמשחת שיניים,Unknown,0.00,Unknown,false,1,34.50,34.50,true,1,
4084500853836,false,"נוזל כלים פיירי ורדים ומשי 515 מ""ל בד""צ",פרוקטר אנד גמבל,GB,נוזל כלים פיירי ורדי,מיליליטרים,515.00,"100 מ""ל",false,1,9.90,1.92,true,1,
4086900100084,false,"סיטרונלה פרימוורה 10 מ""ל",נאופארם,DE,שמן סיטרונלה 10 מל,Unknown,0.00,Unknown,false,1,28.90,28.90,true,1,
4086900100428,false,שמן לוונדר פיין 10 מל,נאופארם,DE,שמן לוונדר פיין 10 מ,Unknown,0.00,Unknown,false,1,37.90,37.90,true,1,
4086900101432,false,שמן פרימוורה גרניום 10 מ,נאופארם,DE,שמן גרניום 10 מל,Unknown,0.00,Unknown,false,1,52.90,52.90,true,1,
4086900102026,false,שמן פרימוורה עץ התה 10 מ,נאופארם,IL,שמן עץ התה 10 מל,Unknown,0.00,Unknown,false,1,22.90,22.90,true,1,
4086900200074,false,שמן פרימוורה חוחבה 100 מ,נאופארם,PT,שמן חוחובה 100 מל,Unknown,0.00,Unknown,false,1,59.90,59.90,true,1,
4086900990333,false,שמן שקדים פרימוורה500מל,נאופארם,IL,שמן שקדים 500 מל,Unknown,0.00,Unknown,false,1,49.90,49.90,true,1,
4100130937163,false,בירה בקס שישייה 6*275 מל,"איי, בי, אינבוו",DE,בירה בקס שישייה 6*27,ליטרים,0.00,ליטר,false,1,25.90,25.90,true,1,
4100470106700,false,חומץ תפוחים אורגני 750 מל,נטורפוד,DE,חומץ תפוחים אורגני 7,מיליליטרים,750.00,"100 מ""ל",false,1,18.90,2.52,true,1,
4102430003418,false,בירה ביטבורגר פחית מארז רביעיה 4*500 מ,מבשלת ביטבורגר,DE,בירה ביטבורגר פחית,מיליליטרים,2000.00,"100 מ""ל",false,1,30.90,1.55,true,1,
4105120623941,false,"בירה ויינשטפן בק' ח""פ 500 מ""ל","ויינשטפן, ת.ד 1155 פרייז",DE,בירה ויינשטפן 500 מ,מיליליטרים,330.00,"100 מ""ל",false,1,9.90,3.00,true,1,
4105120624412,false,"בירה ויינשטפן ויטוס 500 מ""ל","ויינשטפן, ת.ד 1155 פרייז",DE,בירה ויינשטפן ויטוס,מיליליטרים,500.00,"100 מ""ל",false,1,11.50,2.30,true,1,
4250231139956,false,הלורן-רויאל טינס דפדפי פטל 200 גרם,,,הלורן-רויאל טינס דפד,גרמים,200.00,100 גרם,false,1,16.90,8.45,true,1,
4250231139994,false,הלורן-רויאל טינס דפדפי דומדמניות 200 גרם,,,הלורן-רויאל טינס דפד,גרמים,200.00,100 גרם,false,1,16.90,8.45,true,1,
4250396900064,false,ארוניה ברי פרי מיובש 200 גרם,,,ארוניה ברי פרי מיובש,גרמים,200.00,100 גרם,false,1,59.90,29.95,true,1,
4250396902891,false,ארוניה ברי ריבה 225 גרם,,,ארוניה ברי ריבה 225,גרמים,225.00,100 גרם,false,1,53.90,23.96,true,1,
4260007240144,false,ממרח קישואים אולן 360 גר,קונקנס טיבה,BG,ממרח קישואים 360 גר,גרמים,360.00,100 גרם,false,1,13.90,3.86,true,1,
4260007240519,false,איקרה קישואים אולן 680 גר,אולן,BG,ממרח קישואים 680 גר,גרמים,680.00,100 גרם,false,1,19.90,2.93,true,1,
4260334140049,false,שוקולד גנדויה טבעוני עם אגוזי לוז 65 גר,וגו גוד,IT,שוקולד גנדויה טבעוני,גרמים,65.00,100 גרם,false,1,12.90,19.85,true,1,
4260334140308,false,וגו שקדים ופירות יער טבעוני 85 גרם,איקאם ספא,IT,וגו שקדים ופירות יער,גרמים,85.00,100 גרם,false,1,23.90,28.12,true,1,
4260334140605,false,שוקולד ג'נדויה טבעוני עם אגוזי לוז שלמים 150 גרם ללא גלוטן,האי נאם סי או אל.טי.,IT,שוקולד גנדויה טבעוני,גרמים,150.00,100 גרם,false,1,20.80,13.87,true,1,
4600068009043,false,קוואס אוצקובסקי 2 ליטר,,,קוואס אוצקובסקי 2 לי,ליטרים,0.00,ליטר,false,1,26.90,26.90,true,1,
4600068009883,false,"קוואס אוצקובסקי 500 מ""ל פחית",,,קוואס אוצקובסקי 500,מיליליטרים,500.00,"100 מ""ל",false,1,8.90,1.78,true,1,
4600080298470,false,שוקולד חלב עם אגוזי לוז 90 גר ALIONKA,קרסניי אוקטברי,RU,שוקולד חלב עם אגוזי,גרמים,90.00,100 גרם,false,1,7.90,8.78,true,1,
4600080298579,false,שוקולד חלב עם שקדים 90 גר ALIONKA,קרסניי אוקטברי,RU,שוקולד חלב עם שקדים,גרמים,90.00,100 גרם,false,1,7.90,8.78,true,1,
4600080310400,false,סוכריות גריליאז 200 גרם,,,סוכריות גריליאז,גרמים,200.00,100 גרם,false,1,23.90,11.95,true,1,
4600080318253,false,ממתק קורובקה %30חלב 250 גר,,,ממתק קורובקה %30חלב,גרמים,250.00,100 גרם,false,1,15.40,6.16,true,1,
4600300000739,false,קקאו זולוטוי ירליק 100 גרם,קרסניי אוקטברי,,קקאו זולוטוי ירליק,גרמים,100.00,100 גרם,false,1,12.40,12.40,true,1,
4600300079865,false,בונבוניירה חלב ציפורים 200 גר,קרסניי אוקטברי,,בונבוניירה חלב ציפור,גרמים,200.00,100 גרם,false,1,17.90,8.95,true,1,
4600300086863,false,ממתק וופל מצופה מישקה קוס 200 גרם,,,ממתק וופל מצופה,גרמים,200.00,100 גרם,false,1,23.90,11.95,true,1,
4600495522221,false,קינוח סופלה וניל בשוקולד 232 גר BONJOUR,,RU,קינוח סופלה וניל בשו,גרמים,232.00,100 גרם,false,0,17.90,7.72,true,1,
4600495522320,false,קינוח סופלה תות בשוקולד 232 גר BONJOUR,,RU,קינוח סופלה תות בשוק,גרמים,232.00,100 גרם,false,0,17.90,7.72,true,1,
4600495522375,false,קינוח סופלה בטעם ליים 232 גר BONJOUR,,RU,קינוח סופלה בטעם ליי,גרמים,232.00,100 גרם,false,1,17.90,7.72,true,1,
4600495523709,false,קינוח סופלה קלאסיק בשוקולד 232 ג BONJOUR,,RU,קינוח סופלה קלאסיק ב,גרמים,232.00,100 גרם,false,0,17.90,7.72,true,1,
4600528347296,false,מיונז ריאבה אוליבקווי 200 גרם,,,מיונז ריאבה אוליבקו,גרמים,200.00,100 גרם,false,1,6.90,3.45,true,1,
4600528355963,false,מיונז עם ביצי שליו 372 גר RYABA,,,מיונז עם ביצי שליו 3,גרמים,372.00,100 גרם,false,1,13.40,3.60,true,1,
4600528357967,false,"רוטב מיונז ""לתפוח אדמה""",ניז'גורודסקי,RU,"רוטב מיונז ""לתפוח אד",גרמים,233.00,100 גרם,false,1,10.90,4.68,true,1,
4600528357974,false,רוטב אסטוריה הוט דוג,ניז'גורודסקי,RU,"רוטב מיונז ""הוט דוג",גרמים,233.00,100 גרם,false,1,10.90,4.68,true,1,
4600528359060,false,רוטב מיונז בצל עם שמנת 233 גר ASTORIA,ניז'גורודסקי,RU,רוטב מיונז בצל עם שמ,גרמים,233.00,100 גרם,false,1,10.90,4.68,true,1,
4600528359077,false,רוטב מיונז שום שמנת 233 גר ASTORIA,ניז'גורודסקי,RU,רוטב מיונז שום שמנת,גרמים,233.00,100 גרם,false,1,10.90,4.68,true,1,
4600528359084,false,רוטס מיונז שמנת פטריות 233 גר ASTORIA,ניז'גורודסקי,RU,רוטס מיונז שמנת פטרי,גרמים,233.00,100 גרם,false,1,10.90,4.68,true,1,
4600528361742,false,רוטב טריאקי 200 גר ASTORIA,,,רוטב טריאקי 200 גר A,גרמים,200.00,100 גרם,false,1,10.90,5.45,true,1,
4600545660040,false,פירה בטעם שמנת אנקום 40 גר,,,פירה בטעם שמנת אנקום,גרמים,40.00,100 גרם,false,1,5.50,13.75,true,1,
4600659010854,false,"וודקה סטוליצ'ניה 700 מ""ל",איי. אס. לטבייאס בלזם,LV,וודקה 40% סטולי 700,מיליליטרים,700.00,"100 מ""ל",false,1,57.90,8.27,true,1,
4600682007456,false,"בירה בלטיקה מס 7 450 מ""ל פחית",BALTIKA,,בירה בלטיקה מס 7 45,מיליליטרים,450.00,"100 מ""ל",false,1,9.20,2.04,true,1,
4600682009450,false,"בירה בלטיקה מס 9 450 מ""ל בקבוק",BALTIKA,,בירה בלטיקה מס 9 450,מיליליטרים,450.00,"100 מ""ל",false,1,9.20,2.04,true,1,
4600682023128,false,"בירה גורקובסקאיה חזקה לא מסוננת 440 מ""ל",,,בירה גורקובסקאיה חזק,מיליליטרים,440.00,"100 מ""ל",false,1,8.90,2.02,true,1,
4600682401476,false,בירה בלטיקה מספר 0 ללא אלכוהול 0.47 ליטר,BALTIKA,,בירה בלטיקה 0% אלכוה,מיליליטרים,470.00,"100 מ""ל",false,1,9.20,1.96,true,1,
4600682407478,false,"בירה בלטיקה מס 7 470 מ""ל בקבוק",BALTIKA,,בירה בלטיקה מס 7 470,מיליליטרים,470.00,"100 מ""ל",false,1,9.20,1.96,true,1,
4600756200547,false,צנימים עם סוכר וצימוקים 330 גרם,,RU,צנימים עם סוכר וצימו,גרמים,330.00,100 גרם,false,1,19.90,6.03,true,1,
4600823009059,false,שוקולד ודוחנובניה 100 גרם,,,שוקולד ודוחנובניה 10,גרמים,100.00,100 גרם,false,1,11.40,11.40,true,1,
4600823094017,false,שוקולד בבאיבסקי מריר פונדוק 100 גר,בבייבסקי,,שוקולד בבייבסקי מריר,גרמים,100.00,100 גרם,false,1,8.90,8.90,true,1,
4600823122017,false,שוקולד בביבסקי עלית 100 גר,בבייבסקי,,שוקולד בביבסקי עלית,גרמים,100.00,100 גרם,false,1,8.90,8.90,true,1,
4600823143005,false,שוקולד בבאיבסקי מריר 100 גר,בבייבסקי,,שוקולד בבאיבסקי מריר,גרמים,100.00,100 גרם,false,1,8.90,8.90,true,1,
4600823174016,false,שוקולד אליונקה ריבת חלב 100 גר,בבייבסקי,,שוקולד אליונקה ריבת,גרמים,100.00,100 גרם,false,1,7.90,7.90,true,1,
4600823509047,false,ממתק מצופה שוקולד ציטרוס 250 גרם,רוט פרונט,,ממתק מצופה שוקולד צי,גרמים,250.00,100 גרם,false,1,14.40,5.76,true,1,
4600823525047,false,סוכריות בלוצקה 200 גרם,,,סוכריות בלוצקה,גרמים,200.00,100 גרם,false,1,23.90,11.95,true,1,
4600851010669,false,מיונז פרובונסל 450 גרם,סולנצ'ניי פרודוקטי,FI,מיונז פרובונסל 450 ג,גרמים,450.00,100 גרם,false,1,15.40,3.42,true,1,
4600851011604,false,מיונז פרובנסל זיתים 390 גרם,סולנצ'ניי פרודוקטי,,מיונז פרובנסל זיתים,גרמים,390.00,100 גרם,false,1,11.40,2.92,true,1,
4600851014537,false,"מיונז פרובנסל קלאסיק 67% דויפק 400 מ""ל",סולנצ'ניי פרודוקטי,RU,מיונז פרובנסל קלאסיק,מיליליטרים,400.00,"100 מ""ל",false,1,9.90,2.48,true,1,
4600893900997,false,וודקה מרקה ירוקה 0.7 ליטר קדרובה,TOPAZ,,וודקה מרקה ירוקה 0.7,מיליליטרים,700.00,"100 מ""ל",false,1,62.90,8.99,true,1,
4601021049342,false,וופלים ארטק 200 גר,,,וופלים ארטק 200 גר,גרמים,200.00,100 גרם,false,1,7.90,3.95,true,1,
4601513008581,false,רולדה אליונקה בטעם שוקולד חלב 200 גר,יוז'נואורלקונדיטר,,רולדה אליונקה בטעם ש,גרמים,200.00,100 גרם,false,1,9.90,4.95,true,1,
4601513008970,false,רולדה צ. יגודה עם טעם דובדבנים 200 גר,יוז'נואורלקונדיטר,,רולדה צ. יגודה עם טע,גרמים,200.00,100 גרם,false,1,9.90,4.95,true,1,
4601576004094,false,מיונז מצטה חוזייקי קלאסי רוטב לסלט 466 ג,OAO ZHIROVOY KOMBINA,,מיונז מצטה חוזייקי ק,מיליליטרים,480.00,"100 מ""ל",false,1,14.90,3.10,true,1,
4601576010101,false,"רוטב תיבול עם ביצי שליו מצטה חוז 900 מ""ל",,,רוטב תיבול עם ביצי ש,מיליליטרים,900.00,"100 מ""ל",false,1,20.80,2.31,true,1,
4601576010163,false,מיונז בתוספת ביצי שליו 67% 390 גרם,ALTAYSKAYA KRUPA,,מיונז בתוספת ביצי של,גרמים,390.00,100 גרם,false,1,11.40,2.92,true,1,
4601713001054,false,קרקרים בטעם גבינה בצורת דגים 400 גר,,RU,קרקרים בטעם גבינה בצ,גרמים,400.00,100 גרם,false,1,12.40,3.10,true,1,
4601713001702,false,דובשניות טולסקיי פריאניק פירות 140 גר,טולה,,דובשניות טולסקיי פרי,גרמים,140.00,100 גרם,false,1,6.90,4.93,true,1,
4601713001719,false,דובשניות טולסקיי פריאניק בטעם חלב 140 גר,טולה,,דובשניות טולסקיי פרי,גרמים,140.00,100 גרם,false,1,6.90,4.93,true,1,
4601713003201,false,דובשניות טולסקיי פריאניק חמוציות 140 גר,,,דובשניות טולסקיי פרי,גרמים,140.00,100 גרם,false,1,6.90,4.93,true,1,
4601713005755,false,מרמלדה תפוח תפוז מלון 250 גר ציודו יגודה,טולה,,מרמלדה תפוח תפוז מלו,גרמים,250.00,100 גרם,false,1,8.90,3.56,true,1,
4601728013653,false,"וודקה בלאיה בריוזקה 700 מ""ל",,,וודקה בלאיה בריוזקה,מיליליטרים,700.00,"100 מ""ל",false,1,69.90,9.99,true,1,
4601780002565,false,קמח מקפה חיטה 2 קג,MAKFA,,"קמח מאקפה 2 ק""ג",קילוגרמים,0.00,"ק""ג",false,1,23.90,23.90,true,1,
4601780002572,false,"קמח מקפה 1 ק""ג",מקפה,,"קמח מקפה 1 ק""ג",גרמים,1000.00,100 גרם,false,1,12.40,1.24,true,1,
4601780006211,false,סולת מאקפה 700 גר,מקפה,,סולת מאקפה 700 גר,גרמים,700.00,100 גרם,false,1,13.90,1.99,true,1,
4601780010003,false,כוסמת 5*80 גר מאקפה,מקפה,,כוסמת 5*80 גר מאקפה,גרמים,400.00,100 גרם,false,1,11.90,2.98,true,1,
4601780010102,false,דוחן 6 שקיות * 66.66 גר MAKFA,מקפה,RU,דוחן 6 שקיות * 66.66,גרמים,400.00,100 גרם,false,1,8.90,2.23,true,1,
4601780010126,false,גריסי חיטה פולטבסקיה 5*80ג מקפה,מקפה,,גריסי חיטה פולטבסקיה,גרמים,400.00,100 גרם,false,1,7.90,1.98,true,1,
4601780010140,false,גריסי שעורה 5*80 גרם,מקפה,,גריסי שעורה 5*80 גרם,גרמים,400.00,100 גרם,false,1,7.90,1.98,true,1,
4601780010676,false,גריסי פנינה 5*80 גר מקפה,מקפה,,גריסי פנינה 5*80 גר,גרמים,400.00,100 גרם,false,1,7.90,1.98,true,1,
4602009299773,false,ממתקים מוקצפים וניל מצופה שוקולד 450 גר,נבסקי קונדיטר,,ממתקים מוקצפים וניל,גרמים,450.00,100 גרם,false,1,15.40,3.42,true,1,
4602112203612,false,ציפס בצל ושמנת חמוצה מוסקובסקי קרטופל 70,,,ציפס בצל ושמנת חמוצה,גרמים,70.00,100 גרם,false,1,8.50,12.14,true,1,
4602112203636,false,ציפס טעם גבינה מוסקובסקי קרטופל 70 גר,,,ציפס טעם גבינה מוסקו,גרמים,70.00,100 גרם,false,1,8.50,12.14,true,1,
4602112203674,false,ציפס טעם בייקון מוסקובסקי קרטופל 70 גר,,,ציפס טעם בייקון מוסק,גרמים,70.00,100 גרם,false,1,8.50,12.14,true,1,
4602112207726,false,ציפס טעם סרטן מוסקובסקי קרטופל 70 גר,,,ציפס טעם סרטן מוסקוב,גרמים,70.00,100 גרם,false,1,8.50,12.14,true,1,
4602112212447,false,ציפס טעם פטריות ברוטב שמנת 60 גר,,,ציפס טעם פטריות ברוט,גרמים,60.00,100 גרם,false,1,8.50,14.17,true,1,
4603134002801,false,דוחן צאר 800 גרם,סויוזפישפרום,,גריסי חיטה צאר 800 ג,גרמים,800.00,100 גרם,false,1,15.50,1.94,true,1,
4603400000043,false,"וודקה רוסקיי סטנדרט 700 מ""ל",רוסקי סטנדרט וודקה,RU,וודקה רוסקיי סטנדרט,מיליליטרים,700.00,"100 מ""ל",false,1,56.90,8.13,true,1,
4603400000197,false,וודקה רוסקי סטנדרט 0.5 ליטר,RUSSIAN STANDART,,וודקה רוסקי סטנדרט 5,מיליליטרים,500.00,"100 מ""ל",false,1,60.90,12.18,true,1,
4603514010327,false,"גין באריסטר פינק מתובל 700 מ""ל",,RU,גין באריסטר פינק מתו,מיליליטרים,700.00,"100 מ""ל",false,1,104.90,14.99,true,1,
4603566908955,false,תבלין מלח שום וירקות 400 גר,אגרואימפורט,,תבלין מלח שום וירקות,גרמים,400.00,100 גרם,false,1,13.40,3.35,true,1,
4603793245274,false,בייגלה בטעם צימוקים 500 גר,וולסקי פרק,,בייגלה בטעם צימוקים,גרמים,500.00,100 גרם,false,1,19.90,3.98,true,1,
4603928000976,false,"בלוגה נובל וודקה 700 מ""ל+כוס הייבול",מרינסקי ליקרו-וודאצ'ני ז,RU,וודקה בלוגה נובל 700,מיליליטרים,700.00,"100 מ""ל",false,1,109.90,15.70,true,1,
4604248000103,false,מיונז מאחייב זיתים 50.5% 800 גרם,אסן פרודקשן,,רוטב בטעם מיונז מאחי,גרמים,800.00,100 גרם,false,1,20.90,2.61,true,1,
4604248000349,false,רוטב בטעם מיונז פרובנסל מחייב 380 גרם,אסן פרודקשן,,רוטב בטעם מיונז מאחי,גרמים,380.00,100 גרם,false,1,12.40,3.26,true,1,
4604248000554,false,מיונז מאחייב פרובנסל 50.5% 800 גרם,אסן פרודקשן,,רוטב בטעם מיונז מאחי,גרמים,800.00,100 גרם,false,1,20.90,2.61,true,1,
4604248000844,false,רוטב בטעם מיונז עם שמן זית 380 גרם,אסן פרודקשן,,מיונז מאחייב עם שמן,גרמים,380.00,100 גרם,false,1,12.40,3.26,true,1,
4604248000851,false,מיונז פרובנסל עם מיץ לימון מחייב 380 גרם,אסן פרודקשן,,מיונז מאחייב עם מיץ,גרמים,380.00,100 גרם,false,1,12.40,3.26,true,1,
4604248002671,false,מיונז מאחייב בטעם לימון 50.5% 800 גרם,אסן פרודקשן,,רוטב בטעם מיונז מאחי,גרמים,800.00,100 גרם,false,1,20.90,2.61,true,1,
4604248003067,false,קטשופ לצו 500 גרם מחייב,אסן פרודקשן,,קטשופ לצו 500 גרם מח,גרמים,500.00,100 גרם,false,1,12.90,2.58,true,1,
4604248003081,false,רוטב בטעם מיונז עם בית שליו מחייב 380 גרם,אסן פרודקשן,,רוטב בטעם מיונז מאחי,גרמים,380.00,100 גרם,false,1,12.40,3.26,true,1,
4604248003517,false,חרדל רוסקיה 140 גרם,אסן פרודקשן,,חרדל רוסי 140 גר Mah,גרמים,140.00,100 גרם,false,1,6.70,4.79,true,1,
4604248003845,false,קטשופ טומטניי 500 גרם,אסן פרודקשן,,קטשופ טומטניי 500 גר,גרמים,500.00,100 גרם,false,1,12.90,2.58,true,1,
4604248006921,false,ריבת מאחייב לימון בזכוכית 400 גרם,,,ריבת מאחייב לימון בז,גרמים,400.00,100 גרם,false,1,23.90,5.98,true,1,
4604248006952,false,ריבת תות שדה מאחייב בזכוכית 400 גר,,RU,ריבת תות שדה מאחייב,גרמים,400.00,100 גרם,false,1,23.90,5.98,true,1,
4604248012618,false,חרדל רוסקיה 190 גרם מחייב,אסן פרודקשן,,Maheev חרדל רוסי 190,גרמים,190.00,100 גרם,false,1,8.90,4.68,true,1,
4604248016272,false,ריבת מאחייב דובדבן בזכוכית 400 גר,אסן פרודקשן,,ריבת מאחייב דובדבן,גרמים,400.00,100 גרם,false,1,23.90,5.98,true,1,
4604248016289,false,ריבת מאחייב פירות יער בזכוכית 400 גר,אסן פרודקשן,,ריבת מאחייב פירות,גרמים,400.00,100 גרם,false,1,23.90,5.98,true,1,
4604248016920,false,ריבת אפרסק ומנגו מאחייב בזכוכית 400 גר,אסן פרודקשן,RU,ריבת אפרסק ומנגו מאח,גרמים,400.00,100 גרם,false,1,23.90,5.98,true,1,
4604248022709,false,מיונז מאחייב ביצים 50.5% 800 גרם,אסן פרודקשן,RU,רוטב בטעם מיונז מאחי,גרמים,800.00,100 גרם,false,1,20.90,2.61,true,1,
4605246002014,false,תה ויסוקוגורניי ליסט פרינצסה נורי 100 שק,,,תה נסיכה נורי הרים,Unknown,0.00,Unknown,false,1,22.90,22.90,true,1,
4605246003523,false,תה גרינפילד שחור גולדן צילוני 25 שקי 50 גר,גרינפילד Greenfield,RU,תה גרינפילד שחור גול,גרמים,50.00,100 גרם,false,1,12.90,25.80,true,1,
4605246003585,false,תה גרינפילד ירוק סיני 25 שקי 50 גר,גרינפילד Greenfield,RU,תה גרינפילד ירוק סינ,גרמים,50.00,100 גרם,false,1,12.90,25.80,true,1,
4605246003738,false,תה גרינפילד ירוק יסמין 25 שקי 50 גר,אורימי,RU,תה גרינפילד ירוק יסמ,גרמים,50.00,100 גרם,false,1,12.90,25.80,true,1,
4605246004278,false,תה גרינפילד שחור ארל גריי 25 שקי 50 גר,גרינפילד Greenfield,RU,תה גרינפילד שחור ארל,גרמים,50.00,100 גרם,false,1,12.90,25.80,true,1,
4605246004322,false,חליטה תה גרינפילד ריץי קמומיל 25 שקי,גרינפילד Greenfield,RU,חליטה תה גרינפילד רי,גרמים,38.00,100 גרם,false,1,12.90,33.95,true,1,
4605246004339,false,חליטה תה גרינפילד סאמר בוקט 25 שקי,גרינפילד Greenfield,RU,חליטה תה גרינפילד סא,גרמים,38.00,100 גרם,false,1,12.90,33.95,true,1,
4605246004346,false,תה קינמון 1/25 גרינפילד 37.5 גר,אורימי,RU,תה קינמון 1/25 גרינ,גרמים,38.00,100 גרם,false,1,12.90,33.95,true,1,
4605246004353,false,תה גרינפילד ירוק נענע ומליסה 25 שקי 37.5 גר,גרינפילד Greenfield,RU,תה גרינפילד ירוק נענ,גרמים,38.00,100 גרם,false,1,12.90,33.95,true,1,
4605246004896,false,תה קניאן סנריז 1/25 גרינפילד 37.5 גר,אורימי,,תה קניאן סנריז 1/25,Unknown,0.00,Unknown,false,1,12.90,12.90,true,1,
4605246005237,false,תה גרינפילד כמומיל דבש 1/25 שקיקים 37.5,,,תה גרינפילד חליטת תה,יחידה,1.00,יחידה,false,1,12.90,12.90,true,1,
4605246005251,false,תה גרינפילד שחור ספרינג מלודי 25 שקי,אורימי,RU,תה גרינפילד שחור ספר,גרמים,38.00,100 גרם,false,1,12.90,33.95,true,1,
4605246005817,false,תה גרינפילד גולדן ציילון 100 שקי 200 גר,אורימי,,תה גרינפילד גולדן צי,גרמים,100.00,100 גרם,false,1,35.90,35.90,true,1,
4605246005848,false,תה גרינפילד ארל גריי 100 שקי 200 גר,אורימי,,תה גרינפילד ארל גריי,גרמים,200.00,100 גרם,false,1,35.90,17.95,true,1,
4605246005947,false,תה טס פלזה 25 שקיקים,,,תה טס פלזה 25 שקיקים,Unknown,0.00,Unknown,false,1,13.40,13.40,true,1,
4605246007842,false,תה טאס פורסט דרים 20 שקיות 1.8 גר,,,תה טאס פורסט דרים 20,Unknown,0.00,Unknown,false,1,15.40,15.40,true,1,
4605246007859,false,תה שלור טס ברי בר 20 שקיקים,,RU,תה שלור טס ברי בר 20,גרמים,36.00,100 גרם,false,1,15.40,42.78,true,1,
4605246007873,false,תה ירוק טס פינה קולדה 20 שקיקים,,,תה ירוק טס פינה קולד,Unknown,0.00,Unknown,false,1,15.40,15.40,true,1,
4605246007897,false,תה שלור טס סאמר טיים 20 שקיקים,,RU,תה שלור טס סאמר טיים,גרמים,36.00,100 גרם,false,1,15.40,42.78,true,1,
4605246009969,false,תה גרינפילד אוכמניות 1/25 שקיקים,אורימי,RU,תה גרינפילד אוכמניות,גרמים,38.00,100 גרם,false,1,12.90,33.95,true,1,
4605246010088,false,תה שלור טס קוסמופוליטן פרטי 20 שקיקים,,RU,תה שלור טס קוסמופולי,גרמים,40.00,100 גרם,false,1,15.40,38.50,true,1,
4605246011344,false,תה שחור רד בריי - פירמידה 36 גר GREENFI,אורימי,,תה שחור רד בריי - פי,גרמים,36.00,100 גרם,false,1,15.40,42.78,true,1,
4605246011450,false,תה טס בננה ספליט 20 שקיקים,,,תה טס בננה ספליט 20,גרמים,36.00,100 גרם,false,1,15.40,42.78,true,1,
4605246012587,false,תה ירוק טס דייקירי בריז 20 שקיקים,,,תה ירוק טס דייקירי ב,Unknown,0.00,Unknown,false,1,15.40,15.40,true,1,
4605246013836,false,תה שחור אינגליש אדישן-100 יח-Greenfield,,,תה שחור אינגליש אדיש,גרמים,100.00,100 גרם,false,1,35.90,35.90,true,1,
4605246013881,false,תה ירוק בטעם גינגר וחבושים-25 שקיות,אורימי,RU,תה ירוק בטעם גינגר ו,גרמים,50.00,100 גרם,false,1,12.90,25.80,true,1,
4605246013904,false,חליטה תה גרינפילד רוייבוס 25 שקי 37.5,אורימי,RU,חליטה תה גרינפילד רו,גרמים,38.00,100 גרם,false,1,12.90,33.95,true,1,
4605246015267,false,תה שחור טס שוקולד קיס 20 שקיקים,,,תה שחור טס שוקולד קי,גרמים,36.00,100 גרם,false,1,15.40,42.78,true,1,
4605246015274,false,תה שלור טס בלוברי טארט 20 שקיקים,,RU,תה שלור טס בלוברי טא,גרמים,36.00,100 גרם,false,1,15.40,42.78,true,1,
4605246017513,false,סט 4 סוגי תה גרינפילד+ספל 200 גר,,,סט 4 סוגי תה גרינפיל,גרמים,200.00,100 גרם,false,1,47.90,23.95,true,1,
4605362008716,false,גרעינים שחורים 300 גר בבקיני,או או או יקה.דה.וא.ק,RU,גרעינים שחורים 300 ג,גרמים,300.00,100 גרם,false,1,19.90,6.63,true,1,
4605504512316,false,עוגיות אגוזים 200 גר סורמובסקויה,סורמובסקי,,עוגיות אגוזים 200 גר,גרמים,200.00,100 גרם,false,1,5.90,2.95,true,1,
4605504512378,false,עוגיות שמנת 200 גר סורמובסקויה,סורמובסקי,,עוגיות שמנת 200 גר ס,גרמים,200.00,100 גרם,false,1,5.90,2.95,true,1,
4605504512569,false,עוגיות קפה 200 גר סורמובסקויה,סורמובסקי,,עוגיות קפה 200 גר סו,גרמים,200.00,100 גרם,false,1,5.90,2.95,true,1,
4605504512620,false,עוגיות ריבת חלב 200 גר סורמובסקויה,סורמובסקי,,עוגיות ריבת חלב 200,גרמים,200.00,100 גרם,false,1,5.90,2.95,true,1,
4605504513382,false,זפיר וניל אקסטרה 280 גרם,סורמובסקי,,זפיר וניל אקסטרה 280,גרמים,280.00,100 גרם,false,1,12.40,4.43,true,1,
4605504513856,false,זפיר קפה אקסטרה 280 גרם,סורמובסקי,,זפיר קפה אקסטרה 280,גרמים,280.00,100 גרם,false,1,12.40,4.43,true,1,
4605504518646,false,זפיר לבן ורוד אקסטרה 280 גרם,סורמובסקי,,זפיר לבן ורוד אקסטרה,גרמים,280.00,100 גרם,false,1,12.40,4.43,true,1,
4605516014617,false,זפיר סלדקיי איסטוריי אוכמניות בשוקו 180,וורונז',,זפיר סלדקיי איסטוריי,גרמים,180.00,100 גרם,false,1,17.90,9.94,true,1,
4605561010305,false,"חתיכות פילה הרינג עם שמיר בשמן 17.6 אונקיה, 500 גרם",LTD BREMOR SANTA SD,RU,חתיכות פילה הרינג,גרמים,500.00,100 גרם,false,1,30.50,6.10,true,1,
4605561010312,false,חתיכות פילה דג הרינג עם שמיר בשמן מצונן 200 גרם,LTD BREMOR SANTA SD,BY,חתיכות פילה הרינג עם,גרמים,200.00,100 גרם,false,1,11.40,5.70,true,1,
4605561010350,false,חתיכות פילה דג הרינג בשמן מצונן 200 גרם,LTD BREMOR SANTA SD,BY,חתיכות פילה הרינג בש,גרמים,200.00,100 גרם,false,1,11.40,5.70,true,1,
4605561011975,false,חתיכות פילה דג הרינג בשמן מצונן 150 גרם,LTD BREMOR SANTA SD,BY,חתיכות פילה הרינג בש,גרמים,200.00,100 גרם,false,1,8.30,4.15,true,1,
4605561012613,false,פילה דג הרינג קצוץ בשמן 400 גרם,LTD BREMOR SANTA SD,BY,פילה הרינג (קצוץ) בש,גרמים,400.00,100 גרם,false,1,17.70,4.43,true,1,
4605561013009,false,פילה דג הרינג בשמן 400 גרם,LTD BREMOR SANTA SD,BY,פילה הרינג בשמן 400,גרמים,400.00,100 גרם,false,1,17.70,4.43,true,1,
4605627003104,false,מעדן פרוטיס אפרסק פסיפלורה דובדבן 115ג',,,פרוטיס אפרסק/פסיפלור,מיליליטרים,115.00,"100 מ""ל",false,1,5.50,4.78,true,1,
4605627003128,false,מעדן פרוטיס אננס מלון פטל 115ג',,,פרוטיס אננס/מלון/פטל,מיליליטרים,115.00,"100 מ""ל",false,1,5.50,4.78,true,1,
4605627003142,false,מעדן פרוטיס משמש מנגו פירות יער 115ג',,,פרוטיס משמש/מנגו/פיר,מיליליטרים,115.00,"100 מ""ל",false,1,5.50,4.78,true,1,
4605627006624,false,מעדן פרוטיס אפרסק 290ג',,,פרוטיס אפרסק 320 מל,מיליליטרים,320.00,"100 מ""ל",false,1,11.40,3.56,true,1,
4605627007485,false,מעדן פרוטיס בננה ספליט פינקולדה 115ג',,,פרוטיס בננה ספליט/פי,מיליליטרים,115.00,"100 מ""ל",false,1,5.50,4.78,true,1,
4606260000499,false,תבלין קחמלי סונלי 15,,RU,תבלין קחמלי סונלי 15,Unknown,0.00,Unknown,false,1,2.90,2.90,true,1,
4606260000888,false,תבלין שום מיובש 10 ג,,RU,תבלין שום מיובש 10 ג,Unknown,0.00,Unknown,false,1,2.90,2.90,true,1,
4606260004398,false,ויטקס תערובת תיבול 15 ירקות 55 גרם,,,ויטקס תערובת תיבול 1,גרמים,55.00,100 גרם,false,1,9.10,16.55,true,1,
4606260004428,false,ויטקס תערובת תיבול ירקות מיובשים 50 גרם,,,ויטקס תערובת תיבול י,גרמים,50.00,100 גרם,false,1,9.10,18.20,true,1,
4606260005326,false,ויטקס עלי דפנה 50 גרם,ויטקס,,ויטקס עלי דפנה 50 גר,גרמים,50.00,100 גרם,false,1,10.30,20.60,true,1,
4606260005340,false,ויטקס תערובת תיבול מטבח עולמי 200 גרם,,,ויטקס תערובת תיבול מ,גרמים,200.00,100 גרם,false,1,10.20,5.10,true,1,
4606495001414,false,דג יבש מקולף לש 150 גרם,,KZ,דג יבש מקולף לש 150,גרמים,150.00,100 גרם,false,1,26.50,17.67,true,1,
4606598001335,false,תבלין לפלוב מגיה ווסטוקה 15 גרם,PROFAGROTECHNIKA,,תבלין לפלוב מגיה ווס,Unknown,0.00,Unknown,false,1,3.90,3.90,true,1,
4606598001359,false,תבלין לעוף מגיה ווסטוקה 15 גרם,PROFAGROTECHNIKA,,תבלין לעוף מגיה ווסט,Unknown,0.00,Unknown,false,1,3.90,3.90,true,1,
4606598001366,false,תבלין לדגים מגיה ווסטוקה 15 גר,PROFAGROTECHNIKA,RU,תבלין לדגים מגיה ווס,Unknown,0.00,Unknown,false,1,3.90,3.90,true,1,
4606598001397,false,"תבלין לתפו""א מגיה ווסטוקה 15 גרם",PROFAGROTECHNIKA,,תבלין לתפוא מגיה ווס,Unknown,0.00,Unknown,false,1,3.90,3.90,true,1,
4606598001427,false,תבלין חמלי-סונלי מגיה ווסטוקה 15 גרם,PROFAGROTECHNIKA,,תבלין חמלי-סונלי מגי,Unknown,0.00,Unknown,false,1,3.90,3.90,true,1,
4606598001434,false,תבלין לבשר טחון מגיה ווסטוקה 15 גרם,PROFAGROTECHNIKA,,תבלין לבשר טחון מגיה,Unknown,0.00,Unknown,false,1,3.90,3.90,true,1,
4606598001458,false,תבלין לשישליק מגיה ווסטוקה 15 גרם,PROFAGROTECHNIKA,,תבלין לשישליק מגיה,Unknown,0.00,Unknown,false,1,3.90,3.90,true,1,
4606598001465,false,תבלין לבשר לבן מגיה ווסטוקה 15 גרם,,,תבלין לבשר לבן מגיה,Unknown,0.00,Unknown,false,1,3.90,3.90,true,1,
4606598001724,false,תבלין לגולש מגיה ווסטוקה 15 גרם,PROFAGROTECHNIKA,,תבלין לגולש מגיה ווס,Unknown,0.00,Unknown,false,1,3.90,3.90,true,1,
4606598002745,false,תבלין לסולומון מגיה ווסטוקה 15 גרם,PROFAGROTECHNIKA,,תבלין לסולומון מגיה,Unknown,0.00,Unknown,false,1,3.90,3.90,true,1,
4606598003155,false,תערובת תיבול למרק דג מגיה ווסטוקה 15 גר,PROFAGROTECHNIKA,,תערובת תיבול למרק דג,Unknown,0.00,Unknown,false,1,2.90,2.90,true,1,
4606598003162,false,תבלין לכבש מגיה ווסטוקה 15 גר,,RU,תבלין לכבש מגיה ווסט,Unknown,0.00,Unknown,false,1,3.90,3.90,true,1,
4606598003391,false,תבלין לבורשץ מגיה ווסטוקה 15 גרם,PROFAGROTECHNIKA,,תבלין לבורשץ מגיה וו,Unknown,0.00,Unknown,false,1,3.90,3.90,true,1,
4606598003612,false,תבלין לכרעיים מגיה ווסטוקה 15 גרם,PROFAGROTECHNIKA,,תבלין לכרעיים מגיה ו,Unknown,0.00,Unknown,false,1,3.90,3.90,true,1,
4606598003681,false,תבלין לגזר קוריאני מגיה ווסטוקה 15 גר,PROFAGROTECHNIKA,RU,תבלין לגזר קוריאני מ,Unknown,0.00,Unknown,false,1,2.90,2.90,true,1,
4606598006422,false,עלי דפנה 15 גר,אריקון,RU,עלי דפנה 15 גר,גרמים,15.00,100 גרם,false,1,5.90,39.33,true,1,
4606598007054,false,תבלין פלפל שחור טחון מגיה ווסטוקה 10 גר,PROFAGROTECHNIKA,,תבלין פלפל שחור טחון,Unknown,0.00,Unknown,false,1,2.90,2.90,true,1,
4606598007412,false,תבלין זירה מגיה ווסטוקה 15 גרם,PROFAGROTECHNIKA,,תבלין זירה מגיה ווסט,Unknown,0.00,Unknown,false,1,3.90,3.90,true,1,
4606598007603,false,תבלין קינמון טחון מגיה ווסטוקה 15 גרם,PROFAGROTECHNIKA,,תבלין קינמון טחון מג,Unknown,0.00,Unknown,false,1,3.90,3.90,true,1,
4606598008679,false,תבלין קבקז מגיה ווסטוקה 15 גרם,PROFAGROTECHNIKA,,תבלין קבקז מגיה ווסט,Unknown,0.00,Unknown,false,1,3.90,3.90,true,1,
4606598011372,false,תבלין רוזמרין מגיה ווסטוקה 7 גרם,PROFAGROTECHNIKA,RU,תבלין רוזמרין מגיה ו,Unknown,0.00,Unknown,false,1,3.90,3.90,true,1,
4606598015790,false,תבלין לעלי גפן ממולאים מגיה ווסטוקה 15 ג,PROFAGROTECHNIKA,,תבלין לעלי גפן ממולא,Unknown,0.00,Unknown,false,1,2.90,2.90,true,1,
4606598015806,false,תבלין למרק סולנקה מגיה ווסטוקה 15 גר,PROFAGROTECHNIKA,,תבלין למרק סולנקה מג,Unknown,0.00,Unknown,false,1,2.90,2.90,true,1,
4606598016001,false,תבלין לבשר על האש מגיה ווסטוקה 15 גר,PROFAGROTECHNIKA,,תבלין לבשר על האש מג,Unknown,0.00,Unknown,false,1,2.90,2.90,true,1,
4606598016032,false,תבלין למרק שורפה מגיה ווסטוקה 15 גר,PROFAGROTECHNIKA,,תבלין למרק שורפה מגי,Unknown,0.00,Unknown,false,1,2.90,2.90,true,1,
4606598016308,false,תבלין למאנטי וחינקלי מגיה ווסטוקה 15 גר,PROFAGROTECHNIKA,,תבלין למאנטי וחינקלי,Unknown,0.00,Unknown,false,1,2.90,2.90,true,1,
4606599013320,false,חלב מרוכז ממותק 500 גר דרבנסקיה,בלמול,RU,חלב מרוכז ממותק 500,גרמים,500.00,100 גרם,false,1,11.40,2.28,true,1,
4607001410317,false,"רולדה ""אגדה"" בטעם תות שדה 200 גרם",רמנסקי,,"רולדה ""אגדה"" בטעם תו",גרמים,200.00,100 גרם,false,1,7.90,3.95,true,1,
4607001410324,false,"רולדה ""אגדה"" בטעם פירות יער 200 גרם",רמנסקי,,"רולדה ""אגדה"" בטעם פי",גרמים,200.00,100 גרם,false,1,7.90,3.95,true,1,
4607001411666,false,"רולדה ""אגדה"" בטעם ריבת חלב 200 גרם",,,"רולדה ""אגדה"" בטעם רי",גרמים,200.00,100 גרם,false,1,7.90,3.95,true,1,
4607001414445,false,טארטלט מתוק 180 גרם DESERT,רמנסקי,,טארטלט מתוק 180 גרם,גרמים,180.00,100 גרם,false,1,9.90,5.50,true,1,
4607001415442,false,עוגה אישית ארנבון במילוי שוקולד 150 גר,רמנסקי,,עוגה אישית ארנבון במ,גרמים,150.00,100 גרם,false,1,12.40,8.27,true,1,
4607001415725,false,"עוגת טורט ""שוורצואלד"" 350 גר בייקר האוס",רמנסקי,,"עוגת טורט ""שוורצואלד",גרמים,350.00,100 גרם,false,1,18.90,5.40,true,1,
4607001415732,false,"עוגת טורט ""סיציליה"" 350 גר בייקר האוס",רמנסקי,,"עוגת טורט ""סיציליה""",גרמים,350.00,100 גרם,false,1,18.90,5.40,true,1,
4607001416241,false,מיני קקס בטעם ריבת חלב 470 גר קוביס,רמנסקי,,מיני קקס בטעם ריבת ח,גרמים,470.00,100 גרם,false,1,17.90,3.81,true,1,
4607001416265,false,מיני קקס בטעם תות 470 גר קוביס,רמנסקי,,מיני קקס בטעם תות 47,גרמים,470.00,100 גרם,false,1,17.90,3.81,true,1,
4607001417569,false,טורט דבש (מאדוביק)במילוי ריבת חלב 350 גר,רמנסקי,,טורט דבש (מאדוביק)במ,גרמים,350.00,100 גרם,false,1,18.90,5.40,true,1,
4607002990290,false,מלפפונים מוחמצים 680 גר D. Vanya,רוסקויי פולה אלבאשי,RU,מלפפונים מוחמצים 680,גרמים,680.00,100 גרם,false,1,17.90,2.63,true,1,
4607002990481,false,עגבניות במיץ עגבניות דיאדיה וניה 680 גרם,דדיה ואניה,,עגבניות במיץ עגבניות,גרמים,680.00,100 גרם,false,1,17.90,2.63,true,1,
4607002991235,false,אסורטי עגבניות ומלפפונים 1.8ל דאדיה וניה,,RU,אסורטי עגבניות ומלפפ,ליטרים,0.00,ליטר,false,1,34.90,34.90,true,1,
4607002991587,false,עגבניות מוחמצות 1.8 ל דאדיה וניה,,RU,עגבניות מוחמצות 1.8,ליטרים,0.00,ליטר,false,1,34.90,34.90,true,1,
4607002995752,false,אסורטי עגבניות/מלפפונים דיאדיה וניה 680,דדיה ואניה,,אסורטי עגבניות/מלפפו,גרמים,680.00,100 גרם,false,1,17.90,2.63,true,1,
4607002995868,false,"פלפלים ברוטב עגבניות ""לצ'ו""",דדיה ואניה,RU,לציו דיאדיה וניה 680,גרמים,680.00,100 גרם,false,1,14.40,2.12,true,1,
4607002995943,false,ממרח קישואים קלויים דיאדיה וניה 460 גר,דדיה ואניה,RU,ממרח קישואים קלויים,גרמים,460.00,100 גרם,false,1,15.90,3.46,true,1,
4607002998142,false,מלפפונים בחומץ 950 גר דאדיה וניה,,RU,מלפפונים בחומץ 950 ג,מיליליטרים,950.00,"100 מ""ל",false,1,22.90,2.41,true,1,
4607002998180,false,מלפפונים במלח 950 גר דאדיה וניה,,RU,מלפפונים במלח 950 גר,מיליליטרים,950.00,"100 מ""ל",false,1,22.90,2.41,true,1,
4607002999187,false,קורנישונים צרפתי דיאדיה וניה 680 גרם,,RU,קורנישונים צרפתי דיא,גרמים,680.00,100 גרם,false,1,14.40,2.12,true,1,
4607002999309,false,שעועית לבנה אפויה דיאדיה וניה 480 גר,דדיה ואניה,RU,שעועית לבנה אפויה די,גרמים,480.00,100 גרם,false,1,15.90,3.31,true,1,
4607002999323,false,ממרח חצילים דיאדיה וניה 460 גר,דדיה ואניה,RU,ממרח חצילים דיאדיה ו,גרמים,460.00,100 גרם,false,1,15.90,3.46,true,1,
4607002999620,false,כוסמת עם פטריות דיאדיה וניה 460 גר,,RU,כוסמת עם פטריות דיאד,גרמים,460.00,100 גרם,false,1,15.90,3.46,true,1,
4607005400574,false,שוקולד עם אגוזים פובדה 250 גדם,POBEDA,,שוקולד עם אגוזים פוב,גרמים,250.00,100 גרם,false,1,20.90,8.36,true,1,
4607005402387,false,טרופל שוקולד קלאסי 180 גר,,RU,טרופל שוקולד קלאסי 1,גרמים,180.00,100 גרם,false,1,20.90,11.61,true,1,
4607005402417,false,טרופל שוקולד עם אייריש קרים ליקר 180 גר,,RU,טרופל שוקולד עם אייר,גרמים,180.00,100 גרם,false,1,20.90,11.61,true,1,
4607011260230,false,עוגיות ש.שועל קלאסי 400 גר HVATAY-KA,לובימיי קראי,,עוגיות ש.שועל קלאסי,גרמים,400.00,100 גרם,false,1,9.90,2.48,true,1,
4607011260247,false,עוגיות ש.שועל בטעם חלב 400 גר HVATAY-KA,לובימיי קראי,,עוגיות ש.שועל בטעם ח,גרמים,400.00,100 גרם,false,1,9.90,2.48,true,1,
4607012351005,false,גרעיני חמניות מרטין ללא מלח 200 גרם,"נארז ע""י : א.ג. גילר",RU,גרעיני חמניות מרטין,גרמים,200.00,100 גרם,false,1,10.90,5.45,true,1,
4607012351128,false,גרעיני חמניות מרטין 500 גרם,מרטין,,גרעיני חמניות מרטין,גרמים,500.00,100 גרם,false,1,29.90,5.98,true,1,
4607012351791,false,"צנימים ""MARTIN"" בטעם גבינה 60 גר",MARTIN,,"צנימים ""MARTIN"" בטע",גרמים,60.00,100 גרם,false,1,4.90,8.17,true,1,
4607012351807,false,"צנימים ""MARTIN"" בטעם בייקון 60 גר",MARTIN,,"צנימים ""MARTIN"" בטעם",גרמים,60.00,100 גרם,false,1,4.90,8.17,true,1,
4607012351821,false,"צנימים ""MARTIN"" בטעם ירק עם שמנת 60 גר",MARTIN,,"צנימים ""MARTIN"" בטעם",Unknown,0.00,Unknown,false,1,4.90,4.90,true,1,
4607012351999,false,גרעיני חמניות מרטין עם מלח 200 גרם,"נארז ע""י : א.ג. גילר",RU,גרעיני חמניות מרטין,גרמים,200.00,100 גרם,false,1,10.90,5.45,true,1,
4607012352095,false,גרעיני חמניות מרטין עם מלח 500 גרם,מרטין,,גרעיני חמניות מרטין,גרמים,500.00,100 גרם,false,1,29.90,5.98,true,1,
4607012352538,false,גרעיני חמניות מרטין מיקס 200 גרם,מרטין,,גרעיני חמניות מרטין,גרמים,200.00,100 גרם,false,1,10.90,5.45,true,1,
4607012353702,false,גרעיני חמנייה מרטין פסים עם מלח 250 גר,,,גרעיני חמנייה מרטין,גרמים,250.00,100 גרם,false,1,16.60,6.64,true,1,
4607014780551,false,שמן חמניות מזוכך בלגו 1 ל,קליסה,,שמן חמניות מזוכך בל,מיליליטרים,1000.00,"100 מ""ל",false,1,22.90,2.29,true,1,
4607014782111,false,שמן חמניות לא מזוכך בלגו 1 ל,קליסה,,שמן חמניות לא מזוכך,מיליליטרים,1000.00,"100 מ""ל",false,1,22.90,2.29,true,1,
4607016240381,false,אורז ארוך מלוטש אובלקה 800 גר,,,אורז ארוך מלוטש אובל,גרמים,800.00,100 גרם,false,1,13.40,1.68,true,1,
4607016240398,false,סולת 700 גרם,אובלקה,,סולת 700 גרם,גרמים,700.00,100 גרם,false,1,9.90,1.41,true,1,
4607016240909,false,אפונה מרוסקת 800 גרם,אובלקה,,אפונה מרוסקת 800 גרם,גרמים,800.00,100 גרם,false,1,14.40,1.80,true,1,
4607016240930,false,דוחן 800 גרם,אובלקה,,דוחן 800 גרם,גרמים,800.00,100 גרם,false,1,13.90,1.74,true,1,
4607016243078,false,ש.שועל תות וקרם 5*40גר,אובלקה,,ש.שועל תות וקרם 5*40,גרמים,200.00,100 גרם,false,1,15.10,7.55,true,1,
4607016243160,false,שיבולת שועל עם אפרסק,אובלקה,,ש.שועל עם אפרסק 5*40,גרמים,200.00,100 גרם,false,1,15.10,7.55,true,1,
4607016243191,false,ש.שועל עם אוכמניות 5*40גר,אובלקה,,ש.שועל עם אוכמניות 5,גרמים,200.00,100 גרם,false,1,15.10,7.55,true,1,
4607016243221,false,שיבולת שועל עם תפוח,אובלקה,,ש.שועל עם תפוח 5*40ג,גרמים,200.00,100 גרם,false,1,15.10,7.55,true,1,
4607016244716,false,גריסי תירס 750 גרם,אובלקה,,גריסי תירס 750 גרם,גרמים,750.00,100 גרם,false,1,8.90,1.19,true,1,
4607016245171,false,דייסה שיבולת שועל אסורטי 5 טעמים 200 ג,אובלקה,RU,דייסה שיבולת שועל אס,גרמים,200.00,100 גרם,false,1,14.40,7.20,true,1,
4607016245348,false,פתיתי 5 דגנים דקים 350 ג אובלקה,,,פתיתי 5 דגנים דקים 3,גרמים,350.00,100 גרם,false,1,7.90,2.26,true,1,
4607016245461,false,קטניות גריסי חיטה 80,אובלקה,,גריסי חיטה 5*80 גר,גרמים,400.00,100 גרם,false,1,11.40,2.85,true,1,
4607016245478,false,גריסי דוחן 80 גר חמי,אובלקה,,דוחן 5*80 גרם,גרמים,400.00,100 גרם,false,1,11.40,2.85,true,1,
4607016245485,false,תבשיל כוסמת אובלקה 5*80 גר,אובלקה,,תבשיל כוסמת אובלקה 5,גרמים,400.00,100 גרם,false,1,13.40,3.35,true,1,
4607016245508,false,גריסי שעורה 80 גר חמ,אובלקה,,גריסי שעורה 5*80 גרם,גרמים,400.00,100 גרם,false,1,9.90,2.48,true,1,
4607016245782,false,דייסת ש.שועל עם ענבי שועל שחורים 5*40גר,אובלקה,,דייסת ש.שועל עם ענבי,גרמים,200.00,100 גרם,false,1,15.10,7.55,true,1,
4607016245805,false,דייסת ש.שועל עם תערובת פירות יער 5*40גר,אובלקה,,דייסת ש.שועל עם תערו,גרמים,200.00,100 גרם,false,1,15.10,7.55,true,1,
4607016248431,false,דייסה שיבולת שועל עם בננה ותות שדה 40 גר,אובלקה,RU,דייסה שיבולת שועל עם,גרמים,40.00,100 גרם,false,1,2.90,7.25,true,1,
4607016248448,false,דייסה שיבולת שועל עם בננה ותות שדה 200 ג,אובלקה,RU,דייסה שיבולת שועל עם,גרמים,200.00,100 גרם,false,1,14.40,7.20,true,1,
4607016248608,false,"פתיתי שיבולת שועל עם חמוציות ותפ""ע 240 ג",אובלקה,RU,פתיתי שיבולת שועל עם,גרמים,240.00,100 גרם,false,1,14.40,6.00,true,1,
4607016310176,false,רוטב עגבניות צייד קינטו 300 גר SAZIBELI,אואואו דרסיל,,רוטב עגבניות,גרמים,300.00,100 גרם,false,1,16.90,5.63,true,1,
4607016310268,false,רוטב ירוק קינטו 300 גרם TKEMALI,אואואו דרסיל,,רוטב ירוק קינטו 300,גרמים,300.00,100 גרם,false,1,21.90,7.30,true,1,
4607016310275,false,רוטב ששליק קינטו 300 גרם TKEMALI,אואואו דרסיל,,רוטב ששליק קינטו 300,גרמים,300.00,100 גרם,false,1,21.90,7.30,true,1,
4607016419060,false,דובשניות עם מילוי בטעם ריבת חלב 500 גר,,,דובשניות עם מילוי בט,גרמים,500.00,100 גרם,false,1,16.90,3.38,true,1,
4607017090350,false,מים מינרלים יסנטוקי מס 17 1.5 ליטר,,RU,מים מינרלים יסנטוקי,ליטרים,0.00,ליטר,false,1,13.50,13.50,true,1,
4607017091029,false,מים מינרלים יסנטוקי מס 4 1.5 ליטר,,RU,מים מינרלים יסנטוקי,ליטרים,0.00,ליטר,false,1,13.50,13.50,true,1,
4607018271758,false,בלינצס במילוי דובדבן 360 גרם,,,בלינצס במילוי דובדבן,גרמים,360.00,100 גרם,false,1,12.50,3.47,true,1,
4607018271765,false,בלינצס במילוי גבינה לבנה 360 גר,לינה,,בלינצס במילוי גבינה,גרמים,360.00,100 גרם,false,1,12.50,3.47,true,1,
4607018271819,false,בלינצס ללא מילוי 450 גרם,,,בלינצס ללא מילוי 450,גרמים,450.00,100 גרם,false,1,15.60,3.47,true,1,
4607018275152,false,בלינצס ללא מילוי 310 גרם,לינה,,בלינצס ללא מילוי 310,גרמים,310.00,100 גרם,false,1,9.90,3.19,true,1,
4607026342792,false,אבראו דורסו יין מבעבע רוזה חצי יב 750 מ,,,אבראו דורסו יין מבעב,מיליליטרים,750.00,"100 מ""ל",false,1,41.90,5.59,true,1,
4607026530212,false,יורוסטנדרט כוסמת 900,אגרופרודקט,RU,כוסמת 900 גרם,גרמים,900.00,100 גרם,false,1,11.90,1.32,true,1,
4607037431218,false,זפיר קרם ברלה 420 גרם NEVA,NEVA,,זפיר קרם ברלה 420 גר,גרמים,420.00,100 גרם,false,1,20.90,4.98,true,1,
4607037431225,false,זפיר ורוד-לבן 420 גרם NEVA,NEVA,,זפיר ורוד-לבן 420 גר,גרמים,420.00,100 גרם,false,1,20.90,4.98,true,1,
4607037435797,false,ממתק מוקצף בטעם וניל וחתיכות מרמלדה 220ג,פנזה,RU,ממתק מוקצף בטעם וניל,גרמים,220.00,100 גרם,false,1,12.40,5.64,true,1,
4607037437296,false,פסטילה וניל 200 גרם NEVA,NEVA,,פסטילה וניל 200 גרם,גרמים,200.00,100 גרם,false,1,12.40,6.20,true,1,
4607037437616,false,פסטילה לבן-ורוד 200 גרם NEVA,פקטורי נבה אל טי די,RU,פסטילה לבן ורוד 200,גרמים,200.00,100 גרם,false,1,9.90,4.95,true,1,
4607037439535,false,פסטילה וניל דושחבתי עם מרמלד 240 גר NEVA,פקטורי נבה אל טי די,,פסטילה וניל דושחבתי,גרמים,240.00,100 גרם,false,1,13.40,5.58,true,1,
4607041230289,false,כעכים פוסולסקי צילנו,וופלשניה,,כעכים 200 גרם CHELNO,גרמים,200.00,100 גרם,false,1,5.90,2.95,true,1,
4607041230630,false,צנימים בטעם וניל 250 גרם POSOLSKIE,וופלשניה,,צנימים בטעם וניל 250,גרמים,250.00,100 גרם,false,1,8.90,3.56,true,1,
4607041230647,false,צנימים עם צימוקים 250 גרם POSOLSKIE,וופלשניה,,צנימים עם צימוקים 25,גרמים,250.00,100 גרם,false,1,8.90,3.56,true,1,
4607041232641,false,צנימים בטעם וניל 300 גר POSOLSKIE,וופלשניה,RU,צנימים בטעם וניל 300,גרמים,300.00,100 גרם,false,1,11.90,3.97,true,1,
4607041232672,false,כעכים מצופים 200 גרם MALUTKA,וופלשניה,,כעכים מצופים 200 גרם,גרמים,200.00,100 גרם,false,1,5.90,2.95,true,1,
4607041232689,false,כעכים עם פרג 200 גרם MALUTKA,וופלשניה,,כעכים עם פרג 200 גרם,גרמים,200.00,100 גרם,false,1,5.90,2.95,true,1,
4607041232764,false,כעכים בטעם וניל 200 ג'-POSOLSKI CHELNOCHEK,וופלשניה,,כעכים וניל 200 גרם M,גרמים,200.00,100 גרם,false,1,5.90,2.95,true,1,
4607041232979,false,צנימים עם צימוקים 250 גרם POSOLSKIE,וופלשניה,RU,צנימים עם צימוקים 25,גרמים,250.00,100 גרם,false,1,8.90,3.56,true,1,
4607041312596,false,גרעיני חמניות קלויים עם מלח 250 גר,,RU,גרעיני חמניות קלויים,גרמים,250.00,100 גרם,false,1,18.90,7.56,true,1,
4607051158221,false,תה ארל גריי 20 שקיקים CURTIS,או א.או מאי קומפני,,תה ארל גריי 20 שקיקי,Unknown,0.00,Unknown,false,1,13.40,13.40,true,1,
4607051158481,false,תה ירוק 20 שקיקים,או א.או מאי קומפני,,תה 34 גר MOJITO CURT,Unknown,0.00,Unknown,false,1,13.40,13.40,true,1,
4607051158672,false,תה פירות יער 20 שקיקים CURTIS,או א.או מאי קומפני,,תה פירות יער 20 שקיק,Unknown,0.00,Unknown,false,1,13.40,13.40,true,1,
4607054450841,false,גרעינים מטוגנים סטניצניה 400 גר,,,גרעינים מטוגנים סטני,גרמים,400.00,100 גרם,false,1,25.90,6.48,true,1,
4607054451718,false,גרעינים טמבובסקי וול,או.או.או אגרוסווז,,"גרעינים 230 גר ""VOLK",גרמים,230.00,100 גרם,false,1,12.50,5.43,true,1,
4607054451732,false,גרעינים XXL טמבובסקי,או.או.או אגרוסווז,,גרעינים 400 גר VOLK,גרמים,400.00,100 גרם,false,1,19.90,4.98,true,1,
4607054451831,false,גרעינים עם מלח 200 גר *VOLK*,או.או.או אגרוסווז,,גרעינים עם מלח 200 ג,גרמים,230.00,100 גרם,false,1,12.50,5.43,true,1,
4607054452395,false,גרעיני דלעת קלויים 200 גרם,אגרוסויוז,RU,גרעיני דלעת 200 גר P,גרמים,200.00,100 גרם,false,1,24.90,12.45,true,1,
4607054452418,false,"גרעיני חמניות קלויים ""פשוט טעים"" 400 גרם",אגרוסויוז,RU,גרעיני חמניות קלויים,גרמים,400.00,100 גרם,false,1,24.90,6.23,true,1,
4607054452579,false,"גרעיני קלויים ומלוחים ""פשוט טעים"" 400 גר",אגרוסויוז,RU,גרעיני קלויים ומלוחי,גרמים,400.00,100 גרם,false,1,24.90,6.23,true,1,
4607054453255,false,גרעיני חמניות 250 גר Prosto Vkusnie,אגרוסויוז,RU,גרעיני חמניות 250 גר,גרמים,250.00,100 גרם,false,1,14.40,5.76,true,1,
4607054453651,false,בוטנים קלויים VOLK 250 גר,,,בוטנים קלויים VOLK,גרמים,250.00,100 גרם,false,1,16.90,6.76,true,1,
4607056587507,false,"משקה לתת מוגז חבית צהובה פחית 1.5 מ""ל",,RU,משקה לתת מוגז חבית צ,מיליליטרים,1500.00,"100 מ""ל",false,1,20.20,1.35,true,1,
4607065411312,false,פטריות אופיאטה פוסולסקי דבור 680 גר,,CN,פטריות אופיאטה פוסול,גרמים,680.00,100 גרם,false,1,17.70,2.60,true,1,
4607065580070,false,איטריות להכנה מהירה קויסטי בקר 70 גר קוי,,,איטריות להכנה מהירה,גרמים,70.00,100 גרם,false,1,3.50,5.00,true,1,
4607065580087,false,איטריות להכנה מהירה קויסטי עוף 70 גר קוי,,,תבשיל אטריות להכנה מ,Unknown,0.00,Unknown,false,1,3.50,3.50,true,1,
4607065580193,false,דושירק בטעם טלה 90 גרם,,,דושירק בטעם טלה 90 ג,גרמים,90.00,100 גרם,false,1,9.90,11.00,true,1,
4607065580209,false,מרק דושירק בטעם עוף עם פלפל 90 גר,,,מרק דושירק בטעם עוף,Unknown,0.00,Unknown,false,1,9.90,9.90,true,1,
4607065580216,false,דושירק בטעם בקר 90 גרם,,,מרק דושירק בטעם בקר,גרמים,90.00,100 גרם,false,1,9.90,11.00,true,1,
4607065580223,false,דושירק בטעם עוף 90 גרם,,,דושירק בטעם עוף 90 ג,גרמים,90.00,100 גרם,false,1,9.90,11.00,true,1,
4607065580230,false,דושירק בטעם פטריות 90 גרם,,,דושירק בטעם פטריות 9,גרמים,90.00,100 גרם,false,1,9.90,11.00,true,1,
4607065580247,false,דושירק בטעם בקון 90 גר,,,דושירק בטעם בקון 90,גרמים,90.00,100 גרם,false,1,9.90,11.00,true,1,
4607065580278,false,פירה דושירק בטעם בקר 40 גר,,RU,"פירה תפו""א בטעם בקר",גרמים,40.00,100 גרם,false,1,5.90,14.75,true,1,
4607065580285,false,פירה דושירק בטעם פטריות 40 גר,,RU,"פירה תפו""א בטעם פטרי",גרמים,40.00,100 גרם,false,1,5.90,14.75,true,1,
4607065580353,false,מרק דושירק בטעם קימצי 90 גר,,,מרק דושירק בטעם קימצ,Unknown,0.00,Unknown,false,1,9.90,9.90,true,1,
4607065580568,false,תבשיל אטריות להכנה מהירה בטעם עוף 110 גר,DOSHIRAK,,תבשיל אטריות להכנה מ,גרמים,110.00,100 גרם,false,1,11.90,10.82,true,1,
4607065580575,false,תבשיל אטריות להכנה מהירה בטעם בקר 110 גר,DOSHIRAK,,תבשיל אטריות להכנה מ,גרמים,110.00,100 גרם,false,1,11.90,10.82,true,1,
4607065580902,false,תבשיל אטריות להכנה מהירה בטעםפירות ים 90,,,תבשיל אטריות להכנה מ,גרמים,90.00,100 גרם,false,1,9.90,11.00,true,1,
4607084352115,false,עוגיות 360 גר ORION CHOCO-PIE ORANGE,לוט.ק.פ,RU,עוגיות 360 גר ORION,גרמים,360.00,100 גרם,false,1,17.90,4.97,true,1,
4607084411034,false,לוביו סלט שעועית אדומה אבחזי 510 גר EKO,,RU,לוביו סלט שעועית אדו,גרמים,510.00,100 גרם,false,1,14.40,2.82,true,1,
4607084419368,false,שעועית לבנה אפויה סגנון סרבי 510 גר EKO,,RU,שעועית לבנה אפויה סג,גרמים,510.00,100 גרם,false,1,14.40,2.82,true,1,
4607084419375,false,שעועית לבנה עם פטריות בסגנון יווני 510ג,,RU,שעועית לבנה עם פטריו,גרמים,510.00,100 גרם,false,1,14.40,2.82,true,1,
4607084419955,false,סלט ירקות יסיצילאיני 500 גר EKO,,RU,סלט ירקות יסיצילאיני,גרמים,500.00,100 גרם,false,1,14.40,2.88,true,1,
4607084419986,false,סלט כרוב לבן עם פטריות בסגנון ציכי 480,,RU,סלט כרוב לבן עם פטרי,גרמים,480.00,100 גרם,false,1,14.40,3.00,true,1,
4607117890690,false,סוכריות רומשקי 250 גרם,רוט פרונט,,סוכריות רומשקי 250 ג,גרמים,250.00,100 גרם,false,1,15.40,6.16,true,1,
4607117890713,false,פרלין קראסני מאק 250 גרם,רוט פרונט,,פרלין קראסני מאק 250,גרמים,250.00,100 גרם,false,1,20.80,8.32,true,1,
4607117890768,false,סוכריות מוסקביצקה 250 גרם,רוט פרונט,,סוכריות מוסקביצקה 25,גרמים,250.00,100 גרם,false,1,14.40,5.76,true,1,
4607117890904,false,סוכריות לסטוצקה 250 גרם,רוט פרונט,,סוכריות לסטוצקה 250,גרמים,250.00,100 גרם,false,1,14.40,5.76,true,1,
4607117890973,false,סוכריות בטונציק רוט - פרונט 250 גרם,רוט פרונט,,סוכריות בטונציק רוט,גרמים,250.00,100 גרם,false,1,18.70,7.48,true,1,
4607117891802,false,סוכריות קראקום 250 גרם,רוט פרונט,,סוכריות קראקום 250 ג,גרמים,250.00,100 גרם,false,1,20.90,8.36,true,1,
4607123920329,false,"ברנדי קיזליאר 7 שנים 500 מ""ל",,,ברנדי קיזליאר 7 שנים,מיליליטרים,500.00,"100 מ""ל",false,1,94.90,18.98,true,1,
4607126190026,false,פת פריכה מקמח חיטה ושיפון ב 80 גר ELIZOV,,,פת פריכה מקמח חיטה ו,גרמים,80.00,100 גרם,false,1,9.90,12.38,true,1,
4607135892973,false,עוגת וופל קורובקה 200 גר,סרברניי בור,,עוגת וופל קורובקה 20,גרמים,200.00,100 גרם,false,1,18.90,9.45,true,1,
4607167191297,false,"ריבה אימפריה גימוב אובלפיחה 1 ק""ג",אימפריה ג'מוב,,ריבה אימפריה גימוב א,קילוגרמים,0.00,"ק""ג",false,1,35.90,35.90,true,1,
4607931605210,false,"משקה דיושס 500 מ""ל",RASSVET,,משקה דיושס 500 מל,מיליליטרים,500.00,"100 מ""ל",false,1,9.90,1.98,true,1,
4607931605234,false,"משקה לימונד 500 מ""ל",RASSVET,,משקה לימונד 500 מל,מיליליטרים,500.00,"100 מ""ל",false,1,9.90,1.98,true,1,
4610018570073,false,קוויאר אדום פחית 95,א.ר.ד.י.ו,,קוויאר בפחית 95 גר,גרמים,95.00,100 גרם,false,1,37.90,39.89,true,1,
4610028130052,false,וודקה לג'נד אוף קרמלין Legend of Kremlin,"איטאר בע""מ קלינינגרד",RU,וודקה לגנד אוף קרמלי,מיליליטרים,700.00,"100 מ""ל",false,1,139.90,19.99,true,1,
4610082860056,false,דייסה 5 דגנים עם דבש ואגוזים 200 גרם,אובלקה,,דייסה 5 דגנים עם דבש,גרמים,200.00,100 גרם,false,1,14.40,7.20,true,1,
4620004252074,false,מרמלד גלי בטעם דובדבן 300 גרם AZ,אזוב,RU,ממתקי גלי דובדבן חמו,גרמים,300.00,100 גרם,false,1,13.90,4.63,true,1,
4620004252265,false,מרמלד גלי בטעם פטל 300 גרם AZ,אזוב,RU,ממתקי גלי פטל 300 גר,גרמים,300.00,100 גרם,false,1,13.90,4.63,true,1,
4620004252661,false,ממתקי גלי דומדמניות שחורות 300 גר AZOV,CFACTORY AZOV,RU,ממתקי גלי דומדמניות,גרמים,300.00,100 גרם,false,1,13.90,4.63,true,1,
4620004252678,false,ממתקי גלי פירות אסורטי 300 גר AZOV,אזוב,RU,ממתקי גלי פירות אסור,גרמים,300.00,100 גרם,false,1,13.90,4.63,true,1,
4620015850351,false,תה ירוק 36 גרם HUGO COCTAIL CURTIS,או א.או מאי קומפני,,תה ירוק 36 גרם HUGO,Unknown,0.00,Unknown,false,1,13.40,13.40,true,1,
4620015850603,false,תה ירוק ריצירד רויאל 2*100 שקי 200 גר,או א.או מאי קומפני,RU,תה ירוק ריצירד רויאל,גרמים,200.00,100 גרם,false,1,20.90,10.45,true,1,
4620015851044,false,תה ירוק כורטיס פיטיה לבנה 20 שקיקים,או א.או מאי קומפני,,תה ירוק כורטיס פיטיה,Unknown,0.00,Unknown,false,1,13.40,13.40,true,1,
4620015851068,false,תה שחור 20 שקיקים 36 גר TRUFFLE CURTIS,זא א או מאי קומפני,,תה שחור 20 שקיקים 36,Unknown,0.00,Unknown,false,1,13.40,13.40,true,1,
4620015851082,false,תה שחור ארל גריי 200,או א.או מאי קומפני,RU,תה שחור RICHARD* E,גרמים,200.00,100 גרם,false,1,20.90,10.45,true,1,
4620015851778,false,תה שחור RICHARD* ENG.BREAKFAST*,או א.או מאי קומפני,RU,תה שחור RICHARD* ENG,גרמים,200.00,100 גרם,false,1,20.90,10.45,true,1,
4620015851877,false,תה שחור ריצירד רויאל צילון 20 שקיקים,או א.או מאי קומפני,,תה שחור ריצירד רויאל,Unknown,0.00,Unknown,false,1,13.40,13.40,true,1,
4620015851884,false,תה ירוק ריצירד רויאל ליימ מינט 20 שקיקים,או א.או מאי קומפני,,תה ירוק ריצירד רויאל,Unknown,0.00,Unknown,false,1,13.40,13.40,true,1,
4620015852553,false,תה שחור כורטיס פירות יער כחול בלוז 20 שק,או א.או מאי קומפני,,תה שחור כורטיס,Unknown,0.00,Unknown,false,1,13.40,13.40,true,1,
4620015852966,false,תה שחור ריצירד 20 שקיקים GRAPE ROYAL,או א.או מאי קומפני,RU,תה שחור ריצירד 20 שק,Unknown,0.00,Unknown,false,1,13.40,13.40,true,1,
4620015852973,false,תה פירות ריצירד 20 שקיקים ROYAL RED,או א.או מאי קומפני,RU,תה פירות ריצירד 20 ש,Unknown,0.00,Unknown,false,1,13.40,13.40,true,1,
4620016960424,false,תבלין לדגים פריפרבקה 15 גר,PRIPRAVKA RU,,תבלין לדגים פריפרבקה,Unknown,0.00,Unknown,false,1,3.90,3.90,true,1,
4620016960486,false,תבלין שיפודים פריפרבקה 15 גר,PRIPRAVKA RU,UA,תבלין שיפודים פריפרב,Unknown,0.00,Unknown,false,1,3.90,3.90,true,1,
4620016960738,false,תבלין לעוף פריפרבקה 15 גר,PRIPRAVKA RU,,תבלין לעוף פריפרבקה,Unknown,0.00,Unknown,false,1,3.90,3.90,true,1,
4623721523458,false,ממתקים מוקצפים בטעם שמנת 420 גר,פטרבורג.קונדיטר,,ממתקים מוקצפים בטעם,גרמים,420.00,100 גרם,false,1,15.40,3.67,true,1,
4623721717444,false,"ממתקים מוקצפים בטעם ת""ע ירוק 420 גר",פטרבורג.קונדיטר,,ממתקים מוקצפים בטעם,גרמים,420.00,100 גרם,false,1,15.40,3.67,true,1,
4630016490173,false,"משקה מוגז אשכוליות 500 מ""ל SAN SLAVIA",SAN SLAVIA,,משקה מוגז תפוז 500 מ,מיליליטרים,500.00,"100 מ""ל",false,1,10.90,2.18,true,1,
4630037252217,false,"קוב וינו מבעבע לבן חצי מתוק 750 מ""ל",,,קוב וינו מבעבע לבן ח,מיליליטרים,750.00,"100 מ""ל",false,1,30.90,4.12,true,1,
4630049326746,false,"שמן חמניות בראביטה 870 מ""ל",,,שמן חמניות בראביטה 8,מיליליטרים,870.00,"100 מ""ל",false,1,14.40,1.66,true,1,
4640001890031,false,סודה לשתייה 500 גר,או או או בשקיריה,,סודה לשתייה 500 גר,גרמים,500.00,100 גרם,false,1,11.40,2.28,true,1,
4640013607313,false,חליף אבקת חלב 150 גרם פרסטון,PROFAGROTECHNIKA,RU,חליף אבקת חלב 150 גר,גרמים,150.00,100 גרם,false,1,14.40,9.60,true,1,
4640018993350,false,פיניש קוואנטום קפסולות ג'ל למדיח כלים לימון 30 יח',רקיט בנקיזר,PL,טבליות למדיח פיניש ק,Unknown,0.00,Unknown,false,1,34.90,34.90,true,1,
4650056310217,false,שימורי כרוב ים 220 גרם,,,שימורי כרוב ים 220,גרמים,220.00,100 גרם,false,1,5.50,2.50,true,1,
4660011134529,false,עוגה שלושה שוקולדים 800 גרם,,,עוגה שלושה שוקולדים,גרמים,800.00,100 גרם,false,1,79.90,9.99,true,1,
4670001495035,false,קוואס יאחונט 2 ליטר,,RU,קוואס יאחונט 2 ליטר,ליטרים,0.00,ליטר,false,1,19.90,19.90,true,1,
4680009730021,false,דובשניות סחרניה בטעם וניל 500 גר BKK,,RU,דובשניות סחרניה בטעם,גרמים,500.00,100 גרם,false,1,13.90,2.78,true,1,
4680009730045,false,דובשניות סחרניה בטעם דבש 500 גר BKK,,RU,דובשניות סחרניה בטע,גרמים,500.00,100 גרם,false,1,13.90,2.78,true,1,
4680009731318,false,בייגל מלוטקה 500 גר BKK,BKK,RU,בייגל מלוטקה 500 גר,גרמים,500.00,100 גרם,false,1,13.90,2.78,true,1,
4680009734395,false,בייגל בטעם וניל 500 גר BKK,BKK,RU,בייגל בטעם וניל 500,גרמים,500.00,100 גרם,false,1,13.90,2.78,true,1,
4680009734432,false,בייגל עם פרג 500 גר BKK,BKK,RU,בייגל עם פרג 500 גר,גרמים,500.00,100 גרם,false,1,14.90,2.98,true,1,
4680036910298,false,"בירה זיגולי 900 מ""ל",,,"בירה זיגולי 900 מ""ל",מיליליטרים,900.00,"100 מ""ל",false,1,18.90,2.10,true,1,
4680036915002,false,"בירה גיגולי חיטה 450 מ""ל בקבוק",,,בירה גיגולי חיטה 450,מיליליטרים,500.00,"100 מ""ל",false,1,11.50,2.30,true,1,
4680036915934,false,בירה זיגולי בק 450 מ,,,בירה זיגולי 450 מל,מיליליטרים,450.00,"100 מ""ל",false,1,11.50,2.56,true,1,
4680036919475,false,"בירה גיגולי 4.5% נפח כהל 1968 430 מ""ל",,,בירה גיגולי 4.5% נפח,מיליליטרים,430.00,"100 מ""ל",false,1,11.50,2.67,true,1,
4710068001692,false,"מאסטר קפה לאטה פחית 240 מ""ל",תאיט מרקטינג אנד דיסטריב,TW,מאסטר קפה לאטה 240 מ,מיליליטרים,240.00,"100 מ""ל",false,1,7.50,3.13,true,1,
4710068001715,false,"מאסטר קפה טירמיסו פחית 240 מ""ל",יוני פרזינדנט אנטרפר,TW,מאסטר קפה טירמיסו 24,מיליליטרים,240.00,"100 מ""ל",false,1,7.50,3.13,true,1,
4710068001739,false,"מאסטר קפה קולומביאני 250 מ""ל",יוני פרזינדנט אנטרפר,TW,מאסטר קפה קולוביאני,מיליליטרים,250.00,"100 מ""ל",false,1,7.50,3.00,true,1,
4710068003313,false,"מאסטר קפה אמריקאנו פחית 240 מ""ל",מאיטה פוד אינדוסטריא,TW,מאסטר קפה אמריקנו 24,מיליליטרים,240.00,"100 מ""ל",false,1,7.50,3.13,true,1,
4710964104916,false,"שמן שומשום טהור 370 מ""ל (כ)",פלייבור פול פודס טיי,TW,שמן שומשום טהור 370,מיליליטרים,370.00,"100 מ""ל",false,1,20.90,5.65,true,1,
4711476002813,false,"קפה קר פיפו למוקצינו 240 מ""ל זכוכית",,TW,קפה קר פיפו מוקצינו,מיליליטרים,240.00,"100 מ""ל",false,1,8.60,3.58,true,1,
4740098079309,false,"סיידר ""FIZZ"" אוכמניות 500 מ""ל","""cesu alus""",LV,"סיידר ""FIZZ"" אוכמניו",מיליליטרים,500.00,"100 מ""ל",false,1,8.20,1.64,true,1,
4740098079316,false,"סיידר ""FIZZ"" תות שדה 500 מ""ל","""cesu alus""",LV,"סיידר ""FIZZ"" תות שדה",מיליליטרים,500.00,"100 מ""ל",false,1,8.20,1.64,true,1,
4740098079323,false,"סיידר ""FIZZ"" אגס 500 מ""ל","""cesu alus""",,"סיידר ""FIZZ"" אגס 500",מיליליטרים,500.00,"100 מ""ל",false,1,8.20,1.64,true,1,
4740098084440,false,"סיידר ""FIZZ"" תפוח עץ 500 מ""ל","""cesu alus""",,"סיידר ""FIZZ"" תפוח עץ",מיליליטרים,500.00,"100 מ""ל",false,1,8.20,1.64,true,1,
4740098090137,false,"בירה אינדיה פייל אייל לבנה 500 מ""ל",א.לה קוק A.Le Coq,EE,בירה אינדיה פייל איי,מיליליטרים,500.00,"100 מ""ל",false,1,13.50,2.70,true,1,
4740098098331,false,"קוקטייל בלו לגון אה לה קוק 330 מ""ל",אה לי קוק,EE,קוקטייל בלו לגון אה,מיליליטרים,330.00,"100 מ""ל",false,1,12.50,3.79,true,1,
4740098098355,false,"קוקטייל מוחיטו אה לה קוק 330 מ""ל",אה לי קוק,EE,קוקטייל מוחיטו אה לה,מיליליטרים,330.00,"100 מ""ל",false,1,12.50,3.79,true,1,
4740098098379,false,"קוקטייל מרגריטה אה לה קוק 330 מ""ל",אה לי קוק,EE,קוקטייל מרגריטה אה ל,מיליליטרים,330.00,"100 מ""ל",false,1,12.50,3.79,true,1,
4740098098393,false,"קוקטייל און דה ביץ אה לה קוק 330 מ""ל",אה לי קוק,EE,קוקטייל און דה ביץ,מיליליטרים,330.00,"100 מ""ל",false,1,12.50,3.79,true,1,
4750001008869,false,בונבוניירה אסורטי מריר 70% לאימה 360 גר,LAIMA,,בונבוניירה אסורטי מר,גרמים,360.00,100 גרם,false,1,41.90,11.64,true,1,
4750001814743,false,בונבוניירה ורדים אדומים 470 גר LAIMA,LAIMA,,בונבוניירה ורדים אדו,גרמים,470.00,100 גרם,false,1,41.90,8.91,true,1,
4750001952698,false,לאימה שוקולד מריר אגוזי לוז שלמים 200 גר,,LV,לאימה שוקולד מריר אג,גרמים,200.00,100 גרם,false,1,20.90,10.45,true,1,
4750001955743,false,שוקולד מריר חתיכות קקאו ורום 100גORKLA,ORKLA,LV,שוקולד מריר חתיכות ק,גרמים,100.00,100 גרם,false,1,11.40,11.40,true,1,
4750010492826,false,שפרוטים מעושנים ריגה בצנצנת 250 גר,,LV,שפרוטים מעושנים ריגה,גרמים,250.00,100 גרם,false,1,16.60,6.64,true,1,
4750012000036,false,דיווה קוסמופוליטן שיכר מלון 750 מל,,LV,דיווה קוסמופוליטן שי,Unknown,0.00,Unknown,false,1,24.90,24.90,true,1,
4750012013036,false,דיווה קוסמופוליטן תות מנטה 750 מל,,,דיווה קוסמופוליטן,Unknown,0.00,Unknown,false,1,24.90,24.90,true,1,
4750012025855,false,דיווה קוסמופוליטן-שיכר תפוח 750 מל,Amberbev Internation,LV,דיווה קוסמופוליטן,Unknown,0.00,Unknown,false,1,24.90,24.90,true,1,
4750012026852,false,דיווה קוסמופוליטן שיכר פרי יער 750 מל,בלזם,LV,דיווה קוסמופוליטן,Unknown,0.00,Unknown,false,1,24.90,24.90,true,1,
4750017001854,false,פילה דג סלמון בשמן צמחי 200 גר,סבי דריבה,,פילה דג סלמון בשמן צ,גרמים,200.00,100 גרם,false,1,13.70,6.85,true,1,
4750021004858,false,"ריגה בלזם בלאק ציר 700 מ""ל",,,CHERRY ריגה בלזם בלא,מיליליטרים,700.00,"100 מ""ל",false,1,83.90,11.99,true,1,
4750021101380,false,"ריגה בלזם בלאק 700 מ""ל",אס פי אי,,ריגה בלזם בלאק 700 מ,מיליליטרים,700.00,"100 מ""ל",false,1,104.90,14.99,true,1,
4750021201295,false,"וודקה ריגה בלאק 500 מ""ל",,,וודקה ריגה בלאק 500,מיליליטרים,500.00,"100 מ""ל",false,1,43.90,8.78,true,1,
4750021201592,false,וודקה 1 ליור RIGA BLACK,,,וודקה 1 ליטר RIGA BL,מיליליטרים,1000.00,"100 מ""ל",false,1,83.90,8.39,true,1,
4750021221361,false,"וודקה 700 מ""ל RIGA BLACK",,,"וודקה 700 מ""ל RIGA B",מיליליטרים,700.00,"100 מ""ל",false,1,51.90,7.41,true,1,
4750021538377,false,"ריגה בלזם בלאק דומדמניות 700 מ""ל",אס פי אי,,ריגה בלזם בלאק דומדמ,מיליליטרים,700.00,"100 מ""ל",false,1,83.90,11.99,true,1,
4750022615091,false,רוטב בולונז 510 גר SPILVA,,LV,רוטב בולונז 510 גר S,גרמים,510.00,100 גרם,false,1,16.90,3.31,true,1,
4750022626059,false,רוטב SPILVA תאילנדי אסיה 310 גרם,SPILVA SIA,LV,"רוטב אסיאתי 270 מ""ל",מיליליטרים,270.00,"100 מ""ל",false,1,13.40,4.96,true,1,
4750022686190,false,רוטב מנגו צילי 285 גר SPILVA,,LV,רוטב מנגו צילי 285 ג,גרמים,285.00,100 גרם,false,1,21.90,7.68,true,1,
4750022740298,false,מחית תפוחי עץ עם שמנת 500 גר SPILVA,,LV,מחית תפוחי עץ עם שמנ,גרמים,500.00,100 גרם,false,1,16.90,3.38,true,1,
4750022741295,false,מחית תפוחי עץ עם אפרסק שמנת 500 ג SPILVA,,LV,מחית תפוחי עץ עם אפר,גרמים,500.00,100 גרם,false,1,16.90,3.38,true,1,
4750022745293,false,מחית תפוחי עץ עם תות שמנת 500 גר SPILVA,,LV,מחית תפוחי עץ עם תות,גרמים,500.00,100 גרם,false,1,16.90,3.38,true,1,
4750024001908,false,טוגני תפוחי אדמה בטעם שמיר 130 גר TAFFEL,,LV,טוגני תפוחי אדמה בטע,גרמים,130.00,100 גרם,false,1,16.90,13.00,true,1,
4750024002189,false,"טוגני תפ""א שמנת חמוצה ובצל 130 גר TAFFEL",,LV,"טוגני תפ""א שמנת חמוצ",גרמים,130.00,100 גרם,false,1,16.90,13.00,true,1,
4750024002196,false,"טוגני תפ""א בטעם גבינה שמנת 130 גר TAFFEL",,LV,"טוגני תפ""א בטעם גבינ",גרמים,130.00,100 גרם,false,1,16.90,13.00,true,1,
4750042000150,false,משקה פירות שדה 1.5 ליטר פרוטו,Cido,LV,משקה פירות שדה 1.5,ליטרים,0.00,ליטר,false,1,16.90,16.90,true,1,
4750042000181,false,נקטר תפוחים 1.5 ליטר פרוטו,Cido,LV,נקטר תפוחים 1.5 ליטר,ליטרים,0.00,ליטר,false,1,16.90,16.90,true,1,
4750042300878,false,מיץ עגבניות עם מלח ים 1 ליטר CIDO,,,מיץ עגבניות עם מלח י,מיליליטרים,1000.00,"100 מ""ל",false,1,16.90,1.69,true,1,
4750042302711,false,נקטר חמוציות 30% 1 ליטר CIDO,,,נקטר חמוציות 30% 1 ל,מיליליטרים,1000.00,"100 מ""ל",false,1,16.90,1.69,true,1,
4750042804215,false,מיץ תפוחים 100% 1 ליטר CIDO,,,מיץ תפוחים 100% 1 לי,מיליליטרים,1000.00,"100 מ""ל",false,1,16.90,1.69,true,1,
4750042804222,false,מיץ עגבניות 100% 1 ליטר CIDO,,,מיץ עגבניות 100% 1 ל,מיליליטרים,1000.00,"100 מ""ל",false,1,16.90,1.69,true,1,
4750042804338,false,מיץ ירקות 100% 1 ליטר CIDO RIGA,Cido,,מיץ ירקות 100% 1 לי,מיליליטרים,1000.00,"100 מ""ל",false,1,16.90,1.69,true,1,
4750042804505,false,נקטר דומדמנית שחורה 28% ותפו 1 ליטר CIDO,Cido,,נקטר דומדמנית שחורה,מיליליטרים,1000.00,"100 מ""ל",false,1,16.90,1.69,true,1,
4750108005259,false,"HAPPY NEW YEAR משקה מוגז ללא אלכוהול 750 מ""ל",,LV,HAPPY NEW YEAR משקה,Unknown,0.00,Unknown,false,1,23.90,23.90,true,1,
4750108005297,false,"SANTA CLAUS משקה מוגז ללא אלכוהול 750 מ""ל",,LV,SANTA CLAUS משקה מוג,Unknown,0.00,Unknown,false,1,23.90,23.90,true,1,
4750108005310,false,"SNOW QUEEN משקה מוגז ללא אלכוהול 750 מ""ל",,LV,SNOW QUEEN משקה מוגז,Unknown,0.00,Unknown,false,1,23.90,23.90,true,1,
4750108005402,false,משקה מוגז בטעם תות אבראקד 750 מל LIVONIA,,LV,משקה מוגז בטעם תות א,מיליליטרים,750.00,"100 מ""ל",false,1,23.90,3.19,true,1,
4750121001092,false,פתיתי שיבולת שועל פטל הרקולס 210 גר,,LV,פתיתי שיבולת שועל פט,גרמים,210.00,100 גרם,false,1,18.90,9.00,true,1,
4750142002078,false,"בירה צסו יורמלה 500 מ""ל","""cesu alus""",LV,בירה צסו יורמלה 500,מיליליטרים,500.00,"100 מ""ל",false,1,7.20,1.44,true,1,
4750142002719,false,"בירה בירה לא מסוננת צסו יורמלה 500 מ""ל","""cesu alus""",LV,בירה בירה לא מסוננת,מיליליטרים,500.00,"100 מ""ל",false,1,7.20,1.44,true,1,
4750142003426,false,"בירה פילסנר פחית 500 מ""ל אקסטרה",צ'סו אלוס,LV,בירה פילזנר אקסטרה 5,מיליליטרים,500.00,"100 מ""ל",false,1,7.20,1.44,true,1,
4750142005000,false,"בירה כהה בוהמיין צסו 568 מ""ל","""cesu alus""",,בירה כהה בוהמיין צסו,מיליליטרים,568.00,"100 מ""ל",false,1,8.90,1.57,true,1,
4750142005062,false,"בירה ברוזה לא מסוננת צסו 568 מ""ל","""cesu alus""",,בירה ברוזה לא מסוננת,מיליליטרים,568.00,"100 מ""ל",false,1,8.90,1.57,true,1,
4750142021505,false,"בירה PILSENER בהירה 4.7% פחית 500 מ""ל",צ'סו אלוס,LV,בירה PILSENER בהירה,מיליליטרים,500.00,"100 מ""ל",false,1,7.20,1.44,true,1,
4750163986647,false,צנימים שיפון בטעם ברבקיו 180 גר MARIO,,LV,צנימים שיפון בטעם בר,גרמים,180.00,100 גרם,false,1,16.90,9.39,true,1,
4750163986661,false,צנימים שיפון עם שום 180 גר MARIO,,,צנימים שיפון עם שום,גרמים,180.00,100 גרם,false,1,16.90,9.39,true,1,
4750616000258,false,שפרוטים גדולים מעושנים בשמן צמחי,בריויאס וילניוס,LV,שפרוטים בשמן ביג 190,גרמים,190.00,100 גרם,false,1,12.40,6.53,true,1,
4750616000593,false,דגי שפרוטים גדולים מעושנים,בריויאס וילניוס,LV,שפרוטים בשמן ריגה 19,גרמים,190.00,100 גרם,false,1,12.40,6.53,true,1,
4750616001194,false,שפרוטים מעושנים ריגה 240 גרם פ.ק,בריויאס וילניוס,LV,שפרוטים בשמן ריגה 24,גרמים,240.00,100 גרם,false,1,12.40,5.17,true,1,
4750616001262,false,שפרוטים בשמן צארסקיה 240 גר BRIVAIS VILNIS,BRINVAS VILNUS,LV,שפרוטים בשמן צארסקיה,גרמים,240.00,100 גרם,false,1,16.90,7.04,true,1,
4750616001439,false,סרדינים במיץ עגבניות 240 BRIVAIS VILNIS,BRINVAS VILNUS,LV,סרדינים במיץ עגבניות,גרמים,240.00,100 גרם,false,1,10.90,4.54,true,1,
4750616001651,false,דגי שיפרוט גדולים מעושנים בשמן צמחי,בריויאס וילניוס,LV,שפרוטים בשמן ביג 240,גרמים,240.00,100 גרם,false,1,12.40,5.17,true,1,
4750616002276,false,קילקה עם צילי במיץ עגבניות 240 גר,בריויאס וילניוס,,קילקה עם צילי במיץ ע,גרמים,240.00,100 גרם,false,1,7.90,3.29,true,1,
4750616002337,false,קילקה במיץ עגבניות בריווס וילנוס 240 גר,בריויאס וילניוס,,קילקה במיץ עגבניות ב,גרמים,240.00,100 גרם,false,1,7.90,3.29,true,1,
4750616006588,false,סרדינים על הגריל עם לימון בשמן זית 190 ג,,LV,סרדינים על הגריל עם,גרמים,190.00,100 גרם,false,1,14.40,7.58,true,1,
4750817111005,false,פילה סלומון במיץ טבעי 200 ג BEST OF RIGA,ZENTENE,LV,פילה סלומון במיץ טבע,גרמים,200.00,100 גרם,false,1,11.90,5.95,true,1,
4750817111616,false,פילה סלומון רוטב עגבניות 200 BEST OF RIG,ZENTENE,LV,פילה סלומון רוטב עגב,גרמים,200.00,100 גרם,false,1,11.90,5.95,true,1,
4750817130808,false,סאיירה במיץ טבעי 240 גר BEST OF RIGA,,,סאיירה במיץ טבעי 240,גרמים,240.00,100 גרם,false,1,11.40,4.75,true,1,
4750817132505,false,פילה קלמרי במיץ טבעי עם שמיר 240 גר,,LV,פילה קלמרי במיץ טבעי,גרמים,240.00,100 גרם,false,1,15.10,6.29,true,1,
4750817133120,false,סרדינה בשמן 240 גר BEST OF RIGA,ZENTENE,LV,סרדינה בשמן 240 גר B,גרמים,240.00,100 גרם,false,1,8.90,3.71,true,1,
4750817135124,false,הרינג בשמן 240 גר BEST OF RIGA,ZENTENE,LV,הרינג בשמן 240 גר BE,גרמים,240.00,100 גרם,false,1,8.90,3.71,true,1,
4750817136817,false,סרדינה ברוטב עגבניות 240 גר BEST OF RIGA,ZENTENE,LV,סרדינה ברוטב עגבניות,גרמים,240.00,100 גרם,false,1,8.90,3.71,true,1,
4750817138101,false,סאיירה במיץ טבעי בתוספת שמן 240 גר,,,סאיירה במיץ טבעי בתו,גרמים,240.00,100 גרם,false,1,11.40,4.75,true,1,
4750817138125,false,סאיירה בשמן צמחי 240 גר BEST OF RIGA,,,סאיירה בשמן צמחי 240,גרמים,240.00,100 גרם,false,1,11.40,4.75,true,1,
4750817224927,false,שפרוטים מעושנים בשמן צמחי שקוף 240 גר,,LV,שפרוטים מעושנים בשמן,גרמים,240.00,100 גרם,false,1,15.40,6.42,true,1,
4751000837368,false,מאפה עם חתיכות אננס 300 גר ZAFIRA,סיא דאוגיליס פארטנרי,,מאפה עם חתיכות אננס,גרמים,300.00,100 גרם,false,1,15.90,5.30,true,1,
4751000837375,false,מאפה בטעם תפוח עץ 300 גר ZAFIRA,סיא דאוגיליס פארטנרי,,מאפה בטעם תפוח עץ 30,גרמים,300.00,100 גרם,false,1,15.90,5.30,true,1,
4751000837382,false,מאפה בטעם פטל 300 גר ZAFIRA,סיא דאוגיליס פארטנרי,,מאפה בטעם פטל 300 גר,גרמים,300.00,100 גרם,false,1,15.90,5.30,true,1,
4751000837405,false,מאפה עם ריבת פטל 350 גר ZAFIRA,,,מאפה עם ריבת פטל 350,גרמים,350.00,100 גרם,false,1,20.90,5.97,true,1,
4751000837610,false,מאפה עם צימוקים 320 גר ZAFIRA,סיא דאוגיליס פארטנרי,,מאפה עם צימוקים 320,גרמים,320.00,100 גרם,false,1,15.90,4.97,true,1,
4751002125494,false,לחם בורודינסקי עם גרעיני חמניות 350גר,"קנלה בקרי בע""מ",LV,לחם בורודינסקי עם גר,גרמים,350.00,100 גרם,false,1,15.40,4.40,true,1,
4751002126446,false,לחם לטבי שחור 700 גרם,,,לחם לטבי שחור 700 גר,גרמים,700.00,100 גרם,false,1,24.90,3.56,true,1,
4751003924003,false,סלט טונה עם ירקות איטלקי 185 ג' לארסן,,LV,סלט טונה וירקות איטל,גרמים,185.00,100 גרם,false,1,13.40,7.24,true,1,
4751005700551,false,AMBERFISH שפרוטים מעושנים ברוטב עגבניות 280 גר,PIEJURA,LV,שפרוטים מעושנים ברוט,גרמים,280.00,100 גרם,false,1,17.90,6.39,true,1,
4751007732864,false,שימורי פילה סלמון ברוטב חרדל 200 גר,KARAVELA,,שימורי פילה סלמון בר,גרמים,200.00,100 גרם,false,1,12.40,6.20,true,1,
4751007732970,false,סלט איטלקי עם סלומון 170 גרם,KARAVELA,,סלט איטלקי עם סלומון,גרמים,170.00,100 גרם,false,1,12.40,7.29,true,1,
4751007732994,false,סלט מקסיקני עם סלומון 170 גרם,KARAVELA,,סלט מקסיקני עם סלומו,גרמים,170.00,100 גרם,false,1,12.40,7.29,true,1,
4751007733007,false,סלט צרפתי עם סלומון 170 גרם,KARAVELA,,סלט צרפתי עם סלומון,גרמים,170.00,100 גרם,false,1,12.40,7.29,true,1,
4751007733229,false,פילה סלומון ברוטב עגבניות 170 גר,KARAVELLA,LV,פילה סלומון ברוטב עג,גרמים,170.00,100 גרם,false,1,12.90,7.59,true,1,
4751007733236,false,פילה סלומון ברוטב מנגו ופלפל 170 גר,,LV,פילה סלומון ברוטב מנ,גרמים,170.00,100 גרם,false,1,12.90,7.59,true,1,
4751007733991,false,פילה סלומון מיץ טבעי 170 גר,KARAVELLA,LV,פילה סלומון מיץ טבעי,גרמים,170.00,100 גרם,false,1,14.40,8.47,true,1,
4751007738064,false,שפרוטים מעושנים בשמן לארסן 160 גרם,ס.י.א קרבלה,LV,שפרוטים מעושנים בשמן,גרמים,160.00,100 גרם,false,1,12.40,7.75,true,1,
4751007738101,false,סלט סלמון עם ירקות איטלקי 220 ג' לארסן,ס.י.א קרבלה,LV,סלט סלמון וירקות איט,גרמים,220.00,100 גרם,false,1,12.40,5.64,true,1,
4751007738156,false,צדפות מעושנות רוטב לימון 120 גר SEA FOOD,,LV,צדפות מעושנות רוטב ל,גרמים,120.00,100 גרם,false,1,13.40,11.17,true,1,
4751007738392,false,שימורי דג שפרוטים מעושנים בשמן צמחי 240ג,,LV,שימורי דג שפרוטים 24,גרמים,240.00,100 גרם,false,1,11.40,4.75,true,1,
4751007738804,false,שימורי דג שפרוטים מעושנים בשמן צמחי 190ג,,LV,שימורי דג שפרוטים 19,גרמים,190.00,100 גרם,false,1,11.40,6.00,true,1,
4751010577605,false,תות בציפוי שוקולד לבן 110 גר SRIVERI,,,שוקולד לבן תות בציפו,גרמים,110.00,100 גרם,false,1,19.90,18.09,true,1,
4751017402832,false,שימורי מולים מעושנים בשמן 120 גר BANGA,סיא בוגה,LV,שימורי מולים מעושנים,גרמים,120.00,100 גרם,false,1,17.90,14.92,true,1,
4751017402863,false,מולים מעושנים בשמן עם לימון 120 גר BANGA,סיא בוגה,LV,מולים מעושנים בשמן ע,גרמים,120.00,100 גרם,false,1,17.90,14.92,true,1,
4751032740339,false,"מרק בורשט עם כרוב חמוץ 500 מ""ל LATFOOD",DIMDINI,LV,מרק בורשט עם כרוב חמ,מיליליטרים,500.00,"100 מ""ל",false,1,9.90,1.98,true,1,
4760013402777,false,קרקרים עם תבלינים 45 גר KREKI,,,קרקרים עם תבלינים 45,גרמים,45.00,100 גרם,false,1,2.00,4.44,true,1,
4760013402784,false,קרקרים בטעם גבינה 45 גר KREKI,,,קרקרים בטעם גבינה 45,גרמים,45.00,100 גרם,false,1,2.00,4.44,true,1,
4760013403644,false,וופלים בטעם חלב 200 גר SLADOK,,,וופלים בטעם חלב 200,גרמים,200.00,100 גרם,false,1,5.90,2.95,true,1,
4760013403781,false,עוגיות בטעם חלב 320 גר NASH MOLOCHNIK,,,עוגיות בטעם חלב 320,גרמים,420.00,100 גרם,false,1,6.90,1.64,true,1,
4760013404047,false,עוגיות בטעם חמאה עם צימוקים 420 KOROLEVA,,,עוגיות בטעם חמאה עם,גרמים,420.00,100 גרם,false,1,6.90,1.64,true,1,
4760013407185,false,קרקרים בטעם עגבניות 45 גר KREKI,,,קרקרים בטעם עגבניות,גרמים,45.00,100 גרם,false,1,2.00,4.44,true,1,
4760018504612,false,ריבה דובדבן 400 גרם BIZIM TARLA,BIZIM TARLA,AZ,ריבה דובדבן 400 גרם,גרמים,400.00,100 גרם,false,1,16.90,4.23,true,1,
4760062100846,false,תה שחור בוקט 250 גר,אזרסטאן קאנד,AZ,תה שחור 250 גר BUKET,גרמים,250.00,100 גרם,false,1,33.50,13.40,true,1,
4760065708957,false,עגבניות אדומות קלופות במיץ עגבניות 680גר,BIZIM TARLA,AZ,עגבניות אדומות קלופו,גרמים,680.00,100 גרם,false,1,14.40,2.12,true,1,
4760065709145,false,מלפפונים בחומץ 670 גר,אינטרקום יוון,AZ,מלפפונים בחומץ 670 ג,גרמים,670.00,100 גרם,false,1,15.40,2.30,true,1,
4760074601065,false,גלידת שמנת שוקול בציפו שוקולד אוסקר 100,,,גלידת שמנת שוקול בצי,גרמים,75.00,100 גרם,false,1,7.30,9.73,true,1,
4760074601072,false,גלידת שמנת וניל בציפו שוקולד ואגוזי לוז,,,גלידת שמנת וניל בציפ,גרמים,75.00,100 גרם,false,1,7.30,9.73,true,1,
4760074601331,false,גלידת שמנת בטעם וניל בציפוי קקאו לקומקה,,,גלידת שמנת בטעם וניל,גרמים,90.00,100 גרם,false,1,7.30,8.11,true,1,
4760074601645,false,גלידת שמנת בטעם וניל בשכבות וופל פלומביר,,,גלידת שמנת בטעם וניל,גרמים,80.00,100 גרם,false,1,7.30,9.13,true,1,
4760074601652,false,גלידת שמנת בטעם וניל פלומביר 500 גרם,,,גלידת שמנת בטעם וניל,גרמים,500.00,100 גרם,false,1,29.90,5.98,true,1,
4760074601669,false,גלידת שמנת וניל בגביע וופל פלומביר 80 גר,,,גלידת שמנת וניל בגבי,גרמים,80.00,100 גרם,false,1,7.30,9.13,true,1,
4760074601973,false,גלידת שמנת בטעם שוקולד בגביע וופל פלומב,,,גלידת שמנת בטעם שוקו,גרמים,80.00,100 גרם,false,1,7.30,9.13,true,1,
4760074602420,false,אסקימו בטעם וניל בציפוי שוקולד קרוון סרי,,,אסקימו בטעם וניל בצי,גרמים,70.00,100 גרם,false,1,7.30,10.43,true,1,
4760127700172,false,עוגת רולדה במילוי קרם בטעם פלומביר 150,,,עוגת רולדה במילוי קר,גרמים,150.00,100 גרם,false,1,5.90,3.93,true,1,
4760127702220,false,עוגת רולדה במילוי קרם שוקולד ואגוז 150,,,עוגת רולדה במילוי קר,גרמים,150.00,100 גרם,false,1,5.90,3.93,true,1,
4760127702237,false,עוגת רולדה במילוי קרם חלב מרוכז 150 גר,,,עוגת רולדה במילוי קר,גרמים,150.00,100 גרם,false,1,5.90,3.93,true,1,
4760127703197,false,מאפינס בטעם שוקולד 210 גר DARENKA,,,מאפינס בטעם שוקולד 2,גרמים,210.00,100 גרם,false,1,9.90,4.71,true,1,
4760127703203,false,מאפינס בטעם תות שדה ושמנת 210 גר DARENKA,,,מאפינס בטעם תות שדה,גרמים,210.00,100 גרם,false,1,9.90,4.71,true,1,
4760127703227,false,מאפינס בטעם טופי 500 גר DARENKA,,,מאפינס בטעם טופי 500,גרמים,500.00,100 גרם,false,1,20.90,4.18,true,1,
4760127703234,false,מאפינס בטעם שוקולד 500 גר DARENKA,,,מאפינס בטעם שוקולד 5,גרמים,500.00,100 גרם,false,1,20.90,4.18,true,1,
4760127704354,false,מיני עוגות רולדה בטעם תות שמנת 500 גר,,,מיני עוגות רולדה בטע,גרמים,500.00,100 גרם,false,1,17.90,3.58,true,1,
4760129500985,false,BAGDANריבת קורנל 400 גר,,UZ,BAGDANריבת קורנל 40,גרמים,400.00,100 גרם,false,1,19.90,4.98,true,1,
4770033227472,false,ברנדי גלורי אקס או,stumbras,,"ברנדי 700 מ""ל GLORIA",גרמים,700.00,100 גרם,false,1,135.90,19.41,true,1,
4770179999004,false,אסורטי פרגלה עם שוקולד מריר 343 גר 27.9,PERGALE,,אסורטי פרגלה עם שוקו,גרמים,343.00,100 גרם,false,1,34.90,10.17,true,1,
4770237049313,false,גלידת שמנת בטעם וניל עם שקדים בציפוי צימקאו על מקל SVALYA,פיאנו זיואיגזדס,LV,גלידה אסקימו פלומביר,גרמים,63.00,100 גרם,false,1,6.90,10.95,true,1,
4770237051804,false,חטיף גבינה וניל 45 גר,פנו ז'ויגזדס,,חטיף גבינה וניל 45 ג,גרמים,4500.00,100 גרם,false,1,4.50,0.10,true,1,
4770237051811,false,חטיף גבינה עם ריבת חלב 45 גר,פנו ז'ויגזדס,,חטיף גבינה עם ריבת ח,גרמים,4500.00,100 גרם,false,1,4.50,0.10,true,1,
4770237051828,false,חטיף גבינה תות שדה 45 גר,פנו ז'ויגזדס,,חטיף גבינה תות שדה 4,גרמים,4500.00,100 גרם,false,1,4.50,0.10,true,1,
4770237051842,false,חטיף גבינה בטעם שוקולד 45 גר,פנו ז'ויגזדס,,חטיף גבינה בטעם שוקו,גרמים,4500.00,100 גרם,false,1,4.50,0.10,true,1,
4770237054423,false,גלידת שרבט מנגו עם אפרסק בגביע פלומביר,פיאנו זיואיגזדס,LV,גלידה שרבט מנגו ואפר,גרמים,85.00,100 גרם,false,1,6.90,8.12,true,1,
4770237055048,false,בסגנון שמנת 15% 350,,,15% 350 גר SMETANKA,גרמים,350.00,100 גרם,false,1,12.50,3.57,true,1,
4770237055055,false,בסגנון שמנת 30% 200,,,30% 200 גר SMETANKA,גרמים,200.00,100 גרם,false,1,11.50,5.75,true,1,
4770237055567,false,גלידת שמנת בטעם שוקולד עם אגוזי לוז מצופה צמקאו 63 גר SVALIA,פיאנו זיואיגזדס,LV,גלידה אסקימו שוקו אג,גרמים,63.00,100 גרם,false,1,6.90,10.95,true,1,
4770237055574,false,גלידת שמנת בטעם וניל עם שקדים בציפוי צימקאו בגביע SVALYA,פיאנו זיואיגזדס,LV,גלידה אסקימו סליבוצנ,גרמים,85.00,100 גרם,false,1,6.90,8.12,true,1,
4770237056748,false,גלידת שמנת משובחת בטעם וניל בציפוי בטעם מסטיק SVALIA גר 58,ז'יטומרסקי זאבוד,LT,גלידה אסקימו עגול פל,גרמים,58.00,100 גרם,false,1,6.90,11.90,true,1,
4770265045264,false,דייסת שיבולת שועל 200 גר,,,דייסת שיבולת שועל,גרמים,200.00,100 גרם,false,1,7.90,3.95,true,1,
4770265046452,false,גבינה מותכת 28% סבליה 185 גר,,LT,גבינה מותכת 28% סבלי,גרמים,185.00,100 גרם,false,1,19.90,10.76,true,1,
4770265046568,false,דייסת אורז עם משמש 200 גר,,,דייסת אורז עם משמש,גרמים,200.00,100 גרם,false,1,7.90,3.95,true,1,
4770265046575,false,דייסת סולת עם תותי בר 200 גר,,,דייסת סולת תותי בר,גרמים,200.00,100 גרם,false,1,7.90,3.95,true,1,
4770265219535,false,גבינה אנגולי מעושנת 150 גר גורמן,,,גבינה אנגולי מעושנת,גרמים,150.00,100 גרם,false,1,11.90,7.93,true,1,
4770266127907,false,חלבה בוטנים 300 גר,,LT,חלבה בוטנים 300 גר,גרמים,300.00,100 גרם,false,1,11.90,3.97,true,1,
4770266187345,false,וופלים במילוי חלב מרוכז 220 גר,,LT,וופלים במילוי חלב מר,גרמים,220.00,100 גרם,false,1,17.90,8.14,true,1,
4770275049580,false,בסגנון טבורוג סבליה,,,טבורוג אנלוגי סבליה,גרמים,370.00,100 גרם,false,1,19.90,5.38,true,1,
4770275049597,false,בסגנון טבורוג סבליה,,,טבורוג אנלוגי סבליה,גרמים,900.00,100 גרם,false,1,42.90,4.77,true,1,
4770275049603,false,בסגנון טבורוג סבליה,,,טבורוג אנלוגי 9% סבל,גרמים,370.00,100 גרם,false,1,19.90,5.38,true,1,
4770301230821,false,בירה אינדיה פייל אייל וולפאס אנגלמן 568,,,בירה אינדיה פייל אי,מיליליטרים,568.00,"100 מ""ל",false,1,11.50,2.02,true,1,
4770301234973,false,בירה בלנש חיטה בלגית וולפאס אנגלמן 568מ,,,בירה בלנש חיטה בלגית,מיליליטרים,568.00,"100 מ""ל",false,1,11.50,2.02,true,1,
4770301235246,false,"בירה חיטה מייסטר 500 מ""ל פחית","""cesu alus""",,בירה חיטה מייסטר 500,מיליליטרים,500.00,"100 מ""ל",false,1,6.90,1.38,true,1,
4770301236861,false,קווס משקה לחם לבובסקי 1.5 ל,,,קווס משקה לחם לבובסק,ליטרים,0.00,ליטר,false,1,14.50,14.50,true,1,
4770337046427,false,פרוסות גבינה 27% שומן 150 גרם MASSDAM,,,פרוסות גבינה 27% שומ,גרמים,150.00,100 גרם,false,1,19.10,12.73,true,1,
4770337046748,false,גבינה פרמזן PARNIDZIO 200 גר,,IL,גבינה פרמזן PARNIDZI,גרמים,200.00,100 גרם,false,1,24.90,12.45,true,1,
4770337047295,false,גבינה 200 גרם OLD GILDIJA,,IL,גבינה 200 גר OLD GIL,גרמים,200.00,100 גרם,false,1,24.90,12.45,true,1,
4770337047431,false,תחליף גבינה 150 גר SVALIA,,,גבינה אנלוגי 150 גר,גרמים,150.00,100 גרם,false,1,12.50,8.33,true,1,
4770337047455,false,תחליף גבינה רוסיסקי 150 גר,,,גבינה אנלוגי רוסיסקי,גרמים,150.00,100 גרם,false,1,12.50,8.33,true,1,
4770337048377,false,פרוסות גבינה 27% שומן 150 גרם Vilnius,,,פרוסות גבינה 27% שומ,גרמים,150.00,100 גרם,false,1,19.10,12.73,true,1,
4770349227203,false,בירה לא מסוננת בלטס חפוויזן 5% פחית 500,,LT,בירה לא מסוננת בלטס,מיליליטרים,500.00,"100 מ""ל",false,12,8.90,1.78,true,1,
4770583228219,false,ממרח סלומון בטעם לימון 280 גר ZAKUSKA,,,ממרח סלומון בטעם לימ,גרמים,280.00,100 גרם,false,1,17.90,6.39,true,1,
4770583228226,false,ממרח סלומון בטעם מתובל 280 גר ZAKUSKA,,,ממרח סלומון בטעם מתו,גרמים,280.00,100 גרם,false,1,17.90,6.39,true,1,
4770583228233,false,ממרח סלומון בטעם פיקנטי 280 גר ZAKUSKA,,,ממרח סלומון בטעם פיק,גרמים,280.00,100 גרם,false,1,17.90,6.39,true,1,
4770583228240,false,ממרח סלומון בטעם גריל 280 גר ZAKUSKA,,,ממרח סלומון בטעם גרי,גרמים,280.00,100 גרם,false,1,17.90,6.39,true,1,
4771050157636,false,מרגרינה וילניוס 400 גרם,VILNIUS MARGARINE,,מרגרינה וילניוס 400,גרמים,400.00,100 גרם,false,1,15.40,3.85,true,1,
4779020987689,false,כבד שיבוט 240 גר BEST OF RIGA,,,כבד שיבוט 240 גר BES,גרמים,240.00,100 גרם,false,1,21.90,9.13,true,1,
4779021230654,false,שוקולד אקסקלוסיב מריר 82% 100 גרם,מסקנס,LT,שוקולד אקסקלוסיב מרי,גרמים,100.00,100 גרם,false,1,9.90,9.90,true,1,
4779021230913,false,שוקולד אקסקלוסיב מריר 90% אקסטרה 90 גר,מסקנס,LT,שוקולד אקסקלוסיב מרי,גרמים,90.00,100 גרם,false,1,10.90,12.11,true,1,
4779021231026,false,שוקולד אקסקלוסיב מארז מתנה 240 גר,,,שוקולד אקסקלוסיב מאר,גרמים,240.00,100 גרם,false,1,39.90,16.63,true,1,
4779021231156,false,שוקולד אקסקלוסיב מריר 99% אקסטרה 100 גר,,LT,שוקולד אקסקלוסיב מרי,גרמים,100.00,100 גרם,false,1,10.90,10.90,true,1,
4779027471143,false,חטיף גבינה לבנה בטעם חלב מרוכז 43 גרם,,,חטיף גבינה לבנה בטעם,גרמים,43.00,100 גרם,false,1,5.20,12.09,true,1,
4779027471150,false,חטיף גבינה לבנה בטעם פלומביר 43 גרם,,,חטיף גבינה לבנה בטעם,גרמים,43.00,100 גרם,false,1,5.20,12.09,true,1,
4779027471167,false,חטיף גבינה לבנה בטעם קרם ברולה 43 גרם,,,חטיף גבינה לבנה בטעם,גרמים,43.00,100 גרם,false,1,5.20,12.09,true,1,
4779036940326,false,עוגיות גריבוצקי 170 גרם,אוי.א.בי מילטובס,,עוגיות גריבוצקי 170,גרמים,170.00,100 גרם,false,1,11.70,6.88,true,1,
4779036941149,false,עוגיות בצורת פטריות 150 גר,,,עוגיות בצורת פטריות,גרמים,150.00,100 גרם,false,1,11.70,7.80,true,1,
4779039730290,false,מרק ירקות מינסטרונה אורגני 400 גר,גרביאי,LT,מרק ירקות מינסטרונה,גרמים,400.00,100 גרם,false,1,16.90,4.23,true,1,
4779039731143,false,אאוגה מרק עדשים אורגני 400 גרם מפוקח לאורגני על ידי סקאל ישראל,גרביאי,LT,מרק עדשים אורגני 400,גרמים,400.00,100 גרם,false,1,17.90,4.48,true,1,
4779039731167,false,אאוגה מרק דלורית ובטטה אורגני 400 גרם,גרביאי,LT,אאוגה מרק דלורית ובט,גרמים,400.00,100 גרם,false,1,17.90,4.48,true,1,
4779039731914,false,מרק שעועית צילי טבעוני 400 גר,,LT,מרק שעועית צילי טבעו,גרמים,400.00,100 גרם,false,1,17.90,4.48,true,1,
4779039732188,false,מרק ירקות מינסטרונה אורגני 400 גר,,LT,מרק ירקות מינסטרונה,גרמים,400.00,100 גרם,false,1,17.90,4.48,true,1,
4780030690063,false,AGROMIRתערובת עגבניות שרי ומלפפונים 720,,,AGROMIRתערובת עגבניו,גרמים,720.00,100 גרם,false,1,15.40,2.14,true,1,
4780030690292,false,AGROMIRמלפפונים בחומץ עם שום ושמיר 720מ,,,AGROMIRמלפפונים בחומ,גרמים,750.00,100 גרם,false,1,14.40,1.92,true,1,
4780037060098,false,AGROMIR ממרח קישואים 500 גר,,,AGROMIR ממרח קישואים,גרמים,500.00,100 גרם,false,1,13.40,2.68,true,1,
4780047500515,false,ZULYA BARAKA עלי גפן טריים מעוכרים 1 ל,,,ZULYA BARAKA עלי גפן,גרמים,720.00,100 גרם,false,1,17.90,2.49,true,1,
4780064180066,false,שזיפים מגולענים מיבשים 200 גר,,,שזיפים מגולענים מיבש,גרמים,200.00,100 גרם,false,1,12.40,6.20,true,1,
4780064180073,false,צימוקים בהירים אוזבקיים 150 גר,,,צימוקים בהירים אוזבק,גרמים,150.00,100 גרם,false,1,12.40,8.27,true,1,
4791045001874,false,תה אינגליש אריסטוקרטיק 100 שק סרי לנקה,,,תה אינגליש אריסטוקרט,גרמים,200.00,100 גרם,false,1,28.50,14.25,true,1,
4791045002611,false,תה הייליס אריסטוקרט,,,תה אריסטוקרט 300 גרם,גרמים,300.00,100 גרם,false,1,43.50,14.50,true,1,
4791045010432,false,תה היליס ירוק 500 גרם פח,,,תה היליס ירוק 500 גר,גרמים,500.00,100 גרם,false,1,53.70,10.74,true,1,
4791045011361,false,תה היליס שחור ארל גריי 100 שקיקים,,,תה היליס שחור ארל גר,גרמים,150.00,100 גרם,false,1,28.50,19.00,true,1,
4792032060454,false,"גרין קוקו - מי קוקוס אורגניים 330 מ""ל",גרין קוקו,VN,גרין קוקו - מי קוקוס,מיליליטרים,330.00,"100 מ""ל",false,1,9.40,2.85,true,1,
4792252001107,false,תה פירות הקסם 2 גר* 20 שק,בסילר,,תה פירות הקסם 2 גר*,Unknown,0.00,Unknown,false,1,20.90,20.90,true,1,
4792252002074,false,תה שחור תות שדה וקיווי 2 גר* 20 שק,בסילר,,תה שחור תות שדה וקיו,Unknown,0.00,Unknown,false,1,19.90,19.90,true,1,
4792252002128,false,"תה ירוק ""בלאיה מגיה"" 1.5 גר* 20 שק",בסילר,,"תה ירוק ""בלאיה מגיה""",Unknown,0.00,Unknown,false,1,19.90,19.90,true,1,
4792252100220,false,תה ירוק חלב אולונג 100 גרם,בסילר,,תה ירוק חלב אולונג,גרמים,100.00,100 גרם,false,1,24.90,24.90,true,1,
4792252100398,false,תה שחור עם חמוציות 100 גרם,בסילר,,תה שחור עם חמוציות 1,גרמים,100.00,100 גרם,false,1,20.90,20.90,true,1,
4792252916432,false,תה אוריאנטל ירח לבן 1.5*20 בזילור,בסילר,,תה אוריאנטל ירח לבן,Unknown,0.00,Unknown,false,1,19.90,19.90,true,1,
4793000637005,false,נטורפוד-מקלות קינמון ציילון אורגני,אינטרנשיונל קומודטי אקספ,LK,מקלות קינמון ציילון,גרמים,50.00,100 גרם,false,1,16.90,33.80,true,1,
4793000637012,false,קינמון ציילון אורגני טחון 70 גרם,אינטרנשיונל קומודטי אקספ,LK,קינמון ציילון אורגני,גרמים,70.00,100 גרם,false,1,16.90,24.14,true,1,
4796019790020,false,"גרין קוקו - שמן קוקוס אורגני 500 מ""ל",גרין קוקו,LK,שמן קוקוס אורגני 500,מיליליטרים,500.00,"100 מ""ל",false,1,36.50,7.30,true,1,
4798810000896,false,תה ירוק אנונה עם ניצני 250 גרם פח,טורלטון,,תה ירוק אנונה עם ניצ,גרמים,250.00,100 גרם,false,1,39.90,15.96,true,1,
4798810001985,false,תה ירוק עלים 250 גרם פח,טורלטון,,תה ירוק עלים 250 גרם,גרמים,250.00,100 גרם,false,1,39.90,15.96,true,1,
4800888209429,false,רקסונה - דאודורנט סטיק לאישה כותנה נשים 50 גרם,יוניליוור,PH,דאו רקסונה סטיק כותנ,גרמים,50.00,100 גרם,false,1,20.90,41.80,true,1,
4810014018412,false,בירה קריניצה זיגולובסקויה אוסובויה 450 מ,,BY,בירה קריניצה זיגולוב,מיליליטרים,450.00,"100 מ""ל",false,1,6.90,1.53,true,1,
4810065006987,false,חלב מרוכז ממותק דוי פק רוגציוב 380 גרם,,BY,חלב מרוכז ממותק דוי,גרמים,380.00,100 גרם,false,1,17.90,4.71,true,1,
4810108007506,false,Glubokoeחלב מרוכז 380 גר,,BY,חלב מרוכז 380 גר Gl,גרמים,380.00,100 גרם,false,1,14.40,3.79,true,1,
4810165432136,false,לחם על בסיס מחמצת מא,ארדי שיווק וסיטונאות,,לחם לבן 500 גר,גרמים,500.00,100 גרם,false,1,10.50,2.10,true,1,
4810165434321,false,לחם צרפתי/טעים/בריאו,ארדי שיווק וסיטונאות,,לחם 650 גר,גרמים,650.00,100 גרם,false,1,14.30,2.20,true,1,
4810168000011,false,פילה דג הרינג מלוח מצונן 250 גרם,סנטה ברמור,BY,פילה הרינג מלוח 250,גרמים,250.00,100 גרם,false,1,15.20,6.08,true,1,
4810168000066,false,פילה דג הרינג מלוח מצונן עם תבלינים 250 גרם,סנטה ברמור,BY,פילה הרינג מלוח עם ת,גרמים,250.00,100 גרם,false,1,15.20,6.08,true,1,
4810168000103,false,פילה הרינג מטיאס 250גר,,BY,פילה הרינג מלוח מעוש,גרמים,250.00,100 גרם,false,1,15.20,6.08,true,1,
4810168000998,false,פילה דג הרינג מלוח מצונן עם בצל בצנצנת חתיכות 260גרם,סנטה ברמור,BY,חתיכות פילה הרינג,גרמים,260.00,100 גרם,false,1,19.40,7.46,true,1,
4810168001056,false,פילה דג הרינג מלוח מצונן בצנצנת חתיכות 260גרם,סנטה ברמור,BY,חתיכות פילה הרינג,גרמים,260.00,100 גרם,false,1,19.40,7.46,true,1,
4810168001933,false,מקלות סורימי בטעם סרטן קפוא 200 גרם,,,מקלות סורימי בטעם סר,גרמים,200.00,100 גרם,false,1,7.30,3.65,true,1,
4810168001964,false,נתחי סורימי בטעם סרטן קפוא 200 גרם,,,נתחי סורימי בטעם סרט,גרמים,200.00,100 גרם,false,1,7.30,3.65,true,1,
4810168004132,false,ביצי דג טרוטונית אטלנטי מומלח מצונן 180,,,ביצי דג טרוטונית אטל,גרמים,180.00,100 גרם,false,1,17.70,9.83,true,1,
4810168004149,false,ביצי דג טרוטונית אטלנטי מעושן מצונן 180,,,ביצי דג טרוטונית אטל,גרמים,180.00,100 גרם,false,1,17.70,9.83,true,1,
4810168004156,false,ביצי דג טרוטונית אטלנטי סלמון מעושן 180ג,,,ביצי דג טרוטונית אטל,גרמים,180.00,100 גרם,false,1,17.70,9.83,true,1,
4810168020309,false,אצות ים מוחמצות 150 גר,,,אצות ים מוחמצות 150,גרמים,150.00,100 גרם,false,1,7.30,4.87,true,1,
4810168020392,false,אצות ים מוחמצות גזר 150 גר,,,אצות ים מוחמצות גזר,גרמים,150.00,100 גרם,false,1,7.30,4.87,true,1,
4810168024260,false,ביצי דג שיבוט מומלח מצונן 130 גר,,,ביצי דג שיבוט מומלח,גרמים,130.00,100 גרם,false,1,16.70,12.85,true,1,
4810168024512,false,פילה דג הרינג מלוח מצונן עם תבלין בצנצנת חתיכות 260 גרם,סנטה ברמור,BY,חתיכות פילה הרינג,גרמים,260.00,100 גרם,false,1,19.40,7.46,true,1,
4810168025793,false,ביצי דג זהבנון מומלח מצונן 130 גר,,,ביצי דג זהבנון מומלח,גרמים,130.00,100 גרם,false,1,16.70,12.85,true,1,
4810168038977,false,גלידת שמנת בטעם וניל בגביע וופל אישי פלומביר 75 גרם YUKKI,Santa Bremor,BY,גלידה פלומביר 75 גר,גרמים,75.00,100 גרם,false,1,6.90,9.20,true,1,
4810168055349,false,ביצי דג שיבוט טרסקה עם חתיכות פורל וסלמו,,,ביצי דג שיבוט טרסקה,גרמים,90.00,100 גרם,false,1,11.90,13.22,true,1,
4810168055356,false,ביצי דג שיבוט טרסקה עם קריל 90 גרם,,,ביצי דג שיבוט טרסקה,גרמים,90.00,100 גרם,false,1,11.90,13.22,true,1,
4810168055875,false,חתיכות פילה דג הרינג מתובל ממולח בשמן 1200 גרם,,BY,חתיכות פילה דג הרינג,גרמים,1200.00,100 גרם,false,1,41.90,3.49,true,1,
4810168055882,false,חתיכות פילה דג הרינג ממולח בשמן 1200 גרם,,BY,חתיכות פילה דג הרינג,גרמים,1200.00,100 גרם,false,1,41.90,3.49,true,1,
4810168055899,false,פילה דג הרינג מומלח בשמן מצונן 1200 גרם,,BY,פילה דג הרינג מומלח,גרמים,1200.00,100 גרם,false,1,41.90,3.49,true,1,
4810168057435,false,חתיכות פילה דג XXLהרינג מלוח בשמן מצונן 400 גרם,,RU,חתיכות פילה הרינג מל,גרמים,500.00,100 גרם,false,1,30.50,6.10,true,1,
4810168057510,false,חתיכות פילה דג הרינג מתובל מלוח בשמן 400 גרם,,BY,חתיכות פילה הרינג מת,גרמים,400.00,100 גרם,false,1,30.50,7.63,true,1,
4810168058548,false,חתיכות פילה דג הרינג סקנדינבי ממולח 1200 גרם,,,חתיכות פילה דג הרינג,גרמים,1200.00,100 גרם,false,1,41.90,3.49,true,1,
4810168058876,false,ביצי דג טרוטונית Moiva עם אבוקדו וסלמון,,,ביצי דג טרוטונית Moi,גרמים,180.00,100 גרם,false,1,16.90,9.39,true,1,
4810168058975,false,חתיכות פילה דג הרינג סקנדינבי מלוח מצונן 260 גר,סנטה ברמור,BY,חתיכות פילה דג הרינג,גרמים,260.00,100 גרם,false,1,19.40,7.46,true,1,
4810168058982,false,חתיכות פילה דג הרינג סקנדינבי מלוח בשמן 400 גר,סנטה ברמור,BY,חתיכות פילה דג הרינג,גרמים,400.00,100 גרם,false,1,30.50,7.63,true,1,
4810168058999,false,פילה דג הרינג סקנדינבי מלוח מצונן 250 גרם,סנטה ברמור,BY,פילה הרינג סקנדינבי,גרמים,250.00,100 גרם,false,1,15.20,6.08,true,1,
4810168062125,false,כיסונים פרווה במילוי אוכמניות כחולות מוקפאים 450 גר,,BY,כיסונים במילוי אוכמנ,גרמים,450.00,100 גרם,false,1,20.90,4.64,true,1,
4810168062149,false,כיסונים פרווה במילוי דובדבנים מוקפאים 450 גר,,BY,כיסונים במילוי דובדב,גרמים,450.00,100 גרם,false,1,20.90,4.64,true,1,
4810168062187,false,"בלינצ'ס פרווה במילוי תפו""א ופטריות מוקפא 420 גר",,BY,"בלינצס במילוי תפו""א",גרמים,420.00,100 גרם,false,1,14.60,3.48,true,1,
4810268028847,false,טבורוג 5% סבושקין זרניסטיי 350 גרם,,BY,טבורוג 5% סבושקין זר,גרמים,200.00,100 גרם,false,1,16.90,8.45,true,1,
4810268028908,false,טבורוג 5% סבושקין קלאסי 350 גרם,,BY,טבורוג 5% סבושקין קל,גרמים,350.00,100 גרם,false,1,22.90,6.54,true,1,
4810268030178,false,טבורוג 5% סבושקין קלאסי 300 גרם,,BY,טבורוג 5% סבושקין קל,גרמים,300.00,100 גרם,false,1,15.40,5.13,true,1,
4810268036439,false,טבורוג 5% סבושקין זרניסטיי 700 גרם,,BY,טבורוג 5% סבושקין זר,גרמים,350.00,100 גרם,false,1,30.90,8.83,true,1,
4810268041907,false,טבורוג 5% סבושקין קלאסי 200 גרם,,BY,טבורוג 5% סבושקין קל,גרמים,200.00,100 גרם,false,1,9.90,4.95,true,1,
4810268041914,false,טבורוג 5% סבושקין קלאסי 200 גרם,,BY,טבורוג 5% סבושקין קל,גרמים,200.00,100 גרם,false,1,13.90,6.95,true,1,
4810285004008,false,"קווס ""לידסקיי"" לחם 1.5 ליטר",לידסקויה פיבו,,"קווס ""לידסקיי"" לחם 1",ליטרים,0.00,ליטר,false,1,14.50,14.50,true,1,
4810285006743,false,"קווס ""לידסקיי"" כהה 1.5 ליטר",לידסקויה פיבו,RU,"קווס ""לידסקיי"" כהה 1",ליטרים,0.00,ליטר,false,1,14.50,14.50,true,1,
4810319000105,false,לחם 500גר,,,לחם 500גר,גרמים,500.00,100 גרם,false,1,10.50,2.10,true,1,
4810319000259,false,לחם צימוקים 530 גר,ארדי שיווק וסיטונאות,,לחם צימוקים 500 גר,גרמים,500.00,100 גרם,false,1,14.30,2.86,true,1,
4810350000027,false,לחם מאסטר 700 גר,ארדי שיווק וסיטונאות,,לחם שחור 700 גר,גרמים,700.00,100 גרם,false,1,14.30,2.04,true,1,
4810410028954,false,שוקולד מריר קומונרקה קרם טראפלס 200 גר,קמונרקה,BY,שוקולד מריר קומונרקה,גרמים,200.00,100 גרם,false,1,16.70,8.35,true,1,
4810410078027,false,שוקולד חלב עם מילוי קרמל מלוח 200 ג KOM,קמונרקה,BY,שוקולד חלב עם מילוי,גרמים,200.00,100 גרם,false,1,15.90,7.95,true,1,
4812493000919,false,חטיף גבינה לבנה בטעם קקאו 40 גרם,,BY,חטיף גבינה לבנה בטעם,גרמים,40.00,100 גרם,false,1,2.90,7.25,true,1,
4812493000926,false,חטיף גבינה לבנה בטעם תות מצופה קקאו 40 ג,,BY,חטיף גבינה לבנה בטעם,גרמים,40.00,100 גרם,false,1,2.90,7.25,true,1,
4812493000933,false,חטיף גבינה לבנה פטל אוכמניות מצופה קקאו,,BY,חטיף גבינה לבנה פטל,גרמים,40.00,100 גרם,false,1,2.90,7.25,true,1,
4812493000940,false,חטיף גבינה לבנה וניל מצופה קקאו 40 גרם,,BY,חטיף גבינה לבנה וניל,גרמים,40.00,100 גרם,false,1,2.90,7.25,true,1,
4812493001077,false,חטיף גבינה לבנה מצופה שוקולד לבן בטעם לי,,BY,חטיף גבינה לבנה,גרמים,40.00,100 גרם,false,1,2.90,7.25,true,1,
4820000190961,false,"בירה אובולון צהוב פחית 500 מ""ל",OBOLON,,בירה אובולון צהוב פח,מיליליטרים,330.00,"100 מ""ל",false,1,8.90,2.70,true,1,
4820000191586,false,בירה אובולון בהירה 1 ליטר,אובלון,,בירה אובולון בהירה 1,מיליליטרים,1000.00,"100 מ""ל",false,1,14.50,1.45,true,1,
4820000192125,false,"בירה בירמיקס קלה בטעם דובדבן 500 מ""ל",OBOLON,,בירה קלה בטעם דובדבן,מיליליטרים,500.00,"100 מ""ל",false,1,8.90,1.78,true,1,
4820000192187,false,"בירה אובולון ללא אלכוהול 500 מ""ל",OBOLON,,בירה אובולון ללא אלכ,מיליליטרים,500.00,"100 מ""ל",false,1,6.90,1.38,true,1,
4820000195867,false,בירה זיגולובסקיה 2 ליטר,OBOLON,,בירה זיגולובסקיה 2 ל,ליטרים,0.00,ליטר,false,1,25.90,25.90,true,1,
4820000455503,false,בירה 2.5 ליטר LVIVSKE Zhigulivske,,,בירה 2.5 ליטר LVIVSK,ליטרים,0.00,ליטר,false,1,33.90,33.90,true,1,
4820000455732,false,בירה בבקבוק 450 מייל LVIVSKE 1715,,,בירה בבקבוק 450 מייל,מיליליטרים,450.00,"100 מ""ל",false,1,11.50,2.56,true,1,
4820000455909,false,קוואס טאראס 1.5 ל,,,קואס טאראס 1.5 ל,ליטרים,0.00,ליטר,false,1,17.90,17.90,true,1,
4820000458788,false,בפחית 500 מל Robert Doms Belgiyskiy בירה,,,בפחית 500 מל Robert,מיליליטרים,500.00,"100 מ""ל",false,1,11.50,2.30,true,1,
4820000458870,false,בירה 2.3 ליטר LVIVSKE 1715,,UA,בירה 2.3 ליטר LVIVSK,ליטרים,0.00,ליטר,false,1,33.90,33.90,true,1,
4820000948418,false,"ברנדי שוסטוף גראנד רויאל 500 מ""ל X.O",,,ברנדי שוסטוף גראנד ר,מיליליטרים,500.00,"100 מ""ל",false,1,79.90,15.98,true,1,
4820002302058,false,קרקר עדין 400 גר,חרקוב בסקוויט,,קרקר עדין 400 גר,גרמים,400.00,100 גרם,false,1,14.40,3.60,true,1,
4820002304014,false,בסקוויט בטעם פטל עם שמנת 330 גרם,חרקוב בסקוויט,,בסקוויט בטעם פטל עם,גרמים,330.00,100 גרם,false,1,16.90,5.12,true,1,
4820002304052,false,בסקוויט בטעם דובדבן עם שמנת 330 גרם,חרקוב בסקוויט,,בסקוויט בטעם דובדבן,גרמים,330.00,100 גרם,false,1,16.90,5.12,true,1,
4820003689363,false,נקטר עגבניות עם מלח 1.93 ליטר נאש סוק,נאש סוק,UA,נקטר עגבניות עם מלח,ליטרים,0.00,ליטר,false,1,25.90,25.90,true,1,
4820012596294,false,אקימו לב וניל עם אגוזים 85 גר,laska,,אקימו לב וניל עם אגו,גרמים,85.00,100 גרם,false,1,5.90,6.94,true,1,
4820012596300,false,גלידה אסקימו בטעם פיסטוק לב 80 גרם,,UA,גלידה אסקימו בטעם פי,גרמים,85.00,100 גרם,false,1,5.90,6.94,true,1,
4820015165206,false,גלידת שמנת משובחת בטעם וניל בגביע וופל אישי פלומביר 70 גר',ז'יטומרסקי זאבוד,LV,גלידה פלומביר בכוס 7,גרמים,70.00,100 גרם,false,1,6.90,9.86,true,1,
4820015165213,false,גלידת שמנת משובחת בטעם וניל פלומביר שכבות וופל 90 גרם,ז'יטומרסקי זאבוד,LV,גלידה פלומביר בריקט,גרמים,90.00,100 גרם,false,1,6.90,7.67,true,1,
4820026670201,false,סוכריות גלי בטעם לימון 265 גרם,חרקוב בסקוויט,,סוכריות גלי בטעם לימ,גרמים,265.00,100 גרם,false,1,15.40,5.81,true,1,
4820026671673,false,בונבוניירה אסורטי פרמיאום 300 גרם,חרקוב בסקוויט,,בונבוניירה אסורטי פר,גרמים,300.00,100 גרם,false,1,34.90,11.63,true,1,
4820026674148,false,עוגת וופל מצופה שוקולד דליס 500 גרם,חרקוב בסקוויט,UA,עוגת וופל מצופה שוקו,גרמים,500.00,100 גרם,false,1,36.90,7.38,true,1,
4820030561380,false,ממרח קישואים קייץ 500 גרם דרי באבושקה,אוריקה,,ממרח קישואים קייץ 50,גרמים,500.00,100 גרם,false,1,12.40,2.48,true,1,
4820039290014,false,פלפל שחור שלם 20 גר,,,פלפל שחור שלם 20 גר,Unknown,0.00,Unknown,false,1,9.90,9.90,true,1,
4820039294524,false,שדור תבלין לדגים עם לימון 30 גרם,,UA,תבלין לדגים עם לימון,גרמים,15.00,100 גרם,false,1,9.90,66.00,true,1,
4820039710710,false,"מעדן פטל פוסולסקי דבור 1.25 ק""ג",,,מעדן פטל יפוסולסקי ד,קילוגרמים,0.00,"ק""ג",false,1,39.90,39.90,true,1,
4820043010028,false,"שמן אגוזי מלך(סחיטה קרה) 350 מ""ל",אגרוספרום,,"שמן אגוז 350 מ""ל גול",מיליליטרים,350.00,"100 מ""ל",false,1,51.90,14.83,true,1,
4820056380163,false,עולש נמס גאלקה עם ורד בר 100 גר,ורחובינקה,UA,עולש נמס גאלקה עם ור,גרמים,100.00,100 גרם,false,1,8.50,8.50,true,1,
4820056380446,false,עולש ציקורי עם פטל 100 גרם,ורחובינקה,UA,עולש ציקורי עם פטל 1,גרמים,100.00,100 גרם,false,1,8.50,8.50,true,1,
4820060254153,false,"וודקה בלגוף 700 מ""ל DOUBLE ESPRESSO","אימיג' הולדינג בע""מ",UA,"וודקה בלגוף 700 מ""ל",מיליליטרים,700.00,"100 מ""ל",false,1,44.90,6.41,true,1,
4820077081124,false,"שמן חמניות לא מזוכך גרנה 850 מ""ל",,,שמן חמניות לא מזוכך,מיליליטרים,850.00,"100 מ""ל",false,1,12.90,1.52,true,1,
4820097894025,false,"הפס שיכר סיידר תפוחים בטעם טבעי 330 מ""ל",BEVERAGES FOODS & SE,UA,הפס שיכר סיידר תפוחי,מיליליטרים,330.00,"100 מ""ל",false,1,7.90,2.39,true,1,
4820097895190,false,הפס שיכר סיידר תפוחים בטעם דובדבן 330 מל,BEVERAGES FOODS & SE,UA,הפס שיכר סיידר תפוחי,מיליליטרים,330.00,"100 מ""ל",false,1,7.90,2.39,true,1,
4820097896265,false,"הפס שיכר סיידר תפוחים בטעם אגס 330 מ""ל",BEVERAGES FOODS & SE,UA,הפס שיכר סיידר תפוחי,מיליליטרים,330.00,"100 מ""ל",false,1,7.90,2.39,true,1,
4820097898221,false,"קוקטייל מוכן בורה בורה 330 מ""ל",,UA,קוקטייל מוכן בורה בו,מיליליטרים,330.00,"100 מ""ל",false,1,7.90,2.39,true,1,
4820097898238,false,"קוקטייל מוכן סקס און דה ביץ 330 מ""ל",,UA,קוקטייל מוכן סקס און,מיליליטרים,330.00,"100 מ""ל",false,1,7.90,2.39,true,1,
4820097899150,false,"קוקטייל מוכן גין אשכוליות 330 מ""ל",,UA,קוקטייל מוכן גין אשכ,מיליליטרים,330.00,"100 מ""ל",false,1,7.90,2.39,true,1,
4820103341543,false,חלב מרוכז מבושל 370 גרם פחית,,,חלב מרוכז מבושל 370,גרמים,370.00,100 גרם,false,1,12.90,3.49,true,1,
4820103341574,false,חלב מרוכז 370 גרם או,איצוניאנסקי,UA,חלב מרוכז 370 גרם,גרמים,370.00,100 גרם,false,1,11.90,3.22,true,1,
4820112369088,false,זפיר בטעם וניל 260 גרם,חרקוב בסקוויט,,זפיר בטעם וניל 260 ג,גרמים,260.00,100 גרם,false,1,14.40,5.54,true,1,
4820120600548,false,מעדן דובדבנים ללא גלעינים 45% פרי 700 גר,,UA,מעדן דובדבנים ללא גל,גרמים,700.00,100 גרם,false,1,20.90,2.99,true,1,
4820136406127,false,דובשניות עם דבש קייבחלאב 420 גר,,,דובשניות עם דבש קייב,גרמים,420.00,100 גרם,false,1,8.90,2.12,true,1,
4820139474307,false,"שיכר דובדבנים 500 מ""ל SPELAYA",,,"שיכר דובדבנים 500 מ""",מיליליטרים,500.00,"100 מ""ל",false,1,23.90,4.78,true,1,
4820154722162,false,גלידה לנינגרד 70 גר,ז'יטומרסקי זאבוד,,גלידה לנינגרד 70 גר,גרמים,70.00,100 גרם,false,1,6.90,9.86,true,1,
4820160780392,false,פירושקי עם כרוב 450 גר,סיא בוגה,,פירושקי עם כרוב,גרמים,450.00,100 גרם,false,1,17.90,3.98,true,1,
4820160780835,false,"פירושקי עם תפו""א ופטריות 450 גר",,,"פירושקי עם תפו""א",גרמים,450.00,100 גרם,false,1,17.90,3.98,true,1,
4820165641391,false,סושקה וניל פלורה 300 גר,סלובוז'נסקי ברד בייק,,סושקה וניל פלורה 300,גרמים,300.00,100 גרם,false,1,8.90,2.97,true,1,
4820171991664,false,ורניק לסקה תפוח אדמה 900 גר,לאסקה,,ורניק לסקה תפוח אדמה,גרמים,900.00,100 גרם,false,1,25.90,2.88,true,1,
4820171991688,false,ורניק לסקה כרוב 900 גר,לאסקה,,ורניק לסקה כרוב 900,גרמים,900.00,100 גרם,false,1,25.90,2.88,true,1,
4820171991701,false,ורניקי עם דובדבן 900 גר,,UA,ורניקי עם דובדבן 900,גרמים,900.00,100 גרם,false,1,36.90,4.10,true,1,
4820171991770,false,ורניק לסקה גבינה מתוקה 900 גר,לאסקה,,ורניק לסקה גבינה מתו,גרמים,900.00,100 גרם,false,1,29.90,3.32,true,1,
4820171993279,false,"קרפלך תפו""א ופטריות 900 גר",לאסקה,,"קרפלך תפו""א ופטריות",גרמים,900.00,100 גרם,false,1,25.90,2.88,true,1,
4820171993293,false,קרפלך גבינה מלוחה 900 גר,לאסקה,,קרפלך גבינה מלוחה 90,גרמים,900.00,100 גרם,false,1,29.90,3.32,true,1,
4820171997819,false,"ורניקי תפו""א ובצל 900 גר",לאסקה,UA,"ורניקי תפו""א ובצל 90",גרמים,900.00,100 גרם,false,1,25.90,2.88,true,1,
4820171997833,false,"ורניקי תפו""א ושמיר 900 גר",,UA,"ורניקי תפו""א ושמיר 9",גרמים,900.00,100 גרם,false,1,25.90,2.88,true,1,
4820180250042,false,צמות סולוגוני מעושן סירויישקה 100 גרם,,UA,צמות סולוגוני מעושן,גרמים,100.00,100 גרם,false,1,19.90,19.90,true,1,
4820180251018,false,צמות סולוגוני מעושן אדיגייסקי 100 גרם,,UA,צמות סולוגוני מעושן,גרמים,100.00,100 גרם,false,1,19.90,19.90,true,1,
4820181424916,false,"וודקה נמירוף דה לקס אורגינל 700 מ""ל",,,וודקה נמירוף דה לקס,מיליליטרים,700.00,"100 מ""ל",false,1,59.90,8.56,true,1,
4820182060175,false,גרעיני חמניות קלויים מקול.50 ג san sanic,סנאק פרודקשן,,גרעיני חמניות קלויים,גרמים,50.00,100 גרם,false,1,2.90,5.80,true,1,
4820182740053,false,ציפס בטעם סרטן 70 גר,קלוס צ'פסוב,,ציפס בטעם סרטן 70 גר,גרמים,70.00,100 גרם,false,1,8.50,12.14,true,1,
4820182740077,false,ציפס בטעם גבינה 70 גר,קלוס צ'פסוב,,ציפס בטעם גבינה 70 ג,גרמים,70.00,100 גרם,false,1,8.50,12.14,true,1,
4820182740084,false,ציפס בטעם בקון 70 גר,קלוס צ'פסוב,,ציפס בטעם בקון 70 גר,Unknown,0.00,Unknown,false,1,8.50,8.50,true,1,
4820182741777,false,ציפס בטעם שישליק 70 גר Chipsters,קלוס צ'פסוב,UA,ציפס בטעם שישליק 70,גרמים,70.00,100 גרם,false,1,8.50,12.14,true,1,
4820182742019,false,ציפס בטעם כנפיים ברביקיו 70 גר פלינט,Snacks,UA,ציפס כנפיים ברביקיו,גרמים,70.00,100 גרם,false,1,8.50,12.14,true,1,
4820182742293,false,צנימים פלינט מחיטה פטריות ושמנת 60 גר,,,צנימים פלינט מחיטה פ,Unknown,0.00,Unknown,false,1,3.90,3.90,true,1,
4820182742309,false,צנימים פלינט מחיטה בשר קר פיקנטי 60 גר,,,צנימים פלינט מחיטה ב,Unknown,0.00,Unknown,false,1,3.90,3.90,true,1,
4820182742897,false,קרוטונים פלינט בטעם בקון 35 גר,Snacks,UA,קרוטונים פלינט בטעם,גרמים,35.00,100 גרם,false,1,2.90,8.29,true,1,
4820182742903,false,קרוטונים פלינט בטעם סרטן 35 גרם,Snacks,UA,קרוטונים פלינט בטעם,גרמים,35.00,100 גרם,false,1,2.90,8.29,true,1,
4820182742972,false,קרוטונים פלינט בטעם קוויאר 35 גרם,Snacks,UA,קרוטונים פלינט בטעם,גרמים,35.00,100 גרם,false,1,2.90,8.29,true,1,
4820182742989,false,קרוטונים פלינט בטעם גבינה 35 גר,Snacks,UA,קרוטונים פלינט בטעם,גרמים,35.00,100 גרם,false,1,2.90,8.29,true,1,
4820182742996,false,קרוטונים פלינט בטעם סלמי 35 גר,Snacks,UA,קרוטונים פלינט בטעם,גרמים,35.00,100 גרם,false,1,2.90,8.29,true,1,
4820182743009,false,קרוטונים פלינט בטעם שישליק 35 גרם,Snacks,UA,קרוטונים פלינט בטעם,גרמים,35.00,100 גרם,false,1,2.90,8.29,true,1,
4820182743160,false,קרוטונים בטעם שום 70 גרם FLINT,MALBI CHOCOLATE,,קרוטונים בטעם שום 7,גרמים,70.00,100 גרם,false,1,4.50,6.43,true,1,
4820182743535,false,צנימים פלינט מחיטה בטעם לובסטר 60 גר,,UA,צנימים פלינט מחיטה ב,גרמים,60.00,100 גרם,false,1,3.90,6.50,true,1,
4820182746932,false,קרוטונים בטעם עגבניות מתובלות 70גר FLINT,MALBI CHOCOLATE,,קרוטונים בטעם עגבניו,גרמים,70.00,100 גרם,false,1,4.50,6.43,true,1,
4820185230179,false,גלידה לקומקה עם קקאו 100 גר,laska,,גלידה לקומקה עם קקאו,גרמים,100.00,100 גרם,false,1,5.90,5.90,true,1,
4820185230186,false,גלידה לקומקה 100 גר,laska,,גלידה לקומקה 100 גר,גרמים,100.00,100 גרם,false,1,5.90,5.90,true,1,
4820185230742,false,גלידה ואלס וינאי 70 גר,,,גלידה ואלס וינאי 70,גרמים,70.00,100 גרם,false,1,5.90,8.43,true,1,
4820185230964,false,גלידה אליסקה 80 גר,,,גלידה אליסקה 80 גר,גרמים,80.00,100 גרם,false,1,5.90,7.38,true,1,
4820185230988,false,גלידה בריקט מקימוס 90 גרם,laska,UA,גלידה בריקט מקימוס 9,גרמים,90.00,100 גרם,false,1,5.90,6.56,true,1,
4820189290223,false,"יין לבן חצי מתוק אלזני ואלי 750 מ""ל",ל.ל.ס אקרמן,UA,יין לבן חצי מתוק אלז,Unknown,0.00,Unknown,false,1,34.90,34.90,true,1,
4820189290865,false,"יין אזנאורי רוזה מבעבע ברוט 750 מ""ל",,UA,יין אזנאורי רוזה מבע,Unknown,0.00,Unknown,false,1,34.90,34.90,true,1,
4820193030051,false,"בירה אובולון ללא אלכוהול 500 מ""ל פחית",OBOLON,,בירה אובולון ללא אלכ,מיליליטרים,500.00,"100 מ""ל",false,1,7.10,1.42,true,1,
4820193034707,false,בירה אובולון מחוזקת 1 ליטר.,OBOLON,,בירה אובולון מחוזקת,מיליליטרים,1000.00,"100 מ""ל",false,1,14.50,1.45,true,1,
4820193035759,false,בירה אובלון חזקה מאוד אקסטרה סטרו 500 מ,,,בירה אובלון חזקה מאו,מיליליטרים,500.00,"100 מ""ל",false,1,9.90,1.98,true,1,
4820193551945,false,גלידה כוס פלומביר פילבסקי 90 גר,,,גלידה כוס פלומביר פי,גרמים,90.00,100 גרם,false,1,5.90,6.56,true,1,
4820193551990,false,כוס וליקן משמש דובדבן 70 גר,,,כוס וליקן משמש דובדב,גרמים,70.00,100 גרם,false,1,5.90,8.43,true,1,
4820198873271,false,תה שחור עם קליפת תפוז בטעם ברגמוט ולימון דלאי 25 יח',,UA,תה שחור 1.8 גר * 25,גרמים,45.00,100 גרם,false,1,10.90,24.22,true,1,
4820198873325,false,חליטת פירות וצמחים בטעם פטל דלהי 25 יח',,UA,חליטת פירות צמחים 2,גרמים,50.00,100 גרם,false,1,10.90,21.80,true,1,
4820198873332,false,תה שחור מיקס ארבע טעמים שונים דלהי 24 יח',,UA,תה שחור 24 שק DALAI,גרמים,40.00,100 גרם,false,1,10.90,27.25,true,1,
4820199870019,false,סושקה וניל בקק 300 גר,BKK,,סושקה וניל בקק 300 ג,גרמים,300.00,100 גרם,false,1,7.90,2.63,true,1,
4820199870026,false,סושקה מלוטקה בקק 300 גר,BKK,,סושקה מלוטקה בקק 300,גרמים,300.00,100 גרם,false,1,7.90,2.63,true,1,
4820199870606,false,עוגיות שבולת שועל קלאסי בקק 300 גר,BKK,,עוגיות שבולת שועל קל,גרמים,300.00,100 גרם,false,1,7.90,2.63,true,1,
4820199870620,false,סולומקה מתוקה בקק 100 גר,BKK,,סולומקה מתוקה בקק 10,גרמים,100.00,100 גרם,false,1,4.90,4.90,true,1,
4820199870781,false,פריאניק מולוצני 380 גרם,BKK,,פריאניק מולוצני 380,גרמים,380.00,100 גרם,false,1,12.40,3.26,true,1,
4820199872990,false,פריאניקי עם מילוי בטעם פטל 190 גרם,בקק,UA,פריאניקי עם מילוי בט,גרמים,190.00,100 גרם,false,1,5.90,3.11,true,1,
4820210080014,false,מעדן תות שדה 45% פרי 700 גר,,UA,מעדן תות שדה 45% פרי,גרמים,700.00,100 גרם,false,1,20.90,2.99,true,1,
4820227211692,false,דובשניות עם מילוי דובדבן קייבחלאב 360 גר,,UA,דובשניות עם מילוי דו,גרמים,360.00,100 גרם,false,1,8.90,2.47,true,1,
4820239247191,false,ממרח חמאה 72.5% 200 גר,טרה פוד,,ממרח מחמאה 72.5% 200,גרמים,200.00,100 גרם,false,1,7.90,3.95,true,1,
4820239247290,false,ממרח חמאה שוקולד VOLOGODSKAYA 200 גר,טרה פוד,,ממרח מחמאה בטעם שוקו,גרמים,200.00,100 גרם,false,1,7.90,3.95,true,1,
4820239247955,false,ממרח חמאה KRESTYANSKAYA 200 גר,טרה פוד,,ממרח מחמאה 200 גר KR,גרמים,200.00,100 גרם,false,1,7.90,3.95,true,1,
4820239247979,false,ממרח מחמאה קרסטיאנסק,,,ממרח מחמאה 400 גר KR,גרמים,400.00,100 גרם,false,1,10.90,2.73,true,1,
4820239249256,false,ממרח חמאת שוקולד 200 גר,טרה פוד,,ממרח מחמאה 200 גר בט,גרמים,200.00,100 גרם,false,1,7.90,3.95,true,1,
4820239249270,false,חמאה וולוגודסקיה 200 גרם,טרה פוד,,ממרח מחמאה וולוגודסק,גרמים,200.00,100 גרם,false,1,7.90,3.95,true,1,
4823005000372,false,"בירה LVIVSKE 1715 פחית 500 מ""ל פחית",קלסברג אוקראינה,,בירה LVIVSKE 1715 פ,מיליליטרים,500.00,"100 מ""ל",false,1,8.90,1.78,true,1,
4823006800964,false,שימורי עגבניות כבושות עדין 920 גר NEZEN,NEZHIN,UA,שימורי עגבניות כבושו,גרמים,920.00,100 גרם,false,1,24.90,2.71,true,1,
4823006801435,false,לצו נזין 450 גרם,NEZHIN,,לצו נזין 450 גרם,גרמים,450.00,100 גרם,false,1,20.90,4.64,true,1,
4823006801862,false,איקרה קישואים נזין 450 גרם,NEZHIN,,איקרה קישואים נזין 4,גרמים,450.00,100 גרם,false,1,20.90,4.64,true,1,
4823006802135,false,איקרה חצילים נזין 450 גרם,NEZHIN,,איקרה חצילים נזין 45,גרמים,450.00,100 גרם,false,1,20.90,4.64,true,1,
4823006802401,false,אדגיקה חריפה נזין 450 גרם,NEZHIN,,אדגיקה חריפה נזין 45,גרמים,450.00,100 גרם,false,1,20.90,4.64,true,1,
4823063113038,false,"מיץ ירקות מעוקר סנדורה 950 מ""ל",סנדורה,,מיץ ירקות מעוקר סנדו,מיליליטרים,950.00,"100 מ""ל",false,1,17.70,1.86,true,1,
4823070203265,false,גלידה פלומביר סובייטי 70 גר,,,גלידה פלומביר,גרמים,70.00,100 גרם,false,1,5.90,8.43,true,1,
4823070203296,false,גלידה פלומביר בלרוסי 90 גר,,,גלידה פלומביר בלרוסי,גרמים,90.00,100 גרם,false,1,5.90,6.56,true,1,
4823077604331,false,"סוכריות ציטרוס מיקס 1 ק""ג רושן",,,סוכריות ציטרוס מיקס,גרמים,1000.00,100 גרם,false,1,17.90,1.79,true,1,
4823077604379,false,"סוכריות ראצקי 1 ק""ג רושן",קייב קרמנציק,,"סוכריות ראצקי 1 ק""ג",גרמים,1000.00,100 גרם,false,1,24.90,2.49,true,1,
4823077604416,false,"סוכריות קראסניי מאק 1 ק""ג רושן",,,סוכריות קראסניי מאק,גרמים,1000.00,100 גרם,false,1,59.90,5.99,true,1,
4823077604553,false,"סוכריות אברוליפט-מנטה ק""ג רושן",,,סוכריות אברוליפט-מנט,גרמים,1000.00,100 גרם,false,1,17.90,1.79,true,1,
4823077607493,false,"סוכריות ברבריס 1 ק""ג רושן",,,"סוכריות ברבריס 1 ק""ג",גרמים,1000.00,100 גרם,false,1,17.90,1.79,true,1,
4823077607530,false,"סוכריות בטעם אגס רושן 1 ק""ג",,,"סוכריות דושס ק""ג רו",גרמים,1000.00,100 גרם,false,1,17.90,1.79,true,1,
4823077608513,false,רושן סוכריות טופי חלב קורבקה 205 גרם,הופבר האוס וולסרס,UA,סוכריות קורובקה 205,גרמים,205.00,100 גרם,false,1,6.90,3.37,true,1,
4823077608933,false,"סוכריות לצנה 1 ק""ג רושן",,,"סוכריות לצנה 1 ק""ג",גרמים,1000.00,100 גרם,false,1,59.90,5.99,true,1,
4823077611049,false,"חטיף נוגט רושן קרמל עם בוטנים CUNY NUT רושן 1 ק""ג",,UA,CUNDY NUT סוכריות קר,גרמים,1000.00,100 גרם,false,1,34.90,3.49,true,1,
4823077611933,false,אסורטי אליגנט 145 גר רושן,קייב קרמנציק,,אסורטי אליגנט 145 גר,גרמים,145.00,100 גרם,false,1,19.90,13.72,true,1,
4823077611940,false,אסורטי קלאסיק 154 גר רושן,קייב קרמנציק,,אסורטי קלאסיק 154 גר,גרמים,154.00,100 גרם,false,1,19.90,12.92,true,1,
4823077613203,false,שוקולד רושן מריר + פונדוק שלם 90 גר רושן,רושן Roshen,UA,שוקולד רושן מריר + פ,גרמים,90.00,100 גרם,false,1,7.90,8.78,true,1,
4823077613630,false,חטיף שוקולד רושן ממולה קרם בורלה 43 גרם,רושן Roshen,UA,באטונציק קרם ברולה 4,גרמים,43.00,100 גרם,false,1,3.90,9.07,true,1,
4823077614675,false,ביסקוויט לקפה רושן בטעם חלב 185 גרם,קייב קרמנציק,,ביסקוויט חלב 185 גר,גרמים,185.00,100 גרם,false,1,3.90,2.11,true,1,
4823077614699,false,ביסקוויט לקפה רושן בטעם חמאה וניל 185 גרם,קייב קרמנציק,,ביסקוויט וניל 185 גר,גרמים,185.00,100 גרם,false,1,3.90,2.11,true,1,
4823077614767,false,שוקולד רושן חלב נוגט בטעם אגוזי לוז 90 גרם,רושן,UA,שוקולד רושן חלב נוגט,גרמים,90.00,100 גרם,false,1,4.90,5.44,true,1,
4823077614804,false,שוקולד רושן חלב נוגט בטעם אוכמניות כחולות 90 גרם,רושן Roshen,UA,שוקולד חלב נוגט וניל,גרמים,90.00,100 גרם,false,1,4.90,5.44,true,1,
4823077615757,false,בונבוניירה סטרלה 200 גר רושן,רושן,,בונבוניירה סטרלה 200,גרמים,200.00,100 גרם,false,1,24.90,12.45,true,1,
4823077616013,false,בונבוניירה וצרני קייב 176 גרם,רושן,,בונבוניירה וצרני קיי,גרמים,176.00,100 גרם,false,1,25.90,14.72,true,1,
4823077617041,false,חטיף שוקולד רושן ממולה קרם קרמל 43 גרם,רושן Roshen,UA,באטונציק קרמל 40 גר,גרמים,40.00,100 גרם,false,1,3.90,9.75,true,1,
4823077617645,false,עוגת פרזסקי רושן 850 גר,,UA,עוגת פרזסקי רושן 850,גרמים,850.00,100 גרם,false,1,92.90,10.93,true,1,
4823077617829,false,עוגה קייבסקי רושן 450 גר,,,עוגה קייבסקי רושן 45,גרמים,450.00,100 גרם,false,1,72.90,16.20,true,1,
4823077617836,false,עוגה קייבסקי רושן 850 גר,,,עוגה קייבסקי רושן 85,גרמים,850.00,100 גרם,false,1,119.90,14.11,true,1,
4823077618918,false,בונבוניירה שוטרס ברנדי ליקר 150 גר,רושן,,בונבוניירה שוטרס ברנ,גרמים,150.00,100 גרם,false,1,13.90,9.27,true,1,
4823077621154,false,בטונציק שוקולד רושן,רושן,,באטונציק 43 גר רושן,גרמים,43.00,100 גרם,false,1,3.90,9.07,true,1,
4823077622359,false,אסורטי שוקולאטריה רושן 256 גר,,UA,אסורטי שוקולאטריה רו,גרמים,256.00,100 גרם,false,1,34.90,13.63,true,1,
4823077623714,false,רושן סוכריות טופי ממולאים בטעם חלב מילקי ספלש 150 גרם,רושן,UA,סוכריות כוס חלב 150,גרמים,150.00,100 גרם,false,1,6.90,4.60,true,1,
4823077624247,false,"רושן ממתקי סוכריות ג'ילי ""בוני פרוט"" בטעם הדרים 200 גר",רושן Roshen,UA,גילי בוני פרוט 200 ג,גרמים,200.00,100 גרם,false,1,6.90,3.45,true,1,
4823077624261,false,גילי בוני פרוט 200 גר BERRY MIX,,,גילי בוני פרוט 200 ג,גרמים,200.00,100 גרם,false,1,6.90,3.45,true,1,
4823077624285,false,בונבוניירה רושן אסורטי שוקולאטריה 194 ג,,UA,בונבוניירה רושן אסור,גרמים,194.00,100 גרם,false,1,23.90,12.32,true,1,
4823077625145,false,ממתקי שוקולד מריר עם דובדבן בליקר דובדבן,רושן Roshen,UA,בונבוניירה רושן דובד,גרמים,155.00,100 גרם,false,1,13.90,8.97,true,1,
4823077625589,false,וופל וואפרס חלב רושן 216 גר,,UA,וופל וואפרס חלב רושן,גרמים,216.00,100 גרם,false,1,6.90,3.19,true,1,
4823077625602,false,וופל וואפרס שוקולד רושן 216 גר,,UA,וופל וואפרס שוקולד ר,גרמים,216.00,100 גרם,false,1,6.90,3.19,true,1,
4823077625626,false,וופל וואפרס אגוז רושן 216 גר,,UA,וופל וואפרס אגוז רוש,גרמים,216.00,100 גרם,false,1,6.90,3.19,true,1,
4823077626203,false,שוקולד רושן אורירי מריר 80 גרם,רושן Roshen,UA,שוקולד אורירי מריר 8,גרמים,80.00,100 גרם,false,1,6.90,8.63,true,1,
4823077626227,false,שוקולד רושן אורירי חלב 80 גרם,רושן Roshen,UA,שוקולד אורירי חלב 80,גרמים,80.00,100 גרם,false,1,6.90,8.63,true,1,
4823077626241,false,שוקולד רושן אורירי לבן קרמל 80 גרם,רושן Roshen,UA,שוקולד אורירי לבן קר,גרמים,80.00,100 גרם,false,1,6.90,8.63,true,1,
4823077626364,false,שוקולד רושן אורירי לבן 80 גרם,רושן Roshen,UA,שוקולד אורירי לבן 80,גרמים,80.00,100 גרם,false,1,6.90,8.63,true,1,
4823077630422,false,סנדוויץ' קרקר חלב וניל רושן 235 גרם,רושן,UA,סנדוויץ קרקר חלב וני,גרמים,235.00,100 גרם,false,1,9.90,4.21,true,1,
4823077631856,false,גליליות ופל רושן קונפטו קוקוס 140 גרם,רושן,UA,וופל רול קונאפטו קוק,גרמים,140.00,100 גרם,false,1,6.90,4.93,true,1,
4823077632112,false,וופל רושן בטעם קקאו חלב 216 גרם,,,וופל בטעם קקאו חלב ר,גרמים,216.00,100 גרם,false,1,6.90,3.19,true,1,
4823077632259,false,חטיף שוקולד רושן עם בוטנים 43 גרם,רושן Roshen,UA,באטונציק קרם עם בוטנ,גרמים,38.00,100 גרם,false,1,3.90,10.26,true,1,
4823077632495,false,"פרלינים ""מונבלאן"" שוקולד+אגוז שלם 1 קג",,UA,"פרלינים ""מונבלאן"" שו",גרמים,1000.00,100 גרם,false,1,69.90,6.99,true,1,
4823077632501,false,"פרלינים ""מונבלאן"" שוקולד+שומשום 1 קג",,UA,"פרלינים ""מונבלאן"" שו",גרמים,1000.00,100 גרם,false,1,69.90,6.99,true,1,
4823077632518,false,"פרלינים ""מונבלאן"" שוקולד+אגוזי לוז 1 קג",,UA,"פרלינים ""מונבלאן"" שו",גרמים,1000.00,100 גרם,false,1,69.90,6.99,true,1,
4823077632570,false,שוקולד רושן BRUT מריר 85 גרם,רושן,UA,שוקולד רושן מריר 85,גרמים,85.00,100 גרם,false,1,6.90,8.12,true,1,
4823077633034,false,"גליליות וופל רושן ""קונאפטו"" קקאו 140 ג",רושן,UA,"גליליות וופל רושן ""ק",גרמים,140.00,100 גרם,false,1,6.90,4.93,true,1,
4823077633317,false,עוגיות שוקוצ'יפס LOVITA שוקולד עם חתיכות שוקולד 150 גרם,,UA,עוגיות שוקולד עם חתי,גרמים,150.00,100 גרם,false,1,6.90,4.60,true,1,
4823077633324,false,עוגיות שוקוצ'יפס LOVITA עם חתיכות שוקולד 150 גרם,,UA,עוגיות שוקוציפס עם,גרמים,150.00,100 גרם,false,1,6.90,4.60,true,1,
4823077633331,false,עוגיות שוקוצ'יפס LOVITA בטעם תפוז 150 גרם,,UA,עוגיות רושן עם בטעם,גרמים,150.00,100 גרם,false,1,6.90,4.60,true,1,
4823077633690,false,בונבוניירה רושן שוטרס ויסקי 150 גרם,רושן,,בונבוניירה רושן שוטר,גרמים,150.00,100 גרם,false,1,13.90,9.27,true,1,
4823077634116,false,"סוכריות קורובקה 1 ק""ג רושן",,,"סוכריות קורובקה 1 ק""",גרמים,1000.00,100 גרם,false,1,24.90,2.49,true,1,
4823077634222,false,עוגיות Lovita ממולאות ג'לי תפוז מצופות צימקאו,רושן Roshen,,עוגיות תפוז 135 גר L,גרמים,135.00,100 גרם,false,1,6.90,5.11,true,1,
4823077634246,false,עוגיות Lovita ממולאות ג'לי פטל מצופות צימקאו,רושן Roshen,,עוגיות פטל 135 גר LO,גרמים,135.00,100 גרם,false,1,6.90,5.11,true,1,
4823077634277,false,עוגיות Lovita ממולאות ג'לי תות שדה מצופות צימקאו,רושן Roshen,,עוגיות תות שדה 135 ג,גרמים,135.00,100 גרם,false,1,6.90,5.11,true,1,
4823077634345,false,"ממתקי רושן קקאו 1 ק""ג KROCK",,UA,"ממתקי רושן קקאו 1 ק""",קילוגרמים,0.00,"ק""ג",false,1,49.00,49.00,true,1,
4823077634413,false,עוגות אישיות TOO COOL תות שדה 270 גרם,,,עוגות אישיות תות שדה,גרמים,270.00,100 גרם,false,1,14.90,5.52,true,1,
4823077634420,false,"עוגות אישיות ""TOO COOL"" חלב 270 גר 6 יחידות",,,"עוגות אישיות ""TOO CO",גרמים,270.00,100 גרם,false,1,14.90,5.52,true,1,
4823077635564,false,חטיף וופל רושן קרם קקאו במשקל,,UA,חטיף וופל רושן קרם ק,Unknown,0.00,"ק""ג",true,0,34.90,34.90,true,1,
4823077635601,false,חטיף וופל רושן קרם חלב 1 קג JOHNY KROCK,,,חטיף וופל רושן קרם ח,גרמים,1000.00,100 גרם,false,1,34.90,3.49,true,1,
4823077636004,false,עוגיות Lovita ממולאות ג'לי דובדבן מצופות צימקאו,רושן Roshen,,עוגיות קקאו דובדבן 1,גרמים,135.00,100 גרם,false,1,6.90,5.11,true,1,
4823077636059,false,עוגיות קקאו דובדבן LOVITAי 420 גרם,,UA,עוגיות קקאו דובדבן,גרמים,420.00,100 גרם,false,1,17.90,4.26,true,1,
4823077636097,false,עוגיות פטל LOVITAי 420 גרם,,,עוגיות פטל 420 גר LO,גרמים,420.00,100 גרם,false,1,17.90,4.26,true,1,
4823077636110,false,עוגיות תפוז LOVITAי 420 גרם,,,עוגיות תפוז 420 גר L,גרמים,420.00,100 גרם,false,1,17.90,4.26,true,1,
4823077636172,false,וופל רושן בטעם לימון 216 גרם,,UA,וופל רושן בטעם לימון,גרמים,216.00,100 גרם,false,1,5.80,2.69,true,1,
4823077636332,false,עוגיות רושן LOVITA במילוי קרם שוקולד 127 גרם,,,עוגיות רושן במילוי ק,גרמים,127.00,100 גרם,false,1,6.90,5.43,true,1,
4823077636400,false,עוגיות רושן LOVITA במילוי קרם חלב 127 גרם,,,עוגיות רושן במילוי ק,גרמים,127.00,100 גרם,false,1,6.90,5.43,true,1,
4823077636417,false,עוגיות רושן LOVITA במילוי קרם אגוזים 127 גרם,,,עוגיות רושן במילוי ק,גרמים,127.00,100 גרם,false,1,6.90,5.43,true,1,
4823077636547,false,סוכריות ממולאות בטעם פירות בים בום 468 גרם,רושן,UA,סוכריות ממולאות פירו,גרמים,468.00,100 גרם,false,1,11.90,2.54,true,1,
4823077636561,false,סוכריות ממולאות בטעם חלב קפה קפה לייק 378 גרם,רושן,UA,סוכריות ממולאות חלב,גרמים,378.00,100 גרם,false,1,11.90,3.15,true,1,
4823077636578,false,סוכריות טופי כוס חלב מילקי ספלאש 325 גרם,רושן,UA,סוכריות טופי כוס חלב,גרמים,325.00,100 גרם,false,1,11.90,3.66,true,1,
4823077636585,false,רושן סוכריות טופי מינקי בינקי 325 גרם,רושן,UA,סוכריות טופי מינקי ב,גרמים,325.00,100 גרם,false,1,11.90,3.66,true,1,
4823077636592,false,"רושן סוכריות ג'לי  ""קרייזי פצ'ולקה"" 378 גר",רושן,UA,סוכריות גלי קרייזי פ,גרמים,378.00,100 גרם,false,1,11.90,3.15,true,1,
4823077636608,false,רושן סוכריות טופי במילוי שוקולד טופלין 325 גרם,רושן,UA,סוכריות טופי במילוי,גרמים,325.00,100 גרם,false,1,11.90,3.66,true,1,
4823088403022,false,בונבוניירה דובדבן בליקר 285 גרם,חרקוב בסקוויט,,בונבונירה ליקר דובדב,גרמים,285.00,100 גרם,false,1,28.90,10.14,true,1,
4823090302481,false,ביסקוויט בטעם חלב אפוי לוזיוק 180 גרם,,UA,ביסקוויט בטעם חלב אפ,גרמים,180.00,100 גרם,false,1,5.90,3.28,true,1,
4823090302528,false,ביסקוויט בטעם ריבת חלב לוזיוק 180 גרם,,UA,ביסקוויט בטעם ריבת ח,גרמים,180.00,100 גרם,false,1,5.90,3.28,true,1,
4823097809754,false,גלידה עם צימוקים בטעם וניל וופל 90 גרם פלומביר,ז'יטומרסקי זאבוד,,גלידה עם צימוקים ברי,גרמים,90.00,100 גרם,false,1,6.90,7.67,true,1,
4823097809778,false,גלידה שוקולד בריקט פלומביר 90 גרם,ז'יטומרסקי זאבוד,LV,גלידה בריקט שוקולד 9,גרמים,90.00,100 גרם,false,1,6.90,7.67,true,1,
4823097809792,false,"גלידה שוקו אסקימוס 1 ק""ג",ז'יטומרסקי זאבוד,UA,"גלידה שוקו 1 ק""ג",גרמים,1000.00,100 גרם,false,1,39.90,3.99,true,1,
4823098200208,false,"וודקה חלבני דאר קראפט 700 מ""ל",נאציונלאה גוריצ'לניה,UA,וודקה חלבני דאר קראפ,מיליליטרים,700.00,"100 מ""ל",false,1,62.90,8.99,true,1,
4823105400096,false,מלפפונים בחומץ 300 גרם,,,מלפפונים בחומץ 300 ג,גרמים,300.00,100 גרם,false,1,13.40,4.47,true,1,
4823105400737,false,לצו בסגנון בולגרי 500 גרם,"טי.או בי. ""ויז'י פרודקשן""",,לצו בסגנון בולגרי 50,גרמים,500.00,100 גרם,false,1,14.40,2.88,true,1,
4823105400799,false,אפונה במי מלח 200 גרם,,,אפונה במי מלח 200 גר,גרמים,200.00,100 גרם,false,1,7.90,3.95,true,1,
4823105400805,false,אפונה במי מלח 510 גרם,,,אפונה במי מלח 510 גר,גרמים,510.00,100 גרם,false,1,13.40,2.63,true,1,
4823105402960,false,רוטב עגבניות לתיבול לבשר בקר 200 גרם,"טי.או בי. ""ויז'י פרודקשן""",,רוטב עגבניות לתיבול,גרמים,200.00,100 גרם,false,1,7.90,3.95,true,1,
4823105403042,false,תערובת תיבול לעוף 20 גרם,"טי.או בי. ""ויז'י פרודקשן""",,תערובת תיבול לעוף 20,גרמים,20.00,100 גרם,false,1,3.90,19.50,true,1,
4840008000499,false,סושקה צלנוצוק 500 גרם FRANZELUTA,פרנזלוטה,MD,סושקה צלנוצוק 500 גר,גרמים,500.00,100 גרם,false,1,11.40,2.28,true,1,
4840008000987,false,סושקה וניל 500 גרם FRANZELUTA,פרנזלוטה,MD,סושקה וניל 500 גרם F,גרמים,500.00,100 גרם,false,1,11.40,2.28,true,1,
4840008001199,false,מיני סושקה וניל 500 גרם FRANZELUTA,FRANZELUTA,,מיני סושקה וניל 500,גרמים,500.00,100 גרם,false,1,11.40,2.28,true,1,
4840008001205,false,מיני סושקה עם פרג 500 גרם FRANZELUTA,FRANZELUTA,MD,מיני סושקה עם פרג 50,גרמים,500.00,100 גרם,false,1,11.40,2.28,true,1,
4840008008624,false,מיני סושקה לוביטלסקיה 500 גרם FRANZELUTA,FRANZELUTA,MD,מיני סושקה לוביטלסקי,גרמים,500.00,100 גרם,false,1,11.40,2.28,true,1,
4840008017763,false,פרנזלוטה צנימים מיני עם צימוקים 200 גר,FRANZELUTA,,פרנזלוטה צנימים מיני,גרמים,200.00,100 גרם,false,1,8.90,4.45,true,1,
4840008018333,false,דובשניות טעם דבש 400 גרם פרנצלוטה,פרנזלוטה,,דובשניות טעם דבש 400,גרמים,400.00,100 גרם,false,1,9.90,2.48,true,1,
4840008019521,false,עוגיות בצק עלים לבבות דקל פרנצלוטה 350 ג,FRANZELUTA,,עוגיות בצק עלים לבבו,גרמים,350.00,100 גרם,false,1,13.40,3.83,true,1,
4840008037778,false,סופר מיני סושקה ווניל 300 גר,,MD,סופר מיני סושקה ווני,גרמים,300.00,100 גרם,false,1,8.90,2.97,true,1,
4840008040075,false,350 עוגיות אוזניים עם קינמון גר,FRANZELUTA,MD,350 עוגיות אוזניים ע,גרמים,350.00,100 גרם,false,1,13.40,3.83,true,1,
4840019001072,false,VIS מיץ תפוח עץ 1 ליטר,,MD,VIS מיץ תפוח עץ 1 לי,מיליליטרים,1000.00,"100 מ""ל",false,1,14.90,1.49,true,1,
4840019004561,false,VIS מיץ תפוח עץ וגזר 1 ליטר,,MD,VIS מיץ תפוח עץ וגזר,מיליליטרים,1000.00,"100 מ""ל",false,1,14.90,1.49,true,1,
4840022004107,false,ריבה אוכמניות שחורות 670 גר,,,ריבה אוכמניות שחורות,גרמים,670.00,100 גרם,false,1,30.90,4.61,true,1,
4840022004152,false,נקטר תפוח משמש 1 ליטר VITA NATURALIS,,,נקטר תפוח משמש 1 ל,מיליליטרים,1000.00,"100 מ""ל",false,1,12.60,1.26,true,1,
4840022004169,false,נקטר תפוח אגסים 1 ליטר VITA NATURALIS,,,נקטר תפוח אגסים 1 לי,מיליליטרים,1000.00,"100 מ""ל",false,1,12.60,1.26,true,1,
4840022004183,false,נקטר שזיף 1 ליטר VITA NATURALIS,,,נקטר שזיף 1 ליטר VIT,מיליליטרים,1000.00,"100 מ""ל",false,1,12.60,1.26,true,1,
4840022004206,false,מיץ עגבניות 1 ליטר VITA NATURALIS,,,מיץ עגבניות 1 ליטר V,מיליליטרים,1000.00,"100 מ""ל",false,1,12.60,1.26,true,1,
4840022004626,false,מיץ עגבניות 2 לט VITA NATURALIS,,MD,מיץ עגבניות 2 לט VIT,ליטרים,0.00,ליטר,false,1,22.90,22.90,true,1,
4840022005647,false,ריבת תות שדה 680 גרם,,,ריבת תות שדה 680 גרם,גרמים,680.00,100 גרם,false,1,30.90,4.54,true,1,
4840022006637,false,נקטר תפוח דובדבן 1 ליטר VITA NATURALIS,,,נקטר תפוח דובדבן 1 ל,מיליליטרים,1000.00,"100 מ""ל",false,1,12.60,1.26,true,1,
4840022006651,false,נקטר תפוחי עץ ענביים 1 ל VITA NATURALIS,,,נקטר תפוחי עץ ענביים,מיליליטרים,1000.00,"100 מ""ל",false,1,12.60,1.26,true,1,
4840095003090,false,מרמלד דולקי תפוז לימון 350 גר BUCURIA,BUCURIA,MD,מרמלד דולקי תפוז לימ,גרמים,350.00,100 גרם,false,1,13.90,3.97,true,1,
4840181001559,false,יין לבן גראנד מוסקט 11% 750 מל,,,יין לבן גראנד מוסקט,Unknown,0.00,Unknown,false,1,36.90,36.90,true,1,
4850001115151,false,האימאם באיאלדי - חצילים ברוטב עגבניות -,,,האימאם באיאלדי - חצי,גרמים,485.00,100 גרם,false,12,13.90,2.87,true,1,
4850001115212,false,שיכר דובדבנים ויניאן 750 מל,,,שיכר דובדבנים ויניא,מיליליטרים,750.00,"100 מ""ל",false,12,29.90,3.99,true,1,
4850001118954,false,שיכר פטל אדום ויניאן 750 מל,,,שיכר פטל אדום ויניא,מיליליטרים,750.00,"100 מ""ל",false,12,29.90,3.99,true,1,
4850001921646,false,ברנדי לגנד ארמניה - 5 שנים 0.5 ליטר,,,ברנדי לגנד ארמניה -,מיליליטרים,500.00,"100 מ""ל",false,12,73.90,14.78,true,1,
4850010652555,false,"שיכר רימונים (חצי מתוק 750 מ""ל SHAHNAZ",,AM,שיכר רימונים חצי מתו,מיליליטרים,750.00,"100 מ""ל",false,1,29.90,3.99,true,1,
4850016340340,false,מרק גולש מדג חדקן עם שמפיניונים 530 גרם,או או או אקו פוד,AM,מרק גולש מדג חדקן אק,גרמים,530.00,100 גרם,false,1,25.90,4.89,true,1,
4850017000229,false,ARTFOOD ריבת אגוזי מלך 450 גר,,,ARTFOOD ריבת אגוזי מ,גרמים,450.00,100 גרם,false,1,26.90,5.98,true,1,
4850017002360,false,ריבת דובדבנים לבנים מגולענים 450 גר,,,ריבת דובדבנים לבנים,גרמים,450.00,100 גרם,false,1,26.90,5.98,true,1,
4850022431841,false,דרזיה שמנת פרה 150 גר JOYCO,,,דרזיה שמנת פרה 150 ג,גרמים,150.00,100 גרם,false,1,11.90,7.93,true,1,
4850022432046,false,דרזיה שוקולד מריר דובי 150 גר JOYCO,,,דרזיה שוקולד מריר דו,גרמים,150.00,100 גרם,false,1,11.90,7.93,true,1,
4860001590124,false,"מים מנרליים טבעיים מוגזים 500 מ""ל",,גיאורגיה,מים מינרליים טבעיים,מיליליטרים,500.00,"100 מ""ל",false,1,7.90,1.58,true,1,
4860004073082,false,יין ספראבי אדום יבש 750 מל,GWS,,יין ספראבי אדום יבש,Unknown,0.00,Unknown,false,1,37.90,37.90,true,1,
4860008660196,false,"יין אדום חצי מתוק קינדזמראולי 750 מ""ל",KVARELI CELLAR,,יין אדום חצי מתוק,Unknown,0.00,Unknown,false,1,39.90,39.90,true,1,
4860008660202,false,"יין אדום חצי מתוק חבנצקרה 750 מ""ל",KVARELI CELLAR,,יין אדום חצי מתוק,Unknown,0.00,Unknown,false,1,39.90,39.90,true,1,
4860008660608,false,"יין קינזמראולי 750 מ""ל חרס",KVARELI CELLAR,,יין קינזמראולי 750 מ,Unknown,0.00,Unknown,false,1,65.90,65.90,true,1,
4860008660615,false,"יין חבנצקרה 750 מ""ל חרס",KVARELI CELLAR,,"יין חבנצקרה 750 מ""ל",Unknown,0.00,Unknown,false,1,65.90,65.90,true,1,
4860008662251,false,יין אדום חצי מתוק קינדזמראולי 750 מל,,,יין אדום חצי מתוק קי,מיליליטרים,750.00,"100 מ""ל",false,12,41.90,5.59,true,1,
4860009000014,false,מיץ רימונים 100% סחוט ללא תוספת סוכר,Aromaproduct ltd,,מיץ רימונים 1 ליטר ת,מיליליטרים,1000.00,"100 מ""ל",false,1,22.90,2.29,true,1,
4860013080514,false,ברנדי אולד קאחטי 3 ש,,,"ברנדי 3* 500 מ""ל OL",מיליליטרים,500.00,"100 מ""ל",false,1,84.90,16.98,true,1,
4860019001346,false,בורז'ומי מים מינרליים טבעיים 500מ'ל חדש,אי די אס בורגומי,,מים מינרלים בורגומי,מיליליטרים,500.00,"100 מ""ל",false,1,6.90,1.38,true,1,
4860019001414,false,"בקבוק מים בוז'ורמי 750 מ""ל",אי.די.אס בורג'יומי,GE,"מים בורגומי 750 מ""ל",מיליליטרים,750.00,"100 מ""ל",false,1,8.90,1.19,true,1,
4860103350183,false,משקה גזוז דיושס (אגס) 1 ליטר,גרוזינסקי פיבנייה,GE,משקה גזוז דיושס (אגס,מיליליטרים,1000.00,"100 מ""ל",false,1,11.50,1.15,true,1,
4865602000010,false,מים נבגלוי בזכוכית 500 מל,נבגלבי,GE,מים נבגלבי בזכוכית,מיליליטרים,500.00,"100 מ""ל",false,1,7.90,1.58,true,1,
4865602000027,false,"מים מינרלים מוגזים ""נבגלבי"" 1 ליטר PET",נבגלבי,GE,מים מינרלים מוגזים,מיליליטרים,1000.00,"100 מ""ל",false,1,8.20,0.82,true,1,
4867106070056,false,יין גרוזיני ספראבי 700 מל,אליאנס,,יין גרוזיני ספראבי 7,Unknown,0.00,Unknown,false,1,42.90,42.90,true,1,
4867258525701,false,"יין חבנצקרה בחרס 750 מ""ל",,,יין חבנצקרה בחרס,Unknown,0.00,Unknown,false,1,69.90,69.90,true,1,
4870200220203,false,"קמח חיטה לבן מרטין 1 ק""ג",,,קמח חיטה לבן מרטין 1,קילוגרמים,0.00,"ק""ג",false,1,11.90,11.90,true,1,
4891130001199,false,מזרח ומערב יבוא פון,Pun chun sauce & pre,HK,רוטב צדפות 450 גרם,גרמים,450.00,100 גרם,false,1,18.70,4.16,true,1,
4903001904192,false,"רוטב סויה יאמסה פרימיום 500 מ""ל",הדקלאים אגודת שיתופי,JP,רוטב סויה יאמסה 500,מיליליטרים,500.00,"100 מ""ל",false,1,17.90,3.58,true,1,
4903001925784,false,"רוטב סויה יאמאסה פרמיום דל מלח 500 מ""ל",הדקלאים אגודת שיתופי,JP,רוטב סויה יאמאסה פרמ,מיליליטרים,500.00,"100 מ""ל",false,1,17.90,3.58,true,1,
4903001930993,false,"רוטב טריאקי יאמאסה 500 מ""ל",ליימן מותגים,JP,רוטב טריאקי יאמאסה 5,מיליליטרים,500.00,"100 מ""ל",false,1,17.90,3.58,true,1,
4934418001310,false,"בירה היטאצינו אורז אדום 330 מ""ל",מבשלת קיוצ'י,,בירה היטאצינו אורז א,מיליליטרים,330.00,"100 מ""ל",false,1,18.90,5.73,true,1,
4958325004042,false,הומובושי שלם לבן אורגני מוזו 150 גרם,,JP,הומובושי שלם לבן אור,גרמים,150.00,100 גרם,false,1,59.90,39.93,true,1,
4978094999219,false,מחית סויה לבנה שירו מיסו 500 גרם,מזרח ומערב,CN,מחית סויה לבנה שירו,גרמים,500.00,100 גרם,false,1,20.80,4.16,true,1,
5000111047364,false,היינץ רוטב ברביקיו דבש HP,היינץ,NL,רוטב ברביקיו דבש 465,גרמים,465.00,100 גרם,false,1,18.90,4.06,true,1,
5000111047371,false,היינץ רוטב ברביקיו קלאסי HP,היינץ,,רוטב ברביקיו קלאסי 4,גרמים,465.00,100 גרם,false,1,19.80,4.26,true,1,
5000159304245,false,מ&מס קריספי 36 גרם,,,מ&מס קריספי 36 גרם,גרמים,36.00,100 גרם,false,1,4.50,12.50,true,1,
5000159376792,false,סוכריות סקיטלס Skittles פירות חמוצים,ריגלי ממתקים,CZ,סקיטלס חמוץ 38 גרם,גרמים,38.00,100 גרם,false,1,3.60,9.47,true,1,
5000159382694,false,מארס עשירייה 450 גרם,,NL,מארס עשירייה 450 גרם,גרמים,450.00,100 גרם,false,1,25.90,5.76,true,1,
5000159382731,false,סניקרס 10*50 גרם,,,סניקרס 10*50 גרם,גרמים,500.00,100 גרם,false,1,25.90,5.18,true,1,
5000159382786,false,טוויקס 10*50 גרם,,,טוויקס 10*50 גרם,גרמים,500.00,100 גרם,false,1,25.90,5.18,true,1,
5000159459228,false,חטיף שוקולד טוויקס 50 ג',"נארז ע""י : א.ג. גילר",NL,חטיף טוויקס 50 גרם,גרמים,50.00,100 גרם,false,1,3.60,7.20,true,1,
5000159461122,false,חטיף שוקולד סניקרס מקס קרמל 50 ג',"נארז ע""י : א.ג. גילר",NL,חטיף סניקרס 50 גרם,גרמים,50.00,100 גרם,false,1,3.60,7.20,true,1,
5000159471510,false,אם אנד אם בוטנים 220 גרם,,FR,אם אנד אם בוטנים 220,גרמים,220.00,100 גרם,false,1,17.70,8.05,true,1,
5000159471794,false,אם אנד אם שוקולד 220 גרם,,BE,אם אנד אם שוקולד 220,גרמים,220.00,100 גרם,false,1,17.70,8.05,true,1,
5000159472029,false,אם אנד אם קריספי 213 גרם,,FR,אם אנד אם קריספי 213,גרמים,213.00,100 גרם,false,1,20.80,9.77,true,1,
5000159473026,false,טוויקס מיניס 227 גרם,,NL,טוויקס מיניס 227 גרם,גרמים,227.00,100 גרם,false,1,16.90,7.44,true,1,
5000159473279,false,באונטי מיניס 227 גרם,,NL,באונטי מיניס 227 גרם,גרמים,227.00,100 גרם,false,1,16.90,7.44,true,1,
5000159473927,false,סניקרס מיניס 227 גרם,,NL,סניקרס מיניס 227 גרם,גרמים,227.00,100 גרם,false,1,16.90,7.44,true,1,
5000159474573,false,מארס מיניס 227 גרם,,NL,מארס מיניס 227 גרם,גרמים,227.00,100 גרם,false,1,16.90,7.44,true,1,
5000159516235,false,אם אנד אם טבלת שוקולד בוטנים 165 גרם,מרס,IE,אם אנד אם טבלת שוקול,גרמים,165.00,100 גרם,false,1,22.90,13.88,true,1,
5000159516259,false,טבלת שוקולד אמ אנד אמס שוקו 165 ג',מרס,IE,אם אנד אם טבלת שוקול,גרמים,165.00,100 גרם,false,1,22.90,13.88,true,1,
5000159516273,false,אם אנד אם טבלת שוקולד קריספי 150 גרם,מרס,IE,אם אנד אם טבלת שוקול,גרמים,150.00,100 גרם,false,1,22.90,15.27,true,1,
5000159537537,false,אם אנד אם טבלת שוקולד עוגיות 165 גרם,מרס,IE,אם אנד אם טבלת שוקול,גרמים,165.00,100 גרם,false,1,22.90,13.88,true,1,
5000168199245,false,שוקולד חלב מעולה בתוספת קרמל מלוח פיור גודייבה 90 ג',"אולקר מקבוצת פלאדיס, ציק",TR,שוקולד חלב מעולה בתו,גרמים,90.00,100 גרם,false,1,14.90,16.56,true,1,
5000204115048,false,גלייד ארוסול מבשם אוויר בניחוח לבנדר,"אס.סי ג'\ונסון,מידרכט, ה",NL,מטהר אוויר גלייד ארו,מיליליטרים,300.00,"100 מ""ל",false,1,11.90,3.97,true,1,
5000204227130,false,"גלייד מבשם ריח מקלות פסגות טיבט 80 מ""ל",CTR פורטוגל,PT,גלייד מבשם ריח מקלות,יחידה,1.00,יחידה,false,1,31.90,31.90,true,1,
5000213014905,false,"בירה גינס פחית 440 מ""ל",קרלסברג ישראל,IE,"בירה גינס 440 מ""ל פח",מיליליטרים,440.00,"100 מ""ל",false,1,15.80,3.59,true,1,
5000232902450,false,שעועית אפויה HP בעגבניות ברנסטון 350 גר,,,שעועית אפויה 420 גר,גרמים,420.00,100 גרם,false,1,8.90,2.12,true,1,
5000267014203,false,וויסקי ג'וני ווקר אדום,אלכוהול (איי.בי.בי),GB,גוני ווקר אדום 700 מ,מיליליטרים,700.00,"100 מ""ל",false,1,69.90,9.99,true,1,
5000267191577,false,"מארז גוני שחור 700 מ""ל+2 כוסות הייבול",,,מארז גוני שחור 700 מ,מיליליטרים,700.00,"100 מ""ל",false,1,109.90,15.70,true,1,
5000267191584,false,מארז גוני שחור 700מל+ גולד50מל+דאבל50מל,,,מארז גוני שחור 700מל,מיליליטרים,700.00,"100 מ""ל",false,1,109.90,15.70,true,1,
5000281040899,false,"רום קפטן מורגן וייט 750 מ""ל",קפטן מורגן Captain Morgan,JM,רום קפטן מורגן וייט,מיליליטרים,700.00,"100 מ""ל",false,1,84.90,12.13,true,1,
5000289925440,false,"ג'ין גורדון 37.5% 700 מ""ל",אלכסנדר גורדון ושות',GB,"גין גורדון 700 מ""ל",מיליליטרים,700.00,"100 מ""ל",false,1,79.90,11.41,true,1,
5000289929417,false,"גין גורדון ורוד 37.5% 700 מ""ל",,,גין גורדון ורוד 37.5,מיליליטרים,700.00,"100 מ""ל",false,1,93.90,13.41,true,1,
5000291020706,false,משקה גין טנקרי 700 מ,צ'רלס טנקרי ושות',GB,"טנקרי גין 750 מ""ל",מיליליטרים,750.00,"100 מ""ל",false,1,114.90,15.32,true,1,
5000299223031,false,"רום קפטן מורגן ספייס גולד 750 מ""ל",קפטן מורגן Captain Morgan,JM,רום קפטן מורגן ספייס,מיליליטרים,750.00,"100 מ""ל",false,1,89.90,11.99,true,1,
5000299609347,false,"וויסקי גלנליווט פאונדרס ריזרב 700 מ""ל",ג'ורג' וג'יי ג'יי סמית,GB,וויסקי גלנליווט פאונ,מיליליטרים,700.00,"100 מ""ל",false,1,159.90,22.84,true,1,
5000394140820,false,שישיות סוללות AA פלוס פאוור דורסל,דורסל,BE,סוללות דורסל פלוס פא,יחידה,1.00,יחידה,false,1,16.90,16.90,true,1,
5000394141209,false,שישיות סוללות AAA פלוס פאוור דורסל,דיפלומט,BE,סוללות דורסל פלוס פא,יחידה,1.00,יחידה,false,1,16.90,16.90,true,1,
5000396037531,false,מקוויטיס ביסקוויט מצופה שוקולד חלב 200 גרם,ברנדס סרטרה נשיונל,GB,מקוויטיס ביסקוויט מצ,גרמים,200.00,100 גרם,false,1,12.90,6.45,true,1,
5000396037548,false,מקוויטיס ביסקוויט מצופה שוקולד מריר 200 גרם,ברנדס סרטרה נשיונל,GB,מקוויטיס ביסקוויט מצ,גרמים,200.00,100 גרם,false,1,12.90,6.45,true,1,
5010026515919,false,מוזלי קריספי נאטי מורנפלייק 650 גרם,מורנפלייק Mornflake,GB,מורנפלייק נאטי 650 ג,גרמים,650.00,100 גרם,false,1,25.90,3.98,true,1,
5010106111956,false,וויסקי בלנטיין פיינסט 1 ליטר,בלנטיינ'ס Ballantines,US,וויסקי בלנטיין פיינס,מיליליטרים,1000.00,"100 מ""ל",false,1,109.90,10.99,true,1,
5010123730222,false,"מי פה טוטל קר סגול ליסטרין 500 מ""ל",ג'ונסון,IT,מי פה טוטל קר סגול ל,מיליליטרים,500.00,"100 מ""ל",false,1,17.90,3.58,true,1,
5010182997338,false,דאק ג'ל לניקוי אסלות בניחוח רענן 55 מל,"איטיליאן פוד, אס.פי.",IT,"ט.ד.ס. אסלה גל 55 מ""",מיליליטרים,55.00,"100 מ""ל",false,1,11.40,20.73,true,1,
5010314101015,false,וויסקי פיימוס גראוס 1 ליטר,מתיו גלוג אנד סאן,,וויסקי פיימוס גראוס,מיליליטרים,1000.00,"100 מ""ל",false,1,104.90,10.49,true,1,
5010327000046,false,וויסקי גרנט'ס סקוטי,"וויליאם גראנט ובניו בע""\",GB,וויסקי גראנטס 700 מ,מיליליטרים,700.00,"100 מ""ל",false,1,74.90,10.70,true,1,
5010327105215,false,וויסקי מאנקי שולדר Monkey Shoulder,"וויליאם גראנט ובניו בע""\",GB,וויסקי מונקי שולדר 7,מיליליטרים,700.00,"100 מ""ל",false,1,139.90,19.99,true,1,
5010327325125,false,וויסקי גלנפידיך 15 שנה סולרה רזרב 750 מל,גרנט'ס (William Gran,,וויסקי גלנפידיך,מיליליטרים,750.00,"100 מ""ל",false,1,189.90,25.32,true,1,
5010394984577,false,פדיגרי דנטאסטיקס כלב קטן 110 גרם (7 יח')BP29V,פדיגרי Pedigree,HU,פדיגרי דנטה סמול 110,גרמים,110.00,100 גרם,false,1,11.90,10.82,true,1,
5010622005012,false,חוט דנטלי אסנשייאל ללא שעווה 50 מטר,פרוקטר אנד גמבל,IE,חוט דנטלי ללא שעווה,Unknown,0.00,Unknown,false,1,20.40,20.40,true,1,
5010677551281,false,בקרדי בריזר לימון 275 בקבוק,בקרדי בריזר Bacardi Breezer,BE,בקרדי בריזר לימון,מיליליטרים,275.00,"100 מ""ל",false,1,14.50,5.27,true,1,
5010677551397,false,"בקרדי בריזר לימון ליים 275 מ""ל",בקרדי בריזר Bacardi Breezer,BE,בקרדי בריזר לימון לי,מיליליטרים,275.00,"100 מ""ל",false,1,14.50,5.27,true,1,
5010677552387,false,בריזר ט.אננס בקבוק 275מל,בקרדי בריזר Bacardi Breezer,BE,בקרדי בריזר אננס 275,מיליליטרים,275.00,"100 מ""ל",false,1,14.50,5.27,true,1,
5010677554398,false,בקרדי בריזר אבטיח 275 בקבוק,בקרדי בריזר Bacardi Breezer,BE,בקרדי בריזר אבטיח,מיליליטרים,275.00,"100 מ""ל",false,1,14.50,5.27,true,1,
5010994582368,false,צעצוע כולל,,,צעצוע כולל,Unknown,0.00,Unknown,false,1,16.90,16.90,true,1,
5011007003005,false,"וויסקי ג'יימסון אירי מזוקק 700 מ""ל",אייריש דיסטילרז,IE,וויסקי אירי גיימסון,גרמים,800.00,100 גרם,false,1,89.90,11.24,true,1,
5011013100132,false,"ויסקי בייליס אייריש קרים 750 מ""ל",r&a baileys,,אייריש קרים בייליס 7,מיליליטרים,750.00,"100 מ""ל",false,1,88.90,11.85,true,1,
5011013500680,false,ליקר שרידנס קרם וניל,thomas sheridans,,"ליקר שרידנס 700 מ""ל",מיליליטרים,700.00,"100 מ""ל",false,1,99.90,14.27,true,1,
5011013934546,false,"בייליס קרמל מלוח 700 מ""ל",r&a baileys,IE,בייליס קרמל מלוח 700,מיליליטרים,700.00,"100 מ""ל",false,1,119.90,17.13,true,1,
5011013938100,false,"מארז בייליס 700 מ""ל + כוס מאג",r&a baileys,,"מארז בייליס 700 מ""ל",מיליליטרים,700.00,"100 מ""ל",false,1,88.90,12.70,true,1,
5011026108033,false,"וויסקי אירי טולומור דיו 700 מ""ל",פארייפאבה אגרואינדוס,IE,וויסקי אירי טולומור,מיליליטרים,700.00,"100 מ""ל",false,1,88.90,12.70,true,1,
5011166055358,false,"בירה קראביס גינגר 330 מ""ל ללא גלוטן",,,בירה קראביס גינגר 33,מיליליטרים,330.00,"100 מ""ל",false,1,14.50,4.39,true,1,
5011308002202,false,פטקס משחת קארי טנדורי 312 גרם,,,פטקס משחת קארי טנדור,גרמים,312.00,100 גרם,false,1,18.90,6.06,true,1,
5011348015194,false,"בירה הובגובלין גולד 500 מ""ל",מבשלת וויצ'ווד,GB,בירה הובגובלין גולד,מיליליטרים,500.00,"100 מ""ל",false,1,17.90,3.58,true,1,
5011348016238,false,בירה שיפיארד 500מל פ,ויצ'וויד,GB,"בירה שיפיארד 500 מ""ל",מיליליטרים,500.00,"100 מ""ל",false,1,17.90,3.58,true,1,
5011348017099,false,"בירה הובגובלין גולד פחית 500 מ""ל",,GB,בירה הובגובלין גולד,מיליליטרים,500.00,"100 מ""ל",false,1,16.90,3.38,true,1,
5011348017112,false,"בירה הובגובלין פחית 500 מ""ל",,GB,בירה הובגובלין פחית,מיליליטרים,500.00,"100 מ""ל",false,1,16.90,3.38,true,1,
5011348023458,false,"בירה הובגובלין אי.פי.איי. פחית 500 מ""ל",,GB,בירה הובגובלין אי.פי,מיליליטרים,500.00,"100 מ""ל",false,1,16.90,3.38,true,1,
5011417552247,false,"אירוויק מבשם אויר נטול גז בניחוח פשתן ופרחי לילך 345 מ""ל",איירוויק Air Wick,PL,איירויק נטול גז לילך,מיליליטרים,345.00,"100 מ""ל",false,1,17.90,5.19,true,1,
5011885003500,false,בירה פולרס לונדון פרייד 330 מל,,,בירה פולרס לונדון פר,מיליליטרים,330.00,"100 מ""ל",false,1,15.50,4.70,true,1,
5012035965587,false,הריבו סאוור ספארקס 175 גרם,,IT,הריבו סאוור ספארקס 1,גרמים,175.00,100 גרם,false,1,8.90,5.09,true,1,
5013967003958,false,"וויסקי גון באר 700 מ""ל",john bar,GB,גון באאר פיינסט 700,מיליליטרים,700.00,"100 מ""ל",false,1,77.90,11.13,true,1,
5014201701623,false,ווסטונס אינגליש וינטג סיידר 750 מל,,,ווסטונס אינגליש וינט,מיליליטרים,750.00,"100 מ""ל",false,1,26.90,3.59,true,1,
5014271300429,false,"מעדן משמש 100% פרי סנטדלפור 284 גרם לל""ס",סאן דלפור - שמבור,FR,מעדן סאנט דלפור משמש,גרמים,284.00,100 גרם,false,1,19.90,7.01,true,1,
5014271310428,false,מעדן דובדבנים שחורים ללא תוספת סוכר 284 גרם,סאן דלפור - שמבור,FR,מעדן סאנט דלפור דובד,גרמים,284.00,100 גרם,false,1,19.90,7.01,true,1,
5014271330426,false,מעדן אוכמניות כחולות ללא תוספת סוכר 284 גרם,סאן דלפור - שמבור,FR,מעדן סאנט דלפור אוכמ,גרמים,284.00,100 גרם,false,1,19.90,7.01,true,1,
5014271350424,false,מעדן ארבעה פירות ללא תוספת סוכר 284 גרם,סאן דלפור - שמבור,FR,מעדן סאנט דלפור ארבע,גרמים,284.00,100 גרם,false,1,19.90,7.01,true,1,
5014271400426,false,"מעדן בטעם תות שדה לל""ס סאן דלפור 284 גרם",סאן דלפור - שמבור,FR,מעדן סאנט דלפור תות,גרמים,284.00,100 גרם,false,1,19.90,7.01,true,1,
5018481022003,false,"וויסקי טומאטין סינגל מאלט לגאסי 700 מ""ל",,,וויסקי טומאטין סינגל,מיליליטרים,700.00,"100 מ""ל",false,1,135.90,19.41,true,1,
5021349701019,false,"וויסקי ויסקי טומינטול 10 שנה 700 מ""ל",אנגוס דנדי,GB,וויסקי טומינטול 10 ש,מיליליטרים,700.00,"100 מ""ל",false,1,177.90,25.41,true,1,
5023625004487,false,בירה הובגובלין רובי500מל,וויצ'וד ויטניי,GB,בירה הובגובלין 500 מ,מיליליטרים,500.00,"100 מ""ל",false,1,17.90,3.58,true,1,
5024546366609,false,"וויסקי 700 מ""ל LAUDERS SCOTCH",מקדוף אינטרנשנל דיסט,GB,"וויסקי 700 מ""ל LAUDE",מיליליטרים,700.00,"100 מ""ל",false,1,72.90,10.41,true,1,
5024546366630,false,וויסקי לאודרס 1 ליטר SCOTCH,לאודרס,IL,וויסקי לאודרס 1 ליטר,מיליליטרים,1000.00,"100 מ""ל",false,1,104.90,10.49,true,1,
5029053002439,false,נייר טואלט קלינקס פרימיום צהוב - מארז 9 גלילים,חוגלה קימברלי,GB,נ.טואלט קלינקס צהוב,מטרים,275.00,מטר,false,1,33.90,0.12,true,1,
5029366739015,false,"פנטימנס רוז למונייד 200 מ""ל זכוכית",,GB,פנטימנס רוז למונייד,מיליליטרים,200.00,"100 מ""ל",false,1,7.90,3.95,true,1,
5029366739060,false,"פנטימנס רוז למונייד 200 מ""ל רביעייה",,,פנטימנס רוז למונייד,מיליליטרים,800.00,"100 מ""ל",false,1,31.90,3.99,true,1,
5030544902992,false,גבינת צדר אנגלי 190 גר,,,גבינת צדר אנגלי 190,גרמים,190.00,100 גרם,false,1,34.90,18.37,true,1,
5030544903012,false,גבינת צדר מיושן 190 גר,,,גבינת צדר מיושן 190,גרמים,190.00,100 גרם,false,1,34.90,18.37,true,1,
5032678004979,false,"טוניק לייט פרנקלין 200 מ""ל",,GB,טוניק לייט פרנקלין,מיליליטרים,200.00,"100 מ""ל",false,1,7.20,3.60,true,1,
5032678006553,false,"מי טוניק אשכולית אדומה 200 מ""ל",,GB,מי טוניק אשכולית אדו,מיליליטרים,200.00,"100 מ""ל",false,1,7.20,3.60,true,1,
5053827215862,false,קלוגס קוקו פופס שוקו 500ג',קלוגס מניופקטורינג אספנה,GB,קוקו פופס 500 גרם,גרמים,500.00,100 גרם,false,1,18.90,3.78,true,1,
5055966801005,false,"וויסקי בושמילס אוריגינל 700 מ""ל",אלב בושמילס,,וויסקי בושמילס אוריג,מיליליטרים,700.00,"100 מ""ל",false,1,109.90,15.70,true,1,
5055966801012,false,וויסקי בושמילס אוריגינל 1 ליטר,,IE,וויסקי בושמילס אוריג,מיליליטרים,1000.00,"100 מ""ל",false,1,99.00,9.90,true,1,
5056357902431,false,עוגיות באונטי 180 גרם,,,עוגיות באונטי 180 גר,גרמים,180.00,100 גרם,false,1,10.90,6.06,true,1,
5056357903834,false,באונטי מעושר בחלבון 52 גרם,מארס יורק אנגליה,GB,באונטי חטיף חלבון 52,גרמים,52.00,100 גרם,false,1,17.90,34.42,true,1,
5056357905579,false,מארס טריפל טריט 128 גרם,,IE,מארס טריפל טריט 128,גרמים,227.00,100 גרם,false,1,17.90,7.89,true,1,
5056357906255,false,מלטיזרס-אבקת שוקו 225 גר,,GB,מלטיזרס-אבקת שוקו 22,גרמים,225.00,100 גרם,false,1,25.90,11.51,true,1,
5060045590190,false,"וויסקי גים בים דבש 700 מ""ל",בים סנטורי,ES,וויסקי גים בים דבש 7,מיליליטרים,700.00,"100 מ""ל",false,1,83.90,11.99,true,1,
5060119291466,false,חטיף חלבון שוקולד מריר ופטל סמארט 64 גרם,,DE,חטיף חלבון שוקולד מר,גרמים,64.00,100 גרם,false,1,16.90,26.41,true,1,
5060119291497,false,חטיף חלבון קרם עוגיות סמארט 64 גרם,,DE,חטיף חלבון קרם עוגיו,גרמים,64.00,100 גרם,false,1,16.90,26.41,true,1,
5060119291855,false,חטיף חלבון קרמל קראנץ סמארט 64 גרם,,DE,חטיף חלבון קרמל קראנ,גרמים,64.00,100 גרם,false,1,16.90,26.41,true,1,
5060122039383,false,ממרח באונטי חלב עם פ,מארס יורק אנגליה,,ממרח באונטי 200 גרם,גרמים,200.00,100 גרם,false,1,24.90,12.45,true,1,
5060229011046,false,תה תפוח בר,,,תה תפוח בר,Unknown,0.00,Unknown,false,1,31.90,31.90,true,1,
5060229012241,false,תה קמומיל וניל ודבש,,,תה קמומיל וניל ודבש,Unknown,0.00,Unknown,false,1,31.90,31.90,true,1,
5060229014436,false,תה ירוק מנקה,,,תה ירוק מנקה,Unknown,0.00,Unknown,false,1,31.90,31.90,true,1,
5060229017093,false,שטאוורי הוליסטי 30 קפסול,פוקה,GB,שטאוורי הוליסטי,Unknown,0.00,Unknown,false,1,179.90,179.90,true,1,
5060250343741,false,הרשיז ראונדס קוקיס אנד קרים 96ג',הרשיז,PL,עוגיות הרשיז ראונדס,Unknown,1.00,Unknown,false,1,10.90,10.90,true,1,
5060250343765,false,ריסס עוגיות קקאו במילוי חמאת בוטנים 96 ג,הרשיז,US,עוגיות ריסז ראונדס ב,גרמים,96.00,100 גרם,false,1,10.90,11.35,true,1,
5060309490006,false,דיאבלו טבלת שוקולד חלב 85 גרם,,,דיאבלו טבלת שוקולד ח,גרמים,85.00,100 גרם,false,1,11.40,13.41,true,1,
5060309490143,false,דיאבלו סוכריות ללא סוכר לימון 75 גרם,,GB,דיאבלו סוכריות ללא ס,גרמים,75.00,100 גרם,false,1,9.90,13.20,true,1,
5060309490693,false,דיאבלו עוגיות קקאו קרם וניל 176 גרם,,,דיאבלו עוגיות קקאו ק,גרמים,176.00,100 גרם,false,1,18.90,10.74,true,1,
5060323903933,false,שעועית הילפילד צ'ילי 400 גר',,IT,הילפילד שעועית צ`ילי,גרמים,400.00,100 גרם,false,1,7.80,1.95,true,1,
5060402901928,false,ממרח טוויקס שוקו קרמ,,,ממרח טוויקס 200 גרם,גרמים,200.00,100 גרם,false,1,24.90,12.45,true,1,
5060402906459,false,עוגיות טוויקס קרמל 144 גרם,בורטונס,GB,עוגיות טוויקס קרמל 1,גרמים,144.00,100 גרם,false,1,12.90,8.96,true,1,
5060402907104,false,קפסולות מארס למכונה 8 יח 136 ג,,GB,קפסולות מארס למכונה,גרמים,136.00,100 גרם,false,1,29.90,21.99,true,1,
5060402907142,false,קפסולות טוויקס למכונה 8 יח 136 ג,,GB,קפסולות טוויקס למכונ,גרמים,136.00,100 גרם,false,1,29.90,21.99,true,1,
5060402907203,false,אבקה להכנת שוקו חם מארס 140 גרם,,DE,אבקה להכנת שוקו חם מ,גרמים,140.00,100 גרם,false,1,19.90,14.21,true,1,
5060412214124,false,חול אברקלין צהוב פיזור מופחת,אבר קלין Ever clean,NL,אוור קלין צהוב חדש 6,Unknown,0.00,Unknown,false,1,69.90,69.90,true,1,
5060424707058,false,RAW חטיף חלבון ש.שועל אוכמניות דבש 75 ג,,GB,RAW חטיף חלבון ש.שוע,גרמים,75.00,100 גרם,false,1,12.90,17.20,true,1,
5060433632051,false,"בירה יו לו 330 מ""ל סרין",,GB,"בירה יו לו 330 מ""ל ס",מיליליטרים,330.00,"100 מ""ל",false,1,18.90,5.73,true,1,
5060433632464,false,"בירה לומינה 330 מ""ל סרין",,GB,"בירה לומינה 330 מ""ל",מיליליטרים,330.00,"100 מ""ל",false,1,18.90,5.73,true,1,
5060462260539,false,אצבעות וופל במילוי קרם אגוזים מצופה שוקולד 45 גרם - לאב רואו,,ES,אצבעות וופל קרם אגוז,גרמים,45.00,100 גרם,false,1,15.90,35.33,true,1,
5060462260683,false,אצבעות וופל במילוי קרם אגוזים מצופה שוקולד לבן 45 גרם - לאב רואו,,ES,אצבעות וופל קרם אגוז,גרמים,45.00,100 גרם,false,1,15.90,35.33,true,1,
5060462260713,false,אצבעות וופל במילוי קרם קרמל מלוח מצופה קרמל 45 גרם - לאב רואו,,ES,אצבעות וופל קרם קרמל,גרמים,45.00,100 גרם,false,1,15.90,35.33,true,1,
5060462261758,false,כדורי וופל קראנציים במילוי קרם לוז 45 גר,,ES,כדורי וופל קראנציים,גרמים,45.00,100 גרם,false,1,15.90,35.33,true,1,
5060517886486,false,"משקה אנרגיה מונסטר אנרג'י בפחית 500 מ""ל",מונסטר אנרג'י Monster Energy,RS,מונסטר אנרגי פח 500,מיליליטרים,500.00,"100 מ""ל",false,1,6.90,1.38,true,1,
5060517886516,false,"משקה אנרגיה מונסטר אנרג'י זירו בפחית 500 מ""ל",מונסטר אנרג'י Monster Energy,RS,מונסטר אנרגי זירו פח,מיליליטרים,500.00,"100 מ""ל",false,1,6.90,1.38,true,1,
5060519140852,false,מיץ אלוורה אורגני 1 ליטר,פוקה,GB,מיץ אלוורה פוקה 1 לי,מיליליטרים,1000.00,"100 מ""ל",false,1,219.90,21.99,true,1,
5060639128051,false,"משקה אנרגיה מונסטר אולטרה בפחית 500 מ""ל",מונסטר אנרג'י Monster Energy,RS,מונסטר ULTRA פחית 50,מיליליטרים,500.00,"100 מ""ל",false,1,6.90,1.38,true,1,
5060639129102,false,"משקה אנרגיה מונסטר אנרג'י מנגו בפחית 500 מ""ל",מונסטר אנרג'י Monster Energy,RS,Mango Loco מונסטר 50,מיליליטרים,500.00,"100 מ""ל",false,1,6.90,1.38,true,1,
5060671000063,false,מיקסרים מיוון בטעם אשכולית ורודה 200 מל,,GB,מיקסרים מיוון בטעם,מיליליטרים,200.00,"100 מ""ל",false,1,8.20,4.10,true,1,
5060671000148,false,"מיקסרים החדש מיוון בטעםגינג ביר 200 מ""ל",,GB,מיקסרים החדש מיוון ב,מיליליטרים,200.00,"100 מ""ל",false,1,8.20,4.10,true,1,
5060751218173,false,"משקה אנרגיה מונסטר אנרג'י piplin punch בפחית 500 מ""ל",מונסטר אנרג'י לימטד,RS,מונסטר פייפליין פאנצ,מיליליטרים,500.00,"100 מ""ל",false,1,6.50,1.30,true,1,
5060751219033,false,"משקה אנרגיה מונסטר אנרג'י זירו paradise בפחית 500 מ""ל",מונסטר אנרג'י לימטד,RS,מונסטר אולטרה פרדייס,מיליליטרים,500.00,"100 מ""ל",false,1,6.50,1.30,true,1,
5060805990703,false,חברים-עוגיות רייצל עוגיות רד וולוט 150ג,,,חברים-עוגיות רייצל ע,גרמים,150.00,100 גרם,false,1,22.90,15.27,true,1,
5065000523138,false,תה שלוש מנטה,,,תה שלוש מנטה,Unknown,0.00,Unknown,false,1,31.90,31.90,true,1,
5065000523343,false,כלורלה אורגנית 150 ט,,,כלורלה אורגנית 150 ט,Unknown,0.00,Unknown,false,1,109.90,109.90,true,1,
5065000523367,false,ספירולינה אורגנית 15,,,ספירולינה אורגנית 15,Unknown,0.00,Unknown,false,1,109.90,109.90,true,1,
5099873017623,false,"וויסקי גק דניאלס טנסי אפל 700 מ""ל",ג'ק דניאלס Jack Daniel's,BE,וויסקי גק דניאלס טנס,מיליליטרים,700.00,"100 מ""ל",false,1,99.90,14.27,true,1,
5099873038758,false,וויסקי ג'נטלמן ג'ק Gentleman Jack,ג'ק דניאלס Jack Daniel's,US,וויסקי גנטלמן גק 700,מיליליטרים,700.00,"100 מ""ל",false,1,140.90,20.13,true,1,
5200100943749,false,עוגיות משיבולת שועל במילוי חמאת בוטנים,Violanta Cookies S.A,GR,עוגיות משיבולת שועל,גרמים,180.00,100 גרם,false,1,11.90,6.61,true,1,
5200106871084,false,מעדן יוגורט יווני 150ג',,GR,יוגורט יווני 150 גר,גרמים,150.00,100 גרם,false,1,6.90,4.60,true,1,
5200106871121,false,יוגורט יווני 1ק''ג,,GR,"יוגורט יווני 1 ק""ג",קילוגרמים,0.00,"ק""ג",false,1,33.50,33.50,true,1,
5201004020338,false,קפריס וופל רול ממולא קרם אגוזי לוז 400 ג',א.ג פאפאגופולוס,GR,גליליות וופל קפריס ר,גרמים,400.00,100 גרם,false,1,19.90,4.98,true,1,
5201004021328,false,קפריס רולס גלילי וופל במילוי קרם אגוזי לוז וקקאו,אי. ג'יי פאפאדופולוס,GR,גליליות קפריס רולס ק,גרמים,115.00,100 גרם,false,1,9.20,8.00,true,1,
5201306800812,false,זית קלמטה 465 גר דולפין,,GR,זית קלמטה 465 גר דול,גרמים,465.00,100 גרם,false,1,27.90,6.00,true,1,
5201306803400,false,זיתים מושחרים דלפי סופר ממוט 820 גרם,אינטרקום יוון,GR,זיתים מושחרים 465 גר,גרמים,465.00,100 גרם,false,1,27.90,6.00,true,1,
5201340003385,false,TRATA טונה מעושנת שמן סויה 160 גרם,נורט אגיאוסי קנריס,GR,טונה מעושנת בשמן סוי,גרמים,160.00,100 גרם,false,1,16.90,10.56,true,1,
5201347400545,false,רצועות שעווה מוכנות לשימוש לפנים ולאזורים רגישים,רקיט בנקיזר צרפת,FR,ויט רצועות שעווה לפנ,Unknown,0.00,Unknown,false,1,43.90,43.90,true,1,
5201671802497,false,זיתי קלמטה שחורים אורגני השדה 150 גרם,,,זיתי קלמטה שחורים או,גרמים,150.00,100 גרם,false,1,19.90,13.27,true,1,
5201671803593,false,זיתים ירוקים אורגניים ללא גלעינים (אריזת פאוצ') 150 גרם,השדה מוצרים טבעיים ו,GR,זיתים ירוקים ללא גלע,גרמים,150.00,100 גרם,false,1,18.90,12.60,true,1,
5201671803609,false,זיתי קלמטה אורגניים ללא גלעינים (אריזת פאוצ') 150 גרם,השדה מוצרים טבעיים ו,GR,זיתי קלמטה ללא גלעינ,גרמים,150.00,100 גרם,false,1,20.90,13.93,true,1,
5201940010011,false,זיתים שחורים טבעיים בפח ויליפוד 454 גרם,סיוארס אס.איי,GR,זיתים שחורים טבעיים,גרמים,454.00,100 גרם,false,1,21.50,4.74,true,1,
5201940010110,false,זיתים שחורים קלמטה וילי פוד 250 גרם,סיוארס אס.איי,GR,זיתים שחורים מזן קלמ,גרמים,454.00,100 גרם,false,1,14.90,3.28,true,1,
5202175001515,false,נאצ`וס בטעם מלוח 225 גר,אל סבור מקסיקן פוד,TW,נאצ`וס בטעם מלוח 225,גרמים,225.00,100 גרם,false,1,11.90,5.29,true,1,
5202175001546,false,"נאצוס בטעם ברביקיו לל""ג 225 גרם",אל סבור מקסיקן פוד,GR,נאצוס בטעם ברביקיו ל,גרמים,225.00,100 גרם,false,1,10.90,4.84,true,1,
5202175002581,false,"טורטיה 20 ס""מ 5 יח 200 גר",S Foods Mexican Sabor El,GR,"טורטיה 20 ס""מ 5 יח 2",גרמים,200.00,100 גרם,false,1,9.40,4.70,true,1,
5202390014192,false,גבינה צהובה טבעונית זיתים ויאו לייף 200 ג',פרוטרופיק סיה.,GR,צהובה טבעונית עם זית,גרמים,200.00,100 גרם,false,1,23.50,11.75,true,1,
5202390015618,false,גבינה צהובה טבעונית אורגינל ויאו לייף 200 ג',אריביה אס.אי. 57022,GR,צהובה טבעונית בטעם א,גרמים,200.00,100 גרם,false,1,23.50,11.75,true,1,
5202390016141,false,גבינה מוצרלה צהובה לפיצה טבעונית ויאו לייף 400 ג',פרוטרופיק סיה.,GR,גוש מוצרלה טבעונית ל,גרמים,400.00,100 גרם,false,1,29.90,7.48,true,1,
5202390016325,false,גבינה צהובה טבעונית בטעם מעושן ויאו לייף 200ג',"אריביה אס.אי., יוון",GR,צהובה טבעונית טעם מע,גרמים,200.00,100 גרם,false,1,23.90,11.95,true,1,
5202390021121,false,קרמי אוריגינל טבעוני ויולייף 150 גר,ביוט איילנד פודס בעמ,GR,קרמי אוריגינל טבעוני,גרמים,150.00,100 גרם,false,1,18.90,12.60,true,1,
5202413007019,false,ערק אוזו פלומארי 700,Plomari ouzo distill,GR,"אוזו פלומארי 700 מ""ל",מיליליטרים,700.00,"100 מ""ל",false,1,79.90,11.41,true,1,
5202413007040,false,"אוזו פלומארי 700 מ""ל כשר לפסח",,,"אוזו פלומארי 700 מ""ל",מיליליטרים,700.00,"100 מ""ל",false,1,75.90,10.84,true,1,
5202429109394,false,זיתים מושחרים אליטה,,,זיתים שחורים שלמים 8,גרמים,820.00,100 גרם,false,1,23.90,2.91,true,1,
5202795080709,false,אוזו מטקסה Ouzo Metaxa,פארייפאבה אגרואינדוס,GR,"אוזו מטקסה 750 מ""ל",מיליליטרים,750.00,"100 מ""ל",false,1,74.90,9.99,true,1,
5203197122028,false,מנורי יווני צאן 200 גר,,GR,מנורי יווני צאן 200,גרמים,200.00,100 גרם,false,0,22.90,11.45,true,1,
5391500600698,false,"בירה אוהרהס ליין פוליין 330 מ""ל בקבוק",,,בירה אוהרס ליין פולי,מיליליטרים,330.00,"100 מ""ל",false,1,14.50,4.39,true,1,
5391500602500,false,"בירה אוהרס הייזי אי פי איי 440 מ""ל",,IE,בירה אוהרס הייזי אי,מיליליטרים,440.00,"100 מ""ל",false,1,18.90,4.30,true,1,
5391523057929,false,סימילאק גולד שלב 1 תרכובת מזון על בסיס חלב,אבוט מעבדות רפואיות,IE,סימילאק גולד שלב 1,גרמים,700.00,100 גרם,false,1,69.90,9.99,true,1,
5391523057936,false,סימילאק גולד שלב 2 תרכובת מזון על בסיס חלב,אבוט מעבדות רפואיות,IE,סימילאק גולד שלב 2,גרמים,700.00,100 גרם,false,1,69.90,9.99,true,1,
5391523058063,false,סימילאק אדבנס פלוס 1 תרכובת מזון על בסיס חלב,טרופיקל דגיל תעשיות,IE,סימילאק אדוונס פלוס,גרמים,700.00,100 גרם,false,1,64.90,9.27,true,1,
5400141213898,false,שימורי מלפפון חמוץ מתוק בוני 530 גר,,BE,שימורי מלפפון חמוץ מ,גרמים,530.00,100 גרם,false,1,17.50,3.30,true,1,
5400141240320,false,עגבניות מיובשות בשמן זית וצלפים 280 גרם,,NL,עגבניות מיובשות בשמן,גרמים,280.00,100 גרם,false,1,18.90,6.75,true,1,
5400141357530,false,שימורי מלפפון חמוץ מתוק בוני 530 גר,,BE,שימורי מלפפון חמוץ מ,גרמים,530.00,100 גרם,false,1,18.30,3.45,true,1,
5400265018645,false,המלט-מארז 12 סוכריות מקל סבא אדום 170 גר,,,המלט-מארז 12 סוכריות,גרמים,170.00,100 גרם,false,1,16.90,9.94,true,1,
5400265020693,false,בונ קופידו שוקולד סטיקס מנטה 125 גרם,,,בונ קופידו שוקולד סט,גרמים,125.00,100 גרם,false,1,20.50,16.40,true,1,
5400265020723,false,בונ קופידו שוקולד סטיקס מריר 125 גרם,HAMLET NV,,בונ קופידו שוקולד סט,גרמים,125.00,100 גרם,false,1,20.50,16.40,true,1,
5400265024226,false,קופידו-פרלינים בלגים במילוי קוואנטרו 150,HAMLET NV,IL,קופידו-פרלינים בלגים,גרמים,150.00,100 גרם,false,1,18.90,12.60,true,1,
5400265038384,false,המלט-בונבונירה פרלין קריסמיס כחול 500 גר,,,המלט-בונבונירה פרלין,גרמים,500.00,100 גרם,false,1,99.90,19.98,true,1,
5400265040882,false,המלט-פרלינים בלגים דלוקס שחור 175 ג,,,המלט-פרלינים בלגים ד,גרמים,175.00,100 גרם,false,1,36.90,21.09,true,1,
5400265170114,false,המלט-סוכריית מקל סבא 28 גרם,,,המלט-סוכריית מקל סבא,גרמים,28.00,100 גרם,false,1,6.50,23.21,true,1,
5410041435900,false,טוק קרקרים בתיבול פפריקה 100 גרם,,HU,טוק קרקרים בתיבול פפ,גרמים,100.00,100 גרם,false,1,7.30,7.30,true,1,
5410076933129,false,אריאל אבקת כביסה שושן צחור 3 קג,פרוקטר אנד גמבל,CZ,"אריאל שושן צחור 3 ק""",קילוגרמים,0.00,"ק""ג",false,1,44.90,44.90,true,1,
5410091677992,false,"סאיוס - ספריי לשיער לייצוב מקסימלי 400 מ""ל",שוורצקופף והנקל,DE,סאיוס ספריי לייצוב ה,מיליליטרים,400.00,"100 מ""ל",false,1,35.90,8.98,true,1,
5410091678005,false,"סאיוס - ספריי לשיער ליצירת נפח 400 מ""ל",שוורצקוף,DE,ספריי לשיער סאיוס לי,מיליליטרים,400.00,"100 מ""ל",false,1,35.90,8.98,true,1,
5410126106022,false,מארז עוגיות לוטוס 250 גר*2,לוטוס ביקרי נ.וי.,BE,מארז עוגיות לוטוס 25,גרמים,500.00,100 גרם,false,1,18.90,3.78,true,1,
5410126116953,false,ממרח ביסקוויט קרמל לוטוס 400 גרם,לוטוס בייקרי בלגיה נ,BE,ממרח עוגיות לוטוס קר,גרמים,400.00,100 גרם,false,1,22.90,5.73,true,1,
5410126666038,false,"ביסקוויט קרמל לוטוס 279 גרם בד""צ",לוטוס ביקרי נ.וי.,BE,עוגיות לוטוס 279 גרם,גרמים,279.00,100 גרם,false,1,10.00,3.58,true,1,
5410126716016,false,"עוגיות לוטוס ביסקויט קרמל בד""צ 250 גרם",לוטוס ביקרי בלגיה,BE,ביסקויט קרמל לוטוס 2,גרמים,250.00,100 גרם,false,1,11.80,4.72,true,1,
5410158510064,false,מילקה מלוקקס שישייה 100 גרם,,,מילקה מלוקקס שישייה,גרמים,100.00,100 גרם,false,1,11.40,11.40,true,1,
5410173210055,false,רומבוסט קפה טחון וקלוי לפילטר 70 גרם,קופי רומבוטס,BE,רומבוסט קפה טחון וקל,גרמים,70.00,100 גרם,false,1,23.90,34.14,true,1,
5410228144755,false,"בירה סטלה ארטואה שישייה בקבוק 330 מ""ל",מבשלות בירה בינלאומיות ב,IL,שישיית סטלה ארטואה,מיליליטרים,1980.00,"100 מ""ל",false,1,29.90,1.51,true,1,
5410228267515,false,"שישיית בירה לאגר באדוויזר 6*330 מ""ל",באדווייזר Budweiser,GB,שישיית בירה לאגר באד,מיליליטרים,1980.00,"100 מ""ל",false,1,29.90,1.51,true,1,
5410316983693,false,"סמירנוף אייס בקבוק 275 מ""ל",סמירנוף אייס Smirnoff ice,IT,סמירנוף אייס בודד 27,מיליליטרים,275.00,"100 מ""ל",false,1,12.90,4.69,true,1,
5410316994019,false,"וודקה סמירנוף אדום 700מ""ל",דיאג'ו אופריישנס איט,US,"סמירנוף אדום 700 מ""ל",מיליליטרים,700.00,"100 מ""ל",false,1,59.90,8.56,true,1,
5410358452805,false,הריבו ריינבו מרשמלו צבעוני 175 גרם,,BE,הריבו ריינבו מרשמלו,גרמים,175.00,100 גרם,false,1,7.90,4.51,true,1,
5410358453024,false,הריבו מרשמלו אקזוטי 175 גרם,,BE,הריבו מרשמלו אקזוטי,גרמים,175.00,100 גרם,false,1,7.90,4.51,true,1,
5410358453116,false,הריבו- מרשמלו מיקס 175 גרם,,BE,הריבו- מרשמלו מיקס 1,גרמים,175.00,100 גרם,false,1,7.90,4.51,true,1,
5410658902413,false,Fortisimo- Lungo Forte קפסולות קפה אלומיניום דרגת חוזק 08,,,אספרסו פורטיסימו - ק,גרמים,50.00,100 גרם,false,1,11.90,23.80,true,1,
5410658902437,false,Fortisimo-Lungo Clasico קפסולות קפה אלומיניום דרגת חוזק 07,,,פורטה פורטיסימו - קפ,גרמים,50.00,100 גרם,false,1,11.90,23.80,true,1,
5410658902444,false,Fortisimo-Intenso Supermo קפסולות קפה אלומיניום דרגת חוזק 14,,,קלאסיקו פורטיסימו -,גרמים,50.00,100 גרם,false,1,11.90,23.80,true,1,
5410658902819,false,קפסולות קפה אלומיניום דרגת חוזק 12 Fortisimo- Espresso,,,קלאסיקו פורטיסימו -,גרמים,50.00,100 גרם,false,1,11.90,23.80,true,1,
5410769800554,false,"בקבוק צירי שוף 750 מ""ל בקבוק",דובל מורטגט,BE,בקבוק צירי שוף 750 מ,מיליליטרים,750.00,"100 מ""ל",false,1,30.90,4.12,true,1,
5410908000074,false,"בירה שימאי בלו 750 מ""ל",,,בירה שימאי בלו 750 מ,מיליליטרים,750.00,"100 מ""ל",false,1,41.90,5.59,true,1,
5411081000523,false,"בירה קסטיל דונקר 330 מ""ל",מבשלת קסטל ואן הונסברוק,BE,בירה קסטיל כהה 330 מ,מיליליטרים,330.00,"100 מ""ל",false,1,12.90,3.91,true,1,
5411081000677,false,בירה קסטיל טריפל בקבוק 330מל,מבשלת קסטל ואן הונסברוק,BE,בירה קסטיל טריפל 330,מיליליטרים,330.00,"100 מ""ל",false,1,12.90,3.91,true,1,
5411081003654,false,"קסטיל בירה רוז 330 מ""ל",מבשלת קסטל ואן הונסב,BE,בירה קסטיל רוז 330 מ,מיליליטרים,330.00,"100 מ""ל",false,1,11.90,3.61,true,1,
5411081003661,false,"בירה קסטיל רוז 750 מ""ל",מבשלת קסטל ואן הונסב,,בירה קסטיל רוז 750 מ,מיליליטרים,750.00,"100 מ""ל",false,1,31.90,4.25,true,1,
5411081004811,false,"בירה קסטיל קווה דו שאטו 330 מ""ל",מבשלת קסטל ואן הונסב,,בירה קסטיל קווה דו ש,מיליליטרים,330.00,"100 מ""ל",false,1,12.90,3.91,true,1,
5411081005696,false,"בירה קסטיל שוקולד (בריסטה) 330 מ""ל",מבשלת קסטל ואן הונסב,BE,בירה קסטיל שוקולד (ב,מיליליטרים,330.00,"100 מ""ל",false,1,12.90,3.91,true,1,
5411081008420,false,"בירה בירה שושנע קסטיל 330 מ""ל פחית",מבשלת קסטל ואן הונסברוק,BE,בירה בירה שושנע קסטי,מיליליטרים,330.00,"100 מ""ל",false,1,12.20,3.70,true,1,
5411188081852,false,אלפרו משקה סויה בטעם וניל 1 ל',הנסיך- מפעל לייצור ט,BE,אלפרו סויה בטעם וניל,מיליליטרים,1000.00,"100 מ""ל",false,1,14.90,1.49,true,1,
5411188094159,false,רביעיית מעדן סויה שוקו מריר אלפרו 125 גרם,הנסיך- מפעל לייצור ט,BE,אלפרו מעדן סויה בטעם,גרמים,500.00,100 גרם,false,1,18.90,3.78,true,1,
5411188094173,false,רביעיה מעדן סויה טעם קרמל 125 ג' אלפרו,אלפרו,BE,אלפרו מעדן סויה בטעם,מיליליטרים,500.00,"100 מ""ל",false,1,18.90,3.78,true,1,
5411188096108,false,"שמנת לבישול ע""ב סויה 250 מ""ל אלפרו",אלפרו C.V.A,BE,"שמנת לבישול ע""ב סוי",מיליליטרים,250.00,"100 מ""ל",false,1,9.90,3.96,true,1,
5411188110835,false,אלפרו חלב סויה שקדים וניל 1ל',הנסיך- מפעל לייצור ט,BE,אלפרו משקה שקדים 1 ל,מיליליטרים,1000.00,"100 מ""ל",false,1,13.90,1.39,true,1,
5411188112709,false,"משקה קוקוס אלפרו 1 ליטר משקה שקדים לל""ס",הנסיך- מפעל לייצור ט,BE,אלפרו משקה שקדים ללא,מיליליטרים,1000.00,"100 מ""ל",false,1,13.90,1.39,true,1,
5411188115366,false,משקה קוקוס אלפרו 1 ליטר משקה שיבולת שועל 1 ליטר,הנסיך- מפעל לייצור ט,BE,אלפרו משקה שיבולת שו,מיליליטרים,1000.00,"100 מ""ל",false,1,13.90,1.39,true,1,
5411188115434,false,משקה אלפרו בריסטה סויה 1 ליטר,אלפרו C.V.A,BE,אלפרו משקה בריסטה סו,מיליליטרים,1000.00,"100 מ""ל",false,1,15.90,1.59,true,1,
5411188115472,false,משקה סויה אלפרו 1 ליטר,הנסיך- מפעל לייצור ט,BE,אלפרו משקה סויה 1 לי,מיליליטרים,1000.00,"100 מ""ל",false,1,13.90,1.39,true,1,
5411188118732,false,משקה אלפרו קוקוס ושקדים 1 ליטר,הנסיך- מפעל לייצור ט,BE,אלפרו משקה קוקוס שקד,מיליליטרים,1000.00,"100 מ""ל",false,1,13.90,1.39,true,1,
5411188120742,false,משקה קוקוס אלפרו 1 ליטר שקדים וניל 1 ל',הנסיך- מפעל לייצור ט,BE,אלפרו משקה שקדים בטע,מיליליטרים,1000.00,"100 מ""ל",false,1,13.90,1.39,true,1,
5411188120957,false,"אלפרו תערובת לבישול על בסיס קוקוס 250 מ""ל",אלפרו C.V.A,BE,אלפרו קוקוס לבישול 1,מיליליטרים,250.00,"100 מ""ל",false,1,9.90,3.96,true,1,
5411188121923,false,"משקה סויה מועשר סידן אלפרו 3*250 מ""ל",הנסיך- מפעל לייצור ט,BE,שלישיות אלפרו סויה ב,מיליליטרים,750.00,"100 מ""ל",false,1,14.90,1.99,true,1,
5411188121978,false,"משקה סויה בטעם שוקולד 3 * 250 מ""ל אלפרו",אלפרו סי.וי. איי,BE,שלישיות אלפרו סויה ש,מיליליטרים,750.00,"100 מ""ל",false,1,14.90,1.99,true,1,
5411188124689,false,משקה אלפרו שיבולת שועל ללא סוכר 1 ליטר,אלפרו C.V.A,BE,אלפרו משקה שיבולת שו,מיליליטרים,1000.00,"100 מ""ל",false,1,13.90,1.39,true,1,
5411188124726,false,אלפרו משקה שיבולת שועל שקדים 1 ליטר,הדקלאים אגודת שיתופי,BE,אלפרו משקה שיבולת שו,מיליליטרים,1000.00,"100 מ""ל",false,1,13.90,1.39,true,1,
5411188129899,false,משקה אלפרו בריסטה שקדים 1 ליטר,הנסיך- מפעל לייצור ט,BE,אלפרו בריסטה משקה שק,מיליליטרים,1000.00,"100 מ""ל",false,1,15.90,1.59,true,1,
5411188300328,false,אלפרו סויה שוקו 1 ליטר * 8 יחי,הנסיך- מפעל לייצור ט,BE,אלפרו סויה בטעם שוקו,מיליליטרים,1000.00,"100 מ""ל",false,1,14.90,1.49,true,1,
5411188513483,false,"סויה לבישול 14% שומן אלפרו 250 מ""ל",אלפרו C.V.A,BE,אלפרו סויה לבישול 14,מיליליטרים,250.00,"100 מ""ל",false,1,9.90,3.96,true,1,
5411188543398,false,משקה סויה ללא סוכר אלפרו 1 ליטר,הנסיך- מפעל לייצור ט,BE,אלפרו משקה סויה ללא,מיליליטרים,1000.00,"100 מ""ל",false,1,13.90,1.39,true,1,
5411223100920,false,בירה לינדמנס קריק דובדבנים 750 מל,,,בירה לינדמנס קריק דו,מיליליטרים,750.00,"100 מ""ל",false,1,36.90,4.92,true,1,
5411663002846,false,"בירה Gulden Draak QUAD 10.5% מ""ל 330",Van steenberg,BE,בירה Gulden Draak QU,מיליליטרים,330.00,"100 מ""ל",false,1,15.50,4.70,true,1,
5411676175148,false,"בירת ברבר כהה 750 מ""ל בקבוק",מבשלת לפבר,BE,"בירת ברבר כהה 750 מ""",מיליליטרים,750.00,"100 מ""ל",false,1,34.90,4.65,true,1,
5411681014234,false,"מארז דובל 4*330 מ""ל + כוס",,,"מארז דובל 4*330 מ""ל",ליטרים,0.00,ליטר,false,1,62.90,62.90,true,1,
5411681038070,false,בירה מרדסו טריפל 750 מל,,,בירה מרדסו טריפל 750,מיליליטרים,750.00,"100 מ""ל",false,1,30.90,4.12,true,1,
5411686700118,false,"בירה לינדמנס פרוטס 250 מ""ל",לפימנס,BE,בירה לינדמנס פרוטס 2,מיליליטרים,250.00,"100 מ""ל",false,1,15.50,6.20,true,1,
5411686700460,false,"מארז ליפמנס און דה רוקס 4*250 מ""ל + כוס",מבשלת ליפמנס,BE,מארז ליפמנס און דה ר,מיליליטרים,1000.00,"100 מ""ל",false,1,46.90,4.69,true,1,
5412186003594,false,בירה דליריאום אמבר 7% 330 מל Argentum,L.HUYGHE,BE,בירה דליריאום אמבר,מיליליטרים,330.00,"100 מ""ל",false,1,14.90,4.52,true,1,
5412514931889,false,עלי קורדיטס 272 ג SOFT TACO,אן. וי סנק פוד,BE,עלי קורדיטס 272 ג SO,גרמים,272.00,100 גרם,false,1,20.40,7.50,true,1,
5412514999933,false,פוקו לוקו -סלסה חריפה 325 גרם,,,פוקו לוקו -סלסה חריפ,מיליליטרים,325.00,"100 מ""ל",false,1,28.90,8.89,true,1,
5412514999957,false,סלסה גוואקמולה 300 גרם,אן. וי סנק פוד,,סלסה גוואקמולה 300,גרמים,300.00,100 גרם,false,1,37.50,12.50,true,1,
5412533001617,false,נוזל לניקוי כלים אלוורה ולימון 1 ליטר,אקובר,BE,נוזל לניקוי כלים אלו,מיליליטרים,1000.00,"100 מ""ל",false,1,19.90,1.99,true,1,
5412533002287,false,נוזל לניקוי אסלות בניחוח אורנים ECOVER,,BE,נוזל לניקוי אסלות בנ,מיליליטרים,750.00,"100 מ""ל",false,1,19.90,2.65,true,1,
5412533416602,false,טבליות למדיח 25 יח 500 ג,אקובר,BE,טבליות למדיח 500 גרם,גרמים,500.00,100 גרם,false,1,43.90,8.78,true,1,
5412533419665,false,"מרכך כביסה תפוח ושקדים 750 מ""ל",,BE,מרכך כביסה תפוח ושקד,מיליליטרים,750.00,"100 מ""ל",false,1,16.90,2.25,true,1,
5412533420364,false,נוזל כביסה פורמולה מרוכזת 1 ליטר,אקובר,BE,נוזל כביסה פורמולה מ,מיליליטרים,1000.00,"100 מ""ל",false,1,44.90,4.49,true,1,
5412956213420,false,שוקולד מריר קאשט אורגני 85% קקאו 100 גר,KIMS,BE,שוקולד מריר קאשט אור,גרמים,100.00,100 גרם,false,1,11.90,11.90,true,1,
5412956213482,false,שוקולד חלב קאשט אורגני שברי קרמל ומלח100,KIMS,BE,שוקולד חלב קאשט אורג,גרמים,100.00,100 גרם,false,1,11.90,11.90,true,1,
5412956221173,false,שוקולד קאשט מריר 70% קקאו 180 גר,KIMS,BE,שוקולד מריר קאשט 70%,גרמים,180.00,100 גרם,false,1,12.90,7.17,true,1,
5413121356829,false,בלג'יאן-שוקולד חלב ללא סוכר 100 גר' 1/20 (7072),BCG,,שוקולד חלב 100 גר,גרמים,100.00,100 גרם,false,1,18.50,18.50,true,1,
5413121359066,false,בלגיאן טראפלס בלגי שברי פו קקאו 200 גרם,,,בלגיאן טראפלס בלגי ש,גרמים,200.00,100 גרם,false,1,18.70,9.35,true,1,
5413121359998,false,"שוקולד מריר שקד ללת""ס בלגיאן 100 גר",BCG,,"שוקולד מריר שקד ללת""",גרמים,100.00,100 גרם,false,1,22.90,22.90,true,1,
5413149655522,false,"אבקת כביסה שושן צחור 1.25 ק""ג אריאל",פרוקטר אנד גמבל,TR,אריאל שושן צחור 1.25,קילוגרמים,0.00,"ק""ג",false,1,23.50,23.50,true,1,
5413149930025,false,אבקת כביסה טייד אלפיין פרש,פרוקטר & גמבל,TR,"אבקת כביסה טייד 5 ק""",קילוגרמים,0.01,"ק""ג",false,1,51.50,5150.00,true,1,
5414145035585,false,"וויסקי בורבון קנטקי גק 700 מ""ל",סודיקו,US,וויסקי בורבון קנטקי,מיליליטרים,700.00,"100 מ""ל",false,1,83.90,11.99,true,1,
5414145035622,false,וויסקי בורבון קנטקי גק 1 ליטר,סודיקו,US,וויסקי בורבון קנטקי,מיליליטרים,1000.00,"100 מ""ל",false,1,124.90,12.49,true,1,
5414145039095,false,פסטיס מרסי ליסאניס 45% אלכוהול 1 ליטר,,,פסטיס מרסי ליסאניס 4,מיליליטרים,1000.00,"100 מ""ל",false,1,96.90,9.69,true,1,
5420066330142,false,ביאנקה-טרופל בטעם שמפניה 175 גר,,,ביאנקה-טרופל בטעם שמ,גרמים,175.00,100 גרם,false,1,15.40,8.80,true,1,
5420066330166,false,ביאנקה טרופל פירות יער 175 גר,,,ביאנקה טרופל פירות י,גרמים,175.00,100 גרם,false,1,15.40,8.80,true,1,
5420066330234,false,ביאנקה טרופל בטעם אגוזים 175 גרם,,,ביאנקה טרופל בטעם אג,גרמים,175.00,100 גרם,false,1,15.40,8.80,true,1,
5600787049008,false,"קמבוצ'ה ותה ירוק עם תמצית אננס אפרסק 400 מ""ל",קפטן קמפוצה,PT,"משקה אורגני ע""ב קמבו",מיליליטרים,400.00,"100 מ""ל",false,1,21.90,5.48,true,1,
5600787049022,false,"משקה אורגני ע""ב קמבוצה ותה ירוק 400 מל",קפטן קמפוצה,PT,"משקה אורגני ע""ב קמבו",מיליליטרים,400.00,"100 מ""ל",false,1,21.90,5.48,true,1,
5600787049046,false,"משקה אורגני ע""ב קמבוצה ותה ירוק 400 מ",קפטן קמפוצה,PT,"משקה אורגני ע""ב קמבו",מיליליטרים,400.00,"100 מ""ל",false,1,21.90,5.48,true,1,
5600787049084,false,"משקה אורגני קמבוצ'ה ותה ירוק עם תמצית קוקוס 400 מ""ל",,PT,קמבוצה ותה ירוק קוקו,מיליליטרים,400.00,"100 מ""ל",false,1,20.90,5.23,true,1,
5600787049213,false,"קמבוצ'ה ותה ירוק עם תמצית ג'ינג'ר ולימון400 מ""ל",קפטן קמפוצה,PT,"משקה אורגני ע""ב קמבו",מיליליטרים,400.00,"100 מ""ל",false,1,21.90,5.48,true,1,
5601008200451,false,עוגיות גודיס טבעות מצופות שוקולד מריר מרבה 150 גרם,מרבה Merba,PT,עוגיות טבעת מצופה שו,גרמים,150.00,100 גרם,false,1,11.30,7.53,true,1,
5601008200468,false,עוגיות גודיס טבעות מצופות שוקולד לבו מרבה 150 גרם,קריניציה ויטמינה אס,PT,עוגיות טבעת מצופה שו,גרמים,150.00,100 גרם,false,1,11.30,7.53,true,1,
5601012837636,false,"יין סילק אנד ספייס אדום 750 מ""ל",,,יין סילק אנד ספייס א,Unknown,0.00,Unknown,false,1,62.90,62.90,true,1,
5601045300022,false,משקה גוארנה אנטרטיקה פחית 355 מל,סומול וקומפל אס.איי,PT,משקה גוארנה אנטרטיק,מיליליטרים,356.00,"100 מ""ל",false,1,6.90,1.94,true,1,
5601083640104,false,יין סנדמאן פורט טוני 750 מל,,,יין סנדמאן פורט טוני,Unknown,0.00,Unknown,false,1,67.90,67.90,true,1,
5601083653104,false,יין סנדמאן פורט פאונדרס רזרב 750 מל,,,סנדמאן פורט פאונדרס,Unknown,0.00,Unknown,false,1,77.90,77.90,true,1,
5601996023780,false,"יין פורטה 6 רוזה 750 מ""ל",וידיגל,PT,יין פורטה 6 רוזה 750,Unknown,0.00,Unknown,false,1,51.90,51.90,true,1,
5601996355485,false,"יין פורטה 6 לבן 750 מ""ל",וידיגל,PT,יין פורטה 6 לבן 750,Unknown,0.00,Unknown,false,1,51.90,51.90,true,1,
5601996547897,false,"יין פורטה 6 אדום 750 מ""ל",וידיגל,PT,יין פורטה 6 אדום 750,Unknown,0.00,Unknown,false,1,51.90,51.90,true,1,
5601996669872,false,"יין פורטה 6 וינו ורדה 750 מ""ל",וידיגל,PT,יין פורטה 6 וינו ורד,Unknown,0.00,Unknown,false,1,51.90,51.90,true,1,
5604912415041,false,סרדינים בשמן חמניה פורטוס 125 גרם,קונסרבס פורטוגל נורטה לי,PT,סרדינים בשמן חמניה פ,גרמים,125.00,100 גרם,false,1,6.90,5.52,true,1,
5604912415058,false,סרדינים פורטוס בשמן חמניות חריף 125 גרם,פורטוס Porthos,PT,סרדינים בשמן חמניה ח,גרמים,125.00,100 גרם,false,1,6.90,5.52,true,1,
5694230223312,false,כבד דג במיץ טבעי 121 גר BRIVAIS VILNIS,איי סי קורה אי .איץ.,IS,כבד דג במיץ טבעי 121,גרמים,121.00,100 גרם,false,1,10.90,9.01,true,1,
5694230223336,false,כבד דג מעושן 121 גר BRIVAIS VILNIS,איי סי קורה אי .איץ.,IS,כבד דג מעושן 121 גר,גרמים,121.00,100 גרם,false,1,10.90,9.01,true,1,
5694230412501,false,שימורי כבד דג פרמיום 121 גר,מפעל ניקולייבסקי,,שימורי כבד דג פרמיום,גרמים,121.00,100 גרם,false,1,13.40,11.07,true,1,
5701215042407,false,גבינת ברי אורנהולט 125ג',,,ברי 125 גרם,גרמים,125.00,100 גרם,false,1,22.90,18.32,true,1,
5701932026964,false,"הוטפופ גרעיני תירס להכנת פופקורן במיקרוגל בטעם טבעי, בתוספת מלח, 600 גרם",ליימן מותגים,US,הוטפופ מלוח 600 גרם,גרמים,600.00,100 גרם,false,1,14.90,2.48,true,1,
5701932026995,false,"הוטפופ גרעיני תירס להכנת פופקורן במיקרוגל בטעם טבעי מופחת שומן, 510 גרם",קריניציה ויטמינה אס,US,פופקורן הופ פופ טבעי,גרמים,510.00,100 גרם,false,1,14.90,2.92,true,1,
5703985072240,false,גבינת דנאבלו 100ג',,,דנאבלו 100 גר,גרמים,100.00,100 גרם,false,1,13.90,13.90,true,1,
5706516110039,false,פופקורן בטעם טבעי מופחת הוטפופ 90 גרם 6 יחידות,מותגים,US,הוטפופ בטעם טבעי מופ,גרמים,540.00,100 גרם,false,1,14.90,2.76,true,1,
5708776001232,false,"סירופ מייפל אורגני 250 מ""ל Manna",,DK,סירופ מייפל אורגני 2,מיליליטרים,250.00,"100 מ""ל",false,1,30.90,12.36,true,1,
5711953106583,false,גבינת שמנת בטעם טבעי 200 ג' ארלה,ארלה פודס אמבה,DK,גבינת שמנת טבעי ארלה,גרמים,200.00,100 גרם,false,1,16.70,8.35,true,1,
5711953148347,false,"גבינת שמנת טבעי ארלה, 300 גרם",ארלה,DK,גבינת שמנת טבעי ארלה,גרמים,300.00,100 גרם,false,1,22.90,7.63,true,1,
5740900403215,false,ממרח מחמאת לורפק עם מלח 250 ג',ארלה פודס אמבה,DK,ממרח לורפק עם מלח 25,גרמים,250.00,100 גרם,false,1,16.90,6.76,true,1,
5740900403222,false,ממרח לורפק חמאה עם מלח מופחת שומן 250 ג,ארלה פודס אמבה,DK,ממרח לורפק עם מלח מו,גרמים,250.00,100 גרם,false,1,16.90,6.76,true,1,
5740900403239,false,ממרח לורפק ללא תוספת מלח 250 גר,ארלה פודס אמבה,DK,ממרח לורפק ללא מלח 2,גרמים,250.00,100 גרם,false,1,16.90,6.76,true,1,
5740900403246,false,ממרח לורפק ללא תוספת מלח 500 גר,ארלה פודס אמבה,DK,ממרח לורפק ללא מלח 5,גרמים,500.00,100 גרם,false,1,27.90,5.58,true,1,
5740900403253,false,ממרח מחמאת לורפק עם מלח 500 ג',ארלה פודס אמבה,DK,ממרח לורפק עם מלח 50,גרמים,500.00,100 גרם,false,1,30.30,6.06,true,1,
5774540132006,false,אנטון ברג שוקולד קרם קרמל וקונטרו 90 ג,,,אנטון ברג שוקולד קרם,גרמים,90.00,100 גרם,false,1,20.90,23.22,true,1,
5774540132105,false,אנטון ברג שוקולד קרם קרמל וגים בים 90 ג,,,אנטון ברג שוקולד קרם,גרמים,90.00,100 גרם,false,1,20.90,23.22,true,1,
5774540132204,false,אנטון ברג-שוקולד עם קרם קרמל וגליקר 90 ג,,,אנטון ברג-שוקולד עם,גרמים,90.00,100 גרם,false,1,20.90,23.22,true,1,
5774540133706,false,אנטון ברג-מיני טאבלטס קרם קרמל וליקר 100,,,אנטון ברג-מיני טאבלט,גרמים,100.00,100 גרם,false,1,25.90,25.90,true,1,
5774540694306,false,אנטון ברג בקבוקים שחור אורך 250 גרם,Anthon Berg,DK,אנטון ברג בקבוקים שח,גרמים,250.00,100 גרם,false,1,73.50,29.40,true,1,
5774540822938,false,אנטון ברג-בקבוקוני רמי מרטן מריר 187 גר,,DK,אנטון ברג-בקבוקוני ר,גרמים,187.00,100 גרם,false,1,50.90,27.22,true,1,
5774540984056,false,אנטון ברג-מרציפן תות שדה ושמפניה 220 גר,Anthon Berg,,אנטון ברג-מרציפן תות,גרמים,220.00,100 גרם,false,1,43.90,19.95,true,1,
5774540984155,false,אנטון ברג-מרציפן אוכמניות בוודקה 220 גר,Anthon Berg,,אנטון ברג-מרציפן אוכ,גרמים,220.00,100 גרם,false,1,43.90,19.95,true,1,
5774540984452,false,אנטון ברג-מרציפן דובדבן ברום 220 גר,Anthon Berg,,אנטון ברג-מרציפן דוב,גרמים,220.00,100 גרם,false,1,43.90,19.95,true,1,
5774540990057,false,אנטון ברג-מרציפן אוכמניות בוודקה 220 גר,Anthon Berg,,אנטון ברג-מרציפן אוכ,גרמים,220.00,100 גרם,false,1,43.90,19.95,true,1,
5900017062419,false,"ניוואה - תחליב רחצה ורדים ושמן שקדים 750 מ""ל",ביירסדורף,DE,תחליב רחצה ניוואה ור,מיליליטרים,750.00,"100 מ""ל",false,1,17.90,2.39,true,1,
5900020012814,false,דגנים תפוחים בטעם שוקולד נסקוויק נסטלה 500 גרם,מיוצר עי קונדיטוריית,PL,דגנים נסקוויק 500 גר,גרמים,375.00,100 גרם,false,1,24.90,6.64,true,1,
5900020018908,false,פיטנס חטיפי אנרגיה דגנים בטעם קרם עוגיות נסטלה 6*23.5 גרם,מיוצר עי קונדיטוריית,PL,פיטנס חטיף דגנים קרם,גרמים,141.00,100 גרם,false,1,15.60,11.06,true,1,
5900020020741,false,חטיפי דגנים נסקוויק בר שוקו שוקו 6*25 גר,נסטלה פולין ברים,PL,חטיפי דגנים נסקוויק,גרמים,150.00,100 גרם,false,1,14.90,9.93,true,1,
5900020024770,false,פיטנס - דליס חטיף דגנים שוקולד אגוז 22.50 גרם * 6,נסטלה פולין ברים,PL,פיטנס בר דליס שוקולד,גרמים,135.00,100 גרם,false,1,15.60,11.56,true,1,
5900020025647,false,חטיף דגנים פיטנס שוקולד חלב 135 גרם מארז 6 יחידות,מיוצר עי קונדיטוריית,PL,פיטנס בר דליס שוקולד,גרמים,135.00,100 גרם,false,1,15.60,11.56,true,1,
5900020026552,false,דגני בוקר האני נאט צ'יריוס בטעם דבש ושקדים,נסטלה צרפת איטנקורט,FR,האני נאט ציריוס מלחמ,גרמים,625.00,100 גרם,false,1,24.90,3.98,true,1,
5900020029669,false,פיטנס - חטיף דגנים פירות יער 23.50 גרם * 6,נסטלה פולין דגני בוק,PL,חטיפי דגנים פיטנס פי,גרמים,141.00,100 גרם,false,1,15.60,11.06,true,1,
5900020031877,false,נסטלה האני ציריוס חטיף דגני בוקר שישייה,נסטלה פולין דגני בוק,PL,מארז חטיף דגנים צריו,גרמים,132.00,100 גרם,false,1,14.90,11.29,true,1,
5900020034021,false,חטיף דגנים פיטנס שוקולד בננה 141 גרם,מיוצר עי קונדיטוריית,PL,פיטנס בר דליס שוקולד,גרמים,188.00,100 גרם,false,1,15.60,8.30,true,1,
5900020036407,false,ליון דגני בוקר שוקולד וקרמל נסטלה 480 גרם,נסטלה פולין דגני בוק,PL,דגני בוקר שוקולד וקר,גרמים,480.00,100 גרם,false,1,24.90,5.19,true,1,
5900020037916,false,דגני בוקר שיבולת שועל צ'ריוס 375ג',ג'נרל מילס סאן אדריא,PL,צריוס שיבולת שועל 37,גרמים,375.00,100 גרם,false,1,19.40,5.17,true,1,
5900020039590,false,פיטנס חטיף דגנים קלאסי פרווה 8 6*23.5 ג,נסטלה פולין דגני בוק,PL,פיטנס חטיף דגנים קלא,גרמים,141.00,100 גרם,false,1,15.60,11.06,true,1,
5900020039620,false,פיטנס חטיף דגנים שקדים ודבש פרווה 8 6*23 ג,נסטלה פולין ברים,PL,פיטנס חטיף דגנים שקד,גרמים,140.00,100 גרם,false,1,15.60,11.14,true,1,
5900020041142,false,קורנפלקס פיטנס 500 ג' אסם,נסטלה צרפת איטנקורט,PL,פיטנס קורנפלקס 500 ג,גרמים,500.00,100 גרם,false,1,16.90,3.38,true,1,
5900073020071,false,חטיפי תפוא בט.בייקון מעושן פרזיסנקי135גר,,,חטיפי תפוא בט.בייקון,גרמים,135.00,100 גרם,false,1,15.40,11.41,true,1,
5900073020088,false,חטיפי תפוא בטעם גבינה ובצל פרזיסנקי 135ג,,,חטיפי תפוא בטעם גבינ,גרמים,135.00,100 גרם,false,1,15.40,11.41,true,1,
5900073020231,false,חטיפי תפוא כלבלבים פרזיסנקי 95 גר,,,חטיפי תפוא כלבלבים פ,גרמים,95.00,100 גרם,false,1,11.90,12.53,true,1,
5900073020248,false,חטיפי תפוא כלבלבים קטשופ פרזיסנקי 90 גר,,,חטיפי תפוא כלבלבים ק,גרמים,90.00,100 גרם,false,1,11.90,13.22,true,1,
5900073180935,false,חטיפי תפוא בטעם חמאה פרזיסנקי 135 גר,,,חטיפי תפוא בטעם חמאה,גרמים,135.00,100 גרם,false,1,15.40,11.41,true,1,
5900073180959,false,חטיפי תפוא בטעם שמנת ובצל פרזיסנקי 135גר,,,חטיפי תפוא בטעם שמנת,גרמים,135.00,100 גרם,false,1,15.40,11.41,true,1,
5900617035905,false,גו און חטיף חלבון עם קרמל ובוטנים ללא סוכר 50 ג',סיטי תוספי מזון,PL,חטיף פרוטאין 33 בטעם,גרמים,50.00,100 גרם,false,1,9.90,19.80,true,1,
5900627063233,false,טבליות למדיח הכל ב-1 פיניש מקס 50 יחידות,רקיט בנקיזר,PL,פיניש טבליות הכל ב-1,Unknown,0.00,Unknown,false,1,39.90,39.90,true,1,
5900649056701,false,מלבין לקפה 400 גרם LOYD,,,LOYD מלבין לקפה 400,גרמים,400.00,100 גרם,false,1,16.60,4.15,true,1,
5900820014230,false,גבינה מתכת נורווסקי סלמון 150ג' -מלקפול,מלקפול,RU,גבינה נורווסקי סלמון,גרמים,150.00,100 גרם,false,1,15.40,10.27,true,1,
5900951259227,false,"ויסקס עוף 7 ק""ג",מארס,HU,ויסקס עוף 7 קג,Unknown,0.00,Unknown,false,1,109.90,109.90,true,1,
5901008990100,false,פרוסות מלפפון ופלפל 850 גר POLAN,,PL,פרוסות מלפפון ופלפל,גרמים,850.00,100 גרם,false,1,15.40,1.81,true,1,
5901008990155,false,עגבניות ירוקות-פלפל 840 גר Polan,,PL,עגבניות ירוקות פלפל,גרמים,840.00,100 גרם,false,1,13.90,1.65,true,1,
5901008990292,false,סלט כרוב וגזר כבוש 900 גרם Polan,,PL,סלט כרוב וגזר כבוש 9,גרמים,900.00,100 גרם,false,1,16.90,1.88,true,1,
5901008990322,false,שימורי פטיסונים מוחמצים 860 גר POLAN,,,שימורי פטיסונים מוחמ,גרמים,860.00,100 גרם,false,1,22.90,2.66,true,1,
5901008990339,false,פרוסות מלפפונים מוחמצים 660 גר POLAN,,,פרוסות מלפפונים מוחמ,גרמים,660.00,100 גרם,false,1,16.30,2.47,true,1,
5901008990407,false,שימורי מלפפונים מוחמצים 860 גר POLAN,,,שימורי מלפפונים מוחמ,גרמים,860.00,100 גרם,false,1,19.90,2.31,true,1,
5901008990421,false,שימורי עגבניות שרי כבושות 880 גר POLAN,,PL,שימורי עגבניות שרי כ,גרמים,880.00,100 גרם,false,1,21.90,2.49,true,1,
5901008990445,false,ריבועי פלפל אדום 680 גר POLAN,,,ריבועי פלפל אדום 680,גרמים,680.00,100 גרם,false,1,17.90,2.63,true,1,
5901008990452,false,כרוב כבוש 900 גר POLAN,,,כרוב כבוש 900 גר POL,גרמים,900.00,100 גרם,false,1,17.90,1.99,true,1,
5901008990599,false,מלפפונים קורנישונים מוחמצים 860 גר POLAN,,,מלפפונים קורנישונים,גרמים,860.00,100 גרם,false,1,22.90,2.66,true,1,
5901046990315,false,חזרת אדומה 180 גר POLAN,,,חזרת אדומה 180 גר PO,גרמים,180.00,100 גרם,false,1,11.40,6.33,true,1,
5901315053970,false,תבלין תערובת תיבול ל,,HR,תבלין תערובת תיבול ל,Unknown,1.00,Unknown,false,1,3.50,3.50,true,1,
5901414200411,false,בלזן היט מיני ביסקוויט סנדוויץ' עם מילוי קרם בטעם שוקולד 130 גרם,ליימן שליסל,PL,ביסקוויט מיניס ממולא,גרמים,130.00,100 גרם,false,1,6.80,5.23,true,1,
5902162120716,false,פיצה קפואה בתוספת פטריות 415 גרם bistro,,PL,פיצה קפואה בתוספת פט,גרמים,415.00,100 גרם,false,1,24.90,6.00,true,1,
5902162129313,false,פיצה קפואה בתוספת 4 גבינות 390 גרם bistr,,PL,פיצה קפואה בתוספת 4,גרמים,390.00,100 גרם,false,1,24.90,6.38,true,1,
5902162138414,false,פיצה קפואה מוצרלה 330 גרם passionata,,PL,פיצה קפואה מוצרלה 33,גרמים,330.00,100 גרם,false,1,24.90,7.55,true,1,
5902198160403,false,XL משקה אנרגיה מוגז ללא סוכר עד 10 קלוריות לפחית 250 מל,"טמפו משקאות בע""\מ",IL,XL TEN משקה אנרגיה,מיליליטרים,250.00,"100 מ""ל",false,1,4.90,1.96,true,1,
5902256000559,false,שימורי מלפפונים כבושים במלח ואלדיבן 900ג,,,שימורי מלפפונים כבוש,גרמים,900.00,100 גרם,false,1,15.90,1.77,true,1,
5902377000612,false,ממרח על בסיס גבינה מותכת אמנטל 100 גר,KOROVKINO,PL,ממרח על בסיס גבינה מ,גרמים,100.00,100 גרם,false,1,5.90,5.90,true,1,
5902377000629,false,ממרח על בסיס גבינה מותכת פטריות 100 גר,KOROVKINO,,ממרח על בסיס גבינה מ,גרמים,100.00,100 גרם,false,1,5.90,5.90,true,1,
5902377000643,false,ממרח על בסיס גבינה מותכת אמנטל 100 גר,KOROVKINO,PL,ממרח על בסיס גבינה מ,גרמים,100.00,100 גרם,false,1,5.90,5.90,true,1,
5902377000650,false,ממרח על בסיס גבינה מותכת סלמון 100 גר,KOROVKINO,,ממרח על בסיס גבינה מ,גרמים,100.00,100 גרם,false,1,5.90,5.90,true,1,
5902510274146,false,ממרח סלמון עם שום 100 גר,,PL,ממרח סלמון עם שום 10,גרמים,100.00,100 גרם,false,1,4.90,4.90,true,1,
5902510274153,false,ממרח סלמון קלאסי 100 גר,,PL,ממרח סלמון קלאסי 100,גרמים,100.00,100 גרם,false,1,4.90,4.90,true,1,
5902510274160,false,ממרח סלמון עם שמיר 100 גר,,PL,ממרח סלמון עם שמיר 1,גרמים,100.00,100 גרם,false,1,4.90,4.90,true,1,
5902510275310,false,ממרח כבד אווז ופטריות 130 גר GURMANOFF,,PL,ממרח כבד אווז ופטריו,גרמים,130.00,100 גרם,false,1,5.90,4.54,true,1,
5902510275327,false,ממרח בטעם כבד אווז ופטריות 300 גרם PASHT,,,ממרח בטעם כבד אווז ו,גרמים,300.00,100 גרם,false,1,10.90,3.63,true,1,
5902510275334,false,ממרח בטעם כבד אווז 130 גר GURMANOFF,,PL,ממרח בטעם כבד אווז 1,גרמים,130.00,100 גרם,false,1,5.90,4.54,true,1,
5902510275358,false,ממרח בטעם כבד ברווז 130 גר GURMANOFF,,PL,ממרח בטעם כבד ברווז,גרמים,130.00,100 גרם,false,1,5.90,4.54,true,1,
5902510275365,false,"ממרח בטעם כבד ברווז ""צרפתי"" 300 גרם",,PL,ממרח בטעם כבד ברווז,גרמים,300.00,100 גרם,false,1,10.90,3.63,true,1,
5902510275372,false,ממרח בטעם כבד ברווז צרפ 130 גר GURMANOFF,,PL,ממרח בטעם כבד ברווז,גרמים,130.00,100 גרם,false,1,5.90,4.54,true,1,
5902510275396,false,ממרח בטעם כבד עוף עדין 130 גר GURMANOFF,,PL,ממרח בטעם כבד עוף עד,גרמים,130.00,100 גרם,false,1,5.90,4.54,true,1,
5902510275402,false,"ממרח בטעם כבד אווז ""דליקטס"" 300 גרם",,PL,"ממרח בטעם כבד אווז """,גרמים,300.00,100 גרם,false,1,10.90,3.63,true,1,
5902768879025,false,כבד דג שיבוט במיץ טבעי 230 גר ROYAL FISH,,LT,כבד דג שיבוט במיץ טב,גרמים,230.00,100 גרם,false,1,17.70,7.70,true,1,
5902781000048,false,חליטת תה מלווה פרי יער 25 שק,,,חליטת תה מלווה פרי י,Unknown,0.00,Unknown,false,1,12.90,12.90,true,1,
5902781000055,false,חליטת תה מלווה אוכמניות שחורות 25 שק,,,חליטת תה מלווה אוכמנ,Unknown,0.00,Unknown,false,1,12.90,12.90,true,1,
5902781000093,false,חליטת חליטת תה בבונג מלווה 25 שקיקים 50 גר,,PL,חליטת תה בבונג מלווה,Unknown,0.00,Unknown,false,1,12.90,12.90,true,1,
5902781000130,false,חליטת תה פטל מלווה 25 שק,,PL,חליטת תה פטל מלווה 2,גרמים,50.00,100 גרם,false,1,12.90,25.80,true,1,
5902781000192,false,תה מרווה מלווה 25 יח,,PL,תה מרווה מלווה 25 יח,גרמים,50.00,100 גרם,false,1,12.90,25.80,true,1,
5902781001205,false,חליטת תה עלי סרפד מלווה 25 שק,,PL,חליטת תה עלי סרפד מל,גרמים,50.00,100 גרם,false,1,12.90,25.80,true,1,
5902781001304,false,חליטת תה מליסה מלווה 25 יח,,PL,חליטת תה מליסה מלווה,גרמים,50.00,100 גרם,false,1,12.90,25.80,true,1,
5902781002028,false,חליטת תה שומר מלווה 25 שק,,PL,חליטת תה שומר מלווה,גרמים,50.00,100 גרם,false,1,12.90,25.80,true,1,
5902781002707,false,חליטת תה לואיזה לימונית מלווה 25 שק,,PL,חליטת תה לואיזה לימו,גרמים,50.00,100 גרם,false,1,12.90,25.80,true,1,
5904358560146,false,ברון שוקולד חלב קוקוס ושקדים 220 גרם,,PL,ברון שוקולד חלב קוקו,גרמים,220.00,100 גרם,false,1,13.40,6.09,true,1,
5904358560160,false,ברון לשונות חתול מריר 100 גרם,,PL,ברון לשונות חתול מרי,גרמים,100.00,100 גרם,false,1,9.90,9.90,true,1,
5904603190883,false,עגבניות ירוקות כבושו,דבורק,,עגבניות ירוקות כבושו,גרמים,880.00,100 גרם,false,1,14.40,1.64,true,1,
5904603191323,false,מלפפונים כבושים 850 גר DWOREK,דבורק,,מלפפונים כבושים 850,גרמים,850.00,100 גרם,false,1,19.90,2.34,true,1,
5904941750312,false,"משקה אנרגיה BLU מוחיטו בודד 250 מ""ל",אקו - ביט,PL,משקה אנרגיה BLU מו,מיליליטרים,250.00,"100 מ""ל",false,1,3.90,1.56,true,1,
5904941751241,false,"משקה אנרגיה BLU דיי סיקס ללא סוכר 250 מ""ל",אקו - ביט,PL,בלו דיי סיקס ללא סוכ,מיליליטרים,250.00,"100 מ""ל",false,1,3.90,1.56,true,1,
5904941751302,false,"משקה אנרגיה בלו 250 מ""ל- בודד",אקו - ביט,PL,משקה אנרגיה BLU בוד,מיליליטרים,250.00,"100 מ""ל",false,1,3.90,1.56,true,1,
5904941751524,false,"משקה אנרגיה BLU DAY אבטיח בודד 250 מ""ל",אקו - ביט,PL,משקה אנרגיה BLU DAY,מיליליטרים,250.00,"100 מ""ל",false,1,3.90,1.56,true,1,
5904941751920,false,"משקה אנרגיה BLU day רגיל 250 מ""ל",אקו - ביט,PL,משקה אנרגיה BLU DAY,מיליליטרים,250.00,"100 מ""ל",false,1,3.90,1.56,true,1,
5906485301012,false,"משקה אנרגיה XL פחית 250 מ""ל","טמפו משקאות בע""מ",IL,משקה אנרגיה XL פחית,מיליליטרים,250.00,"100 מ""ל",false,1,4.90,1.96,true,1,
5907713370299,false,סוכריות טופי קוקוס אורגני 150 ג,קוקירניזה ספולדזילניה אינוואלידו ידנוסק,PL,סוכריות טופי קוקוס א,גרמים,150.00,100 גרם,false,1,21.90,14.60,true,1,
5907713371982,false,סוכריות טופי קוקוס תות שדה אורגני 150 ג,,PL,סוכריות טופי קוקוס ת,גרמים,150.00,100 גרם,false,1,21.90,14.60,true,1,
5941000024700,false,"חטיפי תפ""א יוגורט ועשבי תיבול אפוי 125ג",,RO,"חטיפי תפ""א יוגורט ו",גרמים,125.00,100 גרם,false,1,19.90,15.92,true,1,
5941000025615,false,"חטיפי תפ""א בטעם גבינה של לייס 140 גר",,RO,"חטיפי תפ""א בטעם גבינ",גרמים,140.00,100 גרם,false,1,19.90,14.21,true,1,
5941000025622,false,"חטיפי תפ""א בטעם פפריקה של לייס 140 גר",,RO,"חטיפי תפ""א בטעם פפרי",גרמים,140.00,100 גרם,false,1,19.90,14.21,true,1,
5941021000899,false,טבלת שוקולד מריר אגוז היידי גראנדור 100 ג',היידי שוקולד בירונטי,,היידי מריר אגוז 100ג,גרמים,100.00,100 גרם,false,1,9.40,9.40,true,1,
5941021001247,false,טבלת שוקולד בטעם קפה היידי גראנדור 80 ג',היידי שוקולד בירונטי,,טבלת היידי גראנדור,Unknown,0.00,Unknown,false,1,9.90,9.90,true,1,
5941021001254,false,טבלת שוקולד בטעם תפוז היידי גראנדור 80 ג',,,טבלת היידי גראנדור ת,גרמים,80.00,100 גרם,false,1,9.90,12.38,true,1,
5941021001674,false,טבלת שוקולד היידי גראנדור 80% 80 ג',היידי שוקולד בירונטי,,היידי 85% 80ג,Unknown,0.00,Unknown,false,1,10.80,10.80,true,1,
5941021002190,false,טבלת שוקולד לבן אגוז היידי גראנדור 100 ג',היידי שוקולד בירונטי,,טבלת היידי גראנדור ל,גרמים,100.00,100 גרם,false,1,9.40,9.40,true,1,
5941021002282,false,היידי גורמה דובדבן 100ג,,RO,טבלת שוקולד היידי גו,גרמים,100.00,100 גרם,false,1,11.90,11.90,true,1,
5941021005139,false,טבלת שוקולד חלב שקד היידי גראנדור 100 ג',,,טבלת היידי גראנדור ח,גרמים,100.00,100 גרם,false,1,9.40,9.40,true,1,
5941021007577,false,טבלת שוקולד פיסטוק היידי גראנדור 80 ג',היידי שוקולד בירונטי,,טבלת היידי גראנדור פ,Unknown,0.00,Unknown,false,1,9.90,9.90,true,1,
5941021008208,false,טבלת שוקולד מלח שחור היידי גראנדור 80 ג',היידי שוקולד בירונטי,RO,טבלת היידי גראנדור מ,גרמים,80.00,100 גרם,false,1,9.90,12.38,true,1,
5941021008673,false,טבלת שוקולד לבן שקד פיסטוק היידי גראנדור 100 ג',היידי שוקולד בירונטי,,טבלת היידי גראנדור ל,גרמים,100.00,100 גרם,false,1,9.40,9.40,true,1,
5941021024215,false,טבלת שוקולד היידי מילקברי אוכמניות חלב80,היידי שוקולד בירונטי,RO,טבלת שוקולד היידי מי,גרמים,80.00,100 גרם,false,1,9.90,12.38,true,1,
5941021024222,false,טבלת שוקולד היידי מילקברי חמוציות חלב80ג,היידי שוקולד בירונטי,RO,טבלת שוקולד היידי מי,גרמים,80.00,100 גרם,false,1,9.90,12.38,true,1,
5941850163017,false,רול ממולא קרם קקאו אקאסה 350 גר,,RO,רול ממולא קרם קקאו א,גרמים,350.00,100 גרם,false,1,15.90,4.54,true,1,
5941974201510,false,"בירה דמבורגר גולד 500 מ""ל",,RO,בירה דמבורגר גולד 50,מיליליטרים,500.00,"100 מ""ל",false,1,5.90,1.18,true,1,
5942219000059,false,מים מינרלים בורסק 1.5 ליטר,,,מים מינרלים בורסק,ליטרים,0.00,ליטר,false,1,9.90,9.90,true,1,
5998710131877,false,בונבונטי חטיף דובדבן בשוקולד 36 גרם,,HU,בונבונטי חטיף דובדבן,גרמים,36.00,100 גרם,false,1,3.90,10.83,true,1,
5998711388928,false,טוק קרקרים עם גבינה 100 גרם,,HU,טוק קרקרים עם גבינה,גרמים,100.00,100 גרם,false,1,7.30,7.30,true,1,
5999076223619,false,חטיף חלבון זירו בר שוקולד קרמל 50 גרם,,,חטיף חלבון זירו בר ש,גרמים,50.00,100 גרם,false,1,14.90,29.80,true,1,
6001030003126,false,"וולינטון - רוטב ווסטרשייר 250מ""ל",היינץ פודס,,רוטב ולינגטונס ווסטר,גרמים,250.00,100 גרם,false,1,18.80,7.52,true,1,
6001495062591,false,"ליקר אמרולה 750 מ""ל",,,ליקר אמרולה,מיליליטרים,750.00,"100 מ""ל",false,1,88.90,11.85,true,1,
6003105003185,false,"ציר בקר מרוכז 200 מ""ל אינה פארמנס",INA PAARMANS,ZA,"ציר בקר מרוכז 200 מ""",מיליליטרים,200.00,"100 מ""ל",false,1,36.50,18.25,true,1,
6003770000663,false,רוטב נאנדוס פרי פרי חריף 250 גרם,General,ZA,רוטב נאנדוס פרי פרי,גרמים,250.00,100 גרם,false,1,23.90,9.56,true,1,
6003770002414,false,רוטב נאנדוס פרי פרי לימון 250 גרם,NANDOS,ZA,רוטב נאנדוס פרי פרי,גרמים,250.00,100 גרם,false,1,23.90,9.56,true,1,
6006507007454,false,"CAPE HERBS לימון עשבי תיבול 100ג""ר(פח)",cape herb and spices,ZA,CAPE HERBS לימון עש,גרמים,100.00,100 גרם,false,1,23.90,23.90,true,1,
6008165271192,false,סיגריות פאל מל ארוך אדום בודד,אמריקן גרדן,TR,פאל מאל אדום ארוך הא,Unknown,0.00,Unknown,false,1,30.00,30.00,true,1,
6009645550745,false,FYNBOS רוטב פלפל הבנרו חריף 130גר,,ZA,FYNBOS רוטב פלפל הב,גרמים,130.00,100 גרם,false,1,18.90,14.54,true,1,
6009645551407,false,FYNBOS רוטב פלפל צ'ילי ולימון חריף 130גר,,ZA,FYNBOS רוטב פלפל ציל,גרמים,130.00,100 גרם,false,1,18.90,14.54,true,1,
6009645551902,false,FYNBOS רוטב פלפל ציפוטלה חריף 130 גר,,ZA,FYNBOS רוטב פלפל ציפ,גרמים,130.00,100 גרם,false,1,18.90,14.54,true,1,
6009813410406,false,"SPUR רוטב ברביקיו 500 מ""ל",,ZA,SPUR רוטב ברביקיו 50,מיליליטרים,500.00,"100 מ""ל",false,1,19.90,3.98,true,1,
6009900532684,false,"יין קייפ גואל שרדונה ריזרב 750 מ""ל",קייפ ג'ואל,ZA,יין קייפ גואל שרדונה,Unknown,0.00,Unknown,false,1,48.90,48.90,true,1,
6009900532745,false,"יין קייפ גואל מרלו ריזרב 750 מ""ל",קייפ ג'ואל,ZA,יין קייפ גואל מרלו ר,Unknown,0.00,Unknown,false,1,48.90,48.90,true,1,
6009900532752,false,"יין קייפ גואל שיראז ריזרב 750 מ""ל",קייפ ג'ואל,ZA,יין קייפ גואל שיראז,Unknown,0.00,Unknown,false,1,48.90,48.90,true,1,
6009900532769,false,"יין קייפ גואל רוזה ריזרב 750 מ""ל",קייפ ג'ואל,ZA,יין קייפ גואל רוזה ר,Unknown,0.00,Unknown,false,1,48.90,48.90,true,1,
6009900532776,false,"יין קייפ גואל שנין בלאן ריזרב 750 מ""ל",קייפ ג'ואל,ZA,יין קייפ גואל שנין ב,Unknown,0.00,Unknown,false,1,48.90,48.90,true,1,
6009900532783,false,"יין גואל קברנה סוביניון ריזרב 750 מ""ל",קייפ ג'ואל,ZA,יין קייפ גואל קברנה,Unknown,0.00,Unknown,false,1,48.90,48.90,true,1,
6009900532790,false,יין קייפ גואל פינוטאז ריזרב 750 מ,קייפ ג'ואל,ZA,יין קייפ גואל פינוטא,Unknown,0.00,Unknown,false,1,48.90,48.90,true,1,
6111094000198,false,קוסקוס דארי בינוני 350 גרם,דארי קוספאט אס. איי. או,MA,קוסקוס דארי דק 350 ג,גרמים,360.00,100 גרם,false,1,7.90,2.19,true,1,
6111094002123,false,דארי אטריות דקות תוספת 10% 550 גרם,דארי,MA,דארי אטריות דקות תוס,גרמים,550.00,100 גרם,false,1,9.50,1.73,true,1,
6297000361154,false,סילאן תמרים אורגני 470 גרם - טעם 88,,,סילאן תמרים אורגני 4,גרמים,470.00,100 גרם,false,1,13.90,2.96,true,1,
6411401072666,false,פייזר שוקולדים עם ליקר 150 גרם,,FI,פייזר שוקולדים עם לי,גרמים,150.00,100 גרם,false,1,27.50,18.33,true,1,
6411401072703,false,פייזר גיישה שוקו חלב קרם אגוזים 150 גרם,,FI,פייזר גיישה שוקולד ח,גרמים,150.00,100 גרם,false,1,27.50,18.33,true,1,
6430016342049,false,חמאה טאוסנד לייק 475 גר,,,חמאה טאוסנד לייק 475,גרמים,475.00,100 גרם,false,1,34.90,7.35,true,1,
6910191800287,false,אצות נורי בלו 10 דף (ננגטונג),ננטונג היידה אקווטוק,CN,אצות נורי בלו 10 דפי,Unknown,0.00,Unknown,false,1,12.50,12.50,true,1,
6912977000140,false,אטריות שעועית 250 גר' ( Yantai)ללא גלוטן(כ),יאנטאי ינסידה לנוגקא,CN,אטריות שעועית דקות 2,גרמים,250.00,100 גרם,false,1,8.80,3.52,true,1,
6921052701001,false,אצות וואקמה 40 גרם (רונגצ'אנג)(כ),ננטונג הידה אקוטיק פ,CN,אצות ווקאמה 40 גרם,גרמים,40.00,100 גרם,false,1,10.90,27.25,true,1,
6922276100083,false,מחית וואסבי -חזרת 43 גרם (דליאן),דליאן ג'ינדה קונדימנ,CN,מחית וואסבי - חזרת 4,גרמים,43.00,100 גרם,false,1,10.50,24.42,true,1,
6933960500089,false,קנפיו רצועות דלעת כבושות 100 גרם (קווינגזאו),מזרח ומערב,CN,קנפיו 100 גרם-רצועות,גרמים,100.00,100 גרם,false,1,13.60,13.60,true,1,
6934731210138,false,אטריות טריות עבות מזרח מערב 200 גרם,יאנטאי ינסידה לנוגקא,CN,אטריות טריות עבות 20,גרמים,200.00,100 גרם,false,1,7.30,3.65,true,1,
6936745600462,false,רוטב מירין לתיבול מז,דאנינג יוה פודס קו,CN,מירין דאניינג,מיליליטרים,500.00,"100 מ""ל",false,1,19.90,3.98,true,1,
6936745600783,false,"חומץ אורז מזרח מערב 500 מ""ל",דאנינג יוה פודס קו,CN,חומץ אורז מיצוקאן 50,מיליליטרים,500.00,"100 מ""ל",false,1,15.90,3.18,true,1,
6941156100166,false,מחית סויה אדומה - אקא מיסו 500 גר '(דליאן),מזרח ומערב,CN,מחית סויה אדומה אקא,גרמים,500.00,100 גרם,false,1,20.80,4.16,true,1,
6957763801518,false,סאיירה במיץ טבעי 425 גרם,,UA,סאיירה במיץ טבעי 425,גרמים,425.00,100 גרם,false,1,13.90,3.27,true,1,
6957763801532,false,סאיירה בתוספת שמן צמחי 425 גרם,,UA,סאיירה בתוספת שמן צמ,גרמים,425.00,100 גרם,false,1,13.90,3.27,true,1,
6968262018024,false,פרפרים זוהרים,,,פרפרים זוהרים,Unknown,0.00,Unknown,false,1,13.90,13.90,true,1,
6974640730167,false,פטריות שיטאקה 100 גר (כ) (Zhejiang),CO FOOD FOREST .ZHEJIANG,CN,פטריות שיטאקי 100 גר,גרמים,100.00,100 גרם,false,1,14.90,14.90,true,1,
7046110070192,false,גורדן שלישייה מברשות שיניים קלין סמייל,דנטלון,MY,מברשת שיניים גורדן ק,Unknown,0.00,Unknown,false,1,19.90,19.90,true,1,
7271730901261,false,ווקי מאק ארוחת אטריות עם גבינה 156 גרם,ניו וורלד פסטה קומפנ,US,פסטה עם גבינה הכנה מ,גרמים,156.00,100 גרם,false,1,10.90,6.99,true,1,
7290000000157,false,שום טרי עלים חתוך,ביכורי השקמה,,גינגיר,Unknown,0.00,"ק""ג",true,0,24.90,24.90,true,1,
7290000000374,false,"פטריות שמפיניון בד""ץ (רביבים)",חוות השמפיניון,IL,פטריות,Unknown,0.00,Unknown,false,1,9.90,9.90,true,1,
7290000000603,false,בצל ירוק,,,בצל ירוק,Unknown,0.00,Unknown,false,1,3.90,3.90,true,1,
7290000000608,false,פחית שתיה קרה,קוקה קולה,,חסה ערבית,Unknown,0.00,Unknown,false,1,4.90,4.90,true,1,
7290000000617,false,שורש -פטרוזילה,,,שורש -פטרוזילה,Unknown,0.00,Unknown,false,1,3.90,3.90,true,1,
7290000000632,false,שום,,,שום ברשת,Unknown,0.00,Unknown,false,1,9.90,9.90,true,1,
7290000000636,false,תירס ארוז,,,תירס ארוז,Unknown,0.00,"ק""ג",true,0,12.90,12.90,true,1,
7290000000664,false,תות שדה,,,תות שדה,Unknown,0.00,Unknown,false,0,24.90,24.90,true,1,
7290000000669,false,חסה עגולה,,,חסה עגולה,Unknown,0.00,Unknown,false,1,5.90,5.90,true,1,
7290000000670,false,תמר לח,,,תמר לח,Unknown,0.00,Unknown,false,1,32.90,32.90,true,1,
7290000000680,false,כרוב סיני,,,כרוב סיני,Unknown,0.00,Unknown,false,1,6.90,6.90,true,1,
7290000000688,false,חומוס אחלה 650גר+מלפ,,,נענע,Unknown,0.00,Unknown,false,1,4.90,4.90,true,1,
7290000000695,false,אספרגוס רמי לוי,משתנה,IL,אספרגוס,Unknown,0.00,Unknown,false,1,29.90,29.90,true,1,
7290000000724,false,פסיפלורה,,,פסיפלורה,Unknown,0.00,Unknown,false,1,18.90,18.90,true,1,
7290000000748,false,קוקוס,,,קוקוס,Unknown,0.00,Unknown,false,1,6.90,6.90,true,1,
7290000000751,false,שום ברשת,,,שום ברשת,Unknown,0.00,Unknown,false,1,9.90,9.90,true,1,
7290000000801,false,פטרוזיליה\שמיר\כוסברה,,,פטרוזיליה\שמיר\כוסבר,Unknown,0.00,Unknown,false,1,4.90,4.90,true,1,
7290000001104,false,פטריות חורש מיני ארוז 200 ג',"מרינה פטריות הגליל בע""מ",IL,פטריות פרטובלה,Unknown,0.00,Unknown,false,1,9.90,9.90,true,1,
7290000023809,false,"יין קלאסיק קברנה סוביניון ברקן 750 מ""ל",יקבי ברקן שיווק והפצה בע,IL,יין קברנה סובניון קל,Unknown,0.00,Unknown,false,1,32.90,32.90,true,1,
7290000023816,false,"יין קלאסיק אמרלד ריזלינג ברקן 750 מ""ל",יקבי ברקן שיווק והפצה בע,IL,יין אמרלד ריזלינג קל,Unknown,0.00,Unknown,false,1,32.90,32.90,true,1,
7290000023823,false,"יין קלאסיק סוביניון בלאן ברקן 750 מ""ל",יקבי ברקן שיווק והפצה בע,IL,יין סוביניון בלאן קל,Unknown,0.00,Unknown,false,1,32.90,32.90,true,1,
7290000023847,false,"יין קלאסיק שרדונה ברקן 750 מ""ל",יקבי ברקן שיווק והפצה בע,IL,יין שרדונה קלאסיק 75,Unknown,0.00,Unknown,false,1,32.90,32.90,true,1,
7290000023977,false,"יין קלאסיק מרלו ברקן 750 מ""ל",יקבי ברקן שיווק והפצה בע,IL,יין קלאסיק מרלו 750,Unknown,0.00,Unknown,false,1,32.90,32.90,true,1,
7290000024202,false,"יין רזרב קברנה סוביניון ברקן 750 מ""ל",ברקן שיווק והפצה בעמ,IL,יין קברנה סובניון 95,Unknown,0.00,Unknown,false,1,44.90,44.90,true,1,
7290000024264,false,"יין רזרב מרלו ברקן 750 מ""ל","כרמי צבי - אחים סגל בע""\",IL,"יין מרלו רזרב 750 מ""",Unknown,0.00,Unknown,false,1,44.90,44.90,true,1,
7290000040042,false,יופלה יוגורט תות 3% שומן 150 גרם,תנובה חלב,IL,יופלה תות 3% 150 גרם,גרמים,150.00,100 גרם,false,1,5.20,3.47,true,1,
7290000040080,false,יופלה יוגורט אפרסק 3% שומן 150 גרם,תנובה חלב,IL,יופלה אפרסק 3% 150 ג,גרמים,150.00,100 גרם,false,1,5.20,3.47,true,1,
7290000040301,false,תנובה עין גדי קממבר מחלב בקר 24% שומן,תנובה מרכז שיתופי לש,IL,קולאז קממבר עין גדי,גרמים,125.00,100 גרם,false,1,18.50,14.80,true,1,
7290000040318,false,גבינת ברי 24% קולאז עדי תנובה 125 ג',תנובה מרכז שיתופי לש,IL,קולאז ברי בחפיסה 125,גרמים,125.00,100 גרם,false,1,19.90,15.92,true,1,
7290000040462,false,טוסטי גבינה בסגנון אמריקאי אדם 23% תנובה 200 גרם,תנובה מרכז שיתופי לש,IL,טוסטי עמק אמריקאי אד,גרמים,200.00,100 גרם,false,1,20.90,10.45,true,1,
7290000040974,false,חלב דל לקטוז 2% תנובה קרטון 1 ליטר,תנובה מרכז שיתופי לש,IL,חלב טרי דל לקטוז 1 ל,מיליליטרים,1000.00,"100 מ""ל",false,1,6.80,0.68,true,1,
7290000041858,false,"שמנת חמוצה 15% מועשרת יטבתה 200 מ""ל",שטראוס גרופ,IL,שמנת חמוצה 15% 200 מ,מיליליטרים,200.00,"100 מ""ל",false,1,2.40,1.20,true,1,
7290000042404,false,חלב 3% בשקית יטבתה 1 ליטר מהדרין,שטראוס גרופ,IL,חלב מועשר 1ל 3% בשקי,מיליליטרים,1000.00,"100 מ""ל",false,1,6.20,0.62,true,1,
7290000042435,false,חלב דל שומן בקרטון+פקק תנובה 1 ליטר,תנובה מרכז שיתופי לש,IL,חלב דל שומן בקרטון,מיליליטרים,1000.00,"100 מ""ל",false,1,5.86,0.59,true,1,
7290000042855,false,"שוקו בשקית 250 מ""ל ""יטבתה""",שטראוס גרופ,IL,"שוקו שקית 225 מ""ל",מיליליטרים,225.00,"100 מ""ל",false,1,2.70,1.20,true,1,
7290000043814,false,השף הלבן שמנת להקצפה 38% שומן 250 מל - מוצר בפיקוח,תנובה מרכז שיתופי לש,IL,שמנת עמידה להקצפה 38,גרמים,250.00,100 גרם,false,1,6.47,2.59,true,1,
7290000043890,false,תנובה רויון לבן מחלב מפסוטר 1.5%,תנובה מרכז שיתופי לש,IL,רויון 1.5% 1 ליטר,מיליליטרים,1000.00,"100 מ""ל",false,1,11.90,1.19,true,1,
7290000043944,false,כד יוגורט תנובה 4% שומן 1.5 ליטר,מיוצר עי קונדיטוריית,IL,יוגורט 4% 1.5 ליטר,ליטרים,0.00,ליטר,false,1,17.50,17.50,true,1,
7290000044712,false,יוגורט עם תות 1.5% שומן 500 ג' פרילי,מיוצר עי קונדיטוריית,IL,פרילי תות 500 גרם,גרמים,500.00,100 גרם,false,1,11.50,2.30,true,1,
7290000044880,false,באדי יוגורט תות 3% שומן 500 ג' תנובה,מיוצר עי קונדיטוריית,IL,"באדי תות 3% 500 מ""ל",גרמים,500.00,100 גרם,false,1,9.90,1.98,true,1,
7290000045573,false,גבינת מותכת משולשים 25% שומן 200 ג' נעמה,תנובה חלב,IL,גבינה מותכת נעמה 200,גרמים,200.00,100 גרם,false,1,16.90,8.45,true,1,
7290000046327,false,גלבוע גבינה צהובה פרוסה 22% תנובה 200 גרם,תנובה מרכז שיתופי לש,IL,גבינת גלבוע פרוס 200,גרמים,200.00,100 גרם,false,1,13.00,6.50,true,1,
7290000047546,false,השף הלבן כנען גבינה לבנה דלת נתרן 5% תנובה 500 גרם,תנובה מרכז שיתופי לש,IL,גבינת כנען 5% 500 גר,גרמים,500.00,100 גרם,false,1,24.90,4.98,true,1,
7290000047942,false,"גבינה לבנה בד""צ 9% תנובה 250 גרם",תנובה מרכז שיתופי לש,IL,גבינה לבנה 5% 250 גר,גרמים,250.00,100 גרם,false,1,4.98,1.99,true,1,
7290000048185,false,גבינה לבנה 5% תנובה 250 גרם מהדרין,מיוצר עי קונדיטוריית,IL,גבינה לבנה 5% 250 גר,גרמים,250.00,100 גרם,false,1,4.98,1.99,true,1,
7290000048192,false,גבינה לבנה 9% תנובה 250 גרם מהדרין,מחלבת אלון תבור,IL,גבינה למריחה 9% 250,גרמים,250.00,100 גרם,false,1,4.98,1.99,true,1,
7290000048307,false,גבינת קוטג' עם זיתים 5% תנובה 250 גרם,מיוצר עי קונדיטוריית,IL,גבינת קוטג 5%,גרמים,250.00,100 גרם,false,1,5.70,2.28,true,1,
7290000048413,false,פיראוס חמד גבינה מלוחה 16% שומן,תנובה מרכז שיתופי לש,IL,גבינה חמד פיראוס 250,גרמים,250.00,100 גרם,false,1,18.90,7.56,true,1,
7290000048437,false,פיראוס צפתית 5% שומן 200 גרם,פארייפאבה אגרואינדוס,IL,צפתית פיראוס 5% 200,גרמים,200.00,100 גרם,false,1,15.90,7.95,true,1,
7290000050447,false,"יוגורט ביו בטעם תות YYY יופלה 500 מ""ל",מיוצר עי קונדיטוריית,IL,יופלה תות 3% 500גר,גרמים,500.00,100 גרם,false,1,14.90,2.98,true,1,
7290000050454,false,יוגורט יופלה אפרסק 3% שומן 500 גרם,מיוצר עי קונדיטוריית,IL,יופלה אפרסק 3% 500 ג,גרמים,500.00,100 גרם,false,1,14.90,2.98,true,1,
7290000051352,false,חלב מלא בטעם של פעם 3.4% תנובה קרטון 1 ל',תנובה מרכז שיתופי לש,IL,חלב של פעם 3.5% 1 ל,מיליליטרים,1000.00,"100 מ""ל",false,1,7.90,0.79,true,1,
7290000051710,false,פיראוס גבינת לאבנה אסלית על בסיס יוגורט תנובה 263 גרם,"תנובה, מחלבת אלון תב",IL,פיראוס לאבנה עם שמן,גרמים,260.00,100 גרם,false,1,14.90,5.73,true,1,
7290000052311,false,גבינה צהובה עמק לייט 15% שומן 200 גרם,תנובה מרכז שיתופי לש,IL,עמק פרוס בקופסא 200,גרמים,200.00,100 גרם,false,1,16.90,8.45,true,1,
7290000052649,false,גבינת לאבנה 5% שומן 500 ג' פיראוס,תנובה מרכז שיתופי לש,IL,פיראוס לאבנה גביע 50,גרמים,500.00,100 גרם,false,1,20.90,4.18,true,1,
7290000052717,false,גבינת קוטג' שום שמיר 5% תנובה 250 גרם,מיוצר עי קונדיטוריית,IL,קוטג 5% עם שום שמיר,גרמים,250.00,100 גרם,false,1,6.30,2.52,true,1,
7290000055206,false,גבינה לבנה 5% בטעם בצל מטוגן 250 ג' תנובה,תנובה מרכז שיתופי לש,IL,גבינה לבנה בטעם בצל,גרמים,250.00,100 גרם,false,1,6.50,2.60,true,1,
7290000055329,false,"משקה בוקר יוגורט 1.5% בטעם תות מלון יופלה 250 מ""ל",תנובה מרכז שיתופי לש,IL,משקה יוגורט יופלה בט,גרמים,250.00,100 גרם,false,1,5.90,2.36,true,1,
7290000055336,false,"משקה יוגורט 1.5% בטעם בננה אפרסק יופלה 250 מ""ל",תנובה מרכז שיתופי לש,IL,משקה יוגורט יופלה בט,גרמים,250.00,100 גרם,false,1,5.90,2.36,true,1,
7290000055350,false,גבינה צהובה חריץ עמק 28% במשקל,תנובה מרכז שיתופי לש,IL,גבינה צהובה עמק 28%,Unknown,0.00,"ק""ג",true,0,44.79,44.79,true,1,
7290000055893,false,חמאה משמנת מפוסטרת 200גרם 82% כ.מהדרין - מוצר בפיקוח,תנובה מרכז שיתופי לש,IL,חמאה מהדרין 200 גר,גרמים,200.00,100 גרם,false,1,8.70,4.35,true,1,
7290000056845,false,תנובה חלב טרי 3% שומן 1.5 ליטר - מוצר בפיקוח,פארייפאבה אגרואינדוס,IL,חלב קרטון 3% תנובה,ליטרים,0.00,ליטר,false,1,9.34,9.34,true,1,
7290000056906,false,מאגדת לבן טבעי 1.5% שומן 8 יח' * 150 ג' יופלה,מחלבת אלון תבור,IL,שמיניית יופלה לבן,גרמים,1200.00,100 גרם,false,1,20.50,1.71,true,1,
7290000056951,false,"תנובה, השף הלבן, שמנת לבישול 15% שומן 500 מל",תנובה מרכז שיתופי לש,IL,שמנת 15% באריזה עם פ,מיליליטרים,500.00,"100 מ""ל",false,1,15.20,3.04,true,1,
7290000057088,false,עמק גבינה צהובה פרוסה דק דק 28% תנובה 200 גרם,תנובה מרכז שיתופי לש,IL,עמק דק 200 גרם,גרמים,200.00,100 גרם,false,1,17.90,8.95,true,1,
7290000057132,false,יוגורט תנובה טבעי 1.5% גביע 200 גרם,מחלבת אלון תבור,IL,יוגורט 1.5% 200 גרם,גרמים,200.00,100 גרם,false,1,3.00,1.50,true,1,
7290000057149,false,יוגורט תנובה טבעי 3% גביע 200 גרם,מיוצר עי קונדיטוריית,IL,יוגורט תנובה 3% 200,גרמים,200.00,100 גרם,false,1,3.00,1.50,true,1,
7290000057552,false,יופלה דיאט עוגת גבינה ותות 0% גביע 150ג',תנובה חלב,IL,דיאט יופלה ע.גבינה,גרמים,150.00,100 גרם,false,1,5.20,3.47,true,1,
7290000058030,false,"שמיניית יופלה שטוזים משקה יוגורט תות 100 מ""ל",מיוצר עי קונדיטוריית,IL,משקה יופלה שטוזים,מיליליטרים,800.00,"100 מ""ל",false,1,21.90,2.74,true,1,
7290000058047,false,שמנת להקצפה 38% 500מל מהדרין עמיד השף הלבן,תנובה מרכז שיתופי לש,IL,שמנת 38% עם פקק 500,מיליליטרים,500.00,"100 מ""ל",false,1,12.94,2.59,true,1,
7290000058580,false,קוקילידה בטעם וניל עם עוגיות שוקולד גלידות נסטלה 80 גרם,נגה גלידות (גלידות נ,IL,קוקילידה וניל,Unknown,0.00,Unknown,false,1,10.00,10.00,true,1,
7290000060088,false,בייגלה מקלות מלוחים אסם 400 גרם,מיוצר עי קונדיטוריית,IL,בייגלה מקלות מלוחים,גרמים,400.00,100 גרם,false,1,9.90,2.48,true,1,
7290000060156,false,"אטריות ביצים דקות 200 גרם ""אסם""","אסם תעשיות בע""מ",IL,אטריות ביצים דקות 20,גרמים,200.00,100 גרם,false,1,6.90,3.45,true,1,
7290000060200,false,אוסם - פתיתים אפויים קוסקוס 500 גרם,"אסם תעשיות בע""מ",IL,פתיתים אפויים קוסקוס,גרמים,500.00,100 גרם,false,1,6.70,1.34,true,1,
7290000060217,false,פסטה מקרוני מספר 7 אסם 500 גרם,קריות זול,IT,פסטה מקרוני מס 7 500,גרמים,500.00,100 גרם,false,1,5.70,1.14,true,1,
7290000060248,false,פסטה אסם פתיתים תלתלים 500 גר',קריות זול,IT,פסטה תלתלים (61) 500,גרמים,500.00,100 גרם,false,1,5.70,1.14,true,1,
7290000060316,false,פרפקטו ספגטי מס' 8 אסם 500 גרם,אסם פרפקטו Perfecto,IT,פסטה ספגטי פרפקטו 50,גרמים,500.00,100 גרם,false,1,7.90,1.58,true,1,
7290000060385,false,אינסטנט פודינג בטעם וניל - אריזה משפחתית,"אסם תעשיות בע""מ",IL,פודינג אינסטנט טעם ו,גרמים,320.00,100 גרם,false,1,22.90,7.16,true,1,
7290000060408,false,פתיתים אפויים טבעות אסם 500 גרם,מיוצר עי קונדיטוריית,IL,פתיתים אפויים טבעות,גרמים,500.00,100 גרם,false,1,6.70,1.34,true,1,
7290000060415,false,"פסטה פרפקטו לאזניה 500 ג' ""אסם""",אסם פרפקטו Perfecto,IT,פרפקטו לזניה 500 גרם,גרמים,500.00,100 גרם,false,1,14.40,2.88,true,1,
7290000060576,false,פתיתים אפויים כוכבים אסם 500 גרם,"אסם השקעות בע""\מ",IL,פתיתים אפויים כוכבים,גרמים,500.00,100 גרם,false,1,6.70,1.34,true,1,
7290000060781,false,פסטה מסולסלים אסם 500 גרם,קריות זול,IT,פסטה מסולסלים (57) 5,גרמים,500.00,100 גרם,false,1,5.70,1.14,true,1,
7290000060811,false,טילון אקסטרים ענק מטבע שוקולד 120 ג',תות תעשיות מזון (201,IL,אקסטרים מטבע ענק 120,גרמים,120.00,100 גרם,false,1,10.00,8.33,true,1,
7290000060828,false,פסטה קרניים בינוניות אסם 500 גרם,קריות זול,IT,פסטה קרניים בינוניות,גרמים,500.00,100 גרם,false,1,5.70,1.14,true,1,
7290000060842,false,פסטה צדפים גדולים אסם 500 גרם,קריות זול,IT,פסטה צדפים גדולים (5,גרמים,500.00,100 גרם,false,1,5.70,1.14,true,1,
7290000060880,false,פסטה ספגטי מספר 8 אסם 500 גרם,קריות זול,IT,ספגטי (3) 500 גרם,גרמים,500.00,100 גרם,false,1,5.70,1.14,true,1,
7290000060903,false,אוסם - פתיתים אפויים אורז 500 גרם,"אסם השקעות בע""\מ",IL,פתיתים אפויים אורז 5,גרמים,500.00,100 גרם,false,1,6.70,1.34,true,1,
7290000060958,false,אטריות בינוניות אסם 400 גרם,"אסם השקעות בע""\מ",IL,אטריות בינוניות 400,גרמים,400.00,100 גרם,false,1,6.90,1.73,true,1,
7290000060965,false,איטריות מובחר רחבות 400 ג',"אסם השקעות בע""\מ",IL,אטריות רחבות 400 גר,גרמים,400.00,100 גרם,false,1,6.90,1.73,true,1,
7290000061061,false,קרקר חיטה עם בצל אסם,"אסם השקעות בע""\מ",IL,קרקר בצל 250 גרם,גרמים,250.00,100 גרם,false,1,9.90,3.96,true,1,
7290000061085,false,"רוטב צילי מתוק 290 מ""ל-בקבוק","אסם השקעות בע""\מ",IL,רוטב צילי מתוק 290 מ,מיליליטרים,290.00,"100 מ""ל",false,1,12.50,4.31,true,1,
7290000061108,false,"רוטב טריאקי 290 מ""ל-בקבוק","אסם השקעות בע""\מ",IL,"רוטב טריאקי 290 מ""ל-",מיליליטרים,290.00,"100 מ""ל",false,1,12.50,4.31,true,1,
7290000061214,false,פתיתים אפויים קוסקוס עם בצל אסם 500 גרם,"אסם השקעות בע""\מ",IL,פתיתים קוסקוס עם בצל,גרמים,500.00,100 גרם,false,1,6.90,1.38,true,1,
7290000061245,false,עוגיות שוקולד צ'יפס במילוי קרם בטעם שוקולד,מיוצר עי קונדיטוריית,IL,עוגיות שוקוציפס ממול,גרמים,220.00,100 גרם,false,1,10.60,4.82,true,1,
7290000061764,false,קפה נמס מגורען רד מאג 200 גרם,נסטלה ספרד קפה,ES,נס קפה רד מאג 200 גר,גרמים,200.00,100 גרם,false,1,20.90,10.45,true,1,
7290000062952,false,אוסם - מיני קרוטונים למרק ולסלט 250 גרם,עינת תעשיות מזון אגו,IL,מיני קרוטונים למרק ו,גרמים,250.00,100 גרם,false,1,13.90,5.56,true,1,
7290000063140,false,שקדי מרק רכיבים טבעיים בשקית 400 ג' אסם,"אסם תעשיות בע""מ",IL,שקדי מרק 400 גרם -שק,גרמים,400.00,100 גרם,false,1,10.00,2.50,true,1,
7290000064758,false,קוסקוס בינוני אמיתי אסם 350 ג',"מיוצר ע""י קוד יצרן K",IL,קוסקוס אמיתי בשקית 3,גרמים,350.00,100 גרם,false,1,7.70,2.20,true,1,
7290000064871,false,"אוסם - מנה חמה פירה תפו""א עם בצל 56 גרם","אסם תעשיות בע""מ",IL,"מנה חמה פירה תפו""א ו",גרמים,56.00,100 גרם,false,1,7.30,13.04,true,1,
7290000065090,false,מיני קרוטונים מתובלים למרק ולסלט אסם 400 גרם,עינת תעשיות מזון אגו,IL,מיני קרוטונים למרק ו,גרמים,400.00,100 גרם,false,1,22.80,5.70,true,1,
7290000065557,false,אוסם - מנה חמה קוסקוס עם ירקות 84 גרם,"אסם תעשיות מזון בע""מ",IL,מנה חמה קוסקוס עם יר,גרמים,62.00,100 גרם,false,1,7.30,11.77,true,1,
7290000065977,false,חטיפי פריכונים תירס שומשום אסם 80 גרם,"פרח תעשיות מזון בע""מ.",IL,אסם חטיפי פריכונים ת,גרמים,80.00,100 גרם,false,1,7.50,9.38,true,1,
7290000066141,false,ביסלי חטיף בטעם גריל אסם 70 גרם,"אסם השקעות בע""\מ",IL,ביסלי בטעם גריל 70 ג,גרמים,70.00,100 גרם,false,1,4.20,6.00,true,1,
7290000066172,false,ביסלי חטיף בטעם פיצה אסם 70 גרם,"אסם השקעות בע""\מ",IL,ביסלי בטעם פיצה 70 ג,גרמים,70.00,100 גרם,false,1,4.20,6.00,true,1,
7290000066189,false,ביסלי חטיף בטעם פלאפל אסם 200 גרם,"אסם השקעות בע""\מ",IL,ביסלי בטעם פלאפל 200,גרמים,200.00,100 גרם,false,1,7.50,3.75,true,1,
7290000066196,false,ביסלי חטיף בטעם גריל אסם 200 גרם,מיוצר עי קונדיטוריית,IL,ביסלי בטעם גריל 200,גרמים,200.00,100 גרם,false,1,7.50,3.75,true,1,
7290000066226,false,ביסלי חטיף בטעם פיצה אסם 200 גרם,"אסם השקעות בע""\מ",IL,ביסלי בטעם פיצה 200,גרמים,200.00,100 גרם,false,1,7.50,3.75,true,1,
7290000066264,false,דובונים חטיף תפוחי אדמה אסם 40 גרם,"אסם השקעות בע""\מ",IL,"דובונים חטיף תפו""א 4",גרמים,40.00,100 גרם,false,1,4.30,10.75,true,1,
7290000066295,false,במבה מתוקה מחומרים טבעיים 30 גרם,מיוצר עי קונדיטוריית,IL,במבה תות מחומרים טבע,גרמים,30.00,100 גרם,false,1,3.10,10.33,true,1,
7290000066318,false,במבה חטיף בוטנים אסם 80 גרם,"אסם השקעות בע""\מ",IL,במבה 80 גרם,גרמים,80.00,100 גרם,false,1,4.30,5.38,true,1,
7290000066332,false,אפרופו חטיף תירס אסם 50 גרם,מיוצר עי קונדיטוריית,IL,חטיף אפרופו 50 גרם,גרמים,50.00,100 גרם,false,1,5.00,10.00,true,1,
7290000066349,false,אפרופו חטיף תירס אסם 100 גרם,מיוצר עי קונדיטוריית,IL,חטיף אפרופו 100 גרם,גרמים,100.00,100 גרם,false,1,8.70,8.70,true,1,
7290000066431,false,פופקו חטיף פופקורן בטעם חמאה ודבש אסם 80 גרם,מיוצר עי קונדיטוריית,IL,פופקו חטיף תירס בטעם,גרמים,80.00,100 גרם,false,1,5.20,6.50,true,1,
7290000067544,false,פירורית זהב פירורי לחם אסם 200 גרם,עינת תעשיות מזון אגו,IL,פירורית זהב 200 גרם,גרמים,200.00,100 גרם,false,1,6.40,3.20,true,1,
7290000067599,false,מנה חמה ספגטי ברוטב בולונז אסם 65 גרם,"אסם השקעות בע""\מ",IL,מנה חמה ספגטי בולונז,גרמים,65.00,100 גרם,false,1,7.30,11.23,true,1,
7290000068138,false,אינסטנט פודינג בטעם וניל אסם 80 גרם,מיוצר עי קונדיטוריית,IL,פודינג אינסטנט בטעם,גרמים,80.00,100 גרם,false,1,5.20,6.50,true,1,
7290000068190,false,אסם ג'לי תות שדה צבעים טבעיים 90 גרם,מיוצר עי קונדיטוריית,IL,גלי בזק בטעם תות שדה,גרמים,85.00,100 גרם,false,1,6.80,8.00,true,1,
7290000068206,false,אסם ג'לי משמש צבעים טבעיים 85 גרם,מיוצר עי קונדיטוריית,IL,גלי בזק בטעם משמש צמ,גרמים,85.00,100 גרם,false,1,6.80,8.00,true,1,
7290000068237,false,אבקה להכנת ג'לי בטעם פטל אסם 85 גרם,מיוצר עי קונדיטוריית,IL,גלי בזק בטעם פטל צמח,גרמים,85.00,100 גרם,false,1,6.80,8.00,true,1,
7290000068251,false,אבקה להכנת ג'לי בטעם אננס אסם 85 גרם,מיוצר עי קונדיטוריית,IL,גלי בזק בטעם אננס צמ,גרמים,85.00,100 גרם,false,1,6.80,8.00,true,1,
7290000068343,false,אסם פריכונים פרוסות קלויות מלא,"פרח תעשיות מזון בע""מ.",IL,פריכונים מאורז מלא 1,גרמים,140.00,100 גרם,false,1,7.90,5.64,true,1,
7290000068701,false,אסם שקדי מרק רכיבים טבע.מיכל 400 גרם,"אסם תעשיות בע""מ",IL,שקדי מרק רכיבים טבעי,גרמים,400.00,100 גרם,false,1,15.90,3.98,true,1,
7290000068770,false,במבה יום הולדת חטיף בוטנים אסם 80 גרם,"אסם השקעות בע""\מ",IL,במבה יום הולדת 80 גר,גרמים,80.00,100 גרם,false,1,4.30,5.38,true,1,
7290000069364,false,פריכונים מאורז מלא ללא תוספת סוכר אסם 140 גרם,"פרח תעשיות מזון בע""מ.",IL,פריכונים מאורז מלא ל,גרמים,140.00,100 גרם,false,1,7.90,5.64,true,1,
7290000069739,false,אוסם - חטיפי קרקר שומשום 300 גרם,"אסם השקעות בע""\מ",IL,חטיפי קרקר שומשום 30,גרמים,300.00,100 גרם,false,1,12.50,4.17,true,1,
7290000070308,false,אבקת מרק עוף אמיתי בשרי אסם 400 גרם,"אסם השקעות בע""\מ",IL,אבקת מרק עוף אמיתי,גרמים,400.00,100 גרם,false,1,16.90,4.23,true,1,
7290000070353,false,אבקת מרק בצל רכיבים טבעיים אסם 400 גרם,"אסם השקעות בע""\מ",IL,אבקת מרק בצל 400 גרם,גרמים,400.00,100 גרם,false,1,27.50,6.88,true,1,
7290000072067,false,במבה חטיף בוטנים במילוי קרם חלבה 60 גרם,מיוצר עי קונדיטוריית,IL,במבה במילוי חלווה 60,גרמים,60.00,100 גרם,false,1,4.30,7.17,true,1,
7290000072241,false,"רוטב פיצה 290 מ""ל-בקבוק","אסם השקעות בע""\מ",IL,"רוטב פיצה 290 מ""ל-בק",מיליליטרים,290.00,"100 מ""ל",false,1,12.50,4.31,true,1,
7290000072623,false,קטשופ אסם בקבוק לחיץ 750 גרם,"אסם תעשיות בע""מ",IL,קטשופ אסם בקבוק לחיץ,גרמים,750.00,100 גרם,false,1,10.90,1.45,true,1,
7290000072753,false,קפה נמס מגורען טסטרס צ'ויס 200 גרם-,נסטלה קוריאה - קפה,KR,נסקפה טייסטרס צויס,גרמים,200.00,100 גרם,false,1,28.90,14.45,true,1,
7290000072777,false,קפה נמס מגורען נטול קפאין טסטרס צ'ויס 200 גרם,נסטלה קוריאה - קפה,KR,נסקפה טייסטרס צויס,גרמים,200.00,100 גרם,false,1,38.90,19.45,true,1,
7290000072968,false,דגני בוקר סיני מיניס חיטה מלאה וקינמון נסטלה 500 גרם,נסטלה פולין דגני בוק,PL,דגנים סיני מיניס מלח,גרמים,375.00,100 גרם,false,1,23.90,6.37,true,1,
7290000073125,false,מנה חמה פסטה ברוטב עגבניות אסם 62 גרם,"אסם השקעות בע""\מ",IL,מנה חמה פסטה עם עגבנ,גרמים,62.00,100 גרם,false,1,7.30,11.77,true,1,
7290000073415,false,אוסם - מנה חמה פסטה ברוטב פיצה 61 גרם,"אסם השקעות בע""\מ",IL,מנה חמה פסטה ברוטב פ,גרמים,61.00,100 גרם,false,1,7.30,11.97,true,1,
7290000073750,false,מנה חמה נודלס אטר+ירקות טעם עוף 70 גרם,PUB FOODS PRESIDENT THAI,TH,מנה חמה נודלס אטר+יר,גרמים,70.00,100 גרם,false,1,5.70,8.14,true,1,
7290000073767,false,מנה חמה נודלס אטר.+ירקות טעם בקר 70 גרם,PUB FOODS PRESIDENT THAI,TH,מנה חמה נודלס אטר.+י,גרמים,70.00,100 גרם,false,1,5.70,8.14,true,1,
7290000073774,false,מנה חמה נודלס אטר+ירקות טעם צילי 70 גרם,טאי רזידנט,TH,מנה חמה נודלס אטר+יר,גרמים,70.00,100 גרם,false,1,5.70,8.14,true,1,
7290000074153,false,ביסקוויט פתי בר שוקולד אסם 500 גרם,מיוצר עי קונדיטוריית,IL,פתי בר שוקו 500 גרם,גרמים,500.00,100 גרם,false,1,13.90,2.78,true,1,
7290000074184,false,ביסקויט פתיבר קלאסי 500 גרם,"אסם השקעות בע""\מ",IL,פתי בר וניל 500 גרם,גרמים,500.00,100 גרם,false,1,10.90,2.18,true,1,
7290000074245,false,אוסם - קרם קרקר אסם 250 גרם,"אסם השקעות בע""\מ",IL,קרם קרקר 250 גרם,גרמים,250.00,100 גרם,false,1,9.80,3.92,true,1,
7290000074252,false,קרקר שומשון אסם 250 גרם,"אסם השקעות בע""\מ",IL,קרקר שומשום 250 גרם,גרמים,250.00,100 גרם,false,1,9.90,3.96,true,1,
7290000074276,false,קרקר פיקנטי טבעון 250 ג' אסם,"אסם השקעות בע""\מ",IL,קרקר קלאסי 250 גרם א,גרמים,250.00,100 גרם,false,1,9.90,3.96,true,1,
7290000074375,false,אוסם - קרקר זהב 150 גרם,"אסם השקעות בע""\מ",IL,קרקר זהב 150 גרם,גרמים,150.00,100 גרם,false,1,6.90,4.60,true,1,
7290000074696,false,אסם קרם קרקר 4*1קג ח,"אסם השקעות בע""\מ",IL,"קרם קרקר 1 ק""ג",גרמים,1000.00,100 גרם,false,1,28.50,2.85,true,1,
7290000075204,false,אוסם - לחמית חיטה מלאה 250 גרם,"אסם השקעות בע""\מ",IL,לחמית חיטה מלאה 250,גרמים,250.00,100 גרם,false,1,9.40,3.76,true,1,
7290000076133,false,בייגלה שמיניות קטנות עם מלח אסם 400 גרם,"אסם השקעות בע""\מ",IL,בייגלה שמיניות קטנות,גרמים,400.00,100 גרם,false,1,9.90,2.48,true,1,
7290000078212,false,קרוטונים מתובלים למרק אסם 250 גרם,עינת תעשיות מזון אגו,IL,קרוטונים מתובלים 250,גרמים,250.00,100 גרם,false,1,13.90,5.56,true,1,
7290000080758,false,אוסם - טוסטעים פת קלוי 100 גרם,ון דר מולן האלום,NL,טוסטעים פת קלויה 100,גרמים,100.00,100 גרם,false,1,10.50,10.50,true,1,
7290000080765,false,טוסטעים פת קלויה עם שומשום אסם 100 גרם,ון דר מולן האלום,NL,טוסטעים פת קלויה שומ,גרמים,100.00,100 גרם,false,1,10.50,10.50,true,1,
7290000081663,false,"בייגלה טבעות שומשום אסם 300 גרם בד""ץ",מיוצר עי קונדיטוריית,IL,בייגלה טבעות עם שומש,גרמים,300.00,100 גרם,false,1,9.90,3.30,true,1,
7290000100135,false,פירות קפואים סנפרוסט דובדבן 300 גר,"סנפרוסט בע""מ",IL,פירות קפואים דובדבן,גרמים,300.00,100 גרם,false,1,15.90,5.30,true,1,
7290000101132,false,לקט קטניות לחמין סנפרוסט 800 גר,"סנפרוסט בע""\מ",IL,לקט קטניות לחמין סנפ,גרמים,800.00,100 גרם,false,1,24.90,3.11,true,1,
7290000101927,false,אוכמניות כחולות מוקפאות סנפרוסט 300 גרם,"איי, בי, אינבוו",IL,אוכמניות כחולות מוקפ,גרמים,300.00,100 גרם,false,1,17.90,5.97,true,1,
7290000101934,false,מיקס פירות יער מוקפאות 300 ג' סנפרוסט,"סנפרוסט בע""\מ",IL,מיקס פירות יער מוקפא,גרמים,300.00,100 גרם,false,1,17.90,5.97,true,1,
7290000101958,false,מנגו חתוך מוקפא סנפרוסט 300ג',"סנפרוסט בע""\מ",IL,מנגו מוקפא סנפרוסט,גרמים,300.00,100 גרם,false,1,17.90,5.97,true,1,
7290000103433,false,"לקט ירקות לתנור 800 גרם ""סנפרוסט""","איי, בי, אינבוו",IL,לקט ירקות סנפרוסט לת,גרמים,800.00,100 גרם,false,1,22.90,2.86,true,1,
7290000103730,false,לקט להקפצה עם פסטה פוזילי סנפרוסט 800 גרם,"איי, בי, אינבוו",IL,לקט להקפצה עם פסטה פ,גרמים,800.00,100 גרם,false,1,26.90,3.36,true,1,
7290000103815,false,לקט להקפצה בסגנון תאילנדי סנפרוסט 800 גרם,"סנפרוסט בע""\מ",IL,לקט להקפצה בסגנון תא,גרמים,800.00,100 גרם,false,1,23.90,2.99,true,1,
7290000103860,false,מרק עדשים עשיר בירקות סנפרוסט 570 גרם,"איי, בי, אינבוו",IL,מרק עדשים 572 גרם,גרמים,572.00,100 גרם,false,1,20.80,3.64,true,1,
7290000104201,false,אפונה עדינה סנפרוסט 600 גרם,"איי, בי, אינבוו",IL,אפונה עדינה 600 גר,גרמים,600.00,100 גרם,false,1,17.90,2.98,true,1,
7290000104676,false,אפונה קפואה סנפרוסט 800 גרם,"איי, בי, אינבוו",IL,אפונת גינה 800 גרם,גרמים,800.00,100 גרם,false,1,16.90,2.11,true,1,
7290000104690,false,תירס גרעינים 800 גרם סנפרוסט,"איי, בי, אינבוו",IL,תירס גרעינים 800 גרם,גרמים,800.00,100 גרם,false,1,16.90,2.11,true,1,
7290000104720,false,שעועית ירוקה חתוכה סנפרוסט 800 גרם,"סנפרוסט בע""\מ",IL,שעועית ירוקה חתוכה 8,גרמים,800.00,100 גרם,false,1,18.70,2.34,true,1,
7290000104744,false,כרובית סנפרוסט 800 גרם,"סנפרוסט בע""\מ",IL,כרובית 800גר סנפרוסט,גרמים,800.00,100 גרם,false,1,28.90,3.61,true,1,
7290000104799,false,שעועית לבנה מבושלת סנפרוסט 800 גרם,"איי, בי, אינבוו",IL,שעועית לבנה 800 גרם,גרמים,800.00,100 גרם,false,1,18.90,2.36,true,1,
7290000104805,false,גרגירי חומוס מבושלים סנפרוסט 800 גרם,"איי, בי, אינבוו",IL,חומוס קפוא סנפרוסט,גרמים,800.00,100 גרם,false,1,18.90,2.36,true,1,
7290000104836,false,שעועית ירוקה עדינה שלמה סנפרוסט 600 גרם,"סנפרוסט בע""\מ",IL,שעועית עדינה שלמה 60,גרמים,600.00,100 גרם,false,1,20.90,3.48,true,1,
7290000104911,false,לקט נורמנדי סנפרוסט 800 גרם,"איי, בי, אינבוו",IL,לקט נורמנדי 800 גרם,גרמים,800.00,100 גרם,false,1,22.90,2.86,true,1,
7290000106526,false,ירקות מעורבים מוקפאים חגיגה ירוקה להקפצה,"איי, בי, אינבוו",IL,חגיגה ירוקה להקפצה ס,גרמים,800.00,100 גרם,false,1,24.90,3.11,true,1,
7290000107165,false,חטיף סויה אדממה סנפרוסט 400 גרם,"איי, בי, אינבוו",IL,חטיף סויה סנפרוסט,גרמים,400.00,100 גרם,false,1,15.10,3.78,true,1,
7290000107189,false,תחתיות ארטישוק סנפרוסט 400 גרם,"איי, בי, אינבוו",IL,תחתיות ארטישוק 400 ג,גרמים,400.00,100 גרם,false,1,20.90,5.23,true,1,
7290000107295,false,תפרחות ברוקולי סנפרוסט 800 גרם,"איי, בי, אינבוו",IL,ברוקולי 800 גרם סנפר,גרמים,800.00,100 גרם,false,1,24.90,3.11,true,1,
7290000110851,false,חטיף כיפלי בטעם בצל 70גר,יוניליוור מזון,IL,"כפלי בצל בד""צ 70 גרם",גרמים,70.00,100 גרם,false,1,5.90,8.43,true,1,
7290000111000,false,שתיה קרה בודד,,,שתיה קרה בודד,Unknown,0.00,Unknown,false,1,1.00,1.00,true,1,
7290000111117,false,מרכך כביסה לבן בדין 4 ליטר,יוניליור ישראל טיפוח איש,IL,בדין לבן 4 ליטר -לבן,ליטרים,0.00,ליטר,false,1,19.90,19.90,true,1,
7290000111186,false,"מיונז אמיתי תלמה 500 גרם בד""צ",יוניליוור ישראל מזון בע\,IL,מיונז תלמה 500 גרם-צ,גרמים,500.00,100 גרם,false,1,9.90,1.98,true,1,
7290000111353,false,"מיונז אמיתי תלמה 1 ק""ג",יוניליוור ישראל מזון בע\,IL,"מיונז 1 ק""ג-צנצנת",גרמים,1000.00,100 גרם,false,1,16.90,1.69,true,1,
7290000111360,false,חרדל תלמה 250 גרם-צנצנת,יוניליוור ישראל מזו,IL,חרדל תלמה 250 גרם-צנ,גרמים,250.00,100 גרם,false,1,7.30,2.92,true,1,
7290000111384,false,חרדל בצנצנת תלמה 550 גרם,יוניליוור ישראל מזו,IL,חרדל תלמה 550 גרם-צנ,גרמים,550.00,100 גרם,false,1,10.40,1.89,true,1,
7290000112237,false,"טחינה גולמית שומשום טהור בארכה 1 ק""ג","רושדי תעשיות מזון בע""\מ",IL,"טחינה 1 ק""ג-צנצנת",גרמים,1000.00,100 גרם,false,1,32.50,3.25,true,1,
7290000112497,false,מרק עשיר עוף אטריות קנור 75 גרם - שקיות,יוניליוור ישראל מזון בע\,IL,מרק עשיר עוף אטריות,גרמים,75.00,100 גרם,false,1,10.40,13.87,true,1,
7290000112619,false,מרק עוף לתיבול והעשרה קנור 400 ג',יוניליוור ישראל מזון בע\,IL,אבקת מרק עוף קנור,גרמים,400.00,100 גרם,false,1,19.90,4.98,true,1,
7290000113180,false,"כיפלי צ'יפס בד""צ תלמה 50 ג'",יוניליור ישראל מזון,IL,כפלי ציפס 50 גרם בדצ,גרמים,75.00,100 גרם,false,1,5.20,6.93,true,1,
7290000113203,false,כיפלי צ'יפס קטשופ תלמה 50 ג',יוניליוור ישראל מזון בעמ,IL,כפלי קטשופ 50 גרם בד,גרמים,50.00,100 גרם,false,1,5.20,10.40,true,1,
7290000116884,false,"רוטב ברביקיו קנור 300 גרם בד""צ",יוניליוור ישראל מזון בע\,IL,רוטב קנור ברביקיו,גרמים,300.00,100 גרם,false,1,10.90,3.63,true,1,
7290000116945,false,"רוטב סויה קלאסי קנור בד""צ 350 גרם",יוניליוור ישראל מזון בע\,IL,רוטב קנור סויה 300 מ,מיליליטרים,300.00,"100 מ""ל",false,1,14.60,4.87,true,1,
7290000117171,false,מרק טעם עוף דל קלוריות 48 גרם-קופסא,יוניליוור ישראל מזון,IL,מרק טעם עוף דל קלורי,גרמים,48.00,100 גרם,false,1,9.00,18.75,true,1,
7290000117720,false,נמס בכוס פטריות קנור 21.5 גרם מארז זוגי,יוניליוור ישראל מזון בע\,IL,מרק נמס בכוס פטריות,גרמים,43.00,100 גרם,false,1,6.50,15.12,true,1,
7290000120836,false,"מיונז אמיתי 394 גרם ""הלמנס""",קונפקו אינק' די.בי.א,CA,מיונז הלמנס 394 גרם,גרמים,433.00,100 גרם,false,1,10.90,2.52,true,1,
7290000120874,false,ממרח הלמנס לייט מופחת קלוריות,"יונילוור ארה""ב - HPC",US,מיונז הלמנס לייט 424,גרמים,476.00,100 גרם,false,1,10.90,2.29,true,1,
7290000121093,false,גבינה מותכת לייט בטעם שוויצרי 7% מון בלאן 120 גר',האי נאם סי או אל.טי.,IL,מון בלאן שוצרית 120,גרמים,120.00,100 גרם,false,1,13.80,11.50,true,1,
7290000121147,false,גבינה מותכת לייט בטעם פיקנטי 7% מון בלאן 120 גרם,"שלושת האופים בע""מ",IL,גבינת מון בלאן פיקנ,גרמים,121.00,100 גרם,false,1,13.80,11.40,true,1,
7290000121239,false,מיוקל5% ללא כולסטרול500ג,יוניליוור ישראל מזון בע\,IL,מיוקל 5%,גרמים,500.00,100 גרם,false,1,15.20,3.04,true,1,
7290000122830,false,"רוטב מקסיקני סצ'ואן קנור 300 מ""ל",יוניליוור ישראל מזון בע\,IL,רוטב בישול סצואן 370,גרמים,370.00,100 גרם,false,1,10.90,2.95,true,1,
7290000124841,false,מאגדת3 טבלאות שוקולד חלב ורד הגליל,יוניליוור ישראל מזון בע\,IL,מאגדת שוקולד חלב ורד,גרמים,300.00,100 גרם,false,1,16.90,5.63,true,1,
7290000125251,false,שמפו לכביסה עדינה בדין 2 ליטר,"זוהר דליה, קיבוץ דליה, 1",IL,בדין שמפו לכביסה עדי,ליטרים,0.00,ליטר,false,1,26.50,26.50,true,1,
7290000129457,false,אבקת רוטב פטריות קנור 28 ג' שקית,יוניליוור ישראל מזון בע\,IL,קנור רוטב פטריות באב,גרמים,29.00,100 גרם,false,1,4.90,16.90,true,1,
7290000135045,false,"XL TEN משקה אנרגיה פתוח ללא סוכר 250 מ""ל","טמפו משקאות בע""\מ",IL,XL TEN משקה אנרגיה פ,מיליליטרים,250.00,"100 מ""ל",false,1,4.90,1.96,true,1,
7290000135113,false,משקה אנרגיה XL TEN ללא סוכר בטעם נענע ליים,"טמפו משקאות בע""\מ",IL,פחית XL TEN נענע ליי,מיליליטרים,250.00,"100 מ""ל",false,1,4.90,1.96,true,1,
7290000135625,false,"רביעיית פחיות בירה גולדסטאר 500 מ""ל","טמפו משקות בע""\מ",IL,רביעיית פחיות גולדסט,מיליליטרים,2000.00,"100 מ""ל",false,1,32.90,1.65,true,1,
7290000135632,false,"רביעיית פחיות בירה גולדסטאר לא מסונן 500 מ""ל","טמפו משקאות בע""\מ",IL,רביעיית פחיות גולדסט,מיליליטרים,2000.00,"100 מ""ל",false,1,35.90,1.80,true,1,
7290000136264,false,מי טוניק טמפו 1.5 ליטר,"טמפו משקאות בע""\מ",IL,טוניק 1.5 ל טמפו,ליטרים,0.00,ליטר,false,1,9.90,9.90,true,1,
7290000136431,false,משקה בטעם אפרסק צלול תריסר 1.5 ל' ג'אמפ,"טמפו משקאות בע""\מ",IL,גאמפ אפרסק 1.5 ליטר,ליטרים,0.00,ליטר,false,1,7.50,7.50,true,1,
7290000136523,false,משקה בטעם ענבים תריסר 1.5 ל' ג'אמפ,"טמפו משקאות בע""\ם.",IL,גאמפ ענבים 1.5 ליטר,ליטרים,0.00,ליטר,false,1,7.50,7.50,true,1,
7290000136585,false,משקה בטעם תפוזים תריסר 1.5 ל' ג'אמפ,"טמפו משקאות בע""\ם.",IL,גאמפ תפוז 1.5 ליטר,ליטרים,0.00,ליטר,false,1,7.50,7.50,true,1,
7290000136608,false,משקה בטעם תפוח צלול תריסר 1.5 ל' ג'אמפ,"טמפו משקאות בע""\ם.",IL,גאמפ תפוח 1.5 ליטר,ליטרים,0.00,ליטר,false,1,7.50,7.50,true,1,
7290000136646,false,בירה נשר מאלט ללא אלכוהול 1.5 ליטר,"טמפו משקאות בע""\מ",IL,נשר מאלט 1.5 ליטר,ליטרים,0.00,ליטר,false,1,8.90,8.90,true,1,
7290000136677,false,פפסי קולה פיקדון 1.5 ליטר,טמפו,IL,פפסי קולה 1.5 ליטר,ליטרים,0.00,ליטר,false,1,7.90,7.90,true,1,
7290000136684,false,פפסי מקס משקה מוגז דל קלוריות בטעם קולה,טמפו,IL,פפסי מקס 1.5 ליטר,ליטרים,0.00,ליטר,false,1,7.20,7.20,true,1,
7290000136707,false,טמפו מירינדה 1.5 ליטר,טמפו,IL,מירינדה 1.5 ליטר,ליטרים,0.00,ליטר,false,1,7.90,7.90,true,1,
7290000136776,false,שישיית פפסי מקס דל קלוריות 1.5 ליטר,פפסי Pepsi,IL,שישיית פפסי מקס דל ק,ליטרים,0.01,ליטר,false,1,37.50,3750.00,true,1,
7290000136790,false,שישיית מי סודה טמפו 1.5 ליטר,"טמפו משקאות בע""\מ",IL,שישיית סודה 1.5 ליטר,ליטרים,0.01,ליטר,false,1,17.90,1790.00,true,1,
7290000136837,false,רביעיית מי סודה נגיעות אפרסק טמפו 1.5 ליטר,טמפו משקאות בע''מn\,IL,רביעייה סודה אפרסק 1,ליטרים,0.01,ליטר,false,1,12.00,1200.00,true,1,
7290000136844,false,מארז מים מזוככים אקווה נובה שישיית 2 ליטר,"טמפו משקאות בע""\מ",IL,שישיית אקווה נובה 2ל,ליטרים,0.01,ליטר,false,1,12.90,1290.00,true,1,
7290000136868,false,סאן בנדטו - מים מינרלים - מארז שישיית 1.5 ליטר,אקווה מינרלה סאן בנדטו ב,IT,שישיית מים סאן בנדטו,ליטרים,0.01,ליטר,false,1,18.90,1890.00,true,1,
7290000136875,false,שישיית מים מינרליים מוגזים סן בנדטו 1.5 ליטר,סאן בנדטו San Benedetto,IT,שישיית סאן בנדטו מוג,ליטרים,0.01,ליטר,false,1,19.90,1990.00,true,1,
7290000136936,false,סבן אפ דיאט בקבוק 1.,טמפו,IL,סבן אפ דיאט 1.5 ליטר,ליטרים,0.00,ליטר,false,1,7.90,7.90,true,1,
7290000137643,false,שלגוני טעמקור בטעם שוקו וניל שטראוס 8*50 גרם,"גלידת שטראוס בע""\מ, רחוב",IL,שמיניית טעמקור,גרמים,400.00,100 גרם,false,1,39.90,9.98,true,1,
7290000144467,false,שמן חמניות מועשר בנוגדי חמצון 1 ל' עץ הזית,"נארז ע""י : א.ג. גילר",GR,שמן עץ הזית חמניות 1,מיליליטרים,1000.00,"100 מ""ל",false,1,16.40,1.64,true,1,
7290000144474,false,שמן עץ הזית קנולה 1 ליטר בריאות מהטבע,שמן תעשיות בעמ,EE,שמן עץ הזית קנולה 1,מיליליטרים,1000.00,"100 מ""ל",false,1,14.90,1.49,true,1,
7290000148618,false,קשיו מטוגן שקית קליית גת 200 גרם,"ג'י אנד ג'י בע""מ",IL,קשיו מטוגן שקית קליי,גרמים,200.00,100 גרם,false,1,23.90,11.95,true,1,
7290000148748,false,קליית גת גרעיני חמניה קלויים ומומלחים200,"ג'י אנד ג'י בע""מ",IL,גרעיני חמניה שקית קל,גרמים,200.00,100 גרם,false,1,6.20,3.10,true,1,
7290000168173,false,"ברנפלקס קרנצ'ים תלמה 375 גרם בד""צ",יוניליור ישראל מזון,IL,ברנפלקס קרנצים 375 ג,גרמים,375.00,100 גרם,false,1,20.90,5.57,true,1,
7290000169538,false,"נמס בכוס עגבניות וקרוטונים מרק כשרות בד""ץ 62 ג' קנור",יוניליוור ישראל מזון בע\,IL,מרק נמס בכוס עגבניות,גרמים,56.00,100 גרם,false,1,6.50,11.61,true,1,
7290000169798,false,"עוגי מופחת סוכר 20% פצפוצי שוקו' 500ג' בד""צ",יוניליוור ישראל מזון בע\,IL,עוגי 20% פחות סוכר 5,גרמים,500.00,100 גרם,false,1,22.90,4.58,true,1,
7290000170053,false,"שוקולד פרה חלב 100 גרם בד""צ לל""ג","שטראוס גרופ בע""\מ.",IL,שוקולד פרה חלב 100 ג,גרמים,100.00,100 גרם,false,1,5.20,5.20,true,1,
7290000174099,false,בפלות ופלים בטעם שוקולד 500 גרם,"שטראוס גרופ בע""מ",IL,בפלות שוקולד 500 גרם,גרמים,500.00,100 גרם,false,1,11.90,2.38,true,1,
7290000174723,false,שוקולית אבקה להכנת משקה שוקו 500 גרם,הנסיך- מפעל לייצור ט,IL,שוקולית 500 גרם,גרמים,500.00,100 גרם,false,1,11.90,2.38,true,1,
7290000176079,false,קפה עלית טורקי עם הל 100 גרם,הנסיך- מפעל לייצור ט,IL,קפה עלית טורקי עם הל,גרמים,100.00,100 גרם,false,1,8.70,8.70,true,1,
7290000176147,false,קפה לפילטר קלוי וטחון מוקה מספר 1 עלית 500 גרם,ELITE CAFE SP. ZO.O,PL,מוקה פילטר 500 גרם,גרמים,500.00,100 גרם,false,1,52.50,10.50,true,1,
7290000176420,false,קפה נמס פחית עלית 200 גרם,שטראוס קפה בי.וי,IL,קפה נמס עלית 200 גרם,גרמים,200.00,100 גרם,false,1,18.90,9.45,true,1,
7290000178103,false,מאגדת רביעיית שוקולד חלב פרה 100X4 גרם,"שטראוס גרופ בע""מ.",IL,שוקולד חלב פרה רביע,גרמים,400.00,100 גרם,false,1,19.90,4.98,true,1,
7290000178707,false,תפוצ'יפס בטעם טבעי 50 גרם,"שטראוס פריטו ליי בע""\מ )",IL,תפוציפס טבעי 50 גרם,גרמים,50.00,100 גרם,false,1,3.90,7.80,true,1,
7290000178721,false,תפוצ'יפס בטעם טבעי 200 גרם,"שטראוס פריטו ליי בע""\מ )",IL,תפוציפס טבעי 200 גרם,גרמים,200.00,100 גרם,false,1,9.90,4.95,true,1,
7290000180212,false,שוקולד מריר עם שברי אגוזים פרה עלית 100 גרם,"שטראוס גרופ בע""מ",IL,שוקולד פרה מריר עם א,גרמים,100.00,100 גרם,false,1,5.50,5.50,true,1,
7290000185330,false,סילאן טבעי תמר כנרת 900 גר,טעמי הגליל,IL,סילאן טבעי תמר כנרת,גרמים,900.00,100 גרם,false,1,24.90,2.77,true,1,
7290000186030,false,מארז רביעייה מגבוני בתחליב וויטמין E האגיס,קימברלי קלארק,IL,מגבוני האגיס תחליב ד,Unknown,0.00,Unknown,false,1,36.50,36.50,true,1,
7290000186535,false,נייר טואלט תלת שכבתי לבן לילי 32 יחידות,לילי נייר טואלט חוגלה,IL,לילי טריו לבן 32 גלי,מטרים,537.28,מטר,false,1,44.90,0.08,true,1,
7290000186931,false,ניקול כריות קרצוף חתוכות 12 יח',ניקול,US,ניקול סקוטש חתוך 12,Unknown,0.00,Unknown,false,1,13.30,13.30,true,1,
7290000187860,false,מגבוני טואלט לחים לילי דיספנסר 40יח',עלבד משואות יצחק בעמ,IL,נייר טואלט לח לילי פ,Unknown,0.00,Unknown,false,1,7.50,7.50,true,1,
7290000187938,false,"נייר טואלט ""לילי"" פסטל 32 גלילים",לילי נייר טואלט חוגלה,IL,לילי פסטל 32 גלילים,מטרים,588.00,מטר,false,1,39.90,0.07,true,1,
7290000188270,false,קליניקס ממחטות אף אולטרא סופט 2*80 דף,חוגלה קימברלי,IL,קלינקס אול סופט זוג,Unknown,0.00,Unknown,false,1,15.50,15.50,true,1,
7290000189116,false,תבניות עגולות עבות במיוחד 5 יחידות ניקול,ניקול,CN,תבניות אינגליש קייק,Unknown,0.00,Unknown,false,1,10.90,10.90,true,1,
7290000189192,false,סופר מטלית מטליות נייר רב פעמיות ניקול 64 יחידות,קימברלי קולומביה,IL,סופר מגבת ניקול 64 י,מטרים,1.85,מטר,false,1,15.90,8.59,true,1,
7290000189260,false,תבניות מלבניות עבות וחזקות ניקול 5 יחידות,ניקול,CN,תבניות מלבניות 5 יח,Unknown,0.00,Unknown,false,1,10.90,10.90,true,1,
7290000189277,false,תבניות מלבניות עבות וחזקות ניקול 3 יחידות,ניקול,CN,תבניות מלבניות גדולו,Unknown,0.00,Unknown,false,1,10.90,10.90,true,1,
7290000189536,false,אשפתון שרוך מתכלה 52/65 ניקול 40 יח',אשפלסט,TR,שקיות אשפה ניקול 40,Unknown,0.00,Unknown,false,1,20.80,20.80,true,1,
7290000189659,false,מטליות לחות לרצפה ניקול 10 יחידות,עלבד משואות יצחק בעמ,IL,ניקול מטליות לחות לר,Unknown,0.00,Unknown,false,1,10.90,10.90,true,1,
7290000189680,false,ניקול זוג מטליות לחות לרצפה,חוגלה קימברלי,IL,מארז זוג מטליות לחות,Unknown,0.00,Unknown,false,1,25.90,25.90,true,1,
7290000189734,false,מטליות לחות לניקוי פרקט ניקול 10 יחידות,עלבד משואות יצחק בעמ,IL,מטליות לחות לפרקטים,Unknown,0.00,Unknown,false,1,17.90,17.90,true,1,
7290000189871,false,"שקיות אשפה עם שרוך 52 * 65 ס""מ ניקול 55 שקיות","אשפלסט תעשיות בע""מ",IL,אשפתון מתכלה ניקול 5,Unknown,0.00,Unknown,false,1,19.90,19.90,true,1,
7290000190068,false,מפיות נייר ניקול 100 יחידות,חוגלה קימברלי,IL,מפיות ניקול 100,Unknown,0.00,Unknown,false,1,8.90,8.90,true,1,
7290000190150,false,מפיות מודפסות תלת שכבתיות ניקול 20 יחידות,חוגלה קימברלי,SI,מפיות ניקול מודפסות,יחידה,1.00,יחידה,false,1,8.50,8.50,true,1,
7290000190853,false,לילי פיור נייר טואלט דו שכבתי לבן 30 גלילים,לילי נייר טואלט חוגלה,IL,לילי פיור נייר טואלט,מטרים,588.00,מטר,false,1,45.90,0.08,true,1,
7290000191539,false,חמישיית ממחטות טישו צבועני לילי 100 יחידות,חוגלה קימברלי,IL,ממחטות נייר לילי 5 י,Unknown,0.00,Unknown,false,1,12.90,12.90,true,1,
7290000191546,false,ממחטות טישו צבעוני 2 שכבות לילי מארז 100X3יח',חוגלה קימברלי,IL,לילי צבעוני 90 דף*3,Unknown,0.00,Unknown,false,1,9.90,9.90,true,1,
7290000191966,false,נייר טואלט לילי לח נטורל קר 48 דפים,עלבד משואות יצחק בעמ,IL,נייר טואלט לח לילי נ,Unknown,0.00,Unknown,false,1,7.50,7.50,true,1,
7290000192581,false,מגבת נייר גליל כפול ניקול 12=6 גליל,קימברלי-קלארק,IL,נייר מגבת ניקול 6=12,מטרים,129.72,מטר,false,1,20.90,0.16,true,1,
7290000193014,false,מגן תחתון פדיות אינטרלוד לילי 50 יחידות,חוגלה קימברלי,CZ,לילי אינטרלוד,Unknown,0.00,Unknown,false,1,13.40,13.40,true,1,
7290000194288,false,משטח החתלה האגיס 10 יחידות,חוגלה קימברלי,BE,האגיס משטח החתלה,Unknown,0.00,Unknown,false,1,24.90,24.90,true,1,
7290000194837,false,ניקול - שקיות מזון + ידיות קשירה אקסטרה לארג' 200 יח',ניקול,CN,שקיות מזון גדולות עם,Unknown,0.00,Unknown,false,1,16.60,16.60,true,1,
7290000195537,false,מגבונים לחים לעור רגיש ללא בישום האגיס 4*64 יחידות,חוגלה קימברלי,IL,מגבוני האגיס רביעיה,Unknown,0.00,Unknown,false,1,21.90,21.90,true,1,
7290000195773,false,רביעיית מגבון אלוורה ושקד האגיס 64 יחידות,חוגלה קימברלי,IL,מגבוני האגיס קמומיל,Unknown,0.00,Unknown,false,1,21.90,21.90,true,1,
7290000196039,false,"מפות שולחן איריס ח""פ ניקול 2 יח'",חוגלה קימברלי,IL,מפות שולחן ניקול זוג,Unknown,0.00,Unknown,false,1,12.00,12.00,true,1,
7290000196763,false,"שקיות אשפה חזקות במיוחד עם שרוך 52 * 65 ס""מ ניקול 40 יחידות","אשפלסט תעשיות בע""מ",IL,השקית החזקה ניקול 40,Unknown,0.00,Unknown,false,1,25.90,25.90,true,1,
7290000197029,false,שקיות ריצ'רץ' רב תכליתיות ניקול 12 יחידות,קריות זול,IL,שקיות ריצרץ לאיחסון,Unknown,0.00,Unknown,false,1,18.90,18.90,true,1,
7290000197081,false,ניקול ניילון נצמד 150 מטר+מתקן לחיתוך קל,חוגלה קימברלי,IL,ניילון נצמד ניקול עם,מטרים,150.00,מטר,false,1,28.90,0.19,true,1,
7290000197425,false,חיתולים פרידום דריי שלב 3 האגיס 52 יחידות,קימברלי קלארק ישראל,IL,האגיס פרידום דריי של,Unknown,0.00,Unknown,false,1,43.90,43.90,true,1,
7290000197432,false,שקיות אוכל סנדביצ'ון ניקול מארז 150X2יח',"אשפלסט תעשיות בע""מ",IL,זוג סנדביצון ענק,Unknown,0.00,Unknown,false,1,12.90,12.90,true,1,
7290000197470,false,שקיות רב שימושיות מתכלות ניקול 250 יחידות,"אשפלסט תעשיות בע""מ",IL,שקיות רב שימושיות,Unknown,0.00,Unknown,false,1,17.90,17.90,true,1,
7290000197654,false,ניקול אשפתון שקיות אשפה ענקיות 45 יח',"אשפלסט תעשיות בע""מ",IL,אשפתון ניקול ענק 45,Unknown,0.00,Unknown,false,1,21.50,21.50,true,1,
7290000197876,false,תבנית אלומיניום 26 קטנה ניקול 4 יחידות,חוגלה קימברלי,CN,מגשית חד פעמית ניקול,Unknown,0.00,Unknown,false,1,8.90,8.90,true,1,
7290000197883,false,תבנית אלומיניום 100 גדולה ניקול 4 יחידות,חוגלה קימברלי,CN,מגשית 100 כסופה - חי,Unknown,0.00,Unknown,false,1,8.90,8.90,true,1,
7290000197999,false,רדיד אלומיניום עבה ניקול זוגי 30X7.5מ',קריות זול,IL,זוג רדיד ניקול עבה,מטרים,15.00,מטר,false,1,18.70,1.25,true,1,
7290000199313,false,קוטקס יאנג תחבושות עם כנפיים נורמל חדש30,חוגלה קימברלי,CZ,קוטקס לנערות 28 יח,Unknown,0.00,Unknown,false,1,19.90,19.90,true,1,
7290000201979,false,האגיס מגבונים ללא בישום רביעייה מהדורה,חוגלה קימברלי,IL,מגבוני האגיס מארז די,Unknown,0.00,Unknown,false,1,21.90,21.90,true,1,
7290000204086,false,ניקול כרית קרצוף מארז שלישייה,חוגלה קימברלי,US,סקוטש ניקול שלישייה,Unknown,0.00,Unknown,false,1,10.90,10.90,true,1,
7290000204215,false,שישיית כרית יפנית ניקול 6 יחידות,פלסטו פוליש (ברקן),IL,כרית ניקול שישייה,Unknown,0.00,Unknown,false,1,10.90,10.90,true,1,
7290000204253,false,מטליות רב שימושיות לניקיון ניקול 9 יחידות,נועם אורים-קיבוץ אור,IL,מטליות ניקול 9 יח,Unknown,0.00,Unknown,false,1,9.90,9.90,true,1,
7290000204512,false,מטליות לחות לניקוי רצפה בריח לימון ניקול 10 יחידות,עלבד משואות יצחק בעמ,IL,מטליות לחות לרצפה בר,Unknown,0.00,Unknown,false,1,10.90,10.90,true,1,
7290000207162,false,רוטב עגבניות מרכיב טבעי 100 ג' יכין,"זנלכל בע""\מ",IL,רוטב עגבניות יכין 10,גרמים,100.00,100 גרם,false,1,2.50,2.50,true,1,
7290000208077,false,אפונת גינה רגילה 550 גרם יכין,"זנלכל בע""\מ",IL,אפונת גינה רגילה 550,גרמים,550.00,100 גרם,false,1,8.50,1.55,true,1,
7290000208114,false,"אפונה וגזר יכין A2 פ""ק בית יוסף","זנלכל בע""\מ",IL,אפונה וגזר יכין 550,גרמים,550.00,100 גרם,false,1,8.50,1.55,true,1,
7290000208213,false,שעועית לבנה אפויה A2 ברוטב עגבניות יכין 560ג',היינץ צפון אמריקה מק,IL,שעועית יכין אפויה 58,גרמים,580.00,100 גרם,false,1,8.50,1.47,true,1,
7290000208220,false,"שעועית צ'לי יכין פ""ק A2 בית יוסף",היינץ צפון אמריקה מק,IL,שעועית צלי חריף A2,גרמים,550.00,100 גרם,false,1,9.90,1.80,true,1,
7290000208312,false,גרעיני תירס מתוק בואקום יכין 400 גר',"זנלכל בע""\מ",IL,תירס מתוק יכין 400 ג,גרמים,400.00,100 גרם,false,1,6.90,1.73,true,1,
7290000208329,false,גרעיני תירס מתוק 550 גרם יכין,"זנלכל בע""\מ",IL,תירס גרעינים 550 גר,גרמים,550.00,100 גרם,false,1,8.50,1.55,true,1,
7290000208336,false,רסק יכין 240גר 22% יכין בית יוסף,"זנלכל בע""\מ",IL,רוטב עגבניות יכין 24,גרמים,240.00,100 גרם,false,1,4.50,1.88,true,1,
7290000208350,false,עגבניות מרוסקות בצל 850 גר יכין A 2.5,זנלכל,IL,עגבניות מרוסקות בצל,גרמים,800.00,100 גרם,false,1,9.90,1.24,true,1,
7290000208404,false,פול מצרי יכין 350 גרם,"זנלכל בע""\מ",IL,פול יכין 560 גרם,גרמים,560.00,100 גרם,false,1,8.90,1.59,true,1,
7290000208428,false,יכין חומוס בשימורים 550 גרם,"זנלכל בע""\מ",IL,חומוס יכין שלם 550 ג,גרמים,550.00,100 גרם,false,1,8.50,1.55,true,1,
7290000208459,false,"לקט אפונה, תפוחי אדמה וגזר יכין 550 גרם","זנלכל בע""\מ",IL,לקט תפוחי אדמה A2 יכ,גרמים,550.00,100 גרם,false,1,9.90,1.80,true,1,
7290000208855,false,רוטב לפסטה קלאסי 240 גרם יכין,"זנלכל בע""\מ",IL,רוטב לפסטה 260 גרם י,מיליליטרים,260.00,"100 מ""ל",false,1,6.50,2.50,true,1,
7290000208893,false,גרעיני תירס מתוק לייט 400 גרם יכין,היינץ צפון אמריקה מק,IL,תירס ואקום לייט 400,גרמים,400.00,100 גרם,false,1,6.90,1.73,true,1,
7290000208930,false,עגבניות מרוסקות בתוספת שום 240 גרם יכין,"זנלכל בע""מ",IL,עגבניות +שום 260 גרם,גרמים,260.00,100 גרם,false,1,6.50,2.50,true,1,
7290000208947,false,עגבניות מרוסקות יכין 260 גרם,היינץ צפון אמריקה מק,IL,עגבניות מרוסקות 260,גרמים,260.00,100 גרם,false,1,6.50,2.50,true,1,
7290000208978,false,רוטב עגבניות פריכוז יכין 100 גרם,היינץ צפון אמריקה מק,IL,רסק עגבניות פריכוז 1,גרמים,100.00,100 גרם,false,1,3.40,3.40,true,1,
7290000209012,false,חומץ 1ליטר יכין הדרים,"זנלכל בע""\מ",IL,חומץ הדרים 1 ליטר,מיליליטרים,1000.00,"100 מ""ל",false,1,5.90,0.59,true,1,
7290000209371,false,תירס מתוק יכין 200 גרם מארז 3 יח',היינץ צפון אמריקה מק,IL,שלישיית תירס יכין 16,גרמים,165.00,100 גרם,false,1,14.90,9.03,true,1,
7290000209388,false,תירס מתוק לייט יכין 200 גרם מארז 3 יח',"זנלכל בע""\מ",IL,שלישיית תירס לייט יכ,גרמים,165.00,100 גרם,false,1,14.90,9.03,true,1,
7290000209708,false,עגבניות מרוסקות עם בזיליקום יכין 240 גרם,היינץ צפון אמריקה מק,IL,עגבניות +בזיליקום 26,גרמים,260.00,100 גרם,false,1,6.50,2.50,true,1,
7290000209722,false,רוטב עגבניות פריכוז יכין 580 גרם,"זנלכל בע""\מ",IL,רסק עגבניות פריכוז A,גרמים,580.00,100 גרם,false,1,10.90,1.88,true,1,
7290000209913,false,עגבניות חתוכות לקוביות 240 גרם יכין,"זנלכל בע""\מ",IL,עגבניות קוביות 260 ג,גרמים,260.00,100 גרם,false,1,6.50,2.50,true,1,
7290000209944,false,רוטב לעגבניות בסיס לשקשוקה 240 ג' יכין,"זנלכל בע""\מ",IL,רוטב עגבניות לשקשוק,גרמים,260.00,100 גרם,false,1,6.50,2.50,true,1,
7290000209951,false,רוטב עגבניות לפיצה 260 גרם יכין,"זנלכל בע""\מ",IL,רוטב עגבניות לפיצה,גרמים,260.00,100 גרם,false,1,6.50,2.50,true,1,
7290000209968,false,רוטב עגבניות ללזניה יכין 240 גרם,"זנלכל בע""\מ",IL,רוטב עגבניות ללזניה,גרמים,260.00,100 גרם,false,1,6.50,2.50,true,1,
7290000210148,false,אפונה ירוקה אלפא 550 גר,,,אפונה ירוקה אלפא 550,גרמים,550.00,100 גרם,false,1,8.90,1.62,true,1,
7290000210469,false,עגבניות שלמות יכין A2.5 בית יוסף,זנלכל,IL,עגבניות 2.5 A שלמות,גרמים,850.00,100 גרם,false,1,9.90,1.16,true,1,
7290000210896,false,רוטב לפסטה בולונז 240 גרם יכין,"זנלכל בע""מ",IL,רוטב בולונז 260 גרם,מיליליטרים,260.00,"100 מ""ל",false,1,6.50,2.50,true,1,
7290000211169,false,"אורז תאילנדי אחד אחד סוגת 1 ק""ג",האי נאם סי או אל.טי.,IL,"אורז תאילנדי 1 ק""ג",קילוגרמים,0.00,"ק""ג",false,1,7.90,7.90,true,1,
7290000211374,false,"קמח חיטה מלא סוגת 1 ק""ג",טחנת קמח דגן-שטיבל,IL,"קמח מלא 1 ק""ג סוגת",גרמים,1000.00,100 גרם,false,1,7.50,0.75,true,1,
7290000211442,false,"אורז פרסי קלאסי סוגת 1 ק""ג",האי נאם סי או אל.טי.,IL,"אורז פרסי 1 ק""ג סוג",גרמים,1000.00,100 גרם,false,1,10.80,1.08,true,1,
7290000211503,false,סוכר לבן ארוז בשקית,"סוגת תעשיות בע""\מ",IL,"סוכר לבן 1 ק""ג",קילוגרמים,0.00,"ק""ג",false,1,4.60,4.60,true,1,
7290000211626,false,"סוגת אורז חיש 1 ק""ג","סוגת תעשיות בע""\מ",IL,"אורז חיש 1 ק""ג",גרמים,1000.00,100 גרם,false,1,11.90,1.19,true,1,
7290000211985,false,"סוגת אורז עגול ריזוטו 1 ק""ג","סוגת תעשיות בע""\מ",IL,אורז עגול 1 קג,גרמים,1000.00,100 גרם,false,1,9.90,0.99,true,1,
7290000238029,false,"בצק עלים צרפתי מרודד מעדנות 1 ק""ג",מיוצר עי קונדיטוריית,IL,"בצק עלים מרודד 1 ק""ג",גרמים,1000.00,100 גרם,false,1,20.90,2.09,true,1,
7290000238036,false,מלאווח בקופסא מעדנות 700 גרם,מיוצר עי קונדיטוריית,IL,מלאווח מעדנות 700 גר,גרמים,700.00,100 גרם,false,1,16.90,2.41,true,1,
7290000240541,false,ריבועי בצק עלים מעדנות 800 גרם,מיוצר עי קונדיטוריית,IL,ריבועי בצק עלים 800,גרמים,800.00,100 גרם,false,1,28.90,3.61,true,1,
7290000244051,false,"הוואי שלישיית סבון נוזלי משב טרופי 500 מ""ל",טרופיקל דגיל,IL,סבון נוזלי הוואי שמי,ליטרים,0.00,ליטר,false,1,19.40,19.40,true,1,
7290000244082,false,"הוואי שלישיית סבון נוזלי שמיים כחולים 500 מ""ל",טרופיקל דגיל,IL,סבון נוזלי הוואי שמי,ליטרים,0.00,ליטר,false,1,19.40,19.40,true,1,
7290000245157,false,מרכך כביסה סנסיישין לבן 4 ל' סוד,"הנקל סוד בע""\מ",IL,סוד סנסיישן 4 ל מרכך,ליטרים,0.00,ליטר,false,1,18.80,18.80,true,1,
7290000245294,false,"א.כ. פרסיל סופרא שקית 2.5 ק""ג","הנקל סוד בע""\מ",IL,אבקת כביסה פרסיל 2.5,קילוגרמים,0.00,"ק""ג",false,1,29.50,29.50,true,1,
7290000253220,false,שוקולד צ'יפס חום אופנהיימר 260 גר',אופנהיימר,IL,שוקולד ציפס אופנהיימ,גרמים,260.00,100 גרם,false,1,10.60,4.08,true,1,
7290000253251,false,שוקולד צ'יפס לבן אופנהיימר 250 גרם,אופנהיימר,IL,שוקו ציפס לבן אופנהי,גרמים,300.00,100 גרם,false,1,10.60,3.53,true,1,
7290000267043,false,שקדים מולבנים פרוסים השף 100 גרם,"דין שיווק וקלייה בע""",IL,שקד מולבן פרוס 100 ג,גרמים,100.00,100 גרם,false,1,12.80,12.80,true,1,
7290000272726,false,חומץ רכיבים רכיבים טבעיים 5% עסיס 1 ליטר,בית-השיטה עסיס תעשיות מז,IL,חומץ טבעי עסיס 5% -1,מיליליטרים,1000.00,"100 מ""ל",false,1,6.90,0.69,true,1,
7290000286228,false,ספוגיות לניקוי כללי סנו סושי 6 יחידות,סנו מפעלי ברונו בעמ,IL,סנו סושי כרית יפנית,Unknown,0.00,Unknown,false,1,10.00,10.00,true,1,
7290000286549,false,מטליות לניקוי כללי סנו סושי 9 יחידות,נועם אורים תעשיות בע,IL,סנו סושי מטלית לכל 9,Unknown,0.00,Unknown,false,1,9.90,9.90,true,1,
7290000286761,false,ניילון נצמד סנו סושי פלסטיק מארז 30X2 מ',מיוצר עי קונדיטוריית,CN,ניילון נצמד פלוס ללא,מטרים,30.00,מטר,false,1,10.50,0.35,true,1,
7290000287195,false,"סנו רהיט ספריי עשיר בווקס להברקה 305 מ""ל",מיוצר עי קונדיטוריית,IL,סנו רהיט אירוסול 30,מיליליטרים,300.00,"100 מ""ל",false,1,15.40,5.13,true,1,
7290000287409,false,"שלישיית סנובון תות לאסלה ""סנו""",סנו מפעלי ברונוס בעמ,IL,סנובון שלישייה תות,גרמים,165.00,100 גרם,false,1,13.90,8.42,true,1,
7290000287492,false,"סנובון נוזל לניקוי אסלות בריח לימון סנו 750 מ""ל","סנו מפעלי ברונוס בע""מ",IL,סנובון נוזלי לימון,מיליליטרים,750.00,"100 מ""ל",false,1,11.40,1.52,true,1,
7290000287607,false,"אקוה בלו סבון לניאגרה סנו 150 מ""ל",סנו מפעלי ברונוס בעמ,IL,סנו בלו גדול,גרמים,150.00,100 גרם,false,1,24.90,16.60,true,1,
7290000288048,false,סנו זאוול מרסס מונבלאן 1 ליטר,"סנו מפעלי ברונוס בע""מ",IL,סנו זאוול מרסס מונבל,מיליליטרים,1000.00,"100 מ""ל",false,1,18.90,1.89,true,1,
7290000288737,false,סנו מקסימה ירוק שקית 1.25 קג מאסק,,,סנו מקסימה ירוק שקית,קילוגרמים,0.00,"ק""ג",false,1,15.40,15.40,true,1,
7290000289069,false,סנו - ז'אוול מרסס קצף ניקוי בתוספת אקונומיקה בריח לימון 1 ליטר,"סנו מפעלי ברונוס בע""מ",IL,סנו זאוול מרסס לימון,מיליליטרים,1000.00,"100 מ""ל",false,1,18.90,1.89,true,1,
7290000289380,false,"סנו - ז'אוול לניקוי אסלות לימון 750 מ""ל",סנו מפעלי ברונוס בעמ,IL,גל ניקוי אסלה סנו זא,מיליליטרים,750.00,"100 מ""ל",false,1,16.60,2.21,true,1,
7290000289472,false,סנו סושי שקיות אשפה - 50 יחידות,מיוצר עי קונדיטוריית,IL,סנו סושי שקיות אשפה,Unknown,0.00,Unknown,false,1,17.90,17.90,true,1,
7290000289892,false,"סנו פרש ענק מאונטן טורקיז 375 מ""ל",סנו fresh,IL,סנופרש יבש מאונטן,מיליליטרים,375.00,"100 מ""ל",false,1,12.40,3.31,true,1,
7290000292687,false,סנובון מוצק לניקוי אסלה קלאסיק כחול סנו 3 יחידות,מיוצר עי קונדיטוריית,IL,סנובון כחול שלישייה,Unknown,0.00,Unknown,false,1,16.90,16.90,true,1,
7290000293943,false,"מרסס לבן מסיר אבנית 1 ליטר אנטי קאלק ""סנו""",מיוצר עי קונדיטוריית,IL,מרסס סנו אנטי קאלק 1,מיליליטרים,1000.00,"100 מ""ל",false,1,17.90,1.79,true,1,
7290000294780,false,אקונומיקה סמיכה בריח לימון סנו ז'אוול 4 ליטר,"סנו מפעלי ברונוס בע""מ",IL,סנו זאוול סמיכה 4 לי,ליטרים,0.00,ליטר,false,1,16.90,16.90,true,1,
7290000295299,false,סנו סושי כריות הפלא רב תכלתיות רביעייה,סנו מפעלי ברונו בעמ,IL,סנו סושי כריות הפלא,Unknown,0.00,Unknown,false,1,9.50,9.50,true,1,
7290000295336,false,סנו מקסימה אבקת כביסה סנסטיב מילוי1.25,סנו מפעלי ברונוס בעמ,IL,סנו מקסימה סנסטיב שק,קילוגרמים,0.00,"ק""ג",false,1,15.40,15.40,true,1,
7290000295404,false,שקיות אשפה עם שרוך 54 * 65 סנו סושי 60 יחידות,מיוצר עי קונדיטוריית,IL,סנו סושי אשפה 60 שק,Unknown,0.00,Unknown,false,1,21.90,21.90,true,1,
7290000295503,false,זוג שקיות מזון טבע 19*25 סנו סושי 150 יחידות,"אשפלסט תעשיות בע""מ",CN,סנו סושי 150 שקיות ב,Unknown,0.00,Unknown,false,1,12.90,12.90,true,1,
7290000295558,false,"רדיד אלומיניום רוחב 30 ס""מ סנו סושי 2 יח' 7.5 מטר",מולינו ניקולי s.p.a,TR,סנו סושי צמד רדידי א,מטרים,15.00,מטר,false,1,9.90,0.66,true,1,
7290000295565,false,"רדיד אלומיניום רוחב 45 ס""מ סנו 2 יח' 7.5 מטר",בורסה פאזרי,TR,צמד רדיד אלומיניום 7,מטרים,15.00,מטר,false,1,16.90,1.13,true,1,
7290000300900,false,שניצל תירס מרכיבים טבעיים טבעול 750 גרם,עיצובים 2020 (4.8),IL,שניצל תירס 750 גרם,גרמים,750.00,100 גרם,false,1,24.90,3.32,true,1,
7290000303598,false,שעועית לבנה ברוטב עגבניות פרי הגליל 570 גרם,"פרי הגליל בע""""מ",IL,שעועית לבנה אפויה במ,גרמים,550.00,100 גרם,false,1,7.90,1.44,true,1,
7290000303604,false,חומוס שלם מוכן לאכילה פרי הגליל 550 גרם,השוואת מחירונים,IL,חומוס שלם A2 פרי גלי,גרמים,550.00,100 גרם,false,1,7.90,1.44,true,1,
7290000307220,false,גרעיני תירס מתוק בואקום פרי הגליל 285 גרם,"פרי הגליל בע""""מ",IL,תירס מתוק בואקום OZ,גרמים,450.00,100 גרם,false,1,6.90,1.53,true,1,
7290000307237,false,גרעיני תירס מתוק פרי הגליל 550 גרם,"פרי הגליל בע""""מ",IL,תירס מתוק 550 גר A2,גרמים,550.00,100 גרם,false,1,7.90,1.44,true,1,
7290000311203,false,"וופלים בטעם שוקולד ""מן"" 200 גרם",תות ממתקי איכות,IL,מן וופל שוקו 200 גר,גרמים,200.00,100 גרם,false,1,5.50,2.75,true,1,
7290000311258,false,מן וופל מצופה שוקולד 250 גרם,"רוקחמן בע""מ",IL,ופל מצופה 250 גרם,גרמים,250.00,100 גרם,false,1,8.90,3.56,true,1,
7290000311876,false,מן-וופלים בטעם וניל ללא תוספת סוכר 180ג,"רוקחמן בע""מ",IL,"וופל בטעם וניל ללת""ס",גרמים,180.00,100 גרם,false,1,8.90,4.94,true,1,
7290000313160,false,זהבה ושלושת הדובים עוגיות בטעם שוקולד אסם 350 גרם,"הגביע מוצרי וופלים בע""\מ",IL,עוגיות חברים זהבה 3,גרמים,250.00,100 גרם,false,1,8.30,3.32,true,1,
7290000313528,false,חלת שמרים,,,חלה בית מאפה שמרים,Unknown,0.00,Unknown,false,1,15.90,15.90,true,1,
7290000315126,false,קנור ציר עוף משחתי 300 ג,יוניליוור ישראל מזון בע\,IL,ציר עוף 300 גרם קנור,גרמים,300.00,100 גרם,false,1,26.50,8.83,true,1,
7290000315133,false,קנור ציר בקר משחתי 300ג,יוניליוור ישראל מזון בע\,IL,ציר בקר 300 גרם קנור,גרמים,300.00,100 גרם,false,1,26.50,8.83,true,1,
7290000327020,false,"שישיית פפסי פחית צרה *330 מ""ל","מודרן גרופ משקאות בע""\מ",IL,פפסי פחית צרה 330 שי,ליטרים,0.00,ליטר,false,1,19.50,19.50,true,1,
7290000327044,false,"שישיית סבן אפ פחית צרה *330 מ""ל","מודרן גרופ משקאות בע""\מ",IL,סבן אפ פחית צרה 330,ליטרים,0.00,ליטר,false,1,19.50,19.50,true,1,
7290000334684,false,תפוגן טבעות בצל 700 גרם,"תעשיות תפוגן בע""\מ",IL,טבעות בצל 700 גרם תפ,גרמים,700.00,100 גרם,false,1,17.90,2.56,true,1,
7290000336282,false,"פריגת סיידר צלול 330 מ""ל בקבוק",טמפו משקאות בעמ,IL,פריגת סיידר צלול 3,מיליליטרים,330.00,"100 מ""ל",false,1,8.20,2.48,true,1,
7290000339566,false,מרכך כביסה ורד בדין 4 ליטר,יוניליור ישראל טיפוח איש,IL,בדין 4 ליטר ורוד,ליטרים,0.00,ליטר,false,1,21.90,21.90,true,1,
7290000341071,false,בדין - מרכך כביסה בייבי לבן 2 ליטר,יוניליור ישראל טיפוח איש,IL,בדין בייבי 2 ליטר,ליטרים,0.00,ליטר,false,1,14.90,14.90,true,1,
7290000342856,false,מרכך כביסה כחול בדין 4 ליטר,יוניליור ישראל טיפוח איש,IL,בדין 4 ליטר כחול,ליטרים,0.00,ליטר,false,1,19.90,19.90,true,1,
7290000345055,false,תה עלים ארל גריי ויסוצקי 100 גרם,מולינו ניקולי s.p.a,IL,תה ארל גריי 100 גרם,גרמים,100.00,100 גרם,false,1,18.70,18.70,true,1,
7290000345208,false,תה כחול קלאסיק ויסוצקי 25 יחידות,תה ויסוצקי,IL,תה ויסוצקי 25 שקיקים,Unknown,0.00,Unknown,false,1,7.70,7.70,true,1,
7290000345215,false,תה כחול קלאסיק ויסוצקי 100 יחידות,מולינו ניקולי s.p.a,IL,תה קלאסיק 100 שקיקים,גרמים,100.00,100 גרם,false,1,16.90,16.90,true,1,
7290000345260,false,תה קלאסיק מעטפות ויסוצקי 25 יחידות,מולינו ניקולי s.p.a,IL,תה ויסוצקי 25 שקיקים,Unknown,0.00,Unknown,false,1,8.40,8.40,true,1,
7290000345284,false,תה ויסוצקי קלאסי אריזה ירוקה מרובעת (100 שקיקים),מולינו ניקולי s.p.a,IL,תה קלאסיק 100 שקיקים,גרמים,150.00,100 גרם,false,1,15.90,10.60,true,1,
7290000345291,false,תה ארל גריי ויסוצקי 25 יחידות,תה ויסוצקי,IL,תה ארל גריי 25 שקיקי,Unknown,0.00,Unknown,false,1,14.90,14.90,true,1,
7290000345307,false,תה ארל גריי ויסוצקי 50 יחידות,תה ויסוצקי,IL,תה ארל גריי 50 שקיקי,Unknown,0.00,Unknown,false,1,29.90,29.90,true,1,
7290000345536,false,תה נענע ויסוצקי 25 יחידות,מולינו ניקולי s.p.a,IL,תה נענע 25 שקיקים 1.,Unknown,0.00,Unknown,false,1,22.90,22.90,true,1,
7290000345666,false,תה אינגליש ברקפסט 25 שקיקים 2 גרם,ויסוצקי,IL,תה אינגליש ברקפסט 25,Unknown,0.00,Unknown,false,1,18.60,18.60,true,1,
7290000346021,false,חליטת קמומיל הגן הקסום ויסוצקי 50 יחידות,בית ויסוצקי,IL,חליטת קמומיל בבונג ג,Unknown,0.00,Unknown,false,1,35.90,35.90,true,1,
7290000346120,false,חליטת קינמון הגן הקסום ויסוצקי 25 יחידות,תה ויסוצקי,IL,חליטת קסם הקינמון 25,Unknown,0.00,Unknown,false,1,18.90,18.90,true,1,
7290000346137,false,חליטת הילולי פירות הגן הקסום ויסוצקי 25 יחידות,תה ויסוצקי,IL,חליטת הילולי פירות,Unknown,0.00,Unknown,false,1,18.90,18.90,true,1,
7290000346144,false,הגן הקסום תה עינוגי התפוח ויסוצקי 25 יחידות,תה ויסוצקי,IL,חליטת עינוגי התפוח,Unknown,0.00,Unknown,false,1,18.90,18.90,true,1,
7290000346168,false,חליטת שומר הגן הקסום ויסוצקי 25 יחידות,תה ויסוצקי,IL,חליטת שומר 25 שקיקים,Unknown,0.00,Unknown,false,1,18.90,18.90,true,1,
7290000346199,false,חליטת פירות יער הגן הקסום ויסוצקי 25 יחידות,תה ויסוצקי,IL,חליטת פירות היער 25,Unknown,0.00,Unknown,false,1,18.90,18.90,true,1,
7290000346205,false,חליטת קמומיל הגן הקסום ויסוצקי 25 יחידות,תה ויסוצקי,IL,חליטת קמומיל 25 שקיק,Unknown,0.00,Unknown,false,1,18.90,18.90,true,1,
7290000346212,false,חליטת מנטה הגן הקסום ויסוצקי 25 יחידות,תה ויסוצקי,IL,תה בטעם מנטה 25 שקיק,Unknown,0.00,Unknown,false,1,18.90,18.90,true,1,
7290000346229,false,הגן הקסום תה ורד הבר והיביסקוס ויסוצקי 25 יחידות,תה ויסוצקי,IL,חליטת ורד הבר 25 שקי,Unknown,0.00,Unknown,false,1,18.90,18.90,true,1,
7290000346236,false,חליטת לואיזה וורבנה הגן הקסום ויסוצקי 25 יחידות,תה ויסוצקי,IL,חליטת לואיזה 25 שקיק,Unknown,0.00,Unknown,false,1,18.90,18.90,true,1,
7290000346960,false,תה ויסוצקי נענע 1.7 גרם 50יח',בית ויסוצקי,IL,תה נענע 50 שקיקים,Unknown,0.00,Unknown,false,1,40.90,40.90,true,1,
7290000347738,false,תה ירוק נענע ויסוצקי 25 יחידות,תה ויסוצקי,IL,תה ירוק נענע 25 שקיק,Unknown,0.00,Unknown,false,1,24.90,24.90,true,1,
7290000347752,false,תה ירוק לימונית ולואיזה 25 שקיקים *1.5 ג'' ויסוצקי,תה ויסוצקי,IL,תה ירוק לימונית לואי,Unknown,0.00,Unknown,false,1,24.90,24.90,true,1,
7290000355405,false,עגבניות מרוסקות עם בצל טל 800 גרם,"מילוז(1989)בע""""מ",IL,טל עגבניות מרוסקות+ב,גרמים,800.00,100 גרם,false,1,6.90,0.86,true,1,
7290000363011,false,סלמי קוניאק מובחר טירת צבי במשקל,הנסיך- מפעל לייצור ט,IL,סלמי קוניאק מובחר,Unknown,0.00,"ק""ג",true,0,75.00,75.00,true,1,
7290000363363,false,קבנוס נקניק מעושן יבש 160 גרם,הנסיך- מפעל לייצור ט,IL,קבנוס מיוחד 160 גרם,גרמים,160.00,100 גרם,false,1,20.90,13.06,true,1,
7290000363899,false,נקניקיות פיקנטיות טירת צבי 400 גרם,טירת צבי - מדף,IL,נקניקיות פיקנטיות,גרמים,400.00,100 גרם,false,1,12.90,3.23,true,1,
7290000364261,false,"דקניקים, סלסולי פסטרמה כתף בקר מעושנת 120 גרם",הנסיך- מפעל לייצור ט,IL,סלסולי כתף בקר 120גר,גרמים,120.00,100 גרם,false,1,13.90,11.58,true,1,
7290000364278,false,דקניקים סלסולי סלמי איטלקי משובח טירת צבי 120 גרם,הנסיך- מפעל לייצור ט,IL,סלסולי סלמי איטלקי,גרמים,120.00,100 גרם,false,1,13.90,11.58,true,1,
7290000364285,false,דקניקים סלסולי פסטרמה הודו טירת צבי 120 גרם,הנסיך- מפעל לייצור ט,IL,סלסולי פסטרמה הודו,גרמים,120.00,100 גרם,false,1,13.90,11.58,true,1,
7290000364292,false,דקניקים סלסולי פסטרמה הודו על גחלים 1% טירת צבי 120 גרם,הנסיך- מפעל לייצור ט,IL,סלסולי גחלים 120גר,גרמים,120.00,100 גרם,false,1,13.90,11.58,true,1,
7290000364803,false,נקניקיות בקר אמריקאיות טירת צבי 500 גרם,הנסיך- מפעל לייצור ט,IL,נקניקיות קרנץ אמריקא,גרמים,500.00,100 גרם,false,1,27.90,5.58,true,1,
7290000364858,false,"נקניקיות עוף טרי טירת צבי 1 ק""ג",הנסיך- מפעל לייצור ט,IL,טירת צבי נקניקיות עו,קילוגרמים,0.00,"ק""ג",false,1,24.90,24.90,true,1,
7290000364872,false,נקניקיות עוף טירת צבי 400 גרם,טיב טירת צבי 2000,IL,נקניקיות עוף 400 גרם,גרמים,400.00,100 גרם,false,1,13.90,3.48,true,1,
7290000364957,false,נקניקיות עוף מיני מיני טירת צבי 700 גרם,הנסיך- מפעל לייצור ט,IL,נקניקיות מיני מיני ע,גרמים,700.00,100 גרם,false,1,24.90,3.56,true,1,
7290000365268,false,פסטרמה כפרית טיבטירת צבי,,,פסטרמה כפרית טיב,Unknown,0.00,"ק""ג",true,0,60.00,60.00,true,1,
7290000365398,false,חזה הודו בדבשטירת צבי,טירת- צבי,IL,חזה הודו בדבש,Unknown,0.00,"ק""ג",true,0,85.00,85.00,true,1,
7290000365909,false,פסטרמה הודו מעושנתטירת צבי,טירת- צבי,IL,פסטרמה הודו מעושנת,Unknown,0.00,"ק""ג",true,0,85.00,85.00,true,1,
7290000367590,false,פסטרמה כפרית וסלמי פריזר כפרי טירת צבי 2*400 גרם,טיב טירת צבי 2000,IL,צמד כפרי טירת צבי,גרמים,800.00,100 גרם,false,1,25.90,3.24,true,1,
7290000369037,false,סלט קוביות בולגרית גבינות ניצן 200 גרם,גבינות אמיר ניצן בעמ,IL,קוביות בולגרית מתובל,גרמים,200.00,100 גרם,false,1,17.70,8.85,true,1,
7290000369617,false,מעדן כדורי פטה בשמן מתובל ניצן 230 גרם,גבינות אמיר ניצן בעמ,IL,כדורי פטה מתובלים 15,גרמים,150.00,100 גרם,false,1,17.70,11.80,true,1,
7290000369709,false,חמאה עירונית בתוספת ריחן ושום טרי גבינות ניצן 100 גרם,גבינות אמיר ניצן בעמ,IL,חמאה מתובלת 100 גר,גרמים,100.00,100 גרם,false,1,15.60,15.60,true,1,
7290000377209,false,בוטן מטוגן קליית גת 200 גרם,"ג'י אנד ג'י בע""מ",IL,בוטן מטוגן 200 גרם,גרמים,200.00,100 גרם,false,1,7.30,3.65,true,1,
7290000377452,false,גרעיני אבטיח קליית גת 200 גרם,הדקלאים אגודת שיתופי,IL,גרעיני אבטיח שקית 20,גרמים,200.00,100 גרם,false,1,15.10,7.55,true,1,
7290000390536,false,לבבות חסה,,,לבבות חסה,Unknown,0.00,Unknown,false,1,10.90,10.90,true,1,
7290000408316,false,יוגורט דנונה דל לקטוז 200 גרם,מיוצר עי קונדיטוריית,IL,דנונה דל לקטוז,גרמים,200.00,100 גרם,false,1,3.50,1.75,true,1,
7290000408354,false,יוגורט עם אורז מצופה שוקולד קקאו 175 ג' דנונה,"שטראוס בריאות בע""\מ",IL,דנונה בר פצפוצים 173,גרמים,173.00,100 גרם,false,1,4.30,2.49,true,1,
7290000412481,false,נוזל לניקוי אסלות 00 סנו 1 ליטר,מיוצר עי קונדיטוריית,IL,סנו מנקה אסלות 00 1,מיליליטרים,1000.00,"100 מ""ל",false,1,8.90,0.89,true,1,
7290000416021,false,ממרח בטעם שוקולד השחר חלבי 500,השחר העולה,IL,ממרח השחר 500 גרם,גרמים,500.00,100 גרם,false,1,13.90,2.78,true,1,
7290000416045,false,"קרם מובחר למריחה השחר 1 ק""ג",השחר העולה תעשייות מ,IL,"ממרח השחר 1 ק""ג",גרמים,1000.00,100 גרם,false,1,24.90,2.49,true,1,
7290000419220,false,מארז קפה לנדוור לבוקר 3 יח 100 גרם,קפה לנדוור,IL,מארז קפה לנדוור לבוק,גרמים,300.00,100 גרם,false,1,24.90,8.30,true,1,
7290000419374,false,שלישיית קפה טחון טורקי לנדוור 100 גרם,קפה לנדוור,IL,מארז קפה טחון המקורי,גרמים,300.00,100 גרם,false,1,24.90,8.30,true,1,
7290000420325,false,"פופסטאר פופקורן למקירוגל בטעם טבעי 5 שקיות,500 גרם",פרסטון פארמס,US,פופ קורן טבעי למיקרו,גרמים,300.00,100 גרם,false,1,12.90,4.30,true,1,
7290000420332,false,פופסטאר פופקורן למיקרוגל בטעם חמאה 5 יחידות 500 גרם,פרסטון פארמס,US,פופ קורן חמאה למיקרו,גרמים,300.00,100 גרם,false,1,12.90,4.30,true,1,
7290000430102,false,קוביות קרח בשקית מיסטר אייס 2 קילו,"אייס (קיובס) בע""מ -",IL,"קוביות קרח 2 ק""ג",קילוגרמים,0.00,"ק""ג",false,1,10.90,10.90,true,1,
7290000446547,false,חמאת בוטנים טבעית בטר אנד דיפרנט 350 גרם,"בטר אנד דיפרנט בע""מ",IL,חמאת בוטנים טבעית בט,גרמים,350.00,100 גרם,false,1,14.20,4.06,true,1,
7290000446554,false,"חמאת בוטנים טבעית בטר אנד דיפרנט 1 ק""ג",בטר אנד דיפרנט B&D,IL,חמאת בוטנים טבעית בט,גרמים,1000.00,100 גרם,false,1,26.90,2.69,true,1,
7290000453019,false,שמרים טריים לאפייה שקית שמרית 50 ג',"פאקא תעשיות בע""\מ",IL,שמרית בשקית 50 גרם,גרמים,50.00,100 גרם,false,1,4.90,9.80,true,1,
7290000453408,false,בצק פיצה דק מצונן ומוכן לאפייה שמרית 415 גרם,"פאקא תעשיות בע""מ",FR,בצק פיצה דק מצונן,גרמים,415.00,100 גרם,false,1,17.50,4.22,true,1,
7290000453415,false,בצק עלים מצונן ומוכן לאפייה שמרית 300 גרם,"פאקא תעשיות בע""מ",FR,בצק עלים מצונן ומוכן,גרמים,300.00,100 גרם,false,1,15.90,5.30,true,1,
7290000453422,false,בצק פילו מצונן ומוכן לאפייה שמרית 300 גרם,"פאקא תעשיות בע""מ",GR,בצק פילו מוכן לאפיה,גרמים,300.00,100 גרם,false,1,16.70,5.57,true,1,
7290000453446,false,פיצה קראסט בצק שמרים מצונן להכנת פיצה ופוקצ'ה,"פאקא תעשיות בע""מ",IL,פיצה קראסט שמרית 500,גרמים,500.00,100 גרם,false,1,22.90,4.58,true,1,
7290000453798,false,שמרית שמרים יבשים אקטיביים 500 גר',"גי' בי' רכיבים בע""מ",IL,שמרים יבשים אקטיבים,גרמים,500.00,100 גרם,false,1,17.90,3.58,true,1,
7290000461625,false,בייגלה שמיניות מלח בייגל בייגל 400 ג',בייגל את בייגל מזון 198),IL,בייגלה שמיניות מלוח,גרמים,400.00,100 גרם,false,1,12.50,3.13,true,1,
7290000461656,false,בייגלה מקלות מלוחים בייגל בייגל 400 גרם,בייגל את בייגל מזון 198),IL,בייגלה אחד אחד 400 ג,גרמים,400.00,100 גרם,false,1,12.50,3.13,true,1,
7290000461724,false,בייגלה שמיניות גדולות שומשום בייגל בייגל,יוניליוור מזון,IL,בייגל גדול גדול שומש,גרמים,400.00,100 גרם,false,1,16.70,4.18,true,1,
7290000462103,false,סחוג תימני אדום חריף עדין זהבי הכרם 150 גרם,קריניסה ויטמין אס אי,IL,סחוג זהבי אדום 150 ג,גרמים,150.00,100 גרם,false,1,9.90,6.60,true,1,
7290000462141,false,סחוג אדום תימני מקורי חריף מאוד זהבי 150 גרם,קריניסה ויטמין אס אי,IL,זחוק אדום מריף מאוד,גרמים,350.00,100 גרם,false,1,10.40,2.97,true,1,
7290000462172,false,סחוג תימני ירוק חריף זהבי הכרם 150 גרם,קריניסה ויטמין אס אי,IL,סחוג זהבי ירוק חריף,גרמים,150.00,100 גרם,false,1,10.40,6.93,true,1,
7290000467153,false,מלך החומוס סמיר הגדול 400 גרם צבר,סלטי צבר,IL,חומוס סמיר הגדול 400,גרמים,400.00,100 גרם,false,1,13.90,3.48,true,1,
7290000474502,false,גבינה לבנה טרה 5% מרכיבים טבעיים,הפריט בפיקוח,IL,גבינה לבנה 5%,גרמים,250.00,100 גרם,false,1,4.98,1.99,true,1,
7290000474540,false,טוב טעם גבינה לבנה 3% לבישול ואפיה,קריות זול,IL,טוב טעם 250 גרם,גרמים,250.00,100 גרם,false,1,11.90,4.76,true,1,
7290000480107,false,קוואקר שיבולת שועל פחית 500 גרם,וולקרס סנקס לימיטד,GB,קוואקר שיבולת שועל פ,גרמים,500.00,100 גרם,false,1,12.90,2.58,true,1,
7290000480305,false,ממתיק מלאכותי הרמזית,HERMES,CH,הרמזית 400 טבליות,גרמים,400.00,100 גרם,false,1,21.90,5.48,true,1,
7290000480442,false,קוואקר שיבולת שועל בשקית 500 גרם,פריטו ליי FRITO-LAY,IL,קוואקר 500 גרם שקית,גרמים,500.00,100 גרם,false,1,9.90,1.98,true,1,
7290000483412,false,טפטופים מעורבים קישוטי עוגה מסוכר וחלבון,המרשלג פרלינס בעמ,IL,טיפטופי המרשלג 60 גר,Unknown,0.00,Unknown,false,1,13.90,13.90,true,1,
7290000483641,false,מרציפן חלה המרשלג 75 גרם,"המרשלג פרלינס בע""מ",IL,מרציפן חלה המרשלג 75,גרמים,75.00,100 גרם,false,1,9.60,12.80,true,1,
7290000484747,false,"ארק איילות 40% 700 מ""ל",יקב הגליל יוסף גולד ובניו,IL,"ערק עלית 40% 700 מ""ל",מיליליטרים,700.00,"100 מ""ל",false,1,55.90,7.99,true,1,
7290000493176,false,אסם אבקת רוטב צלי לבשר 22 ג',"אסם השקעות בע""\מ",IL,אבקת רוטב צלי לבשר-2,גרמים,22.00,100 גרם,false,1,4.90,22.27,true,1,
7290000493183,false,אבקת רוטב פטריות לבשר-30 גרם,"אסם השקעות בע""\מ",IL,אבקת רוטב פטריות לבש,גרמים,30.00,100 גרם,false,1,5.50,18.33,true,1,
7290000497044,false,"לחם אקטיב 750 גרם ""ברמן""",מאפית י את א ברמן בע,IL,לחם ברמן אקטיב 750 ג,גרמים,750.00,100 גרם,false,1,15.90,2.12,true,1,
7290000497112,false,"לחם כהה פרוס וארוז ""ברמן""-מוצר בפיקוח",מאפית י את א ברמן בע,IL,אחיד פרוס ברמן,גרמים,750.00,100 גרם,false,1,7.11,0.95,true,1,
7290000497198,false,מארז פיתות עשירייה אסלי,מאפית י את א ברמן בע,IL,ברמן פיתה אסלי 10 יח,Unknown,0.00,Unknown,false,1,12.90,12.90,true,1,
7290000497204,false,פיתה אסלי ברמן חמישי,מאפית י את א ברמן בע,IL,פיתות אסלי ברמן 5 יח,גרמים,500.00,100 גרם,false,1,6.90,1.38,true,1,
7290000497228,false,לחמניה רגילה בשקית ברמן 6יח',מאפית י את א ברמן בע,IL,שש לחמניות בשקית,גרמים,450.00,100 גרם,false,1,10.50,2.33,true,1,
7290000497273,false,לחמניות ברמן אקטיב 6יח 450גר,מאפית י את א ברמן בע,IL,לחמניות אקטיב ברמן 4,גרמים,450.00,100 גרם,false,1,14.50,3.22,true,1,
7290000497303,false,"שישיית לחמניות מקמח מלא ""ברמן""",מאפית י את א ברמן בע,IL,שש לחמניות בשקית,גרמים,450.00,100 גרם,false,1,12.50,2.78,true,1,
7290000497426,false,לחם ברמן לענין פלוס 500 גרם,מאפית י את א ברמן בע,IL,לחם ברמן לענין פלוס,גרמים,500.00,100 גרם,false,1,14.50,2.90,true,1,
7290000497532,false,"לחם מקמח מלא""לעניין"" 750 גר'",מאפית י את א ברמן בע,IL,לחם ברמן לעניין 750,גרמים,750.00,100 גרם,false,1,14.50,1.93,true,1,
7290000497570,false,לחם דגנים פלוס ברמן 500 גרם,מאפית י את א ברמן בע,IL,לחם דגנים פלוס ברמן,גרמים,500.00,100 גרם,false,1,14.50,2.90,true,1,
7290000498003,false,לחם מקמח חיטה מלא 750 גר,מאפית י את א ברמן בע,IL,לחח מקמח חיטה מלא 75,גרמים,750.00,100 גרם,false,1,15.90,2.12,true,1,
7290000498034,false,E-FREEלחם מקמח כוסמין מלא 750 גר',מאפית י את א ברמן בע,IL,לחם מקמח כוסמין מלא,גרמים,750.00,100 גרם,false,1,15.90,2.12,true,1,
7290000504049,false,סוכרזית קלאסי קנקן 1200 טבליות,אף.סי תבליני בגליל ב,IL,סוכרזית קנקן 1200 טב,Unknown,0.00,Unknown,false,1,31.50,31.50,true,1,
7290000504278,false,ממתיק סוכרזית אריזת פטנט 700 טבליות,אף.סי תבליני בגליל ב,IL,סוכרזית פטנט 700 טבל,גרמים,574.00,100 גרם,false,1,14.90,2.60,true,1,
7290000518114,false,אבקת סוכר מתוק וקל 200 גרם,קריות זול,IL,מתוק וקל אבקה 200 גר,גרמים,200.00,100 גרם,false,1,10.30,5.15,true,1,
7290000518336,false,ממתק צמר גפן מתוק מסיבים תזונתיים,מתוק וקל בעמ,IL,MOOOSH צמר גפן מתוק,גרמים,10.00,100 גרם,false,1,5.20,52.00,true,1,
7290000523125,false,מלח הארץ הים האדום 250 ג' עדין,"חברת מלח הארץ אילת בע""\מ",IL,מלח הארץ ים יבש 250,גרמים,250.00,100 גרם,false,1,5.50,2.20,true,1,
7290000523224,false,מלח הארץ הים האדום 500 ג' עדין,"חברת מלח הארץ אילת בע""\מ",IL,מלח הארץ ים יבש 500,גרמים,500.00,100 גרם,false,1,7.70,1.54,true,1,
7290000523521,false,מלח ים מלח הארץ 250 גרם מועשר ביוד,חברת מלח הארץ אילת ב,IL,מלח הארץ מועשר ביוד,גרמים,250.00,100 גרם,false,1,6.90,2.76,true,1,
7290000523804,false,"מלח עדין צנצנת 1 ק""ג מלח הארץ","חברת מלח הארץ אילת בע""\מ",IL,"מלח עדין 1 ק""ג צנצנת",גרמים,1000.00,100 גרם,false,1,7.90,0.79,true,1,
7290000523811,false,"צנצנת מלח גס 1 ק""ג מלח הארץ","חברת מלח הארץ אילת בע""\מ",IL,"מלח גס 1 ק""ג צנצנת",גרמים,1000.00,100 גרם,false,1,7.60,0.76,true,1,
7290000525969,false,מיץ תפוזים סחוט רכיבים טבעיים פרימור 1 ליטר,"גניר (1992) בע""מ",IL,מיץ תפוזים סחוט 1 ל,מיליליטרים,1000.00,"100 מ""ל",false,1,15.80,1.58,true,1,
7290000529691,false,תה ניקוזית 25 ת עשבי קדם,,,תה ניקוזית 25 ת עשבי,Unknown,0.00,Unknown,false,1,79.90,79.90,true,1,
7290000540580,false,מגבוני שקד בייבי רבעיה לתינוק,,IL,מגבוני שקד בייבי רבע,Unknown,0.00,Unknown,false,1,11.90,11.90,true,1,
7290000554402,false,מעדן חלב מלבי 5% גד 170 גרם,"מיוצר ע""\י קוד יצרן EDNK",IL,מעדן מלבי 160 גר,גרמים,160.00,100 גרם,false,1,5.60,3.50,true,1,
7290000554457,false,גבינה צפתית במליחות עדינה 5% גד 350 גרם,"מחלבות גד בע""\מ",IL,צפתית מיני 5% 350 גר,גרמים,350.00,100 גרם,false,1,19.90,5.69,true,1,
7290000554471,false,נקניק מוצרלה 22 אחוז 180גרם גד מהדרין,"מחלבות גד בע""\מ",IL,מוצרלה 180 גרם,גרמים,180.00,100 גרם,false,1,17.50,9.72,true,1,
7290000554532,false,גבינה צפתית מעודנת במלח ים 5% 200 ג' גד,הנסיך- מפעל לייצור ט,IL,צפתית מעודנת 5% במלח,גרמים,200.00,100 גרם,false,1,15.80,7.90,true,1,
7290000554600,false,מוצרלה מגורדת 22 אחוז 300גרם גד מהדרין,מחלבות גד בעמ,IL,מוצרלה מגורדת 300 גר,גרמים,300.00,100 גרם,false,1,26.60,8.87,true,1,
7290000554624,false,מעדן חלב ירח מתוק עם אורז 3% גד 150 גרם,"מיוצר ע""\י קוד יצרן EDNK",IL,מעדן ירח מתוק 150 גר,גרמים,150.00,100 גרם,false,1,6.00,4.00,true,1,
7290000554686,false,גבינת לאבנה בתוספת שמן זית וזעתר 5% גד 250 גרם,מחלבות גד בעמ,IL,לבנה בשמן זית וזעתר,גרמים,250.00,100 גרם,false,1,16.20,6.48,true,1,
7290000554822,false,ריקוטה גבינה לבנה בסגנון איטלקי 5% גד 250 גרם,מחלבות גד בעמ,IL,ריקוטה 250 גרם,גרמים,250.00,100 גרם,false,1,14.90,5.96,true,1,
7290000555501,false,פיקדון 30 אגורות,,,פיקדון 30 אגורות,Unknown,0.00,Unknown,false,1,0.30,0.30,true,1,
7290000555505,false,פיקדון שישיית בירה 7,,,פיקדון זוג,Unknown,0.00,Unknown,false,1,0.60,0.60,true,1,
7290000555510,false,פיקדון ארק/גולד,,,פיקדון שלישייה,Unknown,0.00,Unknown,false,1,0.90,0.90,true,1,
7290000560533,false,אדג' ג'ל גילוח ירוק לעור רגיל 198גרם,אס.סי ג'ונסון ובניו,US,אדג גל רגיל 198 גר,גרמים,198.00,100 גרם,false,1,20.90,10.56,true,1,
7290000571188,false,גבינת גאודה תום עיזים במשקל,תנובה מרכז שיתופי לש,IL,גבינת גאודה תום עיזי,Unknown,0.00,"ק""ג",true,0,160.00,160.00,true,1,
7290000571232,false,גבינת גאודה טבעי פרוס 200 גרם,גבינות משק אחים מאיר בית,IL,גבינת גאודה טבעי פרו,גרמים,200.00,100 גרם,false,1,21.90,10.95,true,1,
7290000571294,false,גבינת גאודה מעושנת ב,מחלבה בית יצחק,IL,גאודה מעושנת,Unknown,0.00,"ק""ג",true,0,125.00,125.00,true,1,
7290000571300,false,גבינה גאודה פרוס מעושנת המחלבה 150ג',גבינות משק אחים מאיר,IL,גבינת גאודה מעושנת,גרמים,200.00,100 גרם,false,1,21.90,10.95,true,1,
7290000571478,false,גבינת תום עיזים פרוס המחלבה 200 גרם,גבינות משק אחים מאיר בית,IL,גבינת תום עיזים פרוס,גרמים,200.00,100 גרם,false,1,39.40,19.70,true,1,
7290000571485,false,משקה יוגורט עזים 1 ליטר יוגורמה המחלבה,גבינות משק אחים מאיר,IL,משקה יוגורט עיזים 1,מיליליטרים,1000.00,"100 מ""ל",false,1,22.90,2.29,true,1,
7290000571812,false,גבינת פרמז'ן מגורד 200 גרם,גבינות משק אחים מאיר,IL,פרמזן מגורד המחלבה 2,גרמים,200.00,100 גרם,false,1,22.90,11.45,true,1,
7290000571881,false,"משקה יוגורט מחלב עיזים 3.6% 500 מ""ל",גבינות משק אחים מאיר,IL,משקה יוגורט מחלב עיז,מיליליטרים,500.00,"100 מ""ל",false,1,12.50,2.50,true,1,
7290000571928,false,"יוגורמה כבשים עם גרעינים, אגוזים וחמוציות ממותקות",המחלבה מבית יצחק,IL,יוגורמה יוגורט כבשים,גרמים,140.00,100 גרם,false,1,6.20,4.43,true,1,
7290000571935,false,יוגורמה יוגורט כבשים עם גרנולה 140 גר,גבינות משק אחים מאיר בית,IL,יוגורמה יוגורט כבשים,גרמים,140.00,100 גרם,false,1,6.20,4.43,true,1,
7290000572536,false,אחווה חלווה ווניל במגש 400 גר,אחדות ביחר לטחינה חל,IL,אחווה חלווה ווניל במ,גרמים,400.00,100 גרם,false,1,14.90,3.73,true,1,
7290000654546,false,פילה אמנון 7-9 100% דג תנובה,תנובה,CN,פילה אמנון קפוא 7-9,Unknown,0.00,"ק""ג",true,0,34.90,34.90,true,1,
7290000662817,false,סלמון מעושן 100 גרם נורבגי מדג טרי,דגי תנובה,צ'ילה (TDE),סלמון מעושן 100 גרם,גרמים,100.00,100 גרם,false,0,23.90,23.90,true,1,
7290000688374,false,"מים מינרליים מי עדן בייבי 6*330 מ""ל","מופק ממקור בזלתי עדן ,1",IL,שישיית מי עדן בייבי,ליטרים,0.00,ליטר,false,1,16.50,16.50,true,1,
7290000688381,false,שישיית מי עדן פקק ספורט 0.5 ליטר,"מופק ממקור בזלתי עדן ,1",IL,מי עדן שישיה אישי,מיליליטרים,3000.00,"100 מ""ל",false,1,14.90,0.50,true,1,
7290000688503,false,"מים מינרלים פקק ספורט מי עדן 6*750 מ""ל","מופק ממקור בזלתי עדן ,1",IL,שישיית מים ספורט 750,מיליליטרים,4500.00,"100 מ""ל",false,1,15.90,0.35,true,1,
7290000789538,false,קרנץ שמרים,,,קרנץ שמרים,Unknown,0.00,Unknown,false,1,43.90,43.90,true,1,
7290000909387,false,ניוקי תפוח אדמה 1 קג,סיאם אלימינטרי,IT,"ניוקי תפו""א 1 ק""ג Av",גרמים,1000.00,100 גרם,false,1,10.40,1.04,true,1,
7290000979427,false,עגבניות שרי כתום לבבות,אראל תוצרת חקלאית בע,IL,עגבניות שרי כתום,Unknown,0.00,Unknown,false,1,11.90,11.90,true,1,
7290000982113,false,מגי עגבניות טעם,חקלאי,IL,עגבניית טעם,Unknown,0.00,"ק""ג",true,0,11.90,11.90,true,1,
7290000993461,false,שרי צהוב לבבות ארוז,אראל תוצרת חקלאית בע,IL,שרי צהוב,Unknown,0.00,Unknown,false,1,9.90,9.90,true,1,
7290000995410,false,נבטים סיניים נבטי העמק,נסטלה פורינה USA קר,IL,נבטים סינים,Unknown,0.00,Unknown,false,1,6.90,6.90,true,1,
7290000995441,false,קייל כרוב על 300 גרם,יובל שריגיאן,IL,קייל - כרוב על,Unknown,0.00,Unknown,false,1,16.90,16.90,true,1,
7290000995953,false,כוסברה ארוז,,,כוסברה,Unknown,0.00,Unknown,false,1,4.90,4.90,true,1,
7290001045688,false,"מיץ תפוזים סחוט פרימור 400 מ""ל",פרימור,IL,"תפוזים סחוט 400 מ""ל",מיליליטרים,400.00,"100 מ""ל",false,1,10.90,2.73,true,1,
7290001065983,false,פסיליום 340 גר`,,,פסיליום 340 גר`,Unknown,0.00,Unknown,false,1,64.90,64.90,true,1,
7290001172650,false,כוס גרנית אספרסו 50 יח,,,כוס גרנית אספרסו 50,Unknown,0.00,Unknown,false,1,5.90,5.90,true,1,
7290001191194,false,דג נילוס מעושן פרוס בוואקום 200 גר,,IL,דג נילוס מעושן פרוס,גרמים,200.00,100 גרם,false,0,46.90,23.45,true,1,
7290001199008,false,גזר בסגנון קוריאני 250 גרם,סלטי עמים ברדה,,גזר בסגנון קוריאני 2,גרמים,250.00,100 גרם,false,1,9.40,3.76,true,1,
7290001199053,false,חציל תיאלנדי - ברדה,סלטי עמים ברדה,,חציל תאילנדי 500גר,גרמים,500.00,100 גרם,false,1,14.90,2.98,true,1,
7290001199107,false,סוטא אוקראיני 500 גרם,סלטי עמים ברדה,IL,סוטא אוקראיני 500 גר,גרמים,450.00,100 גרם,false,1,13.50,3.00,true,1,
7290001199244,false,"סלט כרוב במלח 1 ק""ג",סלטי עמים ברדה,IL,כרוב במלח 1 קג,גרמים,1000.00,100 גרם,false,1,16.90,1.69,true,1,
7290001199343,false,חזרת 180 גרם,סלטי עמים ברדה,IL,חזרת 180 גרם,גרמים,180.00,100 גרם,false,1,9.40,5.22,true,1,
7290001199404,false,"כרוב במלח עם חמוציות 1 ק""ג",סלטי עמים ברדה,,כרוב במלח עם חמוציות,גרמים,1000.00,100 גרם,false,1,18.90,1.89,true,1,
7290001199435,false,חציל פיקנטי 500 גרם,סלטי עמים ברדה,IL,חציל פיקנטי 500 גר,גרמים,500.00,100 גרם,false,1,14.50,2.90,true,1,
7290001199510,false,חמוצים טעם ביתי טורשי1קג,סלטי עמים ברדה,,חמוצים בטעם ביתי 700,גרמים,700.00,100 גרם,false,1,16.50,2.36,true,1,
7290001216040,false,טחינה גולמית שומשום טהור אל ארז 500 גרם,אגס ירוק מסחר ושירותים,IL,טחינה 500 גרם טחינת,גרמים,500.00,100 גרם,false,1,15.90,3.18,true,1,
7290001216057,false,"טחינה שומשום טהור אל ארז 1 ק""ג",אגס ירוק מסחר ושירותים,IL,"טחינה 1 ק""ג טחינת אל",גרמים,500.00,100 גרם,false,1,31.90,6.38,true,1,
7290001216231,false,טחינה גולמית שומשום מלא אל ארז 500 גרם,אגס ירוק מסחר ושירותים,IL,טחינה מלאה 500 גרם ט,גרמים,500.00,100 גרם,false,1,16.90,3.38,true,1,
7290001230331,false,סיגריות כאמל בוקס חפ,Unknown,CH,כאמל בוקס חפיסה,Unknown,0.00,Unknown,false,1,31.90,31.90,true,1,
7290001230428,false,פאטר אן לטיפול בציפורנים,RAN רן בוטניקל,IL,פאטר אן 10 מ`ל,Unknown,0.00,Unknown,false,1,64.90,64.90,true,1,
7290001231932,false,ווינסטון כחול בוקס חפיסה,Unknown,CH,ווינסטון כחול בוקס ח,Unknown,0.00,Unknown,false,1,34.50,34.50,true,1,
7290001235938,false,וינסטון כחול ארוך חפיסה,Unknown,CH,ווינסטון כחול ארוך,Unknown,0.00,Unknown,false,1,33.90,33.90,true,1,
7290001245712,false,אקונומיקה 4 ליטר טאצ,,,אקונומיקה 4 ליטר טאצ,Unknown,0.00,Unknown,false,1,9.90,9.90,true,1,
7290001245729,false,ג'ל כביסה ירוקה טאצ 3 ליטר סלקט,,IL,גל כביסה ירוק 3 ליטר,Unknown,0.00,Unknown,false,1,19.90,19.90,true,1,
7290001245736,false,ג'ל כביסה כחול טאצ' 3 ליטר סלקט,,IL,גל כביסה כחול 3 ליטר,Unknown,0.00,Unknown,false,1,19.90,19.90,true,1,
7290001246085,false,טאצ' מרסס ניקוי חלונות 1 ליטר,,IL,ניקוי חלונות 1 ליטר,Unknown,0.00,Unknown,false,1,6.90,6.90,true,1,
7290001246092,false,"תרסיס מסיר שומנים 750 מ""ל טאצ'",סאסאטק,IL,תרסיס מסיר שומנים 75,Unknown,0.00,Unknown,false,1,10.90,10.90,true,1,
7290001246122,false,"תרסיס ניקוי כללי+אקונומיקה 750 מ""ל טאצ",סאסאטק,IL,תרסיס ניקוי כללי+אקו,Unknown,0.00,Unknown,false,1,10.90,10.90,true,1,
7290001246535,false,תרסיס נירוסטה 400 מל,,,ת. נירוסטה 400 מל טא,Unknown,0.00,Unknown,false,1,17.90,17.90,true,1,
7290001246757,false,נוזל רצפות מלון בוטיק טאצ' 2 ליטר,,,נוזל רצפות מלון בוטי,Unknown,0.00,Unknown,false,1,18.90,18.90,true,1,
7290001246900,false,אקופרינד-מסיר שומנים 750 מל,אקופרנד,IL,אקופרינד-מסיר שומנים,מיליליטרים,750.00,"100 מ""ל",false,1,18.90,2.52,true,1,
7290001246955,false,אקופרנד לשטיפה וניקוי פירות וירקות 1 ליט,סאסאטק,IL,אקופרנד לשטיפה וניקו,מיליליטרים,1000.00,"100 מ""ל",false,1,19.90,1.99,true,1,
7290001246962,false,אקופרינד-נוזל כלים תפוז 1 ליטר,פ.פ.ח. שאביט,IL,אקופרינד-נוזל כלים ת,מיליליטרים,1000.00,"100 מ""ל",false,1,15.40,1.54,true,1,
7290001246979,false,אקופרינד-נוזל כלים 1 ליטר לימון,סאסאטק,IL,אקופרינד-נוזל כלים 1,מיליליטרים,1000.00,"100 מ""ל",false,1,15.40,1.54,true,1,
7290001247082,false,מיץ עגבניות רכיבים טבעיים ספרינג 1 ליטר,יפאורה שותפות מובגלת לשיווק,IL,קרטונית נקטר ספרינג,מיליליטרים,1000.00,"100 מ""ל",false,1,6.60,0.66,true,1,
7290001247099,false,קרטונית נקטר ספרינג מנגו 1 ליטר,יפאורה שותפות מובגלת לשיווק,IL,קרטונית נקטר ספרינג,מיליליטרים,1000.00,"100 מ""ל",false,1,6.90,0.69,true,1,
7290001247105,false,קרטונית נקטר ספרינג אפרסק 1 ליטר,יפאורה שותפות מובגלת לשיווק,IL,קרטונית נקטר ספרינג,מיליליטרים,1000.00,"100 מ""ל",false,1,6.90,0.69,true,1,
7290001247112,false,קרטונית נקטר ספרינג לימונענע 1 ליטר,יפאורה שותפות מובגלת לשיווק,IL,קרטונית נקטר ספרינג,מיליליטרים,1000.00,"100 מ""ל",false,1,6.90,0.69,true,1,
7290001247143,false,קרטונית נקטר ספרינג תפוחים 1 ליטר,יפאורה שותפות מובגלת לשיווק,IL,קרטונית נקטר ספרינג,מיליליטרים,1000.00,"100 מ""ל",false,1,6.90,0.69,true,1,
7290001258446,false,"יעקבס יוגורט כבשים 5% 850 מ""ל",גבינות משק יעקבס,IL,יוגורט צאן 5% 850 מל,מיליליטרים,850.00,"100 מ""ל",false,1,20.00,2.35,true,1,
7290001258668,false,עז-מה גבינת עיזים למריחה 5%,גבינות משק יעקבס,IL,עז-מה יחידה,גרמים,250.00,100 גרם,false,1,17.70,7.08,true,1,
7290001258682,false,"יוגורט עיזים באריזה 500 מ""ל",גבינות משק יעקבס,IL,יוגורט עיזים באריזה,מיליליטרים,500.00,"100 מ""ל",false,1,13.10,2.62,true,1,
7290001258958,false,מוצרלה מגורדת יעקבס 200 גרם,גבינות משק יעקבס,IL,מוצרלה מגורדת 200 גר,גרמים,200.00,100 גרם,false,1,26.50,13.25,true,1,
7290001258972,false,גבינת חלומי בואקום 2,גבינות משק יעקבס,IL,חלומי 200 גר,גרמים,200.00,100 גרם,false,1,26.50,13.25,true,1,
7290001305058,false,"פלמוליב - נטורלס תחליב רחצה חלב ודבש 500 מ""ל",הנסיך- מפעל לייצור ט,TR,פלמוליב נטורלס סבון,מיליליטרים,500.00,"100 מ""ל",false,1,19.80,3.96,true,1,
7290001305188,false,"נוזל לניקוי כלים בריח לימון פלמוליב 750 מ""ל",יבואן ומשווק: ש. שסט,GR,פלמוליב לכלים אקטיב,מיליליטרים,750.00,"100 מ""ל",false,1,8.90,1.19,true,1,
7290001343845,false,גרנולה עם פירות יבשים ומסוכרים,הנסיך- מפעל לייצור ט,IL,"גרנולה פירות 1 ק""ג ו",גרמים,1000.00,100 גרם,false,1,22.90,2.29,true,1,
7290001356562,false,פילה הרינג בטעמים 160 גר,,,פילה הרינג בטעמים 16,גרמים,160.00,100 גרם,false,1,16.90,10.56,true,1,
7290001361009,false,עוגת טורט קייבסקי,האי נאם סי או אל.טי.,IL,טורט קייבסקי,גרמים,700.00,100 גרם,false,1,79.90,11.41,true,1,
7290001361016,false,עוגת גינגי שכבות בצק,GS עבור נטו מלינדה ס,IL,עוגה גינגית 600 גרם,גרמים,600.00,100 גרם,false,1,44.90,7.48,true,1,
7290001361047,false,אקלרים ריבת חלב (400 ג' ),,,אקלרים ריבת חלב 400,גרמים,400.00,100 גרם,false,1,44.90,11.23,true,1,
7290001361054,false,אקלרים פטיסייר (600 ג'),אף.סי תבליני בגליל ב,IL,אקלרים וניל 600 גרם,גרמים,600.00,100 גרם,false,1,43.90,7.32,true,1,
7290001361061,false,פחזניות בציפוי שוקולד 600 גרם,"נטלי פלוס בע""מ",IL,פחזניות בציפוי שוקול,גרמים,600.00,100 גרם,false,1,47.90,7.98,true,1,
7290001361085,false,עוגת נפוליאון פס 600,אף.סי תבליני בגליל ב,IL,עוגת נפוליאון,גרמים,600.00,100 גרם,false,1,44.90,7.48,true,1,
7290001361092,false,עוגת פיצוץ פס 400 גר,GS עבור נטו מלינדה ס,IL,עוגת פיצוץ,גרמים,400.00,100 גרם,false,1,46.90,11.73,true,1,
7290001361153,false,עוגת פיצוץ גדולה 1 ק,נטלי פלוס,,"עוגה פיצוץ 1.1 ק""ג",קילוגרמים,0.00,"ק""ג",false,1,108.90,108.90,true,1,
7290001361160,false,עוגה מיסטיקה אננס 750 גר,נטלי פלוס,,עוגה מיסטיקה אננס 75,גרמים,750.00,100 גרם,false,1,86.90,11.59,true,1,
7290001361177,false,עוגת דובדבנים פס 650,נטלי פלוס,,עוגת דובדבנים,גרמים,650.00,100 גרם,false,1,49.90,7.68,true,1,
7290001361207,false,עוגת פס אוכמניות 650,נטלי פלוס,,עוגת אוכמניות,גרמים,650.00,100 גרם,false,1,48.90,7.52,true,1,
7290001361269,false,פס קייבסקי ללא קמח 3,נטלי פלוס בעמ,IL,טורט פס קייב 350 גרם,גרמים,350.00,100 גרם,false,1,49.90,14.26,true,1,
7290001361290,false,עוגת מוצרט נטלי,"נטלי פלוס בע""מ",IL,"טורט מוצרט 1 ק""ג",גרמים,1000.00,100 גרם,false,1,108.90,10.89,true,1,
7290001361436,false,פס שמנת סמנטיק 550 גרם,נטלי פלוס בעמ,IL,פס שמנת סמנטיק 550 ג,גרמים,550.00,100 גרם,false,1,46.90,8.53,true,1,
7290001361450,false,עוגת מותק - ריבת חלב 650 ג',נטלי פלוס,,עוגת ריבת חלב,גרמים,600.00,100 גרם,false,1,69.90,11.65,true,1,
7290001361733,false,פס אלפחורס נטלי 550 גרם,נטלי פלוס בעמ,IL,פס אלפחורס נטלי,גרמים,550.00,100 גרם,false,1,46.90,8.53,true,1,
7290001361894,false,פס טראפלס שוקולד 450 ג',נטלי פלוס,,פס טראפלס 500 גר,גרמים,500.00,100 גרם,false,1,39.90,7.98,true,1,
7290001361931,false,פחזניות במילוי גבינה (350 ג'),האי נאם סי או אל.טי.,IL,פחזניות במילוי גבינה,גרמים,450.00,100 גרם,false,1,36.90,8.20,true,1,
7290001361979,false,פס גבינה פירורים ללא סוכר 450 ג',נטלי פלוס,,"פס גבינה ללת""ס",גרמים,500.00,100 גרם,false,1,44.90,8.98,true,1,
7290001407134,false,פרוסות חלבה קלאסית וניל פולי קקאו 400 גר,רושדי תעשיות מזון בע,IL,פרוסות חלבה קלאסית ו,גרמים,400.00,100 גרם,false,1,16.90,4.23,true,1,
7290001407813,false,חלבה שאמית וניל עם פיסטוק במרקם מעודן,"רושדי תעשיות מזון בע""\מ",IL,חלבה שאמית פיסטוק 35,גרמים,350.00,100 גרם,false,1,17.30,4.94,true,1,
7290001407820,false,חלווה שאמית וניל קלאסית בארכה 350ג',רושדי תעשיות מזון בע,IL,חלבה שאמית קלאסית 35,גרמים,350.00,100 גרם,false,1,17.30,4.94,true,1,
7290001407837,false,חלבה שאמית עם פולי קקאו בארכה 350 גרם,רושדי תעשיות מזון בע,IL,חלבה שאמית קקאו 350,גרמים,350.00,100 גרם,false,1,17.30,4.94,true,1,
7290001407936,false,טחינה גולמית מעודנת לחיץ בארכה 310ג',"רושדי תעשיות מזון בע""\מ",IL,בארכה טחינה מעודנת 3,גרמים,310.00,100 גרם,false,1,12.50,4.03,true,1,
7290001425664,false,אלסבון סדרת שמן הזית,,,אל סבון זית 1 ליטר,ליטרים,0.00,ליטר,false,1,10.00,10.00,true,1,
7290001427019,false,קשת מיץ תפוזים טבעי 500 מל,קשת מיצים טבעיים,IL,"מיץ תפוז קשת 500 מ""ל",מיליליטרים,500.00,"100 מ""ל",false,1,17.90,3.58,true,1,
7290001427033,false,מיץ תפוחים רכיבים טב,"פריניב בע""מ",IL,מיץ תפוחים 1 ליטר,מיליליטרים,1000.00,"100 מ""ל",false,1,18.90,1.89,true,1,
7290001427132,false,"משקה רימון 500 מ""ל פריניב זכוכית",קשת מיצים טבעיים,IL,"מיץ רימונים 500 מ""ל",מיליליטרים,500.00,"100 מ""ל",false,1,24.90,4.98,true,1,
7290001427255,false,קשת מיץ תפוח פט 1 ליטר,קשת רמת הגולן,IL,קשת מיץ תפוחים טבעי,מיליליטרים,1000.00,"100 מ""ל",false,1,17.60,1.76,true,1,
7290001427347,false,מיץ תפוחים 100% סחוט תוז סמית 1לי,פרי ניב,IL,מיץ תפוחים סמית קשת,מיליליטרים,1000.00,"100 מ""ל",false,1,22.90,2.29,true,1,
7290001482094,false,גבינה פרמז'נו משולשים ויליפוד 200ג',זנטי אס. אי לאלין,IT,פרמזנו 200 גר,גרמים,200.00,100 גרם,false,1,28.50,14.25,true,1,
7290001485019,false,גבינת קרם שמנת טבעי 5% טרה 200 גרם,קריות זול,IL,גבינה שמנת טבעי 5% 2,גרמים,200.00,100 גרם,false,1,12.90,6.45,true,1,
7290001515310,false,שש כריות קרצוף יפניות סקוטש ברייט,סקוטצ' ברייט Scotch Brite,,שישיית כריות קרצוף,Unknown,0.00,Unknown,false,1,12.50,12.50,true,1,
7290001515631,false,שלושה ספוגי קרצוף קשיחים ארוכים אדומים,סקוטצ' ברייט Scotch Brite,ES,שלושה ספוגי קרצוף,Unknown,0.00,Unknown,false,1,10.80,10.80,true,1,
7290001581049,false,שיפודי פרגיות קפוא מזרע,,,שיפודי פרגיות קפואים,Unknown,0.00,"ק""ג",true,0,64.90,64.90,true,1,
7290001581094,false,כנפיים עוף ללא נוצות טרי,,,כנפיים עוף ללא נוצות,Unknown,0.00,"ק""ג",true,0,17.90,17.90,true,1,
7290001581797,false,בשר עגל טחון קפוא,,IL,בשר עגל טחון קפוא,גרמים,600.00,100 גרם,false,1,32.90,5.48,true,1,
7290001588321,false,כוסברה אורגנית,,,פטרוזליה אורגנית,Unknown,0.00,Unknown,false,1,6.90,6.90,true,1,
7290001588338,false,כוסברה אורגנית,,,כוסברה אורגנית,Unknown,0.00,Unknown,false,1,6.90,6.90,true,1,
7290001588345,false,שמיר אורגני,,,שמיר אורגני,Unknown,0.00,Unknown,false,1,6.90,6.90,true,1,
7290001588352,false,אבוקדו אורגני ארוז ב,שדות בר,IL,אבוקדו אורגני,Unknown,0.00,"ק""ג",true,0,38.90,38.90,true,1,
7290001588437,false,מלפפון אורגני ארוז ב,שדות בר,IL,מלפפון אורגני שדות,Unknown,0.00,"ק""ג",true,0,14.90,14.90,true,1,
7290001588444,false,עגבניה אורגנית,,,עגבניה אורגנית שדות,Unknown,0.00,"ק""ג",true,0,14.90,14.90,true,1,
7290001588550,false,תפוח אדמה אורגני,,,תפוח אדמה אורגני,Unknown,0.00,"ק""ג",true,0,4.90,4.90,true,1,
7290001588703,false,גזר ארוז מגשית אורגני,,,גזר ארוז מגשית אורגנ,Unknown,0.00,"ק""ג",true,0,14.90,14.90,true,1,
7290001588963,false,לבבות חסה אורגני,,,לבבות חסה אורגני,Unknown,0.00,Unknown,false,1,11.00,11.00,true,1,
7290001594117,false,"פחית סליק פאנטה ענבים 330 מ""ל",,RO,פאנטה ענבים פחית 330,מיליליטרים,330.00,"100 מ""ל",false,1,5.40,1.64,true,1,
7290001594155,false,"קוקה-קולה בבקבוק אישי 500 מ""ל",החברה המרכזית לייצור משקאות,IL,"קוקה קולה 500 מ""ל",מיליליטרים,500.00,"100 מ""ל",false,1,7.50,1.50,true,1,
7290001594179,false,"פאנטה אורנג' בבקבוק אישי 500 מ""ל",החברה המרכזית לייצור משקאות,IL,"פאנטה אורנג 500 מ""ל",מיליליטרים,500.00,"100 מ""ל",false,1,7.50,1.50,true,1,
7290001594230,false,קינלי סודה בבקבוק זכוכית,החברה המרכזית לייצור,IL,"קינלי סודה 250 מ""ל",מיליליטרים,250.00,"100 מ""ל",false,1,2.90,1.16,true,1,
7290001594377,false,פריגת תפוזים 0.5 ליטר חייב בפקדון,מבשלות בירה בינלאומיות ב,IL,"פריגת תפוזים 500 מ""ל",מיליליטרים,500.00,"100 מ""ל",false,1,5.90,1.18,true,1,
7290001594384,false,פריגת אשכוליות 0.5 ליטר חייב בפקדון,מבשלות בירה בינלאומיות ב,IL,פריגת אשכוליות 500 מ,מיליליטרים,500.00,"100 מ""ל",false,1,5.90,1.18,true,1,
7290001594391,false,"פריגת משקה קל ענבים בבקבוק אישי 500 מ""ל",מבשלות בירה בינלאומיות ב,IL,פריגת ענבים 500,מיליליטרים,500.00,"100 מ""ל",false,1,5.90,1.18,true,1,
7290001594568,false,"קרלסברג פחית 500 מ""ל פקדון",מבשלות בירה בינלאומיות ב,RO,"קרלסברג פחית 500 מ""ל",מיליליטרים,500.00,"100 מ""ל",false,1,8.50,1.70,true,1,
7290001594575,false,"בירה טובורג רד פחית 500 מ""ל",מבשלות בירה בינלאומיות ב,IL,"בירה טובורג 500 מ""ל",מיליליטרים,500.00,"100 מ""ל",false,1,8.90,1.78,true,1,
7290001594810,false,"בירה שחורה מאלטי בקב' מארז 330X6מ""ל",החברה המרכזית לייצור משקאות,IL,"שישיית מאלט 330 מ""ל",מיליליטרים,1980.00,"100 מ""ל",false,1,31.90,1.61,true,1,
7290001594858,false,"שישייה בירה טובורג רד בקבוק 330 מ""ל",מבשלות בירה בינלאומיות ב,IL,טובורג רד שישייה בקב,מיליליטרים,1980.00,"100 מ""ל",false,1,29.90,1.51,true,1,
7290001594865,false,"שישייה בירה קרלסברג בקבוק 330 מ""ל",מבשלות בירה בינלאומיות ב,IL,קרלסברג שישיה בקבוק,מיליליטרים,1980.00,"100 מ""ל",false,1,29.90,1.51,true,1,
7290001670354,false,מפת שולחן ארוכה במיוחד סופגת במיוחד 137X274,הנמל,IL,מפת שולחן הנמל סופגת,Unknown,0.00,Unknown,false,1,12.90,12.90,true,1,
7290001780800,false,שלגון קראנץ שוקולד ליבת נוגט נסטלה 100 גרם,נסטלה גלידות,IL,קראנץ ליבת נוגט,Unknown,0.00,Unknown,false,1,9.90,9.90,true,1,
7290001791349,false,פיסגה אקונומיקה ריחנית סנו 4 ליטר,"סנו מפעלי ברונוס בע""מ",IL,פסגה אקונומיקה 4 ליט,ליטרים,0.00,ליטר,false,1,9.90,9.90,true,1,
7290001829011,false,מסננת רשת 25 סמ ידית,,,מסננת רשת 25 סמ ידית,Unknown,0.00,Unknown,false,1,39.90,39.90,true,1,
7290001829059,false,"מסננת רשת 7 ס""מ ידית לבנה",,,מסננת רשת 7 סמ ידית,Unknown,0.00,Unknown,false,1,9.90,9.90,true,1,
7290001881040,false,מלפפון בייבי כבוש במ,מאמא מרי,IL,מלפפון בייבי 600 גרם,גרמים,600.00,100 גרם,false,1,31.50,5.25,true,1,
7290001881095,false,עגבניות שרי כבושות 5,מאמא מרי,IL,עגבניות שרי 1 קג,קילוגרמים,0.00,"ק""ג",false,1,29.50,29.50,true,1,
7290001881293,false,תות שדה קפוא 300 גר,מאמא מרי,,תות שדה 300 גרם,גרמים,300.00,100 גרם,false,1,13.90,4.63,true,1,
7290001881873,false,"מאמא מרי כרוב עם חמוציות 1 ק""ג",מאמא מרי,,כרוב עם חמוציות 1 קג,קילוגרמים,0.00,"ק""ג",false,1,20.90,20.90,true,1,
7290001901656,false,היימיש פיש הדג המיוחד 7 קציצות 600 גרם,דג טעים בעמ,IL,היימיש פיש הדג המיוח,גרמים,600.00,100 גרם,false,1,17.90,2.98,true,1,
7290001990117,false,שומשום סוגת 100 גרם,האי נאם סי או אל.טי.,IL,שומשום 100 גרם,גרמים,100.00,100 גרם,false,1,4.50,4.50,true,1,
7290001990148,false,"סוכר גולדן קלאסי בצנצנת סוגת 1 ק""ג",האי נאם סי או אל.טי.,IL,סוכר גולדן קלאסי צנצ,גרמים,1000.00,100 גרם,false,1,12.90,1.29,true,1,
7290001990261,false,"סוגת חומוס 1 ק""ג","סוגת תעשיות בע""\מ",IL,"חומוס 1 ק""ג",גרמים,1000.00,100 גרם,false,1,15.40,1.54,true,1,
7290001990278,false,"שעועית לבנה סוגת 1 ק""ג","סוגת תעשיות בע""\מ",IL,"שעועית לבנה 1 ק""ג",גרמים,1000.00,100 גרם,false,1,21.90,2.19,true,1,
7290001990377,false,שעועית בובס 500 גרם סוגת,סוגת תעשיות בעמ,IL,שעועית בובס 500 גרם,גרמים,500.00,100 גרם,false,1,12.90,2.58,true,1,
7290001990391,false,אפונה יבשה 1קג סוגת,"סוגת תעשיות בע""\מ",IL,"אפונה 1 ק""ג",גרמים,1000.00,100 גרם,false,1,13.40,1.34,true,1,
7290001990421,false,"פופקורן גרעינים סוגת 1 ק""ג","סוגת תעשיות בע""\מ",IL,"פופקורן 1 ק""ג",גרמים,1000.00,100 גרם,false,1,10.90,1.09,true,1,
7290002000143,false,"חדש -פנג'ל ק.ידיים קלאסיק 80מ""ל",מיוצר עי קונדיטוריית,IL,"קרם ידיים פנגל 80 מ""",Unknown,0.00,Unknown,false,1,8.90,8.90,true,1,
7290002007036,false,כוסמת 500 גרם,הנמל,,כוסמת 500 גר,גרמים,500.00,100 גרם,false,1,8.20,1.64,true,1,
7290002007302,false,סוכריות לקישוט צבע אחיד 100 ג' הנמל,קריות זול,IL,מזרה צבע אחיד צנצנת,גרמים,100.00,100 גרם,false,1,7.10,7.10,true,1,
7290002007500,false,קיסמי שיניים הנמל במבוק 500 יחידות,הנמל אריזות ושיווק בעמ,IL,קיסמי שיניים בחבית,Unknown,0.00,Unknown,false,1,3.10,3.10,true,1,
7290002007852,false,"תמצית אפייה בטעמים שונים 55 מ""ל הנמל",ממתקי עלה יצור ושיוו,IL,תמציות לאפיה,Unknown,0.55,Unknown,false,1,4.20,7.64,true,1,
7290002008040,false,שיפודי במבוק הנמל 100 יחידות,"הנמל אריזות ושיווק בע""\מ",IL,שיפודים 30 סמ,Unknown,0.00,Unknown,false,1,3.90,3.90,true,1,
7290002008149,false,מדליק פחם מוצק הנמל אריזת 40יח',מ.א.יצור ויבוא מטליו,GB,מדליק פחמים מוצק הנמ,Unknown,0.00,Unknown,false,1,6.10,6.10,true,1,
7290002008187,false,קשים מתקפלים לשתיה הנמל 40 יחידות,יבוא ושיווק: הנמל אריזות,CN,קשים מתקפלים,Unknown,0.00,Unknown,false,1,1.70,1.70,true,1,
7290002008507,false,נייר אפיה הנמל 50 יחידות,"הנמל אריזות ושיווק בע""\מ",IL,נייר אפיה 50 יחידות,Unknown,0.00,Unknown,false,1,8.50,8.50,true,1,
7290002008651,false,קמח תפוחי אדמה הנמל 500 גרם,ר.ס. חברה ליבוא וייצ,IL,קמח תפוחי אדמה הנמל,גרמים,500.00,100 גרם,false,1,6.90,1.38,true,1,
7290002008668,false,צמרוני כותנה ביוטי הנמל עגול 200 יחידות,הנמל,TR,צמרונים עגול 200 יח,Unknown,0.00,Unknown,false,1,5.50,5.50,true,1,
7290002008743,false,סוכר וניל עשירייה הנמל 100 גרם,"מיוצר וארוז ע""י: ר.ס",IL,סוכר וניל 10,גרמים,100.00,100 גרם,false,1,2.50,2.50,true,1,
7290002008750,false,אבקת אפיה עשירייה הנמל 100 גרם,"מיוצר ע""י:ר.ס. חברה",IL,אבקת אפיה 10 יח,גרמים,100.00,100 גרם,false,1,2.50,2.50,true,1,
7290002008989,false,קישקשים קשים גמישים מאיכות מעולה,שיווק: הנמל אריזות ושיוו,CN,קשים 225 יח,Unknown,0.00,Unknown,false,1,11.90,11.90,true,1,
7290002019114,false,רוטב עגבניות מרוכז מאד 28-30BX פריניר,פרי ניר,IL,רוטב עגבניות % 28 פר,גרמים,560.00,100 גרם,false,1,6.90,1.23,true,1,
7290002019763,false,עגבניות מרוסקות פרי ניר 800 גרם,פריניר ( הדס 1987) ב,IL,עגבניות מרוסקות 800,גרמים,800.00,100 גרם,false,1,6.70,0.84,true,1,
7290002019787,false,רוטב עגבניות מרוכז מאוד 260 גרם פריניר,פריניר ( הדס 1987) ב,IL,רוטב עגבניות מרוכז מ,גרמים,260.00,100 גרם,false,1,3.90,1.50,true,1,
7290002019794,false,רוטב עגבניות מרוכז מאוד 100 גרם פריניר,פריניר ( הדס 1987) ב,IL,רוטב עגבניות מרוכז מ,גרמים,100.00,100 גרם,false,1,1.90,1.90,true,1,
7290002026884,false,"מאגדת גלידת בן& ג'ריס צאנקי מיקס 400 מ""ל",מוצרי איכות אמריקאיים בע,IL,מאגדת צאנקי מיקס בן&,Unknown,0.00,Unknown,false,1,30.50,30.50,true,1,
7290002026891,false,"מאגדת גלידת בן& ג'ריס קוקי מיקס 400מ""ל",מוצרי איכות אמריקאיים בע,IL,מאגדת קוקי מיקס בן&ג,Unknown,0.00,Unknown,false,1,30.50,30.50,true,1,
7290002032205,false,חינה קולור בלונד מוז,,,חינה קולור בלונד מוז,Unknown,0.00,Unknown,false,1,19.90,19.90,true,1,
7290002037057,false,"לחם לבן פרוס ארוז ""ברמן"" - מוצר בפיקוח",מאפית י.את א. ברמן ב,IL,לחם לבן פרוס ודש,גרמים,500.00,100 גרם,false,1,6.10,1.22,true,1,
7290002037125,false,חלה פרוסה וודש 500 גרם,מאפית י את א ברמן בע,IL,חלה פרוסה,גרמים,500.00,100 גרם,false,1,9.90,1.98,true,1,
7290002037309,false,שמיניית לחמניות המבורגר,מאפית י את א ברמן בע,IL,שמיניית לחמניות המבו,גרמים,300.00,100 גרם,false,1,12.50,4.17,true,1,
7290002037637,false,חליות מתוקות מארז 4יח',מאפית י את א ברמן בע,IL,מארז 4 חליות מתוקות,גרמים,360.00,100 גרם,false,1,12.50,3.47,true,1,
7290002040019,false,קוסקוס רגיל הנמל 350 גרם,"קוסקוס מזון בע""מ",IL,קוסקוס רגיל 350 גרם,גרמים,350.00,100 גרם,false,1,5.90,1.69,true,1,
7290002040071,false,קוסקוס עבה שקית 350 גרם הנמל,קוסקוס מזון,IL,קוסקוס עבה 350 גרם,גרמים,350.00,100 גרם,false,1,5.90,1.69,true,1,
7290002053118,false,אוריינט אטריות ביצים מס 14 200 ג',האי נאם סי או אל.טי.,PL,אטריות ביצים 14 200,גרמים,200.00,100 גרם,false,1,8.60,4.30,true,1,
7290002057123,false,זיתים ירוקים מנזנילו קבוצת יבנה 560 גרם,קבוצת יבנה,IL,חרוזית ירוק יבנה 540,גרמים,540.00,100 גרם,false,1,8.90,1.65,true,1,
7290002057383,false,מלפפונים במלח ‏25‏-‏18‏ קבוצת יבנה 320 גרם,קבוצת יבנה,IL,מלפפון במלח 18-25 יב,גרמים,540.00,100 גרם,false,1,12.90,2.39,true,1,
7290002057468,false,מלפפון יבנה בחומץ בינוניים 10-12 290 גרם,קבוצת יבנה,IL,מלפפון בחומץ יבנה 10,גרמים,540.00,100 גרם,false,1,7.90,1.46,true,1,
7290002057604,false,פלפל חריף שיפקה קבוצת יבנה 225 גרם.,קבוצת יבנה,IL,שימורי שיפקה יבנה 54,גרמים,540.00,100 גרם,false,1,6.60,1.22,true,1,
7290002057734,false,זיתים חרוזית מושחר קבוצת יבנה 275 גרם,קבוצת יבנה,IL,זית חרוזית שחור יבנה,גרמים,540.00,100 גרם,false,1,9.90,1.83,true,1,
7290002073628,false,גאודה אגוזים הולנדי במשקל,,,גאודה אגוזים הולנדי,Unknown,0.00,"ק""ג",true,0,145.00,145.00,true,1,
7290002073635,false,גאודה פסטו הולנדי במשקל,,,גאודה פסטו הולנדי במ,Unknown,0.00,"ק""ג",true,0,132.00,132.00,true,1,
7290002073680,false,גבינה קברה ביין ספרדי עיזים במשקל,,,גבינה קברה ביין ספרד,Unknown,0.00,"ק""ג",true,0,210.00,210.00,true,1,
7290002075233,false,שוקולד אייסקונפקט 250 גרם,איישטי,DE,אייסקונפקט 250 גרם,גרמים,250.00,100 גרם,false,1,17.70,7.08,true,1,
7290002075271,false,סוכריות ריקולה בשקית בטעם צמחים,(EITAN (CHOCOTRADE,CH,סוכריות צמחים ריקולה,גרמים,70.00,100 גרם,false,1,10.90,15.57,true,1,
7290002079033,false,לחם דגנים לייט פרוס 500 גרם,מאפיית דוידוביץ ובניו בע,IL,לחם דגנים לייט פרוס,גרמים,500.00,100 גרם,false,1,13.90,2.78,true,1,
7290002079217,false,מחמצת עם אגוזים שיפון 650 ג',מאפיית דוידוביץ ובני,IL,מחמצת עם אגוזים,גרמים,650.00,100 גרם,false,1,12.90,1.98,true,1,
7290002079361,false,לחמניות המבורגר חתוך 6+2*60 ג',מאפיית דוידוביץ ובני,IL,המבורגר חתוך 60 גרם,גרמים,480.00,100 גרם,false,1,13.90,2.90,true,1,
7290002079477,false,לחם אחיד פרוס דוידוב,מאפיית דוידוביץ ובניו בע,IL,לחם אחיד פרוס 750 גר,גרמים,750.00,100 גרם,false,1,7.11,0.95,true,1,
7290002079613,false,חלה קלועה מתוקה ארוז,מאפיית דוידוביץ ובני,IL,חלה קלועה מתוקה ארוז,גרמים,500.00,100 גרם,false,1,11.90,2.38,true,1,
7290002079927,false,לחם דגנים מלא דוידוב,מאפיית דוידוביץ ובני,IL,לחם דגנים קמח מלא,גרמים,750.00,100 גרם,false,1,14.90,1.99,true,1,
7290002079996,false,לחם אחיד קל פרוס 750 גרם,מאפיית דוידוביץ ובני,IL,לחם אחיד קל פרוס 750,גרמים,750.00,100 גרם,false,1,13.90,1.85,true,1,
7290002107071,false,גבינת פטה עיזים מעודנת 16% משק צוריאל 200 גרם,מחלבת משק צוריאל,IL,פטה עיזים מעודנת 16%,גרמים,200.00,100 גרם,false,1,26.90,13.45,true,1,
7290002107385,false,גליל גבינת עיזים מה עז משק צוריאל 180 גרם,מחלבת משק צוריאל,IL,עז מה גבינת עיזים,גרמים,180.00,100 גרם,false,1,24.90,13.83,true,1,
7290002107491,false,גבינה לבנה מחלב עיזים למריחה 5% משק צוריאל 250 גרם,מחלבת משק צוריאל,IL,גבינת עיזים למריחה 5,גרמים,250.00,100 גרם,false,1,16.90,6.76,true,1,
7290002107965,false,טבורוג גבינה לאפייה 5% צוריאל 500 ג',מחלבת משק צוריאל,IL,צוריאל גבינה טבורוג,גרמים,500.00,100 גרם,false,1,24.90,4.98,true,1,
7290002130567,false,דבש דבורים טהור פרחי בר יד מרדכי 350 גרם,מכוורת יד מרדכי שטראוס ב,IL,דבש טהור יד מרדכי 35,גרמים,350.00,100 גרם,false,1,19.90,5.69,true,1,
7290002130581,false,"דבש טהור יד מרדכי 1 ק""ג",מכוורת יד מרדכי שטראוס ב,IL,דבש טהור יד מרדכי 1,גרמים,1000.00,100 גרם,false,1,42.90,4.29,true,1,
7290002132011,false,עוגיות מזרחיות מלוחות עבאדי 400 גרם,מאפיית יוסף ושמחה עבאדי,IL,עבאדי עוגיות מזרחיות,גרמים,400.00,100 גרם,false,1,16.70,4.18,true,1,
7290002190516,false,"ריבת חלב גלעם-קומידה 500ג' 12X-כשל""פ",אשבל מזון פונקציונלי בע\,IL,ממרח ריבת חלב 500 גר,גרמים,500.00,100 גרם,false,1,14.40,2.88,true,1,
7290002196822,false,רוטב שום לימון ושמן זית,משק דבורים לין,IL,רוטב שום ושמן זית 35,גרמים,320.00,100 גרם,false,1,23.90,7.47,true,1,
7290002204220,false,אוכמניות,,,אוכמניות,Unknown,0.00,Unknown,false,1,19.90,19.90,true,1,
7290002208082,false,פטה כבשים דותן 250גר,,,פטה כבשים דותן 250גר,גרמים,250.00,100 גרם,false,1,33.50,13.40,true,1,
7290002208129,false,השומרון גבינת חלומי כבשים 250ג,,,חלומי כבשים דותן 250,גרמים,250.00,100 גרם,false,1,39.90,15.96,true,1,
7290002208471,false,פיקורינו כבשים משק דותן 200 גרם,משק דותן,IL,פיקורינו כבשים משק ד,גרמים,200.00,100 גרם,false,1,34.90,17.45,true,1,
7290002208488,false,מנצגו כבשים משק דותן 200 גרם,,,מנצגו כבשים משק דותן,גרמים,200.00,100 גרם,false,1,42.90,21.45,true,1,
7290002208495,false,דותן תום כבשים מיושן 200 ג',משק דותן,IL,תום כבשים משק דותן 2,גרמים,200.00,100 גרם,false,1,34.90,17.45,true,1,
7290002253006,false,שום כתוש דורות בצנצנת 200 גרם,עיצובים 2020 (3.8),IL,שום כתוש בצנצנת 200,גרמים,200.00,100 גרם,false,1,15.90,7.95,true,1,
7290002253105,false,קוביות שום כתוש טרי דורות 80 גרם,עיצובים 2020 (3.8),IL,מגשית שום טרי דורות,גרמים,80.00,100 גרם,false,1,11.90,14.88,true,1,
7290002253150,false,קוביות בזיליקום קצוץ דורות 70 גרם,עיצובים 2020 (3.8),IL,מגשית בזיליקום דורות,גרמים,70.00,100 גרם,false,1,12.50,17.86,true,1,
7290002253167,false,פטרוזיליה קצוצה דורות 70 גרם,עיצובים 2020 (3.8),IL,מגשית פטרוזיליה דורו,גרמים,70.00,100 גרם,false,1,12.50,17.86,true,1,
7290002253235,false,דורות רוטב פסטו 160 גרם,עיצובים 2020 (3.8),IL,דורות רוטב פסטו 160,גרמים,160.00,100 גרם,false,1,15.60,9.75,true,1,
7290002253310,false,דורות שום צילי חריף קוביות תערובת 80 גר,עיצובים 2020 (3.8),IL,קוביות שום צילי חריף,גרמים,80.00,100 גרם,false,1,13.50,16.88,true,1,
7290002291046,false,המבורגר מסעדות 480 גרם הקצביה בלדי,יוליניבר,IL,המבורגר מסעדות 480 ג,גרמים,480.00,100 גרם,false,1,26.90,5.60,true,1,
7290002320487,false,מעדן משמש 100% פרי ל.ת.סוכר בית יצחק 284ג',בית יצחק,IL,"מעדן משמש ללת""ס 100%",גרמים,284.00,100 גרם,false,1,18.90,6.65,true,1,
7290002331025,false,"מים מינרלים נביעות ספורט 500 מ""ל פקדון",נביעות טבע הגליל בעמ,IL,"נביעות 500 מ""ל",מיליליטרים,500.00,"100 מ""ל",false,1,5.90,1.18,true,1,
7290002331094,false,"מים מינרליים GO TO נביעות 755 מ""ל",נביעות טבע הגליל בעמ,IL,"נביעות בודד 755 מ""ל",מיליליטרים,755.00,"100 מ""ל",false,1,5.20,0.69,true,1,
7290002331360,false,"נביעות מים מינרליים טו גו מארז 500X6מ""ל",נביעות טבע,IL,שישיית מים נביעות,מיליליטרים,3000.00,"100 מ""ל",false,1,14.90,0.50,true,1,
7290002331421,false,"שישיית מים מינרליים GO TO נביעות 755 מ""ל",נביעות טבע הגליל בעמ,IL,"שישיית נביעות 755 מ""",מיליליטרים,4530.00,"100 מ""ל",false,1,15.90,0.35,true,1,
7290002331490,false,מים מינרליים נביעות 1 ליטר,נביעות טבע הגליל בעמ,IL,מים נביעות 1 ליטר,מיליליטרים,1000.00,"100 מ""ל",false,1,2.90,0.29,true,1,
7290002333104,false,בורגול אורגני 500 גרם - הרדוף,אול אורגני,IL,בורגול אורגני 500 גר,גרמים,500.00,100 גרם,false,1,8.90,1.78,true,1,
7290002333456,false,גריסי פנינה אורגני הרדוף 500 גרם,אול אורגני,IL,גריסי פנינה אורגני,גרמים,500.00,100 גרם,false,1,9.90,1.98,true,1,
7290002333494,false,שעועית אזוקי אורגנית הרדוף 500 גרם,טריאקי,IL,שעועית אזוקי אורגנית,גרמים,500.00,100 גרם,false,1,15.90,3.18,true,1,
7290002333500,false,עדשים אדומות אורגני 500 גרם - הרדוף,אול אורגני,IL,עדשים אדומים 500 גר,גרמים,500.00,100 גרם,false,1,11.90,2.38,true,1,
7290002333678,false,שומשום מלא אורגני הרדוף 300 גרם,אול אורגני,IL,שומשום מלא אורגני 30,גרמים,300.00,100 גרם,false,1,12.90,4.30,true,1,
7290002333692,false,דוחן אורגני הרדוף 500גרם,אול אורגני,IL,דוחן אורגני 500 גר,גרמים,500.00,100 גרם,false,1,10.90,2.18,true,1,
7290002333999,false,גרעיני חמניות קלופים אורגני הרדוף 300 גרם,אול אורגני,IL,גרעיני חמניות אורגני,גרמים,300.00,100 גרם,false,1,12.90,4.30,true,1,
7290002353249,false,ממרח דיגונז מיילי 33,מיוצר עי קונדיטוריית,FR,ממרח דיגונז 345 גרם,גרמים,345.00,100 גרם,false,1,25.90,7.51,true,1,
7290002353836,false,סרדינים רוברט בשמן זית 115 גרם,קונסרבס פורטוגל נורטה,PT,סרדינים רוברט בשמן,גרמים,120.00,100 גרם,false,1,8.90,7.42,true,1,
7290002360155,false,חליטת תה פרחי שומר פומפדור 20 שקיקים,TEEKANNE- POMPADOU,DE,תה חליטת פומפדור שומ,Unknown,0.00,Unknown,false,1,19.80,19.80,true,1,
7290002360285,false,חליטת צמחים פומפדור קמומיל 20 יחידות,TEEKANNE- POMPADOU,DE,תה חליטת קמומיל 20 י,Unknown,0.00,Unknown,false,1,19.80,19.80,true,1,
7290002371526,false,דקניקים סלסולי פסטרמה שום וצילי פיקנטי טירת צבי 120 גרם,הנסיך- מפעל לייצור ט,IL,סלסולי פסטרמה שום,גרמים,120.00,100 גרם,false,1,13.90,11.58,true,1,
7290002371533,false,דקניקים סלסולי פסטרמה דבש טירת צבי 120 גרם,הנסיך- מפעל לייצור ט,IL,סלסולי פסטרמה ודבש 1,גרמים,120.00,100 גרם,false,1,13.90,11.58,true,1,
7290002371540,false,דקניקים קורנדביף ללא גלוטן טירת צבי 120 גרם,הנסיך- מפעל לייצור ט,IL,קורנביף 120 גר,גרמים,120.00,100 גרם,false,1,13.90,11.58,true,1,
7290002371571,false,פסטרמה פרגיות לבאגט במשקלטירת צבי,טירת- צבי,IL,פסטרמה פרגיות לבאגט,Unknown,0.00,"ק""ג",true,0,85.00,85.00,true,1,
7290002371854,false,נקניקיות עוף חריפות טירת צבי 2 * 500 גרם,הנסיך- מפעל לייצור ט,IL,נקניקיות חריפות 1 קג,קילוגרמים,0.00,"ק""ג",false,1,24.90,24.90,true,1,
7290002371939,false,סרוולד בסגנון צרפתי דליקטיב 120 גרם,הנסיך- מפעל לייצור ט,IL,סרוולט צרפתי 120 גר,גרמים,120.00,100 גרם,false,1,34.50,28.75,true,1,
7290002374268,false,שמן חמניות מילומור 1 ליטר,שמן תעשיות,IL,שמן חמניות 1 ליטר,מיליליטרים,1000.00,"100 מ""ל",false,1,12.90,1.29,true,1,
7290002374312,false,"שמן קנולה מילומור 1 ל' עד""ח",שמן תעשיות,IL,שמן קנולה 1 ליטר,מיליליטרים,1000.00,"100 מ""ל",false,1,10.90,1.09,true,1,
7290002408161,false,גבינה הולנדיה קרם 235ג',,NL,הולנדית קרם 235 גר,גרמים,235.00,100 גרם,false,1,17.70,7.53,true,1,
7290002408178,false,ינטר קרם 235 גרם,,NL,ינטר קרם 235 גרם,גרמים,235.00,100 גרם,false,1,17.70,7.53,true,1,
7290002421122,false,כדורי לאבנה עיזים 200 גרם,מחלבת גדות,,כדורי לאבנה עיזים,גרמים,200.00,100 גרם,false,1,39.90,19.95,true,1,
7290002421184,false,היידי בת הרים ביין 160 גרם - גבינות הגולן,מחלבת גדות,,גבינת תום ביין היידי,גרמים,165.00,100 גרם,false,1,36.60,22.18,true,1,
7290002448723,false,PREMIO חטיף עוף לכלב 100ג-תכלת,גורי,,PREMIO חטיף עוף לכלב,גרמים,100.00,100 גרם,false,1,16.90,16.90,true,1,
7290002448853,false,פרמיו חטיף לבבות לכלב,פרמיו Premio,,חטיף לבבות לכלב 100ג,גרמים,100.00,100 גרם,false,1,16.90,16.90,true,1,
7290002448976,false,חטיף משקולות עוף 100גרם,,,חטיף משקולות עוף 100,גרמים,100.00,100 גרם,false,1,16.90,16.90,true,1,
7290002477556,false,כבד עוף טרי,,,כבד עוף טרי,Unknown,0.00,"ק""ג",true,0,19.90,19.90,true,1,
7290002485025,false,סלט חומוס מסעדות 500 גרם,"סלטי שמיר 2006 בע""מ",IL,חומוס מסעדות 500גר,גרמים,500.00,100 גרם,false,1,17.20,3.44,true,1,
7290002485049,false,סלט חומוס מסבחה 500 גרם,"סלטי שמיר 2006 בע""מ",IL,חומוס מסבחה 500גר,גרמים,500.00,100 גרם,false,1,17.20,3.44,true,1,
7290002485063,false,סלט חומוס אבו גוש בי,"סלטי שמיר 2006 בע""מ",IL,חומוס אבו גוש 500גר,גרמים,500.00,100 גרם,false,1,17.20,3.44,true,1,
7290002512004,false,מלוואח צנעני 900 גרם,צנעני מוצרי בצק,IL,מלאווח צנעני 900 גרם,גרמים,900.00,100 גרם,false,1,17.90,1.99,true,1,
7290002512066,false,גחנון אפוי צנעני 600 גרם,YOAL,IL,גחנון אפוי צנעני 600,גרמים,600.00,100 גרם,false,1,21.90,3.65,true,1,
7290002544234,false,ממרח עגבניות מיובשות 190 גרם,,IL,ממרח עגבניות מיובשות,גרמים,190.00,100 גרם,false,1,20.90,11.00,true,1,
7290002551003,false,טונה בשמן בודד 160 ג' סטארקיסט,סטארקיסט Starkist,IL,טונה סטארקיסט בשמן,גרמים,160.00,100 גרם,false,1,7.40,4.63,true,1,
7290002551010,false,טונה סטארקיסט במים 160 גרם,"סטארקיסט פודור בע""מ",TR,טונה סטארקיסט במים,גרמים,160.00,100 גרם,false,1,7.40,4.63,true,1,
7290002566946,false,חטיף בוטנים 180 גרם,,,חטיף בוטנים 180 גרם,גרמים,180.00,100 גרם,false,1,17.90,9.94,true,1,
7290002616221,false,גבינה גרמנית פלאדין במשקל,,,גבינה גרמנית פלאדין,Unknown,0.00,"ק""ג",true,0,157.00,157.00,true,1,
7290002617013,false,מונטניולו גרמני במשקל,,,מונטניולו גרמני במשק,Unknown,0.00,"ק""ג",true,0,136.00,136.00,true,1,
7290002617648,false,גבינת טלגיו איטלקית במשקל,,,גבינת טלגיו איטלקית,Unknown,0.00,"ק""ג",true,0,210.00,210.00,true,1,
7290002617709,false,"שרימפס מקולף גמבו 1 ק""ג קפוא 16/20",,,שרימפס מקולף גמבו 1,קילוגרמים,0.00,"ק""ג",false,1,135.90,135.90,true,1,
7290002617723,false,"שרימפס מקולף 1 ק""ג גדול קפוא 26/30",,,שרימפס מקולף גדול,קילוגרמים,0.00,"ק""ג",false,1,109.90,109.90,true,1,
7290002661153,false,"לחם דני קל ברמן 1 ק""",מאפית י את א ברמן בע,IL,"לחם דני קל 1 ק""ג",גרמים,1000.00,100 גרם,false,1,15.90,1.59,true,1,
7290002661214,false,לחם קל גלילי ברמן 75,מאפית י את א ברמן בע,IL,לחם גלילי קל 750 ג,גרמים,750.00,100 גרם,false,1,14.50,1.93,true,1,
7290002692393,false,שמן קנולה מזוכך מועשר עץ הזית 1 ליטר,שמן תעשיות בעמ,EE,שמן קנולה עץ הזית 1,מיליליטרים,1000.00,"100 מ""ל",false,1,15.90,1.59,true,1,
7290002692775,false,"תרסיס שמן קנולה בטעם חמאה עץ הזית 200 מ""ל",קומפניה,IT,תרסיס קנולה בטעם חמא,מיליליטרים,200.00,"100 מ""ל",false,1,15.90,7.95,true,1,
7290002730675,false,"קולגייט משחת שיניים אדומה משפחתי 100 מ""ל",קולגייט-פלמוליב,PL,משחת שיניים קולגייט,Unknown,0.00,Unknown,false,1,10.90,10.90,true,1,
7290002730958,false,סבון מוצק בניחוח זיתים ואלוורה פלמוליב 4*100 גרם,הנסיך- מפעל לייצור ט,TR,סבון מוצק פלמוליב יר,גרמים,400.00,100 גרם,false,1,22.90,5.73,true,1,
7290002749059,false,מיני פולטבסקיה 290 גר,,,מיני פולטבסקיה 290 ג,גרמים,290.00,100 גרם,false,1,45.00,15.52,true,1,
7290002753995,false,סוכריות עדשים לקישוט עוגה וורנר 6*25 גרם,היינץ צפון אמריקה מק,DE,קישוטי עוגה 150 גרם,גרמים,150.00,100 גרם,false,1,22.90,15.27,true,1,
7290002771104,false,קפה עם הל אל נחלה 500 גרם,מולינו ניקולי s.p.a,IL,קפה 500 גר עם הל,גרמים,500.00,100 גרם,false,1,30.90,6.18,true,1,
7290002771111,false,קפה עם הל אל נחלה 250 גרם,מולינו ניקולי s.p.a,IL,קפה עם הל 250 גרם,גרמים,250.00,100 גרם,false,1,15.90,6.36,true,1,
7290002771128,false,קפה אלנח'לה בלי הל 250 ג',מולינו ניקולי s.p.a,IL,קפה בלי הל 250 גרם,גרמים,250.00,100 גרם,false,1,15.90,6.36,true,1,
7290002793311,false,שירות והחלפה מילוי גז 60 סודהסטרים,סודה סטרים,IL,שירות והחלפה מילוי ג,Unknown,0.00,Unknown,false,1,59.90,59.90,true,1,
7290002814870,false,"סנט מוריץ - מרסס מסיר שומנים קר מבושם לוונדר\פרחים 750 מ""ל",קומפלקס כימיקלים בעמ,IL,מסיר שומנים סנט מורי,מיליליטרים,750.00,"100 מ""ל",false,1,12.90,1.72,true,1,
7290002824183,false,"גבינה לבנה סקי 500 גרם 5% ""שטראוס"" -מוצר בפיקוח",מיוצר עי קונדיטוריית,IL,סקי משפחתי 5% 500 גר,גרמים,500.00,100 גרם,false,1,9.96,1.99,true,1,
7290002824466,false,יוגורט דנונה ביו לבן 0% שומן 200 גרם,"שטראוס בריאות בע""\מ",IL,יוגורט דנונה ביו 0%,מיליליטרים,200.00,"100 מ""ל",false,1,3.50,1.75,true,1,
7290002824640,false,"גבינת סקי 250 גרם 5% ""שטראוס"" -מוצר בפיקוח",מיוצר עי קונדיטוריית,IL,גבינת סקי 5% 250 גרם,גרמים,250.00,100 גרם,false,1,4.98,1.99,true,1,
7290002825722,false,סלט כרוב אדום אחלה 500 גרם,מיוצר עי קונדיטוריית,IL,כרוב אדום 500 גר,גרמים,500.00,100 גרם,false,1,13.90,2.78,true,1,
7290002837039,false,פרמזן דזוגס במשקל,,,פרמזן דזוגס במשקל,Unknown,0.00,"ק""ג",true,0,72.00,72.00,true,1,
7290002842002,false,פתיתי שיבולת שועל קוואקר אנגלי מורנפלייק,מורנינג פוד,GB,מורנפלייק שיבולת שוע,גרמים,500.00,100 גרם,false,1,12.40,2.48,true,1,
7290002842415,false,פילה אנשובי אמיתי 50 גרם,יו.אס.איי וליו קו,,פילה אנשובי אמיתי 50,גרמים,50.00,100 גרם,false,1,7.50,15.00,true,1,
7290002842545,false,"משקה חמוציות יולה 946 מ""ל",,US,משקה חמוציות יולה 94,מיליליטרים,946.00,"100 מ""ל",false,1,16.90,1.79,true,1,
7290002868996,false,"קוטג' 5% שומן, רכיבים טבעיים, 250 גרם",קריות זול,IL,קוטג 5% מועשר 250 גר,גרמים,250.00,100 גרם,false,1,5.90,2.36,true,1,
7290002881018,false,מעדן תות שדה סאן מורנו 284 גרם,קריות זול,,מעדן תות שדה 100% 28,גרמים,284.00,100 גרם,false,1,15.40,5.42,true,1,
7290002881209,false,רסק תפוחי עץ דיאט 700 ג' תומר,KONSERVENFABRIEK BALTUSSEN,NL,רסק תפוחי עץ 720 גרם,גרמים,720.00,100 גרם,false,1,12.60,1.75,true,1,
7290002881216,false,רסק תפוחי עץ לא ממותק תומר 700 גרם,KONSERVENFABRIEK BALTUSSEN,NL,רסק תפוחי עץ דיאט 7,גרמים,708.00,100 גרם,false,1,12.60,1.78,true,1,
7290002881230,false,חתיכות אננס בסירופ קל תומר 850 גרם,"אניס פארם בע""מ",VN,אננס חתוך תומר 850 ג,גרמים,825.00,100 גרם,false,1,12.40,1.50,true,1,
7290002881247,false,פרוסות אננס בסירופ קל תומר 850 גרם,"אניס פארם בע""מ",VN,אננס שלם תומר 850 גר,גרמים,850.00,100 גרם,false,1,12.40,1.46,true,1,
7290002881261,false,"ליצ'י שלם 565 גרם ""תומר""",גיבונג אינדסקיאלס,CN,ליציס שלם 565 גרם,גרמים,565.00,100 גרם,false,1,12.40,2.19,true,1,
7290002881414,false,תומר-אטריות ביציםעבו,אופאל,CN,נודלס עבה 400 גרם,גרמים,400.00,100 גרם,false,1,7.50,1.88,true,1,
7290002881469,false,עגבניות מיובשות קצוצות עם זיתים ירוקים תומר 340 גרם,Sunto gida sun ve ti,TR,עגבניות מיובשות בשמן,גרמים,340.00,100 גרם,false,1,16.90,4.97,true,1,
7290002881513,false,חמאת בוטנים עם שברי בוטנים תמר 510 גר',Niza s a,,חמאת בוטנים עם שברי,גרמים,500.00,100 גרם,false,1,17.90,3.58,true,1,
7290002881551,false,עלי גפן בשמן זית ממולא 400ג תומר,אסמה תורכיה,IL,עלי גפן ממולאים 400,גרמים,400.00,100 גרם,false,1,10.90,2.73,true,1,
7290002881612,false,לפתן דובדבנים חמוצים בצנצנת 680 ג' תומר,Fructo sliven jsc,BG,לפתן דובדבנים חמוצים,גרמים,680.00,100 גרם,false,1,12.40,1.82,true,1,
7290002881865,false,פטריות שמפיניון חתוכות 400 ג' תומר,Prochamp B.V,NL,פטריות חתוכות 400 גר,גרמים,400.00,100 גרם,false,1,5.50,1.38,true,1,
7290002881919,false,פיטריות שמפניון שלמות קטנות תומר 400 גרם,גיבונג אינדסקיאלס,,שימורי פטריות 8 שלם,גרמים,400.00,100 גרם,false,1,6.90,1.73,true,1,
7290002881940,false,סרדינים מרוקאי בשמן חמניות 125ג' תומר,Union des pecheries,,סרדין מרוקאי בשמן 12,גרמים,125.00,100 גרם,false,1,6.50,5.20,true,1,
7290002900207,false,המבורגר אמיתי 100% 400 גרם-תנובה,הנסיך- מפעל לייצור ט,IL,המבורגר אמיתי 100%,גרמים,400.00,100 גרם,false,1,28.90,7.23,true,1,
7290002900313,false,פסטרמה ספרדיתטירת צבי,טירת- צבי,IL,פסטרמה ספרדית,Unknown,0.00,"ק""ג",true,0,85.00,85.00,true,1,
7290002900436,false,פסטרמה איטלקי מילנו משקל,טירת- צבי,IL,פסטרמה איטלקית,גרמים,0.00,"ק""ג",true,0,85.00,85.00,true,1,
7290002900566,false,פסטרמה ברביקיו דל שומן טירת צבי 400 גרם,הנסיך- מפעל לייצור ט,IL,"פסטרמה ברביקיו ד""ש 3",גרמים,360.00,100 גרם,false,1,24.90,6.92,true,1,
7290002921349,false,לוקטייט סופר גלו 3 - זוגי,יעקובי סופר גלו,TR,סופר גלו 3 זוגי,Unknown,0.00,Unknown,false,1,14.40,14.40,true,1,
7290002946700,false,"מדליק פחמים נוזלי הנמל 200מ""ל","ויק ליין תעשיות בע""מ",IL,מצית פחם נוזלי 4.950,קילוגרמים,0.00,"ק""ג",false,1,12.40,12.40,true,1,
7290002966029,false,קוויאר אדום מאצות ים 120גר,,,קוויאר אדום מאצות ים,גרמים,120.00,100 גרם,false,1,13.90,11.58,true,1,
7290002966784,false,סלט איקרא ורודה 200 גרם,,IL,סלט איקרא ורודה 200,גרמים,200.00,100 גרם,false,1,13.90,6.95,true,1,
7290002966791,false,סלט איקרא לבנה 200 גרם,,IL,סלט איקרא לבנה 200 ג,גרמים,200.00,100 גרם,false,1,13.90,6.95,true,1,
7290002971009,false,"קמח חיטה לבן בהיר שטיבל 1 ק""ג",שטיבל טחנות קמח,IL,"קמח לבן שטיבל 1 ק""ג",גרמים,1000.00,100 גרם,false,1,4.10,0.41,true,1,
7290002971016,false,"שטיבל סולת חיטה 1 ק""ג","שטיבל בע""מ",IL,"סולת שטיבל 1 ק""ג",גרמים,1000.00,100 גרם,false,1,4.80,0.48,true,1,
7290002971092,false,שטיבל.6קמח מלא שטיבל,שטיבל טחנות קמח,IL,"קמח מלא מס 6 1 ק""ג",גרמים,1000.00,100 גרם,false,1,9.30,0.93,true,1,
7290002971214,false,"קמח לחם מעושר מס 2 1 ק""ג",מיוצר עי קונדיטוריית,IL,קמח לחם מעושר מס 2 1,גרמים,1000.00,100 גרם,false,1,10.60,1.06,true,1,
7290002971955,false,"קמח שטיבל 650 ללא ניפוי 1 ק""ג",טחנת קמח דגן-שטיבל,IL,קמח שטיבל 650 ללא ני,גרמים,1000.00,100 גרם,false,1,9.40,0.94,true,1,
7290002972006,false,"קמח שטיבל 405 ללא ניפוי 1 ק""ג",טחנת קמח דגן-שטיבל,IL,קמח שטיבל 405 ללא ני,גרמים,1000.00,100 גרם,false,1,9.40,0.94,true,1,
7290002986652,false,גטניו פתי בר שוקו 470 גרם,"אחים גטניו בע""מ",IL,פתי בר שוקו,גרמים,470.00,100 גרם,false,1,10.40,2.21,true,1,
7290003009329,false,בוטנים אמריקאיים קליית גת 200 גרם,הדקלאים אגודת שיתופי,IL,בוטן אמריקאי שקית 20,גרמים,200.00,100 גרם,false,1,6.20,3.10,true,1,
7290003009596,false,"סירופ דיאט אשכוליות פריגת 750 מ""ל",סירופ - גבעת חיים,IL,סירופ דיאט אשכוליות,מיליליטרים,750.00,"100 מ""ל",false,1,22.90,3.05,true,1,
7290003009640,false,מיץ תפוזים סחוט רכיבים טבעיים פריגת 1 ליטר,פריגת מצוננים,IL,סחוט טרי תפוז 1 ליטר,מיליליטרים,1000.00,"100 מ""ל",false,1,11.90,1.19,true,1,
7290003011087,false,"אורז בסמטי הודי מובחר שקדיה 1 ק""ג",אלסקה/ טילדה,IN,אורז בסמטי אלפאנט 1,גרמים,1000.00,100 גרם,false,1,12.50,1.25,true,1,
7290003015672,false,סנו סופט מפיות צבעוניות חלקות 50 יחידות,סנו סופט,IL,סנו סופט מפיות צבעונ,Unknown,0.00,Unknown,false,1,8.50,8.50,true,1,
7290003024001,false,גבינה ברי צרפתי במשקל,,FR,גבינה ברי צרפתי,Unknown,0.00,"ק""ג",true,0,157.00,157.00,true,1,
7290003024520,false,גבינת פרובולונה דולצה איטלקי במשקל,,,גבינת פרובולונה,Unknown,0.00,"ק""ג",true,0,199.00,199.00,true,1,
7290003029181,false,משקה יטבתה שוקו' בקבוק 1ל מהדרין,שטראוס גרופ,IL,שוקו בקבוק יטבתה,מיליליטרים,1000.00,"100 מ""ל",false,1,10.00,1.00,true,1,
7290003029389,false,"משקה חלב בננה פקק ספורט 250 מ""ל יוטבתה",שטראוס גרופ,IL,"בננה פקק 250 מ""ל",מיליליטרים,250.00,"100 מ""ל",false,1,5.20,2.08,true,1,
7290003029433,false,"משקה יטבתה שוקו פקק 250 מ""ל מהדרין",שטראוס גרופ,IL,שוקו פקק יטבתה 250 מ,מיליליטרים,250.00,"100 מ""ל",false,1,5.20,2.08,true,1,
7290003029532,false,מוקה בבקבוק יטבתה 1 ליטר מהדרין,שטראוס גרופ,IL,מוקה בקבוק 1 ליטר,מיליליטרים,1000.00,"100 מ""ל",false,1,11.40,1.14,true,1,
7290003029792,false,"משקה יטבתה שוקו שקיות מהדרין מארז 225X8מ""ל",שטראוס גרופ,IL,מארז שוקו יטבתה 8,ליטרים,0.00,ליטר,false,1,18.50,18.50,true,1,
7290003029815,false,כד חלב 3% יטבתה 2 ליטר מהדרין,שטראוס גרופ,IL,חלב יטבתה 3% מועשר 2,ליטרים,0.00,ליטר,false,1,14.90,14.90,true,1,
7290003029907,false,אייס קפה יטבתה 1 ליטר מהדרין,שטראוס גרופ,IL,קפה יטבתה 1ליטר,מיליליטרים,1000.00,"100 מ""ל",false,1,11.40,1.14,true,1,
7290003054060,false,אבקת חרדל קולמנס אנגלי 113 גרם,,,אבקת חרדל קולמנס אנג,גרמים,113.00,100 גרם,false,1,26.90,23.81,true,1,
7290003054220,false,מסטמכר לחם שיפון פומפרניקל 500ג,מסטמאכר ג'.אמ.בי.הי,DE,לחם שיפון פומפרניקל,גרמים,500.00,100 גרם,false,1,15.40,3.08,true,1,
7290003054657,false,חרדל ריין דיז'ון אקסטרה פורטה 370 גרם,ריין דיז'ון reine dijon,FR,חרדל דיזיון 370 גר,גרמים,370.00,100 גרם,false,1,11.50,3.11,true,1,
7290003072606,false,נקניקיות עוף מיני טירת צבי 350 גרם,הנסיך- מפעל לייצור ט,IL,מיני נקניקיות עוף טי,גרמים,350.00,100 גרם,false,1,12.90,3.69,true,1,
7290003072804,false,פסטרמה של פעם טירת צבי 200 ג',טיב טירת צבי 2000,IL,פסטרמה של פעם 200 גר,גרמים,200.00,100 גרם,false,1,18.90,9.45,true,1,
7290003072811,false,נקניקיות בראטוורסט 320 גרם טירת צבי ללא גלוטן,טיב טירת צבי 2000,IL,נקניקיות בראטוורסט 3,גרמים,320.00,100 גרם,false,1,18.90,5.91,true,1,
7290003072835,false,נקניקיות קנאקוורסט טירת צבי 320 גרם,טיב טירת צבי 2000,IL,נקניקיות קנאקוורסט 3,גרמים,320.00,100 גרם,false,1,18.90,5.91,true,1,
7290003072965,false,קבנוס חריף מעושן טירת צבי 120 גרם,טיב טירת צבי 2000,IL,קבנוס חריף מעושן טיר,גרמים,120.00,100 גרם,false,1,11.90,9.92,true,1,
7290003072972,false,קבנוס בתיבול מעושן טירת צבי 120 גרם,טיב טירת צבי 2000,IL,קבנוס בתיבול מעושן ט,גרמים,120.00,100 גרם,false,1,11.90,9.92,true,1,
7290003091010,false,טיבון טלה טרי,,,טיבון טלה טרי,Unknown,0.00,"ק""ג",true,0,144.90,144.90,true,1,
7290003094127,false,קוויאר פחיות צארסקיה,א.ר.ד.י.ו,,ביצי דג אילתית 190 ג,גרמים,190.00,100 גרם,false,1,73.50,38.68,true,1,
7290003094400,false,קוויאר פחיות 140 גר,א.ר.ד.י.ו,,קוויאר פחיות 140 גר,Unknown,0.00,Unknown,false,1,44.90,44.90,true,1,
7290003126958,false,טופו גבינה גוש בואקום צוריאל 300 ג',א.י.ן תעשיות מזון בע,IL,טופו גולמי 300גר,גרמים,300.00,100 גרם,false,1,13.50,4.50,true,1,
7290003133123,false,לחם זהב עגול אוקראיני 750 ג',מאפיית דוידוביץ ובני,IL,לחם זהב עגול,גרמים,750.00,100 גרם,false,1,12.90,1.72,true,1,
7290003142477,false,ערמונים קלופים וקלויים 100 גרם,הדקלאים אגודת שיתופי,IL,ערמונים קלופים וקלוי,גרמים,100.00,100 גרם,false,1,8.30,8.30,true,1,
7290003143146,false,ממרח תמרים קליית גת 450 גרם,הדקלאים אגודת שיתופי,IL,ממרח תמרים קליית גת,גרמים,450.00,100 גרם,false,1,6.90,1.53,true,1,
7290003144419,false,סילאן טבעי קליית גת 710 גרם,"טעמי הגליל בע""\מ",IL,סילאן טבעי 710 גרם ק,גרמים,710.00,100 גרם,false,1,26.90,3.79,true,1,
7290003145751,false,"קליית גת אגוזי קלויים, 200 גרם",הדקלאים אגודת שיתופי,IL,קשיו קלוי קליית גת 2,גרמים,200.00,100 גרם,false,1,24.90,12.45,true,1,
7290003189076,false,פיצרלה הצהובה הטובה מגורדת 22% כפיר 500 גרם,צי תעשיות מזון יבנה,IL,פיצרלה מגורדת 500 גר,גרמים,500.00,100 גרם,false,1,21.90,4.38,true,1,
7290003189144,false,חלבון חלב ושומן צמחי בנוסח גבינת אדם הולנדית,צי תעשיות מזון יבנה,IL,"צהובה הולנדית 1 ק""ג",קילוגרמים,0.00,"ק""ג",false,1,40.90,40.90,true,1,
7290003208579,false,וודקה גריי גוס רגיל 1 ליטר,,,וודקה גריי גוס 1 ליט,מיליליטרים,1000.00,"100 מ""ל",false,1,144.90,14.49,true,1,
7290003208586,false,"וורמוט מרטיני לבן 750 מ""ל",מרטיני ורוסי,IT,וורמוט מרטיני לבן 75,Unknown,0.00,Unknown,false,1,47.90,47.90,true,1,
7290003208609,false,"וורמוט מרטיני אדום מתוק 750 מ""ל",מרטיני ורוסי,IT,וורמוט מרטיני אדום מ,Unknown,0.00,Unknown,false,1,47.90,47.90,true,1,
7290003208647,false,"יין מבעבע מרטיני ברוט 750 מ""ל",,,יין מבעבע מרטיני ברו,Unknown,0.00,Unknown,false,1,64.90,64.90,true,1,
7290003208715,false,"וורמוט מרטיני רוסטו 750 מ""ל",,,וורמוט מרטיני רוסטו,Unknown,0.00,Unknown,false,1,47.90,47.90,true,1,
7290003213146,false,צילי מקסיקני במשקל,,,צילי מקסיקני במשקל,Unknown,0.00,"ק""ג",true,0,69.00,69.00,true,1,
7290003220717,false,WOK אצות נורי סילבר 10 יחידות,ג'י וואן גלובול נאט,KR,אצות נורי לסושי 41 ג,גרמים,41.00,100 גרם,false,1,11.40,27.80,true,1,
7290003224036,false,אוכמניות כחולות גולוביקה,מאמא מרי,IL,אוכמניות כחולות 300,גרמים,300.00,100 גרם,false,1,19.90,6.63,true,1,
7290003224128,false,"כיסונים תפו""א 800 ג' מאמא מרי",מאמא מרי,IL,"כיסונים תפו""א 800 גר",גרמים,800.00,100 גרם,false,1,21.90,2.74,true,1,
7290003224159,false,בלינצ'יס בשר 7 יחידות,מאמא מרי,IL,בלינצס בשר 7 יח,Unknown,0.00,Unknown,false,1,23.90,23.90,true,1,
7290003224173,false,בלינצ'יס פטריות 7 יחידות,מאמא מרי,IL,בלינצס פטריות 7 יח,גרמים,700.00,100 גרם,false,1,21.90,3.13,true,1,
7290003224258,false,"כיסונים במילוי בשר בקר 1.5 ק""ג",מאמא מרי,IL,כיסונים במילוי בשר,גרמים,1500.00,100 גרם,false,1,56.50,3.77,true,1,
7290003224272,false,"כיסונים בשר מוסקובסקי מאמא מרי 1 ק""ג",מאמא מרי,IL,כיסונים מוסקובסקי 1,גרמים,1000.00,100 גרם,false,1,32.90,3.29,true,1,
7290003224333,false,דובדבנים חמוצים מגול,מאמא מרי,IL,דובדבן חמוץ 300 גרם,גרמים,300.00,100 גרם,false,1,13.90,4.63,true,1,
7290003224456,false,"כיסונים בשר סיבירסקי מאמא מרי 1 ק""ג",מאמא מרי,IL,כיסונים בשר סיבירסקי,גרמים,1000.00,100 גרם,false,1,29.90,2.99,true,1,
7290003224463,false,"כיסונים בשר - אוקראינסקי 1 ק""ג",מאמא מרי,,כיסונים בשר - אוקראי,גרמים,1000.00,100 גרם,false,1,29.90,2.99,true,1,
7290003224470,false,כיסונים בשר - קייבסקי 1 קג,מאמא מרי,IL,כיסונים בשר - קייבסק,גרמים,1000.00,100 גרם,false,1,29.90,2.99,true,1,
7290003224487,false,"כיסונים בשר 1 ק""ג מאמא מרי",מאמא מרי,IL,כיסונים בשר מאמא מרי,גרמים,1000.00,100 גרם,false,1,29.90,2.99,true,1,
7290003224555,false,פטל אדום 300 גרם,מאמא מרי,IL,פטל אדום 300 גרם,גרמים,300.00,100 גרם,false,1,22.90,7.63,true,1,
7290003224746,false,פירות יער דמדמניות שחורות קפוא 300 גר,מאמא מרי,IL,דמדמניות שחורות קפוא,גרמים,300.00,100 גרם,false,1,13.90,4.63,true,1,
7290003224845,false,"כיסונים תפו""א ופטריות VEGAN 800 גרם","מאמא מרי בע""\מ",IL,"כיסונים תפו""א ופטריו",גרמים,800.00,100 גרם,false,1,21.90,2.74,true,1,
7290003229109,false,פסטרמה הודו בפפריקה טירת צבי 400 גרם,הנסיך- מפעל לייצור ט,IL,פסטרמה בפפריקה 400 ג,גרמים,400.00,100 גרם,false,1,25.90,6.48,true,1,
7290003229116,false,פסטרמה הודו בדבש שומן טירת צבי 400 גרם,הנסיך- מפעל לייצור ט,IL,פסטרמה בדבש 400 גרם,גרמים,400.00,100 גרם,false,1,24.90,6.23,true,1,
7290003229123,false,פסטרמה הודו על גחלים 2% טירת צבי 400 גרם,הנסיך- מפעל לייצור ט,IL,פסטרמה על גחלים,גרמים,400.00,100 גרם,false,1,24.90,6.23,true,1,
7290003229147,false,נקניק סלמי איטלקי מעושן טירת צבי 300 גרם,הנסיך- מפעל לייצור ט,IL,סלמי איטלקי 300 גרם,גרמים,300.00,100 גרם,false,1,25.90,8.63,true,1,
7290003229154,false,נקניק סלמי קוניאק טירת צבי 300 גרם,הנסיך- מפעל לייצור ט,IL,סלמי קוניאק 300 גרם,גרמים,300.00,100 גרם,false,1,25.90,8.63,true,1,
7290003229192,false,נקניק כתף בקר מעושן 2% טירת צבי 400 גרם,טיב טירת צבי 2000,IL,כתף בקר מעושן 400 גר,גרמים,400.00,100 גרם,false,1,31.90,7.98,true,1,
7290003229208,false,פסטרמה ספרדית 2% טירת צבי 360 גרם,טירת צבי - מדף,IL,פסטרמה ספרדית 360 גר,גרמים,360.00,100 גרם,false,1,29.90,8.31,true,1,
7290003229215,false,פסטרמה איטלקית 3.5% טירת צבי 360 גרם,טירת צבי - מדף,IL,פסטרמה איטלקית 360 ג,גרמים,360.00,100 גרם,false,1,29.90,8.31,true,1,
7290003229222,false,נקניק סלמי תה טירת צבי 300 גרם,הנסיך- מפעל לייצור ט,IL,סלמי תה משובח 300 גר,גרמים,300.00,100 גרם,false,1,19.90,6.63,true,1,
7290003287314,false,קבב על מקל קינמון קצביה ארוז 520 ג' - 8 יח',בלדי,,קבב על מקל קינמון 52,גרמים,520.00,100 גרם,false,1,30.50,5.87,true,1,
7290003321155,false,יוגורט בר עם פקאן מצופה שוקולד 183 ג' דנונה,"שטראוס בריאות בע""\מ",IL,דנונה בר פקאן 183 גר,גרמים,183.00,100 גרם,false,1,4.30,2.35,true,1,
7290003411238,false,שמרים יבשים נמסים הנ,ברוגמאן גנט,BE,שמרים נמסים 500 גרם,גרמים,450.00,100 גרם,false,1,17.50,3.89,true,1,
7290003411276,false,עמבה הודית מובחרת הנמל 600ג',טרופיקל דגיל תעשיות,IL,עמבה פרי 500 גרם,גרמים,500.00,100 גרם,false,1,12.90,2.58,true,1,
7290003411313,false,מפת אל בד מעורב צבעים 120X180 הנמל משובחת,שיווק: הנמל אריזות ושיוו,IL,מפות אל בד,Unknown,0.00,Unknown,false,1,3.90,3.90,true,1,
7290003411405,false,נר נשמה להבית 24 שעות,מיוצר בסין.יבוא ושיו,CN,נר נשמה בפח הנמל 24,Unknown,0.00,Unknown,false,1,2.70,2.70,true,1,
7290003411566,false,צמרוני עץ הנמל 200 יחידות,שוורצקוף& הנקל דיסלד,CN,צמרוני עץ 200 יח,Unknown,0.00,Unknown,false,1,2.90,2.90,true,1,
7290003411726,false,קיסמי שיניים מלחיה הנמל 300יח',הנמל אריזות ושיווק בעמ,IL,קיסמי שיניים מלחיה 3,Unknown,0.00,Unknown,false,1,3.10,3.10,true,1,
7290003411948,false,צמר גפן הנמל 100 יחידות,ביוטיפול Beautiful,TR,צמר גפן 100 גרם,Unknown,0.00,Unknown,false,1,5.50,5.50,true,1,
7290003411993,false,גפרורים - מארז 10 יחידות,"איטיליאן פוד, אס.פי.",SE,גפרורים 10 יח,Unknown,0.00,Unknown,false,1,2.90,2.90,true,1,
7290003414406,false,הרשי ריזס נטיפי אפייה בוטנים 283 גר',ליימן מותגים,US,ריזס נטיפי לאפייה 28,גרמים,283.00,100 גרם,false,1,11.90,4.20,true,1,
7290003427154,false,"שמן זית כתית מעולה טעם מעודן זיתא 750 מ""ל",זיתא תעשיות שמן זיתt\,IL,שמן זית כתית מעולה מ,מיליליטרים,750.00,"100 מ""ל",false,1,31.90,4.25,true,1,
7290003438006,false,ממרח אולביה פסטו וצנובר איטלקי 190ג',מיוצר עי קונדיטוריית,IL,ממרח פסטו איטלקי,גרמים,180.00,100 גרם,false,1,13.90,7.72,true,1,
7290003438013,false,ממרח זיתים ירוקים אוליביה 190 גרם,קריות זול,IL,ממרח זיתים ירוקים,גרמים,190.00,100 גרם,false,1,13.90,7.32,true,1,
7290003438020,false,ממרח עגבניות מיובשות אוליביה 190 גרם,מיוצר עי קונדיטוריית,IL,ממרח עגבניות מיובשות,גרמים,190.00,100 גרם,false,1,13.90,7.32,true,1,
7290003438709,false,ממרח זיתים שחורים אוליביה 190 גרם,גוד פוד פרודקטס S.p,IL,ממרח זיתים שחורים,גרמים,190.00,100 גרם,false,1,13.90,7.32,true,1,
7290003438853,false,אוליביה ממרח אריסה חריפה 185 גר ',אוליביה,IL,אריסה חריפה אוליביה,גרמים,180.00,100 גרם,false,1,13.90,7.72,true,1,
7290003438990,false,עיטורי עגבניות מיובשות וזיתים אוליביה 280 ג',אוליביה גורמה בעמ,IL,עיטורי עגבניות מיובש,גרמים,280.00,100 גרם,false,1,20.80,7.43,true,1,
7290003441075,false,גינקו GO אחד ליום (30),,,גינקו GO אחד ליום (3,Unknown,0.00,Unknown,false,1,97.90,97.90,true,1,
7290003441082,false,פרוביוטיק Basic - לשימוש יומיומי,אלטמן,US,פרוביוטיק (60) חסכון,Unknown,0.00,Unknown,false,1,93.90,93.90,true,1,
7290003464500,false,נתח קצבים דק סקין פריים,,,נתח קצבים דק,Unknown,0.00,"ק""ג",true,0,94.90,94.90,true,1,
7290003464531,false,אסאדו עגל טרי,,,אסאדו עגל טרי,Unknown,0.00,"ק""ג",true,0,49.90,49.90,true,1,
7290003464791,false,שוק טלה טרי עם עצם,,,שוק טלה טרי עם עצם,Unknown,0.00,"ק""ג",true,0,104.90,104.90,true,1,
7290003464883,false,אגוז טרי,,,אגוז עגל טרי,Unknown,0.00,"ק""ג",true,0,54.90,54.90,true,1,
7290003514007,false,מנה שקדי מרק מנה 400 גרם,מנה Mana,IL,שקדי מרק מנה 400 גר,גרמים,400.00,100 גרם,false,1,10.90,2.73,true,1,
7290003570089,false,מנות פילה סלמון נורבגי קפוא בלדי,,,מנות פילה סלמון,Unknown,0.00,"ק""ג",true,0,92.90,92.90,true,1,
7290003570164,false,מינוט שווארמה פרגית 300 גרם ארוז בלדי,"בלדי בע""\מ",IL,מינוט שווארמה פרגית,גרמים,300.00,100 גרם,false,1,29.90,9.97,true,1,
7290003578108,false,חתיכות אננס בסירופ קל וילי פוד 850 גרם,טקרנג פינאפל אינדסטר,TH,חתיכות אננס בסירופ ק,גרמים,850.00,100 גרם,false,1,9.90,1.16,true,1,
7290003578313,false,דובדבנים ללא חרצנים ויליפוד 680 גרם,דל מונטה היילס אס.אי,HR,דובדבנים ללא חרצנים,גרמים,680.00,100 גרם,false,1,11.50,1.69,true,1,
7290003598311,false,מינוט סטייק חלק ריאה 300 ג',"בלדי בע""\מ",IL,מינוט סטייק 300 גרם,גרמים,300.00,100 גרם,false,1,34.90,11.63,true,1,
7290003610112,false,צוואר בלי עצם טרי,,,צוואר בלי עצם טרי,Unknown,0.00,"ק""ג",true,0,59.90,59.90,true,1,
7290003610129,false,בשר טחון טרי לקבב/המבורגר,,,בשר טחון טרי,Unknown,0.00,"ק""ג",true,0,39.90,39.90,true,1,
7290003643004,false,"סוגת אורז בסמטי קלאסי 1 ק""ג",האי נאם סי או אל.טי.,IL,"אורז בסמטי 1 ק""ג",גרמים,1000.00,100 גרם,false,1,12.90,1.29,true,1,
7290003643165,false,קורנפלור סוגת 500 גר,"י. כהן בע""מ",IL,קורנפלור 500 גרם,גרמים,500.00,100 גרם,false,1,6.10,1.22,true,1,
7290003643325,false,קוסקוס בינוני סוגת 350 גרם,"אסיף תעשיות מזון בע""\מ",IL,קוסקוס בינוני 350 גר,גרמים,350.00,100 גרם,false,1,5.00,1.43,true,1,
7290003643387,false,"סוכר לבן בצנצנת 1 ק""ג סוגת",האי נאם סי או אל.טי.,IL,"סוכר לבן בצנצנת 1 ק""",גרמים,1000.00,100 גרם,false,1,7.90,0.79,true,1,
7290003643646,false,"סוכר דמררה קלאסי בצנצנת סוגת 1 ק""ג",האי נאם סי או אל.טי.,IL,סוכר חום דמררה צנצנת,גרמים,1000.00,100 גרם,false,1,12.50,1.25,true,1,
7290003643684,false,אפונה יבשה סוגת 500 גר',האי נאם סי או אל.טי.,IL,אפונה 500 גרם,גרמים,500.00,100 גרם,false,1,5.90,1.18,true,1,
7290003643714,false,חומוס גרגירים 500 גרם סוגת,האי נאם סי או אל.טי.,IL,חומוס 500 גרם,גרמים,500.00,100 גרם,false,1,7.90,1.58,true,1,
7290003643738,false,סוגת חיטה 500 גרם,האי נאם סי או אל.טי.,IL,חיטה 500 גרם,גרמים,500.00,100 גרם,false,1,5.50,1.10,true,1,
7290003643745,false,סוגת כוסמת 500 גרם,האי נאם סי או אל.טי.,IL,כוסמת 500 גרם,גרמים,500.00,100 גרם,false,1,6.90,1.38,true,1,
7290003643752,false,עדשים ירוקים יבש סוגת 500 גר',האי נאם סי או אל.טי.,IL,עדשים ירוקים 500 גרם,גרמים,500.00,100 גרם,false,1,7.90,1.58,true,1,
7290003643769,false,עדשים אדומים יבש סוגת 500 גר',"סוגת תעשיות בע""\מ",IL,עדשים אדומים 500 גרם,גרמים,500.00,100 גרם,false,1,8.20,1.64,true,1,
7290003643776,false,"פופקורן גרעינים סוגת 500 ג' כשל""פ",האי נאם סי או אל.טי.,IL,פופקורן 500 גרם,גרמים,500.00,100 גרם,false,1,5.50,1.10,true,1,
7290003643783,false,קוקוס טחון סוגת 100 גרם,האי נאם סי או אל.טי.,IL,קוקוס 100 גרם,גרמים,100.00,100 גרם,false,1,3.90,3.90,true,1,
7290003643806,false,שעועית לבנה יבשה סוגת 500 ג',האי נאם סי או אל.טי.,IL,שעועית לבנה 500 גרם,גרמים,500.00,100 גרם,false,1,10.70,2.14,true,1,
7290003643813,false,שעועית אדומה יבשה סוגת 500 גר',האי נאם סי או אל.טי.,IL,שעועית אדומה 500 גרם,גרמים,500.00,100 גרם,false,1,12.90,2.58,true,1,
7290003643820,false,חומוס ענק יבש סוגת 500 גרם,"סוגת תעשיות בע""\מ",IL,חומוס ענק 500 גר,גרמים,500.00,100 גרם,false,1,10.90,2.18,true,1,
7290003719259,false,"ליבו לחם טבעי אקסקלוסיבי 1 ק""ג",מאפית י את א ברמן בע,IL,ליבו לחם טבעי,גרמים,1000.00,100 גרם,false,1,16.50,1.65,true,1,
7290003725939,false,שמן אובלפיכה 100 מל,,,שמן אובלפיכה 100 מל,Unknown,0.00,Unknown,false,1,74.00,74.00,true,1,
7290003726110,false,טופו אורגני בוואקום,Unknown,IL,טופו אורגני (רגיל) ב,גרמים,300.00,100 גרם,false,1,13.90,4.63,true,1,
7290003726141,false,טופו אמיתי כפרי בריא 300 גרם,ג'נרל מילס סאן אדריא,IL,טופו טבעי 300 גר,גרמים,320.00,100 גרם,false,1,13.00,4.06,true,1,
7290003726479,false,טופו אורגני 1 קג כפ,,,טופו אורגני 1 קג כפ,גרמים,1000.00,100 גרם,false,1,42.90,4.29,true,1,
7290003726752,false,קציצות טופו ברוקולי קישוא אפונה 400 גר,משק ויילר,IL,קציצות טופו ברוקולי,גרמים,400.00,100 גרם,false,1,27.90,6.98,true,1,
7290003744848,false,אובלטים גריל ברביקיו,,,אובלטים 300 גר גריל,גרמים,300.00,100 גרם,false,1,10.90,3.63,true,1,
7290003744855,false,אובלטים עם שומשום 300 גר,"ברט בע""מ",IL,אובלטים שומשום 300 ג,גרמים,300.00,100 גרם,false,1,10.90,3.63,true,1,
7290003779086,false,סלרי ראש,,,סלרי ראש,Unknown,0.00,Unknown,false,1,5.90,5.90,true,1,
7290003779093,false,סלרי עלים,,,סלרי עלים,Unknown,0.00,Unknown,false,1,5.90,5.90,true,1,
7290003779116,false,שורש פטרוזיליה,,,שורש פטרוזיליה,Unknown,0.00,Unknown,false,1,7.90,7.90,true,1,
7290003804252,false,תיבולית קנור בנוסח הודי 72 גרם,יוניליוור ישראל מזון בע\,IL,תיבולית נוסח הודי קנ,גרמים,72.00,100 גרם,false,1,11.40,15.83,true,1,
7290003804320,false,תיבולית שום ופטרוזיליה קנור 72 גרם,יוניליוור ישראל מזון בע\,IL,תיבולית שום קנור 72,גרמים,95.00,100 גרם,false,1,11.40,12.00,true,1,
7290003804368,false,"תיבוליות בזיליקום קנור 72 גרם בד""צ",יוניליוור ישראל מזון בע\,IL,תיבולית בזיליקום קנו,גרמים,72.00,100 גרם,false,1,11.40,15.83,true,1,
7290003804382,false,"תיבוליות פטריות קנור 72 גרם בד""צ",יוניליוור ישראל מזון בע\,IL,תיבולית פטריות קנור,גרמים,72.00,100 גרם,false,1,11.40,15.83,true,1,
7290003807178,false,"רוטב קנור סויה בסגנון סיני 300 מ""ל",יוניליוור ישראל מזון בע\,IL,רוטב קנור סויה בסגנו,מיליליטרים,300.00,"100 מ""ל",false,1,10.90,3.63,true,1,
7290003807482,false,קנור רוטב טריאקי מופחת נתרן 370 גרם,יוניליוור ישראל מזון בע\,IL,רוטב קנור טריאקי 30,מיליליטרים,300.00,"100 מ""ל",false,1,10.90,3.63,true,1,
7290003864478,false,סרדינים בשמן צמחי פתח קל ויליפוד 110 גרם,גולדן פרייז קאנינג א,TH,סרדינים בשמן צמחי 11,גרמים,110.00,100 גרם,false,1,5.20,4.73,true,1,
7290003864485,false,סרדינים ברוטב עגבנ יות ויליפוד 110ג' פתח קל,גולדן פרייז קאנינג א,TH,סרדינים ברוטב עגבניו,גרמים,110.00,100 גרם,false,1,5.20,4.73,true,1,
7290003882922,false,עלי גפן ממולאים באורז וילי פוד 360 גרם,הזה פלאקספו פוד קו ב,CN,עלי גפן ממולאות באור,גרמים,400.00,100 גרם,false,1,8.90,2.23,true,1,
7290003896141,false,חטיף ספרדי פיקנטי אלמנדוס 200 גרם,הדקלאים אגודת שיתופי,IL,חטיף ספרדי פיקנטי אל,גרמים,200.00,100 גרם,false,1,11.40,5.70,true,1,
7290003976003,false,אקופרינד-ניקוי אסלות 750 מל,אקופרנד,IL,אקופרינד-ניקוי אסלות,מיליליטרים,750.00,"100 מ""ל",false,1,14.40,1.92,true,1,
7290003976034,false,אקופרנד מרכך כביסה חבצלת 4 ל נטורפוד,אקופרנד,IL,אקופרנד מרכך כביסה ח,ליטרים,0.00,ליטר,false,1,33.90,33.90,true,1,
7290003976058,false,אקופרינד-מרכך כביסה חבצלות מרוכז,אקופרנד,IL,אקופרינד-מרכך כביסה,מיליליטרים,1000.00,"100 מ""ל",false,1,20.90,2.09,true,1,
7290003976065,false,אקופרנד מרכך כביסה מרוכז קסם אביבי 1 ליט,אקופרנד,,אקופרנד מרכך כביסה מ,מיליליטרים,1000.00,"100 מ""ל",false,1,20.90,2.09,true,1,
7290003976089,false,אקופרנד ג'ל כביסה 4 ליטר,סאסטרק,IL,גל כביסה למכונה 4 לי,ליטרים,0.00,ליטר,false,1,49.90,49.90,true,1,
7290003976096,false,אקופרינד-גל כביסה מרוכז 1 ליטר,אקופרנד,IL,אקופרינד-גל כביסה מר,מיליליטרים,1000.00,"100 מ""ל",false,1,20.90,2.09,true,1,
7290003976126,false,נוזל כלים לימון אלוורה ללא 750 SLS מל,אקופרנד,IL,נוזל כלים לימון אלוו,מיליליטרים,750.00,"100 מ""ל",false,1,15.40,2.05,true,1,
7290003976331,false,"אקופרנד מחטא רב תכליתי 750 מ""ל",אקופרנד,IL,אקופרנד מחטא רב תכלי,מיליליטרים,750.00,"100 מ""ל",false,1,17.90,2.39,true,1,
7290003976386,false,אל אקונומיקה גרין קר 2 ליטר,,,אל אקונומיקה גרין קר,קילוגרמים,0.00,"ק""ג",false,1,9.90,9.90,true,1,
7290003976447,false,נוזל רצפות לבנדר גרין קר 2 ליטר,,,נוזל רצפות לבנדר גרי,מיליליטרים,750.00,"100 מ""ל",false,1,10.90,1.45,true,1,
7290003976454,false,נוזל רצפות פרחים גרין קר 2 ליטר,,,נוזל רצפות פרחים גרי,מיליליטרים,750.00,"100 מ""ל",false,1,10.90,1.45,true,1,
7290003976478,false,"נוזל כלים תפוח 18% גרין קר 750 מ""ל",,,נוזל כלים תפוח 18% ג,מיליליטרים,750.00,"100 מ""ל",false,1,6.90,0.92,true,1,
7290003989096,false,סלט חצילים פיקנטי אחלה 500 גרם,מיוצר עי קונדיטוריית,IL,חציל פיקנטי אחלה 500,גרמים,500.00,100 גרם,false,1,16.30,3.26,true,1,
7290003989539,false,לורנצו רביולי במילוי גבינה,מיוצר עי קונדיטוריית,IL,רביולי גבינה 400 גר,גרמים,400.00,100 גרם,false,1,19.90,4.98,true,1,
7290004011796,false,קבבונים אל גאוצ'ו 400 גרם,"טיבון ויל אחזקות בע""",IL,קבבונים אל גאוצו 400,גרמים,400.00,100 גרם,false,1,23.90,5.98,true,1,
7290004011826,false,מיני המבורגר ריב אנטריקוט,טיבון ויל אחזקות בעמ,IL,מיני המבורגר ריב אנט,גרמים,360.00,100 גרם,false,1,23.90,6.64,true,1,
7290004023041,false,"לחם שיפון ללא שמרים ד""ר מרק 750 גר'",המאפה של דר מרק בריא,IL,לחם שיפון מחמצת 750,גרמים,750.00,100 גרם,false,1,14.90,1.99,true,1,
7290004030100,false,מיץ תפוזים סחוט ולנסיה 1 ליטר,פרי ניב,IL,מיץ תפוזים סחוט ולנס,מיליליטרים,1000.00,"100 מ""ל",false,1,18.90,1.89,true,1,
7290004030216,false,משקה בטעם חמוציות 1 ליטר פריניב,פריניב בעמ,IL,מיץ חמוציות 1ליטר,מיליליטרים,1000.00,"100 מ""ל",false,1,14.90,1.49,true,1,
7290004030445,false,מיץ תפוזים סחוט רכיבים טבעיים 1 ליטר פרי ניב,פריניב בעמ,IL,מיץ תפוזים 1 ליטר,מיליליטרים,1000.00,"100 מ""ל",false,1,14.80,1.48,true,1,
7290004030810,false,שייק 100% בננה פסיפלורה תפוז מופחת סוכר1,פריניב בעמ,IL,שייק 100% בננה פסיפל,מיליליטרים,1000.00,"100 מ""ל",false,1,22.90,2.29,true,1,
7290004030834,false,מיץ רימונים סחוט 100% רכיבים טבעיים פרי ניב 1 ליטר,פריניב בעמ,IL,סחוט טרי רימונים 1ל,מיליליטרים,1000.00,"100 מ""ל",false,1,28.90,2.89,true,1,
7290004033705,false,הבורגריה – 6 לחמניות המבורגר בשקית,מאפית י את א ברמן בע,IL,"לחמניות ""הבורגריה"" 6",גרמים,600.00,100 גרם,false,1,13.90,2.32,true,1,
7290004033712,false,לחם עננים מקמח מלא עם פרוסות עבות,מאפית י את א ברמן בע,IL,לחם עננים מקמח מלא 7,גרמים,750.00,100 גרם,false,1,16.50,2.20,true,1,
7290004033729,false,לחם עננים מקמח כוסמין עם פרוסות עבות,מאפית י את א ברמן בע,IL,לחם עננים מקמח כוסמי,גרמים,750.00,100 גרם,false,1,16.50,2.20,true,1,
7290004033736,false,"עננים לחם לבן בסגנון בריוש עם פרוסות עבות, 500 גרם",מאפית י את א ברמן בע,IL,לחם עננים בסגנון ברי,גרמים,750.00,100 גרם,false,1,16.50,2.20,true,1,
7290004033750,false,לחמניות עננים סגנון בריוש,מאפית י את א ברמן בע,IL,לחמניות עננים ברמן 3,גרמים,360.00,100 גרם,false,1,14.90,4.14,true,1,
7290004050788,false,נקניק בייקון 170 גרם,ישרקו שיווק מותגי מז,,בייקון 170 גר,גרמים,170.00,100 גרם,false,1,49.90,29.35,true,1,
7290004050856,false,סלמי מילאנו פרוס 170 גר,ישרקו שיווק מותגי מז,,סלמי מילאנו פרוס 170,גרמים,170.00,100 גרם,false,1,33.90,19.94,true,1,
7290004050863,false,סלמי הרץ פרוס 170 גר,ישרקו שיווק מותגי מז,,סלמי הרץ 170 גר,גרמים,170.00,100 גרם,false,1,32.90,19.35,true,1,
7290004050870,false,שינקן פולני פרוס 200 גר,,,שינקן פולני פרוס 200,גרמים,200.00,100 גרם,false,1,32.90,16.45,true,1,
7290004050887,false,נקניק פרושוטו 120 גר,ישרקו שיווק מותגי מז,,פרושוטו 120 גר,גרמים,120.00,100 גרם,false,1,39.90,33.25,true,1,
7290004050948,false,סלמי כפרית פרוס 170 גר,ישרקו שיווק מותגי מז,,סלמי כפרית פרוס 170,גרמים,170.00,100 גרם,false,1,34.90,20.53,true,1,
7290004050955,false,פטה כבד עוף 170 גר י,ישרקו שיווק מותגי מז,,פטה כבד עוף 170 גר,גרמים,170.00,100 גרם,false,1,16.90,9.94,true,1,
7290004050986,false,רו בייקון פרוס 170 ג,ישרקו שיווק מותגי מז,,רו בייקון 170 גר,גרמים,170.00,100 גרם,false,1,57.90,34.06,true,1,
7290004051044,false,סלמי הונגרי פרוס 170גר,ישרקו שיווק מותגי מז,,סלמי הונגרי פרוס 170,גרמים,170.00,100 גרם,false,1,34.90,20.53,true,1,
7290004051068,false,שינקן מעושן פרוס 200 גר,,,שינקן מעושן פרוס 200,גרמים,200.00,100 גרם,false,1,31.90,15.95,true,1,
7290004051136,false,סלמי צרפתי פרוס 170 גר,ישרקו שיווק מותגי מז,,סלמי צרפתי פרוס,גרמים,170.00,100 גרם,false,1,34.90,20.53,true,1,
7290004051334,false,נקניק סלמי פפרוני עג,ישרקו שיווק מותגי מז,,פפרוני עגל 170 גר,גרמים,170.00,100 גרם,false,1,30.90,18.18,true,1,
7290004051365,false,נקניק סלמי קרפצו 120,ישרקו שיווק מותגי מז,,קרפצו 120 גר,גרמים,120.00,100 גרם,false,1,35.90,29.92,true,1,
7290004051419,false,ממרח כבד מיני 220 גר,ישרקו שיווק מותגי מז,,ממרח כבד מיני 220 גר,גרמים,220.00,100 גרם,false,1,18.90,8.59,true,1,
7290004051792,false,נקניקיות קוקטייל 900 גר,ישרקו שיווק מותגי מז,,נקניקיות קוקטייל 900,גרמים,900.00,100 גרם,false,1,53.90,5.99,true,1,
7290004052041,false,קבנוס קלאסי יחידה,ישרקו שיווק מותגי מז,,קבנוס קלאסי 210 גר,גרמים,210.00,100 גרם,false,1,29.90,14.24,true,1,
7290004052225,false,חזה הודו מעושן בגריל 200 גר,ישרקו שיווק מותגי מז,,חזה הודו מעושן בגריל,גרמים,200.00,100 גרם,false,1,21.90,10.95,true,1,
7290004052317,false,נקניק סלמי פפרוני פר,ישרקו שיווק מותגי מז,,סלמי פפרוני 170 גר,גרמים,170.00,100 גרם,false,1,34.90,20.53,true,1,
7290004052690,false,נקניקיות פרגית 600 גר,ישרקו שיווק מותגי מז,,נקניקיות פרגית 600 ג,גרמים,600.00,100 גרם,false,1,19.90,3.32,true,1,
7290004052836,false,שמאלץ שומן אווז 200 גר,ישרקו שיווק מותגי מז,,שמאלץ שומן אווז 200,גרמים,200.00,100 גרם,false,1,28.90,14.45,true,1,
7290004053192,false,נקניקיות עגל בוואקום,,,נקניקיות עגל 600 גר,גרמים,600.00,100 גרם,false,1,29.90,4.98,true,1,
7290004053291,false,קרפלך עגל בטעם ביתי 600 גר,,,קרפלך עגל בטעם ביתי,גרמים,600.00,100 גרם,false,1,22.90,3.82,true,1,
7290004053888,false,רוסטביף 200 גר,,,רוסטביף 200 גר,גרמים,200.00,100 גרם,false,1,49.90,24.95,true,1,
7290004054083,false,עצם פורקי מעושנת,,,עצם פורקי מעושנת,Unknown,0.00,Unknown,false,1,9.90,9.90,true,1,
7290004054236,false,גיוזה עוף 320 גרם,,,גיוזה עוף 320 גר,גרמים,320.00,100 גרם,false,1,37.90,11.84,true,1,
7290004054243,false,גיוזה ירקות 320 גרם,,,גיוזה ירקות 320 גר,גרמים,320.00,100 גרם,false,1,37.90,11.84,true,1,
7290004054267,false,נקניקיות פרנקפורטר 900 גר,ישרקו שיווק מותגי מז,,נקניקיות פרנקפורטר,גרמים,900.00,100 גרם,false,1,54.90,6.10,true,1,
7290004054649,false,מיני מוסקובסקיה 300 גרם,ישרקו שיווק מותגי מז,,מיני מוסקובסקיה 300,גרמים,300.00,100 גרם,false,1,37.90,12.63,true,1,
7290004054809,false,כתף בקר מעושנת 200 גר,,,כתף בקר מעושנת 200 ג,גרמים,200.00,100 גרם,false,1,29.90,14.95,true,1,
7290004054885,false,נקניקיות איטלקיות עם גבינה 400 גר,ישרקו שיווק מותגי מז,,נקניקיות איטלקיות עם,גרמים,400.00,100 גרם,false,1,28.90,7.23,true,1,
7290004055271,false,פניני קבנוס רו 160 ג,,,פניני קבנוס 150 גר,גרמים,150.00,100 גרם,false,1,32.90,21.93,true,1,
7290004055745,false,נקניקיות סליווצניה 600 גר,,,נקניקיות סליווצניה,גרמים,600.00,100 גרם,false,1,32.90,5.48,true,1,
7290004063016,false,"מלח שולחן דק סלית 1 ק""ג בדץ",האי נאם סי או אל.טי.,IL,"מלח דק 1 ק""ג",גרמים,1000.00,100 גרם,false,1,2.07,0.21,true,1,
7290004063115,false,"מלח מטבח עבה להמלחת בשר ובישול 1 ק""ג",האי נאם סי או אל.טי.,IL,"מלח מטבח גס 1 ק""ג",גרמים,1000.00,100 גרם,false,1,2.07,0.21,true,1,
7290004064174,false,"תבלין מלח ההימלאיה דק בצנצנת 1 ק""ג","חברת מלח הארץ אילת בע""\מ",PK,מלח הימלאיה דק בצנצנ,גרמים,1000.00,100 גרם,false,1,20.80,2.08,true,1,
7290004064181,false,"תבלין מלח ההימלאיה גס בצנצנת 1 ק""ג","חברת מלח הארץ אילת בע""\מ",PK,מלח הימלאיה גס בצנצנ,גרמים,1000.00,100 גרם,false,1,20.80,2.08,true,1,
7290004064297,false,"מלח מועשר ביוד בצנצנת מלח הארץ 1 ק""ג","חברת מלח הארץ אילת בע""\מ",IL,מלח מועשר ביוד בצנצנ,גרמים,1000.00,100 גרם,false,1,11.40,1.14,true,1,
7290004064303,false,מלח אטלנטי בצנצנת מלח הארץ 800 גרם,"חברת מלח הארץ אילת בע""\מ",IL,מלח אטלנטי בצנצנת מל,גרמים,800.00,100 גרם,false,1,23.90,2.99,true,1,
7290004067441,false,"מעדן תפוז ללת""ס 100% פרי 284 גרם",בית יצחק,IL,"מעדן תפוז ללת""ס 100%",גרמים,284.00,100 גרם,false,1,18.90,6.65,true,1,
7290004067953,false,"מעדן גויאבה ללת""ס 100% פרי 284 גר",,,"מעדן גויאבה ללת""ס 1",גרמים,284.00,100 גרם,false,1,18.90,6.65,true,1,
7290004068011,false,"יוגורט כבשים בדלי 5 אחוז 60 מ""ל גד","מיוצר ע""י קוד יצרן M",IL,יוגורט כבשים 600 גר,גרמים,600.00,100 גרם,false,1,18.40,3.07,true,1,
7290004068028,false,"ציזיקי יוגורט לשתיה גד 500 מ""ל",מיוצר על ידי קוד יצר,IL,ציזקי 3.5% 500 מל,גרמים,500.00,100 גרם,false,1,9.80,1.96,true,1,
7290004068035,false,"יוגורט לשתייה איירן 3% גד 500 מ""ל","מיוצר ע""י קוד יצרן M",IL,"יוגורט איירן 500 מ""ל",מיליליטרים,500.00,"100 מ""ל",false,1,8.60,1.72,true,1,
7290004068172,false,יוגורט עזים בדלי 5% שומן 600 ג' גד,קוד יצרן MKN,IL,יוגורט עיזים דלי 600,גרמים,600.00,100 גרם,false,1,18.50,3.08,true,1,
7290004078690,false,"גל אקונומיקה אגקס ניחוח רענן 750 מ""ל",הנסיך- מפעל לייצור ט,GR,אגקס שירותים רענן זו,מיליליטרים,750.00,"100 מ""ל",false,1,18.70,2.49,true,1,
7290004078942,false,ליידי ספיד סטיק - דאודורנט ג'ל לאישה 65 גרם,קולגייט-פלמוליב,US,ליידי ספיד סטיק גל ר,גרמים,65.00,100 גרם,false,1,34.90,53.69,true,1,
7290004119133,false,כד יוגורט תנובה 6.5% שומן 1.5 ליטר,מיוצר עי קונדיטוריית,IL,יוגורט 7% 1.5 ליטר,ליטרים,0.00,ליטר,false,1,18.90,18.90,true,1,
7290004119225,false,יופלה יוגורט אננס %3 גביע 150 גרם,תנובה מרכז שיתופי לש,IL,יופלה אננס 3% 150 גר,גרמים,150.00,100 גרם,false,1,5.20,3.47,true,1,
7290004119928,false,מעדן חלב בטעם וניל 2% קרלו תנובה 125 גרם,מחלבת אלון תבור,IL,קרלו וניל 125 גרם,גרמים,125.00,100 גרם,false,1,3.10,2.48,true,1,
7290004119973,false,קרלו מעדן שוקו רביעיה גביע 1.5% 125 גרם,תנובה מרכז שיתופי לש,IL,קרלו שוקו 125 גרם,גרמים,125.00,100 גרם,false,1,3.10,2.48,true,1,
7290004120061,false,מעדן חלב בטעם שוקו וניל שוניל 2% קרלו 125 גרם,תנובה מרכז שיתופי לש,IL,קרלו שוניל 3% 125 גר,גרמים,125.00,100 גרם,false,1,3.50,2.80,true,1,
7290004120108,false,יופלה דיאט יוגורט דובדבן %0 גביע 150גרם,תנובה מרכז שיתופי לש,IL,דיאט יופלה דובדבן 15,גרמים,150.00,100 גרם,false,1,5.20,3.47,true,1,
7290004120566,false,פיראוס 24% גבינה בולגרית 250 גרם,תנובה חלב,IL,גבינה בולגרית פיראוס,גרמים,250.00,100 גרם,false,1,22.90,9.16,true,1,
7290004120573,false,פיראוס 16% גבינה בולגרית 250 גרם,תנובה מרכז שיתופי לש,IL,גבינה בולגרית פיראוס,גרמים,250.00,100 גרם,false,1,23.70,9.48,true,1,
7290004121488,false,יופלה דיאט אפרסק 0% גביע 150 גרם,תנובה מרכז שיתופי לש,IL,דיאט יופלה אפרסק 150,מיליליטרים,150.00,"100 מ""ל",false,1,5.20,3.47,true,1,
7290004121754,false,יוגורט ביו עוגת גבינה ותות 3% יופלה 150 גרם,תנובה חלב,IL,יופלה עוגת גבינה,גרמים,150.00,100 גרם,false,1,5.20,3.47,true,1,
7290004121853,false,גבינה בולגרית פיראוס 5% קוביות 200 גרם,תנובה מרכז שיתופי לש,IL,גבינה בולגרית פיראוס,גרמים,200.00,100 גרם,false,1,21.60,10.80,true,1,
7290004122119,false,פתיתי פרמזן לפסטה 23% השף הלבן 100 גרם,פ.פ.ח. שאביט,IL,פתיתי פרמזן לפסטה הש,גרמים,220.00,100 גרם,false,1,12.20,5.55,true,1,
7290004122195,false,גוש חלב גבינה צהובה פרוסה 28% תנובה 200 גרם,תנובה חלב,IL,גבינה צהובה גוש חלב,גרמים,200.00,100 גרם,false,1,14.60,7.30,true,1,
7290004122270,false,עמק קלאסית פרוסות גבינה חצי קשה 28% 200 גרם,תנובה מרכז שיתופי לש,IL,גבינה עמק פרוס בקופס,גרמים,200.00,100 גרם,false,1,16.90,8.45,true,1,
7290004122348,false,גבינת עמק לייט פרוס בקופסא 200 גרם,תנובה מרכז שיתופי לש,IL,גבינת עמק לייט פרוס,גרמים,200.00,100 גרם,false,1,17.90,8.95,true,1,
7290004122676,false,גבינת חמד לייט 5% פיראוס 250 ג',"תנובה,מחלבת טנא נוגה",IL,חמד לייט 5% גביע 250,גרמים,250.00,100 גרם,false,1,18.90,7.56,true,1,
7290004122683,false,עמק חטיף אצבעות גבינה חצי קשה 28% שומן,תנובה מרכז שיתופי לש,IL,אצבעות עמק 172 גר,גרמים,172.00,100 גרם,false,1,16.40,9.53,true,1,
7290004124205,false,יופלה דיאט יוגורט תות %0 גביע 150 גרם,תנובה מרכז שיתופי לש,IL,דיאט יופלה תות 150 ג,גרמים,150.00,100 גרם,false,1,5.20,3.47,true,1,
7290004125370,false,"שמנת חמוצה 9% מופחתת שומן תנובה 200 מ""ל מהדרין",תנובה מרכז שיתופי לש,IL,שמנת חמוצה מופחתת,מיליליטרים,200.00,"100 מ""ל",false,1,3.90,1.95,true,1,
7290004125400,false,"אשל שלי מהדרין 200 מ""ל 4.5% ""תנובה""- מוצר בפיקוח",פארייפאבה אגרואינדוס,IL,"שלי אשל 200 מ""ל",מיליליטרים,200.00,"100 מ""ל",false,1,1.69,0.85,true,1,
7290004125417,false,"גיל 3% שלי 200 מ""ל ""תנובה"" -מוצר בפיקוח",תנובה מרכז שיתופי לש,IL,"שלי גיל 200 מ""ל",מיליליטרים,200.00,"100 מ""ל",false,1,1.50,0.75,true,1,
7290004125455,false,"שמנת חמוצה 200 מ""ל 15% ""תנובה"" -מוצר בפיקוח",תנובה מרכז שיתופי לש,IL,שמנת חמוצה 15% 200 מ,גרמים,200.00,100 גרם,false,1,2.40,1.20,true,1,
7290004125462,false,"שמנת חמוצה 15% תנובה 500 מ""ל מהדרין",תנובה מרכז שיתופי לש,IL,שמנת חמוצה 15% 500 מ,מיליליטרים,500.00,"100 מ""ל",false,1,6.00,1.20,true,1,
7290004125509,false,"שמנת חמוצה 15% מועשרת תנובה 100 מ""ל",תנובה מרכז שיתופי לש,IL,"שמנת חמוצה 100 מ""ל",מיליליטרים,100.00,"100 מ""ל",false,1,1.80,1.80,true,1,
7290004125578,false,משקה סויה מעושר בסידן תנובה 1ל',תנובה מרכז שיתופי לש,IL,משקה סויה מועשר 1 לי,מיליליטרים,1000.00,"100 מ""ל",false,1,10.90,1.09,true,1,
7290004125585,false,משקה סויה בטעם וניל תנובה 1 ליטר,תנובה מרכז שיתופי לש,IL,משקה סויה על הבוקר 1,מיליליטרים,1000.00,"100 מ""ל",false,1,11.40,1.14,true,1,
7290004125721,false,"השף הלבן שמנת עמידה לבישול 15% תנובה 250 מ""ל",תנובה מרכז שיתופי לש,IL,שמנת לבישול 15% השף,גרמים,250.00,100 גרם,false,1,8.70,3.48,true,1,
7290004125738,false,שמנת מתוקה להקצפה32% 250מל עמיד השף הלבן,תנובה מרכז שיתופי לש,IL,שמנת מתוקה להקצפה 32,גרמים,250.00,100 גרם,false,1,6.80,2.72,true,1,
7290004125776,false,גבינה צהובה עמק 28% 400 גרם בקופסא,תנובה חלב,IL,עמק פרוס בקופסה 400ג,גרמים,400.00,100 גרם,false,1,29.30,7.33,true,1,
7290004126759,false,יוגורט דיאט יופלה פירות יער 150 גרם,תנובה חלב,IL,דיאט יופלה פירות יער,גרמים,150.00,100 גרם,false,1,5.20,3.47,true,1,
7290004126872,false,"שוקו תנובה בבקבוק 250 מ""ל תנובה",תנובה חלב,IL,שוקו שוק בקבוק 250 מ,גרמים,250.00,100 גרם,false,1,6.50,2.60,true,1,
7290004127077,false,קוטג תנובה 3% גביע 250 גרם מהדרין,מיוצר עי קונדיטוריית,IL,קוטג 3% 250 גרם,גרמים,250.00,100 גרם,false,1,5.50,2.20,true,1,
7290004127329,false,קוטג תנובה גביע 250 גרם %5 ו.מהדרין,מיוצר עי קונדיטוריית,IL,גבינת קוטג 5% 250 גר,גרמים,250.00,100 גרם,false,1,5.50,2.20,true,1,
7290004127336,false,קוטג תנובה גביע 250 גרם %9 ו.מהדרין,מיוצר עי קונדיטוריית,IL,גבינת קוטג 9% 250 גר,גרמים,250.00,100 גרם,false,1,5.50,2.20,true,1,
7290004127800,false,"גבינה לבנה 500 גרם 5% ""תנובה"" -מוצר בפיקוח",מיוצר עי קונדיטוריית,IL,גבינה לבנה למריחה 5%,גרמים,500.00,100 גרם,false,1,9.96,1.99,true,1,
7290004127817,false,גבינה לבנה 9% שומן 500 ג' תנובה,מיוצר עי קונדיטוריית,IL,גבינה למריחה 9% 500,גרמים,500.00,100 גרם,false,1,9.96,1.99,true,1,
7290004127862,false,גבינה לבנה 5% שומן 750 ג' תנובה,תנובה מרכז שיתופי לש,IL,גבינה למריחה 5% 750,גרמים,750.00,100 גרם,false,1,14.94,1.99,true,1,
7290004127916,false,גבינה לבנה 0.5% שומן 500 ג' תנובה,תנובה מרכז שיתופי לש,IL,גבינה למריחה 0.5%,גרמים,500.00,100 גרם,false,1,9.96,1.99,true,1,
7290004128333,false,לאבנה על בסיס יוגורט %9 שומן 500 ג' פיראוס,תנובה חלב,IL,גבינה לאבנה 9% 500 ג,גרמים,500.00,100 גרם,false,1,20.90,4.18,true,1,
7290004128340,false,קרם גבינת שמנת %5 בטעם טבעי 200 ג' תנובה,תנובה חלב,IL,גבינת שמנת בטעם טבעי,גרמים,200.00,100 גרם,false,1,12.90,6.45,true,1,
7290004128364,false,קרם גבינת שמנת 5% עם זיתים ירוקים 200 ג' תנובה,"תנובה, מחלבת תל יוסף",IL,גבינת שמנת עם זיתים,גרמים,200.00,100 גרם,false,1,12.90,6.45,true,1,
7290004128432,false,פתיתים מיוחדים לפיצה על בסיס גבינה 500 ג',תנובה חלב,IL,פתיתים מיוחדים לפיצה,גרמים,500.00,100 גרם,false,1,22.90,4.58,true,1,
7290004129101,false,גבינת שמנת 25% בטעם טבעי 225 ג' נפוליאון,תנובה מרכז שיתופי לש,IL,נפוליאון טבעי 225 גר,גרמים,225.00,100 גרם,false,1,14.90,6.62,true,1,
7290004129118,false,גבינת שמנת 24% עם זיתים ירוקים 225 ג' נפוליאון,תנובה מרכז שיתופי לש,IL,נפוליאון זיתים 225 ג,גרמים,225.00,100 גרם,false,1,14.90,6.62,true,1,
7290004129156,false,גבינת שמנת25% עם שום שמיר 225 ג' נפוליאון,תנובה מרכז שיתופי לש,IL,נפוליאון שום שמיר 22,גרמים,225.00,100 גרם,false,1,14.90,6.62,true,1,
7290004129545,false,גבינה לבנה 3% 250 גרם ועדת מהדרין,מחלבת אלון תבור,IL,גבינת תנובה 3% 250 ג,גרמים,250.00,100 גרם,false,1,4.98,1.99,true,1,
7290004130794,false,משקה סויה במתיקות מופחתת תנובה 1 ליטר,תנובה מרכז שיתופי לש,IL,משקה סויה טבעי מתיקו,מיליליטרים,1000.00,"100 מ""ל",false,1,10.90,1.09,true,1,
7290004130916,false,יוגורט יופלה פירות יער בשמנת 3% 150 גרם,תנובה מרכז שיתופי לש,IL,יופלה פירות יער בשמנ,גרמים,150.00,100 גרם,false,1,5.20,3.47,true,1,
7290004131074,false,"חלב 1 ליטר 3% קרטון ""תנובה""- מוצר בפיקוח",תנובה מרכז שיתופי לש,IL,חלב קרטון+פקק 3% תנו,מיליליטרים,1000.00,"100 מ""ל",false,1,6.23,0.62,true,1,
7290004131432,false,יוגורט יופלה לבן ביו 3% 200 גרם,מיוצר עי קונדיטוריית,IL,יופלה לבן 3% 200 גר,גרמים,200.00,100 גרם,false,1,4.20,2.10,true,1,
7290004131814,false,גבינה צפתית 5% מעודנת 200 ג' פיראוס,פארייפאבה אגרואינדוס,IL,פיראוס צפתית מעודנת,גרמים,200.00,100 גרם,false,1,15.90,7.95,true,1,
7290004132552,false,משקה סויה בטעם טבעי לייט תנובה 1 ליטר,תנובה מרכז שיתופי לש,IL,דיאט סויה טבעי 1 ליט,מיליליטרים,1000.00,"100 מ""ל",false,1,11.40,1.14,true,1,
7290004133511,false,יופלה מאגדת לבן 1.5% מעודן 8 יח' * 150 ג',מיוצר עי קונדיטוריית,IL,יופלה לבן שמינייה,ליטרים,0.00,ליטר,false,1,21.40,21.40,true,1,
7290004135225,false,מעדן חלב דל קלוריות בטעם שוקולד 0.2שומ,תנובה מרכז שיתופי לש,IL,מעדן שוקולד דיאט 0%,מיליליטרים,150.00,"100 מ""ל",false,1,4.50,3.00,true,1,
7290004135614,false,גבינה בולגרית מעודנת 5% פיראוס 250 גרם,תנובה חלב,IL,פיראוס בולגרית מעודנ,גרמים,250.00,100 גרם,false,1,21.90,8.76,true,1,
7290004136598,false,מארז הפסקת אוכל עם קורנפלקס ומשקה חלב עמיד בטעם וניל,פארייפאבה אגרואינדוס,IL,מארז הפסקת אוכל-חלב,גרמים,250.00,100 גרם,false,1,10.90,4.36,true,1,
7290004136857,false,מעדן גלי פטל תנובה 125 גרם,תנובה מרכז שיתופי לש,IL,גלי פטל 125גר,גרמים,125.00,100 גרם,false,1,2.80,2.24,true,1,
7290004136864,false,מעדן ג'לי בטעם אננס עם חתיכות תנובה 125 גרם,תנובה חלב,IL,גלי אננס עם חתיכות א,גרמים,125.00,100 גרם,false,1,2.90,2.32,true,1,
7290004136871,false,מעדן ג'לי בטעם אפרסק עם חתיכות תנובה 125 גרם,תנובה מרכז שיתופי לש,IL,גלי אפרסק עם חתיכות,גרמים,150.00,100 גרם,false,1,2.90,1.93,true,1,
7290004137021,false,"שמנת עמידה לבישול מופחת שומן 10% השף הלבן 250 מ""ל",תנובה מרכז שיתופי לש,IL,שמנת לבישול 10%-השף,גרמים,250.00,100 גרם,false,1,8.70,3.48,true,1,
7290004137311,false,גבינה צהובה לייט 9% שומן 400 ג' עמק,תנובה חלב,IL,עמק לייט פרוס 9% 400,גרמים,400.00,100 גרם,false,1,32.90,8.23,true,1,
7290004137809,false,פיראוס לאבנה 5% גביע 250 גרם,"תנובה, מחלבת אלון תב",IL,פיראוס לאבנה 5% 250,גרמים,250.00,100 גרם,false,1,13.90,5.56,true,1,
7290004150112,false,חומוס מזרחי פיקנטי פרימיום 300 גרם שמיר,"סלטי שמיר 2006 בע""\מ",IL,חומוס מזרחי פיקנטי פ,גרמים,300.00,100 גרם,false,1,16.90,5.63,true,1,
7290004150174,false,קולוסלאו פיקנטי פרימיום 300 גרם,"סלטי שמיר 2006 בע""\מ",IL,קולוסלאו פיקנטי פרימ,גרמים,300.00,100 גרם,false,1,16.90,5.63,true,1,
7290004150181,false,חמוצים סיני פיקנטי פרימיום 300 גרם,"סלטי שמיר 2006 בע""\מ",IL,חמוצים סיני פיקנטי פ,גרמים,300.00,100 גרם,false,1,16.90,5.63,true,1,
7290004150228,false,כרוב אדום 300 גרם פיקנטי פרימיום,"סלטי שמיר 2006 בע""\מ",IL,כרוב אדום 300 גרם פי,גרמים,300.00,100 גרם,false,1,16.90,5.63,true,1,
7290004150235,false,חומוס עם חריף פיקנטי פרימיום 300 גרם שמיר,"סלטי שמיר 2006 בע""\מ",IL,חומוס עם חריף 300 גר,גרמים,300.00,100 גרם,false,1,16.90,5.63,true,1,
7290004199241,false,נרות חימום חסידים 50 יחידות,חסידים,,נרות חימום חסידים 50,Unknown,0.00,Unknown,false,1,7.90,7.90,true,1,
7290004199784,false,כפפות S לטקס עם איבוק עדין 100 יח- SAFE TOUCH,סייף טאצ,TH,כפפות לטקס 100 יח S,Unknown,0.00,Unknown,false,1,22.90,22.90,true,1,
7290004199807,false,כפפות L לטקס עם איבוק עדין 100 יח- SAFE TOUCH,סייף טאצ,TH,כפפות לטקס 100 יח L,Unknown,0.00,Unknown,false,1,22.90,22.90,true,1,
7290004221409,false,וובר רוטב חזרת 453 גרם בקבוק לחיץ,וובר ספרינגפילד,,וובר רוטב חזרת 453 ג,גרמים,453.00,100 גרם,false,1,30.50,6.73,true,1,
7290004227975,false,צלעות טלה טרי חלק קג,אס או סי ויאול פרסס,FR,צלעות טלה טרי,Unknown,0.00,"ק""ג",true,0,179.90,179.90,true,1,
7290004324605,false,גבינה מותכת למריחה בטעם רוקפור 7% מון בלאן 120 ג',האי נאם סי או אל.טי.,IL,גבינת מון בלאן רוקפו,גרמים,120.00,100 גרם,false,1,13.80,11.50,true,1,
7290004339425,false,שווארמה מהצומח 350 גרם טבע דלי,טבע דלי בעמ,IL,שווארמה מהצומח טבע ד,גרמים,350.00,100 גרם,false,1,23.50,6.71,true,1,
7290004367077,false,בקלוואה ארוז 800 גרם,,IL,בקלאווה 800 גרם,גרמים,800.00,100 גרם,false,1,34.90,4.36,true,1,
7290004386825,false,שעועית בגודל ענק אפויה ברוטב עגבניות -מוכן לאכילה,וילי פוד,GR,שעועית ענק ברוטב עגב,גרמים,420.00,100 גרם,false,1,10.90,2.60,true,1,
7290004480349,false,"משולש גבינת גאודה עיזים ""גד""",מחלבת אמלטי הולנד,IL,גאודה עזים משולשים ב,Unknown,0.00,"ק""ג",true,0,131.00,131.00,true,1,
7290004494049,false,פומה סוביניון בלאן-דלתון 750 מל,"יקב דלתון בע""\מ",IL,פומה סוביניון בלאן-ד,Unknown,0.00,Unknown,false,1,54.90,54.90,true,1,
7290004502690,false,וודקה פינלנדיה 1 ליטר,,,וודקה פינלנדיה 1 ל,מיליליטרים,1000.00,"100 מ""ל",false,1,93.90,9.39,true,1,
7290004502997,false,וודקה פינלנדיה בקבוק,בראון פורמן,FI,וודקה פינלנדיה 500 מ,מיליליטרים,500.00,"100 מ""ל",false,1,49.90,9.98,true,1,
7290004554354,false,גלידת פנטזיה שוקו וניל 1 ל' שטראוס,"גלידת שטראוס בע""\מ, רחוב",IL,גלידה פנטסיה שוקו,גרמים,900.00,100 גרם,false,1,28.90,3.21,true,1,
7290004584306,false,רבעיית גמדים בטעם תות בננה * 100 ג' שטראוס,מיוצר עי קונדיטוריית,IL,גמדים סופר תות -בננה,גרמים,200.00,100 גרם,false,1,11.70,5.85,true,1,
7290004584351,false,גבינה לבנה סימפוניה עם תוספות 200 ג' חמישית 200,"שטראוס בריאות בע""\מ",IL,סימפוניה 5% 200 גרם,גרמים,200.00,100 גרם,false,1,11.00,5.50,true,1,
7290004584528,false,יוגורט דנונה ביו לבן 1.7% שומן 200 גרם,מיוצר עי קונדיטוריית,IL,יוגורט דנונה ביו טבע,גרמים,200.00,100 גרם,false,1,3.50,1.75,true,1,
7290004685089,false,לחם הארץ לחם חמניות 500 גר',מאפית י את א ברמן בע,IL,לחם חמניות 500 גרם,גרמים,500.00,100 גרם,false,1,16.50,3.30,true,1,
7290004685126,false,לחם הארץ חמישה דגנים750ג,מאפית י את א ברמן בע,IL,לחם 5 דגנים 750 גרם,גרמים,750.00,100 גרם,false,1,16.50,2.20,true,1,
7290004685157,false,לחם שיפון 100% הארץ 750 גר,מאפית י את א ברמן בע,IL,לחם שיפון 100%,גרמים,750.00,100 גרם,false,1,16.50,2.20,true,1,
7290004685195,false,לחם 10 דגנים לחם הארץ 750 גרם,מאפית י את א ברמן בע,IL,לחם 10 דגנים,גרמים,750.00,100 גרם,false,1,16.50,2.20,true,1,
7290004685225,false,לחם שיפון פומפרניקל מקמח שיפון,מאפית י את א ברמן בע,IL,לחם שיפון פומפרניקל,גרמים,750.00,100 גרם,false,1,16.50,2.20,true,1,
7290004685430,false,לחם הארץ כוסמין 100% 500 גרם,מאפית י את א ברמן בע,IL,לחם כוסמין 100% 500,גרמים,500.00,100 גרם,false,1,16.50,3.30,true,1,
7290004685447,false,לחמניות כוסמין 6 בשקית 450 גרם,מאפית ברמן מקבוצת י. את,IL,שישיית לחמניות כוסמי,Unknown,0.00,Unknown,false,1,15.50,15.50,true,1,
7290004685454,false,לחם שיבולת שועל 500 גר',מאפית י את א ברמן בע,IL,לחם שיבולת שועל,גרמים,500.00,100 גרם,false,1,16.50,3.30,true,1,
7290004685478,false,פיתות כוסמין 100% כוסמין 550 גרם,"מאפיית אורן משי בע""\מ",IL,פיתות כוסמין 100% כו,גרמים,550.00,100 גרם,false,1,17.90,3.25,true,1,
7290004731472,false,"שלישיית אלסבון צבעוני כיף 500 מ""ל",טרופיקל דגיל תעשיות,IL,אלסבון כיף שלישייה 5,ליטרים,0.00,ליטר,false,1,18.90,18.90,true,1,
7290004737719,false,אספרגוס שלם מקולף בצנצנת ויליפוד 330 גרם,קריות זול,CN,אספרגוס שלם מקולף 33,גרמים,330.00,100 גרם,false,1,12.60,3.82,true,1,
7290004737900,false,חלב כחוש מרוכז וממותק בתוספת שמן צמחי ויליפוד 397 גרם,יו.איי.בי מאריג'אמפו,LT,חלב מרוכז ממותק וילי,גרמים,397.00,100 גרם,false,1,11.40,2.87,true,1,
7290004768294,false,"פילה אמנון 5-7 ללא עור הדייג בוואקום חת""ס",Unknown,CN,פילה אמנון ללא עור,Unknown,0.00,"ק""ג",true,0,36.90,36.90,true,1,
7290004768911,false,אונט ריב מובחר טרי,,,אונט ריב מובחר טרי,Unknown,0.00,"ק""ג",true,0,64.90,64.90,true,1,
7290004952136,false,"קמח כוסמין מלא אורגני 1 ק""ג - הרדוף",טחנת קמח יפו,IL,קמח כוסמין מלא אורגנ,גרמים,1000.00,100 גרם,false,1,21.90,2.19,true,1,
7290004952518,false,מלפפון אורגני,,,מלפפון אורגני,Unknown,0.00,Unknown,false,1,10.90,10.90,true,1,
7290004982355,false,צדר טריפל סיימן במשק,כושר דיירי,GB,טריפל צדר במשקל,Unknown,0.00,"ק""ג",true,0,115.00,115.00,true,1,
7290005008191,false,"סבון נוזלי ארומה בניחוח לבנדר פטצ'ולי וילנג ילנג פלמוליב 500 מ""ל",הנסיך- מפעל לייצור ט,TR,פלמוליב ס. נוזלי ארו,מיליליטרים,500.00,"100 מ""ל",false,1,19.80,3.96,true,1,
7290005020162,false,וויסקי סקוטי בלנטייס פיינסט 700 מל,פרנו,LK,וויסקי בלנטיינס 700,מיליליטרים,700.00,"100 מ""ל",false,1,79.90,11.41,true,1,
7290005053023,false,רזיניקה 3% 1 ליטר,,,רזיניקה 3% 1 ליטר,ליטרים,0.00,ליטר,false,1,13.60,13.60,true,1,
7290005053047,false,פרוסטקוושה 1 ליטר,,,פרוסטקוושה 1 ליטר,מיליליטרים,1000.00,"100 מ""ל",false,1,13.60,1.36,true,1,
7290005053054,false,שמנת 42% מיוחד 300גר,,,שמנת 42% מיוחד 300,גרמים,300.00,100 גרם,false,1,11.50,3.83,true,1,
7290005053078,false,קאפיר 3% 1 ליטר,,,קאפיר 3% 1 ליטר,ליטרים,0.00,ליטר,false,1,13.60,13.60,true,1,
7290005053085,false,שמנת חמוצה 15% 500 גרם,,,שמנת חמוצה 15% 500 ג,גרמים,500.00,100 גרם,false,1,11.20,2.24,true,1,
7290005053115,false,גבינת טבורג 500 5% גרם,,,גבינת טבורג 500 5% ג,גרמים,500.00,100 גרם,false,1,15.00,3.00,true,1,
7290005053139,false,משקה יוגורט רזינקה דל לקטוז 1 ליטר,,,משקה יוגורט רזינקה,ליטרים,0.00,ליטר,false,1,13.50,13.50,true,1,
7290005053214,false,גבינת טבורוג דובדבן,,,טבורוג דובדבן 500 גר,גרמים,500.00,100 גרם,false,1,16.00,3.20,true,1,
7290005053238,false,טבורוג צימוקים 5% 500 גר,,,טבורוג צימוקים 5%,גרמים,500.00,100 גרם,false,1,16.00,3.20,true,1,
7290005053252,false,פרוסטקוושה 500,,,פרוסטקוושה 500,ליטרים,0.00,ליטר,false,1,7.50,7.50,true,1,
7290005053269,false,"קאפיר 500 מ""ל",,,"קאפיר 500 מ""ל",מיליליטרים,500.00,"100 מ""ל",false,1,7.90,1.58,true,1,
7290005053276,false,ריזינקה 0.5ל,,,"ריזינקה 500 מ""ל",מיליליטרים,500.00,"100 מ""ל",false,1,7.50,1.50,true,1,
7290005068447,false,"גרגרי תירס קל בוואקום ללת""ס פרי גליל 340ג'","פרי הגליל בע""""מ",IL,תירס קל בואקום,גרמים,340.00,100 גרם,false,1,9.40,2.76,true,1,
7290005079290,false,נעם גבינה צהובה15% משקל,טרה,IL,גבינה צהובה נעם 15%,Unknown,0.00,"ק""ג",true,0,65.00,65.00,true,1,
7290005095061,false,נר נשמה בפחית 26 שעות,HQP,IL,נר נשמה בפחית 24 שעו,Unknown,0.00,Unknown,false,1,3.10,3.10,true,1,
7290005095207,false,מנגל גדול 78*30,,IL,מנגל גדול 78*30,Unknown,0.00,Unknown,false,1,146.50,146.50,true,1,
7290005095269,false,נרות חימום בשקית-שקד 50,סין,CN,נרות חימום 50 יח,Unknown,0.00,Unknown,false,1,11.90,11.90,true,1,
7290005095467,false,נרות שבת מס 4 180 גר,משווק על ידי HQP,CN,נרות שבת 4 יח,Unknown,0.00,Unknown,false,1,6.10,6.10,true,1,
7290005095573,false,מצית קליפר,,IL,מצת קליפר,Unknown,0.00,Unknown,false,1,6.70,6.70,true,1,
7290005158292,false,אצבעות כוסמין זעתר כורכום ושמן זית 200 ג,,IL,אצבעות כוסמין זעתר כ,גרמים,200.00,100 גרם,false,1,30.90,15.45,true,1,
7290005169762,false,לקסין פורטה כמוסות זוגות,SHALPHARM HMZRAH (SODOT,IL,לקסין פורטה זוגות,Unknown,0.00,Unknown,false,1,104.90,104.90,true,1,
7290005169946,false,תה טיבטי קלאסי לימון 90 שקיקים,SHALPHARM HMZRAH (SODOT,IL,תה טיבטי לימון 180 ג,גרמים,180.00,100 גרם,false,1,52.90,29.39,true,1,
7290005174513,false,סלט חצילים במיונז אחלה 500 גרם,מיוצר עי קונדיטוריית,IL,חצילים במיונז 500 גר,גרמים,500.00,100 גרם,false,1,15.90,3.18,true,1,
7290005174551,false,סלט חומוס עם צנוברים 125 ג' אחלה,"שטראוס גרופ בע""\מ",IL,חומוס יום יום 125 גר,גרמים,125.00,100 גרם,false,1,4.90,3.92,true,1,
7290005174575,false,טחינה אחלה יום יום משובחת 125ג',מיוצר עי קונדיטוריית,IL,טחינה יום יום 125 גר,גרמים,125.00,100 גרם,false,1,4.90,3.92,true,1,
7290005197758,false,"עוגיות חיוכים שוקולד עלית 150 גרם בד""צ",אפיפית נצרת תעשיות ב,IL,חיוכים שוקו 150 גרם,גרמים,150.00,100 גרם,false,1,6.50,4.33,true,1,
7290005200786,false,תפוצ'יפס בטעם שמנת בצל עלית 50 גרם,"שטראוס פריטו ליי בע""\מ )",IL,תפוציפס שמנת ובצל 50,גרמים,50.00,100 גרם,false,1,3.90,7.80,true,1,
7290005201882,false,קפה טורקי בצלופן עלית 200 גרם,הנסיך- מפעל לייצור ט,IL,קפה טורקי עלית 200 ג,גרמים,200.00,100 גרם,false,1,15.90,7.95,true,1,
7290005278013,false,מיץ תפוזים סחוט טרי 500,,IL,תפוזים סחוט טרי 500,מיליליטרים,500.00,"100 מ""ל",false,1,9.90,1.98,true,1,
7290005278037,false,"נקטר תות סחוט טרי 500 מ""",,IL,תות שדה סחוט טרי 500,מיליליטרים,500.00,"100 מ""ל",false,1,9.90,1.98,true,1,
7290005278075,false,מיץ פירות יער סחוט טרי 5,,IL,פירות יער סחוט טרי 5,מיליליטרים,500.00,"100 מ""ל",false,1,9.90,1.98,true,1,
7290005278099,false,"מיץ מנגו סחוט טרי 500 מ""",,IL,מנגו סחוט טרי 500 מל,מיליליטרים,500.00,"100 מ""ל",false,1,9.90,1.98,true,1,
7290005278105,false,מיץ אפרסק סחוט טרי 500 מ,,IL,אפרסק סחוט טרי 500 מ,מיליליטרים,500.00,"100 מ""ל",false,1,9.90,1.98,true,1,
7290005278136,false,"מיץ תפוח סחוט טרי 500 מ""",,IL,תפוח מלא סחוט טרי 50,מיליליטרים,500.00,"100 מ""ל",false,1,9.90,1.98,true,1,
7290005278211,false,"לימונדה ברי 500 מ""ל",,,"לימונדה ברי 500 מ""ל",מיליליטרים,500.00,"100 מ""ל",false,1,9.90,1.98,true,1,
7290005278228,false,פסיפלורה מנגו סחוט טרי 5,,IL,מנגו פסיפלורה,מיליליטרים,500.00,"100 מ""ל",false,1,9.90,1.98,true,1,
7290005287206,false,רביעיית טונה בשמן סטארקיסט 160 גרם,"סטארקיסט פודור בע""מ",VN,טונה סטארקיסט בשמן ר,גרמים,640.00,100 גרם,false,1,23.90,3.73,true,1,
7290005287251,false,רביעיית טונה במים סטארקיסט 160 גרם,"סטארקיסט פודור בע""מ",VN,טונה סטארקיסט במים ר,גרמים,640.00,100 גרם,false,1,23.90,3.73,true,1,
7290005287510,false,"סטארקיסט טונה בשמן עם פלפל חריף 160 גרם בד""צ",תאי יוניון גרופ,TH,טונה בשמן עם פלפל חר,גרמים,160.00,100 גרם,false,1,8.90,5.56,true,1,
7290005287527,false,"סטארקיסט טונה בשמן עם לימון 160 גרם בד""צ","סטארקיסט פודור בע""מ",TH,טונה בשמן עם לימון 1,גרמים,160.00,100 גרם,false,1,8.90,5.56,true,1,
7290005287534,false,"סטארקיסט טונה בשמן עישון טבעי 160 גרם בד""צ",תאי יוניון גרופ,IL,טונה בשמן עישון טבעי,גרמים,160.00,100 גרם,false,1,8.90,5.56,true,1,
7290005296246,false,"פותח סתימות דריין אאוט 946 מ""ל יעקבי",יוליניבר,US,פותח סתימות,מיליליטרים,946.00,"100 מ""ל",false,1,32.90,3.48,true,1,
7290005326387,false,עגבניות מיובשות בשמן זית אוליביה 270 גרם,אוליביה,IL,עגבניות מיובשות,גרמים,270.00,100 גרם,false,1,20.80,7.70,true,1,
7290005326523,false,ממרח פסטו פטרוזיליה ונענע אוליביה 180 גרם,אוליביה,IL,ממרח פסטו פטרוזיליה,גרמים,180.00,100 גרם,false,1,13.90,7.72,true,1,
7290005358241,false,לשון בקר קפוא,,,לשון בקר קפואה,Unknown,0.00,"ק""ג",true,0,37.90,37.90,true,1,
7290005384851,false,"מיץ לימון משומר 200 מ""ל",קריות זול,IT,מיץ לימון 200 מ`ל,מיליליטרים,200.00,"100 מ""ל",false,1,4.90,2.45,true,1,
7290005423499,false,"תרסיס לניקוי משטחי נירוסטה אירוסל סנו 500 מ""ל",מיוצר עי קונדיטוריית,IL,סנו נירוסטה,מיליליטרים,476.00,"100 מ""ל",false,1,24.50,5.15,true,1,
7290005423505,false,"אורביטול מי פה להלבנת השיניים 500 מ""ל",קוסמופארם,IL,אורביטול מי פה להלבנ,מיליליטרים,500.00,"100 מ""ל",false,1,18.90,3.78,true,1,
7290005423567,false,מטליות ניקוי רב שימושיות בגליל סנו סושי 40 יחידות,אסותא תעשיות אלבד בע,IL,סנו סושי מטליות בגלי,Unknown,0.00,Unknown,false,1,18.90,18.90,true,1,
7290005423635,false,ריצפז נוזל רצפות דוחה תיקנים סנו 2 ליטר,מיוצר עי קונדיטוריית,IL,רצפז דוחה חרקים 2 לי,ליטרים,0.00,ליטר,false,1,21.90,21.90,true,1,
7290005423734,false,מרכך כביסה מרוכז אולטרא פרש סנו מקסימה 4 ליטר,"סנו מפעלי ברונוס בע""\מ",IL,סנו מקסימה מרכך כביס,ליטרים,0.00,ליטר,false,1,20.90,20.90,true,1,
7290005424403,false,"אל סבון כיף אצות ים קטיפתי 1ליטר,",טרופיקל דגיל תעשיות,IL,אלסבון כיף 1 ליטר,מיליליטרים,1000.00,"100 מ""ל",false,1,16.20,1.62,true,1,
7290005424762,false,ריצפז פלוס ווקס נוזל להברקת רצפות דוחה תיקנים סנו 2 ליטר,"סנו מפעלי ברונוס בע""\מ",IL,רצפז פלוס דוחה חרקים,ליטרים,0.00,ליטר,false,1,33.50,33.50,true,1,
7290005424809,false,כריות קרצוף ענקיות לניקוי כללי סנו סושי 3 יחידות,קריות זול,IL,סנו סושי סקוטש ענק,Unknown,0.00,Unknown,false,1,11.90,11.90,true,1,
7290005424991,false,סנו פרש אוטומטיק בהתזה קצובה ניחוח בייבי פאודר,סנו מפעלי ברונוס בעמ,IL,מילוי סנו פרש אוטומט,מיליליטרים,200.00,"100 מ""ל",false,1,15.40,7.70,true,1,
7290005425127,false,"חיטוי משטחים 99.9% מתז לשומנים ואבנית 750 מ""ל","סנו מפעלי ברונוס בע""\מ",IL,מרסס מנקה שומנים 99.,מיליליטרים,750.00,"100 מ""ל",false,1,14.40,1.92,true,1,
7290005425646,false,קליר נוזל לניקוי חלונות רב תכליתי סנו 1 ליטר,"סנו מפעלי ברונוס בע""\מ",IL,סנוקליר אקדח 1 ליטר,מיליליטרים,1000.00,"100 מ""ל",false,1,9.90,0.99,true,1,
7290005426384,false,"סנומוד מבשם אויר מיס מיליון סטטוס סנו 150 מ""ל",סנומוד,IL,סנומוד מיס מיליון 15,מיליליטרים,150.00,"100 מ""ל",false,1,12.40,8.27,true,1,
7290005426803,false,מקסימה מרכך כביסה פצ'ולי לבנדר סגול סנו 4 ליטר,סנו מקסימה,IL,סנו מקסימה מרכך כביס,ליטרים,0.00,ליטר,false,1,20.90,20.90,true,1,
7290005428845,false,מפיות סנו סופט 33*33 100 יחידות,"חי מוצרי נייר בע""מ",IL,סנו סושי מפיות צבעונ,Unknown,0.00,Unknown,false,1,11.10,11.10,true,1,
7290005555100,false,פיקדון רביעייה,,,פיקדון רביעייה,Unknown,0.00,Unknown,false,1,1.20,1.20,true,1,
7290005555101,false,עוגיות שוקולד לבן,Unknown,,פיקדון שישייה,Unknown,0.00,Unknown,false,1,1.80,1.80,true,1,
7290005555127,false,פיקדון 30 אג,,,פיקדון 30 אג,Unknown,0.00,Unknown,false,1,0.30,0.30,true,1,
7290005555777,false,"פיקדון חוזר 1.2 ש""ח בק 500 מ""ל",,,"פיקדון חוזר 1.2 ש""ח",Unknown,0.00,Unknown,false,1,1.20,1.20,true,1,
7290005559587,false,מאפה נקניקיה בבצק מעדנות 800ג',מיוצר עי קונדיטוריית,IL,מאפה נקניקיה 800גר מ,גרמים,800.00,100 גרם,false,1,34.90,4.36,true,1,
7290005559709,false,בורקס פיצה מעדנות 700 גרם,"מעדנות בע""\מ",IL,בורקס פיצה 700 גר,גרמים,700.00,100 גרם,false,1,29.90,4.27,true,1,
7290005559907,false,פיצה משפחתית 100% גבינה מעדנות 500 גרם,מיוצר עי קונדיטוריית,IL,פיצה משפחתית גבינה,גרמים,500.00,100 גרם,false,1,23.90,4.78,true,1,
7290005559914,false,פיצה משפחתית עם 100% גבינה בתוספת זיתים מעדנות 550 גרם,מיוצר עי קונדיטוריית,IL,פיצה משפחתית זיתים מ,גרמים,550.00,100 גרם,false,1,21.90,3.98,true,1,
7290005571022,false,צלי כתף טרי,,,צלי כתף טרי,Unknown,0.00,"ק""ג",true,0,89.90,89.90,true,1,
7290005571039,false,פילה עגל מדומה טרי,,,פילה מדומה טרי,Unknown,0.00,"ק""ג",true,0,69.90,69.90,true,1,
7290005571046,false,כתף בקר מרכזי טרי,,,כתף בקר מרכזי טרי,Unknown,0.00,"ק""ג",true,0,69.90,69.90,true,1,
7290005571060,false,אוסובוקו בקר טרי,,,אוסובוקו בקר טרי,Unknown,0.00,"ק""ג",true,0,39.90,39.90,true,1,
7290005571176,false,ויסבארטן טרי,,,ויסבארטן טרי,Unknown,0.00,"ק""ג",true,0,54.90,54.90,true,1,
7290005571183,false,שייטל בקר שלם,,,שייטל שלם,Unknown,0.00,"ק""ג",true,0,79.90,79.90,true,1,
7290005571213,false,שפיץ צך בקר,,,פיקנייה עגל טרי,Unknown,0.00,"ק""ג",true,0,94.90,94.90,true,1,
7290005571343,false,כבד עגל טרי,,,כבד עגל טרי,Unknown,0.00,"ק""ג",true,0,17.90,17.90,true,1,
7290005571367,false,לשון עגל טרי,,,לשון עגל טריה,Unknown,0.00,"ק""ג",true,0,42.90,42.90,true,1,
7290005571596,false,סינטה פילה עגלה קוד קניה,,,סינטה עגל טרי,Unknown,0.00,"ק""ג",true,0,99.90,99.90,true,1,
7290005571909,false,אנטריקוט עגל טרי ללא עצם,,,אנטריקוט עגל טרי,Unknown,0.00,"ק""ג",true,0,149.90,149.90,true,1,
7290005591761,false,דבש טהור מפרחי בר בלחיץ 400 ג' יד מרדכי,מכוורת יד מרדכי שטראוס ב,IL,דבש טהור לחיץ פרחי ב,גרמים,400.00,100 גרם,false,1,19.90,4.98,true,1,
7290005610509,false,צנונית ארוז דוד משה 500ג',ביכורי השקמה,IL,צנונית,Unknown,0.00,Unknown,false,1,4.90,4.90,true,1,
7290005680052,false,טמפונים סופר פלוס אובה 32 יחידות,גונסון אנד גונסון,GR,אובה סופר פלוס 32,Unknown,0.00,Unknown,false,1,22.90,22.90,true,1,
7290005684418,false,לחם כוסמין מלא לחם אדמה,מאפיה מרחבית קרית שמונה,IL,לחם כוסמין אורגני 70,גרמים,700.00,100 גרם,false,1,11.90,1.70,true,1,
7290005684425,false,לחם שיפון אורגני 600 גרם,,,לחם שיפון אורגני 600,גרמים,600.00,100 גרם,false,1,11.90,1.98,true,1,
7290005684845,false,פיתות מקמח כוסמין מלא אורגני- מארז 5 יח',אלומה,,5 פיתות כוסמין אורגנ,Unknown,0.00,Unknown,false,1,8.90,8.90,true,1,
7290005697333,false,קממבר עיזים מנות שקיל גלילי,גלילי,,קממבר עיזים מנות שקי,Unknown,0.00,"ק""ג",true,0,193.00,193.00,true,1,
7290005697517,false,"יוגורט עיזים טבעי ביו 500 מ""ל ""גלילי""",מחלבת גלילי,IL,יוגורט עיזים טבעי בי,מיליליטרים,500.00,"100 מ""ל",false,1,18.80,3.76,true,1,
7290005838002,false,מעדן גבינה ויוגורט בטעם וניל 88 ג' דניאלה,"שטראוס בריאות בע""מ",IL,דניאלה וניל 100 גרם,גרמים,88.00,100 גרם,false,1,3.90,4.43,true,1,
7290005838613,false,"סקי וניל בודד 125 גרם ""שטראוס""","שטראוס בריאות בע""\מ",IL,סקי וניל 125 גרם,גרמים,125.00,100 גרם,false,1,3.70,2.96,true,1,
7290005838972,false,גבינת יום יום 5% שטראוס 125ג',מיוצר עי קונדיטוריית,IL,גבינת סקי יום יום 5%,גרמים,125.00,100 גרם,false,1,2.49,1.99,true,1,
7290005839078,false,שמיניית יוגורט לבן 3% ביו דנונה 150 גרם,מיוצר עי קונדיטוריית,IL,מולטיפק יוגורט דנונה,ליטרים,0.00,ליטר,false,1,15.90,15.90,true,1,
7290005870460,false,"שמפו רימונים לשיער רגיל 750 מ""ל",ש.שוורץ,IL,שמפו רימונים לשיער ר,מיליליטרים,750.00,"100 מ""ל",false,1,10.90,1.45,true,1,
7290005870491,false,מרכך לשיער רימונים,ש.שוורץ,,"מרכך רימונים 750 מ""ל",מיליליטרים,750.00,"100 מ""ל",false,1,10.90,1.45,true,1,
7290005896620,false,סאן בנדטו - מוגז עדין - 1.5 ליטר,אקווה מינרלה סאן בנד,IT,מים סאן בנדטו 1.5 ל,ליטרים,0.00,ליטר,false,1,3.50,3.50,true,1,
7290005896637,false,סאן בנדטו - מים מינרלים טבעיים מהאלפים 1.5 ליטר,אקווה מינרלה סאן בנדטו ב,IT,מים סאן בנדיטו 1.5 ל,ליטרים,0.00,ליטר,false,1,4.20,4.20,true,1,
7290005966422,false,יין ירדן שרדונה 2020 750 מל,יקבי רמת הגולן,,יין ירדן שרדונה 2020,Unknown,0.00,Unknown,false,1,79.90,79.90,true,1,
7290005992018,false,"יוגורט עיזים לשתיה 3% מחלבות גד 500 מ""ל","מיוצר ע""\י קוד יצרן MKN",IL,יוגורט עיזים 500 מל,גרמים,500.00,100 גרם,false,1,13.10,2.62,true,1,
7290005992575,false,גבינה בולגרית למריחה 5% גד 250 גרם,מחלבות גד בעמ,IL,בולגרית למריחה 250 ג,גרמים,250.00,100 גרם,false,1,17.00,6.80,true,1,
7290005992735,false,לאבנה טבעי 5 אחוז 250גרם גד,הנסיך- מפעל לייצור ט,IL,גבינה לבנה טבעית 250,גרמים,250.00,100 גרם,false,1,13.50,5.40,true,1,
7290006189028,false,מיני פריזר עגל 480 גרם,,IL,מיני פריזר עגל 480 ג,גרמים,480.00,100 גרם,false,1,21.90,4.56,true,1,
7290006189358,false,סטייק אנטריקוט מוצר בשר מעובד מופשר,,,אנטריקוט מעובד מופשר,Unknown,0.00,"ק""ג",true,0,99.90,99.90,true,1,
7290006190765,false,גבינת גרוייר רזרב שוויצרי במשקל,,CH,גבינת גרוייר רזרב,Unknown,0.00,"ק""ג",true,0,209.00,209.00,true,1,
7290006194008,false,גבינת פקורינו רומנו איטלקי שקיל,,,גבינת פקורינו רומנו,Unknown,0.00,"ק""ג",true,0,170.00,170.00,true,1,
7290006194015,false,גבינת גורגונזולה פיקנטית במשקל,,,גבינת גורגונזולה פיק,Unknown,0.00,"ק""ג",true,0,191.00,191.00,true,1,
7290006194022,false,גורגונזולה דולצה איטלקי במשקל,,,גורגונזולה דולצה,Unknown,0.00,"ק""ג",true,0,191.00,191.00,true,1,
7290006210661,false,בונז'ור באגט 330 גרם,בונז'ור,,בגט,Unknown,0.00,Unknown,false,1,7.90,7.90,true,1,
7290006229427,false,סן בנדטו - מים מינרלים - מארז שישיית 500 מל,קריות זול,IT,שישיית מים מינרלים ס,ליטרים,0.02,ליטר,false,1,12.90,645.00,true,1,
7290006251107,false,תה צ'אי מסאלה ויסוצקי 25 יחידות,מולינו ניקולי s.p.a,IL,תה צאי מסאלה 25 שקיק,Unknown,0.00,Unknown,false,1,18.90,18.90,true,1,
7290006251343,false,חליטת פסיפלורה מנגו הגן הקסום ויסוצקי 25 יחידות,תה ויסוצקי,IL,פסיפלורה מנגו 25 שק,Unknown,0.00,Unknown,false,1,18.90,18.90,true,1,
7290006251374,false,תה ירוק לימונית וג'ינג'ר ויסוצקי 25 יחידות,תה ויסוצקי,IL,תה ירוק לימונית וגינ,Unknown,0.00,Unknown,false,1,24.90,24.90,true,1,
7290006251589,false,תה ירוק עם עלי נענע 50 שקיקים ויסוצקי,בית ויסוצקי,IL,תה ירוק נענע באריזה,Unknown,0.00,Unknown,false,1,42.90,42.90,true,1,
7290006265500,false,פטריות שמפיניון ארוז מרינה,"מרינה פטריות הגליל בע""מ",IL,פטריות שמפיניון ארוז,Unknown,0.00,Unknown,false,1,9.90,9.90,true,1,
7290006271648,false,מיני בורקס תפוחי אדמה מעדנות 800 גרם,"מעדנות בע""\מ",IL,"מיני בורקס תפו""א 800",גרמים,650.00,100 גרם,false,1,29.50,4.54,true,1,
7290006271655,false,מיני בורקס גבינה מעדנות 800 גרם,מיוצר עי קונדיטוריית,IL,מיני בורקס גבינה,גרמים,800.00,100 גרם,false,1,24.90,3.11,true,1,
7290006272072,false,חטיפי פיצה גבינה מעדנות 650 גרם,"מעדנות בע""\מ",IL,חטיפי פיצה גבינה,גרמים,650.00,100 גרם,false,1,29.90,4.60,true,1,
7290006272430,false,בצק עלים חמאה מעדנות 600 גרם,מיוצר עי קונדיטוריית,IL,בצק עלים חמאה מעדנות,גרמים,600.00,100 גרם,false,1,28.60,4.77,true,1,
7290006296306,false,גדל 250 מ`ל-עשבי קדם,,,גדל 250 מ`ל-עשבי קדם,Unknown,0.00,Unknown,false,1,157.90,157.90,true,1,
7290006306302,false,רביולי במילוי פרמזן ריקוטה גד 400 גרם,דורום תעשיות מזון ופסטה,IL,רביולי גבינה ופרמזן,גרמים,400.00,100 גרם,false,1,22.90,5.73,true,1,
7290006306319,false,רביולי במילוי בטטה 400 ג' פסטה נונה,דורום תעשיות מזון ופסטה,IL,רביולי בטטה 400 גר,גרמים,400.00,100 גרם,false,1,22.90,5.73,true,1,
7290006306333,false,רביולי במילוי תרד וריקוטה גד 400 גרם,דורום תעשיות מזון ופסטה,IL,רביולי תרד 400 גר,גרמים,400.00,100 גרם,false,1,22.90,5.73,true,1,
7290006306357,false,רביולי גבינת עיזים גד 400 גרם,דורום תעשיות מזון ופסטה,IL,רביולי גבינת עיזים 4,גרמים,400.00,100 גרם,false,1,25.10,6.28,true,1,
7290006322104,false,לחם ריחיים קל פרוס 500גר,מאפיית דוידוביץ ובניו בע,IL,לחם ריחיים קל פרוס,גרמים,500.00,100 גרם,false,1,13.90,2.78,true,1,
7290006322111,false,לחמניות ריחיים 80*6 גרם,מאפיית דוידוביץ ובניו בע,IL,לחמניות ריחיים קלות,גרמים,450.00,100 גרם,false,1,9.90,2.20,true,1,
7290006322470,false,לחם תשעה דגנים דוידו,מאפיית דוידוביץ ובניו בע,IL,לחם קל 9 דגנים 500,גרמים,500.00,100 גרם,false,1,13.90,2.78,true,1,
7290006322487,false,לחם קוביות קמח מלא 750 גר,מאפיית דוידוביץ ובני,IL,לחם קוביות קמח מלא,גרמים,750.00,100 גרם,false,1,13.90,1.85,true,1,
7290006322838,false,לחם מקמח מלא דוידובי,מאפיית דוידוביץ ובניו בע,IL,לחם 100% קמח מלא 750,גרמים,750.00,100 גרם,false,1,14.90,1.99,true,1,
7290006337016,false,בלינציס עם בשר 800 ג,מפעלי אירנה לבצק ממו,,בלינצס בשר 800 גרם,גרמים,800.00,100 גרם,false,1,36.90,4.61,true,1,
7290006337023,false,בלינצס גבינה 800 גרם,מפעלי אירנה לבצק ממו,,בלינצס גבינה 800 גרם,גרמים,800.00,100 גרם,false,1,36.90,4.61,true,1,
7290006337085,false,ציבורקי 600 גרם,מפעלי אירנה לבצק ממו,,ציבורקי 600 גרם,גרמים,600.00,100 גרם,false,1,32.90,5.48,true,1,
7290006337214,false,צבורצקי מיני 600 גר,מפעלי אירנה לבצק ממו,,צבוצקי 600 גר,גרמים,600.00,100 גרם,false,1,32.90,5.48,true,1,
7290006337450,false,כיסוני בשר לבן 1.3 ק,מפעלי אירנה לבצק ממו,,"פלמני לבן 1.3 ק""ג",קילוגרמים,0.00,"ק""ג",false,1,38.90,38.90,true,1,
7290006337467,false,כיסוני בשר דומשניה 1,מפעלי אירנה לבצק ממו,,"פלמני דומשניה 1.3 ק""",קילוגרמים,0.00,"ק""ג",false,1,38.90,38.90,true,1,
7290006337504,false,פלמני משפחתי 1300 גרם,"מפעלי אירנה לבצק ממולא בע""מ",IL,"פלמני משפחתי 1.3 ק""ג",קילוגרמים,0.00,"ק""ג",false,1,38.90,38.90,true,1,
7290006337993,false,פלמני אליטניי 1.3 קג,,,פלמני אליטניי 1.3 קג,קילוגרמים,0.00,"ק""ג",false,1,45.90,45.90,true,1,
7290006342072,false,גרעין לבן ששון הקולה 200 גרם,"דין שיווק וקלייה בע""",IL,גרעין לבן 200 גרם,גרמים,200.00,100 גרם,false,1,9.40,4.70,true,1,
7290006355065,false,קשקבליו איטלקי במשקל,,,קשקבליו איטלקי במשקל,Unknown,0.00,"ק""ג",true,0,199.00,199.00,true,1,
7290006374615,false,מזון מלכות מרוכז במיוחד 5.8% 340גר,קריות זול,IL,דבש מזון מלכות 340 ג,גרמים,340.00,100 גרם,false,1,51.90,15.26,true,1,
7290006374653,false,דבש לייט מופחת קלוריות יד מרדכי 350 ג',מכוורת יד מרדכי שטראוס ב,IL,דבש לייט 350 גר,גרמים,350.00,100 גרם,false,1,32.90,9.40,true,1,
7290006374738,false,קונפיטורית תות 340 גר' יד מרדכי,אף.סי תבליני בגליל ב,IL,קונפיטורת יד מרדכי ת,גרמים,340.00,100 גרם,false,1,16.90,4.97,true,1,
7290006437044,false,אלטמן - פרוביוטיק DIGEST כמוסות 60 יח',אלטמן,US,(60) DIGEST פרוביוטי,Unknown,0.00,Unknown,false,1,87.90,87.90,true,1,
7290006437341,false,קרנמיקס MAX תמצית חמוציות פטנטית ויטמין C וצמחים,אלטמן,US,קרנמיקס MAX כשר,Unknown,0.00,Unknown,false,1,113.90,113.90,true,1,
7290006459947,false,"פחמים גריל פרימיום שקד 2 ק""ג",E&C Charcoal LTD,PY,פחמים גריל פרימיום ש,קילוגרמים,0.00,"ק""ג",false,1,19.90,19.90,true,1,
7290006459978,false,קרקר אובלטים קלאסי עם שומשום 282 גר,,,קרקר אובלטים קלאסי ע,גרמים,282.00,100 גרם,false,1,11.90,4.22,true,1,
7290006464630,false,כף טרי,,,כף טרי,Unknown,0.00,"ק""ג",true,0,54.90,54.90,true,1,
7290006488572,false,סופרהב ביו קראן 60 כמוסו,LTD .AMBROZIA,IL,ביו קראן,Unknown,0.00,Unknown,false,1,105.90,105.90,true,1,
7290006492432,false,גבינת מוצרלה בייבי 18% גד 150 גרם,מחלבות גד בעמ,IL,מוצרלה בייבי 150 גרם,גרמים,170.00,100 גרם,false,1,14.90,8.76,true,1,
7290006492630,false,גבינת פרומעז עיזים 22% גד 180 גרם,מחלבות גד בעמ,IL,גליל גבינת עיזים 180,גרמים,180.00,100 גרם,false,1,24.50,13.61,true,1,
7290006492685,false,גבינת לאבנה 5% מחלב עזים גד 250 גרם,מחלבות גד בעמ,IL,לבנה עיזים 3% 250 גר,גרמים,250.00,100 גרם,false,1,18.80,7.52,true,1,
7290006492852,false,גבינת עיזים למריחה 5% שומן 250 ג' גד,גבינות מדף,IL,גבינה לבנה עיזים 250,גרמים,250.00,100 גרם,false,1,17.80,7.12,true,1,
7290006492913,false,גבינת לאבנה ציזיקי 5% מחלבות גד 250 גרם,מחלבות גד בעמ,IL,לבנה ציזיקי 250 גרם,גרמים,250.00,100 גרם,false,1,14.30,5.72,true,1,
7290006515926,false,"מארז אפרול 700 + פרו שפריץ 750 מ""ל",davide campari,IT,מארז אפרול 700 + פרו,מיליליטרים,1450.00,"100 מ""ל",false,1,90.20,6.22,true,1,
7290006520500,false,שוקיים עוף טרי,,,שוקיים עוף טרי,Unknown,0.00,"ק""ג",true,0,27.90,27.90,true,1,
7290006541901,false,ממרח שום מוטי שף 190,"איטיליאן פוד, אס.פי.",IL,ממרח שום 190 גרם,גרמים,190.00,100 גרם,false,1,20.90,11.00,true,1,
7290006546012,false,שעועית בנוסח מקסיקני בטעם חריף 580 ג' פרי הגליל,"פרי הגליל בע""""מ",IL,צילי בנוסח מקסיקני 2,גרמים,400.00,100 גרם,false,1,7.30,1.83,true,1,
7290006559029,false,כדורי מוצרלה בופלו במשקל,חוות הבואפלו,,כדורי מוצרלה בופלו,Unknown,0.00,"ק""ג",true,0,146.00,146.00,true,1,
7290006567048,false,פתיתי קוסקוס ישראלי אסם 350 גרם,"מיוצר ע""י קוד יצרן K",IL,פתיתי קוסקוס ישראלי,גרמים,350.00,100 גרם,false,1,8.30,2.37,true,1,
7290006578105,false,גרוייר לה פריבורג במשקל,,CH,גרוייר לה פריבורג במ,Unknown,0.00,"ק""ג",true,0,240.00,240.00,true,1,
7290006578600,false,קבינת קומטה גורה פלור במשקל,,FR,קבינת קומטה גורה פלו,Unknown,0.00,"ק""ג",true,0,220.00,220.00,true,1,
7290006618085,false,"אסטוניש תרסיס ניקוי אמבטיה וכיורים יעקבי 750 מ""ל",יעקובי אסטוניש,GB,אסטוניש מרסס לאמבט 7,מיליליטרים,750.00,"100 מ""ל",false,1,20.80,2.77,true,1,
7290006618610,false,הפי ספוגיות לניקוי כלים חלביים ובשריים יעקבי 6 יחידות,יעקובי,TR,6 ספוגיות כלים בשרי/,Unknown,0.00,Unknown,false,1,11.50,11.50,true,1,
7290006636751,false,"יין אמפורה בלאן דה נואר 750 מ""ל",,IL,יין אמפורה בלאן דה נ,Unknown,0.00,Unknown,false,1,87.90,87.90,true,1,
7290006636768,false,"יין אמפורה מד וויט 750 מ""ל",,IL,יין אמפורה מד וויט 7,Unknown,0.00,Unknown,false,1,87.90,87.90,true,1,
7290006652027,false,במבה חטיף בוטנים אסם 20*15 גרם,מיוצר עי קונדיטוריית,IL,במבה מולטי פק 15 יחי,גרמים,300.00,100 גרם,false,1,23.90,7.97,true,1,
7290006660138,false,אקופרינד-מרכך כביסה מרוכז פריחת העמק,,,אקופרינד-מרכך כביסה,מיליליטרים,1000.00,"100 מ""ל",false,1,19.90,1.99,true,1,
7290006660220,false,"מנקה רב תכליתי בהתזה אקופרנד 750 מ""ל",אקופרנד,,מנקה רב תכליתי בהתזה,מיליליטרים,750.00,"100 מ""ל",false,1,17.50,2.33,true,1,
7290006660268,false,אקופרנד מרכך כביסה מרוכז מאסק 1 ליטר,,,אקופרנד מרכך כביסה מ,מיליליטרים,1000.00,"100 מ""ל",false,1,19.90,1.99,true,1,
7290006660602,false,מי קוקוס אורגני גרין קוקו קרטונית 1 ליטר,בן טרה ג'וינט סטוק,VN,מי קוקוס אורגני גרין,מיליליטרים,1000.00,"100 מ""ל",false,1,18.90,1.89,true,1,
7290006664037,false,גמדים דגנים ארוחת בוקר מארז 100X4ג',"שטראוס בריאות בע""\מ",IL,גמדים ארוחת בוקר,גרמים,200.00,100 גרם,false,1,11.70,5.85,true,1,
7290006664402,false,גבינה לבנה סקי 5% שומן 750 גרם,מיוצר עי קונדיטוריית,IL,סקי 5% 750 גרם,גרמים,750.00,100 גרם,false,1,14.94,1.99,true,1,
7290006664532,false,יוגורט עם תות 3% שומן 150 ג' דנונה,מיוצר עי קונדיטוריית,IL,דנונה תות 3% 150 גר,גרמים,180.00,100 גרם,false,1,4.30,2.39,true,1,
7290006664655,false,"אקטימל לבן טבעי מארז 100X8 מ""ל",מיוצר עי קונדיטוריית,IL,אקטימל טבעי שמינייה,מיליליטרים,800.00,"100 מ""ל",false,1,19.90,2.49,true,1,
7290006664693,false,יוגורט עם אפרסק 3% שומן 150 ג' דנונה,מיוצר עי קונדיטוריית,IL,דנונה אפרסק 3% 150 ג,גרמים,180.00,100 גרם,false,1,4.30,2.39,true,1,
7290006664990,false,"יוגורט דנונה ביו לבן 1.7% שומן 8*150 מ""ל",מיוצר עי קונדיטוריית,IL,מארז ביו 1.7% 2+6 15,ליטרים,0.00,ליטר,false,1,15.90,15.90,true,1,
7290006678782,false,סרדין מרוקאי 125 גרם חריף בשמן צמחי,אוקימיק לעיון,,סרדין מרוקאי 125 ג ח,גרמים,100.00,100 גרם,false,1,5.90,5.90,true,1,
7290006678805,false,סרדין מרוקאי 125 גרם ברוטב עגבניות,אוקימיק לעיון,,סרדין מרוקאי 125 ג ב,גרמים,100.00,100 גרם,false,1,5.90,5.90,true,1,
7290006678812,false,סרדין מרוקאי 125 ג בשמן צמחי,אוקימיק לעיון,,סרדין מרוקאי 125 ג ב,גרמים,100.00,100 גרם,false,1,5.90,5.90,true,1,
7290006678850,false,סרדין מרוקאי 125 ג בשמן זית,אוקימיק לעיון,,סרדין מרוקאי 125 ג ב,גרמים,100.00,100 גרם,false,1,6.90,6.90,true,1,
7290006681553,false,קרמבו בטעם וניל - מארז שמינייה פרווה,"גלידת שטראוס בע""\מ",IL,שטראוס קרמבו וניל 8,Unknown,0.00,Unknown,false,1,16.90,16.90,true,1,
7290006681560,false,קרמבו בטעם מוקה שטראוס 8 יחידות,"גלידת שטראוס בע""מ",IL,שטראוס קרמבו מוקה 8,Unknown,0.00,Unknown,false,1,16.90,16.90,true,1,
7290006683748,false,מגה גלופלקס 210קפליותMSM,אלטמן,US,מגה גלופלקס+MSM (180,Unknown,0.00,Unknown,false,1,228.90,228.90,true,1,
7290006699084,false,מספריים גדולות רב שימושיות,,,PRIVATE COLLECTION,Unknown,0.00,Unknown,false,1,34.90,34.90,true,1,
7290006705334,false,מקלות סורימי 200 גרם,,,מקלות סורימי 200 גרם,גרמים,200.00,100 גרם,false,1,4.80,2.40,true,1,
7290006705594,false,נתחי סורימי 200 גרם,,,נתחי סורימי 200 גרם,גרמים,200.00,100 גרם,false,1,5.20,2.60,true,1,
7290006724205,false,טופו חומוס בטעם מעושן 300 גרם,משק וואיילר,IL,טופו חומוס 300 גרם,גרמים,300.00,100 גרם,false,1,11.90,3.97,true,1,
7290006764072,false,"בירה גולדסטאר בקבוק 500 מ""ל חוזר","טמפו משקאות בע""\מ",IL,"בירה גולדסטאר 500 מ""",מיליליטרים,500.00,"100 מ""ל",false,1,7.20,1.44,true,1,
7290006764478,false,"בירה נשר מאלט בקבוק זכוכית 330 מ""ל","טמפו משקאות בע""מ",IL,נשר מאלט בקבוק 330 מ,מיליליטרים,330.00,"100 מ""ל",false,1,4.90,1.48,true,1,
7290006764485,false,"בירה שחורה נשר מאלט שישייה ח""פ 330*6 מ''ל","טמפו משקאות בע""\ם.",IL,שישיית נשר מאלט בקבו,מיליליטרים,1980.00,"100 מ""ל",false,1,30.90,1.56,true,1,
7290006765000,false,טורטיה מקמח מלא שקדיה 540 גרם,אלקטי קוראבייכיסיגיד,TR,טורטיה מקמח מלא 540,גרמים,540.00,100 גרם,false,1,10.90,2.02,true,1,
7290006784018,false,"מילוי מכשיר אוויר 250 מ""ל fashion blablabla סנט מוריץ",קומפלקס כימיקלים בעמ,TR,fashion blablabla מי,Unknown,0.00,Unknown,false,1,13.90,13.90,true,1,
7290006805355,false,"פילסברי, כדורים בטעם שוקולד, תערובת להכנת כדורים בטעם שוקולד. 500 גרם.",הדקלאים אגודת שיתופי,IL,תערובת להכנת כדורי ש,גרמים,500.00,100 גרם,false,1,17.90,3.58,true,1,
7290006805850,false,פילסברי פנקייק תערובת להכנת חביתיות,הדקלאים אגודת שיתופי,IL,תערובת להכנת פנקייק,גרמים,500.00,100 גרם,false,1,17.90,3.58,true,1,
7290006822192,false,נקטר דיאט חמוציות אושן ספריי פריגת 1 ליטר,מבשלות בירה בינלאומיות ב,IL,נקטר פריגת דיאט חמוצ,מיליליטרים,1000.00,"100 מ""ל",false,1,11.90,1.19,true,1,
7290006833822,false,נקניקיות עוף 600 גר מזרע,,,נקניקיות עוף 600 גר,גרמים,600.00,100 גרם,false,1,22.90,3.82,true,1,
7290006834539,false,גבינת קומבוזולה גרמנית במשקל,,,גבינת קומבוזולה,Unknown,0.00,"ק""ג",true,0,194.00,194.00,true,1,
7290006834546,false,גבינת שמברי גרמנית במשקל,,,גבינת שמברי גרמנית,Unknown,0.00,"ק""ג",true,0,204.00,204.00,true,1,
7290006834553,false,גבינת רוגט גרמני במשקל,,,גבינת רוגט גרמני,Unknown,0.00,"ק""ג",true,0,219.00,219.00,true,1,
7290006835321,false,קבנוס עגל מארז 250 ג,,,קבנוס עגל 250 גר,גרמים,250.00,100 גרם,false,1,22.90,9.16,true,1,
7290006855244,false,ברבריא חטיף שקדים צימוקים ודבש 120 גרם,טבעית מוצרים מן הטבע בעמ,IL,ברבריא חטיף אגוזים ש,גרמים,120.00,100 גרם,false,1,18.90,15.75,true,1,
7290006855251,false,חטיף קשיו חמוציות וסילאן ברבריא 4*30 ג',טבעית מוצרים מן הטבע בעמ,IL,ברבריא חטיף קשיו אגו,גרמים,120.00,100 גרם,false,1,18.90,15.75,true,1,
7290006899255,false,סרמוני תה - 20 ארל גריי - קופסת פירמידה,תה סרמוני בעמ,IL,תה סרמוני א.גריי 20,Unknown,0.00,Unknown,false,1,18.90,18.90,true,1,
7290006920836,false,"תחליפי גבינ""צ מעושן פרוס 350 גר'",צי תעשיות מזון יבנה,IL,מעושן פרוס 350 גרם,גרמים,350.00,100 גרם,false,1,14.90,4.26,true,1,
7290006920843,false,"תחליפי גבינ""צ מוצרלה פרוס 350 גר'",צי תעשיות מזון יבנה,IL,מוצרלה פרוס 350 גרם,גרמים,350.00,100 גרם,false,1,14.90,4.26,true,1,
7290006920911,false,הולנדית פרוס 350ג' כפיר,צי תעשיות מזון יבנה,IL,הולנדית פרוס 350 גרם,גרמים,350.00,100 גרם,false,1,13.90,3.97,true,1,
7290006960023,false,כרוב כבוש מאמא מרי 7,מאמא מרי,IL,כרוב כבוש 750 גר,גרמים,750.00,100 גרם,false,1,20.90,2.79,true,1,
7290006960337,false,מיקס פטריות יח 400 גרם,,IL,מיקס פטריות יח 400 ג,גרמים,600.00,100 גרם,false,12,31.50,5.25,true,1,
7290006960399,false,פטריות שמפיניון 400 גרם,,,פטריות שמפיניונים יח,גרמים,600.00,100 גרם,false,12,31.50,5.25,true,1,
7290006960429,false,"מאמא מרי כרוב בולגרי 1 ק""ג",מאמא מרי,IL,כרוב בולגרי 1 קג,קילוגרמים,0.00,"ק""ג",false,1,20.90,20.90,true,1,
7290006983152,false,קרוטונים מתובלים למרק אסם 400 גרם,עינת תעשיות מזון,IL,קרוטונים מתובלים למר,גרמים,400.00,100 גרם,false,1,19.60,4.90,true,1,
7290006983176,false,אוסם - לחמית שיפון 250 גרם,"אסם השקעות בע""\מ",IL,לחמית שיפון 230 גרם,גרמים,230.00,100 גרם,false,1,9.40,4.09,true,1,
7290006983206,false,פלאפל בקלי קלות- תערובת להכנת פלאפל,"אסם השקעות בע""\מ",IL,תערובת להכנת פלפל קל,גרמים,180.00,100 גרם,false,1,11.40,6.33,true,1,
7290006983527,false,עוגת הבית תפוחי עץ עם פירורים 400 ג' אסם,מיוצר עי קונדיטוריית,IL,עוגת הבית תפוחי עץ ע,גרמים,400.00,100 גרם,false,1,15.60,3.90,true,1,
7290006983763,false,עוגת הבית שוקולד אסם 400 גרם,מיוצר עי קונדיטוריית,IL,עוגת שוקולד 400 גרם,גרמים,400.00,100 גרם,false,1,12.50,3.13,true,1,
7290006983770,false,עוגת הבית שיש אסם 400 גרם,מיוצר עי קונדיטוריית,IL,עוגת שיש 400 גרם,גרמים,400.00,100 גרם,false,1,12.50,3.13,true,1,
7290006983787,false,עוגת הבית שוקולד צ'יפס אסם 400 גרם,מיוצר עי קונדיטוריית,IL,עוגת שוקוציפס 400 גר,גרמים,400.00,100 גרם,false,1,12.50,3.13,true,1,
7290006983794,false,עוגת הבית בטעם תפוז אסם 400 גרם,מיוצר עי קונדיטוריית,IL,עוגת תפוז 400 גרם,גרמים,400.00,100 גרם,false,1,12.50,3.13,true,1,
7290006992208,false,מטרנה דייסת 8 דגנים מעורבים 200 גרם,מטרנה תעשיות ש.מ,IL,מטרנה דייסלה דגנים מ,גרמים,200.00,100 גרם,false,1,18.60,9.30,true,1,
7290008017503,false,מי פנים לעור יבש 250 מ`ל,מורז,,מי פנים לעור יבש 250,Unknown,0.00,Unknown,false,1,39.90,39.90,true,1,
7290008017732,false,מורז קרם פוליגונום ליום לעור יבש,מורז,,קרם פוליגונום לעור י,Unknown,0.00,Unknown,false,1,59.90,59.90,true,1,
7290008101264,false,זרעי צ'יה תבליני מימון 150 גרם,,IL,זרעי ציה 150 גרם,גרמים,150.00,100 גרם,false,0,15.40,10.27,true,1,
7290008101356,false,קריספ פאנקו זהב 300 גרם מיימונס,א.ל ייצור ושיווק תבל,IL,קריספ פנקו זהוב 300,גרמים,300.00,100 גרם,false,0,9.90,3.30,true,1,
7290008116541,false,"שטיפת פה ליסטרין קול מינט 500 מ""ל",ג'\ונסון אנד ג'\ונסון,IT,מי פה ליסטרין מנטה ק,מיליליטרים,500.00,"100 מ""ל",false,1,19.80,3.96,true,1,
7290008116565,false,ליסטרין שטיפת פה פרש 500 מל,ג'\ונסון אנד ג'\ונסון,IT,מי פה ליסטרין מנטה מ,מיליליטרים,500.00,"100 מ""ל",false,1,19.80,3.96,true,1,
7290008154222,false,שניצלונים עוף טוב 700 גרם,"מוצרי עוף טוב (2001) בע""",IL,שניצלונים עוף טוב 70,גרמים,700.00,100 גרם,false,1,22.90,3.27,true,1,
7290008175814,false,וילי פוד פטריות שמפניון חתיכות 400 גר`,"אוקצ'מפ אס, איי אויי",PL,וילי פוד פטריות שמפנ,גרמים,400.00,100 גרם,false,1,4.90,1.23,true,1,
7290008263030,false,פסטה פנה אורגנית מלאה 500 גר,פסטיפיסוי פליצ'טי,IT,פסטה פנה אורגנית מלא,גרמים,500.00,100 גרם,false,1,10.90,2.18,true,1,
7290008263054,false,ספגטי מלא אורגני הרדוף 500 גרם,פסטיפיסוי פליצ'טי,IT,ספגטי אורגני מלא 500,גרמים,500.00,100 גרם,false,1,10.90,2.18,true,1,
7290008263481,false,פסטה פנה אורגנית הרדוף 500 גר`,פסטיפיסוי פליצ'טי,IT,פסטה פנה אורגנית הרד,גרמים,500.00,100 גרם,false,1,10.90,2.18,true,1,
7290008263597,false,קוואקר אורגני הרדוף 500 גרם,אול אורגני,IL,קוואקר אורגני הרדוף,גרמים,500.00,100 גרם,false,1,10.90,2.18,true,1,
7290008263641,false,קוואקר עדין אורגני 500 גרם - הרדוף,אול אורגני,IL,קוואקר אורגני עדין 5,גרמים,500.00,100 גרם,false,1,10.90,2.18,true,1,
7290008263764,false,פוזילי טריקולור אורגני 500 גרם הרדוף,פסטיפיסוי פליצ'טי,IT,פסטה פוזילי טריקולור,גרמים,500.00,100 גרם,false,1,14.90,2.98,true,1,
7290008286466,false,דג פילה לברק יפני ארוז קפוא,,CN,פילה לברק יפני 5-7,Unknown,0.00,"ק""ג",true,0,49.90,49.90,true,1,
7290008324021,false,יומי מולטי פלוס (60) בטעם ענבים העדה,אלטמן,IL,יומי מולטי ויטמין פל,Unknown,0.00,Unknown,false,1,83.90,83.90,true,1,
7290008324038,false,יומי פרוביוטיק בטעם תות,אלטמן,IL,יומי אצידופולוס 20 י,Unknown,0.00,Unknown,false,1,26.90,26.90,true,1,
7290008329293,false,סכינים פרימיום שקוף/קרם/לבן/זהב דנטס אר' 50 יח',,TR,סכינים פרימיום שקוף/,Unknown,1.00,Unknown,false,1,8.90,8.90,true,1,
7290008329309,false,מזלגות פרמיום שקוף/קרם/לבן/זהב דנטס אר 50 יח,,TR,מזלגות פרמיום שקוף/ק,Unknown,1.00,Unknown,false,1,8.90,8.90,true,1,
7290008329316,false,כפות פרימיום שקוף/קרם/לבן/זהב דנטס 50 יח,,TR,כפות פרימיום שקוף/קר,Unknown,1.00,Unknown,false,1,8.90,8.90,true,1,
7290008329385,false,כוס נייר לשתיה חמה,,CN,כוס נייר לשתיה חמה,Unknown,1.00,Unknown,false,1,11.90,11.90,true,1,
7290008343466,false,בצק פילו 500 גרם שלושת האופים,שלושת האופים שגמור,IL,בצק פילו 500 גר,גרמים,500.00,100 גרם,false,1,14.50,2.90,true,1,
7290008343503,false,ג'חנון תימני אפוי 3האופים 650 ג',שלושת האופים,IL,גחנון אפוי 650 גר,גרמים,650.00,100 גרם,false,1,22.90,3.52,true,1,
7290008343572,false,"אגרול סיני 1 ק""ג שלושת האופים","שלושת האופים בע""\מ",IL,"אגרול 1 ק""ג",Unknown,0.00,Unknown,false,1,23.90,23.90,true,1,
7290008379380,false,גבינת סולוגוני 300 גרם,מחלבת עברי,,גבינת סולוגוני 300 ג,גרמים,300.00,100 גרם,false,1,32.90,10.97,true,1,
7290008403849,false,אולד רוטרדם עיזים במשקל,הנרי ויליך,NL,אולד רוטרדם עיזים במ,Unknown,0.00,"ק""ג",true,0,200.00,200.00,true,1,
7290008403917,false,גבינת גאודה פסטו במשקל,הנרי ויליך,NL,גבינת גאודה פסטו,Unknown,0.00,"ק""ג",true,0,150.00,150.00,true,1,
7290008403924,false,גבינת גאודה פסטו אדום במשקל,מיוצר עי קונדיטוריית,NL,גבינת גאודה פסטו,Unknown,0.00,"ק""ג",true,0,150.00,150.00,true,1,
7290008408073,false,"EVEN קרם קרטין טיפולי לשיער צבוע/פגום 500 מ""ל",י.שיאון,IL,מים מזוקקים בגלון 4,ליטרים,0.00,ליטר,false,1,15.20,15.20,true,1,
7290008409049,false,שניצלונים בציפוי שומשום מיני מיני דק מאמא עוף 500 גרם,תנובה גליל שותפות מוגבלת,IL,מאמא עוף מיני שניצלי,גרמים,500.00,100 גרם,false,1,25.90,5.18,true,1,
7290008409100,false,אצבעות שניצל בציפוי שומשום מאמא עוף 700 גרם,תנובה גליל שותפות מוגבלת,IL,אצבעות שניצל בציפוי,גרמים,700.00,100 גרם,false,1,34.90,4.99,true,1,
7290008409124,false,שניצל ג'ונגל פריך 700 ג' מאמא עוף,תנובה גליל שותפות מוגבלת,IL,שניצל גונגל מאמא עוף,גרמים,700.00,100 גרם,false,1,35.90,5.13,true,1,
7290008409216,false,שניצל דק דק פריך מאמא עוף 700 גרם,תנובה גליל,IL,שניצל דק דק פריך 700,גרמים,700.00,100 גרם,false,1,39.90,5.70,true,1,
7290008409223,false,שניצל דק דק מתובל מאמא עוף 700 גרם,תנובה גליל שותפות מוגבלת,IL,שניצל דק מתובל 700 ג,גרמים,700.00,100 גרם,false,1,39.90,5.70,true,1,
7290008409315,false,שניצלונים בציפוי פריך מיני מיני דק מאמא עוף 500 גרם,תנובה גליל,IL,מאמא עוף מיני שניצלי,גרמים,500.00,100 גרם,false,1,25.90,5.18,true,1,
7290008409407,false,שניצל דק צ'יפס מאמא עוף 700 גרם,תנובה גליל שותפות מוגבלת,IL,שניצל דק בציפוי ציפס,גרמים,700.00,100 גרם,false,1,39.90,5.70,true,1,
7290008409551,false,שניצל עוף אמיתי בציפוי מעודן 700 ג' מאמא עוף,תנובה גליל שותפות מוגבלת,IL,שניצל עוף אמיתי בציפ,גרמים,700.00,100 גרם,false,1,39.90,5.70,true,1,
7290008409568,false,שניצל עוף אמיתי בציפוי שבבי ציפס 700 גר,תנובה גליל שותפות מוגבלת,IL,שניצל עוף אמיתי בציפ,גרמים,700.00,100 גרם,false,1,39.90,5.70,true,1,
7290008409582,false,שניצל עוף אמיתי בציפוי ביתי מאמא עוף 700 גרם,תנובה גליל שותפות מוגבלת,IL,שניצל עוף אמיתי ביתי,גרמים,700.00,100 גרם,false,1,39.90,5.70,true,1,
7290008409773,false,קציצות עוף אמיתיות מאמא עוף 700 גרם,תנובה גליל שותפות מוגבלת,IL,מאמא עוף קציצות עוף,גרמים,700.00,100 גרם,false,1,29.90,4.27,true,1,
7290008425278,false,"מיץ תפוחים סמדר 330 מ""ל",,IL,"מיץ תפוחים 330 מ""ל",מיליליטרים,330.00,"100 מ""ל",false,1,13.90,4.21,true,1,
7290008425483,false,נקטר אפרסק 1 ליטר אורגני,,IL,נקטר אפרסק 1 ליטר או,מיליליטרים,1000.00,"100 מ""ל",false,1,25.90,2.59,true,1,
7290008425490,false,נקטר משמש אורגני 1 ליטר,,IL,נקטר משמש 1 ליטר אור,מיליליטרים,1000.00,"100 מ""ל",false,1,25.90,2.59,true,1,
7290008437011,false,שריר טרי,,,שריר בקר טרי,Unknown,0.00,"ק""ג",true,0,49.90,49.90,true,1,
7290008437127,false,רגל עגל חלב קפוא מזרע,,,רגל עגל קפוא מזרע,Unknown,0.00,"ק""ג",true,0,35.90,35.90,true,1,
7290008437646,false,שקית גופיה טיב טעם,,,שקית גופיה,Unknown,0.00,Unknown,false,1,0.10,0.10,true,1,
7290008438285,false,גבינה אמנטל שוויצרי במשקל,,CH,גבינה אמנטל שוויצרי,Unknown,0.00,"ק""ג",true,0,209.00,209.00,true,1,
7290008439411,false,בלוק פטה אווז במשקל,,,בלוק פטה אווז במשקל,Unknown,0.00,"ק""ג",true,0,70.00,70.00,true,1,
7290008461221,false,סרדינים רוברט בשמן חמניות 115 גרם,"רמירז, מטוסינוס",PT,סרדין רוברט בשמן חמנ,גרמים,120.00,100 גרם,false,1,7.90,6.58,true,1,
7290008461238,false,"סרדינים בשמן חמניות ופלפל חריף רוברט 84 גרם, 115 גרם","רמירז, מטוסינוס",PT,סרדין רוברט בשמן חמנ,גרמים,120.00,100 גרם,false,1,7.90,6.58,true,1,
7290008464024,false,"בירה גולדסטאר Unfiltered, בירה לא מסוננת, פחית 500 מ""ל","טמפו משקאות בע""מ",IL,בירה גולדסטאר לא מסו,מיליליטרים,500.00,"100 מ""ל",false,1,8.90,1.78,true,1,
7290008464130,false,"בירה גולדסטאר Unfiltered, בירה לא מסוננת, מארז שישייה, בקבוק 330 מ""ל",טמפו,IL,שישיית בירה גולדסטאר,מיליליטרים,1980.00,"100 מ""ל",false,1,29.90,1.51,true,1,
7290008464222,false,"בירה מכבי 7.9%, בירה חזקה, פחית 500 מ""ל","טמפו משקאות בע""\מ",IL,בירה מכבי 7.9% פחית,מיליליטרים,500.00,"100 מ""ל",false,1,7.50,1.50,true,1,
7290008464345,false,"בירה גולדסטאר, בקבוק 330 מ''ל",טמפו משקאות בע''מ,IL,בירה גולדסטאר בקבוק,מיליליטרים,330.00,"100 מ""ל",false,1,7.50,2.27,true,1,
7290008464475,false,"בירה מכבי, פחית 500 מ""ל","טמפו משקאות בע""\מ",IL,בירה מכבי פחית 500 מ,מיליליטרים,500.00,"100 מ""ל",false,1,8.90,1.78,true,1,
7290008464604,false,"בירה הייניקן פחית 500 מ""ל",טמפו משקאות בע''מ,NL,"היינקן פחית 500 מ""ל",מיליליטרים,500.00,"100 מ""ל",false,1,9.90,1.98,true,1,
7290008464611,false,"הסודה של טמפו, מי סודה בגיזוז חזק, 275 מל",טמפו משקאות בעמ,IL,מי סודה 275 מל,מיליליטרים,275.00,"100 מ""ל",false,1,3.10,1.13,true,1,
7290008464642,false,"טמפו ג'ינג'ר אייל גזוז בטעם ג'ינג'ר, 275 מל","טמפו משקאות בע""מ",IL,סודה גינגר אייל 275,מיליליטרים,275.00,"100 מ""ל",false,1,5.50,2.00,true,1,
7290008464673,false,"בירה גולדסטאר SLOWBREW פחית 10%, 500 מ""ל","טמפו משקאות בע""\מ",IL,בירה גולדסטאר SLOW B,מיליליטרים,500.00,"100 מ""ל",false,1,9.70,1.94,true,1,
7290008464697,false,"בירה מכבי 7.9%, בירה חזקה, מארז שישייה, בקבוק 330 מ""ל",טמפו,IL,שישיית בירה מכבי 7.9,מיליליטרים,1980.00,"100 מ""ל",false,1,36.90,1.86,true,1,
7290008464734,false,"שישיית בירה גולדסטאר לאגר SLOW BREW בקבוק 330 מ""ל",טמפו משקאות בע''מ,IL,שישיית גולדסטאר 330,מיליליטרים,1980.00,"100 מ""ל",false,1,36.90,1.86,true,1,
7290008464741,false,"בירה גולדסטאר, מארז שישייה, בקבוק 330 מ''ל","טמפו משקאות בע""\מ",IL,שישיית בקבוקי גולדסט,מיליליטרים,1980.00,"100 מ""ל",false,1,29.90,1.51,true,1,
7290008464796,false,"בירה היינקן, מארז שישייה, בקבוק 330 מ''ל",טמפו משקאות בע''מ,IL,שישיית הייניקן בקבוק,מיליליטרים,1980.00,"100 מ""ל",false,1,34.90,1.76,true,1,
7290008493413,false,פירורי לחם מאיר בייגל פירורי גריסיני 200 גרם,מאיר את ביגל,IL,פירורי גריסיני מאיר,גרמים,200.00,100 גרם,false,1,5.90,2.95,true,1,
7290008493710,false,פרורי גריסני זהב פירורי לחם מאיר בייגל 200 גרם,מאיר את ביגל,IL,פירורי גריסיני בייגל,גרמים,200.00,100 גרם,false,1,5.90,2.95,true,1,
7290008498296,false,גאודה עיזים תאנים אגוזים שקיל,,,גאודה עיזים תאנים אג,Unknown,0.00,"ק""ג",true,0,199.00,199.00,true,1,
7290008618090,false,פילה סלמון טרי,,,פילה סלמון טרי,Unknown,0.00,"ק""ג",true,0,119.90,119.90,true,1,
7290008644112,false,סלט מטבוחה יום יום אחלה 125 גרם,"שטראוס גרופ בע""\מ",IL,מטבוחה יום יום 125 ג,גרמים,125.00,100 גרם,false,1,4.90,3.92,true,1,
7290008644235,false,עלי בייבי שטראוס 120 גרם,שטראוס בריאות ירקות טריי,IL,עלי בייבי אחלה טבע,גרמים,120.00,100 גרם,false,1,11.90,9.92,true,1,
7290008644945,false,לקט לסלט המושבה שטראוס 450 גרם,שטראוס בריאות ירקות טריי,IL,סלט המושבה אחלה טבע,גרמים,450.00,100 גרם,false,1,11.90,2.64,true,1,
7290008645935,false,חומוס לניגוב אחלה 750 ג',"שטראוס גרופ בע""\מ",IL,חומוס אחלה 750 גרם,גרמים,750.00,100 גרם,false,1,9.90,1.32,true,1,
7290008670159,false,"יין רקנאטי יסמין לבן 750 מ""ל","יקבי רקנאטי בע""מ",IL,רקנאטי יסמין לבן 201,Unknown,0.00,Unknown,false,1,37.90,37.90,true,1,
7290008670302,false,"יין רקנאטי רזרב קברנה סוביניון 750 מ""ל",רקנאטי,IL,יין רקנאטי רזרב קברנ,Unknown,0.00,Unknown,false,1,109.90,109.90,true,1,
7290008679428,false,כפפות הנדי לבית ולמטבח בינוני,קריות זול,TW,כפפות הנדי לבית למטב,Unknown,0.00,Unknown,false,1,7.80,7.80,true,1,
7290008690713,false,נקטר חמוציות אושן ספריי פריגת 1 ליטר,מבשלות בירה בינלאומיות ב,IL,נקטר אושן ספריי 1 ל,מיליליטרים,1000.00,"100 מ""ל",false,1,11.90,1.19,true,1,
7290008693134,false,מעדן גבינה ויוגורט בטעם תות 5% שומן 88 ג' דניאלה,"שטראוס בריאות בע""מ",IL,דניאלה תות 88 גרם,גרמים,88.00,100 גרם,false,1,3.90,4.43,true,1,
7290008745239,false,תפוצ'יפס קראנצ' בטעם טבעי עלית 50 גרם,"שטראוס פריטו ליי בע""\מ )",IL,תפוציפס אקסטרא טבעי,גרמים,50.00,100 גרם,false,1,3.90,7.80,true,1,
7290008747547,false,תפוצ'יפס קראנץ' בטעם טבעי עלית 200 גרם,"שטראוס פריטו ליי בע""\מ )",IL,תפוציפס קראנץ טבעי 2,גרמים,200.00,100 גרם,false,1,9.90,4.95,true,1,
7290008752244,false,תפוצ'יפס קראנץ' בטעם גריל עלית 50 גרם,"שטראוס פריטו ליי בע""\מ )",IL,תפוציפס קראנצי גריל,גרמים,50.00,100 גרם,false,1,3.90,7.80,true,1,
7290008753111,false,תפוצ'יפס קראנץ' בטעם מקסיקני עלית 50 גרם,"שטראוס פריטו ליי בע""\מ )",IL,תפוציפס קראנצי מקסיק,גרמים,50.00,100 גרם,false,1,3.90,7.80,true,1,
7290008754415,false,גומי מאסט בטעם ספירמינט עדין פליפטופ 28 ג' עלית,"שטראוס גרופ בע""מ",IL,מסטיק מאסט מגדים ספי,Unknown,0.00,Unknown,false,1,5.20,5.20,true,1,
7290008757010,false,"שוופס ביטר לימון 250 מ""ל",יפאורה שותפות מובגלת לשיווק,IL,שוופס ביטר לימון 250,מיליליטרים,250.00,"100 מ""ל",false,1,6.90,2.76,true,1,
7290008757027,false,"שוופס טוניק 250 מ""ל זכוכית",יפאורה שותפות מובגלת לשיווק,IL,שוופס 250 טוניק בקבו,מיליליטרים,250.00,"100 מ""ל",false,1,6.90,2.76,true,1,
7290008757034,false,"שוופס סודה זכוכית 250 מ""ל",יפאורה שותפות מובגלת לשיווק,IL,"שוופס סודה 250 מ""ל ז",מיליליטרים,250.00,"100 מ""ל",false,1,4.50,1.80,true,1,
7290008757980,false,קרטונית ספרינג נקטר רימונים 1 ליטר,יפאורה שותפות מובגלת לשיווק,IL,קרטונית ספרינג רימונ,מיליליטרים,1000.00,"100 מ""ל",false,1,6.90,0.69,true,1,
7290008775816,false,ערגליות עוגיות במילוי שוקולד אסם 300 גרם,מיוצר עי קונדיטוריית,IL,ערגליות שוקו 300 גרם,גרמים,300.00,100 גרם,false,1,11.40,3.80,true,1,
7290008775823,false,ערגליות עוגיות תות שדה אסם 300 גרם,מיוצר עי קונדיטוריית,IL,ערגליות תות 300 גרם,גרמים,300.00,100 גרם,false,1,11.40,3.80,true,1,
7290008801010,false,"יין קברנה סוביניון מרלו פרייוט קולקשן 750 מ""ל",אגודת הכורמים הקאופו,IL,יין קברנה /מרלו אדום,Unknown,0.00,Unknown,false,1,37.90,37.90,true,1,
7290008801157,false,"יין מרלו סלקטד כרמל כרמל 750 מ""ל",כרמל מזרחי,IL,"מרלו אדום יבש 750 מ""",Unknown,0.00,Unknown,false,1,30.90,30.90,true,1,
7290008801546,false,יין מוסקט מתוק קינג דיוויד יקבי כרמל,אגודת הכורמים הקואופרטיב,IL,יין קינג דויד מוסקט,Unknown,0.00,Unknown,false,1,22.90,22.90,true,1,
7290008801843,false,"יין קברנה סוביניון סלקטד כרמל 750 מ""ל","כד בני דרום בע""מ",IL,קברנה סוביניון אדום,Unknown,0.00,Unknown,false,1,30.90,30.90,true,1,
7290008804189,false,יין קברנה סוביניון גליל עליון סדרה אזורית יקבי כרמל,אגודת הכורמים הקואופרטיב,IL,יין קברנה סוביניון ג,Unknown,0.00,Unknown,false,1,67.90,67.90,true,1,
7290008804332,false,יין שיראז פרייבט קולקשן יקבי כרמל,אגודת הכורמים הקואופרטיב,IL,יין שיראז אדום יבש 7,Unknown,0.00,Unknown,false,1,37.90,37.90,true,1,
7290008805520,false,"יין קברנה/סוביניון סלקטד כרמל 750 מ""ל","כד בני דרום בע""מ",IL,קברנה מרלו אדום יבש,Unknown,0.00,Unknown,false,1,30.90,30.90,true,1,
7290008806961,false,גלידה שוקולד שבבי שוקולד פרה 1.33 ל' קרמיסימו,"גלידת שטראוס בע""\מ, רחוב",IL,גלידה קרמיסימו שוקול,ליטרים,0.00,ליטר,false,1,23.90,23.90,true,1,
7290008828581,false,חסה פקצוי,,,חסה פקצוי,Unknown,0.00,Unknown,false,1,4.99,4.99,true,1,
7290008849586,false,רוטב לעוף ריבת בצל אוליביה 310 גרם,קריות זול,IL,רוטב ריבת בצל לעוף,גרמים,310.00,100 גרם,false,1,14.40,4.65,true,1,
7290008849739,false,רוטב סויה אמיתי אוליביה 310 גרם,קריות זול,IL,רוטב סויה אמיתי,גרמים,310.00,100 גרם,false,1,14.40,4.65,true,1,
7290008849753,false,רוטב טריאקי אוליביה 300 גרם,מיוצר עי קונדיטוריית,IL,רוטב טריאקי אוליביה,מיליליטרים,300.00,"100 מ""ל",false,1,15.10,5.03,true,1,
7290008855051,false,טליאטלה ביצים מעדניה,Unknown,,טליאטלה ביצים 450 גר,גרמים,450.00,100 גרם,false,0,36.90,8.20,true,1,
7290008855228,false,רביולי תרד וריקוטה פ,Unknown,IL,רביולי בטטה 450 גרם,גרמים,450.00,100 גרם,false,0,49.90,11.09,true,1,
7290008855327,false,טורטליני גבינות במשקל,Unknown,,טורטליני גבינות 450,גרמים,450.00,100 גרם,false,0,49.90,11.09,true,1,
7290008855433,false,רוטב פסטו 250 מל,Unknown,,רוטב פסטו 250 גר,גרמים,250.00,100 גרם,false,1,37.90,15.16,true,1,
7290008855440,false,רוטב שמנת ועגבניות 250 גר,Unknown,IL,רוטב שמנת ועגבניות 2,גרמים,250.00,100 גרם,false,1,37.90,15.16,true,1,
7290008855457,false,רוטב שמנת פטריות 250,Unknown,IL,רוטב פטריות 250 גר,גרמים,250.00,100 גרם,false,1,37.90,15.16,true,1,
7290008855563,false,רביולי פורמגו מעדנה,Unknown,,רביולי פורמגו 450 גר,גרמים,450.00,100 גרם,false,0,49.90,11.09,true,1,
7290008866149,false,מארז ברי כמהין בייבי במשקל,גבינות יעקבס,IL,מארז ברי כמהין בייבי,Unknown,0.00,"ק""ג",true,0,195.00,195.00,true,1,
7290008900157,false,חמציץ 500 גר,מרינה פטריות הגליל,,חמציץ,Unknown,0.00,Unknown,false,1,6.90,6.90,true,1,
7290008909761,false,"בירה קרלברג בקבוק 330 מ""ל",מבשלות בירה בינלאומי,IL,קרלסברג בקבוק 330 מל,מיליליטרים,330.00,"100 מ""ל",false,1,8.90,2.70,true,1,
7290008909853,false,"קוקה קולה זירו בקבוק 500 מ""ל.",החברה המרכזית לייצור משקאות,IL,"קוקה קולה 500 מ""ל Z",מיליליטרים,500.00,"100 מ""ל",false,1,7.50,1.50,true,1,
7290008925853,false,פילה דג מרלוזה ארוז ארגנטינה,,,פילה מרלוזה,Unknown,0.00,"ק""ג",true,0,34.90,34.90,true,1,
7290008945172,false,"שקיות אשפה עם שרוך 52 * 65 ס""מ גלילונית 40 יחידות","אשפלסט תעשיות בע""מ",IL,גלילונית פח מטבח 40,Unknown,0.00,Unknown,false,1,18.80,18.80,true,1,
7290008961110,false,טושיונקה בקר מיוחד 400 גר,פרוטרי,,טושיונקה בקר מיוחד 4,גרמים,400.00,100 גרם,false,1,23.90,5.98,true,1,
7290008961127,false,טושיונקה בקר רוסית 400 גרם,גוד פוד ג'.א'.ג'י. ב,,טושיונקה בקר רוסית 4,גרמים,400.00,100 גרם,false,1,23.90,5.98,true,1,
7290008961158,false,"מעדן -קונפיטורה דובדבן 1.25 ק""ג",,UA,מעדן -קונפיטורה דובד,קילוגרמים,0.00,"ק""ג",false,1,39.90,39.90,true,1,
7290008961172,false,"מעדן -קונפיטורה דובדבנים מתוקים 1.25 ק""ג",,UA,קונפיטורה דובדבנים מ,קילוגרמים,0.00,"ק""ג",false,1,39.90,39.90,true,1,
7290008961189,false,טושיונקה בקר פיקנטית 400 גרם,גוד פוד ג'.א'.ג'י. ב,,טושיונקה בקר פיקנטית,גרמים,400.00,100 גרם,false,1,23.90,5.98,true,1,
7290008961271,false,טושונקה בקר עם כוסמת 400 גרם,פרוטרי,,טושונקה בקר עם כוסמת,גרמים,400.00,100 גרם,false,1,21.90,5.48,true,1,
7290008961332,false,תבשיל בשר בקר שעועית פוסולסקי דבור 400 ג,פרוטרי,IL,תבשיל בשר בקר שעועית,גרמים,400.00,100 גרם,false,1,20.90,5.23,true,1,
7290008961387,false,עגבניות שלמות במיץ עגבניות 650 גר,,,עגבניות שלמות במיץ ע,גרמים,650.00,100 גרם,false,0,8.90,1.37,true,1,
7290008961493,false,"ריבה אוכמניות שחורות פוסולסקי דבור 1.25 ק""ג",,UA,ריבה אוכמניות שחורות,קילוגרמים,0.00,"ק""ג",false,1,39.90,39.90,true,1,
7290008961585,false,כוסמת פוסולסקי דבור 800 גר,סנקי,IL,כוסמת פוסולסקי דבור,גרמים,800.00,100 גרם,false,1,14.40,1.80,true,1,
7290008968157,false,אינטימה קצף להיגיינה נשית אובלפיכה-עץ התה,קמילוטרקט,IL,קמילוטרט אינטימה 200,Unknown,0.00,Unknown,false,1,54.90,54.90,true,1,
7290009694598,false,עוגיות קוקוס ללא סוכ,קינג דיוויד טבעוני,IL,"חטיף ע""ב תמרים וקוקו",גרמים,270.00,100 גרם,false,1,26.90,9.96,true,1,
7290010002009,false,תערובת לציפוי מאפים מלוחים מימון 130 גרם,תבליני מימון,,תערובת לציפוי מאפים,גרמים,100.00,100 גרם,false,1,12.40,12.40,true,1,
7290010002016,false,כוסברה טחונה תבליני מימון 100 גרם,א.ל ייצור ושיווק תבל,IL,כוסברה טחון 100 גרם,גרמים,100.00,100 גרם,false,1,12.40,12.40,true,1,
7290010002061,false,פלפל לבן טחון תבליני מימון 100 גרם,א.ל ייצור ושיווק תבל,IL,פלפל לבן טחון 120 גר,גרמים,100.00,100 גרם,false,1,17.70,17.70,true,1,
7290010002078,false,פלפל שחור טחון תבליני מימון 100 גרם,א.ל ייצור ושיווק תבלינים,IL,פלפל שחור טחון 120 ג,גרמים,100.00,100 גרם,false,1,14.90,14.90,true,1,
7290010002092,false,תבלין פלפל שחור גרוס דק תבליני מימון 90,א.ל ייצור ושיווק תבלינים,IL,פלפל שחור גס דק 90 ג,גרמים,90.00,100 גרם,false,1,14.90,16.56,true,1,
7290010002108,false,תבלין פלפל שחור גרוס גס תבליני מימון 90,א.ל ייצור ושיווק תבלינים,IL,פלפל שחור גרוס גס 90,גרמים,90.00,100 גרם,false,1,14.90,16.56,true,1,
7290010002122,false,פפריקה הונגרית מתוקה תבליני מימון 100 גרם,א.ל ייצור ושיווק תבלינים,IL,פפריקה הונגרית מתוקה,גרמים,100.00,100 גרם,false,1,11.60,11.60,true,1,
7290010002139,false,פפריקה הונגרית חריפה תבליני מימון 100 גרם,א.ל ייצור ושיווק תבלינים,IL,פפריקה הונגרית חריפה,גרמים,100.00,100 גרם,false,1,11.60,11.60,true,1,
7290010002146,false,פפריקה מרוקאית מתוקה תבליני מימון 100 גרם,א.ל ייצור ושיווק תבלינים,IL,פפריקה מרוקאית מתוקה,גרמים,100.00,100 גרם,false,1,11.60,11.60,true,1,
7290010002207,false,תבלין קינמון טחון תבליני מימון 100 גרם,א.ל ייצור ושיווק תבלינים,IL,קינמון טחון 100 גרם,גרמים,100.00,100 גרם,false,1,12.40,12.40,true,1,
7290010002214,false,תבלין צ'ילי גרוס תבליני מימון 80 גרם,א.ל ייצור ושיווק תבלינים,IL,צילי מקסיקני גרוס 70,Unknown,0.00,Unknown,false,1,11.90,11.90,true,1,
7290010002306,false,תיבול לקציצות תבליני מימון 100 גרם,א.ל ייצור ושיווק תבל,IL,תערובת לקציצות 100 ג,גרמים,100.00,100 גרם,false,1,11.90,11.90,true,1,
7290010002344,false,תבלין לדג תבליני מימון 100 גרם.,א.ל ייצור ושיווק תבלינים,IL,תבלין לדג 100 גרם,גרמים,100.00,100 גרם,false,1,11.90,11.90,true,1,
7290010002405,false,תבלין טימין הררי תבליני מימון 40 גרם,א.ל ייצור ושיווק תבל,IL,טימין הררי 40 גרם,Unknown,0.00,Unknown,false,1,9.40,9.40,true,1,
7290010002436,false,תבלין פטרוזיליה תבליני מימון 25 גרם,א.ל ייצור ושיווק תבל,IL,פטרוזיליה 25 גרם,Unknown,0.25,Unknown,false,1,9.40,37.60,true,1,
7290010002481,false,תבלין שום טחון תבליני מימון 100 גרם,א.ל ייצור ושיווק תבלינים,IL,שום טחון 100 גרם,גרמים,100.00,100 גרם,false,1,16.50,16.50,true,1,
7290010002498,false,תבלין שום גבישי תבליני מימון 120 גרם,א.ל ייצור ושיווק תבלינים,IL,שום גבישי 120 גרם,גרמים,120.00,100 גרם,false,1,16.50,13.75,true,1,
7290010003075,false,פפריקה מרוקאית מתוקה תבליני מימון 400 גרם,א.ל ייצור ושיווק תבלינים,IL,פפריקה מרוקאית מתוקה,גרמים,400.00,100 גרם,false,1,27.90,6.98,true,1,
7290010003693,false,פפריקה מתוקה בשקית תבליני מימון 80 גרם,א.ל ייצור ושיווק תבל,IL,פפריקה מתוקה 80 גרם,Unknown,0.00,Unknown,false,1,6.50,6.50,true,1,
7290010003709,false,פלפל שחור טחון בשקית תבליני מימון 50 גרם,א.ל ייצור ושיווק תבל,IL,פלפל שחור טחון 50 גר,Unknown,0.00,Unknown,false,1,7.90,7.90,true,1,
7290010003754,false,כמון טחון בשקית תבליני תבליני מימון 50 גרם,א.ל ייצור ושיווק תבל,IL,כמון טחון 50 גרם,Unknown,0.00,Unknown,false,1,6.50,6.50,true,1,
7290010003761,false,כורכום טחון בשקית תבליני מימון 80 גרם,א.ל ייצור ושיווק תבל,IL,כורכום טחון 80 שקית,Unknown,0.00,Unknown,false,1,6.50,6.50,true,1,
7290010003792,false,מלח לימון בשקית תבליני מימון 100 גרם,א.ל ייצור ושיווק תבל,IL,מלח לימון שקית 100 ג,גרמים,100.00,100 גרם,false,1,6.50,6.50,true,1,
7290010003822,false,פפריקה חריפה בשקית תבליני מימון 80 גרם,א.ל ייצור ושיווק תבל,IL,פפריקה חריפה 80 גרם,Unknown,0.00,Unknown,false,1,6.50,6.50,true,1,
7290010003846,false,אורגנו בשקית תבליני מימון 20 גרם,א.ל ייצור ושיווק תבל,IL,אורגנו 20 גרם שקית,Unknown,0.00,Unknown,false,1,6.50,6.50,true,1,
7290010023141,false,תה לימונענע הגן הקסום ויסוצקי 25 יחידות,תה ויסוצקי,IL,לימונענע 25 שקיקים,Unknown,0.00,Unknown,false,1,18.90,18.90,true,1,
7290010032358,false,דבש דרדר 500 גרם מכוורת צוקרמן,,,דבש דרדר 500 גרם מכו,גרמים,500.00,100 גרם,false,1,31.50,6.30,true,1,
7290010032372,false,דבש אבוקדו 500 גרם מכוורת צוקרמן,,,דבש אבוקדו 500 גרם מ,גרמים,500.00,100 גרם,false,1,31.50,6.30,true,1,
7290010032402,false,"דבש פרחי הדר 1 ק""ג מכוורת צוקרמן",,IL,"דבש פרחי הדר 1 ק""ג מ",גרמים,1000.00,100 גרם,false,1,55.50,5.55,true,1,
7290010032419,false,"דבש פרחי בר 1 ק""ג מכוורת צוקרמן",,IL,"דבש פרחי בר 1 ק""ג מכ",גרמים,1000.00,100 גרם,false,1,58.50,5.85,true,1,
7290010032426,false,"דבש אקליפטוס 1 ק""ג מכוורת צוקרמן",,IL,"דבש אקליפטוס 1 ק""ג מ",גרמים,1000.00,100 גרם,false,1,58.50,5.85,true,1,
7290010032457,false,"דבש דרדר 1 ק""ג מכוורת צוקרמן",,,"דבש דרדר 1 ק""ג מכוור",קילוגרמים,0.00,"ק""ג",false,1,58.50,58.50,true,1,
7290010032471,false,"דבש אבוקדו 1 ק""ג מכוורת צוקרמן",,,"דבש אבוקדו 1 ק""ג מכו",קילוגרמים,0.00,"ק""ג",false,1,58.50,58.50,true,1,
7290010032730,false,קרם דבש זעתר 400 גרם,,,קרם דבש זעתר 400 גרם,גרמים,400.00,100 גרם,false,1,39.90,9.98,true,1,
7290010045051,false,עוגיות מלבן שקדים 200 גרם לחמי,קונדטוריות לחמי,IL,עוגיות מלבן שקדים 20,גרמים,200.00,100 גרם,false,1,18.90,9.45,true,1,
7290010045068,false,עוגיות הנסיכה 250 גרם לחמי,קונדטוריות לחמי,IL,עוגיות הנסיכה 250 גר,גרמים,250.00,100 גרם,false,1,18.90,7.56,true,1,
7290010065295,false,פרינוק - מחית תפוחי עץ ובננה 130 גרם,פרינוק,CZ,"פרינוק מחית תפ""ע+בננ",גרמים,130.00,100 גרם,false,1,6.50,5.00,true,1,
7290010065332,false,מחית תפוח עץ בננה ג'וניור פרינוק 190 גרם,פרוטה פודווין איי.אס,CZ,"פרינוק גוניור תפ""ע+ב",גרמים,190.00,100 גרם,false,1,7.90,4.16,true,1,
7290010065349,false,מחית סלט פירות ג'וניור פרינוק 190 גרם,פרוטה פודווין איי.אס,CZ,פרינוק גוניור סלט פי,גרמים,190.00,100 גרם,false,1,7.90,4.16,true,1,
7290010065745,false,מחית לפתן פירות ג'וניור פרינוק 190 גרם,פרוטה פודווין איי.אס,CZ,פרינוק גוניור לפתן פ,גרמים,190.00,100 גרם,false,1,7.90,4.16,true,1,
7290010066025,false,נתחי טונה בהירה בשמן צמחי פילטונה,תעשיות פילטונה,IL,טונה בשמן צמחי 160 ג,גרמים,160.00,100 גרם,false,1,6.80,4.25,true,1,
7290010066513,false,נתחי טונה בשמן צמחי רביעיה *158ג' פילטונה,תעשיות פילטונה,IL,נתחי טונה בשמן צמחי,גרמים,640.00,100 גרם,false,1,21.90,3.42,true,1,
7290010066520,false,נתחי טונה בהירה בשמן קנולה פילטונה,תעשיות פילטונה,IL,נתחי טונה בהירה בשמן,גרמים,160.00,100 גרם,false,1,6.50,4.06,true,1,
7290010066575,false,נתחי טונה במים רביעיה *158ג' פילטונה,תעשיות פילטונה,IL,רביעיית טונה במים,גרמים,640.00,100 גרם,false,1,21.90,3.42,true,1,
7290010066582,false,נתחי טונה בשמן קנולה רביעיה * 158 ג' פילטונה,תעשיות פילטונה,IL,נתחי טונה בהירה בשמן,גרמים,640.00,100 גרם,false,1,21.90,3.42,true,1,
7290010081684,false,פולן 500 גר,,,פולן 500 גר,גרמים,500.00,100 גרם,false,1,84.90,16.98,true,1,
7290010084401,false,אמזון קרם לכאבים,ALCIMIST,IL,אמזון קרם לכאבים,Unknown,0.00,Unknown,false,1,69.90,69.90,true,1,
7290010116980,false,אבקת שוקולית שקית עלית 850 ג',הנסיך- מפעל לייצור ט,IL,שוקולית 850 גרם,גרמים,850.00,100 גרם,false,1,17.90,2.11,true,1,
7290010117970,false,סבבה בוטנים קלויים מצופים - אריזה אישית,"שטראוס פריטו ליי בע""",IL,סבבה בוטנים אמריקאים,Unknown,0.00,Unknown,false,1,3.10,3.10,true,1,
7290010124107,false,סטייקבורגר זהב 400 גרם הקצביה בלדי,בלדי,IL,סטייק בורגר 400 גרם,גרמים,400.00,100 גרם,false,1,21.90,5.48,true,1,
7290010124503,false,שומן כבש מעובד ארוז בלדי 200גר,בלדי,IL,שומן כבש 200 גרם קפו,גרמים,200.00,100 גרם,false,1,13.90,6.95,true,1,
7290010154012,false,לימון בלאדי כבוש תבליני ביטון 250 גרם,תבליני יוחאי ביטון,IL,לימון כבוש 250 גרם,גרמים,250.00,100 גרם,false,1,16.60,6.64,true,1,
7290010154029,false,אריסה מתוקה יוחאי ביטון 250 גרם,תבליני יוחאי ביטון,IL,אריסה מתוקה 250 גר,גרמים,250.00,100 גרם,false,1,16.60,6.64,true,1,
7290010154036,false,עמבה תבליני ביטון 250 גרם,תבליני יוחאי ביטון,IL,עמבה 250 גר,גרמים,250.00,100 גרם,false,1,16.60,6.64,true,1,
7290010154548,false,ממרח שום טבעי יוחאי ביטון 235 גרם,תבליני יוחאי ביטון,IL,ממרח שום טבעי 250 גר,גרמים,250.00,100 גרם,false,1,16.60,6.64,true,1,
7290010154678,false,אריסה מרוקאית תבליני ביטון 250 גרם,תבליני יוחאי ביטון,IL,אריסה מרוקאית 250 גר,גרמים,250.00,100 גרם,false,1,16.60,6.64,true,1,
7290010173037,false,"יין הרי גליל רוזה, 750 מ""ל י יקב הרי גליל",יקבי רמת הגולן,IL,יין הרי גליל רוזה 20,Unknown,0.00,Unknown,false,1,31.90,31.90,true,1,
7290010173044,false,"יין הרי גליל מרלו 750 מ""ל",יקבי רמת הגולן,IL,יין הרי גליל מרלו 7,Unknown,0.00,Unknown,false,1,31.90,31.90,true,1,
7290010173174,false,"יין אלון 2019 750 מ""ל הרי גליל",יקבי רמת הגולן,IL,"יין אלון 2019 750 מ""",Unknown,0.00,Unknown,false,1,49.90,49.90,true,1,
7290010184408,false,שמן חוחובה 200 מל רפאלו,,,שמן חוחובה 200 מל רפ,Unknown,0.00,Unknown,false,1,104.00,104.00,true,1,
7290010195268,false,פופקורן פופסטאר חמישייה מופחת שומן טבעי,פופ סטאר,US,פופקורן פופסטאר מופח,גרמים,425.00,100 גרם,false,1,12.90,3.04,true,1,
7290010199891,false,"אל סבון ארומטי תה אדום משאבה סטייל 500 מ""ל",דולפין ספא,TR,אל סבון ארומטי סטייל,מיליליטרים,500.00,"100 מ""ל",false,1,8.90,1.78,true,1,
7290010207404,false,טיפות עיניים על בסיס טבעי להקלה במצבי דלקת,נווה NAVEH,FR,RED EYE טיפות עיניי,Unknown,0.00,Unknown,false,1,49.90,49.90,true,1,
7290010207411,false,Dry eye - טיפות עיניים להקלה במצבי יובש,נווה NAVEH,FR,טיפות לעיניים יבשות,Unknown,0.00,Unknown,false,1,49.90,49.90,true,1,
7290010237531,false,"פפסי קולה פלסטיק 500 מ""ל","טמפו משקאות בע""ם.",IL,"פפסי קולה 500 מ""ל",מיליליטרים,500.00,"100 מ""ל",false,1,4.10,0.82,true,1,
7290010237562,false,משקה פפסי מרינדה קוו,"טמפו משקאות בע""מ",IL,"מירנדה 500 מ""ל בקבוק",מיליליטרים,500.00,"100 מ""ל",false,1,4.10,0.82,true,1,
7290010237579,false,משקה סבן אפ קוול 500,"טמפו משקאות בע""מ",IL,"סבן אפ 500 מ""ל בקבוק",מיליליטרים,500.00,"100 מ""ל",false,1,4.10,0.82,true,1,
7290010237586,false,"סבן אפ דיאט בקבוק 500 מ""ל","טמפו משקאות בע""מ",IL,"דיאט סבן אפ 500 מ""ל",מיליליטרים,500.00,"100 מ""ל",false,1,4.10,0.82,true,1,
7290010237685,false,"הייניקן בירה צואר ארוך 330מ""ל",טמפו משקאות בע''מ,IL,"בירה הייניקן 330 מ""ל",מיליליטרים,330.00,"100 מ""ל",false,1,9.90,3.00,true,1,
7290010237890,false,"בירה הייניקן בקבוק 500 מ""ל חוזר",טמפו משקאות בע''מ,IL,"בירה היינקן 500 מ""ל",מיליליטרים,500.00,"100 מ""ל",false,1,8.70,1.74,true,1,
7290010259359,false,אטריות נודלס ביצים להקפצה ו.פוד 200 ג',פוג'יאן לונגהאי אנלי,CN,אטריות להקפצה רחבות,גרמים,200.00,100 גרם,false,0,4.50,2.25,true,1,
7290010259823,false,מנת השף 70 גרם ויליפוד מרק עם נודלס בטעם עוף,נמצ'או(תאילנד) בעמ,TH,מרק עם נודלס טעם עוף,גרמים,70.00,100 גרם,false,1,5.70,8.14,true,1,
7290010259830,false,מנת השף נודלס בסגנון סיני פיקנטי וילי פוד 70 גרם,נמצ'או(תאילנד) בעמ,TH,מרק עם נודלס סיני פי,גרמים,70.00,100 גרם,false,1,5.70,8.14,true,1,
7290010259847,false,מנת השף מרק עם נודלס בטעם תירס ויליפוד 70 גרם,קריות זול,TH,מרק עם נודלס טעם תיר,גרמים,70.00,100 גרם,false,1,5.70,8.14,true,1,
7290010259977,false,שמן קנולה מזוכך ויליפוד 1 ליטר,בונגי פולין אס.פי.זד,PL,שמן קנולה וילי פוד 1,מיליליטרים,1000.00,"100 מ""ל",false,1,11.40,1.14,true,1,
7290010259991,false,צנימים מיוחדים בטעם טבעי 250 ג',קריות זול,GR,צנימים וילי פוד 250,גרמים,250.00,100 גרם,false,1,8.30,3.32,true,1,
7290010294978,false,"מזור ספריי לאף 100 מ""ל",,,מזור תרסיס לאף,Unknown,0.00,Unknown,false,1,52.00,52.00,true,1,
7290010318162,false,זים קל מולטי אינזים (60) אלטמן,אלטמן,US,זים קל מולטי אינזים,Unknown,0.00,Unknown,false,1,72.90,72.90,true,1,
7290010318636,false,אלטמן - אלספה אומגה 3 כמוסות רכות 210 יח',אלטמן,CA,אלספה 210,Unknown,0.00,Unknown,false,1,76.90,76.90,true,1,
7290010318810,false,סידן ציטראט+ויטמין 400-D ּ(60)אלטמן כשר,אלטמן,IL,סידן ציטראט+ויטמין 4,Unknown,0.00,Unknown,false,1,64.90,64.90,true,1,
7290010328246,false,טחינה גולמית שומשום מלא אחווה 500 ג',"אחדות ביח""ר לטחינה ח",IL,אחווה טחינה משומשום,גרמים,500.00,100 גרם,false,1,14.90,2.98,true,1,
7290010328253,false,טחינה גולמית משומשום טבעי אחווה 500 גרם,"אחדות ביח""ר לטחינה ח",IL,אחווה טחינה משומשום,גרמים,500.00,100 גרם,false,1,14.90,2.98,true,1,
7290010328468,false,מארז מיני חלווה אחוה בטעמים 18 יחידות 216 גרם,שוורצקוף& הנקל דיסלד,IL,אחווה חטיפי מיני חלו,גרמים,250.00,100 גרם,false,1,12.50,5.00,true,1,
7290010367009,false,שמנת חמוצה 15% 500 ג,,,שמנת גביע 500 גר,גרמים,500.00,100 גרם,false,1,14.40,2.88,true,1,
7290010417162,false,יין גמלא ריזלינג לבן 750 מל,יקבי רמת הגולן קצרין,IL,יין גמלא ריזלינג לבן,Unknown,0.00,Unknown,false,1,69.90,69.90,true,1,
7290010429554,false,"שמן זית כתית מעולה יד מרדכי 2 קלאסי, 750 מ""ל",מכוורת יד מרדכי שטראוס ב,IL,שמן זית כתית מעולה 2,מיליליטרים,750.00,"100 מ""ל",false,1,33.90,4.52,true,1,
7290010513703,false,מזרח ומערב צ'ופסטיקס צפצפה,גולין פנגזו,IL,צופסטיקס 20 יח חד פע,Unknown,0.00,Unknown,false,1,7.30,7.30,true,1,
7290010513727,false,פנקו פרורי לחם 200 גרם (קינגדאו),קינגדאו גוניון פודס,CN,פירורי לחם קינגדאו פ,גרמים,200.00,100 גרם,false,1,7.50,3.75,true,1,
7290010561407,false,ברילי לחם פרוס EXTRA ויטמינים ומינרלים 500 ג',בר אל- ללא גלוטן,IL,ברילי לחם פרוס EXTRA,גרמים,500.00,100 גרם,false,1,19.90,3.98,true,1,
7290010561421,false,ברילי לחם כפרי EXTRA קמח טף 500 גרם,אשבל מזון פונקציונלי,IL,ברילי לחם כפרי EXTRA,גרמים,500.00,100 גרם,false,1,19.90,3.98,true,1,
7290010650002,false,פטריות יער טריות -יחידה,ביכורי שדה דרום 2002,IL,פטריות יער,Unknown,0.00,Unknown,false,1,9.90,9.90,true,1,
7290010650019,false,אנדיב בלגי אמיתי חוות תקוע,מרינה פטריות הגליל,IL,אנדי בלגי,Unknown,0.00,Unknown,false,1,14.90,14.90,true,1,
7290010650033,false,בצלצלי שאלוט תקוע אר,חוות פטריות תקוע,NL,בצלצלי שאלוט,Unknown,0.00,Unknown,false,1,9.90,9.90,true,1,
7290010650064,false,פטריות יער מיובשות חוות תקוע 25 גרם,חוות תקוע,IL,פטריות יער יבשות,Unknown,0.00,Unknown,false,1,12.90,12.90,true,1,
7290010650088,false,פטריות שמפיניון מיובשות 25 גרם,חוות פטריות תקוע,IL,פטריות שמפניון יבשות,Unknown,0.00,Unknown,false,1,9.90,9.90,true,1,
7290010650194,false,זנגוויל (ג'ינג'ר)ארוז מגשית,"פסח בא בע""מ",CN,גינגר במגש,גרמים,100.00,100 גרם,false,1,9.90,9.90,true,1,
7290010650279,false,לקט פטריות מיובשות לפסטה,חקלאי,IL,לקט פטריות לפסטה,ליטרים,0.00,ליטר,false,1,19.99,19.99,true,1,
7290010650354,false,שורש כורכום טרי חוות תקוע 120 גרם,פסטה לנסי,IL,שורש כורכום טרי 120,גרמים,120.00,100 גרם,false,1,15.90,13.25,true,1,
7290010650408,false,בצלצלי פנינה תקוע יח,פסטה לנסי,IL,בצלצלי פנינה,גרמים,400.00,100 גרם,false,1,13.90,3.48,true,1,
7290010650576,false,פטריות שנוקי טרי ארו,חוות פטריות תקוע,IL,פטריות שינוקי 100 גר,גרמים,100.00,100 גרם,false,1,19.90,19.90,true,1,
7290010650705,false,חסה רדיקו 250 גר,שולמית,IL,אפונת שלג,Unknown,0.00,Unknown,false,1,12.90,12.90,true,1,
7290010650798,false,תבשיל בורגול ופטריות,קרלו,IL,תבשיל בורגול ופטריות,Unknown,0.00,Unknown,false,1,14.90,14.90,true,1,
7290010650828,false,פטריות שימג'י חוות תקוע 150 גרם,שנגחאי פינק פוד קומפני,CN,פיטריות שי מגי,Unknown,0.00,Unknown,false,1,16.90,16.90,true,1,
7290010650910,false,עגבניות לחות בתיבול אורגנו ושום 200 גרם,חקלאי,TR,עגבניות לחות בטעמים,Unknown,0.00,Unknown,false,1,15.90,15.90,true,1,
7290010650996,false,"פטריות שי מג'י חומות, 150 גרם חוות תקוע",שנגחאי פינק פוד קומפני,CN,פטריות שימגי חום,Unknown,0.00,Unknown,false,1,12.90,12.90,true,1,
7290010657681,false,פילה מקרל בשמן צמחי 125 ג קזבלנקה,יוניון דה פחריס,,פילה מקרל בשמן צמחי,גרמים,125.00,100 גרם,false,1,12.40,9.92,true,1,
7290010657704,false,פילה מקרל בשמן זית 125 ג קזבלנקה,יוניון דה פחריס,,פילה מקרל בשמן זית 1,גרמים,125.00,100 גרם,false,1,13.40,10.72,true,1,
7290010676446,false,"פילה דג בסה מעובד קפוא 1 ק""ג",,,פילה דג בסה קפוא,קילוגרמים,0.00,"ק""ג",false,1,30.90,30.90,true,1,
7290010678556,false,תה ירוק מאצה אורגני 50 גר,,,תה ירוק מאצה אורגני,Unknown,0.00,Unknown,false,1,39.90,39.90,true,1,
7290010700400,false,בי 12 1000 מק`ג,,,בי 12 1000 מק`ג,Unknown,0.00,Unknown,false,1,54.90,54.90,true,1,
7290010700424,false,גלוקוקר 90 כמוסות,NATURAL MARSHAL,IL,גלוקו קר,Unknown,0.00,Unknown,false,1,92.90,92.90,true,1,
7290010701353,false,רגל קרושה 400 גר,,,רגל קרושה 400 גר,גרמים,400.00,100 גרם,false,1,27.90,6.98,true,1,
7290010701360,false,עוף קרוש 400 גר,,,עוף קרוש 400 גר,גרמים,400.00,100 גרם,false,1,27.90,6.98,true,1,
7290010701384,false,רגל קרושה מעורבת 400 גר,,,רגל קרושה מעורבת 400,גרמים,400.00,100 גרם,false,1,27.90,6.98,true,1,
7290010701391,false,ממרח כבד בקר 225 גרם,,IL,ממרח כבד בקר 225 גרם,גרמים,225.00,100 גרם,false,1,17.90,7.96,true,1,
7290010701407,false,ממרח כבד עוף 225 גרם,,IL,ממרח כבד עוף 225 גרם,גרמים,225.00,100 גרם,false,1,17.90,7.96,true,1,
7290010701513,false,טושונקה בקר שרוול 340 גרם,,,טושונקה בקר שרוול 34,גרמים,340.00,100 גרם,false,1,21.90,6.44,true,1,
7290010701520,false,טושונקה לבן שרוול 340 גרם,,,טושונקה לבן שרוול 34,גרמים,340.00,100 גרם,false,1,21.90,6.44,true,1,
7290010701605,false,טושונקה בשר בקר 340,VELES,,טושונקה בקר 340 גרם,גרמים,340.00,100 גרם,false,1,21.90,6.44,true,1,
7290010701612,false,קורקבו עוף בגל 500 גרם,מעדני מניה תעשיות בש,,קורקבן עוף בגל 500 ג,גרמים,500.00,100 גרם,false,0,19.90,3.98,true,1,
7290010701636,false,ממרח כבד עוף נקניק 200 גרם,,,ממרח כבד עוף נקניק 2,גרמים,200.00,100 גרם,false,1,12.90,6.45,true,1,
7290010701711,false,ממרח כבד ביתי נקניק 200 גרם,,,ממרח כבד ביתי נקניק,גרמים,200.00,100 גרם,false,1,12.90,6.45,true,1,
7290010701919,false,פטה כבד צרפתי ביין לבן 180 גר,,,פטה כבד צרפתי ביין ל,גרמים,180.00,100 גרם,false,1,22.90,12.72,true,1,
7290010766949,false,ממרח תחתיות ארטישוק 180ג' אוליביה,אוליביה,IL,ממרח ארטישוק אוליביה,גרמים,190.00,100 גרם,false,1,13.90,7.32,true,1,
7290010766956,false,ממרח פלפלים מתוקים אדומים אוליביה 180 גרם,אוליביה גורמה בעמ,IL,ממרח פלפ גמבה,גרמים,190.00,100 גרם,false,1,13.90,7.32,true,1,
7290010815036,false,סבון פנים אובליפיחה- ס.ט 150 מ`ל,TEVA SENSI,IL,סבון פנים אובליפיחה-,Unknown,0.00,Unknown,false,1,34.90,34.90,true,1,
7290010815111,false,קרם לחות חוחובה לפנים,TEVA SENSI,IL,קרם לחות חוחובה לפני,Unknown,0.00,Unknown,false,1,44.90,44.90,true,1,
7290010815180,false,עופ-טוש ג`ל ציטרונלה דוחה יתושים,TEVA SENSI,IL,עופ-טוש ג`ל ציטרונלה,Unknown,0.00,Unknown,false,1,39.90,39.90,true,1,
7290010838424,false,ג'ל לניקוי מתקדם בניחוח רענן - מארז זוג,"איטיליאן פוד, אס.פי.",NL,טואלט דאק נוזל אסלה,ליטרים,0.00,ליטר,false,1,24.90,24.90,true,1,
7290010883356,false,כפפות אלוורה רב שימושיות גדולות L סנו סושי,סנו סושי,CN,כפפות אלוורה סנו סוש,Unknown,0.00,Unknown,false,1,11.90,11.90,true,1,
7290010883370,false,כפפות אלוורה רב שימושיות בינוניות M סנו סושי,האי נאם סי או אל.טי.,CN,כפפות אלוורה סנו סוש,Unknown,0.00,Unknown,false,1,11.90,11.90,true,1,
7290010922819,false,"מלון 250 גרם - Shake It - בד""ץ עדה חרדית","הבו-קדו בע""\מn\",IL,מלון קפוא Shake It 2,גרמים,250.00,100 גרם,false,1,11.40,4.56,true,1,
7290010931330,false,סלט מטבוחה אחלה 500 גרם,מיוצר עי קונדיטוריית,IL,מטבוחה 500 גר,גרמים,500.00,100 גרם,false,1,14.60,2.92,true,1,
7290010970056,false,שמן זית כתית מעולה `טעמים`0.8% חומציות,,,שמן זית כתית מעולה `,מיליליטרים,750.00,"100 מ""ל",false,1,37.60,5.01,true,1,
7290011017866,false,קוקה קולה קלאסי בפחית,החברה המרכזית לייצור משקאות,IL,"פחית סליק ק""ק 330 מ""",מיליליטרים,330.00,"100 מ""ל",false,1,5.40,1.64,true,1,
7290011017873,false,"פחיות קוקה קולה זירו 330 מ""ל",החברה המרכזית לייצור משקאות,IL,פחית סליק זירו 330 מ,מיליליטרים,330.00,"100 מ""ל",false,1,5.40,1.64,true,1,
7290011017880,false,"קוקה קולה דיאט פחית 330 מ""ל",החברה המרכזית לייצור משקאות,IL,"פחית סליק ד. ק""ק 330",מיליליטרים,330.00,"100 מ""ל",false,1,5.40,1.64,true,1,
7290011018368,false,ויינשטפן בירת חיטה לא מסוננת,"ויינשטפן, ת.ד 1155 פ",DE,שישיית בירה ויינשטפן,מיליליטרים,1980.00,"100 מ""ל",false,1,67.90,3.43,true,1,
7290011018443,false,"פנטה אורנג פחית סליק 330 מ""ל",החברה המרכזית לייצור משקאות,IL,סליק פאנטה אורנג 330,מיליליטרים,330.00,"100 מ""ל",false,1,5.40,1.64,true,1,
7290011018467,false,"פחית פאנטה אקזוטיק 330 מ""ל",החברה המרכזית לייצור משקאות,IL,סליק פאנטה אקזוטיק 3,מיליליטרים,330.00,"100 מ""ל",false,1,5.40,1.64,true,1,
7290011018474,false,"סומרסבי סיידר תפוחים אלכוהולי 300 מ""ל","קרלסברג קרואטיה , יב",HR,סומרסבי סיידר תפוחים,מיליליטרים,330.00,"100 מ""ל",false,1,8.90,2.70,true,1,
7290011018924,false,"מארז פחיות דיאט קוקה קולה שישייה 330 מ""ל",החברה המרכזית לייצור משקאות,IL,ק.קולה דיאט פרידגפק,ליטרים,0.00,ליטר,false,1,22.90,22.90,true,1,
7290011051433,false,שוופס מוגז עדין אפרסק 0.5 ליטר,יפאורה תבורי בעמ,IL,שוופס מוגז עדין אפרס,מיליליטרים,500.00,"100 מ""ל",false,1,7.50,1.50,true,1,
7290011064020,false,בולגרית למריחה בטעמים 200 גר,גבינות אמיר ניצן בעמ,IL,בולגרית למריחה בטעמי,גרמים,200.00,100 גרם,false,1,16.40,8.20,true,1,
7290011064075,false,מעדן לבנה מסבחה -אבו גוש 200 גרם,גבינות אמיר ניצן בעמ,IL,לבנה עם תוספות 200 ג,גרמים,200.00,100 גרם,false,1,16.40,8.20,true,1,
7290011064099,false,ירקות או פרות ממולאים במעדן גבינה ניצן 125 גרם,גבינות אמיר ניצן בעמ,IL,טאפס שכונתי 125 גר,גרמים,125.00,100 גרם,false,1,19.90,15.92,true,1,
7290011065430,false,צ'ילי מטחנה מימונס 50 גרם,א.ל ייצור ושיווק תבל,,צילי מטחנה 50 גרם,גרמים,50.00,100 גרם,false,1,18.90,37.80,true,1,
7290011070359,false,ממתק סטיוויה 50 מל,,,ממתק סטיוויה 50 מל,Unknown,0.00,Unknown,false,1,45.00,45.00,true,1,
7290011115296,false,אל סבון מוצק מועשר בקרם לחות לבנדר - מארז רביעיה,נקה 7,,סבון מוצק מעושר בלחו,גרמים,400.00,100 גרם,false,1,14.40,3.60,true,1,
7290011126209,false,הגן הקסום תה טעם תפוח וקינמון סיידר ויסוצקי 25 יח',תה ויסוצקי,IL,תה תפוח וקינמון 25 ש,גרמים,115.00,100 גרם,false,1,18.90,16.43,true,1,
7290011126452,false,הגן הקסום תה בטעם קמומיל ונענע ויסוצקי 25 יחידות,תה ויסוצקי,IL,חליטת קמומיל ונענע 2,Unknown,0.00,Unknown,false,1,18.90,18.90,true,1,
7290011126469,false,חליטת צמחים וקמומיל הגן הקסום ויסוצקי 25 יחידות,תה ויסוצקי,IL,חליטת קמומיל ודבש 25,Unknown,0.00,Unknown,false,1,18.90,18.90,true,1,
7290011131371,false,"מוזלי שקדים ואגוזים 1 ק""ג גרין",ויטליאה ניקולה דו,MK,מיזלי קראנץ אלמונ 1,גרמים,1000.00,100 גרם,false,1,22.90,2.29,true,1,
7290011131395,false,"מוזלי בתוספת 30% פירות 1 ק""ג גרין",ויטליאה ניקולה דו,MK,מיזלי קראנץ 30% פירו,גרמים,1000.00,100 גרם,false,1,22.90,2.29,true,1,
7290011131968,false,"גרנולה בתוספת שקדים ואגוזים גרין 1 ק""ג",ויטליה ניקולא דו,MK,"גרנולה אגוזים 1 ק""ג",קילוגרמים,0.00,"ק""ג",false,1,29.40,29.40,true,1,
7290011133634,false,"פפסי מקס פחית צרה מארז שישייה 330 מ""ל","טמפו משקאות בע""\מ",IL,שישייה פחיות פפסי מק,ליטרים,0.00,ליטר,false,1,19.50,19.50,true,1,
7290011142001,false,לחם שיפון בורודינסקי,מאפיית דואט,,לחם דואט 550 גר,גרמים,550.00,100 גרם,false,1,12.90,2.35,true,1,
7290011142025,false,לחם שיפון אוקראינסקי 630 גר,מאפיית דואט,,לחם שיפון אוקראינסקי,גרמים,630.00,100 גרם,false,1,12.90,2.05,true,1,
7290011142032,false,לחם שיפון בורודינסקי,מאפיית דואט,,לחם בורודינסקי 630 ג,גרמים,630.00,100 גרם,false,1,12.90,2.05,true,1,
7290011142049,false,לחם ביתי עם סובין לל,מאפיית דואט,,לחם בריאות 650 גר,גרמים,650.00,100 גרם,false,1,12.90,1.98,true,1,
7290011142070,false,לחם שיפון מחמצת 600,מאפיית דואט,,לחם בטעמים 630 גר,גרמים,630.00,100 גרם,false,1,12.90,2.05,true,1,
7290011142148,false,שישיית לחמניות אצבע מאפיית דואט,מאפיית דואט,,מארז שישית לחמניות,גרמים,450.00,100 גרם,false,1,12.90,2.87,true,1,
7290011142193,false,לחמניות קלועות מתוקות עם צימוקים 400 גרם,מאפיית דואט,,4 לחמניות מתוקות,Unknown,0.00,Unknown,false,1,12.90,12.90,true,1,
7290011142315,false,פרנה מאורך רביעיה 550 גר,מאפיית דואט,IL,פרנה מאורך רביעיה 55,Unknown,0.00,Unknown,false,1,14.90,14.90,true,1,
7290011142322,false,רביעיית פיתות פרנה גדול ארוך,מאפיית דואט,,פיתה בחבילה 10 יח,Unknown,0.00,Unknown,false,1,14.90,14.90,true,1,
7290011142650,false,לחם שיפון 100% 900 גרם מאפיית דואט,,IL,לחם 100% שיפון 900 ג,גרמים,900.00,100 גרם,false,1,17.90,1.99,true,1,
7290011142827,false,פיתה כוסמין 100% 10 יח' 500 גרם,,,פיתות כוסמין 8 יח,Unknown,0.00,Unknown,false,1,15.90,15.90,true,1,
7290011142834,false,פיתה חיטה מלאה 10 יח' 500 גרם,,,מארז פיתה קלה 10 יח,גרמים,500.00,100 גרם,false,1,15.90,3.18,true,1,
7290011148898,false,גבעולי ברוקולי משקל 400 גר,חקלאי,IL,גבעולי ברוקולי 400 ג,קילוגרמים,0.00,"ק""ג",false,1,12.90,12.90,true,1,
7290011148911,false,פלפלים מתוקים טינקרב,מרינה פטריות הגליל,IL,פלפל טינקרבל,Unknown,0.00,Unknown,false,1,9.90,9.90,true,1,
7290011148935,false,מלפפון בייבי יחידה,חקלאי,IL,מלפפון בייבי,Unknown,0.00,Unknown,false,1,11.90,11.90,true,1,
7290011154035,false,"תרכיז תפוחים סחוט טעמי הגליל 500 מ""ל",טעמי הגליל,IL,תרכיז תפוחים סחוט טע,מיליליטרים,500.00,"100 מ""ל",false,1,25.90,5.18,true,1,
7290011166366,false,רול און אבן קריסטל לגבר,,,רול און אבן קריסטל ל,Unknown,0.00,Unknown,false,1,29.90,29.90,true,1,
7290011166755,false,סאן דאורדורנט אבן קריסטל ללא ריח,,,סאן דאורדורנט אבן קר,Unknown,0.00,Unknown,false,1,29.90,29.90,true,1,
7290011166762,false,סאן דאורדורנט אבן קריסטל לנערים,,,סאן דאורדורנט אבן קר,Unknown,0.00,Unknown,false,1,29.90,29.90,true,1,
7290011194215,false,מעדן גבינה ויוגורט בטעם בננה 5% שומן 88 ג' דניאלה,"שטראוס בריאות בע""מ",IL,דניאלה אננס 88 גרם,גרמים,88.00,100 גרם,false,1,3.90,4.43,true,1,
7290011223038,false,בונומי עלים לקרמשניט שכבות אפויות מבצק עלים 300 גרם,בונומי ס.פ.א,IT,עלים לקרמשניט 300 גר,גרמים,143.00,100 גרם,false,1,14.60,10.21,true,1,
7290011223045,false,בישקוטים בונומי 200 גרם,בונומי ס.פ.א,IT,ביסקוטים 200 גר,גרמים,200.00,100 גרם,false,1,6.20,3.10,true,1,
7290011223229,false,"טואלט דאק ג'ל לאסלה טיפות טל רעננות 55 מ""ל","איטיליאן פוד, אס.פי.",IT,טואלט דאק גל אסלה טי,Unknown,0.00,Unknown,false,1,11.40,11.40,true,1,
7290011235024,false,רוזמרין,חקלאי,IL,רוזמרין,Unknown,0.00,Unknown,false,1,4.90,4.90,true,1,
7290011235055,false,עלי בזיליקום רבנות,יבולי הבשור,IL,בזיליקום,Unknown,0.00,Unknown,false,1,4.90,4.90,true,1,
7290011235062,false,עירית ארוזה רבנות,חקלאי,IL,עירית,Unknown,0.00,Unknown,false,1,4.90,4.90,true,1,
7290011235079,false,קורנית (טימין),חקלאי,IL,קורנית,Unknown,0.00,Unknown,false,1,3.99,3.99,true,1,
7290011235093,false,אורגנו ארוז,יבולי הבשור,,טרגון,Unknown,0.00,Unknown,false,1,3.99,3.99,true,1,
7290011235109,false,עלי מרווה,,,מרווה,Unknown,0.00,Unknown,false,1,4.90,4.90,true,1,
7290011235147,false,חמוציות ארוז,יבולי הבשור,IL,חמציץ ארוז,Unknown,0.00,Unknown,false,1,9.90,9.90,true,1,
7290011236649,false,"נטיפי שוקולד ציפס אמיתי 300 גר' 54% מוצקי קקאו (בד""ץ)",קריות זול,IL,נטיפי שוקולד ציפס 54,גרמים,300.00,100 גרם,false,1,14.70,4.90,true,1,
7290011249748,false,רולים גלילי ופל במילוי קרם שוקולד 100 ג' עלמה,"גילרו בע""מ",IL,רולים שוקו 100 גר,גרמים,100.00,100 גרם,false,1,3.90,3.90,true,1,
7290011249755,false,רולים גלילי ופל במילוי קרם אגוזים 100 ג' עלמה,"גילרו בע""מ",IL,רולים אגוזים 100 גר,גרמים,100.00,100 גרם,false,1,3.90,3.90,true,1,
7290011291921,false,חלבון טעם וניל 600 גרם,NATURAL MARSHAL,IL,ווי אקסטרים 600 גר`,Unknown,0.00,Unknown,false,1,119.90,119.90,true,1,
7290011312381,false,פטריות סטייק פורטובל,"מרינה פטריות הגליל בע""מ",IL,סטייק פורטבלה,Unknown,0.00,Unknown,false,1,14.90,14.90,true,1,
7290011343187,false,שמן זית קורטינה ארץ גשור 750 מל,,,שמן זית קורטינה ארץ,מיליליטרים,750.00,"100 מ""ל",false,1,55.50,7.40,true,1,
7290011343316,false,שמן זית ברנע ארץ גשור 750 מל,,IL,שמן זית ברנע ארץ גשו,מיליליטרים,750.00,"100 מ""ל",false,1,52.90,7.05,true,1,
7290011378028,false,חלבה קלאסית וניל ללא תוספת סוכר בארכה 350 גרם,"רושדי תעשיות מזון בע""\מ",IL,חלבה משומשום מלא,גרמים,350.00,100 גרם,false,1,17.30,4.94,true,1,
7290011378769,false,חטיף חלווה וניל בארכה 126 גרם מארז 7 יחידות,"רושדי תעשיות מזון בע""\מ",IL,מאגדת חטיף חלבה וניל,גרמים,126.00,100 גרם,false,1,13.50,10.71,true,1,
7290011415167,false,"שמן למון גראס מסיק/גרינלייף 10 מ""ל",,,שמן למון גראס מסיק/ג,מיליליטרים,10.00,"100 מ""ל",false,1,19.90,199.00,true,1,
7290011415747,false,מסיק משחת שיניים מנטה,,,מסיק משחת שיניים מנט,Unknown,0.00,Unknown,false,1,24.90,24.90,true,1,
7290011426576,false,שקדימון 300 גרם,,IL,שקדימון 300 גרם,גרמים,300.00,100 גרם,false,1,34.90,11.63,true,1,
7290011438142,false,"משקה יטבתה אייס קפה בבקבוק אישי 350 מ""ל",שטראוס גרופ,IL,משקה חלב בטעם קפה,מיליליטרים,350.00,"100 מ""ל",false,1,6.90,1.97,true,1,
7290011447908,false,"מזון לחתולים מלא טעם עוף וכבד סופר קט 3 ק""ג",קריות זול,IL,סופר קט מזון לחתולים,קילוגרמים,0.00,"ק""ג",false,1,49.90,49.90,true,1,
7290011473051,false,קוואקר עבה אורגני 500 גרם,ארוז ע' תבואות,GB,קוואקר עבה אורגני 50,גרמים,500.00,100 גרם,false,1,10.40,2.08,true,1,
7290011473082,false,אורז בסמטי מלא אורגני 500 גר,תבואות,IN,אורז בסמטי מלא אורגנ,גרמים,500.00,100 גרם,false,1,12.90,2.58,true,1,
7290011473242,false,פשתן זרעים אורגני 500 גרם,ארוז ע' תבואות,US,פשתן זרעים אורגני 50,גרמים,500.00,100 גרם,false,1,11.50,2.30,true,1,
7290011473327,false,שעועית מש אורגנית 500 גרם,ארוז ע' תבואות,CN,שעועית מש אורגנית 50,גרמים,500.00,100 גרם,false,1,14.90,2.98,true,1,
7290011473365,false,תבואות דוחן אורגני,תבואות,US,דוחן אורגני 500 גרם,גרמים,500.00,100 גרם,false,1,11.90,2.38,true,1,
7290011473433,false,תבואת בר כוסמת אורגנ,אורז ע'י,CN,כוסמת אורגנית 500 גר,גרמים,500.00,100 גרם,false,1,11.40,2.28,true,1,
7290011473525,false,אורז בר שחור טבעי 40,תבואות,US,אורז בר טבעי 400 גרם,גרמים,400.00,100 גרם,false,1,30.50,7.63,true,1,
7290011473563,false,פולי קקאו שלמים אורגני 200 גרם,תבואות,PE,פולי קקאו שלמים אורג,גרמים,200.00,100 גרם,false,1,20.90,10.45,true,1,
7290011473570,false,קמח חומוס טבעי 500 גרם תבואות,תבואות מוצרי מזון או,IL,קמח חומוס טבעי 500 ג,גרמים,500.00,100 גרם,false,1,11.90,2.38,true,1,
7290011473594,false,"טחינה אורגנית 1 ק""ג תבואות",,,"טחינה אורגנית 1 ק""ג",גרמים,1000.00,100 גרם,false,1,33.90,3.39,true,1,
7290011473600,false,מלח הימליה דק 500 גר תבואות,תבואות,,מלח הימליה דק 500 גר,גרמים,500.00,100 גרם,false,1,15.90,3.18,true,1,
7290011473624,false,"טחינה אורגנית מלאה 1 ק""ג תבואות",,,טחינה אורגנית מלאה 1,גרמים,1000.00,100 גרם,false,1,33.90,3.39,true,1,
7290011473679,false,"חיטה מלאה אורגנית 1 ק""ג",,IL,חיטה מלאה אורגנית 1,קילוגרמים,0.00,"ק""ג",false,1,13.50,13.50,true,1,
7290011473709,false,קינואה אורגנית תבואו,,BO,"קינואה אורגנית 1 ק""ג",גרמים,1000.00,100 גרם,false,1,27.90,2.79,true,1,
7290011473723,false,הימליה דק שקית 1 קילו תבואות,,,הימליה דק שקית 1 קיל,גרמים,1000.00,100 גרם,false,1,16.70,1.67,true,1,
7290011473730,false,"אורז פרא מעורב טבעי 1 ק""ג תבואות",אינפוסה רובי,IL,אורז פרא מעורב טבעי,גרמים,1000.00,100 גרם,false,1,18.90,1.89,true,1,
7290011473754,false,תאנים מיובשות אורגני,נימקס איזמיר,TR,תאנים אורגניות 250 ג,גרמים,250.00,100 גרם,false,1,19.50,7.80,true,1,
7290011473761,false,צימוקים אורגניים 250 גר,תבואות,,צימוקים אורגניים,גרמים,250.00,100 גרם,false,1,17.90,7.16,true,1,
7290011473778,false,משמש מיובש אורגני 25,נימקס איזמיר,TR,משמש אורגני 250 גר,גרמים,250.00,100 גרם,false,1,17.90,7.16,true,1,
7290011473877,false,קינואה אדומה אורגנית 500 גרם,יורופנה,BO,קינואה אדומה אורגנית,גרמים,500.00,100 גרם,false,1,18.90,3.78,true,1,
7290011473952,false,קוואקר מהיר הכנה טבעי 400 גר,ארוז ע' תבואות,GB,קוואקר מהיר הכנה טבע,גרמים,500.00,100 גרם,false,1,7.50,1.50,true,1,
7290011473969,false,קינואה טריו אורגנית 500 גרם,תבואות,BO,קינואה טריו אורגנית,גרמים,500.00,100 גרם,false,1,23.50,4.70,true,1,
7290011473983,false,תערובת קטניות אורגני500ג,תבואות,IL,קדרה אורגנית 500 גר,גרמים,500.00,100 גרם,false,1,16.90,3.38,true,1,
7290011474003,false,שמן קוקוס אורגני כתית 300 גר תבואות,אדמג'י לוקומנג'י,,שמן קוקוס אורגני כתי,גרמים,1000.00,100 גרם,false,1,19.90,1.99,true,1,
7290011474010,false,"קמח כוסמין לבן טבעי 1 ק""ג תבואות",תבואות,IT,קמח כוסמין לבן טבעי,קילוגרמים,0.00,"ק""ג",false,1,16.90,16.90,true,1,
7290011474072,false,פוזילי כוסמין אורגני 500 גר,תבואות,,פוזילי כוסמין אורגני,גרמים,500.00,100 גרם,false,1,20.90,4.18,true,1,
7290011474102,false,"תערובת קטניות למרק אורגני 500 גרם ""תבואות""",גולי בגמברו,IL,תערובת קטניות אורגני,גרמים,500.00,100 גרם,false,1,16.90,3.38,true,1,
7290011474126,false,שמן קוקוס כתית אורגני 950 גרם,אדמג'י לוקמנג'י,,שמן קוקוס כתית אורגנ,גרמים,950.00,100 גרם,false,1,45.90,4.83,true,1,
7290011474225,false,מלח המליה דק צנצנת 1 קג,תבואות,,מלח המליה דק צנצנת 1,גרמים,1000.00,100 גרם,false,1,18.90,1.89,true,1,
7290011474331,false,"קמח כוסמין מלא טבעי 1 ק""ג תבואות",תבואות,IL,קמח כוסמין מלא טבעי,גרמים,1000.00,100 גרם,false,1,14.90,1.49,true,1,
7290011474362,false,קמח עדשים אורגני 500 גרם תבואות,תבואות,TR,קמח עדשים אורגני 500,גרמים,500.00,100 גרם,false,1,15.90,3.18,true,1,
7290011474386,false,קוואקר דק אורגני 500 גרם,תבואות,,קוואקר אורגני דק 500,גרמים,500.00,100 גרם,false,1,10.40,2.08,true,1,
7290011474430,false,"אורז בסמטי מלא אורגני 1 ק""ג",,,אורז בסמטי מלא אורגנ,גרמים,1000.00,100 גרם,false,1,25.90,2.59,true,1,
7290011474447,false,קוואקר עבה טבעי 500 גרם תבאות,תבואות,,קוואקר עבה טבעי 500,גרמים,500.00,100 גרם,false,1,7.50,1.50,true,1,
7290011474720,false,"אורז בסמטי לבן אורגני 1 ק""ג",,,אורז בסמטי לבן אורגנ,גרמים,1000.00,100 גרם,false,1,25.90,2.59,true,1,
7290011474898,false,סוכר קוקוס אורגני 300 גרם תבואות,תבואות,IL,סוכר קוקוס אורגני 30,גרמים,300.00,100 גרם,false,1,13.90,4.63,true,1,
7290011498108,false,מרציפן נטו 75 גרם,שקד תבור,IL,מרציפן נטו 75 גרם,גרמים,75.00,100 גרם,false,1,8.90,11.87,true,1,
7290011498160,false,שמן קוקוס 100% שקד תבור 1 ליטר,שקד תבור,IL,שמן קוקוס אורגני טהו,מיליליטרים,1000.00,"100 מ""ל",false,1,54.90,5.49,true,1,
7290011498221,false,גרוסליין - סילאן טבעי 900 גרם,אלמנדוס,IL,סילאן תמרים טבעי 900,גרמים,900.00,100 גרם,false,1,19.90,2.21,true,1,
7290011498351,false,ממרח אילסר אגוזי לוז,שקד תבור,IL,חמאת לוז 200 גרם,גרמים,200.00,100 גרם,false,1,24.90,12.45,true,1,
7290011498368,false,ממרח פיסטוק אלת הבטנ,שקד תבור,IL,חמאת פיסטוק 200 גרם,גרמים,200.00,100 גרם,false,1,45.90,22.95,true,1,
7290011498443,false,עיסת קקאו 100% קקאו250גר,שקד תבור,PE,עיסת קקאו 250 גרם,גרמים,250.00,100 גרם,false,1,21.90,8.76,true,1,
7290011498511,false,ממרח חלבה מלאה עשירה350ג,שקד תבור,IL,ממרח חלבה מלאה 350 ג,גרמים,350.00,100 גרם,false,1,14.90,4.26,true,1,
7290011498740,false,שקד מלא טחון בכבישה קרה,"אלמונדס בע""מ",IL,שקד מלא 300 גרם,גרמים,300.00,100 גרם,false,1,34.50,11.50,true,1,
7290011498917,false,מארז חטיפי תמר במילוי חמ.קוקוס בציפוי שוקולד 100% קקאו 150 גרם,מרכז השקד,AR,חטיף תמר במילוי חמאת,גרמים,150.00,100 גרם,false,1,18.80,12.53,true,1,
7290011498955,false,אגוזי אדמה חמאת בוטנ300ג,שקד תבור,IL,אגוזי אדמה 300 גרם,גרמים,300.00,100 גרם,false,1,13.50,4.50,true,1,
7290011498962,false,שקד לבן בכבישה קרה 300 ג,"אלמונדס בע""מ",IL,שקד לבן 300 גרם,גרמים,300.00,100 גרם,false,1,34.50,11.50,true,1,
7290011498979,false,שקד לבן בתוספת סיבים 300 גרם,מרכז השקד,IL,שקד לבן בתוספת סיבים,גרמים,300.00,100 גרם,false,1,34.50,11.50,true,1,
7290011499105,false,גבינה בולגרית מלוחה 5% 250 ג' גד,ג'נרל מילס סאן אדריא,IL,בולגרית 5% 250גר,גרמים,250.00,100 גרם,false,1,24.20,9.68,true,1,
7290011499112,false,גבינה בולגרית 165 גד 250 גרם,"מיוצר ע""י dsh",IL,בולגרית 16% 250גר,גרמים,250.00,100 גרם,false,1,25.30,10.12,true,1,
7290011499129,false,גבינה בולגרית מעודנת קוביות קטנות 5% גד 200 גרם,קוד יצרן DSH,IL,קוביות בולגרית מעודנ,גרמים,200.00,100 גרם,false,1,22.40,11.20,true,1,
7290011499303,false,גבינה בולגרית עזים 5% גד מעודנת 250 גרם,ג'נרל מילס סאן אדריא,IL,גבינה בולגרית מעודנת,גרמים,250.00,100 גרם,false,1,31.80,12.72,true,1,
7290011499327,false,גבינה בולגרית מעודנת חלב בקר 250 גר,מיוצר על ידי DSH עבו,IL,גבינה בולגרית מעודנת,גרמים,250.00,100 גרם,false,1,24.40,9.76,true,1,
7290011499341,false,גבינת קשקבל ארוז 26 אחוז 250גרם גד,הנסיך- מפעל לייצור ט,IL,קשקאבל ארוז 200 גר,גרמים,200.00,100 גרם,false,1,26.70,13.35,true,1,
7290011499358,false,פטה עיזים מסורתית 20% בגביע מחלבות גד,מיוצר על ידי קוד יצר,IL,גבינת פטה עיזים 200,גרמים,200.00,100 גרם,false,1,27.80,13.90,true,1,
7290011499365,false,גבינת חלומי 24% גד 200 גרם,"מחלבות גד בע""\מ",IL,גבינת חלומי 200 גר,גרמים,200.00,100 גרם,false,1,22.40,11.20,true,1,
7290011499419,false,גבינה במרקם שמנת בטעם טבעי 5% ניו יורק,גבינות מדף,IL,גבינה במרקם שמנת 5%,גרמים,200.00,100 גרם,false,1,11.40,5.70,true,1,
7290011499624,false,גבינת שמנת בטעם טבעי גד 30% 200 גרם,גבינות מדף,IL,גבינת שמנת 30% טבעי,גרמים,200.00,100 גרם,false,1,12.50,6.25,true,1,
7290011499846,false,גבינת ריקוטה פרסקה 9% גד 300 גרם,מחלבות גד בעמ,IL,ריקוטה פרסקה 9% 300,גרמים,150.00,100 גרם,false,1,16.90,11.27,true,1,
7290011499853,false,גבינת שמנת זיתים 30אחוז 200גרם גד,מחלבות גד (שיווק 199,IL,גבינת שמנת זיתים 30%,גרמים,200.00,100 גרם,false,1,12.50,6.25,true,1,
7290011515911,false,שלגונים מופחתי קלוריות בטעם ריבת חלב - 6 יח',גלידות נסטלה )נגה גלידות,IL,מאגדת לייט ריבת חלב,Unknown,0.00,Unknown,false,1,29.90,29.90,true,1,
7290011518561,false,"אקטימל תות 1.51 ק""ג מארז 14 יחידות",מיוצר עי קונדיטוריית,IL,אקטימל תות מארז משפח,ליטרים,0.00,ליטר,false,1,28.90,28.90,true,1,
7290011552244,false,קולגן סקין א.קולגן+חומצה היאלרונית+ביוטי,,IL,קולגן סקין א.קולגן+ח,גרמים,300.00,100 גרם,false,1,199.90,66.63,true,1,
7290011575007,false,"הפי מרסס שומר ברק למקלחון 750 מ""ל",יעקובי הפי,DE,הפי לאמבט ולמקלחון,מיליליטרים,750.00,"100 מ""ל",false,1,23.50,3.13,true,1,
7290011575526,false,מטלית מיקרופייבר לרצ,סי.פי.קנג,,הפי מטלית מיקרופייבר,Unknown,0.00,Unknown,false,1,16.90,16.90,true,1,
7290011585198,false,כיסונים במילוי בשר 1400 גרם,,IL,כיסונים השף במילוי,גרמים,1400.00,100 גרם,false,1,49.90,3.56,true,1,
7290011585228,false,כיסונים במילוי בשר 1500 גרם,,IL,כיסונים במילוי בשר 1,גרמים,1500.00,100 גרם,false,1,41.90,2.79,true,1,
7290011585235,false,מיני צבורק במילוי בש,,IL,מיני ציבורקי 600 גרם,גרמים,600.00,100 גרם,false,1,31.90,5.32,true,1,
7290011585242,false,ציבורקי במילוי בשר וירק 600 גרם,,IL,ציבורקי במילוי בשר,גרמים,600.00,100 גרם,false,1,31.90,5.32,true,1,
7290011585723,false,כיסונים ביתי במילוי בשר 900 גרם,,IL,כיסונים ביתי במילוי,גרמים,900.00,100 גרם,false,1,31.90,3.54,true,1,
7290011585754,false,כיסונים סיבירסקי במילוי בשר 900 גרם,,IL,כיסונים סיבירסקי במי,גרמים,900.00,100 גרם,false,1,31.90,3.54,true,1,
7290011585778,false,"קרפלך במילוי תפו""א 700 גרם",,IL,"קרפלך במילוי תפו""א 7",גרמים,700.00,100 גרם,false,1,21.90,3.13,true,1,
7290011585785,false,ציבורקי קלאסי 600 גרם,,IL,ציבורקי קלאסי 600 גר,גרמים,600.00,100 גרם,false,1,31.90,5.32,true,1,
7290011585815,false,מאפה (פירושקי) במילוי בשר 600 גרם,,IL,מאפה (פירושקי) במילו,גרמים,600.00,100 גרם,false,1,31.90,5.32,true,1,
7290011585853,false,בלינצס במילוי בשר 600 גרם,,IL,בלינצס במילוי בשר 60,גרמים,600.00,100 גרם,false,1,31.90,5.32,true,1,
7290011585877,false,"בלינצס במילוי תפו""א ופטריות 600 גרם",,,"בלינצס במילוי תפו""א",גרמים,600.00,100 גרם,false,1,31.90,5.32,true,1,
7290011585884,false,"בלינצס עם תפו""ע 600 גרם",,IL,"בלינצס עם תפו""ע 600",גרמים,600.00,100 גרם,false,1,31.90,5.32,true,1,
7290011585891,false,בלינצס במילוי דובדבן 600 גרם,,IL,בלינצס עם דובדבן 600,גרמים,600.00,100 גרם,false,1,31.90,5.32,true,1,
7290011585921,false,בצק שמרים קלאסי 1 קג,,IL,"בצק שמרים 1 ק""ג",גרמים,1000.00,100 גרם,false,1,15.90,1.59,true,1,
7290011587079,false,חרדל דיז'ון גרגירים 370 ג' PICCATA,Covinor sas,IL,חרדל דיזון גרגירים 3,גרמים,370.00,100 גרם,false,1,11.90,3.22,true,1,
7290011587093,false,תירס גמדי שלם במי מלח480,פוג'אן טונגפה,CN,תירס גמדי 400 גרם,גרמים,400.00,100 גרם,false,1,6.20,1.55,true,1,
7290011587451,false,מוזלי קראנצי בתוספת פירות ואגוזים ויטליה 600 גרם,ויטליה,IL,גרנולה פירות 600 גר,גרמים,600.00,100 גרם,false,1,16.60,2.77,true,1,
7290011587468,false,מוזלי קראנצי בתוספת אגוזים ויטליה 600 גרם,Vitalia nikola ltd,MK,מוזלי קראנצ 600 גר,מיליליטרים,600.00,"100 מ""ל",false,1,16.60,2.77,true,1,
7290011587598,false,שימורי אנשובי בפח 45 ג' תומר,אינוורסיונס פריסקו,PE,פילה אנשובי 45 גרם,גרמים,45.00,100 גרם,false,1,6.90,15.33,true,1,
7290011587826,false,חרדל דיז'ון תומר 370ג',Covinor sas,,חרדל דיזון 370 גרם,גרמים,370.00,100 גרם,false,1,11.90,3.22,true,1,
7290011587956,false,רוטב צ'ילי מתוק 700 ג' תומר,,,רוטב צילי מתוק 700 מ,מיליליטרים,700.00,"100 מ""ל",false,1,13.40,1.91,true,1,
7290011598457,false,ניירטואלט לבן סנו סופט 48 יח',מפעלי ברונוס בעמ,IL,נייר טואלט סופט לבן,מטרים,882.00,מטר,false,1,47.90,0.05,true,1,
7290011615260,false,"טורטייה 20 ס""מ קוטר וילי פוד 540 גר",מוטלוקל גידה סאנאי ט,TR,"טורטייה 20 ס""מ קוטר",גרמים,540.00,100 גרם,false,1,9.90,1.83,true,1,
7290011615406,false,בולגרית בקוביות בשמן ותבלינים הבולגריה 325 ג' קוליוס,"קוליוס אס. איי, גריק",GR,הבולגריה בקוביות שמן,גרמים,325.00,100 גרם,false,1,18.90,5.82,true,1,
7290011644000,false,מקלות תירס ממותקים 80 גרם,סנקי,IL,מקלות תירס ממותקים 8,גרמים,90.00,100 גרם,false,1,4.10,4.56,true,1,
7290011644505,false,שימורי כבד דג שיבוט 120 גרם ISLAND,יאקן איאצאפי,,שימורי כבד דג שיבוט,גרמים,120.00,100 גרם,false,1,10.90,9.08,true,1,
7290011644598,false,דג יבש ארוז,,,דג יבש VOBLA,Unknown,0.00,"ק""ג",true,0,115.00,115.00,true,1,
7290011651442,false,משקה קלמדין סופרהרב 500 מל,LTD .AMBROZIA,IL,משקה קלמדין סופרהרב,Unknown,0.00,Unknown,false,1,106.90,106.90,true,1,
7290011654160,false,פלורמל,,,פלורמל,Unknown,0.00,Unknown,false,1,79.90,79.90,true,1,
7290011695316,false,נפנף למנגל,אס.די יבוא וישווק,,נפנף למנגל,Unknown,0.00,Unknown,false,1,5.90,5.90,true,1,
7290011695972,false,טוסטים מלבנים בטעמים 100 גרם,נאמן Neeman,,טוסטים מלבנים בטעמים,גרמים,100.00,100 גרם,false,1,8.20,8.20,true,1,
7290011723200,false,טחינה הר ברכה 100% שומשום טהור 500 גר,טחינה הר ברכה בעמ,IL,טחינה הר ברכה 100% ש,גרמים,500.00,100 גרם,false,1,18.90,3.78,true,1,
7290011743833,false,"סנסודיין משחת שיניים פרונאמל 75 מ""ל",גלקסו סמית קליין,GB,משחת שיניים סנסודיין,Unknown,0.00,Unknown,false,1,28.50,28.50,true,1,
7290011830373,false,פסטה מקמח דורם חמישה צבעים פפרדלה אורגני השדה 500 גרם,השדה מוצרים טבעיים ו,IT,פפרדלה מקמח דורום 5,גרמים,500.00,100 גרם,false,1,30.50,6.10,true,1,
7290011830564,false,ביסקוויט פתי בר כוסמין אורגני,השדה מוצרים אורגניים,IL,פתיבר כוסמין אורגני,גרמים,200.00,100 גרם,false,1,12.50,6.25,true,1,
7290011830601,false,פינגווינים חטיף אורגני להקפאה בטעמים 400,דולפין ספא,IT,פינגווינים חטיף אורג,גרמים,400.00,100 גרם,false,1,15.90,3.98,true,1,
7290011830830,false,חטיף ציקי מאנקי אורגני 20 גר השדה,השדה מוצרים אורגניים,IL,חטיף ציקי מאנקי אורג,גרמים,20.00,100 גרם,false,1,3.30,16.50,true,1,
7290011860271,false,ביסבול כדורי פירה מתפוחי אדמה תפוגן 700 גרם,"תעשיות תפוגן בע""\מ",IL,תפוגן ביסבול טבעי 70,גרמים,700.00,100 גרם,false,1,18.80,2.69,true,1,
7290011876494,false,שניצל עוף V ותירס מאמא עוף 750 גרם,תנובה גליל,IL,שניצל עוף תירס 750 ג,גרמים,750.00,100 גרם,false,1,36.90,4.92,true,1,
7290011877088,false,"רדיד אלומיניום רוחב 30 ס""מ, 18 מיקרון - מארז זוג",בורסה פאזרי,TR,סנו סושי רדיד אלומינ,מטרים,7.50,מטר,false,1,19.40,2.59,true,1,
7290011877859,false,סנו אינסטלטור חדש פותח סתימות 200ג',מיוצר עי קונדיטוריית,IL,סנו אינסטלטור פותח ס,מיליליטרים,200.00,"100 מ""ל",false,1,12.90,6.45,true,1,
7290011878351,false,תמרים מגהול 400 גרם אורגני,,IL,תמרים מגהול 400 גרם,גרמים,400.00,100 גרם,false,1,27.90,6.98,true,1,
7290011899295,false,פרוביוטיק - ג'ארו דופילוס,אלטמן,US,גארודופילוס (60) אלט,Unknown,0.00,Unknown,false,1,142.90,142.90,true,1,
7290011899684,false,פרוביוטיק פמינה EXPERT ׁ(30),אלטמן,DK,פרוביוטיק פמינה EXPE,Unknown,0.00,Unknown,false,1,107.90,107.90,true,1,
7290011899967,false,מגנזיום ציטראט אריזת חסכון(120)כשר אלטמן,אלטמן,US,מגנזיום ציטראט אריזת,Unknown,0.00,Unknown,false,1,86.90,86.90,true,1,
7290011923068,false,הצהובה הקלאסית פרוס תחליף שומן צמחי 200גר,,GR,גבינה פרוסות צהובה ק,גרמים,200.00,100 גרם,false,1,19.90,9.95,true,1,
7290011923082,false,גבינה פרוסות בסגנון מוצרלה טבעוני 200 ג,,GR,גבינה פרוסות בסגנון,גרמים,200.00,100 גרם,false,1,19.90,9.95,true,1,
7290011923105,false,"פרוסות גבינה בסגנון צ'דר 200 גרם ""ליב""",,GR,גבינה פרוסות בסגנון,גרמים,200.00,100 גרם,false,1,19.90,9.95,true,1,
7290011923112,false,גבינת גוש בסגנון פטה יוונית טבעוני 200 ג,,GR,גבינת גוש בסגנון פטה,גרמים,200.00,100 גרם,false,1,19.90,9.95,true,1,
7290011923273,false,טופו אורגני-ליב 300 גרם,א.י.ן תעשיות מזון בע,IL,טופו אורגני 300 גרם,גרמים,300.00,100 גרם,false,1,13.50,4.50,true,1,
7290011931193,false,ממתיק על בסיס סוכרלוז כפית לכפית,סוכרזית Sucrazit,IL,סוכרלייט כפית לכפית,גרמים,105.00,100 גרם,false,1,37.90,36.10,true,1,
7290011947309,false,זיתים מצוננים סורי מבוקע ולימון כבוש זיתא 230 ג',זיתא – י.ט.ב תעשיות,IL,זית סורי מבוקע עם לי,גרמים,220.00,100 גרם,false,1,13.90,6.32,true,1,
7290011947743,false,זיתים זיתא מיקס זית ירוק וזית קלמטה 215 גרם,זיתא - י.ט.ב תעשיות,IL,מיקס זיתים זיתא 215,גרמים,215.00,100 גרם,false,1,13.90,6.47,true,1,
7290011947781,false,מיקס זית ירוק וזית קלמטה ללא גלעין עם שמן זית כתית מעולה,זיתא - י.ט.ב תעשיות,IL,מיקס זית ירוק/קלמטה,גרמים,190.00,100 גרם,false,0,15.10,7.95,true,1,
7290011947798,false,זית קלמטה ללא גלעין עם שמן זית כתית מעולה,זיתא - י.ט.ב תעשיות,IL,זית קלמטה ללא גלעין,גרמים,190.00,100 גרם,false,0,15.10,7.95,true,1,
7290011971694,false,ספגטי טריקולור מסמולינת דורום אורגני 500,פסטיפיסוי פליצ'טי,IT,ספגטי טריקולור מסמול,גרמים,500.00,100 גרם,false,1,14.90,2.98,true,1,
7290011985073,false,פקעות ורדים שלם 50גר,,,פקעות ורדים שלם 50גר,Unknown,0.00,Unknown,false,1,12.90,12.90,true,1,
7290011985189,false,זקן תירס 50גר,,,זקן תירס 50גר,Unknown,0.00,Unknown,false,1,22.90,22.90,true,1,
7290011985363,false,מרווה משולשת 50 גר,,,מרווה משולשת 50 גר,Unknown,0.00,Unknown,false,1,15.90,15.90,true,1,
7290011985387,false,עוזרר עלים 50 גר,,,עוזרר עלים 50 גר,גרמים,1.00,100 גרם,false,1,24.90,2490.00,true,1,
7290011985776,false,בבונג 50 גר,,,בבונג 50 גר,Unknown,0.00,Unknown,false,1,12.90,12.90,true,1,
7290011985790,false,מנטה 50 גר,,,מנטה 50 גר,Unknown,0.00,Unknown,false,1,11.90,11.90,true,1,
7290012001994,false,חרדל דיז'ון גרעינים 350 ג' ריין דיזון,ריין דיז'ון reine dijon,FR,חרדל דיזיון 350 גרם,גרמים,350.00,100 גרם,false,1,11.90,3.40,true,1,
7290012012891,false,היביסקוס חזרה לטבע 50 גרם,,,היביסקוס חזרה לטבע 5,גרמים,50.00,100 גרם,false,1,10.90,21.80,true,1,
7290012019258,false,מחית תפוחי עץ רביעיה 4 * 113 ג' תומר,אינדיאן סאמר קו אופ אינק,US,"רסק תפו""ע 4 יח 113",גרמים,113.00,100 גרם,false,1,13.40,11.86,true,1,
7290012019265,false,רביעיית מחית תפוח עץ ללא תוספת סוכר תומר 113 גרם,אינדיאן סאמר קו אופ אינק,US,"רסק תפו""ע דיאט 4 יח",גרמים,113.00,100 גרם,false,1,13.40,11.86,true,1,
7290012019272,false,רביעיית מחית תפוח עץ וקינמון תומר 113 גרם,אינדיאן סאמר קו אופ אינק,US,"רסק תפו""ע קינמון 4 י",גרמים,113.00,100 גרם,false,1,13.40,11.86,true,1,
7290012022005,false,פריכיות חיטה 60 גרם,דילייט,IL,פריכיות חיטה 70 גרם,גרמים,70.00,100 גרם,false,1,11.90,17.00,true,1,
7290012022050,false,קריספיות מרובה דגנים 75ג,דילייט,IL,פריכיות חיטה מלאה,גרמים,100.00,100 גרם,false,1,13.90,13.90,true,1,
7290012022067,false,קריספיות קידס 30 גרם,דילייט,IL,קריספיות קידס 30 גרם,גרמים,30.00,100 גרם,false,1,10.90,36.33,true,1,
7290012052323,false,מוזלי עם פירות יבשים ושקדים ללא תוספת סוכר,רפאלס,IL,גרנולה מוזלי מיקס לא,גרמים,1000.00,100 גרם,false,1,30.50,3.05,true,1,
7290012082986,false,"P1000 שמפו ביוטין שורשים 500 מ""ל",,,P1000 שמפו ביוטין שו,מיליליטרים,500.00,"100 מ""ל",false,1,49.90,9.98,true,1,
7290012116551,false,אנטי קאלק נוזל לניקוי כללי סנו 2 ליטר,מיוצר עי קונדיטוריית,IL,סנו אנטי קאלק רב שימ,ליטרים,0.00,ליטר,false,1,20.90,20.90,true,1,
7290012116612,false,אורביטול מברשת שיניים מארז 4 יח',ג'נרל מילס סאן אדריא,CN,אורביטול מברשת שיניי,Unknown,0.00,Unknown,false,1,14.40,14.40,true,1,
7290012117039,false,נוזל לניקוי אמבטיה 00 סנו 1 ליטר,סנו מפעלי ברונוס בעמ,IL,סנו 00 לניקוי אמבטיו,מיליליטרים,1000.00,"100 מ""ל",false,1,8.90,0.89,true,1,
7290012117275,false,"קליר שקית מילוי לניקוי חלונות סנו 750 מ""ל",טרופיקל דגיל תעשיות,IL,סנוקליר שקית מילוי 7,מיליליטרים,750.00,"100 מ""ל",false,1,9.40,1.25,true,1,
7290012117350,false,"נוזל רצפות לילך 2 ליטר ""ריצפז פרש""","סנו מפעלי ברונוס בע""\מ",IL,סנו ריצפז פרש 2 ליטר,ליטרים,0.00,ליטר,false,1,21.90,21.90,true,1,
7290012117534,false,מרכך כביסה מרוכז תכלת קול סנו מקסימה 1 ליטר,"סנו מפעלי ברונוס בע""\מ",IL,מרכך כביסה מקסימה סו,מיליליטרים,1000.00,"100 מ""ל",false,1,17.90,1.79,true,1,
7290012117565,false,כפפות סנו סושי לטקס S אריזת 100יח',סנו סושי,IL,סנו סושי כפפות לטקס,Unknown,0.00,Unknown,false,1,43.90,43.90,true,1,
7290012117732,false,מקסימה מרכך כביסה ארומתרפי קול סנו 4 ליטר,"סנו מפעלי ברונוס בע""\מ",IL,סנו מקסימה מרכך כביס,ליטרים,0.00,ליטר,false,1,20.90,20.90,true,1,
7290012117916,false,אינסטלטור נוזל לפתיחת סתימות סנו 1 ליטר,"סנו מפעלי ברונוס בע""",IL,סנו אינסטלטור נוזלי,מיליליטרים,1000.00,"100 מ""ל",false,1,25.90,2.59,true,1,
7290012129728,false,מגבונים לחים פרשיס ללא בישום חמישייה,,IL,מגבונים לחים פרשיס ל,Unknown,0.00,Unknown,false,1,22.90,22.90,true,1,
7290012129742,false,מגבונים פרשיס מבושם 72 יח' * חמישיה,,IL,מגבונים לחים פרשיס מ,Unknown,0.00,Unknown,false,1,22.90,22.90,true,1,
7290012132513,false,דאודורנט רול און לובליס ספורט,,,דאודורנט רול און לוב,Unknown,0.00,Unknown,false,1,29.90,29.90,true,1,
7290012132926,false,"שמן קיק לשיער לוליס 100 מ""ל",,IL,שמן קיק לשיער לוליס,מיליליטרים,100.00,"100 מ""ל",false,1,29.90,29.90,true,1,
7290012159275,false,מיונז אמיתי 430 גרם LINA,לינה,LT,מיונז אמיתי 430 גרם,גרמים,430.00,100 גרם,false,1,10.40,2.42,true,1,
7290012159763,false,ריאזנקה דן 500 מל,,,רגינקה דן 0.5ל,מיליליטרים,500.00,"100 מ""ל",false,1,9.80,1.96,true,1,
7290012159770,false,קפיר דן 500 מל,,,קפיר דן 0.5ל,מיליליטרים,500.00,"100 מ""ל",false,1,9.80,1.96,true,1,
7290012159787,false,קפיר דן 1 ל,,,קפיר דן 1ל,מיליליטרים,1000.00,"100 מ""ל",false,1,17.70,1.77,true,1,
7290012159794,false,ריזנקה דן 1 ל,,,רגינקה דן 1 ל,מיליליטרים,1000.00,"100 מ""ל",false,1,18.50,1.85,true,1,
7290012159909,false,תחליף גבינה מותכת ינ,,,ינטר 100 גר,גרמים,100.00,100 גרם,false,1,5.00,5.00,true,1,
7290012191053,false,גפרורים ארוכים לגרילים,,,גפרור מטבח ארוך,Unknown,0.00,Unknown,false,1,7.30,7.30,true,1,
7290012208362,false,פריכיות כוסמת עם טף בהיר 135 גרם,זן - בר המכללה לטבעונות,IL,פריכיות כוסמת עם טף,גרמים,135.00,100 גרם,false,1,11.90,8.81,true,1,
7290012208614,false,עגבניות מרוסקות אורגני 700 גרם,,IT,עגבניות מרוסקות אורג,גרמים,700.00,100 גרם,false,1,10.90,1.56,true,1,
7290012208775,false,זרעי ציה 700 גרם,,IL,זרעי ציה 700 גרם,גרמים,700.00,100 גרם,false,1,32.90,4.70,true,1,
7290012208782,false,מיץ ענבים אורגני 1 ליטר,,TR,מיץ ענבים אורגני 1 ל,מיליליטרים,1000.00,"100 מ""ל",false,1,28.90,2.89,true,1,
7290012208935,false,מלח הימלאיה שחור 200 גרם,,PK,מלח הימלאיה שחור 200,גרמים,200.00,100 גרם,false,1,17.90,8.95,true,1,
7290012245183,false,צ'יפס קריספי קלאסי 700 גרם,אגריסטו,BE,ציפס קריספי קלאסי 70,גרמים,700.00,100 גרם,false,1,21.90,3.13,true,1,
7290012245275,false,"גולד ציפס בטטה קריספי 1 ק""ג",אגריסטו,BE,גולד ציפס בטטה קריספ,גרמים,1000.00,100 גרם,false,1,30.90,3.09,true,1,
7290012245312,false,"גולד ציפס אמריקאי 1.5 ק""ג קפוא זן",יוליניבר,IL,גולד ציפס אמריקאי 1.,גרמים,1500.00,100 גרם,false,1,21.90,1.46,true,1,
7290012245329,false,"גולד צ'יפס קלאסי 1.5 ק""ג קפוא זן",יוליניבר,BE,גולד ציפס קלאסי 1.5,גרמים,1500.00,100 גרם,false,1,21.90,1.46,true,1,
7290012245336,false,"גולד סטייק ציפס 1.5 ק""ג קפוא זן.",אגריסטו,IL,גולד סטייק ציפס 1.5,גרמים,1500.00,100 גרם,false,1,21.90,1.46,true,1,
7290012247316,false,לב עוף טרי,,,לב עוף טרי,Unknown,0.00,"ק""ג",true,0,34.90,34.90,true,1,
7290012251047,false,קבנוס כפרי 250 גרם מזרע,,,קבנוס כפרי 250 גרם,גרמים,250.00,100 גרם,false,1,17.90,7.16,true,1,
7290012251108,false,סלמי טורו 170 גרם,,,סלמי טורו 170 גרם,גרמים,170.00,100 גרם,false,1,30.90,18.18,true,1,
7290012251146,false,מיני קופצקי סרוולט 280 גרם,ישרקו שיווק מותגי מז,,מיני קופצקי סרוולט,גרמים,280.00,100 גרם,false,1,31.90,11.39,true,1,
7290012251177,false,מיני סרוולט איטלקי 400 גר,ישרקו שיווק מותגי מז,,מיני סרוולט איטלקי,גרמים,400.00,100 גרם,false,1,47.90,11.98,true,1,
7290012251276,false,תיק בד טיב טעם,,,תיק רב פעמי ממוחזר,Unknown,0.00,Unknown,false,1,5.90,5.90,true,1,
7290012251313,false,גיוזה בטטה 320 גר קפוא מזרע,,,גיוזה בטטה 320 גר,גרמים,320.00,100 גרם,false,1,37.90,11.84,true,1,
7290012251320,false,גיוזה בקר 320 גר קפוא מזרע,,,גיוזה בקר 320 גר,גרמים,320.00,100 גרם,false,1,37.90,11.84,true,1,
7290012251337,false,דים סאם עוף ואורז 360 גר,,,דים סאם עוף ואורז,גרמים,360.00,100 גרם,false,1,44.90,12.47,true,1,
7290012251368,false,דים סאם אורז בקר 360 גר קפוא,,,דים סאם אורז בקר 360,גרמים,360.00,100 גרם,false,1,44.90,12.47,true,1,
7290012251382,false,פריזר ביצת הזהב 500 גר מזרע,,,פריזר ביצת הזהב 500,גרמים,500.00,100 גרם,false,1,44.90,8.98,true,1,
7290012251412,false,"קרפלך עוף מזרע 1 ק""ג",,,"קרפלך עוף מזרע 1 ק""ג",גרמים,1000.00,100 גרם,false,1,38.50,3.85,true,1,
7290012251429,false,קרפלך בשר לבן מזרע 600 גר,,,קרפלך בשר לבן מזרע,גרמים,600.00,100 גרם,false,1,27.50,4.58,true,1,
7290012251474,false,שרימפס 26/30 מקולף 500 ג' קפוא,,,שרימפס מקולף 500 גר,גרמים,500.00,100 גרם,false,1,49.90,9.98,true,1,
7290012251481,false,שרימפס מקולף 500 גר קפוא L,,,שרימפס מקולף 500 גר,גרמים,500.00,100 גרם,false,1,51.50,10.30,true,1,
7290012251498,false,שרימפס מקולף 500 גר קפוא M,,,שרימפס מקולף 500 גר,גרמים,500.00,100 גרם,false,1,51.50,10.30,true,1,
7290012251511,false,דג בסה קוביות 500 גר קפוא,,,דג בסה קוביות 500 גר,גרמים,500.00,100 גרם,false,1,18.90,3.78,true,1,
7290012251528,false,נקניקיות בוואריה עם גבינה 700 גר מזרע,,,נקניקיות בוואריה,גרמים,700.00,100 גרם,false,1,64.90,9.27,true,1,
7290012251535,false,שרימפס מבושל 750 גר קפוא,,,שרימפס מבושל קפוא,גרמים,750.00,100 גרם,false,1,58.50,7.80,true,1,
7290012251542,false,"שרימפס לא מקולף גדול 1 ק""ג קפוא 26/30",,,שרימפס לא מקולף גדול,קילוגרמים,0.00,"ק""ג",false,1,104.50,104.50,true,1,
7290012251672,false,חמאה צרפתית 200 גר,,,חמאה צרפתית 200 גר,גרמים,200.00,100 גרם,false,1,12.90,6.45,true,1,
7290012251757,false,קרפלך תפוחי אדמה 600 גר,,,קרפלך תפוחי אדמה 600,גרמים,600.00,100 גרם,false,1,22.90,3.82,true,1,
7290012252891,false,נקניקיות אוסטריות מצוננות 600 גרם,,IL,נקניקיות אוסטריות מצ,גרמים,600.00,100 גרם,false,1,31.90,5.32,true,1,
7290012252914,false,נקניקיות בלקניות מצוננות 600 גרם,,IL,נקניקיות בלקניות מצו,גרמים,600.00,100 גרם,false,1,24.90,4.15,true,1,
7290012306204,false,"אורז עגול בוכרי לאוש פלוב 1 ק""ג",,,אורז עגול בוכרי לאוש,גרמים,1000.00,100 גרם,false,1,20.90,2.09,true,1,
7290012306501,false,מעיין פריכיות כוסמת 150 גר' בלי מלח,כל בו מכבי,,פריכיות כוסמת 150 גר,גרמים,150.00,100 גרם,false,1,12.90,8.60,true,1,
7290012306532,false,מעיין פריכיות כוסמת 150 גר' עם מלח,כל בו מכבי,,פריכיות כוסמת עם מלח,גרמים,150.00,100 גרם,false,1,12.90,8.60,true,1,
7290012309878,false,חלוה פיסטוק ששון הקולה 500 גרם,ששון הקולה,IL,חלבה עם פיסטוק 500 ג,גרמים,500.00,100 גרם,false,1,16.60,3.32,true,1,
7290012309939,false,חלווה מסולסלת בקופסא ששון הקולה 500 גרם,אף.סי תבליני בגליל ב,IL,חלבה מסולסלת 500 גרם,גרמים,500.00,100 גרם,false,1,19.80,3.96,true,1,
7290012404955,false,נקטר חמוציות ספרינג קולקשן 1.25 ליטר,יפאורה שותפות מובגלת לשיווק,IL,ספרינג Collection,ליטרים,0.00,ליטר,false,1,12.90,12.90,true,1,
7290012404993,false,נקטר דיאט חמוציות ספרינג קולקשן 1.25 ליטר,יפאורה שותפות מובגלת לשיווק,IL,ספרינג Collection די,ליטרים,0.00,ליטר,false,1,12.90,12.90,true,1,
7290012413636,false,תה ירוק צ'אי מסאלה ויסוצקי 25 יחידות,ויסוצקי ירוק,IL,תה ירוק צאי מסאלה 25,Unknown,0.00,Unknown,false,1,24.90,24.90,true,1,
7290012413643,false,תה ירוק קמומיל ויסוצקי 25 יחידות,ויסוצקי ירוק,IL,תה ירוק קמומיל 25 ש,Unknown,0.00,Unknown,false,1,24.90,24.90,true,1,
7290012485893,false,ווין וינטר 60 כמוסות,NATURAL MARSHAL,IL,ווין ווינטר,Unknown,0.00,Unknown,false,1,104.90,104.90,true,1,
7290012491474,false,שמפו לילדים לריכוך השיער והזנת עור הקרקפת,מאמי קר Mommy Care,IL,שמפו לילד 400 מ`ל,Unknown,0.00,Unknown,false,1,34.90,34.90,true,1,
7290012497131,false,"אלטמן - ויטמין D-400 טיפות 15 מ""ל",אלטמן,IL,ויטמין D-400 טיפות,Unknown,0.00,Unknown,false,1,23.90,23.90,true,1,
7290012497322,false,נוסטרול קומפלקס להפחתת כולסט (60) אלטמן,אלטמן,DE,נוסטרול קומפלקס להפח,Unknown,0.00,Unknown,false,1,105.90,105.90,true,1,
7290012497643,false,C 500 קפליות המכילות ויטמין C בתוספת פקעות ורדים,אלטמן,US,ויטמין C-500 לבליעה,Unknown,0.00,Unknown,false,1,62.90,62.90,true,1,
7290012588242,false,"מים מינרלים מיי וואטר כדורגל מארז 500X6מ""ל",נרה קריטיס אס איי באריפט,GR,שישיית מים מינרלים כ,מיליליטרים,3000.00,"100 מ""ל",false,1,16.60,0.55,true,1,
7290012624070,false,סבון טבעי פריחת הגליל - קוקוס ווניל 500,גליל אורגניק,,סבון טבעי פריחת הגלי,Unknown,0.00,Unknown,false,1,24.90,24.90,true,1,
7290012624094,false,סבון טבעי פריחת ורד הגליל 500 מל,,,סבון טבעי פריחת ורד,מיליליטרים,500.00,"100 מ""ל",false,1,24.90,4.98,true,1,
7290012624117,false,סבון טבעי פריחת הגליל - רימון היביסקוס 5,,,סבון טבעי פריחת הגלי,Unknown,0.00,Unknown,false,1,24.90,24.90,true,1,
7290012624209,false,סבון נוזלי GALILEE לבנדר 400 מל,,,סבון נוזלי GALILEE ל,Unknown,0.00,Unknown,false,1,39.90,39.90,true,1,
7290012624216,false,סבון נוזלי GALILEE פטשולי לבנדר וניל 400,,,סבון נוזלי GALILEE פ,Unknown,0.00,Unknown,false,1,39.90,39.90,true,1,
7290012624230,false,סבון נוזלי GALILEE למון גראס 400 מל,,,סבון נוזלי GALILEE ל,Unknown,0.00,Unknown,false,1,39.90,39.90,true,1,
7290012624384,false,סבון טבעי פריחת הגליל - שרי וניל 500 מל,גליל אורגניק,IL,סבון טבעי פריחת הגלי,Unknown,0.00,Unknown,false,1,24.90,24.90,true,1,
7290012624803,false,"שמפו טבעי פריחת הגליל 500 מ""ל",גליל אורגניק,IL,שמפו טבעי פריחת הגלי,מיליליטרים,500.00,"100 מ""ל",false,1,27.90,5.58,true,1,
7290012624810,false,"מרכך שיער טבעי פריחת הגליל 500 מ""ל",גליל אורגניק,IL,מרכך שיער טבעי פריחת,מיליליטרים,500.00,"100 מ""ל",false,1,27.90,5.58,true,1,
7290012634161,false,סט כלי במבוק 6 חל,,,סט כלי במבוק 6 חל,Unknown,0.00,Unknown,false,1,36.50,36.50,true,1,
7290012642838,false,רצועות פלפל אדום בחומץ תומר 520 גרם,תומר,IL,פלפל רצועות אדום בחו,גרמים,520.00,100 גרם,false,1,16.70,3.21,true,1,
7290012642852,false,פלפל אדום על האש תומר 330 גרם,סאטקו,BG,פלפל אדום על האש 520,גרמים,520.00,100 גרם,false,1,16.70,3.21,true,1,
7290012642876,false,פלפלונים מעורב צבעוני בחומץ חריף6X,סאטקו,BG,פלפלונים מעורב בחומץ,גרמים,530.00,100 גרם,false,1,16.70,3.15,true,1,
7290012642906,false,פלפלים ירוקים מוחמצים שלמים בחריפות עדינה,תומר,,פלפל ירוק בחומץ 450,גרמים,450.00,100 גרם,false,1,16.70,3.71,true,1,
7290012645112,false,יוגורט עיזים 2.8% בדלי חלב הארץ 750 גרם,מחלבות סוסיא,IL,יוגורט עיזים בדלי 75,מיליליטרים,750.00,"100 מ""ל",false,1,20.50,2.73,true,1,
7290012645129,false,יוגורט כבשים 5% בדלי חלב הארץ 750 גרם,מחלבות סוסיא,IL,יוגורט כבשים בדלי 7,מיליליטרים,750.00,"100 מ""ל",false,1,20.50,2.73,true,1,
7290012645297,false,יוגורט עיזים ביו 2.8% טעם טבעי חלב הארץ 150 גרם,מחלבות סוסיא,IL,יוגורט עיזים בטעם טב,גרמים,150.00,100 גרם,false,1,6.50,4.33,true,1,
7290012702822,false,מורז ספריי הגנה שקוף SPF50 200 מל,SALA (MORAZ,IL,ספרי הגנה שקוף SPF 5,Unknown,0.00,Unknown,false,1,74.90,74.90,true,1,
7290012702839,false,מורז ספריי הגנה שקוף לילדים SPF50 200 מל,מורז,IL,ספרי הגנה שקוף לילדי,Unknown,0.00,Unknown,false,1,74.90,74.90,true,1,
7290012759666,false,משפחתית בראוניז תמר שוקולד פקאן ופולי קקאו 240 גר' - ממה,ממה חטיפי אנרגיה,IL,משפחתית בראוניז תמר,גרמים,240.00,100 גרם,false,1,29.90,12.46,true,1,
7290012759789,false,טראפלס שוקולד פקאן חדש,,IL,טראפלס שוקולד פקאן,גרמים,280.00,100 גרם,false,1,33.50,11.96,true,1,
7290012760761,false,"סופהרב - ויטמין 1000 D3 סופטג'ל בד""ץ 90 כמוסות רכות",LTD .AMBROZIA,IL,די 1000 בד`צ,Unknown,0.00,Unknown,false,1,42.90,42.90,true,1,
7290012760853,false,"טיפות ויטמין D במינון 400 יחב""ל",LTD .AMBROZIA,IL,ויטמים די 400 טיפות,Unknown,0.00,Unknown,false,1,26.90,26.90,true,1,
7290012803451,false,טוסו שוקולד מריר 62% מוצקי קקאו ללא תוספת סוכר 100 גרם,אלטינמארקה,TR,טוסו מרי שוקולד מריר,גרמים,100.00,100 גרם,false,1,13.50,13.50,true,1,
7290012803789,false,טוסו שוקולד מריר עם אגוזים ללא תוספת סוכר 100 גרם,אלטינמארקה גידה סאן,TR,טוסו מר שוקולד מריר,גרמים,100.00,100 גרם,false,1,13.50,13.50,true,1,
7290012823251,false,כיף אל סבון יסמין לבנדר 1 ליטר משאבה,קוסמופארם בע'\'\מ,IL,אלסבון כיף 1 ליטר יס,מיליליטרים,1000.00,"100 מ""ל",false,1,16.20,1.62,true,1,
7290012823374,false,אנטי קאלק מטליות לחות לניקוי כללי סנו 50 יחידות,מיוצר עי קונדיטוריית,IL,מגבונים אנטי קאלק,Unknown,0.00,Unknown,false,1,16.20,16.20,true,1,
7290012823381,false,מקסימה מרכך כביסה מרוכז סנסטיב בייבי סנו 1 ליטר,"סנו מפעלי ברונוס בע""\מ",IL,מרכך כביסה מקסימה סו,מיליליטרים,1000.00,"100 מ""ל",false,1,17.90,1.79,true,1,
7290012823398,false,מטליות חד פעמיות לניקוי הרצפה בניחוח מרכך כביסה 10יח' סנו,סנו מפעלי ברונו בעמ,IL,מט.לחות לריצפה בניחו,Unknown,0.00,Unknown,false,1,10.50,10.50,true,1,
7290012823541,false,ריצפז פרש מטליות לחות לרצפה בניחוח לבנדר 10 יחידות,"סנו מפעלי ברונוס בע""\מ",IL,סנו ריצפז פרש מטליות,Unknown,0.00,Unknown,false,1,10.50,10.50,true,1,
7290012823923,false,"מרכך כביסה מרוכז פרפיום גולדן מקסימה 750 מ""ל",סנו מפעלי ברונוס בעמ,IL,מרכך כביסה מקסימה פר,מיליליטרים,750.00,"100 מ""ל",false,1,16.90,2.25,true,1,
7290012823947,false,"סנו - מרכך כביסה מרוכז פרפיום קריסטל נואר 750 מ""ל",מיוצר עי קונדיטוריית,IL,מרכך כביסה מקסימה פר,מיליליטרים,750.00,"100 מ""ל",false,1,16.90,2.25,true,1,
7290012850011,false,מחית ביליבד תפוחי עץ 190ג',NOVOFRUCHT SK S.R.O,IL,מחית תפוחי עץ 190 גר,גרמים,190.00,100 גרם,false,1,6.50,3.42,true,1,
7290012864001,false,נבטי חמנייה ארוז א.אדמה,קרונוס,IL,נבטי חמניה,Unknown,0.00,Unknown,false,1,9.90,9.90,true,1,
7290012864025,false,נבטי אלפא אלפא ארוז א.אדמה,קרלסברג יבוא יצוא,IL,נבטי אלפלפא,Unknown,0.00,Unknown,false,1,6.90,6.90,true,1,
7290012864032,false,מיקס עדשים ונבטוטים,קרלסברג ישראל,IL,נבטוטים,Unknown,0.00,Unknown,false,1,9.90,9.90,true,1,
7290012864155,false,מיקס נבטים נבטי העמק,חקלאי,IL,מיקס נבטים,Unknown,0.00,Unknown,false,1,12.90,12.90,true,1,
7290012878268,false,שמפו זית לשיער יבש,,,שמפו זית לשיער יבש,מיליליטרים,750.00,"100 מ""ל",false,1,10.00,1.33,true,1,
7290012878275,false,"מרכך זית לשיער 750מ""ל",,,"מרכך זית 750 מ""ל",מיליליטרים,750.00,"100 מ""ל",false,1,10.90,1.45,true,1,
7290012878886,false,שוורץ סבון נוזלי רימונים 1 ליטר,ש.שוורץ,,אל סבון רימונים 1 לי,ליטרים,0.00,ליטר,false,1,10.00,10.00,true,1,
7290012884986,false,"צ'יפס לתנור 4% שומן תפוגן 1.5 ק""ג","תעשיות תפוגן בע""\מ",IL,ציפס לתנור עד 4% שומ,קילוגרמים,0.00,"ק""ג",false,1,23.90,23.90,true,1,
7290012901355,false,דודלס ארוחת אטריות עם גבינה 206 גרם,האי נאם סי או אל.טי.,US,פולד מקרוני & ציז 20,גרמים,206.00,100 גרם,false,1,11.90,5.78,true,1,
7290012901959,false,פסטה דודלס מסולסלים עם גבינה156 גרם,הנדריקס פודס,US,אטריות עם גבינה מסול,גרמים,156.00,100 גרם,false,1,11.90,7.63,true,1,
7290012901973,false,"שעועית אדומה, 400 גרם גאלה",יורוקום אס.אר.אל,IT,שעועית אדומה גאלה 40,גרמים,400.00,100 גרם,false,1,11.40,2.85,true,1,
7290012921025,false,"בקבוק בירה מלכה בהירה 330 מ""ל","בירה מלכה בע""מ",IL,בירה מלכה בהירה 330,מיליליטרים,330.00,"100 מ""ל",false,1,16.90,5.12,true,1,
7290012921032,false,"בקבוק בירה מלכה אדמונית 330 מ""ל","בירה מלכה בע""מ",IL,בירה מלכה אדמונית 33,מיליליטרים,330.00,"100 מ""ל",false,1,16.90,5.12,true,1,
7290012921049,false,בירה מלכה כהה בסגנון,"בירה מלכה בע""מ",IL,"בירה מלכה כהה 330 מ""",מיליליטרים,330.00,"100 מ""ל",false,1,16.90,5.12,true,1,
7290012921063,false,בירה מלכה הינדי בבקבוק,"בירה מלכה בע""מ",IL,בירה מלכה הינדי 330,מיליליטרים,330.00,"100 מ""ל",false,1,16.90,5.12,true,1,
7290012936838,false,תבלין הל טחון תבליני מימון 35 גרם,א.ל ייצור ושיווק תבל,IL,הל טחון 35 גרם,Unknown,0.00,Unknown,false,1,19.90,19.90,true,1,
7290012936890,false,תבלינים קצח בצנצנות זכוכית 50 גרם,א.ל ייצור ושיווק תבל,IL,תבלינים קצח בצנצנות,Unknown,0.00,Unknown,false,1,12.30,12.30,true,1,
7290012936937,false,תבלינים בהרט בצנצנת 40 גרם,א.ל ייצור ושיווק תבל,IL,תבלינים בהרט בצנצנת,Unknown,0.00,Unknown,false,1,12.30,12.30,true,1,
7290012936944,false,אגוז מוסקט טחון תבליני מימון 40 גרם,א.ל ייצור ושיווק תבלינים,IL,תבלינים אגוז מוסקט ט,Unknown,0.00,Unknown,false,1,16.50,16.50,true,1,
7290012938580,false,"סנסודיין משחת שיניים להלבנה עדינה 75 מ""ל",גלקסוסמית'\קליין קונסיומ,GB,סנסודיין משחת שיניים,Unknown,0.00,Unknown,false,1,21.90,21.90,true,1,
7290012938740,false,"משחת שיניים פרש מינט מנטה 75מ""ל סנסודיין",גלקסו סמית קליין,GB,משחת שיניים סנסודיין,Unknown,0.00,Unknown,false,1,21.90,21.90,true,1,
7290012938924,false,אקוהפרש מי פה ללא אלכוהול 500 מל,מולינו ניקולי s.p.a,GB,אקווה פרש מי פה מנטה,מיליליטרים,500.00,"100 מ""ל",false,1,19.90,3.98,true,1,
7290012958014,false,ביצי דגים 113 גר זכוכית,,,ביצי דגים 113 גר זכו,גרמים,113.00,100 גרם,false,1,57.50,50.88,true,1,
7290012983153,false,סילאן טבעי בקבוק לחיץ תמר כנרת 400 גר,מנדלז סי.אר. פרודקשן,IL,סילאן טבעי בקבוק לחי,גרמים,400.00,100 גרם,false,1,18.90,4.73,true,1,
7290012996450,false,מרכך כביסה מרוכז פרחי אביב הפי 1 ליטר,יעקובי הפי,BE,מרכך כביסה מרוכז פרח,מיליליטרים,1000.00,"100 מ""ל",false,1,15.40,1.54,true,1,
7290012996672,false,סבון אסלה + בושם ל24 שעות ביום הפי,יוליניבר,IT,סבון אסלה + בושם ל24,Unknown,0.00,Unknown,false,1,11.90,11.90,true,1,
7290012996702,false,הפי ג'ל דוחה עש ומבשם לארון הבגדים,יעקבי - הפי Hepi,IT,שקיות ריחניות לבגדים,Unknown,0.00,Unknown,false,1,14.90,14.90,true,1,
7290013038432,false,מים אקווה נובה בקבוק יחיד,אקווה נובה Aqua Nova,IL,אקווה נובה 2 ל,ליטרים,0.00,ליטר,false,1,2.90,2.90,true,1,
7290013083999,false,חול יורוקיטי קריסטלי 3.8 ל',קינדאו,CN,קריסטל יורוקיטי 3.8,Unknown,0.00,Unknown,false,1,24.90,24.90,true,1,
7290013117243,false,בורקס פילו בולגרית מעדנות 600 גרם,מיוצר עי קונדיטוריית,IL,בורקס פילו בולגרית 6,גרמים,600.00,100 גרם,false,1,17.90,2.98,true,1,
7290013117410,false,בצק פריך מרודד למאפים מתוקים 900 ג' מעדנות,מיוצר עי קונדיטוריית,IL,בצק פריך מתוק 900 גר,גרמים,900.00,100 גרם,false,1,26.90,2.99,true,1,
7290013121028,false,לחם לבן 500 גרם ללא גלוטן גרין לייט,אביב קונדיטוריה מעול,IL,לחם לבן ללא גלוטן,גרמים,500.00,100 גרם,false,1,17.90,3.58,true,1,
7290013121035,false,לחם פשתן ללא גלוטן 500 גר קפוא,אביב קונדיטוריה מעול,IL,לחם פשתן ללא גלוטן,גרמים,500.00,100 גרם,false,1,20.90,4.18,true,1,
7290013121103,false,רביעיית לחמניות סנדויץ ללא גלוטן 460 גרם,אביב קונדיטוריה מעול,IL,רביעיית שליש בגט,גרמים,400.00,100 גרם,false,1,20.90,5.23,true,1,
7290013121158,false,לחמניות סנדוויץ ללא גלוטן גרין לייט 4 * 115 גרם,אביב קונדיטוריה מעול,IL,רביעיית לחמניות סנדו,גרמים,460.00,100 גרם,false,1,17.90,3.89,true,1,
7290013121165,false,לחמניות נקניקיה ללא גלוטן גרין לייט 6 * 77 גרם,אביב קונדיטוריה מעול,IL,שישיית לחמניות ללא ג,גרמים,460.00,100 גרם,false,1,20.90,4.54,true,1,
7290013142450,false,"כורכום C3 - מיצוי שורש כורכום 1000 מ""ג",אלטמן,US,כורכום C3 ׁ(60) כשר,Unknown,0.00,Unknown,false,1,124.90,124.90,true,1,
7290013142917,false,מולטי ויטמין + Q10 (,אלטמן,DE,מולטי ויטמין + Q10 (,Unknown,0.00,Unknown,false,1,185.90,185.90,true,1,
7290013144188,false,מימונס תערובת להכנת בראוניז 600 גרם,א.ל ייצור ושיווק תבלינים,IL,תערובת בראוניס 600 ג,גרמים,600.00,100 גרם,false,1,19.90,3.32,true,1,
7290013144218,false,מיימונס תערובת עוגת וניל 560 גרם.,א.ל ייצור ושיווק תבלינים,IL,תערובת עוגת וניל 560,גרמים,560.00,100 גרם,false,1,19.90,3.55,true,1,
7290013144232,false,מיימונס פודינג בטעם וניל 80 גרם,א.ל ייצור ושיווק תבלינים,IL,פודינג וניל 85 גר,גרמים,85.00,100 גרם,false,1,6.20,7.29,true,1,
7290013144409,false,תמצית בטעם רום מימונס 50 גרם,א.ל ייצור ושיווק תבלינים,IL,"תמצית רום 50 מ""ל",מיליליטרים,50.00,"100 מ""ל",false,1,4.40,8.80,true,1,
7290013144508,false,"תמצית בטעם ורדים מיימונס 50 מ""ל",מיוצר עי קונדיטוריית,IL,"תמצית ורדים 50 מ""ל",מיליליטרים,50.00,"100 מ""ל",false,1,10.90,21.80,true,1,
7290013144560,false,מיימונס צבע מאכל כחול 50 גרם,א.ל ייצור ושיווק תבלינים,IL,"צבע מאכל כחול 50 מ""ל",מיליליטרים,50.00,"100 מ""ל",false,1,4.90,9.80,true,1,
7290013144614,false,"מיימונס סירופ מייפל אמיתי 100% מקנדה 236 מ""ל",הנסיך- מפעל לייצור ט,DK,סירופ מייפל אמיתי,מיליליטרים,236.00,"100 מ""ל",false,1,43.90,18.60,true,1,
7290013144768,false,סירופ בטעם שוקולד מימונס 500 גרם,א.ל ייצור ושיווק תבלינים,IL,סירופ בטעם שוקולד 50,גרמים,500.00,100 גרם,false,1,15.40,3.08,true,1,
7290013144911,false,מימונס מיקס שוקולד צ'יפס מריר וחלב 250 גרם,אינטרגטה תעשיות מזון 19),IL,מיקס שוקולד ציפס מרי,גרמים,250.00,100 גרם,false,1,15.40,6.16,true,1,
7290013145123,false,מיימונס שקד מולבן פרוס 100 גרם,א.ל ייצור ושיווק תבלינים,IL,שקד מולבן פרוס 100 ג,גרמים,100.00,100 גרם,false,1,15.40,15.40,true,1,
7290013145178,false,קוקוס טחון לבן מיימונס 100 גרם,א.ל ייצור ושיווק תבלינים,IL,קוקוס טחון לבן 100 ג,גרמים,100.00,100 גרם,false,1,5.50,5.50,true,1,
7290013145192,false,שומשום מיימונס 100 גרם,א.ל ייצור ושיווק תבלינים,IL,שומשום 100 גר,גרמים,100.00,100 גרם,false,1,5.90,5.90,true,1,
7290013145215,false,שומשום מימונס 400 גרם,א.ל ייצור ושיווק תבלינים,IL,שומשום 400 גר,גרמים,400.00,100 גרם,false,1,17.90,4.48,true,1,
7290013145390,false,שוקולד צ'יפס מיימונס 250 גרם,אינטרגטה תעשיות מזון 19),IL,שוקולד ציפס 250 גר,גרמים,250.00,100 גרם,false,1,9.90,3.96,true,1,
7290013145406,false,שוקולד צ'יפס לבן מיימונס 250 גרם,אינטרגטה תעשיות מזון 19),IL,שוקולד ציפס לבן 250,גרמים,250.00,100 גרם,false,1,9.90,3.96,true,1,
7290013145444,false,שוקולד מריר מעולה ציפס 66% מימונס 250 ג',המאפיה של הרמן,IL,שוקולד ציפס 66% 250,גרמים,250.00,100 גרם,false,1,17.90,7.16,true,1,
7290013145451,false,אבקת קקאו מימונס 150 ג',מיוצר עי קונדיטוריית,IL,קקאו 150 גר,גרמים,150.00,100 גרם,false,1,10.90,7.27,true,1,
7290013145536,false,סוכריות לקישוט בטעם שוקולד מיימונס 85 גרם,א.ל ייצור ושיווק תבלינים,IL,סוכריות בטעם שוקולד,גרמים,85.00,100 גרם,false,1,6.40,7.53,true,1,
7290013145567,false,מיימונס מיני מיני עדשים 90 גרם.,א.ל ייצור ושיווק תבלינים,IL,מיני מיני עדשים 90 ג,גרמים,90.00,100 גרם,false,1,13.10,14.56,true,1,
7290013145574,false,מיימונס ערכה לקישוט 100 גרם,א.ל ייצור ושיווק תבלינים,IL,ערכה לקישוט 100 גר,גרמים,100.00,100 גרם,false,1,14.40,14.40,true,1,
7290013145710,false,מיימונס דובדבנים מסוכרים 100 גרם,א.ל ייצור ושיווק תבלינים,IL,דובדבנים מסוכרים 100,גרמים,100.00,100 גרם,false,1,9.90,9.90,true,1,
7290013145840,false,סוכר וניל מיימונס 10 יחידות,א.ל ייצור ושיווק תבלינים,IL,סוכר וניל 10 יח בצלו,Unknown,0.00,Unknown,false,1,2.70,2.70,true,1,
7290013145857,false,אבקת אפיה מיימונס 10 יחידות,מימונס אפייה,IL,אבקת אפיה 10 יח בצלו,Unknown,0.00,Unknown,false,1,2.70,2.70,true,1,
7290013145864,false,אבקת ג'לטין טהור מיימונס 28 גרם,א.ל ייצור ושיווק תבלינים,IL,גלטין טהור אבקה 28 ג,גרמים,28.00,100 גרם,false,1,12.40,44.29,true,1,
7290013145901,false,סודה לשתיה מיימונס 100 גרם,א.ל ייצור ושיווק תבלינים,IL,סודה לשתיה 100 גר,גרמים,100.00,100 גרם,false,1,2.00,2.00,true,1,
7290013145949,false,אבקת סוכר פטנט מימונס 250 גרם,א.ל ייצור ושיווק תבלינים,IL,אבקת סוכר אריזת פטנט,גרמים,250.00,100 גרם,false,1,18.50,7.40,true,1,
7290013146304,false,קורנפלור מימונס 500 גרם,א.ל ייצור ושיווק תבלינים,IL,קורנפלור 500 גרם,גרמים,500.00,100 גרם,false,1,5.90,1.18,true,1,
7290013146403,false,סירופ בטעם קרמל מלוח מימונס 500 גרם,א.ל ייצור ושיווק תבלינים,IL,סירופ בטעם קרמל מלוח,גרמים,500.00,100 גרם,false,1,18.90,3.78,true,1,
7290013146410,false,נשיקות לקישוט צבע כחול מימונס 60 גרם,רות פטיפורים,IL,נשיקות לקישוט צבע כח,יחידה,1.00,יחידה,false,1,16.90,16.90,true,1,
7290013146663,false,אטריות צבעוניות לקישוט מימונס 55 גרם,"מימונס אפיה בע""מ",IL,אטריות צבעוניות לקיש,גרמים,55.00,100 גרם,false,1,12.40,22.55,true,1,
7290013146724,false,אבקת אייס קפה 350 גרם מימונס,מימונס אפייה,IL,אייס קפה מימונס 350,גרמים,350.00,100 גרם,false,1,18.90,5.40,true,1,
7290013146755,false,"קצפת 24% שומן מימונס 500 מ""ל",מוצרי קפוא זן,BG,מימונס קצפת 24% 500,גרמים,500.00,100 גרם,false,1,13.90,2.78,true,1,
7290013153432,false,"פריגת סחוט לימונענע 400 מ""ל",היינץ צפון אמריקה מק,IL,פריגת סחוט לימונע 40,מיליליטרים,400.00,"100 מ""ל",false,1,9.90,2.48,true,1,
7290013153593,false,תפוזים מתקתק 100% פריגת 1 ליטר,"גת גבעת חיים,",IL,מיץ תפוזים מתקתק 1 ל,מיליליטרים,1000.00,"100 מ""ל",false,1,16.90,1.69,true,1,
7290013176080,false,גבינת עיזים זיתים 20,ארבלה,IL,ארבלה אנאבל זיתים 19,גרמים,190.00,100 גרם,false,1,20.90,11.00,true,1,
7290013187154,false,מזרע קרפלך טלה מתכון סבתא 600 גר,,,קרפלך כבש מתכון סבתא,גרמים,600.00,100 גרם,false,1,32.50,5.42,true,1,
7290013187215,false,מנות פילה סלמון נורבגי 800 גר,,NO,פילה סלמון נורבגי,גרמים,800.00,100 גרם,false,1,86.90,10.86,true,1,
7290013187765,false,ברוקולי טבעפרוסט 800 גר,,,ברוקולי טבעפרוסט 800,גרמים,800.00,100 גרם,false,1,19.90,2.49,true,1,
7290013187772,false,אפונה ירוקה עדינה טבעפרוסט 800 גר,,,אפונה ירוקה עדינה טב,גרמים,800.00,100 גרם,false,1,19.90,2.49,true,1,
7290013187789,false,אפונה ירוקה טבעפרוסט 800 גר,,,אפונה ירוקה טבעפרוסט,גרמים,800.00,100 גרם,false,1,16.60,2.08,true,1,
7290013187796,false,שעועית ירוקה שלמה טבעפרוסט 800 גר,,,שעועית ירוקה שלמה טב,גרמים,800.00,100 גרם,false,1,16.90,2.11,true,1,
7290013187802,false,שעועית ירוקה עדינה טבעפרוסט 800 גר,,,שעועית ירוקה עדינה ט,גרמים,800.00,100 גרם,false,1,16.90,2.11,true,1,
7290013187826,false,כרוב ניצנים טבעפרוסט 800 גר,,,כרוב ניצנים טבעפרוסט,גרמים,800.00,100 גרם,false,1,16.90,2.11,true,1,
7290013187864,false,נקניקיות שפיקצקי 600 גרם,,,נקניקיות שפיקצקי,גרמים,600.00,100 גרם,false,1,42.90,7.15,true,1,
7290013187888,false,נקניק סרוולט רוסקי 1,,,רוסקי סרוולט 170 גר,גרמים,170.00,100 גרם,false,1,34.90,20.53,true,1,
7290013187949,false,נקניק סרוולט איטלקי,,,סרוולט איטלקי 170 גר,גרמים,170.00,100 גרם,false,1,23.90,14.06,true,1,
7290013215017,false,פטריות זוגות חוות השמפניון,אראל תוצרת חקלאית בע,IL,פיטריות דואט,Unknown,0.00,Unknown,false,1,17.90,17.90,true,1,
7290013215062,false,פטריות יער ארוזות,חוות השמפיניון,IL,פטריות יער אלמוג,Unknown,0.00,Unknown,false,1,19.90,19.90,true,1,
7290013253132,false,"קציצות קבב 1 ק""ג",,IL,"קבבית ביתית 1 ק""ג",גרמים,100.00,100 גרם,false,1,70.90,70.90,true,1,
7290013268907,false,ג'ל כביסה ביו בטמפרטורות נמוכות,"סנו מפעלי ברונוס בע""\מ",IL,סנו מקסימה גל לכביסה,ליטרים,0.00,ליטר,false,1,29.60,29.60,true,1,
7290013268983,false,מרכך כביסה סופר מרוכז בבישום עוצמתי סנו מקסימה 1 ל',"סנו מפעלי ברונוס בע""\מ",IL,מרכך מרוכז 1 ליטר עו,ליטרים,0.00,ליטר,false,1,17.90,17.90,true,1,
7290013269003,false,מרכך כביסה סופר מרוכז בייבי לתינוקות ולעור רגיש,"סנו מפעלי ברונוס בע""\מ",IL,מרכך כביסה מקסימה,מיליליטרים,1000.00,"100 מ""ל",false,1,17.50,1.75,true,1,
7290013269263,false,ג'ל כביסה מרוכז מקסימה בבישום קריסטל נואר,סנו מפעלי ברונוס בעמ,IL,סנו מקסימה גל כביסה,ליטרים,0.00,ליטר,false,1,29.60,29.60,true,1,
7290013269287,false,סנו - מקסימה ג'ל כביסה מרוכז מאסק 3 ליטר,"סנו מפעלי ברונוס בע""\מ",IL,סנו מקסימה גל לכביסה,ליטרים,0.00,ליטר,false,1,29.60,29.60,true,1,
7290013269300,false,ניילון נצמד פלוס סנו סושי 150 מטר,"מיוצר בהונג קונג, סי",IL,סנו סושי ניילון נצמד,Unknown,0.00,Unknown,false,1,25.90,25.90,true,1,
7290013269645,false,ריצפז פרש מטליות לחות לריצפה בניחוח מאסק 10 יחידות,סנו מפעלי ברונוס בעמ,IL,מטליות לחות לניקוי ר,Unknown,0.00,Unknown,false,1,13.30,13.30,true,1,
7290013269652,false,פוליויקס נוזל לניקוי רצפות גרניט פורצלן סנו 2 ליטר,סנו פוליויקס,IL,סנו פוליויקס גרניט פ,ליטרים,0.00,ליטר,false,1,23.90,23.90,true,1,
7290013269751,false,מטליות לחותריצפז פרש לניקוי ריצפה בניחות מלון בוטיק 10 יח' סנו,טרופיקל דגיל תעשיות,IL,מט.לחות לרצפה סנו רי,Unknown,0.00,Unknown,false,1,10.50,10.50,true,1,
7290013276124,false,"בקבוק בירה נגב אמבר אייל 330 מ""ל",הכרם משקאות חריפים בעמ,IL,בירה נגב אמבר אייל 3,מיליליטרים,330.00,"100 מ""ל",false,1,16.90,5.12,true,1,
7290013310378,false,כפפות ניטריל S כחולות ללא אבקה 80 יח' EASY TOUCH,איזי טאץ' Easy touch,TH,כפפות ניטרל S כחולות,יחידה,1.00,יחידה,false,1,26.90,26.90,true,1,
7290013310392,false,כפפות ניטריל L כחולות ללא אבקה 80 יח' EASY TOUCH,איזי טאץ' Easy touch,TH,כפפות ניטרל L כחולות,יחידה,1.00,יחידה,false,1,26.90,26.90,true,1,
7290013310408,false,כפפות ניטריל XL כחולות ללא אבקה 80 יח' EASY TOUCH,איזי טאץ' Easy touch,TH,כפפות ניטרל XL כחולו,יחידה,1.00,יחידה,false,1,27.90,27.90,true,1,
7290013358370,false,פנקו פירורי לחם מאסטר שף בטעם שום 300 גרם,"מיוצר ע""י מנה י.א בע",IL,פירורי לחם פנקו מוזה,גרמים,300.00,100 גרם,false,1,9.80,3.27,true,1,
7290013358417,false,מאסטר שף אסייאתי רוטב טריאקי 300 מל כשלפ,קריניציה ויטמינה אס,TH,מנה אסייאתי רוטב טרי,מיליליטרים,300.00,"100 מ""ל",false,1,13.40,4.47,true,1,
7290013358509,false,"מיקסלט גרעינים, קטניות ואגוזים",בטר אנד דיפרנט,IL,מאסטר שף מיקסלט 200,גרמים,200.00,100 גרם,false,1,18.70,9.35,true,1,
7290013358516,false,"מיקסלט חמוציות, גרעינים, קטניות ואגוזים",המאפיה של הרמן,IL,מאסטר שף מיקסלט עם ח,גרמים,200.00,100 גרם,false,1,18.70,9.35,true,1,
7290013358523,false,מאסטר שף שבבי בצל מטוגן 150 גרם,קריניציה ויטמינה אס,NL,מאסטר שף שבבי בצל מט,גרמים,150.00,100 גרם,false,1,14.90,9.93,true,1,
7290013358578,false,מנה אסייאתי אטריות אורז רחבות 400 ג מ.שף,ליינג טונג רייספלוור,TH,מנה אסייאתי אטריות א,גרמים,400.00,100 גרם,false,1,9.90,2.48,true,1,
7290013358585,false,מנה אסייאתי נודלס ביצים להקפצה 400 מ.שף,הנסיך- מפעל לייצור ט,CN,מנה אסייאתי נודלס בי,גרמים,400.00,100 גרם,false,1,9.90,2.48,true,1,
7290013366634,false,כרמל יבולים חסה סלנו,שמיניית מעדן חלב שוק,IL,חסה ראשים 200 גר,גרמים,200.00,100 גרם,false,1,11.90,5.95,true,1,
7290013366689,false,חסה לאליק,כרמלים,IL,חסה לליק,Unknown,0.00,Unknown,false,1,14.90,14.90,true,1,
7290013381088,false,עמבה הודית נאמן 500 גר',נאמן,IL,עמבה הודית 500 גרם,גרמים,500.00,100 גרם,false,1,9.90,1.98,true,1,
7290013381699,false,קקאו טופ מותגים 500 גרם,נאמן לאורך זמן,,קקאו טופ מותגים 500,גרמים,500.00,100 גרם,false,1,26.50,5.30,true,1,
7290013389114,false,ניוקי תפוח אדמה לה פסטה 500 גרם,לה פסטה La' Pasta,,"ניוקי תפו""א 500 גרם",גרמים,500.00,100 גרם,false,1,9.30,1.86,true,1,
7290013389145,false,"ניוקי 500 ג' ""לה פסטה"" מיני 500 גר' 12X",לה פסטה La' Pasta,,מיני ניוקי 500 גרם,גרמים,500.00,100 גרם,false,1,12.70,2.54,true,1,
7290013433084,false,גרנולה פירות 46% 300 גרם,אפקט טבעי,IL,גרנולה פירות 46% 300,גרמים,300.00,100 גרם,false,1,18.90,6.30,true,1,
7290013433107,false,גרנולה חלבה תמר 43% 300 גרם,אפקט טבעי,IL,גרנולה חלבה תמר 43%,גרמים,300.00,100 גרם,false,1,18.90,6.30,true,1,
7290013433114,false,חמאת קוקוס טבעית 300 גרם,,IL,חמאת קוקוס טבעית 300,גרמים,300.00,100 גרם,false,1,29.90,9.97,true,1,
7290013433329,false,גרנולה קפה שקוף שזה טבעי 300 ג,אפקטבעי,IL,גרנולה קפה שקוף שזה,גרמים,300.00,100 גרם,false,1,18.90,6.30,true,1,
7290013433367,false,"קרם קוקוס 20-22% אורגני 330 מ""ל",BETRIMEX,VN,קרם קוקוס 20-22% אור,מיליליטרים,330.00,"100 מ""ל",false,1,12.90,3.91,true,1,
7290013440648,false,מאגדת שלגוני אבטיח נסטלה 5 יחידות,גלידות נסטלה )נגה גלידות,IL,מאגדרת אבטיח 5 יח,גרמים,540.00,100 גרם,false,1,28.50,5.28,true,1,
7290013451927,false,פריכיות כוסמת ללא תוספת מלח,זן - בר,IL,פריכיות כוסמת טבעי 1,גרמים,175.00,100 גרם,false,1,11.40,6.51,true,1,
7290013453075,false,"עוגיות שיבולת שועל טחינה וסילאן לל""ס 270 ג",דני וגלית בעמ,IL,עוגיות שיבולת שועל ט,גרמים,270.00,100 גרם,false,1,25.90,9.59,true,1,
7290013453082,false,עוגיות כוסמין ושוקולד ציפס 230 גר,,IL,עוגיות כוסמין ושוקול,גרמים,230.00,100 גרם,false,1,27.50,11.96,true,1,
7290013453136,false,עוגיות כוסמין שטרודל תפוחים ללא תוספת סוכר טבעוני,דני וגלית,IL,עוגיות כוסמין בניחוח,גרמים,230.00,100 גרם,false,1,27.50,11.96,true,1,
7290013453143,false,עוגיות טחינה ואגוזי לוז ללא ת.סוכר 270 ג,האי נאם סי או אל.טי.,IL,עוגיות טחינה ואגוזי,גרמים,270.00,100 גרם,false,1,25.90,9.59,true,1,
7290013453587,false,עוגיות גרנולה ושוקולדציפס טבעוני 230 גר,"דני וגלית בע""מ",IL,עוגיות גרנולה ושוקול,גרמים,230.00,100 גרם,false,1,25.90,11.26,true,1,
7290013453648,false,דני וגלית עוגיות פירות יער מקמח שקדים וקמח אורז מלא 230 גרם,"דני וגלית בע""מ",IL,עוגיות פירות יער,גרמים,230.00,100 גרם,false,1,29.50,12.83,true,1,
7290013453693,false,"עוגיות גרידת לימון וקשיו לל""ג 230 גרם",דני וגלית,IL,עוגיות גרידת לימון ו,גרמים,230.00,100 גרם,false,1,29.50,12.83,true,1,
7290013456281,false,"ערק מאלכי קלאסי 700 מ""ל",,,ערק מאלכי קלאסי 700,מיליליטרים,700.00,"100 מ""ל",false,1,59.90,8.56,true,1,
7290013464248,false,"סופהרב - מגנזיום ציטראט+ויטמין B6 בד""ץ 60 טבליות",אמברוזיה,IL,מגנזיום ציטראט+ B6 ב,Unknown,0.00,Unknown,false,1,49.90,49.90,true,1,
7290013464279,false,נוירו גארד 60 טבליות,LTD .AMBROZIA,IL,נוירו גארד 72 כ,Unknown,0.00,Unknown,false,1,149.90,149.90,true,1,
7290013472199,false,ערמונים קלופים וקלויים 105 גרם,בייג'גג פוינונג,CN,ערמונים קלופים וקלוי,גרמים,105.00,100 גרם,false,1,5.80,5.52,true,1,
7290013492005,false,אמא אדמה תפוח אדמה למיקרו 700 גר',שרווין ווליאמס,IL,תפוחוני אדמה למיקרו,גרמים,700.00,100 גרם,false,1,9.90,1.41,true,1,
7290013493026,false,בירה בזלת חיטה 750 מל,יקב רמת הגולן,IL,בירה בזלת חיטה 750 מ,מיליליטרים,750.00,"100 מ""ל",false,1,29.90,3.99,true,1,
7290013493040,false,בירה בזלת דאבל בוק 750 מל,יקב רמת הגולן,IL,בירה בזלת דאבל בוק 7,מיליליטרים,750.00,"100 מ""ל",false,1,29.90,3.99,true,1,
7290013521217,false,"פנה אורז מלא לל""ג אורגני 250 גרם",השדה מוצרים טבעיים ו,,"פנה אורז מלא לל""ג או",גרמים,250.00,100 גרם,false,1,13.90,5.56,true,1,
7290013521224,false,ספגטי כוסמת אורגני 250 גרם ללא גלוטן,השדה מוצרים טבעיים ו,IT,"ספגטי כוסמת לל""ג אור",גרמים,250.00,100 גרם,false,1,13.90,5.56,true,1,
7290013521491,false,קטשופ אורגני 567 גרם ללא גלוטן,השדה מוצרים טבעיים ו,US,קטשופ אורגני 567 גר,גרמים,567.00,100 גרם,false,1,19.80,3.49,true,1,
7290013521576,false,כרוב כבוש אורגני 680 גר,,,כרוב כבוש אורגני 680,גרמים,680.00,100 גרם,false,1,21.50,3.16,true,1,
7290013531117,false,רוטב פסטה לילדים 240 גרם יכין,"זנלכל בע""\מ",IL,רוטב לפסטה קידס 260,מיליליטרים,260.00,"100 מ""ל",false,1,6.50,2.50,true,1,
7290013531377,false,תורמוס A2 יכין בית יוסף,היינץ צפון אמריקה מק,IL,תורמוס יכין 560 גרם,גרמים,560.00,100 גרם,false,1,9.90,1.77,true,1,
7290013531490,false,שעועית לבנה אפויה יכין,זנלכל,IL,פול מתובל יכין 560 ג,גרמים,560.00,100 גרם,false,1,9.90,1.77,true,1,
7290013531582,false,מארז זיתים ירוקים מגולענים יכין 200 גרם,פרופר,IL,שלישיית זיתים חרוזית,גרמים,600.00,100 גרם,false,1,15.90,2.65,true,1,
7290013539892,false,אל סבון נוזלי משאבה תה ירוק סטייל 1 ל',סטייל Style,TR,אל סבון נוזלי משאבה,מיליליטרים,1000.00,"100 מ""ל",false,1,14.50,1.45,true,1,
7290013542168,false,כוסות נייר OZ 10 אר 50 דנטס,,CN,כוס נייר גדולה לשתי,Unknown,1.00,Unknown,false,1,18.70,18.70,true,1,
7290013542342,false,נייר אפייה ביתי אר 5,,FR,נייר אפיה ביתי 50 י,Unknown,1.00,Unknown,false,1,8.30,8.30,true,1,
7290013542441,false,שיפוד במבוק רחב 35 י,,CN,שיפוד רחב במבוק,Unknown,0.00,Unknown,false,1,5.90,5.90,true,1,
7290013542533,false,כוס נייר גדולה לשתיה,,CN,כוס נייר גדולה לשתיה,Unknown,1.00,Unknown,false,1,24.90,24.90,true,1,
7290013542847,false,כוס בירה 500 מל ארוז,,TR,כוס בירה 500 מל ארוז,Unknown,1.00,Unknown,false,1,22.90,22.90,true,1,
7290013571045,false,כמוסות שמן זרעי מרוו,,,כמוסות שמן זרעי מרוו,Unknown,0.00,Unknown,false,1,139.90,139.90,true,1,
7290013571106,false,ולריאן 60 כמוסות,,,ולריאן 60 כמוסות,Unknown,0.00,Unknown,false,1,69.90,69.90,true,1,
7290013571625,false,סי 1000 לא חומצי,,,סי 1000 לא חומצי,Unknown,0.00,Unknown,false,1,89.90,89.90,true,1,
7290013579232,false,אוכמניות כחולות קפואות 250 גרם - Shake It,"הבו-קדו בע""\מn\",IL,אוכמניות כחולות Shak,גרמים,250.00,100 גרם,false,1,11.40,4.56,true,1,
7290013580009,false,המבורגר זהב 400 גרם הקצביה בלדי,בלדי,IL,המבורגר זהב 400 גרם,גרמים,400.00,100 גרם,false,1,21.90,5.48,true,1,
7290013581648,false,אל מטאדור מינוט סטייק 250 גרם בלדי,בלדי,IL,מינוט סטייק 250 גרם,Unknown,0.00,Unknown,false,1,25.90,25.90,true,1,
7290013585233,false,"ספרייט ZERO פחית סליק 330 מ""ל",החברה המרכזית לייצור משקאות,IL,ספרייט ZERO פחית סלי,מיליליטרים,330.00,"100 מ""ל",false,1,5.40,1.64,true,1,
7290013585394,false,קוקה קולה 1ליטר בודד,החברה המרכזית לייצור משקאות,IL,קוקה קולה 1 ליטר,מיליליטרים,1000.00,"100 מ""ל",false,1,7.20,0.72,true,1,
7290013608260,false,מיץ רימונים 100%מיץ סחוט טרי מצונן 1ליט,"גניר (1992) בע""מ",IL,מיץ רימונים 100% סחו,מיליליטרים,1000.00,"100 מ""ל",false,1,24.10,2.41,true,1,
7290013621023,false,פלורדיקס זוגות 500 מל,,,פלורדיקס זוגות 500 מ,Unknown,0.00,Unknown,false,1,174.90,174.90,true,1,
7290013645074,false,לחם לבן שרהלה 500 גר,,,לחם לבן שרהלה 500 גר,גרמים,500.00,100 גרם,false,1,21.90,4.38,true,1,
7290013645104,false,פיתותללא גלוטן 500 גרם,מוצרי הכט,IL,פיתותללא גלוטן 500 ג,גרמים,500.00,100 גרם,false,1,18.90,3.78,true,1,
7290013645272,false,עוגיות נשיקות ללא גל,מוצרי הכט,IL,עוגיות נשיקות ללא גל,גרמים,75.00,100 גרם,false,1,20.50,27.33,true,1,
7290013650153,false,"תמצית וניל טהורה 50 מ""ל",Global Gourmet Produ,US,תמצית וניל טהורה 50,מיליליטרים,1.00,"100 מ""ל",false,1,62.90,6290.00,true,1,
7290013650313,false,"שמן שומשום 250 מ""ל",גידוורד אינטרנשיונל,US,"שמן שומשום 250 מ""ל",מיליליטרים,250.00,"100 מ""ל",false,1,29.90,11.96,true,1,
7290013650481,false,"שמן פשתן 250 מ""ל",,US,"שמן פשתן 250 מ""ל",מיליליטרים,250.00,"100 מ""ל",false,1,29.90,11.96,true,1,
7290013654793,false,חלבון אפונה 600 גר ו,,,חלבון אפונה 600 גר ו,Unknown,0.00,Unknown,false,1,119.90,119.90,true,1,
7290013671240,false,דאודורנט טבעי לאישה,,,דאודורנט טבעי לאישה,Unknown,0.00,Unknown,false,1,26.90,26.90,true,1,
7290013675545,false,"שניצל כלי תחבורה ""מאמא עוף"" 700 גרם",תנובה גליל שותפות מוגבלת,IL,שניצל כלי תחבורה 700,גרמים,700.00,100 גרם,false,1,34.90,4.99,true,1,
7290013713025,false,"בירה ג'מס פילס בקבוק 330 מ""ל","אביר הבר בע""מ",IL,"בירה פילס 330 מ""ל ג",מיליליטרים,330.00,"100 מ""ל",false,1,12.90,3.91,true,1,
7290013720313,false,סורימי שרימפס 200 גר,,,סורימי שרימפס 200 גר,גרמים,200.00,100 גרם,false,1,9.40,4.70,true,1,
7290013720436,false,קרפלך בטעם ביתי קפוא 600 גר,,,קרפלך בטעם ביתי קפוא,גרמים,600.00,100 גרם,false,1,21.90,3.65,true,1,
7290013720498,false,פיין שרימפס מבושל 750 גר M,,,פיין שרימפס מבושל,גרמים,750.00,100 גרם,false,1,66.90,8.92,true,1,
7290013720818,false,קלמרי 1 קג קפוא,,,קלמרי 1 קג קפוא,קילוגרמים,0.00,"ק""ג",false,1,89.90,89.90,true,1,
7290013720924,false,ממרח פטה אווז 140 גר,,,ממרח פטה אווז 140 גר,גרמים,140.00,100 גרם,false,1,14.90,10.64,true,1,
7290013724946,false,שקדים בשוקולד מריר 140 גר שקדיה,"דין שיווק וקלייה בע""",IL,שקדים בשוקולד מריר 1,גרמים,140.00,100 גרם,false,1,12.40,8.86,true,1,
7290013724953,false,חמוציות בשוקולד חלב שקדיה 140 גרם,"דין שיווק וקלייה בע""",IL,חמוציות בשוקולד חלב,גרמים,140.00,100 גרם,false,1,12.40,8.86,true,1,
7290013724991,false,אגוזי לוז בציפוי שוקולד בקופסא שקדיה 140 גרם,"דין שיווק וקלייה בע""",IL,אגוזי לוז בשוקולד חל,גרמים,140.00,100 גרם,false,1,12.40,8.86,true,1,
7290013729743,false,סבון רחצה צמחי פאפאי,,,סבון רחצה צמחי פאפאי,מיליליטרים,500.00,"100 מ""ל",false,1,28.90,5.78,true,1,
7290013746306,false,"כעכים מקמח מלא ללת""ס 300 גרם",,IL,"כעכים מקמח מלא ללת""ס",גרמים,300.00,100 גרם,false,1,31.50,10.50,true,1,
7290013746535,false,"קרקר כוסמין ללת""ס 200 גרם",,,"קרקר כוסמין ללת""ס 20",גרמים,200.00,100 גרם,false,1,26.90,13.45,true,1,
7290013746580,false,שבלול תמר ללתס טבעוני300,"דגן מיני מזונות בע""\מ",IL,שבלולי תמרים מקמח מל,גרמים,300.00,100 גרם,false,1,33.90,11.30,true,1,
7290013746597,false,מעמול תמרים מכוסמין,,,300 עוגיות מעמול תמר,גרמים,300.00,100 גרם,false,1,35.90,11.97,true,1,
7290013756817,false,רוטס HR לגבר 120כמוסות,אלטמן,DE,רוטס לגבר (120) אלטמ,Unknown,0.00,Unknown,false,1,234.90,234.90,true,1,
7290013764027,false,אוק אנד אש - סיידר תפוחים יבש,,BE,סיידר תפוחים יבש 330,מיליליטרים,330.00,"100 מ""ל",false,1,13.90,4.21,true,1,
7290013847454,false,טונה סטארקיסט שמן קנולה רביעיות 4*160 גר,"טונה ויאטנם קו,. אל.טי.ד",VN,טונה סטארקיסט שמן קנ,גרמים,640.00,100 גרם,false,1,23.90,3.73,true,1,
7290013847553,false,נתחי טונה בהירה במים דל נתרן - מארז רביעיה,"סטארקיסט פודור בע""מ",TH,סטארקיסט טונה 4*160,גרמים,640.00,100 גרם,false,1,23.90,3.73,true,1,
7290013847812,false,נתחי טונה בהירה בשמן זית כתית מעולה Yellowfin,סטארקיסט Starkist,IL,טונה ילופין בשמן זית,גרמים,140.00,100 גרם,false,1,11.50,8.21,true,1,
7290013847867,false,מארז זוג טונה בשמן סויה 140 ג' סטארקיסט,"סטארקיסט פודור בע""מ",IL,טונה סטארקיסט בשמן ס,גרמים,280.00,100 גרם,false,1,13.90,4.96,true,1,
7290013848345,false,מארז מטליות לחיטוי וניקוי יסודי אנטיבקטריאלי 99.9%,סנו מפעלי ברונוס בעמ,IL,שלישיית מטליות לחות,Unknown,0.00,Unknown,false,1,19.90,19.90,true,1,
7290013848611,false,רדיד אלומיניום עבה וחזק 61 מטר,סנו סושי,IL,סנו סושי רדיד אלומינ,מטרים,61.00,מטר,false,1,46.50,0.76,true,1,
7290013848758,false,מקסימה גל כביסה מרוכז בייבי 3ליטר סנסטיב,"סנו מפעלי ברונוס בע""\מ",IL,סנו מקסימה גל כביסה,ליטרים,0.00,ליטר,false,1,34.90,34.90,true,1,
7290013883407,false,"דזיטול מרסס לחיטוי כללי יעקבי 750 מ""ל",יעקבי - דזיטול Desytol,ES,מרסס דזיטול מחטא ומש,Unknown,0.00,Unknown,false,1,19.80,19.80,true,1,
7290013903051,false,רסק תפוחי עץ וקינמון אורגני 452 גרם,,,רסק תפוחי עץ וקינמו,גרמים,452.00,100 גרם,false,1,16.90,3.74,true,1,
7290013903310,false,ליב טופו אורגני 500 גרם,,IL,טופו אורגני 2 יח 500,גרמים,500.00,100 גרם,false,1,18.90,3.78,true,1,
7290013903464,false,פולי סויה קלופים מוקפאים אורגני 500 גרם,זהג'יאנג קינגסור,CN,פולי סויה קלופים מוק,גרמים,500.00,100 גרם,false,1,15.60,3.12,true,1,
7290013903549,false,טופו במרקם רך טבעי ליב 300 גר,ג'נרל מילס סאן אדריא,IL,טופו במרקם רך טבעי ל,גרמים,300.00,100 גרם,false,1,10.90,3.63,true,1,
7290013903822,false,קציצות כרובית וברוקולי טבעוני 400 גרם,,IL,קציצות כרובית וברוקו,גרמים,400.00,100 גרם,false,1,26.50,6.63,true,1,
7290013903839,false,קציצות עדשים וירקות טבעוני 400 גרם,,IL,קציצות עדשים וירקות,גרמים,400.00,100 גרם,false,1,26.50,6.63,true,1,
7290013906052,false,נקניקיות פרגיות טירת צבי 300 גרם,הנסיך- מפעל לייצור ט,IL,נקניקיות פרגיות,גרמים,300.00,100 גרם,false,1,12.90,4.30,true,1,
7290013906205,false,פסטרמה עם שום וצילי טירת צבי 400 ג',הנסיך- מפעל לייצור ט,IL,פסטרמה שום וצילי,גרמים,400.00,100 גרם,false,1,28.90,7.23,true,1,
7290013906212,false,"נקנקיות וינר טירת 1 ק""ג טירת צבי",הנסיך- מפעל לייצור ט,IL,טירת צבי נקניקיות וי,קילוגרמים,0.00,"ק""ג",false,1,24.90,24.90,true,1,
7290013906441,false,קבנוס טירת צבי 120 גרם,הנסיך- מפעל לייצור ט,IL,קבנוס טירת צבי 120 ג,גרמים,120.00,100 גרם,false,1,9.90,8.25,true,1,
7290013906458,false,קבנוס בטעם פיקנטי טירת צבי 120 גרם,הנסיך- מפעל לייצור ט,IL,קבנוס בטעם פיקנטי טי,גרמים,120.00,100 גרם,false,1,10.90,9.08,true,1,
7290013906489,false,חטיפי מיני קבנוס טירת צבי 120 גרם,הנסיך- מפעל לייצור ט,IL,חטיפי קבנוס טירת צבי,גרמים,120.00,100 גרם,false,1,10.90,9.08,true,1,
7290013906496,false,פסטרמה עגל בסגנון רומני טירת צבי 120 גר,הנסיך- מפעל לייצור ט,IL,פסטרמה עגל בסגנון רו,גרמים,120.00,100 גרם,false,1,18.80,15.67,true,1,
7290013906519,false,פרושוטו בקר טירת צבי 100 גרם,הנסיך- מפעל לייצור ט,IL,פרושוטו בקר טירת צבי,גרמים,100.00,100 גרם,false,1,34.50,34.50,true,1,
7290013906687,false,פסט' צמד כפרית ברביקיו ודבש 300X2ג' טירת צבי,הנסיך- מפעל לייצור ט,IL,צמד כפרית ברבקיו,גרמים,600.00,100 גרם,false,1,29.90,4.98,true,1,
7290013913852,false,נוזל כלים ידידותי לסביבה 1 ליטר - לימון,,,נוזל כלים ידידותי לס,מיליליטרים,1000.00,"100 מ""ל",false,1,15.90,1.59,true,1,
7290013913869,false,נוזל כביסה ידידותי לסביבה- 4 ליטר,,,נוזל כביסה ידידותי ל,ליטרים,0.00,ליטר,false,1,52.50,52.50,true,1,
7290013913890,false,נוזל רב תכליתי ידידותי סביבה 1 ליטר תפוז,,,נוזל רב תכליתי ידידו,מיליליטרים,1000.00,"100 מ""ל",false,1,19.90,1.99,true,1,
7290013994042,false,זרעי פשתן אורגניים הרדוף 300 גרם,אול אורגני,IL,זרעי פשתן אורגני 300,גרמים,300.00,100 גרם,false,1,9.90,3.30,true,1,
7290013994066,false,ספלטפלקס אורגני פתיתי כוסמין 375 גר,הרדוף,IT,ספלטפלקס אורגני פתית,גרמים,375.00,100 גרם,false,1,24.50,6.53,true,1,
7290013994448,false,הרדוף אמרנט אורגני 500 גרם,,,הרדוף אמרנט אורגני,גרמים,500.00,100 גרם,false,1,18.90,3.78,true,1,
7290013994547,false,אורז בסמטי חום אורגני 500 גר,אול אורגני,IL,אורז בסמטי חום,גרמים,500.00,100 גרם,false,1,12.90,2.58,true,1,
7290013994943,false,קוסקוס אורגני אורגני,הרדוף,,קוסקוס אורגני 350 גר,גרמים,350.00,100 גרם,false,1,9.90,2.83,true,1,
7290014002135,false,תה ירוק מיקס 5 טעמים ויסוצקי 25 יחידות,תה ויסוצקי,IL,תה ירוק ויסוצקי מיקס,Unknown,0.00,Unknown,false,1,24.90,24.90,true,1,
7290014002203,false,חליטת לימונית ולואיזה הגן הקסום ויסוצקי 25 יחידות,תה ויסוצקי,IL,חליטת קמומיל ולואיזה,Unknown,0.00,Unknown,false,1,18.90,18.90,true,1,
7290014010130,false,פלסטרים לטיפול חזק ביבלות,LIFE OF TRI,IL,יבלת פלוס,Unknown,0.00,Unknown,false,1,30.00,30.00,true,1,
7290014056008,false,"בירה שפירא פייל אייל 330 מ""ל",שפירא,IL,בירה שפירא פייל אייל,מיליליטרים,330.00,"100 מ""ל",false,1,15.90,4.82,true,1,
7290014056015,false,"בירה שפירא סטאוט 330 מ""ל",,IL,בירה שפירא סטאוט 330,מיליליטרים,330.00,"100 מ""ל",false,1,15.90,4.82,true,1,
7290014059085,false,"משחת שיניים סנסודיין 75 מ""ל פרימיום לשיקום והגנה","סמית קליין ביצ'ם בע""",GB,משחת שיניים סנסודיין,Unknown,0.00,Unknown,false,1,28.50,28.50,true,1,
7290014059436,false,"משחת שיניים סנסודיין 75 מ""ל פרימיום לשיקום והגנה מלבינה 75 מ""ל","סמית קליין ביצ'ם בע""",GB,סנסודיין משחת שיניים,Unknown,0.00,Unknown,false,1,28.50,28.50,true,1,
7290014066359,false,לנדוור-קפסולות אספרסו בלנסד(06) - 10יח'12X יח,"קפה לנדוור בע""\מ",IL,לנדוור קפסולות אספרס,Unknown,0.00,Unknown,false,1,18.70,18.70,true,1,
7290014066366,false,לנדוור-קפסולות אספרסו ריסטרטו(08) - 10יח'12X יח,קפה לנדוור,IL,לנדוור קפסולות אספרס,Unknown,0.00,Unknown,false,1,18.70,18.70,true,1,
7290014066373,false,לנדוור-קפסולות אספרסו קלאסיק(09) - 10יח'12X יח,קפה לנדוור,IL,לנדוור קפסולות אספרס,Unknown,0.00,Unknown,false,1,18.70,18.70,true,1,
7290014066441,false,לנדוור-קפסולות אספרסו נטול קפאין(07) - 10יח'12X יח,קפה לנדוור,IL,לנדוור קפסולות אספרס,Unknown,0.00,Unknown,false,1,18.70,18.70,true,1,
7290014079014,false,לבבות קיסר ארוז נספק,"מרינה פטריות הגליל בע""מ",IL,לבבות קיסר,Unknown,0.00,Unknown,false,1,11.90,11.90,true,1,
7290014079236,false,פטריות פורטובלה צעירות מרינה,מרינה פטריות הגליל,IL,פטריות פורטבלו,Unknown,0.00,Unknown,false,1,14.90,14.90,true,1,
7290014083479,false,גבינה פרוסה גאודה 27% שומן EURO CHEESE ויליפוד 150 גרם,ג.וילי פוד אינטרנשיו,IL,גבינה גאודה 27% 150,גרמים,150.00,100 גרם,false,1,9.90,6.60,true,1,
7290014083806,false,עוגיות בטעם חמאה 350 גרם בפח,וילי פוד,PT,עוגיות בטעם חמאה 350,גרמים,350.00,100 גרם,false,1,14.90,4.26,true,1,
7290014094338,false,דלעת מקולפת 250 גרם בקופסא,"דין שיווק וקלייה בע""",,דלעת מקולפת 250 גר,גרמים,250.00,100 גרם,false,1,23.90,9.56,true,1,
7290014094345,false,גרעיני חמניה קלופים ששון הקולה בקופסא 200 גרם,"דין שיווק וקלייה בע""",US,חמניה מקולפת 300 גר,גרמים,300.00,100 גרם,false,1,12.30,4.10,true,1,
7290014094352,false,אגוזי מלך 200 גרם בקופסא,"שקדיה גבע תעשיות בע""",,אגוזי מלך 200 גר,גרמים,200.00,100 גרם,false,1,15.40,7.70,true,1,
7290014094369,false,שקד טבעי 200 גר קופסא ששון הקולה,"דין שיווק וקלייה בע""",IL,שקד טבעי 200 גר קופ,גרמים,200.00,100 גרם,false,1,23.90,11.95,true,1,
7290014094529,false,"רוטב סויה 300 מ""ל אהרוני",הלתי פוד פרודקט,IL,"רוטב סויה 300 מ""ל אה",מיליליטרים,300.00,"100 מ""ל",false,1,11.90,3.97,true,1,
7290014094543,false,"תרסיס שמן קנולה שקדיה 186 מ""ל",שקדיה,TR,תרסיס שמן קנולה 170,מיליליטרים,170.00,"100 מ""ל",false,1,12.40,7.29,true,1,
7290014094895,false,אגוזים קלופים בשקית ששון הקולה 150 גרם,"שקדיה גבע תעשיות בע""",IL,אגוזים מלך קלופים 15,גרמים,150.00,100 גרם,false,1,11.50,7.67,true,1,
7290014095861,false,שיבולת שועל דקה בשקית שקדיה 500 גרם,"דין שיווק וקלייה בע""",IL,שיבולת שועל דקה 500,גרמים,500.00,100 גרם,false,1,6.50,1.30,true,1,
7290014126343,false,בישוקטים בונומי וניל קקאו קקאו 200 גרם,דנשר,IT,ביסקוטים בונומי וניל,גרמים,200.00,100 גרם,false,1,7.50,3.75,true,1,
7290014229945,false,קולפן Y נירוסטה להב משונן בבליסטר קארד,,,קולפן Y נירוסטה להב,Unknown,0.00,Unknown,false,1,19.90,19.90,true,1,
7290014233317,false,‏ג‏‏ל‏ ‏אלוורה‏ ‏ואובליפחה‏ ‏200‏ מל,,,‏ג‏‏ל‏ ‏אלוורה‏ ‏ואו,Unknown,0.00,Unknown,false,1,29.90,29.90,true,1,
7290014233492,false,מורינגה קומפלקס פלוס 120 כמוסות,TEVA SENSI,IL,מורינגה קומפלקס פלוס,Unknown,0.00,Unknown,false,1,99.90,99.90,true,1,
7290014318250,false,"פולנטה איטלקית קלאסית 1 ק""ג",,,פולנטה איטלקית קלאסי,גרמים,1000.00,100 גרם,false,1,14.90,1.49,true,1,
7290014318885,false,"מיץ תפוחים ואוכמניות בחולות אורגני 750 מ""ל",,IT,מיץ תפוח ואוכמניות כ,מיליליטרים,750.00,"100 מ""ל",false,1,21.90,2.92,true,1,
7290014318892,false,"מיץ סלק אורגני 946 מ""ל",,TR,מיץ סלק אורגני 946 מ,מיליליטרים,946.00,"100 מ""ל",false,1,22.90,2.42,true,1,
7290014397279,false,שקיות מזון גדולות XL סנו סושי 300 יחידות,"אשפלסט תעשיות בע""מ",CN,סנו סושי שקיות מזון,Unknown,0.00,Unknown,false,1,13.40,13.40,true,1,
7290014397781,false,ריצפז סנן פרש הום סבון מפנק 2 ליטר,סנו פרש Fresh,IL,סנו ריצפז פרש הום סב,ליטרים,0.00,ליטר,false,1,19.90,19.90,true,1,
7290014435704,false,סלמון מעושן שמיר 100 גרם,שבעת הימים - שמיר,IL,סלמון מעושן 100 גר,גרמים,100.00,100 גרם,false,1,24.90,24.90,true,1,
7290014435803,false,פילה מטיאס הולנדי פרובנציאל שמיר 200 גרם,שבעת הימים - שמיר,IL,מטיאס הולנדי עם בצל,גרמים,200.00,100 גרם,false,1,20.80,10.40,true,1,
7290014435834,false,מקרל מעושן פרוס בשמן שמיר 180 גרם,שבעת הימים - שמיר,IL,מקרל מעושן פרוס בשמן,גרמים,190.00,100 גרם,false,1,27.50,14.47,true,1,
7290014435872,false,סלט הרינג עם מיונז שמיר 200 גרם,שבעת הימים - שמיר,IL,סלט הרינג עם מיונז 2,גרמים,200.00,100 גרם,false,1,20.80,10.40,true,1,
7290014435889,false,סלט מטיאס עם מיונז שמיר 200 גרם,שבעת הימים - שמיר,IL,סלט מטיאס עם מיונז 2,גרמים,200.00,100 גרם,false,1,20.80,10.40,true,1,
7290014437494,false,פרו פירות סכין צהובה משוננת,,,סכין משוננת 10 סמ צה,Unknown,0.00,Unknown,false,1,12.90,12.90,true,1,
7290014437531,false,סכין חלקה 10 סמ צהוב,,,סכין חלקה 10 סמ צהוב,Unknown,0.00,Unknown,false,1,12.90,12.90,true,1,
7290014440463,false,"יין מדבר שרדונה סדרה 22 750 מ""ל",,IL,יין מדבר שרדונה סדר,מיליליטרים,750.00,"100 מ""ל",false,1,51.90,6.92,true,1,
7290014440487,false,"יקב מדבר סדרה 22 סוביניון 750 מ""ל",,IL,יקב מדבר סדרה 22 סוב,מיליליטרים,750.00,"100 מ""ל",false,1,51.90,6.92,true,1,
7290014440494,false,"יין מדבר רוזה סדרה 22 750 מ""ל",,IL,יין מדבר רוזה סדרה,מיליליטרים,750.00,"100 מ""ל",false,1,51.90,6.92,true,1,
7290014440548,false,"יקב מדבר סדרה 22 קברנה פרנק 750 מ""ל",,IL,יקב מדבר סדרה 22 קבר,מיליליטרים,750.00,"100 מ""ל",false,1,51.90,6.92,true,1,
7290014440814,false,"יין מדבר לבן דרומי 2016 750 מ""ל",,,יין מדבר לבן דרומי,Unknown,0.00,Unknown,false,1,72.90,72.90,true,1,
7290014440883,false,"יין מדבר קברנה סוביניון 2017 750 מ""ל",,,יין מדבר קברנה סובינ,Unknown,0.00,Unknown,false,1,72.90,72.90,true,1,
7290014440890,false,"יין מדבר קברנה מרלו 750 מ""ל",,,יין מדבר קברנה מרלו,Unknown,0.00,Unknown,false,1,72.90,72.90,true,1,
7290014451018,false,ספוג כלים אקולוגי 4 יח GF,גרין-פלאש,CA,ספוג כלים אקולוגי 4,Unknown,0.00,Unknown,false,1,16.90,16.90,true,1,
7290014451025,false,סקוצ קרצוף אקולוגי לניקוי כללי,ספונג'ס,CA,סקוצ קרצוף אקולוגי ל,Unknown,0.00,Unknown,false,1,12.90,12.90,true,1,
7290014451230,false,נייר אפייה טבעי 30 דפים GF,גרין פלאש,IL,נייר אפייה טבעי 30 ד,Unknown,0.00,Unknown,false,1,16.90,16.90,true,1,
7290014451247,false,מטליות מבד במבוק 92 דפים GF,גרין-פלאש,IL,מטליות מבד במבוק 92,Unknown,0.00,Unknown,false,1,19.90,19.90,true,1,
7290014455245,false,גבינה גרנה פדנו משולש גד 200 גר',מחלבת סוציאלה מנטובה,IT,גרנה פדנו משולש 200,גרמים,200.00,100 גרם,false,1,26.00,13.00,true,1,
7290014455252,false,גבינה קשה מגורדת גרנה פדנו 29% שומן,מחלבות גד שיווק 1992,IT,גבינה גרנה פדנו,גרמים,100.00,100 גרם,false,1,12.70,12.70,true,1,
7290014455320,false,גבינה כדורי מוצרלה פרסקה גד 100ג',מחלבות גד בעמ,IL,כדור מוצרלה פרסקה 10,גרמים,100.00,100 גרם,false,1,10.40,10.40,true,1,
7290014459373,false,"צ'יפס קראנצ'י לתנור קפוא תפוגן 1.5ק""ג","תעשיות תפוגן בע""\מ",IL,תפוגן ציפס קראנצי לת,קילוגרמים,0.00,"ק""ג",false,1,26.90,26.90,true,1,
7290014466463,false,"יין הר חרמון מוסקטו 750 מ""ל",יקבי רמת הגולן קצרין,IL,"יין הר מוסקטו 750 מ""",Unknown,0.00,Unknown,false,1,39.90,39.90,true,1,
7290014471412,false,"מוזלי בוטנים אגוזים ושקדים 1 ק""ג - ירוק שקדיה","דין שיווק וקלייה בע""",IL,מוזלי בוטנים אגוז וש,גרמים,1000.00,100 גרם,false,1,22.90,2.29,true,1,
7290014471436,false,"מוזלי צימוקים תפוח קינמון וגרעיני חמניה 1 ק""ג כחול שקדיה","דין שיווק וקלייה בע""",IL,מיזלי צימוקים תפוח/ק,גרמים,1000.00,100 גרם,false,1,22.90,2.29,true,1,
7290014472136,false,גרעיני חמנייה ששון הקולה 150 גרם,"דין שיווק וקלייה בע""",IL,גרעין שחור קלוי 150,גרמים,150.00,100 גרם,false,1,4.80,3.20,true,1,
7290014472471,false,גרעיני חמנייה קלוי ענק ששון הקולה 200 גרם,"דין שיווק וקלייה בע""",IL,גרעיני חמניה קלויים,גרמים,200.00,100 גרם,false,1,6.90,3.45,true,1,
7290014472501,false,פיסטוק קלוי ענק פרימיום ששון הקולה 250 גרם,"דין שיווק וקלייה בע""",IL,פיסטוק קלוי ענק 250,גרמים,250.00,100 גרם,false,1,24.90,9.96,true,1,
7290014472518,false,בוטן קלוי ענק פרימיום ששון הקולה 250 גרם,"דין שיווק וקלייה בע""",IL,בוטן קלוי ענק 250 גר,גרמים,250.00,100 גרם,false,1,12.40,4.96,true,1,
7290014472525,false,תערובת פיצוחים פרימיום ששון הקולה 250 גרם,"דין שיווק וקלייה בע""",IL,תערובת מובחרת 250 גר,גרמים,250.00,100 גרם,false,1,24.90,9.96,true,1,
7290014472990,false,ממרח 100% שקדים שקדיה 300 גרם,ג'\י אנד ג'\י פקאנס בעמ,IL,ממרח 100% שקדים 300,גרמים,300.00,100 גרם,false,1,36.90,12.30,true,1,
7290014525672,false,מרבה על חלל עוגיות קקאו וסוכריות שוקולד חלב 140 גרם,"מרבה בע""\מ",NL,עוגיות סוכריות ש.חלב,גרמים,140.00,100 גרם,false,1,11.40,8.14,true,1,
7290014546424,false,יוביקווינול 50 מג 60 כמו,LTD .AMBROZIA,IL,יוביקווניל,Unknown,0.00,Unknown,false,1,132.90,132.90,true,1,
7290014546677,false,"סופהרב - כורכומין ליקוויד ג'ל 30 כמוסות בד""ץ",LTD .AMBROZIA,IL,כורכומין ליקוויד גל,קילוגרמים,0.00,"ק""ג",false,1,116.90,116.90,true,1,
7290014547322,false,סנסודין זוג מברשות שיניים שיקום כחול+תכל,סנסודיין,CN,זוג מברשות סנסודיין,Unknown,0.00,Unknown,false,1,36.90,36.90,true,1,
7290014547353,false,סנסודין זוג מברשות שיניים דואלקר ירוק+יר,"L Co., Industrial Shummi",CN,זוג מברשות סנסודיין,Unknown,0.00,Unknown,false,1,24.90,24.90,true,1,
7290014587120,false,פתיתי קוקוס אורגני ק,,,פתיתי קוקוס אורגני ק,מיליליטרים,200.00,"100 מ""ל",false,1,19.90,9.95,true,1,
7290014587717,false,איזי דיי כמוסות,,,איזי דיי כמוסות,Unknown,0.00,Unknown,false,1,69.90,69.90,true,1,
7290014608030,false,סמבוכל פלוס- סמבוק שחור בתוספת ויטמין C,פארמה גורי,FR,סמבוכול גארד פורטה 1,Unknown,0.00,Unknown,false,1,59.90,59.90,true,1,
7290014608047,false,סמבוכל תמצית קיד- מתמצית פרי סמבוק שחור,פארמה גורי,FR,סמבוכול קיד 120 מ`ל,Unknown,0.00,Unknown,false,1,59.90,59.90,true,1,
7290014608511,false,"מארז רסקיו 20 מ""ל + ספריי לילה 20 מ""ל",,,"מארז רסקיו 20 מ""ל +",מיליליטרים,40.00,"100 מ""ל",false,1,99.90,249.75,true,1,
7290014628915,false,בלונדיס ראו 125 גרם,,,בלונדיס ראו 125 גרם,גרמים,125.00,100 גרם,false,1,26.90,21.52,true,1,
7290014628922,false,בראוניס ראו 125 גרם,,,בראוניס ראו 125 גרם,גרמים,125.00,100 גרם,false,1,26.90,21.52,true,1,
7290014628939,false,קקאו קרמל קראנצ 125 גרם,,,קקאו קרמל קראנצ 125,גרמים,125.00,100 גרם,false,1,29.90,23.92,true,1,
7290014628946,false,מעדן גוגי ראו 125 גרם,,,מעדן גוגי ראו 125 גר,גרמים,125.00,100 גרם,false,1,26.90,21.52,true,1,
7290014634046,false,ריבת רוסמן לייט אוכמניות 500 גרם,הדרום תעשיות מזון בע,IL,ריבת רוסמן לייט אוכמ,גרמים,500.00,100 גרם,false,1,27.90,5.58,true,1,
7290014634053,false,ריבת רוסמן לייט דובדבן 500 גרם,,,ריבת רוסמן לייט דובד,גרמים,500.00,100 גרם,false,1,27.90,5.58,true,1,
7290014634060,false,ריבת רוסמן לייט פירות 500 גרם,הדרום תעשיות מזון בע,IL,ריבת רוסמן לייט פירו,גרמים,500.00,100 גרם,false,1,27.90,5.58,true,1,
7290014634077,false,ריבת רוסמן לייט תות שדה 500 גרם,הדרום תעשיות מזון בע,IL,ריבת רוסמן לייט תות,גרמים,500.00,100 גרם,false,1,27.90,5.58,true,1,
7290014648364,false,פלסטרים פארמה איד 40 יח,,,פלסטרים PHARMA AID ב,יחידה,1.00,יחידה,false,1,7.90,7.90,true,1,
7290014648814,false,מקלוני צמר גפן la belle עץ 300 יח,,,מקלוני צמר גפן LA BE,יחידה,1.00,יחידה,false,1,5.20,5.20,true,1,
7290014673014,false,פלפל אנגלי שלם תבליני מימון 90 גרם,א.ל ייצור ושיווק תבל,IL,פלפל אנגלי שלם 90 גר,Unknown,0.00,Unknown,false,1,16.50,16.50,true,1,
7290014673045,false,תערובת תיבול לצ'יפס מימון 100 גרם,א.ל ייצור ושיווק תבל,IL,תערובת עשבי תיבול לצ,גרמים,100.00,100 גרם,false,1,12.40,12.40,true,1,
7290014673366,false,כורכום טחון תבליני מימון 250 גרם,א.ל ייצור ושיווק תבל,IL,כורכום טחון 250 גרם,גרמים,250.00,100 גרם,false,1,23.90,9.56,true,1,
7290014673397,false,תיבול לגריל עוף תבליני מימון 250 גרם,א.ל ייצור ושיווק תבל,IL,תיבול לגריל עוף 250,גרמים,250.00,100 גרם,false,1,23.90,9.56,true,1,
7290014673403,false,פלפל שחור טחון תבליני מימון 250 גרם,א.ל ייצור ושיווק תבל,IL,פלפל שחור טחון 250 ג,גרמים,250.00,100 גרם,false,1,33.50,13.40,true,1,
7290014673434,false,פלפל שחור גרוס דק שקית תבליני מימון 80גרם,א.ל ייצור ושיווק תבל,,פלפל שחור גרוס 80 גר,Unknown,0.00,Unknown,false,1,9.90,9.90,true,1,
7290014673618,false,תבלינים זנגביל בצנצנת 30 גרם,א.ל ייצור ושיווק תבל,IL,תבלינים זנגביל בצנצנ,Unknown,0.00,Unknown,false,1,12.30,12.30,true,1,
7290014674004,false,קריספ פירורי לחם שומשום ומלח ים 300 גרם מיימונס,א.ל ייצור ושיווק תבל,IL,קריספ מלח ים ושומשום,גרמים,300.00,100 גרם,false,0,7.90,2.63,true,1,
7290014686748,false,מלקחיים מיקי שמו סיליקון,,,מלקחיים 23 סמ סיליקו,Unknown,0.00,Unknown,false,1,34.90,34.90,true,1,
7290014686779,false,כף הגשה מיקי שמו סיליקון,,,כף הגשה שטוחה 28 סמ,Unknown,0.00,Unknown,false,1,24.90,24.90,true,1,
7290014692299,false,גבינת ברי EURO CHEESE ויליפוד 125 גרם,יורו צ'יז Euro Cheese,DK,גבינת ברי 125 גר,גרמים,125.00,100 גרם,false,1,21.90,17.52,true,1,
7290014692817,false,גבינת מוצרלה מגורדתEURO CHEESE ויליפוד 200 גרם,הנסיך- מפעל לייצור ט,IL,גבינת מוצרלה מגורדת,גרמים,200.00,100 גרם,false,1,15.10,7.55,true,1,
7290014720015,false,נייטשר נאט שמפו לשיער יבש-פגום 400 מל,נייטשר נאט Nature Nut,IL,נייטר נאט שמפו יבש 4,Unknown,0.00,Unknown,false,1,33.90,33.90,true,1,
7290014720046,false,נייטשר נאט מסכה לשיער יבש-פגום 250 מל,נייטשר נאט Nature Nut,IL,נייטר נאט מסכה לשיער,Unknown,0.00,Unknown,false,1,44.90,44.90,true,1,
7290014723108,false,סכין משוננת 10 ורוד פרו פירות,,,פרו פירות סכין משוננ,Unknown,0.00,Unknown,false,1,12.90,12.90,true,1,
7290014723115,false,סכין משוננת 11 לבן פרו סנדוויץ,,,פרו סנדוויץ סכין מש,Unknown,0.00,Unknown,false,1,12.90,12.90,true,1,
7290014723139,false,סכין משוננת 11 ורוד פרו סנדוויץ,,,פרו סנדוויץ סכין משו,Unknown,0.00,Unknown,false,1,12.90,12.90,true,1,
7290014723580,false,מיני מלקחיים תרווד מחורץ מיקי שמו,,,מיקי שמו- מיני מלקחי,Unknown,0.00,Unknown,false,1,12.90,12.90,true,1,
7290014749245,false,ספיישל רצועות שניצל שומשום עוף טוב 600 גרם,מוצרי עוף טוב (2001) בע\,IL,צונגו רצועות שניצל ש,גרמים,600.00,100 גרם,false,1,32.90,5.48,true,1,
7290014753372,false,קרם אובלפיחה אנטי אייג`ינג 50 מ`ל,,,קרם אובלפיחה אנטי אי,Unknown,0.00,Unknown,false,1,49.90,49.90,true,1,
7290014753419,false,מסכת בוץ אנטי-אייגינ,,,מסכת בוץ אנטי-אייגינ,מיליליטרים,100.00,"100 מ""ל",false,1,69.90,69.90,true,1,
7290014753655,false,שמפו פפאיה,,,שמפו פפאיה,Unknown,0.00,Unknown,false,1,24.90,24.90,true,1,
7290014753952,false,"סבון מינרלי טהור 125 ג""ר א.מינרל",,,סבון מינרלי טהור 125,Unknown,0.00,Unknown,false,1,16.90,16.90,true,1,
7290014758100,false,מאגדת יוגורט ביו 3% שומן 8 יח' *150ג' תנובה,מיוצר עי קונדיטוריית,IL,שמיניית מאגדת BIO,גרמים,150.00,100 גרם,false,1,16.50,11.00,true,1,
7290014758117,false,מאגדת יוגורט ביו 1.5% שומן 8 יח' *150 ג' תנובה,מיוצר עי קונדיטוריית,IL,שמיניית יוגורט ביו,קילוגרמים,0.00,"ק""ג",false,1,16.70,16.70,true,1,
7290014758162,false,חלב עיזים מלא 3.6% קרטון 1 ל' תנובה,תנובה מרכז שיתופי לש,IL,חלב עיזים מלא 3.6% ש,מיליליטרים,1000.00,"100 מ""ל",false,1,15.90,1.59,true,1,
7290014758681,false,קוטג תנובה 1% גביע 250 גרם,מיוצר עי קונדיטוריית,IL,קוטג תנובה 1% 250 גר,גרמים,250.00,100 גרם,false,1,5.50,2.20,true,1,
7290014759084,false,גבינת שמנת נפוליאון 16% מופחת שומן תנובה 225 גרם,תנובה מרכז שיתופי לש,IL,נפוליאון מופחת שומן,גרמים,225.00,100 גרם,false,1,14.90,6.62,true,1,
7290014759534,false,גבינה בולגרית למריחה טבעי 5% 200 ג' פיראוס,"תנובה, מחלבת תל יוסף",IL,פיראוס בולגרית למריח,גרמים,200.00,100 גרם,false,1,17.50,8.75,true,1,
7290014759909,false,פטה עיזים 5% פיראוס גביע 250 גרם,"תנובה, מחלבת טנא נוג",IL,גבינה פטה עזים פיראו,גרמים,250.00,100 גרם,false,1,27.40,10.96,true,1,
7290014760134,false,"מעדן סויה בטעם וניל תנובה 125 מ""ל",תנובה Alternative,IL,מעדן סויה וניל,גרמים,125.00,100 גרם,false,1,4.90,3.92,true,1,
7290014760141,false,משקה שקדים טרי תנובה 1 ליטר,תנובה Alternative,IL,משקה שקדים טרי 1 ליט,מיליליטרים,1000.00,"100 מ""ל",false,1,12.50,1.25,true,1,
7290014760912,false,פרוסות גבינה 28% שומן 400 ג' גוש חלב,תנובה מרכז שיתופי לש,IL,מאגדת גוש חלב 28%,גרמים,400.00,100 גרם,false,1,25.50,6.38,true,1,
7290014761056,false,מעדן שוקולד חלב יולו תנובה 123 גרם,מיוצר עי קונדיטוריית,IL,יולו שוקולד חלב,גרמים,123.00,100 גרם,false,1,4.90,3.98,true,1,
7290014761070,false,מעדן שוקולד לבן יולו תנובה 123 גרם,מיוצר עי קונדיטוריית,IL,YOLO שוקולד לבן מעול,גרמים,123.00,100 גרם,false,1,4.90,3.98,true,1,
7290014761193,false,יוגורט עם פירות יער 1.5% שומן 125 ג' פרילי,תנובה מרכז שיתופי לש,IL,פרילי פירות יער 125,גרמים,125.00,100 גרם,false,1,4.30,3.44,true,1,
7290014761414,false,יולו מעדן שכבות שוקולד חלב ולבן 123 גר,מיוצר עי קונדיטוריית,IL,יולו מעדן שכבות,גרמים,123.00,100 גרם,false,1,4.90,3.98,true,1,
7290014761612,false,מעדן שכבות שוקולד מריר ולבן יולו 122 גרם,מיוצר עי קונדיטוריית,IL,YOLO מעדן שכבות שוקו,גרמים,123.00,100 גרם,false,1,4.90,3.98,true,1,
7290014762756,false,גבינת שמנת נפוליאון 16% עם בצל תנובה 225 גרם,תנובה חלב,IL,נפוליאון 16%בטעם בצל,גרמים,225.00,100 גרם,false,1,14.90,6.62,true,1,
7290014762800,false,"מעדן סויה בטעם שוקולד תנובה 125 מ""ל",תנובה מרכז שיתופי לש,IL,מעדן סויה שוקולד 125,גרמים,125.00,100 גרם,false,1,4.90,3.92,true,1,
7290014762831,false,גבינת שמנת נפוליאון 16% עם פלפל חלפיניו תנובה 225 גרם,תנובה מרכז שיתופי לש,IL,גבינת שמנת נפוליאו 2,גרמים,225.00,100 גרם,false,1,12.90,5.73,true,1,
7290014762848,false,גבינה צהובה מגורדת 22% שומן 500 ג' פתיתי גלבוע,גלבוע - תנובה,IL,פתיתי גלבוע 22% 500,גרמים,500.00,100 גרם,false,1,38.90,7.78,true,1,
7290014762909,false,פתיתי מוצרלה השף הלבן 10% תוספת מתנה,"תנובה, מחלבת תל יוסף",IL,פתיתי מוצרלה השף הלב,גרמים,220.00,100 גרם,false,1,16.90,7.68,true,1,
7290014763272,false,"משקה סויה ביו בטעם תות בננה ""תנובה""",תות תעשיות מזון (201,IL,משקה סויה ביו תות בנ,מיליליטרים,250.00,"100 מ""ל",false,1,6.40,2.56,true,1,
7290014775039,false,סופר קיו 10 60 מג (60),אלטמן,US,סופר קיו 10 60 מג (6,Unknown,0.00,Unknown,false,1,72.90,72.90,true,1,
7290014775053,false,סופר קיו 10 100 מג (60),אלטמן,US,סופר קיו 10 100 מג (,Unknown,0.00,Unknown,false,1,104.90,104.90,true,1,
7290014775756,false,גינקו בילובה (120),,,גינקו בילובה (120),Unknown,0.00,Unknown,false,1,107.90,107.90,true,1,
7290014791664,false,שישיה מי עדן אישי פקק רגיל 500 מל,מופק ממקור בזלתי עדן,IL,שישיה מי עדן אישי פק,ליטרים,0.00,ליטר,false,1,10.90,10.90,true,1,
7290014791831,false,פרוט ווטר ענבים 0.5 ליטר,יפאורה,IL,FRUT WATER ענבים 500,מיליליטרים,500.00,"100 מ""ל",false,1,6.50,1.30,true,1,
7290014791848,false,FRUIT WATER טעם אננס 0.5 ליטר,יפאורה תבורי בעמ,IL,FRUT WATER אננס 500,מיליליטרים,500.00,"100 מ""ל",false,1,6.50,1.30,true,1,
7290014791879,false,FRUIT WATER טעם אבטיח 0.5 ליטר,יפאורה תבורי בעמ,IL,FRUT WATER אבטיח 500,מיליליטרים,500.00,"100 מ""ל",false,1,6.50,1.30,true,1,
7290014803237,false,ערמונים קלופים וקלויים נאמן 100 ג',TANGSHAN,,ערמונים קלופים וקלוי,גרמים,100.00,100 גרם,false,1,7.20,7.20,true,1,
7290014803565,false,צנימים עגולים עם חיטה מלאה 300 גרם,NEWLAT,,צנימים עגולים עם חיט,גרמים,300.00,100 גרם,false,1,12.90,4.30,true,1,
7290014803718,false,ביסקוויט תה פריך 720,oylum,,עוגיות תה 720 גרם,גרמים,720.00,100 גרם,false,1,11.90,1.65,true,1,
7290014860070,false,"מקלוני אורז ללא גלוטן 5 מ""מ 454גר' (אור)",ניינטי נודל קו,TH,מקלות אורז ללא גלוטן,גרמים,454.00,100 גרם,false,1,11.90,2.62,true,1,
7290014860094,false,"מקלוני אורז ללא גלוטן 3מ""מ 454גר' (אור)",ניינטי נודל קו,TH,מקלות אורז ללא גלוטן,גרמים,454.00,100 גרם,false,1,11.90,2.62,true,1,
7290014860155,false,מחצלת במבו שטוחה 24X24 ס'מ,גולין פנגזו,CN,מחצלת במבו שטוחה 24*,Unknown,0.00,Unknown,false,1,9.40,9.40,true,1,
7290014890145,false,גבינת שמנת טבעי 225 גרם יעקובס,גבינות משק יעקבס,IL,שמנת טבעית 25% 225 ג,גרמים,225.00,100 גרם,false,1,11.40,5.07,true,1,
7290014890169,false,גבינת שמנת שום שמיר 225 גרם יעקובס,גבינות משק יעקבס,IL,שמנת שום שמיר 25% 22,גרמים,225.00,100 גרם,false,1,11.40,5.07,true,1,
7290014890176,false,ריקוטה סגנון איטלק5% 250,מחלבת משק יעקובס,IL,גבינת ריקוטה 250 גרם,גרמים,250.00,100 גרם,false,1,12.50,5.00,true,1,
7290014890206,false,קרם פרש 250גרם יעקוב,מחלבת משק יעקובס,IL,קרם פרש 250 גר,גרמים,250.00,100 גרם,false,1,14.90,5.96,true,1,
7290014890572,false,"יוגורט עיזים משק יעקבס 850 מ""ל",גבינות משק יעקבס,IL,יוגורט עיזים משק יעק,מיליליטרים,850.00,"100 מ""ל",false,1,24.90,2.93,true,1,
7290014890589,false,"יוגורט יווני משק יעקבס 850 מ""ל",גבינות משק יעקבס,IL,יוגורט יווני משק יעק,מיליליטרים,850.00,"100 מ""ל",false,1,22.90,2.69,true,1,
7290014905207,false,"הג'ל הכחול לניקוי האסלה יעקבי 750 מ""ל",איי פי אס,IL,"הפי גל לאסלות 750 מ""",מיליליטרים,750.00,"100 מ""ל",false,1,11.30,1.51,true,1,
7290014905498,false,הפי מטליות דו צדדיות בגליל 20 מטליות,ג'נרל מילס סאן אדריא,TR,מטליות גם וגם הפי,Unknown,0.00,Unknown,false,1,17.20,17.20,true,1,
7290014910461,false,"ערק יודה 700 מ""ל כשל",בני בהיג'\ קעואר לתעשייה,IL,"ערק יודה 700 מ""ל",מיליליטרים,700.00,"100 מ""ל",false,1,54.90,7.84,true,1,
7290014910515,false,שימורי דגים שפרוטים מעושנים בשמן צמחי 250 גרם,סיא אונדה,LV,שימורי שפרוטים מעוש,גרמים,250.00,100 גרם,false,1,12.50,5.00,true,1,
7290014947047,false,פריכיות כוסמת עם מלח 175 גרם,זן בר המכללה לטבעונו,IL,פריכיות כוסמת עם מלח,גרמים,175.00,100 גרם,false,1,10.90,6.23,true,1,
7290014950764,false,"סרום פנים 30 מ""ל",LAVIDO,IL,"סרום פנים 30 מ""ל",Unknown,0.00,Unknown,false,1,199.90,199.90,true,1,
7290014950771,false,"קרם עיניים 30 מ""ל",LAVIDO,IL,"קרם עיניים 30 מ""ל",Unknown,0.00,Unknown,false,1,179.90,179.90,true,1,
7290014952898,false,נוזל כביסה אקולוגי היפואלרגני לתינוק 2 ל,,,נוזל כביסה אקולוגי ה,ליטרים,0.00,ליטר,false,1,44.90,44.90,true,1,
7290014988798,false,טריבולוס 90 כמוסות,,IL,טריבולוס 90 כמוסות,Unknown,0.00,Unknown,false,1,139.90,139.90,true,1,
7290015009003,false,מונטנייר חומץ יין לבן 500מל,מנדלז סי.אר. פרודקשן,ES,חומץ בן יין לבן 500,מיליליטרים,500.00,"100 מ""ל",false,1,21.60,4.32,true,1,
7290015009010,false,מונטנייר חומץ יין אדום 500מל,מנדלז סי.אר. פרודקשן,ES,חומץ בן יין אדום 500,מיליליטרים,500.00,"100 מ""ל",false,1,21.60,4.32,true,1,
7290015009041,false,"חומץ תפוחים 500 מ""ל ""daniel""",מנדלז סי.אר. פרודקשן,ES,"חומץ תפוחים 500 מ""ל",מיליליטרים,500.00,"100 מ""ל",false,1,21.60,4.32,true,1,
7290015009119,false,עלי טורטייה מקמח תירס 360 גרם,פרינסיס און וה אונלו,TR,עלי טורטייה מקמח תיר,גרמים,360.00,100 גרם,false,1,16.90,4.69,true,1,
7290015009126,false,עלי טורטייה מקמח מלא 420 גר 25 סמ,לווליה,,עלי טורטייה מקמח מלא,גרמים,420.00,100 גרם,false,1,16.90,4.02,true,1,
7290015009188,false,"ניוקי תפוחי אדמה עם דלעת 300 גר' ""דניאל""",סיאמה אלימנטארי סרל,,"ניוקי תפוח""א עם דלעת",גרמים,300.00,100 גרם,false,1,9.90,3.30,true,1,
7290015009218,false,"ניוקי עם ערמונים 300 גרם ""דניאל""",סיאמה אלימנטארי סרל,IT,ניוקי עם ערמונים 300,גרמים,300.00,100 גרם,false,1,9.90,3.30,true,1,
7290015009300,false,עלי טורטייה מקמח תירס 360 גרם,פרינסס,TR,עלי טורטייה מקמח תיר,גרמים,360.00,100 גרם,false,1,16.60,4.61,true,1,
7290015009553,false,"רוטב אקסטרא חריף מפלפל קרולינה ריפר 148 מ""ל",קאמוק,CR,רוטב אקסטרא חריף פלפ,מיליליטרים,148.00,"100 מ""ל",false,1,20.90,14.12,true,1,
7290015009614,false,"רוטב אקסטרא חריף מפלפל סקוטש בונט 148 מ""ל",קאמוק,CR,רוטב אקסטרא חריף פלפ,מיליליטרים,148.00,"100 מ""ל",false,1,20.90,14.12,true,1,
7290015022934,false,אולטרה- סכין סנטוקו,,,אולטרה- סכין סנטוקו,Unknown,0.00,Unknown,false,1,44.90,44.90,true,1,
7290015022958,false,סכין קילוף 9 סמ ארקו,,,סכין קילוף 9 סמ ארקו,Unknown,0.00,Unknown,false,1,34.90,34.90,true,1,
7290015039246,false,נתחי טונה בשמן צמחי רביעיה * 160 ג' וילי פוד,וילי פוד,TH,רביעית טונה בהירה בש,גרמים,640.00,100 גרם,false,1,21.90,3.42,true,1,
7290015039338,false,נתחי טונה במי מלח רביעיה * 160 ג' וילי פוד,וילי פוד,TH,רביעית טונה במי מלח,גרמים,640.00,100 גרם,false,1,21.90,3.42,true,1,
7290015039499,false,"עוגיות איטלקיות מובחרות ויליפוד 1 ק""ג",טדסקו אס.אר.אל ויה ד,IT,עוגיות איטלקיות מובח,גרמים,1000.00,100 גרם,false,1,14.40,1.44,true,1,
7290015054843,false,"פיור וואי פרימיום בננה 2.3 ק""ג",סיטי תוספי מזון,IL,פיור וואי פרימיום בנ,קילוגרמים,0.00,"ק""ג",false,1,324.90,324.90,true,1,
7290015129312,false,סקיני סופ תבשיל מרק בטעם עוף 214 גרם,אף.סי תבליני בגליל ב,CN,סקיני סופ תבשיל מרק,גרמים,214.00,100 גרם,false,1,21.90,10.23,true,1,
7290015129657,false,סקיני פסטה פנה אורגנ,סקיני פסטה,CN,סקיני פסטה פנה 270 ג,גרמים,270.00,100 גרם,false,1,9.90,3.67,true,1,
7290015140027,false,משטח ייבוש כלים לבן 38*51,,,משטח ייבוש כלים 38X5,Unknown,0.00,Unknown,false,1,31.90,31.90,true,1,
7290015140140,false,סכין מריחה 7 סמ ורו,,,סכין מריחה 7 סמ ורו,Unknown,0.00,Unknown,false,1,8.90,8.90,true,1,
7290015140157,false,פרו חמאה - סכין מריח,,,פרו חמאה - סכין מריח,Unknown,0.00,Unknown,false,1,8.90,8.90,true,1,
7290015141277,false,פרו עגבניה - סכין מש,,,פרו עגבניה - סכין מש,Unknown,0.00,Unknown,false,1,12.90,12.90,true,1,
7290015141512,false,סכין סנטוקו 17 מאסטר,,,מאסטר- סכין יפנית סנ,Unknown,0.00,Unknown,false,1,99.90,99.90,true,1,
7290015150088,false,מחית עגבניות קלה גרנד איטליה 700 גרם,שוורצקוף& הנקל דיסלד,IT,מחית עגבניות גראנד א,גרמים,700.00,100 גרם,false,1,12.30,1.76,true,1,
7290015150118,false,שלישיית עגבניות חתוכות דק גרנד איטליה 400 גרם,אמיליאנה קונסרב ס.פ.,IT,עגבניות חתוכות דק בל,גרמים,1200.00,100 גרם,false,1,17.60,1.47,true,1,
7290015150903,false,תה ירוק קינמון ודבש ויסוצקי 25 יחידות,ויסוצקי ירוק,IL,תה ירוק גן קסום קינמ,Unknown,0.00,Unknown,false,1,24.90,24.90,true,1,
7290015155243,false,פרמיו חטיף כריות לתמיכה באנטי -היירבול לחתול 60ג',פרמיו Premio,AT,פרמיו כריות אנטי-היי,Unknown,0.00,Unknown,false,1,14.90,14.90,true,1,
7290015155823,false,מחית תפוחי עץ חטיפטף ללא תוספת סוכר,פרוטה פודיווין איי.א,CZ,מחית תפוח חטיפטף פרי,גרמים,120.00,100 גרם,false,1,6.50,5.42,true,1,
7290015155830,false,מחית תפוחי עץ ובננה חטיפטף ללא תוספת סוכר,פרוטה פודווין איי.אס,CZ,מחית תפוח בננה חטיפט,גרמים,120.00,100 גרם,false,1,6.50,5.42,true,1,
7290015155847,false,מחית סלט פירות חטיפטף ללא תוספת סוכר,פרוטה פודיווין איי.א,CZ,מחית סלט פירות חטיפט,גרמים,120.00,100 גרם,false,1,6.50,5.42,true,1,
7290015156455,false,עוגיות פרמיו 500 גרם,,,עוגיות פרמיו 500 גרם,גרמים,500.00,100 גרם,false,1,19.90,3.98,true,1,
7290015156646,false,חטיף פרמיו דמבל ברוו,,,חטיף פרמיו דאמבל ברו,Unknown,0.00,Unknown,false,1,16.90,16.90,true,1,
7290015156790,false,מחית לפתן פירות חטיפטף ללא תוספת סוכר,פרוטה פודווין איי.אס,CZ,מחית פרינוק לפתן,גרמים,120.00,100 גרם,false,1,6.50,5.42,true,1,
7290015156813,false,פאוץ' מחית פירות מעורבים פרינוק 120 גרם,פרוטה פודווין איי.אס,CZ,מחית פרינוק פירות,גרמים,120.00,100 גרם,false,1,6.50,5.42,true,1,
7290015161213,false,סוכר קוקוס אורגני נוטרזן 300 גרם,,,סוכר קוקוס אורגני נו,גרמים,300.00,100 גרם,false,1,17.90,5.97,true,1,
7290015161350,false,אבקת מרק ירקות אורגני 200 גרם,ויטאם הפה פרודקט,DE,אבקת מרק ירקות אורגנ,גרמים,200.00,100 גרם,false,1,23.90,11.95,true,1,
7290015161558,false,קמח שיבולת שועל מלאה אורגני ללא גלוטן,הלינסקי מילס אל.טי.די,DK,קמח שיבולת שועל מלאה,גרמים,500.00,100 גרם,false,1,26.90,5.38,true,1,
7290015161589,false,פת פריכה אורגנית ללא גלוטן ירקות גינה 100 גרם,אקסטרודו בצ'\יצה,CZ,"פת פריכה אורגנית לל""",גרמים,100.00,100 גרם,false,1,14.60,14.60,true,1,
7290015161633,false,"סוכר וניל לל""ג אורגני נוטרזן 100 גרם",,LV,"סוכר וניל לל""ג אורגנ",גרמים,100.00,100 גרם,false,1,17.90,17.90,true,1,
7290015161848,false,פת פריכה אורגנית ללא גלוטן - כוסמת וקינואה 100 גרם,אקסטרודו בצ'\יצה,CZ,"פת פריכה אורגנית לל""",גרמים,100.00,100 גרם,false,1,14.60,14.60,true,1,
7290015164818,false,רוטב קארי צהובה 400 גרם SUREE כשר,Theppadungporn cocon,TH,רוטב קארי צהובה 400,מיליליטרים,400.00,"100 מ""ל",false,1,19.90,4.98,true,1,
7290015178273,false,רוטב מרינדה לעוף בגריל אוליביה 270 גר,אוליביה,IL,רוטב מרינדה לעוף בגר,גרמים,320.00,100 גרם,false,1,14.40,4.50,true,1,
7290015222198,false,סבון נוזלי שלישייה ס,,,סבון נוזלי שלישייה ס,מיליליטרים,500.00,"100 מ""ל",false,1,16.90,3.38,true,1,
7290015246088,false,קמילצ'יק - תמצית פרחי קמומיל,"ד""ר קיי DR. K",IL,קמילציק 30 מל,מיליליטרים,30.00,"100 מ""ל",false,1,65.00,216.67,true,1,
7290015246095,false,ליקצי'ק - תמצית נבטי ליקופודיום,"ד""ר קיי DR. K",IL,ליקצק 30 מל,מיליליטרים,30.00,"100 מ""ל",false,1,65.00,216.67,true,1,
7290015282000,false,איקרא אדומה SEVEN SEAS 200 גרם,שבעת הימים - שמיר,IL,איקרה אדומה 200 גרם,גרמים,200.00,100 גרם,false,0,15.10,7.55,true,1,
7290015282024,false,איקרא לבנה SEVEN SEAS 200 גרם,שבעת הימים - שמיר,IL,איקרה לבנה 200 גרם,גרמים,200.00,100 גרם,false,0,15.10,7.55,true,1,
7290015282390,false,סלט תורכי 200 גרם שמיר,"סלטי שמיר 2006 בע""מ",IL,תורכי 200 גר,גרמים,200.00,100 גרם,false,1,13.90,6.95,true,1,
7290015282581,false,חומוס אבו גוש עם חריף שמיר 200 גרם,"סלטי שמיר 2006 בע""מ",IL,חומוס אבו גוש עם חרי,גרמים,200.00,100 גרם,false,1,11.50,5.75,true,1,
7290015282598,false,חומוס מסעדות גורמה שמיר 200 גרם,"סלטי שמיר 2006 בע""מ",IL,חומוס מסעדות 200 גר,גרמים,200.00,100 גרם,false,1,11.50,5.75,true,1,
7290015282604,false,טחינה מיוחדת גורמה שמיר 200 גרם,"סלטי שמיר 2006 בע""מ",IL,טחינה מיוחדת 200 גר,גרמים,200.00,100 גרם,false,1,11.50,5.75,true,1,
7290015282611,false,סלט ביצים גורמה שמיר 200 גרם,"סלטי שמיר 2006 בע""מ",IL,סלט ביצים 200 גר,גרמים,200.00,100 גרם,false,1,19.80,9.90,true,1,
7290015282628,false,חציל בטעם כבד גורמה שמיר 200 גרם,"סלטי שמיר 2006 בע""מ",IL,חציל בטעם כבד 200 גר,גרמים,200.00,100 גרם,false,1,13.90,6.95,true,1,
7290015282635,false,חומוס מסבחה גורמה שמיר 200 גרם,"סלטי שמיר 2006 בע""מ",IL,חומוס מסבחה 200 גר,גרמים,200.00,100 גרם,false,1,11.50,5.75,true,1,
7290015282642,false,חומוס אבו גוש גורמה שמיר 200 גרם,"סלטי שמיר 2006 בע""מ",IL,חומוס אבו גוש 200 גר,גרמים,200.00,100 גרם,false,1,11.50,5.75,true,1,
7290015282680,false,קישוא בטעם כבד גורמה שמיר 200 גרם,"סלטי שמיר 2006 בע""מ",IL,קישוא בטעם כבד 200 ג,גרמים,200.00,100 גרם,false,1,13.90,6.95,true,1,
7290015282697,false,כרוב אדום שמיר גורמה 200גר,"סלטי שמיר 2006 בע""מ",IL,כרוב אדום 200 גר,גרמים,200.00,100 גרם,false,1,13.90,6.95,true,1,
7290015282734,false,מטבוחה ביתית גורמה שמיר 200 גרם,"סלטי שמיר 2006 בע""מ",IL,מטבוחה ביתית 200 גר,גרמים,200.00,100 גרם,false,1,13.90,6.95,true,1,
7290015282741,false,חציל תאילנדי אסלי שמיר 200 ג',"סלטי שמיר 2006 בע""מ",IL,חציל תאילנדי 200 גר,גרמים,200.00,100 גרם,false,1,13.90,6.95,true,1,
7290015282796,false,"סלט תפו""א שמיר במיונז 200ג'","סלטי שמיר 2006 בע""מ",IL,תפוח אדמה 200 גר,גרמים,200.00,100 גרם,false,1,13.90,6.95,true,1,
7290015284028,false,סבון גוף ירקות ירוקים 500 מל ECOLOVE,אורגניק זון,IL,סבון גוף ירקות ירוק,מיליליטרים,500.00,"100 מ""ל",false,1,32.90,6.58,true,1,
7290015284042,false,שמפו לשיער רגיל/שמן ירקות אדומים ECOLOVE,אורגניק זון,IL,שמפו לשיער רגיל/שמן,גרמים,500.00,100 גרם,false,1,32.90,6.58,true,1,
7290015284066,false,סבון גוף ירקות אדומים 500 מל ECOLOVE,אורגניק זון,IL,סבון גוף ירקות אדומי,מיליליטרים,500.00,"100 מ""ל",false,1,32.90,6.58,true,1,
7290015284073,false,סבון ידיים ירקות אדומים 500 מל ECOLOVE,א.ל. ארמן,IL,סבון ידיים ירקות אדו,מיליליטרים,500.00,"100 מ""ל",false,1,25.90,5.18,true,1,
7290015284080,false,שמפו לשיער רגיל/יבש ירקות כתומים ECOLOVE,אורגניק זון,IL,שמפו לשיער רגיל/יבש,גרמים,500.00,100 גרם,false,1,32.90,6.58,true,1,
7290015284103,false,סבון גוף ירקות כתומים 500 מל ECOLOVE,אורגניק זון,IL,סבון גוף ירקות כתומי,מיליליטרים,500.00,"100 מ""ל",false,1,32.90,6.58,true,1,
7290015284110,false,סבון ידיים ירקות כתומים 500 מל ECOLOVE,אורגניק זון,IL,סבון ידיים ירקות כתו,מיליליטרים,500.00,"100 מ""ל",false,1,25.90,5.18,true,1,
7290015284127,false,קרם לחות לשיער רגיל-יבש ירקות כתומים,ZONE ORGANYC,IL,קרם לחות לשיער רגיל-,מיליליטרים,400.00,"100 מ""ל",false,1,42.90,10.73,true,1,
7290015284189,false,שמפו משפחתי ירקות ירוקים 1 ליטר,א.ל. ארמן,IL,שמפו משפחתי ירקות יר,מיליליטרים,1000.00,"100 מ""ל",false,1,52.90,5.29,true,1,
7290015284202,false,ECOLOVE שמפו לשיער צבוע ויבש מאוד 500 מל,א.ל. ארמן,IL,ECOLOVE שמפו לשיער צ,מיליליטרים,500.00,"100 מ""ל",false,1,32.90,6.58,true,1,
7290015284219,false,ECOLOVE מרכך לשיער צבוע ויבש מאוד 500 מל,א.ל. ארמן,IL,ECOLOVE מרכך לשיער צ,מיליליטרים,500.00,"100 מ""ל",false,1,32.90,6.58,true,1,
7290015284233,false,ECOLOVE סבון ידיים לעור יבש 500 מל,א.ל. ארמן,IL,ECOLOVE סבון ידיים ל,מיליליטרים,500.00,"100 מ""ל",false,1,25.90,5.18,true,1,
7290015284240,false,ECOLOVE מסיכה לשיער צבוע ויבש מאוד 350 מ,א.ל. ארמן,IL,ECOLOVE מסיכה לשיער,מיליליטרים,350.00,"100 מ""ל",false,1,44.90,12.83,true,1,
7290015294652,false,משקה אלו ורה,,,משקה אלו ורה,מיליליטרים,473.00,"100 מ""ל",false,1,84.90,17.95,true,1,
7290015294669,false,ויקואה+ 60 כמוסות,SENSION NATURE'S,FR,ויקואה,Unknown,0.00,Unknown,false,1,129.90,129.90,true,1,
7290015306744,false,קמח חומוס 500 גרם,העידן האורגני,IL,קמח חומוס 500 גרם,גרמים,500.00,100 גרם,false,1,15.90,3.18,true,1,
7290015306751,false,קמח עדשים אדומות 500 גרם,העידן האורגני,IL,קמח עדשים אדומות 500,גרמים,500.00,100 גרם,false,1,15.90,3.18,true,1,
7290015335607,false,יוגונאט טבעי 150גר' ניה,טרופיקל דגיל תעשיות,IL,מעד ביו טבעי 150 גר,גרמים,150.00,100 גרם,false,1,7.90,5.27,true,1,
7290015335706,false,מעד ביו שוקולד 150 גר,,IL,מעד ביו שוקולד 150 ג,גרמים,150.00,100 גרם,false,1,7.90,5.27,true,1,
7290015340281,false,קמח שקדים ללא גלוטן 500 גרם,"העידן האורגני בע""מ",,קמח שקדים ללא גלוטן,גרמים,500.00,100 גרם,false,1,41.90,8.38,true,1,
7290015340304,false,סילאן טבעי 900 גר' ל,,IL,סילאן טבעי 900 גרם,גרמים,900.00,100 גרם,false,1,19.90,2.21,true,1,
7290015366670,false,משחת שיניים הגנה משולשת מנטה מרענן,גלקסוסמיתקליין,SK,אקוה פרש משחת שיניים,Unknown,0.00,Unknown,false,1,10.40,10.40,true,1,
7290015371049,false,שמן קוקוס וירג'ין 300 גר,פוקה,GB,שמן קוקוס וירגין,Unknown,0.00,Unknown,false,1,67.50,67.50,true,1,
7290015371063,false,"שמן המפ אורגני 250 מ""ל",פוקה,GB,שמן זרעי המפ אורגני,Unknown,0.00,Unknown,false,1,129.90,129.90,true,1,
7290015371148,false,אבקת מיץ עשב שעורה אורגני באבקה 100 גרם,פוקה,US,אבקת מיץ עשב שעורה א,גרמים,100.00,100 גרם,false,1,129.90,129.90,true,1,
7290015417136,false,עגבנית שרי אורגנית ארוז,,,עגבנית שרי אורגנית,גרמים,400.00,100 גרם,false,1,14.90,3.73,true,1,
7290015417167,false,פלפל ביס אורגני,,,פלפל ביס אורגני,גרמים,200.00,100 גרם,false,1,11.90,5.95,true,1,
7290015417242,false,מלפפון מיני אורגני ארוז,,,מלפפון מיני אורגני א,גרמים,350.00,100 גרם,false,1,12.90,3.69,true,1,
7290015417365,false,גינגר אורגני,,,גינגר אורגני,קילוגרמים,0.00,"ק""ג",false,1,16.90,16.90,true,1,
7290015424882,false,פמינה מגבונים אינטימיים 20 יח TO GO,פמינה,IL,מגבונים פמינה חמוציו,Unknown,0.00,Unknown,false,1,16.30,16.30,true,1,
7290015437431,false,רכז רימונים 100% טבעי 420 גר,AROMA PRODUCT ITD,GE,רכז רימונים 420 גרם,גרמים,420.00,100 גרם,false,1,25.90,6.17,true,1,
7290015446594,false,פראוד - חטיף חלבון לאטה 60 גרם,v.s.i,NL,פראוד - חטיף חלבון ל,גרמים,60.00,100 גרם,false,1,12.90,21.50,true,1,
7290015446617,false,פראוד - חטיף חלבון בננה טופי 60 גרם,v.s.i,NL,פראוד - חטיף חלבון ב,גרמים,60.00,100 גרם,false,1,12.90,21.50,true,1,
7290015446624,false,פראוד - חטיף חלבון דאבל שוקולד 50 גרם,,NL,פראוד - חטיף חלבון ד,גרמים,50.00,100 גרם,false,1,12.90,25.80,true,1,
7290015446631,false,פראוד - חטיף חלבון קרם עוגיות 50 גרם,,NL,פראוד - חטיף חלבון ק,גרמים,50.00,100 גרם,false,1,12.90,25.80,true,1,
7290015458696,false,שמפו רוזמרין 400 מ`ל,LAVIDO,IL,שמפו רוזמרין 400 מ`ל,מיליליטרים,400.00,"100 מ""ל",false,1,49.90,12.48,true,1,
7290015458702,false,סבון גוף פטשולי וניל 400,LAVIDO,IL,סבון גוף פטשולי וניל,Unknown,0.00,Unknown,false,1,69.90,69.90,true,1,
7290015458870,false,מי פנים לעור שמן רימ,,,מי פנים לעור שמן רימ,Unknown,0.00,Unknown,false,1,69.90,69.90,true,1,
7290015458887,false,סבון פנים לעור שמן ר,,,סבון פנים לעור שמן ר,Unknown,0.00,Unknown,false,1,69.90,69.90,true,1,
7290015528825,false,צלחת 7 מתכלה אר 25 יח' דנטס,,IN,צלחת קטנה 7 מתכלה מ,Unknown,1.00,Unknown,false,1,10.90,10.90,true,1,
7290015528832,false,צלחת 9 מתכלה אר' 25 יח' דנטס,,IN,צלחת 9 בינוני מתכלה,Unknown,1.00,Unknown,false,1,12.60,12.60,true,1,
7290015528849,false,צלחת 10 מתכלה אר' 25 יח' דנטס,,IN,צלחת 10 ענקית מתכלה,Unknown,1.00,Unknown,false,1,16.60,16.60,true,1,
7290015528863,false,מרקיה מתכלה אר' 25 יח' דנטס,,IN,מרקיה 340 מל מקנה ס,Unknown,1.00,Unknown,false,1,9.90,9.90,true,1,
7290015599023,false,VEGA צהובה טבעונית בטעם קלאסי 200 גרם,וגה מוצרים טבעוניים VEGA,GR,צהובה טבעונית 200 ג,גרמים,200.00,100 גרם,false,1,23.90,11.95,true,1,
7290015599030,false,VEGA צהובה טבעונית בטעם פיצה פפרוני 200 גרם,,GR,צהובה טבעונית 200 ג,גרמים,200.00,100 גרם,false,1,23.90,11.95,true,1,
7290015599061,false,VEGA צהובה טבעונית בטעם מוצרלה 200 גרם,וגה מוצרים טבעוניים VEGA,GR,צהובה טבעונית 200 ג,גרמים,200.00,100 גרם,false,1,23.90,11.95,true,1,
7290015599283,false,אבקת בסיס לחביתה טבעונית 250 גר,א.ל.ייצור ושיווק תבלינים,IL,אבקת בסיס לחביתה טבע,גרמים,250.00,100 גרם,false,1,24.90,9.96,true,1,
7290015603218,false,אטריות עם עגבניה מזרח מערב 454 גרם,פוגקן לונגהי אנלידה,CN,איטריות בתוספת עגבני,גרמים,454.00,100 גרם,false,1,11.40,2.51,true,1,
7290015603522,false,"נוזל אגוזי קוקוס 5%-7% 400 מ""ל",אסי אטיק גרו אינדוסט,TH,נוזל אגוזי קוקוס 5-7,מיליליטרים,400.00,"100 מ""ל",false,1,7.30,1.83,true,1,
7290015603546,false,שימורי קרם קוקוס 17-19% 400 מל ASIATIC,אסיאטיק אגרו אינדסטר,TH,שימורי קרם קוקוס 17-,מיליליטרים,400.00,"100 מ""ל",false,1,9.90,2.48,true,1,
7290015603560,false,"שימורי קרם קוקוס 20-22% 400 מ""ל (ASIATIC)(כ)",אסיאטיק אגרו אינדוסטרי,TH,שימורי קרם קוקוס 20-,מיליליטרים,400.00,"100 מ""ל",false,1,9.90,2.48,true,1,
7290015603584,false,ג'ינגר לבן כבוש ללא מונוסודיום 190 גרם (כ),לאיווי איפנג פודס קו,CN,גינגר לבן כבוש ללא מ,גרמים,160.00,100 גרם,false,1,7.90,4.94,true,1,
7290015603591,false,גינגר ורוד כבוש ללא מונוסודיום 160 גרם,ננטונג הידה אקוטיק פ,CN,גינגר כבוש וורוד 160,גרמים,160.00,100 גרם,false,1,8.30,5.19,true,1,
7290015603638,false,"אורז קלרוז 1 ק""ג (כ) (Minh)",מינה פונג גרין אגריק,VN,"אורז קלרוז 1 ק""ג",גרמים,1000.00,100 גרם,false,1,11.90,1.19,true,1,
7290015634120,false,יין עמק האלה אוורד לבן 2015 750 מל,עמק האלה,IL,יין עמק האלה אוורד ל,Unknown,0.00,Unknown,false,1,46.90,46.90,true,1,
7290015634182,false,עמק האלה אוורד קברנה/ מרלו 2015 750 מל,עמק האלה,IL,עמק האלה אוורד אדום,Unknown,0.00,Unknown,false,1,46.90,46.90,true,1,
7290015652087,false,תערובת פיצוחים בשקית ששון הקולה 150 גרם,דין שיווק,IL,תערובת פיצוחים 150 ג,גרמים,150.00,100 גרם,false,1,11.90,7.93,true,1,
7290015652278,false,תערובת פיצוחים ששון הקולה 300 גרם,"דין שיווק וקלייה בע""",IL,תערובת פיצוחים 250 ג,גרמים,250.00,100 גרם,false,1,20.00,8.00,true,1,
7290015652285,false,אגוזים קלופים ששון הקולה 250 גרם,"שקדיה גבע תעשיות בע""",IL,אגוזים קלופים 250 גר,גרמים,250.00,100 גרם,false,1,20.00,8.00,true,1,
7290015652292,false,קבוקים עם שומשום ששון הקולה 400 גרם,"דין שיווק וקלייה בע""",IL,קבוקים עם שומשום 400,גרמים,400.00,100 גרם,false,1,10.00,2.50,true,1,
7290015652308,false,מנצ'ס ששון הקולה 400 גרם,"דין שיווק וקלייה בע""",,מנצס 300 גרם ששון הק,גרמים,300.00,100 גרם,false,1,10.00,3.33,true,1,
7290015652322,false,בוטנים אמריקאיים מצופים 400 גר ששון הקלה,"דין שיווק וקלייה בע""",IL,בוטנים אמריקאיים מצו,גרמים,400.00,100 גרם,false,1,10.00,2.50,true,1,
7290015652346,false,פלפלים ירוקים חריפים מוחמצים שקדיה 680 גרם,קרס סר קאן גידה לטד,TR,פלפלים ירוקים חריפים,גרמים,680.00,100 גרם,false,1,9.90,1.46,true,1,
7290015652551,false,תערובת תיבול זעתר ושומשום בלדי,"נווה התבלין בע""מ",IL,אהרוני זעתר ושומשום,גרמים,150.00,100 גרם,false,1,16.60,11.07,true,1,
7290015673198,false,המבורגר טקסס עם פטריות טבע דלי 400 גרם,טבע דלי בעמ,IL,בורגר מהצומח עם פטרי,גרמים,400.00,100 גרם,false,1,23.90,5.98,true,1,
7290015673280,false,סייטן עדשים וקינואה קפוא 500 גר,טבע דלי,IL,סייטן עדשים וקינואה,גרמים,500.00,100 גרם,false,1,19.90,3.98,true,1,
7290015673570,false,קריספי טופו-נגיסי טופו מוכנים לאכילה,טבע דלי,IL,קריספי טופו מוכנים ל,גרמים,350.00,100 גרם,false,1,26.90,7.69,true,1,
7290015673587,false,קריספי טופו-נגיסי טופו ברוטב אסייתי,טבע דלי,IL,קריספי טופו ברוטב אס,גרמים,350.00,100 גרם,false,1,26.90,7.69,true,1,
7290015673594,false,קריספי טופו. נגיסי טופו ברוטב בוטנים וקארי,טבע דלי,IL,קריספי טופו ברוטב בו,גרמים,350.00,100 גרם,false,1,26.90,7.69,true,1,
7290015675024,false,דאודורנט סטיק הדרי 5,,,דאודורנט סטיק הדרי 5,Unknown,0.00,Unknown,false,1,39.90,39.90,true,1,
7290015675109,false,דאודורנט אורגני ארז,,,דאודורנט אורגני ארז,מיליליטרים,150.00,"100 מ""ל",false,1,39.90,26.60,true,1,
7290015675185,false,משחת הפלא אורגנית 60,,,משחת הפלא אורגנית 60,Unknown,0.00,Unknown,false,1,99.90,99.90,true,1,
7290015675192,false,משחת קלנדולה אורגנית,,,משחת קלנדולה אורגנית,Unknown,0.00,Unknown,false,1,44.90,44.90,true,1,
7290015675543,false,"סרום הבהרה לפיגמנטציה 30 מ""ל",,,סרום הבהרה לפיגמנטצי,מיליליטרים,30.00,"100 מ""ל",false,1,159.90,533.00,true,1,
7290015704687,false,כף טיגון מחוררת COLLECTION,,,כף טיגון מחוררת COLL,Unknown,0.00,Unknown,false,1,22.90,22.90,true,1,
7290015765572,false,אלטמן - ויטמין B-12 מתיל קובלאמין טבליות 60 יח',אלטמן,US,ויטמין B-12 מתיל קוב,Unknown,0.00,Unknown,false,1,53.90,53.90,true,1,
7290015765626,false,אלטמן - ברזל COMFORT אריזות אישיות 30 יח',אלטמן,IT,ברזל קומפורט 30 כשר,Unknown,0.00,Unknown,false,1,89.90,89.90,true,1,
7290015781008,false,"יין VISION מרלו אדום טפרברג 750 מ""ל","יקב טפרברג 1870 בע""מ",IL,יין VISION מרלו 750,Unknown,0.00,Unknown,false,1,39.90,39.90,true,1,
7290015781046,false,"יין VISION לבן חצי יבש טפרברג 750 מ""ל","יקב טפרברג 1870 בע""מ",IL,יין VISION לבן חצי י,Unknown,0.00,Unknown,false,1,39.90,39.90,true,1,
7290015781114,false,"יין IMPRESSION מרלו טפרברג 750 מ""ל","יקב טפרברג 1870 בע""מ",IL,יין IMPRES מרלו 750,Unknown,0.00,Unknown,false,1,47.90,47.90,true,1,
7290015781121,false,"יין IMPRESSION קברנה סוביניון יבש טפרברג 750 מ""ל","יקב טפרברג 1870 בע""מ",IL,יין IMPRES קברנה סוב,Unknown,0.00,Unknown,false,1,47.90,47.90,true,1,
7290015781220,false,"INSPIRE דבוקי -גוורצטרמינר 750 מ""ל 2021",יקב טפרברג 1870,,INSPIRE דבוקי -גוור,Unknown,0.00,Unknown,false,1,83.90,83.90,true,1,
7290015781282,false,"יין IMPRESSION גוורצטרמינר טפרברג 750 מ""ל",יקב טפרברג 1870,IL,יין IMPRES גוורצטרמי,Unknown,0.00,Unknown,false,1,47.90,47.90,true,1,
7290015809214,false,דגש תערובת להכנת פלא,,,"פלאפל לל""ג דגש 180 ג",גרמים,180.00,100 גרם,false,1,14.40,8.00,true,1,
7290015858229,false,"טפנד זיתי קלמטה 180 גרם ""עללחם""","מדשא תעשיות מזון בע""\מ",IL,מצונן טפנד זיתים,גרמים,180.00,100 גרם,false,1,16.90,9.39,true,1,
7290015858328,false,"ממרח עגבניות מיובשות 180 גרם ""טריטרי""","מדשא תעשיות מזון בע""\מ",IL,איולי פסטו עללחם 295,גרמים,295.00,100 גרם,false,1,16.90,5.73,true,1,
7290015858687,false,עללחם ממרח איולי שום 295 גרם,"מדשא תעשיות מזון בע""\מ",IL,איולי שום עללחם 295,גרמים,295.00,100 גרם,false,1,16.90,5.73,true,1,
7290015976312,false,בקבוק 350 שמן/חומץ+פייה סיליקון,,,בקבוק שמן/חומץ קטן 3,קילוגרמים,0.00,"ק""ג",false,1,19.90,19.90,true,1,
7290015977036,false,קערה מסננת פלטיק עם,,,קערה מסננת פלטיק עם,Unknown,0.00,Unknown,false,1,29.90,29.90,true,1,
7290015977104,false,לוח חיתוך 20*15במבוק ארקוסטיל,,,לוח חיתוך במבוק 20X1,Unknown,0.00,Unknown,false,1,21.90,21.90,true,1,
7290015979559,false,חסה ערבית יחידה,,,חסה ערבית,Unknown,0.00,Unknown,false,1,4.90,4.90,true,1,
7290015979665,false,חסה עגולה,חקלאי,IL,חסה עגולה,Unknown,0.00,Unknown,false,1,5.90,5.90,true,1,
7290016006339,false,מים מינרלים - מארז רביעייה,"מופק ממקור בזלתי עדן ,1",IL,רביעיית מי עדן 1 ליט,מיליליטרים,4000.00,"100 מ""ל",false,1,10.90,0.27,true,1,
7290016006346,false,שוופס סודה 0.5 ליטר מארז שישייה,יפאורה שותפות מובגלת לשיווק,IL,שישיית שוופס סודה 50,מיליליטרים,1500.00,"100 מ""ל",false,1,14.50,0.97,true,1,
7290016028447,false,נר נשמה 24 שעות,,CN,נר נשמה 24 שעות,Unknown,1.00,Unknown,false,1,2.20,2.20,true,1,
7290016028836,false,קש מתקפל צבעוני אר' 150 יח' דנטס,,CN,קשית מתקפלת צבעונית,Unknown,0.00,Unknown,false,1,8.30,8.30,true,1,
7290016035032,false,לחמניות פשתן מזרעי פשתן טחונים 250 גר,מאפית ביכורים,IL,לחמניות פשתן מזרעי פ,גרמים,250.00,100 גרם,false,1,19.90,7.96,true,1,
7290016077759,false,רוטב ברביקיו קלאסי היינץ 480 גרם,היינץ Heinz,NL,רוטב ברביקיו קלאסי 4,גרמים,480.00,100 גרם,false,1,17.90,3.73,true,1,
7290016080551,false,מתבל עגבניות אורגני 580 גרם היינץ,ה.י. היינץ,NL,מתבל עגבניות אורגני,גרמים,580.00,100 גרם,false,1,17.70,3.05,true,1,
7290016087147,false,רוטב עגבניות מתובל לפיצה מרגריטה 240 גרם,פריניר,IL,רוטב עגבניות מתובל ל,גרמים,240.00,100 גרם,false,1,5.80,2.42,true,1,
7290016087222,false,רוטב עגבניות מרוכז לשקשוקה פריניר 230 גרם,פריניר ( הדס 1987) ב,IL,רוטב עגבניות מרוכז ל,גרמים,230.00,100 גרם,false,1,5.80,2.52,true,1,
7290016087499,false,עגבניות חתוכות מארז 400X3ג' אריזות ירושלים,פריניר ) הדס (1987 בעמ,IL,עגבניה חתוך דק אריזת,Unknown,0.00,Unknown,false,1,12.50,12.50,true,1,
7290016146103,false,"סילאן טבעי לחיץ שקד תבור, 380 גרם","אלמונדס בע""מ",IL,סילאן טבעי לחיץ 500,גרמים,500.00,100 גרם,false,1,13.90,2.78,true,1,
7290016146110,false,סירופ חרובים לחיץ 500 גרם,"אלמונדס בע""מ",IL,סירופ חרובים לחיץ,גרמים,500.00,100 גרם,false,1,19.90,3.98,true,1,
7290016146141,false,"סירופ מייפל טהור אורגני 250 מ""ל",אלמנדוס,IL,סירופ מייפל טהור אור,מיליליטרים,250.00,"100 מ""ל",false,1,29.90,11.96,true,1,
7290016146431,false,שוקולד פרו שקד תבור 72%,שקד תבור,IL,שוקולד תבור 72% 100,גרמים,100.00,100 גרם,false,1,16.70,16.70,true,1,
7290016146455,false,שוקולד מריר תבור 100% 100 גרם BIO,שקד תבור,IL,שוקולד תבור 100% 10,גרמים,100.00,100 גרם,false,1,16.70,16.70,true,1,
7290016146462,false,שוקולד מריר תבור 88% BIO 100 גרם,שקד תבור,IL,BIO שוקולד תבור 88%,גרמים,100.00,100 גרם,false,1,16.70,16.70,true,1,
7290016150391,false,סלק ואקום 500 גרם,חקלאי,IL,סלק ואקום 500 גרם,Unknown,0.00,Unknown,false,1,7.90,7.90,true,1,
7290016197495,false,ניקול זוג מטליות הקסם מיקרופייבר לרצפה,חוגלה קימברלי,CN,ניקול מטלית קסם לרצפ,Unknown,0.00,Unknown,false,1,22.90,22.90,true,1,
7290016197877,false,שקיות אשפה לפחים בינוניים עם שרוך 50 * 53 ניקול 50 יחידות,"אשפלסט תעשיות בע""מ",IL,שקית לפחי אשפה קטנים,Unknown,0.00,Unknown,false,1,27.50,27.50,true,1,
7290016217735,false,חציל על האש 200גרם גורמה,"סלטי שמיר 2006 בע""מ",IL,חציל על אש 200 גר,גרמים,200.00,100 גרם,false,1,11.50,5.75,true,1,
7290016217759,false,חציל מרוקאי 200גרם גורמה,"סלטי שמיר 2006 בע""מ",IL,חציל מרוקאי 200 גר,גרמים,200.00,100 גרם,false,1,13.90,6.95,true,1,
7290016217971,false,נסיכת הנילוס מעושנת שמיר 100 גרם,שבעת הימים - שמיר,IL,נסיכת הנילוס מעושנת,גרמים,100.00,100 גרם,false,1,23.90,23.90,true,1,
7290016217988,false,גרבלקס-סלמון כבוש שמיר 100 גרם,"סלטי שמיר 2006 בע""מ",IL,גרבלקס 100 גרם,גרמים,100.00,100 גרם,false,1,23.90,23.90,true,1,
7290016217995,false,סלט ביצים עם אבוקדו סלטי שמיר 200 גרם,"סלטי שמיר 2006 בע""מ",IL,סלט ביצים עם אבוקודו,גרמים,200.00,100 גרם,false,1,19.80,9.90,true,1,
7290016223279,false,מגרדת מיני ארקוסטיל,,,מגרדת מיני ארקוסטיל,Unknown,0.00,Unknown,false,1,9.90,9.90,true,1,
7290016223798,false,"קערת נירוסטה 3 ל 22 ס""מ 3/6EURO",,,קערת נירוסטה 3 ליטר,Unknown,0.00,Unknown,false,1,39.90,39.90,true,1,
7290016233384,false,גפילטע פיש 7 קציצות תומר 555 גרם,דג טעים ירושלים,IL,גפילטע פיש 7 קציצות,גרמים,540.00,100 גרם,false,1,18.70,3.46,true,1,
7290016233575,false,פתיתי שיבולת שועל 600 גר גוד מורנינג,,LT,פתיתי שיבולת שועל 60,גרמים,600.00,100 גרם,false,1,7.50,1.25,true,1,
7290016233995,false,שימורי אנשובי עם שמן זית 45 ג' תומר,אינוורסינס פריסקו,PE,פילה אנשובי,גרמים,45.00,100 גרם,false,1,6.90,15.33,true,1,
7290016246018,false,בארכה מיקס פינוקיות חלבה 10*20 גרם.,"רושדי תעשיות מזון בע""\מ",IL,בארכה מיקס פינוקיות,גרמים,200.00,100 גרם,false,1,15.20,7.60,true,1,
7290016246025,false,פינוקיות חלבה בטעם וניל ללא תוספת סוכר,"רושדי תעשיות מזון בע""\מ",IL,בארכה פנוקיות חלבה ל,גרמים,200.00,100 גרם,false,1,15.20,7.60,true,1,
7290016246209,false,"חטיף חלבה וניל 100 גרם ""בארכה""","רושדי תעשיות מזון בע""\מ",IL,חטיף חלבה וניל 100 ג,גרמים,100.00,100 גרם,false,1,3.90,3.90,true,1,
7290016246308,false,בארכה בקטנה חטיף חלבה וניל קוקוס 7*18 גר,"רושדי תעשיות מזון בע""\מ",IL,בארכה בקטנה חטיף חלב,גרמים,126.00,100 גרם,false,1,13.50,10.71,true,1,
7290016270570,false,מלפפון בייבי,חקלאי,IL,מלפפון בייבי,Unknown,0.00,Unknown,false,1,11.90,11.90,true,1,
7290016277630,false,צנובר 150 גרם ששון - קופסא,"דין שיווק וקלייה בע""",,צנובר 150 גרם ששון -,גרמים,150.00,100 גרם,false,1,30.90,20.60,true,1,
7290016299021,false,"ARGANIA מרכך טיפולי חומצה היאלרונית וקרטין ללא SLS ללא פארבן ללא מלחים ללא רכיבים מן החי 450 מ""ל",ארגניה יצור ושיווק,IL,מרכך שיער חומצה היאל,Unknown,0.00,Unknown,false,1,39.90,39.90,true,1,
7290016299106,false,קרם ידיים שמן ארגן וחומצה היאלרונית 100,,,קרם ידיים שמן ארגן ו,מיליליטרים,100.00,"100 מ""ל",false,1,19.90,19.90,true,1,
7290016299199,false,ארגניה סרום חומצה היאלורונית וקרטין 100,ארגניה,IL,סרום חומצה היאלרונית,Unknown,0.00,Unknown,false,1,59.90,59.90,true,1,
7290016299212,false,"גל רחצה אלוורה קמומיל ותה ירוק 500 מ""ל",,IL,גל רחצה אלוורה קמומי,ליטרים,0.50,ליטר,false,1,39.90,79.80,true,1,
7290016299281,false,קרם רגליים שמן ארגן וחומצה היאלרונית,,,קרם רגליים שמן ארגן,מיליליטרים,100.00,"100 מ""ל",false,1,19.90,19.90,true,1,
7290016299304,false,קרם גוף ח.שיאה שמן רימונים חומצה היאלרונ,,IL,קרם גוף ח.שיאה שמן ר,ליטרים,0.50,ליטר,false,1,39.90,79.80,true,1,
7290016299328,false,"קרם גוף שמן ארגן וחומצה היאלרונית 500 מ""",,IL,קרם גוף שמן ארגן וחו,ליטרים,0.50,ליטר,false,1,39.90,79.80,true,1,
7290016299342,false,קרם לשיער,,,קרם לשיער,Unknown,0.00,Unknown,false,1,49.90,49.90,true,1,
7290016299373,false,גל רחצה ח.שיאה שמן רימונים חומצה היאלרונ,,IL,גל רחצה ח.שיאה שמן ר,ליטרים,0.50,ליטר,false,1,39.90,79.80,true,1,
7290016299618,false,"ARGANIA שמפו קיק ללא מלחים ,ללא SLS ,ללא פארבן 450 מ""ל",ארגניה יצור ושיווק,IL,שמפו קיק,Unknown,0.00,Unknown,false,1,34.90,34.90,true,1,
7290016299663,false,"שמן קיק בכבישה קרה ארגניה 100 מ""ל",,IL,שמן קיק בכבישה קרה א,מיליליטרים,100.00,"100 מ""ל",false,1,19.90,19.90,true,1,
7290016299762,false,מסיכה לשיער אובליפיחה וגזר,,,מסיכה לשיער אובליפיח,Unknown,0.00,Unknown,false,1,59.90,59.90,true,1,
7290016304596,false,לחמניות לסנדביץ 75 גרם,מאפית דוידוביץ ובניו,IL,לחמניות לסנדביץ 75 ג,גרמים,75.00,100 גרם,false,1,12.90,17.20,true,1,
7290016320343,false,"דאק נוזל ג'ל לניקוי מתקדם בניחות לבנדר זוג * 750 מ""ל",אס. סי. ג'\ונסון מידרכט,NL,נוזל גל דאק בניחוח ל,ליטרים,0.00,ליטר,false,1,24.90,24.90,true,1,
7290016321890,false,פרשוואנס נייר טואלט מתכלה למבוגרים -מארז שלישייה,עלבד משואות יצחק,IL,נייר טואלט פרש וואנס,Unknown,0.00,Unknown,false,1,16.70,16.70,true,1,
7290016334616,false,בצל ירוק רבנות,רקנאטי,IL,בצל ירוק,Unknown,0.00,Unknown,false,1,4.90,4.90,true,1,
7290016372373,false,רסק עגבניות ללא תוספת סוכר ומלח - מארז זוג,גרנד איטליה Grand Italia,IT,רסק עגבניות גראנד בל,גרמים,270.00,100 גרם,false,1,7.90,2.93,true,1,
7290016372397,false,"תה ויסוצקי ירוק תפוז,ג'ינגר וכורכום 25 יח'",ויסוצקי ירוק,IL,תה ירוק תפוז גינגר ו,Unknown,0.00,Unknown,false,1,24.90,24.90,true,1,
7290016372458,false,חליטת לימונית ולואיזה הגן הקסום ויסוצקי 50 יחידות,תה ויסוצקי,IL,חליטת לימונית לואיזה,Unknown,0.00,Unknown,false,1,35.90,35.90,true,1,
7290016372496,false,חליטת פירות וצמחים בטעם ג'ינג'ר ודבש -אפקט הג'ינג'ר,תה ויסוצקי,IL,סודות הצמחים גינגר ו,Unknown,0.00,Unknown,false,1,22.90,22.90,true,1,
7290016417012,false,ויטמין C ליפוזומאלי בספיגה גבוהה בטעם תפוז,אקוסאפ ecosupp,NL,ויטמין C ליפוזומלי 2,Unknown,0.00,Unknown,false,1,199.90,199.90,true,1,
7290016437621,false,חיתולי האגיס פרידום דריי pants מידה 4 36 יחידות,קימברלי קלארק צ'כיה,CZ,האגיס פרידום דריי PA,Unknown,0.00,Unknown,false,1,44.90,44.90,true,1,
7290016438901,false,אבקת קקאו נא אורגני 250 גרם,,,אבקת קקאו נא אורגני,גרמים,250.00,100 גרם,false,1,34.90,13.96,true,1,
7290016505023,false,שוקולד פנדה קרם נוגט טבעוני 100 גרם,"מדשא תעשיות מזון בע""",IL,שוקולד פנדה קרם נוגט,גרמים,100.00,100 גרם,false,1,20.80,20.80,true,1,
7290016505061,false,שוקולד פנדה לבן עוגיות טבעוני 100 גרם,,IL,שוקולד פנדה לבן עוגי,גרמים,100.00,100 גרם,false,1,20.80,20.80,true,1,
7290016505337,false,חטיף שוקולד בוטנים קורנפלקס פנדה 4*45 גר,,,חטיף שוקולד בוטנים ק,גרמים,180.00,100 גרם,false,1,32.90,18.28,true,1,
7290016509342,false,סוד מארז טריו כדוריות לאסלה כחול אקטיבי אקונומיקה,הנקל סוד,HU,סבון לאסלה כחול אקטי,Unknown,0.00,Unknown,false,1,26.50,26.50,true,1,
7290016509786,false,פרסיל גל לכביסה לבנה וצבעונית-ירוק 2.5 ל,"הנקל סוד בע""\מ",IL,גל פרסיל ירוק 2.5 ל,ליטרים,0.00,ליטר,false,1,34.90,34.90,true,1,
7290016509809,false,ג'ל מרוכז לכביסה קולור 2.5 ל' פרסיל,"הנקל סוד בע""\מ",IL,גל פרסיל קולור 2.5 ל,ליטרים,0.00,ליטר,false,1,34.90,34.90,true,1,
7290016509823,false,ג'ל לכביסה לבנה וצבעונית בניחוח רענן,"הנקל סוד בע""\מ",IL,גל פרסיל בלו 2.5 ל,ליטרים,0.00,ליטר,false,1,34.90,34.90,true,1,
7290016509847,false,פרסיל ג'ל לכביסה כהה בלאק 2.5 ליטר,"הנקל סוד בע""\מ",IL,גל כביסה פרסיל בלאק,ליטרים,0.00,ליטר,false,1,34.90,34.90,true,1,
7290016510317,false,הוואי ס.נוזל לגבר מלא עוצמה 700מל,טרופיקל דגיל בעמ,IL,הוואי תחליב רחצה,מיליליטרים,700.00,"100 מ""ל",false,1,12.20,1.74,true,1,
7290016510898,false,"שמפו+מרכך הוואי פריחת הדובדבן 700 מ""ל",שוורצקוף& הנקל דיסלד,IL,שמפו+מרכך הוואי פריח,מיליליטרים,700.00,"100 מ""ל",false,1,8.90,1.27,true,1,
7290016513288,false,פטל אדום 250 גר,,,פטל אדום 250 גר,גרמים,250.00,100 גרם,false,1,21.90,8.76,true,1,
7290016513301,false,דומדומית שחורה 250 גר,,,דומדומית שחורה 250 ג,גרמים,250.00,100 גרם,false,1,11.40,4.56,true,1,
7290016513318,false,אוכמניות שחורות 250 גר,,,אוכמניות שחורות 250,גרמים,250.00,100 גרם,false,1,17.70,7.08,true,1,
7290016513325,false,דובדבן 250 גר,,,דובדבן 250 גר,גרמים,250.00,100 גרם,false,1,11.40,4.56,true,1,
7290016523188,false,"סטימר לאידוי עץ ""10",Fujian fuzhou tian s,,"סטימר לאידוי עץ ""10",Unknown,0.00,Unknown,false,1,43.90,43.90,true,1,
7290016523195,false,"סטימר לאידוי עץ ""8",Fujian fuzhou tian s,,"סטימר לאידוי עץ ""8",Unknown,0.00,Unknown,false,1,39.90,39.90,true,1,
7290016574296,false,ממרח שום וזעתר 250 גרם,,,ממרח שום וזעתר 250 ג,גרמים,250.00,100 גרם,false,1,20.90,8.36,true,1,
7290016580174,false,צלחות 9 צבעומיות דנט,,TR,צלחת 9 גדולה צבעוני,Unknown,1.00,Unknown,false,1,52.50,52.50,true,1,
7290016580976,false,מנגל חד פעמי 550 גרם,,CN,מנגל חד פעמי 550 גרם,Unknown,1.00,Unknown,false,1,9.90,9.90,true,1,
7290016584011,false,חטיפוני גזר 350 גרם גיזרונים,"מרינה פטריות הגליל בע""מ",IL,חטיפוני גזר 350 גרם,גרמים,350.00,100 גרם,false,1,10.90,3.11,true,1,
7290016646078,false,טחינה אתיופית טבעונית היילה 700 גרם,,אתיופיה,טחינה אתיופית טבעוני,גרמים,700.00,100 גרם,false,1,32.90,4.70,true,1,
7290016646085,false,טחינה אתיופית טבעונית היילה 380 גרם,,אתיופיה,טחינה אתיופית טבעוני,גרמים,380.00,100 גרם,false,1,19.90,5.24,true,1,
7290016646092,false,"היילה חלווה עם קפה ללת""ס 400 גרם",,אתיופיה,היילה חלווה עם קפה ל,גרמים,400.00,100 גרם,false,1,29.90,7.48,true,1,
7290016667080,false,חטיף ציפס טורטיה ברביקיו 250 גרם,ROGER&ROGER,BE,חטיף ציפס טורטיה ברב,גרמים,250.00,100 גרם,false,1,10.90,4.36,true,1,
7290016667097,false,חטיף ציפס טורטיה מלוח 250 גרם,ROGER&ROGER,BE,חטיף ציפס טורטיה מלו,גרמים,250.00,100 גרם,false,1,10.90,4.36,true,1,
7290016669862,false,סבון שמנים לוליס אורגני שלישיה 125גרם,,,סבון שמנים לוליס אור,גרמים,450.00,100 גרם,false,1,41.90,9.31,true,1,
7290016682083,false,"פריניב נקטר תות בננה 400 מ""ל",פרי ניב,IL,מיץ תות בננה פריניב,מיליליטרים,400.00,"100 מ""ל",false,1,9.90,2.48,true,1,
7290016682168,false,"מיץ תפוזים סחוט ולנסיה. מפוסטר, מקורר",פרי ניב,IL,מיץ תפוזים ולנסיה פר,מיליליטרים,400.00,"100 מ""ל",false,1,10.50,2.63,true,1,
7290016682243,false,אשכולית אדומה סחוט 1 ליטר פריניב,פריניב,IL,מיץ אשכולית אדומה 1,מיליליטרים,1000.00,"100 מ""ל",false,1,18.90,1.89,true,1,
7290016682328,false,מיץ תפוזים 100% מרכז פריניב 2 ליטר,פרי ניב,IL,מיץ תפוזים עשוי מרכז,ליטרים,0.00,ליטר,false,1,24.90,24.90,true,1,
7290016682335,false,מיץ תפוזים סחוט פריניב 2 ליטר,פרי ניב,IL,סחוט טרי תפוזים 2 לי,ליטרים,0.00,ליטר,false,1,19.90,19.90,true,1,
7290016682359,false,מיץ תפוזים שמוטי פרי ניב 2 ליטר-,פרי ניב,IL,מיץ תפוז שמוטי 100%,ליטרים,0.00,ליטר,false,1,26.90,26.90,true,1,
7290016717167,false,"יין 2 ווטאס לבן יקבי כרמל 750 מ""ל",,IL,יין 2 ווטאס לבן יקבי,Unknown,0.00,Unknown,false,1,59.90,59.90,true,1,
7290016717754,false,"יין ישן נושן יקבי כרמל 750 מ""ל ^^^",אגודת הכורמים הקואופרטיב,IL,יין ישן נושן אדום,Unknown,0.00,Unknown,false,1,20.90,20.90,true,1,
7290016717976,false,"יין סלקטד באז אפרסק כרמל 750 מ""ל",כרמל מזרחי,IL,יין BUZZ ספארקלינג,Unknown,0.00,Unknown,false,1,28.90,28.90,true,1,
7290016747188,false,"קרם טבעי להגנה מפני השמש 100מ""ל spf 50",מורז,IL,קרם טבעי לתינוק להגנ,Unknown,0.00,Unknown,false,1,64.90,64.90,true,1,
7290016757507,false,מספריים לחיתוך וניקו,,,מספריים לחיתוך וניקו,Unknown,0.00,Unknown,false,1,19.90,19.90,true,1,
7290016757514,false,מספריים לחיתוך ירקות,,,מספריים לחיתוך ירקות,Unknown,0.00,Unknown,false,1,34.90,34.90,true,1,
7290016866650,false,"פרודונטקס - משחת שיניים אוריג'ינל 75 מ""ל",פרודונטקס Parodontax,SK,משחת שיניים פרודנטקס,Unknown,0.00,Unknown,false,1,29.90,29.90,true,1,
7290016867152,false,"מארז פיתות קלות כוסמין 5 יחידות ד""ר מרק",המאפה של דר מרק בריא,IL,פיתות קלות כוסמין 5,גרמים,330.00,100 גרם,false,1,14.90,4.52,true,1,
7290016995008,false,פופקורן אורגני 500 גרם,תבואות,,פופקורן אורגני 500 ג,גרמים,500.00,100 גרם,false,1,10.90,2.18,true,1,
7290016995046,false,"קמח טף טבעי 1 ק""ג תב",תבואות,,"קמח טף אורגני 1 ק""ג",גרמים,1000.00,100 גרם,false,1,21.90,2.19,true,1,
7290016995138,false,כוסמת קלויה אורגנית 500 גרם,תבואות,CN,כוסמת קלויה אורגנית,גרמים,500.00,100 גרם,false,1,10.90,2.18,true,1,
7290016995398,false,חומץ תפוחים אורגני 1 ליטר,תבואות,ES,חומץ תפוחים אורגני 1,מיליליטרים,1000.00,"100 מ""ל",false,1,21.90,2.19,true,1,
7290016995435,false,"חומץ בלסמי אורגני 500 מ""ל",,,חומץ בלסמי אורגני 50,מיליליטרים,500.00,"100 מ""ל",false,1,21.90,4.38,true,1,
7290016995466,false,סירופ אגבה כחולה אורגני 330 מל,שקד תבור,MX,אגבה כחולה אורגני 33,גרמים,330.00,100 גרם,false,1,15.90,4.82,true,1,
7290016995480,false,ניוקי כוסמין מלא אורגני 500 גרם,תבואות,IL,ניוקי כוסמין מלא אור,גרמים,500.00,100 גרם,false,1,19.90,3.98,true,1,
7290016995701,false,מחית בננה תפוח אורגני 100 גרם,תבואות,,מחית בננה תפוח אורגנ,גרמים,100.00,100 גרם,false,1,4.90,4.90,true,1,
7290016995725,false,מחית מנגו תפוח אפרסק אורגני 100 גרם,תבואות,,מחית מנגו תפוח אפרסק,גרמים,100.00,100 גרם,false,1,4.90,4.90,true,1,
7290017023212,false,"שוויפס מוגז פירות תפוח מארז רביעייה* 330 מ""ל",יפאורה תבורי בעמ,IL,רביעיית שוופס מוגז פ,מיליליטרים,1320.00,"100 מ""ל",false,1,16.70,1.27,true,1,
7290017023229,false,"שוויפס מוגז פירות תות ליים מארז רביעיה* 330 מ""ל",יפאורה תבורי בעמ,IL,שוופס מוגז פירות תות,מיליליטרים,1320.00,"100 מ""ל",false,1,16.70,1.27,true,1,
7290017023823,false,"רביעיית ספרינג תות בננה 250 מ""ל","יפאורה תבורי בע""\מ",IL,ספרינג תות בננה 250,מיליליטרים,1000.00,"100 מ""ל",false,1,13.90,1.39,true,1,
7290017023854,false,מי סודה בקבוקים אישיים - מארז 4 יח',יפאורה תבורי בעמ,IL,"שוופס סודה 250 מ""ל ר",מיליליטרים,1000.00,"100 מ""ל",false,1,14.90,1.49,true,1,
7290017023861,false,סודה בטעם לימון בקבוקים אישיים - מארז 4 יח',יפאורה תבורי בעמ,IL,שוופס סודה לימון 250,מיליליטרים,1000.00,"100 מ""ל",false,1,14.90,1.49,true,1,
7290017031255,false,חטיף דגנים ואורז עם פירות יבשים בוטנים ושקדים ללא גלוטן 140 ג',,CZ,חטיף דגנים ואורז עם,גרמים,140.00,100 גרם,false,1,12.90,9.21,true,1,
7290017031477,false,"סנסודיין משחת שיניים רפיד רליף להלבנה 75 מ""ל","סמיתקליין ביצ'ם בע""מ",GB,משחת שיניים סנסודיין,מיליליטרים,75.00,"100 מ""ל",false,1,28.50,38.00,true,1,
7290017031705,false,"סנסודיין משחת שיניים קלין & פרש 75 מ""ל",גלקסוס סמית קליין,SK,משחת שיניים סנסודיין,Unknown,0.00,Unknown,false,1,21.90,21.90,true,1,
7290017031811,false,פרודונטקס מברשת שיניים אקסטרא סופט א.זוג,גלקסוסמיתקליין,CN,מברשות שיניים פרודונ,Unknown,0.00,Unknown,false,1,27.90,27.90,true,1,
7290017058139,false,רביעיית מחית תפוח עץ ותות שדה תומר 113 גרם,אינדיאן סאמר קו אופ אינק,US,רסק תפוח עץ עם תות ש,גרמים,452.00,100 גרם,false,1,13.40,2.96,true,1,
7290017058146,false,"רסק תפוֿֿֿֿ""ע עם אפרסק 4 יח' 12X",אינדיאן סאמר קו אופ אינק,US,רסק תפוח עץ עם אפרסק,גרמים,452.00,100 גרם,false,1,13.40,2.96,true,1,
7290017058160,false,שימורי אנשובי עם צ'ילי חריף 45 ג' תומר,תומר,IL,אנשובי עם צילי חריף,Unknown,0.00,Unknown,false,1,7.90,7.90,true,1,
7290017058511,false,ממרח זיתים שחורים יווני,תומר,,ממרח זיתים שחורים 20,גרמים,200.00,100 גרם,false,1,14.40,7.20,true,1,
7290017058528,false,ממרח זיתים ירוקים יווני,תומר,,ממרח זיתים ירוקים 20,גרמים,200.00,100 גרם,false,1,14.40,7.20,true,1,
7290017058535,false,ממרח זיתי קלמטה יווני,תומר,,ממרח זיתי קלמטה 200,גרמים,200.00,100 גרם,false,1,14.40,7.20,true,1,
7290017058573,false,תומר פרוסות פלפל חלפיניו בחומץ 340 גרם,אינדיה אגרו אקספורט,IN,פרוסות פלפל חלפיניו,גרמים,340.00,100 גרם,false,1,9.90,2.91,true,1,
7290017058795,false,תירס גמדי שלם במי מלח בצנצנת 340 גרם,אינדיה אגרו אקספורט,IN,תירס גמדי שלם במי מל,גרמים,340.00,100 גרם,false,1,7.90,2.32,true,1,
7290017058825,false,תרסיס שמן קנולה תומר 142 גרם,,TR,תרסיס שמן קנולה 142,גרמים,142.00,100 גרם,false,1,14.40,10.14,true,1,
7290017062662,false,מרכך מרוכז מרוכז כתום 1 5 ליטר טא'צ,,IL,מרכך כביסה מרוכז כתו,Unknown,0.00,Unknown,false,12,11.90,11.90,true,1,
7290017062754,false,"נ.כלים 36% לימון טאצ' +משאבה 750 מ""ל",,IL,נוזל כלים לימון 36%,Unknown,0.00,Unknown,false,1,9.90,9.90,true,1,
7290017065007,false,פרוסות גבינה מוצרלה חצי קשה 22% שומן 200 ג' גד,מחלבות גד בעמ,IL,פרוסות מוצרלה גד 200,גרמים,200.00,100 גרם,false,1,19.80,9.90,true,1,
7290017065137,false,גבינת ריקוטה למריחה 5% טבעית 200ג' גד,האי נאם סי או אל.טי.,IL,ריקוטה למריחה 5% טבע,גרמים,200.00,100 גרם,false,1,10.00,5.00,true,1,
7290017065144,false,ריקוטה למריחה בתוספת בזיליקום 5% גד 200 גם,האי נאם סי או אל.טי.,IL,ריקוטה למריחה 5% בזי,גרמים,200.00,100 גרם,false,1,10.00,5.00,true,1,
7290017065212,false,גבינת קרם מסקרפונה מחלבות גד 250 גר,מיוצר עי קוד יצרן ED,IL,קרם מסקרפונה 250 גר,גרמים,250.00,100 גרם,false,1,21.10,8.44,true,1,
7290017065236,false,גבינה בולגרית מעודנת 24% גד 250 גרם,הנסיך- מפעל לייצור ט,IL,גבינה בולגרית מעודנת,גרמים,250.00,100 גרם,false,1,25.30,10.12,true,1,
7290017065311,false,פרוסות גבינה מוצרלה מעושנת 200 ג',מחלבות גד בעמ,IL,פרוסות מוצרלה מעושנת,גרמים,200.00,100 גרם,false,1,18.50,9.25,true,1,
7290017065380,false,גבינת גרנה פדנו שבבים גד 100 גרם,גבינות מדף,IT,שבבי גרנה פדנו 100 ג,גרמים,100.00,100 גרם,false,1,13.90,13.90,true,1,
7290017065434,false,גבינה גאודה פרוסה הולנדית 200 גר',מחלבות גד בעמ,NL,פרוסות גאודה בקר 200,גרמים,200.00,100 גרם,false,1,20.90,10.45,true,1,
7290017065441,false,גבינה גאודה עיזים פרוסה הולנדית 200 גר',גבינות מדף,NL,פרוסות גאודה עיזים 2,גרמים,200.00,100 גרם,false,1,31.00,15.50,true,1,
7290017065526,false,קוואטרו פורמאג'י 4 גבינות מגוררות 26%,מחלבות גד בעמ,IL,גבינה קוואטרו פורמאג,גרמים,300.00,100 גרם,false,1,30.80,10.27,true,1,
7290017065588,false,יוגורט יווני 10% שומן 600 ג' גד,"מיוצר ע""\י קוד יצרן MKN",IL,יוגורט יווני 10% 600,גרמים,600.00,100 גרם,false,1,17.00,2.83,true,1,
7290017065649,false,קרם פטיסייר מחלבות ג,מיוצר עי קוד יצרן ED,IL,קרם פטיסייר 250 גר,גרמים,250.00,100 גרם,false,1,19.50,7.80,true,1,
7290017065731,false,גבינת שמנת עם כמהין 30% ניו יורק 200 ג',פ.פ.ח. שאביט,IL,גבינת שמנת עם כמהין,גרמים,200.00,100 גרם,false,1,14.10,7.05,true,1,
7290017065762,false,מאנורי גבינה בסגנון יווני לצליה 30% שומן 100 גרם,מחלבות גד,IL,גבינת מאנורי 100 גרם,גרמים,100.00,100 גרם,false,1,10.90,10.90,true,1,
7290017065786,false,"גבינת צ`דר מחלבות גד , 210 גרם","מחלבות גד בע""\מ",IL,צדר 210 גרם,גרמים,210.00,100 גרם,false,1,22.90,10.90,true,1,
7290017065861,false,רוטב פקורינו ופלפל שחור קאצ'יו אה פפה 200 ג' גד,גבינות מדף,IL,קאציו אה פפה 200 גרם,גרמים,200.00,100 גרם,false,1,15.50,7.75,true,1,
7290017065878,false,רוטב לפסטה מק אנד צ'יז גד 200 גרם,גבינות מדף,IL,רוטב מק אנד ציז 200,גרמים,200.00,100 גרם,false,1,15.50,7.75,true,1,
7290017105086,false,שימורי יכין שעועית צילי 200 גר,"זנלכל בע""\מ",IL,שימורי יכין שעועית צ,גרמים,200.00,100 גרם,false,1,4.50,2.25,true,1,
7290017105468,false,אפונה גינה עדינה ואקום יכין שלישיה * 200 ג',קשקמט קונסרב הונגריה,IL,מארז שלישייה אפונה ק,גרמים,600.00,100 גרם,false,1,14.90,2.48,true,1,
7290017105550,false,רביעיית רסק עגבניות 100% יכין 4X100 גרם,היינץ צפון אמריקה מק,IL,מאגדת רסק 100% עגבני,גרמים,400.00,100 גרם,false,1,11.80,2.95,true,1,
7290017106069,false,יכין קוביות סלק מבושלות 550 גרם,היינץ צפון אמריקה מק,IL,קוביות סלק יכין 550,גרמים,550.00,100 גרם,false,1,9.90,1.80,true,1,
7290017118932,false,מאג פורצלן לבן טורקי,,,מאג פורצלן לבן טורקי,Unknown,0.00,Unknown,false,1,13.90,13.90,true,1,
7290017118956,false,מאג פורצלן לבן נייבי,,,מאג פורצלן לבן נייבי,Unknown,0.00,Unknown,false,1,13.90,13.90,true,1,
7290017118963,false,מאג פורצלן לבן ירוק,,,מאג פורצלן לבן ירוק,Unknown,0.00,Unknown,false,1,13.90,13.90,true,1,
7290017118987,false,"קערת נירוסטה 15 ס""מ 0.75 ל 6/12EURO",,,קערת נירוסטה 15סמ 0.,Unknown,0.00,Unknown,false,1,19.90,19.90,true,1,
7290017121093,false,"אריסה חריפה 250 גרם ""עללחם""","מדשא תעשיות מזון בע""\מ",IL,מצונן אריסה חריפה,גרמים,250.00,100 גרם,false,1,17.70,7.08,true,1,
7290017140308,false,קמח שקדים-שי של הטבע,אופק מן הטבע,IL,קמח שקדים 250 גר,גרמים,250.00,100 גרם,false,1,24.90,9.96,true,1,
7290017141176,false,"וודקה עם חמוציות אוק אנד אש 330 מ""ל",,IL,וודקה עם חמוציות אוק,מיליליטרים,330.00,"100 מ""ל",false,1,14.90,4.52,true,1,
7290017142128,false,"שמן זית כתית מעולה קלאסי עץ הזית 750 מ""ל",שמן תעשיות בעמ,IT,שמן זית כתית מעולה ק,מיליליטרים,750.00,"100 מ""ל",false,1,29.90,3.99,true,1,
7290017142159,false,"שלישיית נתחי טונה בהירה בשמן זית 80 גרם ""עץ הזית""",יוניקורד ח.צ בעמ,TH,שלישיה טונה בשמן זית,גרמים,240.00,100 גרם,false,1,20.90,8.71,true,1,
7290017142395,false,"LUNCH TO GO פסטה עם טונה בשמן זית 160 גרם ""עץ הזית""",יוניקורד ח.צ בעמ,TH,טונה עם פסטה בשמן זי,גרמים,160.00,100 גרם,false,1,13.50,8.44,true,1,
7290017142401,false,"LUNCH TO GO קינואה לבנה ואדומה טונה בשמן זית 160 גרם ""עץ הזית""",ג'נרל מילס סאן אדריא,TH,טונה עם קינואה לבנה/,גרמים,160.00,100 גרם,false,1,13.50,8.44,true,1,
7290017142418,false,"LUNCH TO GO אורז עם עדשים טונה בשמן זית 160 גרם ""עץ הזית""",יוניקורד ח.צ בעמ,TH,טונה עם אורז ועדשים,גרמים,160.00,100 גרם,false,1,13.50,8.44,true,1,
7290017142456,false,מארז נתחי טונה בהירה בשמן זית 2 * 160 ג' עץ הזית,יוניקורד ח.צ בעמ,TH,נתחי טונה בשמן זית 1,גרמים,320.00,100 גרם,false,1,20.90,6.53,true,1,
7290017217918,false,"מדליק פחם נוזלי איזי לייט 500 מ""ל",B.V CHEMIE SEL,NL,מדליק פחם נוזלי איזי,מיליליטרים,500.00,"100 מ""ל",false,1,19.90,3.98,true,1,
7290017218007,false,אלטמן - פרוביוטיק שייפ כמוסות 30 יח',אלטמן,US,פרוביוטיקה שייפ 30,Unknown,0.00,Unknown,false,1,86.90,86.90,true,1,
7290017218236,false,קולגן בוסט חומצה היאלרונית 30 אריזות,אלטמן,IL,קולגן בוסט חומצה היא,Unknown,0.00,Unknown,false,1,133.90,133.90,true,1,
7290017218311,false,יומי פרוביוטיקה עם אבץ וויטמין סי 20 יח,,,יומי פרוביוטיקה עם א,Unknown,0.00,Unknown,false,1,24.90,24.90,true,1,
7290017232096,false,שוקולד מריר שבבי שקדים אקזוטי טבעוני 100,,,שוקולד מריר שבבי שקד,גרמים,100.00,100 גרם,false,1,36.90,36.90,true,1,
7290017232218,false,לחם קלאסי מופחת פחמימות איטסיין 430 גרם,,IL,לחם קלאסי מופחת פחמי,גרמים,430.00,100 גרם,false,1,25.90,6.02,true,1,
7290017232225,false,לחם גלילי מופחת פחמימות איטסיין 450 גרם,דבידוביץ,IL,לחם גלילי מופחת פחמי,גרמים,450.00,100 גרם,false,1,25.90,5.76,true,1,
7290017243214,false,LRביו 25 60 קפסולות,LTD .AMBROZIA,IL,BIO LR -25 60 כמוסו,Unknown,0.00,Unknown,false,1,209.90,209.90,true,1,
7290017243238,false,כורכומין ליקוויד גל 60 כמ,LTD .AMBROZIA,IL,כורכומין ליקוויד גל,Unknown,0.00,Unknown,false,1,185.90,185.90,true,1,
7290017243528,false,"סופהרב - אבץ +ויטמין C סופהרב 60 טבליות למציצה בד""ץ",LTD .AMBROZIA,IL,אבץ + ויטמין סי למצי,Unknown,0.00,Unknown,false,1,42.90,42.90,true,1,
7290017266053,false,"וופל עלמה לל""ס במילוי קרם טעם לימון 175 גר",גילרו,IL,וופל קראנצ,גרמים,175.00,100 גרם,false,1,7.90,4.51,true,1,
7290017266060,false,וופל קראנצ`מילוי קרם בטעם שוקולד 175 גר,גילרו,IL,וופל קראנצ,גרמים,175.00,100 גרם,false,1,7.90,4.51,true,1,
7290017289618,false,"יין IMPRESSION פטיט סירה 150 שנה טפרברג 750 מ""ל",יקב טפרברג 1870 בעמ,IL,IMPRESSION פטיט סירה,Unknown,0.00,Unknown,false,1,47.90,47.90,true,1,
7290017289779,false,INSPIRE DEVOTAGE מלבק מרסלן 2019 750 מל,יקב טפרברג 1870,IL,INSPIRE DEVOTAGE מלב,Unknown,0.00,Unknown,false,1,83.90,83.90,true,1,
7290017289786,false,יין קברנה-מרלו-פטי וורדו,יקב טפרברג 1870,IL,יין INSPIRE מריטאז 2,Unknown,0.00,Unknown,false,1,83.90,83.90,true,1,
7290017297323,false,רוטב עגבניות מרוכז 22% טל וטרי 100 גרם,"מילוז(1989)בע""""מ",IL,רסק עגבניות 100 גר,גרמים,100.00,100 גרם,false,1,2.00,2.00,true,1,
7290017297620,false,רסק עגבניות A2 BX22 טל וטרי 570 גר',"מילוז(1989)בע""""מ",,רסק עגבניות 570 גרם-,גרמים,570.00,100 גרם,false,1,6.20,1.09,true,1,
7290017297637,false,רוטב עגבניות טל וטרי 28% BX A-2,"מילוז(1989)בע""""מ",,רוטב עגבניות 28% טל,גרמים,580.00,100 גרם,false,1,6.50,1.12,true,1,
7290017325798,false,"קוואקר לל""ג אורגני הרדוף 500 גרם",אול אורגני,IL,"קוואקר לל""ג אורגני ה",גרמים,500.00,100 גרם,false,1,17.90,3.58,true,1,
7290017325804,false,קוואקר עדין אורגני 500 גרם הרדוף ללא גלוטן,אול אורגני,IL,"קוואקר עדין לל""ג אור",גרמים,500.00,100 גרם,false,1,17.90,3.58,true,1,
7290017325828,false,"קוסקוס חומוס לל""ג אורגני הרדוף 350 גרם",הרדוף,IT,"קוסקוס חומוס לל""ג או",גרמים,350.00,100 גרם,false,1,18.90,5.40,true,1,
7290017325910,false,"קורנפלקס ללת""ס אורגני הרדוף 375 גר",לאמרי,IT,"קורנפלקס ללת""ס אורגנ",גרמים,375.00,100 גרם,false,1,19.90,5.31,true,1,
7290017325927,false,"ברנפלקס ללת""ס אורגני הרדוף 375 גר",לאמרי,IT,"ברנפלקס ללת""ס אורגני",גרמים,375.00,100 גרם,false,1,19.90,5.31,true,1,
7290017325989,false,פסיליום קליפות אורגני 250 גרם,,IL,פסיליום קליפות אורגנ,גרמים,250.00,100 גרם,false,1,34.90,13.96,true,1,
7290017457611,false,גל כביסה סוד טוטאל ירוק 2.5 ליטר,הנקל סוד,IL,סוד גל לכביסה 2.5 לי,ליטרים,0.00,ליטר,false,1,21.90,21.90,true,1,
7290017460062,false,פירורי לחם קייגון 400 גרם,נווה התבלין,IL,פירורי לחם קייגון 40,גרמים,400.00,100 גרם,false,1,12.90,3.23,true,1,
7290017460086,false,פירורי לחם קלאסי זהב 400 גרם,נווה התבלין,IL,פירורי לחם קלאסי זהב,גרמים,400.00,100 גרם,false,1,10.90,2.73,true,1,
7290017477350,false,תערובת לסלט ירוק 200 גרם,דין שיווק,IL,תערובת לסלט ירוק,גרמים,200.00,100 גרם,false,1,9.90,4.95,true,1,
7290017490281,false,פרוביוטיק 55 ביליון 30 כמוסות,NATURAL MARSHAL,IL,פרוביוטיק 55 ביליון,Unknown,0.00,Unknown,false,1,169.90,169.90,true,1,
7290017490434,false,קורל קלציום 90 כמוסות,NATURAL MARSHAL,IL,קורל קלציום 90 כמוסו,Unknown,0.00,Unknown,false,1,129.90,129.90,true,1,
7290017490779,false,"ביוטי קולגן 1500 מ""ג 60 טבליות",NATURAL MARSHAL,IL,"ביוטי קולגן 1500 מ""ג",Unknown,0.00,Unknown,false,1,119.90,119.90,true,1,
7290017506111,false,קרם שבבי קקאו בסגנון שוקולד לבן 60 גרם,,IL,קרם שבבי קקאו בסגנון,גרמים,60.00,100 גרם,false,1,18.90,31.50,true,1,
7290017506135,false,קרם פיסטוק בסגנון שוקולד לבן 60 גרם,,IL,קרם פיסטוק בסגנון שו,גרמים,60.00,100 גרם,false,1,18.90,31.50,true,1,
7290017506265,false,טראפלס כדורי שוקולד וחמאת בוטנים 180 גרם,,IL,טראפלס כדורי שוקולד,גרמים,180.00,100 גרם,false,1,29.90,16.61,true,1,
7290017513409,false,תה ירוק SUPER GREEN 87 גרםבטעם אוכמניות ואסאי,תה ויסוצקי,IL,תה ירוק טעם אוכמניות,גרמים,38.00,100 גרם,false,1,24.90,65.53,true,1,
7290017513775,false,פליפז בייגלה מצופה שוקולד חלב מקוויטיס 140 גרם,אולקר מקבוצת פלאדיס,TR,בייגלה פליפז מצופה ב,גרמים,140.00,100 גרם,false,1,8.90,6.36,true,1,
7290017516035,false,חטיף פנגיאה תפוח עץ וצימוקים,,,חטיף פנגיאה תפוח עץ,Unknown,0.00,Unknown,false,1,7.90,7.90,true,1,
7290017516080,false,חטיף פנגיאה משמש קוקוס,,,חטיף פנגיאה משמש קוק,Unknown,0.00,Unknown,false,1,7.90,7.90,true,1,
7290017516295,false,חטיף חלבון פרוטאין אגוז לוז שוקולד 50 גר,פנגיאה,IL,חטיף חלבון פרוטאין א,גרמים,50.00,100 גרם,false,1,11.40,22.80,true,1,
7290017516318,false,חטיף חלבון פרוטאין שוקולד 50 גר,פנגיאה,IL,חטיף חלבון פרוטאין ש,גרמים,50.00,100 גרם,false,1,11.40,22.80,true,1,
7290017516332,false,חטיף חלבון פרוטאין חמאת בוטנים 50 גר,פנגיאה,IL,חטיף חלבון פרוטאין ח,גרמים,50.00,100 גרם,false,1,11.40,22.80,true,1,
7290017516424,false,שוקלד + פנגיאה שוקולד קוקוס ואגוזי לוז 300 גרם,ש.ר רגע בטבע,IL,פנגיאה שוקולד קוקוס,גרמים,300.00,100 גרם,false,1,34.90,11.63,true,1,
7290017516431,false,שוקולד+ פנגיאה שוקולד קוקוס שקדים וקפה 300 גרם,ש.ר רגע בטבע,IL,פנגיאה שוקולד קוקוס,גרמים,300.00,100 גרם,false,1,34.90,11.63,true,1,
7290017516479,false,פנגיאה פרוטאין וניל קפה 50 גרם,פנגיאה,IL,פנגיאה פרוטאין וניל,גרמים,50.00,100 גרם,false,1,11.40,22.80,true,1,
7290017516615,false,"חטיף ספירולינה, תפוז קקאו וקוקס 40 גרם",,IL,"חטיף ספירולינה, תפוז",גרמים,40.00,100 גרם,false,1,9.90,24.75,true,1,
7290017589565,false,"ברקן, גוורצטרמינר לבן חצי יבש 750 מל",יקבי ברקן שיווק והפצ,IL,יין קלאסיק גוורצטרמי,Unknown,0.00,Unknown,false,1,32.90,32.90,true,1,
7290017599229,false,ממתיק סוכרלוז 200 טבליות סוכרזית,"סוכרזית בע""מ",IL,סוכרזית סוכרלוז 200,Unknown,0.00,Unknown,false,1,24.90,24.90,true,1,
7290017599236,false,סוכריות סטיוויה 200 טבליות,סנו מפעלי ברונוס.,IL,סוכרזית סטיוויה 200,Unknown,0.00,Unknown,false,1,26.90,26.90,true,1,
7290017599274,false,סוכרזית סטיוויה 120 שקיות,ביסקול בע''מ,IL,סוכרזית סטיוויה 120,גרמים,120.00,100 גרם,false,1,39.90,33.25,true,1,
7290017617046,false,נתחי טונה בשמן זית כתית מעולה רביעיה * 140 ג',סטארקיסט,TR,רביעיית טונה בשמן זי,גרמים,560.00,100 גרם,false,1,24.90,4.45,true,1,
7290017617138,false,רביעיית טונה סטארקיסט בשמן קנולה דל נתרן 160 גרם,"סטארקיסט פודור בע""מ",TH,סטארקיסט טונה קנולה,גרמים,640.00,100 גרם,false,1,23.90,3.73,true,1,
7290017617428,false,"סטארקיסט נתחי סלמון עם פסטה, עגבניות וזיתים פיקנטי",סטארקיסט Starkist,PL,טונה סטארקיסט סלמון,גרמים,160.00,100 גרם,false,1,16.90,10.56,true,1,
7290017631790,false,תבשיל עגל טושונקה 40,,IL,טושונקה עגל 400 גר,גרמים,400.00,100 גרם,false,1,19.90,4.98,true,1,
7290017647166,false,יין פינו נואר גמלא 2021 750 מל,יקבי רמת הגולן,,יין פינו נואר גמלא 2,Unknown,0.00,Unknown,false,1,64.90,64.90,true,1,
7290017647425,false,"יין גמלא קברנה סוביניון שנת 2018 750 מ""ל",יקבי רמת הגולן,IL,יין גמלא קברנה סובינ,Unknown,0.00,Unknown,false,1,64.40,64.40,true,1,
7290017647487,false,"יין גמלא בלנד אדום 750 מ""ל",,IL,יין גמלא בלנד אדום 7,Unknown,0.00,Unknown,false,1,89.90,89.90,true,1,
7290017647708,false,"רמת הגולן גמלא גוורצטרמינר, 750 מ""ל י יקב רמת הגולן",מיוצר וממולא על ידי יקב,IL,יין גמלא גוורצטרמינר,Unknown,0.00,Unknown,false,1,64.90,64.90,true,1,
7290017647791,false,"יין ירדן קברנה סוביניון 2019 750 מ""ל",יקבי רמת הגולן,IL,יין ירדן קברנה סובינ,Unknown,0.00,Unknown,false,1,129.90,129.90,true,1,
7290017670119,false,מאג 450 דרים,,,מאג ניו בון ציינה,Unknown,0.00,Unknown,false,1,11.90,11.90,true,1,
7290017672571,false,בקבוק קטשופ שקוף 0.,,,בקבוק קטשופ שקוף 0.,Unknown,0.00,Unknown,false,1,6.90,6.90,true,1,
7290017675060,false,טחינה שומשום מלא היונה 450 גרם,,IL,טחינה שומשום מלא הי,גרמים,450.00,100 גרם,false,1,16.60,3.69,true,1,
7290017712413,false,חטיף פרמיו רול סלמון,לנגי,CN,חטיף פרמיו רול סלמון,Unknown,0.00,Unknown,false,1,16.90,16.90,true,1,
7290017712734,false,פרמיו לגור חתולים עוף וכבד,פרמיו Premio,,פרמיו גור עוף וכבד 1,Unknown,0.00,Unknown,false,1,4.90,4.90,true,1,
7290017712765,false,פרימו סלמון ופורל לחתול,פרמיו Premio,FR,פרמיו סלמון ופורל 10,Unknown,0.00,Unknown,false,1,4.90,4.90,true,1,
7290017712932,false,פרמיו כריות בקר לחתול,פרמיו Premio,AT,פרמיו כריות בקר 60 ג,Unknown,1.00,Unknown,false,1,9.90,9.90,true,1,
7290017715285,false,רביעיית מחית תפוח עץ עם דובדבן תומר 113 גרם,Cherry growers inc,US,"רסק תפו""ע עם דובדבן",גרמים,452.00,100 גרם,false,1,13.40,2.96,true,1,
7290017715728,false,זית מנזלינו גדול תומר 560 גרם A2,עדן,IL,זית מנזלינו גדול תומ,גרמים,560.00,100 גרם,false,1,8.50,1.52,true,1,
7290017715735,false,A2 זית סורי מבוקע תומר 560 גרם,עדן,IL,A2 זית סורי מבוקע תו,גרמים,560.00,100 גרם,false,1,9.50,1.70,true,1,
7290017746197,false,לחמניות המבורגר 6יחידות,מאפיית דוידוביץ ובניו בע,IL,המבורגר 100 גרם,גרמים,100.00,100 גרם,false,1,13.90,13.90,true,1,
7290017757551,false,מחבת עמוק 22 סמ ציפו,,,מחבת עמוק 22 סמ ציפו,Unknown,0.00,Unknown,false,1,79.90,79.90,true,1,
7290017812007,false,"יין P.C סוביניון שרדונה כרמל 750 מ""ל",כרמל מזרחי,IL,יין סוביניון/שרדונה,Unknown,0.00,Unknown,false,1,37.90,37.90,true,1,
7290017812571,false,מיץ ענבים תירוש אדום 100% טבעי כרמל 1 ליטר,יקבי כרמל Carmel Winery,IL,יין תירוש אדום 100%,Unknown,0.00,Unknown,false,1,19.90,19.90,true,1,
7290017812663,false,"תירוש לבן מיץ ענבים מבעבע כרמל 750 מ""ל",ג'\קובז'\י איי.אי פיגלי,IL,תירוש מבעבע לבן 750,Unknown,0.00,Unknown,false,1,21.50,21.50,true,1,
7290017812830,false,יין רוזה פרייבט קולקשיין 750מל יקבי כרמל,"כד בני דרום בע""מ",IL,"יין רוזה 750 מ""ל P.C",Unknown,0.00,Unknown,false,1,37.90,37.90,true,1,
7290017812847,false,"יין פרנץ גוורצטרמינר סלקטד כרמל 750 מ""ל","כד בני דרום בע""מ",IL,סלקטד פרנץ גוורצטרמי,Unknown,0.00,Unknown,false,1,30.90,30.90,true,1,
7290017812885,false,"יין P.C סוביניון בלאן גוורצטרמינר כרמל 750 מ""ל",אגודת הכורמים א.ת אל,IL,יין סוביניון בלאן גו,Unknown,0.00,Unknown,false,1,37.90,37.90,true,1,
7290017816005,false,בייגלה כוסמין שמיניות שומשום 300 גר,יוליניבר,IL,בייגלה כוסמין שמיניו,גרמים,300.00,100 גרם,false,1,15.50,5.17,true,1,
7290017850009,false,קולגן אקטיב גולד,,,קולגן אקטיב גולד,Unknown,0.00,Unknown,false,1,169.90,169.90,true,1,
7290017850146,false,פרוביוטיקה 25 ביליון,,,פרוביוטיקה 25 ביליון,Unknown,0.00,Unknown,false,1,149.90,149.90,true,1,
7290017870250,false,כוס נייר גלים 12OZ ע,,CN,כוס נייר גלים 12OZ ע,Unknown,0.00,Unknown,false,1,16.90,16.90,true,1,
7290017871363,false,פמילי יהלום- פמלי סבון ידיים מועשר בשמן מקדמיה לניקוי וטיפוח עור הידיים,המאפיה של הרמן,TR,סבון ידיים פמלי יהלו,מיליליטרים,500.00,"100 מ""ל",false,1,10.90,2.18,true,1,
7290017872193,false,טוסו עוגיות שקדים וקינמון ללא סוכר 200 גרם,"הגביע מוצרי וופלים בע""\מ",IL,טוסו עוגיות שקדים וק,גרמים,200.00,100 גרם,false,1,21.90,10.95,true,1,
7290017873169,false,"פמילי סבון ידיים מועשר בשמן זית 500 מ""ל",טאהא,TR,פמילי ת. רחצה בשמן ז,Unknown,0.00,Unknown,false,1,10.90,10.90,true,1,
7290017888019,false,"משקה תפוח רימון סלק גינגיר פרות &ווג 350 מ""ל",פרוט אנד וג' Fruit & Veg,IL,פרוט & ווג תפוח רימו,מיליליטרים,350.00,"100 מ""ל",false,1,7.50,2.14,true,1,
7290017888026,false,"משקה אננס תפוח גזר פרות & ווג 350 מ""ל",פרוט אנד וג' Fruit & Veg,IL,פרוט & וג אננס תפוח,מיליליטרים,350.00,"100 מ""ל",false,1,7.50,2.14,true,1,
7290017888033,false,"משקה בננה מלון נענע פרות &ווג 350 מ""ל",פרוט אנד וג' Fruit & Veg,IL,פרוט & וג בננה מלון,מיליליטרים,350.00,"100 מ""ל",false,1,7.50,2.14,true,1,
7290017888101,false,"שוויפס מוגז עדין אפרסק מארז רביעייה* 330 מ""ל",יפאורה תבורי בעמ,IL,שוופס מוגז עדין אפרס,מיליליטרים,1320.00,"100 מ""ל",false,1,15.50,1.17,true,1,
7290017888347,false,מי עדן פקק ספורטאים 500,"מי עדן בע""מ",IL,מי עדן אישי 500 מל,מיליליטרים,500.00,"100 מ""ל",false,1,2.90,0.58,true,1,
7290017888354,false,מים מינרליים בקבוק ס,מים מינרליים,IL,מים ספורט 750 מל,מיליליטרים,750.00,"100 מ""ל",false,1,3.00,0.40,true,1,
7290017888644,false,"משקה אננס בננה כורכום פרות & ווג 350 מ""ל",פרוט אנד וג' Fruit & Veg,IL,פרוט & וג בננה מלון,מיליליטרים,350.00,"100 מ""ל",false,1,7.50,2.14,true,1,
7290017888729,false,שוופס סודה בקבוק 1 ל',"יפאורה תבורי בע""\מ",IL,שוופס סודה 1 ליטר,מיליליטרים,1000.00,"100 מ""ל",false,1,3.90,0.39,true,1,
7290017888972,false,בקבוק מי עדן פקק ספורט 1 ליטר,"מופק ממקור בזלתי עדן ,1",IL,מי עדן פקק ספורט 1 ל,מיליליטרים,1000.00,"100 מ""ל",false,1,4.10,0.41,true,1,
7290017894072,false,אבקת הלבנה אקופרנד 500 ג,אקופרנד,IL,אבקת הלבנה 500 גרם,גרמים,500.00,100 גרם,false,1,19.90,3.98,true,1,
7290017894089,false,קמח שיבולת שועל דגש 400 גרם,אף. סי תבליני הגליל,IL,קמח שיבולת שועל דגש,גרמים,400.00,100 גרם,false,1,22.90,5.73,true,1,
7290017894096,false,ממרח בטעם מיונז טבעוני אורגני 350 גרם,אף.סי תבליני בגליל ב,DE,ממרח בטעם מיונז טבעו,גרמים,350.00,100 גרם,false,1,23.90,6.83,true,1,
7290017894119,false,פוזילי אורז תירס דגש 400 גרם,אנדריאני,IL,פוזילי אורז תירס דגש,גרמים,400.00,100 גרם,false,1,10.90,2.73,true,1,
7290017894225,false,גרנולה ש.שועל מלאה ואגוזים דגש 250 גרם,דגש,IL,גרנולה ש.שועל מלאה ו,גרמים,250.00,100 גרם,false,1,22.90,9.16,true,1,
7290017894256,false,"פריכיות מאורז מלא לל""ג דגש 230 גרם",דגש,IL,פריכיות מאורז מלא לל,גרמים,230.00,100 גרם,false,1,15.40,6.70,true,1,
7290017907208,false,תערובת קמח רב תכליתי לנמנעים מגלוטן,מנדלז סי.אר. פרודקשן,IL,קמח תמי רב תכליתי לל,גרמים,500.00,100 גרם,false,1,18.80,3.76,true,1,
7290017907222,false,תערובת קמח תופח לנמנעים מגלוטן,פוראטוס ישראל,IL,קמח תמי תופח ללא גלו,גרמים,500.00,100 גרם,false,1,18.80,3.76,true,1,
7290017907239,false,תערובת תמי לעוגת שוקולד ללא גלוטן 450 גר,פוראטוס ישראל,IL,תערובת תמי לעוגת שוק,גרמים,450.00,100 גרם,false,1,19.80,4.40,true,1,
7290017925028,false,"מארז בירה צרי שוף 3*330 מ""ל",פארייפאבה אגרואינדוס,BE,מארז בירה צרי שוף 3*,מיליליטרים,990.00,"100 מ""ל",false,1,28.90,2.92,true,1,
7290017928227,false,שטוחלה פינוקים מאיר בייגל 300 גרם,מאיר את בייגל,IL,בייגלה שטוחלה פינוקי,גרמים,300.00,100 גרם,false,1,12.50,4.17,true,1,
7290017928463,false,מאיר בייגל -סמאש-שבורים בטעם דבש חרדל ובצל 300 גרם,מאיר בייגל,BG,סמאש שבורים בטעם דבש,גרמים,300.00,100 גרם,false,1,15.60,5.20,true,1,
7290017928609,false,בייגלה טבעות שומשום מאיר בייגל 300 גרם,מאיר את בייגל,IL,בייגלה טבעות שומשום,גרמים,300.00,100 גרם,false,1,12.50,4.17,true,1,
7290017928616,false,שטוחלה שומשום מאיר בייגל 300 גרם,מאיר את בייגל,IL,בייגלה שטוחלה שומשום,גרמים,300.00,100 גרם,false,1,12.50,4.17,true,1,
7290017928821,false,מקלות גריסיני קלאסי מאיר בייגל 200 גרם,מאיר את בייגל,IL,מקלות גריסיני קלאסי,גרמים,200.00,100 גרם,false,1,12.50,6.25,true,1,
7290017946368,false,שלישיית כדוריות סבון לאסלה אוקיינוס סוד 50 גרם,הנקל סוד,RS,סבון לאסלה כדוריות א,יחידה,1.00,יחידה,false,1,26.50,26.50,true,1,
7290017946399,false,"מרכך כביסה מרוכז ארומתרפי אדום 900 מ""ל סוד",הנקל סוד,IL,מרכך כביסה סוד מרוכז,מיליליטרים,900.00,"100 מ""ל",false,1,15.60,1.73,true,1,
7290017946979,false,פרסיל גל לכביסה דיפ קלין מנטרל ריחות 2.4,"הנקל סוד בע""\מ",IL,פרסיל גל לכביסה 2.4,מיליליטרים,2.00,"100 מ""ל",false,1,36.50,1825.00,true,1,
7290017973067,false,קונפיטורה אוכמניות מרוסקות עם סוכר 900 ג,,IL,קונפיטורה אוכמניות מ,גרמים,900.00,100 גרם,false,1,24.90,2.77,true,1,
7290018011126,false,מאגדת ארטיק סורבה קוקוס 5*80 גרם,תמרה ארטיק,IL,מאגדת ארטיק סורבה קו,גרמים,400.00,100 גרם,false,1,42.90,10.73,true,1,
7290018011713,false,מאגדת ארטיק יוגורט תות מקופלת 5*80 גרם,תמרה ארטיק,IL,מאגדת ארטיק יוגורט ת,גרמים,400.00,100 גרם,false,1,42.90,10.73,true,1,
7290018045312,false,זוג ספוגי ניקוי סקראב דדי,,US,זוג ספוגי ניקוי סקרא,Unknown,0.00,Unknown,false,1,19.90,19.90,true,1,
7290018045503,false,דגני חיטה ואורז בטעם בוקר 311 ג' הלו קיטי,נורדגטריידה,DE,דגני בוקר הלו קיטי ל,גרמים,311.00,100 גרם,false,1,25.90,8.33,true,1,
7290018080061,false,מברשת אצבע דו צדדית מסיליקון,מאמי קר Mommy Care,CN,מברשת אצבע סיליקון,Unknown,0.00,Unknown,false,1,19.90,19.90,true,1,
7290018080313,false,מגבון חיטוי וניקוי העור 60 מגבונים,,IL,מגבון חיטוי וניקוי ה,Unknown,0.00,Unknown,false,1,13.90,13.90,true,1,
7290018098486,false,פיצה מרגריטה מקמח כוסמין טבעוני 350 גרם פרווה,"אופק מן הטבע בע""\מ",IL,פיצה מרגריטה 350 גרם,גרמים,350.00,100 גרם,false,1,21.90,6.26,true,1,
7290018098592,false,שווארמה טבעוניות ביף,"אופק מן הטבע בע""\מ",IL,שווארמה 300 גר BEEF,גרמים,300.00,100 גרם,false,1,21.90,7.30,true,1,
7290018131251,false,אקסטרים מטבע שוקולד לבן וליבת קרם עוגיות 115ג',גלידות נסטלה )נגה גלידות,IL,אקסטרים מטבע שוקולד,גרמים,128.00,100 גרם,false,1,10.00,7.81,true,1,
7290018131336,false,שלגון ליון בטעם קרמל עם,שוורצקוף& הנקל דיסלד,PL,שלגון ליון 71 גרם,גרמים,71.00,100 גרם,false,1,10.00,14.08,true,1,
7290018131954,false,קרחון שרבט פרווה לה פרוטה תות שדה ושוקולד מריר,נגה גלידות שותפות מוגבלת,IL,לה פרוטה תות נסטלה 3,מיליליטרים,350.00,"100 מ""ל",false,1,34.50,9.86,true,1,
7290018132340,false,"מטרנה גולד בד""ץ שלב 1 700 גרם",מטרנה תעשיות ש.מ.,IL,מטרנה גולד שלב 1 700,גרמים,700.00,100 גרם,false,1,74.90,10.70,true,1,
7290018132388,false,מטרנה גולד שלב 2 תרכובת מזון על בסיס חלבי,מטרנה תעשיות ש.מ.,IL,מטרנה גולד שלב 2 700,גרמים,700.00,100 גרם,false,1,74.90,10.70,true,1,
7290018165843,false,"יין פלדשטיין גראנש 750 מ""ל",יקב פלדשטיין,IL,יין פלדשטיין גראנש,Unknown,0.00,Unknown,false,1,109.90,109.90,true,1,
7290018182307,false,מקלוני נייר לבן עם צמר גפן צבעוני 200 יח,,CN,מקלוני נייר לבן עם צ,יחידה,1.00,יחידה,false,1,6.90,6.90,true,1,
7290018192023,false,מקלות סלרי ארוז יח',"מרינה פטריות הגליל בע""מ",IL,גבעול סלרי,Unknown,0.00,Unknown,false,1,5.90,5.90,true,1,
7290018198056,false,תפוגן קוביות תפוחי אדמה 9*1.5קג,עיצובים 2020 (4.5),IL,ציפס קוביות תפוגן 1.,גרמים,1500.00,100 גרם,false,1,27.50,1.83,true,1,
7290018198254,false,"תפוגן קריספי צ'יפס פוטטוס 1.25 ק""ג",עיצובים 2020 (4.5),IL,תפוגן קריספי ציפס פו,גרמים,1250.00,100 גרם,false,1,26.50,2.12,true,1,
7290018236635,false,צ'ונגו-פופקורן מצופה עוף טוב 600 גרם,מוצרי עוף טוב (2001) בע\,IL,עוף טוב צונגו פופקור,גרמים,600.00,100 גרם,false,1,32.90,5.48,true,1,
7290018237939,false,שניצלונים ציפוי שומשום עוף טוב 700 גרם,מוצרי עוף טוב (2001) בע\,IL,שניצלונים ציפוי שומש,גרמים,700.00,100 גרם,false,1,22.90,3.27,true,1,
7290018249123,false,אינסטנט פודינג סוויטאנגו בטעם וניל,מתבל תעשיות מזון,IL,אינסטנט פודינג וניל,גרמים,50.00,100 גרם,false,1,12.90,25.80,true,1,
7290018249154,false,סוויטאנגו ממרח אגוזי לוז 350 גרם,"אחדות ביח""ר לטחינה ח",IL,ממרח קקאו סוויטאנגו,גרמים,350.00,100 גרם,false,1,33.90,9.69,true,1,
7290018249802,false,סוויטאנגו אריזת צנצנת 280 גרם,מתבל תעשיות מזון,IL,ממתיק סוויטאנגו 280,גרמים,200.00,100 גרם,false,1,31.50,15.75,true,1,
7290018249994,false,ממתיק סוויטאנגו אריזת חיסכון,מתבל תעשיות מזון,IL,סוויטאנגו 700 גרם,גרמים,700.00,100 גרם,false,1,54.90,7.84,true,1,
7290018294208,false,"סלקטדאדום ישראלי יבש כרמל 750 מ""ל","כד בני דרום בע""מ",IL,יין אדום ישראלי 750,Unknown,0.00,Unknown,false,1,30.90,30.90,true,1,
7290018294369,false,"מיץ ענבים תירוש כרמל 700 מ""ל",יקבי כרמל Carmel Winery,IL,"תירוש אדום 700 מ""ל",מיליליטרים,700.00,"100 מ""ל",false,1,14.90,2.13,true,1,
7290018338001,false,חלבון אפונה אורגני 200 גרם,תבואות,CN,חלבון אפונה אורגני 2,גרמים,200.00,100 גרם,false,1,29.90,14.95,true,1,
7290018338049,false,"שמן אבוקדו כבישה קרה 250 מ""ל",פולאן פולסקו,ES,שמן אבוקדו כבישה קרה,מיליליטרים,250.00,"100 מ""ל",false,1,22.90,9.16,true,1,
7290018338230,false,קינמון טחון אורגני 90 גרם,,IN,קינמון טחון אורגני 9,גרמים,90.00,100 גרם,false,1,14.90,16.56,true,1,
7290018338285,false,גראם מסאלה אורגני 90 גרם,,IN,גראם מסאלה אורגני 90,גרמים,90.00,100 גרם,false,1,14.90,16.56,true,1,
7290018338353,false,"שמן פשתן אורגני 250 מ""ל",גו אנד קו,IT,שמן פשתן אורגני 250,מיליליטרים,250.00,"100 מ""ל",false,1,21.90,8.76,true,1,
7290018338360,false,רסק עגבניות אורגני 70 גרם,,IT,רסק עגבניות אורגני 7,גרמים,70.00,100 גרם,false,1,2.60,3.71,true,1,
7290018338759,false,אבקת שום אורגני 80 גרם,,IN,אבקת שום אורגני 80 ג,גרמים,80.00,100 גרם,false,1,14.90,18.63,true,1,
7290018338889,false,חליטת קמומיל אורגני 37.5 גרם,,LK,חליטת קמומיל אורגני,גרמים,38.00,100 גרם,false,1,14.90,39.21,true,1,
7290018338957,false,מחית תפוח אוכמניות רימון אורגני 100 גרם,תבואות,IT,מחית תפוח אוכמניות ר,גרמים,100.00,100 גרם,false,1,4.90,4.90,true,1,
7290018338971,false,מחית שזיף אורגני 100 גרם,תבואות,IT,מחית שזיף אורגני 100,גרמים,100.00,100 גרם,false,1,4.90,4.90,true,1,
7290018344095,false,חטיף חלבון בטעם בוטנים מלח 50 ג' VEG PROTEIN,ממתקי השלום,IL,חטיף חלבון בוטנים ומ,גרמים,50.00,100 גרם,false,1,9.90,19.80,true,1,
7290018344118,false,חטיף חלבון פירות וסלק טבע ירוק 50 גרם,,IL,חטיף חלבון פירות וסל,גרמים,50.00,100 גרם,false,1,9.90,19.80,true,1,
7290018359112,false,PASSATA מחית עגבניות יכין 690 גרם בבקבוק,אמיליאנה קונסרב,IL,פאסאטה מחית עגבניות,גרמים,690.00,100 גרם,false,1,9.90,1.43,true,1,
7290018359129,false,פולפה עגבניות חתוכות מקולפות דק יכין 690 גרם,אמיליאנה קונסרב,IT,פולפה עגבניות מקולפו,גרמים,690.00,100 גרם,false,1,9.90,1.43,true,1,
7290018359334,false,רכז עגבניות טבעי פריכוז שף יכין 580 גרם,זנלכל,IL,רכז עגבניות טבעי פרי,גרמים,580.00,100 גרם,false,1,10.90,1.88,true,1,
7290018359495,false,תירס מהשדה בלי תוספת סוכר יכין 550 גרם,היינץ צפון אמריקה מק,IL,תירס מהשדה ללא תוספת,גרמים,550.00,100 גרם,false,1,9.90,1.80,true,1,
7290018359518,false,תירס מהשדה בלי תוספת סוכר יכין מארז 200X3 גר',"זנלכל בע""\מ",IL,תירס מהשדה יכין 200*,גרמים,600.00,100 גרם,false,1,14.90,2.48,true,1,
7290018359556,false,תירס מהשדה בלי תוספת סוכר יכין 400 גרם,היינץ צפון אמריקה מק,IL,תירס מהשדה יכין 400,גרמים,400.00,100 גרם,false,1,6.90,1.73,true,1,
7290018359655,false,מארז פטריות חתוכות יכין 200X3 גרם,יכין,,פטריות חתוכות יכין 1,גרמים,185.00,100 גרם,false,1,11.90,6.43,true,1,
7290018359686,false,יכין חומוס גדול 550 גר A2,היינץ צפון אמריקה מק,IL,חומוס ענק יכין 550 ג,גרמים,550.00,100 גרם,false,1,9.90,1.80,true,1,
7290018359716,false,רוטב עגבניות פיצה טוסקנה 240 גרם יכין,"זנלכל בע""\מ",IL,רוטב עגבניות פיצה ט,גרמים,240.00,100 גרם,false,1,6.50,2.71,true,1,
7290018359938,false,"רוטב עגבניות לשקשוקה יכין, 400 גרם",זנלכל,IL,רוטב עגבניות לשקשוקה,גרמים,400.00,100 גרם,false,1,11.90,2.98,true,1,
7290018359952,false,רוטב עגבניות לפסטה יכין 400 גרם,זנלכל,IL,רוטב עגבניות לפסטה י,גרמים,400.00,100 גרם,false,1,11.90,2.98,true,1,
7290018359969,false,רוטב עגבניות לפיצה יכין 400 גרם,זנלכל,IL,רוטב עגבניות לפיצה י,גרמים,400.00,100 גרם,false,1,11.90,2.98,true,1,
7290018367322,false,שומשום בטעם רוטב סויה 100 גרם,,TW,שומשום בטעם רוטב סוי,גרמים,100.00,100 גרם,false,1,19.90,19.90,true,1,
7290018367346,false,שומשום בטעם וואסבי 100 גרם,Flavor full foods in,TW,שומשום בטעם וואסבי 1,גרמים,100.00,100 גרם,false,1,19.90,19.90,true,1,
7290018371060,false,"תרסיס שמן זית אורגני השדה 200 מ""ל",,TR,תרסיס שמן זית אורגני,מיליליטרים,200.00,"100 מ""ל",false,1,33.90,16.95,true,1,
7290018371305,false,אובלטים מקמח עדשים אדומות אורגני 100 גרם,השדה מוצרים טבעיים ו,IL,אובלטים מקמח עדשים א,גרמים,100.00,100 גרם,false,1,12.90,12.90,true,1,
7290018371527,false,וופל קוביות קמח מלא חרובים אורגני 200 גר,השדה מוצרים טבעיים ו,IL,וופל קוביות קמח מלא,גרמים,200.00,100 גרם,false,1,14.90,7.45,true,1,
7290018371596,false,קוביות וופלים כוסמין לימון אורגני 200 גר,רוקחמן,IL,קוביות וופלים כוסמין,גרמים,200.00,100 גרם,false,1,16.90,8.45,true,1,
7290018380024,false,מלפפון במלח 13-17+ 20 % 670 ג' תומר,,IL,מלפפון במלח 13-17 +,גרמים,670.00,100 גרם,false,1,9.40,1.40,true,1,
7290018380130,false,פלפל שיפקה חריף A2 תומר 540 גרם,,IL,פלפל שיפקה חריף 540,גרמים,540.00,100 גרם,false,1,6.30,1.17,true,1,
7290018380505,false,"אורז פרסי ארוך 1 ק""ג ""תומר""",,TH,אורז פרסי לבן ארוך 1,גרמים,1000.00,100 גרם,false,1,7.90,0.79,true,1,
7290018380598,false,פרוסות סלק אדום במי מלח 700 גרם,,PL,פרוסות סלק אדום במי,גרמים,700.00,100 גרם,false,1,11.40,1.63,true,1,
7290018380628,false,צלפים שלמים עם גבעול בחומץ תומר 370 גרם,,MA,צלפים עם גבעול במי מ,גרמים,370.00,100 גרם,false,1,13.90,3.76,true,1,
7290018394038,false,פטריות שיטאקה מיובשות חוות תקוע 25 גרם,חקלאי,IL,פיטריות שיטאקי מיובש,Unknown,0.00,Unknown,false,1,10.90,10.90,true,1,
7290018440254,false,תה צ'אי קרמל מלוח 25 שקיקים ויסוצקי,תה ויסוצקי,IL,צאי קרמל מלוח 25 שק,גרמים,50.00,100 גרם,false,1,22.90,45.80,true,1,
7290018440438,false,Calvo טונה בשמן זית פתיחה קלה 3 * 65 גרם,"קאלוו קונסרבס ס.ל.יו. ,",ES,טונה קאלוו איזי פליפ,גרמים,195.00,100 גרם,false,1,26.90,13.79,true,1,
7290018440469,false,טונה קאלוו ברוטב עגבניות 80 גר*3,קאלבו קונסרבס ס.ל.ו,ES,טונה קאלוו ברוטב עגב,גרמים,240.00,100 גרם,false,1,25.90,10.79,true,1,
7290018440896,false,הגן הקסום חליטה ג'ינגר כורכום ויסוצקי 25 יח,תה ויסוצקי,IL,חליטת גינגר וכורכום-,גרמים,50.00,100 גרם,false,1,22.90,45.80,true,1,
7290018471029,false,"סודה בטעם לימון - מארז 6 בקבוקים 500 מ""ל",יפאורה תבורי בעמ,IL,שישיית שוופס סודה לי,מיליליטרים,1500.00,"100 מ""ל",false,1,14.50,0.97,true,1,
7290018471197,false,פרוט & ווג' תפוח בננה מלון נענע 1 ליטר,פרוט אנד וג' Fruit & Veg,IL,פרוט & ווג תפוח בננה,מיליליטרים,1000.00,"100 מ""ל",false,1,14.90,1.49,true,1,
7290018471302,false,"מארז רביעייה שוויפס טוניק 250מ""ל",יפאורה תבורי בעמ,IL,"שוופס טוניק 250 מ""ל",מיליליטרים,1000.00,"100 מ""ל",false,1,22.90,2.29,true,1,
7290018471456,false,קרטונית ספרינג שייק אננס מנגו פסיפלורה 1 ליטר,"יפאורה תבורי בע""\מ",IL,ספרינג שייק אננס מנג,מיליליטרים,1000.00,"100 מ""ל",false,1,14.30,1.43,true,1,
7290018471463,false,תפוזינה נקטר תפוז מנגו קרטונית 1 ליטר,"יפאורה תבורי בע""\מ",IL,תפוזינה תפוז מנגו 1,מיליליטרים,1000.00,"100 מ""ל",false,1,7.60,0.76,true,1,
7290018471470,false,תפוזינה נקטר תפוז פסיפלורה קרטונית 1 ליטר,"יפאורה תבורי בע""\מ",IL,תפוזינה תפוז פסיפלור,מיליליטרים,1000.00,"100 מ""ל",false,1,7.60,0.76,true,1,
7290018471494,false,קרטונית נקטר ספרינג תפוז גזר 1 ליטר,"יפאורה תבורי בע""\מ",IL,תפוזינה תפוז גזר 1 ל,מיליליטרים,1000.00,"100 מ""ל",false,1,7.60,0.76,true,1,
7290018471548,false,"רביעיית ספרינג ענבים 250 מ""ל","יפאורה תבורי בע""\מ",IL,"ספרינג ענבים 250 מ""ל",מיליליטרים,1000.00,"100 מ""ל",false,1,13.90,1.39,true,1,
7290018471616,false,שוופס אינדיאן טוניק 1 ליטר,"יפאורה תבורי בע""\מ",IL,שוופס טוניק קלאסי 1,מיליליטרים,1000.00,"100 מ""ל",false,1,9.20,0.92,true,1,
7290018471630,false,שוופס טוניק מלפפון ליים 1 ליטר,"יפאורה תבורי בע""\מ",IL,שוופס טוניק מלפפון ל,מיליליטרים,1000.00,"100 מ""ל",false,1,9.20,0.92,true,1,
7290018471692,false,ספרינג שייק בננה אננס קוקוס פירות יער קרטונית 1 ל',"יפאורה תבורי בע""\מ",IL,ספרינג שייק בננה אננ,מיליליטרים,1000.00,"100 מ""ל",false,1,14.30,1.43,true,1,
7290018471906,false,שוופס מוגז פירות לימונדה ורודה 1.5 ליטר פיקדון,"יפאורה תבורי בע""\מ",IL,שוופס מוגז לימונדה ו,ליטרים,0.00,ליטר,false,1,9.20,9.20,true,1,
7290018471913,false,משקה מוגז פירות תפוחים שוופס 1.5 ליטר,"יפאורה תבורי בע""\מ",IL,שוופס מוגז תפוחים 1.,ליטרים,0.00,ליטר,false,1,9.20,9.20,true,1,
7290018471937,false,שוופס מוגז פירות תות ליים 1.5 ליטר פיקדון,"יפאורה תבורי בע""\מ",IL,שוופס מוגז פירות תות,ליטרים,0.00,ליטר,false,1,9.20,9.20,true,1,
7290018471944,false,שוופס מוגז פירות לימונייד 1.5 ליטר פיקדון,"יפאורה תבורי בע""\מ",IL,שוופס מוגז לימונייד,ליטרים,0.00,ליטר,false,1,9.20,9.20,true,1,
7290018471951,false,שוופס מוגז פירות אשכולית אדומה 1.5 ליטר פיקדון,"יפאורה תבורי בע""\מ",IL,שוופס מוגז אשכולית א,ליטרים,0.00,ליטר,false,1,9.20,9.20,true,1,
7290018516362,false,מחיט תפוח עץ בננה ושבולות שועל 190 ג' פרינוק גוניור,פרוטה פודווין איי.אס,CZ,"פרינוק גוניור תפ""ע+ב",גרמים,190.00,100 גרם,false,1,7.90,4.16,true,1,
7290018542101,false,נייר אפייה אקולוגי 3,,FR,נייר אפייה אקולוגי,Unknown,1.00,Unknown,false,1,7.90,7.90,true,1,
7290018542958,false,"צלחת מתכלה 7.5"" סדרת שמש אר 20 יח' דנטס",,CN,צלחת מתכלה 7.5 סדרת,Unknown,1.00,Unknown,false,1,10.90,10.90,true,1,
7290018542972,false,"צלחת מתכלה 10"" סדרת שמש אר 20 יח' דנטס",,CN,צלחת מתכלה 10 סדרת ש,Unknown,1.00,Unknown,false,1,24.90,24.90,true,1,
7290018593325,false,לאבנה שקדים טבעוני פלנטי 220 גרם,פלנטי,IL,לאבנה שקדים טבעוני פ,גרמים,220.00,100 גרם,false,1,20.90,9.50,true,1,
7290018652190,false,חטיף גלידה קראנץ בר 60 גרם,פרונרי איטליה,IT,חטיף גלידה קראנץ בר,גרמים,60.00,100 גרם,false,1,8.00,13.33,true,1,
7290018677001,false,"לחם אורז וגרעיני חמניות לל""ג 375 גרם",,CZ,לחם אורז וגרעיני חמנ,גרמים,375.00,100 גרם,false,1,18.90,5.04,true,1,
7290018677018,false,לחם מחמצת כוסמין מלא אורגני 375 גרם,,CZ,לחם מחמצת כוסמין מלא,גרמים,375.00,100 גרם,false,1,18.90,5.04,true,1,
7290018677032,false,לחם שיפון מלא מתובל אורגני 375 גרם,,CZ,לחם שיפון מלא מתובל,גרמים,375.00,100 גרם,false,1,18.90,5.04,true,1,
7290018677056,false,קוואקר דק אורגני 500 גרם,,DK,קוואקר דק אורגני 500,גרמים,500.00,100 גרם,false,1,11.90,2.38,true,1,
7290018677063,false,קוואקר עבה אורגני 500 גרם,,DK,קוואקר עבה אורגני 50,גרמים,500.00,100 גרם,false,1,11.90,2.38,true,1,
7290018677070,false,"קרם קוקוס אורגני 330 מ""ל",בראנץ'\ אוף בן טרה אימפו,VN,קרם קוקוס אורגני 330,מיליליטרים,330.00,"100 מ""ל",false,1,13.50,4.09,true,1,
7290018677124,false,גרנולה קראנצ'י חמוציות ודובדבנים ללא גלוטן וללא תוספת סוכר נוטרה זן-300 גרם,נוטרה זון,CZ,גרנולה קראנצי חמוציו,גרמים,300.00,100 גרם,false,1,23.90,7.97,true,1,
7290018703229,false,חטיף חלבון שוקולד אגוזים פראוד 60 גרם,פראוד,NL,חטיף חלבון שוקולד אג,גרמים,60.00,100 גרם,false,1,13.90,23.17,true,1,
7290018708125,false,בארכה חלבה מסולסלת וניל 250 גרם,רושדי תעשיות מזון,IL,בארכה חלבה מסולסלת ו,גרמים,250.00,100 גרם,false,1,16.50,6.60,true,1,
7290018724071,false,קקאו אורגני נטורלה 100 גרם,לוקס פרודקטס,IL,קקאו אורגני נטורלה 1,גרמים,100.00,100 גרם,false,1,17.90,17.90,true,1,
7290018724804,false,זרעי ציה 230 גרם NATURALE,,IL,זרעי ציה 230 גרם NAT,גרמים,230.00,100 גרם,false,1,14.40,6.26,true,1,
7290018749050,false,חינקלי קלאסי במילוי בשר 500 גרם,,IL,חינקלי קלאסי במילוי,גרמים,500.00,100 גרם,false,1,31.90,6.38,true,1,
7290018749104,false,"קרפלך במילוי תפו""א ובצל 700 גרם",,IL,"קרפלך במילוי תפו""א ו",גרמים,700.00,100 גרם,false,1,21.90,3.13,true,1,
7290018749210,false,מיני כיסונים קלאסיים במילוי בשר והודו למ,,IL,מיני כיסונים קלאסיים,גרמים,600.00,100 גרם,false,1,31.90,5.32,true,1,
7290018757000,false,מיץ רימונים אורגני עתיד ירוק 1 ליטר,,TR,מיץ רימונים אורגני ע,מיליליטרים,1000.00,"100 מ""ל",false,1,21.90,2.19,true,1,
7290018757017,false,מיץ שזיפים אורגני עתיד ירוק 1 ליטר,"דרופס גידה, סאן. טיק איי",TR,מיץ שזיפים אורגני עת,מיליליטרים,1000.00,"100 מ""ל",false,1,16.90,1.69,true,1,
7290018757024,false,מיץ תפוחים אורגני עתיד ירוק 1 ליטר,,TR,מיץ תפוחים אורגני עת,מיליליטרים,1000.00,"100 מ""ל",false,1,15.90,1.59,true,1,
7290018757031,false,מיץ תפוחים אורגני לא מסונן 1 ליטר,,TR,מיץ תפוחים אורגני לא,מיליליטרים,1000.00,"100 מ""ל",false,1,14.90,1.49,true,1,
7290018757116,false,קמח שקדים עתיד ירוק 250 גרם,"אשבל פונקציות בע""מ",IL,קמח שקדים עתיד ירוק,גרמים,250.00,100 גרם,false,1,24.90,9.96,true,1,
7290018757291,false,זרעי צ'יה לבנה 230 גרם,,PY,זרעי ציה לבנה 230 גר,גרמים,230.00,100 גרם,false,1,18.90,8.22,true,1,
7290018757352,false,אבקת תה מאצה אורגנית 100 גרם,,CN,אבקת תה מאצה אורגנית,גרמים,100.00,100 גרם,false,1,69.90,69.90,true,1,
7290018757505,false,סודה לשתייה ללא אלומיניום 600 גרם,אשבל בעמ,IL,סודה לשתייה ללא אלומ,גרמים,600.00,100 גרם,false,1,18.90,3.15,true,1,
7290018757543,false,"מיץ רימונים אורגני עתיד ירוק 250 מ""ל",,TR,מיץ רימונים אורגני ע,מיליליטרים,250.00,"100 מ""ל",false,1,9.90,3.96,true,1,
7290018757550,false,"מיץ תפוחים אורגני עתיד ירוק 250 מ""ל",,TR,מיץ תפוחים אורגני עת,מיליליטרים,250.00,"100 מ""ל",false,1,9.90,3.96,true,1,
7290018757567,false,"מיץ אפרסק משמש תפוח אורגני 250 מ""ל",,TR,מיץ אפרסק משמש תפוח,מיליליטרים,250.00,"100 מ""ל",false,1,9.90,3.96,true,1,
7290018757574,false,זרעי ציה 230 ג SUPER FOOD,זן בר,IL,זרעי ציה 230 ג SUPER,גרמים,230.00,100 גרם,false,1,13.90,6.04,true,1,
7290018757680,false,"חומץ תפוחים אורגני 750 מ""ל",,TR,חומץ תפוחים אורגני 7,מיליליטרים,750.00,"100 מ""ל",false,1,17.90,2.39,true,1,
7290018757949,false,ממרח אגוזי נמר שקד מולבן ופיסטוק 300 גרם,,IL,ממרח אגוזי נמר שקד מ,גרמים,300.00,100 גרם,false,1,29.90,9.97,true,1,
7290018792841,false,אבקת קקאו טבעי גאנה 150 גר,אברמוביץ עזר קקאו וש,IL,אבקת קקאו טבעי גאנה,גרמים,150.00,100 גרם,false,1,9.90,6.60,true,1,
7290018860984,false,אטריות ביצים דקות 400 גרם,xiamen zhongshi impo,CN,אטריות ביצים דקות 40,גרמים,400.00,100 גרם,false,1,9.90,2.48,true,1,
7290018860991,false,אטריות ביצים רחבות 400 גרם,xiamen zhongshi impo,CN,אטריות ביצים רחבות 4,גרמים,400.00,100 גרם,false,1,9.90,2.48,true,1,
7290018889305,false,עוגה קריסטלית לב רד וולוט חלבי 225 ג' נטלי,נטלי,IL,עוגת רד וולוט חלבי נ,גרמים,225.00,100 גרם,false,1,22.90,10.18,true,1,
7290018889473,false,עוגה קריסטלית לב מוס גבינה מצופה פררו רושה 170ג' נטלי,נטלי,IL,מוס גבינה מצופה פררו,גרמים,155.00,100 גרם,false,1,22.90,14.77,true,1,
7290018893081,false,עוגות מגולגלות במילוי קרם חלבי וציפוי בטעם שוקולד,צ'וקטה Chocketa,IT,יוגטה עוג.איש. מגולג,גרמים,222.00,100 גרם,false,1,10.80,4.86,true,1,
7290018893258,false,צ'וקטה עוגות אישיות במילוי קרם קרמל ובציפוי בטעם שוקולד 300 גרם,פרדי קונדיטוריה אס.פ,IT,צוקטה עוגות אישיות ב,גרמים,300.00,100 גרם,false,1,16.60,5.53,true,1,
7290018893289,false,צ'וקטה עוגות מגולגלות בטעם קקאו במילוי קרם קקאו וציפוי בטעם שוקולד 6 יח' 222 גרם,צ'וקטה Chocketa,IT,יוגטה עוגות אישיות מ,גרמים,222.00,100 גרם,false,1,10.50,4.73,true,1,
7290018893456,false,צ'וקטה עוגות אישיות במילוי קרם ובציפוי בטעם שוקולד 300 גרם,"פרדי קונדיטוריה אס,פי.אי",IT,צוקטה עוגות אישיות ב,גרמים,300.00,100 גרם,false,1,16.60,5.53,true,1,
7290018893487,false,צ'וקטה עוגות אישיות עם קוקוס-מארז עשירייה,פרדי קונדטוריה אס פי,IT,צוקטה עוגות אישיות ב,גרמים,350.00,100 גרם,false,1,16.60,4.74,true,1,
7290018893647,false,עוגיות סנדוויץ במילוי קרם וניל בציפוי שוקולד 150 גרם צ'וקטה,צ'וקטה Chocketa,ES,עוגיות סנדוויץ בשוקו,גרמים,150.00,100 גרם,false,1,9.50,6.33,true,1,
7290018893746,false,צ'וקטה בייגלה עגבניות ועשבי תיבול 180 גרם,SC ALKA TRADING CO S,RO,בייגלה ציוקטה עגבניו,גרמים,180.00,100 גרם,false,1,7.90,4.39,true,1,
7290018893852,false,חטיפי בייגלה דקיקים ופריכים שומשום צ'וקטה 200 ג',צ'וקטה Chocketa,RO,בייגלה ציוקטה בתוספת,גרמים,200.00,100 גרם,false,1,7.50,3.75,true,1,
7290018894019,false,עוגות אישיות במילוי קרם חלבי ובציפוי קרם קקאו,בלקוני Balconi,IT,בלקוני עוגות אישיות,גרמים,350.00,100 גרם,false,1,15.40,4.40,true,1,
7290018894217,false,עוגות אישיות במילוי קרם קקאו ובציפוי קרם קקאו,בלקוני Balconi,IT,בלקוני עוגות אישיות,גרמים,350.00,100 גרם,false,1,15.40,4.40,true,1,
7290018921753,false,קמיל אל סבון היגייני לניקוי יסודי מועשר בלחות 1 ליטר,פישר תעשיות,IL,אל סבון קמיל בלו בתמ,מיליליטרים,1000.00,"100 מ""ל",false,1,15.90,1.59,true,1,
7290018925065,false,מיץ פרימור תפוזים סחוט 2 ליטר-,"גניר (1992) בע""מ",IL,מיץ תפוזים סחוט 2 ל,מיליליטרים,2000.00,"100 מ""ל",false,1,27.90,1.40,true,1,
7290018925072,false,משקה קל לימונים ונענע 2 ל פרימור,"גניר (1992) בע""מ",IL,משקה קל לימונים ונענ,ליטרים,2.00,ליטר,false,1,27.90,13.95,true,1,
7290018925089,false,מיץ תפוחים 100% מיץ צלול מיוצר מרכז,"גניר (1992) בע""מ",IL,מיץ תפוחים צלול מרכז,מיליליטרים,2000.00,"100 מ""ל",false,1,27.90,1.40,true,1,
7290018949009,false,גרופר משקה קל מוגז אורגני תפוזזה 330 מ,מיקס קווידזון,IL,גרופר משקה קל מוגז א,מיליליטרים,330.00,"100 מ""ל",false,1,9.50,2.88,true,1,
7290018949016,false,"גרופר משקה קל מוגז אורגני תפוחחה 330 מ""",מיקס קווידזון,IL,גרופר משקה קל מוגז א,מיליליטרים,330.00,"100 מ""ל",false,1,9.50,2.88,true,1,
7290018949023,false,"גרופר משקה קל מוגז אורגני לימוננ 330 מ""ל",מיקס קווידזון,IL,גרופר משקה קל מוגז א,מיליליטרים,330.00,"100 מ""ל",false,1,9.50,2.88,true,1,
7290018972021,false,קיינד טבעוני קבב מזרחי 400 גרם,,IL,קיינד א קבב מזרחי 40,גרמים,400.00,100 גרם,false,1,20.90,5.23,true,1,
7290018972113,false,תומר ברוקולי מצופה 500 גרם,,IL,ברוקולי מצופה תומר 5,גרמים,500.00,100 גרם,false,1,33.50,6.70,true,1,
7290018972496,false,קיינד טבעוני מיני עראיס 400 גרם,,IL,קיינד א מיני עראיס 4,גרמים,400.00,100 גרם,false,1,22.90,5.73,true,1,
7290018972618,false,תומר תמר מגהול לח קפ,,IL,"תמר מגהול תומר 1 ק""ג",גרמים,1000.00,100 גרם,false,1,19.90,1.99,true,1,
7290019054405,false,שניצל מן הצומח וספירולינה 240 גרם,,IL,שניצל מן הצומח וספיר,גרמים,240.00,100 גרם,false,1,32.90,13.71,true,1,
7290019056027,false,שוופס מוגז פירות תפוחים ללא סוכר 1.5 ליטר פיקדון,"יפאורה תבורי בע""\מ",IL,שוופס מוגז פירות,ליטרים,0.00,ליטר,false,1,8.70,8.70,true,1,
7290019056034,false,שוופס מוגז פירות אננס ללא סוכר 1.5 ליטר פיקדון,"יפאורה תבורי בע""מ",IL,שוופס מוגז אננס ללא,ליטרים,0.00,ליטר,false,1,8.70,8.70,true,1,
7290019056041,false,שוופס מוגז פירות לימונייד ללא סוכר 1.5 ליטר פיקדון,"יפאורה תבורי בע""מ",IL,שוופס מוגז ללא סוכר,ליטרים,0.00,ליטר,false,1,8.70,8.70,true,1,
7290019056058,false,שוופס מוגז עדין תפוח ליים 1.5 ליטר פיקדון,"יפאורה תבורי בע""\מ",IL,שוופס מוגז עדין תפוח,ליטרים,0.00,ליטר,false,1,9.20,9.20,true,1,
7290019056065,false,שוופס מוגז עדין פירות יער 1.5 ליטר פיקדון,"יפאורה תבורי בע""\מ",IL,שוופס מוגז עדין פירו,ליטרים,0.00,ליטר,false,1,9.20,9.20,true,1,
7290019056072,false,שוופס מוגז עדין אננס 1.5 ליטר פיקדון,"יפאורה תבורי בע""מ",IL,שוופס מוגז עדין אננס,ליטרים,0.00,ליטר,false,1,9.20,9.20,true,1,
7290019056089,false,שוופס מוגז עדין ענבי ריזלינג 1.5 ליטר פיקדון,"יפאורה תבורי בע""\מ",IL,שוופס מוגז עדין ריזל,ליטרים,0.00,ליטר,false,1,9.20,9.20,true,1,
7290019056096,false,שוופס מוגז עדין אפרסק 1.5 ליטר פיקדון,"יפאורה תבורי בע""\מ",IL,שוופס מוגז עדין אפרס,ליטרים,0.00,ליטר,false,1,9.20,9.20,true,1,
7290019056164,false,שוופס סודה 1.5 ליטר רביעייה פיקדון,"יפאורה תבורי בע""\מ",IL,רביעיית שוופס סודה 1,ליטרים,0.00,ליטר,false,1,11.70,11.70,true,1,
7290019056171,false,שוופס סודה לימון 1.5 ליטר רביעייה פיקדון,"יפאורה תבורי בע""\מ",IL,רביעיית שוופס סודה ל,ליטרים,0.00,ליטר,false,1,11.70,11.70,true,1,
7290019056188,false,שוופס סודה נענע ליים 1.5 ליטר רביעייה פיקדון,"יפאורה תבורי בע""\מ",IL,רביעיית שוופס סודה נ,ליטרים,0.00,ליטר,false,1,11.70,11.70,true,1,
7290019056201,false,שוופס סודה פירות יער 1.5 ליטר רביעייה פיקדון,"יפאורה תבורי בע""\מ",IL,שוופס סודה פירות יער,ליטרים,0.00,ליטר,false,1,11.70,11.70,true,1,
7290019056249,false,שוופס מים בטעמים ענבים 1.5 ליטר פיקדון,"יפאורה תבורי בע""מ",IL,שוופס WATER ענבים 1.,ליטרים,0.00,ליטר,false,1,9.50,9.50,true,1,
7290019056256,false,שוופס מים בטעמים תפוחים 1.5 ליטר פיקדון,"יפאורה תבורי בע""מ",IL,שוופס WATER תפוח 1.5,ליטרים,0.00,ליטר,false,1,9.50,9.50,true,1,
7290019056263,false,שוופס מים בטעמים אפרסק 1.5 ליטר פיקדון,"יפאורה תבורי בע""מ",IL,שוופס WATER אפרסק 1.,ליטרים,0.00,ליטר,false,1,9.50,9.50,true,1,
7290019056270,false,שוופס מים בטעמים פירות יער 1.5 ליטר פיקדון,"יפאורה תבורי בע""\מ",IL,שוופס WATER פירות יע,ליטרים,0.00,ליטר,false,1,9.50,9.50,true,1,
7290019056287,false,שוופס מים בטעמים אפרסק ללא סוכר 1.5 ליטר פיקדון,יפאורה שותפות מובגלת לשי,IL,שוופס WATER אפרסק 0,ליטרים,0.00,ליטר,false,1,9.50,9.50,true,1,
7290019056294,false,שוופס ג'ינג'ר אייל 1.5 ליטר פיקדון,"יפאורה תבורי בע""\מ",IL,שוופס גינגר 1.5 ליטר,ליטרים,0.00,ליטר,false,1,12.20,12.20,true,1,
7290019056317,false,שוופס ראשן 1.5 ליטר פיקדון,"יפאורה תבורי בע""\מ",IL,משקה שוופס ראשן 1.5,ליטרים,0.00,ליטר,false,1,12.20,12.20,true,1,
7290019056324,false,שוופס טוניק 1.5 ליטר פיקדון,"יפאורה תבורי בע""\מ",IL,שוופס טוניק 1.5 ליטר,ליטרים,0.00,ליטר,false,1,12.20,12.20,true,1,
7290019056331,false,שוופס טוניק ללא סוכר 1.5 ליטר פיקדון,"יפאורה תבורי בע""מ",IL,שוופס טוניק ללא סוכר,ליטרים,0.00,ליטר,false,1,11.90,11.90,true,1,
7290019056355,false,תפוזינה לימונדה MIX לימונענע 1.5 ליטר,"יפאורה תבורי בע""\מ",IL,תפוזינה לימונענע 1.5,ליטרים,0.00,ליטר,false,1,9.20,9.20,true,1,
7290019056362,false,תפוזינה ענבים 1.5 ליטר פיקדון,"יפאורה תבורי בע""\מ",IL,תפוזינה ענבים 1.5 לי,ליטרים,0.00,ליטר,false,1,9.20,9.20,true,1,
7290019056379,false,תפוזינה תפוזים 1.5 ליטר פיקדון,"יפאורה תבורי בע""\מ",IL,תפוזינה תפוזים 1.5 ל,ליטרים,0.00,ליטר,false,1,9.20,9.20,true,1,
7290019056386,false,פתוזינה אשכולית 1.5 ליטר פיקדון,"יפאורה תבורי בע""\מ",IL,תפוזינה אשכוליות 1.5,ליטרים,0.00,ליטר,false,1,9.20,9.20,true,1,
7290019056393,false,תפוזינה תות בננה 1.5 ליטר פיקדון,"יפאורה תבורי בע""\מ",IL,תפוזינה תות בננה 1.5,ליטרים,0.00,ליטר,false,1,9.20,9.20,true,1,
7290019056409,false,תפוזינה מנגו 1.5 ליטר פיקדון,"יפאורה תבורי בע""\מ",IL,תפוזינה מנגו עסיסי 1,ליטרים,0.00,ליטר,false,1,9.20,9.20,true,1,
7290019056416,false,מיץ בטעם לימונדה ורודה 1.5 ל' תפוזינה,"יפאורה תבורי בע""\מ",IL,תפוזינה לימונדה ורוד,ליטרים,0.00,ליטר,false,1,9.20,9.20,true,1,
7290019056430,false,תפוזינה תפוזים לייט 1.5 ליטר פיקדון,"יפאורה תבורי בע""\מ",IL,תפוזינה תפוזים לייט,ליטרים,0.00,ליטר,false,1,8.90,8.90,true,1,
7290019056461,false,מארז משקה בטעם קולה שישייה * 1.5 ל' אר.סי,"יפאורה תבורי בע""\מ",IL,אר.סי קולה רגיל שישי,ליטרים,0.01,ליטר,false,1,41.70,4170.00,true,1,
7290019056485,false,ספריג תה ירוק לימון לואיזה 1.5 ליטר פיקדון,"יפאורה תבורי בע""\מ",IL,משקה ספרינג טי לימון,ליטרים,0.00,ליטר,false,1,8.20,8.20,true,1,
7290019056492,false,ספרינג תה מנגו אפרסק 1.5 ליטר פיקדון,"יפאורה תבורי בע""\מ",IL,ספרינג תה מנגו אפרסק,ליטרים,0.00,ליטר,false,1,8.20,8.20,true,1,
7290019056508,false,פרוט ווטר ענבים 1.5 ליטר פיקדון,"יפאורה תבורי בע""\מ",IL,FRUIT WATER ענבים 1.,ליטרים,0.00,ליטר,false,1,9.50,9.50,true,1,
7290019056515,false,פרוט ווטר אננס 1.5 ליטר פיקדון,"יפאורה תבורי בע""\מ",IL,FRUIT WATER אננס 1.5,ליטרים,0.00,ליטר,false,1,9.50,9.50,true,1,
7290019056522,false,פרוט ווטר תות 1.5 ליטר פיקדון,"יפאורה תבורי בע""\מ",IL,FRUIT WATER תות 1.5,ליטרים,0.00,ליטר,false,1,9.50,9.50,true,1,
7290019056539,false,פרוט ווטר אפרסק 1.5 ליטר פיקדון,"יפאורה תבורי בע""\מ",IL,FRUIT WATER אפרסק 1.,ליטרים,0.00,ליטר,false,1,9.50,9.50,true,1,
7290019056546,false,פרוט ווטר אבטיח 1.5 ליטר פיקדון,"יפאורה תבורי בע""\מ",IL,FRUIT WATER אבטיח 1.,ליטרים,0.00,ליטר,false,1,9.50,9.50,true,1,
7290019056553,false,שישיית מים מינרלים עין גדי 2 ליטר,עין גדי מים מינרליים,IL,שישיית מים עין גדי 2,ליטרים,0.01,ליטר,false,1,13.30,1330.00,true,1,
7290019056577,false,משקה קל מנגו ספרינג 1.5 ליטר,"יפאורה תבורי בע""\מ",IL,ספרינג מנגו 1.5 ליטר,ליטרים,0.00,ליטר,false,1,9.20,9.20,true,1,
7290019056584,false,משקה קל תפוזים ספרינג 1.5 ליטר,"יפאורה תבורי בע""\מ",IL,ספרינג תפוז 1.5 ליטר,ליטרים,0.00,ליטר,false,1,9.20,9.20,true,1,
7290019056591,false,משקה קל ענבים ספרינג 1.5 ליטר,"יפאורה תבורי בע""\מ",IL,ספרינג ענבים 1.5 ליט,ליטרים,0.00,ליטר,false,1,9.20,9.20,true,1,
7290019056607,false,משקה קל תפוחים ספרינג 1.5 ליטר,"יפאורה תבורי בע""\מ",IL,ספרינג תפוח 1.5 ליטר,ליטרים,0.00,ליטר,false,1,9.20,9.20,true,1,
7290019056614,false,משקה קל אפרסק ספרינג 1.5 ליטר,"יפאורה תבורי בע""\מ",IL,ספרינג אפרסק 1.5 ליט,ליטרים,0.00,ליטר,false,1,9.20,9.20,true,1,
7290019056621,false,משקה קל פירות טרופיים ספרינג 1.5 ליטר,"יפאורה תבורי בע""\מ",IL,ספרינג 1.5 ליטר פירו,ליטרים,0.00,ליטר,false,1,9.20,9.20,true,1,
7290019056638,false,משקה קל תות בננה ספרינג 1.5 ליטר,"יפאורה תבורי בע""\מ",IL,ספרינג תות בננה 1.5,ליטרים,0.00,ליטר,false,1,9.20,9.20,true,1,
7290019056645,false,משקה קל אגס תפוח סברס ספרינג 1.5 ליטר,"יפאורה תבורי בע""\מ",IL,ספרינג 1.5 ליטר אגסי,ליטרים,0.00,ליטר,false,1,9.20,9.20,true,1,
7290019056652,false,משקה קל אננס בננה ספרינג 1.5 ליטר,"יפאורה תבורי בע""\מ",IL,ספרינג אננס בננה 1.5,ליטרים,0.00,ליטר,false,1,9.20,9.20,true,1,
7290019056669,false,משקה קל תפוחים דיאט ספרינג 1.5 ליטר,"יפאורה תבורי בע""\מ",IL,ספרינג תפוחים לייט 1,ליטרים,0.00,ליטר,false,1,8.90,8.90,true,1,
7290019056812,false,קריסטל מוגז מנטה 2 ליטר פיקדון,"יפאורה תבורי בע""\מ",IL,קריסטל מוגז מנטה 2 ל,ליטרים,0.00,ליטר,false,1,7.50,7.50,true,1,
7290019056850,false,ספרינג תה אפרסק דיאט 1.5 ליטר פיקדון,"יפאורה תבורי בע""\מ",IL,משקה ספרינג טי דיאט,ליטרים,0.00,ליטר,false,1,8.20,8.20,true,1,
7290019056942,false,מים מינרליים טבעיים,יפאורה,IL,מי עין גדי 2 ל,ליטרים,0.00,ליטר,false,1,2.80,2.80,true,1,
7290019056966,false,מי עדן בקבוק פיקדון 1.5 ליטר,"מי עדן בע""מ",IL,מי עדן 1.5 ליטר,ליטרים,0.00,ליטר,false,1,4.20,4.20,true,1,
7290019056973,false,שישיית מי עדן 1.5 ליטר משפחתי,"מופק ממקור בזלתי עדן ,1",IL,שישיית מי עדן 1.5 לי,ליטרים,0.01,ליטר,false,1,13.90,1390.00,true,1,
7290019074298,false,"ד""ר פישר - קמיל בלו אקסטרה סופט שמפו לתינוק 500 מ""ל",פישר מעבדות פרמצבטיות בע,IL,קמיל בלו שמפו לתינוק,Unknown,0.00,Unknown,false,1,23.90,23.90,true,1,
7290019078494,false,"מארז מרציפן ללת""ס 6*30 גרם","אלמונדס בע""מ",IL,"מארז מרציפן ללת""ס 6*",גרמים,180.00,100 גרם,false,1,29.90,16.61,true,1,
7290019078500,false,"מארז מרציפן שוקולד ללת""ס 6*30 גרם","אלמונדס בע""מ",IL,מארז מרציפן שוקולד ל,גרמים,180.00,100 גרם,false,1,29.90,16.61,true,1,
7290019078722,false,מארז חטיפי מרציפן במילוי פיסתוק 6*30 גרם אלמנדוס,"אלמונדס בע""מ",IL,חטיפי מרציפן במילוי,גרמים,180.00,100 גרם,false,1,29.90,16.61,true,1,
7290019078784,false,אבקת קקאו אורגנית 400 גרם,"אלמונדס בע""מ",PE,אבקת קקאו אורגנית 40,גרמים,400.00,100 גרם,false,1,32.90,8.23,true,1,
7290019137016,false,תה ירוק למון גראס וגינגר אורגני 37.5 גרם,,LK,תה ירוק למון גראס וג,גרמים,38.00,100 גרם,false,1,14.90,39.21,true,1,
7290019137023,false,תה ירוק בתוספת לואיזה אורגני 37.5 גרם,,LK,תה ירוק בתוספת לואיז,גרמים,38.00,100 גרם,false,1,14.90,39.21,true,1,
7290019137030,false,חליטת למון גראס אורגני 37.5 גרם,,LK,חליטת למון גראס אורג,גרמים,38.00,100 גרם,false,1,14.90,39.21,true,1,
7290019137092,false,"סירופ מייפל קנדי אורגני 250 מ""ל",NOVOFRUCHT SK S.R.O,CA,סירופ מייפל קנדי אור,מיליליטרים,250.00,"100 מ""ל",false,1,23.90,9.56,true,1,
7290019137122,false,לחם מחמצת שיפון מלא פרוס אורגני 500 גרם,,,לחם מחמצת שיפון מלא,גרמים,500.00,100 גרם,false,1,14.90,2.98,true,1,
7290019137139,false,לחם מחמצת שיפון מלא פשתן וציה 250 גרם,,,לחם מחמצת שיפון מלא,גרמים,250.00,100 גרם,false,1,14.90,5.96,true,1,
7290019137207,false,ניוקי תפוחי אדמה עם תרד אורגני 350 גרם,,IT,ניוקי תפוחי אדמה עם,גרמים,350.00,100 גרם,false,1,14.90,4.26,true,1,
7290019153078,false,"שוופס ביטר למון לייט, 1.5 ליטר פקדון","יפאורה תבורי בע""\מ",IL,שוופס ביטר למון לייט,ליטרים,0.00,ליטר,false,1,11.90,11.90,true,1,
7290019153313,false,"משקהתפוח חמוציות אוכמניות 350 מ""ל פרות & ווג",יפאורה תבורי בעמ,IL,פרוט & וג תפוח חמוצי,מיליליטרים,350.00,"100 מ""ל",false,1,7.50,2.14,true,1,
7290019153344,false,מיץ בטעם סנגרייה 1.5 ל' תפוזינה,"יפאורה תבורי בע""\מ",IL,תפוזינה סנגרייה 1.5,ליטרים,0.00,ליטר,false,1,9.20,9.20,true,1,
7290019153351,false,מיץ בטעם פינק אוזו 1.5 ל' תפוזינה,"יפאורה תבורי בע""\מ",IL,תפוזינה פינק אוזו 1.,ליטרים,0.00,ליטר,false,1,9.20,9.20,true,1,
7290019153375,false,מיץ בטעם מוחיטו 1.5 ל' תפוזינה,"יפאורה תבורי בע""\מ",IL,תפוזינה מוחיטו 1.5 ל,ליטרים,0.00,ליטר,false,1,9.20,9.20,true,1,
7290019167020,false,עוגת גבינה עם פירות יער לייט עדן קינוחים 82 גרם,עדן קינוחים Eden,IL,עוגת גבינה עם פירות,גרמים,80.00,100 גרם,false,1,6.90,8.63,true,1,
7290019176022,false,פילה טונה בשמן קנולה 160 גר,,LV,פילה טונה בשמן קנולה,גרמים,160.00,100 גרם,false,1,16.90,10.56,true,1,
7290019176039,false,פילה טונה בשמן קנולה עם פלפל שמן 160 גר,,LV,פילה טונה בשמן קנולה,גרמים,160.00,100 גרם,false,1,16.90,10.56,true,1,
7290019226109,false,אננס פרוס תומר 565 גרם,,,אננס פרוס תומר 565 ג,גרמים,565.00,100 גרם,false,1,8.90,1.58,true,1,
7290019232094,false,חליטת פירות וצמחים אפרסק הגן הקסום ויסוצקי 25 יחידות,תה ויסוצקי,IL,חליטת פירות וצמחים ב,יחידה,1.00,יחידה,false,1,18.90,18.90,true,1,
7290019232162,false,"חליטת ""לילה טוב"" קמומיל מליסה 25 שקיקים ויסוצקי",תה ויסוצקי,IL,תה ויסוצקי חליטת ליל,יחידה,1.00,יחידה,false,1,26.90,26.90,true,1,
7290019232193,false,תה ירוק לימונית ג'ינג'ר STAY WELL שקיקים 25 ויסוצקי,תה ויסוצקי,IL,תה ויסוצקי ירוק לימו,יחידה,1.00,יחידה,false,1,26.90,26.90,true,1,
7290019232384,false,חווית הצ'אי תה שחור בטעם מוקה 25*50 ג' ויסוצקי,תה ויסוצקי,IL,צאי מוקה תה ויסוצקי,יחידה,1.00,יחידה,false,1,22.90,22.90,true,1,
7290019233008,false,רוטב עגבניות עם קוביות ארטישוק ושמן זית 420ג ויסוצקי,דליציה דורה אס.אר.אל,IT,רוטב שקשוקה ארטישוק,גרמים,420.00,100 גרם,false,1,14.40,3.43,true,1,
7290019233015,false,רוטב שקשוקה תבשיל ירקות עם שמן זית כתית מעולה 420ג זיתא,זיתא,IT,רוטב שקשוקה ירוקה-תב,גרמים,420.00,100 גרם,false,1,14.40,3.43,true,1,
7290019233022,false,שקשוקה חצילים רוטב עגבניות עם קוביות חצילים צלויים,דליציה דורה אס.אר.אל,IT,רוטב שקשוקה חצילים ז,גרמים,420.00,100 גרם,false,1,14.40,3.43,true,1,
7290019233039,false,שקשוקה קלאסית- רוטב עגבניות עם קוביות פלפלים צלויים,דליציה דורה אס.אר.אל,IT,רוטב שקשוקה קלאסית ז,גרמים,420.00,100 גרם,false,1,14.40,3.43,true,1,
7290019233046,false,זית קלמטה בלונד מרינד עם שמן זית 215 גרם,זיתא - י.ט.ב תעשיות,IL,זית קלמטה בלונד זיתא,גרמים,215.00,100 גרם,false,1,13.90,6.47,true,1,
7290019297239,false,צימוק חום 250 גרם ששון הקולה,"דין שיווק וקלייה בע""",,צימוק חום 330 גר,גרמים,330.00,100 גרם,false,1,14.60,4.42,true,1,
7290019297512,false,"רוטב רימונים שקדיה 340 מ""ל בדץ",סיטוגלוגידה,TR,רוטב רימונים שקדיה 3,מיליליטרים,340.00,"100 מ""ל",false,1,12.90,3.79,true,1,
7290019297536,false,חמאת בוטנים עם שברי בוטנים שקדיה 510 גרם,דין שיווק,IN,חמאת בוטנים עם שברי,גרמים,510.00,100 גרם,false,1,14.70,2.88,true,1,
7290019297642,false,גרעין שחור קלוי ללא מלח ששון הקולה 150 ג',"דין שיווק וקלייה בע""",IL,גרעין שחור קלוי ללא,גרמים,150.00,100 גרם,false,1,4.80,3.20,true,1,
7290019393016,false,"האופה - קמח חיטה לבן ללא צורך בניפוי 1 ק""ג",טבע ירוק,IL,האופה- קמח חיטה לבן,גרמים,1000.00,100 גרם,false,1,7.90,0.79,true,1,
7290019431169,false,אבקת קקאו אורגנית עתיד ירוק 400 גרם,,,אבקת קקאו אורגנית עת,גרמים,400.00,100 גרם,false,1,27.90,6.98,true,1,
7290019443124,false,"בירה נגב אואזיס 330 מ""ל",הכרם משקאות חריפים בעמ,IL,בירה נגב אואזיס 330,מיליליטרים,330.00,"100 מ""ל",false,1,15.90,4.82,true,1,
7290069701151,false,פריזר דוקטורסקיה אוריגינל מזרע,,,פריזר דוקטורסקיה,Unknown,0.00,"ק""ג",true,0,75.00,75.00,true,1,
7290089617142,false,פטריות אופיאטה מוחמצפוסולסקי דבור 680 ג,,CN,פטריות אופיאטה מוחמ,גרמים,680.00,100 גרם,false,1,17.70,2.60,true,1,
7290089617388,false,פטריות בורוביצקי מוחמצים 680 ג,,CN,פטריות בורוביצקי מוח,גרמים,680.00,100 גרם,false,1,17.70,2.60,true,1,
7290100240632,false,קרקר פתית 200-300ג' 6 דגנים 250 גרם,יוניליוור ישראל מזון בע\,IL,"פתית 6 דגנים בד""צ 25",גרמים,250.00,100 גרם,false,1,16.90,6.76,true,1,
7290100240656,false,"פתית שיפון בד""צ חדש 300X24 גר'",יוניליוור ישראל מזון בע\,IL,"פתית שיפון בד""צ 250",גרמים,300.00,100 גרם,false,1,16.90,5.63,true,1,
7290100243084,false,מיונז אמיתי הלמנס 789גרם,"יונילוור ארה""ב",US,מיונז הלמנס 789 גרם,מיליליטרים,400.00,"100 מ""ל",false,1,27.50,6.88,true,1,
7290100243671,false,"מרכך כביסה מרוכז אקסטרה כחול בדין 960 מ""ל",יוניליוור סנאיי וי טיקאר,TR,בדין אקסטרא כחול 960,מיליליטרים,960.00,"100 מ""ל",false,1,14.90,1.55,true,1,
7290100249598,false,"רוטב לעוף שום ודבש קנור 320 גרם בד""צ",יוניליוור ישראל מזון בע\,IL,קנור רוטב שום ודבש 3,גרמים,320.00,100 גרם,false,1,14.60,4.56,true,1,
7290100249659,false,"רוטב לעוף צ'ילי מתוק ושום קנור 320 גרם בד""צ",יוניליוור ישראל מזון בע\,IL,קנור רוטב צילי שום 3,גרמים,320.00,100 גרם,false,1,14.60,4.56,true,1,
7290100321775,false,חזה עוף טרי תפזורת,עוף טוב,IL,חזה עוף טרי,Unknown,0.00,"ק""ג",true,0,34.90,34.90,true,1,
7290100323038,false,כרעי עוף טרי תפזורת,עוף טוב,IL,כרעיים עוף טרי,Unknown,0.00,"ק""ג",true,0,22.90,22.90,true,1,
7290100331118,false,חזה הודו נקבה טרי,,,חזה הודו נקבה טרי,Unknown,0.00,"ק""ג",true,0,33.90,33.90,true,1,
7290100335086,false,שוק הודו מפורק טרי,,,שוק הודו מפורק טרי,Unknown,0.00,"ק""ג",true,0,55.90,55.90,true,1,
7290100335154,false,שוק הודו זכר טרי,,,שוק הודו זכר טרי,Unknown,0.00,"ק""ג",true,0,29.90,29.90,true,1,
7290100335161,false,שוק הודו נקבה טרי,,,שוק הודו נקבה טרי,Unknown,0.00,"ק""ג",true,0,36.90,36.90,true,1,
7290100337066,false,כנף הודו נקבה טרי,,,כנף הודו נקבה טרי,Unknown,0.00,"ק""ג",true,0,16.90,16.90,true,1,
7290100337400,false,גרון הודו זכר טרי,,,גרון הודו זכר טרי,Unknown,0.00,"ק""ג",true,0,34.90,34.90,true,1,
7290100570074,false,אביזרי מטבח,,,אבזרי מטבח,Unknown,0.00,Unknown,false,1,4.90,4.90,true,1,
7290100570234,false,אביזרי מטבח,,,אבזרי מטבח,Unknown,0.00,Unknown,false,1,12.90,12.90,true,1,
7290100570647,false,אביזרי מטבח,,,אבזרי מטבח,Unknown,0.00,Unknown,false,1,69.90,69.90,true,1,
7290100571224,false,אביזרי מטבח,,,אבזרי מטבח,Unknown,0.00,Unknown,false,1,7.90,7.90,true,1,
7290100572146,false,כ.סט מקפיאון,,,אבזרי מטבח,Unknown,0.00,Unknown,false,1,24.90,24.90,true,1,
7290100572368,false,אביזרי מטבח,,,אבזרי מטבח,Unknown,0.00,Unknown,false,1,19.90,19.90,true,1,
7290100572702,false,אביזרי מטבח ב-11.00,,,אביזרי מטבח,Unknown,0.00,Unknown,false,1,10.90,10.90,true,1,
7290100573396,false,אביזרי מטבח,,,אביזרי מטבח,Unknown,0.00,Unknown,false,1,9.90,9.90,true,1,
7290100573716,false,אביזרי מטבח,,,אביזרי מטבח,Unknown,0.00,Unknown,false,1,14.90,14.90,true,1,
7290100575055,false,אביזרי מטבח,,,אבזרי מטבח,Unknown,0.00,Unknown,false,1,29.90,29.90,true,1,
7290100575086,false,אביזרי מטבח,,,אבזרי מטבח,Unknown,0.00,Unknown,false,1,6.90,6.90,true,1,
7290100653463,false,"פלמוליב - ארומה ג'ל רחצה מסאז' 500 מ""ל",קולגייט-פלמוליב,TR,סבון נוזלי פלמוליב ס,מיליליטרים,500.00,"100 מ""ל",false,1,19.80,3.96,true,1,
7290100680650,false,מנה חמה נודלס-אטריות ירקות טעם תאילנדי אסם 76 ג',PUB FOODS PRESIDENT THAI,TH,מנה חמה נודלס טעם יר,גרמים,70.00,100 גרם,false,1,5.70,8.14,true,1,
7290100680667,false,מנה חמה נודלס בסגנון סצ'ואן אסם 76 גרם,PUB FOODS PRESIDENT THAI,TH,מנה חמה נודלס טעם סי,גרמים,76.00,100 גרם,false,1,5.70,7.50,true,1,
7290100680728,false,פירורית רגילה 350 ג' אוסם,מיוצר עי קונדיטוריית,IL,פירורית 350 גרם,גרמים,350.00,100 גרם,false,1,7.60,2.17,true,1,
7290100681015,false,אינסטנט פודינג בטעם ריבת חלב אסם 84 גרם,מיוצר עי קונדיטוריית,IL,פודינג אינסטנט בטעם,גרמים,80.00,100 גרם,false,1,5.20,6.50,true,1,
7290100681138,false,מארז אפרופו חטיף תירס 3 יחידות,"אסם השקעות בע""\מ",IL,מארז אפרופו 3*50 גרם,גרמים,150.00,100 גרם,false,0,12.50,8.33,true,1,
7290100683880,false,פירה אסם ללא צורך בבישול 260 גרם,"אסם השקעות בע""\מ",IL,תבשילים משפחתיים פיר,גרמים,260.00,100 גרם,false,1,18.30,7.04,true,1,
7290100685136,false,"אבקת מרק בטעם עוף אסם 1 ק""ג","אסם השקעות בע""\מ",IL,"מרק טעם עוף 1 ק""ג",גרמים,1000.00,100 גרם,false,1,17.40,1.74,true,1,
7290100685242,false,במבה מתוקה מחומרים טבעיים סרט 30 גרם,"אסם תעשיות בע""מ",IL,במבה תות על סרט 30 ג,גרמים,30.00,100 גרם,false,1,3.40,11.33,true,1,
7290100685334,false,אבקת מרק עוף אמיתי בשרי רכיבים טבעיים אסם 400 גרם,"אסם השקעות בע""\מ",IL,מרק עוף אמיתי מרכיבי,גרמים,400.00,100 גרם,false,1,21.70,5.43,true,1,
7290100685341,false,אבקת מרק טעם עוף זך רכיבים טבעיים אסם 400 גרם,"אסם השקעות בע""\מ",IL,מרק תיבול טעם עוף זך,גרמים,400.00,100 גרם,false,1,15.60,3.90,true,1,
7290100685600,false,פירורית זהב אסם זהב חיטה מלאה 200ג',עינת תעשיות מזון אגו,IL,פירורית חיטה מלאה 20,גרמים,200.00,100 גרם,false,1,9.10,4.55,true,1,
7290100686171,false,מארז מולטיפק ביסלי גריל 6 יח 35 גר ליח,"אסם השקעות בע""\מ",IL,מארז מולטיפק ביסלי ג,גרמים,210.00,100 גרם,false,1,16.70,7.95,true,1,
7290100687109,false,אוסם - במבה במילוי קרם נוגט 60 גרם,"אסם השקעות בע""\מ",IL,במבה במילוי נוגת 60,גרמים,60.00,100 גרם,false,1,4.30,7.17,true,1,
7290100689301,false,אבקת מרק בטעם עוף זך עדיף אסם 400 גרם,"אסם השקעות בע""\מ",IL,מרק טעם עוף זך עדיף,גרמים,400.00,100 גרם,false,1,17.70,4.43,true,1,
7290100700020,false,סוגת גריסי פנינה 500 גרם,האי נאם סי או אל.טי.,IL,גריסי פנינה 500 גרם,גרמים,200.00,100 גרם,false,1,5.90,2.95,true,1,
7290100700075,false,פירורי לחם מוזהבים סוגת 200 גרם,"סוגת תעשיות בע""\מ",IL,פירורי לחם מוזהבים 2,גרמים,200.00,100 גרם,false,1,4.10,2.05,true,1,
7290100700242,false,"סוגת אורז מלא עגול 1 ק""ג","סוגת תעשיות בע""\מ",IL,"אורז מלא עגול 1 ק""ג",גרמים,1000.00,100 גרם,false,1,11.90,1.19,true,1,
7290100700266,false,פירורי לחם לבנים סוגת 200 גרם,"סוגת תעשיות בע""מ",IL,פירורי לחם לבנים 200,גרמים,200.00,100 גרם,false,1,4.10,2.05,true,1,
7290100700273,false,קינואה לבנה 500 ג סו,האי נאם סי או אל.טי.,IL,קינואה 500 גרם,גרמים,500.00,100 גרם,false,1,13.90,2.78,true,1,
7290100700310,false,"סוגת כוסמת סוגת 1ק""ג","סוגת תעשיות בע""מ",IL,"כוסמת 1 ק""ג",גרמים,1000.00,100 גרם,false,1,15.10,1.51,true,1,
7290100700327,false,"גריסי פנינה סוגת 1 ק""ג","סוגת תעשיות בע""\מ",IL,"גריסי פניניה 1 ק""ג",גרמים,1000.00,100 גרם,false,1,10.50,1.05,true,1,
7290100700372,false,"סוגת אורז בסמטי מלא 1 ק""ג",האי נאם סי או אל.טי.,IL,"אורז בסמטי מלא 1 ק""ג",גרמים,1000.00,100 גרם,false,1,13.90,1.39,true,1,
7290100700396,false,"סוגת אורז יסמין קלאסי 1 ק""ג",האי נאם סי או אל.טי.,IL,אורז יסמין קלאסי 1 ק,גרמים,1000.00,100 גרם,false,1,11.90,1.19,true,1,
7290100700402,false,"סוגת חומוס ענק 1 ק""ג",סוגת תעשיות בעמ,IL,"חומוס ענק 1 ק""ג",גרמים,1000.00,100 גרם,false,1,16.90,1.69,true,1,
7290100700419,false,"סוגת בורגול 1 ק""ג","סוגת תעשיות בע""\מ",IL,"בורגול 1 ק""ג",גרמים,1000.00,100 גרם,false,1,10.50,1.05,true,1,
7290100700587,false,"בורגול ""סוגת"" 500 גרם",האי נאם סי או אל.טי.,IL,בורגול 500 גרם,גרמים,500.00,100 גרם,false,1,5.50,1.10,true,1,
7290100701140,false,"אורז ריזוטו ארבוריו 1 ק""ג ""סוגת""","סוגת תעשיות בע""מ",IL,אורז ריזוטו ארבוריו,גרמים,1000.00,100 גרם,false,1,16.60,1.66,true,1,
7290100701157,false,"אורז להכנת סושי סוגת 1 ק""ג","סוגת תעשיות בע""\מ",IL,"אורז סושי 1 ק""ג",גרמים,1000.00,100 גרם,false,1,12.80,1.28,true,1,
7290100701331,false,קמח רב תכליתי שטיבל קמח חיטה לבן בהיר,"שטיבל בע""\מ - טחנות קמח",IL,"קמח רב תכליתי 1 ק""ג",גרמים,1000.00,100 גרם,false,1,7.50,0.75,true,1,
7290100701409,false,קמח תירס סוגת 500 גר,מולינו פילה ספא,IL,קמח תירס 500 גרם,גרמים,500.00,100 גרם,false,1,6.90,1.38,true,1,
7290100701454,false,גרישה בורגול דק סוגת 500 גרם,"סוגת תעשיות בע""\מ",IL,גרישה 500 גר,גרמים,500.00,100 גרם,false,1,5.50,1.10,true,1,
7290100701577,false,קמח לחם קמח חיטה לבן שטיבל,טחנות קמח שטיבל באר שבע,IL,"קמח לחם 1 ק""ג סוגת",גרמים,1000.00,100 גרם,false,1,7.50,0.75,true,1,
7290100701881,false,קמח פיצה ופוקצ'ה- קמח חיטה לבן בהיר שטיבל,"שטיבל בע""\מ - טחנת קמח",IL,"קמח פיצה ופוקצה 1 ק""",גרמים,1000.00,100 גרם,false,1,7.50,0.75,true,1,
7290100701898,false,קמח סוגת לפסטה 1 קג,שטיבל טחנות קמח,IL,"קמח פסטה 1 ק""ג סוגת",גרמים,1000.00,100 גרם,false,1,15.40,1.54,true,1,
7290100702277,false,קוסקוס עבה סוגת 350 גרם,"אסיף תעשיות מזון בע""",IL,קוסקוס עבה 350 גרם,גרמים,350.00,100 גרם,false,1,5.00,1.43,true,1,
7290100702314,false,שעועית שחורה 500 גרם סוגת,סוגת תעשיות בעמ,IL,שעועית שחורה 500 גרם,גרמים,500.00,100 גרם,false,1,7.90,1.58,true,1,
7290100702383,false,קמח תופח מס' 13 סוגת,"שטיבל בע""\מ - טחנות קמח",IL,"קמח תופח 1 ק""ג סוגת",גרמים,1000.00,100 גרם,false,1,7.50,0.75,true,1,
7290100702611,false,פתיתים אפויים אורז סוגת 500 גרם,"אסיף תעשיות מזון בע""\מ",IL,פתיתים אפויים אורז 5,גרמים,500.00,100 גרם,false,1,6.50,1.30,true,1,
7290100702628,false,פתיתים אפויים קוסקוס סוגת 500 גרם,"אסיף תעשיות מזון בע""\מ",IL,פתיתים אפויים קוסקוס,גרמים,500.00,100 גרם,false,1,6.50,1.30,true,1,
7290100702635,false,פתיתים אפויים כוכבים סוגת 500 גרם,"אסיף תעשיות מזון בע""",IL,פתיתים אפויים כוכבים,גרמים,500.00,100 גרם,false,1,6.50,1.30,true,1,
7290100702673,false,פתיתים אפויים 3 צבעים 400 גר גרם סוגת,"אסיף תעשיות מזון בע""",IL,פתיתים אפויים 3 צבעי,גרמים,400.00,100 גרם,false,1,6.50,1.63,true,1,
7290100702741,false,"סוכר חום בהיר בצנצנת סוגת 1 ק""ג",סוגת תעשיות בעמ,IL,"סוכר חום בהיר 1 ק""ג",גרמים,1000.00,100 גרם,false,1,13.90,1.39,true,1,
7290100702987,false,שיבולת שועל פתיתים סוגת 500 גרם,סוגת תעשיות,,שיבולת שועל 500 גרם,גרמים,500.00,100 גרם,false,1,6.20,1.24,true,1,
7290100702994,false,סוכר דמררה קלאסי בשקית סוגת 500 גרם,"סוגת תעשיות בע""מ",IL,סוכר דמררה קלאסי בשק,גרמים,500.00,100 גרם,false,1,6.50,1.30,true,1,
7290100703007,false,"עדשים שחורות בלוגה 500 גרם ""סוגת""",האי נאם סי או אל.טי.,IL,עדשים שחורות בלוגה 5,גרמים,500.00,100 גרם,false,1,8.90,1.78,true,1,
7290100703458,false,כוסמת לא קלוי 500 ג' סוגת,"סוגת תעשיות בע""\מ",IL,כוסמת ללא קליה 500 ג,גרמים,500.00,100 גרם,false,1,7.90,1.58,true,1,
7290100703564,false,"פתיתי שיבולת שועל עבה 500 גרם ""סוגת""",,,שיבולת שועל עבה 500,גרמים,500.00,100 גרם,false,1,6.20,1.24,true,1,
7290100703854,false,קוביות סוכר לבן דמררה 500 ג' סוגת,טרופיקל,,קוביות סוכר דמררה סו,גרמים,500.00,100 גרם,false,1,9.90,1.98,true,1,
7290100703908,false,"סוכר דמררה 1 ק""ג בלמינט סוגת",סוגת תעשיות בעמ,IL,"סוכר דמררה 1 ק""ג",גרמים,1000.00,100 גרם,false,1,12.90,1.29,true,1,
7290100703922,false,פופקורן להכנה במיקרוגל בטעם טבעי - מארז 6 שקיות,סוגת,IL,מארז פופקורן למיקרוג,גרמים,540.00,100 גרם,false,1,11.90,2.20,true,1,
7290100704660,false,"קינואה מיקס סוגת, 500 גרם","סוגת תעשיות בע""\מ",IL,קינואה מיקס 500 גרם,גרמים,500.00,100 גרם,false,1,15.10,3.02,true,1,
7290100850909,false,דוריטוס נאצ'ו מקסיקני 70 גרם,"שטראוס פריטו ליי בע""\מ",IL,דוריטוס נאצו מקסיקני,גרמים,70.00,100 גרם,false,1,3.60,5.14,true,1,
7290100850916,false,דוריטוס חמוץ חריף מעודן 70 גרם כשר לפסח,"שטראוס פריטו ליי בע""\מ )",IL,דוריטוס חמוץ חריף 70,גרמים,70.00,100 גרם,false,1,3.60,5.14,true,1,
7290100850923,false,דוריטוס בטעם גריל 70 גרם,"שטראוס פריטו ליי בע""\מ )",IL,דוריטוס גריל 70 גרם,גרמים,70.00,100 גרם,false,1,3.60,5.14,true,1,
7290100850930,false,דוריטוס בטעם טבעי 70 גרם,"שטראוס פריטו ליי בע""\מ )",IL,דוריטוס טבעי 70 גרם,גרמים,70.00,100 גרם,false,1,3.60,5.14,true,1,
7290100858608,false,אבקת קקאו עלית שקית 500 ג',שטראוס קפה בי.ויn\.,IL,קקאו 500 גרם,גרמים,500.00,100 גרם,false,1,23.90,4.78,true,1,
7290100926147,false,אבקת כביסה פרסיל קולור שקית 2.5 קג,"הנקל סוד בע""מ",IL,אבקת כביסה פרסיל,קילוגרמים,0.00,"ק""ג",false,1,29.50,29.50,true,1,
7290101453918,false,נר מספר - 4 (1X12X60),סודי,CN,נר מספר - 4,Unknown,0.00,Unknown,false,60,2.90,2.90,true,1,
7290101453925,false,נר מספר - 5 (1X12X60),סודי,CN,נר מספר - 5,Unknown,0.00,Unknown,false,60,2.90,2.90,true,1,
7290101500025,false,בייבי מיקס 300 גרם,חקלאי,IL,בייבי מיקס 300 גרם,גרמים,300.00,100 גרם,false,1,13.90,4.63,true,1,
7290101500193,false,מיקס חסה - נספק 200,חקלאי,IL,חסה רומית,Unknown,0.00,Unknown,false,1,11.90,11.90,true,1,
7290101500506,false,פטרוזיליה ארוז רבנות,,,פטרוזיליה ארוזה,Unknown,0.00,Unknown,false,1,4.90,4.90,true,1,
7290101500513,false,שמיר ארוז רבנות,,,שמיר ארוז,Unknown,0.00,Unknown,false,1,4.90,4.90,true,1,
7290101500520,false,כוסברה ארוז רבנות,,,כוסברה ארוזה,Unknown,0.00,Unknown,false,1,4.90,4.90,true,1,
7290101500537,false,נענע ארוז רבנות,,,נענע ארוזה,Unknown,0.00,Unknown,false,1,4.90,4.90,true,1,
7290101500551,false,סלרי אמריקאי ארוז רבנות,חקלאי,IL,סלרי אמריקאי ארוז,Unknown,0.00,Unknown,false,1,5.90,5.90,true,1,
7290101500568,false,שורש סלרי ארוז,חקלאי,IL,סלרי ראש ארוז,Unknown,0.00,Unknown,false,1,5.90,5.90,true,1,
7290101500926,false,עלי תרד ארוז רבנות,יושלם,IL,תרד ארוז רכות,Unknown,0.00,Unknown,false,1,9.90,9.90,true,1,
7290101501176,false,פלפלונים רמי לוי,מ.ע יזמות,IL,פלפל טינקרבל,Unknown,0.00,Unknown,false,1,9.90,9.90,true,1,
7290101501305,false,מלפפון מיני בייבי אורגני ארוז,חקלאי,IL,מלפפוני טעם,Unknown,0.00,Unknown,false,1,11.90,11.90,true,1,
7290101551027,false,קפסולות קפה אספרסו חזק במיוחד 14 עלית 10 יח',הנסיך- מפעל לייצור ט,IL,קפסולות 14 חזק במיוח,גרמים,50.00,100 גרם,false,1,16.50,33.00,true,1,
7290101551263,false,סילאן טבעי ללא תוספת סוכר,מכוורת יד מרדכי,IL,סילאן טבעי 700 גרם י,גרמים,700.00,100 גרם,false,1,29.90,4.27,true,1,
7290101551300,false,סילאן טבעי ללא תוספת סוכר בקבוק לחיץ,מכוורת יד מרדכי שטראוס ב,IL,סילאן טבעי לחיץ יד מ,גרמים,700.00,100 גרם,false,1,14.90,2.13,true,1,
7290101551539,false,יוגורט PRO בטעם אפרסק 0% 20 גרם חלבון בגביע,"שטראוס בריאות בע""מ",IL,דנונה פרו 20 גרם חלב,גרמים,200.00,100 גרם,false,1,5.90,2.95,true,1,
7290101863410,false,"סיליט באנג ספריי ניקוי עוצמתי מכיל אקונומיקה 750 מ""ל",סיליט באנג Cillit Bang,PL,סיליט באנג ספריי אקו,מיליליטרים,750.00,"100 מ""ל",false,1,12.90,1.72,true,1,
7290101864127,false,"ספריי להסרת כתמים 750 מ""ל וניש קליה",קליה וניש Kalia Vanish,IL,קליה אוקסי ספריי 750,מיליליטרים,500.00,"100 מ""ל",false,1,15.90,3.18,true,1,
7290101866633,false,וניש קליה גל להסרת כתמים 3 ליטר אוקסיפרש,קליה וניש Kalia Vanish,IL,קליה גל 3 ל,ליטרים,0.00,ליטר,false,1,29.90,29.90,true,1,
7290101868958,false,"פיניש נוזל הברקה למדיח בניחוח לימון 800 מ""ל",רקיט בנקיזר,PL,פיניש הברקה לימון 80,מיליליטרים,800.00,"100 מ""ל",false,1,19.90,2.49,true,1,
7290101869733,false,פיניש ג'ל למדיח כלים בניחוח לימון 1 ליטר ALL IN 1,רקיט בנקיזר,PL,גל AIO פיניש לימון 1,מיליליטרים,1000.00,"100 מ""ל",false,1,42.90,4.29,true,1,
7290101869795,false,"מטהר אוויר אירוויק ספריי מילוי חלום ליל קיץ 250 מ""ל",איירוויק Air Wick,GB,אירוויק מילוי מבשם א,Unknown,0.00,Unknown,false,1,23.90,23.90,true,1,
7290101869917,false,"אירוויק מילוי מבשם אויר אטומטי היער הקסום 19 מ""ל",איירוויק Air Wick,GB,אירוויק מילוי מבשם א,Unknown,0.00,Unknown,false,1,23.90,23.90,true,1,
7290101952176,false,מארז קבנוס ציידים 20,,,קבנוס ציידים 200 גרם,גרמים,200.00,100 גרם,false,1,26.50,13.25,true,1,
7290101952282,false,צוריסוס ארגנטינאי 530 גרם,,,צוריסוס ארגנטינאי,גרמים,530.00,100 גרם,false,1,38.90,7.34,true,1,
7290101952329,false,המבורגר מזרע טקסס 40,,,המבורגר טקסס 400 גרם,גרמים,400.00,100 גרם,false,1,26.90,6.73,true,1,
7290101952343,false,המבורגר מסעדות 400 גרם,,,המבורגר מסעדות,גרמים,400.00,100 גרם,false,1,26.90,6.73,true,1,
7290101952527,false,לקט בסגנון אסייתי טבעפרוסט 800 גר,,,לקט בסגנון אסייתי טב,גרמים,800.00,100 גרם,false,1,19.80,2.48,true,1,
7290101952565,false,מחבת מלבני 21X33,,IL,מיני פריזר ילדים,גרמים,400.00,100 גרם,false,1,36.50,9.13,true,1,
7290101952657,false,פטרוצן אמיתי קפוא 700 גרם,,IL,פטרוצן אמיתי קפוא,גרמים,700.00,100 גרם,false,1,54.90,7.84,true,1,
7290101980919,false,מארז שלישיית ביצי שוקולד ממותגים,זאיני,IT,מארז שלישיית ביצי שו,Unknown,0.00,Unknown,false,1,14.50,14.50,true,1,
7290101985365,false,בקבוק אלומיניום גדול,,,בקבוק אלומיניום גדול,Unknown,0.00,Unknown,false,1,27.50,27.50,true,1,
7290102030330,false,תפוצ'יפס קראנצ' בטעם מקסיקני 200 גרם,"שטראוס פריטו ליי בע""\מ )",IL,תפוציפס קראנצ מקסיקנ,גרמים,200.00,100 גרם,false,1,9.90,4.95,true,1,
7290102031276,false,מארז 8 יחידות אקטימל משקה יוגורט בטעם תות בננה,מיוצר עי קונדיטוריית,IL,אקטימל תות בננה,גרמים,850.00,100 גרם,false,1,19.90,2.34,true,1,
7290102032334,false,אבקה להכנת משקה קפה בטעם וניל,שטראוס קפה בי.וי,IL,קפה נמס וניל 200 גר,גרמים,200.00,100 גרם,false,1,24.90,12.45,true,1,
7290102300822,false,גבינה צ'דר אנגלית כתומה 200 גרם,דאולי צ'יסמייקרס,GB,צדר אנגלית כתומה 200,גרמים,200.00,100 גרם,false,1,21.90,10.95,true,1,
7290102300877,false,גבינת צ'דר אנגלית34%משקל,כושר דייארי,GB,צדר אנגלי במשקל,Unknown,0.00,"ק""ג",true,0,129.00,129.00,true,1,
7290102300884,false,צדר אנגלי כתום במשקל,שבינגטון,GB,צדר אנגלי כתום במשקל,Unknown,0.00,"ק""ג",true,0,129.00,129.00,true,1,
7290102301881,false,טרטר גבינה עם שום ועשבי תיבול 150 גרם,בונגראן,FR,גבינת טרטר עשבי תיבו,גרמים,150.00,100 גרם,false,1,24.90,16.60,true,1,
7290102302246,false,גבינת גאודה הולנדית 200 גרם,מיוצר עי קונדיטוריית,NL,גבינת גאודה הולנדית,גרמים,200.00,100 גרם,false,0,23.90,11.95,true,1,
7290102302864,false,גבינה הולנדית עם פסטו ירוק 34%,הנרי ויליך Henri Willig,NL,גבינת גאודה פסטו ירו,גרמים,200.00,100 גרם,false,1,35.90,17.95,true,1,
7290102303878,false,אלוויר חמאת נורמנדי 200 גרם,אלוויר,FR,אלוויר חמאה נורמנדי,גרמים,200.00,100 גרם,false,1,20.90,10.45,true,1,
7290102304721,false,גבינת טרמנדס כמהין 1,הנרי ויליך,NL,טרמנדס כמהין 180 גרם,גרמים,180.00,100 גרם,false,0,43.90,24.39,true,1,
7290102304769,false,גבינת מימולט מיושנת,איסיני סנט מור,FR,גבינת מימולט 210 גרם,גרמים,210.00,100 גרם,false,0,38.90,18.52,true,1,
7290102390427,false,יוגורט ביו עם קציפת תות 3% שומן 150 ג' מולר,מולר Muller,IL,יוגורט מולר פרופ בטע,גרמים,150.00,100 גרם,false,1,5.80,3.87,true,1,
7290102390465,false,יוגורט ביו עם קציפת אפרסק ופסיפלורה 3% שומן 150 ג' מולר,מולר Muller,IL,פרופ אפרסק פסיפלורה,מיליליטרים,150.00,"100 מ""ל",false,1,5.80,3.87,true,1,
7290102390489,false,יוגורט ביו עם קציפת לימון 3% שומן 150 ג' מולר,מולר Muller,IL,פרופ לימון מולר 150,מיליליטרים,150.00,"100 מ""ל",false,1,5.80,3.87,true,1,
7290102391844,false,יוגורט ביו עם קציפת פירות יער3% שומן 150 ג' מולר,מולר Muller,IL,פרופ מולר פירות יער,גרמים,150.00,100 גרם,false,1,5.80,3.87,true,1,
7290102392049,false,גבינה לאפיה תבור ללא תוספת מלח 5% משק צוריאל 500 גרם,מחלבת משק צוריאל,IL,צוריאל תבור גבינה לא,גרמים,500.00,100 גרם,false,1,24.90,4.98,true,1,
7290102392094,false,חלב עיזים 3.7% בקרטון משק צוריאל 1 ליטר,מילקו תעשיות בעמ,IL,חלב עיזים בקרטון 1ל,מיליליטרים,1000.00,"100 מ""ל",false,1,15.90,1.59,true,1,
7290102393039,false,"יוגורט ביו קרמי מיקס פצפוצי שוקולד 7.6% מולר 170 מ""ל",קריות זול,IL,מולר מיקס יוגורט,גרמים,150.00,100 גרם,false,1,5.90,3.93,true,1,
7290102393060,false,"יוגורט ביו קרמי מיקס גלילי ופל ואגוזים 5.9% מולר 170 מ""ל",קריות זול,IL,מולר מיקס יוגורט קרמ,גרמים,150.00,100 גרם,false,1,5.90,3.93,true,1,
7290102393176,false,סימפלי פרוט יוגורט אפרסק 3% שומן 150 ג' מולר,מילקו תעשיות בעמ,IL,SIMPLY FRUIT מולר בט,מיליליטרים,150.00,"100 מ""ל",false,1,5.30,3.53,true,1,
7290102393268,false,גבינה לבנה 5% שומן 750 ג' טרה,הפריט בפיקוח,IL,גבינה לבנה 5% 750 גר,גרמים,750.00,100 גרם,false,1,14.94,1.99,true,1,
7290102393299,false,יוגורט עיזים לשתייה 3% משק צוריאל 500 גרם,מיוצר עי קוד יצרן HG,IL,יוגורט עיזים לשתיה 5,גרמים,500.00,100 גרם,false,1,12.90,2.58,true,1,
7290102393947,false,סימפלי פרוט יוגורט בטעם קיווי 3% שומן 150 ג' מולר,מילקו תעשיות בעמ,IL,SIMPLY FRUIT מולר בט,מיליליטרים,150.00,"100 מ""ל",false,1,5.30,3.53,true,1,
7290102394081,false,"יוגורט ביו קרמי מיקס קורנפלקס מצופה שוקולד מולר 170 מ""ל",מילקו תעשייה בעמ,IL,מולר מיקס עם קורנפלק,גרמים,150.00,100 גרם,false,1,5.90,3.93,true,1,
7290102394258,false,גליל גבינת עיזים מה עז 9% משק צוריאל 180 גרם,מחלבת משק צוריאל,IL,עז מה 9% מופחתת שומן,גרמים,180.00,100 גרם,false,0,24.90,13.83,true,1,
7290102394463,false,נעם גבינה צהובה פרוסה ואקום 28% טרה 500 גרם,Unknown,IL,נעם גבינה צהובה וואק,גרמים,500.00,100 גרם,false,1,29.90,5.98,true,1,
7290102394845,false,נעם גבינה צהובה לייט פרוסה דק דק 9% טרה 200 גרם,מילקו תעשיות בעמ,IL,נעם גבינה צהובה דק ד,גרמים,200.00,100 גרם,false,1,17.90,8.95,true,1,
7290102395101,false,ממרח גבינה ושוקולד מוו טרה 200 גרם,מילקו תעשיות בעמ,IL,ממרח גבינה ושוקולד ש,גרמים,200.00,100 גרם,false,1,12.50,6.25,true,1,
7290102395224,false,שמיניית יוגורט ביו ביאנקו 1.7% מולר 150 גרם,מולר Muller,IL,מאגדת שמיניה מולר,גרמים,1200.00,100 גרם,false,1,18.90,1.58,true,1,
7290102395231,false,שמיניית יוגורט ביו ביאנקו 2.8% מולר 150 גרם,מולר Muller,IL,מאגדת שמיניה מולר,גרמים,1200.00,100 גרם,false,1,18.90,1.58,true,1,
7290102395262,false,מארז 8 גביעים יוגורט בטעם תות שדה ואפרסק 3% Simply Fruit,מולר Muller,IL,מאגדת 8 מולר סימפלי,גרמים,900.00,100 גרם,false,1,31.90,3.54,true,1,
7290102395378,false,נעם גבינה צהובה פרוסה ואקום 28% טרה 360 גרם,טרה,IL,נעם גבינה צהובה וואק,גרמים,360.00,100 גרם,false,1,23.90,6.64,true,1,
7290102395408,false,נעם גבינה צהובה 28% במשקל,החברה המרכזית,IL,נעם גבינה צהובה 28%,Unknown,0.00,"ק""ג",true,0,44.79,44.79,true,1,
7290102395415,false,נועם גב.צהובה9%חריץ משקל,החברה המרכזית,IL,נעם גבינה צהובה 9% ב,Unknown,0.00,"ק""ג",true,0,86.00,86.00,true,1,
7290102395422,false,נעם גבינה צהובה 22% במשקל,החברה המרכזית,IL,נעם גבינה צהובה 22%,Unknown,0.00,"ק""ג",true,0,42.58,42.58,true,1,
7290102395439,false,מארז 8 גביעים יוגורט בטעם פירות יער וקיווי 3% Simply Fruit,מילקו תעשיות בעמ,IL,מאגדת 8 מולר סימפלי,גרמים,900.00,100 גרם,false,1,31.90,3.54,true,1,
7290102395446,false,מעדן חלב בטעם וניל עם קצפת 123 ג' טרה,Unknown,IL,מעדן מו וניל 123 גר,גרמים,123.00,100 גרם,false,1,3.40,2.76,true,1,
7290102395477,false,מעדן חלב בטעם שוקולד עם קצפת 123 ג' טרה,Unknown,IL,מעדן מו שוקולד 123,גרמים,123.00,100 גרם,false,1,3.40,2.76,true,1,
7290102396665,false,נעם גבינה צהובה דק דק 15% טרה 200 גרם,מילקו תעשיות בעמ,IL,גבינה צהובה נעם דק ד,גרמים,200.00,100 גרם,false,1,16.90,8.45,true,1,
7290102396672,false,"גבנ""צ דק דק נעם פתיחה חוזרת 9% 360 גרם",מילקו תעשיות בעמ,IL,זבינה צהובה נעם דק ד,גרמים,360.00,100 גרם,false,1,29.90,8.31,true,1,
7290102396948,false,חלב טרה 1 ליטר 3% קרטון רבנות,HIQ FOOD PRODUCTS,IL,חלב טרה 1 ליטר 3% קר,ליטרים,0.00,ליטר,false,1,6.23,6.23,true,1,
7290102397204,false,"גבנ""צ דק דק נעם פתיחה חוזרת 22% 200 גרם",מילקו תעשיות בעמ,IL,גבינה צהובה נעם דק ד,גרמים,200.00,100 גרם,false,1,17.90,8.95,true,1,
7290102397464,false,יוגורט ביו בתוספת גרעינים אגוזים וחמוציות 170 ג' מולר,מולר Muller,IL,מולר נטורל+ פקאן גרע,גרמים,170.00,100 גרם,false,1,5.90,3.47,true,1,
7290102397600,false,מיקס יוגורט בתוספת שקדים ובוטנים מקורמלים 170 ג' מולר,מילקו תעשייה בעמ,IL,מולר מיקס שקדים ובוט,גרמים,170.00,100 גרם,false,1,5.90,3.47,true,1,
7290102397617,false,יוגורט ביו קרמי עם כדורים מצופים שוקולד חום לבן,מולר Muller,IL,מולר מיקס קליק 170 ג,גרמים,170.00,100 גרם,false,1,5.90,3.47,true,1,
7290102397730,false,פרוסות גבינה אמנטל חצי קשה 30% שומן 200 ג' נעם,Unknown,IL,גבינת אמנטל נעם 200,גרמים,200.00,100 גרם,false,1,18.90,9.45,true,1,
7290102397747,false,פרוסות גבינת מוצרלה נעם מחלב בקר 22%,טרה,IL,מוצרלה נעם רכיבים,גרמים,200.00,100 גרם,false,1,19.90,9.95,true,1,
7290102397891,false,גבינה מותכת משק צוריאל 100 גרם,משק צוריאל,IL,גבינה מותכת 100 גרם,גרמים,100.00,100 גרם,false,1,7.90,7.90,true,1,
7290102398065,false,חלב טרה בקרטון 2 ליטר מהדרין 3% - מוצר בפיקוח,הפריט בפיקוח,IL,חלב 3% מהדרין 2 ליטר,ליטרים,0.00,ליטר,false,1,12.46,12.46,true,1,
7290102398072,false,"חלב קרטון 3%-1 ליטר "" טרה"" -מוצר פיקוח",הפריט בפיקוח,IL,חלב טרה 3% קרטון 1,מיליליטרים,1000.00,"100 מ""ל",false,1,6.23,0.62,true,1,
7290102398331,false,חלב מועשר דל לקטוז 2% שומן טרה 1 ליטר,Unknown,IL,חלב מועשר דל לקטוז 1,מיליליטרים,1000.00,"100 מ""ל",false,1,8.50,0.85,true,1,
7290102398553,false,משקה חלב בטעם שוקו 2% XL אריזה משפחתית,מילקו תעשיות בעמ,IL,שוקו טרה בבקבוק 1.5,ליטרים,0.00,ליטר,false,1,17.50,17.50,true,1,
7290102398560,false,שוקו טרה מועשר בבקבוק 1 ליטר,מילקו תעשיות בעמ,IL,שוקו מועשר טרה 1 ליט,מיליליטרים,1000.00,"100 מ""ל",false,1,12.50,1.25,true,1,
7290102398577,false,משקה חלב בטעם שוקו 2% בבקבוק אישי,מילקו תעשיות בעמ,IL,שוקו מועשר טרה 250 מ,מיליליטרים,250.00,"100 מ""ל",false,1,5.90,2.36,true,1,
7290102398614,false,משקה חלב בטעם בננה טרה 1 ליטר,מילקו תעשיות בעמ,IL,משקה חלב בננה טרה 1,מיליליטרים,1000.00,"100 מ""ל",false,1,12.50,1.25,true,1,
7290102398669,false,משקה חלב אייס קפוצ'ינו טרה 1 ליטר,מילקו תעשיות בעמ,IL,אייס קפוצינו 1 ליטר,ליטרים,0.00,ליטר,false,1,12.50,12.50,true,1,
7290102398782,false,משקה סויה קלאסי משק צוריאל 1 ליטר,מחלבת משק צוריאל,IT,משקה סויה קלאסי משק,ליטרים,0.00,ליטר,false,1,12.90,12.90,true,1,
7290102398799,false,משקה סויה במתיקות מופחתת משק צוריאל 1 ליטר,מחלבת משק צוריאל,IT,משקה סויה במתיקות מו,ליטרים,0.00,ליטר,false,1,12.90,12.90,true,1,
7290102398805,false,משקה סויה בטעם וניל משק צוריאל 1 ליטר,מחלבת משק צוריאל,IT,משקה סויה בטעם וניל,ליטרים,0.00,ליטר,false,1,12.90,12.90,true,1,
7290102398836,false,משקה שקדים קלאסי משק צוריאל 1 ליטר,מחלבת משק צוריאל,IT,משקה שקדים קלאסי משק,ליטרים,0.00,ליטר,false,1,14.60,14.60,true,1,
7290102399635,false,"מולר פרופ יוגורט ביו עם קציפת קוקוס ואננס 150 מ""ל",מולר Muller,IL,מולר פרופ קוקוס,מיליליטרים,150.00,"100 מ""ל",false,1,5.80,3.87,true,1,
7290102399796,false,מעדן יוגורט לבן מועשר בחלבון 200 ג' מולר אקטיב,מולר Muller,IL,מולר אקטיב יוגורט חל,גרמים,200.00,100 גרם,false,1,5.90,2.95,true,1,
7290102399802,false,יוגורט עם תות מולר אקטיב מועשר בחלבון 200 גר',מולר Muller,IL,מולר אקטיב יוגורט חל,גרמים,200.00,100 גרם,false,1,6.50,3.25,true,1,
7290102399819,false,יוגורט עם פירות יער מולר אקטיב מועשר בחלבון 200 גר',מולר Muller,IL,מולר אקטיב יוגורט,גרמים,200.00,100 גרם,false,1,6.50,3.25,true,1,
7290102399857,false,מולר אקטיב לייט 20 גרם חלבון 0% שומן עם תות 200 גרם,מולר Muller,IL,מולר אקטיב לייט יוגו,גרמים,200.00,100 גרם,false,1,6.50,3.25,true,1,
7290102601547,false,כפיות פרמיום שקוף/קרם/לבן/זהב א'ר 50 דנטס,,TR,כפיות פרמיום שקוף/קר,Unknown,0.00,Unknown,false,1,8.90,8.90,true,1,
7290103086022,false,תמצית אשכוליות,,,תמצית אשכוליות,Unknown,0.00,Unknown,false,1,129.90,129.90,true,1,
7290103087395,false,תמצית דיטוקס 100 מל,"ברא צמחים בע""מ",IL,דיטוקס תמצית 100 מל,Unknown,0.00,Unknown,false,1,119.90,119.90,true,1,
7290103088118,false,גוטה זיס- 60 TAB,,,גוטה זיס- 60 TAB,Unknown,0.00,Unknown,false,1,129.90,129.90,true,1,
7290103126797,false,"קולגייט משחת שיניים סנסיטיב פרו ריליף 75 מ""ל",הנסיך- מפעל לייצור ט,BR,קולגייט סנסיטיב פרו,Unknown,0.00,Unknown,false,1,25.90,25.90,true,1,
7290103129392,false,ליידי ספיד סטיק פרש אסנס פרח הפרזיה סטיק 65 גר,ליידי ספיד סטיק Lady Speed Stick,US,ליידי ספיד סטיק פרש,גרמים,65.00,100 גרם,false,1,21.90,33.69,true,1,
7290103400194,false,"כרוב לבן 400 גר בד""צ ירקות שטראוס",שטראוס בריאות ירקות טריי,IL,כרוב לבן 400 גר,גרמים,400.00,100 גרם,false,1,10.90,2.73,true,1,
7290103400255,false,"סלט קולסלאו 400 גרם בד""צ ירקות שטראוס",שטראוס בריאות ירקות טריי,IL,סלט קולסלאו 400 גר,גרמים,400.00,100 גרם,false,1,10.90,2.73,true,1,
7290103401429,false,קפה קצב ברזילאי אוריגינס 200 גר,הנסיך- מפעל לייצור ט,IL,קפה קצב ברזילאי אורי,גרמים,200.00,100 גרם,false,1,25.90,12.95,true,1,
7290103404758,false,סלט כרוב אדום במיונז אחלה 120 גרם,מיוצר עי קונדיטוריית,IL,כרוב אדום 120 גר,גרמים,125.00,100 גרם,false,1,4.80,3.84,true,1,
7290103408206,false,עלי חסה ערבית שטופים שטראוס 250 גרם,שטראוס בריאות ירקות טריי,IL,עלי חסה שטופים בקופס,גרמים,250.00,100 גרם,false,1,12.90,5.16,true,1,
7290103613099,false,"תרסיס איסטיס לגרון 30 מ""ל",,IL,תרסיס איסטיס לגרון 3,מיליליטרים,30.00,"100 מ""ל",false,1,79.90,266.33,true,1,
7290103681173,false,"יין הר קברנה סובניון יקבי תבור 750 מ""ל.",מיוצר על ידי יקב תבור,IL,יין הר קברנה מיתוג ת,מיליליטרים,750.00,"100 מ""ל",false,1,35.90,4.79,true,1,
7290103681210,false,"יין הר שרדונה מיתוג תנשמת 750 מ""ל",מיוצר על ידי יקב תבור,IL,יין הר שרדונה מיתוג,מיליליטרים,750.00,"100 מ""ל",false,1,35.90,4.79,true,1,
7290103681227,false,"יין הר גוורצטרמינר מיתוג תנשמת 750 מ""ל",מיוצר על ידי יקב תבור,IL,יין הר גוורצטרמינר מ,מיליליטרים,750.00,"100 מ""ל",false,1,35.90,4.79,true,1,
7290103681296,false,"יין אדמה מרלו תנשמת 750 מ""ל",יקב תבור,IL,יין אדמה מרלו תנשמת,מיליליטרים,750.00,"100 מ""ל",false,1,62.90,8.39,true,1,
7290103681357,false,"יין אדמה רוזה תנשמת 750 מ""ל",יקב תבור,IL,יין אדמה רוזה תנשמת,מיליליטרים,750.00,"100 מ""ל",false,1,62.90,8.39,true,1,
7290103681739,false,"יין הר תבור לבן 750 מ""ל",מיוצר על ידי יקב תבור,IL,יין הר לבן 2021 750,Unknown,0.00,Unknown,false,1,35.90,35.90,true,1,
7290103701017,false,טאצ' נייר אפייה נשלף 50 יח',"שניב תעשיות נייר בע""",IL,נייר אפיה טאצ,Unknown,0.00,Unknown,false,24,9.90,9.90,true,1,
7290103702304,false,טאצ אשפתון עבה במיוחד 35 יחידות,"שניב תעשיות נייר בע""",,טאצ אשפתון עבה במיוח,Unknown,0.00,Unknown,false,1,15.40,15.40,true,1,
7290103703370,false,טאצ מגבוני טואלט לחים מארז שלישייה,,IL,טאצ מגבוני טואלט לחי,Unknown,0.00,Unknown,false,1,15.40,15.40,true,1,
7290103703394,false,טאצ' ניילון נצמד זוגות,,,טאצ ניילון נצמד זוגו,מטרים,150.00,מטר,false,6,12.90,0.09,true,1,
7290103704162,false,נייר טואלט טאצ' 32 גלילים מהדורה 2021,"שניב תעשיות נייר בע""",IL,טואלט טאצ 32 מהדורת,Unknown,0.00,Unknown,false,18,29.90,29.90,true,1,
7290103704186,false,מגבות נייר סופג 6 גלילים כפולים טאצ',,IL,מגבות טאצ 6 גלילים כ,יחידה,1.00,יחידה,false,1,19.90,19.90,true,1,
7290103704568,false,טואלט טאצ 40 מהדורת 2021,,,טואלט טאצ 40 מהדורת,Unknown,0.00,Unknown,false,18,36.90,36.90,true,1,
7290103704575,false,נייר טואלט טאצ' פרימיום 48 גלילים,,,טואלט טאצ 48 מהדורת,Unknown,0.00,Unknown,false,18,40.90,40.90,true,1,
7290103704759,false,נייר טואלט טאצ' גליל כפול 16 יח',,IL,טואלט טאצ 16 כפול פר,Unknown,0.00,Unknown,false,1,33.50,33.50,true,1,
7290103704896,false,טאצ' תבנית אלומיניום 4 יח' קשיח,,IT,4 יחידות G105 תבנית,Unknown,0.00,Unknown,false,1,10.90,10.90,true,1,
7290103704902,false,תבנית טאצ רוסטר בינוני 4 יחידות,,IT,תבנית טאצ רוסטר בינו,Unknown,0.00,Unknown,false,1,10.90,10.90,true,1,
7290103705008,false,טאצ' כפפות ניטריל שחורות 100 יח' S,,IL,S כפפות ניטריל שחור,Unknown,0.00,Unknown,false,1,19.90,19.90,true,1,
7290103705015,false,טאצ' כפפות ניטריל שחורות 100 יח' M,,IL,M כפפות ניטריל שחור,Unknown,0.00,Unknown,false,1,19.90,19.90,true,1,
7290103705022,false,טאצ' כפפות ניטריל שחורות 100 יח' L,,IL,L כפפות ניטריל שחור,Unknown,0.00,Unknown,false,1,19.90,19.90,true,1,
7290103705039,false,טאצ' כפפות ניטריל שחורות 100 יח' XL,,IL,XL כפפות ניטריל שחור,Unknown,0.00,Unknown,false,1,19.90,19.90,true,1,
7290104059117,false,הרשי סירופ שוקולד 680 גרם,,,הרשי סירופ שוקולד,גרמים,680.00,100 גרם,false,1,22.90,3.37,true,1,
7290104061417,false,סלט חומוס עם טחינה אחלה 400 גרם,"שטראוס גרופ בע""\מ",IL,חומוס טחינה 400 גר,גרמים,400.00,100 גרם,false,1,10.90,2.73,true,1,
7290104061431,false,סלט חומוס עם צנובר אחלה 400 גרם,"שטראוס גרופ בע""\מ",IL,חומוס צנובר 400 גר,גרמים,400.00,100 גרם,false,1,10.90,2.73,true,1,
7290104061448,false,סלט חומוס עם חריף אחלה 400 גרם,מיוצר עי קונדיטוריית,IL,חומוס חריף 400 גרם,גרמים,400.00,100 גרם,false,1,10.90,2.73,true,1,
7290104062599,false,מארז 8 יחידות מעדן גמדים בטעמי תות ובננה,"שטראוס בריאות בע""\מ",IL,מארז סופר גמדים תות,גרמים,800.00,100 גרם,false,1,19.80,2.48,true,1,
7290104065934,false,עלי רוקט שטראוס 150 גרם,שטראוס בריאות ירקות טריי,IL,עלי רוקט 150גר,גרמים,150.00,100 גרם,false,1,10.90,7.27,true,1,
7290104066566,false,טחינה משומשום מלא אח,מיוצר עי קונדיטוריית,IL,טחינה 500 גרם,גרמים,500.00,100 גרם,false,1,14.60,2.92,true,1,
7290104500572,false,אפרופו חטיף תירס איטליאנו אסם 50 גרם,מיוצר עי קונדיטוריית,IL,חטיף אפרופו איטליאנו,גרמים,50.00,100 גרם,false,1,5.00,10.00,true,1,
7290104503184,false,הבית עוגת שבת בראוניס טעם שוקולד ריבת חלב 380 גרם,מיוצר עי קונדיטוריית,IL,עוגת שבת בראוניס שוק,גרמים,380.00,100 גרם,false,1,15.60,4.11,true,1,
7290104508943,false,במבה חטיף בוטנים אסם 200 גרם,"אסם השקעות בע""\מ",IL,במבה קלאסי 200 גרם,גרמים,200.00,100 גרם,false,1,8.90,4.45,true,1,
7290104615238,false,זרים אחידים,,,צמחים,Unknown,0.00,Unknown,false,1,30.00,30.00,true,1,
7290104615252,false,זרים אחידים,,,צמחים,Unknown,0.00,Unknown,false,1,40.00,40.00,true,1,
7290104615337,false,זרים אחידים,,,צמחים,Unknown,0.00,Unknown,false,1,45.00,45.00,true,1,
7290104615412,false,צמחים,,,צמחים,Unknown,0.00,Unknown,false,1,13.00,13.00,true,1,
7290104615450,false,צמחים,,,צמחים,Unknown,0.00,Unknown,false,1,17.00,17.00,true,1,
7290104615498,false,צמחים,,,צמחים,Unknown,0.00,Unknown,false,1,21.00,21.00,true,1,
7290104615641,false,זר פרחים אחיד,,,חבילת פרחים,Unknown,0.00,Unknown,false,1,34.00,34.00,true,1,
7290104615948,false,צמחים,,,צמחים,Unknown,0.00,Unknown,false,1,55.00,55.00,true,1,
7290104615993,false,עציצים,,,עציצים,Unknown,0.00,Unknown,false,1,75.00,75.00,true,1,
7290104618239,false,צמחים,,,צמחים,Unknown,0.00,Unknown,false,1,75.00,75.00,true,1,
7290104721533,false,רצועות פלפלים קלויים אחלה 400 ג',מיוצר עי קונדיטוריית,IL,רצועות פלפלים קלויים,גרמים,400.00,100 גרם,false,1,18.30,4.58,true,1,
7290104721762,false,מארז שלשות קפה טורקי עלית 85 ג',שטראוס גרופ,IL,מארז קפה טורקי עלית,גרמים,255.00,100 גרם,false,1,19.90,7.80,true,1,
7290104721953,false,לקט מסולסלים ירקות שטראוס 350 גרם,שטראוס בריאות ירקות טריי,IL,לקט מסולסלים 350 גר,גרמים,350.00,100 גרם,false,1,13.90,3.97,true,1,
7290104722530,false,תפוצ'יפס בטעם שמנת בצל עלית 200 גרם,"שטראוס פריטו ליי בע""\מ )",IL,תפוציפס שמנת בצל 200,גרמים,200.00,100 גרם,false,1,9.90,4.95,true,1,
7290104726262,false,רביעייה מעדן דני שוקולד דיסני לבנים 125 גרם,מיוצר עי קונדיטוריית,IL,מארז דני לשתייה 4*12,גרמים,500.00,100 גרם,false,1,10.90,2.18,true,1,
7290104726712,false,מארז 8 יחידות מעדן מילקי בטעם שוקולד עם קצפת,"שטראוס גרופ בע""\מ",IL,מארז מילקי שמיניייה,קילוגרמים,0.00,"ק""ג",false,1,19.50,19.50,true,1,
7290104728310,false,"שמנת מתוקה עמידה 38% שומן ""יטבתה"" -מוצר בפיקוח",שטראוס גרופ,IL,שמנת עמידה לקצפת 38%,מיליליטרים,250.00,"100 מ""ל",false,1,6.47,2.59,true,1,
7290104729003,false,"יד מרדכי - שמן זית כתית מעולה 2 קלאסי 750 מ""ל",מכוורת יד מרדכי שטרא,IL,שמן זית כתית מעולה י,מיליליטרים,750.00,"100 מ""ל",false,1,29.50,3.93,true,1,
7290104961878,false,"שמפו לשיער קרטין אינטנס פורמולה 400 מ""ל נטורל",נטורל פורמולה Natural Formula,IL,נטורל פורמולה שמפו ק,מיליליטרים,400.00,"100 מ""ל",false,1,36.50,9.13,true,1,
7290104962752,false,ס.גארד אינוויזבל גל הגנה שקוף לפניםSPF50,מיוצר עי : אמיליה קוסמטי,IL,סקינגארד גל הגנה שקו,מיליליטרים,6000.00,"100 מ""ל",false,1,47.90,0.80,true,1,
7290104963001,false,סופטקר מגבונים לחים רביעייה בניחוח עדין,החברה הדרומית,IL,סופטקר מגבונים בניחו,Unknown,0.00,Unknown,false,1,16.50,16.50,true,1,
7290104963018,false,סופטקר מגבונים לחים רביעייה ללא בישום,החברה הדרומית,IL,סופטקר מגבונים ללא ב,Unknown,0.00,Unknown,false,1,16.50,16.50,true,1,
7290104965654,false,קרליין נושם דאו סטיק סוויט קיס לנערות 50,מיוצר עי : אמיליה קוסמטי,IL,SWEET KISS דיאודוראנ,מיליליטרים,75.00,"100 מ""ל",false,1,18.90,25.20,true,1,
7290105360250,false,קפסולות 09 עשיר וארומטי למכונת נספרסו עלית 10יח',הנסיך- מפעל לייצור ט,IL,קפסולות מקיאטו למכונ,גרמים,50.00,100 גרם,false,1,16.50,33.00,true,1,
7290105360328,false,קפסולות אספרסו חזק למכונות נספרסו 10 יח',הנסיך- מפעל לייצור ט,IL,קפסולות אספרסו חזק ל,Unknown,0.00,Unknown,false,1,16.50,16.50,true,1,
7290105360335,false,קפסולות אספרסו למכונות נספרסו 50 גר,הנסיך- מפעל לייצור ט,IL,קפסולות אספרסו למכונ,גרמים,50.00,100 גרם,false,1,16.50,33.00,true,1,
7290105360762,false,"שמן זית 1 עדין 750 מ""ל יד מרדכי",מכוורת יד מרדכי שטראוס ב,IL,שמן זית 1 עדין 750 מ,מיליליטרים,750.00,"100 מ""ל",false,1,33.90,4.52,true,1,
7290105360878,false,תפוציפס טבעי 50 גרם מארז רביעייה,"שטראוס פריטו ליי בע""\מ )",IL,מארז תפוציפס טבעי 50,גרמים,200.00,100 גרם,false,1,10.50,5.25,true,1,
7290105362339,false,"שמנת לבישול 15% 250 מ""ל יטבתה מהדרין",שטראוס גרופ,IL,שמנת לבישול 15% מהדר,מיליליטרים,250.00,"100 מ""ל",false,1,7.90,3.16,true,1,
7290105363602,false,מקלות כיף כף קלאסי עלית 40 גרם,שולן צ'\יקולטה גידה סאן.,TR,כיף כף מקלות קלאסי 4,Unknown,0.00,Unknown,false,1,4.80,4.80,true,1,
7290105364289,false,מקלות כיף כף פצפוצים עלית 40 גרם,שולן צ'\יקולטה גידה סאן.,TR,כיף כף מקלות פצפוצים,Unknown,0.00,Unknown,false,1,4.80,4.80,true,1,
7290105364302,false,"עלית חטיף שוקולד כיף כף מקלות אגוזים, 40 גרם",שולן צ'\יקולטה גידה סאן.,TR,כיף כף מקלות אגוזים,גרמים,42.00,100 גרם,false,1,4.80,11.43,true,1,
7290105364678,false,"אקטיביה משקה יוגורט בטעם אפרסק שטראוס 250 מ""ל",מיוצר עי קונדיטוריית,IL,משקה אקטיביה אפרסק,מיליליטרים,250.00,"100 מ""ל",false,1,6.00,2.40,true,1,
7290105366023,false,סלט חצילים בטעם כבד אחלה 400 גרם,מיוצר עי קונדיטוריית,IL,חציל בטעם כבד 400 גר,גרמים,400.00,100 גרם,false,1,18.30,4.58,true,1,
7290105366993,false,סימפוניה גבינת שמנת פלפל שיפקה 5% שטראוס 200 גרם,"שטראוס בריאות בע""מ",IL,סימפוניה פלפל שיפקה,גרמים,200.00,100 גרם,false,1,11.00,5.50,true,1,
7290105368331,false,מעדן מילקי בטעם תות עם קצפת,מחלבת אחיהוד,IL,מילקי נוגת 134גר,גרמים,130.00,100 גרם,false,1,2.90,2.23,true,1,
7290105368904,false,"שמנת מתוקה להקצפה 32% שומן 250 מ""ל יוטבתה",שטראוס גרופ,IL,שמנת עמידה לקצפת 32%,מיליליטרים,250.00,"100 מ""ל",false,1,7.60,3.04,true,1,
7290105368928,false,"שמנת 9% שומן 200 מ""ל יוטבתה",שטראוס גרופ,IL,שמנת 9% מהדרין 200 מ,מיליליטרים,200.00,"100 מ""ל",false,1,3.30,1.65,true,1,
7290105381200,false,"רוגע - שמן קיק 100 מ""ל",,,רוגע - שמן קיק 100,מיליליטרים,100.00,"100 מ""ל",false,1,29.90,29.90,true,1,
7290105430458,false,תחליב רחצה מועשר בשקדים וקרם לחות Naturals משאבה,הנסיך- מפעל לייצור ט,TR,פלמוליב תחליב רחצה ש,מיליליטרים,750.00,"100 מ""ל",false,1,19.90,2.65,true,1,
7290105431868,false,"סבון פלמוליב נוזלי ספא קוקוס גרגרים 500 מ""ל",הנסיך- מפעל לייצור ט,TR,פלמוליב ספא קוקוס,מיליליטרים,500.00,"100 מ""ל",false,1,19.80,3.96,true,1,
7290105438546,false,קוקי נייר אפייה פרימיום 40 יח',אופל אריזות,IL,נייר אפי פרימיום קוק,Unknown,0.00,Unknown,false,1,9.90,9.90,true,1,
7290105500151,false,וודקה פינלנדיה בקבוק,"אלטיה קורפ, הלסינקי,",FI,וודקה פינלנדיה 700 מ,מיליליטרים,700.00,"100 מ""ל",false,1,57.90,8.27,true,1,
7290105500236,false,וויסקי ג'ק דניאלס מס' 7 Brand No,ג'ק דניאלס Jack Daniel's,US,וויסקי גק דניאלס 700,מיליליטרים,700.00,"100 מ""ל",false,1,99.90,14.27,true,1,
7290105500953,false,"וויסקי ג'ק דניאלס דבש 700 מ""ל",ג'ק דניאל'ס,BE,וויסקי גק דניאלס דבש,מיליליטרים,700.00,"100 מ""ל",false,1,99.90,14.27,true,1,
7290105691248,false,אסם חטיפי פריכונים טורטייה תירס 60 גרם,"פרח תעשיות מזון בע""מ.",IL,חטיפי פריכונים טורטי,גרמים,60.00,100 גרם,false,1,7.20,12.00,true,1,
7290105691712,false,אסם עוגיות הפסקת קפה דגנים מלאים 230 גרם,היינץ צפון אמריקה מק,IL,עוגיות הפסקת קפה חיט,גרמים,200.00,100 גרם,false,1,12.50,6.25,true,1,
7290105693341,false,מארז עשיריית במבה אסם 25*10 גרם,"אסם השקעות בע""\מ",IL,מארז במבה 25 גרם 10,גרמים,250.00,100 גרם,false,1,14.90,5.96,true,1,
7290105693457,false,עוגת הבית דמקה שוקו וניל אסם 320 גרם,מיוצר עי קונדיטוריית,IL,עוגת דמקה שוקו וניל,גרמים,320.00,100 גרם,false,1,12.50,3.91,true,1,
7290105694614,false,פסטה ספגטי מהיר הכנה אסם 500 גרם,זארה,IT,ספגטי מהיר הכנה 500,גרמים,500.00,100 גרם,false,1,7.90,1.58,true,1,
7290105695024,false,פתיתים אפויים אורז עם אטריות אסם 500 גרם,"אסם השקעות בע""\מ",IL,פתיתים אפויים אורז ע,גרמים,500.00,100 גרם,false,1,6.90,1.38,true,1,
7290105695321,false,עוגת הבית בראוניס פאדג' אסם 380 גרם,מיוצר עי קונדיטוריית,IL,עוגת בראוניס פרג 380,גרמים,380.00,100 גרם,false,1,15.60,4.11,true,1,
7290105858016,false,שמפו סרפד רוזמרין,,,שמפו סרפד רוזמרין,מיליליטרים,500.00,"100 מ""ל",false,1,28.90,5.78,true,1,
7290105858030,false,סבון צמחי קלנדולה הדס,,,סבון צמחי קלנדולה הד,מיליליטרים,500.00,"100 מ""ל",false,1,28.90,5.78,true,1,
7290105961181,false,משקה פונץ' בננה יטבתה 1 ליטר מהדרין,שטראוס גרופ,IL,פונץ בננה 1 ליטר,מיליליטרים,1000.00,"100 מ""ל",false,1,11.40,1.14,true,1,
7290105962331,false,סחוג תימני אדום חריף מאוד זהבי הכרם 220 גרם,קריניסה ויטמין אס אי,IL,זחוק אדום תימני מקור,גרמים,220.00,100 גרם,false,1,14.20,6.45,true,1,
7290105964564,false,סלט חומוס אחלה 400גר,מיוצר עי קונדיטוריית,IL,חומוס אחלה 400 גר,גרמים,400.00,100 גרם,false,1,9.40,2.35,true,1,
7290105965738,false,יוגורט לשתיה בטעם תות בננה267 ג' דנונה,מיוצר עי קונדיטוריית,IL,משקה בוקר תות בננה 2,מיליליטרים,267.00,"100 מ""ל",false,1,5.00,1.87,true,1,
7290105966469,false,"חומץ בלסמי ממודנה יד מרדכי 250 מ""ל",אצטייה ג'וזפה קרמוני,IT,חומץ בלסמי יד מרדכי,מיליליטרים,250.00,"100 מ""ל",false,1,14.70,5.88,true,1,
7290105968098,false,"סלט קולסלאו 500 גרם ""אחלה""",שטראוס גרופ סלטים,IL,קולסלאו 500 גר,גרמים,500.00,100 גרם,false,1,15.90,3.18,true,1,
7290105968654,false,רביולי בטטה פרווה פסטה נונה 400 ג',מיוצר עי קונדיטוריית,IL,רביולי בטטה פרווה,גרמים,400.00,100 גרם,false,1,19.90,4.98,true,1,
7290105968777,false,פריכיות 5 דגנים עם תחתית שוקולד מריר 70 גרם,"טחנת האבן תעשיות בע""",IL,פריכיות אנרגי תחתית,גרמים,70.00,100 גרם,false,1,7.70,11.00,true,1,
7290105999290,false,קפה קרים תערובת קרמל קפסולות 10*5.5 גרם,,IL,קפה קרים תערובת קרמל,גרמים,55.00,100 גרם,false,1,16.90,30.73,true,1,
7290105999535,false,"פחית קפה קר גו 250 מ""ל",,IL,פחית קפה קר גו 250 מ,מיליליטרים,250.00,"100 מ""ל",false,1,6.90,2.76,true,1,
7290106520066,false,"רבע לשבע שוקולד חלב במילוי אגוזים עלית 160 גרם בד""צ","הגביע מוצרי וופלים בע""\מ",IL,אצבעות וופל רבע לשבע,גרמים,160.00,100 גרם,false,1,10.90,6.81,true,1,
7290106520288,false,יוגורט פרו חלבון עם תות 2.4% שומן 150 ג' דנונה,"שטראוס בריאות בע""מ",IL,דנונה WOW תות 2.4% ש,גרמים,150.00,100 גרם,false,1,4.60,3.07,true,1,
7290106520905,false,סלט טורקי אחלה 400 גרם,"שטראוס גרופ בע""\מ",IL,סלט טורקי 400 גר,גרמים,400.00,100 גרם,false,1,18.30,4.58,true,1,
7290106520912,false,"שמנת 9% לבישול יטבתה 250 מ""ל מהדרין",שטראוס גרופ,IL,שמנת לבישול 9% 250 מ,מיליליטרים,250.00,"100 מ""ל",false,1,7.90,3.16,true,1,
7290106521049,false,אחלה טעמי השוק קוביות סלק 400 גר,מיוצר עי קונדיטוריית,IL,אחלה טעמי השוק קוביו,גרמים,400.00,100 גרם,false,1,18.30,4.58,true,1,
7290106521926,false,קפה טורקי בצלופן עלית 150 גרם,שטראוס קפה בי.ויn\.,IL,טורקי עלית 150 גרם ש,גרמים,150.00,100 גרם,false,1,12.90,8.60,true,1,
7290106525399,false,קפסולות 06 ברזיל למכונות נספרסו עלית 10יח',הנסיך- מפעל לייצור ט,IL,קפסולות ברזיל 06 למכ,גרמים,50.00,100 גרם,false,1,16.50,33.00,true,1,
7290106528567,false,"דוריטוס גריל 185 גרם ""עלית""","שטראוס פריטו ליי בע""\מ )",IL,חטיף דוריטוס גריל 18,גרמים,185.00,100 גרם,false,1,7.40,4.00,true,1,
7290106528628,false,"דוריטוס טבעי 185 גרם ""עלית""","שטראוס פריטו ליי בע""\מ )",IL,Dippas חטיף דוריטוס,גרמים,185.00,100 גרם,false,1,7.40,4.00,true,1,
7290106528949,false,לקט ערוגות 450 גרם שטראוס,שטראוס בריאות ירקות טריי,IL,לקט ערוגות,Unknown,0.00,Unknown,false,1,12.90,12.90,true,1,
7290106573598,false,צבר חומוס לבנוני 400 גרם,סלטי צבר,IL,חומוס לבנוני 400 גרם,גרמים,400.00,100 גרם,false,1,11.90,2.98,true,1,
7290106573628,false,צבר חומוס עם טחינה 400 גרם,סלטי צבר,IL,חומוס עם טחינה 400 ג,גרמים,400.00,100 גרם,false,1,11.90,2.98,true,1,
7290106573642,false,חומוס צנוברים צבר 400 גרם,סלטי צבר,IL,חומוס עם צנובר צבר 4,גרמים,400.00,100 גרם,false,1,11.90,2.98,true,1,
7290106574793,false,עוגת הבית בטעם שוקו-שוקוצ'יפס 350 ג' אסם,מיוצר עי קונדיטוריית,IL,עוגת הבית שוקו - שוק,גרמים,350.00,100 גרם,false,1,12.50,3.57,true,1,
7290106574953,false,בייגלה שטוחים כעכים שטוחים עם שומשום,מיוצר עי קונדיטוריית,IL,בייגלה שטוחים שומשום,גרמים,300.00,100 גרם,false,1,10.90,3.63,true,1,
7290106574977,false,בייגלה שטוחים כעכים שטוחים עם מלח,מיוצר עי קונדיטוריית,IL,בייגלה שטוחים עם מלח,גרמים,300.00,100 גרם,false,1,10.90,3.63,true,1,
7290106575257,false,עוגת הבית סופלה בטעם שוקולד 340 ג' אסם,מיוצר עי קונדיטוריית,IL,עוגת סופלה בטעם שוקו,גרמים,340.00,100 גרם,false,1,12.50,3.68,true,1,
7290106575431,false,עוגת הבית סופלה בטעם שוקוניל 340 ג' אסם,מיוצר עי קונדיטוריית,IL,עוגת סופלה בטעם שוקו,גרמים,340.00,100 גרם,false,1,12.50,3.68,true,1,
7290106576513,false,סלט חומוס צבר 400 גר,סלטי צבר,IL,חומוס חלק 400 גרם,גרמים,400.00,100 גרם,false,1,9.40,2.35,true,1,
7290106576537,false,חומוס מסעדות צבר 700 גרם,סלטי צבר,IL,חומוס מסעדה צבר 700,גרמים,700.00,100 גרם,false,1,10.90,1.56,true,1,
7290106576797,false,"לה קרמריה גלידת וניל איטלקי כשל""פ 1.4ל'",תות תעשיות מזון (201,IL,לה קרמריה וניל איטלק,ליטרים,0.00,ליטר,false,1,18.90,18.90,true,1,
7290106576810,false,גלידה לה קרמריה ריבת חלב 1.4 ל' נסטלה,לה קרמריה- נסטלה,IL,לה קרמריה ריבת חלב כ,ליטרים,0.00,ליטר,false,1,18.90,18.90,true,1,
7290106576971,false,גלידה לה קרמריה שוקולד בלגי 1.4 ל' נסטלה,תות תעשיות מזון (201,IL,לה קרמריה שוקולד בלג,ליטרים,0.00,ליטר,false,1,18.90,18.90,true,1,
7290106577282,false,טחינה אמיתית מרובע 400 ג' צבר,סלטי צבר,IL,טחינה 400 גרם,גרמים,400.00,100 גרם,false,1,12.90,3.23,true,1,
7290106577541,false,כרוב אדום מרובע 400 גר' צבר,סלטי צבר,IL,סלט כרוב אדום 400 גר,גרמים,400.00,100 גרם,false,1,12.90,3.23,true,1,
7290106578241,false,"חטיף דובונים בטעם תפו""א 100 ג' אסם","אסם תעשיות בע""מ",IL,חטיפי דובונים 100 גר,גרמים,100.00,100 גרם,false,1,10.40,10.40,true,1,
7290106578692,false,ביסלי במבה מיקס מהדורת אליפות אסם 80 גרם,פרו מן יו פתרונות אר,IL,ביסלי במבה גריל מיקס,גרמים,80.00,100 גרם,false,1,4.30,5.38,true,1,
7290106578821,false,עוגת הבית שמרים קלאסית שוקולד אסם 350 גרם,מיוצר עי קונדיטוריית,IL,עוגת הבית שמרים שוקו,גרמים,350.00,100 גרם,false,1,15.60,4.46,true,1,
7290106652996,false,מקלות כיף כף קוקוס עלית 40 גרם,סולן בעבור שטראוס,TR,כיף כף מקלות קוקוס 4,Unknown,0.00,Unknown,false,1,4.80,4.80,true,1,
7290106653689,false,לקט לסלט אסייתי שטראוס 350 גרם,שטראוס בריאות ירקות טריי,IL,לקט לסלט אסייתי 350,גרמים,350.00,100 גרם,false,1,12.90,3.69,true,1,
7290106654099,false,מילקי CAKE עוגות אישיות במילוי קרם חלב,בובארד איטליה אס.פי.איי,IT,מארז שמיניית מילקי 2,גרמים,272.00,100 גרם,false,1,20.00,7.35,true,1,
7290106658479,false,וופל טורטית שוקלד מגדים 40ג',"שטראוס גרופ בע""\מ",IL,טורטית מגדים 40 גרם,גרמים,40.00,100 גרם,false,1,3.80,9.50,true,1,
7290106662025,false,תפוציפס טבעי מלח ופלפל 50 גרם,"שטראוס פריטו ליי בע""",IL,תפוציפס טבעי מלח ופל,גרמים,50.00,100 גרם,false,1,3.90,7.80,true,1,
7290106663121,false,"עוגה אישית במילוי קרם חלב ""מילקי קייק"" שטראוס",בובארד איטליה אס.פי.איי,IT,עוגה אישית מילקי 34,גרמים,34.00,100 גרם,false,1,3.20,9.41,true,1,
7290106663503,false,קונפיטורה לייט תות יד מרדכי 230 גרם,אף.סי תבליני בגליל ב,IL,קונפיטורת לייט תות 2,גרמים,230.00,100 גרם,false,1,16.90,7.35,true,1,
7290106664555,false,"רוטב שמנת עם עגבניות 9% שומן 250 מ""ל יוטבתה",שטראוס גרופ,IL,יטבתה רוטב שמנת עם ע,גרמים,250.00,100 גרם,false,1,10.90,4.36,true,1,
7290106666788,false,עלית - סוכריות נוסטלגיה דבש ממולאות 80 גרם,שטראוס גרופ,PL,סוכריות נוסטלגיה דבש,גרמים,80.00,100 גרם,false,1,6.80,8.50,true,1,
7290106667266,false,"דוריטוס חמוץ חריף 185 גרם ""עלית""","שטראוס פריטו ליי בע""\מ )",IL,חטיף דוריטוס חמוץ חר,גרמים,185.00,100 גרם,false,1,7.40,4.00,true,1,
7290106668577,false,"מיץ לימון טיבעי 250 מ""ל יד מרדכי",האי נאם סי או אל.טי.,IT,"מיץ לימון 250 מ""ל יד",מיליליטרים,250.00,"100 מ""ל",false,1,7.80,3.12,true,1,
7290106668713,false,יוגורט עם פירות יער 3% שומן 150 ג' דנונה,מיוצר עי קונדיטוריית,IL,דנונה פירות יער 3% 1,גרמים,150.00,100 גרם,false,1,4.30,2.87,true,1,
7290106669857,false,קפסולות אספרסו בטעם וניל עלית 10 יחידות,הנסיך- מפעל לייצור ט,IL,קפסולות אספרסו בטעם,גרמים,50.00,100 גרם,false,1,16.50,33.00,true,1,
7290106720626,false,צ'יטוס קראנצ' בטעם גבינה - חלבי,"שטראוס פריטו ליי בע""\מ )",IL,ציטוס בטעם גבינה 80,גרמים,80.00,100 גרם,false,1,4.20,5.25,true,1,
7290106721906,false,צנצנת בזוקה מגדים ציקלט 66 גרם,"שטראוס גרופ בע""מ",IL,צנצנת בזוקה מגדים צי,Unknown,0.00,Unknown,false,1,8.90,8.90,true,1,
7290106721913,false,מסטיק מאסט MUST ללא סוכר בטעם מנטה מרעננת,"שטראוס גרופ בע""מ",IL,צנצנת מסטיקים ריח פה,Unknown,0.00,Unknown,false,1,8.90,8.90,true,1,
7290106721920,false,צנצנת מסטיק מאסט בטעם ספירמינט עדין 66 ג' עלית,"שטראוס גרופ בע""\מ.",IL,צנצנת מסטיקים ספירמי,Unknown,0.00,Unknown,false,1,8.90,8.90,true,1,
7290106723689,false,עלי תרד בייבי שטראוס 200 גרם,שטראוס בריאות ירקות טריי,IL,תרד בייבי 200 גר,גרמים,200.00,100 גרם,false,1,12.90,6.45,true,1,
7290106726178,false,יוגורט PRO עם פירות יער 2.4% 10 גרם חלבון בגביע,מיוצר עי קונדיטוריית,IL,דנונה פרו פירות יער,גרמים,150.00,100 גרם,false,1,4.60,3.07,true,1,
7290106727984,false,"כיף כף פצפצים בגביע 135 גרם ""עלית""",שולן צ'\יקולטה גידה סאן.,TR,כיף כף גביע פצפצים 1,גרמים,135.00,100 גרם,false,1,12.50,9.26,true,1,
7290106772472,false,גרוסליין - בלגה ממרח שוקולד 350 גרם,"אלמנדוס בע""מ",IL,בלגה ממרח אגוזי לוז,גרמים,350.00,100 גרם,false,1,13.90,3.97,true,1,
7290107280020,false,שלישיית מטליות לחות לניקוי כללי סנו סושי 50 יחידות,טרופיקל דגיל- תעשיות,IL,סנו סושי מטליות לחות,Unknown,0.00,Unknown,false,1,15.90,15.90,true,1,
7290107280068,false,סנו סושי תבנית אלומיניום ענק א.לארג 2 יח,סנו מפעלי ברונוס בעמ,CN,זוג תבניות אלומיניום,Unknown,0.00,Unknown,false,1,11.90,11.90,true,1,
7290107280075,false,סנו סושי תבנית אלומיניום לארג 4יח,סנו מפעלי ברונוס בעמ,CN,רביעיית תבניות אלומי,Unknown,0.00,Unknown,false,1,7.90,7.90,true,1,
7290107280082,false,מארז 7 תבניות אלומיניום מוארכות לאפייה אינגליש קייק,סנו מפעלי ברונוס בעמ,CN,תבניות אלומיניום מוא,Unknown,0.00,Unknown,false,1,11.90,11.90,true,1,
7290107280105,false,מגבוני אף רכים במיוחד סנו סופט 120 יח,סנו סופט,IL,מגבוני אף רכים במיוח,Unknown,0.00,Unknown,false,1,7.90,7.90,true,1,
7290107280129,false,סנו סושי 20 שקיות אשפה חזקות גדולות XXL,אשפלסט תעשיות,IL,סנו סושי 20 שקיות אש,Unknown,0.00,Unknown,false,1,22.90,22.90,true,1,
7290107280341,false,ריצפז מטליות לחות לניקוי הרצפה בניחוח מלון מפנק,"סנו מפעלי ברונוס סע""",IL,מט.לחות לרצפה סנו רצ,Unknown,0.00,Unknown,false,1,10.50,10.50,true,1,
7290107280570,false,סנו - מקסימה ג'ל כביסה מרוכז לכביסה צבעונית 3 ליטר,מיוצר עי קונדיטוריית,IL,סנו מקסימה גל כביסה,ליטרים,0.00,ליטר,false,1,29.60,29.60,true,1,
7290107280655,false,"אבקת כביסה בייבי סנו מקסימה 3.25 ק""ג",סנו מקסימה,IL,אבקת כביסה סנו מקסימ,קילוגרמים,0.00,"ק""ג",false,1,42.90,42.90,true,1,
7290107280709,false,"סנו ספארק נוזל הברקה למדיח 700 מ""ל","סנו מפעלי ברונוס בע""\מ",IL,נוזל הברקה למדיח סנו,מיליליטרים,900.00,"100 מ""ל",false,1,17.70,1.97,true,1,
7290107280730,false,נוזל לניקוי כלים סנו ספארק Spark בניחוח לבנדר,מיוצר עי קונדיטוריית,IL,נוזל כלים סנו ספארק,מיליליטרים,700.00,"100 מ""ל",false,1,10.90,1.56,true,1,
7290107280761,false,נוזל לניקוי כלים בניחוח לימון רענן סנו ספארק Spark,מיוצר עי קונדיטוריית,IL,ספארק נוזל כלים בניח,מיליליטרים,1000.00,"100 מ""ל",false,1,15.10,1.51,true,1,
7290107645584,false,אבקת מרק עוף אמיתי רכיבים טיבעיים קנור 400ג',יוניליוור ישראל מזון בע\,IL,מרק עוף אמיתי רכיבים,גרמים,400.00,100 גרם,false,1,24.90,6.23,true,1,
7290107646062,false,אבקת מרק בצל רכיבים טבעיים קנור 400 ג',יוניליוור ישראל מזון בע\,IL,קנור מרק בצל רכיבים,גרמים,400.00,100 גרם,false,1,23.90,5.98,true,1,
7290107646147,false,"חטיף שוגי קורנפלקס תלמה 156 גרם מארז 6 יחידות בד""צ",יוניליוור ישראל מזון בעמ,IL,מאגדת שוגי קורנפלקס,גרמים,156.00,100 גרם,false,1,12.50,8.01,true,1,
7290107646154,false,"חטיף קוקומן פצפוצים תלמה 126 גרם מארז 6 יחידות בד""צ",יוניליוור ישראל מזון בעמ,IL,מאגדת קוקומן פצפוצים,גרמים,126.00,100 גרם,false,1,12.50,9.92,true,1,
7290107646826,false,"חטיף שוגי שוקו תלמה 156 גרם מארז 6 יחידות בד""צ",יוניליוור ישראל מזון בעמ,IL,מאגדת פתיתי תירס שוק,גרמים,156.00,100 גרם,false,1,12.50,8.01,true,1,
7290107646833,false,"חטיף שוגי פצפוצים תלמה 138 גרם מארז 6 יחידות בד""צ",יוניליוור ישראל מזון בעמ,IL,מאגדת פצפוצי שוקולד,גרמים,138.00,100 גרם,false,1,12.50,9.06,true,1,
7290107646895,false,רוטב עגבניות לפסטה נפוליטנה 415 ג' קנור,קונסורזיו קאסאלאסקו דל פ,IT,קנור רוטב נפוליטנה 4,גרמים,415.00,100 גרם,false,1,12.90,3.11,true,1,
7290107646918,false,רוטב עגבניות ופלפלים לשקשוקה 415 ג' קנור,קונסורזיו קאסאלאסקו דל פ,IT,קנור רוטב שקשוקה 415,גרמים,415.00,100 גרם,false,1,12.90,3.11,true,1,
7290107647816,false,"דגני ברנפלקס ללא תוספת סוכר 500 גרם בד""צ",יוניליוור ישראל מזון בעמ,IL,דגני ברנפלקס ללא תוס,גרמים,500.00,100 גרם,false,1,23.90,4.78,true,1,
7290107647854,false,"שוגי מופחת סוכר תלמה 500 ג' בד""צ",יוניליוור ישראל מזון בעמ,IL,שוגי 20% פחות סוכר 5,גרמים,500.00,100 גרם,false,1,22.90,4.58,true,1,
7290107648943,false,"ברנפלקס קרנצ'ים מייפל תלמה 375 גרם בד""צ","יוניליוור שפע ישראל בע""\",IL,דגנים בטעם מייפל ללת,גרמים,375.00,100 גרם,false,1,20.90,5.57,true,1,
7290107649100,false,בייגלה טבעות שומשום 300 גרם.,בייגל את בייגל מזון 198),IL,בייגלה טבעות 300 גרם,גרמים,300.00,100 גרם,false,1,12.50,4.17,true,1,
7290107870047,false,"טילון אקסטרים מטבע ענק בראוניז, 115 ג'",תות תעשיות מזון (201,IL,אקסטרים טילון בראוני,גרמים,115.00,100 גרם,false,1,10.00,8.70,true,1,
7290107871990,false,"פסטה צינורות 500 גרם ""אסם""",פסטה זארה,IT,פסטה צינורות 500 גר,גרמים,500.00,100 גרם,false,1,5.70,1.14,true,1,
7290107874427,false,אוסם - מיני פריכונים זעתר 25 גרם,"פרח תעשיות מזון בע""מ.",IL,פריכונים מיני זעתר 2,גרמים,25.00,100 גרם,false,1,4.90,19.60,true,1,
7290107874441,false,פריכונים מיני בצל מקורמל 25 גרם אסם,"פרח תעשיות מזון בע""מ.",IL,פריכונים מיני בצל מק,גרמים,25.00,100 גרם,false,1,4.90,19.60,true,1,
7290107874502,false,ביסלי גריל קדמ. מארז אחיד 10 4*55 גרם,מיוצר עי קונדיטוריית,IL,ביסלי גריל קדמ. מארז,גרמים,200.00,100 גרם,false,1,13.50,6.75,true,1,
7290107875271,false,ביסלי ברביקיו קדמ. מארז אחיד10 4*55 גרם,"אסם השקעות בע""\מ",IL,ביסלי ברביקיו קדמ. מ,גרמים,200.00,100 גרם,false,1,13.50,6.75,true,1,
7290107875820,false,קרוטונים אפויים בתיבול ביתי אוסם 180 ג',עינת תעשיות מזון,IL,קרוטונים אפויים בתיב,גרמים,180.00,100 גרם,false,1,13.70,7.61,true,1,
7290107877619,false,מארז במבה במילוי קרם נוגט 5*30ג' אסם,"אסם השקעות בע""\מ",IL,במבה במילוי קרם נוגט,גרמים,150.00,100 גרם,false,1,15.20,10.13,true,1,
7290107879132,false,פריכיות פיטנס מיני פריכיות שוקולד חלב 22 ג',כרמית,IL,פיטנס מיני פריכיות ש,גרמים,22.00,100 גרם,false,1,5.50,25.00,true,1,
7290107879521,false,קרחוני לה פרוטה La Frutta תות שדה - 5 יח',גלידות נסטלה )נגה גלידות,IL,מאגדת לה פרוטה תות 5,Unknown,0.00,Unknown,false,1,27.50,27.50,true,1,
7290107931397,false,כיף כף פצפוצים במילוי שוקולד 40 גרם,שולן צ'\יקולטה גידה סאן.,TR,כיף כף פצפוצים במילו,Unknown,0.00,Unknown,false,1,6.20,6.20,true,1,
7290107932080,false,חלב מועשר יוטבתה בבקבוק 3% 1 ליטר,מחלבת יטבתה,IL,חלב מועשר יוטבתה בבק,מיליליטרים,1000.00,"100 מ""ל",false,1,7.30,0.73,true,1,
7290107932134,false,חלב מועשר יוטבתה בבקבוק 1% 1 ליטר,מחלבת יטבתה,IL,חלב מועשר יוטבתה בבק,מיליליטרים,1000.00,"100 מ""ל",false,1,7.30,0.73,true,1,
7290107933155,false,לקט סלנובה שטראוס 200 גרם,שטראוס בריאות ירקות טריי,IL,לקט סלנובה 200 גר,גרמים,200.00,100 גרם,false,1,13.90,6.95,true,1,
7290107934473,false,שמינייה יוגורט לבן אקטיביה 1.5% דנונה 150 גרם,"שטראוס גרופ בע""\מ",IL,מארז מיוחד אקטיביה,גרמים,1200.00,100 גרם,false,1,19.90,1.66,true,1,
7290107936309,false,דנונה יוגורט 7% יווני לבן 130 ג',"שטראוס בריאות בע""מ",IL,דנונה יווני לבן 5.8%,גרמים,120.00,100 גרם,false,1,3.20,2.67,true,1,
7290107936460,false,מארז 8 יח' דנכול משקה יוגורט בטעם מעודן,מיוצר עי קונדיטוריית,IL,מארז 8 יח דנכול בטעם,גרמים,800.00,100 גרם,false,1,29.60,3.70,true,1,
7290107936958,false,עד חצות ביסקוויט אצבעות שוקולד 125 גרם,ביסקוויטס טור ד'\אלבון,FR,אצבעות עד חצות עם ש,גרמים,125.00,100 גרם,false,1,12.90,10.32,true,1,
7290107936965,false,עיגולים עד חצות עם שוקולד חלב 225 גר,ביסקווטרי עוגיות סנט,FR,עיגולים עד חצות עם,גרמים,225.00,100 גרם,false,1,12.90,5.73,true,1,
7290107937542,false,משקה יוגורט אקטיביה עם תות 1.2% שומן,מיוצר עי קונדיטוריית,IL,משקה אקטיביה תות 1.2,מיליליטרים,265.00,"100 מ""ל",false,1,6.00,2.26,true,1,
7290107938396,false,שמיניית אקטימל תות דיסני בנים 108 גרם,מיוצר עי קונדיטוריית,IL,שמיניית אקטימל תות 8,גרמים,864.00,100 גרם,false,1,19.90,2.30,true,1,
7290107939027,false,גזר דק דק שטראוס 250 גרם,שטראוס בריאות ירקות טריי,IL,גזר דק דק 250 גרם,גרמים,250.00,100 גרם,false,1,7.90,3.16,true,1,
7290107940467,false,אקטיביה יוגורט 1.5% שומן 200 ג' דנונה,מיוצר עי קונדיטוריית,IL,יוגורט אקטיביה 1.5%,גרמים,200.00,100 גרם,false,1,3.90,1.95,true,1,
7290107942355,false,תפוצ'יפס מקלות בטעם טבעי 60 גרם,"שטראוס פריטו ליי בע""",IL,תפוציפס מקלות בטעם ט,גרמים,60.00,100 גרם,false,1,3.90,6.50,true,1,
7290107942454,false,ממרח פסק זמן אגוזי לוז עם קקאו 700 גרם,"שטראוס גרופ בע""\מ",IL,ממרח פסק זמן אגוזי ל,גרמים,700.00,100 גרם,false,1,24.90,3.56,true,1,
7290107943369,false,קוואקר שיבולת שועל ללא גלוטן 511 גרם,היידי שוקולד בירונטי,US,קוואקר שיבולת שועל ל,גרמים,511.00,100 גרם,false,1,16.90,3.31,true,1,
7290107944243,false,אפיפיות בטעם שוקולד 200 גרם כשר לפסח,"שטראוס גרופ בע""\מ",IL,וופלים אפיפיות בטעם,גרמים,200.00,100 גרם,false,1,9.40,4.70,true,1,
7290107945165,false,קונפיטורת משמש יד מרדכי 340 גרם,אף.סי תבליני בגליל ב,IL,קונפיטורת יד מרדכי,גרמים,340.00,100 גרם,false,1,16.90,4.97,true,1,
7290107950190,false,מעדן חלב דל קלוריות בטעם שוקולד מריר 0.5% שומן,מיוצר עי קונדיטוריית,IL,מעדן דיאט שוקולד מרי,גרמים,130.00,100 גרם,false,1,3.50,2.69,true,1,
7290107950206,false,מעדן חלב דל קלוריות בטעם שוקולד 0% שומן,מיוצר עי קונדיטוריית,IL,מעדן דיאט שוקולד 0%,גרמים,130.00,100 גרם,false,1,3.50,2.69,true,1,
7290107951104,false,בפלות ופלים ארוכים בטעם שוקולד,"שטראוס גרופ בע""\מ",IL,בפלות שוקולד 200 גרם,גרמים,200.00,100 גרם,false,1,5.50,2.75,true,1,
7290107951715,false,צנצנת מסטיק מאסט קוביות בטעם ענבים 58 ג' עלית,אסקום קונפקשיין,IL,מאסט צנצנת קוביות ענ,Unknown,0.00,Unknown,false,1,8.90,8.90,true,1,
7290107953559,false,"מארז קפה טורקי עלית לדרך כשל""פ 168 גרם",הנסיך- מפעל לייצור ט,IL,מארז טורקי לדרך 168,גרמים,168.00,100 גרם,false,1,18.90,11.25,true,1,
7290107954976,false,משקה חלב PRO עם קפה 1.5% 25 גרם חלבון בבקבוק,מחלבת יטבתה,DE,משקה פרו קפה יטבתה 3,מיליליטרים,350.00,"100 מ""ל",false,1,6.50,1.86,true,1,
7290107956901,false,קפסולות בטעם אגוזים למכונת נספרסו עלית 10 יחידות,שטראוס קפה בי.וי.,IL,קפסולות בטעם אגוזים,גרמים,50.00,100 גרם,false,1,16.50,33.00,true,1,
7290107956925,false,קפסולות 13 אוגנדה למכונת נספרסו עלית 10יח',שטראוס קפה בי.וי.,IL,קפסולות אוגנדה 13 למ,גרמים,50.00,100 גרם,false,1,16.50,33.00,true,1,
7290107956932,false,קפסולות אספרסו אידונזיה למכונות 50 גר,שטראוס קפה בי.וי.,IL,קפסולות אספרסו אידונ,גרמים,50.00,100 גרם,false,1,16.50,33.00,true,1,
7290107957076,false,"מסטיק ""עלמה"" בטעם ספירמנט 66 גרם צנצנת ""עלית""","שטראוס גרופ בע""\מ",IL,צנצנת עלמה בטעם ספיר,Unknown,0.00,Unknown,false,1,8.90,8.90,true,1,
7290107957991,false,מילקי CAKE מיניס קרם חלב בציפוי שוקולד חלב שקית 16X9ג',בובארד איטליה אס.פי.איי,IT,מילקי CAKE מינייס 14,גרמים,144.00,100 גרם,false,1,14.60,10.14,true,1,
7290107958035,false,יוגורט במתיקות מעודנת 2% ללא תוספת סוכר- מארז 8 יח,"שטראוס בריאות בע""\מ",IL,"מארז דנונה ללת""ס",גרמים,1200.00,100 גרם,false,1,19.40,1.62,true,1,
7290107958639,false,"מטבוחה מרוקאית חריפה 400 גרם ""אחלה""",מיוצר עי קונדיטוריית,IL,מטבוחה מרוקאית חריפה,גרמים,400.00,100 גרם,false,1,18.30,4.58,true,1,
7290107974646,false,מרידול נשימה רעננה שטיפת פה 400 מל,הנסיך- מפעל לייצור ט,PL,מי פה נשמה רעננה מרי,מיליליטרים,400.00,"100 מ""ל",false,1,37.90,9.48,true,1,
7290107974820,false,ממרח בטעם ספייסי מיונז מאסטר שף 250 גרם,רמיה סי.וי.הולנד,NL,מנה מאסטר שף ממרח מת,גרמים,248.00,100 גרם,false,1,9.10,3.67,true,1,
7290107974837,false,מנה מאסטר שף ממרח מתובל שום 246 גר,רמיה סי.וי.הולנד,NL,מנה מאסטר שף ממרח מת,גרמים,246.00,100 גרם,false,1,9.10,3.70,true,1,
7290107976848,false,פלמוליב סבון מוצק קמומיל רביעייה 360 ג,קולגייט-פלמוליב,TR,סבון מוצק פלמוליב קמ,Unknown,0.00,Unknown,false,1,22.90,22.90,true,1,
7290107977753,false,"משחת שיניים פרודונט אקספרט מרידול , 75 מ""ל",קולגייט פלמוליב,PL,מש.שיניים פרודונט אק,Unknown,0.00,Unknown,false,1,27.90,27.90,true,1,
7290107979184,false,"תבניות אלומיניום פלוס נייר אפייה 32/26 ס""מ L",HAI PLASTIC,CN,תב.אלומיניום עם נייר,Unknown,0.00,Unknown,false,1,11.90,11.90,true,1,
7290108070309,false,שמחה שקית בלונים פסטל מעורב צבעים 100 יח,,IL,שקית בלונים פסטל מעו,Unknown,0.00,Unknown,false,1,26.50,26.50,true,1,
7290108074437,false,בקבוק לנוער הלו קיטי 700 מל,,,בקבוק לנוער הלו קיטי,Unknown,0.00,Unknown,false,1,30.50,30.50,true,1,
7290108077339,false,ביצת הפתעה עם סוכריות - מלחמת הכוכבים,,,ביצת הפתעה עם סוכריו,גרמים,0.00,100 גרם,false,1,9.80,9.80,true,1,
7290108201802,false,"ספריי דטול לחיטוי בניחוח כביסה 400 מ""ל",רקיט בנקיזר,US,ספריי דטול לחיטוי בנ,מיליליטרים,400.00,"100 מ""ל",false,1,26.90,6.73,true,1,
7290108350128,false,סנו סושי שקיות אשפה חזקות במיוחד 40 יח',מיוצר עי קונדיטוריית,IL,סנו סושי 40 שקיות אש,Unknown,0.00,Unknown,false,1,23.90,23.90,true,1,
7290108350203,false,"סנו סושי כריות קרצוף+ספוג מקציף 6 יחידות 12X9 ס""מ",סנו סושי,US,סקוטש ברייט+ספוג 6 י,Unknown,0.00,Unknown,false,1,12.40,12.40,true,1,
7290108350210,false,סנו סושי 30 שקיות אשפה XL חזקות במיוחד,מיוצר עי קונדיטוריית,IL,סנו סושי שקיות אשפה,Unknown,0.00,Unknown,false,1,23.90,23.90,true,1,
7290108350258,false,נייר טואלט דו שכבתי ארוך פי 3 - מארז 12 גלילים,מפעלי ברונוס בעמ,IL,סנו סופט נ.טואלט 12,Unknown,0.00,Unknown,false,1,39.90,39.90,true,1,
7290108350531,false,סנו ספארק נוזל כלים בניחוח קלאסי עם משאבה 1 ל',מיוצר עי קונדיטוריית,IL,ספארק נוזל כלים קלאס,מיליליטרים,1000.00,"100 מ""ל",false,1,15.10,1.51,true,1,
7290108350548,false,סנו ספארק נוזל כלים בניחוח לבנדר עם משאבה 1 ל',מיוצר עי קונדיטוריית,IL,ספארק נוזל כלים לבנד,מיליליטרים,1000.00,"100 מ""ל",false,1,15.10,1.51,true,1,
7290108350616,false,סנו - מקסימה מרכך כביסה מרוכז פריחה כחולה 1 ליטר,"סנו מפעלי ברונוס בע""\מ",IL,מרכך כביסה מקסימה סו,מיליליטרים,1000.00,"100 מ""ל",false,1,17.90,1.79,true,1,
7290108350623,false,מרכך כביסה סופר מרוכז סופט סילק מקסימה 1 ל' סנו,"סנו מפעלי ברונוס בע""\מ",IL,מרכך כביסה מקסימה סו,מיליליטרים,1000.00,"100 מ""ל",false,1,17.90,1.79,true,1,
7290108350722,false,אורביטול גוניור משחת שיניים בוב ספוג 70ג,טרופיקל דגיל תעשיות קוסמ,IL,משחת שיניים אורביטול,גרמים,70.00,100 גרם,false,1,9.90,14.14,true,1,
7290108351507,false,מרכך כביסה אינספרישיין סנו מקסימה 4 ליטר,סנו מקסימה,IL,מרכך כביסה SOFT SILK,ליטרים,0.00,ליטר,false,1,20.90,20.90,true,1,
7290108351606,false,מטהר אוויר בלו בלוסום סנו פרש הום 350 מל,סנו מפעלי ברונוס בעמ,IL,מטהר אוויר בלו בלוסו,מיליליטרים,350.00,"100 מ""ל",false,1,14.40,4.11,true,1,
7290108351613,false,סנו ריצפז פרש הום בניחוח מלון חלומי 2 ל,"סנו מפעלי ברונוס בע""\מ",IL,סנו ריצפז פרש הום בנ,ליטרים,0.00,ליטר,false,1,19.90,19.90,true,1,
7290108351668,false,מטליות לחות לניקוי כללי בתוספת חומץ בניחוח לבנדר,טרופיקל דיגל- תעשיות,IL,מטליות לניקוי כללי,Unknown,0.00,Unknown,false,1,12.90,12.90,true,1,
7290108351699,false,סנו - ג'ט מטליות לחות לניקוי כללי בתוספת חומץ לבנדר שלישיה,סנו מפעלי ברונוס על,IL,מגבוני ניקוי סנו גט+,Unknown,0.00,Unknown,false,1,19.90,19.90,true,1,
7290108351705,false,פניני בישום 275 גרם מקסימה,inc prodacts smart value,IL,פניני בישום fresh l,גרמים,275.00,100 גרם,false,1,26.90,9.78,true,1,
7290108351712,false,פניני בישום לכביסה 275 ג' מקסימה,inc prodacts smart value,IL,פניני בישום lovely,גרמים,275.00,100 גרם,false,1,26.90,9.78,true,1,
7290108351781,false,ג'ל לניקוי אסלות + חומץ ומלח לימון בריח הדרים,"סנו מפעלי ברונוס בע""",IL,נוזל ניקוי אסלות סנו,מיליליטרים,750.00,"100 מ""ל",false,1,14.70,1.96,true,1,
7290108351804,false,מרכך כביסה סופר מרוכז Gentl Breeze סנו מקסימה 1 ליטר,מיוצר עי קונדיטוריית,IL,מר.כביסה סנומקסימה מ,ליטרים,0.00,ליטר,false,1,17.90,17.90,true,1,
7290108351811,false,מרכך כביסה סופר מרוכז Floral touch סנו מקסימה 1 ליטר,מיוצר עי קונדיטוריית,IL,מר.כביסה סנומקסימה מ,ליטרים,0.00,ליטר,false,1,17.90,17.90,true,1,
7290108352108,false,משחת שיניים אורביטול רעננות חריפה 145 גר,טרופיקל דגיל תעשיות קוסמ,IL,משחת שיניים אורביטול,גרמים,145.00,100 גרם,false,1,15.40,10.62,true,1,
7290108352139,false,ג'ל כביסה גרין פוויר אקולוגי 3 ל' סנו,סנו מפעלי ברונוס בעמ,IL,גל כביסה סנו גרין פא,ליטרים,0.00,ליטר,false,1,37.90,37.90,true,1,
7290108352146,false,"סנובון נוזלי בניחוח מנגוליה ונרולי סנו 750 מ""ל",סנו מפעלי ברונוס בעמ,IL,סנובון מוצק בניחוח נ,מיליליטרים,0.00,"100 מ""ל",false,1,12.40,12.40,true,1,
7290108352153,false,"סנובון נוזלי בניחוח לוטוס וסחלב סנו 750 מ""ל",מיוצר עי קונדיטוריית,IL,סנובון מוצק בניחוח ל,מיליליטרים,0.00,"100 מ""ל",false,1,12.40,12.40,true,1,
7290108352252,false,נוזל לניקוי כלים מתאים לניקוי ירקות ופירות סנו ספארק,"סנו מפעלי ברונוס בע""\מ",IL,נוזל כלים סנו ספארק,ליטרים,0.00,ליטר,false,1,15.10,15.10,true,1,
7290108352276,false,מגבונים לניקוי וחיטוי יסודי לרצפה 10 יח 99.9%,"סנו מפעלי ברונס בע""\מ",IL,מטליות לחות לריצפה ר,Unknown,0.00,Unknown,false,1,19.80,19.80,true,1,
7290108352290,false,סנו שלישיית מטליות לחות לניקוי וחיטוי99.9% לחדר אמבטיה,מיוצר עי קונדיטוריית,IL,מטליות לחות לאמבטיה,Unknown,0.00,Unknown,false,1,26.90,26.90,true,1,
7290108352320,false,"מבשם אויר סנו פרש הום בניחוח כותנה מלטפת 350 מ""ל",מיוצר עי קונדיטוריית,IL,מטהר אוויר סנו פרש ה,מיליליטרים,350.00,"100 מ""ל",false,1,14.40,4.11,true,1,
7290108352511,false,ניקוי וחיטוי מכונת הכביסה בתוספת חומץ סנו מקסימה,"סנו מפעלי ברונוס בע""\מ",IL,נוזל מקסימה לשטיפה,מיליליטרים,500.00,"100 מ""ל",false,1,15.40,3.08,true,1,
7290108352641,false,סנו סושי מטלית הפלא לניקוי כללי במארז שלישייה,סנו מפעלי ברונוס.,IL,מטלית הפלא לניקוי כל,Unknown,0.00,Unknown,false,1,17.70,17.70,true,1,
7290108352672,false,צמד מטליות הפלא לרצפה מיקרפייבר סנו סושי,סנו מפעלי ברונוס.,CN,מטלית הפלא לרצפה סנו,Unknown,0.00,Unknown,false,1,22.50,22.50,true,1,
7290108352801,false,"שקיות אשפה לפחים קטנים 45 * 56 ס""מ סנו סושי 100 יחידות","סנו מפעלי ברונוס בע""מ",IL,שקיות אשפה סנו סושי,Unknown,0.00,Unknown,false,1,17.90,17.90,true,1,
7290108352825,false,ספוג הפלא נירוסטה סנו סושי 3יח',ltdn s.k.a.tסנו מפעלי בר,CN,ספוג הפלא נירוסטה סנ,Unknown,0.00,Unknown,false,1,13.30,13.30,true,1,
7290108352849,false,שלישיית מטליות הפלא לניקוי כללי דקור סנו סושי,טרופיקל דגיל תעשיות,CN,מטלית הפלא לניקוי דק,יחידה,1.00,יחידה,false,1,17.70,17.70,true,1,
7290108352863,false,סנו סושי שקיות צלייה 20יח' מידה L,סנו מפעלי ברונוס בעמ . ח,TR,שקיות צלייה סנו סושי,Unknown,0.00,Unknown,false,1,9.50,9.50,true,1,
7290108352870,false,סנו סושי שקיות צלייה 10יח' מידה XL,סנו מפעלי ברונוס בעמ . ח,IL,שקיות צלייה סנו סושי,Unknown,0.00,Unknown,false,1,9.50,9.50,true,1,
7290108352900,false,מגבות נייר בגליל כפול סנו סושי 12=6 גלילים,סנו מפעלי ברונוס בעמ,IL,מגבות נייר סנו סושי,מטרים,126.90,מטר,false,1,24.90,0.20,true,1,
7290108353006,false,סנו סושי - שקיות אוכל נקשרות 250 יחידות XL,מיוצר עי קונדיטוריית,IL,שקיות אוכל סנו סושי,יחידה,1.00,יחידה,false,1,14.40,14.40,true,1,
7290108353044,false,תב.אפייה מנייר סנו סושי מאפינס גדול 24 י,מיוצר עי קונדיטוריית,CN,תב.אפייה מנייר סנו ס,Unknown,0.00,Unknown,false,1,17.20,17.20,true,1,
7290108353389,false,"אורביטול - מי פה ג'וניור לגילאי 8+ 250 מ""ל",קוסמופארם בעמ,IL,אורביטול קידס מי פה,מיליליטרים,250.00,"100 מ""ל",false,1,16.90,6.76,true,1,
7290108353501,false,"שקיות אשפה ענקיות עם ידיות ענקיות 75*90 ס""מ סנו סושי 25 יחידות",טרופיקל דגיל תעשיות,TR,שקיות אשפה סנו סושי,Unknown,0.00,Unknown,false,1,19.00,19.00,true,1,
7290108353532,false,"שקיות אשפה חזקות עם שרוך לארג' 54 * 65 ס""מ סנו סושי 100 יחידות",סנו סושי,IL,שקיות אשפה סנו סושי,Unknown,0.00,Unknown,false,1,34.90,34.90,true,1,
7290108353549,false,נייר אפייה סנו סושי 100 יח,"טופ פלסט 2002 בע""\מ",IL,נייר אפייה סנו סושי,Unknown,0.00,Unknown,false,1,21.90,21.90,true,1,
7290108353556,false,נייר טואלט סנו סופט שלוש שכבות 32 גלילים,טרופיקל דגיל תעשיות,IL,נייר טואלט סנו סופט,מטרים,537.00,מטר,false,1,44.90,0.08,true,1,
7290108353686,false,מטלית חלומית לרצפה סנו סושי 1 יחידה,נינגבו סנבנג,CN,סושי מטלית לרצפה חלו,Unknown,0.00,Unknown,false,1,13.40,13.40,true,1,
7290108354270,false,מרכך כביסה מרוכז בבישום עוצמתי 1 ל' סנו מקסימה,מיוצר עי קונדיטוריית,IL,CALMמרכך כביסה מקסימ,מיליליטרים,1000.00,"100 מ""ל",false,1,16.90,1.69,true,1,
7290108354911,false,"שמפו, ג'ל רחצה וגילוח מועשר בתמצית אלוורה",טרופיקל דגיל תעשיות,IL,שמפו וגל רחצה קרמה מ,מיליליטרים,700.00,"100 מ""ל",false,1,21.90,3.13,true,1,
7290108355178,false,"קרמה - קרם ידיים חמאת שיאה וקוקוי 100 מ""ל",החברה הדרומית,IL,קרם ידיים קרמה חמאת,מיליליטרים,100.00,"100 מ""ל",false,1,9.90,9.90,true,1,
7290108356113,false,כיף תחליב רחצה חלב ודבש 700 מל,קוסמופארם בעמ,IL,תחליב רחצה כיף דבש 7,מיליליטרים,700.00,"100 מ""ל",false,1,13.90,1.99,true,1,
7290108356854,false,מגבוני בייבי כיף בניוח עדין מארז חמישייה,"טרופיקל דגיל בע""\מ",IL,מגבונים בייבי כיף חמ,Unknown,0.00,Unknown,false,1,22.90,22.90,true,1,
7290108357202,false,סנוקליר לניקוי בניחוח בלו בלוסום 1 ליטר,"סנו מפעלי ברונוס בע""\מ",IL,סנוקליר לניקוי בניחו,ליטרים,0.00,ליטר,false,1,9.90,9.90,true,1,
7290108357288,false,אקונומיקה ז'אוול בניחוח פריחה לבנה 4 ל' סנו,סנו ז'אוול Javel,IL,סנו זאוול אקונומיקה,ליטרים,0.00,ליטר,false,1,16.90,16.90,true,1,
7290108357707,false,"כיף שמפו לשיער רגיל- תפוח זרעי צ'יה 700 מ""ל",גוד פוד פרודקטס S.p,IL,שמפו כיף לשיער רגיל,מיליליטרים,700.00,"100 מ""ל",false,1,13.40,1.91,true,1,
7290108359169,false,"תבנית אלומיניום עגולה 628 ס""מ יחי סנו סושי","אופל אריזות בע""\מ",IL,"תבניות עגולות 28 ס""מ",Unknown,0.00,Unknown,false,1,12.40,12.40,true,1,
7290108359190,false,סנו סושי מגבות הפלא 4=12 גליל ארוך פי 3,החברה הדרומית,IL,מגבות נייר סנו סושי,מטרים,126.90,מטר,false,1,24.90,0.20,true,1,
7290108359213,false,נייר טואלט סופט דו שכבתי 18 גלילים כפולים,סנו סופט Soft,IL,סנו סופט נייר טואלט,Unknown,0.00,Unknown,false,1,39.90,39.90,true,1,
7290108359824,false,"כיף - בייבי כיף קרם 500 מ""ל",קוסמופארם בעמ,IL,קרם גוף בייבי כיף 50,מיליליטרים,500.00,"100 מ""ל",false,1,22.90,4.58,true,1,
7290108359879,false,"אלסבון בייבי כיף+משאבה 750 מ""ל",קוסמופארם בעמ,IL,אלסבון בייבי כיף+משא,מיליליטרים,750.00,"100 מ""ל",false,1,16.90,2.25,true,1,
7290108500677,false,כבד דג שיבוט בשמן דג וילי פוד 115 גרם,"איטיליאן פוד, אס.פי.",IS,כבד דג שיבוט בשמן הד,גרמים,115.00,100 גרם,false,1,11.90,10.35,true,1,
7290108501407,false,גבינת צ'דר מיושנת ויליפוד 200 גרם,וויקה פארמס אל.טי.די,GB,גבינת צדר מיושנת 200,גרמים,200.00,100 גרם,false,1,21.90,10.95,true,1,
7290108502725,false,גבינת גאודה פרוסות 400 גר`וילי פוד,ג.וילי פוד אינטרנשיונל ב,IL,גבינת גאודה פרוסות 4,גרמים,400.00,100 גרם,false,1,18.90,4.73,true,1,
7290108503715,false,פיצה עם זיתים ויליפוד 385 גרם,מוטלוקל גידה סאנאי טיקרט,IT,פיצה עם זיתים 385 גר,גרמים,385.00,100 גרם,false,1,15.90,4.13,true,1,
7290108503814,false,גבינה מותכת למריחה 200 גרם,לוטס,FI,גבינה מותכת ויאולה,גרמים,200.00,100 גרם,false,1,12.90,6.45,true,1,
7290108504699,false,רביעיית טונה בשמן קנולה פתח קל ויליפוד 4*160 גרם,גולדן פרייז קאנינג אל טי,TH,רביעית טונה בשמן קנו,גרמים,640.00,100 גרם,false,1,21.90,3.42,true,1,
7290108505160,false,יוגורט עם אגסים 4% שומן ויליפוד 150 גרם,Euro יורו מחלבות אירופה,GR,יוגורט עם אגסים 4% ש,גרמים,150.00,100 גרם,false,1,6.20,4.13,true,1,
7290108505177,false,יוגורט עם אננס 0% שומן ויליפוד 150 גרם,Euro יורו מחלבות אירופה,GR,יוגורט עם אננס 0% שו,גרמים,150.00,100 גרם,false,1,6.20,4.13,true,1,
7290108505191,false,יוגורט עם פצפוצי שוקולד 5% שומן ויליפוד 150 גרם,Euro יורו מחלבות אירופה,GR,יוגורט עם פצפוצי שוק,גרמים,150.00,100 גרם,false,1,6.20,4.13,true,1,
7290108505214,false,יוגורט עם אפרסק 0% שומן ויליפוד 150 גרם,Euro יורו מחלבות אירופה,GR,יוגורט עם אפרסק,גרמים,150.00,100 גרם,false,1,6.20,4.13,true,1,
7290108505962,false,שזיפים מיובשים וילי פוד 400 גרם,,US,שזיפים מיובשים וילי,גרמים,400.00,100 גרם,false,1,25.90,6.48,true,1,
7290108507072,false,שבבי גבינת גרנה פדנו ויליפוד 100 גרם,זנאתי,IT,שבבי גבינת גרנה פדנו,גרמים,100.00,100 גרם,false,1,11.90,11.90,true,1,
7290108507645,false,ביסקוויט פריך בשוקולד מריר 100 גרם,מודרן צ'יקולטה,TR,ביסקויט פריך בשוקולד,גרמים,100.00,100 גרם,false,1,6.90,6.90,true,1,
7290108507652,false,ביסקוויט פריך בשוקולד לבן 100 גרם,מודרן צ'יקולטה,TR,ביסקויט פריך בשוקולד,גרמים,100.00,100 גרם,false,1,6.90,6.90,true,1,
7290108508765,false,קונכיות פתיתים ויליפוד 400גרם,וילי פוד,TR,קונכיות פתיתים 400גר,גרמים,400.00,100 גרם,false,1,6.90,1.73,true,1,
7290108508772,false,קונכיות פתיתים עם תרד 400 גרם,וילי פוד,TR,קונכיות פתיתים עם תר,גרמים,400.00,100 גרם,false,1,6.90,1.73,true,1,
7290108508970,false,וילי פוד תה ג'רבה 50,אוסוואלדי קרוז בואנס,PY,תה גרבה 500 גרם,גרמים,500.00,100 גרם,false,1,24.90,4.98,true,1,
7290108509250,false,"ויליפוד אנטיפסטי ארטישוק עגבניות, 380 גרם",אלימנטוס אי קונסרבס דל א,IT,אנטיפסטי ארטישוק בשמ,מיליליטרים,380.00,"100 מ""ל",false,1,25.90,6.82,true,1,
7290108509816,false,גבינת בייבי מוצרלה EURO CHEESE ויליפוד 200 גרם,אונטד גידה,TR,גבינת בייבי מוצרלה 2,גרמים,200.00,100 גרם,false,0,17.70,8.85,true,1,
7290108509939,false,פרוסות פילה טונה בשמן זית כתית מעולה,וילי פוד,TH,פרוסות פילה טונה 120,גרמים,120.00,100 גרם,false,1,13.40,11.17,true,1,
7290109351025,false,מלך החומוס חומוסטחינה 40% טחינה גולמית,סלטי צבר,IL,מלך חומוס חומוסטחינה,גרמים,400.00,100 גרם,false,1,14.60,3.65,true,1,
7290109351971,false,פריכיות דגנים פיטנס מצופות שוקולד חלב,פרח תעשיות,IL,פיטנס בר פריכיות שוק,גרמים,84.00,100 גרם,false,1,11.90,14.17,true,1,
7290109353494,false,פסטה פרפקטו פארפאלה 500ג' אסם,אסם פרפקטו Perfecto,IT,פרפקטו פארפאלה 500,גרמים,500.00,100 גרם,false,1,7.90,1.58,true,1,
7290109354057,false,קרחוני לה פרוטה La Frutta בטעמי אננס תפוז- 5 יח',תות תעשיות מזון (201,IL,מאגדת לה פרוטה תפוז,Unknown,0.00,Unknown,false,1,27.50,27.50,true,1,
7290109354101,false,"לחמית ללא גלוטן 200 גר' ""אסם""","אסם תעשיות בע""מ",IL,לחמית ללא גלוטן,גרמים,200.00,100 גרם,false,1,11.40,5.70,true,1,
7290109355504,false,שלגון קראנץ וניל ליבת נוגט נסטלה 100 גרם,נטו מלינדה-בשר,IL,שלגון וניל במילוי נו,גרמים,100.00,100 גרם,false,1,9.50,9.50,true,1,
7290109580036,false,"שניצל תירס 1.25 ק""ג זוגלובק",,IL,"שניצל תירס 1.25 ק""ג",גרמים,1250.00,100 גרם,false,1,37.90,3.03,true,1,
7290109580050,false,נקניקיות צ'וריסוס וונדרס 0% בשר טבעוני ללא גלוטן,"וונדרס ע""י זוגלובק 2000",IL,נקניקיות צוריסוס,גרמים,226.00,100 גרם,false,1,36.50,16.15,true,1,
7290109580227,false,נקניקיות עוף ובקר בסגנון ברלינאי קאריוורסט,זוגלובק,IL,נקניקיות קאריוורסט,גרמים,300.00,100 גרם,false,1,21.90,7.30,true,1,
7290109640198,false,מגורדת לפיצה ולאפיה 20% שומן 200 גרם - משומשו,וי גרדן,IL,מגורדת לפיצה ואפיה 2,גרמים,200.00,100 גרם,false,1,19.50,9.75,true,1,
7290109640396,false,ממרח שום שמיר על בסיס קוקוס 9% שומן 200 גרם - משומשו,גן שמואל-תעשיות בריאות,IL,ממרח שום שמיר בסיס ר,גרמים,200.00,100 גרם,false,1,17.90,8.95,true,1,
7290109640761,false,משומשו מאפה בצק פילאס טבעוני מילוי פטה,סנו מפעלי ברונוס.,IL,מאפה פילאס במילוי פט,גרמים,600.00,100 גרם,false,1,26.90,4.48,true,1,
7290109920153,false,"מלבין לכביסה לבנה לובן צח, 790 גרם יעקבי",יעקובי,US,מלבין כביסה לבנה יעק,גרמים,790.00,100 גרם,false,1,32.30,4.09,true,1,
7290109920313,false,"אסטוניש מרסס לניקוי חלונות 750 מ""ל",יעקבי- אסטוניש Astonish,GB,מרסס מבריק שמשות אסט,מיליליטרים,750.00,"100 מ""ל",false,1,20.80,2.77,true,1,
7290109920597,false,"אסטוניש - מרסס לניקוי המקלחון 750 מ""ל",יעקבי- אסטוניש Astonish,GB,מרסס למקלחון אסטוניש,מיליליטרים,750.00,"100 מ""ל",false,1,20.80,2.77,true,1,
7290109920665,false,"אסטוניש - מרסס מסיר אוכל שרוף במטבח 750 מ""ל",יעקבי- אסטוניש Astonish,GB,מרסס מסיר אוכל שרוף,מיליליטרים,750.00,"100 מ""ל",false,1,20.80,2.77,true,1,
7290109920740,false,מרכך כביסה מרוכז לבנדר הפי 1 ליטר,יעקובי הפי,,מרכך כביסה מרוכז לבנ,מיליליטרים,1000.00,"100 מ""ל",false,1,15.40,1.54,true,1,
7290109920757,false,מרכך כביסה מרוכז ורדים הפי 1 ליטר,יעקובי הפי,,מרכך כביסה מרוכז ורד,מיליליטרים,1000.00,"100 מ""ל",false,1,15.40,1.54,true,1,
7290109920825,false,צמד-דורגול אספרסו + דורגול מקציף חלב מתנה,יעקובי דורגול,CH,נ.ניקוי דורגול לנ.מכ,מיליליטרים,500.00,"100 מ""ל",false,1,33.50,6.70,true,1,
7290109920917,false,"ג'ל לניקוי אסלה עם כלור הפי 750 מ""ל",וונדפוט,,הפי גל לאסלות עם כלו,מיליליטרים,750.00,"100 מ""ל",false,1,11.40,1.52,true,1,
7290109921075,false,"נוזל דזיטול מחטא בגדים בכביסה 500 מ""ל",מרקה,BE,נוזל דזיטול מחטא בגד,מיליליטרים,500.00,"100 מ""ל",false,1,18.30,3.66,true,1,
7290109921488,false,"דורגול לניקוי וחיטוי מכונת הכביסה יעקבי 500 מ""ל",יעקובי דורגול,CH,נ.לניקוי וחיטוי מכונ,מיליליטרים,500.00,"100 מ""ל",false,1,33.50,6.70,true,1,
7290109921723,false,"דורגול ג'ל לאסלה 750 מ""ל",יעקובי דורגול,,דורגול גל לאסלה 750,מיליליטרים,750.00,"100 מ""ל",false,1,20.90,2.79,true,1,
7290109922843,false,האקונומיקה המובילה באירופה נוסחה ייחודית מרוכז 2 ל,,BE,אקונומיקה נוסחה עוצמ,יחידה,1.00,יחידה,false,1,12.40,12.40,true,1,
7290109922881,false,"דורגול מרסס למטבח 600 מ""ל",יעקובי דורגול,CH,דורגול מרסס מרוכז למ,Unknown,1.00,Unknown,false,1,25.90,25.90,true,1,
7290109922898,false,דזיטול ספריי נגד קורונה לחיטוי משטחים,מרקה,ES,דזיטול ספריי נגד קור,מיליליטרים,400.00,"100 מ""ל",false,1,20.90,5.23,true,1,
7290109923024,false,"אסטוניש מרסס פרימיום ארומטיק למטבח 750 מ""ל",יעקובי אסטוניש,GB,אסטוניש מרסס פרמיום,יחידה,1.00,יחידה,false,1,16.90,16.90,true,1,
7290109923048,false,"אסטוניש מרסס פרימיום ארומטיק לכל הבית 750 מ""ל",יעקובי אסטוניש,GB,אסטוניש מרסס פרמיום,יחידה,1.00,יחידה,false,1,16.90,16.90,true,1,
7290109923093,false,"אסטוניש - קרם כיריים הלוגן ומיקרו 500 מ""ל",יעקובי אסטוניש,GB,אסטוניש קרם כיריים ה,Unknown,1.00,Unknown,false,1,15.40,15.40,true,1,
7290109923130,false,מדליק לפחמים קוביות הפי 24 יח',דה טורן,,מדליק פחמים הפי קובי,Unknown,0.00,Unknown,false,1,15.10,15.10,true,1,
7290110110277,false,"סומרסבי סיידר תפוחים אלכוהולי 4*300 מ""ל","קרלסברג קרואטיה , יב",HR,סומרסבי סיידר תפוחים,מיליליטרים,1320.00,"100 מ""ל",false,1,29.90,2.27,true,1,
7290110110369,false,"שישייה בירה קרלסברג LUMA בקבוק 330 מ""ל",מבשלות בירה בינלאומיות ב,IL,שישיית בירה קרלסברג,מיליליטרים,1980.00,"100 מ""ל",false,1,34.90,1.76,true,1,
7290110110635,false,ספרייט 0.5 ליים חייב פקדון,החברה המרכזית לייצור,IL,"ספרייט חדש 500 מ""ל",מיליליטרים,500.00,"100 מ""ל",false,1,7.50,1.50,true,1,
7290110110659,false,"ספרייט לימון ליים פחית 330מ""ל",החברה המרכזית לייצור משק,IL,ספרייט סליק חדש 330,מיליליטרים,330.00,"100 מ""ל",false,1,5.40,1.64,true,1,
7290110110703,false,מארז ספרייט שישייה פחיות FRIDGE PACK,החברה המרכזית לייצור משק,IL,מארז ספרייט חדש 6*33,ליטרים,0.00,ליטר,false,1,22.90,22.90,true,1,
7290110111557,false,"משקה ספורט איזוטוני בטעם פירות 500 מ""ל פאוורייד",Caslino al Piano pla,IT,פאוור אייד מאונטן בל,מיליליטרים,500.00,"100 מ""ל",false,1,11.90,2.38,true,1,
7290110111564,false,"משקה ספורט איזוטוני בטעם הדרים ליין 500 מ""ל פאוורייד",פאווראייד POWERADE,IT,פאוורייד משקה ספורט,מיליליטרים,500.00,"100 מ""ל",false,1,11.90,2.38,true,1,
7290110111809,false,"מארז פחיות פאנטה אורנג' שישייה 330 מ""ל",החברה המרכזית לייצור משק,IL,שישיית פאנטה אורנג,ליטרים,0.00,ליטר,false,1,22.90,22.90,true,1,
7290110113261,false,נקטר חמוציות 19 קלוריות SPRAY OCEAN פריגת 1 ליטר,קריות זול,IL,נקטר אושן ספריי חמוצ,מיליליטרים,1000.00,"100 מ""ל",false,1,11.90,1.19,true,1,
7290110113926,false,פאנטה ZERO אורנג 0.5 חייב פקדון,החברה המרכזית לייצור,IL,"פאנטה אורנג 500 מ""ל",מיליליטרים,500.00,"100 מ""ל",false,1,7.50,1.50,true,1,
7290110114787,false,נביעות+ מים מינרליים בטעם תפוח 1.5 ליטר,נביעות טבע הגליל בעמ,IL,מים נביעות בטעם תפו,ליטרים,0.00,ליטר,false,1,9.50,9.50,true,1,
7290110114794,false,נביעות+ מים מינרליים בטעם אפרסק 1.5 ליטר,"נביעות טבע הגליל בע""\מ ,",IL,מים נביעות 1.5 ליטר,ליטרים,0.00,ליטר,false,1,9.50,9.50,true,1,
7290110114800,false,נביעות+ מים מינרליים בטעם ענבים 1.5 ליטר,"נביעות טבע הגליל בע""\מ",IL,מים נביעות בטעם ענבי,ליטרים,0.00,ליטר,false,1,9.50,9.50,true,1,
7290110114855,false,"נביעות מים מינרליים, שישיה 6 * 1.5 ליטר פקדון",נביעות טבע הגליל בעמ,IL,שישיית מים נביעות,ליטרים,0.01,ליטר,false,1,12.70,1270.00,true,1,
7290110114879,false,מים מינרלים נביעות מ,נביעות טבע,IL,שישייה נביעות PET מ,ליטרים,0.01,ליטר,false,1,15.70,1570.00,true,1,
7290110114886,false,פריגת סחוט טרי קלמנטינה 2 ליטר,פריגת מצוננים,IL,פריגת סחוט טרי קלמנט,ליטרים,0.00,ליטר,false,1,23.90,23.90,true,1,
7290110114893,false,פריגת סחוט טרי תפוז 2 ליטר,פריגת מצוננים,IL,פריגת סחוט טרי תפוז,ליטרים,0.00,ליטר,false,1,23.90,23.90,true,1,
7290110114923,false,"מארז אקו אדום, אדמה שרדונה ו2 כוסות",יקב תבור,IL,"מארז אקו אדום, אדמה",Unknown,0.00,Unknown,false,1,149.90,149.90,true,1,
7290110114954,false,מיץ תפוזים מתקתקים פריגת 2 ליטר,פריגת מצוננים,IL,מיץ תפוזים מתקתק 100,ליטרים,0.00,ליטר,false,1,22.90,22.90,true,1,
7290110114961,false,משקה קל תפוזים פריגת 1.5 ליטר,מבשלות בירה בינלאומיות ב,IL,פריגת תפוזים 1.5 ליט,ליטרים,0.00,ליטר,false,1,8.90,8.90,true,1,
7290110114985,false,משקה קל אשכוליות פריגת 1.5 ליטר,מבשלות בירה בינלאומיות ב,IL,פריגת אשכוליות 1.5 ל,ליטרים,0.00,ליטר,false,1,8.90,8.90,true,1,
7290110115005,false,משקה קל ענבים פריגת 1.5 ליטר,מבשלות בירה בינלאומיות ב,IL,פריגת ענבים 1.5 ליטר,ליטרים,0.00,ליטר,false,1,8.90,8.90,true,1,
7290110115012,false,מיץ ענבים בניחוח מרלו 1.5 ל' פריגת,פריגת,IL,פריגת ענבים מרלו 1.5,ליטרים,0.00,ליטר,false,1,8.90,8.90,true,1,
7290110115036,false,משקה קל מנגו פריגת 1.5 ליטר,מבשלות בירה בינלאומיות ב,IL,פריגת מנגו 1.5 ליטר,ליטרים,0.00,ליטר,false,1,8.90,8.90,true,1,
7290110115043,false,משקה קל לימונענע פריגת 1.5 ליטר,מבשלות בירה בינלאומיות ב,IL,פריגת לימונענע 1.5 ל,ליטרים,0.00,ליטר,false,1,8.90,8.90,true,1,
7290110115050,false,פריגת מיקס תות בננה 1.5 ליטר פיקדון,מבשלות בירה בינלאומיות ב,IL,פריגת מיקס תות בננה,ליטרים,0.00,ליטר,false,1,8.90,8.90,true,1,
7290110115210,false,דיאט קוקה קולה 1.5 ליטר פיקדון,החברה המרכזית לייצור משק,IL,קוקה קולה דיאט 1.5 ל,ליטרים,0.00,ליטר,false,1,8.50,8.50,true,1,
7290110115234,false,קוקה-קולה זירו נטול בקבוק 1.5 ליטר,החברה המרכזית לייצור משק,IL,קולה ZERO נטול 1.5 ל,ליטרים,0.00,ליטר,false,1,8.50,8.50,true,1,
7290110115241,false,קוקה-קולה זירו לימון בקבוק 1.5 ליטר,החברה המרכזית לייצור משק,IL,קולה ZERO לימון 1.5,ליטרים,0.00,ליטר,false,1,8.50,8.50,true,1,
7290110115265,false,ספרייט לימון ליים 1.5 ליטר-,החברה המרכזית לייצור משק,IL,ספרייט לימון- ליים 1,ליטרים,0.00,ליטר,false,1,8.90,8.90,true,1,
7290110115272,false,ZERO ספרייט 1.5 ליטר פיקדון,החברה המרכזית לייצור משק,IL,ספרייט ZERO בקבוק 1.,ליטרים,0.00,ליטר,false,1,8.90,8.90,true,1,
7290110115289,false,ספרייט 19 קל' לימון-נענע 1.5 ליטר פיקדון,החברה המרכזית לייצור משק,IL,ספרייט לימון- נענע 1,ליטרים,0.00,ליטר,false,1,8.90,8.90,true,1,
7290110115296,false,משקה מוגז אורנג' פאנטה 1.5 ליטר,החברה המרכזית לייצור משק,IL,פאנטה אורנג 1.5 ליטר,ליטרים,0.00,ליטר,false,1,8.90,8.90,true,1,
7290110115302,false,משקה מוגז אורנג' זירו פאנטה 1.5 ליטר,החברה המרכזית לייצור משק,IL,פאנטה ZERO אורנג 1.5,ליטרים,0.00,ליטר,false,1,8.90,8.90,true,1,
7290110115319,false,פאנטה אקזוטיק 1.5 ליטר פיקדון,החברה המרכזית לייצור משק,IL,פאנטה אקזוטיק 1.5 לי,ליטרים,0.00,ליטר,false,1,8.90,8.90,true,1,
7290110115333,false,פאנטה תות 1.5 ליטר פיקדון,החברה המרכזית לייצור משק,IL,פאנטה תות 1.5 ליטר,ליטרים,0.00,ליטר,false,1,8.90,8.90,true,1,
7290110115340,false,פאנטה ענבים 1.5 ליטר פיקדון,החברה המרכזית לייצור משק,IL,פאנטה ענבים 1.5 ליטר,ליטרים,0.00,ליטר,false,1,8.90,8.90,true,1,
7290110115364,false,שישייה קוקה קולה 1.5 ליטר פיקדון,החברה המרכזית לייצור משק,IL,קוקה קולה שישייה 1.5,ליטרים,0.01,ליטר,false,1,49.90,4990.00,true,1,
7290110115371,false,דיאט קוקה קולה שישיות 1.5 ליטר פיקדון,החברה המרכזית לייצור משק,IL,קוקה קולה דיאט שישיי,ליטרים,0.01,ליטר,false,1,46.90,4690.00,true,1,
7290110115401,false,קינלי סודה שישיה 1.5 ליטר פיקדון,החברה המרכזית לייצור משק,IL,קינלי סודה שישייה 1,ליטרים,0.01,ליטר,false,1,15.70,1570.00,true,1,
7290110115418,false,מארז שישייה קוקה קולה זירו 1.5 ל',החברה המרכזית לייצור משק,IL,קוקה קולה דיאט ZERO,ליטרים,0.01,ליטר,false,1,46.90,4690.00,true,1,
7290110115425,false,FUZE TEA גרין לימונענע -נענע 1.5 ליטר פיקדון,מבשלות בירה בינלאומיות ב,IL,תה פיוז לימון-נענע 1,ליטרים,0.00,ליטר,false,1,8.90,8.90,true,1,
7290110115449,false,אייס תה בטעם מנגו אננס 1.5ל' FUZE TEA,מבשלות בירה בינלאומיות ב,IL,תה פיוז מנגו 1.5 ליט,ליטרים,0.00,ליטר,false,1,9.00,9.00,true,1,
7290110115456,false,"תה קר בטעם אפרסק 19 קלוריות ב- 100 מ""ל",מבשלות בירה בינלאומיות ב,IL,תה פיוז אפרסק 90 קל,ליטרים,0.00,ליטר,false,1,8.90,8.90,true,1,
7290110115463,false,פיוז טי אפרסק 1.5 ליטר פיקדון,מבשלות בירה בינלאומיות ב,IL,תה פיוז אפרסק 1.5 לי,ליטרים,0.00,ליטר,false,1,9.00,9.00,true,1,
7290110115494,false,תה קר בטעם ענבים פיוז טי 1.5 ליטר,מבשלות בירה בינלאומית בע,IL,תה פיוז ענבים 1.5 לי,ליטרים,0.00,ליטר,false,1,9.00,9.00,true,1,
7290110115531,false,משקה מוגז תפוח זירו פאנטה 1.5 ליטר,החברה המרכזית לייצור משק,IL,פתוח ZERO פאנטה 1.5,ליטרים,0.00,ליטר,false,1,8.90,8.90,true,1,
7290110115586,false,פריגת תפוזים 40% פחות סוכר 1.5 ליטר פיקדון,מבשלות בירה בינלאומיות ב,IL,פריגת תפוזים 19 קל 1,ליטרים,0.00,ליטר,false,1,8.50,8.50,true,1,
7290110115593,false,פריגת אשכוליות 40% פחות סוכר 1.5 ליטר פיקדון,מבשלות בירה בינלאומיות ב,IL,פריגת אשכוליות 19 קל,ליטרים,0.00,ליטר,false,1,8.50,8.50,true,1,
7290110115609,false,פריגת ענבים 40% פחות סוכר 1.5 ליטר פיקדון,מבשלות בירה בינלאומיות ב,IL,פריגת ענבים 19 קל 1,ליטרים,0.00,ליטר,false,1,8.50,8.50,true,1,
7290110115616,false,אייס תה בטעם גרין אננס 1.5ל' FUZE TEA,מבשלות בירה בינלאומיות ב,IL,פיוז טי זירו גרין אנ,ליטרים,0.00,ליטר,false,1,8.90,8.90,true,1,
7290110115623,false,משקה פיוז טי זירו ZERO בטעם אפרסק,מבשלות בירה בינלאומיות ב,IL,פיוז טי זירו אפרסק 1,ליטרים,0.00,ליטר,false,1,8.90,8.90,true,1,
7290110115777,false,נביעות .ל1.5 מים מינרלים,נביעות,,נביעות 1.5 ליטר,ליטרים,0.00,ליטר,false,1,3.90,3.90,true,1,
7290110115845,false,קוקה קולה 1.5 ליטר פיקדון,"אינסטנטה בע""מ",IL,קוקה קולה 1.5 ליטר,ליטרים,0.00,ליטר,false,1,8.90,8.90,true,1,
7290110115852,false,דיאט קוקה קולה 1.5 ליטר -,תות תעשיות מזון (201,IL,קוקה קולה דיאט 1.5 ל,ליטרים,0.00,ליטר,false,1,8.90,8.90,true,1,
7290110115869,false,קוקה קולה זירו 1.5 ליטר פיקדון,תות תעשיות מזון (201,IL,קוקה קולה 1.5 ליטר,ליטרים,0.00,ליטר,false,1,8.50,8.50,true,1,
7290110115975,false,קוקה קולה זירו בקבוק,החברה המרכזית לייצור,IL,קוקה קולה זירו 1 ליט,מיליליטרים,1000.00,"100 מ""ל",false,1,6.90,0.69,true,1,
7290110116064,false,פאנטה ZERO פירות ירוק 1.5 ליטר פיקדון,החברה המרכזית לייצור משק,IL,פאנטה זירו פירות ירו,ליטרים,0.00,ליטר,false,1,8.90,8.90,true,1,
7290110116194,false,נביעות+ סדרת 0 קלוריות לימון-ליים 1.5 ליטר,"נביעות טבע הגליל בע""\מ",IL,נביעות+ סדרת 0 קלורי,ליטרים,0.00,ליטר,false,1,7.90,7.90,true,1,
7290110116484,false,פריגת סחוט מיקס תות בננה 1ליטר,פריגת מצוננים,IL,פריגת מיקס תות בננה,מיליליטרים,1000.00,"100 מ""ל",false,1,15.80,1.58,true,1,
7290110116491,false,פריגת סחוט מיקס אפרסק משמש 1ליטר,פריגת מצוננים,IL,פריגת מיקס אפרסק משמ,מיליליטרים,1000.00,"100 מ""ל",false,1,15.80,1.58,true,1,
7290110116507,false,פריגת סחוט מיקס אננס בננה אגס 1ליטר,פריגת מצוננים,IL,פריגת מיקס אננס בננה,מיליליטרים,1000.00,"100 מ""ל",false,1,15.80,1.58,true,1,
7290110116552,false,ספרייט לימון היט 1.5 ליטר-,החברה המרכזית לייצור משק,IL,ספרייט למון היט 1.5,ליטרים,0.00,ליטר,false,1,8.90,8.90,true,1,
7290110116569,false,"ספרייט זירו ZERO בק LEMON HIT, 1.5 ליטר",החברה המרכזית לייצור משק,IL,ספרייט ZERO בקבוק 1.,ליטרים,0.00,ליטר,false,1,8.90,8.90,true,1,
7290110320591,false,גבינה בולגרית במרקם מעודן 16% פיראוס,תנובה חלב,IL,פיראוס בולגרית מעודנ,גרמים,250.00,100 גרם,false,1,22.90,9.16,true,1,
7290110320850,false,פתיתים גבינה חצי קשה מגורדת 28% שומן,תנובה מרכז שיתופי לש,IL,פתיתי עמק 200 גר,גרמים,200.00,100 גרם,false,1,14.90,7.45,true,1,
7290110320867,false,פתיתים גבינה חצי קשה מגורדת 28% שומן,תנובה מרכז שיתופי לש,IL,פתיתי עמק למאפים 28%,גרמים,500.00,100 גרם,false,1,36.60,7.32,true,1,
7290110321277,false,קוטג' בקטנה 5% תנובה 100 גרם מהדרין,פארייפאבה אגרואינדוס,IL,קוטג בקטנה 5% 100 גר,גרמים,100.00,100 גרם,false,1,2.60,2.60,true,1,
7290110321284,false,קוטג' בקטנה 9% תנובה 100 גרם מהדרין,פארייפאבה אגרואינדוס,IL,קוטג בקטנה 9% 100 גר,גרמים,100.00,100 גרם,false,1,2.60,2.60,true,1,
7290110321604,false,קוביות בולגרית מעודנת 5%+גרעינים,תנובה חלב,IL,קוביות בולגרית 5% מע,גרמים,200.00,100 גרם,false,1,22.90,11.45,true,1,
7290110321680,false,יוגורט GO בטעם תות 20 גרם חלבון בגביע,מיוצר עי קונדיטוריית,IL,יופלה גו תות חלבון,מיליליטרים,200.00,"100 מ""ל",false,1,6.00,3.00,true,1,
7290110321703,false,יוגורט עם פירות יער בתוספת חלבוני חלב 2% שומן,מיוצר עי קונדיטוריית,IL,יופלה GO פירות יער 2,מיליליטרים,200.00,"100 מ""ל",false,1,6.00,3.00,true,1,
7290110321789,false,גבינת מסקרפונה 38% השף הלבן 250 גרם,תנובה חלב,IL,גבינה מסקרפונה 38% ה,גרמים,250.00,100 גרם,false,1,21.90,8.76,true,1,
7290110322014,false,"תנובה טופו טבעי 300 גר' בד""צ",שוורצקוף& הנקל דיסלד,IL,טופו טבעי 300 גר,גרמים,300.00,100 גרם,false,1,12.90,4.30,true,1,
7290110322038,false,"תנובה טופו פיקנטי 300 גר' בד""צ",שוורצקוף& הנקל דיסלד,IL,טופו פיקנטי 300 גר,גרמים,300.00,100 גרם,false,1,12.90,4.30,true,1,
7290110322946,false,יופלה טיוב יוגורט במרקם חלק בטעם תות בננה כשרות רבנות 348 ג',תנובה חלב,IL,יופלה טיוב במרקם חלק,גרמים,348.00,100 גרם,false,1,14.90,4.28,true,1,
7290110323301,false,טל העמק בסגנון אמנטל 32% שומן 200 גרם,עמק - תנובה,IL,גבינה טל העמק 32% 20,גרמים,200.00,100 גרם,false,1,19.80,9.90,true,1,
7290110323592,false,יופלה יוגורט עם אפרסק מופחת קלוריות 200 ג' GO,יופלה Yoplait,IL,יוגורט עם אפרסק מופח,מיליליטרים,200.00,"100 מ""ל",false,1,6.00,3.00,true,1,
7290110323714,false,משקה קוקוס שקדים תנובה 1 ליטר,מיוצר עי קונדיטוריית,IL,משקה קוקוס שקדים 1 ל,מיליליטרים,1000.00,"100 מ""ל",false,1,11.90,1.19,true,1,
7290110324070,false,גבינת חלומי מחלב בקר תנובה 200 גרם,"תנובה בע""\מ",IL,חלומי מחלב בקר 22%,גרמים,200.00,100 גרם,false,1,21.90,10.95,true,1,
7290110324353,false,יוגורט GO לייט בטעם אננס 20 גרם חלבון בגביע,מיוצר עי קונדיטוריית,IL,יופלה גו אננס לייט,מיליליטרים,200.00,"100 מ""ל",false,1,6.00,3.00,true,1,
7290110324551,false,יופלה טיוב יוגורט במרקם חלק תות כשרות מהדרין,"תנובה בע""\מ",IL,יופלה טיוב במרקם חלק,גרמים,348.00,100 גרם,false,1,14.90,4.28,true,1,
7290110324728,false,ממרח סויה 9% שומן עם שום שמיר תנובה 250 גרם,מיוצר עי קונדיטוריית,IL,ממרח סויה שום שמיר 9,גרמים,250.00,100 גרם,false,1,10.90,4.36,true,1,
7290110324858,false,מעדן שקדים בטעם אגוזי לוז תנובה 125 גרם,תנובה Alternative,IL,מעדן שקדים בטעם אגוז,גרמים,125.00,100 גרם,false,1,4.20,3.36,true,1,
7290110324926,false,משקה סויה ללא תוספת סוכר 1 ליטר,תנובה מרכז שיתופי לש,IL,משקה סויה ללא תוספת,מיליליטרים,1000.00,"100 מ""ל",false,1,10.90,1.09,true,1,
7290110325114,false,משקה יוגורט GO לייט מועשר בחלבון תות בננה,מיוצר עי קונדיטוריית,IL,משקה יוגורט גו לייט,מיליליטרים,250.00,"100 מ""ל",false,1,6.80,2.72,true,1,
7290110325619,false,אלטרנטיב משקה שיבולת שועל 1 ליטר,מיוצר עי קונדיטוריית,IL,משקה שיבולת שועל 1 ל,ליטרים,0.00,ליטר,false,1,12.90,12.90,true,1,
7290110325701,false,פיראוס צזיקי יווני 9% שומן בשיטת יצור מסורתית על בסיס יוגורט,גוד פוד פרודקטס S.p,IL,גבינת פיראוס יווני 9,גרמים,250.00,100 גרם,false,1,14.50,5.80,true,1,
7290110325893,false,משקה חלב GO מועשר בחלבון בטעם אייס קפה,מיוצר עי קונדיטוריית,IL,"אייס קפה GO 340 מ""ל",גרמים,340.00,100 גרם,false,1,8.50,2.50,true,1,
7290110326173,false,שוקולד לבן yolo coocies קרם עוגיות בתוספת עוגיות ונטיפי שוקולד,תנובה חלב,IL,יולו שוקולד לבן קרם,גרמים,120.00,100 גרם,false,1,5.50,4.58,true,1,
7290110326180,false,יולו בטעם נוגט בתוס' עוגיות ונטיפים בטעם שוקולד 120גר',תנובה חלב,IL,יולו שוקולד חלב קרם,גרמים,120.00,100 גרם,false,1,5.50,4.58,true,1,
7290110326210,false,יופלה און טופ פצפוצים תנובה 157 גרם,מיוצר עי קונדיטוריית,IL,יופלה און טופ פצפוצי,גרמים,157.00,100 גרם,false,1,5.90,3.76,true,1,
7290110326227,false,יופלה און טופ קורנפלקס תנובה 157 גרם,מיוצר עי קונדיטוריית,IL,יופלה און טופ קורנפל,גרמים,157.00,100 גרם,false,1,5.90,3.76,true,1,
7290110326234,false,יופלה און טופ כוכבים תנובה 157 גרם,מיוצר עי קונדיטוריית,IL,יופלה און טופ כוכבים,גרמים,157.00,100 גרם,false,1,5.90,3.76,true,1,
7290110326241,false,יופלה און טופ גרנולה תנובה 157 גרם,מיוצר עי קונדיטוריית,IL,יופלה און טופ גרנולה,גרמים,157.00,100 גרם,false,1,5.90,3.76,true,1,
7290110326906,false,חלב נטול לקטוז 3% שומן תנובה 1 ליטר,מיוצר עי קונדיטוריית,IL,חלב טרי נטול לקטוז 3,מיליליטרים,1000.00,"100 מ""ל",false,1,7.00,0.70,true,1,
7290110327125,false,פטה 21% מחלב צאן במי מלח תנובה 200 גרם,תנובה חלב,GR,גבינה פטה 21% מחלב צ,גרמים,200.00,100 גרם,false,1,25.90,12.95,true,1,
7290110327279,false,גבינת שמנת בסגנון טוסקנה נפוליאון 24% שומן 225 ג',תנובה מרכז שיתופי לש,IL,נפוליאון טוסקנה 225,גרמים,225.00,100 גרם,false,1,14.90,6.62,true,1,
7290110327514,false,alternative משקה שיבולת שועל בטעם אגוזי לוז תנובה 1 ליטר,תנובה מרכז שיתופי לש,IL,משקה שיבולת שועל בטע,מיליליטרים,1000.00,"100 מ""ל",false,1,12.90,1.29,true,1,
7290110327545,false,יופלה און טופ בטעם תות בתוספת פצפוצים מצופים שוקולד 157 גרם,מיוצר עי קונדיטוריית,IL,יופלה און טופ תות עם,גרמים,157.00,100 גרם,false,1,5.90,3.76,true,1,
7290110327637,false,יוגורט דיאט יופלה קיווי 0% שומן 150 ג' יופלה,תנובה מרכז שיתופי לש,IL,יופלה דיאט בטעם קיוו,גרמים,150.00,100 גרם,false,1,5.20,3.47,true,1,
7290110327798,false,חטיף חלבון GO בטעם שוקולד 20 גרם חלבון,"בלמונט קונפקציות בע""\מ.",US,GO חטיף חלבון בטעם ש,גרמים,60.00,100 גרם,false,1,11.90,19.83,true,1,
7290110327804,false,חטיף חלבון GO בטעם בצק עוגיות 20 גרם חלבון,"בלמונט קונפקציות בע""\מ.",US,GO חטיף חלבון בטעם ב,גרמים,60.00,100 גרם,false,1,11.90,19.83,true,1,
7290110327828,false,חטיף חלבון GO בטעם חמאת בוטנים 20 גרם חלבון,"בלמונט קונפקציות בע""\מ.",US,GO חטיף חלבון בטעם ח,גרמים,60.00,100 גרם,false,1,11.90,19.83,true,1,
7290110328504,false,מיקס פתיתי 3 גבינות- מוצרלה סקנדינבית וגאודה,מיוצר עי קונדיטוריית,IL,טריו מיקס- מוצרלה סק,גרמים,300.00,100 גרם,false,1,31.90,10.63,true,1,
7290110328580,false,יוגורט תנובה טבעי 5% גביע 200 גרם,מיוצר עי קונדיטוריית,IL,יוגורט תנובה 5% 200,גרמים,200.00,100 גרם,false,1,3.20,1.60,true,1,
7290110328610,false,אלטרנטיב בריסטה משקה אורז ושקדים 1 ליטר,תנובה Alternative,IL,משקה אורז ושקדים ברי,ליטרים,1.00,ליטר,false,1,12.90,12.90,true,1,
7290110328627,false,יוגורט יופלה GO במרקם סמיך בטעם בננה קרמל 0%,מיוצר עי קונדיטוריית,IL,יוגורט גו סמיך בננה,מיליליטרים,200.00,"100 מ""ל",false,1,6.00,3.00,true,1,
7290110328764,false,יוגורט יופלה GO במרקם סמיך עם תות 0%,מיוצר עי קונדיטוריית,IL,יוגורט גו סמיך תות,מיליליטרים,200.00,"100 מ""ל",false,1,6.00,3.00,true,1,
7290110328771,false,יוגורט יופלה GO במרקם סמיך עם פירות יער 0%,מיוצר עי קונדיטוריית,IL,יוגורט גו סמיך פירות,מיליליטרים,200.00,"100 מ""ל",false,1,6.00,3.00,true,1,
7290110328788,false,יוגורט יופלה GO במרקם סמיך בטעם אפרסק 0%,תנובה מרכז שיתופי לש,IL,יוגורט גו סמיך אפרסק,מיליליטרים,200.00,"100 מ""ל",false,1,6.00,3.00,true,1,
7290110329136,false,מעדן חלב מעושר בחלבון בטעם שוקולד 120 ג' GO,תנובה מרכז שיתופי לש,IL,מעדן חלב go בטעם שוק,גרמים,120.00,100 גרם,false,1,5.50,4.58,true,1,
7290110329143,false,מעדן חלב מעושר בחלבון בטעם וניל גביע 120 ג' GO,תנובה מרכז שיתופי לש,IL,מעדן חלב go בטעם וני,גרמים,120.00,100 גרם,false,1,5.50,4.58,true,1,
7290110329211,false,מאגדת דיאט יופלה שכבת תות אפרסק 1200 גרם,תנובה מרכז שיתופי לש,IL,מאגדת דיאט יופלה שכב,מיליליטרים,1200.00,"100 מ""ל",false,1,29.50,2.46,true,1,
7290110329266,false,יוגורט תנובה מחלב עיזים מלא תנובה 140 ג',קריות זול,IL,יוגורט תנובה מחלב עי,גרמים,150.00,100 גרם,false,1,6.90,4.60,true,1,
7290110329273,false,יוגורט תנובה מחלב עיזים מלא 750 גרם,תנובה,IL,יוגורט תנובה מחלב עי,גרמים,750.00,100 גרם,false,1,24.90,3.32,true,1,
7290110329303,false,פרוסות בטעם צהובה קלאסית אלטרנטיב 200 גר,תנובה Alternative,IL,פרוסות בטעם צהובה קל,גרמים,200.00,100 גרם,false,1,24.50,12.25,true,1,
7290110329426,false,טופו טבעי ALTERNATIVE 250 גרם עם קרם קוקוס,תנובה חלב,IL,טופו טבעי 250 גרם עם,ליטרים,0.31,ליטר,false,1,13.90,44.84,true,1,
7290110329433,false,טופו טבעי ALTERNATIVE 250 גרם עם רוטב סצ'ואן,תנובה חלב,IL,טופו טבעי 250 גרם עם,ליטרים,0.31,ליטר,false,1,13.90,44.84,true,1,
7290110329686,false,"משקה חלב גו בטעם עוגיות 340 מ""ל",מיוצר עי קונדיטוריית,IL,משקה חלב גו בטעם עוג,מיליליטרים,340.00,"100 מ""ל",false,1,8.90,2.62,true,1,
7290110329709,false,יוגורט תנובה טבעי 0% גביע 200 גרם,מיוצר עי קונדיטוריית,IL,יוגורט תנובה 0% 200,גרמים,200.00,100 גרם,false,1,3.20,1.60,true,1,
7290110329716,false,משקה חלב קר בטעם קפוצ'ינו 230 גרם תנובה,תנובה מרכז שיתופי לש,IL,משקה קפה קר בטעם קפו,מיליליטרים,230.00,"100 מ""ל",false,1,7.50,3.26,true,1,
7290110329730,false,"משקה חלב עם שוקולד וקפה בסגנון לאטה 2.7%  230 מ""ל תנובה",תנובה מרכז שיתופי לש,IL,משקה חלב עם שוקולד ו,מיליליטרים,230.00,"100 מ""ל",false,1,7.50,3.26,true,1,
7290110329792,false,יוגורט סויה BIO Alternative אפרסק 150 ג' תנובה,מיוצר עי קונדיטוריית,IL,סויה BIO אפרסק גביע,גרמים,150.00,100 גרם,false,1,5.20,3.47,true,1,
7290110329808,false,יוגורט סויה BIO Alternative תות 150 ג' תנובה,מיוצר עי קונדיטוריית,IL,סויה BIO תות גביע 15,גרמים,150.00,100 גרם,false,1,5.20,3.47,true,1,
7290110329822,false,יוגורט סויה BIO Alternative פירות יער 150 ג' תנובה,מיוצר עי קונדיטוריית,IL,מעדן סויה ביו פירות,גרמים,150.00,100 גרם,false,1,5.20,3.47,true,1,
7290110329839,false,alternative פרוסות בטעם צהובה עם זיתים 200 גרם,מיוצר עי קונדיטוריית,IL,פרוסות צהובה בטעם זי,גרמים,200.00,100 גרם,false,1,24.50,12.25,true,1,
7290110329846,false,יוגורט סויה BIO Alternative בטעם טבעי 150 ג' תנובה,מיוצר עי קונדיטוריית,IL,סויה BIO טבעי גביע A,גרמים,150.00,100 גרם,false,1,5.20,3.47,true,1,
7290110552121,false,יוגורט בתוספת סידן וויטמין ד 100 ג' דנונה,תנובה מרכז שיתופי לש,IL,היוגורט הראשון שלי 1,גרמים,100.00,100 גרם,false,1,2.50,2.50,true,1,
7290110552220,false,יוגורט PRO בטעם תות 0% סוכר לבן 20 גרם חלבון בגביע,"שטראוס בריאות בע""\מ",IL,דנונה פרו תות 20 ג ח,גרמים,200.00,100 גרם,false,1,6.20,3.10,true,1,
7290110552237,false,יוגורט פרו בטעם אפרסק מנגו ללא סוכר 200 ג' דנונה,"שטראוס בריאות בע""\מ",IL,דנונה פרו אפרסק מנגו,גרמים,200.00,100 גרם,false,1,5.90,2.95,true,1,
7290110552251,false,יוגורט אקטיביה עם צ'יה ואוכמניות 150 גרם,"שטראוס בריאות בע""\מ",IL,יוגורט אקטיביה ציה ו,גרמים,150.00,100 גרם,false,1,4.60,3.07,true,1,
7290110553135,false,נסקפה קפוצ'ינו סטיק וניל 130 ג' עלית,מוקטה אס.פי.,PL,קפוצינו סטיק וניל 13,גרמים,130.00,100 גרם,false,1,17.90,13.77,true,1,
7290110553623,false,צ'יטוס קראנצ'י בטעם צ'דר חלפיניו - חלבי,"שטראוס פריטו ליי בע""\מ )",IL,ציטוס קראנץ צדר חלפי,גרמים,80.00,100 גרם,false,1,4.20,5.25,true,1,
7290110555009,false,זוג פסאטה מחית עגבניות חלקה יד מרדכי 700 גרם,אמיליאנה קונסרב ס.פ.,IT,פסאטה זוגות 700 גרם,גרמים,700.00,100 גרם,false,1,13.90,1.99,true,1,
7290110555146,false,מעדן הגולן בטעם מוקה125ג,"שטראוס בריאות בע""\מ",IL,מעדן הגולן מוקה 125,גרמים,125.00,100 גרם,false,1,3.30,2.64,true,1,
7290110555306,false,רבע לשבע טבעוני סינמון באן עלית 125 גרם,"הגביע מוצרי וופלים בע""\מ",IL,רבע לשבע טבעוני סינמ,גרמים,125.00,100 גרם,false,1,10.90,8.72,true,1,
7290110555597,false,אבקת קקאו פרימיום בקופסא עלית 250 גרם,גיאלוסיס,GR,קקאו פרימיום בקופסא,גרמים,250.00,100 גרם,false,1,26.90,10.76,true,1,
7290110555665,false,קקאו דל שומן עלית בקופסא 220 גרם,"ג'אלוסיס י. בע""\מ",GR,קקאו דל שומן - קופסא,גרמים,220.00,100 גרם,false,1,20.90,9.50,true,1,
7290110555788,false,נסקפה קפוצ'ינו פחית וניל 200 ג' עלית,מוקטה אס.פי.,PL,קפוצינו פחית וניל 20,גרמים,200.00,100 גרם,false,1,21.90,10.95,true,1,
7290110556242,false,עלית - שוקולד מריר פרווה בדץ 100 גרם,"שטראוס גרופ בע""מ.",FR,שוקולד מריר פרווה ח,גרמים,100.00,100 גרם,false,1,5.20,5.20,true,1,
7290110557027,false,חומוס עשיר 50% טחינה גולמית 400 ג' אחלה,מיוצר עי קונדיטוריית,IL,חומוס 50% טחינה 400,גרמים,400.00,100 גרם,false,1,13.90,3.48,true,1,
7290110557102,false,מעדן חלב עם שוקולד מועשר בחלבון 150 ג' שטראוס,מיוצר עי קונדיטוריית,IL,מעדן חלב עם שוקולד,גרמים,150.00,100 גרם,false,1,5.50,3.67,true,1,
7290110557133,false,מעדן הגולן וניל 125 ג' שטראוס,מיוצר עי קונדיטוריית,IL,מעדן הגולן וניל 125,גרמים,125.00,100 גרם,false,1,3.30,2.64,true,1,
7290110557317,false,יוגורט בתוספת סידן וויטמין ד עם שיבולת שועל 100 ג' דנונה,תנובה מרכז שיתופי לש,IL,היוגורט הראשון שלי 1,גרמים,172.00,100 גרם,false,1,2.50,1.45,true,1,
7290110557416,false,מילקי טופ לבבות 144 גרם,מיוצר עי קונדיטוריית,IL,מילקי טופ לבבות 144,גרמים,144.00,100 גרם,false,1,4.90,3.40,true,1,
7290110557478,false,חומוס גלילי במרקם ותיבול מעודן,"שטראוס גרופ בע""\מ",IL,חומוס גלילי אחלה 600,גרמים,600.00,100 גרם,false,1,12.90,2.15,true,1,
7290110558154,false,דנונה לייט אנד פרי עוגת תפוחים 150ג דנונה,"שטראוס בריאות בע""\מ",IL,דנונה לייט אנד פריי,גרמים,150.00,100 גרם,false,1,5.40,3.60,true,1,
7290110558215,false,"דנונה קראנצ`פיסטוק עם פיצפוץ לבן קראנצי פיסטוק, 173 גרם","שטראוס בריאות בע""\מ",IL,דנונה בר קראנץ פיסטו,גרמים,180.00,100 גרם,false,1,4.60,2.56,true,1,
7290110558222,false,"וואו יוגורט עם שכבה בטעם בנופי פאי 5.4%, 150ג דנונה","שטראוס בריאות בע""\מ",IL,דנונה WOW בנופי שומן,גרמים,150.00,100 גרם,false,1,4.60,3.07,true,1,
7290110558253,false,דנונה שייק נונה ריפרש בננה אננס וצ'יה,"שטראוס בריאות בע""\מ",IL,דנונה ריפרש בננה אננ,מיליליטרים,250.00,"100 מ""ל",false,1,6.50,2.60,true,1,
7290110558284,false,דנונה ביו מולטי שטראוס 200 גרם,"שטראוס בריאות בע""\מ",IL,דנונה ביו מולטי 200,גרמים,200.00,100 גרם,false,1,4.50,2.25,true,1,
7290110558307,false,יוגורט דנונה PRO עם שיבולת שועל במתיקות מעודנת,"שטראוס בריאות בע""\מ",IL,דנונה פרו 20 ג חלבון,גרמים,200.00,100 גרם,false,1,6.40,3.20,true,1,
7290110558314,false,דנונה פרו 20 גרם חלבון ללא סוכר פיסטוק 200 גרם,"שטראוס בריאות בע""\מ",IL,דנונה פרו פיסטוק 20,גרמים,200.00,100 גרם,false,1,6.20,3.10,true,1,
7290110558338,false,יוגורט PRO בטעם מתיקות מעודנת 1.5% שומן,"שטראוס בריאות בע""\מ",IL,דנונה פרו 25 ג חלבון,גרמים,200.00,100 גרם,false,1,5.90,2.95,true,1,
7290110558741,false,"גמדים פאוץ תפוח בננה, 100 ג' שטראוס","שטראוס בריאות בע""\מ",IL,גמדים פאוץ תפוח בננה,גרמים,100.00,100 גרם,false,1,5.90,5.90,true,1,
7290110559007,false,"שועועית חומה טעם הטבע קופסה, 380 גרם",קונסרב איטליה,IT,שעועית חומה 380 גר ש,גרמים,380.00,100 גרם,false,1,7.90,2.08,true,1,
7290110559014,false,שעועית שחורה מבושלת טעם הטבע 380 גרם,קונסרב איטליה,IT,שעועית שחורה 380 גר,גרמים,380.00,100 גרם,false,1,7.90,2.08,true,1,
7290110560317,false,"הפריכיות הטעימות חומוס, עדשים שחורות, קינואה ומלח ים","פרח תעשיו מזון בע""מ",IL,פריכיות משולשות אנרג,גרמים,30.00,100 גרם,false,1,4.90,16.33,true,1,
7290110560324,false,"הפריכיות הטעימות תפו""א, אורז, אפונה ומלח ים","פרח תעשיו מזון בע""מ",IL,פריכיות משולשות אנרג,גרמים,30.00,100 גרם,false,1,4.90,16.33,true,1,
7290110560836,false,"מילקי טעם פסק זמן שטראוס 133 מ""ל",מיוצר עי קונדיטוריית,IL,מילקי פסק זמן 133 גר,גרמים,133.00,100 גרם,false,1,2.90,2.18,true,1,
7290110561352,false,דנונה יוגורט ביו פרוביוטי 3% דל לקטוז 150ג',"שטראוס בריאות בע""\מ",IL,דנונה דל לקטוז,גרמים,200.00,100 גרם,false,1,3.50,1.75,true,1,
7290110561604,false,מארז 8 יחידות מעדן גמדים בטעם תות בננה,"שטראוס בריאות בע""\מ",IL,מארז שמינייה גמדים,גרמים,800.00,100 גרם,false,1,19.90,2.49,true,1,
7290110563431,false,"משקה קפה קר בסגנון קלאסי 230 מ""ל 1.6% יוטבתה",האי נאם סי או אל.טי.,AT,משקה קפה קר 1.6% קלא,מיליליטרים,230.00,"100 מ""ל",false,1,8.30,3.61,true,1,
7290110563448,false,"משקה קפה קר בסגנון מעודן 230 מ""ל 1.6% יוטבתה",האי נאם סי או אל.טי.,AT,משקה קפה קר 1.6% מעו,מיליליטרים,230.00,"100 מ""ל",false,1,8.30,3.61,true,1,
7290110563462,false,חלב 2% דל לקטוז בבקבוק יטבתה 1 ליטר.,מחלבת יטבתה,IL,חלב נטול לקטוז 2% בב,ליטרים,0.00,ליטר,false,1,8.20,8.20,true,1,
7290110564339,false,חומוס אחלה הסידרה המובחר 30% טחינה 400 גר',מיוצר עי קונדיטוריית,IL,חומוס עשיר ב-30% טחי,גרמים,400.00,100 גרם,false,1,13.90,3.48,true,1,
7290110564414,false,חומוס אחלה הסידרה המובחר 30% טחינה 600 גר',מיוצר עי קונדיטוריית,IL,החומוסיה חומוס עשיר,גרמים,600.00,100 גרם,false,1,17.90,2.98,true,1,
7290110564742,false,"משקה קפה קר בסגנון חזק 230 מ""ל 1.2% יוטבתה",האי נאם סי או אל.טי.,AT,משקה קפה קר 1.2% חזק,מיליליטרים,230.00,"100 מ""ל",false,1,8.30,3.61,true,1,
7290110565435,false,"לימבו ג'לי פטל 125 גרם חלבי ""שטראוס""","שטראוס גרופ בע""\מ",IL,לימבו פטל 125 גרם,גרמים,125.00,100 גרם,false,1,2.20,1.76,true,1,
7290110565527,false,יוגורט PRO פרו 1.5% 20 גרם חלבון בגביע,"שטראוס בריאות בע""מ",IL,דנונה פרו 20 גרם חלב,גרמים,200.00,100 גרם,false,1,6.20,3.10,true,1,
7290110566623,false,קפסולות קולומביה עלית 08 למכונת נספרסו מארז 5X10ג',שטראוס קפה בי.וי.,IL,קפסולות קולומביה 08,גרמים,50.00,100 גרם,false,1,16.50,33.00,true,1,
7290110566975,false,דנונה פרו יוגורט 0% תות עשיר בחלבון 200ג',"שטראוס בריאות בע""\מ",IL,דנונה פרו תות 20 גרם,גרמים,200.00,100 גרם,false,1,5.90,2.95,true,1,
7290110568276,false,משקה וניל פרו Pro מועשר בחלבון 1.5%,מחלבת יטבתה,DE,משקה פרו וניל יטבתה,מיליליטרים,350.00,"100 מ""ל",false,1,6.50,1.86,true,1,
7290110568511,false,קונפיטורית פירות יער במתיקות מעודנת 265 גר' יד מרדכי,קריות זול,IL,קונפיטורת פירות יער,גרמים,265.00,100 גרם,false,1,16.90,6.38,true,1,
7290110568627,false,עלית - פסק זמן רול שוקולד חלב עם קרם אגוזים 26 גרם,שולן צ'\יקולטה גידה סאן.,TR,פסק זמן רול שוקולד ח,גרמים,28.00,100 גרם,false,1,3.90,13.93,true,1,
7290110568924,false,עלית - פסק זמן רול שוקולד חלב עם קרם חלב וקוקוס 26 גרם,שולן צ'\יקולטה גידה סאן.,TR,פסק זמן רול שוקולד ח,גרמים,28.00,100 גרם,false,1,3.90,13.93,true,1,
7290110570569,false,"פולי אספרסו עשירים וארומטיים עוצמה 08 1 ק""ג עלית",שטראוס קפה בי. וי.,IL,פולי אספרסו עשירים ו,גרמים,1000.00,100 גרם,false,1,89.90,8.99,true,1,
7290110570880,false,פולי אספרסו עשירים וארומטיים עוצמה 14 עלית 250 גרם,,IL,פולי אספרסו עשירים ו,גרמים,250.00,100 גרם,false,1,24.90,9.96,true,1,
7290110571375,false,"אנרג'י מיקס תערובת צימוקים, תמרים, טופי ושברי פקאן",אנרג'י Energy - שטראוס,GB,אנרגי מיקס צימוקים ת,גרמים,100.00,100 גרם,false,1,18.90,18.90,true,1,
7290110571382,false,מעדן חלב בטעם וניל מעושר בחלבון 150 ג' שטראוס,"שטראוס בריאות בע""\מ",IL,מעדן חלב בטעם וניל מ,גרמים,150.00,100 גרם,false,1,5.50,3.67,true,1,
7290110571412,false,עלית - מיני פינוקיות בגביע פאדג' 180 גרם,"הגביע מוצרי ופלים בע""\מ",IL,מיני פינוקיות בגביע,גרמים,180.00,100 גרם,false,1,13.50,7.50,true,1,
7290110572129,false,כיף כף מקלות שוקולד לבן 40 ג' עלית,סולן בעבור שטראוס,TR,כיף כף מקלות שוקולד,Unknown,0.00,Unknown,false,1,4.80,4.80,true,1,
7290110572884,false,"קפסולות קפה מספר 20 למכונת אספרס אספרסו, 50 גרם",שטראוס קפה בי.וי.,IL,קפסולות 20 למכונות N,גרמים,50.00,100 גרם,false,1,16.50,33.00,true,1,
7290110572969,false,כיף כף פצפצים במילוי קרם בטעם שוקולד לבן,שולן צ'\יקולטה גידה סאן.,TR,כיף כף פצפצים קרם לב,גרמים,40.00,100 גרם,false,1,6.20,15.50,true,1,
7290110574413,false,עלית - פופקורן בטעם טעמי 70 גרם,סראנו בעבור שטראוס,קפריסין,פופקורן בטעם טעמי 70,גרמים,70.00,100 גרם,false,1,8.50,12.14,true,1,
7290110574420,false,עלית - פופקורן בטעם פסק זמן 70 גרם,סראנו בעבור שטראוס,קפריסין,פופקורן בטעם פסק זמן,גרמים,70.00,100 גרם,false,1,8.50,12.14,true,1,
7290110574437,false,עלית - פופקורן בטעם טורטית 70 גרם,סראנו בעבור שטראוס,קפריסין,פופקורן בטעם טורטית,גרמים,70.00,100 גרם,false,1,8.50,12.14,true,1,
7290110576318,false,מאגדת שלישיית שוקולד אגוז לבן 300 ג' עלית,סמואה,FR,מארז שלישיית אגוז לב,גרמים,300.00,100 גרם,false,1,26.90,8.97,true,1,
7290110576356,false,"שוקולד ספלנדיד מריר 64% - חלבי , מפולי קקאו מפרו",קימ'\ס גריפלנן,BE,ספלנדיד שוקולד מריר,גרמים,100.00,100 גרם,false,1,8.90,8.90,true,1,
7290110576370,false,מארז שלישייה שוקולד מריר חלבי עם אגוזי לוז,סמואה,FR,מארז שלישיית אגוז מר,גרמים,300.00,100 גרם,false,1,26.90,8.97,true,1,
7290110576493,false,עלית - פופקורן בטעם בלונדי 70 גרם,סראנו בעבור שטראוס,קפריסין,פופקורן בטעם בלונדי,גרמים,70.00,100 גרם,false,1,8.50,12.14,true,1,
7290110576752,false,טבלאות שוקולד ספלנדיד מריר 70% 100 ג' עלית,קימ'ס גריפלנן,BE,ספלנדיד מריר 70% 22,גרמים,100.00,100 גרם,false,1,9.90,9.90,true,1,
7290110576776,false,טבלאות שוקולד ספלנדיד מריר 85% 100 ג' עלית,קימ'ס גריפלנן,BE,ספלנדיד מריר 85% 100,גרמים,100.00,100 גרם,false,1,9.90,9.90,true,1,
7290110576790,false,גבינת סקי 3% בטעם מוקה 125 גרם,"שטראוס בריאות בע""\מ",IL,סקי בטעם מוקה 125 גר,גרמים,125.00,100 גרם,false,1,3.70,2.96,true,1,
7290110577711,false,"משקה שייק חלבון מי גבינה עם אפרסק ומנגו350מ""ל יטבתה",מחלבת יטבתה,IL,שייק חלבון מי גבינה,מיליליטרים,350.00,"100 מ""ל",false,1,7.90,2.26,true,1,
7290110577728,false,"משקה שייק חלבון מי גבינה עם פירות יער 350מ""ל יטבתה",מחלבת יטבתה,IL,שייק חלבון מי גבינה,מיליליטרים,350.00,"100 מ""ל",false,1,7.90,2.26,true,1,
7290110579319,false,חומוס גלילי אחלה 400 גרם,שטראוס גרופ,IL,חומוס גלילי אחלה 400,גרמים,400.00,100 גרם,false,1,11.90,2.98,true,1,
7290111094248,false,"קוויק שקית אשפה חזקה וגדולה במיוחד (90*78), 20 יח'",,TR,שקיות אשפה קוויק XL,יחידה,1.00,יחידה,false,1,23.90,23.90,true,1,
7290111098703,false,מארז מסכות פנים 50 יח,,CN,מארז מסכות פנים 50 י,יחידה,1.00,יחידה,false,1,9.90,9.90,true,1,
7290111340178,false,מטליות לחות ניקול לניקוי כללי בניחוח מרכך כביסה 50 יח',חוגלה קימברלי,IL,מטל.לחות לניקוי כללי,Unknown,0.00,Unknown,false,1,10.90,10.90,true,1,
7290111340185,false,מטליות לחות רצפה ניחוח מרכך כביסה ניקול 10 יחידות,חוגלה קימברלי,IL,מטליות לחות לנ.רצפה,Unknown,0.00,Unknown,false,1,10.90,10.90,true,1,
7290111340925,false,מטליות לחות לניקוי כללי בניחוח טרופי ניקול 50 יחידות,חוגלה קימברלי,IL,מט.לחות ניקול לנ.כלל,Unknown,0.00,Unknown,false,1,10.90,10.90,true,1,
7290111341984,false,לילי - מגבוני נייר טואלט לח פיור רביעייה,קימברלי,IL,נייר טואלט לילי לח מ,Unknown,0.00,Unknown,false,1,20.00,20.00,true,1,
7290111342004,false,נייר טואלט לילי לח קידס 56 דפים,חוגלה קימברלי,IL,נייר טואלט לח לילי ק,Unknown,0.00,Unknown,false,1,7.50,7.50,true,1,
7290111342042,false,ניקול כריות יפניות אנטיבקטריאלי 4 יחידות,פלסטו פוליש,IL,כריות יפניות ניקול ל,Unknown,0.00,Unknown,false,1,10.00,10.00,true,1,
7290111342059,false,50 מטליות מיקרופייבר לשטחים אנטיבקטריאלי ניקול,ניקול,IL,מט.לחות ניקול לחיט מ,Unknown,0.00,Unknown,false,1,14.90,14.90,true,1,
7290111342073,false,מטליות מקרופייבר למשטחים אנטיבקטריאלי ניקול,ניקול,IL,מט.ניקול מיקרופיבר ל,Unknown,0.00,Unknown,false,1,18.70,18.70,true,1,
7290111342738,false,לילי - מגבוני נייר טואלט לח קידס רביעייה,לילי נייר טואלט חוגלה,IL,נייר טואלט לילי לח ק,Unknown,0.00,Unknown,false,1,20.00,20.00,true,1,
7290111343117,false,"קלינקס לושן סופט פק זוגות 140 דף ""חדש""",קימברלי קלארק,IL,ממחטות אף קלינקס לוש,Unknown,0.00,Unknown,false,1,14.90,14.90,true,1,
7290111343858,false,ניקול מטליות לחות לרצפה אנטיבקרטריאלי 10 יחידות,עלבד משואות יצחק,IL,מטליות לחות ניקול לר,Unknown,0.00,Unknown,false,1,10.00,10.00,true,1,
7290111344206,false,-מגבונים לחים לעור רגיש ללא בישום האגיס 4*64 יחידות,חוגלה קימברלי,IL,מגבוני האגיס רביעייה,Unknown,0.00,Unknown,false,1,21.90,21.90,true,1,
7290111344510,false,נייר אפייה ניקול בשקית 100 יח,אופל,IL,נייר אפייה ניקול בשק,Unknown,0.00,Unknown,false,1,23.90,23.90,true,1,
7290111344558,false,ניקול שקיות אשפה גדולות 100 יח,חוגלה קימברלי,IL,ניקול שקיות אשפה גדו,Unknown,0.00,Unknown,false,1,36.50,36.50,true,1,
7290111344701,false,ניקול שקיות אוכל סנדויצון מניונים 250 יחידות,חוגלה קימברלי,IL,ניקול שקיות סנדוויץ,יחידה,1.00,יחידה,false,1,17.90,17.90,true,1,
7290111344855,false,קוטקס - מגיני יום אקסטרא פרוטקט לארג' ביג 52 יח',חוגלה קימברלי,CN,מגן תחתון אקסטרא פרו,Unknown,0.00,Unknown,false,1,24.90,24.90,true,1,
7290111344916,false,ניקול שישיית כריות יפניות אנטיבקטריאליות,חוגלה קימברלי,IL,כרית יפנית אנטיבקטרי,Unknown,0.00,Unknown,false,1,15.10,15.10,true,1,
7290111344930,false,מטליות לחות לרצפה בניחוח כביסה ארומתרפיה ניקול 10 יח',ניקול,IL,מט.לחות ניקול לנ.רצפ,Unknown,0.00,Unknown,false,1,10.90,10.90,true,1,
7290111344978,false,רדיד אלומיניום עבה 60 מטר ניקול,ניקול,IL,רדיד אלומיניום ניקול,מטרים,15.00,מטר,false,1,49.90,3.33,true,1,
7290111345050,false,כריות מיקרופייבר ניקול לניקוי עדין,ניקול,CN,כריות מיקרופייבר ניק,Unknown,0.00,Unknown,false,1,16.60,16.60,true,1,
7290111345814,false,נייר טואלט לילי נטורל קר 30 גלילים מהדורה,לילי נייר טואלט חוגלה,IL,לילי נייר טואלט נטור,מטרים,588.00,מטר,false,1,43.90,0.07,true,1,
7290111345890,false,מולט נייר טואלט גלי ענק 24=57,קימברלי-קלארק,IL,מולט נייר טואלט גלי,יחידה,1.00,יחידה,false,1,51.90,51.90,true,1,
7290111345982,false,ניקול דפי ספוגית הקסם 10 יחידות,חוגלה קימברלי,IL,ניקול דפי ספוגיות הק,יחידה,1.00,יחידה,false,1,15.40,15.40,true,1,
7290111346125,false,מארז שלישייה מגבוני דיילי קר ללא בישום *56 יח' האגיס,קימברלי,IL,מגבוני האגיס שלישייה,Unknown,0.00,Unknown,false,1,22.90,22.90,true,1,
7290111346132,false,מארז שלישייה מגבוני סנסטיב קר ללא בישום *56 יח' האגיס,עלבד,IL,מגבוני האגיס שלישייה,Unknown,0.00,Unknown,false,1,22.90,22.90,true,1,
7290111346347,false,ממחטות אף קלינקס טישו אורגינל מארז חמישייה,קימברלי קלארק,IL,קלינקס סופט חמישייה,יחידה,1.00,יחידה,false,1,16.90,16.90,true,1,
7290111350030,false,רסק תפוחי עץ טבעי בצנצנת 670 גרם קלית גת,"ג'י אנד ג'י בע""מ",IL,רסק תפוחי עץ טבעי בצ,גרמים,670.00,100 גרם,false,1,13.50,2.01,true,1,
7290111350092,false,מארז מיקס חטיפי מיני לואקר בסט 200 גר,ליימן מותגים,,מארז מיקס חטיפי מיני,גרמים,200.00,100 גרם,false,1,24.90,12.45,true,1,
7290111350719,false,חטיף נאצוס הוטפופ בסגנון מסעדות 322 גר,ליימן מותגים,US,חטיף נאצוס הוטפופ בס,גרמים,322.00,100 גרם,false,1,15.90,4.94,true,1,
7290111350726,false,חטיף נאצוס הוטפופ בסגנון מקסיקני 322 גר,ליימן מותגים,US,חטיף נאצוס הוטפופ בס,גרמים,322.00,100 גרם,false,1,15.90,4.94,true,1,
7290111351747,false,צ'וקטה טורטיה מקמח חיטה 320 גרם,צ'וקטה,DE,טורטיות מקמח חיטה צו,גרמים,320.00,100 גרם,false,1,9.90,3.09,true,1,
7290111352966,false,יוגטה סוכריות ממולאות בטעם פירות 250 גרם ללא ג'לטין,ליימן שליסל,TR,מקלות יוגטה ממולאות,גרמים,250.00,100 גרם,false,1,7.30,2.92,true,1,
7290111352973,false,יוגוטה קוביות חמוצות ממולאות בטעם פירות,יוגטה yogueta,TR,קוביות חמוצות יוגטה,גרמים,220.00,100 גרם,false,1,7.30,3.32,true,1,
7290111354236,false,"טורטיה מקמח חיטה 25 ס""מ צ'וקטה 420 גרם",צ'וקטה,TR,טורטייה מרקדו קמח חי,גרמים,420.00,100 גרם,false,1,12.40,2.95,true,1,
7290111564239,false,שלגוני קראנץ' Crunch בטעם וניל - 5 יח',גלידות נסטלה )נגה גלידות,IL,מאגדת מיני קראנץ,גרמים,275.00,100 גרם,false,1,33.50,12.18,true,1,
7290111564277,false,פריכיות דקות ונימוחות 3 דגנים פיטנס Fitness,פרח תעשיות בעמ,IL,פריכיות פיטנס שלושה,גרמים,120.00,100 גרם,false,1,10.50,8.75,true,1,
7290111564291,false,פריכיות דקות ונימוחות 3 דגנים וקינואה פיטנס Fitness,פרח תעשיות בעמ,IL,פריכיות פיטנס דקות ע,גרמים,120.00,100 גרם,false,1,10.50,8.75,true,1,
7290111564666,false,כדורי בשר צמחוניים עם המון חלבון,עיצובים 2020 (4.8),IL,כדורי בשר מן הצומח ט,גרמים,500.00,100 גרם,false,1,31.50,6.30,true,1,
7290111564727,false,עוגיות אסם קרמוגית וקרם אגוזים אסם 200ג',מיוצר עי קונדיטוריית,IL,אסם קרמוגית במילוי ק,גרמים,200.00,100 גרם,false,1,11.40,5.70,true,1,
7290111565038,false,"לה קרמריה וניל קוקילידה בד""צ 1.4 ל'",גלידות נסטלה )נגה גלידות,IL,לה קרמריה קוקילידה 1,ליטרים,0.00,ליטר,false,1,18.90,18.90,true,1,
7290111565502,false,ארטיק אוראו וניל ועוגיות סנדוויץ נסטלה 80 ג',נסטלה גלידות,IT,גלידה סנדוויץ אוראו,גרמים,80.00,100 גרם,false,1,10.00,12.50,true,1,
7290111566127,false,מעדן אוראו קפוא בטעם וניל עם עוגיות בטעם שוקולד,ג'נרל מילס סאן אדריא,IT,מאגדת סנדוויץ אוראו,גרמים,198.00,100 גרם,false,1,20.80,10.51,true,1,
7290111566240,false,שניצל דק מן הצומח בטעם צ'ילי חריף 700 גרם,עיצובים 2020 (4.8),IL,שניצל דק בטעם צילי,גרמים,564.00,100 גרם,false,1,31.50,5.59,true,1,
7290111566271,false,חטיפי תירס טבעול 657 גרם,עיצובים 2020 (4.8),IL,חטיפי תירס טבעול 657,גרמים,657.00,100 גרם,false,1,29.90,4.55,true,1,
7290111566318,false,שניצל דק מן הצומח בטעם ביתי 700 גרם,עיצובים 2020 (4.8),IL,שניצל דק טבעול 564 ג,גרמים,564.00,100 גרם,false,1,31.90,5.66,true,1,
7290111566417,false,טבעול טחון מן הצומח משופר 400 גרם,עיצובים 2020 (4.8),IL,טחון צמחוני טבעול 50,גרמים,500.00,100 גרם,false,1,31.50,6.30,true,1,
7290111566547,false,טבעול חזה בגריל צמחוני 99 קלוריות 560ג',עיצובים 2020 (4.8),IL,חזה בגריל צמחוני טבע,גרמים,560.00,100 גרם,false,1,31.90,5.70,true,1,
7290111566585,false,"שניצל צמחוני 99 קלוריות 650 גר' ""טבעול""",עיצובים 2020 (4.8),IL,שניצל צמחוני 99 קלור,גרמים,650.00,100 גרם,false,1,31.50,4.85,true,1,
7290111566776,false,"נקניקיות קוקטייל מן הצומח 680 גרם ""טבעול""",עיצובים 2020 (4.8),IL,נקניקיות קוקטייל צמח,גרמים,680.00,100 גרם,false,1,31.50,4.63,true,1,
7290111568206,false,"מיקס ביסלי, אפרופו ופיצוחים מתובלים",פרו מן יו פתרונות אר,IL,ביסלי פארטי מיקס 150,גרמים,150.00,100 גרם,false,1,7.50,5.00,true,1,
7290111568251,false,אטריות נודלס להקפצה אסם אסייתי 350 גר',תאי פרזידנטפוד,TH,נודלס אטריות להקפצה,גרמים,350.00,100 גרם,false,1,10.40,2.97,true,1,
7290111568299,false,אטריות נודלס עם תרד אסם אסייתי 300 גר',זארה,IT,נודלס אטריות עם תרד,גרמים,300.00,100 גרם,false,1,10.40,3.47,true,1,
7290111568466,false,רוטב אסייתי למוקפץ הסדרה האסייתית,אסיף תעשיות מזון בעמ,IL,רוטב אסייתי למוקפץ א,מיליליטרים,290.00,"100 מ""ל",false,1,14.60,5.03,true,1,
7290111568961,false,בייגלה טבעות מלח אסם 400 גרם,אסם,IL,בייגלה טבעות מלח 400,גרמים,400.00,100 גרם,false,1,9.90,2.48,true,1,
7290111930898,false,חטיף פוף כוכבים גריל אמריקאי 40 גרם,פוף POOF,IL,חטיף פוף כוכבים גריל,גרמים,40.00,100 גרם,false,1,4.60,11.50,true,1,
7290111930904,false,חטיף פוף כוכבים בצל 40 גרם,פוף POOF,IL,חטיף פוף כוכבים בצל,גרמים,40.00,100 גרם,false,1,4.60,11.50,true,1,
7290111930911,false,חטיף פוף לבבות קלאסי 40 גרם,פוף POOF,IL,חטיף פוף לבבות קלאסי,גרמים,40.00,100 גרם,false,1,4.60,11.50,true,1,
7290111930935,false,חטיף פוף טבעות קלאסי 40 גרם,פוף POOF,IL,חטיף פוף טבעות קלאסי,גרמים,40.00,100 גרם,false,1,4.60,11.50,true,1,
7290111933998,false,תבנית קוקי אינגליש עם נייר אפייה 4 יח,קוקי,CN,תבנית קוקי אינגליש ע,Unknown,0.00,Unknown,false,1,11.40,11.40,true,1,
7290111938481,false,"רוטב סויה בהירה מאסטר שף 300 מ""ל",מאסטר שף,TH,רוטב סויה בהירה מאסט,מיליליטרים,300.00,"100 מ""ל",false,1,11.40,3.80,true,1,
7290112000736,false,פיניש טבליות aio 80 יח אריזת חסכון,רקיט בנקיזר,PL,פיניש הכל באחד,Unknown,0.00,Unknown,false,1,59.90,59.90,true,1,
7290112001023,false,"אירוויק ספרי אוטמטי מילוי תענוגות האביב 250 מ""ל","יצרן המכשיר: זובלה, שנזן",HU,מילוי אוטומטי אירווי,מיליליטרים,250.00,"100 מ""ל",false,1,23.90,9.56,true,1,
7290112001221,false,מנקה מכונת כביסה בניחוח נקי ורענן,רקיט בנקיזר,PT,מנקה מכונת כביסה קול,מיליליטרים,250.00,"100 מ""ל",false,1,21.50,8.60,true,1,
7290112001436,false,"פיניש מנקה מדיח כלים בניחוח לימון 250 מ""ל",רקיט בנקיזר,PL,מנקה מדיח פיניש לימו,מיליליטרים,250.00,"100 מ""ל",false,1,14.90,5.96,true,1,
7290112002099,false,קולון גל כביסה מרוכז 2.5 ליטר קלאסי,רקיט בנקיזר,IL,גל כביסה קולון מרוכז,ליטרים,0.00,ליטר,false,1,29.50,29.50,true,1,
7290112002150,false,ג'ל כביסה מרוכז קולון 101 בניחוח מאסק,רקיט בנקיזר,IL,גל כביסה קולון מרוכז,ליטרים,0.00,ליטר,false,1,39.90,39.90,true,1,
7290112002167,false,קולון ג'ל כביסה בניחוח פריחה מרענן ירוק 4 ליטר,רקיט בנקיזר,IL,גל כביסה קולון מרוכז,ליטרים,0.00,ליטר,false,1,39.90,39.90,true,1,
7290112004208,false,פיניש טבליות למדיח הכל ב 1 לימון 50 יחידות,רקיט בנקיזר,PL,פיניש טבליות הכל ב-1,Unknown,0.00,Unknown,false,1,37.90,37.90,true,1,
7290112004413,false,"ספריי וניש קליה להסרת כתמים לבגדים לבנים 750 מ""ל",רקיט בנקיזר,PL,וניש ספריי הסרת כתמי,יחידה,1.00,יחידה,false,1,19.90,19.90,true,1,
7290112004468,false,דטול - מחטא כביסה לכותנה 1.50 ליטר,רקיט בנקיזר,IT,דטול מחטא כביסה לכות,יחידה,1.00,יחידה,false,1,26.90,26.90,true,1,
7290112004970,false,פיניש אולטימייט קוואנטום 50 טבליות למדיח,רקיט בנקיזר,IL,פיניש אולטימייט 50 ט,Unknown,0.00,Unknown,false,1,59.90,59.90,true,1,
7290112005052,false,וניש תוסף כביסה רב תכליתי לבגדים לבנים,קליה וניש Kalia Vanish,IT,וניש אבקת כביסה לבנה,יחידה,1.00,יחידה,false,1,38.50,38.50,true,1,
7290112005076,false,וניש תוסף כביסה רב תכליתי לכביסה צבעונית,קליה וניש Kalia Vanish,IT,וניש אבקת כביסה צבעו,יחידה,1.00,יחידה,false,1,19.80,19.80,true,1,
7290112005083,false,וניש תוסף כביסה רב תכליתי לכביסה צבעונית,קליה וניש Kalia Vanish,IT,וניש אבקת כביסה לצבע,יחידה,1.00,יחידה,false,1,38.50,38.50,true,1,
7290112005168,false,פיניש אולטימייט קוואנטום לימון 60 טבליות למדיח,רקיט בנקיזר,PL,טבליות למדיח פיניש ק,Unknown,0.00,Unknown,false,1,64.90,64.90,true,1,
7290112161642,false,סבון מוצק מארז אישי 3 יח,,IL,סבון מוצק מארז אישי,גרמים,90.00,100 גרם,false,1,11.90,13.22,true,1,
7290112190116,false,וופל הולנדי במילוי קרמל 224 גרם,,,וופל הולנדי במילוי ק,גרמים,224.00,100 גרם,false,1,11.40,5.09,true,1,
7290112192509,false,פירורי לחם ללא גלוטן 250 גר GFREE,אשבל מזון פונקציונלי,IL,פירורי לחם ללא גלוטן,גרמים,250.00,100 גרם,false,1,16.90,6.76,true,1,
7290112192578,false,משחת שיניים פרודונטקס אקסטרה פרש הגנה מלאה,ג'י.אס.קיי קונסיומר,IE,משחת שיניים פרודונטק,מיליליטרים,75.00,"100 מ""ל",false,1,37.90,50.53,true,1,
7290112192875,false,"סנסודיין - משחת שיניים רגישות וחניכיים 75 מ""ל",סנסודיין Sensodyne,GB,מש.שיניים סנסודיין ר,מיליליטרים,75.00,"100 מ""ל",false,1,37.90,50.53,true,1,
7290112193278,false,"סטייל - שמפו מתולתלות לניקוי יסודי 600 מ""ל",א.ל.ארמן ייצור תמרוקים ב,IL,שמפו סטייל מתולתלות,מיליליטרים,600.00,"100 מ""ל",false,1,24.90,4.15,true,1,
7290112193285,false,"סטייל - מרכך מתולתלות מגביר לחות 600 מ""ל",א.ל.ארמן ייצור תמרוקים ב,IL,מרכך סטייל מתולתלות,מיליליטרים,600.00,"100 מ""ל",false,1,24.90,4.15,true,1,
7290112197191,false,דגני בוקר כהים במילוי קרם וניל ללא גלוטן 375 ג' G FREE,נטורל קייקס,IL,דגני בוקר קרם וניל 3,גרמים,375.00,100 גרם,false,1,21.90,5.84,true,1,
7290112197207,false,G FREE מיני כריות בציםוי שוקולד חלב 65 גרם,נטורל קייקס,IL,מיני כריות שוקולד חל,גרמים,65.00,100 גרם,false,1,7.90,12.15,true,1,
7290112197443,false,טרו שוקולד חלב מופחת,אימפריאל,PT,שוקולד חלב טרו 100 ג,גרמים,100.00,100 גרם,false,1,11.90,11.90,true,1,
7290112197450,false,שוקולד חלב+אגוזים טרו 100 גר,אימפריאל,PT,שוקולד חלב+אגוזים טר,גרמים,100.00,100 גרם,false,1,11.90,11.90,true,1,
7290112197702,false,פיצה משפחתית  מרגריטה 330 ג' ללא גלוטן ג'י פרי,נטורל קייקס,IL,פיצה משפחתית מרגריטה,גרמים,330.00,100 גרם,false,1,24.90,7.55,true,1,
7290112330352,false,"יוגורט PRO בטעם וניל 0% , 20 גרם חלבון בגביע","שטראוס בריאות בע""\מ",IL,דנונה פרו וניל 20 גר,גרמים,200.00,100 גרם,false,1,5.90,2.95,true,1,
7290112330390,false,דנונה פרו פירות יער 20 גרם חלבון 0% שומן 200 גרם,"שטראוס בריאות בע""\מ",IL,דנונה פרו פירות יער,גרמים,200.00,100 גרם,false,1,5.90,2.95,true,1,
7290112332585,false,פריכיות משולש תפוא אורז בתיבול סלק ומלח ים אנרג'י 30 גרם,"פרח תעשיו מזון בע""מ",IL,"פריכיות תפו""א, אורז,",גרמים,30.00,100 גרם,false,1,4.90,16.33,true,1,
7290112332691,false,פינוקיות עוגיות קרם פסק זמן אגוזים 200 גרם,"הגביע מוצרי וופלים בע""\מ",IL,עוגיית קרם פסק זמן א,גרמים,200.00,100 גרם,false,1,13.50,6.75,true,1,
7290112334749,false,קפה טורקי בצלופן עלית 200 גרם+ 10% תוספת,שטראוס קפה בי.וי,IL,קפה עלית טורקי 200 ג,גרמים,220.00,100 גרם,false,1,15.90,7.23,true,1,
7290112335487,false,הפריכיות הטעימות קצח ודגנים אנרג'י 135 גרם,"פרח תעשיות מזון בע""\מ",IL,פריכיות הטעימות קצח,גרמים,135.00,100 גרם,false,1,10.90,8.07,true,1,
7290112335494,false,הפריכיות הטעימות תפוחי אדמה בטעם פוטטוס,"פרח תעשיות מזון בע""\מ",IL,פריכיות הטעימות פוטט,גרמים,135.00,100 גרם,false,1,10.90,8.07,true,1,
7290112335500,false,"פרכיות אנרג'י חומוס,אורז,עדשים שחורות וקינואה 135 גרם","פרח תעשיות מזון בע""\מ",IL,פריכיות הטעימות חלבו,גרמים,135.00,100 גרם,false,1,10.90,8.07,true,1,
7290112336637,false,סוכריות מאסט Must ללא סוכר יוגורט תות ואוכניות,שטראוס גרופ,PL,"סוכריות מאסט לל""ס יו",גרמים,80.00,100 גרם,false,1,10.40,13.00,true,1,
7290112336644,false,סוכריות מאסט ללא סוכר לימון 80 ג' עלית,שטראוס גרופ,PL,"סוכריות מאסט לל""ס לי",גרמים,80.00,100 גרם,false,1,10.40,13.00,true,1,
7290112336651,false,סוכריות מאסט ללא סוכר ריבת חלב 80 ג' עלית,שטראוס גרופ,PL,"סוכריות מאסט לל""ס רי",גרמים,80.00,100 גרם,false,1,10.40,13.00,true,1,
7290112336712,false,יוגורט PRO לבן 0% 21 גרם חלבון בגביע,"שטראוס בריאות בע""מ",IL,דנונה פרו 21 גרם חלב,גרמים,200.00,100 גרם,false,1,5.90,2.95,true,1,
7290112338877,false,מעדן גבינה בטעם תות 3% 125ג' סקי,"שטראוס בריאות בע""\מ",IL,סקי בטעם תות 125 גר,גרמים,125.00,100 גרם,false,1,3.70,2.96,true,1,
7290112339171,false,מילקי מוס עם שוקולד וקצפת,מיוצר עי קונדיטוריית,IL,מילקי מוס 133 גרם,גרמים,133.00,100 גרם,false,1,3.50,2.63,true,1,
7290112339867,false,גמדים לדרך גבינה לבנה עם מחית תות,"שטראוס בריאות בע""\מ",IL,גמדים סקוויז תות 100,גרמים,100.00,100 גרם,false,1,5.90,5.90,true,1,
7290112339874,false,גמדים לדרך גבינה לבנה עם מחיות תות ובננה,"שטראוס בריאות בע""\מ",IL,גמדים סקוויז תות,גרמים,100.00,100 גרם,false,1,5.90,5.90,true,1,
7290112340122,false,הפריכיות הטעימות 3 דגנים אנרג'י 135 גרם,"פרח תעשיות מזון בע""\מ",IL,פריכיות טעימות 3 דגנ,גרמים,135.00,100 גרם,false,1,7.90,5.85,true,1,
7290112340245,false,צנצנת מסטיק מאסט בטעם דובדבן 66 ג' עלית,"שטראוס גרופ בע""\מ",IL,צנצנת מאסט בטעם דובד,גרמים,66.00,100 גרם,false,1,8.90,13.48,true,1,
7290112341006,false,מארז מילקי קצפת כפיות שוקולד 176 גרם,"שטראוס גרופ בע""\מ",IL,מארז מילקי קצפת כפיו,גרמים,172.00,100 גרם,false,1,8.50,4.94,true,1,
7290112341679,false,דנונה אקטיביה 3% שומן 200 גרם,מיוצר עי קונדיטוריית,IL,יוגורט אקטיביה 3% 2,גרמים,200.00,100 גרם,false,1,4.20,2.10,true,1,
7290112341686,false,שמינייה יוגורט לבן אקטיביה 3% דנונה 150 גרם.,מיוצר עי קונדיטוריית,IL,מארז אקטיביה שמיניה,גרמים,1200.00,100 גרם,false,1,19.90,1.66,true,1,
7290112342195,false,כשלפ תפוציפס מקלות טבעי 200 גרם,"שטראוס פריטו ליי בע""\מ )",IL,תפוציפס מקלות טבעי 2,גרמים,200.00,100 גרם,false,1,9.90,4.95,true,1,
7290112343260,false,יטבתה רוטב שמנת עם פטריות 9% 250 גר,שטראוס גרופ,IL,יטבתה רוטב שמנת עם פ,גרמים,260.00,100 גרם,false,1,10.90,4.19,true,1,
7290112343406,false,שוקו ספלנדיד בבקבוק יטבתה 1 ליטר,שטראוס גרופ,IL,שוקו מריר יטבתה,מיליליטרים,1000.00,"100 מ""ל",false,1,11.40,1.14,true,1,
7290112343413,false,"משקה שוקו ספלנדיד יטבתה 350 מ""ל",שטראוס גרופ,IL,משקה שוקו מריר יטבתה,מיליליטרים,350.00,"100 מ""ל",false,1,6.40,1.83,true,1,
7290112343420,false,"משקה חלב עם דגנים מלאים ובננה פרו יטבתה 350מ""ל",מחלבת יטבתה,IL,משקה חלב עם דגנים וב,מיליליטרים,350.00,"100 מ""ל",false,1,7.50,2.14,true,1,
7290112343499,false,חטיף צ'יטוס פאפס אפוי בטעם גבינה,"שטראוס פריטו ליי בע""\מ )",IL,ציטוס 55 גרם 48 יחיד,גרמים,55.00,100 גרם,false,1,3.50,6.36,true,1,
7290112343512,false,צ'יטוס puffs בטעם גבינה 180 גרם,"שטראוס פריטו ליי בע""\מ )",IL,ציטוס 160 גרם 9 יחי,גרמים,160.00,100 גרם,false,1,7.90,4.94,true,1,
7290112344564,false,רביולי גבינה קלאסי שטראוס 400 ג',"שטראוס גרופ בע""\מ",IL,רביולי גבינה קידס 4,גרמים,400.00,100 גרם,false,1,19.90,4.98,true,1,
7290112344724,false,מעדן בטעם שוקולד בלונדי 170 ג' מילקי,מיוצר עי קונדיטוריית,IL,מילקי מוס 133 גרם,גרמים,81.00,100 גרם,false,1,3.70,4.57,true,1,
7290112344755,false,מילקי עם 26% פחות סוכר 135 גרם,מיוצר עי קונדיטוריית,IL,מילקי מופחת סוכר 133,גרמים,133.00,100 גרם,false,1,2.90,2.18,true,1,
7290112344861,false,מעדן חלב בטעם קפה עם קצפת,"שטראוס גרופ בע""\מ",IL,מילקי קפוצינו 133 גר,גרמים,133.00,100 גרם,false,1,3.50,2.63,true,1,
7290112346360,false,בפלות אחת אחת ופל בטעם שוקולד מצופה שוקולד,הגביע מוצרי וופלים ב,GR,בפלות אחת אחת בציפוי,גרמים,180.00,100 גרם,false,1,16.90,9.39,true,1,
7290112346537,false,עוגיות פינוקיות בטעם טורטית 200 ג' עלית,"הגביע מוצרי ופלים בע""\מ",IL,עוגיות פינוקיות בטעם,גרמים,200.00,100 גרם,false,1,13.50,6.75,true,1,
7290112346629,false,"יוגורט עם קורנפלקס מצופה שוקולד חלב ולבן 172 מ""ל דנונה","שטראוס בריאות בע""\מ",IL,יוגורט עם קורנפלקס מ,גרמים,172.00,100 גרם,false,1,4.30,2.50,true,1,
7290112346681,false,דנונה משקה יוגורט בטעם פירות יער 267 גר',"שטראוס בריאות בע""\מ",IL,משקה בוקר פירות יער,מיליליטרים,267.00,"100 מ""ל",false,1,5.00,1.87,true,1,
7290112346773,false,יוגורט בטעם וניל 0% לייט אנד פרי 10 גרם חלבון בגביע,מיוצר עי קונדיטוריית,IL,דנונה לייט אנד פריי,גרמים,150.00,100 גרם,false,1,5.40,3.60,true,1,
7290112346797,false,יוגורט אקטיביה שיבולת שועל ושזיף 150 גרם,מיוצר עי קונדיטוריית,IL,יוגורט אקטיביה שיבול,גרמים,150.00,100 גרם,false,1,4.60,3.07,true,1,
7290112346827,false,שמיניית אקטימל ויטמין C פטל 108 גרם,"שטראוס בריאות בע""\מ",IL,אקטימל ויטמין c פטל,מיליליטרים,800.00,"100 מ""ל",false,1,19.90,2.49,true,1,
7290112347008,false,גמדים לדרך גבינה לבנה עם מחית תות ושיבולת שועל,מיוצר עי קונדיטוריית,IL,גמדים סקוויז תות בננ,גרמים,100.00,100 גרם,false,1,5.90,5.90,true,1,
7290112347473,false,מארז דנונה לייט אנד פריי תות ואפרסק 150 גרם 8 יחידות,מיוצר עי קונדיטוריית,IL,מארז דנונה לייט תות,גרמים,1200.00,100 גרם,false,1,31.50,2.63,true,1,
7290112348142,false,שעועית לבנה 380 ט.הטבע קופסה 380 גרם,שטראוס טעם הטבע,IT,שעועית לבנה טעם הטבע,גרמים,380.00,100 גרם,false,1,7.90,2.08,true,1,
7290112348999,false,הפריכיות הטעימות תירס דקות אנרג'י 135 גרם,"פרח תעשיות מזון בע""\מ",IL,פריכיות טעימות תירס,גרמים,135.00,100 גרם,false,1,10.90,8.07,true,1,
7290112349606,false,מעדן גבינה ויוגורט תות בננה 88 ג' דניאלה,"שטראוס בריאות בע""\מ",IL,דניאלה תות בננה 88 ג,גרמים,88.00,100 גרם,false,1,3.90,4.43,true,1,
7290112349637,false,מעדן גבינה בטעם ענבים 88 ג' דניאלה,"שטראוס בריאות בע""\מ",IL,דניאלה ענבים 88 גר,גרמים,88.00,100 גרם,false,1,3.90,4.43,true,1,
7290112349705,false,פומודורו רוטב עגבניות קלאסי לפסטה יד מרדכי 350 גרם,אמיליאנה קונסרב סוסייטה,IT,רוטב עגבניות לפסטה ק,גרמים,350.00,100 גרם,false,1,14.90,4.26,true,1,
7290112349736,false,בזיליקום רוטב עגבניות לפסטה יד מרדכי 350 גרם,אמיליאנה קונסרב סוסייטה,IT,רוטב עגבניות לפסטה ב,גרמים,350.00,100 גרם,false,1,14.90,4.26,true,1,
7290112349743,false,ארביאטה רוטב עגבניות פיקנטי לפסטה 350 ג' יד מרדכי,אמיליאנה קונסרב סוסייטה,IT,רוטב עגבניות לפסטה פ,גרמים,350.00,100 גרם,false,1,14.90,4.26,true,1,
7290112349750,false,פיצה רוטב עגבניות לפיצה יד מרדכי 350 גרם,אמיליאנה קונסרב סוסייטה,IT,רוטב עגבניות לפיצה י,גרמים,350.00,100 גרם,false,1,14.90,4.26,true,1,
7290112350312,false,קפסולות 15 קפה יותר למכונות נספרסו עלית 10יח',הנסיך- מפעל לייצור ט,IL,קפסולות 15 למכונות נ,גרמים,50.00,100 גרם,false,1,16.50,33.00,true,1,
7290112351104,false,שוקולד פרה ממולא פיצפוצי אורז 100 ג' עלית,"שטראוס גרופ בע""\מ",IL,שוקולד פרה חלב פיצפו,גרמים,100.00,100 גרם,false,1,5.50,5.50,true,1,
7290112351128,false,שוקולד פרה סוכריות קופצות וועסטהייים,"שטראוס גרופ בע""\מ",IL,שוקולד פרה סוכריות ק,גרמים,90.00,100 גרם,false,1,5.50,6.11,true,1,
7290112351258,false,עוגיית קקאו פינוקיות שחור לבן 200 גר,"הגביע מוצרי ופלים בע""\מ",IL,עוגיית קקאו פינוקיות,גרמים,200.00,100 גרם,false,1,12.50,6.25,true,1,
7290112351463,false,שלישיית סוכריות מאסט FRESH פטל לימון 45 ג' עלית,"הליקון גידה בע""\מ",TR,שלישיית סוכריות פטל,גרמים,45.00,100 גרם,false,1,9.90,22.00,true,1,
7290112351470,false,סוכריות ללא סוכר בטעם תות רימון מאסט פרש,"הליקון גידה בע""\מ",TR,שלישיית סוכריות רימו,גרמים,45.00,100 גרם,false,1,9.90,22.00,true,1,
7290112354945,false,תפוצ'יפס WAVY בטעם טבעי 50 גרם,שטראוס פריטו ליי בע”,IL,תפוציפס טבעי 50 גר W,גרמים,50.00,100 גרם,false,1,3.90,7.80,true,1,
7290112354952,false,תפוצ'יפס WAVY בטעם פפריקה 50 גרם,שטראוס פריטו ליי בע”,IL,תפוציפס פפריקה 50 גר,גרמים,50.00,100 גרם,false,1,3.90,7.80,true,1,
7290112355027,false,דנונה פרו 20 גרם חלבון בטעם קרמל מלוח 200 גרם,"שטראוס בריאות בע""\מ",IL,דנונה פרו 20 גרם חלב,גרמים,200.00,100 גרם,false,1,5.90,2.95,true,1,
7290112355102,false,גמדים סקוויז 100 גרם פאוץ סלט פירות 100 גרם,"שטראוס בריאות בע""\מ",IL,גמדים פאוץ סלט פירות,גרמים,100.00,100 גרם,false,1,5.90,5.90,true,1,
7290112355393,false,יטבתה רוטב שמנת עם בטטה 9% 250 גרם,שטראוס גרופ,IL,יטבתה רוטב שמנת עם ב,גרמים,250.00,100 גרם,false,1,10.90,4.36,true,1,
7290112355812,false,מעדן מילקי עם טופ קורנפלקס מצופה שוקולד,"שטראוס גרופ בע""\מ",IL,מילקי טופ קורנפלקס 1,גרמים,141.00,100 גרם,false,1,4.90,3.48,true,1,
7290112357045,false,עגבניות איטלקיות מרוסקות ט.הטבע קופסה 390 גר',שטראוס טעם הטבע,IT,עגבניות איטלקיות מרו,גרמים,390.00,100 גרם,false,1,7.90,2.03,true,1,
7290112357076,false,קוביות עגבניות איטלקיות ט.הטבע קופס 390 גר',שטראוס טעם הטבע,IT,קוביות עגבניות איטלק,גרמים,390.00,100 גרם,false,1,7.90,2.03,true,1,
7290112357083,false,טעם הטבע אפונה ירוקה 380 גרם קופסה,שטראוס טעם הטבע,IT,אפונת גינה טעם הטבע,גרמים,380.00,100 גרם,false,1,7.90,2.08,true,1,
7290112357106,false,שעועית אדומה מבושלת טעם הטבע 380 ג',שטראוס טעם הטבע,IT,שעועית אדומה טעם הטב,גרמים,380.00,100 גרם,false,1,7.90,2.08,true,1,
7290112357113,false,טעם הטבע גרגרי חומוס 380 גרם קופסה,שטראוס טעם הטבע,IT,גרגרי חומוס טעם הטבע,גרמים,380.00,100 גרם,false,1,7.90,2.08,true,1,
7290112357175,false,קפסולות BOOST למכונת נספרסו עלית 10 יחידות,שטראוס קפה בי.וי,IL,קפסולות בוסט למכונות,גרמים,50.00,100 גרם,false,1,16.50,33.00,true,1,
7290112357892,false,סוכריות ללא סוכר בטעם מנטה מאסט פרש,"הליקון גידה בע""\מ",TR,שלישיית סוכריות מנטה,גרמים,45.00,100 גרם,false,1,9.90,22.00,true,1,
7290112358240,false,רוטב גריל יד מרדכי 300 גרם,"בית אל מזון בע""מ",IL,רוטב גריל יד מרדכי,גרמים,300.00,100 גרם,false,1,14.60,4.87,true,1,
7290112358431,false,עד חצות דאבל ביסקוויט עם שוקולד חלב -8 אריזות אישיות,ביסקוויטס טור ד'\אלבון,FR,ביסקוויט עד חצות דאב,גרמים,180.00,100 גרם,false,1,12.90,7.17,true,1,
7290112490209,false,נמס בכוס מרק עגבניות עם קרוטונים רכיבים טבעיים,יוניליוור ישראל מזון בעמ,IL,מרק נמס בכוס עגבניות,גרמים,56.00,100 גרם,false,1,6.50,11.61,true,1,
7290112490216,false,מרק נמס בכוס בטעם עוף קנור 100% רכיבים טבעיים,יוניליוור ישראל מזון בעמ,IL,מרק קנור נמס בכוס עו,גרמים,48.00,100 גרם,false,1,6.50,13.54,true,1,
7290112490230,false,מרק נמס בכוס אפונה קנור 100% רכיבים טבעיים,יוניליוור ישראל מזון בעמ,IL,מרק נמס בכוס אפונה 5,גרמים,50.00,100 גרם,false,1,6.50,13.00,true,1,
7290112490582,false,חרדל דיג'וןן צרפתי הלמנס 350 גר,יוניליוור מזון,FR,הלמנס חרדל דיזון 350,גרמים,350.00,100 גרם,false,1,15.90,4.54,true,1,
7290112490728,false,מרק עשיר ירקות עם בורגול רכיבים טבעיים 95 ג' קנור,יוניליוור ישראל מזון בעמ,IL,מרק עשיר ירקות עם בו,גרמים,72.00,100 גרם,false,1,12.50,17.36,true,1,
7290112490735,false,מרק עשיר עגבניות עם פסטה ר.טבעיים 105 גרם קנור,יוניליוור ישראל מזון בעמ,IL,מרק עגבניות עם פסטה,גרמים,105.00,100 גרם,false,1,12.50,11.90,true,1,
7290112490742,false,מרק עשיר פטריות עם גריסים רכיבים טבעיים 104 ג' קנור,יוניליוור ישראל מזון בע\,IL,מרק פטריות עם גריסים,גרמים,104.00,100 גרם,false,1,12.50,12.02,true,1,
7290112491770,false,בייגלה דקים דקים מלח ים בייגל בייגל 300 גרם.,בייגל את בייגל מזון 198),IL,בייגלה דקים דקים מלח,גרמים,300.00,100 גרם,false,1,13.50,4.50,true,1,
7290112492463,false,"שמפו ומרכך 2 ב-1 לשיער רגיל פינוק 700 מ""ל.",יוניליוור ישראל טיפו,IL,שמפו ומרכך פינוק 2 ב,מיליליטרים,700.00,"100 מ""ל",false,1,11.90,1.70,true,1,
7290112492500,false,פינוק שמפו לשיער עם שמן קוקוס 700 מל,"יוניליור ישראל, טיפו",IL,שמפו פינוק שמן קוקוס,מיליליטרים,700.00,"100 מ""ל",false,1,11.90,1.70,true,1,
7290112492609,false,"תחליב רחצה פינוק 700 מ""ל לבנדר ווניל",יוניליוור ישראל טיפוח אי,IL,תחליב רחצה פינוק לבנ,מיליליטרים,700.00,"100 מ""ל",false,1,15.60,2.23,true,1,
7290112492982,false,אבקת מרק פטריות רכיבים טבעיים קנור 400ג',יוניליוור ישראל מזון בע\,IL,קנור מרק פטריות רכיב,גרמים,400.00,100 גרם,false,1,23.90,5.98,true,1,
7290112493088,false,נמס בכוס עדשים מרק רכיבים טבעיים קנור 54 ג',אתר חיפה אבקות - Foo,IL,מרק קנור נמס בכוס עד,גרמים,54.00,100 גרם,false,1,6.50,12.04,true,1,
7290112493095,false,נמס בכוס מרק עגבניות חריף רכיבים טבעיים קנור 48 ג',אתר חיפה אבקות - Foo,IL,מרק קנור נמס בכוס עג,גרמים,48.00,100 גרם,false,1,6.50,13.54,true,1,
7290112493293,false,קנור - נמס ירקות וקרוטונים ר.טבעי 44 גרם,יוניליוור ישראל מזון בעמ,IL,מרק קנור נמס בכוס יר,גרמים,44.00,100 גרם,false,1,6.50,14.77,true,1,
7290112493316,false,מרק היום אפונה ר.טבעיים קנור 117 גרם,יוניליוור ישראל מזון בעמ,IL,מרק היום אפונה 117 ג,גרמים,117.00,100 גרם,false,1,12.50,10.68,true,1,
7290112493927,false,גלידה בטעם ריבת חלב 1.33ל' קרמיסימו,"גלידת שטראוס בע""\מ, רחוב",IL,קרמיסימו ריבת חלב 1.,ליטרים,0.00,ליטר,false,1,23.90,23.90,true,1,
7290112493934,false,גלידת וניל צרפתי קרמיסימו 1.33 ל,"גלידת שטראוס בע""\מ, רחוב",IL,קרמיסימו וניל 1.33 ל,ליטרים,0.00,ליטר,false,1,23.90,23.90,true,1,
7290112494153,false,תיבולית בניחוח צלי קנור 72 גרם,יוניליוור ישראל מזון בע\,IL,תיבולית ניחוח צלי קנ,גרמים,72.00,100 גרם,false,1,11.40,15.83,true,1,
7290112494221,false,קליק - ביסקויט תפזורת 65 גרם,יוניליוור ישראל מזון בע\,IL,קליק ביסקוויט 65 גרם,גרמים,65.00,100 גרם,false,1,5.70,8.77,true,1,
7290112494238,false,קליק - כדורים חלב תפזורת 65 גרם,יוניליוור ישראל מזון בע\,IL,קליק כדורי חלב 65 גר,גרמים,65.00,100 גרם,false,1,5.70,8.77,true,1,
7290112494276,false,קליק כריות תפזורת 65 גר,יוניליוור ישראל מזון בע\,IL,קליק כריות 65 גר,גרמים,65.00,100 גרם,false,1,5.70,8.77,true,1,
7290112494283,false,קליק - מעורב חום לבן תפזורת 65 גרם,יוניליוור ישראל מזון בע\,IL,קליק חום לבן 65 גרם,גרמים,65.00,100 גרם,false,1,5.70,8.77,true,1,
7290112494313,false,קליק - קורנפלקס תפזורת 65 גרם,יוניליוור ישראל מזון בע\,IL,קליק קורנפלקס 65 גרם,גרמים,65.00,100 גרם,false,1,5.70,8.77,true,1,
7290112494344,false,קורנפלקס כספי אלופים תלמה850 גר',"יוניליוור שפע ישראל בע""\",IL,קורנפלקס של אלופים כ,גרמים,850.00,100 גרם,false,1,16.90,1.99,true,1,
7290112494610,false,קנור רוטב עגבניות פיקנטי לדג 415 גרם,קונסורזיו קאסאלאסקו,IT,קנור רוטב עגבניות פי,גרמים,415.00,100 גרם,false,1,12.90,3.11,true,1,
7290112494801,false,בדין-ג'ל לכביסה לבנה וצבעונית בניחוח עדין ורוד 2.5 ליטר,יוניליוור פארם,IL,גל כביסה בדין בניחוח,קילוגרמים,0.00,"ק""ג",false,1,36.50,36.50,true,1,
7290112494832,false,"דאב - תרחיץ פנים לעור רגיל 180 מ""ל",יוניליוור ישראל טיפוח אי,IL,תרחיץ פנים דאב לעור,מיליליטרים,180.00,"100 מ""ל",false,1,16.90,9.39,true,1,
7290112495006,false,כריות נוגט 686 גרם - קופסא,"יוניליוור ישראל מזון בע""",IL,כריות נוגט 686 גרם -,גרמים,686.00,100 גרם,false,1,24.90,3.63,true,1,
7290112495020,false,כריות צוקולדה בדצ מאוחד 750 גר,"יוניליוור ישראל מזון בע""",IL,כריות צוקולדה 686 ג,גרמים,686.00,100 גרם,false,1,24.90,3.63,true,1,
7290112495105,false,נשנושים חטיף בטעם שמנת בצל,בייגל את בייגל מזון 198),IL,נשנושים תפוא בצל 260,גרמים,260.00,100 גרם,false,1,12.70,4.88,true,1,
7290112495112,false,נשנושים טעם זעתר בייגל בייגל 260 גרם,בייגל את בייגל מזון 198),IL,נשנושים זעתר 260 גרם,גרמים,260.00,100 גרם,false,1,12.70,4.88,true,1,
7290112495143,false,נשנושי קרקר קוקטייל מלוח בייגל בייגל 300 גרם,בייגל את בייגל מזון 198),IL,קרקרים קוקטייל מלוח,גרמים,300.00,100 גרם,false,1,12.90,4.30,true,1,
7290112495167,false,נישנושים קרקר משולשי שומשום 300 גרם,בייגל את בייגל מזון 198),IL,נישנושים משולש שומשו,גרמים,300.00,100 גרם,false,1,12.90,4.30,true,1,
7290112495174,false,נשנושי קרקר קוקטייל שומשום בייגל בייגל 300 גרם,בייגל את בייגל מזון 198),IL,קרקרים קוקטייל שומשו,גרמים,300.00,100 גרם,false,1,12.90,4.30,true,1,
7290112495228,false,"קורנפלקס דבש תלמה 448 ג' בד""צ","יוניליוור שפע ישראל בע""\",IL,קורנפלקס דבש 448 גרם,גרמים,448.00,100 גרם,false,1,18.70,4.17,true,1,
7290112495433,false,דגני דליפקאן תוספת אגוזי פקאן ושקדים 400 גר,"יוניליור שפע ישראל בע""\מ",IL,דליפקאן 400 גרם,גרמים,400.00,100 גרם,false,1,20.90,5.23,true,1,
7290112495747,false,רוטב צ''ילי מתוק כ 70% פחות סוכר 340 ג' קנור,יוניליוור ישראל מזון בע\,IL,רוטב קנור צילי מתוק,גרמים,340.00,100 גרם,false,1,10.90,3.21,true,1,
7290112495754,false,"רטבי הלמנס לסלט 300 מ""ל אלף האיים",יוניליוור ישראל מזון בעמ,IL,הלמנס לסלט אלף האיים,מיליליטרים,305.00,"100 מ""ל",false,1,12.50,4.10,true,1,
7290112495792,false,הלמנס רוטב לסלט שום לייט 300 גר',יוניליוור ישראל מזון בעמ,IL,הלמנס לסלט שום לייט,מיליליטרים,300.00,"100 מ""ל",false,1,12.50,4.17,true,1,
7290112495822,false,כריות BLACK בטעם שוקולד וניל תלמה 686 גרם,"יוניליוור שפע ישראל בע""\",IL,כריות בלאק 686 גרם ק,גרמים,686.00,100 גרם,false,1,24.90,3.63,true,1,
7290112496287,false,פתית צ'יפס בטטה בטעם טבעי 22 גרם,JLM גלובל פודסn37\ דרך א,GB,פתית ציפס בטטה בטעם,גרמים,21.00,100 גרם,false,1,5.80,27.62,true,1,
7290112496430,false,נמס בכוס אקסטרה מרק עגבניות עם המון אטריות,יוניליוור ישראל מזון בע\,IL,נמס בכוס אקסטרה עגבנ,גרמים,37.00,100 גרם,false,1,4.20,11.35,true,1,
7290112496447,false,נמס בכוס אקסטרה טעם עוף עם המון אטריות 27ג',יוניליוור ישראל מזון בע\,IL,נמס בכוס אקסטרה טעם,גרמים,27.00,100 גרם,false,1,4.20,15.56,true,1,
7290112496461,false,נמס בכוס אקסטרה מרק ירקות עם המון אטריות,יוניליוור ישראל מזון בע\,IL,מרק נמס בכוס אקסטרה,גרמים,32.00,100 גרם,false,1,3.90,12.19,true,1,
7290112497994,false,"גרנולה תלמה פרוטאין בתוספת חלבון ואגוזים, 300 גרם","רפאלס בריא וטעים בע""\מ,",IL,גרנולה פרוטאין בתוספ,גרמים,300.00,100 גרם,false,1,19.80,6.60,true,1,
7290112498007,false,גרנולה פרוטאין בתוספת חלבון שקדים וחמוציות תלמה 300 ג',"רפאלס בריא וטעים בע""\מ,",IL,גרנולה פרוטאין ת.חלב,גרמים,300.00,100 גרם,false,1,19.80,6.60,true,1,
7290112498281,false,"אל סבון לידיים בתוספת שמן קוקוס פינוק 950 מ""ל",יוניליוור ישראל טיפוח אי,TR,סבון ידיים בתוספת שמ,מיליליטרים,950.00,"100 מ""ל",false,1,12.90,1.36,true,1,
7290112498526,false,"פתית צ'יפס עם בטטה סגולה בטעם שמנת ובצל, 22 גרם",JLM גלובל פודסn37\ דרך א,GB,פתית ציפס בטטה סגולה,גרמים,22.00,100 גרם,false,1,5.80,26.36,true,1,
7290112498915,false,מאגדת מיני מגנום שקדים מובחרים 250 ג',"מיוצר ע""\י גלידת שטראוס",IL,מאגדת מיני מגנום שקד,גרמים,250.00,100 גרם,false,1,26.90,10.76,true,1,
7290112499462,false,פינוק תחליב רחצה 700 בתוספת שמן קוקוס,יוניליוור ישראל טיפוח אי,IL,תחליב רחצה פינוק שמן,מיליליטרים,700.00,"100 מ""ל",false,1,15.60,2.23,true,1,
7290112499844,false,מאגדת מיני מגנום דואט שוקולד עם נוגט שטראוס 310 גרם,"מיוצר ע""\י גלידת שטראוס",IL,מאגדת מיני מגנום דאב,גרמים,310.00,100 גרם,false,1,26.90,8.68,true,1,
7290112499943,false,מיני מאגדת מיני מגנום טעמים שונים וניל+שוקו,"מיוצר ע""\י גלידת שטראוס",IL,מיני מגנום וניל+שוקו,גרמים,270.00,100 גרם,false,1,26.90,9.96,true,1,
7290112960115,false,שקדי מרק אסם 30% קמח חיטה מלאה 350 גרם,אסם,IL,שקדי מרק 30% קמח חי,גרמים,350.00,100 גרם,false,1,10.00,2.86,true,1,
7290112960856,false,גלידה בשומן צמחי בטעם ריבת חלב ומטבע שוקולד,גלידות נסטלה )נגה גלידות,IL,גלידה אקסטרים מטבע ש,גרמים,115.00,100 גרם,false,1,10.00,8.70,true,1,
7290112961464,false,פיטנס חטיפי פריכיות דגנים וחומוס מתובלות,"פרח תעשיות מזון בע""\מ",IL,פיטנס חטיפי פריכיות,גרמים,60.00,100 גרם,false,1,8.90,14.83,true,1,
7290112962287,false,טבעול שווארמה טבעונית 6*450 גרם,"טבעול תעשיות מזון בע""\מ",IL,טבעול שווארמה טבעוני,גרמים,450.00,100 גרם,false,1,31.90,7.09,true,1,
7290112962546,false,מאגדת לה פרוטה מלון תפוח 350 גרם 5 יחידות,שוורצקוף& הנקל דיסלד,IL,מאגדת לה פרוטה מלון,גרמים,350.00,100 גרם,false,1,27.50,7.86,true,1,
7290112963321,false,גריסיני בייגלה שטוח ללא גלוטן אסם 300גרם,מיוצר עי קונדיטוריית,IL,גרטיפי בייגלה שטוח ה,גרמים,300.00,100 גרם,false,1,19.80,6.60,true,1,
7290112963918,false,פיטנס חטיפי קרקר דק רוזמרין 140 גרם,נסטלה Nestle,IL,פיטנס קרקר דק רוזמרי,גרמים,140.00,100 גרם,false,1,11.90,8.50,true,1,
7290112964410,false,אסם רוטב אלף האיים חדש לסלט 290 גרם,"אסם תעשיות בע""מ",IL,רוטב אלף האיים לסלט,מיליליטרים,290.00,"100 מ""ל",false,1,12.50,4.31,true,1,
7290112964434,false,אסם רוטב קיסר חדש לסלט 295 גרם,"אסם תעשיות בע""מ",IL,רוטב לסלט קיסר 295 מ,מיליליטרים,295.00,"100 מ""ל",false,1,12.50,4.24,true,1,
7290112964564,false,"רוטב אלף האיים לייט לסלט אסם 295 מ""ל","אסם תעשיות בע""מ",IL,רוטב אלף האיים לייט,מיליליטרים,295.00,"100 מ""ל",false,1,12.50,4.24,true,1,
7290112964601,false,רוטב בנוסח סצ'ואן הסדרה האסייתית,"אסם השקעות בע""\מ",IL,רוטב בנוסח סצואן אסם,מיליליטרים,290.00,"100 מ""ל",false,1,14.60,5.03,true,1,
7290112964625,false,אסם רוטב שום לייט חדש לסלט 310 גרם,"אסם תעשיות בע""מ",IL,רוטב שום לייט לסלט 3,מיליליטרים,310.00,"100 מ""ל",false,1,12.50,4.03,true,1,
7290112964724,false,המבורגר צמחוני עם המון חלבון 580 גר,מיוצר עי קונדיטוריית,IL,טבעול המבורגר טבעוני,גרמים,580.00,100 גרם,false,1,36.50,6.29,true,1,
7290112965141,false,תבשיל פתיתים אפויים עם ירקות 130 גרם,"אסם תעשיות בע""מ",IL,תבשיל פתיתים אפויים,גרמים,130.00,100 גרם,false,1,11.90,9.15,true,1,
7290112965585,false,פרפקטו פסטה קסרצה אסם 500 גרם,אסם פרפקטו Perfecto,IT,פרפקטו פסטה קסרצה 50,גרמים,500.00,100 גרם,false,1,7.90,1.58,true,1,
7290112965660,false,פיטנס - חטיף מולטיגריין מלח פלפל 25 גרם,מיוצר עי קונדיטוריית,IL,פיטנס חטיף מולטיגריי,גרמים,25.00,100 גרם,false,1,4.90,19.60,true,1,
7290112965684,false,פיטנס - חטיף מולטיגריין עשבי תיבול 25 גרם,מיוצר עי קונדיטוריית,IL,פיטנס חטיף מולטיגריי,גרמים,25.00,100 גרם,false,1,4.90,19.60,true,1,
7290112965707,false,פיטנס - חטיף מולטיגריין צילי מעודן 25 גרם,"אסם השקעות בע""\מ",IL,פיטנס חטיף מולטיגריי,גרמים,25.00,100 גרם,false,1,4.90,19.60,true,1,
7290112965783,false,אוסם - ביסלי פריסטייל על האש 60 גרם,"אסם השקעות בע""\מ",IL,ביסלי פריסטייל על הא,גרמים,60.00,100 גרם,false,1,4.20,7.00,true,1,
7290112966001,false,"טבעול גורמה ארוחת ירוקים, 450 גרם",טבעול (מקבוצת אסם הש,IL,טבעול גורמה ארוחת יר,גרמים,450.00,100 גרם,false,1,34.90,7.76,true,1,
7290112966094,false,עוגת הבית תפוז מופחת סוכר אסם 400 גרם,מיוצר עי קונדיטוריית,IL,הבית עוגת תפוז מופחת,גרמים,400.00,100 גרם,false,1,12.50,3.13,true,1,
7290112966247,false,לחמית כוסמין אסם 200 גרם,"אסם תעשיות בע""מ",IL,לחמית כוסמין 200 גרם,גרמים,200.00,100 גרם,false,1,9.90,4.95,true,1,
7290112966445,false,במבה מתוקה אריזה גדולה 100 ג' אסם,"אסם השקעות בע""\מ",IL,במבה מתוקה אריזה גדו,גרמים,100.00,100 גרם,false,1,7.90,7.90,true,1,
7290112966803,false,אסם פודינג אינסטנט שוקולד 95 גרם,"אסם השקעות בע""\מ",IL,אסם פודינג אינסטנט ש,גרמים,88.00,100 גרם,false,1,5.20,5.91,true,1,
7290112967114,false,פיטנס חטיפי פריכיות קטניות ופלפל 60 גרם,"פרח תעשיות מזון בע""\מ",IL,פיטנס חטיפי פריכיות,גרמים,60.00,100 גרם,false,1,8.90,14.83,true,1,
7290112967848,false,ג'לי תות שדה מופחת סוכר אסם 90 גרם,מיוצר עי קונדיטוריית,IL,אסם גלי תות שדה מופח,גרמים,90.00,100 גרם,false,1,6.80,7.56,true,1,
7290112968685,false,חומוס גרגרים רכים בטבילה צבר 400 גרם,שוורצקוף& הנקל דיסלד,IL,חומוס גרגרים רכים בח,גרמים,400.00,100 גרם,false,1,16.70,4.18,true,1,
7290112968807,false,פיטנס - קרקר דק סלק 140 גרם,מפעל אסם יקנעם,IL,פיטנס קרקר דק סלק 14,גרמים,140.00,100 גרם,false,1,11.90,8.50,true,1,
7290112968821,false,פיטנס - קרקר דק בטטה 140 גרם,מפעל אסם יקנעם,IL,פיטנס קרקר דק בטטה 1,גרמים,140.00,100 גרם,false,1,11.90,8.50,true,1,
7290113190443,false,חרוסת שקדיה 250 גרם,פוליבה בעמ,IL,חרוסת שקדיה 250 גרם,גרמים,250.00,100 גרם,false,1,11.40,4.56,true,1,
7290113192300,false,זיתים מושחרים חרוזית 275 גרם בית השיטה,בית השיטה,IL,זיתים מושחרים חרוזית,גרמים,275.00,100 גרם,false,1,12.10,4.40,true,1,
7290113192317,false,טבעות זיתים מושחרים 280 גרם בית השיטה,בית השיטה,IL,טבעות זיתים מושחרים,גרמים,280.00,100 גרם,false,1,11.90,4.25,true,1,
7290113192348,false,בית השיטה זיתים ירוקים גדול מאודבטעם שום,בית-השיטה עסיס תעשיות מז,IL,זית ירוק 17-19 2A ב,גרמים,340.00,100 גרם,false,1,11.00,3.24,true,1,
7290113192355,false,חרוזית זיתים ירוקים ללא גלעין 275 ג' בית השיטה,בית-השיטה עסיס תעשיות מז,IL,זית חרוזית ירוק A2 ב,גרמים,275.00,100 גרם,false,1,10.30,3.75,true,1,
7290113192362,false,זיתים ירוקים טבעות A2 בית השיטה 280 גרם,בית-השיטה עסיס תעשיות מז,IL,זיתים ירוקים טבעות A,גרמים,280.00,100 גרם,false,1,10.60,3.79,true,1,
7290113192386,false,בית השיטה זיתים ירוקים סורי מבוקע 340גרם,בית השיטה,IL,זית סורי מבוקע A2 בי,גרמים,666.00,100 גרם,false,1,12.50,1.88,true,1,
7290113192393,false,בית השיטה קוקטייל זיתים א2 336 גרם,בית-השיטה עסיס תעשיות מז,IL,קוקטייל זיתים A2 בית,גרמים,336.00,100 גרם,false,1,11.90,3.54,true,1,
7290113192478,false,מלפפונים במלח 10-12 בית השיטה 320 גרם,בית-השיטה עסיס תעשיות מז,IL,מלפפונים במלח 10-12,גרמים,320.00,100 גרם,false,1,7.60,2.38,true,1,
7290113192492,false,מלפפונים בחומץ 13-17 בית השיטה 290 גרם,בית-השיטה עסיס תעשיות מז,IL,מלפפון בחומץ 17-13 ב,גרמים,290.00,100 גרם,false,1,10.50,3.62,true,1,
7290113192508,false,ב.השיטה מלפפון במלח ר.טבע א2 17-13 320 גרם,בית-השיטה עסיס תעשיות מז,IL,מלפפון במלח 17-13 בי,גרמים,320.00,100 גרם,false,1,10.50,3.28,true,1,
7290113192515,false,מלפפונים במלח 18-25 בית השיטה 320 גרם,בית-השיטה עסיס תעשיות מז,IL,מלפפון במלח 18-25 32,גרמים,320.00,100 גרם,false,1,12.50,3.91,true,1,
7290113192522,false,מלפפונים בחומץ 18-25 בית השיטה 290 גרם,בית-השיטה עסיס תעשיות מז,IL,מלפפון בחומץ 18-25 2,גרמים,290.00,100 גרם,false,1,12.50,4.31,true,1,
7290113192539,false,מלפפונים במלח 7-9 בית השיטה 320 גרם,בית-השיטה עסיס תעשיות מז,IL,מלפפון במלח 7-9 בית,גרמים,320.00,100 גרם,false,1,6.90,2.16,true,1,
7290113192546,false,"מלפפונים בחומץ רכיבים טבעיים 7-9 ""בית השיטה""",בית-השיטה עסיס תעשיות מז,IL,מלפפון בחומץ 7-9 בי,גרמים,290.00,100 גרם,false,1,6.90,2.38,true,1,
7290113192553,false,מלפפונים במלח 13-17 פיקנטי בית השיטה 320 גרם,בית-השיטה עסיס תעשיות מז,IL,מלפפונים במלח באלדי,גרמים,320.00,100 גרם,false,1,10.50,3.28,true,1,
7290113192577,false,בית השיטה כרוב כבוש א2 12*430גרם חדש,"בית-השיטה תעשיות בע""\מ",IL,כרוב כבוש A2 בית השי,גרמים,430.00,100 גרם,false,1,8.20,1.91,true,1,
7290113192881,false,"טורטיה חיטה מופחת קלוריות, קוטר 20 ס""מ - 6 יח'",דין שיווק,TR,טורטיה חיטה מופחתת ק,גרמים,270.00,100 גרם,false,1,10.00,3.70,true,1,
7290113193017,false,בית השיטה חרוזית קוקטייל זיתים 275 גרם,"בית השיטה תעשיות בע""\מ",IL,קוקטייל זיתים 275 גר,גרמים,275.00,100 גרם,false,1,13.90,5.05,true,1,
7290113193031,false,חרוזית קלמטה - זיתים שחורים ללא גלעין קלמטה,"בית השיטה תעשיות בע""\מ",IL,חרוזית קלמטה 275 גרם,גרמים,275.00,100 גרם,false,1,13.90,5.05,true,1,
7290113193369,false,"תרסיס שמן קנולה מזוכך בית השיטה 150מ""ל",פוד אירוסולס ספיין,ES,בית השיטה תרסיס שמן,מיליליטרים,150.00,"100 מ""ל",false,1,14.90,9.93,true,1,
7290113193406,false,"קוקטייל טבעות זיתים - זיתים ירוקים, שחורים מרינד","בית השיטה תעשיות בע""\מ",IL,בית השיטה טבעות קוקט,גרמים,280.00,100 גרם,false,1,10.70,3.82,true,1,
7290113195042,false,מלפפון במלח כבישה ביתית בית השיטה 750 גרם,שוורצקוף& הנקל דיסלד,IL,מלפפפון מלח כבישה בי,גרמים,750.00,100 גרם,false,1,31.50,4.20,true,1,
7290113195196,false,"רסק תפוחי עץ ללת""ס 710 גרם",,PL,"רסק תפוחי עץ ללת""ס 7",גרמים,710.00,100 גרם,false,1,11.40,1.61,true,1,
7290113195363,false,שמן חמניות מזוכך זית השיטה 1 ליטר,בית השיטה,IL,שמן חמניות מזוכך זית,מיליליטרים,1000.00,"100 מ""ל",false,1,14.90,1.49,true,1,
7290113196513,false,פריכיות כוסמת בתוספת שקדים שקדיה 150 גרם,זנבר המכללה לטבעונות,IL,פריכיות כוסמת בתוספת,גרמים,150.00,100 גרם,false,1,11.90,7.93,true,1,
7290113199781,false,ממרח אגוזים ובוטנים 200 גרם השקדיה,פפויאנס,GR,ממרח אגוזים ובוטנים,גרמים,200.00,100 גרם,false,1,16.90,8.45,true,1,
7290113300224,false,פאוצ' לה קט סלמון ברוטב 85 ג',"ביופט- מזון לבע""ח",CZ,פאוצ נתחוני לה קט עם,Unknown,0.00,Unknown,false,1,4.90,4.90,true,1,
7290113300255,false,פאוצ' נתחוני לה קט דג פורל,יו פי אף,FR,פאוצ נתחוני לה קט עם,Unknown,0.00,Unknown,false,1,4.90,4.90,true,1,
7290113302259,false,חטיף בונזו נאגטס בקר ודג 80 גר,שינייה פט פוד,CN,חטיף בונזו נאגטס בקר,Unknown,0.00,Unknown,false,1,12.90,12.90,true,1,
7290113302273,false,חטיף עוף קלציום כתום בונזו 80 ג',שינייה פט פוד,CN,חטיף בונזו עצם קלציו,Unknown,0.00,Unknown,false,1,12.90,12.90,true,1,
7290113302297,false,חטיף אנרגיה בונזו עוף ותפוח 80 גר,שינייה פט פוד,CN,חטיף אנרגיה בונזו עו,Unknown,0.00,Unknown,false,1,12.90,12.90,true,1,
7290113302334,false,חטיפי עוף פריכים בצורת עצם 85 גר,לנגי,CN,חטיפי עוף פריכים בצו,Unknown,0.00,Unknown,false,1,12.90,12.90,true,1,
7290113302372,false,חטיפי בנוזו סנדויץ במילוי אווז 80 גר,לנגי,CN,רצועות בונזו סנדוויץ,Unknown,0.00,Unknown,false,1,12.90,12.90,true,1,
7290113560109,false,פרודונטקס מ.שיניים בטעם צמחי 75 מל,פרודונטקס Parodontax,SK,משחת שיניים פרודונטק,Unknown,0.00,Unknown,false,1,29.90,29.90,true,1,
7290113593367,false,"בקבוק טריטן גבוה באטמן 600 מ""ל",,CN,בקבוק טריטן גבוה באט,מיליליטרים,600.00,"100 מ""ל",false,1,34.90,5.82,true,1,
7290113594357,false,בקבוק נירוסטה עם קש 450 מל מפרץ הרפתקאות,,CN,בקבוק נירוסטה עם קש,מיליליטרים,450.00,"100 מ""ל",false,1,34.90,7.76,true,1,
7290114151566,false,"שמפו לכל סוגי השיער בוטני 500 מ""ל",אף.סי תבליני בגליל ב,IL,שמפו לכל סוגי השיער,מיליליטרים,500.00,"100 מ""ל",false,1,26.90,5.38,true,1,
7290114151627,false,"מרכך לשיער צבוע ויבש מאוד בוטני 500 מ""ל",,IL,מרכך לשיער צבוע ויבש,מיליליטרים,500.00,"100 מ""ל",false,1,26.90,5.38,true,1,
7290114151634,false,"מרכך לשיער רגיל-יבש בוטני 500 מ""ל",אף.סי תבליני בגליל ב,IL,מרכך לשיער רגיל-יבש,מיליליטרים,500.00,"100 מ""ל",false,1,26.90,5.38,true,1,
7290114151641,false,"סבון גוף משפחתי בוטני 500 מ""ל",אף.סי תבליני בגליל ב,IL,סבון גוף משפחתי בוטנ,מיליליטרים,500.00,"100 מ""ל",false,1,26.90,5.38,true,1,
7290114151658,false,"סבון גוף לעור יבש בוטני 500 מ""ל",אף.סי תבליני בגליל ב,IL,סבון גוף לעור יבש בו,מיליליטרים,500.00,"100 מ""ל",false,1,26.90,5.38,true,1,
7290114151672,false,"סבון ידיים לעור יבש בוטני 500 מ""ל",אף.סי תבליני בגליל ב,IL,סבון ידיים לעור יבש,מיליליטרים,500.00,"100 מ""ל",false,1,23.90,4.78,true,1,
7290114310215,false,"שמנת מתוקה 38% רמת הגולן 250 מ""ל ווסטהיים - מוצר בפיקוח",מילקו תעשיות בעמ,IL,שמנת מתוקה 38% 250 מ,גרמים,250.00,100 גרם,false,1,6.47,2.59,true,1,
7290114310222,false,חלב מועשר בסידן וויטמין Dי 3% 1.5 ל' טרה,מילקו תעשיות בעמ,IL,חלב מועשר בסידן וויט,מיליליטרים,1500.00,"100 מ""ל",false,1,12.50,0.83,true,1,
7290114310239,false,חלב נטול לקטוז מועשר בוויטמין D י 2% 1.5 ל' טרה,מילקו תעשיות בעמ,IL,חלב נטול לקטוז מועשר,מיליליטרים,1500.00,"100 מ""ל",false,1,12.50,0.83,true,1,
7290114310338,false,צפתית מעודנת 5% בגביע 225 גרם משק צוריאל,מחלבת משק צוריאל,IL,גבינה צפתית מעודנת 5,גרמים,225.00,100 גרם,false,1,19.10,8.49,true,1,
7290114310383,false,Muller Froop מולר יוגורט מוקצף בטעם וניל 90 גרם,מולר Muller,IL,מולר יוגורט מוקצף בט,גרמים,97.00,100 גרם,false,1,5.80,5.98,true,1,
7290114310390,false,מולר פרופ קציפת יוגורט בטעם בננה לוטי 97 גרם,מולר Muller,IL,מולר WIP- יוגורט מוק,גרמים,97.00,100 גרם,false,1,5.80,5.98,true,1,
7290114310406,false,מולר פרופ קציפת יוגורט בטעם תות 97 גרם,מולר Muller,IL,מולר WIP- יוגורט מוק,גרמים,97.00,100 גרם,false,1,5.80,5.98,true,1,
7290114310536,false,יוגורט לייט מעושר חלבון 25 גרם חלבון וניל MULLER ACTIVE,מולר Muller,IL,מולר אקטיב לייט,גרמים,200.00,100 גרם,false,1,6.50,3.25,true,1,
7290114310611,false,"משקה חלב בננה בבקבוק פקק ספורט טרה 250 מ""ל",מילקו תעשיות בעמ,IL,משקה חלב בננה טרה 25,מיליליטרים,250.00,"100 מ""ל",false,1,5.90,2.36,true,1,
7290114311014,false,"משקה חלב אייס קפוצ'ינו פקק ספורט טרה 250 מ""ל",מילקו תעשיות בעמ,IL,משקה חלב אייס קפוצינ,גרמים,200.00,100 גרם,false,1,5.90,2.95,true,1,
7290114311021,false,"משקה חלב וניל עוגיות פקק ספורט טרה 250 מ""ל",מילקו תעשיות בעמ,IL,משקה חלב וניל עוגיות,מיליליטרים,250.00,"100 מ""ל",false,1,5.90,2.36,true,1,
7290114311038,false,"שמנת מתוקה 32% עמידה בבקבוק טרה 250 מ""ל",מילקו תעשיות בעמ,IL,שמנת מתוקה 32% 250 מ,מיליליטרים,250.00,"100 מ""ל",false,1,6.90,2.76,true,1,
7290114311069,false,מעדן יוגורט בטעם טבעי חלבון 200 ג' מולר אקטיב,מולר Muller,IL,מולר אקטיב 25 ג חלבו,גרמים,150.00,100 גרם,false,1,5.90,3.93,true,1,
7290114311076,false,"חמאת מולר צהובה עם שום, 200 גרם",מולר Muller,IL,מולר חמאה צהובה עם ש,גרמים,200.00,100 גרם,false,1,12.90,6.45,true,1,
7290114311083,false,חמאת מולר צהובה במליחות מעודנת 200 גרם,מילקו,IL,מולר חמאה צהובה עם מ,גרמים,200.00,100 גרם,false,1,12.90,6.45,true,1,
7290114311106,false,יוגורט נטורל בתוספת גרנולה וסירופ סילאן 177 ג' MULLER,מילקו,IL,מולר נטורל + יוגורט,גרמים,177.00,100 גרם,false,1,6.90,3.90,true,1,
7290114311298,false,יוגורט מולר פרופ בטעם תות בננה מלון 150,מולר Muller,IL,יוגורט מולר פרופ בטע,גרמים,150.00,100 גרם,false,1,5.80,3.87,true,1,
7290114311304,false,יוגורט קציפת מנגו פסיפלורה בננה 150 ג' מולר,מולר Muller,IL,יוגורט מולר פרופ בטע,גרמים,150.00,100 גרם,false,1,5.80,3.87,true,1,
7290114311359,false,יוגורט עם קציפת מנגו 3% שומן פרופ 150 ג' מולר,מולר Muller,IL,יוגורט מולר פרופ בטע,גרמים,150.00,100 גרם,false,1,5.80,3.87,true,1,
7290114311434,false,מולר אקטיב יוגורט חלבון קרמל מלוח 200 גרם,מולר Muller,IL,מולר אקטיב יוגורט בט,גרמים,200.00,100 גרם,false,1,6.20,3.10,true,1,
7290114311458,false,קרטון חלב 3% מועשר ויטמין די 1ליטר,Unknown,IL,חלב בקרטון מועשר ויט,מיליליטרים,1000.00,"100 מ""ל",false,1,8.40,0.84,true,1,
7290114311502,false,משקה חלב בטעם סחלב בבקבוק 1 ליטר,מילקו תעשיות בעמ,IL,משקה חלב בטעם סחלב ט,מיליליטרים,1000.00,"100 מ""ל",false,1,12.50,1.25,true,1,
7290114311526,false,יוגורט פרופ קציפת תפוז גי'נג'ר 3% מולר 150 גרם,מולר Muller,IL,מולר פרופ קציפת תפוז,גרמים,150.00,100 גרם,false,1,5.80,3.87,true,1,
7290114311533,false,יוגורט פרופ קציפת פרי בטעם סנגריה 3% מולר 150 גרם,מולר Muller,IL,מולר פרופ קציפת פרי,גרמים,97.00,100 גרם,false,1,5.80,5.98,true,1,
7290114311557,false,יוגורט נטורל ו גרנולה בתוספת סירופ מייפל 170 ג' מולר,מולר Muller,IL,מולר נטורל יוגורט בי,גרמים,177.00,100 גרם,false,1,6.90,3.90,true,1,
7290114600989,false,"רוטב אלף האיים מאסטר שף 250 מ""ל",קפה לנדוור,NL,רוטב אלף האיים מאסטר,מיליליטרים,250.00,"100 מ""ל",false,1,9.90,3.96,true,1,
7290114600996,false,"רוטב שום מאסטר שף 250 מ""ל",קפה לנדוור,NL,רוטב שום מאסטר שף 25,מיליליטרים,250.00,"100 מ""ל",false,1,9.90,3.96,true,1,
7290114603607,false,PLAY חטיף פוף בטעם חמוץ חריף 40 גרם,מנה,,PLAY חטיף פוף בטעם ח,גרמים,40.00,100 גרם,false,1,4.60,11.50,true,1,
7290114604895,false,ממרח ספייסי לחיץ מאסטר שף 446 גרם,מאסטר שף,NL,ממרח ספייסי לחיץ מאס,גרמים,446.00,100 גרם,false,1,13.90,3.12,true,1,
7290114604901,false,ממרח שום לחיץ מאסטר שף 444 גרם,מאסטר שף,NL,ממרח שום לחיץ מאסטר,גרמים,444.00,100 גרם,false,1,13.40,3.02,true,1,
7290114606387,false,"מארז משחת שיניים אופטיק וויט פחם 2*75 מ""ל קולגייט",קולגייט פלמוליב,PL,משחת שיניים אופטיק ו,מיליליטרים,150.00,"100 מ""ל",false,1,52.50,35.00,true,1,
7290114606530,false,רוטב בטעם מיונז וקטשופ מאסטר שף 515 גרם,מאסטר שף,NL,רוטב בטעם מיונז וקטש,גרמים,515.00,100 גרם,false,1,13.40,2.60,true,1,
7290114606547,false,מיונז פטריות כמהין לחיץ מאסטר שף 242 גרם,מאסטר שף,NL,מיונז פטריות כמהין ל,גרמים,242.00,100 גרם,false,1,13.90,5.74,true,1,
7290114606554,false,מיונז מופחת קלוריות בקבוק לחיץ,מאסטר שף,NL,מיונז לייט לחיץ מאסט,גרמים,470.00,100 גרם,false,1,13.90,2.96,true,1,
7290114606578,false,שקדי מרק מאסטר שף 400 גרם,מאסטר שף,IL,שקדי מרק מאסטר שף 40,גרמים,400.00,100 גרם,false,1,9.90,2.48,true,1,
7290114608657,false,סילאן מאסטר שף 700 גרם,,AE,סילאן מאסטר שף 700,גרמים,700.00,100 גרם,false,1,18.90,2.70,true,1,
7290114653565,false,בקבוק 350 פלסטיק מל נצנצים דופן כפולה - LOL,,CN,בקבוק נצנצים דופן כפ,מיליליטרים,350.00,"100 מ""ל",false,1,29.90,8.54,true,1,
7290114659949,false,מסכה לפנים חד-פעמי 50 יחי,נ'יאנג יונג,CN,מסכה לפנים חד פעמי 5,יחידה,1.00,יחידה,false,1,9.90,9.90,true,1,
7290115180275,false,יחידות טבק לחימום טורקיז PP,פיליפ מוריס,IL,יחידות טבק לחימום טו,Unknown,0.00,Unknown,false,1,28.50,28.50,true,1,
7290115190014,false,סיגריות מרלבורו רד קצר בוקס,פיליפ מוריס,IL,מרלבורו רד קצר בוקס,Unknown,0.00,Unknown,false,1,36.90,36.90,true,1,
7290115190076,false,סיגריות מרלבורו גולד ארוך 100 בוקס,פיליפ מוריס,TR,מרלבורו גולד 100 חפי,Unknown,0.00,Unknown,false,1,36.90,36.90,true,1,
7290115190090,false,סיגריות מרלבורו קצר בוקס בודד,פיליפ מוריס,US,מרלבורו גולד קצר,Unknown,0.00,Unknown,false,1,36.90,36.90,true,1,
7290115190137,false,סיגריות מרלבורו טאצ סילבר יחידה,פיליפ מוריס,IL,מלבורו פיין טאצ 7.1,יחידה,1.00,יחידה,false,1,31.90,31.90,true,1,
7290115190151,false,סיגריות מרלבורו טאצ גולד,פיליפ מוריס,IL,מלבורו גולד טאצ 7.1,יחידה,1.00,יחידה,false,1,31.90,31.90,true,1,
7290115190199,false,פרלמנט נייט ארוך חפיסה,פיליפ מוריס,TR,פרלמנט ארוך RCB חפיס,Unknown,0.00,Unknown,false,1,41.90,41.90,true,1,
7290115190236,false,סיגריות פרלמנט קצר בלו בודד,פיליפ מוריס,IL,פרלמנט קצר בלו חפיסה,Unknown,0.00,Unknown,false,1,41.90,41.90,true,1,
7290115190250,false,סיגריות פרלמנט קצר בודד,פיליפ מוריס,US,פרלמנט נייט PP חפיסה,Unknown,0.00,Unknown,false,1,41.90,41.90,true,1,
7290115190335,false,ל.מ.בלו לייבל ארוך בוקס חפיסה,פיליפ מוריס,TR,ל.מ.בלו לייבל ארוך ב,Unknown,0.00,Unknown,false,1,31.90,31.90,true,1,
7290115190342,false,אל אם כחול קצר לייבל,פיליפ מוריס,TR,ל.מ בלו PP קרטוש,Unknown,0.00,Unknown,false,1,315.00,315.00,true,1,
7290115190359,false,סיגריות L.M בלו לייבל קצר,פיליפ מוריס,US,L&M בלו לייבל קצר-חפ,Unknown,0.00,Unknown,false,1,31.90,31.90,true,1,
7290115190373,false,סיגריות ל.מ. קפסולהP,פיליפ מוריס,TR,ל.מ.פורוורד חפיסה,Unknown,0.00,Unknown,false,1,31.90,31.90,true,1,
7290115190397,false,סיגריות L.M קצר רד לייבל בודד,פיליפ מוריס,US,ל.מ רדPP חפיסה,Unknown,0.00,Unknown,false,1,31.90,31.90,true,1,
7290115190434,false,סיגריות L.M וייב סלימס בודד,פיליפ מוריס,US,ל.מ וייב PP חפיסה,Unknown,0.00,Unknown,false,1,31.90,31.90,true,1,
7290115190458,false,סיגריות נקסט פיין אדג' בודד,פיליפ מוריס,TR,נקסט ארג חפיסה,Unknown,0.00,Unknown,false,1,24.90,24.90,true,1,
7290115190472,false,סיגריות נקסט פיין אדג',פיליפ מוריס,TR,נקסט פיין ארג חפיסה,Unknown,0.00,Unknown,false,1,24.90,24.90,true,1,
7290115190496,false,סיגריות נקסט ארוך בודד,פיליפ מוריס,IL,נקסט פיין 100 חפיסה,Unknown,0.00,Unknown,false,1,30.90,30.90,true,1,
7290115190519,false,סיגריות נקסט פיין חפ,פיליפ מוריס,PL,נקסט חפיסה,Unknown,0.00,Unknown,false,1,30.90,30.90,true,1,
7290115190557,false,סיגריות נקסט ריסס בודד,פיליפ מוריס,TR,נקסט ריסס חפיסה,Unknown,0.00,Unknown,false,1,28.90,28.90,true,1,
7290115190571,false,סיגריות נקסט לילך בודד,פיליפ מוריס,US,נקסט לילך PP חפיסה,Unknown,0.00,Unknown,false,1,30.90,30.90,true,1,
7290115190595,false,סיגריות נקסט אוריגינ,פיליפ מוריס,PL,נקסט FF חפיסה,Unknown,0.00,Unknown,false,1,30.90,30.90,true,1,
7290115200676,false,עוגיות קרמוגית במילוי קרם בטעם קרמל מלוח,"הגביע מוצרי וופלים בע""\מ",IL,קרמוגית קרמל מלוח 20,גרמים,200.00,100 גרם,false,1,11.40,5.70,true,1,
7290115201550,false,ביסלי קרנבל מיקס 150 ג' אסם,פרו מן יו פתרונות אר,IL,ביסלי קרנבל מיקס 150,גרמים,150.00,100 גרם,false,1,7.50,5.00,true,1,
7290115201680,false,ביסלי בטעם ברביקיו אסם 70 גרם,"אסם השקעות בע""\מ",IL,ביסלי ברביקיו 70 גרם,גרמים,70.00,100 גרם,false,1,4.20,6.00,true,1,
7290115202236,false,טופו קראנצ'ים טבעול 470 גרם,עיצובים 2020 (4.8),IL,טופו קראנצ טבעול 470,גרמים,470.00,100 גרם,false,1,36.50,7.77,true,1,
7290115202786,false,מנה חמה פאוץ נודלס אטריות טעם בקר 70 גרם,תאי פרזידנט,TH,מנה חמה פאוצ נדלס.אט,גרמים,70.00,100 גרם,false,1,5.20,7.43,true,1,
7290115202816,false,מנה חמה פאוץ נודלס אטריות טעם עוף 70 גרם,תאי פרזידנט,TH,מנה חמה פאוצ נדלס.אט,גרמים,70.00,100 גרם,false,1,5.20,7.43,true,1,
7290115202939,false,מנה חמה רייס נודלס עוף פטריות אסם 50 גרם,מיוצר עי קונדיטוריית,TH,מנה חמה רייס נודלס ע,גרמים,50.00,100 גרם,false,1,9.40,18.80,true,1,
7290115203134,false,פופקו פופקורן במבה - פופקורן בציפוי קרמל ובוטנים,"אסם השקעות בע""\מ",IL,פופקו פופקורן במבה 8,גרמים,80.00,100 גרם,false,1,5.20,6.50,true,1,
7290115203172,false,במבה PRO מכיל 18 גרם חלבון בשקית,"אסם השקעות בע""\מ",IL,במבה פרו 80 גרם,גרמים,80.00,100 גרם,false,1,4.30,5.38,true,1,
7290115203486,false,פירורית בטעם ביסלי גריל אסם 200 גרם,עינת תעשיות מזון אגו,IL,אסם פירורית בטעם ביס,גרמים,200.00,100 גרם,false,1,6.40,3.20,true,1,
7290115203806,false,"רוטב בסיס לבישול אסם 290 מ""ל","אסם השקעות בע""\מ",IL,"אסם רוטב בסיס 290 מ""",מיליליטרים,290.00,"100 מ""ל",false,1,14.60,5.03,true,1,
7290115204018,false,מנה חמה איטלקי פסטה בסגנון אלפרדו 60 ג' אסם,"אסם תעשיות בע""מ",IL,מנה חמה איטלקי פסטה,גרמים,60.00,100 גרם,false,1,7.30,12.17,true,1,
7290115204056,false,"קטשופ מופחת סוכר אסם 690 גרם כשל""פ","אסם תעשיות בע""מ",IL,קטשופ אסם מופחת סוכר,גרמים,690.00,100 גרם,false,1,10.90,1.58,true,1,
7290115204131,false,"סחוג ירוק 190 גרם ""צבר""",פרסקו,IL,צבר סחוג ירוק 190 גר,יחידה,1.00,יחידה,false,1,12.90,12.90,true,1,
7290115204186,false,פסטו המעדינה של צבר,פרסקו,IL,צבר פסטו 190 גרם,יחידה,1.00,יחידה,false,1,19.80,19.80,true,1,
7290115205176,false,פיטנס - קרקר דק כפרי פיטנס 140 גרם,נסטלה Nestle,IL,פיטנס קרקר כפרי 140,גרמים,140.00,100 גרם,false,1,11.90,8.50,true,1,
7290115205251,false,פריכיות קרמל מלוח פיטנס בר 84 גרם,פרח תעשיות,IL,פיטנס בר פריכיות קרמ,גרמים,84.00,100 גרם,false,1,11.90,14.17,true,1,
7290115205312,false,קרקר פיטנס דק עם זיתי קלמטה ועשבי תיבול,"אסם השקעות בע""\מ",IL,פיטנס קרקר זיתים 140,גרמים,140.00,100 גרם,false,1,11.90,8.50,true,1,
7290115205527,false,פיטנס חטיף מולטיגריין עם עדשים 25 גרם,"אסם השקעות בע""\מ",IL,פיטנס חטיף מולטגריין,גרמים,25.00,100 גרם,false,1,4.90,19.60,true,1,
7290115205541,false,פיטנס חטיף מולטיגריין עם חומוס 25 גרם,"אסם השקעות בע""\מ",IL,פיטנס חטיף מולטיגריי,גרמים,25.00,100 גרם,false,1,4.90,19.60,true,1,
7290115205633,false,"טבעול סנסשיונל נקניקיות, 350 גרם","טבעול תעשיות מזון בע""\מ",IL,טבעול סנסשיונל נקניק,גרמים,350.00,100 גרם,false,1,27.90,7.97,true,1,
7290115205718,false,אסם בונזור בצק מצונן עלים 230 גרם,נסטלה סוויס )שוויץ(,CH,אסם בונזור בצק מצונן,גרמים,0.00,100 גרם,false,1,15.60,15.60,true,1,
7290115206852,false,ביסלי צ'יזי סטיקס חדש 70 ג אסם,"אסם השקעות בע""\מ",IL,ביסלי ציזי סטיקס חדש,גרמים,70.00,100 גרם,false,1,4.20,6.00,true,1,
7290115207507,false,"סלט טורקי 330 גרם ""צבר""",מפעל צבר,IL,צבר סלט טורקי 360 גר,גרמים,360.00,100 גרם,false,1,18.30,5.08,true,1,
7290115207682,false,אסם רוטב בסגנון סויה סיני 9*290מל חדש,"אסם השקעות בע""\מ",IL,אסם רוטב בסגנון סויה,מיליליטרים,290.00,"100 מ""ל",false,1,12.50,4.31,true,1,
7290115207941,false,סירופ אננס ויטמינצ'יק 1 ליטר,בית-השיטה עסיס תעשיות מז,IL,סירופ ויטמינציק אננס,מיליליטרים,1000.00,"100 מ""ל",false,1,21.90,2.19,true,1,
7290115208009,false,סירופ ענבים ויטמינצ'יק 1 ליטר,בית-השיטה עסיס תעשיות מז,IL,סירופ ויטמינציק ענבי,מיליליטרים,1000.00,"100 מ""ל",false,1,21.90,2.19,true,1,
7290115208047,false,סירופ פטל ויטמינצ'יק 1 ליטר,בית-השיטה עסיס תעשיות מז,IL,סירופ ויטמינציק פטל,מיליליטרים,1000.00,"100 מ""ל",false,1,21.90,2.19,true,1,
7290115208801,false,לחמית דבש ואגוזים אסם 190 גרם,לחמית,IL,לחמית דבש ואגוזים 19,גרמים,190.00,100 גרם,false,1,9.90,5.21,true,1,
7290115208849,false,מנה חמה פירה ובטטה אסם 51 גרם,"אסם תעשיות בע""מ",IL,מנה חמה פירה עם בטטה,גרמים,51.00,100 גרם,false,1,7.30,14.31,true,1,
7290115209198,false,במבה אוורירית אסם 80 גרם,"אסם תעשיות בע""מ",IL,במבה אורירית 80 גרם,גרמים,80.00,100 גרם,false,1,4.30,5.38,true,1,
7290115209235,false,ביסקוויט פתי בר קפה אסם 500 גרם,"אסם תעשיות בע""מ",IL,אסם פתי בר קפה 500 ג,גרמים,500.00,100 גרם,false,1,13.90,2.78,true,1,
7290115252330,false,וירו - מנת קינואה - בסגנון ספרדי עם ירוקת קלויים 340+130 מל',,PE,וירו מנת קינואה ספרד,גרמים,470.00,100 גרם,false,1,15.90,3.38,true,1,
7290115252378,false,וירו מנת קינואה אקזוטי 470 גרם,,PE,וירו מנת קינואה אקזו,גרמים,470.00,100 גרם,false,1,15.90,3.38,true,1,
7290115671155,false,שלישיית סוכריות מאסט FRESH ענבים 45 גרם,הליקון גידה,TR,שלישיית סוכריות ענבי,גרמים,45.00,100 גרם,false,1,9.90,22.00,true,1,
7290115675696,false,דגני בוקר קראנצ'ים שיבולת שועל עם אגוזים ושקדים,גלידות שטראוס,PL,קוואקר אגוזים 375 ג,גרמים,375.00,100 גרם,false,1,17.90,4.77,true,1,
7290115675702,false,דגני בוקר קראנצ'ים שיבולת שועל עם פירות מיובשים,גלידות שטראוס,PL,קוואקר פירות 375 גר,גרמים,375.00,100 גרם,false,1,17.90,4.77,true,1,
7290115675733,false,קפסולות אספרסו עם הל למכונות נספרסו 50 ג,שטראוס קפה בי.וי.,IL,קפסולות אספרסו עם הל,גרמים,50.00,100 גרם,false,1,16.50,33.00,true,1,
7290115675986,false,דנונה יוגורט בר עם אגוזים מקורמלים 173 גרם,"שטראוס בריאות בע""\מ",IL,דנונה בר אגוזים מקור,גרמים,180.00,100 גרם,false,1,4.30,2.39,true,1,
7290115676037,false,דנונה ריפרש יוגורט עם תות ודומדמניות 1.6% שומן,מיוצר עי קונדיטוריית,IL,דנונה ריפרש תות דומד,מיליליטרים,250.00,"100 מ""ל",false,1,6.50,2.60,true,1,
7290115676051,false,"משקה אקטיביה שיבולת שועל במתיקות מעודנת 250 מ""ל",מיוצר עי קונדיטוריית,IL,משקה אקטיביה ש. שועל,גרמים,265.00,100 גרם,false,1,6.00,2.26,true,1,
7290115676082,false,משקה יוגורט בטעם תות פרו 20 דנונה 255 ג',"שטראוס בריאות בע""\מ.",IL,משקה דנונה פרו 20 תו,מיליליטרים,265.00,"100 מ""ל",false,1,7.90,2.98,true,1,
7290115676693,false,תפוצ'יפס מלח חומץ 50 ג' עלית,"שטראוס פריטו ליי בע""\מ )",IL,תפוציפס 50 גר Salt &,גרמים,50.00,100 גרם,false,1,3.90,7.80,true,1,
7290115677362,false,"נודלס טריאקי ""דלישס"" שטראוס","טרופיקל דגיל בע""מ אז",IL,נודלס טריאקי דלישס 3,גרמים,350.00,100 גרם,false,1,28.50,8.14,true,1,
7290115677959,false,ממרח אבוקדו גוואקמולי 220 ג' אחלה,ג'י. אר. סימפלוט,MX,גוואקמולי אחלה 220 ג,גרמים,220.00,100 גרם,false,1,17.70,8.05,true,1,
7290115678222,false,מארז 8 גביעים יוגורט Greek בסגנון יווני 6.5% שומן,"שטראוס בריאות בע""\מ",IL,מארז שמיניית דנונה י,גרמים,1000.00,100 גרם,false,1,25.90,2.59,true,1,
7290115678376,false,מעדן הגולן שוקולד 125 גרם,מיוצר עי קונדיטוריית,IL,מעדן הגולן שוקולד,גרמים,125.00,100 גרם,false,1,3.30,2.64,true,1,
7290115678383,false,מעדן הגולן שוקולד מריר 125 גרם,מיוצר עי קונדיטוריית,IL,מעדן הגולן שוקולד,גרמים,125.00,100 גרם,false,1,3.30,2.64,true,1,
7290115678635,false,נשנושי גבינה -גבינת שמנת 16%+כעכים שטוחים עם מלח,"מחלבת טבע עז בע""\מ",IL,נשנושי גבינה 25% עם,גרמים,67.00,100 גרם,false,1,11.90,17.76,true,1,
7290116244044,false,מיניונים אצבעות שוקולד חלב 84 גרם,,NL,מיניונים אצבעות שוקו,יחידה,1.00,יחידה,false,1,7.90,7.90,true,1,
7290116530871,false,נשנושים מיקס בייגל בייגל 240 גרם,"דרך השוקולד ,1 צפת 13404",IL,נשנושים חטיף מיקס 24,גרמים,240.00,100 גרם,false,1,12.70,5.29,true,1,
7290116531069,false,קנור מרק בצל 100% רכיבים טבעיים 225 גרם,יוניליוור ישראל מזון בע\,IL,מרק בצל קנור 225 גרם,גרמים,225.00,100 גרם,false,1,19.80,8.80,true,1,
7290116531083,false,"דגני ברנפלקס דבש ושקדים ללת""ס 400 גרם","יוניליוור שפע ישראל בע""\",IL,דגני ברנפלקס דבש ושק,גרמים,400.00,100 גרם,false,1,20.90,5.23,true,1,
7290116531557,false,"פריכיות פתית תירס עם מלח 150 גרם כשל""פ",גוד פוד פרודקטס Sp.zo.o,PL,מאגדת פתית פריכיות ת,גרמים,150.00,100 גרם,false,1,13.90,9.27,true,1,
7290116531564,false,מאגדת פריכיות קינואה ובזיליקום דקות פתית 150 גרם,גוד פוד פרודקטס,PL,מאגדת פתית פריכיות ק,גרמים,150.00,100 גרם,false,1,13.90,9.27,true,1,
7290116531793,false,הלמנ'ס רוטב לסלט קיסר 295 גרם,יוניליוור ישראל מזון בע\,IL,הלמנס רוטב לסלט קיסר,גרמים,295.00,100 גרם,false,1,12.50,4.24,true,1,
7290116531885,false,מיונז טבעוני הלמנס 500 גרם,יוניליוור ישראל מזון בע\,IL,מיונז טבעוני הלמנס 5,גרמים,500.00,100 גרם,false,1,15.50,3.10,true,1,
7290116531939,false,גלידה בשומן צמחי בטעם תות שדה בציפוי מכיל שוקולד,"גלידת שטראוס בע""\מ, רח'",IL,גלידונית בטעם תות 95,גרמים,955.00,100 גרם,false,1,49.90,5.23,true,1,
7290116532479,false,קליק גלידת שמנת בטעמי שוקולד לבן עוגיות 384 ג' שטראוס,"גלידת שטראוס בע""\מ, רחוב",IL,גלידת שמנת קליק בטעם,גרמים,384.00,100 גרם,false,1,22.90,5.96,true,1,
7290116532882,false,נישנושים איירביס בצל 155 גרם,"דרך השוקולד ,1 צפת 13404",IL,נשנושים איירביס בצל,גרמים,155.00,100 גרם,false,1,12.70,8.19,true,1,
7290116532899,false,נישנושים איירביס פלאפל 155 גרם,"דרך השוקולד ,1 צפת 13404",IL,נשנושים איירביס פלאפ,גרמים,155.00,100 גרם,false,1,12.70,8.19,true,1,
7290116533094,false,"פינוק שמפו בניחוח ורדים לבנים 960 מ""ל",יוניליוור ישראל טיפוח אי,IL,שמפו פינוק ורדים לבנ,מיליליטרים,700.00,"100 מ""ל",false,1,11.90,1.70,true,1,
7290116533117,false,"פינוק תחליב רחצה בניחוח ורדים לבנים 400 מ""ל",יוניליוור ישראל טיפוח אי,IL,תחליב רחצה פינוק ורד,מיליליטרים,700.00,"100 מ""ל",false,1,15.60,2.23,true,1,
7290116533216,false,"קנור מרק תיבול ירקות 235 מ""ל",יוניליוור,IL,מרק ירקות קנור 235 ג,גרמים,235.00,100 גרם,false,1,19.80,8.43,true,1,
7290116930015,false,GO חטיף חלבון חטיף בוטנים קריספי 20 גרם חלבון,"בלמונט קונפקציות בע""\מ.",US,GO חטיף חלבון קרמל מ,גרמים,60.00,100 גרם,false,1,11.90,19.83,true,1,
7290116930022,false,חטיף חלבון GO קרם עוגיות ציפוי קריספי 20 גרם,"בלמונט קונפקציות בע""\מ.",US,GO חטיף חלבון קרם עו,גרמים,60.00,100 גרם,false,1,11.90,19.83,true,1,
7290116930282,false,ארוחה בקטנה לאבנה עם קרקרים 150ג' תנובה,תנובה חלב,IL,ארוחה בקטנה לאבנה עם,גרמים,150.00,100 גרם,false,1,7.90,5.27,true,1,
7290116930435,false,יוגורט יופלה GO במרקם סמיך עם דובדבן 0%,תנובה מרכז שיתופי לש,IL,יוגורט גו סמיך דובדב,מיליליטרים,200.00,"100 מ""ל",false,1,6.00,3.00,true,1,
7290116930459,false,"יופלה שייק מנגו בננה אננס וקוקוס 230 מ""ל",קבוצת המזון אקטשלאר,IL,יופלה שייק מנגו בננה,מיליליטרים,230.00,"100 מ""ל",false,1,8.50,3.70,true,1,
7290116930626,false,ארוחה בקטנה ציזיקי עם קרקרים 150ג' תנובה,תנובה חלב,IL,ארוחה בקטנה ציזיקי ע,גרמים,150.00,100 גרם,false,1,7.90,5.27,true,1,
7290116930657,false,"משקה חלב גו בטעם בננה תמר בתוספת שיבולת שועל במרקם חלק 340 מ""ל",תנובה מרכז שיתופי לש,IL,משקה חלב גו בטעם בננ,מיליליטרים,340.00,"100 מ""ל",false,1,8.90,2.62,true,1,
7290116930701,false,מעדן חלב GO מועשר בחלבון בטעם קרמל מלוח,תנובה מרכז שיתופי לש,IL,מעדן חלב go בטעם קרמ,גרמים,120.00,100 גרם,false,1,5.10,4.25,true,1,
7290116930718,false,מעדן תנובה דיאט בטעם שוקולד וקרמל מלוח 0% 150ג' תנובה,"תנובה בע""\מ",IL,מעדן תנובה דיאט שוקו,מיליליטרים,150.00,"100 מ""ל",false,1,4.50,3.00,true,1,
7290116931012,false,יוגורט דיאט 0% שומן תפוח וקינמון 150 ג' יופלה,תנובה מרכז שיתופי לש,IL,דיאט יופלה 0% שומן ת,גרמים,150.00,100 גרם,false,1,5.20,3.47,true,1,
7290116931029,false,משקה בריסטה שיבולת שועל בטעם אייריש קרים 1 ל' תנובה,תנובה Alternative,IL,משקה בריסטה שיבולת ש,ליטרים,0.00,ליטר,false,1,12.90,12.90,true,1,
7290116931104,false,יופלה GO במרקם סמיך עם אננס 0% תנובה 200 גרם,תנובה חלב,IL,יוגורט גו סמיך עם אנ,מיליליטרים,200.00,"100 מ""ל",false,1,6.00,3.00,true,1,
7290116931289,false,יופלה גו במרקם סמיך אלפחורס 200מל,תנובה מרכז שיתופי לש,IL,יוגורט גו אלפחורס 20,גרמים,200.00,100 גרם,false,1,6.00,3.00,true,1,
7290116931579,false,יוגורט תנובה גולד ביו תות 170 גרם,תנובה חלב,IL,יוגורט תנובה גולד תו,גרמים,170.00,100 גרם,false,1,5.90,3.47,true,1,
7290116931586,false,יוגורט תנובה גולד ביו פירות יער 170 גרם,תנובה חלב,IL,יוגורט תנובה גולד פי,גרמים,170.00,100 גרם,false,1,5.90,3.47,true,1,
7290117260043,false,ריבת עלי ורדים ויליפוד 380 גרם,וילי פוד,TR,ריבת עלי ורדים 380 ג,גרמים,380.00,100 גרם,false,1,9.90,2.61,true,1,
7290117260098,false,חטיף גבינה לבנה טעם וניל ציפוי שוקולד 120 גרם קפוא,ז'ייאסבי,LT,חטיף גבינה לבנה בטעם,גרמים,15.00,100 גרם,false,1,15.40,102.67,true,1,
7290117260104,false,חטיף גבינה לבנה בטעם תות שדה בציפוי שוקולד עם חלבון 120 גרם קפוא,ז'ייאסבי,LT,חטיף גבינה לבנה בטעם,גרמים,15.00,100 גרם,false,1,15.40,102.67,true,1,
7290117260579,false,חטיף קראנצ'י על בסיס קמח עדשים בטעם שמנת חמוצה ובצל 80ג',וילי פוד,LT,חטיף קראנצי על בסיס,גרמים,80.00,100 גרם,false,1,9.90,12.38,true,1,
7290117260586,false,חטיף קראנצ'י על בסיס קמח עדשים בטעם פלפל חלפיניו וליים 80ג',וילי פוד,LT,חטיף קראנצי על בסיס,גרמים,80.00,100 גרם,false,1,9.90,12.38,true,1,
7290117260593,false,חטיף קראנצ'י על בסיס קמח עדשים בטעם צ'דר 80 ג',וילי פוד,LT,חטיף קראנצי על בסיס,גרמים,80.00,100 גרם,false,1,9.90,12.38,true,1,
7290117261422,false,euro cheese יוגורט פרוביוטי תות שדה 2% שומן 125 גרם,Euro יורו מחלבות אירופה,TR,יוגורט פרוביוטי עם ת,גרמים,125.00,100 גרם,false,1,3.20,2.56,true,1,
7290117261545,false,סלמון אטלנטי ברוטב טריאקי 120 גרם ויליפוד,קריות זול,LV,סלמון אטלנטי ברוטב ט,גרמים,120.00,100 גרם,false,1,14.40,12.00,true,1,
7290117261576,false,סרדינים בריסלינג מעושנים ברוטב עגבניות 185 גרם צנצנת,קריות זול,LV,סרדינים בריסלינג מעו,גרמים,185.00,100 גרם,false,1,14.40,7.78,true,1,
7290117261583,false,סרדינים בריסלינג מעושנים בשמן קנולה 129 גרם (צנצנת),גולדן פרייז קאנינג אל.טי,LV,סרדינים בריסלינג מעו,גרמים,185.00,100 גרם,false,1,14.40,7.78,true,1,
7290117261590,false,סרדינים בריסלינג מעושנים בשמן זית 185 גרם צנצנת,גולדן פרייז קאנינג אל.טי,LV,סרדינים בריסלינג מעו,גרמים,185.00,100 גרם,false,1,14.40,7.78,true,1,
7290117261712,false,Euro מלבי קינוח על בסיס חלב 154 גרם,אקר סוט,TR,מלבי קינוח על בסיס ח,גרמים,154.00,100 גרם,false,1,5.50,3.57,true,1,
7290117262931,false,קינוח בטעם מנגו 85 גרם,איטלג'לטו,IT,קינוח בטעם מנגו 85 ג,גרמים,85.00,100 גרם,false,1,9.90,11.65,true,1,
7290117262948,false,קינוח בטעם טירימיסו 85 גרם,איטלג'לטו,IT,קינוח בטעם טירמיסו 8,גרמים,85.00,100 גרם,false,1,9.90,11.65,true,1,
7290117262955,false,קינוח בטעם שוקולד בלגי 85 גרם,איטלג'לטו,IT,קינוח בטעם שוקולד בל,גרמים,85.00,100 גרם,false,1,9.90,11.65,true,1,
7290117262962,false,קינוח בטעם שוקולד קרמל 85 גרם,איטלג'לטו,IT,קינוח בטעם שוקולד קר,גרמים,85.00,100 גרם,false,1,9.90,11.65,true,1,
7290117262979,false,קינוח בטעם שוקולד ופירות יער 85 גרם,איטלג'לטו,IT,קינוח בטעם שוקולד ופ,גרמים,85.00,100 גרם,false,1,9.90,11.65,true,1,
7290117380154,false,"מאסטר שף רוטב אסיאתי עם סויה 260 מ""ל",רמייה,NL,רוטב אסייתי סויה מאס,מיליליטרים,264.00,"100 מ""ל",false,1,9.90,3.75,true,1,
7290117380178,false,סוויט פוף חטיף מצופה שוקולד חלב,"טחנת האבן תעשיות בע""",IL,טוויסט פוף שוקולד חל,גרמים,50.00,100 גרם,false,1,4.90,9.80,true,1,
7290117380192,false,חטיף פוף קראנץ בטעם גריל 60 גרם,מנה,IL,חטיף פוף קראנץ בטעם,גרמים,60.00,100 גרם,false,1,4.60,7.67,true,1,
7290117380857,false,סלים דליס פייבר עוגות אישיות בטעם לימון 120 גרם,שסטוביץ,NL,סלים דליס פייבר עוגי,גרמים,120.00,100 גרם,false,1,10.90,9.08,true,1,
7290117380871,false,סלים דליס פייבר עוגות אישיות בטעם אוכמניות 120 גרם,הלמה הלום,NL,סלים דליס פייבר עוגי,גרמים,120.00,100 גרם,false,1,10.90,9.08,true,1,
7290117381229,false,פוף פריכיות מצופות שוקולד חלב 70 גרם,בנליאן פודס,RS,פוף פריכיות מ.שוקולד,גרמים,70.00,100 גרם,false,1,7.50,10.71,true,1,
7290117860038,false,"הוואי - תחליב רחצה יוגורט בניחוח אוכמניות 700 מ""ל","טרופיקל דגיל בע""\מ",IL,הוואי תחליב רחצה יוג,מיליליטרים,700.00,"100 מ""ל",false,1,14.90,2.13,true,1,
7290117860045,false,שמפו תמציות אלוורה ותה ירוק לשיער רגיל,"טרופיקל דגיל בע""\מ",IL,שמפו הוואי מטפח לשיע,מיליליטרים,700.00,"100 מ""ל",false,1,14.90,2.13,true,1,
7290117860281,false,"הוואי - ג'ל רחצה לגבר בניחוח עוצמתי 700 מ""ל","טרופיקל דגיל בע""\מ",IL,הוואי גל רחצה לגבר ב,מיליליטרים,700.00,"100 מ""ל",false,1,14.90,2.13,true,1,
7290117860397,false,שמפו תמצית פריחת הדובדבן לשיער רגיל,"טרופיקל דגיל בע""\מ",IL,שמפו הוואי פריחת הדו,מיליליטרים,700.00,"100 מ""ל",false,1,14.90,2.13,true,1,
7290117860847,false,"הוואי רעננות מושלמת לגבר לשיער, גוף, פנים וזקן","טרופיקל גליל בע""מ",IL,שמפו הוואי 4 ב-1 לגב,מיליליטרים,700.00,"100 מ""ל",false,1,14.90,2.13,true,1,
7290117860892,false,"הוואי - תחליב רחצה יוגורט בניחוח וניל ודבש 700 מ""ל","טרופיקל דגיל בע""\מ",IL,הוואי תחליב רחצה בני,מיליליטרים,700.00,"100 מ""ל",false,1,14.90,2.13,true,1,
7290117860946,false,"תחליב רחצה יוגורט בניחוח קוקוס 700 מ""ל הוואי","טרופיקל דגיל בע""\מ",IL,הוואי תחליב רחצה יוג,מיליליטרים,700.00,"100 מ""ל",false,1,14.90,2.13,true,1,
7290117860991,false,"תחליב רחצה יוגורט בניחוח שקדים 700 מ""ל הוואי","טרופיקל דגיל בע""\מ",IL,הוואי תחליב רחצה יוג,מיליליטרים,700.00,"100 מ""ל",false,1,14.90,2.13,true,1,
7290117900949,false,בוטנים מצופים אמריקאים 250 גרם,"שקדיה גבע תעשיות בע""",IL,בוטנים מצופים אמריקא,גרמים,250.00,100 גרם,false,1,10.50,4.20,true,1,
7290117900956,false,תערובת פיצוחים קלויים ששון הקולה 180 גרם,"שקדיה גבע תעשיות בע""",IL,תערובת פיצוחים קלויי,גרמים,180.00,100 גרם,false,1,15.90,8.83,true,1,
7290117900963,false,בוטנים קלויים ששון ה,דין שיווק וקלייה בעמ,IL,בוטנים קלויים 270 גר,גרמים,270.00,100 גרם,false,1,10.50,3.89,true,1,
7290117900987,false,אגוז פקאן קלוף ששון הקולה 140 גרם,"שקדיה גבע תעשיות בע""",IL,אגוזי פקאן קלוף 140,גרמים,140.00,100 גרם,false,1,16.90,12.07,true,1,
7290117900994,false,פקאן סיני מסוכר ששון הקולה 140 גרם,"שקדיה גבע תעשיות בע""",IL,פקאן סיני מסוכר 140,גרמים,140.00,100 גרם,false,1,15.90,11.36,true,1,
7290117901007,false,פיסטוקים קלויים ששון הקולה 130 גרם,"שקדיה גבע תעשיות בע""",IL,פיסטוקים קלויים 130,גרמים,130.00,100 גרם,false,1,15.90,12.23,true,1,
7290117901014,false,קשיו קלוי ששון הקולה 160 גרם,"שקדיה גבע תעשיות בע""",IL,קשיו קלוי 160 גרם,גרמים,160.00,100 גרם,false,1,15.90,9.94,true,1,
7290117901038,false,אגוזי מלך קלופים ששון הקולה 190 גרם,"שקדיה גבע תעשיות בע""",IL,אגוזי מלך קלופים 190,גרמים,190.00,100 גרם,false,1,15.90,8.37,true,1,
7290117901052,false,שקדים קלופים ששון הק,"שקדיה גבע תעשיות בע""",IL,שקדים קלופים 180 גרם,גרמים,180.00,100 גרם,false,1,15.90,8.83,true,1,
7290117901168,false,מיקס אגוזים וחמוציות 250 גרם ששון הקולה,"דין שיווק וקליה בע""מ",,מיקס אגוזים וחמוציות,גרמים,250.00,100 גרם,false,1,20.00,8.00,true,1,
7290117901175,false,שקדים קלופים 250 גרם ששון הקולה,"דין שיווק וקליה בע""מ",,שקדים קלופים 250 גרם,גרמים,250.00,100 גרם,false,1,20.00,8.00,true,1,
7290117901182,false,בוטן קליפה קלוי 350 גרם ששון הקלה,,,בוטן קליפה קלוי 350,גרמים,350.00,100 גרם,false,1,10.00,2.86,true,1,
7290118350361,false,כוסות לשתיה קרה 50 יחידות,,,כוסות לשתיה קרה 50 י,Unknown,0.00,Unknown,false,1,5.50,5.50,true,1,
7290118420378,false,פתיבר פינוקים בטעם תותים בשמנת - חלבי,קריות זול,PL,אסם פתי בר פינוקים ת,גרמים,220.00,100 גרם,false,1,10.90,4.95,true,1,
7290118490012,false,חסה לליק,,,חסה לליק,Unknown,0.00,Unknown,false,1,14.90,14.90,true,1,
7290165456412,false,לחם מיוחד עם גרעינים 750 גר,ארדי שיווק וסיטונאות,,לחם מיוחד עם גרעינים,גרמים,750.00,100 גרם,false,1,19.40,2.59,true,1,
7290166887215,false,לחם שיפון מיוחד פרוס 350 גרם,,,לחם שיפון מיוחד פרוס,יחידה,1.00,יחידה,false,1,9.90,9.90,true,1,
7290900010367,false,טורטייה שמינייה משקל נקי 360 ג' Avel,Turka Invest,PL,טורטייה שמינייה 360,גרמים,360.00,100 גרם,false,1,8.90,2.47,true,1,
7291008084816,false,"תמר מג'הול ""1 ק""ג פצוחי הטיב",מהדרין תנופורט,IL,"תמר מגהול 1 ק""ג",קילוגרמים,0.00,"ק""ג",false,1,29.90,29.90,true,1,
7293738625253,false,שמן ארומטי-אקליפטוס,,,שמן ארומטי-אקליפטוס,Unknown,0.00,Unknown,false,1,19.90,19.90,true,1,
7293738625284,false,שמן ארומטי-אילנג אילנג,,,שמן ארומטי-אילנג איל,Unknown,0.00,Unknown,false,1,47.90,47.90,true,1,
7293738625291,false,שמן ארומטי - ארז,,,שמן ארומטי - ארז,Unknown,0.00,Unknown,false,1,34.90,34.90,true,1,
7293738625376,false,שמן ארומטי-גוניפר,,,שמן ארומטי-גוניפר,Unknown,0.00,Unknown,false,1,49.90,49.90,true,1,
7293738625437,false,שמן ארומטי-לבנדר,,,שמן ארומטי-לבנדר,Unknown,0.00,Unknown,false,1,29.90,29.90,true,1,
7293738625536,false,שמן ארומטי-נרולי בחוחובה,,,שמן ארומטי-נרולי בחו,Unknown,0.00,Unknown,false,1,49.90,49.90,true,1,
7293738625567,false,שמן ארומטי-פטשולי,,,שמן ארומטי-פטשולי,Unknown,0.00,Unknown,false,1,49.90,49.90,true,1,
7293738625604,false,שמן ארומטי ציפורן,,,שמן ארומטי ציפורן,Unknown,0.00,Unknown,false,1,24.90,24.90,true,1,
7293738625635,false,שמן קינמון עלה,,,שמן קינמון עלה,Unknown,0.00,Unknown,false,1,24.90,24.90,true,1,
7293738625666,false,שמן רוזמרין,,,שמן רוזמרין,Unknown,0.00,Unknown,false,1,22.90,22.90,true,1,
7293738625680,false,שמן אבוקדו עומר הגלי,,,שמן אבוקדו עומר הגלי,Unknown,0.00,Unknown,false,1,34.90,34.90,true,1,
7293738625819,false,שמן נים עומר הגליל,,,שמן נים עומר הגליל,Unknown,0.00,Unknown,false,1,89.90,89.90,true,1,
7293738625840,false,ויטמין E עומר הגליל,,,ויטמין E עומר הגליל,Unknown,0.00,Unknown,false,1,32.90,32.90,true,1,
7293738625901,false,שמן עץ התה,,,שמן עץ התה,Unknown,0.00,Unknown,false,1,24.90,24.90,true,1,
7296058000069,false,פריכיות פרח מארז חיסכון 310 גרם,פרח תעשיות,IL,מארז פריכיות אורז מל,גרמים,310.00,100 גרם,false,1,15.60,5.03,true,1,
7296082000066,false,ביצה פלוס L תריסר,,,ביצה פלוס 12 יח L,Unknown,0.00,Unknown,false,1,19.90,19.90,true,1,
7296082000080,false,ביצי חופש 12 יחידות,המכון למיון ושיווק ביצים,IL,ביצי חופש 12 יח,Unknown,0.00,Unknown,false,1,19.90,19.90,true,1,
7296082000134,false,ביצים רגילות לארג' 1,המכון למיון ושיווק ב,IL,ביצים רגילות 12 יח L,Unknown,0.00,Unknown,false,1,12.05,12.05,true,1,
7296082000141,false,ביצים רגילות מדיום 1,המכון למיון ושיווק ב,IL,ביצים רגילות 12 יח,Unknown,0.00,Unknown,false,1,11.15,11.15,true,1,
7296082000165,false,ביצים אורגניות תריסר,המכון למיון ושיווק ב,IL,ביצים אורגניות 12 יח,Unknown,0.00,Unknown,false,1,24.90,24.90,true,1,
7296082000172,false,ביצה פלוס אומגה M 30,,,ביצה פלוס 30 יח M,Unknown,0.00,Unknown,false,1,44.90,44.90,true,1,
7296082000189,false,ביצה פלוס אומגה L 30,,,ביצה פלוס 30 יח L,Unknown,0.00,Unknown,false,1,49.90,49.90,true,1,
7296150000028,false,עלי גפן ממולאים באורז 425 גר,אקמאר,TR,עלי גפן ממולאים באור,גרמים,425.00,100 גרם,false,1,15.40,3.62,true,1,
7297488098015,false,גרנולה קרנץ' עם שוקולד צ'יפס מריר,תות תעשיות מזון (201,IL,גרנולה קרנצ שוקו דגש,גרמים,250.00,100 גרם,false,1,16.90,6.76,true,1,
7297488098183,false,קמח אורז ללא גלוטן 500 ג,"תבליני העליון בע""מ",IL,קמח אורז דגש 500 גרם,גרמים,500.00,100 גרם,false,1,11.50,2.30,true,1,
7297488098190,false,0 קמח אורז מלא ללא גלוטן,אף.סי תבליני בגליל ב,IL,קמח אורז מלא 500 גרם,גרמים,500.00,100 גרם,false,1,15.90,3.18,true,1,
7297488098299,false,קמח טפיוקה ללא גלוטן500ג,אף סי תבליני הגליל ב,IL,קמח טפיוקה 500 גרם,גרמים,500.00,100 גרם,false,1,9.90,1.98,true,1,
7297488098305,false,קמח שקדים ללא גלוטן,תות תעשיות מזון (201,IL,קמח שקדים דגש 250 גר,גרמים,250.00,100 גרם,false,1,24.90,9.96,true,1,
7297488199590,false,פצפוצי אורז לבן תפוח ללא גלוטן,דגש- דוכן גן שמואל,IL,פצפוצי אורז 450 גרם,גרמים,450.00,100 גרם,false,1,25.90,5.76,true,1,
7312040017034,false,וודקה אבסולוט 1 ליטר,פרנו ריקרד ($),,וודקה אבסולוט 1 ליטר,מיליליטרים,1000.00,"100 מ""ל",false,1,93.90,9.39,true,1,
7312040017683,false,"אבסולוט וודקה, 700 מ''ל",חברת אבסולוט,SE,"וודקה אבסולוט 700 מ""",מיליליטרים,700.00,"100 מ""ל",false,1,56.90,8.13,true,1,
7332531063135,false,"ספריי לשיער סאיוס סרמיד לחיזוק 400 מ""ל",שוורצקופף והנקל,DE,ספריי לשיער סאיוס,מיליליטרים,400.00,"100 מ""ל",false,1,35.90,8.98,true,1,
7350075690037,false,THE HUMBLE - מברשת שיניים במבוק למבוגר סיבים - סגול,זר הייטק,CN,מברשת שיניים HUMBLE,יחידה,1.00,יחידה,false,1,22.50,22.50,true,1,
7350075690051,false,מברשת שיניים HUMBLE BRUSH למבוגרים סופט,,,מברשת שיניים HUMBLE,יחידה,1.00,יחידה,false,1,22.50,22.50,true,1,
7350075691515,false,"משחת שיניים טבעית פחם 75 מ""ל HUMBLE",,,משחת שיניים טבעית פח,מיליליטרים,75.00,"100 מ""ל",false,1,26.90,35.87,true,1,
7393714507020,false,קופרברג סיידר תות ליים 4.5% בקבוק 330 מ,BEVERAGES FOODS & SE,SE,קופרברג סיידר תות לי,מיליליטרים,330.00,"100 מ""ל",false,1,8.90,2.70,true,1,
7394376123337,false,"משקה שיבולת שועל אורגני מפוקח ע""י סקאל",טרנסומס פוד איי.בי,SE,משקה ש.שועל אורגני 1,מיליליטרים,1000.00,"100 מ""ל",false,1,13.90,1.39,true,1,
7394376615825,false,אוטלי משקה שיבולת שועל מועשר בסידן וויטמינים 1 ליטר,טרנסומס פוד,SE,משקה ש.שועל מועשר בס,מיליליטרים,1000.00,"100 מ""ל",false,1,13.90,1.39,true,1,
7394376615832,false,"אוטלי משקה שיבולת שועל בטעם שוקולד, 1 ל'",טרנסומס פוד,SE,משקה ש.שועל בטעם שוק,מיליליטרים,1000.00,"100 מ""ל",false,1,15.90,1.59,true,1,
7394376616778,false,אוטלי משקה שיבולת שועל להקצפה בריסטה 1 ליטר,טרנסומס פוד,SE,משקה ש.שועל להקצפה ב,מיליליטרים,1000.00,"100 מ""ל",false,1,15.90,1.59,true,1,
7441000720605,false,לבבות דקל LA CIMA צנצנת 410 גרם,אינקופלמיטו אס. אי,EC,לבבות דקל(צנצנת)410,גרמים,410.00,100 גרם,false,1,17.90,4.37,true,1,
7500162900000,false,"בירה סול בקבוק 330 מ""ל",היינקן,NL,"בירה סול 330 מ""ל בק",מיליליטרים,330.00,"100 מ""ל",false,1,6.90,2.09,true,1,
7501013101348,false,"נקטר בטעם מנגו 500 מ""ל JUMEX",חומקס קומר קומרסאליזדורה,MX,גומקס נקטר מנגו 473,מיליליטרים,473.00,"100 מ""ל",false,1,9.50,2.01,true,1,
7501013101362,false,"נקטר בטעם קוקוס ואננס 500 מ""ל JUMEX",חומקס קומר קומרסאליזדורה,MX,גומקס משקה קוקוס אננ,מיליליטרים,473.00,"100 מ""ל",false,1,9.50,2.01,true,1,
7501013101393,false,"נקטר בטעם אננס טבעי 500 מ""ל JUMEX",חומקס קומר קומרסאליזדורה,MX,גומקס משקה אננס 473,מיליליטרים,473.00,"100 מ""ל",false,1,9.50,2.01,true,1,
7501013122039,false,נקטר מנגו ג'ומקס בקרטונית 1 ליטר,חומקס קומר קומרסאליזדורה,MX,גומקס נקטר מנגו,מיליליטרים,1000.00,"100 מ""ל",false,1,11.10,1.11,true,1,
7501013122053,false,נקטר אפרסק ג'ומקס בקרטונית 1 ליטר,חומקס קומר קומרסאליזדורה,MX,גומקס נקטר אפרסק קרט,מיליליטרים,1000.00,"100 מ""ל",false,1,11.10,1.11,true,1,
7501013122114,false,"נקטר משקה אננס בקרטונית ג'ומקס, 1 ל'",חומקס קומר קומרסאליזדורה,MX,גומקס משקה אננס קרטו,מיליליטרים,1000.00,"100 מ""ל",false,1,11.10,1.11,true,1,
7501013122190,false,משקה תפוחים ג'ומקס בקרטונית 1 ליטר,חומקס קומר קומרסאליזדורה,MX,גומקס משקה תפוחים קר,מיליליטרים,1000.00,"100 מ""ל",false,1,11.10,1.11,true,1,
7501013122992,false,משקה קוקוס אננס ג'ומקס בקרטונית 1 ליטר,חומקס קומר קומרסאליזדורה,MX,גומקס משקה קוקוס אננ,מיליליטרים,1000.00,"100 מ""ל",false,1,11.10,1.11,true,1,
7501013138047,false,משקה רימונים יוניקו פרסקו ג'ומקס בקרטונית 1 ליטר,חומקס קומר קומרסאליזדורה,MX,יוניקו פרסקו משקה רי,מיליליטרים,1000.00,"100 מ""ל",false,1,12.80,1.28,true,1,
7501035042308,false,"טקילה קוארבו סילבר רולינגסטון 700 מ""ל",,,טקילה קוארבו סילבר ר,מיליליטרים,700.00,"100 מ""ל",false,1,85.00,12.14,true,1,
7501049936945,false,"שישיית בירה סול בקבוק 330 מ""ל",היינקן,NL,בירה סול שישייה בקב,מיליליטרים,1980.00,"100 מ""ל",false,1,31.90,1.61,true,1,
7501064191466,false,"שישיית בירה קורונה 355 מ""ל בקבוק",סובסריה מודלו,,שישיית בירה קורונה 3,מיליליטרים,2130.00,"100 מ""ל",false,1,29.90,1.40,true,1,
7503011006069,false,מסטיק אורגני קינמון 30 גרם,,,מסטיק אורגני קינמון,קילוגרמים,0.00,"ק""ג",false,1,14.90,14.90,true,1,
7503011006083,false,מסטיק אורגני ליים 30 גרם,,,מסטיק אורגני ליים 30,קילוגרמים,0.00,"ק""ג",false,1,14.90,14.90,true,1,
7509546061672,false,דאודורנט סטיק אקסטרים אינטנס,קולגייט פלמוליב,US,ספיד סטיק אקסטרים סט,גרמים,57.00,100 גרם,false,1,21.90,38.42,true,1,
7509546666846,false,"קולגייט טוטאל משחת שיניים פחם 75 מ""ל",קולגייט פלמוליב,MX,קולגייט טוטאל משחת,מיליליטרים,75.00,"100 מ""ל",false,1,22.90,30.53,true,1,
7594003626624,false,"רום דיפלומטיקו מאנטואנו 750 מ""ל",,,רום דיפלומטיקו מאנטו,מיליליטרים,750.00,"100 מ""ל",false,1,135.90,18.12,true,1,
7610008059073,false,טבלת שוקולד רגוסה קלאסי עם שקדים 100 גר,RAGUSA,CH,טבלת שוקולד רגוסה קל,גרמים,100.00,100 גרם,false,1,18.10,18.10,true,1,
7610008059080,false,טבלת שוקולד רגוסה מריר עם שקדים 100 גר,RAGUSA,CH,טבלת שוקולד רגוסה מר,גרמים,100.00,100 גרם,false,1,18.10,18.10,true,1,
7610008059103,false,טבלת שוקולד טורינו חלב 100 גר,קמיל בלוך,CH,טבלת שוקולד טורינו ח,גרמים,100.00,100 גרם,false,1,17.40,17.40,true,1,
7610008059110,false,טבלת שוקולד טורינו מריר 100 גר,קמיל בלוך,,טבלת שוקולד טורינו מ,גרמים,100.00,100 גרם,false,1,17.40,17.40,true,1,
7610008622000,false,טבלת קמיל בלוך מוס מריר 100 גר,,,טבלת קמיל בלוך מוס מ,גרמים,100.00,100 גרם,false,1,18.10,18.10,true,1,
7610008709008,false,בונבוניירה רגוסה חלב 400 גר,RAGUSA,CH,בונבוניירה רגוסה חלב,גרמים,400.00,100 גרם,false,1,62.90,15.73,true,1,
7610113000175,false,"רום בקרדי מוחיטו 700 מ""ל",בקרדי מרטיני,DE,רום בקרדי מוחיטו 700,מיליליטרים,700.00,"100 מ""ל",false,1,74.90,10.70,true,1,
7610113011652,false,בריזר - משקה כוהלי מוגז בטעם תפוח,בקרדי בריזר Bacardi Breezer,BE,בקרדי בריזר תפוח 275,מיליליטרים,275.00,"100 מ""ל",false,1,14.50,5.27,true,1,
7610113013250,false,"משקה כוהלי על בסיס רום בקרדי 250 מ""ל",בקרדי מרטיני,BE,משקה כוהלי על בסיס ר,מיליליטרים,250.00,"100 מ""ל",false,1,14.90,5.96,true,1,
7610202466738,false,"סטלה-שוקולד חלב ללת""ס 100 גרם",,ES,"סטלה-שוקולד חלב ללת""",גרמים,100.00,100 גרם,false,1,18.90,18.90,true,1,
7610202466769,false,"סטלה-שוק מריר 72% פולי קקאו לל""ס 100 גרם",,ES,סטלה-שוק מריר 72% פו,גרמים,100.00,100 גרם,false,1,18.90,18.90,true,1,
7610243004463,false,"דורגול - מרסס להסרת אבנית במקלחון 600 מ""ל",יעקבי- דורגול Durgol,CH,דורגול מרסס 600 מל,מיליליטרים,600.00,"100 מ""ל",false,1,26.90,4.48,true,1,
7610400010481,false,לינדט אקסלנס שוקולד חלב 100 גרם,לינדט ושפרונגלי קילשברג,FR,לינדט אקסלנס מילק,גרמים,100.00,100 גרם,false,1,14.90,14.90,true,1,
7610400014632,false,שוקולד לינדור בודד וואיט 100 ג',לינדט Lindt,CH,לינדט שוקולד לבן 100,גרמים,100.00,100 גרם,false,1,15.80,15.80,true,1,
7610400014649,false,לינדור קוביות במילוי קרם שוקולד חלב 100 גרם,לינדט ושפרונגלי קילשברג,CH,לינדט שוקולד חלב 100,גרמים,100.00,100 גרם,false,1,15.80,15.80,true,1,
7610400068369,false,שוקולד חלב במילוי קרם אגוזים,לינדט ושפרונגלי,CH,לינדט שוקולד אגוזים,גרמים,100.00,100 גרם,false,1,15.80,15.80,true,1,
7610400068529,false,לינדט לינדור בונבוניירה כדורי שוקולד מטעמים 200 גרם,לינדט ושפרונגלי קילשברג,CH,בונבוניירה לינדור אב,גרמים,200.00,100 גרם,false,1,22.90,11.45,true,1,
7610400070577,false,לינדט אקסלנס שוקולד צ'ילי 100 גרם,לינדט ושפרונגלי קילשברג,CH,לינדט אקסלנס צילי 1,גרמים,100.00,100 גרם,false,1,14.90,14.90,true,1,
7610400074155,false,לינדט לינדור קוביות במילוי קרם שוקולד 60% מוצקי קקאו 100 גרם,לינדט ושפרונגלי קילשברג,CH,לינדט שוקולד 60% 100,גרמים,100.00,100 גרם,false,1,15.80,15.80,true,1,
7610400075770,false,לינדט לה גרנד שוקולד מריר אגוז 150 גרם,לינדט ושפרונגלי קילשברג,CH,לינדט לה גרנד מריר א,גרמים,150.00,100 גרם,false,1,19.90,13.27,true,1,
7610400075787,false,לינדט לה גרנד שוקולד חלב אגוז 150 גרם,לינדט ושפרונגלי קילשברג,CH,לינדט לה גרנד חלב אג,גרמים,150.00,100 גרם,false,1,19.90,13.27,true,1,
7610400075794,false,לינדט לה גרנד שוקולד לבן ושקדים 150 גרם,לינדט ושפרונגלי,CH,לינדט לה גרנד לבן שק,גרמים,150.00,100 גרם,false,1,19.90,13.27,true,1,
7610400085946,false,לינדט לגרנד דארק אלמונד סולט 150 גרם,לינדט ושפרונגלי קילשברג,CH,לינדט לגרנד דארק אלמ,גרמים,150.00,100 גרם,false,1,19.90,13.27,true,1,
7610400086202,false,שוקולד מריר לה גרנד עם אוכמניות וחמוציות,לינדט Lindt,,לינדט לה גרנד בלו אנ,גרמים,150.00,100 גרם,false,1,19.90,13.27,true,1,
7610400091060,false,שוקולד מריר לינדט אקסלנס בתוספת תפוז ושקדים,לינדט ושפרונגלי קילש,CH,לינדט שוקולד אקסלנס,גרמים,100.00,100 גרם,false,1,14.90,14.90,true,1,
7610563108377,false,אמנטל שוויצרי פרוס 150 גר,,,אמנטל שוויצרי פרוס,גרמים,150.00,100 גרם,false,1,38.90,25.93,true,1,
7610700002681,false,ריקולה סוכריות ללא סוכר בטעם צמחים 50 גר',,CH,סוכריות ריקולה ללא ס,גרמים,50.00,100 גרם,false,1,12.90,25.80,true,1,
7610700012642,false,סוכריות ריקולה בשקית בטעם לימון,ריקולה,CH,סוכריות לימון ריקולה,גרמים,70.00,100 גרם,false,1,10.90,15.57,true,1,
7610700013083,false,סוכריות ריקולה ללא סוכר בטעם צמחים 20 יח',,,סוכריות ריקולה ללא ס,גרמים,50.00,100 גרם,false,1,12.90,25.80,true,1,
7613030979647,false,דגני בוקר טריקס פירות עולם היורה 480 ג',ג'נרל מילס סאן אדריא,CL,דגנים טריקס פירות עו,גרמים,480.00,100 גרם,false,1,24.90,5.19,true,1,
7613034146656,false,פורינה ONE מיני בוגר בקר 1.5קג,נסטלה פורינה איטליה,US,פורינה ONE מיני אקטי,Unknown,0.00,Unknown,false,1,59.90,59.90,true,1,
7613035622623,false,פיטנס - גרנולה שקדים ודבש 300 גרם,שוורצקוף& הנקל דיסלד,LT,פיטנס גרנולה שקדים ו,גרמים,300.00,100 גרם,false,1,17.70,5.90,true,1,
7613035635845,false,פיטנס גרנולה שוקולד 14*300 גרם,שוורצקוף& הנקל דיסלד,LT,פיטנס גרנולה שוקולד,גרמים,300.00,100 גרם,false,1,17.70,5.90,true,1,
7613035807778,false,פרפקטו רוטב עגבניות לבולונז אסם 400 גרם,אסם פרפקטו Perfecto,ES,פרפקטו רוטב עגבניות,גרמים,400.00,100 גרם,false,1,11.40,2.85,true,1,
7613035809109,false,פרפקטו רוטב עגבניות ובזיליקום אסם 400 גרם,אסם פרפקטו Perfecto,ES,פרפקטו רוטב עגבניות,גרמים,400.00,100 גרם,false,1,11.40,2.85,true,1,
7613035809857,false,פרפקטו רוטב עגבניות לפסטה ולבישול אסם 400 גרם,אסם פרפקטו Perfecto,ES,פרפקטו רוטב עגבניות,גרמים,400.00,100 גרם,false,1,11.40,2.85,true,1,
7613036520492,false,פרפקטו רוטב עגבניות לפיצה אסם 400 גרם,אסם פרפקטו Perfecto,ES,פרפקטו רוטב עגבניות,גרמים,400.00,100 גרם,false,1,11.40,2.85,true,1,
7613036880534,false,גרבר מחית ירקות מעורבים מטרנה 190 גר',נסטלה פולסקה אס.איי,PL,מחית גרבר מרק ירקות,גרמים,190.00,100 גרם,false,1,7.80,4.11,true,1,
7613036976671,false,פריסקיז פאוצ' עוף ברוטב 26*85גרם,נסטלה פורינה הונגריה,HU,פאוץ פריסקיז עוף 85,Unknown,0.00,Unknown,false,1,5.90,5.90,true,1,
7613036976732,false,פריסקיז - פאוץ סולומון 85 גרם,נסטלה פורינה,HU,פאוץ פריסקיז סלמון 8,Unknown,1.00,Unknown,false,1,5.90,5.90,true,1,
7613037204797,false,סטארבקס פולי קפה בלונד אספרסו 450 גרם,נסטלה נספרסו,PT,סטארבקס פולי קפה בלו,גרמים,450.00,100 גרם,false,1,52.50,11.67,true,1,
7613037204889,false,סטארבקס - פולי קפה אספרסו 450 גרם,נסטלה נספרסו,PT,סטארבקס פולי קפה אספ,גרמים,450.00,100 גרם,false,1,52.50,11.67,true,1,
7613037276091,false,נסטלה מיקס מיני אריזות דגני בוקר 200 גרם,נסטלה Nestle,FR,נסטלה מיקס מיני אריז,גרמים,200.00,100 גרם,false,1,22.90,11.45,true,1,
7613037686906,false,פיטנס שקדים ודבש 355 גרם מופחת סוכר,נסטלה צרפת איטנקורט,FR,דגני בוקר פיטנס שקדי,גרמים,375.00,100 גרם,false,1,19.90,5.31,true,1,
7613038268262,false,דגני בוקר צ'יריוס דבש ושקדים במתיקות מעודנת,נסטלה פולין דגני בוק,FR,האני נאט ציריוס מופח,גרמים,410.00,100 גרם,false,1,19.90,4.85,true,1,
7613039535042,false,סמארטיס פאוצ' 105 גרם,,,סמרטיז בשקית 105 גרם,גרמים,160.00,100 גרם,false,1,10.90,6.81,true,1,
7613039770450,false,טבעול סנסשיונל בורגר צמחוני 226 גרם,ג'נרל מילס סאן אדריא,CZ,טבעול סנסשיונל בורגר,גרמים,226.00,100 גרם,false,1,27.90,12.35,true,1,
7613287155863,false,מטרנה מחית אגס פאוץ' 90 גר',"מפעל סברס, נסטלה ספרד ס.",ES,מחית גרבר פאוץ אגס 9,גרמים,90.00,100 גרם,false,1,6.90,7.67,true,1,
7613287162281,false,קפסולות קפה אספרסו גרנדה אינטנסו דולצ'ה גוסטו 144 ג',נסטלה אנגליה,GB,נסקפה ד.גוסטו גרנדה,גרמים,144.00,100 גרם,false,1,29.50,20.49,true,1,
7613287302373,false,סטארבקס קפסולות איטליאן סטייל רוסט 56 גרם,נסטלה שוויץ - קפה,PT,קפסולות סטארבקס איטל,גרמים,55.00,100 גרם,false,1,21.50,39.09,true,1,
7613287325853,false,אוסם - דיפ אנד ספרד מטבל איולי ספייסי 295 גרם,נסטלה פולין,PL,רוטב ספייסי איולי לח,גרמים,295.00,100 גרם,false,1,16.70,5.66,true,1,
7613287325952,false,אוסם - דיפ אנד ספרד מטבל ברבקיו 345 גרם,דפטונה פולין,PL,רוטב ברביקיו לחיץ 34,גרמים,345.00,100 גרם,false,1,16.70,4.84,true,1,
7613287457486,false,אפטר אייט מוחיטו ומנטה 200 גר,,,אפטר אייט מוחיטו ומנ,גרמים,200.00,100 גרם,false,1,16.20,8.10,true,1,
7613287821348,false,נתחוני עוף טבעוני סנסשיונל טבעול 350 גרם,ג'נרל מילס סאן אדריא,CZ,טבעול נתחוני עוף סנס,גרמים,350.00,100 גרם,false,1,27.90,7.97,true,1,
7613287855640,false,סטארבקס קפסולות קפה גוואטמלה 10 יחידות,נסטלה שוויץ - קפה,CH,סטארבקס קפסולות גווא,גרמים,57.00,100 גרם,false,1,21.50,37.72,true,1,
7617400098358,false,עוגיות סוויס דליס טרופינו חלב 100 גר,,CH,טרופינו שוויץ-וופל ק,גרמים,100.00,100 גרם,false,1,11.40,11.40,true,1,
7622200007332,false,מילקה - שוקולד חלב קרם יוגורט בטעם תות 100 גרם,,DE,מילקה שוקולד חלב קרם,גרמים,100.00,100 גרם,false,1,6.90,6.90,true,1,
7622200009084,false,מילקה טבלאות שוקולד ממולא בסקויט 300 גר,מונדליז,AT,מילקה שוקולד חלב ובס,גרמים,300.00,100 גרם,false,1,20.80,6.93,true,1,
7622201050757,false,שוקולד מילקה טבלת חלב עם קרמל 100 ג',מילקה Milka,DE,שוקולד חלב עם קרמל מ,גרמים,100.00,100 גרם,false,1,6.50,6.50,true,1,
7622201137052,false,אוראו מיני קוקיס - עוגיות שוקולד צ'יפס ותחתית מצופה שוקולד חלב,מונדלז אספנה גלטאס פ,ES,מילקה מיני קוקיז 110,גרמים,110.00,100 גרם,false,1,8.90,8.09,true,1,
7622201401900,false,עוגיות סנסיישן אוראו מילקה 156 גרם,מונדלז פולסקה פרודקש,PL,עוגיות מילקה סנסיישן,גרמים,156.00,100 גרם,false,1,10.50,6.73,true,1,
7622201442880,false,טבלת קדבורי אוראו לבן 120 גרם,,GB,טבלת קדבורי אוראו לב,גרמים,120.00,100 גרם,false,1,10.90,9.08,true,1,
7622201492878,false,מילקה שוקו לופס 132 גרם,,CZ,מילקה שוקו לופס 132,גרמים,132.00,100 גרם,false,1,14.40,10.91,true,1,
7622201502515,false,עוגיות מילקה קוקי לופ שוקולד צ'יפס,גיורי קייקס קייאפטי,HU,מילקה קוקי לופ 132 ג,גרמים,132.00,100 גרם,false,1,10.50,7.95,true,1,
7622201675813,false,מילקה מריר חלב ביצי שוקולד 100 גרם,,,מילקה מריר חלב ביצי,גרמים,100.00,100 גרם,false,1,13.90,13.90,true,1,
7622201801809,false,מילקה שוקולד חלב עם אגוזים 100 גרם חדש,מנדלז דויצ'\לנד סנקס פרו,DE,שוקולד אגוז מילקה 10,גרמים,100.00,100 גרם,false,1,6.50,6.50,true,1,
7622201802363,false,מילקה טבלת שוקולד חלב וצימוקים ואגוזים 100ג',מנדלז דויצ'\לנד סנקס פרו,DE,שוקולד מילקה צימוק,גרמים,100.00,100 גרם,false,1,6.50,6.50,true,1,
7622201802394,false,שוקולד מילקה חלב מסרונים 100 גרם,מנדלז דויצ'\לנד סנקס פרו,DE,שוקולד מילקה חלב 100,גרמים,100.00,100 גרם,false,1,6.90,6.90,true,1,
7622201813390,false,עוגיות מילקה וואפל במילוי קרם קקאו 150 ג,מונדליז סי.אר. ביסקוויט,CZ,עוגיות מילקה וואפל ב,גרמים,150.00,100 גרם,false,1,10.50,7.00,true,1,
7622201823580,false,מוצרט פרלינים שוקולד מרציפן שקית 136 ג,,AT,מוצרט פרלינים שוקולד,גרמים,136.00,100 גרם,false,1,29.90,21.99,true,1,
7622201823733,false,עוגיות מילקה ת'ינס - דקות 151 גרם,מונדלייז,ES,עוגיות מילקה תינס דק,גרמים,151.00,100 גרם,false,1,10.50,6.95,true,1,
7622210078131,false,שוקולד חלב עם שבבי קרמל מילקה דיים 100 גרם,מנדלז דויצ'\לנד סנקס פרו,DE,שוקולד חלב עם דאיים,גרמים,100.00,100 גרם,false,1,6.50,6.50,true,1,
7622210163899,false,שוקולד חלב במילוי סוכריות עדשים,מונדלז דויצ'לנד סנקס,DE,שוקולד חלב עם עדשים,גרמים,100.00,100 גרם,false,1,6.50,6.50,true,1,
7622210176226,false,"חטיפי תפ""א פטריות עם שמנת ליוקס 133 גר",,UA,"חטיפי תפ""א פטריות עם",גרמים,133.00,100 גרם,false,1,16.90,12.71,true,1,
7622210240200,false,מילקה שוקולד חלב ועוגיות אוריאו 300 גרם,מונדליז,,מילקה שוקולד חלב ועו,גרמים,300.00,100 גרם,false,1,20.80,6.93,true,1,
7622210285485,false,שוקולד קדבורי קראנצי רוקס 110 גרם,,GB,קדבורי קראנצי רוקס 1,גרמים,110.00,100 גרם,false,1,15.40,14.00,true,1,
7622210453327,false,עוגיות שוקוצ'יפס במילוי שוקולד סנסיישן,מנדלז פולסקה פרודקשן,PL,מילקה סנסיישן 156 גר,גרמים,100.00,100 גרם,false,1,10.50,10.50,true,1,
7622210638021,false,מיני עוגיות אוראו קראנצ'י בייטס מצופים,מונדלז אספניה ג'לאטס,ES,אוראו ביס קראנצי ציפ,גרמים,110.00,100 גרם,false,1,8.90,8.09,true,1,
7622210640062,false,פלדלפיה שמנת למריחה עם פלפל חלפיניו ופלפל ירוק,מונדלייז,DE,פילדלפיה שמנת למריחה,גרמים,175.00,100 גרם,false,1,16.90,9.66,true,1,
7622210664150,false,"עוגיות אוראו וניל, 396 גרם",מונדלייז,CZ,עוגיות אוראו וניל 39,גרמים,396.00,100 גרם,false,1,17.90,4.52,true,1,
7622210690852,false,מילקה שוקולד טריולד 280 גרם,מונדלייז,AT,מילקה טריוולד 280 גר,גרמים,280.00,100 גרם,false,1,20.80,7.43,true,1,
7622210700070,false,קדבורי קרלי וורלי 110 גרם,,GB,קדבורי קרלי וורלי 11,גרמים,110.00,100 גרם,false,1,15.40,14.00,true,1,
7622210748997,false,אוראו פירורי עוגיות בשקית 300 גרם,מונדליז,HU,אוראו פירורי עוגיות,גרמים,300.00,100 גרם,false,1,12.90,4.30,true,1,
7622210765338,false,עוגיות אורגינל 176 ג' אוראו,מונדולז,,עוגיות אוראו 176 גרם,גרמים,176.00,100 גרם,false,1,8.90,5.06,true,1,
7622210810915,false,שוקולד קדבורי אוראו בייטס 110 גרם,,GB,שוקולד קדבורי אוראו,גרמים,110.00,100 גרם,false,1,12.40,11.27,true,1,
7622210826053,false,שוקולד מילקה אוראו סנדוויץ 92 גר',גיאורי קאקסז קייאףטי,HU,שוקולד מילקה אוראו ס,גרמים,92.00,100 גרם,false,1,6.50,7.07,true,1,
7622210835338,false,אוראו עוגיות ממולאות טעם בראוניז 176 גרם,מנדלז אספנה גאלטס פר,ES,אוראו בראוניז 176 גר,גרמים,176.00,100 גרם,false,1,8.90,5.06,true,1,
7622300270506,false,מילקה גריינס - עוגיות שיבולת שועל מצופות שוקולד 168 ג',מונדלז פולסקה פרודקש,PL,עוגיות ש.שועל מצופות,גרמים,168.00,100 גרם,false,1,10.50,6.25,true,1,
7622300340285,false,גבינת שמנת 22% שומן 175 ג' פילדלפיה,מונדלז דויצ'לנד פרוד,DE,גבינת פילדלפיה 22%,גרמים,175.00,100 גרם,false,1,14.90,8.51,true,1,
7622300340292,false,גבינת שמנת 11% שומן 175 ג' פילדלפיה,מונדלז דויצ'לנד פרוד,DE,גבינת פילדלפיה 11%,גרמים,175.00,100 גרם,false,1,14.90,8.51,true,1,
7622300441715,false,מילקה - עוגיות שוקומינס 150 גרם,מוביל בעל מוניטין,CZ,עוגיות מילקה שוקו מי,גרמים,150.00,100 גרם,false,1,10.50,7.00,true,1,
7622300489434,false,עוגיות אוראו בציפוי שוקולד חלב 246 גרם,מנדלז אספנה גאלטס פר,ES,אוראו פאדג שוקולד חל,גרמים,246.00,100 גרם,false,1,14.90,6.06,true,1,
7622300495046,false,מילקה שוקולד חלב עם אקסטרה קקאו 100 גרם,מנדלז דויצ'\לנד סנקס פרו,DE,שוקולד מילקה אקסטרה,גרמים,100.00,100 גרם,false,1,6.50,6.50,true,1,
7622300503079,false,עוגיות ביסקוויט מצופה שוקולד חלב מילקה 200 גרם,מונדלז פולסקה פרודקש,PL,ביסקוויט מצופה שוקול,גרמים,200.00,100 גרם,false,1,10.50,5.25,true,1,
7622300617820,false,מילקה שוקולד חלב במילוי קרם חלב ווניל ושבבי עוגיות אוראו 100 גרם,מנדלז דויצ'\לנד סנקס פרו,DE,שוקולד מילקה אוראו 1,גרמים,100.00,100 גרם,false,1,6.50,6.50,true,1,
7622300737900,false,שוקולד קדבורי קרמל 120 גרם,מונדליז,GB,קדבורי טבלת שוקולד ח,גרמים,120.00,100 גרם,false,1,11.40,9.50,true,1,
7622300756383,false,"ממרח גבינה פילדלפיה עם ממרח שוקולד ""מילקה"" 175 גרם",מונדלייז,DE,גבינת פילדלפיה עם שו,גרמים,175.00,100 גרם,false,1,16.90,9.66,true,1,
7622300756413,false,גבינת פילדלפיה 20% שומן עם תבלינים 175 ג',מונדלז דויצ'לנד פרוד,DE,גבינת פילדלפיה 20%,גרמים,175.00,100 גרם,false,1,14.90,8.51,true,1,
7622400005190,false,שוקולד חלב נגיעות שוקולד לבן מילקה 100 ג,מנדלז דויצ'\לנד סנקס פרו,DE,שוקולד חלב נגיעות שו,גרמים,100.00,100 גרם,false,1,6.50,6.50,true,1,
7622400006753,false,שוקולד קוטדור 70% קקאו 100 גרם,מונדלייז,BE,שוקולד קוטדור 70% קק,גרמים,100.00,100 גרם,false,1,16.60,16.60,true,1,
7622400904608,false,מילקה שוק.חלב עם קרם יוגורט קריספי 300 ג,,,מילקה שוקולד חלב עם,גרמים,300.00,100 גרם,false,1,20.80,6.93,true,1,
7630311507016,false,סטארבקס קפסולות קפה סאני דיי 10יח,נסטלה שוויץ - קפה,CH,סטארבקס קפסולות סאני,גרמים,57.00,100 גרם,false,1,21.90,38.42,true,1,
7630477891592,false,סטארבקס קפסולות קפה האוס בלנד 10 יחידות,נסטלה שוויץ - קפה,CH,סטארבקס קפסולות האוס,גרמים,57.00,100 גרם,false,1,21.50,37.72,true,1,
7630477891653,false,סטארבקס קפסולות קפה אספרסו נטול 10 יחידו,נסטלה שוויץ - קפה,CH,סטארבקס קפסולות אספר,גרמים,57.00,100 גרם,false,1,21.50,37.72,true,1,
7630477891714,false,סטארבקס קפסולות קפה אספרסו 10 יחידות,נסטלה שוויץ - קפה,CH,סטארבקס קפסולות אספר,גרמים,57.00,100 גרם,false,1,21.50,37.72,true,1,
7630477891738,false,סטארבקס קפסולות קפה אספרסו בלונד 10 יחיד,נסטלה שוויץ - קפה,CH,סטארבקס קפסולות אספר,גרמים,53.00,100 גרם,false,1,21.50,40.57,true,1,
7640175743451,false,משקה כוהלי על בסיס גין בומביי ספייר 250מ,בומביי ספיריטס,BE,משקה כוהלי על בסיס ג,מיליליטרים,250.00,"100 מ""ל",false,1,14.90,5.96,true,1,
7702018263813,false,סכיני גילוח גילט מאך 3 טורבו 4 יח,,,סכיני גילוח גילט מאך,Unknown,0.00,Unknown,false,1,67.90,67.90,true,1,
7702018469383,false,גילט מארז סכיני גילוח פיוזן ידני 12 יחיד,דיפלומט,PL,סכ.גילוח גילט פיוזן,Unknown,0.00,Unknown,false,1,169.90,169.90,true,1,
7702018978120,false,"ג'ילט - דאודורנט ג'ל לגבר קול וייב 70 מ""ל",פרוקטר אנד גמבל,PL,דאו גילט קליר גל לגב,מיליליטרים,70.00,"100 מ""ל",false,1,17.90,25.57,true,1,
7702024074625,false,פיטנס - חטיפי קרקר חיטה מלאה 234 גרם,קומסטיבלס לה רוזה אס.איי,CO,חטיפי קרקר חיטה מלאה,גרמים,234.00,100 גרם,false,1,11.90,5.09,true,1,
7702024258322,false,"חטיפי קרקר עם חיטה מלאה, צ'יה וזרעי פשתן פיטנס",נסטלה Nestle,CO,פיטנס חטיפי קרקר ציה,גרמים,234.00,100 גרם,false,1,11.90,5.09,true,1,
7702174068826,false,יוגטה מבחר סוכריות לקקן קשות ממולאות טופי בטעמי יוגורט ופירות 204 גרם,יוגטה yogueta,CO,לקקן יוגטה בטעם פירו,גרמים,204.00,100 גרם,false,1,13.90,6.81,true,1,
7702174070201,false,יוגטה לקקן בטעם מסטיק ממולא טופי בטעם תות 12 יח' 204 גרם,ליימן שליסל,CO,לקקן יוגטה בטעם מגיק,גרמים,204.00,100 גרם,false,1,13.90,6.81,true,1,
7702174073783,false,סוכריות על מקל בטעם קולה במילוי גומי לעיסה,הדקלאים אגודת שיתופי,CO,לקקן יוגטה פין פופ 1,גרמים,170.00,100 גרם,false,1,14.90,8.76,true,1,
7790240017045,false,טרפיצה מלבק 750 מל-יין אדום,,,"טרפיצה מלבק 750 מ""ל-",Unknown,0.00,Unknown,false,1,41.90,41.90,true,1,
7790240025415,false,טרפיצה מרלו 750 מל-יין אדום,,,"טרפיצה מרלו 750 מ""ל-",Unknown,0.00,Unknown,false,1,41.90,41.90,true,1,
7790240090154,false,יין טרפיצה ברוקל מלבק 750 מל,,,יין טרפיצה ברוקל מלב,Unknown,0.00,Unknown,false,1,68.90,68.90,true,1,
7790240090895,false,"יין טרפיצה ברוקל בונרדה 750 מ""ל",,,יין טרפיצה ברוקל בונ,Unknown,0.00,Unknown,false,1,72.90,72.90,true,1,
7790240092240,false,יין טרפיצה ברוקל קברנה פרנק 750 מל,,,יין טרפיצה ברוקל קבר,Unknown,0.00,Unknown,false,1,68.90,68.90,true,1,
7790387113228,false,טאראגווי-תה גרבה בטעם תפוז 500 גר,,,טאראגווי-תה גרבה בטע,גרמים,500.00,100 גרם,false,1,27.50,5.50,true,1,
7790762000679,false,סנטה אנה מרלו 750 מל,,,סנטה אנה מרלו 750 מל,Unknown,0.00,Unknown,false,1,42.90,42.90,true,1,
7790762000693,false,סנטה אנה שרדונה 750 מל,,,סנטה אנה שרדונה 750,Unknown,0.00,Unknown,false,1,42.90,42.90,true,1,
7790762001348,false,סנטה אנה מלבק 750 מל,,,סנטה אנה מלבק 750 מל,Unknown,0.00,Unknown,false,1,42.90,42.90,true,1,
7790762052494,false,"יין גראן מסקוטה מלבק 750 מ""ל",,,יין גראן מסקוטה מלבק,Unknown,0.00,Unknown,false,1,101.90,101.90,true,1,
7790762053255,false,יין גראן מסקוטה קברנה סוביניון 750 מל,,,יין גראן מסקוטה קברנ,Unknown,0.00,Unknown,false,1,101.90,101.90,true,1,
7791875005353,false,ריבת חלב הוואנה דוצה דה לצה 450 גרם,מיגה פוד קומרס,ES,ריבת חלב הוואנה דולצ,גרמים,450.00,100 גרם,false,1,20.90,4.64,true,1,
7798030790017,false,"פחם 2 ק""ג",,,"פחם 2 ק""ג",Unknown,0.00,Unknown,false,1,19.90,19.90,true,1,
7860001951717,false,מסנן כיור אמריקאי סליקון,,,מסנן כיור אמריקאי סל,Unknown,0.00,Unknown,false,1,20.00,20.00,true,1,
7891024124826,false,קולגייט משחת אופטיק ספרקלינג וייט 75מל,הנסיך- מפעל לייצור ט,BR,קולגייט משחת אופטיק,מיליליטרים,75.00,"100 מ""ל",false,1,19.90,26.53,true,1,
8000020005247,false,יין גרנד דולצה מבעבע מתוק צינזנו 750 מל,davide campari,,יין גרנד דולצה מבעבע,Unknown,0.00,Unknown,false,1,37.90,37.90,true,1,
8000040000802,false,משקה קמפרי 1000 מל פ,קמפרי (יורו),,קמפרי 1 ליטר,מיליליטרים,1000.00,"100 מ""ל",false,1,89.90,8.99,true,1,
8000070003774,false,קפסולות אספרסו לוואצה אינטנסו 13 16 יח,לואיג'י לוואצה,IT,קפסולות אספרסו לוואצ,יחידה,1.00,יחידה,false,1,30.90,30.90,true,1,
8000070012783,false,קפה לוואצה קלוי וטחון חוזק 5 אורו 250 גר,לאוג'י לוואצה אס.פי.אי,IT,קפה לוואצה קלוי וטחו,גרמים,250.00,100 גרם,false,1,39.90,15.96,true,1,
8000070029996,false,לוואצה אורו שחור אספרסו קלוי וטחון 250גר,לווצה טורינו,IT,קפה לוואצה קלוי וטחו,גרמים,250.00,100 גרם,false,1,39.90,15.96,true,1,
8000070038868,false,קפה לוואצה קלוי וטחון חוזק 8 קלאסיקו 250 גר,לאוג'י לוואצה אס.פי.אי,IT,לוואצה חוזק 8 קרמה ג,גרמים,250.00,100 גרם,false,1,29.90,11.96,true,1,
8000070038974,false,"קרמה גוסטו פולי קפה 1 ג""ק לוואזה",,IT,קרמה גוסטו פולי קפה,גרמים,1000.00,100 גרם,false,1,125.50,12.55,true,1,
8000070053465,false,קפסולות קפה נספרסו חוזק 8 אורו לוואצה 55 גרם,לאוג'י לוואצה אס.פי.אי,IT,קפסולות לוואצה אורו,יחידה,1.00,יחידה,false,1,22.90,22.90,true,1,
8000070053472,false,לוואצה קרמה גוסטו קלאסיקו מס' 12 קפסולות לקפה 55 גרם,לאוג'י לוואצה אס.פי.אי,IT,קפסולות לוואצה קרמה,יחידה,1.00,יחידה,false,1,22.90,22.90,true,1,
8000070055254,false,לוואצה קרמה גוסטו פורטה מס' 13 קפסולות לקפה 55 גרם,לואיג'י לוואצה,IT,קפסולות לוואצה קרמה,יחידה,1.00,יחידה,false,1,22.90,22.90,true,1,
8000070059832,false,קפסולות קרמה גוסטו ריקו חוזק 11 55 ג' לוואצה,לואיג'י לוואצה,IT,קפסולות לוואצה קרמה,יחידה,1.00,יחידה,false,1,22.90,22.90,true,1,
8000070064553,false,קפסולות אספרסו לוואצה רוסה 10 16 יח,לווצה טורינו,IT,קפסולות אספרסו לוואצ,יחידה,1.00,יחידה,false,1,30.90,30.90,true,1,
8000070064577,false,קפסולות קפה לוואצה קוואליטה אורו חוזק 8,לואיג'י לוואצה,IT,קפסולות אספרסו לוואצ,יחידה,1.00,יחידה,false,1,30.90,30.90,true,1,
8000070081154,false,קפסולות קפה אספרסו לג'רו 4 10 יחידות,לאוג'\י לוואצה אס.פי.אי,IT,קפסולות לוואצה לגירו,גרמים,55.00,100 גרם,false,1,19.50,35.45,true,1,
8000070081161,false,קפסולות לוואצה אבולגינטה 5 נספרסו 55 גר,לווצה טורינו,IT,קפסולות לוואצה אבולג,גרמים,55.00,100 גרם,false,1,19.50,35.45,true,1,
8000113003402,false,"קמח תירס בוואקום 1 ק""ג",מולינו ניקולי אס.פי.,IT,"קמח תירס בואקום 1 ק""",גרמים,1000.00,100 גרם,false,1,16.70,1.67,true,1,
8000139000102,false,גרופלו פסטה מפאלדה 500 גרם,,IT,גרופלו פסטה מפאלדה 5,גרמים,500.00,100 גרם,false,1,17.90,3.58,true,1,
8000139000942,false,פסטה גרפולו לומצינה 500 גרם,,,פסטה גרפולו לומקינה,גרמים,500.00,100 גרם,false,1,13.90,2.78,true,1,
8000139001253,false,פסטה גרפולו פוזילי לונגי 500 גרם,,,פסטה גרפולו פוזילי,גרמים,500.00,100 גרם,false,1,15.10,3.02,true,1,
8000139002021,false,פסטה גרפולו קלמרטה 500 גרם,,,פסטה גרפולו קלמרטה 5,גרמים,500.00,100 גרם,false,1,15.10,3.02,true,1,
8000139910173,false,פסטה גרפולו אורזו 500 גרם,,,פסטה גרפולו אורזו 50,גרמים,500.00,100 גרם,false,1,13.90,2.78,true,1,
8000139910197,false,פסטה גרפולו ריגטוני 500 גרם,,,פסטה גרפולו ריגטוני,גרמים,500.00,100 גרם,false,1,13.90,2.78,true,1,
8000139910203,false,פסטה גרפולו קוצי סארדי 500 גרם,,,פסטה גרפולו קוצי סאר,גרמים,500.00,100 גרם,false,1,13.90,2.78,true,1,
8000139910227,false,פסטה גרפולו פוזילי 500 גרם,,,פסטה גרפולו פוזילי 5,גרמים,500.00,100 גרם,false,1,13.90,2.78,true,1,
8000139910234,false,גארופאלו פסטה פנה ריגטה 500 ג',,,פסטה גרפולו פנה ריגט,גרמים,500.00,100 גרם,false,1,13.90,2.78,true,1,
8000139910265,false,פסטה ראדיאטורי גרפולו 500 גר,,,פסטה ראדיאטורי גרפול,גרמים,500.00,100 גרם,false,1,13.90,2.78,true,1,
8000139910272,false,פסטה גרפולו פפרדלה נידו 500 גר,,,פסטה גרפולו פפרדלה נ,גרמים,500.00,100 גרם,false,1,15.10,3.02,true,1,
8000139910289,false,פסטה טליאטלה גרפולו 500 גר,,,פסטה גרפולו טליאטלה,גרמים,500.00,100 גרם,false,1,15.10,3.02,true,1,
8000139910357,false,פסטה לומאקוני גרפולו 500 גרם,,,פסטה לומאקוני גארופא,גרמים,500.00,100 גרם,false,1,15.10,3.02,true,1,
8000139910371,false,פסטה גרפולו פרימוורה 500 גרם,,,פסטה גרפולו פרימוורה,גרמים,500.00,100 גרם,false,1,15.10,3.02,true,1,
8000139910753,false,גארופאלו פסטה מקלות קאזארצה 500 ג',,,פסטה גרפולו קסרצה,גרמים,500.00,100 גרם,false,1,13.90,2.78,true,1,
8000139920875,false,ניוקי תפוח אדמה גרפולו 500 גרם,,,ניוקי תפוח אדמה גרפו,גרמים,500.00,100 גרם,false,1,15.10,3.02,true,1,
8000215202413,false,מעדן אורז בטעם וניל אורגני 400 גרם,ויטריז,IT,מעדן אורז בטעם וניל,גרמים,400.00,100 גרם,false,1,16.50,4.13,true,1,
8000215204219,false,ויטאריז משקה אורז אורגני 1 ליטר,בטר אנד דיפרנט,IT,משקה אורז - אורגני 1,מיליליטרים,1000.00,"100 מ""ל",false,1,14.90,1.49,true,1,
8000215204240,false,ויטאריז משקה שקדים ואורז אורגני 1 ליטר,בטר אנד דיפרנט,IT,משקה שקדים ואורז - א,מיליליטרים,1000.00,"100 מ""ל",false,1,14.90,1.49,true,1,
8000215204271,false,ויטריז - משקה שקדים ואורז אישי 200 גר,"נטורפוד בע""מ",IT,ויטריז - משקה שקדים,מיליליטרים,200.00,"100 מ""ל",false,1,4.50,2.25,true,1,
8000215204363,false,משקה קוקוס ויטריז 1 ליטר,אלינור,IT,משקה קוקוס ויטריז 1,מיליליטרים,1000.00,"100 מ""ל",false,1,14.90,1.49,true,1,
8000215204394,false,"משקה אורז אורגני אגוז לוז ""נטורפוד""",בטר אנד דיפרנט,US,משקה אגוזי לוז ואורז,מיליליטרים,1000.00,"100 מ""ל",false,1,18.90,1.89,true,1,
8000215204561,false,VITASI משקה שקדים אורגני 1 ליטר,בטר אנד דיפרנט,IT,VITASI משקה שקדים או,מיליליטרים,1000.00,"100 מ""ל",false,1,13.90,1.39,true,1,
8000215204653,false,משקה סויה אורגני 1ליטר,בטר אנד דיפרנט,IT,VITASI משקה סויה 1 ל,מיליליטרים,1000.00,"100 מ""ל",false,1,13.50,1.35,true,1,
8000215204677,false,ויטריז - משקה שיבולת שועל בריסטה אורגני,בטר אנד דיפרנט,IT,משקה ש.שועל בריסטה א,מיליליטרים,1000.00,"100 מ""ל",false,1,14.90,1.49,true,1,
8000215204714,false,משקה שיבולת שועל אורגני 1 ליטר PRIMAVENA,בטר אנד דיפרנט,IT,משקה שיבולת שועל אור,מיליליטרים,1000.00,"100 מ""ל",false,1,14.90,1.49,true,1,
8000253000729,false,תערובת ריזוטו פטריות פורציני 250 גרם,מרבוטו,IT,תערובת ריזוטו פטריות,גרמים,250.00,100 גרם,false,1,24.90,9.96,true,1,
8000253001023,false,פולנטה ופטריות פורציני 250 גרם,מרבוטו,IT,פולנטה ופטריות פורצי,גרמים,250.00,100 גרם,false,1,24.90,9.96,true,1,
8000320010088,false,"רוטב עגבניות במרקם גס 680 מ""ל MUTTI",קונסרב,IT,פסאטה במרקם גס 680 מ,מיליליטרים,680.00,"100 מ""ל",false,1,14.40,2.12,true,1,
8000320010095,false,"רוטב עגבניות במרקם עדין 700 מ""ל MUTTI",קונסרב,IT,פסאטה במרקם עדין 700,מיליליטרים,700.00,"100 מ""ל",false,1,12.40,1.77,true,1,
8000353200029,false,"ליקר דובדבנים סאן מורלקו לוקסרדו 700 מ""ל",,,ליקר דובדבנים סאן מו,מיליליטרים,700.00,"100 מ""ל",false,1,89.90,12.84,true,1,
8000380003723,false,וופל אגוזים בציפוי שוקולד לואקר 100 גרם,קריניציה ויטמינה אס,IT,עוגיות גרנד פטיסרי 1,גרמים,100.00,100 גרם,false,1,11.90,11.90,true,1,
8000380003761,false,וופל גרנד פטיסרי שוקולד וקוקוס לואקר 100 גרם,קריניציה ויטמינה אס,IT,עוגיות גרנד פטיסרי 1,גרמים,100.00,100 גרם,false,1,11.90,11.90,true,1,
8000380004676,false,קוביות וופל סנדוויץ Sandwich עם וניל וחלב,"א. לואקר, קונפקט ג'י",AT,וופל וניל 200 גרם,גרמים,200.00,100 גרם,false,1,12.50,6.25,true,1,
8000380004881,false,וופל קוארדטיני לואקר קוביות טרמיסו 220ג',קריניציה ויטמינה אס,IT,וופל קואדרטיני טירמי,גרמים,220.00,100 גרם,false,1,13.90,6.32,true,1,
8000380004911,false,קוביות וופל קואדרטיני Quadratini קרם אגוזים,קריניציה ויטמינה אס,AT,וופל קוארדטיני אגוז,גרמים,250.00,100 גרם,false,1,13.90,5.56,true,1,
8000380004942,false,וופל לואקר קוארדטיני קוביות ווניל 250ג',ליימן מותגים,AT,קואדרטיני וניל 250 ג,גרמים,250.00,100 גרם,false,1,13.90,5.56,true,1,
8000380004966,false,וופל קוארדטיני לואקר קוביות שוקולד 250ג',קריניציה ויטמינה אס,AT,וופל קוארדטיני קקאו,גרמים,250.00,100 גרם,false,1,13.90,5.56,true,1,
8000380007219,false,וופלים בטעם אגוזים לואקר 175 גרם,ליימן מותגים,AT,וופל לואקר אגוז 175,גרמים,175.00,100 גרם,false,1,11.80,6.74,true,1,
8000380007257,false,וופל גרדנה אגוזים לואקר 200 גרם,קריניציה ויטמינה אס,IT,וופל גרדנה אגוז 200,גרמים,200.00,100 גרם,false,1,13.90,6.95,true,1,
8000380007271,false,וופל במילוי קרם חלב לואקר 175 גרם,ליימן מותגים,AT,וופל לואקר חלב 175 ג,גרמים,175.00,100 גרם,false,1,11.80,6.74,true,1,
8000380106028,false,טורטינה לואקר וופל שוקולד ואגוזים שישיה 125ג',קריניציה ויטמינה אס,IT,טורטינה אורגינל 1/6,גרמים,125.00,100 גרם,false,1,16.90,13.52,true,1,
8000380142484,false,קוביות וופל קואדרטיני Quadratini בטעם שוקולד מריר,"אינסטנטה בע""מ",AT,קואדרטיני שוקולד מרי,גרמים,250.00,100 גרם,false,1,13.90,5.56,true,1,
8000380144044,false,גרדנה וופל מצופה שוקולד חלב לואקר 200 גרם,"א. לואקר , AG/SpA, ו",IT,וופל גרדנה שוקולד 20,גרמים,200.00,100 גרם,false,1,13.90,6.95,true,1,
8000380148035,false,וופל אגוזי לוג שוקולד מריר גראן פטיסרי Gran Pasticceria,קריניציה ויטמינה אס,IT,עוגיות גרנד פטיסרי 1,גרמים,100.00,100 גרם,false,1,11.90,11.90,true,1,
8000380152728,false,מארז חטיפי אצבעות גרנדה שוקולד 125 גרם,"אינסטנטה בע""מ",IT,מארז חטיפי אצבעות גר,גרמים,125.00,100 גרם,false,1,17.90,14.32,true,1,
8000380153534,false,מארז וופל שוקולד טורטינה Tortina שוקולד לבן,א. לואקר אס. פי. אי-אי.,IT,טורטינה לבן 1/6 125,גרמים,125.00,100 גרם,false,1,16.90,13.52,true,1,
8000380180745,false,וופל קוביות קקאו במילוי קרם חלב לואקר 250 גרם,"א. לואקר, קונפקט ג'י",AT,לואקר קוביות וופל קק,גרמים,250.00,100 גרם,false,1,13.90,5.56,true,1,
8000380180837,false,וופל גרנד פטיסרי קוקוס לבן מצופה שוקולד לבן לואקר 100 גרם,"אינסטנטה בע""מ",IT,גרנד פטיסרי עם קרם ק,גרמים,100.00,100 גרם,false,1,11.90,11.90,true,1,
8000380187119,false,עוגיות במילוי קרם אגוזי לוז לואקר 100 גר,לואקר Loacker,AT,עוגיות במילוי קרם אג,גרמים,100.00,100 גרם,false,1,15.40,15.40,true,1,
8000380187249,false,עוגיות עם מילוי קרם שקדים ושוקולד חלב,לואקר Loacker,AT,עוגיות במילוי קרם שק,גרמים,100.00,100 גרם,false,1,15.40,15.40,true,1,
8000380187300,false,עוגיות חמאה עם שוקולד חלב לואקר 120 גר,לואקר Loacker,AT,עוגיות חמאה עם שוקול,גרמים,120.00,100 גרם,false,1,15.40,12.83,true,1,
8000380192151,false,טורטינה טריפל שוקולד מריר לואקר 125 גרם,א. לואקר אס. פי. אי-אי.,IT,טורטינה טריפל שוקולד,גרמים,125.00,100 גרם,false,1,16.90,13.52,true,1,
8000380192199,false,וופל לואקר דאבל שוקולד 175 גרם,ליימן מותגים,AT,וופל לואקר דאבל שוקו,גרמים,175.00,100 גרם,false,1,11.80,6.74,true,1,
8000380192588,false,וופלים קואדרטיני דאבל שוקולד לואקר 250 גרם,קריניציה ויטמינה אס,AT,וופל קואדרטיני דאבל,גרמים,250.00,100 גרם,false,1,13.90,5.56,true,1,
8000380201396,false,שוקולד חלב ממולא קרם קרמל ועלי וופל פריכ,ליימן מותגים,AT,שוקולד חלב ממולא קרם,גרמים,125.00,100 גרם,false,1,16.90,13.52,true,1,
8000380205400,false,וופלים קואדרטיני חמאת בוטנים לואקר 250 גרם,ליימן מותגים,AT,וופל לואקר קואדרטיני,גרמים,250.00,100 גרם,false,1,13.50,5.40,true,1,
8000380205523,false,וופלים בטעם חמאת בוטנים לואקר 175 גרם,ליימן מותגים,AT,וופל לואקר קלאסיק חמ,גרמים,175.00,100 גרם,false,1,11.50,6.57,true,1,
8000380206896,false,וופל גרדנה חמאת בוטנים לואקר 200 גרם,ליימן מותגים,IT,וופל לואקר גרדנה חמא,גרמים,200.00,100 גרם,false,1,13.90,6.95,true,1,
8000500023624,false,חטיפי הפי היפו Happy Hippo במילוי קרם חלב וקקאו,פררו - אלבה,IT,קינדר הפי היפו חמישי,גרמים,104.00,100 גרם,false,1,12.50,12.02,true,1,
8000500026731,false,שוקולד ביצי הפתעה קינדר שלישייה,פררו אס.פי.אי,IT,שלישיית ביצי הפתעה ק,גרמים,60.00,100 גרם,false,1,14.90,24.83,true,1,
8000500028124,false,קינדר גוי ביצת הפתעה מארז שלישיה,ליימן שליסל,ZA,ביצת הפתעה קינדר גוי,גרמים,60.00,100 גרם,false,1,13.90,23.17,true,1,
8000500029350,false,מארז קינדר בואנו Kinder Bueno שלוש יחידות,פררו - אלבה,PL,שלישייה קינדר בואנו,גרמים,129.00,100 גרם,false,1,9.90,7.67,true,1,
8000500071083,false,אצבעות שוקולד קינדר Kinder שש עשרה יחידות,פררו - אלבה,IT,קינדר שוקולד מארז 20,גרמים,200.00,100 גרם,false,1,12.50,6.25,true,1,
8000500121436,false,מארז קינדר בואנו Kinder Bueno לבן שלוש יחידות,פררו - אלבה,PL,שלישייה קינדר בואנו,גרמים,129.00,100 גרם,false,1,9.90,7.67,true,1,
8000500172810,false,סוכריות בטעם תות שדה מנטה- מארז רביעייה,פררו - אלבה,EC,טיק טק תות שדה רביעי,גרמים,64.00,100 גרם,false,1,11.50,17.97,true,1,
8000500227848,false,נוטלה - בי רדי אצבעות ביסקוויט במילוי שוקולד 6 יח' * 22 גרם,פררו,IT,וופל נוטלה בי רדי שי,גרמים,132.00,100 גרם,false,1,12.50,9.47,true,1,
8000500331798,false,פררו חנותה ריגל חמישייה 172.5 גרם,פררו,DE,פררו חנותה ריגל חמיש,גרמים,173.00,100 גרם,false,1,23.90,13.82,true,1,
8000500359358,false,מארז שלישיית עוגיות נוטלה באריזה אישית - NUTELLA BISCUITTS,פררו,IT,ביסקוויטים במילוי נו,גרמים,41.00,100 גרם,false,1,3.90,9.51,true,1,
8000500359556,false,פררו רפאלו שוקולד קוקוס ושקדים 90 גרם,,DE,טבלת שוקולד רפאלו 90,גרמים,90.00,100 גרם,false,1,18.70,20.78,true,1,
8000570283607,false,"מרטיני אסטי מבעבע כשר 750 מ""ל קרטונית",מרטיני Martini,IT,יין מבעבע מרטיני אסט,מיליליטרים,750.00,"100 מ""ל",false,1,64.90,8.65,true,1,
8000698307575,false,בונ גואיל 235 ג FELETTI,SORINI-Holding Dolci,IT,בונ גואיל 235 ג FELE,גרמים,235.00,100 גרם,false,1,54.90,23.36,true,1,
8000786100408,false,"פולנטה מסורתית 1 ק""ג LA GRANDE ROUTA",לה גרנדה רוטה,IT,"פולנטה מסורתית 1 ק""ג",קילוגרמים,0.00,"ק""ג",false,1,14.90,14.90,true,1,
8000895003355,false,עוגיות קנטוציני שקדים 175 גרם SAPORI,,,עוגיות קנטוציני שקדי,גרמים,175.00,100 גרם,false,1,12.90,7.37,true,1,
8000895003379,false,עוגיות רכות עם שקדים 175 גרם SAPORI,,,עוגיות רכות עם שקדים,גרמים,175.00,100 גרם,false,1,18.40,10.51,true,1,
8001003100164,false,יוגטה סוכריות ג'לי בטעמי פירות 450 גרם,יוגטה yogueta,IT,יוגטה סוכריות גילי ב,גרמים,450.00,100 גרם,false,1,12.40,2.76,true,1,
8001090222541,false,הרבל אסנסס שמפו תות שדה ומנטה 400 גרם,הרבל אסנס Herbal Essences,FR,שמפו הרבל אסנסס תות,מיליליטרים,400.00,"100 מ""ל",false,1,27.50,6.88,true,1,
8001090222572,false,"מרכך הרבל אסנסס תות שדה ומנטה 400 מ""ל",הרבל אסנס Herbal Essences,FR,מרכך הרבל אסנסס תות,מיליליטרים,400.00,"100 מ""ל",false,1,27.50,6.88,true,1,
8001090375186,false,"מרכך מרוכז פנטן לצבע מלא חיים 200 מ""ל",פרוקטר אנד גמבל,FR,מרכך מרוכז פנטן,מיליליטרים,200.00,"100 מ""ל",false,1,25.90,12.95,true,1,
8001090458353,false,סבון כלים פעולה אנטי-בקטריאלית אקליפטוס,פרוקטר אנד גמבל,GB,נוזל כלים אנטי בקטרי,מיליליטרים,515.00,"100 מ""ל",false,1,9.90,1.92,true,1,
8001090493637,false,"הד אנד שולדרס שמפו אולטרא טוטאל קר 450 מ""ל",פרוקטר אנד גמבל,RO,שמפו לגבר אולטרא טוט,מיליליטרים,450.00,"100 מ""ל",false,1,26.90,5.98,true,1,
8001090580122,false,"הד אנד שולדרס שמפו סופרים משקם 400 מ""ל",פרוקטר אנד גמבל,FR,שמפו הד&שולדרס סופרי,מיליליטרים,400.00,"100 מ""ל",false,1,21.90,5.48,true,1,
8001090645517,false,"הרבל אסנסס מרכך ג'ינג'ר 400 מ""ל",הרבל אסנס Herbal Essences,FR,מרכך הרבל אסנסס גינג,מיליליטרים,400.00,"100 מ""ל",false,1,27.50,6.88,true,1,
8001090734044,false,אולוויז מגן תחתון גיגה פק לארג' אקסטרה פרוטקט 64 יח',פרוקטר אנד גמבל,DE,מגן תחתון אולוויז מג,Unknown,0.00,Unknown,false,1,19.90,19.90,true,1,
8001090737809,false,מגן תחתון אולוויז סינגל טנגה 36 יחידות,פרוקטר אנד גמבל,ES,מגן תחתון אולוויז סי,Unknown,0.00,Unknown,false,1,16.90,16.90,true,1,
8001090740717,false,מגני תחתון אולוויז נורמל עם ניחוח רענן Fresh Scent,פרוקטר אנד גמבל )ראה קוד,UA,מגן תחתון אולוויז מג,Unknown,0.00,Unknown,false,1,19.90,19.90,true,1,
8001090745903,false,אבקת כביסה טייד פרש אלפיין 4 קג,פרוקטר אנד גמבל,TR,אבקת כביסה טייד פרש,קילוגרמים,0.00,"ק""ג",false,1,34.90,34.90,true,1,
8001090748638,false,מרכך כביסה לנור מרוכז קיס 1 ל,,SA,מרכך כביסה לנור מרוכ,ליטרים,0.00,ליטר,false,1,33.50,33.50,true,1,
8001090802385,false,קפסולות גל לכביסה טייד בניחוח לנור 26 יח,פרוקטר אנד גמבל,FR,קפסולות גל לכביסה טי,Unknown,0.00,Unknown,false,1,34.90,34.90,true,1,
8001090832856,false,"פנטן 660 מ""ל קונדישינר מרוקאי משקם",פרוקטר אנד גמבל,RO,קונדישנר פנטן מרוקאי,מיליליטרים,660.00,"100 מ""ל",false,1,19.90,3.02,true,1,
8001090833167,false,גל כביסה אריאל בניחוח הרים 2.365 ליטר,פרוקטור אנד גמבל,FR,גל כביסה אריאל בניחו,ליטרים,0.00,ליטר,false,1,32.90,32.90,true,1,
8001090833228,false,אריאל ג'ל כביסה קולור 2.365 ליטר,פרוקטור אנד גמבל,FR,גל כביסה אריאל קולור,ליטרים,0.00,ליטר,false,1,32.90,32.90,true,1,
8001090833259,false,גל כביסה אריאל בניחוח הרים 3.740 ליטר,פרוקטר אנד גמבל,FR,גל כביסה אריאל בניחו,ליטרים,0.00,ליטר,false,1,49.90,49.90,true,1,
8001090833280,false,גל כביסה אריאל בניחוח הרים 5.005 ליטר,פרוקטור אנד גמבל,FR,גל כביסה אריאל בניחו,ליטרים,0.01,ליטר,false,1,59.90,5990.00,true,1,
8001090899194,false,תחבושות אולוויז פלטינום נורמל 24 יחידות,פרוקטר אנד גמבל,DE,תחבושות אולוויז פלטי,Unknown,0.00,Unknown,false,1,27.50,27.50,true,1,
8001090899224,false,תחבושות אולוויז פלטינום לונג 20 יחידות,פרוקטר אנד גמבל,DE,תחבושות אולוויז פלטי,Unknown,0.00,Unknown,false,1,27.50,27.50,true,1,
8001090899255,false,תחבושות אולוויז פלטינום לילה 16 יחידות,פרוקטר אנד גמבל,DE,תחבושות אולוויז פלטי,Unknown,0.00,Unknown,false,1,27.50,27.50,true,1,
8001100058979,false,עוגת פנטונה בציפוי סוכר 750 גרם,,IT,עוגת פנדורו בחושה קל,גרמים,750.00,100 גרם,false,1,52.90,7.05,true,1,
8001100059242,false,שקיות וופל ריבועי פלוקו במילוי קרם קקאו 250 ג',,,בלוקו וופלים קוביות,גרמים,250.00,100 גרם,false,1,10.90,4.36,true,1,
8001100059266,false,שקיות פרוסות ריבועי פלוקו במילוי קרם וניל וחלב 250 ג',,,בלוקו וופלים קוביות,גרמים,250.00,100 גרם,false,1,10.90,4.36,true,1,
8001160001786,false,"משקה אנרגיה גטורייד ספורט כחול 500מ""ל",אקווה מינרלה סאן בנדטו,IT,גטורייד ספורט כחול 5,מיליליטרים,500.00,"100 מ""ל",false,1,12.20,2.44,true,1,
8001193050041,false,וופל טוסט בלגי 240 גרם,,,וופל טוסט בלגי 240 ג,גרמים,240.00,100 גרם,false,1,12.30,5.13,true,1,
8001200023808,false,פסטה אליציה צבעוני 500 גר Agnesi,,,פסטה אליציה צבעוני 5,גרמים,500.00,100 גרם,false,1,8.30,1.66,true,1,
8001200025505,false,פסטה פוזילי מס.78 500 גר Agnesi,,,פסטה פוזילי מס.78 50,גרמים,500.00,100 גרם,false,1,8.30,1.66,true,1,
8001200045039,false,פסטה ספגטי מס.3 500 גר Agnesi,,IT,פסטה ספגטי מס.3 500,גרמים,500.00,100 גרם,false,1,8.30,1.66,true,1,
8001200045053,false,פסטה ספגטיני מס.2 500 גר Agnesi,,IT,פסטה ספגטיני מס.2 50,גרמים,500.00,100 גרם,false,1,8.30,1.66,true,1,
8001200045190,false,פסטה אליציה מס.56 500 גר Agnesi,,,פסטה אליציה מס.56 50,גרמים,500.00,100 גרם,false,1,8.30,1.66,true,1,
8001200045299,false,פסטה פנה ריגטה 500 גר Agnesi,,IT,פסטה פנה ריגטה 500 ג,גרמים,500.00,100 גרם,false,1,8.30,1.66,true,1,
8001200045350,false,פסטה ניוקי 500 גר Agnesi,,IT,פסטה ניוקי 500 גר Ag,גרמים,500.00,100 גרם,false,1,8.30,1.66,true,1,
8001200045374,false,פסטה צילנטני מסולסל 500 גר Agnesi,,,פסטה צילנטני מסולסל,גרמים,500.00,100 גרם,false,1,8.30,1.66,true,1,
8001200045473,false,פסטה ריגטוני 500 גר Agnesi,,,פסטה ריגטוני 500 גר,גרמים,500.00,100 גרם,false,1,8.30,1.66,true,1,
8001200045831,false,פסטה פארפלה מס.61 500 גר Agnesi,,IT,פסטה פארפלה מס.61 50,גרמים,500.00,100 גרם,false,1,8.30,1.66,true,1,
8001200045916,false,פסטה טליאטלה ביצים 250 גר Agnesi,,,פסטה טליאטלה ביצים 2,גרמים,250.00,100 גרם,false,1,13.90,5.56,true,1,
8001200045978,false,פסטה פפרדלה ביצים 250 גר Agnesi,,,פסטה פפרדלה ביצים 25,גרמים,250.00,100 גרם,false,1,13.90,5.56,true,1,
8001200045992,false,פסטה ביצים ותרד 250 גר Agnesi,,,פסטה ביצים ותרד 250,גרמים,250.00,100 גרם,false,1,13.90,5.56,true,1,
8001291017519,false,"קיאנטי קלאסיקו ברוליו רזרב 750 מ""ל",,,קיאנטי קלאסיקו,Unknown,0.00,Unknown,false,1,159.90,159.90,true,1,
8001291057515,false,ברון קיאנטי דל ברון ריקאסולי 750 מל,,,ברון קיאנטי דל ברון,Unknown,0.00,Unknown,false,1,51.90,51.90,true,1,
8001387077106,false,קונטיזקה קאנטלופי פרימיטיבו סאלנטו 750 מ,,IT,קונטיזקה קאנטלופי פר,מיליליטרים,750.00,"100 מ""ל",false,1,57.90,7.72,true,1,
8001387287109,false,קונטיזקה קוואטרו קונטי פרימיטיבו 750 מל,,IT,קונטיזקה קוואטרו קונ,מיליליטרים,750.00,"100 מ""ל",false,1,45.90,6.12,true,1,
8001420006728,false,אורז ריזוטו פרונטו 4 גבינות 175 גרם,ריזו גאלו,IT,אורז ריזוטו פרונטו 4,גרמים,175.00,100 גרם,false,1,15.60,8.91,true,1,
8001505000306,false,מעדן פירות יער אורגני 250 ג FIORDIFRUTT,פיור די פרוטה,IT,מעדן פירות יער אורגנ,גרמים,250.00,100 גרם,false,1,22.90,9.16,true,1,
8001505003536,false,ממרח אגוזי לוז טבעוני אורגני 700 גרם,,IT,ממרח אגוזי לוז טבעונ,גרמים,700.00,100 גרם,false,1,49.90,7.13,true,1,
8001561015580,false,ריבת בצל סגול איטלקית 300 גרם,,,ריבת בצל סגול איטלקי,גרמים,300.00,100 גרם,false,1,33.90,11.30,true,1,
8001620011935,false,"סן בנדטו- מים מינרלים מוגז - מארז שישיית 500 מ""ל",אקווה מינרלה סאן בנד,IT,שישיית סאן בנדטו מוג,מיליליטרים,1500.00,"100 מ""ל",false,1,11.90,0.79,true,1,
8001620015612,false,"משקה פירוט בטעם גזר תפוז לימן 400 מ""ל פרוטה",אקווה מינרלה סאן בנדטו ב,IT,סן בנדטו גזר תפוז לי,מיליליטרים,400.00,"100 מ""ל",false,1,7.90,1.98,true,1,
8001620015636,false,"משקה פרוטה מיקס פירות 400 מ""ל",אקווה מינרלה סאן בנדטו ב,IT,סן בנדטו מיקס פירות,מיליליטרים,400.00,"100 מ""ל",false,1,7.90,1.98,true,1,
8001620018248,false,"סאן בנדטו פקק ספורט בקבוק 750 מ""ל",אקווה מינרלה סאן בנדטו ב,IT,"מים סאן בנדטו 750 מ""",מיליליטרים,750.00,"100 מ""ל",false,1,3.90,0.52,true,1,
8001620018408,false,"משקה פירות בטעם מנגו תפוח 400 מ""ל פרוטה",אקווה מינרלה סאן בנדטו ב,IT,סן בנדטו מנגו תפוח 4,מיליליטרים,400.00,"100 מ""ל",false,1,7.90,1.98,true,1,
8001620019160,false,"סן בנדטו מים מינרלים בטעם אפרסק 500 מ""ל",אקווה מינרלה סאן בנדטו ב,IT,סאן בנדטו אפרסק 400,מיליליטרים,400.00,"100 מ""ל",false,1,5.30,1.33,true,1,
8001620019177,false,"סן בנדטו מים מינרלים בטעם ענבים 500 מ""ל",אקווה מינרלה סאן בנדטו ב,IT,סאן בנדטו ענבים 400,מיליליטרים,400.00,"100 מ""ל",false,1,5.30,1.33,true,1,
8001637410813,false,גורגונזולה פיקנט מנות 150ג',,,גורגונזולה פיקנטה 15,גרמים,150.00,100 גרם,false,1,32.90,21.93,true,1,
8001691766963,false,כוס לונג פרה כחולה,,,כוס לונג פרה כחולה,Unknown,0.00,Unknown,false,1,6.90,6.90,true,1,
8001780499307,false,דובדבני אמרנה בסירופ,פאברי Fabbri,IT,דובדבני אמרנה 230 גר,גרמים,230.00,100 גרם,false,1,26.50,11.52,true,1,
8001841105093,false,פמפרס פרימיום קר חיתולים שלב 6 26 יח VP,פרוקטר אנד גמבל,PL,חיתולי פמפרס פרימיום,Unknown,0.00,Unknown,false,1,34.40,34.40,true,1,
8001841137179,false,קונדישינר הד&שולדרס הנוסחה הקלאסית 275מל,פרוקטר אנד גמבל,RO,קונדישינר הד&שולדרס,מיליליטרים,275.00,"100 מ""ל",false,1,20.90,7.60,true,1,
8001841500799,false,"הרבל אסנסס - שמפו ללא סולפטים אלוורה ומנגו 380 מ""ל",הרבל אסנס Herbal Essences,FR,שמפו הרבל אסנסס אלוו,מיליליטרים,380.00,"100 מ""ל",false,1,27.50,7.24,true,1,
8001841502298,false,"הרבל אסנסס - מרכך ללא סולפטים אלוורה ומנגו 275 מ""ל",הרבל אסנס Herbal Essences,FR,מרכך הרבל אסנסס אלוו,מיליליטרים,380.00,"100 מ""ל",false,1,27.50,7.24,true,1,
8001841625188,false,סבון כלים פלטינום לימון X3 פעולות להסרת שומנים,פרוקטר אנד גמבל,GB,נוזל כלים פיירי פלטי,מיליליטרים,515.00,"100 מ""ל",false,1,9.90,1.92,true,1,
8001841625461,false,סבון כלים פלטינום X3 פעולות להסרת שומנים,פרוקטר אנד גמבל,GB,נוזל כלים פיירי פלטי,מיליליטרים,515.00,"100 מ""ל",false,1,9.90,1.92,true,1,
8001841669465,false,קפסולות לכביסה אריאל בניחוח לנור 24 יחידות,פרוקטר אנד גמבל,FR,קפסולות לכביסה אריאל,Unknown,0.00,Unknown,false,1,34.90,34.90,true,1,
8001841893990,false,פיירי טבליות למדיח פלטינום פלוס - מארז 30 יח',פרוקטר אנד גמבל,BE,טבליות למדיח פלטינום,יחידה,1.00,יחידה,false,1,43.90,43.90,true,1,
8001906997557,false,פרל אנימה - מבעבע רוזה חצי מתוק 750 מל,,IT,פרל אנימה - מבעבע רו,Unknown,0.00,Unknown,false,1,43.90,43.90,true,1,
8001943549122,false,"צ'וקטה מטבעות שוקולד חלב, 40 גרם",ואל קור קורסניני אס אנ ס,IT,צוקטה מטבעות שוקולד,גרמים,40.00,100 גרם,false,1,4.90,12.25,true,1,
8002190006321,false,עוגיות עם חלב ונטיפי שוקולד ללא גלוטן 22,,,עוגיות עם חלב ונטיפי,גרמים,220.00,100 גרם,false,1,15.90,7.23,true,1,
8002270015656,false,מים מינרליים טבעיים מוגזים סן פלגרינו 750 מל זכוכית,סן פלגרינו ס.פ.א לוק,IT,סאן פלגרינו 750 מל,מיליליטרים,750.00,"100 מ""ל",false,1,10.90,1.45,true,1,
8002270206832,false,"סן פלגרינו בטעם תפוזים 200 מ""ל",,,סן פלגרינו תפוז 200,מיליליטרים,200.00,"100 מ""ל",false,1,7.90,3.95,true,1,
8002270436581,false,"שישיית מים סאן פלגרינו פלסט 500 מ""ל",סן-פלגרינו,IT,שישיית מים סאן פלגרי,מיליליטרים,3000.00,"100 מ""ל",false,1,26.90,0.90,true,1,
8002270846472,false,סן פלגרינו מים מינרליים טבעיים מוגזים,סן-פלגרינו,IT,מים סאן פלגרינו פלסט,מיליליטרים,500.00,"100 מ""ל",false,1,5.20,1.04,true,1,
8002270866524,false,סן פלגרינו מים מינרליים טבעיים מוגזים,סן פלגרינו San Pellegrino,IT,סאן פלגרינו 1 ליטר,מיליליטרים,1000.00,"100 מ""ל",false,1,9.90,0.99,true,1,
8002305008271,false,רוקה דלה מאציה קיאנטי קלאסיקו רזרב 750 מ,,,רוקה דלה מאציה קיאנט,Unknown,0.00,Unknown,false,1,110.90,110.90,true,1,
8002305008370,false,"רוקה דלה מאציה מנדוס פרימיטיבו 750 מ""ל",,,רוקה דלה מאציה מנדוס,Unknown,0.00,Unknown,false,1,79.90,79.90,true,1,
8002305009506,false,רוקה דלה מאציה קיאנטי קלאסיקו 750 מל,,,רוקה דלה מאציה קיאנט,Unknown,0.00,Unknown,false,1,88.90,88.90,true,1,
8002590045388,false,טוסט קלאסי 320 גרם COLUSSI,,,טוסט קלאסי 320 גרם C,גרמים,320.00,100 גרם,false,1,9.70,3.03,true,1,
8002590055417,false,עוגיות קנטוציני שוקולד 175 גרם SAPORI,,,עוגיות קנטוציני שוקו,גרמים,175.00,100 גרם,false,1,12.90,7.37,true,1,
8003410249306,false,שרוול תערובת קפה קלאסיקו עוצמה 10,,IT,שרוול תערובת קפה סגפ,גרמים,10.00,100 גרם,false,1,21.90,219.00,true,1,
8003410249313,false,שרוול תערובת קפה אינטנסו עוצמה 12,,IT,שרוול תערובת קפה סגפ,גרמים,11.00,100 גרם,false,1,21.90,199.09,true,1,
8003410249344,false,"סגפרדו, קפסולות קפה, פרו, עוצמה 9",,,"סגפרדו, קפסולות קפה,",גרמים,10.00,100 גרם,false,1,21.90,219.00,true,1,
8003440997857,false,מסטיק פיורפרש מנטה אריזת חיסכון 200 גר,פרפטי ואן מלה ברדה,TR,מסטיק פיורפרש מנטה א,גרמים,200.00,100 גרם,false,1,20.90,10.45,true,1,
8003445000873,false,סבון נסטי שמן זית אלוורה טבעי 100 גרם,אשר שיווק,IT,סבון נסטי שמן זית אל,גרמים,100.00,100 גרם,false,1,12.90,12.90,true,1,
8003445001207,false,נסטי סבון שמן זית ארז לימון טבעי 100 גרם,,IT,נסטי סבון שמן זית אר,גרמים,100.00,100 גרם,false,1,11.90,11.90,true,1,
8003445001214,false,סבון לחות טבעי אמור ליברטי ברגמוט ופרח י,,IT,סבון לחות טבעי אמור,גרמים,170.00,100 גרם,false,1,19.90,11.71,true,1,
8003490036209,false,רוברטו-לחמניות המבורגר עם שמשם 300 גר,,IT,רוברטו-לחמניות המבור,גרמים,300.00,100 גרם,false,1,17.90,5.97,true,1,
8003490044839,false,רוברטו-ברוסקטה עגבניות בזיליקום 100 גר,,IT,רוברטו-ברוסקטה עגבני,גרמים,100.00,100 גרם,false,1,12.40,12.40,true,1,
8003490046543,false,רוברטו-לחמניות המבורגר מקמח מלא שמשם 300,,IT,רוברטו-לחמניות המבור,גרמים,300.00,100 גרם,false,1,17.90,5.97,true,1,
8003490047533,false,רוברטו-לחמניות מיני הוט דוג 300 גר,,IT,רוברטו-לחמניות מיני,גרמים,300.00,100 גרם,false,1,17.90,5.97,true,1,
8004030022010,false,ירקות גינה עם טונה ריו מרה אינסלטיסימי 160 ג',"בולטון אלימנטרי בע""\מ",IT,ריו מרה אינסלטיסימי,גרמים,160.00,100 גרם,false,1,15.00,9.38,true,1,
8004030026018,false,"מקסיקני עם טונה ריו מרה אינסלטיסימי, 160 ג'","בולטון אלימנטרי בע""\מ",IT,ריו מרה אינסלטיסימי,גרמים,160.00,100 גרם,false,1,15.00,9.38,true,1,
8004030044005,false,נתחי טונה בהירה בשמן זית ריו מרה 112גרם,"בולטון אלימנטרי בע""\מ",IT,טונה בשמן זית ריו מר,גרמים,160.00,100 גרם,false,1,16.80,10.50,true,1,
8004030081024,false,נתחי טונה עם שום ופלפל אדום ריו מרה 160 ג',"בולטון אלימנטרי בע""\מ",IT,טונה בשמן זית שום ופ,גרמים,160.00,100 גרם,false,1,16.80,10.50,true,1,
8004030177000,false,טונה בשמן זית וצ'ילי ריו מרה מארז 80X3 גר',ריו מארה Rio Mare,IT,טונה בשמן זית עם ציל,גרמים,240.00,100 גרם,false,1,26.90,11.21,true,1,
8004030180000,false,ריו מרה טונה בשמן זית כתית מעולה 3*80 גרם,"בולטון אלימנטרי בע""\מ",IT,טונה בשמן זית כתית ר,גרמים,240.00,100 גרם,false,1,33.50,13.96,true,1,
8004030344938,false,"ריו מרה טונה בשמן זית 3X80 גרם מתכון חדש כשל""פ","בולטון אלימנטרי בע""\מ",IT,שלישיית טונה ריו מרה,גרמים,240.00,100 גרם,false,1,26.90,11.21,true,1,
8004030845046,false,טונה עם ירקות בתוספת עם אורז ריו מרה אינסלטיסימי 160 ג',בולטון אלימנטרי,IT,ריו מרה אינסלטיסימי,גרמים,160.00,100 גרם,false,1,15.00,9.38,true,1,
8004030860001,false,ירקות עם קוקוס וטונה ריו מרה אינסלטיסימי 160 ג',"בולטון אלימנטרי בע""\מ",IT,ריו מרה אינסלטיסימי,גרמים,160.00,100 גרם,false,1,15.00,9.38,true,1,
8004160521308,false,"יין מבעבע מונדרו אסטי 750 מ""ל",MONDORO,IT,יין מבעבע מונדרו אסט,מיליליטרים,750.00,"100 מ""ל",false,1,62.90,8.39,true,1,
8004275054418,false,שמן זרעי ענבים 1 ליטר קוריצלי,,,שמן זרעי ענבים 1 ליט,מיליליטרים,1000.00,"100 מ""ל",false,1,43.90,4.39,true,1,
8004275058775,false,שמן זית כתית מעולה 500 מל CIRIO,,,שמן זית כתית מעולה 5,מיליליטרים,500.00,"100 מ""ל",false,1,26.50,5.30,true,1,
8004275058942,false,"שמן זית כתית מעולה 750 מ""ל CIRIO",,,שמן זית כתית מעולה 7,מיליליטרים,750.00,"100 מ""ל",false,1,40.90,5.45,true,1,
8004275059543,false,"חומץ בלסמי ממודנה גלייז 250 מ""ל CIRIO",,,חומץ בלסמי ממודנה,מיליליטרים,250.00,"100 מ""ל",false,1,21.90,8.76,true,1,
8004275059888,false,"חומץ בן יין אדום 500 מ""ל CIRIO",,,חומץ בן יין אדום 500,מיליליטרים,500.00,"100 מ""ל",false,1,15.90,3.18,true,1,
8004275059895,false,"חומץ בן יין לבן 500 מ""ל CIRIO",,,חומץ בן יין לבן 500,מיליליטרים,500.00,"100 מ""ל",false,1,15.90,3.18,true,1,
8004275079442,false,שמן זית כתית מעולה לא מסונן 1 ליטר CIRIO,,,שמן זית כתית מעולה,מיליליטרים,1000.00,"100 מ""ל",false,1,56.50,5.65,true,1,
8004309015217,false,גבינת בורטה איטלקית,,IT,בורטה איטלקית 125 גר,גרמים,125.00,100 גרם,false,1,24.90,19.92,true,1,
8004690278246,false,"קמח דורום איטלקי לפיצה 1 ק""ג",,IT,קמח דורום איטלקי לפי,גרמים,1000.00,100 גרם,false,1,10.40,1.04,true,1,
8004800000064,false,לאגו פלאסיר- גלילי ופל קרם קקאו בציפוי ש.חלב - 100 ג',לגו גרופ ס.פ.א.,IT,גלילי וופל לאגו פלאס,גרמים,100.00,100 גרם,false,1,12.40,12.40,true,1,
8004800000071,false,לאגו פלאסיר- גלילי ופל במילוי קרם אגוזי לוז שוקולד חלב - 100 ג',לגו גרופ ס.פ.א.,IT,גלילי וופל לאגו פלאס,גרמים,100.00,100 גרם,false,1,12.40,12.40,true,1,
8004800004802,false,לאגו פלאסיר גליליוופל קרם דומדמניות 100 גרם,לגו גרופ ס.פ.א.,IT,גלילי וופל לאגו פלאס,גרמים,100.00,100 גרם,false,1,12.40,12.40,true,1,
8004800004819,false,לאגו פלאסיר גלילי וופל קרם פסיפלורה 100 גרם,לגו גרופ ס.פ.א.,IT,וופלים לאגו פלאסיר ש,גרמים,110.00,100 גרם,false,1,12.40,11.27,true,1,
8005110000416,false,MUTTI עגבניות חתוכות במיץ פולפה 2*300 ג,מוטי אס.פי.איי,IT,MUTTI עגבניות חתוכות,גרמים,600.00,100 גרם,false,1,14.90,2.48,true,1,
8005110001598,false,מוטי פסטו עגבניות כתומות 180 גרם,,IT,מוטי פסטו עגבניות כת,גרמים,180.00,100 גרם,false,1,23.90,13.28,true,1,
8005110002243,false,רכז עגבניות Doppio Concentr בשפופרת 185 ג' MUTTI,"איי, בי, אינבוו",IT,רכז עגבניות DOPPIO ב,גרמים,185.00,100 גרם,false,1,7.50,4.05,true,1,
8005110060007,false,מוטי עגבניות מקולפות 400 גר,מוטי אס.פי.איי,IT,עגבניות מקולפות 400,מיליליטרים,426.00,"100 מ""ל",false,1,6.90,1.62,true,1,
8005110170300,false,עגבניות חתוכות דק Polpa - מארז שלישייה,מוטי Mutti,IT,POLPA עגבניות חתוכות,גרמים,400.00,100 גרם,false,1,16.90,4.23,true,1,
8005110171215,false,מוטי עגבניות חתוכות פולפפזי 690 גרם{בקבוק},"איי, בי, אינבוו",IT,POLPAPEZZI עגבניות ח,גרמים,500.00,100 גרם,false,1,14.90,2.98,true,1,
8005110191015,false,רסק עגבניות ובזיליקום MUTTI{ירוק } 700 גרם,"איי, בי, אינבוו",IT,רסק עגבניות ובזיליקו,גרמים,500.00,100 גרם,false,1,12.90,2.58,true,1,
8005110200014,false,רסק עגבניות 210 ג' CONCENTRATO MUTTI,"איי, בי, אינבוו",IT,רכז עגבניות 210 גרם,מיליליטרים,212.00,"100 מ""ל",false,1,8.50,4.01,true,1,
8005110551253,false,רוטב לפיצה להכנת פיצה איטלקית קלאסית,"איי, בי, אינבוו",IT,רוטב פיצה 400 גרם,גרמים,400.00,100 גרם,false,1,9.90,2.48,true,1,
8005180150233,false,PAGANI טורטליני גבינה ועגבניות 200 גרם,,IT,PAGANI טורטליני גבינ,גרמים,200.00,100 גרם,false,1,19.90,9.95,true,1,
8005180150295,false,PAGANI טורטליני פטריות פורציני 250 גרם,,IT,PAGANI טורטליני פטרי,גרמים,250.00,100 גרם,false,1,19.90,7.96,true,1,
8005180152640,false,PAGANI רביולי גבינה וכמהין 250 גרם,,IT,PAGANI רביולי גבינה,גרמים,250.00,100 גרם,false,1,19.90,7.96,true,1,
8005180152657,false,PAGANI טורטליני ריקוטה ותרד 200 גרם,,IT,PAGANI טורטליני ריקו,גרמים,200.00,100 גרם,false,1,19.90,9.95,true,1,
8005200256587,false,נסטי - תה קר בטעם אפרסק 1.5 ליטר,מפעל סאנפלגרינו S.P.A,IT,נסטי בטעם אפרסק 1.5,ליטרים,0.00,ליטר,false,1,8.90,8.90,true,1,
8005200316588,false,תה קר דיאט בטעם אפרסק נסטי 1.5 ליטר,מפעל סאנפלגרינו s.p.a,IT,נסטי דיאט בטעם אפרסק,ליטרים,0.00,ליטר,false,1,8.90,8.90,true,1,
8005390002667,false,יין פרוסקו ברוט 750 מל,,,יין פרוסקו ברוט 750,Unknown,0.00,Unknown,false,1,57.90,57.90,true,1,
8005390020517,false,סרטורי ואלפוליצלה קל. מונטגרדלה 750 מל,,,סרטורי ואלפוליצלה קל,Unknown,0.00,Unknown,false,1,82.90,82.90,true,1,
8005390036075,false,סרטורי קברנה סוביניון 750 מל,,,יין וילה מורה קברנה,Unknown,0.00,Unknown,false,1,39.90,39.90,true,1,
8005390095355,false,יין סרטורי אמרונה רייוס 750 מל,,,יין סרטורי אמרונה רי,Unknown,0.00,Unknown,false,1,191.90,191.90,true,1,
8005469951452,false,ממרח אנשובי איטלקי 60 גרם,בנדטו סקלייה סרל,IT,ממרח אנשובי איטלקי 6,גרמים,60.00,100 גרם,false,1,15.10,25.17,true,1,
8005469981602,false,פילה אנשובי איטלקי בשמן חמניות 75 גרם,בנדטו סקילה,,פילה אנשובי איטלקי ש,גרמים,80.00,100 גרם,false,1,16.90,21.13,true,1,
8005493000966,false,יין ציטרה קרוסו 750 מל,,,יין ציטרה קרוסו 750,Unknown,0.00,Unknown,false,1,79.90,79.90,true,1,
8005709201279,false,פסטה פפרדלה גרנד ארמנדו 500 גרם,,,פסטה פפרדלה גרנד ארמ,גרמים,500.00,100 גרם,false,1,12.90,2.58,true,1,
8005829230388,false,בוטגה ספומנטה רוזה גולד 750 מל,,,בוטגה-ספומנטה רוזה ג,Unknown,0.00,Unknown,false,1,125.20,125.20,true,1,
8005829577001,false,"ליקר בוטגה גיאנדויה 500 מ""ל",,,ליקר בוטגה גיאנדויה,מיליליטרים,500.00,"100 מ""ל",false,1,83.90,16.78,true,1,
8005829986636,false,"ליקר בוטגה פנה-קוטה 500 מ""ל",,,ליקר בוטגה פנה-קוטה,מיליליטרים,500.00,"100 מ""ל",false,1,83.90,16.78,true,1,
8005840020272,false,לואקר גלידה סנדוויץ לאטה אלפינו 264 גרם,,IT,לואקר גלידה סנדוויץ,גרמים,264.00,100 גרם,false,1,46.90,17.77,true,1,
8005900361291,false,סרטורי רגולו רוסו 750 מל,,,סרטורי רגולו רוסו,Unknown,0.00,Unknown,false,1,82.90,82.90,true,1,
8006227000429,false,סמנצאטו לחם מחמצת פרוס 8 דגנים 400 גר,,IT,סמנצאטו לחם מחמצת פר,גרמים,400.00,100 גרם,false,1,15.40,3.85,true,1,
8006423460034,false,בונבוניירה סוריני קרימי 184 גר,הולדינג דולסיירה,IT,בונבוניירה סוריני קר,גרמים,184.00,100 גרם,false,1,56.90,30.92,true,1,
8006540088692,false,הרבל אסנס מסכה אינטנסיבית ארגן 450 מל,S BLOIS GAMBLE & PROCTER,FR,הרבל אסנס מסיכה ארגן,יחידה,1.00,יחידה,false,1,51.90,51.90,true,1,
8006540110317,false,שמפו מינרלס ביוטין + במבוק לשיער חזק וארוך,פנטן Pantene,RO,שמפו פנטן מיראקלס במ,מיליליטרים,400.00,"100 מ""ל",false,1,22.90,5.73,true,1,
8006540112823,false,"לנור מרכך כביסה מרוכז בניחוח האוקיינוס 900 מ""ל",פרוקטר אנד גמבל,FR,מרכך כביסה לנור מרוכ,מיליליטרים,900.00,"100 מ""ל",false,1,19.80,2.20,true,1,
8006540112854,false,"מרכך כביסה מרוכז בניחוח סחלב לנור 900 מ""ל",פרוקטר אנד גמבל,FR,מרכך כביסה לנור מרוכ,מיליליטרים,900.00,"100 מ""ל",false,1,19.80,2.20,true,1,
8006540163986,false,קפסולות לכביסה אריאל 35 יח,פרוקטר אנד גמבל,FR,קפסולות לכביסה אריאל,יחידה,1.00,יחידה,false,1,43.90,43.90,true,1,
8006540222089,false,פמפרס מגבונים היגיינים לתינוקות וילדים TO GO 40 יח',פרוקטור אנד גמבל,ES,מגבונים היגיינים לתי,יחידה,1.00,יחידה,false,1,7.30,7.30,true,1,
8006540352960,false,טמפונים טמפקס פרל רגולר 20 יחידות,פרוקטר אנד גמבל,HU,טמפקס פרל רגולר 20 י,Unknown,0.00,Unknown,false,1,27.50,27.50,true,1,
8006540425930,false,אריאל קפסולות לכביסה ג'ל 24 יח' לכתמים קשים,פרוקטר אנד גמבל,FR,קפסולות לכביסה אריאל,Unknown,0.00,Unknown,false,1,34.90,34.90,true,1,
8006540429327,false,פיירי מקס פאוור לימון עם מנגנון למניעת נזילות,פרוקטר אנד גמבל,CZ,פיירי סבון כלים לימו,יחידה,1.00,יחידה,false,1,11.40,11.40,true,1,
8006540495216,false,"מרכך כביסה לנור בניחוח אמאטיסט 900 מ""ל",פרוקטר אנד גמבל,FR,מרכך כביסה לנור בניח,מיליליטרים,897.00,"100 מ""ל",false,1,19.80,2.21,true,1,
8006540495247,false,"לנור מרכך כביסה מרוכז בניחוח פרחי בר 900 מ""ל",פרוקטר אנד גמבל,FR,מרכך כביסה לנור בניח,מיליליטרים,897.00,"100 מ""ל",false,1,19.80,2.21,true,1,
8006663001042,false,גראנה פאדנה 200 ג' VIRGILIO,,IT,גרנה פדנו איטלקי,גרמים,200.00,100 גרם,false,1,28.50,14.25,true,1,
8006663001073,false,פרמזנו רגאנו איטלקי 200 גרם,,IT,פרמזנו רגאנו איטלקי,גרמים,200.00,100 גרם,false,1,35.50,17.75,true,1,
8007150901623,false,שמן זרעי ענבים 1 ליטר +1/2 ליטר במארז,,,שמן זרעי ענבים 1 ליט,ליטרים,0.00,ליטר,false,1,57.50,57.50,true,1,
8007150909551,false,שמן בוטנים אולאיטליה 1 ליטר,,,שמן בוטנים אולאיטליה,מיליליטרים,1000.00,"100 מ""ל",false,1,43.90,4.39,true,1,
8007178120310,false,חומץ בלסמי ד'מודנה Giacobazzi,פטורייה ג'יאקובאזי ס,IT,חומץ בלסמי גקובזי 50,מיליליטרים,500.00,"100 מ""ל",false,1,21.90,4.38,true,1,
8007270999012,false,שמן גרעיני ענבים נטורפוד 1 ליטר,קוסטה דיאורו,IT,שמן גרעיני ענבים 1 ל,מיליליטרים,1000.00,"100 מ""ל",false,1,41.90,4.19,true,1,
8007537000543,false,"טורטיליה ציפס בטעם טבעי לל""ג 450 גרם",,IT,טורטיליה ציפס בטעם,גרמים,450.00,100 גרם,false,1,28.90,6.42,true,1,
8007537005937,false,פרימיום ציפס פלפל שחור ומלח ים 300 גרם,,IT,פרימיום ציפס פלפל שח,גרמים,300.00,100 גרם,false,1,27.90,9.30,true,1,
8008003939343,false,יין פטוריה די ברבי רוסו די מונטלצנו 750,,,יין פטוריה די ברבי ר,Unknown,0.00,Unknown,false,1,107.90,107.90,true,1,
8008310030047,false,דובדבני אמרנה בסירופ 400 גר פחית,,,דובדבני אמרנה בסירופ,גרמים,400.00,100 גרם,false,1,41.90,10.48,true,1,
8008440222008,false,"בירה פרוני בקבוק 330 מ""ל",מבשל שיכר פרוני,IT,"בירה פרוני 330 מ""ל",מיליליטרים,330.00,"100 מ""ל",false,1,7.90,2.39,true,1,
8008660210014,false,מעדן משמש מנז אנד גאסר ויסוצקי 300 גרם,קריניציה ויטמינה אס,IT,מעדן ריבה מנץ אנד גא,גרמים,300.00,100 גרם,false,1,19.80,6.60,true,1,
8008660210021,false,מעדן ריבה מנץ אנד גאססר דובדבן 300 גר,שוורצקוף& הנקל דיסלד,IT,מעדן ריבה מנץ אנד גא,גרמים,300.00,100 גרם,false,1,19.80,6.60,true,1,
8008660210038,false,מעדן ריבה מנץ אנד גאססר תות שדה 300 גר,קריניציה ויטמינה אס,IT,מעדן ריבה מנץ אנד גא,גרמים,300.00,100 גרם,false,1,19.80,6.60,true,1,
8008660210045,false,מעדן פירות יער מנז אנד גאסר ויסוצקי 300 גרם,שוורצקוף& הנקל דיסלד,IT,מעדן ריבה מנץ אנד גא,גרמים,300.00,100 גרם,false,1,19.80,6.60,true,1,
8008660210052,false,מעדן פרי תפוז מנז אנד גאסר ויסוצקי 320 גרם,מנז אנד גאסר Menz&Gasser,IT,מעדן ריבה מנץ אנד גא,גרמים,320.00,100 גרם,false,1,19.80,6.19,true,1,
8008660210069,false,מעדן פרי פסיפלורה מנז אנד גאסר ויסוצקי 320 גרם,מנז אנד גאסר,IT,מעדן מנץ אנד גאססר א,גרמים,320.00,100 גרם,false,1,19.80,6.19,true,1,
8008696029192,false,נוטרי פרי-לחם פרוס ללא גלוטן 300 גר,,IT,נוטרי פרי-לחם פרוס ל,גרמים,300.00,100 גרם,false,1,23.90,7.97,true,1,
8008698002100,false,מקלות גריסיני 200 גרם ד''ר שר,"ד""ר שר ס.ר.ל",IT,גריסיני 150 גרם,גרמים,150.00,100 גרם,false,1,23.90,15.93,true,1,
8008698002599,false,לחם הבית פרוס ללא גלוטן 240גרם שר,דר שר,IT,SCHAR לחם הבית 240 ג,גרמים,240.00,100 גרם,false,1,23.90,9.96,true,1,
8008698002810,false,"עוגה אישית לל""ג שר 10*35 גרם",,IT,"עוגה אישית לל""ג שר 1",גרמים,350.00,100 גרם,false,1,34.90,9.97,true,1,
8008698003152,false,ג'בטה כפרית ללא גלוטן 4*50גרם שר,,DE,"SCHAR גבטה כפרית לל""",גרמים,250.00,100 גרם,false,1,22.90,9.16,true,1,
8008698003503,false,עוגיות שיבולת שועל עם צימוקים 250 גר,"דר שר ס.ר.ל פוסטל, א",IT,קרקרים 210 גרם,גרמים,210.00,100 גרם,false,1,32.50,15.48,true,1,
8008698003961,false,"שוקו סטיקס מקלוני עוגיות לל""ג 150 גר",דר שר דויטשלנד ג'\י אם ב,DE,SCHAR שוקו סטיק ללא,גרמים,150.00,100 גרם,false,1,22.90,15.27,true,1,
8008698005231,false,עוגיות סנדוויץ בטעם שוקולד ממולאות קרם חלב ללא גלוט,שר Schar,IT,עוגיות שוקולד שר 165,גרמים,165.00,100 גרם,false,1,20.90,12.67,true,1,
8008698005347,false,"ביסקוויט מצופות שוקולד מריר לל""ג 150 גר",שר Schar,IT,ביסקוטי שוקולד שר 15,גרמים,150.00,100 גרם,false,1,15.90,10.60,true,1,
8008698008157,false,עוגיות בטעם שוקולד במילוי קרם שמנת 100 גרם mini sorrisi,דר שר ס.ר.ל פוסטל,IT,עוגיות דבל וניל 100,גרמים,100.00,100 גרם,false,1,12.90,12.90,true,1,
8008698010259,false,ג'בטה ללא גלוטן 4*50גרם שר,,DE,"SCHAR גבטה לל""ג 200",גרמים,200.00,100 גרם,false,1,23.90,11.95,true,1,
8008698010358,false,"תערובת קמחים לאפייה כללית 500 גרם לל""ג","ד""ר שר ס.ר.ל",IT,תערובת קמחים ללא גלו,גרמים,500.00,100 גרם,false,1,16.90,3.38,true,1,
8008698013021,false,עוגיות ללא גלוטן עם שבבי שוקולד מריר,דר שר פוסטל,IT,עוגיות שוק. ציפס ללא,גרמים,100.00,100 גרם,false,1,12.90,12.90,true,1,
8008698013045,false,עוגיות הופס 220גרם ללא גלוטן HOOPS,דר שר דויטשלנד ג'\י אם ב,DE,"עוגיות עם דבש לל""ג ה",גרמים,220.00,100 גרם,false,1,19.90,9.05,true,1,
8008698024065,false,פאן בלנקו-לחם ללא גלוטן 250 גרם,schar,IT,לחם ללא גלוטן פאן בל,גרמים,250.00,100 גרם,false,1,20.80,8.32,true,1,
8008698024188,false,פאן רוסטיקו-לחם ללא גלוטן 250 גרם,,IT,לחם ללא גלוטן פאן רו,גרמים,250.00,100 גרם,false,1,19.80,7.92,true,1,
8008698031032,false,"חטיף קרוויס בטעם ברביקיו לל""ג 170 גרם",,FR,חטיף קרוויס בטעם ברב,גרמים,170.00,100 גרם,false,1,19.90,11.71,true,1,
8008698031056,false,"חטיף קרוויס טבעי לל""ג 170 גרם",,FR,"חטיף קרוויס טבעי לל""",גרמים,170.00,100 גרם,false,1,19.90,11.71,true,1,
8008698033876,false,קרקרים בתוספת דגנים ללא גלוטן 210גרם CEREAL CRACKERS,"ד""ר שר",DE,SCHAR קרקר בתוספת דג,גרמים,210.00,100 גרם,false,1,29.90,14.24,true,1,
8008698054109,false,מילוי גריס - ממרח אגוזי לוז עם קקאו בתוספות מקלות 52 גרם,"ד""ר שר ס.ר.ל",IT,ממרח אגוזי לוז קקאו,גרמים,52.00,100 גרם,false,1,12.90,24.81,true,1,
8008825005363,false,עגבניות מרוסקות 3*400 גר Rodolfi,,,עגבניות מרוסקות 3*4,קילוגרמים,0.00,"ק""ג",false,1,18.70,18.70,true,1,
8008825012538,false,מחית עגבניות 690 גרם Rodolfi,,,מחית עגבניות 690 גרם,גרמים,690.00,100 גרם,false,1,12.40,1.80,true,1,
8008825012545,false,מחית עגבניות/זרעים 690 גרם Rodolfi,,,מחית עגבניות/זרעים 6,גרמים,690.00,100 גרם,false,1,12.50,1.81,true,1,
8008857406152,false,פסטה רגיה אטריות עגולות עבה תומר 500 גרם,רגיה,IT,אטריות עגולות עבות 5,גרמים,500.00,100 גרם,false,1,7.90,1.58,true,1,
8008940227008,false,גנדולה עוגיות שישה דגני אורגניות 350 גרם,תות תעשיות מזון (201,IT,גנדולה עוגיות שישה ד,גרמים,350.00,100 גרם,false,1,17.90,5.11,true,1,
8008990012715,false,שלושה ספוגי קירצוף ירוקים,,,שלושה ספוגי קירצוף י,Unknown,0.00,Unknown,false,1,6.50,6.50,true,1,
8009149000119,false,"קמח תירס מולינו פיילה - פולנטה 1 ק""ג",פוקולוקו,IT,קמח תירס מולינו פייל,גרמים,1000.00,100 גרם,false,1,19.70,1.97,true,1,
8009470009164,false,סימבה שימורים לכלבים כבש 415 ג',אמ.או.אן.ג'י.אי.אמונ,,סימבה לכלב כבש 415,גרמים,400.00,100 גרם,false,1,4.00,1.00,true,1,
8009730900095,false,ספריי תיבול בטעם כמה,,,"ספריי כמהין 40 מ""ל",מיליליטרים,40.00,"100 מ""ל",false,1,13.40,33.50,true,1,
8009915004150,false,ביסקוויט קמח תירס עם שוקולד ואגוזים 250 גרם,מולינו דה פירו,IT,ביסקוויט מקמח תירס ש,גרמים,250.00,100 גרם,false,1,19.90,7.96,true,1,
8009915004211,false,ביסקוויט מקמח תירס שוקולד ציפס 250 גרם,מולינו דה פירו,IT,ביסקוויט מקמח תירס ש,גרמים,250.00,100 גרם,false,1,18.90,7.56,true,1,
8010024006010,false,השקד-100% חמאת שקדים נטורפוד 350 גרם,תות תעשיות מזון (201,IT,חמאת שקדים 100% 350,גרמים,350.00,100 גרם,false,1,39.90,11.40,true,1,
8013399145278,false,דיאטורל סוכריות סטיביה ליקוריץ רך 70 גרם,קלואטה איטליה,IT,סוכריות סטיביה,Unknown,0.00,Unknown,false,1,12.60,12.60,true,1,
8014515335078,false,"עגבניות מרוסקות לל""ג אורגני 390 גרם",,IT,"עגבניות מרוסקות לל""ג",גרמים,390.00,100 גרם,false,1,9.90,2.54,true,1,
8014601026354,false,"קמח ""00"" איטלקי לפיצה שף אדום 1 ק""ג",אנטימו קפוטו אס.אר.אל,IT,"קמח ""00"" איטלקי לפיצ",גרמים,1000.00,100 גרם,false,1,16.60,1.66,true,1,
8014601028747,false,קמח 00 איטלקי כחול 1 קג CAPUTO,אנטימו קפוטו אס.אר.אל,IT,"קמח ""00"" איטלקי כחול",גרמים,1000.00,100 גרם,false,1,13.90,1.39,true,1,
8015822000178,false,יין פאלאצו דלה טורה 750 מל,איטליה אלגריני (Cort,,יין פאלאצו דלה טורה,Unknown,0.00,Unknown,false,1,104.90,104.90,true,1,
8015997000911,false,"בישקוטים 200 גרם ""מאריני""",Biscottificio Verona,,מאריני בישקוטים 200,ליטרים,0.00,ליטר,false,1,8.90,8.90,true,1,
8016744801935,false,צבע לשיער טבעי C8,,,צבע לשיער טבעי C8,Unknown,0.00,Unknown,false,1,59.90,59.90,true,1,
8016744802147,false,6N צבע לשיער הרבטינט 150,אשר שיווק,IT,צבע לשיער טבעי N 6,Unknown,0.00,Unknown,false,1,59.90,59.90,true,1,
8016744802192,false,צבע לשיער טבעי N1,,,צבע לשיער טבעי N1,Unknown,0.00,Unknown,false,1,59.90,59.90,true,1,
8016867002646,false,מגן תחתון אורגניק ארוך במיוחד 20 יח,CORMAN,IT,מגן תחתון אורגניק אר,Unknown,0.00,Unknown,false,1,22.90,22.90,true,1,
8016867008945,false,מגן תחתון 24 אורגניק באריזת תפזורת,corman,IT,מגן תחתון 24 אורגניק,Unknown,0.00,Unknown,false,1,22.90,22.90,true,1,
8016887001148,false,אוטוסן- נר טיפולי לאוזן שלישייה,,,אוטוסן- נר טיפולי לא,Unknown,0.00,Unknown,false,1,99.90,99.90,true,1,
8017070766554,false,קרקר סקיני קלאסי 150 גרם,,IT,קרקרים קלאסיים 150 ג,גרמים,150.00,100 גרם,false,1,11.40,7.60,true,1,
8017070766578,false,קרקרים בתיבול עגבניות ואורגנו 150 גרם,,IT,קרקרים בתיבול עגבניו,גרמים,150.00,100 גרם,false,1,11.40,7.60,true,1,
8017938005146,false,"מיץ אוכמניות אורגני 330 מ""ל ביוטרנטינו",ביוטרנטינו,GB,מיץ אוכמניות אורגני,מיליליטרים,330.00,"100 מ""ל",false,1,32.90,9.97,true,1,
8017938005184,false,"חומץ תפוחים אורגני 750 מ""ל",,,חומץ תפוחים אורגני 7,מיליליטרים,750.00,"100 מ""ל",false,1,18.50,2.47,true,1,
8017938005764,false,מיץ תפוחים אורגני 100% 1 ליטר נטורפוד,לוצ'ה מריה,IT,מיץ תפוחים אורגני 10,מיליליטרים,1000.00,"100 מ""ל",false,1,16.90,1.69,true,1,
8018102000110,false,ריזוטו ארבוריו סופרפינו 500 גרם,,,ריזוטו ארבוריו סופרפ,גרמים,500.00,100 גרם,false,1,18.90,3.78,true,1,
8019428005001,false,שמנת אורגנית לבישול על בסיס ש.שועל 240 מ,,,שמנת אורגנית לבישול,מיליליטרים,240.00,"100 מ""ל",false,1,11.40,4.75,true,1,
8019428007289,false,משקה שקדים אורגני 3% ללא תוספת סוכר 1 ליטר,,,משקה שקדים ללא סוכר,מיליליטרים,1000.00,"100 מ""ל",false,1,17.70,1.77,true,1,
8021274001007,false,קמח פסטה פרסקה 1 קג STAGIONI 5,,,"קמח פסטה פרסקה 1 ק""ג",קילוגרמים,0.00,"ק""ג",false,1,14.90,14.90,true,1,
8021274041003,false,"קמח רוסו 1 ק""ג STAGIONI 5",,,"קמח רוסו 1 ק""ג STAG",גרמים,1000.00,100 גרם,false,1,14.90,1.49,true,1,
8021274070010,false,קמח לבן פיצה נפוליטנה 1 קג STAGIONI 5,,,קמח לבן פיצה נפוליטנ,גרמים,1000.00,100 גרם,false,1,14.90,1.49,true,1,
8022470213423,false,דרגיה לוז מריר 500 גר PRISCO MAX,ITALIANA CONFETTI-PR,,בונ.ידרגיה לוז מריר,גרמים,500.00,100 גרם,false,1,39.90,7.98,true,1,
8022470213515,false,דרגיה צימוקים מריר 500 גר PRISCO MAX,ITALIANA CONFETTI-PR,IT,דרגיה צימוקים מריר 5,גרמים,500.00,100 גרם,false,1,32.90,6.58,true,1,
8022734111885,false,"חומץ תפוחים 250 מ""ל דאו ויטוריו",,IT,"חומץ תפוחים 250 מ""ל",מיליליטרים,250.00,"100 מ""ל",false,1,36.90,14.76,true,1,
8023114000515,false,יין איטלקי וורזנו קיאנטי קלסיקו 750 מל,,,יין איטלקי וורזנו קי,מיליליטרים,750.00,"100 מ""ל",false,1,93.90,12.52,true,1,
8023492004518,false,טבלת שוקולד מריר שקדים 225 גר DJ3,Dg3 dolciaria,IT,טבלת שוקולד מריר שקד,גרמים,225.00,100 גרם,false,1,12.90,5.73,true,1,
8023678161363,false,משקה שבלת שועל טבעי אורגני 1ל' ISOLA,איזולה ביו Isola Bio,IT,משקה שבולת שועל אורג,מיליליטרים,1000.00,"100 מ""ל",false,1,11.90,1.19,true,1,
8023678162360,false,משקה שקדים טבעי אורגני 1ליטר ISOLA,אבא פודס אס. אר. אל,IT,משקה שקדים אורגני 1,מיליליטרים,1000.00,"100 מ""ל",false,1,15.90,1.59,true,1,
8023678164517,false,משקה שקדים ללא סוכר טבעי אורגני 1ליטר ISOLA,איזולה ביו Isola Bio,IT,משקה שקדים אורגני לל,ליטרים,0.00,ליטר,false,1,16.70,16.70,true,1,
8023678729112,false,ISOLA משקה שיבולת שועל 0% סוכר 1 ליטר,,IT,ISOLA משקה שיבולת שו,מיליליטרים,1000.00,"100 מ""ל",false,1,13.90,1.39,true,1,
8024046201018,false,מחית אורגנית שזיפים 120 גרם,ביואיטליה,IT,מחית אורגנית שזיפים,גרמים,120.00,100 גרם,false,1,6.20,5.17,true,1,
8024046202015,false,"מחית אורגנית תפו""ע תות שדה ובננה 120 גרם",ביואיטליה,IT,"מחית אורגנית תפו""ע ת",גרמים,120.00,100 גרם,false,1,6.20,5.17,true,1,
8024046205016,false,מחית אורגנית תפוחי עץ קיווי ותרד 120 ג,ביואיטליה,IT,מחית אורגנית תפוחי ע,גרמים,120.00,100 גרם,false,1,6.20,5.17,true,1,
8024985000086,false,מחית תפוח בננה 100% פרי 200 ג נטורה נובה,"נטורפוד בע""מ",IT,מחית תפוח בננה 100%,גרמים,200.00,100 גרם,false,1,9.90,4.95,true,1,
8024985000116,false,מחית תפוח אוכמ 100% פרי 200 ג נטורה נובה,"נטורפוד בע""מ",IT,מחית תפוח אוכמ 100%,גרמים,200.00,100 גרם,false,1,9.90,4.95,true,1,
8024985002783,false,סמוזי נטורה נובה גזר ודלעת 100 גרם,נטורה נובה Natura Nuova,IT,סמוזי נטורה נובה גזר,גרמים,100.00,100 גרם,false,1,5.90,5.90,true,1,
8024985002912,false,סמוזי אגס בטטה 100 גר נטורה נובה,נטורה נובה,IT,סמוזי אגס בטטה 100 ג,גרמים,100.00,100 גרם,false,1,5.90,5.90,true,1,
8024985002943,false,סמוזי נטורה נובה תפוח אננס קוקוס 100 גרם,נטורה נובה,IT,סמוזי נטורה נובה תפו,גרמים,100.00,100 גרם,false,1,5.90,5.90,true,1,
8024985002967,false,סמוזי נטורה נובה בננה תרד 100 גרם,נטורה נובה,IT,סמוזי נטורה נובה בננ,גרמים,100.00,100 גרם,false,1,5.90,5.90,true,1,
8024985005234,false,סמוזי נטורה נובה סמוצי תפוח מנגו 100 גרם,נטורה נובה,IT,מחית נטורה נובה סמוצ,גרמים,100.00,100 גרם,false,1,5.90,5.90,true,1,
8024985005296,false,סמוזי אגס בננה תפוח וקינואה אורגני,נטורה נובה,IT,סמוזי אגס בננה תפוח,גרמים,120.00,100 גרם,false,1,7.50,6.25,true,1,
8024985005302,false,סמוזי תפוח רימון פטל אוכמנויות ואסאי אורגני,נטורה נובה,IT,סמוזי תפוח רימון פטל,גרמים,120.00,100 גרם,false,1,7.50,6.25,true,1,
8024985008037,false,סמוזי נטורה נובה סמוצי תפוח 100 גרם,"נטורפוד בע""מ",IT,מחית נטורה נובה סמוצ,גרמים,100.00,100 גרם,false,1,5.90,5.90,true,1,
8024985008044,false,סמוזי נטורה נובה סמוצי אגס 100 גרם,"נטורפוד בע""מ",IT,מחית נטורה נובה סמוצ,גרמים,100.00,100 גרם,false,1,5.90,5.90,true,1,
8024985008051,false,סמוזי נטורה נובה סמוצי פירות אדומים 100,נטורה נובה Natura Nuova,IT,מחית נטורה נובה סמוצ,גרמים,100.00,100 גרם,false,1,5.90,5.90,true,1,
8024985011204,false,נטורה נובה-סמוזי תפוח תות בננה 100 גרם,נטורה נובה,IT,סמוזי תפוח תות בננה,גרמים,100.00,100 גרם,false,1,5.90,5.90,true,1,
8030243010506,false,ביוקאפ +8.03בלונדי בהיר,ביוקאפ,IT,8.03 ביוקאפ נוטריקול,Unknown,0.00,Unknown,false,1,59.90,59.90,true,1,
8030243010513,false,ביוקאפ +8.64 טיטיאן אדום,ביוקאפ,IT,8.64 ביוקאפ נוטריקול,Unknown,0.00,Unknown,false,1,59.90,59.90,true,1,
8030243015266,false,ביוקאפ דליקטו מהיר צבע ערמונים טבעי,,,ביוקאפ דליקטו מהיר צ,מיליליטרים,135.00,"100 מ""ל",false,1,63.90,47.33,true,1,
8030243021144,false,4.05 ביוקאפ דליקטו מהיר צבע שוקולד ערמו,,,4.05 ביוקאפ דליקטו,Unknown,0.00,Unknown,false,1,63.90,63.90,true,1,
8032523530452,false,ממרח פיסטוק פיסטי אי,פיסטי,IT,ממרח פיסטוק 200 גרם,גרמים,200.00,100 גרם,false,1,41.90,20.95,true,1,
8032523531299,false,ממרח קקאו עם אגוזי לוז 200 גרם,,IT,ממרח קקאו עם אגוזי ל,גרמים,200.00,100 גרם,false,1,26.90,13.45,true,1,
8032715385990,false,"פסטה ספגטי לל""ג בסיס אורז חום 250 גר",,IT,פסטה ספגטי אורז חום,גרמים,250.00,100 גרם,false,1,12.90,5.16,true,1,
8032793342458,false,עגבניות מרוסקות דק ומסוננות בבקבוק 700 ג',קונסוריזיו קאסאלסקו דל פ,IT,עגבניות מרוסקות דק ו,גרמים,700.00,100 גרם,false,1,13.50,1.93,true,1,
8032793344292,false,עגבניות חתוכות דק בבקבוק 700ג,קונסוריזיו קאסאלסקו דל פ,IT,עגבניות חתוכות דק בב,גרמים,700.00,100 גרם,false,1,13.50,1.93,true,1,
8032793344520,false,תרכיז עגבניות רסק עגבניות מרוכז מאוד,קונסוריזיו דל פרומוד,IT,תרכיז עגבניות מרוכז,גרמים,200.00,100 גרם,false,1,7.90,3.95,true,1,
8032804430761,false,לזניה עדשים צהובות פליסיה 250 גרם,אף.סי תבליני בגליל ב,IT,לזניה עדשים צהובות פ,גרמים,250.00,100 גרם,false,1,18.90,7.56,true,1,
8032804435643,false,פליסיה קופסה-פוזילי אורז מלא אורגני 340 גרם,פליסיה Felicia Bio,,פוזילי אורז מלא אורג,גרמים,340.00,100 גרם,false,1,13.90,4.09,true,1,
8033020445973,false,"PIVETTI קמח 00 לכל מטרה 1 ק""ג",פיווטי Pivetti,IT,PIVETTI קמח 00 לכל מ,גרמים,1000.00,100 גרם,false,1,7.90,0.79,true,1,
8033020445980,false,"קמח לפסטה 1 pasta fresca ק""ג 00 PIVETTI",PIVETTI,IT,PIVETTI קמח לפסטה 00,גרמים,1000.00,100 גרם,false,1,13.50,1.35,true,1,
8033020445997,false,"קמח איטלקי ללחמים 1 ק""ג 0 PIVETTI",PIVETTI,IT,PIVETTI קמח איטלקי ל,גרמים,1000.00,100 גרם,false,1,11.40,1.14,true,1,
8033028910015,false,שעועית ברוטב עגבניות 400 גר NOVA,,IT,שימורי שעועית ברוטב,גרמים,400.00,100 גרם,false,1,9.50,2.38,true,1,
8033028910022,false,שעועית חמאה לימובסקיה 400 גר NOVA,,IT,שימורי שעועית חמאה ל,גרמים,400.00,100 גרם,false,1,9.50,2.38,true,1,
8033028910053,false,שעועית לבנה במי מלח 400 גר NOVA,,IT,שימורי שעועית לבנה ב,גרמים,400.00,100 גרם,false,1,9.50,2.38,true,1,
8034023208510,false,TERRE בצלים צלויים בשמן חמניות 280 גרם,,,TERRE בצלים צלויים ב,גרמים,280.00,100 גרם,false,1,14.90,5.32,true,1,
8034023209104,false,רבעי ארטישוק 280 גרם TERRE,,,רבעי ארטישוק 280 גרם,גרמים,280.00,100 גרם,false,1,19.70,7.04,true,1,
8034023209166,false,ארטישוק שלם 530 גר TERRE,,,ארטישוק שלם 530 גר T,גרמים,530.00,100 גרם,false,1,30.50,5.75,true,1,
8034023209173,false,רבעי ארטישוק 290 גרם TERRE,,,רבעי ארטישוק 290 גרם,גרמים,290.00,100 גרם,false,1,19.70,6.79,true,1,
8034023209180,false,ארטישוק בגריל 290 גרם TERRE,,,ארטישוק בגריל 290 גר,גרמים,290.00,100 גרם,false,1,19.10,6.59,true,1,
8034023209197,false,TERREעגבניות מיובשות בשמן חמניות 280 גר,,,TERREעגבניות מיובשות,גרמים,280.00,100 גרם,false,1,16.90,6.04,true,1,
8034141060120,false,וורמוט רוסו 1 ל GRAN TORINO,,,וורמוט רוסו 1 ל GRAN,Unknown,0.00,Unknown,false,1,34.90,34.90,true,1,
8076800195019,false,ברילה - צ.א ספגטי מס1 קפליני 500 גרם,ברילה גי.אי.אר פרטלי ס.פ,IT,ספגטי מס 1 קפליני 5,גרמים,500.00,100 גרם,false,1,6.90,1.38,true,1,
8076800195033,false,ברילה - צ.א ספגטיני מס3 חדש 500 גרם,ברילה גי.אי.אר פרטלי ס.פ,IT,ספגטי ברילה מס 3 ברי,גרמים,500.00,100 גרם,false,1,6.90,1.38,true,1,
8076800195057,false,ברילה - צ.א ספגטי מס5 חדש 500 גרם,ברילה גי.אי.אר פרטלי ס.פ,IT,ספגטי ברילה מס 5 ברי,גרמים,500.00,100 גרם,false,1,6.90,1.38,true,1,
8076800195132,false,ברילה - צ.א בבטה מס13 500 גרם,ברילה גי.אי.אר פרטלי ס.פ,IT,פסטה ברילה מס 13,גרמים,500.00,100 גרם,false,1,6.90,1.38,true,1,
8076800315097,false,פסטה מקרוני בוקטיני מספר 9 ברילה 500 גרם,ברילה גי.אי.אר פרטלי ס.פ,IT,ספגטי ברילה בוקטיני,גרמים,500.00,100 גרם,false,1,6.90,1.38,true,1,
8076802085738,false,ברילה צ.ק פנה רגטה מס' 73 500 גרם,ברילה גי.אי.אר פרטלי ס.פ,IT,פסטה ברילה פנה רגטה,גרמים,500.00,100 גרם,false,1,6.90,1.38,true,1,
8076802085837,false,ברילה - צ.ק טורטליוני מס83 500 גרם,הנסיך- מפעל לייצור ט,IT,פסטה ברילה טורטליוני,גרמים,500.00,100 גרם,false,1,6.90,1.38,true,1,
8076802085936,false,פסטה ברילה קונצ'יגלי ריגטה 500 גרם,ברילה גי.אי.אר פרטלי ס.פ,IT,ברילה קונציליאה ריגא,גרמים,500.00,100 גרם,false,1,6.90,1.38,true,1,
8076802085981,false,ברילה - צ.ק פוזילי חדש 500 גרם,ברילה גי.אי.אר פרטלי ס.פ,IT,פסטה ברילה פוזילי מס,גרמים,500.00,100 גרם,false,1,6.90,1.38,true,1,
8076808050440,false,פסטה מקרוני מספר 44 ברילה 500 גרם,ברילה Barilla,IT,פסטה ברילה מקרוני,גרמים,500.00,100 גרם,false,1,6.90,1.38,true,1,
8076808060654,false,פסטה פרפלה מספר 65 ברילה 500 גרם,ברילה גי.אי.אר פרטלי ס.פ,IT,ברילה פרפלה מס 65,גרמים,500.00,100 גרם,false,1,6.90,1.38,true,1,
8076808070882,false,קנלוני מספר 88 ברילה 250 גרם,פאסטיפיקו ריגו אס.אר,IT,פסטה למילוי קנלוני 2,גרמים,500.00,100 גרם,false,1,17.70,3.54,true,1,
8076808150072,false,ברילה - צ.א ספגטוני מס7 חדש 500 גרם,ברילה גי.אי.אר פרטלי ס.פ,IT,ספגטי ברילה מס 7 ברי,גרמים,500.00,100 גרם,false,1,6.90,1.38,true,1,
8076809512268,false,פסטה גירנדולה טורסדס מספר 34 ברילה 500 גרם,ברילה גי.אי.אר פרטלי ס.פ,IT,ברילה גירנדולה מס 34,גרמים,500.00,100 גרם,false,1,6.90,1.38,true,1,
8076809513388,false,רוטב לפסטה ארביאטה ברילה 400 גרם,ברילה גי.אי.אר פרטלי ס.פ,IT,רוטב ארביאטה 400 גרם,גרמים,400.00,100 גרם,false,1,14.90,3.73,true,1,
8076809513395,false,ברילה פומודורו רוטב עגבניות קלאסי 400 גר,ברילה גי.אי.אר פרטלי ס.פ,IT,רוטב פומודורו 400 גר,גרמים,400.00,100 גרם,false,1,14.90,3.73,true,1,
8076809513654,false,בסיס רוטב עגבניות לבולונז ברילה 400 גרם,ברילה גי.אי.אר פרטלי ס.פ,IT,בסיס רוטב עגבניות לב,גרמים,400.00,100 גרם,false,1,14.90,3.73,true,1,
8076809513692,false,רוטב עגבניות נפולטנה בתוספת ירקות,ברילה גי.אי.אר פרטלי ס.פ,IT,רוטב נפוליטנה 400 גר,גרמים,400.00,100 גרם,false,1,14.90,3.73,true,1,
8076809513739,false,ברילה רוטב עגבניות עם בזיליקום 400 גרם,ברילה גי.אי.אר פרטלי ס.פ,IT,רוטב בזיליקום 400 גר,גרמים,400.00,100 גרם,false,1,14.90,3.73,true,1,
8076809523561,false,רוטב עגבניות עם עשבי תיבול 400 ג' ברילה,ברילה גי.אי.אר פרטלי ס.פ,IT,רוטב פסטה בטעם פיצה,גרמים,400.00,100 גרם,false,1,14.90,3.73,true,1,
8076809523738,false,דפי לזניה ברילה 500 גרם,ברילה גי.אי.אר פרטלי ס.פ,IT,ברילה לזניה 500 גרם,גרמים,500.00,100 גרם,false,1,21.70,4.34,true,1,
8076809529419,false,ספגטי מחיטה מלאה מס' 5 500 ג' ברילה,ברילה גי. אי. אר פרט,IT,ספגטי חיטה מלאה 500,גרמים,500.00,100 גרם,false,1,12.90,2.58,true,1,
8076809529433,false,פסטה פנה ריגטה חיטה מלאה ברילה 500 גרם,"ש. שסטוביץ בע""\מ",IT,פנטה רגטה חיטה מלאה,גרמים,500.00,100 גרם,false,1,12.90,2.58,true,1,
8076809547956,false,ברילה - צ.ק קיפרי 500 גרם,ברילה ג'.אי.אר פרטלי,IT,ברילה קיפרי 500 גר,גרמים,500.00,100 גרם,false,1,6.90,1.38,true,1,
8076809580762,false,רוטב פסטו ברילה 190 גר GENOVESE,,IT,רוטב פסטו ברילה 190,גרמים,190.00,100 גרם,false,1,19.80,10.42,true,1,
8410001109978,false,ספוגי קרצוף ללכלוך קשה זוג,3m,ES,ספוגי קרצוף ללכלוך ק,Unknown,0.00,Unknown,false,1,12.90,12.90,true,1,
8410001134833,false,זוג ספוגי ניקוי ללא שריטות שמזון אינו נלכד בתוכו,3m,US,זוג ספוגים לניקוי לל,יחידה,1.00,יחידה,false,1,15.90,15.90,true,1,
8410001134918,false,זוג ספוגים עם ידית אחיזה ללא שריטות שמזון אינו נלכד בתוכו,3m,US,זוג ספוגים עם ידית א,יחידה,1.00,יחידה,false,1,15.90,15.90,true,1,
8410013006142,false,יין קודורניו קלאסיקו קאווה רוזה יבש 750,,,יין קודורניו קלאסיקו,Unknown,0.00,Unknown,false,1,48.90,48.90,true,1,
8410013381089,false,יין קווה קודורניו קלסיקו יבש 200מל*3,,,יין קווה קודורניו קל,Unknown,0.00,Unknown,false,1,62.00,62.00,true,1,
8410015028623,false,יין אדום יבש סיגלו גראן רזרב 750 מל,מאנזאנו,,יין אדום יבש סיגלו ג,Unknown,0.00,Unknown,false,1,99.90,99.90,true,1,
8410028228706,false,"ברנדי מרקז דה מיסה 700 מ""ל",ספרד ויליאם אנד אומב,,ברנדי מרקז דה מיסה 7,מיליליטרים,700.00,"100 מ""ל",false,1,77.90,11.13,true,1,
8410031934892,false,סוכריות צופה צופ מלודי רביעייה 60 גרם,פרפטי ואן מלה,RU,סוכריות צופה צופ מלו,גרמים,60.00,100 גרם,false,1,10.90,18.17,true,1,
8410031966237,false,צ'ופה צ'ופס - סוכריות לולי על מקל 114 גרם,,ES,צופה צופ חמוץ סוכריו,גרמים,114.00,100 גרם,false,1,11.40,10.00,true,1,
8410076610379,false,"חטיף בוטנים, חלבון סויה ושוקולד מריר עם ציפוי בטעם שוקולד",סריילטו ספיין פודס,ES,חטיף נייטשר ואלי פרו,גרמים,210.00,100 גרם,false,1,24.90,11.86,true,1,
8410076610386,false,נייטשר ואלי פרוטאין בוטנים עם ציפוי בטעם קרמל מלוח 160 ג',ג'\נרל מילס סאן אדריאן S,ES,חטיף נייטשר ואלי פרו,גרמים,210.00,100 גרם,false,1,24.90,11.86,true,1,
8410076610492,false,חטיף שיבולת שועל מלאה ובוטנים בציפוי עם חמאת בוטנים,יבואן ומשווק: ש. שסט,GB,חטיף צואי נייטשר ווא,גרמים,150.00,100 גרם,false,1,17.90,11.93,true,1,
8410076610508,false,"חטיף שיבולת שועל מלאה עם בוטנים, שקדים ושוקולד מריר בציפוי בטעם שוקולד",נייצ'ר ואלי Nature Valley,ES,חטיף צואי נייטשר ווא,גרמים,150.00,100 גרם,false,1,17.90,11.93,true,1,
8410076621009,false,עוגות אישיות בטעם קרמל עם חתיכות בטעם קרמל מלוח,"גלאטס סירו בע""\מ",PT,חטיף פייבר 1 בטעם קר,גרמים,120.00,100 גרם,false,1,18.70,15.58,true,1,
8410076621047,false,עוגות אישיות בטעם שוקולד עם חתיכות בטעם שוקולד,"גלאטס סירו בע""\מ",ES,חטיף פייבר 1 בטעם שו,גרמים,120.00,100 גרם,false,1,18.70,15.58,true,1,
8410104039134,false,"מנקה ומחדש מדיח כלים פיניש 250 מ""ל",הדקלאים אגודת שיתופי,PL,מנקה ומחדש פיניש 250,מיליליטרים,250.00,"100 מ""ל",false,1,14.90,5.96,true,1,
8410104045111,false,"פיניש מלח למדיח כלים 2ק""ג",רקיט בנקיזר,IL,פיניש מלח 2 קג,קילוגרמים,0.00,"ק""ג",false,1,14.90,14.90,true,1,
8410113002822,false,"סנגרה דה טורו רוזה (טורס) 750 מ""ל",,ES,סנגרה דה טורו רוזה (,Unknown,0.00,Unknown,false,1,51.90,51.90,true,1,
8410134016839,false,זיתים ירוקים עם סלומון 300 גרם FRAGATA,אנגל קמצ'ו אלימנטסיו,,זיתים ירוקים עם סלומ,גרמים,300.00,100 גרם,false,1,8.50,2.83,true,1,
8410134119509,false,זיתים שחורים 350 גרם FRAGATA,אנגל קמצ'ו אלימנטסיו,,זיתים שחורים 350 גרם,גרמים,350.00,100 גרם,false,1,8.50,2.43,true,1,
8410161511253,false,"ברנדי ספרדי רומטה סולרה חרז 700 מ""ל",רומטה,ES,ברנדי ספרדי רומטה סו,מיליליטרים,700.00,"100 מ""ל",false,1,77.90,11.13,true,1,
8410179002651,false,זיתים שחורים מגולענים 314 גר,,ES,זיתים שחורים מגולעני,גרמים,314.00,100 גרם,false,1,10.90,3.47,true,1,
8410179002767,false,זיתים ירוקים ממולאים באנשובי 300 גר ITLV,אסייטונס גואדלקוויר,ES,זיתים ירוקים ממולאים,גרמים,300.00,100 גרם,false,1,10.90,3.63,true,1,
8410179002798,false,זיתים ירוקים ממולאים בלימון 314 גר,,ES,זיתים ירוקים ממולאים,גרמים,314.00,100 גרם,false,1,10.90,3.47,true,1,
8410179002828,false,זיתים ירוקים ממולאים בסלמון 300 גר ITLV,אסייטונס גואדלקוויר,ES,זיתים ירוקים ממולאים,גרמים,300.00,100 גרם,false,1,10.90,3.63,true,1,
8410179002873,false,זיתים ירוקים ממולאים בשרימפס 300 גר ITLV,,ES,זיתים ירוקים ממולאים,גרמים,300.00,100 גרם,false,1,10.90,3.63,true,1,
8410179002880,false,זיתים ירוקים ממולאים בלוובסטר 300 גר ITLV,,ES,זיתים ירוקים ממולאים,גרמים,300.00,100 גרם,false,1,10.90,3.63,true,1,
8410182420114,false,"בצלצלי פנינה בחומץ 370 מ""ל",דליסיאס,,בצלצלי פנינה בחומץ 3,גרמים,340.00,100 גרם,false,1,12.50,3.68,true,1,
8410300102939,false,קוביות גלינה בלנקה טעם בקר 80 גר,,,קוביות גלינה בלנקה ט,גרמים,80.00,100 גרם,false,1,13.90,17.38,true,1,
8410300238164,false,קוביות גלינה בלנקה עוף עם ירק 80 גר,,,קוביות גלינה בלנקה ע,גרמים,80.00,100 גרם,false,1,13.90,17.38,true,1,
8410300340232,false,קוביות גלינה בלנקה בקר על עצם 80 גר,,,קוביות גלינה בלנקה ב,גרמים,80.00,100 גרם,false,1,13.90,17.38,true,1,
8410342004789,false,טוראס-שוקולד מריר 72% ללא סוכר 100 גרם,,,טוראס-שוקולד מריר 72,גרמים,100.00,100 גרם,false,1,20.80,20.80,true,1,
8410342004987,false,"טוראס-שוקולד מריר 52% קפה ללת""ס 100 גר",,ES,טוראס-שוקולד מריר 52,גרמים,100.00,100 גרם,false,1,20.80,20.80,true,1,
8410342007049,false,"טוראס-שוקולד מריר 85% ללת""ס 75 גרם",,,טוראס-שוקולד מריר 85,גרמים,75.00,100 גרם,false,1,9.90,13.20,true,1,
8410342007063,false,שוקולד מריר95% ללא תוספת סוכר טוראס 100 ג',,ES,טוראס-שוקולד מריר 95,גרמים,100.00,100 גרם,false,1,20.80,20.80,true,1,
8410342007148,false,"טוראס-ש.מריר תפוז 72% ללת""ס 125ג",,ES,טוראס-ש.מריר תפוז 72,גרמים,125.00,100 גרם,false,1,20.80,16.64,true,1,
8410376006070,false,בסקוויט גולון מריה 800 ג',גולון,ES,בסקוויט גולון מריה 8,גרמים,800.00,100 גרם,false,1,11.90,1.49,true,1,
8410376017113,false,גולון סיבקוויט סנדוויץ שוקו 500 גר,גולון,ES,גולון ביסקוויט סנדוו,גרמים,500.00,100 גרם,false,1,10.40,2.08,true,1,
8410376029079,false,גולון רונדיטוס ביסקויט ללא תוספת סוכר 186 גר,GULLON,,רונדיטוס ביסקוויט,גרמים,186.00,100 גרם,false,1,17.90,9.62,true,1,
8410376037319,false,קרקר פיק מלח גולון 300 גר,,ES,קרקר פיק מלח גולון 3,גרמים,300.00,100 גרם,false,1,9.90,3.30,true,1,
8410376037784,false,גולון ביסקויט סנדויץ שוקו ללא סוכר 250ג,תות תעשיות מזון (201,ES,"ביסקויט ללת""ס סנדווי",גרמים,250.00,100 גרם,false,1,17.90,7.16,true,1,
8410376037883,false,גוליאן עוגיות שוקו צפס ללא גלוטן 130 ג ו,תות תעשיות מזון (201,ES,"עוגיות שוקוציפס ללת""",גרמים,130.00,100 גרם,false,1,12.40,9.54,true,1,
8410376044393,false,גולון עוגיות ללא תוספת סוכר 125 ג',גולון,ES,"גולון- או 2 ללת""ס 21",גרמים,210.00,100 גרם,false,1,19.90,9.48,true,1,
8410376060461,false,גולון-ביסקוויט דיאגסטיב תפוז 280 גרם,,ES,גולון-ביסקוויט דיאגס,גרמים,280.00,100 גרם,false,1,14.90,5.32,true,1,
8410376064438,false,"גולון-פינאס ביסקויט שוקו חלב ללת""ס 150ג",,ES,גולון-פינאס ביסקויט,גרמים,150.00,100 גרם,false,1,17.90,11.93,true,1,
8410525175589,false,פיני סוכריות גלי בטעם דובדבן 80 גרם,,ES,פיני סוכריות גלי בטע,Unknown,1.00,Unknown,false,1,6.90,6.90,true,1,
8410525228339,false,פיני פיזי אריזונה 75 גרם,,ES,פיני פיזי אריזונה 75,גרמים,75.00,100 גרם,false,1,6.90,9.20,true,1,
8410628460629,false,טונה ספרדית בשמן זית וצילי 190 גרם,קונסורסיו ספרד,ES,טונה ספרדית בשמן זית,גרמים,190.00,100 גרם,false,1,29.50,15.53,true,1,
8410655000423,false,"מארז בירה סאן מיגל 4*330 מ""ל",סרבסס סאן מיגל אס.אל.יו,ES,מארז בירה סאן מיגל 4,מיליליטרים,1320.00,"100 מ""ל",false,1,25.90,1.96,true,1,
8410655006517,false,"בירה סאן מיגל פרסקה 330 מ""ל",,,בירה סאן מיגל פרסקה,מיליליטרים,330.00,"100 מ""ל",false,1,6.50,1.97,true,1,
8410655006555,false,"בירה סאן מיגל פרסקה 330 מ""ל מארז שישייה",,,בירה סאן מיגל פרסקה,מיליליטרים,1980.00,"100 מ""ל",false,1,34.90,1.76,true,1,
8410679030048,false,טבלת שוקולד לבן ללא סוכר טראפה 75ג',,ES,טבלת טראפה ל.ס. לבן,גרמים,75.00,100 גרם,false,1,8.90,11.87,true,1,
8410743700303,false,יין קווה קסטילו פרלדה חצי יבש 750 מל,פרלדה,ES,יין קווה קסטילו פרלד,Unknown,0.00,Unknown,false,1,51.90,51.90,true,1,
8410793001757,false,"בירה אסטרייה דאם בקבוק 330 מ""ל","סי סי דאם, אס.אל, בר",ES,בירה אסטרייה דאם 330,מיליליטרים,330.00,"100 מ""ל",false,1,8.90,2.70,true,1,
8410793001764,false,"רביעיית בירה אסטרייה דאם 330 מ""ל בקבוק",אסטרייה Estrella,,רביעיית בירה אסטרייה,מיליליטרים,1320.00,"100 מ""ל",false,1,36.90,2.80,true,1,
8411320334027,false,אורטיז נתחי טונה צהובה בשמן זית (פחית) 1,קונסרבז אורטיז,ES,נתחי טונה צהובה בשמן,גרמים,112.00,100 גרם,false,1,16.40,14.64,true,1,
8412300801072,false,"קרם רב שימושי ניוואה 400 מ""ל",ביירסדורץ,DE,קרם רב שימושי ניוואה,מיליליטרים,400.00,"100 מ""ל",false,1,39.90,9.98,true,1,
8412700120100,false,"קקאולט משקה קקאו ללא תוספת סוכר 200 מ""ל",,ES,קקאולט משקה קקאו ללא,מיליליטרים,200.00,"100 מ""ל",false,1,11.40,5.70,true,1,
8413165061618,false,אוגרטה ריוחה קריאנזה 750 מל,,,אוגרטה ריוחה קריאנזה,Unknown,0.00,Unknown,false,1,57.90,57.90,true,1,
8413376024839,false,גבינת עיזים רכה עם עשבי תיבול 29% ויליפוד 110 גרם,,ES,גבינת עיזים רכה עשבי,גרמים,110.00,100 גרם,false,1,18.70,17.00,true,1,
8413664511218,false,פאפאס ארגנטה-מקלות צ'יפס 250 גרם,,ES,פאפאס ארגנטה מקלות צ,גרמים,250.00,100 גרם,false,1,26.50,10.60,true,1,
8413664511447,false,פאפאס ארגנטה-ברוסקטה שום פטרוזיליה 150 גרם,,ES,פאפאס ארגנטה-ברוסקטה,גרמים,150.00,100 גרם,false,1,13.40,8.93,true,1,
8413664611611,false,פאפאס ארגנטה-צ'יפס דליקטס 180 גרם,ARGENTE PAPAS,ES,פאפאס ארגנטה ציפס דל,גרמים,180.00,100 גרם,false,1,24.50,13.61,true,1,
8420342002012,false,פרוטוס ריברה דל דוארו רובלה 750 מל,,,פרוטוס ריברה דל,Unknown,0.00,Unknown,false,1,72.90,72.90,true,1,
8420708012822,false,"גבינת קשקבל ספרדי, 200 גרם",מיוצר עי קונדיטוריית,ES,קשקבל בשלה 200 גר,גרמים,200.00,100 גרם,false,1,26.90,13.45,true,1,
8420708018817,false,גב.מנצ'גו כבשים36% 150גר,האי נאם סי או אל.טי.,ES,מנצגו בשלה 150 גר,גרמים,150.00,100 גרם,false,1,29.90,19.93,true,1,
8420822130624,false,"ספריי סופר מסיר כתמים 750מ""ל יעקבי",קה לורדה,ES,סופר מסיר כתמים 750,יחידה,1.00,יחידה,false,1,20.90,20.90,true,1,
8421150647105,false,סנדמאן-שרי-ריץ גולדן 750 מל,,,סאנדמן שרי ריץ גולדן,Unknown,0.00,Unknown,false,1,64.90,64.90,true,1,
8423207206488,false,סלים דליס חטיף דגנים מצופה שוקולד חלב מרבה 6*20 גרם,אף.סי תבליני בגליל ב,ES,חטיף דגנים מלאים מצו,גרמים,120.00,100 גרם,false,1,10.90,9.08,true,1,
8423207206501,false,סלים דליס חטיף דגנים עם שוקולד חלב מרבה 6*13 גרם,סלים דליס Slim Delis,ES,חטיף רב דגנים עם שוק,גרמים,78.00,100 גרם,false,1,10.90,13.97,true,1,
8423207207362,false,חטיפי סלים דליס שוקולד לבן מרבה 6 יחידות,ביסנצ'ורי אס.אל.יו,ES,חטיף דגנים סלים דליס,גרמים,120.00,100 גרם,false,1,10.90,9.08,true,1,
8423207208680,false,חטיף דגנים שוקולד סלים דליס לילדים מרבה 6 יחידות,ביסנצ'ורי אס.אל.יו,ES,סלים דליס לילדים עם,גרמים,120.00,100 גרם,false,1,10.90,9.08,true,1,
8423207208697,false,חטיפי סלים דליס לילדים שוקולד לבן מרבה 6 יחידות,ביסנצ'ורי אס.אל.יו,ES,סלים דליס לילדים עם,גרמים,120.00,100 גרם,false,1,10.90,9.08,true,1,
8423207208703,false,חטיפי סלים דליס שוקולד מריר מרבה 6 יחידות,ביסנצ'ורי אס.אל.יו,ES,סלים דליס מהדורה עם,גרמים,120.00,100 גרם,false,1,10.90,9.08,true,1,
8423207210287,false,מרבה סלים דליס שוקולד לבן בטעם יוגורט 120 ג',סלים דליס Slim Delis,ES,סלים דליס שוקולד לבן,גרמים,120.00,100 גרם,false,1,10.90,9.08,true,1,
8423207210942,false,חטיף דגנים מצופה שוקולד לבן ופירות יער,נוטרישן אנד סנטה קוב,ES,סלים דליס טופינג פיר,גרמים,90.00,100 גרם,false,1,10.90,12.11,true,1,
8423207210966,false,חטיף רב דגנים מצופה שוקולד לבן קוקוס ולימון,נוטרישן אנד סנטה קוב,ES,סלים דליס טופינג קוק,גרמים,90.00,100 גרם,false,1,10.90,12.11,true,1,
8423371000202,false,משפחתי בוטנים מלוחים,Unknown,ES,בוטנים מלוחים 150 גר,גרמים,150.00,100 גרם,false,1,12.50,8.33,true,1,
8423371002312,false,בוטנים צילי סאליסול 150 גרם,סאליסול,ES,בוטנים צילי סאליסול,גרמים,150.00,100 גרם,false,1,12.50,8.33,true,1,
8423453905692,false,"בירה ווילדר לאגר 500 מ""ל פחית",פונט סאלם וולנסיה ספרד,ES,בירה ווילדר לאגר 500,מיליליטרים,500.00,"100 מ""ל",false,1,7.20,1.44,true,1,
8423453905739,false,"שישיית בירה ווילדר לאגר 330 מ""ל בקבוק",פונט סאלם וולנסיה ספרד,ES,שישיית בירה ווילדר ל,מיליליטרים,1980.00,"100 מ""ל",false,1,27.90,1.41,true,1,
8425206000081,false,ריבת חלב מרדל 450 גרם,כלורוקס אוקלנד,ES,ריבת חלב מרדל 450 גר,גרמים,450.00,100 גרם,false,1,17.90,3.98,true,1,
8431438000089,false,גבינה איבריקו גוורדמור ספרדי במשקל,,,גבינה גוורדמור ספרדי,Unknown,0.00,"ק""ג",true,0,210.00,210.00,true,1,
8431438000256,false,מנצגו קייסו ספרדי במשקל,,,מנצגו קייסו ספרדי במ,Unknown,0.00,"ק""ג",true,0,188.00,188.00,true,1,
8435185944009,false,"משקה קל ד""ר פפר 330 מ""ל",,,"משקה קל ד""ר פפר 330",מיליליטרים,330.00,"100 מ""ל",false,1,6.90,2.09,true,1,
8435185954626,false,"משקה קל ד""ר פפר בטעם דובדבן 330 מ""ל",,,"משקה קל ד""ר פפר בטעם",מיליליטרים,330.00,"100 מ""ל",false,1,6.90,2.09,true,1,
8437000209980,false,טארט קרם קטלאנה 300 גרם,,,טארט קרם קטלאנה 300,גרמים,300.00,100 גרם,false,1,15.90,5.30,true,1,
8437000209997,false,טארט לימון 300 גרם,,,טארט לימון 300 גרם,גרמים,300.00,100 גרם,false,1,15.90,5.30,true,1,
8437000906209,false,"טורטיה ספרדי קמח 25 ס""מ 325 גרם",Azteca foods europe,ES,טורטיה ספרדי קמח 25,גרמים,325.00,100 גרם,false,1,11.80,3.63,true,1,
8437013158657,false,גבינה קשה כבשים כמהין במשקל,,,גבינה קשה כבשים כמהי,Unknown,0.00,"ק""ג",true,0,198.00,198.00,true,1,
8437013158732,false,מנצגו עם שום במשקל,,,מנצגו עם שום במשקל,Unknown,0.00,"ק""ג",true,0,199.00,199.00,true,1,
8445290019516,false,קוואלטי סטריט שקית 382 גרם,,,קוואלטי סטריט שקית 3,גרמים,382.00,100 גרם,false,1,38.90,10.18,true,1,
8445290427120,false,דגני פיטנס Fitness שוקולד מריר ובננה,נסטלה צרפת איטנקורט,FR,פיטנס שוקולד מריר וב,גרמים,375.00,100 גרם,false,1,19.90,5.31,true,1,
8593868000050,false,"סטארופרמן פרימיום בהיר 500 מ""ל פחית",סטארופרמן,CZ,בירה סטארופרמן פחית,מיליליטרים,500.00,"100 מ""ל",false,1,10.90,2.18,true,1,
8593868002368,false,בירה סטארופרמן אנפילטר בירה 500 מל בקבוק,,CZ,בירה סטארופרמן אנפיל,מיליליטרים,500.00,"100 מ""ל",false,1,10.90,2.18,true,1,
8594009923429,false,"בירה קרושוביצה אמפריאל 500 מ""ל פחית",,,בירה קרושוביצה אמפרי,מיליליטרים,500.00,"100 מ""ל",false,1,11.90,2.38,true,1,
8594014864922,false,אקסלנט חטיף חלבון חמאת בוטנים 85 גרם,,CZ,אקסלנט חטיף חלבון חמ,גרמים,85.00,100 גרם,false,1,18.90,22.24,true,1,
8594071481025,false,חטיף סופרפוד אסאי בננה אורגני 47 גר,,,חטיף סופרפוד אסאי בנ,גרמים,47.00,100 גרם,false,1,14.90,31.70,true,1,
8594071484606,false,חטיף סופרפוד א.ברזיל גוארנה אורגני 47 גר,,,חטיף סופרפוד א.ברזיל,גרמים,47.00,100 גרם,false,1,14.90,31.70,true,1,
8594071650711,false,עוגת נפוליאון מרלנקה,Marlenka,CZ,עוגת נפוליאון 300 גר,גרמים,300.00,100 גרם,false,1,34.90,11.63,true,1,
8594071650841,false,פחזניות מרלנקה 235 גרם,,,פחזניות מרלנקה 235 ג,גרמים,235.00,100 גרם,false,1,34.90,14.85,true,1,
8594073171986,false,קוויז חטיף חלבון שוקולד קוקוס 60 גרם,,CZ,קוויז חטיף חלבון שוק,גרמים,60.00,100 גרם,false,1,17.90,29.83,true,1,
8594073171993,false,קוויז חטיף חלבון שוקולד בראוניס 60 גרם,,CZ,קוויז חטיף חלבון שוק,גרמים,60.00,100 גרם,false,1,17.90,29.83,true,1,
8594073172013,false,קוויז חטיף חלבון קרמל מלוח 60 גרם,,CZ,קוויז חטיף חלבון קרמ,גרמים,60.00,100 גרם,false,1,17.90,29.83,true,1,
8594073179593,false,חטיף חלבון שוקולד וקוקוס אקסלנט 85 גרם,,CZ,חטיף חלבון שוקולד,גרמים,85.00,100 גרם,false,1,18.90,22.24,true,1,
8594200060015,false,בירה צסקה פינטה 568 מל פחית,"""cesu alus""",,בירה צסקה פינטה 568,מיליליטרים,568.00,"100 מ""ל",false,1,8.90,1.57,true,1,
8594403110111,false,בירה בדוויזר בודבר בהיר 500 מל,BUDVIZER BUDVAR,,בירה בדוויזר בודבר,מיליליטרים,500.00,"100 מ""ל",false,1,13.90,2.78,true,1,
8594403150827,false,בירה בדוויזר בודבר כהה 500 מל,BUDVIZER BUDVAR,,בירה בדוויזר בודבר,מיליליטרים,500.00,"100 מ""ל",false,1,13.90,2.78,true,1,
8594403707649,false,"בירה באדוויזר דארק לאגר 500 מ""ל פחית","מיוצר ע""\י מבשלת טוכרn\",CZ,בירה באדוויזר דארק ל,מיליליטרים,500.00,"100 מ""ל",false,1,8.50,1.70,true,1,
8594403707977,false,"בירה באדוויזר לאגר פחית 500 מ""ל","מיוצר ע""\י מבשלת טוכרn\",CZ,בירה באדוויזר לאגר פ,מיליליטרים,500.00,"100 מ""ל",false,1,8.90,1.78,true,1,
8594404001418,false,"בירה קוזל כהה בקבוק חוזר 500 מ""ל",פילזנסקי,CZ,"בירה קוזל כהה 500 מ""",מיליליטרים,500.00,"100 מ""ל",false,1,8.90,1.78,true,1,
8594404110110,false,בירה פילסנר אוראקוול 500 מל,Plznsky,IT,בירה פילסנר אוראקוול,מיליליטרים,500.00,"100 מ""ל",false,1,12.90,2.58,true,1,
8594404115115,false,בירה פילזנר אורקוול פחית 500 מל,פילזן,CZ,בירה פילזנר אורקוול,מיליליטרים,500.00,"100 מ""ל",false,1,10.90,2.18,true,1,
8595657101450,false,חטיף חלבון תות שדה אורגני 47 גר,,,חטיף חלבון תות שדה א,גרמים,47.00,100 גרם,false,1,14.90,31.70,true,1,
8595657101481,false,חטיף חלבון פטל אורגני 47 גר,,,חטיף חלבון פטל אורגנ,גרמים,47.00,100 גרם,false,1,14.90,31.70,true,1,
8595657101795,false,חטיף חלבון אגוזים וניל אורגני 47 גר,,,חטיף חלבון אגוזים ונ,גרמים,47.00,100 גרם,false,1,14.90,31.70,true,1,
8606109023623,false,"פרוויטה - מיץ תפוחי עץ ולימון ליים 750 מ""ל",פרובישקה,RS,פרוויטה מיץ תפוחי עץ,מיליליטרים,750.00,"100 מ""ל",false,1,13.90,1.85,true,1,
8606109023722,false,"פרוויטה - מיץ תפוחי עץ ומשמשים 750 מ""ל",,RS,פרוויטה מיץ תפוחי עץ,מיליליטרים,750.00,"100 מ""ל",false,1,13.90,1.85,true,1,
8682780956801,false,"טנדור-דפי טורטייה 25 ס""מ 390 גרם",,PL,טנדור-דפי טורטייה 25,גרמים,390.00,100 גרם,false,1,11.40,2.92,true,1,
8682780956894,false,"טורטילאב-דפי טורטייה 20 ס""מ 360 גרם",,PL,טנדור-דפי טורטייה 20,גרמים,360.00,100 גרם,false,1,11.40,3.17,true,1,
8683130008355,false,מיונז עם שום הלמנס לחיץ 400 גרם,יוניליוור ישראל שיווק בע,TR,מיונז עם שום הלמנס ל,גרמים,400.00,100 גרם,false,1,14.90,3.73,true,1,
8683130008935,false,"הלמנס קטשיונז 425 גר{הרב רלב""ג}",יוניליוור ישראל שיווק בע,TR,ממרח קטשיונז לחיץ 42,גרמים,425.00,100 גרם,false,1,14.90,3.51,true,1,
8683130025581,false,"מרכך כביסה מרוכז אקסטרה ענבר בדין 960 מ""ל",יבוא ושיווק: יוניליוור י,TR,בדין אקסטרא gbcr 960,מיליליטרים,960.00,"100 מ""ל",false,1,14.90,1.55,true,1,
8683323063024,false,יוגטה שטיחים בטעם תותי פרוטי 220 גרם,ליימן מותגים,TR,יוגטה שטיחים תותי פר,גרמים,220.00,100 גרם,false,1,7.30,3.32,true,1,
8690504081913,false,מקוויטיס טינס מצופה שוקולד חלב 150 גרם,"אולקר ביסקווי סנאי,",TR,מקוויטיס טינס מצופה,גרמים,150.00,100 גרם,false,1,11.90,7.93,true,1,
8690504081937,false,טינס מצופה ש.חלב וקפוצ'ינו מקוויטיס 150 גרם,"אולקר ביסקווי סנאי,",TR,מקוויטיס טינס שוקולד,גרמים,150.00,100 גרם,false,1,11.90,7.93,true,1,
8690504153849,false,גודייבה שוקולד חלב במילוי קרם בטעם פרלין אגוזים 83 גרם,"אולקר מקבוצת פלאדיס,",TR,שוקולד חלב גודייבה ק,גרמים,83.00,100 גרם,false,1,13.90,16.75,true,1,
8690530007147,false,מגבות סלפאק קומפורט דו שכבתיות 6 גלילים,,TR,מגבות סלפאק קומפורט,יחידה,1.00,יחידה,false,1,13.90,13.90,true,1,
8690530015043,false,סלפאק מגבות מטבח שישיה 3 שכבות,איפק,TR,נייר מגבת סלפאק 3 שכ,מטרים,64.00,מטר,false,1,19.90,0.31,true,1,
8690530016514,false,מפיות סלפאק 2 שכבות 75 יח',,,מפיות סלפאק 75 יח,Unknown,0.00,Unknown,false,1,9.90,9.90,true,1,
8690530324930,false,נייר טואלט דו שכבתי 32 גליל SILEN,איפק,TR,נייר טואלט סילאן 2 ש,מטרים,576.00,מטר,false,1,34.90,0.06,true,1,
8690530615120,false,נייר מגבת סילאן 2 שכבות 6 יח,,,נייר מגבת סילאן 2 שכ,מטרים,68.00,מטר,false,1,11.90,0.18,true,1,
8690572783931,false,"פה - דאודורנט ספריי לגבר אינוויזיבל פאוואר 200 מ""ל",שוורצקופף והנקל,DE,דאו פה ספריי אינביזי,מיליליטרים,200.00,"100 מ""ל",false,1,15.30,7.65,true,1,
8690572784990,false,מרכך לחיזוק שורשי סיב השערה סאיוס 600 מל,,,מרכך לחיזוק שורשי סי,מיליליטרים,600.00,"100 מ""ל",false,1,16.30,2.72,true,1,
8690572799505,false,סאיוס מרכך לחיזוק שורשי סיב השערה 500 מל,"הובי קוסמטיק, אנקרה, תור",TR,סאיוס מרכך שמני הזנה,מיליליטרים,500.00,"100 מ""ל",false,1,12.90,2.58,true,1,
8690572799529,false,"סאיוס - שמפו קרטין 500 מ""ל","הובי קוסמטיק, אנקרה, תור",TR,סאיוס שמפו קרטין 500,מיליליטרים,500.00,"100 מ""ל",false,1,12.90,2.58,true,1,
8690637073373,false,תה שחור ברגמוט ארל גריי ליפטון 25 יחידות,יונילוור - תורכיה,TR,תה ארל גריי - 25 סרו,Unknown,0.00,Unknown,false,1,10.30,10.30,true,1,
8690637073434,false,תה ליפטון ארל גריי 100 שקיקים,ליפטון Lipton,,תה ארל גריי 100 שקיק,גרמים,200.00,100 גרם,false,1,28.90,14.45,true,1,
8690637503856,false,ממרח הלמנס כ- 40% פחות שומן לעומת מיונז,אפפילד איסטנבול ייצור מז,TR,ממרח הלמנס לחיץ מופח,גרמים,355.00,100 גרם,false,1,14.90,4.20,true,1,
8690637504426,false,"קרם ניקוי סיף בניחוח לימון 500 מ""ל",יוניליוור סנאיי וי טיקאר,TR,קרם ניקוי סיף בניחוח,יחידה,1.00,יחידה,false,1,14.60,14.60,true,1,
8690637505607,false,בדין אקסטרה מרכך כביסה בניחוח פינוק כחול,יוניליוור סנאיי וי טיקאר,TR,מרכך כביסה בדין פינו,מיליליטרים,960.00,"100 מ""ל",false,1,14.90,1.55,true,1,
8690637555084,false,"מרכך כביסה מרוכז אקסטרה פריחת התפוז בדין 960 מ""ל",יוניליוור סנאיי וי טיקאר,TR,מרכך כביסה בדין אקסט,מיליליטרים,960.00,"100 מ""ל",false,1,14.90,1.55,true,1,
8690637835643,false,"תה ירוק לימונית ולאויזה 30 גרם ""ליפטון""",יונילוור - תורכיה,TR,תה ירוק לואיז הולימו,Unknown,0.00,Unknown,false,1,20.90,20.90,true,1,
8690637866654,false,תה ירוק קלאסי ליפטון 50 שקיקים 75ג',יוניליוור מזון,TR,תה ירוק קלאסי 50 מעט,Unknown,0.00,Unknown,false,1,32.90,32.90,true,1,
8690637871245,false,ממרח הלמנס מיונז אמיתי לחיץ 385ג',"בסטפוד - 3P ארה""ב Fo",TR,מיונז אמיתי הלמנס לח,גרמים,395.00,100 גרם,false,1,14.90,3.77,true,1,
8690637946301,false,"בדין - מרכך כביסה אקסטרא בייביי כחול 960 מ""ל",יוניליוור סנאיי וי טיקאר,TR,מרכך כביסה בדין אקסט,מיליליטרים,960.00,"100 מ""ל",false,1,14.90,1.55,true,1,
8690637976995,false,"מרכך כביסה מרוכז אקסטרה ורוד סחלבים פראי בדין 960 מ""ל",יוניליוור סנאיי וי טיקאר,TR,מרכך כביסה בדין אקסט,מיליליטרים,960.00,"100 מ""ל",false,1,14.90,1.55,true,1,
8690766156367,false,גודייבה שוקולד חלב מעולה 90 גרם,"אולקר מקבוצת פלאדיס,",TR,שוקולד חלב גודייבה מ,גרמים,90.00,100 גרם,false,1,14.90,16.56,true,1,
8690766156374,false,גודייבה שוקולד מריר מעולה 72% מוצקי קקאו 72גרם,"אולקר מקבוצת פלאדיס,",TR,שוקולד מריר 72% גודי,גרמים,90.00,100 גרם,false,1,14.90,16.56,true,1,
8690766156381,false,גודייבה שוקולד מריר 90% מוצקי קקאו 90 גרם,"אולקר מקבוצת פלאדיס,",TR,שוקולד מריר 90% גודי,גרמים,90.00,100 גרם,false,1,14.90,16.56,true,1,
8690766156404,false,שוקולד מריר גודייבה בטעם תפוז אדום 90 גר,גודייבה,TR,שוקולד מריר גודייבה,גרמים,90.00,100 גרם,false,1,14.90,16.56,true,1,
8690770322598,false,שמרים יבשים פוליבה הנמל 125 גרם,בראבו Bravo,TR,שמרים יבשים 125 גר,גרמים,125.00,100 גרם,false,1,5.70,4.56,true,1,
8690777203012,false,פלפלים ירוקים כבושים לא חריפים סרה ויליפוד 600 גרם,יוליניבר,TR,פלפל ירוק כבוש לא חר,גרמים,600.00,100 גרם,false,1,11.90,1.98,true,1,
8690777206051,false,חציל קלוי על האש סרה ויליפוד 650 גרם,קוראהן פזלרמה וי דיס,TR,חצילים קלויים על האש,גרמים,650.00,100 גרם,false,1,11.90,1.83,true,1,
8690777221405,false,פלפל אדום קלוי סרה ויליפוד 650 גרם,קוראהן פזלרמה וי דיס,TR,פלפל אדום קלויים על,גרמים,650.00,100 גרם,false,1,11.90,1.83,true,1,
8690784614665,false,סבון דאק לניקוי אסלה בניחוח ים נתלה,דאופלור אס.פי.אי כונ,PL,סבון מוצק לניקוי אסל,Unknown,0.00,Unknown,false,1,9.90,9.90,true,1,
8690784614771,false,דאק כדוריות ניקוי אסלה בניחוח רענן,דאופלור אס.פי.אי כונ,PL,סבון מוצק לנ.אסלה דא,Unknown,0.00,Unknown,false,1,9.90,9.90,true,1,
8690784616775,false,סבון מוצק לאסלה דאק אקווה בלו 4 ב-1 80 ג,טואלט דאק (ג'ונסון),RS,סבון מוצק לאסלה דאק,גרמים,80.00,100 גרם,false,1,10.90,13.63,true,1,
8691058141238,false,ערמונים שלמים קלויים וקלופים 100 ג' Avel,,,ערמונים שלמים קלויים,גרמים,100.00,100 גרם,false,1,5.80,5.80,true,1,
8691351103131,false,טורקיש דילייט פיסטוק וא.לוז 125 גרם,,TR,טורקיש דילייט פיסטוק,גרמים,125.00,100 גרם,false,1,9.90,7.92,true,1,
8691351103148,false,טורקיש דילייט אגוזי לוז 125 גרם,,TR,טורקיש דילייט אגוזי,גרמים,125.00,100 גרם,false,1,9.90,7.92,true,1,
8691351103667,false,נוגט עם שקדים וחמוציות 100 גרם,,TR,נוגט עם שקדים וחמוצי,גרמים,100.00,100 גרם,false,1,11.40,11.40,true,1,
8691351103674,false,נוגט עם שקדים ולימון 100 גרם,,TR,נוגט עם שקדים ולימון,גרמים,100.00,100 גרם,false,1,11.40,11.40,true,1,
8693357092242,false,שישיית גביעי בירה 300,,,ביסטרו סט 6 גביעי לב,Unknown,0.00,Unknown,false,1,34.00,34.00,true,1,
8693357092624,false,אלניה -סט 6 כוסות מי,,,אלניה -סט 6 כוסות מי,Unknown,0.00,Unknown,false,1,27.90,27.90,true,1,
8693374258348,false,שעועית לבנה עם ירקות ברוטב עגבניות 400 ג,יאילה אגרו גידה,TR,שעועית לבנה עם ירקות,גרמים,400.00,100 גרם,false,1,12.40,3.10,true,1,
8693374258478,false,תבשיל בורגול עם פטריות להכנה מהירה 250 ג,יאילה אגרו גידה,TR,תבשיל בורגול עם פטרי,גרמים,250.00,100 גרם,false,1,12.40,4.96,true,1,
8693638984730,false,"קונפיטורה מישמש פרוטה 1 ק""ג",,TR,קונפיטורה מישמש פרוט,גרמים,1000.00,100 גרם,false,1,24.90,2.49,true,1,
8693638984754,false,"קונפיטורה דובדובנים פרוטה 1 ק""ג",,TR,קונפיטורה דובדובנים,גרמים,1000.00,100 גרם,false,1,24.90,2.49,true,1,
8694686405857,false,מיטו מזון לחתול 1 קג,,TR,מיטו מזון לחתול 1 קג,Unknown,0.00,Unknown,false,1,21.90,21.90,true,1,
8697410092033,false,נשיקות באוויר מרנג וניל 113 גרם,בומפי גידה,TR,נשיקות באוויר מרנג ו,גרמים,113.00,100 גרם,false,1,15.90,14.07,true,1,
8697410092040,false,נשיקות באוויר מרנג לימון 113 גרם,בומפי גידה,TR,נשיקות באוויר מרנג ל,גרמים,113.00,100 גרם,false,1,15.90,14.07,true,1,
8697410092071,false,נשיקות באוויר מרנג מיקס 113 גרם,בומפי גידה,TR,נשיקות באוויר מרנג מ,גרמים,113.00,100 גרם,false,1,15.90,14.07,true,1,
8697410093290,false,נשיקות באוויר תחתיות מרנג תות 90 גרם,בומפי גידה,TR,נשיקות באוויר תחתיות,גרמים,90.00,100 גרם,false,1,18.90,21.00,true,1,
8697410093320,false,נשיקות באוויר תחתיות מרנג תותי פרוטי 90ג,בומפי גידה,TR,נשיקות באוויר תחתיות,גרמים,90.00,100 גרם,false,1,18.90,21.00,true,1,
8697410093450,false,נשיקות באוויר מרנג תותי פרוטי 40 גר,בומפי גידה,TR,נשיקות באוויר מרנג ת,גרמים,40.00,100 גרם,false,1,10.90,27.25,true,1,
8697418280104,false,עלי טורטייה 1.1 קג,,,עלי טורטייה 30 יח,קילוגרמים,0.00,"ק""ג",false,1,37.50,37.50,true,1,
8697418280111,false,עלי טורטייה 25 סמ 840 גרם LAVALIA,פרינסיס און וה אונלו,TR,"עלי טורטייה 25 ס""מ 8",גרמים,840.00,100 גרם,false,1,33.90,4.04,true,1,
8697418280128,false,עלי טורטייה 20 סמ 540 גרם LAVALIA,פרינסיס און וה אונלו,TR,"עלי טורטייה 20 ס""מ 5",גרמים,540.00,100 גרם,false,1,23.90,4.43,true,1,
8697418280173,false,עלי טורטייה מחיטה מלאה 840 גרם LAVALIA,פרינסס גידה,TR,עלי טורטייה מחיטה מל,גרמים,840.00,100 גרם,false,1,26.70,3.18,true,1,
8697418280333,false,שערות קדאיף מיובשות 500 גרם,פרינסיס און וה אונלו,TR,שערות קדאיף מיובשות,גרמים,500.00,100 גרם,false,1,22.90,4.58,true,1,
8697431460064,false,קונפיטורה משמש 70% פרי פרופה 454 גר',פרוטנגו Fruitango,,קונפיטורה 70% פרי מש,גרמים,450.00,100 גרם,false,1,18.70,4.16,true,1,
8697431460378,false,קונפיטורה 70% שזיף פרופה 450 גרם,פרוטנגו Fruitango,,קונפיטורה 70% שזיפים,גרמים,450.00,100 גרם,false,1,18.70,4.16,true,1,
8697431921718,false,קונפיטורה דובדבן חמוץ 70% פרי פרופה 454 גר',Barhan gida sanayi v,,קונפיטורה 70% דובדבן,גרמים,454.00,100 גרם,false,1,18.70,4.12,true,1,
8697530910743,false,סיגריות פאל מאל כחול קצר מטאליק,Unknown,TR,פאל מאל כחול קצר האו,Unknown,0.00,Unknown,false,1,30.00,30.00,true,1,
8697530910750,false,סיגריות פאל מאל כחול ארוך האוס,Unknown,TR,פאל מאל כחול ארוך הא,Unknown,0.00,Unknown,false,1,30.00,30.00,true,1,
8697530910958,false,פאל מאל כחול ארוך האוס עשירייה,Unknown,TR,פאל מאל כחול ארוך הא,Unknown,0.00,Unknown,false,1,295.00,295.00,true,1,
8697530910989,false,פאל מאל אדום האוס עשירייה,Unknown,TR,פאל מאל אדום האוס עש,Unknown,0.00,Unknown,false,1,295.00,295.00,true,1,
8697659224035,false,מטהר אוויר AQUA אטק 400 מל,יעקובי,,מטהר אוויר AQUA אטק,מיליליטרים,400.00,"100 מ""ל",false,1,11.90,2.98,true,1,
8697659234218,false,"דיסני שמפו פרוזן 600מ""ל",,,דיסני שמפו פרוזן 600,Unknown,0.00,Unknown,false,1,14.90,14.90,true,1,
8697659238551,false,"דיסני אל סבון נוזלי פרוזן 400 מ""ל",,TR,אל סבון נוזלי דיסני,מיליליטרים,400.00,"100 מ""ל",false,1,14.90,3.73,true,1,
8697659244842,false,שמפו דיסני סופרמן 600מל,,TR,שמפו דיסני סופרמן 60,Unknown,0.00,Unknown,false,1,14.90,14.90,true,1,
8697826469092,false,טורטיה קטנה שקדיה 540 גרם 12 יחידות,דין שיווק,TR,טורטיה קטנה 12 יחיד,גרמים,540.00,100 גרם,false,1,9.90,1.83,true,1,
8710252130647,false,הבלה בלגיה-קונוס לגלידה 14יח 175 גר,,BE,הבלה בלגיה-קונוס לגל,גרמים,175.00,100 גרם,false,1,17.90,10.23,true,1,
8710418111213,false,עוגיות חמאה ברינק ספריטס הולנדי 400 גרם,CONTINENTAL BAKERIES,,עוגיות חמאה ברינק ספ,גרמים,400.00,100 גרם,false,1,11.90,2.98,true,1,
8710448534600,false,"GG רוטב גבינה טבעוני 650 מ""ל",רמייה,NL,GG רוטב גבינה טבעוני,מיליליטרים,650.00,"100 מ""ל",false,1,22.90,3.52,true,1,
8710448569879,false,מיונז הולנדי לחיץ 750 גרם,רמייה,,מיונז הולנדי לחיץ 75,גרמים,750.00,100 גרם,false,1,27.90,3.72,true,1,
8710448580089,false,מיונז אמיתי הולנדי 500מל,רמייה,NL,"מיונז הולנדי 500 מ""ל",גרמים,500.00,100 גרם,false,1,14.60,2.92,true,1,
8710448583561,false,רוטב צ'יפס הולנדי 500מל,רמייה,NL,"רוטב לציפס 500 מ""ל",מיליליטרים,500.00,"100 מ""ל",false,1,12.90,2.58,true,1,
8710448588740,false,רוטב חרדל דבש רמייה 500 גר,וואן האוטן,NL,רוטב חרדל דבש רמייה,גרמים,500.00,100 גרם,false,1,13.50,2.70,true,1,
8710448588764,false,רוטב לסלט שום ועשבי תיבול רמייה 500 גר,רמייה,NL,רוטב לסלט שום ועשבי,גרמים,500.00,100 גרם,false,1,13.50,2.70,true,1,
8710448588771,false,"רוטב איטלקי לסלט 500 מ""ל רמייה",וואן האוטן,,רוטב איטלקי לסלט 500,מיליליטרים,500.00,"100 מ""ל",false,1,13.50,2.70,true,1,
8710448593706,false,"מיונז לחיץ רמיה 350 מ""ל",,NL,מיונז לחיץ רמיה 350,מיליליטרים,350.00,"100 מ""ל",false,1,12.90,3.69,true,1,
8710448595175,false,"רוטב מעושן 450 מ""ל BLACEJACK",רמייה,,"רוטב מעושן 450 מ""ל B",מיליליטרים,450.00,"100 מ""ל",false,1,18.90,4.20,true,1,
8710448635239,false,מיונז כמהין רמייה לח,אהק בי.וקולברד,BE,"מיונז כמהין 300 מ""ל",גרמים,300.00,100 גרם,false,1,14.90,4.97,true,1,
8710448636540,false,רוטב סאטה רמייה 290,רמייה,,"רוטב סאטה 290 מ""ל",מיליליטרים,290.00,"100 מ""ל",false,1,11.90,4.10,true,1,
8710479306009,false,תערובת לפופר הולנדי 400 גרם,"אמספורד ד""ר אוטקר קופמן",NL,תערובת לפופר הולנדי,גרמים,400.00,100 גרם,false,1,21.90,5.48,true,1,
8710502060021,false,מרבה פטיסרי עוגיות מאפין רכות 210 גרם,"י. מרבה ישראל בע""\מ",NL,מרבה פטיסרי עוגיות מ,גרמים,210.00,100 גרם,false,1,11.40,5.43,true,1,
8710502064814,false,עוגיות מרבה שוקולד ציפס במרקם רך 175 גר,בנקטבקריי מרבה בי.וי,NL,עוגיות מרבה שוקולד צ,גרמים,175.00,100 גרם,false,1,8.60,4.91,true,1,
8710502139017,false,עוגיות מרבה טריפל שוקולד שוקוצ'יפס 180ג',בנקטבקריי מרבה בי.וי,NL,עוגיות שוקולד מצופות,גרמים,180.00,100 גרם,false,1,8.60,4.78,true,1,
8710502279010,false,מרבה עוגיות שוקולד צ'יפס מצופות שוקולד 175 גרם,"י.מרבה ישראל בע""מ",NL,עוגיות מרבה שוקולד צ,גרמים,175.00,100 גרם,false,1,8.60,4.91,true,1,
8710502405204,false,עוגיות שוקולד צ'יפס עם קרם שוקולד מרבה 175 גרם,קריניציה ויטמינה אס,NL,עוגיות שוק.ציפס ממול,גרמים,175.00,100 גרם,false,1,8.60,4.91,true,1,
8710552274614,false,שמפו קצף לנ.שטיחים וניש קליה גולד 600 מל,קליה וניש Kalia Vanish,GB,שמפו קצף לנ.שטיחים ו,מיליליטרים,600.00,"100 מ""ל",false,1,27.90,4.65,true,1,
8710625282164,false,"קוקטייל פור טו פינה קולדה 700 מ""ל",באוולנד,NL,"קוקטייל פור 2 700 מ""",מיליליטרים,700.00,"100 מ""ל",false,1,58.90,8.41,true,1,
8710679158385,false,"ציפס פריטס קלאסי 2.5 ק""ג",,,"ציפס קלאסי 2.5 ק""ג",קילוגרמים,0.00,"ק""ג",false,1,46.90,46.90,true,1,
8710800961310,false,סוכריות בטעם תות מנטוס 4*375 גרם,פרפטי ואן מלה ברדה,NL,מנטוס תות 1/4,גרמים,160.00,100 גרם,false,1,13.90,8.69,true,1,
8711000371176,false,ג'ייקובס קפסולות קפה אספרסו קלאסיקו עוצמה 7,ג'ייקובס דאו אגברטס צרפת,FR,קפסולות קפה אספרסו ק,גרמים,52.00,100 גרם,false,1,15.90,30.58,true,1,
8711000371183,false,ג'ייקובס קפסולות קפה אספרסו אינטסו עוצמה 10,ג'ייקובס דאו אגברטס צרפת,FR,קפסולות קפה אספרסו א,גרמים,52.00,100 גרם,false,1,15.90,30.58,true,1,
8711000371206,false,ג'ייקובס קפסולות קפה אספרסו ריסטרטו עוצמה 12,ג'ייקובס דאו אגברטס צרפת,FR,קפסולות קפה אספרסו ר,גרמים,52.00,100 גרם,false,1,15.90,30.58,true,1,
8711000472040,false,קפסולות קפה אספרסו סלקשיין גייקובס 52 גר,ג'ייקובס Jacobs,FR,קפסולות קפה אספרסו ס,גרמים,52.00,100 גרם,false,1,16.90,32.50,true,1,
8711200425990,false,חמאת בוטנים חלקה 350 גר Calve,יוניקורן פיקלס,NL,חמאת בוטנים חלקה 350,גרמים,350.00,100 גרם,false,1,19.90,5.69,true,1,
8711200426034,false,חמאת בוטנים קראנצי 350 גר Calve,יוניקורן פיקלס,NL,חמאת בוטנים קראנצי 3,גרמים,350.00,100 גרם,false,1,20.80,5.94,true,1,
8711200443789,false,"חרדל דיז'ון גרגירים בבקבוק לחיץ סיימן 235 מ""ל",מיילי,FR,חרדל גרגרים בבקבוק ל,מיליליטרים,235.00,"100 מ""ל",false,1,16.90,7.19,true,1,
8711200443802,false,"חרדל דיזון בבקבוק לחיץ 235 מ""ל",מיילי,FR,חרדל דיזון בבקבוק לח,מיליליטרים,235.00,"100 מ""ל",false,1,16.90,7.19,true,1,
8711271107955,false,קוביות מלפפון חמוץ 370 גרם,,NL,קוביות מלפפון חמוץ 3,גרמים,370.00,100 גרם,false,1,14.90,4.03,true,1,
8711281013345,false,חרדל הולנדי מקורי גרגירים 335 גרם,מוסטאד מולן דה האוסמ,NL,חרדל הולנדי מקורי גר,גרמים,335.00,100 גרם,false,1,15.40,4.60,true,1,
8711281023344,false,חרדל הולנדי מקורי חלק קרמי 335 גרם,מוסטאד מולן דה האוסמ,NL,חרדל הולנדי מקורי חל,גרמים,335.00,100 גרם,false,1,16.90,5.04,true,1,
8711327475663,false,"מגנום פיינט וניל שוקולד לבן 440 מ""ל","מפעל גלידות בווספרם, רחו",HU,מגנום וניל שוקולד,גרמים,302.00,100 גרם,false,1,23.90,7.91,true,1,
8711327475762,false,"מגנום פיינט שוקולד לבן עוגיות 440 מ""ל","מפעל גלידות בווספרם, רחו",HU,מגנום שוקולד לבן,גרמים,302.00,100 גרם,false,1,23.90,7.91,true,1,
8712000051099,false,"שישיית בירה היינקן 0% אלכוהל בקבוק 330 מ""ל","מבשלת היינקן, ריטבלדנברג",NL,שישיית בירה היינקן 0,מיליליטרים,1980.00,"100 מ""ל",false,1,29.90,1.51,true,1,
8712092034673,false,גבינה מותכת מעושנת 23% במשקל,,,גבינה מותכת מעושנת 2,Unknown,0.00,"ק""ג",true,0,101.00,101.00,true,1,
8712400802512,false,תרכובת מזון המשך לפעוטות על בסיס חלב שלב 2,נוטרישיה קאלק ב. ו.,NL,נוטרילון מבית נוטריש,גרמים,800.00,100 גרם,false,1,64.90,8.11,true,1,
8712400802536,false,תרכובת מזון המשך לפעוטות על בסיס חלב שלב 3,נוטרישיה קאלק ב. ו.,NL,נוטרילון מבית נוטריש,גרמים,800.00,100 גרם,false,1,64.90,8.11,true,1,
8712561594608,false,"דאב תחליב רחיצה להזנה עמוקה 750 מ""ל","יוניליוור גרמניה, Gmbh &",DE,תחליב רחצה דאב להזנה,מיליליטרים,750.00,"100 מ""ל",false,1,19.90,2.65,true,1,
8712561611411,false,"תחליב רחצה בניחוח מלפפון ותה ירוק דאב 750 מ""ל","יוניליוור גרמניה, Gmbh &",DE,תחליב רחצה דאב תה יר,מיליליטרים,750.00,"100 מ""ל",false,1,19.90,2.65,true,1,
8712561626286,false,"תחליב רחצה דאב זוהר כמשי 750 מ""ל",יוניליוור גרמניה (בו,DE,תחליב רחצה דאב זוהר,מיליליטרים,750.00,"100 מ""ל",false,1,19.90,2.65,true,1,
8713323093483,false,ורוד-גאודה הולנדי פרוס 150 גרם,ווסטלנד,NL,ורוד-גאודה הולנדי,גרמים,150.00,100 גרם,false,1,16.60,11.07,true,1,
8713499045156,false,גאודה כמון הולנדית במשקל,,,גאודה כמון הולנדית ב,Unknown,0.00,"ק""ג",true,0,115.00,115.00,true,1,
8713501034406,false,גאודה שום הולנדית במשקל,,,גאודה שום הולנדית,Unknown,0.00,"ק""ג",true,0,121.00,121.00,true,1,
8713505038608,false,גאודה הולנדית פטריות כמהין במשקל,,,גאודה הולנדית פטריות,Unknown,0.00,"ק""ג",true,0,183.00,183.00,true,1,
8714599104316,false,ג'ייקובס קפה שחור קלוי וטחון טורקי 200 גרם,אל.אל.סי ג'\ייקובס דאו א,RU,קפה שחור קלוי וטחון,גרמים,200.00,100 גרם,false,1,16.60,8.30,true,1,
8714599410530,false,גייקובס קרונינג שקית רפיל 200 גרם,ג'יי.די.אי.,UA,גייקובס קרונינג שקית,גרמים,200.00,100 גרם,false,1,19.50,9.75,true,1,
8714599412220,false,ג'ייקובס וולווט קפה נמס מיובש בהקפאה 95 גרם,אל.אל.סי ג'\ייקובס דאו א,RU,גייקובס וולווט קפה נ,גרמים,95.00,100 גרם,false,1,17.70,18.63,true,1,
8714599412336,false,קפה נמס בריסטה אמריקנו קלוי וטחון 160 ג' ג'ייקובס,ג'\ייקובס דאו אגברטס רוס,RU,גיקובס בריסטה אמריקנ,גרמים,160.00,100 גרם,false,1,25.90,16.19,true,1,
8714599513866,false,"קפה נמס מיובש בהקפאה קרונג צנצנת ג'ייקובס 200 גרם לל""ס",אל.אל.סי גייקובס דאו,RU,גיקובס קרונונג מיובש,גרמים,200.00,100 גרם,false,1,24.90,12.45,true,1,
8714789402918,false,נוזל לניקוי כללי ורצפות בניחוח פרחי בר אג'קס 1.5 ליטר,הנסיך- מפעל לייצור ט,GR,אגקס חגיגת פרחים 1.5,ליטרים,0.00,ליטר,false,1,23.90,23.90,true,1,
8714789450315,false,פלמוליב נוזל כלים לימון 1.5 ליטר,הנסיך- מפעל לייצור ט,GR,פלמוליב נוזל כלים לי,ליטרים,0.00,ליטר,false,1,18.70,18.70,true,1,
8714789834467,false,פלמוליב נוזל לניקוי כלים קלאסי 1.5 ליטר,קולגייט-פלמוליב,GR,פלמוליב נוזל כלים,ליטרים,0.00,ליטר,false,1,18.70,18.70,true,1,
8714789930848,false,"משחת שיניים אופטיק וייט הלבנה מיידית קולגייט 75 מ""ל",הנסיך- מפעל לייצור ט,PL,קולגייט משחת אופטיק,Unknown,0.00,Unknown,false,1,19.90,19.90,true,1,
8714800004114,false,"בירה 8.6 אורגינל 500 מ""ל פחית",בווריה,NL,בירה 8.6 אורגינל 500,מיליליטרים,500.00,"100 מ""ל",false,1,8.50,1.70,true,1,
8714800007191,false,"בירה בווריה פרמיום 500 מ""ל פחית",בווריה,NL,בירה בווריה פרמיום 5,מיליליטרים,500.00,"100 מ""ל",false,1,7.90,1.58,true,1,
8714800025348,false,"בירה הולנדיה 12% חזקה מאוד 500 מ""ל פחית",בווריה,,בירה הולנדיה 12% חזק,מיליליטרים,500.00,"100 מ""ל",false,1,8.50,1.70,true,1,
8714800041645,false,"בירה 8.6 אקסטרים חזקה מאוד 500 מ""ל פחית",בווריה,,בירה 8.6 אקסטרים חזק,מיליליטרים,500.00,"100 מ""ל",false,1,8.50,1.70,true,1,
8714800043182,false,"בירה 8.6 איי.פי.אל 500 מ""ל פחית",בווריה,,בירה 8.6 איי.פי.אל,מיליליטרים,500.00,"100 מ""ל",false,1,8.50,1.70,true,1,
8715035520301,false,פונזו רוטב יפני מסורתי מבוסס על רוטב סויה ולימון,קיקומן פודז יורופ בי,NL,רוטב יפני קיקומן פונ,מיליליטרים,250.00,"100 מ""ל",false,1,23.90,9.56,true,1,
8715700110141,false,מיונז קרמי היינץ צנצנת 460ג',ה.י.היינץ הולדינג בי.וי,NL,מיונז בצנצנת היינץ 4,גרמים,460.00,100 גרם,false,1,11.90,2.59,true,1,
8715700110158,false,היינץ ממרח במרקם קרמי צנצנת 490 גרם,ה.י.היינץ הולדינג בי.וי,NL,מיונז לייט בצנצנת הי,גרמים,490.00,100 גרם,false,1,11.90,2.43,true,1,
8715700115641,false,ממרח מיונז לחיץ לייט במרקם קרמי 420 ג' היינץ,"פודליצקי ספ.ז.או.או,.",PL,ממרח קרמי לחיץ לייט,גרמים,420.00,100 גרם,false,1,14.90,3.55,true,1,
8715700117805,false,"קטשופ היינץ מתבל עגבניות ללא תוספת סוכר ומלח 425 מ""ל","ה.י היינץ הולדינג בי.וי,",NL,"מתבל עגבניות ללת""ס ו",מיליליטרים,425.00,"100 מ""ל",false,1,10.90,2.56,true,1,
8715700419695,false,רוטב ברביקיו מתוק היינץ 500 גרם,היינץ Heinz,NL,רוטב ברביקיו מתוק 50,גרמים,500.00,100 גרם,false,1,17.90,3.58,true,1,
8715700419732,false,מתבל עגבניות היינץ 700 גרם,ה.י. היינץ,NL,מתבל היינץ 700 גרם,גרמים,700.00,100 גרם,false,1,11.90,1.70,true,1,
8715700421032,false,ממרח סנדויץ טבעי 300 גרם,,,ממרח סנדויץ טבעי 300,גרמים,300.00,100 גרם,false,1,17.70,5.90,true,1,
8715700421322,false,היינץ רוטב ברביקיו צ'ילי 490 גרם,היינץ Heinz,NL,רוטב ברביקיו צילי,גרמים,490.00,100 גרם,false,1,17.90,3.65,true,1,
8715700422473,false,ממרח לכריכים וסלטים ללא ח. משמרים היינץ 395 גרם,ה.י. היינץ,NL,מיונז לחיץ היינץ 395,גרמים,395.00,100 גרם,false,1,14.90,3.77,true,1,
8715700423906,false,היינץ מתבל עגבניות מופחת סוכר ומלח 50/50 550 גרם,היינץ צפון אמריקה מק,NL,מתבל עגבניות מופחת נ,גרמים,555.00,100 גרם,false,1,11.50,2.07,true,1,
8716605000742,false,גבינה מעושנת 200 גרם,,,גבינה מעושנת 200 גרם,גרמים,200.00,100 גרם,false,1,27.50,13.75,true,1,
8716605000995,false,גבינה מסדאם הולנדית במשקל,,,גבינה מסדאם הולנדית,Unknown,0.00,"ק""ג",true,0,80.00,80.00,true,1,
8716605001022,false,גבינת דניש בלו 100 גר,,,גבינת דניש בלו 100 ג,גרמים,100.00,100 גרם,false,1,14.70,14.70,true,1,
8717163647264,false,"אקס דאודורנט ספריי גוף אייס צ'יל 150 מ""ל",ארנסט. רחוב קומבינצק,GB,דאו אקס ספרי גוף לגב,מיליליטרים,150.00,"100 מ""ל",false,1,19.80,13.20,true,1,
8717163947692,false,"אקס ג'ל רחצה לגבר פרש ברגמוט ופינק פפר 400 מ""ל","יוניליוור גרמניה, רח",DE,גל רחצה אקס פינק פפר,מיליליטרים,400.00,"100 מ""ל",false,1,10.90,2.73,true,1,
8718114734484,false,מיונז מאילי 320 גר צ,יונילבר צרפת,FR,מיונז מייל 320 גרם,גרמים,320.00,100 גרם,false,1,15.90,4.97,true,1,
8718421271627,false,"מיונז אמיתי אורגני 370 מ""ל",,NL,מיונז אמיתי אורגני 3,מיליליטרים,370.00,"100 מ""ל",false,1,16.90,4.57,true,1,
8718692610835,false,שלישית בקבוקי סודה סטרים פיוז 1 ליטר,סודה סטרים,IL,שלישיית בקבוקים 1 ל,Unknown,0.00,Unknown,false,1,61.60,61.60,true,1,
8718692611979,false,סירופ סודה סטרים דיאט פירות יער 0.5 ל,סודה סטרים,IL,סירופ סודה סטרים דיא,מיליליטרים,5000.00,"100 מ""ל",false,1,22.90,0.46,true,1,
8718700495515,false,גבינת צ'דר פרוס 150ג',,NL,צדר פרוס 150 גרם,גרמים,150.00,100 גרם,false,0,8.30,5.53,true,1,
8718700495522,false,גבינת גאודה פרוס 150ג',,NL,גאודה פרוס 150 גרם,גרמים,150.00,100 גרם,false,0,8.30,5.53,true,1,
8718700495539,false,גבינת אמנטל פרוס 150ג',,NL,אמנטל פרוס 150 גרם,גרמים,150.00,100 גרם,false,0,8.30,5.53,true,1,
8718951031241,false,משחת שיניים אלמקס מנטרל חומצות סוכר 75 מל,CP-Poland swidnica,PL,אלמקס משחת שיניים הג,Unknown,0.00,Unknown,false,1,22.90,22.90,true,1,
8718951048669,false,אג'קס ספריי לניקוי חלונות בניחוח חגיגת הפרחים,SAS-VA COLGATE-PALMOLIVE,FR,ניקוי חלונות אגקס פר,מיליליטרים,750.00,"100 מ""ל",false,1,17.90,2.39,true,1,
8718951079205,false,"קולגייט סנסיטיב פרו רליף רפיר אנד פריוונט 75 מ""ל",קולגייט-פלמוליב,PL,מש.שיניים קולגייט סנ,Unknown,0.00,Unknown,false,1,25.90,25.90,true,1,
8718951137615,false,"ספריי לניקוי חלונות ומשטחים 500 מ""ל אג'קס",קולגייט פלמוליב,GR,ספריי חלונות ניקוי ל,Unknown,0.00,Unknown,false,1,7.90,7.90,true,1,
8718951166561,false,משחת שיניים לרעננות מוגברת max fresh cooling crystals,הנסיך- מפעל לייצור ט,PL,קולגייט משחה מקס פרש,מיליליטרים,125.00,"100 מ""ל",false,1,17.90,14.32,true,1,
8718951236790,false,"קולגייט טוטאל משחת שיניים קלין מינט לפה בריא 100 מ""ל",קולגייט פלמוליב,PL,מש.שיניים קולגייט טו,מיליליטרים,100.00,"100 מ""ל",false,1,15.90,15.90,true,1,
8718951236806,false,"קולגייט טוטאל הלבנה משחת שיניים המסייעת בהסרת כתמים 100 מ""ל",קולגייט Colgate,PL,קולגייט טוטל הלבנה,מיליליטרים,100.00,"100 מ""ל",false,1,15.90,15.90,true,1,
8718951240742,false,"קולגייט טוטאל משחת שיניים פסים מרעננים 100 מ""ל",קולגייט פלמוליב,PL,מש.שיניים קולגייט טו,מיליליטרים,100.00,"100 מ""ל",false,1,15.90,15.90,true,1,
8718951286733,false,"קולגייט אופטיק וייט לסטינג וייט משחת שיניים 75 מ""ל",קולגייט Colgate,PL,מ שיניים קולגייט אופ,מיליליטרים,75.00,"100 מ""ל",false,1,24.90,33.20,true,1,
8718951350137,false,"פלמוליב תחליב רחצה מקדמיה וקקאו עם חמאת שיאה 750 מ""ל",קולגייט פלמוליב,IT,פלמוליב ת.רחצה נטורל,מיליליטרים,750.00,"100 מ""ל",false,1,16.90,2.25,true,1,
8718951509627,false,"קולגייט אופטיק וייט לאוהבי קפה ותה משחת שיניים 75 מ""ל",קולגייט פלמוליב,PL,קולגייט אופטיק וויט,מיליליטרים,75.00,"100 מ""ל",false,1,24.90,33.20,true,1,
8719128110332,false,"סירופ סודה סטרים אנרגיה 500 מ""ל",סודהסטרים sodastream,IL,סירופ סודה סטרים אנר,מיליליטרים,5000.00,"100 מ""ל",false,1,22.90,0.46,true,1,
8719128117249,false,"סירופ פפסי מקס 440 מ""ל סודהסטרים",סודה סטרים,IL,סירופ פפסי מקס,מיליליטרים,440.00,"100 מ""ל",false,1,22.90,5.20,true,1,
8719128117263,false,"סירופ מירינדה – 440 מ""ל",סודה סטרים,IL,סירופ מירינדה,מיליליטרים,440.00,"100 מ""ל",false,1,22.90,5.20,true,1,
8719128117294,false,"סירופ דייט סבן אפ 440 מ""ל סודהסטרים",סודה סטרים,IL,סירופ דיאט סבן אפ,מיליליטרים,440.00,"100 מ""ל",false,1,22.90,5.20,true,1,
8719200997998,false,מרגרינה למריחה בישול וטיגון 200 ג' בלו בנד,אתר חיפה מרגרינה - F,IL,בלובנד לבישול וטיגון,גרמים,200.00,100 גרם,false,1,5.00,2.50,true,1,
8719200998018,false,מחמאה מרגרינה בטעם חמאה בלובנד 200 גרם,"מיוצר ע""\י יוניליוור ישר",IL,מחמאה מרגרינה,גרמים,200.00,100 גרם,false,1,5.40,2.70,true,1,
8719956493140,false,טוני שוקולונלי ש. חלב פקאן ובראוני 180ג,,,טוני שוקולונלי ש. חל,מיליליטרים,180.00,"100 מ""ל",false,1,21.90,12.17,true,1,
8720181045912,false,"אקס דאודורנט ספריי גוף אפריקה 150 מ""ל","יוניליוור אנגליה, דרך קו",GB,דאו אקס ספריי גוף אפ,מיליליטרים,150.00,"100 מ""ל",false,1,19.80,13.20,true,1,
8720181090219,false,תחליב רחצה רימונים ותמצית פרח היביסקוס,"יוניליוור גרמניה, Gmbh &",DE,תחליב רחצה דאב,מיליליטרים,780.00,"100 מ""ל",false,1,19.90,2.55,true,1,
8720181123955,false,"אקס - ג'ל רחצה ריצארג קריד 400 מ""ל",יוניליוור גרמניה Gmbh &,GB,גל רחצה אקס רי צארג,מיליליטרים,400.00,"100 מ""ל",false,1,16.30,4.08,true,1,
8720182253194,false,סבון מוצק דאב מלפפונים ותה ירוק שישיית,יוניליוור גרמניה (בו,DE,סבון מוצק דאב מלפפונ,גרמים,540.00,100 גרם,false,1,26.90,4.98,true,1,
8721200060107,false,בקרסלנד-סטרופ וופל הולנדי 250 גרם,דה בנקט גרופ,NL,סטרופ וופל 260 גר בק,גרמים,260.00,100 גרם,false,1,16.50,6.35,true,1,
8723400756552,false,מארז סוכריות מנטוס Mentos ריינבואו,פרפטי ואן מלה ברדה,NL,מנטוסRAINBOW 1/4,גרמים,150.00,100 גרם,false,1,13.90,9.27,true,1,
8801043025256,false,נונגשים ראמאן-נודלס שין חריף בקערה 114ג,,KR,נונגשים ראמאן-נודלס,גרמים,114.00,100 גרם,false,1,18.90,16.58,true,1,
8801043053167,false,נונגשים ראמאן-נודלס שין חריף מאוד 120 גר,,KR,נונגשים ראמאן-נודלס,גרמים,120.00,100 גרם,false,1,11.40,9.50,true,1,
8801043055628,false,נונגשים ראמאן-נודלס קימצי בקערה 100 ג,,KR,נונגשים ראמאן-נודלס,גרמים,100.00,100 גרם,false,1,16.50,16.50,true,1,
8801043157759,false,נונגשים ראמאן-נודלס צמפונג פירות ים 120ג,,KR,נונגשים ראמאן-נודלס,גרמים,120.00,100 גרם,false,1,11.40,9.50,true,1,
8801043157773,false,נונגשים ראמאן-נודלס נאוגרי פירות ים 120ג,,KR,נונגשים ראמאן-נודלס,גרמים,120.00,100 גרם,false,1,11.40,9.50,true,1,
8801055706440,false,מנות אישיות קפה נמס טייסטרס צ'ויס Taster's Choice,נסטלה קוריאה - קפה,KR,טייסטרס צויס 20*1.8,גרמים,96.00,100 גרם,false,1,8.90,9.27,true,1,
8801055707966,false,קפה טייסטר צו'יס נס קפה בריסטה 180ג',נסטלה קוריאה - קפה,KR,נסקפה טייסטרס צויס ב,גרמים,180.00,100 גרם,false,1,28.90,16.06,true,1,
8801055709434,false,קפה נמס טסטר'ס צ'ויס קולומביה 100 גרם,נסטלה קוריאה - קפה,KR,נסקפה טייסטרס צויס ק,גרמים,100.00,100 גרם,false,1,23.90,23.90,true,1,
8801055709458,false,אבקה להכנת משקה קפה בטעם קפוצ'ינו קרמל,נסטלה קוריאה - קפה,IL,נסקפה קפוצינו קרמל,גרמים,170.00,100 גרם,false,1,18.90,11.12,true,1,
8801055709465,false,אבקה להכנת משקה קפה בטעם קפוצ'ינו וניל,נסטלה קוריאה - קפה,KR,נסקפה קפוצינו וניל,גרמים,185.00,100 גרם,false,1,18.90,10.22,true,1,
8801055709472,false,נסטלה - נסקפה קפוצ'ינו קלאסי 12.50 גרם * 10,נסטלה קוריאה - קפה,KR,נסקפה קפוצינו קלאסי,גרמים,125.00,100 גרם,false,1,18.90,15.12,true,1,
8801055709489,false,אבקה להכנת משקה קפה בטעם קפוצ'ינו אגוזים,נסטלה קוריאה - קפה,IL,נסקפה קפוצינו אגוזים,גרמים,180.00,100 גרם,false,1,18.90,10.50,true,1,
8801085020301,false,אטריות נאמה אודון 200 גרם,Alpha international,,אטריות נאמה אודון 20,גרמים,200.00,100 גרם,false,1,10.50,5.25,true,1,
8850058000710,false,מחית צילי בשמן 227 גר,Super J Internationa,,מחית צילי בשמן 227 ג,גרמים,227.00,100 גרם,false,1,19.70,8.68,true,1,
8850161160851,false,"קוקו מקס 100% מי קוקוס 350 מ""ל",טויו סייקאן קו.אל.טי.די,TH,מי קוקוס קוקו מקס 35,מיליליטרים,350.00,"100 מ""ל",false,1,8.90,2.54,true,1,
8850161161247,false,קוקו מקס 100% מי קוקוס 1 ליטר,טויו סייקאן קו.אל.טי.די,TH,מי קוקוס קוקו מקס 1,מיליליטרים,1000.00,"100 מ""ל",false,1,15.60,1.56,true,1,
8850161167041,false,"קוקו וואי משקה קוקוס 270 מ""ל",טויו טייקאן קו.אל.טי.די,TH,חלב קוקוס קוקו וואי,מיליליטרים,270.00,"100 מ""ל",false,1,8.90,3.30,true,1,
8850161167089,false,קוקו וואי משקה קוקוס 1 ליטר,טויו טייקאן קו.אל.טי.די,TH,חלב קוקוס קוקו וואי,מיליליטרים,1000.00,"100 מ""ל",false,1,15.60,1.56,true,1,
8850180040028,false,קמח טמפורה להכנת בלי,קרנחם אוטאי פחרה,TH,טמפורה 500 גרם GOGI,גרמים,500.00,100 גרם,false,1,11.90,2.38,true,1,
8850367990443,false,"רוטב לסלט בסגנון אסייאתי 285 מ""לTCC (כ)ללא גלוטן",c coconut Theppadungporn,TH,רוטב לסלט בסגנון אסי,מיליליטרים,285.00,"100 מ""ל",false,1,12.40,4.35,true,1,
8850367992164,false,קרם קוקוס 250 מל 20-22% ללא חומר משמר,טאפאדונגפורן קוקנט,TH,"קרם קוקוס 250 מ""ל 20",גרמים,250.00,100 גרם,false,1,8.40,3.36,true,1,
8850367994786,false,מחית קארי אדומה 50 גרם,טאפאדונגפורן קוקינט,TH,מחית קארי אדומה 50 ג,גרמים,50.00,100 גרם,false,1,5.90,11.80,true,1,
8850367994793,false,מחית קארי צהובה 50 גרם,c coconut Theppadungporn,TH,מחית קארי צהובה 50 ג,גרמים,50.00,100 גרם,false,1,5.90,11.80,true,1,
8850389103111,false,סאפי משקה אלוורה בטעם ענבים 300מל,סאפה פובליק קומפני ל,TH,משקה קל סאפה בטעם ענ,מיליליטרים,300.00,"100 מ""ל",false,1,8.90,2.97,true,1,
8850389103159,false,"משקה ליצ'י עם חתיכות גלי קוקוס 320 מ""ל מוגו מוגו",סאפה פובליק קומפני לימיי,TH,מוגו מוגו ליצי עם חת,מיליליטרים,320.00,"100 מ""ל",false,1,8.20,2.56,true,1,
8850389105825,false,משקה אלוורה בטעם ענבים סאפה 1 ליטר,סאפה פובליק קומפני לימיט,TH,סאפה אלוורה ענבים 1,מיליליטרים,1000.00,"100 מ""ל",false,1,14.90,1.49,true,1,
8850389105832,false,סאפה משקה אלוורה בטעם תפוח עם קוביות אלוורה 1 ליטר,סאפה פובליק קומפני לימיט,TH,סאפה אלוורה תפוחים 1,מיליליטרים,1000.00,"100 מ""ל",false,1,14.90,1.49,true,1,
8850389105849,false,סאפה משקה אלוורה מופחת קלוריות בטעם אפרסק 1 ליטר,סאפה פובליק קומפני לימיט,TH,סאפה אלוורה אפרסק 1,מיליליטרים,1000.00,"100 מ""ל",false,1,14.90,1.49,true,1,
8850389111352,false,"משקה מלון עם חתיכות גלי קוקוס 320 מ""ל מוגו מוגו",סאפה פובליק קומפני לימיי,TH,מוגו מוגו מלון עם חת,מיליליטרים,320.00,"100 מ""ל",false,1,8.20,2.56,true,1,
8850389115312,false,"סאפה אלוורה מלון בקבוק 300 מ""ל",סאפה פובליק קומפני ל,TH,משקה קל סאפה בטעם מל,מיליליטרים,300.00,"100 מ""ל",false,1,8.90,2.97,true,1,
8850389115336,false,משקה אלוורה בטעם מלון סאפה 1 ליטר,סאפה פובליק קומפני לימיט,TH,סאפה אלוורה מלון 1 ל,מיליליטרים,1000.00,"100 מ""ל",false,1,14.90,1.49,true,1,
8850632604266,false,"יוגטה, ממתק חמוץ בצורת מקלות בטעם קולה, 50 גרם",ג'נרל קנדי בעמ,TH,מקלות חספוסים יוגטה,Unknown,0.00,Unknown,false,1,4.80,4.80,true,1,
8850632604372,false,"יוגטה, חיספוסים בצורת שטיח בטעם תות שדה 50 גרם",ג'נרל קנדי בעמ,TH,שטיח חספוסים יוגטה,גרמים,50.00,100 גרם,false,1,4.80,9.60,true,1,
8850632604402,false,יוגטה חיספוסים בטעם מעורב תות שדה אבטיח ענבים בננה 50 גרם,"ג'נרל קנדי בע""מ",TH,שטיח חספוסים יוגטה,גרמים,50.00,100 גרם,false,1,4.80,9.60,true,1,
8850632605201,false,"יוגטה, חיספוסים, ממתק חמוץ בצורת שטיח, בטעם מעורב- תות בננה, תפוח, תפוז, 50 גרם",הדקלאים אגודת שיתופי,TR,שטיח חספוסים יוגטה,גרמים,50.00,100 גרם,false,1,4.80,9.60,true,1,
8850632606390,false,"יוגטה, חיספוסים, ממתק חמוץ בצורת שטיח בטעם אבטיח, 50 גרם",ג'נרל קנדי בעמ,TH,שטיח חספוסים יוגטה,גרמים,50.00,100 גרם,false,1,4.80,9.60,true,1,
8850999008110,false,"סודה 325 מ""ל LEO",,,"סודה 325 מ""ל LEO",מיליליטרים,325.00,"100 מ""ל",false,1,4.20,1.29,true,1,
8851613101385,false,"חלב קוקוס ארוי-די קרטון 500מ""ל",תאי אגרי פוד פובליק קו'\,TH,"חלב קוקוס 500 מ""ל",מיליליטרים,500.00,"100 מ""ל",false,1,12.90,2.58,true,1,
8852633520408,false,סוכר דקלים 400 גרם SUP,Super J Internationa,TH,סוכר דקלים 400 גרם,גרמים,400.00,100 גרם,false,1,19.70,4.93,true,1,
8853662004020,false,"רוטב צילי מתוק 725 מ""ל EXOTIC",,,רוטב צילי מתוק 725 מ,מיליליטרים,725.00,"100 מ""ל",false,1,17.20,2.37,true,1,
8854661001843,false,שרימפס בייבי 500 גרם קפוא,,,שרימפס בייבי 500 גרם,גרמים,500.00,100 גרם,false,1,36.50,7.30,true,1,
8854661002055,false,שרימפס 500 גר לא מקולף 31/40,,,שרימפס קפוא לא קלוף,גרמים,500.00,100 גרם,false,1,50.90,10.18,true,1,
8854661002079,false,קלמארי טבעות 500 גר,,VN,קלמרי טבעות 500 גר,גרמים,500.00,100 גרם,false,1,36.90,7.38,true,1,
8854661003212,false,בשר מולים מבושלים 500 גר,,,בשר מולים מבושלים 50,גרמים,500.00,100 גרם,false,1,27.50,5.50,true,1,
8854661003786,false,שרימפס מבושל עם ראש 500 גר,,,שרימפס מבושל עם ראש,גרמים,510.00,100 גרם,false,1,36.50,7.16,true,1,
8854661007012,false,"שרימפס מבושל מקולף 1 ק""ג קפוא",,,שרימפס מבושל מקולף,קילוגרמים,0.00,"ק""ג",false,1,83.50,83.50,true,1,
8854661009726,false,שרימפס טמפורה 300 גר,,,שרימפס טמפורה 300 גר,גרמים,300.00,100 גרם,false,1,37.50,12.50,true,1,
8858271002870,false,רוטב פאד תאי 250 מ'ל - מקסצ'אפ,"ייאן וואל יון בע""מ",TH,"רוטב פאד תאי 250 מ""ל",מיליליטרים,250.00,"100 מ""ל",false,1,11.50,4.60,true,1,
8858271002887,false,רוטב טריאקי 250 מ'ל - מקסצ'אפ,דאנינג יוה פודס קו,TH,"רוטב טרייאקי 250 מ""ל",מיליליטרים,250.00,"100 מ""ל",false,1,11.50,4.60,true,1,
8858271003044,false,רוטב סויה כהה פורמולה 5 700 גרם מקסצאפ,מזרח ומערב,TH,רוטב סויה כהה פורמול,מיליליטרים,700.00,"100 מ""ל",false,1,16.90,2.41,true,1,
8858271003068,false,"רוטב סויה מתוקה כהה 250 מ""ל מקסצאפ",מזרח ומערב,TH,רוטב סויה מתוק כהה,מיליליטרים,250.00,"100 מ""ל",false,1,11.50,4.60,true,1,
8858271003938,false,רוטב קארי ירוק 250 מ'ל - מקסצ'אפ,"ייאן וואל יון בע""מ",TH,רוטב קארי ירוק 250 מ,מיליליטרים,250.00,"100 מ""ל",false,1,11.50,4.60,true,1,
8858271004423,false,"רוטב טום ים 250 מ""ל מקסצ'אפ",מזרח ומערב,,"רוטב טום יאם 250 מ""ל",מיליליטרים,250.00,"100 מ""ל",false,1,15.90,6.36,true,1,
8858271004799,false,"רוטב צילי מתוק אל פורפסיס 700 מ""ל",יאן ונזל יון,TH,רוטב צילי מתוק אל פו,מיליליטרים,700.00,"100 מ""ל",false,1,13.90,1.99,true,1,
8858271005451,false,"רוטב סויה פורמולה 1 - 250 מ""ל מקסצ'אפ",yan wal yun corpara,TH,רוטב סויה פורמולה 1,מיליליטרים,250.00,"100 מ""ל",false,1,15.10,6.04,true,1,
8858271005499,false,"רוטב ברביקיו 250 מ""ל מקצ'אפ",Yan Wal Yun Corpora,,"רוטב ברביקיו 250 מ""ל",מיליליטרים,250.00,"100 מ""ל",false,1,13.90,5.56,true,1,
8858271005772,false,"רוטב סויה ללא גלוטן (תמרי)300 מ""ל (כ)",יאן ונזל יון,TH,רוטב סויה ללא גלוטן,מיליליטרים,300.00,"100 מ""ל",false,1,18.70,6.23,true,1,
8858359000255,false,עלי קפיר ליים יבשים 30 גר (שופרא),סופר גיי,TH,עלי קפיר ליים יבשים,גרמים,30.00,100 גרם,false,1,12.90,43.00,true,1,
8858710477023,false,"רוטב טריאקי לל""ג אורגני 200 מ""ל",,TH,"רוטב טריאקי לל""ג אור",מיליליטרים,200.00,"100 מ""ל",false,1,25.90,12.95,true,1,
8888056700110,false,נודלס אינסטנט טעם ירקות קוקה 425 גרם,,SG,נודלס אינסטנט טעם יר,גרמים,425.00,100 גרם,false,1,21.90,5.15,true,1,
8888056706662,false,נודלס אינסטנט טעם פטריות קוקה 425 גרם,,SG,נודלס אינסטנט טעם פט,גרמים,425.00,100 גרם,false,1,21.90,5.15,true,1,
8901138511616,false,הימלאיה סבון מלפפון לעור שמן,,,הימלאיה סבון מלפפון,Unknown,0.00,Unknown,false,1,14.90,14.90,true,1,
8901138511784,false,"הימלאיה - תרחיץ פנים ללא סבון 150 מ""ל",ניאולייף,IN,הימלאיה תרחיץ פנים ל,Unknown,0.00,Unknown,false,1,39.90,39.90,true,1,
8901138711962,false,הימלאיה סבון גוף נים וכורכום,,,הימלאיה סבון גוף נים,Unknown,0.00,Unknown,false,1,14.90,14.90,true,1,
8901138823344,false,הימלאיה שפתון חמאת קקאו,ניאופארם,IN,הימלאיה שפתון חמאת ק,Unknown,0.00,Unknown,false,1,19.90,19.90,true,1,
8906009019116,false,"ספירולינה אורגנית 250 טבליות - 1000 מ""ג",,,ספירולינה אורגנית 25,Unknown,0.00,Unknown,false,1,149.90,149.90,true,1,
8906118240388,false,קורנישונים כבושים קן,אנגל קמצ'ו אלימנטסיו,,קורנישונים כבושים קן,Unknown,1.00,Unknown,false,1,13.90,13.90,true,1,
8908000959361,false,קורנישונים כבושים בחומץ 680 גר,,,קורנישונים כבושים בח,גרמים,680.00,100 גרם,false,1,13.90,2.04,true,1,
8908001017558,false,חטיף תירס בטעם צילי מתוק 150 גרם,,IN,חטיף תירס בטעם צילי,גרמים,150.00,100 גרם,false,1,11.90,7.93,true,1,
8934878081811,false,"דפי אורז 22 ס""מ 400 גר'(Trav) ללא גלוטן",דאנינג יוה פודס קו,VN,"דפי אורז 22 ס""מ 400",גרמים,400.00,100 גרם,false,1,11.90,2.98,true,1,
8934878081866,false,"דפי אורז 22 ס""מ מרובעים 400 גרם TRAV",Chanh Khang Company,TH,"דפי אורז 22 ס""מ מרוב",גרמים,400.00,100 גרם,false,1,10.90,2.73,true,1,
8935083158008,false,קוקטייל פירות ים 500 גר,,,קוקטייל פירות ים 500,גרמים,500.00,100 גרם,false,1,33.50,6.70,true,1,
8935083158022,false,ראשי קלמרי 500 גרם קפוא,,,ראשי קלמרי 500 גרם,גרמים,500.00,100 גרם,false,1,35.50,7.10,true,1,
8997206332016,false,סוכר קוקוס אורגני 454 גרם אינדונזיה,קוקו שוגאר,ID,סוכר קוקוס אורגני 45,גרמים,454.00,100 גרם,false,1,21.90,4.82,true,1,
9000101328943,false,ברף בניחוח מתחלף תפוח נופר 2*50 גר,,,ברף בניחוח מתחלף תפו,יחידה,1.00,יחידה,false,1,14.90,14.90,true,1,
9000101521436,false,סבון אסלה בניחוח מתחלף לוטוס במבוק 50 ג' ברף,הנקל סוד,RS,ברף בניחוח מתחלף לוט,יחידה,1.00,יחידה,false,1,9.90,9.90,true,1,
9000101537550,false,פרסיל קאפסולות לכביסה לבנה וצבעונית 52 יח',הנקל סוד,HU,קפסולות פאוור קאפס פ,Unknown,0.00,Unknown,false,1,67.90,67.90,true,1,
9000101548211,false,קולור קאצ'ר לוכד צבעים40,הנקל סוד,IE,לוכד צבעים 40 יחידות,Unknown,0.00,Unknown,false,1,29.90,29.90,true,1,
9000101548419,false,קולור קאצ`ר דפים למכונת לכביסה מחדש צבע לבן 18 יח',"הנקל סוד בע""\מ",IE,קולור קאצר 20 דפים,Unknown,0.00,Unknown,false,1,27.50,27.50,true,1,
9001148803103,false,שיני שום קלופות,חקלאי,IL,שום קלוף,Unknown,0.00,Unknown,false,1,14.90,14.90,true,1,
9002859026270,false,גונץ-מיץ לימון ליים(ירוק) 200 מל 1/12'(82981),GUNZ WARENHANDELS,,מיץ לימון ליים 200 מ,מיליליטרים,200.00,"100 מ""ל",false,1,4.50,2.25,true,1,
9002859042799,false,גונץ - מוצרט כדורים בשקית 300 גר,GUNZ WARENHANDELS,AT,גונץ - מוצרט כדורים,גרמים,300.00,100 גרם,false,1,29.90,9.97,true,1,
9002859049224,false,ניקו מיקס פלפלים במטחנה 56 גרם גונץ,Gunz,,ניקו מיקס פלפלים במט,גרמים,56.00,100 גרם,false,1,13.40,23.93,true,1,
9002859054099,false,גונץ- מוצרט משושה 300 גרם,GUNZ WARENHANDELS,AT,מוצרט משושה 300 גרם,גרמים,300.00,100 גרם,false,1,29.90,9.97,true,1,
9002859066894,false,גונץ - חטיף מרציפן מצופה שוקולד 100 גרם,Gunz,IL,גונץ - חטיף מרציפן מ,גרמים,100.00,100 גרם,false,1,10.90,10.90,true,1,
9002859067570,false,דפדפי שוקולד תפוז - גונץ 200 גרם,GUNZ WARENHANDELS,,דפדפי שוקולד תפוז -,גרמים,200.00,100 גרם,false,1,18.90,9.45,true,1,
9002859082153,false,גונץ וופל רול עם קרם אגוז קקאו 400 גרם,,,גונץ וופל רול עם קרם,גרמים,400.00,100 גרם,false,1,18.90,4.73,true,1,
9002859090516,false,גונץ בוגי סוכריות בפחית בטעם תפוח 200 גר,Gunz,,גונץ בוגי סוכריות בפ,גרמים,200.00,100 גרם,false,1,12.90,6.45,true,1,
9002859092657,false,גונץ-בננה ציפוי מריר 150 גר,Gunz,,גונץ-בננה ציפוי מריר,גרמים,150.00,100 גרם,false,1,11.90,7.93,true,1,
9002859093159,false,גונץ-בוגי סוכריות בפח פטל 175 גרם,,,גונץ-בוגי סוכריות בפ,גרמים,175.00,100 גרם,false,1,12.90,7.37,true,1,
9002859093876,false,גונץ עוגיות עם קרם שוקולד ודובדבן 380 גר,GUNZ WARENHANDELS,,גונץ עוגיות עם קרם ש,גרמים,380.00,100 גרם,false,1,18.90,4.97,true,1,
9002859100536,false,בונבוניירה אצבעות שוקולד מוצרט 200 גרם,GUNZ WARENHANDELS,,בונבוניירה מוצרט,גרמים,200.00,100 גרם,false,1,18.70,9.35,true,1,
9002859110252,false,גונץ מוצרט.שוק מריר טראפל ומרציפן 143 ג,,,גונץ מוצרט.שוק מריר,גרמים,143.00,100 גרם,false,1,14.40,10.07,true,1,
9002859117701,false,גונץ-מרמלדה פירות 250 גר,,,גונץ-מרמלדה פירות 25,גרמים,250.00,100 גרם,false,1,11.40,4.56,true,1,
9002975393812,false,סוכריות גילי הריבו האפי צירי 70 גרם,"האריבו , ג'\י.אם.בי.אייץ",AT,סוכריות גילי הריבו ה,גרמים,70.00,100 גרם,false,1,7.30,10.43,true,1,
9002975393829,false,סוכריות גילי הריבו פיציס 70 גרם,"האריבו , ג'\י.אם.בי.אייץ",AT,סוכריות גילי הריבו פ,גרמים,70.00,100 גרם,false,1,7.30,10.43,true,1,
9002975393836,false,סוכריות גילי הריבו האפי קולה 70 גרם,"האריבו , ג'\י.אם.בי.אייץ",AT,סוכריות גילי הריבו ה,גרמים,70.00,100 גרם,false,1,7.30,10.43,true,1,
9002975393843,false,סוכריות גילי הריבו גולדברס 70 גרם,"האריבו , ג'\י.אם.בי.אייץ",AT,סוכריות גילי הריבו ג,גרמים,70.00,100 גרם,false,1,7.30,10.43,true,1,
9002975393850,false,סוכריות גילי הריבו וורמס 70 גרם,"האריבו , ג'\י.אם.בי.אייץ",AT,סוכריות גילי הריבו ו,גרמים,70.00,100 גרם,false,1,7.30,10.43,true,1,
9003100120037,false,"בירה קייזר פחית 500 מ""ל",,AT,בירה קייזר פחית 500,מיליליטרים,500.00,"100 מ""ל",false,1,8.90,1.78,true,1,
9003402655084,false,"בירה שטיגל רדלר פטל פחית 500 מ""ל",,,בירה שטיגל רדלר פטל,מיליליטרים,500.00,"100 מ""ל",false,1,8.20,1.64,true,1,
9003402663089,false,"בירה שטיגל רדלר אשכוליות 500 מ""ל פחית",,AT,בירה שטיגל רדלר אשכו,מיליליטרים,500.00,"100 מ""ל",false,1,8.20,1.64,true,1,
9003402664079,false,"בירה שטיגל רדלר לימון פחית 500 מ""ל",,,בירה שטיגל רדלר לימו,מיליליטרים,500.00,"100 מ""ל",false,1,8.20,1.64,true,1,
9005835312732,false,"קלרו נוזל הברקה למדיח כלים 500 מ""ל CLARO",יעקובי,AT,נוזל הברקה למדיח כלי,מיליליטרים,500.00,"100 מ""ל",false,1,16.50,3.30,true,1,
9005835312756,false,"קלרו ניקוי יסודי למדיח כלים 250 מ""ל CLARO",יעקובי,AT,ניקוי יסודי למדיח כל,מיליליטרים,250.00,"100 מ""ל",false,1,16.50,6.60,true,1,
9005835313609,false,קלרו טבליות למדיח כלים 15 יחידות CLARO,קלרו,AT,קלרו טבליות למדיח כל,יחידה,1.00,יחידה,false,1,9.90,9.90,true,1,
9008700111546,false,נקטר דובדבנים חמוצים 1ל',Rauch fruchtsafte gm,HU,נקטר דובדבן 1 ליטר,מיליליטרים,1000.00,"100 מ""ל",false,1,15.10,1.51,true,1,
9008700128971,false,מיץ חמוציות ראוך 1 ליטר,ראוך Rauch,,מיץ חמוציות ראוך 1 ל,מיליליטרים,1000.00,"100 מ""ל",false,1,15.10,1.51,true,1,
9012200020017,false,בונבוניירה מוצרט 100 גר כדורים,,AT,בונבוניירה מוצרט 100,גרמים,100.00,100 גרם,false,1,33.90,33.90,true,1,
9012200020055,false,בונבוניירה מוצרט 200 גר כדורים,,AT,מוצרט בונבוניירה 200,גרמים,200.00,100 גרם,false,1,51.90,25.95,true,1,
9013100003490,false,"מוצארט שוקולד תות 500 מ""ל",,,מוצארט שוקולד תות 50,מיליליטרים,500.00,"100 מ""ל",false,1,93.90,18.78,true,1,
9028800639962,false,"אדלוויס בירה לבנה בקבוק 500 מ""ל",מבשלת בראו יוניון,AT,"בירה אדלוויס 500 מ""ל",מיליליטרים,500.00,"100 מ""ל",false,1,13.90,2.78,true,1,
9044400849105,false,סוכריות פז בשקית 10+1 85 גר,פז פרודוקשיין,HU,סוכריות פז בשקית 10+,גרמים,85.00,100 גרם,false,1,15.90,18.71,true,1,
9044400851672,false,סוכריות פז סוגים שונים + 3 מילויים,פז פרודקשיין יורו,HU,סוכריות 3+1 PEZ,Unknown,0.00,Unknown,false,1,10.70,10.70,true,1,
9044400885578,false,סוכריות פז בטעם פירות 82 ג',PEZ,HU,סוכריות מילוי PEZ,Unknown,0.00,Unknown,false,1,10.70,10.70,true,1,
9120025839957,false,חטיף מילקה מצונן 128 גרם,,,חטיף מילקה מצונן 128,גרמים,128.00,100 גרם,false,1,16.50,12.89,true,1,
9310072028750,false,טים טם Tim Tam וופל שוקולד ציפוי כפול,"ארנוטס ביסקוויטס בע""",AU,טים טם דאבל 200 גרם,גרמים,200.00,100 גרם,false,1,19.90,9.95,true,1,
9311218000166,false,יין לינדמנס בין 85 פינו גריגו 750 מל,יינות רוסונס,,יין לינדמנס בין 85 פ,Unknown,0.00,Unknown,false,1,57.90,57.90,true,1,
9311218114078,false,"יין לינדמנס 40 מרלו 750 מ""ל",יינות רוסונס,,יין לינדמנס 40 מרלו,Unknown,0.00,Unknown,false,1,57.90,57.90,true,1,
9312631801118,false,תה פרמיום שחור סלקשן דילמח 100 שקי 200 ג,דילמח,LK,תה פרמיום שחור סלקשן,גרמים,200.00,100 גרם,false,1,30.50,15.25,true,1,
9338374892671,false,PRIVATE COLLECTION מ,,,PRIVATE COLLECTION מ,Unknown,0.00,Unknown,false,1,34.90,34.90,true,1,
9414202007452,false,בקבוק 700 מל סיסטמה,,,לאנצ בקבוק 700 מל ס,Unknown,0.00,Unknown,false,1,31.90,31.90,true,1,
9414202213570,false,טו גו - קופסת אחסון,,,טו גו - קופסת אחסון,Unknown,0.00,Unknown,false,1,64.90,64.90,true,1,
9414202214676,false,מארז 3 אחסוניות מיני,,,מארז 3 אחסוניות מיני,Unknown,0.00,Unknown,false,1,37.90,37.90,true,1,
9414202215185,false,אחסון מחולקת 350 סיסטמה,,,טו גו - אחסונית מחול,Unknown,0.00,Unknown,false,1,22.90,22.90,true,1,
9414202216205,false,טו גו - אחסונית מלבן,,,טו גו - אחסונית מלבן,Unknown,0.00,Unknown,false,1,29.90,29.90,true,1,
9414202217455,false,טו גו - קוביית לאנצ,,,טו גו - קוביית לאנצ,Unknown,0.00,Unknown,false,1,54.90,54.90,true,1,
9414202239655,false,קופסאת איחסון מלבנית מחולקת + בקבוק,,,לאנצ - קופסת איחסון,Unknown,0.00,Unknown,false,1,59.90,59.90,true,1,
9414202415189,false,לאנצ - אחסונית מלבני,,,לאנצ - אחסונית מלבני,Unknown,0.00,Unknown,false,1,21.90,21.90,true,1,
9414202613325,false,אחסון קרקרים 900 סיסטמה,,,אקסנטס - אחסונית מרו,Unknown,0.00,Unknown,false,1,29.90,29.90,true,1,
9414202615206,false,ק.אחסון מלבנית 200 סיסטמה,,,קופסת אחסון מלבנית 2,Unknown,0.00,Unknown,false,1,15.90,15.90,true,1,
9414202616005,false,אקסנטס-קופסאת אחסון מלבנית 1 ליטר,,,קופסת אחסון מלבנית 1,Unknown,0.00,Unknown,false,1,28.50,28.50,true,1,
9414202616203,false,אחסון מחולקת 1 סיסטמה,,,קופסת מלבנית מחולקת,Unknown,0.00,Unknown,false,1,29.90,29.90,true,1,
9414202616456,false,"אקסנטס-אחסונית לסנדוויץ 450 מ""ל",,,אקסנטס - אחסונית לסנ,Unknown,0.00,Unknown,false,1,23.90,23.90,true,1,
9414202616500,false,אקסנטס-קופסאת לאנצ מרובעת 1.2 ליטר,,,קופסת לאנצ מרובעת 1.,Unknown,0.00,Unknown,false,1,25.90,25.90,true,1,
9414416001468,false,יין וואיירו רזרב סוביניון בלאן 750 מל,ניו זילנד - וילה מרי,,יין וואיירו רזרב סוב,Unknown,0.00,Unknown,false,1,97.90,97.90,true,1,
9414416501876,false,"יין פרייבט בין שרדונה 750 מ""ל וילה מריה",ניו זילנד - וילה מרי,,יין פרייבט בין שרדונ,Unknown,0.00,Unknown,false,1,83.90,83.90,true,1,
9556771006921,false,"קפוצינו ""אונו מומנטו"" 20יח*25.5 גר",,MY,"קפוצינו ""אונו מומנטו",גרמים,510.00,100 גרם,false,1,28.90,5.67,true,1,
9720006678751,false,כבד דגים איסלנד 115 גרם,איטל איסלנד,IS,כבד דגים 115 גרם,גרמים,115.00,100 גרם,false,1,8.90,7.74,true,1,
9720188050109,false,ממרח על בסיס סויה בסגנון גבינה טופוטי 225 גרם,טופוטי ברנדס אינק.ג',IL,גבינת טופו בטעמים,גרמים,225.00,100 גרם,false,1,19.90,8.84,true,1,
9771565039125,false,עיתון לאישה יום ב,ידיעות אחרונות,,עיתון לאישה יום ב,Unknown,0.00,Unknown,false,1,21.90,21.90,true,1,
9771565051066,false,עיתון ידיעות אחרונות,ידיעות אחרונות,,ידיעות אחרונות שישי,Unknown,0.00,Unknown,false,1,20.00,20.00,true,1,
9871184221359,false,גאודה הולנדית 30% במשקל,,,גאודה הולנדית 30%,Unknown,0.00,"ק""ג",true,0,73.00,73.00,true,1,
9871184221363,false,גאודה הולנדית עגבניות זיתים ובזיליקום,,,גאודה הולנדית עגבניה,Unknown,0.00,"ק""ג",true,0,115.00,115.00,true,1,
9871184221365,false,גאודה הולנדית עם רוטב חריף סמבל במשקל,,,גאודה הולנדית,Unknown,0.00,"ק""ג",true,0,129.00,129.00,true,1,
9871184221367,false,גאודה עיזים הולנדית במשקל,,,גאודה עיזים הולנדית,Unknown,0.00,"ק""ג",true,0,115.00,115.00,true,1,
