code,internal_code,name,manufacturer_name,manufacture_country,manufacturer_item_description,unit_qty,quantity,unit_of_measure,weighted,qty_in_package,price,unit_of_measure_price,allow_discount,status,item_id
6,true,עיתון סוף השבוע,"מעריב-הוצאת מודיעין בע""מ",,,יח,1,,false,1,10,10,false,1,
12,true,עיתון עליתון,שונים,,,יח,1,,false,1,3,3,false,1,
25,true,עיתון מגזין,ל.א אוחיון פרסום ותקשורת בעמ,,,יח,1,,false,1,3,3,false,1,
45,true,"השתתפו ב1 ש""ח תרומה עבור משפחות נזקקות",שונים,,,יח,1,,false,1,1,1,false,1,
50,true,מים קטן כללי,החברה המרכזית להפצת משקאות בע,,,יח,1,,false,1,4.90,4.90,false,1,
67,true,קרמבו שטראוס יחידה,"גלידת שטראוס בע""מ",,,יח,1,,false,1,3,3,false,1,
118,true,לחמניה ארוכה,בית מאפה ח. כהן חדש,,,יח,1,,false,1,1.90,1.90,true,1,
119,true,חצי בגט,בית מאפה ח. כהן חדש,,,יח,1,,false,1,2.90,2.90,true,1,
121,true,חלה 4 צמות,בית מאפה ח. כהן חדש,,,יח,1,,false,1,9.90,9.90,true,1,
122,true,לחמניה ציפור//פרח,בית מאפה ח. כהן חדש,,,יח,1,,false,1,2.50,2.50,true,1,
147,true,בייגל שומשום עגול,מאפית היפרכהן,,,יח,1,,false,1,4.20,4.20,false,1,
149,true,לחמניה כפרית,ג`נרל מילס ישראל בעמ,,,יח,1,,false,1,2.50,2.50,false,1,
152,true,לחם מחמצת כפרי גדול,מאפית היפרכהן,,,יח,1,,false,1,16.90,16.90,true,1,
157,true,בגט ארוך,ג`נרל מילס ישראל בעמ,,,יח,1,,false,1,4.90,4.90,false,1,
158,true,חלה 2 צמות.,בית מאפה ח. כהן חדש,,,יח,1,,false,1,6.50,6.50,true,1,
159,true,חלה מתוקה,בית מאפה ח. כהן חדש,,,יח,1,,false,1,11.90,11.90,false,1,
202,true,רוסטיק,ג`נרל מילס ישראל בעמ,,,יח,1,,false,1,7.50,7.50,false,1,
203,true,בייגלה טעמים פילסברי,ג`נרל מילס ישראל בעמ,,,יח,1,,false,1,3.90,3.90,false,1,
204,true,גפטה,ג`נרל מילס ישראל בעמ,,,ל 100 גרם,1,,false,1,4,4,false,1,
212,true,בייגל /מקל סבא,מאפית היפרכהן,,,יח,1.10,ל 100 גרם,false,1,2.80,2.55,true,1,
221,true,לחמניה טונסאי,בית מאפה ח. כהן חדש,,,יח,1,,false,1,2.50,2.50,true,1,
231,true,כבד עוף מוכן,יזמויות אור הנר,,,ל 100 גרם,10,ל 100 גרם,true,1,51.50,5.15,false,1,
237,true,סיגרים פסטלים,יזמויות אור הנר,,,ל 100 גרם,10,ל 100 גרם,true,1,49,4.90,false,1,
240,true,כרעיים מבושל(קייטרינג),יזמויות אור הנר,,,ל 100 גרם,10,ל 100 גרם,true,1,51.50,5.15,false,1,
241,true,קציצות דג פיקנטיות,יזמויות אור הנר,,,ל 100 גרם,10,ל 100 גרם,true,1,71.50,7.15,false,1,
242,true,שניצל מטוגן(קייטרינג),יזמויות אור הנר,,,ל 100 גרם,10,ל 100 גרם,true,1,62,6.20,false,1,
245,true,פרגיות אפויות-סטייק פרגית,יזמויות אור הנר,,,ל 100 גרם,10,ל 100 גרם,true,1,93,9.30,false,1,
249,true,נתחי עוף בניחוח סיני,יזמויות אור הנר,,,ל 100 גרם,10,ל 100 גרם,true,1,59,5.90,false,1,
250,true,סופגניה,ג`נרל מילס ישראל בעמ,,,יח,1,,false,1,3.90,3.90,true,1,
252,true,רוסטביף/אסאדו,יזמויות אור הנר,,,ל 100 גרם,10,ל 100 גרם,true,1,107.80,10.78,false,1,
254,true,צלי בקר,יזמויות אור הנר,,,ל 100 גרם,10,ל 100 גרם,true,1,107.80,10.78,false,1,
255,true,קציצות בקר מזרחי,יזמויות אור הנר,,,ל 100 גרם,10,ל 100 גרם,true,1,71.50,7.15,false,1,
256,true,חזה עוף פיקנטי,יזמויות אור הנר,,,ל 100 גרם,10,ל 100 גרם,true,1,62,6.20,false,1,
259,true,פיתות 10 יח`,גיא שיווק טוב,,,יח,1,,false,1,15.90,15.90,false,1,
262,true,לחמניה שומשום,בית מאפה ח. כהן חדש,,,יח,1,,false,1,2.50,2.50,true,1,
271,true,פלפל/כרוב ממולא,יזמויות אור הנר,,,ל 100 גרם,10,ל 100 גרם,true,1,64.90,6.49,false,1,
374,true,פטריות חוות השמפיניון,"בכורי השדה צפון1994 ג.ד. בע""מ",,,יח,1,,false,1,11.90,11.90,false,1,
418,true,לחם מחמצת,ג`נרל מילס ישראל בעמ,,,יח,1,,false,1,17.90,17.90,false,1,
466,true,בצל ירוק,"בכורי השדה צפון1994 ג.ד. בע""מ",,,יח,1,,false,1,5.90,5.90,false,1,
502,true,אננס שלם,"בכורי השדה צפון1994 ג.ד. בע""מ",,,"לק""ג",10,ל 100 גרם,true,1,39.90,3.99,false,1,
504,true,אפרסמון,"בכורי השדה צפון1994 ג.ד. בע""מ",,,"לק""ג",1,,true,1,8.90,8.90,false,1,
505,true,אבוקדו,"בכורי השדה צפון1994 ג.ד. בע""מ",,,"לק""ג",1,,true,1,9.90,9.90,false,1,
507,true,אפרסמון קרמבו,"בכורי השדה צפון1994 ג.ד. בע""מ",,,"לק""ג",1,,true,1,16.90,16.90,false,1,
508,true,אפרסק,"בכורי השדה צפון1994 ג.ד. בע""מ",,,"לק""ג",1,,true,1,12.90,12.90,false,1,
510,true,אגס אדום,"בכורי השדה צפון1994 ג.ד. בע""מ",,,"לק""ג",1,,true,1,16.90,16.90,false,1,
511,true,.אגס,"בכורי השדה צפון1994 ג.ד. בע""מ",,,"לק""ג",1,,true,1,16.90,16.90,false,1,
514,true,ראש שום טרי חתוך,"בכורי השדה צפון1994 ג.ד. בע""מ",,,"לק""ג",1,,true,1,24.90,24.90,false,1,
530,true,בננה,"בכורי השדה צפון1994 ג.ד. בע""מ",,,"לק""ג",1,,true,1,8.90,8.90,false,1,
531,true,אבטיח אישי,"בכורי השדה צפון1994 ג.ד. בע""מ",,,"לק""ג",1,,true,1,6.90,6.90,false,1,
535,true,לימון,"בכורי השדה צפון1994 ג.ד. בע""מ",,,"לק""ג",1,,true,1,6.90,6.90,false,1,
539,true,אנונה/קובו,"בכורי השדה צפון1994 ג.ד. בע""מ",,,"לק""ג",1,,true,1,19.90,19.90,false,1,
540,true,מלון,"בכורי השדה צפון1994 ג.ד. בע""מ",,,"לק""ג",1,,true,1,7.90,7.90,false,1,
543,true,מנגו,"בכורי השדה צפון1994 ג.ד. בע""מ",,,"לק""ג",1,,true,1,19.90,19.90,false,1,
545,true,נקטרינה,"בכורי השדה צפון1994 ג.ד. בע""מ",,,"לק""ג",1,,true,1,12.90,12.90,false,1,
553,true,ענב תפזורת ירוק,"בכורי השדה צפון1994 ג.ד. בע""מ",,,"לק""ג",10,"ל 100 מ""ל",true,1,29.90,2.99,false,1,
554,true,ענב אדום רד גלוב / מיקס,"בכורי השדה צפון1994 ג.ד. בע""מ",,,"לק""ג",10,ל 100 גרם,true,1,22.90,2.29,false,1,
555,true,תות שדה תפזורת,"בכורי השדה צפון1994 ג.ד. בע""מ",,,"לק""ג",1,,true,1,24.90,24.90,false,1,
558,true,פומלה,"בכורי השדה צפון1994 ג.ד. בע""מ",,,"לק""ג",1,,true,1,9.90,9.90,false,1,
559,true,פומלית,"בכורי השדה צפון1994 ג.ד. בע""מ",,,"לק""ג",1,,true,1,5.90,5.90,false,1,
560,true,קלמנטינה,"בכורי השדה צפון1994 ג.ד. בע""מ",,,"לק""ג",1,,true,1,6.90,6.90,false,1,
563,true,קיווי,"בכורי השדה צפון1994 ג.ד. בע""מ",,,"לק""ג",1,,true,1,14.90,14.90,false,1,
564,true,רימון,"בכורי השדה צפון1994 ג.ד. בע""מ",,,"לק""ג",1,,true,1,6.90,6.90,false,1,
568,true,שזיף אדום,"בכורי השדה צפון1994 ג.ד. בע""מ",,,"לק""ג",1,,true,1,15.90,15.90,false,1,
569,true,שזיף ירוק,"בכורי השדה צפון1994 ג.ד. בע""מ",,,"לק""ג",1,,true,1,19.90,19.90,false,1,
571,true,ליצי/פטיה,"בכורי השדה צפון1994 ג.ד. בע""מ",,,"לק""ג",1,,true,1,32.90,32.90,false,1,
573,true,שזיף שגיב/מיטלי,"בכורי השדה צפון1994 ג.ד. בע""מ",,,"לק""ג",1,,true,1,15.90,15.90,false,1,
575,true,תפוז,"בכורי השדה צפון1994 ג.ד. בע""מ",,,"לק""ג",1,,true,1,5.90,5.90,false,1,
576,true,אשכולית,"בכורי השדה צפון1994 ג.ד. בע""מ",,,"לק""ג",1,,true,1,4.90,4.90,false,1,
578,true,ג`ינג`ר טרי תפז`,"בכורי השדה צפון1994 ג.ד. בע""מ",,,"לק""ג",0,"לק""ג",true,1,29.90,29.90,false,1,
579,true,נענע רגיל,"בכורי השדה צפון1994 ג.ד. בע""מ",,,יח,1,,false,1,3.90,3.90,true,1,
581,true,תפוח עץ אנה,"בכורי השדה צפון1994 ג.ד. בע""מ",,,"לק""ג",1,,true,1,10.90,10.90,false,1,
583,true,תפוח סמיט ירוק,"בכורי השדה צפון1994 ג.ד. בע""מ",,,"לק""ג",10,ל 100 גרם,true,1,10.90,1.09,false,1,
584,true,תפוח עץ גלה,"בכורי השדה צפון1994 ג.ד. בע""מ",,,"לק""ג",1,,true,1,10.90,10.90,false,1,
585,true,תפוח חרמון,"בכורי השדה צפון1994 ג.ד. בע""מ",,,"לק""ג",10,ל 100 גרם,true,1,10.90,1.09,false,1,
586,true,תפוח עץ אורלינס,"בכורי השדה צפון1994 ג.ד. בע""מ",,,"לק""ג",1,,true,1,10.90,10.90,false,1,
588,true,תפוח עץ יונתן ייבוא,"בכורי השדה צפון1994 ג.ד. בע""מ",,,"לק""ג",1,,true,1,9.90,9.90,false,1,
590,true,תפוח זהוב,"בכורי השדה צפון1994 ג.ד. בע""מ",,,"לק""ג",1,,true,1,10.90,10.90,false,1,
592,true,תפוח עץ פינק,"בכורי השדה צפון1994 ג.ד. בע""מ",,,"לק""ג",1,,true,1,14.90,14.90,false,1,
593,true,תות שדה ארוז,"בכורי השדה צפון1994 ג.ד. בע""מ",,,יח,1,יח,false,1,34.90,34.90,false,1,
594,true,סברס,"בכורי השדה צפון1994 ג.ד. בע""מ",,,"לק""ג",1,,true,1,19.90,19.90,false,1,
603,true,דלורית,"בכורי השדה צפון1994 ג.ד. בע""מ",,,"לק""ג",1,,true,1,5.90,5.90,false,1,
605,true,בצל יבש,"בכורי השדה צפון1994 ג.ד. בע""מ",,,"לק""ג",1,"לק""ג",true,1,3.90,3.90,false,1,
606,true,בטטה קסביה,"בכורי השדה צפון1994 ג.ד. בע""מ",,,"לק""ג",1,,true,1,15.90,15.90,false,1,
607,true,חרשוף/ עלי ארטישוק,"בכורי השדה צפון1994 ג.ד. בע""מ",,,יח,1,,false,1,9.90,9.90,false,1,
609,true,בצל סגול,"בכורי השדה צפון1994 ג.ד. בע""מ",,,"לק""ג",1,,true,1,6.90,6.90,false,1,
612,true,בטטה,"בכורי השדה צפון1994 ג.ד. בע""מ",,,"לק""ג",1,,true,1,8.90,8.90,false,1,
613,true,קישוא עגול/ירוק,"בכורי השדה צפון1994 ג.ד. בע""מ",,,"לק""ג",1,,true,1,8.90,8.90,false,1,
614,true,תפוח אדמה קטן,"בכורי השדה צפון1994 ג.ד. בע""מ",,,"לק""ג",1,,true,1,4.90,4.90,false,1,
615,true,ברוקולי,"בכורי השדה צפון1994 ג.ד. בע""מ",,,יח,1,,false,1,9.90,9.90,false,1,
618,true,גזר ארוז,"בכורי השדה צפון1994 ג.ד. בע""מ",,,"לק""ג",1,,true,1,3.90,3.90,false,1,
621,true,דלעת /יפנית / אקזוטי,*22138,,,"לק""ג",1,,true,1,14.90,14.90,false,1,
625,true,חציל,"בכורי השדה צפון1994 ג.ד. בע""מ",,,"לק""ג",1,,true,1,6.90,6.90,false,1,
627,true,פטריות תפז טרי.,"בכורי השדה צפון1994 ג.ד. בע""מ",,,"לק""ג",1,,true,1,39.90,39.90,false,1,
628,true,תירס ארוז,"בכורי השדה צפון1994 ג.ד. בע""מ",,,"לק""ג",10,ל 100 גרם,true,1,14.90,1.49,false,1,
629,true,חסה רגילה,"בכורי השדה צפון1994 ג.ד. בע""מ",,,יח,1,,false,1,5.90,5.90,false,1,
630,true,כרוב לבן,"בכורי השדה צפון1994 ג.ד. בע""מ",,,"לק""ג",1,,true,1,3.90,3.90,false,1,
631,true,פלפלונים צבעוני טינקרבל,"בכורי השדה צפון1994 ג.ד. בע""מ",,,יח,1,ל 100 גרם,false,1,18.90,18.90,true,1,
633,true,כרוב אדום.,"בכורי השדה צפון1994 ג.ד. בע""מ",,,"לק""ג",1,,true,1,6.90,6.90,false,1,
634,true,קישוא קרעה(ברכות),"בכורי השדה צפון1994 ג.ד. בע""מ",,,"לק""ג",1,,true,1,16.90,16.90,false,1,
635,true,כרובית,"בכורי השדה צפון1994 ג.ד. בע""מ",,,יח,1,,false,1,8.90,8.90,false,1,
639,true,כוסברה,"בכורי השדה צפון1994 ג.ד. בע""מ",,,יח,1,,false,1,3.90,3.90,true,1,
645,true,מלפפון,"בכורי השדה צפון1994 ג.ד. בע""מ",,,"לק""ג",1,"לק""ג",true,1,5.90,5.90,false,1,
650,true,נענע,"בכורי השדה צפון1994 ג.ד. בע""מ",,,יח,1,,false,1,3.90,3.90,true,1,
655,true,סלרי,"בכורי השדה צפון1994 ג.ד. בע""מ",,,יח,1,,false,1,5.90,5.90,false,1,
659,true,סלק אדום,"בכורי השדה צפון1994 ג.ד. בע""מ",,,"לק""ג",1,,true,1,3.90,3.90,false,1,
660,true,עגבניה תמר,"בכורי השדה צפון1994 ג.ד. בע""מ",,,"לק""ג",10,ל 100 גרם,true,1,4.90,0.49,false,1,
661,true,עגבניות שרי תפזורת,"בכורי השדה צפון1994 ג.ד. בע""מ",,,"לק""ג",10,ל 100 גרם,true,1,19.90,1.99,false,1,
662,true,עגבניה,"בכורי השדה צפון1994 ג.ד. בע""מ",,,"לק""ג",1,,true,1,5.90,5.90,false,1,
663,true,פלפל חריף ירוק,"בכורי השדה צפון1994 ג.ד. בע""מ",,,"לק""ג",10,ל 100 גרם,true,1,9.90,0.99,false,1,
664,true,פלפל חריף אדום,"בכורי השדה צפון1994 ג.ד. בע""מ",,,"לק""ג",1,,true,1,19.90,19.90,false,1,
665,true,גמבה ירוקה,"בכורי השדה צפון1994 ג.ד. בע""מ",,,"לק""ג",1,,true,1,9.90,9.90,false,1,
666,true,תפוח אדמה לבן/אדום/גזר תפזורת,"בכורי השדה צפון1994 ג.ד. בע""מ",,,"לק""ג",1,,true,1,5.90,5.90,false,1,
667,true,גמבה אדומה,"בכורי השדה צפון1994 ג.ד. בע""מ",,,"לק""ג",1,ל 100 גרם,true,1,9.90,9.90,false,1,
668,true,גמבה כתום,"בכורי השדה צפון1994 ג.ד. בע""מ",,,"לק""ג",1,,true,1,10.90,10.90,false,1,
669,true,גמבה בהירה,"בכורי השדה צפון1994 ג.ד. בע""מ",,,"לק""ג",1,,true,1,9.90,9.90,false,1,
670,true,פטרוזליה,"בכורי השדה צפון1994 ג.ד. בע""מ",,,יח,1,,false,1,3.90,3.90,true,1,
672,true,שום טרי שלם{עם עלים},"בכורי השדה צפון1994 ג.ד. בע""מ",,,"לק""ג",1,,true,1,24.90,24.90,false,1,
675,true,שמיר,"בכורי השדה צפון1994 ג.ד. בע""מ",,,יח,1,,false,1,3.90,3.90,true,1,
678,true,חסה מסולסלת ירוק/אדום,"בכורי השדה צפון1994 ג.ד. בע""מ",,,יח,1,,false,1,9.90,9.90,false,1,
679,true,קרמבולה,"בכורי השדה צפון1994 ג.ד. בע""מ",,,"לק""ג",1,,true,1,19.90,19.90,false,1,
682,true,חציל בלדי,"בכורי השדה צפון1994 ג.ד. בע""מ",,,"לק""ג",10,ל 100 גרם,true,1,6.90,0.69,false,1,
683,true,צנון,"בכורי השדה צפון1994 ג.ד. בע""מ",,,"לק""ג",1,,true,1,8.90,8.90,false,1,
684,true,פלפל שושקה,"בכורי השדה צפון1994 ג.ד. בע""מ",,,"לק""ג",1,,true,1,19.90,19.90,false,1,
685,true,קישוא,"בכורי השדה צפון1994 ג.ד. בע""מ",,,"לק""ג",1,,true,1,7.90,7.90,false,1,
686,true,צנון שחור,"בכורי השדה צפון1994 ג.ד. בע""מ",,,יח,1,,true,1,9.90,9.90,false,1,
687,true,קולורבי,"בכורי השדה צפון1994 ג.ד. בע""מ",,,"לק""ג",1,,true,1,8.90,8.90,false,1,
689,true,שום יבש,"בכורי השדה צפון1994 ג.ד. בע""מ",,,יח,1,,false,1,7.90,7.90,false,1,
690,true,שומר.,"בכורי השדה צפון1994 ג.ד. בע""מ",,,"לק""ג",1,,true,1,9.90,9.90,false,1,
691,true,גמבה צהובה,"בכורי השדה צפון1994 ג.ד. בע""מ",,,"לק""ג",1,,true,1,9.90,9.90,false,1,
692,true,כרוב סיני,"בכורי השדה צפון1994 ג.ד. בע""מ",,,יח,1,,false,1,6.90,6.90,false,1,
696,true,"תפו""א לבן ארוז","בכורי השדה צפון1994 ג.ד. בע""מ",,,"לק""ג",1,,true,1,3.90,3.90,false,1,
697,true,"תפו""א אדום ארוז","בכורי השדה צפון1994 ג.ד. בע""מ",,,"לק""ג",1,,true,1,4.90,4.90,false,1,
985,true,פטרוזליה ברכת קטיף,"בכורי השדה צפון1994 ג.ד. בע""מ",,,יח,1,,false,1,5.90,5.90,false,1,
1055,true,רגל בקר טרי מחפוד/עטרה.,באסם דבאח בעמ,,,"לק""ג",10,ל 100 גרם,true,1,41.90,4.19,false,1,
1188,true,מארז 7 לחמניה בית ספר,בית מאפה ח. כהן חדש,,,יח,1,,false,1,10,10,false,1,
1197,true,גבינת פטה צי חתם סופר,גבינות הכפר בעמ,,,ל 100 גרם,10,ל 100 גרם,true,1,32.90,3.29,false,1,
1199,true,מארז 5 חצי בגט,בית מאפה ח. כהן חדש,,,יח,1,,false,1,13,13,false,1,
1222,true,מארז 5 לחמניה קשר,בית מאפה ח. כהן חדש,,,יח,1,,false,1,10,10,false,1,
1455,true,מארז 4 בייגלה שומשום,בית מאפה ח. כהן חדש,,,יח,4,למארז,false,1,13.90,3.48,false,1,
1499,true,מארז 6 שליש בגט,ג`נרל מילס ישראל בעמ,,,יח,1,,false,1,13.90,13.90,false,1,
1563,true,שמיטה קיווי,"בכורי השדה צפון1994 ג.ד. בע""מ",,,"לק""ג",1,,true,1,14.90,14.90,false,1,
1581,true,תפוח עץ אנה,"בכורי השדה צפון1994 ג.ד. בע""מ",,,"לק""ג",1,,true,1,10.90,10.90,false,1,
1655,true,מארז 4 לחמניה שמיניה רגילה,ג`נרל מילס ישראל בעמ,,,יח,1,,false,1,12.90,12.90,false,1,
1687,true,שמיטה קולרבי,"בכורי השדה צפון1994 ג.ד. בע""מ",,,יח,1,,true,1,8.90,8.90,false,1,
1748,true,עוף טרי מחולק,יהודה ניב,,,"לק""ג",1,,true,1,21.90,21.90,true,1,
1749,true,עוף טרי שלם,נטו מילנדה סחר בעמ*,,,"לק""ג",1,,true,1,19.90,19.90,true,1,
1755,true,כרעיים עוף טרי תפזורת רבנות,יהודה ניב,,,"לק""ג",1,,true,1,29.90,29.90,true,1,
1762,true,ירכיים עוף טרי.,נטו מילנדה סחר בעמ*,,,"לק""ג",10,ל 100 גרם,true,1,29.90,2.99,true,1,
1779,true,שוקיים עוף טרי,נטו מילנדה סחר בעמ*,,,"לק""ג",1,,true,1,31.90,31.90,true,1,
1786,true,שניצל רגיל,עוף עוז שיווק בעמ,,,"לק""ג",10,ל 100 גרם,true,1,39.90,3.99,true,1,
1793,true,כנפיים עוף טרי,יהודה ניב,,,"לק""ג",1,,true,1,14.90,14.90,true,1,
1809,true,כבד עוף לא מוכשר לצליה בלבד,נטו מילנדה סחר בעמ*,,,"לק""ג",1,,true,1,24.90,24.90,true,1,
1816,true,לב עוף לא מוכשר לצליה בלבד,נטו מילנדה סחר בעמ*,,,"לק""ג",1,,true,1,31.90,31.90,true,1,
1823,true,קורקבן עוף טרי,קורניש חן{1987} בעמ,,,"לק""ג",1,,true,1,11.90,11.90,false,1,
1830,true,שוארמה נקבה טרי,יהודה ניב,,,"לק""ג",10,ל 100 גרם,true,1,71.90,7.19,false,1,
1832,true,אסדו מסעדות,בקר תנובה -שותפות מוגבלת,,,"לק""ג",10,ל 100 גרם,true,1,58.90,5.89,false,1,
1861,true,שוקיים הודו טרי,יהודה ניב,,,"לק""ג",10,ל 100 גרם,true,1,29.90,2.99,false,1,
1878,true,כנפיים הודו,קורניש חן{1987} בעמ,,,"לק""ג",10,ל 100 גרם,true,1,15.90,1.59,false,1,
1892,true,גרון הודו טרי,יהודה ניב,,,"לק""ג",10,ל 100 גרם,true,1,34.90,3.49,false,1,
1900,true,נתחי פילה עוף,נטו מילנדה סחר בעמ*,,,"לק""ג",1,,true,1,42.90,42.90,true,1,
1915,true,כבד הודו לא מוכשר,עוף עוז שיווק בעמ,,,"לק""ג",1,,true,1,19.90,19.90,false,1,
1922,true,קורקבן הודו טרי,קורניש חן{1987} בעמ,,,"לק""ג",1,,true,1,13.90,13.90,false,1,
1953,true,טחול עוף טרי רבנות,נטו מילנדה סחר בעמ*,,,"לק""ג",1,,true,1,69.90,69.90,false,1,
1955,true,כרעיים עוף טרי ארוז רבנות,עוף טוב (שאן) בעמ,,,"לק""ג",1,,true,1,29.90,29.90,true,1,
1978,true,עוף עטרה שלם טרי,נטו מלינדה סחר בעמ,,,"לק""ג",1,,true,1,22.90,22.90,false,1,
1984,true,בשר טחון טרי ישראלי,שונים,,,"לק""ג",1,,true,1,59.90,59.90,false,1,
1991,true,חזה הודו,קורניש חן{1987} בעמ,,,"לק""ג",10,ל 100 גרם,true,1,32.90,3.29,false,1,
2000,true,כרעיים טרי ללא עור,מאסטרפוד בעמ,,,"לק""ג",1,,true,1,31.90,31.90,false,1,
2004,true,כתף טרי חלק מחפוד/עטרה,בקר תנובה -שותפות מוגבלת,,,"לק""ג",1,,true,1,74.90,74.90,false,1,
2020,true,חזה עוף שלם,יהודה ניב,,,"לק""ג",10,ל 100 גרם,true,1,32.90,3.29,true,1,
2024,true,כבד עוף מחפוד טרי,סגור עוף ירושלים,,,"לק""ג",1,,true,1,35.90,35.90,false,1,
2025,true,לב עוף מחפוד טרי,סגור עוף ירושלים,,,"לק""ג",1,,true,1,32.90,32.90,false,1,
2028,true,עוף טחון,שונים,,,"לק""ג",1,,true,1,34.90,34.90,false,1,
2042,true,הודו טחון טרי,שונים,,,"לק""ג",1,,true,1,32.90,32.90,false,1,
2044,true,מארז 4 ג`בטה,ג`נרל מילס ישראל בעמ,,,יח,1,,false,1,13.90,13.90,false,1,
2059,true,בשרטחון מובחר חלק,בלדי בעמ,,,"לק""ג",1,,true,1,43.90,43.90,true,1,
2060,true,בשר טחון -מחפוד/עטרה,עוף ירושלים שיווק בעמ,,,"לק""ג",1,,true,1,44.90,44.90,false,1,
2066,true,בשר טחון טרי מחפוד פרמיום,נטו מלינדה סחר בעמ,,,"לק""ג",1,,true,1,49.90,49.90,false,1,
2105,true,אבוקדו ברשת,"בכורי השדה צפון1994 ג.ד. בע""מ",,,"לק""ג",1,,true,1,9.90,9.90,false,1,
2111,true,מארז 4 שמניה דגנים,ג`נרל מילס ישראל בעמ,,,יח,1,,false,1,13.90,13.90,false,1,
2226,true,פילה סלמון טרי מפולט נקי,מאסטרפוד בעמ,,,"לק""ג",1,,true,1,89.90,89.90,false,1,
2238,true,טונה לבנה פרוס,שונים,,,"לק""ג",10,ל 100 גרם,true,1,47.90,4.79,false,1,
2239,true,טונה אלבקור לבנה שלם,שונים,,,"לק""ג",10,יח,true,1,44.90,4.49,false,1,
2240,true,דג טונה פילה גוש,בלדי בעמ,,,"לק""ג",10,ל 100 גרם,true,1,42.90,4.29,false,1,
2244,true,דג טונה צעירה שלם,שונים,,,"לק""ג",10,ל 100 גרם,true,1,42.90,4.29,false,1,
2246,true,דג ברמונדי טרי,מאסטרפוד בעמ,,,"לק""ג",1,,true,1,64.90,64.90,false,1,
2259,true,דג לברק טרי,מאסטרפוד בעמ,,,ל 100 גרם,1,,true,1,69.90,69.90,false,1,
2401,true,דג בורי גדול טרי,מאסטרפוד בעמ,,,ל 100 גרם,10,ל 100 גרם,true,1,39.90,3.99,false,1,
2509,true,בשר ראש טרי מחפוד/עטרה,בקר תנובה -שותפות מוגבלת,,,"לק""ג",10,ל 100 גרם,true,1,69.90,6.99,false,1,
2510,true,נתח קצביםמחפוד/עטרה,בקר תנובה -שותפות מוגבלת,,,"לק""ג",1,,true,1,110,110,false,1,
2516,true,ריאות בקר טרימחפוד/עטרה,בקר תנובה -שותפות מוגבלת,,,"לק""ג",1,,true,1,29.90,29.90,false,1,
2523,true,שומןבקר טרי מחפוד,בקר תנובה -שותפות מוגבלת,,,"לק""ג",1,,true,1,22.90,22.90,false,1,
2524,true,עצמותבקר טרי מחפוד,בקר תנובה -שותפות מוגבלת,,,"לק""ג",10,ל 100 גרם,true,1,34.90,3.49,false,1,
2530,true,לב בקר טרימחפוד/עטרה,בקר תנובה -שותפות מוגבלת,,,"לק""ג",1,,true,1,19.90,19.90,false,1,
2547,true,כבד בקר טרי מחופד עטרה,בקר תנובה -שותפות מוגבלת,,,"לק""ג",1,,true,1,29.90,29.90,false,1,
2561,true,לשון עגל טרימחפוד/עטרה,בקר תנובה -שותפות מוגבלת,,,"לק""ג",1,,true,1,56.90,56.90,false,1,
2579,true,שקדי בקר טרי,בקר תנובה -שותפות מוגבלת,,,"לק""ג",1,,true,1,164.90,164.90,false,1,
2592,true,צלעות טרי חלק מחפוד עטרה,עוף ירושלים שיווק בעמ,,,"לק""ג",1,,true,1,64.90,64.90,false,1,
2600,true,גב עוף,שונים,,,"לק""ג",1,,true,1,6.90,6.90,false,1,
2608,true,בשר צוואר טרי מוכשר מ/ע,נטו מלינדה סחר בעמ,,,"לק""ג",1,,true,1,56.90,56.90,true,1,
2610,true,בשר אוסובוקו טרי מחפוד עטרה,עוף ירושלים שיווק בעמ,,,"לק""ג",1,,true,1,69.90,69.90,false,1,
2663,true,חמוצים מיוחדים,אצלן מזור בעמ,,,ל 100 גרם,10,ל 100 גרם,true,1,45,4.50,false,1,
2699,true,פילה אמנון ללא עור. פס עור קפוא,שונים,,,"לק""ג",10,ל 100 גרם,true,1,34.90,3.49,true,1,
2700,true,פילה אמנון קפוא80%,שונים,,,"לק""ג",10,ל 100 גרם,true,1,29.90,2.99,true,1,
2701,true,פלפל חריף קטרינג,יזמויות אור הנר,,,ל 100 גרם,10,ל 100 גרם,true,1,68.50,6.85,false,1,
2702,true,פטריות אסייאתי קטרינג,יזמויות אור הנר,,,ל 100 גרם,10,ל 100 גרם,true,1,65,6.50,false,1,
2791,true,מנה בשרית ותוספות (קטרינג ),יזמויות אור הנר,,,יח,10,ל 100 גרם,false,1,30,3,false,1,
2806,true,צלי חלק מחפוד עטרה טרי,נטו מלינדה סחר בעמ,,,"לק""ג",1,,true,1,110,110,false,1,
2807,true,אסדו טרי חלק מ/ע עם עצם,בקר תנובה -שותפות מוגבלת,,,"לק""ג",1,,true,1,69.90,69.90,false,1,
2808,true,שריר בקר טרי חלק מחפוד עטרה,נטו מלינדה סחר בעמ,,,"לק""ג",1,,true,1,75.90,75.90,false,1,
2819,true,בשר פילה טרי 6 מדומה,עוף ירושלים שיווק בעמ,,,"לק""ג",1,,true,1,80,80,false,1,
2821,true,סטייק עצם טרי מחפוד /עטרה,בקר תנובה -שותפות מוגבלת,,,"לק""ג",10,ל 100 גרם,true,1,110,11,true,1,
2828,true,טורטיה במילוי עוף וירקות קטרינג,יזמויות אור הנר,,,ל 100 גרם,10,ל 100 גרם,true,1,71.50,7.15,false,1,
2830,true,מעורב ירושלמי קטרינג,יזמויות אור הנר,,,ל 100 גרם,10,ל 100 גרם,true,1,59,5.90,false,1,
2850,true,סטייק טרי אנטריקוט ארגנטינאי,נטו מלינדה סחר בעמ,,,"לק""ג",1,,true,1,190,190,false,1,
2860,true,שניצל עוף דק דק טרי,קורניש חן{1987} בעמ,,,"לק""ג",1,,true,1,44.90,44.90,true,1,
2862,true,קשתית אסדו טריע.מבלי עצם..,עוף ירושלים שיווק בעמ,,,"לק""ג",1,,true,1,75.90,75.90,false,1,
2865,true,"מנות היום""שף"" מזנון (קטרינג )",יזמויות אור הנר,,,יח,10,ל 100 גרם,false,1,34.90,3.49,false,1,
2875,true,כבש טרי חלק ע\מ,בקר תנובה -שותפות מוגבלת,,,"לק""ג",10,ל 100 גרם,true,1,110,11,false,1,
2876,true,צלעות טלה טרי,נטו מלינדה סחר בעמ,,,"לק""ג",1,,true,1,180,180,false,1,
2877,true,כתף כבש טרי חלק,נטו מלינדה סחר בעמ,,,"לק""ג",1,,true,1,110,110,false,1,
2878,true,צלעות טלה טרי חלק,נטו מלינדה סחר בעמ,,,"לק""ג",10,ל 100 גרם,true,1,180,18,false,1,
2879,true,צוואר כבש לבישול חלק,נטו מלינדה סחר בעמ,,,"לק""ג",1,,true,1,100,100,false,1,
2925,true,מטבוחה קטרינג,יזמויות אור הנר,,,ל 100 גרם,10,ל 100 גרם,true,1,68.50,6.85,false,1,
2928,true,סחוג ביתי אדום קטרינג,יזמויות אור הנר,,,ל 100 גרם,10,ל 100 גרם,true,1,65,6.50,false,1,
2933,true,"סירות תפו""א אפוי קטרינג",יזמויות אור הנר,,,ל 100 גרם,10,ל 100 גרם,true,1,29,2.90,false,1,
2934,true,חציל פיקנטי ז`עלוק קטרינג,יזמויות אור הנר,,,ל 100 גרם,10,ל 100 גרם,true,1,46.50,4.65,false,1,
2935,true,חציל במיונז קטרינג,יזמויות אור הנר,,,ל 100 גרם,10,ל 100 גרם,true,1,46.50,4.65,false,1,
2936,true,חציל מזרחי קטרינג,יזמויות אור הנר,,,ל 100 גרם,10,ל 100 גרם,true,1,46.50,4.65,false,1,
2937,true,גפרורי גזר קטרינג,יזמויות אור הנר,,,ל 100 גרם,10,ל 100 גרם,true,1,46.50,4.65,false,1,
2938,true,גזר מזרחי קטרינג,יזמויות אור הנר,,,ל 100 גרם,10,ל 100 גרם,true,1,46.50,4.65,false,1,
2939,true,סלק אדום קטרינג,יזמויות אור הנר,,,ל 100 גרם,10,ל 100 גרם,true,1,46.50,4.65,false,1,
2946,true,"סלט תפו""א במיונז קטרינג",יזמויות אור הנר,,,ל 100 גרם,10,ל 100 גרם,true,1,46.50,4.65,false,1,
2957,true,דג נסיכה מוכן,יזמויות אור הנר,,,ל 100 גרם,10,ל 100 גרם,true,1,82.50,8.25,false,1,
2958,true,פילה אמנון מוכן,יזמויות אור הנר,,,ל 100 גרם,10,ל 100 גרם,true,1,75.90,7.59,false,1,
2960,true,סטיק סלמון בעשבי טיבול,יזמויות אור הנר,,,ל 100 גרם,10,ל 100 גרם,true,1,107.80,10.78,false,1,
2963,true,אורז לבן/בוכרי קטרינג,יזמויות אור הנר,,,ל 100 גרם,10,ל 100 גרם,true,1,31.90,3.19,false,1,
2964,true,קוסקוס קטרינג,יזמויות אור הנר,,,ל 100 גרם,10,ל 100 גרם,true,1,31.90,3.19,false,1,
2965,true,"תפו""א אדמה אפוי כדורי/סירות (קטרינג )",יזמויות אור הנר,,,ל 100 גרם,10,ל 100 גרם,true,1,31.90,3.19,false,1,
2966,true,מרק ירקות לקוסקוס,יזמויות אור הנר,,,ל 100 גרם,10,ל 100 גרם,true,1,31.90,3.19,false,1,
2968,true,קציצות טונסאיות (קטרינג),יזמויות אור הנר,,,ל 100 גרם,10,ל 100 גרם,true,1,62,6.20,false,1,
2971,true,פטריות אסיאתי קיטרינג,יזמויות אור הנר,,,ל 100 גרם,10,ל 100 גרם,true,1,68.50,6.85,false,1,
2982,true,טורטיה במילוי בקר קטרינג,יזמויות אור הנר,,,ל 100 גרם,10,ל 100 גרם,true,1,71.50,7.15,false,1,
2992,true,אמפמדס ממולא(קטרינג,יזמויות אור הנר,,,ל 100 גרם,10,ל 100 גרם,true,1,65,6.50,false,1,
2996,true,תירשי קטרינג,יזמויות אור הנר,,,ל 100 גרם,10,ל 100 גרם,true,1,46.50,4.65,false,1,
3094,true,חזה בקר עם עצם מחפוד /עטרה,בקר תנובה -שותפות מוגבלת,,,"לק""ג",1,,true,1,39.90,39.90,true,1,
3193,true,זנב עגל טרי מחפוד עטרה,בקר תנובה -שותפות מוגבלת,,,"לק""ג",1,,true,1,59.90,59.90,false,1,
3232,true,חטיפי אסאדו טרי,בקר תנובה -שותפות מוגבלת,,,"לק""ג",1,,true,1,85,85,false,1,
3635,true,בשר ראש חלק רבנות,נטו מילנדה סחר בעמ*,,,"לק""ג",10,ל 100 גרם,true,1,69.90,6.99,false,1,
3637,true,רבע כבש חלק קפוא,מאסטרפוד בעמ,,,"לק""ג",10,ל 100 גרם,true,1,89.90,8.99,false,1,
3644,true,חזה אווז קפוא,בלדי בעמ,,,"לק""ג",10,ל 100 גרם,true,1,189,18.90,false,1,
3645,true,כבד אווז קפוא,בלדי בעמ,,,"לק""ג",1,,true,1,399,399,true,1,
4502,true,בשר מס` 2 חלק רבנות-קפוא,נטו מילנדה סחר בעמ*,,,"לק""ג",10,ל 100 גרם,true,1,39.90,3.99,false,1,
4505,true,.בשר מס` 5 קפוא חלק,שונים,,,"לק""ג",10,ל 100 גרם,true,1,64.90,6.49,false,1,
4506,true,בשר מס`6 חלק רבנות קפוא,נטו מילנדה סחר בעמ*,,,"לק""ג",1,"לק""ג",true,1,39.90,39.90,false,1,
4508,true,בשר מס`8 חלק רבנות,שונים,,,"לק""ג",10,"לק""ג",true,1,33.90,3.39,false,1,
5076,true,אובדן,שונים,,,יח,1,,false,1,10000,10000,false,1,
5216,true,"זר פרחים 39.90 ש""ח",שונים,,,יח,1,יח,false,1,39.90,39.90,false,1,
5217,true,"זר פרחים 34.90 ש""ח",שונים,,,יח,1,,false,1,34.90,34.90,false,1,
5505,true,אבוקדו קטן,"בכורי השדה צפון1994 ג.ד. בע""מ",,,"לק""ג",1,,true,1,9.90,9.90,false,1,
5585,true,תפוח חרמון קטן,"בכורי השדה צפון1994 ג.ד. בע""מ",,,"לק""ג",1,,true,1,10.90,10.90,false,1,
6251,true,מארז 10 פיתות,גיא שיווק טוב,,,יח,10,למארז,false,1,15.90,1.59,false,1,
6500,true,בורקס/עוגיות-במשקל,ג`נרל מילס ישראל בעמ,,,"לק""ג",10,ל 100 גרם,true,1,44.90,4.49,false,1,
6514,true,חלה 3 צמות,בית מאפה ח. כהן חדש,,,יח,1,יח,false,1,8.50,8.50,true,1,
6515,true,חלה כפרית,ג`נרל מילס ישראל בעמ,,,יח,1,יח,false,1,11.90,11.90,false,1,
6525,true,לחם שום,מאפית היפרכהן,,,"לק""ג",1,,true,1,34.90,34.90,false,1,
6526,true,לחם מחמצת קטן,ג`נרל מילס ישראל בעמ,,,יח,1,,false,1,4,4,false,1,
7788,true,בורקס במשקל,ג`נרל מילס ישראל בעמ,,,"לק""ג",1,,true,1,44.90,44.90,false,1,
9500,true,דג דניס נקי טרי,מאסטרפוד בעמ,,,"לק""ג",1,,true,1,65,65,true,1,
9501,true,דג בורי נקי טרי,מאסטרפוד בעמ,,,"לק""ג",1,,true,1,45,45,false,1,
9502,true,דג אמנון נקי טרי,נטו מילנדה סחר בעמ*,,,"לק""ג",1,,true,1,29.90,29.90,false,1,
9503,true,פילה לברק טרי,דגת הארץ אגודה שיתופית חקלאית,,,"לק""ג",1,,true,1,129,129,false,1,
9504,true,דג קרפיון נקי טרי,מאסטרפוד בעמ,,,"לק""ג",1,,true,1,29.90,29.90,false,1,
9505,true,דג לברק י נקי טרי,מאסטרפוד בעמ,,,"לק""ג",1,,true,1,74.90,74.90,false,1,
9514,true,דג ברמונדי נקי טרי,מאסטרפוד בעמ,,,"לק""ג",1,,true,1,64.90,64.90,false,1,
40301,true,גבינה עין גדי,תנובה -חלב,,,יח,1,,false,1,18.90,18.90,false,1,
40318,true,ברי גבינה,תנובה -חלב,,,יח,1,,false,1,17.90,17.90,false,1,
40974,true,חלב טרי דל לקטוז תנובה,תנובה -חלב,,,יח,10,ל 100 גרם,false,1,6.80,0.68,false,1,
45917,true,פרומעז גליל 200,תנובה -חלב,,,יח,1,,false,1,24.90,24.90,false,1,
46020,true,גלבוע גבינה חצי קשה 22% שומן{פ},תנובה -חלב,,,ל 100 גרם,10,ל 100 גרם,true,1,42.58,4.26,false,1,
46501,true,טל העמק 1000 קג,תנובה -חלב,,,ל 100 גרם,10,ל 100 גרם,true,1,54.90,5.49,false,1,
46563,true,פרמזן קולאז/,תנובה -חלב,,,ל 100 גרם,10,ל 100 גרם,true,1,109,10.90,false,1,
46662,true,סקנדינבית,תנובה -חלב,,,ל 100 גרם,10,ל 100 גרם,true,1,71.30,7.13,false,1,
47027,true,גלעד קשקאבל,תנובה -חלב,,,ל 100 גרם,10,ל 100 גרם,true,1,119,11.90,false,1,
47034,true,קולאז רוקפור,תנובה -חלב,,,ל 100 גרם,10,ל 100 גרם,true,1,119,11.90,false,1,
47485,true,בולגרית 24%,תנובה -חלב,,,"לק""ג",10,ל 100 גרם,true,1,55.90,5.59,false,1,
51352,true,חלב של פעם 1 ליטר,תנובה -חלב,,,יח,1,לליטר,false,1,7.50,7.50,false,1,
51376,true,יופלה דיאט אננס ספורטיבי 0%,תנובה -חלב,,,יח,1.50,"ל 100 מ""ל",false,1,4.90,3.27,false,1,
51956,true,טל העמק 9% חריץ,תנובה -חלב,,,"לק""ג",10,ל 100 גרם,true,1,78.90,7.89,false,1,
52311,true,עמק פרוס בקופסא 15% שומן,תנובה -חלב,,,יח,2,ל 100 גרם,false,1,15.90,7.95,false,1,
52625,true,פטה עיזים מעדניה,תנובה -חלב,,,ל 100 גרם,1,,true,1,81.90,81.90,false,1,
52649,true,פיראוס לאבנה 5%,תנובה -חלב,,,יח,5,ל 100 גרם,false,1,18.90,3.78,false,1,
52717,true,קוטג 5% עם שום שמיר,תנובה -חלב,,,יח,2.50,ל 100 גרם,false,1,5.90,2.36,false,1,
52946,true,מאגדת יופלה 8 גביעים מעודן ק,תנובה -חלב,,,יח,12,ל 100 גרם,false,1,20.90,1.74,false,1,
55329,true,משקה בוקר תות מלון,תנובה -חלב,,,יח,2.50,"ל 100 מ""ל",false,1,5.30,2.12,false,1,
55336,true,"יופלה משקה יוגורט בננה אפרסק250מ""ל תנובה",תנובה -חלב,,,יח,2.50,"ל 100 מ""ל",false,1,5.30,2.12,false,1,
55343,true,משקה בוקר טרופי,תנובה -חלב,,,יח,2.50,"ל 100 מ""ל",false,1,5.30,2.12,false,1,
55501,true,זיכוי בקבוק בירה 1.2,טמפו משקאות בעמ,,,יח,1,,false,1,1.20,1.20,false,1,
55502,true,פיקדון פלסטיק או פחית,שונים,,,יח,1,,false,1,0.30,0.30,false,1,
55893,true,חמאה 200 גרם-תנובה,תנובה -חלב,,,יח,0,יח,false,1,7.88,7.88,false,1,
56081,true,מארז פרילי טבע 6 יח`,תנובה -חלב,,,יח,11.04,ל 100 גרם,false,1,22,1.99,false,1,
56760,true,"עמק 28% 400 גר` בד""צ",תנובה -חלב,,,יח,4,ל 100 גרם,false,1,26.90,6.73,false,1,
56845,true,חלב %3קרטון 1.5 ליטר,תנובה -חלב,,,יח,1.50,לליטר,false,1,9.34,6.23,false,1,
56883,true,מארז יופלה 8 יח`בטעמים ק,תנובה -חלב,,,יח,8,למארז,false,1,28.30,3.54,false,1,
56890,true,מאגדת יופלה 8 דיאט,תנובה -חלב,,,יח,1.20,לליטר,false,1,23.90,19.92,false,1,
56906,true,מארז יופלה 8 יח`,תנובה -חלב,,,יח,8,למארז,false,1,16.90,2.11,false,1,
56937,true,נפוליון טבעי 30%,תנובה -חלב,,,יח,1,,true,1,41.90,41.90,false,1,
56951,true,"שמנת לבישול 15% באריזת 500 מ""ל",תנובה -חלב,,,יח,5,"ל 100 מ""ל",false,1,15.90,3.18,false,1,
57132,true,יוגורט תנובה 1.5%,תנובה -חלב,,,יח,2,"ל 100 מ""ל",false,1,3.20,1.60,false,1,
57149,true,יוגורט תנובה 3%,תנובה -חלב,,,יח,2,"ל 100 מ""ל",false,1,3.20,1.60,false,1,
57552,true,יופלה בטעם ע. גבינה,תנובה -חלב,,,יח,1.50,"ל 100 מ""ל",false,1,4.90,3.27,false,1,
58030,true,יופלה שטוזים משקה יוגורט,תנובה -חלב,,,יח,8,ל 100 גרם,false,1,19.90,2.49,false,1,
58047,true,"שמנת מתוקה 38% 500 מ""ל",תנובה -חלב,,,יח,0.50,ל 100 גרם,false,1,12.90,25.80,false,1,
58979,true,גיל טעם תות,תנובה -חלב,,,יח,1.25,"ל 100 מ""ל",false,1,1.40,1.12,false,1,
60300,true,מארז 8 חליות מתוקות,מאפית היפרכהן,,,יח,1,,false,1,15.90,15.90,false,1,
61214,true,פתיתים קוסקוס עם בצל,קבוצת אוסם סחר שותפות מוגבלת,,,יח,5,ל 100 גרם,false,1,7.90,1.58,true,1,
61450,true,פתיתים קוסקוס 3 צבעים,קבוצת אוסם סחר שותפות מוגבלת,,,יח,5,"ל 100 מ""ל",false,1,6.90,1.38,true,1,
75693,true,עוגת שמרים בריוש שוקולד,קבוצת אוסם סחר שותפות מוגבלת,,,יח,3.60,ל 100 גרם,false,1,14.90,4.14,false,1,
77253,true,לחמית כפרית ק,קבוצת אוסם סחר שותפות מוגבלת,,,יח,1.90,ל 100 גרם,false,1,9.90,5.21,true,1,
78762,true,חטיפי פריכונים טעם דבש,קבוצת אוסם סחר שותפות מוגבלת,,,יח,0.80,ל 100 גרם,false,1,7.90,9.88,false,1,
85173,true,פתי בר שוקו 400ג גטניו *,אם החיטה בעמ,,,יח,4,יח,false,1,6.90,1.73,true,1,
98007,true,מארז שלישיה פרינה מערב שדרות,גיא שיווק טוב,,,יח,1,יח,false,1,14.90,14.90,false,1,
98008,true,פרנה בודד מערב/שדרות,גיא שיווק טוב,,,יח,1,,false,1,5,5,false,1,
99915,true,שופר!עמוד ראשי.,שונים,,,יח,1,,false,1,1,1,false,1,
99917,true,ידיעות + כל הנגב.,ידיעות אחרונות בעמ,,,יח,1,,false,1,15,15,true,1,
99925,true,"עיתון מקומי 1 ש""ח",שונים,,,יח,1,,false,1,1,1,false,1,
104072,true,עדשים ירוקות מבושלות סנפורסט 800 גרם,תנובה ענף ב.ע.ד,,,יח,8,ל 100 גרם,false,1,19.90,2.49,false,1,
106199,true,לקט נורמנדי סנפורסט 800 גרם,תנובה ענף ב.ע.ד,,,יח,8,ל 100 גרם,false,1,21.90,2.74,false,1,
111384,true,TELMA 12 X 550 ARMY,"יוניליוור ישראלשיווק בע""מ",,,יח,5.50,ל 100 גרם,false,6,7.90,1.44,false,1,
124503,true,שומן כבש ארוז 200 גר`בלדי,בלדי בעמ,,,יח,2,ל 100 גרם,false,1,12.90,6.45,false,1,
137643,true,שלגוני טעמקור 1/8,"גלידת שטראוס בע""מ",,,יח,1,,false,1,36.90,36.90,false,1,
139234,true,שלווה 150ג חמאה דבש,אשבול בעמ,,,יח,1.50,ל 100 גרם,false,1,8.90,5.93,false,1,
139272,true,דגני מולטי טבעות דגנים בטעם פירות,אשבול בעמ,,,יח,4.20,ל 100 גרם,false,1,8.90,2.12,false,1,
139296,true,דגני מולטי כוכבים,אשבול בעמ,,,יח,4.20,ל 100 גרם,false,1,8.90,2.12,false,1,
139968,true,טורבו חטיף דגנים מלאים ט. נוגט,אשבול בעמ,,,יח,1.68,ל 100 גרם,false,1,11.90,7.08,false,1,
139975,true,טורבו חטיף דגנים מלאים ט. שוקולד,אשבול בעמ,,,יח,1.68,ל 100 גרם,false,1,11.90,7.08,false,1,
139982,true,טורבו חטיף דגנים מלאים ט. חלבה,אשבול בעמ,,,יח,1.68,ל 100 גרם,false,1,11.90,7.08,false,1,
144160,true,"שמן זית מודגש 750 מ""ל עץ הזית*",סוגת תעשיות בעמ,,,יח,7.50,"ל 100 מ""ל",false,1,29.90,3.99,false,1,
155502,true,זיכוי פיקדון פלסטיק או פחית,שונים,,,יח,1,,false,1,0.30,0.30,false,1,
158105,true,שניצל דינוזאור עוף טוב,קבוצת אוסם סחר שותפות מוגבלת,,,יח,7,ל 100 גרם,false,1,34.90,4.99,true,1,
168173,true,TELMA CRUNCHIM BADATZ 6X375GR,"יוניליוור ישראלשיווק בע""מ",,,יח,3.75,ל 100 גרם,false,6,19.90,5.31,false,1,
169538,true,KNORR CAS-TOMATO BADAZT 72X62G,"יוניליוור ישראלשיווק בע""מ",,,יח,0.62,ל 100 גרם,false,12,6.50,10.48,true,1,
188355,true,מג ניקול לבנה 1/6 (ג),קימברלי קלארק ישראל שיווק בעמ,,,יח,1,,false,1,12.90,12.90,true,1,
188386,true,מג ניקול לבנה 1/12,קימברלי קלארק ישראל שיווק בעמ,,,יח,12,"ל 100 מ""ל",false,1,21.90,1.83,false,1,
188553,true,מגני תחתון קוטקס סליק נורמל ק,קימברלי קלארק ישראל שיווק בעמ,,,יח,1,,false,1,18.90,18.90,false,1,
188560,true,מגני תחתון קוטקס סליק לארג`,קימברלי קלארק ישראל שיווק בעמ,,,יח,1,,false,1,18.90,18.90,false,1,
188591,true,מגני תחתון קוטקס סליק יאנג,קימברלי קלארק ישראל שיווק בעמ,,,יח,1,,false,1,18.90,18.90,false,1,
189598,true,מטליות לחות לינקוי כללי ניקול,קימברלי קלארק ישראל שיווק בעמ,,,יח,1,למארז,false,1,10.90,10.90,false,1,
189758,true,מגן תחתון קוטקס נורמל קוקו,קימברלי קלארק ישראל שיווק בעמ,,,יח,1,,false,1,18.90,18.90,false,1,
193014,true,מגן תחתון אינטרו ק,קימברלי קלארק ישראל שיווק בעמ,,,יח,1,,false,1,9.90,9.90,false,1,
193083,true,נובה לי 28 אריזת ג מבו,קימברלי קלארק ישראל שיווק בעמ,,,יח,1,,false,1,9.90,9.90,false,1,
193205,true,תחבושת לילי נטורל נייט ק,קימברלי קלארק ישראל שיווק בעמ,,,יח,1,,false,1,16.90,16.90,false,1,
193540,true,לילי אינטימייט לונג,קימברלי קלארק ישראל שיווק בעמ,,,יח,1,,false,1,16.90,16.90,false,1,
193649,true,תח לילי אינטימט,קימברלי קלארק ישראל שיווק בעמ,,,יח,1,,false,1,16.90,16.90,false,1,
193656,true,תח לילי איטימיי,קימברלי קלארק ישראל שיווק בעמ,,,יח,1,,false,1,16.90,16.90,false,1,
193793,true,לילי כנפיים נורמל,קימברלי קלארק ישראל שיווק בעמ,,,יח,1,,false,1,16.90,16.90,false,1,
195537,true,מגבוני האגיס רבעיה,קימברלי קלארק ישראל שיווק בעמ,,,יח,1,,false,1,19.90,19.90,false,1,
196763,true,שקיות החזקה 40 יח`,קימברלי קלארק ישראל שיווק בעמ,,,יח,1,,false,1,24.90,24.90,false,1,
197326,true,זוג רדיד אלומניום ק,קימברלי קלארק ישראל שיווק בעמ,,,יח,1,,false,1,10.90,10.90,false,1,
197340,true,רדיד אלומניום זוג,קימברלי קלארק ישראל שיווק בעמ,,,יח,1,,false,1,19.90,19.90,false,1,
197654,true,שק אשפה ניקול אריזת ענק,קימברלי קלארק ישראל שיווק בעמ,,,יח,1,,false,1,24.90,24.90,false,1,
199313,true,תחבושת קוטקס יאנג,קימברלי קלארק ישראל שיווק בעמ,,,יח,1,,false,1,17.90,17.90,false,1,
204086,true,סקוטש 2+1 רגיל,קימברלי קלארק ישראל שיווק בעמ,,,יח,1,,false,1,12.90,12.90,false,1,
204215,true,כרית יפנית שישייה ניקול,קימברלי קלארק ישראל שיווק בעמ,,,יח,1,,false,1,10.90,10.90,false,1,
204239,true,מטליות ריצפה,קימברלי קלארק ישראל שיווק בעמ,,,יח,1,,false,1,9.90,9.90,false,1,
204253,true,מטלית ניקול,קימברלי קלארק ישראל שיווק בעמ,,,יח,1,,false,1,10.90,10.90,false,1,
204611,true,ניקול ספוגית קסם שישיה,קימברלי קלארק ישראל שיווק בעמ,,,יח,1,,false,1,10.90,10.90,false,1,
205762,true,האגיס אקסטרא קר מידה 3,קימברלי קלארק ישראל שיווק בעמ,,,יח,1,,false,1,54.90,54.90,false,1,
205915,true,האגיס אקסטרא קר,קימברלי קלארק ישראל שיווק בעמ,,,יח,1,,false,1,54.90,54.90,false,1,
209524,true,סירופ דיאט פטל,זנלכל בעמ,,,יח,1,לליטר,false,1,16.90,16.90,false,1,
209579,true,סירופ דיאט אננס,זנלכל בעמ,,,יח,1,לליטר,false,1,16.90,16.90,false,1,
209906,true,עגבניות מרוסקות עם בצל,זנלכל בעמ,,,יח,2.60,ל 100 גרם,false,1,5.50,2.12,false,1,
209913,true,עגב קוביות 240 גר,זנלכל בעמ,,,יח,2.40,ל 100 גרם,false,1,5.50,2.29,false,1,
209944,true,שקשוקה 240 גר,זנלכל בעמ,,,יח,2.40,ל 100 גרם,false,1,5.50,2.29,false,1,
209951,true,רוטב פיצה 240 גר,זנלכל בעמ,,,יח,2.40,ל 100 גרם,false,1,5.50,2.29,false,1,
209968,true,רוטב עגבניות ללזניה,זנלכל בעמ,,,יח,2.60,ל 100 גרם,false,1,5.50,2.12,false,1,
213072,true,עוגיות/ בורקס,מאפיית נתיבות 1998 בעמ,,,יח,1,,true,1,26.51,26.51,false,1,
220488,true,סטייק עין עטרה מיושן קפוא,נטו מלינדה סחר בעמ,,,"לק""ג",10,ל 100 גרם,true,1,64.90,6.49,false,1,
243566,true,"שמן קנולה בריאות 750 מ""ל",סוגת תעשיות בעמ,,,יח,7.50,"ל 100 מ""ל",false,1,11.80,1.57,true,1,
254250,true,כתף שוק טלה חלק בית יוסף,מאסטרפוד בעמ,,,"לק""ג",10,ל 100 גרם,true,1,109.90,10.99,false,1,
256197,true,גאודה עיזים הולנדית קשה,נטו מילנדה סחר בעמ*,,,ל 100 גרם,10,ל 100 גרם,true,1,119,11.90,false,1,
262413,true,האגיס אקסטרא קר מידה 5,קימברלי קלארק ישראל שיווק בעמ,,,יח,1,,false,1,54.90,54.90,false,1,
263359,true,האגיס חיתולי כותנה NB1,קימברלי קלארק ישראל שיווק בעמ,,,יח,1,,false,1,34.90,34.90,false,1,
264752,true,זוג רדיד אלומניום ק,קימברלי קלארק ישראל שיווק בעמ,,,יח,1,,false,1,10.90,10.90,false,1,
286228,true,סנו סושי שישיה. ק,החברה הדרומית לשיווק בעמ,,,יח,1,,false,1,10.90,10.90,false,1,
286488,true,ספוג פיראט,החברה הדרומית לשיווק בעמ,,,יח,1,,false,1,7.90,7.90,false,1,
286525,true,ספוג פרינה,החברה הדרומית לשיווק בעמ,,,יח,1,,false,1,10.90,10.90,false,1,
286549,true,מטלית לכל 9 בשקי. ק,החברה הדרומית לשיווק בעמ,,,יח,1,,false,1,9.90,9.90,false,1,
286761,true,פלסטיק נצמד צמד ק,החברה הדרומית לשיווק בעמ,,,יח,1,,false,1,10.90,10.90,false,1,
289472,true,שקיות סושי 76X90,החברה הדרומית לשיווק בעמ,,,יח,1,,false,1,18.90,18.90,false,1,
290290,true,נקניקיות מני מרגז גוליה,ג`וליה מעדני בשר בעמ,,,"לק""ג",10,ל 100 גרם,true,1,58.90,5.89,false,1,
292557,true,סנומט נוזלי מלוי,החברה הדרומית לשיווק בעמ,,,יח,1,,false,1,17.90,17.90,false,1,
295299,true,סנו סושי רבעיה,החברה הדרומית לשיווק בעמ,,,יח,1,,false,1,9.90,9.90,false,1,
295404,true,שקיות אשפה 60 יח. סנו,החברה הדרומית לשיווק בעמ,,,יח,1,,false,1,19.90,19.90,false,1,
295503,true,שקיות אוכל נשלפות 300 ק,החברה הדרומית לשיווק בעמ,,,יח,1,,false,1,14.90,14.90,false,1,
295558,true,צמד רדיד אלומניו,החברה הדרומית לשיווק בעמ,,,יח,1,,false,1,10.90,10.90,false,1,
295565,true,צמד רדיד אלומניו,החברה הדרומית לשיווק בעמ,,,יח,1,,false,1,16.90,16.90,false,1,
295749,true,ספוג סאקי מסאג,החברה הדרומית לשיווק בעמ,,,יח,1,,false,1,11.90,11.90,false,1,
295794,true,סנו ספוגית אל חל,החברה הדרומית לשיווק בעמ,,,יח,1,,false,1,10.90,10.90,false,1,
295824,true,אלומ 100* מטר,החברה הדרומית לשיווק בעמ,,,יח,1,,false,1,49.90,49.90,false,1,
299907,true,פינק דאו רול און 100,"פישר תעשיות פרמצביטות בע""מ",,,יח,1,,false,1,15.90,15.90,false,1,
311272,true,halva wafers,רוקחמן בעמ,,,יח,1.80,ל 100 גרם,false,1,4.30,2.39,false,1,
311746,true,chocolate cookies,רוקחמן בעמ,,,יח,3,ל 100 גרם,false,1,6.90,2.30,false,1,
311753,true,עוגיות חיטה מלאה בטעם חלבה 250 גר`מן*,רוקחמן בעמ,,,יח,2.50,ל 100 גרם,false,1,6.90,2.76,false,1,
311845,true,granola chocolate cookies,רוקחמן בעמ,,,יח,3,ל 100 גרם,false,1,8.90,2.97,false,1,
311869,true,no sugar wafers,רוקחמן בעמ,,,יח,1.80,ל 100 גרם,false,1,6.90,3.83,false,1,
311876,true,no sugar wafers,רוקחמן בעמ,,,יח,1.80,ל 100 גרם,false,1,6.90,3.83,false,1,
312736,true,בייגלה קטו 45 גר`,לירון קרביץ יבוא שיווק וסחר,,,יח,0.45,ל 100 גרם,false,1,1.50,3.33,true,1,
318103,true,פסטרמה ברבקיו יחיעם,מעדני יחיעם (1993) בעמ,,,ל 100 גרם,10,ל 100 גרם,true,1,69,6.90,true,1,
318165,true,פסטרמה צלויה על גחלים יחיעם,מעדני יחיעם (1993) בעמ,,,ל 100 גרם,10,ל 100 גרם,true,1,69,6.90,true,1,
318288,true,חזה הודו בדבש יחיעם,מעדני יחיעם (1993) בעמ,,,ל 100 גרם,10,ל 100 גרם,true,1,69,6.90,true,1,
318349,true,מעדן הודו יחיעם,מעדני יחיעם (1993) בעמ,,,"לק""ג",10,ל 100 גרם,true,1,69,6.90,true,1,
318493,true,כתף בקר מפולפל יחיעם,מעדני יחיעם (1993) בעמ,,,"לק""ג",10,ל 100 גרם,true,1,109,10.90,false,1,
318530,true,רוסטביף צלי בקר יחיעם,מעדני יחיעם (1993) בעמ,,,ל 100 גרם,10,ל 100 גרם,true,1,125,12.50,false,1,
318767,true,חזה בקר 3 אשפר,ישראל פלדמן ייצור ושיווק,,,"לק""ג",10,ל 100 גרם,true,1,32.90,3.29,false,1,
318781,true,בשר מס 4 חלק אשפר,ישראל פלדמן ייצור ושיווק,,,"לק""ג",10,ל 100 גרם,true,1,36.90,3.69,false,1,
318806,true,סלמי סרוולט יחיעם,מעדני יחיעם (1993) בעמ,,,ל 100 גרם,10,ל 100 גרם,true,1,139,13.90,false,1,
318837,true,קורנדביס נקניק יחיעם,מעדני יחיעם (1993) בעמ,,,ל 100 גרם,10,ל 100 גרם,true,1,109,10.90,false,1,
318868,true,סלמי פפרוני יחיעם,מעדני יחיעם (1993) בעמ,,,ל 100 גרם,10,ל 100 גרם,true,1,72.90,7.29,true,1,
318880,true,קשתית אסדו אשפר,ישראל פלדמן ייצור ושיווק,,,"לק""ג",10,ל 100 גרם,true,1,59.90,5.99,false,1,
318882,true,מעושן אטלקי יחיעם,מעדני יחיעם (1993) בעמ,,,ל 100 גרם,10,ל 100 גרם,true,1,59.90,5.99,true,1,
318929,true,סלמי צרפתי יחיעם,מעדני יחיעם (1993) בעמ,,,ל 100 גרם,10,ל 100 גרם,true,1,139,13.90,false,1,
319049,true,פסטרמה גלילית מעדניה יחיעם,מעדני יחיעם (1993) בעמ,,,ל 100 גרם,10,ל 100 גרם,true,1,42.90,4.29,true,1,
319704,true,כתף בקר מעושן יחיעם,מעדני יחיעם (1993) בעמ,,,"לק""ג",10,ל 100 גרם,true,1,109,10.90,false,1,
319728,true,מעושן איטלקי מפולפל יחיעם,מעדני יחיעם (1993) בעמ,,,ל 100 גרם,10,ל 100 גרם,true,1,69,6.90,true,1,
319759,true,סלמי תה יחיעם,מעדני יחיעם (1993) בעמ,,,"לק""ג",10,ל 100 גרם,true,1,45,4.50,true,1,
319971,true,נקניק צלעות עם האש יחיעם,מעדני יחיעם (1993) בעמ,,,"לק""ג",10,ל 100 גרם,true,1,125,12.50,false,1,
345435,true,פילה מרלוזה ארגנטינאית דלידג,נטו מילנדה סחר בעמ*,,,"לק""ג",10,ל 100 גרם,true,1,32.90,3.29,false,1,
356222,true,הרינג ים תיכוני,ישראגל,,,ל 100 גרם,10,ל 100 גרם,true,1,27.90,2.79,false,1,
356258,true,מקרל מעושן קטן,ישראגל,,,"לק""ג",10,ל 100 גרם,true,1,59.90,5.99,false,1,
356425,true,פילה מטיאס,ישראגל,,,"לק""ג",10,ל 100 גרם,true,1,46.90,4.69,false,1,
356630,true,פילה הרינג כבוש,ישראגל,,,"לק""ג",10,ל 100 גרם,true,1,46.90,4.69,false,1,
356951,true,סלומון פלטה פרוס,ישראגל,,,למטר,10,ל 100 גרם,true,1,189,18.90,false,1,
357808,true,גבינת מוצרלה 21% שומן,ג.וילי פוד בעמ,,,ל 100 גרם,10,ל 100 גרם,true,1,58.90,5.89,false,1,
360810,true,אשכולינה אדומה,תבורי שותפות מוגבלת לשיווק,,,יח,1,,false,1,5.20,5.20,false,1,
363486,true,סלמי תה ט. צבי,תנובה ענף ב.ע.ד,,,ל 100 גרם,10,ל 100 גרם,true,1,52.90,5.29,false,1,
364261,true,סלסולי כתף בקר 120 גר`,תנובה ענף ב.ע.ד,,,יח,1.20,ל 100 גרם,false,1,13.90,11.58,false,1,
365046,true,כתף בקר מעושן ט.צבי,תנובה ענף ב.ע.ד,,,ל 100 גרם,10,ל 100 גרם,true,1,89.90,8.99,false,1,
365398,true,חזה הודו בדבש ט.צבי,תנובה ענף ב.ע.ד,,,ל 100 גרם,10,ל 100 גרם,true,1,79.90,7.99,false,1,
365756,true,פסטרמה ברביקיו ט.צבי,תנובה ענף ב.ע.ד,,,"לק""ג",10,ל 100 גרם,true,1,79.90,7.99,false,1,
365954,true,פסטרמה על גחלים ט.צבי,תנובה ענף ב.ע.ד,,,ל 100 גרם,10,ל 100 גרם,true,1,79.90,7.99,false,1,
370130,true,גבינת ברי צרפתית,ג.וילי פוד בעמ,,,ל 100 גרם,10,ל 100 גרם,true,1,119,11.90,false,1,
370680,true,אצבעות מוצרלי משקל,ג.וילי פוד בעמ,,,"לק""ג",10,ל 100 גרם,true,1,99.90,9.99,true,1,
370994,true,גבינת גאודה עם פטריות כמהין.,ג.וילי פוד בעמ,,,"לק""ג",1,ל 100 גרם,true,1,149,149,true,1,
371571,true,פסטרמה פרגיות לבאגט ט.צבי,תנובה ענף ב.ע.ד,,,ל 100 גרם,10,ל 100 גרם,true,1,79.90,7.99,false,1,
379623,true,לחם אחיד 750,שלמה א.אנג ל בעמ,,,יח,7.50,ל 100 גרם,false,1,3.90,0.52,false,1,
379647,true,חלה אנג`ל מרובעת,שלמה א.אנג ל בעמ,,,יח,5,ל 100 גרם,false,1,6.70,1.34,false,1,
385738,true,מנצגו משולש א.ח נוכרי,מחלבות גד שיווק 1992 בעמ,,,ל 100 גרם,10,ל 100 גרם,true,1,146.20,14.62,false,1,
385745,true,פוקורינו משולש א.ח נוכרי,מחלבות גד שיווק 1992 בעמ,,,ל 100 גרם,10,ל 100 גרם,true,1,146.20,14.62,false,1,
395408,true,גבינת נועם 28%.,החברה המרכזית טלהפצת משקאות בע,,,ל 100 גרם,10,ל 100 גרם,true,1,44.79,4.48,false,1,
395422,true,גבינה חריץ 22%,החברה המרכזית טלהפצת משקאות בע,,,"לק""ג",10,ל 100 גרם,true,1,42.58,4.26,false,1,
416861,true,Spread cream 500 dairy premium-Hshachar,השחר העולה בעמ,,,יח,5,ל 100 גרם,false,1,21.90,4.38,false,1,
418155,true,טמפד סופר פלוס,שקד תבל בעמ,,,יח,1,,false,1,5.90,5.90,false,1,
419374,true,קפה לנדור מארז שלישה טחון טורקי,ש.שסטוביץ בעמ,,,יח,3,למארז,false,1,18.90,6.30,false,1,
430102,true,אייס קוביות קרח.,אייס קיובס בעמ,,,יח,1,יח,false,1,8.90,8.90,false,1,
446127,true,פרכיות ללא מלח BD*,בטר אנד דיפרנט בעמ,,,יח,1,ל 100 גרם,false,1,4.50,4.50,false,1,
446752,true,ממרח שומשום טעם חלבה 350ג B D,בטר אנד דיפרנט בעמ,,,יח,3.50,ל 100 גרם,false,1,13.50,3.86,false,1,
462141,true,הריסא זהבי 150,שטראוס גרופ בעמ (ח),,,יח,1,,false,1,8.90,8.90,false,1,
472542,true,"עמק חריץ (28% פ) בד""ץ",תנובה -חלב,,,"לק""ג",10,ל 100 גרם,true,1,44.79,4.48,false,1,
480219,true,צ`דר מעדניה גד במשקל,מחלבות גד שיווק 1992 בעמ,,,ל 100 גרם,10,ל 100 גרם,true,1,110,11,false,1,
481883,true,10 לחמניות אצבע,דגנית עין בר תעשיות,,,יח,5,ל 100 גרם,false,1,12.90,2.58,false,1,
509910,true,פיתה רגיל,גיא שיווק טוב,,,יח,1,,false,1,1.60,1.60,false,1,
515106,true,"סולת ב""ש 1 ק""ג*",טחנות קמח שטיבל בש בעמ,,,יח,10,ל 100 גרם,false,1,5.50,0.55,false,1,
523804,true,"מלח ים עדין 1 ק""ג צנצנת סוגת*",סוגת תעשיות בעמ,,,יח,10,ל 100 גרם,false,1,7.90,0.79,false,1,
523811,true,"מלח ים גס 1 ק""ג צנצנת סוגת *",סוגת תעשיות בעמ,,,יח,10,ל 100 גרם,false,1,7.90,0.79,false,1,
530024,true,תה מעושן רחב זוגלובק,זוגלובק שיווק בעמ,,,ל 100 גרם,10,ל 100 גרם,true,1,42.90,4.29,true,1,
530048,true,סלמי פפרוני זוגלובק,זוגלובק שיווק בעמ,,,ל 100 גרם,10,ל 100 גרם,true,1,55.90,5.59,true,1,
530062,true,איטלקי מעושן זוגלובק,זוגלובק שיווק בעמ,,,ל 100 גרם,10,ל 100 גרם,true,1,78.90,7.89,true,1,
530178,true,נקניק קוניאק זוגלובק,זוגלובק שיווק בעמ,,,ל 100 גרם,10,ל 100 גרם,true,1,78.90,7.89,true,1,
530192,true,סרוולד זוגלובק,זוגלובק שיווק בעמ,,,ל 100 גרם,10,ל 100 גרם,true,1,120,12,false,1,
530260,true,מרטדלה רחב זוגלובק,זוגלובק שיווק בעמ,,,ל 100 גרם,10,ל 100 גרם,true,1,36.90,3.69,true,1,
530369,true,גולן חזה הודו מעושן זוגלובק,זוגלובק שיווק בעמ,,,ל 100 גרם,10,ל 100 גרם,true,1,79.90,7.99,true,1,
530444,true,כתף בקר מעושן זוגלובק,זוגלובק שיווק בעמ,,,ל 100 גרם,10,ל 100 גרם,true,1,110,11,false,1,
531410,true,פסטרממיה בדבש זוגלובק,זוגלובק שיווק בעמ,,,ל 100 גרם,10,ל 100 גרם,true,1,79.90,7.99,true,1,
532400,true,חזה הודו בר.בי.קיו זוגלובק,זוגלובק שיווק בעמ,,,ל 100 גרם,10,ל 100 גרם,true,1,79.90,7.99,true,1,
532585,true,נקניק רוסטיבף חצוי זוגלובק,זוגלובק שיווק בעמ,,,ל 100 גרם,10,ל 100 גרם,true,1,139,13.90,false,1,
532721,true,טורו כתף ברק זוגלובק,זוגלובק שיווק בעמ,,,ל 100 גרם,10,ל 100 גרם,true,1,125,12.50,false,1,
533636,true,פסטרמה צלויה על לבנים זוגלובק,זוגלובק שיווק בעמ,,,ל 100 גרם,10,ל 100 גרם,true,1,79.90,7.99,true,1,
533681,true,פסטרמה מעושנת הבית זוגלובק,זוגלובק שיווק בעמ,,,ל 100 גרם,10,ל 100 גרם,true,1,79.90,7.99,true,1,
534718,true,תבור חזה הודו מעושן זוגלובק,זוגלובק שיווק בעמ,,,ל 100 גרם,10,ל 100 גרם,true,1,79.90,7.99,true,1,
534800,true,פסטרמה רומנית זוגלובק,זוגלובק שיווק בעמ,,,ל 100 גרם,10,ל 100 גרם,true,1,79.90,7.99,true,1,
534824,true,חזה חרמון מעושן זוגלובק,זוגלובק שיווק בעמ,,,ל 100 גרם,10,ל 100 גרם,true,1,55.90,5.59,true,1,
536743,true,קריספי סטיקס תירס זוגלובק 500 גרם,זוגלובק שיווק בעמ,,,יח,5,ל 100 גרם,false,1,19.90,3.98,true,1,
537610,true,סלמי עממי זוגלובק,זוגלובק שיווק בעמ,,,ל 100 גרם,10,ל 100 גרם,true,1,49.90,4.99,true,1,
538372,true,פיין אקסטרה קוניאק זוגלובק,זוגלובק שיווק בעמ,,,ל 100 גרם,10,ל 100 גרם,true,1,54.90,5.49,true,1,
543296,true,בשר מס` 8 מחפוד קפוא,עוף ירושלים שיווק בעמ,,,"לק""ג",10,ל 100 גרם,true,1,54.90,5.49,false,1,
553504,true,סטייק עיין חלק קפוא.,נטו מילנדה סחר בעמ*,,,"לק""ג",10,ל 100 גרם,true,1,64.90,6.49,true,1,
554006,true,קאשקאבלו,מחלבות גד שיווק 1992 בעמ,,,יח,10,ל 100 גרם,true,1,118,11.80,false,1,
554143,true,גבינה לבנה טבעי א.ח נוכרי,מחלבות גד שיווק 1992 בעמ,,,"לק""ג",10,ל 100 גרם,true,1,26.63,2.66,false,1,
554471,true,מוצרלה נקניק טבעי,מחלבות גד שיווק 1992 בעמ,,,יח,1,,false,1,17.30,17.30,false,1,
554532,true,צפתית עם מי מלח,מחלבות גד שיווק 1992 בעמ,,,יח,1,,false,1,13.90,13.90,false,1,
554815,true,מוצרלה גד נקניק טבעי א.ח נוכרי,מחלבות גד שיווק 1992 בעמ,,,ל 100 גרם,10,ל 100 גרם,true,1,77.90,7.79,false,1,
554891,true,בולגרית 5% ב.ד.צ,מחלבות גד שיווק 1992 בעמ,,,ל 100 גרם,10,ל 100 גרם,true,1,49.90,4.99,false,1,
554921,true,אורדה ריקוטה,מחלבות גד שיווק 1992 בעמ,,,ל 100 גרם,10,ל 100 גרם,true,1,54.90,5.49,false,1,
554983,true,לבנה מחלבות-גד א.ח נוכרי,מחלבות גד שיווק 1992 בעמ,,,ל 100 גרם,10,ל 100 גרם,true,1,36.31,3.63,false,1,
554990,true,מוצרלה במים כדור,מחלבות גד שיווק 1992 בעמ,,,ל 100 גרם,10,ל 100 גרם,true,1,87.90,8.79,false,1,
555501,true,חיוב בקבוק בירה חוזר,טמפו משקאות בעמ,,,יח,1,,false,1,1.20,1.20,false,1,
555502,true,חיוב פיקדון פלסטיק או פחית,שונים,,,יח,1,,false,1,0.30,0.30,false,1,
555503,true,פיקדון שש בק ק,שונים,,,יח,1,,false,1,1.80,1.80,false,1,
555504,true,פיקדון רבעיה,שונים,,,יח,1,,false,1,1.20,1.20,false,1,
555514,true,פיקדון מיכל סודה 60 ליטר,שונים,,,יח,1,,false,1,55,55,false,1,
555517,true,פיקדון מיכל סודה 130 ליטר,שונים,,,יח,1,,false,1,104,104,false,1,
555519,true,חיוב פיקדון 12 יח`,טמפו משקאות בעמ,,,יח,1,,false,1,3.60,3.60,false,1,
559907,true,פיצה משפחתית 100% גבינה 550 גרם מעדנות,תנובה ענף ב.ע.ד,,,ל 100 גרם,5,ל 100 גרם,false,1,24.90,4.98,false,1,
559914,true,פיצה משפחתית זיתים 550 גרם מעדנות,תנובה ענף ב.ע.ד,,,ל 100 גרם,5.50,ל 100 גרם,false,1,24.90,4.53,false,1,
561141,true,מיקס אגוזים טבעי 150 גר חממה (15,בוטנת בעמ,,,יח,1.50,ל 100 גרם,false,1,15.90,10.60,false,1,
561196,true,קשיו טבעי 150 גר חממה (15 בקרטון)*,בוטנת בעמ,,,יח,1.50,ל 100 גרם,false,1,12.90,8.60,false,1,
561202,true,גרעין חמניה 200ג חממה (35 בקרטון)*,בוטנת בעמ,,,יח,2,ל 100 גרם,false,1,4.90,2.45,false,1,
561233,true,בוטנים קלוי 200ג חממה (25 בקרטון)*,בוטנת בעמ,,,יח,2,ל 100 גרם,false,1,6.90,3.45,false,1,
561240,true,גרעין דלעת 200ג חממה (25 בקרטון)*,בוטנת בעמ,,,יח,2,ל 100 גרם,false,25,8.90,4.45,false,1,
561363,true,גרעין אבטיח 200ג חממה (25 בקרטון)*,בוטנת בעמ,,,יח,2,ל 100 גרם,false,1,12.90,6.45,false,1,
561561,true,מנצ`יס 200ג חממה (25 בקרטון)*,בוטנת בעמ,,,יח,2,ל 100 גרם,false,25,8.90,4.45,false,1,
561578,true,בוטן אמריקאי 200ג חממה (25 בקרטון)*,בוטנת בעמ,,,יח,2,ל 100 גרם,false,25,4.90,2.45,false,1,
561981,true,אגוז מלך קלוף 200ג חממה (25 בקרטון)*,בוטנת בעמ,,,יח,2,ל 100 גרם,false,25,15.90,7.95,false,1,
571119,true,גבינת גאודה בית יצחק,מחלבות גד שיווק 1992 בעמ,,,ל 100 גרם,10,ל 100 גרם,true,1,115,11.50,false,1,
574035,true,אחיד פרוס עין בר 750,דגנית עין בר תעשיות,,,יח,7.50,ל 100 גרם,false,1,5.90,0.79,false,1,
574066,true,שיפון קל 500 גר,דגנית עין בר תעשיות,,,יח,5,ל 100 גרם,false,1,13.90,2.78,false,1,
574141,true,לחם חיטה מלאה 750 גר ק,דגנית עין בר תעשיות,,,יח,7.50,ל 100 גרם,false,1,13.90,1.85,false,1,
574172,true,"קל מחיטה מלאה דגנית,",דגנית עין בר תעשיות,,,יח,1,,false,1,14.90,14.90,false,1,
574257,true,לחם אחיד פרוס קל 750 גר,דגנית עין בר תעשיות,,,יח,7.50,ל 100 גרם,false,1,14.90,1.99,false,1,
574455,true,לחם חיטה מלאה+כוסמין,דגנית עין בר תעשיות,,,יח,7.50,ל 100 גרם,false,1,14.90,1.99,false,1,
610410,true,כרעיים עוף טרי ארוז חתם סופר,עוף ירושלים שיווק בעמ,,,"לק""ג",1,,true,1,29.90,29.90,true,1,
631424,true,פרגיות עוף טרי,נטו מילנדה סחר בעמ*,,,"לק""ג",1,,true,1,69.90,69.90,true,1,
632322,true,שניצל עוף חלק טרי מחפוד,נטו מלינדה סחר בעמ,,,"לק""ג",1,,true,1,44.90,44.90,true,1,
632391,true,כרעיים עוף עטרה,נטו מלינדה סחר בעמ,,,"לק""ג",1,,true,1,29.90,29.90,false,1,
632599,true,ירכיים עטרה,נטו מלינדה סחר בעמ,,,"לק""ג",10,ל 100 גרם,true,1,29.90,2.99,false,1,
633800,true,כנפיים עוף עטרה,נטו מלינדה סחר בעמ,,,"לק""ג",10,ל 100 גרם,true,1,14.90,1.49,false,1,
644783,true,מנות סלמון ממותג-תנובה,תנובה ענף ב.ע.ד,,,"לק""ג",10,ל 100 גרם,true,1,89.90,8.99,false,1,
646114,true,כנף הודו עטרה,נטו מלינדה סחר בעמ,,,"לק""ג",10,ל 100 גרם,true,1,16.90,1.69,false,1,
652177,true,נתחי פילה נסיכה 100% תנובה,תנובה ענף ב.ע.ד,,,"לק""ג",10,ל 100 גרם,true,1,64.90,6.49,false,1,
655376,true,פילה דניס קפוא תנובה,תנובה ענף ב.ע.ד,,,"לק""ג",10,ל 100 גרם,true,1,79.90,7.99,false,1,
659312,true,פילה סלומון תנובה,תנובה ענף ב.ע.ד,,,"לק""ג",10,ל 100 גרם,true,1,74.90,7.49,false,1,
663036,true,פילה אמנון קפוא ללא עור,תנובה ענף ב.ע.ד,,,"לק""ג",1,,true,1,39.90,39.90,false,1,
666601,true,חיוב פיקדון פלסטיק 1.5,שונים,,,יח,1,,false,1,0.30,0.30,false,1,
666604,true,חיוב פיקדון פלסטיק 1.5 רבעיה,שונים,,,יח,1,,false,1,1.20,1.20,false,1,
666606,true,חיוב פיקדון פלסטיק 1.5 שישיה,שונים,,,יח,1,,false,1,1.80,1.80,false,1,
682281,true,"פתיתים אפויים אורז 10 ק""ג* שיבולים",שיבולים בני דרום אגשח בעמ,,,יח,10,"לק""ג",false,1,100.90,10.09,false,1,
728449,true,פיקניה ב עגלה טרי מחפוד פרימיום,בקר תנובה -שותפות מוגבלת,,,"לק""ג",1,,true,1,165,165,false,1,
728463,true,ראמפ סטייק עגלה טרי מחפוד פרימיו,בקר תנובה -שותפות מוגבלת,,,"לק""ג",1,,true,1,129,129,false,1,
728685,true,אנטריקוט עגלה טרי מחפוד פרימיום,בקר תנובה -שותפות מוגבלת,,,"לק""ג",1,,true,1,210,210,false,1,
750154,true,מארז 6 לחמניות יאמיס,ג`נרל מילס ישראל בעמ,,,יח,1,,false,1,12.90,12.90,false,1,
750987,true,חלה קלועה מתוקה,ג`נרל מילס ישראל בעמ,,,ל 100 גרם,1,,false,1,11.90,11.90,true,1,
763371,true,גבינת שמנת נפוליאון 16% טבעי,תנובה -חלב,,,ל 100 גרם,10,ל 100 גרם,true,1,44.90,4.49,false,1,
827702,true,סינטה עגל מצונן מחפוד,עוף ירושלים שיווק בעמ,,,"לק""ג",1,,true,1,139,139,false,1,
841557,true,סטרילי לשטיפה וח,סטרילי מעבדות בעמ,,,יח,5,"ל 100 מ""ל",false,1,11.90,2.38,false,1,
899321,true,חלה מתוקה קלועה,ג`נרל מילס ישראל בעמ,,,ל 100 גרם,1,,false,1,11.90,11.90,false,1,
907970,true,פסטרמה כפרית ט.צבי,תנובה ענף ב.ע.ד,,,ל 100 גרם,10,ל 100 גרם,true,1,45.90,4.59,false,1,
913551,true,פסטרמה כפרית 400,תנובה ענף ב.ע.ד,,,יח,1,,false,1,22.90,22.90,false,1,
922881,true,אסטוניש ספריי לימון,"יעקב יעקבי ובניו בע""מ",,,יח,6,"ל 100 מ""ל",false,1,21.90,3.65,false,1,
969790,true,פיקניה בקר קפוא מחפוד,עוף ירושלים שיווק בעמ,,,"לק""ג",10,ל 100 גרם,true,1,110,11,false,1,
990148,true,Classic Golden Sugar 1kg jar - Sugat,סוגת תעשיות בעמ,,,יח,1,"לק""ג",false,1,10.90,10.90,false,1,
1121023,true,פסטרמה של פעם יחיעם,מעדני יחיעם (1993) בעמ,,,ל 100 גרם,10,ל 100 גרם,true,1,69,6.90,true,1,
1121054,true,צמד חמד יחיעם,מעדני יחיעם (1993) בעמ,,,יח,8.50,ל 100 גרם,false,1,24.90,2.93,false,1,
1121092,true,פסטרמה עוף בגריל יחיעם,מעדני יחיעם (1993) בעמ,,,ל 100 גרם,10,ל 100 גרם,true,1,69,6.90,true,1,
1121238,true,נקניק קורנדביף,מעדני יחיעם (1993) בעמ,,,יח,1.80,ל 100 גרם,false,1,26.90,14.94,false,1,
1121795,true,נקנקיות חריפות 400 גר,מעדני יחיעם (1993) בעמ,,,יח,4,ל 100 גרם,false,1,10.90,2.73,false,1,
1121849,true,פסטרמה הודו 100% חומרים טבעים,מעדני יחיעם (1993) בעמ,,,ל 100 גרם,1,,false,1,24.90,24.90,false,1,
1121863,true,סלמי איטלקי פיקנטי יחיעם,מעדני יחיעם (1993) בעמ,,,"לק""ג",10,ל 100 גרם,true,1,69,6.90,false,1,
1121931,true,קבנוס מקסיקני דק דק 125 גר`,מעדני יחיעם (1993) בעמ,,,יח,1.25,ל 100 גרם,false,1,14.90,11.92,true,1,
1121979,true,סלמי הרץ 150 ג` יחיעם,מעדני יחיעם (1993) בעמ,,,יח,1.50,ל 100 גרם,false,1,24.90,16.60,false,1,
1123775,true,שווארמה פרגיות טיבון ויל,נטו מילנדה סחר בעמ*,,,יח,5,ל 100 גרם,false,1,26.90,5.38,false,1,
1123782,true,שווארמה הודו ק טיבון ויל 500 גרם,נטו מילנדה סחר בעמ*,,,יח,5,ל 100 גרם,false,1,25.90,5.18,false,1,
1124536,true,מג יק טעם תירס,נטו מילנדה סחר בעמ*,,,יח,0.70,ל 100 גרם,false,1,4.80,6.86,false,1,
1133484,true,פילה סלומון בלדי,בלדי בעמ,,,"לק""ג",10,ל 100 גרם,true,1,79.90,7.99,false,1,
1193402,true,חנוכיה פלסטיק+ צינורית,אשוש חצב בעמ,,,יח,1,,false,1,14.90,14.90,false,1,
1209103,true,עוף טחון עטרה 500 גרם,נטו מלינדה סחר בעמ,,,יח,1,,false,1,11.90,11.90,false,1,
1209189,true,נקניקיות עוף חריפות עטרה 400 גרם,נטו מלינדה סחר בעמ,,,יח,5,ל 100 גרם,false,1,10.90,2.18,true,1,
1209264,true,טחון בקר מובחר,נטו מלינדה סחר בעמ,,,יח,5,ל 100 גרם,false,1,26.90,5.38,false,1,
1209349,true,עוף טרי עטרה,נטו מלינדה סחר בעמ,,,ל 100 גרם,1,,true,1,22.90,22.90,false,1,
1209356,true,כרעיים עוף טרי עטרה,נטו מלינדה סחר בעמ,,,"לק""ג",1,,true,1,32.90,32.90,true,1,
1209387,true,שוקיים עוף טרי עטרה,נטו מלינדה סחר בעמ,,,ל 100 גרם,1,,true,1,34.90,34.90,false,1,
1209394,true,כנפיים עוף טרי עטרה,נטו מלינדה סחר בעמ,,,ל 100 גרם,1,,true,1,16.90,16.90,false,1,
1209431,true,פרגיות עוףעטרה טרי,נטו מלינדה סחר בעמ,,,"לק""ג",1,,true,1,69.90,69.90,false,1,
1209516,true,סטייק עיין בקר עטרה 800 גרם,נטו מלינדה סחר בעמ,,,יח,8,ל 100 גרם,false,1,49.90,6.24,false,1,
1209783,true,*סטייק מיושן עטרה/מחפוד,נטו מלינדה סחר בעמ,,,"לק""ג",1,,true,1,99,99,false,1,
1216057,true,"טחינה 1 ק""ג אל ארז*",סוגת תעשיות בעמ,,,יח,1,"לק""ג",false,1,28.90,28.90,false,1,
1216231,true,טחינה מלאה 500ג אל ארז*,סוגת תעשיות בעמ,,,יח,5,ל 100 גרם,false,1,16.90,3.38,false,1,
1314600,true,Poppy stuffing 400 grm - Maimon`s,א.ל ייצור ושיווק תבלינים בעמ,,,יח,4,ל 100 גרם,false,1,15.90,3.98,true,1,
1314602,true,Apple stuffing 400 grm - Maimon`s,א.ל ייצור ושיווק תבלינים בעמ,,,יח,4,ל 100 גרם,false,1,15.90,3.98,true,1,
1326938,true,ספוג הפלא סנו סושי,החברה הדרומית לשיווק בעמ,,,יח,1,,false,1,10.90,10.90,false,1,
1335086,true,רגל פרוס הקצבים,נתח אדום עוזי ביטון ובניו בעמ,,,"לק""ג",10,ל 100 גרם,true,1,34.90,3.49,false,1,
1461105,true,לחם מחמצת לבן ג`נרל,ג`נרל מילס ישראל בעמ,,,יח,1,,false,1,17.90,17.90,false,1,
1461112,true,לחם מחמצת דגנים,ג`נרל מילס ישראל בעמ,,,יח,8,ל 100 גרם,false,1,17.90,2.24,false,1,
1476208,true,גבינת ברי פקאן נחשון א.ח נוכרי,מחלבות גד שיווק 1992 בעמ,,,ל 100 גרם,10,ל 100 גרם,true,1,128,12.80,false,1,
1482049,true,הבולגריה בקוביות חתם סופר,ג.וילי פוד בעמ,,,ל 100 גרם,10,ל 100 גרם,true,1,74.90,7.49,false,1,
1482490,true,פרמז`נו בסגנון פרמזן מגורד,ג.וילי פוד בעמ,,,ל 100 גרם,10,ל 100 גרם,true,1,99,9.90,false,1,
1482933,true,גבינת אמה טעם גאודה,ג.וילי פוד בעמ,,,ל 100 גרם,10,ל 100 גרם,true,1,67.90,6.79,false,1,
1520588,true,אלמנדוס ש.,קליית חממה א.י 2011 בעמ,,,"לק""ג",10,ל 100 גרם,true,1,29.90,2.99,false,1,
1552025,true,קוסקוס מוכן של אמא מטעמי פאר 800 גרם,מטעמי פאר,,,יח,8,ל 100 גרם,false,1,15.90,1.99,false,1,
1552049,true,קוסקוס מרוקאי סולטנה 800 גרם,מטעמי פאר,,,ל 100 גרם,8,ל 100 גרם,false,1,15.90,1.99,false,1,
1555501,true,בקבוק בירה ק(זיכוי),טמפו משקאות בעמ,,,יח,1,,false,1,1.20,1.20,false,1,
1555502,true,פלס או פחית ק(זיכוי ),שונים,,,יח,1,,false,1,0.30,0.30,false,1,
1567043,true,פסטרמה מעודנת על גחלים יחיעם,מעדני יחיעם (1993) בעמ,,,ל 100 גרם,10,ל 100 גרם,true,1,49,4.90,true,1,
1567142,true,סלמי תה יחיעם,מעדני יחיעם (1993) בעמ,,,ל 100 גרם,10,ל 100 גרם,true,1,45,4.50,true,1,
1594155,true,"קוקה קולה 500 ח""פ",החברה המרכזית להפצת משקאות בע,,,יח,5,"ל 100 מ""ל",false,1,7.90,1.52,false,1,
1594179,true,פאנטה אורנג חצי ליטר,החברה המרכזית להפצת משקאות בע,,,יח,5,"ל 100 מ""ל",false,1,7.90,1.52,false,1,
1594230,true,קינלי סודה קלאסי 250,החברה המרכזית להפצת משקאות בע,,,יח,2.50,"ל 100 מ""ל",false,1,3.60,1.32,true,1,
1594377,true,פריגת תפוזים 500,החברה המרכזית להפצת משקאות בע,,,יח,5,"ל 100 מ""ל",false,1,7.90,1.52,true,1,
1594384,true,פריגת אשכוליות 500,החברה המרכזית להפצת משקאות בע,,,יח,5,"ל 100 מ""ל",false,1,7.90,1.52,true,1,
1594858,true,טורבוג 6בק 330,החברה המרכזית להפצת משקאות בע,,,יח,15,"ל 100 מ""ל",false,1,34.90,2.21,true,1,
1594865,true,"קרלסברג שישייה 330 מ""ל",החברה המרכזית להפצת משקאות בע,,,יח,1.98,לליטר,false,1,34.90,16.72,true,1,
1619001,true,פפריקה מתוקה,נפטון מוצרי מזון 1990 בעמ,,,ל 100 גרם,10,ל 100 גרם,true,1,35,3.50,false,1,
1619002,true,פפריקה טוייסט,קליית חממה א.י 2011 בעמ,,,ל 100 גרם,10,ל 100 גרם,true,1,69,6.90,false,1,
1619003,true,חטיף סויה א.צ,קליית חממה א.י 2011 בעמ,,,ל 100 גרם,10,ל 100 גרם,true,1,89,8.90,false,1,
1619018,true,פפריקה חריפה,נפטון מוצרי מזון 1990 בעמ,,,"לק""ג",10,ל 100 גרם,true,1,33,3.30,false,1,
1619025,true,פפריקה גרוסה,נפטון מוצרי מזון 1990 בעמ,,,"לק""ג",10,ל 100 גרם,true,1,35,3.50,false,1,
1619032,true,מקלות קינמון,נפטון מוצרי מזון 1990 בעמ,,,"לק""ג",10,ל 100 גרם,true,1,59,5.90,false,1,
1619056,true,כמון טחון,נפטון מוצרי מזון 1990 בעמ,,,ל 100 גרם,10,ל 100 גרם,true,1,49,4.90,false,1,
1619070,true,כורכום טחון,נפטון מוצרי מזון 1990 בעמ,,,ל 100 גרם,10,ל 100 גרם,true,1,49,4.90,false,1,
1619087,true,תבלין לעמבה,נפטון מוצרי מזון 1990 בעמ,,,"לק""ג",10,ל 100 גרם,true,1,59,5.90,false,1,
1619094,true,אבקת שום,נפטון מוצרי מזון 1990 בעמ,,,"לק""ג",10,ל 100 גרם,true,1,69,6.90,false,1,
1619100,true,קימל טחון,נפטון מוצרי מזון 1990 בעמ,,,"לק""ג",10,ל 100 גרם,true,1,59,5.90,false,1,
1619117,true,טימין,נפטון מוצרי מזון 1990 בעמ,,,"לק""ג",10,ל 100 גרם,true,1,79,7.90,false,1,
1619124,true,כוסברה טחון,נפטון מוצרי מזון 1990 בעמ,,,"לק""ג",10,ל 100 גרם,true,1,39,3.90,false,1,
1619148,true,פלפל אנגלי שלם,נפטון מוצרי מזון 1990 בעמ,,,"לק""ג",10,ל 100 גרם,true,1,69,6.90,false,1,
1619179,true,תבלין לעוף,נפטון מוצרי מזון 1990 בעמ,,,"לק""ג",10,ל 100 גרם,true,1,59,5.90,false,1,
1619186,true,תבלין/גריל לדגים,נפטון מוצרי מזון 1990 בעמ,,,"לק""ג",10,ל 100 גרם,true,1,59,5.90,false,1,
1619193,true,חוויג למרק/אפיה,נפטון מוצרי מזון 1990 בעמ,,,"לק""ג",10,ל 100 גרם,true,1,59,5.90,false,1,
1619209,true,קארי,נפטון מוצרי מזון 1990 בעמ,,,"לק""ג",10,ל 100 גרם,true,1,59,5.90,false,1,
1619216,true,זנגביל טחון/גרוס,נפטון מוצרי מזון 1990 בעמ,,,"לק""ג",10,ל 100 גרם,true,1,59,5.90,false,1,
1619230,true,שטה טחון,נפטון מוצרי מזון 1990 בעמ,,,"לק""ג",10,ל 100 גרם,true,1,45,4.50,false,1,
1619247,true,שטה שלם,נפטון מוצרי מזון 1990 בעמ,,,"לק""ג",10,ל 100 גרם,true,1,45,4.50,false,1,
1619254,true,מלח לימון,נפטון מוצרי מזון 1990 בעמ,,,"לק""ג",10,ל 100 גרם,true,1,29,2.90,false,1,
1619261,true,פלפל לבן שלם/טחון,נפטון מוצרי מזון 1990 בעמ,,,"לק""ג",10,ל 100 גרם,true,1,119,11.90,false,1,
1619278,true,גרם מסלה,נפטון מוצרי מזון 1990 בעמ,,,"לק""ג",10,ל 100 גרם,true,1,70,7,false,1,
1619285,true,אגוז מוסקט טחון,נפטון מוצרי מזון 1990 בעמ,,,"לק""ג",10,ל 100 גרם,true,1,149,14.90,false,1,
1619292,true,מסלת בשר,נפטון מוצרי מזון 1990 בעמ,,,"לק""ג",10,ל 100 גרם,true,1,69,6.90,false,1,
1619308,true,פלפל שחור טחון,נפטון מוצרי מזון 1990 בעמ,,,"לק""ג",10,ל 100 גרם,true,1,69,6.90,false,1,
1619315,true,פלפל שחור גרוס,נפטון מוצרי מזון 1990 בעמ,,,"לק""ג",10,ל 100 גרם,true,1,69,6.90,false,1,
1619322,true,תבלין לקציצות,נפטון מוצרי מזון 1990 בעמ,,,"לק""ג",10,ל 100 גרם,true,1,69,6.90,false,1,
1619346,true,אורגנו,נפטון מוצרי מזון 1990 בעמ,,,"לק""ג",10,ל 100 גרם,true,1,59,5.90,false,1,
1619353,true,עלי דפנה,נפטון מוצרי מזון 1990 בעמ,,,"לק""ג",10,ל 100 גרם,true,1,69,6.90,false,1,
1619360,true,פטרוזליה עלים,נפטון מוצרי מזון 1990 בעמ,,,"לק""ג",10,ל 100 גרם,true,1,79,7.90,false,1,
1619377,true,סודה לשתיה,נפטון מוצרי מזון 1990 בעמ,,,"לק""ג",10,ל 100 גרם,true,1,11.90,1.19,false,1,
1619391,true,הל טחון,נפטון מוצרי מזון 1990 בעמ,,,"לק""ג",10,ל 100 גרם,true,1,239,23.90,false,1,
1619414,true,בזיליקום,נפטון מוצרי מזון 1990 בעמ,,,"לק""ג",10,ל 100 גרם,true,1,69,6.90,false,1,
1619421,true,שום גבישי,נפטון מוצרי מזון 1990 בעמ,,,"לק""ג",10,ל 100 גרם,true,1,79,7.90,false,1,
1619445,true,רוזמרין,נפטון מוצרי מזון 1990 בעמ,,,"לק""ג",10,ל 100 גרם,true,1,49,4.90,false,1,
1619452,true,בהרט,נפטון מוצרי מזון 1990 בעמ,,,"לק""ג",10,ל 100 גרם,true,1,69,6.90,false,1,
1619469,true,ציפורן שלם,נפטון מוצרי מזון 1990 בעמ,,,"לק""ג",10,ל 100 גרם,true,1,139,13.90,false,1,
1619544,true,תפוח עץ מיובש,שושן (פירות)יבשים בעמ,,,"לק""ג",10,ל 100 גרם,true,1,39.90,3.99,false,1,
1619551,true,שמיר,נפטון מוצרי מזון 1990 בעמ,,,"לק""ג",10,ל 100 גרם,true,1,89,8.90,false,1,
1619568,true,שיני שום,נפטון מוצרי מזון 1990 בעמ,,,"לק""ג",10,ל 100 גרם,true,1,79,7.90,false,1,
1619582,true,חרדל צהוב/שחור,נפטון מוצרי מזון 1990 בעמ,,,"לק""ג",10,ל 100 גרם,true,1,49,4.90,false,1,
1619599,true,תבלין על האש,נפטון מוצרי מזון 1990 בעמ,,,"לק""ג",10,ל 100 גרם,true,1,69,6.90,false,1,
1619605,true,תבלין לפיצה,נפטון מוצרי מזון 1990 בעמ,,,"לק""ג",10,ל 100 גרם,true,1,59,5.90,false,1,
1619636,true,משיה טחון,תבלני בר (ד.ב) בעמ,,,"לק""ג",10,ל 100 גרם,true,1,250,25,false,1,
1619643,true,אניס,נפטון מוצרי מזון 1990 בעמ,,,"לק""ג",10,ל 100 גרם,true,1,79,7.90,false,1,
1619667,true,זעתר ושומשום,נפטון מוצרי מזון 1990 בעמ,,,"לק""ג",10,ל 100 גרם,true,1,59,5.90,false,1,
1619681,true,תבלין לשוארמה,נפטון מוצרי מזון 1990 בעמ,,,"לק""ג",10,ל 100 גרם,true,1,69,6.90,false,1,
1619704,true,גרעיני פשתן,נפטון מוצרי מזון 1990 בעמ,,,"לק""ג",10,ל 100 גרם,true,1,17,1.70,false,1,
1619711,true,בננה טבעית יבש,א.ג.מ סחר מזון בעמ,,,"לק""ג",10,ל 100 גרם,true,1,59.90,5.99,false,1,
1619919,true,קווקר דק,סיגמה גריינס אחזקות 2008 בעמ,,,"לק""ג",10,ל 100 גרם,true,1,8.90,0.89,false,1,
1619964,true,פרג,"א.מ.ס.ש ניהול והשקעות בע,מ",,,"לק""ג",10,ל 100 גרם,true,1,49,4.90,false,1,
1620021,true,קוסקוס בינוני,סיגמה גריינס אחזקות 2008 בעמ,,,"לק""ג",10,ל 100 גרם,true,1,11.90,1.19,false,1,
1620038,true,לימון פרסי כהה,נפטון מוצרי מזון 1990 בעמ,,,"לק""ג",10,ל 100 גרם,true,1,89,8.90,false,1,
1620045,true,צימוק חום תפז*,"עדין בע""מ",,,"לק""ג",10,ל 100 גרם,true,1,25,2.50,false,1,
1620052,true,"צימוק לבן ג`מבו תפז 13.6 ק""ג*",שושן (פירות)יבשים בעמ,,,"לק""ג",10,ל 100 גרם,true,1,39,3.90,false,1,
1620069,true,משמש תפז*,שושן (פירות)יבשים בעמ,,,"לק""ג",10,ל 100 גרם,true,1,49,4.90,false,1,
1620076,true,אננס תפז משקל *.,שושן (פירות)יבשים בעמ,,,"לק""ג",10,ל 100 גרם,true,1,39,3.90,false,1,
1620090,true,תאנים תפז משקל*,שושן (פירות)יבשים בעמ,,,"לק""ג",10,ל 100 גרם,true,1,45,4.50,false,1,
1620113,true,בננה ציפס תפזורת,שושן (פירות)יבשים בעמ,,,"לק""ג",10,ל 100 גרם,true,1,29,2.90,false,1,
1620120,true,אגוזי מלך מקולף*,שושן (פירות)יבשים בעמ,,,ל 100 גרם,10,ל 100 גרם,true,1,55,5.50,false,1,
1620137,true,פקאן מקולף תפזורת*,שושן (פירות)יבשים בעמ,,,"לק""ג",10,ל 100 גרם,true,1,89,8.90,false,1,
1620144,true,שקד מקולף אמרקאי*,שושן (פירות)יבשים בעמ,,,"לק""ג",10,ל 100 גרם,true,1,79,7.90,false,1,
1620168,true,מיקס פירות אורגני,קליית חממה א.י 2011 בעמ,,,"לק""ג",10,ל 100 גרם,true,1,96,9.60,false,1,
1620182,true,בוטנים חצאים ש.,שקרצי בעמ,,,"לק""ג",10,ל 100 גרם,true,1,17,1.70,false,1,
1620199,true,בונדוק מקולף תפז*,"עדין בע""מ",,,"לק""ג",10,ל 100 גרם,true,1,85,8.50,false,1,
1620205,true,קשיו טבעי תפז*,יוסף לוי-עסקי מזון בעמ,,,"לק""ג",10,ל 100 גרם,true,1,75,7.50,false,1,
1620212,true,צנובר במשקל,"עדין בע""מ",,,"לק""ג",10,ל 100 גרם,true,1,189,18.90,false,1,
1620229,true,חמניות מקולף *,שקרצי בעמ,,,"לק""ג",10,ל 100 גרם,true,1,25,2.50,false,1,
1620236,true,פיסטוק מקולף תפז*,"עדין בע""מ",,,"לק""ג",10,ל 100 גרם,true,1,129,12.90,false,1,
1620243,true,שקד מולבן,"עדין בע""מ",,,"לק""ג",10,ל 100 גרם,true,1,79,7.90,false,1,
1620250,true,שומשום לבן ש.,סיגמה גריינס אחזקות 2008 בעמ,,,"לק""ג",10,ל 100 גרם,true,1,25,2.50,false,1,
1620267,true,שומשום חום ש.,נפטון מוצרי מזון 1990 בעמ,,,"לק""ג",10,ל 100 גרם,true,1,30,3,false,1,
1620274,true,קוקוס ש.,סיגמה גריינס אחזקות 2008 בעמ,,,"לק""ג",10,ל 100 גרם,true,1,26.90,2.69,false,1,
1620298,true,גרעני אבטיח ש.,א.ג.מ סחר מזון בעמ,,,"לק""ג",10,ל 100 גרם,true,1,33,3.30,false,1,
1620304,true,שעועית אמרקאי ש.,א.ג.מ סחר מזון בעמ,,,"לק""ג",10,ל 100 גרם,true,1,17.90,1.79,false,1,
1620311,true,שעועית ארגנטינאית,סיגמה גריינס אחזקות 2008 בעמ,,,"לק""ג",10,ל 100 גרם,true,1,17.90,1.79,false,1,
1620328,true,שעועית אדומה ש.,סיגמה גריינס אחזקות 2008 בעמ,,,"לק""ג",10,ל 100 גרם,true,1,15.90,1.59,false,1,
1620335,true,שעועית לוביה,א.ג.מ סחר מזון בעמ,,,"לק""ג",10,ל 100 גרם,true,1,15.90,1.59,false,1,
1620366,true,חומוס הדס,סיגמה גריינס אחזקות 2008 בעמ,,,"לק""ג",10,ל 100 גרם,true,1,11,1.10,false,1,
1620373,true,חומוס ספרדי ש.,סיגמה גריינס אחזקות 2008 בעמ,,,"לק""ג",10,ל 100 גרם,true,1,19.90,1.99,false,1,
1620380,true,חיטה,א.ג.מ סחר מזון בעמ,,,ל 100 גרם,10,ל 100 גרם,true,1,7,0.70,false,1,
1620397,true,פול יבש גדול ש.,סיגמה גריינס אחזקות 2008 בעמ,,,"לק""ג",10,ל 100 גרם,true,1,16.90,1.69,false,1,
1620410,true,אפונה ירוקה חצאים,א.ג.מ סחר מזון בעמ,,,"לק""ג",10,ל 100 גרם,true,1,9.90,0.99,false,1,
1620427,true,גריסים ש.,א.ג.מ סחר מזון בעמ,,,"לק""ג",10,ל 100 גרם,true,1,7,0.70,false,1,
1620434,true,עדשים ירוקים ש.,א.ג.מ סחר מזון בעמ,,,"לק""ג",10,ל 100 גרם,true,1,10,1,false,1,
1620441,true,עדשים אדום ש.,סיגמה גריינס אחזקות 2008 בעמ,,,"לק""ג",10,ל 100 גרם,true,1,15,1.50,false,1,
1620458,true,תירס ש.,א.ג.מ סחר מזון בעמ,,,"לק""ג",10,ל 100 גרם,true,1,9,0.90,false,1,
1620465,true,תירס שבור ש.,א.ג.מ סחר מזון בעמ,,,"לק""ג",10,ל 100 גרם,true,1,8,0.80,false,1,
1620472,true,חמניה במלח קלוי,קליית חממה א.י 2011 בעמ,,,ל 100 גרם,10,ל 100 גרם,true,1,27,2.70,false,1,
1620489,true,תערובת לאורז מרקש.,נפטון מוצרי מזון 1990 בעמ,,,"לק""ג",10,ל 100 גרם,true,1,79,7.90,false,1,
1620502,true,גרעיני אבטיח קלוי,קליית חממה א.י 2011 בעמ,,,ל 100 גרם,10,ל 100 גרם,true,1,59,5.90,false,1,
1620519,true,גרעיני דלעת קלוי,קליית חממה א.י 2011 בעמ,,,"לק""ג",10,ל 100 גרם,true,1,49,4.90,false,1,
1620526,true,"קשיו ג`מבו (10 ק""ג)*",קליית חממה א.י 2011 בעמ,,,"לק""ג",10,ל 100 גרם,true,1,89,8.90,false,1,
1620533,true,שקד אמריקאי קלוי,קליית חממה א.י 2011 בעמ,,,"לק""ג",10,ל 100 גרם,true,1,89,8.90,false,1,
1620540,true,פיסטוק חלבי,קליית חממה א.י 2011 בעמ,,,"לק""ג",10,ל 100 גרם,true,1,89,8.90,false,1,
1620557,true,אגוז מלך טחון,שקרצי בעמ,,,"לק""ג",10,ל 100 גרם,true,1,59,5.90,false,1,
1620564,true,בוטנים ענק קלוי,קליית חממה א.י 2011 בעמ,,,"לק""ג",10,ל 100 גרם,true,1,39,3.90,false,1,
1620588,true,אלמנדוס,שקרצי בעמ,,,ל 100 גרם,10,ל 100 גרם,true,1,39,3.90,false,1,
1620595,true,פול ענק מטוגן,קליית חממה א.י 2011 בעמ,,,"לק""ג",10,ל 100 גרם,true,1,45,4.50,false,1,
1620618,true,רבונדוק קלוי,קליית חממה א.י 2011 בעמ,,,"לק""ג",10,ל 100 גרם,true,1,79,7.90,false,1,
1620649,true,פקאן מסוכר*,מדגן בעמ,,,"לק""ג",10,ל 100 גרם,true,1,90,9,false,1,
1620656,true,שקדים מסוכרים,קליית חממה א.י 2011 בעמ,,,"לק""ג",10,ל 100 גרם,true,1,99,9.90,false,1,
1620663,true,בוטנים מסוכרים,קליית חממה א.י 2011 בעמ,,,"לק""ג",10,ל 100 גרם,true,1,39,3.90,false,1,
1620670,true,קשיו מסוכר,קליית חממה א.י 2011 בעמ,,,"לק""ג",10,ל 100 גרם,true,1,109,10.90,false,1,
1620700,true,תבלין למעורב ירושלמי,נפטון מוצרי מזון 1990 בעמ,,,"לק""ג",10,ל 100 גרם,true,1,59,5.90,false,1,
1620717,true,תירס מטוגן.,סיגמה גריינס אחזקות 2008 בעמ,,,"לק""ג",10,ל 100 גרם,true,1,49,4.90,false,1,
1620724,true,בוטנים אמרקאי,שקרצי בעמ,,,"לק""ג",10,ל 100 גרם,true,1,30,3,false,1,
1620731,true,קבוקים,שקרצי בעמ,,,ל 100 גרם,10,ל 100 גרם,true,1,29.90,2.99,false,1,
1620748,true,מיקס תאילנדי,קליית חממה א.י 2011 בעמ,,,"לק""ג",10,ל 100 גרם,true,1,70,7,false,1,
1620755,true,שקד בקליפה,קליית חממה א.י 2011 בעמ,,,"לק""ג",10,ל 100 גרם,true,1,65,6.50,false,1,
1620762,true,בוטנים בקליפה קלוי,קליית חממה א.י 2011 בעמ,,,"לק""ג",10,ל 100 גרם,true,1,24,2.40,false,1,
1620779,true,שבבי בוטנים*,שקרצי בעמ,,,"לק""ג",10,ל 100 גרם,true,1,32,3.20,false,1,
1620793,true,פקאן בקליפה,קליית חממה א.י 2011 בעמ,,,"לק""ג",10,ל 100 גרם,true,1,89,8.90,false,1,
1620816,true,גרעיני דלעת מקולף*,"עדין בע""מ",,,"לק""ג",10,ל 100 גרם,true,1,50,5,false,1,
1620823,true,שעועית בובס ש.,סיגמה גריינס אחזקות 2008 בעמ,,,"לק""ג",10,ל 100 גרם,true,1,18.90,1.89,false,1,
1620854,true,תערובת טוסקנה,נפטון מוצרי מזון 1990 בעמ,,,"לק""ג",10,ל 100 גרם,true,1,79,7.90,false,1,
1620861,true,רביולי קלוי,קליית חממה א.י 2011 בעמ,,,"לק""ג",10,ל 100 גרם,true,1,69,6.90,false,1,
1620878,true,אפונה קלויה,קליית חממה א.י 2011 בעמ,,,"לק""ג",10,ל 100 גרם,true,1,40,4,false,1,
1620908,true,צ ימיצ ורי,נפטון מוצרי מזון 1990 בעמ,,,"לק""ג",10,ל 100 גרם,true,1,79,7.90,false,1,
1620915,true,סוכריות תפז ש,אליאס וקסמן בע,,,"לק""ג",10,ל 100 גרם,true,1,19.90,1.99,false,1,
1620991,true,קינוואה,א.ג.מ סחר מזון בעמ,,,"לק""ג",10,ל 100 גרם,true,1,25,2.50,false,1,
1621172,true,אננס טבעי תפזורת*,"עדין בע""מ",,,"לק""ג",10,ל 100 גרם,true,1,69,6.90,false,1,
1621257,true,חטיפים מתוקים,טופ מתוק ו.ק בעמ,,,"לק""ג",10,ל 100 גרם,true,1,29,2.90,false,1,
1621288,true,שטה גרוס צ לי,נפטון מוצרי מזון 1990 בעמ,,,"לק""ג",10,ל 100 גרם,true,1,45,4.50,false,1,
1621301,true,כוסברה עלים,נפטון מוצרי מזון 1990 בעמ,,,"לק""ג",10,ל 100 גרם,true,1,99,9.90,false,1,
1621318,true,בורגול עבה,סיגמה גריינס אחזקות 2008 בעמ,,,"לק""ג",10,ל 100 גרם,true,1,9,0.90,false,1,
1621325,true,שומשום שחור.,א.ג.מ סחר מזון בעמ,,,"לק""ג",10,ל 100 גרם,true,1,49,4.90,false,1,
1621349,true,בוטנים מקולף טבעי חצוי,שקרצי בעמ,,,"לק""ג",10,ל 100 גרם,true,1,27,2.70,false,1,
1621370,true,מנצ ס קלוי,קליית חממה א.י 2011 בעמ,,,"לק""ג",10,ל 100 גרם,true,1,59,5.90,false,1,
1621424,true,קוואקר עבה,חממה מאיר סחר {1996} בעמ,,,"לק""ג",1,,true,1,8.90,8.90,false,1,
1621615,true,פקאן מקולף קלוי,קליית חממה א.י 2011 בעמ,,,"לק""ג",10,"לק""ג",true,1,109,10.90,false,1,
1621622,true,מקדמיה מסוכר,קליית חממה א.י 2011 בעמ,,,"לק""ג",10,ל 100 גרם,true,1,139,13.90,false,1,
1621677,true,אגוז ברזיל תפזורת *,"עדין בע""מ",,,"לק""ג",10,ל 100 גרם,true,1,89,8.90,false,1,
1621707,true,חמוציות ללא סוכר*,"עדין בע""מ",,,"לק""ג",10,ל 100 גרם,true,1,59,5.90,false,1,
1621745,true,מיסי קראנץ,קליית חממה א.י 2011 בעמ,,,"לק""ג",10,ל 100 גרם,true,1,69,6.90,false,1,
1621752,true,פילדלפיה גריל אמרקאי,נפטון מוצרי מזון 1990 בעמ,,,"לק""ג",10,ל 100 גרם,true,1,59,5.90,false,1,
1621837,true,קצח,נפטון מוצרי מזון 1990 בעמ,,,"לק""ג",10,ל 100 גרם,true,1,59,5.90,false,1,
1621851,true,גוצי ברי,א.ג.מ סחר מזון בעמ,,,"לק""ג",10,ל 100 גרם,true,1,89,8.90,false,1,
1621936,true,קורקנט בוטנים,שקרצי בעמ,,,"לק""ג",10,ל 100 גרם,true,1,39,3.90,false,1,
1622004,true,משמש טבעי מיובש,"עדין בע""מ",,,"לק""ג",10,ל 100 גרם,true,1,39,3.90,false,1,
1622018,true,סוכריות גומי משקל,אליאס וקסמן בע,,,ל 100 גרם,10,ל 100 גרם,true,1,35.90,3.59,false,1,
1622032,true,סוכריות גומי במשקל,טופ סוויט בעמ,,,"לק""ג",10,ל 100 גרם,true,1,36,3.60,false,1,
1622049,true,קורקנט לוז,שקרצי בעמ,,,"לק""ג",10,ל 100 גרם,true,1,69,6.90,false,1,
1622087,true,קוקוס פרוס,חממה מאיר סחר {1996} בעמ,,,"לק""ג",10,ל 100 גרם,true,1,49.90,4.99,false,1,
1622155,true,ריזוטו קלוי,קליית חממה א.י 2011 בעמ,,,"לק""ג",10,ל 100 גרם,true,1,69,6.90,false,1,
1622186,true,"שוקולדים מובחרים בד""ץ",ק.א שוקולד בעמ,,,"לק""ג",10,ל 100 גרם,true,1,69,6.90,false,1,
1622223,true,תבלין לחמין,נפטון מוצרי מזון 1990 בעמ,,,"לק""ג",10,ל 100 גרם,true,1,59,5.90,false,1,
1622300,true,פלפל חריף אדום יבש,עמוס אזרד,,,"לק""ג",10,ל 100 גרם,true,1,36,3.60,false,1,
1622301,true,בוטנים טבעי,שונים,,,"לק""ג",10,ל 100 גרם,true,1,27,2.70,false,1,
1622304,true,פול מקולף מטוגן,קליית חממה א.י 2011 בעמ,,,ל 100 גרם,10,ל 100 גרם,true,1,45,4.50,false,1,
1622305,true,פיסטוק קטן,קליית חממה א.י 2011 בעמ,,,"לק""ג",10,ל 100 גרם,true,1,89,8.90,false,1,
1622307,true,פקאן פררו,קליית חממה א.י 2011 בעמ,,,"לק""ג",10,ל 100 גרם,true,1,90,9,false,1,
1622308,true,בצל מטוגן,נפטון מוצרי מזון 1990 בעמ,,,"לק""ג",10,ל 100 גרם,true,1,79,7.90,false,1,
1622309,true,פקאן חלבה,קליית חממה א.י 2011 בעמ,,,"לק""ג",10,ל 100 גרם,true,1,90,9,false,1,
1622311,true,שקד חצוי,"עדין בע""מ",,,"לק""ג",10,ל 100 גרם,true,1,79,7.90,false,1,
1622313,true,בוטנים גרוסים קלויים,"עדין בע""מ",,,"לק""ג",10,ל 100 גרם,true,1,32,3.20,false,1,
1622316,true,תבלין שום שמיר לדגים,נפטון מוצרי מזון 1990 בעמ,,,"לק""ג",10,ל 100 גרם,true,1,59,5.90,false,1,
1622317,true,חילבה טחון,נפטון מוצרי מזון 1990 בעמ,,,"לק""ג",10,ל 100 גרם,true,1,25,2.50,false,1,
1622318,true,פלפל אנגלי טחון,נפטון מוצרי מזון 1990 בעמ,,,"לק""ג",10,ל 100 גרם,true,1,69,6.90,false,1,
1622319,true,קימל שלם,נפטון מוצרי מזון 1990 בעמ,,,"לק""ג",10,ל 100 גרם,true,1,59,5.90,false,1,
1622320,true,כוסברה הודי שלם,נפטון מוצרי מזון 1990 בעמ,,,"לק""ג",10,ל 100 גרם,true,1,39,3.90,false,1,
1622321,true,הל שלם,נפטון מוצרי מזון 1990 בעמ,,,"לק""ג",10,ל 100 גרם,true,1,259,25.90,false,1,
1622322,true,קוקוס קלוי,נפטון מוצרי מזון 1990 בעמ,,,"לק""ג",10,ל 100 גרם,true,1,89,8.90,false,1,
1622323,true,שומר שלם,נפטון מוצרי מזון 1990 בעמ,,,"לק""ג",10,ל 100 גרם,true,1,49,4.90,false,1,
1622324,true,אגוז מוסקט שלם,נפטון מוצרי מזון 1990 בעמ,,,"לק""ג",10,ל 100 גרם,true,1,149,14.90,false,1,
1622325,true,ציפורן טחון,נפטון מוצרי מזון 1990 בעמ,,,"לק""ג",10,ל 100 גרם,true,1,139,13.90,false,1,
1622326,true,כמון שלם,נפטון מוצרי מזון 1990 בעמ,,,ל 100 גרם,10,ל 100 גרם,true,1,49,4.90,false,1,
1622327,true,פלפל שחור שלם,נפטון מוצרי מזון 1990 בעמ,,,ל 100 גרם,10,ל 100 גרם,true,1,69,6.90,false,1,
1622330,true,קינמון טחון,נפטון מוצרי מזון 1990 בעמ,,,ל 100 גרם,10,ל 100 גרם,true,1,59,5.90,false,1,
1622333,true,תערובת לאורז פרסי,נפטון מוצרי מזון 1990 בעמ,,,ל 100 גרם,10,ל 100 גרם,true,1,79,7.90,false,1,
1622334,true,מונטריאול על האש,נפטון מוצרי מזון 1990 בעמ,,,ל 100 גרם,10,ל 100 גרם,true,1,69,6.90,false,1,
1622335,true,תבלין דג מבושל,תבלני בר (ד.ב) בעמ,,,"לק""ג",10,ל 100 גרם,true,1,59,5.90,false,1,
1622346,true,מלח ים אטלנטי,נפטון מוצרי מזון 1990 בעמ,,,"לק""ג",10,ל 100 גרם,true,1,59,5.90,false,1,
1622353,true,זנגביל מסוכר תפז*,שושן (פירות)יבשים בעמ,,,"לק""ג",10,ל 100 גרם,true,1,49,4.90,false,1,
1622360,true,מקדמיה טבעי,א.ג.מ סחר מזון בעמ,,,"לק""ג",10,ל 100 גרם,true,1,129,12.90,false,1,
1622513,true,צילי מתוק,נפטון מוצרי מזון 1990 בעמ,,,"לק""ג",10,ל 100 גרם,true,1,49,4.90,false,1,
1622568,true,פלפל ארבע עונות שלם,נפטון מוצרי מזון 1990 בעמ,,,"לק""ג",10,ל 100 גרם,true,1,149,14.90,false,1,
1622575,true,פפריקה מעושנת,נפטון מוצרי מזון 1990 בעמ,,,"לק""ג",10,ל 100 גרם,true,1,49,4.90,false,1,
1622605,true,זרעי צי`ה,א.ג.מ סחר מזון בעמ,,,"לק""ג",10,ל 100 גרם,true,1,39,3.90,false,1,
1622629,true,חמוציות תפז משקל*,שושן (פירות)יבשים בעמ,,,ל 100 גרם,10,ל 100 גרם,true,1,35,3.50,false,1,
1622698,true,עדשים שחור,נפטון מוצרי מזון 1990 בעמ,,,"לק""ג",10,ל 100 גרם,true,1,14,1.40,false,1,
1622728,true,פלפל ארבע עונות גרוס,תבליני מימון בעמ,,,"לק""ג",1,,true,1,99,99,false,1,
1622742,true,תערובת ירוקה לסלט,נפטון מוצרי מזון 1990 בעמ,,,"לק""ג",10,ל 100 גרם,true,1,79,7.90,false,1,
1622759,true,מקדמיה תפז,קליית חממה א.י 2011 בעמ,,,"לק""ג",10,ל 100 גרם,true,1,169,16.90,false,1,
1622803,true,חמניות ארוך ענק,א.ג.מ סחר מזון בעמ,,,"לק""ג",10,ל 100 גרם,true,1,18,1.80,false,1,
1622858,true,בונדוק בקליפה ש.,א.ג.מ סחר מזון בעמ,,,"לק""ג",10,ל 100 גרם,true,1,39.90,3.99,false,1,
1622865,true,תיבולים לשניצל,נפטון מוצרי מזון 1990 בעמ,,,"לק""ג",10,ל 100 גרם,true,1,19,1.90,false,1,
1622889,true,פלפל מתוק אדום יבש,עמוס אזרד,,,"לק""ג",10,ל 100 גרם,true,1,36,3.60,false,1,
1622902,true,חמניה אמרקאי קצר,סיגמה גריינס אחזקות 2008 בעמ,,,"לק""ג",10,ל 100 גרם,true,1,13,1.30,false,1,
1622940,true,שקד בקליפה תפזורת במשקל*,שושן (פירות)יבשים בעמ,,,ל 100 גרם,10,ל 100 גרם,true,1,49,4.90,false,1,
1622957,true,תמר דקל נור תפז*.,שושן (פירות)יבשים בעמ,,,"לק""ג",10,ל 100 גרם,true,1,23.90,2.39,false,1,
1622971,true,תמר מג`הול תפז*,שושן (פירות)יבשים בעמ,,,"לק""ג",10,ל 100 גרם,true,1,39.90,3.99,false,1,
1622995,true,שזיף תפז בלי חרצן*,שושן (פירות)יבשים בעמ,,,ל 100 גרם,10,ל 100 גרם,true,1,45,4.50,false,1,
1696620,true,מיקס פיצוחים 350ג חממה (17 בקרטון)*,בוטנת בעמ,,,יח,3.50,ל 100 גרם,false,1,9.90,2.83,false,1,
1696767,true,בוטן בקליפה קלוי 200ג חממה (35 בקרטון),בוטנת בעמ,,,יח,2,ל 100 גרם,false,35,4.90,2.45,false,1,
1713907,true,אקונומיקה ג`ל BLANCO 4 ל` מוריץ*,קומפלקס בעמ,,,יח,1,,false,1,10.90,10.90,false,1,
1713921,true,אקונומיקה מבושמת 4 ליטר מוריץ*,קומפלקס בעמ,,,יח,40,"ל 100 מ""ל",false,1,8.90,0.22,false,1,
1723333,true,מוצץ סיליקון אורטו,אינטרסן )1996(בעמ,,,יח,1,,false,1,19.90,19.90,false,1,
1723340,true,מוצץ סיליקון אורט,אינטרסן )1996(בעמ,,,יח,1,,false,1,19.90,19.90,false,1,
1723357,true,מוצץ סיליקון אורט,אינטרסן )1996(בעמ,,,יח,1,,false,1,19.90,19.90,false,1,
1723494,true,פיטמה סיליקון רחבה זוג,אינטרסן )1996(בעמ,,,יח,1,,false,1,14.90,14.90,false,1,
1737477,true,.סטיק עין טרי ע.מ,עוף ירושלים שיווק בעמ,,,"לק""ג",10,ל 100 גרם,true,1,139,13.90,false,1,
1842867,true,מארז רגליים פרוס קפוא,בקר תנובה -שותפות מוגבלת,,,"לק""ג",10,ל 100 גרם,true,1,41.90,4.19,false,1,
1855119,true,שמן סויה 16 ליטר אופיר*,שלי בר שיווק והפצה 2020 בעמ,,,יח,16,לליטר,false,1,182.90,11.43,false,1,
1893012,true,דג סלמון נתחים ואקום מאסטר פוד,מאסטרפוד בעמ,,,"לק""ג",10,ל 100 גרם,true,1,79.90,7.99,false,1,
1897409,true,"שומשום תפז 1ק""ג ט. קומה*","קליית שמש בע""מ",,,ל 100 גרם,1,,true,1,19.90,19.90,false,1,
1901663,true,געפילטע פיש 4יח ללא סוכר*,מ.ב.גלאט עוף למהדרין בעמ,,,יח,3.50,ל 100 גרם,false,1,19.90,5.69,false,1,
1917527,true,פדיות קוסמטיות,"דנשר (1963) בע,מ",,,יח,1,,false,1,18.90,18.90,false,1,
1973332,true,מגבונים לפנים ק. מ,"פישר תעשיות פרמצביטות בע""מ",,,יח,1,,false,1,9.20,9.20,false,1,
2002857,true,מגע משי נייר הדבש,"דנשר (1963) בע,מ",,,יח,1,,false,1,17.90,17.90,false,1,
2013006,true,פסטרמה מקסיקנית זוגלובק,זוגלובק שיווק בעמ,,,ל 100 גרם,10,ל 100 גרם,true,1,79.90,7.99,true,1,
2013037,true,פסטרמה פרגיות על לבנים זוגלובק,זוגלובק שיווק בעמ,,,ל 100 גרם,10,ל 100 גרם,true,1,79.90,7.99,true,1,
2013174,true,פסטרמה של פעם זוגלובק,זוגלובק שיווק בעמ,,,ל 100 גרם,10,ל 100 גרם,true,1,79.90,7.99,true,1,
2015154,true,Cucumbers in brine 7-9 a2 20%+,קבוצת יבנה מוצרי מזון,,,יח,5.60,ל 100 גרם,false,1,5.90,1.05,false,1,
2015321,true,green olives 15-17 a2,קבוצת יבנה מוצרי מזון,,,יח,5.60,ל 100 גרם,false,1,6.50,1.16,false,1,
2024125,true,כרוב אדום,סלטי שמיר 2006 בעמ,,,ל 100 גרם,10,ל 100 גרם,true,1,21.90,2.19,false,1,
2024132,true,כרוב לבן,סלטי שמיר 2006 בעמ,,,ל 100 גרם,10,ל 100 גרם,true,1,16.90,1.69,false,1,
2065616,true,לחם שיפון גרעינים,שלמה א.אנג ל בעמ,,,יח,7.50,ל 100 גרם,false,1,13.90,1.85,false,1,
2065623,true,לחם שיפון כפרי,שלמה א.אנג ל בעמ,,,יח,7.50,ל 100 גרם,false,1,13.90,1.85,false,1,
2077268,true,מיני קציצות דג לבישול דלידג,נטו מילנדה סחר בעמ*,,,יח,5,ל 100 גרם,false,1,21.90,4.38,false,1,
2077725,true,סלמון נוררוגי מצונן 100 גר`,נטו מילנדה סחר בעמ*,,,יח,1,ל 100 גרם,false,1,19.90,19.90,false,1,
2105183,true,מס `5מחפוד לא מעובד ק,עוף ירושלים שיווק בעמ,,,"לק""ג",10,ל 100 גרם,true,1,99.90,9.99,false,1,
2105220,true,בשר מס`8 מחפוד קפוא,עוף ירושלים שיווק בעמ,,,"לק""ג",10,ל 100 גרם,true,1,59.90,5.99,false,1,
2105312,true,בשר מס` 8 K מחפוד,עוף ירושלים שיווק בעמ,,,"לק""ג",10,ל 100 גרם,true,1,59.90,5.99,false,1,
2105398,true,כתף עגל מיושן מצונן,עוף ירושלים שיווק בעמ,,,"לק""ג",10,ל 100 גרם,true,1,74.90,7.49,false,1,
2105442,true,בשר ראש בקר מחפוד,עוף ירושלים שיווק בעמ,,,"לק""ג",10,ל 100 גרם,true,1,99.90,9.99,false,1,
2105503,true,המבורגר מזרחי מחפוד 500 גרם,עוף ירושלים שיווק בעמ,,,יח,5,"ל 100 מ""ל",false,1,18.90,3.78,true,1,
2105510,true,קבב מזרחי 500 מחפוד,עוף ירושלים שיווק בעמ,,,יח,5,"ל 100 מ""ל",false,1,18.90,3.78,true,1,
2105565,true,טחון הודו 500 מחפוד,עוף ירושלים שיווק בעמ,,,יח,5,ל 100 גרם,false,1,12.90,2.58,true,1,
2105671,true,טחון עוף 500 גר`,עוף ירושלים שיווק בעמ,,,יח,5,ל 100 גרם,false,1,12.90,2.58,false,1,
2105756,true,"טחון בקר 1 ק""ג מחפוד",עוף ירושלים שיווק בעמ,,,יח,10,ל 100 גרם,false,1,34.90,3.49,false,1,
2105817,true,עצמות עגל פרוס ארוז,עוף ירושלים שיווק בעמ,,,"לק""ג",1,,true,1,19.90,19.90,false,1,
2107101,true,ברינזה מעודנת,החברה המרכזית טלהפצת משקאות בע,,,"לק""ג",1,,true,1,57.90,57.90,false,1,
2109488,true,קבב אמיתי 100% טיבון ויל,נטו מילנדה סחר בעמ*,,,יח,4.40,ל 100 גרם,false,1,17.90,4.07,true,1,
2129462,true,פיצה מרגריטה דקה זוג שלושת האופים,נטו מילנדה סחר בעמ*,,,יח,6.40,ל 100 גרם,false,1,24.90,3.89,true,1,
2129479,true,פיצה איטלקית דקה שלושת האופים 320 גרם,נטו מילנדה סחר בעמ*,,,יח,3.20,ל 100 גרם,false,1,13.90,4.34,true,1,
2129486,true,פיצה איטלקית דקה שלושת האופים,נטו מילנדה סחר בעמ*,,,יח,3.40,ל 100 גרם,false,1,14.90,4.38,true,1,
2139225,true,סטיק סינטה עגל טרי חלק מחפוד,נטו מלינדה סחר בעמ,,,"לק""ג",1,,true,1,139,139,false,1,
2153887,true,אובלטים קימל 300 ג *,אם החיטה בעמ,,,יח,3,ל 100 גרם,false,1,7.90,2.63,false,1,
2198048,true,פסטרמה הודו בתיבול שווארמה,זוגלובק שיווק בעמ,,,ל 100 גרם,10,ל 100 גרם,true,1,79.90,7.99,true,1,
2198062,true,איטלקי מעושן זוגלובק,זוגלובק שיווק בעמ,,,ל 100 גרם,10,"לק""ג",true,1,78.90,7.89,true,1,
2198093,true,פסטרמה הודו מיקס פלפלים,זוגלובק שיווק בעמ,,,ל 100 גרם,10,ל 100 גרם,true,1,79.90,7.99,false,1,
2198109,true,צלעות אסדו מעושנות מעדניה,זוגלובק שיווק בעמ,,,ל 100 גרם,10,ל 100 גרם,true,1,139,13.90,false,1,
2225973,true,גרונות הודו טרי ארוז מחפוד,עוף ירושלים שיווק בעמ,,,"לק""ג",1,,true,1,36.90,36.90,false,1,
2239185,true,800 Pea expired - Pry Galilee,ויטה-פרי גליל (החדשה) בעמ,,,יח,8,ל 100 גרם,false,1,9.90,1.24,false,1,
2239215,true,Peas and carrots 800 expired - Pry Galil,ויטה-פרי גליל (החדשה) בעמ,,,יח,5,ל 100 גרם,false,1,9.90,1.98,false,1,
2239277,true,C .gmdi 800 expired - Pry Galilee,ויטה-פרי גליל (החדשה) בעמ,,,יח,8,ל 100 גרם,false,1,8.90,1.11,false,1,
2239307,true,800 Yellow hours expired - Pry Galilee,ויטה-פרי גליל (החדשה) בעמ,,,יח,8,ל 100 גרם,false,1,9.90,1.24,false,1,
2239369,true,Complete 800 hours expired - Pry Galilee,ויטה-פרי גליל (החדשה) בעמ,,,יח,8,ל 100 גרם,false,1,9.90,1.24,false,1,
2239420,true,Corn 800 expired - Pry Galilee,ויטה-פרי גליל (החדשה) בעמ,,,יח,8,ל 100 גרם,false,1,9.90,1.24,false,1,
2253006,true,שום כתוש טרי*דורות,קבוצת אוסם סחר שותפות מוגבלת,,,יח,2,ל 100 גרם,false,1,15.90,7.95,false,1,
2253105,true,קוביות שום דורות,קבוצת אוסם סחר שותפות מוגבלת,,,יח,0.80,ל 100 גרם,false,1,12.90,16.13,false,1,
2253198,true,ג`ינג`ר כתוש דורות 70 גרם.,קבוצת אוסם סחר שותפות מוגבלת,,,יח,0.90,ל 100 גרם,false,1,11.90,13.22,false,1,
2255031,true,סיגרים בשר חטיפון,חטיפי אלקיים בעמ,,,יח,8,ל 100 גרם,false,1,21.90,2.74,false,1,
2255086,true,"קובה שפיץ בד""צ",חטיפי אלקיים בעמ,,,יח,1,"לק""ג",false,1,21.90,21.90,false,1,
2255116,true,קרפלך במילוי בשר,חטיפי אלקיים בעמ,,,יח,8,ל 100 גרם,false,1,22.90,2.86,false,1,
2255130,true,"סיגר תפו""א 800",חטיפי אלקיים בעמ,,,יח,8,ל 100 גרם,false,1,18.90,2.36,false,1,
2255215,true,עלים לסיגרים 500,חטיפי אלקיים בעמ,,,יח,5,ל 100 גרם,false,1,10.90,2.18,false,1,
2255475,true,"פסטל במילוי בשר בד""צ",חטיפי אלקיים בעמ,,,יח,8,ל 100 גרם,false,1,22.90,2.86,false,1,
2277248,true,מון בלאן זעתר 120,נטו מילנדה סחר בעמ*,,,יח,1.20,ל 100 גרם,false,1,9.90,8.25,false,1,
2277422,true,ריבועי בצק עלים מרודד שלושת האופים 700,נטו מילנדה סחר בעמ*,,,יח,7,ל 100 גרם,false,1,19.90,2.84,true,1,
2278528,true,כרית שבת כלין 2 יח*,פלסטו פוליש (ברקן)בעמ,,,יח,2,יח,false,1,7.90,3.95,true,1,
2285052,true,סינטה עגל מיושן עטרה,נטו מלינדה סחר בעמ,,,"לק""ג",1,,true,1,99.90,99.90,false,1,
2285069,true,קבב חריף 500 עטרה,נטו מלינדה סחר בעמ,,,יח,5,ל 100 גרם,false,1,19.90,3.98,true,1,
2285816,true,שניצל פרימיום טרי ארוז עטרה,נטו מלינדה סחר בעמ,,,"לק""ג",1,,true,1,44.90,44.90,false,1,
2292159,true,בורגר אנגוס 700 גר`עטרה,נטו מלינדה סחר בעמ,,,יח,7,ל 100 גרם,false,1,35.90,5.13,false,1,
2292173,true,שיפודי קבב 700 גר`עטרה,נטו מלינדה סחר בעמ,,,יח,7,ל 100 גרם,false,1,35.90,5.13,false,1,
2298427,true,שריר מס` 8 קפוא מחפוד,עוף ירושלים שיווק בעמ,,,"לק""ג",1,"לק""ג",true,1,54.90,54.90,false,1,
2298946,true,זנב עם עצם,עוף ירושלים שיווק בעמ,,,"לק""ג",10,ל 100 גרם,true,1,59.90,5.99,false,1,
2316084,true,דינמו *4,אחים וייס י.ש.י.ייצור ושווק בע,,,יח,1,,false,1,12.90,12.90,false,1,
2316251,true,קריסטל *4ברך שקו,אחים וייס י.ש.י.ייצור ושווק בע,,,יח,1,,false,1,14.90,14.90,false,1,
2316916,true,קליפסו לונג ירכו,אחים וייס י.ש.י.ייצור ושווק בע,,,יח,1,,false,1,26.90,26.90,false,1,
2327028,true,ג חנון תמני 650 גרם שלושת האופים.,נטו מילנדה סחר בעמ*,,,יח,6.50,ל 100 גרם,false,1,18.90,2.91,true,1,
2327042,true,"בורקס תפו""א 800 גרם שלושת האופים",נטו מילנדה סחר בעמ*,,,יח,8,ל 100 גרם,false,1,17.90,2.24,true,1,
2327059,true,"בצק עלים מרודד 1 ק""ג שלושת האופים",נטו מילנדה סחר בעמ*,,,יח,10,"לק""ג",false,1,18.90,1.89,true,1,
2327066,true,קונכיות בצק שלושת האופים 625 גרם,נטו מילנדה סחר בעמ*,,,יח,5,ל 100 גרם,false,1,19.90,3.98,true,1,
2327073,true,בורקס גבינה שלושת האופים 800 גרם,נטו מילנדה סחר בעמ*,,,יח,8,ל 100 גרם,false,1,19.90,2.49,true,1,
2327103,true,גחנון תימני 900 גרם שלושת האופים,נטו מילנדה סחר בעמ*,,,יח,1,"לק""ג",false,1,19.90,19.90,true,1,
2327912,true,קוקטיל גבינה 800,נטו מילנדה סחר בעמ*,,,יח,7,ל 100 גרם,false,1,21.90,3.13,true,1,
2331360,true,נביעות 6טריק 500,החברה המרכזית להפצת משקאות בע,,,יח,30,"ל 100 מ""ל",false,1,13.90,0.40,true,1,
2336686,true,אסאדו עע,נטו מלינדה סחר בעמ,,,"לק""ג",1,,true,1,64.90,64.90,false,1,
2336969,true,סינטה בקר צרכני עטרה,נטו מלינדה סחר בעמ,,,"לק""ג",10,ל 100 גרם,true,1,89.90,8.99,false,1,
2341192,true,לשון חלק,עוף ירושלים שיווק בעמ,,,"לק""ג",1,,true,1,39.90,39.90,true,1,
2345060,true,מאסדם הולנדי אמיתי,נטו מילנדה סחר בעמ*,,,"לק""ג",10,ל 100 גרם,true,1,89.90,8.99,false,1,
2358305,true,כרוב אדום,קבוצת אוסם סחר שותפות מוגבלת,,,יח,2.50,ל 100 גרם,false,1,7.90,3.16,false,1,
2370017,true,גבינת גאודה בתוספת בזיליקום ושום 3,ג.וילי פוד בעמ,,,ל 100 גרם,10,ל 100 גרם,true,1,99,9.90,false,1,
2370789,true,גבינת כבשים עם פטריות כמהין 36%,ג.וילי פוד בעמ,,,"לק""ג",1,"לק""ג",true,1,149,149,true,1,
2371854,true,"נקנקיות חריפות 1 ק""ג",תנובה ענף ב.ע.ד,,,יח,1,"לק""ג",false,1,24.90,24.90,false,1,
2371939,true,סרוולד צרפתי 120 גר,תנובה ענף ב.ע.ד,,,יח,1,,false,1,25.90,25.90,false,1,
2374640,true,שמן קנולה פלוס אומגה 3 1ליטר*,סוגת תעשיות בעמ,,,יח,10,"ל 100 מ""ל",false,1,16.50,1.65,false,1,
2385066,true,בולגרית 5% קוביות,מחלבות גד שיווק 1992 בעמ,,,ל 100 גרם,10,ל 100 גרם,true,1,54.90,5.49,false,1,
2385127,true,לאבנה שמן זית א.ח נוכרי,מחלבות גד שיווק 1992 בעמ,,,ל 100 גרם,1.50,ל 100 גרם,true,1,41.90,27.93,false,1,
2385196,true,גבינת רקפור,מחלבות גד שיווק 1992 בעמ,,,ל 100 גרם,10,ל 100 גרם,true,1,127.90,12.79,false,1,
2385455,true,בולגרית מעודנת 24% מהדרין,מחלבות גד שיווק 1992 בעמ,,,"לק""ג",10,ל 100 גרם,true,1,64.90,6.49,false,1,
2385486,true,שמנת טבעית 30% מהדרין,מחלבות גד שיווק 1992 בעמ,,,ל 100 גרם,10,ל 100 גרם,true,1,43.90,4.39,false,1,
2385493,true,שמנת זיתים 30% מהדרין,מחלבות גד שיווק 1992 בעמ,,,"לק""ג",10,ל 100 גרם,true,1,43.90,4.39,false,1,
2385509,true,שמנת שום שמיר 30% מהדרין,מחלבות גד שיווק 1992 בעמ,,,"לק""ג",10,ל 100 גרם,true,1,43.90,4.39,false,1,
2385554,true,מוצרלה כדורים קטנים מהדרין,מחלבות גד שיווק 1992 בעמ,,,"לק""ג",10,ל 100 גרם,true,1,88.87,8.89,false,1,
2385608,true,לאבנה 5% מהדרין,מחלבות גד שיווק 1992 בעמ,,,"לק""ג",10,ל 100 גרם,true,1,37.05,3.71,false,1,
2385615,true,"חלומי גד מעדניה בד""ץ",מחלבות גד שיווק 1992 בעמ,,,ל 100 גרם,10,ל 100 גרם,true,1,102.90,10.29,false,1,
2409014,true,גחנון אפוי ציפור השרון 600 גרם,שיווק מזון רדמי אבישי,,,יח,6,ל 100 גרם,false,1,17.90,2.98,false,1,
2409045,true,"בורקס תפו""א ציפור השרון 800 גרם",שיווק מזון רדמי אבישי,,,יח,8,ל 100 גרם,false,1,15.90,1.99,false,1,
2409076,true,גחנון בצק ציפור השרון 800 גרם,שיווק מזון רדמי אבישי,,,יח,8,ל 100 גרם,false,1,14.90,1.86,false,1,
2409175,true,"בצק עלים צרפתי מרודד 1 ק""ג ציפור השרון",שיווק מזון רדמי אבישי,,,יח,1,"לק""ג",false,1,14.50,14.50,false,1,
2409274,true,מלווח ציפור השרו,שיווק מזון רדמי אבישי,,,יח,7.50,ל 100 גרם,false,1,14.90,1.99,false,1,
2409304,true,נקניקיות בבצק,שיווק מזון רדמי אבישי,,,יח,6,ל 100 גרם,false,1,20.90,3.48,false,1,
2439998,true,קלסיקו קבב בקר אל גאוצ`ו,נטו מילנדה סחר בעמ*,,,יח,3.60,ל 100 גרם,false,1,15.90,4.42,false,1,
2487364,true,בורקס פילו גבינה+זיתים 500 גרם שלושת,נטו מילנדה סחר בעמ*,,,יח,5,ל 100 גרם,false,1,19.90,3.98,true,1,
2507451,true,ק. דג סלמון לבישול 750 דלידג,נטו מילנדה סחר בעמ*,,,יח,7.50,ל 100 גרם,false,1,28.90,3.85,false,1,
2507604,true,פיצה השף מאיטליה השף שגב 320 גרם,נטו מילנדה סחר בעמ*,,,יח,3.20,ל 100 גרם,false,1,16.90,5.28,true,1,
2511250,true,גבינת שמנת שום שמיר 30%,מחלבת המושבה בעמ,,,ל 100 גרם,10,ל 100 גרם,true,1,39.90,3.99,true,1,
2511281,true,גבינה ברינזה צאן,מחלבת המושבה בעמ,,,ל 100 גרם,10,ל 100 גרם,true,1,74.90,7.49,false,1,
2511427,true,אצבעות שוקולד א.ח נוכרי,מחלבת המושבה בעמ,,,ל 100 גרם,10,ל 100 גרם,true,1,69.90,6.99,false,1,
2511663,true,גבינת צ`דר שכבות,מחלבת המושבה בעמ,,,ל 100 גרם,10,ל 100 גרם,true,1,129.90,12.99,false,1,
2511670,true,גבינת צ`דר כתומה-מושבה,מחלבת המושבה בעמ,,,ל 100 גרם,10,ל 100 גרם,true,1,85,8.50,false,1,
2567219,true,טחול ממולא חלק רבנות קורקבדוס,חוג הבשרים של קורקבדוס בעמ,,,"לק""ג",10,ל 100 גרם,true,1,89.90,8.99,false,1,
2567721,true,מוח מוכשר,חוג הבשרים של קורקבדוס בעמ,,,"לק""ג",10,יח,true,1,139,13.90,false,1,
2579533,true,.קיסמי אוזניים מעץ 80יח חביב*,חביב את פרנק בעמ (לוגיסטי ),,,יח,1,,false,1,1.50,1.50,false,1,
2579649,true,נר נשמה 72 שעות זכוכית חביב,חביב את פרנק בעמ (לוגיסטי ),,,יח,0,יח,false,1,4.90,4.90,false,1,
2579670,true,שיפודי עץ עבים 70יח חביב*,חביב את פרנק בעמ,,,יח,70,יח,false,1,4.90,0.07,false,1,
2579731,true,7day memorial candle,חביב את פרנק בעמ (לוגיסטי ),,,יח,1,יח,false,1,9.90,9.90,true,1,
2608127,true,בייגל רומני,ג`נרל מילס ישראל בעמ,,,יח,1,,false,1,4.20,4.20,true,1,
2608509,true,לחם מחמצת זיתי קלמנטה,ג`נרל מילס ישראל בעמ,,,יח,8,יח,false,1,17.90,2.24,false,1,
2608516,true,לחם מחמצת מקמח מלא,ג`נרל מילס ישראל בעמ,,,יח,8,יח,false,1,17.90,2.24,false,1,
2608523,true,לחם מחמצת כוסמין,ג`נרל מילס ישראל בעמ,,,ל 100 גרם,1,,false,1,15.90,15.90,false,1,
2625131,true,זנגביל,דפנה תע א.מ בעמ,,,יח,1,,false,1,5.50,5.50,false,1,
2656897,true,פרגיות פטם טרי ארוז,א.ד עוף והוד בעמ,,,"לק""ג",1,,true,1,49.90,49.90,false,1,
2657408,true,טונה פוסידון בשמן 960ג,נטו מילנדה סחר בעמ*,,,יח,9.60,ל 100 גרם,false,1,29.90,3.11,false,1,
2692768,true,תרסיס שמן קנולה מופחת קלוריות*,סוגת תעשיות בעמ,,,יח,2,ל 100 גרם,false,12,15.90,7.95,true,1,
2692782,true,תרסיס שמן זית מופחת קלוריות*,סוגת תעשיות בעמ,,,יח,2,ל 100 גרם,false,12,15.90,7.95,true,1,
2706731,true,רצועות פילה נסיכה קפוא 100% דלידג,נטו מילנדה סחר בעמ*,,,"לק""ג",10,ל 100 גרם,true,1,79,7.90,false,1,
2750154,true,לחמניות יאמיס,ג`נרל מילס ישראל בעמ,,,יח,1,,false,1,12.90,12.90,false,1,
2750338,true,לחם רוסטיק עגבניות מיובשות,ג`נרל מילס ישראל בעמ,,,יח,8,ל 100 גרם,false,1,17.90,2.24,false,1,
2750963,true,בגט רוסטיק ג`נרל,ג`נרל מילס ישראל בעמ,,,,1,,false,1,7.90,7.90,false,1,
2757139,true,מלווח שלושת האופים 700 גרם,נטו מילנדה סחר בעמ*,,,יח,7,"ל 100 מ""ל",false,1,14.90,2.13,true,1,
2757665,true,קבב מזרחי 400 גרם הסידרה האדומה,נטו מילנדה סחר בעמ*,,,יח,4,ל 100 גרם,false,1,11.90,2.98,false,1,
2757733,true,"ג`חנון תימני 650 גרם""מהדרין קהילות""",נטו מילנדה סחר בעמ*,,,יח,6.50,ל 100 גרם,false,1,11.90,1.83,false,1,
2757740,true,"בורקס תפו""א 700 ג`"" מהדרין קהילות""",נטו מילנדה סחר בעמ*,,,יח,10,ל 100 גרם,false,1,13.90,1.39,false,1,
2757757,true,"מלווח 700 גר`""מהדרין קהילות""",נטו מילנדה סחר בעמ*,,,יח,7,ל 100 גרם,false,1,12.90,1.84,false,1,
2760344,true,"פחם 5 ק""ג *",ריחאן סחר ושיווק בעמ,,,יח,1,,false,1,25.90,25.90,false,1,
2775010,true,מיני בורקס פילו גבינה 650 גרם,נטו מילנדה סחר בעמ*,,,יח,6.50,ל 100 גרם,false,1,19.90,3.06,true,1,
2787167,true,טונה וילגר בהירה במים,נטו מילנדה סחר בעמ*,,,יח,1.40,ל 100 גרם,false,1,5.90,4.21,false,1,
2787884,true,"מקלות בורקס פילו תפו""א",נטו מילנדה סחר בעמ*,,,יח,6.50,ל 100 גרם,false,1,19.90,3.06,true,1,
2814054,true,אנטרטיק מתז 1 ליטר מוריץ*,קומפלקס בעמ,,,יח,1,לליטר,false,1,9.90,9.90,false,1,
2814917,true,שמפו רצפות לבנדר 4 ליטר מוריץ*,קומפלקס בעמ,,,יח,4,לליטר,false,1,12.90,3.23,false,1,
2820853,true,סטייק עין וורד הצלע.,מאסטרפוד בעמ,,,"לק""ג",10,ל 100 גרם,true,1,49.90,4.99,false,1,
2827306,true,נקנקיות עוף עוף ירושלים 400 גרם,עוף ירושלים שיווק בעמ,,,יח,4,ל 100 גרם,false,1,11.90,2.98,true,1,
2827320,true,נקנקיות מרגז 400 מחפוד,עוף ירושלים שיווק בעמ,,,יח,4,ל 100 גרם,false,1,24.90,6.23,false,1,
2827740,true,כתף כבש פרוס ארוז מחפוד,עוף ירושלים שיווק בעמ,,,"לק""ג",10,ל 100 גרם,true,1,119.90,11.99,false,1,
2830245,true,פילה לברק נטו,נטו מילנדה סחר בעמ*,,,"לק""ג",10,ל 100 גרם,true,1,59.90,5.99,false,1,
2830948,true,מון בלאן עיזים 120,נטו מילנדה סחר בעמ*,,,יח,1.20,ל 100 גרם,false,1,9.90,8.25,false,1,
2871361,true,בירה קרלסברג 500,החברה המרכזית להפצת משקאות בע,,,יח,5,"ל 100 מ""ל",false,1,7.30,1.22,false,1,
2920311,true,גבינת ברי צאן קמבבל,מחלבות גד שיווק 1992 בעמ,,,ל 100 גרם,10,ל 100 גרם,true,1,129,12.90,false,1,
2922865,true,קבב מזרחי טאק טורו{בית יוסף} 500 גרם,נטו מלינדה סחר בעמ,,,יח,5,ל 100 גרם,false,1,15.90,3.18,false,1,
2922872,true,"טאק בורגר""טאק טורו""בית יוסף 500 גרם",נטו מלינדה סחר בעמ,,,יח,5,ל 100 גרם,false,1,15.90,3.18,false,1,
2929512,true,כדורי פלאפל 500 גרם,נטו מילנדה סחר בעמ*,,,יח,6,ל 100 גרם,false,1,12.90,2.15,false,1,
2929642,true,טונה ויליגר 4 יח`140ג,נטו מילנדה סחר בעמ*,,,יח,4,למארז,false,1,19.90,4.98,false,1,
2930945,true,גרון עוף טרי עטרה,נטו מלינדה סחר בעמ,,,ל 100 גרם,1,,true,1,10.90,10.90,false,1,
2939108,true,חזה עוף טרי עטרה,נטו מלינדה סחר בעמ,,,"לק""ג",1,,true,1,32.90,32.90,true,1,
2939177,true,גרון הודו טרי עטרה.,נטו מלינדה סחר בעמ,,,ל 100 גרם,1,,true,1,33.90,33.90,false,1,
2939498,true,בשר מס 8 עטרה קפוא,נטו מלינדה סחר בעמ,,,"לק""ג",10,ל 100 גרם,true,1,49.90,4.99,false,1,
2939511,true,רגל בקר פרוס עטרה,נטו מלינדה סחר בעמ,,,"לק""ג",10,ל 100 גרם,true,1,34.90,3.49,false,1,
2939535,true,בשר ראש עטרה,נטו מלינדה סחר בעמ,,,"לק""ג",10,ל 100 גרם,true,1,74.90,7.49,false,1,
2939542,true,לשון בקר עטרה,נטו מלינדה סחר בעמ,,,"לק""ג",10,ל 100 גרם,true,1,59.90,5.99,true,1,
2971191,true,"קמח חיטה שפם 1 ק""ג*",טחנות קמח שטיבל בש בעמ,,,יח,10,ל 100 גרם,false,1,3.90,0.39,true,1,
2973669,true,"קמח לחם ללא צורך בניפוי 1 ק""ג*",טחנות קמח שטיבל בש בעמ,,,יח,10,ל 100 גרם,false,1,7.50,0.75,false,1,
2973676,true,"קמח חלה ללא צורך בניפוי 1 ק""ג*",טחנות קמח שטיבל בש בעמ,,,יח,10,ל 100 גרם,false,1,7.50,0.75,false,1,
2974314,true,"קמח פיצה ללא צורך בניפוי 1 ק""ג*",טחנות קמח שטיבל בש בעמ,,,יח,10,"לק""ג",false,1,8.90,0.89,false,1,
3006021,true,סלט קוביות מעדן פטה,גבינות עמיר ניצן בעמ,,,ל 100 גרם,10,ל 100 גרם,true,1,70,7,false,1,
3006120,true,פלפל חריף ממולא,גבינות עמיר ניצן בעמ,,,ל 100 גרם,10,ל 100 גרם,true,1,156.90,15.69,false,1,
3029617,true,שמנת מנה אישית,שטראוס גרופ בעמ (ח),,,יח,1,ל 100 גרם,false,1,1.90,1.90,false,1,
3031702,true,"נקניק הודו 1 ק""ג הרב מחפו",תנובה ענף ב.ע.ד,,,יח,1,"לק""ג",false,1,25.90,25.90,false,1,
3031788,true,פסטרמה +סלמי 800,תנובה ענף ב.ע.ד,,,יח,8,יח,false,1,28.90,3.61,false,1,
3069590,true,דג סול דלידג,נטו מילנדה סחר בעמ*,,,יח,10,ל 100 גרם,false,1,34.90,3.49,false,1,
3069682,true,בצק פיאלס 500 גרם שלושת האופים,נטו מילנדה סחר בעמ*,,,יח,5,ל 100 גרם,false,1,18.90,3.78,true,1,
3069705,true,פיצה אישית גבינה דק בודד שלושת האופים,נטו מילנדה סחר בעמ*,,,יח,1,,false,1,2.80,2.80,true,1,
3102280,true,צימרוני שסתום לתינוק,אינטרסן )1996(בעמ,,,יח,1,,false,1,3.50,3.50,false,1,
3102587,true,מברשת לבקבוק,אינטרסן )1996(בעמ,,,יח,1,,false,1,5.90,5.90,false,1,
3107353,true,משפר אפיה ביתי 30ג בדץ דגן*,טחנות קמח דגן {2006}בעמ,,,יח,0.30,ל 100 גרם,false,1,5.90,19.67,false,1,
3121090,true,מגיק טעם ירקות,נטו מילנדה סחר בעמ*,,,יח,0.85,ל 100 גרם,false,1,2.90,3.41,false,1,
3130399,true,מב שיניים ילד ד,גורי ע.ע.ע בעמ,,,יח,1,,false,1,7.90,7.90,false,1,
3137190,true,קוקטיל עוף טרי {כרע ושוק},מילעוף בעמ,,,"לק""ג",1,,true,1,30,30,true,1,
3142361,true,/הוטופופ מתוק מלוח,ליימן שליסל בעמ,,,יח,5,ל 100 גרם,false,1,18.90,3.78,false,1,
3145782,true,צנובר טבעי 100 גר`,ליימן שליסל בעמ,,,יח,1,ל 100 גרם,false,1,21.90,21.90,false,1,
3148202,true,גרנולה בתוספת תמרים ופירות יבשים,קליית חממה א.י 2011 בעמ,,,"לק""ג",10,ל 100 גרם,false,1,24,2.40,false,1,
3148301,true,גרנולה,קליית חממה א.י 2011 בעמ,,,"לק""ג",10,ל 100 גרם,false,1,24,2.40,false,1,
3185726,true,קבב מזרחי 500גר טיבון ויל,נטו מילנדה סחר בעמ*,,,יח,5,ל 100 גרם,false,1,17.90,3.58,true,1,
3189045,true,גבינה הולנדית א.ח נוכרי,גבינות הכפר בעמ,,,ל 100 גרם,10,ל 100 גרם,true,1,32.90,3.29,false,1,
3189199,true,גבינה מקסיקנית א.ח נוכרי,גבינות הכפר בעמ,,,ל 100 גרם,10,ל 100 גרם,true,1,32,3.20,false,1,
3189274,true,גבינה מעושנת א.ח נוכרי,גבינות הכפר בעמ,,,ל 100 גרם,10,ל 100 גרם,true,1,32,3.20,false,1,
3189380,true,ג. שום שמיר כפיר א.ח נוכרי,צי-תעשיות מזון יבנה בעמ,,,ל 100 גרם,10,ל 100 גרם,true,1,35,3.50,false,1,
3208593,true,מרטיני אקסטרא דריי,מ. אקרמן בעמ,,,"ל 100 מ""ל",7.50,"ל 100 מ""ל",false,1,62.80,8.33,true,1,
3229116,true,פסטרמה בדבש,תנובה ענף ב.ע.ד,,,יח,4,ל 100 גרם,false,1,26.90,6.73,false,1,
3229123,true,פסטרמה גחלים,תנובה ענף ב.ע.ד,,,יח,4,ל 100 גרם,false,1,26.90,6.73,false,1,
3229147,true,סלמי איטלקי,תנובה ענף ב.ע.ד,,,יח,3,ל 100 גרם,false,1,27.90,9.30,false,1,
3229154,true,סלמי קוניאק,תנובה ענף ב.ע.ד,,,יח,3,ל 100 גרם,false,1,25.90,8.63,false,1,
3268252,true,לחם חיטה מלא ללא גרעינים,דגנית עין בר תעשיות,,,יח,7.50,ל 100 גרם,false,1,13.90,1.85,false,1,
3268429,true,לחם קמח מלא פרוס,דגנית עין בר תעשיות,,,יח,5,ל 100 גרם,false,1,13.90,2.78,false,1,
3268740,true,לחם אחיד דגנית בר 750 שלם,דגנית עין בר תעשיות,,,יח,7.50,ל 100 גרם,false,1,3.90,0.52,false,1,
3312275,true,מתוקים במשקל,בית עוגיות מרוקאיות בעמ,,,"לק""ג",1,יח,true,1,49.90,49.90,false,1,
3380539,true,"בירה בודד , 330 מ""ל",החברה המרכזית להפצת משקאות בע,,,יח,3.30,"ל 100 מ""ל",false,1,4.60,1.30,false,1,
3385836,true,תירס,"ויטה פרי הגליל שיווק בע""מ",,,יח,1,,false,1,3.60,3.60,false,1,
3397136,true,בדית,כ. כיפות כהן,,,יח,1,,false,1,6.30,6.30,false,1,
3402809,true,חטיף ריזיס לבן,ליימן שליסל בעמ,,,יח,1,ל 100 גרם,false,1,3.50,3.50,false,1,
3414406,true,הרשי שביבי אפיה בוטנים,ליימן שליסל בעמ,,,יח,6.80,ל 100 גרם,false,1,13.90,2.04,false,1,
3423909,true,חטיף קוקיס קרים לבן,ליימן שליסל בעמ,,,יח,1,ל 100 גרם,false,1,4.90,4.90,false,1,
3444009,true,חטיף ריזיס במילוי בוטנים,ליימן שליסל בעמ,,,יח,1,ל 100 גרם,false,1,3.50,3.50,false,1,
3457861,true,סולרו פירות טרו,"גלידת שטראוס בע""מ",,,יח,1,,false,1,8.90,8.90,true,1,
3514007,true,שקדי מרק מנה 400 גרם,ש.שסטוביץ בעמ,,,יח,4,ל 100 גרם,false,1,8.90,2.23,true,1,
3526871,true,פטריות ויליגר שלישייה,נטו מילנדה סחר בעמ*,,,יח,3,למארז,false,1,10.90,3.63,false,1,
3632367,true,דג פילה ברבוניה,בלדי בעמ,,,יח,5,ל 100 גרם,false,1,26.90,5.38,false,1,
3648016,true,מקרל בואקום,סלטי שמיר 2006 בעמ,,,ל 100 גרם,1,,true,1,91.90,91.90,false,1,
3893027,true,פילה מרלוזה ווינר פוד,ג.עופר ייצור ושיווק בשר בעמ,,,"לק""ג",10,ל 100 גרם,true,1,33.90,3.39,false,1,
3996049,true,חסלט פטרוזיליה,"בכורי השדה צפון1994 ג.ד. בע""מ",,,יח,1,,false,1,7.90,7.90,false,1,
3996056,true,חסלט כוסברה,"בכורי השדה צפון1994 ג.ד. בע""מ",,,יח,1,,false,1,7.90,7.90,false,1,
3996094,true,חסאלט סלרי,"בכורי השדה צפון1994 ג.ד. בע""מ",,,יח,1,,false,1,8.90,8.90,false,1,
3996186,true,בזיליקום חסלט,"בכורי השדה צפון1994 ג.ד. בע""מ",,,יח,1,,false,1,6.99,6.99,false,1,
4006044,true,סדין מיטת נוער משובח,אינטרסן )1996(בעמ,,,יח,1,,false,1,13.90,13.90,false,1,
4011284,true,"בסיס להכנת קצפת ריצ`212 מ""ל",נטו מילנדה סחר בעמ*,,,יח,2.12,יח,false,1,7.90,3.73,false,1,
4011338,true,"קצפת ריצ` 250 מ""ל",נטו מילנדה סחר בעמ*,,,יח,2.50,"ל 100 מ""ל",false,1,11.90,4.76,true,1,
4011345,true,קצפת ריצ`פרווה במיכל,נטו מילנדה סחר בעמ*,,,יח,2.50,ל 100 גרם,false,1,8.90,3.56,false,1,
4011796,true,קבבונים אל גאוצ`ו 400 גר`,נטו מילנדה סחר בעמ*,,,יח,4,ל 100 גרם,false,1,15.90,3.98,false,1,
4011826,true,מיני המבורגר ריב אנט`אל גאצו,נטו מילנדה סחר בעמ*,,,יח,3.60,ל 100 גרם,false,1,15.90,4.42,false,1,
4014407,true,שוקולד חמאת בוטנים M?-M,ריגלי ישראל בעמ,,,יח,0.46,"ל 100 מ""ל",false,1,5,10.87,true,1,
4030034,true,מיץ רימונים 1 ליטר,פריניב תנובה,,,יח,10,"ל 100 מ""ל",false,1,25.60,2.56,false,1,
4030216,true,מיץ חמוציות 1 ליטר,פריניב תנובה,,,יח,1,לליטר,false,1,12.60,12.60,true,1,
4030445,true,מיץ תפוזים 1 ליטר,פריניב תנובה,,,יח,1,לליטר,false,1,12.60,12.60,false,1,
4030544,true,מיץ לימונדה לואיזה ולימון זראס 1 ליטר,פריניב תנובה,,,יח,1,לליטר,false,1,12.60,12.60,false,1,
4030612,true,מיץ קיווי אגס 90% 1 ליטר,פריניב תנובה,,,יח,1,לליטר,false,1,16.90,16.90,true,1,
4063016,true,"מלח שולחן רגיל(כחול) 1 ק""ג*",סוגת תעשיות בעמ,,,יח,10,ל 100 גרם,false,1,1.70,0.17,false,1,
4068011,true,יוגורט כבשים דלי 600 גר` 5%,מחלבות גד שיווק 1992 בעמ,,,יח,6,"ל 100 מ""ל",false,1,16.90,2.82,false,1,
4068028,true,יוגורט צזיקי 3.5% שומן,מחלבות גד שיווק 1992 בעמ,,,יח,2,ל 100 גרם,false,1,9.90,4.95,false,1,
4068035,true,איירן משקה יוגורט 3%,מחלבות גד שיווק 1992 בעמ,,,יח,2,ל 100 גרם,false,1,7.80,3.90,false,1,
4068332,true,קממבר בקר משולש,מחלבות גד שיווק 1992 בעמ,,,ל 100 גרם,10,ל 100 גרם,true,1,125,12.50,false,1,
4068424,true,גלגל גאודה גד מעדניה,מחלבות גד שיווק 1992 בעמ,,,ל 100 גרם,10,ל 100 גרם,true,1,110,11,false,1,
4068585,true,גאודה עיזים משולשים,מחלבות גד שיווק 1992 בעמ,,,ל 100 גרם,10,"לק""ג",true,1,135,13.50,false,1,
4068912,true,.גרנה פדנו מעדניה,מחלבות גד שיווק 1992 בעמ,,,"לק""ג",10,ל 100 גרם,true,1,130,13,false,1,
4128401,true,פטה תנובה,תנובה -חלב,,,"לק""ג",10,ל 100 גרם,true,1,99,9.90,false,1,
4129569,true,גבינת שמנת שום שמיר 30%,תנובה -חלב,,,ל 100 גרם,10,ל 100 גרם,true,1,44.90,4.49,false,1,
4129576,true,גבינת שמנת זיתים 30%,תנובה -חלב,,,ל 100 גרם,10,ל 100 גרם,true,1,44.90,4.49,false,1,
4129903,true,גבינת שמנת טבעית 30%,תנובה -חלב,,,ל 100 גרם,10,ל 100 גרם,true,1,44.90,4.49,false,1,
4135355,true,פיראוס בולגרית לייט 3% א.ח נוכרי,תנובה -חלב,,,ל 100 גרם,10,ל 100 גרם,true,1,39.90,3.99,false,1,
4136291,true,צפתית מעודנת 5%,תנובה -חלב,,,ל 100 גרם,10,ל 100 גרם,true,1,50,5,false,1,
4136833,true,בולגרית 16%,תנובה -חלב,,,ל 100 גרם,10,ל 100 גרם,true,1,55.90,5.59,false,1,
4194178,true,עוף מס 1 מחפוד,עוף ירושלים שיווק בעמ,,,"לק""ג",1,,true,1,24.90,24.90,false,1,
4194185,true,עוף מחפוד קפוא,עוף ירושלים שיווק בעמ,,,"לק""ג",10,ל 100 גרם,true,1,24.90,2.49,false,1,
4194208,true,כרעיים עוף ארוז מחפוד ק,עוף ירושלים שיווק בעמ,,,"לק""ג",10,ל 100 גרם,true,1,31.90,3.19,false,1,
4194253,true,כנפיים עוף ארוז מחפוד,עוף ירושלים שיווק בעמ,,,"לק""ג",10,ל 100 גרם,true,1,12.90,1.29,false,1,
4194260,true,שוקיים עוף ארוז מחפוד,עוף ירושלים שיווק בעמ,,,"לק""ג",10,ל 100 גרם,true,1,31.90,3.19,false,1,
4194284,true,פרגיות עוף קפוא ארוז מחפוד,עוף ירושלים שיווק בעמ,,,"לק""ג",10,ל 100 גרם,true,1,75,7.50,false,1,
4194307,true,כבד עוף קפוא ארוז מחפוד,עוף ירושלים שיווק בעמ,,,"לק""ג",10,ל 100 גרם,true,1,34.90,3.49,false,1,
4194314,true,לבבות עוף ארוז מחפוד,עוף ירושלים שיווק בעמ,,,"לק""ג",10,ל 100 גרם,true,1,34.90,3.49,false,1,
4194529,true,עוף טרי שלם ארוז מחפוד,עוף ירושלים שיווק בעמ,,,"לק""ג",1,,true,1,22.90,22.90,true,1,
4194536,true,חזה עוף מחופד טרי ארוז,עוף ירושלים שיווק בעמ,,,"לק""ג",1,,true,1,32.90,32.90,true,1,
4194543,true,כרעיים עוף מחפוד טרי ארוז,עוף ירושלים שיווק בעמ,,,"לק""ג",10,ל 100 גרם,true,1,32.90,3.29,true,1,
4194550,true,כנפיים עוף מחפוד טרי ארוז,עוף ירושלים שיווק בעמ,,,"לק""ג",1,,true,1,16.90,16.90,true,1,
4194574,true,שוקיים עוף טרי מחפוד,עוף ירושלים שיווק בעמ,,,"לק""ג",1,,true,1,33.90,33.90,false,1,
4194581,true,פרגיות עוף טרי ארוז מחפוד,עוף ירושלים שיווק בעמ,,,"לק""ג",1,,true,1,75,75,false,1,
4194598,true,כבד עוף טרי מחפוד ארוז,עוף ירושלים שיווק בעמ,,,"לק""ג",1,,true,1,32.90,32.90,false,1,
4194635,true,שניצל עוף טרי ארוז מחפוד,עוף ירושלים שיווק בעמ,,,"לק""ג",1,"לק""ג",true,1,39.90,39.90,false,1,
4194642,true,גרון עוף טרי,עוף ירושלים שיווק בעמ,,,"לק""ג",1,,true,1,9.90,9.90,false,1,
4194703,true,כבד עוף צלוי,עוף ירושלים שיווק בעמ,,,יח,2.50,ל 100 גרם,false,1,26.90,10.76,false,1,
4199029,true,נשכן קור טוליפ דובי,אינטרסן )1996(בעמ,,,יח,1,,false,1,8.90,8.90,false,1,
4199272,true,בקבוק פיה רחבה,אינטרסן )1996(בעמ,,,יח,1,,false,1,12.90,12.90,false,1,
4199326,true,כוס אימון מהפכנית לתינוק,אינטרסן )1996(בעמ,,,יח,1,,false,1,12.90,12.90,false,1,
4225025,true,גבינה סגנון פטה,נטו מילנדה סחר בעמ*,,,"לק""ג",10,ל 100 גרם,true,1,40,4,false,1,
4225278,true,גבינה מסוג דנאבלו,נטו מילנדה סחר בעמ*,,,"לק""ג",1,ל 100 גרם,true,1,81.70,81.70,false,1,
4225285,true,גבינה סגנון דנאבלו 100 גר,נטו מילנדה סחר בעמ*,,,יח,1,ל 100 גרם,false,1,11.90,11.90,true,1,
4230326,true,שטרודל פילו עץ וקינמון השף שגב 600 ג,נטו מילנדה סחר בעמ*,,,יח,7,ל 100 גרם,false,1,19.90,2.84,true,1,
4230333,true,"מקלות בורקס פילו תפו""א שגב 600 גרם",נטו מילנדה סחר בעמ*,,,יח,6,ל 100 גרם,false,1,19.90,3.32,true,1,
4230340,true,מקלות בורקס פילו תרד ובצל שגב 600 ג,נטו מילנדה סחר בעמ*,,,יח,6,ל 100 גרם,false,1,19.90,3.32,true,1,
4230357,true,מקלות בורקס פילו גבינה ובטטה שגב 600 גרם,נטו מילנדה סחר בעמ*,,,יח,6,ל 100 גרם,false,1,19.90,3.32,true,1,
4230364,true,מקלות בורקס פילו גבינה צרפתי שגב 600,נטו מילנדה סחר בעמ*,,,יח,6,ל 100 גרם,false,1,19.90,3.32,true,1,
4230371,true,מקלות בורקס פילו פיצה שגב 600 גרם,נטו מילנדה סחר בעמ*,,,יח,6,ל 100 גרם,false,1,19.90,3.32,true,1,
4230944,true,מקלות בורקס פילו גבינה 600 גרם השף שג,נטו מילנדה סחר בעמ*,,,יח,7,ל 100 גרם,false,1,19.90,2.84,true,1,
4234218,true,ברווז טרי ארוז,נטו מילנדה סחר בעמ*,,,"לק""ג",1,,true,1,51.90,51.90,false,1,
4256555,true,מוצרלה במשקל,נטו מילנדה סחר בעמ*,,,"לק""ג",10,ל 100 גרם,true,1,31.90,3.19,false,1,
4257101,true,אנטריקוט דקדק 250 גר` עטרה,נטו מלינדה סחר בעמ,,,יח,0.25,ל 100 גרם,false,1,32.90,131.60,true,1,
4263041,true,גולש בקר בית יוסף,נטו מלינדה סחר בעמ,,,"לק""ג",10,ל 100 גרם,true,1,41.90,4.19,false,1,
4263096,true,צלי כתף חלק,נטו מלינדה סחר בעמ,,,"לק""ג",10,ל 100 גרם,true,1,45.90,4.59,false,1,
4263393,true,קישקע ירושלמי עטרה 500 גרם,נטו מלינדה סחר בעמ,,,יח,5,ל 100 גרם,false,1,16.90,3.38,false,1,
4263485,true,מס 2 עטרה,נטו מלינדה סחר בעמ,,,"לק""ג",10,ל 100 גרם,true,1,44.90,4.49,true,1,
4263515,true,מעורב ירושלמי,נטו מלינדה סחר בעמ,,,יח,8,ל 100 גרם,false,1,19.90,2.49,false,1,
4263553,true,חזה מס 3 עטרה,נטו מלינדה סחר בעמ,,,"לק""ג",10,ל 100 גרם,true,1,39.90,3.99,true,1,
4263621,true,מס 4 עטרה,נטו מלינדה סחר בעמ,,,"לק""ג",10,ל 100 גרם,true,1,54.90,5.49,true,1,
4263652,true,נקניקיות עוף עטרה 400 גרם,נטו מלינדה סחר בעמ,,,יח,4,ל 100 גרם,false,1,11.90,2.98,true,1,
4263676,true,טחון הודו בית יו,נטו מלינדה סחר בעמ,,,יח,5,ל 100 גרם,false,1,12.90,2.58,false,1,
4263799,true,צלי כתף בית יוסף מס`5עטרה,נטו מלינדה סחר בעמ,,,"לק""ג",10,ל 100 גרם,true,1,88.90,8.89,false,1,
4263867,true,.פילה מדומה קפוא מס`6 עטרה,נטו מלינדה סחר בעמ,,,"לק""ג",10,ל 100 גרם,true,1,53.90,5.39,true,1,
4267209,true,עוגיות לקפה 200ג ברמן *,ברמן שוקולד ועוגיות בעמ,,,יח,2,ל 100 גרם,false,1,4.90,2.45,true,1,
4267216,true,עוגיות ריבה 200ג ברמן *,ברמן שוקולד ועוגיות בעמ,,,יח,2,ל 100 גרם,false,1,4.90,2.45,true,1,
4267667,true,עוגיות שוקוציפס 600ג ברמן*,ברמן שוקולד ועוגיות בעמ,,,יח,6,ל 100 גרם,false,1,11.90,1.98,false,1,
4267759,true,מפנקות במילוי קרם שוקולד 180ג ברמן*,ברמן שוקולד ועוגיות בעמ,,,יח,3,ל 100 גרם,false,1,4.90,1.63,true,1,
4456566,true,בשר צלעות מס2 אשפר בלדי,בלדי בעמ,,,"לק""ג",10,ל 100 גרם,true,1,39.90,3.99,false,1,
4480394,true,גבינת שמנת 30% שומן עיריתן,מחלבות גד שיווק 1992 בעמ,,,"לק""ג",10,ל 100 גרם,true,1,48.90,4.89,false,1,
4502997,true,"פילנדיה 500 מ""ל",מ. אקרמן בעמ,,,"ל 100 מ""ל",1,,false,1,62.80,62.80,false,1,
4554330,true,אסקימו בודד דובדבן,"גלידת שטראוס בע""מ",,,יח,1,,false,1,2,2,false,1,
4639006,true,קוסקוס טוניסאי סולטנה 800 גרם,מטעמי פאר,,,ל 100 גרם,8,ל 100 גרם,false,1,14.90,1.86,false,1,
4645137,true,פילה טונה אלבקור,ש.רוזנרס בעמ,,,"לק""ג",10,ל 100 גרם,true,1,59.90,5.99,false,1,
4645311,true,טונה כהה(וואקום) רוזנרס,ש.רוזנרס בעמ,,,"לק""ג",10,ל 100 גרם,true,1,51.90,5.19,false,1,
4645328,true,פילה סלמון רוזנרס,ש.רוזנרס בעמ,,,"לק""ג",10,ל 100 גרם,true,1,89.90,8.99,true,1,
4731076,true,כיף 1 ליטר אלוורה,החברה הדרומית לשיווק בעמ,,,יח,1,לליטר,false,1,11.90,11.90,false,1,
4731083,true,כיף 1 ליטר ג`נסינג,החברה הדרומית לשיווק בעמ,,,יח,1,לליטר,false,1,11.90,11.90,false,1,
4731410,true,סקוטש סושי ענק ירוק ק,החברה הדרומית לשיווק בעמ,,,יח,1,,false,1,9.90,9.90,false,1,
4810207,true,פדיות קוסמטיות,דנאגיס בעמ #,,,יח,1,,false,1,7.90,7.90,false,1,
4859664,true,עוף טרי ארוז,מילעוף בעמ,,,"לק""ג",1,,true,1,14.90,14.90,false,1,
4859701,true,שוקיים עוף טרי ארוז,מילעוף בעמ,,,"לק""ג",1,,true,1,31.90,31.90,true,1,
4859718,true,כנף עוף טרי ארוז,מילעוף בעמ,,,"לק""ג",1,,true,1,14.90,14.90,true,1,
4859725,true,כבד עוף טרי ארוז,מילעוף בעמ,,,"לק""ג",1,,true,1,31.90,31.90,false,1,
4861025,true,גבינת בולגרית 16%/5%,מחלבת המושבה בעמ,,,ל 100 גרם,10,ל 100 גרם,true,1,46.90,4.69,false,1,
4861056,true,גבינה צפתית מושבה,מחלבת המושבה בעמ,,,ל 100 גרם,10,ל 100 גרם,true,1,44.90,4.49,false,1,
4861278,true,גבינת שמנת בטעמים 30%,מחלבת המושבה בעמ,,,ל 100 גרם,10,ל 100 גרם,true,1,39.90,3.99,true,1,
4861315,true,לבנה טבעי /ש . זית וזעתר,מחלבת המושבה בעמ,,,ל 100 גרם,10,ל 100 גרם,true,1,44.90,4.49,false,1,
4861421,true,חלומי מהדרין,מחלבת המושבה בעמ,,,"לק""ג",10,ל 100 גרם,true,1,79.90,7.99,false,1,
4861445,true,לבנה כדורים בשמן זית,מחלבת המושבה בעמ,,,ל 100 גרם,10,ל 100 גרם,true,1,119,11.90,false,1,
4861629,true,מוצרלה ג וניור בייבי,מחלבת המושבה בעמ,,,ל 100 גרם,10,ל 100 גרם,true,1,79.90,7.99,false,1,
5017889,true,קציצות ריב אנטריקוט נתח אדום,נתח אדום עוזי ביטון ובניו בעמ,,,יח,7,ל 100 גרם,false,1,29.90,4.27,false,1,
5017902,true,מרגז מרוקאי חריף נתח אדום,נתח אדום עוזי ביטון ובניו בעמ,,,יח,7,ל 100 גרם,false,1,29.90,4.27,false,1,
5017933,true,טחול ממולא בדץ נתח אדום,נתח אדום עוזי ביטון ובניו בעמ,,,"לק""ג",10,ל 100 גרם,true,1,64.90,6.49,false,1,
5017957,true,"קבב בקר ביתי בד""ץ",נתח אדום עוזי ביטון ובניו בעמ,,,יח,7,ל 100 גרם,false,1,29.90,4.27,false,1,
5017964,true,"קבב טלה ארוז בד""ץ",נתח אדום עוזי ביטון ובניו בעמ,,,יח,7,ל 100 גרם,false,1,29.90,4.27,false,1,
5017995,true,שיפודי פרגיות קפוא נתח אדום,נתח אדום עוזי ביטון ובניו בעמ,,,יח,6,ל 100 גרם,false,1,59.90,9.98,false,1,
5100014,true,בגט רוסטיק עם קמח מלא,ג`נרל מילס ישראל בעמ,,,ל 100 גרם,1,,false,1,7,7,false,1,
5100248,true,עוגת סבתא שוקולד,ג`נרל מילס ישראל בעמ,,,יח,1,,false,1,28.90,28.90,false,1,
5113222,true,מיקס זיתים A-2 יבנה,קבוצת יבנה מוצרי מזון,,,יח,5.60,ל 100 גרם,false,1,9.80,1.75,true,1,
5121661,true,אפרסק,ג ונסון יבואניםוסחר}{2003,,,יח,1,,false,1,5.50,5.50,false,1,
5175589,true,"קמח תירס 1 ק""ג",ג.וילי פוד בעמ,,,יח,1,"לק""ג",false,1,9.90,9.90,false,1,
5175626,true,גב בסגנון אדם דני.,ג.וילי פוד בעמ,,,ל 100 גרם,1,,true,1,28.90,28.90,false,1,
5384899,true,גבינת פטה יווני,ג.וילי פוד בעמ,,,ל 100 גרם,10,ל 100 גרם,true,1,27,2.70,true,1,
5423567,true,סנו מטליות בגליל.,החברה הדרומית לשיווק בעמ,,,יח,1,,false,1,18.90,18.90,false,1,
5424847,true,סופט 150לבן,החברה הדרומית לשיווק בעמ,,,יח,1,,false,1,8.90,8.90,false,1,
5427848,true,סושי 30 בגליל ורוד,החברה הדרומית לשיווק בעמ,,,יח,1,,false,1,18.90,18.90,false,1,
5430480,true,מטלית הפלא ק,החברה הדרומית לשיווק בעמ,,,יח,1,,false,1,6.90,6.90,false,1,
5431906,true,קדיף 82 גר`,תנובה -חלב,,,יח,0.82,ל 100 גרם,false,1,5.90,7.20,false,1,
5559587,true,מאפה נקניקיה מעדנות 800 גרם,תנובה ענף ב.ע.ד,,,ל 100 גרם,8,ל 100 גרם,false,1,28.90,3.61,false,1,
5559709,true,בורקס פיצה 700 גרם מעדנות,תנובה ענף ב.ע.ד,,,יח,7,ל 100 גרם,false,1,25.90,3.70,false,1,
5559990,true,בצק פילאס תורכי מעדנות 600 גרם,תנובה ענף ב.ע.ד,,,ל 100 גרם,6,ל 100 גרם,false,1,20.90,3.48,false,1,
5589096,true,שערות סבתא בקופסא,לירון קרביץ יבוא שיווק וסחר,,,יח,1,,false,1,10.90,10.90,false,1,
5610509,true,צנונית מובחרת (דוד משה ),"בכורי השדה צפון1994 ג.ד. בע""מ",,,יח,1,,false,1,4.90,4.90,false,1,
5617492,true,דלי פיה ידית פלסטיק 12 נופר*,נופר ששון ציון בעמ,,,יח,1,יח,false,1,10.90,10.90,false,1,
5692543,true,"נקנקיות מרגז חריפות 1 ק""ג מחפוד",עוף ירושלים שיווק בעמ,,,יח,10,ל 100 גרם,false,1,49.90,4.99,false,1,
5707872,true,לבבות עוף טרי ארוז,"אשפר בשר בע""מ",,,"לק""ג",1,,true,1,22.90,22.90,false,1,
5854040,true,אסקימו בודד משמש,"גלידת שטראוס בע""מ",,,יח,1,,false,1,2.50,2.50,false,1,
5854606,true,אסקימו פרי אננס,"גלידת שטראוס בע""מ",,,יח,1,,false,1,2.50,2.50,false,1,
5992872,true,צפתית 5% במים,מחלבות גד שיווק 1992 בעמ,,,ל 100 גרם,10,ל 100 גרם,true,1,59.90,5.99,false,1,
5992902,true,שמנת בטעמים ירקות,מחלבות גד שיווק 1992 בעמ,,,"לק""ג",10,ל 100 גרם,true,1,42.80,4.28,false,1,
5992957,true,פטה עיזים גד,מחלבות גד שיווק 1992 בעמ,,,ל 100 גרם,10,ל 100 גרם,true,1,111.95,11.20,false,1,
5996238,true,פסטרמה בדבש דק דק 120 גר`,מעדני יחיעם (1993) בעמ,,,יח,1.40,ל 100 גרם,false,1,10.90,7.79,false,1,
6271174,true,גחנון בצק לאפייה 700 גרם מעדנות,תנובה ענף ב.ע.ד,,,יח,7,ל 100 גרם,false,1,18.20,2.60,false,1,
6271181,true,ג חנון אפוי 750 גרם מעדנות,תנובה ענף ב.ע.ד,,,ל 100 גרם,7.50,ל 100 גרם,false,1,21.90,2.92,false,1,
6271648,true,"מיני בורקס תפו""א מעדנות 800 גרם",תנובה ענף ב.ע.ד,,,יח,6.50,יח,false,1,22.90,3.52,false,1,
6271655,true,מיני בורקס גבינה מעדנות 800 גרם,תנובה ענף ב.ע.ד,,,יח,8,יח,false,1,22.90,2.86,false,1,
6272072,true,חטיפי פיצה 100% גבינה 650 גרם מעדנות,תנובה ענף ב.ע.ד,,,יח,6.50,יח,false,1,27.90,4.29,false,1,
6272430,true,בצק עלים חמאה 600 גר מעדנות,תנובה ענף ב.ע.ד,,,ל 100 גרם,6,ל 100 גרם,false,1,26.90,4.48,false,1,
6306302,true,רביולי גבינה ופרמזן,מחלבות גד שיווק 1992 בעמ,,,יח,4,"ל 100 מ""ל",false,1,22.90,5.73,true,1,
6306319,true,רביולי בטטה,מחלבות גד שיווק 1992 בעמ,,,יח,1,,false,1,22.90,22.90,true,1,
6306326,true,רביולי פטריות,מחלבות גד שיווק 1992 בעמ,,,יח,1,,false,1,22.90,22.90,true,1,
6306340,true,"ניוקי תפו""א",מחלבות גד שיווק 1992 בעמ,,,יח,1,,false,1,18.90,18.90,true,1,
6306357,true,רביולי גבינת עיזים,מחלבות גד שיווק 1992 בעמ,,,יח,1,,false,1,22.90,22.90,true,1,
6492432,true,מוצרלה בייבי מחלבות גד,מחלבות גד שיווק 1992 בעמ,,,יח,1,,false,1,13.90,13.90,false,1,
6492630,true,גליל גד עז 180 גר,מחלבות גד שיווק 1992 בעמ,,,יח,1,,false,1,22.90,22.90,false,1,
6511683,true,פולי סויה קפואים ווילי פוד 450 גרם,ג.וילי פוד בעמ,,,יח,4.54,ל 100 גרם,false,1,8.90,1.96,true,1,
6511904,true,גבינת אדם כדורים א.ח נוכרי,ג.וילי פוד בעמ,,,ל 100 גרם,10,ל 100 גרם,true,1,49,4.90,false,1,
6547620,true,פלסטר 50 יח חביב*,חביב את פרנק בעמ (לוגיסטי ),,,יח,1,יח,false,1,3.90,3.90,false,1,
6550972,true,"בשר בקר טחון עטרה 1 ק""ג",נטו מלינדה סחר בעמ,,,יח,1,ל 100 גרם,false,1,29.90,29.90,false,1,
6632111,true,ביצי דג קוד ארוז,ישראל פלדמן ייצור ושיווק,,,יח,2.50,יח,false,1,24.90,9.96,false,1,
6644527,true,תפוזינה תות 500,יפאורה שותפות מוגבלת לשיווק,,,יח,5,"ל 100 מ""ל",false,1,4.90,0.92,true,1,
6681065,true,טעמקור XL שוקו וניל,"גלידת שטראוס בע""מ",,,יח,1,,false,1,6.90,6.90,true,1,
6707277,true,גרון הודו הורבך קפוא,עוף טוב (שאן) בעמ,,,"לק""ג",10,ל 100 גרם,true,1,28.90,2.89,false,1,
6707543,true,פילה עוף טרי ארוז ע.ט,עוף טוב (שאן) בעמ,,,"לק""ג",1,,true,1,42.90,42.90,true,1,
6707734,true,עוף טוב שניצל דק טרי ארוז,עוף טוב (שאן) בעמ,,,"לק""ג",1,,true,1,45.90,45.90,true,1,
6708137,true,כרעיים טרי.קוקטיל,עוף טוב (שאן) בעמ,,,"לק""ג",1,,true,1,24.90,24.90,false,1,
6739247,true,פסטרמה איטלקית זוגלובק,זוגלובק שיווק בעמ,,,ל 100 גרם,10,ל 100 גרם,true,1,79.90,7.99,true,1,
6739407,true,שניצל תירס לייט גר`,זוגלובק שיווק בעמ,,,יח,7.50,ל 100 גרם,false,1,24.90,3.32,true,1,
6739445,true,שניצל תירס קלאסי 750 ק. זוגלובק,זוגלובק שיווק בעמ,,,יח,7.50,ל 100 גרם,false,1,23.90,3.19,true,1,
6742278,true,פסטרממיה צלויה על לבנים 330 גר`זוגלוב,זוגלובק שיווק בעמ,,,יח,3.30,ל 100 גרם,false,1,25.90,7.85,true,1,
6742292,true,פסטרממיה בדבש 330 גר`זוגלובק,זוגלובק שיווק בעמ,,,יח,3.30,ל 100 גרם,false,1,25.90,7.85,true,1,
6908360,true,שקד קלוי 150ג חממה (15 בקרטון)*,בוטנת בעמ,,,יח,1.50,ל 100 גרם,false,12,15.90,10.60,false,1,
6908377,true,שקד טבעי 150ג חממה (15 בקרטון)*,בוטנת בעמ,,,יח,1.50,ל 100 גרם,false,12,15.90,10.60,false,1,
6908384,true,פיסטוק חלבי קלוי 150ג חממה (15 בק`)*,בוטנת בעמ,,,יח,1.50,ל 100 גרם,false,1,15.90,10.60,false,1,
6908391,true,קאשיו קלוי 150ג חממה (15 בקרטון)*,בוטנת בעמ,,,יח,1.50,ל 100 גרם,false,1,15.90,10.60,false,1,
6908414,true,גרעין חמניה 400ג חממה (20 בקרטון)*,בוטנת בעמ,,,יח,2.50,ל 100 גרם,false,20,9.90,3.96,false,1,
6941466,true,"שמן קנולה 1 ליטר ""שווה"" *",ברוקלמן גרמניה,,,יח,1,לליטר,false,1,9.90,9.90,false,1,
8000796,true,משחת שיניים לילדים כצט,גורי ע.ע.ע בעמ,,,יח,0.50,"ל 100 מ""ל",false,1,10.90,21.80,false,1,
8149235,true,פרגית עופיון,נטו מילנדה סחר בעמ*,,,"לק""ג",1,,true,1,54.90,54.90,false,1,
8154222,true,שניצלונים עוף טוב,קבוצת אוסם סחר שותפות מוגבלת,,,יח,7,ל 100 גרם,false,1,13.90,1.99,false,1,
8175760,true,גבינה מנצ`גו א.ח נוכרי,ג.וילי פוד בעמ,,,ל 100 גרם,10,ל 100 גרם,true,1,104.90,10.49,false,1,
8175777,true,גבינה איבריקו א.ח נוכרי,ג.וילי פוד בעמ,,,"לק""ג",10,ל 100 גרם,true,1,102.90,10.29,true,1,
8175807,true,פלפלים ממולאים בגבינת שמנת,ג.וילי פוד בעמ,,,ל 100 גרם,10,ל 100 גרם,true,1,104,10.40,false,1,
8175906,true,גאודה עיזים ו.פוד א.ח נוכרי,ג.וילי פוד בעמ,,,ל 100 גרם,10,ל 100 גרם,true,1,118.90,11.89,false,1,
8335560,true,סיגרים בשר,נטו מילנדה סחר בעמ*,,,יח,6,ל 100 גרם,false,1,12.90,2.15,false,1,
8335577,true,"9פסטל תפו,א",נטו מילנדה סחר בעמ*,,,יח,6,ל 100 גרם,false,1,12.90,2.15,false,1,
8335584,true,"סיגרים תפו,א",נטו מילנדה סחר בעמ*,,,יח,6,ל 100 גרם,false,1,12.90,2.15,false,1,
8343466,true,בצק פילו שלושת האופים 500 גרם,נטו מילנדה סחר בעמ*,,,יח,5,ל 100 גרם,false,1,18.90,3.78,true,1,
8343503,true,ג חנון אפוי 650 גרם שלושת האופים,נטו מילנדה סחר בעמ*,,,יח,6.50,ל 100 גרם,false,1,18.90,2.91,true,1,
8343510,true,מיני ג חנון אפוי שלושת האופים 650 גרם,נטו מילנדה סחר בעמ*,,,יח,6.50,ל 100 גרם,false,1,18.90,2.91,false,1,
8345156,true,פילה מקרוסקה,נטו מילנדה סחר בעמ*,,,"לק""ג",1,,true,1,120,120,false,1,
8409100,true,אצבעות שניצל מאמא עוף 700 גרם,תנובה ענף ב.ע.ד,,,יח,7,ל 100 גרם,false,1,33.90,4.84,false,1,
8409124,true,שניצל ג ונגל מאמא עוף,תנובה ענף ב.ע.ד,,,יח,7,ל 100 גרם,false,1,29.90,4.27,false,1,
8409216,true,שניצל דק דק פריך מאמא עוף 700 גרם,תנובה ענף ב.ע.ד,,,יח,7,ל 100 גרם,false,1,39.90,5.70,false,1,
8409223,true,שניצל דק מתובל,תנובה ענף ב.ע.ד,,,יח,1,,false,1,39.90,39.90,false,1,
8409407,true,שניצל דק בציפוי צ`יפס מאמא עוף 700 גרם,תנובה ענף ב.ע.ד,,,יח,7,ל 100 גרם,false,1,39.90,5.70,false,1,
8409551,true,שניצל ע. ציפוי,תנובה ענף ב.ע.ד,,,יח,7,ל 100 גרם,false,1,34.90,4.99,false,1,
8409582,true,שניצל אמיתי ביתי,תנובה ענף ב.ע.ד,,,יח,7,ל 100 גרם,false,1,34.90,4.99,false,1,
8464697,true,מכבי חזקה 7.9% שישיה,טמפו משקאות בעמ,,,יח,15,"ל 100 מ""ל",false,1,36.90,2.34,true,1,
8464703,true,מכבי מקומי 330שישיה ק,טמפו משקאות בעמ,,,יח,15,"ל 100 מ""ל",false,1,33.90,2.14,true,1,
8507295,true,"שווארמה עגל מתובל .בד""ץ",נתח אדום עוזי ביטון ובניו בעמ,,,יח,10,ל 100 גרם,false,1,32.90,3.29,false,1,
8577342,true,כבד עוף טרי ארוז,נטו מלינדה סחר בעמ,,,"לק""ג",1,,true,1,23.99,23.99,false,1,
8804189,true,קברנה סובניון גליל עליון,אגודת הכורמים בעמ,,,יח,7.50,"ל 100 מ""ל",false,1,59.90,7.95,true,1,
8805964,true,קברנה שיראז גליל עליון אדום יבש,אגודת הכורמים בעמ,,,יח,7.50,"ל 100 מ""ל",false,1,59.90,7.95,true,1,
8846219,true,"שמן זית חלוצה 750 מ""ל",נטו מילנדה סחר בעמ*,,,יח,7.50,"ל 100 מ""ל",false,1,39.90,5.32,false,1,
8899437,true,בייגל שומשום,ג`נרל מילס ישראל בעמ,,,יח,1,,false,1,3.90,3.90,false,1,
8899512,true,בגט כפרי,ג`נרל מילס ישראל בעמ,,,,1,,false,1,5.50,5.50,false,1,
8989091,true,פרכיות אורז 300ג 3יח BD *,בטר אנד דיפרנט בעמ,,,יח,3.10,ל 100 גרם,false,1,11.90,3.84,false,1,
8989572,true,ממרח חלבה טעם וניל *BD,בטר אנד דיפרנט בעמ,,,יח,3.50,ל 100 גרם,false,1,11.50,3.29,false,1,
8989695,true,שלווה חיטה מלאה דבש *BD,בטר אנד דיפרנט בעמ,,,יח,4,ל 100 גרם,false,1,13.90,3.48,false,1,
8989848,true,חמאת בוטנים קרנצי 350ג BD*,בטר אנד דיפרנט בעמ,,,יח,3.50,ל 100 גרם,false,1,13.50,3.86,false,1,
10003686,true,Bay leaves 20 grm bag - Maimon Spices,א.ל ייצור ושיווק תבלינים בעמ,,,יח,2,ל 100 גרם,false,1,5.90,2.95,false,1,
10003693,true,Sweet paprika 80 grm bag - Maimon Spices,א.ל ייצור ושיווק תבלינים בעמ,,,יח,0.20,ל 100 גרם,false,1,5.90,29.50,false,1,
10003792,true,Lemon Salt 100 grm bag new - Maimon Spic,א.ל ייצור ושיווק תבלינים בעמ,,,יח,1,ל 100 גרם,false,1,5.90,5.90,false,1,
10003808,true,Hyssop and sesame 80 grm bag - Maimon Sp,א.ל ייצור ושיווק תבלינים בעמ,,,יח,8,ל 100 גרם,false,1,5.90,0.74,false,1,
10065059,true,מחית פירות מעורבים שלב 3,גורי מוצרי צריכה 1991 בעמ,,,יח,1.90,ל 100 גרם,false,1,6.60,3.47,true,1,
10066445,true,טונה בשמן צמחי 414ג פילטונה אדום*,תעשיות פיל טונה בעמ,,,יח,4.14,ל 100 גרם,false,1,11.90,2.87,false,1,
10066513,true,טונה בשמן 160ג 4יח פילטונה*,תעשיות פיל טונה בעמ,,,יח,4,למארז,false,1,21.90,5.48,false,1,
10066575,true,טונה במים 160ג 4יח פילטונה*,תעשיות פיל טונה בעמ,,,יח,4,למארז,false,1,21.90,5.48,false,1,
10066582,true,טונה בשמן קנולה 160ג 4יח פילטונה*,תעשיות פיל טונה בעמ,,,יח,4,למארז,false,1,21.90,5.48,false,1,
10066599,true,טונה בשמן זית 160ג 4יח פילטונה*,תעשיות פיל טונה בעמ,,,יח,4.52,ל 100 גרם,false,1,27.90,6.17,false,1,
10195268,true,פופקורן מופחת שומן טבעי 5 יח`,"דנשר (1963) בע,מ",,,יח,5,ל 100 גרם,false,1,13.90,2.78,true,1,
10328345,true,חלבה חטיף 50ג אחוה,אחדות בעמ,,,יח,0.50,ל 100 גרם,false,1,1.60,3.20,false,1,
10328680,true,עוגת שוקוציפס מריר ולבן 450ג אחוה*,אחדות בעמ,,,יח,4.50,ל 100 גרם,false,1,9.90,2.20,false,1,
10328727,true,ממרח טחינה עם שוקולד400ג אחוה *,אחדות בעמ,,,יח,4,"ל 100 מ""ל",false,1,9.90,2.48,false,1,
10328734,true,ממרח טחינה עם סילאן 400ג אחוה *,אחדות בעמ,,,יח,4,"ל 100 מ""ל",false,1,9.90,2.48,false,1,
10328765,true,חלבה חטיף 50ג שוקו וניל בקופסה אחוה,אחדות בעמ,,,יח,0.50,ל 100 גרם,false,1,1.60,3.20,false,1,
10328819,true,ממרח טחינה עם שוקולד לייט אחוה*,אחדות בעמ,,,יח,4,"ל 100 מ""ל",false,1,9.90,2.48,false,1,
10328901,true,מאפין וניל 45ג אחוה*,אחדות בעמ,,,יח,0.45,ל 100 גרם,false,1,1.40,3.11,true,1,
10513727,true,פירורי לחם פנקו 200 גר`,מזרח ומערב יבוא ושיווק,,,יח,2,ל 100 גרם,false,1,7.90,3.95,false,1,
10558001,true,ממרח לימון 200ג עוזי*,עוזי טעמים של בית,,,יח,2,ל 100 גרם,false,1,10.90,5.45,false,1,
10558087,true,אריסה פיקנטי 200ג עוזי*,עוזי טעמים של בית,,,יח,2,ל 100 גרם,false,1,10.90,5.45,false,1,
10558094,true,אריסה 1 קג צנצנת עוזי*,עוזי טעמים של בית,,,יח,2,ל 100 גרם,false,1,28.90,14.45,false,1,
10558889,true,שום כתוש 200ג עוזי*,עוזי טעמים של בית,,,יח,2,ל 100 גרם,false,1,10.90,5.45,false,1,
10558896,true,אריסה מתוקה 200ג עוזי*,עוזי טעמים של בית,,,יח,2,ל 100 גרם,false,1,10.90,5.45,false,1,
10558902,true,אריסה חריפה מאוד 200ג עוזי*,עוזי טעמים של בית,,,יח,2,ל 100 גרם,false,1,10.90,5.45,false,1,
10650354,true,כורכום טרי שורש,"בכורי השדה צפון1994 ג.ד. בע""מ",,,יח,1,,false,1,9.90,9.90,false,1,
10719044,true,שמן זית 5 ליטר פח אחיה*,ארץ זית שמן מובחר בעמ,,,יח,50,"ל 100 מ""ל",false,1,199,3.98,false,1,
10719112,true,שמן זית 2 ליטר פח אחיה*,ארץ זית שמן מובחר בעמ,,,יח,20,"ל 100 מ""ל",false,1,85.90,4.30,false,1,
10766949,true,ממרח תחתיות ארטישוק,תה ויסוצקי (ישראל)בעמ,,,יח,1.80,ל 100 גרם,false,1,12.90,7.17,true,1,
10766956,true,ממרח פלפלים קלויים אוליביה,תה ויסוצקי (ישראל)בעמ,,,יח,1,,false,1,12.90,12.90,true,1,
10777358,true,פיתה כוסמין מלא שובע,גיא שיווק טוב,,,יח,1,יח,false,1,15.90,15.90,false,1,
10791576,true,לה קט דליטקס דגי אוקינוס,דיפלומט מפיצים {1968}בעמ,,,יח,0.85,ל 100 גרם,false,1,4.90,5.76,false,1,
11017736,true,סודה קינלי לימון רביעיה,החברה המרכזית להפצת משקאות בע,,,יח,4,לליטר,false,1,13.50,3.38,false,1,
11100006,true,זיתים ירוקים בודד יכין,זנלכל בעמ,,,יח,0.85,ל 100 גרם,false,1,4.50,5.29,false,1,
11132552,true,בירה פאולר 330 רבעיה,טמפו משקאות בעמ,,,יח,1.32,"ל 100 מ""ל",false,1,44,32.42,false,1,
11154592,true,סילאן 360 גרם בקבוק לחיץ*,טעמי הגליל בעמ,,,יח,3.60,ל 100 גרם,false,1,8.90,2.47,false,1,
11174163,true,Unk corn Vita 12 December - Vita,ויטה-פרי גליל (החדשה) בעמ,,,יח,3.40,ל 100 גרם,false,1,4.90,1.44,true,1,
11174866,true,צ יפס בטטה פרי הגליל 800 גרם,ויטה-פרי גליל (החדשה) בעמ,,,יח,7,ל 100 גרם,false,1,15.90,2.27,false,1,
11174897,true,600 expired peas - Pry Galilee,ויטה-פרי גליל (החדשה) בעמ,,,יח,6,ל 100 גרם,false,1,11.90,1.98,false,1,
11215347,true,ג`בטה 180 גר`,ג`נרל מילס ישראל בעמ,,,יח,0.18,ל 100 גרם,false,1,4.20,23.33,false,1,
11223038,true,עלים לקרמשניט 300 גר`,"דנשר (1963) בע,מ",,,יח,3,ל 100 גרם,false,1,14.90,4.97,false,1,
11223045,true,בישקוטים 200 גר,"דנשר (1963) בע,מ",,,יח,2,ל 100 גרם,false,1,5.90,2.95,false,1,
11249588,true,רולים שוקו 50ג בודד(רק לחזרות)גילרו,א.ג גילרו בעמ,,,יח,0.50,יח,false,1,1.50,3,false,1,
11254759,true,שעועית שחורה 500 מיה*,מיה תעשיות מזון מ.ת.מ בעמ,,,יח,5,ל 100 גרם,false,1,9.90,1.98,false,1,
11254766,true,שעועית לוביה 400 ג מיה*,מיה תעשיות מזון מ.ת.מ בעמ,,,יח,4,ל 100 גרם,false,1,9.90,2.48,false,1,
11254773,true,שעועית ארגנטינאית 500 מיה,מיה תעשיות מזון מ.ת.מ בעמ,,,יח,5,ל 100 גרם,false,1,9.90,1.98,true,1,
11369200,true,צינור למקלחת 1.5 מטר ע. הבית,עולם הבית,,,יח,1,,false,1,25.90,25.90,false,1,
11369224,true,קומפלט לידר/לאמבטיה ה ע. הבית,עולם הבית,,,יח,1,,false,1,59.90,59.90,false,1,
11407544,true,מארז חמישיית מגבוני עדן,דינמיק תעשיות מגבונים בעמ,,,יח,5,יח,false,12,12.90,2.58,false,1,
11499624,true,גבינת שמנת 30% טבעי,מחלבות גד שיווק 1992 בעמ,,,יח,2,ל 100 גרם,false,1,12.90,6.45,false,1,
11499846,true,ריקוטה פרסקה,מחלבות גד שיווק 1992 בעמ,,,יח,2.50,ל 100 גרם,false,1,16.90,6.76,false,1,
11499853,true,גבינת שמנת 30% זיתים,מחלבות גד שיווק 1992 בעמ,,,יח,2,ל 100 גרם,false,1,12.90,6.45,false,1,
11514075,true,סט תפירה ע. הבית,עולם הבית,,,יח,1,,false,1,9.90,9.90,false,1,
11514105,true,מסנן אמרקאי לכיור,עולם הבית,,,יח,1,,false,1,15,15,false,1,
11514440,true,קולב על הדלת צבעוני ע. הבית,עולם הבית,,,יח,1,,false,1,29.90,29.90,false,1,
11514549,true,מחורר חגורות ע. הבית,עולם הבית,,,יח,1,,false,1,24.90,24.90,false,1,
11514877,true,סט לבד לכיסאות ע. הבית,עולם הבית,,,יח,1,,false,1,11.90,11.90,false,1,
11514990,true,מספריים ע. הבית,עולם הבית,,,יח,1,,false,1,11.90,11.90,false,1,
11618025,true,נגיסי אורז לתינוק,"דנשר (1963) בע,מ",,,יח,0.50,ל 100 גרם,false,1,11.90,23.80,false,1,
11668389,true,קרם ידיים רימונים,פנינה רוזנבלום בעמ,,,יח,1,"ל 100 מ""ל",false,1,12.90,12.90,false,1,
11695651,true,צנימים 300 גר`,נאמן לאורך זמן בעמ,,,יח,3,ל 100 גרם,false,1,12.90,4.30,false,1,
11695972,true,טוסטים טעימים,נאמן לאורך זמן בעמ,,,יח,1,ל 100 גרם,false,1,7.90,7.90,false,1,
11773014,true,חגורה,ליאור יבוא ושיווק מוצרי הלבשה,,,יח,1,,false,1,25.90,25.90,false,1,
11876388,true,קציצות עוף ובקר מאמא עוף 600 גרם,תנובה ענף ב.ע.ד,,,יח,6,ל 100 גרם,false,1,28.90,4.82,false,1,
11947521,true,"שמן זית זית כתית מעולה בד""ץ",תה ויסוצקי (ישראל)בעמ,,,יח,6.30,"ל 100 מ""ל",false,1,34.90,5.54,true,1,
12025822,true,סלק שמיר אסלי 300 גר`,סלטי שמיר 2006 בעמ,,,יח,3,ל 100 גרם,false,1,10.90,3.63,true,1,
12025839,true,מטבוחה 400 גר`,סלטי שמיר 2006 בעמ,,,יח,3,ל 100 גרם,false,1,10.90,3.63,true,1,
12116063,true,אל סבון פיות קמומיל,החברה הדרומית לשיווק בעמ,,,יח,7.50,"ל 100 מ""ל",false,1,10.90,1.45,false,1,
12116537,true,א. כביסה מקסימה 2.5 מאסק,החברה הדרומית לשיווק בעמ,,,יח,25,ל 100 גרם,false,1,24.90,1,false,1,
12117091,true,"מקסימה 6 ק""ג ג סנסטיב",החברה הדרומית לשיווק בעמ,,,יח,60,ל 100 גרם,false,1,45.90,0.77,false,1,
12117275,true,"סנוקליר מילוי 750 מ""ל",החברה הדרומית לשיווק בעמ,,,יח,7.50,"ל 100 מ""ל",false,1,5.90,0.79,false,1,
12117350,true,ריצפז פרש 2ליטר,החברה הדרומית לשיווק בעמ,,,יח,20,"ל 100 מ""ל",false,1,17.90,0.90,false,1,
12117534,true,מרכך מקסימה סופר מרוכז,החברה הדרומית לשיווק בעמ,,,יח,10,"ל 100 מ""ל",false,1,17.90,1.79,false,1,
12117541,true,מרכך מקסימה סופר מרוכז,החברה הדרומית לשיווק בעמ,,,יח,10,"ל 100 מ""ל",false,1,17.90,1.79,false,1,
12117558,true,מרכך מקסימה סופר מרוכז,החברה הדרומית לשיווק בעמ,,,יח,10,"ל 100 מ""ל",false,1,17.90,1.79,false,1,
12117916,true,סנו אינסטלטור נוזלי 1 ליטר,החברה הדרומית לשיווק בעמ,,,יח,10,"ל 100 מ""ל",false,1,26.90,2.69,false,1,
12226021,true,סלמי מעושן פראג 400 גר`,זוגלובק שיווק בעמ,,,יח,4,ל 100 גרם,false,1,16.90,4.23,false,1,
12226120,true,קבנוס 135 גר`,זוגלובק שיווק בעמ,,,יח,1.35,ל 100 גרם,false,1,9.90,7.33,true,1,
12226922,true,קבנוס בטעם שום,זוגלובק שיווק בעמ,,,יח,1,,false,1,9.90,9.90,true,1,
12226939,true,קבנוס בטעם צ`ילי,זוגלובק שיווק בעמ,,,יח,1,,false,1,9.90,9.90,true,1,
12226991,true,"נקנקיות ג`מבו 1.5 ק""ג זוגלובק",זוגלובק שיווק בעמ,,,יח,15,ל 100 גרם,false,1,26.90,1.79,true,1,
12227172,true,מארז זוג כפרי דבש,זוגלובק שיווק בעמ,,,יח,8,ל 100 גרם,false,1,25.90,3.24,true,1,
12227592,true,צמד 700 גרם מחפוד זוגלובק,זוגלובק שיווק בעמ,,,יח,7,ל 100 גרם,false,1,26.90,3.84,true,1,
12227615,true,נקנקיות עוף 800 גר`-מחפוד-זוגלובק,זוגלובק שיווק בעמ,,,יח,8,ל 100 גרם,false,1,19.90,2.49,false,1,
12227622,true,חרמון כפריות דבש 400 גר` מחפוד,זוגלובק שיווק בעמ,,,יח,4,ל 100 גרם,false,1,21.90,5.48,false,1,
12245275,true,"צ`יפס בטטה קריספי, 1 ק""ג",קפוא זן תעשיות מזון בעמ,,,יח,0,יח,false,1,25.90,25.90,false,1,
12313141,true,מלפון פרוסות במלח A2,קבוצת יבנה מוצרי מזון,,,יח,6,ל 100 גרם,false,1,6.50,1.08,false,1,
12313547,true,זיתים קלמנטה A2,קבוצת יבנה מוצרי מזון,,,יח,6,ל 100 גרם,false,1,10.90,1.82,false,1,
12367908,true,"קמיל בלו סנסטיב ד""ר פישר","פישר תעשיות פרמצביטות בע""מ",,,יח,7.50,"ל 100 מ""ל",false,1,16.90,2.25,false,1,
12404955,true,ספרינג נקטר חמוציות,יפאורה שותפות מוגבלת לשיווק,,,יח,12,"ל 100 מ""ל",false,1,11.90,0.97,false,1,
12404993,true,ספרינג נקטר דיאט חמוציות,יפאורה שותפות מוגבלת לשיווק,,,יח,12.50,"ל 100 מ""ל",false,1,11.90,0.93,false,1,
12522581,true,שניצל תירס ללא גלוטן,קבוצת אוסם סחר שותפות מוגבלת,,,יח,6.64,ל 100 גרם,false,1,26.90,4.05,true,1,
12803055,true,מרמוליט סוכרלוז 100 יח`,"דנשר (1963) בע,מ",,,יח,1,ל 100 גרם,false,1,24.90,24.90,true,1,
12803314,true,סוכרלוז 300 טבליות,"דנשר (1963) בע,מ",,,יח,21.60,ל 100 גרם,false,1,39.90,1.85,false,1,
12823251,true,כיף אל סבון יסמין לבנדר ק,החברה הדרומית לשיווק בעמ,,,יח,1,לליטר,false,1,11.90,11.90,false,1,
12823374,true,מגבונים אנטי קלאק,החברה הדרומית לשיווק בעמ,,,יח,1,,false,1,10.90,10.90,false,1,
12823381,true,מרכך מקסימה סנסנטיב 1 ליטר,החברה הדרומית לשיווק בעמ,,,יח,10,"ל 100 מ""ל",false,1,17.90,1.79,false,1,
12823589,true,ריצפז פרש לימון 2 ליטר,החברה הדרומית לשיווק בעמ,,,יח,2,לליטר,false,1,17.90,8.95,false,1,
12823602,true,נייר טואלט סןפט 32 לבן,החברה הדרומית לשיווק בעמ,,,יח,25.50,ל 100 גרם,false,1,34.90,1.37,false,1,
12823657,true,רסס וכבס מילוי,החברה הדרומית לשיווק בעמ,,,יח,7.50,"ל 100 מ""ל",false,1,9.90,1.32,false,1,
12823923,true,מרכך פרימיום מקסימה גולדן,החברה הדרומית לשיווק בעמ,,,יח,1,לליטר,false,1,17.90,17.90,false,1,
12823947,true,מרכך פרימיום מקסימה קריסטל,החברה הדרומית לשיווק בעמ,,,יח,7.50,לליטר,false,1,17.90,2.39,false,1,
12936913,true,40 grm Czech flush. Glass - Maimon Spice,א.ל ייצור ושיווק תבלינים בעמ,,,יח,0.50,ל 100 גרם,false,1,10.90,21.80,false,1,
12936937,true,Bharat 40 grm Court. Glass - Maimon Spic,א.ל ייצור ושיווק תבלינים בעמ,,,יח,0.60,ל 100 גרם,false,1,10.90,18.17,false,1,
12936944,true,Ground nutmeg 40 grm Court. Zech - Maimo,א.ל ייצור ושיווק תבלינים בעמ,,,יח,0.50,ל 100 גרם,false,1,13.90,27.80,false,1,
12938580,true,סנסודין הלבנה עדינה,גורי ע.ע.ע בעמ,,,יח,0.75,ל 100 גרם,false,1,21.90,29.20,true,1,
12938597,true,סנסודיין הקלה מיידית,גורי ע.ע.ע בעמ,,,יח,1,,false,1,25.90,25.90,true,1,
12975875,true,disposable plastic 285cc maroccan 40,בנדע אגשח בעמ,,,יח,75,יח,false,1,9.90,0.13,true,1,
12996450,true,מרכך כביסה הפי סופר מרוכז,"יעקב יעקבי ובניו בע""מ",,,יח,10,"ל 100 ס""מ",false,1,12.90,1.29,false,1,
12996672,true,סבון אסלה + בושם ל24 שעות,"יעקב יעקבי ובניו בע""מ",,,יח,1,,false,1,9.90,9.90,false,1,
12996702,true,שקיות ריחניות לבגדים,"יעקב יעקבי ובניו בע""מ",,,יח,1,,false,1,12,12,false,1,
13027313,true,לחמניה כפרית,שלמה א.אנג ל בעמ,,,יח,1,,false,1,2.50,2.50,false,1,
13027399,true,אנג`ל 100 קל,שלמה א.אנג ל בעמ,,,יח,1,,false,1,14.90,14.90,false,1,
13038432,true,אקווה נובה 2 ליטר יחידה,טמפו משקאות בעמ,,,יח,2,לליטר,false,1,3.20,1.45,false,1,
13083661,true,מטרנה אקסטרה קר שלב 1,קבוצת אוסם סחר שותפות מוגבלת,,,יח,7,"ל 100 מ""ל",false,1,55.90,7.99,false,1,
13083678,true,מטרנה אקסטרה קר שלב 2,קבוצת אוסם סחר שותפות מוגבלת,,,יח,7,"ל 100 מ""ל",false,1,55.90,7.99,false,1,
13083685,true,מטרנה אקסטרה קר שלב 3,קבוצת אוסם סחר שותפות מוגבלת,,,יח,7,"ל 100 מ""ל",false,1,55.90,7.99,false,1,
13117212,true,בורקס פילו במילוי גבינה מעדנות 600 גרם,תנובה ענף ב.ע.ד,,,ל 100 גרם,6,ל 100 גרם,false,1,19.90,3.32,false,1,
13117229,true,"בורקס פילו במילוי תפו""א מעדנות 600 גר",תנובה ענף ב.ע.ד,,,ל 100 גרם,6,ל 100 גרם,false,1,19.90,3.32,false,1,
13117236,true,בורקס פילו פיצה מעדנות 600 גרם,תנובה ענף ב.ע.ד,,,ל 100 גרם,6,ל 100 גרם,false,1,19.90,3.32,false,1,
13117243,true,בורקס פילו בולגרית מעדנות 600 גרם,תנובה ענף ב.ע.ד,,,ל 100 גרם,6,ל 100 גרם,false,1,19.90,3.32,false,1,
13117410,true,בצק פריך מתוק מעדנות 900 גרם,תנובה ענף ב.ע.ד,,,ל 100 גרם,9,ל 100 גרם,false,1,20.90,2.32,false,1,
13117526,true,בצק שמרים למאפה מתוקים מעדנות 600 גרם,תנובה ענף ב.ע.ד,,,יח,6,ל 100 גרם,false,1,19.90,3.32,false,1,
13144157,true,Orchid 130 grm - Maimon`s,א.ל ייצור ושיווק תבלינים בעמ,,,יח,1.30,ל 100 גרם,false,1,9.90,7.62,true,1,
13144171,true,Fur chocolate cake mix 560 - Maimon`s,א.ל ייצור ושיווק תבלינים בעמ,,,יח,5.60,ל 100 גרם,false,1,16.90,3.02,true,1,
13144195,true,Mix chocolate balls 500 grm - Maimon`s,א.ל ייצור ושיווק תבלינים בעמ,,,יח,5,ל 100 גרם,false,1,16.90,3.38,true,1,
13144201,true,400 grm pancake mix - Maimon`s,א.ל ייצור ושיווק תבלינים בעמ,,,יח,4,ל 100 גרם,false,1,16.90,4.23,true,1,
13144218,true,Vanilla cake mix 560 grm - Maimon`s,א.ל ייצור ושיווק תבלינים בעמ,,,יח,5.60,ל 100 גרם,false,1,16.90,3.02,true,1,
13144249,true,95 grm Chocolate Pudding - Maimon`s,א.ל ייצור ושיווק תבלינים בעמ,,,יח,0.85,ל 100 גרם,false,1,4.90,5.76,true,1,
13144317,true,Goni 18 units - Maimon`s,א.ל ייצור ושיווק תבלינים בעמ,,,יח,1.50,ל 100 גרם,false,1,20.90,13.93,false,1,
13144393,true,Vanilla extract 50 grm - Maimon`s,א.ל ייצור ושיווק תבלינים בעמ,,,יח,0.50,ל 100 גרם,false,1,4.40,8.80,false,1,
13144409,true,Rum extract 50 grm - Maimon`s,א.ל ייצור ושיווק תבלינים בעמ,,,יח,0.50,ל 100 גרם,false,1,4.40,8.80,false,1,
13144522,true,Green food coloring 50 grm - Maimon`s,א.ל ייצור ושיווק תבלינים בעמ,,,יח,0.50,ל 100 גרם,false,1,3.90,7.80,false,1,
13144539,true,Red food coloring 50 grm - Maimon`s,א.ל ייצור ושיווק תבלינים בעמ,,,יח,0.50,ל 100 גרם,false,1,3.90,7.80,false,1,
13145017,true,Walnut shell 100 grm - Maimon`s,א.ל ייצור ושיווק תבלינים בעמ,,,יח,1,ל 100 גרם,false,1,11.90,11.90,false,1,
13145048,true,Pine nuts 100 grm - Maimon`s,א.ל ייצור ושיווק תבלינים בעמ,,,יח,1,ל 100 גרם,false,1,24.90,24.90,false,1,
13145109,true,Bleached almond powder 100 grm - Maimon`,א.ל ייצור ושיווק תבלינים בעמ,,,יח,1,ל 100 גרם,false,1,12.90,12.90,true,1,
13145116,true,Bleached almond sticks 100 grm - Maimon`,א.ל ייצור ושיווק תבלינים בעמ,,,יח,1,,false,1,12.90,12.90,true,1,
13145123,true,Bleached almond sliced ??100 grm - Maimo,א.ל ייצור ושיווק תבלינים בעמ,,,יח,1,ל 100 גרם,false,1,12.90,12.90,true,1,
13145178,true,Shredded coconut White 100 grm - Maimon`,א.ל ייצור ושיווק תבלינים בעמ,,,יח,1,ל 100 גרם,false,1,4.50,4.50,false,1,
13145192,true,Sesame 100 grm - Maimon`s,א.ל ייצור ושיווק תבלינים בעמ,,,יח,1,ל 100 גרם,false,1,4.50,4.50,false,1,
13145215,true,Sesame 400 grm - Maimon`s,א.ל ייצור ושיווק תבלינים בעמ,,,יח,4,ל 100 גרם,false,1,12.90,3.23,false,1,
13145390,true,Compound chocolate chocolate Tz`ifs 250,א.ל ייצור ושיווק תבלינים בעמ,,,יח,2.50,ל 100 גרם,false,1,8.90,3.56,false,1,
13145406,true,Compound chocolate and white chocolate T,א.ל ייצור ושיווק תבלינים בעמ,,,יח,2.50,ל 100 גרם,false,1,9.90,3.96,false,1,
13145437,true,Real chocolate chips 45% - Maimon`s,א.ל ייצור ושיווק תבלינים בעמ,,,יח,2.50,ל 100 גרם,false,1,11.90,4.76,false,1,
13145444,true,Chocolate Tz`ifs 66% - Maimon`s,א.ל ייצור ושיווק תבלינים בעמ,,,יח,2.50,ל 100 גרם,false,1,14.90,5.96,false,1,
13145536,true,Chocolate candy garnish 90 - Maimon`s,א.ל ייצור ושיווק תבלינים בעמ,,,יח,0.90,ל 100 גרם,false,1,5.50,6.11,false,1,
13145567,true,Mini Mini lentils 90 grm - Maimon`s,א.ל ייצור ושיווק תבלינים בעמ,,,יח,0.90,ל 100 גרם,false,1,10.90,12.11,false,1,
13145833,true,95 grm Chocolate Pudding - Maimon`s,א.ל ייצור ושיווק תבלינים בעמ,,,יח,0.85,ל 100 גרם,false,1,4.90,5.76,true,1,
13145840,true,Vanilla sugar 10 cards for cellophane -,א.ל ייצור ושיווק תבלינים בעמ,,,יח,20,יח,false,1,2.20,0.11,false,1,
13145857,true,Baking powder 10 cards for cellophane -,א.ל ייצור ושיווק תבלינים בעמ,,,יח,20,יח,false,1,2.20,0.11,false,1,
13145864,true,G`ltin pure powder 28 grm - Maimon`s,א.ל ייצור ושיווק תבלינים בעמ,,,יח,3,ל 100 גרם,false,1,11.90,3.97,false,1,
13145871,true,Stick dry yeast * 11 grm 5 pcs - Maimon`,א.ל ייצור ושיווק תבלינים בעמ,,,יח,3,ל 100 גרם,false,1,9.90,3.30,false,1,
13145918,true,100 grm powdered sugar - Maimon`s,א.ל ייצור ושיווק תבלינים בעמ,,,יח,1,ל 100 גרם,false,1,1.90,1.90,false,1,
13145970,true,Cornstarch 100 grm - Maimon`s,א.ל ייצור ושיווק תבלינים בעמ,,,יח,2,ל 100 גרם,false,1,3.90,1.95,false,1,
13146038,true,400 grm cherry stuffing - Maimon`s,א.ל ייצור ושיווק תבלינים בעמ,,,יח,4,ל 100 גרם,false,1,15.90,3.98,true,1,
13146854,true,White coconut powder 400 grm bag - Maimo,א.ל ייצור ושיווק תבלינים בעמ,,,יח,4,ל 100 גרם,false,1,14.90,3.73,false,1,
13203212,true,תות שדה ארוז משק 77,"בכורי השדה צפון1994 ג.ד. בע""מ",,,יח,1,,false,1,34.90,34.90,false,1,
13267665,true,מאגדת סולרו פירות טרופים,"גלידת שטראוס בע""מ",,,יח,3.54,ל 100 גרם,false,1,22.90,6.47,false,1,
13268020,true,מרכך מקסימה א. פרש 1 ליטר,החברה הדרומית לשיווק בעמ,,,יח,10,"ל 100 מ""ל",false,1,17.90,1.79,false,1,
13268037,true,מרכך מקסימה פצ`ולי 1 ליטר,החברה הדרומית לשיווק בעמ,,,יח,10,"ל 100 מ""ל",false,1,17.90,1.79,false,1,
13268884,true,ריצפז פרש מאסק 2 ליטר,החברה הדרומית לשיווק בעמ,,,יח,20,"ל 100 מ""ל",false,1,17.90,0.90,false,1,
13268891,true,ג`ל אוקסיג`ן 3 ליטר,החברה הדרומית לשיווק בעמ,,,יח,3,לליטר,false,1,28.90,9.63,false,1,
13268990,true,מרכך מקסימה ביו מרוכז,החברה הדרומית לשיווק בעמ,,,יח,1,לליטר,false,1,17.90,17.90,false,1,
13269003,true,מרכך מקסימה מרוכז בייבי,החברה הדרומית לשיווק בעמ,,,יח,1,לליטר,false,1,17.90,17.90,false,1,
13269263,true,ג ל כביסה קריסטל 3 ליטר,החברה הדרומית לשיווק בעמ,,,יח,3,לליטר,false,1,28.90,9.63,false,1,
13269287,true,ג ל כביסה מאסק 3 ליטר,החברה הדרומית לשיווק בעמ,,,יח,30,"ל 100 מ""ל",false,1,28.90,0.96,false,1,
13269645,true,מטליות ריצפז מאסק,החברה הדרומית לשיווק בעמ,,,יח,1,,false,1,11.90,11.90,false,1,
13358356,true,פירורי לחם מוזהבים 320 גר`.,ש.שסטוביץ בעמ,,,יח,3.20,ל 100 גרם,false,1,6.90,2.16,false,1,
13358363,true,פירורי לחם יפני פנקו מוזהב.,ש.שסטוביץ בעמ,,,יח,3,ל 100 גרם,false,1,8.90,2.97,false,1,
13361981,true,"ציפס קטרינג 2 ק""ג פרי גליל",ויטה-פרי גליל (החדשה) בעמ,,,יח,20,"לק""ג",false,1,19.90,1,false,1,
13361998,true,"ציפס סטק 2 ק""ג פרי גליל",ויטה-פרי גליל (החדשה) בעמ,,,יח,20,"לק""ג",false,1,19.90,1,false,1,
13381088,true,עמבה הודית נאמן,נאמן לאורך זמן בעמ,,,יח,5,ל 100 גרם,false,1,8.90,1.78,false,1,
13472892,true,בולגריה קוביות 200 גר`,ג.וילי פוד בעמ,,,יח,2,ל 100 גרם,false,1,10.90,5.45,true,1,
13525796,true,סחוג תימני 150 ג`,סלטי שמיר 2006 בעמ,,,יח,1.50,ל 100 גרם,false,1,9.90,6.60,false,1,
13525802,true,סחוג אדום150 ג`,סלטי שמיר 2006 בעמ,,,יח,1.50,ל 100 גרם,false,1,9.90,6.60,false,1,
13531117,true,רוטב פסטה לילדים,זנלכל בעמ,,,יח,2.60,ל 100 גרם,false,1,5.50,2.12,false,1,
13531346,true,סירופ דיאט לימונענע ליטר,זנלכל בעמ,,,יח,1,לליטר,false,1,16.90,16.90,false,1,
13534057,true,צ`יפס בטטה טבעי 100 גר`,מיה תעשיות מזון מ.ת.מ בעמ,,,יח,1,ל 100 גרם,false,1,7.90,7.90,true,1,
13793126,true,חנוכיה מוצק,עטרת מלכות,,,יח,1,,false,1,49.90,49.90,false,1,
13847379,true,"סטארקיסט בשמן 140ג שישיות בד""ץ*",דיפלומט מפיצים #,,,יח,1,,false,1,29.90,29.90,false,1,
13847867,true,סטארקיסט זוגות 140 ג` בשמן סויה,דיפלומט מפיצים {1968}בעמ,,,יח,1.60,ל 100 גרם,false,1,10.90,6.81,true,1,
13883148,true,הפי סופג ריחות במקרר,"יעקב יעקבי ובניו בע""מ",,,יח,1,יח,false,1,10.90,10.90,false,1,
13883407,true,דזיטול מרסס משמיד חיידקים,"יעקב יעקבי ובניו בע""מ",,,יח,5,"ל 100 מ""ל",false,1,11.90,2.38,true,1,
13906984,true,סלמי תה מחפוד 300 גר`,תנובה ענף ב.ע.ד,,,יח,3,ל 100 גרם,false,1,24.90,8.30,false,1,
13927026,true,דקליות רגיל 400ג אחוה*,אחדות בעמ,,,יח,4,ל 100 גרם,false,1,9.90,2.48,false,1,
13927033,true,עוגיות מעמול 600ג אחוה*,אחדות בעמ,,,יח,6,ל 100 גרם,false,1,9.90,1.65,false,1,
13927040,true,עוגיות ממולא שוקולד 600ג אחוה*,אחדות בעמ,,,יח,6,ל 100 גרם,false,1,9.90,1.65,false,1,
13927057,true,עוגיות שוקוציפס 400ג אחוה*,אחדות בעמ,,,יח,4,ל 100 גרם,false,1,9.90,2.48,false,1,
13927064,true,עוגיות גרנולה פירות יער 400ג אחוה*,אחדות בעמ,,,יח,4,ל 100 גרם,false,1,9.90,2.48,false,1,
13927101,true,עוגת תפוח ללא סוכר 450ג אחוה*,אחדות בעמ,,,יח,4.50,ל 100 גרם,false,1,11.90,2.64,false,1,
13927156,true,עוגת פירות יער ללא סוכר 450ג אחוה*,אחדות בעמ,,,יח,4.50,ל 100 גרם,false,1,11.90,2.64,false,1,
13927200,true,עוגת שוקוציפס עשירה 20% אחוה*,אחדות בעמ,,,יח,4.50,ל 100 גרם,false,1,10.90,2.42,false,1,
13927323,true,עוגת בראוניס 400ג אחוה *,אחדות בעמ,,,יח,4,ל 100 גרם,false,1,10.90,2.73,false,1,
13927583,true,רוגעלך וניל עם שוקוצ`יפס 400 ג`*,אחדות בעמ,,,יח,4,ל 100 גרם,false,1,9.90,2.48,false,1,
13927637,true,חלבה ללא תוספת סוכר 400 גרם*,אחדות בעמ,,,יח,1,,false,1,12.90,12.90,false,1,
13927644,true,עוגיות כתר תות 400ג אחוה*,אחדות בעמ,,,יח,4,ל 100 גרם,false,1,9.90,2.48,false,1,
13927804,true,"טחינה משומשום מלא 1 ק""ג אחוה*",אחדות בעמ,,,יח,10,ל 100 גרם,false,1,18.90,1.89,false,1,
13927989,true,מאפין ממולא בטעם קרמל 50ג אחוה*,אחדות בעמ,,,יח,0.50,ל 100 גרם,false,1,1.40,2.80,true,1,
14046474,true,"נקניק עוף יחיעם 1.5 ק""ג",מעדני יחיעם (1993) בעמ,,,יח,1.50,"לק""ג",false,1,29.90,19.93,true,1,
14059085,true,סנסודין שיקום והגנה,גורי ע.ע.ע בעמ,,,יח,75,"ל 100 מ""ל",false,1,25.90,0.35,true,1,
14204478,true,קרם גוף פנינה,פנינה רוזנבלום בעמ,,,יח,3.40,"ל 100 מ""ל",false,1,24.90,7.32,true,1,
14205086,true,disposable plastic 180cc celar cup,סאם פלסטיק,,,יח,1,יח,false,1,3.90,3.90,false,1,
14205093,true,דבש 350ג שווה עדה חרדית*,דבש שלנו( )1987בעמ,,,יח,3.50,ל 100 גרם,false,1,13.90,3.97,false,1,
14205611,true,"פחם 5 ק""ג""שווה"" *",י.ד יבוא קל בעמ,,,יח,5,"לק""ג",false,1,37.90,7.58,false,1,
14205628,true,"מזלגות הגשה 3 יח ""שווה""*",ווינפאק סחר בעמ,,,יח,3,יח,false,50,2.90,0.97,false,1,
14205673,true,"שמן סויה 1 ליטר ""שווה""* (12 בקרטון)*",SOVENA PORTUGAL,,,יח,1,לליטר,false,1,9.90,9.90,false,1,
14205741,true,"מפת שולחן 25 מטר ניילון בגליל""שווה""*",צח ליין בעמ,,,יח,25,למטר,false,1,19.80,0.79,true,1,
14205758,true,"מפות שולחן *6 עבה במיוחד ""3/1.35 שווה""",צח ליין בעמ,,,יח,25,למטר,false,1,11.90,0.48,false,1,
14205765,true,מפות שולחן עבה במיוחד* 8 2.4/1.35*,צח ליין בעמ,,,יח,25,למטר,false,1,11.90,0.48,false,1,
14205772,true,"מפות שולחן *8 עבה שקוף ""שווה""*",צח ליין בעמ,,,יח,25,למטר,false,1,8.50,0.34,true,1,
14205802,true,שקיות הקפאה זוג 100X2 שווה*,ווינפאק סחר בעמ,,,יח,300,יח,false,20,6.90,0.02,true,1,
14205819,true,"שקיות 75/90 שרוך 20 יח ""שווה"" *",ווינפאק סחר בעמ,,,יח,1,יח,false,1,13.90,13.90,true,1,
14205857,true,שקיות 75/90 גליל 20 יח` ממוחזר שווה*,Zmzm for plastic,,,למטר,25,יח,false,1,9.90,0.40,true,1,
14205864,true,"שקיות כתום 75/90 גליל 50 יח` ""שווה""*",צח ליין בעמ,,,יח,50,יח,false,1,8.90,0.18,true,1,
14206021,true,מאפינס נייר קטנים 20 יח`שווה (24 בקר,ווינפאק סחר בעמ,,,יח,1,למארז,false,24,5.90,5.90,false,1,
14206045,true,מאפינס נייר אלומיניום קטנים 12 יח (24,ווינפאק סחר בעמ,,,יח,1,למארז,false,24,5.90,5.90,false,1,
14206205,true,תבניות פלא נייר בינונית *3 שווה*,ווינפאק סחר בעמ,,,יח,1,למארז,false,24,8.90,8.90,false,1,
14206212,true,תבניות פלא נייר גדולות *3 שווה*,ווינפאק סחר בעמ,,,יח,1,למארז,false,24,9.90,9.90,false,1,
14206243,true,קערה סגנון קריסטל ענקית שווה*,ווינפאק סחר בעמ,,,יח,1,יח,false,1,12.90,12.90,false,1,
14206250,true,מפיות נייר 80יח שווה*,ווינפאק סחר בעמ,,,יח,80,יח,false,1,4.90,0.06,true,1,
14206274,true,גפרור אקסטרה לארג` *3 שווה*,י.ד יבוא קל בעמ,,,יח,3,יח,false,1,4.60,1.53,false,1,
14206427,true,מיכלי אחסון 0.5 ליטר 6 יח שווה( 32 ב,אשוש חצב בעמ,,,יח,6,יח,false,32,8.90,1.48,true,1,
14206434,true,מיכלי אחסון 1 ליטר 5 יח שווה( 24 בקר,אשוש חצב בעמ,,,יח,5,יח,false,1,8.90,1.78,true,1,
14206441,true,מיכלי אחסון 2 ליטר 4 יח שווה( 18 בקר,אשוש חצב בעמ,,,יח,4,יח,false,1,8.90,2.23,true,1,
14206458,true,מיכלי אחסון 2.5 ליטר 2 יח שווה( 20 ב,אשוש חצב בעמ,,,יח,2,יח,false,1,8.90,4.45,true,1,
14206465,true,מיכלי אחסון 3 ליטר 2 יח שווה( 18 בקר,אשוש חצב בעמ,,,יח,2,יח,false,1,8.90,4.45,true,1,
14206472,true,מיכלי אחסון 4.5 ליטר 2 יח שווה( 14 ב,אשוש חצב בעמ,,,יח,2,יח,false,1,8.90,4.45,true,1,
14206724,true,מגש אובלי חושן 3 יח גדולים שווה ZZ,ווינפאק סחר בעמ,,,יח,3,למארז,false,12,8.90,2.97,false,1,
14206793,true,"כפפות ניילון ח""פ * 100 ""שווה"" *",ווינפאק סחר בעמ,,,יח,100,יח,false,1,4.50,0.05,true,1,
14206847,true,סרדינים שמן סויה 125ג שווה מרוקו*,רוברטו פוד בעמ,,,יח,1.25,ל 100 גרם,false,25,3.90,3.12,true,1,
14206861,true,סרדינים בשמן זית 125ג שווה - מרוקו*,רוברטו פוד בעמ,,,יח,1.25,ל 100 גרם,false,25,3.90,3.12,true,1,
14206878,true,סרדינים ברוטב עגבניות 125ג שווה- מרו,רוברטו פוד בעמ,,,יח,1.25,ל 100 גרם,false,25,3.90,3.12,true,1,
14206908,true,"אננס שלם A2 ""שווה"" * (24 בקרטון)*",TAKERNG PINEAPPLE INDUSTRIAL,,,יח,5.65,ל 100 גרם,false,1,7.90,1.40,true,1,
14206915,true,disposable plastic 17 cm soup plate 25,אריזות מדף פלזית אגשח בעמ,,,יח,20,יח,false,24,4.90,0.25,false,1,
14206922,true,disposable plastic 17 cm soup plate 25,אריזות מדף פלזית אגשח בעמ,,,יח,10,יח,false,20,5.90,0.59,false,1,
14206939,true,"מרקיה שקופה""שווה"" (24 בקרטון) *",אריזות מדף פלזית אגשח בעמ,,,יח,20,יח,false,1,9.90,0.50,false,1,
14206946,true,disposable plastic 17 cm soup plate 25,אריזות מדף פלזית אגשח בעמ,,,יח,20,יח,false,1,8.90,0.45,false,1,
14206953,true,disposable plastic 17 cm soup plate 25,אריזות מדף פלזית אגשח בעמ,,,יח,20,יח,false,1,13.90,0.70,false,1,
14206960,true,disposable plastic 17 cm soup plate 25,אריזות מדף פלזית אגשח בעמ,,,יח,20,יח,false,1,21.90,1.10,false,1,
14206977,true,disposable plastic 17 cm soup plate 25,אריזות מדף פלזית אגשח בעמ,,,יח,10,יח,false,26,11.90,1.19,false,1,
14230019,true,פרוטיב 2 ליטר פטל שילת *,שילת תרכיזי בית השיקמה בעמ,,,יח,20,"ל 100 מ""ל",false,1,38.90,1.95,false,1,
14230064,true,פרוטיב 2 ליטר תות בננה שילת*,שילת תרכיזי בית השיקמה בעמ,,,יח,20,"ל 100 מ""ל",false,1,38.90,1.95,false,1,
14230118,true,.פרוטיב 2 ליטר לימון שילת*,שילת תרכיזי בית השיקמה בעמ,,,יח,20,"ל 100 מ""ל",false,1,38.90,1.95,false,1,
14230347,true,פרוטיב 4 ליטר לימון שילת*,שילת תרכיזי בית השיקמה בעמ,,,יח,40,"ל 100 מ""ל",false,1,69,1.73,false,1,
14230477,true,פרוטיב 4 ליטר פטל שילת*,שילת תרכיזי בית השיקמה בעמ,,,יח,40,"ל 100 מ""ל",false,1,69,1.73,false,1,
14288072,true,"כריות יפניות רביעיה""שווה"" איכותיות*",פלסטו פוליש (ברקן)בעמ,,,יח,1,למארז,false,1,6.90,6.90,false,1,
14288089,true,"סרטי קירצוף זוגות ""שווה"" איכותי*",פלסטו פוליש (ברקן)בעמ,,,יח,1,למארז,false,1,6.90,6.90,false,1,
14288096,true,"מטליות מיקרופייבר *5 ניקוי כלל ""שווה""",HUBEI G YOUNG CO LTD,,,יח,1,למארז,false,1,8.90,8.90,true,1,
14288102,true,"מטלית מיקרופייבר לרצפה ""שווה"" *",HUBEI G YOUNG CO LTD,,,יח,1,למארז,false,1,6.90,6.90,false,1,
14288133,true,"אטבי כביסה *9 איכותיים ""שווה"" *",LINHAI סין,,,יח,1,למארז,false,1,3.90,3.90,true,1,
14288195,true,מפת שולחן אלבד חלק שווה*,ווינפאק סחר בעמ,,,יח,1,יח,false,25,4.90,4.90,false,1,
14288201,true,מארז מטליות מיקרופיבר כללי+רצפה שווה*,HUBEI G YOUNG CO LTD,,,יח,1,למארז,false,1,12.90,12.90,true,1,
14288232,true,טרופיל פקק 40 יח ברקוד בודד *14288256,קלית סיטבון בעמ,,,יח,1,יח,false,1,49.90,49.90,false,1,
14288287,true,גליל אלבד 20 מטר חלק שווה*,ווינפאק סחר בעמ,,,יח,20,למטר,false,5,31.90,1.60,false,1,
14288300,true,"טורטייה 8 יח 320 גרם""שווה"" *",רוברטו פוד בעמ,,,יח,8,יח,false,1,8.90,1.11,true,1,
14288317,true,"טורטייה 6 יח 420 גרם""שווה""*",רוברטו פוד בעמ,,,יח,1,,false,1,9.90,9.90,true,1,
14288324,true,"טורטייה מקמח מלא 8 יח 320 גרם""שווה""*",רוברטו פוד בעמ,,,יח,8,יח,false,1,9.90,1.24,true,1,
14288348,true,נודלס HOT CUP טעם ירקות 60ג שווה*,רוברטו פוד בעמ,,,יח,1,יח,false,1,3.90,3.90,true,1,
14288379,true,ערמונים 100 ג` שווה *,רוברטו פוד בעמ,,,יח,8,יח,false,1,5.90,0.74,true,1,
14288393,true,"רוטב סויה 500 מ""ל ""שווה"" *",רוברטו פוד בעמ,,,יח,5,"ל 100 מ""ל",false,1,9.90,1.98,true,1,
14288409,true,"רוטב טריאקי 300 מ""ל ""שווה"" *",רוברטו פוד בעמ,,,יח,3,"ל 100 מ""ל",false,1,8.90,2.97,true,1,
14288416,true,"רוטב צילי חריף 700 מ""ל ""שווה"" *",רוברטו פוד בעמ,,,יח,7,"ל 100 מ""ל",false,1,9.90,1.41,true,1,
14288423,true,2day memorial candle,LITBRIGHT CANDLE CO LTD,,,יח,1,יח,false,24,4.50,4.50,true,1,
14288607,true,זוג רדיד אלומיניום ארוך 7.5/4.5 שווה,אופל אריזות בעמ,,,יח,1,יח,false,1,9.90,9.90,false,1,
14288645,true,"מגבונים מגבופיל""שווה"" 72 יח`* *5",טרופיקל-דגיל תעשיות בעמ,,,יח,5,למארז,false,1,13.90,2.78,true,1,
14288669,true,ניילון נצמד חיתוך קל 28.5/60 שווה*,אופל אריזות בעמ,,,יח,1,יח,false,12,9.90,9.90,true,1,
14288843,true,7day memorial candle,ווינפאק סחר בעמ,,,יח,1,יח,false,1,2.90,2.90,false,1,
14288881,true,disposable plastic turquaz fork 70s,סאם פלסטיק,,,יח,1,למארז,false,1,11.90,11.90,false,1,
14325531,true,"חמאת בוטנים 500 גר`כשל""פ",מיה תעשיות מזון מ.ת.מ בעמ,,,יח,5.10,ל 100 גרם,false,1,11.90,2.33,false,1,
14397200,true,שלישית מברשות שיניים אורביטול,החברה הדרומית לשיווק בעמ,,,יח,1,,false,1,11.90,11.90,false,1,
14397286,true,מרכך מקסימה מרוכז,החברה הדרומית לשיווק בעמ,,,יח,1,לליטר,false,1,17.90,17.90,false,1,
14397507,true,פרש הום מטהר אויר,החברה הדרומית לשיווק בעמ,,,יח,0.50,ל 100 גרם,false,1,10.90,21.80,false,1,
14455467,true,מעדן שיבולת שועל,מחלבות גד שיווק 1992 בעמ,,,יח,1.60,"ל 100 מ""ל",false,1,5.60,3.50,true,1,
14562455,true,גרנולה חמוציות 900ג BD*,בטר אנד דיפרנט בעמ,,,יח,1,"לק""ג",false,1,24.90,24.90,false,1,
14673359,true,400 grm lemon salt - Maimon Spices,א.ל ייצור ושיווק תבלינים בעמ,,,יח,4,ל 100 גרם,false,1,20.90,5.23,false,1,
14673366,true,Turmeric powder 250 grm - Maimon Spices,א.ל ייצור ושיווק תבלינים בעמ,,,יח,2.50,ל 100 גרם,false,1,20.90,8.36,false,1,
14673380,true,Ground cumin 250 grm - Maimon Spices,א.ל ייצור ושיווק תבלינים בעמ,,,יח,2.50,ל 100 גרם,false,1,19.90,7.96,false,1,
14673403,true,Ground black pepper 250 grm - Maimon Spi,א.ל ייצור ושיווק תבלינים בעמ,,,יח,2.50,ל 100 גרם,false,1,28.90,11.56,false,1,
14673410,true,Finely ground black pepper jar 250 grm -,א.ל ייצור ושיווק תבלינים בעמ,,,יח,2.50,ל 100 גרם,false,1,28.90,11.56,false,1,
14673557,true,Saffron 0.5 grm - Maimon Spices,א.ל ייצור ושיווק תבלינים בעמ,,,יח,5,ל 100 גרם,false,10,20.90,4.18,false,1,
14758117,true,מאגדת יוגורט ביו 8 יח` 1.5%,תנובה -חלב,,,יח,10,ל 100 גרם,false,1,16.10,1.61,false,1,
14758162,true,חלב עיזים מלא 3.6%,תנובה -חלב,,,יח,1,לליטר,false,1,15,15,false,1,
14759534,true,בולגרית למריחה 5% טבעי,תנובה -חלב,,,יח,2,ל 100 גרם,false,1,13.90,6.95,false,1,
14759985,true,קולאז פלח פרמזן,תנובה -חלב,,,ל 100 גרם,1,,false,1,22.90,22.90,false,1,
14760141,true,משקה שקדים טרי תנובה,תנובה -חלב,,,יח,10,"ל 100 מ""ל",false,1,11.90,1.19,false,1,
14760912,true,גוש חלב 400 גר,תנובה -חלב,,,יח,4,ל 100 גרם,false,1,24.90,6.23,false,1,
14761612,true,מעדן YOLO עם שכבות,תנובה -חלב,,,יח,1.23,ל 100 גרם,false,1,4.20,3.41,false,1,
14762800,true,מעדן סויה שוקולד 125 גר`,תנובה -חלב,,,יח,1.24,ל 100 גרם,false,1,3.80,3.06,false,1,
14762947,true,לאבנה גליל %1שומן 750 גר`,תנובה -חלב,,,יח,5,ל 100 גרם,false,1,21.90,4.38,false,1,
14901308,true,"סנסודיין הגנה מלאה 75 מ""ל",גורי ע.ע.ע בעמ,,,יח,0.75,ל 100 גרם,false,1,25.90,34.53,true,1,
14905696,true,.הפי לכלים צהוב לימון,"יעקב יעקבי ובניו בע""מ",,,יח,7.50,"ל 100 מ""ל",false,1,9.90,1.32,true,1,
15005548,true,"ציפס זיג זג פרי הגליל 2 ק""ג",ויטה-פרי גליל (החדשה) בעמ,,,יח,20,"לק""ג",false,1,19.90,1,false,1,
15005555,true,"ציפס אמריקאי 2 ק""ג פרי גליל",ויטה-פרי גליל (החדשה) בעמ,,,יח,20,"לק""ג",false,1,19.90,1,false,1,
15037273,true,פטרוזיליה חסלט,"בכורי השדה צפון1994 ג.ד. בע""מ",,,יח,1,,false,1,7.90,7.90,false,1,
15037280,true,כוסברה חסלט,"בכורי השדה צפון1994 ג.ד. בע""מ",,,יח,1,,false,1,7.90,7.90,false,1,
15037297,true,שמיר חסלט אוצר הארץ,"בכורי השדה צפון1994 ג.ד. בע""מ",,,יח,1,,false,1,7.90,7.90,false,1,
15037440,true,כרוב לבן חסלט,"בכורי השדה צפון1994 ג.ד. בע""מ",,,"לק""ג",1,"לק""ג",true,1,18.90,18.90,false,1,
15037457,true,כרוב אדום חסלט,"בכורי השדה צפון1994 ג.ד. בע""מ",,,"לק""ג",1,"לק""ג",true,1,18.90,18.90,false,1,
15037495,true,כוסברה חסלט{עדה חרדית},"בכורי השדה צפון1994 ג.ד. בע""מ",,,יח,1,,false,1,8.90,8.90,false,1,
15037501,true,שמיר חסלט שמיטה,"בכורי השדה צפון1994 ג.ד. בע""מ",,,יח,1,,false,1,7.90,7.90,false,1,
15366670,true,אקווה פרש מנטה מרענן,גורי ע.ע.ע בעמ,,,יח,1,,false,1,6.90,6.90,true,1,
15492003,true,ביצים 12 יח`L,מ.א.ן שיווק ביצים בעמ,,,יח,1,,false,1,12,12,false,1,
15603560,true,שימורי קרם קוקוס22% 400מל`,מזרח ומערב יבוא ושיווק,,,יח,4,ל 100 גרם,false,1,9.90,2.48,false,1,
15801805,true,עמבה 200 גרם עוזי *,עוזי טעמים של בית,,,יח,2,ל 100 גרם,false,1,10.90,5.45,false,1,
15804400,true,A.ogzr A-2 December Vita - Vita,ויטה-פרי גליל (החדשה) בעמ,,,יח,5.50,ל 100 גרם,false,1,2.90,0.53,false,1,
15804417,true,A.ogzr A-2 December Vita - Vita,ויטה-פרי גליל (החדשה) בעמ,,,יח,5.50,ל 100 גרם,false,1,2.90,0.53,false,1,
15804424,true,A.ogzr A-2 December Vita - Vita,ויטה-פרי גליל (החדשה) בעמ,,,יח,5.50,ל 100 גרם,false,1,2.90,0.53,false,1,
15872096,true,חומוס אסלי 700 גרם,סלטי שמיר 2006 בעמ,,,יח,7,ל 100 גרם,false,1,9.90,1.41,false,1,
15951616,true,גמלא סנג`ובזה עברית 17*,היכל היין שקד גולן בעמ,,,יח,7.50,"ל 100 מ""ל",false,1,66.60,8.84,true,1,
16076035,true,פרינה אמא שובע,גיא שיווק טוב,,,יח,1,יח,false,1,13.90,13.90,false,1,
16096811,true,ממרח טונה 160ג 4יח פילטונה*,תעשיות פיל טונה בעמ,,,יח,1,,false,1,19.90,19.90,false,1,
16114300,true,נ.ט לילי לבן דאבל 16 גלילים,קימברלי קלארק ישראל שיווק בעמ,,,יח,19.69,ל 100 גרם,false,1,42.90,2.18,false,1,
16217643,true,חמוצים סיני 400 אסלי,סלטי שמיר 2006 בעמ,,,יח,4,ל 100 גרם,false,1,14.90,3.73,true,1,
16400151,true,שקית שירות,שונים,,,יח,1,,false,1,0.10,0.10,false,1,
16400168,true,"שקיות צליה 10 יח ""שווה"" *",BURSA PAZARI טורקיה,,,יח,10,יח,false,1,3.90,0.39,true,1,
16400175,true,"שקיות צליה ענק 5 יח ""שווה"" *",BURSA PAZARI טורקיה,,,יח,5,יח,false,1,3.90,0.78,true,1,
16400311,true,קיסמי שיניים מלחיה 300יח שווה*,חביב את פרנק בעמ (לוגיסטי ),,,יח,1,למארז,false,1,2.90,2.90,false,1,
16400328,true,קיסמי שיניים חבית 500יח שווה*,חביב את פרנק בעמ (לוגיסטי ),,,יח,1,למארז,false,1,3.90,3.90,false,1,
16400335,true,קיסמי שיניים עטוף אחד אחד 200יח שווה*,חביב את פרנק בעמ (לוגיסטי ),,,יח,1,למארז,false,1,3.90,3.90,false,1,
16400342,true,2day memorial candle,LITBRIGHT CANDLE CO LTD,,,יח,1,יח,false,1,8.90,8.90,false,1,
16400373,true,2day memorial candle,ווינפאק סחר בעמ,,,יח,1,יח,false,1,14.90,14.90,true,1,
16400380,true,גפרור ארוך שווה*,י.ד יבוא קל בעמ,,,יח,1,,false,1,5.90,5.90,false,1,
16400403,true,"שקיות חזקות 75/90 גליל 50 יח` ""שווה""",מ.א.מ.ס סחר בעמ,,,יח,25,למטר,false,1,11.90,0.48,true,1,
16400410,true,אשפתון גופיה 55/70 ירוק 40 יחידות שווה,צח ליין בעמ,,,יח,40,יח,false,1,12.90,0.32,true,1,
16400427,true,אשפתון גופיה 55/70 סגול 50 יחידות שווה,צח ליין בעמ,,,יח,50,יח,false,1,15.90,0.32,true,1,
16400434,true,אשפתון גופיה 75/90 אפור 25 יחידות שווה,Zmzm for plastic,,,יח,25,יח,false,1,12.90,0.52,true,1,
16400441,true,אשפתון גופיה 75/90 קרם 40 יחידות שווה*,מ.א.מ.ס סחר בעמ,,,יח,40,יח,false,1,15.90,0.40,true,1,
16400458,true,"מפת שולחן 45 מטר ניילון בגליל""שווה""*",צח ליין בעמ,,,יח,25,למארז,false,1,19.80,0.79,true,1,
16400502,true,גפרורים *10 חדש שווה*,י.ד יבוא קל בעמ,,,יח,1,,false,1,4,4,false,1,
16400519,true,גליל עובי כפול 45 מ`קרסטלי שווה*,מ.א.מ.ס סחר בעמ,,,יח,45,למטר,false,1,29.90,0.66,false,1,
16400656,true,רשת צלייה X8 (ענקית) שווה*,צג`י פרפקט שירותי יבוא בעמ,,,יח,1,יח,false,1,22.90,22.90,false,1,
16400724,true,"שיפודים עבים במיוחד 50 יחידות""שווה""",חביב את פרנק בעמ (לוגיסטי ),,,יח,50,יח,false,1,3.90,0.08,false,1,
16400793,true,מפיות נייר 100יח שווה*,ווינפאק סחר בעמ,,,יח,1,יח,false,1,5.90,5.90,true,1,
16400809,true,מפיות נייר כהה*100יח שווה (32 בקר) *,ווינפאק סחר בעמ,,,יח,1,יח,false,32,5.90,5.90,true,1,
16400823,true,"דבש 1ק""ג שווה*",דבש שלנו( )1987בעמ,,,יח,10,"לק""ג",false,1,36.90,3.69,false,1,
16400960,true,מפת פלנל חלק שווה *,ווינפאק סחר בעמ,,,יח,1,יח,false,1,6.90,6.90,true,1,
16401103,true,"טורטייה ענקית 30ס""מ 6 יח 540 ג`""שווה",רוברטו פוד בעמ,,,יח,6,יח,false,1,10.90,1.82,true,1,
16401141,true,"טורטייה תירס 8 יח 320 גרם""שווה""*",רוברטו פוד בעמ,,,יח,8,יח,false,1,9.90,1.24,true,1,
16401240,true,"נוזל קוקוס 400 מ""ל 5%-7% שווה (24 בק)*",רוברטו פוד בעמ,,,יח,3,"ל 100 מ""ל",false,1,6.90,2.30,true,1,
16401257,true,"קרם קוקוס 400 מ""ל 21%-22% שווה*",רוברטו פוד בעמ,,,יח,3,"ל 100 מ""ל",false,1,6.90,2.30,true,1,
16401295,true,"פרימיום צ`ילי מתוק 25% 700 מ""ל ""שווה",רוברטו פוד בעמ,,,יח,7,"ל 100 מ""ל",false,1,9.90,1.41,true,1,
16401394,true,"פטריות חתוך 400ג ""שווה""*",GREENYARD PREPARED BV,,,יח,4,ל 100 גרם,false,1,4.50,1.13,true,1,
16401400,true,"פטריות שלמות 400ג` ""שווה"" *",GREENYARD PREPARED BV,,,יח,4,ל 100 גרם,false,24,6.90,1.73,true,1,
16401424,true,"אפרסקים 820ג ""שווה"" *",KRONOS S.A שימורי אפרסקים,,,יח,8.20,ל 100 גרם,false,1,9.90,1.21,true,1,
16401493,true,"מיץ לימון משומר 1 ליטר בד""ץ שווה*",פרידמן תעשיות חומץ ומזון בעמ,,,יח,1,לליטר,false,1,5.90,5.90,true,1,
16401509,true,חומץ 1 ליטר 5% (מכהל טבעי) שווה*,פרידמן תעשיות חומץ ומזון בעמ,,,יח,1,לליטר,false,1,5.90,5.90,true,1,
16401578,true,זוג רדיד אלומיניום ארוך 7.5/4.5 שווה,אופל אריזות בעמ,,,יח,1,יח,false,1,13.90,13.90,false,1,
16401585,true,זוג רדיד אלומיניום קצר 7.5/30 שווה*,אופל אריזות בעמ,,,יח,2,יח,false,1,10.90,5.45,false,1,
16401592,true,ניילון נצמד 28.5/30 זוגות שווה*,BURSA PAZARI טורקיה,,,יח,1,,false,1,7.90,7.90,true,1,
16401714,true,2day memorial candle,חביב את פרנק בעמ (לוגיסטי ),,,יח,125,יח,false,1,7.90,0.06,false,1,
16401882,true,מארז 3 מיקרופייבר לרצפה ב PVC שווה *,HUBEI G YOUNG CO LTD,,,יח,1,יח,false,1,16.90,16.90,true,1,
16401899,true,מארז 10 מיקרופייבר כללי ב PVC שווה *,HUBEI G YOUNG CO LTD,,,יח,10,למארז,false,1,15.90,1.59,true,1,
16401905,true,"שקיות לפח קטן 45/40 ""שווה"" (20 בקרטון",ווינפאק סחר בעמ,,,יח,100,יח,false,20,8.90,0.09,true,1,
16401912,true,"שקיות מזון בקופסה 300 יח XL ""שווה"" *",ווינפאק סחר בעמ,,,יח,1,יח,false,20,7.90,7.90,true,1,
16401929,true,"שקיות מזון עם ידית 200 יח ""שווה""*",ווינפאק סחר בעמ,,,יח,1,יח,false,20,5.90,5.90,true,1,
16408447,true,חטיף קרקר עם עגבניות 130 גר`,כרמית תעשיות ממתקים בעמ,,,יח,1.30,"ל 100 מ""ל",false,1,6.90,5.31,false,1,
16682243,true,מיץ אשכולית אדומה 1 ליטר סחוט 100%,פריניב תנובה,,,יח,10,"ל 100 מ""ל",false,1,16.60,1.66,true,1,
16866704,true,שמפו סטייל קרטין + ויטמין E,גורי ע.ע.ע בעמ,,,יח,4,"ל 100 מ""ל",false,1,22.90,5.73,false,1,
16866728,true,מסכת קרטין לשיקום שער יבש ופגום,גורי ע.ע.ע בעמ,,,יח,1,ל 100 גרם,false,1,27.90,27.90,false,1,
16866735,true,"מסיכה סטייל 500 מ""ל",גורי ע.ע.ע בעמ,,,יח,5,ל 100 גרם,false,1,25.90,5.18,false,1,
17068992,true,ערמונים קלופים וקלויים 100 גרם מיה,מיה תעשיות מזון מ.ת.מ בעמ,,,יח,1,יח,false,1,5.90,5.90,false,1,
17841076,true,"מגש עגול פסים ענק 18"" שווה*",ווינפאק סחר בעמ,,,יח,1,יח,false,1,12.90,12.90,false,1,
17841106,true,מגש פיצוחים גדול 6 תאים שווה*,ווינפאק סחר בעמ,,,יח,1,יח,false,1,8.90,8.90,false,1,
17841236,true,"משטח לייבוש כלים ""שווה""* 38*48 ס""מ.",HUBEI G YOUNG CO LTD,,,יח,1,למארז,false,1,7.90,7.90,false,1,
17841250,true,"נוזל חלונות 1 ליטר ""שווה""*",ווינפאק סחר בעמ,,,יח,1,לליטר,false,15,4.90,4.90,true,1,
17841564,true,תבניות נייר לחלה מעוטרות *3 שווה*,ווינפאק סחר בעמ,,,יח,1,למארז,false,24,6.90,6.90,false,1,
17841571,true,תבניות נייר לחלה גדולה *3 שווה*,ווינפאק סחר בעמ,,,יח,1,למארז,false,24,6.90,6.90,false,1,
17841595,true,חושן קערה עגולה לסלט קטנה *,ווינפאק סחר בעמ,,,יח,1,יח,false,1,5.90,5.90,false,1,
17841618,true,חושן קערה עגולה לסלט גדולה *,ווינפאק סחר בעמ,,,יח,1,יח,false,1,12.90,12.90,false,1,
17841700,true,"כפפות ניטריל שחור M ""שווה"" *",ווינפאק סחר בעמ,,,יח,100,יח,false,1,24.90,0.25,false,1,
17841717,true,"כפפות ניטריל שחור L ""שווה"" *",ווינפאק סחר בעמ,,,יח,100,יח,false,1,24.90,0.25,false,1,
17842004,true,תבניות ומכסים (R29)8B ו 10+10 שווה*,אופל אריזות בעמ,,,יח,1,יח,false,1,10.90,10.90,true,1,
17842028,true,תבניות ומכסים (R2)90 ו 5+5 שווה*,אופל אריזות בעמ,,,יח,1,יח,false,1,10.90,10.90,true,1,
17842226,true,פילה סרדין 125 גר` בשמן צמחי שווה*,רוברטו פוד בעמ,,,יח,1.25,ל 100 גרם,false,25,4.90,3.92,false,1,
17842233,true,מקרלים בשמן צמחי 125 גר` שווה*,רוברטו פוד בעמ,,,יח,1.25,ל 100 גרם,false,25,3.90,3.12,true,1,
17842554,true,"חמאת בוטנים בד""צ 510 קלאסית""שווה""",NIZA S.A AGRENTINA,,,יח,5.10,ל 100 גרם,false,1,9.90,1.94,true,1,
17842561,true,"חמאת בוטנים בד""צ 510 קראנץ` ""שווה""",NIZA S.A AGRENTINA,,,יח,5.10,ל 100 גרם,false,1,9.90,1.94,true,1,
17842691,true,"מכסים לכוסות נייר גודל ""9 שווה"" 50 יח",ווינפאק סחר בעמ,,,יח,50,יח,false,20,4.90,0.10,false,1,
17842806,true,צלחות ענקיות מעלי דקל 10יח שווה*,ווינפאק סחר בעמ,,,יח,10,יח,false,1,16.90,1.69,true,1,
17842813,true,צלחות גדולות מעלי דקל 10יח שווה*,ווינפאק סחר בעמ,,,יח,10,יח,false,1,14.90,1.49,true,1,
17842820,true,צלחות קטנות מעלי דקל 10יח שווה*,ווינפאק סחר בעמ,,,יח,10,יח,false,1,9.90,0.99,true,1,
17842851,true,מגשים עגולים ענקים מעלי דקל 5יח שווה*,ווינפאק סחר בעמ,,,יח,5,יח,false,1,9.90,1.98,true,1,
17842875,true,מגשים אובלים בינונים מעלי דקל 5יח שווה,ווינפאק סחר בעמ,,,יח,5,יח,false,1,10.90,2.18,true,1,
18103014,true,ידיעות אחרונות,שונים,,,יח,1,,false,1,4,4,false,1,
18294000,true,קינג דויד רוזה,אגודת הכורמים בעמ,,,יח,1,,false,1,19.90,19.90,false,1,
18443866,true,חסה לליק ברכת קטיף,"בכורי השדה צפון1994 ג.ד. בע""מ",,,יח,1,,false,1,10.90,10.90,false,1,
18468401,true,פסטרמה צמחית גריל,תנובה -חלב,,,יח,1,,false,1,17.90,17.90,false,1,
18468418,true,פסטרמה צמחית מפולפל,תנובה -חלב,,,יח,1,,false,1,17.90,17.90,false,1,
18471029,true,שישית סודה לימון שוופס 0.5,יפאורה שותפות מוגבלת לשיווק,,,יח,3,"ל 100 מ""ל",false,1,14.90,4.37,false,1,
18652039,true,לה קרמריה קרמל מלוח 1.4 ליטר,נגה גלידות שותפות מוגבלת,,,,1.40,ל 100 גרם,false,1,21.90,15.64,false,1,
18732809,true,אבוקדו בשל מוכן לאכילה 500 גרם,"בכורי השדה צפון1994 ג.ד. בע""מ",,,יח,5,ל 100 גרם,false,1,8.90,1.78,false,1,
18832646,true,"שמן זית 750 מ""ל אחיה*",ארץ זית שמן מובחר בעמ,,,יח,7.50,"ל 100 מ""ל",false,1,37.90,5.05,false,1,
21211735,true,חגורה אופנתית,ליאור יבוא ושיווק מוצרי הלבשה,,,יח,1,,false,1,32.90,32.90,false,1,
29996934,true,פילה סלמון קפוא,סגור עוף ירושלים,,,"לק""ג",1,,true,1,79.90,79.90,false,1,
32147230,true,לימון משומר 200,"דנשר (1963) בע,מ",,,יח,2,"ל 100 מ""ל",false,1,6.90,3.45,false,1,
40084107,true,קינדר ביצה בודד,פרימיום חברה לדברי מ.,,,יח,1,,false,1,5.90,5.90,false,1,
40099132,true,הובה בובה תות,ריגלי ישראל בעמ,,,יח,0.35,ל 100 גרם,false,1,3,8.57,true,1,
40345123,true,סמרטיס גליל,קבוצת אוסם סחר שותפות מוגבלת,,,יח,38,ל 100 גרם,false,1,3.90,0.10,false,1,
42051600,true,"שקית רב פעמית""היפר כהן""",שונים,,,יח,1,,false,1,1.90,1.90,false,1,
42051617,true,מארז חושן 25 צ. ענק+25 צ.בינוני שווה*,ווינפאק סחר בעמ,,,יח,0,למארז,false,6,59.90,59.90,true,1,
42051716,true,מפיות גדולות במיוחד 50 יח` שווה*,ווינפאק סחר בעמ,,,יח,50,יח,false,1,9.90,0.20,false,1,
42051945,true,"גביעי אחסון 6יח 500 מ""ל שווה (40 בק`",אשוש חצב בעמ,,,יח,6,יח,false,1,8.90,1.48,true,1,
42051952,true,"גביעי אחסון 5 יח 1000מ""ל שווה (40בק",אשוש חצב בעמ,,,יח,6,יח,false,1,8.90,1.48,true,1,
42123866,true,הובה בובה טעם קלאסי,ריגלי ישראל בעמ,,,יח,0.35,ל 100 גרם,false,1,3,8.57,true,1,
54051140,true,אלפרו מעדני סויה וניל* 4,שטראוס גרופ בעמ,,,יח,5,ל 100 גרם,false,1,14.90,2.98,false,1,
59013662,true,DOVE ROLL-ON CUCUMBERS 2012 12X50ML,"יוניליוור ישראלשיווק בע""מ",,,יח,1.50,"ל 100 מ""ל",false,1,14.90,9.93,false,1,
72940754,true,מילקי וניל,שטראוס גרופ בעמ (ח),,,יח,1.30,"ל 100 מ""ל",false,1,2.90,2.23,false,1,
72940761,true,מילקי,שטראוס גרופ בעמ (ח),,,יח,1.30,"ל 100 מ""ל",false,1,2.90,2.23,false,1,
72940952,true,מילקי פי 2 ק,שטראוס גרופ בעמ (ח),,,יח,1.70,"ל 100 מ""ל",false,1,3.60,2.12,false,1,
72940976,true,כרוב אדום 200,שטראוס גרופ בעמ (ח),,,יח,2.50,ל 100 גרם,false,1,8.90,3.56,false,1,
72940983,true,חומוס 250 אחלה,שטראוס גרופ בעמ (ח),,,יח,2.50,ל 100 גרם,false,1,6.90,2.76,false,1,
72941041,true,מלקי מיני,שטראוס גרופ בעמ (ח),,,יח,1.30,"ל 100 מ""ל",false,1,2.10,1.62,false,1,
72945308,true,קוביות שמרים,שטראוס גרופ בעמ (ח),,,יח,0.50,ל 100 גרם,false,1,3.50,7,false,1,
72961209,true,ש.שמנית,תנובה -חלב,,,יח,2,"ל 100 מ""ל",false,1,2.40,1.20,false,1,
72961223,true,גילה,תנובה -חלב,,,יח,2,"ל 100 מ""ל",false,1,1.50,0.75,false,1,
72961506,true,פרלי תות,תנובה -חלב,,,יח,1.25,"ל 100 מ""ל",false,1,3.40,2.72,false,1,
72961520,true,פרלי אננס ק,תנובה -חלב,,,יח,1.25,"ל 100 מ""ל",false,1,3.40,2.72,false,1,
72961544,true,באדי תות,תנובה -חלב,,,יח,1.25,"ל 100 מ""ל",false,1,2.80,2.24,false,1,
72964132,true,טבעגורט,תנובה -חלב,,,יח,2,"ל 100 מ""ל",false,1,4.90,2.45,false,1,
72964422,true,יוגורט,תנובה -חלב,,,יח,2,"ל 100 מ""ל",false,1,2.80,1.40,false,1,
72986233,true,באדי מעדן וניל 125,תנובה -חלב,,,יח,1.25,"ל 100 מ""ל",false,1,2.80,2.24,false,1,
72986240,true,באדי תנובה מעדן,תנובה -חלב,,,יח,1.25,"ל 100 מ""ל",false,1,2.80,2.24,false,1,
72986370,true,גלידה פיינט וניל,מוצרי איכות אמרקאים בעמ,,,יח,7.50,ל 100 גרם,false,1,24.90,3.32,true,1,
72986424,true,"גלידה פיינט קרם עוגיות בד""ץ",מוצרי איכות אמרקאים בעמ,,,יח,7.50,ל 100 גרם,false,1,24.90,3.32,true,1,
72986448,true,גלידה פיינט טופי קרנץ,מוצרי איכות אמרקאים בעמ,,,יח,7.50,ל 100 גרם,false,1,24.90,3.32,true,1,
72986455,true,גלידה פיינט ניו יורק סופר,מוצרי איכות אמרקאים בעמ,,,יח,7.50,ל 100 גרם,false,1,24.90,3.32,true,1,
72986479,true,גלידה פיינט צאנקי מאנקי,מוצרי איכות אמרקאים בעמ,,,יח,7.50,ל 100 גרם,false,1,24.90,3.32,true,1,
72989425,true,גלידה פיינט שוקולד בראוניס,מוצרי איכות אמרקאים בעמ,,,יח,7.50,ל 100 גרם,false,1,24.90,3.32,true,1,
72991886,true,גלידה פיינט דולצ`ה דה לצ`ה,מוצרי איכות אמרקאים בעמ,,,יח,7.50,ל 100 גרם,false,1,24.90,3.32,true,1,
72993637,true,דני שוקולד בודד,שטראוס גרופ בעמ (ח),,,יח,1.25,"ל 100 מ""ל",false,1,2.60,2.08,false,1,
72994061,true,פסק זמן גוד 2,שטראוס גרופ בעמ,,,יח,0,ל 100 גרם,false,1,4.50,4.50,false,1,
80001027,true,טורטינה,ליימן שליסל בעמ,,,יח,2,ל 100 גרם,false,1,3.50,1.75,false,1,
80001287,true,גרדנה 25 יח 38ג,ליימן שליסל בעמ,,,יח,1,,false,1,3.50,3.50,false,1,
80001737,true,גרדנה שוקולד,ליימן שליסל בעמ,,,יח,0.25,ל 100 גרם,false,1,3.50,14,false,1,
80001799,true,טורטינה לבן 24 בודד,ליימן שליסל בעמ,,,יח,0.20,ל 100 גרם,false,1,3.50,17.50,false,1,
80001911,true,גרדנה לבנה יח 38ג,ליימן שליסל בעמ,,,יח,1,,false,1,3.50,3.50,false,1,
80050025,true,טיק טק ט. תפוז,פרימיום חברה לדברי מ.,,,יח,0.16,ל 100 גרם,false,1,3.30,20.63,true,1,
80050124,true,חטיף טיק טק,פרימיום חברה לדברי מ.,,,יח,0.16,ל 100 גרם,false,1,3.30,20.63,true,1,
80052760,true,קינדר בואנו,פרימיום חברה לדברי מ.,,,יח,1,,false,1,3.90,3.90,false,1,
80136194,true,וופל קרם הפי היפוי 5,פרימיום חברה לדברי מ.,,,יח,1.30,ל 100 גרם,false,1,12.90,9.92,false,1,
80176800,true,ממרח נוטלה 750 גרם,פרימיום חברה לדברי מ.,,,יח,7.50,ל 100 גרם,false,1,24.90,3.32,false,1,
80177173,true,ממרח נוטלה קטן 350 גרם,פרימיום חברה לדברי מ.,,,יח,3.50,ל 100 גרם,false,1,13.90,3.97,false,1,
80177609,true,קינדר 20*50 גר,פרימיום חברה לדברי מ.,,,יח,0.50,ל 100 גרם,false,1,3.80,7.60,false,1,
80177616,true,קינדר 100 גרם,פרימיום חברה לדברי מ.,,,יח,1,ל 100 גרם,false,1,6.90,6.90,false,1,
80310167,true,קינדר מקסי 126,פרימיום חברה לדברי מ.,,,יח,1,,false,1,9.90,9.90,false,1,
80761761,true,קינדר בואנו לבן,פרימיום חברה לדברי מ.,,,יח,1,,false,1,3.90,3.90,false,1,
80768838,true,מנטוס וויט ביג מנטה פירות,ליימן שליסל בעמ,,,יח,1.05,ל 100 גרם,false,1,16.90,16.10,true,1,
80768890,true,מנטוס וויט ביג מנטה עדינה,ליימן שליסל בעמ,,,יח,1.05,ל 100 גרם,false,1,16.90,16.10,true,1,
80773429,true,מנטוס בקבוק מעוגל טעם תות,ליימן שליסל בעמ,,,יח,0.24,ל 100 גרם,false,1,9.90,41.25,true,1,
80773443,true,מנטוס בקבוק מעוגל קטן ט. מנטה עדינה,ליימן שליסל בעמ,,,יח,0.24,ל 100 גרם,false,1,9.90,41.25,true,1,
80776307,true,מנטוס ביג בקבוק מעוגל מנטה םערות,ליימן שליסל בעמ,,,יח,0.24,ל 100 גרם,false,1,16.90,70.42,false,1,
80780595,true,מנטוס ביג בקבוק מעוגל מנטה עדינה,ליימן שליסל בעמ,,,יח,0.24,ל 100 גרם,false,1,16.90,70.42,false,1,
80790990,true,מנטוס בקבוק מעוגל קטן ט. מנטה עדינה,ליימן שליסל בעמ,,,יח,0.24,ל 100 גרם,false,1,9.90,41.25,true,1,
80794233,true,מנטוס ביג בקבוק מעוגל מנטה,ליימן שליסל בעמ,,,יח,0.24,ל 100 גרם,false,1,16.90,70.42,false,1,
80804697,true,מנטוס וויט ביג מנטה מתוקה,ליימן שליסל בעמ,,,יח,1.05,ל 100 גרם,false,1,16.90,16.10,true,1,
80831402,true,מנטוס מנטה עדינה ללא סוכר,ליימן שליסל בעמ,,,יח,1.28,ל 100 גרם,false,1,6.90,5.39,true,1,
80832560,true,מנטוס פ. יער ללא סוכר,ליימן שליסל בעמ,,,יח,1.28,ל 100 גרם,false,1,6.90,5.39,true,1,
80833468,true,ג`רדנה פטיסרי ק. קוקוס,ליימן שליסל בעמ,,,יח,0.21,ל 100 גרם,false,1,3.50,16.67,false,1,
80843184,true,מנטוס פיור בקבקוק ענבים,ליימן שליסל בעמ,,,יח,0.60,ל 100 גרם,false,1,9.90,16.50,true,1,
80854753,true,מנטוס מנטה ללא סוכר,ליימן שליסל בעמ,,,יח,1.28,ל 100 גרם,false,1,6.90,5.39,true,1,
80862260,true,מנטוס מנטה מתוקה 150 גר`,ליימן שליסל בעמ,,,יח,1.50,ל 100 גרם,false,1,17.90,11.93,false,1,
80887744,true,מנטוס פיור בקבקוק מנטה 28 גרם,ליימן שליסל בעמ,,,יח,0.28,ל 100 גרם,false,1,5.90,21.07,false,1,
80896081,true,מנטוס בקבוק מעוגל טעם אבטיח,ליימן שליסל בעמ,,,יח,0.24,ל 100 גרם,false,1,9.90,41.25,true,1,
80913467,true,מנטוס בקבוק מעוגל קטן ט. מנטה,ליימן שליסל בעמ,,,יח,0.24,ל 100 גרם,false,1,9.90,41.25,true,1,
80926481,true,מנטוס ביג מיקס פירות.,ליימן שליסל בעמ,,,יח,6,יח,false,1,16.90,2.82,false,1,
80929277,true,מנטוס מנטה עדינה 150 גר`,ליימן שליסל בעמ,,,יח,1.50,ל 100 גרם,false,1,17.90,11.93,false,1,
80936848,true,מנטוס תות,פרימיום חברה לדברי מ.,,,יח,6,למארז,false,1,3.30,0.55,true,1,
80945468,true,מנטוס מנטה מתוקה,ליימן שליסל בעמ,,,יח,1,ל 100 גרם,false,1,9.90,9.90,true,1,
80957706,true,מנטוס מנטה 150 גר`,ליימן שליסל בעמ,,,יח,1.50,ל 100 גרם,false,1,17.90,11.93,false,1,
80974215,true,מנטוס ביג בקבוק מעוגל תות,ליימן שליסל בעמ,,,יח,0.24,ל 100 גרם,false,1,16.90,70.42,false,1,
80974482,true,קינדר בנים,פרימיום חברה לדברי מ.,,,יח,1,,false,1,5,5,false,1,
80977278,true,מנטוס פיור בקבקוק פירות 28 גרם,ליימן שליסל בעמ,,,יח,0.28,ל 100 גרם,false,1,5.90,21.07,false,1,
80979128,true,מנטוס פיור בקבקוק דובדבן,ליימן שליסל בעמ,,,יח,0.60,ל 100 גרם,false,1,9.90,16.50,true,1,
80982470,true,מנטוס בקבוק מעוגל קטן ט. מנטה,ליימן שליסל בעמ,,,יח,0.24,ל 100 גרם,false,1,9.90,41.25,true,1,
80986348,true,מנטוס מנטה,ליימן שליסל בעמ,,,יח,1,ל 100 גרם,false,1,9.90,9.90,true,1,
80995128,true,מנטוס בקבוק טעם הרדים,ליימן שליסל בעמ,,,יח,0.24,ל 100 גרם,false,1,9.90,41.25,true,1,
87108538,true,מנטוס תות,ליימן שליסל בעמ,,,יח,0.37,ל 100 גרם,false,1,2.90,7.84,false,1,
87108651,true,מנטוס מנטה 4 יח,ליימן שליסל בעמ,,,יח,1,,false,1,10.90,10.90,false,1,
87108712,true,מנטוס פירות 1/4,ליימן שליסל בעמ,,,יח,1.50,ל 100 גרם,false,1,10.90,7.27,false,1,
87311396,true,מנטוס מיקס,ליימן שליסל בעמ,,,יח,0.37,ל 100 גרם,false,1,2.90,7.84,false,1,
96033531,true,"דאב רול אן רימונים 50 מ""ל","יוניליוור ישראלשיווק בע""מ",,,יח,1,,false,1,14.90,14.90,false,1,
100242483,true,elbows,יוניליוור ישראל שיווק בעמ*,,,יח,10,"לק""ג",false,1,139,13.90,false,1,
100245231,true,KNORR CAS PLUS CH. FLAVOR W.SOUP ALMONDS,"יוניליוור ישראלשיווק בע""מ",,,יח,0.50,ל 100 גרם,false,12,6.50,13,true,1,
100341803,true,בונזו חטיף רצועות עוף,דיפלומט מפיצים {1968}בעמ,,,יח,0.90,ל 100 גרם,false,1,4.90,5.44,false,1,
100700006,true,Wheat 1kg - Sugat,סוגת תעשיות בעמ,,,יח,10,ל 100 גרם,false,1,8.90,0.89,false,1,
100700068,true,Colored beans 500g - Sugat,סוגת תעשיות בעמ,,,יח,5,ל 100 גרם,false,1,9.90,1.98,false,1,
100700075,true,Golden breadcrumbs 200g - Sugat,סוגת תעשיות בעמ,,,יח,2,ל 100 גרם,false,1,3.90,1.95,true,1,
100700266,true,White breadcrumbs 200g - Sugat,סוגת תעשיות בעמ,,,יח,2,ל 100 גרם,false,1,3.90,1.95,true,1,
100700389,true,Red Rice 1 kg - Sugat,סוגת תעשיות בעמ,,,יח,10,ל 100 גרם,false,1,9.90,0.99,false,1,
100700419,true,Bulgur 1 kg - Sugat,סוגת תעשיות בעמ,,,יח,10,ל 100 גרם,false,1,7.90,0.79,false,1,
100700587,true,Bulgur 500g - Sugat,סוגת תעשיות בעמ,,,יח,5,ל 100 גרם,false,12,4.50,0.90,true,1,
100701126,true,Shaoiat GP 500 g - Sugat,סוגת תעשיות בעמ,,,יח,5,ל 100 גרם,false,1,10.90,2.18,true,1,
100701140,true,Arborio risotto rice 1 kg - Sugat,סוגת תעשיות בעמ,,,יח,10,ל 100 גרם,false,1,12.90,1.29,false,1,
100701157,true,Making sushi rice - Sugat,סוגת תעשיות בעמ,,,יח,10,ל 100 גרם,false,1,11.90,1.19,false,1,
100701300,true,Red quinoa 500 g - Sugat,סוגת תעשיות בעמ,,,יח,5,יח,false,1,13.90,2.78,true,1,
100701331,true,+1 Multi-purpose flour - Sugat,סוגת תעשיות בעמ,,,יח,10,ל 100 גרם,false,10,6.90,0.69,false,1,
100701348,true,Whole rye flour +7 - Sugat,סוגת תעשיות בעמ,,,יח,10,ל 100 גרם,false,10,6.90,0.69,false,1,
100701386,true,Challah flour + 18 - Sugat,סוגת תעשיות בעמ,,,יח,10,ל 100 גרם,false,10,6.90,0.69,false,1,
100701393,true,Demerara brown sugar 1kg jar - Sugat,סוגת תעשיות בעמ,,,יח,10,ל 100 גרם,false,1,6.90,0.69,false,1,
100701454,true,Grisha 500g - Sugat,סוגת תעשיות בעמ,,,יח,5,ל 100 גרם,false,1,4.50,0.90,true,1,
100701577,true,Bread flour + 2 - Sugat,סוגת תעשיות בעמ,,,יח,10,ל 100 גרם,false,10,6.90,0.69,false,1,
100701874,true,Full spelled flour + 12 - Sugat,סוגת תעשיות בעמ,,,יח,1,,false,1,13.90,13.90,true,1,
100701881,true,Flour pizza and focaccia +15 - Sugat,סוגת תעשיות בעמ,,,יח,10,"ל 100 מ""ל",false,10,6.90,0.69,false,1,
100702246,true,שמרים יבשים בואקום 500ג סוגת*,סוגת תעשיות בעמ,,,יח,5,ל 100 גרם,false,1,9.90,1.98,true,1,
100702260,true,Finely 350g couscous - Sugat,סוגת תעשיות בעמ,,,יח,3.50,ל 100 גרם,false,1,4.90,1.40,false,1,
100702277,true,Thick 350g couscous - Sugat,סוגת תעשיות בעמ,,,יח,3.50,ל 100 גרם,false,1,4.90,1.40,false,1,
100702284,true,350 g whole wheat couscous - Sugat,סוגת תעשיות בעמ,,,יח,3.50,ל 100 גרם,false,1,4.90,1.40,false,1,
100702314,true,Shaoiat black 500g - Sugat,סוגת תעשיות בעמ,,,יח,5,ל 100 גרם,false,1,9.90,1.98,false,1,
100702383,true,Self-raising flour +13 - Sugat,סוגת תעשיות בעמ,,,יח,10,ל 100 גרם,false,1,6.90,0.69,false,1,
100702666,true,פתיתים אפויים עם בצל 400 ג סוגת,סוגת תעשיות בעמ,,,יח,5,ל 100 גרם,false,1,4.90,0.98,false,1,
100702673,true,פתיתים אפויים 3 צבעים 400 ג סוגת*,סוגת תעשיות בעמ,,,יח,5,ל 100 גרם,false,1,4.90,0.98,false,1,
100702741,true,סוכר חום בהיר צנצנת סוגת*,סוגת תעשיות בעמ,,,יח,1,"לק""ג",false,1,11.90,11.90,false,1,
100702987,true,Polenta 500g - Sugat,סוגת תעשיות בעמ,,,יח,5,ל 100 גרם,false,12,4.90,0.98,false,1,
100702994,true,Demerara brown sugar 1kg jar - Sugat,סוגת תעשיות בעמ,,,יח,5,ל 100 גרם,false,1,4.90,0.98,false,1,
100703007,true,עדשים שחורות בלוגה 500ג סוגת*,סוגת תעשיות בעמ,,,יח,5,ל 100 גרם,false,12,7.90,1.58,false,1,
100703847,true,50 sticks of brown sugar - Sugat,סוגת תעשיות בעמ,,,יח,2.50,ל 100 גרם,false,1,8.90,3.56,false,1,
100703854,true,50 sticks of brown sugar - Sugat,סוגת תעשיות בעמ,,,יח,2.50,ל 100 גרם,false,1,8.90,3.56,false,1,
100703908,true,Demerara brown sugar 1kg jar - Sugat,סוגת תעשיות בעמ,,,יח,5,ל 100 גרם,false,1,8.90,1.78,true,1,
100703915,true,Popcorn 500 g - Sugat,סוגת תעשיות בעמ,,,יח,1,למארז,false,1,10.90,10.90,true,1,
100703953,true,Cornflour 500g - Sugat,סוגת תעשיות בעמ,,,יח,5,ל 100 גרם,false,1,9.90,1.98,false,1,
100703960,true,Cornflour 500g - Sugat,סוגת תעשיות בעמ,,,יח,5,ל 100 גרם,false,1,9.90,1.98,false,1,
101865216,true,"קולון 9ק""ג פרחים לבנים",רקיט בנקיסר (ניר איסט),,,יח,9,"לק""ג",false,1,49.80,5.53,true,1,
101865261,true,"פיניש להברקה 800 מ""ל",רקיט בנקיסר (ניר איסט),,,יח,8,"ל 100 מ""ל",false,1,19.90,2.49,false,1,
101866633,true,קליה ג`ל 3ליטר,רקיט בנקיסר (ניר איסט),,,יח,3,"ל 100 מ""ל",false,1,29.90,9.97,true,1,
102060764,true,מרידול מברשת שיניים זוג,ש.שסטוביץ בעמ,,,יח,1,,false,1,34.90,34.90,true,1,
102062195,true,"אלמקס מ. שיניים ג`וניור 75 מ""ל",ש.שסטוביץ בעמ,,,יח,1,,false,1,16.90,16.90,true,1,
102393060,true,מולר מיקס יוגורט בתוספת גליליות קרם,החברה המרכזית טלהפצת משקאות בע,,,יח,1.50,"ל 100 מ""ל",false,1,5.90,3.93,false,1,
102393169,true,מולר סימפלי פרוייט תות שדה,החברה המרכזית טלהפצת משקאות בע,,,יח,1.50,ל 100 גרם,false,1,5.50,3.67,true,1,
102393176,true,מולר סימפלי פרוייט אפרסק,החברה המרכזית טלהפצת משקאות בע,,,יח,1.50,ל 100 גרם,false,1,5.50,3.67,true,1,
102393190,true,מולר סימפלי פרוייט פירות יער,החברה המרכזית טלהפצת משקאות בע,,,יח,1.50,ל 100 גרם,false,1,5.50,3.67,true,1,
102393268,true,גבינה לבנה 5%-750 גרם,החברה המרכזית טלהפצת משקאות בע,,,יח,7.50,ל 100 גרם,false,1,14.90,1.99,false,1,
102393299,true,"יוגורט עיזים 3% 500 מ""ל",החברה המרכזית טלהפצת משקאות בע,,,יח,5,ל 100 גרם,false,1,13.90,2.78,true,1,
102393848,true,יוגורט עיזים תות בגביע 150 גר`,החברה המרכזית טלהפצת משקאות בע,,,יח,1.50,"ל 100 מ""ל",false,1,6.50,4.33,true,1,
102393855,true,יוגורט עיזים אפרסק בגביע 150 גר`,החברה המרכזית טלהפצת משקאות בע,,,יח,1.50,"ל 100 מ""ל",false,1,6.50,4.33,true,1,
102393947,true,מולר סימפלי פרויט,החברה המרכזית טלהפצת משקאות בע,,,יח,1.50,ל 100 גרם,false,1,5.50,3.67,true,1,
102394081,true,מולר מיקס יוגורט בתוספת קונפלקס מצופ,החברה המרכזית טלהפצת משקאות בע,,,יח,1.50,"ל 100 מ""ל",false,1,5.90,3.93,false,1,
102394258,true,מה עז צוריאל 180 גר` 9%,החברה המרכזית טלהפצת משקאות בע,,,יח,1.80,ל 100 גרם,false,1,25.90,14.39,true,1,
102395231,true,מאגדת מולר שמניה ביאנקו ק,החברה המרכזית טלהפצת משקאות בע,,,יח,8,יח,false,1,19.90,2.49,false,1,
102395378,true,גבינה צהובה 28% 360 גר`,החברה המרכזית טלהפצת משקאות בע,,,יח,3.60,ל 100 גרם,false,1,22.90,6.36,false,1,
102396443,true,מוו וניל,החברה המרכזית טלהפצת משקאות בע,,,יח,5,ל 100 גרם,false,1,2.90,0.58,true,1,
102397075,true,יוגורט טרה 1.5,החברה המרכזית טלהפצת משקאות בע,,,יח,1.50,לליטר,false,1,14.90,9.93,false,1,
102397204,true,גבינה צהובה%22 200 גר`,החברה המרכזית טלהפצת משקאות בע,,,יח,2.20,ל 100 גרם,false,1,18.90,8.59,false,1,
103126797,true,קולגייט סנסטיב פרו ריליף,ש.שסטוביץ בעמ,,,יח,75,"ל 100 מ""ל",false,1,21.90,0.29,true,1,
103401429,true,קפה פלטינום ברזילאי,שטראוס גרופ בעמ,,,יח,2,ל 100 גרם,false,1,24.90,12.45,true,1,
104061417,true,חומוס טחינה 400 גר`אחלה,שטראוס גרופ בעמ (ח),,,יח,1,,false,1,10.90,10.90,false,1,
104061424,true,חומוס זעתר 400 גר`אחלה,שטראוס גרופ בעמ (ח),,,יח,4,ל 100 גרם,false,1,10.90,2.73,false,1,
104061431,true,חומוס צנובר 400 גר`אחלה,שטראוס גרופ בעמ (ח),,,יח,4,ל 100 גרם,false,1,10.90,2.73,false,1,
104061448,true,חומוס חריף 400 גר`אחלה,שטראוס גרופ בעמ (ח),,,יח,4,ל 100 גרם,false,1,10.90,2.73,false,1,
104062599,true,גמדים מארז חיסכון,שטראוס גרופ בעמ (ח),,,יח,1,,false,1,17.90,17.90,false,1,
104065187,true,קפה נמס מוקה 200 גר עלית,שטראוס גרופ בעמ,,,יח,2,ל 100 גרם,false,1,26.90,13.45,false,1,
104066566,true,טחינה בשומשום מלא,שטראוס גרופ בעמ (ח),,,יח,5,ל 100 גרם,false,1,13.90,2.78,true,1,
104068539,true,מאסט אבטיח מלון פפר,שטראוס גרופ בעמ,,,יח,0.28,ל 100 גרם,false,1,4,14.29,false,1,
104500572,true,אפרופו איטליאנו 50 גרם,קבוצת אוסם סחר שותפות מוגבלת,,,יח,0.50,ל 100 גרם,false,1,4.90,9.80,true,1,
104501661,true,פודינג בטעם וניל צרפתי,קבוצת אוסם סחר שותפות מוגבלת,,,יח,0.80,ל 100 גרם,false,1,5.80,7.25,true,1,
104508943,true,במבה 200 גר`,קבוצת אוסם סחר שותפות מוגבלת,,,יח,2,ל 100 גרם,false,1,8.90,4.45,true,1,
104721533,true,רצועות פלפלים קלויים,שטראוס גרופ בעמ (ח),,,יח,4,"ל 100 מ""ל",false,1,14.90,3.73,true,1,
104721762,true,מארז טורקי שלישיות,שטראוס גרופ בעמ,,,יח,2.55,ל 100 גרם,false,1,19.90,7.80,false,1,
104722530,true,תפוצ`יפס בטעם שמנת בצל,שטראוס פריטו ליי בעמ,,,יח,2,ל 100 גרם,false,1,9.90,4.95,true,1,
104726712,true,מארז מילקי שמניה,שטראוס גרופ בעמ (ח),,,יח,8,למארז,false,1,19.90,2.49,false,1,
104728310,true,"שמנת מתוקה 38%-250 מ""ל{פ}",שטראוס גרופ בעמ (ח),,,יח,5,ל 100 גרם,false,1,6.47,1.29,true,1,
104960239,true,"סבון ארומה לבן 750 מ""ל",החברה הדרומית לשיווק בעמ,,,יח,7.50,לליטר,false,1,9.90,1.32,false,1,
104961205,true,תחליב רחצה מגע קטיפה מלפפון,החברה הדרומית לשיווק בעמ,,,יח,7.50,לליטר,false,1,9.90,1.32,false,1,
104961243,true,תחליב רחצה מגע קטיפה קוקוס ליים,החברה הדרומית לשיווק בעמ,,,יח,7.50,לליטר,false,1,9.90,1.32,false,1,
104961250,true,תחליב רחצה מגע קטיפה וניל,החברה הדרומית לשיווק בעמ,,,יח,7.50,לליטר,false,1,9.90,1.32,false,1,
105364678,true,משקה אקטביה אפרסק,שטראוס גרופ בעמ (ח),,,יח,2.50,"ל 100 מ""ל",false,1,4.90,1.96,false,1,
105366023,true,חצילים בטעם כבד 400,שטראוס גרופ בעמ (ח),,,יח,4,ל 100 גרם,false,1,14.90,3.73,true,1,
105366047,true,טחינה לבנה 400 גר`אחלה,שטראוס גרופ בעמ (ח),,,יח,5,ל 100 גרם,false,1,15.90,3.18,true,1,
105691224,true,חטיפי טורטיות,קבוצת אוסם סחר שותפות מוגבלת,,,יח,0.60,ל 100 גרם,false,1,6.90,11.50,false,1,
105962331,true,סחוג אדום תימני,שטראוס גרופ בעמ (ח),,,יח,2.20,ל 100 גרם,false,1,11.90,5.41,false,1,
106572027,true,לחמית חמישה דגנים,קבוצת אוסם סחר שותפות מוגבלת,,,יח,1.90,ל 100 גרם,false,1,7.90,4.16,true,1,
106575431,true,עוגת סופלה בטעם שוקו וניל,קבוצת אוסם סחר שותפות מוגבלת,,,יח,3.40,ל 100 גרם,false,1,11.90,3.50,false,1,
106577282,true,טחינה מרובע צבר 400 גרם,קבוצת אוסם סחר שותפות מוגבלת,,,יח,4,ל 100 גרם,false,1,11.90,2.98,true,1,
106577527,true,קולסלו מרובע צבר 400 גרם,קבוצת אוסם סחר שותפות מוגבלת,,,יח,4,ל 100 גרם,false,1,11.90,2.98,true,1,
106577541,true,כרוב אדום מרובע צבר 400 גרם,קבוצת אוסם סחר שותפות מוגבלת,,,יח,4,ל 100 גרם,false,1,11.90,2.98,true,1,
106577572,true,מטבוחה מרובע צבר 400 גרם,קבוצת אוסם סחר שותפות מוגבלת,,,יח,4,ל 100 גרם,false,1,11.90,2.98,true,1,
107646918,true,KNORR CIS GARLIC&HERB BDZ 8X320G,"יוניליוור ישראלשיווק בע""מ",,,יח,4.15,ל 100 גרם,false,1,9.90,2.39,false,1,
107647823,true,TELMA GLUTEN FREE BRANFLAKES 8X375G,"יוניליוור ישראלשיווק בע""מ",,,יח,5,ל 100 גרם,false,1,19.90,3.98,false,1,
107647854,true,"שוגי 500 בד""צ *","יוניליוור ישראלשיווק בע""מ",,,יח,5,ל 100 גרם,false,1,19.90,3.98,true,1,
107945165,true,קונפיטורה משמש,שטראוס גרופ בעמ,,,יח,3.40,ל 100 גרם,false,1,12.90,3.79,true,1,
108350531,true,ספארק כלים לימון 1 ליטר+ משאבה,החברה הדרומית לשיווק בעמ,,,יח,10,"ל 100 מ""ל",false,1,11.90,1.19,false,1,
108504699,true,רבעיית נתחי טונה בשמן קנולה 160 גר`,ג.וילי פוד בעמ,,,יח,0.64,ל 100 גרם,false,1,21.90,34.22,false,1,
109922096,true,דזיטול נוזל מחטא בגדים,"יעקב יעקבי ובניו בע""מ",,,יח,0.50,"ל 100 מ""ל",false,1,11.90,23.80,false,1,
110320591,true,בולגרית 16% במרקם מעודן,תנובה -חלב,,,יח,2.50,ל 100 גרם,false,1,20.90,8.36,false,1,
112492449,true,"פינוק שמפו לשיער רגיל 700 מ""ל*","יוניליוור ישראלשיווק בע""מ",,,יח,7,"ל 100 מ""ל",false,1,11.90,1.70,false,1,
112495433,true,TELMA DELIPECAN BADATZ 2011 12X400 GR,"יוניליוור ישראלשיווק בע""מ",,,יח,4,ל 100 גרם,false,1,19.90,4.98,false,1,
112870322,true,Green olives rings 15-17 a2,קבוצת יבנה מוצרי מזון,,,יח,5.60,ל 100 גרם,false,1,8.90,1.59,false,1,
113192348,true,זית ירוק 17-19 בית השיטה,קבוצת אוסם סחר שותפות מוגבלת,,,יח,3.40,ל 100 גרם,false,1,9.90,2.91,true,1,
117032053,true,סכינים איכותיות 40יח צבעוני שווה*,ווינפאק סחר בעמ,,,יח,40,יח,false,1,5.90,0.15,false,1,
117032084,true,כפות איכותיות 40יח צבעוני שווה*,ווינפאק סחר בעמ,,,יח,40,יח,false,1,5.90,0.15,false,1,
117032114,true,כפיות איכותי 40יח צבעוני שווה*,ווינפאק סחר בעמ,,,יח,40,יח,false,1,5.90,0.15,false,1,
118820000,true,שקדי עגל טרי 4 שיפודים,אחים דובקין בעמ,,,יח,2.40,ל 100 גרם,false,1,69,28.75,false,1,
118820703,true,אנטריקוט עגלה 1 סטייק,אחים דובקין בעמ,,,יח,2,יח,false,1,49,24.50,false,1,
201277053,true,תבנית גסטרונום אופל *,אופל אריזות בעמ,,,יח,1,יח,false,1,6.90,6.90,false,1,
526784705,true,ערכת שמן זית משק אחיה,מיה תעשיות מזון מ.ת.מ בעמ,,,יח,1,יח,false,1,64.90,64.90,false,1,
1083518117,true,מרכך מקסימה סופר מרוכז,החברה הדרומית לשיווק בעמ,,,יח,10,"ל 100 מ""ל",false,1,17.90,1.79,false,1,
8112100298,true,שמן שומשום 185,מזרח ומערב יבוא ושיווק,,,יח,1.85,"ל 100 מ""ל",false,1,14.90,8.05,false,1,
9073102314,true,גלידה פיינט סורבט קוקוס,מוצרי איכות אמרקאים בעמ,,,יח,7.50,ל 100 גרם,false,1,24.90,3.32,true,1,
9800800056,true,נטולה גו חדש,פרימיום חברה לדברי מ.,,,יח,0.52,יח,false,1,5.50,10.58,false,1,
11210000094,true,רוטב פלפל טבסקו,ר.צ צ יק בעמ,,,יח,0.60,"ל 100 מ""ל",false,1,10.90,18.17,false,1,
11210007253,true,רוטב טבסקו שום פלפל,ציון תורג`מן בעמ,,,יח,0.60,"ל 100 מ""ל",false,1,10.90,18.17,false,1,
11210009387,true,רוטב טבסקו פלפל ירוק,ציון תורג`מן בעמ,,,יח,0.60,"ל 100 מ""ל",false,1,10.90,18.17,false,1,
11210607040,true,רוטב טבסקו מעושן,ציון תורג`מן בעמ,,,יח,0.60,"ל 100 מ""ל",false,1,10.90,18.17,false,1,
11210618503,true,"טבסקו סקורפיון""",ר.צ צ יק בעמ,,,יח,2,"ל 100 מ""ל",false,1,16.90,8.45,false,1,
16000185517,true,פייבר וואן 460 גר,קבוצת אוסם סחר שותפות מוגבלת,,,יח,3.75,ל 100 גרם,false,1,21.90,5.84,true,1,
16000281684,true,חטיף פקאן 1/5,ליימן שליסל בעמ,,,יח,2.10,ל 100 גרם,false,1,15.90,7.57,true,1,
16000423534,true,חטיף בריאות שיבולת שועל שוקולד מריר,ליימן שליסל בעמ,,,יח,2.10,ל 100 גרם,false,1,15.90,7.57,true,1,
16000548404,true,גרנולה חטיף טבעי קראנצ,ליימן שליסל בעמ,,,יח,2.10,ל 100 גרם,false,1,15.90,7.57,true,1,
16000548503,true,קרנצ יחטיפי גרנולה,ליימן שליסל בעמ,,,יח,2.10,ל 100 גרם,false,1,15.90,7.57,true,1,
16000548602,true,קרנצ י חטיפי גרנולה+,ליימן שליסל בעמ,,,יח,2.10,ל 100 גרם,false,1,15.90,7.57,true,1,
16000548909,true,חטיף בריאות מעורב,ליימן שליסל בעמ,,,יח,2.10,ל 100 גרם,false,1,15.90,7.57,true,1,
16229924263,true,"קרם קוקוס 250 מ""ל",גורי מוצרי צריכה 1991 בעמ,,,יח,0.3830,"ל 100 מ""ל",false,1,9.90,25.85,false,1,
18000701223,true,תערובת עוגה בטעם שוקולד,ליימן שליסל בעמ,,,יח,5,ל 100 גרם,false,1,17.90,3.58,false,1,
18000703494,true,תערובת לעוגת וני,ליימן שליסל בעמ,,,יח,5,ל 100 גרם,false,1,17.90,3.58,false,1,
18000766413,true,תערובת לעוגת לבר,ליימן שליסל בעמ,,,יח,5.50,ל 100 גרם,false,1,17.90,3.25,false,1,
19548003107,true,צימקאו בטעם שוקולד לבן 300,תה ויסוצקי (ישראל)בעמ,,,יח,3,ל 100 גרם,false,1,8.50,2.83,false,1,
21723339994,true,"רוטב לדגים 300 מ""ל",מזרח ומערב יבוא ושיווק,,,יח,3,ל 100 גרם,false,1,11.90,3.97,true,1,
22200956932,true,ס. סטיק ג ל כחול ק,ש.שסטוביץ בעמ,,,יח,1,ל 100 גרם,false,1,19.90,19.90,true,1,
25675120020,true,מקלות חמוצות 100 פטל,גורי ע.ע.ע בעמ,,,יח,1,ל 100 גרם,false,1,8.90,8.90,false,1,
25675120037,true,מקלות חמוצות 100,גורי ע.ע.ע בעמ,,,יח,1,ל 100 גרם,false,1,8.90,8.90,false,1,
25675120044,true,מקלות חמוצות,גורי ע.ע.ע בעמ,,,יח,1,ל 100 גרם,false,1,8.90,8.90,false,1,
25675120068,true,מקלות מסוכרים,גורי ע.ע.ע בעמ,,,יח,1,ל 100 גרם,false,1,8.90,8.90,false,1,
25675301108,true,מקלות חמוצות 50,גורי ע.ע.ע בעמ,,,יח,0.50,ל 100 גרם,false,1,4.90,9.80,false,1,
25675301153,true,מקלות חמוצות 50 פטל,גורי ע.ע.ע בעמ,,,יח,0.50,ל 100 גרם,false,1,4.90,9.80,false,1,
25675301184,true,מקלות חמוצים 50 קולה,גורי ע.ע.ע בעמ,,,יח,0.50,ל 100 גרם,false,1,4.90,9.80,false,1,
25675950429,true,סביבון מאגדת אודלס מיקס,לירון קרביץ יבוא שיווק וסחר,,,יח,1,,false,1,11.90,11.90,false,1,
29424000571,true,מצופה אגוז 20 גרם *40 יח`מנעמים*,מנעמים תעשיות מזון בעמ**,,,יח,1,,false,1,16.90,16.90,false,1,
29424001509,true,מצופית אגוזים 400 ג` מנעמים*,מנעמים תעשיות מזון בעמ**,,,יח,4,ל 100 גרם,false,1,7.90,1.98,false,1,
30000315989,true,קוואקר פרוטאין חמוציות ושקדים,שטראוס פריטו ליי בעמ,,,יח,3.66,ל 100 גרם,false,1,23.90,6.53,false,1,
31290140107,true,שוקולד 72%,תה ויסוצקי (ישראל)בעמ,,,יח,0.90,ל 100 גרם,false,1,14.90,16.56,true,1,
34000148301,true,הרשי נטיפי אפיה מריר,ליימן שליסל בעמ,,,יח,6.80,ל 100 גרם,false,1,18.90,2.78,false,1,
34000196173,true,הרשי קוקיס קרם טבלה XL,ליימן שליסל בעמ,,,יח,38,ל 100 גרם,false,1,8.50,0.22,false,1,
34000312177,true,הרשי סירופ,ליימן שליסל בעמ,,,יח,6.80,ל 100 גרם,false,1,17.90,2.63,false,1,
34000442652,true,ריס טבלה XL,ליימן שליסל בעמ,,,יח,38,ל 100 גרם,false,1,8.50,0.22,false,1,
34000470228,true,ריזס מיני חטיף שוקולד,ליימן שליסל בעמ,,,יח,0.70,ל 100 גרם,false,1,5.90,8.43,false,1,
34000470563,true,ריסז מיניס באריזה משפחתית,ליימן שליסל בעמ,,,יח,2.15,ל 100 גרם,false,1,17.90,8.33,false,1,
34000996643,true,הרשי דרופס באריזה משפחתית,ליימן שליסל בעמ,,,יח,2.15,ל 100 גרם,false,1,18.90,8.79,false,1,
36000516890,true,טישו קליניקס 120 3 שכבות,קימברלי קלארק ישראל שיווק בעמ,,,יח,1,,false,1,23.90,23.90,true,1,
37600207188,true,חמאת בוטנים קלאסית,דיפלומט מפיצים {1968}בעמ,,,יח,4.62,ל 100 גרם,false,1,19.90,4.31,false,1,
37600207256,true,חמאת בוטנים עם שברי בוטנים,דיפלומט מפיצים {1968}בעמ,,,יח,4.62,ל 100 גרם,false,1,19.90,4.31,false,1,
37600297943,true,מטבל סלסה חריף,ליימן שליסל בעמ,,,יח,4.39,ל 100 גרם,false,1,18.90,4.31,true,1,
37600297967,true,סלסה מטבל עגבניות בחריפות מעודנת..,ליימן שליסל בעמ,,,יח,4.39,ל 100 גרם,false,1,18.90,4.31,true,1,
38000138607,true,פרינגלס מלח וחומץ 158 גר`,דיפלומט מפיצים {1968}בעמ,,,יח,1.58,ל 100 גרם,false,1,9.90,6.27,true,1,
38000138638,true,פרינגלס פיצה 158 גר`,דיפלומט מפיצים {1968}בעמ,,,יח,1.58,ל 100 גרם,false,1,9.90,6.27,true,1,
38000138720,true,פרינגלס ראנץ 158 גר`,דיפלומט מפיצים {1968}בעמ,,,יח,1.58,ל 100 גרם,false,1,9.90,6.27,true,1,
38000183690,true,פרינגלס מידי ברבקיו 71 גר`,דיפלומט מפיצים {1968}בעמ,,,יח,0.67,ל 100 גרם,false,1,5,7.46,false,1,
38000183928,true,פרינגלס חרדל ודבש 158גר`,דיפלומט מפיצים {1968}בעמ,,,יח,1.58,ל 100 גרם,false,1,9.90,6.27,true,1,
38000232152,true,פרינגלס ברבקיו 158 גר`,דיפלומט מפיצים {1968}בעמ,,,יח,1.58,ל 100 גרם,false,1,9.90,6.27,true,1,
38000232169,true,פרינגלס מידי אורגינל67 גר`,דיפלומט מפיצים {1968}בעמ,,,יח,0.67,ל 100 גרם,false,1,5,7.46,false,1,
38000232176,true,54פרינגלס שמנת בצל 158 גר`,דיפלומט מפיצים {1968}בעמ,,,יח,1.58,ל 100 גרם,false,1,9.90,6.27,true,1,
38000232183,true,פרינגלס אורגינל 149 גר`,דיפלומט מפיצים {1968}בעמ,,,יח,1.58,ל 100 גרם,false,1,9.90,6.27,true,1,
38000845253,true,פרינגלס מידי שמנת בצל 67 גר`,דיפלומט מפיצים {1968}בעמ,,,יח,0.67,ל 100 גרם,false,1,5,7.46,false,1,
38527591053,true,דגנים מרובעים קינמון,שטראוס פריטו ליי בעמ,,,יח,4.12,ל 100 גרם,false,1,19.90,4.83,false,1,
38527591060,true,דגנים מרובעים,שטראוס פריטו ליי בעמ,,,יח,4.12,ל 100 גרם,false,1,19.90,4.83,false,1,
40000514480,true,שוקולד אריזה M?-M,ריגלי ישראל בעמ,,,יח,0.48,"ל 100 מ""ל",false,1,5,10.42,true,1,
40000514510,true,שוקולד אריזה בוטנים M?-M,ריגלי ישראל בעמ,,,יח,0.49,"ל 100 מ""ל",false,1,5,10.20,true,1,
46214731552,true,עוגיות שוקוצי פס מרווה,ש.שסטוביץ בעמ,,,יח,2.25,ל 100 גרם,false,1,8.90,3.96,false,1,
48256214758,true,אסטוניש אבקת הפלא ק.,"יעקב יעקבי ובניו בע""מ",,,יח,10,ל 100 גרם,false,1,29.90,2.99,false,1,
50000084500,true,פריסקיז מעדני השף,קבוצת אוסם סחר שותפות מוגבלת,,,יח,1.42,"לק""ג",false,1,35.90,25.28,false,1,
50000168583,true,פריסקיז אקסטרא קראנץ,קבוצת אוסם סחר שותפות מוגבלת,,,יח,1.42,"לק""ג",false,1,36.90,25.99,false,1,
50000170180,true,פריסקיז עוף ברוטב,קבוצת אוסם סחר שותפות מוגבלת,,,יח,0.85,ל 100 גרם,false,1,6.30,7.41,false,1,
50000225224,true,פריסקיז פילה,קבוצת אוסם סחר שותפות מוגבלת,,,יח,1.56,ל 100 גרם,false,1,6.30,4.04,false,1,
50000238910,true,פריסקיז פארטי מיקס אורגינל קראנץ,קבוצת אוסם סחר שותפות מוגבלת,,,יח,0.60,ל 100 גרם,false,1,11.90,19.83,false,1,
50000292615,true,פנסי פיסט לבבות עוף וכבד,קבוצת אוסם סחר שותפות מוגבלת,,,יח,0.85,ל 100 גרם,false,1,5.90,6.94,false,1,
50000429448,true,פנסי פיסט מוס סלמון,קבוצת אוסם סחר שותפות מוגבלת,,,יח,1,,false,1,5.80,5.80,false,1,
50000574414,true,פריסקיז פארטי מיקס פיקנייק קראנץ,קבוצת אוסם סחר שותפות מוגבלת,,,יח,0.60,ל 100 גרם,false,1,11.90,19.83,false,1,
50000578238,true,פריסקיז פארטי מיקס קרייזי קראנץ,קבוצת אוסם סחר שותפות מוגבלת,,,יח,0.60,ל 100 גרם,false,1,11.90,19.83,false,1,
51500017005,true,סמארקס חמאת בוטנים 100% ריכיבים,גורי מוצרי צריכה 1991 בעמ,,,יח,4.54,ל 100 גרם,false,1,17.90,3.94,false,1,
55369902557,true,"רסק תפו""ע ביתי 4 יח",ר.צ צ יק בעמ,,,יח,1,,false,1,13.40,13.40,false,1,
55369902564,true,"רסק תפו""ע ללא סוכר 4יח",ר.צ צ יק בעמ,,,יח,4.52,ל 100 גרם,false,1,13.90,3.08,false,1,
55369903295,true,"מחית תפו""ע ללא סוכר צנצנת 650ג",ר.צ צ יק בעמ,,,יח,6.50,ל 100 גרם,false,1,15.90,2.45,false,1,
55500012046,true,קלין אפ מרסס אקונומיקה 946,גורי מוצרי צריכה 1991 בעמ,,,יח,9.46,"ל 100 מ""ל",false,1,20.90,2.21,false,1,
62558202381,true,סירופ מייפל אורגני 236 מל,ר.צ צ יק בעמ,,,יח,7.50,ל 100 גרם,false,1,25.90,3.45,false,1,
64144090013,true,שמן פאם טעם חמאה,ליימן שליסל בעמ,,,יח,1.48,"ל 100 מ""ל",false,1,17.90,12.09,false,1,
64144090020,true,שמן פאם שמן זית,ליימן שליסל בעמ,,,יח,1,,false,1,17.90,17.90,false,1,
64144090051,true,שמן פאם על בסיס קנולה,ליימן שליסל בעמ,,,יח,1.48,"ל 100 מ""ל",false,1,17.90,12.09,false,1,
71101665436,true,פאזל חנוכה הנרות הללו טוויז,טוייז מרקט בעמ,,,יח,1,,false,1,15,15,false,1,
71101665450,true,פאזל חנוכה על הניסים טוויז,טוייז מרקט בעמ,,,יח,1,,false,1,15,15,false,1,
71103975441,true,כרטסיות לימוד חנוכה טוויז,טוייז מרקט בעמ,,,יח,1,,false,1,20,20,false,1,
71106987687,true,טריוויה חנוכה טוויז גדול,טוייז מרקט בעמ,,,יח,1,,false,1,20,20,false,1,
73490130946,true,פתיבר קלאסי חמאה 500 גרם הדר*,אפיפית נצרת תעשיות בסקויט,,,יח,5,ל 100 גרם,false,1,5.90,1.18,false,1,
73490130953,true,פתיבר קלאסי שוקו 500 גרם הדר *,אפיפית נצרת תעשיות בסקויט,,,יח,5,ל 100 גרם,false,1,5.90,1.18,false,1,
74261140201,true,רוטב סויה תמרי 1/2,ר.צ צ יק בעמ,,,יח,3,"ל 100 מ""ל",false,1,24.90,8.30,false,1,
76840001767,true,גלידה פיינט,מוצרי איכות אמרקאים בעמ,,,יח,7.50,ל 100 גרם,false,1,24.90,3.32,true,1,
76840001774,true,גלידה פיינט שוקולד ציפס,מוצרי איכות אמרקאים בעמ,,,יח,7.50,ל 100 גרם,false,1,24.90,3.32,true,1,
76840002351,true,גימי סמור גלידת עם מרשמלו קלוי פירורי שו,מוצרי איכות אמרקאים בעמ,,,יח,7.50,ל 100 גרם,false,1,24.90,3.32,true,1,
76840002542,true,גלידה פיינט נטפליקס וצילד,מוצרי איכות אמרקאים בעמ,,,יח,7.50,ל 100 גרם,false,1,24.90,3.32,true,1,
76840100156,true,גלידה פיינט צ`רי רסיה,מוצרי איכות אמרקאים בעמ,,,יח,7.50,ל 100 גרם,false,1,24.90,3.32,true,1,
76840100583,true,גלידה פיינט בצק עוגיות,מוצרי איכות אמרקאים בעמ,,,יח,7.50,ל 100 גרם,false,1,24.90,3.32,true,1,
76840400218,true,גלידה פיינט ע. גבינה ותות,מוצרי איכות אמרקאים בעמ,,,יח,7.50,ל 100 גרם,false,1,24.90,3.32,true,1,
77245110610,true,סוכריות מאסט מנטה,שטראוס גרופ בעמ,,,יח,0.80,ל 100 גרם,false,1,7.70,9.63,true,1,
77975036976,true,סלסה מטבל עגבניות בחריפות מעודנת,ליימן שליסל בעמ,,,יח,1,יח,false,1,16.90,16.90,false,1,
77975091975,true,סניידרס סנדוויץ פיצה,ליימן שליסל בעמ,,,יח,3.40,ל 100 גרם,false,1,15.90,4.68,true,1,
77975093085,true,חטיף בייגלה סנידרס מצופה ש. חלב,ליימן שליסל בעמ,,,יח,1.41,ל 100 גרם,false,1,16.90,11.99,false,1,
77975093108,true,חטיף בייגלה סנידרס מצופה ש. לבן,ליימן שליסל בעמ,,,יח,1.41,ל 100 גרם,false,1,16.90,11.99,false,1,
77975094631,true,סניידרס בייגלה במילוי בטעם צ`דר,ליימן שליסל בעמ,,,ל 100 גרם,1,,false,1,15.90,15.90,true,1,
77975094761,true,בייגלה סניידרס צ`דר,ליימן שליסל בעמ,,,יח,3.40,ל 100 גרם,false,1,15.90,4.68,true,1,
77975094778,true,בייגלה סניידרס חרדל ודבש,ליימן שליסל בעמ,,,יח,3.40,ל 100 גרם,false,1,15.90,4.68,true,1,
77975095157,true,שברי בייגלה בטעם חלפיניו,ליימן שליסל בעמ,,,יח,3.18,ל 100 גרם,false,1,15.90,5,true,1,
77975095263,true,בייגלה סניידרס צ`דר,ליימן שליסל בעמ,,,יח,3.19,ל 100 גרם,false,1,15.90,4.98,true,1,
85659100006,true,עוגיות עבדי מלח 400,תה ויסוצקי (ישראל)בעמ,,,יח,4,ל 100 גרם,false,1,17.90,4.48,false,1,
85696608044,true,טופו ללא גלוטן 349 גר`,מזרח ומערב יבוא ושיווק,,,יח,3.49,ל 100 גרם,false,1,13.90,3.98,true,1,
96086001512,true,עוגיות לימון אביב,ר.צ צ יק בעמ,,,יח,2,ל 100 גרם,false,1,13.50,6.75,false,1,
96086001529,true,עוגיות קפוצ`ינו אביב,ר.צ צ יק בעמ,,,יח,2,ל 100 גרם,false,1,13.50,6.75,false,1,
96086001536,true,עוגיות וניל אביב,ר.צ צ יק בעמ,,,יח,2,ל 100 גרם,false,1,13.50,6.75,false,1,
117700003122,true,חנוכה חוברת פעילות צבעוני,טוייז מרקט בעמ,,,יח,1,,false,1,10,10,false,1,
117700003146,true,חנוכה לומדים ומדביקים,טוייז מרקט בעמ,,,יח,1,,false,1,10,10,false,1,
305210416383,true,Vaseline ALOE FRESH LOTION 725 ml,"יוניליוור ישראלשיווק בע""מ",,,יח,6,"ל 100 מ""ל",false,1,19.90,3.32,false,1,
308910525744,true,אטריות אורז דקות 454 גר,מזרח ומערב יבוא ושיווק,,,יח,4.54,ל 100 גרם,false,1,10.90,2.40,false,1,
324787290102,true,המבורגר ביתי גוליה,ג`וליה מעדני בשר בעמ,,,"לק""ג",10,ל 100 גרם,true,1,58.90,5.89,false,1,
324787290104,true,נקניקיות מיני מרגז גוליה,ג`וליה מעדני בשר בעמ,,,"לק""ג",10,ל 100 גרם,true,1,58.90,5.89,false,1,
324787290106,true,שיפודי פרגית גוליה,ג`וליה מעדני בשר בעמ,,,"לק""ג",1,,true,1,74.90,74.90,false,1,
324787290109,true,מעורב ירושלמי גוליה,ג`וליה מעדני בשר בעמ,,,"לק""ג",1,,true,1,58.90,58.90,false,1,
324787290133,true,נקניק כבש איטלקי גוליה,ג`וליה מעדני בשר בעמ,,,"לק""ג",10,ל 100 גרם,true,1,58.90,5.89,false,1,
324787290134,true,צ`וריסוס ספרדי גוליה,ג`וליה מעדני בשר בעמ,,,"לק""ג",10,ל 100 גרם,true,1,58.90,5.89,false,1,
324787290138,true,נקניק יות פרגית גוליה,ג`וליה מעדני בשר בעמ,,,"לק""ג",10,ל 100 גרם,true,1,58.90,5.89,false,1,
324787290144,true,בייבי בורגר גוליה,ג`וליה מעדני בשר בעמ,,,"לק""ג",10,ל 100 גרם,true,1,58.90,5.89,false,1,
324787290153,false,טבעות טחול עגל גוליה,ג`וליה מעדני בשר בעמ,,,"לק""ג",1,,true,1,79,79,false,1,
324787290189,true,המבורגר אנטריקוט גוליה,ג`וליה מעדני בשר בעמ,,,"לק""ג",10,ל 100 גרם,true,1,58.90,5.89,false,1,
324787290230,true,קבבוני אנגוס גוליה,ג`וליה מעדני בשר בעמ,,,"לק""ג",10,ל 100 גרם,true,1,58.90,5.89,false,1,
324787290241,true,קבב אש ג`וליה,ג`וליה מעדני בשר בעמ,,,"לק""ג",10,ל 100 גרם,true,1,58.90,5.89,false,1,
324787290246,true,קבב אביה גוליה,ג`וליה מעדני בשר בעמ,,,"לק""ג",10,ל 100 גרם,true,1,58.90,5.89,false,1,
324787290247,true,המבורגר טלה גוליה,ג`וליה מעדני בשר בעמ,,,"לק""ג",10,ל 100 גרם,true,1,58.90,5.89,false,1,
324787290261,true,המבורגר אנגוס גוליה,ג`וליה מעדני בשר בעמ,,,"לק""ג",10,ל 100 גרם,true,1,58.90,5.89,false,1,
324787290358,true,המבורגר אנטריקוט גוליה,ג`וליה מעדני בשר בעמ,,,"לק""ג",10,ל 100 גרם,true,1,58.90,5.89,false,1,
324787290500,true,קבבוני פרגית גוליה,ג`וליה מעדני בשר בעמ,,,"לק""ג",10,ל 100 גרם,true,1,58.90,5.89,false,1,
608011104238,true,לחמניות המבורגר,גיא שיווק טוב,,,יח,1,יח,false,1,12.90,12.90,false,1,
613008742409,true,אריזונה אפרסק בקבוק 1 ליטר,טמפו משקאות בעמ,,,יח,10,"ל 100 מ""ל",false,1,9.90,0.96,false,1,
628154383659,true,דגני פרוטי פבלס,ר.ב מוצרי דגנים בעמ,,,יח,3.11,יח,false,1,20.90,6.72,false,1,
633824102225,true,ואן גוך מלון 1 ליטר,טמפו משקאות בעמ,,,יח,10,"ל 100 מ""ל",false,1,160.20,15.99,false,1,
639138513238,true,הרינג מעושן גדעון שמן צמחי רוגן פיש,ר.צ צ יק בעמ,,,יח,2,ל 100 גרם,false,1,12.90,6.45,false,1,
651080161510,true,חוט דנטלי משופר,"דנשר (1963) בע,מ",,,יח,1,,false,1,10.90,10.90,true,1,
651080647519,true,"חוט דנטלי ""פלוסר מנטה","דנשר (1963) בע,מ",,,יח,1,,false,1,9.90,9.90,false,1,
690102210584,true,פלפל יפ קלויים אדום לירון,"בכורי השדה צפון1994 ג.ד. בע""מ",,,יח,3.50,ל 100 גרם,false,1,13.90,3.97,false,1,
710069006867,true,עוגיות סנדויץ וניל 150 ג`הדר*,אפיפית נצרת תעשיות בסקויט,,,יח,1.75,ל 100 גרם,false,1,3.50,2,true,1,
710069055452,true,עוגיות סנדויץ שוקו 150 ג`הדר*,אפיפית נצרת תעשיות בסקויט,,,יח,1.75,ל 100 גרם,false,1,3.50,2,true,1,
710800027573,true,מיני מנטוס שקית,ליימן שליסל בעמ,,,יח,1.78,ל 100 גרם,false,1,13.50,7.58,false,1,
720011378028,true,חלבה ברקא,קבוצת אוסם סחר שותפות מוגבלת,,,יח,3.50,ל 100 גרם,false,1,14.90,4.26,false,1,
720016320343,true,טואלט דאק 750 לבנדר זוג,"דנשר (1963) בע,מ",,,יח,1.50,לליטר,false,1,21.90,14.60,false,1,
729019056621,true,ספרינג 1.5 פירות קיץ,יפאורה שותפות מוגבלת לשיווק,,,יח,15,"ל 100 מ""ל",false,1,8.90,0.57,true,1,
753182231761,true,משקה אנרגיה BLU מופחת קלוריות,בני פוזי שמשום בעמ,,,יח,2.50,"ל 100 מ""ל",false,1,4.50,1.68,true,1,
765453766919,true,"פחם 2 ק""ג*",TAD COMMODITIES SRL,,,יח,2,"לק""ג",false,1,12.90,6.45,false,1,
768404001640,true,גלידה פיינט קפה,מוצרי איכות אמרקאים בעמ,,,יח,7.50,ל 100 גרם,false,1,24.90,3.32,true,1,
769904000997,true,שקדי מרק ללא גלוטן 200 גר`,נטורפוד בעמ,,,יח,2,ל 100 גרם,false,1,12.90,6.45,false,1,
811146030161,true,טינגלרס תות בשקית 288 גר`,לירון קרביץ יבוא שיווק וסחר,,,יח,0.2880,ל 100 גרם,false,1,14,48.61,false,1,
839762000641,true,איילנד מנגו 1 ליטר,טמפו משקאות בעמ,,,יח,10,"ל 100 מ""ל",false,1,11.90,1.16,true,1,
839762000658,true,איילנד גויאבה 1 ליטר,טמפו משקאות בעמ,,,יח,10,"ל 100 מ""ל",false,1,11.90,1.16,true,1,
850004207789,true,מיטבולס ביונד מיט`290 גר,דיפלומט מפיצים {1968}בעמ,,,ל 100 גרם,2.90,ל 100 גרם,false,1,34.90,12.03,false,1,
850006036028,true,עבדי מאפה חיטה מקלונים ט.סלק בצל,תה ויסוצקי (ישראל)בעמ,,,יח,4,ל 100 גרם,false,1,17.90,4.48,true,1,
851621000043,true,בירה -1664בקבוק בודד,החברה המרכזית להפצת משקאות בע,,,יח,21.60,"ל 100 מ""ל",false,1,12.40,0.49,false,1,
851621000050,true,"שישית בירה 1664 330 N,K",החברה המרכזית להפצת משקאות בע,,,יח,15,ל 100 גרם,false,1,52.90,3.41,true,1,
856591000055,true,עוגיות עבדי קריספי 400,תה ויסוצקי (ישראל)בעמ,,,יח,4,ל 100 גרם,false,1,17.90,4.48,false,1,
856591000109,true,עוגיות מזרחיות פריך מיוחד,תה ויסוצקי (ישראל)בעמ,,,יח,4,ל 100 גרם,false,1,17.90,4.48,false,1,
856591000512,true,עוגיות מזרחיות מקלות לניגוב,תה ויסוצקי (ישראל)בעמ,,,יח,4,ל 100 גרם,false,1,17.90,4.48,true,1,
856591000918,true,מארז חטיף טבעי 8*40 גר`,תה ויסוצקי (ישראל)בעמ,,,יח,3.20,ל 100 גרם,false,1,17.90,5.59,false,1,
856591000949,true,מאפה עבאדי חיטה מלוח 350 גר,תה ויסוצקי (ישראל)בעמ,,,יח,3.50,ל 100 גרם,false,1,17.90,5.11,true,1,
856591000956,true,מאפה חיטה קטנטנים ט. גריל 350 גר,תה ויסוצקי (ישראל)בעמ,,,יח,3.50,ל 100 גרם,false,1,16.90,4.83,true,1,
856591000970,true,עבדי מאפה חיטה מקלונים ט.חריף,תה ויסוצקי (ישראל)בעמ,,,יח,4,ל 100 גרם,false,1,17.90,4.48,true,1,
859547004084,true,ספוג ניקוי 24 יח` SCRUB,ר.ב מוצרי דגנים בעמ,,,יח,1,,false,1,16.90,16.90,false,1,
859547004329,true,ספוג ניקוי SCRUB,ר.ב מוצרי דגנים בעמ,,,יח,1,,false,1,16.90,16.90,false,1,
884912129512,true,דגני קוקו פבלס,ר.ב מוצרי דגנים בעמ,,,יח,3.11,ל 100 גרם,false,1,19.90,6.40,false,1,
884912365217,true,דגני בוקר אוראו,ר.ב מוצרי דגנים בעמ,,,יח,3.11,ל 100 גרם,false,1,19.90,6.40,false,1,
893594002068,true,חטיף פופקורן צ`יפס עם מלח ים,שטראוס פריטו ליי בעמ,,,יח,0.32,ל 100 גרם,false,1,5.90,18.44,false,1,
960860015432,true,עוגיות ללא סוכר חיטה מלאה,ר.צ צ יק בעמ,,,יח,2,ל 100 גרם,false,1,13.50,6.75,false,1,
1230000068314,false,בשר טחון ביונד מיט מארז זוגות 300ג,זנברגן וורלד פינסט מיט ב,,,ל 100 גרם,3,ל 100 גרם,false,1,34.90,11.63,false,1,
1230000116022,false,המבורגר ביונד מיט מארז זוגות 226ג,ביונד מיט קליפורניה ארהב,,,ל 100 גרם,2.26,ל 100 גרם,false,1,34.90,15.44,false,1,
2517765432109,false,חנוכה טוויז יוצרים פלסטלינה,טוייז מרקט בעמ,,,יח,1,,false,1,20,20,false,1,
3014260201753,false,סכיני גילוח ג'ילט בלו 2 להבים - מארז 5 יח',דיפלומט מפיצים (1968) בעמ,,,יח,1,,false,1,12.90,12.90,false,1,
3014260287030,false,ג`ילט סכיני גילוח חדפ לגבר יבוא מקביל,פארמה דיל (פ.א.ב.) שיווק והפצה,,,יח,1,,false,1,7.90,7.90,true,1,
3045206360609,false,"דזיטול נוזל מחטא בגדים בכביסה, 1 ליטר","יעקב יעקבי ובניו בע""מ",,,יח,10,"ל 100 מ""ל",false,1,19.90,1.99,false,1,
3059943015104,false,"אירוויק מבשם אויר נטול גז בניחוח פריסיה ויסמין 345 מ""ל",רקיט בנקיזר (ניר איסט) בעמ,,,יח,3.45,ל 100 גרם,false,1,12.90,3.74,true,1,
3059943015128,false,מבשם אוויר נטול גז אקווה מיסט בניחוח לבנדר פראי ואוויר הרים,רקיט בנקיזר (ניר איסט) בעמ,,,יח,3.45,ל 100 גרם,false,1,12.90,3.74,true,1,
3141360054405,false,פיניש מפיץ ריח למדיח בניחוח לימון וליים,רקיט בנקיזר (ניר איסט) בעמ,,,יח,15,"ל 100 מ""ל",false,1,14.90,0.99,true,1,
3282554138911,false,כפיות לבן 100 יח PP ארקפלסט (40 בק`)*,ח.כהן סוכנות מזון ומשקאות בע,,,יח,100,יח,false,1,8.90,0.09,true,1,
3282554174841,false,מזלגות לבן 100 יח PP ארקפלסט (40 בק`),ח.כהן סוכנות מזון ומשקאות בע,,,יח,100,יח,false,1,8.90,0.09,true,1,
3282554174957,false,כפות לבן 100 יח PP ארקפלסט (40 בק`)*,ח.כהן סוכנות מזון ומשקאות בע,,,יח,100,יח,false,1,8.90,0.09,true,1,
3387390320244,false,פיטנס דגני בוקר מחיטה מלאה עם פירות נסטלה 375 גרם,קבוצת אוסם סחר שותפות מוגבלת,,,יח,3.75,ל 100 גרם,false,1,19.90,5.31,true,1,
3574660058857,false,גונסונס בייבי שמן 500 מל חדש,גונסון אנד גונסון,,,יח,5,ל 100 גרם,false,1,29.90,5.98,false,1,
3574661003924,false,שטיפת פה טוטאל קר בטעם מנטה צלול,ג'\ונסון אנד ג'\ונסון,,,יח,5,"ל 100 מ""ל",false,1,19.90,3.98,false,1,
3574661114637,false,ליסטרין שטיפת פה קול מינט טעם מעודן 500,ג'\ונסון אנד ג'\ונסון,,,יח,5,"ל 100 מ""ל",false,1,17.90,3.58,true,1,
3574661363998,false,"מי פה ליסטרין תה ירוק 500 מ""ל",ג'\ונסון אנד ג'\ונסון,,,יח,5,"ל 100 מ""ל",false,1,19.90,3.98,false,1,
3574661425696,false,גונסונס בייבי תחליב לתינוק 500 מל,ג'ונסונס Johnson's,,,יח,5,ל 100 גרם,false,1,28.90,5.78,false,1,
3574661485218,false,טמפונים נורמל אובה 32 יח' פרוקומפורט,"ש. שסטוביץ בע""\מ",,,יח,1,,false,1,24.90,24.90,false,1,
3574661487328,false,קרפרי מגני תחתון אורגינל פלוס 56 יח',הדקלאים אגודת שיתופי,,,יח,1,,false,1,15.90,15.90,true,1,
3574661487335,false,מגן תחתון קרפרי מקסי לונג ריחני 40 יחידות,ש. שסטוביץ בע`מ,,,יח,1,,false,1,15.90,15.90,true,1,
3574661487618,false,קרפרי מגן תחתון מקסי לארג'' מבושם 48 יח'',ג'ויה מעבדות לקוסמטי,,,יח,1,,false,1,15.90,15.90,true,1,
3574661487625,false,מגני תחתון פלוס לארג' בניחוח עדין L,הדקלאים אגודת שיתופי,,,יח,1,,false,1,15.90,15.90,true,1,
3574661491806,false,מי פה אדבנס וויט מנטה מסירה כתמים קשים,ג'\ונסון אנד ג'\ונסון,,,יח,10,"ל 100 מ""ל",false,1,19.90,1.99,false,1,
3574661500355,false,קרפרי מגן תחתון מקסי לונג רגיל 40 יח',ג'ויה מעבדות לקוסמטי,,,יח,1,,false,1,15.90,15.90,true,1,
3574661530697,false,גונסונס בייבי תרחיץ ושמפו לתינוק 500 מל,ג'ונסונס Johnson's,,,יח,5,ל 100 גרם,false,1,18.90,3.78,true,1,
3574661552576,false,קרפרי מגן תחתון רגיל טנגה לבן 56 יח חדש,הדקלאים אגודת שיתופי,,,יח,1,,false,1,15.90,15.90,true,1,
3574661552804,false,מגן תחתון קרפרי אלוורה 56 יחידות,הדקלאים אגודת שיתופי,,,יח,1,,false,1,15.90,15.90,true,1,
3574661552811,false,מגן תחתון קרפרי כותון אוורירי 56 יחידות,הדקלאים אגודת שיתופי,,,יח,1,,false,1,15.90,15.90,true,1,
3574661554877,false,מגן תחתון קרפרי כותון מבושם 56 יחידות,הנסיך- מפעל לייצור ט,,,יח,1,,false,1,15.90,15.90,true,1,
3574661554884,false,קרפרי מגן תחתון רגיל טנגה מבושם 56 יח,הדקלאים אגודת שיתופי,,,יח,1,,false,1,15.90,15.90,true,1,
3574661650029,false,ליסטרין שטיפת פה להגנה על החניכיים בטעם מעודן,ג'\ונסון אנד ג'\ונסון,,,יח,5,"ל 100 מ""ל",false,1,21.90,4.38,false,1,
3574669907972,false,"גונסון בייבי שמפו טיפות של ברק 750 מ""ל",ג'ונסונס Johnson's,,,יח,7.50,ל 100 גרם,false,1,21.90,2.92,true,1,
3800020423578,false,קיט קט שוקולד אצבעות צ'אנקי אדום 40ג',קבוצת אוסם סחר שותפות מוגבלת,,,יח,40,ל 100 גרם,false,1,3.90,0.10,false,1,
3800020472569,false,חטיף קיט קאט צ`אנקי קרמל מלוח 42 גרם,קבוצת אוסם סחר שותפות מוגבלת,,,יח,0.45,ל 100 גרם,false,1,3.90,8.67,false,1,
3800020472712,false,חטיף קיט קאט צאנקי פופקורן 42 ג',קבוצת אוסם סחר שותפות מוגבלת,,,יח,0.45,ל 100 גרם,false,1,3.90,8.67,false,1,
3838824127149,false,צבע לשיער פלטה - 1-1 שחור כחול,שוורצקופף והנקל,,,יח,1,,false,1,21.90,21.90,true,1,
3838824127163,false,צבע לשיער פאלטה סמי קיט 1-10 בלונד כסוף,שוורצקופף והנקל,,,יח,1,,false,1,21.90,21.90,true,1,
3838824127200,false,צבע לשיער פאלטה סמי קיט 3-0 חום כהה,שוורצקופף והנקל,,,יח,1,,false,1,21.90,21.90,true,1,
3838824127248,false,פלטה סמי קיט חום בהיר 5-0 צבע שיער,שוורצקופף והנקל,,,יח,1,,false,1,21.90,21.90,true,1,
3838824127361,false,צבע לשיער פאלטה סמי קיט ערמונים בינוני 5,שוורצקופף והנקל,,,יח,1,,false,1,21.90,21.90,true,1,
3838824193915,false,צבע לשיער פאלטה סמי קיט שחור 0-1,שוורצקופף והנקל,,,יח,1,,false,1,21.90,21.90,true,1,
3838824240275,false,צבע לשיער פאלטה סמי קיט 6-65 נוגט,שוורצקופף והנקל,,,יח,1,,false,1,21.90,21.90,true,1,
4000417019004,false,שוקולד חלב אגוזי לוז שלמים ריטר ספורט 100 גרם,ריטר ספורט Ritter sport,,,יח,1,ל 100 גרם,false,1,9.90,9.90,false,1,
4000417022004,false,ריטר ספורט שוקולד חלב מעולה עם צימוקים ואגוזי לוז 100 גרם,ריטר ספורט Ritter sport,,,יח,1,ל 100 גרם,false,1,7.90,7.90,false,1,
4000417023001,false,ריטר ספורט שוקולד חלב מעולה עם שקדים שלמים,ריטר ספורט Ritter sport,,,יח,1,ל 100 גרם,false,1,9.90,9.90,false,1,
4000417025005,false,שוקולד מריר במילוי מרציפן ריטר ספורט 100 גרם,ריטר ספורט Ritter sport,,,יח,1,ל 100 גרם,false,1,7.90,7.90,false,1,
4000417026002,false,שוקולד ריטר ספורט פרלין 100 גרם חלב נוכרי,ריטר ספורט Ritter sport,,,יח,1,ל 100 גרם,false,1,7.90,7.90,false,1,
4000417101211,false,גלילי וופל עם קרם אגוזי לוז בציפוי שוקולד חלב,ליימן שליסל בע`מ,,,יח,1.50,ל 100 גרם,false,1,17.90,11.93,false,1,
4000417101273,false,אמיצ`לי גלילי וופל עם קרם אגוז 300 גרם,ליימן שליסל בע`מ,,,יח,3,ל 100 גרם,false,1,34.90,11.63,false,1,
4000417101310,false,אמיצ`לי עם קרם קקאו בציפוי שוקולד גלילי,ליימן שליסל בע`מ,,,יח,1.50,ל 100 גרם,false,1,17.90,11.93,false,1,
4000417211002,false,שוקולד חלב מעולה ממולא קרם קרמל מוקצף ושברי שקדים מומלחים,ריטר ספורט Ritter sport,,,יח,1,ל 100 גרם,false,1,7.90,7.90,false,1,
4000417212009,false,ריטר ספורט שוקולד מריר מעולה עם שקדים קצוצים וקליפות תפוז מסוכרות,ריטר ספורט Ritter sport,,,יח,1,ל 100 גרם,false,1,7.90,7.90,false,1,
4000417222008,false,שוקולד ריטר ספורט חלב+שברי אגוזים 100 גרם חלב נוכרי,ריטר ספורט Ritter sport,,,יח,1,ל 100 גרם,false,1,7.90,7.90,false,1,
4000417224002,false,"ריטר ספורט טבלת שוקולד מריר אגוזים, 100 גרם",ריטר ספורט Ritter sport,,,יח,1,ל 100 גרם,false,1,9.90,9.90,false,1,
4000417294005,false,שוקולד ריטר מוס קקאו 100 גרם חלב נוכרי,ריטר ספורט Ritter sport,,,יח,1,ל 100 גרם,false,1,7.90,7.90,false,1,
4000417298003,false,שוקולד ריטר ספורט קוקוס 100 גרם חלב נוכרי,ריטר ספורט Ritter sport,,,יח,1,ל 100 גרם,false,1,7.90,7.90,false,1,
4000417450302,false,שוקולד חלב ומריר ריטר ספורט מונדיאל 183ג,ליימן שליסל בעמ,,,יח,1.83,ל 100 גרם,false,1,19.90,10.87,false,1,
4000417626417,false,שוקולד חלב חמוציות ממותקות ושברי אגוזי לוז,ליימן שליסל בע`מ,,,יח,1,ל 100 גרם,false,1,7.90,7.90,false,1,
4000417629616,false,שוקולד ריטר חלב עם שברי שקדים מקורמלים,ליימן שליסל בע`מ,,,יח,1,ל 100 גרם,false,1,7.90,7.90,false,1,
4000417692313,false,שוקולד ריטר לבן עם פתיתי קינמון ואורז,ליימן שליסל בע`מ,,,יח,1,ל 100 גרם,false,1,7.90,7.90,false,1,
4000417694119,false,שוקולד ריטר מריר ולבן עם מחית קפה,ליימן שליסל בע`מ,,,יח,1,ל 100 גרם,false,1,7.90,7.90,false,1,
4000417707000,false,שוקולד חלב מעולה עם שברי קשיו קלוי ומומלח,ריטר ספורט Ritter sport,,,יח,1,ל 100 גרם,false,1,9.90,9.90,false,1,
4000417708007,false,"שוקולד ריטר ספורט מריר שקד, 100 גרם",ריטר ספורט Ritter sport,,,יח,1,ל 100 גרם,false,1,9.90,9.90,false,1,
4000869032569,false,"הפי מבשם ומטהר אויר ורוד מוצק יעקבי 150 מ""ל","יעקב יעקבי ובניו בע""מ",,,יח,1.50,"ל 100 מ""ל",false,1,6.90,4.60,false,1,
4002575016253,false,מרציפן מצופה שוקולד זנטיס (100 גרם),הדקלאים אגודת שיתופי,,,יח,1,ל 100 גרם,false,1,9.30,9.30,false,1,
4002590000022,false,סוכריות קלפני פירות יער אוכמניות 150 ג',ליימן שליסל בע`מ,,,יח,1.50,ל 100 גרם,false,1,9.60,6.40,false,1,
4002590000039,false,סוכריות בטעם פירות הדר קלפני 150 גרם,ליימן שליסל בע`מ,,,יח,1.50,ל 100 גרם,false,1,9.60,6.40,false,1,
4002590000046,false,סוכריות בטעם מנטה מרענן קלפני 150 גרם,ליימן שליסל בע`מ,,,יח,1.50,ל 100 גרם,false,1,9.60,6.40,false,1,
4002590000619,false,סוכריות קלפני בטעם ק,ליימן שליסל בעמ,,,יח,1.50,ל 100 גרם,false,1,9.60,6.40,false,1,
4004666042004,false,"מלרוד מרסס משמיד עובש יעקבי 500 מ""ל","יעקב יעקבי ובניו בע""מ",,,יח,5,"ל 100 מ""ל",false,1,30.90,6.18,false,1,
4008287051032,false,בירה קרומבאכר פילס 0.50 ליטר פחית,מנדלז סי.אר. פרודקשן,,,"ל 100 מ""ל",5,ל 100 גרם,false,1,9.60,1.92,true,1,
4008287058161,false,בירה קרומבאכר פילס 4.8% שישיה 6 * 330 מל,אגודת הכורמים -כרמל מזרחי,,,ל 100 גרם,13,"ל 100 מ""ל",false,1,36.90,2.70,true,1,
4008287905786,false,בירה קרומבאכר חיטה 5.3% פחית 500 מל,אגודת הכורמים -כרמל מזרחי,,,"ל 100 מ""ל",5,ל 100 גרם,false,1,9.90,1.92,true,1,
4009300522966,false,תה ירוק עם נענע פומפדור 20 יחידות,"איטיליאן פוד, אס.פי.",,,יח,0.36,ל 100 גרם,false,1,19.90,55.28,true,1,
4009300528821,false,תה ירוק פומפדור ג'ינגר וקינמון 20 יחידות,ש.שסטוביץ בעמ,,,יח,0.30,ל 100 גרם,false,1,19.90,66.33,true,1,
4009300595120,false,חליטת צמחים פומפדור ג'ינג'ר מנגו 20 יחידות,ש.שסטוביץ בעמ,,,יח,0.30,ל 100 גרם,false,1,15.90,53,true,1,
4009900379564,false,מסטיק טייפ בטעם פירות הובה בובה (56 גרם),מרס ריגלי קונפקשונרי,,,יח,6.72,ל 100 גרם,false,1,6,0.89,false,1,
4009900385824,false,מסטיק אורביט פפרמינט סטיקס משפחתי-חמישיות,"מרס ריגלי ישראל בע""מ",,,יח,0.65,ל 100 גרם,false,1,10,15.38,false,1,
4009900402965,false,אורביט וויט בטעם פירות בקבוקון 46מלבניות,"מרס ריגלי ישראל בע""מ",,,יח,0.64,ל 100 גרם,false,1,9.90,15.47,true,1,
4009900403023,false,אורביט וויט בטעם מנטה בקבוקון 46 מלבניות,"מרס ריגלי ישראל בע""מ",,,יח,0.64,ל 100 גרם,false,1,9.90,15.47,true,1,
4009900420129,false,מסטיק אורביט פרופשנל פפרמינט בקבוקון 64 גר',"מרס ריגלי ישראל בע""מ",,,יח,0.64,ל 100 גרם,false,1,9.90,15.47,true,1,
4009900455299,false,"סוכרית ג'לי אדומה 174 גרם ""סקיטלס""","מרס ריגלי ישראל בע""מ",,,יח,1.75,ל 100 גרם,false,1,8.90,5.09,true,1,
4009900465304,false,סוכריות סקיטלס פירות חמוצים 174 גרם,"מרס ריגלי ישראל בע""מ",,,יח,1.75,ל 100 גרם,false,1,8.90,5.09,true,1,
4009900479998,false,אורביט וויט אוכמניות בקבוקון 46 מלבניות,"מרס ריגלי ישראל בע""מ",,,יח,0.64,ל 100 גרם,false,1,9.90,15.47,true,1,
4009900482417,false,מסטיק אורביט פירות מנטה בקבוקון באבל מינט 45יח,"מרס ריגלי ישראל בע""מ",,,יח,0.30,ל 100 גרם,false,1,9.90,33,true,1,
4009900483803,false,מסטיק איירובס מנטה אקליפטוס בקבוקון 60יח',"מרס ריגלי ישראל בע""מ",,,יח,0.30,ל 100 גרם,false,1,12.90,43,false,1,
4009900484060,false,מסטיק אורביט פרופשיונל בטעם מנטה ללא סוכר,"מרס ריגלי ישראל בע""מ",,,יח,0.30,ל 100 גרם,false,1,12.90,43,false,1,
4009900484091,false,מסטיק אורביט פרופשיונל בטעם מנטה ללא סוכר,"מרס ריגלי ישראל בע""מ",,,יח,0.30,ל 100 גרם,false,1,12.90,43,false,1,
4009900484305,false,מסטיק אורביט פרופשיונל סוויטמינט ביגי לבן 60יח',"מרס ריגלי ישראל בע""מ",,,יח,0.84,ל 100 גרם,false,1,12.90,15.36,false,1,
4009900491044,false,מסטיק אירוויבז בטעם מנטה אוכמניות ללס,מרס ריגלי ישראל בעמ,,,יח,0.30,ל 100 גרם,false,1,12.90,43,false,1,
4009900496247,false,"מסטיק אורביט לל""ס מלבניות בקבוק בבלימנט 60 יח","מרס ריגלי ישראל בע""מ",,,יח,0.30,ל 100 גרם,false,1,12.90,43,false,1,
4009900509770,false,מסטיק אורביט בטעם תות ללס אריזה מוגדלת,מרס ריגלי ישראל בעמ,,,יח,0.30,ל 100 גרם,false,1,12.90,43,false,1,
4009900521581,false,סוכריות אורביט מינטס מנטה בבקבוקון 77 גר,"מרס ריגלי ישראל בע""מ",,,יח,0.64,ל 100 גרם,false,1,8.90,13.91,true,1,
4009900521611,false,סוכריות אורביט מינטס דובדבן מנטה בבקבוקון,מרס ריגלי ישראל בעמ,,,יח,0.64,ל 100 גרם,false,1,9.90,15.47,true,1,
4009900531122,false,"מסטיק בטעם מנטה ספירמינט, 64 ג' פרופשיונל אורפיט","מרס ריגלי ישראל בע""מ",,,יח,0.64,ל 100 גרם,false,1,9.90,15.47,true,1,
4009900531573,false,סוכריות סקיטלס סמודיס בטעמי יוגורט ופירות,"מרס ריגלי ישראל בע""מ",,,יח,1.75,ל 100 גרם,false,1,7.90,4.51,true,1,
4009900532327,false,סוכריות סקיטלס סמודיס בטעמי יוגורט ופירות,"מרס ריגלי ישראל בע""מ",,,יח,0.38,ל 100 גרם,false,1,3,7.89,true,1,
4009900535519,false,מסטיק אורביט רפרשרס ספירמינט ללא סוכר 15.6גר',"מרס ריגלי ישראל בע""מ",,,יח,15.60,ל 100 גרם,false,1,3.90,0.25,true,1,
4009900535540,false,מסטיק אורביט רפרשרס פפרמינט ללא סוכר 15.6גר',"מרס ריגלי ישראל בע""מ",,,יח,15.60,ל 100 גרם,false,1,3.90,0.25,true,1,
4009900535823,false,מסטיק אורביט רפרשרס באבלמינט ללא סוכר 15.6גר',"מרס ריגלי ישראל בע""מ",,,יח,15.60,ל 100 גרם,false,1,3.90,0.25,true,1,
4009900536257,false,מסטיק אורביט רפרשרס ספירמינט בקבוקון ללא סוכר 67 גר',מרס ריגלי קונפקשונרי,,,יח,0.67,ל 100 גרם,false,1,11.90,17.76,true,1,
4009900536288,false,מסטיק אורביט רפרשרס פפרמינט בקבוקון ללא סוכר 67 גר',מרס ריגלי קונפקשונרי,,,יח,0.67,ל 100 גרם,false,1,11.90,17.76,true,1,
4009900536486,false,מסטיק אורביט רפרשרס באבלמינט בקבוקון ללא סוכר 67 גר',מרס ריגלי קונפקשונרי,,,יח,0.67,ל 100 גרם,false,1,11.90,17.76,true,1,
4009900539340,false,סוכריות ג`יינט פירות סקיטלס סאוור (141 ג,מרס ריגלי קונפקשונרי,,,יח,1.41,ל 100 גרם,false,1,8.50,6.03,true,1,
4009900539401,false,מסטייק אורבייט פייב באונוס מנטה HP,מרס ריגלי ישראל בעמ,,,יח,15.60,ל 100 גרם,false,1,3.90,0.25,true,1,
4009900539432,false,מסטייק אורבייט פייב באונוס אבטיח HP,מרס ריגלי ישראל בעמ,,,יח,15.60,ל 100 גרם,false,1,3.90,0.25,true,1,
4009900539685,false,"מסטיק פייב באונס בטעם מנטה בקבוקון, 61.8 גרם","מרס ריגלי ישראל בע""מ",,,יח,1,,false,1,11.90,11.90,true,1,
4009900539746,false,"מסטיק פייב באונס בטעם אבטיח בקבוקון, 61.8 גרם","מרס ריגלי ישראל בע""מ",,,יח,1,,false,1,11.90,11.90,true,1,
4009900540551,false,מסטיק אורביט רפרשרס טרופיקל בקבוקון ללא סוכר,מרס ריגלי ישראל בעמ,,,יח,0.67,ל 100 גרם,false,1,11.90,17.76,true,1,
4011100001220,false,מרס חטיף שוקולד עם קרמל מארז 403 גרם,לינדט ושפרונגלי קילשברג,,,יח,4.03,ל 100 גרם,false,1,20.90,5.19,false,1,
4011100002227,false,באונטי חטיף שוקולד קוקוס מארז 403 גרם,לינדט ושפרונגלי קילשברג,,,יח,4.03,ל 100 גרם,false,1,20.90,5.19,false,1,
4014400144078,false,וופל קנופרס שלשה,ליימן שליסל בע`מ,,,יח,0.75,ל 100 גרם,false,1,7.90,10.53,false,1,
4014400900217,false,בונבונריית מרסי מבחר ממתקי שוקולד 400 גרם,קריניציה ויטמינה אס,,,יח,4,ל 100 גרם,false,1,39.90,9.98,false,1,
4014400901191,false,בונבונריית מרסי מבחר ממתקי שוקולד 250 גרם,ליימן שליסל בע`מ,,,יח,2.50,ל 100 גרם,false,1,24.90,9.96,false,1,
4014400904277,false,סוכריות בטעם מנטה אייס פרש סטורק 425 גרם,ליימן שליסל בע`מ,,,יח,4.25,ל 100 גרם,false,1,14.90,3.51,false,1,
4014400904307,false,סוכריות בטעם פירות קליפורניה סטורק 425 גרם,קריניציה ויטמינה אס,,,יח,4.25,ל 100 גרם,false,1,14.90,3.51,false,1,
4014400904376,false,סוכריות טופי בטעם שוקולד סטורק 325 גרם,קריניציה ויטמינה אס,,,יח,3.25,ל 100 גרם,false,1,14.90,4.58,false,1,
4014400904390,false,סוכריות טופי ממולא חלב סטורק 325 גרם,קריניציה ויטמינה אס,,,יח,3.25,ל 100 גרם,false,1,14.90,4.58,false,1,
4014400907902,false,"וורטרס אורגינל סוכריות חמאה ללא סוכר בקופסה
42 גרם",ליימן שליסל בע`מ,,,לליטר,1,,false,1,6.50,6.50,false,1,
4014400909692,false,וורטרס אורגינל סוכריות חמאה ללא סוכר בטעם קפוצי'ינו בקופסה 42 גרם,קריניציה ויטמינה אס,,,לליטר,1,,false,1,6.50,6.50,false,1,
4014400913910,false,וורטרס אורגינל סוכריות חמאה ממולאות קרם קרמל בשקית,ליימן שליסל בע`מ,,,יח,1.25,ל 100 גרם,false,1,7.90,6.32,true,1,
4014400914696,false,וורטרס אורגינל סוכריות ללא סוכר 80 גרם,ליימן שליסל בע`מ,,,לליטר,1,,false,1,7.90,7.90,true,1,
4014400914924,false,"סוכריות בטעם קפה וורטר אורגינל לל""ס 80 גרם",קריניציה ויטמינה אס,,,יח,1.35,ל 100 גרם,false,1,7.90,5.85,true,1,
4014400920857,false,וורטר אורגינל ללא סוכר בטעם שוקולד-שקית 70 גרם,קריניציה ויטמינה אס,,,יח,0.70,ל 100 גרם,false,1,7.90,11.29,true,1,
4014400923711,false,בונבוניירה שוקולד אגוזים טופיפי 125 גרם,ליימן שליסל בע`מ,,,יח,1.25,ל 100 גרם,false,1,11.90,9.52,false,1,
4015000031394,false,"ספטיל - משחה להסרת כתמים 200 מ""ל",גורי שיווק בעמ,,,יח,2,ל 100 גרם,false,1,14.90,7.45,false,1,
4015000940955,false,שמפו גליס Gliss שיקום נזק קיצוני אולטימט ריפייר,שוורצקופף והנקל,,,יח,4,"ל 100 מ""ל",false,1,19.90,4.98,true,1,
4015000996273,false,"גליס מרכך אולטימטיב שמן אלקסייר 400 מ""ל","הובי קוסמטיק, חברת ייצור",,,יח,4,"ל 100 מ""ל",false,1,19.90,4.98,true,1,
4015400564034,false,מגן תחתון אולוויז מגה פק לונג פלוס 58 יחידות,דיפלומט מפיצים (1986) בע`מ,,,יח,1,,false,1,19.90,19.90,true,1,
4015400564454,false,מגני תחתון אולוויז לארג' עם ניחוח מגה פק,דיפלומט מפיצים (1986) בע`מ,,,יח,1,,false,1,19.90,19.90,true,1,
4015400629368,false,תחבושות אולוויז דיסקרט סמול פלוס 16 יח לבריחת שתן,דיפלומט מפיצים {1968}בעמ,,,יח,1,,false,1,19.90,19.90,false,1,
4015400681670,false,תחבושות אולוויז וליו פק לילה בטוח 18 יחידות,דיפלומט מפיצים (1986) בע`מ,,,יח,1,,false,1,19.90,19.90,true,1,
4015400715320,false,טמפקס קומפאק רגולר לייט 22 יח`,דיפלומט מפיצים (1986) בע`מ,,,יח,1,,false,1,26.90,26.90,false,1,
4015400731719,false,תחבושות היגייניות אולוויז יום ולילה Day & Night,דיפלומט מפיצים (1986) בע`מ,,,יח,1,,false,1,19.90,19.90,true,1,
4015400746812,false,מגני תחתון אולוויז נורמל עם ניחוח מגה פק,דיפלומט מפיצים (1986) בע`מ,,,יח,1,,false,1,19.90,19.90,true,1,
4015400755241,false,תחבושות היגייניות אולוויז אולטרה נורמל - 28 יח',דיפלומט מפיצים (1986) בע`מ,,,יח,1,,false,1,19.90,19.90,true,1,
4015400755487,false,תחבושות היגייניות אולוויז אולטרה לונג - 24 יח',דיפלומט מפיצים (1986) בע`מ,,,יח,1,,false,1,19.90,19.90,true,1,
4015600762742,false,שמפו יומיומי למניעת קשקשים הנוסחה הקלאסית,דיפלומט מפיצים (1986) בע`מ,,,יח,5,"ל 100 מ""ל",false,1,17.90,3.58,false,1,
4015600762780,false,שמפו וקונדישינר יומיומי למניעת קשקשים הנוסחה הקלאסית 2in1,דיפלומט מפיצים (1986) בע`מ,,,יח,5,"ל 100 מ""ל",false,1,17.90,3.58,false,1,
4015600762902,false,"שמפו האד אנד שולדרס מנטול 500 מ""ל",דיפלומט מפיצים (1986) בע`מ,,,יח,5,"ל 100 מ""ל",false,1,17.90,3.58,false,1,
4015600762940,false,שמפו יומיומי למניעת קשקשים בניחוח תפוח,דיפלומט מפיצים (1986) בע`מ,,,יח,5,"ל 100 מ""ל",false,1,17.90,3.58,false,1,
4015600763022,false,שמפו יומיומי למניעת קשקשים לשיער יבש/פגום לשיער רך כמשי,דיפלומט מפיצים (1986) בע`מ,,,יח,5,"ל 100 מ""ל",false,1,17.90,3.58,false,1,
4015600766900,false,"שמפו ומרכ ך נגד קשקשים 500 מ""ל הד אנד שולדרס",דיפלומט מפיצים (1986) בע`מ,,,יח,5,"ל 100 מ""ל",false,1,17.90,3.58,false,1,
4017100198151,false,בלזן היט ביסקוויט עם מלית קרם בטעם וניל (41%) 220 גרם,הדקלאים אגודת שיתופי,,,יח,2.20,ל 100 גרם,false,1,7.90,3.59,true,1,
4017100219900,false,בלזן וופלטן וופל מגולגל מצופה שוקולד חלב 100 גרם,הדקלאים אגודת שיתופי,,,יח,1.20,ל 100 גרם,false,1,11.90,9.92,false,1,
4017100364112,false,בלזן היט בסקוויט סנדביץ עם מלית קרם בטעם שוקולד קקאו (41%) 220 גרם,הדקלאים אגודת שיתופי,,,יח,2.20,ל 100 גרם,false,1,7.90,3.59,true,1,
4017100366239,false,עוגיות ביסקוויט סנדוויץ ממולא קרם בטעם שוקולד,ליימן שליסל בעמ,,,יח,1.25,ל 100 גרם,false,1,11.90,9.52,false,1,
4022025001752,false,בלו נאן מבעבע חצי יבש כשר *,היכל היין שקד גולן בעמ,,,יח,7.50,"ל 100 מ""ל",false,1,49.90,6.61,false,1,
4022025001790,false,יין בלו נאן מבעבע גולד 24 קראט*,היכל היין שקד גולן בעמ,,,יח,7.50,"ל 100 מ""ל",false,1,49.90,6.61,false,1,
4022025262009,false,בלו נאן כשר גוורץ ריזלינג,היכל היין שקד גולן בעמ,,,יח,7.50,"ל 100 מ""ל",false,1,49.90,6.61,true,1,
4053700292455,false,ויט רצועות שעווה מוכנות להסרת שיער לעור רגיל 12 יחידות,רקיט בנקיזר (ניר איסט) בעמ,,,יח,1,,false,1,24.90,24.90,true,1,
4066600601920,false,פאולנר ביתר חיטה מעוננת 500 מל,טמפו משקאות בע`מ,,,יח,0.50,ל 100 גרם,false,1,10.90,21.20,true,1,
4066600612049,false,"בירה פאולנר אורטובר פאסט 500 מ""ל בקובק",טמפו משקאות בע`מ,,,יח,5,"ל 100 מ""ל",false,1,11.60,2.26,false,1,
4066600941910,false,"פלאונר ללא אלכוהול בק 500 מ""ל",טמפו משקאות בעמ,,,יח,0.50,ל 100 גרם,false,1,10.90,21.20,true,1,
4066600999614,false,"בירה פאולנר, בירת חיטה מעוננת, בקבוק 500 מ""ל",טמפו משקאות בע`מ,,,יח,0.50,ל 100 גרם,false,1,10.90,21.20,true,1,
4084500088917,false,נוזל לניקוי כלים לימון פיירי (650 מל),דיפלומט מפיצים (1986) בע`מ,,,יח,6.50,"ל 100 מ""ל",false,1,10.90,1.68,false,1,
4084500371422,false,"אבקת כביסה אריאל שושן צחור 8 ק""ג",דיפלומט מפיצים (1968) בעמ,,,יח,80,ל 100 גרם,false,1,59.90,0.75,true,1,
4084500371453,false,"טייד אבקת כביסה אלפיין 8 ק""ג",דיפלומט מפיצים (1968) בעמ,,,יח,5,"לק""ג",false,1,41.90,8.38,false,1,
4084500853836,false,"נוזל כלים פיירי ורדים ומשי 515 מ""ל בד""צ",דיפלומט מפיצים (1986) בע`מ,,,יח,5.15,"ל 100 מ""ל",false,1,10.90,2.12,false,1,
4084500853898,false,"נוזל כלים פיירי אלוורה ומלפפונים 515 מ""ל בד""צ",דיפלומט מפיצים (1986) בע`מ,,,יח,5.15,"ל 100 מ""ל",false,1,10.90,2.12,false,1,
4084500854048,false,נוזל לניקוי כלים לימון פיירי (1.24 ליטר),דיפלומט מפיצים (1968) בעמ,,,יח,1.24,"ל 100 מ""ל",false,1,14.80,11.94,false,1,
4105120623941,false,"בירה ויינשטפן בק' ח""פ 500 מ""ל",החברה המרכזית להפצת משקאות בעמ,,,ל 100 גרם,5,יח,false,1,11.90,2.32,false,1,
4105120624412,false,"ויינשטפן ויטוס בק`ח""פ 500 מ""ל",החברה המרכזית להפצת משקאות בעמ,,,ל 100 גרם,5,יח,false,1,11.90,2.32,false,1,
4600893900997,false,וודקה מרקה ירוקה 0.7 ליטר קדרובה,יורוסטנדרט בעמ,,,יח,7,ל 100 גרם,false,1,59.90,8.51,false,1,
4603400000043,false,וודקה רוסקי יורוסטנדרט (700 מל),רוסקי סטנדרט וודקה,,,יח,7,יח,false,1,59.90,8.51,false,1,
4603400000197,false,וודקה רוסקי סטנדרט 0.5 ליטר,יורוסטנדרט בעמ,,,יח,5,יח,false,1,49.90,9.92,false,1,
4603928000976,false,"בלוגה נובל וודקה 700 מ""ל+כוס הייבול",מרינסקי ליקרו-וודאצ'\ני,,,יח,7,"ל 100 מ""ל",false,1,129.90,18.51,true,1,
4605561010305,false,"חתיכות פילה הרינג עם שמיר בשמן 17.6 אונקיה, 500 גרם",דילר בי.אמ.די פורמולה בעמ,,,יח,5,ל 100 גרם,false,1,27.90,5.58,false,1,
4605561011975,false,חתיכות פילה דג הרינג בשמן מצונן 150 גרם,דילר בי.אם.די. פורמולה בעמ,,,יח,1.50,ל 100 גרם,false,1,7.90,5.27,false,1,
4605561012613,false,פילה דג הרינג קצוץ בשמן 400 גרם,דילר בי.אם.די. פורמולה בעמ,,,יח,4,ל 100 גרם,false,1,16.90,4.23,false,1,
4605561013009,false,פילה דג הרינג בשמן 400 גרם,דילר בי.אם.די. פורמולה בעמ,,,יח,4,יח,false,1,16.90,4.23,false,1,
4607109409619,false,פיניש הכל ב-1 טבליות למדיח 25 יח,רקיט בנקיזר (ניר איסט) בעמ,,,יח,1,,false,1,29.90,29.90,false,1,
4640018993343,false,פיניש קוואנטום קפסולות ג'ל למדיח כלים 30 יח',רקיט בנקיזר (ניר איסט) בעמ,,,יח,1,,false,1,39.90,39.90,true,1,
4640018993350,false,פיניש קוואנטום קפסולות ג'ל למדיח כלים לימון 30 יח',רקיט בנקיזר (ניר איסט) בעמ,,,יח,1,,false,1,39.90,39.90,true,1,
4640018993398,false,פיניש קוואנטום 60 יח' קפסולות ג'ל למדיח כלים,רקיט בנקיזר (ניר איסט) בעמ,,,יח,1,,false,1,59.90,59.90,true,1,
4710068001692,false,מאסטר קפה בטעם לאטה בפחית 240מ`ל,תאיט מרקטינג אנד דיסטריב,,,יח,4,יח,false,1,6.90,1.65,true,1,
4710068001739,false,מאסטר קפה בטעם קולומביאני בפחית 240מ`ל,יוני פרזינדנט אנטרפר,,,יח,1,יח,false,1,6.90,6.90,true,1,
4710068003313,false,מאסטר קפה אמריקאנו בפחית 240מ`ל,מאיטה פוד אינדוסטריא,,,יח,4,יח,false,1,6.90,1.65,true,1,
4710964104916,false,"שמן שומשום טהור 370 מ""ל (כ)",מזרח ומערב יבוא ושיווק,,,יח,3.70,"ל 100 מ""ל",false,1,24.90,6.73,false,1,
4751007730938,false,שיפרוטים מעושנים בשמן צמחי 240 גר`,דברים טובים סגל בעמ,,,יח,2.40,ל 100 גרם,false,1,11.90,4.96,true,1,
4770237056748,false,גלידת שמנת משובחת בטעם וניל בציפוי בטעם מסטיק SVALIA גר 58,אייס דילר בי.אמ.די בעמ,,,יח,0.85,ל 100 גרם,false,1,5.90,6.94,true,1,
4791021003588,false,תה שחור אימפרה 100 ש,דברים טובים סגל בעמ,,,יח,1.50,ל 100 גרם,false,1,12.90,8.60,true,1,
4791021004462,false,תה ירוק תפוח 25 שקיות,דברים טובים סגל בעמ,,,יח,1,ל 100 גרם,false,1,12.90,12.90,true,1,
4791021004479,false,תה ירוק אפרסק 25 שקיות,דברים טובים סגל בעמ,,,יח,1,ל 100 גרם,false,1,12.90,12.90,true,1,
4791021004486,false,תה ירוק לימון 2ג 25שקיות 1/6,דברים טובים סגל בעמ,,,יח,1,ל 100 גרם,false,1,12.90,12.90,true,1,
4791021004554,false,תה ירוק מנטה 2ג 25שקיות 1/6,דברים טובים סגל בעמ,,,יח,1,ל 100 גרם,false,1,12.90,12.90,true,1,
4791021006695,false,תה ירוק יסמין 2ג 25שקיות 1/6,דברים טובים סגל בעמ,,,יח,1,ל 100 גרם,false,1,12.90,12.90,true,1,
4791021009399,false,תה ירוק קלאסי 25 שקי,דברים טובים סגל בעמ,,,יח,1,ל 100 גרם,false,1,12.90,12.90,true,1,
4791021904878,false,תה ירוק ג`נסינג 25 שקיקים,דברים טובים סגל בעמ,,,יח,1,ל 100 גרם,false,1,12.90,12.90,true,1,
4791021944720,false,תה ארלגרי ספשל 100שקיות,דברים טובים סגל בעמ,,,יח,2,ל 100 גרם,false,1,23.90,11.95,true,1,
4796019790020,false,שמן קוקוס אורגני כבישה קרה גרין קוקו 500,נטורפוד בעמ,,,יח,5,"ל 100 מ""ל",false,1,21.90,4.38,false,1,
4800888150080,false,"דאב - דאודורנט רול און לאישה פרש טאצ' מלפפונים 50 מ""ל",יוניליוור ישראל שיווק בע`מ,,,יח,1,,false,1,14.90,14.90,false,1,
4800888190529,false,דאודורנט סטיק טלק סופט דאב (50 גרם),יוניליוור ישראל שיווק בע`מ,,,יח,0.50,ל 100 גרם,false,1,14.90,29.80,false,1,
4800888210197,false,דאודורנט סטיק לנשים בניחוח קוקוס ויסמין,"יוניליוור ישראל שיווק בע""מ",,,יח,0.50,ל 100 גרם,false,1,19.90,39.80,false,1,
4800888219510,false,דאב - דאודורנט סטיק לאישה פרש מלפפונים 50 גרם,יוניליוור ישראל שיווק בע`מ,,,יח,0.50,ל 100 גרם,false,12,14.90,29.80,false,1,
4800888219534,false,דאב - דאודורנט סטיק לאישה אנטי פרספירמט 50 גרם,יוניליוור ישראל שיווק בע`מ,,,יח,0.50,ל 100 גרם,false,1,14.90,29.80,false,1,
4810168000011,false,פילה דג הרינג מלוח מצונן 250 גרם,דילר בי.אם.די. פורמולה בעמ,,,יח,2.50,ל 100 גרם,false,1,13.90,5.56,false,1,
4810168019051,false,חתיכות פילה דג הרינג מלוח מצונן עם תבלין 200גרם,דילר בי.אם.די. פורמולה בעמ,,,יח,2,ל 100 גרם,false,1,13.90,6.95,false,1,
4810168024512,false,פילה דג הרינג מלוח מצונן עם תבלין בצנצנת חתיכות 260 גרם,דילר בי.אם.די. פורמולה בעמ,,,יח,2.60,ל 100 גרם,false,1,18.90,7.27,false,1,
4810168049966,false,בלינצ'ס במילוי דובדבן מוקפא 360 גרם,דילר בי.אם.די. פורמולה בעמ,,,יח,3.60,ל 100 גרם,false,1,13.90,3.86,false,1,
4810168055011,false,כיסונים במילוי גבינת טבורוג מוקפאים 450 גרם,דילר בי.אמ.די פורמולה בעמ,,,יח,4.50,ל 100 גרם,false,1,15.90,3.53,false,1,
4810168055028,false,כיסונים במילוי דובדבנים מוקפאים 450 גרם,דילר בי.אם.די. פורמולה בעמ,,,יח,4.50,ל 100 גרם,false,1,19.90,4.42,false,1,
4810168055905,false,פילה דג הרינג סקנדינבי ממולח בשמן 1200 גרם,דילר בי.אם.די. פורמולה בעמ,,,יח,1.20,ל 100 גרם,false,1,39.90,33.25,false,1,
4810168057435,false,חתיכות פילה דג XXLהרינג מלוח בשמן מצונן 400 גרם,דילר בי.אם.די. פורמולה בעמ,,,יח,4,ל 100 גרם,false,1,27.90,6.98,false,1,
4810168057510,false,חתיכות פילה דג הרינג מתובל מלוח בשמן 400 גרם,דילר בי.אם.די. פורמולה בעמ,,,יח,4,ל 100 גרם,false,1,27.90,6.98,false,1,
4810168058548,false,חתיכות פילה דג הרינג סקנדינבי ממולח 1200 גרם,דילר בי.אם.די. פורמולה בעמ,,,יח,1.20,ל 100 גרם,false,1,39.90,33.25,false,1,
4810168058975,false,חתיכות פילה דג הרינג סקנדינבי מלוח מצונן 260 גר,דילר בי.אם.די. פורמולה בעמ,,,יח,2.60,ל 100 גרם,false,1,18.90,7.27,false,1,
4810168058982,false,חתיכות פילה דג הרינג סקנדינבי מלוח בשמן 400 גר,דילר בי.אם.די. פורמולה בעמ,,,יח,4,ל 100 גרם,false,1,27.90,6.98,false,1,
4820080720584,false,"וודקה חלבני 700 מ""ל דאר קלסיק 700מל כ",יורוסטנדרט בעמ,,,יח,7.50,"ל 100 מ""ל",false,1,54.90,7.28,false,1,
4820080721536,false,"וודקה חלבני דאר""ז`יטנא לוקס",יורוסטנדרט בעמ,,,יח,0.70,"ל 100 מ""ל",false,1,54.90,78,false,1,
4823077602863,false,רושן סוכריות ג'לי קרייזי פצ'ולקה 200 גרם,דילר בי.אמ.די.אינטרנשויונל בעמ,,,יח,2,יח,false,1,6.90,3.45,false,1,
4823077613203,false,שוקולד רושן מריר + פונדוק שלם 90 גר רושן,דילר בי.אמ.די.אינטרנשויונל בעמ,,,יח,0.90,ל 100 גרם,false,1,7.90,8.78,false,1,
4823077613630,false,חטיף שוקולד רושן ממולה קרם בורלה 43 גרם,דילר בי.אמ.די.אינטרנשויונל בעמ,,,יח,0.43,ל 100 גרם,false,1,3.90,9.07,false,1,
4823077614675,false,ביסקוויט לקפה רושן בטעם חלב 185 גרם,דילר בי.אמ.די.אינטרנשויונל בעמ,,,יח,1.85,ל 100 גרם,false,1,3.90,2.11,false,1,
4823077614699,false,ביסקוויט לקפה רושן בטעם חמאה וניל 185 גרם,דילר בי.אמ.די.אינטרנשויונל בעמ,,,יח,1.85,ל 100 גרם,false,1,3.90,2.11,false,1,
4823077614767,false,שוקולד רושן חלב נוגט בטעם אגוזי לוז 90 גרם,דילר בי.אמ.די.אינטרנשויונל בעמ,,,יח,0.90,ל 100 גרם,false,1,4.90,5.44,false,1,
4823077614804,false,שוקולד רושן חלב נוגט בטעם אוכמניות כחולות 90 גרם,דילר בי.אמ.די.אינטרנשויונל בעמ,,,יח,0.90,ל 100 גרם,false,1,4.90,5.44,false,1,
4823077617041,false,חטיף שוקולד רושן ממולה קרם קרמל 43 גרם,דילר בי.אמ.די.אינטרנשויונל בעמ,,,יח,0.43,ל 100 גרם,false,1,3.90,9.07,false,1,
4823077618161,false,גליליות ופל רושן קונפטו חלב 140 גרם,דילר בי.אמ.די.אינטרנשויונל בעמ,,,יח,1.40,ל 100 גרם,false,1,6.90,4.93,false,1,
4823077618901,false,בונבוניירה רושן דובדבן ליקר רום 150 גרם,דילר בי.אמ.די.אינטרנשויונל בעמ,,,יח,1.50,ל 100 גרם,false,1,12.90,8.60,false,1,
4823077621635,false,חטיף שוקולד רושן בטעם חלב 72 גרם,דילר בי.אמ.די.אינטרנשויונל בעמ,,,יח,0.72,ל 100 גרם,false,1,3.90,5.42,false,1,
4823077621642,false,חטיף שוקולד רושן בטעם שוקולד 72 גר,דילר בי.אמ.די.אינטרנשויונל בעמ,,,יח,0.72,ל 100 גרם,false,1,3.90,5.42,false,1,
4823077621659,false,חטיף שוקולד רושן בטעם אגוז 72 גר,דילר בי.אמ.די.אינטרנשויונל בעמ,,,יח,0.72,ל 100 גרם,false,1,3.90,5.42,false,1,
4823077623714,false,רושן סוכריות טופי ממולאים בטעם חלב מילקי ספלש 150 גרם,דילר בי.אמ.די.אינטרנשויונל בעמ,,,יח,1.50,יח,false,1,6.90,4.60,false,1,
4823077624223,false,"רושן ממתקי סוכריות ג'ילי ""בוני פרוט"" בטעמי פירות 200 גר",דילר בי.אמ.די.אינטרנשויונל בעמ,,,יח,2,"ל 100 מ""ל",false,1,6.90,3.45,false,1,
4823077624247,false,"רושן ממתקי סוכריות ג'ילי ""בוני פרוט"" בטעם הדרים 200 גר",דילר בי.אמ.די.אינטרנשויונל בעמ,,,יח,2,"ל 100 מ""ל",false,1,6.90,3.45,false,1,
4823077624391,false,רושן סוכריות טופי מינקי בינקי 185 גרם,דילר בי.אמ.די.אינטרנשויונל בעמ,,,יח,1.85,יח,false,1,6.90,3.73,false,1,
4823077625145,false,ממתקי שוקולד מריר עם דובדבן בליקר דובדבן,דילר בי.אמ.די.אינטרנשויונל בעמ,,,יח,1.55,ל 100 גרם,false,1,12.90,8.32,false,1,
4823077625589,false,וופל וואפרס חלב רושן 216 גר,דילר בי.אמ.די.אינטרנשויונל בעמ,,,יח,2.16,ל 100 גרם,false,1,6.90,3.19,false,1,
4823077625602,false,וופל וואפרס שוקולד רושן 216 גר,דילר בי.אמ.די.אינטרנשויונל בעמ,,,יח,2.16,ל 100 גרם,false,1,6.90,3.19,false,1,
4823077625626,false,וופל וואפרס אגוז רושן 216 גר,דילר בי.אמ.די.אינטרנשויונל בעמ,,,יח,2.16,ל 100 גרם,false,1,6.90,3.19,false,1,
4823077626203,false,שוקולד רושן אורירי מריר 80 גרם,דילר בי.אמ.די.אינטרנשויונל בעמ,,,יח,0.80,ל 100 גרם,false,1,6.90,8.63,false,1,
4823077626227,false,שוקולד רושן אורירי חלב 80 גרם,דילר בי.אמ.די.אינטרנשויונל בעמ,,,יח,0.80,ל 100 גרם,false,1,6.90,8.63,false,1,
4823077626241,false,שוקולד רושן אורירי לבן קרמל 80 גרם,דילר בי.אמ.די.אינטרנשויונל בעמ,,,יח,0.80,ל 100 גרם,false,1,6.90,8.63,false,1,
4823077626364,false,שוקולד רושן אורירי לבן 80 גרם,דילר בי.אמ.די.אינטרנשויונל בעמ,,,יח,0.80,ל 100 גרם,false,1,6.90,8.63,false,1,
4823077631467,false,קרקר עם מלח ים רושן 168 גר HI DAY,דילר בי.אמ.די.אינטרנשויונל בעמ,,,יח,1.68,ל 100 גרם,false,1,4.90,2.92,false,1,
4823077631474,false,קרקר קלאסי רושן 168 גר HI DAY,דילר בי.אמ.די.אינטרנשויונל בעמ,,,יח,1.68,ל 100 גרם,false,1,4.90,2.92,false,1,
4823077631856,false,גליליות ופל רושן קונפטו קוקוס 140 גרם,דילר בי.אמ.די.אינטרנשויונל בעמ,,,יח,1.40,ל 100 גרם,false,1,6.90,4.93,false,1,
4823077632259,false,חטיף שוקולד רושן עם בוטנים 43 גרם,דילר בי.אמ.די.אינטרנשויונל בעמ,,,יח,0.43,ל 100 גרם,false,1,3.90,9.07,false,1,
4823077632570,false,שוקולד רושן BRUT מריר 85 גרם,דילר בי.אמ.די.אינטרנשויונל בעמ,,,יח,0.85,ל 100 גרם,false,1,6.90,8.12,false,1,
4823077632587,false,שוקולד רושן חלב עם שקד שלם 90 גר` LACMI,דילר בי.אמ.די.אינטרנשויונל בעמ,,,יח,0.90,ל 100 גרם,false,1,7.90,8.78,false,1,
4823077633034,false,"גליליות וופל רושן ""קונאפטו"" קקאו 140 ג",דילר בי.אמ.די.אינטרנשויונל בעמ,,,יח,1.40,ל 100 גרם,false,1,6.90,4.93,false,1,
4823077633058,false,"גליליות וופל רושן ""קונאפטו"" אגוז 140 ג",דילר בי.אמ.די.אינטרנשויונל בעמ,,,יח,1.40,ל 100 גרם,false,1,6.90,4.93,false,1,
4823077633317,false,עוגיות שוקוצ'יפס LOVITA שוקולד עם חתיכות שוקולד 150 גרם,דילר בי.אמ.די.אינטרנשויונל בעמ,,,יח,1.50,ל 100 גרם,false,1,6.90,4.60,false,1,
4823077633324,false,עוגיות שוקוצ'יפס LOVITA עם חתיכות שוקולד 150 גרם,דילר בי.אמ.די.אינטרנשויונל בעמ,,,יח,1.50,ל 100 גרם,false,1,6.90,4.60,false,1,
4823077633348,false,עוגיות שוקוצ'יפס LOVITA עם חתיכות בוטנים 150 גרם,דילר בי.אמ.די.אינטרנשויונל בעמ,,,יח,1.50,ל 100 גרם,false,1,6.90,4.60,false,1,
4823077633690,false,בונבוניירה רושן שוטרס ויסקי 150 גרם,דילר בי.אמ.די.אינטרנשיונל בעמ,,,יח,1.50,ל 100 גרם,false,1,12.90,8.60,false,1,
4823077634222,false,עוגיות Lovita ממולאות ג'לי תפוז מצופות צימקאו,דילר בי.אמ.די.אינטרנשויונל בעמ,,,יח,1.35,ל 100 גרם,false,1,6.90,5.11,false,1,
4823077634246,false,עוגיות Lovita ממולאות ג'לי פטל מצופות צימקאו,דילר בי.אמ.די.אינטרנשויונל בעמ,,,יח,1.35,ל 100 גרם,false,1,6.90,5.11,false,1,
4823077634413,false,עוגות אישיות TOO COOL תות שדה 270 גרם,דילר בי.אמ.די.אינטרנשיונל בעמ,,,יח,2.70,ל 100 גרם,false,1,13.90,5.15,false,1,
4823077636059,false,עוגיות קקאו דובדבן LOVITAי 420 גרם,דילר בי.אמ.די.אינטרנשויונל בעמ,,,יח,4.20,"ל 100 מ""ל",false,1,16.90,4.02,false,1,
4823077636073,false,עוגיות תות שדה LOVITAי 420 גרם,דילר בי.אמ.די.אינטרנשויונל בעמ,,,יח,4.20,"ל 100 מ""ל",false,1,16.90,4.02,false,1,
4823077636097,false,עוגיות פטל LOVITAי 420 גרם,דילר בי.אמ.די.אינטרנשויונל בעמ,,,יח,4.20,"ל 100 מ""ל",false,1,16.90,4.02,false,1,
4823077636110,false,עוגיות תפוז LOVITAי 420 גרם,דילר בי.אמ.די.אינטרנשויונל בעמ,,,יח,4.20,"ל 100 מ""ל",false,1,16.90,4.02,false,1,
4823077636172,false,וופל רושן בטעם לימון 216 גרם,דילר בי.אמ.די.אינטרנשויונל בעמ,,,יח,2.16,ל 100 גרם,false,1,6.90,3.19,false,1,
4823077636547,false,סוכריות ממולאות בטעם פירות בים בום 468 גרם,דילר בי.אמ.די.אינטרנשויונל בעמ,,,יח,5,ל 100 גרם,false,1,11.90,2.38,false,1,
4823077636561,false,סוכריות ממולאות בטעם חלב קפה קפה לייק 378 גרם,דילר בי.אמ.די.אינטרנשויונל בעמ,,,יח,3.78,ל 100 גרם,false,1,11.90,3.15,false,1,
4823077636592,false,רושן סוכריות ג'לי קרייזי פצ'ולקה 378 גרם,דילר בי.אמ.די.אינטרנשויונל בעמ,,,יח,5,ל 100 גרם,false,1,11.90,2.38,false,1,
4823098200185,false,חלבני דאר קרפטד ג`נג`ר דבש.,יורוסטנדרט בעמ,,,יח,0.70,ל 100 גרם,false,1,54.90,78,false,1,
4860019001346,false,בורז'ומי מים מינרליים טבעיים 500מ'ל חדש,אי די אס בורגומי,,,יח,5,"ל 100 מ""ל",false,1,7.90,1.52,false,1,
4860019001414,false,מים מינרליים 750 מל בורזוימי,האי נאם סי או אל.טי.,,,יח,5,"ל 100 מ""ל",false,1,8.90,1.72,false,1,
4891228302023,false,ס.גילוח שיק אקסטרים 3 אולטימייט לגבר 4 י,ש.שסטוביץ בעמ,,,יח,1,,false,1,21.90,21.90,false,1,
4891228308032,false,שיק סכינים גילוח אינטואישן ידית + 5,ארץ ייצור סכינים: ארהבn\,,,יח,1,,false,1,64.90,64.90,false,1,
4891228308049,false,שיק היידרו גבר מארז סנס ידית +7 סכינים,ארץ ייצור סכינים: ארהבn\,,,יח,1,,false,1,64.90,64.90,false,1,
4891228309268,false,"טאצ' אפ מעצב גבות מקצועי, 3 יחידות",ש.שסטוביץ בעמ,,,יח,0,יח,false,1,19.90,19.90,false,1,
4891228430047,false,שיק אקזקטה 2 רגיש סכיני גילוח לגבר,אנרג'יזר Energizer,,,יח,1,,false,1,24.90,24.90,true,1,
4891228430085,false,סכיני גילוח שיק אקסטרים קומפורט לגבר 3 להבים 4 יחידות,אנרג'יזר Energizer,,,יח,1,,false,1,19.90,19.90,true,1,
4891228430092,false,סכיני גילוח שיק אקסטרים קומפורט לנשים 3 להבים 4 יחידות,אנרג'יזר Energizer,,,יח,1,,false,1,19.90,19.90,true,1,
4903001904192,false,רוטב סויה יאמאסה פרימיום 500מ`ל,הדקלאים אגודת שיתופי,,,יח,5,"ל 100 מ""ל",false,1,17.90,3.58,false,1,
4903001904208,false,רוטב סויה יאמאסה פרימיום 1 ליטר,הדקלאים אגודת שיתופי,,,יח,10,"ל 100 מ""ל",false,1,31.90,3.19,false,1,
4903001925784,false,"רוטב סויה יאמאסה דל מלח 500מ""ל פרימיום",הדקלאים אגודת שיתופי,,,יח,5,"ל 100 מ""ל",false,1,17.90,3.58,false,1,
4903001930993,false,"רוטב טריאקי יאמאסה 500 מ""ל",ליימן שליסל בע`מ,,,יח,5,"ל 100 מ""ל",false,1,17.90,3.58,false,1,
5000159376655,false,סוכריות SKITTLES פירות קטן 38 גרם אדום,"מרס ריגלי ישראל בע""מ",,,יח,0.38,ל 100 גרם,false,1,3,7.89,true,1,
5000159376792,false,סוכריות סקיטלס Skittles פירות חמוצים,"מרס ריגלי ישראל בע""מ",,,יח,0.38,ל 100 גרם,false,1,3,7.89,true,1,
5000159409179,false,מארז סניקרס/מיניס משפחתי 403 גר,"מרס ריגלי ישראל בע""מ",,,יח,4.03,ל 100 גרם,false,1,20.90,5.19,false,1,
5000159452540,false,סניקרס חטיף שוקולד עם בוטנים חמישייה ברי,"מרס ריגלי ישראל בע""מ",,,יח,0.57,ל 100 גרם,false,1,9.90,17.37,false,1,
5000159452977,false,מיקס שקית מיניס 400 גרם מרס-באונטי-טוויק,"מרס ריגלי ישראל בע""מ",,,יח,4.03,ל 100 גרם,false,1,20.90,5.19,false,1,
5000159538626,false,טוויקס מארז חטיף 50 גרם חמישייה,"מרס ריגלי ישראל בע""מ",,,יח,0.57,ל 100 גרם,false,1,12.90,22.63,false,1,
5000159538640,false,באונטי מארז חטיף 57 גרם חמישייה,"מרס ריגלי ישראל בע""מ",,,יח,0.57,ל 100 גרם,false,1,12.90,22.63,false,1,
5000168199245,false,שוקולד חלב מעולה בתוספת קרמל מלוח פיור גודייבה 90 ג',"אולקר מקבוצת פלאדיס, ציק",,,יח,0.90,ל 100 גרם,false,1,19.90,22.11,true,1,
5000204114867,false,"גלייד ארוסול בניחוח וניל 300 מ""ל","דנשר (1963) בע,מ",,,יח,3,"ל 100 מ""ל",false,1,7.90,2.63,false,1,
5000204114898,false,גלייד ארוסול מבשם אוויר ניחוח מרכך כביסה,"אס.סי ג'\ונסון,מידרכט, ה",,,יח,3,"ל 100 מ""ל",false,1,7.90,2.63,false,1,
5000204115048,false,גלייד ארוסול מבשם אוויר בניחוח לבנדר,"אס.סי ג'\ונסון,מידרכט, ה",,,יח,3,"ל 100 מ""ל",false,1,7.90,2.63,false,1,
5000204138122,false,"ארוסול בניחוח ספא 300 מ""ל גלייד","אס.סי ג'\ונסון,מידרכט, ה",,,יח,3,"ל 100 מ""ל",false,1,7.90,2.63,false,1,
5000204153842,false,גלייד ספריי אוטומטי מילוי (מילוי בניחוח,קוסטר אירוסול ואלף סאן,,,יח,2.69,"ל 100 מ""ל",false,1,13.90,5.17,false,1,
5000204153903,false,מטהר אוויר גלייד מילוי אוטומטי מרכך כביסה,"קוסטר אירוסול ואלף סאן,",,,יח,2.69,"ל 100 מ""ל",false,1,13.90,5.17,false,1,
5000204155723,false,"גלייד מארז אוטומטי-בניחות מרכך כביסה 269 מ""ל",קוסטר אירוסול ואלף סאן,,,יח,2.69,"ל 100 מ""ל",false,1,44.90,16.69,true,1,
5000204155815,false,"גלייד מארז אוטומטי מרכך כביסה 269 מ""ל","דנשר (1963) בע,מ",,,יח,2.69,"ל 100 מ""ל",false,1,44.90,16.69,true,1,
5000204156218,false,מבשם אויר אוטומטי בניחוח לבנדר גלייד 269,יצרן אירוסול: קוסטור איר,,,יח,2.69,"ל 100 מ""ל",false,1,44.90,16.69,true,1,
5000204182026,false,גלייד ג`ל ריחני בניחוח אודיסאה הכחולה 18,במה פולסקה אספי.זד.או.או,,,יח,1.80,"ל 100 מ""ל",false,1,14.90,8.28,true,1,
5000204182057,false,מטהר אוויר גלייד מוצק בניחוח לבנדר,במה פולסקה אספי.זד.או.או,,,יח,1.80,"ל 100 מ""ל",false,1,14.90,8.28,true,1,
5000204196689,false,רייד מכשיר חשמלי + 2 נוזל מילוי 90 לילות,"דנשר (1963) בע,מ",,,יח,1,,false,1,44.90,44.90,false,1,
5000204196924,false,רייד מילוי נוזל *זוג 90 *לילות,גונסון שנגחאי,,,יח,1,,false,1,29.90,29.90,false,1,
5000204197051,false,"מכשיר חשמלי +נוזל מילוי אקליפטוס 45 לילות רייד 36 מ""ל",גונסון שנגחאי,,,יח,1,,false,1,34.90,34.90,false,1,
5000204243000,false,"נוזל לאסלה אפרסק על חלל 750 מ""ל דאק",טואלט דאק (ג'ונסון),,,יח,7.50,"ל 100 מ""ל",false,1,10.90,1.45,true,1,
5000204657883,false,"קיווי משחת נעליים בקופסא חום 50מ""ל",ג' אל ראיה בוגור ג'א,,,יח,0.44,"ל 100 מ""ל",false,1,5.90,13.41,false,1,
5000204659610,false,קיוי אקספרס לבן,"דנשר (1963) בע,מ",,,יח,75,"ל 100 מ""ל",false,1,15.90,0.21,false,1,
5000204660159,false,"קיווי אקספרס ספוג הברקה שקוף 6מ""ל",המאפיה של הרמן,,,יח,75,"ל 100 מ""ל",false,1,15.90,0.21,false,1,
5000204661392,false,משחת נעליים שחורה קיווי אקסרא לארג`,המאפיה של הרמן,,,יח,0.88,"ל 100 מ""ל",false,1,11.50,13.07,false,1,
5000204886566,false,"תרסיס מנקה, מזין ומגן על העץ עם שמן תפוז טבעי","דנשר (1963) בע,מ",,,יח,4.75,"ל 100 מ""ל",false,1,22.90,4.82,false,1,
5000267014234,false,וויסקי ג'וני ווקר רד לייבל Red label,החברה המרכזית להפצת משקאות בעמ,,,יח,7,"ל 100 מ""ל",false,1,74.90,10.66,false,1,
5000394137486,false,רביעיות סוללות אופטימום AA דורסל,דיפלומט מפיצים (1968) בעמ,,,יח,1,,false,1,16.90,16.90,false,1,
5000394140820,false,שישיות סוללות AA פלוס פאוור דורסל,דיפלומט מפיצים (1986) בע`מ,,,יח,1,,false,1,16.90,16.90,false,1,
5010067322453,false,טרוביה תחליף אבקת סוכר 280 גרם,גורי ע.ע.ע. בעמ,,,יח,2.80,ל 100 גרם,false,1,34.90,12.46,true,1,
5010103943024,false,וויסקי ג`יי אנד בי פוקט 40%,החברה המרכזית להפצת משקאות בעמ,,,יח,2,"ל 100 מ""ל",false,1,35.20,17.45,false,1,
5010182996799,false,ג'ל אסלה מנטרל ריחות בניחוח פרחי בר ורודים,דאופלור אס.פי.אי איט,,,יח,1,,false,1,10,10,false,1,
5010182997680,false,"רייד ארוסול קוטל נמלים - 300 מ""ל",אס.סי.ג'ונסון מידרכט,,,יח,4,"ל 100 מ""ל",false,1,13.90,3.48,false,1,
5010182997918,false,דאק ג'ל לניקוי אסלות בניחוח ים 55 מל,"איטיליאן פוד, אס.פי.",,,יח,0.55,ל 100 גרם,false,1,10,18.18,false,1,
5010182998861,false,דאק נוזל לניקוי אסלות בניחוח רענן 750 מל,מיוצר עי קונדיטוריית,,,יח,7.50,"ל 100 מ""ל",false,1,10.90,1.45,true,1,
5010677551281,false,בריזר לימון בבקבוק בקרדי (275 מל),בקרדי בריזר Bacardi Breezer,,,יח,2.75,"ל 100 מ""ל",false,1,13.40,4.76,true,1,
5010677552387,false,"בקרדי בריזר אננס 275 מ""ל בקבוק",בקרדי בריזר Bacardi Breezer,,,יח,2.75,"ל 100 מ""ל",false,1,13.40,4.76,true,1,
5010677554398,false,בריזר אבטיח בבקבוק בקרדי (275 מל),בקרדי בריזר Bacardi Breezer,,,יח,2.75,"ל 100 מ""ל",false,1,13.40,4.76,true,1,
5010677850100,false,"וודקה צרפתית גריי גוס 700מ""ל",בקרדי מרטיני,,,יח,7,"ל 100 מ""ל",false,1,129.30,18.43,true,1,
5010852000917,false,ווסקי בארקליס 0.7 ליטר,יורוסטנדרט בעמ,,,יח,0.70,"ל 100 מ""ל",false,1,64.90,92.29,false,1,
5011417547885,false,"אירוויק מקלות ריחניים בניחוח כביסה באוויר 30 מ""ל",רקיט בנקיזר (ניר איסט) בעמ,,,יח,1,,false,1,12.90,12.90,true,1,
5011417552247,false,"אירוויק מבשם אויר נטול גז בניחוח פשתן ופרחי לילך 345 מ""ל",רקיט בנקיזר (ניר איסט) בעמ,,,יח,3.45,ל 100 גרם,false,1,12.90,3.74,true,1,
5011417554760,false,"אירוויק מבשם אויר נטול גז בניחוח ורדים וארכידאה 345 מ""ל",רקיט בנקיזר (ניר איסט) בעמ,,,יח,3.45,ל 100 גרם,false,1,12.90,3.74,true,1,
5029053039725,false,ממחטות נייר קלינקס נטורל פרש קופסה 72 דף,קימברלי קלארק ישראל שיווק בעמ,,,יח,1,,false,1,10.90,10.90,true,1,
5029053510811,false,תחבושות נורמל פלוס עם כנפיים קוטקס 28 יחידות,קימברלי קלארק ישראל שיווק בעמ,,,יח,1,,false,1,17.90,17.90,false,1,
5029053510828,false,תחבושות סופר פלוס עם כנפיים קוטקס 22יחידות,קימברלי קלארק ישראל שיווק בעמ,,,יח,1,,false,1,17.90,17.90,false,1,
5029053523446,false,קוטקס - תחבושות אולטרה נייט + כנפיים 20 יח',קימברלי קלארק ישראל שיווק בעמ,,,יח,1,,false,1,17.90,17.90,false,1,
5029053527598,false,תחתוני ספיגה בנים לתופעת הרטבת לילה 8-15 האגיס,קימברלי קלארק ישראל שיווק בעמ,,,יח,1,,false,1,39.90,39.90,false,1,
5029053534589,false,קוטקס טמפוני מיני B נורמל 32 יחידות,קימברלי קלארק ישראל שיווק בעמ,,,יח,1,,false,1,29.90,29.90,false,1,
5029053534602,false,קוטקס טמפוני סופר ללא מוליך 32 יח,קימברלי קלארק ישראל שיווק בעמ,,,יח,1,,false,1,29.90,29.90,false,1,
5029053535227,false,קוטקס טמפון עם מוליך נורמל 16 יחידות,קימברלי קלארק ישראל שיווק בעמ,,,יח,1,,false,1,24.90,24.90,false,1,
5029053578309,false,קופסת ממחטות אולטרה סופט 48 דף קלינקס,קימברלי קלארק ישראל שיווק בעמ,,,יח,1,,false,1,7.90,7.90,false,1,
5029054220085,false,האגיס - מגבוני האגיס אקסטרה קר לא מבושם 56 יח' * 4,קימברלי קלארק ישראל שיווק בעמ,,,יח,1,,false,1,24.90,24.90,false,1,
5060517886486,false,"משקה אנרגיה מונסטר אנרג'י בפחית 500 מ""ל",החברה המרכזית להפצת משקאות בעמ,,,יח,5,"ל 100 מ""ל",false,1,6.90,1.32,true,1,
5060517886516,false,"משקה אנרגיה מונסטר אנרג'י זירו בפחית 500 מ""ל",החברה המרכזית להפצת משקאות בעמ,,,יח,5,"ל 100 מ""ל",false,1,6.90,1.32,true,1,
5060639128051,false,"משקה אנרגיה מונסטר אולטרה בפחית 500 מ""ל",החברה המרכזית להפצת משקאות בעמ,,,יח,5,"ל 100 מ""ל",false,1,6.90,1.32,true,1,
5060639129102,false,"משקה אנרגיה מונסטר אנרג'י מנגו בפחית 500 מ""ל",החברה המרכזית להפצת משקאות בעמ,,,יח,5,"ל 100 מ""ל",false,1,6.90,1.32,true,1,
5060751218173,false,"משקה אנרגיה מונסטר אנרג'י piplin punch בפחית 500 מ""ל",החברה המרכזית להפצת משקאות בעמ,,,יח,5,"ל 100 מ""ל",false,1,6.90,1.32,true,1,
5060751219033,false,"משקה אנרגיה מונסטר אנרג'י זירו paradise בפחית 500 מ""ל",החברה המרכזית להפצת משקאות בעמ,,,יח,5,"ל 100 מ""ל",false,1,6.90,1.32,true,1,
5099864006377,false,תחליף חלב מהדרין שלב 1 סימילאק אדוונס 90,אבוט מעבדות רפואיות,,,יח,9,ל 100 גרם,false,1,74.90,8.32,false,1,
5099864006384,false,סימילאק למהדרין שלב 2 אריזת חיסכון 900 ג.,אבוט מעבדות רפואיות,,,יח,9,ל 100 גרם,false,1,74.90,8.32,false,1,
5099864006391,false,סימילאק למהדרין שלב 3 אריזת חיסכון 900 ג,אבוט מעבדות רפואיות,,,יח,9,ל 100 גרם,false,1,74.90,8.32,false,1,
5201063058402,false,קדאיף שערות בצק קדאיף,ג.וילי פוד בעמ,,,יח,4.50,ל 100 גרם,false,1,23.90,5.31,false,1,
5201940010110,false,זיתים שחורים קלמטה וילי פוד 250 גרם,ג. וילי-פוד אינטרנשיונל בע`מ,,,יח,4.54,ל 100 גרם,false,1,15.20,3.35,false,1,
5391523057929,false,סימילאק גולד שלב 1 תרכובת מזון על בסיס חלב,אבוט מעבדות רפואיות,,,יח,7,ל 100 גרם,false,1,69.90,9.99,false,1,
5391523057936,false,סימילאק גולד שלב 2 תרכובת מזון על בסיס חלב,אבוט מעבדות רפואיות,,,יח,7,ל 100 גרם,false,1,69.90,9.99,false,1,
5391523057943,false,סימילאק גולד שלב 3 תרכובת מזון על בסיס חלב,אבוט מעבדות רפואיות,,,יח,7,ל 100 גרם,false,1,69.90,9.99,false,1,
5391523058063,false,סימילאק אדבנס פלוס 1 תרכובת מזון על בסיס חלב,טרופיקל דגיל תעשיות,,,יח,7,ל 100 גרם,false,1,64.90,9.27,false,1,
5391523058070,false,סימילאק אדבנס פלוס 3 תרכובת מזון על בסיס חלב,טרופיקל דגיל תעשיות,,,יח,7,ל 100 גרם,false,1,64.90,9.27,false,1,
5391523058087,false,סימילאק אדבנס פלוס 2 תרכובת מזון על בסיס חלב,טרופיקל דגיל תעשיות,,,יח,7,ל 100 גרם,false,1,64.90,9.27,false,1,
5410126006087,false,ביסקויט ביסקפה לוטוס בטעם קרמל 700גר`ב,דיפלומט מפיצים (1968) בעמ**,,,יח,7,ל 100 גרם,false,1,23.90,3.41,false,1,
5410126006360,false,לוטוס עוגיות סנדוויץ' במילוי לוטוס 150 גר',דיפלומט מפיצים (1968) בעמ**,,,יח,1.50,ל 100 גרם,false,1,8.90,5.93,false,1,
5410126006377,false,לוטוס עוגיות סנדוויץ' במילוי וניל 150 גר',דיפלומט מפיצים (1968) בעמ**,,,יח,1.50,ל 100 גרם,false,1,8.90,5.93,false,1,
5410126116953,false,ממרח ביסקוויט קרמל לוטוס (400 גרם),דיפלומט מפיצים (1968) בעמ**,,,יח,4,ל 100 גרם,false,1,21.90,5.48,true,1,
5410126666038,false,"ביסקוויט קרמל לוטוס 279 גרם בד""צ",דיפלומט מפיצים (1968) בעמ**,,,יח,0.2790,ל 100 גרם,false,1,12.90,46.24,true,1,
5410126726947,false,ממרח ביסקוויט קרמל קראנץ' לוטוס 380 גרם,דיפלומט מפיצים (1968) בעמ**,,,יח,3.80,ל 100 גרם,false,1,21.90,5.76,true,1,
5410228217732,false,"בירה סטלה ארטואה 440מ""ל פחית.",מנדלז סי.אר. פרודקשן,,,יח,4.40,"ל 100 מ""ל",false,1,13.90,3.09,false,1,
5410291021991,false,ממרח אגוזי לוז עם קקאו צ`וקטה (700 גרם),ש. שסטוביץ בע`מ,,,יח,7,ל 100 גרם,false,1,19.90,2.84,false,1,
5410291022011,false,ממרח אגוזי לוז עם קקאו צ`וקטה (350 גרם),ש. שסטוביץ בע`מ,,,יח,3.50,ל 100 גרם,false,1,11.90,3.40,false,1,
5410291022738,false,צ'וקטה ממרח חלב ואגוזי לוז עם קקאוי 350ג',ש. שסטוביץ בע`מ,,,יח,3.50,ל 100 גרם,false,1,11.90,3.40,false,1,
5410291022752,false,צ'וקטה ממרח אגוזי לוז עם קקאו פרווה 350 ג',ש. שסטוביץ בע`מ,,,יח,3.50,ל 100 גרם,false,1,11.90,3.40,false,1,
5410291022776,false,צ`וקטה ממרח אגוזי לוז עם קקאו 700 גר`,ש. שסטוביץ בע`מ,,,יח,7,ל 100 גרם,false,1,19.90,2.84,false,1,
5410316983693,false,וודקה סמירנוף אייס בודד 275 מ``ל.,החברה המרכזית להפצת משקאות בעמ,,,יח,2.75,"ל 100 מ""ל",false,1,12.20,4.33,true,1,
5411188094159,false,רביעיית מעדן סויה שוקו מריר אלפרו 125 גרם,הנסיך- מפעל לייצור ט,,,יח,5,ל 100 גרם,false,1,14.90,2.98,false,1,
5411188096108,false,"אלפרו שמנת צמחית לבישול לייט 250מ""ל",שטראוס גרופ בעמ/מצונן,,,יח,2.50,ל 100 גרם,false,1,9.90,3.96,true,1,
5411188110835,false,אלפרו חלב סויה שקדים וניל 1ל',הנסיך- מפעל לייצור ט,,,יח,10,"ל 100 מ""ל",false,1,12.90,1.29,false,1,
5411188112549,false,משקה קוקוס אלפרו 1 ליטר משקה אורז 1 ליטר,הנסיך- מפעל לייצור ט,,,יח,1,לליטר,false,1,12.90,12.90,false,1,
5411188112709,false,"משקה קוקוס אלפרו 1 ליטר משקה שקדים לל""ס",הנסיך- מפעל לייצור ט,,,יח,1,לליטר,false,1,12.90,12.90,false,1,
5411188115366,false,משקה קוקוס אלפרו 1 ליטר משקה שיבולת שועל 1 ליטר,הנסיך- מפעל לייצור ט,,,יח,10,"ל 100 מ""ל",false,1,12.90,1.29,false,1,
5411188115434,false,משקה אלפרו בריסטה סויה 1 ליטר,"שטראוס גרופ בע""מ",,,יח,10,"ל 100 מ""ל",false,1,12.90,1.29,false,1,
5411188115472,false,משקה סויה אלפרו 1 ליטר,הנסיך- מפעל לייצור ט,,,יח,10,ל 100 גרם,false,1,12.90,1.29,false,1,
5411188118732,false,משקה קוקוס ושקדים אלפרו (1 ליטר),הנסיך- מפעל לייצור ט,,,יח,10,"ל 100 מ""ל",false,1,12.90,1.29,false,1,
5411188120742,false,משקה קוקוס אלפרו 1 ליטר שקדים וניל 1 ל',הנסיך- מפעל לייצור ט,,,יח,10,"ל 100 מ""ל",false,1,12.90,1.29,false,1,
5411188120957,false,"אלפרו תערובת לבישול על בסיס קוקוס 250 מ""ל",שטראוס גרופ בעמ/מצונן,,,יח,2.50,ל 100 גרם,false,1,10.50,4.20,true,1,
5411188121923,false,"משקה סויה מועשר סידן אלפרו 3*250 מ""ל",הנסיך- מפעל לייצור ט,,,יח,10,"ל 100 מ""ל",false,1,13.90,1.39,false,1,
5411188121978,false,אלפרו משקה סויה עמיד מועשר בסידן 3*250,שטראוס גרופ בע`מ,,,יח,10,"ל 100 מ""ל",false,1,13.90,1.39,false,1,
5411188122586,false,אלפרו משקה אגוזי קשיו 1 ל`,הנסיך- מפעל לייצור ט,,,יח,2.50,לליטר,false,1,5.90,2.36,false,1,
5411188124689,false,משקה אלפרו שיבולת שועל ללא סוכר 1 ליטר,שטראוס גרופ בע`מ,,,יח,10,"ל 100 מ""ל",false,1,12.90,1.29,false,1,
5411188127697,false,אלפרו משקה בריסטה שיבולת שועל 1 ליטר,הנסיך- מפעל לייצור ט,,,יח,10,"ל 100 מ""ל",false,1,12.90,1.29,false,1,
5411188129899,false,משקה אלפרו בריסטה שקדים 1 ליטר,הנסיך- מפעל לייצור ט,,,יח,10,"ל 100 מ""ל",false,1,12.90,1.29,false,1,
5411188134985,false,אלפרו 3.5% NOT M*LK שיבולת שועל 1 ליטר בית יוסף,שטראוס גרופ בעמ/מצונן,,,יח,10,"ל 100 מ""ל",false,1,13.90,1.39,false,1,
5411188135005,false,אלפרו 1.8% NOT M*LK שיבולת שועל 1 ליטר בית יוסף,שטראוס גרופ בעמ/מצונן,,,יח,10,"ל 100 מ""ל",false,1,13.90,1.39,false,1,
5411188300328,false,אלפרו משקה סויה עמיד בטעם שוקו 1 ליטר,הנסיך- מפעל לייצור ט,,,יח,10,"ל 100 מ""ל",false,1,12.90,1.29,false,1,
5411188513483,false,"סויה לבישול 14% שומן אלפרו 250 מ""ל",שטראוס גרופ בעמ/מצונן,,,יח,2.50,ל 100 גרם,false,1,9.90,3.96,true,1,
5411188543398,false,משקה סויה ללא סוכר אלפרו 1 ליטר,הנסיך- מפעל לייצור ט,,,יח,10,ל 100 גרם,false,1,12.90,1.29,false,1,
5413149655522,false,"אבקת כביסה שושן צחור 1.25 ק""ג אריאל",דיפלומט מפיצים (1986) בע`מ,,,יח,15,ל 100 גרם,false,1,15.90,1.06,false,1,
5413149798854,false,"נוזל לניקוי כלים בניחוח לימון 650 מ""ל פיירי",אופאל יאצא בעמ,,,יח,6.50,"ל 100 מ""ל",false,20,7.90,1.22,false,1,
5601008200444,false,עוגיות גודיס טבעות מצופות שוקולד חלב מרבה 150 גרם,הנסיך- מפעל לייצור ט,,,יח,1.50,ל 100 גרם,false,1,4.90,3.27,false,1,
5601008200451,false,עוגיות גודיס טבעות מצופות שוקולד מריר מרבה 150 גרם,ש. שסטוביץ בע`מ,,,יח,1.50,ל 100 גרם,false,1,4.90,3.27,false,1,
5601008200468,false,עוגיות גודיס טבעות מצופות שוקולד לבו מרבה 150 גרם,קריניציה ויטמינה אס,,,יח,1.50,ל 100 גרם,false,1,4.90,3.27,false,1,
5701932026964,false,"הוטפופ גרעיני תירס להכנת פופקורן במיקרוגל בטעם טבעי, בתוספת מלח, 600 גרם",ליימן שליסל בע`מ,,,יח,6,ל 100 גרם,false,1,14.90,2.48,true,1,
5701932026971,false,הוטפופ גרעיני תירס להכנת פופקורן במיקרוגל בטעם חמאה 600 גרם,ליימן שליסל בע`מ,,,יח,6,ל 100 גרם,false,1,14.90,2.48,true,1,
5701932026995,false,"הוטפופ גרעיני תירס להכנת פופקורן במיקרוגל בטעם טבעי מופחת שומן, 510 גרם",קריניציה ויטמינה אס,,,יח,5.10,ל 100 גרם,false,1,14.90,2.92,true,1,
5705550303360,false,ביצי דג שיבוט סטארפוד,כ. נועם סוכניותלשיווק בעמ,,,יח,2,ל 100 גרם,false,1,11.20,5.60,false,1,
5711953106583,false,גבינת שמנת בטעם טבעי 200 גרם ארלה,שטראוס גרופ בעמ/מצונן,,,יח,2,ל 100 גרם,false,1,13.90,6.95,true,1,
5711953106606,false,גבינת שמנת עם תבלינים ועשבי תיבול 23.5%,שטראוס גרופ בעמ/מצונן,,,יח,2,ל 100 גרם,false,1,13.90,6.95,true,1,
5740900403215,false,ממרח חמאה דנית לורפק עם מלח 250 גרם,שטראוס גרופ בעמ/מצונן,,,יח,0.25,ל 100 גרם,false,1,16.90,67.60,false,1,
5740900403222,false,ממרח לורפק חמאה עם מלח מופחת שומן 250 ג,שטראוס גרופ בעמ/מצונן,,,יח,0.25,ל 100 גרם,false,1,16.90,67.60,false,1,
5740900403239,false,ממרח חמאה דנית לורפק ללא מלח 250 גרם,שטראוס גרופ בעמ/מצונן,,,יח,0.25,ל 100 גרם,false,1,16.90,67.60,false,1,
5740900403246,false,ממרח לורפק ללא תוספת מלח 500 גר,שטראוס גרופ בעמ/מצונן,,,יח,0.50,ל 100 גרם,false,1,26.90,53.80,false,1,
5740900403253,false,ממרח מחמאת לורפק עם מלח 500 ג',שטראוס גרופ בעמ/מצונן,,,יח,0.50,ל 100 גרם,false,1,27.90,55.80,false,1,
5740900403260,false,ממרח מחמאת לורפק ללא מלח 27% פחות שומן,שטראוס גרופ בעמ/מצונן,,,יח,0.25,ל 100 גרם,false,1,16.90,67.60,false,1,
5765220190140,false,עטרות נייר אפיה 1.5 מכיל 130 יח`,לירון קרביץ יבוא שיווק וסחר,,,יח,1,,false,1,4.90,4.90,false,1,
5765220190393,false,בלוני מספרים מ 9-0 מידה 16 אינץ,לירון קרביץ יבוא שיווק וסחר,,,יח,1,ל 100 גרם,false,1,6.50,6.50,false,1,
5765220190416,false,נרות מספרים מקושט,לירון קרביץ יבוא שיווק וסחר,,,יח,1,,false,1,6.90,6.90,false,1,
5900020012814,false,דגנים תפוחים בטעם שוקולד נסקוויק נסטלה 500 גרם,קבוצת אוסם סחר שותפות מוגבלת,,,יח,5,ל 100 גרם,false,1,23.90,4.78,true,1,
5900020020710,false,מארז חטיף דגנים קראנץ' בטעם שוקו וניל נסטלה,קבוצת אוסם סחר שותפות מוגבלת,,,יח,1.50,ל 100 גרם,false,1,14.90,9.93,true,1,
5900020020741,false,חטיפי דגנים נסקוויק בר שוקו שוקו 6*25 גר,קבוצת אוסם סחר שותפות מוגבלת,,,יח,1.50,ל 100 גרם,false,1,14.90,9.93,true,1,
5900020022325,false,חטיף סיני מיניס Cini Minis בטעם קינמון - 6 במארז,קבוצת אוסם סחר שותפות מוגבלת,,,יח,1.50,ל 100 גרם,false,1,14.90,9.93,true,1,
5900020024770,false,פיטנס - דליס חטיף דגנים שוקולד אגוז 22.50 גרם * 6,קבוצת אוסם סחר שותפות מוגבלת,,,יח,1.35,ל 100 גרם,false,1,14.90,11.04,true,1,
5900020025807,false,נסטלה - דגני סיני מיניס 375 גרם,קבוצת אוסם סחר שותפות מוגבלת,,,יח,3.75,ל 100 גרם,false,1,14.90,3.97,false,1,
5900020026552,false,דגני בוקר האני נאט צ'יריוס בטעם דבש ושקדים,קבוצת אוסם סחר שותפות מוגבלת,,,יח,6.25,ל 100 גרם,false,1,23.90,3.82,true,1,
5900020029669,false,פיטנס - חטיף דגנים פירות יער 23.50 גרם * 6,קבוצת אוסם סחר שותפות מוגבלת,,,יח,1.35,ל 100 גרם,false,1,14.90,11.04,true,1,
5900020034021,false,פיטנס חטיף דגנים שוקו בננה נסטלה (23.5x6,קבוצת אוסם סחר שותפות מוגבלת,,,יח,1.41,ל 100 גרם,false,1,14.90,10.57,true,1,
5900020034991,false,דגני בוקר צדפים בטעם שוקולד 450 ג' קראנץ',קבוצת אוסם סחר שותפות מוגבלת,,,יח,4.50,ל 100 גרם,false,1,17.90,3.98,true,1,
5900020036407,false,ליון דגני בוקר שוקולד וקרמל נסטלה 480 גרם,קבוצת אוסם סחר שותפות מוגבלת,,,יח,1.35,ל 100 גרם,false,1,23.90,17.70,true,1,
5900020037916,false,דגני בוקר שיבולת שועל צ'ריוס 375ג',קבוצת אוסם סחר שותפות מוגבלת,,,יח,3.75,ל 100 גרם,false,1,15.90,4.24,false,1,
5900020039620,false,פיטנס חטיף דגנים שקדים ודבש פרווה 8 6*23 ג,קבוצת אוסם סחר שותפות מוגבלת,,,יח,1.40,ל 100 גרם,false,1,14.90,10.64,false,1,
5900020041371,false,פיטנס מארז חטיף שוקולד מריר ושקדים 6*8,קבוצת אוסם סחר שותפות מוגבלת,,,יח,1.41,ל 100 גרם,false,1,14.90,10.57,true,1,
5900627027020,false,"ויט קרם להסרת שיער בזמן מקלחת לעור רגיל 150 מ""ל",רקיט בנקיזר (ניר איסט) בעמ,,,יח,1.50,"ל 100 מ""ל",false,1,24.90,16.60,false,1,
5900627063233,false,טבליות למדיח הכל ב-1 פיניש מקס 50 יחידות,רקיט בנקיזר (ניר איסט) בעמ,,,יח,1,,false,1,39.90,39.90,true,1,
5900627066715,false,טבליות למדיח פיניש הכל ב-1 100 יח,רקיט בנקיזר (ניר איסט) בעמ,,,יח,11,"ל 100 מ""ל",false,1,54.90,4.99,false,1,
5900907000583,false,מלפפון בחומץ 920 גרם צנצנת,דברים טובים סגל בעמ,,,יח,9.20,"ל 100 מ""ל",false,1,15.60,1.70,false,1,
5900907000965,false,פטיסון מלפפון בחומץ 910 גר`צנצנת,דברים טובים סגל בעמ,,,יח,9.10,ל 100 גרם,false,1,19.50,2.14,false,1,
5900907001429,false,תערובת ירקות בחומץ 910 גרם צנצנת,דברים טובים סגל בעמ,,,יח,9.10,"ל 100 מ""ל",false,1,15.60,1.71,false,1,
5900907001450,false,מלפפון במלח צנצנת 920 גרם,דברים טובים סגל בעמ,,,יח,9.20,"ל 100 מ""ל",false,1,14.90,1.62,false,1,
5900907001474,false,עגבניות אדומות בחומץ 920 גרם צנצנת,דברים טובים סגל בעמ,,,יח,9.20,ל 100 גרם,false,1,14.90,1.62,false,1,
5901414200411,false,בלזן היט מיני ביסקוויט סנדוויץ' עם מילוי קרם בטעם שוקולד 130 גרם,ליימן שליסל בע`מ,,,יח,1.30,ל 100 גרם,false,1,6.90,5.31,true,1,
5901483010508,false,תה דובדבן 25 שקיות,דברים טובים סגל בעמ,,,יח,1,ל 100 גרם,false,1,9.90,9.90,false,1,
5901483010706,false,תה וורדים 25 שקיות,דברים טובים סגל בעמ,,,יח,1,ל 100 גרם,false,1,9.90,9.90,false,1,
5901483020408,false,תה תןת בר 25 שקיות,דברים טובים סגל בעמ,,,יח,1,ל 100 גרם,false,1,9.90,9.90,false,1,
5901483060022,false,חליטת עלי מרווה ביופ,דברים טובים סגל בעמ,,,יח,1,ל 100 גרם,false,1,9.90,9.90,false,1,
5901483060206,false,חליטת מנטה 20 שקיקים,דברים טובים סגל בעמ,,,יח,1,ל 100 גרם,false,1,9.90,9.90,false,1,
5901483060404,false,חליטת בבונג 20 שקיקי,דברים טובים סגל בעמ,,,יח,1,ל 100 גרם,false,1,9.90,9.90,false,1,
5901888020508,false,FREEYU חטיף דגנים עם קינואה בטעם צ'ילי 70 גרם,"דנשר (1963) בע,מ",,,יח,0.70,ל 100 גרם,false,1,12.90,18.43,true,1,
5901888020546,false,FREEYU חטיף דגנים עם קינואה ומלח ים 70 גרם,"דנשר (1963) בע,מ",,,יח,0.70,ל 100 גרם,false,1,12.90,18.43,true,1,
5901888020560,false,חטיף דגנים עם קינואה בטעם עשבי תיבול 70ג FREEYU,"דנשר (1963) בע,מ",,,יח,0.70,ל 100 גרם,false,1,12.90,18.43,true,1,
5902198160403,false,XL משקה אנרגיה מוגז ללא סוכר עד 10 קלוריות לפחית 250 מל,"טמפו משקאות בע""\מ",,,יח,2.50,"ל 100 מ""ל",false,1,4.50,1.68,true,1,
5904941750312,false,"משקה אנרגיה BLU מוחיטו בודד 250 מ""ל",בני פאוזי שמשום (2009) בעמ,,,יח,2.50,"ל 100 מ""ל",false,1,4.60,1.72,true,1,
5904941751302,false,משקה אנרגיה בפחית בלו (250 מל),בני פאוזי שמשום (2009) בעמ,,,יח,2.50,"ל 100 מ""ל",false,1,4.50,1.68,true,1,
5904941751715,false,משקה אנרגיה Blu פחיתבטעם חמוציות 250מל,בני פאוזי שמשום (2009) בעמ,,,יח,2.50,"ל 100 מ""ל",false,1,4.50,1.68,true,1,
5904941751920,false,בלו משקה אנרגיה דיי חצי מכמות הקלו250 מל,בני פאוזי שמשום (2009) בעמ,,,יח,2.50,"ל 100 מ""ל",false,1,4.60,1.72,true,1,
5904941752262,false,משקה אנרגיה בטעם לימון ליים ללא תוספת סוכר,בני פאוזי שמשום (2009) בעמ,,,יח,2.50,"ל 100 מ""ל",false,1,4.50,1.68,true,1,
5906485301012,false,משקה אנרגיה XL מוגז פחית 250 מל,טמפו משקאות בע`מ,,,יח,2.50,"ל 100 מ""ל",false,1,4.50,1.68,true,1,
5998623526739,false,יין גוורצטרמינר חצי מתוק סי גראס 750 מ,מ. אקרמן בעמ,,,יח,7.50,"ל 100 מ""ל",false,1,42.20,5.59,true,1,
5998710131877,false,בונבונטי חטיף דובדבן בשוקולד 36 גרם,דילר בי.אמ.די.אינטרנשיונל בעמ,,,יח,0.36,ל 100 גרם,false,1,3.90,10.83,false,1,
6001067017523,false,מברשת שיניים קולגייט לילדים מגיל חמש 1 יחידה,יבואן ומשווק: ש. שסט,,,יח,1,,false,1,9.90,9.90,false,1,
6001067017530,false,מברשת שיניים קולגייט לילדים מגיל שנתיים עד חמש 1 יחידה,יבואן ומשווק: ש. שסט,,,יח,1,,false,1,9.90,9.90,false,1,
6009188004828,false,קיט קאט צ`אנקי לבן 40 גר`,קבוצת אוסם סחר שותפות מוגבלת,,,יח,0.45,ל 100 גרם,false,1,3.90,8.67,false,1,
6102017501939,false,מצת להבה לגז brico {במעמד},אוהב ציון בעמ (מבצעים),,,יח,1,,false,1,7.90,7.90,false,1,
6112012100150,false,מגב לשיש ע. הבית,עולם הבית,,,יח,1,,false,1,6,6,false,1,
6112012100358,false,סט קולבים איכותי 6 יחידות ע. הבית,עולם הבית שיווק והפצה בעמ,,,יח,1,,false,1,10.90,10.90,false,1,
6112012100389,false,תחתית לרהיטים ע. הבית,עולם הבית,,,יח,1,,false,1,14.90,14.90,false,1,
6112012100655,false,מגב לשיש ע. הבית,עולם הבית שיווק והפצה בעמ,,,יח,1,,false,1,7.90,7.90,false,1,
6112012100662,false,כותש שום ע. הבית,עולם הבית שיווק והפצה בעמ,,,יח,1,,false,1,14.90,14.90,false,1,
6112012100808,false,פינגן גדול 10 1 יחידה,עולם הבית,,,יח,1,,false,1,23.90,23.90,false,1,
6112012100853,false,מלקחיים גדולות ע. הבית,עולם הבית שיווק והפצה בעמ,,,יח,1,,false,1,9.90,9.90,false,1,
6112012100976,false,כפות גדולות ע. הבית,עולם הבית שיווק והפצה בעמ,,,יח,1,,false,1,9.90,9.90,false,1,
6112013100128,false,קולפן נירוסטה פשוט ע. הבית,עולם הבית,,,יח,1,,false,1,7.90,7.90,false,1,
6112013100166,false,מרית רחבה+ ידית קריסטל ע. הבית,עולם הבית,,,יח,1,,false,1,12.90,12.90,false,1,
6112013100388,false,פותחן ליין ע. הבית,עולם הבית,,,יח,1,,false,1,9.90,9.90,false,1,
6112013100777,false,שלישיית פקקים לאמבטיה ע. הבית,עולם הבית,,,יח,1,,false,1,7.90,7.90,false,1,
6112013100999,false,סוגרים לשקיות 8 יחידות,עולם הבית,,,יח,1,,false,1,10.90,10.90,false,1,
6112015100294,false,מגב מתכת 40 עם הברגה,עולם הבית שיווק והפצה בעמ,,,יח,1,,false,1,16.90,16.90,false,1,
6112015100867,false,שלשיית מברשות ע. הבית.,עולם הבית שיווק והפצה בעמ,,,יח,1,,false,1,10.90,10.90,false,1,
6112015100928,false,מטאטא / מגב סיליקון,עולם הבית שיווק והפצה בעמ,,,יח,1,,false,1,21.90,21.90,false,1,
6112015100959,false,"מגב איכותי 40 ס""מ",עולם הבית שיווק והפצה בעמ,,,יח,1,,false,1,17.90,17.90,false,1,
6112016100088,false,מטאטא מילאנו,עולם הבית שיווק והפצה,,,יח,1,,false,1,16.90,16.90,false,1,
6112016100101,false,מברשת לניקוי אבק דגם 3,עולם הבית שיווק והפצה בעמ,,,יח,1,,false,1,12.90,12.90,false,1,
6112016100194,false,אזיקון 250 ע. הבית,עולם הבית,,,יח,1,,false,1,13.90,13.90,false,1,
6112016100200,false,אזיקון 350 ע. הבית,עולם הבית,,,יח,1,,false,1,17.90,17.90,false,1,
6112016100514,false,"תחתית לסיר ברזל 20 ס""מ ע. הבית",עולם הבית,,,יח,1,,false,1,11.90,11.90,false,1,
6112016100682,false,מסננת רשת לכיור ע. הבית,עולם הבית,,,יח,1,,false,1,9.90,9.90,false,1,
6112016100712,false,סוגרים לשקיות 12 יח` ע. הבית,עולם הבית שיווק והפצה,,,יח,1,,false,1,12.90,12.90,false,1,
6112017100056,false,מברשת קטנה לניקוי כלים לשבת,עולם הבית,,,יח,1,,false,1,8.90,8.90,false,1,
6112017101350,false,מצע לירקות ופירות מטורקיה,עולם הבית שיווק והפצה בעמ,,,יח,1,,false,1,11.90,11.90,false,1,
6112017101534,false,מברשת לשירותים טורקיה,עולם הבית,,,יח,1,,false,1,19.90,19.90,false,1,
6112017101541,false,מעמד לנייר סופג ע. הבית,עולם הבית שיווק והפצה בעמ,,,יח,1,,false,1,11.90,11.90,false,1,
6112017102784,false,מברשת ניקוי ע. הבית,עולם הבית,,,יח,1,,false,1,6.90,6.90,false,1,
6112017102807,false,מברשת לניקוי כלים ע. הבית,עולם הבית שיווק והפצה בעמ,,,יח,1,,false,1,6.90,6.90,false,1,
6112017102821,false,מברשת אסלה לשירותים ע. הבית,עולם הבית,,,יח,1,,false,1,14.90,14.90,false,1,
6112017103354,false,אטבי כביסה סיליקון 12 יח',עולם הבית שיווק והפצה בעמ,,,יח,1,,false,1,9.90,9.90,false,1,
6112017103897,false,סכין שלישיה עם שיניים ע. הבית,עולם הבית שיווק והפצה,,,יח,1,,false,1,9.90,9.90,false,1,
6112017104153,false,ספוג מסאז` לאמבטיה,עולם הבית שיווק והפצה בעמ,,,יח,1,,false,1,8.90,8.90,false,1,
6112017104573,false,מטאטא לבן שחור ע. הבית,עולם הבית שיווק והפצה בעמ,,,יח,1,,false,1,19.90,19.90,false,1,
6112017105778,false,"מגב לריצפה 40 ס""מ ע. הבית",עולם הבית שיווק והפצה בעמ,,,יח,1,,false,1,16.90,16.90,false,1,
6112017105853,false,"מגב ריצפה 60 ס""מ ע. הבית",עולם הבית,,,יח,1,,false,1,21.90,21.90,false,1,
6112017106034,false,כף מסננת אלומניום,עולם הבית,,,יח,1,,false,1,14.90,14.90,false,1,
6112017106096,false,מסנן כיור אמרקאי ע. הבית,עולם הבית,,,יח,1,,false,1,14.90,14.90,false,1,
6112017106249,false,כרית קירצוף מסיליקון ע. הבית,עולם הבית שיווק והפצה בעמ,,,יח,1,,false,1,9.90,9.90,false,1,
6112017106331,false,"סט צנצנות סמארט 3 900 מ""ל ע. הבית",עולם הבית שיווק והפצה בעמ,,,יח,1,,false,1,16.90,16.90,false,1,
6112017106416,false,סט צנצנות סמארט 1 ליטר ע. הבית,עולם הבית שיווק והפצה בעמ,,,יח,1,,false,1,9.90,9.90,false,1,
6112017106614,false,מקל מטאטא עולם הבית,עולם הבית,,,יח,1,,false,1,5.90,5.90,false,1,
6112017106638,false,מטאטא שיער מעורב ע. הבית,עולם הבית שיווק והפצה בעמ,,,יח,1,,false,1,29.90,29.90,false,1,
6112017106676,false,מברשת איכותית לניקוי ע. הבית,עולם הבית שיווק והפצה בעמ,,,יח,1,,false,1,13.90,13.90,false,1,
6112017106713,false,מחבט אלקטרוני לקטילת יתושים וחרקים מעופפים,עולם הבית,,,יח,1,,false,1,24.90,24.90,false,1,
6224000485764,false,"שיני שום קפואות 1 ק""ג קהילות",נטו מילנדה סחר בעמ*,,,יח,6,ל 100 גרם,false,1,22.90,3.82,false,1,
6667770702480,false,פותחן מלצרים,א. דינצי ובניו בעמ,,,יח,1,,false,1,8.90,8.90,false,1,
6901022100409,false,ג'ינג'ר כתוש לירון 100 גרם,ביג פוד כחול לבן בעמ*שיק 30 יו,,,יח,1,,false,1,6.90,6.90,false,1,
6901022100416,false,שום כתוש לירון 100 גרם,ביג פוד כחול לבן בעמ*שיק 30 יו,,,יח,1,,false,1,6.90,6.90,false,1,
6901022100591,false,רצועות מיקס פלפלים קלויים,ביג פוד כחול לבן בעמ*שיק 30 יו,,,יח,3.50,ל 100 גרם,false,1,13.90,3.97,false,1,
6902019042016,false,אטבי כביסה כחול לבן 10 יחידות,לירון קרביץ יבוא שיווק וסחר,,,יח,2.40,ל 100 גרם,false,1,5.90,2.46,false,1,
6902019042061,false,מארז בלונים 50 יח קרביץ,לירון קרביץ יבוא שיווק וסחר,,,יח,1,,false,1,10,10,false,1,
6902176502507,false,סלק אדום בוואקום 500 גרם,ביג פוד כחול לבן בעמ*שיק 30 יו,,,יח,1,,false,1,5.90,5.90,false,1,
6920761668681,false,מערוך עץ קבוע,א. דינצי ובניו בעמ,,,יח,1,,false,1,17.90,17.90,false,1,
6921850620368,false,"לד 10W A60 אור יום- אריזת 3 י""ח קופסה OMEGA E27",עולם הבית שיווק והפצה בעמ,,,יח,1,,false,1,26.90,26.90,false,1,
6921850620504,false,לד 15W A60 לבן אור יום מארז שלישיה OMEGA E27,עולם הבית שיווק והפצה בעמ,,,יח,1,,false,1,36.90,36.90,false,1,
6925454151662,false,Omega טיימר 24 שעות Tis-01A,עולם הבית שיווק והפצה בעמ,,,יח,1,,false,1,24.90,24.90,false,1,
6925456552511,false,כתר זר פרחים סגולים,לירון קרביץ יבוא שיווק וסחר,,,יח,1,,false,1,14.90,14.90,false,1,
6928140304120,false,מגן תחתון בצבע שחור,פארמה דיל שיווק והפצה בעמ,,,יח,1,,false,1,10.90,10.90,false,1,
6931191500076,false,מספריים לדגים/בשר 1 יחיד,עולם הבית,,,יח,1,,false,1,10.90,10.90,false,1,
6931191500380,false,מברשת אפיה מסיליקון ע. הבית,עולם הבית שיווק והפצה בעמ,,,יח,1,,false,1,11.90,11.90,false,1,
6931191500649,false,רבעית סופר גלו ע. הבית,עולם הבית שיווק והפצה בעמ,,,יח,1,,false,1,9.90,9.90,false,1,
6931191500878,false,קולפן פלסטיק פשוט ע. הבית,עולם הבית,,,יח,1,,false,1,5.90,5.90,false,1,
6933890373579,false,כוס דוגמא קריסטל ע. הבית,עולם הבית שיווק והפצה בעמ,,,יח,1,,false,1,5.90,5.90,false,1,
6934931264344,false,"מגב פטנט עם להב סיליקון 43 ס""מ ע. הב",עולם הבית,,,יח,1,,false,1,34.90,34.90,false,1,
6934931265198,false,סט סכום ע. הבית,עולם הבית,,,יח,1,,false,1,39.90,39.90,false,1,
6934931267628,false,כוס קפה חרסינה ע. הבית,עולם הבית,,,יח,1,,false,1,5.90,5.90,false,1,
6934931271038,false,מגן שמש קידמי קטן לרכב ע. הבית,עולם הבית,,,יח,1,,false,1,16.90,16.90,false,1,
6934931271106,false,מגן שמש קידמי לחלון ע. הבית,עולם הבית,,,יח,1,,false,1,19.90,19.90,false,1,
6934931271274,false,"סיר לבישול 20 ס""מ ע. הבית",עולם הבית,,,יח,1,,false,1,59.90,59.90,false,1,
6934931271588,false,"מחבת לטיגון 22 ס""מ ע. הבית",עולם הבית,,,יח,1,,false,1,36.90,36.90,false,1,
6934931272028,false,יעה מתקפל שקוף ע. הבית,עולם הבית שיווק והפצה,,,יח,1,,false,1,19.90,19.90,false,1,
6934931273322,false,דוקרנים ליונים ע. הבית,עולם הבית שיווק והפצה בעמ,,,יח,1,,false,1,12.90,12.90,false,1,
6935487561246,false,מסיכה כירורגית שחורה מארז 50 יח',ביג פוד כחול לבן בעמ,,,יח,50,למארז,false,1,7.90,0.16,false,1,
6936036519152,false,פתיל צמר גפן 50יח,אשוש חצב בעמ,,,יח,1,,false,1,3.50,3.50,false,1,
6936745600462,false,רוטב מירין לתיבול מז,מזרח ומערב יבוא ושיווק,,,יח,5,ל 100 גרם,false,1,19.90,3.98,false,1,
6936745600783,false,"חומץ אורז מזרח מערב 500 מ""ל",מזרח ומערב יבוא ושיווק,,,יח,5,ל 100 גרם,false,1,15.90,3.18,false,1,
6939456721983,false,מסכות פנים לילדים 50 יח` צבעוני*,ביג פוד כחול לבן בעמ,,,יח,40,למארז,false,1,9.90,0.25,false,1,
6945305614047,false,רביעיית מתלים דמוי ניקל,עולם הבית,,,יח,1,,false,1,9.90,9.90,false,1,
6985425120011,false,מסנן כיור פרפר ע . הבית,עולם הבית שיווק והפצה בעמ,,,יח,1,,false,1,7.90,7.90,false,1,
6985425120028,false,ספוגים רחצה רביעייה,עולם הבית,,,יח,1,,false,1,9.90,9.90,false,1,
6985425120035,false,פקק לאבטיה ע. הבית.,עולם הבית שיווק והפצה,,,יח,1,,false,1,5.90,5.90,false,1,
6985425120066,false,חבל כביסה ע. הבית,עולם הבית,,,יח,1,,false,1,14.90,14.90,false,1,
6985425120103,false,סלוטייפ שקוף 100 מטר ע. הבית,עולם הבית שיווק והפצה בעמ,,,יח,1,,false,1,9.90,9.90,false,1,
6985425120301,false,אטבי כביסה 30 יחידות,עולם הבית שיווק והפצה בעמ,,,יח,1,,false,1,9.90,9.90,false,1,
6985425120387,false,אקדח גינה סט ע. הבית,עולם הבית,,,יח,1,,false,1,20.90,20.90,false,1,
6985425120394,false,דבק בד ע. הבית,עולם הבית שיווק והפצה בעמ,,,יח,1,,false,1,19.90,19.90,false,1,
6985425120578,false,קרש חיתוך זוג ע. הבית,עולם הבית,,,יח,1,,false,1,16.90,16.90,false,1,
6985425120950,false,זוג ידיות מכסה של סיר ע. הבית,עולם הבית,,,יח,1,,false,1,10.90,10.90,false,1,
7038516140418,false,ג'ורדן מברשת שיניים טוטאל קלין מדיום רביעייה,"דנשר (1963) בע,מ",,,יח,1,,false,1,14.90,14.90,true,1,
7046110064016,false,ג'ורדן מארז זוג מברשת שיניים לילדים מגיל 3-5,"דנשר (1963) בע,מ",,,יח,1,,false,1,15.90,15.90,true,1,
7046110064047,false,מארז זוג מברשת שיניים ג'ורדן ילדים 6-9,"דנשר (1963) בע,מ",,,יח,1,,false,1,15.90,15.90,true,1,
7046110064535,false,מארז זוג מברשת שיניים ג'ורדן ילדים 0-2,"דנשר (1963) בע,מ",,,יח,1,,false,1,15.90,15.90,true,1,
7112032888853,false,כבל טעינה וסנכרון M1 USB IPHONE,סוויטשי ישראל בעמ,,,יח,1,,false,1,29.90,29.90,false,1,
7200000318387,false,פסטרמה הודו על האש יחיעם,מעדני יחיעם (1993) בעמ,,,"לק""ג",10,ל 100 גרם,true,1,59,5.90,true,1,
7270137700194,false,מדליק פחמים מוצק 48 קובי,ח.כהן סוכנות מזון ומשקאות בע,,,יח,1,,false,1,4.90,4.90,false,1,
7271730901261,false,ווקי מאק ארוחת אטריות עם גבינה 156 גרם,ניו וורלד פסטה קומפנ,,,יח,1.56,ל 100 גרם,false,1,12.90,8.27,false,1,
7290000000695,false,אספרגוס רמי לוי,ביכורי השדה צפון 1994 ג.ד. בעמ,,,יח,1,,false,1,24.90,24.90,false,1,
7290000000978,false,חסה גוש קטיף ירק הארץ היתר מכירה,ביכורי השדה צפון 1994 ג.ד. בעמ,,,יח,1,,false,1,6.90,6.90,false,1,
7290000001043,false,כרוב לבן מהדרין-ברכת קטיף,ביכורי השדה צפון 1994 ג.ד. בעמ,,,"לק""ג",1,,true,1,12.90,12.90,false,1,
7290000001074,false,כרוב אדום מהדרין-ברכת קטיף,ביכורי השדה צפון 1994 ג.ד. בעמ,,,"לק""ג",1,,true,1,13.90,13.90,false,1,
7290000001104,false,פטריות חורש מיני ארוז 200 ג',"בכורי השדה צפון1994 ג.ד. בע""מ",,,יח,1,,false,1,11.90,11.90,false,1,
7290000001593,false,נענע מהדרין קטיף טרי,ביכורי השדה צפון 1994 ג.ד. בעמ,,,יח,1,,false,1,5.90,5.90,false,1,
7290000001616,false,כוסברה ירק הארץ גוש היתר מכירה,ביכורי השדה צפון 1994 ג.ד. בעמ,,,יח,1,,false,1,5.90,5.90,false,1,
7290000014074,false,חלה רגילה קלועה,ג`נרל מילס ישראל בעמ,,,ל 100 גרם,1,,false,1,11.90,11.90,true,1,
7290000023007,false,"ברנדי שטוק 84 37 % 750 מ""ל",טמפו משקאות בעמ,,,יח,7.50,"ל 100 מ""ל",false,1,69.90,9.28,false,1,
7290000023083,false,ערק אשקלון בקבוק 700,טמפו משקאות בע`מ,,,יח,7,"ל 100 מ""ל",false,1,54.90,7.80,true,1,
7290000023809,false,קלאסיק קברנה סובניון יקבי ברקן (750 מל),יקבי ברקן שיווק והפצה בע,,,יח,7.50,"ל 100 מ""ל",false,1,32.90,4.35,true,1,
7290000023977,false,קלאסיק מרלו יקבי ברקן (750 מל),יקבי ברקן שיווק והפצה בע,,,יח,7.50,"ל 100 מ""ל",false,1,32.90,4.35,true,1,
7290000024202,false,רזרב קברנה סובניון יקבי ברקן (750 מל),ברקן שיווק והפצה בעמ,,,יח,7.50,"ל 100 מ""ל",false,1,39.90,5.28,false,1,
7290000024264,false,רזרב מרלו יקבי ברקן (750 מל),"כרמי צבי - אחים סגל בע""\",,,יח,7.50,"ל 100 מ""ל",false,1,39.90,5.28,false,1,
7290000024523,false,"תירוש של סגל ,מיץ ענבים , 1 ליטר",כרמי צבי - האחים סגל,,,יח,10,"ל 100 מ""ל",false,1,13.90,1.36,false,1,
7290000024530,false,יין אדום מתוק קידוש של סגל 750 מל,"כרמי צבי - אחים סגל בע""\",,,יח,7.50,"ל 100 מ""ל",false,1,13.90,1.81,false,1,
7290000034256,false,ביסקוויט תירוש חצי מצופה 175 ג`הדר*,ח.כהן סוכנות מזון ומשקאות בע,,,יח,1.75,ל 100 גרם,false,1,5.80,3.31,false,1,
7290000040042,false,יופלה יוגורט תות %3 גביע 150 גרם,"תנובה בע""מ ***",,,יח,1.50,"ל 100 מ""ל",false,1,4.90,3.27,false,1,
7290000040066,false,יופלה יוגורט דובדבן %3 גביע 150 גרם,תנובה מרכז שיתופי לש,,,יח,1.50,"ל 100 מ""ל",false,1,4.90,3.27,false,1,
7290000040080,false,יופלה יוגורט אפרסק %3 גביע 150 גרם,"תנובה בע""מ ***",,,יח,1.50,"ל 100 מ""ל",false,1,4.90,3.27,false,1,
7290000040462,false,טוסטי גבינה בסגנון אמריקאי אדם 23% תנובה 200 גרם,תנובה מרכז שיתופי לש,,,יח,2,ל 100 גרם,false,1,17.90,8.95,false,1,
7290000041407,false,"גיל קטן 3% תנובה 125 מ""ל בד""ץ",תנובה מרכז שיתופי לש,,,יח,1.25,"ל 100 מ""ל",false,1,0.90,0.72,false,1,
7290000041445,false,קוטג תנובה גביע 250 גרם 5% בדצ,מיוצר עי קונדיטוריית,,,יח,2.50,ל 100 גרם,false,1,5.50,2.20,false,1,
7290000041452,false,גבינת קוטג`9% מהדרין תנובה (250 גרם),תנובה מרכז שיתופי לש,,,יח,2.50,ל 100 גרם,false,1,5.50,2.20,false,1,
7290000041858,false,"שמנת חמוצה 15% מועשרת יטבתה 200 מ""ל",שטראוס גרופ בעמ/מצונן,,,יח,2,"ל 100 מ""ל",false,1,2.40,1.20,false,1,
7290000041865,false,"לבן 4.5% שומן מהדרין ""יטבתה""",שטראוס גרופ בעמ/מצונן,,,יח,2,"ל 100 מ""ל",false,1,2,1,false,1,
7290000041872,false,"לבן 3% יטבתה 200מ""ל מהדרין",שטראוס גרופ בעמ/מצונן,,,יח,2,"ל 100 מ""ל",false,1,2,1,false,1,
7290000042435,false,חלב דל שומן 1% בקרטון תנובה (1 ליטר)פיק,תנובה מרכז שיתופי לש,,,יח,10,לליטר,false,1,5.86,0.59,false,1,
7290000042640,false,"חלב תנובה עמיד 3% קרטון 250 מ""ל",תנובה מרכז שיתופי לש,,,יח,2.50,"ל 100 מ""ל",false,1,2.60,1.04,false,1,
7290000042671,false,חלב עמיד %3 קרטון 1 ל בהכשר בדצ,תנובה מרכז שיתופי לש,,,יח,10,"ל 100 מ""ל",false,1,6.90,0.69,false,1,
7290000042855,false,"שוקו בשקית 250 מ""ל ""יטבתה""",שטראוס גרופ בעמ/מצונן,,,יח,2.25,"ל 100 מ""ל",false,1,2.50,1.11,false,1,
7290000043012,false,"שוקו עמיד 2% בקרטון 250 מ""ל תנובה",תנובה מרכז שיתופי לש,,,יח,2.50,"ל 100 מ""ל",false,1,4.70,1.88,false,1,
7290000043111,false,תנובה חמאה 200 גרם - מוצר בפיקוח,תנובה מרכז שיתופי לש,,,יח,2,ל 100 גרם,false,1,7.85,3.93,false,1,
7290000043814,false,השף הלבן שמנת להקצפה 38% שומן 250 מל - מוצר בפיקוח,תנובה מרכז שיתופי לש,,,יח,2.50,"ל 100 מ""ל",false,1,6.47,2.59,false,1,
7290000043890,false,תנובה רויון לבן מחלב מפסוטר 1.5%,תנובה מרכז שיתופי לש,,,יח,1,לליטר,false,1,10.90,10.90,false,1,
7290000044712,false,יוגורט עם תות 1.5% שומן 500 ג' פרילי,מיוצר עי קונדיטוריית,,,יח,5,"ל 100 מ""ל",false,1,10.50,2.10,false,1,
7290000044880,false,יוגורט בטעם תות שדה 3% באדי (500 גרם),מיוצר עי קונדיטוריית,,,יח,5,"ל 100 מ""ל",false,1,8.90,1.78,false,1,
7290000045573,false,גבינת מותכת משולשים 25% שומן 200 ג' נעמה,תנובה בעמ ***,,,יח,2,ל 100 גרם,false,1,14.50,7.25,false,1,
7290000045580,false,גבינה מותכת נעמה חורש תנובה 240 גרם,תנובה מרכז שיתופי לש,,,יח,2.40,ל 100 גרם,false,1,16.90,7.04,false,1,
7290000046327,false,גלבוע גבינה צהובה פרוסה 22% תנובה 200 גרם,תנובה מרכז שיתופי לש,,,יח,2,ל 100 גרם,false,1,12.90,6.45,false,1,
7290000047546,false,השף הלבן כנען גבינה לבנה דלת נתרן 5% תנובה 500 גרם,תנובה מרכז שיתופי לש,,,יח,5,ל 100 גרם,false,1,23.90,4.78,false,1,
7290000047621,false,גבינה לבנה רכה 5% תנובה 250ג' מהדרין,תנובה מרכז שיתופי לש,,,יח,2.50,ל 100 גרם,false,1,4.98,1.99,false,1,
7290000047942,false,**תנובה גבינה לבנה מהדרין 9% 250ג,תנובה מרכז שיתופי לש,,,יח,2.50,ל 100 גרם,false,1,4.75,1.90,false,1,
7290000048185,false,גבינה לבנה 5% תנובה 250 גרם מהדרין,מיוצר עי קונדיטוריית,,,יח,2.50,ל 100 גרם,false,1,4.98,1.99,false,1,
7290000048192,false,גבינה לבנה 9% תנובה 250 גרם מהדרין,מחלבת אלון תבור,,,יח,2.50,ל 100 גרם,false,1,4.75,1.90,false,1,
7290000048413,false,גבינה חמד (25016% גרם)פיראוס תנובה,תנובה מרכז שיתופי לש,,,יח,2.50,ל 100 גרם,false,1,17.90,7.16,false,1,
7290000048437,false,גבינת צפתית (2005% גרם)פיראוס תנובה,פארייפאבה אגרואינדוס,,,יח,2,ל 100 גרם,false,1,14.30,7.15,false,1,
7290000048451,false,חרמון שקית 16% 250 גר`פיראוס תנובה,תנובה מרכז שיתופי לש,,,יח,2.50,ל 100 גרם,false,1,17.90,7.16,false,1,
7290000049458,false,גבינה בולגרית עיזים (25016% גרם)פיראוס,תנובה מרכז שיתופי לש,,,יח,2.50,ל 100 גרם,false,1,26.90,10.76,false,1,
7290000050447,false,"יוגורט ביו בטעם תות YYY יופלה 500 מ""ל",מיוצר עי קונדיטוריית,,,יח,5,ל 100 גרם,false,1,13,2.60,false,1,
7290000050454,false,יוגורט יופלה אפרסק 3% שומן 500 גרם,מיוצר עי קונדיטוריית,,,יח,5,ל 100 גרם,false,1,13,2.60,false,1,
7290000051307,false,"מארז הפסקת אוכל עם דגני עוגי ומשקה חלב עמיד בטעם וניל 150 מ""ל",תנובה מרכז שיתופי לש,,,יח,1.50,ל 100 גרם,false,1,8.90,5.93,false,1,
7290000055015,false,פיראוס גבינת פטה כבשים 5% תנובה 250 גרם,תנובה מרכז שיתופי לש,,,יח,2.50,ל 100 גרם,false,1,24.90,9.96,false,1,
7290000055350,false,גבינה צהובה חריץ עמק 28% במשקל,תנובה מרכז שיתופי לש,,,ל 100 גרם,10,ל 100 גרם,true,1,44.79,4.48,false,1,
7290000057088,false,עמק גבינה צהובה פרוסה דק דק 28% תנובה 200 גרם,תנובה מרכז שיתופי לש,,,יח,2,ל 100 גרם,false,1,15.90,7.95,false,1,
7290000057118,false,גבינה צהובה עמק 28% שומן ואקום 400 גרם,תנובה מרכז שיתופי לש,,,יח,4,ל 100 גרם,false,1,21,5.25,false,1,
7290000060071,false,אוסם - חטיפי פריכונים מאורז מלא קלוי 80גר,קבוצת אוסם סחר שותפות מוגבלת,,,יח,0.80,ל 100 גרם,false,1,7.90,9.88,false,1,
7290000060088,false,בייגלה מקלות עם מלח אסם (400 גרם),קבוצת אוסם סחר שותפות מוגבלת,,,יח,4,ל 100 גרם,false,1,9.90,2.48,false,1,
7290000060163,false,פסטה אסם אטריות דקות 400גר,קבוצת אוסם סחר שותפות מוגבלת,,,יח,4,ל 100 גרם,false,1,6.90,1.73,false,1,
7290000060200,false,פסטה אסם פתיתים אפויים קוסקוס 500גר,קבוצת אוסם סחר שותפות מוגבלת,,,יח,5,ל 100 גרם,false,1,6.90,1.38,true,1,
7290000060316,false,פרפקטו ספגטי מס' 8 אסם 500 גרם,קבוצת אוסם סחר שותפות מוגבלת,,,יח,5,ל 100 גרם,false,1,6.90,1.38,false,1,
7290000060330,false,פרפקטו פרפקטו ספיראלי גירף 500 גר,קבוצת אוסם סחר שותפות מוגבלת,,,יח,5,ל 100 גרם,false,1,6.90,1.38,false,1,
7290000060408,false,פסטה אסם פתיתים אפויים טבעות 500 גר,קבוצת אוסם סחר שותפות מוגבלת,,,יח,5,ל 100 גרם,false,1,6.90,1.38,true,1,
7290000060415,false,"פסטה פרפקטו לאזניה 500 ג' ""אסם""",קבוצת אוסם סחר שותפות מוגבלת,,,יח,5,ל 100 גרם,false,1,14.90,2.98,false,1,
7290000060576,false,פתיתים אפויים כוכבים אסם (500 גרם),קבוצת אוסם סחר שותפות מוגבלת,,,יח,5,ל 100 גרם,false,1,6.90,1.38,true,1,
7290000060781,false,פרומנטי פתיתים מסולסלים אוסם,קבוצת אוסם סחר שותפות מוגבלת,,,יח,5,ל 100 גרם,false,1,5.80,1.16,true,1,
7290000060828,false,פסטה קרניים בינוניות אסם (500 גרם),קבוצת אוסם סחר שותפות מוגבלת,,,יח,5,ל 100 גרם,false,1,5.80,1.16,true,1,
7290000060842,false,פסטה אסם פתיתים צדפים גדולים 500גר,קבוצת אוסם סחר שותפות מוגבלת,,,יח,5,ל 100 גרם,false,1,5.80,1.16,true,1,
7290000060880,false,פסטה ספגטי מספר 8 אסם 500 גרם,קבוצת אוסם סחר שותפות מוגבלת,,,יח,5,ל 100 גרם,false,1,5.80,1.16,true,1,
7290000060903,false,פסטה אסם פתיתים אפויים אורז 500גר,קבוצת אוסם סחר שותפות מוגבלת,,,יח,5,ל 100 גרם,false,1,6.90,1.38,true,1,
7290000060958,false,אטריות מובחרות בינוניות אסם (400 גרם),קבוצת אוסם סחר שותפות מוגבלת,,,יח,4,ל 100 גרם,false,1,6.90,1.73,false,1,
7290000060965,false,פסטה אסם אטריות רחבות 400גר,קבוצת אוסם סחר שותפות מוגבלת,,,יח,4,ל 100 גרם,false,1,6.90,1.73,false,1,
7290000061061,false,קרקר חיטה עם בצל אסם,קבוצת אוסם סחר שותפות מוגבלת,,,יח,2.50,ל 100 גרם,false,1,9.90,3.96,true,1,
7290000061108,false,"רוטב טריאקי 290 מ""ל-בקבוק",קבוצת אוסם סחר שותפות מוגבלת,,,יח,2.90,"ל 100 מ""ל",false,1,9.90,3.41,true,1,
7290000061764,false,קפה נמס מגורען רד מאג 200 גרם,קבוצת אוסם סחר שותפות מוגבלת,,,יח,2,ל 100 גרם,false,1,21.90,10.95,true,1,
7290000062129,false,אינסטנט פודינג בטעם וניל אסם (1 קג),קבוצת אוסם סחר שותפות מוגבלת,,,יח,1,"לק""ג",false,1,24.90,24.90,false,1,
7290000063133,false,אסם שקדי מרק רכיבים טבעיים 24*100גרם,קבוצת אוסם סחר שותפות מוגבלת,,,יח,1,ל 100 גרם,false,1,5.50,5.50,false,1,
7290000063140,false,שקדי מרק רכיבים טבעיים בשקית 400 ג' אסם,קבוצת אוסם סחר שותפות מוגבלת,,,יח,4,ל 100 גרם,false,1,10.90,2.73,true,1,
7290000063157,false,"קמח עוגה תופח מאליו אסם 1 ק""ג",קבוצת אוסם סחר שותפות מוגבלת,,,יח,10,ל 100 גרם,false,1,9.90,0.99,false,1,
7290000064758,false,קוסקוס בינוני אמיתי אסם 350 ג',קבוצת אוסם סחר שותפות מוגבלת,,,יח,3.50,ל 100 גרם,false,1,7.90,2.26,false,1,
7290000064871,false,"אוסם - מנה חמה פירה תפו""א עם בצל 56 גרם",קבוצת אוסם סחר שותפות מוגבלת,,,יח,0.56,ל 100 גרם,false,1,5.90,10.54,false,1,
7290000065335,false,אוסם - מנה חמה פירה עם ירקות 55 גרם,קבוצת אוסם סחר שותפות מוגבלת,,,יח,0.47,ל 100 גרם,false,1,5.90,12.55,false,1,
7290000065540,false,אוסם - מנה חמה פסטה מוקרמת בטעם עוף 55 גרם,קבוצת אוסם סחר שותפות מוגבלת,,,יח,0.55,ל 100 גרם,false,1,5.90,10.73,false,1,
7290000065557,false,אוסם - מנה חמה קוסקוס עם ירקות 84 גרם,קבוצת אוסם סחר שותפות מוגבלת,,,יח,0.84,ל 100 גרם,false,1,5.90,7.02,false,1,
7290000066141,false,ביסלי חטיף בטעם גריל אסם (70 גרם),קבוצת אוסם סחר שותפות מוגבלת,,,יח,0.70,ל 100 גרם,false,1,3.90,5.57,true,1,
7290000066189,false,ביסלי חטיף בטעם פלאפל אסם (200 גרם),קבוצת אוסם סחר שותפות מוגבלת,,,יח,2,ל 100 גרם,false,1,6.90,3.45,true,1,
7290000066196,false,ביסלי חטיף בטעם גריל אסם (200 גרם),קבוצת אוסם סחר שותפות מוגבלת,,,יח,2,ל 100 גרם,false,1,6.90,3.45,true,1,
7290000066226,false,ביסלי חטיף בטעם פיצה אסם (200 גרם),קבוצת אוסם סחר שותפות מוגבלת,,,יח,2,ל 100 גרם,false,1,6.90,3.45,true,1,
7290000066295,false,במבה מתוקה מחומרים טבעיים 30 גרם,קבוצת אוסם סחר שותפות מוגבלת,,,יח,0.30,ל 100 גרם,false,1,2.70,9,false,1,
7290000066318,false,במבה חטיף בוטנים אסם 80 גרם,קבוצת אוסם סחר שותפות מוגבלת,,,יח,0.80,ל 100 גרם,false,1,4.20,5.25,true,1,
7290000066332,false,אפרופו חטיף תירס אסם (50 גרם),קבוצת אוסם סחר שותפות מוגבלת,,,יח,0.50,ל 100 גרם,false,1,3.90,7.80,true,1,
7290000066431,false,פופקו חטיף פופקורן בטעם חמאה ודבש אסם 80 גרם,קבוצת אוסם סחר שותפות מוגבלת,,,יח,0.80,ל 100 גרם,false,1,4.90,6.13,true,1,
7290000067544,false,פירורית זהב פירורי לחם אסם 200 גרם,קבוצת אוסם סחר שותפות מוגבלת,,,יח,2,ל 100 גרם,false,1,6.30,3.15,false,1,
7290000067599,false,מנה חמה ספגטי ברוטב בולונז אסם 65 גרם,קבוצת אוסם סחר שותפות מוגבלת,,,יח,0.65,ל 100 גרם,false,1,5.90,9.08,false,1,
7290000067735,false,פרפקטו ניוקי בצקיות תפוחי אדמה 500 ג' אסם,קבוצת אוסם סחר שותפות מוגבלת,,,יח,5,ל 100 גרם,false,1,12.90,2.58,false,1,
7290000068138,false,אינסטנט פודינג בטעם וניל אסם 80 גרם,קבוצת אוסם סחר שותפות מוגבלת,,,יח,0.80,ל 100 גרם,false,1,5.10,6.38,true,1,
7290000068190,false,אסם ג'לי תות שדה צבעים טבעיים 90 גרם,קבוצת אוסם סחר שותפות מוגבלת,,,יח,0.90,ל 100 גרם,false,1,6.90,7.67,false,1,
7290000068343,false,אסם פריכונים פרוסות קלויות מלא,קבוצת אוסם סחר שותפות מוגבלת,,,יח,1.40,ל 100 גרם,false,1,7.90,5.64,false,1,
7290000068701,false,אסם שקדי מרק רכיבים טבע.מיכל 400 גרם,קבוצת אוסם סחר שותפות מוגבלת,,,יח,4,ל 100 גרם,false,1,16.90,4.23,false,1,
7290000068770,false,במבה יום הולדת חטיף בוטנים אסם 80 גרם,קבוצת אוסם סחר שותפות מוגבלת,,,יח,0.80,ל 100 גרם,false,1,4.20,5.25,true,1,
7290000068787,false,במבה יום הולדת חטיף בוטנים אסם 25 גרם,קבוצת אוסם סחר שותפות מוגבלת,,,יח,0.25,ל 100 גרם,false,1,2.50,10,false,1,
7290000069364,false,פריכונים מאורז מלא ללא תוספת סוכר אסם 140 גרם,קבוצת אוסם סחר שותפות מוגבלת,,,יח,1.40,ל 100 גרם,false,1,7.90,5.64,false,1,
7290000070308,false,אבקת מרק עוף אמיתי בשרי אסם 400 גרם,קבוצת אוסם סחר שותפות מוגבלת,,,יח,4,ל 100 גרם,false,1,16.90,4.23,true,1,
7290000070322,false,אבקת מרק פטריות רכיבים טבעיים אסם 400 גרם,קבוצת אוסם סחר שותפות מוגבלת,,,יח,4,ל 100 גרם,false,1,23.90,5.98,true,1,
7290000070353,false,אבקת מרק בצל רכיבים טבעיים אסם 400 גרם,קבוצת אוסם סחר שותפות מוגבלת,,,יח,4,ל 100 גרם,false,1,23.90,5.98,true,1,
7290000072241,false,"רוטב פיצה 290 מ""ל-בקבוק",קבוצת אוסם סחר שותפות מוגבלת,,,יח,2.90,"ל 100 מ""ל",false,1,9.90,3.41,true,1,
7290000072623,false,קטשופ אסם בקבוק לחיץ 750 גרם,קבוצת אוסם סחר שותפות מוגבלת,,,יח,7.50,ל 100 גרם,false,1,9.90,1.32,false,1,
7290000072630,false,קטשופ אסם חריף 750 גרם-בקבוק,קבוצת אוסם סחר שותפות מוגבלת,,,יח,7.50,ל 100 גרם,false,1,11.90,1.59,false,1,
7290000072753,false,קפה נמס מגורען טסטרס צ'ויס 200 גרם-,קבוצת אוסם סחר שותפות מוגבלת,,,יח,2,ל 100 גרם,false,1,33.90,16.95,false,1,
7290000072777,false,קפה נמס מגורען נטול קפאין טסטרס צ'ויס 200 גרם,קבוצת אוסם סחר שותפות מוגבלת,,,יח,2,ל 100 גרם,false,1,35.90,17.95,false,1,
7290000073125,false,מנה חמה פסטה ברוטב עגבניות אסם (62 גרם),קבוצת אוסם סחר שותפות מוגבלת,,,יח,0.62,ל 100 גרם,false,1,5.90,9.52,false,1,
7290000073699,false,סלט חומוס צבר 150 גרם,קבוצת אוסם סחר שותפות מוגבלת,,,יח,1,ל 100 גרם,false,1,5.90,5.90,false,1,
7290000073750,false,מנה חמה נודלס אטר+ירקות טעם עוף 70 גרם,קבוצת אוסם סחר שותפות מוגבלת,,,יח,0.70,ל 100 גרם,false,1,5.90,8.43,false,1,
7290000073767,false,מנה חמה נודלס אטר.+ירקות טעם בקר 70 גרם,קבוצת אוסם סחר שותפות מוגבלת,,,יח,0.70,ל 100 גרם,false,1,5.90,8.43,false,1,
7290000073774,false,מנה חמה נודלס אטר+ירקות טעם צילי 70 גרם,קבוצת אוסם סחר שותפות מוגבלת,,,יח,0.70,ל 100 גרם,false,1,5.90,8.43,false,1,
7290000074153,false,ביסקוויט פתי בר שוקולד אסם (500 גרם),קבוצת אוסם סחר שותפות מוגבלת,,,יח,5,ל 100 גרם,false,1,13.10,2.62,true,1,
7290000074184,false,ביסקוויט פתי בר אסם (500 גרם),קבוצת אוסם סחר שותפות מוגבלת,,,יח,5,ל 100 גרם,false,1,10.90,2.18,true,1,
7290000074245,false,אוסם - קרם קרקר אסם 250 גרם,קבוצת אוסם סחר שותפות מוגבלת,,,יח,2.50,ל 100 גרם,false,1,9.90,3.96,true,1,
7290000074252,false,קרקר שומשום אסם (250 גרם),קבוצת אוסם סחר שותפות מוגבלת,,,יח,2.50,ל 100 גרם,false,1,8.90,3.56,true,1,
7290000074276,false,קרקר פיקנטי טבעון 250 ג' אסם,קבוצת אוסם סחר שותפות מוגבלת,,,יח,2.50,ל 100 גרם,false,1,9.90,3.96,true,1,
7290000074375,false,אוסם - קרקר זהב 150 גרם,קבוצת אוסם סחר שותפות מוגבלת,,,יח,1.50,ל 100 גרם,false,1,7.20,4.80,true,1,
7290000074696,false,"קרם קרקר 1 ק""ג אוסם",קבוצת אוסם סחר שותפות מוגבלת,,,יח,10,ל 100 גרם,false,1,26.80,2.68,true,1,
7290000074764,false,קרקר זהב אסם (900 גרם),קבוצת אוסם סחר שותפות מוגבלת,,,יח,9,ל 100 גרם,false,1,26.90,2.99,true,1,
7290000075204,false,קרקר לחמית חיטה מלאה אסם (250 גרם),קבוצת אוסם סחר שותפות מוגבלת,,,יח,2.50,ל 100 גרם,false,1,7.90,3.16,true,1,
7290000076126,false,אוסם - בייגלה שמיניות קטנות 80 גרם,קבוצת אוסם סחר שותפות מוגבלת,,,יח,0.80,ל 100 גרם,false,1,3.30,4.13,false,1,
7290000076133,false,בייגלה שמיניות קטנות עם מלח אסם 400 גרם,קבוצת אוסם סחר שותפות מוגבלת,,,יח,4,ל 100 גרם,false,1,9.90,2.48,false,1,
7290000077017,false,עוגיות קרמוגית במילוי קרם שוקולד אסם 200 גרם,קבוצת אוסם סחר שותפות מוגבלת,,,יח,2,ל 100 גרם,false,1,10.90,5.45,true,1,
7290000078212,false,קרוטונים מתובלים למרק אסם (250 גרם),קבוצת אוסם סחר שותפות מוגבלת,,,יח,2.50,ל 100 גרם,false,1,15.90,6.36,false,1,
7290000080758,false,פת קלויה טוסטעים אסם (100 גרם),קבוצת אוסם סחר שותפות מוגבלת,,,יח,1,ל 100 גרם,false,1,9.90,9.90,false,1,
7290000080765,false,פת קלויה טוסטעים עם שומשום אסם (100 גרם),קבוצת אוסם סחר שותפות מוגבלת,,,יח,1,ל 100 גרם,false,1,9.90,9.90,false,1,
7290000083180,false,מרידול מי פה 400,ש.שסטוביץ בעמ,,,יח,4,"ל 100 מ""ל",false,1,29.90,7.48,false,1,
7290000085166,false,פתי בר גטניו 400 גרן,"אחים גטניו בע""מ",,,יח,4,ל 100 גרם,false,1,6.90,1.73,true,1,
7290000089188,false,יין אדום מתוק פומפידיתא 1 ליטר,ויטה -פרי גליל (החדשה) בעמ,,,יח,10,"ל 100 מ""ל",false,1,17.90,1.76,false,1,
7290000100128,false,פירות קפואים תות 300 גר`סנפרוסט,תנובה ענף ב.ע.ד,,,יח,3,ל 100 גרם,false,1,14.90,4.97,false,1,
7290000100197,false,לקט אפונה תירס וגזר סנפרוסט 700 גרם,תנובה ענף ב.ע.ד,,,ל 100 גרם,7,ל 100 גרם,false,1,14.90,2.13,false,1,
7290000100296,false,תערובת להכנת Smoothie ורוד תות ובננה,תנובה ענף ב.ע.ד,,,יח,3,ל 100 גרם,false,1,16.90,5.63,false,1,
7290000100302,false,פול ירוק מקולף סנפורסט 600 גר`,תנובה ענף ב.ע.ד,,,יח,6,ל 100 גרם,false,1,22.90,3.82,true,1,
7290000100593,false,פרוסות אנטיפסטי לתנור סנפרוסט 600 גרם,תנובה ענף ב.ע.ד,,,יח,6,ל 100 גרם,false,1,20.90,3.48,false,1,
7290000100609,false,קוביות אנטיפסטי להקפצה סנפרוסט 600 גרם,תנובה ענף ב.ע.ד,,,יח,6,ל 100 גרם,false,1,22.90,3.82,false,1,
7290000101132,false,לקט קטניות לחמין סנפרוסט 800 גר,תנובה ענף ב.ע.ד,,,יח,8,ל 100 גרם,false,1,21.90,2.74,false,1,
7290000101927,false,אוכמניות כחולות מוקפאות סנפרוסט 300 גרם,תנובה ענף ב.ע.ד,,,יח,3,ל 100 גרם,false,1,14.90,4.97,false,1,
7290000101934,false,מיקס פירות יער מוקפאים 300 גר סנפרוסט,תנובה ענף ב.ע.ד,,,יח,3,ל 100 גרם,false,1,14.90,4.97,false,1,
7290000101941,false,אננס חתוך מוקפא סנפרוסט (300 גרם),תנובה ענף ב.ע.ד,,,יח,3,ל 100 גרם,false,1,14.90,4.97,false,1,
7290000101958,false,מנגו חתוך מוקפא סנפרוסט (300 גרם),תנובה ענף ב.ע.ד,,,יח,3,ל 100 גרם,false,1,14.90,4.97,false,1,
7290000103471,false,מיני ברוקולי סנפרוסט 600 גרם,תנובה ענף ב.ע.ד,,,יח,6,ל 100 גרם,false,1,15.90,2.65,false,1,
7290000103488,false,"ארטישוק ירושלמי 400 גרם ""סנפרוסט""",תנובה מרכז שיתופי לשיווק תוצרת,,,יח,4,ל 100 גרם,false,1,21.90,5.48,true,1,
7290000103822,false,לקט מוקפא לעוף סנפרוסט (800 גרם),תנובה מרכז שיתופי לשיווק תוצרת,,,יח,8,ל 100 גרם,false,1,21.90,2.74,false,1,
7290000103839,false,מרק כתום עשיר בירקות סנפרוסט (572 גרם),תנובה מרכז שיתופי לשיווק תוצרת,,,יח,5.72,ל 100 גרם,false,1,15.90,2.78,false,1,
7290000103846,false,מרק אפונה עשיר בירקות סנפרוסט (572 גרם),תנובה מרכז שיתופי לשיווק תוצרת,,,יח,5.72,ל 100 גרם,false,1,15.90,2.78,false,1,
7290000103860,false,מרק עדשים עשיר בירקות סנפרוסט (572 גרם),תנובה מרכז שיתופי לשיווק תוצרת,,,יח,5.72,ל 100 גרם,false,1,15.90,2.78,false,1,
7290000103877,false,מרק שעועית עשיר בירקות סנפרוסט 640 גרם,תנובה מרכז שיתופי לשיווק תוצרת,,,יח,6.44,ל 100 גרם,false,1,15.90,2.47,false,1,
7290000104188,false,שעועית אדומה מוקפאת מבושלת מוכנה לאכילה,תנובה מרכז שיתופי לשיווק תוצרת,,,יח,8,ל 100 גרם,false,1,20.90,2.61,false,1,
7290000104201,false,אפונה עדינה מוקפאת סנפרוסט (600 גרם),תנובה ענף ב.ע.ד,,,יח,6,ל 100 גרם,false,1,17.90,2.98,true,1,
7290000104218,false,סנפרוסט במיה 600 גרם,תנובה מרכז שיתופי לשיווק תוצרת,,,יח,8,ל 100 גרם,false,1,16.90,2.11,true,1,
7290000104676,false,אפונה קפואה סנפרוסט 800 גרם,תנובה מרכז שיתופי לשיווק תוצרת,,,יח,8,ל 100 גרם,false,1,14.90,1.86,true,1,
7290000104683,false,שעועית ירוקה שלמה סנפרוסט (800 גרם),תנובה מרכז שיתופי לשיווק תוצרת,,,יח,8,ל 100 גרם,false,1,19.90,2.49,true,1,
7290000104690,false,גרעיני תירס מוקפאים סנפרוסט (800 גרם),תנובה מרכז שיתופי לשיווק תוצרת,,,יח,8,ל 100 גרם,false,1,17.90,2.24,true,1,
7290000104706,false,גזר גמדי מוקפא סנפרוסט (800 גרם),תנובה מרכז שיתופי לשיווק תוצרת,,,יח,8,ל 100 גרם,false,1,16.90,2.11,true,1,
7290000104713,false,פול ירוק קפוא סנפורסט 800 גרם,תנובה מרכז שיתופי לשיווק תוצרת,,,יח,8,ל 100 גרם,false,1,22.90,2.86,true,1,
7290000104720,false,שעועית ירוקה חתוכה סנפרוסט (800 גרם),תנובה מרכז שיתופי לשיווק תוצרת,,,יח,8,ל 100 גרם,false,1,18.90,2.36,true,1,
7290000104737,false,שעועית צהובה חתוכה סנפרוסט 800 גרם,תנובה מרכז שיתופי לשיווק תוצרת,,,יח,8,ל 100 גרם,false,1,17.90,2.24,true,1,
7290000104744,false,כרובית מוקפאת סנפרוסט (800 גרם),תנובה מרכז שיתופי לשיווק תוצרת,,,יח,8,ל 100 גרם,false,1,23.40,2.93,true,1,
7290000104751,false,כרוב ניצנים סנפרוסט (800 גרם),תנובה מרכז שיתופי לשיווק תוצרת,,,יח,8,ל 100 גרם,false,1,23.90,2.99,false,1,
7290000104768,false,עלי תרד סנפרוסט (800 גרם),תנובה מרכז שיתופי לשיווק תוצרת,,,יח,8,ל 100 גרם,false,1,19.90,2.49,false,1,
7290000104799,false,שעועית לבנה מבושלת סנפרוסט (800 גרם),תנובה מרכז שיתופי לשיווק תוצרת,,,יח,8,ל 100 גרם,false,1,18.90,2.36,true,1,
7290000104805,false,גרגרי חומוס מבושלים סנפרוסט (800 גרם),תנובה מרכז שיתופי לשיווק תוצרת,,,יח,8,ל 100 גרם,false,1,18.90,2.36,true,1,
7290000104836,false,שעועית ירוקה עדינה שלמה סנפרוסט 600 גרם,תנובה מרכז שיתופי לשיווק תוצרת,,,יח,6,ל 100 גרם,false,1,21.90,3.65,true,1,
7290000104874,false,לקט מוקפא לקוסקוס סנפרוסט (800 גרם),תנובה מרכז שיתופי לשיווק תוצרת,,,יח,8,ל 100 גרם,false,1,17.90,2.24,false,1,
7290000104881,false,לקט אפונה וגזר מוקפאים סנפרוסט (800 גרם),תנובה מרכז שיתופי לשיווק תוצרת,,,יח,8,ל 100 גרם,false,1,16.90,2.11,true,1,
7290000106526,false,לקט חגיגה ירוקה להקפצה 800 גרם סנפרוסט,תנובה ענף ב.ע.ד,,,יח,8,ל 100 גרם,false,1,22.90,2.86,false,1,
7290000107165,false,חטיף סויה אדממה סנפרוסט (400 גרם),תנובה מרכז שיתופי לשיווק תוצרת,,,יח,4,ל 100 גרם,false,1,13.90,3.48,true,1,
7290000107189,false,תחתיות ארטישוק סנפרוסט (400 גרם),תנובה מרכז שיתופי לשיווק תוצרת,,,יח,4,ל 100 גרם,false,1,20.90,5.23,true,1,
7290000107295,false,תפרחות ברוקולי סנפרוסט 800 גרם,תנובה מרכז שיתופי לשיווק תוצרת,,,יח,8,ל 100 גרם,false,1,24.90,3.11,true,1,
7290000110844,false,כיפלי בטעם גריל בד`צ 70 גרם .,יוניליוור ישראל שיווק בע`מ,,,יח,0.70,ל 100 גרם,false,30,4.90,7,false,1,
7290000110851,false,כיפלי חטיף בטעם בצל מהדרין תלמה (70 גרם),יוניליוור ישראל שיווק בע`מ,,,יח,0.70,ל 100 גרם,false,30,4.90,7,false,1,
7290000111063,false,מיונז אמיתי תלמה (250 גרם),יוניליוור ישראל שיווק בע`מ,,,יח,2.50,ל 100 גרם,false,6,5.90,2.36,false,1,
7290000111117,false,מרכך כביסה לבן בדין (4 ליטר),יוניליוור ישראל שיווק בע`מ,,,יח,40,"ל 100 מ""ל",false,1,19.80,0.50,false,1,
7290000111186,false,"מיונז אמיתי תלמה 500 גרם בד""צ","יוניליוור ישראל שיווק בע""מ",,,יח,5,ל 100 גרם,false,12,8.90,1.78,false,1,
7290000111353,false,מיונז אמיתי תלמה (1 קג),"יוניליוור ישראל שיווק בע""מ",,,יח,10,ל 100 גרם,false,6,15.90,1.59,false,1,
7290000111360,false,חרדל אמיתי חריף 250 גרם בצנצנת כשלפ,יוניליוור ישראל שיווק בע`מ,,,יח,2.50,יח,false,6,5.90,2.36,false,1,
7290000112220,false,טחינה גולמית שומשום טהור בארכה 500 גרם,קבוצת אוסם סחר שותפות מוגבלת,,,יח,5,ל 100 גרם,false,1,13.90,2.78,false,1,
7290000112497,false,מרק עשיר עוף אטריות קנור 75 גרם - שקיות,יוניליוור ישראל שיווק בע`מ,,,יח,0.68,ל 100 גרם,false,10,11.90,17.50,false,1,
7290000112503,false,מרק עשיר ירקות קנור 69 גרם - שקיות,יוניליוור ישראל שיווק בע`מ,,,יח,0.61,ל 100 גרם,false,10,11.90,19.51,false,1,
7290000112619,false,אבקת מרק עוף אמיתי קנור 400 ג' כשלפ,יוניליוור ישראל שיווק בע`מ,,,יח,4,ל 100 גרם,false,6,21.90,5.48,false,1,
7290000116204,false,"אבקת מרק דגש בטעם עוף 1ק""ג קנור","יוניליוור ישראל שיווק בע""מ",,,יח,10,ל 100 גרם,false,10,14.90,1.49,false,1,
7290000116884,false,"רוטב ברביקיו קנור 300 גרם בד""צ",יוניליוור ישראל שיווק בע`מ,,,יח,3,"ל 100 מ""ל",false,12,9.90,3.30,false,1,
7290000116921,false,"קנור רוטב צילי מתוק 300 מ""ל כשלפ",יוניליוור ישראל שיווק בע`מ,,,יח,3,"ל 100 מ""ל",false,12,9.90,3.30,false,1,
7290000116945,false,"רוטב סויה קלאסי קנור בד""צ 350 גרם",יוניליוור ישראל שיווק בע`מ,,,יח,3,"ל 100 מ""ל",false,12,10.90,3.63,false,1,
7290000117171,false,מרק טעם עוף דל קלוריות 48 גרם-קופסא,יוניליוור ישראל שיווק בע`מ,,,יח,0.48,ל 100 גרם,false,6,6.90,14.38,false,1,
7290000117720,false,נמס בכוס פטריות קנור 21.5 גרם מארז זוגי,יוניליוור ישראל שיווק בע`מ,,,יח,0.43,ל 100 גרם,false,12,6.50,15.12,true,1,
7290000118277,false,כופתאות מצה להכנת מהירה 65 ג' קנור,"יוניליוור ישראל שיווק בע""מ",,,יח,1.30,ל 100 גרם,false,6,8.90,6.85,false,1,
7290000118352,false,לטקס אבקה להכנת לביבות תפוא 170גר כשלפ,יוניליוור ישראל שיווק בע`מ,,,יח,1.70,ל 100 גרם,false,1,13.90,8.18,false,1,
7290000120836,false,מיונז אמיתי הלמנס (394 גרם),"יוניליוור ישראל שיווק בע""מ",,,יח,3.94,ל 100 גרם,false,1,11.90,3.02,false,1,
7290000120874,false,מיונז הלמנס לייט מופחת קלוריות 424ג,"יוניליוור ישראלשיווק בע""מ",,,יח,4.24,ל 100 גרם,false,1,11.90,2.81,false,1,
7290000121017,false,שומרון גבינה מותכת 7% 120 גרם,נטו מלינדה סחר בע`מ,,,יח,1.20,ל 100 גרם,false,1,9.90,8.25,false,1,
7290000121031,false,החתול המחייך גבינה מותכת 14% מון בלאן 120 גרם,נטו מילנדה סחר בעמ*,,,יח,1.20,ל 100 גרם,false,1,9.90,8.25,false,1,
7290000121079,false,גבינה מותכת למריחה עם שום שמיר 9% מון בלאן 120 גרם,נטו מלינדה סחר בע`מ,,,יח,1.20,ל 100 גרם,false,1,9.90,8.25,false,1,
7290000121093,false,גבינה מותכת לייט בטעם שוויצרי 7% מון בלאן 120 גר',נטו מלינדה סחר בע`מ,,,יח,1.20,ל 100 גרם,false,1,9.90,8.25,false,1,
7290000121109,false,גבינה מותכת לייט עם זיתים 7% מון בלאן 120 גרם,נטו מילנדה סחר בעמ*,,,יח,1.20,ל 100 גרם,false,1,9.90,8.25,false,1,
7290000121154,false,גבינה מותכת לייט עם סלמון 7% מון בלאן 120 גרם,נטו מלינדה סחר בע`מ,,,יח,1.20,ל 100 גרם,false,1,9.90,8.25,false,1,
7290000124841,false,ורד הגליל שוקולד חלב מארז שלישיה 300 גרם,"יוניליוור ישראל שיווק בע""מ",,,יח,3,ל 100 גרם,false,1,13.90,4.63,false,1,
7290000125251,false,שמפו לכביסה עדינה בדין 2 ליטר,"יוניליוור ישראלשיווק בע""מ",,,יח,2,לליטר,false,1,23.90,11.95,false,1,
7290000129457,false,אבקת רוטב פטריות קנור 28 ג' שקית,יוניליוור ישראל שיווק בע`מ,,,יח,0.28,ל 100 גרם,false,12,3.90,13.93,false,1,
7290000129785,false,מרכך כביסה ירוק בדין (4 ליטר),יוניליוור ישראל שיווק בע`מ,,,יח,4,לליטר,false,1,19.80,4.95,false,1,
7290000133645,false,שלישיית משחת שיניים סודה אורביטול 145 גרם,טרופיקל דגיל תעשיות קוסמ,,,יח,4.35,ל 100 גרם,false,1,16.90,3.89,false,1,
7290000133904,false,"מטהר אוויר דואופרש פסיפלורה תפוז סנו 300 מ""ל",החברה הדרומית לשיווק בעמ,,,יח,3,"ל 100 מ""ל",false,1,10.90,3.63,false,1,
7290000135045,false,"XL TEN משקה אנרגיה פתוח ללא סוכר 250 מ""ל","טמפו משקאות בע""\מ",,,יח,2.50,"ל 100 מ""ל",false,1,4.50,1.68,true,1,
7290000135052,false,"XL TEN משקה אנרגיה מנגו ללא סוכר 250 מ""ל","טמפו משקאות בע""\מ",,,יח,2.50,"ל 100 מ""ל",false,1,4.50,1.68,true,1,
7290000135113,false,משקה אנרגיה אקסל נענע ליים ללס (250 מל,"טמפו משקאות בע""\מ",,,יח,2.50,"ל 100 מ""ל",false,1,4.50,1.68,true,1,
7290000135311,false,פפסי קולה ליים 1.5 ללא סוכר,"טמפו משקאות בע""\מ",,,יח,15,"ל 100 מ""ל",false,1,7.50,0.48,true,1,
7290000135342,false,"מי סודה טמפו בקבוק 500 מ""ל","טמפו משקאות בע""\מ",,,יח,5,"ל 100 מ""ל",false,1,3.90,0.72,false,1,
7290000135465,false,"מי סודה 500 מ""ל - מארז 12 בקבוקים","טמפו משקאות בע""\מ",,,יח,6,לליטר,false,1,27.80,4.03,true,1,
7290000136141,false,פפסי קולה 1.5 ליטר פיקדון,"טמפו משקאות בע""\מ",,,יח,15,"ל 100 מ""ל",false,1,7.50,0.48,true,1,
7290000136158,false,פפסי מקס משקה מוגז דל קלוריות בטעם קולה,"טמפו משקאות בע""\מ",,,יח,15,"ל 100 מ""ל",false,1,7.50,0.48,true,1,
7290000136165,false,מירינדה אורנג` 1.5 ליטר פיקדון,"טמפו משקאות בע""\מ",,,יח,15,"ל 100 מ""ל",false,1,7.50,0.48,true,1,
7290000136172,false,משקה 7UP בקבוק 1.5 ליטר פיקדון,"טמפו משקאות בע""\מ",,,יח,1.50,לליטר,false,1,7.50,4.80,true,1,
7290000136189,false,משקה דיאט 7UP בקבוק 1.5 ליטר פיקדון,"טמפו משקאות בע""\ם.",,,יח,15,"ל 100 מ""ל",false,1,7.50,0.48,true,1,
7290000136240,false,סודה 1.5 ליטר שישייה בודד,"טמפו משקאות בע""\מ",,,יח,15,"ל 100 מ""ל",false,1,3.20,0.19,false,1,
7290000136288,false,"סירופ בטעם תפוחים ג'ויסר סיידר הגליל 330 מ""ל","טמפו משקאות בע""\מ",,,יח,3.30,"ל 100 מ""ל",false,1,13.90,4.12,false,1,
7290000136295,false,"סירופ בטעם פטל ג'ויסר סיידר הגליל 330 מ""ל","טמפו משקאות בע""\מ",,,יח,3.30,"ל 100 מ""ל",false,1,13.90,4.12,false,1,
7290000136301,false,"סירופ בטעם ענבים ג'ויסר סיידר הגליל 330 מ""ל","טמפו משקאות בע""\מ",,,יח,3.30,"ל 100 מ""ל",false,1,13.90,4.12,false,1,
7290000136431,false,משקה בטעם אפרסק צלול תריסר 1.5 ל' ג'אמפ,"טמפו משקאות בע""\מ",,,יח,15,"ל 100 מ""ל",false,1,6.90,0.44,true,1,
7290000136455,false,משקה בטעם אשכוליות תריסר 1.5 ל' ג'אמפ,"טמפו משקאות בע""\ם.",,,יח,15,"ל 100 מ""ל",false,1,6.90,0.44,true,1,
7290000136516,false,משקה בטעם מנגו פסיפלורה תריסר 1.5 ל' ג'אמפ,טמפו משקאות בע`מ,,,יח,15,"ל 100 מ""ל",false,1,6.90,0.44,true,1,
7290000136523,false,ג`אמפ משקה קל ענבים 1.5 ליטר פיקדון,"טמפו משקאות בע""\ם.",,,יח,15,"ל 100 מ""ל",false,1,6.90,0.44,true,1,
7290000136561,false,משקה בטעם תות בננה תריסר 1.5 ל' ג'אמפ,"טמפו משקאות בע""\מ",,,יח,15,"ל 100 מ""ל",false,1,6.90,0.44,true,1,
7290000136585,false,משקה בטעם תפוזים תריסר 1.5 ל' ג'אמפ,"טמפו משקאות בע""\ם.",,,יח,15,ל 100 גרם,false,1,6.90,0.44,true,1,
7290000136608,false,משקה בטעם תפוח צלול תריסר 1.5 ל' ג'אמפ,"טמפו משקאות בע""\ם.",,,יח,15,"ל 100 מ""ל",false,1,6.90,0.44,true,1,
7290000136646,false,בירה שחורה נשר מאלט בקבוק 1.5 ליטר,"טמפו משקאות בע""\מ",,,יח,15,"ל 100 מ""ל",false,1,8.90,0.57,true,1,
7290000136653,false,בירה שחורה נשר מאלט דיאט בקבוק 1.5ל`,"טמפו משקאות בע""\מ",,,יח,1.50,"ל 100 מ""ל",false,1,8.90,5.73,true,1,
7290000136691,false,סבן אפ 1.5 ליטר שישיה טמפו,טמפו משקאות בע`מ,,,יח,90,"ל 100 מ""ל",false,1,43.50,0.48,false,1,
7290000136752,false,סבן אפ דיאט מארז שישייה 1.5 ל' FREE,"טמפו משקאות בע""\מ",,,יח,90,"ל 100 מ""ל",false,1,45,0.48,true,1,
7290000136790,false,טמפו מי סודה 6*1.5 ליטר פיקדון,"טמפו משקאות בע""\מ",,,יח,90,"ל 100 מ""ל",false,1,16.70,0.17,false,1,
7290000136844,false,מארז מים מזוככים אקווה נובה שישיית 2 ליטר,"טמפו משקאות בע""\מ",,,יח,120,"ל 100 מ""ל",false,1,11.70,0.08,false,1,
7290000136868,false,סאן בנדטו - מים מינרלים - מארז שישיית 1.5 ליטר,אקווה מינרלה סאן בנדטו ב,,,יח,9,לליטר,false,1,15.90,1.77,false,1,
7290000136875,false,שישיית מים מינרליים מוגזים סן בנדטו 1.5 ליטר,סאן בנדטו San Benedetto,,,יח,9,לליטר,false,1,17.70,1.77,false,1,
7290000137513,false,גלידונית גלידה וניל בציפוי שוקולד 60 יח' קרמיסימו,"גלידת שטראוס בע""\מ, רחוב",,,יח,7,ל 100 גרם,false,1,44.90,6.41,false,1,
7290000139104,false,שלווה חיטה תפוחה מתוקה אשבול 230 גרם,אשבול בעמ,,,יח,2.50,ל 100 גרם,false,1,8.90,3.56,false,1,
7290000139111,false,שלווה חיטה תפוחה מתוקה אשבול 90 גרם,אשבול בעמ,,,יח,1,ל 100 גרם,false,1,3.50,3.50,false,1,
7290000139180,false,שלווה חיטה מלאה תפוחה אשבול 140 גרם,אשבל מזון פונקציונלי,,,יח,1.50,ל 100 גרם,false,1,8.90,5.93,false,1,
7290000139227,false,שלווה משפחתי לבן 150ג אשבול,מ.ד אטיאס סוכנויות מזון בע`מ,,,יח,1.50,ל 100 גרם,false,1,8.90,5.93,false,1,
7290000139258,false,שלווה דבש וסוכר חום אשבול 200 גרם,אשבל מזון פונקציונלי,,,יח,2,ל 100 גרם,false,1,8.90,4.45,false,1,
7290000139289,false,חטיף מולטי שוקולד אשבול 500 גרם,אשבול בעמ,,,יח,4.20,ל 100 גרם,false,1,8.90,2.12,false,1,
7290000139715,false,דגני בוקר קרמים נוגט אשבול 550 גרם,אשבול בעמ,,,יח,4.74,ל 100 גרם,false,1,10.90,2.30,false,1,
7290000139753,false,דגני בוקר קרמים שוקולד אשבול 550 גרם,אשבול בעמ,,,יח,5.50,ל 100 גרם,false,1,9.90,1.80,false,1,
7290000139777,false,קרמים במילוי קרם וניל עוגיות 474 גרם,אשבול בעמ,,,יח,5.50,ל 100 גרם,false,1,10.90,1.98,false,1,
7290000144467,false,שמן חמניות מועשר בנוגדי חמצון 1 ל' עץ הזית,"נארז ע""י : א.ג. גילר",,,יח,1,לליטר,false,16,15.90,15.90,false,1,
7290000144474,false,שמן עץ הזית קנולה 1 ליטר בריאות מהטבע,סוגת תעשיות בעמ,,,יח,1,,false,1,14.90,14.90,false,1,
7290000146645,false,הוואי - סבון מוצק שחור מסתורי 100 גרם רביעייה,טרופיקל דגיל קוסמטיק,,,יח,4,ל 100 גרם,false,1,12.90,3.23,true,1,
7290000146652,false,הוואי - סבון מוצק ורוד רומנטי 100 גרם רביעייה,טרופיקל דגיל קוסמטיק,,,יח,4,ל 100 גרם,false,1,12.90,3.23,true,1,
7290000146669,false,הוואי - סבון מוצק שמיים כחולים 100 גרם רביעייה,טרופיקל דגיל קוסמטיק,,,יח,4,ל 100 גרם,false,1,12.90,3.23,true,1,
7290000146676,false,הוואי - סבון מוצק לגבר 100 גרם רביעייה,טרופיקל דגיל קוסמטיק,,,יח,4,ל 100 גרם,false,1,12.90,3.23,true,1,
7290000146683,false,הוואי - סבון מוצק אפקט דאודורנט 100 גרם רביעייה,טרופיקל דגיל קוסמטיק,,,יח,4,ל 100 גרם,false,1,12.90,3.23,true,1,
7290000146928,false,"משחת שיניים לילדים בטעם ענבים טום וג'רי 50 מ""ל",טרופיקל דגיל קוסמטיק,,,יח,0.75,ל 100 גרם,false,1,7.90,10.53,true,1,
7290000146997,false,משחת שיניים לילדים מסטיק טום וג'רי 50 מל,טרופיקל דגיל קוסמטיק,,,יח,0.50,ל 100 גרם,false,1,7.90,15.80,true,1,
7290000148380,false,פיסטוקים קלויים קליית גת (200 גרם),ליימן שליסל בעמ,,,יח,2,ל 100 גרם,false,1,18.90,9.45,true,1,
7290000148489,false,"קליית גת גרעיני דלעת קלויים,200 גרם",ליימן שליסל בעמ,,,יח,2,ל 100 גרם,false,1,8.90,4.45,false,1,
7290000148618,false,קשיו מטוגן שקית קליית גת 200 גרם,ליימן שליסל בעמ,,,יח,2,ל 100 גרם,false,1,19.90,9.95,true,1,
7290000148748,false,קליית גת גרעיני חמניה קלויים ומומלחים200,ליימן שליסל בעמ,,,יח,2,ל 100 גרם,false,1,5.90,2.95,true,1,
7290000148939,false,שקדים קלויים קליית גת (200 גרם),ליימן שליסל בעמ,,,יח,2,ל 100 גרם,false,1,15.90,7.95,false,1,
7290000149615,false,רביעיית סבון מוצק קלאסי לתינוק נקה 7 4*100 גרם,החברה הדרומית לשיווק בעמ,,,יח,4,ל 100 גרם,false,1,10.90,2.73,false,1,
7290000149844,false,סבון רב שימושי סינטבון (230 גרם),החברה הדרומית לשיווק בעמ,,,יח,2.30,ל 100 גרם,false,1,6.90,3,false,1,
7290000149905,false,טקסטיל שמפו נוזלי לאריגים עדינים1ליט,החברה הדרומית לשיווק בעמ,,,יח,1,לליטר,false,1,13.90,13.90,false,1,
7290000161358,false,מיונז אמיתי משמן קנולה תלמה (500 גרם),"יוניליוור ישראל שיווק בע""מ",,,יח,5,ל 100 גרם,false,12,13,2.60,false,1,
7290000161631,false,קליק חטיף שוקולד מילוי קרם נוגט 38גר,יוניליוור ישראל שיווק בע`מ,,,יח,0.38,ל 100 גרם,false,1,3.90,10.26,false,1,
7290000161648,false,קליק בארים אין אאוט קרם חלבי,יוניליוור ישראל שיווק בע`מ,,,יח,0.38,ל 100 גרם,false,1,3.90,10.26,false,1,
7290000169798,false,"עוגי מופחת סוכר 20% פצפוצי שוקו' 500ג' בד""צ",יוניליוור ישראל שיווק בע`מ,,,יח,375,ל 100 גרם,false,6,19.90,0.05,true,1,
7290000174723,false,שוקולית אבקה להכנת משקה שוקו 500 גרם,הנסיך- מפעל לייצור ט,,,יח,5,ל 100 גרם,false,1,12.90,2.58,false,1,
7290000176062,false,קפה טורקי בשקית 100 ג' עלית,שטראוס קפה בי.ויn\.,,,יח,1,ל 100 גרם,false,1,9.20,9.20,false,1,
7290000176079,false,קפה טורקי עם הל עלית (100 גרם),הנסיך- מפעל לייצור ט,,,יח,1,ל 100 גרם,false,1,8.90,8.90,false,1,
7290000176116,false,קפה טורקי בוואקום עלית (1 קג),הנסיך- מפעל לייצור ט,,,יח,10,"לק""ג",false,1,77.90,7.79,false,1,
7290000176147,false,קפה לפילטר קלוי וטחון מוקה מספר 1 עלית 500 גרם,שטראוס גרופ בע`מ,,,יח,5,ל 100 גרם,false,1,49.90,9.98,false,1,
7290000176413,false,קפה נמס עלית פחית 50 גרם,הנסיך- מפעל לייצור ט,,,יח,0.50,ל 100 גרם,false,1,8.90,17.80,false,1,
7290000176420,false,קפה נמס פחית עלית 200 גרם,פיקסל אם.גי.אם בעמ,,,יח,2,ל 100 גרם,false,1,19.90,9.95,false,1,
7290000176468,false,קפה נמס נטול קפאין 50 ג' קפה האג,שטראוס גרופ בע`מ,,,יח,0.50,ל 100 גרם,false,1,10.80,21.60,false,1,
7290000178707,false,חטיף צ`יפס בטעם טבעי תפוצ`יפס (50 גרם),"שטראוס פריטו ליי בע""\מ )",,,יח,2,ל 100 גרם,false,1,3.80,1.90,false,1,
7290000178721,false,חטיף צ`יפס בטעם טבעי תפוצ`יפס (200 גרם),"שטראוס פריטו ליי בע""\מ )",,,יח,2,ל 100 גרם,false,1,9.90,4.95,true,1,
7290000186030,false,מגבוני האגיס תחליב דיספנסר רביעייה,קימברלי קלארק ישראל שיווק בעמ,,,יח,1,,false,1,24.90,24.90,false,1,
7290000187853,false,נייר טואלט לילי 40 לבן,קימברלי קלארק ישראל שיווק בעמ,,,יח,1,,false,1,47.90,47.90,true,1,
7290000187860,false,מגבוני טואלט לחים לילי דיספנסר 40יח',קימברלי קלארק ישראל שיווק בעמ,,,יח,0.59,ל 100 גרם,false,1,9.90,16.78,false,1,
7290000187952,false,נייר טואלט תלת שכבתי ורוד לילי 32 יחידות,קימברלי קלארק ישראל שיווק בעמ,,,יח,17.88,ל 100 גרם,false,1,44.90,2.51,false,1,
7290000189550,false,"שקיות אשפה ענקיות עם שרוך 78 * 90 ס""מ ניקול 2 * 10 יחידות",קימברלי קלארק ישראל שיווק בעמ,,,יח,1,,false,1,24.90,24.90,false,1,
7290000189680,false,ניקול זוג מטליות לחות לרצפה,קימברלי קלארק ישראל שיווק בעמ,,,יח,1,,false,1,21.90,21.90,true,1,
7290000189871,false,"שקיות אשפה עם שרוך 52 * 65 ס""מ ניקול 55 שקיות",קימברלי קלארק ישראל שיווק בעמ,,,יח,1,,false,1,24.90,24.90,false,1,
7290000191225,false,חיתולים ליטל בייביז מידה 2 האגיס 46 יחידות,קימברלי קלארק ישראל שיווק בעמ,,,יח,1,,false,1,33.90,33.90,false,1,
7290000191539,false,חמישיית ממחטות טישו צבועני לילי 100 יחידות,קימברלי קלארק ישראל שיווק בעמ,,,יח,5.93,ל 100 גרם,false,1,15.90,2.68,false,1,
7290000192581,false,מגבת נייר גליל כפול ניקול 12=6 גליל,קימברלי קלארק ישראל שיווק בעמ,,,יח,1,,false,1,21.90,21.90,false,1,
7290000193472,false,מגן תחתון נטורל נורמל לילי 60 יחידות,קימברלי קלארק ישראל שיווק בעמ,,,יח,1,,false,1,16.90,16.90,false,1,
7290000194288,false,האגיס משטחי החתלה חד פעמיים 10יח`,קימברלי קלארק ישראל שיווק בעמ,,,יח,1,,false,1,26.90,26.90,false,1,
7290000194837,false,ניקול - שקיות מזון + ידיות קשירה אקסטרה לארג' 200 יח',קימברלי קלארק ישראל שיווק בעמ,,,יח,1,,false,1,11.90,11.90,true,1,
7290000195773,false,האגיס - מגבוני האגיס סנסטיב קר לא מבושם 64 יח' * 4,קימברלי קלארק ישראל שיווק בעמ,,,יח,1,,false,1,19.90,19.90,false,1,
7290000197425,false,חיתולים פרידום דריי שלב 3 האגיס 52 יחידות,קימברלי קלארק ישראל שיווק בעמ,,,יח,1,,false,1,41.90,41.90,true,1,
7290000197432,false,שקיות אוכל סנדביצ'ון ניקול מארז 150X2יח',קימברלי קלארק ישראל שיווק בעמ,,,יח,1,,false,1,12.90,12.90,false,1,
7290000197456,false,חיתולים פרידום דריי שלב 4 האגיס 44 יחידות,קימברלי קלארק ישראל שיווק בעמ,,,יח,1,,false,1,41.90,41.90,true,1,
7290000197463,false,חיתולים פרידום דריי שלב +4 האגיס 40 יחידות,קימברלי קלארק ישראל שיווק בעמ,,,יח,1,,false,1,41.90,41.90,true,1,
7290000197470,false,שקיות רב שימושיות מתכלות ניקול 250 יחידות,קימברלי קלארק ישראל שיווק בעמ,,,יח,1,,false,1,17.90,17.90,false,1,
7290000197548,false,חיתולים פרידום דריי שלב 5 האגיס 36 יחידות,קימברלי קלארק ישראל שיווק בעמ,,,יח,1,,false,1,41.90,41.90,true,1,
7290000197678,false,חיתולי האגיס פרידום דריי שלב 6 30 יחידות,קימברלי קלארק ישראל שיווק בעמ,,,יח,1,,false,1,41.90,41.90,true,1,
7290000197999,false,רדיד אלומיניום עבה ניקול זוגי 30X7.5מ',קימברלי קלארק ישראל שיווק בעמ,,,יח,1,,false,1,19.90,19.90,false,1,
7290000201818,false,טיטולים פרימיום שלב 2 64 יחידות,קימברלי קלארק ישראל שיווק בעמ,,,יח,1,,false,1,32.90,32.90,true,1,
7290000201832,false,חיתולי פרימיום שלב 3 טיטולים) (50,קימברלי קלארק ישראל שיווק בעמ,,,יח,1,,false,1,32.90,32.90,true,1,
7290000201849,false,חיתולי פרימיום שלב 4 טיטולים) (40,קימברלי קלארק ישראל שיווק בעמ,,,יח,1,,false,1,32.90,32.90,true,1,
7290000201856,false,חיתולי פרימיום שלב 4+ טיטולים) (38,קימברלי קלארק ישראל שיווק בעמ,,,יח,1,,false,1,32.90,32.90,true,1,
7290000201870,false,חיתולי פרימיום שלב 6 טיטולים) (30,קימברלי קלארק ישראל שיווק בעמ,,,יח,1,,false,1,32.90,32.90,true,1,
7290000201979,false,האגיס מגבונים ללא בישום רביעייה מהדורה,קימברלי קלארק ישראל שיווק בעמ,,,יח,1,,false,1,22.90,22.90,false,1,
7290000204147,false,רביעיית כרית יפנית עבה ניקול 4 יחידות,קימברלי קלארק ישראל שיווק בעמ,,,יח,1,,false,1,9.90,9.90,false,1,
7290000204512,false,מטליות לחות לניקוי רצפה בריח לימון ניקול 10 יחידות,קימברלי קלארק ישראל שיווק בעמ,,,יח,0,יח,false,1,9.90,9.90,false,1,
7290000207063,false,רסק עגבניות פריכוז 28% 240 גרם יכין,היינץ צפון אמריקה מק,,,יח,2.60,ל 100 גרם,false,1,4.90,1.88,false,1,
7290000207162,false,רוטב עגבניות מרכיב טבעי 100 ג' יכין,זנלכול יכין,,,יח,1,ל 100 גרם,false,1,2.50,2.50,true,1,
7290000208022,false,עגבניות 2.5 A מרוסקות 850 גרם יכין,זנלכול יכין,,,יח,8,ל 100 גרם,false,1,9.90,1.24,false,1,
7290000208077,false,אפונת גינה גדולה יכין (550 גרם),זנלכול יכין,,,יח,5.60,ל 100 גרם,false,1,7.90,1.41,true,1,
7290000208091,false,אפונה קטנה עדינה יכין 550 גרם,"זנלכל בע""\מ",,,יח,6,ל 100 גרם,false,1,9.90,1.65,false,1,
7290000208114,false,"אפונה וגזר יכין A2 פ""ק בית יוסף",זנלכול יכין,,,יח,6,ל 100 גרם,false,1,7.90,1.32,true,1,
7290000208138,false,סירופ דיאט בטעם ענבים יכין (1 ליטר),זנלכול יכין,,,יח,1,לליטר,false,1,16.90,16.90,false,1,
7290000208176,false,תפוחי אדמה קלופים יכין (550 גרם),"זנלכל בע""מ",,,יח,5.50,ל 100 גרם,false,1,6.90,1.25,false,1,
7290000208213,false,שעועית לבנה אפויה A2 ברוטב עגבניות יכין 560ג',היינץ צפון אמריקה מק,,,יח,6,ל 100 גרם,false,1,7.90,1.32,true,1,
7290000208220,false,שעועית צ`ילי מקסיקני חריף יכין (550 גרם),היינץ צפון אמריקה מק,,,יח,5.50,ל 100 גרם,false,1,8.90,1.62,false,1,
7290000208244,false,"בסיס לשקשוקה יכין A2 פ""ק בית יוסף",זנלכול יכין,,,יח,5.70,ל 100 גרם,false,1,9.50,1.67,true,1,
7290000208251,false,שעועית ירוקה חתוכה יכין (550 גרם),"זנלכל בע""מ",,,יח,6,ל 100 גרם,false,1,7.90,1.32,false,1,
7290000208312,false,גרעיני תירס מתוק בואקום יכין 400 גר',"זנלכל בע""\מ",,,יח,3.25,ל 100 גרם,false,1,6.90,2.12,true,1,
7290000208329,false,גרעיני תירס מתוק יכין (550 גרם),זנלכול יכין,,,יח,5.60,ל 100 גרם,false,1,7.90,1.41,true,1,
7290000208336,false,רסק יכין 240גר 22% יכין בית יוסף,"זנלכל בע""\מ",,,יח,2.40,ל 100 גרם,false,1,3.90,1.63,true,1,
7290000208343,false,עגבניות מרוסקות שום יכין A2.5 בית יוסף,היינץ צפון אמריקה מק,,,יח,9,ל 100 גרם,false,1,9.90,1.10,false,1,
7290000208367,false,עגבניות מרוסקות בזיליקום יכין A2.5 בית יוסף,זנלכול יכין,,,יח,8,ל 100 גרם,false,1,9.90,1.24,false,1,
7290000208404,false,A2 פול מצרי 550 גרם יכין,זנלכול יכין,,,יח,6,ל 100 גרם,false,1,7.90,1.32,false,1,
7290000208428,false,גרגרי חומוס שלם 550 גרם יכין,היינץ צפון אמריקה מק,,,יח,6,ל 100 גרם,false,1,7.90,1.32,true,1,
7290000208459,false,"לקט אפונה, תפוחי אדמה וגזר יכין 550 גרם",זנלכול יכין,,,יח,6,ל 100 גרם,false,1,6.90,1.15,false,1,
7290000208480,false,גרעיני תירס מתוק בטעם חמאה 550 גרם יכין,זנלכול יכין,,,יח,2.60,ל 100 גרם,false,1,8.90,3.42,false,1,
7290000208800,false,תירס קיד גרעיני תירס מתוק יכין (400 גרם),זנלכול יכין,,,יח,5.50,ל 100 גרם,false,1,6.50,1.18,false,1,
7290000208855,false,רוטב לפסטה קלאסי יכין (240 גרם),זנלכול יכין,,,יח,2.40,ל 100 גרם,false,1,5.50,2.29,false,1,
7290000208893,false,גרעיני תירס מתוק לייט 400 גרם יכין,היינץ צפון אמריקה מק,,,יח,3.40,ל 100 גרם,false,1,6.50,1.91,false,1,
7290000208930,false,עגבניות מרוסקות בתוספת שום 240 גרם יכין,זנלכול יכין,,,יח,2.40,ל 100 גרם,false,1,5.50,2.29,false,1,
7290000208947,false,עגבניות מרוסקות יכין (240 גרם),היינץ צפון אמריקה מק,,,יח,2.40,יח,false,1,5.50,2.29,false,1,
7290000208978,false,רוטב עגבניות (10028% גרם)פריכוז יכין,זנלכול יכין,,,יח,1,ל 100 גרם,false,1,2.90,2.90,false,1,
7290000209371,false,מארז גרעיני תירס מתוק יכין (200x3 גרם),היינץ צפון אמריקה מק,,,יח,2.60,ל 100 גרם,false,1,14.90,5.73,false,1,
7290000209388,false,תירס מתוק לייט יכין 200 גרם מארז 3 יח',זנלכול יכין,,,יח,1,,false,1,14.90,14.90,false,1,
7290000209517,false,סירופ דיאט בטעם לימון יכין (1 ליטר),היינץ צפון אמריקה מק,,,יח,1,לליטר,false,1,16.90,16.90,false,1,
7290000209555,false,סירופ דיאט בטעם תפוחים יכין 1 ליטר,זנלכול יכין,,,יח,1,לליטר,false,1,16.90,16.90,false,1,
7290000209708,false,עגבניות מרוסקות עם בזיליקום יכין 240 גרם,היינץ צפון אמריקה מק,,,יח,2.60,ל 100 גרם,false,1,5.50,2.12,false,1,
7290000209722,false,רוטב עגבניות 28% יכין (580 גרם)פריכוז,"זנלכל בע""\מ",,,יח,5.80,ל 100 גרם,false,1,9.90,1.71,false,1,
7290000210469,false,עגבניות שלמות מקולפות יכין (800 גרם),זנלכול יכין,,,יח,6,ל 100 גרם,false,1,9.90,1.65,false,1,
7290000210896,false,רוטב לפסטה בולונז 240 גרם יכין,זנלכול יכין,,,יח,2.60,ל 100 גרם,false,1,5.50,2.12,false,1,
7290000211169,false,"אורז תאילנדי אחד אחד סוגת 1 ק""ג",האי נאם סי או אל.טי.,,,יח,10,ל 100 גרם,false,1,6.90,0.69,false,1,
7290000211312,false,סוגת אורז מלא פרסי אחד אחד 1 קג,האי נאם סי או אל.טי.,,,יח,10,ל 100 גרם,false,1,7.90,0.79,false,1,
7290000211374,false,"קמח חיטה מלא סוגת 1 ק""ג",טחנת קמח דגן-שטיבל,,,יח,10,ל 100 גרם,false,1,6.90,0.69,false,1,
7290000211442,false,אורז בסגנון פרסי קלאסי סוגת (1 קג),האי נאם סי או אל.טי.,,,יח,10,ל 100 גרם,false,1,10.90,1.09,true,1,
7290000211503,false,סוכר לבן ארוז בשקית,"סוגת תעשיות בע""\מ",,,יח,10,ל 100 גרם,false,10,3.90,0.39,false,1,
7290000211626,false,חיש אורז אחד אחד 1 קג,"סוגת תעשיות בע""\מ",,,יח,10,ל 100 גרם,false,1,7.90,0.79,false,1,
7290000211985,false,אורז עגול ריזוטו אחד אחד 1 קג,"סוגת תעשיות בע""\מ",,,יח,10,ל 100 גרם,false,1,9.90,0.99,false,1,
7290000212401,false,וופל שוקו מנעמים מצופית 400 גרם*,ח.כהן סוכנות מזון ומשקאות,,,יח,4,ל 100 גרם,false,1,7.90,1.98,false,1,
7290000212579,false,וופלים מצופים מנעמים 800 גרם מארז 40 יחידות,ח.כהן סוכנות מזון ומשקאות בע,,,יח,8,ל 100 גרם,false,1,16.90,2.11,false,1,
7290000226514,false,עוגת דובוש טעם ריבת חלב קפולסקי 450 גרם,תופינים מקבוצת קפולסקי,,,יח,4.50,ל 100 גרם,false,1,39.90,8.87,false,1,
7290000226613,false,עוגת דובוש מצופה שוקולד קפולסקי 450 גרם,תופינים מקבוצת קפולסקי,,,יח,1,"לק""ג",false,1,39.90,39.90,false,1,
7290000238029,false,"בצק עלים צרפתי מרודד מעדנות 1 ק""ג",תנובה מרכז שיתופי לשיווק תוצרת,,,ל 100 גרם,1,"לק""ג",false,1,17.90,17.90,false,1,
7290000238036,false,מלאווח מעדנות 6 יח`700 גרם קפוא,תנובה מרכז שיתופי לשיווק תוצרת,,,יח,7,יח,false,1,13.90,1.99,false,1,
7290000238173,false,.בורקס במילוי גבינה 800 גרם מעדנות,מיוצר עי קונדיטוריית,,,ל 100 גרם,8,ל 100 גרם,false,1,19.90,2.49,false,1,
7290000238180,false,בורקס במילוי תפוא 800 גרם מעדנות,מיוצר עי קונדיטוריית,,,ל 100 גרם,8,ל 100 גרם,false,1,16.90,2.11,false,1,
7290000240541,false,ריבועי בצק עלים מעדנות 800 גרם,תנובה מרכז שיתופי לשיווק תוצרת,,,ל 100 גרם,8,ל 100 גרם,false,1,22.90,2.86,false,1,
7290000244051,false,"הוואי שלישיית סבון נוזלי משב טרופי 500 מ""ל",טרופיקל דגיל,,,יח,1.50,לליטר,false,1,15.90,10.60,true,1,
7290000244082,false,"הוואי שלישיית סבון נוזלי שמיים כחולים 500 מ""ל",טרופיקל דגיל,,,יח,1.50,לליטר,false,1,15.90,10.60,true,1,
7290000244143,false,קרם הוואי לאחר גילוח+ לחות 120 מ``ל,טרופיקל דגיל קוסמטיק,,,יח,1.20,ל 100 גרם,false,1,19.90,16.58,true,1,
7290000244761,false,קרם ידיים ולוטה (80 גרם),טרופיקל דגיל קוסמטיק,,,יח,1,"ל 100 מ""ל",false,1,11.90,11.90,true,1,
7290000245072,false,סוד מרכך כביסה בייבי סנסטיב 4 ליטר,גורי שיווק בעמ,,,יח,4,לליטר,false,1,16.90,4.23,false,1,
7290000245089,false,סוד סופט מרכך כביסה סגול 4 ליטר,גורי שיווק בעמ,,,יח,4,לליטר,false,1,16.90,4.23,false,1,
7290000245157,false,סוד סופט מרכך כביסה סנסיישן 4 ליטר,גורי שיווק בעמ,,,יח,40,"ל 100 ס""מ",false,1,16.90,0.42,false,1,
7290000245782,false,סוד סופט מרכך כביסה ורוד 4 ליטר,גורי שיווק בעמ,,,יח,40,"ל 100 ס""מ",false,1,16.90,0.42,false,1,
7290000245799,false,סוד סופט מרכך כביסה כחול 4 ליטר,גורי שיווק בעמ,,,יח,40,"ל 100 מ""ל",false,1,16.90,0.42,false,1,
7290000253220,false,שוקולדצ`יפס לאפייה 260 גר`אופנהיימר,תה ויסוצקי (ישראל) בעמ,,,יח,2.60,ל 100 גרם,false,1,10.90,4.19,false,1,
7290000253251,false,נטיפי שוקולד צ`יפס לבן לאפיה 250 גרם,תה ויסוצקי (ישראל) בעמ,,,יח,2.50,ל 100 גרם,false,1,10.90,4.36,false,1,
7290000253374,false,מיני שוקולד צ`יפס 66% מוצקי קקאו אופנהיי,תה ויסוצקי (ישראל) בעמ,,,יח,2.50,ל 100 גרם,false,1,14.90,5.96,false,1,
7290000253459,false,נטיפי צ'יפס בטעם קרמל אופנהיימר 250 גרם,תה ויסוצקי (ישראל)בעמ,,,יח,2.50,ל 100 גרם,false,1,10.90,4.36,false,1,
7290000262161,false,נייר טואלט לב אדום 40 גלילים מולט,קימברלי קלארק ישראל שיווק בעמ,,,יח,40,למארז,false,1,38.90,0.97,false,1,
7290000262239,false,נייר טואלט מולט 48 גלילים,קימברלי קלארק ישראל שיווק בעמ,,,יח,27.70,ל 100 גרם,false,1,41.90,1.51,false,1,
7290000272443,false,סירופ דיאט בטעם תפוזים עסיס 1 ליטר,קבוצת אוסם סחר שותפות מוגבלת,,,יח,10,"ל 100 מ""ל",false,1,19.90,1.99,false,1,
7290000272467,false,עסיס פטל דיאט סירופ 1 ליטר,קבוצת אוסם סחר שותפות מוגבלת,,,יח,10,"ל 100 מ""ל",false,1,19.90,1.99,false,1,
7290000272696,false,מיץ לימון טבעי משומר 1 ליטר עסיס כלפ,קבוצת אוסם סחר שותפות מוגבלת,,,יח,10,"ל 100 מ""ל",false,1,10.90,1.09,false,1,
7290000272726,false,חומץ רכיבים רכיבים טבעיים 5% עסיס 1 ליטר,קבוצת אוסם סחר שותפות מוגבלת,,,יח,10,"ל 100 מ""ל",false,1,7.90,0.79,false,1,
7290000286594,false,אבקה לניקוי במיכל לימון X סנו 600 גרם,החברה הדרומית לשיווק בעמ,,,יח,6,ל 100 גרם,false,1,9.90,1.65,false,1,
7290000286877,false,"רב מתכת מנקה מתכות סנו 300 מ""ל",החברה הדרומית לשיווק בעמ,,,יח,3,"ל 100 מ""ל",false,1,24.90,8.30,false,1,
7290000286921,false,סנוקל רסס וכבס תרסיס אקדח 750 מ``ל,החברה הדרומית לשיווק בעמ,,,יח,7.50,"ל 100 מ""ל",false,1,11.90,1.59,false,1,
7290000287102,false,סנו שטיחים קצף לניקוי שטיחים 600 סמק,החברה הדרומית לשיווק בעמ,,,יח,6,"ל 100 מ""ל",false,1,19.90,3.32,false,1,
7290000287195,false,"סנו רהיט ספריי עשיר בווקס להברקה 305 מ""ל",החברה הדרומית לשיווק בעמ,,,יח,3.05,"ל 100 מ""ל",false,1,14.90,4.89,false,1,
7290000287430,false,סנובון צבעוני לאסלה בריח לימון שלישייה,החברה הדרומית לשיווק בעמ,,,יח,1.65,ל 100 גרם,false,1,10.90,6.61,false,1,
7290000287485,false,"שלישיית סנובון לובר לאסלה ""סנו""",החברה הדרומית לשיווק בעמ,,,יח,1.65,ל 100 גרם,false,1,10.90,6.61,false,1,
7290000287492,false,"סנובון נוזל לניקוי אסלות בריח לימון סנו 750 מ""ל",החברה הדרומית לשיווק בעמ,,,יח,7.50,"ל 100 מ""ל",false,1,9.90,1.32,false,1,
7290000288017,false,אקונומיקה בריח לימון סנו ז'אוול 1 ליטר,החברה הדרומית לשיווק בעמ,,,יח,10,"ל 100 מ""ל",false,1,8.90,0.89,false,1,
7290000288024,false,סנו - ז'אוול אקונומיקה בריח לימון 4 ליטר,החברה הדרומית לשיווק בעמ,,,יח,40,"ל 100 מ""ל",false,1,16.90,0.42,false,1,
7290000288031,false,"אקונומיקה תו תקן 4 ליטר ""סנו""",החברה הדרומית לשיווק בעמ,,,יח,4,לליטר,false,1,10.90,2.73,false,1,
7290000288048,false,ז`אוול מרסס לניקוי כללי לבנדר סנו (1 ליט,החברה הדרומית לשיווק בעמ,,,יח,10,"ל 100 מ""ל",false,1,17.90,1.79,false,1,
7290000288086,false,אבקת ניקוי עם אקונומיקה בריח לימון סנו ז'אוול 600 ג',החברה הדרומית לשיווק בעמ,,,יח,6,ל 100 גרם,false,1,10.90,1.82,false,1,
7290000288352,false,"קוטל חרקים וזוחלים K-300 סנו 630 מ""ל",החברה הדרומית לשיווק בעמ,,,יח,6.30,"ל 100 מ""ל",false,1,20.90,3.32,false,1,
7290000288390,false,קוטל זבובים יתושים קיי 600 סנו (500 מל),החברה הדרומית לשיווק בעמ,,,יח,5,"ל 100 מ""ל",false,1,20.90,4.18,false,1,
7290000288642,false,מקסימה מרכך כביסה סנסיטיב בייבי סנו 4 ליטר,החברה הדרומית לשיווק בעמ,,,יח,40,"ל 100 מ""ל",false,1,21.90,0.55,false,1,
7290000289069,false,סנו - ז'אוול מרסס קצף ניקוי בתוספת אקונומיקה בריח לימון 1 ליטר,החברה הדרומית לשיווק בעמ,,,יח,10,"ל 100 מ""ל",false,1,17.90,1.79,false,1,
7290000289236,false,K3 נמלים פיתיון ג'ל - קוטל נמלים בבית ובחצר,החברה הדרומית לשיווק בעמ,,,יח,1,"ל 100 מ""ל",false,1,49.90,49.90,false,1,
7290000289380,false,"סנו - ז'אוול לניקוי אסלות לימון 750 מ""ל",החברה הדרומית לשיווק בעמ,,,יח,7.50,"ל 100 מ""ל",false,1,10.90,1.45,false,1,
7290000289496,false,"סנו - ז'אוול ג'ל קרם לניקוי כללי לימון 750 מ""ל",החברה הדרומית לשיווק בעמ,,,יח,7.50,"ל 100 מ""ל",false,1,10.90,1.45,false,1,
7290000289595,false,"אורביטול משחת שיניים לילדים בטעם תות שדה 145 מ""ל",טרופיקל דגיל תעשיות קוסמ,,,יח,1,ל 100 גרם,false,1,7.90,7.90,false,1,
7290000289748,false,"מסיר שומנים לתנורים פורטה פלוס סנו 750 מ""ל",החברה הדרומית לשיווק בעמ,,,יח,7.50,"ל 100 מ""ל",false,1,13.90,1.85,false,1,
7290000289885,false,"מטהר אוויר ענק אושנבריז סנו פרש 375 מ""ל",החברה הדרומית לשיווק בעמ,,,יח,3.75,"ל 100 מ""ל",false,1,10.90,2.91,false,1,
7290000291932,false,"סנובון נוזל לניקוי אסלה בניחוח לבנדר סנו 750 מ""ל",החברה הדרומית לשיווק בעמ,,,יח,7.50,"ל 100 מ""ל",false,1,9.90,1.32,false,1,
7290000291956,false,סנו אקונומיקה מונבלאן 1 ל,החברה הדרומית לשיווק בעמ,,,יח,1,לליטר,false,1,8.90,8.90,false,1,
7290000291963,false,אקונומיקה סמיכה בריח לימון סנו ז'אוול 1 ליטר,החברה הדרומית לשיווק בעמ,,,יח,10,"ל 100 מ""ל",false,1,8.90,0.89,false,1,
7290000292007,false,K3 פיתיון ג'ל קוטל תיקנים (ג'וקים) בבית ובחצר,החברה הדרומית לשיווק בעמ,,,יח,0.12,ל 100 גרם,false,1,49.90,415.83,false,1,
7290000292137,false,"נוזל לניקוי וטיפול מוצרי עור סנו 500 מ""ל",החברה הדרומית לשיווק בעמ,,,יח,5,"ל 100 מ""ל",false,1,29.90,5.98,false,1,
7290000292311,false,פוליויקס נוזל רצפות בניחוח סחלבים סנו 2 ליטר,החברה הדרומית לשיווק בעמ,,,יח,20,"ל 100 מ""ל",false,1,20.90,1.05,false,1,
7290000292533,false,סנו גל לניקוי כללי על בסיס שמן אורנים 1ל,החברה הדרומית לשיווק בעמ,,,יח,10,"ל 100 מ""ל",false,1,16.90,1.69,false,1,
7290000292564,false,סנו K-2000 תרסיס מיקרו קפסולרי ללא ריח 750 מ”ל,החברה הדרומית לשיווק בעמ,,,יח,7.50,"ל 100 מ""ל",false,1,29.90,3.99,false,1,
7290000292687,false,סנובון מוצק לניקוי אסלה קלאסיק כחול סנו 3 יחידות,החברה הדרומית לשיווק בעמ,,,יח,1.65,ל 100 גרם,false,1,14.90,9.03,false,1,
7290000292915,false,רסס ונגב לניקוי כללי תרסיס סנו (750 מל),החברה הדרומית לשיווק בעמ,,,יח,7.50,"ל 100 מ""ל",false,1,10.90,1.45,false,1,
7290000293073,false,מקסימה מרכך כביסה ביו לבן סנו 4 ליטר,החברה הדרומית לשיווק בעמ,,,יח,40,"ל 100 מ""ל",false,1,21.90,0.55,false,1,
7290000293561,false,"תרסיס להסרת כתמי עובש עם אקונומיקה סנו 750 מ""ל",החברה הדרומית לשיווק בעמ,,,יח,7.50,"ל 100 מ""ל",false,1,14.90,1.99,false,1,
7290000293820,false,"קרמה מן שמפו וג'ל גל רחצה אקטיב בלוק 700מ""ל",החברה הדרומית לשיווק בעמ,,,יח,7,"ל 100 מ""ל",false,1,15.90,2.27,false,1,
7290000293943,false,"מרסס לבן מסיר אבנית 1 ליטר אנטי קאלק ""סנו""",החברה הדרומית לשיווק בעמ,,,יח,10,"ל 100 מ""ל",false,1,17.90,1.79,false,1,
7290000294391,false,נוזל לניקוי כללי בניחוח סחלבים סנו ג'ט 4 ליטר,החברה הדרומית לשיווק בעמ,,,יח,4,לליטר,false,1,17.90,4.48,false,1,
7290000294773,false,אקונומיקה בריח לבנדר סנו ז'אוול 4 ליטר,החברה הדרומית לשיווק בעמ,,,יח,4,לליטר,false,1,16.90,4.23,false,1,
7290000294780,false,אקונומיקה סמיכה בריח לימון סנו ז'אוול 4 ליטר,החברה הדרומית לשיווק בעמ,,,יח,40,"ל 100 מ""ל",false,1,16.90,0.42,false,1,
7290000295367,false,"מקסימה אבקת כביסה אפקט ז'אוול סנו 2.5 ק""ג",החברה הדרומית לשיווק בעמ,,,יח,25,ל 100 גרם,false,1,24.90,1,false,1,
7290000295541,false,רב מגבת ג'מבו סנו סושי 75 יחידות,החברה הדרומית לשיווק בעמ,,,יח,3.90,ל 100 גרם,false,1,19.90,5.10,false,1,
7290000295572,false,"מארז זוגי מנקה אסלות 00 סנו 750 מ""ל",החברה הדרומית לשיווק בעמ,,,יח,1.50,לליטר,false,1,16.90,11.27,false,1,
7290000295589,false,טלק לתינוק בייבי כיף 200 גרם,החברה הדרומית לשיווק בעמ,,,יח,2,ל 100 גרם,false,1,14.90,7.45,false,1,
7290000300900,false,שניצל תירס מרכיבים טבעיים טבעול 750 גרם,קבוצת אוסם סחר שותפות מוגבלת,,,ל 100 גרם,7.50,ל 100 גרם,false,1,27.90,3.72,true,1,
7290000303581,false,פול מצרי פרי הגליל 560 גרם,ויטה- פרי גליל (החדשה) בעמ,,,יח,5.60,ל 100 גרם,false,1,6.90,1.23,false,1,
7290000303598,false,שעועית לבנה ברוטב עגבניות פרי הגליל 570 גרם,ויטה- פרי גליל (החדשה) בעמ,,,יח,5.80,ל 100 גרם,false,1,6.90,1.19,true,1,
7290000303604,false,חומוס גרגירים A2 פרי גליל 550ג',ויטה- פרי גליל (החדשה) בעמ,,,יח,5.50,ל 100 גרם,false,1,6.90,1.25,true,1,
7290000307015,false,אפונת גינה בינונית פרי הגליל 550 גרם,ויטה- פרי גליל (החדשה) בעמ,,,יח,5.50,ל 100 גרם,false,1,6.90,1.25,true,1,
7290000307046,false,אפונת גינה וגזר פרי הגליל 550 גרם,ויטה- פרי גליל (החדשה) בעמ,,,יח,5.50,ל 100 גרם,false,1,6.90,1.25,true,1,
7290000307220,false,גרעיני תירס מתוק בואקום פרי הגליל 285 גרם,ויטה- פרי גליל (החדשה) בעמ,,,יח,4.50,ל 100 גרם,false,1,4.90,1.09,false,1,
7290000307237,false,גרעיני תירס מתוק פרי הגליל 550 גרם,ויטה- פרי גליל (החדשה) בעמ,,,יח,5.50,ל 100 גרם,false,24,6.90,1.25,true,1,
7290000307800,false,פול ירוק מוקפא פרי גליל 800ג',ויטה פרי גליל (החדשה) בע`מ,,,יח,8,ל 100 גרם,false,1,11.90,1.49,false,1,
7290000311128,false,עוגיות מובחרות בטעם חמאה מן (300 גרם),רוקחמן בעמ מפעל לייצור ופלים ו,,,יח,3,ל 100 גרם,false,1,6.90,2.30,false,1,
7290000311135,false,מן עוגיות סטיקס בטעם שוקולד 300 גרם*,ח.כהן סוכנות מזון ומשקאות בע,,,יח,3,ל 100 גרם,false,1,6.90,2.30,false,1,
7290000311180,false,ופל ופליתעשיריות מן 250 גרם מארז 10 יחידות,ח.כהן סוכנות מזון ומשקאות בע,,,יח,2.50,ל 100 גרם,false,1,7.50,3,false,1,
7290000311203,false,"וופלים בטעם שוקולד ""מן"" 200 גרם",רוקחמן בעמ מפעל לייצור ופלים ו,,,יח,2,ל 100 גרם,false,1,4.30,2.15,false,1,
7290000311210,false,"וופלים בטעם לימון ""מן"" 200 גרם",רוקחמן בעמ מפעל לייצור ופלים ו,,,יח,2,ל 100 גרם,false,1,4.30,2.15,false,1,
7290000311227,false,"וופלים במילוי קרם קפה ""מן"" 200 גרם",ח.כהן סוכנות מזון ומשקאות בע,,,יח,2,ל 100 גרם,false,1,4.30,2.15,false,1,
7290000311234,false,וופל מן בטעם וניל 200 גרם,ח.כהן סוכנות מזון ומשקאות בע,,,יח,2,ל 100 גרם,false,1,4.30,2.15,false,1,
7290000311258,false,מן וופל מצופה שוקולד 250 גרם,"רוקחמן בע""מ",,,יח,2.50,ל 100 גרם,false,1,5.90,2.36,false,1,
7290000311319,false,"מן וופלים מצופים 10 יח' 1 ק""ג",רוקחמן בעמ מפעל לייצור ופלים ו,,,יח,10,ל 100 גרם,false,1,22.90,2.29,false,1,
7290000311357,false,מן וופלים בטעם אגוזים 10*28 גר-נ.ל.פ,ח.כהן סוכנות מזון ומשקאות בע,,,יח,2.80,ל 100 גרם,false,1,10.90,3.89,false,1,
7290000311425,false,ופל מצופה עשיריות מן 220 גרם מארז 10 יחידות,רוקחמן בעמ מפעל לייצור ופלים ו,,,יח,2.20,ל 100 גרם,false,1,7.50,3.41,false,1,
7290000311500,false,וופלים מן שוקו ללא כולסטרול 500 גרם,רוקחמן בעמ מפעל לייצור ופלים ו,,,יח,5,ל 100 גרם,false,1,8.90,1.78,false,1,
7290000311517,false,מן וופלים בטעם לימון 500 גרם,ח.כהן סוכנות מזון ומשקאות בע,,,יח,5,יח,false,1,8.90,1.78,false,1,
7290000311708,false,מן עוגיות מחיטה מלאה 300 גרם*נ.ל.פ,רוקחמן בעמ מפעל לייצור ופלים ו,,,יח,3,ל 100 גרם,false,1,6.90,2.30,false,1,
7290000311715,false,מן עוגיות כוכבים בטעם שוקולד 300 גרם*נ.ל.פ,רוקחמן בעמ מפעל לייצור ופלים ו,,,יח,3,ל 100 גרם,false,1,6.90,2.30,false,1,
7290000311722,false,"עוגיות בטעם וניל עם כוכבים ""מן"" 300 גרם",רוקחמן בעמ מפעל לייצור ופלים ו,,,יח,3,ל 100 גרם,false,1,6.90,2.30,false,1,
7290000313160,false,זהבה ושלושת הדובים עוגיות בטעם שוקולד אסם 350 גרם,קבוצת אוסם סחר שותפות מוגבלת,,,יח,2.50,ל 100 גרם,false,1,7.90,3.16,false,1,
7290000313184,false,עוגיות חברים גן חיות וניל אסם 250 גר',קבוצת אוסם סחר שותפות מוגבלת,,,יח,2.50,ל 100 גרם,false,1,7.90,3.16,false,1,
7290000313290,false,אסם נודלס נודלס איטריות מסולסלות 200גר,קבוצת אוסם סחר שותפות מוגבלת,,,יח,2,ל 100 גרם,false,1,8.90,4.45,false,1,
7290000315126,false,קנור ציר עוף משחתי 300 ג,יוניליוור ישראל שיווק בע`מ,,,יח,3,ל 100 גרם,false,12,25.90,8.63,false,1,
7290000318127,false,נקניקיות ביס יחיעם (380 גרם),מעדני יחיעם (1993) בעמ,,,יח,3.80,ל 100 גרם,false,1,10.90,2.87,false,1,
7290000318189,false,פסטרמה ברביקיו על האש 300 גרם יחיעם,מעדני יחיעם ( 1993 ) בע`מ,,,יח,3,ל 100 גרם,false,1,28.90,9.63,false,1,
7290000318363,false,פסטרמה ברבקיו לבגט יחיעם,מעדני יחיעם (1993) בעמ,,,ל 100 גרם,10,ל 100 גרם,true,1,69,6.90,true,1,
7290000318479,false,נקניק פרושוטו בקר יחיעם 100 גרם,מעדני יחיעם ( 1993 ) בע`מ,,,יח,1,ל 100 גרם,false,1,26.90,26.90,false,1,
7290000318677,false,נקניק סלמי סרוולט יחיעם 150 גרם,מעדני יחיעם (1993) בעמ,,,יח,1.50,ל 100 גרם,false,1,26.90,17.93,false,1,
7290000318707,false,נקניק סלמי מעושן יחיעם 500 גרם,מעדני יחיעם ( 1993 ) בע`מ,,,יח,5,ל 100 גרם,false,1,34.90,6.98,true,1,
7290000318738,false,נקניק עוף אריזה אדומה 450 ג' יחיעם,מעדני יחיעם (1993) בעמ,,,יח,4.50,ל 100 גרם,false,1,11.90,2.64,false,1,
7290000319063,false,כתף בקר מפולפל יחיעם 150 גרם,מעדני יחיעם (1993) בעמ,,,יח,1.50,ל 100 גרם,false,1,27.90,18.60,false,1,
7290000319124,false,סלמי סרוולט מאפ יחיעם 250 גרם,מעדני יחיעם ( 1993 ) בע`מ,,,יח,2.50,ל 100 גרם,false,1,35.90,14.36,false,1,
7290000319131,false,נקניקיות עוף יחיעם 400 גרם,מעדני יחיעם (1993) בעמ,,,יח,4,ל 100 גרם,false,1,10.90,2.73,false,1,
7290000319247,false,נקניק פריזר שלם 600 גרם יחיעם,מעדני יחיעם (1993) בעמ,,,יח,5,ל 100 גרם,false,1,10.90,2.18,false,1,
7290000319339,false,סלמי פרח יחיעם,מעדני יחיעם (1993) בעמ,,,ל 100 גרם,10,ל 100 גרם,true,1,98,9.80,false,1,
7290000319520,false,נקניק סלמי צרפתי יחיעם 100 גרם,מעדני יחיעם (1993) בעמ,,,יח,1,ל 100 גרם,false,1,19.90,19.90,false,1,
7290000319803,false,קבנוס קלאסי יחיעם (125 גרם),מעדני יחיעם ( 1993 ) בע`מ,,,יח,1.25,ל 100 גרם,false,1,13.90,11.12,true,1,
7290000319834,false,קבנוס פפרוני יחיעם (125 גרם),מעדני יחיעם ( 1993 ) בע`מ,,,יח,1.25,ל 100 גרם,false,1,13.90,11.12,true,1,
7290000334684,false,תפוגן טבעות בצל לתנור 700 גרם,קבוצת אוסם סחר שותפות מוגבלת,,,יח,0.70,"לק""ג",false,1,17.90,25.57,false,1,
7290000339191,false,רן אבקת הלבנה לכביסה 350 גרם,יוניליוור ישראל שיווק בע`מ,,,יח,3.50,ל 100 גרם,false,1,17.90,5.11,false,1,
7290000339566,false,מרכך כביסה ורוד בדין (4 ליטר),יוניליוור ישראל שיווק בע`מ,,,יח,40,"ל 100 מ""ל",false,1,19.80,0.50,false,1,
7290000339849,false,משחת קלין להדחת כלים ולניקיון כללי בניחוח סמדר,יוניליוור ישראל שיווק בע`מ,,,יח,3.50,"לק""ג",false,1,26.90,7.69,false,1,
7290000339887,false,"משחת כלים סיף קלין לימון 5 3 ק""ג",יוניליוור ישראל שיווק בע`מ,,,יח,3.50,"לק""ג",false,1,26.90,7.69,false,1,
7290000341071,false,בדין - מרכך כביסה בייבי לבן 2 ליטר,"יוניליוור ישראל שיווק בע""מ",,,יח,2,לליטר,false,1,14.90,7.45,false,1,
7290000342832,false,מרכך כביסה צהוב בדין (4 ליטר),יוניליוור ישראל שיווק בע`מ,,,יח,40,"ל 100 מ""ל",false,1,19.80,0.50,false,1,
7290000342856,false,מרכך כביסה כחול בדין (4 ליטר),יוניליוור ישראל שיווק בע`מ,,,יח,40,"ל 100 מ""ל",false,1,19.80,0.50,false,1,
7290000345055,false,תה עלים ארל גריי ויסוצקי 100 גרם,תה ויסוצקי (ישראל) בעמ,,,יח,1,ל 100 גרם,false,1,13.90,13.90,false,1,
7290000345116,false,תה ירוק עלים ויסוצקי (125 גרם),תה ויסוצקי (ישראל) בעמ,,,יח,1.25,ל 100 גרם,false,1,14.90,11.92,false,1,
7290000345215,false,תה כחול קלאסיק ויסוצקי 100 יחידות,תה ויסוצקי (ישראל) בעמ,,,יח,1,ל 100 גרם,false,1,16.90,16.90,false,1,
7290000345260,false,תה קלאסיק מעטפות ויסוצקי 25 יחידות,תה ויסוצקי (ישראל) בעמ,,,יח,0.3750,ל 100 גרם,false,1,6.90,18.40,false,1,
7290000345277,false,תה קלאסיק מעטפות ויסוצקי 50 יחידות,תה ויסוצקי (ישראל)בעמ,,,יח,0.75,ל 100 גרם,false,1,12.90,17.20,false,1,
7290000345291,false,תה ארל גרי 1.5/ 25 שקיקים ויסוצקי,תה ויסוצקי (ישראל) בעמ,,,יח,0.3750,ל 100 גרם,false,1,15.90,42.40,true,1,
7290000345307,false,תה ארל גרי 1.5/ 50 שקיקים ויסוצקי,תה ויסוצקי (ישראל) בעמ,,,יח,0.75,ל 100 גרם,false,1,27.90,37.20,true,1,
7290000345536,false,תה נענע 1.5/ 25 שקיקים ויסוצקי,תה ויסוצקי (ישראל) בעמ,,,יח,0.3750,ל 100 גרם,false,1,16.90,45.07,false,1,
7290000346120,false,חליטת קינמון הגן הקסום ויסוצקי 25 יחידות,תה ויסוצקי (ישראל) בעמ,,,יח,0.6250,ל 100 גרם,false,1,17.90,28.64,true,1,
7290000346137,false,חליטת הילולי פירות הגן הקסום ויסוצקי 25 יחידות,תה ויסוצקי (ישראל) בעמ,,,יח,0.6250,ל 100 גרם,false,1,17.90,28.64,true,1,
7290000346144,false,הגן הקסום תה עינוגי התפוח ויסוצקי 25 יחידות,תה ויסוצקי (ישראל) בעמ,,,יח,0.75,ל 100 גרם,false,1,17.90,23.87,true,1,
7290000346199,false,חליטת פירות יער הגן הקסום ויסוצקי 25 יחידות,תה ויסוצקי (ישראל) בעמ,,,יח,0.6750,ל 100 גרם,false,1,17.90,26.52,true,1,
7290000346205,false,חליטת קמומיל הגן הקסום ויסוצקי 25 יחידות,תה ויסוצקי (ישראל) בעמ,,,יח,0.3750,ל 100 גרם,false,1,17.90,47.73,true,1,
7290000346229,false,הגן הקסום תה ורד הבר והיביסקוס ויסוצקי 25 יחידות,תה ויסוצקי (ישראל) בעמ,,,יח,0.75,ל 100 גרם,false,1,17.90,23.87,true,1,
7290000346960,false,תה ויסוצקי נענע 1.7 גרם 50יח',תה ויסוצקי (ישראל) בעמ,,,יח,15,ל 100 גרם,false,1,29,1.93,false,1,
7290000347738,false,תה ירוק בתוספת עלי נענע 25 שקיקים,תה ויסוצקי (ישראל) בעמ,,,יח,0.3750,ל 100 גרם,false,1,22.90,61.07,true,1,
7290000347752,false,תה ירוק לימונית ולואיזה 25 שקיקים *1.5 ג'' ויסוצקי,תה ויסוצקי (ישראל) בעמ,,,יח,0.3750,ל 100 גרם,false,1,22.90,61.07,true,1,
7290000355382,false,עגבניות מרוסקות בזיליקום טל 800 גרם,ויטה- פרי גליל (החדשה) בעמ,,,יח,8,ל 100 גרם,false,1,7.20,0.90,false,1,
7290000355405,false,עגבניות מרוסקות A2.5 ובצל טל וטרי 800 גר',ויטה- פרי גליל (החדשה) בעמ,,,יח,8,ל 100 גרם,false,1,7.20,0.90,false,1,
7290000355481,false,רסק עגבניות BX22 טומטו 600ג' A2,ויטה- פרי גליל (החדשה) בעמ,,,יח,5.70,ל 100 גרם,false,1,5.90,1.04,false,1,
7290000355498,false,רוטב עגבניות A2 BX28 טומטו 580ג',ויטה- פרי גליל (החדשה) בעמ,,,יח,5.80,ל 100 גרם,false,12,6.50,1.12,false,1,
7290000355757,false,עגבניות מרוסקות טריות טל 800 גרם,ויטה- פרי גליל (החדשה) בעמ,,,יח,8,ל 100 גרם,false,1,7.20,0.90,false,1,
7290000363899,false,נקניקיות פיקנטיות טירת צבי 400 גרם,תנובה ענף ב.ע.ד,,,יח,4,ל 100 גרם,false,1,15.90,3.98,false,1,
7290000364131,false,סלמי פריזר כפרי טירת 400 ג' צבי,תנובה ענף ב.ע.ד,,,יח,4,ל 100 גרם,false,1,17.90,4.48,false,1,
7290000364858,false,"נקניקיות עוף טרי טירת צבי 1 ק""ג",הנסיך- מפעל לייצור ט,,,יח,1,"לק""ג",false,1,24.90,24.90,false,1,
7290000367590,false,פסטרמה כפרית וסלמי פריזר כפרי טירת צבי 2*400 גרם,תנובה מרכז שיתופי לשיווק תוצרת,,,יח,8,ל 100 גרם,false,1,28.90,3.61,false,1,
7290000377445,false,נש צ'אנס קליית גת 200 גרם,ליימן שליסל בעמ,,,יח,2,ל 100 גרם,false,1,7.90,3.95,false,1,
7290000377452,false,גרעיני אבטיח קלויים ומלוחים קלית גת 200,הדקלאים אגודת שיתופי,,,יח,2,ל 100 גרם,false,1,11.90,5.95,false,1,
7290000379258,false,"חלה מתוקה קונדטוריה ארוזה ""אנג'ל""",מאפיית שלמה א. אנג'\ל בע,,,יח,5,ל 100 גרם,false,1,15.90,3.18,false,1,
7290000379654,false,"חלה חשופה קלועה ""אנג'ל"" -מוצר בפיקוח",שלמה א.אנג ל בעמ,,,יח,5,ל 100 גרם,false,1,6.70,1.34,false,1,
7290000408316,false,יוגורט דנונה דל לקטוז 200 גרם,שטראוס גרופ בעמ/מצונן,,,יח,2,"ל 100 מ""ל",false,1,3.50,1.75,false,1,
7290000408354,false,יוגורט עם אורז מצופה שוקולד קקאו 175 ג' דנונה,שטראוס גרופ בעמ/מצונן,,,יח,1.75,"ל 100 מ""ל",false,1,4.50,2.57,false,1,
7290000412481,false,נוזל לניקוי אסלות 00 סנו (1 ליטר),החברה הדרומית לשיווק בעמ,,,יח,10,"ל 100 מ""ל",false,1,7.90,0.79,false,1,
7290000416021,false,ממרח בטעם שוקולד השחר העולה (500 גרם),השחר העולה תעשית ממתקים בעמ,,,יח,5,ל 100 גרם,false,1,12.90,2.58,false,1,
7290000416045,false,ממרח בטעם שוקולד השחר העולה (1 קג),השחר העולה תעשית ממתקים בעמ,,,יח,1,"לק""ג",false,1,24.90,24.90,false,1,
7290000416076,false,"צימקאו לאפייה וציפוי השחר 400 גרם כשל""פ",השחר העולה תעשית ממתקים בעמ,,,יח,4,ל 100 גרם,false,1,12.70,3.18,false,1,
7290000416618,false,"ממרח שוקולד פרווה השחר 400 גרם כשל""פ",השחר העולה תעשית ממתקים בעמ,,,יח,4,ל 100 גרם,false,1,11.90,2.98,false,1,
7290000416632,false,"ממרח שוקולד פרווה השחר 1 ק""ג כשל""פ",השחר העולה תעשית ממתקים בעמ,,,יח,1,"לק""ג",false,1,23.90,23.90,false,1,
7290000416854,false,אבקת קקאו השחר העולה (150 גרם),השחר העולה תעשית ממתקים בעמ,,,יח,1.50,ל 100 גרם,false,1,9.90,6.60,false,1,
7290000419220,false,לנדוור כחול המקורי קפה טחון טורקי 3*100 גרם 16 יח',ש.שסטוביץ בעמ,,,יח,3,ל 100 גרם,false,1,18.90,6.30,false,1,
7290000420325,false,"פופסטאר פופקורן למקירוגל בטעם טבעי 5 שקיות,500 גרם",פרסטון פארמס,,,יח,5,ל 100 גרם,false,1,13.90,2.78,true,1,
7290000420332,false,פופסטאר פופקורן למיקרוגל בטעם חמאה 5 יחידות 500 גרם,פרסטון פארמס,,,יח,5,ל 100 גרם,false,1,13.90,2.78,true,1,
7290000436203,false,עוגיות שוקו ציפ'ס בר-מן 200 גרם,ח.כהן סוכנות מזון ומשקאות בע,,,יח,2,ל 100 גרם,false,1,4.90,2.45,true,1,
7290000436616,false,דובשניות בשקית 180 גר',ח.כהן סוכנות מזון ומשקאות בע,,,יח,4,ל 100 גרם,false,1,4.90,1.23,true,1,
7290000446325,false,תרכיז תפוחים בטר אנד דיפרנט 1.2 ליטר,"בטר אנד דיפרנט בע""מ",,,יח,5,"ל 100 מ""ל",false,1,45.90,9.18,false,1,
7290000446523,false,ממרח בוטנים מתוק בטר אנד דיפרנט 350 גרם,בטר אנד דיפרנט בעמ,,,יח,3.50,ל 100 גרם,false,1,13.90,3.97,false,1,
7290000446547,false,חמאת בוטנים טבעית בטר אנד דיפרנט 350 גרם,"בטר אנד דיפרנט בע""מ",,,יח,3.50,ל 100 גרם,false,1,13.50,3.86,false,1,
7290000446554,false,"חמאת בוטנים טבעית בטר אנד דיפרנט 1 ק""ג",בטר אנד דיפרנט בעמ,,,יח,10,ל 100 גרם,false,1,28.90,2.89,false,1,
7290000446776,false,פיצפוצי אורז מלא ללא סוכר ומלח בשקית 450 גרם,בטר אנד דיפרנט בעמ,,,יח,4.50,ל 100 גרם,false,1,18.90,4.20,false,1,
7290000446790,false,גרנולה עם צימוקים 400 גרם,בטר אנד דיפרנט בעמ,,,יח,4,ל 100 גרם,false,1,10.90,2.73,false,1,
7290000446851,false,ממרח חלווה ודבש 350 ג' בי&די,בטר אנד דיפרנט בעמ,,,יח,3.50,ל 100 גרם,false,1,11.90,3.40,false,1,
7290000449128,false,סיף פנטסטיק לימון ניקוי רב תכליתי 4ל',יוניליוור ישראל שיווק בע`מ,,,יח,40,"ל 100 מ""ל",false,1,19.90,0.50,false,1,
7290000450209,false,נתחי טונה בהירה בשמן פוסידון (108 גרם),נטו מלינדה סחר בע`מ,,,יח,1.80,ל 100 גרם,false,1,5.70,3.17,false,1,
7290000453019,false,שמרים טריים לאפייה שקית שמרית 50 ג',שטראוס גרופ בעמ/מצונן,,,יח,0.50,ל 100 גרם,false,1,4.90,9.80,false,1,
7290000453125,false,שמרית שמרים טריים לאפיה +משפר אפיה 100ג,שטראוס גרופ בעמ/מצונן,,,יח,1,ל 100 גרם,false,1,7.90,7.90,false,1,
7290000453330,false,תמי תערובת לעוגה וניל ללא גלוטן500 גר`,י.איטליאנו אחזקות בעמ,,,יח,5,ל 100 גרם,false,1,18.90,3.78,false,1,
7290000453408,false,בצק פיצה דק מצונן ומוכן לאפייה שמרית 415 גרם,שטראוס גרופ בעמ/מצונן,,,יח,3,ל 100 גרם,false,1,17.50,5.83,false,1,
7290000453415,false,בצק עלים מצונן ומוכן לאפייה שמרית 300 גרם,שטראוס גרופ בעמ/מצונן,,,יח,3,ל 100 גרם,false,1,16.50,5.50,true,1,
7290000453422,false,בצק פילו מצונן ומוכן לאפייה שמרית 300 גרם,שטראוס גרופ בעמ/מצונן,,,יח,3,ל 100 גרם,false,1,16.50,5.50,true,1,
7290000453484,false,בצק קדאיף לאפייה שמרית 350 גרם,שטראוס גרופ בעמ/מצונן,,,יח,3.50,ל 100 גרם,false,1,16.90,4.83,false,1,
7290000453781,false,שמרים יבשים שמרית 125 גרם,"פאקא תעשיות בע""מ",,,יח,0.1250,ל 100 גרם,false,1,5.90,47.20,false,1,
7290000453798,false,שמרית שמרים יבשים אקטיביים 500 גר',"גי' בי' רכיבים בע""מ",,,יח,5,ל 100 גרם,false,1,13.90,2.78,false,1,
7290000453866,false,נטורינה תחליף מרגרינה לבישול ואפיה קוקוס שמרית 200 גרם,שטראוס גרופ בעמ/מצונן,,,יח,2,ל 100 גרם,false,1,7.90,3.95,false,1,
7290000453880,false,מרגרינה ללא מלח לאפיה ובישול שמרית 200גר,שטראוס גרופ בעמ (ח),,,יח,2,ל 100 גרם,false,1,5.50,2.75,false,1,
7290000453897,false,מרגרינה בטעם חמאה שמרית 200 גרם,גרונבאנג- גרונדנסק א,,,יח,2,ל 100 גרם,false,1,6.50,3.25,false,1,
7290000461625,false,בייגלה שמיניות מלח בייגל בייגל 400 ג',יוניליוור ישראל שיווק בע`מ,,,יח,4,ל 100 גרם,false,1,9.90,2.48,true,1,
7290000461656,false,בייגלה מקלות מלוחים בייגל בייגל 400 גרם,יוניליוור ישראל שיווק בע`מ,,,יח,4,ל 100 גרם,false,1,9.90,2.48,true,1,
7290000461700,false,בייגלה שמיניות גדולות מלוחות 400 גרם,יוניליוור ישראל שיווק בע`מ,,,יח,4,ל 100 גרם,false,1,11.90,2.98,true,1,
7290000461724,false,בייגלה שמיניות גדולות שומשום בייגל בייגל,"יוניליוור ישראל שיווק בע""מ",,,יח,4,ל 100 גרם,false,1,12.90,3.23,true,1,
7290000461793,false,בייגלה ארוך ארוך סידרה ירוקה בייגל בייגל 150 גרם,יוניליוור ישראל שיווק בע`מ,,,יח,1.50,ל 100 גרם,false,1,5.90,3.93,false,1,
7290000462103,false,סחוג תימני אדום חריף עדין זהבי הכרם 150 גרם,שטראוס גרופ בעמ/מצונן,,,יח,1.50,ל 100 גרם,false,1,7.90,5.27,false,1,
7290000462172,false,סחוג זחוק ירוק תימני חריף זהבי (150 גרם),שטראוס גרופ בעמ/מצונן,,,יח,1.40,ל 100 גרם,false,1,7.90,5.64,false,1,
7290000462981,false,סחוג זחוק חריף אש זהבי (150 גרם),שטראוס גרופ בעמ/מצונן,,,יח,1.50,ל 100 גרם,false,1,9.90,6.60,false,1,
7290000467320,false,מלך החומוס אבו מרוואן 400 גרם,קבוצת אוסם סחר שותפות מוגבלת,,,יח,4,ל 100 גרם,false,1,12.90,3.23,true,1,
7290000474090,false,"חלב בקרטון 1%- 1 ליטר בד""צ - מוצר בפיקוח",החברה המרכזית טלהפצת משקאות בע,,,יח,10,לליטר,false,1,5.86,0.59,false,1,
7290000474373,false,"שמנת חמוצה 15% שומן 200 מ""ל טרה",החברה המרכזית טלהפצת משקאות בע,,,יח,2,"ל 100 מ""ל",false,1,2.40,1.20,false,1,
7290000474502,false,גבינה לבנה טרה 5% מרכיבים טבעיים,החברה המרכזית טלהפצת משקאות בע,,,יח,2.50,ל 100 גרם,false,1,4.98,1.99,false,1,
7290000474540,false,טוב טעם גבינה לבנה 3% טרה 250 גרם,החברה המרכזית טלהפצת משקאות בע,,,יח,2.50,ל 100 גרם,false,1,12.50,5,true,1,
7290000474830,false,נעם גבינה צהובה מגורדת 28% טרה 500 גרם,החברה המרכזית טלהפצת משקאות בע,,,יח,5,ל 100 גרם,false,1,31.90,6.38,false,1,
7290000480107,false,קוואקר שיבולת שועל פחית 500 גרם,שטראוס פריטו ליי בעמ,,,יח,5,ל 100 גרם,false,1,14.90,2.98,false,1,
7290000480442,false,קוואקר שיבולת שועל בשקית 500 גרם,שטראוס פריטו ליי בע`מ,,,יח,5,ל 100 גרם,false,1,11.90,2.38,false,1,
7290000481074,false,לחם משלושה קמחים מלאים 750 גר,דגנית עין בר תעשיות מזון ואפיה,,,יח,5,ל 100 גרם,false,1,15.90,3.18,false,1,
7290000484747,false,"ארק עלית 700 מ""ל 40% יקב הגליל*",יקב הגליל יוסף גולד ובניו,,,יח,7,"ל 100 מ""ל",false,1,57.90,8.23,false,1,
7290000493176,false,אסם אבקת רוטב צלי לבשר 22 ג',קבוצת אוסם סחר שותפות מוגבלת,,,יח,0.22,ל 100 גרם,false,1,4.20,19.09,false,1,
7290000493183,false,אבקת רוטב פטריות לבשר-30 גרם,קבוצת אוסם סחר שותפות מוגבלת,,,יח,0.30,ל 100 גרם,false,1,4.40,14.67,false,1,
7290000504025,false,ממתיק סוכרזית פטרייה עלית 300 גרם,אף.סי תבליני בגליל ב,,,יח,2.46,ל 100 גרם,false,1,7.90,3.21,false,1,
7290000504278,false,ממתיק סוכרזית אריזת פטנט 700 טבליות,אף.סי תבליני בגליל ב,,,יח,57.40,ל 100 גרם,false,1,15.90,0.28,false,1,
7290000515014,false,קמח חיטה לבן בהיר באר שבע,טחנות קמח שטיבל בש בעמ,,,יח,10,ל 100 גרם,false,1,5.50,0.55,false,1,
7290000518220,false,ממתיק סוכרה דיאט 100 יחידות,מתוק וקל בעמ,,,יח,1,ל 100 גרם,false,1,25.90,25.90,false,1,
7290000518237,false,סוכרה דיאט אבקת 100 גרם,מתוק וקל בעמ,,,יח,1,ל 100 גרם,false,1,23.90,23.90,false,1,
7290000518251,false,ממתיק זהב מתוק וקל 100 יחידות,מתוק וקל בע`מ,,,יח,1,ל 100 גרם,false,1,11,11,false,1,
7290000521008,false,יין אדום יבש של סגל (750 מל),"כרמי צבי - אחים סגל בע""\",,,יח,7.50,"ל 100 מ""ל",false,1,21.90,2.88,true,1,
7290000521015,false,יין לבן יבש של סגל (750 מל),"מיוצר ע""י כרמי צבי-",,,יח,7.50,"ל 100 מ""ל",false,1,21.90,2.88,true,1,
7290000523125,false,מלח הארץ הים האדום 250 ג' עדין,"חברת מלח הארץ אילת בע""\מ",,,יח,2.50,ל 100 גרם,false,1,5.90,2.36,false,1,
7290000523224,false,מלח הארץ הים האדום 500 ג' עדין,"חברת מלח הארץ אילת בע""\מ",,,יח,5,ל 100 גרם,false,1,7.90,1.58,false,1,
7290000524191,false,עוגיות ר`יפאת מרוקאי 400ג דגן*,שיבולים יצור ושיווק מוצרי מאפה,,,יח,4,ל 100 גרם,false,1,13.90,3.48,false,1,
7290000525969,false,מיץ תפוזים סחוט רכיבים טבעיים פרימור 1 ליטר,שטראוס גרופ בעמ/מצונן,,,יח,1,לליטר,false,1,15.90,15.90,false,1,
7290000530086,false,נקניק סלמי מעושן 7000 זוגלובק (600 גרם),נקניק נהריה כשר זוגל,,,יח,8,ל 100 גרם,false,1,29.90,3.74,false,1,
7290000530109,false,קבנוס זוגי בואקום זוגלובק 180ג',נקניק נהריה כשר זוגל,,,יח,4,ל 100 גרם,false,1,25.90,6.48,false,1,
7290000530116,false,נקניק סלמי מעושן בשן 470 ג' זוגלובק,נקניק נהריה כשר זוגל,,,יח,7,ל 100 גרם,false,1,24.90,3.56,false,1,
7290000530413,false,המבורגר זהב זוגלובק 400 גרם,נקניק נהריה כשר זוגל,,,יח,4,ל 100 גרם,false,1,21.90,5.48,true,1,
7290000530468,false,נקניקיות וניר 1 קג` זוגלובק,זוגלובק שיווק בעמ,,,יח,1,"לק""ג",false,1,25.90,25.90,false,1,
7290000530703,false,פסטרמה חרמון כפרית ונקניק תה מעושן זוגלובק 2*400 גרם,נקניק נהריה כשר זוגל,,,יח,8,ל 100 גרם,false,1,25.90,3.24,true,1,
7290000531601,false,סטייק בורגר בקר זהב 400 גרם קפוא,נקניק נהריה כשר זוגל,,,יח,4,ל 100 גרם,false,1,21.90,5.48,true,1,
7290000531977,false,בורקס במילוי גבינה זוגלובק 800 גרם,נקניק נהריה כשר זוגל,,,יח,8,ל 100 גרם,false,1,13.90,1.74,true,1,
7290000533353,false,"בצק עלים צרפתי 1 ק""ג זוגלובק",מאפיית אריאל וגידרון,,,יח,10,ל 100 גרם,false,1,13.90,1.39,true,1,
7290000536316,false,שניצל מן הצומח זוגלובק (1 קג),נקניק נהריה כשר זוגל,,,יח,10,ל 100 גרם,false,1,29.90,2.99,true,1,
7290000536774,false,"נקניקיות מן הצומח זוגלובק 1ק""ג בד""צ",זוגלובק שיווק בעמ,,,יח,10,ל 100 גרם,false,1,29.90,2.99,true,1,
7290000537566,false,נקניקיות עוף טרי 400 ג' זוגלובק,נקניק נהריה כשר זוגל,,,יח,4,ל 100 גרם,false,1,10.90,2.73,true,1,
7290000537603,false,נקניקיות עוף זוגלובק (1 קג),זוגלובק שיווק בעמ,,,יח,1,"לק""ג",false,1,25.90,25.90,false,1,
7290000538709,false,נקניק סלמי תה מעושן זוגלובק 200 גרם,נקניק זוגלובק נהריה,,,יח,2,ל 100 גרם,false,1,14.90,7.45,false,1,
7290000552118,false,נקניקיות מרגז קפואות טיבון ויל (400 גרם),טיבון ויל אחזקות בעמ,,,יח,4,ל 100 גרם,false,1,19.90,4.98,false,1,
7290000552194,false,קישקע קפוא טיבון ויל (500 גרם),טיבון ויל אחזקות בעמ,,,יח,5,ל 100 גרם,false,1,13.90,2.78,false,1,
7290000552569,false,סטייקבורגר בקר טיבון ויל 400 גרם,"טיבון ויל אחזקות בע""\מ",,,יח,4,ל 100 גרם,false,1,17.90,4.48,true,1,
7290000554402,false,מעדן חלב מלבי גד (160 גרם),מחלבות גד שיווק 1992 בעמ,,,יח,1.60,"ל 100 מ""ל",false,1,5.60,3.50,true,1,
7290000554457,false,גבינה צפתית 5% 350 גרם - רבנות,מחלבות גד שיווק 1992 בעמ,,,יח,3.50,ל 100 גרם,false,1,19.90,5.69,false,1,
7290000554600,false,מוצרלה מגורדת 22 אחוז 300גרם גד מהדרין,מחלבות גד שיווק 1992 בעמ,,,יח,1,,false,1,24.90,24.90,false,1,
7290000554624,false,ירח מתוק מעדן חלב עם אורז 3% גד 150 גרם,מחלבות גד שיווק 1992 בעמ,,,יח,1.50,"ל 100 מ""ל",false,1,5.40,3.60,true,1,
7290000554655,false,מוצרלה מעושנת גד א.ח נוכרי,מחלבות גד שיווק 1992 בעמ,,,ל 100 גרם,10,ל 100 גרם,true,1,81.90,8.19,false,1,
7290000554686,false,גבינת לאבנה בתוספת שמן זית וזעתר 5% גד 250 גרם,מחלבות גד שיווק 1992 בעמ,,,יח,2.50,ל 100 גרם,false,1,14.10,5.64,false,1,
7290000554822,false,ריקוטה גבינה לבנה בסגנון איטלקי 5% גד 250 גרם,מחלבות גד שיווק 1992 בעמ,,,יח,2.50,ל 100 גרם,false,1,13.90,5.56,true,1,
7290000554839,false,מסקרפונה שמנת מתוקה קשה בסגנון איטלקי 40% גד 250 גרם,מחלבות גד שיווק 1992 בעמ,,,יח,2.50,ל 100 גרם,false,1,19.90,7.96,false,1,
7290000560533,false,אדג`פרו ג`ל לגילוח רגיל ירוק 220 מל,אס.סי ג'ונסון ובניו,,,יח,2,ל 100 גרם,false,1,15.90,7.95,true,1,
7290000560540,false,אדג`פרו ג`ל לגילוח עור רגיש כתום220,המאפיה של הרמן,,,יח,2,ל 100 גרם,false,1,15.90,7.95,true,1,
7290000571386,false,המחלבה יוגורמה יוגורט מחלב כבשים 5% 850 גרם,גבינות משק אחים מאיר בית,,,יח,8.50,"ל 100 מ""ל",false,1,24.90,2.93,false,1,
7290000571843,false,המחלבה יוגורמה גביע מחלב עזים 140 גרם,גבינות משק אחים מאיר בית,,,יח,1.40,"ל 100 מ""ל",false,1,5.90,4.21,false,1,
7290000571928,false,"יוגורמה כבשים עם גרעינים, אגוזים וחמוציות ממותקות",מחלבות גד שיווק 1992 בעמ,,,יח,0.20,"ל 100 מ""ל",false,1,5.90,29.50,false,1,
7290000572086,false,טחינה אורגנית אחדות 500 גרם,אחדות ביחר לטחינה חל,,,יח,5,ל 100 גרם,false,1,11.90,2.38,false,1,
7290000572208,false,חלוה בטעם וניל אחווה 100 גרם,שוורצקוף& הנקל דיסלד,,,יח,1,ל 100 גרם,false,1,2.90,2.90,false,1,
7290000572222,false,חלווה בלוק וניל אחוה 500 גרם,שוורצקוף& הנקל דיסלד,,,יח,5,ל 100 גרם,false,1,10.90,2.18,false,1,
7290000572529,false,חלוה עם פיסטוק אחווה 400 גרם,אחדות ביתחרושת לטחינה חלבה,,,יח,4,ל 100 גרם,false,1,11.90,2.98,false,1,
7290000572536,false,אחווה חלווה ווניל במגש 400 גר,אחדות ביתחרושת לטחינה חלבה,,,יח,4,ל 100 גרם,false,1,10.90,2.73,false,1,
7290000572543,false,חלוה בטעם שוקו וניל אחווה 400 גרם,אחדות ביתחרושת לטחינה חלבה,,,יח,4,ל 100 גרם,false,1,10.90,2.73,false,1,
7290000572628,false,חלבה חטיף לייט 25 ג* 11יח קופ`שי אחוה,שוורצקוף& הנקל דיסלד,,,יח,2.75,ל 100 גרם,false,1,12.90,4.69,false,1,
7290000572673,false,חלבה וניל קקאו ואגוזים אחוה (25x12 גרם),שוורצקוף& הנקל דיסלד,,,יח,3,ל 100 גרם,false,12,12.90,4.30,false,1,
7290000572802,false,טחינה אורגנית משומשום מלא אחוה 500 גרם,"אחדות בע""מ א.ת. ברקן",,,יח,5,ל 100 גרם,false,1,11.90,2.38,false,1,
7290000572819,false,"אחוה טחינה גולמית 1 ק""ג בפלסטיק",אחדות ביחר לטחינה חל,,,יח,10,ל 100 גרם,false,1,18.90,1.89,false,1,
7290000604343,false,תמרים פרי שמש 400ג*,שושן (פירות)יבשים בעמ,,,יח,4,ל 100 גרם,false,1,12.90,3.23,false,1,
7290000652894,false,סטייק דג טונה קפוא 100% תנובה,תנובה ענף ב.ע.ד,,,"לק""ג",10,ל 100 גרם,true,1,39.90,3.99,false,1,
7290000688084,false,מי עדן פקק ספורטאים500מל,יפאורה שותפות מוגבלת לשיווק,,,יח,5,"ל 100 מ""ל",false,1,2.80,0.50,false,1,
7290000688114,false,מים מינרלים מי עדן 1.5 ליטר,יפאורה שותפות מוגבלת לשיווק,,,יח,1.50,לליטר,false,1,2.50,1.67,false,1,
7290000688176,false,מי עדן בייבי 330 מל בודד,יפאורה שותפות מוגבלת לשיווק,,,יח,2.50,"ל 100 מ""ל",false,1,2.60,0.92,false,1,
7290000688237,false,שישית מי עדן 1ליטר,יפאורה שותפות מוגבלת לשיווק,,,יח,6,לליטר,false,1,13.70,1.98,false,1,
7290000688374,false,מים מינרלים סמיילי מי עדן (330X6מל),יפאורה שותפות מוגבלת לשיווק,,,יח,15,"ל 100 מ""ל",false,1,14.90,0.87,false,1,
7290000688381,false,מים מינרלים פקק ספורט מי עדן (500x6 מל),יפאורה שותפות מוגבלת לשיווק,,,יח,30,"ל 100 מ""ל",false,1,13.90,0.40,false,1,
7290000688435,false,מי עדן שישיה ס 1ליטר,החברה המרכזית להפצת משקאות בע,,,יח,6,לליטר,false,1,19.90,3.32,false,1,
7290000688503,false,"מים מינרלים פקק ספורט מי עדן 6*750 מ""ל",יפאורה שותפות מוגבלת לשיווק,,,יח,45,"ל 100 מ""ל",false,1,16.90,0.34,false,1,
7290000692135,false,ספיד סטיק דאו בסיסי ירוק א.פ פרש פאוור,קולגייט-פלמוליב,,,יח,0.60,ל 100 גרם,false,1,19.90,33.17,true,1,
7290000692210,false,נוזל לניקוי כללי ורצפות בניחוח לבנדר אג'קס 2 ליטר,הנסיך- מפעל לייצור ט,,,יח,20,"ל 100 מ""ל",false,1,22.90,1.15,true,1,
7290000692456,false,אג'קס חלונות זוג 750*2 מל ספריי ורפיל,הנסיך- מפעל לייצור ט,,,יח,15,"ל 100 מ""ל",false,1,24.90,1.66,false,1,
7290000803067,false,"משחת שיניים לילדים גילאים 6-2 אלמקס 75 מ""ל",הנסיך- מפעל לייצור ט,,,יח,0.75,ל 100 גרם,false,1,16.90,22.53,true,1,
7290000805900,false,"מזון חתולים לה קט עוף 2.85 ק""ג",דיפלומט מפיצים (1968) בעמ**,,,יח,2.85,"לק""ג",false,1,64.90,22.77,false,1,
7290000805917,false,"מזון חתולים לה קט כבד 2.85 ק""ג",דיפלומט מפיצים (1968) בעמ**,,,יח,2.85,ל 100 גרם,false,1,64.90,22.77,false,1,
7290000961804,false,תבלין עמבה,"בכורי השדה צפון1994 ג.ד. בע""מ",,,"לק""ג",10,ל 100 גרם,true,1,12.90,1.29,false,1,
7290000995410,false,נבטים סיניים נבטי העמק,"בכורי השדה צפון1994 ג.ד. בע""מ",,,יח,1,,false,1,5.90,5.90,false,1,
7290001041123,false,שקדים מולבנים פרוסים מיה 100 גרם,מיה תעשיות מזון מ.ת.מ. בעמ,,,יח,1,ל 100 גרם,false,1,9.90,9.90,false,1,
7290001041260,false,שומשום מיה (400 גרם),מיה תעשיות מזון מ.ת.מ. בעמ,,,יח,4,ל 100 גרם,false,1,9.90,2.48,true,1,
7290001041291,false,לקקן סוכריה על מקל 70יח',מיה תעשיות מזון מ.ת.מ. בעמ,,,יח,7.70,ל 100 גרם,false,1,19.90,2.58,true,1,
7290001041659,false,תמרים שקית 400ג מיה,מיה תעשיות מזון מ.ת.מ בעמ,,,יח,4,ל 100 גרם,false,1,7.90,1.98,false,1,
7290001041840,false,"שקדים טחונים 250ג' מיה בד""ץ כשל""פ",מיה תעשיות מזון מ.ת.מ בעמ,,,יח,2.50,ל 100 גרם,false,1,15.90,6.36,false,1,
7290001121672,false,פסטרמה מעודנת בפפריקה 300 ג' יחיעם,מעדני יחיעם (1993) בעמ,,,יח,0.30,ל 100 גרם,false,1,19.90,66.33,false,1,
7290001133958,false,צוריסוס קפוא 500 ג' /16 יח',בלדי בעמ,,,יח,5,ל 100 גרם,false,1,23.90,4.78,false,1,
7290001136287,false,"שמפו לשיער רגיל בבושם פרחים נקה 7 750 מ""ל",החברה הדרומית לשיווק בעמ,,,יח,7.50,"ל 100 מ""ל",false,1,10.90,1.45,false,1,
7290001136294,false,"שמפו לשיער יבש בבישום פרחים נקה 7 750 מ""ל",החברה הדרומית לשיווק בעמ,,,יח,7.50,"ל 100 מ""ל",false,1,10.90,1.45,false,1,
7290001136300,false,"נקה 7 שמפו ומרכך לסירוק קל 750 מ""ל",החברה הדרומית לשיווק בעמ,,,יח,7.50,"ל 100 מ""ל",false,1,10.90,1.45,false,1,
7290001136430,false,נקה סבון כלים תפוח 1.5 ל',החברה הדרומית לשיווק בעמ,,,יח,15,"ל 100 מ""ל",false,1,10.90,0.73,false,1,
7290001136683,false,"מרכך לשיער רגיל בבושם פרחים נקה 7 750 מ""ל",החברה הדרומית לשיווק בעמ,,,יח,7.50,"ל 100 מ""ל",false,1,10.90,1.45,false,1,
7290001201510,false,ביצים ארוזות M מ. לסר) (30 פיקוח,מ לסר בעמ - חברה לשיווק ביצים,,,יח,30,יח,false,1,27.80,0.93,false,1,
7290001201596,false,ביצים ארוזות M 12 יחידות,מ לסר בעמ - חברה לשיווק ביצים,,,יח,12,יח,false,1,11.15,0.93,false,1,
7290001201602,false,ביצים 18 יח גדול לסר,מ לסר בעמ - חברה לשיווק ביצים,,,יח,18,יח,false,1,18,1,false,1,
7290001201619,false,תבנית ביצים 18 יחידות M,מ לסר בעמ - חברה לשיווק ביצים,,,יח,18,יח,false,1,16.70,0.93,false,1,
7290001216040,false,טחינה גולמית שומשום טהור אל ארז 500 גרם,אגס ירוק מסחר ושירותים,,,יח,5,ל 100 גרם,false,1,16.90,3.38,false,1,
7290001247068,false,קרטונית נקטר ספרינג תות בננה 1 ליטר,יפאורה שותפות מוגבלת לשיווק,,,יח,10,"ל 100 מ""ל",false,1,7,0.70,true,1,
7290001247082,false,מיץ עגבניות רכיבים טבעיים ספרינג 1 ליטר,יפאורה שותפות מוגבלת לשיווק,,,יח,10,"ל 100 מ""ל",false,1,7,0.70,true,1,
7290001247099,false,קרטונית נקטר ספרינג מנגו 1 ליטר,יפאורה שותפות מוגבלת לשיווק,,,יח,10,ל 100 גרם,false,1,7,0.70,true,1,
7290001247105,false,קרטונית נקטר ספרינג אפרסק 1 ליטר,יפאורה שותפות מוגבלת לשיווק,,,יח,10,"ל 100 מ""ל",false,1,7,0.70,true,1,
7290001247112,false,קרטונית נקטר ספרינג לימונענע 1 ליטר,יפאורה שותפות מוגבלת לשיווק,,,יח,10,"ל 100 מ""ל",false,1,7,0.70,true,1,
7290001247129,false,נקטר ספרינג תפוזים קרטונית 1 ל',יפאורה שותפות מוגבלת לשיווק,,,יח,10,"ל 100 מ""ל",false,1,7,0.70,true,1,
7290001247143,false,קרטונית נקטר ספרינג תפוחים 1 ליטר,יפאורה שותפות מוגבלת לשיווק,,,יח,10,"ל 100 מ""ל",false,1,7,0.70,true,1,
7290001247723,false,"ספרינג נקטר תות בננה פחית 330 מ""ל",יפאורה שותפות מוגבלת לשיווק,,,יח,3.30,"ל 100 מ""ל",false,1,5.60,1.61,false,1,
7290001247730,false,"נקטר ספרינג בטעם מנגו פחית 330 מ""ל",יפאורה שותפות מוגבלת לשיווק,,,יח,3.30,"ל 100 מ""ל",false,1,5.60,1.61,false,1,
7290001247747,false,"ספרינג נקטר תפוחים פחית 330 מ""ל",יפאורה שותפות מוגבלת לשיווק,,,יח,3.30,"ל 100 מ""ל",false,1,5.60,1.61,false,1,
7290001247891,false,"ספרינג נקטר אפרסקים פחית 330 מ""ל",יפאורה שותפות מוגבלת לשיווק,,,יח,3.30,"ל 100 מ""ל",false,1,5.60,1.61,false,1,
7290001265642,false,"מזון חתולים מעדני פטה 1.2 ק""ג מארז 3 יחידות",דיפלומט מפיצים (1968) בעמ**,,,יח,10,ל 100 גרם,false,1,19.90,1.99,false,1,
7290001305188,false,"נוזל לניקוי כלים בריח לימון פלמוליב 750 מ""ל",יבואן ומשווק: ש. שסט,,,יח,7.50,"ל 100 מ""ל",false,1,11.90,1.59,true,1,
7290001327180,false,שטראוס קרמיסימו וניל ציפ 1.33 ליטר,"גלידת שטראוס בע""\מ, רחוב",,,יח,1.33,לליטר,false,1,18.90,14.21,false,1,
7290001327791,false,גלידה קרמיסימו וניל עוגיות 1.33 ליטר,"גלידת שטראוס בע""\מ, רחוב",,,יח,1.33,לליטר,false,1,18.90,14.21,false,1,
7290001335574,false,בשר ראש חלק,נתח אדום עוזי ביטון ובניו בעמ,,,"לק""ג",10,ל 100 גרם,true,1,74.90,7.49,false,1,
7290001335680,false,"שומן כבש 200 גר`בד,ץ",נתח אדום עוזי ביטון ובניו בעמ,,,יח,2,ל 100 גרם,false,1,22.90,11.45,false,1,
7290001407127,false,פרוסות חלבה קלאסית בטעם וניל בארכה 400 גרם,קבוצת אוסם סחר שותפות מוגבלת,,,יח,4,ל 100 גרם,false,1,14.90,3.73,false,1,
7290001407134,false,בארכה פרוסות חלווה שוקו וניל+פ.קקאו 400גר,קבוצת אוסם סחר שותפות מוגבלת,,,יח,4,ל 100 גרם,false,1,14.90,3.73,false,1,
7290001407547,false,טחינה גולמית משומשום מלא פי 6 בארכה 500ג',קבוצת אוסם סחר שותפות מוגבלת,,,יח,5,ל 100 גרם,false,1,15.90,3.18,false,1,
7290001407769,false,טחינה גולמית שומשום מלא בארכה 500 גרם,קבוצת אוסם סחר שותפות מוגבלת,,,יח,5,ל 100 גרם,false,1,15.90,3.18,false,1,
7290001407844,false,חלבה קלאסית בטעם וניל בארכה 350 גרם,קבוצת אוסם סחר שותפות מוגבלת,,,יח,3.50,ל 100 גרם,false,1,14.90,4.26,false,1,
7290001419618,false,וופל בלגי עלמה שחור לבן וניל 200ג',מ.ד אטיאס סוכנויות מזון בע`מ,,,יח,2,ל 100 גרם,false,1,2.90,1.45,true,1,
7290001419793,false,גביעי גלידה מגולגל עלמה גילרו 30 יח',מ.ד אטיאס סוכנויות מזון בע`מ,,,יח,12,יח,false,1,9.90,0.83,false,1,
7290001436790,false,נקנקיות מרגז מיני אקסטרה חריף ארוז בלדי 500 ג',יוליניבר,,,יח,5,ל 100 גרם,false,1,27.90,5.58,false,1,
7290001455418,false,סטייק טונה בואקום קפוא ק,היי וונג,,,"לק""ג",10,ל 100 גרם,true,1,37.90,3.79,false,1,
7290001455456,false,פילה נסיכת הנילוס פרוס בלדי,בלדי בעמ,,,"לק""ג",10,ל 100 גרם,true,1,64.90,6.49,false,1,
7290001468159,false,ריבת חלב טופ מותגים,נאמן לאורך זמן בעמ,,,יח,3.30,ל 100 גרם,false,1,12.90,3.91,false,1,
7290001468494,false,"שעווה טבעית למיקרוגל 500 סמ""ק",נאמן לאורך זמן בעמ,,,יח,5,ל 100 גרם,false,1,14.90,2.98,false,1,
7290001468890,false,אלכוהול 70% נאמן 100,נאמן לאורך זמן בעמ,,,יח,10,ל 100 גרם,false,1,3.90,0.39,false,1,
7290001482094,false,גבינה פרמז'נו משולשים ויליפוד 200ג',ג.וילי-פוד אינטרנשיונל **גבינו,,,יח,2,ל 100 גרם,false,1,23.90,11.95,false,1,
7290001482384,false,חתיכות אננס בסירופ קל וילי פוד 227 גרם,ג.וילי-פוד אינטרנשיונל בעמ,,,יח,2.27,ל 100 גרם,false,1,3.90,1.72,false,1,
7290001482506,false,וילי פוד חומץ בלסמי בדץ 500מל,ג. וילי-פוד אינטרנשיונל בע`מ,,,יח,5,"ל 100 מ""ל",false,1,18.90,3.78,false,1,
7290001485019,false,גבינת קרם שמנת טבעי 5% טרה 200 גרם,החברה המרכזית טלהפצת משקאות בע,,,יח,2,ל 100 גרם,false,1,12.50,6.25,false,1,
7290001491096,false,תה ירוק בתוספת לימונית ולואיזה 50 שקיקים ויסוצקי,תה ויסוצקי (ישראל) בעמ,,,יח,0.75,יח,false,1,39.90,53.20,false,1,
7290001501009,false,שירות החלפה מילוי גז,א.א צ יקו שיווק והפצה,,,יח,0,יח,false,1,179,179,false,1,
7290001567760,false,פסטרמה של פעם יחיעם 300 גרם,מעדני יחיעם ( 1993 ) בע`מ,,,יח,3,ל 100 גרם,false,1,24.90,8.30,false,1,
7290001567807,false,"כתף בקר מעושן לח""מ 250 גרם ""יחיעם""",מעדני יחיעם ( 1993 ) בע`מ,,,יח,2.50,ל 100 גרם,false,1,26.90,10.76,true,1,
7290001567814,false,סלמי מעושן בסגנון איטלקי 300 ג' יחיעם,מעדני יחיעם ( 1993 ) בע`מ,,,יח,3,ל 100 גרם,false,1,20.90,6.97,false,1,
7290001567906,false,פסטרמה מעודנת יחיעם 200 ג',מעדני יחיעם (1993) בעמ,,,יח,2,ל 100 גרם,false,1,12.90,6.45,false,1,
7290001567937,false,"סלמי איטלקי מפולפל 200 גרם ""יחיעם""",מעדני יחיעם (1993) בעמ,,,יח,2,ל 100 גרם,false,1,12.90,6.45,false,1,
7290001591710,false,המבורגר אנגוס טיבון ויל 600 גרם,נטו מילנדה סחר בעמ*,,,יח,6,ל 100 גרם,false,1,22.90,3.82,false,1,
7290001591758,false,קבב מזרחי בסגנון ביתי טיבון ויל 600 גרם,נטו מילנדה סחר בעמ*,,,יח,6,ל 100 גרם,false,1,22.90,3.82,false,1,
7290001594520,false,"בירה טובורג רד בקבוק 330 מ""ל",החברה המרכזית להפצת משקאות בעמ,,,יח,3.30,"ל 100 מ""ל",false,1,7,2.03,false,1,
7290001594544,false,"בירה שחורה מאלטי בקבוק 330מ""ל",החברה המרכזית להפצת משקאות בעמ,,,יח,3.30,"ל 100 מ""ל",false,1,5,1.42,false,1,
7290001594568,false,בירה בפחית קרלסברג (500 מל),החברה המרכזית להפצת משקאות בעמ,,,יח,5,"ל 100 מ""ל",false,1,8.90,1.72,false,1,
7290001690987,false,דג פילה הייק ארוז קפוא דלידג,נטו מילנדה סחר בעמ*,,,"לק""ג",10,ל 100 גרם,true,1,49.90,4.99,false,1,
7290001791349,false,אקונומיקה פיסגה ריחנית סנו (4 ליטר),החברה הדרומית לשיווק בעמ,,,יח,4,לליטר,false,1,10,2.50,false,1,
7290001791356,false,"פרש מבשם אויר אוטומטי בניחוח לבנדר סנו 250 מ""ל",החברה הדרומית לשיווק בעמ,,,יח,1.65,ל 100 גרם,false,1,13.90,8.42,false,1,
7290001791363,false,"מטהר אויר בניחוח וניל קוקוס מילוי סנו 250 מ""ל",החברה הדרומית לשיווק בעמ,,,יח,2.50,"ל 100 מ""ל",false,1,13.90,5.56,false,1,
7290001813454,false,"עוגיות חיוכים שוקולד עלית 900 גרם מארז 6 יחידות בד""צ",אפיפית נצרת תעשיות ב,,,יח,9,ל 100 גרם,false,1,19.90,2.21,false,1,
7290001817728,false,צ'יטוס אפוי כאפה בטעם קטשופ 55 גרם,"שטראוס פריטו ליי בע""\מ )",,,יח,0.55,ל 100 גרם,false,1,3.50,6.36,false,1,
7290001865439,false,פמילי אל סבון נוזלי בניחוח וניל 1 ליטר,אף.סי תבליני בגליל ב,,,יח,10,לליטר,false,1,10.90,1.09,true,1,
7290001865453,false,פמילי לקשרי 1 ליטר לבנדר ארומטי+משאבה,מיוצר עי קונדיטוריית,,,יח,1,לליטר,false,1,10.90,10.90,true,1,
7290001873441,false,המבורגר 320 גר` בלאק אנגוס מוכשר ארוז,טיבון ויל אחזקות בעמ,,,יח,3.20,ל 100 גרם,false,1,19.90,6.22,false,1,
7290001873472,false,קבב 320 גר` בלאק אנגוס מוכשר ארוז,טיבון ויל אחזקות בעמ,,,יח,3.20,ל 100 גרם,false,1,19.90,6.22,false,1,
7290001873489,false,קרפצ`יו 120 גר`בלאק אנגוס מוכשר ארוז,טיבון ויל אחזקות בעמ,,,יח,1.20,ל 100 גרם,false,1,14.90,12.42,true,1,
7290001901250,false,גפילטע פיש הונגרי בצנצנת קלאסי דג 670 גרם,ח.כהן סוכנות מזון ומשקאות בע,,,יח,6.70,ל 100 גרם,false,1,16.90,2.52,false,1,
7290001975435,false,פריגת פאלפ אשכו.אדומה1.5,החברה המרכזית להפצת משקאות בע,,,יח,1.50,לליטר,false,1,6.50,4.33,false,1,
7290001990094,false,"סוכר חום כהה צנצנת קלאסי סוגת 1ק""ג",האי נאם סי או אל.טי.,,,יח,10,ל 100 גרם,false,1,14.50,1.45,false,1,
7290001990117,false,שומשום סוגת 100 גרם,האי נאם סי או אל.טי.,,,יח,1,ל 100 גרם,false,1,3.50,3.50,true,1,
7290001990278,false,"שעועית לבנה סוגת 1 ק""ג","סוגת תעשיות בע""\מ",,,יח,10,ל 100 גרם,false,1,18.90,1.89,false,1,
7290001990377,false,שעועית בובס 500 גרם סוגת,סוגת תעשיות בעמ,,,יח,5,ל 100 גרם,false,1,10.90,2.18,true,1,
7290001990391,false,אפונה יבשה 1קג סוגת,"סוגת תעשיות בע""\מ",,,יח,10,ל 100 גרם,false,1,9.90,0.99,false,1,
7290001990407,false,"עדשים ירוקים 1 ק""ג סוגת","סוגת תעשיות בע""\מ",,,יח,10,ל 100 גרם,false,1,13.90,1.39,false,1,
7290001990414,false,עדשים אדומות סוגת (1 קג),"סוגת תעשיות בע""\מ",,,יח,10,ל 100 גרם,false,1,13.90,1.39,false,1,
7290001990421,false,"פופקורן גרעינים סוגת 1 ק""ג","סוגת תעשיות בע""\מ",,,יח,10,ל 100 גרם,false,1,9.90,0.99,false,1,
7290002000136,false,מגע הדבש -שעווה להסרת שיער למיקרוגל 500 גרם,"ש. שוורץ )באר שבע( בע""\מ",,,יח,5,ל 100 גרם,false,1,17.90,3.58,false,1,
7290002000143,false,"חדש -פנג'ל ק.ידיים קלאסיק 80מ""ל",מיוצר עי קונדיטוריית,,,יח,1,"ל 100 מ""ל",false,1,7.90,7.90,false,1,
7290002003168,false,"שלישיית קרם ידיים קלאסי פנג'ל 80 מ""ל",אינטרקוסמא 1985 במ,,,יח,3,"ל 100 מ""ל",false,1,14.90,4.97,true,1,
7290002008750,false,אבקת אפיה עשירייה הנמל 100 גרם,הנמל אריזות ושיווק 1984 בע`מ,,,יח,1,ל 100 גרם,false,1,1.75,1.75,false,1,
7290002015093,false,מלפפון בחומץ 13-17 בני דרום 560 גרם,קבוצת יבנה מוצרי מזון,,,יח,5.60,ל 100 גרם,false,1,7.90,1.41,false,1,
7290002015116,false,מלפפון בחומץ 7-9 בני דרום 560 גרם,קבוצת יבנה מוצרי מזון,,,יח,5.60,ל 100 גרם,false,1,5.90,1.05,false,1,
7290002015123,false,מלפפון בחומץ 10-12 בני דרום 560 גרם,קבוצת יבנה מוצרי מזון,,,יח,5.60,ל 100 גרם,false,1,7.50,1.34,false,1,
7290002015147,false,מלפפון בחומץ 18-25בני דרום 560 גרם,קבוצת יבנה מוצרי מזון,,,יח,5.60,ל 100 גרם,false,1,8.90,1.59,false,1,
7290002015161,false,מלפפון במלח 10-12 בני דרום 560 גרם,קבוצת יבנה מוצרי מזון,,,יח,5.60,ל 100 גרם,false,1,7.50,1.34,false,1,
7290002015192,false,מלפפון במלח 18-25 בני דרום 560 גרם,קבוצת יבנה מוצרי מזון,,,יח,5.60,ל 100 גרם,false,1,8.90,1.59,false,1,
7290002015208,false,מלפפון במלח 13-17 בני דרום 560 גרם,קבוצת יבנה מוצרי מזון,,,יח,5.60,ל 100 גרם,false,1,7.90,1.41,false,1,
7290002015420,false,זיתים חרוזית בני דרום 1250 גרם,קבוצת יבנה מוצרי מזון,,,יח,5.60,ל 100 גרם,false,1,6.90,1.23,false,1,
7290002015437,false,זית מנזנילו גדול מאד ‏2‏-‏A‏ בני דרום,קבוצת יבנה מוצרי מזון,,,יח,5.60,ל 100 גרם,false,1,6.90,1.23,false,1,
7290002015444,false,זיתים חרוזית א5 בני דרום 1250 גרם,קבוצת יבנה מוצרי מזון,,,יח,1.25,"לק""ג",false,1,15.90,12.72,false,1,
7290002015628,false,רצועות פלפל מתוק חומץ540,קבוצת יבנה מוצרי מזון,,,יח,5.40,ל 100 גרם,false,1,6.50,1.20,false,1,
7290002015666,false,פלפל חריף שיפקה בני דרום 540 גרם,קבוצת יבנה מוצרי מזון,,,יח,5.40,ל 100 גרם,false,1,5.90,1.09,false,1,
7290002015765,false,חצילים במלח בני דרום 540גרם,קבוצת יבנה מוצרי מזון,,,יח,5.40,ל 100 גרם,false,1,5.90,1.09,false,1,
7290002019114,false,רוטב עגבניות מרוכז מאד 28-30BX פריניר,ח.כהן סוכנות מזון ומשקאות בע,,,יח,5.80,ל 100 גרם,false,1,6.90,1.19,false,1,
7290002019121,false,רסק עגבניות 22% A2 פריניר,ח.כהן סוכנות מזון ומשקאות בע,,,יח,2.60,ל 100 גרם,false,1,4.49,1.73,false,1,
7290002019183,false,"עגבניות מקולפות 800ג בד""ץ פריניר*",ח.כהן סוכנות מזון ומשקאות בע,,,יח,8,ל 100 גרם,false,1,6.90,0.86,false,1,
7290002019763,false,עגבניות מרוסקות 800ג פריניר ה.מכירה *,ח.כהן סוכנות מזון ומשקאות בע,,,יח,8,ל 100 גרם,false,1,6.90,0.86,true,1,
7290002019787,false,רוטב עגבניות מרוכז מאוד 260 גרם פריניר,ח.כהן סוכנות מזון ומשקאות בע,,,יח,2.60,ל 100 גרם,false,1,3.50,1.35,false,1,
7290002019794,false,רוטב עגבניות מרוכז מאוד 100 גרם פריניר,ח.כהן סוכנות מזון ומשקאות בע,,,יח,1,ל 100 גרם,false,1,1.90,1.90,true,1,
7290002022152,false,מרשמלו ורוד לבן וסטהיים 100ג36X שקיות בקרטון,כרמית תעשיות ממתקים בעמ,,,יח,1,ל 100 גרם,false,1,3.60,3.60,true,1,
7290002022923,false,סוכריות על מקל בטעם תות כרמית 50 יחידות,כרמית תעשיות ממתקים בעמ,,,יח,4.50,ל 100 גרם,false,1,15.90,3.53,false,1,
7290002038689,false,עוגיות מלוחות,תנובה ענף ב.ע.ד,,,יח,1,,false,1,9.90,9.90,false,1,
7290002043188,false,אקסטרה צ'יפס אורז חום מלא צ'ילי חריף 60 גרם,א.ל.ייצור ושיווק תבלינים בעמ,,,יח,6,ל 100 גרם,false,1,5.90,0.98,true,1,
7290002043218,false,אקסטרה צ'יפס אורז חום מלא מלח 60 גרם,א.ל.ייצור ושיווק תבלינים בעמ,,,יח,6,ל 100 גרם,false,1,5.90,0.98,true,1,
7290002043225,false,אקסטרה צ'יפס אורז חום מלא פפריקה 60 גרם,א.ל.ייצור ושיווק תבלינים בעמ,,,יח,6,ל 100 גרם,false,1,5.90,0.98,true,1,
7290002043782,false,אקסטרה צ'יפס אורז חום מלא טקסס ברביקיו 60 גרם,א.ל.ייצור ושיווק תבלינים בעמ,,,יח,6,ל 100 גרם,false,1,5.90,0.98,true,1,
7290002043850,false,חטיף אורז אקסטרה בציפוי שוקולד מריר 90 גרם,א.ל ייצור ושיווק תבלינים בעמ,,,יח,0.90,ל 100 גרם,false,1,14.90,16.56,false,1,
7290002043867,false,חטיף אורז אקסטרה בציפוי שוקולד לבן 90 גרם,א.ל ייצור ושיווק תבלינים בעמ,,,יח,0.90,ל 100 גרם,false,1,14.90,16.56,false,1,
7290002043874,false,חטיף אורז אקסטרה קרמל בציפוי שוקולד לבן,א.ל ייצור ושיווק תבלינים בעמ,,,יח,0.90,ל 100 גרם,false,1,14.90,16.56,false,1,
7290002043881,false,חטיף אורז אקסטרה טעם תפוז ציפוי שוקולד,א.ל ייצור ושיווק תבלינים בעמ,,,יח,0.90,ל 100 גרם,false,1,14.90,16.56,false,1,
7290002053095,false,אטריות ביצים דקות מספר 10 אוריינט 200 גרם,גורי מוצרי צריכה (1991) בעמ,,,יח,2,ל 100 גרם,false,1,7.90,3.95,false,1,
7290002057017,false,זיתים ירוקים נובו קבוצת יבנה (540 גרם),קבוצת יבנה מוצרי מזון אגודה שי,,,יח,5.40,ל 100 גרם,false,1,8.90,1.65,false,1,
7290002057031,false,זיתים מבוקעים פיקנטי קבוצת יבנה 340 גרם,"קבוצת יבנה מוצרי מזון בע""מ",,,יח,5.60,ל 100 גרם,false,1,8.90,1.59,false,1,
7290002057048,false,זית סורי מתובל בשמן קבוצת יבנה 560 גרם,"קבוצת יבנה מוצרי מזון בע""מ",,,יח,5.60,ל 100 גרם,false,1,10.90,1.95,false,1,
7290002057062,false,זיתים מנזנילו ירוק בינוני קבוצת יבנה 340 גרם,קבוצת יבנה מוצרי מזון בעמ,,,יח,5.60,ל 100 גרם,false,1,6.90,1.23,false,1,
7290002057086,false,זיתים מנזנילו גדול קבוצת יבנה 780 גרם,קבוצת יבנה מוצרי מזון בעמ,,,יח,5.60,ל 100 גרם,false,1,18.90,3.38,false,1,
7290002057093,false,זיתים מנזנילו גדול קבוצת יבנה 340 גרם,קבוצת יבנה מוצרי מזון אגודה שי,,,יח,5.40,ל 100 גרם,false,1,8.90,1.65,false,1,
7290002057109,false,זיתים יבנה ירוקים גדולים מאוד שום מנזלינ,קבוצת יבנה מוצרי מזון בעמ,,,יח,5.40,ל 100 גרם,false,1,8.90,1.65,false,1,
7290002057123,false,זיתים ירוקים מנזנילו קבוצת יבנה 560 גרם,קבוצת יבנה מוצרי מזון אגודה שי,,,יח,5.40,ל 100 גרם,false,1,8.90,1.65,false,1,
7290002057130,false,זיתים חרוזית קבוצת יבנה 650 גרם,"קבוצת יבנה מוצרי מזון בע""מ",,,יח,1.25,"לק""ג",false,1,19.90,15.92,false,1,
7290002057161,false,זיתים מרינט ביין גדול מאד קבוצת יבנה 340 גרם,קבוצת יבנה מוצרי מזון בעמ,,,יח,5.40,ל 100 גרם,false,1,9.90,1.83,false,1,
7290002057178,false,זיתים שחורים גדולים מנזלינו קבוצת יבנה 3,קבוצת יבנה מוצרי מזון בעמ,,,יח,5.60,ל 100 גרם,false,1,9.70,1.73,false,1,
7290002057185,false,טבעות זיתים ירוקים קבוצת יבנה 560 גרם,קבוצת יבנה מוצרי מזון אגודה שי,,,יח,5.60,ל 100 גרם,false,1,8.90,1.59,false,1,
7290002057352,false,מלפפונים במלח ‏9‏-‏7‏ קבוצת יבנה 320 גרם,"קבוצת יבנה מוצרי מזון בע""מ",,,יח,6,ל 100 גרם,false,1,6.50,1.08,false,1,
7290002057369,false,מלפפונים במלח ‏12‏-‏10‏ קבוצת יבנה 320 גרם,"קבוצת יבנה מוצרי מזון בע""מ",,,יח,6,ל 100 גרם,false,1,7.90,1.32,false,1,
7290002057376,false,מלפפונים במלח ‏17‏-‏13‏ קבוצת יבנה 320 גרם,"קבוצת יבנה מוצרי מזון בע""מ",,,יח,5.40,ל 100 גרם,false,1,9.90,1.83,true,1,
7290002057383,false,מלפפונים במלח ‏25‏-‏18‏ קבוצת יבנה 320 גרם,"קבוצת יבנה מוצרי מזון בע""מ",,,יח,5.40,ל 100 גרם,false,1,12.90,2.39,true,1,
7290002057413,false,"מלפפון חומץ ‏20‏-‏15‏ 1.3 ק""ג יבנה",קבוצת יבנה מוצרי מזון בעמ,,,יח,1.30,"לק""ג",false,1,13.90,10.69,false,1,
7290002057437,false,פלפל שיפקונית קבוצת יבנה 225 גרם,קבוצת יבנה מוצרי מזון,,,יח,6,"לק""ג",false,1,10.90,1.82,false,1,
7290002057451,false,מלפפונים בחומץ ‏9‏-‏7 קבוצת יבנה 290 גרם,קבוצת יבנה מוצרי מזון אגודה שי,,,יח,6,ל 100 גרם,false,1,6.50,1.08,false,1,
7290002057468,false,מלפפונים בחומץ בינוני קבוצת יבנה 560 גרם,"קבוצת יבנה מוצרי מזון בע""מ",,,יח,6,ל 100 גרם,false,1,7.90,1.32,false,1,
7290002057475,false,מלפפונים בחומץ ‏17‏-‏13 קבוצת יבנה 290 גרם,קבוצת יבנה מוצרי מזון אגודה שי,,,יח,5.40,ל 100 גרם,false,1,9.90,1.83,true,1,
7290002057482,false,מלפפון יבנה בחומץ קטנים מאוד 18-25 290 ג,קבוצת יבנה מוצרי מזון אגודה שי,,,יח,5.40,ל 100 גרם,false,1,12.90,2.39,true,1,
7290002057604,false,פלפל חריף שיפקה קבוצת יבנה (540 גרם),קבוצת יבנה מוצרי מזון אגודה שי,,,יח,5.40,ל 100 גרם,false,1,5.90,1.09,false,1,
7290002057611,false,פלפל חריף שיפקה צנצנת יבנה,קבוצת יבנה מוצרי מזון בעמ,,,יח,5.50,ל 100 גרם,false,1,6.50,1.18,false,1,
7290002057628,false,זיתים מושחרים טבעות קבוצת יבנה (540 גרם),קבוצת יבנה מוצרי מזון אגודה שי,,,יח,5.40,ל 100 גרם,false,1,9.90,1.83,false,1,
7290002057703,false,חצילים במלח קבוצת יבנה 320 גרם,"קבוצת יבנה מוצרי מזון בע""מ",,,יח,5.40,ל 100 גרם,false,1,6.50,1.20,false,1,
7290002057734,false,זיתים חרוזית מושחר קבוצת יבנה 275 גרם,קבוצת יבנה מוצרי מזון אגודה שי,,,יח,5.40,ל 100 גרם,false,1,8.90,1.65,false,1,
7290002057871,false,זית חרוזית צנצנת 540 ג' יבנה,קבוצת יבנה מוצרי מזון בעמ,,,יח,5.60,ל 100 גרם,false,1,8.90,1.59,false,1,
7290002065555,false,שישיית לחמנייה הכי רכה בהפסקה אנג'ל 450 גרם,מאפיית שלמה א. אנג'\ל בע,,,יח,1,,false,1,12.90,12.90,false,1,
7290002107071,false,גבינת פטה עיזים מעודנת 16% משק צוריאל 200 גרם,החברה המרכזית טלהפצת משקאות בע,,,יח,2,ל 100 גרם,false,1,25.90,12.95,false,1,
7290002107385,false,גליל גבינת עיזים מה עז משק צוריאל 180 גרם,החברה המרכזית טלהפצת משקאות בע,,,יח,1.80,ל 100 גרם,false,1,25.90,14.39,true,1,
7290002107491,false,גבינה לבנה מחלב עיזים למריחה 5% משק צוריאל 250 גרם,החברה המרכזית טלהפצת משקאות בע,,,יח,1,,false,1,15.90,15.90,true,1,
7290002107798,false,גבינה בולגרית מעודנת 5% משק צוריאל 250 גרם,החברה המרכזית טלהפצת משקאות בע,,,יח,2.50,ל 100 גרם,false,1,24.90,9.96,false,1,
7290002128779,false,נייר טישו חמישייה מנורה*,מנורה אור חדש בעמ,,,יח,5,יח,false,1,8.90,1.78,false,1,
7290002128946,false,נר נשמה בכוס ל48 שעות מנורה שי נר,מנורה אור חדש בעמ,,,יח,1,יח,false,1,4.50,4.50,false,1,
7290002130581,false,דבש טהור מפרחי בר יד מרדכי (1 קג),מכוורת יד מרדכי שטראוס ב,,,יח,10,ל 100 גרם,false,1,42.90,4.29,false,1,
7290002132011,false,עוגיות מזרחיות עם שומשום עבאדי (400 גר),מאפיית יוסף ושמחה עבאדי,,,יח,4,ל 100 גרם,false,1,17.90,4.48,false,1,
7290002153061,false,קמח מצה חמץ הלפרין 500 ג*,אם החיטה בעמ,,,יח,5,ל 100 גרם,false,1,6.50,1.30,false,1,
7290002153801,false,אובלטים שומשום 300 גרם,אם החיטה בעמ,,,יח,3,ל 100 גרם,false,1,7.90,2.63,false,1,
7290002153825,false,"אובלטים מלוחים ירוק ""ראשון"", 300 גרם",אם החיטה בעמ,,,יח,3,ל 100 גרם,false,1,7.90,2.63,false,1,
7290002157953,false,מארז נתחי טונה בהירה בשמן קנולה - 4 יחידות,נטו מלינדה סחר בע`מ,,,יח,5.60,ל 100 גרם,false,1,19.90,3.55,false,1,
7290002157960,false,טונה ויליגר רביעייה 140 גר במי מלח,נטו מילנדה סחר בעמ*,,,יח,5.60,ל 100 גרם,false,1,19.90,3.55,false,1,
7290002195054,false,המבורגר קפוא בלדי (400 גרם),יוליניבר,,,יח,4,ל 100 גרם,false,1,12.90,3.23,true,1,
7290002195078,false,קבב כבש קפוא בלדי (400 גרם),בלדי בעמ,,,יח,4,ל 100 גרם,false,1,12.90,3.23,true,1,
7290002195085,false,קבב מזרחי קפוא בלדי (400 גרם),יוליניבר,,,יח,4,ל 100 גרם,false,1,12.90,3.23,true,1,
7290002195092,false,קבב רומני קפוא בלדי (400 גרם),בלדי בעמ,,,יח,4,ל 100 גרם,false,1,12.90,3.23,true,1,
7290002239338,false,שעועית ירוקה חתוכה800 גר`פרי גליל,ויטה- פרי גליל (החדשה) בעמ,,,יח,8,ל 100 גרם,false,1,9.90,1.24,false,1,
7290002253150,false,קוביות בזיליקום קצוץ דורות 70 גרם,קבוצת אוסם סחר שותפות מוגבלת,,,יח,0.70,ל 100 גרם,false,1,10.90,15.57,false,1,
7290002253167,false,פטרוזיליה טרייה קצוצה מוקפאת 70 גרם,קבוצת אוסם סחר שותפות מוגבלת,,,יח,0.70,ל 100 גרם,false,1,10.90,15.57,false,1,
7290002253181,false,כוסברה טרייה קצוצה 20 קוביות 70 גרם קפוא,קבוצת אוסם סחר שותפות מוגבלת,,,יח,0.70,ל 100 גרם,false,1,10.90,15.57,false,1,
7290002253235,false,דורות רוטב פסטו דורות,קבוצת אוסם סחר שותפות מוגבלת,,,יח,1.60,ל 100 גרם,false,1,13.90,8.69,false,1,
7290002253310,false,דורות שום צילי חריף קוביות תערובת 80 גר,קבוצת אוסם סחר שותפות מוגבלת,,,יח,1.60,ל 100 גרם,false,1,13.90,8.69,false,1,
7290002253495,false,דורות תבל לטחינה ביתית תערובת קוביות 70 גרם,קבוצת אוסם סחר שותפות מוגבלת,,,יח,7,ל 100 גרם,false,1,10.90,1.56,false,1,
7290002278429,false,צמר פלדה 100 גרם,פלסטו פוליש (ברקן)בעמ,,,יח,1,ל 100 גרם,false,1,2.90,2.90,false,1,
7290002281405,false,זוג סלט סלמון מעושן פיקנטי ויליגר 2*160 גרם,נטו מילנדה סחר בעמ*,,,יח,3.20,ל 100 גרם,false,1,9.90,3.09,false,1,
7290002281429,false,סטייק טונה אדומה מעובד ק,נטו מילנדה סחר בעמ*,,,"לק""ג",10,ל 100 גרם,true,1,64.90,6.49,false,1,
7290002281436,false,סטייק דג טונה בהירה קפוא ללא עור,בין דין פישרי ויאטנם,,,"לק""ג",10,ל 100 גרם,true,1,44.90,4.49,false,1,
7290002281474,false,חמישיית פיצות שלושת האופים,נטו מילנדה סחר בעמ*,,,יח,20,ל 100 גרם,false,1,52.90,2.65,false,1,
7290002281498,false,גבינה צהובה מגורדת על בסיס חלב 500 ג' ריץ,נטו מילנדה סחר בעמ*,,,יח,5,ל 100 גרם,false,1,24.90,4.98,false,1,
7290002291046,false,המבורגר מסעדות 480 גרם הקצביה בלדי,יוליניבר,,,יח,4.80,ל 100 גרם,false,1,24.90,5.19,false,1,
7290002319016,false,אבקת אפיה עשיריות מיה 100 גרם,מיה תעשיות מזון מ.ת.מ. בעמ,,,ל 100 גרם,10,ל 100 גרם,false,1,1.90,0.19,false,1,
7290002319023,false,סוכר וניל עשיריות מיה 100 גרם,מיה תבליני החיים ירושלים בע`מ,,,יח,1,ל 100 גרם,false,1,1.90,1.90,false,1,
7290002319047,false,אגוזי המלך 100 גר' מיה,מיה תעשיות מזון מ.ת.מ. בעמ,,,יח,1,ל 100 גרם,false,1,9.90,9.90,false,1,
7290002319115,false,חומוס גדול יבש מיה 500 גר',מיה תעשיות מזון מ.ת.מ. בעמ,,,יח,5,ל 100 גרם,false,1,6.60,1.32,false,1,
7290002319139,false,שעועית לבנה יבשה מיה 500 ג',מיה תעשיות מזון מ.ת.מ. בעמ,,,יח,5,ל 100 גרם,false,1,8.90,1.78,true,1,
7290002319146,false,שעועית אדומה מיה (500 גרם),מיה תעשיות מזון מ.ת.מ. בעמ,,,יח,5,ל 100 גרם,false,1,9.90,1.98,true,1,
7290002319160,false,אפונה ירוקה יבשה מיה 500 ג',מיה תעשיות מזון מ.ת.מ. בעמ,,,יח,5,ל 100 גרם,false,1,6.50,1.30,true,1,
7290002319177,false,פופקורן גרעינים מיה 500 גר',מיה תעשיות מזון מ.ת.מ. בעמ,,,יח,5,ל 100 גרם,false,1,4.90,0.98,false,1,
7290002319184,false,עדשים אדומים יבשים מיה 500 גר',מיה תעשיות מזון מ.ת.מ. בעמ,,,יח,5,ל 100 גרם,false,1,7.90,1.58,true,1,
7290002319191,false,עדשים ירוקים יבשים מיה 500 גר',מיה תעשיות מזון מ.ת.מ. בעמ,,,יח,5,ל 100 גרם,false,1,7,1.40,true,1,
7290002319207,false,כוסמת מיה (500 גרם),מיה תעשיות מזון מ.ת.מ. בעמ,,,יח,5,ל 100 גרם,false,1,7.90,1.58,false,1,
7290002319221,false,חיטה מיה (500 גרם),מיה תעשיות מזון מ.ת.מ. בעמ,,,יח,5,ל 100 גרם,false,1,4.90,0.98,true,1,
7290002319610,false,שקדים טחונים מיה 100 גרם,מיה תעשיות מזון מ.ת.מ. בעמ,,,יח,1,ל 100 גרם,false,1,9.90,9.90,false,1,
7290002319740,false,אגוזי מלך טחונים מיה 100 גרם,מיה תעשיות מזון מ.ת.מ. בעמ,,,יח,1,ל 100 גרם,false,1,11.90,11.90,true,1,
7290002319771,false,תמצית אפיה בטעם וניל מיה (50 מל),מיה תעשיות מזון מ.ת.מ. בעמ,,,יח,0.50,"ל 100 מ""ל",false,1,3,6,false,1,
7290002319788,false,תמצית אפיה בטעם רום כשלפ בדצ העדח,מיה תעשיות מזון מ.ת.מ. בעמ,,,יח,0.60,"ל 100 מ""ל",false,1,3,5,false,1,
7290002319825,false,"אבקת סוכר 100 ג`בד""ץ מיה",מיה תעשיות מזון מ.ת.מ. בעמ,,,יח,1,ל 100 גרם,false,1,1.90,1.90,false,1,
7290002331483,false,נביעות מים מינרלים שישיה בייבי 330 מ`ל,החברה המרכזית להפצת משקאות בעמ,,,יח,32,"ל 100 מ""ל",false,1,14.90,0.41,false,1,
7290002331490,false,מים מינרלים נביעות (1 ליטר),החברה המרכזית להפצת משקאות בעמ,,,יח,10,"ל 100 מ""ל",false,1,3.30,0.30,true,1,
7290002345015,false,סינטה דק דק אל גאוצ'ו 250ג' מינוט,"טיבון ויל אחזקות בע""\מ",,,יח,2.50,ל 100 גרם,false,1,17.90,7.16,true,1,
7290002345022,false,אנטריקוט דק דק מינוט סטייק אל גאוצ'ו 250 גרם,"טיבון ויל אחזקות בע""\מ",,,יח,2.50,ל 100 גרם,false,1,15.90,6.36,true,1,
7290002345077,false,דק דק שניצל בקר 250 גר`טיבון ויל אל גא,"טיבון ויל אחזקות בע""\מ",,,יח,2.50,ל 100 גרם,false,1,15.90,6.36,true,1,
7290002345121,false,אסאדו דקדק אל גאוצ'ו 250 גרם,"טיבון ויל אחזקות בע""\מ",,,יח,2.50,ל 100 גרם,false,1,26.90,10.76,true,1,
7290002348139,false,תחתיות ארטישוק ויליגר (390 גרם),נטו מילנדה סחר בעמ*,,,יח,4.25,ל 100 גרם,false,1,9.90,2.33,false,1,
7290002348160,false,תירס גמדי שלם ויליגר 425 ג',גואנגדונג יוזהו פודס,,,יח,4,ל 100 גרם,false,1,7.90,1.98,false,1,
7290002348245,false,לבבות דקל שלם 425 ג' ויליגר,אגרו אינדוסטריאל סן,,,יח,4,ל 100 גרם,false,1,10.90,2.73,false,1,
7290002348306,false,'קוקטייל פירות ויליגר 850 ג,נטו מילנדה סחר בעמ*,,,יח,8.50,ל 100 גרם,false,1,9.90,1.16,false,1,
7290002348573,false,אטריות אורז ויליגר (300 גרם),נטו מילנדה סחר בעמ*,,,יח,3,ל 100 גרם,false,1,7.90,2.63,false,1,
7290002404828,false,תירוש ענבים 1 ליטר כשרות משולבת ארזה*,יקבי ארזה ת.ר.ז. בעמ,,,יח,10,"ל 100 מ""ל",false,1,13.90,1.36,false,1,
7290002490036,false,"תמר מג`הול 1 ק""ג (8 יח`בקרטון)*",שושן (פירות)יבשים בעמ,,,יח,1,,false,1,26.74,26.74,false,1,
7290002515371,false,"קמיל בלו אל סבון לתינוקות ד""ר פישר 1 ליטר","פישר תעשיות פרמצביטות בע""מ",,,יח,10,"ל 100 מ""ל",false,1,26.90,2.69,true,1,
7290002542506,false,"בקבוק בירה קורונה 355 מ""ל",קריניציה ויטמינה אס,,,יח,3.55,לליטר,false,1,7.20,1.94,false,1,
7290002542773,false,"בירה סטלה ארטואה בקבוק 330 מ""ל","אינבב, ברוורייפליין",,,יח,3.30,"ל 100 מ""ל",false,1,7.90,2.30,false,1,
7290002542780,false,"שישייה בירה סטלה ארטואה בקבוק 330X6 מ""ל","אינבב, ברוורייפליין",,,יח,1.98,"ל 100 מ""ל",false,1,36.90,17.73,false,1,
7290002542865,false,"שישייה בירה הוגרדן בקבוק 330X6 מ""ל","אינבב, ברוורייפליין",,,יח,1.98,"ל 100 מ""ל",false,1,54.90,26.82,false,1,
7290002543237,false,דגני בוקר קלוגס קורנפלקס 750 גרם,קלוגס קומפני אוף גרייט ב,,,יח,7.50,ל 100 גרם,false,1,14.90,1.99,false,1,
7290002579632,false,פלסטרים עמידים במים,חביב את פרנק בעמ (לוגיסטי ),,,יח,1,יח,false,1,3.90,3.90,false,1,
7290002603474,false,פיצת השף מאיטליה רוטב פטריות בטעם כמהין 256 גרם,נטו מילנדה סחר בעמ*,,,יח,2,ל 100 גרם,false,1,14.90,7.45,true,1,
7290002603498,false,פיצת השף מאיטליה CHEF שגב אנטיפסטי 220,נטו מילנדה סחר בעמ*,,,יח,2.20,ל 100 גרם,false,1,14.90,6.77,true,1,
7290002603634,false,פיצה תפזורת משולש 80 גר`בעלז,נטו מילנדה סחר בעמ*,,,יח,0.80,ל 100 גרם,false,1,2.80,3.50,true,1,
7290002603689,false,"מקלות בורקס פילו XL תפו""א שגב 450 גר",שלושת האופים שגמור,,,יח,0.45,ל 100 גרם,false,1,19.90,44.22,true,1,
7290002603696,false,בורקס פילו שגב XL גבינה שגב 450 גרם לנדא,שלושת האופים שגמור,,,יח,0.45,ל 100 גרם,false,1,19.90,44.22,true,1,
7290002627098,false,פיצה ביס 350 גר` שלושת האופים 12 יח,שגמור ייצור ושווק מוצרי,,,יח,3.50,ל 100 גרם,false,1,15.90,4.54,true,1,
7290002687177,false,שוקים עוף טרי רבנות,קורניש חן{1987} בעמ,,,"לק""ג",1,,true,1,31.90,31.90,true,1,
7290002692393,false,שמן קנולה מזוכך מועשר עץ הזית (1 ליטר),סוגת תעשיות בעמ,,,יח,1,לליטר,false,1,14.90,14.90,false,1,
7290002692478,false,"שמן זית כתית מעולה קלאסי מעודן 750 מ""ל עץ הזית","מרקאולאו, ספרד.אבסה,",,,יח,7.50,"ל 100 מ""ל",false,1,29.90,3.99,false,1,
7290002692775,false,"תרסיס שמן קנולה בטעם חמאה עץ הזית 200 מ""ל",סוגת תעשיות בעמ,,,יח,2,ל 100 גרם,false,12,15.90,7.95,true,1,
7290002715504,false,ארוחת נודלס בטעם עוף מג`יק (70 גרם),נטו מלינדה סחר בע`מ,,,יח,0.70,ל 100 גרם,false,1,4.80,6.86,false,1,
7290002715511,false,ארוחת נודלס בטעם בשר מג`יק (70 גרם),נטו מלינדה סחר בע`מ,,,יח,0.70,ל 100 גרם,false,1,4.80,6.86,false,1,
7290002715580,false,ארוחת נודלס בטעם סיני חריף מג'יק 70 גרם,נטו מילנדה סחר בעמ*,,,יח,0.70,ל 100 גרם,false,1,4.80,6.86,false,1,
7290002730262,false,נוזל לניקוי כלים קלאסי פלמוליב (750 מל),יבואן ומשווק: ש. שסט,,,יח,7.50,"ל 100 מ""ל",false,1,11.90,1.59,true,1,
7290002730958,false,סבון מוצק בניחוח זיתים ואלוורה פלמוליב 4*100 גרם,הנסיך- מפעל לייצור ט,,,יח,4,ל 100 גרם,false,1,16.90,4.23,true,1,
7290002735014,false,מלווח ארוז יינון 800 גר`,קפוא-זן תעשיות מזון בעמ - תפוג,,,יח,1,"לק""ג",false,1,14.90,14.90,false,1,
7290002735021,false,ג`חנון ארוז 750 גר`יינון,קפוא-זן תעשיות מזון בעמ - תפוג,,,יח,9,ל 100 גרם,false,1,14.90,1.66,false,1,
7290002735113,false,בורקס גבינה ינון 800 גר`,קפוא-זן תעשיות מזון בעמ - תפוג,,,יח,8,ל 100 גרם,false,1,16.90,2.11,false,1,
7290002735120,false,"בורקס תפו""א ינון 800 גרם",קפוא-זן תעשיות מזון בעמ - תפוג,,,יח,8,ל 100 גרם,false,1,14.90,1.86,false,1,
7290002735274,false,ג'חנון אפוי ינון 600 גרם,קפוא-זן תעשיות מזון בעמ - תפוג,,,יח,6,ל 100 גרם,false,1,16.90,2.82,false,1,
7290002750987,false,חלה פילסברי קלועה מתוקה 550ג',ג`נרל מילס ישראל בעמ,,,ל 100 גרם,1,,false,1,11.90,11.90,true,1,
7290002752332,false,"סוכריות מנטוס פירות בגליל, 37.5 גרם",הדקלאים אגודת שיתופי,,,יח,0.3750,ל 100 גרם,false,1,2.90,7.73,false,1,
7290002752349,false,סוכריות מנטוס מנטה 40יח' בגליל 38ג',ליימן שליסל בעמ,,,יח,0.3750,ל 100 גרם,false,1,2.90,7.73,false,1,
7290002757535,false,בורקס פילו אצבעות גבינה שלושת האופים 700 גרם,שלושת האופים שגמור,,,יח,7,ל 100 גרם,false,1,19.90,2.84,true,1,
7290002757672,false,המבורגר מזרחי טיבון ויל 400ג',נטו מילנדה סחר בעמ*,,,יח,4,ל 100 גרם,false,1,11.90,2.98,false,1,
7290002768036,false,"מי פה תיאדנט ענק מונע עששת 150מ""ל",החברה הדרומית לשיווק בעמ,,,יח,1.50,"ל 100 מ""ל",false,1,14.90,9.93,false,1,
7290002768043,false,"תיאדנט מי-פה ענק פלאוריד 150 מ""ל",החברה הדרומית לשיווק בעמ,,,יח,1.50,"ל 100 מ""ל",false,1,14.90,9.93,false,1,
7290002768074,false,אל סבון נוזלי רגיל דרמפון 1 ליטר,החברה הדרומית לשיווק בעמ,,,יח,10,לליטר,false,1,17.90,1.79,false,1,
7290002780571,false,"מלפפון במלח15-20 1.25 ק""ג",קבוצת יבנה מוצרי מזון,,,יח,1.25,"לק""ג",false,1,11.90,9.52,false,1,
7290002780588,false,זית חרוזית שחור בני דרום 560 גרם,קבוצת יבנה מוצרי מזון,,,יח,5.60,ל 100 גרם,false,1,7.40,1.32,false,1,
7290002780601,false,מלפפון בחומץ בני דרום 15-20 250 גרם,קבוצת יבנה מוצרי מזון,,,יח,1.25,"לק""ג",false,1,11.90,9.52,false,1,
7290002780649,false,זיתים ירוקים טבעות בני דרום 560 גרם,קבוצת יבנה מוצרי מזון,,,יח,5.60,ל 100 גרם,false,1,7.40,1.32,false,1,
7290002780656,false,זיתים שחורים טבעות בני דרום 560 גרם,קבוצת יבנה מוצרי מזון,,,יח,5.60,ל 100 גרם,false,1,7.40,1.32,false,1,
7290002782131,false,"פנינה רוזנבלום - דאודורנט ספריי לאישה מס' 1 150 מ""ל","פנינה רוזנבלום בע""מ",,,יח,1.50,"ל 100 מ""ל",false,1,23.90,15.93,true,1,
7290002782735,false,"דאודורנט ספריי לגבר מס' 1 180 מ""ל פנינה רוזנבלום",פנינה רוזנבלום בעמ,,,יח,1.80,"ל 100 מ""ל",false,1,18.90,10.50,true,1,
7290002782742,false,"פנינה רוזנבלום - דאודורנט ספריי לאישה מס' 2 150 מ""ל","פנינה רוזנבלום בע""מ",,,יח,1.50,"ל 100 מ""ל",false,1,18.90,12.60,true,1,
7290002782759,false,קרם גוף מספר 2 פנינה רוזנבלום (340 מל),"פנינה רוזנבלום בע""מ",,,יח,3.40,"ל 100 מ""ל",false,1,24.90,7.32,true,1,
7290002793311,false,שירות והחלפה מילוי גז 60 סודהסטרים,א.א צ יקו שיווק והפצה,,,יח,1,,false,1,95,95,false,1,
7290002814016,false,"מסיר שומנים מתז 750 מ""ל סנט מוריץ כשל""פ עד""ח",קומפלקס כימיקלסבעמ ~~~,,,יח,7.50,"ל 100 מ""ל",false,1,12.90,1.72,false,1,
7290002814290,false,קצף מרוכז blanco בניחוח לימון משמיד 99.9% חיידקים סנט מוריץ 1 ליטר,קומפלקס כימיקלים בעמ,,,יח,6,"לק""ג",false,1,7.90,1.32,false,1,
7290002814603,false,"סנט מוריץ - מרסס מסיר שומנים קר מבושם לימון 750 מ""ל",קומפלקס כימיקלים בעמ,,,יח,1.50,לליטר,false,1,12.90,8.60,false,1,
7290002814689,false,"נוזל כלים סנט מוריץ בניחוח לימון מארז 750X3מ""ל",קומפלקס כימיקלים,,,יח,1.50,לליטר,false,1,17.90,11.93,false,1,
7290002814719,false,נוזל רצפות סנט מוריץ אסלות מאסק 4 ליטר,קומפלקס כימיקלים בעמ,,,יח,40,"ל 100 מ""ל",false,5,12.90,0.32,false,1,
7290002814931,false,סנט מוריץ שמפו רצפות בניחוח פרחים 4 ליטר - מרכז,קומפלקס כימיקלסבעמ ~~~,,,יח,40,"ל 100 מ""ל",false,5,12.90,0.32,false,1,
7290002824183,false,"גבינה לבנה סקי 500 גרם 5% ""שטראוס"" -מוצר בפיקוח",שטראוס גרופ בעמ/מצונן,,,יח,5,ל 100 גרם,false,1,9.90,1.98,false,1,
7290002824466,false,יוגורט דנונה ביו לבן 0% שומן 200 גרם,שטראוס גרופ בעמ/מצונן,,,יח,2,"ל 100 מ""ל",false,1,3.50,1.75,false,1,
7290002824640,false,"גבינת סקי 250 גרם 5% ""שטראוס"" -מוצר בפיקוח",שטראוס גרופ בעמ/מצונן,,,יח,2.50,ל 100 גרם,false,1,4.98,1.99,false,1,
7290002825722,false,כרוב אדום במיונז אחלה (500 גרם),שטראוס גרופ בעמ/מצונן,,,יח,6.25,ל 100 גרם,false,1,13.90,2.22,true,1,
7290002868996,false,"קוטג' 5% שומן, רכיבים טבעיים, 250 גרם",החברה המרכזית טלהפצת משקאות בע,,,יח,2.50,ל 100 גרם,false,1,6.60,2.64,true,1,
7290002871248,false,"בירה טובורג רד בקבוק 500 מ""ל חוזר",החברה המרכזית להפצת משקאות בעמ,,,יח,5,"ל 100 מ""ל",false,1,7.80,1.32,false,1,
7290002904694,false,"טיטניום דאודורנט ספריי לגברים 150 מ""ל",החברה הדרומית לשיווק בעמ,,,יח,1.80,"ל 100 מ""ל",false,1,15.90,8.83,false,1,
7290002909804,false,פילה בקלה (מרלוזה ) ללא עור ארגנטיני,אל מאריסקו,,,"לק""ג",10,ל 100 גרם,true,1,29.90,2.99,false,1,
7290002921349,false,דבק סופר גלו לוקטיט אריזה זוגית יעקובי,יעקב יעקבי ובניו בע`מ,,,יח,1,,false,1,14.90,14.90,false,1,
7290002922117,false,מקלות קינמון וסוכר חום,הלל בן הלל שיווק ומסחר בעמ,,,יח,2.50,ל 100 גרם,false,1,23.90,9.56,false,1,
7290002971955,false,"קמח 650 כחול ללא צורך בניפוי 1 ק""ג*",טחנות קמח שטיבל בש בעמ,,,יח,10,ל 100 גרם,false,1,7.90,0.79,false,1,
7290002971962,false,"קמח שטיבל חיטה מלא ללא ניפוי 1 ק""ג",טחנות קמח שטיבל בש בעמ,,,יח,1,"לק""ג",false,1,6.90,6.90,false,1,
7290002971986,false,קמח שיפון מלא 1 קג שטיבל ללא צורך בניפוי,טחנות קמח שטיבל בש בעמ,,,יח,10,ל 100 גרם,false,1,7.50,0.75,false,1,
7290002971993,false,קמח כוסמין מלא ללא צורך בניפוי 1 קג שטיב,טחנות קמח שטיבל בש בעמ,,,יח,10,ל 100 גרם,false,1,13.90,1.39,false,1,
7290002972006,false,קמח בהיר(405) ללא צורך בניפוי ( 1 קג ),טחנות קמח שטיבל בש בעמ,,,יח,0,יח,false,1,7.90,7.90,false,1,
7290002972365,false,קמח תופח שטיבל 13 ללא צורך בניפוי 1 קג,טחנות קמח שטיבל בש בעמ,,,יח,0,יח,false,1,7.90,7.90,false,1,
7290002973621,false,"קמח ב""ש ל.צ.בניפוי 1 ק""ג*",טחנות קמח שטיבל בש בעמ,,,יח,1,"לק""ג",false,1,6.90,6.90,false,1,
7290002973812,false,קמח כוסמין (80% 1 קג)ללא צורך בניפוי ש,טחנות קמח שטיבל בש בעמ,,,יח,1,,false,1,14.90,14.90,false,1,
7290002973829,false,קמח כוסמין לבן( 1 קג) ללא צורך ניפוי ש,טחנות קמח שטיבל בש בעמ,,,יח,10,ל 100 גרם,false,1,13.90,1.39,false,1,
7290002974116,false,"קמח כפרי ללא צ.בניפוי שטיבל 1 ק""ג*",טחנות קמח שטיבל בש בעמ,,,יח,1,,false,1,7.90,7.90,false,1,
7290002974222,false,קמח עוגיות ללא צורך בניפוי 1 קג שטיבל,טחנות קמח שטיבל בש בעמ,,,יח,1,,false,1,6.90,6.90,false,1,
7290002974239,false,"קמח עוגות ללא צ.בניפוי שטיבל 1 ק""ג*",טחנות קמח שטיבל בש בעמ,,,יח,1,,false,1,6.90,6.90,false,1,
7290002987963,false,"חומוס אחלה 1 ק""ג שטראוס",שטראוס גרופ בעמ/מצונן,,,יח,1,"לק""ג",false,1,13.90,13.90,false,1,
7290003009183,false,סירופ דיאט 750 מל בטעם תפוחים פריגת,החברה המרכזית להפצת משקאות בעמ,,,יח,7.50,"ל 100 מ""ל",false,1,22.90,3.05,false,1,
7290003009312,false,בוטן קלוי 200 גרם שקית קליית גת,הדקלאים אגודת שיתופי,,,יח,2,ל 100 גרם,false,1,6.90,3.45,false,1,
7290003009329,false,בוטנים אמריקאיים קליית גת (200 גרם),הדקלאים אגודת שיתופי,,,יח,2,ל 100 גרם,false,1,5.90,2.95,true,1,
7290003009336,false,קבוקים קליית גת (200 גרם),הדקלאים אגודת שיתופי,,,יח,2,ל 100 גרם,false,1,5.90,2.95,true,1,
7290003009596,false,סירופ דיאט אשכוליות 750 מל פיקדון,החברה המרכזית להפצת משקאות בעמ,,,יח,7.50,"ל 100 מ""ל",false,1,22.90,3.05,false,1,
7290003009640,false,מיץ תפוזים סחוט רכיבים טבעיים פריגת 1 ליטר,החברה המרכזית טלהפצת משקאות בע,,,יח,1,לליטר,false,1,17.90,17.90,true,1,
7290003015627,false,"נוזל רצפות אפרסק 2 ליטר ""ריצפז פרש""",החברה הדרומית לשיווק בעמ,,,יח,20,"ל 100 מ""ל",false,1,17.90,0.90,false,1,
7290003015634,false,"נוזל רצפות פסיפלורה 2 ליטר ""ריצפז פרש""",החברה הדרומית לשיווק בעמ,,,יח,20,"ל 100 מ""ל",false,1,17.90,0.90,false,1,
7290003015641,false,"נוזל רצפות יסמין 2 ליטר ""ריצפז פרש""",החברה הדרומית לשיווק בעמ,,,יח,20,"ל 100 מ""ל",false,1,17.90,0.90,false,1,
7290003026029,false,"ד""ר פישר - קמיל בלו סנסיטיב שמפו אלדמע 500 מ""ל","פישר תעשיות פרמצביטות בע""מ",,,יח,5,"ל 100 מ""ל",false,1,17.90,3.58,false,1,
7290003029181,false,משקה יטבתה שוקו' בקבוק 1ל מהדרין,שטראוס גרופ בעמ/מצונן,,,יח,1,לליטר,false,1,11.90,11.90,false,1,
7290003029372,false,יטבתה משקה בטעם בננה %3 בקבוק 1 ליטר,שטראוס גרופ בעמ/מצונן,,,יח,1,לליטר,false,1,11.90,11.90,false,1,
7290003029389,false,"משקה חלב בננה פקק ספורט 250 מ""ל יוטבתה",שטראוס גרופ בעמ/מצונן,,,יח,2.50,"ל 100 מ""ל",false,1,5.40,2.16,false,1,
7290003029433,false,"משקה יטבתה שוקו פקק 250 מ""ל מהדרין",שטראוס גרופ בעמ/מצונן,,,יח,2.50,"ל 100 מ""ל",false,1,5.40,2.16,false,1,
7290003029532,false,מוקה בבקבוק יטבתה 1 ליטר מהדרין,שטראוס גרופ בעמ/מצונן,,,יח,1,לליטר,false,1,11.90,11.90,false,1,
7290003029792,false,"משקה יטבתה שוקו שקיות מהדרין מארז 225X8מ""ל",שטראוס גרופ בעמ/מצונן,,,יח,1.80,לליטר,false,1,18.90,10.50,false,1,
7290003029815,false,כד חלב 3% יטבתה 2 ליטר מהדרין,שטראוס גרופ בעמ/מצונן,,,יח,2,לליטר,false,1,14.90,7.45,false,1,
7290003029907,false,משקה חלב אייס קפה 2% יטבתה (1 ליטר,שטראוס גרופ בעמ/מצונן,,,יח,1,לליטר,false,1,11.90,11.90,false,1,
7290003031733,false,טירת צבי פסטרמה על גחלים קופ. מחפוד 400ג,טיב טירת צבי 2000,,,יח,4,ל 100 גרם,false,1,28.90,7.23,false,1,
7290003031740,false,טירתצבי פסטרמה בדבש קופ. מחפוד 400ג,טיב טירת צבי 2000,,,יח,4,ל 100 גרם,false,1,28.90,7.23,false,1,
7290003031757,false,פסטרמה הודו בפפריקה מחפוד טירת צבי 400 גרם,תנובה מרכז שיתופי לשיווק תוצרת,,,יח,4,ל 100 גרם,false,1,28.90,7.23,false,1,
7290003054657,false,חרדל ריין דיז'ון אקסטרה פורטה 370 גרם,דיפלומט מפיצים (1968) בעמ**,,,יח,3.70,ל 100 גרם,false,1,11.90,3.22,false,1,
7290003072606,false,נקניקיות עוף מיני טירת צבי 350 גרם,הנסיך- מפעל לייצור ט,,,יח,0.35,ל 100 גרם,false,1,13.90,39.71,false,1,
7290003072965,false,קבנוס חריף מעושן טירת צבי 120 גרם,טיב טירת צבי 2000,,,יח,1.20,ל 100 גרם,false,1,9.90,8.25,false,1,
7290003107216,false,קמח לבן בהיר 1 קג דגן מוביל,טחנות קמח דגן (2006) בעמ,,,יח,1,"לק""ג",false,1,5.50,5.50,false,1,
7290003121083,false,ארוחת נודלס בטעם בשר בשקית מג'יק 85 גרם,נטו מילנדה סחר בעמ*,,,יח,0.85,ל 100 גרם,false,1,2.90,3.41,false,1,
7290003121106,false,ארוחת נודלס טעם עוף בשקית מג'יק 85 גרם,נטו מילנדה סחר בעמ*,,,יח,0.85,ל 100 גרם,false,1,2.90,3.41,false,1,
7290003126958,false,טופו גבינה גוש בואקום צוריאל 300 ג',החברה המרכזית טלהפצת משקאות בע,,,יח,3,ל 100 גרם,false,1,12.90,4.30,false,1,
7290003141159,false,יוגטה מרשמלו ממתק מוקצף בטעמי תות שדה ווניל 180 גרם,ליימן שליסל בעמ,,,יח,1.80,ל 100 גרם,false,1,6.90,3.83,false,1,
7290003143139,false,סילאן תמרים קלית גת 900 ג',ליימן שליסל בעמ,,,יח,9,ל 100 גרם,false,1,12.90,1.43,false,1,
7290003143146,false,ממרח תמרים קליית גת (450 גרם),הדקלאים אגודת שיתופי,,,יח,4.50,ל 100 גרם,false,1,5,1.11,false,1,
7290003143276,false,יוגטה מרשמלו ממתק מוקצף בטעם תות שדה 180 גרם,תות ממתקי איכות,,,יח,1.80,ל 100 גרם,false,1,6.90,3.83,false,1,
7290003144419,false,סילאן טבעי קליית גת (710 גרם),ליימן שליסל בעמ,,,יח,7.10,ל 100 גרם,false,1,19.90,2.80,false,1,
7290003145751,false,אגוזי קשיו קלויים קליית גת (200 גרם),הדקלאים אגודת שיתופי,,,יח,2,ל 100 גרם,false,1,14.90,7.45,false,1,
7290003145959,false,פקאן טבעי קליית גת 150 גרם,ליימן שליסל בעמ,,,יח,1.50,ל 100 גרם,false,1,19.90,13.27,false,1,
7290003185719,false,קבב רומני טיבון ויל 500 גרם,טיבון ויל אחזקות בעמ,,,יח,5,ל 100 גרם,false,1,17.90,3.58,true,1,
7290003189076,false,פיצרלה הצהובה הטובה מגורדת 22% כפיר 500 גרם,צי תעשיות מזון יבנה,,,יח,5,ל 100 גרם,false,1,17.90,3.58,false,1,
7290003199273,false,צמר פלדה 200 גרם ינה,ח.כהן סוכנות מזון ומשקאות בע,,,יח,2,ל 100 גרם,false,1,5.90,2.95,false,1,
7290003229208,false,פסטרמה ספרדית 2% טירת צבי 360 גרם,תנובה מרכז שיתופי לשיווק תוצרת,,,יח,3.60,ל 100 גרם,false,1,26.90,7.47,false,1,
7290003258284,false,"קרם גוף מס' 3 350 מ""ל פנינה רוזנבלום",פנינה רוזנבלום בעמ,,,יח,3.50,"ל 100 מ""ל",false,1,28.90,8.26,false,1,
7290003258291,false,"דאודורנט ספריי לנשים 150 מ""ל פנינה רוזנבלום","פנינה רוזנבלום בע""מ",,,יח,1.50,"ל 100 מ""ל",false,1,18.90,12.60,true,1,
7290003287253,false,נקניקיות מרגז הקצביה 500 גרם בלדי,בלדי בעמ,,,יח,5,ל 100 גרם,false,1,27.90,5.58,false,1,
7290003287284,false,קבב ביתי קצביה ארוז 600 גר`באלדי,בלדי בע`מ,,,יח,6,ל 100 גרם,false,1,27.90,4.65,false,1,
7290003287291,false,קבב טלה וצנובר קצביה ארוז 600 ג' - 8 יח',יוליניבר,,,יח,6,ל 100 גרם,false,1,27.90,4.65,false,1,
7290003287307,false,קבב רומני קצביה ארוז 600 גר`באלדי,בלדי בע`מ,,,יח,6,ל 100 גרם,false,1,27.90,4.65,false,1,
7290003318100,false,וופל בטעם שוקולד מנעמים 200 ג',ח.כהן סוכנות מזון ומשקאות,,,יח,2.50,ל 100 גרם,false,1,2.90,1.16,false,1,
7290003318131,false,ופל קלאסיק אגוז 200 גרם מנעמים,ח.כהן סוכנות מזון ומשקאות,,,יח,2.50,ל 100 גרם,false,1,2.90,1.16,false,1,
7290003318155,false,וופל טעם לימון מנעמים 200 ג',ח.כהן סוכנות מזון ומשקאות בע,,,יח,2.50,ל 100 גרם,false,1,2.90,1.16,false,1,
7290003318599,false,וופלים וניל מנעמים 200 גרם,ח.כהן סוכנות מזון ומשקאות בע,,,יח,2,ל 100 גרם,false,1,2.90,1.45,false,1,
7290003321155,false,יוגורט בר עם פקאן מצופה שוקולד 183 ג' דנונה,שטראוס גרופ בעמ/מצונן,,,יח,1.83,"ל 100 מ""ל",false,1,4.50,2.46,false,1,
7290003387205,false,ספיד סטיק - דאודורנט סטיק לגבר רגולר,הנסיך- מפעל לייצור ט,,,יח,0.6370,ל 100 גרם,false,1,19.90,31.24,true,1,
7290003401369,false,"קרם לחות לשיער חוחובה נטורל פורמולה 400 מ""ל",החברה הדרומית לשיווק בעמ,,,יח,4,"ל 100 מ""ל",false,1,19.90,4.98,false,1,
7290003401376,false,"קרם לחות ועיצוב לשיער אלוורה נטורל 400 מ""ל",החברה הדרומית לשיווק בעמ,,,יח,4,"ל 100 מ""ל",false,1,19.90,4.98,false,1,
7290003401420,false,"קרם לחות לשיער סיליקון כתום נטורל 400 מ""ל",החברה הדרומית לשיווק בעמ,,,יח,4,"ל 100 מ""ל",false,1,19.90,4.98,false,1,
7290003427154,false,"שמן זית כתית מעולה טעם מעודן זיתא 750 מ""ל",תה ויסוצקי (ישראל) בעמ,,,יח,7.50,"ל 100 מ""ל",false,1,34.90,4.65,true,1,
7290003427178,false,"שמן זית כתית מעולה 500 מ""ל",תה ויסוצקי (ישראל)בעמ,,,יח,5,"ל 100 מ""ל",false,1,25.90,5.18,false,1,
7290003438006,false,ממרח אולביה פסטו וצנובר איטלקי 190ג',תה ויסוצקי (ישראל) בעמ,,,יח,1.80,ל 100 גרם,false,1,12.90,7.17,true,1,
7290003438013,false,7290003אוליביה ממרח זיתים ירוקים 190 גרם,תה ויסוצקי (ישראל) בעמ,,,יח,1.90,ל 100 גרם,false,1,12.90,6.79,true,1,
7290003438020,false,אוליביה ממרח עגבניות מיובשות (190 גרם),תה ויסוצקי (ישראל) בעמ,,,יח,1.90,ל 100 גרם,false,1,12.90,6.79,true,1,
7290003438709,false,ממרח אולביה זיתים שחורים וירוקים 190 ג',תה ויסוצקי (ישראל) בעמ,,,יח,1.90,ל 100 גרם,false,1,12.90,6.79,true,1,
7290003438853,false,אוליביה ממרח אריסה חריפה 185 גר ',תה ויסוצקי (ישראל) בעמ,,,יח,1.80,ל 100 גרם,false,1,12.90,7.17,true,1,
7290003438990,false,עיטורי עגבניות מיובשות וזיתים אוליביה 280 ג',תה ויסוצקי (ישראל) בעמ,,,יח,2.80,ל 100 גרם,false,1,16.90,6.04,true,1,
7290003457991,false,טילון קורנטו וניל עם וופל ואגוזי לוז מסוכרים,"גלידת שטראוס בע""\מ, רחוב",,,יח,1,,false,1,35.60,35.60,false,1,
7290003461677,false,"חומוס אסלי 1 ק""ג}שמיר{","סלטי שמיר 2006 בע""מ",,,יח,10,ל 100 גרם,false,1,11.90,1.19,false,1,
7290003475124,false,בלונס מסיר איפור 80 יח,ש. שסטוביץ בע`מ,,,יח,1,ל 100 גרם,false,1,5.90,5.90,false,1,
7290003521210,false,סרקל מרכך שיער לילדים דר. פישר (2 ליטר),"פישר תעשיות פרמצביטות בע""מ",,,יח,20,"ל 100 מ""ל",false,1,38.90,1.95,false,1,
7290003521760,false,"אפטרסול ג'ל אלוורה שפורפרת ד""ר פישר 200 מ""ל","פישר תעשיות פרמצביטות בע""מ",,,יח,2,"ל 100 מ""ל",false,1,19.90,9.95,false,1,
7290003525898,false,שלישיית סלט טונה ויליגר 160 גרם,נטו מילנדה סחר בעמ*,,,יח,1.80,ל 100 גרם,false,1,14.90,8.28,false,1,
7290003525904,false,שלישיית סלט טונה פיקנטי ויליגר 160 גרם,נטו מילנדה סחר בעמ*,,,יח,4.80,ל 100 גרם,false,1,14.90,3.10,false,1,
7290003526444,false,אננס חתוך ויליגר A2 מהדרין,נטו מלינדה סחר בע`מ,,,יח,1,,false,1,6.20,6.20,false,1,
7290003527380,false,דובדבן ללא חרצן בצנצנת ויליגר 680 גרם,נטו מילנדה סחר בעמ*,,,יח,6.80,ל 100 גרם,false,1,9.90,1.46,false,1,
7290003550753,false,נתחי טונה בהירה בשמן פוסידון (108x4 גרם),נטו מילנדה סחר בעמ*,,,יח,4,למארז,false,1,19.80,4.95,false,1,
7290003570928,false,קבב בלדי קצביה ארוז קפוא 500ג',בלדי בעמ,,,יח,5,ל 100 גרם,false,1,27.90,5.58,false,1,
7290003571550,false,סטייק טונה אלבקור בוואקום מהדרין,בלדי בעמ,,,"לק""ג",10,ל 100 גרם,true,1,44.90,4.49,false,1,
7290003578078,false,קוקטייל פירות טרופי בסירופ קל ויליפוד 850 גרם,ג. וילי-פוד אינטרנשיונל בע`מ,,,יח,8.50,ל 100 גרם,false,1,9.90,1.16,false,1,
7290003578290,false,וילי פוד מקלוני אורז בדץ 300ג,ג. וילי-פוד אינטרנשיונל בע`מ,,,יח,3,ל 100 גרם,false,1,7.90,2.63,false,1,
7290003578313,false,דובדבנים ללא חרצנים ויליפוד 680 גרם,ג. וילי-פוד אינטרנשיונל בע`מ,,,יח,6.80,ל 100 גרם,false,1,9.90,1.46,false,1,
7290003578719,false,ירקות כבושים מעורבים בצנצנת 1.6 קג,ג. וילי-פוד אינטרנשיונל בע`מ,,,יח,1.60,"לק""ג",false,1,17.90,11.19,false,1,
7290003598472,false,"סלמון נורבגי מנות בלדי בד""צ",לאטי עזרא,,,"לק""ג",10,ל 100 גרם,true,1,89.90,8.99,false,1,
7290003643004,false,אורז בסמטי קלאסי סוגת (1 קג),האי נאם סי או אל.טי.,,,יח,10,ל 100 גרם,false,1,12.90,1.29,false,1,
7290003643127,false,עשיריה אבקת אפיה 10*10 גרם סוגת,גוד פוד פרודקטס S.p,,,יח,1,ל 100 גרם,false,1,1.90,1.90,false,1,
7290003643134,false,סוכר וניל סוגת 100 גרם מארז 10 יחידות,גוד פוד פרודקטס S.p,,,יח,1,ל 100 גרם,false,1,1.90,1.90,false,1,
7290003643158,false,קורנפולר שקית 200 ג' סוגת,סוגת תעשיות בעמ,,,יח,2,ל 100 גרם,false,1,2.90,1.45,false,1,
7290003643165,false,סוגת קורנפלור 500 גרם,סוגת תעשיות בעמ,,,יח,5,ל 100 גרם,false,1,7.90,1.58,false,1,
7290003643172,false,סוגת אבקת סוכר 100 גרם,א.ל ייצור ושיווק תבל,,,יח,1,ל 100 גרם,false,1,1.90,1.90,false,1,
7290003643387,false,סוכר לבן בצנצנת פלסטיק 1 ק`ג,האי נאם סי או אל.טי.,,,יח,10,ל 100 גרם,false,8,7.90,0.79,false,1,
7290003643646,false,"סוכר דמררה קלאסי בצנצנת סוגת 1 ק""ג",האי נאם סי או אל.טי.,,,יח,10,ל 100 גרם,false,1,12.90,1.29,false,1,
7290003643684,false,אפונה יבשה סוגת 500 גר',האי נאם סי או אל.טי.,,,יח,5,ל 100 גרם,false,1,5.90,1.18,true,1,
7290003643707,false,גריסים סוגת (500 גרם),"סוגת תעשיות בע""מ",,,יח,5,ל 100 גרם,false,1,4.50,0.90,true,1,
7290003643714,false,חומוס גרגירים 500 גרם סוגת,האי נאם סי או אל.טי.,,,יח,5,ל 100 גרם,false,1,7.90,1.58,false,1,
7290003643738,false,חיטה סוגת (500 גרם),האי נאם סי או אל.טי.,,,יח,5,ל 100 גרם,false,1,4.50,0.90,true,1,
7290003643745,false,כוסמת סוגת (500 גרם),האי נאם סי או אל.טי.,,,יח,5,ל 100 גרם,false,1,6.90,1.38,false,1,
7290003643752,false,עדשים ירוקים יבש סוגת 500 גר',האי נאם סי או אל.טי.,,,יח,5,ל 100 גרם,false,1,6.90,1.38,false,1,
7290003643769,false,עדשים אדומים יבש סוגת 500 גר',"סוגת תעשיות בע""\מ",,,יח,5,ל 100 גרם,false,1,6.90,1.38,false,1,
7290003643776,false,"פופקורן גרעינים סוגת 500 ג' כשל""פ",האי נאם סי או אל.טי.,,,יח,5,ל 100 גרם,false,12,5.90,1.18,false,1,
7290003643783,false,קוקוס טחון סוגת 100 גרם,האי נאם סי או אל.טי.,,,יח,1,ל 100 גרם,false,1,3.60,3.60,true,1,
7290003643806,false,שעועית לבנה יבשה סוגת (500 גרם),האי נאם סי או אל.טי.,,,יח,5,ל 100 גרם,false,1,10.90,2.18,true,1,
7290003643813,false,שעועית אדומה יבשה סוגת 500 גר',האי נאם סי או אל.טי.,,,יח,5,ל 100 גרם,false,1,10.90,2.18,true,1,
7290003643820,false,חומוס ענק יבש סוגת 500 גרם,"סוגת תעשיות בע""\מ",,,יח,5,ל 100 גרם,false,1,9.90,1.98,false,1,
7290003681006,false,צימוקים לבנים 200גרם בד''ץ,מיה תעשיות מזון מ.ת.מ בעמ,,,יח,2,ל 100 גרם,false,1,8.90,4.45,false,1,
7290003681303,false,שעועית מעורבת יבשה מיה 500 גר',מיה תעשיות מזון מ.ת.מ. בעמ,,,יח,5,ל 100 גרם,false,1,9.90,1.98,true,1,
7290003681334,false,"קוקוס 400 גרם מיה בד""צ",מיה תעשיות מזון מ.ת.מ. בעמ,,,יח,4,ל 100 גרם,false,1,9.90,2.48,false,1,
7290003681693,false,חומוס לבן ענק יבש מיה 500 גר',מיה תעשיות מזון מ.ת.מ. בעמ,,,יח,5,ל 100 גרם,false,1,10.50,2.10,true,1,
7290003681716,false,גריסי פנינה מיה (500 גרם),מיה תעשיות מזון מ.ת.מ. בעמ,,,יח,5,ל 100 גרם,false,1,5.90,1.18,true,1,
7290003726592,false,טופו מתובל בפסטו במרקם קלאסי,שטראוס גרופ בעמ/מצונן,,,יח,3,"ל 100 מ""ל",false,1,10.90,3.63,false,1,
7290003726615,false,"טופו ויילר 300 גרם ""שטראוס""",שטראוס גרופ בעמ/מצונן,,,יח,3,"ל 100 מ""ל",false,1,10.90,3.63,false,1,
7290003726622,false,טופו פיקנטי 300 ג' משק ויילר,שטראוס גרופ בעמ/מצונן,,,יח,3,"ל 100 מ""ל",false,1,13.90,4.63,false,1,
7290003726684,false,טופו חומוס בטעם טבעי 300 ג' משק ויילר,שטראוס גרופ בעמ/מצונן,,,יח,3,"ל 100 מ""ל",false,1,11.90,3.97,true,1,
7290003726868,false,טופו חומוס בתוספת עגבניות מיובשות 300 ג' משק ויילר,שטראוס גרופ בעמ/מצונן,,,יח,3,"ל 100 מ""ל",false,1,13.90,4.63,true,1,
7290003726875,false,טופו חומוס בתוספת פסטו ויילר 300 גרם,שטראוס גרופ בעמ/מצונן,,,יח,3,"ל 100 מ""ל",false,1,13.90,4.63,true,1,
7290003781652,false,צלפים במי מלח וילי פוד 230 גרם,ג. וילי-פוד אינטרנשיונל בע`מ,,,יח,3.50,ל 100 גרם,false,1,9.80,2.80,false,1,
7290003781850,false,גבינת קשקבל פרוסות 200 גרם - דיספליי (18),ג.וילי-פוד אינטרנשיונל **גבינו,,,יח,2,ל 100 גרם,false,1,21.90,10.95,false,1,
7290003804252,false,תיבוליות לאורז בנוסח הודי קנור 80גרם,יוניליוור ישראל שיווק בע`מ,,,יח,0.72,ל 100 גרם,false,12,7.90,10.97,false,1,
7290003804320,false,תיבולית שום ופטרוזיליה קנור 72 גרם,יוניליוור ישראל שיווק בע`מ,,,יח,0.72,ל 100 גרם,false,12,7.90,10.97,false,1,
7290003804368,false,תיבוליות בזיליקום קנור (8 יח`- 72 גרם),יוניליוור ישראל שיווק בע`מ,,,יח,0.72,ל 100 גרם,false,12,7.90,10.97,false,1,
7290003804382,false,תיבוליות פטריות קנור (8 יח`- 72 גרם),יוניליוור ישראל שיווק בע`מ,,,יח,0.72,ל 100 גרם,false,12,7.90,10.97,false,1,
7290003805501,false,"פתית בסגנון שוודי תלמה בד""צ 300 גרם",יוניליוור ישראל שיווק בע`מ,,,יח,3,ל 100 גרם,false,6,14.90,4.97,false,1,
7290003805587,false,"פתית חיטה מלאה בד""צ 250 גרם-קופסא",יוניליוור ישראל שיווק בע`מ,,,יח,2.50,ל 100 גרם,false,6,14.90,5.96,false,1,
7290003807178,false,"רוטב קנור סויה בסגנון סיני 300 מ""ל",יוניליוור ישראל שיווק בע`מ,,,יח,3,"ל 100 מ""ל",false,12,9.90,3.30,false,1,
7290003807482,false,קנור רוטב טריאקי מופחת נתרן 370 גרם,יוניליוור ישראל שיווק בע`מ,,,יח,3,"ל 100 מ""ל",false,12,9.90,3.30,false,1,
7290003882922,false,עלי גפן ממולאים באורז וילי פוד 360 גרם,ג. וילי-פוד אינטרנשיונל בע`מ,,,יח,4,ל 100 גרם,false,1,9.90,2.48,false,1,
7290003896141,false,חטיף ספרדי פיקנטי אלמנדוס 200 גרם,הדקלאים אגודת שיתופי,,,יח,2,ל 100 גרם,false,1,8.90,4.45,true,1,
7290003989096,false,סלט חצילים פיקנטי אחלה 500 גרם,שטראוס גרופ בעמ/מצונן,,,יח,5.75,ל 100 גרם,false,1,15.90,2.77,true,1,
7290003989539,false,רביולי עם גבינה שטראוס (400 גרם),שטראוס גרופ בעמ/מצונן,,,יח,4,ל 100 גרם,false,1,19.90,4.98,true,1,
7290003989553,false,פסטה טורטליני גבינה ופטריות 400 גרם,שטראוס גרופ בעמ/מצונן,,,יח,4,ל 100 גרם,false,1,19.90,4.98,true,1,
7290003996018,false,חסה ערבית (שקית ) חסלט,"בכורי השדה צפון1994 ג.ד. בע""מ",,,יח,1,,false,1,8.90,8.90,false,1,
7290004011291,false,בסיס להכנת קצפת צמחי ריץ` (425 מל),נטו מלינדה סחר בע`מ,,,יח,4.25,"ל 100 מ""ל",false,1,13.90,3.27,false,1,
7290004030100,false,מיץ תפוזים ולנסיה סחוט 100% 1 ליטר,תנובה - פריניב,,,יח,1,לליטר,false,1,16.90,16.90,false,1,
7290004063115,false,"מלח מטבח עבה להמלחת בשר ובישול 1 ק""ג 1ק""ג",האי נאם סי או אל.טי.,,,יח,10,ל 100 גרם,false,1,1.70,0.17,false,1,
7290004064082,false,מטחנה מלח ים טבעי מלח הארץ 100 גרם,חברת מלח הארץ אילת ב,,,יח,1,,false,1,13.90,13.90,false,1,
7290004064099,false,מטחנה מלח ים מהרי ההימלאיה מלח הארץ 100 גרם,"חברת מלח הארץ אילת בע""\מ",,,יח,1,,false,1,13.90,13.90,false,1,
7290004064105,false,מטחנה מלח עשבי תיבול מלח הארץ 100 גרם,חברת מלח הארץ אילת ב,,,יח,1,,false,1,13.90,13.90,false,1,
7290004064174,false,"תבלין מלח ההימלאיה דק בצנצנת 1 ק""ג","חברת מלח הארץ אילת בע""\מ",,,יח,10,ל 100 גרם,false,1,17.90,1.79,false,1,
7290004064181,false,"תבלין מלח ההימלאיה גס בצנצנת 1 ק""ג","חברת מלח הארץ אילת בע""\מ",,,יח,10,ל 100 גרם,false,1,17.90,1.79,false,1,
7290004064198,false,מטחנת מלח ספייסי- אקסטרא תבלינים 115 ג',"מלח הארץ אילת בע""מ",,,יח,1,,false,1,13.90,13.90,false,1,
7290004064228,false,מלח במטחנה אקסטרא תבלינים שום ופלפל 125 גר',"חברת מלח הארץ אילת בע""\מ",,,יח,1,,false,1,13.90,13.90,false,1,
7290004064297,false,"מלח מועשר ביוד בצנצנת מלח הארץ 1 ק""ג","חברת מלח הארץ אילת בע""\מ",,,יח,10,ל 100 גרם,false,1,9.90,0.99,false,1,
7290004064303,false,מלח אטלנטי בצנצנת מלח הארץ 800 גרם,"חברת מלח הארץ אילת בע""\מ",,,יח,8,ל 100 גרם,false,1,19.90,2.49,false,1,
7290004064327,false,מלח פלוס פפריקה מלחייה 175 גרם,"חברת מלח הארץ אילת בע""\מ",,,יח,1.75,ל 100 גרם,false,1,9.90,5.66,false,1,
7290004064365,false,"מלח דק מועשר ביוד מלח הארץ קרטון 1 ק""ג","חברת מלח הארץ אילת בע""\מ",,,יח,10,ל 100 גרם,false,1,5.90,0.59,false,1,
7290004064372,false,מטחנת מלח אקסטרא תבלינים איטלקי 105 גר,"חברת מלח הארץ בע""\מ",,,יח,1,,false,1,13.90,13.90,false,1,
7290004064389,false,מלח הימלאיה דק 250ג מלחיה סוגת*,"חברת מלח הארץ אילת בע""\מ",,,יח,2.50,ל 100 גרם,false,1,9.90,3.96,false,1,
7290004068172,false,"יוגורט עיזים בדלי 5% 600 מ""ל רובין",מחלבות גד שיווק 1992 בעמ,,,יח,6,"ל 100 מ""ל",false,1,17.90,2.98,false,1,
7290004075231,false,סטייק אנטריקוט דק דק ארוז מחפוד פרימיו,עוף ירושלים שיווק בעמ,,,יח,1,יח,false,1,30,30,false,1,
7290004078690,false,"אגקס נוזל לניקוי אסלות מרענן 750 מ""ל",הנסיך- מפעל לייצור ט,,,יח,7.50,"ל 100 מ""ל",false,1,14.90,1.99,false,1,
7290004078942,false,ליידי ספיד סטיק - דאודורנט ג'ל לאישה 65 גרם,קולגייט-פלמוליב,,,יח,0.63,ל 100 גרם,false,1,19.90,31.59,true,1,
7290004091248,false,וזלין פטרוליום אינטנסיב קאר ג'ל 106 גר',יוניליוור ישראל שיווק בע`מ,,,יח,1.06,"ל 100 מ""ל",false,1,12.90,12.17,false,1,
7290004091255,false,ג'ל פטרוליום טהור 100% וזלין 212 גרם,יוניליוור ישראל שיווק בע`מ,,,יח,2.12,"ל 100 מ""ל",false,1,19.90,9.39,false,1,
7290004119133,false,כד יוגורט תנובה 6.5% שומן 1.5 ליטר,מיוצר עי קונדיטוריית,,,יח,1.50,לליטר,false,1,16.80,11.20,false,1,
7290004119225,false,יופלה יוגורט בטעם אננס %3 150 גרם,תנובה מרכז שיתופי לש,,,יח,1.50,"ל 100 מ""ל",false,1,4.90,3.27,false,1,
7290004119928,false,מעדן חלב בטעם וניל 2% קרלו תנובה 125 גרם,מחלבת אלון תבור,,,יח,1.25,"ל 100 מ""ל",false,1,2.80,2.24,false,1,
7290004119973,false,קרלו מעדן שוקו רביעיה גביע 1.5% 125 גרם,תנובה מרכז שיתופי לש,,,יח,1.25,"ל 100 מ""ל",false,1,2.80,2.24,false,1,
7290004120061,false,מעדן חלב בטעם שוקו וניל שוניל 2% קרלו 125 גרם,תנובה מרכז שיתופי לש,,,יח,1.25,"ל 100 מ""ל",false,1,2.80,2.24,false,1,
7290004120108,false,יופלה דיאט יוגורט דובדבן %0 גביע 150גרם,תנובה מרכז שיתופי לש,,,יח,1.50,"ל 100 מ""ל",false,1,4.90,3.27,false,1,
7290004120566,false,גבינה בולגרית (25024% גרם)פיראוס תנובה,"תנובה בע""מ ***",,,ל 100 גרם,2.50,ל 100 גרם,false,1,22.90,9.16,false,1,
7290004120573,false,גבינה בולגרית (25016% גרם)פיראוס תנובה,תנובה מרכז שיתופי לש,,,יח,2.50,ל 100 גרם,false,1,22.90,9.16,false,1,
7290004120634,false,גבינה בולגרית (2505% גרם)פיראוס תנובה,תנובה מרכז שיתופי לש,,,יח,2.50,ל 100 גרם,false,1,20.90,8.36,false,1,
7290004121488,false,יוגורט ביו דיאט 0% אפרסק יופלה (150 גרם),תנובה מרכז שיתופי לש,,,יח,1.50,"ל 100 מ""ל",false,1,4.90,3.27,false,1,
7290004121525,false,יופלה מאגדת פרי 4 תות 4 אפרסק 3% 8 יח'*150 ג',תנובה מרכז שיתופי לש,,,יח,1.20,לליטר,false,1,29.30,24.42,false,1,
7290004121754,false,יוגורט ביו עוגת גבינה ותות 3% יופלה 150 גרם,תנובה בעמ ***,,,יח,1.50,"ל 100 מ""ל",false,1,4.90,3.27,false,1,
7290004121839,false,גבינת פטה כבשים (25020% גרם)פיראוס בול,תנובה מרכז שיתופי לש,,,יח,2.50,ל 100 גרם,false,1,26.90,10.76,false,1,
7290004121853,false,גבינה בולגרית קוביות (2005% גרם)פיראוס,תנובה מרכז שיתופי לש,,,יח,2,ל 100 גרם,false,1,19.90,9.95,false,1,
7290004122119,false,פתיתי פרמזן לפסטה 23% השף הלבן 100 גרם,"תנובה בע""מ ***",,,יח,2,ל 100 גרם,false,1,10.90,5.45,false,1,
7290004122195,false,גוש חלב גבינה צהובה פרוסה 28% תנובה 200 גרם,"תנובה בע""מ ***",,,יח,2,ל 100 גרם,false,1,13.90,6.95,false,1,
7290004122270,false,עמק קלאסית פרוסות גבינה חצי קשה 28% 200 גרם,תנובה מרכז שיתופי לש,,,יח,2,ל 100 גרם,false,1,15.90,7.95,false,1,
7290004122348,false,גבינה צהובה מופחתת שומן 9% עמק (200 גרם),תנובה מרכז שיתופי לש,,,יח,2,ל 100 גרם,false,1,16.90,8.45,false,1,
7290004122676,false,גבינה חמד לייט (2505% גרם)פיראוס תנובה,"תנובה,מחלבת טנא נוגה",,,יח,2.50,ל 100 גרם,false,1,17.90,7.16,false,1,
7290004122683,false,עמק חטיף אצבעות גבינה חצי קשה 28% שומן,תנובה מרכז שיתופי לש,,,יח,1.72,ל 100 גרם,false,1,15.60,9.07,false,1,
7290004124205,false,יופלה דיאט יוגורט תות %0 גביע 150 גרם,תנובה מרכז שיתופי לש,,,יח,1.50,"ל 100 מ""ל",false,1,4.90,3.27,false,1,
7290004124847,false,"קצפת צמחית השף הלבן 500 מ""ל תנובה",תנובה מרכז שיתופי לש,,,יח,5,ל 100 גרם,false,1,14.90,2.98,false,1,
7290004125370,false,"שמנת חמוצה 9% מופחתת שומן תנובה 200 מ""ל מהדרין",תנובה מרכז שיתופי לש,,,יח,2,"ל 100 מ""ל",false,1,3.50,1.75,false,1,
7290004125400,false,"אשל שלי מהדרין 200 מ""ל 4.5% ""תנובה""- מוצר בפיקוח",פארייפאבה אגרואינדוס,,,יח,2,"ל 100 מ""ל",false,1,1.69,0.85,false,1,
7290004125417,false,"גיל 3% שלי 200 מ""ל ""תנובה"" -מוצר בפיקוח",תנובה מרכז שיתופי לש,,,יח,2,"ל 100 מ""ל",false,1,1.51,0.76,false,1,
7290004125455,false,"שמנת חמוצה 200 מ""ל 15% ""תנובה"" -מוצר בפיקוח",תנובה מרכז שיתופי לש,,,יח,2,"ל 100 מ""ל",false,1,2.40,1.20,false,1,
7290004125462,false,"שמנת חמוצה 15% תנובה 500 מ""ל מהדרין",תנובה מרכז שיתופי לש,,,יח,5,"ל 100 מ""ל",false,1,6,1.20,false,1,
7290004125509,false,"שמנת חמוצה 15% מועשרת תנובה 100 מ""ל",תנובה מרכז שיתופי לש,,,יח,1,"ל 100 מ""ל",false,1,1.70,1.70,false,1,
7290004125578,false,משקה סויה מעושר בסידן תנובה 1ל',תנובה מרכז שיתופי לש,,,יח,10,"ל 100 מ""ל",false,1,9.90,0.99,false,1,
7290004125585,false,משקה סויה בטעם וניל תנובה 1 ליטר,תנובה מרכז שיתופי לש,,,יח,10,"ל 100 מ""ל",false,1,9.90,0.99,false,1,
7290004125721,false,"השף הלבן שמנת עמידה לבישול 15% תנובה 250 מ""ל",תנובה מרכז שיתופי לש,,,יח,2.50,"ל 100 מ""ל",false,1,8.10,3.24,false,1,
7290004125738,false,שמנת מתוקה להקצפה32% 250מל עמיד השף הלבן,תנובה מרכז שיתופי לש,,,יח,2.50,"ל 100 מ""ל",false,1,6.20,2.48,false,1,
7290004126674,false,טל העמק פרוסות גבינה חצי קשה לייט %9 200 גרם בקופסא,תנובה מרכז שיתופי לש,,,יח,2,ל 100 גרם,false,1,18.90,9.45,false,1,
7290004126759,false,דאיט יופלה פירות יער טו יוג פרי 150גר.,"תנובה בע""מ ***",,,יח,1.50,"ל 100 מ""ל",false,1,4.90,3.27,false,1,
7290004126872,false,משקאות חלב תנובה שוקו בקבוק 250מל,תנובה - חלב,,,יח,2.50,"ל 100 מ""ל",false,1,5.50,2.20,false,1,
7290004127077,false,קוטג תנובה 3% גביע 250 גרם מהדרין,מיוצר עי קונדיטוריית,,,יח,2.50,ל 100 גרם,false,1,5.50,2.20,false,1,
7290004127329,false,קוטג תנובה גביע 250 גרם %5 ו.מהדרין,מיוצר עי קונדיטוריית,,,יח,2.50,ל 100 גרם,false,1,5.50,2.20,false,1,
7290004127336,false,קוטג תנובה גביע 250 גרם %9 ו.מהדרין,מיוצר עי קונדיטוריית,,,יח,2.50,ל 100 גרם,false,1,5.50,2.20,false,1,
7290004127800,false,"גבינה לבנה 500 גרם 5% ""תנובה"" -מוצר בפיקוח",מיוצר עי קונדיטוריית,,,יח,5,ל 100 גרם,false,1,9.90,1.98,false,1,
7290004127817,false,גבינה לבנה 9% שומן 500 ג' תנובה,מיוצר עי קונדיטוריית,,,יח,5,ל 100 גרם,false,1,9.50,1.90,false,1,
7290004127862,false,"גבינה לבנה 750 גרם 5% ""תנובה"" - מוצר בפיקוח",תנובה מרכז שיתופי לש,,,יח,7.50,ל 100 גרם,false,1,14.90,1.99,false,1,
7290004127916,false,גבינה לבנה 0.5% שומן 500 ג' תנובה,תנובה מרכז שיתופי לש,,,יח,5,ל 100 גרם,false,1,9.50,1.90,false,1,
7290004128340,false,קרם גבינת שמנת %5 בטעם טבעי 200 ג' תנובה,"תנובה בע""מ ***",,,יח,2,ל 100 גרם,false,1,10.90,5.45,false,1,
7290004128364,false,קרם גבינת שמנת 5% עם זיתים ירוקים 200 ג' תנובה,"תנובה, מחלבת תל יוסף",,,יח,2,ל 100 גרם,false,1,10.90,5.45,false,1,
7290004128432,false,פתיתים מיוחדים לפיצה על בסיס גבינה 500 ג',תנובה - חלב,,,יח,5,ל 100 גרם,false,1,21.70,4.34,false,1,
7290004129101,false,גבינת שמנת 25% בטעם טבעי 225 ג' נפוליאון,תנובה מרכז שיתופי לש,,,יח,2.25,ל 100 גרם,false,1,12.90,5.73,false,1,
7290004129156,false,גבינת שמנת25% עם שום שמיר 225 ג' נפוליאון,תנובה מרכז שיתופי לש,,,יח,2.25,ל 100 גרם,false,1,12.90,5.73,false,1,
7290004129767,false,"3% 'יופלה לבן מארז שמינייה 1.2 ק""ג",תנובה מרכז שיתופי לש,,,יח,1.20,לליטר,false,1,16.90,14.08,false,1,
7290004130695,false,משקאות חלב תנובה אייס קפה בבקבוק 1ל,תנובה מרכז שיתופי לש,,,יח,1,לליטר,false,1,12.60,12.60,false,1,
7290004130794,false,משקה סויה במתיקות מופחתת תנובה (1 ליטר),תנובה מרכז שיתופי לש,,,יח,1,לליטר,false,1,9.90,9.90,false,1,
7290004130916,false,יוגורט יופלה פירות יער בשמנת 3% 150 גרם,תנובה מרכז שיתופי לש,,,יח,1.50,"ל 100 מ""ל",false,1,4.90,3.27,false,1,
7290004131074,false,"חלב 1 ליטר 3% קרטון ""תנובה""- מוצר בפיקוח",תנובה מרכז שיתופי לש,,,יח,10,לליטר,false,1,6.23,0.62,false,1,
7290004131531,false,שוקו 30% פחות תוספת סוכר תנובה (1 ליטר),פארייפאבה אגרואינדוס,,,יח,1,לליטר,false,1,12.30,12.30,false,1,
7290004131814,false,גבינת צפתית מעודנת (2005% גרם)פיראוס ת,פארייפאבה אגרואינדוס,,,יח,2,ל 100 גרם,false,1,14.50,7.25,false,1,
7290004131845,false,לאבנה גביע 9% 750 גר`פיראוס תנובה,תנובה מרכז שיתופי לש,,,יח,8.25,ל 100 גרם,false,1,20.90,2.53,false,1,
7290004132170,false,"לבן טבעי 1.5% 150 מ""ל יופלה","תנובה בע""מ ***",,,יח,1.50,"ל 100 מ""ל",false,1,2.80,1.87,false,1,
7290004132552,false,משקה סויה בטעם טבעי לייט תנובה 1 ליטר,תנובה מרכז שיתופי לש,,,יח,1,לליטר,false,1,9.90,9.90,false,1,
7290004132606,false,"קרלו מעדן חלב בטעם וניל 2% תנובה 8*100 מ""ל",תנובה מרכז שיתופי לש,,,יח,8,"ל 100 מ""ל",false,1,13.90,1.74,false,1,
7290004132712,false,חטיף אצבעות גבינת מוצרלה 20% 172 ג' עמק,תנובה מרכז שיתופי לש,,,יח,1.74,ל 100 גרם,false,1,15.90,9.14,false,1,
7290004132903,false,גבינה לבנה 3% מהדרין תנובה 250 גרם,תנובה מרכז שיתופי לש,,,יח,2.50,ל 100 גרם,false,1,4.75,1.90,false,1,
7290004133511,false,יופלה מאגדת לבן 1.5% מעודן 8 יח' * 150 ג',מיוצר עי קונדיטוריית,,,יח,1.20,לליטר,false,1,19.90,16.58,false,1,
7290004134945,false,יוגורט ביו 3% בטעם מוקה יופלה (150 גרם),תנובה מרכז שיתופי לש,,,יח,1.50,"ל 100 מ""ל",false,1,4.90,3.27,false,1,
7290004135058,false,שמיניית קרלו מיני שוקולד 100 גרם מהדרין,תנובה מרכז שיתופי לש,,,יח,8,"ל 100 מ""ל",false,1,13.90,1.74,false,1,
7290004135072,false,"מעדן חלב מיני שוקולדה 1.5% מהדרין קרלו 8*100 מ""ל",תנובה מרכז שיתופי לש,,,יח,8,"ל 100 מ""ל",false,1,13.90,1.74,false,1,
7290004135119,false,מעדן חלב בטעם וניל בדץ קרלו (100x8 גרם),תנובה מרכז שיתופי לש,,,יח,8,"ל 100 מ""ל",false,1,13.90,1.74,false,1,
7290004135225,false,מעדן חלב דל קלוריות בטעם שוקולד 0.2שומ,תנובה מרכז שיתופי לש,,,יח,1.50,"ל 100 מ""ל",false,1,3.90,2.60,false,1,
7290004135614,false,גבינה בולגרית מעודנת 5% פיראוס 250 גרם,"תנובה בע""מ ***",,,יח,2.50,ל 100 גרם,false,1,19.90,7.96,false,1,
7290004136154,false,"משקה חלב אייס קפה תנובה בבקבוק 340 מ""ל",גוד פוד פרודקטס S.p,,,יח,3.40,"ל 100 מ""ל",false,1,6.90,2.03,false,1,
7290004136598,false,מארז הפסקת אוכל עם קורנפלקס ומשקה חלב עמיד בטעם וניל,פארייפאבה אגרואינדוס,,,יח,1.50,"ל 100 מ""ל",false,1,8.90,5.93,false,1,
7290004136857,false,מעדן ג`לי בטעם פטל תנובה (125 גרם),תנובה מרכז שיתופי לש,,,יח,1.25,"ל 100 מ""ל",false,1,2.20,1.76,false,1,
7290004136864,false,מעדן ג'לי בטעם אננס עם חתיכות תנובה 125 גרם,תנובה בעמ ***,,,יח,1.25,"ל 100 מ""ל",false,1,2.70,2.16,false,1,
7290004136871,false,מעדן ג'לי בטעם אפרסק עם חתיכות תנובה 125 גרם,תנובה מרכז שיתופי לש,,,יח,1.25,"ל 100 מ""ל",false,1,2.70,2.16,false,1,
7290004137021,false,"שמנת עמידה לבישול מופחת שומן 10% השף הלבן 250 מ""ל",תנובה מרכז שיתופי לש,,,יח,2.50,"ל 100 מ""ל",false,1,8.10,3.24,false,1,
7290004137311,false,גבינה צהובה מופחתת שומן 9% עמק (400 גרם),"תנובה בע""מ ***",,,יח,4,ל 100 גרם,false,1,29.90,7.48,false,1,
7290004137809,false,לאבנה אסלית 5% גביע (250 גרם)פיראוס תנו,"תנובה, מחלבת אלון תב",,,יח,2.50,ל 100 גרם,false,1,12.10,4.84,false,1,
7290004146986,false,נקה 7 שמפו לשיער צבוע ומובהר 750 מל,החברה הדרומית לשיווק בעמ,,,יח,7.50,"ל 100 מ""ל",false,1,10.90,1.45,false,1,
7290004146993,false,נקה 7 מרכך שיער צבוע ומובהר 750 מל,החברה הדרומית לשיווק בעמ,,,יח,7.50,"ל 100 מ""ל",false,1,10.90,1.45,false,1,
7290004150143,false,חציל במיונז פיקנטי פרימיום 300 גרם שמיר,"סלטי שמיר 2006 בע""\מ",,,יח,3,ל 100 גרם,false,1,14.90,4.97,true,1,
7290004150204,false,מטבוחה 300 גרם פיקנטי פרימיום,"סלטי שמיר 2006 בע""\מ",,,יח,3,ל 100 גרם,false,1,14.90,4.97,true,1,
7290004150211,false,תורכי איסטנבול פיקנטי פרימיום 300 גרם שמיר,"סלטי שמיר 2006 בע""\מ",,,יח,3,ל 100 גרם,false,1,14.90,4.97,true,1,
7290004150228,false,כרוב אדום פיקנטי פרימיום 300 גרם שמיר,"סלטי שמיר 2006 בע""\מ",,,יח,3,ל 100 גרם,false,1,14.90,4.97,true,1,
7290004150235,false,חומוס עם חריף פיקנטי פרימיום 300 גרם שמיר,"סלטי שמיר 2006 בע""\מ",,,יח,3,ל 100 גרם,false,1,14.90,4.97,true,1,
7290004150365,false,חומוס בטטה פיקנטי פרימיום 300 גרם שמיר,"סלטי שמיר 2006 בע""\מ",,,יח,3,ל 100 גרם,false,1,14.90,4.97,true,1,
7290004165017,false,"רסק תפו""ע 600 גרם טבעי ללא סוכר יכין",ב ספירת מלאי,,,יח,5.60,ל 100 גרם,false,1,8.90,1.59,false,1,
7290004228804,false,עלי בצק לסיגרים ואגרול שלושת האופים (450,נטו מלינדה סחר בע`מ,,,יח,4.50,ל 100 גרם,false,1,12.90,2.87,false,1,
7290004229931,false,"אורז הבמאי הימליה 1ק""ג",נטו מילנדה סחר בעמ*,,,יח,10,ל 100 גרם,false,1,10.90,1.09,false,1,
7290004256371,false,ריץ פרוס 400 ג' -צהובה פרוסה,נטו מילנדה סחר בעמ*,,,יח,4,ל 100 גרם,false,1,17.90,4.48,false,1,
7290004267049,false,עוגיות ריבועיות מיני שוקו וניל ברמן 200 גרם,ח.כהן סוכנות מזון ומשקאות בע,,,יח,3,ל 100 גרם,false,1,4.90,1.63,true,1,
7290004267087,false,עוגיות מצופות שוקולד כרמל בר-מן 200 גרם,ח.כהן סוכנות מזון ומשקאות בע,,,יח,2.50,ל 100 גרם,false,1,4.90,1.96,true,1,
7290004267124,false,עוגיות ממולאות בטעם תות שדה בר-מן 200 גרם,ח.כהן סוכנות מזון ומשקאות בע,,,יח,3,ל 100 גרם,false,1,4.90,1.63,true,1,
7290004324605,false,גבינה מותכת למריחה בטעם רוקפור 7% מון בלאן 120 ג',נטו מילנדה סחר בעמ*,,,יח,1.20,ל 100 גרם,false,1,9.90,8.25,false,1,
7290004324858,false,קבב כבש טיבון ויל 500 גרם,"טיבון ויל אחזקות בע""",,,יח,5,ל 100 גרם,false,1,17.90,3.58,true,1,
7290004492274,false,בייגלה טבעות מלוחות בייגל בייגל 400 גרם,יוניליוור ישראל שיווק בע`מ,,,יח,4,ל 100 גרם,false,1,9.90,2.48,true,1,
7290004492762,false,"נשנושים תירס אפוי טעם טבעי בייגל בייגל 325 גרם בד""צ",יוניליוור ישראל שיווק בע`מ,,,יח,3.25,ל 100 גרם,false,12,11.90,3.66,false,1,
7290004494063,false,יין דלתון פטיט סירה 750 מל,הכרם -משקאות חריפים בעמ,,,יח,7.50,"ל 100 מ""ל",false,1,54.90,7.28,false,1,
7290004494148,false,"דלתון גליל מרלו 750 מ""ל",הכרם - משקאות חריפים בעמ,,,יח,7.50,"ל 100 מ""ל",false,1,54.90,7.28,false,1,
7290004554354,false,גלידת פנטזיה שמנת שכבות שוקו וניל 1,"גלידת שטראוס בע""\מ, רחוב",,,יח,9,"ל 100 מ""ל",false,1,19.90,2.21,false,1,
7290004554903,false,"גלידת פנטזיה שוקו וניל 900 מ""ל שטראוס","גלידת שטראוס בע""\מ, רחוב",,,יח,9,"ל 100 מ""ל",false,1,19.90,2.21,false,1,
7290004584306,false,רבעיית גמדים בטעם תות בננה * 100 ג' שטראוס,שטראוס גרופ בעמ/מצונן,,,יח,4,"ל 100 מ""ל",false,1,11.30,2.83,true,1,
7290004584351,false,גבינה לבנה סימפוניה עם תוספות 200 ג' חמישית 200,שטראוס גרופ בעמ/מצונן,,,יח,2,ל 100 גרם,false,1,11.20,5.60,true,1,
7290004584528,false,יוגורט דנונה ביו לבן 1.7% שומן 200 גרם,שטראוס גרופ בעמ/מצונן,,,יח,2,"ל 100 מ""ל",false,1,3.50,1.75,false,1,
7290004585907,false,דני ועדן וניל 1.5% 125ג' שטראוס,שטראוס גרופ בעמ/מצונן,,,יח,1.30,"ל 100 מ""ל",false,1,2.60,2,false,1,
7290004645106,false,פילה סלמון פרוס ש.רוזנרס,ש.רוזנרס בעמ,,,"לק""ג",10,ל 100 גרם,true,1,89.90,8.99,false,1,
7290004645267,false,נסיכת נילוס פרוס ש.רוזונרס,ש.רוזנרס בעמ,,,"לק""ג",10,ל 100 גרם,true,1,59.90,5.99,false,1,
7290004645434,false,פילה סלמון קפוא ללא עור,ש.רוזנרס בעמ,,,"לק""ג",10,ל 100 גרם,true,1,99,9.90,false,1,
7290004652418,false,מיני ג'חנון ללא מרגרינה שגב 650 גרם,נטו מילנדה סחר בעמ*,,,יח,6.50,ל 100 גרם,false,1,19.90,3.06,false,1,
7290004731090,false,אל סבון נוזלי קמומיל כיף (1 ליטר),החברה הדרומית לשיווק בעמ,,,יח,1,לליטר,false,1,11.90,11.90,false,1,
7290004731472,false,"שלישיית אלסבון צבעוני כיף 500 מ""ל",החברה הדרומית לשיווק בעמ,,,יח,1.50,לליטר,false,1,18.90,12.60,false,1,
7290004731519,false,"מקסימה מרכך ומבשם כביסה למייבש סנסיטיב סנו 750 מ""ל",החברה הדרומית לשיווק בעמ,,,יח,7.50,"ל 100 מ""ל",false,1,17.90,2.39,false,1,
7290004731557,false,"מקסימה תרסיס מרכך ומבשם כביסה במייבש מאסק סנו 750 מ""ל",החברה הדרומית לשיווק בעמ,,,יח,7.50,"ל 100 מ""ל",false,1,17.90,2.39,false,1,
7290004731564,false,"מקסימה מבשם ומרכך למייבש הכביסה בלו בלוסום 750 מ""ל",החברה הדרומית לשיווק בעמ,,,יח,7.50,"ל 100 מ""ל",false,1,17.90,2.39,false,1,
7290004731670,false,"מטהר אוויר דואופרש פצ'ולי לבנדר סנו 300 מ""ל",החברה הדרומית לשיווק בעמ,,,יח,3,"ל 100 מ""ל",false,1,10.90,3.63,false,1,
7290004737719,false,אספרגוס שלם מקולף בצנצנת ויליפוד 330 גרם,ג.וילי-פוד אינטרנשיונל בעמ,,,יח,3.30,ל 100 גרם,false,1,9.20,2.79,false,1,
7290004737900,false,חלב כחוש מרוכז וממותק בתוספת שמן צמחי ויליפוד 397 גרם,ג. וילי-פוד אינטרנשיונל בע`מ,,,יח,3.97,ל 100 גרם,false,1,9.90,2.49,false,1,
7290004737955,false,ממרח חמאה לורפאק במש,ג.וילי-פוד אינטרנשיונל **גבינו,,,ל 100 גרם,10,ל 100 גרם,true,1,38,3.80,false,1,
7290004861285,false,גבינה טבורוג המושבה,מחלבת המושבה בעמ`,,,ל 100 גרם,10,ל 100 גרם,true,1,31,3.10,false,1,
7290004944032,false,חומוס אמיתי אסלי שמיר 400 גרם,"סלטי שמיר 2006 בע""מ",,,יח,4,ל 100 גרם,false,1,10.90,2.73,true,1,
7290004944049,false,טחינה אסלי שמיר 400 גרם,"סלטי שמיר 2006 בע""מ",,,יח,4,ל 100 גרם,false,1,10.90,2.73,true,1,
7290004944056,false,סדרת האסלי חציל במיונז שמיר 400 גרם,"סלטי שמיר 2006 בע""מ",,,יח,4,ל 100 גרם,false,1,10.90,2.73,true,1,
7290005008184,false,"סבון נוזלי בניחוח חלב שקדים פלמוליב 500 מ""ל",הנסיך- מפעל לייצור ט,,,יח,5,"ל 100 מ""ל",false,1,16.90,3.38,false,1,
7290005008191,false,"סבון נוזלי ארומה בניחוח לבנדר פטצ'ולי וילנג ילנג פלמוליב 500 מ""ל",הנסיך- מפעל לייצור ט,,,יח,5,"ל 100 מ""ל",false,1,16.90,3.38,false,1,
7290005008481,false,ספיד סטיק - דאודורנט ג'ל לגבר ספורט 85 גרם,הנסיך- מפעל לייצור ט,,,יח,0.85,ל 100 גרם,false,1,19.90,23.41,true,1,
7290005017919,false,המבורגר אנטריקוט נתח אדום,נתח אדום עוזי ביטון ובניו בעמ,,,יח,7,ל 100 גרם,false,1,29.90,4.27,false,1,
7290005017926,false,המבורגר טלה נתח אדום,נתח אדום עוזי ביטון ובניו בעמ,,,יח,1,,false,1,29.90,29.90,false,1,
7290005017971,false,קבב עירקי פרימיום 600 גר,נתח אדום עוזי ביטון ובניו בעמ,,,יח,7,ל 100 גרם,false,1,29.90,4.27,false,1,
7290005017988,false,נקניקיות צ`וריסוס נתח אדום,נתח אדום עוזי ביטון ובניו בעמ,,,יח,7,ל 100 גרם,false,1,29.90,4.27,false,1,
7290005068058,false,תירס קל מופחת קלוריות 550 ג' פרי הגליל,ויטה- פרי גליל (החדשה) בעמ,,,יח,5.50,ל 100 גרם,false,1,6.90,1.25,true,1,
7290005079320,false,בולגרית גלילית 24% במשקל,החברה המרכזית טלהפצת משקאות בע,,,"לק""ג",10,ל 100 גרם,true,1,49,4.90,false,1,
7290005079412,false,חריץ אמנטל נועם מהדרין,החברה המרכזית טלהפצת משקאות בע,,,ל 100 גרם,10,ל 100 גרם,true,1,57,5.70,false,1,
7290005084355,false,סנסודין משחת שיניים דואל קר פלואוריד 75,גלקסו סמית קליין,,,יח,0.75,ל 100 גרם,false,1,21.90,29.20,true,1,
7290005111761,false,"מזון לכלבים בונזו מזון כלבים בשר 3 ק""ג",דיפלומט מפיצים (1968) בעמ**,,,יח,30,ל 100 גרם,false,1,49.90,1.66,false,1,
7290005174513,false,חציל על האש במיונז אחלה 400 גרם+225גר,שטראוס גרופ בעמ/מצונן,,,יח,5,ל 100 גרם,false,1,14.90,2.98,true,1,
7290005174551,false,סלט חומוס עם צנוברים 125 ג' אחלה,שטראוס גרופ בעמ/מצונן,,,יח,1.25,ל 100 גרם,false,1,4.90,3.92,false,1,
7290005174568,false,אחלה יום יום חצילים במיונז 125 גרם,שטראוס גרופ בעמ/מצונן,,,יח,1.25,ל 100 גרם,false,1,4.90,3.92,false,1,
7290005174575,false,טחינה אחלה יום יום משובחת 125ג',שטראוס גרופ בעמ/מצונן,,,יח,1.25,ל 100 גרם,false,1,4.90,3.92,false,1,
7290005175428,false,"קמח תירס לל""ג ריבארה 500 ג'",ג. וילי-פוד אינטרנשיונל בע`מ,,,יח,5,ל 100 גרם,false,1,5.90,1.18,false,1,
7290005197758,false,"עוגיות חיוכים שוקולד עלית 150 גרם בד""צ",אפיפית נצרת תעשיות ב,,,יח,1.50,ל 100 גרם,false,1,4.90,3.27,false,1,
7290005199578,false,קפה נמס מיובש בהקפאה נטול קפאין 200ג,שטראוס קפה בי.וי.,,,יח,2,ל 100 גרם,false,1,34.90,17.45,false,1,
7290005200786,false,תפוצ'יפס בטעם שמנת בצל עלית 50 גרם,"שטראוס פריטו ליי בע""\מ )",,,יח,0.50,ל 100 גרם,false,1,3.80,7.60,false,1,
7290005287657,false,"סטארקיסט ממרח טונה 160 גרם בד""צ",דיפלומט מפיצים (1968) בעמ**,,,יח,1.60,ל 100 גרם,false,1,6.80,4.25,false,1,
7290005296246,false,"פותח סתימות דריין אאוט 946 מ""ל יעקבי","יעקב יעקבי ובניו בע""מ",,,יח,9.46,"ל 100 מ""ל",false,1,26.90,2.84,false,1,
7290005296260,false,"אסטוניש ספריי רסס ונגב לניקוי כללי יעקבי 750 מ""ל",יעקב יעקבי ובניו בע`מ,,,יח,7.50,"ל 100 מ""ל",false,1,11.90,1.59,false,1,
7290005296857,false,"פוליבוי ספריי מנקה ומבריק הכל יעקבי 300 מ""ל","יעקב יעקבי ובניו בע""מ",,,יח,4,"ל 100 מ""ל",false,1,16.50,4.13,true,1,
7290005317125,false,בסקוויט חצי מצופה 175 גר` הדר*,אפיפית נצרת תעשיות בסקויט,,,יח,1.75,ל 100 גרם,false,1,4.90,2.80,true,1,
7290005317200,false,קרקר טופז טעמים שונים 110 גר,ח.כהן סוכנות מזון ומשקאות בע,,,יח,1,ל 100 גרם,false,1,2.80,2.80,false,1,
7290005326387,false,עגבניות מיובשות בשמן זית אוליביה 270 גרם,תה ויסוצקי (ישראל)בעמ,,,יח,2.70,ל 100 גרם,false,1,16.90,6.26,true,1,
7290005326523,false,ממרח פסטו פטרוזיליה ונענע אוליביה 180 גרם,תה ויסוצקי (ישראל) בעמ,,,יח,1.80,ל 100 גרם,false,1,12.90,7.17,true,1,
7290005418716,false,"קרם לחות לבניית תלתלים עגולים נטורל פורמולה 400 מ""ל",החברה הדרומית לשיווק בעמ,,,יח,4,"ל 100 מ""ל",false,1,20.90,5.23,false,1,
7290005423055,false,סנו פורטה פלוס מתז בניחות לימון 1 ל',החברה הדרומית לשיווק בעמ,,,יח,10,ל 100 גרם,false,1,17.90,1.79,false,1,
7290005423253,false,"סנו - מקסימה מרסס למייבש כביסה אולטרה פרש 750 מ""ל",החברה הדרומית לשיווק בעמ,,,יח,7.50,"ל 100 מ""ל",false,1,17.90,2.39,false,1,
7290005423499,false,"תרסיס לניקוי משטחי נירוסטה אירוסל סנו 500 מ""ל",החברה הדרומית לשיווק בעמ,,,יח,5,"ל 100 מ""ל",false,1,19.90,3.98,false,1,
7290005423635,false,ריצפז נוזל רצפות דוחה תיקנים סנו 2 ליטר,החברה הדרומית לשיווק בעמ,,,יח,20,"ל 100 מ""ל",false,1,20.90,1.05,false,1,
7290005423734,false,מרכך כביסה מרוכז אולטרא פרש סנו מקסימה 4 ליטר,החברה הדרומית לשיווק בעמ,,,יח,40,"ל 100 מ""ל",false,1,21.90,0.55,false,1,
7290005423833,false,פוליוויקס נוזל לניקוי פרקט סנו (2 ליטר).,החברה הדרומית לשיווק בעמ,,,יח,20,"ל 100 מ""ל",false,1,19.90,1,false,1,
7290005423871,false,שלישיית משחת שיניים מנטול אורביטול 145 גרם,טרופיקל דגיל תעשיות קוסמ,,,יח,4.35,ל 100 גרם,false,1,16.90,3.89,false,1,
7290005423918,false,סנו - מקסימה מרכך כביסה היפואלרגני אלוורה 4 ליטר,החברה הדרומית לשיווק בעמ,,,יח,40,"ל 100 ס""מ",false,1,21.90,0.55,false,1,
7290005424403,false,"אל סבון כיף אצות ים קטיפתי 1ליטר,",החברה הדרומית לשיווק בעמ,,,יח,1,לליטר,false,1,11.90,11.90,false,1,
7290005424700,false,סנו - פורטה פלוס מרסס מסיר שומנים 1 ליטר,החברה הדרומית לשיווק בעמ,,,יח,10,ל 100 גרם,false,1,17.90,1.79,false,1,
7290005424755,false,מטליות ריצפז פלוס לחות לניקוי רצפות דוחה תיקנים 10 יח' סנו,החברה הדרומית לשיווק בעמ,,,יח,1,,false,1,14.90,14.90,false,1,
7290005424762,false,ריצפז פלוס ווקס נוזל להברקת רצפות דוחה תיקנים סנו 2 ליטר,החברה הדרומית לשיווק בעמ,,,יח,20,"ל 100 מ""ל",false,1,26.50,1.33,false,1,
7290005424991,false,סנו פרש אוטומטיק בהתזה קצובה ניחוח בייבי פאודר,החברה הדרומית לשיווק בעמ,,,יח,1.65,ל 100 גרם,false,1,13.90,8.42,false,1,
7290005425073,false,"מטהר אויר בניחוח יסמין ועץ סאנדלווד סנו 300 מ""ל",החברה הדרומית לשיווק בעמ,,,יח,3,"ל 100 מ""ל",false,1,10.90,3.63,false,1,
7290005425110,false,"חיטוי משטחים 99.9% מתז מחטא ומשמיד 750 מ""ל",החברה הדרומית לשיווק בעמ,,,יח,10,ל 100 גרם,false,1,11.90,1.19,false,1,
7290005425127,false,"חיטוי משטחים 99.9% מתז לשומנים ואבנית 750 מ""ל",החברה הדרומית לשיווק בעמ,,,יח,10,ל 100 גרם,false,1,11.90,1.19,false,1,
7290005425196,false,"מקסימה אבקת כביסה סנסיטיב סנו 2.5 ק""ג",החברה הדרומית לשיווק בעמ,,,יח,2.50,"לק""ג",false,1,24.90,9.96,false,1,
7290005425202,false,אבקת כביסה ביו מקסימה לכתמים קשים,החברה הדרומית לשיווק בעמ,,,יח,25,ל 100 גרם,false,1,24.90,1,false,1,
7290005425646,false,קליר נוזל לניקוי חלונות רב תכליתי סנו 1 ליטר,החברה הדרומית לשיווק בעמ,,,יח,10,"ל 100 מ""ל",false,1,10.90,1.09,false,1,
7290005426568,false,"קרמה - קרם לחות לשיער רגיל 400 מ""ל",החברה הדרומית לשיווק בעמ,,,יח,4,"ל 100 מ""ל",false,1,17.90,4.48,false,1,
7290005426629,false,"סנו דואופרש אורן לוטוס ופרחי מים ודובדבן, 300 מ""ל",החברה הדרומית לשיווק בעמ,,,יח,3,"ל 100 מ""ל",false,1,10.90,3.63,false,1,
7290005426803,false,מקסימה מרכך כביסה פצ'ולי לבנדר סגול סנו 4 ליטר,החברה הדרומית לשיווק בעמ,,,יח,40,"ל 100 מ""ל",false,1,21.90,0.55,false,1,
7290005426865,false,אורביטול - משחת שיניים לילדים בטעם מסטיק 70 גרם,טרופיקל דגיל תעשיות קוסמ,,,יח,0.70,ל 100 גרם,false,1,7.90,11.29,false,1,
7290005426964,false,סנובון סבון לאסלה בניחוח אפרסק סנו 3 יחידות,החברה הדרומית לשיווק בעמ,,,יח,1.65,ל 100 גרם,false,1,14.90,9.03,false,1,
7290005426971,false,סנובון סבון לאסלה תפוח כחול סנו 3 יחידות,החברה הדרומית לשיווק בעמ,,,יח,1.65,ל 100 גרם,false,1,14.90,9.03,false,1,
7290005427107,false,סנו - סושי מגבות נייר הפלא 6 יחידות,החברה הדרומית לשיווק בעמ,,,יח,5.70,ל 100 גרם,false,1,12.90,2.26,false,1,
7290005427978,false,"תחליב רחצה לפנים פילינג קרמה 180 מ""ל",החברה הדרומית לשיווק בעמ,,,יח,1.80,"ל 100 מ""ל",false,1,13.90,7.72,false,1,
7290005428852,false,ממחטות טישו צבעוניים סנו סופט 5 יח' *100דף,החברה הדרומית לשיווק בעמ,,,יח,6.50,ל 100 גרם,false,1,13.90,2.14,false,1,
7290005429279,false,סנו מקסימה קומפקט קומפקט אפקט גאוול 6 ק,החברה הדרומית לשיווק בעמ,,,יח,6,"לק""ג",false,1,45.90,7.65,false,1,
7290005429286,false,"אבקת כביסה מקסימה ביו 6 ק""ג סנו",החברה הדרומית לשיווק בעמ,,,יח,60,ל 100 גרם,false,1,45.90,0.77,false,1,
7290005430602,false,"סנו אוקסיג'ן ספריי להסרת כתמים עם חמצן פעיל 750 מ""ל",החברה הדרומית לשיווק בעמ,,,יח,7.50,"ל 100 מ""ל",false,1,17.90,2.39,false,1,
7290005430961,false,שמפו לכביסה עדינה ביד בד גארד סנו מקסימה 1 ליטר,החברה הדרומית לשיווק בעמ,,,יח,10,"ל 100 מ""ל",false,1,17.90,1.79,false,1,
7290005431883,false,מלבי חלבי עדן קינוחים 165 גרם,עדן קינוחים Eden,,,יח,0.82,ל 100 גרם,false,1,5.90,7.20,false,1,
7290005431913,false,עוגת גבינה פירורים עדן קינוחים 92 גרם,עדן קינוחים Eden,,,יח,0.92,ל 100 גרם,false,1,5.90,6.41,false,1,
7290005431920,false,עוגת גבינה פירורים לייט עדן קינוחים 78 גרם,עדן קינוחים Eden,,,יח,0.78,ל 100 גרם,false,1,5.90,7.56,false,1,
7290005431937,false,מעדן טירמיסו 82 גר` עדן קינוחים,עדן קינוחים Eden,,,יח,0.82,ל 100 גרם,false,1,5.90,7.20,false,1,
7290005431968,false,מלבי שמנת עדן קינוחים 150 גרם,עדן קינוחים Eden,,,יח,1.50,ל 100 גרם,false,1,6.90,4.60,false,1,
7290005437069,false,"שמן זית למאור בד""ץ טעמן 1 ליטר",טעמן שיווק מזון בעמ,,,יח,10,"ל 100 מ""ל",false,1,18.90,1.89,false,1,
7290005500688,false,"פנינה רוזנבלום מסיכה לשיקום ורודה , 1 ק""ג",פנינה רוזנבלום בעמ,,,יח,1,"לק""ג",false,1,34.50,34.50,false,1,
7290005500893,false,"ג'ל לקוצים 1 ק""ג פנינה רוזנבלום",פנינה רוזנבלום בעמ,,,יח,1,"לק""ג",false,1,18.90,18.90,false,1,
7290005509445,false,עוגיות מיני קוקיס חמאה בצנצנת כרמית 600 גרם,כרמית תעשיות ממתקים בעמ,,,יח,7.50,ל 100 גרם,false,1,15.90,2.12,false,1,
7290005589829,false,לקקן 8 יח תרנגול/לב /מוצץ,לירון קרביץ יבוא שיווק וסחר,,,יח,1,ל 100 גרם,false,1,10.90,10.90,false,1,
7290005591761,false,דבש טהור מפרחי בר בלחיץ 400 ג' יד מרדכי,מכוורת יד מרדכי שטרא,,,יח,4,ל 100 גרם,false,1,21.90,5.48,false,1,
7290005651069,false,"מזון חתולים לה קט מיקס 2.85 ק""ג",דיפלומט מפיצים (1968) בעמ**,,,יח,20,ל 100 גרם,false,1,64.90,3.25,false,1,
7290005651366,false,"מזון לכלבים בונזו מזון כלבים כבד 3 ק""ג",דיפלומט מפיצים (1968) בעמ**,,,יח,30,ל 100 גרם,false,1,49.90,1.66,false,1,
7290005678417,false,טלי ענב לבן בוטיק ווינטר קינג,"בכורי השדה צפון1994 ג.ד. בע""מ",,,"לק""ג",1,,true,1,29.90,29.90,false,1,
7290005678585,false,ענבים אדומים סקרלוטה טלי,"בכורי השדה צפון1994 ג.ד. בע""מ",,,"לק""ג",1,,true,1,24.90,24.90,false,1,
7290005678806,false,ענבים שחורטלי אדורה,"בכורי השדה צפון1994 ג.ד. בע""מ",,,"לק""ג",1,,true,1,24.90,24.90,false,1,
7290005680052,false,טמפונים סופר פלוס אובה 32 יחידות,גונסון אנד גונסון,,,יח,1,,false,1,24.90,24.90,false,1,
7290005703072,false,פילה בקר גדול קפוא מחפוד,עוף ירושלים שיווק בעמ,,,"לק""ג",10,ל 100 גרם,true,1,230,23,false,1,
7290005719318,false,רבעיית המבורגר פרמיום,ג`נרל מילס ישראל בעמ,,,ל 100 גרם,1,,false,1,13.90,13.90,false,1,
7290005838002,false,מעדן גבינה ויוגורט בטעם וניל 88 ג' דניאלה,שטראוס גרופ בעמ/מצונן,,,יח,1.50,"ל 100 מ""ל",false,1,3.90,2.60,false,1,
7290005838613,false,קרם גבינה 3% בטעם וניל סקי (125 גרם),שטראוס גרופ בעמ/מצונן,,,יח,1.25,ל 100 גרם,false,1,3.60,2.88,true,1,
7290005838972,false,סקי יום יום גבינה לבנה %5 125 גרם,שטראוס גרופ בעמ/מצונן,,,יח,1.25,ל 100 גרם,false,1,3.50,2.80,true,1,
7290005839078,false,שמיניית יוגורט לבן 3% ביו דנונה 150 גרם,שטראוס גרופ בעמ/מצונן,,,יח,1.20,לליטר,false,1,16.80,14,false,1,
7290005839108,false,גבינה לבנה סימפוניה עם תוספות 200 ג'+זיתים 5%,שטראוס גרופ בעמ/מצונן,,,יח,2,ל 100 גרם,false,1,11.20,5.60,true,1,
7290005839313,false,מילקי Top עם שוקולדה מגולגלת 140 גרם,שטראוס גרופ בעמ/מצונן,,,יח,1.30,"ל 100 מ""ל",false,1,4.50,3.46,false,1,
7290005896439,false,"בירה מכבי, בקבוק חוזר 500 מ''ל","טמפו משקאות בע""מ",,,"ל 100 מ""ל",5,"ל 100 מ""ל",false,1,5.90,0.94,false,1,
7290005896453,false,"בירה מכבי 7.9%, בירה חזקה, בקבוק חוזר 500 מ''ל",פארייפאבה אגרואינדוס,,,יח,5,"ל 100 מ""ל",false,1,7.80,1.32,false,1,
7290005896460,false,"בירה איגל לאגר חזקה 7.8% 500 מ""ל פחית",טמפו משקאות בעמ,,,יח,5,יח,false,1,5.90,1.12,false,1,
7290005938238,false,ממרח צ'ימצ'ורי פרסקו 220ג' מצונן,נטו מלינדה סחר בע`מ,,,יח,2.20,ל 100 גרם,false,1,17.90,8.14,false,1,
7290005938245,false,ממרח פסטו קלאסי פרסקו 220ג' מצונן,מיוצר עי פרסקו חצבה,,,יח,2.20,ל 100 גרם,false,1,17.90,8.14,false,1,
7290005946127,false,כרוב סגול 400 גר`קצוץ שמיטה,"בכורי השדה צפון1994 ג.ד. בע""מ",,,יח,4,ל 100 גרם,false,1,14.90,3.73,false,1,
7290005966033,false,הר חרמון לבן יקב רמת הגולן (750 מל),היכל היין שקד גולן בעמ,,,יח,7.50,"ל 100 מ""ל",false,1,31.90,4.21,true,1,
7290005966088,false,"יין הר חרמון אדום עברית 750 מ""ל",היכל היין שקד גולן בעמ,,,יח,7.50,"ל 100 מ""ל",false,1,31.90,4.21,true,1,
7290005992735,false,לאבנה טבעית 5% 250 גר' - רבנות,מחלבות גד שיווק 1992 בעמ,,,יח,2.50,ל 100 גרם,false,1,11.60,4.64,false,1,
7290005996009,false,סלמי גלילי מעושן 400 גר`יחיעם,מעדני יחיעם (1993) בעמ,,,יח,0.40,ל 100 גרם,false,1,25,62.50,false,1,
7290005996078,false,סלמי סרוולט הונגרי יחיעם 150 גרם,מעדני יחיעם (1993) בעמ,,,יח,1.25,ל 100 גרם,false,1,25.90,20.72,false,1,
7290005996153,false,נקניקיות צרפתיות פרימיום 280 גר` יחיעם,מעדני יחיעם (1993) בעמ,,,יח,2.80,ל 100 גרם,false,1,22.90,8.18,true,1,
7290005996221,false,פסטרמה של פעם דק דק (120 גר`)יחיעם,מעדני יחיעם (1993) בעמ,,,יח,1.40,ל 100 גרם,false,1,10.90,7.79,false,1,
7290006229427,false,סן בנדטו - מים מינרלים - מארז שישיית 500 מל,טמפו משקאות בע`מ,,,יח,30,"ל 100 מ""ל",false,1,13.70,0.40,false,1,
7290006229588,false,בירה איגל לאגר פרימיום חזקה 6.3% 500 מל,"טמפו משקאות בע""מ",,,יח,3.30,"ל 100 מ""ל",false,1,5.90,1.70,true,1,
7290006241191,false,אגוזי מלך טבעיים קליית גת (150 גרם),הדקלאים אגודת שיתופי,,,יח,1.50,ל 100 גרם,false,1,16.90,11.27,false,1,
7290006241214,false,שקדים טבעיים קליית גת (200 גרם),הדקלאים אגודת שיתופי,,,יח,2,ל 100 גרם,false,1,16.90,8.45,false,1,
7290006241504,false,"משקה תפוזים קפוא פריגת 340 מ""ל",החברה המרכזית טלהפצת משקאות בע,,,יח,3.40,ל 100 גרם,false,1,12.90,3.79,true,1,
7290006251107,false,תה צ'אי מסאלה ויסוצקי 25 יחידות,תה ויסוצקי (ישראל) בעמ,,,יח,0.50,ל 100 גרם,false,1,17.90,35.80,false,1,
7290006251275,false,תה ירוק סיני קלאסי ויסוצקי 25 יחידות,תה ויסוצקי (ישראל) בעמ,,,יח,0.3750,ל 100 גרם,false,1,22.90,61.07,true,1,
7290006251282,false,חליטת חמוציות הגן הקסום ויסוצקי 25 יחידות,תה ויסוצקי (ישראל) בעמ,,,יח,0.75,ל 100 גרם,false,1,17.90,23.87,true,1,
7290006251343,false,חליטת פסיפלורה מנגו הגן הקסום ויסוצקי 25 יחידות,תה ויסוצקי (ישראל) בעמ,,,יח,0.6250,ל 100 גרם,false,1,17.90,28.64,true,1,
7290006251374,false,תה ירוק לימונית וג'ינג'ר ויסוצקי 25 יחידות,תה ויסוצקי (ישראל) בעמ,,,יח,0.25,ל 100 גרם,false,1,22.90,91.60,true,1,
7290006251589,false,תה ירוק עם עלי נענע 50 שקיקים ויסוצקי,תה ויסוצקי (ישראל) בעמ,,,יח,0.75,ל 100 גרם,false,1,39.90,53.20,false,1,
7290006265500,false,פטריות שמפיניון ארוז מרינה,קונס`-מרינה פטריות הגליל בעמ*ש,,,יח,1,,false,1,8.90,8.90,false,1,
7290006362209,false,"יין דרך ארץ קברנה סוביניון 750 מ""ל",היכל היין שקד גולן בעמ,,,יח,7.50,"ל 100 מ""ל",false,1,29.90,3.95,false,1,
7290006374615,false,דבש מזון מלכות מרוכז במיוחד 340 גרם,שטראוס גרופ בע`מ,,,יח,3.40,ל 100 גרם,false,1,36.90,10.85,false,1,
7290006374660,false,שמן זית כתית לתיבול קלאסי יד מרדכי 1 ליטר,מכוורת יד מרדכי שטראוס ב,,,יח,1,לליטר,false,1,45.90,45.90,false,1,
7290006374738,false,קונפיטורה תות יד מרדכי בטעם תות,אף.סי תבליני בגליל ב,,,יח,3.40,ל 100 גרם,false,1,12.90,3.79,true,1,
7290006376862,false,"קפה ""פרימיום"" שלישייה 100 ג""ר",נאמן לאורך זמן בעמ,,,יח,3,ל 100 גרם,false,1,11.90,3.97,false,1,
7290006481719,false,"אורז השף וואקום 1 ק""ג",גורן י.ר.ובניו שיווק בעמ,,,יח,10,ל 100 גרם,false,1,12.90,1.29,false,1,
7290006492616,false,גבינה בולגרית מעודנת פרוסות 5% גד 250 גרם,מחלבות גד שיווק 1992 בעמ,,,יח,2.50,ל 100 גרם,false,1,26.90,10.76,false,1,
7290006492852,false,גבינת עיזים למריחה 5% שומן 250 ג' גד,מחלבות גד שיווק 1992 בעמ,,,יח,1,,false,1,15.90,15.90,true,1,
7290006492913,false,גבינת לאבנה ציזיקי 5% מחלבות גד 250 גרם,מחלבות גד שיווק 1992 בעמ,,,יח,2.50,ל 100 גרם,false,1,12.90,5.16,false,1,
7290006494917,false,טוסו וופל קלאסי במילוי שוקולד 200 גרם,"איטיליאן פוד, אס.פי.",,,יח,2,ל 100 גרם,false,1,7.90,3.95,false,1,
7290006494924,false,טוסו וופל קלאסי במילוי קרם לימון 200 גרם,"דנשר (1963) בע,מ",,,יח,1.80,ל 100 גרם,false,1,7.90,4.39,false,1,
7290006496232,false,סירופ למלבי לחיץ משקד,ר.צ צ יק בעמ,,,יח,4,ל 100 גרם,false,1,14.90,3.73,false,1,
7290006496294,false,רכז רימונים 350 גרם,ציון תורג`מן בעמ,,,יח,3.50,ל 100 גרם,false,1,17.90,5.11,false,1,
7290006496751,false,מי ורדים 250 גר.,ר.צ צ יק בעמ,,,יח,9.46,"ל 100 מ""ל",false,1,10.90,1.15,false,1,
7290006511751,false,פטריות שמפניון חתוך ויליפוד 290X3 ג' בד”צ,ג.וילי-פוד אינטרנשיונל בעמ,,,יח,8.70,ל 100 גרם,false,1,11.90,1.37,false,1,
7290006546371,false,במיה 600 ג' פרי הגליל,ויטה- פרי גליל (החדשה) בעמ,,,יח,6,ל 100 גרם,false,1,9.90,1.65,false,1,
7290006546388,false,תחתיות ארטישוק קפוא פרי הגליל 400ג',ויטה- פרי גליל (החדשה) בעמ,,,יח,4,ל 100 גרם,false,1,8.90,2.23,false,1,
7290006554017,false,עוגיות מרוקאיות 500 גרם ארקד,"ארקד מוצרי אפיה בע""מ",,,יח,2.50,ל 100 גרם,false,1,15.90,6.36,false,1,
7290006618078,false,"מרסס לניקוי יסודי מטבח אסטוניש 750 מ""ל","יעקב יעקבי ובניו בע""מ",,,יח,7.50,"ל 100 מ""ל",false,1,11.90,1.59,false,1,
7290006618146,false,"מדליק פחמים נוזלי הפי יעקבי 500 מ""ל","יעקב יעקבי ובניו בע""מ",,,יח,1,,false,1,14.90,14.90,false,1,
7290006618153,false,הפי לניקוי נירוסטה ב,"יעקב יעקבי ובניו בע""מ",,,יח,6,"ל 100 מ""ל",false,1,29.90,4.98,false,1,
7290006652027,false,במבה חטיף בוטנים אסם 20*15 גרם,קבוצת אוסם סחר שותפות מוגבלת,,,יח,3,ל 100 גרם,false,1,22.90,7.63,false,1,
7290006653765,false,פרפקטו פסטה פטוצ'יני אסם 500 גרם,קבוצת אוסם סחר שותפות מוגבלת,,,יח,5,ל 100 גרם,false,1,6.90,1.38,false,1,
7290006653819,false,קוסקוס אמיתי דק בשקית 350 גרם,קבוצת אוסם סחר שותפות מוגבלת,,,יח,3.50,ל 100 גרם,false,1,7.90,2.26,false,1,
7290006664051,false,"אקטימל לבן 1.51 ק""ג מארז 14 יחידות",שטראוס גרופ בעמ/מצונן,,,יח,1.40,לליטר,false,1,29.90,21.36,false,1,
7290006664402,false,גבינה לבנה סקי 5% שומן 750 גרם,שטראוס גרופ בעמ/מצונן,,,יח,7.50,ל 100 גרם,false,1,14.90,1.99,false,1,
7290006664532,false,יוגורט עם תות 3% שומן 150 ג' דנונה,שטראוס גרופ בעמ/מצונן,,,יח,1.50,"ל 100 מ""ל",false,1,3.90,2.60,true,1,
7290006664655,false,דנונה Actimel יוגורט טבעי 8*100 מ``ל,שטראוס גרופ בעמ/מצונן,,,יח,8,"ל 100 מ""ל",false,1,21.20,2.65,false,1,
7290006664693,false,יוגורט עם אפרסק 3% שומן 150 ג' דנונה,שטראוס גרופ בעמ/מצונן,,,יח,1.50,"ל 100 מ""ל",false,1,3.90,2.60,true,1,
7290006664990,false,"יוגורט דנונה ביו לבן 1.7% שומן 8*150 מ""ל",שטראוס גרופ בעמ/מצונן,,,יח,1.20,לליטר,false,1,16.80,14,false,1,
7290006681003,false,גלידה תות לימון סורבה 1.33 ל' קרמיסימו,"גלידת שטראוס בע""\מ, רחוב",,,יח,1.33,לליטר,false,1,18.90,14.21,false,1,
7290006681553,false,קרמבו בטעם וניל שטראוס 8 יחידות,"גלידות שטראוס בע""מ",,,יח,8,למארז,false,1,14.90,1.86,false,1,
7290006707390,false,עוף טוב פרגיות טרי ארוז,עוף טוב (שאן) בעמ,,,"לק""ג",1,,true,1,69.90,69.90,true,1,
7290006707437,false,עוף טוב כנפיים עוף טרי ארוז,עוף טוב (שאן) בעמ,,,"לק""ג",1,,true,1,14.90,14.90,true,1,
7290006707451,false,לבבות עוף טרי ארוז ע.ט,עוף טוב (שאן) בעמ,,,"לק""ג",1,,true,1,29.90,29.90,true,1,
7290006707536,false,טחול עוף טרי ארוז ע.ט,עוף טוב (שאן) בעמ,,,"לק""ג",1,,true,1,64.90,64.90,false,1,
7290006708069,false,גרון הודו טרי ארוז עוף טוב,עוף טוב (שאן) בעמ,,,"לק""ג",1,,true,1,34.90,34.90,false,1,
7290006737014,false,ממתק מקלונים קצרים עלה 20 יח',לירון קרביץ יבוא שיווק וסחר,,,יח,2,ל 100 גרם,false,1,12,6,false,1,
7290006737151,false,עדשים הכי מתוק 80 גרם,לירון קרביץ יבוא שיווק וסחר,,,יח,1,ל 100 גרם,false,1,3.90,3.90,false,1,
7290006737854,false,מרשמלו צבעוני 180 גרם,לירון קרביץ יבוא שיווק וסחר,,,יח,1.80,ל 100 גרם,false,1,4.90,2.72,false,1,
7290006737878,false,מארז קרטונייה סביבון/נר חנוכה,לירון קרביץ יבוא שיווק וסחר,,,יח,1,,false,1,6.90,6.90,false,1,
7290006738615,false,קבב פרימיום זהב 100% בשר זוגלובק 400 ג',נקניק נהריה כשר זוגל,,,יח,4,ל 100 גרם,false,1,21.90,5.48,true,1,
7290006739346,false,נקניקיות פרגיות טרי 400 גרם זוגלובק,נקניק נהריה כשר זוגל,,,יח,4,ל 100 גרם,false,1,17.90,4.48,false,1,
7290006739414,false,נקניק סלמי קוניאק זוגלובק 300 גרם,נקניק נהריה כשר זוגל,,,יח,3,ל 100 גרם,false,1,28.90,9.63,false,1,
7290006739421,false,נקניק סלמי מעושן איטלקי זוגלובק 300 גרם,נקניק נהריה כשר זוגל,,,יח,3,יח,false,1,28.90,9.63,false,1,
7290006741363,false,בורקס תפוחי אדמה זוגלובק 800 גרם,מאפיית אריאל וגידרון,,,יח,8,ל 100 גרם,false,1,13.90,1.74,true,1,
7290006741387,false,מלווח תימני זוגלובק בד`צ 700 גרם קפוא,נקניק נהריה כשר זוגל,,,יח,7,ל 100 גרם,false,1,13.90,1.99,true,1,
7290006764058,false,"נשר בירה לבנה נשר בקבוק חוזר 500 מ""ל","טמפו משקאות בע""\מt\",,,יח,5,"ל 100 מ""ל",false,1,5.90,0.94,false,1,
7290006764065,false,בירה שחורה נשר מאלט חוזר (500 מל),"טמפו משקאות בע""\ם.",,,יח,5,"ל 100 מ""ל",false,1,4.90,0.74,true,1,
7290006764072,false,"בירה גולדסטאר בקבוק 500 מ""ל חוזר","טמפו משקאות בע""\מ",,,יח,5,"ל 100 מ""ל",false,1,7.80,1.32,false,1,
7290006764096,false,"בירה איגל 500 מ""ל 3.8% בקבוק חוזר","טמפו משקאות בע""\מ",,,יח,5,"ל 100 מ""ל",false,1,4.80,0.72,false,1,
7290006764157,false,"בירה גולדסטאר Unfiltered, בירה לא מסוננת, בקבוק חוזר 500 מ""ל",פארייפאבה אגרואינדוס,,,יח,5,"ל 100 מ""ל",false,1,8.80,1.52,false,1,
7290006764478,false,"בירה נשר מאלט בקבוק זכוכית 330 מ""ל",החברה המרכזית להפצת משקאות בעמ,,,יח,3.30,"ל 100 מ""ל",false,1,4.20,1.18,false,1,
7290006764485,false,"בירה שחורה נשר מאלט שישייה ח""פ 330*6 מ''ל","טמפו משקאות בע""\ם.",,,יח,15,"ל 100 מ""ל",false,1,28.70,1.79,false,1,
7290006764737,false,בירה נשר מאלט דלת קלוריות ללא אלכוהול 500 מל,"טמפו משקאות בע""\ם.",,,יח,5,"ל 100 מ""ל",false,1,4.90,0.74,true,1,
7290006765765,false,פפאיה מיובשת מסוכרת,"דין שיווק וקליה בע""מ",,,יח,2,ל 100 גרם,false,1,10.90,5.45,false,1,
7290006775016,false,עוגת תפוז אחוה (450 גרם)אחוה,אחדות ביתחרושת לטחינה חלבה,,,יח,4.50,ל 100 גרם,false,1,9.90,2.20,false,1,
7290006775023,false,עוגה אנגלית אחוה (450 גרם)אחוה,אחדות ביתחרושת לטחינה חלבה,,,יח,4.50,ל 100 גרם,false,1,9.90,2.20,false,1,
7290006775030,false,עוגת שוקו צ`יפס אחוה (450 גרם)אחוה,אחדות ביתחרושת לטחינה חלבה,,,יח,4.50,ל 100 גרם,false,1,9.90,2.20,false,1,
7290006775047,false,עוגת שוקולד אחוה (450 גרם)אחוה,אחדות ביתחרושת לטחינה חלבה,,,יח,4.50,ל 100 גרם,false,1,9.90,2.20,false,1,
7290006775054,false,עוגת שיש אחוה (450 גרם)אחוה,אחדות ביתחרושת לטחינה חלבה,,,יח,4.50,ל 100 גרם,false,1,9.90,2.20,false,1,
7290006775085,false,עוגת שמרים שוקולד אחוה (400 גרם),אחדות ביתחרושת לטחינה חלבה,,,יח,4,ל 100 גרם,false,1,10.90,2.73,false,1,
7290006775191,false,מאפין ממולא בטעם שוקולד 50 גרם אחוה,אחדות ביתחרושת לטחינה חלבה,,,יח,0.50,ל 100 גרם,false,1,1.40,2.80,true,1,
7290006775306,false,מאפינס אישי וניל במילוי תות אחווה 50ג',אחדות ביתחרושת לטחינה חלבה,,,יח,0.50,ל 100 גרם,false,1,1.40,2.80,true,1,
7290006775344,false,עוגת שמרים במילוי קרם קינמון אחוה 400 גרם,אחדות ביתחרושת לטחינה חלבה,,,יח,4,ל 100 גרם,false,1,10.90,2.73,false,1,
7290006775405,false,מאפינס שוקוצ'יפס אישי אחווה 45גרם,אחדות ביחר לטחינה חל,,,יח,0.45,ל 100 גרם,false,1,1.40,3.11,true,1,
7290006775764,false,אחוה עוגת שוק`צ`יפס ללא סוכר 400 גר,אחדות ביתחרושת לטחינה חלבה,,,יח,4,ל 100 גרם,false,1,10.90,2.73,false,1,
7290006775801,false,עוגיות רוגלך שוקולד 400 גר' אחדות,אחדות ביתחרושת לטחינה חלבה,,,יח,4,ל 100 גרם,false,1,9.90,2.48,false,1,
7290006788399,false,"דאו רול און נושם סנסיטיב ירוק קרליין 75 מ""ל",החברה הדרומית לשיווק בעמ,,,יח,0.75,ל 100 גרם,false,1,10.90,14.53,false,1,
7290006788405,false,"קרליין - נושם אקטיב דאודורנט רול און לאישה ברודו 75 מ""ל",החברה הדרומית לשיווק בעמ,,,יח,0.75,ל 100 גרם,false,1,10.90,14.53,false,1,
7290006788412,false,"קרליין - נושם אקווה דאודורנט רול און לאישה כחול 75 מ""ל",החברה הדרומית לשיווק בעמ,,,יח,0.50,ל 100 גרם,false,1,10.90,21.80,false,1,
7290006788429,false,"קרליין - נושם סאן רייס דאודורנט רול און לאישה כתום 75 מ""ל",החברה הדרומית לשיווק בעמ,,,יח,0.75,ל 100 גרם,false,1,10.90,14.53,false,1,
7290006788436,false,"קרליין - נושם פיור דאודורנט רול און לאישה ורוד 75 מ""ל",החברה הדרומית לשיווק בעמ,,,יח,0.75,ל 100 גרם,false,1,10.90,14.53,false,1,
7290006788467,false,"קרליין - נושם אקטיב דאודורנט ספריי לאישה בורדו 200 מ""ל",החברה הדרומית לשיווק בעמ,,,יח,2,"ל 100 מ""ל",false,1,10.90,5.45,false,1,
7290006788474,false,"קרליין - נושם אקווה דאודורנט ספריי לאישה כחול 200 מ""ל",החברה הדרומית לשיווק בעמ,,,יח,0.75,ל 100 גרם,false,1,10.90,14.53,false,1,
7290006788481,false,"קרליין - נושם סאן רייס דאודורנט ספריי לאישה כתום 200 מ""ל",החברה הדרומית לשיווק בעמ,,,יח,2,"ל 100 מ""ל",false,1,10.90,5.45,false,1,
7290006788498,false,"קרליין - נושם פיור דאודורנט ספריי לאישה ורוד 200 מ""ל",החברה הדרומית לשיווק בעמ,,,יח,2,"ל 100 מ""ל",false,1,10.90,5.45,false,1,
7290006788504,false,"קרליין - נושם אוקסיג'ן דאודורנט ספריי לאישה סגול 200 מ""ל",החברה הדרומית לשיווק בעמ,,,יח,2,"ל 100 מ""ל",false,1,10.90,5.45,false,1,
7290006789631,false,קרליין קרם לחות לשיער רגיל 400 גרם,החברה הדרומית לשיווק בעמ,,,יח,4,"ל 100 מ""ל",false,1,17.90,4.48,false,1,
7290006805560,false,שקיות נייר למאפים במשקל,ג`נרל מילס ישראל בעמ,,,יח,1,,true,1,0.30,0.30,false,1,
7290006805850,false,תערובת להכנת פנקייקס פילסברי (500 גרם),הדקלאים אגודת שיתופי,,,יח,5,ל 100 גרם,false,1,17.90,3.58,false,1,
7290006822192,false,נקטר דיאט חמוציות אושן ספריי פריגת 1 ליטר,החברה המרכזית להפצת משקאות בעמ,,,יח,1,לליטר,false,1,13.90,13.90,false,1,
7290006941022,false,סכינים חד פעמי שווה 100 יחידות,ווינפאק סחר בעמ,,,יח,100,יח,false,20,8.90,0.09,true,1,
7290006983176,false,קרקר לחמית שיפון אסם (230 גרם),קבוצת אוסם סחר שותפות מוגבלת,,,יח,2.30,ל 100 גרם,false,1,8.90,3.87,true,1,
7290006983206,false,תערובת להכנת פלפל קלי קלות 180 גרם,קבוצת אוסם סחר שותפות מוגבלת,,,יח,0.90,ל 100 גרם,false,1,9.90,11,false,1,
7290006983527,false,עוגת הבית תפוחי עץ עם פירורים 400 ג' אסם,קבוצת אוסם סחר שותפות מוגבלת,,,יח,4,ל 100 גרם,false,1,14.90,3.73,false,1,
7290006983763,false,עוגת הבית בטעם שוקולד אסם (400 גרם),קבוצת אוסם סחר שותפות מוגבלת,,,יח,4,ל 100 גרם,false,1,11.90,2.98,false,1,
7290006983770,false,עוגת הבית שיש אסם (400 גרם),קבוצת אוסם סחר שותפות מוגבלת,,,יח,4,ל 100 גרם,false,1,11.90,2.98,false,1,
7290006983787,false,עוגת הבית שוקולד צ'יפס אסם 400 גרם,קבוצת אוסם סחר שותפות מוגבלת,,,יח,4,ל 100 גרם,false,1,11.90,2.98,false,1,
7290006983794,false,עוגת הבית בטעם תפוז אסם 400 גרם,קבוצת אוסם סחר שותפות מוגבלת,,,יח,4,ל 100 גרם,false,1,11.90,2.98,false,1,
7290006992161,false,מטרנה - דייסת קורנפלור פרוביוטי 200 גרם,קבוצת אוסם סחר שותפות מוגבלת,,,יח,2,ל 100 גרם,false,1,13.90,6.95,false,1,
7290006992185,false,"מטרנה - דייסת אורז פרוביוטי כשל""פ 200 גרם",קבוצת אוסם סחר שותפות מוגבלת,,,יח,2,ל 100 גרם,false,1,13.90,6.95,false,1,
7290006992192,false,דייסה מטרנה סולת פרוביוטיקה,קבוצת אוסם סחר שותפות מוגבלת,,,יח,2,ל 100 גרם,false,1,13.90,6.95,false,1,
7290006992208,false,מטרנה דייסת 8 דגנים מעורבים 200 גרם,קבוצת אוסם סחר שותפות מוגבלת,,,יח,2,ל 100 גרם,false,1,13.90,6.95,false,1,
7290006992390,false,"מטרנה - דייסת וניל פרוביוטי כשל""פ 200 גרם",קבוצת אוסם סחר שותפות מוגבלת,,,יח,2,ל 100 גרם,false,1,13.90,6.95,false,1,
7290008023542,false,שמפו לרצפות בניחוח יסמין סיף פנטסטיק 4 ליטר,יוניליוור ישראל שיווק בע`מ,,,יח,40,"ל 100 מ""ל",false,1,18.50,0.46,false,1,
7290008101318,false,קריספ פירורי לחם זהוב 300 גרם מיימונס,א.ל.ייצור ושיווק תבלינים בעמ,,,יח,3,ל 100 גרם,false,1,6.90,2.30,true,1,
7290008101356,false,קריספ פאנקו זהב 300 גרם מיימונס,א.ל.ייצור ושיווק תבלינים בעמ,,,יח,3,ל 100 גרם,false,1,9.90,3.30,true,1,
7290008102469,false,קריספ פירורי לחם זהוב 800 גרם מיימונס,א.ל.ייצור ושיווק תבלינים בעמ,,,יח,8,ל 100 גרם,false,1,9.90,1.24,false,1,
7290008116541,false,שטיפת פה ליסטרין מנטה קריר 500 מ`ל,ג'\ונסון אנד ג'\ונסון,,,יח,5,"ל 100 מ""ל",false,1,17.90,3.58,true,1,
7290008116565,false,שטיפת פה ליסטרין מנטה מרענן 500 מ`ל,ג'\ונסון אנד ג'\ונסון,,,יח,5,"ל 100 מ""ל",false,1,17.90,3.58,true,1,
7290008166461,false,אגס 200,פיצוחי הטיב בעמ,,,יח,2,ל 100 גרם,false,1,9.99,5,false,1,
7290008175173,false,חמאה מפינלנד ללא מלח 200 גרם ויליפוד,ג.וילי-פוד אינטרנשיונל **גבינו,,,יח,2,ל 100 גרם,false,1,14.90,7.45,false,1,
7290008175210,false,גבינת פרמזן מגורדת 90ג' ויליפוד,ג.וילי-פוד אינטרנשיונל **גבינו,,,יח,9,ל 100 גרם,false,1,15.90,1.77,false,1,
7290008175814,false,וילי פוד פטריות שמפיניון חתוך בדץ 400ג,ג.וילי-פוד אינטרנשיונל בעמ,,,יח,4,ל 100 גרם,false,1,4.90,1.23,false,1,
7290008190633,false,לקקן כרמית בטעם תות,כרמית תעשיות ממתקים בעמ,,,יח,1.10,ל 100 גרם,false,1,34.90,31.73,false,1,
7290008190909,false,עוגיות מיני קוקיס שוקולד צ'יפס בצנצנת כרמית 600 גרם,כרמית תעשיות ממתקים בעמ,,,יח,6,ל 100 גרם,false,1,15.90,2.65,false,1,
7290008190985,false,לקקנים בטעם גלידה 450גר 50יח`,כרמית תעשיות ממתקים בעמ,,,יח,5,ל 100 גרם,false,1,15.90,3.18,false,1,
7290008310017,false,אמפנדס מאפה במילוי תירס,מאפה של חייקה,,,יח,6,ל 100 גרם,false,1,42.90,7.15,false,1,
7290008310086,false,בצק לאמפנדס מאפה של,מאפה של חייקה,,,יח,6,ל 100 גרם,false,1,31.90,5.32,false,1,
7290008330107,false,מרכך כביסה סגול בדין (4 ליטר),יוניליוור ישראל שיווק בע`מ,,,יח,40,"ל 100 מ""ל",false,1,19.80,0.50,false,1,
7290008335515,false,אגרול+רוטב חמוץ/מתוק600ג,נטו מילנדה סחר בעמ*,,,יח,6,ל 100 גרם,false,1,12.90,2.15,false,1,
7290008335539,false,פלמיני במלית בשר 600 גר`שלושת האופים,נטו מלינדה סחר בע`מ,,,יח,6,ל 100 גרם,false,1,12.90,2.15,false,1,
7290008335546,false,ורניקי במלית תפוא 600 גר` שלושת האופים,נטו מלינדה סחר בע`מ,,,יח,6,ל 100 גרם,false,1,12.90,2.15,false,1,
7290008335553,false,קובה בשר וצנובר 600ג שלושת האופים,נטו מילנדה סחר בעמ*,,,יח,6,ל 100 גרם,false,1,12.90,2.15,false,1,
7290008340618,false,סלמון מעושן מצונן דלידג 100 ג',נטו מילנדה סחר בעמ*,,,יח,1,ל 100 גרם,false,1,21,21,false,1,
7290008345576,false,סלט איקרה ביתית לבנה 300 גרם דלידג,נטו מלינדה סחר בע`מ,,,יח,3,ל 100 גרם,false,1,18.90,6.30,false,1,
7290008345583,false,סלט איקרה ביתית ורודה דלידג (300 גרם),נטו מלינדה סחר בע`מ,,,יח,3,ל 100 גרם,false,1,18.90,6.30,false,1,
7290008409049,false,שניצלונים בציפוי שומשום מיני מיני דק מאמא עוף 500 גרם,תנובה מרכז שיתופי לשיווק תוצרת,,,יח,5,ל 100 גרם,false,1,24.90,4.98,false,1,
7290008409315,false,שניצלונים בציפוי פריך מיני מיני דק מאמא עוף 500 גרם,תנובה מרכז שיתופי לשיווק תוצרת,,,יח,5,ל 100 גרם,false,1,24.90,4.98,false,1,
7290008409773,false,קציצות עוף אמיתיות קפואות 700 גרם קפוא,תנובה מרכז שיתופי לשיווק תוצרת,,,יח,7,ל 100 גרם,false,1,28.90,4.13,false,1,
7290008415071,false,צבר חומוס עם טחינה עגול 150 גרם,קבוצת אוסם סחר שותפות מוגבלת,,,יח,1.50,ל 100 גרם,false,1,4.50,3,false,1,
7290008415514,false,צבר חומוס עם חריף עגול 150 גרם,קבוצת אוסם סחר שותפות מוגבלת,,,יח,1.50,ל 100 גרם,false,1,4.50,3,false,1,
7290008443265,false,תחליב לחות לרחצה אל סבון נוזלי נקה 7 2 ליטר,החברה הדרומית לשיווק בעמ,,,יח,2,לליטר,false,1,25.90,12.95,false,1,
7290008443616,false,"מרכך לשיער יבש אדום נקה 7 750 מ""ל",החברה הדרומית לשיווק בעמ,,,יח,7.50,"ל 100 מ""ל",false,1,10.90,1.45,false,1,
7290008443647,false,"מרכך לשיער מתולתל סגול, 750 מ""ל נקה 7",החברה הדרומית לשיווק בעמ,,,יח,7.50,"ל 100 מ""ל",false,1,10.90,1.45,false,1,
7290008464024,false,"בירה גולדסטאר Unfiltered, בירה לא מסוננת, פחית 500 מ""ל","טמפו משקאות בע""מ",,,יח,5,"ל 100 מ""ל",false,1,7.50,1.44,false,1,
7290008464130,false,"בירה גולדסטאר Unfiltered, בירה לא מסוננת, מארז שישייה, בקבוק 330 מ""ל",טמפו משקאות בעמ,,,יח,15,"ל 100 מ""ל",false,1,37.50,2.38,true,1,
7290008464208,false,"בירה מכבי 7.9%, בירה חזקה, בקבוק 330 מ''ל",פארייפאבה אגרואינדוס,,,יח,3.30,לליטר,false,1,6.90,2,false,1,
7290008464222,false,"בירה מכבי 7.9%, בירה חזקה, פחית 500 מ""ל","טמפו משקאות בע""\מ",,,יח,5,"ל 100 מ""ל",false,1,7.50,1.44,false,1,
7290008464345,false,"בירה גולדסטאר, בקבוק 330 מ''ל",פארייפאבה אגרואינדוס,,,יח,3.30,"ל 100 מ""ל",false,1,5.90,1.70,false,1,
7290008464468,false,בירה בפחית גולדסטאר (500 מל),פארייפאבה אגרואינדוס,,,יח,5,"ל 100 מ""ל",false,1,7.50,1.44,false,1,
7290008464475,false,"בירה מכבי, פחית 500 מ""ל","טמפו משקאות בע""\מ",,,יח,5,"ל 100 מ""ל",false,1,5.90,1.12,false,1,
7290008464604,false,"בירה הייניקן פחית 500 מ""ל",טמפו משקאות בע''מ,,,יח,5,"ל 100 מ""ל",false,1,9.90,1.92,false,1,
7290008464611,false,"הסודה של טמפו, מי סודה בגיזוז חזק, 275 מל",טמפו משקאות בעמ,,,יח,2.75,"ל 100 מ""ל",false,1,3.30,1.09,true,1,
7290008464628,false,"טמפו ביטר למון גזוז בטעם ביטר לימון, 275 מל","טמפו משקאות בע""\מ",,,יח,2.75,"ל 100 מ""ל",false,1,3.50,1.16,false,1,
7290008464741,false,"בירה גולדסטאר, מארז שישייה, בקבוק 330 מ''ל","טמפו משקאות בע""\מ",,,יח,15,"ל 100 מ""ל",false,1,36.90,2.34,true,1,
7290008464796,false,"בירה היינקן, מארז שישייה, בקבוק 330 מ''ל",טמפו משקאות בע''מ,,,יח,6,למארז,false,1,34.90,5.52,true,1,
7290008466660,false,מארז רוגלך מחנה יהודה 500 גר`,הלל בן הלל שיווק ומסחר בעמ,,,יח,5,ל 100 גרם,false,1,17.90,3.58,false,1,
7290008466806,false,מארז וניל מחנה יהודה 500 גר`,הלל בן הלל שיווק וסחר בעמ,,,יח,5,ל 100 גרם,false,1,17.90,3.58,false,1,
7290008466813,false,מארז עוגיות קינמון 500ג מחנה יהודה,הלל בן הלל שיווק ומסחר בעמ,,,יח,5,ל 100 גרם,false,1,17.90,3.58,false,1,
7290008470766,false,שמינייה אורביט סטיקס בטעם פפרמינט,מרס ריגלי ישראל בעמ,,,יח,0.30,ל 100 גרם,false,1,14.60,48.67,false,1,
7290008493413,false,פירורי לחם מאיר בייגל פירורי גריסיני 200 גרם,"דנשר (1963) בע,מ",,,יח,2,ל 100 גרם,false,1,5.90,2.95,false,1,
7290008493710,false,פרורי גריסני זהב פירורי לחם מאיר בייגל 200 גרם,"דנשר (1963) בע,מ",,,יח,2,ל 100 גרם,false,1,5.90,2.95,false,1,
7290008507059,false,קציצות מרוקאיות חריפות נתח אדום,נתח אדום עוזי ביטון ובניו בעמ,,,יח,7,ל 100 גרם,false,1,29.90,4.27,false,1,
7290008507288,false,"שווארמה הודו מתובל. בד""ץ",נתח אדום עוזי ביטון ובניו בעמ,,,יח,10,ל 100 גרם,false,1,32.90,3.29,false,1,
7290008618632,false,אצבעות אנטריקוט חלק,מאסטרפוד בעמ,,,"לק""ג",10,"לק""ג",true,1,64.90,6.49,false,1,
7290008634298,false,סדין ניילון למיטת תינוק,אינטרסן )1996(בעמ,,,יח,1,,false,1,13.90,13.90,false,1,
7290008636650,false,קמח מצה מיה 500 גרם,מיה תעשיות מזון מ.ת.מ. בעמ,,,יח,5,ל 100 גרם,false,1,7.90,1.58,true,1,
7290008636995,false,גרעיני דלעת קלופים מיה 100 גרם,מיה תעשיות מזון מ.ת.מ. בעמ,,,יח,1,ל 100 גרם,false,1,6.90,6.90,false,1,
7290008644112,false,אחלה יום יום סלט מטבוחה יום יום 125 גרם,שטראוס גרופ בעמ/מצונן,,,יח,1.25,ל 100 גרם,false,1,4.90,3.92,false,1,
7290008645935,false,אחלה חומוס לניגוב 750 גרם,שטראוס גרופ בעמ/מצונן,,,יח,7.50,ל 100 גרם,false,1,9.90,1.32,false,1,
7290008690713,false,נקטר חמוציות אושן ספריי פריגת (1 ליטר),החברה המרכזית להפצת משקאות בעמ,,,יח,10,"ל 100 מ""ל",false,1,13.90,1.36,false,1,
7290008693134,false,מעדן גבינה ויוגורט בטעם תות 5% שומן 88 ג' דניאלה,שטראוס גרופ בעמ/מצונן,,,יח,1.50,"ל 100 מ""ל",false,1,3.90,2.60,false,1,
7290008713900,false,לחם שיפון עגול פרוס אחדות (750 גרם),מאפיית אנג'\ל אורנים מאפ,,,יח,7.50,ל 100 גרם,false,1,13.90,1.85,false,1,
7290008713917,false,לחם שיפון כהה פרוס מאפיית אחדות 750 גרם,מאפיית שלמה א. אנג'\ל בע,,,יח,7.50,ל 100 גרם,false,1,13.90,1.85,false,1,
7290008736275,false,אצבעות אנטריקוט,מאסטרפוד בעמ,,,"לק""ג",1,,true,1,64.90,64.90,false,1,
7290008745239,false,תפוצ'יפס קראנצ' בטעם טבעי עלית 50 גרם,"שטראוס פריטו ליי בע""\מ )",,,יח,0.55,ל 100 גרם,false,1,3.80,6.91,false,1,
7290008747547,false,תפוצ'יפס קראנץ' בטעם טבעי עלית 200 גרם,"שטראוס פריטו ליי בע""\מ )",,,יח,2,ל 100 גרם,false,1,9.90,4.95,true,1,
7290008750264,false,"מסטיק מאסט ציקלס דובדבן 28 גרם לל""ס מגדים",שטראוס גרופ בע`מ,,,יח,0.28,ל 100 גרם,false,1,4,14.29,false,1,
7290008753111,false,תפוצ'יפס קראנץ' בטעם מקסיקני עלית 50 גרם,"שטראוס פריטו ליי בע""\מ )",,,יח,0.50,ל 100 גרם,false,1,3.80,7.60,false,1,
7290008753364,false,דוריטוס גריל עלית 55 ג',שטראוס פריטו ליי בעמ,,,יח,0.55,ל 100 גרם,false,1,2.90,5.27,true,1,
7290008753371,false,דוריטוס 55 גר`נאצ`ו מקסיקני,שטראוס פריטו ליי בעמ,,,יח,0.55,ל 100 גרם,false,1,2.90,5.27,true,1,
7290008753388,false,דוריטוס טבעי עלית 55 ג',שטראוס פריטו ליי בעמ,,,יח,0.55,ל 100 גרם,false,1,2.90,5.27,true,1,
7290008754422,false,גומי מאסט בטעם פפרמינט קלאסי פליפטופ 28 ג' עלית,שטראוס גרופ בע`מ,,,יח,0.28,ל 100 גרם,false,1,4,14.29,false,1,
7290008757034,false,"שוופס סודה זכוכית 250 מ""ל",יפאורה שותפות מוגבלת לשיווק,,,יח,2.50,"ל 100 מ""ל",false,1,3.20,1.16,true,1,
7290008757072,false,משקה מוגז בטעם תות שוופס (330 מל),יפאורה - שותפות מוגבלת לשיווק,,,יח,3.30,"ל 100 מ""ל",false,1,3.90,1.09,true,1,
7290008757386,false,"פחית מיץ פז ענבים 330 מ""ל",יפאורה - שותפות מוגבלת לשיווק,,,יח,3.30,"ל 100 מ""ל",false,1,3.90,1.09,true,1,
7290008757980,false,קרטונית ספרינג נקטר רימונים 1 ליטר,יפאורה שותפות מוגבלת לשיווק,,,יח,10,"ל 100 מ""ל",false,1,7,0.70,true,1,
7290008775816,false,ערגליות עוגיות במילוי שוקולד אסם 300 גרם,קבוצת אוסם סחר שותפות מוגבלת,,,יח,3,ל 100 גרם,false,1,10.20,3.40,true,1,
7290008801010,false,"יין קברנה סוביניון מרלו פרייוט קולקשן 750 מ""ל",אגודת הכורמים הקאופו,,,יח,7.50,"ל 100 מ""ל",false,1,39.90,5.28,true,1,
7290008801119,false,סלקטד סוביניון בלאן יקבי כרמל (750 מל),אגודת הכורמים הקואופרטיב,,,יח,7.50,"ל 100 מ""ל",false,1,29.90,3.95,true,1,
7290008801157,false,"יין מרלו סלקטד כרמל כרמל 750 מ""ל",אגודת הכורמים -כרמל מזרחי,,,יח,7.50,"ל 100 מ""ל",false,1,29.90,3.95,true,1,
7290008801461,false,"יין הנצחון לקידוש, 750 מ""ל",אגודת הכורמים -כרמל מזרחי,,,יח,7.50,"ל 100 מ""ל",false,1,18.90,2.48,false,1,
7290008801478,false,יין טופז זהב אדום מתוק ייצוא 750 מל,אגודת הכורמים בעמ,,,יח,7.50,"ל 100 מ""ל",false,1,18.90,2.48,false,1,
7290008801522,false,יין קינג דויד קונקורד אדום מתוק 750 מל,אגודת הכורמים הקואופרטיב,,,יח,1,,false,1,19.90,19.90,false,1,
7290008801539,false,כרמל 120 אדום מתוק 750 מל קינג דיוויד,אגודת הכורמים הקואופרטיב,,,יח,7.50,"ל 100 מ""ל",false,1,19.90,2.61,false,1,
7290008801546,false,יין מוסקט מתוק קינג דיוויד יקבי כרמל,אגודת הכורמים הקואופרטיב,,,יח,7.50,"ל 100 מ""ל",false,1,19.90,2.61,false,1,
7290008801843,false,סלקטד קברנה סובניון יקבי כרמל (750 מל),אגודת הכורמים בעמ,,,יח,7.50,"ל 100 מ""ל",false,1,29.90,3.95,true,1,
7290008801850,false,סלקטד אמרלד ריזלינג לבן חצי יבש 750 מל,אגודת הכורמים הקואופרטיב,,,יח,7.50,"ל 100 מ""ל",false,1,29.90,3.95,true,1,
7290008802291,false,יין מרלו פרייבט קולקשן יקבי כרמל,אגודת הכורמים הקואופרטיב,,,יח,7.50,"ל 100 מ""ל",false,1,39.90,5.28,true,1,
7290008802512,false,"יין וינו אדום ""כרמל מזרחי""",אגודת הכורמים בעמ,,,יח,7.50,"ל 100 מ""ל",false,1,19.90,2.61,false,1,
7290008802529,false,"יין לבן חצי יבש וינו 750 מ""ל",אגודת הכורמים בעמ,,,יח,7.50,"ל 100 מ""ל",false,1,19.90,2.61,false,1,
7290008802895,false,יין קברנה סוביניון פרייבט קולקשן יקבי כרמל,אגודת הכורמים הקאופורטיב,,,יח,7.50,"ל 100 מ""ל",false,1,39.90,5.28,true,1,
7290008803090,false,"יין מרלו קולקשיין הסדרה האזורית כרמל 750 מ""ל",אגודת הכורמים הקואופרטיב,,,יח,7.50,"ל 100 מ""ל",false,1,59.90,7.95,true,1,
7290008804332,false,שיראז אדום יבש פריווט קולקשיין 750מל,אגודת הכורמים הקואופרטיב,,,יח,7.50,"ל 100 מ""ל",false,1,39.90,5.28,true,1,
7290008805384,false,סלקטד מוסקטו לבן יקבי כרמל (750 מל),אגודת הכורמים הקואופרטיב,,,יח,7.50,"ל 100 מ""ל",false,1,29.90,3.95,true,1,
7290008806985,false,נישנושים גלידה שוקו וניל בציפוי שוקולד 60 יח' קרמיסימו,"גלידת שטראוס בע""\מ, רחוב",,,יח,6.30,ל 100 גרם,false,1,44.90,7.13,false,1,
7290008815185,false,מאג תרמי ציפוי שעם 0.5 ליטר,אוהב ציון בעמ,,,יח,1,,false,1,14.90,14.90,false,1,
7290008835992,false,פילה נסיכת הנילוס קפוא בלדי,בלדי בעמ,,,"לק""ג",10,ל 100 גרם,true,1,64.90,6.49,false,1,
7290008836265,false,"נינוה יין לבן מוסקט אלכסנדרוני יקבי אפרת 750 מ""ל",יקב טפרברג 1870 בעמ,,,יח,7.50,"ל 100 מ""ל",false,1,24.90,3.28,true,1,
7290008836401,false,יין אדום מתוק ישן נושן אפרת 1 ליטר,יקב טפרברג 1870 בעמ (יינות ומש,,,יח,10,"ל 100 מ""ל",false,1,21.90,2.16,true,1,
7290008836494,false,מיץ ענבים תירוש אדום אפרת 1 ליטר,יקב טפרברג 1870 בעמ (יינות ומש,,,יח,10,"ל 100 מ""ל",false,1,15.90,1.56,true,1,
7290008849470,false,פלפל צ'ומה חריף אוליביה 185 גרם,תה ויסוצקי (ישראל)בעמ,,,יח,1.85,ל 100 גרם,false,1,12.90,6.97,true,1,
7290008849586,false,רוטב לעוף ריבת בצל אוליביה 310 גרם,תה ויסוצקי (ישראל) בעמ,,,יח,3.10,ל 100 גרם,false,1,12.90,4.16,true,1,
7290008899505,false,בגט לבן פילסברי 250,ג`נרל מילס ישראל בעמ,,,,1,,false,1,4.90,4.90,false,1,
7290008909853,false,"קוקה קולה זירו בקבוק 500 מ""ל.",החברה המרכזית להפצת משקאות בעמ,,,יח,5,"ל 100 מ""ל",false,1,7.90,1.52,false,1,
7290008975551,false,תחליף חלב מטרנה מהדרין שלב 3 חלבי 700 גרם,קבוצת אוסם סחר שותפות מוגבלת,,,יח,7,ל 100 גרם,false,1,53.90,7.70,false,1,
7290008975780,false,"מזון לכלבים בונזו מזון כלבים גזע קטן 3 ק""ג",דיפלומט מפיצים (1968) בעמ**,,,יח,30,ל 100 גרם,false,1,49.90,1.66,false,1,
7290008989169,false,"אורז תפוח בשקית בטר אנד דיפרנט 500 גרם לל""ג",בטר אנד דיפרנט בעמ,,,יח,5,ל 100 גרם,false,1,18.90,3.78,false,1,
7290008989428,false,בטר&דיפרנט גרנולה אגוזים ושקדים 500ג,בטר אנד דיפרנט בעמ,,,יח,4,ל 100 גרם,false,1,11.50,2.88,false,1,
7290008989473,false,ממרח חרובים בטעם שוקולד בטר אנד דיפרנט 350 גרם,"בטר אנד דיפרנט בע""מ",,,יח,3.50,ל 100 גרם,false,1,13.50,3.86,false,1,
7290008989671,false,"ציפוי עדיף פריך ""ללא גלוטן"" בטר אנד דיפרנט 250 גרם",בטר אנד דיפרנט בעמ,,,יח,2,ל 100 גרם,false,1,9.90,4.95,false,1,
7290010002016,false,כוסברה טחונה תבליני מימון 100 גרם,א.ל.ייצור ושיווק תבלינים בעמ,,,יח,1,ל 100 גרם,false,1,9.50,9.50,false,1,
7290010002023,false,כורכום הודי טחון תבליני מימון 100 גרם,א.ל. ייצור ושיווק תבלינים בע`מ,,,יח,1,ל 100 גרם,false,1,10.90,10.90,false,1,
7290010002030,false,תבלין כמון טחון תבליני מימון 100 גרם,א.ל. ייצור ושיווק תבלינים בע`מ,,,יח,1,ל 100 גרם,false,1,10.90,10.90,false,1,
7290010002047,false,תבלין מלח לימון תבליני מימון 200 גרם,א.ל. ייצור ושיווק תבלינים בע`מ,,,יח,2,ל 100 גרם,false,1,10.90,5.45,false,1,
7290010002061,false,פלפל לבן טחון תבליני מימון (100 גרם),א.ל. ייצור ושיווק תבלינים בע`מ,,,יח,1,ל 100 גרם,false,1,16.90,16.90,false,1,
7290010002078,false,פלפל שחור טחון תבליני מימון (100 גרם),א.ל. ייצור ושיווק תבלינים בע`מ,,,יח,1,ל 100 גרם,false,1,14.90,14.90,false,1,
7290010002092,false,תבלין פלפל שחור גרוס דק תבליני מימון 90,א.ל. ייצור ושיווק תבלינים בע`מ,,,יח,1.20,ל 100 גרם,false,1,14.90,12.42,false,1,
7290010002108,false,תבלין פלפל שחור גרוס גס תבליני מימון 90,א.ל. ייצור ושיווק תבלינים בע`מ,,,יח,1.20,ל 100 גרם,false,1,14.90,12.42,false,1,
7290010002122,false,פפריקה הונגרית מתוקה תבליני מימון 100 גרם,א.ל. ייצור ושיווק תבלינים בע`מ,,,יח,1,ל 100 גרם,false,1,10.90,10.90,false,1,
7290010002146,false,פפריקה מרוקאית מתוקה תבליני מימון 100 גרם,א.ל. ייצור ושיווק תבלינים בע`מ,,,יח,1,ל 100 גרם,false,1,10.90,10.90,false,1,
7290010002153,false,פפריקה מרוקאית חריפה תבליני מימון 100 גרם,א.ל. ייצור ושיווק תבלינים בע`מ,,,יח,1,ל 100 גרם,false,1,10.90,10.90,false,1,
7290010002177,false,פרימיום פפריקה מעושנת90 גר`מימון*,א.ל.ייצור ושיווק תבלינים בעמ,,,יח,0.90,ל 100 גרם,false,1,13.90,15.44,true,1,
7290010002207,false,תבלין קינמון טחון תבליני מימון 100 גרם,א.ל. ייצור ושיווק תבלינים בע`מ,,,יח,1,ל 100 גרם,false,1,10.90,10.90,false,1,
7290010002214,false,תבלין צ'ילי גרוס תבליני מימון 80 גרם,א.ל. ייצור ושיווק תבלינים בע`מ,,,יח,0.75,ל 100 גרם,false,1,10.90,14.53,false,1,
7290010002283,false,תיבול על האש תבליני מימון 100 גרם,א.ל. ייצור ושיווק תבלינים בע`מ,,,יח,1,ל 100 גרם,false,1,10.90,10.90,false,1,
7290010002290,false,תיבול לשווארמה תבליני מימון 100 גרם,א.ל. ייצור ושיווק תבלינים בע`מ,,,יח,1,ל 100 גרם,false,1,10.90,10.90,false,1,
7290010002306,false,תיבול לקציצות תבליני מימון 100 גרם,א.ל.ייצור ושיווק תבלינים בעמ,,,יח,1,ל 100 גרם,false,1,10.90,10.90,false,1,
7290010002313,false,תבלין ראס אל חנות תבליני מימון 100 גרם,א.ל. ייצור ושיווק תבלינים בע`מ,,,יח,1,ל 100 גרם,false,1,10.90,10.90,false,1,
7290010002320,false,תבלין לגריל עוף תבליני מימון (100 גרם),א.ל. ייצור ושיווק תבלינים בע`מ,,,יח,1,ל 100 גרם,false,1,10.90,10.90,false,1,
7290010002337,false,תיבול לסטייק תבליני מימון 100 גרם,א.ל. ייצור ושיווק תבלינים בע`מ,,,יח,1,ל 100 גרם,false,1,10.90,10.90,false,1,
7290010002344,false,תבלין לדג תבליני מימון 100 גרם.,א.ל. ייצור ושיווק תבלינים בע`מ,,,יח,1,ל 100 גרם,false,1,10.90,10.90,false,1,
7290010002351,false,זעתר ושומשום בלדי תבליני מימון (100 גרם),א.ל. ייצור ושיווק תבלינים בע`מ,,,יח,1,ל 100 גרם,false,1,10.90,10.90,false,1,
7290010002368,false,תערובת חווויג' תבליני מימון 100 גרם,א.ל. ייצור ושיווק תבלינים בע`מ,,,יח,1,ל 100 גרם,false,1,10.90,10.90,false,1,
7290010002375,false,תבלין מדראס קארי תבליני מימון (100 גרם),א.ל. ייצור ושיווק תבלינים בע`מ,,,יח,1,ל 100 גרם,false,1,10.90,10.90,false,1,
7290010002382,false,תבלין אורגנו תבליני מימון 40 גרם,א.ל. ייצור ושיווק תבלינים בע`מ,,,יח,0.40,ל 100 גרם,false,1,9.50,23.75,false,1,
7290010002399,false,תבלין בזיליקום תבליני מימון 40 גרם,א.ל. ייצור ושיווק תבלינים בע`מ,,,יח,0.50,ל 100 גרם,false,1,9.50,19,false,1,
7290010002405,false,תבלין טימין הררי תבליני מימון 40 גרם,א.ל. ייצור ושיווק תבלינים בע`מ,,,יח,0.50,ל 100 גרם,false,1,9.50,19,false,1,
7290010002436,false,תבלין פטרוזיליה תבליני מימון 25 גרם,א.ל. ייצור ושיווק תבלינים בע`מ,,,יח,0.25,ל 100 גרם,false,1,10.90,43.60,false,1,
7290010002443,false,תבלין רוזמרין תבליני מימון 40 גרם,א.ל. ייצור ושיווק תבלינים בע`מ,,,יח,0.50,ל 100 גרם,false,1,9.50,19,false,1,
7290010002450,false,שמיר תבליני מימון 25 גרם,א.ל. ייצור ושיווק תבלינים בע`מ,,,יח,0.30,ל 100 גרם,false,1,9.50,31.67,false,1,
7290010002481,false,תבלין שום טחון תבליני מימון 100 גרם,א.ל. ייצור ושיווק תבלינים בע`מ,,,יח,1,ל 100 גרם,false,1,14.90,14.90,false,1,
7290010002498,false,תבלין שום גבישי תבליני מימון 120 גרם,א.ל. ייצור ושיווק תבלינים בע`מ,,,יח,1.50,ל 100 גרם,false,1,14.90,9.93,false,1,
7290010002597,false,כוסברה ירוקה תבליני מימון (20 גרם),א.ל. ייצור ושיווק תבלינים בע`מ,,,יח,0.20,ל 100 גרם,false,1,9.50,47.50,false,1,
7290010002696,false,אקסטרה צ'יפס אורז חום מלא שמנת בצל 60 גרם,א.ל.ייצור ושיווק תבלינים בעמ,,,יח,1,ל 100 גרם,false,1,6.90,6.90,true,1,
7290010002726,false,תבלין לפרגיות תבליני מימון 100 גרם.,א.ל. ייצור ושיווק תבלינים בע`מ,,,יח,1,ל 100 גרם,false,1,10.90,10.90,false,1,
7290010003051,false,פפריקה הונגרית מתוקה תבליני מימון 400 גרם,א.ל. ייצור ושיווק תבלינים בע`מ,,,יח,4,ל 100 גרם,false,1,23.90,5.98,false,1,
7290010003075,false,פפריקה מרוקאית מתוקה תבליני מימון 400 גרם,א.ל. ייצור ושיווק תבלינים בע`מ,,,יח,4,ל 100 גרם,false,1,23.90,5.98,false,1,
7290010003105,false,שום גבישי,א.ל ייצור ושיווק תבלינים בעמ,,,יח,5,ל 100 גרם,false,1,14.90,2.98,false,1,
7290010003709,false,פלפל שחור טחון בשקית תבליני מימון 50 גרם,א.ל. ייצור ושיווק תבלינים בע`מ,,,יח,0.50,ל 100 גרם,false,1,7.90,15.80,false,1,
7290010003754,false,כמון טחון בשקית תבליני תבליני מימון 50 גרם,א.ל. ייצור ושיווק תבלינים בע`מ,,,יח,0.80,ל 100 גרם,false,1,5.90,7.38,false,1,
7290010003761,false,כורכום טחון בשקית תבליני מימון 80 גרם,א.ל. ייצור ושיווק תבלינים בע`מ,,,יח,8,ל 100 גרם,false,1,5.90,0.74,false,1,
7290010003778,false,תיבול לגריל עוף בשקית תבליני מימון 80 גרם,א.ל. ייצור ושיווק תבלינים בע`מ,,,יח,8,ל 100 גרם,false,1,5.90,0.74,false,1,
7290010003822,false,פפריקה חריפה בשקית תבליני מימון (80 גרם),א.ל. ייצור ושיווק תבלינים בע`מ,,,יח,8,ל 100 גרם,false,1,5.90,0.74,false,1,
7290010003839,false,קינמון טחון בשקית תבליני מימון 80 גרם,א.ל. ייצור ושיווק תבלינים בע`מ,,,יח,0.80,ל 100 גרם,false,1,5.90,7.38,false,1,
7290010003846,false,אורגנו בשקית תבליני מימון 20 גרם,א.ל. ייצור ושיווק תבלינים בע`מ,,,יח,2,ל 100 גרם,false,1,5.90,2.95,false,1,
7290010003990,false,פטרוזיליה בשקית תבליני מימון 20 גרם,א.ל. ייצור ושיווק תבלינים בע`מ,,,יח,2,ל 100 גרם,false,1,5.90,2.95,false,1,
7290010016471,false,עוגת פס גבינה/אוכמניות 450גר לייבוביץ,שדמה חג`ג`,,,יח,8.50,ל 100 גרם,false,1,39.90,4.69,false,1,
7290010023141,false,תה לימונענע הגן הקסום ויסוצקי 25 יחידות,תה ויסוצקי (ישראל) בעמ,,,יח,0.50,ל 100 גרם,false,1,17.90,35.80,true,1,
7290010023622,false,תה קלאסי עם נגיעות נענע ויסוצקי 100 יחידות,תה ויסוצקי (ישראל) בעמ,,,יח,1,ל 100 גרם,false,1,17.90,17.90,false,1,
7290010065301,false,פרינוק - מחית סלט פירות 130 גרם,גורי מוצרי צריכה (1991) בעמ,,,יח,1.30,ל 100 גרם,false,1,5.90,4.54,false,1,
7290010065318,false,מחית תפוח עץ ג'וניור פרינוק 190 גרם,גורי מוצרי צריכה 1991 בע`מ,,,יח,1.90,ל 100 גרם,false,1,6.60,3.47,true,1,
7290010065332,false,מחית תפוח עץ בננה ג'וניור פרינוק 190 גרם,גורי מוצרי צריכה (1991) בעמ,,,יח,1.90,ל 100 גרם,false,1,6.60,3.47,true,1,
7290010065349,false,מחית סלט פירות ג'וניור פרינוק 190 גרם,גורי מוצרי צריכה (1991) בעמ,,,יח,1.90,ל 100 גרם,false,1,6.90,3.63,true,1,
7290010065745,false,מחית לפתן פירות ג'וניור פרינוק 190 גרם,גורי מוצרי צריכה (1991) בעמ,,,יח,1.90,ל 100 גרם,false,1,6.60,3.47,true,1,
7290010066001,false,נתחי טונה עם שמן צמחי פילטונה 960 גרם,תעשיות פיל טונה בעמ,,,יח,1,"לק""ג",false,1,32.90,32.90,false,1,
7290010066025,false,טונה פילטונה בודד בשמן 160 ג`.,תעשיות פיל טונה בעמ,,,יח,1.70,ל 100 גרם,false,1,5.90,3.47,false,1,
7290010116980,false,שוקולית אבקה להכנת משקה שוקו שקית 850,הנסיך- מפעל לייצור ט,,,יח,8.50,ל 100 גרם,false,1,17.90,2.11,true,1,
7290010117857,false,דוריטוס חריף אש 55 ג' עלית,שטראוס פריטו ליי בעמ,,,יח,0.55,ל 100 גרם,false,1,2.90,5.27,true,1,
7290010117970,false,סבבה בוטנים קלויים מצופים - אריזה אישית,שטראוס פריטו ליי בע`מ,,,יח,0.50,ל 100 גרם,false,1,2,4,false,1,
7290010118328,false,חטיף צ`יפס בטעם טבעי תפוצ`יפס (40x6 גרם),"שטראוס פריטו ליי בע""מ",,,יח,2.40,ל 100 גרם,false,1,12.50,5.21,false,1,
7290010119950,false,חטיף דוריטוס בטעם חמוץ חריף 55 גרם,שטראוס פריטו ליי בע`מ,,,יח,0.55,ל 100 גרם,false,1,2.90,5.27,true,1,
7290010129003,false,עוגיות אוזניים דולצ`ה ויטה 600 גר,שיבולים יצור ושיווק מוצרי מאפה,,,יח,6,ל 100 גרם,false,1,16.90,2.82,false,1,
7290010129010,false,עוגיות כתר ריבה דולצ`ה ויטה (600 גרם),שיבולים יצור ושיווק מוצרי מאפה,,,יח,6,ל 100 גרם,false,1,16.90,2.82,false,1,
7290010129027,false,עוגיות מרוקאיות דולצ`ה ויטה (600 גרם),שיבולים יצור ושיווק מוצרי מאפה,,,יח,6,ל 100 גרם,false,1,16.90,2.82,false,1,
7290010129041,false,עוגיות רייבה דולצ`ה ויטה (600 גרם),שיבולים יצור ושיווק מוצרי מאפה,,,יח,6,ל 100 גרם,false,1,16.90,2.82,false,1,
7290010129300,false,עוגיות רייף 350ג מאפים של אדל,שיבולים יצור ושיווק מוצרי מאפה,,,יח,3.50,ל 100 גרם,false,1,13.90,3.97,false,1,
7290010129324,false,עוגיות מעמול דולצה ויטה 600 גר,שיבולים יצור ושיווק מוצרי מאפה,,,יח,6,ל 100 גרם,false,1,16.90,2.82,false,1,
7290010129553,false,עוגיות רולדה תמרים דולצ`ה ויטה (600 גרם),שיבולים יצור ושיווק מוצרי מאפה,,,יח,6,ל 100 גרם,false,1,16.90,2.82,false,1,
7290010129652,false,עוגיות לקפה 350ג מאפים של אדל,שיבולים יצור ושיווק מוצרי מאפה,,,יח,3.50,ל 100 גרם,false,1,13.90,3.97,false,1,
7290010129676,false,עוגיות מרוקאיות ארוך 350 גרם,שיבולים יצור ושיווק מוצרי מאפה,,,יח,3.50,ל 100 גרם,false,1,13.90,3.97,false,1,
7290010153503,false,שעועית בובס יבשה מיה 400 גר',מיה תעשיות מזון מ.ת.מ. בעמ,,,יח,4,ל 100 גרם,false,1,9.90,2.48,false,1,
7290010153510,false,בורגול יבש מיה 500 גר',מיה תעשיות מזון מ.ת.מ. בעמ,,,יח,5,ל 100 גרם,false,1,3.90,0.78,true,1,
7290010153527,false,ג'ריש מיה 500 גרם,מיה תעשיות מזון מ.ת.מ. בעמ,,,יח,5,ל 100 גרם,false,1,4.90,0.98,true,1,
7290010153541,false,שיבולת שועל קוואקר מהיר הכנה מיה 500 גר',מיה תעשיות מזון מ.ת.מ בעמ,,,יח,5,ל 100 גרם,false,1,5.90,1.18,false,1,
7290010153725,false,קונפיטורה דובדבן מיה 340 גרם,מיה תעשיות מזון מ.ת.מ בעמ,,,יח,3.40,ל 100 גרם,false,1,9.90,2.91,true,1,
7290010153770,false,ציפוי לשניצל פיקנטי מיה 500 גרם,מיה תעשיות מזון מ.ת.מ. בעמ,,,יח,5,ל 100 גרם,false,1,7.90,1.58,true,1,
7290010153787,false,ציפוי לשניצל עם שומשום 500 גר`מיה,מיה תעשיות מזון מ.ת.מ. בעמ,,,יח,5,ל 100 גרם,false,1,7.90,1.58,true,1,
7290010153794,false,ציפוי לשניצל עם עשבי תיבול מיה 500 גרם,מיה תעשיות מזון מ.ת.מ. בעמ,,,יח,5,ל 100 גרם,false,1,7.90,1.58,true,1,
7290010153817,false,ריבת חלב אמיתי מיה 400 גרם,מיה תעשיות מזון מ.ת.מ. בעמ,,,יח,4,ל 100 גרם,false,1,9.90,2.48,true,1,
7290010153879,false,ריבת חלב מרוכזת בטעם שמנת מיה 400 גר',מיה תעשיות מזון מ.ת.מ. בעמ,,,יח,4,ל 100 גרם,false,1,10,2.50,true,1,
7290010153978,false,קונפיטורה שזיפים מיה 340 גרם,מיה תעשיות מזון מ.ת.מ בעמ,,,יח,3.40,ל 100 גרם,false,1,9.90,2.91,true,1,
7290010154005,false,סחוג תימני תבליני ביטון יוחאי (250 גרם),תבליני יוחאי ביטון,,,יח,2.50,ל 100 גרם,false,1,13.50,5.40,false,1,
7290010154012,false,לימון בלאדי תבליני ביטון יוחאי (250 גרם),תבליני יוחאי ביטון,,,יח,2.50,ל 100 גרם,false,1,13.50,5.40,false,1,
7290010154029,false,אריסה מתוקה תבליני ביטון יוחאי (250 גרם),תבליני יוחאי ביטון,,,יח,2.50,ל 100 גרם,false,1,13.50,5.40,false,1,
7290010154036,false,עמבה תבליני ביטון יוחאי (250 גרם),תבליני יוחאי ביטון,,,יח,2.50,ל 100 גרם,false,1,13.50,5.40,false,1,
7290010154050,false,ממרח שיפקה כבוש ביטון יוחאי (250 גרם),תבליני יוחאי ביטון,,,יח,2.50,ל 100 גרם,false,1,13.50,5.40,false,1,
7290010154241,false,סלט חזרת ביתית תבליני ביטון יוחאי (250 ג,תבליני יוחאי ביטון,,,יח,2.50,ל 100 גרם,false,1,13.50,5.40,false,1,
7290010154265,false,פלפל צ`ומה תבליני ביטון יוחאי (250 גרם),תבליני יוחאי ביטון,,,יח,2.50,ל 100 גרם,false,1,13.50,5.40,false,1,
7290010154418,false,סחוג אדום תבליני ביטון 130 גרם,תבליני יוחאי ביטון,,,יח,1.30,ל 100 גרם,false,1,9.90,7.62,false,1,
7290010154425,false,סחוג ירוק תבליני ביטון 130 גרם,תבליני יוחאי ביטון,,,יח,1.30,ל 100 גרם,false,1,9.90,7.62,false,1,
7290010154548,false,ממרח שום טבעי יוחאי ביטון 235 גרם,תבליני יוחאי ביטון,,,יח,2.35,ל 100 גרם,false,1,13.90,5.91,false,1,
7290010154555,false,ממרח לימון כבוש יוחאי ביטון 250 גרם,תבליני יוחאי ביטון,,,יח,2.35,ל 100 גרם,false,1,13.90,5.91,false,1,
7290010154678,false,אריסה מרוקאית תבליני ביטון 250 גרם,תבליני יוחאי ביטון,,,יח,2.50,ל 100 גרם,false,1,13.50,5.40,false,1,
7290010154685,false,סלט שום כתוש 250 ג' ביטון יוחאי,תבליני יוחאי ביטון,,,יח,2.50,ל 100 גרם,false,1,13.50,5.40,false,1,
7290010154692,false,סחוג אדום יוחאי ביטון 250 גרם,תבליני יוחאי ביטון,,,יח,2.50,ל 100 גרם,false,1,13.50,5.40,false,1,
7290010234004,false,"שטיפה אינטימית 200 מ""ל פנינה רוזנבלום",פנינה רוזנבלום בעמ,,,יח,4.50,"ל 100 מ""ל",false,1,17.90,3.98,false,1,
7290010237784,false,בירה שנדי בתוספת משקה לימון ליים - שישייה,"טמפו משקאות בע""\מ",,,יח,1.98,לליטר,false,1,33.90,16.21,true,1,
7290010237890,false,"בירה הייניקן בקבוק 500 מ""ל חוזר",טמפו משקאות בע''מ,,,יח,5,"ל 100 מ""ל",false,1,8.50,1.46,false,1,
7290010259007,false,"עוגיות איטלקיות מובחרות ויליפוד 1 ק""ג",ג.וילי פוד אינטרנשיונל בעמ,,,יח,2,ל 100 גרם,false,1,5.90,2.95,false,1,
7290010259359,false,וילי פוד נודלס אטר.ביצים להקפצה בדץ 200ג,ג.וילי-פוד אינטרנשיונל בעמ,,,יח,2,ל 100 גרם,false,1,4.90,2.45,false,1,
7290010259366,false,וילי פוד נודלס אטר.ביצים מסולסל בדץ 200ג,ג. וילי-פוד אינטרנשיונל בע`מ,,,יח,2,ל 100 גרם,false,1,4.90,2.45,false,1,
7290010259830,false,מנת השף נודלס בסגנון סיני פיקנטי וילי פוד 70 גרם,ג. וילי-פוד אינטרנשיונל בע`מ,,,יח,0.70,ל 100 גרם,false,1,5.90,8.43,false,1,
7290010259847,false,מנת השף מרק עם נודלס בטעם תירס ויליפוד 70 גרם,ג. וילי-פוד אינטרנשיונל בע`מ,,,יח,0.70,ל 100 גרם,false,1,5.90,8.43,false,1,
7290010259854,false,מנת השף מרק עם נודלס בטעם פטריות ויליפוד 70 גרם,ג. וילי-פוד אינטרנשיונל בע`מ,,,יח,0.70,ל 100 גרם,false,1,5.90,8.43,false,1,
7290010259861,false,מנת השף מרק עם נודלס בטעם ירקות ויליפוד 70 גרם,ג. וילי-פוד אינטרנשיונל בע`מ,,,יח,0.70,ל 100 גרם,false,1,5.90,8.43,false,1,
7290010259991,false,צנימים מיוחדים בטעם טבעי 250 ג',ג. וילי-פוד אינטרנשיונל בע`מ,,,יח,2.50,ל 100 גרם,false,1,6.90,2.76,false,1,
7290010300860,false,אציטון נאמן לאורך זמ,נאמן לאורך זמן בעמ,,,יח,10,ל 100 גרם,false,1,3.50,0.35,false,1,
7290010328093,false,ממרח חלווה אחווה 400 ג' מהדרין,אחדות בית חרושת לטחי,,,יח,4,"ל 100 מ""ל",false,1,9.90,2.48,false,1,
7290010328178,false,חלבה מסולסלת שערות אחוה 250 ג',אחדות ביתחרושת לטחינה חלבה,,,יח,2.50,ל 100 גרם,false,1,11.90,4.76,false,1,
7290010328239,false,טחינה מתובלת משומשום טבעי אחוה (500 גרם),אחדות ביתחרושת לטחינה חלבה,,,יח,5,ל 100 גרם,false,1,11.90,2.38,false,1,
7290010328246,false,טחינה גולמית שומשום מלא אחווה 500 ג',אחדות ביתחרושת לטחינה חלבה,,,יח,5,ל 100 גרם,false,1,10.90,2.18,false,1,
7290010328253,false,טחינה גולמית משומשום טבעי אחווה 500 גרם,אחדות ביתחרושת לטחינה חלבה,,,יח,5,ל 100 גרם,false,1,10.90,2.18,false,1,
7290010328451,false,אחווה חלווה עם פולי קקאו 400 גר,אחדות ביתחרושת לטחינה חלבה,,,יח,4,ל 100 גרם,false,1,11.90,2.98,false,1,
7290010328468,false,מארז מיני חלווה אחוה בטעמים 18 יחידות 216 גרם,שוורצקוף& הנקל דיסלד,,,יח,18,יח,false,1,9.90,0.55,false,1,
7290010328505,false,"מארז מיני חלווה 15 יחידות לל""ס אחוה 150 גרם",אחדות ביחר לטחינה חל,,,יח,1.50,יח,false,1,9.90,6.60,false,1,
7290010328710,false,קצפיות אחווה 180 גר`חדש ללא חזרות*,אחדות ביחר לטחינה חל,,,יח,4,ל 100 גרם,false,1,9.90,2.48,false,1,
7290010328895,false,מאפין בטעם שוקולד45 גרם אחוה,אחדות ביחר לטחינה חל,,,יח,0.45,ל 100 גרם,false,1,1.40,3.11,true,1,
7290010329854,false,מיני קוקיס עוגיות בטעם חמאה ללא סוכר כרמית 600 גרם,כרמית תעשיות ממתקים בעמ,,,יח,7,ל 100 גרם,false,1,19.90,2.84,false,1,
7290010429684,false,דבש טהור פרחי בר יד מרדכי 700 גרם מארז זוגי,"שטראוס גרופ בע""מ",,,יח,7,ל 100 גרם,false,1,29.90,4.27,false,1,
7290010471669,false,יוגורט תות עם קורנפלקס מצופה שוקולד ללא גלוטן 3.9%,שטראוס גרופ בעמ/מצונן,,,יח,1.75,"ל 100 מ""ל",false,1,4.50,2.57,false,1,
7290010472307,false,"שמיניית משקה גמדים תות בננה דיסני 108 מ""ל",שטראוס גרופ בעמ/מצונן,,,יח,8,"ל 100 מ""ל",false,1,19.90,2.49,true,1,
7290010472390,false,מארז 8 יחידות מעדן דני בטעם שוקולד 1.5%,שטראוס גרופ בעמ/מצונן,,,יח,1,לליטר,false,1,14.90,14.90,false,1,
7290010502202,false,"קפה טורקי פרימיום וואקום 1 ק""ג",ר.ס חברה ליבוא ויצור,,,יח,10,ל 100 גרם,false,1,39.90,3.99,false,1,
7290010530120,false,טופו ג`ל מזרק 15 גר`לקטילת נמלים,מדר דוד,,,יח,1,,false,1,78.90,78.90,false,1,
7290010546053,false,מנדל גרנולה בריאות קלויה ללא סוכר 400 גר,גורי מוצרי צריכה (1991) בעמ,,,יח,4,ל 100 גרם,false,1,19.90,4.98,false,1,
7290010546152,false,גרנולה קלויה בתוספת אגוזים ותמרים 400 ג',גורי מוצרי צריכה (1991) בעמ,,,יח,4,ל 100 גרם,false,1,19.90,4.98,false,1,
7290010546169,false,"גרנולה בטעם ""דינמי"" בתוספת שקדים וצימוק",גורי מוצרי צריכה 1991 בעמ,,,יח,4,ל 100 גרם,false,1,19.90,4.98,false,1,
7290010548514,false,קוביות עשבי תיבול לבישול איטלקי דורות 70 גרם,קבוצת אוסם סחר שותפות מוגבלת,,,יח,0.70,ל 100 גרם,false,1,10.90,15.57,false,1,
7290010558599,false,ממרח פלפל שיפקה 200ג עוזי*,עוזי טעמים של בית,,,יח,2,ל 100 גרם,false,1,18.90,9.45,false,1,
7290010561643,false,ברילי פירורי לחם 250 ג' ללא גלוטן,י.איטליאנו אחזקות בעמ,,,יח,3,ל 100 גרם,false,1,18.90,6.30,false,1,
7290010627004,false,טחינה גולמית מסורתית ירושלים 500 ג',תה ויסוצקי (ישראל) בעמ,,,יח,5,ל 100 גרם,false,1,14.90,2.98,false,1,
7290010627844,false,טחינה גולמית שומשום מלא ירושלים 500גרם,תה ויסוצקי (ישראל) בעמ,,,יח,5,ל 100 גרם,false,1,14.90,2.98,false,1,
7290010650019,false,אנדיב בלגי אמיתי חוות תקוע,חוות פטריות תקוע בעמ*קונסיגנצי,,,יח,1,,false,1,14.90,14.90,false,1,
7290010650415,false,עגבניות מיובשות 200 גרם תקוע,ביכורי השדה צפון 1994 ג.ד. בעמ,,,יח,1,ל 100 גרם,false,1,13.90,13.90,false,1,
7290010650828,false,פטריות שימג'י חוות תקוע 150 גרם,ביכורי השדה צפון 1994 ג.ד. בעמ,,,יח,1,,false,1,11.90,11.90,false,1,
7290010650996,false,"פטריות שי מג'י חומות, 150 גרם חוות תקוע",ביכורי השדה צפון 1994 ג.ד. בעמ,,,יח,1,,false,1,9.90,9.90,false,1,
7290010672844,false,חלה רגילה קלועה אפויה-קפואה,ג`נרל מילס ישראל בעמ,,,ל 100 גרם,1,,false,1,11.90,11.90,true,1,
7290010719020,false,שמן זית מעולה 1ליטר,ח.כהן סוכנות מזון ומשקאות בע,,,יח,10,"ל 100 מ""ל",false,1,47.90,4.79,false,1,
7290010748853,false,"ד""ר פישר - אפקטיב קר קרם ידיים סנסיטיב 150 מ""ל","פישר תעשיות פרמצביטות בע""מ",,,יח,1.50,"ל 100 מ""ל",false,1,16.90,11.27,true,1,
7290010748884,false,אפקטיב קר קרם גוף אינטנסיב לעור יבש במיוחד ח 700,"פישר תעשיות פרמצביטות בע""מ",,,יח,7,"ל 100 מ""ל",false,1,32.90,4.70,false,1,
7290010760893,false,"בורקס תפו""א כשל""פ 600 גרם",מאפית אריאל בכינוס נכסים,,,יח,6,ל 100 גרם,false,1,21.90,3.65,false,1,
7290010761241,false,לחמניות ללא חשש 6 במארז,מאפית אריאל בכינוס נכסים,,,יח,6,יח,false,1,17.90,2.98,false,1,
7290010766734,false,רוטב פיצה אוליביה אסם 430 ג',תה ויסוצקי (ישראל) בעמ,,,יח,4.30,"ל 100 מ""ל",false,1,12.90,3,true,1,
7290010777150,false,שמניית פיתה בריבוע מחיטה מלאה פיתה אקספרס,מגוון שיווק והפצת מאפים בעמ,,,יח,1,יח,false,1,14.90,14.90,false,1,
7290010777242,false,עשיירית פיתה מחמצת פיתה אקספרס,מגוון שיווק והפצת מאפים בעמ,,,יח,1,יח,false,1,15.90,15.90,false,1,
7290010777280,false,פיתות בריבוע 10יח 900גרם,גיא שיווק טוב,,,יח,1,יח,false,1,15,15,false,1,
7290010777297,false,פיתות עבודת יד10 יח'/ פיתה ביס לבן 12 יח',מגוון שיווק והפצת מאפים בעמ,,,יח,1,יח,false,1,15.90,15.90,false,1,
7290010777488,false,פיתה מחמצת 100% קמח מלא פיתה אקספרס,מגוון שיווק והפצת מאפים בעמ,,,יח,1,יח,false,1,15.90,15.90,false,1,
7290010777525,false,מארז שישייה פיתות כוסמין פיתה אקספרס,מגוון שיווק והפצת מאפים בעמ,,,יח,1,יח,false,1,16.90,16.90,false,1,
7290010791583,false,לה-קט דליקטס דגי אוקינוס וטונה 85 גר',דיפלומט מפיצים (1968) בעמ**,,,יח,0.85,ל 100 גרם,false,1,4.90,5.76,false,1,
7290010814244,false,שלשות שוקולד מריר 85 גרם*3 בלמינט *18 בקרטון,כרמית תעשיות ממתקים בעמ,,,יח,2.55,ל 100 גרם,false,1,10.90,4.27,false,1,
7290010838219,false,ממתיק על בסיס צמח הסטיביה - שקיות,"קיפל טבליות וממתיקים בע""מ",,,יח,1,ל 100 גרם,false,1,27.90,27.90,false,1,
7290010838424,false,ג'ל לניקוי מתקדם בניחוח רענן - מארז זוג,"איטיליאן פוד, אס.פי.",,,יח,1.50,לליטר,false,1,21.90,14.60,false,1,
7290010838431,false,דאק נוזל לניקוי אסלות זוג בניחוח ים 2*750 מל,מיוצר עי קונדיטוריית,,,יח,1.50,לליטר,false,1,21.90,14.60,false,1,
7290010883356,false,כפפות אלוורה רב שימושיות גדולות L סנו סושי,החברה הדרומית לשיווק בעמ,,,יח,1,,false,1,10.90,10.90,false,1,
7290010883363,false,כפפות אלוורה רב שימושיות קטנות S סנו סושי,החברה הדרומית לשיווק בעמ,,,יח,1,,false,1,10.90,10.90,false,1,
7290010883370,false,כפפות אלוורה רב שימושיות בינוניות M סנו סושי,החברה הדרומית לשיווק בעמ,,,יח,1,,false,1,10.90,10.90,false,1,
7290010903924,false,"שניצל צמחי בד""צ קפוא זן",קפוא-זן תעשיות מזון בעמ - תפוג,,,יח,10,ל 100 גרם,false,1,21.90,2.19,false,1,
7290010903931,false,"כוכבי תירס בד""צ קפוא זן",קפוא-זן תעשיות מזון בעמ - תפוג,,,יח,10,ל 100 גרם,false,1,21.90,2.19,false,1,
7290010922024,false,"פסיפלורה קפואה 250 גרם- Shake It -בד""ץ עדה חרדית","הבו-קדו בע""\מn\",,,יח,2.50,ל 100 גרם,false,1,9.90,3.96,true,1,
7290010922901,false,קבב מזרחי קפוא ארוז אשפר 400 גרם בלדי,"בלדי בע""\מ",,,יח,4,ל 100 גרם,false,1,13.90,3.48,false,1,
7290010922918,false,מינוט סטייק 250 גרם ארוז - אשפר,"בלדי בע""\מ",,,יח,2.50,ל 100 גרם,false,1,34.90,13.96,false,1,
7290010922949,false,תות שדה קפוא 250 גרם - Shake It,"הבו-קדו בע""\מn\",,,יח,2.50,ל 100 גרם,false,1,9.90,3.96,true,1,
7290010931330,false,סלט מטבוחה אחלה 500 גרם,שטראוס גרופ בעמ/מצונן,,,יח,5.75,ל 100 גרם,false,1,13.90,2.42,true,1,
7290010944927,false,מעמד כל בו כפול לבן,א. דינצי ובניו בעמ,,,יח,1,,false,1,29.90,29.90,false,1,
7290010945146,false,קוטג' 3% מועשר בסידן טרה 250 ג' מהדרין,החברה המרכזית טלהפצת משקאות בע,,,יח,2.50,ל 100 גרם,false,1,5.90,2.36,true,1,
7290010945306,false,חלב טרה קרטון 2 ליטר מהדרין*%*3,החברה המרכזית טלהפצת משקאות בע,,,יח,20,לליטר,false,1,12.40,0.62,false,1,
7290010945450,false,גבינה לבנה 3% 250 גר מועשר בסידן וויטמין,החברה המרכזית טלהפצת משקאות בע,,,יח,2.50,ל 100 גרם,false,1,4.98,1.99,false,1,
7290010945481,false,גבינה לבנה טרה 5% מרכיבים טבעיים,החברה המרכזית טלהפצת משקאות בע,,,יח,5,ל 100 גרם,false,1,9.90,1.98,true,1,
7290011017866,false,פחית קולה סליק קוקה-קולה (330 מל),החברה המרכזית להפצת משקאות בעמ,,,יח,3.30,"ל 100 מ""ל",false,1,4.90,1.39,true,1,
7290011017873,false,פחית זירו סליק קוקה-קולה (330 מל),החברה המרכזית להפצת משקאות בעמ,,,יח,3.30,"ל 100 מ""ל",false,1,4.90,1.39,true,1,
7290011018184,false,תה קר בטעם אפרסק פיוז-טי (500 מל),החברה המרכזית להפצת משקאות בעמ,,,יח,5,"ל 100 מ""ל",false,1,6.90,1.32,false,1,
7290011018368,false,ויינשטפן בירת חיטה לא מסוננת,החברה המרכזית להפצת משקאות בעמ,,,יח,1.98,"ל 100 מ""ל",false,1,69.90,34.39,true,1,
7290011018443,false,משקה מוגז אורנג` פאנטה (330 מל),החברה המרכזית להפצת משקאות בעמ,,,יח,3.30,"ל 100 מ""ל",false,1,4.90,1.39,true,1,
7290011018474,false,"סומרסבי סיידר תפוחים אלכוהולי 300 מ""ל",החברה המרכזית להפצת משקאות בעמ,,,יח,10,"ל 100 מ""ל",false,1,8.50,0.82,false,1,
7290011026523,false,שמפו לתינוק לפני השינה Senstive עם לבנדר וקמומיל,"פישר תעשיות פרמצביטות בע""מ",,,יח,5,"ל 100 מ""ל",false,1,19.90,3.98,false,1,
7290011026530,false,ק.ב סנסטיב אל סבון לבנדר קמומיל לפני השינה 500 מ,"פישר תעשיות פרמצביטות בע""מ",,,יח,5,"ל 100 מ""ל",false,1,19.90,3.98,false,1,
7290011051358,false,"שוופס סודה לימון זכוכית 250 מ""ל",יפאורה - שותפות מוגבלת לשיווק,,,יח,2.50,"ל 100 מ""ל",false,1,3.60,1.32,true,1,
7290011081492,false,גלידה בטעם שלושה שוקולדים 1.33ל' קרמיסימו,"גלידת שטראוס בע""\מ, רחוב",,,יח,1.33,לליטר,false,1,18.90,14.21,false,1,
7290011081690,false,קרמיסימו פרווה שוקו ציפ+וניל ציפ 1.33ל,"גלידת שטראוס בע""\מ, רחוב",,,יח,1.33,לליטר,false,1,18.90,14.21,false,1,
7290011113926,false,דאודורנט ספריי טיטניום בלאק Titanium Black,החברה הדרומית לשיווק בעמ,,,יח,2,"ל 100 מ""ל",false,1,15.90,7.95,false,1,
7290011115203,false,אל סבון מוצק מבושם בניחוח עדין קלאסיק - מארז רביעיה,החברה הדרומית לשיווק בעמ,,,יח,4,ל 100 גרם,false,1,10.90,2.73,false,1,
7290011115241,false,אל סבון ארומטי מוצק ורוד ורד ויסמין - מארז רביעיה,החברה הדרומית לשיווק בעמ,,,יח,4,ל 100 גרם,false,1,10.90,2.73,false,1,
7290011115258,false,אל סבון מוצק מבושם בניחוח עדין קלאסיק - מארז רביעיה,החברה הדרומית לשיווק בעמ,,,יח,4,ל 100 גרם,false,1,10.90,2.73,false,1,
7290011115289,false,אל סבון מוצק מבושם בניחוח עדין קלאסיק - מארז רביעיה,החברה הדרומית לשיווק בעמ,,,יח,4,ל 100 גרם,false,1,10.90,2.73,false,1,
7290011115401,false,אל סבון ארומטי מוצק צהוב קמומיל - רביעייה,החברה הדרומית לשיווק בעמ,,,יח,4,ל 100 גרם,false,1,10.90,2.73,false,1,
7290011126209,false,הגן הקסום תה טעם תפוח וקינמון סיידר ויסוצקי 25 יח',תה ויסוצקי (ישראל)בעמ,,,יח,0.55,ל 100 גרם,false,1,17.90,32.55,true,1,
7290011126216,false,תה רויבוש קלאסי ויסוצקי 25 יחידות,תה ויסוצקי (ישראל) בעמ,,,יח,0.50,ל 100 גרם,false,1,25.90,51.80,false,1,
7290011126452,false,הגן הקסום תה בטעם קמומיל ונענע ויסוצקי 25 יחידות,תה ויסוצקי (ישראל) בעמ,,,יח,0.3750,ל 100 גרם,false,1,17.90,47.73,true,1,
7290011126469,false,חליטת צמחים וקמומיל הגן הקסום ויסוצקי 25 יחידות,תה ויסוצקי (ישראל) בעמ,,,יח,0.3750,ל 100 גרם,false,1,17.90,47.73,true,1,
7290011126957,false,תה ירוק ויסוצקי ארל גריי 25 שקיקים,תה ויסוצקי (ישראל) בעמ,,,יח,0.3750,ל 100 גרם,false,1,22.90,61.07,true,1,
7290011133368,false,בירה שנדי בתוספת משקה תפוח - שישייה,טמפו משקאות בע`מ,,,יח,60,למארז,false,1,33.90,0.54,true,1,
7290011133375,false,בירה שנדי בתוספת משקה אפרסק - שישייה,"טמפו משקאות בע""מ",,,יח,15,"ל 100 מ""ל",false,1,33.90,2.14,true,1,
7290011154301,false,ממרח תמרים 450ג ח.סופר טעמי הגליל*,ח.כהן סוכנות מזון ומשקאות בע,,,יח,4.50,ל 100 גרם,false,1,4.90,1.09,false,1,
7290011154899,false,"תרכיז תפוזים וענבים טבעי טעמי הגליל 500 מ""ל",ליימן שליסל בעמ,,,יח,5,ל 100 גרם,false,1,25.90,5.12,true,1,
7290011174118,false,"חומוס שלם A2 ויטה 550ג' בד""צ",ויטה- פרי גליל (החדשה) בעמ,,,יח,5.50,ל 100 גרם,false,1,6.50,1.18,false,1,
7290011174156,false,תירס גרעינים ויטה 550גרם,ויטה- פרי גליל (החדשה) בעמ,,,יח,5.50,ל 100 גרם,false,1,6.50,1.18,false,1,
7290011174187,false,אפונה ירוקה 550 גר' ויטה,ויטה- פרי גליל (החדשה) בעמ,,,יח,5.50,ל 100 גרם,false,1,6.50,1.18,false,1,
7290011174194,false,אפונה גינה וגזר ויטה550ג,ויטה- פרי גליל (החדשה) בעמ,,,יח,5.50,ל 100 גרם,false,1,6.50,1.18,false,1,
7290011174392,false,"שעועית ברוטב עגבניות ויטה 570 גרם בד""צ",ויטה-פרי גליל (החדשה) בעמ,,,יח,5.70,ל 100 גרם,false,1,6.50,1.14,false,1,
7290011194215,false,מעדן גבינה ויוגורט בטעם בננה 5% שומן 88 ג' דניאלה,שטראוס גרופ בעמ/מצונן,,,יח,1.50,"ל 100 מ""ל",false,1,3.90,2.60,false,1,
7290011194246,false,קוטג 5% 250 גרם עם סידן שטראוס,שטראוס גרופ בעמ/מצונן,,,יח,2.50,ל 100 גרם,false,1,5.90,2.36,false,1,
7290011223229,false,"טואלט דאק ג'ל לאסלה טיפות טל רעננות 55 מ""ל","איטיליאן פוד, אס.פי.",,,יח,0.55,"ל 100 מ""ל",false,1,10,18.18,false,1,
7290011223243,false,"טואלט דאק ג'ל לאסלה בניחוח לבנדר 55 מ""ל","איטיליאן פוד, אס.פי.",,,יח,0.55,"ל 100 מ""ל",false,1,10,18.18,false,1,
7290011231200,false,סוללות אצבע טורבו פלוס AA רביעיה אבץ,טורבו פלוס {מ.ב} בעמ,,,יח,1,יח,false,1,4.50,4.50,false,1,
7290011249212,false,וופל עלמה בלגי לימון 200 גר' ללא סוכר,ח.כהן סוכנות מזון ומשקאות בע,,,יח,2,ל 100 גרם,false,1,2.90,1.45,true,1,
7290011249250,false,עלמה גביעי גלידה אמריקאי 24 יח',ח.כהן סוכנות מזון ומשקאות בע,,,יח,1,יח,false,1,8.90,8.90,true,1,
7290011249748,false,רולים גלילי ופל במילוי קרם שוקולד 100 ג' עלמה,ח.כהן סוכנות מזון ומשקאות בע,,,יח,1,ל 100 גרם,false,1,2.90,2.90,true,1,
7290011249755,false,רולים גלילי ופל במילוי קרם אגוזים 100 ג' עלמה,ח.כהן סוכנות מזון ומשקאות בע,,,יח,1,ל 100 גרם,false,1,2.90,2.90,true,1,
7290011254018,false,שעועית מש מיה 500 גר',מיה תעשיות מזון מ.ת.מ בעמ,,,יח,5,ל 100 גרם,false,1,12.50,2.50,false,1,
7290011254032,false,קינואה מיה (500 גרם),מיה תעשיות מזון מ.ת.מ. בעמ,,,יח,5,ל 100 גרם,false,1,10.90,2.18,true,1,
7290011254254,false,נטיפי שוקולד צ'יפס בטעם שוקולד מיה 300 גרם,מיה תעשיות מזון מ.ת.מ. בעמ,,,יח,3,ל 100 גרם,false,1,7.90,2.63,false,1,
7290011254605,false,תערובת לקדירה לקט חמין מיה 600 גרם,מיה תעשיות מזון מ.ת.מ. בעמ,,,יח,6,ל 100 גרם,false,1,9.90,1.65,false,1,
7290011254612,false,"לקט תערובת לקדירה 600 גרם ""מיה"" קדירה לקט בריאות",מיה תעשיות מזון מ.ת.מ. בעמ,,,יח,6,ל 100 גרם,false,1,9.90,1.65,false,1,
7290011254698,false,"שמן זית כתית מעולה 750מ""ל בד''ץ",מיה תעשיות מזון מ.ת.מ. בעמ,,,יח,7.50,"ל 100 מ""ל",false,1,27.90,3.72,true,1,
7290011254728,false,ג'לטין טהור בקרטוני מיה 25 גרם,מיה תעשיות מזון מ.ת.מ. בעמ,,,יח,0.25,ל 100 גרם,false,1,10,40,false,1,
7290011276485,false,חסה עגולה רמי לוי,ביכורי השדה צפון 1994 ג.ד. בעמ,,,יח,1,,false,1,5.90,5.90,false,1,
7290011332983,false,מגבונים לניקוי אף מגבונאף קמיל בלו- מארז שלישייה,"פישר תעשיות פרמצביטות בע""מ",,,יח,1,,false,1,19.90,19.90,false,1,
7290011378233,false,"חטיפי חלווה בארכה 126 גרם מארז 7 יחידות לל""ס",קבוצת אוסם סחר שותפות מוגבלת,,,יח,1.26,למארז,false,1,10.90,8.65,false,1,
7290011378769,false,חטיף חלווה וניל בארכה 126 גרם מארז 7 יחידות,קבוצת אוסם סחר שותפות מוגבלת,,,יח,1.26,ל 100 גרם,false,1,10.90,8.65,false,1,
7290011378776,false,חטיף חלווה פיסטוק בארכה 126 גרם מארז 7 יחידות,קבוצת אוסם סחר שותפות מוגבלת,,,יח,1.26,ל 100 גרם,false,1,10.90,8.65,false,1,
7290011379018,false,מארז משפחתי שמפיניון 500 ג' מרינה,ביכורי השדה צפון 1994 ג.ד. בעמ,,,יח,1,,false,1,14.90,14.90,false,1,
7290011438142,false,"משקה יטבתה אייס קפה בבקבוק אישי 350 מ""ל",שטראוס גרופ בעמ/מצונן,,,יח,3.50,"ל 100 מ""ל",false,1,6.50,1.86,false,1,
7290011447014,false,מטרנה דייסת סלט פירות 200 גרם,קבוצת אוסם סחר שותפות מוגבלת,,,יח,2,ל 100 גרם,false,1,13.90,6.95,false,1,
7290011447267,false,מטרנה פרימיום חלבי שלב 1 700 גרם חיסכון,קבוצת אוסם סחר שותפות מוגבלת,,,יח,7,ל 100 גרם,false,1,54.90,7.84,false,1,
7290011447281,false,מטרנה פרימיום חלבי שלב 2 700 גרם חיסכון,קבוצת אוסם סחר שותפות מוגבלת,,,יח,7,ל 100 גרם,false,1,54.90,7.84,false,1,
7290011447304,false,מטרנה פרימיום חלבי שלב 3 700 גרם חיסכון,קבוצת אוסם סחר שותפות מוגבלת,,,יח,7,ל 100 גרם,false,1,54.90,7.84,false,1,
7290011447359,false,תחליף חלב מטרנה מהדרין שלב 1 חלבי 700 גרם,קבוצת אוסם סחר שותפות מוגבלת,,,יח,7,ל 100 גרם,false,1,53.90,7.70,false,1,
7290011447373,false,תחליף חלב מטרנה מהדרין שלב 2 חלבי 700 גרם,קבוצת אוסם סחר שותפות מוגבלת,,,יח,7,ל 100 גרם,false,1,53.90,7.70,false,1,
7290011480516,false,שמיר טרי מהדרין ארוז,ביכורי השדה צפון 1994 ג.ד. בעמ,,,יח,1,,false,1,5.90,5.90,false,1,
7290011480523,false,נענע יבולי הכפר(חאסלט),ביכורי השדה צפון 1994 ג.ד. בעמ,,,יח,1,,false,1,5.90,5.90,false,1,
7290011488062,false,בצלצלי שאלוט תיבולי הכפר,ביכורי השדה צפון 1994 ג.ד. בעמ,,,יח,1,,false,1,12.90,12.90,false,1,
7290011489595,false,קרקר טופז שומשום 110 גרם הדר*,ח.כהן סוכנות מזון ומשקאות בע,,,יח,1,ל 100 גרם,false,1,2.80,2.80,false,1,
7290011489694,false,פירורי ביסקוויט בטעם וניל 300 ג`הדר,ח.כהן סוכנות מזון ומשקאות בע,,,יח,3,ל 100 גרם,false,1,5.90,1.97,false,1,
7290011489700,false,פירורי ביסקוויט בטעם שוקו 300 ג`הדר,ח.כהן סוכנות מזון ומשקאות בע,,,יח,3,ל 100 גרם,false,1,5.90,1.97,false,1,
7290011499105,false,בולגרית מסורתית 5% 250 גרם -רבנות,מחלבות גד שיווק 1992 בעמ,,,יח,2.50,ל 100 גרם,false,1,21.90,8.76,false,1,
7290011499129,false,גבינה בולגרית מעודנת קוביות קטנות 5% גד 200 גרם,מחלבות גד שיווק 1992 בעמ,,,יח,2,ל 100 גרם,false,1,19.90,9.95,false,1,
7290011499303,false,פטה עיזים מעודנת 5% בגביע 250 גרם - רבנות,מחלבות גד שיווק 1992 בעמ,,,יח,2.50,ל 100 גרם,false,1,29.90,11.96,false,1,
7290011499341,false,גבינת קשקבל ארוז 26 אחוז 250גרם גד,מחלבות גד שיווק 1992 בעמ,,,יח,2,ל 100 גרם,false,1,25.90,12.95,false,1,
7290011499365,false,גבינת חלומי 24% מחלב בקר גד (200 גרם),מחלבות גד שיווק 1992 בעמ,,,יח,2,ל 100 גרם,false,1,19.90,9.95,false,1,
7290011499419,false,גבינה במרקם שמנת בטעם טבעי 5% ניו יורק,מחלבות גד שיווק 1992 בעמ,,,יח,2,ל 100 גרם,false,1,11.90,5.95,false,1,
7290011514273,false,מתקן לסבון וואקום ע. הבית,עולם הבית שיווק והפצה בעמ,,,יח,1,,false,1,8.90,8.90,false,1,
7290011518561,false,"אקטימל תות 1.51 ק""ג מארז 14 יחידות",שטראוס גרופ בעמ/מצונן,,,יח,1.40,לליטר,false,1,29.90,21.36,false,1,
7290011522605,false,"גלייז מעצב שיער לתלתלים 400 מ""ל",ג'נרל מילס סאן אדריא,,,יח,4,"ל 100 מ""ל",false,1,24.90,6.23,false,1,
7290011524548,false,גרגרי חומוס מוקפאים 800 גר`פרי גליל,ויטה- פרי גליל (החדשה) בעמ,,,יח,8,ל 100 גרם,false,1,9.90,1.24,false,1,
7290011524555,false,שעועית לבנה מבושלת קפוא 800 גר`פרי גליל,ויטה פרי גליל (החדשה) בע`מ,,,יח,8,ל 100 גרם,false,1,9.90,1.24,false,1,
7290011524968,false,פולי סויה מוקפאים Green & Fresh,ויטה-פרי גליל (החדשה) בעמ,,,יח,10,ל 100 גרם,false,1,14.90,1.49,false,1,
7290011530525,false,מיקס פירות קפואים שייק איט צהוב - 3*150 ג',"הבו-קדו בע""מ",,,יח,4.50,ל 100 גרם,false,1,29.90,6.64,false,1,
7290011530532,false,מיקס פירות קפואים שייק איט ירוק - 3*150 ג',"הבו-קדו בע""מ",,,יח,4.50,ל 100 גרם,false,1,29.90,6.64,false,1,
7290011530549,false,מיקס פירות קפואים שייק איט ורוד - 3*150 ג',"הבו-קדו בע""מ",,,יח,4.50,ל 100 גרם,false,1,29.90,6.64,false,1,
7290011530945,false,קרפצ'יו עגל פרימיום 210 גרם בלדי,בלדי בעמ,,,יח,2.10,ל 100 גרם,false,1,39.90,19,false,1,
7290011575007,false,"הפי מרסס שומר ברק למקלחון 750 מ""ל","יעקב יעקבי ובניו בע""מ",,,יח,7.50,"ל 100 מ""ל",false,1,19.90,2.65,false,1,
7290011598211,false,"סנו - אנטי קאלק מרסס ניקוי כללי 4 ב-1 700 מ""ל",החברה הדרומית לשיווק בעמ,,,יח,7,"ל 100 מ""ל",false,1,17.90,2.56,false,1,
7290011598259,false,"פרש מטהר אוויר אוטומטי בניחוח מאסק סנו 250 מ""ל",החברה הדרומית לשיווק בעמ,,,יח,2.50,"ל 100 מ""ל",false,1,13.90,5.56,false,1,
7290011598402,false,מקסימה מרכך כביסה ארומתרפי מאסק סנו 4 ליטר,החברה הדרומית לשיווק בעמ,,,יח,40,"ל 100 מ""ל",false,1,21.90,0.55,false,1,
7290011618124,false,נגיסי אורז לתינוקות בטעם ירקות,גואנז'ו יונג וואנט פ,,,יח,0.50,ל 100 גרם,false,1,13.80,27.60,false,1,
7290011618131,false,"בייבי ביס חטיף אורז כשל""פ בטעם גזר",גואנז'ו יונג וואנט פ,,,יח,0.50,ל 100 גרם,false,1,13.80,27.60,false,1,
7290011668136,false,מסיכה לשיער מחליקה 1 ליטר פנינה רוזנבלום,פנינה רוזנבלום בעמ,,,יח,10,"לק""ג",false,1,34.50,3.45,false,1,
7290011668457,false,"שמפו שמן זית לשיער גלי 750 מ""ל פנינה רוזנבלום","פנינה רוזנבלום בע""מ",,,יח,7.50,"ל 100 מ""ל",false,1,14.90,1.99,true,1,
7290011668587,false,בריא מהטבע גרנולה בטעם עשיר 500 גרם פנינה רוזנבלום,בריא מהטבע פנינה רוזנבלום,,,יח,5,ל 100 גרם,false,1,27.90,5.58,true,1,
7290011703073,false,"מגש מלבן שטוח גדול""האומן"" שחור+זהב",ווינפאק סחר בעמ,,,יח,1,יח,false,1,13.90,13.90,false,1,
7290011765422,false,אל סבון מועשר בלחות ותמצית קמומיל - בוב ספוג,החברה הדרומית לשיווק בעמ,,,יח,7.50,"ל 100 מ""ל",false,1,10.90,1.45,false,1,
7290011800840,false,רפי כהן סלט טחינה בלאדי צבר 400 גרם,קבוצת אוסם סחר שותפות מוגבלת,,,יח,1,,false,1,15.90,15.90,true,1,
7290011860271,false,ביסבול כדורי פירה מתפוחי אדמה תפוגן 700 גרם,קבוצת אוסם סחר שותפות מוגבלת,,,יח,7,ל 100 גרם,false,1,15.90,2.27,false,1,
7290011877101,false,"סנומוד מטהר אוויר מאסק סנו 150 מ""ל",החברה הדרומית לשיווק בעמ,,,יח,1.50,"ל 100 מ""ל",false,1,10.90,7.27,false,1,
7290011877156,false,"מבשם אוויר, בגדים וארונות פרש בניחוח מאסק",החברה הדרומית לשיווק בעמ,,,יח,3.75,"ל 100 מ""ל",false,1,10.90,2.91,false,1,
7290011877446,false,קרם נגד גירויים לתינוק עם הנוסחה המשולשת SBC,החברה הדרומית לשיווק בעמ,,,יח,1,ל 100 גרם,false,1,12.90,12.90,false,1,
7290011877859,false,סנו אינסטלטור חדש פותח סתימות 200ג',החברה הדרומית לשיווק בעמ,,,יח,2,"ל 100 מ""ל",false,1,14.90,7.45,false,1,
7290011877866,false,"מקסימה אבקת כביסה בניחוח מאסק סנו 6 ק""ג",החברה הדרומית לשיווק בעמ,,,יח,60,ל 100 גרם,false,1,45.90,0.77,false,1,
7290011912642,false,ליסטרין שטיפת פה הגנה על השיניים והחניכי,ג'\ונסון אנד ג'\ונסון,,,יח,5,"ל 100 מ""ל",false,1,17.90,3.58,true,1,
7290011931162,false,סוכרלייט ממתיק נוזלי על בסיס סוכרלוז,אף.סי תבליני בגליל ב,,,יח,2.20,"ל 100 מ""ל",false,1,24.90,11.32,false,1,
7290011947316,false,זיתא זיתי קלמטה בשמן זית כתית מעולה 215ג,תה ויסוצקי (ישראל) בעמ,,,יח,1,ל 100 גרם,false,1,13.90,13.90,false,1,
7290011947743,false,זיתים זיתא מיקס זית ירוק וזית קלמטה 215 גרם,תה ויסוצקי (ישראל) בעמ,,,יח,2.15,ל 100 גרם,false,1,13.90,6.47,false,1,
7290011947781,false,מיקס זית ירוק וזית קלמטה ללא גלעין עם שמן זית כתית מעולה,תה ויסוצקי (ישראל) בעמ,,,יח,0.50,ל 100 גרם,false,1,13.90,27.80,false,1,
7290011947798,false,זית קלמטה ללא גלעין עם שמן זית כתית מעולה,תה ויסוצקי (ישראל) בעמ,,,יח,0.50,ל 100 גרם,false,1,13.90,27.80,false,1,
7290011947866,false,זיתא מיקס זיתים בפח 250 גרם,תה ויסוצקי (ישראל) בעמ,,,יח,2.50,ל 100 גרם,false,1,18.90,7.56,true,1,
7290011947903,false,מיקס זיתים יווני זיתא 215 ג',תה ויסוצקי (ישראל) בעמ,,,יח,2.15,ל 100 גרם,false,1,13.90,6.47,false,1,
7290011996277,false,מחצלת עגולה לגלגול סושי,מזרח ומערב יבוא ושיווק,,,יח,1,,false,1,2.90,2.90,false,1,
7290012022203,false,פריכיות חיטה מלאה 60 גרם,דילייט 2005 בע`מ,,,יח,1,,false,1,13.90,13.90,false,1,
7290012022227,false,פריכיות חיטה טבעי 60 גרם,דילייט 2005 בע`מ,,,יח,1,,false,1,11.90,11.90,false,1,
7290012022272,false,פריכיות קליליות קידס,דילייט 2005 בעמ,,,יח,1,,false,1,10.90,10.90,false,1,
7290012052309,false,גרנולה בננה צימוקים ושקדים מרכיבים טבעיים 1 ק''ג,כרמית תעשיות ממתקים בעמ,,,יח,10,ל 100 גרם,false,1,23.90,2.39,false,1,
7290012052323,false,מוזלי עם פירות יבשים ושקדים ללא תוספת סוכר,כרמית תעשיות ממתקים בעמ,,,יח,10,ל 100 גרם,false,1,23.90,2.39,false,1,
7290012116193,false,סנובון סגול לבנדר שלישייה,החברה הדרומית לשיווק בעמ,,,יח,1.95,ל 100 גרם,false,1,14.90,7.64,false,1,
7290012116360,false,פוליויקס נוזל לניקוי רצפות גרניט פורצלן סנו 2 ליטר,החברה הדרומית לשיווק בעמ,,,יח,20,"ל 100 מ""ל",false,1,19.90,1,false,1,
7290012116551,false,אנטי קאלק נוזל לניקוי כללי סנו 2 ליטר,החברה הדרומית לשיווק בעמ,,,יח,20,"ל 100 מ""ל",false,1,18.90,0.95,false,1,
7290012116612,false,אורביטול מברשת שיניים סופט 4 יח`,החברה הדרומית לשיווק בעמ,,,יח,1,,false,1,10.90,10.90,false,1,
7290012116681,false,דאודורנט ג'ל אנטיפרספירנט אקטיב בלוק Calm,החברה הדרומית לשיווק בעמ,,,יח,7.50,ל 100 גרם,false,1,15.90,2.12,false,1,
7290012117039,false,נוזל לניקוי אמבטיה 00 סנו 1 ליטר,החברה הדרומית לשיווק בעמ,,,יח,1,לליטר,false,1,7.90,7.90,false,1,
7290012117411,false,"שמפו וג'ל רחצה רויבוס 700 מ""ל ""קרמה""",החברה הדרומית לשיווק בעמ,,,יח,7,"ל 100 מ""ל",false,1,15.90,2.27,false,1,
7290012117428,false,"ג'ל רחצה ושמפו מעיינות מנטה קרמה מן 700 מ""ל",החברה הדרומית לשיווק בעמ,,,יח,7,"ל 100 מ""ל",false,1,15.90,2.27,false,1,
7290012117435,false,"קרמה - שמפו וג'ל רחצה 2 ב-1 אלוורה 700 מ""ל",החברה הדרומית לשיווק בעמ,,,יח,7,"ל 100 מ""ל",false,1,15.90,2.27,false,1,
7290012139499,false,בג עצם לחוצה מעושנת בציפוי עוף 5 מקט ח,דיפלומט מפיצים (1968) בעמ**,,,יח,2.85,"לק""ג",false,1,21.90,7.68,false,1,
7290012139567,false,בונזו ג'וי ביסקוויט עוף 122 גרם,דיפלומט מפיצים (1968) בעמ**,,,יח,0.90,ל 100 גרם,false,1,16.90,18.78,false,1,
7290012226342,false,נקניקיה טבעונית למחבת או לתנור עשירה בחלבון,זוגלובק שיווק בעמ,,,יח,4.60,ל 100 גרם,false,1,25.90,5.63,false,1,
7290012227974,false,פסטרמה הודו בדבש טהור דק דק דק,זוגלובק שיווק בעמ,,,יח,2,יח,false,1,13.90,6.95,true,1,
7290012227981,false,פסטרמה דק דק ברביקיו 120 ג' זוגלובק,זוגלובק שיווק בעמ,,,יח,2,יח,false,1,13.90,6.95,true,1,
7290012228407,false,"נקניקיות ג'מבו מחפוד זוגלובק 1.5 ק""ג",זוגלובק שיווק בעמ,,,יח,1.50,"לק""ג",false,1,32.90,21.93,true,1,
7290012228612,false,זוג חזה הודו ועוף 300+ח.ברביקיו 300 קהילות.,זוגלובק שיווק בעמ,,,יח,0.60,ל 100 גרם,false,1,36.90,61.50,false,1,
7290012228766,false,קבנוס מחפוד זוגלובק 120 גרם,זוגלובק שיווק בעמ,,,יח,1.20,ל 100 גרם,false,1,10.90,9.08,false,1,
7290012245336,false,"גולד צ'יפס סטייק 1.5 ק""ג גולד שארית",קפוא-זן תעשיות מזון בעמ - תפוג,,,יח,15,ל 100 גרם,false,1,18.90,1.26,false,1,
7290012295836,false,חסה לליק,ביכורי השדה צפון 1994 ג.ד. בעמ,,,יח,1,,false,1,10.90,10.90,false,1,
7290012295973,false,עלי רוקולה פרמיום 100ג שמיטה,ביכורי השדה צפון 1994 ג.ד. בעמ,,,יח,1,,false,1,8.90,8.90,false,1,
7290012313073,false,מיקס זיתים מגולענים מרינד קבוצת יבנה 340 גרם,"קבוצת יבנה מוצרי מזון בע""מ",,,יח,5.40,ל 100 גרם,false,1,11.90,2.20,true,1,
7290012313240,false,מיקס זית ירוק וקלמטה קבוצת יבנה 560 גרם,קבוצת יבנה מוצרי מזון בעמ,,,יח,3.40,ל 100 גרם,false,1,10.90,3.21,false,1,
7290012367717,false,קרם ידיים וציפורניים Intensive relief לעור יבש ומגורה,"פישר תעשיות פרמצביטות בע""מ",,,יח,1.50,"ל 100 מ""ל",false,1,16.90,11.27,true,1,
7290012413643,false,תה ירוק קמומיל ויסוצקי 25 יחידות,תה ויסוצקי (ישראל) בעמ,,,יח,0.3750,ל 100 גרם,false,1,22.90,61.07,true,1,
7290012483011,false,"פולי סויה קופאים 1 ק""ג וילי פוד",ג.וילי פוד אינטרנשיונל בעמ,,,יח,10,ל 100 גרם,false,1,16.90,1.69,false,1,
7290012483608,false,"אורז בסגנון בסמטי מובחר 5ק""ג DAWAT",ג.וילי-פוד אינטרנשיונל בעמ,,,יח,5,"לק""ג",false,1,54.90,10.98,false,1,
7290012557491,false,שקית הפתעה בינונית,לירון קרביץ יבוא שיווק וסחר,,,יח,1,ל 100 גרם,false,1,6.90,6.90,false,1,
7290012557569,false,צנצנת מסטיק גולים 180 גרם,לירון קרביץ יבוא שיווק וסחר,,,יח,1.80,ל 100 גרם,false,1,9.90,5.50,false,1,
7290012557576,false,מסטיק ציקלט צנצנת 250 גר',לירון קרביץ יבוא שיווק וסחר,,,יח,2.50,ל 100 גרם,false,1,12.90,5.16,false,1,
7290012557873,false,צנצנת גולים ענק 180 גרם,לירון קרביץ יבוא שיווק וסחר,,,יח,1.80,ל 100 גרם,false,1,9.90,5.50,false,1,
7290012561313,false,בצל קצוץ ומטוגן דורות 400 גרם,קבוצת אוסם סחר שותפות מוגבלת,,,יח,4,ל 100 גרם,false,1,22.90,5.73,false,1,
7290012561337,false,כורכום טרי כתוש קפוא דורות 70 גר,קבוצת אוסם סחר שותפות מוגבלת,,,יח,7,ל 100 גרם,false,1,10.90,1.56,false,1,
7290012561405,false,בצל קצוץ ומטוגן דורות (180 גרם),קבוצת אוסם סחר שותפות מוגבלת,,,יח,1.80,ל 100 גרם,false,1,11.90,6.61,false,1,
7290012588075,false,"פחם 2 ק""ג",אחים עיסאוי סחר כללי ופחם בעמ,,,יח,1,יח,false,1,11.90,11.90,false,1,
7290012588242,false,"מים מינרלים מיי וואטר כדורגל מארז 500X6מ""ל",נרה קריטיס אס איי באריפט,,,יח,3,"ל 100 מ""ל",false,1,13.90,4.03,true,1,
7290012588259,false,מים מינרלים טבעיים כדורגל 500 מל,נרה קריטיס אס איי באריפט,,,יח,3,"ל 100 מ""ל",false,1,13.90,4.03,false,1,
7290012645020,false,"יוגורט עיזים טבעי בבקבוק חלב הארץ 500 מ""ל",שטראוס גרופ בעמ/מצונן,,,יח,5,ל 100 גרם,false,1,11.90,2.38,false,1,
7290012645075,false,יוגורט כבשים יווני גביע 350 גרם חלב הארץ,שטראוס גרופ בעמ/מצונן,,,יח,3.50,"ל 100 מ""ל",false,1,11.90,3.40,true,1,
7290012645112,false,יוגורט עיזים 2.8% בדלי חלב הארץ 750 גרם,שטראוס גרופ בעמ/מצונן,,,יח,7.50,ל 100 גרם,false,1,15.90,2.12,false,1,
7290012645129,false,יוגורט כבשים 5% בדלי חלב הארץ 750 גרם,שטראוס גרופ בעמ/מצונן,,,יח,7.50,ל 100 גרם,false,1,19.90,2.65,false,1,
7290012645174,false,גבינת עיזים 5% חלב הארץ 200 גרם,שטראוס גרופ בעמ/מצונן,,,יח,2,ל 100 גרם,false,1,13.90,6.95,true,1,
7290012645181,false,לאבנה עיזים 5% חלב הארץ 200 גרם,שטראוס גרופ בעמ/מצונן,,,יח,2,ל 100 גרם,false,1,13.90,6.95,true,1,
7290012645280,false,יוגורט כבשים בסגנון יוני 5% חלב הארץ 150 גרם,שטראוס גרופ בעמ/מצונן,,,יח,1.50,ל 100 גרם,false,1,5.90,3.93,true,1,
7290012645297,false,יוגורט עיזים ביו 2.8% טעם טבעי חלב הארץ 150 גרם,שטראוס גרופ בעמ/מצונן,,,יח,1.50,ל 100 גרם,false,1,5.50,3.67,true,1,
7290012645389,false,יוגורט עיזים טבעי 1 ליטר בבקבוק חלב האר,שטראוס גרופ בעמ/מצונן,,,יח,10,ל 100 גרם,false,1,22.90,2.29,false,1,
7290012803215,false,טוסו וופל בלגי ללתס בטעם שוקולד 200 גר`,בטר אנד דיפרנט,,,יח,2,ל 100 גרם,false,1,10,5,false,1,
7290012803222,false,טוסו ופל בסגנון בלגי בטעם לימון ללא תוספת סוכר 200 גרם,בטר אנד דיפרנט,,,יח,2,ל 100 גרם,false,1,9.90,4.95,false,1,
7290012803765,false,טוסו שוקולד מריר ללא תוספת סוכר 100 גרם,אלטינמארקה גידה סאן,,,יח,1,ל 100 גרם,false,1,12.50,12.50,true,1,
7290012803772,false,טוסו שוקולד חלב ללא תוספת סוכר 100 גרם,אלטינמארקה גידה סאן,,,יח,1,ל 100 גרם,false,1,9.90,9.90,true,1,
7290012803789,false,טוסו שוקולד מריר עם אגוזים ללא תוספת סוכר 100 גרם,האי נאם סי או אל.טי.,,,יח,1,ל 100 גרם,false,1,12.50,12.50,true,1,
7290012803796,false,טוסו שוקולד חלב עם אגוזים ללא תוספת סוכר 100 גר',אלטינמארקה גידה סאן,,,יח,1,ל 100 גרם,false,1,12.50,12.50,true,1,
7290012823398,false,מטליות חד פעמיות לניקוי הרצפה בניחוח מרכך כביסה 10יח' סנו,החברה הדרומית לשיווק בעמ,,,יח,1,,false,1,11.90,11.90,false,1,
7290012823541,false,ריצפז פרש מטליות לחות לרצפה בניחוח לבנדר 10 יחידות,החברה הדרומית לשיווק בעמ,,,יח,1,,false,1,11.90,11.90,false,1,
7290012823916,false,גל כביסה סנו מקסימ מרוכז קריסטל נואר 5 ל,החברה הדרומית לשיווק בעמ,,,יח,5,לליטר,false,1,39.90,7.98,false,1,
7290012838026,false,עוגיות מלוחות עבודת יד 350גר,הלל בן הלל שיווק ומסחר בעמ,,,יח,3.50,ל 100 גרם,false,1,15.90,4.54,false,1,
7290012864001,false,נבטי חמנייה ארוז א.אדמה,ביכורי השדה צפון 1994 ג.ד. בעמ,,,יח,1,,false,1,7.90,7.90,false,1,
7290012864025,false,נבטי אלפא אלפא ארוז א.אדמה,"בכורי השדה צפון1994 ג.ד. בע""מ",,,יח,1,,false,1,7.90,7.90,false,1,
7290012864032,false,מיקס עדשים ונבטוטים,ביכורי השדה צפון 1994 ג.ד. בעמ,,,יח,1,,false,1,8.90,8.90,false,1,
7290012864131,false,ביבי מיקס ירוק עד 300 גר`,ביכורי השדה צפון 1994 ג.ד. בעמ,,,יח,10,ל 100 גרם,false,1,14.90,1.49,false,1,
7290012884986,false,צ`יפס לתנור עד 4% שומן תפוגן (1.5 קג),קבוצת אוסם סחר שותפות מוגבלת,,,יח,1.50,"לק""ג",false,1,24.90,16.60,false,1,
7290012901355,false,דודלס ארוחת אטריות עם גבינה 206 גרם,האי נאם סי או אל.טי.,,,יח,2.06,ל 100 גרם,false,1,12.90,6.26,false,1,
7290012921025,false,"בקבוק בירה מלכה בהירה 330 מ""ל",הכרם - משקאות חריפים בעמ,,,יח,7.50,"ל 100 מ""ל",false,1,12.90,1.68,false,1,
7290012921049,false,בירה מלכה כהה בסגנון,הכרם -משקאות חריפים בעמ,,,יח,7.50,"ל 100 מ""ל",false,1,13.90,1.81,false,1,
7290012921063,false,בירה מלכה הינדי בבקבוק,הכרם -משקאות חריפים בעמ,,,יח,7.50,"ל 100 מ""ל",false,1,16.90,2.21,false,1,
7290012969232,false,תבניות אופל ארוז עגול גדול) (C10שמניה,אופל אריזות בעמ,,,יח,1,יח,false,1,8.90,8.90,false,1,
7290013027368,false,זוג לחמניות עטופות אנג'ל,שלמה א.אנג ל בעמ,,,יח,1,,false,1,3.60,3.60,false,1,
7290013121103,false,רביעיית לחמניות סנדויץ ללא גלוטן 460 גרם,אביב קונדיטוריה מעול,,,יח,4,ל 100 גרם,false,1,16.90,4.23,false,1,
7290013121158,false,לחמניות סנדוויץ ללא גלוטן גרין לייט 4 * 115 גרם,אביב קונדיטוריה מעול,,,יח,4.60,ל 100 גרם,false,1,17.90,3.89,false,1,
7290013128317,false,ענבים ירוקים אוקי דוד חי,ביכורי השדה צפון 1994 ג.ד. בעמ,,,"לק""ג",1,,true,1,16.90,16.90,false,1,
7290013144232,false,מיימונס פודינג בטעם וניל 80 גרם,א.ל. ייצור ושיווק תבלינים בע`מ,,,יח,0.85,ל 100 גרם,false,1,4.90,5.76,true,1,
7290013144751,false,סירופ בטעם מייפל מימונס 500 גרם,א.ל. ייצור ושיווק תבלינים בע`מ,,,יח,5,ל 100 גרם,false,1,13.90,2.78,true,1,
7290013144768,false,סירופ בטעם שוקולד מימונס 500 גרם,א.ל. ייצור ושיווק תבלינים בע`מ,,,יח,5,ל 100 גרם,false,1,12.90,2.58,true,1,
7290013144911,false,מימונס מיקס שוקולד צ'יפס מריר וחלב 250 גרם,א.ל. ייצור ושיווק תבלינים בע`מ,,,יח,2.50,ל 100 גרם,false,1,14.90,5.96,true,1,
7290013144980,false,תרסיס שמן קנולה מימונס 170 גרם,א.ל. ייצור ושיווק תבלינים בע`מ,,,יח,5,ל 100 גרם,false,1,15.90,3.18,false,1,
7290013145277,false,עלים לקרמשניט מימונס 300 גרם,א.ל.ייצור ושיווק תבלינים בעמ,,,יח,3,ל 100 גרם,false,1,15.90,5.30,false,1,
7290013145628,false,סוכריות צבעוניות לקישוט מימונס 200 גרם,א.ל. ייצור ושיווק תבלינים בע`מ,,,יח,2,ל 100 גרם,false,1,8.90,4.45,false,1,
7290013145956,false,שמרים יבשים בוואקום מיימונס 500 גרם,א.ל. ייצור ושיווק תבלינים בע`מ,,,יח,5,ל 100 גרם,false,1,12.90,2.58,false,1,
7290013145963,false,שמרים יבשים בוואקום מיימונס 125 גרם,א.ל. ייצור ושיווק תבלינים בע`מ,,,יח,1.25,ל 100 גרם,false,1,5.50,4.40,false,1,
7290013146045,false,םמימונס מלית תות שדה 400 גר,א.ל ייצור ושיווק תבלינים בעמ,,,יח,1,,false,1,15.90,15.90,true,1,
7290013146199,false,מלית קרם נוגט 350 גרם מימונס,א.ל ייצור ושיווק תבלינים בעמ,,,יח,3.50,ל 100 גרם,false,1,12.90,3.69,true,1,
7290013146267,false,"פודינג בטעם וניל שקית מימונס 1 ק""ג",א.ל ייצור ושיווק תבלינים בעמ,,,יח,1,"לק""ג",false,1,21.90,21.90,false,1,
7290013146304,false,קורנפלור 500 גרם מימונס.,א.ל.ייצור ושיווק תבלינים בעמ,,,יח,5,ל 100 גרם,false,1,6.50,1.30,false,1,
7290013146441,false,נשיקות לקישוט צבע ורוד מימונס 60 גרם,א.ל ייצור ושיווק תבלינים בעמ,,,יח,4,ל 100 גרם,false,1,13.90,3.48,false,1,
7290013146489,false,קונוסים מבצק עלים מימונס 120 ג',א.ל ייצור ושיווק תבלינים בעמ,,,יח,1.20,ל 100 גרם,false,1,14.90,12.42,false,1,
7290013146663,false,אטריות צבעוניות לקישוט מימונס 55 גרם,א.ל.ייצור ושיווק תבלינים בעמ,,,יח,6,ל 100 גרם,false,1,11.90,1.98,true,1,
7290013146670,false,סוכריות לב סגול ורוד לבן לקישוט 60 גרם,א.ל.ייצור ושיווק תבלינים בעמ,,,יח,6,ל 100 גרם,false,1,11.90,1.98,true,1,
7290013146724,false,אבקת אייס קפה 350 גרם מימונס,א.ל. ייצור ושיווק תבלינים בע`מ,,,יח,3.50,ל 100 גרם,false,1,17.90,5.11,true,1,
7290013146816,false,אבקת סוכר שקית 500 מימונס,א.ל.ייצור ושיווק תבלינים בעמ,,,יח,2,ל 100 גרם,false,1,6.90,3.45,true,1,
7290013153418,false,מיץ סחוט טרי 1ל לימונענע פרי גת,החברה המרכזית טלהפצת משקאות בע,,,יח,1,לליטר,false,1,17.90,17.90,true,1,
7290013153593,false,תפוזים מתקתק 100% פריגת 1 ליטר,החברה המרכזית טלהפצת משקאות בע,,,יח,1,"ל 100 מ""ל",false,1,12.60,12.60,false,1,
7290013156006,false,עוגיות כעכים לקפה מרוקאיות 200גר,הלל בן הלל שיווק ומסחר בעמ,,,יח,3.50,יח,false,1,16.90,4.83,false,1,
7290013156228,false,מרנג צילינדר אלף נשי,הלל בן הלל שיווק ומסחר בעמ,,,יח,1,ל 100 גרם,false,1,19.90,19.90,false,1,
7290013156822,false,עוגיות רייף 350ג גאקובס,הלל בן הלל שיווק ומסחר בעמ,,,יח,3.50,ל 100 גרם,false,1,16.90,4.83,false,1,
7290013156846,false,עוגיות מלוחןת גאקובס,הלל בן הלל שיווק ומסחר בעמ,,,יח,3.50,ל 100 גרם,false,1,16.90,4.83,false,1,
7290013156914,false,עוגיות כעך טוניסאי 350גר,הלל בן הלל שיווק ומסחר בעמ,,,יח,3.50,ל 100 גרם,false,1,16.90,4.83,false,1,
7290013156921,false,עוגיות מרוקאיות ללא סוכר,הלל בן הלל שיווק ומסחר בעמ,,,יח,3.50,ל 100 גרם,false,1,16.90,4.83,false,1,
7290013203083,false,פטל אדום,"בכורי השדה צפון1994 ג.ד. בע""מ",,,יח,1,,false,1,28.90,28.90,false,1,
7290013215017,false,פטריות זוגות חוות השמפניון,ביכורי השדה צפון 1994 ג.ד. בעמ,,,יח,1,,false,1,14.90,14.90,false,1,
7290013268242,false,תרכיז ריחני לניקוי רצפות בריח מלון מפנק ריצפז פרש,החברה הדרומית לשיווק בעמ,,,יח,20,"ל 100 מ""ל",false,1,19.90,1,false,1,
7290013268914,false,סנו מקסימה ג'ל כביסה סמארט 3 ל',החברה הדרומית לשיווק בעמ,,,יח,3,לליטר,false,1,34.90,11.63,false,1,
7290013268983,false,מרכך כביסה סופר מרוכז בבישום עוצמתי סנו מקסימה 1 ל',החברה הדרומית לשיווק בעמ,,,יח,10,"ל 100 מ""ל",false,1,17.90,1.79,false,1,
7290013269300,false,סושי ניילון נצמד פלוס סנו (150 מטר),החברה הדרומית לשיווק בעמ,,,יח,1,,false,1,20.90,20.90,false,1,
7290013269621,false,ריצפז פרש לניקוי רצפות בניחוח מלון בוטיק,החברה הדרומית לשיווק בעמ,,,יח,20,"ל 100 מ""ל",false,1,19.90,1,false,1,
7290013269652,false,פוליויקס נוזל לניקוי רצפות גרניט פורצלן סנו 2 ליטר,החברה הדרומית לשיווק בעמ,,,יח,2,לליטר,false,1,19.90,9.95,false,1,
7290013269669,false,ריצפז בניחוח פנטזיה לניקוי הרצפה,החברה הדרומית לשיווק בעמ,,,יח,3,לליטר,false,1,12.90,4.30,false,1,
7290013269690,false,סנובון ג'ל לניקוי האסלה בניחוח לימון,החברה הדרומית לשיווק בעמ,,,יח,1,,false,1,6.90,6.90,false,1,
7290013269706,false,"סנובון ג'ל לאסלה אוקיאנוס נתלה 55מ""ל",החברה הדרומית לשיווק בעמ,,,יח,1,,false,1,6.90,6.90,false,1,
7290013269751,false,מטליות לחותריצפז פרש לניקוי ריצפה בניחות מלון בוטיק 10 יח' סנו,החברה הדרומית לשיווק בעמ,,,יח,1,,false,1,11.90,11.90,false,1,
7290013284310,false,רוטב פסטה לילדים פריניר 240 גרם,ח.כהן סוכנות מזון ומשקאות בע,,,יח,2.40,ל 100 גרם,false,1,5.50,2.29,false,1,
7290013284662,false,רוטב פיצה פיתה לילדים 240 ג' פריניר,ח.כהן סוכנות מזון ומשקאות בע,,,יח,2.40,ל 100 גרם,false,1,5.50,2.29,false,1,
7290013358417,false,מאסטר שף אסייאתי רוטב טריאקי 300 מל כשלפ,קריניציה ויטמינה אס,,,יח,3,"ל 100 מ""ל",false,1,14.50,4.83,false,1,
7290013358431,false,מאסטר שף קרוטונים לסלט עגבניות ובזיליקום,עינת תעשיות מזון אגו,,,יח,2,ל 100 גרם,false,1,10.90,5.45,false,1,
7290013358486,false,מאסטר שף פירורים מוזהבים ללא צורך בביצה 300 ג,"מיוצר ע""י מנה י.א בע",,,יח,3,ל 100 גרם,false,1,7.90,2.63,false,1,
7290013358493,false,מנה אסייאתי קרם קוקוס פחית 400 מל מ.שף,תאי קוקונט פבליק קומפני,,,יח,4,"ל 100 מ""ל",false,1,9.50,2.38,false,1,
7290013358516,false,"מיקסלט חמוציות, גרעינים, קטניות ואגוזים",ש. שסטוביץ בע`מ,,,יח,2,ל 100 גרם,false,1,14.90,7.45,false,1,
7290013358585,false,מנה אסייאתי נודלס ביצים להקפצה 400 מ.שף,הנסיך- מפעל לייצור ט,,,יח,4,"ל 100 מ""ל",false,1,9.30,2.33,true,1,
7290013358806,false,מנה מאגדת פריכיות אורז עם מלח 264 גרם,ש. שסטוביץ בע`מ,,,יח,2.64,ל 100 גרם,false,1,12,4.55,false,1,
7290013381316,false,לזניה 500 גר`מאיטליה,נאמן לאורך זמן בעמ,,,יח,5,ל 100 גרם,false,1,13.90,2.78,false,1,
7290013381675,false,"סירופ מלבי 750מ""ל רוזטה",נאמן לאורך זמן בעמ,,,יח,7.50,ל 100 גרם,false,1,21.90,2.92,false,1,
7290013424914,false,אפרסק פלחים ארוז 500 גר,בינזו לונגשינטיאנרן,,,יח,5,ל 100 גרם,false,1,11.90,2.38,false,1,
7290013424945,false,מנגו קפוא פילד גוד 5,סאפו דקלאק טריידינג,,,יח,5,ל 100 גרם,false,1,11.90,2.38,false,1,
7290013424952,false,אננס קפוא 500 ג' פילד גוד,סאפו דקלאק טריידינג,,,יח,5,ל 100 גרם,false,1,11.90,2.38,false,1,
7290013430083,false,"בירה אלכסנדר בלונד בקבוק 330 מ""ל",אגודת הכורמים -כרמל מזרחי,,,יח,3.30,"ל 100 מ""ל",false,1,12.90,3.82,true,1,
7290013430304,false,בירה אלכסנדר גרין GREEN בירה ישראלית,מנדלז סי.אר. פרודקשן,,,יח,3.30,"ל 100 מ""ל",false,1,12.90,3.82,true,1,
7290013451927,false,פריכיות כוסמת ללא תוספת מלח,י.איטליאנו אחזקות בעמ,,,יח,1.75,ל 100 גרם,false,1,9.90,5.66,false,1,
7290013492005,false,תפוח אדמה אדום למיקרו 600 ג',ביכורי השדה צפון 1994 ג.ד. בעמ,,,יח,7,ל 100 גרם,false,1,8.90,1.27,false,1,
7290013525819,false,סלט שום כתוש שמיר 15,"סלטי שמיר 2006 בע""מ",,,יח,1.50,ל 100 גרם,false,1,9.90,6.60,false,1,
7290013531490,false,שעועית לבנה אפויה יכין,זנלכול יכין,,,יח,6,ל 100 גרם,false,1,8.90,1.48,false,1,
7290013531582,false,מארז זיתים ירוקים מגולענים יכין 200 גרם,זנלכל בעמ,,,יח,6,ל 100 גרם,false,1,13.90,2.32,false,1,
7290013531612,false,רוטב לפסטה נפוליטנה יכין 240 גרם,זנלכול יכין,,,יח,2.40,ל 100 גרם,false,1,5.50,2.29,false,1,
7290013531629,false,רוטב לפסטה פומודורו 240 גרם יכין,היינץ צפון אמריקה מק,,,יח,2.60,ל 100 גרם,false,1,5.50,2.12,false,1,
7290013531759,false,שעועית לבנה מבושלת במים יכין (550 גרם),זנלכול יכין,,,יח,6,ל 100 גרם,false,1,8.90,1.48,false,1,
7290013579508,false,"קוקוס קפוא 250 גרם - Shake It - בד""ץ עדה חרדית","הבו-קדו בע""\מn\",,,יח,2.50,ל 100 גרם,false,1,9.90,3.96,true,1,
7290013585233,false,"ספרייט זירו פחית סליק 330 מ""ל",החברה המרכזית להפצת משקאות בעמ,,,יח,3.30,"ל 100 מ""ל",false,1,4.90,1.39,true,1,
7290013585387,false,בקבוק זירו קוקה-קולה (1 ליטר),החברה המרכזית להפצת משקאות בעמ,,,יח,10,"ל 100 מ""ל",false,1,7.50,0.72,true,1,
7290013585394,false,בקבוק קוקה-קולה (1 ליטר),החברה המרכזית להפצת משקאות בעמ,,,יח,10,"ל 100 מ""ל",false,1,7.50,0.72,true,1,
7290013608260,false,מיץ רימונים 100%מיץ סחוט טרי מצונן 1ליט,שטראוס גרופ בעמ/מצונן,,,יח,1,"ל 100 מ""ל",false,1,21.90,21.90,false,1,
7290013675194,false,שניצל אמיתי ביתי ללא גלוטן 700 ג' מאמא עוף,זנטי אס. אי לאלין,,,יח,7,ל 100 גרם,false,1,34.90,4.99,false,1,
7290013675545,false,שניצל כלי תחבורה מאמא עוף (700 גרם),תנובה גליל שותפות מוגבלת,,,יח,0.70,ל 100 גרם,false,1,35.90,51.29,false,1,
7290013677563,false,קינואה אדומה יבשה מיה 500 גר',מיה תעשיות מזון מ.ת.מ. בעמ,,,יח,5,ל 100 גרם,false,1,10.90,2.18,true,1,
7290013677648,false,שמן זית למאור מיה 1 ליטר,מיה תעשיות מזון מ.ת.מ. בעמ,,,יח,10,"ל 100 מ""ל",false,1,15.90,1.59,false,1,
7290013713049,false,בירה ג`מס בקבוק 8.80% אלכוהול ( 330 מל),אגודת הכורמים -כרמל מזרחי,,,ל 100 גרם,3.30,ל 100 גרם,false,1,12.90,3.82,true,1,
7290013713094,false,"בירה ג'יימס בלייזר בראון 330 מ""ל",אגודת הכורמים בעמ,,,ל 100 גרם,3.30,ל 100 גרם,false,1,12.90,3.82,true,1,
7290013793102,false,ערכה לחנוכה 44 כוסיות חדש,י.מ עטרת מלכות בעמ,,,יח,1,,false,1,39.90,39.90,false,1,
7290013793348,false,כוסיות שמן זית ברכת אור(כתום),י.מ עטרת מלכות בעמ,,,יח,1,,false,1,49.90,49.90,false,1,
7290013847492,false,"סאטרקיסט במים 140ג שישיות בד""ץ*",דיפלומט מפיצים #,,,יח,1.40,ל 100 גרם,false,1,29.90,21.36,false,1,
7290013848017,false,תרסיס ניקוי והברקת נירוסטה,החברה הדרומית לשיווק בעמ,,,יח,1,"ל 100 מ""ל",false,1,21.90,21.90,false,1,
7290013848345,false,מארז מטליות לחיטוי וניקוי יסודי אנטיבקטריאלי 99.9%,החברה הדרומית לשיווק בעמ,,,יח,1,,false,1,19.90,19.90,false,1,
7290013848383,false,קרמה מן גל רחצה אקטיב בלוק 700 מל לגבר,החברה הדרומית לשיווק בעמ,,,יח,7.50,"ל 100 מ""ל",false,1,15.90,2.12,false,1,
7290013848758,false,מקסימה גל כביסה מרוכז בייבי 3ליטר סנסטיב,החברה הדרומית לשיווק בעמ,,,יח,3,לליטר,false,1,34.90,11.63,false,1,
7290013906441,false,קבנוס טירת צבי 120 גרם,תנובה מרכז שיתופי לשיווק תוצרת,,,יח,1.20,ל 100 גרם,false,1,10.90,9.08,false,1,
7290013906489,false,חטיפי מיני קבנוס טירת צבי 120 גרם,תנובה מרכז שיתופי לשיווק תוצרת,,,יח,1.20,ל 100 גרם,false,1,9.90,8.25,false,1,
7290013906694,false,נקניקיות שקית קילו וחצי טירת צבי,תנובה מרכז שיתופי לשיווק תוצרת,,,יח,15,ל 100 גרם,false,1,33.90,2.26,false,1,
7290013906700,false,"נקניקיות הודו טירת צבי כשרות הרב מחפוד 1.5 ק""ג",תנובה מרכז שיתופי לשיווק תוצרת,,,"לק""ג",15,ל 100 גרם,true,1,29.90,1.99,false,1,
7290013906922,false,"נקניקיות הודו חריפות מחפוד טירת צבי 1 ק""ג",טיב טירת צבי 2000,,,יח,1,"לק""ג",false,1,31.90,31.90,false,1,
7290013906991,false,סלמי מהדרין 400 גרם מחפוד טירת צבי,טיב טירת צבי 2000,,,יח,4,ל 100 גרם,false,1,19.90,4.98,false,1,
7290013927996,false,עוגת שמרים קרנץ בטעם שוקולד אחוה 400 גרם,אחדות ביחר לטחינה חל,,,יח,4,ל 100 גרם,false,1,10.90,2.73,false,1,
7290014002203,false,חליטת לימונית ולואיזה הגן הקסום ויסוצקי 25 יחידות,תה ויסוצקי (ישראל) בעמ,,,יח,0.75,ל 100 גרם,false,1,17.90,23.87,true,1,
7290014002944,false,גן קסום חליטת פירות וצמחים חמדת שקד 25 שקיקים,תה ויסוצקי (ישראל) בעמ,,,יח,0.50,ל 100 גרם,false,1,17.90,35.80,true,1,
7290014002982,false,תה ירוק לימונית ולואיזה ויסוצקי 25 יחידות תוספת סטיביה,תה ויסוצקי (ישראל) בעמ,,,יח,0.50,ל 100 גרם,false,1,22.90,45.80,true,1,
7290014046016,false,פסטרמה של פעם דל שומן 2% רכיבים טבעיים,מעדני יחיעם ( 1993 ) בע`מ,,,ל 100 גרם,2.50,ל 100 גרם,false,1,24.90,9.96,false,1,
7290014046436,false,נשנושי קבנוס יחיעם (125 גרם),מעדני יחיעם ( 1993 ) בע`מ,,,יח,1.25,ל 100 גרם,false,1,13.90,11.12,true,1,
7290014046580,false,פסטרמה מעודנת על גחלים יחיעם (300 גרם),מעדני יחיעם (1993) בעמ,,,יח,3.60,ל 100 גרם,false,1,19.90,5.53,false,1,
7290014046757,false,סלמי תה יחיעם (300 גרם),מעדני יחיעם (1993) בעמ,,,יח,3,ל 100 גרם,false,1,19.90,6.63,true,1,
7290014046764,false,סלמי פפרוני יחיעם 200 גרם,מעדני יחיעם (1993) בעמ,,,יח,2,ל 100 גרם,false,1,14.90,7.45,false,1,
7290014059078,false,"אקווה פרש מי פה אקסטרים 500 מ""ל",גלקסו סמית קליין,,,יח,5,"ל 100 מ""ל",false,1,14.90,2.98,true,1,
7290014059436,false,"משחת שיניים סנסודיין 75 מ""ל פרימיום לשיקום והגנה מלבינה 75 מ""ל","סמית קליין ביצ'ם בע""",,,יח,75,"ל 100 מ""ל",false,1,25.90,0.35,true,1,
7290014066366,false,לנדוור-קפסולות אספרסו ריסטרטו(08) - 10יח'12X יח,ש.שסטוביץ בעמ,,,יח,0.50,ל 100 גרם,false,1,15.90,31.80,true,1,
7290014066373,false,לנדוור-קפסולות אספרסו קלאסיק(09) - 10יח'12X יח,ש.שסטוביץ בעמ,,,יח,0.50,ל 100 גרם,false,1,15.90,31.80,true,1,
7290014066380,false,לנדוור-קפסולות אספרסו סופרימו(10) - 10יח'12X יח,ש.שסטוביץ בעמ,,,יח,0.50,ל 100 גרם,false,1,15.90,31.80,true,1,
7290014070592,false,ספרייט,החברה המרכזית להפצת משקאות בע,,,יח,1,יח,false,1,6.99,6.99,false,1,
7290014083165,false,ניוקי ויליפוד 500 גרם,ג. וילי-פוד אינטרנשיונל בע`מ,,,יח,5,ל 100 גרם,false,1,7.90,1.58,false,1,
7290014083479,false,גבינה פרוסה גאודה 27% שומן EURO CHEESE ויליפוד 150 גרם,ג.וילי פוד אינטרנשיונל בעמ,,,יח,1.50,ל 100 גרם,false,1,9.90,6.60,false,1,
7290014083813,false,וילי פוד מריגה שפרוטים מעושנים בשמן 190ג,ג. וילי-פוד אינטרנשיונל בע`מ,,,יח,1.60,ל 100 גרם,false,1,7.90,4.94,false,1,
7290014138971,false,ערכת חנוכה מוצק 44 כוסות ללא חזרות ZZ,מנורה אור חדש בעמ,,,יח,44,יח,false,1,44.90,1.02,false,1,
7290014204034,false,"מרכך יומי 750 מ""ל פנינה רוזנבלום","פנינה רוזנבלום בע""מ",,,יח,7.50,"ל 100 מ""ל",false,1,14.90,1.99,true,1,
7290014204560,false,"פנינהרוזנבלום- סבון נוזלי לידיים שלישיה,3*500 מ""ל","פנינה רוזנבלום בע""מ",,,יח,5,לליטר,false,1,10.90,2.18,true,1,
7290014204614,false,גרנולה שוקולד מריר+לבן 400 גר`פנינה רוז,"פנינה רוזנבלום בע""מ",,,יח,4,ל 100 גרם,false,1,27.90,6.98,true,1,
7290014204683,false,אלסבון 1 ליטר משאבה סגול פנינה רוזנבלום,פנינה רוזנבלום בעמ,,,יח,5,לליטר,false,1,14.90,2.98,true,1,
7290014204690,false,אלסבון 1 ליטר משאבה ורוד פנינה רוזנבלום,פנינה רוזנבלום בעמ,,,יח,5,לליטר,false,1,14.90,2.98,true,1,
7290014204706,false,אלסבון 1 ליטר משאבה קורלפנינה רוזנבלום,פנינה רוזנבלום בעמ,,,יח,5,לליטר,false,1,14.90,2.98,true,1,
7290014204768,false,"תרסיס גוף מס' 3 250 מ""ל פנינה רוזנבלום",פנינה רוזנבלום בעמ,,,יח,2.50,"ל 100 מ""ל",false,1,31.90,12.76,false,1,
7290014205000,false,צלחות גדולות 50 יחידות,ח.כהן סוכנות מזון ומשקאות בע,,,יח,50,יח,false,1,12.90,0.26,true,1,
7290014205017,false,צלחות קטנות שווה 50 יחידות,ח.כהן סוכנות מזון ומשקאות בע,,,יח,50,יח,false,1,8.90,0.18,true,1,
7290014205024,false,"קעריות אובלי ח""פ לבן 25 יח!",ח.כהן סוכנות מזון ומשקאות בע,,,יח,25,יח,false,1,4.90,0.20,true,1,
7290014205031,false,"לפתניה לבן 25 יח ""שווה"" *",ח.כהן סוכנות מזון ומשקאות בע,,,יח,1,יח,false,1,3.90,3.90,true,1,
7290014205048,false,disposable plastic 17 cm soup plate 25,ח.כהן סוכנות מזון ומשקאות בע,,,יח,25,יח,false,1,8.90,0.36,true,1,
7290014205055,false,"צלחת עמוקה""שווה""30יח לבן",ח.כהן סוכנות מזון ומשקאות בע,,,יח,1,יח,false,1,12.90,12.90,true,1,
7290014205062,false,"כוסות ח""פ פלסטיק 100""שווה"".",ח.כהן סוכנות מזון ומשקאות בע,,,יח,1,יח,false,1,7.90,7.90,true,1,
7290014205116,false,כוסות שקוף שמש 140יח שווה,ח.כהן סוכנות מזון ומשקאות בע,,,יח,1,יח,false,25,13.90,13.90,false,1,
7290014205130,false,צלחות גדול קרם / לבן/ בורדו/ זהב 25 יח,ח.כהן סוכנות מזון ומשקאות בע,,,יח,1,יח,false,1,10.90,10.90,true,1,
7290014205147,false,"צלחת קטן צבעוני 25 יח ""שווה"" *",ח.כהן סוכנות מזון ומשקאות בע,,,יח,1,יח,false,1,7.90,7.90,true,1,
7290014205154,false,קעריות אובלי קרם /בורדו זהב 25 יח,ח.כהן סוכנות מזון ומשקאות בע,,,יח,1,יח,false,1,5.90,5.90,true,1,
7290014205161,false,disposable plastic 12.5 cm compote plate,ח.כהן סוכנות מזון ומשקאות בע,,,יח,1,יח,false,1,4.90,4.90,true,1,
7290014205178,false,"מרקיה צבעוני ""שווה"" 25יח",ח.כהן סוכנות מזון ומשקאות בע,,,יח,1,יח,false,1,7.90,7.90,true,1,
7290014205185,false,צלחות ענק בצבעים זהב/ קרם / בורדו/ 25 יח,ח.כהן סוכנות מזון ומשקאות בע,,,יח,1,יח,false,1,16.90,16.90,true,1,
7290014205604,false,"פחם 2 ק""ג""שווה"" דרום אמריקאי משובח",ח.כהן סוכנות מזון ומשקאות בע,,,יח,2,"לק""ג",false,1,18.90,9.45,false,1,
7290014205659,false,"לבבות דקל שלם 400ג ""שווה"" *",ח.כהן סוכנות מזון ומשקאות בע,,,יח,4,ל 100 גרם,false,1,9.90,2.48,true,1,
7290014205666,false,"לבבות דקל חתוך 400ג ""שווה"" *",ח.כהן סוכנות מזון ומשקאות בע,,,יח,4,ל 100 גרם,false,24,8.90,2.23,false,1,
7290014205697,false,אננס חתוך 565 גר`A2 שווה* (24 בקרטו,ח.כהן סוכנות מזון ומשקאות בע,,,יח,6,ל 100 גרם,false,24,6.90,1.15,true,1,
7290014205796,false,"שקיות מזון זוג בקופסה 150*2 יח ""שווה""*",ח.כהן סוכנות מזון ומשקאות בע,,,יח,2,יח,false,20,13.90,6.95,true,1,
7290014205826,false,שקיות אשפה ירוק 52/65 שרוך שווה 50יח,ח.כהן סוכנות מזון ומשקאות בע,,,יח,1,יח,false,1,12.90,12.90,true,1,
7290014205840,false,"שקיות אשפה 52/65 עם שרון""שווה""",ח.כהן סוכנות מזון ומשקאות בע,,,יח,1,יח,false,1,6.90,6.90,true,1,
7290014206281,false,מדליק פחם ראש גפרור שווה (30 בדיספליי),ח.כהן סוכנות מזון ומשקאות בע,,,יח,0,יח,false,1,4.90,4.90,false,1,
7290014206489,false,מפת שולחן אלבד מוטבעת שווה*,ח.כהן סוכנות מזון ומשקאות בע,,,יח,1,יח,false,24,7.90,7.90,true,1,
7290014206496,false,גליל מוטבע אל בד 15 מטר שווה*,ח.כהן סוכנות מזון ומשקאות בע,,,יח,15,למטר,false,5,31.90,2.13,false,1,
7290014206502,false,"שקיות אוכל בשקית 200 יח""שווה"" *",ח.כהן סוכנות מזון ומשקאות בע,,,יח,200,יח,false,1,3.50,0.02,false,1,
7290014206519,false,"שקיות הקפאה בשקית 200 יח ""שווה"" *",ח.כהן סוכנות מזון ומשקאות בע,,,יח,200,יח,false,40,6.90,0.03,true,1,
7290014206526,false,שקיות מזון מרשרש 150יח *3+מדבקות שווה,ח.כהן סוכנות מזון ומשקאות בע,,,יח,450,יח,false,20,13.90,0.03,false,1,
7290014206533,false,מפת פלנל עם גומי הקפי שווה *,ח.כהן סוכנות מזון ומשקאות בע,,,יח,1,יח,false,1,15.90,15.90,true,1,
7290014206786,false,"לפתניה סדרת חושן 10יח ""שווה""",ח.כהן סוכנות מזון ומשקאות בע,,,יח,10,למארז,false,12,7.90,0.79,false,1,
7290014206885,false,אנשובי ארוך בפח בשמן חמניות 77ג שווה,ח.כהן סוכנות מזון ומשקאות בע,,,יח,0.46,,false,1,4.90,10.65,false,1,
7290014206892,false,אנשובי צנצנת 100 ג` שמן חמניות שווה*,ח.כהן סוכנות מזון ומשקאות בע,,,יח,1,ל 100 גרם,false,12,9.90,9.90,true,1,
7290014218321,false,בורקס אישי יפו גבינה מעדנות 600 גרם,תנובה מרכז שיתופי לשיווק תוצרת,,,ל 100 גרם,6,ל 100 גרם,false,1,17.90,2.98,false,1,
7290014218338,false,"בורקס אישי יפו תפו""א מעדנות 600 גרם",מיוצר עי קונדיטוריית,,,ל 100 גרם,6,ל 100 גרם,false,1,16.90,2.82,false,1,
7290014218536,false,בצק עלים מרודד מופחת שומן מעדנות 1 קג,תנובה ענף ב.ע.ד,,,יח,4.90,ל 100 גרם,false,1,21.90,4.47,false,1,
7290014218932,false,חטיפי פיצה בתוספ זיתים בשקית מעדנות 710 גרם,מיוצר עי קונדיטוריית,,,יח,7.10,ל 100 גרם,false,1,27.90,3.93,false,1,
7290014256620,false,"יין מבעבע קריניאנו באזז יקבי כרמל 750 מ""ל",אגודת הכורמים -כרמל מזרחי,,,יח,7.50,"ל 100 מ""ל",false,1,27.90,3.68,true,1,
7290014256637,false,"יין מבעבע מוסקטו באזז יקבי כרמל 750 מ""ל",אגודת הכורמים -כרמל מזרחי,,,יח,7.50,"ל 100 מ""ל",false,1,27.90,3.68,true,1,
7290014258716,false,תרכובת מזון צמחי על בסיס חלבון סויה מגיל לידה,קבוצת אוסם סחר שותפות מוגבלת,,,יח,7,ל 100 גרם,false,1,49.90,7.13,false,1,
7290014258723,false,תרכובת מזון צמחי לתינוקות מגיל 0 עד גיל שנה,קבוצת אוסם סחר שותפות מוגבלת,,,יח,7,ל 100 גרם,false,1,59.90,8.56,false,1,
7290014258730,false,תרכובת מזון צמחי לתינוקות מגיל 12 חודשים ואילך,קבוצת אוסם סחר שותפות מוגבלת,,,יח,7,ל 100 גרם,false,1,59.90,8.56,false,1,
7290014288058,false,"להבונים 50 שקית ""שווה""",ח.כהן סוכנות מזון ומשקאות בע,,,יח,50,יח,false,1,8.90,0.18,false,1,
7290014288119,false,"ממרקות מתכת 4 יח ""שווה"" *",ח.כהן סוכנות מזון ומשקאות בע,,,יח,1,למארז,false,1,4.90,4.90,false,1,
7290014288331,false,נודלס HOT CUP טעם עוף 60ג שווה*,ח.כהן סוכנות מזון ומשקאות בע,,,יח,1,יח,false,1,3.90,3.90,true,1,
7290014288355,false,נודלס HOT CUP טעם בקר 60ג שווה*,ח.כהן סוכנות מזון ומשקאות בע,,,יח,1,יח,false,1,3.90,3.90,true,1,
7290014288447,false,"נרות חנוכה צבעוניים""שווה"" *-ללא חזרו",ח.כהן סוכנות מזון ומשקאות בע,,,יח,0,יח,false,1,2.90,2.90,true,1,
7290014288454,false,"נרות חנוכה מיוחדים מהודרים ""שווה"" *",ח.כהן סוכנות מזון ומשקאות בע,,,יח,0,יח,false,1,5.90,5.90,false,1,
7290014288461,false,נר נשמה שווה 24 שעות,ח.כהן סוכנות מזון ומשקאות בע,,,יח,1,יח,false,1,1.90,1.90,true,1,
7290014288584,false,נייר אפיה 50 יחידות איכותי שווה*,ח.כהן סוכנות מזון ומשקאות בע,,,יח,1,למארז,false,1,7.90,7.90,false,1,
7290014288614,false,רדיד אלומיניום קצר כוכבים גבוה/עבה 16M,ח.כהן סוכנות מזון ומשקאות בע,,,יח,1,יח,false,1,16.90,16.90,true,1,
7290014288683,false,מגש אובלי ענק 20יח שווה,ח.כהן סוכנות מזון ומשקאות בע,,,יח,20,יח,false,1,17.90,0.90,false,1,
7290014288690,false,מגש אובלי עמוק צבעוני 20 יח שווה 33 ס,סאם פלסטיק,,,יח,20,יח,false,1,17.90,0.90,false,1,
7290014288706,false,קערת סלט ענקית צבעוני 10 יח` שווה*,ח.כהן סוכנות מזון ומשקאות בע,,,יח,10,יח,false,1,9.90,0.99,true,1,
7290014288720,false,כוסות וודקה 350CC שווה,ח.כהן סוכנות מזון ומשקאות בע,,,יח,1,יח,false,1,7.90,7.90,false,1,
7290014288737,false,"כוסות חד פעמי מעוטרות 40יח 285מ""ל שווה",ח.כהן סוכנות מזון ומשקאות בע,,,יח,1,יח,false,1,11.90,11.90,true,1,
7290014288980,false,נייר טישו חמישיה (10 יח בקרטון) שווה*,ח.כהן סוכנות מזון ומשקאות בע,,,יח,1,למארז,false,1,9.90,9.90,true,1,
7290014325012,false,תבלין זרעי צ'יה 200 ג' מיה,מיה תעשיות מזון מ.ת.מ בעמ,,,יח,2,ל 100 גרם,false,1,11.90,5.95,false,1,
7290014325043,false,פודינג בטעם וניל 1 קג מיה,מיה תעשיות מזון מ.ת.מ. בעמ,,,יח,10,ל 100 גרם,false,1,14.90,1.49,true,1,
7290014325050,false,קורנפלור 500 גר` מיה ג.,מיה תעשיות מזון מ.ת.מ. בעמ,,,יח,5,ל 100 גרם,false,1,5.90,1.18,true,1,
7290014356061,false,"פסטה ספגטי 500 ג""שדות"" * (20 בקר`)",האחים אגא (א.מ)שיווק בעמ,,,יח,5,ל 100 גרם,false,1,3.90,0.78,true,1,
7290014356078,false,"פסטה פנה 500 ג""שדות"" * (20 בקר`)",האחים אגא (א.מ)שיווק בעמ,,,יח,5,ל 100 גרם,false,1,3.90,0.78,true,1,
7290014356085,false,"פסטה מסולסלת 500 ג""שדות"" (20 בקרטון)",האחים אגא (א.מ)שיווק בעמ,,,יח,5,ל 100 גרם,false,1,3.90,0.78,true,1,
7290014356535,false,"פסטה פרפרים 500 ג""שדות"" (20 בקרטון)",האחים אגא (א.מ)שיווק בעמ,,,יח,5,ל 100 גרם,false,1,3.90,0.78,true,1,
7290014397279,false,שקיות מזון גדולות XL סנו סושי 300 יחידות,החברה הדרומית לשיווק בעמ,,,יח,1,,false,1,11.90,11.90,false,1,
7290014397453,false,סנו אוקסיגן גל מסיר כתמים כביסה לבנה 3 ל,החברה הדרומית לשיווק בעמ,,,יח,3,לליטר,false,1,26.90,8.97,false,1,
7290014397514,false,"מבשם אויר סנו פרש הום בניחוח כותנה מלטפת 350 מ""ל",החברה הדרומית לשיווק בעמ,,,יח,3.50,ל 100 גרם,false,1,10.90,3.11,false,1,
7290014397675,false,סנו מקסימה מרכך כביסה חלב ודבש 4 ליטר,החברה הדרומית לשיווק בעמ,,,יח,40,לליטר,false,1,21.90,0.55,false,1,
7290014397767,false,סנו ריצפז פרש הום 2 ליטר בניחוח כותנה-מרכז,החברה הדרומית לשיווק בעמ,,,יח,20,"ל 100 מ""ל",false,1,19.90,1,false,1,
7290014397774,false,ריצפז פרש הום טבע רענן 2ל לרצפה,החברה הדרומית לשיווק בעמ,,,יח,20,"ל 100 מ""ל",false,1,19.90,1,false,1,
7290014397781,false,סנו ריצפז פרש הום 2 ליטר בניחוח סבון,החברה הדרומית לשיווק בעמ,,,יח,2,לליטר,false,1,19.90,9.95,false,1,
7290014397835,false,סנו - מט דוחה יתושים נוזלי מכשיר + מילוי 45 לילות,החברה הדרומית לשיווק בעמ,,,יח,1,,false,1,38.90,38.90,false,1,
7290014397873,false,מרכך כביסה בבישום עוצמתי ג'נטל בריז,החברה הדרומית לשיווק בעמ,,,יח,40,"ל 100 מ""ל",false,1,21.90,0.55,false,1,
7290014426061,false,משחת שיניים הלו קיטי בטעם ענבים לגיל 2-6,גורי ע.ע.ע. בע`מ,,,יח,1,,false,1,10.90,10.90,false,1,
7290014435360,false,חומוס עם רוטב חריף שמיר 400 גרם,"סלטי שמיר 2006 בע""מ",,,יח,5,ל 100 גרם,false,1,10.90,2.18,true,1,
7290014435377,false,חומוס עם רוטב מסבחה שמיר 400 גרם,סלטי שמיר 2006 בעמ,,,יח,5,ל 100 גרם,false,1,10.90,2.18,true,1,
7290014435384,false,חומוס עם טחינה מיוחדת שמיר 400 גרם,סלטי שמיר 2006 בעמ,,,יח,5,ל 100 גרם,false,1,10.90,2.18,true,1,
7290014435391,false,חומוס אורגינל עם גרגירים שמיר 400 גרם,"סלטי שמיר 2006 בע""מ",,,יח,5,ל 100 גרם,false,1,10.90,2.18,true,1,
7290014435704,false,סלמון מעושן פרוס 100ג(שמיר),שבעת הימים - שמיר,,,יח,1,ל 100 גרם,false,1,22.90,22.90,false,1,
7290014435803,false,מטיאס הולנדי (פרובנציאל) עם בצל בשמן 180 גרם,שבעת הימים - שמיר,,,יח,2,ל 100 גרם,false,1,18.90,9.45,false,1,
7290014435810,false,נתחי הרינג כבוש עם בצל במרינת חמוץ מתוק שמיר 220 גרם,שבעת הימים - שמיר,,,יח,2,ל 100 גרם,false,1,18.90,9.45,false,1,
7290014435834,false,מקרל מעושן פרוס בשמן שמיר 180 גרם,שבעת הימים - שמיר,,,יח,1.90,ל 100 גרם,false,1,24.90,13.11,false,1,
7290014435841,false,פילה הרינג עם בצל בשמן מטיאס הולנדי שמיר 200 גרם,סלטי שמיר 2006 בעמ,,,יח,2,ל 100 גרם,false,1,18.90,9.45,false,1,
7290014455245,false,גבינת גרנה פדנו משולש 29% 200 גרם בית יוסף,מחלבות גד שיווק 1992 בעמ,,,יח,2,ל 100 גרם,false,1,23.90,11.95,false,1,
7290014455252,false,גבינת גרנה פדנו מגורדת 29% גד (100 גרם),מחלבות גד שיווק 1992 בעמ,,,יח,10,ל 100 גרם,false,1,10.90,1.09,false,1,
7290014455610,false,"יוגורט עיזים תות 125 גרם ""גד""",מחלבות גד שיווק 1992 בעמ,,,יח,1.25,ל 100 גרם,false,1,5.90,4.72,false,1,
7290014455627,false,יוגורט עיזים עם דובדבן אמרנה 125גר,מחלבות גד שיווק 1992 בעמ,,,יח,1.25,ל 100 גרם,false,1,5.90,4.72,false,1,
7290014459137,false,"תפוגן סטייק צ'יפס 1.5 ק""ג אסם",קבוצת אוסם סחר שותפות מוגבלת,,,יח,15,ל 100 גרם,false,1,23.90,1.59,false,1,
7290014459373,false,"צ'יפס קראנצ'י לתנור קפוא תפוגן 1.5ק""ג",קבוצת אוסם סחר שותפות מוגבלת,,,יח,1.50,"לק""ג",false,1,23.90,15.93,false,1,
7290014466128,false,"יין הר חרמון אינדיגו 750 מ""ל",מיוצר וממולא על ידי יקב,,,יח,7.50,"ל 100 מ""ל",false,1,31.90,4.21,true,1,
7290014466463,false,הר חרמון מוסקט יקב רמת הגולן (750 מל),היכל היין שקד גולן בעמ,,,יח,7.50,"ל 100 מ""ל",false,1,31.90,4.21,true,1,
7290014466609,false,יין גמלא מרלו עברית 2018*,היכל היין שקד גולן בעמ,,,יח,0,יח,false,1,66.60,66.60,true,1,
7290014466890,false,"יין גמלא השמורה קברנה מרלו 2020 750 מ""ל",היכל היין שקד גולן בעמ,,,יח,0,יח,false,1,63.90,63.90,true,1,
7290014525290,false,חטיפי סלים דליס קריספי תות מרבה 125 גרם,סלים דליס Slim Delis,,,יח,78,ל 100 גרם,false,1,9.90,0.13,false,1,
7290014525306,false,חטיפי סלים דליס קריספי אוכמניות מרבה 125 גרם,סלים דליס Slim Delis,,,יח,1.25,ל 100 גרם,false,1,9.90,7.92,false,1,
7290014525313,false,חטיפי סלים דליס קריספי שוקולד מרבה 125 גרם,סלים דליס Slim Delis,,,יח,1.25,ל 100 גרם,false,1,9.90,7.92,false,1,
7290014547322,false,סנסודין זוג מברשות שיניים שיקום כחול+תכל,גורי ע.ע.ע. בעמ,,,יח,0.75,ל 100 גרם,false,1,29.90,39.87,true,1,
7290014547353,false,סנסודין זוג מברשות שיניים דואלקר ירוק+יר,גורי ע.ע.ע בעמ,,,יח,0.75,ל 100 גרם,false,1,29.90,39.87,true,1,
7290014562431,false,גרנולה עם שקדים 900 גרם,בטר אנד דיפרנט בעמ,,,יח,9,"לק""ג",false,6,23.90,2.66,false,1,
7290014562684,false,פריכיות אורז מרובעות דקות 130 גרם,בטר אנד דיפרנט בעמ,,,יח,1.30,ל 100 גרם,false,1,5.90,4.54,false,1,
7290014562868,false,סילאן טבעי בטר אנד דיפרנט 900 גרם,בטר אנד דיפרנט בעמ,,,יח,9,ל 100 גרם,false,1,22.90,2.54,false,1,
7290014673038,false,תערובת תיבול טוסקנה מימון 120 גרם,א.ל ייצור ושיווק תבלינים בעמ,,,יח,1.20,ל 100 גרם,false,1,9.90,8.25,false,1,
7290014673045,false,תערובת תיבול לצ'יפס מימון 100 גרם,א.ל. ייצור ושיווק תבלינים בע`מ,,,יח,1,ל 100 גרם,false,1,9.90,9.90,false,1,
7290014673052,false,תערובת תיבול לתפוחי אדמה מימון 120 גרם,א.ל. ייצור ושיווק תבלינים בע`מ,,,יח,1.20,ל 100 גרם,false,1,9.90,8.25,false,1,
7290014673106,false,פפריקה אדומה גרוסה בשמן מימון 400 גרם,א.ל. ייצור ושיווק תבלינים בע`מ,,,יח,4,ל 100 גרם,false,1,22.90,5.73,false,1,
7290014673137,false,תערובת תיבול לפיצה מימון 100 גרם,א.ל ייצור ושיווק תבלינים בעמ,,,יח,1,ל 100 גרם,false,1,9.90,9.90,false,1,
7290014674004,false,קריספ פירורי לחם שומשום ומלח ים 300 גרם מיימונס,א.ל.ייצור ושיווק תבלינים בעמ,,,יח,3,ל 100 גרם,false,1,7.90,2.63,true,1,
7290014692299,false,גבינת ברי EURO CHEESE ויליפוד 125 גרם,ג.וילי-פוד אינטרנשיונל **גבינו,,,יח,1.25,ל 100 גרם,false,1,14.90,11.92,false,1,
7290014692305,false,גבינת קממבר EURO CHEESE ויליפוד 125 גרם,ג.וילי-פוד אינטרנשיונל **גבינו,,,יח,1.25,ל 100 גרם,false,1,14.90,11.92,false,1,
7290014692541,false,צהובה מגורדת גולדן 500 גרם ויליפוד,ג.וילי-פוד אינטרנשיונל **גבינו,,,יח,5,ל 100 גרם,false,1,19.90,3.98,false,1,
7290014692817,false,גבינת מוצרלה מגורדתEURO CHEESE ויליפוד 200 גרם,ג.וילי-פוד אינטרנשיונל **גבינו,,,יח,2,ל 100 גרם,false,1,10.90,5.45,false,1,
7290014748651,false,פילה אמנון מצופה נתח שלם דג טוב 360 גרם,קבוצת אוסם סחר שותפות מוגבלת,,,יח,3.60,ל 100 גרם,false,1,32.90,9.14,false,1,
7290014748958,false,דג טוב פופקורן מיני אמנון ציפס נ.שלם 400גר,קבוצת אוסם סחר שותפות מוגבלת,,,יח,4,ל 100 גרם,false,1,38.90,9.73,false,1,
7290014749245,false,ספיישל רצועות שניצל שומשום עוף טוב 600 גרם,קבוצת אוסם סחר שותפות מוגבלת,,,יח,0.60,ל 100 גרם,false,1,36.90,61.50,true,1,
7290014749849,false,שניצל דק ענק קריספי שומשום עוף טוב 720 גרם,קבוצת אוסם סחר שותפות מוגבלת,,,יח,7.20,ל 100 גרם,false,1,38.90,5.40,true,1,
7290014758100,false,מאגדת יוגורט ביו 3% שומן 8 יח' *150ג' תנובה,מיוצר עי קונדיטוריית,,,יח,10,ל 100 גרם,false,1,16.10,1.61,false,1,
7290014758681,false,גבינת קוטג`1% בגביע תנובה (250 גרם),מיוצר עי קונדיטוריית,,,יח,2.50,ל 100 גרם,false,1,5.50,2.20,false,1,
7290014759084,false,גבינת שמנת נפוליאון 16% מופחת שומן תנובה 225 גרם,תנובה מרכז שיתופי לש,,,יח,2.25,ל 100 גרם,false,1,12.90,5.73,false,1,
7290014759978,false,קצ`קאבל פלח גלעד 200 גר`קולקשיין תנובה,"תנובה בע""מ ***",,,ל 100 גרם,1,,false,1,25.90,25.90,false,1,
7290014759992,false,פלח רוקפור גליל 26% 140 גר`קולקשיין תנו,"תנובה, מחלבת תל יוסף",,,יח,0.14,ל 100 גרם,false,1,17.90,127.86,false,1,
7290014760134,false,"מעדן סויה בטעם וניל תנובה 125 מ""ל","תנובה בע""מ ***",,,יח,1.25,לליטר,false,1,3.90,3.12,false,1,
7290014760448,false,גבינה צהובה גלבוע 400 גרם 22% שומן תנובה,מחלבת בית יצחק,,,יח,1,,false,1,23.90,23.90,false,1,
7290014761018,false,גיל בטעם וניל תנובה 125 גרם,תנובה מרכז שיתופי לש,,,יח,1.25,"ל 100 מ""ל",false,1,1.40,1.12,false,1,
7290014761056,false,מעדן שוקולד חלב יולו תנובה 123 גרם,מיוצר עי קונדיטוריית,,,יח,1.23,ל 100 גרם,false,1,4.20,3.41,false,1,
7290014761063,false,מעדן שוקולד מריר יולו תנובה 123 גרם,מיוצר עי קונדיטוריית,,,יח,1.23,ל 100 גרם,false,1,4.20,3.41,false,1,
7290014761070,false,מעדן שוקולד לבן יולו תנובה 123 גרם,מיוצר עי קונדיטוריית,,,יח,1.23,ל 100 גרם,false,1,4.20,3.41,false,1,
7290014761193,false,יוגורט עם פירות יער 1.5% שומן 125 ג' פרילי,תנובה מרכז שיתופי לש,,,יח,5,"ל 100 מ""ל",false,1,3.40,0.68,false,1,
7290014761414,false,יולו מעדן שכבות שוקולד חלב ולבן 123 גר,מיוצר עי קונדיטוריית,,,יח,1.23,ל 100 גרם,false,1,4.20,3.41,false,1,
7290014761438,false,פיראוס בולגרית קלאסית 24% סמי מעדניה 400,תנובה מרכז שיתופי לש,,,יח,4,ל 100 גרם,false,1,25.90,6.48,false,1,
7290014761698,false,"גבינת עמק 28% סמי חצי קשה 600 גרם בד""ץ",תנובה מרכז שיתופי לש,,,ל 100 גרם,6,ל 100 גרם,false,1,31,5.17,false,1,
7290014762756,false,גבינת שמנת נפוליאון 16% עם בצל תנובה 225 גרם,תנובה - חלב,,,יח,2.25,ל 100 גרם,false,1,12.90,5.73,false,1,
7290014762831,false,גבינת שמנת נפוליאון 16% עם פלפל חלפיניו תנובה 225 גרם,תנובה מרכז שיתופי לש,,,יח,2.25,ל 100 גרם,false,1,12.90,5.73,false,1,
7290014762848,false,גבינה צהובה מגורדת 22% שומן 500 ג' פתיתי גלבוע,גלבוע - תנובה,,,יח,5,ל 100 גרם,false,1,31.90,6.38,false,1,
7290014762909,false,פתיתי מוצרלה השף הלבן 10% תוספת מתנה,"תנובה, מחלבת תל יוסף",,,יח,2,ל 100 גרם,false,1,15.90,7.95,false,1,
7290014763272,false,יוגורט סויה BIO לשתיה תות ובננה אלטרנטיב,תות תעשיות מזון (201,,,יח,2.50,ל 100 גרם,false,1,5.30,2.12,false,1,
7290014763418,false,"כד יוגרט תנובה 4% שומן 1.5 ליטר, מהדרין",תנובה מרכז שיתופי לש,,,יח,4,לליטר,false,1,16.90,4.23,false,1,
7290014791091,false,"שוופס מוגז פירות לימונייד 500 מ""ל",יפאורה - שותפות מוגבלת לשיווק,,,יח,5,"ל 100 מ""ל",false,1,4.90,0.92,true,1,
7290014791336,false,מי מינרלים בודד ליטר,יפאורה שותפות מוגבלת לשיווק,,,יח,10,"ל 100 מ""ל",false,1,4,0.37,false,1,
7290014791725,false,"שוופס מוגז פירות תפוחים 500 מ""ל",יפאורה - שותפות מוגבלת לשיווק,,,יח,5,"ל 100 מ""ל",false,1,4.90,0.92,true,1,
7290014803718,false,ביסקוויט תה פריך 720 גר',נאמן לאורך זמן בעמ,,,יח,7.20,ל 100 גרם,false,1,9.90,1.38,false,1,
7290014803732,false,ניוקי מתפוח אדמה 500 גר`,נאמן לאורך זמן בעמ,,,יח,5,ל 100 גרם,false,1,7.90,1.58,false,1,
7290014820135,false,ביצים 30 L אומגה,מ.א.ן שיווק ביצים בעמ,,,יח,30,יח,false,1,38.90,1.30,false,1,
7290014855458,false,מגבוני בייביסיטר פרפורמנס ללא בישום מארז 72X4יח',בייביסיטר Babysitter,,,יח,1,,false,1,16.90,16.90,true,1,
7290014860063,false,מקלוני אורז ללא גלוטן 454 גר,מזרח ומערב יבוא ושיווק,,,יח,4.54,"ל 100 מ""ל",false,1,10.90,2.40,false,1,
7290014901247,false,"שמפו קרטין לאחר החלקה ועיצוב בחום סטייל 750 מ""ל",א.ל. ארמן ייצור תמרו,,,יח,7.50,ל 100 גרם,false,1,24.90,3.32,false,1,
7290014901254,false,"מרכך קרטין לאחר החלקה ועיצוב בחום סטייל 750 מ""ל",א.ל ארמן ייצור תמרוק,,,יח,7.50,ל 100 גרם,false,1,24.90,3.32,false,1,
7290014901261,false,"מסכה קרטין לאחר החלקה ועיצוב בחום סטייל 500 מ""ל",א.ל ארמן ייצור תמרוק,,,יח,5,ל 100 גרם,false,1,27.90,5.58,false,1,
7290014901315,false,סנסודיין משחה הגנה מלאה אקסטרה פרש 75 מל,"סמית קליין ביצ'ם בע""",,,יח,0.75,ל 100 גרם,false,1,25.90,34.53,true,1,
7290014901896,false,"מי פה סנסודיין מנטה מרענן 500 מ""ל",גלקסוסמיתקליין,,,יח,2.25,ל 100 גרם,false,1,24.90,11.07,true,1,
7290014905160,false,"הפי מטהר אוויר פניני ריח בניחוחות, 130 גרם","יעקב יעקבי ובניו בע""מ",,,יח,1.30,ל 100 גרם,false,1,14.50,11.15,true,1,
7290014905498,false,הפי מטליות דו צדדיות בגליל 20 מטליות,"יעקב יעקבי ובניו בע""מ",,,יח,1,,false,1,12.90,12.90,false,1,
7290014905689,false,"נוזל כלים הפי מרוכז 24% תפוח 750 מ""ל","יעקב יעקבי ובניו בע""מ",,,יח,7.50,"ל 100 מ""ל",false,1,9.90,1.32,true,1,
7290014905719,false,הפי לימונית למדיח כלים - מנטרל ריחות רעים,"יעקב יעקבי ובניו בע""מ",,,יח,1,,false,1,13.90,13.90,false,1,
7290014905733,false,נוזל לניקוי חלונות הפי (750 מל),"יעקב יעקבי ובניו בע""מ",,,יח,7.50,"ל 100 מ""ל",false,1,7.90,1.05,true,1,
7290014905962,false,סבון אסלה הפי בושם 5טיפות ורוד לבנדר נתלה,"יעקב יעקבי ובניו בע""מ",,,יח,0.43,"ל 100 מ""ל",false,1,10,23.26,false,1,
7290014907737,false,דג לברק ארוז ווינרפוד,ג.עופר ייצור ושיווק בשר בעמ,,,"לק""ג",10,ל 100 גרם,true,1,44.90,4.49,false,1,
7290014910379,false,"מלפפונים במלח 690 גרם ""לינה""",יורוסטנדרט בעמ,,,יח,0.69,ל 100 גרם,false,1,8.90,12.90,false,1,
7290014910386,false,"קורנישונים במלח 690 גרם ""לינה""",יורוסטנדרט בעמ,,,יח,0.69,ל 100 גרם,false,1,9.90,14.35,false,1,
7290014910515,false,שימורי דגים שפרוטים מעושנים בשמן צמחי 250 גרם,יורוסטנדרט בעמ,,,יח,0.25,ל 100 גרם,false,1,11.90,47.60,false,1,
7290014935358,false,שעועית ירוקה תקומה,ביכורי השדה צפון 1994 ג.ד. בעמ,,,יח,1,,false,1,9.90,9.90,false,1,
7290014940901,false,לחם פשוט מלא לילדים פרוס אנג`ל (750 גרם),מאפיית שלמה א. אנג'\ל בע,,,יח,7.50,ל 100 גרם,false,1,15.90,2.12,false,1,
7290014947047,false,פריכיות כוסמת עם מלח 175 גרם,י.איטליאנו אחזקות בעמ,,,יח,1.75,ל 100 גרם,false,1,9.90,5.66,false,1,
7290014947740,false,פריכיות כוסמת עם מלח 160 גרם,ר.צ צ יק בעמ,,,יח,1.60,ל 100 גרם,false,1,11.90,7.44,false,1,
7290014947757,false,"פריכיות כוסמת לל""ת מלח 160גר",ר.צ צ יק בעמ,,,יח,1.60,ל 100 גרם,false,1,11.90,7.44,false,1,
7290014974562,false,גביעי גלידה רגיל טילון עלמה גילרו 24 יח',"א.ג גילרו בע""\מ",,,יח,24,יח,false,1,5.90,0.25,false,1,
7290014974593,false,גביעי גלידה 12 מגולגל ללא גלוטן גילרו*,ח.כהן סוכנות מזון ומשקאות בע,,,יח,1,,false,1,11.90,11.90,false,1,
7290015014168,false,בייבי מיקס רמי לוי,ביכורי השדה צפון 1994 ג.ד. בעמ,,,יח,1,,false,1,8.90,8.90,false,1,
7290015014182,false,לבבות קיסר בנספק רמי לוי,ביכורי השדה צפון 1994 ג.ד. בעמ,,,יח,1,,false,1,8.90,8.90,false,1,
7290015014465,false,רוזמרין רמילוי,ביכורי השדה צפון 1994 ג.ד. בעמ,,,יח,1,,false,1,3.90,3.90,false,1,
7290015014472,false,קורנית(בוסתן),ביכורי השדה צפון 1994 ג.ד. בעמ,,,יח,1,,false,1,3.90,3.90,false,1,
7290015027021,false,עוגות שמרים פרימיום 500גר,הלל בן הלל שיווק ומסחר בעמ,,,יח,1,ל 100 גרם,false,1,21.90,21.90,false,1,
7290015037396,false,נענע אוצר הארץ - מהדרין,"בכורי השדה צפון1994 ג.ד. בע""מ",,,יח,1,,false,1,7.90,7.90,false,1,
7290015037402,false,‏בצל ירוק שקית - אוצר הארץ,"בכורי השדה צפון1994 ג.ד. בע""מ",,,יח,1,,false,1,8.90,8.90,false,1,
7290015037419,false,סלרי אמריקאי אוצר הארץ,"בכורי השדה צפון1994 ג.ד. בע""מ",,,יח,1,,false,1,8.90,8.90,false,1,
7290015037426,false,‏עלי סלק שקית - אוצר הארץ,"בכורי השדה צפון1994 ג.ד. בע""מ",,,יח,1,,false,1,8.90,8.90,false,1,
7290015037433,false,חסה ערבית אוצר הארץ יחיד,"בכורי השדה צפון1994 ג.ד. בע""מ",,,יח,1,,false,1,8.90,8.90,false,1,
7290015037488,false,חסלט פטרוזיליה עדה חרדית,ביכורי השדה צפון 1994 ג.ד. בעמ,,,יח,1,,false,1,7.90,7.90,false,1,
7290015037549,false,"חסה ערבית כשרה יבול חו""ל","בכורי השדה צפון1994 ג.ד. בע""מ",,,יח,1,,false,1,7.90,7.90,false,1,
7290015037655,false,כרובית 600 גרם מהדרין אוצר הארץ י.ע.ל.,ביכורי השדה הצפון בעמ` 1964,,,יח,6,יח,false,1,29.90,4.98,false,1,
7290015037664,false,ברוקולי קפוא חסלט,יעל ירק עלים לשיווק בעמ,,,יח,6,יח,false,1,29.90,4.98,false,1,
7290015037693,false,לבבות חסה חלסלאט אוצר הארץ,"בכורי השדה צפון1994 ג.ד. בע""מ",,,יח,1,,false,1,12.90,12.90,false,1,
7290015037716,false,לקט עלים צעירים -מגשית א.הארץ,"בכורי השדה צפון1994 ג.ד. בע""מ",,,יח,1.40,ל 100 גרם,false,1,15.90,11.36,false,1,
7290015039246,false,נתחי טונה בשמן צמחי רביעיה * 160 ג' וילי פוד,ג.וילי-פוד אינטרנשיונל בעמ,,,יח,6.40,ל 100 גרם,false,1,21.90,3.42,true,1,
7290015039338,false,נתחי טונה במי מלח רביעיה * 160 ג' וילי פוד,ג.וילי-פוד אינטרנשיונל בעמ,,,יח,6.40,ל 100 גרם,false,1,21.90,3.42,false,1,
7290015129145,false,אטריות קונג'אק בתוספת טפיוקה בצורת ספגטי,הוויזאי וואנגייה פוד,,,יח,2.70,ל 100 גרם,false,1,10.90,4.04,false,1,
7290015129657,false,סקיני פסטה פנה אורגנ,נטורפוד בעמ,,,יח,10,"ל 100 מ""ל",false,1,12.90,1.29,false,1,
7290015129749,false,סקיני פסטה שיבולת שועל נודלס 270 גרם,הוויזאי וואנגייה,,,יח,2.70,ל 100 גרם,false,1,9.90,3.67,false,1,
7290015139250,false,"שוקולד מריר פצפוצי אורז כרמית 85 גרם לל""ס",כרמית תעשיות ממתקים בעמ,,,יח,85,ל 100 גרם,false,1,5.90,0.07,false,1,
7290015139267,false,שוקולד מריר עם שקדים ללא תוספת סוכר וסטהיים,כרמית תעשיות ממתקים בעמ,,,יח,85,ל 100 גרם,false,1,5.90,0.07,false,1,
7290015139465,false,כרמית מיקסים בייגלה מצופה שוקולד חלב,כרמית תעשיות ממתקים בעמ,,,יח,0.55,ל 100 גרם,false,1,3.90,7.09,true,1,
7290015139519,false,אגו מיקס קוביות וופל 55 גר',כרמית תעשיות ממתקים בעמ,,,יח,0.55,ל 100 גרם,false,1,3.90,7.09,true,1,
7290015139526,false,חופשי ופל בציפוי ומילוי שוקו ללא גלוטן כרמית 125 גרם,כרמית תעשיות ממתקים בעמ,,,יח,1.25,ל 100 גרם,false,1,9.90,7.92,false,1,
7290015139533,false,חופשי ופל לימון ללא ציפוי ללא גלוטן כרמית 200 גרם,כרמית תעשיות ממתקים בעמ,,,יח,2,ל 100 גרם,false,1,9.90,4.95,false,1,
7290015139571,false,חופשי ופל בארים בציפוי שוקולד 25 גר,כרמית תעשיות ממתקים בעמ,,,יח,0.25,ל 100 גרם,false,1,10.90,43.60,false,1,
7290015150088,false,מחית עגבניות קלה גרנד איטליה 700 גרם,תה ויסוצקי (ישראל) בעמ,,,יח,7,ל 100 גרם,false,1,12.90,1.84,true,1,
7290015150118,false,שלישיית עגבניות חתוכות דק גרנד איטליה 400 גרם,תה ויסוצקי (ישראל) בעמ,,,יח,3,למארז,false,1,16.90,5.63,false,1,
7290015150590,false,תה ירוק ג'ינג'ר חריף ויסוצקי 25 יחידות,תה ויסוצקי (ישראל) בעמ,,,יח,0.3750,ל 100 גרם,false,1,22.90,61.07,true,1,
7290015150903,false,תה ירוק קינמון ודבש ויסוצקי 25 יחידות,תה ויסוצקי (ישראל) בעמ,,,יח,0.25,ל 100 גרם,false,1,22.90,91.60,true,1,
7290015155823,false,מחית תפוחי עץ חטיפטף ללא תוספת סוכר,גורי מוצרי צריכה (1991) בעמ,,,יח,1.30,ל 100 גרם,false,1,5.90,4.54,true,1,
7290015155830,false,מחית תפוחי עץ ובננה חטיפטף ללא תוספת סוכר,גורי מוצרי צריכה (1991) בעמ,,,יח,1.30,ל 100 גרם,false,1,5.90,4.54,true,1,
7290015155847,false,מחית סלט פירות חטיפטף ללא תוספת סוכר,גורי מוצרי צריכה (1991) בעמ,,,יח,1.20,ל 100 גרם,false,1,5.90,4.92,true,1,
7290015156776,false,מחית פירות טרופיים חטיפטף ללא תוספת סוכר,גורי מוצרי צריכה (1991) בעמ,,,יח,0.12,ל 100 גרם,false,1,5.90,49.17,true,1,
7290015156790,false,מחית לפתן פירות חטיפטף ללא תוספת סוכר,גורי מוצרי צריכה (1991) בעמ,,,יח,0.12,ל 100 גרם,false,1,5.90,49.17,true,1,
7290015156813,false,פאוץ' מחית פירות מעורבים פרינוק 120 גרם,גורי מוצרי צריכה (1991) בעמ,,,יח,0.12,ל 100 גרם,false,1,5.90,49.17,true,1,
7290015161336,false,"רוטב סויה תמרי אורגני ללא גלוטן 250 מ""ל",י.איטליאנו אחזקות בעמ,,,יח,2.50,"ל 100 מ""ל",false,1,19.90,7.96,false,1,
7290015161466,false,"חומץ תפוחים 5% אורגני לא מסונן 750 מ""ל",י.איטליאנו אחזקות בעמ,,,יח,7.50,"ל 100 מ""ל",false,1,19.90,2.65,false,1,
7290015161541,false,קוואקר שיבולת שועל אינסטנט ללא גלוטן - 400 גרם,י.איטליאנו אחזקות בעמ,,,יח,4,"ל 100 מ""ל",false,1,19.90,4.98,false,1,
7290015161848,false,פת פריכה אורגנית ללא גלוטן - כוסמת וקינואה 100 גרם,י.איטליאנו אחזקות בעמ,,,יח,1,"ל 100 מ""ל",false,1,12.90,12.90,false,1,
7290015161862,false,פת פריכה אורגנית ללא גלוטן - ערמונים 100 גרם,י.איטליאנו אחזקות בעמ,,,יח,1,"ל 100 מ""ל",false,1,12.90,12.90,false,1,
7290015164856,false,רוטב קארי אדומה 400 גרם SUREE כשר,מזרח ומערב יבוא ושיווק,,,יח,4,"ל 100 מ""ל",false,1,18.90,4.73,false,1,
7290015194648,false,"שלווה חיטה תפוחה ומתוקה, 40 ג'",אשבול בעמ,,,יח,0.40,ל 100 גרם,false,1,2.90,7.25,false,1,
7290015229111,false,ביצים 30 L אומגה הגליל,מ.א.ן שיווק ביצים בעמ,,,יח,30,יח,false,1,38.90,1.30,false,1,
7290015282000,false,איקרא אדומה SEVEN SEAS 200 גרם,שבעת הימים - שמיר,,,יח,2,ל 100 גרם,false,1,14.90,7.45,false,1,
7290015282024,false,איקרא לבנה SEVEN SEAS 200 גרם,שבעת הימים - שמיר,,,יח,2,ל 100 גרם,false,1,14.90,7.45,false,1,
7290015282390,false,סלט תורכי 200 גרם שמיר,"סלטי שמיר 2006 בע""מ",,,יח,2,ל 100 גרם,false,1,9.90,4.95,true,1,
7290015282581,false,חומוס אבו גוש עם חריף שמיר 200 גרם,"סלטי שמיר 2006 בע""מ",,,יח,2,ל 100 גרם,false,1,9.90,4.95,true,1,
7290015282598,false,חומוס מסעדות גורמה שמיר 200 גרם,"סלטי שמיר 2006 בע""מ",,,יח,2,ל 100 גרם,false,1,9.90,4.95,true,1,
7290015282604,false,טחינה מיוחדת גורמה שמיר 200 גרם,"סלטי שמיר 2006 בע""מ",,,יח,2,ל 100 גרם,false,1,9.90,4.95,true,1,
7290015282628,false,חציל בטעם כבד גורמה שמיר 200 גרם,"סלטי שמיר 2006 בע""מ",,,יח,2,ל 100 גרם,false,1,9.90,4.95,true,1,
7290015282635,false,חומוס מסבחה גורמה שמיר 200 גרם,"סלטי שמיר 2006 בע""מ",,,יח,2,ל 100 גרם,false,1,9.90,4.95,true,1,
7290015282642,false,חומוס אבו גוש גורמה שמיר 200 גרם,"סלטי שמיר 2006 בע""מ",,,יח,2,ל 100 גרם,false,1,9.90,4.95,true,1,
7290015282673,false,חציל במיונז ביתי גורמה שמיר 200 גרם,"סלטי שמיר 2006 בע""מ",,,יח,2,ל 100 גרם,false,1,9.90,4.95,true,1,
7290015282680,false,קישוא בטעם כבד גורמה שמיר 200 גרם,"סלטי שמיר 2006 בע""מ",,,יח,2,ל 100 גרם,false,1,9.90,4.95,true,1,
7290015282697,false,כרוב אדום שמיר גורמה 200גר,"סלטי שמיר 2006 בע""מ",,,יח,2,ל 100 גרם,false,1,9.90,4.95,true,1,
7290015282710,false,קוביות סלק גורמה שמיר 200 גרם,"סלטי שמיר 2006 בע""מ",,,יח,2,ל 100 גרם,false,1,9.90,4.95,true,1,
7290015282727,false,גזר מרוקאי ברוטב פיקנטי אסלי שמיר 200 ג',"סלטי שמיר 2006 בע""מ",,,יח,2,ל 100 גרם,false,1,9.90,4.95,true,1,
7290015282734,false,מטבוחה ביתית גורמה שמיר 200 גרם,"סלטי שמיר 2006 בע""מ",,,יח,2,ל 100 גרם,false,1,9.90,4.95,true,1,
7290015282741,false,חציל תאילנדי אסלי שמיר 200 ג',"סלטי שמיר 2006 בע""מ",,,יח,2,ל 100 גרם,false,1,9.90,4.95,true,1,
7290015282796,false,"סלט תפו""א שמיר במיונז 200ג'","סלטי שמיר 2006 בע""מ",,,יח,2,ל 100 גרם,false,1,9.90,4.95,true,1,
7290015328029,false,מארז קרטוניה חנוכיה,לירון קרביץ יבוא שיווק וסחר,,,יח,1,,false,1,6.90,6.90,false,1,
7290015347273,false,נטיפי שוקולד לאפייה שוקולדמריר 250גר,מיה תעשיות מזון מ.ת.מ. בעמ,,,יח,2.50,"ל 100 מ""ל",false,1,7.90,3.16,false,1,
7290015347280,false,"מעדן תות 280 גרם בד""ץ",מיה תעשיות מזון מ.ת.מ בעמ,,,יח,2.80,ל 100 גרם,false,1,14.90,5.32,false,1,
7290015347297,false,"מעדן דובדבנים 280 גרם בד""ץ",מיה תעשיות מזון מ.ת.מ בעמ,,,יח,2.80,ל 100 גרם,false,1,14.90,5.32,false,1,
7290015347303,false,מעדן אוכמניות 280 גר`ללא גלוטן מיה,מיה תעשיות מזון מ.ת.מ. בעמ,,,יח,2.80,ל 100 גרם,false,1,14.90,5.32,false,1,
7290015347457,false,קינואה שחורה יבשה מיה 400 גר',מיה תעשיות מזון מ.ת.מ. בעמ,,,יח,4,ל 100 גרם,false,1,10.90,2.73,true,1,
7290015347488,false,"סוכר דמררה חום שקית מיה 1 ק""ג",מיה תעשיות מזון מ.ת.מ. בעמ,,,יח,10,יח,false,1,9.90,0.99,false,1,
7290015347525,false,צ'יפס בטטה עם שום ורוזמרין מיה 100 גרם,מיה תעשיות מזון מ.ת.מ. בעמ,,,יח,0.80,ל 100 גרם,false,1,7.90,9.88,true,1,
7290015347532,false,צ'יפס בטטה עם שמן זית ועשבי תיבול מיה 100 גרם,מיה תעשיות מזון מ.ת.מ. בעמ,,,יח,0.80,ל 100 גרם,false,1,7.90,9.88,true,1,
7290015348072,false,"למברוסקו אדום 750 מ""ל ""אמיליאנו""",טמפו משקאות בעמ,,,יח,1,,false,1,25.90,25.90,false,1,
7290015348096,false,"למברוסקו רוזה 750 מ""ל ""אמיליאנו""",טמפו משקאות בעמ,,,יח,1,,false,1,25.90,25.90,false,1,
7290015348423,false,מיץ ענבים סגל משפחות 1 ליטר,טמפו משקאות בעמ,,,יח,1,לליטר,false,1,12.90,12.90,false,1,
7290015366663,false,"משחת שיניים מנטה עדין אקווה פרש 100 מ""ל",גלקסוסמיתקליין,,,יח,1,ל 100 גרם,false,1,6.90,6.90,true,1,
7290015492188,false,תבניות ביצים לארג' 18 יח' L,מ.א.ן שיווק ביצים בעמ,,,יח,1,,false,1,18,18,false,1,
7290015573061,false,"מי פה סוגים שונים כשל""פ 120 מ""ל",חן המעיין בעמ,,,יח,1,,false,1,9.30,9.30,false,1,
7290015597210,false,מאגדת טילון קורנטו פרווה טבעוני-וויגן פרנדלי,"גלידת שטראוס בע""\מ, רחוב",,,יח,1,,false,1,36.90,36.90,false,1,
7290015603188,false,אטריות ביצים 454ג' (כ) (fu),פוגיאן לונגהי אנלידה אינ,,,יח,4,"ל 100 מ""ל",false,1,10.90,2.73,true,1,
7290015603195,false,איטריות בתוספת תרד 454 גרם,פוגיאן לונגהי אנלידה אינ,,,יח,4.54,ל 100 גרם,false,1,10.90,2.40,true,1,
7290015603201,false,אטריות מחיטה מלאה 454ג' (כ) (fu),קסמיאן קסינגשנג פודסטטפס,,,יח,4,"ל 100 מ""ל",false,1,10.90,2.73,true,1,
7290015603218,false,אטריות עם עגבניה מזרח מערב 454 גרם,מזרח ומערב יבוא ושיווק,,,יח,4.54,ל 100 גרם,false,1,10.90,2.40,true,1,
7290015603232,false,איטריות בתוספת דלעת 454 גרם,מזרח ומערב יבוא ושיווק,,,יח,4.54,ל 100 גרם,false,1,10.90,2.40,true,1,
7290015603522,false,"נוזל אגוזי קוקוס 5%-7% 400 מ""ל",מזרח ומערב יבוא ושיווק,,,יח,4,ל 100 גרם,false,1,7.90,1.98,true,1,
7290015644426,false,"לחם צרפתי חיטה מלאה ודגנים 600 גרם ""אנג'ל""",מאפיית שלמה א. אנג'\ל בע,,,יח,6,ל 100 גרם,false,1,17.90,2.98,false,1,
7290015644433,false,לחם מחמצת 100% שיפון קל אנג'ל 600 גרם,מאפיית שלמה א. אנג'\ל בע,,,יח,6.50,ל 100 גרם,false,1,18.90,2.91,false,1,
7290015699730,false,סבון דה מארסיי יעקבי 1.5 ליטר *חדש-,"יעקב יעקבי ובניו בע""מ",,,יח,1.50,לליטר,false,1,14.90,9.93,true,1,
7290015733120,false,מטרנה גולד שלב 1 תרכובת מזון על בסיס חלבי,קבוצת אוסם סחר שותפות מוגבלת,,,יח,7,ל 100 גרם,false,1,69.90,9.99,false,1,
7290015733205,false,תרכובת מזון לתינוקות חלבי שלב 1 אקסטרה קר מהדרין,קבוצת אוסם סחר שותפות מוגבלת,,,יח,7,ל 100 גרם,false,1,56.90,8.13,false,1,
7290015733229,false,תרכובת מזון לתינוקות חלבי שלב 2 אקסטרה קר מהדרין,קבוצת אוסם סחר שותפות מוגבלת,,,יח,7,ל 100 גרם,false,1,56.90,8.13,false,1,
7290015733243,false,מטרנה אקסטרה קייר מהדרין שלב 3 700 גרם,קבוצת אוסם סחר שותפות מוגבלת,,,יח,7,ל 100 גרם,false,1,56.90,8.13,false,1,
7290015733427,false,מטרנה דייסת גם וגם וניל פרו12*300ג 2019,קבוצת אוסם סחר שותפות מוגבלת,,,יח,3,ל 100 גרם,false,1,20.90,6.97,false,1,
7290015733441,false,מטרנה דייסת גם וגם דגנים פרו 300 גר`,קבוצת אוסם סחר שותפות מוגבלת,,,יח,3,ל 100 גרם,false,1,20.90,6.97,false,1,
7290015733465,false,דייסת מטרנה גם וגם קרנפלור פרו 300 גרם,קבוצת אוסם סחר שותפות מוגבלת,,,יח,3,ל 100 גרם,false,1,20.90,6.97,false,1,
7290015733939,false,"תרכובת מזון A.R על בסיס חלבי בתוספת עמילן תפו""א ותירס",קבוצת אוסם סחר שותפות מוגבלת,,,יח,7,ל 100 גרם,false,1,85,12.14,false,1,
7290015733977,false,תרכובת מזון קומפורט על בסיס חלבי דל לקטוז,קבוצת אוסם סחר שותפות מוגבלת,,,יח,7,ל 100 גרם,false,1,59.90,8.56,false,1,
7290015781015,false,יין אדום מלבק ויז`יון טפרברג (750 מל),יקב טפרברג 1870 בעמ (יינות ומש,,,יח,7.50,"ל 100 מ""ל",false,1,39.90,5.28,true,1,
7290015781091,false,"יין VISION קברנה סוביניון טפרברג 750 מ""ל",יקב טפרברג 1870 בעמ (יינות ומש,,,יח,7.50,"ל 100 מ""ל",false,1,39.90,5.28,true,1,
7290015781114,false,יין אדום אימפרשיין מרלו טפרברג (750 מל),יקב טפרברג 1870 בעמ (יינות ומש,,,יח,7.50,"ל 100 מ""ל",false,1,49.90,6.61,true,1,
7290015781121,false,"יין IMPRESSION קברנה סוביניון יבש טפרברג 750 מ""ל",יקב טפרברג 1870 בעמ (יינות ומש,,,יח,7.50,"ל 100 מ""ל",false,1,49.90,6.61,true,1,
7290015781138,false,"יין שרדונה 750 מ""ל IMPRESSION",יקב טפרברג 1870 בעמ (יינות ומש,,,יח,7.50,"ל 100 מ""ל",false,1,49.90,6.61,true,1,
7290015781169,false,"יין IMPRESSION קברנה סוביניון חצי יבש טפרברג 750 מ""ל",יקב טפרברג 1870 בעמ (יינות ומש,,,יח,7.50,"ל 100 מ""ל",false,1,49.90,6.61,true,1,
7290015781282,false,"יין IMPRESSION גוורצטרמינר טפרברג 750 מ""ל",יקב טפרברג 1870 בעמ (יינות ומש,,,יח,7.50,"ל 100 מ""ל",false,1,49.90,6.61,true,1,
7290015781305,false,יין אדום אימפרשיין סירה טפרברג (750 מל),יקב טפרברג 1870 בעמ (יינות ומש,,,יח,7.50,"ל 100 מ""ל",false,1,49.90,6.61,true,1,
7290015781664,false,אלגרו למברוסקו לבן 750 מל טפרברג,יקב טפרברג 1870 בעמ (יינות ומש,,,יח,7.50,"ל 100 מ""ל",false,1,34.60,4.61,true,1,
7290015801812,false,פקיילה 200 גר עוזי,עוזי טעמים של בית,,,יח,2,ל 100 גרם,false,1,46.90,23.45,false,1,
7290015801836,false,אריסה חריפה 1 קג עוזי,עוזי טעמים של בית,,,יח,10,ל 100 גרם,false,1,28.90,2.89,false,1,
7290015801850,false,שום כתוש 1 קג עוזי,עוזי טעמים של בית,,,יח,10,ל 100 גרם,false,1,28.90,2.89,false,1,
7290015801881,false,ממרח לימון 1 קג עוזי,עוזי טעמים של בית,,,יח,10,ל 100 גרם,false,1,28.90,2.89,false,1,
7290015856508,false,קרקר חטיפית שומשום 180 גרם הדר*,ח.כהן סוכנות מזון ומשקאות בע,,,יח,1.80,ל 100 גרם,false,1,3.90,2.17,false,1,
7290015856812,false,הבסקוויט של הקרמבו וניל הדר 200 גרם,ח.כהן סוכנות מזון ומשקאות בע,,,יח,2,ל 100 גרם,false,1,4.50,2.25,false,1,
7290015856829,false,הביסקוויט של הקרמבו שוקו הדר 200 גר',ח.כהן סוכנות מזון ומשקאות בע,,,יח,2,ל 100 גרם,false,1,4.50,2.25,false,1,
7290015856935,false,ביסקויט אקסטרא גליל טעם חמאה 400 גרם,ח.כהן סוכנות מזון ומשקאות בע,,,יח,5,ל 100 גרם,false,1,5.90,1.18,false,1,
7290015858106,false,"ממרח פסטו ביתי 180 גרם ""עללחם""",שטראוס גרופ בעמ/מצונן,,,יח,1.80,ל 100 גרם,false,1,15.90,8.83,false,1,
7290015858144,false,ממרח ארטישוק עללחם 180 גרם,שטראוס גרופ בעמ/מצונן,,,יח,1.80,ל 100 גרם,false,1,15.90,8.83,false,1,
7290015858151,false,ממרח שום 180 גרם עללחם בית יוסף,שטראוס גרופ בעמ/מצונן,,,יח,1.80,ל 100 גרם,false,1,15.90,8.83,false,1,
7290015858175,false,ממרח פלפלים קלויים עללחם 180 גרם,שטראוס גרופ בעמ/מצונן,,,יח,1.80,ל 100 גרם,false,1,15.90,8.83,false,1,
7290015858212,false,ממרח לימון כבוש עללחם 180 גרם,שטראוס גרופ בעמ/מצונן,,,יח,1.80,ל 100 גרם,false,1,17.90,9.94,false,1,
7290015858229,false,"טפנד זיתי קלמטה 180 גרם ""עללחם""",שטראוס גרופ בעמ/מצונן,,,יח,1.80,ל 100 גרם,false,1,15.90,8.83,false,1,
7290015858243,false,ממרח צימיצורי עללחם 180 גרם,שטראוס גרופ בעמ/מצונן,,,יח,1.80,ל 100 גרם,false,1,17.90,9.94,false,1,
7290015858328,false,עללחם ממרח איולי פסטו 295 גרם,"מדשא תעשיות מזון בע""\מ",,,יח,2.95,"ל 100 מ""ל",false,1,15.90,5.39,true,1,
7290015858441,false,עללחם ממרח איולי פלפלים 295 גרם,"מדשא תעשיות מזון בע""\מ",,,יח,2.95,"ל 100 מ""ל",false,1,15.90,5.39,true,1,
7290015858687,false,עללחם ממרח איולי שום 295 גרם,"מדשא תעשיות מזון בע""\מ",,,יח,2.95,"ל 100 מ""ל",false,1,15.90,5.39,true,1,
7290015858694,false,עללחם ממרח איולי שום לימון 295 גרם,"מדשא תעשיות מזון בע""\מ",,,יח,2.95,"ל 100 מ""ל",false,1,15.90,5.39,true,1,
7290015951890,false,"יין הר חרמון קברנה סוביניון 750 מ""ל.",היכל היין שקד גולן בעמ,,,יח,7.50,"ל 100 מ""ל",false,1,31.90,4.21,true,1,
7290015996754,false,סוכרזית סטיוויה 300 טבליות,אף.סי תבליני בגליל ב,,,יח,1,ל 100 גרם,false,1,33.90,33.90,false,1,
7290016006292,false,נקטר מנגו בננה מלון קרטונית 1 ל' ספרינג,יפאורה שותפות מוגבלת לשיווק,,,יח,10,"ל 100 מ""ל",false,1,7,0.70,true,1,
7290016006339,false,מים מינרלים מי עדן (1x4 ליטר),יפאורה שותפות מוגבלת לשיווק,,,יח,4,"ל 100 מ""ל",false,1,10.90,2.43,false,1,
7290016006346,false,שוופס סודה 0.5 ליטר מארז שישייה,יפאורה שותפות מוגבלת לשיווק,,,יח,3,"ל 100 מ""ל",false,1,14.90,4.37,false,1,
7290016035025,false,לחם פשתן 450 גרם (טרי) דל פחמימות,נאמן לאורך זמן בעמ,,,יח,3,ל 100 גרם,false,1,24.90,8.30,false,1,
7290016087499,false,פריניר עגבניות חתוכות דק שלישיה 3 * 400 גרם,ח.כהן סוכנות מזון ומשקאות בע,,,יח,1,,false,1,11.90,11.90,false,1,
7290016096491,false,נתחי טונה בהירה בשמן צמחי שלישיה *80ג' פילטונה,תעשיות פיל טונה בעמ,,,יח,1.60,ל 100 גרם,false,1,10.90,6.81,false,1,
7290016096934,false,מארז זוגות סלט טונה 2*160 ג' פילטונה,תעשיות פיל טונה בעמ,,,יח,2,למארז,false,1,10.90,5.45,false,1,
7290016104271,false,ריבת חלב בצנצנת 20% חלב,לירון קרביץ יבוא שיווק וסחר,,,יח,3.40,ל 100 גרם,false,1,12.90,3.79,false,1,
7290016104868,false,סירופ מייפל פוליבה 700 גר',לירון קרביץ יבוא שיווק וסחר,,,יח,7,ל 100 גרם,false,1,12.90,1.84,false,1,
7290016104875,false,סירופ שוקולד פוליבה 700ג',לירון קרביץ יבוא שיווק וסחר,,,יח,7,ל 100 גרם,false,1,12.90,1.84,false,1,
7290016144000,false,"קמח חיטה מלאה נפלאות 80% 1 ק""ג",תה ויסוצקי (ישראל)בעמ,,,יח,10,ל 100 גרם,false,1,8.90,0.89,true,1,
7290016144017,false,"קמח מלא נפלאות 100% ללא ניפוי 1 ק""ג",תה ויסוצקי (ישראל)בעמ,,,יח,10,ל 100 גרם,false,1,8.90,0.89,true,1,
7290016144024,false,"קמח כוסמין מלא נפלאות 100% 1 ק""ג",תה ויסוצקי (ישראל)בעמ,,,יח,10,ל 100 גרם,false,1,14.90,1.49,false,1,
7290016144031,false,"נפלאות קמח חיטה לבן מנופה 1 ק""ג",תה ויסוצקי (ישראל)בעמ,,,יח,10,ל 100 גרם,false,1,6.90,0.69,false,1,
7290016144048,false,"קמח כוסמין לבן נפלאות 1 ק""ג",תה ויסוצקי (ישראל)בעמ,,,יח,10,ל 100 גרם,false,1,16.90,1.69,true,1,
7290016144055,false,קמח כוסמין 80% קמח נפלאות 1 קג,תה ויסוצקי (ישראל)בעמ,,,יח,10,ל 100 גרם,false,1,14.90,1.49,false,1,
7290016144062,false,"קמח שיפון מלא נפלאות, 1 ק""ג",תה ויסוצקי (ישראל)בעמ,,,יח,10,ל 100 גרם,false,1,8.90,0.89,false,1,
7290016144079,false,"קמח חיטה כפרי נפלאות 1 ק""ג",תה ויסוצקי (ישראל)בעמ,,,יח,10,ל 100 גרם,false,1,8.90,0.89,false,1,
7290016144086,false,נפלאות קמח חלה מנופה 1 ק”ג,תה ויסוצקי (ישראל)בעמ,,,יח,10,ל 100 גרם,false,1,7.90,0.79,false,1,
7290016144093,false,נפלאות קמח לחם לבן מנופה 1 ק”ג,תה ויסוצקי (ישראל)בעמ,,,יח,10,ל 100 גרם,false,1,7.90,0.79,false,1,
7290016144109,false,קמח פיצה מנופה נפלאות 1קג,תה ויסוצקי (ישראל)בעמ,,,יח,10,ל 100 גרם,false,1,15.90,1.59,false,1,
7290016144116,false,"קמח תופח נפלאות, 1 ק""ג",תה ויסוצקי (ישראל)בעמ,,,יח,10,ל 100 גרם,false,1,8.90,0.89,true,1,
7290016197488,false,מטליות מיקרופייבר למשטחים ניקול 3יח',קימברלי קלארק ישראל שיווק בעמ,,,יח,1,,false,1,10.90,10.90,false,1,
7290016197495,false,ניקול זוג מטליות הקסם מיקרופייבר לרצפה,קימברלי קלארק ישראל שיווק בעמ,,,יח,1,,false,1,21.90,21.90,false,1,
7290016197600,false,דיפנד - תחבושת לנשים נורמל 12 יח',קימברלי קלארק ישראל שיווק בעמ,,,יח,1,,false,1,18.90,18.90,false,1,
7290016197617,false,תחבושת לנשים אקסטרה דיפנד 10 יחידות,קימברלי קלארק ישראל שיווק בעמ,,,יח,1,,false,1,18.90,18.90,false,1,
7290016197839,false,ניקול השקית החזקה 20 יח' XL,קימברלי קלארק ישראל שיווק בעמ,,,יח,1,,false,1,23.90,23.90,false,1,
7290016217735,false,חציל על האש 200גרם גורמה,"סלטי שמיר 2006 בע""מ",,,יח,2,ל 100 גרם,false,1,9.90,4.95,true,1,
7290016217742,false,חציל בטחינה 200גרם גורמה,"סלטי שמיר 2006 בע""מ",,,יח,2,ל 100 גרם,false,1,9.90,4.95,true,1,
7290016217759,false,חציל מרוקאי 200גרם גורמה,"סלטי שמיר 2006 בע""מ",,,יח,2,ל 100 גרם,false,1,9.90,4.95,true,1,
7290016217971,false,נסיכת הנילוס מעושנת חדש 100 גרם,שבעת הימים - שמיר,,,יח,1,ל 100 גרם,false,1,24.90,24.90,false,1,
7290016245929,false,לחם טחינה עשיר בחלבון 450 ג' ביכורים,נאמן לאורך זמן בעמ,,,יח,4.50,ל 100 גרם,false,1,24.90,5.53,false,1,
7290016246018,false,חטיף מיקס פינוקיות חלבה בארכה 20ג*9,קבוצת אוסם סחר שותפות מוגבלת,,,יח,2,ל 100 גרם,false,1,12.90,6.45,false,1,
7290016246025,false,בארכה מיקס פינוקיות חלווה ללא סוכר 10*20ג,קבוצת אוסם סחר שותפות מוגבלת,,,יח,2,ל 100 גרם,false,1,12.90,6.45,false,1,
7290016246209,false,"חטיף חלבה וניל 100 גרם ""בארכה""",קבוצת אוסם סחר שותפות מוגבלת,,,יח,1,ל 100 גרם,false,1,3.90,3.90,false,1,
7290016246308,false,בארכה בקטנה חטיף חלבה וניל קוקוס 18 גרם 7 יחידות,קבוצת אוסם סחר שותפות מוגבלת,,,יח,1.20,ל 100 גרם,false,1,10.90,9.08,false,1,
7290016246711,false,טחינה גולמית מעודנת הריסה בארכה 310 גרם,קבוצת אוסם סחר שותפות מוגבלת,,,יח,0.31,ל 100 גרם,false,1,11.90,38.39,false,1,
7290016246773,false,בארכה טחינה מתובלת גולמית מעודנת משומשום מלא זעתר 310 גרם,קבוצת אוסם סחר שותפות מוגבלת,,,יח,0.31,ל 100 גרם,false,1,11.90,38.39,false,1,
7290016319118,false,מגע הדבש שעווה מתקלפת לפנים 100 גרם,המאפיה של הרמן,,,יח,0.80,ל 100 גרם,false,1,30.90,38.63,false,1,
7290016319309,false,סבון נוזלי מאסק קלאסי+משאבה פמלי 1 ל,הנסיך- מפעל לייצור ט,,,יח,1,לליטר,false,1,10.90,10.90,true,1,
7290016321661,false,פרש וואנס SENSITIVE מגבונים ללא בישום רביעייה 72 יחידות,עלבד משואות יצחק,,,יח,4,למארז,false,1,15.90,3.98,true,1,
7290016321883,false,פרשוואנס נייר טואלט מתכלה לילדים -מארז שלישייה,עלבד משואות יצחק בעמ,,,יח,4,למארז,false,1,12.90,3.23,false,1,
7290016321890,false,פרשוואנס נייר טואלט מתכלה למבוגרים -מארז שלישייה,עלבד משואות יצחק בעמ,,,יח,4,למארז,false,1,12.90,3.23,false,1,
7290016329674,false,קמיל בלו קרם פנים לתינוק לעור יבש במיוחד,"פישר תעשיות פרמצביטות בע""מ",,,יח,0.75,"ל 100 מ""ל",false,1,22.90,30.53,true,1,
7290016334036,false,עירית רמי לוי,ביכורי השדה צפון 1994 ג.ד. בעמ,,,יח,1,,false,1,3.90,3.90,false,1,
7290016334050,false,סלרי חתוך.,ביכורי השדה צפון 1994 ג.ד. בעמ,,,יח,1,,false,1,5.90,5.90,false,1,
7290016334166,false,לוף רגיל ארוז ליח,ביכורי השדה צפון 1994 ג.ד. בעמ,,,יח,1,,false,1,7.90,7.90,false,1,
7290016334173,false,פלפל טינקרבל שמיטה,ביכורי השדה צפון 1994 ג.ד. בעמ,,,יח,1,,false,1,8.90,8.90,false,1,
7290016334180,false,מלפפון בייבי רמי לוי,ביכורי השדה צפון 1994 ג.ד. בעמ,,,יח,1,,false,1,8.90,8.90,false,1,
7290016334296,false,ברוקולי ארוז יחידה שמיטה,ביכורי השדה צפון 1994 ג.ד. בעמ,,,יח,1,,false,1,13.90,13.90,false,1,
7290016334296,false,ברוקולי ארוז יחידה שמיטה,ביכורי השדה צפון 1994 ג.ד. בעמ,,,יח,1,,false,1,14.90,14.90,false,1,
7290016334388,false,פלפל צ'ילי רמי לוי,ביכורי השדה צפון 1994 ג.ד. בעמ,,,יח,1,,false,1,7.90,7.90,false,1,
7290016334395,false,שיבה רמי לוי,ביכורי השדה צפון 1994 ג.ד. בעמ,,,יח,1,,false,1,6.90,6.90,false,1,
7290016334432,false,שורש פטרוזיליה,ביכורי השדה צפון 1994 ג.ד. בעמ,,,יח,1,,false,1,5.90,5.90,false,1,
7290016334456,false,בזיליקום רמי לוי,ביכורי השדה צפון 1994 ג.ד. בעמ,,,יח,1,,false,1,3.90,3.90,false,1,
7290016334463,false,ראש סלרי,ביכורי השדה צפון 1994 ג.ד. בעמ,,,יח,1,,false,1,5.90,5.90,false,1,
7290016334494,false,חסה ערבית,ביכורי השדה צפון 1994 ג.ד. בעמ,,,יח,1,,false,1,4.90,4.90,false,1,
7290016334500,false,לבבות חסה זוגות בשקי,ביכורי השדה צפון 1994 ג.ד. בעמ,,,יח,1,,false,1,9.90,9.90,false,1,
7290016334500,false,לבבות חסה זוגות בשקי,ביכורי השדה צפון 1994 ג.ד. בעמ,,,יח,1,,false,1,8.90,8.90,false,1,
7290016334616,false,בצל ירוק רבנות,ביכורי השדה צפון 1994 ג.ד. בעמ,,,יח,1,,false,1,5.90,5.90,false,1,
7290016334623,false,סלרי אמריקאי,ביכורי השדה צפון 1994 ג.ד. בעמ,,,יח,1,,false,1,5.90,5.90,false,1,
7290016334647,false,מנגולד-סלק עלים ארוז,ביכורי השדה צפון 1994 ג.ד. בעמ,,,יח,1,,false,1,6.90,6.90,false,1,
7290016334654,false,תרד ניו זילנדי רמי לוי,ביכורי השדה צפון 1994 ג.ד. בעמ,,,יח,1,,false,1,13.90,13.90,false,1,
7290016334814,false,חסה סלנובה רמי לוי,ביכורי השדה צפון 1994 ג.ד. בעמ,,,יח,1,,false,1,9.90,9.90,false,1,
7290016334890,false,עגבניות שרי ליקופן,ביכורי השדה צפון 1994 ג.ד. בעמ,,,יח,1,,false,1,9.90,9.90,false,1,
7290016334975,false,אספרגוס רמי לוי,ביכורי השדה צפון 1994 ג.ד. בעמ,,,יח,1,,false,1,24.90,24.90,false,1,
7290016370270,false,זית קלמטה מגולען 560 ג' -יבנה,"קבוצת יבנה מוצרי מזון בע""מ",,,יח,5.60,ל 100 גרם,false,1,11.90,2.13,false,1,
7290016370317,false,זית קלמטה ללא גלעין 560 גרם צנצנת יבנה,קבוצת יבנה מוצרי מזון בעמ,,,יח,5.60,ל 100 גרם,false,1,13.90,2.48,false,1,
7290016370959,false,חציל קלוי (פירה) בצנצנת קבוצת יבנה 530 גרם,"קבוצת יבנה מוצרי מזון בע""מ",,,יח,5.80,ל 100 גרם,false,1,10.90,1.88,false,1,
7290016370973,false,פלפל קלוי (גמביה) בצנצנת קבוצת יבנה 390 גרם,"קבוצת יבנה מוצרי מזון בע""מ",,,יח,5.80,ל 100 גרם,false,1,10.90,1.88,false,1,
7290016372342,false,עגבניות חתוך קוביות גראנד איטליה מארז 400X3ג',תה ויסוצקי (ישראל) בעמ,,,יח,1.20,ל 100 גרם,false,1,16.90,14.08,false,1,
7290016372373,false,רסק עגבניות ללא תוספת סוכר ומלח - מארז זוג,תה ויסוצקי (ישראל) בעמ,,,יח,2.70,ל 100 גרם,false,1,6.90,2.56,false,1,
7290016372489,false,ויסוצקי חליטת ג'ינג'ר ולימון סודות הצמחים 25 שקיקים,תה ויסוצקי (ישראל) בעמ,,,יח,6,ל 100 גרם,false,1,17.90,2.98,false,1,
7290016372496,false,חליטת פירות וצמחים בטעם ג'ינג'ר ודבש -אפקט הג'ינג'ר,תה ויסוצקי (ישראל) בעמ,,,יח,6,ל 100 גרם,false,1,17.90,2.98,false,1,
7290016372922,false,תה ירוק בטעם קינמון גינגיר וכורכום עם מאצה יפנית,תה ויסוצקי (ישראל)בעמ,,,יח,0.3750,ל 100 גרם,false,1,22.90,61.07,true,1,
7290016400038,false,תבניות ארוז 210 R99 חמישייה שווה,ח.כהן סוכנות מזון ומשקאות בע,,,יח,1,יח,false,1,10.90,10.90,true,1,
7290016400205,false,צלחות גדולה צבעוני 100 יחידות יצרןמותג: חכהן,ווינפאק סחר בעמ,,,יח,1,יח,false,12,34.90,34.90,true,1,
7290016400243,false,מפיות נייר תלת שכבתי מעוטרות 20יח שווה,ח.כהן סוכנות מזון ומשקאות בע,,,יח,20,יח,false,12,5.90,0.30,true,1,
7290016400250,false,"שיפודי מזלגונים 9 ס""מ 50 יח` שווה*",ח.כהן סוכנות מזון ומשקאות בע,,,יח,1,למארז,false,1,2.90,2.90,false,1,
7290016400267,false,"שיפודי יקיטורי 17ס""מ 50 יח שווה*",ח.כהן סוכנות מזון ומשקאות בע,,,יח,1,למארז,false,1,4.90,4.90,false,1,
7290016400298,false,"שיפודים עבים 30 ס""מ 50 יח` שווה*",ח.כהן סוכנות מזון ומשקאות בע,,,יח,1,למארז,false,1,3.90,3.90,false,1,
7290016400304,false,"שיפודים ענקיים 40ס""מ 25 יח`שווה*",ח.כהן סוכנות מזון ומשקאות בע,,,יח,1,למארז,false,1,6.50,6.50,false,1,
7290016400649,false,רשת צלייה X6 (גדולה) שווה*,ח.כהן סוכנות מזון ומשקאות בע,,,יח,1,יח,false,1,14.90,14.90,false,1,
7290016400663,false,מלקחיים איכותיים לסלט שווה*,צג`י פרפקט שירותי יבוא בעמ,,,יח,1,,false,1,5.30,5.30,false,1,
7290016400717,false,סט 3 חלקים איכותי למנגל שווה*,ח.כהן סוכנות מזון ומשקאות בע,,,יח,1,יח,false,1,29.90,29.90,false,1,
7290016400731,false,מנגל פח+ רשת 23/38 שווה (12 בקרטון)*,ווינפאק סחר בעמ,,,יח,1,,false,1,29.90,29.90,false,1,
7290016400762,false,מנגל נירוסטה ארוך שווה (4 בקרטון) *,GG.M ENTERPRISE,,,יח,1,יח,false,1,79.90,79.90,false,1,
7290016400977,false,מפת פלאנל עם ראנר אטומה לנוזלים שווה,ח.כהן סוכנות מזון ומשקאות בע,,,יח,1,יח,false,1,6.90,6.90,true,1,
7290016401158,false,נודלס 200ג דקות שווה*,ח.כהן סוכנות מזון ומשקאות בע,,,יח,1,יח,false,1,4.90,4.90,true,1,
7290016401165,false,נודלס 200ג רחבות שווה*,ח.כהן סוכנות מזון ומשקאות בע,,,יח,1,יח,false,1,4.90,4.90,true,1,
7290016401172,false,נודלס 400ג דקות שווה*,ח.כהן סוכנות מזון ומשקאות בע,,,יח,1,יח,false,1,6.90,6.90,true,1,
7290016401196,false,"שמן קוקוס אורגני 500 מ""ל שווה*",ח.כהן סוכנות מזון ומשקאות בע,,,יח,5,"ל 100 מ""ל",false,1,32.90,6.58,false,1,
7290016401615,false,מקל עץ הברגה 1.5 שווה*,ווינפאק סחר בעמ,,,יח,1,יח,false,30,5.90,5.90,false,1,
7290016401776,false,כוסות נייר 8B שרוול שקוף חדש*,ח.כהן סוכנות מזון ומשקאות בע,,,יח,50,יח,false,20,8.90,0.18,true,1,
7290016401806,false,תבניות לחלה עבות במיוחד *4 שווה*,ח.כהן סוכנות מזון ומשקאות בע,,,יח,1,יח,false,1,8.90,8.90,true,1,
7290016401820,false,תבניות רוסטר עבות במיוחד *4 שווה*,ח.כהן סוכנות מזון ומשקאות בע,,,יח,1,יח,false,1,8.90,8.90,true,1,
7290016401844,false,תבניות רוסטר גדול עבות במיוחד *2 שווה,ח.כהן סוכנות מזון ומשקאות בע,,,יח,1,יח,false,1,8.90,8.90,true,1,
7290016401851,false,תבניות אובן עבות במיוחד 4* שווה,ח.כהן סוכנות מזון ומשקאות בע,,,יח,1,יח,false,1,8.90,8.90,true,1,
7290016401875,false,תבניות רוסטר בינוני עבות במיוחד *3שווה,ח.כהן סוכנות מזון ומשקאות בע,,,יח,1,יח,false,1,8.90,8.90,true,1,
7290016408140,false,טריליני כעכים רוטב פיצה כרמית 225 גרם,כרמית תעשיות ממתקים בעמ,,,יח,2.25,ל 100 גרם,false,1,6.90,3.07,false,1,
7290016408416,false,חטיף קרקר עם צ'ילי פיקנטי 130 גר,כרמית תעשיות ממתקים בעמ,,,יח,1.30,"ל 100 מ""ל",false,1,6.90,5.31,false,1,
7290016408430,false,קרקר עם תערובת תבלינים כרמית 130 גרם,כרמית תעשיות ממתקים בעמ,,,יח,1.30,"ל 100 מ""ל",false,1,6.90,5.31,false,1,
7290016408980,false,"מטבעות שוקולד חלב 36 ג' כשל""פ בד""ץ!",כרמית תעשיות ממתקים בעמ,,,יח,0.36,ל 100 גרם,false,1,2.90,8.06,false,1,
7290016437645,false,חיתולי האגיס פרידום דריי pants מידה 5 34 יחידות,קימברלי קלארק ישראל שיווק בעמ,,,יח,1,,false,1,48.90,48.90,true,1,
7290016437652,false,חיתולי האגיס פרידום דריי pants מידה 6 30 יחידות,קימברלי קלארק ישראל שיווק בעמ,,,יח,1,,false,1,48.90,48.90,true,1,
7290016489439,false,שקיות אשפה 100 יח`,טכנו שק בעמ,,,יח,1,למארז,false,1,9.90,9.90,false,1,
7290016496154,false,חנוכיית פח לילדים-שלהבת,אשוש חצב בעמ,,,יח,1,,false,1,6.50,6.50,false,1,
7290016509786,false,פרסיל גל לכביסה לבנה וצבעונית-ירוק 2.5 ל,גורי שיווק בעמ,,,יח,0.25,"ל 100 מ""ל",false,1,34.90,139.60,true,1,
7290016509809,false,ג'ל מרוכז לכביסה קולור 2.5 ל' פרסיל,גורי שיווק בעמ,,,יח,0.25,"ל 100 מ""ל",false,1,34.90,139.60,true,1,
7290016509823,false,ג'ל לכביסה לבנה וצבעונית בניחוח רענן,גורי שיווק בעמ,,,יח,0.25,"ל 100 מ""ל",false,1,34.90,139.60,true,1,
7290016509830,false,ג'ל כביסה לבגדי תינוקות ובעלי עור רגיש Sensitive,גורי שיווק בעמ,,,יח,0.25,"ל 100 מ""ל",false,1,34.90,139.60,true,1,
7290016523447,false,אטריות ביצים 300 ג' (כ) (fu),מזרח ומערב יבוא ושיווק,,,יח,3,ל 100 גרם,false,1,7.90,2.63,false,1,
7290016564006,false,מבריקל הפלא ספוגיות להסרת כתמים קשים ושומנים 3יח,ח.כהן סוכנות מזון ומשקאות בע,,,יח,1,יח,false,1,9.90,9.90,false,1,
7290016564266,false,מבריקל הפלא כיסוי הפלא 3,ח.כהן סוכנות מזון ומשקאות בע,,,יח,1,יח,false,1,9.90,9.90,false,1,
7290016638240,false,תחתון מקסי,ליאור יבוא ושיווק מוצרי הלבשה,,,יח,1,,false,1,24.90,24.90,false,1,
7290016667066,false,סוכריות לקישוט עוגות 90 גר`,נאמן לאורך זמן בעמ,,,יח,0.90,ל 100 גרם,false,1,5.90,6.56,false,1,
7290016667080,false,חטיף ציפס טורטיה ברביקיו 250 גרם,נאמן לאורך זמן בעמ,,,יח,2.50,ל 100 גרם,false,1,8.90,3.56,false,1,
7290016667097,false,חטיף ציפס טורטיה מלוח 250 גרם,נאמן לאורך זמן בעמ,,,יח,2.50,ל 100 גרם,false,1,8.90,3.56,false,1,
7290016667165,false,חרדל דוז`יון גרגרים צנצנת 350גר,נאמן לאורך זמן בעמ,,,יח,3.50,ל 100 גרם,false,1,9.90,2.83,false,1,
7290016682038,false,"מיץ תפוזים 400 מ""ל ""פריניב""",תנובה - פריניב,,,יח,4,"ל 100 מ""ל",false,1,7.90,1.90,true,1,
7290016682182,false,פריניב שייק תמר בננה מופחת סוכר 1 ליטר,תנובה - פריניב,,,יח,1,לליטר,false,1,16.60,16.60,true,1,
7290016682199,false,פריניב שייק תות בננה מופחת סוכר 1 ליטר,הנסיך- מפעל לייצור ט,,,יח,1,לליטר,false,1,16.60,16.60,true,1,
7290016682335,false,מיץ תפוזים סחוט 2 ליטר פרי ניב,תנובה - פריניב,,,יח,2,לליטר,false,1,25.90,12.80,true,1,
7290016682347,false,מיץ תפוזים ולנסיה 2 ליטר,פריניב תנובה,,,יח,2,לליטר,false,1,25.90,12.80,true,1,
7290016682359,false,מיץ תפוזים שמוטי פרי ניב 2 ליטר-,תנובה - פריניב,,,יח,2,לליטר,false,1,25.90,12.80,true,1,
7290016682366,false,פריניב מיץ תפוחים צלול 2 ליטר.,תנובה - פריניב,,,יח,2,לליטר,false,1,19.90,9.80,false,1,
7290016682397,false,מיץ חמוציות פרי ניב 2 ליטר-,תנובה - פריניב,,,יח,2,לליטר,false,1,25.90,12.80,true,1,
7290016682441,false,100% מיץ תפוזים מיוצר מרכז טבעי,תנובה - פריניב,,,יח,1,לליטר,false,1,12.90,12.90,false,1,
7290016717631,false,יין מוסקטו בעל חוזק אלכוהול נמוך פרייבט קולקשן,אגודת הכורמים הקואופרטיב,,,יח,7.50,"ל 100 מ""ל",false,1,39.90,5.28,true,1,
7290016717754,false,יין היובל ישן נושן יקבי כרמל (750 מל),אגודת הכורמים הקואופרטיב,,,יח,7.50,"ל 100 מ""ל",false,1,18.90,2.48,false,1,
7290016717976,false,יין ספארקלינג בטעם אפרסק 750 מל BUZZ,אגודת הכורמים -כרמל מזרחי,,,יח,7.50,"ל 100 מ""ל",false,1,27.90,3.68,true,1,
7290016809008,false,מלפפון בייבי זהב,"בכורי השדה צפון1994 ג.ד. בע""מ",,,יח,1,,false,1,10.90,10.90,false,1,
7290016865943,false,אטריות ביצים פטוציני אוריינט 400 גרם,גורי מוצרי צריכה 1991 בעמ,,,יח,4,ל 100 גרם,false,1,13.90,3.48,true,1,
7290016866643,false,פרודונטקס מ.שיניים אקסטרה פרש 75 מל,פרודונטקס Parodontax,,,יח,0.75,"ל 100 מ""ל",false,1,30.90,41.20,true,1,
7290016866650,false,"פרודונטקס - משחת שיניים אוריג'ינל 75 מ""ל",פרודונטקס Parodontax,,,יח,0.75,"ל 100 מ""ל",false,1,30.90,41.20,true,1,
7290016866667,false,"פרודונטקס - משחת שיניים ללא פלאוריד 75 מ""ל",פרודונטקס Parodontax,,,יח,0.75,"ל 100 מ""ל",false,1,30.90,41.20,true,1,
7290016866674,false,"פרודונטקס - משחת שיניים מלבינה 75 מ""ל",פרודונטקס Parodontax,,,יח,0.75,"ל 100 מ""ל",false,1,30.90,41.20,true,1,
7290016867008,false,"לחם כוסמין מחמצת ד""ר מרק",המאפה של דר מרק בריאות באפייה,,,יח,7,ל 100 גרם,false,1,17.90,2.56,false,1,
7290016867077,false,"לחמניות כוסמין מלא בתוספת סיבים 300 גרם ד""ר מרק",המאפה של דר מרק בריאות באפייה,,,יח,3,ל 100 גרם,false,1,15.90,5.30,false,1,
7290016867084,false,לחם כוסמין מלא בתוספת סיבים פרה ביוטיים 450 גרם,המאפה של דר מרק בריאות באפייה,,,יח,4.50,ל 100 גרם,false,1,18.90,4.20,false,1,
7290016867091,false,פיתות כוסמין מלא בתוספת סיבים פרה ביוטיים 300 גרם,המאפה של דר מרק בריאות באפייה,,,יח,3,ל 100 גרם,false,1,15.90,5.30,false,1,
7290016867114,false,לחם קל מכוסמין מלא 500 גר`דר מרק,המאפה של דר מרק בריאות באפייה,,,יח,7,ל 100 גרם,false,1,17.90,2.56,false,1,
7290016867138,false,"מארז לחמניות קלות כוסמין 5 יחידות ד""ר מרק",המאפה של דר מרק בריאות באפייה,,,יח,3.30,ל 100 גרם,false,1,11.90,3.61,false,1,
7290016867152,false,"מארז פיתות קלות כוסמין 5 יחידות ד""ר מרק",המאפה של דר מרק בריאות באפייה,,,יח,2.92,ל 100 גרם,false,1,13.90,4.76,false,1,
7290016867176,false,"מארז לחמניות קלות כוסמין שומשום במתיקות מעודמת 5 יחידות ד""ר מרק",המאפה של דר מרק בריאות באפייה,,,יח,3,ל 100 גרם,false,1,13.90,4.63,false,1,
7290016867237,false,לחם קל כוסמין במתיקות מעודנת 400 גר`דר,המאפה של דר מרק בריאות באפייה,,,יח,4,ל 100 גרם,false,1,18.90,4.73,false,1,
7290016867244,false,שישיה לחמניות כוסמין בתוספת מחמצת 99 קלוריות,המאפה של דר מרק בריאות באפייה,,,יח,3.21,ל 100 גרם,false,1,14.90,4.64,false,1,
7290016967074,false,לחם חיטה מלאה עם גרעינים ודגנים,מאפיית שלמה א. אנג'\ל בע,,,יח,7.50,יח,false,1,17.90,2.39,false,1,
7290016967456,false,לחם צרפתי מחמצת 100% כוסמין 600 ג' אנג'ל,"מאפיית אנג'\ל בעמ, מקבוצ",,,יח,0,ל 100 גרם,false,1,18.90,18.90,false,1,
7290016998184,false,עלי חסה ערבית שטופים 250 גרק,ביכורי השדה צפון 1994 ג.ד. בעמ,,,יח,2.50,ל 100 גרם,false,1,9.90,3.96,false,1,
7290016998191,false,מיקס עלי בייבי נטורז,ביכורי השדה צפון 1994 ג.ד. בעמ,,,יח,1.20,ל 100 גרם,false,1,9.90,8.25,false,1,
7290016998207,false,לקט קסם השדה נטורזה,ביכורי השדה צפון 1994 ג.ד. בעמ,,,יח,3.50,ל 100 גרם,false,1,12.90,3.69,false,1,
7290016998221,false,מיקס צבעי הטבע נטורז,ביכורי השדה צפון 1994 ג.ד. בעמ,,,יח,3.50,ל 100 גרם,false,1,11.90,3.40,false,1,
7290016998245,false,מיקס שורשים נטורזה 4,ביכורי השדה צפון 1994 ג.ד. בעמ,,,יח,4,ל 100 גרם,false,1,11.90,2.98,false,1,
7290016998269,false,לקט קולסלאו נטורזה 4,ביכורי השדה צפון 1994 ג.ד. בעמ,,,יח,4,ל 100 גרם,false,1,9.90,2.48,false,1,
7290016998276,false,גזר חתוך דק נטורזה 2,ביכורי השדה צפון 1994 ג.ד. בעמ,,,יח,2.50,ל 100 גרם,false,1,8.90,3.56,false,1,
7290016998320,false,לבבות קיסר נטורזה יח,ביכורי השדה צפון 1994 ג.ד. בעמ,,,יח,2.50,ל 100 גרם,false,1,10.90,4.36,false,1,
7290017023212,false,"שוויפס מוגז פירות תפוח מארז רביעייה* 330 מ""ל",יפאורה שותפות מוגבלת לשיווק,,,יח,1.32,"ל 100 מ""ל",false,1,12.90,8.86,true,1,
7290017023229,false,רביעיית פחיות שוופס מוגז פירות תות ליים 330 מל.,יפאורה שותפות מוגבלת לשיווק,,,יח,1.32,"ל 100 מ""ל",false,1,12.90,8.86,true,1,
7290017023236,false,רביעיית פחיות שוופס מוגז פירות ענבים 330 מל.,יפאורה שותפות מוגבלת לשיווק,,,יח,1.32,"ל 100 מ""ל",false,1,12.90,8.86,true,1,
7290017023663,false,"שוופס מיץ פירות לימונייד פחית מארז 330X4מ""ל",יפאורה שותפות מוגבלת לשיווק,,,יח,1.32,"ל 100 מ""ל",false,1,12.90,8.86,true,1,
7290017023854,false,מי סודה בקבוקים אישיים - מארז 4 יח',יפאורה שותפות מוגבלת לשיווק,,,יח,1.32,"ל 100 מ""ל",false,1,11.90,8.11,true,1,
7290017023861,false,סודה בטעם לימון בקבוקים אישיים - מארז 4 יח',יפאורה שותפות מוגבלת לשיווק,,,יח,1.32,"ל 100 מ""ל",false,1,11.90,8.11,true,1,
7290017023878,false,סודה בטעם נענע ליים בקבוקים אישיים - מארז 4 יח',יפאורה שותפות מוגבלת לשיווק,,,יח,1.32,"ל 100 מ""ל",false,1,11.90,8.11,true,1,
7290017031316,false,איטריות ביצים טגליטלי 400,גורי מוצרי צריכה 1991 בעמ,,,יח,4,ל 100 גרם,false,1,13.90,3.48,true,1,
7290017031323,false,"אטריות ביצים פפרדלה 400 מ""ל",גורי מוצרי צריכה 1991 בעמ,,,יח,4,ל 100 גרם,false,1,13.90,3.48,true,1,
7290017031811,false,פרודונטקס מברשת שיניים אקסטרא סופט א.זוג,גלקסוסמיתקליין,,,יח,1,ל 100 גרם,false,1,29.90,29.90,true,1,
7290017031859,false,"פרודונטקס - משחת שיניים אולטרא קלין 75 מ""ל","מאסטרפוד אוסטריה בע""מ",,,יח,0.75,"ל 100 מ""ל",false,1,30.90,41.20,true,1,
7290017065007,false,פרוסות גבינה מוצרלה חצי קשה 22% שומן 200 ג' גד,מחלבות גד שיווק 1992 בעמ,,,יח,0.20,יח,false,1,16.90,84.50,false,1,
7290017065137,false,ריקוטה למריחה 5% טבעית 200 גר`מחלבות גד,מחלבות גד שיווק 1992 בעמ,,,יח,2,ל 100 גרם,false,1,9.90,4.95,false,1,
7290017065168,false,גבינה כחולה denish blue cheese 100 גרם,מחלבות גד שיווק 1992 בעמ,,,יח,1,ל 100 גרם,false,1,16.50,16.50,false,1,
7290017065212,false,גבינת קרם מסקרפונה מחלבות גד 250 גר,מחלבות גד שיווק 1992 בעמ,,,יח,2.50,ל 100 גרם,false,1,18.90,7.56,false,1,
7290017065236,false,גבינה בולגרית מעודנת 24% גד (250 גרם),מחלבות גד שיווק 1992 בעמ,,,יח,2.50,ל 100 גרם,false,1,21.90,8.76,false,1,
7290017065380,false,גרנה פדנו שבבים 100 גר`מחלבות גד,מחלבות גד שיווק 1992 בעמ,,,יח,1,ל 100 גרם,false,1,13.90,13.90,false,1,
7290017065434,false,גבינה גאודה פרוסה הולנדית 200 גר',מחלבות גד שיווק 1992 בעמ,,,יח,2,ל 100 גרם,false,1,20.90,10.45,false,1,
7290017065441,false,גבינה גאודה עיזים פרוסה הולנדית 200 גר',מחלבות גד שיווק 1992 בעמ,,,יח,2,ל 100 גרם,false,1,32.90,16.45,false,1,
7290017065526,false,קוואטרו פורמאג'י 4 גבינות מגוררות 26%,מחלבות גד שיווק 1992 בעמ,,,יח,3,ל 100 גרם,false,1,25.90,8.63,false,1,
7290017065588,false,יוגורט יווני 600 גר`מחלבות גד,מחלבות גד שיווק 1992 בעמ,,,יח,6,ל 100 גרם,false,1,18.90,3.15,false,1,
7290017065649,false,קרם פטיסייר מחלבות גד,מחלבות גד שיווק 1992 בעמ,,,יח,2.50,ל 100 גרם,false,1,19.90,7.96,false,1,
7290017065731,false,גבינת שמנת 30% ניו יורק +כמהין 200 גרם רבנות,מחלבות גד שיווק 1992 בעמ,,,יח,2,ל 100 גרם,false,1,13.90,6.95,false,1,
7290017065786,false,גבינה אנגלית קשה צ`דר 210 גר`גד,מחלבות גד שיווק 1992 בעמ,,,יח,2.10,ל 100 גרם,false,1,21.90,10.43,false,1,
7290017068206,false,צימוקים בהירים בקרטון מיה 350 גרם,מיה תעשיות מזון מ.ת.מ. בעמ,,,יח,3.50,ל 100 גרם,false,1,19.90,5.69,false,1,
7290017068213,false,חמוציות חתוכות בקרטון מיה 350 גרם,מיה תעשיות מזון מ.ת.מ. בעמ,,,יח,3.50,ל 100 גרם,false,1,17.90,5.11,false,1,
7290017068237,false,שזיפים לללא גלעין 350 גר`בקרטון מיה,מיה תעשיות מזון מ.ת.מ. בעמ,,,יח,3.50,ל 100 גרם,false,1,19.90,5.69,false,1,
7290017068244,false,תמר מג`הול 350 גר`בקרטון מיה,מיה תעשיות מזון מ.ת.מ. בעמ,,,יח,3.50,ל 100 גרם,false,1,14.90,4.26,false,1,
7290017068343,false,חמוציות חתוכות ללא סוכר מיה 150 גרם,מיה תעשיות מזון מ.ת.מ בעמ,,,יח,1.50,ל 100 גרם,false,1,11.90,7.93,false,1,
7290017068350,false,עדשים שחורות בלוגה מיה 500 גרם,מיה תעשיות מזון מ.ת.מ בעמ,,,יח,5,ל 100 גרם,false,1,8.90,1.78,true,1,
7290017068367,false,שמרים בוואקום 125 גרם,מיה תעשיות מזון מ.ת.מ בעמ,,,יח,1.25,ל 100 גרם,false,1,4.90,3.92,false,1,
7290017068374,false,שמרים יבשים בואקום מיה 500 גרם,מיה תעשיות מזון מ.ת.מ. בעמ,,,יח,5,ל 100 גרם,false,1,11.90,2.38,false,1,
7290017068848,false,סוכריות קישוט לעוגה צבעוני מיה 200 גרם,מיה תעשיות מזון מ.ת.מ. בעמ,,,יח,2,ל 100 גרם,false,1,8.90,4.45,true,1,
7290017068879,false,חמאת בוטנים טבעית מיה 510 גרם,מיה תעשיות מזון מ.ת.מ בעמ,,,יח,5.10,ל 100 גרם,false,1,9.90,1.94,false,1,
7290017068978,false,שיבולת שועל מלאה להכנה מהירה מיה 500 גרם,מיה תעשיות מזון מ.ת.מ. בעמ,,,יח,5,ל 100 גרם,false,1,9.90,1.98,true,1,
7290017068985,false,שיבולת שועל מלאה עבה 500 גר בזיפר מיה,מיה תעשיות מזון מ.ת.מ. בעמ,,,יח,5,ל 100 גרם,false,1,9.90,1.98,true,1,
7290017086125,false,כדורי בטטה כרובית קציצות טבעוני 400 גרם,י.איטליאנו אחזקות בעמ,,,יח,4,"ל 100 מ""ל",false,1,19.90,4.98,false,1,
7290017088051,false,בייביסיטר - חיתולי סטנדרט מידה 3 - 52 יח',די.פי.אל תעשיות מוצרים ח,,,יח,50,למארז,false,1,34.90,0.70,true,1,
7290017088068,false,בייביסיטר - חיתולי סטנדרט מידה 4 - 42 יח',די.פי.אל תעשיות מוצרים ח,,,יח,1,,false,1,34.90,34.90,true,1,
7290017088082,false,בייביסיטר - חיתולי סטנדרט מידה 5 - 36 יח',די.פי.אל תעשיות מוצרים ח,,,יח,1,,false,1,34.90,34.90,true,1,
7290017088099,false,בייביסיטר - חיתולי סטנדרט מידה 6 - 30 יח',די.פי.אל תעשיות מוצרים ח,,,יח,1,,false,1,34.90,34.90,true,1,
7290017088327,false,רבעיית מגבונים בייביסיטר אקסטרא סופט ללא בישום 64 יחידות,די.פי.אל בעמ,,,יח,1,,false,1,16.90,16.90,true,1,
7290017088747,false,ALCO CARE מגבון ידיים סשט 70% אלכוהול 20 יח בקופ,שקד תבל בעמ,,,יח,1,,false,1,11.90,11.90,false,1,
7290017088969,false,חיתולי בייביסיטר ניו בורן מידה 1 42 יח',די.פי.אל תעשיות מוצרים ח,,,יח,1,,false,1,25.90,25.90,false,1,
7290017088983,false,חיתולי בייביסיטר ניו בורן מידה 2 38 יחי',די.פי.אל תעשיות מוצרים ח,,,יח,1,,false,1,25.90,25.90,false,1,
7290017094830,false,סלט גזר ברוטב פיקנטי אסלי שמיר 400 ג',"סלטי שמיר 2006 בע""מ",,,יח,4,ל 100 גרם,false,1,14.90,3.73,true,1,
7290017094847,false,סלט תפוחי אדמה אסלי שמיר 400 ג',"סלטי שמיר 2006 בע""מ",,,יח,4,ל 100 גרם,false,1,10.90,2.73,true,1,
7290017094861,false,חומוס עם רוטב מסבחה אסלי שמיר 400 ג',"סלטי שמיר 2006 בע""מ",,,יח,4,ל 100 גרם,false,1,10.90,2.73,true,1,
7290017100395,false,"כפפות לטקס 100 יחי' S כשלפ עד""ח פרפקט",ח.כהן סוכנות מזון ומשקאות בע,,,יח,100,יח,false,1,19.90,0.20,false,1,
7290017100401,false,"כפפות לטקס 100 יחי' M כשלפ עד""ח פרפקט",ח.כהן סוכנות מזון ומשקאות בע,,,יח,100,יח,false,1,19.90,0.20,false,1,
7290017100418,false,"כפפות לטקס 100 יחי' L כשלפ עד""ח פרפקט",ח.כהן סוכנות מזון ומשקאות בע,,,יח,100,יח,false,1,19.90,0.20,false,1,
7290017105048,false,שלישיית טבעות זיתים זיתים יכין 200 גרם,זנלכל בעמ,,,יח,6,ל 100 גרם,false,1,13.90,2.32,false,1,
7290017105116,false,תורמוס הקטניה הטובה יכין 200/105 גרם,"זנלכל בע""\מ",,,יח,1.05,ל 100 גרם,false,1,4.90,4.67,true,1,
7290017105383,false,מארז גרעיני תירס קידס מתוק יכין,זנלכל בעמ,,,יח,6,ל 100 גרם,false,1,14.90,2.48,false,1,
7290017105468,false,מארז שלישייה אפונה קטנה יכין 3*200 גר,קשקמט קונסרב הונגריה,,,יח,6,ל 100 גרם,false,1,14.90,2.48,false,1,
7290017105550,false,רביעיית רסק עגבניות 100% יכין 4X100 גרם,היינץ צפון אמריקה מק,,,יח,4,ל 100 גרם,false,1,11.90,2.98,false,1,
7290017105895,false,גרגרי חומוס להכנת חומוס משובח יכין 560 ג,זנלכל בעמ,,,יח,5.50,ל 100 גרם,false,1,8.90,1.62,true,1,
7290017106069,false,"קוביות סלק יכין, 550 גרם",היינץ צפון אמריקה מק,,,יח,5.50,ל 100 גרם,false,1,7.90,1.44,false,1,
7290017121086,false,"אריסה ביתית מתוקה עללחם, 250 גרם",שטראוס גרופ בעמ/מצונן,,,יח,2.50,ל 100 גרם,false,1,12.90,5.16,false,1,
7290017121093,false,"אריסה חריפה 250 גרם ""עללחם""",שטראוס גרופ בעמ/מצונן,,,יח,2.50,ל 100 גרם,false,1,12.90,5.16,false,1,
7290017129495,false,אגו מיקס כדורי תירס מצופים שוקולד חלב כרמית 55 גרם,כרמית תעשיות ממתקים בעמ,,,יח,0.55,ל 100 גרם,false,1,3.90,7.09,true,1,
7290017129501,false,אגו מיקס כדורי תירס מצופים שוקולד לבן כרמית 55 גרם,כרמית תעשיות ממתקים בעמ,,,יח,0.55,ל 100 גרם,false,1,3.90,7.09,true,1,
7290017129518,false,אגו מיקס כדורי תירס מצופים שוקולד חלב ולבן כרמית 55 גרם,כרמית תעשיות ממתקים בעמ,,,יח,0.55,ל 100 גרם,false,1,3.90,7.09,true,1,
7290017129532,false,סוכריות לקקן תות 90 גרם כרמית,כרמית תעשיות ממתקים בעמ,,,יח,0.90,ל 100 גרם,false,1,5.90,6.56,true,1,
7290017129549,false,סוכריות לקקן גלידה כרמית 90 גרם,כרמית תעשיות ממתקים בעמ,,,יח,0.90,ל 100 גרם,false,1,5.90,6.56,true,1,
7290017129822,false,מטבעות שוקולד מריר כרמית 36 גרם,כרמית תעשיות ממתקים בעמ,,,יח,0.36,ל 100 גרם,false,1,2.90,8.06,false,1,
7290017129877,false,מיקס 40 יחידות לקקנים שטוחים כרמית 180 גרם,כרמית תעשיות ממתקים בעמ,,,יח,3,ל 100 גרם,false,1,11.90,3.97,false,1,
7290017129884,false,חמישיות שוקולד מריר 44% 85 גר*5*12 בקרטון,כרמית תעשיות ממתקים בעמ,,,יח,0.4250,ל 100 גרם,false,1,15.90,37.41,true,1,
7290017129983,false,שוקולד צ'יפס לבן פרווה כרמית 250 גרם,כרמית תעשיות ממתקים בעמ,,,יח,0.25,ל 100 גרם,false,1,10.90,43.60,false,1,
7290017142128,false,"שמן זית כתית מעולה קלאסי עץ הזית 750 מ""ל",סוגת תעשיות בעמ,,,יח,7.50,"ל 100 מ""ל",false,1,29.90,3.99,false,1,
7290017142159,false,"שלישיית נתחי טונה בהירה בשמן זית 80 גרם ""עץ הזית""",הנסיך- מפעל לייצור ט,,,ל 100 גרם,2.40,ל 100 גרם,false,1,19.90,8.29,false,1,
7290017142166,false,"פילה טונה פרוס עם שמן זית 120 גרם ""עץ הזית""","יוניקורד ח.צ בע""מ",,,ל 100 גרם,1.20,ל 100 גרם,false,1,14.90,12.42,true,1,
7290017142180,false,פילה טונה בשמן זית בטעם לימון עם פלפל שחור 120 ג',"יוניקורד ח.צ בע""מ",,,ל 100 גרם,1.20,ל 100 גרם,false,1,14.90,12.42,true,1,
7290017142203,false,"פילה טונה פרוס עם שמן זית בטעם מעושן 120 גרם ""עץ הזית""","יוניקורד ח.צ בע""מ",,,ל 100 גרם,1.20,ל 100 גרם,false,1,14.90,12.42,true,1,
7290017142234,false,"פתיתי טונה בהירה בשמן זית מעושן ""עץ הזית""","יוניקורד ח.צ בע""מ",,,ל 100 גרם,0.85,ל 100 גרם,false,1,9.90,11.65,false,1,
7290017142265,false,מארז נתחי טונה בשמן זית וצ'ילי 2 * 80 ג' עץ הזית,יוניקורד ח.צ בעמ,,,ל 100 גרם,1.60,ל 100 גרם,false,1,14.90,9.31,false,1,
7290017142289,false,תרסיס שמן חמניות 200 מל ללא תוספת גז עץ,י.ב טכנולוגיות אריזה בעמ,,,יח,2,ל 100 גרם,false,12,15.90,7.95,false,1,
7290017142340,false,שמן זרעי ענבים מזוכך 1 ליטר עץ הזית*,אף.ג'\יי.סנצ'\ז סוקחורס,,,יח,10,"ל 100 מ""ל",false,1,29.90,2.99,false,1,
7290017142371,false,"שמן שומשום לא מזוכך עץ הזית 250 מ""ל",סוגת תעשיות בעמ,,,יח,2.50,"ל 100 מ""ל",false,1,29.90,11.96,false,1,
7290017142388,false,שמן חמניות פלוס אומגה 3 עץ הזית 1 ליטר,סוגת תעשיות בעמ,,,יח,10,"ל 100 מ""ל",false,1,15.90,1.59,false,1,
7290017142395,false,"LUNCH TO GO פסטה עם טונה בשמן זית 160 גרם ""עץ הזית""",יוניקורד ח.צ בעמ,,,ל 100 גרם,1.60,ל 100 גרם,false,1,13.90,8.69,true,1,
7290017142456,false,מארז נתחי טונה בהירה בשמן זית 2 * 160 ג' עץ הזית,יוניקורד ח.צ בעמ,,,ל 100 גרם,3.20,ל 100 גרם,false,1,19.90,6.22,false,1,
7290017142487,false,"LUNCH TO GO בורגול עם חומוס טונה בשמן זית 160 גרם ""עץ הזית""",יוניקורד ח.צ בעמ,,,ל 100 גרם,1.60,ל 100 גרם,false,1,13.90,8.69,true,1,
7290017153148,false,חלב מרוכז פוליבה 300גר' בדץ,לירון קרביץ יבוא שיווק וסחר,,,יח,3,ל 100 גרם,false,1,12.90,4.30,false,1,
7290017266053,false,"וופל עלמה לל""ס במילוי קרם טעם לימון 175 גר",ח.כהן סוכנות מזון ומשקאות בע,,,יח,1,ל 100 גרם,false,1,4.90,4.90,false,1,
7290017266060,false,וופל קראנצ`מילוי קרם בטעם שוקולד 175 גר,ח.כהן סוכנות מזון ומשקאות בע,,,יח,1,ל 100 גרם,false,1,5.90,5.90,false,1,
7290017266312,false,וופל מילוי קרם בטעם שוקולד 150 גרם,ח.כהן סוכנות מזון ומשקאות בע,,,יח,1.50,ל 100 גרם,false,1,2.90,1.93,true,1,
7290017266343,false,וופל קראנץ במילוי קרם שוקולד 150 גרם,ח.כהן סוכנות מזון ומשקאות בע,,,יח,1.50,ל 100 גרם,false,1,2.90,1.93,true,1,
7290017275086,false,עוגיות כתר בטעם תות ללא תוספת סוכר במגש 350 גר' אחווה,אחדות בעמ,,,יח,4,ל 100 גרם,false,1,9.90,2.48,false,1,
7290017275130,false,עוגת שמרים אישית במילוי פרג 120 גרם,"אחדות בע""מ",,,יח,1.20,ל 100 גרם,false,1,2.50,2.08,false,1,
7290017275147,false,עוגת שמרים אישית דניש קינמון אחוה 120 גרם,"אחדות בע""מ",,,יח,1.20,ל 100 גרם,false,1,2.50,2.08,false,1,
7290017275420,false,מיני קצפיות בטעם תות אחוה 140 גרם,אחדות ביתחרושת לטחינה חלבה,,,יח,4,ל 100 גרם,false,1,8.90,2.23,false,1,
7290017275741,false,חלווה עם אגוזי לוז במגש 400 גר אחווה,אחדות ביתחרושת לטחינה חלבה,,,יח,4,ל 100 גרם,false,1,11.90,2.98,false,1,
7290017289175,false,"יין פטיט סירה סדרת ישראלי 750מ""ל.",יקב טפרברג 1870 בעמ (יינות ומש,,,יח,7.50,"ל 100 מ""ל",false,1,21.90,2.88,true,1,
7290017289182,false,"יין ישראלי לבן חצי יבש אפרת 750 מ""ל",יקב טפרברג 1870 בעמ (יינות ומש,,,יח,7.50,"ל 100 מ""ל",false,1,21.90,2.88,true,1,
7290017289601,false,"יין בלנד לבן 750 מ""ל אימפרשיאון",יקב טפרברג 1870 בעמ,,,יח,7.50,"ל 100 מ""ל",false,1,49.90,6.61,true,1,
7290017297170,false,לקט אסייתי להקפצה( 800 גר`)פרי הגליל,ויטה -פרי גליל (החדשה) בעמ,,,יח,8,ל 100 גרם,false,1,15.90,1.99,false,1,
7290017297187,false,לקט ירקות להקפצה( 800 גר`)פרי הגליל,ויטה -פרי גליל (החדשה) בעמ,,,יח,8,ל 100 גרם,false,1,15.90,1.99,false,1,
7290017297644,false,ברוקולי קפוא גרין אנד פרש 800 גר',ויטה- פרי גליל (החדשה) בעמ,,,יח,8,ל 100 גרם,false,1,13.90,1.74,false,1,
7290017297682,false,כרובית מוקפאת גרין אנד פרש 800 גר',ויטה- פרי גליל (החדשה) בעמ,,,יח,8,ל 100 גרם,false,1,12.90,1.61,false,1,
7290017297705,false,רוטב עגבניות מרוכז 240 גרם BX22 ויטה,ויטה-פרי גליל (החדשה) בעמ,,,יח,2.40,ל 100 גרם,false,1,3,1.25,false,1,
7290017304885,false,לחם שיפון מחיטה מלאה ללא תוספת סוכר 750 ג' אנג'ל,מאפיית שלמה א. אנג'\ל בע,,,יח,5,ל 100 גרם,false,1,17.90,3.58,false,1,
7290017457581,false,"סוד מרכך כביסה מרוכז קוקוס 900 מ""ל",גורי שיווק בעמ,,,יח,9,"ל 100 מ""ל",false,1,11.90,1.32,false,1,
7290017457727,false,"סוד כחול מרכך כביסה מרוכז20%+בישום 900 מ""ל",גורי שיווק בעמ,,,יח,9,"ל 100 מ""ל",false,1,11.90,1.32,false,1,
7290017457734,false,"סוד ורוד מרכך כביסה מרוכז20%+בישום 900 מ""ל",גורי שיווק בעמ,,,יח,9,"ל 100 מ""ל",false,1,11.90,1.32,false,1,
7290017504001,false,פטריות שמפיניון ארוז,ביכורי השדה צפון 1994 ג.ד. בעמ,,,יח,1,,false,1,10.90,10.90,false,1,
7290017504025,false,פטריות פורטבלה ברכת קטיף,ביכורי השדה צפון 1994 ג.ד. בעמ,,,יח,1,,false,1,11.90,11.90,false,1,
7290017504032,false,זוג פטריות שמפניון ו,ביכורי השדה צפון 1994 ג.ד. בעמ,,,יח,1,,false,1,18.90,18.90,false,1,
7290017513409,false,תה ירוק SUPER GREEN 87 גרםבטעם אוכמניות ואסאי,תה ויסוצקי (ישראל) בעמ,,,יח,0.87,ל 100 גרם,false,1,22.90,26.32,true,1,
7290017513485,false,מחית עגבניות רוסטיקה גרנד איטליה 680 גרם,תה ויסוצקי (ישראל) בעמ,,,יח,6.80,ל 100 גרם,false,1,12.90,1.90,true,1,
7290017513775,false,פליפז בייגלה מצופה שוקולד חלב מקוויטיס 140 גרם,תה ויסוצקי (ישראל) בעמ,,,יח,1.40,ל 100 גרם,false,1,8.90,6.36,true,1,
7290017513782,false,פליפז בייגלה מצופה שוקולד מריר מקוויטיס 140 גרם,תה ויסוצקי (ישראל) בעמ,,,יח,1.40,ל 100 גרם,false,1,8.90,6.36,true,1,
7290017513829,false,תה ירוק לימונית ג'ינג'ר 25 שקיקים בתוספת ויטמין Cּּ+D,תה ויסוצקי (ישראל) בעמ,,,יח,0.3750,ל 100 גרם,false,1,22.90,61.07,true,1,
7290017516318,false,חטיפ בריאות פרוטאין שוקולד 50 גר`פנגיאה,י.איטליאנו אחזקות בעמ,,,יח,0.60,"ל 100 מ""ל",false,1,10.90,18.17,false,1,
7290017516332,false,חטיפ בריאות פרוטאין חמאת בוטנים 50 גר`פ,י.איטליאנו אחזקות בעמ,,,יח,0.60,"ל 100 מ""ל",false,1,10.90,18.17,false,1,
7290017589633,false,"רזרב גולד אדישיין קברנה סוביניון 750 מ""ל",טמפו משקאות בעמ,,,יח,7.50,"ל 100 מ""ל",false,1,39.90,5.28,false,1,
7290017599236,false,סוכרזית סיטיוויה 200 טבליות,סנו מפעלי ברונוס.,,,יח,0.3650,ל 100 גרם,false,1,23.90,65.48,false,1,
7290017599250,false,סוכרזית קלאסי 120 גר`שקיות,שטראוס גרופ בע`מ,,,יח,1.20,ל 100 גרם,false,1,16.90,14.08,false,1,
7290017599281,false,סוכרזית סטיוויה פלוס 100שקיות,"שטראוס גרופ בע""מ",,,יח,1,ל 100 גרם,false,1,35.90,35.90,false,1,
7290017599359,false,סוכרזית קלאסי כפית לכפית 400גר,"שטראוס גרופ בע""מ",,,יח,4,ל 100 גרם,false,1,28.90,7.23,false,1,
7290017617268,false,טונה מעושנת בשמן סטארקיסט 120 גר',דיפלומט מפיצים {1968}בעמ,,,יח,2,ל 100 גרם,false,1,17.90,8.95,false,1,
7290017641102,false,שוקולד פרימיום 70% ללא סוכר בטעם תפוז 100 גרם,כרמית תעשיות ממתקים בעמ,,,יח,1,ל 100 גרם,false,1,8.90,8.90,false,1,
7290017641188,false,קרקר עם שיפון מלא וסלק כרמית 130 גרם,כרמית תעשיות ממתקים בעמ,,,יח,1.30,"ל 100 מ""ל",false,1,6.90,5.31,false,1,
7290017641379,false,חמישיות שוקולד חלב בדצ 85 ג*5 בלמינט*12 בקרט בדצ,כרמית תעשיות ממתקים בעמ,,,יח,0.4250,ל 100 גרם,false,1,15.90,37.41,true,1,
7290017641577,false,"כדורים פריכים מצופים שוקולד חלב ולבן 55 גר כשל""פ",כרמית תעשיות ממתקים בעמ,,,יח,0.55,ל 100 גרם,false,1,4.50,8.18,false,1,
7290017641737,false,שוקולד פרימיום 70% שברי אגוז כרמית 100 גרם,כרמית תעשיות ממתקים בעמ,,,יח,1,ל 100 גרם,false,1,7.90,7.90,false,1,
7290017641744,false,"חטיפי קרח גדולים בטעמי פטל, לימון, ענבים ואננס",כרמית תעשיות ממתקים בעמ,,,יח,8,"ל 100 מ""ל",false,1,5.90,0.74,false,1,
7290017647548,false,"רמת הגולן ירדן מרלו, 750 מ""ל י יקב רמת הגולן",מיוצר וממולא על ידי יקב,,,יח,7.50,"ל 100 מ""ל",false,1,113.20,15.05,false,1,
7290017724003,false,עוגיות גריסיני קצח אקלר,הלל בן הלל שיווק ומסחר בעמ,,,יח,2.50,יח,false,1,23.90,9.56,false,1,
7290017724058,false,עוגיות מעדן תמר אגוז אקלר,הלל בן הלל שיווק ומסחר בעמ,,,יח,2.50,יח,false,1,23.90,9.56,false,1,
7290017724065,false,"עוגיות מעדן תפו""ע ואגוז אקלר",הלל בן הלל שיווק ומסחר בעמ,,,יח,2.50,יח,false,1,23.90,9.56,false,1,
7290017724089,false,עוגיות ואן גוך אקלר 200 גרם,הלל בן הלל שיווק ומסחר בעמ,,,יח,2,יח,false,1,23.90,11.95,false,1,
7290017724102,false,עוגיות סיגרים תמרים אקלר,הלל בן הלל שיווק ומסחר בעמ,,,יח,2.50,יח,false,1,23.90,9.56,false,1,
7290017724119,false,עוגיות אוזנים אקלר 200 גרם,הלל בן הלל שיווק ומסחר בעמ,,,יח,2,יח,false,1,23.90,11.95,false,1,
7290017724157,false,"עוגיות מעדן תפו""ע ללא סוכר אקלר",הלל בן הלל שיווק ומסחר בעמ,,,יח,2,יח,false,1,23.90,11.95,false,1,
7290017724171,false,עוגיות סנדביץ ריבה ללא סוכר אקלר 200 גרם,הלל בן הלל שיווק ומסחר בעמ,,,יח,2,יח,false,1,23.90,11.95,false,1,
7290017724201,false,עוגיות ואן גוך ללא סוכר אקלר,הלל בן הלל שיווק ומסחר בעמ,,,יח,2,יח,false,1,23.90,11.95,false,1,
7290017724256,false,עוגיות שומשיות ללא סוכר אקלר,הלל בן הלל שיווק ומסחר בעמ,,,יח,2,יח,false,1,23.90,11.95,false,1,
7290017724300,false,עוגיות גרנולה אקלר 200 גרם,הלל בן הלל שיווק ומסחר בעמ,,,יח,2,יח,false,1,23.90,11.95,false,1,
7290017812052,false,יין שיראז-קברנה סוביניון אקסלנס יקבי כרמל,אגודת הכורמים בעמ,,,יח,7.50,"ל 100 מ""ל",false,1,25.90,3.41,true,1,
7290017812069,false,יין אמרלד ריזלינג שרדונה אקסלנס Excellence,אגודת הכורמים -כרמל מזרחי,,,יח,7.50,"ל 100 מ""ל",false,1,25.90,3.41,true,1,
7290017812571,false,מיץ ענבים תירוש אדום 100% טבעי כרמל 1 ליטר,אגודת הכורמים -כרמל מזרחי,,,יח,10,"ל 100 מ""ל",false,1,19.80,1.95,false,1,
7290017812588,false,מיץ ענבים תירוש לבן 100% טבעי כרמל 1 ליטר,אגודת הכורמים -כרמל מזרחי,,,יח,10,"ל 100 מ""ל",false,1,19.80,1.95,false,1,
7290017812618,false,מיץ ענבים תירוש אדום רוזה כרמל 1 ליטר,אגודת הכורמים -כרמל מזרחי,,,יח,10,"ל 100 מ""ל",false,1,19.80,1.95,false,1,
7290017812847,false,"יין פרנץ גוורצטרמינר סלקטד כרמל 750 מ""ל",אגודת הכורמים -כרמל מזרחי,,,יח,7.50,"ל 100 מ""ל",false,1,29.90,3.95,true,1,
7290017812861,false,יין לבש יבש ( 750 מל) וינו,אגודת הכורמים -כרמל מזרחי,,,יח,7.50,"ל 100 מ""ל",false,1,19.90,2.61,false,1,
7290017812977,false,"יין קריניאנו סלקטדאננס באז כרמל 750 מ""ל",אגודת הכורמים -כרמל מזרחי,,,יח,7.50,"ל 100 מ""ל",false,1,27.90,3.68,true,1,
7290017841267,false,"צלחת קטן 1 ק""ג (132 יח`)שווה *",ח.כהן סוכנות מזון ומשקאות בע,,,יח,1,יח,false,12,34.90,34.90,true,1,
7290017841298,false,כפות חושן (וינט`ז) 10יח שווה *,ווינפאק סחר בעמ,,,יח,10,למארז,false,1,4.90,0.49,true,1,
7290017841304,false,סכינים חושן (וינט`ז) 10יח שווה *,ח.כהן סוכנות מזון ומשקאות בע,,,יח,10,למארז,false,1,4.90,0.49,true,1,
7290017841311,false,כפיות חושן(וינט`ז) 10יח שווה*,ח.כהן סוכנות מזון ומשקאות בע,,,יח,10,למארז,false,1,3.90,0.39,false,1,
7290017841335,false,מיני מזלגות חושן (וינט`ז) 20יח שווה,ווינפאק סחר בעמ,,,יח,20,למארז,false,1,2.90,0.15,false,1,
7290017841496,false,נרונים 4 שעות 72 שווה,ח.כהן סוכנות מזון ומשקאות בע,,,יח,1,יח,false,1,19.90,19.90,false,1,
7290017841625,false,מטליות מיקרופיבר אנטיבקטריאלי לרצפה *2,ח.כהן סוכנות מזון ומשקאות בע,,,יח,2,יח,false,1,15.90,7.95,true,1,
7290017841632,false,מטליות מיקרופיבר אנטיבקטריאלי כללי 10*,ח.כהן סוכנות מזון ומשקאות בע,,,יח,10,למארז,false,1,16.90,1.69,true,1,
7290017841649,false,מארז מטליות מיקרופייבר ניקוי כללי/רצפה,ח.כהן סוכנות מזון ומשקאות בע,,,יח,13,למארז,false,1,19.90,1.53,true,1,
7290017841670,false,ספוג הפלא* 6 איכותי שווה* (24 בקר`).,ח.כהן סוכנות מזון ומשקאות בע,,,יח,1,למארז,false,1,8.90,8.90,false,1,
7290017841687,false,ספוג הפלא בלוק איכותי שווה* (24 בקר`),ח.כהן סוכנות מזון ומשקאות בע,,,יח,1,למארז,false,1,4.90,4.90,false,1,
7290017841731,false,מטליות מיקרופייבר גדולות במיוחד *2 שוו,ח.כהן סוכנות מזון ומשקאות בע,,,יח,2,יח,false,1,15.90,7.95,false,1,
7290017841885,false,דלי מגבונים ניקוי כללי 400 יח שווה*,ח.כהן סוכנות מזון ומשקאות בע,,,יח,400,יח,false,1,18.90,0.05,false,1,
7290017842127,false,"ניירות סנדויץ` מאוירים ""שווה"" 100 יח",ח.כהן סוכנות מזון ומשקאות בע,,,יח,100,יח,false,1,8.90,0.09,false,1,
7290017842141,false,"נייר אפייה איכותי אקולוגי, 40 יח ""שווה",ח.כהן סוכנות מזון ומשקאות בע,,,יח,1,למארז,false,1,7.90,7.90,false,1,
7290017842240,false,אנשובי ארוך בפח בשמן זית שווה,ח.כהן סוכנות מזון ומשקאות בע,,,יח,0.46,ל 100 גרם,false,1,5.50,11.96,false,1,
7290017842257,false,אנשובי ארוך פח פלפל וצילי שווה 46 גרם,ח.כהן סוכנות מזון ומשקאות בע,,,יח,0.46,ל 100 גרם,false,1,4.90,10.65,false,1,
7290017842318,false,מארז 2 מטליות מיקרופייבר לרצפה שווה*,ח.כהן סוכנות מזון ומשקאות בע,,,יח,2,למארז,false,1,12.90,6.45,false,1,
7290017842424,false,סילאן 100% טבעי 700 גר`צנצנת שווה*,ח.כהן סוכנות מזון ומשקאות בע,,,יח,7,ל 100 גרם,false,1,16.90,2.41,true,1,
7290017842431,false,סילאן לחיץ 100% טבעי 470 גר`שווה*,ח.כהן סוכנות מזון ומשקאות בע,,,יח,4.70,ל 100 גרם,false,1,13.90,2.96,true,1,
7290017842448,false,"אננס שלם 227 ג ""שווה"" *",ח.כהן סוכנות מזון ומשקאות בע,,,יח,2.27,ל 100 גרם,false,24,3.90,1.72,false,1,
7290017842493,false,"תירס גמדי 425 גרם ""שווה"" *",ח.כהן סוכנות מזון ומשקאות בע,,,יח,4.25,ל 100 גרם,false,1,7.90,1.86,true,1,
7290017842530,false,שקיות אוכל ריץ רץ קטנות שווה 15 יחידות,ח.כהן סוכנות מזון ומשקאות בע,,,יח,200,יח,false,1,6.90,0.03,false,1,
7290017842578,false,"חמאת בוטנים בד""צ 510 טבעית""שווה""",ח.כהן סוכנות מזון ומשקאות בע,,,יח,5.10,ל 100 גרם,false,1,9.90,1.94,true,1,
7290017842615,false,צלחת קטנה אריזת ענק 50 יח` מתכלה שווה,ח.כהן סוכנות מזון ומשקאות בע,,,יח,50,יח,false,1,13.90,0.28,true,1,
7290017842646,false,לפתניות מתכלות 220 מ``ל שווה,ח.כהן סוכנות מזון ומשקאות בע,,,יח,50,יח,false,1,13.90,0.28,true,1,
7290017842745,false,צלחת בינונית חושן 20יח שווה,ח.כהן סוכנות מזון ומשקאות בע,,,יח,20,יח,false,1,8.90,0.45,true,1,
7290017842776,false,מרקיה חושן מתכלה 20 יח שווה,ח.כהן סוכנות מזון ומשקאות בע,,,יח,20,יח,false,1,13.90,0.70,true,1,
7290017842882,false,חדש מגשים מרובע גדול מעלי דקל 3יח שווה,ח.כהן סוכנות מזון ומשקאות בע,,,יח,3,יח,false,1,10.90,3.63,true,1,
7290017845029,false,פטריות צמד משפחתי(מוגו),ביכורי השדה צפון 1994 ג.ד. בעמ,,,יח,1,,false,1,18.90,18.90,false,1,
7290017845067,false,פטריות פורטובלה XL מוגו,ביכורי השדה צפון 1994 ג.ד. בעמ,,,יח,1,,false,1,18.90,18.90,false,1,
7290017845074,false,פטריות שמפיניון XL מוגו,"בכורי השדה צפון1994 ג.ד. בע""מ",,,יח,1,,false,1,18.90,18.90,false,1,
7290017864259,false,בזיליקום-תקומה 100 גרם,ביכורי השדה צפון 1994 ג.ד. בעמ,,,יח,1,,false,1,9.90,9.90,false,1,
7290017864433,false,כרוב סיני תקומה ארוזה,ביכורי השדה צפון 1994 ג.ד. בעמ,,,"לק""ג",1,,true,1,7.90,7.90,false,1,
7290017864471,false,ביבי מיקס תקומה 250 גרם,ביכורי השדה צפון 1994 ג.ד. בעמ,,,יח,10,ל 100 גרם,false,1,14.90,1.49,false,1,
7290017864549,false,עלי רוקולה 250ג רמי לוי,ביכורי השדה צפון 1994 ג.ד. בעמ,,,יח,1,,false,1,14.90,14.90,false,1,
7290017864556,false,בייבי תרד 250ג רמי לוי,ביכורי השדה צפון 1994 ג.ד. בעמ,,,יח,1,,false,1,14.90,14.90,false,1,
7290017864594,false,שום צנצנת רמי לוי,ביכורי השדה צפון 1994 ג.ד. בעמ,,,יח,1,,false,1,11.90,11.90,false,1,
7290017871363,false,פמילי יהלום- פמלי סבון ידיים מועשר בשמן מקדמיה לניקוי וטיפוח עור הידיים,המאפיה של הרמן,,,יח,5,"ל 100 מ""ל",false,1,9.90,1.98,false,1,
7290017871370,false,פמילי יהלום- סבון ידיים מועשר בשמן אבוקדו לניקוי וטיפוח עור הידיים,המאפיה של הרמן,,,יח,5,"ל 100 מ""ל",false,1,9.90,1.98,false,1,
7290017871950,false,פרשוואנס נייר טואלט לח מתכלה בניחוח לוונדר מארז שלישייה,עלבד משואות יצחק,,,יח,4,למארז,false,1,12.90,3.23,false,1,
7290017872001,false,"קרם החתלה פרשוואנס שמן זית ופרופוליס 100 סמ""ק","דנשר (1963) בע,מ",,,יח,1,ל 100 גרם,false,1,12.90,12.90,true,1,
7290017872018,false,"קרם החתלה פרשוואנס קמומיל וקלנדולה 100 סמ""ק","דנשר (1963) בע,מ",,,יח,1,ל 100 גרם,false,1,12.90,12.90,true,1,
7290017872049,false,"פמלי אל סבון בניחוח לוונדר ארומטי- שלישייה 500 מ""ל",אברנסל קוסמטיקס,,,יח,15,"ל 100 מ""ל",false,1,14.90,0.99,false,1,
7290017872063,false,אל סבון ארומתרפי מארז שלישייה 500 מל פמ,אברנסל קוסמטיקס,,,יח,1.50,לליטר,false,1,14.90,9.93,false,1,
7290017872186,false,טוסו - עוגיות פקאן ללא סוכר 200 גרם,"הגביע מוצרי וופלים בע""\מ",,,יח,2,ל 100 גרם,false,1,14.90,7.45,false,1,
7290017872193,false,טוסו עוגיות שקדים וקינמון ללא סוכר 200 גרם,"הגביע מוצרי וופלים בע""\מ",,,יח,2,ל 100 גרם,false,1,14.90,7.45,false,1,
7290017872285,false,טוסו חטיף קראנצ'י בטעם פירות יבשים 105 גר',תות ממתקי איכות,,,יח,1.50,"ל 100 מ""ל",false,1,16.90,11.27,false,1,
7290017872650,false,"פמלי יהלום-סבון ידיים עם שמן לבנדר 500 מ""ל",המאפיה של הרמן,,,יח,5,"ל 100 מ""ל",false,1,8.90,1.78,false,1,
7290017872940,false,מגע הדבש רצועות שעווה לפנים 20+5 מגבוני,"דנשר (1963) בע,מ",,,יח,0,"ל 100 מ""ל",false,1,29.90,29.90,false,1,
7290017872957,false,אדג' - מכשיר גילוח רב פעמי ידית + 3 סכינים לעור רגיש,"דנשר (1963) בע,מ",,,יח,0,יח,false,1,66.90,66.90,true,1,
7290017872964,false,אדג' - מכשיר גילוח רב פעמי ידית + 3 סכינים לחות מוגברת,"דנשר (1963) בע,מ",,,יח,0,יח,false,1,66.90,66.90,true,1,
7290017872971,false,אדג' - 4 סכיני גילוח לעור רגיש,"דנשר (1963) בע,מ",,,יח,0,יח,false,1,46.90,46.90,true,1,
7290017872988,false,אדג' - 4 סכיני גילוח לחות מוגברת,"דנשר (1963) בע,מ",,,יח,0,יח,false,1,46.90,46.90,true,1,
7290017873190,false,פמלי בוטניקל תחליב רחצה לגוף מקדמיה 700 מל',"דנשר (1963) בע,מ",,,יח,7,"ל 100 מ""ל",false,1,9.90,1.41,true,1,
7290017873206,false,בוטניקל תחליב רחצה לגוף מועשר בשמן זית 700מל',"דנשר (1963) בע,מ",,,יח,7,"ל 100 מ""ל",false,1,9.90,1.41,true,1,
7290017873213,false,בוטניקל-תחליב רחצה לגוף מועשר בשמן אבוקדו 700מל,"דנשר (1963) בע,מ",,,יח,7,"ל 100 מ""ל",false,1,9.90,1.41,true,1,
7290017873367,false,"קרם ידיים ויטליטי לכל סוגי העור 100 מ""ל פנג'ל","דנלוג אינטרקוסמא בע""\מ",,,יח,1,ל 100 גרם,false,1,11.90,11.90,false,1,
7290017888019,false,"משקה תפוח רימון סלק גינגיר פרות &ווג 350 מ""ל",יפאורה שותפות מוגבלת לשיווק,,,יח,3.50,יח,false,1,6.90,1.89,false,1,
7290017888033,false,"משקה בננה מלון נענע פרות &ווג 350 מ""ל",יפאורה שותפות מוגבלת לשיווק,,,יח,3.50,יח,false,1,6.90,1.89,false,1,
7290017888095,false,"רביעיית פחיות שוופס מוגז עדין פירות יער 330 מ""ל.",יפאורה שותפות מוגבלת לשיווק,,,יח,1.32,"ל 100 מ""ל",false,1,12.90,8.86,true,1,
7290017888101,false,"שוויפס מוגז עדין אפרסק מארז רביעייה* 330 מ""ל",יפאורה שותפות מוגבלת לשיווק,,,יח,1.32,"ל 100 מ""ל",false,1,12.90,8.86,true,1,
7290017888644,false,"משקה אננס בננה כורכום פרות & ווג 350 מ""ל",יפאורה שותפות מוגבלת לשיווק,,,יח,3.50,יח,false,1,6.90,1.89,false,1,
7290017888972,false,בקבוק מי עדן פקק ספורט 1 ליטר,יפאורה שותפות מוגבלת לשיווק,,,יח,1,"ל 100 מ""ל",false,1,3.80,3.80,false,1,
7290017907208,false,תערובת קמח רב תכליתי לנמנעים מגלוטן,י.איטליאנו אחזקות בעמ,,,יח,5,ל 100 גרם,false,1,18.90,3.78,false,1,
7290017907239,false,תערובת תמי לעוגת שוקולד ללא גלוטן 450 גר,י.איטליאנו אחזקות בעמ,,,יח,4.50,ל 100 גרם,false,1,18.90,4.20,false,1,
7290017907246,false,סולת מאורז לנמנעים מגלוטן,י.איטליאנו אחזקות בעמ,,,יח,3,ל 100 גרם,false,1,15.90,5.30,false,1,
7290017907253,false,פתיתים מאורז לנמנעים מגלוטן,י.איטליאנו אחזקות בעמ,,,יח,3,ל 100 גרם,false,1,15.90,5.30,false,1,
7290017907260,false,תערובת להכנת כדורי פלאפל לנמנעים מגלוטן,י.איטליאנו אחזקות בעמ,,,יח,3,ל 100 גרם,false,1,15.90,5.30,false,1,
7290017917467,false,קמיל בלו סנסטי בשיבולת שועל אל סבון טיפולי לתינוק,"פישר תעשיות פרמצביטות בע""מ",,,יח,10,"ל 100 מ""ל",false,1,29.90,2.99,true,1,
7290017928036,false,מקלות גריסיני שומשום מאיר בייגל 175 גרם,מאיר את בייגל,,,יח,1.75,ל 100 גרם,false,1,11.90,6.80,true,1,
7290017928098,false,בייגלה שטוח מלח 330 גר` מאיר בייגל,מאיר את בייגל,,,יח,4,ל 100 גרם,false,1,10.90,2.73,true,1,
7290017928128,false,בייגלה מקלות מלח מאיר בייגל 400 גרם.,"דנשר (1963) בע,מ",,,יח,3.30,ל 100 גרם,false,1,10.90,3.30,true,1,
7290017928227,false,"בייגלה שטוח'לה פינוקים שומשום, קצח, שום ובצל",מאיר את בייגל,,,יח,3,ל 100 גרם,false,1,10.90,3.63,true,1,
7290017928296,false,שברי בייגלה בטעם דבש חרדל ובצל 300 גר' מאיר את בייגל,"דנשר (1963) בע,מ",,,יח,3,ל 100 גרם,false,1,9.90,3.30,false,1,
7290017928494,false,שברי בייגלה בטעם צדר 300 גר' מאיר את בייגל,"דנשר (1963) בע,מ",,,יח,3,ל 100 גרם,false,1,9.90,3.30,false,1,
7290017928609,false,בייגלה טבעות שומשום מאיר בייגל 300 גרם,מאיר את בייגל,,,יח,3,ל 100 גרם,false,1,10.90,3.63,true,1,
7290017928616,false,בייגלה שטוחלה שומשום 300 גר` מאיר בייגל,מאיר את בייגל,,,יח,3,ל 100 גרם,false,1,10.90,3.63,true,1,
7290017928661,false,מאיר בייגל -סמאש-שבורים בטעם צ'דר 300 גרם,"דנשר (1963) בע,מ",,,יח,3,ל 100 גרם,false,1,9.90,3.30,false,1,
7290017928807,false,בייגלה אצבעות שומשום מאיר בייגל 300 גרם,מאיר את בייגל,,,יח,3,ל 100 גרם,false,1,10.90,3.63,true,1,
7290017928821,false,מקלות גריסיני קלאסי מאיר בייגל 200 גרם,מאיר את בייגל,,,יח,1.75,ל 100 גרם,false,1,11.90,6.80,true,1,
7290017947105,false,לחם אנג'ל בסגנון אמריקה 500 גרם,מאפיית שלמה א. אנג'\ל בע,,,יח,7.50,יח,false,1,15.90,2.12,false,1,
7290017947457,false,חלה קלועה כוסמין אנג'ל ארוזה 500 גרם,מאפיית שלמה א.אנג'ל,,,יח,5,ל 100 גרם,false,1,19.90,3.98,false,1,
7290017947464,false,שמיניית פיתות כוסמין אנג'ל 8*50 גרם,מאפיית שלמה א.אנג'\ל בע\,,,יח,4,ל 100 גרם,false,1,16.90,4.23,true,1,
7290017947495,false,לחמניות כוסמין 6 יח(450 גר`)אנג`ל,מאפיית שלמה א.אנג'\ל,,,יח,4.50,ל 100 גרם,false,1,16.90,3.76,false,1,
7290017947891,false,לחם אנג'ל כוסמין וחיטה מלאה 750 גרם,מאפיית שלמה א. אנג'\ל בע,,,יח,7.50,ל 100 גרם,false,1,17.90,2.39,false,1,
7290017947921,false,לחמניות המבורגר בסגנון אמריקאי מארז 6 יח',מאפיית שלמה א. אנג'\ל בע,,,יח,4.50,ל 100 גרם,false,1,15.90,3.53,false,1,
7290017947938,false,מיני לחמניות המבורגר בסגנון אמריקה 400 ג' אנג'ל,מאפיית שלמה א. אנג'\ל בע,,,יח,4,ל 100 גרם,false,1,15.90,3.98,false,1,
7290018023495,false,טחינה גולמית 500ג' סבא חביב,בני פוזי שמשום בעמ,,,יח,5,ל 100 גרם,false,1,14.90,2.98,true,1,
7290018029206,false,עוגיות כתר ריבה מיקס 600 גרם,שיבולים יצור ושיווק מוצרי מאפה,,,יח,6,ל 100 גרם,false,1,16.90,2.82,false,1,
7290018045497,false,דגני בוקר בון בון במילוי קרם שוקולד 480,ר.ב. מוצרי דגנים בעמ,,,יח,4.80,ל 100 גרם,false,1,19.90,4.15,false,1,
7290018091029,false,מקלות פילו תפוחי אדמה מעדנות 450 ג',תנובה ענף ב.ע.ד,,,ל 100 גרם,4.50,ל 100 גרם,false,1,17.90,3.98,false,1,
7290018091074,false,בצק עוגיות שוקולד צ'יפס 300 גרם מעדנות,תנובה מרכז שיתופי לשיווק תוצרת,,,ל 100 גרם,10.80,ל 100 גרם,false,1,16.90,1.56,false,1,
7290018091272,false,בצק עוגיות קקאו טריפל שוקולד צ'יפס 300 גרם מעדנות,תנובה מרכז שיתופי לשיווק תוצרת,,,ל 100 גרם,10.80,ל 100 גרם,false,1,16.90,1.56,false,1,
7290018091616,false,מקלות פילו גבינה מעדנות 450 גרם,מיוצר עי קונדיטוריית,,,ל 100 גרם,4.50,ל 100 גרם,false,1,17.90,3.98,false,1,
7290018091661,false,פיצה ירקות שוק מעדנות 380 גרם,תנובה מרכז שיתופי לשיווק תוצרת,,,יח,3.30,ל 100 גרם,false,1,19.90,6.03,false,1,
7290018091838,false,חטיפי פילאס גבינה מעדנות 600 גרם,תנובה ענף ב.ע.ד,,,יח,6,ל 100 גרם,false,1,19.90,3.32,false,1,
7290018115039,false,אבוקדו מוכן לאכילה,ביכורי השדה צפון 1994 ג.ד. בעמ,,,יח,1,,false,1,10.90,10.90,false,1,
7290018132340,false,"מטרנה גולד בד""ץ שלב 1 700 גרם",קבוצת אוסם סחר שותפות מוגבלת,,,יח,7,ל 100 גרם,false,1,69.90,9.99,false,1,
7290018132388,false,"מטרנה גולד בד""ץ שלב 2 700 גרם",קבוצת אוסם סחר שותפות מוגבלת,,,יח,7,ל 100 גרם,false,1,69.90,9.99,false,1,
7290018132425,false,מטרנה גולד בדץ שלב 3 700 גרם,קבוצת אוסם סחר שותפות מוגבלת,,,יח,7,ל 100 גרם,false,1,69.90,9.99,false,1,
7290018165010,false,"יין רזרב GOLD EDITION גווצטרמינר ברקן 750 מ""ל",יקבי ברקן שיווק והפצה בע,,,יח,7.50,"ל 100 מ""ל",false,1,39.90,5.28,false,1,
7290018194201,false,"סודה ספארק בטעם לימון 250 מ""ל-בודד",בני פאוזי שמשום (2009) בעמ,,,יח,2.50,"ל 100 מ""ל",false,1,2.50,0.88,true,1,
7290018194218,false,"סודה ספארק בטעם נענע ליים 250 מ""ל- בודד",בני פאוזי שמשום (2009) בעמ,,,יח,2.50,"ל 100 מ""ל",false,1,2.50,0.88,true,1,
7290018194225,false,"סודה ספארק מ""ל 250- בודד",בני פאוזי שמשום (2009) בעמ,,,יח,2.50,"ל 100 מ""ל",false,1,2.50,0.88,true,1,
7290018194454,false,ערק סאפי לימונארק 7,הנסיך- מפעל לייצור ט,,,ל 100 גרם,7,יח,false,1,49.90,7.09,false,1,
7290018198056,false,תפוגן קוביות תפוחי אדמה 9*1.5קג,קבוצת אוסם סחר שותפות מוגבלת,,,יח,15,ל 100 גרם,false,1,25.90,1.73,false,1,
7290018198209,false,צ'יפס בטטה קראנצ'י תפוגן 500 גרם,קבוצת אוסם סחר שותפות מוגבלת,,,יח,5,ל 100 גרם,false,1,21.90,4.38,false,1,
7290018236635,false,צ'ונגו-פופקורן מצופה עוף טוב 600 גרם,קבוצת אוסם סחר שותפות מוגבלת,,,יח,0.60,ל 100 גרם,false,1,36.90,61.50,true,1,
7290018237939,false,שניצלונים ציפוי שומשום עוף טוב 700 גרם,קבוצת אוסם סחר שותפות מוגבלת,,,יח,7,ל 100 גרם,false,1,13.90,1.99,false,1,
7290018249154,false,ממרח קקאו עם אגוזי סוויטאנגו 350 גר`,י.איטליאנו אחזקות בעמ,,,יח,2.80,ל 100 גרם,false,1,29.90,10.68,false,1,
7290018249352,false,אינסטנט פודינג קרמל סוויטאנגו 55 גר,י.איטליאנו אחזקות בעמ,,,יח,5,ל 100 גרם,false,1,11.90,2.38,false,1,
7290018249550,false,אינסטנט פודינג שוקולד סוויטאנגו 55 גר,י.איטליאנו אחזקות בעמ,,,יח,5,ל 100 גרם,false,1,11.90,2.38,false,1,
7290018294192,false,"יין בלנד היינן אדום יבש 750 מ""ל p.c",אגודת הכורמים -כרמל מזרחי,,,יח,7.50,"ל 100 מ""ל",false,1,39.90,5.28,true,1,
7290018294208,false,"סלקטדאדום ישראלי יבש כרמל 750 מ""ל",אגודת הכורמים בעמ,,,יח,7.50,"ל 100 מ""ל",false,1,29.90,3.95,true,1,
7290018294352,false,"ארק יקבי כרמל 700 מ""",אגודת הכורמים -כרמל מזרחי,,,יח,7,"ל 100 מ""ל",false,1,54.90,7.80,true,1,
7290018294895,false,"יין מונלייט מוסקטו ורוד מבעבע 750 מ""ל",אגודת הכורמים בעמ,,,יח,7.50,"ל 100 מ""ל",false,1,34.90,4.61,false,1,
7290018333112,false,טופי אצבעות מיקס פירות כרמית 402 גרם,כרמית תעשיות ממתקים בעמ,,,יח,4.02,ל 100 גרם,false,1,10.90,2.71,false,1,
7290018359518,false,תירס מהשדה בלי תוספת סוכר יכין מארז 200X3 גר',היינץ צפון אמריקה מק,,,יח,6,ל 100 גרם,false,1,14.90,2.48,false,1,
7290018359556,false,תירס מהשדה בלי תוספת סוכר יכין 400 גרם,זנלכל בעמ,,,יח,4,ל 100 גרם,false,1,6.90,1.73,true,1,
7290018359570,false,"שלישיית שעועית צ'ילי ""הקטניה הטובה"" יכין",זנלכל בעמ,,,יח,6,ל 100 גרם,false,1,12.90,2.15,true,1,
7290018359587,false,חומוס שלם הקטניה הטובה יכין מארז 3*200,זנלכל בעמ,,,יח,6,ל 100 גרם,false,1,12.90,2.15,true,1,
7290018359662,false,קוביות סלק יכין מארז שלישייה 3*200 גרם,זנלכל בעמ,,,יח,6,ל 100 גרם,false,1,14.90,2.48,false,1,
7290018359679,false,הקיסרית-שעועית לימה יכין 550 גרם,קריות זול,,,יח,5.50,ל 100 גרם,false,1,9.90,1.80,false,1,
7290018359686,false,יכין חומוס גדול 550 גר A2,היינץ צפון אמריקה מק,,,יח,5.50,ל 100 גרם,false,1,9.90,1.80,false,1,
7290018359716,false,רוטב עגבניות פיצה טוסקנה 240 גרם יכין,"זנלכל בע""\מ",,,יח,2.40,ל 100 גרם,false,1,5.50,2.29,false,1,
7290018359938,false,"רוטב עגבניות לשקשוקה יכין, 400 גרם",זנלכול יכין,,,יח,4,ל 100 גרם,false,1,9.90,2.48,false,1,
7290018359945,false,רוטב עגבניות פיקנטי מפלפלים וירקות יכין 400 גרם,זנלכול יכין,,,יח,4,ל 100 גרם,false,1,9.90,2.48,false,1,
7290018359952,false,רוטב עגבניות לפסטה יכין 400 גרם,זנלכול יכין,,,יח,4,ל 100 גרם,false,1,9.90,2.48,false,1,
7290018359969,false,רוטב עגבניות לפיצה יכין 400 גרם,זנלכול יכין,,,יח,4,ל 100 גרם,false,1,9.90,2.48,false,1,
7290018428412,false,ממרח בטעם ריבת חלב 400 גרר`,לירון קרביץ יבוא שיווק וסחר,,,יח,3.40,ל 100 גרם,false,1,11.90,3.50,false,1,
7290018440070,false,תרכיז עגבניות בשפורפרת 28BX בלה איטליה 200 ג',תה ויסוצקי (ישראל) בעמ,,,יח,4,ל 100 גרם,false,1,7.90,1.98,false,1,
7290018440193,false,פליפז בייגלה בציפוי קרם בטעם חמאת בוטנים מקוויטיס 140 גרם,תה ויסוצקי (ישראל) בעמ,,,יח,1.40,ל 100 גרם,false,1,8.90,6.36,true,1,
7290018440209,false,פליפז בייגלה בציפוי פאדג' לבן מקוויטיס 140 גרם,תה ויסוצקי (ישראל) בעמ,,,יח,1.40,ל 100 גרם,false,1,8.90,6.36,true,1,
7290018440247,false,תה צ'אי שקדים0 25 שקיקים ויסוצקי,תה ויסוצקי (ישראל) בעמ,,,יח,0.50,ל 100 גרם,false,1,20.90,41.80,true,1,
7290018440391,false,תה ירוק מאטה נענע גוארנה ויסוצקי 25 יחידות,תה ויסוצקי (ישראל) בעמ,,,יח,0.3750,ל 100 גרם,false,1,22.90,61.07,true,1,
7290018440407,false,תה ירוק מאטה קקאו לוז ויסוצקי 25 יחידות,תה ויסוצקי (ישראל) בעמ,,,יח,3.75,ל 100 גרם,false,1,22.90,6.11,true,1,
7290018440438,false,Calvo טונה בשמן זית פתיחה קלה 3 * 65 גרם,תה ויסוצקי (ישראל) בעמ,,,יח,1.95,ל 100 גרם,false,1,22.90,11.74,false,1,
7290018440445,false,טונה קאלוו בשמן זית 160 גר,תה ויסוצקי (ישראל) בעמ,,,יח,1.60,ל 100 גרם,false,1,16.90,10.56,true,1,
7290018440476,false,פליפז בייגלה מצופה בקרם עוגת גבינה ותותים מקוויטיס 140 גרם,תה ויסוצקי (ישראל) בעמ,,,יח,1.40,ל 100 גרם,false,1,8.90,6.36,true,1,
7290018440483,false,פליפז בייגלה מצופה בקרמל מלוח ושוקולד מקוויטיס 140 גרם,תה ויסוצקי (ישראל) בעמ,,,יח,1.40,ל 100 גרם,false,1,8.90,6.36,true,1,
7290018440896,false,הגן הקסום חליטה ג'ינגר כורכום ויסוצקי 25 יח,תה ויסוצקי (ישראל) בעמ,,,יח,0.3750,ל 100 גרם,false,1,17.90,47.73,true,1,
7290018443040,false,נבטים סיניים (בוסתן,ביכורי השדה צפון 1994 ג.ד. בעמ,,,יח,1,,false,1,5.90,5.90,false,1,
7290018443057,false,נבטי חמניה ברכת קטיף,ביכורי השדה צפון 1994 ג.ד. בעמ,,,"לק""ג",1,,false,1,8.90,8.90,false,1,
7290018443064,false,נבטים אלפלפא שמיטה,ביכורי השדה צפון 1994 ג.ד. בעמ,,,יח,1,,false,1,5.90,5.90,false,1,
7290018443347,false,שמיר ברכת קטיף מצע מנותק ייבול נוכרי,ביכורי השדה צפון 1994 ג.ד. בעמ,,,יח,1,,false,1,6.90,6.90,false,1,
7290018443354,false,נענע ברכת קטיף מצע מנותק ייבול נוכרי,ביכורי השדה צפון 1994 ג.ד. בעמ,,,יח,1,,false,1,6.90,6.90,false,1,
7290018443385,false,חסה ייבול נוכרי ברכת קטיף,ביכורי השדה צפון 1994 ג.ד. בעמ,,,יח,1,,false,1,7.90,7.90,false,1,
7290018443545,false,פלפל צילי אדום 200 גרם,ביכורי השדה צפון 1994 ג.ד. בעמ,,,יח,2,ל 100 גרם,false,1,10.90,5.45,false,1,
7290018443712,false,כרובית ארוזה תקומה,ביכורי השדה צפון 1994 ג.ד. בעמ,,,יח,10,ל 100 גרם,false,1,10.90,1.09,false,1,
7290018443728,false,באק צ'וי זוג רמי לוי,"בכורי השדה צפון1994 ג.ד. בע""מ",,,יח,1,,false,1,12.90,12.90,false,1,
7290018443743,false,חמציץ רמי לוי פראש,ביכורי השדה צפון 1994 ג.ד. בעמ,,,יח,1,,false,1,9.90,9.90,false,1,
7290018443750,false,חסה משי רמי לוי פראש,ביכורי השדה צפון 1994 ג.ד. בעמ,,,יח,1,,false,1,9.90,9.90,false,1,
7290018443774,false,עלי קייל רמי לוי פרא,ביכורי השדה צפון 1994 ג.ד. בעמ,,,יח,1,,false,1,11.90,11.90,false,1,
7290018443828,false,צמח חסה אייסברג,ביכורי השדה צפון 1994 ג.ד. בעמ,,,יח,10,ל 100 גרם,false,1,9.90,0.99,false,1,
7290018471036,false,"שוופס סודה לימון 500 מ""ל",יפאורה שותפות מוגבלת לשיווק,,,יח,5,"ל 100 מ""ל",false,1,3.90,0.72,false,1,
7290018471050,false,"ספרינג נקטר אגס תפוח סברס פחית 330 מ""ל",יפאורה - שותפות מוגבלת לשיווק,,,יח,3.30,"ל 100 מ""ל",false,1,5.60,1.61,false,1,
7290018471197,false,פרוט אנד ווג` תפוח בננה מלון נענע 1 ליטר,יפאורה שותפות מוגבלת לשיווק,,,יח,10,"ל 100 מ""ל",false,1,13.20,1.29,false,1,
7290018471210,false,ספרינג נקטר אגס סברס תפוח 1ליטר קרטוני,יפאורה שותפות מוגבלת לשיווק,,,יח,10,"ל 100 מ""ל",false,1,7,0.70,true,1,
7290018471401,false,משקה פרוט& ווג' אננס בננה כורכום 1 ליטר,יפאורה שותפות מוגבלת לשיווק,,,יח,10,"ל 100 מ""ל",false,1,13.20,1.29,false,1,
7290018471456,false,קרטונית ספרינג שייק אננס מנגו פסיפלורה 1 ליטר,יפאורה שותפות מוגבלת לשיווק,,,יח,10,"ל 100 מ""ל",false,1,11.60,1.16,false,1,
7290018471463,false,תפוזינה נקטר תפוז מנגו קרטונית 1 ליטר,יפאורה שותפות מוגבלת לשיווק,,,יח,1,לליטר,false,1,7,7,true,1,
7290018471487,false,תפוזינה נקטר תפוז אננס קרטונית 1 ליטר,יפאורה שותפות מוגבלת לשיווק,,,יח,1,לליטר,false,1,7,7,true,1,
7290018471494,false,תפוזינה משקה תפוז גזר קרטונית 1 ליטר,יפאורה שותפות מוגבלת לשיווק,,,יח,1,לליטר,false,1,7,7,true,1,
7290018471692,false,ספרינג שייק בננה אננס קוקוס פירות יער קרטונית 1 ליטר,יפאורה - שותפות מוגבלת לשיווק,,,יח,10,"ל 100 מ""ל",false,1,11.60,1.16,false,1,
7290018471906,false,שוופס מוגז פירות לימונדה ורודה 1.5 ליטר פיקדון,יפאורה - שותפות מוגבלת לשיווק,,,יח,15,"ל 100 מ""ל",false,1,8.90,0.57,true,1,
7290018471913,false,משקה מוגז פירות תפוחים שוופס 1.5 ליטר,יפאורה - שותפות מוגבלת לשיווק,,,יח,15,"ל 100 מ""ל",false,1,8.90,0.57,true,1,
7290018471920,false,שוופס מוגז פירות ענבים 1.5 ליטר פיקדון,יפאורה - שותפות מוגבלת לשיווק,,,יח,15,"ל 100 מ""ל",false,1,8.90,0.57,true,1,
7290018471937,false,שוופס מוגז פירות תות ליים 1.5 ליטר פיקדון,יפאורה - שותפות מוגבלת לשיווק,,,יח,15,"ל 100 מ""ל",false,1,8.90,0.57,true,1,
7290018471944,false,שוופס מוגז פירות לימונייד 1.5 ליטר פיקדון,יפאורה - שותפות מוגבלת לשיווק,,,יח,15,"ל 100 מ""ל",false,1,8.90,0.57,true,1,
7290018471951,false,שוופס מוגז פירות אשכולית אדומה 1.5 ליטר פיקדון,יפאורה - שותפות מוגבלת לשיווק,,,יח,15,"ל 100 מ""ל",false,1,8.90,0.57,true,1,
7290018500231,false,לחם פרוס וויקאנד אנג'ל 750 גרם,מאפיית שלמה א. אנג'\ל בע,,,יח,6,ל 100 גרם,false,1,18.90,3.15,false,1,
7290018500361,false,"לחם שחור פרוס 900 גרם ""אנג'ל"" -מוצר בפיקוח",מאפיית שלמה א. אנג'\ל בע,,,יח,9,ל 100 גרם,false,1,8.50,0.94,false,1,
7290018500385,false,"חלה רגילה 650 גרם ""אנגל""-מוצר בפיקוח",מאפיית שלמה א. אנגל,,,יח,6.50,ל 100 גרם,false,1,6.70,1.03,false,1,
7290018500392,false,"חלה רגילה 650 גרם ""אנגל""-מוצר בפיקוח",מאפיית שלמה א. אנגל,,,יח,6.50,ל 100 גרם,false,1,6.70,1.03,false,1,
7290018516355,false,מחיט תפוח עץ ושבולות שועל 190 ג' פרינוק גוניור,גורי מוצרי צריכה (1991) בעמ,,,יח,1.90,ל 100 גרם,false,1,6.60,3.47,true,1,
7290018517031,false,"טורטיות בתוספת בתוספת קמח כוסמין 20ס""מ",נאמן לאורך זמן בעמ,,,יח,3.20,ל 100 גרם,false,1,11.90,3.72,false,1,
7290018517536,false,עוגיות קרם סנדוויץ צילינדר 150 גרם,נאמן לאורך זמן בעמ,,,יח,1.50,ל 100 גרם,false,1,4.50,3,false,1,
7290018517543,false,עוגיות וניל ממולאות קרם טעם שוקולד 160גר,נאמן לאורך זמן בעמ,,,יח,1.60,ל 100 גרם,false,1,6.50,4.06,false,1,
7290018517550,false,עוגיות שוקו ממולאות קרם טעם שוקולד 160,נאמן לאורך זמן בעמ,,,יח,1.60,ל 100 גרם,false,1,6.50,4.06,false,1,
7290018540459,false,לחמניות המבורגר כוסמין 6 יח`300 גרם אנג,מאפיית שלמה א.אנג'\ל בע\,,,יח,3,ל 100 גרם,false,1,14.90,4.97,false,1,
7290018540817,false,ארטיזנל לחם מחמצת כוסמין אנג'ל 500 גרם,שלמה א. אנג`ל בעמ,,,יח,5,ל 100 גרם,false,1,19.90,3.98,true,1,
7290018540824,false,ארטיזנל לחם מחמצת כפרי אנג'ל 500 גרם,שלמה א. אנג`ל בעמ,,,יח,5,ל 100 גרם,false,1,19.90,3.98,true,1,
7290018540831,false,ארטיזנל לחם מחמצת חיטה מלאה ודגנים אנג'ל 500 גרם,שלמה א. אנג`ל בעמ,,,יח,5,ל 100 גרם,false,1,19.90,3.98,true,1,
7290018571064,false,מקלוני טופי 450 גרם כשלפ,מיה תעשיות מזון מ.ת.מ. בעמ,,,יח,4.50,ל 100 גרם,false,1,14.90,3.31,true,1,
7290018571088,false,טופי חמוצמוץ 600 גרם כשלפ,מיה תעשיות מזון מ.ת.מ. בעמ,,,יח,6,ל 100 גרם,false,1,13.90,2.32,true,1,
7290018571101,false,אגוזי מלך בנספק ( 200 גר`) מיה,מיה תעשיות מזון מ.ת.מ. בעמ,,,יח,2,ל 100 גרם,false,1,23.90,11.95,false,1,
7290018571118,false,שקדים טבעי בנספק ( 200 גר`) מיה,מיה תעשיות מזון מ.ת.מ. בעמ,,,יח,2,ל 100 גרם,false,1,14.90,7.45,false,1,
7290018571125,false,אגוזי פקאן בנפסק( 200 גר`)מיה,מיה תעשיות מזון מ.ת.מ. בעמ,,,יח,2,ל 100 גרם,false,1,26.90,13.45,false,1,
7290018571132,false,פקאן סיני בנפסק (200 גר)מיה,מיה תעשיות מזון מ.ת.מ. בעמ,,,יח,2,ל 100 גרם,false,1,26.90,13.45,true,1,
7290018571149,false,שקד מולבן פרוס בנספק ( 200 גר`) מיה,מיה תעשיות מזון מ.ת.מ. בעמ,,,יח,2,ל 100 גרם,false,1,16.90,8.45,false,1,
7290018571156,false,שקד מולבן שבבים בנספק ( 200 גר`) מיה,מיה תעשיות מזון מ.ת.מ. בעמ,,,יח,2,ל 100 גרם,false,1,16.90,8.45,false,1,
7290018571422,false,מיה-לקקנים מולטיקולור מיקס 65 יחידות,מיה תעשיות מזון מ.ת.מ. בעמ,,,יח,1,ל 100 גרם,false,1,22.90,22.90,true,1,
7290018571491,false,ריבת חלב אמיתי אמיתית בצנצנת 340 גרם,מיה תעשיות מזון מ.ת.מ. בעמ,,,יח,3.40,ל 100 גרם,false,1,14.90,4.38,true,1,
7290018571507,false,סוכריות ויטמין סי לילדים דובונים יד למעלה 175 גרם מיה פלוס,מיה תעשיות מזון מ.ת.מ בעמ,,,יח,1.75,ל 100 גרם,false,1,39.90,22.80,false,1,
7290018571514,false,סוכריות ויטמין די ילדים דובונים יד למעלה 175 גרם מיה פלוס,מיה תעשיות מזון מ.ת.מ בעמ,,,יח,1.75,ל 100 גרם,false,1,39.90,22.80,false,1,
7290018571521,false,סוכריות מולטי ויטמין ילדים דובונים יד למעלה 175 גרם מיה פלוס,מיה תעשיות מזון מ.ת.מ בעמ,,,יח,1.75,ל 100 גרם,false,1,39.90,22.80,false,1,
7290018571538,false,סוכריות חורף פרופוליס אכיניציה ילדים דובונים יד למעלה 175 גרם מיה פלוס,מיה תעשיות מזון מ.ת.מ בעמ,,,יח,1.75,ל 100 גרם,false,1,39.90,22.80,false,1,
7290018571569,false,תמצית וניל טהורה 30 מ''ל,מיה תעשיות מזון מ.ת.מ בעמ,,,יח,0.30,ל 100 גרם,false,1,29.90,99.67,false,1,
7290018571620,false,סוכריות מולטי ויטמין נשים מבוגרים גבעות מיה פלוס 240 גרם,מיה תעשיות מזון מ.ת.מ בעמ,,,יח,2.40,ל 100 גרם,false,1,39.90,16.63,false,1,
7290018571637,false,סוכריות מולטי ויטמין גברים מבוגרים גבעות  220 גרם מיה פלוס,מיה תעשיות מזון מ.ת.מ בעמ,,,יח,2.20,ל 100 גרם,false,1,39.90,18.14,false,1,
7290018571668,false,"סוכריות ג'לי עם ויטמינים C, D3 ואבץ לילדים ומבוגרים",מיה תעשיות מזון מ.ת.מ בעמ,,,יח,2.10,ל 100 גרם,false,1,39.90,19,false,1,
7290018571699,false,"קמח שקדים 250 גרם כשל""פ עד""ח",מיה תעשיות מזון מ.ת.מ. בעמ,,,יח,2.50,ל 100 גרם,false,1,20.90,8.36,false,1,
7290018571705,false,"אורז יסמין 1 ק""ג מיה.",מיה תעשיות מזון מ.ת.מ. בעמ,,,יח,10,ל 100 גרם,false,1,10.90,1.09,true,1,
7290018571712,false,"אורז בסגנון פרסי 1 ק""ג",מיה תעשיות מזון מ.ת.מ. בעמ,,,יח,10,ל 100 גרם,false,1,9.90,0.99,true,1,
7290018571736,false,אורז בסמטי הודי 1ק''ג,מיה תעשיות מזון מ.ת.מ. בעמ,,,יח,10,ל 100 גרם,false,1,10.90,1.09,true,1,
7290018571743,false,"אורז פרסי מלא 1 ק""ג",מיה תעשיות מזון מ.ת.מ. בעמ,,,יח,10,ל 100 גרם,false,1,8.90,0.89,false,1,
7290018652671,false,"לה קרמריה שוקולד וניל 1.4 ליטר [תו אי""ל]",נגה גלידות שותפות מוגבלת,,,יח,1.40,ל 100 גרם,false,1,21.90,15.64,false,1,
7290018677155,false,תער`קמחים רב תכליתית ללא גלוטון 500 גר`,י.איטליאנו אחזקות בעמ,,,יח,5,ל 100 גרם,false,1,16.90,3.38,false,1,
7290018677162,false,תער`קמחים רב תכליתית ללא גלוטון 500 ג,י.איטליאנו אחזקות בעמ,,,יח,5,ל 100 גרם,false,1,22.90,4.58,false,1,
7290018677179,false,מחית עגבניות אורגני נוטרה זן 695 גר`,י.איטליאנו אחזקות בעמ,,,יח,6.95,ל 100 גרם,false,1,12.90,1.86,false,1,
7290018708125,false,בארכה חלבה מסולסלת וניל 250 גרם,קבוצת אוסם סחר שותפות מוגבלת,,,יח,2.50,ל 100 גרם,false,1,16.90,6.76,false,1,
7290018724538,false,פריכיות כוסמת עם קווקר 145 גר`,י.איטליאנו אחזקות בעמ,,,יח,1.45,"ל 100 מ""ל",false,1,11.90,8.21,false,1,
7290018724804,false,"זרעי צ'יה ""נטורלה"" 230 גרם",י.איטליאנו אחזקות בעמ,,,יח,2.30,ל 100 גרם,false,1,12.90,5.61,false,1,
7290018792841,false,אבקת קקאו טבעי 150 גר` גאנה,תה ויסוצקי (ישראל) בעמ,,,יח,1.50,ל 100 גרם,false,1,9.90,6.60,true,1,
7290018798713,false,לוקסור מיקסר קערה,אוהב ציון בעמ,,,יח,1,,false,1,179.90,179.90,false,1,
7290018835012,false,באר אקסטרה בציפוי שוקולד חלב 5 יח 90 גר,א.ל ייצור ושיווק תבלינים בעמ,,,יח,0.90,ל 100 גרם,false,1,14.90,16.56,false,1,
7290018835029,false,מרק בטעם עוף פרווה 400 ג,א.ל ייצור ושיווק תבלינים בעמ,,,יח,4,ל 100 גרם,false,1,12.90,3.23,true,1,
7290018878798,false,מטבעות שוקולד חלב צבעוני 36 גרם כרמית,כרמית תעשיות ממתקים בעמ,,,יח,0.36,ל 100 גרם,false,1,2.90,8.06,false,1,
7290018879801,false,טופי ממולא בטעם פירות כרמית 40 גרם,כרמית תעשיות ממתקים בעמ,,,יח,0.50,יח,false,1,1.50,3,false,1,
7290018879825,false,מטבעות שוקולד לבן 36 גרם כרמית,כרמית תעשיות ממתקים בעמ,,,יח,0.36,ל 100 גרם,false,1,2.90,8.06,false,1,
7290018893005,false,"חטיפי בייגלה אפוי בטעם חרדל ודבש, 160 גרם",ש.שסטוביץ בעמ,,,יח,1.60,ל 100 גרם,false,1,6.50,4.06,true,1,
7290018893036,false,צ'וקטה ביסקוויט בטעם שוקוטלד במילוי קרם בטעם וניל 176 גרם,ש. שסטוביץ בע`מ,,,יח,1.76,ל 100 גרם,false,1,6.90,3.92,false,1,
7290018893081,false,עוגות מגולגלות במילוי קרם חלבי וציפוי בטעם שוקולד,ש. שסטוביץ בע`מ,,,יח,2.22,ל 100 גרם,false,1,8.90,4.01,true,1,
7290018893258,false,צ'וקטה עוגות אישיות במילוי קרם קרמל ובציפוי בטעם שוקולד 300 גרם,פרדי קונדיטוריה אס.פ,,,יח,3,ל 100 גרם,false,1,10.90,3.63,false,1,
7290018893265,false,צ'וקטה עוגות אישיות בטעם שוקולד מריר 8 יח 240 גרם,"פרדי קונדיטוריה אס,פי.אי",,,יח,2.40,ל 100 גרם,false,1,10.90,4.54,true,1,
7290018893289,false,צ'וקטה עוגות מגולגלות בטעם קקאו במילוי קרם קקאו וציפוי בטעם שוקולד 6 יח' 222 גרם,ש. שסטוביץ בע`מ,,,יח,222,ל 100 גרם,false,1,8.90,0.04,true,1,
7290018893425,false,צוקטה ממרח אגוזי לוז וקקאו דואו 700 גר,ש.שסטוביץ בעמ,,,יח,7,ל 100 גרם,false,1,19.90,2.84,false,1,
7290018893456,false,צ'וקטה עוגות אישיות במילוי קרם ובציפוי בטעם שוקולד 300 גרם,"פרדי קונדיטוריה אס,פי.אי",,,יח,3,ל 100 גרם,false,1,10.90,3.63,false,1,
7290018893647,false,עוגיות סנדוויץ במילוי קרם וניל בציפוי שוקולד 150 גרם צ'וקטה,ש.שסטוביץ בעמ,,,יח,1.50,ל 100 גרם,false,1,8.90,5.93,false,1,
7290018893661,false,עוגות אישיות במילוי קרם קקאו ציפוי בטעם שוקולד מריר,"פרדי קונדיטוריה אס,פי.אי",,,יח,2.40,ל 100 גרם,false,1,10.90,4.54,true,1,
7290018893708,false,עוגיות סנדוויץ' במילוי קרם בטעם שוקולד,ש.שסטוביץ בעמ,,,יח,2.50,ל 100 גרם,false,1,7.90,3.16,true,1,
7290018893753,false,עלי וופל חמאה בטעם לימון 100 גר` צוקטה,ש.שסטוביץ בעמ,,,יח,1,ל 100 גרם,false,1,9.90,9.90,true,1,
7290018893845,false,פתי בר ביסקוויט בטעם חמאה 400 גרם צ'וקטה,ש. שסטוביץ בע`מ,,,יח,4,ל 100 גרם,false,1,10.90,2.73,false,1,
7290018893876,false,עוגות אישיות רכות עם מילוי קרם בטעם וניל,פרדי קונדיטוריה אס.פ,,,יח,2,ל 100 גרם,false,1,10.90,5.45,true,1,
7290018893906,false,עוגיות סנדוויץ' במילוי קרם בטעם וניל,ש.שסטוביץ בעמ,,,יח,2.50,ל 100 גרם,false,1,7.90,3.16,true,1,
7290018894002,false,קוביות וופל במילוי קרם קקאו - חלבי,ש. שסטוביץ בע`מ,,,יח,2.50,ל 100 גרם,false,1,11.90,4.76,true,1,
7290018894217,false,עוגות אישיות במילוי קרם קקאו ובציפוי קרם קקאו,ש. שסטוביץ בע`מ,,,יח,3.50,ל 100 גרם,false,1,13.90,3.97,true,1,
7290018894248,false,צ'וקטה - שוקולד חלב שלישייה 3 * 100 גרם,ש. שסטוביץ בע`מ,,,יח,3,ל 100 גרם,false,1,15.50,5.17,true,1,
7290018894408,false,קוביות וופל במילוי קרם אגוזי לוז - חלבי,ש. שסטוביץ בע`מ,,,יח,2.50,ל 100 גרם,false,1,11.90,4.76,true,1,
7290018894606,false,בלקוני וופל קקאו 175 גרם חלבי OU,ש. שסטוביץ בע`מ,,,יח,1.75,ל 100 גרם,false,1,7.90,4.51,true,1,
7290018921616,false,רביעיית מגבוני קמיל בלו שיבולת שועל 64 יח',"פישר תעשיות פרמצביטות בע""מ",,,יח,10,"ל 100 מ""ל",false,1,22.90,2.29,false,1,
7290018925065,false,מיץ תפוזים סחוט פרימור (2 ליטר),שטראוס גרופ בעמ/מצונן,,,יח,2,לליטר,false,1,25.90,12.80,false,1,
7290018925072,false,פרימור טרי מיץ לימונים עם נענע 2 ליטר,שטראוס גרופ בעמ/מצונן,,,יח,2,לליטר,false,1,25.90,12.80,false,1,
7290018964002,false,אוזניות חוטיות לבן סדרת שרביט,סוויטשי ישראל בעמ,,,יח,1,,false,1,29.90,29.90,false,1,
7290018964019,false,כבל טעינה וסנכרון M1 USB MICRO,סוויטשי ישראל בעמ,,,יח,1,,false,1,29.90,29.90,false,1,
7290018964033,false,כבל טעינה אנדרואיד טייפ סי,סוויטשי ישראל בעמ,,,יח,1,,false,1,29.90,29.90,false,1,
7290018964057,false,מטען קיר 1A/2A,סוויטשי ישראל בעמ,,,יח,1,,false,1,29.90,29.90,false,1,
7290018964071,false,מעמד לרכב מגנטי לתריס מזגן,סוויטשי ישראל בעמ,,,יח,1,,false,1,29.90,29.90,false,1,
7290018989005,false,שלישיית פולפה עגבניות טבעי יכין 400X3 גרם,זנלכול יכין,,,יח,1.20,ל 100 גרם,false,1,16.90,14.08,true,1,
7290018989128,false,סירופ בטעם ענבים יכין 1 ליטר,זנלכול יכין,,,יח,10,לליטר,false,1,18.90,1.89,false,1,
7290018989135,false,סירופ בטעם פטל יכין 1 ליטר,זנלכול יכין,,,יח,10,לליטר,false,1,18.90,1.89,false,1,
7290019026501,false,לוקסור טוסטר 2 פרוסות פסים,אוהב ציון בעמ,,,יח,1,,false,1,89.90,89.90,false,1,
7290019035244,false,מיקס פירות קפואים פסיפלורה/ בננה/פפי,קונגלדוס אקיואטוריאנ,,,יח,6,ל 100 גרם,false,1,24.90,4.15,false,1,
7290019056027,false,שוופס מוגז פירות תפוחים ללא סוכר 1.5 ליטר פיקדון,יפאורה - שותפות מוגבלת לשיווק,,,יח,1.50,לליטר,false,1,8.90,5.73,true,1,
7290019056034,false,שוופס מוגז פירות אננס ללא סוכר 1.5 ליטר פיקדון,יפאורה - שותפות מוגבלת לשיווק,,,יח,1.50,לליטר,false,1,8.90,5.73,true,1,
7290019056041,false,שוופס מוגז פירות לימונייד ללא סוכר 1.5 ליטר פיקדון,יפאורה - שותפות מוגבלת לשיווק,,,יח,1.50,לליטר,false,1,8.90,5.73,true,1,
7290019056058,false,שוופס מוגז עדין תפוח ליים 1.5 ליטר פיקדון,יפאורה - שותפות מוגבלת לשיווק,,,יח,15,"ל 100 מ""ל",false,1,8.90,0.57,true,1,
7290019056065,false,שוופס מוגז עדין פירות יער 1.5 ליטר פיקדון,יפאורה - שותפות מוגבלת לשיווק,,,יח,1.50,לליטר,false,1,8.90,5.73,true,1,
7290019056072,false,שוופס מוגז עדין אננס 1.5 ליטר פיקדון,יפאורה - שותפות מוגבלת לשיווק,,,יח,15,"ל 100 מ""ל",false,1,8.90,0.57,true,1,
7290019056089,false,שוופס מוגז עדין ענבי ריזלינג 1.5 ליטר פיקדון,יפאורה - שותפות מוגבלת לשיווק,,,יח,15,"ל 100 מ""ל",false,1,8.90,0.57,true,1,
7290019056096,false,שוופס מוגז עדין אפרסק 1.5 ליטר פיקדון,יפאורה - שותפות מוגבלת לשיווק,,,יח,15,"ל 100 מ""ל",false,1,8.90,0.57,true,1,
7290019056119,false,שוופס סודה 1.5 ליטר פיקדון,יפאורה שותפות מוגבלת לשיווק,,,יח,1.50,לליטר,false,1,3.20,1.93,false,1,
7290019056164,false,שוופס סודה 1.5 ליטר רביעייה פיקדון,יפאורה - שותפות מוגבלת לשיווק,,,יח,60,"ל 100 מ""ל",false,1,12.20,0.18,false,1,
7290019056171,false,שוופס סודה לימון 1.5 ליטר רביעייה פיקדון,יפאורה - שותפות מוגבלת לשיווק,,,יח,60,"ל 100 מ""ל",false,1,12.20,0.18,false,1,
7290019056188,false,שוופס סודה נענע ליים 1.5 ליטר רביעייה פיקדון,יפאורה - שותפות מוגבלת לשיווק,,,יח,60,"ל 100 מ""ל",false,1,12.20,0.18,false,1,
7290019056201,false,שוופס סודה פירות יער 1.5 ליטר רביעייה פיקדון,יפאורה - שותפות מוגבלת לשיווק,,,יח,60,"ל 100 מ""ל",false,1,12.20,0.18,false,1,
7290019056232,false,משקה מוגז בטעם ליים מוחיטו 1.5 ל' שוופס,יפאורה - שותפות מוגבלת לשיווק,,,יח,1.50,לליטר,false,1,8.90,5.73,true,1,
7290019056249,false,שוופס מים בטעמים ענבים 1.5 ליטר פיקדון,יפאורה - שותפות מוגבלת לשיווק,,,יח,15,"ל 100 מ""ל",false,1,7.90,0.51,false,1,
7290019056256,false,שוופס מים בטעמים תפוחים 1.5 ליטר פיקדון,יפאורה - שותפות מוגבלת לשיווק,,,יח,15,"ל 100 מ""ל",false,1,7.90,0.51,false,1,
7290019056263,false,שוופס מים בטעמים אפרסק 1.5 ליטר פיקדון,יפאורה - שותפות מוגבלת לשיווק,,,יח,15,"ל 100 מ""ל",false,1,7.90,0.51,false,1,
7290019056270,false,שוופס מים בטעמים פירות יער 1.5 ליטר פיקדון,יפאורה - שותפות מוגבלת לשיווק,,,יח,15,"ל 100 מ""ל",false,1,7.90,0.51,false,1,
7290019056287,false,שוופס מים בטעמים אפרסק ללא סוכר 1.5 ליטר פיקדון,יפאורה - שותפות מוגבלת לשיווק,,,יח,1.50,לליטר,false,1,7.90,5.07,false,1,
7290019056300,false,משקה בטעם ביטר לימון 1.5 ל' שוויפס,יפאורה - שותפות מוגבלת לשיווק,,,יח,15,"ל 100 מ""ל",false,1,11.90,0.77,false,1,
7290019056317,false,שוופס ראשן 1.5 ליטר פיקדון,יפאורה - שותפות מוגבלת לשיווק,,,יח,15,"ל 100 מ""ל",false,1,11.90,0.77,false,1,
7290019056324,false,שוופס טוניק 1.5 ליטר פיקדון,יפאורה - שותפות מוגבלת לשיווק,,,יח,15,"ל 100 מ""ל",false,1,11.90,0.77,false,1,
7290019056331,false,שוופס טוניק ללא סוכר 1.5 ליטר פיקדון,יפאורה - שותפות מוגבלת לשיווק,,,יח,15,"ל 100 מ""ל",false,1,11.90,0.77,false,1,
7290019056355,false,תפוזינה לימונדה מיקס לימונענע 1.5 ליטר,יפאורה - שותפות מוגבלת לשיווק,,,יח,1.50,לליטר,false,1,8.90,5.73,true,1,
7290019056362,false,תפוזינה משקה קל ענבים 1.5 ליטר,יפאורה - שותפות מוגבלת לשיווק,,,יח,1.50,לליטר,false,1,8.90,5.73,true,1,
7290019056379,false,משקה קל תפוזינה 1.5 ליטר תפוזים,יפאורה - שותפות מוגבלת לשיווק,,,יח,15,"ל 100 מ""ל",false,1,8.90,0.57,true,1,
7290019056386,false,משקה קל תפוזינה 1.5 ליטר אשכוליות,יפאורה - שותפות מוגבלת לשיווק,,,יח,15,"ל 100 מ""ל",false,1,8.90,0.57,true,1,
7290019056393,false,משקה קל תפוזינה 1.5 ליטר תות בננה,יפאורה - שותפות מוגבלת לשיווק,,,יח,15,"ל 100 מ""ל",false,1,8.90,0.57,true,1,
7290019056409,false,תפוזינה משקה קל מנגו עסיסי1.5ליטר,יפאורה - שותפות מוגבלת לשיווק,,,יח,15,"ל 100 מ""ל",false,1,8.90,0.57,true,1,
7290019056416,false,מיץ בטעם לימונדה ורודה 1.5 ל' תפוזינה,יפאורה - שותפות מוגבלת לשיווק,,,יח,15,"ל 100 מ""ל",false,1,8.90,0.57,true,1,
7290019056447,false,משקה קל תפוזינה 1.5 ליטר אשכוליות לייט,יפאורה - שותפות מוגבלת לשיווק,,,יח,1.50,לליטר,false,1,8.90,5.73,true,1,
7290019056454,false,משקה מוגז בטעם קולה 1.5 ל' אר סי,יפאורה שותפות מוגבלת לשיווק,,,יח,1.50,לליטר,false,1,6.90,4.40,false,1,
7290019056461,false,מארז משקה בטעם קולה שישייה * 1.5 ל' אר.סי,יפאורה - שותפות מוגבלת לשיווק,,,יח,90,"ל 100 מ""ל",false,1,39.90,0.42,false,1,
7290019056478,false,ספרינג טי קר אפרסק 1.5ליטר פיקדון,יפאורה - שותפות מוגבלת לשיווק,,,יח,15,"ל 100 מ""ל",false,1,7.90,0.51,false,1,
7290019056485,false,ספריג תה ירוק לימון לואיזה 1.5 ליטר פיקדון,יפאורה - שותפות מוגבלת לשיווק,,,יח,15,"ל 100 מ""ל",false,1,7.90,0.51,false,1,
7290019056492,false,ספרינג תה מנגו אפרסק 1.5 ליטר פיקדון,יפאורה - שותפות מוגבלת לשיווק,,,יח,15,"ל 100 מ""ל",false,1,7.90,0.51,false,1,
7290019056508,false,פרוט ווטר ענבים 1.5 ליטר פיקדון,יפאורה - שותפות מוגבלת לשיווק,,,יח,15,"ל 100 מ""ל",false,1,7.90,0.51,false,1,
7290019056515,false,פרוט ווטר אננס 1.5 ליטר פיקדון,יפאורה - שותפות מוגבלת לשיווק,,,יח,15,"ל 100 מ""ל",false,1,7.90,0.51,false,1,
7290019056522,false,פרוט ווטר תות 1.5 ליטר פיקדון,יפאורה - שותפות מוגבלת לשיווק,,,יח,15,"ל 100 מ""ל",false,1,7.90,0.51,false,1,
7290019056539,false,פרוט ווטר אפרסק 1.5 ליטר פיקדון,יפאורה שותפות מוגבלת לשיווק,,,יח,15,"ל 100 מ""ל",false,1,7.90,0.51,false,1,
7290019056546,false,פרוט ווטר אבטיח 1.5 ליטר פיקדון,יפאורה - שותפות מוגבלת לשיווק,,,יח,15,"ל 100 מ""ל",false,1,7.90,0.51,false,1,
7290019056553,false,שישיית מים מינרלים עין גדי 2 ליטר,יפאורה - שותפות מוגבלת לשיווק,,,יח,120,"ל 100 מ""ל",false,1,13.70,0.10,false,1,
7290019056560,false,עין גדי מים מינרלים בקבוק 2 ליטר,יפאורה שותפות מוגבלת לשיווק,,,יח,2,לליטר,false,1,3.30,1.50,false,1,
7290019056577,false,ספרינג קל מנגו 1.5 ליטר פיקדון,יפאורה - שותפות מוגבלת לשיווק,,,יח,15,"ל 100 מ""ל",false,1,8.90,0.57,true,1,
7290019056584,false,משקה קל תפוזים ספרינג 1.5 ליטר,יפאורה - שותפות מוגבלת לשיווק,,,יח,15,"ל 100 מ""ל",false,1,8.90,0.57,true,1,
7290019056591,false,משקה קל ענבים ספרינג 1.5 ליטר,יפאורה - שותפות מוגבלת לשיווק,,,יח,15,"ל 100 מ""ל",false,1,8.90,0.57,true,1,
7290019056607,false,משקה קל תפוחים ספרינג 1.5 ליטר,יפאורה - שותפות מוגבלת לשיווק,,,יח,1.50,לליטר,false,1,8.90,5.73,true,1,
7290019056614,false,משקה קל ספרינג 1.5 ליטר אפרסק,יפאורה - שותפות מוגבלת לשיווק,,,יח,15,"ל 100 מ""ל",false,1,8.90,0.57,true,1,
7290019056638,false,משקה קל תות בננה ספרינג 1.5 ליטר,יפאורה - שותפות מוגבלת לשיווק,,,יח,15,"ל 100 מ""ל",false,1,8.90,0.57,true,1,
7290019056645,false,משקה קל ספרינג 1.5 ליטר אגס תפוח סברס,יפאורה - שותפות מוגבלת לשיווק,,,יח,15,"ל 100 מ""ל",false,1,8.90,0.57,true,1,
7290019056652,false,משקה קל ספרינג 1.5 ליטר אננס בננה,יפאורה - שותפות מוגבלת לשיווק,,,יח,15,"ל 100 מ""ל",false,1,8.90,0.57,true,1,
7290019056669,false,משקה קל תפוחים דיאט ספרינג 1.5 ליטר,יפאורה - שותפות מוגבלת לשיווק,,,יח,15,"ל 100 מ""ל",false,1,8.90,0.57,true,1,
7290019056676,false,משקה קל אשכולית אננס דיאט ספרינג 1.5 ליטר,יפאורה - שותפות מוגבלת לשיווק,,,יח,15,"ל 100 מ""ל",false,1,8.90,0.57,true,1,
7290019056720,false,קריסטל מיץ ענבים 2 ליטר פיקדון,יפאורה - שותפות מוגבלת לשיווק,,,יח,20,"ל 100 מ""ל",false,1,6.90,0.33,false,1,
7290019056737,false,משקה קל קריסטל (2 ליטר)אשכוליות,יפאורה - שותפות מוגבלת לשיווק,,,יח,20,"ל 100 מ""ל",false,1,6.90,0.33,false,1,
7290019056744,false,קריסטל מיץ תפוזים 2 ליטר פיקדון,יפאורה - שותפות מוגבלת לשיווק,,,יח,20,"ל 100 מ""ל",false,1,6.90,0.33,false,1,
7290019056751,false,קריסטל מיץ אשכוליות דיאט 2 ליטר פיקדון,יפאורה - שותפות מוגבלת לשיווק,,,יח,20,"ל 100 מ""ל",false,1,6.90,0.33,false,1,
7290019056768,false,קריסטל משקה קל מנגו 2 ליטר פיקדון,יפאורה - שותפות מוגבלת לשיווק,,,יח,20,"ל 100 מ""ל",false,1,6.90,0.33,false,1,
7290019056782,false,משקה קל קריסטל (2 ליטר)מוגז למון ליים,יפאורה - שותפות מוגבלת לשיווק,,,יח,20,"ל 100 מ""ל",false,1,6.90,0.33,false,1,
7290019056799,false,משקה קל קריסטל (2 ליטר)מוגז אקזוטי,יפאורה - שותפות מוגבלת לשיווק,,,יח,20,"ל 100 מ""ל",false,1,6.90,0.33,false,1,
7290019056805,false,משקה קל קריסטל (2 ליטר)מוגז תפוחים,יפאורה - שותפות מוגבלת לשיווק,,,יח,20,"ל 100 מ""ל",false,1,6.90,0.33,false,1,
7290019056829,false,משקה קל קריסטל (2 ליטר)מוגז תפוזים,יפאורה - שותפות מוגבלת לשיווק,,,יח,20,"ל 100 מ""ל",false,1,6.90,0.33,false,1,
7290019056843,false,משקה קל קריסטל (2 ליטר)מוגז קולה,יפאורה - שותפות מוגבלת לשיווק,,,יח,20,"ל 100 מ""ל",false,1,6.90,0.33,false,1,
7290019056850,false,ספרינג תה אפרסק דיאט 1.5 ליטר פיקדון,יפאורה - שותפות מוגבלת לשיווק,,,יח,15,"ל 100 מ""ל",false,1,7.90,0.51,false,1,
7290019056959,false,מי עדן בקבוק מתכווץ שקט 1.5 מ``ל,יפאורה - שותפות מוגבלת לשיווק,,,יח,1.50,לליטר,false,1,2.80,1.67,false,1,
7290019056973,false,מי עדן שישיה בק `1.5ליטר פיקדון,יפאורה - שותפות מוגבלת לשיווק,,,יח,9,לליטר,false,1,13.70,1.32,false,1,
7290019074090,false,"ד""ר פישר - קמיל בלו אקסטרה סופט אל סבון לתינוק 500 מ""ל","פישר תעשיות פרמצביטות בע""מ",,,יח,5,"ל 100 מ""ל",false,1,22.90,4.58,false,1,
7290019074885,false,"ד""ר פישר - קמיל בלו אקסטרה סופט קרם גוף לתינוק 500 מ""ל","פישר תעשיות פרמצביטות בע""מ",,,יח,5,"ל 100 מ""ל",false,1,29.90,5.98,true,1,
7290019075103,false,קמיל בלו אקסטרה סופט שמפו לתינוק 1 ליטר,"פישר תעשיות פרמצביטות בע""מ",,,יח,1,"ל 100 מ""ל",false,1,32.90,32.90,false,1,
7290019075899,false,קמיל בלו אקסטרה סופט אל סבון לתינוק 1 ליטר,"פישר תעשיות פרמצביטות בע""מ",,,יח,1,"ל 100 מ""ל",false,1,32.90,32.90,false,1,
7290019153078,false,שוופס ביטר למון 1.5 לייט ליטר פיקדון,יפאורה - שותפות מוגבלת לשיווק,,,יח,15,"ל 100 מ""ל",false,1,11.90,0.77,false,1,
7290019153221,false,שוופס סודה בטעם אננס 0.5 ליטר,יפאורה שותפות מוגבלת לשיווק,,,יח,5,"ל 100 מ""ל",false,1,3.90,0.72,false,1,
7290019153245,false,שוופס סודה לימון מוגז עדין 0.50,יפאורה - שותפות מוגבלת לשיווק,,,יח,5,"ל 100 מ""ל",false,1,3.90,0.72,false,1,
7290019153252,false,שוופס סודה תפוח 1.5 ליטר רביעייה פיקדון,יפאורה - שותפות מוגבלת לשיווק,,,יח,60,"ל 100 מ""ל",false,1,12.20,0.18,false,1,
7290019153269,false,שוופס סודה אננס 1.5 ליטר רביעייה פיקדון,יפאורה - שותפות מוגבלת לשיווק,,,יח,60,"ל 100 מ""ל",false,1,12.20,0.18,false,1,
7290019153344,false,משקה קל תפוזינה 1.5 ליטר סנגרייה,יפאורה - שותפות מוגבלת לשיווק,,,יח,15,"ל 100 מ""ל",false,1,8.90,0.57,true,1,
7290019153351,false,משקה קל תפוזינה 1.5 ליטר פינק אוזו,יפאורה - שותפות מוגבלת לשיווק,,,יח,15,"ל 100 מ""ל",false,1,8.90,0.57,true,1,
7290019153375,false,משקה קל תפוזינה 1.5 ליטר מוחיטו,יפאורה - שותפות מוגבלת לשיווק,,,יח,15,"ל 100 מ""ל",false,1,8.90,0.57,true,1,
7290019153535,false,"רביעיית שוופס מוגז פירות למונייד ללא סוכר 330 מ""ל פחיות",יפאורה - שותפות מוגבלת לשיווק,,,יח,1.32,"ל 100 מ""ל",false,1,12.90,8.86,true,1,
7290019153566,false,משקה קל רימון אוכמניות דובדבן ספרינג 1.5 ליטר,יפאורה - שותפות מוגבלת לשיווק,,,יח,15,"ל 100 מ""ל",false,1,8.90,0.57,true,1,
7290019162018,false,גרב חלק גבר/נשים,ליאור יבוא ושיווק מוצרי הלבשה,,,יח,1,,false,1,14.90,14.90,false,1,
7290019162032,false,גרב טרמו פסים זוג,ליאור יבוא ושיווק מוצרי הלבשה,,,יח,1,,false,1,27.90,27.90,false,1,
7290019162056,false,גרב טרמו מקופל 1X נשים,ליאור יבוא ושיווק מוצרי הלבשה,,,יח,1,,false,1,19.90,19.90,false,1,
7290019162063,false,גרב מעוצבת קיפול,ליאור יבוא ושיווק מוצרי הלבשה,,,יח,1,,false,1,27.90,27.90,false,1,
7290019162087,false,8686868600174גרב בוקלה *2 נשים,ליאור יבוא ושיווק מוצרי הלבשה,,,יח,1,,false,1,28.90,28.90,false,1,
7290019162094,false,גרב בוקלה קצר זוג נשים,ליאור יבוא ושיווק מוצרי הלבשה,,,יח,1,,false,1,28.90,28.90,false,1,
7290019162100,false,גרב עקב *3 לגבר,ליאור יבוא ושיווק מוצרי הלבשה,,,יח,1,,false,1,21,21,false,1,
7290019162131,false,גרב אקרילן מחממת *3 לגבר,ליאור יבוא ושיווק מוצרי הלבשה,,,יח,1,,false,1,19.90,19.90,false,1,
7290019162148,false,גרב צמר X2 גבר 2684,ליאור יבוא ושיווק מוצרי הלבשה,,,יח,1,,false,1,23.50,23.50,false,1,
7290019162155,false,גרב אקרילן מחממת 2X גבר,ליאור יבוא ושיווק מוצרי הלבשה,,,יח,1,,false,1,31.90,31.90,false,1,
7290019162162,false,גרב כותנה 3x גבר/נשים M,ליאור יבוא ושיווק מוצרי הלבשה,,,יח,1,,false,1,10,10,false,1,
7290019162209,false,חולצה שרוול ארוך/גטקס צבעוני,ליאור יבוא ושיווק מוצרי הלבשה,,,יח,1,,false,1,29.90,29.90,false,1,
7290019162315,false,בוקסר לייקרה X1,ליאור יבוא ושיווק מוצרי הלבשה,,,יח,1,,false,1,15,15,false,1,
7290019162391,false,חגורה אבזם אוטומט,ליאור יבוא ושיווק מוצרי הלבשה,,,יח,1,,false,1,24.90,24.90,false,1,
7290019167020,false,עוגת גבינה עם פירות יער לייט עדן קינוחים 82 גרם,"תנובה בע""מ ***",,,יח,0.82,ל 100 גרם,false,1,6.70,8.17,false,1,
7290019167044,false,קצפת עם קרם בייגלה מתוק מלוח עדן קינוחים 82 גרם,תנובה בעמ ***,,,יח,0.82,ל 100 גרם,false,1,6.70,8.17,false,1,
7290019232155,false,"חליטת ""לילה טוב"" קמומיל לבנדר ו25 שקיקים ויסוצקי",תה ויסוצקי (ישראל) בעמ,,,יח,1,ל 100 גרם,false,1,24.90,24.90,true,1,
7290019232162,false,"חליטת ""לילה טוב"" קמומיל מליסה 25 שקיקים ויסוצקי",תה ויסוצקי (ישראל) בעמ,,,יח,1,ל 100 גרם,false,1,24.90,24.90,true,1,
7290019232179,false,ויסוצקי פלוס תה ירוק נענע עם ויטמינים,תה ויסוצקי (ישראל) בעמ,,,יח,1,ל 100 גרם,false,1,24.90,24.90,true,1,
7290019232186,false,תה ירוק לימונית לואיזהSTAY WELL 25 שקיקים ויסוצקי,תה ויסוצקי (ישראל) בעמ,,,יח,1,ל 100 גרם,false,1,24.90,24.90,true,1,
7290019232193,false,תה ירוק לימונית ג'ינג'ר STAY WELL שקיקים 25 ויסוצקי,תה ויסוצקי (ישראל) בעמ,,,יח,1,ל 100 גרם,false,1,24.90,24.90,true,1,
7290019232834,false,פליפז בייגלה מצופה קרם עוגיות ושוקולד מקוויטיס 140 גרם,תה ויסוצקי (ישראל) בעמ,,,יח,1.40,ל 100 גרם,false,1,8.90,6.36,true,1,
7290019265597,false,כוסות יהלום בנדע שווה 75יח,ח.כהן סוכנות מזון ומשקאות בע,,,יח,75,יח,false,1,9.90,0.13,false,1,
7290019302315,false,יין ספארקלין אבטיח מלון 750 מל BUZZ,אגודת הכורמים -כרמל מזרחי,,,יח,7.50,"ל 100 מ""ל",false,1,24.90,3.28,true,1,
7290021211865,false,גרב מותג בנים/ בנות,ליאור יבוא ושיווק מוצרי הלבשה,,,יח,1,,false,1,18.90,18.90,false,1,
7290021211919,false,תחתון 5X ליאור,ליאור יבוא ושיווק מוצרי הלבשה,,,יח,1,,false,1,39.90,39.90,false,1,
7290021211940,false,גרב כותנה ליאור,ליאור יבוא ושיווק מוצרי הלבשה,,,יח,1,,false,1,23.90,23.90,false,1,
7290021211971,false,גברים שישיות,ליאור יבוא ושיווק מוצרי הלבשה,,,יח,1,,false,1,11.90,11.90,false,1,
7290022005555,false,תבלין פילדלפיה מימון 120 גרם,א.ל ייצור ושיווק תבלינים בעמ,,,יח,1.20,ל 100 גרם,false,1,10.90,9.08,false,1,
7290042051778,false,"צלחות ענקיות מתכלות 25יח ""שווה""",ח.כהן סוכנות מזון ומשקאות בע,,,יח,25,יח,false,20,13.90,0.56,true,1,
7290042051785,false,צלחות מתכלות גדולות 25 יח`שווה*,ח.כהן סוכנות מזון ומשקאות בע,,,יח,25,יח,false,20,13.90,0.56,true,1,
7290042051792,false,צלחות מתכלות קטנות 25 יח` שווה*,ח.כהן סוכנות מזון ומשקאות בע,,,יח,25,יח,false,20,8.90,0.36,true,1,
7290042051808,false,"לפתניות מתכלות 25יח ""שווה""",ח.כהן סוכנות מזון ומשקאות בע,,,יח,25,יח,false,1,8.90,0.36,true,1,
7290042051976,false,"כוסות נייר גודל 10 כשל""פ 40 יח`""שווה""",ח.כהן סוכנות מזון ומשקאות בע,,,יח,50,יח,false,1,12.90,0.26,true,1,
7290100240137,false,"תרסיס ריחני למייבש כחול בדין 500 מ""ל",יוניליוור ישראל שיווק בע`מ,,,יח,5,"ל 100 מ""ל",false,1,14.90,2.98,false,1,
7290100240144,false,"תרסיס ריחני למייבש ורוד בדין 500 מ""ל",יוניליוור ישראל שיווק בע`מ,,,יח,5,"ל 100 מ""ל",false,1,14.90,2.98,false,1,
7290100240632,false,קרקר פתית 200-300ג' 6 דגנים 250 גרם,יוניליוור ישראל שיווק בע`מ,,,יח,2.50,ל 100 גרם,false,6,14.90,5.96,false,1,
7290100240656,false,"פתית שיפון בד""צ חדש 300X24 גר'",יוניליוור ישראל שיווק בע`מ,,,יח,3,ל 100 גרם,false,6,14.90,4.97,false,1,
7290100243084,false,מיונז אמיתי הלמנס 789גרם,יוניליוור ישראל שיווק בע`מ,,,יח,7.89,"ל 100 מ""ל",false,1,26.90,3.41,false,1,
7290100243671,false,"מרכך כביסה מרוכז אקסטרה כחול בדין 960 מ""ל",יוניליוור ישראל שיווק בע`מ,,,יח,96,"ל 100 ס""מ",false,1,15.90,0.17,false,1,
7290100249598,false,רוטב לעוף בטעם שום ודבש קנור (320 גרם),יוניליוור ישראל שיווק בע`מ,,,יח,3.20,ל 100 גרם,false,8,10.90,3.41,false,1,
7290100249659,false,"רוטב לעוף צ'ילי מתוק ושום קנור 320 גרם בד""צ",יוניליוור ישראל שיווק בע`מ,,,יח,3.20,ל 100 גרם,false,1,9.90,3.09,false,1,
7290100412343,false,קוויק מטליות לחות 99.9% לניקוי כללי בריח לימון 50 יחידות,שקד תבל בע`מ,,,יח,1,,false,1,8.90,8.90,true,1,
7290100412435,false,קוויק מטליות לחות 99.9% לניקוי כללי בריח פרחי בר 50 יחידות,שקד תבל בע`מ,,,יח,1,,false,1,8.90,8.90,true,1,
7290100412442,false,קוויק מטליות לחות 99.9% לניקוי שירותים ומקלחות בריח מנטה 50 יחידות,שקד תבל בע`מ,,,יח,1,,false,1,7.90,7.90,true,1,
7290100412459,false,קוויק מטליות לחות 99.9% לניקוי שירותים ומקלחות בריח לוונדר 50 יחידות,שקד תבל בע`מ,,,יח,1,,false,1,8.90,8.90,true,1,
7290100412756,false,"קרם ידיים לעור יבש פרחי בר ד""ר עור 100 מ""ל","אמיליה קוסמטיקס בע""מ",,,יח,1,"ל 100 מ""ל",false,1,13.90,13.90,true,1,
7290100412770,false,"ד""ר עור - תחליב רחצה קלאסי בניחוח מאסק 700 מ""ל","אמיליה קוסמטיקס בע""מ",,,יח,7,"ל 100 מ""ל",false,1,14.90,2.13,true,1,
7290100412787,false,"ד""ר עור - תחליב רחצה קלאסי בניחוח פריחת הכותנה 700 מ""ל","אמיליה קוסמטיקס בע""מ",,,יח,7,"ל 100 מ""ל",false,1,14.90,2.13,true,1,
7290100412831,false,תחליב רחצה אנטי אייג'ינג בניחוח וניל טרופי,"אמיליה קוסמטיקס בע""מ",,,יח,7,"ל 100 מ""ל",false,1,14.90,2.13,true,1,
7290100412848,false,DR OR תחליב גוף אנטי אייגינג וניל מעודן 400 מל,"אמיליה קוסמטיקס בע""מ",,,יח,4,"ל 100 מ""ל",false,1,29.90,7.48,false,1,
7290100413593,false,קוויק מטליות לחות גדולות לניקוי כללי בריח פרחי בר 40 יחידות,שקד תבל בע`מ,,,יח,1,,false,1,8.90,8.90,true,1,
7290100653463,false,"פלמוליב - ארומה ג'ל רחצה מסאז' 500 מ""ל",קולגייט-פלמוליב,,,יח,5,"ל 100 מ""ל",false,1,16.90,3.38,false,1,
7290100680650,false,מנה חמה נודלס-אטריות ירקות טעם תאילנדי אסם 76 ג',קבוצת אוסם סחר שותפות מוגבלת,,,יח,0.76,ל 100 גרם,false,1,5.90,7.76,false,1,
7290100680711,false,פירורית זהב אסם זהב 350ג',קבוצת אוסם סחר שותפות מוגבלת,,,יח,3.50,ל 100 גרם,false,1,8.40,2.40,false,1,
7290100680728,false,פירורית רגילה שקית 350 גרם,קבוצת אוסם סחר שותפות מוגבלת,,,יח,3.50,ל 100 גרם,false,1,7.30,2.09,false,1,
7290100681015,false,אינסטנט פודינג בטעם ריבת חלב אסם 84 גרם,קבוצת אוסם סחר שותפות מוגבלת,,,יח,0.84,ל 100 גרם,false,1,5.80,6.90,true,1,
7290100681138,false,מארז אפרופו חטיף תירס 3 יחידות,קבוצת אוסם סחר שותפות מוגבלת,,,יח,1.50,ל 100 גרם,false,1,12.90,8.60,true,1,
7290100681503,false,עסיס סירופ לימונענע דיאטטי 1 ליטר,קבוצת אוסם סחר שותפות מוגבלת,,,יח,10,"ל 100 מ""ל",false,1,19.90,1.99,false,1,
7290100685136,false,"אבקת מרק טעם עוף 1 ק""ג 1/8 אסם",קבוצת אוסם סחר שותפות מוגבלת,,,יח,10,ל 100 גרם,false,1,14.90,1.49,false,1,
7290100685334,false,אבקת מרק עוף אמיתי בשרי רכיבים טבעיים אסם 400 גרם,קבוצת אוסם סחר שותפות מוגבלת,,,יח,4,ל 100 גרם,false,1,19.90,4.98,false,1,
7290100685341,false,אבקת מרק טעם עוף זך רכיבים טבעיים אסם 400 גרם,קבוצת אוסם סחר שותפות מוגבלת,,,יח,4,ל 100 גרם,false,1,16.90,4.23,true,1,
7290100686164,false,מארז מולטיפק ביסלי ברביקיו 6 יח 35 גר יח,קבוצת אוסם סחר שותפות מוגבלת,,,יח,2.10,ל 100 גרם,false,1,12.90,6.14,true,1,
7290100686171,false,מארז מולטיפק ביסלי גריל 6 יח 35 גר ליח,קבוצת אוסם סחר שותפות מוגבלת,,,יח,2.10,ל 100 גרם,false,1,12.90,6.14,true,1,
7290100689301,false,אבקת מרק בטעם עוף זך עדיף אסם 400 גרם,קבוצת אוסם סחר שותפות מוגבלת,,,יח,4,ל 100 גרם,false,1,13.90,3.48,true,1,
7290100700020,false,גריסי פנינה סוגת (500 גרם),האי נאם סי או אל.טי.,,,יח,5,ל 100 גרם,false,1,5.90,1.18,false,1,
7290100700242,false,אורז מלא עגול סוגת (1 קג),"סוגת תעשיות בע""\מ",,,יח,10,ל 100 גרם,false,1,9.90,0.99,false,1,
7290100700273,false,קינואה לבנה 500 ג סו,האי נאם סי או אל.טי.,,,יח,5,ל 100 גרם,false,1,13.90,2.78,true,1,
7290100700310,false,"סוגת כוסמת סוגת 1ק""ג","סוגת תעשיות בע""מ",,,יח,10,ל 100 גרם,false,1,13.90,1.39,false,1,
7290100700327,false,"גריסי פנינה סוגת 1 ק""ג","סוגת תעשיות בע""\מ",,,יח,10,ל 100 גרם,false,1,7.90,0.79,false,1,
7290100700365,false,"שעועית אדומה 1 ק""ג סוגת",סוגת תעשיות בעמ,,,יח,10,ל 100 גרם,false,1,16.90,1.69,false,1,
7290100700372,false,"אורז בסגנון בסמטי מלא 1 ק""ג",האי נאם סי או אל.טי.,,,יח,10,ל 100 גרם,false,1,13.90,1.39,false,1,
7290100700396,false,"סוגת אורז יסמין קלאסי 1 ק""ג",האי נאם סי או אל.טי.,,,יח,10,ל 100 גרם,false,1,11.90,1.19,false,1,
7290100700402,false,"סוגת חומוס ענק 1 ק""ג",סוגת תעשיות בעמ,,,יח,10,ל 100 גרם,false,1,16.90,1.69,false,1,
7290100700563,false,אורז מיקס קלאסי סוגת (1 קג),סוגת תעשיות בעמ,,,יח,10,ל 100 גרם,false,1,9.90,0.99,false,1,
7290100702604,false,קמח פולנטה להכנה מהירה 500 ג',סוגת תעשיות בעמ,,,יח,5,ל 100 גרם,false,1,8.90,1.78,false,1,
7290100702611,false,פתיתים אפויים אורז סוגת 500 גרם,"אסיף תעשיות מזון בע""\מ",,,יח,5,ל 100 גרם,false,1,4.90,0.98,false,1,
7290100702628,false,פתיתים אפויים קוסקוס סוגת 500 גרם,"אסיף תעשיות מזון בע""\מ",,,יח,5,ל 100 גרם,false,1,4.90,0.98,false,1,
7290100702635,false,פתיתים אפויים כוכבים סוגת 500 גרם,"אסיף תעשיות מזון בע""",,,יח,5,ל 100 גרם,false,1,4.90,0.98,false,1,
7290100702642,false,פתיתים אפויים טבעות סוגת 500 גרם,"אסיף תעשיות מזון בע""",,,יח,5,ל 100 גרם,false,1,4.90,0.98,false,1,
7290100702659,false,פתיתים קוסקוס קמח מלא סוגת 400 גרם,"אסיף תעשיות מזון בע""",,,יח,5,ל 100 גרם,false,1,4.90,0.98,false,1,
7290100703458,false,כוסמת לא קלויה 500ג סוגת*,"סוגת תעשיות בע""\מ",,,יח,5,ל 100 גרם,false,1,7.90,1.58,false,1,
7290100703533,false,קמח קסם תערובת קמח שמרים סוגת 1 קג,טחנות קמח שטיבל באר שבע,,,יח,1,"לק""ג",false,1,7.90,7.90,false,1,
7290100703557,false,"קמח פוקצה 1 ק""ג ""סוגת""",סוגת תעשיות בעמ,,,יח,10,ל 100 גרם,false,1,6.90,0.69,false,1,
7290100703564,false,"פתיתי שיבולת שועל עבה 500 גרם ""סוגת""",סוגת תעשיות בעמ,,,יח,5,ל 100 גרם,false,1,4.90,0.98,false,1,
7290100703625,false,קמח חיטה לבן ללא צורך בניפוי,סוגת תעשיות בעמ,,,יח,10,ל 100 גרם,false,1,6.90,0.69,false,1,
7290100703632,false,קמח חיטה מלא ללא צורך בניפוי,סוגת תעשיות בעמ,,,יח,10,ל 100 גרם,false,1,7.90,0.79,false,1,
7290100703649,false,"קמח חיטה 80% ללא צורך בניפוי סוגת 1 ק""ג",סוגת תעשיות בעמ,,,יח,10,ל 100 גרם,false,1,7.90,0.79,false,1,
7290100703670,false,"קמח כוסמין ללא ניפוי 1 ק""ג סוגת",סוגת תעשיות בעמ,,,יח,10,ל 100 גרם,false,1,14.90,1.49,false,1,
7290100703687,false,"קמח חלה ללא ניפוי סוגת 1 ק""ג",סוגת תעשיות בעמ,,,יח,10,ל 100 גרם,false,1,7.90,0.79,false,1,
7290100703861,false,"תערובת קסם לחלה ללא צורך בניפוי סוגת 1 ק""ג","שטיבל בע""\מ - טחנות קמח",,,יח,10,ל 100 גרם,false,1,7.90,0.79,false,1,
7290100704141,false,סוגת אבקת סודה לשתיה 100 גר`,א.ל. ייצור ושיווק תב,,,יח,10,ל 100 גרם,false,1,2.50,0.25,false,1,
7290100704493,false,קמח שמרים פיצה ללא צורך בניפוי 1 קג סוגת,"שטיבל בע""\מ - טחנת קמח",,,יח,10,ל 100 גרם,false,1,7.90,0.79,false,1,
7290100704516,false,חומוס מיני סוגת (500 גרם),"סוגת תעשיות בע""\מ",,,יח,5,ל 100 גרם,false,1,6.90,1.38,true,1,
7290100704530,false,"קמח כוסמין לבן תפוח מנופה סוגת 1 ק""ג",טחנות קמח שטיבל באר,,,יח,10,ל 100 גרם,false,1,14.90,1.49,false,1,
7290100704578,false,"קמח כוסמין לבן תופח סוגת 1 ק""ג","שטיבל בע""\מ - טחנת קמח",,,יח,10,ל 100 גרם,false,1,13.90,1.39,true,1,
7290100704608,false,שעועית לבנה עדינה סוגת (500 גרם),"סוגת תעשיות בע""\מ",,,יח,5,ל 100 גרם,false,1,6.90,1.38,true,1,
7290100704615,false,סוכר לבן דק דק בצנצנת סוגת 500 גרם,"סוגת תעשיות בע""\מ",,,יח,5,ל 100 גרם,false,1,7.90,1.58,false,1,
7290100704622,false,סוכר דמררה דק דק בצנצנת סוגת 500 גרם,"סוגת תעשיות בע""\מ",,,יח,5,ל 100 גרם,false,1,7.90,1.58,false,1,
7290100704639,false,"קמח שמרים פיתה סוגת 1 ק""ג","שטיבל בע""\מ - טחנות קמח",,,יח,10,ל 100 גרם,false,1,6.90,0.69,false,1,
7290100704660,false,"קינואה מיקס סוגת, 500 גרם","סוגת תעשיות בע""\מ",,,יח,5,ל 100 גרם,false,1,13.90,2.78,true,1,
7290100704684,false,"קמח שמרים כוסמין סוגת רב תכליתי 1 ק""ג סוגת",סוגת תעשיות בעמ,,,יח,10,ל 100 גרם,false,1,19.90,1.99,false,1,
7290100858592,false,אבקת קקאו עלית שקית 150 ג',הנסיך- מפעל לייצור ט,,,יח,1.50,ל 100 גרם,false,1,10.90,7.27,true,1,
7290100858608,false,עלית אבקת קקאו כשלפ 500 גרם,שטראוס קפה בי.ויn\.,,,יח,5,ל 100 גרם,false,1,23.90,4.78,false,1,
7290100921616,false,סוד סבון לאסלה 4 כדוריות בניחוח אורנים 50 ג',גורי שיווק בעמ,,,יח,1,יח,false,1,7.90,7.90,true,1,
7290100921623,false,מנקה אסלה סוד 4 כדוריות נתלה אקונומיקה נתלה 50 ג',גורי שיווק בעמ,,,יח,1,יח,false,1,7.90,7.90,true,1,
7290100922637,false,"הוואי שלישיית סבון נוזלי מי קוקוס 500 מ""ל",הנקל סוד בע`מ,,,יח,1.50,לליטר,false,1,15.90,10.60,true,1,
7290100922651,false,הוואי - סבון מוצק מי קוקוס 100 גרם רביעייה,טרופיקל דגיל קוסמטיק,,,יח,4,ל 100 גרם,false,1,12.90,3.23,true,1,
7290100924204,false,"פרסיל אבקה לכביסה רגיל 8 ק""ג",גורי שיווק בעמ,,,יח,80,ל 100 גרם,false,1,49.90,0.62,false,1,
7290100925669,false,דפים למניעת העברת צבע קולור קאצ`ר) (10,גורי שיווק בעמ,,,יח,1,,false,1,13.90,13.90,true,1,
7290100925676,false,קולור קאצר 20 דפים לוכדי צבע למכונת כביס,גורי שיווק בעמ,,,יח,1,,false,1,19.90,19.90,false,1,
7290101488316,false,ליידי ספיד סטיק - דאודורנט סטיק לאישה ללא סימן ורוד סטיק 65 גרם,ליידי ספיד סטיק Lady Speed Stick,,,יח,0.50,"ל 100 מ""ל",false,1,19.90,39.80,true,1,
7290101488323,false,ליידי ספיד סטיק - דאודורנט סטיק לאישה ללא סימן ירוק סטיק 65 גרם,ליידי ספיד סטיק Lady Speed Stick,,,יח,0.65,"ל 100 מ""ל",false,1,19.90,30.62,true,1,
7290101501206,false,גמבה גורמה,"בכורי השדה צפון1994 ג.ד. בע""מ",,,יח,1,,false,1,8.90,8.90,false,1,
7290101551027,false,קפסולות קפה אספרסו חזק במיוחד 14 עלית 10 יח',הנסיך- מפעל לייצור ט,,,ל 100 גרם,0.50,ל 100 גרם,false,1,15.90,31.80,true,1,
7290101551263,false,סילאן טבעי ללא תוספת סוכר,שטראוס גרופ בע`מ,,,יח,0.70,ל 100 גרם,false,1,19.90,28.43,false,1,
7290101551300,false,סילאן טבעי ללא תוספת סוכר בקבוק לחיץ,מכוורת יד מרדכי שטראוס ב,,,יח,0.38,ל 100 גרם,false,1,13.90,36.58,false,1,
7290101551577,false,קוואקר שיבות שועל פחית מארז 2*500 גר',שטראוס פריטו ליי בע`מ,,,יח,5,ל 100 גרם,false,1,25,5,false,1,
7290101551584,false,תפוצ'יפס קידס מארז 10 יח' * 20 ג',"שטראוס פריטו ליי בע""מ )פ",,,יח,2,ל 100 גרם,false,1,12.90,6.45,false,1,
7290101551638,false,חטיף צ'יטוס כאפה בטעם קטשופ - מארז 10 יח',"שטראוס פריטו ליי בע""מ )פ",,,יח,2,ל 100 גרם,false,1,12.90,6.45,false,1,
7290101820871,false,מסכה כירורגית חד פעמית מארז 50 יח',י.מ.פלר פארמה בעמ,,,יח,50,למארז,false,1,7.90,0.16,false,1,
7290101821151,false,דבק מגע ע. הבית,עולם הבית שיווק והפצה בעמ,,,יח,1,,false,1,4.90,4.90,false,1,
7290101863410,false,"סיליט באנג ספריי ניקוי עוצמתי מכיל אקונומיקה 750 מ""ל",רקיט בנקיזר (ניר איסט) בעמ,,,יח,7.50,"ל 100 מ""ל",false,1,12.90,1.72,false,1,
7290101864127,false,ספריי להסרת כתמים וניש קליה (750 מל),רקיט בנקיזר (ניר איסט) בעמ,,,יח,7.50,"ל 100 מ""ל",false,1,16.90,2.25,true,1,
7290101866787,false,וניש קליה נוזל מסיר כתמים לכביסה לבנה 3 ליטר,רקיט בנקיזר (ניר איסט) בעמ,,,יח,30,"ל 100 מ""ל",false,1,29.90,1,true,1,
7290101868958,false,פיניש נוזל הברקה למדיח בניחוח לימון,רקיט בנקיזר (ניר איסט) בעמ,,,יח,8,"ל 100 מ""ל",false,1,19.90,2.49,false,1,
7290101869726,false,ג'ל מרוכז למדיח הכל ב-1 פיניש 1 ליטר,רקיט בנקיזר (ניר איסט) בעמ,,,יח,10,"ל 100 מ""ל",false,1,42.90,4.29,false,1,
7290101869788,false,"אירוויק ספריי אוטומטי מילוי בניחוח אואזיס 250 מ""ל*",רקיט בנקיזר (ניר איסט) בעמ,,,יח,2.50,"ל 100 מ""ל",false,1,14.90,5.96,true,1,
7290101869795,false,"מטהר אוויר אירוויק ספריי מילוי חלום ליל קיץ 250 מ""ל",רקיט בנקיזר (ניר איסט) בעמ,,,יח,2.50,"ל 100 מ""ל",false,1,14.90,5.96,true,1,
7290101869818,false,"אירוויק מכשיר חשמלי+מילוי בניחוח חלום ליל קיץ 19 מ""ל",רקיט בנקיזר (ניר איסט) בעמ,,,יח,0.50,"ל 100 מ""ל",false,1,26.90,53.80,false,1,
7290102030330,false,תפוצ`יפס אקסטרא מקסיקני 200 גרם +20 תו,"שטראוס פריטו ליי בע""\מ )",,,יח,2,ל 100 גרם,false,1,9.90,4.95,true,1,
7290102031276,false,מארז 8 יחידות אקטימל משקה יוגורט בטעם תות בננה,שטראוס גרופ בעמ/מצונן,,,יח,8,"ל 100 מ""ל",false,1,21.20,2.65,false,1,
7290102032334,false,אבקה להכנת משקה קפה בטעם וניל,שטראוס קפה בי.וי,,,יח,2,ל 100 גרם,false,1,22.90,11.45,false,1,
7290102035151,false,דנונה אקטיביה טבעי150גרם,שטראוס גרופ בעמ/מצונן,,,יח,1.50,"ל 100 מ""ל",false,1,3.80,2.53,false,1,
7290102039968,false,אקטימל 16 טבעי,שטראוס גרופ בעמ (ח),,,יח,1.60,לליטר,false,1,29.95,18.72,false,1,
7290102060979,false,"אלמקס משחת שיניים למניעת עששת 100מ""ל",יבואן ומשווק: ש. שסט,,,יח,1,ל 100 גרם,false,1,17.90,17.90,true,1,
7290102390427,false,יוגורט ביו עם קציפת תות 3% שומן 150 ג' מולר,החברה המרכזית טלהפצת משקאות בע,,,יח,1.50,"ל 100 מ""ל",false,1,5.50,3.67,true,1,
7290102390465,false,יוגורט ביו עם קציפת אפרסק ופסיפלורה 3% שומן 150 ג' מולר,החברה המרכזית טלהפצת משקאות בע,,,יח,1.50,"ל 100 מ""ל",false,1,5.50,3.67,true,1,
7290102390489,false,יוגורט ביו עם קציפת לימון 3% שומן 150 ג' מולר,החברה המרכזית טלהפצת משקאות בע,,,יח,1.50,"ל 100 מ""ל",false,1,5.50,3.67,true,1,
7290102391844,false,יוגורט ביו עם קציפת פירות יער3% שומן 150 ג' מולר,החברה המרכזית טלהפצת משקאות בע,,,יח,1.50,"ל 100 מ""ל",false,1,5.50,3.67,true,1,
7290102392094,false,חלב עיזים 3.7% בקרטון משק צוריאל 1 ליטר,החברה המרכזית טלהפצת משקאות בע,,,יח,1,לליטר,false,1,16.90,16.90,true,1,
7290102392254,false,"חלב בקרטון 1% 2 ליטר בד""צ - מוצר בפיקוח",החברה המרכזית טלהפצת משקאות בע,,,יח,1,לליטר,false,1,11.70,11.70,false,1,
7290102393039,false,"יוגורט ביו קרמי מיקס פצפוצי שוקולד 7.6% מולר 170 מ""ל",החברה המרכזית טלהפצת משקאות בע,,,יח,1.70,"ל 100 מ""ל",false,1,5.90,3.47,false,1,
7290102393718,false,גבינת חלומי מחלב בקר 28% משק צוריאל 200 גרם,החברה המרכזית טלהפצת משקאות בע,,,יח,2,ל 100 גרם,false,1,22.90,11.45,false,1,
7290102394463,false,נעם גבינה צהובה פרוסה ואקום 28% טרה 500 גרם,החברה המרכזית טלהפצת משקאות בע,,,יח,5,ל 100 גרם,false,1,26.90,5.38,false,1,
7290102394821,false,גבינה צהובה 28% דק דק לפתיחה חוזרת 200,החברה המרכזית טלהפצת משקאות בע,,,יח,2,ל 100 גרם,false,1,16.90,8.45,false,1,
7290102394845,false,נעם גבינה צהובה לייט פרוסה דק דק 9% טרה 200 גרם,החברה המרכזית טלהפצת משקאות בע,,,יח,2,ל 100 גרם,false,1,17.90,8.95,false,1,
7290102395101,false,ממרח גבינה ושוקולד מוו טרה 200 גרם,החברה המרכזית טלהפצת משקאות בע,,,יח,2,ל 100 גרם,false,1,12.50,6.25,false,1,
7290102395217,false,מאגדת שמיניה מולר במתיקות מעודנת 1.2% 8*150 ג',החברה המרכזית טלהפצת משקאות בע,,,יח,9,ל 100 גרם,false,1,21.90,2.43,false,1,
7290102395224,false,שמיניית יוגורט ביו ביאנקו 1.7% מולר 150 גרם,החברה המרכזית טלהפצת משקאות בע,,,יח,8,יח,false,1,19.90,2.49,false,1,
7290102395262,false,מארז 8 גביעים יוגורט בטעם תות שדה ואפרסק 3% Simply Fruit,החברה המרכזית טלהפצת משקאות בע,,,יח,3.80,"ל 100 מ""ל",false,1,31.90,8.39,false,1,
7290102395415,false,נועם גב.צהובה9%חריץ משקל,החברה המרכזית טלהפצת משקאות בע,,,ל 100 גרם,10,ל 100 גרם,true,1,69.10,6.91,false,1,
7290102395439,false,מארז 8 גביעים יוגורט בטעם פירות יער וקיווי 3% Simply Fruit,החברה המרכזית טלהפצת משקאות בע,,,יח,1.20,ל 100 גרם,false,1,31.90,26.58,false,1,
7290102395477,false,מעדן חלב בטעם שוקולד עם קצפת 123 ג' טרה,החברה המרכזית טלהפצת משקאות בע,,,יח,1.43,"ל 100 מ""ל",false,1,2.90,2.03,false,1,
7290102395521,false,"שמנת לבישול 15% שומן 500 מ""ל טרה",החברה המרכזית טלהפצת משקאות בע,,,יח,5,"ל 100 מ""ל",false,1,17.90,3.58,false,1,
7290102396399,false,שמיניית מעדן שוקולד מוו 1.5% טרה 100 גרם,החברה המרכזית טלהפצת משקאות בע,,,יח,8,למארז,false,1,14.90,1.86,false,1,
7290102396405,false,שמיניית מעדן וניל מוו 1.5% טרה 100 גרם,החברה המרכזית טלהפצת משקאות בע,,,יח,8,למארז,false,1,14.90,1.86,false,1,
7290102396436,false,מעדן בטעם שוקולד 1.5% שומן מוו (125 גרם),החברה המרכזית טלהפצת משקאות בע,,,יח,1.43,"ל 100 מ""ל",false,1,2.90,2.03,true,1,
7290102396580,false,מעדן מוו שוקולד ומוס שוקולד טרה 118 גרם,החברה המרכזית טלהפצת משקאות בע,,,יח,1.23,"ל 100 מ""ל",false,1,2.90,2.36,false,1,
7290102396597,false,מעדן מוו וניל ומוס שוקולד טרה 118 גרם,החברה המרכזית טלהפצת משקאות בע,,,יח,1.23,"ל 100 מ""ל",false,1,2.90,2.36,false,1,
7290102396665,false,צהובה פרוסות דקדק פתח סגור 15% 200 גר`,החברה המרכזית טלהפצת משקאות בע,,,יח,2,ל 100 גרם,false,1,17.90,8.95,false,1,
7290102396672,false,גבינה צהובה נעם דק דק 9% פתח סגור 360 ג,החברה המרכזית טלהפצת משקאות בע,,,יח,2.20,ל 100 גרם,false,1,29.90,13.59,false,1,
7290102396719,false,יוגורט 0% תות סימפלי מולר (150 גרם),החברה המרכזית טלהפצת משקאות בע,,,יח,1.50,ל 100 גרם,false,1,5.50,3.67,true,1,
7290102396740,false,מארז 8 גביעים יוגורט בטעם תות שדה ואפרסק 0% Simply Fruit,החברה המרכזית טלהפצת משקאות בע,,,יח,1.20,ל 100 גרם,false,1,31.90,26.58,false,1,
7290102397310,false,מעדן מיני בטעם שוקולד קצפת מוו מאגדת 8 יח' * 70 ג',החברה המרכזית טלהפצת משקאות בע,,,יח,8,ל 100 גרם,false,1,12.90,1.61,true,1,
7290102397334,false,גבינה בולגרית גלילית 5% משק צוריאל 250 גרם,החברה המרכזית טלהפצת משקאות בע,,,יח,2.50,ל 100 גרם,false,1,24.90,9.96,false,1,
7290102397464,false,יוגורט ביו בתוספת גרעינים אגוזים וחמוציות 170 ג' מולר,החברה המרכזית טלהפצת משקאות בע,,,יח,1.50,"ל 100 מ""ל",false,1,5.90,3.93,false,1,
7290102397600,false,מיקס יוגורט בתוספת שקדים ובוטנים מקורמלים 170 ג' מולר,החברה המרכזית טלהפצת משקאות בע,,,יח,1.50,"ל 100 מ""ל",false,1,5.90,3.93,false,1,
7290102397617,false,יוגורט ביו קרמי עם כדורים מצופים שוקולד חום לבן,החברה המרכזית טלהפצת משקאות בע,,,יח,1.50,"ל 100 מ""ל",false,1,5.90,3.93,false,1,
7290102397679,false,קוטג' וחצי טרה 5% מרכיבים טבעיים,החברה המרכזית טלהפצת משקאות בע,,,יח,3.75,ל 100 גרם,false,1,8.90,2.37,false,1,
7290102397730,false,פרוסות גבינה אמנטל חצי קשה 30% שומן 200 ג' נעם,החברה המרכזית טלהפצת משקאות בע,,,יח,2,ל 100 גרם,false,1,19.90,9.95,true,1,
7290102397747,false,פרוסות גבינת מוצרלה נעם מחלב בקר 22%,החברה המרכזית טלהפצת משקאות בע,,,יח,2,ל 100 גרם,false,1,19.90,9.95,true,1,
7290102397891,false,גבינה ניו יורק מותכת %16 4*25 גרם,החברה המרכזית טלהפצת משקאות בע,,,יח,1,ל 100 גרם,false,1,7.90,7.90,false,1,
7290102398065,false,חלב טרה בקרטון 2 ליטר מהדרין 3% - מוצר בפיקוח,החברה המרכזית טלהפצת משקאות בע,,,יח,2,לליטר,false,1,12.40,6.20,false,1,
7290102398072,false,"חלב קרטון 3%-1 ליטר "" טרה"" -מוצר פיקוח",החברה המרכזית טלהפצת משקאות בע,,,יח,1,לליטר,false,1,6.23,6.23,false,1,
7290102398331,false,חלב מועשר דל לקטוז 2% שומן טרה 1 ליטר,החברה המרכזית טלהפצת משקאות בע,,,יח,10,ל 100 גרם,false,1,7.90,0.79,false,1,
7290102398478,false,לאבנה 9% שומן 500 ג' טרה,החברה המרכזית טלהפצת משקאות בע,,,יח,5,ל 100 גרם,false,1,21,4.20,false,1,
7290102398560,false,משקה שוקו מועשר בבקבוק 1 ליטר טרה,החברה המרכזית טלהפצת משקאות בע,,,יח,1,לליטר,false,1,12.90,12.90,true,1,
7290102398577,false,משקה חלב בטעם שוקו 2% בבקבוק אישי,החברה המרכזית טלהפצת משקאות בע,,,יח,0.25,"ל 100 מ""ל",false,1,5.90,23.60,true,1,
7290102398614,false,משקה חלב טרה ט. בננה 1ליטר בקבוק,החברה המרכזית טלהפצת משקאות בע,,,יח,1,לליטר,false,1,12.90,12.90,true,1,
7290102398638,false,משקה חלב טרה ט.מוקה 1ליטר בקבוק,החברה המרכזית טלהפצת משקאות בע,,,יח,1,לליטר,false,1,12.90,12.90,true,1,
7290102398669,false,משקה חלב אייס קפוצ'ינו טרה 1 ליטר,החברה המרכזית טלהפצת משקאות בע,,,יח,10,ל 100 גרם,false,1,12.90,1.29,true,1,
7290102398782,false,.משקה סויה קלאסי 1ל בקבוק משק צוריא,החברה המרכזית טלהפצת משקאות בע,,,יח,10,"ל 100 מ""ל",false,1,11.90,1.19,true,1,
7290102398799,false,משקה סויה במתיקות מופחתת משק צוריאל 1 ליטר,החברה המרכזית טלהפצת משקאות בע,,,יח,10,"ל 100 מ""ל",false,1,11.90,1.19,true,1,
7290102398805,false,משקה סויה בטעם וניל 1ל בקבוק משק צוריא,החברה המרכזית טלהפצת משקאות בע,,,יח,10,"ל 100 מ""ל",false,1,11.90,1.19,true,1,
7290102398836,false,משקה שקדים קלאסי משק צוריאל 1 ליטר,החברה המרכזית טלהפצת משקאות בע,,,יח,10,"ל 100 מ""ל",false,1,12.90,1.29,true,1,
7290102399635,false,"מולר פרופ יוגורט ביו עם קציפת קוקוס ואננס 150 מ""ל",החברה המרכזית טלהפצת משקאות בע,,,יח,1.50,"ל 100 מ""ל",false,1,5.50,3.67,true,1,
7290102399772,false,מולר ספרדבל-ממרח חמאת מולר במליחות עדינה 250 גרם,החברה המרכזית טלהפצת משקאות בע,,,ל 100 גרם,2.50,ל 100 גרם,false,1,19.90,7.96,false,1,
7290102399789,false,מולר ספרדבל-ממרח חמאת מולר ללא מלח 250 גרם,החברה המרכזית טלהפצת משקאות בע,,,ל 100 גרם,2.50,ל 100 גרם,false,1,19.90,7.96,false,1,
7290102399796,false,מעדן יוגורט לבן מועשר בחלבון 200 ג' מולר אקטיב,החברה המרכזית טלהפצת משקאות בע,,,יח,2,"ל 100 מ""ל",false,1,5.90,2.95,true,1,
7290102399802,false,יוגורט עם תות מולר אקטיב מועשר בחלבון 200 גר',החברה המרכזית טלהפצת משקאות בע,,,יח,2,"ל 100 מ""ל",false,1,5.90,2.95,true,1,
7290102399819,false,יוגורט עם פירות יער מולר אקטיב מועשר בחלבון 200 גר',החברה המרכזית טלהפצת משקאות בע,,,יח,2,"ל 100 מ""ל",false,1,5.90,2.95,true,1,
7290102399857,false,מולר אקטיב לייט 20 גרם חלבון 0% שומן עם תות 200 גרם,החברה המרכזית טלהפצת משקאות בע,,,יח,2.50,"ל 100 מ""ל",false,1,5.90,2.36,true,1,
7290102586479,false,מפצל חשמל שלישייה,עולם הבית,,,יח,1,,false,1,9.90,9.90,false,1,
7290102840175,false,אינסטנט פודינג בטעם וניל מיה (85 גרם),מיה תעשיות מזון מ.ת.מ. בעמ,,,יח,0.85,ל 100 גרם,false,1,3.90,4.59,true,1,
7290102840182,false,פודינג בטעם שוקולד 85 גר`מיה,מיה תעשיות מזון מ.ת.מ. בעמ,,,יח,0.85,ל 100 גרם,false,1,3.90,4.59,true,1,
7290102844265,false,תערובת להכנת בליל טמפורה 500ג',נאמן לאורך זמן בעמ,,,ל 100 גרם,1,ל 100 גרם,false,1,9.90,9.90,false,1,
7290103120658,false,דאודורנט ספיד סטיק גל שחור 85 גרם,הנסיך- מפעל לייצור ט,,,יח,0.85,ל 100 גרם,false,1,19.90,23.41,true,1,
7290103129378,false,ספיד סטיק - דאודורנט ג'ל לגבר איקס 5 85 גרם,הנסיך- מפעל לייצור ט,,,יח,0.50,ל 100 גרם,false,1,19.90,39.80,true,1,
7290103404758,false,סלט כרוב אדום במיונז אחלה 120 גרם,שטראוס גרופ בעמ/מצונן,,,יח,0.12,ל 100 גרם,false,1,4.90,40.83,false,1,
7290103681173,false,"יין הר קברנה סובניון יקבי תבור 750 מ""ל.",החברה המרכזית טלהפצת משקאות בע,,,יח,7.50,"ל 100 מ""ל",false,1,32.90,4.35,false,1,
7290103681180,false,"יין הר מרלו מיתוג תנשמת 750 מ""ל",החברה המרכזית טלהפצת משקאות בע,,,יח,7.50,"ל 100 מ""ל",false,1,32.90,4.35,false,1,
7290103681197,false,"יין הר שיראז מיתוג תנשמת 750 מ""ל",החברה המרכזית טלהפצת משקאות בע,,,יח,7.50,"ל 100 מ""ל",false,1,32.90,4.35,false,1,
7290103681227,false,"יין הר גוורצטרמינר מיתוג תנשמת 750 מ""ל",החברה המרכזית טלהפצת משקאות בע,,,יח,7.50,"ל 100 מ""ל",false,1,32.90,4.35,false,1,
7290103681234,false,"יין הר רוזה מיתוג תנשמת 750 מ""ל",החברה המרכזית טלהפצת משקאות בע,,,יח,7.50,"ל 100 מ""ל",false,1,32.90,4.35,false,1,
7290103681388,false,"שרדונה 750מ""ל תבור אדמה",החברה המרכזית טלהפצת משקאות בע,,,יח,7.50,"ל 100 מ""ל",false,1,54.90,7.28,false,1,
7290104064012,false,חטיף פסק זמן GOOD שוקולד לבן גוד 36 גרם,שולן צ'יקולטה גידה ס,,,יח,0.36,ל 100 גרם,false,1,4.50,12.50,false,1,
7290104067693,false,חומוס אחלה עם תוספת חריף 150 גר,שטראוס גרופ בעמ/מצונן,,,יח,1.50,ל 100 גרם,false,1,5.90,3.93,false,1,
7290104068546,false,גומי מאסט בטעם לימון קולה ללא סוכר 28 ג' עלית,שטראוס גרופ בע`מ,,,יח,0.28,ל 100 גרם,false,1,4,14.29,false,1,
7290104508189,false,אסם 24 גביעי גלידה ממותקים 95 גרם,קבוצת אוסם סחר שותפות מוגבלת,,,יח,0.95,ל 100 גרם,false,1,13.90,14.63,false,1,
7290104570162,false,תמרים ללא חרצנים תמר כבוש 500 גרם,מ.ד אטיאס סוכנויות מזון בע`מ,,,יח,5,ל 100 גרם,false,1,10.90,2.18,false,1,
7290104690246,false,נקה ארומה ס. נוזלי,החברה הדרומית לשיווק בעמ,,,יח,7,"ל 100 מ""ל",false,1,9.90,1.41,false,1,
7290104720499,false,מארז 8 יחידות מעדן דני בטעם וניל 1.5%,שטראוס גרופ בעמ/מצונן,,,יח,1,ל 100 גרם,false,1,14.90,14.90,false,1,
7290104726262,false,רביעייה מעדן דני שוקולד דיסני לבנים 125 גרם,שטראוס גרופ בעמ/מצונן,,,יח,5,ל 100 גרם,false,1,10.90,2.18,false,1,
7290104729003,false,שמן זית כתית יד מרדכי 750 גרם [מוצר מדבקה],מכוורת יד מרדכי שטרא,,,יח,7.50,"ל 100 מ""ל",false,1,34.90,4.65,true,1,
7290104729010,false,"לבן בטעם תות יטבתה 100 מ""ל מהדרין",שטראוס גרופ בעמ (ח),,,יח,2,"ל 100 מ""ל",false,1,1.40,0.70,false,1,
7290104960253,false,נקה 7 ארומה תחליב רחצה לבנדר ענוג 750,טרופיקל דגיל תעשיות קוסמ,,,יח,7.50,ל 100 גרם,false,1,9.90,1.32,false,1,
7290104960352,false,"נקה 7 תחליב רחצה ארומה שקד וניל 750מ""ל",החברה הדרומית לשיווק בעמ,,,יח,7.50,ל 100 גרם,false,1,9.90,1.32,false,1,
7290104961878,false,"שמפו לשיער קרטין אינטנס פורמולה 400 מ""ל נטורל",החברה הדרומית לשיווק בעמ,,,יח,7.50,"ל 100 מ""ל",false,1,29.90,3.99,false,1,
7290104961892,false,מסכת קרטין טהור לשיער שעבר החלקה או עיצוב בחום,החברה הדרומית לשיווק בעמ,,,יח,3.50,"ל 100 מ""ל",false,1,39.90,11.40,false,1,
7290104962073,false,דאודורנט ספריי גוף טיטניום גולד Titanium Gold,החברה הדרומית לשיווק בעמ,,,יח,1.80,ל 100 גרם,false,1,15.90,8.83,false,1,
7290104962080,false,"טיטניום - דאודורנט ספריי לגבר גולד 150 מ""ל",החברה הדרומית לשיווק בעמ,,,יח,0.50,ל 100 גרם,false,1,10.90,21.80,false,1,
7290104962134,false,דאודורנט קרליין רול און נושם לנערות ללא אלומיניום,החברה הדרומית לשיווק בעמ,,,יח,1,,false,1,10.90,10.90,false,1,
7290104962684,false,"קרליין - נושם דאודורנט רול און לאישה ללא אלומיניום 75 מ""ל",החברה הדרומית לשיווק בעמ,,,יח,1,,false,1,10.90,10.90,false,1,
7290104962875,false,"סרום אמפולה לטיפול אינטנסיבי לשיער יבש, צבוע ופגום",החברה הדרומית לשיווק בעמ,,,יח,1,,false,1,45.90,45.90,false,1,
7290104963001,false,סופטקר מגבונים לחים רביעייה בניחוח עדין,החברה הדרומית לשיווק בעמ,,,יח,1,,false,1,17.90,17.90,false,1,
7290104963018,false,סופטקר מגבונים לחים רביעייה ללא בישום,החברה הדרומית לשיווק בעמ,,,יח,1,,false,1,17.90,17.90,false,1,
7290104963216,false,סופטקר - אל סבון עדין לתינוק לעור רגיש 1 ליטר,החברה הדרומית לשיווק בעמ,,,ל 100 גרם,10,ל 100 גרם,false,1,14.90,1.49,false,1,
7290104963223,false,סופטקר - אל סבון עדין לתינוק לעור רגיש 1 ליטר,החברה הדרומית לשיווק בעמ,,,ל 100 גרם,10,ל 100 גרם,false,1,14.90,1.49,false,1,
7290104963650,false,נקה 7 שמפו אל דמע סופטקר 1 ליטר,החברה הדרומית לשיווק בעמ,,,ל 100 גרם,10,ל 100 גרם,false,1,14.90,1.49,false,1,
7290104963711,false,"שמפו סופטקר אלדמע משאבה 770 מ""ל",החברה הדרומית לשיווק בעמ,,,ל 100 גרם,0.77,ל 100 גרם,false,1,17.90,23.25,false,1,
7290104965647,false,קרליין דאו רול און נושם סוויט קיס לנערות,החברה הדרומית לשיווק בעמ,,,יח,0.75,ל 100 גרם,false,1,10.90,14.53,false,1,
7290105360250,false,קפסולות 09 עשיר וארומטי למכונת נספרסו עלית 10יח',הנסיך- מפעל לייצור ט,,,ל 100 גרם,0.50,ל 100 גרם,false,1,15.90,31.80,true,1,
7290105360328,false,קפסולות אספרסו חזק למכונות נספרסו 10 יח',הנסיך- מפעל לייצור ט,,,ל 100 גרם,0.50,ל 100 גרם,false,1,15.90,31.80,true,1,
7290105360335,false,קפסולות אספרסו למכונות נספרסו 50 גר,הנסיך- מפעל לייצור ט,,,ל 100 גרם,0.50,ל 100 גרם,false,1,15.90,31.80,true,1,
7290105362339,false,"שמנת לבישול 15% 250 מ""ל יטבתה מהדרין",שטראוס גרופ בעמ/מצונן,,,יח,2.50,ל 100 גרם,false,1,8.10,3.24,true,1,
7290105364289,false,מקלות כיף כף פצפוצים עלית 40 גרם,שולן צ'\יקולטה גידה סאן.,,,יח,0.40,ל 100 גרם,false,1,4.90,12.25,true,1,
7290105364302,false,"עלית חטיף שוקולד כיף כף מקלות אגוזים, 40 גרם",שולן צ'\יקולטה גידה סאן.,,,יח,0.40,ל 100 גרם,false,1,4.90,12.25,true,1,
7290105366993,false,סימפוניה גבינת שמנת פלפל שיפקה 5% שטראוס 200 גרם,שטראוס גרופ בעמ/מצונן,,,יח,2,ל 100 גרם,false,1,11.20,5.60,true,1,
7290105368331,false,מעדן מילקי בטעם תות עם קצפת,שטראוס גרופ בעמ/מצונן,,,יח,1.33,"ל 100 מ""ל",false,1,2.90,2.18,false,1,
7290105368904,false,"שמנת מתוקה להקצפה 32% שומן 250 מ""ל יוטבתה",שטראוס גרופ בעמ/מצונן,,,יח,2.50,ל 100 גרם,false,1,6.90,2.76,true,1,
7290105368928,false,שמנת חמוצה יטבתה %9 200 מל גביע מהדרין,שטראוס גרופ בעמ/מצונן,,,יח,2,"ל 100 מ""ל",false,1,3.10,1.55,false,1,
7290105369130,false,סימפוניה גבינת שמנת בצל ירוק 5% שטראוס 200 גרם,שטראוס גרופ בעמ/מצונן,,,יח,2,ל 100 גרם,false,1,11.90,5.95,true,1,
7290105430441,false,פלמוליב ס.נוזלי סחלב שחור 750 מל משאבה,הנסיך- מפעל לייצור ט,,,יח,7.50,"ל 100 מ""ל",false,1,19.90,2.65,true,1,
7290105431868,false,"פלמוליב ספא קוקוס גרגרים נוזלי 500 מ""ל",הנסיך- מפעל לייצור ט,,,יח,5,"ל 100 מ""ל",false,1,16.90,3.38,false,1,
7290105439499,false,מאסטר שף מאסטר שף מיונז 480 גר כשלפ,רמיה סי.וי. הולנד,,,יח,4.81,ל 100 גרם,false,1,10.90,2.27,false,1,
7290105439581,false,מנה מאסטר שף חרדל דיזיון צרפתי 370 גר,רמיה סי.וי.הולנד,,,יח,3.70,ל 100 גרם,false,1,9.90,2.68,false,1,
7290105474049,false,מעדן מוס לה קט עוף 1,דיפלומט מפיצים (1968) בעמ**,,,יח,1.55,ל 100 גרם,false,1,5.60,3.61,false,1,
7290105474056,false,לה קט מוס סלמון 155 גר`,דיפלומט מפיצים (1968) בעמ**,,,יח,1.55,ל 100 גרם,false,1,5.60,3.61,false,1,
7290105474063,false,לה קט מעדן מוס כבד 155ג,דיפלומט מפיצים {1968}בעמ,,,יח,1.55,ל 100 גרם,false,1,5.60,3.61,false,1,
7290105474070,false,לה קט מעדן מוס טונה 155ג,דיפלומט מפיצים (1968) בעמ**,,,יח,1.55,ל 100 גרם,false,1,5.60,3.61,false,1,
7290105474124,false,"מזון לכלבים בונזו מזון כלבים בשר 12 ק""ג מחולק",דיפלומט מפיצים (1968) בעמ**,,,יח,120,ל 100 גרם,false,1,129,1.08,false,1,
7290105475787,false,לה קט מארז שימורי שלישיה *400 ג',דיפלומט מפיצים {1968}בעמ,,,יח,1.20,ל 100 גרם,false,1,19.90,16.58,false,1,
7290105500151,false,וודקה פינלנדיה רגיל 700,"אלטיה קורפ, הלסינקי,",,,יח,7,"ל 100 מ""ל",false,1,69.90,9.94,false,1,
7290105500236,false,וויסקי ג'ק דניאלס מס' 7 Brand No,ג'ק דניאלס Jack Daniel's,,,יח,7,"ל 100 מ""ל",false,1,149.30,21.29,true,1,
7290105691248,false,אסם חטיפי פריכונים טורטייה תירס 60 גרם,קבוצת אוסם סחר שותפות מוגבלת,,,יח,1,ל 100 גרם,false,1,6.90,6.90,false,1,
7290105691712,false,אסם עוגיות הפסקת קפה דגנים מלאים 230 גרם,קבוצת אוסם סחר שותפות מוגבלת,,,יח,2.30,יח,false,1,10.20,4.43,false,1,
7290105691934,false,קמח שמרים אסם 1 קילו,קבוצת אוסם סחר שותפות מוגבלת,,,יח,10,ל 100 גרם,false,1,8.90,0.89,false,1,
7290105693341,false,מארז עשיריית במבה אסם 25*10 גרם,קבוצת אוסם סחר שותפות מוגבלת,,,יח,2.50,ל 100 גרם,false,1,13.90,5.56,true,1,
7290105693457,false,עוגת הבית דמקה שוקו וניל 320 גר`בחושות,קבוצת אוסם סחר שותפות מוגבלת,,,יח,3.20,ל 100 גרם,false,1,11.90,3.72,false,1,
7290105694928,false,אבקת מרק בצל רכיבים טבעיים אסם 220 גרם,קבוצת אוסם סחר שותפות מוגבלת,,,יח,2.20,ל 100 גרם,false,1,15.90,7.23,false,1,
7290105695024,false,פתיתים אפויים אורז עם אטריות אסם 500 גרם,קבוצת אוסם סחר שותפות מוגבלת,,,יח,5,ל 100 גרם,false,1,7.90,1.58,true,1,
7290105964564,false,חומוס אחלה 400 גרם. שטראוס,שטראוס גרופ בעמ/מצונן,,,יח,4,ל 100 גרם,false,1,8.90,2.23,false,1,
7290105965738,false,יוגורט לשתיה בטעם תות בננה267 ג' דנונה,שטראוס גרופ בעמ/מצונן,,,יח,2.67,יח,false,1,4.90,1.84,false,1,
7290105966469,false,חומץ בלסמי ממודנה יד מרדכי (250 מל),אצטייה ג'וזפה קרמוני,,,יח,2.50,"ל 100 מ""ל",false,1,14.90,5.96,false,1,
7290105968098,false,סלט קולסלאו אחלה (500 גרם),שטראוס גרופ בעמ/מצונן,,,יח,5,ל 100 גרם,false,1,14.90,2.98,true,1,
7290105968111,false,זוג בזוקה ללא סוכר סופר גול,שטראוס גרופ בעמ,,,יח,164,ל 100 גרם,false,1,7.90,0.05,false,1,
7290105968654,false,רביולי עם בטטה פרווה שטראוס (400 גרם),שטראוס גרופ בעמ/מצונן,,,יח,4,ל 100 גרם,false,1,19.90,4.98,true,1,
7290105968777,false,פריכיות 5 דגנים עם תחתית שוקולד מריר 70 גרם,"טחנת האבן תעשיות בע""",,,יח,0.70,ל 100 גרם,false,1,7.50,10.71,true,1,
7290106520066,false,"רבע לשבע שוקולד חלב במילוי אגוזים עלית 160 גרם בד""צ","הגביע מוצרי וופלים בע""\מ",,,יח,1.60,ל 100 גרם,false,1,11.90,7.44,true,1,
7290106520288,false,יוגורט פרו חלבון עם תות 2.4% שומן 150 ג' דנונה,שטראוס גרופ בעמ/מצונן,,,יח,1.50,"ל 100 מ""ל",false,1,4.70,3.13,true,1,
7290106520905,false,סלט טורקי אחלה (400 גרם),שטראוס גרופ בעמ/מצונן,,,יח,4,ל 100 גרם,false,1,15.90,3.98,true,1,
7290106520912,false,שמנת לבישול 9% שומן 258גר מהדרין יטבתה,שטראוס גרופ בעמ/מצונן,,,יח,2.58,ל 100 גרם,false,1,8.10,3.14,true,1,
7290106521049,false,אחלה טעמי השוק קוביות סלק 400 גר,שטראוס גרופ בעמ/מצונן,,,יח,4,ל 100 גרם,false,1,14.90,3.73,true,1,
7290106521926,false,קפה טורקי בצלופן עלית 150 גרם,שטראוס קפה בי.ויn\.,,,"ל 100 ס""מ",1.50,ל 100 גרם,false,1,10.90,7.27,true,1,
7290106524439,false,"תפוצ'יפס פופס 60 גרם ""עלית""","שטראוס פריטו ליי בע""\מ )",,,יח,0.60,ל 100 גרם,false,1,3.80,6.33,false,1,
7290106525320,false,אבקת שוקולית לאפייה קופסא 500ג' עלית,הנסיך- מפעל לייצור ט,,,יח,5,ל 100 גרם,false,1,15.90,3.18,false,1,
7290106525399,false,קפסולות 06 ברזיל למכונות נספרסו עלית 10יח',הנסיך- מפעל לייצור ט,,,ל 100 גרם,0.50,ל 100 גרם,false,1,15.90,31.80,true,1,
7290106528567,false,חטיף תירס גריל דוריטוס (185 גרם),"שטראוס פריטו ליי בע""\מ )",,,יח,1.85,ל 100 גרם,false,1,6.90,3.73,false,1,
7290106528628,false,חטיף תירס בטעם טבעי דוריטוס (185 גרם),"שטראוס פריטו ליי בע""\מ )",,,יח,1.85,ל 100 גרם,false,1,6.90,3.73,false,1,
7290106571921,false,פיטנס עוגיות עם חמוציות נסטלה (180 גרם),קבוצת אוסם סחר שותפות מוגבלת,,,יח,1.80,ל 100 גרם,false,1,11.90,6.61,true,1,
7290106573628,false,חומוס עם טחינה צבר (400 גרם),קבוצת אוסם סחר שותפות מוגבלת,,,יח,4,ל 100 גרם,false,1,11.90,2.98,true,1,
7290106573642,false,חומוס צנובר צבר 400 גרם,קבוצת אוסם סחר שותפות מוגבלת,,,יח,4,ל 100 גרם,false,1,11.90,2.98,true,1,
7290106574793,false,עוגת הבית בטעם שוקו-שוקוצ'יפס 350 ג' אסם,קבוצת אוסם סחר שותפות מוגבלת,,,יח,3.50,ל 100 גרם,false,1,11.90,3.40,false,1,
7290106574953,false,בייגלה שטוחים כעכים שטוחים עם שומשום,קבוצת אוסם סחר שותפות מוגבלת,,,יח,3,ל 100 גרם,false,1,9.90,3.30,false,1,
7290106574977,false,בייגלה שטוחים טבעות עם מלח אסם (300 גרם),קבוצת אוסם סחר שותפות מוגבלת,,,יח,3,ל 100 גרם,false,1,9.90,3.30,false,1,
7290106575257,false,עוגת הבית סופלה בטעם שוקולד 340 ג' אסם,קבוצת אוסם סחר שותפות מוגבלת,,,יח,3.40,ל 100 גרם,false,1,11.90,3.50,false,1,
7290106576223,false,"אפרופו שוקולד 40 גרם ""אסם""",קבוצת אוסם סחר שותפות מוגבלת,,,יח,0.50,ל 100 גרם,false,1,4.90,9.80,true,1,
7290106576513,false,סלט רק חומוס צבר 400 גרם,קבוצת אוסם סחר שותפות מוגבלת,,,יח,4,ל 100 גרם,false,1,11.90,2.98,false,1,
7290106576537,false,חומוס מסעדות צבר 700 גרם,קבוצת אוסם סחר שותפות מוגבלת,,,יח,7,ל 100 גרם,false,1,10.90,1.56,false,1,
7290106576797,false,"לה קרמריה גלידת וניל איטלקי כשל""פ 1.4ל'",נגה גלידות שותפות מוגבלת,,,יח,1.40,ל 100 גרם,false,1,21.90,15.64,false,1,
7290106576810,false,גלידה לה קרמריה ריבת חלב 1.4 ל' נסטלה,נגה גלידות שותפות מוגבלת,,,,1.40,ל 100 גרם,false,1,21.90,15.64,false,1,
7290106576834,false,גלידה לה קרמריה פונטש בננה1.4 ל' נסטלה,נגה גלידות שותפות מוגבלת,,,,1.40,ל 100 גרם,false,1,21.90,15.64,false,1,
7290106576858,false,גלידה לה קרמריה תותים בשמנת 1.4 ל' נסטלה,נגה גלידות שותפות מוגבלת,,,,1.40,ל 100 גרם,false,1,21.90,15.64,false,1,
7290106576919,false,"לה קרמריה סורבה תות לימו 1.4 ליטר כשל""פ",נגה גלידות שותפות מוגבלת,,,,1.40,ל 100 גרם,false,1,21.90,15.64,false,1,
7290106576957,false,"לה קרמריה גלידת שוקו וניל פליק פרווה כשל""פ 1.4",נגה גלידות שותפות מוגבלת,,,,1.40,ל 100 גרם,false,1,21.90,15.64,false,1,
7290106576971,false,גלידה לה קרמריה שוקולד בלגי 1.4 ל' נסטלה,נגה גלידות שותפות מוגבלת,,,,1.40,ל 100 גרם,false,1,21.90,15.64,false,1,
7290106576995,false,גלידה סורבה לה קרמריה תות מנגו לייט 1.4 ל' נסטלה,נגה גלידות שותפות מוגבלת,,,,1.40,ל 100 גרם,false,1,21.90,15.64,false,1,
7290106578692,false,ביסלי במבה מיקס מהדורת אליפות אסם 80 גרם,קבוצת אוסם סחר שותפות מוגבלת,,,יח,0.60,ל 100 גרם,false,1,3.90,6.50,true,1,
7290106578821,false,עוגת הבית שמרים קלאסית שוקולד אסם 350 גרם,קבוצת אוסם סחר שותפות מוגבלת,,,יח,3.50,ל 100 גרם,false,1,14.90,4.26,false,1,
7290106579293,false,סלט סלק רפי כהן 400 גרם,קבוצת אוסם סחר שותפות מוגבלת,,,יח,1,,false,1,15.90,15.90,false,1,
7290106652996,false,כיף כף מקלות קוקוס חלבי 40 גר',סולן בעבור שטראוס,,,יח,0.40,ל 100 גרם,false,1,4.90,12.25,true,1,
7290106654099,false,מילקי CAKE עוגות אישיות במילוי קרם חלב,בובארד איטליה אס.פי.איי,,,יח,2.72,"ל 100 מ""ל",false,1,19.90,7.32,false,1,
7290106656734,false,"עוגיות חיוכים וניל עלית 600 גרם בד""צ",אפיפית נצרת תעשיות ב,,,יח,6,ל 100 גרם,false,1,16.90,2.82,false,1,
7290106663091,false,"לאבנה 9 % עם שמן זית 500 גר' ""שטראוס""",שטראוס גרופ בעמ/מצונן,,,יח,5,ל 100 גרם,false,1,18.90,3.78,false,1,
7290106663121,false,"עוגה אישית במילוי קרם חלב ""מילקי קייק"" שטראוס",בובארד איטליה אס.פי.איי,,,יח,1.30,"ל 100 מ""ל",false,1,2.90,2.23,false,1,
7290106663183,false,צ'יטוס חטיף טעם גבינה 65ג,שטראוס פריטו ליי בעמ,,,יח,0.80,ל 100 גרם,false,1,3.90,4.88,false,1,
7290106663503,false,קונפיטורת תות לייט יד מרדכי (230 גרם),אף.סי תבליני בגליל ב,,,יח,2.50,ל 100 גרם,false,1,12.90,5.16,true,1,
7290106663558,false,"רוטב טריאקי ורימון יד מרדכי 280מ""ל",אף.סי תבליני בגליל ב,,,יח,2.80,"ל 100 מ""ל",false,1,12.90,4.61,false,1,
7290106664067,false,לאבנה עם שמן זית וזעתר 10% שטראוס 400 ג',שטראוס גרופ בעמ/מצונן,,,יח,4,ל 100 גרם,false,1,13.90,3.48,false,1,
7290106664555,false,"רוטב שמנת עם עגבניות 9% שומן 250 מ""ל יוטבתה",שטראוס גרופ בעמ/מצונן,,,יח,0.25,"ל 100 מ""ל",false,1,10.90,43.60,true,1,
7290106667266,false,חטיף תירס חמוץ חריף דוריטוס (185 גרם),"שטראוס פריטו ליי בע""\מ )",,,יח,1.85,ל 100 גרם,false,1,6.90,3.73,false,1,
7290106668577,false,"מיץ לימון טיבעי 250 מ""ל יד מרדכי",האי נאם סי או אל.טי.,,,יח,2.50,"ל 100 מ""ל",false,1,7.90,3.16,true,1,
7290106668713,false,יוגורט עם פירות יער 3% שומן 150 ג' דנונה,שטראוס גרופ בעמ/מצונן,,,יח,1.50,"ל 100 מ""ל",false,1,3.90,2.60,true,1,
7290106669857,false,קפסולות אספרסו בטעם וניל עלית 10 יחידות,הנסיך- מפעל לייצור ט,,,ל 100 גרם,0.50,ל 100 גרם,false,1,15.90,31.80,true,1,
7290106721913,false,מסטיק מאסט MUST ללא סוכר בטעם מנטה מרעננת,שטראוס גרופ בע`מ,,,יח,0.66,ל 100 גרם,false,1,9.90,15,true,1,
7290106721920,false,צנצנת מסטיק מאסט בטעם ספירמינט עדין 66 ג' עלית,"שטראוס גרופ בע""\מ.",,,יח,1,ל 100 גרם,false,1,9.90,9.90,true,1,
7290106725867,false,סירופ מייפל טהור ללס יד מרדכי 189 גר,שטראוס גרופ בע`מ,,,יח,1.89,"ל 100 מ""ל",false,1,32.90,17.41,true,1,
7290106725874,false,"סירופ מייפל טבעי 236 מ""ל ""יד מרדכי""",שטראוס גרופ בעמ,,,יח,2.36,"ל 100 מ""ל",false,1,39.90,16.91,false,1,
7290106726178,false,יוגורט PRO עם פירות יער 2.4% 10 גרם חלבון בגביע,שטראוס גרופ בעמ/מצונן,,,יח,1.50,"ל 100 מ""ל",false,1,4.70,3.13,true,1,
7290106727984,false,"כיף כף פצפצים בגביע 135 גרם ""עלית""",שולן צ'\יקולטה גידה סאן.,,,יח,1.35,ל 100 גרם,false,1,9.90,7.33,false,1,
7290106729650,false,יוגורט עם תות מאגדת 8 יח' * 150ג' דנונה,שטראוס גרופ בעמ/מצונן,,,יח,1.20,יח,false,1,23.90,19.92,false,1,
7290107280020,false,שלישיית מטליות לחות לניקוי כללי סנו סושי 50 יחידות,החברה הדרומית לשיווק בעמ,,,יח,1,,false,1,17.90,17.90,false,1,
7290107280037,false,מטלית לחות עבות לניקוי סנו סושי מארז 50יח',החברה הדרומית לשיווק בעמ,,,יח,1,,false,1,8.90,8.90,false,1,
7290107280099,false,שלישיית מגובנים נשטפים באסלה סופט סוד 48 יחידות,החברה הדרומית לשיווק בעמ,,,יח,0,ל 100 גרם,false,1,16.90,16.90,false,1,
7290107280129,false,סנו סושי 20 שקיות אשפה חזקות גדולות XXL,החברה הדרומית לשיווק בעמ,,,יח,1,,false,1,22.90,22.90,false,1,
7290107280341,false,ריצפז מטליות לחות לניקוי הרצפה בניחוח מלון מפנק,החברה הדרומית לשיווק בעמ,,,יח,1,,false,1,11.90,11.90,false,1,
7290107280396,false,"סנו - ג'ט מרסס לניקוי יסודי במטבח 750 מ""ל",החברה הדרומית לשיווק בעמ,,,יח,1,,false,1,11.90,11.90,false,1,
7290107280563,false,סנו אוקסיג`ן ג`ל לכביסה בייבי 3 ל`,החברה הדרומית לשיווק בעמ,,,יח,1,,false,1,28.90,28.90,false,1,
7290107280570,false,סנו - מקסימה ג'ל כביסה מרוכז לכביסה צבעונית 3 ליטר,החברה הדרומית לשיווק בעמ,,,יח,30,"ל 100 מ""ל",false,1,28.90,0.96,false,1,
7290107280587,false,שלישיית סנובון מוצק דאבל אקשן פריחה ורודה 55 גרם,החברה הדרומית לשיווק בעמ,,,יח,1,,false,1,10.90,10.90,false,1,
7290107280600,false,טבליות למדיח סנו ספארק 100 טבליות במארז,החברה הדרומית לשיווק בעמ,,,יח,2,לליטר,false,1,58.90,29.45,false,1,
7290107280655,false,"אבקת כביסה בייבי סנו מקסימה 3.25 ק""ג",החברה הדרומית לשיווק בעמ,,,יח,30,ל 100 גרם,false,1,31.90,1.06,false,1,
7290107280709,false,ספארק נוזל הברקה למדיח סנו (700 מל),החברה הדרומית לשיווק בעמ,,,יח,1,,false,1,14.90,14.90,false,1,
7290107280716,false,מלח למדיח להגנה מפני אבנית סנו ספארק Spark,החברה הדרומית לשיווק בעמ,,,יח,20,"ל 100 מ""ל",false,1,11.90,0.60,false,1,
7290107280761,false,נוזל לניקוי כלים בניחוח לימון רענן סנו ספארק Spark,החברה הדרומית לשיווק בעמ,,,יח,10,"ל 100 מ""ל",false,1,11.90,1.19,false,1,
7290107280815,false,קוטל חרקים K301 סנו (300 מל),החברה הדרומית לשיווק בעמ,,,יח,3,"ל 100 מ""ל",false,1,11.90,3.97,false,1,
7290107280822,false,סנו ריצפז פרש הום 2 ליטר בניחוח ספא,החברה הדרומית לשיווק בעמ,,,יח,20,"ל 100 מ""ל",false,1,19.90,1,false,1,
7290107463232,false,מתקן לתליית כביסה מתכת אפור,אוהב ציון בעמ,,,יח,1,,false,1,64.90,64.90,false,1,
7290107646062,false,אבקת מרק בצל רכיבים טבעיים קנור 400 ג',יוניליוור ישראל שיווק בע`מ,,,יח,4,ל 100 גרם,false,1,19.90,4.98,false,1,
7290107646147,false,"חטיף שוגי קורנפלקס תלמה 156 גרם מארז 6 יחידות בד""צ",יוניליוור ישראל שיווק בע`מ,,,יח,1.56,ל 100 גרם,false,1,12.90,8.27,false,1,
7290107646154,false,"חטיף קוקומן פצפוצים תלמה 126 גרם מארז 6 יחידות בד""צ",יוניליוור ישראל שיווק בע`מ,,,יח,1.56,ל 100 גרם,false,1,12.90,8.27,false,1,
7290107646376,false,סיף מטליות לחות לניקוי כללי בניחוח לימון,"יוניליוור ישראלשיווק בע""מ",,,יח,7.50,"ל 100 מ""ל",false,1,9.90,1.32,false,1,
7290107646383,false,סיף מטליות לחות לניקוי רצפות בניחוח לימו,"יוניליוור ישראלשיווק בע""מ",,,יח,7.50,"ל 100 מ""ל",false,1,10.90,1.45,false,1,
7290107646826,false,"חטיף שוגי שוקו תלמה 156 גרם מארז 6 יחידות בד""צ",יוניליוור ישראל שיווק בע`מ,,,יח,1.56,ל 100 גרם,false,1,12.90,8.27,false,1,
7290107646963,false,"מיונז תלמה טעם ספייסי 273 גר בד""ץ",יוניליוור ישראל שיווק בע`מ,,,יח,2.50,ל 100 גרם,false,12,7.90,3.16,false,1,
7290107646970,false,"מיונז תלמה איולי שום 273 גר בד""ץ",יוניליוור ישראל שיווק בע`מ,,,יח,2.50,ל 100 גרם,false,12,7.90,3.16,false,1,
7290107647359,false,דומסטוס סבון אסלה 5 הפועלות בניחות אוקיינוס 3 יח' * 55 ג',יוניליוור ישראל שיווק בע`מ,,,יח,1.65,ל 100 גרם,false,1,14.90,9.03,false,1,
7290107647366,false,דומסטוס סבון אסלה 5 הפועלות בניחות ליים 3 יח' * 55 ג',יוניליוור ישראל שיווק בע`מ,,,יח,1.65,ל 100 גרם,false,1,14.90,9.03,false,1,
7290107647656,false,סולרו פרוט בוסט - קוקוס אננס (פרווה),"מיוצר ע""\י גלידת שטראוס",,,יח,2.90,ל 100 גרם,false,1,22.90,7.90,false,1,
7290107647731,false,קוקומן חום לבן 20% פחות סוכר 375 גרם ב,יוניליוור ישראל שיווק בע`מ,,,יח,375,ל 100 גרם,false,12,19.90,0.05,true,1,
7290107647816,false,"דגני ברנפלקס ללא תוספת סוכר 500 גרם בד""צ",יוניליוור ישראל שיווק בע`מ,,,יח,5,ל 100 גרם,false,1,19.90,3.98,false,1,
7290107648943,false,"ברנפלקס קרנצ'ים מייפל תלמה 375 גרם בד""צ","יוניליוור ישראל שיווק בע""מ",,,יח,4.70,ל 100 גרם,false,1,19.90,4.23,false,1,
7290107649094,false,בייגלה מקלות ארוכים שומשום ב.בייגל 150 גר',יוניליוור ישראל שיווק בע`מ,,,יח,4,ל 100 גרם,false,1,5.90,1.48,false,1,
7290107649100,false,בייגלה טבעות שומשום 300 גרם.,יוניליוור ישראל שיווק בע`מ,,,יח,4,ל 100 גרם,false,1,9.90,2.48,true,1,
7290107649605,false,קליק אקסטרא לארג שוקולד חלב עם פתיתי תירס ודגנים,יוניליוור ישראל שיווק בע`מ,,,יח,1,ל 100 גרם,false,1,4.90,4.90,false,1,
7290107649858,false,טילון סופר מגנום וניל ושוקלד לבן,"מיוצר ע""\י גלידת שטראוס",,,יח,1,,false,1,9.90,9.90,true,1,
7290107871990,false,פסטה צינורות מהדרין אסם (500 גרם),קבוצת אוסם סחר שותפות מוגבלת,,,יח,5,ל 100 גרם,false,1,5.80,1.16,true,1,
7290107875820,false,קרוטונים אפויים בתיבול ביתי אוסם 180 ג',קבוצת אוסם סחר שותפות מוגבלת,,,יח,1.80,ל 100 גרם,false,1,12.90,7.17,false,1,
7290107930321,false,קונפיטורת יד מרדכי דובדובן 340 גרם,"שטראוס גרופ בע""מ",,,יח,3.40,ל 100 גרם,false,1,12.90,3.79,true,1,
7290107932080,false,חלב מועשר יוטבתה בבקבוק 3% 1 ליטר,שטראוס גרופ בעמ/מצונן,,,יח,1,לליטר,false,1,7.50,7.50,false,1,
7290107934473,false,שמינייה יוגורט לבן אקטיביה 1.5% דנונה 150 גרם,שטראוס גרופ בעמ/מצונן,,,יח,1.75,יח,false,1,19.90,11.37,false,1,
7290107936309,false,דנונה יוגורט 7% יווני לבן 130 ג',שטראוס גרופ בעמ/מצונן,,,יח,1.30,ל 100 גרם,false,1,3.30,2.54,false,1,
7290107936958,false,עד חצות ביסקוויט אצבעות שוקולד 125 גרם,ביסקוויטס טור ד'\אלבון,,,יח,1.25,ל 100 גרם,false,1,10.90,8.72,false,1,
7290107936965,false,עיגולים עד חצות עם שוקולד חלב 225 גר,ביסקווטרי עוגיות סנט,,,יח,2.25,ל 100 גרם,false,1,12.90,5.73,false,1,
7290107937542,false,משקה יוגורט אקטיביה עם תות 1.2% שומן,שטראוס גרופ בעמ/מצונן,,,יח,1.20,"ל 100 מ""ל",false,1,4.90,4.08,false,1,
7290107937627,false,מסטיק מאסט Must קוביות ללא סוכר בטעם מנטה עדינה,שטראוס גרופ בע`מ,,,יח,0.58,ל 100 גרם,false,1,9.90,17.07,true,1,
7290107937641,false,צנצנת קוביות בזוקה גומי לעיסה 58גר,שטראוס גרופ בע`מ,,,יח,1,ל 100 גרם,false,1,9.90,9.90,true,1,
7290107937856,false,קפסולות 11חזק למכונות נספרסו עלית 10יח',הנסיך- מפעל לייצור ט,,,ל 100 גרם,0.50,ל 100 גרם,false,1,15.90,31.80,true,1,
7290107938396,false,שמיניית אקטימל תות דיסני בנים 108 גרם,שטראוס גרופ בעמ/מצונן,,,יח,8,"ל 100 מ""ל",false,1,21.20,2.65,false,1,
7290107943192,false,"שמנת חמוצה מהערבה 27% שומן 200 מ""ל יטבתה",שטראוס גרופ בעמ/מצונן,,,יח,2,"ל 100 מ""ל",false,1,4.10,2.05,false,1,
7290107943369,false,קוואקר שיבולת שועל ללא גלוטן 511 גרם,שטראוס פריטו ליי בע`מ,,,יח,5,ל 100 גרם,false,1,17.90,3.58,false,1,
7290107944243,false,אפיפיות בטעם שוקולד 200 גרם כשר לפסח,"שטראוס גרופ בע""\מ",,,יח,2,ל 100 גרם,false,1,7.90,3.95,false,1,
7290107944472,false,סימפוניה גבינה במרקם שמנת 5% שום שמיר,שטראוס גרופ בעמ/מצונן,,,יח,2,ל 100 גרם,false,1,11.20,5.60,true,1,
7290107950190,false,מעדן חלב דל קלוריות בטעם שוקולד מריר 0.5% שומן,שטראוס גרופ בעמ/מצונן,,,יח,1.30,ל 100 גרם,false,1,3.30,2.54,false,1,
7290107950206,false,מעדן דיאט שוקולד שטראוס 130 גרם,שטראוס גרופ בעמ/מצונן,,,יח,1.30,ל 100 גרם,false,1,3.30,2.54,false,1,
7290107951140,false,וופל שוקולד 200,שטראוס גרופ בעמ,,,יח,2,ל 100 גרם,false,1,3.90,1.95,false,1,
7290107951715,false,צנצנת מסטיק מאסט קוביות בטעם ענבים 58 ג' עלית,שטראוס גרופ בע`מ,,,יח,0.58,ל 100 גרם,false,1,9.90,17.07,true,1,
7290107953559,false,"מארז קפה טורקי עלית לדרך כשל""פ 168 גרם",הנסיך- מפעל לייצור ט,,,יח,1.40,ל 100 גרם,false,1,18.90,13.50,true,1,
7290107954709,false,"קונפיטורת פירות יער ""יד מרדכי"" 340 גר'",שטראוס גרופ בע`מ,,,יח,3.40,ל 100 גרם,false,1,12.90,3.79,true,1,
7290107954976,false,משקה חלב PRO עם קפה 1.5% 25 גרם חלבון בבקבוק,שטראוס גרופ בעמ/מצונן,,,יח,0.35,"ל 100 מ""ל",false,1,6.50,18.57,false,1,
7290107956642,false,"תרסיס שמן זית 150 מ""ל יד מרדכי כשלפ",פארייפאבה אגרואינדוס,,,יח,1.50,"ל 100 מ""ל",false,1,16.90,11.27,false,1,
7290107956710,false,מארז מיני מילקי 70 גרם 16 יחידות,שטראוס גרופ בעמ (ח),,,יח,1.12,יח,false,1,19.90,17.77,false,1,
7290107956895,false,קפסולות טעם קרמל למכונות נספרסו 50גר,שטראוס קפה בי.וי.,,,ל 100 גרם,0.50,ל 100 גרם,false,1,15.90,31.80,true,1,
7290107956901,false,קפסולות בטעם אגוזים למכונת נספרסו עלית 10 יחידות,שטראוס קפה בי.וי.,,,ל 100 גרם,0.50,ל 100 גרם,false,1,15.90,31.80,true,1,
7290107956925,false,קפסולות 13 אוגנדה למכונת נספרסו עלית 10יח',שטראוס קפה בי.וי.,,,ל 100 גרם,0.50,ל 100 גרם,false,1,15.90,31.80,true,1,
7290107956932,false,קפסולות אספרסו אידונזיה למכונות 50 גר,שטראוס קפה בי.וי.,,,ל 100 גרם,0.50,ל 100 גרם,false,1,15.90,31.80,true,1,
7290107957069,false,"מסטיק ע""למה ""בטעם אוכניות 66 גרם צנצנת ""עלית""","שטראוס גרופ בע""\מ",,,יח,1,ל 100 גרם,false,1,9.90,9.90,true,1,
7290107957076,false,"מסטיק ""עלמה"" בטעם ספירמנט 66 גרם צנצנת ""עלית""","שטראוס גרופ בע""\מ",,,יח,1,ל 100 גרם,false,1,9.90,9.90,true,1,
7290107957229,false,שוקולד צ'יפס מריר מעולה לאפיה עלית 250 ג',שטראוס גרופ בע`מ,,,יח,0.25,ל 100 גרם,false,1,11.90,47.60,false,1,
7290107957991,false,מילקי CAKE מיניס קרם חלב בציפוי שוקולד חלב שקית 16X9ג',בובארד איטליה אס.פי.איי,,,יח,0.1440,"ל 100 מ""ל",false,1,13.90,96.53,false,1,
7290107958035,false,יוגורט במתיקות מעודנת 2% ללא תוספת סוכר- מארז 8 יח,שטראוס גרופ בעמ/מצונן,,,יח,1.20,ל 100 גרם,false,1,18,15,false,1,
7290107973014,false,"סבון ידיים משאבה פלמוליב חלב ודבש 300 מ""ל",הנסיך- מפעל לייצור ט,,,יח,3,ל 100 גרם,false,1,9.90,3.30,false,1,
7290107973311,false,קולגייט מברשת שיניים 360 פחם זהב זוג,הנסיך- מפעל לייצור ט,,,יח,1,,false,1,24.90,24.90,false,1,
7290107973861,false,מאסטר שף עגבניות קצוצות דק שלישיה 400ג*3 כשלפ,קונסרזיו קאסאלאסקו ד,,,יח,1.20,ל 100 גרם,false,1,16.90,14.08,true,1,
7290107974301,false,ליידי ספיד סטיק - דאודורנט ג'ל לאישה אלוורה 45 גרם,ליידי ספיד סטיק Lady Speed Stick,,,יח,0.50,"ל 100 מ""ל",false,1,19.90,39.80,true,1,
7290107974646,false,מרידול נשימה רעננה שטיפת פה 400 מל,הנסיך- מפעל לייצור ט,,,יח,4,ל 100 גרם,false,1,29.90,7.48,false,1,
7290107974820,false,ממרח בטעם ספייסי מיונז מאסטר שף 250 גרם,רמיה סי.וי.הולנד,,,יח,2.53,ל 100 גרם,false,1,7.90,3.12,false,1,
7290107974837,false,מנה מאסטר שף ממרח מתובל שום 246 גר,רמיה סי.וי.הולנד,,,יח,2.53,ל 100 גרם,false,1,7.90,3.12,false,1,
7290107975285,false,דאו לנערות תות מתוק ליידי ספיד סטיק 65 ג,ליידי ספיד סטיק Lady Speed Stick,,,יח,1,,false,1,19.90,19.90,true,1,
7290107975346,false,ספיד סטיק - דאודורנט ג'ל לגבר כוח הטבע 85 גרם,קולגייט-פלמוליב,,,יח,1,,false,1,19.90,19.90,true,1,
7290107975360,false,ליידי ספיד סטיק פיור פרשנס ג'ל נשים 65ג',ליידי ספיד סטיק Lady Speed Stick,,,יח,0.50,"ל 100 מ""ל",false,1,19.90,39.80,true,1,
7290107975544,false,"קולגייט משחת שיניים סמיילס ברבי לגילאי 6 50מ""ל",קולגייט- פלמוליב,,,יח,0.50,ל 100 גרם,false,1,11.90,23.80,false,1,
7290107976848,false,פלמוליב סבון מוצק קמומיל רביעייה 360 ג,קולגייט-פלמוליב,,,יח,3.60,ל 100 גרם,false,1,16.90,4.69,true,1,
7290107976916,false,"סבון ידיים משאבה פלמוליב זיתים 300 מ""ל",קולגייט פלמוליב,,,יח,3,ל 100 גרם,false,1,9.90,3.30,false,1,
7290107977753,false,"משחת שיניים פרודונט אקספרס 75 מ""ל ""מרידול""",קולגייט פלמוליב,,,יח,0.75,ל 100 גרם,false,1,24.90,33.20,false,1,
7290107978101,false,מש.שיניים קולגייט א.וויט אקסטרה פאוור 75,קולגייט-פלמוליב,,,יח,0.75,ל 100 גרם,false,1,29.90,39.87,true,1,
7290107978453,false,חטיף בטעם גריל קראנצ,ש. שסטוביץ בע`מ,,,יח,0.55,ל 100 גרם,false,1,2.20,4,false,1,
7290107978460,false,קראנצ וס פלאפל 60ג חדש,ש. שסטוביץ בע`מ,,,יח,0.55,ל 100 גרם,false,1,2.20,4,false,1,
7290108350128,false,סנו סושי שקיות אשפה חזקות במיוחד 40 יח',החברה הדרומית לשיווק בעמ,,,יח,1,,false,1,25.90,25.90,false,1,
7290108350142,false,"שקיות רב שימושיות גדולות 25*35 ס""מ סנו סושי 270 יחידות",החברה הדרומית לשיווק בעמ,,,יח,1,,false,1,14.90,14.90,false,1,
7290108350203,false,"סנו סושי כריות קרצוף+ספוג מקציף 6 יחידות 12X9 ס""מ",החברה הדרומית לשיווק בעמ,,,יח,1,,false,1,9.90,9.90,false,1,
7290108350210,false,סנו סושי 30 שקיות אשפה XL חזקות במיוחד,החברה הדרומית לשיווק בעמ,,,יח,30,ל 100 גרם,false,1,23.90,0.80,false,1,
7290108350258,false,נייר טואלט דו שכבתי ארוך פי 3 - מארז 12 גלילים,החברה הדרומית לשיווק בעמ,,,יח,30.10,ל 100 גרם,false,1,39.90,1.33,false,1,
7290108350500,false,סנובון מוצק דאבל אקשן בניחוח תפוז שלישייה,החברה הדרומית לשיווק בעמ,,,יח,1,,false,1,10.90,10.90,false,1,
7290108350548,false,סנו ספארק נוזל כלים בניחוח לבנדר עם משאבה 1 ל',החברה הדרומית לשיווק בעמ,,,יח,10,"ל 100 מ""ל",false,1,11.90,1.19,false,1,
7290108350555,false,נוזל כלים סנו ספארק Spark היפואלרגני פריחת השקד,החברה הדרומית לשיווק בעמ,,,יח,10,"ל 100 מ""ל",false,1,11.90,1.19,false,1,
7290108350586,false,נוזל לניקוי כלים סנו ספארק Spark בניחוח לימון רענן,החברה הדרומית לשיווק בעמ,,,יח,1,לליטר,false,1,15.90,15.90,false,1,
7290108350616,false,סנו - מקסימה מרכך כביסה מרוכז פריחה כחולה 1 ליטר,החברה הדרומית לשיווק בעמ,,,יח,1,לליטר,false,1,17.90,17.90,false,1,
7290108350623,false,מרכך כביסה סופר מרוכז סופט סילק מקסימה 1 ל' סנו,החברה הדרומית לשיווק בעמ,,,יח,1,לליטר,false,1,17.90,17.90,false,1,
7290108350722,false,אורביטול גוניור משחת שיניים בוב ספוג 70ג,טרופיקל דגיל תעשיות קוסמ,,,יח,0.70,ל 100 גרם,false,1,8.90,12.71,false,1,
7290108351149,false,ג'ל ניקוי כללי בתוספת אבקת סודה ריח כביסה סנו ג'ט 1.5 ליטר,החברה הדרומית לשיווק בעמ,,,יח,1.50,לליטר,false,1,11.90,7.93,false,1,
7290108351156,false,ג'ל ניקוי כללי בתוספת חומץ בריח לבנדר סנו ג'ט 1.5 ליטר,החברה הדרומית לשיווק בעמ,,,יח,1.50,לליטר,false,1,11.90,7.93,false,1,
7290108351507,false,מרכך כביסה אינספרישיין סנו מקסימה 4 ליטר,החברה הדרומית לשיווק בעמ,,,יח,40,"ל 100 מ""ל",false,1,21.90,0.55,false,1,
7290108351514,false,מרכך כביסה בלו בלוסום סנו מקסימה 4 ליטר,החברה הדרומית לשיווק בעמ,,,יח,40,"ל 100 מ""ל",false,1,21.90,0.55,false,1,
7290108351521,false,סנו מקסימה ג`ל כביסה מרוכז 5 ל`מאסק,החברה הדרומית לשיווק בעמ,,,יח,50,"ל 100 מ""ל",false,1,39.90,0.80,false,1,
7290108351552,false,"סנו - ג'ט לניקוי כללי בתוספת חומץ בניחוח לבנדר 750 מ""ל",החברה הדרומית לשיווק בעמ,,,יח,7.50,"ל 100 מ""ל",false,1,11.90,1.59,false,1,
7290108351583,false,"סנו - ג'ט פלוס חומץ ג'ל לניקוי אסלות לבנדר 750 מ""ל",החברה הדרומית לשיווק בעמ,,,יח,0,"ל 100 מ""ל",false,1,9.90,9.90,false,1,
7290108351590,false,"סנופרש הום בלו בלוסון בניחוח מרכך כביסה 350 מ""ל",החברה הדרומית לשיווק בעמ,,,יח,3.50,ל 100 גרם,false,1,10.90,3.11,false,1,
7290108351613,false,סנו ריצפז פרש הום 2 ליטר בניחוח מלון חלומי,החברה הדרומית לשיווק בעמ,,,יח,20,"ל 100 מ""ל",false,1,19.90,1,false,1,
7290108351675,false,סנו מקסימה ג`ל כביסה מרוכז 5 ל`צבעוני,החברה הדרומית לשיווק בעמ,,,יח,5,לליטר,false,1,39.90,7.98,false,1,
7290108351682,false,גל כביסה סנו מקסימה ביו קולד ווטר 5 ל,החברה הדרומית לשיווק בעמ,,,יח,5,לליטר,false,1,39.90,7.98,false,1,
7290108351699,false,סנו - ג'ט מטליות לחות לניקוי כללי בתוספת חומץ לבנדר שלישיה,החברה הדרומית לשיווק בעמ,,,יח,1,יח,false,1,19.90,19.90,false,1,
7290108351705,false,פניני בישום לכביסה275 גר` fresh linen,החברה הדרומית לשיווק בעמ,,,יח,2.75,ל 100 גרם,false,1,20.90,7.60,false,1,
7290108351712,false,מקסימה פניני בישום לכביסה לובלי 275 גרם,החברה הדרומית לשיווק בעמ,,,יח,2.75,ל 100 גרם,false,1,20.90,7.60,false,1,
7290108351781,false,ג'ל לניקוי אסלות + חומץ ומלח לימון בריח הדרים,החברה הדרומית לשיווק בעמ,,,יח,0,"ל 100 מ""ל",false,1,9.90,9.90,false,1,
7290108351804,false,מרכך כביסה סופר מרוכז Gentl Breeze סנו מקסימה 1 ליטר,החברה הדרומית לשיווק בעמ,,,יח,10,"ל 100 מ""ל",false,1,17.90,1.79,false,1,
7290108351835,false,מרכך כביסה Pure Sensation סנו מקסימה 4 ליטר,החברה הדרומית לשיווק בעמ,,,יח,40,"ל 100 מ""ל",false,1,21.90,0.55,false,1,
7290108351996,false,"חיטוי בייבי 99.9% לחיטוי וניקוי בסביבת תינוקות 750 מ""ל",החברה הדרומית לשיווק בעמ,,,יח,10,ל 100 גרם,false,1,11.90,1.19,false,1,
7290108352009,false,סנו ספארק קפסולות למדיח כלים 50 יחידות,החברה הדרומית לשיווק בעמ,,,יח,50,יח,false,1,39.90,0.80,false,1,
7290108352047,false,אורביטול - צמד מברשות שיניים 808 + חוט דנטלי במתנה,החברה הדרומית לשיווק בעמ,,,יח,1,,false,1,19.90,19.90,false,1,
7290108352054,false,אורביטול - צמד מברשות שיניים 980 + חוט דנטלי במתנה,החברה הדרומית לשיווק בעמ,,,יח,1,,false,1,19.90,19.90,false,1,
7290108352078,false,"שטיפת פה protective salt אורביטול 500 מ""ל",החברה הדרומית לשיווק בעמ,,,יח,5,ל 100 גרם,false,1,24.90,4.98,false,1,
7290108352092,false,משחת שיניים אורביטול פרוטקטיב סולט בטעם מנטה,טרופיקל דגיל תעשיות קוסמ,,,יח,1.45,ל 100 גרם,false,1,17.90,12.34,false,1,
7290108352115,false,סנובון ווייב לאסלה בתוספת אקונומיקהה 45X3ג',החברה הדרומית לשיווק בעמ,,,יח,40,"ל 100 מ""ל",false,1,14.90,0.37,false,1,
7290108352153,false,"סנובון נוזלי בניחוח לוטוס וסחלב סנו 750 מ""ל",החברה הדרומית לשיווק בעמ,,,יח,7.50,"ל 100 מ""ל",false,1,9.90,1.32,false,1,
7290108352207,false,מקסימה 40 קפסולות לכביסה בניחוח fresh burst,החברה הדרומית לשיווק בעמ,,,יח,8.40,ל 100 גרם,false,1,29.90,3.56,false,1,
7290108352214,false,סנו - מקסימה קפסולות כביסה בניחוח בריזה מרעננת 40 יח',החברה הדרומית לשיווק בעמ,,,יח,8.40,ל 100 גרם,false,1,29.90,3.56,false,1,
7290108352221,false,סנופרש הום מבשם נוזלי בניחוח מלון מפנק,החברה הדרומית לשיווק בעמ,,,יח,3.50,ל 100 גרם,false,1,10.90,3.11,false,1,
7290108352252,false,נוזל לניקוי כלים מתאים לניקוי ירקות ופירות סנו ספארק,החברה הדרומית לשיווק בעמ,,,יח,10,"ל 100 מ""ל",false,1,11.90,1.19,false,1,
7290108352269,false,סנו מטליות לחיטוי ולניקוי בדלי 400 יחידו,החברה הדרומית לשיווק בעמ,,,יח,1,,false,1,29.90,29.90,false,1,
7290108352290,false,שלישיית מטליות לחיטוי ולניקוי יסודי לחדר האמבטיה סדרת 99.9%,החברה הדרומית לשיווק בעמ,,,יח,1,,false,1,19.90,19.90,false,1,
7290108352320,false,"מבשם אויר סנו פרש הום בניחוח כותנה מלטפת 350 מ""ל",החברה הדרומית לשיווק בעמ,,,יח,3.50,ל 100 גרם,false,1,10.90,3.11,false,1,
7290108352337,false,"סנו - פרש מילוי למטהר אוויר מלון מפנק 250 מ""ל",החברה הדרומית לשיווק בעמ,,,יח,1.65,ל 100 גרם,false,1,13.90,8.42,false,1,
7290108352344,false,"פרש מבשם אויר אוטומטי בניחוח לבנדר סנו 250 מ""ל",החברה הדרומית לשיווק בעמ,,,יח,1.65,ל 100 גרם,false,1,13.90,8.42,false,1,
7290108352368,false,תוסף לחיטוי כביסה 99.9% סנו מקסימה 3 ל',החברה הדרומית לשיווק בעמ,,,יח,7.50,"ל 100 מ""ל",false,1,31.90,4.25,false,1,
7290108352399,false,ריצפז פרש הום בניחוח מרכך כביסה פלורל טאצ',החברה הדרומית לשיווק בעמ,,,יח,20,"ל 100 מ""ל",false,1,19.90,1,false,1,
7290108352436,false,סנובון מוצק בניחוח נגוליה ונרולי שלישייה,החברה הדרומית לשיווק בעמ,,,יח,1.65,ל 100 גרם,false,1,14.90,9.03,false,1,
7290108352450,false,ריצפז פרש הום בניחוח מרכך כביסה בלו בלוסום,החברה הדרומית לשיווק בעמ,,,יח,20,"ל 100 מ""ל",false,1,19.90,1,false,1,
7290108352481,false,מטהר אויר סנומוד נרסיסוס נטול גז 150,החברה הדרומית לשיווק בעמ,,,יח,1.50,"ל 100 מ""ל",false,1,10.90,7.27,false,1,
7290108352511,false,"מקסימה לניקוי וחיטוי מכונת כביסה שקית 500 מ""ל",החברה הדרומית לשיווק בעמ,,,יח,5,"ל 100 מ""ל",false,1,12.90,2.58,false,1,
7290108352535,false,סנו - מקסימה דפי בישום לחים למייבש הכביסה בניחוח מרכך כביסה,טרופיגל דגיל תעשיות קוסמ,,,יח,1,,false,1,13.90,13.90,false,1,
7290108352566,false,מרכך כביסה בבישום עוצמתי 4 ל' סנו מקסינה,החברה הדרומית לשיווק בעמ,,,יח,40,"ל 100 מ""ל",false,1,21.90,0.55,false,1,
7290108352597,false,דלי מגבונים לניקוי כללי סנו 400 יחידות,החברה הדרומית לשיווק בעמ,,,יח,1,,false,1,29.90,29.90,false,1,
7290108352641,false,סנו סושי מטלית הפלא לניקוי כללי במארז שלישייה,החברה הדרומית לשיווק בעמ,,,יח,1,,false,1,14.90,14.90,false,1,
7290108352672,false,צמד מטליות הפלא לרצפה מיקרפייבר סנו סושי,החברה הדרומית לשיווק בעמ,,,יח,1,,false,1,19.90,19.90,false,1,
7290108352689,false,כריות קרצוף ללכלוך קשה סנו סושי 9 יחידות,החברה הדרומית לשיווק בעמ,,,יח,1,,false,1,9.90,9.90,false,1,
7290108352696,false,"סנו סושי- ניילון נצמד+ רחב במיוחד 45 ס""מ",החברה הדרומית לשיווק בעמ,,,יח,1,,false,1,31.90,31.90,false,1,
7290108352702,false,סנו סופט שלישיית מגבוני טואלט נשטפים בוב ספוג 48 יחידות,החברה הדרומית לשיווק בעמ,,,יח,0,ל 100 גרם,false,1,16.90,16.90,false,1,
7290108352788,false,סנו סושי שקיות זיפר לאוכל L 20 יחידות,החברה הדרומית לשיווק בעמ,,,יח,7.50,"ל 100 מ""ל",false,1,11.90,1.59,false,1,
7290108352795,false,שקיות זיפר 50 יח`במידה M סנו סושי,החברה הדרומית לשיווק בעמ,,,יח,7.50,"ל 100 מ""ל",false,1,11.90,1.59,false,1,
7290108352801,false,"שקיות אשפה לפחים קטנים 45 * 56 ס""מ סנו סושי 100 יחידות",החברה הדרומית לשיווק בעמ,,,יח,1.14,"לק""ג",false,1,19.90,17.46,false,1,
7290108352825,false,ספוג הפלא נירוסטה סנו סושי 3יח',החברה הדרומית לשיווק בעמ,,,יח,1,,false,1,9.90,9.90,false,1,
7290108352849,false,שלישיית מטליות הפלא לניקוי כללי דקור סנו סושי,החברה הדרומית לשיווק בעמ,,,יח,1,,false,1,14.90,14.90,false,1,
7290108352863,false,סנו סושי שקיות צלייה 20יח' מידה L,החברה הדרומית לשיווק בעמ,,,יח,1,,false,1,8.90,8.90,false,1,
7290108352870,false,סנו סושי שקיות צלייה 10יח' מידה XL,החברה הדרומית לשיווק בעמ,,,יח,1,,false,1,8.90,8.90,false,1,
7290108352900,false,מגבות נייר בגליל כפול סנו סושי 12=6 גלילים,החברה הדרומית לשיווק בעמ,,,יח,25.50,ל 100 גרם,false,1,24.90,0.98,false,1,
7290108353006,false,סנו סושי - שקיות אוכל נקשרות 250 יחידות XL,החברה הדרומית לשיווק בעמ,,,יח,1,,false,1,13.90,13.90,false,1,
7290108353068,false,ספוג הפלא נירוסטה עם סיבי קירצוף סנו סושי 2 יח',החברה הדרומית לשיווק בעמ,,,יח,1,,false,1,11.90,11.90,false,1,
7290108353099,false,ממחטות אף במארז ניילון סנו סופט 5 יח' * 100 דף,החברה הדרומית לשיווק בעמ,,,יח,1,,false,1,13.90,13.90,false,1,
7290108353334,false,"שמפו למניעת קשקשים עם שמן עץ התה ואסאי 700 מ""ל כיף",החברה הדרומית לשיווק בעמ,,,יח,7,"ל 100 מ""ל",false,1,11.90,1.70,false,1,
7290108353396,false,צמד מברשות שיניים עם סיבים דקים ורכים במיוחד,החברה הדרומית לשיווק בעמ,,,יח,1,,false,1,19.90,19.90,false,1,
7290108353419,false,צמד מברשות שיניים עם סיבי הלבנה ספירליים,החברה הדרומית לשיווק בעמ,,,יח,1,,false,1,19.90,19.90,false,1,
7290108353440,false,אורביטול מברשות שיניים נאנו לחניכיים 2יח,החברה הדרומית לשיווק בעמ,,,יח,1,,false,1,29.90,29.90,false,1,
7290108353471,false,סנובון מוצק לאסלה DESIGN בניחוח ספא,החברה הדרומית לשיווק בעמ,,,יח,25.50,ל 100 גרם,false,1,7.90,0.31,false,1,
7290108353501,false,"שקיות אשפה ענקיות עם ידיות ענקיות 75*90 ס""מ סנו סושי 25 יחידות",החברה הדרומית לשיווק בעמ,,,יח,1,,false,1,19.90,19.90,false,1,
7290108353532,false,"שקיות אשפה חזקות עם שרוך לארג' 54 * 65 ס""מ סנו סושי 100 יחידות",החברה הדרומית לשיווק בעמ,,,יח,1,,false,1,29.90,29.90,false,1,
7290108353549,false,נייר אפיה 100 דפים סנו סושי,החברה הדרומית לשיווק בעמ,,,יח,1,,false,1,19.90,19.90,false,1,
7290108353648,false,סנו סושי - שקיות אוכל מנייר 70 יחידות,החברה הדרומית לשיווק בעמ,,,יח,1.65,ל 100 גרם,false,1,10.90,6.61,false,1,
7290108353686,false,מטלית חלומית לרצפה סנו סושי 1 יחידה,החברה הדרומית לשיווק בעמ,,,יח,1,,false,1,11.90,11.90,false,1,
7290108353723,false,"קרמה - תחליב רחצה חימר תה ירוק 500 מ""ל",החברה הדרומית לשיווק בעמ,,,יח,5,"ל 100 מ""ל",false,1,12.90,2.58,false,1,
7290108353778,false,"נקה 7 - תחליב רחצה שוודיה בניחוח פיטנגו 750 מ""ל",החברה הדרומית לשיווק בעמ,,,יח,8,לליטר,false,1,9.90,1.24,false,1,
7290108353785,false,תחליב רחצה נקה 7 מרוקו בניחוח טונקה 750,החברה הדרומית לשיווק בעמ,,,יח,7.50,לליטר,false,1,9.90,1.32,false,1,
7290108353792,false,"נקה 7 - תחליב רחצה יפן בניחוח פריחת הדובדבן 750 מ""ל",החברה הדרומית לשיווק בעמ,,,יח,8,לליטר,false,1,9.90,1.24,false,1,
7290108353808,false,"תחליב רחצה מדגסקר נקה 7 בניחוח אמבר 750 מ""ל",החברה הדרומית לשיווק בעמ,,,יח,8,לליטר,false,1,9.90,1.24,false,1,
7290108353983,false,"קרמה - קרם גוף קרמה קלאסי 500 מ""ל",החברה הדרומית לשיווק בעמ,,,יח,5,"ל 100 מ""ל",false,1,23.90,4.78,false,1,
7290108353990,false,"קרמה - קרם גוף קרמה מאסק 500 מ""ל",החברה הדרומית לשיווק בעמ,,,יח,5,"ל 100 מ""ל",false,1,23.90,4.78,false,1,
7290108354164,false,"כיף שלישיית אל סבון קטיפתי מועשר בשמנים 3*500 מ""ל",החברה הדרומית לשיווק בעמ,,,יח,1.50,לליטר,false,1,18.90,12.60,false,1,
7290108354225,false,"סנו מדיק היגניק ג'ל לניקוי ידיים 100 מ""ל",החברה הדרומית לשיווק בעמ,,,יח,1,,false,1,11.90,11.90,false,1,
7290108354263,false,אורביטול גוניור משחת שיניים חד קרן 70גרם,טרופיקל דגיל תעשיות קוסמ,,,יח,0.70,ל 100 גרם,false,1,8.90,12.71,false,1,
7290108354270,false,מרכך כביסה מרוכז בבישום עוצמתי 1 ל' סנו מקסימה,החברה הדרומית לשיווק בעמ,,,יח,1,לליטר,false,1,17.90,17.90,false,1,
7290108354355,false,סנו מגבוני היגיינים לניקוי הידיים 70 % אלכוהול 20 יח',החברה הדרומית לשיווק בעמ,,,יח,1,,false,1,9.90,9.90,false,1,
7290108354430,false,"שמפו כיף לשיקום והזנה שמן קוקוס וקרטין 700 מ""ל",החברה הדרומית לשיווק בעמ,,,יח,7,"ל 100 מ""ל",false,1,11.90,1.70,false,1,
7290108354447,false,"מרכך כיף לשיקום והזנה שמן קוקוס וקרטין 700 מ""ל",החברה הדרומית לשיווק בעמ,,,יח,7,"ל 100 מ""ל",false,1,11.90,1.70,false,1,
7290108354485,false,"קרליין מרכך 10 לשיער שמן ארגן 700 מ""ל",החברה הדרומית לשיווק בעמ,,,יח,7,"ל 100 מ""ל",false,1,12.90,1.84,false,1,
7290108354492,false,"קרליין שמפו 10 לשיער שמן ארגן 700 מ""ל",החברה הדרומית לשיווק בעמ,,,יח,7,"ל 100 מ""ל",false,1,12.90,1.84,false,1,
7290108354577,false,דאודורנט רול און קרמה וניל ופלפל ורוד 75,החברה הדרומית לשיווק בעמ,,,יח,0.75,ל 100 גרם,false,1,14.90,19.87,false,1,
7290108354591,false,"תחליב רחצה בניחוח מי קקטוס ושמן באבאסו 750 מ""ל נקה 7",החברה הדרומית לשיווק בעמ,,,יח,7.50,"ל 100 מ""ל",false,1,10.90,1.45,false,1,
7290108354751,false,"סנו - ג'ט מרסס לניקוי כללי בתוספת אבקת סודה 750 מ""ל",החברה הדרומית לשיווק בעמ,,,יח,7.50,"ל 100 מ""ל",false,1,11.90,1.59,false,1,
7290108354829,false,"קרם ידיים קרמה ורד וניל 100 מ""ל מ""ל",החברה הדרומית לשיווק בעמ,,,יח,1,"ל 100 מ""ל",false,1,9.90,9.90,false,1,
7290108354850,false,"דאורדוראנט רול און קרמה בריזת ים 75 מ""ל",החברה הדרומית לשיווק בעמ,,,יח,0.75,ל 100 גרם,false,1,14.90,19.87,false,1,
7290108354911,false,"שמפו, ג'ל רחצה וגילוח מועשר בתמצית אלוורה",החברה הדרומית לשיווק בעמ,,,יח,7,"ל 100 מ""ל",false,1,15.90,2.27,false,1,
7290108354980,false,קרם ידיים מרוכז לידיים יבשות מאוד ללא בישום,החברה הדרומית לשיווק בעמ,,,יח,0.50,"ל 100 מ""ל",false,1,14.90,29.80,false,1,
7290108355000,false,שמפו לילדים מיניונים נקה 7 (750 מל),החברה הדרומית לשיווק בעמ,,,יח,7.50,"ל 100 מ""ל",false,1,10.90,1.45,false,1,
7290108355147,false,תחליב רחצה שמנהי הזנה נקה (7507 מל),טרופיקל דגיל תעשיות קוסמ,,,יח,7.50,לליטר,false,1,9.90,1.32,false,1,
7290108355154,false,נקה 7 שמפו לשיער שמני הזנה 750 מל,החברה הדרומית לשיווק בעמ,,,יח,0.75,"ל 100 מ""ל",false,1,10.90,14.53,false,1,
7290108355161,false,"מרכך שיער שמני הזנה 750 מ""ל נקה 7",החברה הדרומית לשיווק בעמ,,,יח,7.50,"ל 100 מ""ל",false,1,10.90,1.45,false,1,
7290108355178,false,"קרמה - קרם ידיים חמאת שיאה וקוקוי 100 מ""ל",החברה הדרומית לשיווק בעמ,,,יח,1,"ל 100 מ""ל",false,1,9.90,9.90,false,1,
7290108355192,false,"מרכך קרטין אינטנס למניעת קשקשים נטורל פורמולה 400 מ""ל",החברה הדרומית לשיווק בעמ,,,יח,7,"ל 100 מ""ל",false,1,29.90,4.27,false,1,
7290108355208,false,"שמפו קרטין אינטנס למניעת קשקשים נטורל 400 מ""ל",החברה הדרומית לשיווק בעמ,,,יח,7,"ל 100 מ""ל",false,1,29.90,4.27,false,1,
7290108355468,false,"קרמה דאודורנט רול און נרולי ומגנוליה 75 מ""ל",החברה הדרומית לשיווק בעמ,,,יח,0.75,ל 100 גרם,false,1,14.90,19.87,false,1,
7290108355543,false,"קרמה - דאודורנט ספריי לאישה נרולי מגנוליה 150 מ""ל",החברה הדרומית לשיווק בעמ,,,יח,1.50,"ל 100 מ""ל",false,1,12.90,8.60,false,1,
7290108355802,false,"תחליב רחצה קרמה ורד ווניל 700 מ""ל",החברה הדרומית לשיווק בעמ,,,יח,7,"ל 100 מ""ל",false,1,16.90,2.41,false,1,
7290108356106,false,כיף תחליב רחצה חלב שקדים 700 מל,החברה הדרומית לשיווק בעמ,,,יח,7,"ל 100 מ""ל",false,1,11.90,1.70,false,1,
7290108356113,false,תחליב רחצה כיף ניחוח דבש 700 מל,החברה הדרומית לשיווק בעמ,,,יח,7,"ל 100 מ""ל",false,1,11.90,1.70,false,1,
7290108356120,false,תחליב רחצה כיף ניחוח קוקוס וניל700 מל,החברה הדרומית לשיווק בעמ,,,יח,7,"ל 100 מ""ל",false,1,11.90,1.70,false,1,
7290108356137,false,תחליב רחצה כיף ניחוח לבנדר 700 מל,החברה הדרומית לשיווק בעמ,,,יח,7,"ל 100 מ""ל",false,1,11.90,1.70,false,1,
7290108356199,false,אל סבון נוזלי כיףאפרסק ופלפל שחור (1ליטר,החברה הדרומית לשיווק בעמ,,,יח,1,לליטר,false,1,11.90,11.90,false,1,
7290108356229,false,ג'ל גילוח לכל סוגי העור מועשר בפחם פעיל,החברה הדרומית לשיווק בעמ,,,יח,2,"ל 100 מ""ל",false,1,14.90,7.45,false,1,
7290108356274,false,"כיף - מוס רחצה בניחוח תותים ושמנת 150 מ""ל",החברה הדרומית לשיווק בעמ,,,יח,1.50,"ל 100 מ""ל",false,1,13.90,9.27,false,1,
7290108356298,false,"כיף - מוס רחצה בניחוח קרם עוגיות 150 מ""ל",החברה הדרומית לשיווק בעמ,,,יח,1.50,"ל 100 מ""ל",false,1,13.90,9.27,false,1,
7290108356373,false,סנו - מדיק ג'ל לניקוי ידיים מיניונים סיליקון,החברה הדרומית לשיווק בעמ,,,יח,1,,false,1,9.90,9.90,false,1,
7290108356380,false,מגבוני דאודורנט קרמה ורד וניל,החברה הדרומית לשיווק בעמ,,,יח,1,,false,1,11.90,11.90,false,1,
7290108356489,false,"כיף - תחליב רחצה אפרסק וחמאת מורומורו 700 מ""ל",החברה הדרומית לשיווק בעמ,,,יח,7,"ל 100 מ""ל",false,1,11.90,1.70,false,1,
7290108356519,false,קרליין שמפו 10למניעת קשקשים 700מל,החברה הדרומית לשיווק בעמ,,,יח,7,"ל 100 מ""ל",false,1,12.90,1.84,false,1,
7290108356526,false,"קרליין - שמפו 10 לשיער יבש 700 מ""ל",החברה הדרומית לשיווק בעמ,,,יח,7,"ל 100 מ""ל",false,1,12.90,1.84,false,1,
7290108356533,false,קרוליין 10 שמפו לשיער מתולתל 700 מל,החברה הדרומית לשיווק בעמ,,,יח,7,"ל 100 מ""ל",false,1,12.90,1.84,false,1,
7290108356540,false,קרוליין 10 שמפו לשיער צבוע 700 מל,החברה הדרומית לשיווק בעמ,,,יח,7,"ל 100 מ""ל",false,1,12.90,1.84,false,1,
7290108356564,false,"קרליין - מרכך 10 לשיער רגיל 700 מ""ל",החברה הדרומית לשיווק בעמ,,,יח,7,"ל 100 מ""ל",false,1,12.90,1.84,false,1,
7290108356571,false,"קרליין - מרכך 10 לשיער יבש 700 מ""ל",החברה הדרומית לשיווק בעמ,,,יח,7,"ל 100 מ""ל",false,1,12.90,1.84,false,1,
7290108356588,false,קרוליין 10 מרכך לשיער מתולתל 700 מל,החברה הדרומית לשיווק בעמ,,,יח,7,"ל 100 מ""ל",false,1,12.90,1.84,false,1,
7290108356854,false,מגבוני בייבי כיף בניוח עדין מארז חמישייה,החברה הדרומית לשיווק בעמ,,,יח,1,,false,1,19.90,19.90,false,1,
7290108356861,false,מגבוני בייבי כיף ללא בישום מארז חמישייה,החברה הדרומית לשיווק בעמ,,,יח,1,,false,1,19.90,19.90,false,1,
7290108357004,false,כיף שמפו ורד ושמן קוקוי לרכות וברק,החברה הדרומית לשיווק בעמ,,,יח,7,"ל 100 מ""ל",false,1,11.90,1.70,false,1,
7290108357028,false,"תחליב רחצה כיף ורד ושמן קוקוי 700 מ""ל",החברה הדרומית לשיווק בעמ,,,יח,7,"ל 100 מ""ל",false,1,11.90,1.70,false,1,
7290108357059,false,"קרליין - נושם ביו דאודורנט רול און 75 מ""ל Secret Garden לאישה",החברה הדרומית לשיווק בעמ,,,יח,0.75,ל 100 גרם,false,1,13.90,18.53,false,1,
7290108357073,false,"קרליין - נושם ביו דאודורנט ספריי 150 מ""ל Blossoms Citrus לאישה",החברה הדרומית לשיווק בעמ,,,יח,1.50,ל 100 גרם,false,1,13.90,9.27,false,1,
7290108357110,false,"קרליין - נושם ביו דאודורנט רול און 75 מ""ל Valvet Rose לאישה",החברה הדרומית לשיווק בעמ,,,יח,0.75,ל 100 גרם,false,1,13.90,18.53,false,1,
7290108357189,false,"מבשם ומרכך למייבש הכביסה מקסימה פלורל 750 מ""ל סנו",החברה הדרומית לשיווק בעמ,,,יח,7.50,"ל 100 מ""ל",false,1,17.90,2.39,false,1,
7290108357202,false,סנוקליר לניקוי בניחוח בלו בלוסום 1 ליטר,החברה הדרומית לשיווק בעמ,,,יח,10,"ל 100 מ""ל",false,1,10.90,1.09,false,1,
7290108357240,false,"אוקסיג'ן פאוור תוסף להסרת כתמים קשים 1.4 ק""ג",החברה הדרומית לשיווק בעמ,,,יח,1.40,"ל 100 מ""ל",false,1,31.90,22.79,false,1,
7290108357264,false,"פרש אוטומטי מילוי בניחוח מרכך הכביסה אולטרה 375 מ""ל סנו",החברה הדרומית לשיווק בעמ,,,יח,1.65,ל 100 גרם,false,1,13.90,8.42,false,1,
7290108357271,false,סנובון ג'ל לניקוי אסלות עם חמצן פעיל לניקוי עוצמתי,החברה הדרומית לשיווק בעמ,,,יח,7.50,"ל 100 מ""ל",false,1,9.90,1.32,false,1,
7290108357288,false,אקונומיקה ז'אוול בניחוח פריחה לבנה 4 ל' סנו,החברה הדרומית לשיווק בעמ,,,יח,40,"ל 100 מ""ל",false,1,16.90,0.42,false,1,
7290108357295,false,"מרסס אוקסיג'ן מסיר כתמים סנו לכביסה לבנה 750 מ""ל",החברה הדרומית לשיווק בעמ,,,יח,7.50,"ל 100 מ""ל",false,1,17.90,2.39,false,1,
7290108357301,false,"סנו - K300 קוטל חרקים תיקנים ונמלים 300 מ""ל",החברה הדרומית לשיווק בעמ,,,יח,3,"ל 100 מ""ל",false,1,11.90,3.97,false,1,
7290108357417,false,"קרמה - קרם גוף קרמה ורד ווניל 500 מ""ל",החברה הדרומית לשיווק בעמ,,,יח,5,"ל 100 מ""ל",false,1,23.90,4.78,false,1,
7290108357493,false,"תחליב רחצה קרמה וניל ופלפל ורוד 700 מ""ל",החברה הדרומית לשיווק בעמ,,,יח,7,"ל 100 מ""ל",false,1,16.90,2.41,false,1,
7290108357578,false,"קרם ידיים קרמה וניל ופלפל ורוד 100מ""ל",החברה הדרומית לשיווק בעמ,,,יח,1,"ל 100 מ""ל",false,1,9.90,9.90,false,1,
7290108357707,false,"כיף שמפו לשיער רגיל- תפוח זרעי צ'יה 700 מ""ל",החברה הדרומית לשיווק בעמ,,,יח,7,"ל 100 מ""ל",false,1,11.90,1.70,false,1,
7290108357714,false,"כיף שמפו לשיער יבש -רימונים ושמן ארגן 700 מ""ל",החברה הדרומית לשיווק בעמ,,,יח,7,"ל 100 מ""ל",false,1,11.90,1.70,false,1,
7290108357769,false,"מרכך לשיער רגיל תפוח וזרעי צ'יה 700 מ""ל כיף",החברה הדרומית לשיווק בעמ,,,יח,7,"ל 100 מ""ל",false,1,11.90,1.70,false,1,
7290108357776,false,"כיף מרכך לשיער יבש -רימונים ושמן ארגן 700 מ""ל",החברה הדרומית לשיווק בעמ,,,יח,7,"ל 100 מ""ל",false,1,11.90,1.70,false,1,
7290108357851,false,"כיף - ג'ל רחצה אליקסיר אוילס מועשר בשמן קוקוס 700 מ""ל",החברה הדרומית לשיווק בעמ,,,יח,7,"ל 100 מ""ל",false,1,11.90,1.70,false,1,
7290108357875,false,"כיף - שמפו לחות מוגברת עם אפרסק וחמאת מורומורו 700 מ""ל",החברה הדרומית לשיווק בעמ,,,יח,7,"ל 100 מ""ל",false,1,11.90,1.70,false,1,
7290108357882,false,"כיף - מרכך לחות מוגברת עם אפרסק וחמאת מורומורו 700 מ""ל",החברה הדרומית לשיווק בעמ,,,יח,7,"ל 100 מ""ל",false,1,11.90,1.70,false,1,
7290108358070,false,"תחליב רחצה קרמה קלאסי 700 מ""ל",החברה הדרומית לשיווק בעמ,,,יח,7,"ל 100 מ""ל",false,1,16.90,2.41,false,1,
7290108358087,false,"תחליב רחצה קרמה מאסק 700 מ""ל",החברה הדרומית לשיווק בעמ,,,יח,7,"ל 100 מ""ל",false,1,16.90,2.41,false,1,
7290108358100,false,"פרש הום מקלות ריחניים בייבי בבקבוק 100 מ""ל",החברה הדרומית לשיווק בעמ,,,יח,1,ל 100 גרם,false,1,19.90,19.90,false,1,
7290108358117,false,"פרש הום מקלות ריחניים לבית בניחוח כביסה רעננה 100 מ""ל",החברה הדרומית לשיווק בעמ,,,יח,3.50,ל 100 גרם,false,1,19.90,5.69,false,1,
7290108359008,false,סושי שקיות זיפר עם סליידר 15 יח לארג',החברה הדרומית לשיווק בעמ,,,יח,1,,false,1,15.90,15.90,false,1,
7290108359015,false,סושי שקיות זיפר עם סליידר 20 יח מדיום,החברה הדרומית לשיווק בעמ,,,יח,1,,false,1,15.90,15.90,false,1,
7290108359039,false,שקיות אשפה עם ידיות סנו סושי לפחים 30 יחידות,החברה הדרומית לשיווק בעמ,,,יח,1,,false,1,19.90,19.90,false,1,
7290108359046,false,שקיות אשפה EXTRA חזקאות במיוחד XXL סנו סושי 20 יח',החברה הדרומית לשיווק בעמ,,,יח,1.65,ל 100 גרם,false,1,25.90,15.70,false,1,
7290108359060,false,סנו סושי כריות הפלא רב תכלתיות *4 לשבת,החברה הדרומית לשיווק בעמ,,,יח,1,,false,1,9.90,9.90,false,1,
7290108359824,false,"כיף - בייבי כיף קרם 500 מ""ל",החברה הדרומית לשיווק בעמ,,,יח,5,"ל 100 מ""ל",false,1,19.90,3.98,false,1,
7290108359831,false,בייבי שמן לתינוק לעור עדין כיף (500 מל),החברה הדרומית לשיווק בעמ,,,יח,5,"ל 100 מ""ל",false,1,24.90,4.98,false,1,
7290108359879,false,"אלסבון בייבי כיף+משאבה 750 מ""ל",החברה הדרומית לשיווק בעמ,,,יח,7.50,"ל 100 מ""ל",false,1,14.90,1.99,false,1,
7290108359893,false,"תחליב רחצה בייבי כיף+משאבה 750 מ""ל",החברה הדרומית לשיווק בעמ,,,יח,7.50,"ל 100 מ""ל",false,1,14.90,1.99,false,1,
7290108359985,false,סנו - ז'אוול מרסס קצף לניקוי וחינו בניחוח פריחה לבנה 1 ליטר,החברה הדרומית לשיווק בעמ,,,יח,10,"ל 100 מ""ל",false,1,17.90,1.79,false,1,
7290108375701,false,חנוכיה תיבה מוכספת וזהב,אבי מתנות בעמ,,,יח,1,,false,1,389,389,false,1,
7290108379068,false,"חנוכיה להבה ניקל 280 ס""מ",אבי מתנות בעמ,,,יח,1,,false,1,169.90,169.90,false,1,
7290108500578,false,גבינה צהובה מגורדת 300 גר`,ג.וילי פוד בעמ,,,יח,5,ל 100 גרם,false,1,11.90,2.38,false,1,
7290108500677,false,כבד דג שיבוט בשמן דג וילי פוד 115 גרם,ג. וילי-פוד אינטרנשיונל בע`מ,,,יח,1.15,ל 100 גרם,false,1,9.90,8.61,true,1,
7290108501346,false,גבינה מגורדת גאודה 28% שומן EURO CHEESE ויליפוד 500 גרם,ג.וילי-פוד אינטרנשיונל **גבינו,,,יח,5,ל 100 גרם,false,1,24.90,4.98,false,1,
7290108501490,false,גבינת מוצרלה פרוסות 150 גר`וילי פוד,ג.וילי-פוד אינטרנשיונל **גבינו,,,יח,1.50,ל 100 גרם,false,1,12.90,8.60,false,1,
7290108501827,false,קדאיף שערות בצק ויליפוד 450 גרם,ג.וילי-פוד אינטרנשיונל **גבינו,,,יח,0.45,ל 100 גרם,false,1,19.90,44.22,false,1,
7290108502329,false,רביעיית טונה בשמן זית ויליפוד 4*160 גרם,ג. וילי-פוד אינטרנשיונל בע`מ,,,יח,0.64,ל 100 גרם,false,1,27.90,43.59,false,1,
7290108502541,false,גבינת שמנת טעם טבעי ויליפוד 200 גרם,ג.וילי-פוד אינטרנשיונל **גבינו,,,יח,0.20,ל 100 גרם,false,1,11.90,59.50,false,1,
7290108502589,false,גבינת שמנת עם שום ויליפוד 200 גרם,ג.וילי-פוד אינטרנשיונל **גבינו,,,יח,0.20,ל 100 גרם,false,1,11.90,59.50,false,1,
7290108502725,false,גבינת גאודה פרוסות ויליפוד 400 גרם,ג.וילי-פוד אינטרנשיונל **גבינו,,,יח,0.40,ל 100 גרם,false,1,21.90,54.75,false,1,
7290108502763,false,גבינת קממבר ויליפוד 200 גרם,ג.וילי-פוד אינטרנשיונל **גבינו,,,יח,0.20,ל 100 גרם,false,1,19.90,99.50,false,1,
7290108502862,false,מלפפונים כבושים במלח 18-25 קטנים ויליפוד 600 גרם,ג. וילי-פוד אינטרנשיונל בע`מ,,,יח,0.60,ל 100 גרם,false,1,11.90,19.83,false,1,
7290108503067,false,פרמז'נו משולש ויליפוד 150 גרם,ג.וילי-פוד אינטרנשיונל **גבינו,,,יח,0.15,ל 100 גרם,false,1,18.90,126,false,1,
7290108503975,false,פסטה איטליאנה קנלוני ויליפוד 250 גרם,ג. וילי-פוד אינטרנשיונל בע`מ,,,יח,2.50,ל 100 גרם,false,1,9.90,3.96,false,1,
7290108503999,false,פרוסות גבינה בטעם גאודה לכריכים וטוסטים ויליפוד 150 גרם,ג.וילי-פוד אינטרנשיונל **גבינו,,,יח,1.50,ל 100 גרם,false,1,10.90,7.27,true,1,
7290108504279,false,קשקבל \איבריקו\ מנצ'גו צ'אנק 150 גרם,ג. וילי-פוד אינטרנשיונל בע`מ,,,יח,1.50,ל 100 גרם,false,1,16.90,11.27,true,1,
7290108504293,false,מנצ`גו צ`אנק 150 גרם ויליפוד,ג.וילי-פוד אינטרנשיונל **גבינו,,,יח,1.50,ל 100 גרם,false,1,16.90,11.27,true,1,
7290108504385,false,גבינת שמנת עם חלפיניו ויליפוד 200 גרם,ג.וילי-פוד אינטרנשיונל **גבינו,,,יח,2,ל 100 גרם,false,1,11.90,5.95,false,1,
7290108505375,false,גולדן צהובה פרוסה ויליפוד 400 גרם,ג.וילי-פוד אינטרנשיונל **גבינו,,,יח,4,ל 100 גרם,false,1,18.90,4.73,false,1,
7290108505726,false,אצבעות גבינת חצי קשה EURO CHEESE ויליפוד 200 גרם,ג.וילי-פוד אינטרנשיונל **גבינו,,,יח,2,יח,false,1,13.90,6.95,false,1,
7290108505733,false,צמות -גבינה חצי קשה 25% שומן ( 200 גר) ו,ג.וילי-פוד אינטרנשיונל **גבינו,,,יח,2,יח,false,1,13.90,6.95,false,1,
7290108506488,false,סופלה שוקולד קפוא ויליפוד 200 גרם,ג.וילי-פוד אינטרנשיונל **גבינו,,,יח,2,ל 100 גרם,false,1,14.90,7.45,true,1,
7290108506495,false,"כנאפה מאפה בצק ""שערות"" קדאיף וגבינה",ג.וילי-פוד אינטרנשיונל **גבינו,,,יח,2,ל 100 גרם,false,1,12.90,6.45,false,1,
7290108506969,false,מאפה בורקס מים תורכי גבינה ויליפוד 300 גרם,ג.וילי-פוד אינטרנשיונל **גבינו,,,יח,3,ל 100 גרם,false,1,11.90,3.97,false,1,
7290108507010,false,מאפה בורקס מים תורכי תרד וגבינה ויליפוד 300 גרם,ג.וילי-פוד אינטרנשיונל **גבינו,,,יח,3,ל 100 גרם,false,1,11.90,3.97,false,1,
7290108507942,false,ירקות גינה+טונה 160 גרם בית יוסף,ג.וילי-פוד אינטרנשיונל בעמ,,,יח,1.60,ל 100 גרם,false,1,9.90,6.19,false,1,
7290108508888,false,ביסקוויטים פתי בר ויליפוד 500 ג',ארגון ציקולאטה,,,יח,5,ל 100 גרם,false,1,6.90,1.38,false,1,
7290108509137,false,"גבינה בולגרית מעודנת 5% שומן 250 גרם חת""ס פ""ת",ג.וילי-פוד אינטרנשיונל **גבינו,,,יח,2.50,ל 100 גרם,false,1,10.90,4.36,false,1,
7290108509250,false,"אנטיפסטי ארטישוק+עגבניות מיובשות וצלפים בשמן חמניות 380 מ""ל",ג. וילי-פוד אינטרנשיונל בע`מ,,,יח,3.80,"ל 100 מ""ל",false,1,22.90,6.03,false,1,
7290108509397,false,עלי בצק פילו(משולשים )360גרם ויליפוד,ג.וילי-פוד אינטרנשיונל **גבינו,,,יח,3.60,ל 100 גרם,false,1,10.90,3.03,true,1,
7290108509700,false,אורז פרסי 1 קג`DAAWAT וילי פוד,ג. וילי-פוד אינטרנשיונל בע`מ,,,יח,10,ל 100 גרם,false,1,9.90,0.99,false,1,
7290108509755,false,EURO גבינת חלומי 23% שומן 250 גרם,ג.וילי-פוד אינטרנשיונל **גבינו,,,יח,2.50,ל 100 גרם,false,1,23.90,9.56,false,1,
7290108509816,false,גבינת בייבי מוצרלה EURO CHEESE ויליפוד 200 גרם,ג.וילי-פוד אינטרנשיונל **גבינו,,,יח,2,ל 100 גרם,false,1,13.90,6.95,false,1,
7290108509908,false,"מנת השף בשקית-איטריות בטעם ירקות 85 ג' חתם סופר ב""ב",ג. וילי-פוד אינטרנשיונל בע`מ,,,יח,0.85,ל 100 גרם,false,1,3.90,4.59,true,1,
7290108509915,false,"מנת השף בשקית-איטריות בטעם סיני פיקנטי 85 ג' חתם סופר ב""ב",ג. וילי-פוד אינטרנשיונל בע`מ,,,יח,0.85,ל 100 גרם,false,1,3.90,4.59,true,1,
7290108509922,false,מנתהשף אטריות להכנה מהירה טעם עוף ויליפוד 85 גרם,ג. וילי-פוד אינטרנשיונל בע`מ,,,יח,0.85,ל 100 גרם,false,1,3.90,4.59,true,1,
7290108509960,false,נתחי טונה בהירה בשמן זית כתית מעולה - מארז 3 יח',ג. וילי-פוד אינטרנשיונל בע`מ,,,יח,2.40,ל 100 גרם,false,1,14.90,6.21,false,1,
7290108988277,false,מתקן לתליית כביסה מתכת שחור,אוהב ציון בעמ,,,יח,1,,false,1,59.90,59.90,false,1,
7290109351025,false,מלך החומוס חומוסטחינה 40% טחינה גולמית,קבוצת אוסם סחר שותפות מוגבלת,,,יח,4,ל 100 גרם,false,1,13.90,3.48,true,1,
7290109351971,false,פריכיות דגנים פיטנס מצופות שוקולד חלב,קבוצת אוסם סחר שותפות מוגבלת,,,יח,0.84,יח,false,1,14.50,17.26,true,1,
7290109354101,false,קרקר לחמית ללא גלוטן 200 גר אסם,קבוצת אוסם סחר שותפות מוגבלת,,,יח,2,ל 100 גרם,false,1,10.90,5.45,true,1,
7290109354774,false,סלט גרגרי חומוס 400 גר`,קבוצת אוסם סחר שותפות מוגבלת,,,יח,4,ל 100 גרם,false,1,15.90,3.98,true,1,
7290109354972,false,אוסם - פתי בר וניל חלבי ללא גלוטן 200 גרם,קבוצת אוסם סחר שותפות מוגבלת,,,יח,2,ל 100 גרם,false,1,10.90,5.45,false,1,
7290109354996,false,פתי בר ללא גלוטן שוקו 200 גרם אסם,קבוצת אוסם סחר שותפות מוגבלת,,,יח,2,ל 100 גרם,false,1,10.90,5.45,false,1,
7290109358284,false,"שניצל תירס עם חלבון 664 גר' ""טבעול""",קבוצת אוסם סחר שותפות מוגבלת,,,יח,6.6440,ל 100 גרם,false,1,29.90,4.50,true,1,
7290109372631,false,תחתון סליפ 3X גומי חיצון,ליאור יבוא ושיווק מוצרי הלבשה,,,יח,1,,false,1,24.90,24.90,false,1,
7290109580043,false,"שניצל תירס קלאסי זוגלובק 1.75 ק""ג",נקניק זוגלובק נהריה,,,יח,1.75,ל 100 גרם,false,1,49.90,28.51,false,1,
7290109580098,false,קבנוס בטעם סרירצ'ה זוגלובק 135 גרם,נקניק זוגלובק נהריה,,,יח,1.35,ל 100 גרם,false,1,9.90,7.33,false,1,
7290109580111,false,צלעות אסאדו מעושנות פרימיום זוגלובק 120 גרם,נקניק זוגלובק נהריה,,,יח,1.20,ל 100 גרם,false,1,24.90,20.75,false,1,
7290109580241,false,נאגטס מן הצומח זוגלובק 500 גרם,נקניק זוגלובק נהריה,,,יח,5,ל 100 גרם,false,1,22.90,4.58,false,1,
7290109580258,false,מארז ח.עוף והודו+סלמי תה 600 גרם קהילות,זוגלובק שיווק בעמ,,,יח,6,ל 100 גרם,false,1,29.90,4.98,false,1,
7290109580302,false,מארז זוג תה מעושן 350+חזה עוף 350 זוגלובק,זוגלובק שיווק בעמ,,,יח,7,ל 100 גרם,false,1,26.90,3.84,false,1,
7290109580326,false,נקניקיות עוף זוגלובק 800 גרם בית יוסף,זוגלובק שיווק בעמ,,,יח,8,ל 100 גרם,false,1,19.90,2.49,false,1,
7290109580357,false,מארז זוג חרמון 300 +חרמון ברביקיו 300 גרם זוגלובק,זוגלובק שיווק בעמ,,,יח,6,ל 100 גרם,false,1,26.90,4.48,false,1,
7290109580432,false,פסטרמה חזה הודו מעושן דק דק זוגלובק 120 גרם,נקניק זוגלובק נהריה,,,יח,1.20,ל 100 גרם,false,1,12.90,10.75,false,1,
7290109580449,false,סלמי בטעם כמהין פרימיום זוגלובק 180 גרם,נקניק זוגלובק נהריה,,,יח,10,ל 100 גרם,false,1,24.90,2.49,false,1,
7290109640372,false,ממרח זיתים על בסיס קוקוס 9% שומן 200 גרם - משומשו,קפוא זן תעשיות מזון בעמ,,,יח,2,ל 100 גרם,false,1,15.90,7.95,false,1,
7290109640396,false,ממרח שום שמיר על בסיס קוקוס 9% שומן 200 גרם - משומשו,קפוא זן תעשיות מזון בעמ,,,יח,2,ל 100 גרם,false,1,15.90,7.95,false,1,
7290109640402,false,ממרח בטעם טבעי על בסיס רכיבי קוקוס 9%,קפוא זן תעשיות מזון בעמ,,,יח,2,ל 100 גרם,false,1,15.90,7.95,false,1,
7290109920153,false,"מלבין לכביסה לבנה לובן צח, 790 גרם יעקבי","יעקב יעקבי ובניו בע""מ",,,יח,7.90,"ל 100 מ""ל",false,1,26.90,3.41,false,1,
7290109920597,false,"אסטוניש - מרסס לניקוי המקלחון 750 מ""ל",יעקב יעקבי ובניו בע`מ,,,יח,7.50,"ל 100 מ""ל",false,1,11.90,1.59,false,1,
7290109920665,false,אסטוניש מרסס מסיר אוכל שרוף במטבח יעקובי,יעקב יעקבי ובניו בע`מ,,,יח,7.50,"ל 100 מ""ל",false,1,11.90,1.59,false,1,
7290109920740,false,מרכך כביסה מרוכז לבנדר הפי 1 ליטר,"יעקב יעקבי ובניו בע""מ",,,יח,10,"ל 100 ס""מ",false,1,12.90,1.29,false,1,
7290109920757,false,הפי מרכך כביסה מרוכז 1 ליטר ורדים יעקובי,"יעקב יעקבי ובניו בע""מ",,,יח,10,"ל 100 ס""מ",false,1,12.90,1.29,false,1,
7290109920849,false,"אסטוניש - מרסס לניקוי כללי בניחוח תפוז 750 מ""ל",יעקב יעקבי ובניו בע`מ,,,יח,7.50,"ל 100 מ""ל",false,1,11.90,1.59,false,1,
7290109920917,false,"ג'ל לניקוי אסלה עם כלור הפי 750 מ""ל","יעקב יעקבי ובניו בע""מ",,,יח,0.75,"ל 100 מ""ל",false,1,9.90,13.20,true,1,
7290109921129,false,מרכך כביסה סופר מרוכז בניחות סיגליות 1 ל' יעקבי,"יעקב יעקבי ובניו בע""מ",,,יח,10,"ל 100 ס""מ",false,1,12.90,1.29,false,1,
7290109921334,false,אידאל קולור פרוטקט 15 דפי בד לכביסה.,"יעקב יעקבי ובניו בע""מ",,,יח,1,,false,1,15.90,15.90,false,1,
7290109921372,false,אסטוניש משחה לניקוי תנורים וגריל+ספוג 250 גר',"יעקב יעקבי ובניו בע""מ",,,יח,2.50,ל 100 גרם,false,1,18.90,7.56,false,1,
7290109921488,false,"דורגול לניקוי וחיטוי מכונת הכביסה יעקבי 500 מ""ל","יעקב יעקבי ובניו בע""מ",,,יח,5,"ל 100 מ""ל",false,1,29.90,5.98,false,1,
7290109921853,false,אסטוניש המשחה המקורית לניקוי עם עוצמה,"יעקב יעקבי ובניו בע""מ",,,יח,0.75,"ל 100 מ""ל",false,1,17.90,23.87,false,1,
7290109921969,false,ג'ל כביסה סופרו אקטיב יעקובי כחול 2.5 ליטר,"יעקב יעקבי ובניו בע""מ",,,יח,30,"ל 100 מ""ל",false,1,29.90,1,false,1,
7290109922867,false,2 in 1 - סופרו - ג'ל כביסה מרוכז עם מרכך יעקבי,"יעקב יעקבי ובניו בע""מ",,,יח,10,"ל 100 ס""מ",false,1,24.90,2.49,false,1,
7290109923031,false,"אסטוניש מרסס פרימיום ארומטיק למקלחון 750 מ""ל","יעקב יעקבי ובניו בע""מ",,,יח,0.75,"ל 100 מ""ל",false,1,14.90,19.87,false,1,
7290109923093,false,"אסטוניש - קרם כיריים הלוגן ומיקרו 500 מ""ל","יעקב יעקבי ובניו בע""מ",,,יח,5,"ל 100 מ""ל",false,1,14.90,2.98,true,1,
7290109923130,false,מדליק לפחמים קוביות הפי 24 יח',"יעקב יעקבי ובניו בע""מ",,,יח,1,,false,1,10.90,10.90,true,1,
7290109923147,false,אסטוניש מהדורה פרימיום פלא של אקונומיקה,יעקב יעקבי ובניו בע`מ,,,יח,5,"ל 100 מ""ל",false,1,14.90,2.98,false,1,
7290110000288,false,"מיצוי מימי של שזיפים מיובשים 946 מ""ל",היל ויו פאקינג קומפני,,,יח,9.46,"ל 100 מ""ל",false,1,24.90,2.63,false,1,
7290110000448,false,סילאן לחיץ טבעי B&D 100%,בטר אנד דיפרנט בעמ,,,יח,1,"לק""ג",false,1,12.90,12.90,false,1,
7290110000493,false,חמאת בוטנים טבעית קרנצ`י 350 גרם),"בטר אנד דיפרנט בע""מ",,,יח,3.50,ל 100 גרם,false,1,13.50,3.86,false,1,
7290110110277,false,"סומרסבי סיידר תפוחים אלכוהולי 4*300 מ""ל",החברה המרכזית להפצת משקאות בעמ,,,יח,10,"ל 100 מ""ל",false,1,31.90,3.07,true,1,
7290110110369,false,"שישייה בירה קרלסברג LUMA בקבוק 330 מ""ל",החברה המרכזית להפצת משקאות בעמ,,,יח,20,"ל 100 מ""ל",false,1,39.90,1.91,true,1,
7290110110574,false,פחית קוקה קולה סליק זירו לימון 330 מל,החברה המרכזית להפצת משקאות בעמ,,,יח,3.30,"ל 100 מ""ל",false,1,5.50,1.58,true,1,
7290110110659,false,"ספרייט לימון ליים פחית 330מ""ל",החברה המרכזית להפצת משקאות בעמ,,,יח,3.30,"ל 100 מ""ל",false,1,4.90,1.39,true,1,
7290110113261,false,נקטר חמוציות 19 קלוריות SPRAY OCEAN פריגת 1 ליטר,החברה המרכזית להפצת משקאות בעמ,,,יח,10,"ל 100 מ""ל",false,1,13.90,1.36,false,1,
7290110113476,false,בירה קרלסברג ללא אלכוהול - שישייה,החברה המרכזית להפצת משקאות בעמ,,,יח,6,יח,false,1,29.90,4.68,false,1,
7290110114787,false,נביעות+ מים מינרליים בטעם תפוח 1.5 ליטר,החברה המרכזית להפצת משקאות בעמ,,,יח,15,"ל 100 מ""ל",false,1,8.90,0.57,false,1,
7290110114794,false,נביעות+ מים מינרליים בטעם אפרסק 1.5 ליטר,החברה המרכזית להפצת משקאות בעמ,,,יח,1.50,לליטר,false,1,8.90,5.73,false,1,
7290110114800,false,נביעות+ מים מינרליים בטעם ענבים 1.5 ליטר,החברה המרכזית להפצת משקאות בעמ,,,יח,1.50,לליטר,false,1,8.90,5.73,false,1,
7290110114855,false,"נביעות מים מינרליים, שישיה 6 * 1.5 ליטר פקדון",החברה המרכזית להפצת משקאות בעמ,,,יח,90,"ל 100 מ""ל",false,1,13.70,0.13,true,1,
7290110114893,false,מיץ תפוזים מפוסטר סחוט 2 ליטר,החברה המרכזית טלהפצת משקאות בע,,,יח,2,לליטר,false,1,28.90,14.30,true,1,
7290110114909,false,"100% מיץ תפוחים צלול עשוי מרכז, 2 ליטר",החברה המרכזית טלהפצת משקאות בע,,,יח,2,לליטר,false,1,28.90,14.30,true,1,
7290110114961,false,משקה קל בטעם תפוזים פריגת (1.5 ליטר),החברה המרכזית להפצת משקאות בעמ,,,יח,15,"ל 100 מ""ל",false,1,8.90,0.57,false,1,
7290110114985,false,משקה קל בטעם אשכוליות פריגת (1.5 ליטר),החברה המרכזית להפצת משקאות בעמ,,,יח,15,"ל 100 מ""ל",false,1,8.90,0.57,false,1,
7290110114992,false,משקה קל בטעם אשכוליות לייט פריגת (1.5 לי,החברה המרכזית להפצת משקאות בעמ,,,יח,15,"ל 100 מ""ל",false,1,8.90,0.57,false,1,
7290110115005,false,משקה קל בטעם ענבים פריגת (1.5 ליטר),החברה המרכזית להפצת משקאות בעמ,,,יח,15,"ל 100 מ""ל",false,1,8.90,0.57,false,1,
7290110115036,false,משקה קל בטעם מנגו פריגת (1.5 ליטר),החברה המרכזית להפצת משקאות בעמ,,,יח,15,"ל 100 מ""ל",false,1,8.90,0.57,false,1,
7290110115043,false,משקה קל בטעם לימונענע פריגת (1.5 ליטר),החברה המרכזית להפצת משקאות בעמ,,,יח,1.50,לליטר,false,1,8.90,5.73,false,1,
7290110115050,false,משקה קל בטעם תות בננה פריגת (1.5 ליטר),החברה המרכזית להפצת משקאות בעמ,,,יח,15,"ל 100 מ""ל",false,1,8.90,0.57,false,1,
7290110115081,false,פריגת צלול ענבים 1.5 ליטר פיקדון,החברה המרכזית להפצת משקאות בעמ,,,יח,15,"ל 100 מ""ל",false,1,8.90,0.57,false,1,
7290110115104,false,פריגת צלול אפרסק 1.5 ליטר פיקדון,החברה המרכזית להפצת משקאות בעמ,,,יח,15,"ל 100 מ""ל",false,1,8.90,0.57,false,1,
7290110115111,false,פריגת צלול אננס 1.5 ליטר פיקדון,החברה המרכזית להפצת משקאות בעמ,,,יח,15,"ל 100 מ""ל",false,1,8.90,0.57,false,1,
7290110115128,false,פריגת צלול בטעם לימונענע 1.5 ליטר פיקדון,החברה המרכזית להפצת משקאות בעמ,,,יח,15,"ל 100 מ""ל",false,1,8.90,0.57,false,1,
7290110115180,false,נביעות מים מינרלים שקט 1.5 ליטר פיקדון,החברה המרכזית להפצת משקאות בעמ,,,יח,15,"ל 100 מ""ל",false,1,2.90,0.17,false,1,
7290110115203,false,קוקה קולה 1.5 ליטר פיקדון,החברה המרכזית להפצת משקאות בעמ,,,יח,15,"ל 100 מ""ל",false,1,8.90,0.57,false,1,
7290110115210,false,קוקה קולה דיאט 1.5 ליטר פיקדון,החברה המרכזית להפצת משקאות בעמ,,,יח,1.50,לליטר,false,1,8.90,5.73,false,1,
7290110115227,false,קוקה קולה Zero בקבוק 1.5 ליטר פיקדון,החברה המרכזית להפצת משקאות בעמ,,,יח,15,"ל 100 מ""ל",false,1,8.90,0.57,false,1,
7290110115234,false,קוקה קולה דיאט זירו 1.5 ליטר פיקדון,החברה המרכזית להפצת משקאות בעמ,,,יח,15,"ל 100 מ""ל",false,1,8.90,0.57,false,1,
7290110115241,false,קוקה קולה דיאט לימון 1.5 ליטר פיקדון,החברה המרכזית להפצת משקאות בעמ,,,יח,15,"ל 100 מ""ל",false,1,8.90,0.57,false,1,
7290110115265,false,ספרייט לימון ליים 1.5 ליטר-,החברה המרכזית להפצת משקאות בעמ,,,יח,15,"ל 100 מ""ל",false,1,8.90,0.57,true,1,
7290110115272,false,ZERO ספרייט 1.5 ליטר פיקדון,החברה המרכזית להפצת משקאות בעמ,,,יח,15,"ל 100 מ""ל",false,1,8.90,0.57,true,1,
7290110115289,false,ספרייט 19 קל' לימון-נענע 1.5 ליטר פיקדון,החברה המרכזית להפצת משקאות בעמ,,,יח,15,"ל 100 מ""ל",false,1,8.90,0.57,true,1,
7290110115302,false,משקה מוגז אורנג' זירו פאנטה 1.5 ליטר,החברה המרכזית להפצת משקאות בעמ,,,יח,15,"ל 100 מ""ל",false,1,8.90,0.57,false,1,
7290110115319,false,פאנטה אקזוטי פירות טרופיים 1.5ל פיקדון,החברה המרכזית להפצת משקאות בעמ,,,יח,15,"ל 100 מ""ל",false,1,8.90,0.57,false,1,
7290110115333,false,גזוז בטעם תות פאנטה 1.5 ליטר פיקדון,החברה המרכזית להפצת משקאות בעמ,,,יח,15,"ל 100 מ""ל",false,1,8.90,0.57,false,1,
7290110115340,false,פאנטה ענבים 1.5 ליטר פיקדון,החברה המרכזית להפצת משקאות בעמ,,,יח,1.50,לליטר,false,1,8.90,5.73,false,1,
7290110115357,false,קינלי סודה 1.5 ליטר פיקדון,החברה המרכזית להפצת משקאות בעמ,,,יח,1.50,לליטר,false,1,3.30,2,false,1,
7290110115364,false,שישייה קוקה קולה 1.5 ליטר פיקדון,החברה המרכזית להפצת משקאות בעמ,,,יח,6,למארז,false,1,49.90,8.02,false,1,
7290110115388,false,ספרייט לימון ליים 1.5 ליטר מארז שישייה,החברה המרכזית להפצת משקאות בעמ,,,יח,90,"ל 100 מ""ל",false,1,49.90,0.53,false,1,
7290110115395,false,ספרייט זירו שישיות 1.5 ליטר פיקדון,החברה המרכזית להפצת משקאות בעמ,,,יח,90,"ל 100 מ""ל",false,1,49.90,0.53,false,1,
7290110115401,false,קינלי סודה שישייה 1.5 ליטר פיקדון,החברה המרכזית להפצת משקאות בעמ,,,יח,90,"ל 100 מ""ל",false,1,15.90,0.16,true,1,
7290110115418,false,קוקה קולה זירו 1.5 ליטר מארז שישייה,החברה המרכזית להפצת משקאות בעמ,,,יח,90,"ל 100 מ""ל",false,1,49.90,0.53,false,1,
7290110115425,false,FUZE TEA גרין לימונענע -נענע 1.5 ליטר פיקדון,החברה המרכזית להפצת משקאות בעמ,,,יח,15,"ל 100 מ""ל",false,1,8.90,0.57,false,1,
7290110115449,false,פיוז-טי תה מנגו אננס 1.5 ליטר פיקדון,החברה המרכזית להפצת משקאות בעמ,,,יח,15,"ל 100 מ""ל",false,1,8.90,0.57,false,1,
7290110115456,false,פיוז-טי תה אפרסק 1.5 ליטר 19 קל פיקדון,החברה המרכזית להפצת משקאות בעמ,,,יח,15,"ל 100 מ""ל",false,1,8.90,0.57,false,1,
7290110115463,false,פיוז-טי תה אפרסק 1.5 ליטר פיקדון,החברה המרכזית להפצת משקאות בעמ,,,יח,15,"ל 100 מ""ל",false,1,8.90,0.57,false,1,
7290110115494,false,תה קר בטעם ענבים פיוז טי 1.5 ליטר,החברה המרכזית להפצת משקאות בעמ,,,יח,1.50,לליטר,false,1,8.90,5.73,false,1,
7290110115586,false,פריגת תפוזים 40% פחות סוכר 1.5 ליטר פיקדון,החברה המרכזית להפצת משקאות בעמ,,,יח,15,"ל 100 מ""ל",false,1,8.90,0.57,false,1,
7290110115593,false,פריגת אשכוליות 40% פחות סוכר 1.5 ליטר פיקדון,החברה המרכזית להפצת משקאות בעמ,,,יח,15,"ל 100 מ""ל",false,1,8.90,0.57,false,1,
7290110115616,false,פיוז-טי תה גרין אננס זירו 1.5 ליטר פיקדו,החברה המרכזית להפצת משקאות בעמ,,,יח,15,"ל 100 מ""ל",false,1,8.90,0.57,false,1,
7290110115623,false,פיוז-טי תה אפרסק זירו 1.5 ליטר פיקדון,החברה המרכזית להפצת משקאות בעמ,,,יח,15,"ל 100 מ""ל",false,1,8.90,0.57,false,1,
7290110116064,false,פאנטה זירו בטעם פירות ירוק 1.5 ל פיקדון,החברה המרכזית להפצת משקאות בעמ,,,יח,15,"ל 100 מ""ל",false,1,8.90,0.57,false,1,
7290110116125,false,"סירופ פריגת בטעם פטל 750 מ""ל פיקדון",החברה המרכזית להפצת משקאות בעמ,,,יח,7.50,"ל 100 מ""ל",false,1,22.90,3.05,false,1,
7290110116132,false,"סירופ פריגת בטעם לימון 750 מ""ל פיקדון",החברה המרכזית להפצת משקאות בעמ,,,יח,7.50,"ל 100 מ""ל",false,1,22.90,3.05,false,1,
7290110116149,false,"סירופ פריגת בטעם ענבים 750 מ""ל פיקדון",החברה המרכזית להפצת משקאות בעמ,,,יח,7.50,"ל 100 מ""ל",false,1,22.90,3.05,false,1,
7290110116194,false,נביעות+ סדרת 0 קלוריות לימון-ליים 1.5 ליטר,החברה המרכזית להפצת משקאות בעמ,,,יח,15,"ל 100 מ""ל",false,1,9.40,0.61,false,1,
7290110116385,false,"פחיות סטפאני מרשמלו אבטיח תות זירו 330 מ""ל",החברה המרכזית להפצת משקאות בעמ,,,יח,3.30,"ל 100 מ""ל",false,1,4.90,1.39,true,1,
7290110116392,false,"סירופ פריגת בטעם תפוזים 750 מ""ל פיקדון",החברה המרכזית להפצת משקאות בעמ,,,יח,7.50,"ל 100 מ""ל",false,1,22.90,3.05,false,1,
7290110116484,false,פריגת סחוט מיקס תות בננה 1ליטר,*החברה המרכזית להפצת משקאותבעמ,,,יח,10,"ל 100 מ""ל",false,1,16.90,1.66,false,1,
7290110116507,false,פריגת סחוט מיקס אננס בננה אגס 1ליטר,*החברה המרכזית להפצת משקאותבעמ,,,יח,10,"ל 100 מ""ל",false,1,16.90,1.66,false,1,
7290110116552,false,ספרייט לימון היט 1.5 ליטר LIME פיקדון,החברה המרכזית להפצת משקאות בעמ,,,יח,15,"ל 100 מ""ל",false,1,8.90,0.57,true,1,
7290110116569,false,ספרייט זירו 1.5 ליטר LEMON HIT פיקדון,החברה המרכזית להפצת משקאות בעמ,,,יח,15,"ל 100 מ""ל",false,1,8.90,0.57,true,1,
7290110320683,false,שמיניית משקה יוגורט 1.5% טעם תות יופלה 107 גרם,מיוצר עי קונדיטוריית,,,יח,8,"ל 100 מ""ל",false,1,16.90,2.11,false,1,
7290110320867,false,פתיתים גבינה חצי קשה מגורדת 28% שומן,תנובה מרכז שיתופי לש,,,יח,2,ל 100 גרם,false,1,28.90,14.45,false,1,
7290110320935,false,פרוסות מוצרלה 150 גר`קולקשיין תנובה,תנובה מרכז שיתופי לש,,,יח,0.15,ל 100 גרם,false,1,15.90,106,false,1,
7290110321031,false,מעדן חלב GO יוגורט מועשר בחלבון טבעי 200 ג' יופלה,"תנובה, מחלבת אלון תב",,,יח,0.20,"ל 100 מ""ל",false,1,5.30,26.50,false,1,
7290110321277,false,קוטג' בקטנה 5% תנובה 100 גרם מהדרין,פארייפאבה אגרואינדוס,,,יח,1,ל 100 גרם,false,1,2.50,2.50,false,1,
7290110321284,false,קוטג' בקטנה 9% תנובה 100 גרם מהדרין,פארייפאבה אגרואינדוס,,,יח,1,ל 100 גרם,false,1,2.50,2.50,false,1,
7290110321604,false,קוביות פיראוס בולגרית מעודנת 5% 200 גרם - רבנות,"תנובה בע""מ ***",,,יח,2,ל 100 גרם,false,1,19.90,9.95,false,1,
7290110321680,false,יוגורט GO בטעם תות 20 גרם חלבון בגביע,מיוצר עי קונדיטוריית,,,יח,0.20,"ל 100 מ""ל",false,1,5.90,29.50,false,1,
7290110321697,false,יוגורט GO בטעם אפרסק 20 גרם חלבון בגביע,מיוצר עי קונדיטוריית,,,יח,0.20,"ל 100 מ""ל",false,1,5.90,29.50,false,1,
7290110321703,false,יוגורט עם פירות יער בתוספת חלבוני חלב 2% שומן,מיוצר עי קונדיטוריית,,,יח,1,ל 100 גרם,false,1,5.50,5.50,false,1,
7290110321789,false,גבינת מסקרפונה 38% שומן 250 גר`השף הלבן,"תנובה בע""מ ***",,,יח,2.50,ל 100 גרם,false,1,19.90,7.96,false,1,
7290110322014,false,טופו בטעם טבעי תנובה ALTERNATIVE,שוורצקוף& הנקל דיסלד,,,יח,0.30,ל 100 גרם,false,1,12.90,43,false,1,
7290110322021,false,"תנובה טופו בזיליקום 300 גר' בד""צ",שוורצקוף& הנקל דיסלד,,,יח,0.30,ל 100 גרם,false,1,11.90,39.67,false,1,
7290110322038,false,טופו בטעם פיקנטי 300 גר`תנובה,"תנובה בע""מ ***",,,יח,0.30,ל 100 גרם,false,1,11.90,39.67,false,1,
7290110322946,false,יופלה טיוב יוגורט במרקם חלק בטעם תות בננה כשרות רבנות 348 ג',תנובה - חלב,,,יח,0.3480,"ל 100 מ""ל",false,1,11.90,34.20,false,1,
7290110323073,false,"משקה יוגורט יופלה גו תות פטל 250 מ""ל - רבנות",מיוצר עי קונדיטוריית,,,יח,0.25,"ל 100 מ""ל",false,1,5.90,23.60,false,1,
7290110323097,false,מעדן גבינה עם מחית תות-תאומים 80 גר`,"תנובה בע""מ ***",,,יח,0.80,ל 100 גרם,false,1,1.90,2.38,false,1,
7290110323301,false,טל העמק בסגנון אמנטל 32% שומן 200 גרם,"תנובה בע""מ ***",,,יח,2,ל 100 גרם,false,1,17.90,8.95,false,1,
7290110323585,false,יופלה יוגורט עם דובדבן מופחת קלוריות 200 ג' GO,"תנובה בע""מ ***",,,יח,0.20,"ל 100 מ""ל",false,1,5.50,27.50,false,1,
7290110323592,false,יופלה יוגורט עם אפרסק מופחת קלוריות 200 ג' GO,תנובה בעמ ***,,,יח,0.20,"ל 100 מ""ל",false,1,5.50,27.50,false,1,
7290110323714,false,משקה קוקוס שקדים תנובה E אלטרנטיב,מיוצר עי קונדיטוריית,,,יח,10,לליטר,false,1,11.90,1.19,false,1,
7290110324353,false,יוגורט GO לייט בטעם אננס 20 גרם חלבון בגביע,מיוצר עי קונדיטוריית,,,יח,0.17,"ל 100 מ""ל",false,1,5.50,32.35,false,1,
7290110324551,false,יופלה טיוב יוגורט במרקם חלק תות כשרות מהדרין,"תנובה בע""מ ***",,,יח,3.48,"ל 100 מ""ל",false,1,11.90,3.42,false,1,
7290110324711,false,ממרח סויה 9% שומן בטעם טבעי תנובה 250 גרם,מיוצר עי קונדיטוריית,,,יח,2.50,ל 100 גרם,false,1,7.90,3.16,false,1,
7290110324728,false,ממרח סויה 9% שומן עם שום שמיר תנובה 250 גרם,מיוצר עי קונדיטוריית,,,יח,2.50,ל 100 גרם,false,1,7.90,3.16,false,1,
7290110324841,false,מעדן שקדים עם שוקולד מריר תנובה 125 גרם,מיוצר עי קונדיטוריית,,,יח,1.25,ל 100 גרם,false,1,3.90,3.12,false,1,
7290110324858,false,מעדן שקדים בטעם אגוזי לוז תנובה 125 גרם,מיוצר עי קונדיטוריית,,,יח,1.25,ל 100 גרם,false,1,3.90,3.12,false,1,
7290110324872,false,גבינה צהובה גלבוע (5% 200 גר`)תנובה,גלבוע - תנובה,,,יח,2,"ל 100 מ""ל",false,1,17.90,8.95,false,1,
7290110324926,false,משקה סויה ללא תוספת סוכר E אלטרנטיב,תנובה מרכז שיתופי לש,,,יח,1,לליטר,false,1,9.90,9.90,false,1,
7290110325084,false,מאגדת שמינייה מיני קרלו שוניל 8*100גרם,"תנובה בע""מ ***",,,יח,8,"ל 100 מ""ל",false,1,13.90,1.74,false,1,
7290110325114,false,"משקה יוגורט יופלה גו לייט תות בננה 250 מ""ל - רבנות",מיוצר עי קונדיטוריית,,,יח,0.25,"ל 100 מ""ל",false,1,5.90,23.60,false,1,
7290110325121,false,"משקה יוגורט יופלה גו לייט מנגו אננס 250 מ""ל",תנובה בעמ ***,,,יח,0.25,"ל 100 מ""ל",false,1,5.90,23.60,false,1,
7290110325169,false,פרוסות גאודה 170 גר`קולקשיין תנובה,תנובה בעמ ***,,,יח,1.70,"ל 100 מ""ל",false,1,18.90,11.12,false,1,
7290110325305,false,יופלה GO סויה 20 גרם חלבון במתיקות מעודנת תנובה 200 גרם,מיוצר עי קונדיטוריית,,,יח,2,"ל 100 מ""ל",false,1,5.50,2.75,false,1,
7290110325312,false,יופלה GO סויה 20 גרם חלבון בטעם תות תנובה 200 גרם,תנובה בעמ ***,,,יח,2,"ל 100 מ""ל",false,1,5.50,2.75,false,1,
7290110325510,false,יופלה טיוב יוגורט במרקם חלק בטעם וניל-יוניקור,"תנובה בע""מ ***",,,יח,3.48,"ל 100 מ""ל",false,1,9.90,2.84,false,1,
7290110325619,false,משקה שיבולת שועל תנובה E אלטרנטיב,מיוצר עי קונדיטוריית,,,יח,10,"ל 100 מ""ל",false,1,11.90,1.19,false,1,
7290110325701,false,פיראוס צזיקי יווני 9% שומן בשיטת יצור מסורתית על בסיס יוגורט,גוד פוד פרודקטס S.p,,,יח,2.50,ל 100 גרם,false,1,11.90,4.76,false,1,
7290110325879,false,פתיתי גאודה תנובה 200 גרם,תנובה- השף הלבן,,,יח,2,"ל 100 מ""ל",false,1,15.90,7.95,false,1,
7290110325893,false,משקה חלב GO מועשר בחלבון בטעם אייס קפה,מיוצר עי קונדיטוריית,,,יח,3.40,"ל 100 מ""ל",false,1,7.30,2.15,false,1,
7290110326210,false,יופלה און טופ פצפוצים תנובה 157 גרם,מיוצר עי קונדיטוריית,,,יח,1.57,"ל 100 מ""ל",false,1,4.90,3.12,false,1,
7290110326227,false,יופלה און טופ קורנפלקס תנובה 157 גרם,מיוצר עי קונדיטוריית,,,יח,1.57,"ל 100 מ""ל",false,1,4.90,3.12,false,1,
7290110326234,false,יופלה און טופ כוכבים תנובה 157 גרם,מיוצר עי קונדיטוריית,,,יח,1.57,"ל 100 מ""ל",false,1,4.90,3.12,false,1,
7290110326241,false,יופלה און טופ גרנולה תנובה 157 גרם,מיוצר עי קונדיטוריית,,,יח,1.57,"ל 100 מ""ל",false,1,4.90,3.12,false,1,
7290110326333,false,פרוסות גבינה סקנדינבית 170 גר`קולקשיין,"תנובה בע""מ ***",,,יח,1.70,ל 100 גרם,false,1,16.90,9.94,false,1,
7290110326876,false,לאבנה עיזים 250 גרם,תנובה בעמ ***,,,יח,2.50,ל 100 גרם,false,1,13.30,5.32,false,1,
7290110326906,false,חלב נטול לקטוז 3% שומן( 1 ליטר)תנובה,מיוצר עי קונדיטוריית,,,יח,10,"ל 100 מ""ל",false,1,6.90,0.69,false,1,
7290110327033,false,משקה סויה תנובה גו מועשר בחלבון במתיקות מופחתת,מיוצר עי קונדיטוריית,,,יח,10,לליטר,false,1,11.90,1.19,false,1,
7290110327514,false,alternative משקה שיבולת שועל בטעם אגוזי לוז תנובה 1 ליטר,תנובה מרכז שיתופי לש,,,יח,10,"ל 100 מ""ל",false,1,11.90,1.19,false,1,
7290110327545,false,יופלה און טופ בטעם תות בתוספת פצפוצים מצופים שוקולד 157 גרם,מיוצר עי קונדיטוריית,,,יח,1.57,"ל 100 מ""ל",false,1,4.90,3.12,false,1,
7290110327804,false,חטיף חלבון GO - עוגיות 60 ג' חלב נוכרי - רבנות,"בלמונט קונפקציות בע""\מ.",,,יח,0.60,ל 100 גרם,false,1,11.90,19.83,false,1,
7290110327811,false,חטיף חלבון GO בטעם בצק קוקוס 20 גר`חלבו,"בלמונט קונפקציות בע""\מ.",,,יח,0.60,ל 100 גרם,false,1,11.90,19.83,false,1,
7290110327828,false,חטיף חלבון GO - חמאת בוטנים 60 ג' חלב נוכרי - רבנות,"בלמונט קונפקציות בע""\מ.",,,יח,0.60,ל 100 גרם,false,1,11.90,19.83,false,1,
7290110328016,false,משקה סויה מועשר בחלבון בטעם אגוזי לוז 250 גרם,תנובה מרכז שיתופי לש,,,יח,2.50,ל 100 גרם,false,1,5.90,2.36,false,1,
7290110328504,false,טריו - מיקס גבינות מוצרלה סקנדינבית וגאודה 300 גרם,מיוצר עי קונדיטוריית,,,יח,3,ל 100 גרם,false,1,23.90,7.97,false,1,
7290110328627,false,יוגורט יופלה GO במרקם סמיך בטעם בננה קרמל 0%,מיוצר עי קונדיטוריית,,,יח,2,"ל 100 מ""ל",false,1,5.50,2.75,false,1,
7290110328764,false,יוגורט יופלה GO במרקם סמיך עם תות 0%,מיוצר עי קונדיטוריית,,,יח,2,"ל 100 מ""ל",false,1,5.50,2.75,false,1,
7290110328771,false,יוגורט יופלה GO במרקם סמיך עם פירות יער 0%,מיוצר עי קונדיטוריית,,,יח,2,"ל 100 מ""ל",false,1,5.50,2.75,false,1,
7290110328788,false,יוגורט יופלה GO במרקם סמיך בטעם אפרסק 0%,תנובה מרכז שיתופי לש,,,יח,2,"ל 100 מ""ל",false,1,5.50,2.75,false,1,
7290110329136,false,מעדן חלב מעושר בחלבון בטעם שוקולד 120 ג' GO,תנובה מרכז שיתופי לש,,,יח,1.20,"ל 100 מ""ל",false,1,4.50,3.75,false,1,
7290110329143,false,מעדן חלב מעושר בחלבון בטעם וניל גביע 120 ג' GO,תנובה מרכז שיתופי לש,,,יח,1.20,"ל 100 מ""ל",false,1,4.50,3.75,false,1,
7290110329266,false,יוגורט תנובה מחלב עיזים מלא תנובה 140 ג',תנובה בעמ ***,,,יח,1.40,"ל 100 מ""ל",false,1,5.20,3.71,false,1,
7290110329273,false,יוגורט תנובה מחלב עיזים מלא 750 גרם,תנובה בעמ ***,,,יח,7.50,"ל 100 מ""ל",false,1,17.90,2.39,false,1,
7290110329303,false,פרוסות בטעם צהובה קלאסית אלטרנטיב 200 גר,תנובה Alternative,,,ל 100 גרם,2,ל 100 גרם,false,1,19.90,9.95,false,1,
7290110329426,false,טופו טבעי עם רוטב קרם קוקוס קארי פיקנטי 250 גרם,תנובה - חלב,,,יח,2.50,ל 100 גרם,false,1,13.90,5.56,false,1,
7290110329433,false,טופו טבעי עם רוטב סצ'ואן אלטרנטיב 250 גרם,תנובה - חלב,,,יח,2.50,ל 100 גרם,false,1,12.90,5.16,false,1,
7290110329686,false,משקה GO חלב בטעם עוגיות 27 גר`חלבון,מיוצר עי קונדיטוריית,,,יח,3.40,"ל 100 מ""ל",false,1,7.30,2.15,false,1,
7290110329716,false,משקה חלב קר בטעם קפוצ'ינו 230 גרם תנובה,תנובה מרכז שיתופי לש,,,יח,2.30,"ל 100 מ""ל",false,1,6.90,3,false,1,
7290110329723,false,משקה חלב קר בטעם לאטה 230 גרם תנובה,תנובה מרכז שיתופי לש,,,יח,2.30,"ל 100 מ""ל",false,1,6.90,3,false,1,
7290110329730,false,"משקה חלב עם שוקולד וקפה בסגנון לאטה 2.7%  230 מ""ל תנובה",תנובה מרכז שיתופי לש,,,יח,2.30,"ל 100 מ""ל",false,1,6.90,3,false,1,
7290110329792,false,יוגורט סויה BIO Alternative אפרסק 150 ג' תנובה,מיוצר עי קונדיטוריית,,,יח,1.50,"ל 100 מ""ל",false,1,4.30,2.87,false,1,
7290110329808,false,יוגורט סויה BIO Alternative תות 150 ג' תנובה,מיוצר עי קונדיטוריית,,,יח,1.50,"ל 100 מ""ל",false,1,4.30,2.87,false,1,
7290110329815,false,סויה BIO מתיקות מעודנת גביע 150 גרם אלטרנטיב,מיוצר עי קונדיטוריית,,,יח,1.50,"ל 100 מ""ל",false,1,4.30,2.87,false,1,
7290110329822,false,יוגורט סויה BIO Alternative פירות יער 150 ג' תנובה,מיוצר עי קונדיטוריית,,,יח,1.50,"ל 100 מ""ל",false,1,4.30,2.87,false,1,
7290110329846,false,יוגורט סויה BIO Alternative בטעם טבעי 150 ג' תנובה,מיוצר עי קונדיטוריית,,,יח,1.50,"ל 100 מ""ל",false,1,4.30,2.87,false,1,
7290110550219,false,מטבעות שוקולד לבן לאפיה 400 גרם עלית,שטראוס גרופ בע`מ,,,יח,4,ל 100 גרם,false,1,29.90,7.48,false,1,
7290110550226,false,מטבעות שוקולד מריר לאפיה 400 גרם עלית,שטראוס גרופ בע`מ,,,יח,4,ל 100 גרם,false,1,29.90,7.48,false,1,
7290110552121,false,יוגורט 5% בתוספת סידן וויטמין D היוגורט הראשון שלי,שטראוס גרופ בעמ/מצונן,,,יח,1,ל 100 גרם,false,1,2.30,2.30,true,1,
7290110552220,false,יוגורט PRO בטעם תות 0% סוכר לבן 20 גרם חלבון בגביע,שטראוס גרופ בעמ/מצונן,,,יח,1.55,"ל 100 מ""ל",false,1,5.90,3.81,false,1,
7290110552237,false,יוגורט פרו בטעם אפרסק מנגו ללא סוכר 200 ג' דנונה,שטראוס גרופ בעמ/מצונן,,,יח,1.55,"ל 100 מ""ל",false,1,5.90,3.81,false,1,
7290110553029,false,"אנרג'י קריספס-פריכיות חומוס, עדשים ואפונה עם קייל וסלק","פרח תעשיו מזון בע""מ",,,יח,0.60,ל 100 גרם,false,1,9.90,16.50,true,1,
7290110553036,false,קריספס-פריכיות עם אפונה ובטטה סגולה בטעם בצל מקורמל,"פרח תעשיו מזון בע""מ",,,יח,0.60,ל 100 גרם,false,1,9.90,16.50,true,1,
7290110553104,false,נסקפה קפוצ'ינו סטיק קלאסי 130 ג' עלית,שטראוס גרופ בע`מ,,,יח,1.30,ל 100 גרם,false,1,19.90,15.31,true,1,
7290110553135,false,נסקפה קפוצ'ינו סטיק וניל 130 ג' עלית,שטראוס גרופ בע`מ,,,יח,1.30,ל 100 גרם,false,1,19.90,15.31,true,1,
7290110553173,false,אנרגי פריכיות אורז בטעם קרמל 50 גרם,שטראוס גרופ בע`מ,,,יח,4,ל 100 גרם,false,1,6.90,1.73,true,1,
7290110553180,false,אנרגי פריכיות אורז בטעם תפוח קינמון 50 ג,שטראוס גרופ בע`מ,,,יח,4,ל 100 גרם,false,1,6.90,1.73,true,1,
7290110553623,false,צ'יטוס קראנצ'י בטעם צ'דר חלפיניו - חלבי,"שטראוס פריטו ליי בע""\מ )",,,יח,0.80,יח,false,1,4.50,5.63,false,1,
7290110554101,false,"סירופ מייפל בפאוץ' יד מרדכי 125 מ""ל",שטראוס גרופ בע`מ,,,יח,1.25,"ל 100 מ""ל",false,1,17.90,14.32,true,1,
7290110554262,false,חלבית מלבין קפה חלבי 350 ג' עלית,שטראוס גרופ בע`מ,,,יח,3.50,ל 100 גרם,false,1,19.90,5.69,false,1,
7290110554422,false,פומודורו רוטב עגבניות ופלפלים לשקשוקה לפסטה יד מרדכי 350 גרם,אמיליאנה קונסרב סוסייטה,,,יח,3.50,ל 100 גרם,false,1,10.90,3.11,true,1,
7290110554460,false,ציטוס קראנץ צ'דר חלפיניו 65 ג' עלית,שטראוס פריטו ליי בעמ,,,יח,0.65,ל 100 גרם,false,1,3.90,6,false,1,
7290110554583,false,מארז חטיפי צ'יטוס פאפס בטעם גבינה - 10 יחידות,"שטראוס פריטו ליי בע""\מ )",,,יח,2,ל 100 גרם,false,1,12.90,6.45,false,1,
7290110554729,false,קפסולות עלית אספרסו 04 תואמות למכונות NESPRESSO,שטראוס קפה בי.וי.,,,ל 100 גרם,0.50,ל 100 גרם,false,1,15.90,31.80,true,1,
7290110555009,false,זוג פסאטה מחית עגבניות חלקה יד מרדכי 700 גרם,אמיליאנה קונסרב ס.פ.,,,יח,7,ל 100 גרם,false,1,11.90,1.70,false,1,
7290110555078,false,לאבנה עם שמן זית ועשבי תיבול שטראוס 250 גרם,שטראוס גרופ בעמ/מצונן,,,יח,2.50,ל 100 גרם,false,1,11.50,4.60,true,1,
7290110555603,false,ספלנדיד אבקה להכנת משקה בטעם שוקולטה,שטראוס גרופ בע`מ,,,יח,2.20,ל 100 גרם,false,1,21.90,9.95,false,1,
7290110555665,false,קקאו דל שומן עלית בקופסא 220 גרם,שטראוס גרופ בע`מ,,,יח,2.20,ל 100 גרם,false,1,19.90,9.05,false,1,
7290110555788,false,נסקפה קפוצ'ינו פחית וניל 200 ג' עלית,שטראוס גרופ בע`מ,,,יח,2,ל 100 גרם,false,1,21.90,10.95,false,1,
7290110555795,false,נסקפה קפוצ'ינו פחית קלאסי 200 ג' עלית,שטראוס גרופ בע`מ,,,יח,2,ל 100 גרם,false,1,21.90,10.95,false,1,
7290110556242,false,"שוקולד מריר פרווה 100 גר' בד""ץ תוצרת חוץ","שטראוס גרופ בע""מ.",,,יח,1,ל 100 גרם,false,1,5.50,5.50,false,1,
7290110557027,false,חומוס עשיר 50% טחינה גולמית 400 ג' אחלה,שטראוס גרופ בעמ/מצונן,,,יח,4,ל 100 גרם,false,1,13.90,3.48,true,1,
7290110557102,false,מעדן חלב עם שוקולד מועשר בחלבון 150 ג' שטראוס,שטראוס גרופ בעמ/מצונן,,,יח,1.50,"ל 100 מ""ל",false,1,4.90,3.27,true,1,
7290110557133,false,מעדן הגולן וניל 125 ג' שטראוס,שטראוס גרופ בעמ/מצונן,,,יח,1.25,"ל 100 מ""ל",false,1,2.90,2.32,true,1,
7290110557317,false,יוגורט בתוספת סידן וויטמין ד עם שיבולת שועל 100 ג' דנונה,שטראוס גרופ בעמ/מצונן,,,יח,1,ל 100 גרם,false,1,2.30,2.30,true,1,
7290110557478,false,חומוס גלילי במרקם מעודן 600 גרם,שטראוס גרופ בעמ/מצונן,,,יח,6,ל 100 גרם,false,1,12.90,2.15,false,1,
7290110558130,false,יוגורט אקטיביה עם שיבולת שועל ודבש 150 גרם,שטראוס גרופ בעמ/מצונן,,,יח,1.50,"ל 100 מ""ל",false,1,4.50,3,true,1,
7290110558222,false,"וואו יוגורט עם שכבה בטעם בנופי פאי 5.4%, 150ג דנונה",שטראוס גרופ בעמ/מצונן,,,יח,1.50,"ל 100 מ""ל",false,1,4.70,3.13,true,1,
7290110558239,false,"וואו יוגורט עם שכבה בטעם קראק פאי 5.4%, 150 ג דנונה",שטראוס גרופ בעמ/מצונן,,,יח,1.50,"ל 100 מ""ל",false,1,4.70,3.13,true,1,
7290110558253,false,דנונה שייק נונה ריפרש בננה אננס וצ'יה,שטראוס גרופ בעמ/מצונן,,,יח,2.50,"ל 100 מ""ל",false,1,5.90,2.36,false,1,
7290110558284,false,דנונה ביו מולטי שטראוס 200 גרם,שטראוס גרופ בעמ/מצונן,,,יח,2,ל 100 גרם,false,1,4.20,2.10,false,1,
7290110558307,false,יוגורט דנונה PRO עם שיבולת שועל במתיקות מעודנת,שטראוס גרופ בעמ/מצונן,,,יח,0.20,"ל 100 מ""ל",false,1,6.50,32.50,false,1,
7290110558314,false,דנונה פרו 20 גרם חלבון ללא סוכר פיסטוק 200 גרם,שטראוס גרופ בעמ/מצונן,,,יח,0.20,"ל 100 מ""ל",false,1,6.50,32.50,false,1,
7290110558338,false,דנונה פרו 25 ג' חלבון 200 ג' שטראוס,שטראוס גרופ בעמ/מצונן,,,יח,0.20,"ל 100 מ""ל",false,1,6.50,32.50,false,1,
7290110558420,false,אלפרו משקה שיבולת שועל בקירור 1ליטר,שטראוס גרופ ***בעמ,,,יח,10,"ל 100 מ""ל",false,1,13.90,1.39,false,1,
7290110558437,false,אלפרו משקה שקדים בקירור 1ליטר,שטראוס גרופ ***בעמ,,,יח,10,"ל 100 מ""ל",false,1,13.90,1.39,false,1,
7290110558666,false,מעדן גבינה בטעם תפוח 88 ג' דניאלה,שטראוס גרופ בעמ/מצונן,,,יח,1.50,"ל 100 מ""ל",false,1,3.90,2.60,false,1,
7290110558741,false,גמדים פאוץ תפוח בננה 100ג,שטראוס גרופ בעמ (ח),,,יח,1,"ל 100 מ""ל",false,1,5.90,5.90,false,1,
7290110559014,false,שעועית שחורה מבושלת טעם הטבע 380 גרם,שטראוס גרופ בע`מ,,,יח,3.80,ל 100 גרם,false,1,7.90,2.08,true,1,
7290110559755,false,ריל מאגדת בוטנים פיסטוק וחמוציות שטראוס 105 גרם,"ואמואליס פודס אס.איי,",,,יח,1.05,ל 100 גרם,false,1,16.90,16.10,true,1,
7290110559762,false,ריל מאגדת אגוזים תמרים קוקוס שטראוס 105 גרם,"ואמואליס פודס אס.איי,",,,יח,1.05,ל 100 גרם,false,1,16.90,16.10,true,1,
7290110560300,false,"הפריכיות הטעימות חומוס, עדשים שחורות, קינואה ופלפל שחור",אנרג'י Energy - שטראוס,,,יח,0.30,ל 100 גרם,false,1,4.90,16.33,false,1,
7290110560317,false,"הפריכיות הטעימות חומוס, עדשים שחורות, קינואה ומלח ים","פרח תעשיו מזון בע""מ",,,יח,0.30,ל 100 גרם,false,1,4.90,16.33,false,1,
7290110560324,false,"הפריכיות הטעימות תפו""א, אורז, אפונה ומלח ים","פרח תעשיו מזון בע""מ",,,יח,0.30,ל 100 גרם,false,1,4.90,16.33,false,1,
7290110561352,false,דנונה יוגורט ביו פרוביוטי 3% דל לקטוז 150ג',שטראוס גרופ בעמ/מצונן,,,יח,2,"ל 100 מ""ל",false,1,3.50,1.75,false,1,
7290110561604,false,מארז 8 יחידות מעדן גמדים בטעם תות בננה,שטראוס גרופ בעמ/מצונן,,,יח,8,ל 100 גרם,false,1,17.90,2.24,false,1,
7290110563431,false,"משקה קפה קר בסגנון קלאסי 230 מ""ל 1.6% יוטבתה",שטראוס גרופ בעמ/מצונן,,,יח,2.30,"ל 100 מ""ל",false,1,7.90,3.43,true,1,
7290110563448,false,"משקה קפה קר בסגנון מעודן 230 מ""ל 1.6% יוטבתה",שטראוס גרופ בעמ/מצונן,,,יח,2.30,"ל 100 מ""ל",false,1,7.90,3.43,true,1,
7290110563462,false,חלב 2% דל לקטוז בבקבוק יטבתה 1 ליטר.,שטראוס גרופ בעמ/מצונן,,,יח,1,לליטר,false,1,8.50,8.50,false,1,
7290110564339,false,חומוס אחלה הסידרה המובחר 30% טחינה 400 גר',שטראוס גרופ בעמ/מצונן,,,יח,4,ל 100 גרם,false,1,13.90,3.48,true,1,
7290110564360,false,חומוס אחלה הסידרה המובחר 40% טחינה 400 גר',שטראוס גרופ בעמ/מצונן,,,יח,4,ל 100 גרם,false,1,13.90,3.48,true,1,
7290110564414,false,חומוס אחלה הסידרה המובחר 30% טחינה 600 גר',שטראוס גרופ בעמ/מצונן,,,יח,6,ל 100 גרם,false,1,15.90,2.65,false,1,
7290110564742,false,"משקה קפה קר בסגנון חזק 230 מ""ל 1.2% יוטבתה",שטראוס גרופ בעמ/מצונן,,,יח,2.30,"ל 100 מ""ל",false,1,7.90,3.43,true,1,
7290110564919,false,"דנונה מתיקות מעודנת לל""ס וממתיק 150גר",שטראוס גרופ בעמ/מצונן,,,יח,1.50,"ל 100 מ""ל",false,1,3.90,2.60,true,1,
7290110565435,false,מעדן ג`לי בטעם פטל חלבי שטראוס (125 גרם,שטראוס גרופ בעמ/מצונן,,,יח,1.25,ל 100 גרם,false,1,2.10,1.68,true,1,
7290110565527,false,יוגורט PRO פרו 1.5% 20 גרם חלבון בגביע,שטראוס גרופ בעמ/מצונן,,,יח,1.50,"ל 100 מ""ל",false,1,5.90,3.93,false,1,
7290110565572,false,מארז קפה טורקי עלית לדרך עם הל 168 גרם,שטראוס קפה בי.וי.,,,יח,1.40,ל 100 גרם,false,1,18.90,13.50,true,1,
7290110566623,false,קפסולות קולומביה עלית 08 למכונת נספרסו מארז 5X10ג',שטראוס קפה בי.וי.,,,ל 100 גרם,0.50,ל 100 גרם,false,1,15.90,31.80,true,1,
7290110566975,false,דנונה פרו יוגורט 0% תות עשיר בחלבון 200ג',שטראוס גרופ בעמ/מצונן,,,יח,1.55,"ל 100 מ""ל",false,1,5.90,3.81,false,1,
7290110568238,false,"קצפת צמחית 21% שומן 250 מ""ל יוטבתה",שטראוס גרופ בעמ/מצונן,,,יח,2.50,"ל 100 מ""ל",false,1,8.30,3.32,false,1,
7290110568276,false,"משקה יוטבתה פרו וניל לשתיה 350מ""ל",שטראוס גרופ בעמ/מצונן,,,יח,0.35,"ל 100 מ""ל",false,1,6.50,18.57,false,1,
7290110568511,false,קונפיטורית פירות יער במתיקות מעודנת 265 גר' יד מרדכי,שטראוס גרופ בע`מ,,,יח,0.2650,ל 100 גרם,false,1,12.90,48.68,true,1,
7290110568559,false,דוריטוס עלית מארז חמוץ חריף 10 יח' *25 ג',"שטראוס פריטו ליי בע""מ )פ",,,יח,0.25,ל 100 גרם,false,1,13.90,55.60,false,1,
7290110570224,false,משקה קפה קר בטעם עוגיות (230 גר`) יטבתה,שטראוס גרופ בעמ/מצונן,,,יח,2.30,"ל 100 מ""ל",false,1,7.90,3.43,true,1,
7290110570576,false,פולי אספרסו עשירים וארומטיים עוצמה 10 עלית 500 גרם,שטראוס קפה בי.וי,,,יח,5,ל 100 גרם,false,1,41.90,8.38,false,1,
7290110571382,false,מעדן חלב בטעם וניל מעושר בחלבון 150 ג' שטראוס,שטראוס גרופ בעמ/מצונן,,,יח,1.50,"ל 100 מ""ל",false,1,4.90,3.27,true,1,
7290110571405,false,עלית - מיני פינוקיות בגביע פסק זמן 180 גרם,שטראוס גרופ בע`מ,,,יח,1.80,ל 100 גרם,false,1,10.90,6.06,true,1,
7290110571412,false,מיני פינוקיות - פאדג' שוקולד בגביע 180 גרם,שטראוס גרופ בע`מ,,,יח,1.80,ל 100 גרם,false,1,10.90,6.06,true,1,
7290110571535,false,מארז קפה טורקי הל עלית 300 גרם,שטראוס קפה בי.וי.,,,יח,3,ל 100 גרם,false,1,24.90,8.30,false,1,
7290110572129,false,כיף כף מקלות שוקולד לבן 40 ג' עלית,סולן בעבור שטראוס,,,יח,0.40,ל 100 גרם,false,1,4.90,12.25,true,1,
7290110572884,false,"קפסולות קפה מספר 20 למכונת אספרס אספרסו, 50 גרם",שטראוס קפה בי.וי.,,,ל 100 גרם,0.50,ל 100 גרם,false,1,15.90,31.80,true,1,
7290110572969,false,כיף כף פצפצים עלית קרם לבן (40 גר`),שולן צ'\יקולטה גידה סאן.,,,יח,0.40,ל 100 גרם,false,1,4.90,12.25,true,1,
7290110572976,false,כיף כף פצפצים בגביע במילוי קרם בטעם שוקולד לבן,שולן צ'יקולטה גידה ס,,,יח,1.35,ל 100 גרם,false,1,9.90,7.33,false,1,
7290110576318,false,מאגדת שלישיית שוקולד אגוז לבן 300 ג' עלית,שטראוס גרופ בע`מ,,,יח,3,ל 100 גרם,false,1,23.90,7.97,true,1,
7290110576356,false,"שוקולד ספלנדיד מריר 64% - חלבי , מפולי קקאו מפרו",שטראוס גרופ בע`מ,,,יח,1,ל 100 גרם,false,1,8.50,8.50,true,1,
7290110576370,false,מארז שלישייה שוקולד מריר חלבי עם אגוזי לוז,שטראוס גרופ בע`מ,,,יח,3,ל 100 גרם,false,1,23.90,7.97,true,1,
7290110576752,false,טבלאות שוקולד ספלנדיד מריר 70% 100 ג' עלית,שטראוס גרופ בע`מ,,,יח,1,ל 100 גרם,false,1,9.90,9.90,false,1,
7290110576776,false,טבלאות שוקולד ספלנדיד מריר 85% 100 ג' עלית,שטראוס גרופ בע`מ,,,יח,1,ל 100 גרם,false,1,9.90,9.90,false,1,
7290110576790,false,סקי בטעם מוקה 3% (125 גר`) דנונה,שטראוס גרופ בעמ/מצונן,,,יח,1.25,ל 100 גרם,false,1,3.80,3.04,true,1,
7290110576868,false,רבעיית גמדים סלט פירוט * 100 ג' שטראוס,שטראוס גרופ בעמ/מצונן,,,יח,4,"ל 100 מ""ל",false,1,11.30,2.83,true,1,
7290110577230,false,משקה חלב בטעם פיסטוק בבקבוק יטבתה 1 ליטר,שטראוס גרופ בעמ/מצונן,,,יח,1,לליטר,false,1,11.90,11.90,false,1,
7290110577247,false,"יטבתה משקה חלב-פיסטוק בבקבוק 350 מ""ל",שטראוס גרופ בעמ/מצונן,,,יח,3.50,"ל 100 מ""ל",false,1,6.50,1.86,false,1,
7290110577711,false,שייק חלבון מי גבינה עם אפרסק ומנגו 350גר,שטראוס גרופ בעמ (ח),,,יח,3.50,"ל 100 מ""ל",false,1,6.90,1.97,false,1,
7290110577728,false,שייק חלבון מי גבינה עם פירות יער 350גר,שטראוס גרופ בעמ (ח),,,יח,3.50,"ל 100 מ""ל",false,1,6.90,1.97,false,1,
7290111091520,false,"דר' עור תחליב רחצה קלאסי -קוקוס 700 מ""ל","אמיליה קוסמטיקס בע""מ",,,יח,7,"ל 100 מ""ל",false,1,19.90,2.84,true,1,
7290111093005,false,"I-CARE מג'להסרת איפור, 25 יח בפלופק",די.פי.אל תעשיות מוצר,,,יח,1,,false,1,7.90,7.90,false,1,
7290111093470,false,"קוויק מסיר הפלא ספוגית להסרת כתמים, 3 יחידות",שקד תבל בע`מ,,,יח,3,למארז,false,1,10.90,3.63,true,1,
7290111096921,false,קוויק מגבונים לניקוי כללי בתוספת חומץ ומלח לימון 50 יח',שקד תבל בע`מ,,,יח,1,,false,1,8.90,8.90,false,1,
7290111097546,false,קוויק מגבונים 99.9% לניקוי כללי למשטחים בניחוח מרכך כביסה 50 יחידות,שקד תבל בע`מ,,,יח,50,למארז,false,1,8.90,0.18,true,1,
7290111341434,false,תחבושות דיפנד נורמל אקטיב לנשים 12 יח,קימברלי קלארק ישראל שיווק בעמ,,,יח,1,,false,1,18.90,18.90,false,1,
7290111341496,false,תחבושות דיפנד מיני אקטיב לנשים 14 יח,קימברלי קלארק ישראל שיווק בעמ,,,יח,1,,false,1,18.90,18.90,false,1,
7290111341557,false,קוטקס אקטיב טמפונים ללא מוליך סופר 32יח,קימברלי קלארק ישראל שיווק בעמ,,,יח,1,,false,1,29.90,29.90,false,1,
7290111341984,false,לילי - מגבוני נייר טואלט לח פיור רביעייה,קימברלי קלארק ישראל שיווק בעמ,,,יח,26.04,ל 100 גרם,false,1,22.90,0.88,true,1,
7290111342004,false,מגבוני נייר טואלט לחים 56 דף דיספנסר,קימברלי קלארק ישראל שיווק בעמ,,,יח,0.59,ל 100 גרם,false,1,8.90,15.08,false,1,
7290111342042,false,ניקול כריות יפניות אנטיבקטריאלי 4 יחידות,קימברלי קלארק ישראל שיווק בעמ,,,יח,1,,false,1,11.90,11.90,true,1,
7290111342059,false,50 מטליות מיקרופייבר לשטחים אנטיבקטריאלי ניקול,קימברלי קלארק ישראל שיווק בעמ,,,יח,1,,false,1,11.90,11.90,true,1,
7290111343117,false,קלינקס ממחטות לושן סופט פק זוגות 140דף,קימברלי קלארק ישראל שיווק בעמ,,,יח,1,,false,1,16.90,16.90,false,1,
7290111344206,false,האגיס נטורל קר מגבונים לחים בבישום עדין רביעייה,קימברלי קלארק ישראל שיווק בעמ,,,יח,1,,false,1,19.90,19.90,false,1,
7290111344459,false,קוטוקס תחבושות נייט אקסטרא לונג 20 יח',קימברלי קלארק ישראל שיווק בעמ,,,יח,1,,false,1,17.90,17.90,false,1,
7290111344527,false,ניקול שקיות אשפה XXL לפחים ענקיים 20 יחי,קימברלי קלארק ישראל שיווק בעמ,,,יח,1,,false,1,24.90,24.90,false,1,
7290111344572,false,שקיות אשפה ניקול עם ידית נשיאה,קימברלי קלארק ישראל שיווק בעמ,,,יח,1,,false,1,21.90,21.90,false,1,
7290111344701,false,ניקול שקיות אוכל סנדויצון מניונים 250 יחידות,קימברלי קלארק ישראל שיווק בעמ,,,יח,1,,false,1,12.90,12.90,false,1,
7290111344732,false,קלינקס - טיישו אלרג'י קומפורט ניילון זוגות 140 דף,קימברלי קלארק ישראל שיווק בעמ,,,יח,1.48,ל 100 גרם,false,1,14.90,10.07,false,1,
7290111344824,false,מגן תחתון קוטקס אקסטרא אנטיבקטריאלי לארג',קימברלי קלארק ישראל שיווק בעמ,,,יח,1,,false,1,18.90,18.90,false,1,
7290111344831,false,קוטקס - מגיני יום אקסטרא פרוטקט נורמל ביג 60 יח',קימברלי קלארק ישראל שיווק בעמ,,,יח,1,,false,1,18.90,18.90,false,1,
7290111344855,false,קוטקס - מגיני יום אקסטרא פרוטקט לארג' ביג 52 יח',קימברלי קלארק ישראל שיווק בעמ,,,יח,1,,false,1,18.90,18.90,false,1,
7290111344879,false,קוטקס מגיני תחתון 2IN1 מחזור+שתן 44 יחיד,קימברלי קלארק ישראל שיווק בעמ,,,יח,1,,false,1,18.90,18.90,false,1,
7290111344916,false,ניקול שישיית כריות יפניות אנטיבקטריאליות,קימברלי קלארק ישראל שיווק בעמ,,,יח,1,,false,1,14.90,14.90,false,1,
7290111344978,false,ניקול רדיד אלומיניום חסכוני 61 מטר עבה ב,קימברלי קלארק ישראל שיווק בעמ,,,יח,1,,false,1,39.90,39.90,false,1,
7290111345043,false,ניקול מטליות מיקרופייבר דו צדדית למשטחים,קימברלי קלארק ישראל שיווק בעמ,,,יח,1,,false,1,14.90,14.90,false,1,
7290111345722,false,ניקול שקיות לשמירה על הטריות 5 יחידות,קימברלי קלארק ישראל שיווק בעמ,,,יח,1,,false,1,13.90,13.90,true,1,
7290111345753,false,תחבושות נטורל דואו נורמל 24 יח' קוטקס,קימברלי קלארק ישראל שיווק בעמ,,,יח,1,,false,1,19.90,19.90,true,1,
7290111345760,false,תחבושות נטורל דואו סופר 18 יח' קוטקס,קימברלי קלארק ישראל שיווק בעמ,,,יח,1,,false,1,19.90,19.90,true,1,
7290111345777,false,תחבושת קוטקס כותנה לילה 16 יח' קוטקס,קימברלי קלארק ישראל שיווק בעמ,,,יח,1,,false,1,19.90,19.90,true,1,
7290111345814,false,נייר טואלט לילי נטורל קר 30 גלילים מהדורה,קימברלי קלארק ישראל שיווק בעמ,,,יח,26.04,ל 100 גרם,false,1,36.90,1.42,false,1,
7290111345999,false,מארז זוג מטליות לחות לרצפה בניחוח מרכך כביסה 2*10 יח' ניקול,קימברלי קלארק ישראל שיווק בעמ,,,יח,1,,false,1,21.90,21.90,true,1,
7290111346347,false,מגבוני אף אוריגינל סופט חמישיה קלינקס,קימברלי קלארק ישראל שיווק בעמ,,,יח,1,,false,1,15.90,15.90,true,1,
7290111350665,false,קליית גת דבש לחיץ טהור מפרחי בר 350 גרם,חקלאות עין חרוד מאוח,,,יח,0.35,ל 100 גרם,false,1,19.90,56.86,false,1,
7290111350719,false,חטיף נאצוס הוטפופ בסגנון מסעדות 322 גר,ליימן שליסל בע`מ,,,יח,3,"ל 100 מ""ל",false,1,15.90,5.30,true,1,
7290111350726,false,חטיף נאצוס הוטפופ בסגנון מקסיקני 322 גר,ליימן שליסל בע`מ,,,יח,3,"ל 100 מ""ל",false,1,15.90,5.30,true,1,
7290111352140,false,חמוציות מיובשות ברכז תפוחים קליית גת 150 גרם,ליימן שליסל בעמ,,,יח,1.50,ל 100 גרם,false,1,11.90,7.93,false,1,
7290111352430,false,ממרח תמרים טבעי קליית גת 440 גרם,ליימן שליסל בע`מ,,,יח,4.40,ל 100 גרם,false,1,11.90,2.70,false,1,
7290111352508,false,סילאן טבעי לחיץ קליית גת 840 גרם,ליימן שליסל בע`מ,,,יח,8.40,ל 100 גרם,false,1,19.90,2.37,false,1,
7290111352935,false,יוגטה סוכריות טופי ממולאות 600 גרם 3 טעמים,ליימן שליסל בע`מ,,,יח,6,ל 100 גרם,false,1,14.90,2.48,false,1,
7290111352942,false,יוגטה סוכריות טופי ללא גלוטן 850 ג',ליימן שליסל בע`מ,,,יח,8.50,ל 100 גרם,false,1,19.90,2.34,false,1,
7290111352959,false,מקלות חמוצים ממולאים בטעם פירות 80 גר' יוגטה,ליימן שליסל בעמ,,,יח,1,ל 100 גרם,false,1,4.90,4.90,false,1,
7290111352966,false,יוגטה סוכריות ממולאות בטעם פירות 250 גרם ללא ג'לטין,ליימן שליסל בע`מ,,,יח,2.50,ל 100 גרם,false,1,5.90,2.36,false,1,
7290111352973,false,יוגוטה קוביות חמוצות ממולאות בטעם פירות,ליימן שליסל בע`מ,,,יח,2.20,ל 100 גרם,false,1,5.90,2.68,false,1,
7290111353093,false,יוגטה סוכריות טופי בטעם פירות בצורת מקלות 600 ג',ליימן שליסל בע`מ,,,יח,6,ל 100 גרם,false,1,14.90,2.48,false,1,
7290111353123,false,"גומי נחש מסוכר 200 גר' וסטהיים (כש""לפ בית יוסף)",טופגם תעשיות ממתקים,,,יח,0.20,ל 100 גרם,false,1,7.90,39.50,false,1,
7290111353239,false,"גומי יין 200 גר' וסטהיים (כש""לפ בית יוסף)",טופגם תעשיות ממתקים,,,יח,0.20,ל 100 גרם,false,1,7.90,39.50,false,1,
7290111353468,false,סוכריות טופי במילוי בטעם פירות 600 גר',תיאס גידה ג'י או אס,,,יח,6,ל 100 גרם,false,1,14.90,2.48,false,1,
7290111353550,false,חמאת בוטנים טבעית קליית גת 300 גרם,ליימן שליסל בע`מ,,,יח,38,ל 100 גרם,false,1,13.90,0.37,false,1,
7290111353567,false,ממרח שקדים טבעי קליית גת 300 גרם,ליימן שליסל בע`מ,,,יח,3,ל 100 גרם,false,1,30.90,10.30,false,1,
7290111354281,false,יוגטה שטיח חמוץ חצי מטר תותי פרוטי,ליימן שליסל בעמ,,,יח,0.15,"ל 100 מ""ל",false,1,1,6.67,false,1,
7290111354298,false,יוגטה שטיח חמוץ חצי מטר קולה 15 גרם,ליימן שליסל בעמ,,,יח,0.15,"ל 100 מ""ל",false,1,1,6.67,false,1,
7290111354687,false,מיני מרשמלו בטעם תות וניל 500 גרם,ליימן שליסל בעמ,,,יח,5,ל 100 גרם,false,1,24.90,4.98,false,1,
7290111564277,false,פריכיות דקות ונימוחות 3 דגנים פיטנס Fitness,קבוצת אוסם סחר שותפות מוגבלת,,,יח,1.20,ל 100 גרם,false,1,10.90,9.08,true,1,
7290111564291,false,פריכיות דקות ונימוחות 3 דגנים וקינואה פיטנס Fitness,קבוצת אוסם סחר שותפות מוגבלת,,,יח,1.20,ל 100 גרם,false,1,10.90,9.08,true,1,
7290111564956,false,"ביסלי במבה מיקס 200 גרם ""אסם""",קבוצת אוסם סחר שותפות מוגבלת,,,יח,2,ל 100 גרם,false,1,10,5,true,1,
7290111565038,false,"לה קרמריה וניל קוקילידה בד""צ 1.4 ל'",נגה גלידות שותפות מוגבלת,,,,1.40,ל 100 גרם,false,1,21.90,15.64,false,1,
7290111566271,false,טבעול חטיפי תירס 657 גרם קפוא,קבוצת אוסם סחר שותפות מוגבלת,,,יח,6.57,ל 100 גרם,false,1,30.90,4.70,true,1,
7290111566318,false,שניצל דק מן הצומח בטעם ביתי 700 גרם,קבוצת אוסם סחר שותפות מוגבלת,,,יח,0.5640,ל 100 גרם,false,1,29.90,53.01,true,1,
7290111566332,false,"נקניקיות וינר מן הצומח 680 גרם ""טבעול""",קבוצת אוסם סחר שותפות מוגבלת,,,יח,6.80,ל 100 גרם,false,1,30.90,4.54,true,1,
7290111566417,false,טבעול טחון מן הצומח משופר 400 גרם,קבוצת אוסם סחר שותפות מוגבלת,,,יח,0.50,ל 100 גרם,false,1,29.90,59.80,true,1,
7290111566585,false,"שניצל צמחוני 99 קלוריות 650 גר' ""טבעול""",קבוצת אוסם סחר שותפות מוגבלת,,,יח,6.50,ל 100 גרם,false,1,30.90,4.75,true,1,
7290111566714,false,טבעול המבורגר צמחוני 99 קלוריות 600 גרם,קבוצת אוסם סחר שותפות מוגבלת,,,יח,6,ל 100 גרם,false,1,30.90,5.15,true,1,
7290111566752,false,טבעול שניצל תירס 99 קלוריות 693 גרם,קבוצת אוסם סחר שותפות מוגבלת,,,יח,6.93,ל 100 גרם,false,1,30.90,4.46,true,1,
7290111568206,false,ביסלי פארטי מיקס אסם 150 גר',קבוצת אוסם סחר שותפות מוגבלת,,,יח,0.15,ל 100 גרם,false,1,8.90,59.33,true,1,
7290111568251,false,אטריות נודלס להקפצה אסם אסייתי 350 גר',קבוצת אוסם סחר שותפות מוגבלת,,,יח,0.35,ל 100 גרם,false,1,8.90,25.43,false,1,
7290111568275,false,אטריות נודלס אורז רחבות אסם אסייתי 300גרם,קבוצת אוסם סחר שותפות מוגבלת,,,יח,3,ל 100 גרם,false,1,8.90,2.97,false,1,
7290111733833,false,גרב צבאי שלישייב,ליאור יבוא ושיווק מוצרי הלבשה,,,יח,1,,false,1,24.90,24.90,false,1,
7290111930805,false,קראנצ'וס טעם ברביקיו 55 גר',ש. שסטוביץ בע`מ,,,יח,0.55,ל 100 גרם,false,1,2.20,4,false,1,
7290111930850,false,קראנצ'וס טעם פיצה 55גר',ש. שסטוביץ בע`מ,,,יח,0.55,ל 100 גרם,false,1,2.20,4,false,1,
7290111930898,false,חטיף פוף כוכבים גריל אמריקאי 40 גרם,ש. שסטוביץ בע`מ,,,יח,0.40,יח,false,1,3.30,8.25,true,1,
7290111930904,false,חטיף פוף כוכבים בצל 40 גרם,ש. שסטוביץ בע`מ,,,יח,0.40,יח,false,1,3.30,8.25,true,1,
7290111930911,false,חטיף פוף לבבות קלאסי 40 גרם,ש. שסטוביץ בע`מ,,,יח,0.40,יח,false,1,3.30,8.25,true,1,
7290111930928,false,חטיף פוף לבבות גריל 40 גרם,ש. שסטוביץ בע`מ,,,יח,0.40,יח,false,1,3.30,8.25,true,1,
7290111930935,false,חטיף פוף טבעות קלאסי 40 גרם,ש. שסטוביץ בע`מ,,,יח,0.40,יח,false,1,3.30,8.25,true,1,
7290111931321,false,"קולגייט משחת שיניים ילדים 6+ מיניונים 50 מ""ל",קולגייט- פלמוליב,,,יח,0.50,ל 100 גרם,false,1,11.90,23.80,false,1,
7290111933462,false,"רוטב צ'ילי מתוק מאסטר שף 300 מ""ל",ש. שסטוביץ בע`מ,,,יח,0.30,ל 100 גרם,false,1,9.90,33,false,1,
7290111935800,false,דאו ליידי ספיד סטיק דרמה ויטמין אי 45 גר,ליידי ספיד סטיק Lady Speed Stick,,,יח,1,,false,1,19.90,19.90,true,1,
7290111935817,false,דאו ליידי ספיד סטיק סטיק דרמה פנינה 45 ג,ש.שסטוביץ בעמ,,,יח,1.50,ל 100 גרם,false,1,19.90,13.27,true,1,
7290111935961,false,מאסטר שף מחית עגבניות 690 גרם,פראנו אנריקו ופיגלי,,,יח,6.90,ל 100 גרם,false,1,8.90,1.29,false,1,
7290111936203,false,"ליידי ספיד סטיק דרמה ספריי ויטמין אי 150 מ""ל",ליידי ספיד סטיק Lady Speed Stick,,,יח,1.50,ל 100 גרם,false,1,14.90,9.93,true,1,
7290111936784,false,פרי מארז חטיפים 5 יחידות תמרים ואגוזי לוז כשלפ,"טבעית מוצרים מהטבע בע""\מ",,,יח,1.25,ל 100 גרם,false,1,14.90,11.92,false,1,
7290111937248,false,פרי מארז חטיפים 5 יחידות תמרים קשיו ונגיעות לוז כשלפ,"טבעית מוצרים מהטבע בע""\מ",,,יח,1.25,ל 100 גרם,false,1,14.90,11.92,false,1,
7290111937255,false,פרי מארז חטיפים 5 יחידות תמרים בוטנים ואגוזי לוז כשלפ,"טבעית מוצרים מהטבע בע""\מ",,,יח,1.25,ל 100 גרם,false,1,14.90,11.92,false,1,
7290111937262,false,מארז חמישיית חטיפי תמרים אגוזים ושברי קקאו פרי 125 גרם,"טבעית מוצרים מהטבע בע""\מ",,,יח,1.25,ל 100 גרם,false,1,14.90,11.92,false,1,
7290111938481,false,"רוטב סויה בהירה מאסטר שף 300 מ""ל",ש. שסטוביץ בע`מ,,,יח,3,"ל 100 מ""ל",false,1,9.90,3.30,false,1,
7290112000132,false,מפזר אדים אוטומטי + מילוי בניחוח לבנדר ופריחת השקד,רקיט בנקיזר (ניר איסט) בעמ,,,יח,2.50,"ל 100 מ""ל",false,1,44.90,17.96,false,1,
7290112000156,false,"איירוויק מילוי מפיץ אדים אוטמטי לבנדר 20 מ""ל",רקיט בנקיזר (ניר איסט) בעמ,,,יח,2.50,"ל 100 מ""ל",false,1,12.90,5.16,false,1,
7290112000163,false,מילוי למפזר אדים בניחוח יסמין ואדמונית,רקיט בנקיזר (ניר איסט) בעמ,,,יח,2.50,"ל 100 מ""ל",false,1,12.90,5.16,false,1,
7290112000798,false,"דיטול תרסיסי חיטוי וניקוי אנטי בקטריאלי 750 מ""ל",רקיט בנקיזר (ניר איסט) בעמ,,,יח,0.75,"ל 100 מ""ל",false,1,12.90,17.20,false,1,
7290112001436,false,"פיניש מנקה מדיח כלים בניחוח לימון 250 מ""ל",רקיט בנקיזר (ניר איסט) בעמ,,,יח,2.50,"ל 100 מ""ל",false,1,14.90,5.96,true,1,
7290112002099,false,קולון גל כביסה מרוכז 2.5 ליטר קלאסי,רקיט בנקיזר (ניר איסט) בעמ,,,יח,25,"ל 100 מ""ל",false,1,24.90,1,true,1,
7290112002136,false,ג'ל כביסה מרוכז קולון 101 קלאסי,רקיט בנקיזר (ניר איסט) בעמ,,,יח,40,"ל 100 מ""ל",false,1,34.90,0.87,false,1,
7290112002150,false,ג'ל כביסה מרוכז קולון 101 בניחוח ורדים,רקיט בנקיזר (ניר איסט) בעמ,,,יח,40,"ל 100 מ""ל",false,1,34.90,0.87,false,1,
7290112003188,false,קולון קפסולות ג'ל 60 יח' אריזת חיסכון,רקיט בנקיזר (ניר איסט) בעמ,,,יח,1.25,"ל 100 מ""ל",false,1,49.90,39.92,false,1,
7290112003959,false,וניש מסיר כתמים אבקה לכביסה צבעונית 470 גרם,רקיט בנקיזר (ניר איסט) בעמ,,,יח,4.70,ל 100 גרם,false,1,19.90,4.23,false,1,
7290112003966,false,"אבקה להסרת כתמים לכביסה לבנה ""וניש גולד""",רקיט בנקיזר (ניר איסט) בעמ,,,יח,4.70,ל 100 גרם,false,1,19.90,4.23,false,1,
7290112004031,false,ג'ל מסיר כתמים לכביסה צבעונית וניש אוקסי אקשן,רקיט בנקיזר (ניר איסט) בעמ,,,יח,9.40,ל 100 גרם,false,1,18.90,2.01,false,1,
7290112004192,false,פיניש טבליות אקולוגי למדיח 70יח,רקיט בנקיזר (ניר איסט) בעמ,,,יח,1.2020,"ל 100 מ""ל",false,1,54.90,45.67,false,1,
7290112004413,false,"ספריי וניש קליה להסרת כתמים לבגדים לבנים 750 מ""ל",רקיט בנקיזר (ניר איסט) בעמ,,,יח,7.50,"ל 100 מ""ל",false,1,16.90,2.25,true,1,
7290112004963,false,"פיניש אולטימייט קפסולות לניקוי כלים במדיח, 25 יחידות",רקיט בנקיזר (ניר איסט) בעמ,,,יח,1,,false,1,39.90,39.90,true,1,
7290112005052,false,וניש תוסף כביסה רב תכליתי לבגדים לבנים,רקיט בנקיזר (ניר איסט) בעמ,,,יח,1.50,ל 100 גרם,false,1,39.90,26.60,true,1,
7290112005076,false,וניש תוסף כביסה רב תכליתי צבעוני 480 גרם,רקיט בנקיזר (ניר איסט) בעמ,,,יח,4.80,ל 100 גרם,false,1,16.90,3.52,false,1,
7290112005083,false,וניש תוסף כביסה רב תכליתי לכביסה צבעונית,רקיט בנקיזר (ניר איסט) בעמ,,,יח,1.50,ל 100 גרם,false,1,39.90,26.60,true,1,
7290112005168,false,פיניש אולטימייט קוואנטום לימון 60 טבליות למדיח,רקיט בנקיזר (ניר איסט) בעמ,,,יח,1,,false,1,59.90,59.90,true,1,
7290112190475,false,שערות קדאיף,א.ג בחירה חכמה בעמ,,,יח,3.40,ל 100 גרם,false,1,14.90,4.38,false,1,
7290112192578,false,משחת שיניים פרודונטקס אקסטרה פרש הגנה מלאה,ג'י.אס.קיי קונסיומר,,,יח,0.75,"ל 100 מ""ל",false,1,34.90,46.53,true,1,
7290112192875,false,"סנסודיין - משחת שיניים רגישות וחניכיים 75 מ""ל",סנסודיין Sensodyne,,,יח,1.50,ל 100 גרם,false,1,29.90,19.93,true,1,
7290112192882,false,"סנסודיין - משחת שיניים רגישות וחניכיים מלבינה 75 מ""ל",ג'י.אס.קיי קונסיומר,,,יח,1.50,ל 100 גרם,false,1,29.90,19.93,true,1,
7290112193223,false,ג`י-פרי פיתות 500 גר ללא גלוטן,גורי מוצרי צריכה (1991) בעמ,,,יח,5,ל 100 גרם,false,1,18.90,3.78,false,1,
7290112195227,false,איטריות ביצים ד`ע`ות 500 גר`,גורי מוצרי צריכה 1991 בעמ,,,יח,5,ל 100 גרם,false,1,13.90,2.78,true,1,
7290112197702,false,פיצה משפחתית  מרגריטה 330 ג' ללא גלוטן ג'י פרי,גורי מוצרי צריכה (1991) בעמ,,,יח,3.30,"לק""ג",false,1,22.90,6.94,false,1,
7290112197719,false,פיצה משפחתית  זיתים 330 ג' ללא גלוטן ג'י פרי,גורי מוצרי צריכה (1991) בעמ,,,יח,3.30,"לק""ג",false,1,22.90,6.94,false,1,
7290112330352,false,"יוגורט PRO בטעם וניל 0% , 20 גרם חלבון בגביע",שטראוס גרופ בעמ/מצונן,,,יח,2,"ל 100 מ""ל",false,1,5.90,2.95,false,1,
7290112330390,false,דנונה פרו פירות יער 20 גרם חלבון 0% שומן 200 גרם,שטראוס גרופ בעמ/מצונן,,,יח,2,"ל 100 מ""ל",false,1,5.90,2.95,false,1,
7290112330420,false,דנונה פרו לבן 2.9% שומן בודד 150גר,שטראוס גרופ בעמ/מצונן,,,יח,1.50,"ל 100 מ""ל",false,1,4.90,3.27,false,1,
7290112330475,false,אקטימל דנונה (100x8 מל)פטל,שטראוס גרופ בעמ/מצונן,,,יח,8.64,"ל 100 מ""ל",false,1,21.20,2.45,false,1,
7290112332585,false,פריכיות משולש תפוא אורז בתיבול סלק ומלח ים אנרג'י 30 גרם,"פרח תעשיו מזון בע""מ",,,יח,0.30,ל 100 גרם,false,1,4.90,16.33,false,1,
7290112332691,false,פינוקיות עוגיות קרם פסק זמן אגוזים 200 גרם,"הגביע מוצרי וופלים בע""\מ",,,יח,2,ל 100 גרם,false,1,10.90,5.45,true,1,
7290112332875,false,מסטיק מאסט קוביות בטעם מנטה עדינה 86 ג' עלית,שטראוס גרופ בע`מ,,,יח,0.80,ל 100 גרם,false,1,12.90,16.13,false,1,
7290112332899,false,עלית - צנצנת בזוקה פופים קלאסי 58 גרם,שטראוס גרופ בע`מ,,,יח,0.66,ל 100 גרם,false,1,9.90,15,true,1,
7290112335111,false,מסטיק מאסט קוביות בזוקה ללא גלוטן 86 גר,שטראוס גרופ בע`מ,,,יח,0.86,ל 100 גרם,false,1,12.90,15,false,1,
7290112335487,false,הפריכיות הטעימות קצח ודגנים אנרג'י 135 גרם,אנרג'י Energy - שטראוס,,,יח,1.35,ל 100 גרם,false,1,10.90,8.07,false,1,
7290112335494,false,הפריכיות הטעימות תפוחי אדמה בטעם פוטטוס,"פרח תעשיות מזון בע""\מ",,,יח,1.35,ל 100 גרם,false,1,10.90,8.07,false,1,
7290112335500,false,"פרכיות אנרג'י חומוס,אורז,עדשים שחורות וקינואה 135 גרם","פרח תעשיות מזון בע""\מ",,,יח,1.35,ל 100 גרם,false,1,10.90,8.07,false,1,
7290112336637,false,סוכריות מאסט Must ללא סוכר יוגורט תות ואוכניות,שטראוס גרופ בע`מ,,,יח,0.80,ל 100 גרם,false,1,7.90,9.88,true,1,
7290112336644,false,סוכריות מאסט ללא סוכר לימון 80 ג' עלית,שטראוס גרופ בע`מ,,,יח,0.80,ל 100 גרם,false,1,7.90,9.88,true,1,
7290112336651,false,סוכריות מאסט ללא סוכר ריבת חלב 80 ג' עלית,שטראוס גרופ בע`מ,,,יח,0.80,ל 100 גרם,false,1,7.90,9.88,true,1,
7290112336712,false,יוגורט PRO לבן 0% 21 גרם חלבון בגביע,שטראוס גרופ בעמ/מצונן,,,יח,2,"ל 100 מ""ל",false,1,5.90,2.95,false,1,
7290112337474,false,סוכריות מאסט ללא סוכר פטל לימון 80 ג' עלית,שטראוס גרופ בע`מ,,,יח,0.80,ל 100 גרם,false,1,7.90,9.88,true,1,
7290112337481,false,סוכריות מאסט ללא סוכר קפצ''ינו 80 ג' עלית,שטראוס גרופ בע`מ,,,יח,0.80,ל 100 גרם,false,1,7.90,9.88,true,1,
7290112338877,false,מעדן גבינה בטעם תות 3% 125ג' סקי,שטראוס גרופ בעמ/מצונן,,,יח,1.25,ל 100 גרם,false,1,3.80,3.04,true,1,
7290112339171,false,מעדן מוס שוקולד 81 גר`מילקי,שטראוס גרופ בעמ/מצונן,,,יח,0.81,"ל 100 מ""ל",false,1,3.40,4.20,false,1,
7290112339362,false,דנונה לייט אנד פריי בטעם קפוצ'ינו 150 גרם,שטראוס גרופ בעמ/מצונן,,,יח,1.50,"ל 100 מ""ל",false,1,4.50,3,true,1,
7290112339867,false,גמדים לדרך גבינה לבנה עם מחית תות,שטראוס גרופ בעמ/מצונן,,,יח,1,"ל 100 מ""ל",false,1,5.90,5.90,false,1,
7290112339874,false,גמדים לדרך גבינה לבנה עם מחיות תות ובננה,שטראוס גרופ בעמ/מצונן,,,יח,1,"ל 100 מ""ל",false,1,5.90,5.90,false,1,
7290112340122,false,הפריכיות הטעימות 3 דגנים אנרג'י 135 גרם,"פרח תעשיות מזון בע""\מ",,,יח,1.35,ל 100 גרם,false,1,10.90,8.07,false,1,
7290112340245,false,מסטיק מאסט צנצנת בטעם דובדבן 66 גר` מגדי,"שטראוס גרופ בע""\מ",,,יח,0.58,ל 100 גרם,false,1,9.90,17.07,true,1,
7290112340252,false,צנצנת מסטיק מאסט בטעם אבטיח מלון 66 ג' עלית,"שטראוס גרופ בע""\מ",,,יח,0.58,ל 100 גרם,false,1,9.90,17.07,true,1,
7290112340276,false,פינוקיות עוגיית קרם קפה נמס 200 גרם,"הגביע מוצרי וופלים בע""\מ",,,יח,2,ל 100 גרם,false,1,10.90,5.45,true,1,
7290112340900,false,קפה טורקי האג נטול קפאין 200 גרם,הנסיך- מפעל לייצור ט,,,יח,2,ל 100 גרם,false,1,26.90,13.45,false,1,
7290112341556,false,יוגורט אקטיביה עם צ'יה ותות 150 גרם,שטראוס גרופ בעמ/מצונן,,,יח,1.50,"ל 100 מ""ל",false,1,4.70,3.13,false,1,
7290112341686,false,שמינייה יוגורט לבן אקטיביה 3% דנונה 150 גרם.,שטראוס גרופ בעמ/מצונן,,,יח,1.20,יח,false,1,19.90,16.58,false,1,
7290112342102,false,סימפוניה גבינה במרקם שמנת בצל מקורמל 5%,שטראוס גרופ בעמ/מצונן,,,יח,2,ל 100 גרם,false,1,11.20,5.60,true,1,
7290112342270,false,קפה פלטינום אינטנס מחוזק ב- 10% אספרסו,שטראוס קפה בי.וי,,,יח,1.25,ל 100 גרם,false,1,17.90,14.32,false,1,
7290112343260,false,"יטבתה רוטב שמנת קלאסי 9% שומן 260 מ""ל",שטראוס גרופ בעמ/מצונן,,,יח,2.60,"ל 100 מ""ל",false,1,10.90,4.19,true,1,
7290112343420,false,"משקה חלב עם דגנים מלאים ובננה פרו יטבתה 350מ""ל",שטראוס גרופ בעמ/מצונן,,,יח,3.50,ל 100 גרם,false,1,7.90,2.26,false,1,
7290112343499,false,חטיף צ'יטוס פאפס אפוי בטעם גבינה,"שטראוס פריטו ליי בע""\מ )",,,יח,0.55,ל 100 גרם,false,1,3.50,6.36,false,1,
7290112343512,false,צ'יטוס puffs בטעם גבינה 180 גרם,"שטראוס פריטו ליי בע""\מ )",,,יח,1.80,ל 100 גרם,false,1,7.40,4.11,false,1,
7290112344724,false,מילקי בטעם שוקולד בלונדי עם קצפת 133גר,שטראוס גרופ בעמ/מצונן,,,יח,1.70,"ל 100 מ""ל",false,1,3.40,2,false,1,
7290112344755,false,מילקי עם 26% פחות סוכר 135 גר}שטראוס{,שטראוס גרופ בעמ/מצונן,,,יח,1.35,ל 100 גרם,false,1,2.90,2.15,false,1,
7290112344786,false,קפה פלטינום קלאסיק עלית 200 גרם,הנסיך- מפעל לייצור ט,,,יח,2,ל 100 גרם,false,1,24.90,12.45,true,1,
7290112344953,false,סימפוניה חציל קלוי גבינה במקרם שמנת 5%,שטראוס גרופ בעמ/מצונן,,,יח,2,ל 100 גרם,false,1,11.20,5.60,true,1,
7290112346360,false,בפלות אחת אחת ופל בטעם שוקולד מצופה שוקולד,הגביע מוצרי וופלים ב,,,יח,1.80,ל 100 גרם,false,1,13.90,7.72,false,1,
7290112346506,false,דנונה לייט אנד פריי בטעם אפרסק 150 גרם,שטראוס גרופ בעמ/מצונן,,,יח,1.50,"ל 100 מ""ל",false,1,4.50,3,true,1,
7290112346629,false,דנונה בר יוגורט+קורנפלקס מצופה שוקולד חלב ולבן 172 גרם,שטראוס גרופ בעמ/מצונן,,,יח,1.83,"ל 100 מ""ל",false,1,4.50,2.46,false,1,
7290112346773,false,יוגורט בטעם וניל 0% לייט אנד פרי 10 גרם חלבון בגביע,שטראוס גרופ בעמ/מצונן,,,יח,1.50,"ל 100 מ""ל",false,1,4.50,3,true,1,
7290112346797,false,יוגורט אקטיביה שיבולת שועל ושזיף 150 גרם,שטראוס גרופ בעמ/מצונן,,,יח,1.50,"ל 100 מ""ל",false,1,4.70,3.13,false,1,
7290112346827,false,שמיניית אקטימל ויטמין C פטל 108 גרם,שטראוס גרופ בעמ/מצונן,,,יח,6,ל 100 גרם,false,1,22.90,3.82,false,1,
7290112347008,false,גמדים לדרך גבינה לבנה עם מחית תות ושיבולת שועל,שטראוס גרופ בעמ/מצונן,,,יח,1,"ל 100 מ""ל",false,1,5.90,5.90,false,1,
7290112347282,false,מארז קפה נמס וקונפיטורה 200ג עלית,שטראוס גרופ בעמ,,,יח,2,ל 100 גרם,false,1,19.90,9.95,false,1,
7290112347473,false,מארז דנונה לייט אנד פריי תות ואפרסק 150 גרם 8 יחידות,שטראוס גרופ בעמ/מצונן,,,יח,1.20,ל 100 גרם,false,1,26.90,22.42,false,1,
7290112348142,false,שעועית לבנה 380 גר' בקופסה טעם הטבע,שטראוס גרופ בע`מ,,,יח,3.80,ל 100 גרם,false,1,7.90,2.08,true,1,
7290112348616,false,עלית - קפה נמס אגוזי לוז 100 גרם,שטראוס קפה בי.וי,,,יח,1,ל 100 גרם,false,1,14.90,14.90,true,1,
7290112348999,false,הפריכיות הטעימות תירס דקות אנרג'י 135 גרם,שטראוס גרופ בע`מ,,,יח,1.35,ל 100 גרם,false,1,10.90,8.07,false,1,
7290112349606,false,מעדן גבינה ויוגורט תות בננה 88 ג' דניאלה,שטראוס גרופ בעמ/מצונן,,,יח,0.88,"ל 100 מ""ל",false,1,3.90,4.43,false,1,
7290112349705,false,פומודורו רוטב עגבניות קלאסי לפסטה יד מרדכי 350 גרם,אמיליאנה קונסרב סוסייטה,,,יח,3.50,ל 100 גרם,false,1,10.90,3.11,true,1,
7290112349736,false,בזיליקום רוטב עגבניות לפסטה יד מרדכי 350 גרם,אמיליאנה קונסרב סוסייטה,,,יח,3.50,ל 100 גרם,false,1,10.90,3.11,true,1,
7290112349750,false,פיצה רוטב עגבניות לפיצה יד מרדכי 350 גרם,אמיליאנה קונסרב סוסייטה,,,יח,3.50,ל 100 גרם,false,1,10.90,3.11,true,1,
7290112349903,false,רוטב שמנת עם גרגירי וניל 9% שומן 260 ג' יטבתה,שטראוס גרופ בעמ/מצונן,,,יח,0.25,"ל 100 מ""ל",false,1,10.90,43.60,true,1,
7290112350275,false,קפסולות LUNGO למכונת נספרסו עלית 10 יחידות,שטראוס קפה בי.וי,,,ל 100 גרם,0.50,ל 100 גרם,false,1,15.90,31.80,true,1,
7290112350312,false,קפסולות 15 קפה יותר למכונות נספרסו עלית 10יח',הנסיך- מפעל לייצור ט,,,ל 100 גרם,0.50,ל 100 גרם,false,1,15.90,31.80,true,1,
7290112350589,false,צ`יקו להכנת משקה צ`יקוריה עלית (65 גרם),שטראוס קפה בי.וי,,,יח,0.65,ל 100 גרם,false,1,11.90,18.31,false,1,
7290112351067,false,סילאן טבעי 100% תמר מג'הול ללא תוספת סוכר,שטראוס גרופ בע`מ,,,יח,6.30,ל 100 גרם,false,1,24.90,3.95,false,1,
7290112351463,false,שלישיית סוכריות מאסט FRESH פטל לימון 45 ג' עלית,"הליקון גידה בע""\מ",,,יח,1,יח,false,1,8.90,8.90,false,1,
7290112351470,false,סוכריות ללא סוכר בטעם תות רימון מאסט פרש,"הליקון גידה בע""\מ",,,יח,1,יח,false,1,8.90,8.90,false,1,
7290112353887,false,"משקה קפה קר בטעם אגוזים יטבתה 230 מ""ל",האי נאם סי או אל.טי.,,,יח,2.30,"ל 100 מ""ל",false,1,7.90,3.43,true,1,
7290112355027,false,דנונה פרו 20 גרם חלבון בטעם קרמל מלוח 200 גרם,שטראוס גרופ בעמ/מצונן,,,יח,2,"ל 100 מ""ל",false,1,5.90,2.95,false,1,
7290112355102,false,גמדים סקוויז 100 גרם פאוץ סלט פירות 100 גרם,שטראוס גרופ בעמ/מצונן,,,יח,1,"ל 100 מ""ל",false,1,5.90,5.90,false,1,
7290112355393,false,"יטבתה רוטב שמנת+בטטה 9% שומן 250 מ""ל",שטראוס גרופ בעמ/מצונן,,,יח,0.25,"ל 100 מ""ל",false,1,10.90,43.60,true,1,
7290112355812,false,מילקי טופ קורנפלקס 141 ג' שטראוס,שטראוס גרופ בעמ/מצונן,,,יח,1.30,"ל 100 מ""ל",false,1,4.50,3.46,false,1,
7290112357045,false,עגבניות איטלקיות מרוסקות 390 גר' בקופסה טעם הטבע,"שטראוס גרופ בע""מ",,,יח,3.90,ל 100 גרם,false,1,6.90,1.77,true,1,
7290112357069,false,מחית עגבניות איטלקיות בקופסה 500 גר' טעם הטבע,שטראוס גרופ בע`מ,,,יח,5,ל 100 גרם,false,1,6.90,1.38,true,1,
7290112357083,false,טעם הטבע אפונה ירוקה 380 גרם קופסה,הדקלאים אגודת שיתופי,,,יח,3.40,ל 100 גרם,false,1,6.90,2.03,true,1,
7290112357106,false,שעועית אדומה 380 גר' בקופסה טעם הטבע,שטראוס גרופ בע`מ,,,יח,3.80,ל 100 גרם,false,1,7.90,2.08,true,1,
7290112357113,false,גרגרי חומוס בקופסה 380 גר' טעם הטבע,שטראוס גרופ בע`מ,,,יח,3.81,ל 100 גרם,false,1,6.90,1.81,true,1,
7290112357175,false,קפסולות BOOST למכונת נספרסו עלית 10 יחידות,שטראוס קפה בי.וי,,,ל 100 גרם,0.50,ל 100 גרם,false,1,15.90,31.80,true,1,
7290112357892,false,שלישיית סוכריות מאסט FRESH מנטה 45 גרם,"הליקון גידה בע""\מ",,,יח,1,יח,false,1,8.90,8.90,false,1,
7290112358004,false,פסק זמן חטיף קראנץ עלית( 32 גר`),שולן צ'\יקולטה גידה סאן.,,,יח,0.45,ל 100 גרם,false,1,4.90,10.89,false,1,
7290112358127,false,דנונה פרו חלבון+מגנזיום- וניל ועוגיות 200 גרם,שטראוס גרופ בעמ/מצונן,,,יח,0.20,"ל 100 מ""ל",false,1,6.50,32.50,false,1,
7290112358219,false,רוטב צ`ילי מתוק יד מרדכי (300 גר`),אף.סי תבליני בגליל ב,,,יח,3,"ל 100 מ""ל",false,1,12.90,4.30,false,1,
7290112358233,false,רוטב צ`ילי חריף יד מרדכי (300 גר`),שטראוס גרופ בע`מ,,,יח,3,"ל 100 מ""ל",false,1,12.90,4.30,false,1,
7290112358240,false,רוטב גריל יד מרדכי 300 גרם,שטראוס גרופ בע`מ,,,יח,3,"ל 100 מ""ל",false,1,12.90,4.30,false,1,
7290112358257,false,רוטב לעוף עם שזיפים יד מרדכי 300 גרם,שטראוס גרופ בע`מ,,,יח,3,"ל 100 מ""ל",false,1,12.90,4.30,false,1,
7290112358431,false,עד חצות דאבל ביסקוויט עם שוקולד חלב -8 אריזות אישיות,ביסקוויטס טור ד'\אלבון,,,יח,2,ל 100 גרם,false,1,11.90,5.95,false,1,
7290112358561,false,קפה נמס פלטינום קלאסי 47 ג' עלית,שטראוס גרופ בע`מ,,,יח,0.47,ל 100 גרם,false,1,5.90,12.55,false,1,
7290112359384,false,עלית - קפה נמס אלפחורס ריבת חלב 100 גרם,שטראוס קפה בי.וי,,,יח,1,ל 100 גרם,false,1,14.90,14.90,true,1,
7290112359902,false,"קפה פלטינום ברזיל עלית, 47 גרם",שטראוס גרופ בע`מ,,,יח,0.47,ל 100 גרם,false,1,6.90,14.68,false,1,
7290112490032,false,"נמס בכוס טעם תירס קנור 31 גרם מארז זוגי בד""צ",יוניליוור ישראל שיווק בע`מ,,,יח,0.64,ל 100 גרם,false,1,6.50,10.16,true,1,
7290112490117,false,קליק אקסטרא לארג שוקולד חלב עם וופל ואגוזים,יוניליוור ישראל שיווק בע`מ,,,יח,1,ל 100 גרם,false,1,4.90,4.90,false,1,
7290112490209,false,נמס בכוס מרק עגבניות עם קרוטונים רכיבים טבעיים,יוניליוור ישראל שיווק בע`מ,,,יח,0.56,ל 100 גרם,false,1,6.50,11.61,true,1,
7290112490216,false,מרק נמס בכוס בטעם עוף קנור 100% רכיבים טבעיים,יוניליוור ישראל שיווק בע`מ,,,יח,0.48,ל 100 גרם,false,12,6.50,13.54,true,1,
7290112490230,false,מרק נמס בכוס אפונה קנור 100% רכיבים טבעיים,יוניליוור ישראל שיווק בע`מ,,,יח,0.64,ל 100 גרם,false,1,6.50,10.16,true,1,
7290112490582,false,חרדל דיג'וןן צרפתי הלמנס 350 גר,יוניליוור ישראל שיווק בע`מ,,,יח,0.54,ל 100 גרם,false,1,11.90,22.04,false,1,
7290112490650,false,קונפיטורה תות שדה 340 גרם-צנצנת,יוניליוור ישראל שיווק בע`מ,,,יח,3.40,ל 100 גרם,false,1,12.90,3.79,false,1,
7290112490698,false,קונפיטורה תות שדה לייט 300 גרם-צנצנת,יוניליוור ישראל שיווק בע`מ,,,יח,0.90,ל 100 גרם,false,1,12.90,14.33,false,1,
7290112490735,false,מרק עשיר עגבניות עם פסטה ר.טבעיים 105 גרם קנור,יוניליוור ישראל שיווק בע`מ,,,יח,10,ל 100 גרם,false,1,11.90,1.19,false,1,
7290112490742,false,מרק עשיר פטריות עם גריסים רכיבים טבעיים 104 ג' קנור,יוניליוור ישראל שיווק בע`מ,,,יח,10,ל 100 גרם,false,1,11.90,1.19,false,1,
7290112490759,false,מרק עשיר עוף עם אטריות רכיבים טבעיים 74 ג' קנור,יוניליוור ישראל שיווק בע`מ,,,יח,10,ל 100 גרם,false,1,11.90,1.19,false,1,
7290112490827,false,תרסיס ריחני למייבש הכביסה בדין בייבי 500,יוניליוור ישראל שיווק בע`מ,,,יח,5,"ל 100 מ""ל",false,1,14.90,2.98,false,1,
7290112491558,false,שישיית שוקולד מריר פרווה ורד הגליל 100 גרם ליח' כשלפ,יוניליוור ישראל שיווק בע`מ,,,יח,1,,false,1,17.90,17.90,false,1,
7290112491701,false,ברנפלקס בטעם וניל מעודן 20% חלבון Extra Protein,יוניליוור ישראל שיווק בע`מ,,,יח,3.75,ל 100 גרם,false,1,19.90,5.31,false,1,
7290112491770,false,בייגלה דקים דקים מלח ים בייגל בייגל 300 גרם.,יוניליוור ישראל שיווק בע`מ,,,יח,3,ל 100 גרם,false,1,9.90,3.30,true,1,
7290112491787,false,בייגלה דקים דקים עם שומשום בייגל בייגל 300 גרם,יוניליוור ישראל שיווק בע`מ,,,יח,3,ל 100 גרם,false,1,9.90,3.30,true,1,
7290112491794,false,בייגלה דקים דקים בטעם שמנת ובצל בייגל בייגל 300 גרם,יוניליוור ישראל שיווק בע`מ,,,יח,3,ל 100 גרם,false,1,9.90,3.30,true,1,
7290112492456,false,"שמפו פינוק לשיער יבש/פגום 700 מ""ל",יוניליוור ישראל שיווק בע`מ,,,יח,7,"ל 100 מ""ל",false,1,11.90,1.70,false,1,
7290112492463,false,"שמפו ומרכך 2 ב-1 לשיער רגיל פינוק 700 מ""ל.",יוניליוור ישראל שיווק בע`מ,,,יח,7,"ל 100 מ""ל",false,1,11.90,1.70,false,1,
7290112492470,false,"שמפו ומרכך 2 ב-1 לשיער יבש פינוק 700 מ""ל.",יוניליוור ישראל שיווק בע`מ,,,יח,7,"ל 100 מ""ל",false,1,11.90,1.70,false,1,
7290112492487,false,פינוק שמפו לשיער עם שמן מרוקאי 700 מל,יוניליוור ישראל שיווק בע`מ,,,יח,7,"ל 100 מ""ל",false,1,11.90,1.70,false,1,
7290112492500,false,פינוק שמפו לשיער עם שמן קוקוס 700 מל,יוניליוור ישראל שיווק בע`מ,,,יח,7,"ל 100 מ""ל",false,1,11.90,1.70,false,1,
7290112492531,false,"פינוק קונדישנר לשיער רגיל 700מ""ל",יוניליוור ישראל שיווק בע`מ,,,יח,7,"ל 100 מ""ל",false,1,11.90,1.70,false,1,
7290112492548,false,"מרכך פינוק עם שמן חוחובה 700 מ""ל",יוניליוור ישראל שיווק בע`מ,,,יח,7,"ל 100 מ""ל",false,1,11.90,1.70,false,1,
7290112492579,false,פינוק מרכך בתוספת שמן קוקוס 700 מל-חדש,יוניליוור ישראל שיווק בע`מ,,,יח,7,"ל 100 מ""ל",false,1,11.90,1.70,false,1,
7290112492593,false,תחליב רחצה פינוק בניחוח פינוק קלאסי 700,יוניליוור ישראל שיווק בע`מ,,,יח,7,"ל 100 מ""ל",false,1,10.90,1.56,false,1,
7290112492609,false,"תחליב רחצה פינוק 700 מ""ל לבנדר ווניל",יוניליוור ישראל שיווק בע`מ,,,יח,7,"ל 100 מ""ל",false,1,10.90,1.56,false,1,
7290112492630,false,"שמפו ג'ל רחצה וסבון פנים 3 ב-1 לגבר פינוק 700 מ""ל",יוניליוור ישראל שיווק בע`מ,,,יח,7,"ל 100 מ""ל",false,1,11.90,1.70,false,1,
7290112492647,false,"פינוק לגבר 3 ב1 שמפו ג'ל רחצה וסבון פנים 700 מ""ל",יוניליוור ישראל שיווק בע`מ,,,יח,7,"ל 100 מ""ל",false,1,11.90,1.70,false,1,
7290112492678,false,פינוק שמפו לשיער רגיל אריזת נסיעות 100 מ,"יוניליוור ישראלשיווק בע""מ",,,יח,1,ל 100 גרם,false,1,4.90,4.90,false,1,
7290112492715,false,"פינוק שמפו ללא דמעות לסירוק קל לילדים 700 מ""ל",יוניליוור ישראל שיווק בע`מ,,,יח,7,"ל 100 מ""ל",false,1,11.90,1.70,false,1,
7290112492746,false,"פינוק מרכך ללא דמעות לסירוק קל לילדים 700 מ""ל",יוניליוור ישראל שיווק בע`מ,,,יח,7,"ל 100 מ""ל",false,1,11.90,1.70,false,1,
7290112492753,false,"פינוק לילדים אל סבון לרחצה 700 מ""ל",יוניליוור ישראל שיווק בע`מ,,,יח,7,"ל 100 מ""ל",false,1,11.90,1.70,false,1,
7290112492821,false,"מטליות לחות לניקוי כללי בניחוח מאסק ""סיף""","יוניליוור ישראלשיווק בע""מ",,,יח,1,יח,false,1,9.90,9.90,false,1,
7290112492982,false,"אבקת מרק פטריות כשל""פ 100% רכיבים טבעיים 400 גרם",יוניליוור ישראל שיווק בע`מ,,,יח,4,ל 100 גרם,false,1,19.90,4.98,false,1,
7290112492999,false,קנור מרק עוף אמיתי 400 גרם פרווה,יוניליוור ישראל שיווק בע`מ,,,יח,4,ל 100 גרם,false,1,13.90,3.48,false,1,
7290112493088,false,נמס בכוס עדשים מרק רכיבים טבעיים קנור 54 ג',יוניליוור ישראל שיווק בע`מ,,,יח,0.64,ל 100 גרם,false,1,6.50,10.16,true,1,
7290112493095,false,נמס בכוס מרק עגבניות חריף רכיבים טבעיים קנור 48 ג',יוניליוור ישראל שיווק בע`מ,,,יח,0.64,ל 100 גרם,false,1,6.50,10.16,true,1,
7290112493293,false,קנור - נמס ירקות וקרוטונים ר.טבעי 44 גרם,יוניליוור ישראל שיווק בע`מ,,,יח,0.44,ל 100 גרם,false,12,6.50,14.77,true,1,
7290112493927,false,גלידה בטעם ריבת חלב 1.33ל' קרמיסימו,"גלידת שטראוס בע""\מ, רחוב",,,יח,1.33,לליטר,false,1,18.90,14.21,false,1,
7290112493934,false,קרמיסימו מעדן קפוא טעם וניל צרפתי,"גלידת שטראוס בע""\מ, רחוב",,,יח,1.33,לליטר,false,1,18.90,14.21,false,1,
7290112493965,false,קרמיסימו חלבית בטעם מסטיק וניל 665 גר,"גלידת שטראוס בע""\מ, רחוב",,,יח,1.33,לליטר,false,1,18.90,14.21,false,1,
7290112494016,false,"מיונז אמיתי מופחת שומן תלמה 500 גרם בד""צ",יוניליוור ישראל שיווק בע`מ,,,יח,5,ל 100 גרם,false,1,9.90,1.98,false,1,
7290112494153,false,תיבוליות ניחוח צלי קנור( 72 גרם),יוניליוור ישראל שיווק בע`מ,,,יח,0.72,ל 100 גרם,false,1,7.90,10.97,false,1,
7290112494221,false,חטיף ביסקויט שוקולד חלב קליק (65 גרם),יוניליוור ישראל שיווק בע`מ,,,יח,0.65,ל 100 גרם,false,1,4.90,7.54,false,1,
7290112494238,false,חטיף כדורים שוקולד חלב קליק (65 גרם),יוניליוור ישראל שיווק בע`מ,,,יח,0.65,ל 100 גרם,false,1,4.90,7.54,false,1,
7290112494276,false,קליק כריות בתפזורת כשר לפסח,יוניליוור ישראל שיווק בע`מ,,,יח,0.65,ל 100 גרם,false,1,4.90,7.54,false,1,
7290112494283,false,חטיף כדורים מעורב חום לבו 65 גר`קליק,יוניליוור ישראל שיווק בע`מ,,,יח,0.65,ל 100 גרם,false,1,4.90,7.54,false,1,
7290112494313,false,קליק - קורנפלקס תפזורת 65 גרם,יוניליוור ישראל שיווק בע`מ,,,יח,0.65,ל 100 גרם,false,1,4.90,7.54,false,1,
7290112494351,false,קורנפלקס של אלופים תלמה (850 גרם).בדצ,יוניליוור ישראל שיווק בע`מ,,,יח,8.50,ל 100 גרם,false,1,16.90,1.99,false,1,
7290112494382,false,פירה בטעם ביתי 260 גרם-קופסא,יוניליוור ישראל שיווק בע`מ,,,יח,2.60,ל 100 גרם,false,1,13.90,5.35,true,1,
7290112494825,false,תרחיץ פנים לעור רגיש מכיל 25% קרם לחות,יוניליוור ישראל שיווק בע`מ,,,יח,1.80,"ל 100 מ""ל",false,1,14.90,8.28,false,1,
7290112495006,false,כריות דגנים במילוי נוגט בדצ 686 גרם,יוניליוור ישראל שיווק בע`מ,,,יח,6.86,ל 100 גרם,false,10,24.90,3.63,false,1,
7290112495020,false,כריות צוקולדה בדצ מאוחד 750 גר,יוניליוור ישראל שיווק בע`מ,,,יח,6.86,ל 100 גרם,false,1,23.90,3.48,false,1,
7290112495037,false,דגני בוקר בטעם שוקולד כדורים 375 ג' קוקומן,יוניליוור ישראל שיווק בע`מ,,,יח,3.75,ל 100 גרם,false,1,19.90,5.31,true,1,
7290112495044,false,דגני קוקומן פצפוצים תלמה (375 גרם),יוניליוור ישראל שיווק בע`מ,,,יח,3.75,ל 100 גרם,false,1,19.90,5.31,true,1,
7290112495105,false,נשנושים טעם שמנת בצל בייגל בייגל 260 גרם,יוניליוור ישראל שיווק בע`מ,,,יח,2.60,ל 100 גרם,false,1,11.90,4.58,false,1,
7290112495112,false,נשנושים טעם זעתר בייגל בייגל 260 גרם,יוניליוור ישראל שיווק בע`מ,,,יח,2.60,ל 100 גרם,false,12,11.90,4.58,false,1,
7290112495143,false,נשנושי קרקר קוקטייל מלוח בייגל בייגל 300 גרם,יוניליוור ישראל שיווק בע`מ,,,יח,3,ל 100 גרם,false,12,11.90,3.97,false,1,
7290112495150,false,נשנושי קרקר עיגולים מלח בייגל בייגל 300 גרם,יוניליוור ישראל שיווק בע`מ,,,יח,3,ל 100 גרם,false,1,11.90,3.97,false,1,
7290112495167,false,נשנושי קרקר משולשי שומשום בייגל בייגל 300 גרם,יוניליוור ישראל שיווק בע`מ,,,יח,3,ל 100 גרם,false,1,11.90,3.97,false,1,
7290112495228,false,קורנפלקס נגיעות דבש תלמה 448 גרם,יוניליוור ישראל שיווק בע`מ,,,יח,4.45,ל 100 גרם,false,1,17.90,4.02,false,1,
7290112495280,false,ברנפלקס ריבועי קינמון תלמה (400 גרם),יוניליוור ישראל שיווק בע`מ,,,יח,1,,false,1,19.90,19.90,false,1,
7290112495556,false,מארז שלישיית חטיפי קליק ממולא בנוגט,יוניליוור ישראל שיווק בע`מ,,,יח,105,ל 100 גרם,false,1,9.90,0.09,false,1,
7290112495662,false,קרקר חיטה מלאה ופשתן בייגל בייגל 300 גרם,יוניליוור ישראל שיווק בע`מ,,,יח,1.20,ל 100 גרם,false,1,8.90,7.42,false,1,
7290112495686,false,"קרקר שומשום בייגל בייגל 220 גרם בד""צ",יוניליוור ישראל שיווק בע`מ,,,יח,1.20,ל 100 גרם,false,1,8.90,7.42,false,1,
7290112495747,false,רוטב צ''ילי מתוק כ 70% פחות סוכר 340 ג' קנור,יוניליוור ישראל שיווק בע`מ,,,יח,3.40,"ל 100 מ""ל",false,1,9.90,2.91,false,1,
7290112495754,false,רוטב לסלט אלף האיים הלמנס (305 מל),יוניליוור ישראל שיווק בע`מ,,,יח,3.05,ל 100 גרם,false,1,9.90,3.25,false,1,
7290112495761,false,רוטב לסלט אלף האיים לייט הלמנס (305 מל),יוניליוור ישראל שיווק בע`מ,,,יח,3.05,ל 100 גרם,false,1,9.90,3.25,false,1,
7290112495785,false,רוטב לסלט שום (300 גרם)הלמנס,יוניליוור ישראל שיווק בע`מ,,,יח,3,ל 100 גרם,false,1,9.90,3.30,false,1,
7290112495792,false,רוטב הלמנס שום לייט לסלט 305גר כשלפ,יוניליוור ישראל שיווק בע`מ,,,יח,3.05,ל 100 גרם,false,1,9.90,3.25,false,1,
7290112495808,false,רוטב לסלט חרדל ודבש הלמנס (305 מל),יוניליוור ישראל שיווק בע`מ,,,יח,3.05,ל 100 גרם,false,1,9.90,3.25,false,1,
7290112495815,false,רוטב לסלט חרדל ודבש לייט (305 גרם)הלמנס,יוניליוור ישראל שיווק בע`מ,,,יח,2.10,"ל 100 מ""ל",false,1,9.90,4.71,false,1,
7290112495938,false,"קרקר 6 דגנים בייגל בייגל 250 גרם בד""צ",יוניליוור ישראל שיווק בע`מ,,,יח,2.50,ל 100 גרם,false,1,7.50,3,false,1,
7290112495976,false,פריכיות אורז מצופות שוקולד חלב מעולה פתי,יוניליוור ישראל שיווק בע`מ,,,יח,1,"ל 100 מ""ל",false,1,4.90,4.90,false,1,
7290112495983,false,פרכיות פתיתבציפוי שוקולד חלב ושבבי קרמל מלוח 39 גר',יוניליוור ישראל שיווק בע`מ,,,יח,1,"ל 100 מ""ל",false,1,4.90,4.90,false,1,
7290112496027,false,"סירופ שוקולד לחיץ 580 מ""ל כשל""פ אפיכל",יוניליוור ישראל שיווק בע`מ,,,יח,5.80,"ל 100 מ""ל",false,1,11.90,2.05,false,1,
7290112496034,false,"סירופ מייפל לחיץ 580 מ""ל כשל""פ אפיכל",יוניליוור ישראל שיווק בע`מ,,,יח,5.80,"ל 100 מ""ל",false,1,11.90,2.05,false,1,
7290112496218,false,קנור רוטב טריאקי הפחתה של מעל 50% סוכר ונתרן 310 ג',יוניליוור ישראל שיווק בע`מ,,,יח,3.40,ל 100 גרם,false,1,9.90,2.91,false,1,
7290112496287,false,פתית - צ'יפס בטטה בטעם טבעי 21 גרם,יוניליוור ישראל שיווק בע`מ,,,יח,0.21,ל 100 גרם,false,1,4.90,23.33,false,1,
7290112496294,false,חטיף פתית צ'יפס עם אפונה ירוקה צהובה וצ'ילי,יוניליוור ישראל שיווק בע`מ,,,יח,0.21,ל 100 גרם,false,1,4.90,23.33,false,1,
7290112496331,false,קורנפלקס בננה תלמה אלופים 448 גרם,"יוניליוור ישראל שיווק בע""מ",,,יח,4.45,ל 100 גרם,false,1,19.90,4.47,false,1,
7290112496430,false,קנור נמס בכוס אקסטרה עגבניות+איטריות 37 גרם - רבנות,יוניליוור ישראל שיווק בע`מ,,,יח,0.35,ל 100 גרם,false,1,3.90,11.14,false,1,
7290112497000,false,פנטסטיק תרכיז ניקוי רב תכליתי בניחוח לימון,יוניליוור ישראל שיווק בע`מ,,,יח,10,"ל 100 מ""ל",false,1,9.90,0.99,false,1,
7290112497123,false,סחלב תערובת להכנת מעדן בטעם סחלב 112גרם,יוניליוור ישראל שיווק בע`מ,,,יח,1.12,ל 100 גרם,false,6,9.90,8.84,false,1,
7290112497499,false,קליק אקסטרא לארג שוקולד לבן עוגיות 85 גרם,יוניליוור ישראל שיווק בע`מ,,,יח,1,ל 100 גרם,false,1,4.90,4.90,false,1,
7290112497710,false,פינוק בייבי שמפו אל דמע לתינוקות 700 מל,יוניליוור ישראל שיווק בע`מ,,,יח,9,"ל 100 מ""ל",false,1,18.90,2.10,false,1,
7290112497727,false,פינוק בייבי אל סבון אל דמע לתינוקות 700,יוניליוור ישראל שיווק בע`מ,,,יח,9,"ל 100 מ""ל",false,1,18.90,2.10,false,1,
7290112497864,false,אבקת מרק בטעם עוף רכיבים טבעיים 33% פחות נתרן 400 גרם,יוניליוור ישראל שיווק בע`מ,,,יח,4,ל 100 גרם,false,1,19.90,4.98,false,1,
7290112497932,false,נשנושים חטיף בטעם שמנת בצל באריזה אישית 60 ג',יוניליוור ישראל שיווק בע`מ,,,יח,0.60,ל 100 גרם,false,30,3.90,6.50,false,1,
7290112497994,false,"גרנולה תלמה פרוטאין בתוספת חלבון ואגוזים, 300 גרם",יוניליוור ישראל שיווק בע`מ,,,יח,3,ל 100 גרם,false,1,17.90,5.97,true,1,
7290112498052,false,מארז פתית צ`יפס בטטה בטעם טבעי 84 ג`,יוניליוור ישראל שיווק בע`מ,,,יח,0.84,ל 100 גרם,false,1,13.90,16.55,false,1,
7290112498069,false,#קוקומן ללא גלוטן כשלפ 375ג - חדש,יוניליוור ישראל שיווק בע`מ,,,יח,375,ל 100 גרם,false,12,19.90,0.05,true,1,
7290112498267,false,פינוק אל סבון לידיים בניחוח פינוק קלאסי,יוניליוור ישראל שיווק בע`מ,,,יח,0.95,ל 100 גרם,false,1,11.90,12.53,false,1,
7290112498274,false,פינוק אלסבון לידיים לבנדר וניל 1ליטר+משא,יוניליוור ישראל שיווק בע`מ,,,יח,9.10,ל 100 גרם,false,1,11.90,1.31,false,1,
7290112498441,false,"קנור רוטב אסיאתי למוקפץ 300 מ""ל בד""ץ",יוניליוור ישראל שיווק בע`מ,,,יח,3.70,ל 100 גרם,false,1,9.90,2.68,false,1,
7290112498748,false,מאגדת מיני סולרו וניל תות שדה 350 גר`,"מיוצר ע""\י גלידת שטראוס",,,יח,3.54,ל 100 גרם,false,1,22.90,6.47,false,1,
7290112498885,false,מאגדת גודי'ז תותים ושוקולד לבן 235 גרם,"גלידת שטראוס בע""\מ, רח'\",,,יח,2.40,"ל 100 מ""ל",false,1,27.90,11.63,false,1,
7290112498915,false,מאגדת מיני מגנום שקדים מובחר שטראוס 250 גרם,"מיוצר ע""\י גלידת שטראוס",,,יח,2.50,ל 100 גרם,false,1,26.90,10.76,false,1,
7290112498922,false,מאגדת מיני מגנום לבן שטראוס 250 גרם,"מיוצר ע""\י גלידת שטראוס",,,יח,2.50,ל 100 גרם,false,1,26.90,10.76,false,1,
7290112499097,false,מאגדת מיני מגנום מריר Intense Dark! 240 גרם,"מיוצר ע""\י גלידת שטראוס",,,יח,2.50,ל 100 גרם,false,1,26.90,10.76,false,1,
7290112499127,false,שלגון גלידה שוקולד לבן ותות 77 גרם,"מיוצר ע""\י גלידת שטראוס",,,יח,0.77,ל 100 גרם,false,1,9.90,12.86,true,1,
7290112499196,false,גלידה בטעם החלב של הקורנפלקס 1.33 ל' קרמיסימו,"גלידת שטראוס בע""\מ, רחוב",,,יח,1.33,לליטר,false,1,18.90,14.21,false,1,
7290112499226,false,גלידונית פיסטוק ובננהבקלקר 60 יח 700 גרם,"גלידת שטראוס בע""\מ, רחוב",,,יח,6.30,ל 100 גרם,false,1,44.90,7.13,false,1,
7290112499257,false,שלגון שוקובו שטראוס,שטראוס גרופ גלידות,,,יח,0.85,ל 100 גרם,false,1,8.50,10,true,1,
7290112499448,false,"מרכך פינוק בתוספת שמן מרוקאי 700 מ""ל",יוניליוור ישראל שיווק בע`מ,,,יח,7,"ל 100 מ""ל",false,1,11.90,1.70,false,1,
7290112499455,false,פינוק תחליב רחצה 700 בתוספת שמן מרוקאי,יוניליוור ישראל שיווק בע`מ,,,יח,7,"ל 100 מ""ל",false,1,10.90,1.56,false,1,
7290112499462,false,פינוק תחליב רחצה 700 בתוספת שמן קוקוס,יוניליוור ישראל שיווק בע`מ,,,יח,7,"ל 100 מ""ל",false,1,10.90,1.56,false,1,
7290112499479,false,"פינוק - שמפו בתוספת קרטין 700 מ""ל",יוניליוור ישראל שיווק בע`מ,,,יח,7,"ל 100 מ""ל",false,1,11.90,1.70,false,1,
7290112499493,false,"רקסונה - דאודורנט ספריי לאישה אלוורה 150 מ""ל","יוניליוור ישראלשיווק בע""מ",,,יח,1.50,"ל 100 מ""ל",false,6,14.90,9.93,true,1,
7290112499509,false,"רקסונה - דאודורנט ספריי לאישה בניחוח אפרסק ולמון גראס 150 מ""ל","יוניליוור ישראל שיווק בע""מ",,,יח,1.50,"ל 100 מ""ל",false,6,14.90,9.93,true,1,
7290112499639,false,טילון סופר מגנום וניל צ'יפ שוקולד 110 גרם,"מיוצר ע""\י גלידת שטראוס",,,יח,1,,false,1,9.90,9.90,true,1,
7290112499646,false,"מעדן קפוא בטעם וניל עם וופל 108 גרם ""קורנטו""","מיוצר ע""\י גלידת שטראוס",,,יח,1,,false,1,9.90,9.90,true,1,
7290112499677,false,מגנום וניל בציפוי שוקולד לבן,"מיוצר ע""\י גלידת שטראוס",,,יח,0.85,ל 100 גרם,false,1,9.90,11.65,true,1,
7290112499837,false,מגנום דואט שוקו לד עם נוגט שטראוס,"מיוצר ע""\י גלידת שטראוס",,,יח,9,ל 100 גרם,false,1,9.90,1.10,true,1,
7290112499844,false,מאגדת מיני מגנום דואט שוקולד עם נוגט שטראוס 310 גרם,"מיוצר ע""\י גלידת שטראוס",,,יח,3.10,ל 100 גרם,false,1,26.90,8.68,false,1,
7290112499929,false,מגנום שוקולד אימפלס פסח 120מל,"מיוצר ע""\י גלידת שטראוס",,,יח,1,,false,1,9.90,9.90,true,1,
7290112499936,false,מגנום שקדים אימפלס פסח 125מל,"מיוצר ע""\י גלידת שטראוס",,,יח,1,,false,1,9.90,9.90,true,1,
7290112499943,false,מיני מאגדת מיני מגנום טעמים שונים וניל+שוקו,"מיוצר ע""\י גלידת שטראוס",,,יח,2.50,ל 100 גרם,false,1,26.90,10.76,false,1,
7290112635921,false,כסא קלאב 2 -לבן401,אוהב ציון בעמ,,,יח,1,,false,1,35.90,35.90,true,1,
7290112961372,false,פיטנס חטיפי פריכיות דקות קינמון 60 גרם,קבוצת אוסם סחר שותפות מוגבלת,,,יח,0.60,ל 100 גרם,false,1,8.90,14.83,true,1,
7290112961440,false,פיטנס חטיפי פריכיות שוקולד מריר 84 גרם,קבוצת אוסם סחר שותפות מוגבלת,,,יח,0.84,יח,false,1,14.50,17.26,true,1,
7290112961464,false,פיטנס חטיפי פריכיות דגנים וחומוס מתובלות,קבוצת אוסם סחר שותפות מוגבלת,,,יח,0.60,ל 100 גרם,false,1,8.90,14.83,true,1,
7290112962287,false,טבעול שווארמה טבעונית 6*450 גרם,קבוצת אוסם סחר שותפות מוגבלת,,,יח,4.50,ל 100 גרם,false,1,29.90,6.64,true,1,
7290112963918,false,פיטנס חטיפי קרקר דק רוזמרין 140 גרם,קבוצת אוסם סחר שותפות מוגבלת,,,יח,1.40,ל 100 גרם,false,1,11.90,8.50,true,1,
7290112964410,false,אסם רוטב אלף האיים חדש לסלט 290 גרם,קבוצת אוסם סחר שותפות מוגבלת,,,יח,2.90,"ל 100 מ""ל",false,1,10.90,3.76,true,1,
7290112964434,false,אסם רוטב קיסר חדש לסלט 295 גרם,קבוצת אוסם סחר שותפות מוגבלת,,,יח,2.90,"ל 100 מ""ל",false,1,10.90,3.76,true,1,
7290112964472,false,אסם רוטב שום חדש לסלט 290 גרם,קבוצת אוסם סחר שותפות מוגבלת,,,יח,2.90,"ל 100 מ""ל",false,1,10.90,3.76,true,1,
7290112964601,false,רוטב בנוסח סצ'ואן הסדרה האסייתית,קבוצת אוסם סחר שותפות מוגבלת,,,יח,2.90,"ל 100 מ""ל",false,1,12.90,4.45,true,1,
7290112964724,false,המבורגר צמחוני עם המון חלבון 580 גר,קבוצת אוסם סחר שותפות מוגבלת,,,יח,5.80,ל 100 גרם,false,1,29.90,5.16,true,1,
7290112965103,false,תבשיל קוסקוס עם ירקות אסם 146 גרם,קבוצת אוסם סחר שותפות מוגבלת,,,יח,1.40,ל 100 גרם,false,1,10.90,7.79,false,1,
7290112965141,false,תבשיל פתיתים אפויים עם ירקות 130 גרם,קבוצת אוסם סחר שותפות מוגבלת,,,יח,1.30,ל 100 גרם,false,1,10.90,8.38,false,1,
7290112965240,false,מרק נמס בטעם עגבניות זוג * 44 ג' אסם,קבוצת אוסם סחר שותפות מוגבלת,,,יח,1.20,ל 100 גרם,false,1,5.50,4.58,false,1,
7290112965264,false,אבקת מרק נמס אפונה אסם בדצ 52 גרם מארז זוגי,קבוצת אוסם סחר שותפות מוגבלת,,,יח,0.52,ל 100 גרם,false,1,5.50,10.58,false,1,
7290112965288,false,מרק נמס ירקות אסם בדצ 56 גרם מארז זוגי,קבוצת אוסם סחר שותפות מוגבלת,,,יח,0.52,ל 100 גרם,false,1,5.50,10.58,false,1,
7290112965585,false,פרפקטו פסטה קסרצה אסם 500 גרם,קבוצת אוסם סחר שותפות מוגבלת,,,יח,5,ל 100 גרם,false,1,6.90,1.38,false,1,
7290112965660,false,פיטנס - חטיף מולטיגריין מלח פלפל 25 גרם,קבוצת אוסם סחר שותפות מוגבלת,,,יח,0.25,ל 100 גרם,false,1,4.90,19.60,true,1,
7290112965684,false,פיטנס - חטיף מולטיגריין עשבי תיבול 25 גרם,קבוצת אוסם סחר שותפות מוגבלת,,,יח,0.25,ל 100 גרם,false,1,4.90,19.60,true,1,
7290112965745,false,אוסם - ביסלי פריסטייל בצל מעושן 60 גרם,קבוצת אוסם סחר שותפות מוגבלת,,,יח,0.60,ל 100 גרם,false,1,3.90,6.50,true,1,
7290112965783,false,אוסם - ביסלי פריסטייל על האש 60 גרם,קבוצת אוסם סחר שותפות מוגבלת,,,יח,0.60,ל 100 גרם,false,1,3.90,6.50,true,1,
7290112965967,false,נאגטס ירקות כתומים ( 500 גר`) טבעול,קבוצת אוסם סחר שותפות מוגבלת,,,יח,0.5640,ל 100 גרם,false,1,29.90,53.01,true,1,
7290112966094,false,עוגת הבית בטעם תפוז מופחת סוכראסם (400 ג,קבוצת אוסם סחר שותפות מוגבלת,,,יח,4,ל 100 גרם,false,1,11.90,2.98,false,1,
7290112966803,false,אינסטנט פודינג בטעם שוקולד אסם (88 גרם),קבוצת אוסם סחר שותפות מוגבלת,,,יח,0.80,ל 100 גרם,false,1,5.10,6.38,true,1,
7290112967114,false,פיטנס חטיפי פריכיות קטניות ופלפל 60 גרם,קבוצת אוסם סחר שותפות מוגבלת,,,יח,0.60,ל 100 גרם,false,1,8.90,14.83,true,1,
7290112967138,false,בייגלה שמיניות ללא גלוטן אסם 250 גרם,קבוצת אוסם סחר שותפות מוגבלת,,,יח,2.50,ל 100 גרם,false,1,9.90,3.96,false,1,
7290112967299,false,אסם מרק ירקות ייעודי,קבוצת אוסם סחר שותפות מוגבלת,,,יח,0.52,ל 100 גרם,false,1,4.80,9.23,false,1,
7290112967381,false,פיטנס חטיפי פריכיות קטניות ומלח ים 60 גרם,קבוצת אוסם סחר שותפות מוגבלת,,,יח,0.60,ל 100 גרם,false,1,8.90,14.83,true,1,
7290112967572,false,"אסם רוטב ברביקיו 290 מ""ל אסם",קבוצת אוסם סחר שותפות מוגבלת,,,יח,2.90,ל 100 גרם,false,1,9.90,3.41,true,1,
7290112968203,false,צבר סלט טחינה בלאדי 6*250גרם,קבוצת אוסם סחר שותפות מוגבלת,,,יח,2.50,ל 100 גרם,false,1,11.90,4.76,false,1,
7290112968340,false,צבר חומוס סמיר הגדול 400 גר`,קבוצת אוסם סחר שותפות מוגבלת,,,יח,4,ל 100 גרם,false,1,12.90,3.23,true,1,
7290112968449,false,סלט טחינה כרוב אדום 250 גרם,קבוצת אוסם סחר שותפות מוגבלת,,,יח,2.50,ל 100 גרם,false,1,11.90,4.76,false,1,
7290112968708,false,"שניצל תירס עדה חרדית טבעול 1.3 ק""ג",קבוצת אוסם סחר שותפות מוגבלת,,,יח,1.30,ל 100 גרם,false,1,44.90,34.54,true,1,
7290112968722,false,טבעול נקניקיות מן הצומח עדה חרדית 1.2קג,קבוצת אוסם סחר שותפות מוגבלת,,,יח,1.20,ל 100 גרם,false,1,39.90,33.25,false,1,
7290112968807,false,80018416694פיטנס חטיפי קרקר דק סלק 150גר,קבוצת אוסם סחר שותפות מוגבלת,,,יח,1.50,ל 100 גרם,false,1,11.90,7.93,true,1,
7290112968821,false,חטיפי קרקר דק בטטה 140 גר` פיטנס,קבוצת אוסם סחר שותפות מוגבלת,,,יח,1.50,ל 100 גרם,false,1,11.90,7.93,true,1,
7290113192331,false,זיתים ירוקים מנזנילו 340 גר' בית השיטה,קבוצת אוסם סחר שותפות מוגבלת,,,יח,3.40,ל 100 גרם,false,1,9.90,2.91,false,1,
7290113192355,false,חרוזית זיתים ירוקים ללא גלעין 275 ג' בית השיטה,קבוצת אוסם סחר שותפות מוגבלת,,,יח,2.75,ל 100 גרם,false,1,9.90,3.60,true,1,
7290113192362,false,זיתים ירוקים טבעות A2 בית השיטה 280 גרם,קבוצת אוסם סחר שותפות מוגבלת,,,יח,5.60,ל 100 גרם,false,1,9.90,1.77,false,1,
7290113192386,false,בית השיטה זיתים ירוקים סורי מבוקע 340גרם,קבוצת אוסם סחר שותפות מוגבלת,,,יח,3.40,ל 100 גרם,false,1,10.90,3.21,false,1,
7290113192393,false,בית השיטה קוקטייל זיתים א2 336 גרם,קבוצת אוסם סחר שותפות מוגבלת,,,יח,3.36,ל 100 גרם,false,1,11.90,3.54,false,1,
7290113192515,false,בית השיטה מלפפונים במלח קטן מאוד 1825 320 גרם,קבוצת אוסם סחר שותפות מוגבלת,,,יח,3.20,ל 100 גרם,false,1,10.90,3.41,false,1,
7290113192522,false,בית השיטה מלפפונים בחומץ קטן מאוד 1825 290 גרם,קבוצת אוסם סחר שותפות מוגבלת,,,יח,2.90,ל 100 גרם,false,1,10.90,3.76,false,1,
7290113192539,false,בית השיטה מלפפונים במלח גדול 79 320 גרם,קבוצת אוסם סחר שותפות מוגבלת,,,יח,3.20,ל 100 גרם,false,1,5.90,1.84,false,1,
7290113192546,false,"מלפפונים בחומץ רכיבים טבעיים 7-9 ""בית השיטה""",קבוצת אוסם סחר שותפות מוגבלת,,,יח,5.60,ל 100 גרם,false,1,6.30,1.13,false,1,
7290113192560,false,פלפל חריף כבוש שיפקה בית השיטה (430 גר`),קבוצת אוסם סחר שותפות מוגבלת,,,יח,2.30,ל 100 גרם,false,1,6.90,3,true,1,
7290113192997,false,בית השיטה חזית מרוקאי 340 גר`,קבוצת אוסם סחר שותפות מוגבלת,,,יח,3.40,ל 100 גרם,false,1,12.90,3.79,false,1,
7290113193000,false,בית השיטה פלפל שיפקונית 230 גרם*,קבוצת אוסם סחר שותפות מוגבלת,,,יח,2.30,ל 100 גרם,false,1,9.90,4.30,false,1,
7290113193321,false,שמן זית כתית מעולה בית השיטה 750 מייל,קבוצת אוסם סחר שותפות מוגבלת,,,יח,7.50,ל 100 גרם,false,1,33.90,4.52,false,1,
7290113193369,false,"תרסיס שמן קנולה מזוכך בית השיטה 150מ""ל",קבוצת אוסם סחר שותפות מוגבלת,,,יח,1.48,"ל 100 מ""ל",false,1,13.90,9.39,false,1,
7290113193888,false,חצילים מוחמצים בית השיטה 320 גרם,קבוצת אוסם סחר שותפות מוגבלת,,,יח,2.30,ל 100 גרם,false,1,12.90,5.61,true,1,
7290113194090,false,בית השיטה טבעות זיתים קלמטה 280 גרם,קבוצת אוסם סחר שותפות מוגבלת,,,יח,2.80,ל 100 גרם,false,1,14.90,5.32,false,1,
7290113194649,false,מלפפונים במלח קוביות בית השיטה 320 גרם,קבוצת אוסם סחר שותפות מוגבלת,,,יח,3.20,ל 100 גרם,false,1,10.90,3.41,false,1,
7290113195042,false,מלפפון במלח כבישה ביתית בית השיטה 750 גרם,קבוצת אוסם סחר שותפות מוגבלת,,,יח,7.50,ל 100 גרם,false,1,33.90,4.52,true,1,
7290113197800,false,פלפל קלוי קלוי 400 גרם בית השיטה,קבוצת אוסם סחר שותפות מוגבלת,,,יח,4,ל 100 גרם,false,1,14.90,3.73,false,1,
7290113197817,false,חציל קלוי 670 גרם בית השיטה,קבוצת אוסם סחר שותפות מוגבלת,,,יח,6.70,ל 100 גרם,false,1,13.90,2.07,false,1,
7290113285095,false,"כפפות לטקס ללא אבקה ""S פרפקט"" כשל""פ*",ח.כהן סוכנות מזון ומשקאות בע,,,יח,100,יח,false,1,21.90,0.22,false,1,
7290113285101,false,"כפפות לטקס ללא אבקה M ""פרפקט"" כשל""פ*",ח.כהן סוכנות מזון ומשקאות בע,,,יח,100,יח,false,1,21.90,0.22,false,1,
7290113285118,false,"כפפות לטקס ללא אבקה L ""פרפקט"" כשל""פ*",ח.כהן סוכנות מזון ומשקאות בע,,,יח,100,יח,false,1,21.90,0.22,false,1,
7290113285125,false,"כפפות לטקס ללא אבקה XL ""פרפקט"" כשל""פ*",ח.כהן סוכנות מזון ומשקאות בע,,,יח,100,יח,false,1,21.90,0.22,false,1,
7290113286559,false,"כפפות ניטריל S שחורות 100 יח' פרפקט כשל""פ עד""ח",ווינפאק סחר בעמ,,,יח,100,יח,false,1,24.90,0.25,false,1,
7290113560055,false,פרודונטקס מי פה טיפול יומי לחניכיים 500,"מאסטרפוד אוסטריה בע""מ",,,יח,5.59,ל 100 גרם,false,1,29.90,5.35,true,1,
7290114290890,false,שולחן מתקפל 1.80,*31760,,,יח,1,,false,1,139,139,false,1,
7290114310215,false,"שמנת מתוקה 38% רמת הגולן 250 מ""ל ווסטהיים - מוצר בפיקוח",החברה המרכזית טלהפצת משקאות בע,,,יח,2.50,"ל 100 מ""ל",false,1,6.47,2.59,false,1,
7290114310222,false,חלב מועשר בסידן וויטמין Dי 3% 1.5 ל' טרה,החברה המרכזית טלהפצת משקאות בע,,,יח,15,"ל 100 מ""ל",false,1,12.50,0.83,false,1,
7290114310239,false,חלב נטול לקטוז מועשר בוויטמין D י 2% 1.5 ל' טרה,החברה המרכזית טלהפצת משקאות בע,,,יח,15,"ל 100 מ""ל",false,1,12.50,0.83,false,1,
7290114310338,false,צפתית מעודנת 5% בגביע 225 גרם משק צוריאל,החברה המרכזית טלהפצת משקאות בע,,,יח,2.25,ל 100 גרם,false,1,18.50,8.22,false,1,
7290114310345,false,מעדן יוגורט בטעם תות 1.5% 125 גרם טרה,החברה המרכזית טלהפצת משקאות בע,,,יח,5,ל 100 גרם,false,1,2.90,0.58,true,1,
7290114310536,false,יוגורט לייט מעושר חלבון 25 גרם חלבון וניל MULLER ACTIVE,החברה המרכזית טלהפצת משקאות בע,,,יח,2.50,"ל 100 מ""ל",false,1,5.90,2.36,true,1,
7290114310550,false,גבינת פטה עיזים מעודנת 5% משק צוריאל 200 גרם,החברה המרכזית טלהפצת משקאות בע,,,יח,2,ל 100 גרם,false,1,26.90,13.45,false,1,
7290114310567,false,לאבנה עיזים 5% 200 גר` צוריאל,החברה המרכזית טלהפצת משקאות בע,,,יח,2,ל 100 גרם,false,1,13.90,6.95,true,1,
7290114310574,false,צוריאל קרם שמנת עיזים מעודנת 5% 200 גר,החברה המרכזית טלהפצת משקאות בע,,,יח,2,ל 100 גרם,false,1,15.90,7.95,true,1,
7290114310611,false,"משקה חלב בננה בבקבוק פקק ספורט טרה 250 מ""ל",החברה המרכזית טלהפצת משקאות בע,,,יח,0.25,"ל 100 מ""ל",false,1,5.90,23.60,true,1,
7290114310628,false,משקה חלב וניל ועוגיות בקבוק 1 ליטר,החברה המרכזית טלהפצת משקאות בע,,,יח,10,"ל 100 מ""ל",false,1,12.90,1.29,true,1,
7290114310673,false,לאבנה מחלב בקר 9% שומן 250 גרם,החברה המרכזית טלהפצת משקאות בע,,,יח,2.50,ל 100 גרם,false,1,13.50,5.40,false,1,
7290114310895,false,"סימפלי פרוט יוגורט עם מנגו תות, שמיניה 8 * 150 גרם",החברה המרכזית טלהפצת משקאות בע,,,יח,1.20,ל 100 גרם,false,1,31.90,26.58,false,1,
7290114311014,false,"משקה חלב אייס קפוצ'ינו פקק ספורט טרה 250 מ""ל",החברה המרכזית טלהפצת משקאות בע,,,יח,0.25,"ל 100 מ""ל",false,1,5.90,23.60,true,1,
7290114311021,false,"משקה חלב וניל עוגיות פקק ספורט טרה 250 מ""ל",החברה המרכזית טלהפצת משקאות בע,,,יח,0.25,"ל 100 מ""ל",false,1,5.90,23.60,true,1,
7290114311038,false,"שמנת מתוקה 32% עמידה בבקבוק טרה 250 מ""ל",החברה המרכזית טלהפצת משקאות בע,,,יח,2.50,"ל 100 מ""ל",false,1,7.50,3,false,1,
7290114311069,false,יוגורט לבן מועשר בחלבון 0% שומן 200 גרם muller active,החברה המרכזית טלהפצת משקאות בע,,,יח,0.25,"ל 100 מ""ל",false,1,5.90,23.60,true,1,
7290114311076,false,"חמאת מולר צהובה עם שום, 200 גרם",החברה המרכזית טלהפצת משקאות בע,,,יח,2,ל 100 גרם,false,1,11.90,5.95,false,1,
7290114311298,false,יוגורט מולר פרופ בטעם תות בננה מלון 150,החברה המרכזית טלהפצת משקאות בע,,,יח,1.50,"ל 100 מ""ל",false,1,4.90,3.27,true,1,
7290114311304,false,יוגורט קציפת מנגו פסיפלורה בננה 150 ג' מולר,החברה המרכזית טלהפצת משקאות בע,,,יח,1.50,"ל 100 מ""ל",false,1,4.90,3.27,true,1,
7290114311328,false,חלב מועשר דל לקטוז מעושר בויטמין Dי 2% שומן טרה 1 ליטר,החברה המרכזית טלהפצת משקאות בע,,,יח,10,ל 100 גרם,false,1,7.90,0.79,false,1,
7290114311359,false,יוגורט עם קציפת מנגו 3% שומן פרופ 150 ג' מולר,החברה המרכזית טלהפצת משקאות בע,,,יח,1.50,"ל 100 מ""ל",false,1,4.90,3.27,true,1,
7290114311434,false,מולר אקטיב יוגורט חלבון קרמל מלוח 200 גרם,החברה המרכזית טלהפצת משקאות בע,,,יח,2,"ל 100 מ""ל",false,1,5.50,2.75,false,1,
7290114311441,false,מולר אקטיב יוגורט חלבון עוגיות חמאה 200 גרם,החברה המרכזית טלהפצת משקאות בע,,,יח,2,"ל 100 מ""ל",false,1,5.50,2.75,false,1,
7290114311458,false,חלב קרטון 3% מועשר ויטמין די 1 ליטר,החברה המרכזית טלהפצת משקאות בע,,,יח,1,לליטר,false,1,7.90,7.90,false,1,
7290114311496,false,קרטון חלב מועשר 1% שומן 1 ליטר טרה,החברה המרכזית טלהפצת משקאות בע,,,יח,1,לליטר,false,1,7.90,7.90,false,1,
7290114600750,false,קו-קווים חטיף אפוי עם גבינת פקורינו - חלבי,הדקלאים אגודת שיתופי,,,יח,1.20,ל 100 גרם,false,1,11.90,9.92,false,1,
7290114600941,false,מאסטר שף מיונז הולנדי לחיץ 435 גרם,ש. שסטוביץ בע`מ,,,יח,4.35,ל 100 גרם,false,1,14.90,3.43,true,1,
7290114602778,false,729חטיף פריי סלייסים ציפס ירקות שורש90גר,ש. שסטוביץ בע`מ,,,יח,0.90,ל 100 גרם,false,1,14.90,16.56,false,1,
7290114602785,false,פרי סלייסים צ'יפס בננה מלוח 90 גרם,פלפר אפרטיבוס,,,יח,0.90,ל 100 גרם,false,1,14.90,16.56,false,1,
7290114603034,false,"פרי גרנולה אגוזים צימוקים וחמוציות, 300 ג'",ש. שסטוביץ בע`מ,,,יח,3,ל 100 גרם,false,1,13.90,4.63,false,1,
7290114603041,false,פריי גרנולה בוטנים אגוזים וקוקוס חלבון,ש. שסטוביץ בע`מ,,,יח,3,ל 100 גרם,false,1,13.90,4.63,false,1,
7290114603768,false,"מארז אג'קס כלורון נוזל לניקוי אסלות 750 מ""ל*2 יח'",קולגייט פלמוליב,,,יח,15,"ל 100 מ""ל",false,1,24.90,1.66,false,1,
7290114604864,false,קוסקוס סולת דק מאסטר שף 350 גרם,ש. שסטוביץ בע`מ,,,יח,3.50,ל 100 גרם,false,1,5.90,1.69,true,1,
7290114604871,false,קוסקוס סולת בינוני מאסטר שף 350 גרם,ש. שסטוביץ בע`מ,,,יח,3.50,ל 100 גרם,false,1,5.90,1.69,true,1,
7290114604895,false,מאסטר שף מיונז ספייסי לחיץ 446 גרם,ש. שסטוביץ בע`מ,,,יח,4.46,ל 100 גרם,false,1,14.90,3.34,true,1,
7290114604901,false,ממרח שום לחיץ מאסטר שף 444 גרם,ש. שסטוביץ בע`מ,,,יח,4.46,ל 100 גרם,false,1,14.90,3.34,true,1,
7290114604932,false,רוטב ברביקיו דבש מאסטר שף 520 גרם,רמיה סי.וי. הולנד,,,יח,5.24,ל 100 גרם,false,1,13.90,2.65,true,1,
7290114604963,false,פירורי לחם מתובלים מאסטר שף 230 גרם,ש. שסטוביץ בע`מ,,,יח,2.30,ל 100 גרם,false,1,7.90,3.43,false,1,
7290114606530,false,רוטב בטעם מיונז וקטשופ מאסטר שף 515 גרם,ש. שסטוביץ בע`מ,,,יח,5.15,ל 100 גרם,false,1,14.90,2.89,true,1,
7290114606547,false,מיונז פטריות כמהין לחיץ מאסטר שף 242 גרם,ש. שסטוביץ בע`מ,,,יח,2.42,ל 100 גרם,false,1,14.90,6.16,true,1,
7290114606578,false,שקדי מרק מאסטר שף 400 גרם,ש. שסטוביץ בע`מ,,,יח,4,ל 100 גרם,false,1,9.90,2.48,false,1,
7290114606592,false,רוטב סויה מסורתית 46% פולי סויה מאסטר שף 620 ג',קריניציה ויטמינה אס,,,יח,6.20,"ל 100 מ""ל",false,1,17.90,2.89,true,1,
7290114606608,false,רוטב סויה מסורתי מאסטר שף דל נתרן 40 דל נתרן,קריניציה ויטמינה אס,,,יח,6.20,"ל 100 מ""ל",false,1,17.90,2.89,true,1,
7290114607391,false,"קולגייט משחת לילדים ברבי 2-5 שנים, 75 מ""ל",קולגייט פלמוליב,,,יח,0.75,ל 100 גרם,false,1,16.90,22.53,true,1,
7290114608169,false,פריי גרנולה קפה וקקאו עם אגוזים 300גר,ש. שסטוביץ בע`מ,,,יח,3,ל 100 גרם,false,1,13.90,4.63,false,1,
7290114608664,false,סילאן לחיץ מאסטר שף 680 גרם,ש.שסטוביץ בעמ,,,יח,6.80,ל 100 גרם,false,1,20.90,3.07,false,1,
7290114750813,false,דאו גילט קליר גל Cool Wave מארז זוג לגברלגבר,דיפלומט מפיצים (1968) בעמ,,,יח,2.50,ל 100 גרם,false,1,29.90,11.96,false,1,
7290115200003,false,פתי בר פינוקי וניל אסם 220 גרם,קבוצת אוסם סחר שותפות מוגבלת,,,יח,2.20,ל 100 גרם,false,1,10.90,4.95,true,1,
7290115200027,false,אסם פתי בר פינוקים שוקו 220 גרם,קבוצת אוסם סחר שותפות מוגבלת,,,יח,2.20,ל 100 גרם,false,1,10.90,4.95,true,1,
7290115200676,false,עוגיות קרמוגית במילוי קרם בטעם קרמל מלוח,קבוצת אוסם סחר שותפות מוגבלת,,,יח,2,ל 100 גרם,false,1,10.90,5.45,true,1,
7290115200713,false,במבה קלאסי מארז אחיד 5*50 גר` אסם,קבוצת אוסם סחר שותפות מוגבלת,,,יח,2.50,ל 100 גרם,false,1,13.90,5.56,true,1,
7290115201680,false,ביסלי חטיף בטעם ברביקין אסם (70 גרם),קבוצת אוסם סחר שותפות מוגבלת,,,יח,0.70,ל 100 גרם,false,1,3.90,5.57,true,1,
7290115201703,false,ביסלי חטיף בטעם ברביקין אסם (200 גרם),קבוצת אוסם סחר שותפות מוגבלת,,,יח,2,ל 100 גרם,false,1,6.90,3.45,true,1,
7290115201741,false,ביסלי חטיף בטעם בצל אסם (70 גרם),קבוצת אוסם סחר שותפות מוגבלת,,,יח,0.70,ל 100 גרם,false,1,3.90,5.57,true,1,
7290115202434,false,צבר סלט חומוס עם זעתר 375 גרם,קבוצת אוסם סחר שותפות מוגבלת,,,יח,4,ל 100 גרם,false,1,11.90,2.98,true,1,
7290115202786,false,מנה חמה פאוצ' נדלס.אטר.טעם בקר 70 גרם,קבוצת אוסם סחר שותפות מוגבלת,,,יח,0.70,ל 100 גרם,false,1,4.90,7,false,1,
7290115202816,false,מנה חמה פאוץ נודלס אטריות טעם עוף 70 גרם,קבוצת אוסם סחר שותפות מוגבלת,,,יח,0.70,ל 100 גרם,false,1,4.90,7,false,1,
7290115202847,false,מנה חמה פאוצ' נדלס ספייסי אסם 70 ג',קבוצת אוסם סחר שותפות מוגבלת,,,יח,0.70,ל 100 גרם,false,1,4.90,7,false,1,
7290115203134,false,חטיף פופקו פופקורן במבה אסם (80 גרם),קבוצת אוסם סחר שותפות מוגבלת,,,יח,0.80,ל 100 גרם,false,1,4.90,6.13,true,1,
7290115203172,false,במבה PRO מכיל 18 גרם חלבון בשקית,קבוצת אוסם סחר שותפות מוגבלת,,,יח,0.80,ל 100 גרם,false,1,4.20,5.25,true,1,
7290115203486,false,פירורית טעם ביסלי גריל אסם (200 גרם),קבוצת אוסם סחר שותפות מוגבלת,,,יח,2,ל 100 גרם,false,1,6.30,3.15,false,1,
7290115203806,false,"רוטב בסיס לבישול אסם 290 מ""ל",קבוצת אוסם סחר שותפות מוגבלת,,,יח,2.90,"ל 100 מ""ל",false,1,14.90,5.14,true,1,
7290115204056,false,"קטשופ מופחת סוכר אסם 690 גרם כשל""פ",קבוצת אוסם סחר שותפות מוגבלת,,,יח,6.90,ל 100 גרם,false,1,9.90,1.43,false,1,
7290115204131,false,צבר סחוג ירוק 6*190גרם חדש,קבוצת אוסם סחר שותפות מוגבלת,,,יח,1.90,ל 100 גרם,false,1,12.90,6.79,false,1,
7290115204155,false,סחוג אדום המעדנייה ש,קבוצת אוסם סחר שותפות מוגבלת,,,יח,1.90,ל 100 גרם,false,1,12.90,6.79,false,1,
7290115204186,false,פסטו המעדינה של צבר,קבוצת אוסם סחר שותפות מוגבלת,,,יח,2.20,ל 100 גרם,false,1,16.90,7.68,false,1,
7290115204261,false,אריסה חריפה המעדנייה,קבוצת אוסם סחר שותפות מוגבלת,,,יח,1.90,ל 100 גרם,false,1,12.90,6.79,false,1,
7290115205022,false,אוסם - שקדי מרק מקלונים 350 גרם,קבוצת אוסם סחר שותפות מוגבלת,,,יח,5,ל 100 גרם,false,1,10.90,2.18,true,1,
7290115205176,false,729001032825פיטנס חטיפי קרקר כפרי 140גר.,קבוצת אוסם סחר שותפות מוגבלת,,,יח,1.40,ל 100 גרם,false,1,11.90,8.50,true,1,
7290115205251,false,פריכיות קרמל מלוח פיטנס בר 84 גרם,קבוצת אוסם סחר שותפות מוגבלת,,,יח,0.84,יח,false,1,14.50,17.26,true,1,
7290115205312,false,קרקר פיטנס דק עם זיתי קלמטה ועשבי תיבול,קבוצת אוסם סחר שותפות מוגבלת,,,יח,1.40,ל 100 גרם,false,1,11.90,8.50,true,1,
7290115205633,false,טבעול סנסשיונל/גורמה נקנקיות 350 גר',קבוצת אוסם סחר שותפות מוגבלת,,,יח,3.50,ל 100 גרם,false,1,33.90,9.69,false,1,
7290115205978,false,פתיבר ואצבעות שוקולד 180 גרם - רבנות,קבוצת אוסם סחר שותפות מוגבלת,,,יח,1.80,ל 100 גרם,false,1,12.90,7.17,true,1,
7290115206531,false,אסם קרמוגית במילוי קרם בייגלה 12*200 גרם,קבוצת אוסם סחר שותפות מוגבלת,,,יח,3,ל 100 גרם,false,1,10.90,3.63,true,1,
7290115207484,false,צבר סלט חציל על האש היתר 360 גרם,קבוצת אוסם סחר שותפות מוגבלת,,,יח,3.60,ל 100 גרם,false,1,15.90,4.42,true,1,
7290115207620,false,"רוטב בסגנון סויה קלאסי 290 מ""ל אסם",קבוצת אוסם סחר שותפות מוגבלת,,,יח,2.90,"ל 100 מ""ל",false,1,14.90,5.14,true,1,
7290115207682,false,אסם רוטב בסגנון סויה סיני 9*290מל חדש,קבוצת אוסם סחר שותפות מוגבלת,,,יח,2.90,"ל 100 מ""ל",false,1,9.90,3.41,true,1,
7290115207880,false,סירופ ויטמינציק פטל 2 ליטר,קבוצת אוסם סחר שותפות מוגבלת,,,יח,2,לליטר,false,1,39.90,19.95,false,1,
7290115207941,false,סירופ אננס ויטמינצ'יק 1 ליטר,קבוצת אוסם סחר שותפות מוגבלת,,,יח,1,לליטר,false,1,19.90,19.90,false,1,
7290115207965,false,סירופ מנגו אפרסק ויטמינצ'יק 1 ליטר,קבוצת אוסם סחר שותפות מוגבלת,,,יח,1,לליטר,false,1,19.90,19.90,false,1,
7290115207989,false,סירופ לימון ויטמינצ'יק 1 ליטר,קבוצת אוסם סחר שותפות מוגבלת,,,יח,1,לליטר,false,1,19.90,19.90,false,1,
7290115208009,false,סירופ ענבים ויטמינצ'יק 1 ליטר,קבוצת אוסם סחר שותפות מוגבלת,,,יח,1,לליטר,false,1,19.90,19.90,false,1,
7290115208023,false,סירופ ויטמינציק ענבים 2 ליטר,קבוצת אוסם סחר שותפות מוגבלת,,,יח,2,לליטר,false,1,39.90,19.95,false,1,
7290115208047,false,סירופ פטל ויטמינצ`יק (1 ליטר),קבוצת אוסם סחר שותפות מוגבלת,,,יח,1,לליטר,false,1,19.90,19.90,false,1,
7290115208061,false,סירופ תפוח ויטמינצ'יק 1 ליטר,קבוצת אוסם סחר שותפות מוגבלת,,,יח,1,לליטר,false,1,19.90,19.90,false,1,
7290115208320,false,אפרופו חטיף בטעם ביסלי בצל 50 גרם,קבוצת אוסם סחר שותפות מוגבלת,,,יח,0.50,ל 100 גרם,false,1,3.90,7.80,true,1,
7290115208344,false,שטוחים בייגלה כפיות שמנת בצל 300גר,קבוצת אוסם סחר שותפות מוגבלת,,,יח,3,ל 100 גרם,false,1,9.90,3.30,false,1,
7290115208597,false,קרמוגית מיניס קרמל מלוח אסם 200 גרם,קבוצת אוסם סחר שותפות מוגבלת,,,יח,2,ל 100 גרם,false,1,10.90,5.45,true,1,
7290115209136,false,טבעול חטיפי עוף צמחי העדה החרדית 6*1.2קג,קבוצת אוסם סחר שותפות מוגבלת,,,יח,1.20,ל 100 גרם,false,1,44.90,37.42,true,1,
7290115209198,false,במבה אוורירית אסם 80 גרם,קבוצת אוסם סחר שותפות מוגבלת,,,יח,0.80,ל 100 גרם,false,1,4.20,5.25,true,1,
7290115209235,false,ביסקוויט פתי בר קפה אסם (500 גרם),קבוצת אוסם סחר שותפות מוגבלת,,,יח,5,ל 100 גרם,false,1,13.10,2.62,true,1,
7290115209358,false,במבה במילוי בראוניז אסם (60 גרם),קבוצת אוסם סחר שותפות מוגבלת,,,יח,0.60,ל 100 גרם,false,1,4.90,8.17,true,1,
7290115209372,false,במבה במילוי בראוניז 150 גרם אוסם,קבוצת אוסם סחר שותפות מוגבלת,,,יח,1.50,ל 100 גרם,false,1,9.90,6.60,false,1,
7290115403282,false,עוגיות פיצפוצי שוקו 500ג דל,שיבולים יצור ושיווק מוצרי מאפה,,,יח,5,ל 100 גרם,false,1,12.50,2.50,true,1,
7290115403299,false,עוגיות פרפריות 450ג דל,שיבולים יצור ושיווק מוצרי מאפה,,,יח,5,ל 100 גרם,false,1,12.50,2.50,true,1,
7290115403305,false,עוגיות מלוחות קריספי בגט 450ג דל,שיבולים יצור ושיווק מוצרי מאפה,,,יח,5,ל 100 גרם,false,1,12.50,2.50,true,1,
7290115403312,false,עוגיות מלוחות קריספי עגול 450ג דל,שיבולים יצור ושיווק מוצרי מאפה,,,יח,5,ל 100 גרם,false,1,12.50,2.50,true,1,
7290115403329,false,עוגיות רשת קינמון מסוכרות 450ג דל,שיבולים יצור ושיווק מוצרי מאפה,,,יח,5,ל 100 גרם,false,1,12.50,2.50,true,1,
7290115403350,false,עוגיות רשת שוקו מסוכרות 450ג דל,שיבולים יצור ושיווק מוצרי מאפה,,,יח,5,ל 100 גרם,false,1,12.50,2.50,true,1,
7290115403381,false,עוגיות פיצפוצים לבן 500ג דלי,שיבולים יצור ושיווק מוצרי מאפה,,,יח,5,ל 100 גרם,false,1,12.50,2.50,true,1,
7290115403435,false,עוגיות מעמול תמר 500ג דל,שיבולים יצור ושיווק מוצרי מאפה,,,יח,5,ל 100 גרם,false,1,12.50,2.50,true,1,
7290115403442,false,עוגיות ממולאות טעם שוקולד 500ג דל,שיבולים יצור ושיווק מוצרי מאפה,,,יח,5,ל 100 גרם,false,1,12.50,2.50,true,1,
7290115403459,false,עוגיות נסיכה בטעם תות 500 גר`,שיבולים יצור ושיווק מוצרי מאפה,,,יח,5,ל 100 גרם,false,1,12.50,2.50,true,1,
7290115403466,false,עוגיות נסיכה מיקס 500ג דל,שיבולים יצור ושיווק מוצרי מאפה,,,יח,5,ל 100 גרם,false,1,12.50,2.50,true,1,
7290115403473,false,עוגיות עינוגי שוקולד 500ג דל,שיבולים יצור ושיווק מוצרי מאפה,,,יח,5,ל 100 גרם,false,1,12.50,2.50,true,1,
7290115403480,false,עוגיות בסגנון מרוקאי מיני 500ג דל,שיבולים יצור ושיווק מוצרי מאפה,,,יח,5,ל 100 גרם,false,1,12.50,2.50,true,1,
7290115403503,false,עוגיות פרסה תמרים 500ג דל,שיבולים יצור ושיווק מוצרי מאפה,,,יח,5,ל 100 גרם,false,1,12.50,2.50,true,1,
7290115403510,false,עוגיות מגולגלות תמרים 500ג דל,שיבולים יצור ושיווק מוצרי מאפה,,,יח,5,ל 100 גרם,false,1,12.50,2.50,true,1,
7290115403527,false,עוגיות עינוגי תמרים 500ג דל,שיבולים יצור ושיווק מוצרי מאפה,,,יח,5,ל 100 גרם,false,1,12.50,2.50,true,1,
7290115403565,false,עוגיות קיפל וניל 500ג דל,שיבולים יצור ושיווק מוצרי מאפה,,,יח,5,ל 100 גרם,false,1,12.50,2.50,true,1,
7290115405774,false,פחזניות ממולאות בטעם וניל קפולסקי 180 גרם,תופינים מקבוצת קפולס,,,יח,1.80,ל 100 גרם,false,1,13.90,7.72,false,1,
7290115405798,false,פחזניות ממולאות בטעם ריבת חלב קפולסקי 180 גרם,קפולסקי אדל בעמ,,,יח,1.80,ל 100 גרם,false,1,13.90,7.72,false,1,
7290115405804,false,פחזניות ממולאות בטעם תות קפולסקי 180 גרם,קפולסקי אדל בעמ,,,יח,1.80,ל 100 גרם,false,1,13.90,7.72,false,1,
7290115480009,false,"מרכך כביסה מרוכז פרש קונטרול ירוק 900 מ""ל סוד",גורי שיווק בעמ,,,יח,9,"ל 100 מ""ל",false,1,11.90,1.32,false,1,
7290115670684,false,גרנולה שיבולת שועל עם אגוזי לוז,אנרג'י Energy - שטראוס,,,יח,4,ל 100 גרם,false,1,13.90,3.48,false,1,
7290115670691,false,גרנולה שיבולת שועל עם פירות יער,אנרג'י Energy - שטראוס,,,יח,4,ל 100 גרם,false,1,13.90,3.48,false,1,
7290115671223,false,מסטיק מאסט פאן אבטיח מנגו צנצנת 58 גרם,שטראוס גרופ בע`מ,,,יח,1,ל 100 גרם,false,1,9.90,9.90,true,1,
7290115671308,false,מסטיק מאסט פאן תות דובדבן צנצנת 58 גרם,שטראוס גרופ בע`מ,,,יח,1,ל 100 גרם,false,1,9.90,9.90,true,1,
7290115671339,false,מיני פינוקיות בראוניז בייגל בוטן עלית 180 ג' עלית,"הגביע מוצרי ופלים בע""\מ",,,יח,1.80,ל 100 גרם,false,1,10.90,6.06,true,1,
7290115671346,false,מיני פינוקיות טופי קרמל מלוח עלית 180 גרם,"הגביע מוצרי ופלים בע""\מ",,,יח,1.80,ל 100 גרם,false,1,10.90,6.06,true,1,
7290115671353,false,מיני פינוקיות עוגיות קקאו במילוי קרם בטעם וניל,"הגביע מוצרי ופלים בע""\מ",,,יח,1.80,ל 100 גרם,false,1,10.90,6.06,true,1,
7290115675559,false,מארז קפה טורקי לדרך 10 יחידות,שטראוס קפה בי.וי.,,,יח,2.55,ל 100 גרם,false,1,8.90,3.49,false,1,
7290115675696,false,דגני בוקר קראנצ'ים שיבולת שועל עם אגוזים ושקדים,שטראוס פריטו ליי בע`מ,,,יח,3.75,ל 100 גרם,false,1,20.90,5.57,false,1,
7290115675719,false,דגני בוקר קראנצ'ים שיבולת שועל וחתיכות שוקולד מריר,שטראוס פריטו ליי בע`מ,,,יח,3.75,ל 100 גרם,false,1,20.90,5.57,false,1,
7290115675986,false,דנונה יוגורט בר עם אגוזים מקורמלים 173 גרם,שטראוס גרופ בעמ/מצונן,,,יח,1,"ל 100 מ""ל",false,1,4.50,4.50,false,1,
7290115676037,false,דנונה ריפרש יוגורט עם תות ודומדמניות 1.6% שומן,שטראוס גרופ בעמ/מצונן,,,יח,2.50,"ל 100 מ""ל",false,1,5.90,2.36,false,1,
7290115676051,false,"משקה אקטיביה שיבולת שועל במתיקות מעודנת 250 מ""ל",שטראוס גרופ בעמ/מצונן,,,יח,1.20,"ל 100 מ""ל",false,1,4.90,4.08,false,1,
7290115676082,false,משקה דנונה פרו 20 יוגורט תות 255 ג' רבנות,שטראוס גרופ בעמ/מצונן,,,יח,2.55,"ל 100 מ""ל",false,1,6.90,2.71,false,1,
7290115676099,false,משקה דנונה פרו 20 יוגורט וניל 255 ג' רבנות,שטראוס גרופ בעמ/מצונן,,,יח,2.55,"ל 100 מ""ל",false,1,6.90,2.71,false,1,
7290115678376,false,מעדן הגולן שוקולד 125 גרם,שטראוס גרופ בעמ/מצונן,,,יח,1.25,"ל 100 מ""ל",false,1,2.90,2.32,true,1,
7290115678383,false,מעדן הגולן שוקולד מריר בודד 125גר,שטראוס גרופ בעמ/מצונן,,,יח,1.25,"ל 100 מ""ל",false,1,2.90,2.32,true,1,
7290115678642,false,נשנושי גבינה 16% עם חטיף אפוי עם זיתים 67 ג' שטראוס,שטראוס גרופ בעמ/מצונן,,,יח,0.67,ל 100 גרם,false,1,10.90,16.27,true,1,
7290116514468,false,תחתון כותנה ביג נשים X4,ליאור יבוא ושיווק מוצרי הלבשה,,,יח,1,,false,1,44.90,44.90,false,1,
7290116530000,false,"דאב - תרחיץ פנים מרענן בניחוח מלפפון ותה ירוק 180 מ""ל",יוניליוור ישראל שיווק בע`מ,,,יח,1.80,"ל 100 מ""ל",false,1,14.90,8.28,false,1,
7290116530062,false,רוטב ויניגרט לסלט הלמנס 295 גרם,יוניליוור ישראל שיווק בע`מ,,,יח,2.95,ל 100 גרם,false,12,9.90,3.36,false,1,
7290116530116,false,קליק שלישיית ברים שוקולד נוגט לבן 105 גרם,"יוניליוור ישראל שיווק בע""מ",,,יח,105,ל 100 גרם,false,1,13.90,0.13,false,1,
7290116530161,false,"תחליב רחצה בניחוח שייק אננס, מלון וחלב שיבולת שועל",יוניליוור ישראל שיווק בע`מ,,,יח,7,"ל 100 מ""ל",false,1,10.90,1.56,false,1,
7290116530185,false,"קורנפלקס דלישקד קרמל מלוח 400 גרם בד""ץ",יוניליוור ישראל שיווק בע`מ,,,יח,4,ל 100 גרם,false,1,19.90,4.98,false,1,
7290116530239,false,אקס דאו סטיק לגבר בלאק 7 גרם,"יוניליוור ישראלשיווק בע""מ",,,יח,77,"ל 100 מ""ל",false,1,21.90,0.28,false,1,
7290116530871,false,נשנושים מיקס בייגל בייגל 240 גרם,יוניליוור ישראל שיווק בע`מ,,,יח,2.40,ל 100 גרם,false,1,11.90,4.96,false,1,
7290116530895,false,"תרסיס ריחני למייבש כביסה פינוק כחול בדין 500 מ""ל",יוניליוור ישראל שיווק בע`מ,,,יח,5,"ל 100 מ""ל",false,12,14.90,2.98,false,1,
7290116531021,false,"שוקולד חלב ורד הגליל 100 גרם כשל""פ",יוניליוור ישראל שיווק בע`מ,,,יח,1,ל 100 גרם,false,1,4.90,4.90,false,1,
7290116531045,false,קורנפלקס דליפקאן 350ג ללא גלוטן,יוניליוור ישראל שיווק בע`מ,,,יח,3.50,ל 100 גרם,false,1,16.90,4.83,false,1,
7290116531069,false,קנור מרק בצל 100% רכיבים טבעיים 225 גרם,יוניליוור ישראל שיווק בע`מ,,,יח,2.25,"ל 100 מ""ל",false,1,14.90,6.62,false,1,
7290116531076,false,מרק פטריות רכיבים טבעיים קטן 225 ג' קנור,יוניליוור ישראל שיווק בע`מ,,,יח,2.25,"ל 100 מ""ל",false,1,12.90,5.73,false,1,
7290116531083,false,"ברנפלקס ללא ת.סוכר בטעם דבש בתוספת שקדים, 400 גרם",יוניליוור ישראל שיווק בע`מ,,,יח,4,ל 100 גרם,false,1,19.90,4.98,false,1,
7290116531090,false,בייגל בייגל דג דג במליחות עדינה 250 גרם,יוניליוור ישראל שיווק בע`מ,,,יח,2.50,ל 100 גרם,false,1,9.90,3.96,false,1,
7290116531243,false,"שמפו ומרכך 2ב-1 למניעת קשקשים 700 מ""ל פינוק","יוניליוור ישראל שיווק בע""מ",,,יח,7,"ל 100 מ""ל",false,1,11.90,1.70,false,1,
7290116531250,false,פינוק שמפו למניעת קשקשים עם תמציות צמחים,"יוניליוור ישראלשיווק בע""מ",,,יח,7,"ל 100 מ""ל",false,1,11.90,1.70,false,1,
7290116531496,false,קינמונים דגנים פריכים מצופים קינמון 375,"יוניליוור ישראל שיווק בע""מ",,,יח,3.75,ל 100 גרם,false,1,19.90,5.31,false,1,
7290116531595,false,מגבונים סיף לניקוי בניחוח מאסק 50 יח',"יוניליוור ישראלשיווק בע""מ",,,יח,7.50,"ל 100 מ""ל",false,1,7.90,1.05,false,1,
7290116531656,false,מרכך פינוק לשיער בניחוח תפוח 700 גרם,יוניליוור ישראל שיווק בע`מ,,,יח,7,"ל 100 מ""ל",false,1,11.90,1.70,false,1,
7290116531762,false,דפים ריחניים למייבש כביסה בדין ורוד 40 יחידות,יוניליוור ישראל שיווק בע`מ,,,יח,1,יח,false,1,16.90,16.90,false,1,
7290116531779,false,דפים ריחניים למייבש כביסה בדין כחול 40 יחידות,יוניליוור ישראל שיווק בע`מ,,,יח,1,יח,false,1,16.90,16.90,false,1,
7290116531885,false,"מיונז הלמנס טיבעוני בד""ץ 500 גר",יוניליוור ישראל שיווק בע`מ,,,יח,5,ל 100 גרם,false,1,10.90,2.18,false,1,
7290116531977,false,אקס דאודורנט בודי ספריי סקייטבורד וורדים,יוניליוור ישראל שיווק בע`מ,,,יח,1.50,"ל 100 מ""ל",false,1,11.90,7.93,false,1,
7290116532387,false,"אל סבון ידיים נוזלי חמאת שיאה 950 מ""ל פינוק",יוניליוור ישראל שיווק בע`מ,,,יח,9.50,"ל 100 מ""ל",false,1,7.90,0.83,false,1,
7290116532400,false,בייגל בייגל בייגלה מקלות עם מלח 235ג,"יוניליוור ישראל שיווק בע""מ",,,יח,4,ל 100 גרם,false,1,5.90,1.48,false,1,
7290116532462,false,גלידת שמנת קליק בטעמי שוקולד בננה 384 ג' שטראוס,"גלידת שטראוס בע""\מ, רחוב",,,יח,5.20,לליטר,false,1,19.90,3.83,false,1,
7290116532486,false,גלידת שמנת קליק בטעמי וניל קרמל מלוח 384 ג' שטראוס,"גלידת שטראוס בע""\מ, רחוב",,,יח,5.20,לליטר,false,1,19.90,3.83,false,1,
7290116532585,false,דגני בוקר ברנפלקס קרנצ'ים בטעם דבש וקינמון,יוניליוור ישראל שיווק בע`מ,,,יח,8.50,ל 100 גרם,false,1,19.90,2.34,false,1,
7290116532622,false,"מרכך לשיער בתוספת תמצית גוג'י ברי פינוק 700 מ""ל.",יוניליוור ישראל שיווק בע`מ,,,יח,7,"ל 100 מ""ל",false,1,11.90,1.70,false,1,
7290116532738,false,רוטב איטלקי לסלט בזיליקום ואורגנו 305 גרם,יוניליוור ישראל שיווק בע`מ,,,יח,3.05,ל 100 גרם,false,1,9.90,3.25,false,1,
7290116532882,false,נישנושים איירביס טעם בצל 155 גר`,יוניליוור ישראל שיווק בע`מ,,,יח,2.60,ל 100 גרם,false,1,11.90,4.58,false,1,
7290116532899,false,נישנושים איירביס טעם פלאפל 155 גר`,יוניליוור ישראל שיווק בע`מ,,,יח,2.60,ל 100 גרם,false,1,11.90,4.58,false,1,
7290116532905,false,נישנושים איירביס טעם ברביקיו 155 גר`,יוניליוור ישראל שיווק בע`מ,,,יח,2.60,ל 100 גרם,false,1,11.90,4.58,false,1,
7290116533063,false,דגני בוקר שוגי קרטיב ענבים 400 גרם,יוניליוור ישראל שיווק בע`מ,,,יח,5,ל 100 גרם,false,1,19.90,3.98,true,1,
7290116533216,false,"קנור מרק תיבול ירקות 235 מ""ל",יוניליוור ישראל שיווק בע`מ,,,יח,2.35,ל 100 גרם,false,10,13.90,5.91,false,1,
7290116850146,false,משחיז סכינים ע. הבית,עולם הבית,,,יח,1,,false,1,29.90,29.90,false,1,
7290116850252,false,מסננת סיליקון מתקפלת כגול ע. הבית,עולם הבית,,,יח,1,,false,1,16.90,16.90,false,1,
7290116850269,false,מתלה קיר נדבק 5 ווים ע. הבית,עולם הבית,,,יח,1,,false,1,13.90,13.90,false,1,
7290116850528,false,תבנית אפיה ממתכת 30*12.5*6 ע. הבית,עולם הבית,,,יח,1,,false,1,25.90,25.90,false,1,
7290116850566,false,פורס ביצים ע. הבית,עולם הבית,,,יח,1,,false,1,13.90,13.90,false,1,
7290116850573,false,מקלף פלסטיק עולם הבית,עולם הבית שיווק והפצה בעמ,,,יח,1,,false,1,9.90,9.90,false,1,
7290116850580,false,סכין שף רחב ע. הבית,עולם הבית,,,יח,1,,false,1,19.90,19.90,false,1,
7290116851181,false,תליון ריחני לרכב אוקיינוס,עולם הבית,,,יח,1,,false,1,2.90,2.90,false,1,
7290116851365,false,יעה + מקל,עולם הבית שיווק והפצה בעמ,,,יח,1,,false,1,13.90,13.90,false,1,
7290116851372,false,כף אשפה קטן ע. הבית,עולם הבית שיווק והפצה בעמ,,,יח,1,,false,1,5.90,5.90,false,1,
7290116851778,false,סוחט תפוזים ידני ע. הבית,עולם הבית שיווק והפצה בעמ,,,יח,1,,false,1,29.90,29.90,false,1,
7290116851785,false,סוחט לימונים ידני ע. הבית,עולם הבית שיווק והפצה בעמ,,,יח,1,,false,1,24.90,24.90,false,1,
7290116930015,false,GO חטיף חלבון חטיף בוטנים קריספי 20 גרם חלבון,"בלמונט קונפקציות בע""\מ.",,,יח,0.60,ל 100 גרם,false,1,11.90,19.83,false,1,
7290116930176,false,"חלב 2% שומן בד""צ פרויקט מידל",תנובה -חלב,,,יח,10,"ל 100 מ""ל",false,1,5.90,0.59,false,1,
7290116930282,false,ארוחה בקטנה לאבנה עם קרקרים 150ג' תנובה,"תנובה בע""מ ***",,,יח,1.50,"ל 100 מ""ל",false,1,7.20,4.80,false,1,
7290116930435,false,יופלה גו במרקם סמיך עם דובדבן 0% 200מל,תנובה מרכז שיתופי לש,,,יח,2,"ל 100 מ""ל",false,1,5.50,2.75,false,1,
7290116930459,false,"יופלה שייק מנגו בננה אננס וקוקוס 230 מ""ל",קבוצת המזון אקטשלאר,,,יח,2.30,"ל 100 מ""ל",false,1,7.60,3.30,false,1,
7290116930466,false,"משקה SHAKE בננה מנגן פסיפלורה והל 230 מ""ל יופלה",קבוצת המזון אקטשלאר,,,יח,2.30,"ל 100 מ""ל",false,1,7.60,3.30,false,1,
7290116930480,false,"משקה SHAKE בננה קיווי תפוח 230 מ""ל יופלה",קבוצת המזון אקטשלאר,,,יח,2.30,"ל 100 מ""ל",false,1,7.60,3.30,false,1,
7290116930626,false,ארוחה בקטנה ציזיקי עם קרקרים 150ג' תנובה,"תנובה בע""מ ***",,,יח,1.50,"ל 100 מ""ל",false,1,7.20,4.80,false,1,
7290116930657,false,"משקה חלב גו בטעם בננה תמר בתוספת שיבולת שועל במרקם חלק 340 מ""ל",תנובה מרכז שיתופי לש,,,יח,3.40,"ל 100 מ""ל",false,1,7.30,2.15,false,1,
7290116930701,false,מעדן חלב GO מועשר בחלבון בטעם קרמל מלוח,תנובה מרכז שיתופי לש,,,יח,1.20,"ל 100 מ""ל",false,1,4.50,3.75,false,1,
7290116930718,false,מעדן תנובה דיאט בטעם שוקולד וקרמל מלוח 0% 150ג' תנובה,"תנובה בע""\מ",,,יח,1.50,"ל 100 מ""ל",false,1,3.90,2.60,false,1,
7290116930725,false,סויה BIO קוקוס גביע 150 גרם אלטרנטיב,תנובה בעמ ***,,,יח,2,"ל 100 מ""ל",false,1,4.30,2.15,false,1,
7290116930954,false,יוגורט טעם פאי תפוחים 3% 150 ג' יופלה,תנובה בעמ ***,,,יח,1.50,"ל 100 מ""ל",false,1,4.90,3.27,false,1,
7290116931081,false,מעדן סויה - טופי קרמל 125 גרם אלטרנטיב,תנובה מרכז שיתופי לש,,,יח,1.25,"ל 100 מ""ל",false,1,3.90,3.12,false,1,
7290116931104,false,יופלה GO במרקם סמיך עם אננס 0% תנובה 200 גרם,"תנובה בע""מ ***",,,יח,2,"ל 100 מ""ל",false,1,5.50,2.75,false,1,
7290116931241,false,קוטג תנובה 12% שומן,תנובה -חלב,,,יח,2.50,ל 100 גרם,false,1,6.50,2.60,false,1,
7290116931289,false,יוגורט גו סמיך 0% אלפחורס 200 גרם,תנובה בעמ ***,,,יח,2,"ל 100 מ""ל",false,1,5.50,2.75,false,1,
7290116931463,false,מאגדת צפתית 2* 200 גרק,תנובה בעמ ***,,,יח,4,ל 100 גרם,false,1,23.90,5.98,false,1,
7290117030035,false,"מגש מרובע שטוח קטן""האומן"" שחור+זהב שו",ווינפאק סחר בעמ,,,יח,1,יח,false,25,4.90,4.90,false,1,
7290117030110,false,"מגש מרובע שטוח גדול""האומן""שחור+זהב שו",ח.כהן סוכנות מזון ומשקאות בע,,,יח,1,יח,false,1,12.90,12.90,false,1,
7290117030172,false,"צלחת גדול ""9 האומן"" לבן+זהב""שווה""*",ח.כהן סוכנות מזון ומשקאות בע,,,יח,10,יח,false,1,22.90,2.29,false,1,
7290117030189,false,"צלחת גדול ""9 האומן"" שחור+כסף""שווה""*",ח.כהן סוכנות מזון ומשקאות בע,,,יח,10,יח,false,10,22.90,2.29,false,1,
7290117030219,false,"צלחת ענק ""10.25 האומן"" לבן+זהב""שווה""*",ח.כהן סוכנות מזון ומשקאות בע,,,יח,10,יח,false,1,26.90,2.69,false,1,
7290117030226,false,"צלחת ענק ""10.25 האומן"" שחור+כסף""שווה""",ח.כהן סוכנות מזון ומשקאות בע,,,יח,10,יח,false,1,26.90,2.69,false,1,
7290117030264,false,"מרקיה""האומן"" 10יח שחור+כסף""שווה""*",ח.כהן סוכנות מזון ומשקאות בע,,,יח,10,יח,false,10,15.90,1.59,false,1,
7290117030363,false,"כוסות מעוטרות ""האומן"" 40 יח ""שווה""",ח.כהן סוכנות מזון ומשקאות בע,,,יח,40,יח,false,1,8.90,0.22,true,1,
7290117030530,false,"אשפתון גופיה נשלף אחד אחד XL ""שווה""",ח.כהן סוכנות מזון ומשקאות בע,,,יח,25,יח,false,1,16.90,0.68,true,1,
7290117030752,false,תבניות ארוז *7 (R31/105) מרובעות שווה,ח.כהן סוכנות מזון ומשקאות בע,,,יח,10,יח,false,1,6.20,0.62,true,1,
7290117030769,false,תבניות ארוז (R2/90)*7 מלבן ארוך שווה ח,ח.כהן סוכנות מזון ומשקאות בע,,,יח,7,יח,false,1,6.20,0.89,true,1,
7290117030776,false,תבניות ארוז מלבן עמוק *7 (R64/80A) שוו,ח.כהן סוכנות מזון ומשקאות בע,,,יח,7,יח,false,1,6.20,0.89,true,1,
7290117030783,false,תבניות ארוז *4 (R99/210) ענקיות חדש ש,ח.כהן סוכנות מזון ומשקאות בע,,,יח,4,יח,false,1,6.20,1.55,true,1,
7290117030790,false,תבניות ארוז *10 R88 אינגליש שווה חדש,ח.כהן סוכנות מזון ומשקאות בע,,,יח,10,יח,false,1,6.20,0.62,true,1,
7290117030806,false,תבניות ארוז *10 טוסטר (R29 B8) שווה חד,ח.כהן סוכנות מזון ומשקאות בע,,,יח,10,יח,false,1,6.20,0.62,true,1,
7290117030813,false,תבניות ארוז *4 C60 עגול עמוק שווה חדש,ח.כהן סוכנות מזון ומשקאות בע,,,יח,4,יח,false,1,6.20,1.55,true,1,
7290117030820,false,תבניות ארוז *4 C10 עגול גדול שווה חדש,ח.כהן סוכנות מזון ומשקאות בע,,,יח,4,יח,false,1,6.20,1.55,true,1,
7290117030837,false,תבניות ארוז *10 אינגליש קצר שווה חדש*,ח.כהן סוכנות מזון ומשקאות בע,,,יח,10,יח,false,1,6.20,0.62,true,1,
7290117031032,false,כפפות ניטריל סינטטי XL שחור 80יח שווה*,ח.כהן סוכנות מזון ומשקאות בע,,,יח,80,יח,false,10,18.90,0.24,false,1,
7290117031056,false,צלחות דקל מרובעות גדולות 10 יח`שווה*,ח.כהן סוכנות מזון ומשקאות בע,,,יח,10,יח,false,1,14.90,1.49,true,1,
7290117031148,false,"צלחות ענקיות חושן 10 יח מעלי דקל""שווה""",ח.כהן סוכנות מזון ומשקאות בע,,,יח,10,יח,false,1,18.90,1.89,true,1,
7290117031223,false,"צלחות בינוני 7"" תפארת מתכלה 12 יח שווה",ח.כהן סוכנות מזון ומשקאות בע,,,יח,12,יח,false,1,8.90,0.74,true,1,
7290117031230,false,"צלחות גדול 9"" תפארת מתכלה 12 יח שווה",ח.כהן סוכנות מזון ומשקאות בע,,,יח,12,למארז,false,1,13.90,1.16,true,1,
7290117031247,false,"צלחות ענק 10"" תפארת מתכלה 12 יח שווה",ח.כהן סוכנות מזון ומשקאות בע,,,יח,12,למארז,false,24,19.90,1.66,true,1,
7290117031254,false,"מגשים אובלי 10"" תפארת מתכלה 12 יח שווה",ווינפאק סחר בעמ,,,יח,12,למארז,false,1,13.90,1.16,true,1,
7290117031261,false,"מגשים גדולים 12.5"" תפארת מתכלה 10יח שו",ח.כהן סוכנות מזון ומשקאות בע,,,יח,10,למארז,false,1,19.90,1.99,true,1,
7290117031483,false,"ספוגית הפלא נירוסטה 4 יח` ""שווה""*",GG.M ENTERPRISE,,,יח,4,למארז,false,1,9.90,2.48,false,1,
7290117031506,false,כוסות נייר 40 יחי` 8B שרול שקוף (25בק,ח.כהן סוכנות מזון ומשקאות בע,,,יח,40,יח,false,1,6.90,0.17,true,1,
7290117031513,false,כוסות נייר גודל 10 שווה 40 יח (25 בקרט,ח.כהן סוכנות מזון ומשקאות בע,,,יח,40,יח,false,1,11.90,0.30,false,1,
7290117031520,false,כוסות נייר גודל 12 שווה 40 יח (25 בקר,ח.כהן סוכנות מזון ומשקאות בע,,,יח,40,יח,false,1,13.90,0.35,false,1,
7290117031537,false,כוסות נייר גודל 16 שווה 40 יח (25 בקר,ח.כהן סוכנות מזון ומשקאות בע,,,יח,40,יח,false,1,17.90,0.45,false,1,
7290117031544,false,כוסות נייר גודל 4 שווה 40 יח (25 בקר,ח.כהן סוכנות מזון ומשקאות בע,,,יח,40,יח,false,1,5.90,0.15,false,1,
7290117031551,false,כוסות נייר גודל 2.5 שווה 40 יח (25 בקר,ח.כהן סוכנות מזון ומשקאות בע,,,יח,40,יח,false,1,4.90,0.12,false,1,
7290117031568,false,כוסות נייר גודל 9OZ איכותית 40 יח` שוו,ח.כהן סוכנות מזון ומשקאות בע,,,יח,40,יח,false,20,11.90,0.30,true,1,
7290117031735,false,"קערית אובלית""חושן"" 8יח לבן שווה חדש",ח.כהן סוכנות מזון ומשקאות בע,,,יח,8,למארז,false,1,7.90,0.99,false,1,
7290117031742,false,"קערית אובלית""חושן"" 8יח שקוף שווה חדש",ח.כהן סוכנות מזון ומשקאות בע,,,יח,8,למארז,false,1,7.90,0.99,false,1,
7290117031759,false,"קערית אובלית""חושן"" 8יח פנינה שווה *",ח.כהן סוכנות מזון ומשקאות בע,,,יח,8,למארז,false,1,7.90,0.99,false,1,
7290117031766,false,"קערית אובלית""חושן"" 8יח שחור שווה *",ח.כהן סוכנות מזון ומשקאות בע,,,יח,8,למארז,false,1,7.90,0.99,false,1,
7290117031773,false,"צלחת בינוני""חושן"" 8יח לבן שווה*",ח.כהן סוכנות מזון ומשקאות בע,,,יח,8,למארז,false,1,9.90,1.24,false,1,
7290117031797,false,"צלחת בינוני""חושן"" 8יח פנינה שווה*",ח.כהן סוכנות מזון ומשקאות בע,,,יח,10,למארז,false,1,9.90,0.99,false,1,
7290117031858,false,"צלחת ענקית""חושן"" 8יח לבן שווה חדש*",ח.כהן סוכנות מזון ומשקאות בע,,,יח,8,למארז,false,1,19.90,2.49,false,1,
7290117031872,false,"צלחת ענקית""חושן"" 8יח פנינה שווה חדש*",ח.כהן סוכנות מזון ומשקאות בע,,,יח,8,למארז,false,1,19.90,2.49,false,1,
7290117031889,false,"צלחת ענקית""חושן"" 8יח שחור שווה חדש*",ווינפאק סחר בעמ,,,יח,8,למארז,false,12,19.90,2.49,false,1,
7290117032008,false,מזלגונים איכותי 40יח קרם שווה,ח.כהן סוכנות מזון ומשקאות בע,,,יח,40,יח,false,1,5.90,0.15,false,1,
7290117032015,false,מזלגות איכותים 40יח שקוף שווה *,ח.כהן סוכנות מזון ומשקאות בע,,,יח,40,יח,false,1,5.90,0.15,false,1,
7290117032022,false,מזלגונים איכותי 40יח צבעוני שווה,ח.כהן סוכנות מזון ומשקאות בע,,,יח,40,יח,false,1,5.90,0.15,false,1,
7290117032046,false,סכינים איכותיות 40יח שקוף שווה*,ח.כהן סוכנות מזון ומשקאות בע,,,יח,40,יח,false,1,5.90,0.15,false,1,
7290117032060,false,כפות איכותיות 40יח קרם שווה*,ח.כהן סוכנות מזון ומשקאות בע,,,יח,50,יח,false,1,5.90,0.12,false,1,
7290117032077,false,כפות איכותיות 40יח שקוף שווה*,ח.כהן סוכנות מזון ומשקאות בע,,,יח,40,יח,false,1,5.90,0.15,false,1,
7290117032091,false,כפיות איכותיות 40יח קרם שווה*,ח.כהן סוכנות מזון ומשקאות בע,,,יח,40,יח,false,1,5.90,0.15,false,1,
7290117032107,false,כפיות איכותיות 40יח שקוף שווה*,ח.כהן סוכנות מזון ומשקאות בע,,,יח,40,יח,false,1,5.90,0.15,false,1,
7290117032503,false,"לפתניות לבן אריזה משפחתית 115יח ""שווה""",ח.כהן סוכנות מזון ומשקאות בע,,,יח,115,למארז,false,1,17.90,0.16,false,1,
7290117032510,false,"לפתניות קרם אריזה משפחתית 115יח ""שווה""",ח.כהן סוכנות מזון ומשקאות בע,,,יח,115,למארז,false,1,17.90,0.16,false,1,
7290117032527,false,ק.אובלית לבן אריזה משפחתית 105יח שוו,ח.כהן סוכנות מזון ומשקאות בע,,,יח,105,יח,false,1,17.90,0.17,false,1,
7290117032534,false,"קערה אובלית אריזה משפחתית 105 יח ""שווה",ח.כהן סוכנות מזון ומשקאות בע,,,יח,105,יח,false,1,17.90,0.17,false,1,
7290117032541,false,צלחת קטנה אריזה משפחתית 75יח שווה,ח.כהן סוכנות מזון ומשקאות בע,,,יח,75,למארז,false,1,18.90,0.25,false,1,
7290117032558,false,צלחת קטנה אריזה משפחתית 75יח שווה,ח.כהן סוכנות מזון ומשקאות בע,,,יח,75,למארז,false,1,18.90,0.25,false,1,
7290117032565,false,מרקיות לבן אריזה משפחתית 70יח שווה*,ח.כהן סוכנות מזון ומשקאות בע,,,יח,75,למארז,false,1,19.90,0.27,false,1,
7290117032572,false,מרקיות קרם אריזה משפחתית 70יח שווה*,ח.כהן סוכנות מזון ומשקאות בע,,,יח,70,יח,false,1,19.90,0.28,false,1,
7290117032589,false,צלחת גדולה אריזה משפחתית 60יח שווה,ח.כהן סוכנות מזון ומשקאות בע,,,יח,0,יח,false,1,19.90,19.90,false,1,
7290117032596,false,"צלחות גדולות 60 יח אריזה משפחתית ""שווה",ח.כהן סוכנות מזון ומשקאות בע,,,יח,60,יח,false,1,19.90,0.33,false,1,
7290117032602,false,צלחת ענקית אריזה משפחתית 35יח שווה,ח.כהן סוכנות מזון ומשקאות בע,,,יח,35,למארז,false,1,19.90,0.57,false,1,
7290117032619,false,צלחת ענקית אריזה משפחתית 35יח שווה,ח.כהן סוכנות מזון ומשקאות בע,,,יח,35,למארז,false,1,19.90,0.57,false,1,
7290117033005,false,מארז פופקורן למיקרו מלח 5*100 ג`שווה*,ח.כהן סוכנות מזון ומשקאות בע,,,יח,5,ל 100 גרם,false,1,10.90,2.18,true,1,
7290117033012,false,מארז פופקורן למיקרו חמאה 5*100 ג`שווה*,ח.כהן סוכנות מזון ומשקאות בע,,,יח,5,ל 100 גרם,false,1,10.90,2.18,true,1,
7290117033029,false,מארז פופקורן למיקרו לייט 5*85 ג`שווה*,ח.כהן סוכנות מזון ומשקאות בע,,,יח,4.25,ל 100 גרם,false,1,10.90,2.56,true,1,
7290117090183,false,חנוכיה מוזהבת 29*31 להבה,אבי מתנות בעמ,,,יח,1,,false,1,169.90,169.90,false,1,
7290117260050,false,קונפיטורה חבושים ויליפוד 380 גרם,ג. וילי-פוד אינטרנשיונל בע`מ,,,יח,3.80,ל 100 גרם,false,1,9.90,2.61,false,1,
7290117260074,false,שעועית ירוקה חתוכה ויליפוד 800 גרם,ג. וילי-פוד אינטרנשיונל בע`מ,,,יח,8,ל 100 גרם,false,1,6.90,0.86,false,1,
7290117260401,false,גבינת מוצרלה מגורדת 25% שומן 500 ג' יורו,ג. וילי-פוד אינטרנשיונל בע`מ,,,יח,5,יח,false,1,29.90,5.98,false,1,
7290117260449,false,גבינה בולגרית מעודנת למריחה בטעם טבעי 5% שומן 200 ג' יורו,ג.וילי-פוד אינטרנשיונל **גבינו,,,יח,2,ל 100 גרם,false,1,9.90,4.95,false,1,
7290117260456,false,גבינה בולגרית מעודנת למריחה עם זיתים 5% שומן 200 ג' יורו,ג.וילי-פוד אינטרנשיונל **גבינו,,,יח,2,ל 100 גרם,false,1,9.90,4.95,false,1,
7290117260463,false,גבינה בולגרית מעודנת למריחה עם חלפיניו 5% שומן 200 ג' יורו,ג.וילי-פוד אינטרנשיונל **גבינו,,,יח,2,ל 100 גרם,false,1,9.90,4.95,false,1,
7290117260470,false,גבינה בולגרית מעודנת למריחה עם שום 5% שומן 200 ג' יורו,ג.וילי-פוד אינטרנשיונל **גבינו,,,יח,2,ל 100 גרם,false,1,9.90,4.95,false,1,
7290117260562,false,חמאה כפרית מסורתית בגביע,ג.וילי-פוד אינטרנשיונל **גבינו,,,יח,2.25,ל 100 גרם,false,1,16.90,7.51,false,1,
7290117261040,false,זיתים שחורים מרינד 454 ג' ויליפוד,ג. וילי-פוד אינטרנשיונל בע`מ,,,יח,4.54,ל 100 גרם,false,1,15.20,3.35,false,1,
7290117261088,false,בוראטה גבינת מוצרלה רכה 18% שומן 125 גר`,ג.וילי-פוד אינטרנשיונל **גבינו,,,יח,1.25,ל 100 גרם,false,1,19.90,15.92,false,1,
7290117261125,false,זוג קינוחים בטעם וניל בציפוי שוקולד לבן 140 גרם,ג.וילי-פוד אינטרנשיונל **גבינו,,,יח,1.40,"ל 100 מ""ל",false,1,10.90,7.79,false,1,
7290117261354,false,גבינת ריקוטה 200 גרם 5%שומן מחלבת אירופה,ג.וילי-פוד אינטרנשיונל **גבינו,,,יח,2,ל 100 גרם,false,1,9.90,4.95,true,1,
7290117261378,false,גבינת קשקבל לייט EURO CHEESE ויליפוד 250 גרם,ג.וילי-פוד אינטרנשיונל **גבינו,,,יח,2.50,ל 100 גרם,false,1,14.90,5.96,false,1,
7290117261392,false,גבינת מסקרפונה 200 גרם 35% שומן מחלבת אי,ג.וילי-פוד אינטרנשיונל **גבינו,,,יח,2,ל 100 גרם,false,1,14.90,7.45,true,1,
7290117261521,false,סלמון אטלנטי בשמן קנולה 120 גרם ויליפוד,ג. וילי-פוד אינטרנשיונל בע`מ,,,יח,1.20,ל 100 גרם,false,1,11.50,9.58,true,1,
7290117261569,false,סלמון אטלנטי מעושן בשמן קנולה 120 גרם ויליפוד,ג. וילי-פוד אינטרנשיונל בע`מ,,,יח,1.20,ל 100 גרם,false,1,11.50,9.58,true,1,
7290117261774,false,כדורי גבינת בייבי מוצרלה 14% שומן 150 גרםeuro cheese,ג.וילי-פוד אינטרנשיונל **גבינו,,,יח,1.50,ל 100 גרם,false,1,14.90,9.93,false,1,
7290117380864,false,סלים דליס פייבר עוגות בראוניס אישיות בטעם שוקולד 120 גרם,ש.שסטוביץ בעמ,,,יח,12,ל 100 גרם,false,1,9.90,0.83,false,1,
7290117380871,false,סלים דליס פייבר עוגות אישיות בטעם אוכמניות 120 גרם,ש.שסטוביץ בעמ,,,יח,1.25,ל 100 גרם,false,1,9.90,7.92,false,1,
7290117381182,false,"רוטב סרירציה 360 מ""ל מאסאר שף",ש.שסטוביץ בעמ,,,יח,3.60,"ל 100 מ""ל",false,1,17.90,4.97,false,1,
7290117381243,false,פוף פריכיות מצופות שוקולד חלב ותות 70 גר,ש. שסטוביץ בע`מ,,,יח,7,ל 100 גרם,false,1,8.90,1.27,true,1,
7290117382325,false,סלים דליס - פרו 33 חטיף חלבון מצופה שוקולד חלב 60 גרם,"י. מרבה ישראל בע""\מ",,,יח,0.60,ל 100 גרם,false,1,11.90,19.83,false,1,
7290117860038,false,"הוואי - תחליב רחצה יוגורט בניחוח אוכמניות 700 מ""ל","טרופיקל דגיל בע""\מ",,,יח,7,"ל 100 מ""ל",false,1,14.90,2.13,true,1,
7290117860045,false,שמפו תמציות אלוורה ותה ירוק לשיער רגיל,"טרופיקל גליל בע""מ",,,יח,7,"ל 100 מ""ל",false,1,14.90,2.13,true,1,
7290117860083,false,"הוואי קרם רחצה יוגורט בניחוח אירוס זהוב ודבש 700 מ""ל","טרופיקל דגיל בע""\מ",,,יח,7,"ל 100 מ""ל",false,1,14.90,2.13,true,1,
7290117860090,false,מרכך תמציות אלוורה ותה ירוק לשיער רגיל,"טרופיקל דגיל בע""\מ",,,יח,7,"ל 100 מ""ל",false,1,14.90,2.13,true,1,
7290117860137,false,"הוואי קרם רחצה יוגורט בניחוח פרח הקמליה 700 מ""ל","טרופיקל גליל בע""מ",,,יח,7,"ל 100 מ""ל",false,1,14.90,2.13,true,1,
7290117860144,false,הוואי שמפו פירות אקזוטיים וקלנדולה 700,"טרופיקל גליל בע""מ",,,יח,7,"ל 100 מ""ל",false,1,14.90,2.13,true,1,
7290117860182,false,"הוואי - תחליב רחצה בניחוח מגנוליה ושמן שקדים 700 מ""ל","טרופיקל דגיל בע""\מ",,,יח,7,"ל 100 מ""ל",false,1,14.90,2.13,true,1,
7290117860199,false,שמפו שמן ורד הבר ושמן מקדמיה לשיער יבש,"טרופיקל דגיל בע""\מ",,,יח,7,"ל 100 מ""ל",false,1,14.90,2.13,true,1,
7290117860236,false,"הוואי - קרם רחצה בניחוח ויולה ורודה 700 מ""ל","טרופיקל דגיל בע""\מ",,,יח,7,"ל 100 מ""ל",false,1,14.90,2.13,true,1,
7290117860243,false,"הוואי - מרכך מעניק לחות לשיער יבש 700 מ""ל","טרופיקל גליל בע""מ",,,יח,7,"ל 100 מ""ל",false,1,14.90,2.13,true,1,
7290117860281,false,"הוואי - ג'ל רחצה לגבר בניחוח עוצמתי 700 מ""ל","טרופיקל דגיל בע""\מ",,,יח,7,"ל 100 מ""ל",false,1,14.90,2.13,true,1,
7290117860298,false,שמפו קומפלקס קרטין לשיער עדין או חלש,"טרופיקל גליל בע""מ",,,יח,7,"ל 100 מ""ל",false,1,14.90,2.13,true,1,
7290117860342,false,מרכך קומפלקס קרטין לשיער עדין או חלש,"טרופיקל גליל בע""מ",,,יח,7,"ל 100 מ""ל",false,1,14.90,2.13,true,1,
7290117860380,false,"תחליב רחצה יוגורט בניחוח אלוורה 700 מ""ל הוואי","טרופיקל דגיל בע""\מ",,,יח,7,"ל 100 מ""ל",false,1,14.90,2.13,true,1,
7290117860397,false,שמפו תמצית פריחת הדובדבן לשיער רגיל,"טרופיקל גליל בע""מ",,,יח,7,"ל 100 מ""ל",false,1,14.90,2.13,true,1,
7290117860441,false,"מרכך הוואי פריחת הדובדבן 700 מ""ל","טרופיקל גליל בע""מ",,,יח,7,"ל 100 מ""ל",false,1,14.90,2.13,true,1,
7290117860496,false,"הוואי שמפו + מרכך 2 ב-1 לגבר 700 מ""ל-חדש","טרופיקל גליל בע""מ",,,יח,7,"ל 100 מ""ל",false,1,14.90,2.13,true,1,
7290117860540,false,הוואי שמפו לילדים רוזמרין מנגו ומשמש 700,"טרופיקל דגיל בע""\מ",,,יח,7,"ל 100 מ""ל",false,1,14.90,2.13,true,1,
7290117860595,false,הוואי מרכך לילדים רוזמרין מנגו ומשמש 700,"טרופיקל גליל בע""מ",,,יח,7,"ל 100 מ""ל",false,1,14.90,2.13,true,1,
7290117860649,false,הוואי שמפו קרטין קיק ללא סולפטים 700 מל,"טרופיקל גליל בע""מ",,,יח,7,"ל 100 מ""ל",false,1,14.90,2.13,true,1,
7290117860694,false,הוואי מרכך קרטין קיק ללא סולפטים 700 מל,"טרופיקל גליל בע""מ",,,יח,7,"ל 100 מ""ל",false,1,14.90,2.13,true,1,
7290117860748,false,הוואי שמפו תמצית יסמין מעניק נפח 700 מל,"טרופיקל גליל בע""מ",,,יח,7,"ל 100 מ""ל",false,1,14.90,2.13,true,1,
7290117860793,false,הוואי מרכך תמצית יסמין מעניק נפח 700 מל,"טרופיקל דגיל בע""\מ",,,יח,7,"ל 100 מ""ל",false,1,14.90,2.13,true,1,
7290117860847,false,"הוואי רעננות מושלמת לגבר לשיער, גוף, פנים וזקן","טרופיקל גליל בע""מ",,,יח,7,"ל 100 מ""ל",false,1,14.90,2.13,true,1,
7290117860892,false,"הוואי - תחליב רחצה יוגורט בניחוח וניל ודבש 700 מ""ל","טרופיקל דגיל בע""\מ",,,יח,7,"ל 100 מ""ל",false,1,14.90,2.13,true,1,
7290117860946,false,"תחליב רחצה יוגורט בניחוח קוקוס 700 מ""ל הוואי","טרופיקל דגיל בע""\מ",,,יח,7,"ל 100 מ""ל",false,1,14.90,2.13,true,1,
7290117860991,false,"תחליב רחצה יוגורט בניחוח שקדים 700 מ""ל הוואי","טרופיקל דגיל בע""\מ",,,יח,7,"ל 100 מ""ל",false,1,14.90,2.13,true,1,
7290118420378,false,פתיבר פינוקים בטעם תותים בשמנת - חלבי,קבוצת אוסם סחר שותפות מוגבלת,,,יח,1.80,ל 100 גרם,false,1,12.90,7.17,true,1,
7290118420477,false,אסם בייגלה שטוחים בטעם ביסלי בצל 300 גרם,קבוצת אוסם סחר שותפות מוגבלת,,,יח,3,ל 100 גרם,false,1,9.90,3.30,false,1,
7290118420514,false,אינסטנט פודינג בטעם נוגט אסם 75 גרם,קבוצת אוסם סחר שותפות מוגבלת,,,יח,0.76,ל 100 גרם,false,1,5.10,6.71,true,1,
7290118820086,false,מארז שיפודי שייטל+שומן בקר 4יח.,אחים דובקין בעמ,,,יח,2.30,יח,false,1,49,21.30,false,1,
7290118820130,false,שיפודי סושי בשר 5 יח`במארז,אחים דובקין בעמ,,,יח,3,יח,false,1,79,26.33,false,1,
7290118820406,false,מארז דנבר סטייק אנגוס בקר טרי 3יח,אחים דובקין בעמ,,,יח,3.80,יח,false,1,69,18.16,false,1,
7290118820413,false,מארז דנבר סטייק אנגוס בקר טרי 2יח.,אחים דובקין בעמ,,,יח,2.50,יח,false,1,49,19.60,false,1,
7290118820543,false,מארז שיפודי אנטריקוט עגלה טרי 6יח.,אחים דובקין בעמ,,,יח,3,יח,false,1,79,26.33,false,1,
7290118820550,false,מארז שיפודי אנטריקוט עגלה טרי 4יח,אחים דובקין בעמ,,,יח,2,יח,false,1,59,29.50,false,1,
7290118820574,false,מארז נשנושי אסאדו עגלה.,אחים דובקין בעמ,,,יח,3.50,יח,false,1,39,11.14,false,1,
7290118820697,false,שיפודי סושי בשר 3 יח`במארז,אחים דובקין בעמ,,,יח,1.80,יח,false,1,49,27.22,false,1,
7290118820710,false,אנטריקוט עגלה- סטייק טרי ארוז,אחים דובקין בעמ,,,יח,4,יח,false,1,95,23.75,false,1,
7290118820734,false,מארז נתח קבציה משופד טרי חלק 4יח,אחים דובקין בעמ,,,יח,2,יח,false,1,59,29.50,false,1,
7290118820796,false,מארז סטייק פיקניה אנגוס טרי 2יח,אחים דובקין בעמ,,,יח,3,יח,false,1,69,23,false,1,
7290118820819,false,מארז סינטה עגלה טרי סטייקים 2יח,אחים דובקין בעמ,,,יח,2,יח,false,1,69,34.50,false,1,
7291044056006,false,טוסטר לחיצה נירוסטה ענק,סמיקום לקסיס בעמ,,,יח,1,יח,false,1,240,240,false,1,
7291044058031,false,טוסטר וופל בלגי 900W,סמיקום לקסיס בעמ,,,יח,1,יח,false,1,130,130,false,1,
7291044061680,false,מצנם ל-2 פרוסות יונדאי 900W אדום,סמיקום לקסיס בעמ,,,יח,1,יח,false,1,109,109,false,1,
7291044066296,false,טוסטר לחיצה 2 פרוסות גריל HYUNDAI,סמיקום לקסיס בעמ,,,יח,1,יח,false,1,110,110,false,1,
7291044068917,false,קומקום נירוסטה מט שמפניה 1.7 ליטר,סמיקום לקסיס בעמ,,,יח,1,יח,false,1,129,129,false,1,
7291044069631,false,קומקום חשמלי לבן /0.8ל יונדאי,סמיקום לקסיס בעמ,,,יח,1,יח,false,1,54.90,54.90,false,1,
7291044071276,false,משקל מטבח דיגיטלי מפואר HYUNDAI,סמיקום לקסיס בעמ,,,יח,1,יח,false,1,138,138,false,1,
7291044083293,false,קומקום חשמלי 1.7ליטר זכוכית שחור יונדאי,סמיקום לקסיס בעמ,,,יח,1,,false,1,146,146,false,1,
7291044085112,false,קומקום זכוכית אדום 1.7 יונדאי,סמיקום לקסיס בעמ,,,יח,1,יח,false,1,119,119,false,1,
7291044091304,false,מיקסר יד חשמל יונדאי סמיקום לקסיס 250W,סמיקום לקסיס בעמ,,,יח,1,יח,false,1,120,120,false,1,
7291044106930,false,מטחנת קפה/תבלינים W300 gr110,סמיקום לקסיס בעמ,,,יח,1,יח,false,1,215,215,false,1,
7291044113259,false,בלנדר 500w +מטחנת קפה לבן HYUNDAI,סמיקום לקסיס בעמ,,,יח,1,,false,1,179,179,false,1,
7296021656057,false,כף גלידה מפלסטיק,אקסטרה ריטייל גרופ בעמ,,,יח,1,,false,1,5.90,5.90,false,1,
7296049014563,false,קוברה מתקן כביסה חשמלי,אוהב ציון בעמ,,,יח,1,,false,1,450,450,false,1,
7296049015980,false,"קוברה פינג`אן 800 מ""ל",אוהב ציון בעמ,,,יח,1,,false,1,19.90,19.90,false,1,
7296049016277,false,מתקן כביסה אלומניום רגל לבנה,אוהב ציון בעמ,,,יח,1,,false,1,149,149,false,1,
7296049016284,false,מתקן כביסה אלומניום רגל שחורה,אוהב ציון בעמ,,,יח,1,,false,1,140,140,false,1,
7296049022513,false,בוס מצנם 2 פרוסות נירוסטה,אוהב ציון בעמ,,,יח,1,,false,1,110,110,false,1,
7296049222944,false,קנקן תה וחליטות מזכוכית,אוהב ציון בעמ,,,יח,1,,false,1,39.90,39.90,false,1,
7296049259131,false,דן סט 3 קערות פלסטיק 24/32,אוהב ציון בעמ,,,יח,1,,false,1,12.90,12.90,false,1,
7296058000526,false,פריכיות כוסמת פרח 160 גרם,מ.ד אטיאס סוכנויות מזון בע`מ,,,יח,1,יח,false,1,6.30,6.30,false,1,
7296058110010,false,"פריכיות אורז פרח כשל""פ 110 גר'",מ.ד אטיאס סוכנויות מזון בע`מ,,,יח,1,,false,1,4.50,4.50,true,1,
7296146077775,false,פתילונים משושים*,ח.כהן סוכנות מזון ומשקאות בע,,,יח,1,,false,1,3.50,3.50,false,1,
7296155150247,false,סט נטלה מהודרת +מיכסה,עולם הבית,,,יח,1,,false,1,4.90,4.90,false,1,
7297070000051,false,גרבי ברך דינמו*3זוגות,אחים וייס י.ש.י.ייצור ושווק בע,,,יח,1,,false,1,12.90,12.90,false,1,
7297070000334,false,גרבי ירך לייקרה לנשים ג'ורג'יו 40 דנייר,אחים וייס י.ש.י.ייצור ושווק בע,,,יח,1,,false,1,14.90,14.90,false,1,
7297070000341,false,גרבי ברך לייקרה לנשים גלוריה,אחים וייס י.ש.י.ייצור ושווק בע,,,יח,1,,false,1,9.90,9.90,false,1,
7297070000365,false,אלכנסדרה - גרביון נשים 15 דנ' ג'ורג'יו,אחים וייס י.ש.י.ייצור ושווק בע,,,יח,1,,false,1,15.90,15.90,false,1,
7297070000372,false,אנדראה - גרביון נשים 20 דנ' ג'ורג'יו,אחים וייס י.ש.י.ייצור ושווק בע,,,יח,1,,false,1,16.90,16.90,false,1,
7297070001010,false,גרבי ברך נשים 40 דניר מדיצ'י פטריצה,אחים וייס י.ש.י.ייצור ושווק בע,,,יח,1,,false,1,6.90,6.90,false,1,
7297070001225,false,בוניטה - גרביון נשים 15 דנ' מדיצ'י,אחים וייס י.ש.י.ייצור ושווק בע,,,יח,1,,false,1,11.90,11.90,false,1,
7297070001232,false,ג'סיקה גרביון נשים 20 דנ' מדיצ'י,אחים וייס י.ש.י.ייצור ושווק בע,,,יח,1,,false,1,13.90,13.90,false,1,
7297070001249,false,ויאולה - גרביון נשים 40 דנ' מדיצ'י,אחים וייס י.ש.י.ייצור ושווק בע,,,יח,1,,false,1,14.90,14.90,false,1,
7297070001287,false,דונליט גרבי גברים עקביות*3,אחים וייס י.ש.י.ייצור ושווק בע,,,יח,1,,false,1,11.90,11.90,false,1,
7297070001294,false,פיונה גרבי נשים עקביות*3,אחים וייס י.ש.י.ייצור ושווק בע,,,יח,1,,false,1,11.90,11.90,false,1,
7297070002321,false,עיקביות נשים כותנה NO SHOW,אחים וייס י.ש.י.ייצור ושווק בע,,,יח,1,,false,1,11.90,11.90,false,1,
7297070002338,false,קרסוליות נשים כותנה SHORT,אחים וייס י.ש.י.ייצור ושווק בע,,,יח,1,,false,1,11.90,11.90,false,1,
7297094016052,false,שלישיית מגבות מטבח ג,רומנטקס בעמ,,,יח,1,,false,1,18.90,18.90,false,1,
7297094018773,false,סט סאטן אל קמט יחיד,רומנטקס בעמ,,,יח,1,,false,1,79.90,79.90,false,1,
7297094102380,false,סט קיץ זוגי רחב לבן,רומנטקס בעמ,,,יח,1,,false,1,77.90,77.90,false,1,
7297292000310,false,בד צח סריגית רך ועדין 18 יח',כ. כיפות שיווק וסחר בעמ,,,יח,1,,false,1,7.40,7.40,false,1,
7297395000019,false,בדי בדיקה רגילים,חן המעיין בעמ,,,יח,1,,false,1,5.50,5.50,false,1,
7297395000026,false,בדי בדיקה שלישייה בקופסא,חן המעיין בעמ,,,יח,1,,false,1,13.90,13.90,false,1,
7297395000040,false,בדי בדיקה מיוחדים,חן המעיין בעמ,,,יח,1,,false,1,6.90,6.90,false,1,
7297488098169,false,"קמח תירס ללא גלוטן דג""ש","תבליני העליון בע""מ",,,יח,5,ל 100 גרם,false,1,8.90,1.78,false,1,
7297488098190,false,0 קמח אורז מלא ללא גלוטן,אף.סי תבליני בגליל ב,,,יח,5,ל 100 גרם,false,1,11.90,2.38,false,1,
7297488098220,false,קמח תפוחי אדמה 500 גרם דגש,תות תעשיות מזון (201,,,יח,5,ל 100 גרם,false,1,10.90,2.18,false,1,
7297488099906,false,פרוסות בסגנון קלאסי 18% טבעונית 200 גרם,קפוא זן תעשיות מזון בעמ,,,יח,2,ל 100 גרם,false,1,17.90,8.95,false,1,
7297488099951,false,מלוחה מופחת שומן 5% 250גר משומשו,קפוא זן תעשיות מזון בעמ,,,יח,2.50,ל 100 גרם,false,1,17.90,7.16,false,1,
7297594026674,false,חנוכיה קריסטל מוכסף/זהב 194055,מ.י.ד גוליאן בעמ,,,יח,1,,false,1,169,169,false,1,
7297594068452,false,חנוכית קריסטל רגל מתכת זהב,מ.י.ד גוליאן בעמ,,,יח,1,,false,1,89.90,89.90,false,1,
7297594068490,false,.חנוכית קריסטל רגל מתכת זהב,מ.י.ד גוליאן בעמ,,,יח,1,,false,1,69.90,69.90,false,1,
7297594078512,false,חנוכיה מתכת בציפוי כרום כסןף)(202925,מ.י.ד גוליאן בעמ,,,יח,1,,false,1,399,399,false,1,
7312040017683,false,מארז אבסולוט רגיל(וודקה {}{700 עם כוס,טמפו משקאות בע`מ,,,יח,7,"ל 100 מ""ל",false,1,69.90,9.94,true,1,
7394376123337,false,"משקה שיבולת שועל אורגני מפוקח ע""י סקאל",טרנסומס פוד איי.בי,,,יח,6,"ל 100 מ""ל",false,1,13.90,2.32,false,1,
7394376615825,false,אוטלי משקה שיבולת שועל מועשר בסידן וויטמינים 1 ליטר,ש. שסטוביץ בע`מ,,,יח,6,"ל 100 מ""ל",false,1,13.90,2.32,false,1,
7394376616778,false,אוטלי משקה שיבולת שועל להקצפה בריסטה 1 ליטר,ש. שסטוביץ בע`מ,,,יח,6,"ל 100 מ""ל",false,1,15.90,2.65,false,1,
7501013122039,false,ג'ומקס מיץ מנגו קרטונית ליטר תריסר,חומקס קומר קומרסאליזדורה,,,יח,10,"ל 100 מ""ל",false,1,9.20,0.89,false,1,
7501013122053,false,ג'ומקס מיץ אפרסק קרטונית ליטר תריסר,חומקס קומר קומרסאליזדורה,,,יח,10,"ל 100 מ""ל",false,1,9.20,0.89,false,1,
7501013122114,false,"נקטר משקה אננס בקרטונית ג'ומקס, 1 ל'",חומקס קומר קומרסאליזדורה,,,יח,10,"ל 100 מ""ל",false,1,9.20,0.89,false,1,
7501013122190,false,ג'ומקס מיץ תפוחים קרטונית ליטר תריסר,חומקס קומר קומרסאליזדורה,,,יח,10,"ל 100 מ""ל",false,1,9.20,0.89,false,1,
7501013122992,false,ג'ומקס מיץ קוקוס אננס קרטונית ליטר תריסר,חומקס קומר קומרסאליזדורה,,,יח,10,"ל 100 מ""ל",false,1,9.20,0.89,false,1,
7501013138184,false,משקה חמוציות יוניקו פרסקו ג'ומקס קרטונית 1 ליטר,חומקס קומר קומרסאליזדורה,,,יח,10,"ל 100 מ""ל",false,1,11.20,1.09,false,1,
7501049936945,false,"שישיית בירה סול בקבוק 330 מ""ל",טמפו משקאות בע`מ,,,יח,1.98,יח,false,1,39.90,19.24,true,1,
7501064191466,false,"שישיית בירה קורונה 355 מ""ל בקבוק",תימקו בירה בעמ,,,יח,20,"ל 100 מ""ל",false,1,36.90,1.76,true,1,
7502231540896,false,שמרים 500 גרם דגן (פליישמן),טחנות קמח דגן {2006}בעמ,,,יח,5,ל 100 גרם,false,1,11.90,2.38,false,1,
7509546061665,false,דאודורנט סטיק ג'ל לגבר 24/7 אקסטרים אינטנס,קולגייט פלמוליב,,,יח,0.85,ל 100 גרם,false,1,19.90,23.41,true,1,
7509546061672,false,דאודורנט סטיק אקסטרים אינטנס,קולגייט פלמוליב,,,יח,0.50,ל 100 גרם,false,1,19.90,39.80,true,1,
7509546666846,false,"קולגייט טוטאל משחת שיניים פחם 75 מ""ל",קולגייט פלמוליב,,,יח,0.75,ל 100 גרם,false,1,19.90,26.53,false,1,
7509546678702,false,קולגייט משחת שיניים טוטל אנטי טרטר 100 מ,קולגייט-פלמוליב,,,יח,1,"ל 100 מ""ל",false,1,16.90,16.90,true,1,
7610100034084,false,מיונז טומי בשפורפרת 265 גרם,ליימן שליסל בע`מ,,,יח,2.65,ל 100 גרם,false,1,9.90,3.74,false,1,
7610113011652,false,בריזר - משקה כוהלי מוגז בטעם תפוח,בקרדי בריזר Bacardi Breezer,,,יח,2.75,"ל 100 מ""ל",false,1,13.40,4.76,true,1,
7610243004463,false,"דורגול - מרסס להסרת אבנית במקלחון 600 מ""ל","יעקב יעקבי ובניו בע""מ",,,יח,5,"ל 100 מ""ל",false,1,20.90,4.18,false,1,
7613030979647,false,דגני בוקר טריקס פירות עולם היורה 480 ג',קבוצת אוסם סחר שותפות מוגבלת,,,יח,4.80,ל 100 גרם,false,1,23.90,4.98,true,1,
7613032045753,false,פיטנס דגנים מחיטה מלאה שוקולד 375גרם,קבוצת אוסם סחר שותפות מוגבלת,,,יח,3.75,ל 100 גרם,false,1,19.90,5.31,true,1,
7613033548192,false,פיטנס - דגני בוקר שוקולד מריר 375 גרם,קבוצת אוסם סחר שותפות מוגבלת,,,יח,3.75,ל 100 גרם,false,1,19.90,5.31,true,1,
7613035758834,false,פיטנס סופר גרנולה וחמוציות 300 גרם,קבוצת אוסם סחר שותפות מוגבלת,,,יח,3,ל 100 גרם,false,1,15.90,5.30,false,1,
7613035809109,false,פרפקטו רוטב עגבניות ובזיליקום אסם 400 גרם,קבוצת אוסם סחר שותפות מוגבלת,,,ל 100 גרם,4,ל 100 גרם,false,1,9.90,2.48,true,1,
7613035809123,false,פרפקטו רוטב עגבניות עם פלפלים אסם 400 גרם,קבוצת אוסם סחר שותפות מוגבלת,,,ל 100 גרם,4,ל 100 גרם,false,1,9.90,2.48,true,1,
7613035809857,false,פרפקטו רוטב עגבניות לפסטה ולבישול אסם 400 גרם,קבוצת אוסם סחר שותפות מוגבלת,,,ל 100 גרם,4,ל 100 גרם,false,1,9.90,2.48,true,1,
7613036105545,false,"דוגלי גזע קטן 4*3 קילו ""אסם""",קבוצת אוסם סחר שותפות מוגבלת,,,יח,30,ל 100 גרם,false,1,47.90,1.60,false,1,
7613036288958,false,"דוגלי בקר לפעילים 3 ק""ג",קבוצת אוסם סחר שותפות מוגבלת,,,יח,3,"לק""ג",false,1,47.90,15.97,false,1,
7613036725286,false,דנטלייף חטיף דנטלי לחתול בטעם סלמון,קבוצת אוסם סחר שותפות מוגבלת,,,יח,0.40,ל 100 גרם,false,1,9.90,24.75,false,1,
7613036760195,false,נסקפה דולצה גוסטו אספרסו קפסולות אינטנסו 112 ג',קבוצת אוסם סחר שותפות מוגבלת,,,יח,2.16,ל 100 גרם,false,1,28.90,13.38,false,1,
7613036867870,false,נסקפה דולצה גוסטו אספרסו בריסטה קפסולות 112 ג',קבוצת אוסם סחר שותפות מוגבלת,,,יח,2.16,ל 100 גרם,false,1,28.90,13.38,false,1,
7613036880534,false,גרבר מחית ירקות מעורבים מטרנה 190 גר',קבוצת אוסם סחר שותפות מוגבלת,,,יח,1.90,ל 100 גרם,false,1,7.90,4.16,true,1,
7613036976671,false,פריסקיז פאוצ' עוף ברוטב 26*85גרם,קבוצת אוסם סחר שותפות מוגבלת,,,יח,0.85,ל 100 גרם,false,1,4.50,5.29,false,1,
7613036976695,false,פריסקיז - פאוץ בקר ברוטב 85 גרם,קבוצת אוסם סחר שותפות מוגבלת,,,יח,0.85,ל 100 גרם,false,1,4.50,5.29,false,1,
7613036976718,false,פריסקיז פאוצ' ברווז ברוטב 26*85גרם,קבוצת אוסם סחר שותפות מוגבלת,,,יח,0.85,ל 100 גרם,false,1,4.50,5.29,false,1,
7613037686906,false,פיטנס שקדים ודבש 355 גרם מופחת סוכר,קבוצת אוסם סחר שותפות מוגבלת,,,יח,3.35,ל 100 גרם,false,1,19.90,5.94,true,1,
7613037687132,false,דגני בוקר פיטנס שקדים ודבש 585 גרם,קבוצת אוסם סחר שותפות מוגבלת,,,יח,3.35,ל 100 גרם,false,1,29.90,8.93,true,1,
7613039879382,false,מחית תפוח עץ 190 גר` גרבר כשר לפסח,קבוצת אוסם סחר שותפות מוגבלת,,,יח,1.90,ל 100 גרם,false,1,5.90,3.11,true,1,
7613039880807,false,גרבר מחית תפוח וגזר 190 גרם,קבוצת אוסם סחר שותפות מוגבלת,,,יח,1.90,ל 100 גרם,false,1,5.90,3.11,true,1,
7613039881521,false,גרבר מחית מרק מנגו 190 גרם,קבוצת אוסם סחר שותפות מוגבלת,,,יח,1.90,ל 100 גרם,false,1,5.90,3.11,true,1,
7613287121783,false,סמארטיס מיני 16*187 גרם,קבוצת אוסם סחר שותפות מוגבלת,,,יח,1.87,ל 100 גרם,false,1,13.90,7.43,false,1,
7613287162281,false,קפסולות קפה אספרסו גרנדה אינטנסו דולצ'ה גוסטו 144 ג',קבוצת אוסם סחר שותפות מוגבלת,,,יח,1.44,ל 100 גרם,false,1,28.90,20.07,false,1,
7613287182425,false,ויטמינציק מחית תפוח בננה ותות 110 גרם,קבוצת אוסם סחר שותפות מוגבלת,,,יח,1,"ל 100 ס""מ",false,1,5.90,5.90,true,1,
7613287186928,false,קפסולות קפה סומטרה (10 יח) סטארבקס (56 ג,קבוצת אוסם סחר שותפות מוגבלת,,,ל 100 גרם,0.56,ל 100 גרם,false,1,22.90,40.89,true,1,
7613287302373,false,סטארבקס קפסולות איטליאן סטייל רוסט 56 גרם,קבוצת אוסם סחר שותפות מוגבלת,,,ל 100 גרם,6.84,ל 100 גרם,false,1,22.90,3.35,true,1,
7613287325808,false,אוסם - דיפ אנד ספרד מטבל איולי שום 295 גרם,קבוצת אוסם סחר שותפות מוגבלת,,,יח,2.95,"ל 100 מ""ל",false,1,15.90,5.39,true,1,
7613287325822,false,אוסם - דיפ אנד ספרד מטבל מיקס 295 גרם,קבוצת אוסם סחר שותפות מוגבלת,,,יח,2.95,"ל 100 מ""ל",false,1,15.90,5.39,true,1,
7613287325853,false,אוסם - דיפ אנד ספרד מטבל איולי ספייסי 295 גרם,קבוצת אוסם סחר שותפות מוגבלת,,,יח,2.95,"ל 100 מ""ל",false,1,15.90,5.39,true,1,
7613287325952,false,אוסם - דיפ אנד ספרד מטבל ברבקיו 345 גרם,קבוצת אוסם סחר שותפות מוגבלת,,,יח,3.45,"ל 100 מ""ל",false,1,15.90,4.61,true,1,
7613287394323,false,דגני בוקר מולטי צ'יריוס 600 גרם,קבוצת אוסם סחר שותפות מוגבלת,,,יח,6,ל 100 גרם,false,1,23.90,3.98,true,1,
7613287476494,false,אוסם - דיפ אנד ספרד מיונז בסגנון צרפתי 280 גרם,קבוצת אוסם סחר שותפות מוגבלת,,,יח,2.80,"ל 100 מ""ל",false,1,15.90,5.68,true,1,
7613287476678,false,דגני בוקר סינימיניס צ'ורוס נסטלה 360 ג',קבוצת אוסם סחר שותפות מוגבלת,,,יח,4.80,ל 100 גרם,false,1,23.90,4.98,true,1,
7613287855640,false,סטארבקס קפסולות קפה גוואטמלה 10 יחידות,קבוצת אוסם סחר שותפות מוגבלת,,,ל 100 גרם,6.84,ל 100 גרם,false,1,22.90,3.35,true,1,
7622010001858,false,עוגיות אוראו ממולאות קרם וניל 176 גרם.,דיפלומט מפיצים (1968) בעמ**,,,יח,1.76,יח,false,1,8.90,5.06,true,1,
7622201050757,false,מילקה שוקולד חלב במילוי קרם קרמל 100 ג,דיפלומט מפיצים (1968) בעמ**,,,ל 100 גרם,1,ל 100 גרם,false,1,6.90,6.90,true,1,
7622201139278,false,גבינת פילדלפיה שמנת 150 גר`% (27 שומן),מיודלז אספניה פרודוק,,,יח,1.50,ל 100 גרם,false,1,12.90,8.60,true,1,
7622201401900,false,עוגיות סנסיישן אוראו מילקה 156 גרם,דיפלומט מפיצים (1968) בעמ**,,,יח,1.56,ל 100 גרם,false,1,12.90,8.27,true,1,
7622201500733,false,עוגיות אוראו רמיקס דאבל קרם קרמל וניל157,דיפלומט מפיצים (1968) בע`מ,,,יח,1.57,ל 100 גרם,false,1,7.90,5.03,false,1,
7622201502515,false,עוגיות מילקה קוקי לופ שוקולד צ'יפס,דיפלומט מפיצים (1968) בעמ**,,,יח,1.32,ל 100 גרם,false,1,12.90,9.77,true,1,
7622201521493,false,גבינת פילדלפיה שום ועשבי תיבול 150 גר` (,מיודלז אספניה פרודוק,,,יח,1.50,ל 100 גרם,false,1,12.90,8.60,true,1,
7622201798154,false,גבינת שמנת לייט מופחתת שומן 13% שומן,מיודלז אספניה פרודוק,,,יח,1.50,ל 100 גרם,false,1,13.90,9.27,true,1,
7622201801809,false,מילקה שוקולד חלב עם אגוזים 100 גרם חדש,מנדלז דויצ'\לנד סנקס פרו,,,יח,1,ל 100 גרם,false,1,6.90,6.90,true,1,
7622201802363,false,מילקה טבלת שוקולד חלב וצימוקים ואגוזים 100ג',מנדלז דויצ'\לנד סנקס פרו,,,יח,1,ל 100 גרם,false,1,6.90,6.90,true,1,
7622201808631,false,אוראו מיני עוגיות ממולאות קרם וניל 67גרם,דיפלומט מפיצים (1968) בעמ**,,,יח,67,ל 100 גרם,false,1,6.90,0.10,true,1,
7622201813390,false,עוגיות מילקה וואפל במילוי קרם קקאו 150 ג,דיפלומט מפיצים (1968) בעמ**,,,יח,2,ל 100 גרם,false,1,12.90,6.45,true,1,
7622210078131,false,שוקולד חלב עם שבבי קרמל מילקה דיים 100 גרם,מנדלז דויצ'\לנד סנקס פרו,,,ל 100 גרם,1,ל 100 גרם,false,1,6.90,6.90,true,1,
7622210137234,false,אוראו עוגיות עם דאבל קרם בטעם וניל 170ג,דיפלומט מפיצים (1968) בעמ**,,,יח,1.76,ל 100 גרם,false,1,8.90,5.06,true,1,
7622210163899,false,שוקולד חלב במילוי סוכריות עדשים,דיפלומט מפיצים (1968) בעמ**,,,ל 100 גרם,1,ל 100 גרם,false,1,6.90,6.90,true,1,
7622210453327,false,עוגיות שוקוצ'יפס במילוי שוקולד סנסיישן,דיפלומט מפיצים (1968) בעמ**,,,יח,1.56,ל 100 גרם,false,1,12.90,8.27,true,1,
7622210635105,false,עוגיות אוראו במילוי תות 154 גרם,דיפלומט מפיצים (1968) בעמ**,,,ל 100 גרם,1.54,ל 100 גרם,false,1,6.50,4.22,true,1,
7622210637994,false,מיני עוגיות אוראו קראנצ'י בייטס אורגינל,דיפלומט מפיצים (1968) בעמ**,,,יח,1.10,ל 100 גרם,false,1,8.50,7.73,true,1,
7622210638021,false,מיני עוגיות אוראו קראנצ'י בייטס מצופים,דיפלומט מפיצים (1968) בעמ**,,,יח,1.10,ל 100 גרם,false,1,8.50,7.73,true,1,
7622210826053,false,מילקה שוקולד אוראו סנדוויץ 100 גרם,דיפלומט מפיצים (1968) בעמ**,,,יח,1,ל 100 גרם,false,1,6.90,6.90,true,1,
7622210835338,false,אוראו עוגיות ממולאות טעם בראוניז 176 גרם,דיפלומט מפיצים (1968) בעמ**,,,ל 100 גרם,0.1760,ל 100 גרם,false,1,7.90,44.89,true,1,
7622300270506,false,מילקה גריינס - עוגיות שיבולת שועל מצופות שוקולד 168 ג',דיפלומט מפיצים (1968) בעמ**,,,יח,1.68,ל 100 גרם,false,1,12.90,7.68,true,1,
7622300489427,false,עוגיות אוראו בציפוי בטעם שוקולד לבן 246 גרם,דיפלומט מפיצים (1968) בעמ**,,,יח,0.2460,ל 100 גרם,false,1,17.90,72.76,true,1,
7622300489434,false,"עוגיות אוראו פאדג' בציפוי שוקולד חלב, 246 גרם",דיפלומט מפיצים (1968) בעמ**,,,יח,0.2460,ל 100 גרם,false,1,17.90,72.76,true,1,
7622300495046,false,מילקה שוקולד חלב עם אקסטרה קקאו 100 גרם,מנדלז דויצ'\לנד סנקס פרו,,,יח,1,,false,1,6.90,6.90,true,1,
7622300503079,false,עוגיות ביסקוויט מצופה שוקולד חלב מילקה 200 גרם,דיפלומט מפיצים (1968) בעמ**,,,יח,2,ל 100 גרם,false,1,12.90,6.45,true,1,
7622300617820,false,מילקה שוקולד חלב במילוי קרם חלב ווניל ושבבי עוגיות אוראו 100 גרם,מנדלז דויצ'\לנד סנקס פרו,,,יח,1,ל 100 גרם,false,1,6.90,6.90,true,1,
7622300761363,false,עוגיות מיני אוראו במילוי קרם בטעם שוקולד בכוס,דיפלומט מפיצים (1968) בעמ**,,,יח,0.67,ל 100 גרם,false,1,6.50,9.70,true,1,
7622300772314,false,עוגיות אוראו ממולאות קרם בטעם וניל 66גר,דיפלומט מפיצים (1968) בעמ**,,,יח,0.66,ל 100 גרם,false,1,4.50,6.82,true,1,
7630311507016,false,קפסולות קפה סטארבקס סאני דיי 12*57גר`,קבוצת אוסם סחר שותפות מוגבלת,,,ל 100 גרם,6.84,ל 100 גרם,false,1,22.90,3.35,true,1,
7630477891592,false,סטארבקס קפסולות קפה האוס בלנד 10 יחידות,קבוצת אוסם סחר שותפות מוגבלת,,,ל 100 גרם,6.84,ל 100 גרם,false,1,22.90,3.35,true,1,
7630477891653,false,סטארבקס קפסולות קפה אספרסו נטול 10 יחידו,קבוצת אוסם סחר שותפות מוגבלת,,,ל 100 גרם,6.84,ל 100 גרם,false,1,22.90,3.35,true,1,
7630477891677,false,סטארבקס קפסולות קפה פייק פלייס 10 יחידות,קבוצת אוסם סחר שותפות מוגבלת,,,ל 100 גרם,6.84,ל 100 גרם,false,1,22.90,3.35,true,1,
7630477891691,false,קפסולות קפה קולומביה (10 יח) סטארבקס ( 5,קבוצת אוסם סחר שותפות מוגבלת,,,ל 100 גרם,6.84,ל 100 גרם,false,1,22.90,3.35,true,1,
7630477891714,false,סטארבקס קפסולות קפה אספרסו 10 יחידות,קבוצת אוסם סחר שותפות מוגבלת,,,ל 100 גרם,6.84,ל 100 גרם,false,1,22.90,3.35,true,1,
7702018069347,false,סכיני גילוח חד פעמיים לנשים Blue 2,דיפלומט מפיצים {1968}בעמ,,,יח,1,,false,1,29.90,29.90,false,1,
7702018321520,false,דאודורנט סטיק לגבר Pro G Arctic ice,דיפלומט מפיצים (1968) בעמ,,,יח,2.50,ל 100 גרם,false,1,22.90,9.16,false,1,
7702018852444,false,גילט פיוזן פאוור 5 מכשיר גילוח+1 סכין,דיפלומט מפיצים (1968) בעמ,,,יח,1,,false,1,48.90,48.90,false,1,
7702024074625,false,פיטנס - חטיפי קרקר חיטה מלאה 234 גרם,קבוצת אוסם סחר שותפות מוגבלת,,,יח,0.2340,ל 100 גרם,false,1,11.90,50.85,false,1,
7702024258322,false,"חטיפי קרקר עם חיטה מלאה, צ'יה וזרעי פשתן פיטנס",קבוצת אוסם סחר שותפות מוגבלת,,,יח,0.2340,ל 100 גרם,false,1,11.90,50.85,false,1,
7702174066631,false,לקקן יוגטה פין פופ במילוי מסטיק 170 גר,קומסטיבלס לה רוזה אס.איי,,,יח,1.80,ל 100 גרם,false,1,8.90,4.94,false,1,
7702174068826,false,יוגטה מבחר סוכריות לקקן קשות ממולאות טופי בטעמי יוגורט ופירות 204 גרם,הדקלאים אגודת שיתופי,,,יח,2.16,ל 100 גרם,false,1,9.90,4.58,false,1,
7702174070201,false,יוגטה לקקן בטעם מסטיק ממולא טופי בטעם תות 12 יח' 204 גרם,הדקלאים אגודת שיתופי,,,יח,2.16,ל 100 גרם,false,1,9.90,4.58,false,1,
7702174073783,false,סוכריות על מקל בטעם קולה במילוי גומי לעיסה,הדקלאים אגודת שיתופי,,,יח,1,,false,1,8.90,8.90,false,1,
7702174073844,false,לקקן יוגטה פין פופ פירות 48 יח 672 גרם,הדקלאים אגודת שיתופי,,,יח,1,,false,1,19.90,19.90,false,1,
7790040420076,false,מיני אלפחורס בון בון 117 גר,לירון קרביץ יבוא שיווק וסחר,,,יח,1.17,ל 100 גרם,false,1,8.90,7.61,false,1,
7790580014216,false,בון בון חטיף שוקולד מצופה וממולא 27ג',לירון קרביץ יבוא שיווק וסחר,,,יח,1,ל 100 גרם,false,1,1.90,1.90,true,1,
7790580109646,false,"וופל בון בון, 45 גרם",לירון קרביץ יבוא שיווק וסחר,,,יח,9.59,ל 100 גרם,false,1,2.50,0.26,true,1,
7790580315986,false,סוכריות ממולאות תות 453ג' מהדרין,לירון קרביץ יבוא שיווק וסחר,,,יח,1,,false,1,13.90,13.90,false,1,
7790580328511,false,סוכריות טופי חלב קפה אספרסו 483 גרם,לירון קרביץ יבוא שיווק וסחר,,,יח,0.4830,ל 100 גרם,false,1,16.90,34.99,false,1,
7790580412654,false,מארז בון בון צהוב 270 גרם,לירון קרביץ יבוא שיווק וסחר,,,יח,2.70,ל 100 גרם,false,1,17.90,6.63,false,1,
7790580419738,false,ביצי שוקולד במילוי קרם בוטנים,לירון קרביץ יבוא שיווק וסחר,,,יח,1.56,ל 100 גרם,false,1,12.90,8.27,false,1,
7790580421663,false,שוקולד בון בון ריבת חלב 288 גרם,לירון קרביץ יבוא שיווק וסחר,,,יח,2.28,ל 100 גרם,false,1,19.90,8.73,false,1,
7798382150019,false,אוכמניות טריות 125גרם,ביכורי השדה צפון 1994 ג.ד. בעמ,,,יח,1,,false,1,14.90,14.90,true,1,
7891024030974,false,"קולגייט משחת שיניים טריפל אקשן 75 מ""ל",הנסיך- מפעל לייצור ט,,,יח,0.75,ל 100 גרם,false,1,5.90,7.87,false,1,
7891024124826,false,קולגייט משחת אופטיק ספרקלינג וייט 75מל,הנסיך- מפעל לייצור ט,,,יח,0.75,ל 100 גרם,false,1,19.90,26.53,true,1,
7891024130063,false,"קולגייט מי פה פלאקס ללא אלכוהול 500 מ""ל מהדרין",קולגייט- פלמוליב,,,יח,5,ל 100 גרם,false,1,29.90,5.98,true,1,
7891024179482,false,"שטיפת פה קולגייט אופטיק וייט 500מ""ל",יבואן ומשווק: ש. שסט,,,יח,5,"ל 100 מ""ל",false,1,29.90,5.98,true,1,
8000380003723,false,וופלים גרנד פטיסרי במילוי קרם אגוזים 100,קריניציה ויטמינה אס,,,יח,1,ל 100 גרם,false,1,12.90,12.90,true,1,
8000380003761,false,וופל גרנד פטיסרי שוקולד וקוקוס לואקר 100 גרם,קריניציה ויטמינה אס,,,יח,1,ל 100 גרם,false,1,12.90,12.90,true,1,
8000380004669,false,וופל לואקר סנדוויץ קוביות ושוקולד 200ג',"א. לואקר, קונפקט ג'י",,,יח,2,ל 100 גרם,false,1,11.90,5.95,true,1,
8000380004676,false,קוביות וופל סנדוויץ Sandwich עם וניל וחלב,"א. לואקר, קונפקט ג'י",,,יח,2,ל 100 גרם,false,1,11.90,5.95,true,1,
8000380004911,false,קוביות וופל קואדרטיני Quadratini קרם אגוזים,קריניציה ויטמינה אס,,,יח,2.50,ל 100 גרם,false,1,13.90,5.56,false,1,
8000380004966,false,וופל קוארדטיני לואקר קוביות שוקולד 250ג',קריניציה ויטמינה אס,,,יח,2.50,ל 100 גרם,false,1,13.90,5.56,false,1,
8000380005598,false,מארז וופל שוקולד טורטינה Tortina שוקולד מריר,א. לואקר אס. פי. אי-אי.,,,יח,1.25,ל 100 גרם,false,1,16.90,13.52,false,1,
8000380005918,false,וופל קוביות קואדרטיני אגוזים לואקר 125 גרם,ליימן שליסל בע`מ,,,יח,1.25,ל 100 גרם,false,1,7.90,6.32,true,1,
8000380005963,false,וופל קוארדטיני שוקולד לואקר 125 גרם,ליימן שליסל בע`מ,,,יח,1.25,ל 100 גרם,false,1,7.90,6.32,true,1,
8000380007219,false,וופל לואקר ממולא קרם אגוזים 175 גרם,ליימן שליסל בע`מ,,,יח,1.75,ל 100 גרם,false,1,10.90,6.23,false,1,
8000380007257,false,וופל גרדנה במילוי קרם אגוזים מצופה,קריניציה ויטמינה אס,,,יח,2,ל 100 גרם,false,1,13.90,6.95,true,1,
8000380007264,false,וופל לואקר ממולא קרם קקאו 175 גרם,קריניציה ויטמינה אס,,,יח,1.75,ל 100 גרם,false,1,10.90,6.23,false,1,
8000380007271,false,וופל במילוי קרם חלב לואקר (175 גרם),ליימן שליסל בע`מ,,,יח,1.75,ל 100 גרם,false,1,10.90,6.23,false,1,
8000380106028,false,טורטינה לואקר וופל שוקולד ואגוזים שישיה 125ג',קריניציה ויטמינה אס,,,יח,1.25,ל 100 גרם,false,1,15.90,12.72,false,1,
8000380144044,false,גרדנה וופל מצופה שוקולד חלב לואקר 200 גרם,ליימן שליסל בע`מ,,,יח,2,ל 100 גרם,false,1,13.90,6.95,true,1,
8000380148035,false,וופל אגוזי לוג שוקולד מריר גראן פטיסרי Gran Pasticceria,קריניציה ויטמינה אס,,,יח,1,ל 100 גרם,false,1,12.90,12.90,true,1,
8000380152728,false,מארז חטיפי אצבעות גרנדה שוקולד 125 גרם,ליימן שליסל בע`מ,,,יח,1.25,ל 100 גרם,false,1,13.90,11.12,true,1,
8000380153534,false,מארז וופל שוקולד טורטינה Tortina שוקולד לבן,א. לואקר אס. פי. אי-אי.,,,יח,1.25,יח,false,1,15.90,12.72,false,1,
8000380156009,false,פרלינים ורד הדולומיטים חלב לואקר 150 גרם,קריניציה ויטמינה אס,,,יח,1.50,ל 100 גרם,false,1,25.90,17.27,false,1,
8000380156849,false,שוקולד מריר במילוי קרם קקאו וופל לואקר 87 גרם,ליימן שליסל בעמ,,,יח,0.87,ל 100 גרם,false,1,7.90,9.08,false,1,
8000380156856,false,שוקולד לבן במילוי קרם חלב וופל לואקר 87 גרם,ליימן שליסל בע`מ,,,יח,0.87,ל 100 גרם,false,1,7.90,9.08,false,1,
8000380157440,false,שוקולד חלב במילוי קרם אגוזי לוז לואקר 87 גרם,ליימן שליסל בע`מ,,,יח,0.87,ל 100 גרם,false,1,6.90,7.93,false,1,
8000380180721,false,לואקר וופל קקאו במילוי קרם חלבי 175 גר,קריניציה ויטמינה אס,,,יח,1.75,ל 100 גרם,false,1,10.90,6.23,false,1,
8000380180745,false,וופל קוביות קקאו במילוי קרם חלב לואקר 250 גרם,"א. לואקר, קונפקט ג'י",,,יח,2.50,ל 100 גרם,false,1,13.90,5.56,false,1,
8000380180837,false,וופל גרנד פטיסרי קוקוס לבן מצופה שוקולד לבן לואקר 100 גרם,ליימן שליסל בע`מ,,,יח,1,ל 100 גרם,false,1,12.90,12.90,true,1,
8000380181032,false,"לואקר גרדנה חטיפי אצבעות אגוזים ושוקולד לבן, 125 גרם",ליימן שליסל בע`מ,,,יח,1.25,ל 100 גרם,false,1,13.90,11.12,true,1,
8000380187119,false,עוגיות במילוי קרם אגוזי לוז לואקר 100 גר,ליימן שליסל בע`מ,,,יח,1,ל 100 גרם,false,1,11.90,11.90,false,1,
8000380189281,false,מארז מיני מיקס לואקר בשקית 210 גרם,ליימן שליסל בעמ,,,יח,2.10,ל 100 גרם,false,1,22.90,10.90,false,1,
8000380192151,false,טורטינה שישיה טריפל שוקולד מריר 125 גר`,א. לואקר אס. פי. אי-אי.,,,יח,1.25,ל 100 גרם,false,1,15.90,12.72,false,1,
8000380192199,false,וופל בטעם דאבל שוקולד לואקר (175 גרם),ליימן שליסל בעמ,,,יח,1.75,ל 100 גרם,false,1,10.90,6.23,false,1,
8000380192243,false,וופלים מלבנים פריכיים בטעם אגוז 200 גר`,ליימן שליסל בע`מ,,,יח,2,ל 100 גרם,false,1,11.90,5.95,false,1,
8000380192250,false,וופלים מלבנים פריכיים בטעם שוקולד 200 גר,ליימן שליסל בע`מ,,,יח,2,ל 100 גרם,false,1,11.90,5.95,false,1,
8000380198221,false,"וופל לואקר מקסי דאבל שוקולד 200 גרם בד""צ",ליימן שליסל בעמ,,,יח,2,ל 100 גרם,false,1,11.90,5.95,false,1,
8000380201396,false,שוקולד חלב ממולא קרם קרמל ועלי וופל פריכ,ליימן שליסל בע`מ,,,יח,1.25,ל 100 גרם,false,1,15.90,12.72,false,1,
8000380205400,false,וופלים קואדרטיני חמאת בוטנים לואקר 250 גרם,ליימן שליסל בע`מ,,,יח,2.50,ל 100 גרם,false,1,13.90,5.56,false,1,
8000380205523,false,וופלים בטעם חמאת בוטנים לואקר 175 גרם,ליימן שליסל בעמ,,,יח,1.75,ל 100 גרם,false,1,10.90,6.23,false,1,
8000380206896,false,וופל גרדנה במילוי חמאת בוטנים 200 גרם,ליימן שליסל בע`מ,,,יח,2,ל 100 גרם,false,1,13.90,6.95,true,1,
8000380207183,false,שוקולד לואקר טורטינה חמאת בוטנים 126 גר,ליימן שליסל בע`מ,,,יח,1.26,ל 100 גרם,false,1,15.90,12.62,false,1,
8000500023624,false,חטיפי הפי היפו Happy Hippo במילוי קרם חלב וקקאו,פרימיום-חברה לדברי מתיקה ולמסח,,,יח,1.30,ל 100 גרם,false,1,12.90,9.92,false,1,
8000500023976,false,בונבוניירת רפאלו פררו (150 גרם),פרימיום-חברה לדברי מתיקה ולמסח,,,יח,1.50,ל 100 גרם,false,1,16.90,11.27,false,1,
8000500026731,false,ביצי שוקולד קינדר מארז 3 יח סופרייז,פרימיום-חברה לדברי מתיקה ולמסח,,,יח,0.60,ל 100 גרם,false,1,14.90,24.83,false,1,
8000500029350,false,מארז וופל מצופה 3יח' *43 גרם קינדר בואנו,פרימיום-חברה לדברי מתיקה ולמסח,,,יח,1.29,ל 100 גרם,false,1,10.90,8.45,true,1,
8000500037874,false,בונבונרייה פררו רושר 200 גרם,פרימיום-חברה לדברי מתיקה ולמסח,,,יח,2,ל 100 גרם,false,1,23.90,11.95,true,1,
8000500071083,false,אצבעות שוקולד קינדר Kinder שש עשרה יחידות,פרימיום-חברה לדברי מתיקה ולמסח,,,יח,2,ל 100 גרם,false,1,11.90,5.95,false,1,
8000500075708,false,ביצי שוקולד הפתעה קינדר ג'וי כחול בנים שלישיה,פרימיום-חברה לדברי מתיקה ולמסח,,,יח,0.60,ל 100 גרם,false,1,14.90,24.83,false,1,
8000500121436,false,מארז קינדר בואנו Kinder Bueno לבן שלוש יחידות,פרימיום-חברה לדברי מתיקה ולמסח,,,יח,1.17,ל 100 גרם,false,1,10.90,9.32,true,1,
8000500126325,false,ביצי שוקולד הפתעה קינדר ג'וי ורוד בנות שלישיה,פרימיום-חברה לדברי מתיקה ולמסח,,,יח,0.60,ל 100 גרם,false,1,14.90,24.83,false,1,
8000500167656,false,קינדר שוקולד עם דגנים סיריאל 94 ג',פרימיום-חברה לדברי מתיקה ולמסח,,,יח,1,,false,1,8.90,8.90,false,1,
8000500217740,false,קינדר בואנו מיני 86 גרם,פרימיום-חברה לדברי מתיקה ולמסח,,,יח,0.86,ל 100 גרם,false,1,10.90,12.67,false,1,
8000500224281,false,וופל מלוח במילוי ממרח אגוזי לוז,פרימיום-חברה לדברי מתיקה ולמסח,,,יח,0.36,ל 100 גרם,false,1,1.90,5.28,false,1,
8000500227848,false,נוטלה - בי רדי אצבעות ביסקוויט במילוי שוקולד 6 יח' * 22 גרם,פרימיום-חברה לדברי מתיקה ולמסח,,,יח,1.32,ל 100 גרם,false,1,10.90,8.26,false,1,
8000500256213,false,קינדר שוקולד חלב במילוי קרם חלבי,פרימיום-חברה לדברי מתיקה ולמסח,,,יח,1.20,ל 100 גרם,false,1,10.90,9.08,false,1,
8000500267103,false,קינדר דליס עוגת ספוג קקאו במילוי חלבי*10,פרימיום-חברה לדברי מתיקה ולמסח,,,יח,0.35,ל 100 גרם,false,1,19.90,56.86,true,1,
8000500269169,false,קינדר קארדס Kinder Cards - חמישייה,פרימיום-חברה לדברי מתיקה ולמסח,,,יח,1.28,ל 100 גרם,false,1,12.90,10.08,false,1,
8000500310397,false,נוטלה ביסקוויט 166ג,פרימיום - חברה לדברי מתיקה ולמ,,,יח,1.66,ל 100 גרם,false,1,13.90,8.37,false,1,
8000500353738,false,רביעיה סוכריות בטעם מנטה חזק 4 * 16 ג' טחק טק,פרימיום-חברה לדברי מתיקה ולמסח,,,יח,0.16,ל 100 גרם,false,1,9.90,61.88,false,1,
8000500366073,false,נוטלה עוגיות נוטלה בשקית 20 יח'- NUTELLA BISCUITTS,פרימיום - חברה לדברי מתיקה ולמ,,,יח,2.76,ל 100 גרם,false,1,19.90,7.21,false,1,
8000500386941,false,נוטלה ממרח קקאו עם אגוזי לוז 900 גר`,פרימיום-חברה לדברי מתיקה ולמסח,,,יח,900,ל 100 גרם,false,1,28.90,0.03,false,1,
8001003100218,false,סוכריות יוגטה ג'לי פירות 800 גר',ליימן שליסל בע`מ,,,יח,8,ל 100 גרם,false,1,15.90,1.99,false,1,
8001090066046,false,תחבושות אולוויז דיסקרט לילה 6 יח לבריחת שתן,דיפלומט מפיצים (1968) בעמ,,,יח,1,,false,1,19.90,19.90,false,1,
8001090184375,false,"נוזל כלים פיירי 900 מ""ל ירוק אורגינל",דיפלומט מפיצים (1968) בעמ,,,יח,9,"ל 100 מ""ל",false,1,12.90,1.43,false,1,
8001090184412,false,"פיירי נוזל לניקוי כלים לימון שקוף, 900 מ""ל",דיפלומט מפיצים (1968) בעמ,,,יח,9,"ל 100 מ""ל",false,1,12.90,1.43,false,1,
8001090336354,false,חיתולי ביביי דריי מידה 2 ( 46 יח) פמפרס,דיפלומט מפיצים (1986) בע`מ,,,יח,1,,false,1,30.90,30.90,false,1,
8001090336408,false,חיתולים בייבי דריי מידה 3 38 יח' פמפרס,דיפלומט מפיצים (1986) בע`מ,,,יח,1,,false,1,30.90,30.90,false,1,
8001090336446,false,חיתולי ביביי דריי מידה 4 ( 34 יח) פמפרס,דיפלומט מפיצים (1986) בע`מ,,,יח,1,,false,1,30.90,30.90,false,1,
8001090336491,false,פמפרס בייבי דריי חיתולים מידה +4 31 יח,דיפלומט מפיצים (1986) בע`מ,,,יח,1,,false,1,30.90,30.90,false,1,
8001090336521,false,חיתולי פמפרס בייבי דריי מידה 5 30 יח` `,דיפלומט מפיצים (1986) בע`מ,,,יח,1,,false,1,30.90,30.90,false,1,
8001090336606,false,פמפרס בייבי דריי חיתולים מידה 6 26 יח,דיפלומט מפיצים (1986) בע`מ,,,יח,1,,false,1,30.90,30.90,false,1,
8001090458353,false,סבון כלים פעולה אנטי-בקטריאלית אקליפטוס,דיפלומט מפיצים (1986) בע`מ,,,יח,5.15,"ל 100 מ""ל",false,1,10.90,2.12,false,1,
8001090493637,false,"הד אנד שולדרס שמפו אולטרא טוטאל קר 450 מ""ל",דיפלומט מפיצים (1986) בע`מ,,,יח,5,"ל 100 מ""ל",false,1,17.90,3.58,false,1,
8001090802385,false,קפסולות גל לכביסה טייד בניחוח לנור 26 יח,דיפלומט מפיצים (1986) בע`מ,,,יח,4.50,ל 100 גרם,false,1,29.90,6.64,false,1,
8001090832450,false,"שמפו פנטן הנוסחה הקלאסית 660 מ""ל",דיפלומט מפיצים (1986) בע`מ,,,יח,6.60,"ל 100 מ""ל",false,1,18.90,2.86,false,1,
8001090832535,false,"שמפו פנטן שמן מרוקאי משקם 660 מ""ל",דיפלומט מפיצים (1986) בע`מ,,,יח,6.60,"ל 100 מ""ל",false,1,18.90,2.86,false,1,
8001090832573,false,שמפו שמן לחות מוגברת 660 מל פנטן,דיפלומט מפיצים (1986) בע`מ,,,יח,6.60,"ל 100 מ""ל",false,1,18.90,2.86,false,1,
8001090832610,false,שמפו שמן למגע רך כמשי 660 מל פנטן,דיפלומט מפיצים (1986) בע`מ,,,יח,6.60,"ל 100 מ""ל",false,1,18.90,2.86,false,1,
8001090832696,false,"פנטן שמפו לתלתלים מושלמים 660 מ""ל",דיפלומט מפיצים (1986) בע`מ,,,יח,6.60,"ל 100 מ""ל",false,1,18.90,2.86,false,1,
8001090832818,false,מרכך פנטן הנוסחה הקלאסית לשיער רגיל ומעורב,דיפלומט מפיצים (1986) בע`מ,,,יח,6.60,"ל 100 מ""ל",false,1,18.90,2.86,false,1,
8001090832856,false,"פנטן 660 מ""ל קונדישינר מרוקאי משקם",דיפלומט מפיצים (1986) בע`מ,,,יח,6.60,"ל 100 מ""ל",false,1,18.90,2.86,false,1,
8001090832894,false,מרכך לשיער חלש ופגום לחות מוגברת,דיפלומט מפיצים (1986) בע`מ,,,יח,6.60,"ל 100 מ""ל",false,1,18.90,2.86,false,1,
8001090832931,false,"פנטן 660 מ""ל קונדישינר למגע רך כמשי",דיפלומט מפיצים (1986) בע`מ,,,יח,6.60,"ל 100 מ""ל",false,1,18.90,2.86,false,1,
8001090832979,false,"פנטן 660 מ""ל קונדישינר לתלתלים מושלמים",דיפלומט מפיצים (1986) בע`מ,,,יח,6.60,"ל 100 מ""ל",false,1,18.90,2.86,false,1,
8001090833051,false,"פנטן 660 מ""ל קונדישינר הזנת קרטין",דיפלומט מפיצים (1986) בע`מ,,,יח,6.60,"ל 100 מ""ל",false,1,18.90,2.86,false,1,
8001090833136,false,אריאל ג`ל כביסה 2.255 ליטר בייבי,דיפלומט מפיצים (1986) בע`מ,,,יח,2.2250,"ל 100 מ""ל",false,1,31.90,14.34,false,1,
8001090833167,false,גל כביסה אריאל בניחוח הרים 2.365 ליטר,דיפלומט מפיצים (1986) בע`מ,,,יח,2.3650,"ל 100 מ""ל",false,1,31.90,13.49,false,1,
8001090833198,false,אריאל נוזל כביסה 2.47 ליטר ניחוח מרענן,דיפלומט מפיצים (1986) בע`מ,,,יח,2.3650,"ל 100 מ""ל",false,1,31.90,13.49,false,1,
8001090886385,false,לנור כדוריות הבושם בניחוח רענן 140 גרם,דיפלומט מפיצים (1968) בעמ,,,יח,2.10,ל 100 גרם,false,1,17.90,8.52,false,1,
8001090899194,false,תחבושות אולוויז פלטינום נורמל 24 יחידות,דיפלומט מפיצים (1986) בע`מ,,,יח,1,,false,1,19.90,19.90,true,1,
8001090899255,false,תחבושות אולוויז פלטינום לילה 16 יחידות,דיפלומט מפיצים (1986) בע`מ,,,יח,1,,false,1,19.90,19.90,true,1,
8001160000888,false,"גטורייד משקה ספורט תפוז 500 מ""ל",אקווה מינרלה סאן בנדטו,,,יח,5,"ל 100 מ""ל",false,1,8.90,1.72,false,1,
8001160001892,false,"משקה אנרגיה גטורייד ספורט תפוז אדום 500מ""ל",אקווה מינרלה סאן בנדטו,,,יח,5,"ל 100 מ""ל",false,1,8.90,1.72,false,1,
8001244002555,false,מייבש כביסה מלניום איכותי,הום פרפקט ק.ד.מ בעמ,,,יח,1,,false,1,59.90,59.90,false,1,
8001244003422,false,מייבש כביסה פלסטיק,סקטור אפיקים בעמ,,,יח,0,ל 100 גרם,false,1,135,135,false,1,
8001620011935,false,"סן בנדטו- מים מינרלים מוגז - מארז שישיית 500 מ""ל",אקווה מינרלה סאן בנד,,,יח,1,,false,1,13.70,13.70,false,1,
8001620015629,false,"משקה פירות בטעם תפוז ותפוז אדום 400 מ""ל פרוטה",אקווה מינרלה סאן בנדטו ב,,,יח,0.40,"ל 100 מ""ל",false,1,6.90,16.50,true,1,
8001620018408,false,"משקה פירות בטעם מנגו תפוח 400 מ""ל פרוטה",אקווה מינרלה סאן בנדטו ב,,,יח,0.40,"ל 100 מ""ל",false,1,6.90,16.50,true,1,
8001620019160,false,"סן בנדטו מים מינרלים בטעם אפרסק 500 מ""ל",אקווה מינרלה סאן בנדטו ב,,,יח,0.40,"ל 100 מ""ל",false,1,6.90,16.50,true,1,
8001841105093,false,פמפרס פרימיום קר חיתולים שלב 6 26 יח VP,דיפלומט מפיצים (1986) בע`מ,,,יח,1,,false,1,33.90,33.90,false,1,
8001841137179,false,קונדישינר הד&שולדרס הנוסחה הקלאסית 275מל,דיפלומט מפיצים (1986) בע`מ,,,יח,2.75,"ל 100 מ""ל",false,1,17.90,6.51,false,1,
8001841427126,false,מגן תחתון אולוויז מגה פק פרו פרש נורמל 64 יחי,דיפלומט מפיצים (1986) בע`מ,,,יח,1,,false,1,19.90,19.90,true,1,
8001841625188,false,סבון כלים פלטינום לימון X3 פעולות להסרת שומנים,דיפלומט מפיצים (1986) בע`מ,,,יח,5.15,"ל 100 מ""ל",false,1,10.90,2.12,false,1,
8001841625461,false,סבון כלים פלטינום X3 פעולות להסרת שומנים,דיפלומט מפיצים (1986) בע`מ,,,יח,5.15,"ל 100 מ""ל",false,1,10.90,2.12,false,1,
8001841669519,false,קפסולות לכביסה ALL IN ONE אריאל 55 יחידות,דיפלומט מפיצים (1986) בע`מ,,,יח,55,יח,false,1,54.90,1,false,1,
8001841680989,false,מגן תחתון אולוויז מגה פק פרו פרש לארג' 60 יחי,דיפלומט מפיצים (1968) בעמ,,,יח,1,,false,1,19.90,19.90,true,1,
8001841941929,false,אולוויז וליו פק לילה בטוח אקסטרא 16 יחידות,דיפלומט מפיצים (1986) בע`מ,,,יח,1,,false,1,19.90,19.90,true,1,
8001841958460,false,פיירי טבליות למדיח אורגינל הכל באחד - מארז 48 יח',דיפלומט מפיצים (1986) בע`מ,,,יח,1,,false,1,34.90,34.90,false,1,
8001841960081,false,פיירי טבליות למדיח פלטינום הכל באחד - מארז 37 יח',דיפלומט מפיצים (1986) בע`מ,,,יח,1,,false,1,39.90,39.90,false,1,
8001931120944,false,"פסטה קן לציפור דק, 500 גרם",נאמן לאורך זמן בעמ,,,יח,5,ל 100 גרם,false,1,7.90,1.58,false,1,
8001931121002,false,פסטה קן לציפור עבה במיוחד 500 גרם,נאמן לאורך זמן בעמ,,,יח,5,ל 100 גרם,false,1,7.90,1.58,false,1,
8002267014662,false,שלישייה ביצי שוקולד חלב עם צעצוע ברבי,ש. שסטוביץ בע`מ,,,יח,0.60,ל 100 גרם,false,1,12.90,21.50,false,1,
8002267014945,false,שלישייה ביצי שוקולד חלב עם צעצוע הוט ווילס,ואל קור קורסניני אס אנ ס,,,יח,0.60,ל 100 גרם,false,1,12.90,21.50,false,1,
8002267015263,false,שלישייה ביצת הפתעה מאשה והדוב צ'וקטה 20 גרם,ש.שסטוביץ בעמ,,,יח,0.60,ל 100 גרם,false,1,12.90,21.50,false,1,
8003440997710,false,מסטיק ביג באבול בטעם קולה לימון צ'ופה צ'ופס 27.6 גרם,ליימן שליסל בעמ,,,יח,0.2760,ל 100 גרם,false,1,2.90,10.51,true,1,
8003440997772,false,גומי לעיסה ביג באבול - פטל כחול צובע לשון 27.6 גרם,ליימן שליסל בעמ,,,יח,0.2760,ל 100 גרם,false,1,2.90,10.51,true,1,
8003440997833,false,מסטיק פיור פרש 100 יח בשקית בטעם פירות מנטה,פרפטי ואן מלה ברדה,,,יח,1.28,ל 100 גרם,false,1,19.90,15.55,false,1,
8003440997857,false,מסטיק פיור פרש בטעם מנטה אריזת חיסכון,פרפטי ואן מלה ברדה,,,יח,1.28,ל 100 גרם,false,1,19.90,15.55,false,1,
8003440997871,false,מסטיק מנטוס פיור פרש אריזה 100יח טעם תות,פרפטי ואן מלה ברדה,,,יח,1.28,ל 100 גרם,false,1,19.90,15.55,false,1,
8003753900438,false,קפה לנדוור אילי אספרסו טחון 250 גרם,ש.שסטוביץ בעמ,,,יח,2.50,ל 100 גרם,false,1,39.90,15.96,false,1,
8004030022010,false,ירקות גינה עם טונה ריו מרה אינסלטיסימי 160 ג',"בולטון אלימנטרי בע""\מ",,,יח,1.60,ל 100 גרם,false,1,17.90,11.19,false,1,
8004030044005,false,נתחי טונה בהירה בשמן זית ריו מרה 112גרם,"בולטון אלימנטרי בע""\מ",,,יח,1.60,ל 100 גרם,false,1,15.90,9.94,false,1,
8004030102033,false,טונה בשמן זית עם מיץ לימון ופלפל שחור - מארז 3 יח',בולטון אלימנטרי,,,יח,2.40,ל 100 גרם,false,1,29.90,12.46,false,1,
8004030177000,false,ריו מארה טונה בשמן זית עם צ`לי שלישיות 8,ש. שסטוביץ בע`מ,,,יח,2.40,ל 100 גרם,false,1,29.90,12.46,false,1,
8004030344938,false,"ריו מרה טונה בשמן זית 3X80 גרם מתכון חדש כשל""פ","בולטון אלימנטרי בע""\מ",,,יח,2.40,ל 100 גרם,false,1,29.90,12.46,false,1,
8004800000064,false,לאגו פלאסיר- גלילי ופל קרם קקאו בציפוי ש.חלב - 100 ג',תה ויסוצקי (ישראל) בעמ,,,יח,1.10,ל 100 גרם,false,1,11.90,10.82,false,1,
8004800004826,false,לאגו פלאסיר - וופלים במילוי קרם קוקוס שוקולד מריר - 98ג,תה ויסוצקי (ישראל) בעמ,,,יח,0.98,ל 100 גרם,false,1,9.90,10.10,false,1,
8004800005502,false,וופל מיני רול גלילי ופל במילוי קרם קקאו- 125 ג' לאגו,תה ויסוצקי (ישראל) בעמ,,,יח,1.25,ל 100 גרם,false,1,9.90,7.92,true,1,
8004800005519,false,וופל רול גלילי במילוי קרם אגוזי לוז- 125 ג' לאגו,תה ויסוצקי (ישראל) בעמ,,,יח,1.25,ל 100 גרם,false,1,9.90,7.92,true,1,
8004800005526,false,וופל מיני רול גלילי ופל במילוי קרם קוקוס- 125 ג' לאגו,תה ויסוצקי (ישראל) בעמ,,,יח,1.25,ל 100 גרם,false,1,9.90,7.92,true,1,
8005200256587,false,נסטי - תה קר בטעם אפרסק 1.5 ליטר,מפעל סאנפלגרינו S.P.A,,,יח,15,"ל 100 מ""ל",false,1,7.90,0.51,false,1,
8005200286584,false,תה קר נסטי מנגו אננס 1.5 ליטר פיקדון,מפעל סאנפלגרינו S.P.A,,,יח,15,"ל 100 מ""ל",false,1,7.90,0.51,false,1,
8005803010371,false,"גריסיני רוזמרין - מקלות אפויים עם שמן זית, מלח ורוזמרין",ליימן שליסל בע`מ,,,יח,1.25,יח,false,1,5.90,4.72,false,1,
8005803010661,false,"מקלות אפויים עם שמן זית, מלח, ושומשום, 125 גרם, אמור די פאן","הוסטה איטליה, ס.ר.ל.",,,יח,1.25,יח,false,1,5.90,4.72,false,1,
8006540027042,false,"לנור מרכך כביסה בניחוח פרחי בר 897 מ""ל",דיפלומט מפיצים (1968) בעמ,,,יח,0.90,לליטר,false,1,14.90,16.56,false,1,
8006540091906,false,לנור כדוריות הבושם בניחוח אריאל 140 גרם,פטר קרמר עבור פרוקטור אנ,,,יח,1.40,ל 100 גרם,false,1,17.90,12.79,false,1,
8006540429327,false,פיירי מקס פאוור לימון עם מנגנון למניעת נזילות,דיפלומט מפיצים (1968) בעמ,,,יח,4.40,"ל 100 מ""ל",false,1,10.90,2.48,false,1,
8008660210038,false,מעדן ריבה מנץ אנד גאססר תות שדה 300 גר,תה ויסוצקי (ישראל) בעמ,,,יח,3,ל 100 גרם,false,1,15.90,5.30,true,1,
8008660210052,false,מעדן פרי תפוז מנז אנד גאסר ויסוצקי 320 גרם,תה ויסוצקי (ישראל) בעמ,,,יח,3.20,ל 100 גרם,false,1,16.90,5.28,true,1,
8012824000991,false,קוברה מתקן כביסה פלסטיק לבן,אוהב ציון בעמ,,,יח,1,,false,1,129,129,false,1,
8014601999870,false,"קמח סמולינה דורום שף קפוטו 1ק""ג",דיפלומט מפיצים (1968) בעמ**,,,יח,1,ל 100 גרם,false,1,12.90,12.90,false,1,
8032804431287,false,ספגטי אורז מלא אורגני 400 גרם פליסיה,פליסיה Felicia Bio,,,יח,4.54,ל 100 גרם,false,1,13.90,3.06,false,1,
8032880800243,false,פיקניק הפתעה - אגוזי לוז ומקלות אפויים,"הוסטה איטליה, ס.ר.ל.",,,יח,0.50,ל 100 גרם,false,1,6.90,13.80,false,1,
8076800195019,false,ברילה - צ.א ספגטי מס1 קפליני 500 גרם,ברילה גי.אי.אר פרטלי ס.פ,,,יח,5,ל 100 גרם,false,1,6.90,1.38,true,1,
8076800195033,false,ברילה - צ.א ספגטיני מס3 חדש 500 גרם,ברילה גי.אי.אר פרטלי ס.פ,,,יח,5,ל 100 גרם,false,1,6.90,1.38,true,1,
8076800195057,false,ברילה - צ.א ספגטי מס5 חדש 500 גרם,ברילה גי.אי.אר פרטלי ס.פ,,,יח,5,ל 100 גרם,false,1,6.90,1.38,true,1,
8076800195132,false,ברילה - צ.א בבטה מס13 500 גרם,ברילה גי.אי.אר פרטלי ס.פ,,,יח,5,ל 100 גרם,false,1,6.90,1.38,true,1,
8076800315097,false,פסטה מקרוני בוקטיני מספר 9 ברילה 500 גרם,ברילה גי.אי.אר פרטלי ס.פ,,,יח,5,ל 100 גרם,false,1,6.90,1.38,true,1,
8076802085738,false,ברילה צ.ק פנה רגטה מס' 73 500 גרם,ברילה גי.אי.אר פרטלי ס.פ,,,יח,5,ל 100 גרם,false,1,6.90,1.38,true,1,
8076802085837,false,ברילה - צ.ק טורטליוני מס83 500 גרם,הנסיך- מפעל לייצור ט,,,יח,5,ל 100 גרם,false,1,6.90,1.38,true,1,
8076802085936,false,ברילה פסטה צ.ק. קונצילה ריגטה חדש,ברילה גי.אי.אר פרטלי ס.פ,,,יח,5,ל 100 גרם,false,1,6.90,1.38,true,1,
8076802085981,false,ברילה - צ.ק פוזילי חדש 500 גרם,ברילה גי.אי.אר פרטלי ס.פ,,,יח,5,ל 100 גרם,false,1,6.90,1.38,true,1,
8076808060654,false,פסטה פרפלה מספר 65 ברילה 500 גרם,ברילה גי.אי.אר פרטלי ס.פ,,,יח,5,ל 100 גרם,false,1,6.90,1.38,true,1,
8076808070882,false,קנלוני מספר 88 ברילה (250 גרם),פאסטיפיקו ריגו אס.אר,,,יח,2.50,ל 100 גרם,false,1,13.90,5.56,false,1,
8076808150072,false,ברילה - צ.א ספגטוני מס7 חדש 500 גרם,ברילה גי.אי.אר פרטלי ס.פ,,,יח,5,ל 100 גרם,false,1,6.90,1.38,true,1,
8076809512268,false,פסטה גירנדולה טורסדס מספר 34 ברילה 500 גרם,ברילה גי.אי.אר פרטלי ס.פ,,,יח,5,ל 100 גרם,false,1,6.90,1.38,true,1,
8076809513395,false,ברילה פומודורו רוטב עגבניות קלאסי 400 גר,ברילה גי.אי.אר פרטלי ס.פ,,,יח,4,ל 100 גרם,false,1,14.90,3.73,false,1,
8076809513654,false,בסיס רוטב עגבניות לבולונז ברילה 400 גרם,ברילה גי.אי.אר פרטלי ס.פ,,,יח,4,ל 100 גרם,false,1,14.90,3.73,false,1,
8076809513692,false,רוטב עגבניות נפולטנה בתוספת ירקות,ברילה גי.אי.אר פרטלי ס.פ,,,יח,4,ל 100 גרם,false,1,14.90,3.73,false,1,
8076809513739,false,ברילה רוטב עגבניות עם בזיליקום 400 גרם,ברילה גי.אי.אר פרטלי ס.פ,,,יח,4,ל 100 גרם,false,1,14.90,3.73,false,1,
8076809514774,false,ברילה פפרדלה איטריות ביצים 250 גרם,ברילה גי.אי.אר פרטלי ס.פ,,,יח,2.50,ל 100 גרם,false,1,17.90,7.16,false,1,
8076809523561,false,ברילה - רוטב פסטה בטעם טוסקנה 400 גרם,ברילה גי.אי.אר פרטלי ס.פ,,,יח,4,ל 100 גרם,false,1,14.90,3.73,false,1,
8076809523714,false,איטריות טליאטלה ברילה 500 גרם,"ש. שסטוביץ בע""\מ",,,יח,5,ל 100 גרם,false,1,25.90,5.18,false,1,
8076809529419,false,ספגטי מחיטה מלאה מס' 5 500 ג' ברילה,ברילה גי. אי. אר פרט,,,יח,5,ל 100 גרם,false,1,14.90,2.98,false,1,
8076809529433,false,פסטה פנה ריגטה חיטה מלאה ברילה (500 גרם),"ש. שסטוביץ בע""\מ",,,יח,5,ל 100 גרם,false,1,14.90,2.98,false,1,
8076809545457,false,ברילה אטריות ללא גלוטן 400 ג' צינורות 400 ג',ברילה ג'.אי.אר פרטלי,,,יח,4,ל 100 גרם,false,1,14.90,3.73,false,1,
8121300208780,false,טרוביה תחליף סוכר לכל מטרה 360 גרם,גורי ע.ע.ע. בעמ,,,יח,3.60,ל 100 גרם,false,1,34.90,9.69,true,1,
8202150612994,false,חנוכיה קריסטל כנפיים לבן,אבי מתנות בעמ,,,יח,1,,false,1,92.90,92.90,false,1,
8202150612997,false,חנוכיה קריסטל דלתא 19*37,אבי מתנות בעמ,,,יח,1,,false,1,110,110,false,1,
8410076600622,false,חטיפי גרנולה קראנצ'י עם שוקולד מריר נייצ'ר ואלי 210 גרם,ג'נרל מילס סאן אדריאן,,,יח,2.10,ל 100 גרם,false,1,15.90,7.57,true,1,
8410076610379,false,"חטיף בוטנים, חלבון סויה ושוקולד מריר עם ציפוי בטעם שוקולד",סריילטו ספיין פודס,,,יח,2.10,ל 100 גרם,false,1,22.90,10.90,false,1,
8410076610386,false,נייטשר ואלי פרוטאין בוטנים עם ציפוי בטעם קרמל מלוח 160 ג',ג'\נרל מילס סאן אדריאן S,,,יח,2.10,ל 100 גרם,false,1,22.90,10.90,false,1,
8410076610492,false,חטיף שיבולת שועל מלאה ובוטנים בציפוי עם חמאת בוטנים,יבואן ומשווק: ש. שסט,,,יח,2.10,ל 100 גרם,false,1,15.90,7.57,true,1,
8410076610508,false,"חטיף שיבולת שועל מלאה עם בוטנים, שקדים ושוקולד מריר בציפוי בטעם שוקולד",נייצ'ר ואלי Nature Valley,,,יח,2.10,ל 100 גרם,false,1,15.90,7.57,true,1,
8410076621009,false,עוגות אישיות בטעם קרמל עם חתיכות בטעם קרמל מלוח,ליימן שליסל בע`מ,,,יח,1.20,ל 100 גרם,false,1,14.90,12.42,true,1,
8410076621047,false,עוגות אישיות בטעם שוקולד עם חתיכות בטעם שוקולד,ליימן שליסל בע`מ,,,יח,2.10,ל 100 גרם,false,1,14.90,7.10,true,1,
8410104039134,false,"מנקה ומחדש מדיח כלים פיניש 250 מ""ל",רקיט בנקיזר (ניר איסט) בעמ,,,יח,2.50,"ל 100 מ""ל",false,1,19.90,7.96,true,1,
8410104044916,false,אבקה למדיח כלים פיניש (2.7 קג),רקיט בנקיזר (ניר איסט) בעמ,,,יח,20,"ל 100 מ""ל",false,1,44.90,2.25,false,1,
8410104045111,false,"פיניש מלח למדיח כלים 2ק""ג",רקיט בנקיזר (ניר איסט) בעמ,,,יח,0,יח,false,1,14.90,14.90,true,1,
8410104437268,false,מפיג ריח רגיל למדיח פיניש 1 יחידה,רקיט בנקיזר (ניר איסט) בעמ,,,יח,0.27,ל 100 גרם,false,1,14.90,55.19,true,1,
8410128768355,false,ויוה סוי סויה קלאסי קרטונית ליטר,טמפו משקאות בע`מ,,,יח,10,"ל 100 מ""ל",false,1,10.20,0.99,false,1,
8410128785734,false,משקה סויה ויוה סוי בריסטה 1 ליטר.,טמפו משקאות בעמ,,,יח,10,"ל 100 מ""ל",false,1,10.20,0.99,false,1,
8410644611210,false,יין קאווה איבריקה לבן חצי יבש Cava Iberica,טמפו משקאות בע`מ,,,יח,7.50,"ל 100 מ""ל",false,1,29.90,3.95,false,1,
8412168002529,false,מחייה 13 משקה כוהלי בטעם לימונים,אגודת הכורמים -כרמל מזרחי,,,יח,7,"ל 100 מ""ל",false,1,54.90,7.80,true,1,
8413376022965,false,גבינת עיזים רכה 29% ויליפוד 110 גרם,ג.וילי-פוד אינטרנשיונל **גבינו,,,יח,1.10,ל 100 גרם,false,1,17.90,16.27,false,1,
8420822130600,false,"ספריי סופר מסיר שומנים 750מ""ל יעקבי","יעקב יעקבי ובניו בע""מ",,,יח,7.50,"ל 100 ס""מ",false,1,17.90,2.39,true,1,
8420822130624,false,"ספריי סופר מסיר כתמים 750מ""ל יעקבי","יעקב יעקבי ובניו בע""מ",,,יח,7.50,"ל 100 ס""מ",false,1,19.90,2.65,false,1,
8423207206488,false,סלים דליס חטיף דגנים מצופה שוקולד חלב מרבה 6*20 גרם,אף.סי תבליני בגליל ב,,,יח,1.20,ל 100 גרם,false,1,9.90,8.25,false,1,
8423207207362,false,חטיפי סלים דליס שוקולד לבן מרבה 6 יחידות,ביסנצ'ורי אס.אל.יו,,,יח,1.20,ל 100 גרם,false,1,9.90,8.25,false,1,
8423207208680,false,חטיף דגנים שוקולד סלים דליס לילדים מרבה 6 יחידות,ביסנצ'ורי אס.אל.יו,,,יח,78,ל 100 גרם,false,1,9.90,0.13,false,1,
8423207208697,false,חטיפי סלים דליס לילדים שוקולד לבן מרבה 6 יחידות,ביסנצ'ורי אס.אל.יו,,,יח,78,ל 100 גרם,false,1,9.90,0.13,false,1,
8423207208871,false,פריכיות תירס בטעם טבעי סלים דליס 130 גרם,גורי מוצרי צריכה (1991) בעמ,,,יח,1.30,ל 100 גרם,false,1,8.90,6.85,false,1,
8423207208888,false,פריכיות תירס בטעם עגבניות ועשבי תיבול סלים דליס 123 ג',גורי מוצרי צריכה (1991) בעמ,,,יח,1.30,ל 100 גרם,false,1,8.90,6.85,false,1,
8423207208895,false,פריכיות תירס בטעם זיתים ועירית סלים דליס 123 ג',גורי מוצרי צריכה (1991) בעמ,,,יח,1.30,ל 100 גרם,false,1,8.90,6.85,false,1,
8423207210287,false,מרבה סלים דליס שוקולד לבן בטעם יוגורט 120 ג',סלים דליס Slim Delis,,,יח,12,ל 100 גרם,false,1,9.90,0.83,false,1,
8423207210928,false,חטיף דגנים מצופה שוקולד חלב ואגוזי לוז - 5 במארז,נוטרישן אנד סנטה קוב,,,יח,0.90,ל 100 גרם,false,1,9.90,11,false,1,
8425206000081,false,ריבת חלב מרדל 450 גרם,גורי מוצרי צריכה (1991) בעמ,,,יח,4.50,ל 100 גרם,false,1,17.90,3.98,true,1,
8425206000142,false,ריבת חלב מרדל בקבוק לחיץ 370 גרם,גורי מוצרי צריכה 1991 בעמ,,,יח,3.70,ל 100 גרם,false,1,17.90,4.84,true,1,
8435495805106,false,"ביומט אבקת כביסה בניחוח רענן 5ק""ג",ליימן שליסל בעמ,,,יח,50,ל 100 גרם,false,1,29.90,0.60,false,1,
8435495805168,false,"תינוקלין לכביסה לעור רגיש אולימפיק 1.25ק""ג",מולינו ניקולי s.p.a,,,יח,1.25,"לק""ג",false,1,21.90,17.52,false,1,
8435495805199,false,אבקת כביסה תינוקלין- 66 כביסות (3 קג),מולינו ניקולי s.p.a,,,יח,30,ל 100 גרם,false,1,43.90,1.46,false,1,
8435495807636,false,תינוקלין ג`ל כביסה בייבי סנסטיב היפואל,ליימן שליסל בע`מ,,,יח,20,"ל 100 מ""ל",false,1,29.90,1.50,false,1,
8435495819363,false,תינוקלין מרכך כביסה היפואלרגני 1 ליטר,ליימן שליסל בע`מ,,,יח,10,"ל 100 מ""ל",false,1,17.90,1.79,false,1,
8445290427120,false,דגני פיטנס Fitness שוקולד מריר ובננה,קבוצת אוסם סחר שותפות מוגבלת,,,יח,3.35,ל 100 גרם,false,1,19.90,5.94,true,1,
8683130008355,false,מיונז שום לחיץ אמיתי הלמנס 400 גרם,יוניליוור ישראל שיווק בע`מ,,,יח,4,ל 100 גרם,false,8,14.90,3.73,false,1,
8683130008935,false,"הלמנס קטשיונז 425 גר{הרב רלב""ג}",יוניליוור ישראל שיווק בע`מ,,,יח,4.25,ל 100 גרם,false,1,14.90,3.51,false,1,
8683130012666,false,שלגון מגנום דאבל לבן עוגיות 72 גרם,"מיוצר ע""\י יונילוור סנאי",,,יח,0.85,ל 100 גרם,false,1,9.90,11.65,true,1,
8683130025574,false,"מרכך כביסה מרוכז אקסטרה לבנדר בדין 960 מ""ל",יוניליוור ישראל שיווק בע`מ,,,יח,96,"ל 100 ס""מ",false,1,15.90,0.17,false,1,
8683130025581,false,"מרכך כביסה מרוכז אקסטרה ענבר בדין 960 מ""ל",יוניליוור ישראל שיווק בע`מ,,,יח,96,"ל 100 ס""מ",false,1,15.90,0.17,false,1,
8683323063024,false,יוגטה שטיחים בטעם תותי פרוטי 220 גרם,ליימן שליסל בע`מ,,,יח,2.20,ל 100 גרם,false,1,5.90,2.68,false,1,
8686868600037,false,המותג אביזרי שיער,אל האופק שיווק וסחר,,,יח,0,יח,false,1,5.90,5.90,false,1,
8686868600051,false,המותג אביזרי שיער,אל האופק שיווק וסחר,,,יח,0,יח,false,1,7.90,7.90,false,1,
8686868600068,false,אביזרי שיער סרטים וקשתות,אל האופק שיווק וסחר,,,יח,0,יח,false,1,8.90,8.90,false,1,
8686868600075,false,אביזרי שיער סיכות פפיון גדולות,אל האופק שיווק וסחר,,,יח,0,יח,false,1,9.90,9.90,false,1,
8686868600112,false,המותג אביזרי שיער,אל האופק שיווק וסחר,,,יח,0,יח,false,1,13.90,13.90,false,1,
8686868600129,false,המותג אביזרי שיער,אל האופק שיווק וסחר,,,יח,0,יח,false,1,14.90,14.90,false,1,
8686868600150,false,המותג אביזרי שיער,אל האופק שיווק וסחר,,,יח,0,יח,false,1,17.90,17.90,false,1,
8686868600174,false,המותג אביזרי שיער,אל האופק שיווק וסחר,,,יח,0,יח,false,1,19.90,19.90,false,1,
8686868600211,false,"מטריה לילדים 47 ס""מ",אל האופק שיווק וסחר,,,יח,0,יח,false,1,19.90,19.90,false,1,
8686868600235,false,אביזרי מניקור טל טל,אל האופק שיווק וסחר,,,יח,0,יח,false,1,12.90,12.90,false,1,
8686868600259,false,"מטריה גדולה 70 ס""מ צבעונית",אל האופק שיווק וסחר,,,יח,0,יח,false,1,29.90,29.90,false,1,
8690504081920,false,מקוויטיס טינס מצופה שוקולד מריר 150 גרם,"אולקר ביסקווי סנאי, א.ס.",,,יח,0.15,ל 100 גרם,false,1,9.90,66,true,1,
8690504081937,false,מקוויטיס טינס שוקולד חלב וקפוצינו 150 גר,תה ויסוצקי (ישראל) בעמ,,,יח,0.15,ל 100 גרם,false,1,9.90,66,true,1,
8690504153740,false,גודייבה שוקולד מריר במילוי קרם גנאש 86 גרם,תה ויסוצקי (ישראל) בעמ,,,יח,0.86,ל 100 גרם,false,1,13.90,16.16,false,1,
8690526009308,false,אי טי אי - חטיף קוקוס מצופה שוקולד חלב וכדורוני דגנים 126 גרם,גורי ע.ע.ע. בעמ,,,יח,1.26,ל 100 גרם,false,1,7.90,6.27,false,1,
8690572799529,false,"סאיוס - שמפו קרטין 500 מ""ל","הובי קוסמטיק, אנקרה, תור",,,יח,5,"ל 100 מ""ל",false,1,11.90,2.38,true,1,
8690572799550,false,"סאיוס שמפו לשיער גלי ומתולתל 500 מ""ל","הנקל סוד בע""מ",,,יח,5,"ל 100 מ""ל",false,1,11.90,2.38,true,1,
8690637007705,false,מסטיגם וניל מסטיק על מקל ללא סוכר,"מיוצר ע""י יוניליוור",,,יח,0.80,ל 100 גרם,false,1,5.90,7.38,true,1,
8690637073373,false,תה שחור ברגמוט ארל גריי ליפטון 25 יחידות,יוניליוור ישראל שיווק בע`מ,,,יח,0.50,ל 100 גרם,false,1,8.50,17,false,1,
8690637073434,false,תה ארל גריי בטעם ברגמוט ללא שקית100ש,יוניליוור ישראל שיווק בע`מ,,,יח,2,ל 100 גרם,false,1,19.90,9.95,false,1,
8690637503856,false,ממרח הלמנס כ- 40% פחות שומן לעומת מיונז,יוניליוור ישראל שיווק בע`מ,,,יח,3.55,ל 100 גרם,false,8,14.90,4.20,false,1,
8690637504426,false,"קרם ניקוי סיף בניחוח לימון 500 מ""ל",יוניליוור ישראל שיווק בע`מ,,,יח,5,"ל 100 מ""ל",false,1,10.90,2.18,false,1,
8690637505607,false,מרכך כביסה מרוכז בדין אקסטרה בניחוח פינוק כחול,יוניליוור ישראל שיווק בע`מ,,,יח,96,"ל 100 ס""מ",false,16,15.90,0.17,false,1,
8690637506956,false,"דאב שמפו נגד קשקשים אלוורה 600 מ""ל",יוניליוור ישראל שיווק בע`מ,,,יח,6,"ל 100 מ""ל",false,1,15.90,2.65,true,1,
8690637555084,false,"מרכך כביסה מרוכז אקסטרה פריחת התפוז בדין 960 מ""ל",יוניליוור ישראל שיווק בע`מ,,,יח,96,"ל 100 ס""מ",false,1,15.90,0.17,false,1,
8690637704277,false,"שמפו ומרכך לשיער רגיל 600 מ""ל דאב","יוניליוור ישראל שיווק בע""מ",,,יח,6,"ל 100 מ""ל",false,1,15.90,2.65,true,1,
8690637704291,false,שמפו לשיקום אינטנסיבי לשיער פגום,"יוניליוור ישראל שיווק בע""מ",,,יח,6,"ל 100 מ""ל",false,1,15.90,2.65,true,1,
8690637704376,false,"שמפו לטיפוח יום יומי דאב 600 מ""ל","יוניליוור ישראל שיווק בע""מ",,,יח,6,"ל 100 מ""ל",false,1,15.90,2.65,false,1,
8690637799594,false,תה ירוק ליפטון נענע בסגנון מרוקאי 20יח',יוניליוור ישראל שיווק בע`מ,,,יח,1.50,ל 100 גרם,false,1,16.90,11.27,false,1,
8690637842399,false,מאגדת מגנום מיני דאבל פרי יער שוקולד 6 יח' נסטלה,יוניליוור סנאי וי סי,,,יח,1,,false,1,35.90,35.90,false,1,
8690637858741,false,ג'ל לניקוי כללי בתוספת אקונומיקה בניחוח רוח ים,יוניליוור ישראל שיווק בע`מ,,,יח,7.50,"ל 100 מ""ל",false,1,9.90,1.32,false,1,
8690637866654,false,תה ירוק קלאסי בדצ 50 מעטפות ללא קפאין,יוניליוור ישראל שיווק בע`מ,,,יח,32,ל 100 גרם,false,1,24.90,0.78,false,1,
8690637866753,false,"בדין מרכך כביסה מרוכז אקסטרה סגול 960 מ""ל","יוניליוור ישראלשיווק בע""מ",,,יח,9.60,"ל 100 מ""ל",false,1,15.90,1.66,false,1,
8690637871047,false,דאב שמפו בתוספת שמן קוקוס וכורכום 600 מל,"יוניליוור ישראל שיווק בע""מ",,,יח,6,"ל 100 מ""ל",false,1,15.90,2.65,true,1,
8690637871061,false,"דאב שמפו עם שמן אבוקדו ותמצית קלנדולה 600 מ""ל",יוניליוור ישראל שיווק בע`מ,,,יח,6,"ל 100 מ""ל",false,1,15.90,2.65,true,1,
8690637871108,false,הלמנ'ס ממרח חרדל 250 גרם,יוניליוור ישראל שיווק בע`מ,,,יח,2.85,"ל 100 מ""ל",false,1,11.90,4.18,false,1,
8690637871245,false,הלמנס מיונז אמיתי 395 גר' בקבוק לחיץ.,יוניליוור ישראל שיווק בע`מ,,,יח,3.95,ל 100 גרם,false,8,14.90,3.77,false,1,
8690637890666,false,מאגדת מגנום מיני דאבל פיסטוק 6 יח' שטראוס,יוניליוור סנאיי וי ט,,,יח,1,,false,1,35.90,35.90,false,1,
8690637946301,false,"בדין - מרכך כביסה אקסטרא בייביי כחול 960 מ""ל",יוניליוור ישראל שיווק בע`מ,,,יח,9.60,ל 100 גרם,false,1,15.90,1.66,false,1,
8690637946318,false,"מרכך כביסה בדין מרוכז אקסטרה בייבי טלק 960 מ""ל",יוניליוור ישראל שיווק בע`מ,,,יח,9.60,ל 100 גרם,false,1,16.90,1.76,false,1,
8690637971310,false,"מרכך כביסה מרוכז אקסטרה בניחוח יערת הדבש בדין 960 מ""ל",יוניליוור ישראל שיווק בע`מ,,,יח,96,"ל 100 ס""מ",false,1,15.90,0.17,false,1,
8690637976995,false,"מרכך כביסה מרוכז אקסטרה ורוד סחלבים פראי בדין 960 מ""ל",יוניליוור ישראל שיווק בע`מ,,,יח,96,"ל 100 ס""מ",false,1,15.90,0.17,false,1,
8690637987441,false,"מרכך כביסה אקסטרה פרח הכותנה ווניל 960 מ""ל בדין",יוניליוור ישראל שיווק בע`מ,,,יח,9.60,"ל 100 מ""ל",false,1,15.90,1.66,false,1,
8690637989612,false,שלגון שמנת בטעם וניל עם ריפל בטעם שוקולד 246 גרם,יונילוור סנאיי וי טיג'\,,,יח,1,,false,1,35.90,35.90,false,1,
8690637989629,false,מגנום דאבל דולצ'ה גולד בטעם וניל עם ריפל בטעם שוקולד 246 גרם,יונילוור סנאיי וי טיג'\,,,יח,0.85,ל 100 גרם,false,1,9.90,11.65,true,1,
8690637994029,false,מרכך כביסה אקסטרה בניחוח סחלבים פראי,"יוניליוור ישראל שיווק בע""מ",,,יח,1.44,לליטר,false,1,17.90,12.43,false,1,
8690758011025,false,צמר גפן לוקס 100 ג`*,פלסטו פוליש (ברקן)בעמ,,,יח,1,,false,1,3.90,3.90,false,1,
8690766156367,false,טבלת שוקולד חלב מעולה 90 גר` גודייבה,תה ויסוצקי (ישראל) בעמ,,,יח,0.90,ל 100 גרם,false,1,14.90,16.56,true,1,
8690766156381,false,גודייבה שוקולד מריר 90% מוצקי קקאו 90 גרם,תה ויסוצקי (ישראל) בעמ,,,יח,0.90,ל 100 גרם,false,1,14.90,16.56,true,1,
8690766156398,false,"שוקולד חלב מעולה בתוספת שברי שקדים קלויים,דבש ומלח 90 גרם","אולקר מקבוצת פלאדיס, ציק",,,יח,0.90,ל 100 גרם,false,1,14.90,16.56,true,1,
8690770322406,false,שמרים יבשים בראבו 500גרם,לירון קרביץ יבוא שיווק וסחר,,,יח,5,ל 100 גרם,false,1,12.90,2.58,false,1,
8690777203012,false,פלפלים ירוקים כבושים לא חריפים סרה ויליפוד 600 גרם,ג. וילי-פוד אינטרנשיונל בע`מ,,,יח,6,ל 100 גרם,false,1,10.90,1.82,false,1,
8690777204071,false,פלפלים כבושים חריפים סרה 320 גרם,ג. וילי-פוד אינטרנשיונל בע`מ,,,יח,6.40,ל 100 גרם,false,1,10.90,1.70,false,1,
8690777206051,false,חציל קלוי על האש סרה ויליפוד 650 גרם,ג. וילי-פוד אינטרנשיונל בע`מ,,,יח,6.50,ל 100 גרם,false,1,10.90,1.68,false,1,
8690777221405,false,פלפל אדום קלוי על האש 650 גר` ויליפוד,ג. וילי-פוד אינטרנשיונל בע`מ,,,יח,6.50,ל 100 גרם,false,1,10.90,1.68,false,1,
8690784516440,false,דאק נוזל לניקוי מתקדם בניחוח לבנדה בודד 750מל,"אס.סי.ג'\ונסון מידרכט, ה",,,יח,7.50,"ל 100 מ""ל",false,1,10.90,1.45,true,1,
8690784614665,false,סבון דאק לניקוי אסלה בניחוח ים נתלה,דאופלור אס.פי.אי כונ,,,יח,3,"ל 100 מ""ל",false,1,6.90,2.30,true,1,
8690784614771,false,דאק כדוריות ניקוי אסלה בניחוח רענן,דאופלור אס.פי.אי כונ,,,יח,3,"ל 100 מ""ל",false,1,6.90,2.30,true,1,
8690784616775,false,סבון מוצק לאסלה דאק אקווה בלו 4 ב-1 80 ג,טואלט דאק (ג'ונסון),,,יח,3,"ל 100 מ""ל",false,1,10.90,3.63,false,1,
8690784711777,false,דאק סבון אקטיבי בתוספת אקונומיקה מקציפה בניחוח ים,דאופלור אס.פי.אי כונ,,,יח,3,"ל 100 מ""ל",false,1,6.90,2.30,true,1,
8691451018335,false,"דבק בעט סופר גלו גל לוקטייט, כשרות עטרה, 4 גרם","יעקב יעקבי ובניו בע""מ",,,יח,1,יח,false,1,24.90,24.90,false,1,
8693323042028,false,מרשמלו יוגטה משפחתי מגולגל ענק 432ג,ליימן שליסל בעמ,,,יח,4.32,ל 100 גרם,false,1,16.90,3.91,false,1,
8693323085100,false,גומי יוגטה שטיחים חמוצים טעם פירות 100 ג,ליימן שליסל בע`מ,,,יח,1,ל 100 גרם,false,1,4.90,4.90,false,1,
8693323099107,false,מרשמלו לבבות בטעם תות ווניל,ליימן שליסל בעמ,,,יח,1.80,ל 100 גרם,false,1,7.90,4.39,false,1,
8693495037853,false,זוג מברשות שיניים קולגייט סלים סופט זהב,הנסיך- מפעל לייצור ט,,,יח,1,,false,1,19.90,19.90,false,1,
8693495054058,false,סבון נוזלי פלמוליב לומינוס עם תמציות שמן מקדמיה,קולגייט פלמוליב,,,יח,7.50,"ל 100 מ""ל",false,1,19.90,2.65,true,1,
8693609179622,false,קרש גיהוץ קיטור 120/38,אוהב ציון בעמ,,,יח,1,,false,1,189,189,false,1,
8696219410536,false,כוס עם מכסה,חביב את פרנק בעמ,,,יח,1,,false,1,4.50,4.50,true,1,
8697659225186,false,"מטהר אוויר משב הכותנה יעקבי 250 מ""ל","יעקב יעקבי ובניו בע""מ",,,יח,2.50,"ל 100 ס""מ",false,1,14.90,5.96,false,1,
8697659232788,false,"פרש& מור מבשם אריגים קצפת ותות שדה 425 מ""ל","יעקב יעקבי ובניו בע""מ",,,יח,4.25,ל 100 גרם,false,1,13.90,3.27,false,1,
8697659232795,false,"פרש& מור מבשם אריגים מנטרל ריחות עישון 425 מ""ל","יעקב יעקבי ובניו בע""מ",,,יח,4.25,ל 100 גרם,false,1,13.90,3.27,false,1,
8697659243197,false,מטהר אוויר פרחי אביב פרש & מור 300 מ''ל,"יעקב יעקבי ובניו בע""מ",,,יח,3,"ל 100 ס""מ",false,1,11.90,3.97,false,1,
8699401093029,false,כד שתיה ע. הבית,עולם הבית שיווק והפצה בעמ,,,יח,1,,false,1,18.90,18.90,false,1,
8710428005762,false,תרכובת מזון לתינוקות על בסיס חלבון סויה איזומיל טף שלב 2,"אבוט מעבדות רפואיות בע""מ",,,יח,4,ל 100 גרם,false,1,44.90,11.23,false,1,
8710428016355,false,פדיאשור השלמה תזונתית בטעם שוקולד 400 גר,אבוט מעבדות רפואיות,,,יח,4,ל 100 גרם,false,1,39.90,9.98,false,1,
8710447224311,false,מרכך בוטניק בתוספת שמן קוקוס ואלוורה,"יוניליוור ישראל שיווק בע""מ",,,יח,0.40,"ל 100 מ""ל",false,1,14.90,37.25,false,1,
8710447284117,false,"ג'ל רחצה אקס בלאק 400 מ""ל",יוניליוור ישראל שיווק בע`מ,,,יח,4,"ל 100 מ""ל",false,12,11.90,2.98,false,1,
8710447320662,false,דאודורנט ספריי בניחוח אפרסק ולימון ללא אלומיניום,יוניליוור ישראל שיווק בע`מ,,,יח,1.50,"ל 100 מ""ל",false,1,14.90,9.93,false,1,
8710447331095,false,טרזמה בוטניק מסכה לשיער 300 מל,"יוניליוור ישראלשיווק בע""מ",,,יח,3,"ל 100 מ""ל",false,1,26.90,8.97,false,1,
8710502064814,false,עוגיות מרבה שוקולד ציפס במרקם רך 175 גר,בנקטבקריי מרבה בי.וי,,,יח,1.75,ל 100 גרם,false,1,8.90,5.09,false,1,
8710502100864,false,עוגיות מרבה פטיסרי דאבל שוקולד 200 גרם,ש.שסטוביץ בעמ,,,יח,2,ל 100 גרם,false,1,10.90,5.45,false,1,
8710502139017,false,עוגיות טריפל שוקולד צ`יפס מרבה (180 גרם),בנקטבקריי מרבה בי.וי,,,יח,1,,false,1,8.90,8.90,false,1,
8710502231018,false,מרבה עוגיות מיני שוקולד צ'יפס 175 גרם,ש. שסטוביץ בע`מ,,,יח,1.75,ל 100 גרם,false,1,9.90,5.66,false,1,
8710502279010,false,מרבה עוגיות שוקולד צ'יפס מצופות שוקולד 175 גרם,"י.מרבה ישראל בע""מ",,,יח,2.25,ל 100 גרם,false,1,8.90,3.96,false,1,
8710502405204,false,עוגיות שוקולד צ'יפס עם קרם שוקולד מרבה 175 גרם,קריניציה ויטמינה אס,,,יח,1.75,ל 100 גרם,false,1,8.90,5.09,false,1,
8710502470028,false,עוגיות שוקולד צ'יפס ממולאות בקרם נוגט,קריניציה ויטמינה אס,,,יח,1.60,ל 100 גרם,false,1,8.90,5.56,false,1,
8710502470035,false,מרבה פטיסרי עוגיות נוגטלי במילוי קרם אגו,ש. שסטוביץ בע`מ,,,יח,2,ל 100 גרם,false,1,10.90,5.45,false,1,
8710552274614,false,שמפו קצף לנ.שטיחים וניש קליה גולד 600 מל,רקיט בנקיזר (ניר איסט) בעמ,,,יח,6,"ל 100 מ""ל",false,1,29.90,4.98,false,1,
8710800961310,false,סוכריות בטעם תות מנטוס 4*375 גרם,פרפטי ואן מלה ברדה,,,יח,1.50,ל 100 גרם,false,1,10.90,7.27,false,1,
8710847942679,false,טרזמה שמפו לשיער יבש בתוספת שמן המפ,"יוניליוור ישראלשיווק בע""מ",,,יח,0.40,"ל 100 מ""ל",false,6,14.90,37.25,false,1,
8710847942693,false,טרזמה מרכך לשיער יבש שמן המפ 400 מל,"יוניליוור ישראל שיווק בע""מ",,,יח,0.40,"ל 100 מ""ל",false,6,14.90,37.25,false,1,
8710847973970,false,"תחליב רחצה דאב אלוורה מי עץ שדר, 750 מ""ל",יוניליוור ישראל שיווק בע`מ,,,יח,7.50,"ל 100 מ""ל",false,1,17.90,2.39,false,1,
8710908326691,false,"תחליב רחצה פרח האדמונית דאב 750 מ""ל",יוניליוור ישראל שיווק בע`מ,,,יח,7.50,"ל 100 מ""ל",false,1,17.90,2.39,false,1,
8710908693809,false,"TRESSEMME מסיכה טיפולית עם קרטין 300מ""ל","יוניליוור ישראלשיווק בע""מ",,,יח,3,"ל 100 מ""ל",false,1,26.90,8.97,false,1,
8711000371176,false,ג'ייקובס קפסולות קפה אספרסו קלאסיקו עוצמה 7,ג'ייקובס דאו אגברטס צרפת,,,יח,0.52,ל 100 גרם,false,1,14.90,28.65,true,1,
8711000371183,false,ג'ייקובס קפסולות קפה אספרסו אינטסו עוצמה 10,ג'ייקובס דאו אגברטס צרפת,,,יח,0.52,ל 100 גרם,false,1,14.90,28.65,true,1,
8711000371206,false,ג'ייקובס קפסולות קפה אספרסו ריסטרטו עוצמה 12,ג'ייקובס דאו אגברטס צרפת,,,יח,0.52,ל 100 גרם,false,1,14.90,28.65,true,1,
8711327475618,false,מגנום פיינט וניל קלאסיק 260 גר`,"מפעל גלידות בווספרם, רחו",,,יח,2.60,ל 100 גרם,false,1,20.90,8.04,false,1,
8711327475762,false,מגנום פיינט שוקולד לבן עוגיות 260 גרם,"מפעל גלידות בווספרם, רחו",,,יח,2.60,ל 100 גרם,false,1,20.90,8.04,false,1,
8711700665834,false,סבון מוצק Beauty cream bar בניחוח מלפפון ותה ירוק - מארז שישיה,"יוניליוור ישראלשיווק בע""מ",,,יח,6,ל 100 גרם,false,1,21.90,3.65,false,1,
8712000051099,false,"שישיית בירה היינקן 0% אלכוהל בקבוק 330 מ""ל","מבשלת היינקן, ריטבלדנברג",,,יח,15,"ל 100 מ""ל",false,1,29.90,1.87,true,1,
8712400802499,false,תרכובת מזון המשך לפעוטות על בסיס חלב שלב 1,דיפלומט מפיצים (1968) בעמ**,,,יח,8,ל 100 גרם,false,1,59.90,7.49,true,1,
8712400802512,false,תרכובת מזון המשך לפעוטות על בסיס חלב שלב 2,דיפלומט מפיצים (1968) בעמ**,,,יח,8,ל 100 גרם,false,1,59.90,7.49,true,1,
8712400802536,false,תרכובת מזון המשך לפעוטות על בסיס חלב שלב 3,דיפלומט מפיצים (1968) בעמ**,,,יח,8,ל 100 גרם,false,1,59.90,7.49,true,1,
8712561594608,false,"דאב תחליב רחיצה להזנה עמוקה 750 מ""ל",יוניליוור ישראל שיווק בע`מ,,,יח,7.50,"ל 100 מ""ל",false,1,17.90,2.39,false,1,
8712561611183,false,דאב סבון נוזלי 500 תמציות מלפפונים ותה,יוניליוור ישראל שיווק בע`מ,,,יח,5,"ל 100 מ""ל",false,1,17.90,3.58,false,1,
8712561611411,false,"תחליב רחצה בניחוח מלפפון ותה ירוק דאב 750 מ""ל",יוניליוור ישראל שיווק בע`מ,,,יח,7.50,"ל 100 מ""ל",false,1,17.90,2.39,false,1,
8712561626286,false,תחליב רחצה זוהר כמשי דאב (750 מל),יוניליוור ישראל שיווק בע`מ,,,יח,7.50,"ל 100 מ""ל",false,1,17.90,2.39,false,1,
8712561631570,false,"תחליב רחצה קוקוס ויסמין דאב 750 מ""ל",יוניליוור ישראל שיווק בע`מ,,,יח,7.50,"ל 100 מ""ל",false,1,17.90,2.39,false,1,
8714599410806,false,ג'ייקובס קרוננג מיובש בהקפאה 160 גרם סגירה חוזרת,דיפלומט מפיצים (1968) בעמ**,,,יח,1.60,ל 100 גרם,false,1,18.90,11.81,true,1,
8714599513866,false,"קפה נמס מיובש בהקפאה קרונג צנצנת ג'ייקובס 200 גרם לל""ס",דיפלומט מפיצים (1968) בעמ**,,,יח,2,ל 100 גרם,false,1,21.90,10.95,true,1,
8714789177229,false,רבעיית מברשות שיניים קולגייט אקסטרה קלין 1 יחידה,הנסיך- מפעל לייצור ט,,,יח,1,,false,1,9.90,9.90,false,1,
8714789218465,false,מברשת שיניים 360 סופט קולגייט 2 יחידות,הנסיך- מפעל לייצור ט,,,יח,1,,false,1,24.90,24.90,false,1,
8714789402918,false,נוזל לניקוי כללי ורצפות בניחוח פרחי בר אג'קס 1.5 ליטר,הנסיך- מפעל לייצור ט,,,יח,15,"ל 100 מ""ל",false,1,19.90,1.33,true,1,
8714789402932,false,נוזל לניקוי כללי ורצפות בניחוח ורדי בוקר אג'קס 1.5 ליטר,הנסיך- מפעל לייצור ט,,,יח,1.50,לליטר,false,1,19.90,13.27,true,1,
8714789402970,false,נוזל לניקוי כללי ורצפות בניחוח פרחי אביב אגק'ס 1.5 ליטר,הנסיך- מפעל לייצור ט,,,יח,1.50,לליטר,false,1,19.90,13.27,true,1,
8714789450315,false,פלמוליב נוזל כלים לימון 1.5 ליטר,הנסיך- מפעל לייצור ט,,,יח,15,"ל 100 מ""ל",false,1,15.90,1.06,false,1,
8714789529561,false,"משחת שיניים סנסטיב פרו ריליף להלבנה קולגייט 75 מ""ל",קולגייט-פלמוליב,,,יח,0.75,ל 100 גרם,false,1,21.90,29.20,true,1,
8714789831275,false,מברשת שיניים 360 אופטיק ווייט קולגייט 2 יחידות,קולגייט-פלמוליב,,,יח,1,,false,1,24.90,24.90,false,1,
8714789834467,false,פלמוליב נוזל לניקוי כלים קלאסי 1.5 ליטר,קולגייט-פלמוליב,,,יח,15,"ל 100 מ""ל",false,1,15.90,1.06,false,1,
8714789930848,false,"משחת שיניים אופטיק וייט הלבנה מיידית קולגייט 75 מ""ל",איינשטיין-צור יבוא-יצוא וסחר ב,,,יח,0.75,ל 100 גרם,false,1,19.90,26.53,true,1,
8715700110141,false,מיונז קרמי היינץ צנצנת 460ג',דיפלומט מפיצים (1968) בעמ**,,,יח,4.60,ל 100 גרם,false,1,11.90,2.59,true,1,
8715700110158,false,היינץ ממרח במרקם קרמי צנצנת 490 גרם,דיפלומט מפיצים (1968) בעמ**,,,יח,4.60,ל 100 גרם,false,1,11.90,2.59,true,1,
8715700117805,false,"קטשופ היינץ מתבל עגבניות ללא תוספת סוכר ומלח 425 מ""ל",דיפלומט מפיצים (1968) בעמ**,,,יח,4.25,ל 100 גרם,false,1,10.90,2.56,true,1,
8715700419732,false,מתבל עגבניות היינץ (700 גרם),דיפלומט מפיצים (1968) בעמ**,,,יח,7,ל 100 גרם,false,1,9.90,1.41,true,1,
8715700422473,false,ממרח לכריכים וסלטים ללא ח. משמרים היינץ 395 גרם,דיפלומט מפיצים (1968) בעמ**,,,יח,3.95,ל 100 גרם,false,1,15.90,4.03,false,1,
8715700423906,false,היינץ מתבל עגבניות מופחת סוכר ומלח 50/50 550 גרם,דיפלומט מפיצים (1968) בעמ**,,,יח,0.55,ל 100 גרם,false,1,10.90,19.82,true,1,
8717163607305,false,דאב סבון מוצק גרגירים לעיסוי עדין *4,יוניליוור ישראל שיווק בע`מ,,,יח,4,ל 100 גרם,false,1,13.90,3.48,false,1,
8717163628812,false,מסכה טרזמה ללא סולפטים להחלקה ולצביעה300,"יוניליוור ישראלשיווק בע""מ",,,יח,3,"ל 100 מ""ל",false,1,31.90,10.63,false,1,
8717163647226,false,"אקס דאודורנט ספריי גוף בלאק 150 מ""ל",יוניליוור ישראל שיווק בע`מ,,,יח,1,,false,1,11.90,11.90,false,1,
8717163647233,false,"אקס דאודורנט ספריי גוף בלאק נייט 150 מ""ל",יוניליוור ישראל שיווק בע`מ,,,יח,1,,false,1,11.90,11.90,false,1,
8717163647240,false,"אקס דאודורנט ספריי גוף לגבר שוקולד 150 מ""ל",יוניליוור ישראל שיווק בע`מ,,,יח,1,,false,1,11.90,11.90,false,1,
8717163647264,false,"אקס דאודורנט ספריי גוף אייס צ'יל 150 מ""ל",יוניליוור ישראל שיווק בע`מ,,,יח,1.50,"ל 100 מ""ל",false,1,11.90,7.93,false,1,
8717163647301,false,אקס דאודורנט ספריי גולד לגבר 150 מל,"יוניליוור ישראל שיווק בע""מ",,,יח,1.50,"ל 100 מ""ל",false,1,16.90,11.27,false,1,
8717163655764,false,"רקסונה - דאודורנט ספריי לאישה שוואר פרש 150 מ""ל","יוניליוור ישראל שיווק בע""מ",,,יח,1.50,"ל 100 מ""ל",false,6,14.90,9.93,true,1,
8717163655825,false,"רקסונה דאו' ספריי לנשים בניחוח כותנה, 150 מ""ל","יוניליוור ישראל שיווק בע""מ",,,יח,1.50,"ל 100 מ""ל",false,6,14.90,9.93,true,1,
8717163663493,false,"רקסונה - דאודורנט ספריי לגבר קובלט דריי 150 מ""ל","יוניליוור ישראל שיווק בע""מ",,,יח,1.50,"ל 100 מ""ל",false,6,14.90,9.93,true,1,
8717163714850,false,דאודורנט ספריי קוקוס ויסמין( 150 מל),"יוניליוור ישראל שיווק בע""מ",,,יח,1.50,"ל 100 מ""ל",false,1,14.90,9.93,false,1,
8717163947692,false,"אקס ג'ל רחצה לגבר פרש ברגמוט ופינק פפר 400 מ""ל",יוניליוור ישראל שיווק בע`מ,,,יח,4,"ל 100 מ""ל",false,1,11.90,2.98,false,1,
8717644390566,false,דאב סבון מוצק רביעייה- מלפפונים ותה ירו,יוניליוור ישראל שיווק בע`מ,,,יח,4,ל 100 גרם,false,1,13.90,3.48,false,1,
8717677336593,false,טוניס שוקולד חלב 180 גרם רבנות - נוכרי,ליימן שליסל בע`מ,,,יח,1.80,ל 100 גרם,false,1,18.90,10.50,false,1,
8717677336616,false,שוקולד מריר עם שקדים ומלח טוניס' שוקולונלי 180 גרם,ליימן שליסל בע`מ,,,יח,1.80,ל 100 גרם,false,1,18.90,10.50,false,1,
8717677336630,false,שוקולד חלב עם שקדים ודבש טוניס' שוקולונלי 180 גרם,ליימן שליסל בע`מ,,,יח,1.80,ל 100 גרם,false,1,18.90,10.50,false,1,
8717677336654,false,טוניס - שוקולד חלב מעולה עם שברי קרמל מלוח,ליימן שליסל בע`מ,,,יח,1.80,ל 100 גרם,false,1,18.90,10.50,true,1,
8717677336661,false,טוניס שוקולד מריר מעולה 70% 180 גרם רבנות - נוכרי,ליימן שליסל בע`מ,,,יח,1.80,ל 100 גרם,false,1,18.90,10.50,false,1,
8717677338436,false,שוקולד חלב עם אגוזי לוז טוניס' שוקולונלי 180 גרם,ליימן שליסל בע`מ,,,יח,1.80,ל 100 גרם,false,1,18.90,10.50,false,1,
8718951093331,false,מרידול זוג מברשות שיניים אקסטרה סופט,קולגייט פלמוליב,,,יח,1,יח,false,1,34.90,34.90,true,1,
8718951144064,false,מרידול מברשת שיניים פרודונט אקספרט זוג,"ש. שסטוביץ בע""\מ",,,יח,1,,false,1,34.90,34.90,true,1,
8718951166561,false,משחת שיניים לרעננות מוגברת max fresh cooling crystals,הנסיך- מפעל לייצור ט,,,יח,1.25,"ל 100 מ""ל",false,1,17.90,14.32,true,1,
8718951187122,false,זוג מברשות שיניים אלמקס לילדים גילאי 0-3,ש.שסטוביץ בעמ,,,יח,1,,false,1,19.90,19.90,false,1,
8718951222779,false,"מרידול פור משחה לשיניים וחניכיים בריאות 75 מ""ל",קולגייט פלמוליב,,,יח,0.75,"ל 100 מ""ל",false,1,24.90,33.20,false,1,
8718951236790,false,"קולגייט טוטאל משחת שיניים קלין מינט לפה בריא 100 מ""ל",קולגייט פלמוליב,,,יח,1,"ל 100 מ""ל",false,1,16.90,16.90,true,1,
8718951236806,false,"קולגייט טוטאל הלבנה משחת שיניים המסייעת בהסרת כתמים 100 מ""ל",ש. שסטוביץ בע`מ,,,יח,1,"ל 100 מ""ל",false,1,16.90,16.90,true,1,
8718951236813,false,"קולגייט טוטאל משחת שיניים ניקוי מתקדם לפה בריא יותר 100 מ""ל",קולגייט פלמוליב,,,יח,1,"ל 100 מ""ל",false,1,16.90,16.90,true,1,
8718951240742,false,"קולגייט טוטאל משחת שיניים פסים מרעננים 100 מ""ל",איינשטיין-צור יבוא-יצוא וסחר ב,,,יח,1,"ל 100 מ""ל",false,1,16.90,16.90,true,1,
8718951254527,false,קולגייט משחה סנסיטיב פרו רליף חוזק מוגבר,קולגייט פלמוליב,,,יח,0.75,ל 100 גרם,false,1,19.90,26.53,true,1,
8718951264618,false,"קולגייט אופטיק וייט פחם צ'רקול משחת שיניים, 75 מ""ל",איינשטיין-צור יבוא-יצוא וסחר ב,,,יח,0.75,ל 100 גרם,false,1,29.90,39.87,true,1,
8718951265103,false,קולגייט זוג מברשת שיניים אולטרה סופט,קולגייט פלמוליב,,,יח,1,,false,1,29.90,29.90,false,1,
8718951313927,false,"סבון ידיים משאבה פלמוליב חימר טונוס 300 מ""ל",ש.שסטוביץ בעמ,,,יח,3,ל 100 גרם,false,1,10.90,3.63,false,1,
8718951315303,false,"קולגייט אדומה משחת שיניים להגנה מפני עששת 2*100 מ""ל",קולגייט-פלמוליב,,,יח,2,ל 100 גרם,false,1,19.90,9.95,false,1,
8718951333048,false,"פלמוליב סבון לידיים למטבח, 300 מ""ל",הנסיך- מפעל לייצור ט,,,יח,3,ל 100 גרם,false,1,9.90,3.30,false,1,
8718951334090,false,"סופלין מרכך כביסה מרוכז כחול 650 מ""ל",ש.שסטוביץ בעמ,,,יח,6.50,ל 100 גרם,false,1,10.90,1.68,true,1,
8718951334120,false,"סופלין מרכך כביסה מרוכז לבנדר 650 מ""ל",ש.שסטוביץ בעמ,,,יח,6.50,ל 100 גרם,false,1,10.90,1.68,true,1,
8718951335066,false,סופלין מרכך כביסה מרוכז ורדים 1.3ל',ש.שסטוביץ בעמ,,,יח,13,ל 100 גרם,false,1,14.90,1.15,false,1,
8718951354807,false,נוזל רצפות אגקס חגיגת הפרחים יסמין 1.5 ל,קולגייט פלמוליב,,,יח,1.50,לליטר,false,1,19.90,13.27,true,1,
8718951381292,false,"משחת שיניים מקס דיטוקס פואם קולגייט 125 מ""ל",ש. שסטוביץ בע`מ,,,יח,1.25,"ל 100 מ""ל",false,1,14.90,11.92,true,1,
8718951382787,false,"משחת שיניים אופטיק וויט חימר ומינרלים 75 מ""ל קולגייט",ש.שסטוביץ בעמ,,,יח,0.75,ל 100 גרם,false,1,29.90,39.87,true,1,
8718951385290,false,אג`קס ניקוי כללי עוצמת ב -7כחול 2 ליטר,קולגייט פלמוליב,,,יח,20,"ל 100 מ""ל",false,1,22.90,1.15,true,1,
8718951431614,false,"סבון רחצה פלמוליב סו פירם מינרלים משאבה 750 מ""ל",קולגייט פלמוליב,,,יח,7.50,"ל 100 מ""ל",false,1,19.90,2.65,true,1,
8718951433120,false,קולגייט טוטאל משחת שיניים לילדים לגילאי,קולגייט פלמוליב,,,יח,1,,false,1,16.90,16.90,true,1,
8718951446564,false,"סבון נוזלי מומנטס עץ אלגום ולבנדר 500 מ""ל פלמוליב",ש.שסטוביץ בעמ,,,יח,5,"ל 100 מ""ל",false,1,16.90,3.38,false,1,
8718951509627,false,"קולגייט אופטיק וייט לאוהבי קפה ותה משחת שיניים 75 מ""ל",קולגייט פלמוליב,,,יח,0.75,ל 100 גרם,false,1,29.90,39.87,true,1,
8719200997998,false,מרגרינה למריחה בישול וטיגון 200 ג' בלו בנד,דיפלומט מפיצים (1968) בעמ**,,,יח,2,ל 100 גרם,false,1,4.50,2.25,false,1,
8719200998001,false,מרגרינה לאפיה ובישול בלי מלח 200 ג' בלו בנד,יוניליוור ישראל מזון בע\,,,יח,2,ל 100 גרם,false,1,4.50,2.25,false,1,
8719200998018,false,מחמאה מרגרינה בטעם חמאה בלובנד 200 גרם,"מיוצר ע""\י יוניליוור ישר",,,יח,2,ל 100 גרם,false,1,4.50,2.25,false,1,
8719200998032,false,"מרגרינה מזולה גלורי טעם חמאה 250גר 8 יחידות - כשל""פ","מיוצר ע""\י יוניליוור ישר",,,יח,2.50,ל 100 גרם,false,1,10.90,4.36,false,1,
8719200998094,false,"מרגרינה מזולה לאפיה ללא תוספת מלח 200גר - 40 יח' -כשל""פ","מיוצר ע""\י יוניליוור ישר",,,יח,2,ל 100 גרם,false,1,6.60,3.30,false,1,
8719200998100,false,מרגרינה מזולה לאפיה טעם חמאה 200גר - 40 יח',דיפלומט מפיצים (1968) בעמ**,,,יח,2,ל 100 גרם,false,1,6.60,3.30,false,1,
8720181043093,false,"דאו אקס ספריי גוף לגבר אפולו 150 מ""ל",יוניליוור ישראל שיווק בע`מ,,,יח,1.50,"ל 100 מ""ל",false,12,11.90,7.93,false,1,
8720181045912,false,"אקס דאודורנט ספריי גוף אפריקה 150 מ""ל",יוניליוור ישראל שיווק בע`מ,,,יח,1.50,"ל 100 מ""ל",false,1,11.90,7.93,false,1,
8720181046605,false,דאב - דאודורנט ספריי לאישה אורגינל כחול 150מל,יוניליוור ישראל שיווק בע`מ,,,יח,1,,false,1,14.90,14.90,false,1,
8720181046612,false,"דאב - דאודורנט רול און לאישה אורגינל 50 מ""ל",יוניליוור ישראל שיווק בע`מ,,,יח,0.50,"ל 100 מ""ל",false,1,14.90,29.80,false,1,
8720181123955,false,"אקס - ג'ל רחצה ריצארג קריד 400 מ""ל","יוניליוור ישראלשיווק בע""מ",,,יח,4,"ל 100 מ""ל",false,12,11.90,2.98,false,1,
8720182256850,false,דאב אל סבון מוצק קלאסי 90 גרם רביעייה,יוניליוור ישראל שיווק בע`מ,,,יח,3.60,ל 100 גרם,false,1,12.90,3.58,false,1,
8723400756552,false,מארז סוכריות מנטוס Mentos ריינבואו,פרפטי ואן מלה ברדה,,,יח,1.48,ל 100 גרם,false,1,10.90,7.36,false,1,
8723400782544,false,מנטוס סוכריות לעיסה בתפזורת בטעם מנטה 160 ג',ליימן שליסל בע`מ,,,יח,1.60,ל 100 גרם,false,1,9.90,6.19,false,1,
8801055707966,false,קפה טייסטרס צ`ויס בריסטה נסקפה (180 גרם),קבוצת אוסם סחר שותפות מוגבלת,,,יח,1.25,ל 100 גרם,false,1,33.90,27.12,false,1,
8801055709458,false,אבקה להכנת משקה קפה בטעם קפוצ'ינו קרמל,קבוצת אוסם סחר שותפות מוגבלת,,,יח,1.70,ל 100 גרם,false,1,17.90,10.53,false,1,
8801055709465,false,אבקה להכנת משקה קפה בטעם קפוצ'ינו וניל,קבוצת אוסם סחר שותפות מוגבלת,,,יח,1.85,ל 100 גרם,false,1,17.90,9.68,false,1,
8801055709489,false,אבקה להכנת משקה קפה בטעם קפוצ'ינו אגוזים,קבוצת אוסם סחר שותפות מוגבלת,,,יח,1.80,ל 100 גרם,false,1,17.90,9.94,false,1,
8809168840488,false,חטיף אצות מיובשות 4.5ג*3 יחידות,מזרח ומערב יבוא ושיווק,,,ל 100 גרם,3,למארז,false,1,11.90,3.97,true,1,
8850180040028,false,קמח טמפורה להכנת בלי,מזרח ומערב יבוא ושיווק,,,יח,0.35,"ל 100 מ""ל",false,1,10.90,31.14,false,1,
8850206250592,false,רוטב צ'ילי סריראצ'ה 540 גרם (מזרח ומערב),מזרח ומערב יבוא ושיווק,,,יח,5.30,"ל 100 מ""ל",false,1,19.90,3.75,false,1,
8850367992164,false,קרם קוקוס 250 מל 20-22% ללא חומר משמר,מזרח ומערב יבוא ושיווק,,,יח,2.50,ל 100 גרם,false,1,7.90,3.16,true,1,
8850367992171,false,קרם קוקוס 1 ליטר 20-22% ללא חומר משמר,מזרח ומערב יבוא ושיווק,,,יח,10,ל 100 גרם,false,1,24.90,2.49,false,1,
8850389103111,false,סאפי משקה אלוורה בטעם ענבים 300מל,פארייפאבה אגרואינדוס,,,יח,3,"ל 100 מ""ל",false,1,7.90,2.53,true,1,
8850389103128,false,"משקה קל סאפה בטעם תפוח 300 מ""ל",פארייפאבה אגרואינדוס,,,יח,3,"ל 100 מ""ל",false,1,7.90,2.53,true,1,
8850389103159,false,"משקה ליצ'י עם חתיכות גלי קוקוס 320 מ""ל מוגו מוגו",סאפה פובליק קומפני לימיט,,,יח,10,"ל 100 מ""ל",false,1,6.90,0.66,true,1,
8850389104637,false,"משקה קל סאפה אלוורה אפרסק 300 מ""ל",פארייפאבה אגרואינדוס,,,יח,3,"ל 100 מ""ל",false,1,7.90,2.53,true,1,
8850389105825,false,משקה אלוורה בטעם ענבים סאפה 1 ליטר,סאפה פובליק קומפני לימיט,,,יח,10,"ל 100 מ""ל",false,1,12.90,1.26,false,1,
8850389105832,false,סאפה משקה אלוורה בטעם תפוח עם קוביות אלוורה 1 ליטר,סאפה פובליק קומפני לימיט,,,יח,10,"ל 100 מ""ל",false,1,12.90,1.26,false,1,
8850389105849,false,סאפה משקה אלוורה מופחת קלוריות בטעם אפרסק 1 ליטר,סאפה פובליק קומפני לימיט,,,יח,10,"ל 100 מ""ל",false,1,12.90,1.26,false,1,
8850389111352,false,"משקה מלון עם חתיכות גלי קוקוס 320 מ""ל מוגו מוגו",סאפה פובליק קומפני לימיט,,,יח,10,"ל 100 מ""ל",false,1,6.90,0.66,true,1,
8850389115312,false,"סאפה אלוורה מלון בקבוק 300 מ""ל",סאפה פובליק קומפני ל,,,יח,0.33,"ל 100 ס""מ",false,1,7.90,23.03,false,1,
8850389115336,false,משקה אלוורה בטעם מלון סאפה 1 ליטר,סאפה פובליק קומפני לימיט,,,יח,1,לליטר,false,1,12.90,12.90,false,1,
8850632604259,false,"יוגטה, חיספוסים, ממתק חמוץ בצורת מקלות בטעם תות שדה,50 גרם",ליימן שליסל בע`מ,,,יח,1,,false,1,3.90,3.90,false,1,
8850632604266,false,"יוגטה, ממתק חמוץ בצורת מקלות בטעם קולה, 50 גרם",ליימן שליסל בע`מ,,,יח,1,,false,1,3.90,3.90,false,1,
8850632604372,false,"יוגטה, חיספוסים בצורת שטיח בטעם תות שדה 50 גרם",ליימן שליסל בע`מ,,,יח,1,,false,1,3.90,3.90,false,1,
8850632604402,false,יוגטה חיספוסים בטעם מעורב תות שדה אבטיח ענבים בננה 50 גרם,ליימן שליסל בע`מ,,,יח,1,,false,1,3.90,3.90,false,1,
8850632605201,false,"יוגטה, חיספוסים, ממתק חמוץ בצורת שטיח, בטעם מעורב- תות בננה, תפוח, תפוז, 50 גרם",הדקלאים אגודת שיתופי,,,יח,1,,false,1,3.90,3.90,false,1,
8851613101385,false,"חלב קוקוס ארוי-די קרטון 500מ""ל",גורי מוצרי צריכה (1991) בעמ,,,יח,5,"ל 100 מ""ל",false,1,12.90,2.58,false,1,
8851613101392,false,נוזלי אגוז קוקוס 1ליטר,גורי מוצרי צריכה (1991) בעמ,,,יח,10,"ל 100 מ""ל",false,1,24.90,2.49,false,1,
8858271003020,false,רוטב סויה פורמולה 1 - 700 מ'ל מקסצ'אפ,מזרח ומערב יבוא ושיווק,,,יח,7,"ל 100 מ""ל",false,1,15.90,2.27,false,1,
8858271003044,false,רוטב סויה כהה פורמולה 5 700 גרם מקסצאפ,מזרח ומערב יבוא ושיווק,,,יח,7,"ל 100 מ""ל",false,1,15.90,2.27,false,1,
8858271003075,false,"רוטב סויה מתוקה מקסצ'אפ 700 מ""ל",מזרח ומערב יבוא ושיווק,,,יח,7,"ל 100 מ""ל",false,1,17.90,2.56,false,1,
8858271004126,false,רוטב חמוץ מתוק 700 מ'ל - מקסצ'אפ,מזרח ומערב יבוא ושיווק,,,יח,7,"ל 100 מ""ל",false,1,14.90,2.13,false,1,
8858271004300,false,"רוטב טרייאקי 70 מ""ל מקסצ`אפ",מזרח ומערב יבוא ושיווק,,,יח,7,ל 100 גרם,false,1,21.90,3.13,false,1,
8858271004423,false,"רוטב טום ים 250 מ""ל מקסצ'אפ",מזרח ומערב יבוא ושיווק,,,יח,0.25,"ל 100 מ""ל",false,1,12.90,51.60,false,1,
8858271004799,false,"רוטב צילי מתוק אל פורפסיס 700 מ""ל",מזרח ומערב יבוא ושיווק,,,יח,7,ל 100 גרם,false,1,12.90,1.84,false,1,
8858271005451,false,"רוטב סויה פורמולה 1 - 250 מ""ל מקסצ'אפ",מזרח ומערב יבוא ושיווק,,,יח,2.50,ל 100 גרם,false,1,12.90,5.16,true,1,
8888021200256,false,סוללות אנרג'ייזר AA מקס 8 יחידות,יצרן: אנרג'ייזר סינג,,,יח,1,,false,1,24.90,24.90,true,1,
8888021200720,false,סוללות אנרג'ייזר AAA מקס 8 יחידות,יצרן: אנרג'ייזר סינג,,,יח,1,,false,1,24.90,24.90,true,1,
8901483010482,false,"מלפפון בחומץ 690 גרם ""לינה""",יורוסטנדרט בעמ,,,יח,6.90,ל 100 גרם,false,1,8.90,1.29,false,1,
8901537024014,false,"אורז בסמטי מובחר 1 ק""ג - דוואט) יורה דיעה",ג. וילי-פוד אינטרנשיונל בע`מ,,,יח,1,"לק""ג",false,1,12.90,12.90,true,1,
8934878081736,false,"אטריות אורז 3 מ""מ 450 גר`",מזרח ומערב יבוא ושיווק,,,יח,4,"ל 100 מ""ל",false,1,10.90,2.73,false,1,
8934878081798,false,"דפים 16ס""מ קמח טפיוקה400",מזרח ומערב יבוא ושיווק,,,יח,4,ל 100 גרם,false,1,14.90,3.73,false,1,
8934878081811,false,"דפי אורז 22 ס""מ 400 גר'(Trav) ללא גלוטן",מזרח ומערב יבוא ושיווק,,,יח,4,ל 100 גרם,false,1,17.90,4.48,true,1,
9005835312626,false,קלרו 50 טבליות למדיח ללא פוספטים,"יעקב יעקבי ובניו בע""מ",,,יח,1.25,"ל 100 מ""ל",false,1,49.90,39.92,false,1,
9005835312640,false,קלרו 80 XXL טבליות למדיח ללא פוספטים,"יעקב יעקבי ובניו בע""מ",,,יח,1.25,"ל 100 מ""ל",false,1,69.90,55.92,false,1,
9005835312732,false,"קלרו נוזל הברקה למדיח כלים 500 מ""ל CLARO","יעקב יעקבי ובניו בע""מ",,,יח,1.25,"ל 100 מ""ל",false,1,14.90,11.92,true,1,
9005835312756,false,"קלרו ניקוי יסודי למדיח כלים 250 מ""ל CLARO","יעקב יעקבי ובניו בע""מ",,,יח,1.25,"ל 100 מ""ל",false,1,14.90,11.92,true,1,
9044400851672,false,סוכריות פז סוגים שונים + 3 מילויים,ר.ב. מוצרי דגנים בעמ,,,יח,1,,false,1,11.90,11.90,false,1,
9120025834723,false,חטיף אוראו מצונן 120 גרם רבנות,ג.וילי-פוד אינטרנשיונל **גבינו,,,יח,1.20,ל 100 גרם,false,1,13.90,11.58,false,1,
9120025839896,false,חטיף מילקה מצונן 128 גרם,ג.וילי-פוד אינטרנשיונל **גבינו,,,יח,1.20,ל 100 גרם,false,1,13.90,11.58,false,1,
9322969000015,false,פריכיות תירס בטעם אורגינל ריל פודס 150 ג',אף.סי תבליני בגליל ב,,,יח,1.50,ל 100 גרם,false,1,12.90,8.60,false,1,
9322969000039,false,פריכיות תירס עם ארבע דגנים מלאים 150 גר`,ריאל פודס בעמ,,,יח,0.15,ל 100 גרם,false,1,12.90,86,false,1,
9322969000046,false,פריכיות תירס שומשום אורגני ריל פודס 150 ג',אף.סי תבליני בגליל ב,,,יח,1.50,ל 100 גרם,false,1,12.90,8.60,false,1,
9322969000053,false,פריכיות אורז מלא ריל פוד 150 גרם,סנו מפעלי ברונוס.,,,יח,1.50,ל 100 גרם,false,1,12.90,8.60,false,1,
9720188050109,false,ממרח על בסיס סויה בסגנון גבינה טופוטי 225 גרם,החברה המרכזית טלהפצת משקאות בע,,,יח,2.27,ל 100 גרם,false,1,21.90,9.65,false,1,
9720188060108,false,ממרח על בסיס סויה בסגון שמנת טופוטי 340 גרם,החברה המרכזית טלהפצת משקאות בע,,,יח,3.40,ל 100 גרם,false,1,21.90,6.44,false,1,
9771565025005,false,עיתון מעריב סוף השבוע,ג`רוזלם פוסט בעמ,,,יח,1,,false,1,6,6,false,1,
9771565051035,false,עיתון ידיעות אחרונות,ידיעות אחרונות בעמ,,,יח,1,,false,1,13.90,13.90,false,1,
9843022871842,false,חנוכיה מודפסת+ כוסות זכוכית,אשוש חצב בעמ,,,יח,1,,false,1,10.90,10.90,false,1,
