code,internal_code,name,manufacturer_name,manufacture_country,manufacturer_item_description,unit_qty,quantity,unit_of_measure,weighted,qty_in_package,price,unit_of_measure_price,allow_discount,status,item_id
32147230,false,"מיץ לימון משומר 200מ""ל(לימונית אקסטרא)",ג'נרל מילס סאן אדריא,CH,מיץ לימון סיצילייה 2,,200.00,,false,,8.90,0.0445,true,1,207095
40144016,false,סוכריות חמאה וורטר אורגינל גליל בודד 50,קריניציה ויטמינה אס,DE,סוכריות וורטר גליל 5,,50.00,,false,,5.20,0.1040,true,1,191692
54051140,false,מעדן סויה טעם וניל אלפרו רביעיה * 125 ג',הנסיך- מפעל לייצור ט,BE,אלפרו מעדן סויה וניל,,500.00,,false,,17.90,0.0358,true,1,185339
54051157,false,מעדן סויה טעם שוקו אלפרו רביעיה 125 ג',קריות זול,BE,אלפרו מעדן סויה שוקו,,500.00,100 גרם,false,,17.90,0.0358,true,1,185340
59013662,false,דאב דאו רולאון קקאו והיביסקוס 50 מל,יוניליוור,GB,דאב רולאון קקאו 50 מ,,50.00,,false,,19.90,0.3980,true,1,236271
72940754,false,"מילקי מעדן וניל עם קצפת שטראוס 133 מ""ל","שטראוס גרופ בע""מ",IL,"מילקי וניל 170 מ""ל",,170.00,100 גרם,false,,2.90,0.0171,true,1,195404
72940761,false,"מילקי מעדן שוקולד עם קצפת שטראוס 133 מ""ל",מיוצר עי קונדיטוריית,IL,מילקי שוקולד מהדרין,,170.00,100 גרם,false,,2.90,0.0171,true,1,195405
72940952,false,מעדן מילקי בטעם שוקולד עם אקסטרה קצפת,"שטראוס גרופ בע""מ",IL,מילקי פי 2 קצפת מהדר,,110.00,,false,,3.90,0.0355,true,1,195407
72941041,false,מעדן מילקי מיני בטעם שוקולד עם קצפת,"שטראוס גרופ בע""מ",IL,מיני מילקי שוקולד 70,,70.00,,false,,2.40,0.0343,true,1,195411
72945308,false,קוביות שמרים לאפיה שמרית 2*25 ג',"פאקא תעשיות בע""מ",IL,שמרית קוביות שמרים ל,,50.00,,false,,4.50,0.0900,true,1,195412
72961506,false,יוגורט עם תות 1.5% שומן 125 ג' פרילי,מיוצר עי קונדיטוריית,IL,פרילי תות 1.5% 125גר,,125.00,100 גרם,false,,3.90,0.0312,true,1,188727
72961520,false,"פרילי יוגורט עם אננס 1.5% תנובה 125 מ""ל",מיוצר עי קונדיטוריית,IL,פרילי אננס 1.5% 125ג,,125.00,100 גרם,false,,3.90,0.0312,true,1,188729
72961544,false,"באדי יוגורט בטעם תות שדה 3% תנובה 125 מ""ל",מחלבת אלון תבור,IL,באדי תות 125מל,,125.00,,false,,3.20,0.0256,true,1,188730
72964132,false,פרילי טבע עם גרנולה 1.5% 200מל,מיוצר עי קונדיטוריית,IL,פרילי טבעי עם גרנולה,,150.00,100 גרם,false,,5.60,0.0373,true,1,188739
72986370,false,"גלידת בן & ג'ריס פיינטים וניל 500מ""ל",מוצרי איכות אמריקאים,IL,בן&גריס גלידה פיינטי,,420.00,100 גרם,false,,24.90,0.0593,true,1,174022
72986424,false,"גלידת בן & ג'ריס פיינטים קרם עוגיות 500מ""ל",מוצרי איכות אמריקאיי,IL,בן&גריס גלידה פיינטי,יחידה,420.00,יחידה,false,,24.90,0.0593,true,1,174023
72986448,false,"גלידת בן & ג'ריס פיינטים טופי קראנץ 500מ""ל",מוצרי איכות אמריקאיי,IL,בן&גריס גלידה טופי ק,יחידה,420.00,יחידה,false,,24.90,0.0593,true,1,174024
72986455,false,"גלידה בן& ג'ריס ניו יורק סופר פאדג' צ'אנק 500 מ""ל",מוצרי איכות אמריקאיי,IL,בן&גריס גלידה פיינטי,,420.00,100 גרם,false,,24.90,0.0593,true,1,174025
72986479,false,"גלידה שוקולד אגוז עם בננות בן וג'ירי 500 מ""ל",מוצרי איכות אמריקאיי,IL,בן&גריס גלידה צאנקי,,420.00,100 גרם,false,,24.90,0.0593,true,1,174026
72989425,false,"גלידת בן & ג'ריס פיינטים שוקולד בראוניז 500מ""ל",מוצרי איכות אמריקאיי,IL,בן&גריס גלידה פיינטי,יחידה,500.00,יחידה,false,,24.90,0.0498,true,1,174027
72991886,false,"גלידת דולצ'ה בטעם ריבת חלב עם פאדג' בן וג'ירי 500 מ""ל",מוצרי איכות אמריקאיי,IL,בן&גריס גלידה ריבת ח,,750.00,100 גרם,false,,24.90,0.0332,true,1,174028
72993637,false,מעדן חלב בטעם שוקולד 125 ג' דני,מחלבת אחיהוד,IL,דני מהדרין שוקו בודד,,125.00,,false,,3.00,0.0240,true,1,195429
72994061,false,חטיף פסק זמן GOOD גלילית לבן 40 גרם,שולן צ'יקולטה גידה ס,IL,פסק זמן טו גוד 36גר,,36.00,,false,,5.50,0.1528,true,1,208375
80001027,false,לואקר טורטינה שוקולד חלב,"כד בני דרום בע""מ",IT,וופל טורטינה,,21.00,,false,,3.90,0.1857,true,1,191695
80001287,false,וופל חטיף לואקר אגוז 38 גר',ליימן מותגים,AT,גרדנה חטיף אגוז 38גר,,38.00,100 גרם,false,,4.70,0.1237,true,1,191696
80001461,false,לואקר חטיף שוקולד 38 גר',"א. לואקר קונפקט בע""מ",AT,גרדנה שוקולד מר 38גר,,38.00,,false,,4.90,0.1289,true,1,191701
80001485,false,גרדנה קוקוס 38 גר'25X יח',קריניציה ויטמינה אס,IT,גרדנה חטיף קוקוס 38ג,,38.00,100 גרם,false,,4.90,0.1289,true,1,191702
80042556,false,POLPA עגבניות חתוכות דק 400 גרם MUTTI,"איי, בי, אינבוו",IT,עגבניות חתוכות מוטי,,400.00,,false,,16.90,0.0422,true,1,214100
80042563,false,רסק עגבניות 700 ג' (צהוב) MUTTI,"איי, בי, אינבוו",IT,רסק עגבניות 700גר (צ,,700.00,,false,,14.90,0.0213,true,1,214631
80050278,false,פררו רושר חטיף כדורים שלישיה 40ג',קריות זול,IT,רושר חטיף 37.5גר,,37.50,,false,,6.50,0.1733,true,1,213982
80052487,false,חטיף רפאלו שלישייה,רושר,PL,רפאלו חטיף 30גר,,30.00,100 גרם,false,,5.50,0.1833,true,1,213987
80052883,false,סוכריות מנטה חזק 16 ג' טיק טק,פררו,ZA,טיק טק מנטה חזק 16 ג,,16.00,,false,,4.30,0.2687,true,1,237862
80177173,false,ממרח אגוזי לוז עם קקאו,נוטלה Nutella,IT,נוטלה ממרח 350 גרם,,350.00,,false,,15.50,0.0443,true,1,213993
80177609,false,אצבעות שוקולד קינדר Kinder ארבע יחידות,קריות זול,IT,קינדר אצבעות שוקולד,,50.00,,false,,5.00,0.1000,true,1,213995
80768838,false,מסטיק מנטוס וויט ביג פירות ומנטה 105 ג',פרפטי ואן מלה,TR,מנטוס וויט ביג פירות,,70.00,,false,,19.50,0.2786,true,1,191717
80773429,false,מנטוס בקבוק מעוגל - מסטיק ללא סוכר בטעם תות 60 גרם,פרפטי ואן מלה הולנד,NL,מסטיק מנטוס פיור פרש,,60.00,,false,,9.90,0.1650,true,1,232742
80773443,false,מנטוס בקבוק מעוגל - מסטיק ללא סוכר בטעם מנטה 60 גרם,פרפטי ואן מלה הולנד,NL,מסטיק מנטוס בקבוק מע,,60.00,,false,,9.90,0.1650,true,1,221557
80776307,false,מסטיק מנטוס ביג בבקבוק מעוגל טעם פירות מנטה 90 ג',פרפטי ואן מלה הולנד,NL,מנטוס מסטיק ביג בקבו,,90.00,100 גרם,false,,19.50,0.2167,true,1,221555
80780595,false,מסטיק מנטוס ביג בבקבוק מעוגל טעם מנטה-עדינה 90 ג',פרפטי ואן מלה הולנד,TR,מנטוס מסטיק ביג בקבו,,90.00,100 גרם,false,,19.50,0.2167,true,1,221554
80790990,false,מסטיק מנטוס בבקבוק מעוגל בטעם פירות -מנטה 60 ג',פרפטי ואן מלה הולנד,NL,מסטיק מנטוס בקבוק מע,,60.00,,false,,9.90,0.1650,true,1,221558
80794233,false,מסטיק מנטוס ביג בבקבוק מעוגל טעם מנטה 90 ג',פרפטי ואן מלה הולנד,NL,מנטוס מסטיק ביג בקבו,,90.00,100 גרם,false,,19.50,0.2167,true,1,221556
80804697,false,מסטיק וויט White בטעם מנטה מתוקה ללא סוכר,פרפטי ואן מלה,TR,מנטוס וויט ביג מנטה,,70.00,,false,,19.50,0.2786,true,1,191722
80843184,false,מנטוס מסטיק פיור פרש בטעם ענבים 60גר,פרפטי ואן מלה הולנד,NL,מסטיק מנטוס פיור פרש,,60.00,,false,,9.90,0.1650,true,1,246113
80862260,false,מסטיק מנטוס פיור וויט מנטה מתוקה 150 גר,פרפטי ואן מלה ברדה,TR,מנטוס מסטיק פיור ווי,יחידה,0.00,יחידה,false,,19.50,0.0000,true,1,249030
80864059,false,וופל גרדנה עם קרם חמאת בוטנים בציפוי שוקולד חלב,ליימן מותגים,AT,גרדנה חטיף חמאת בוטנ,,38.00,100 גרם,false,,4.70,0.1237,true,1,248948
80896081,false,מנטוס בקבוק מעוגל - מסטיק ללא סוכר בטעם אבטיח 60 גרם,פרפטי ואן מלה הולנד,NL,מנטוס מסטיק פיור פרש,,60.00,,false,,9.90,0.1650,true,1,232743
80913467,false,מנטוס בקבוק מעוגל - מסטיק ללא סוכר בטעם מנטה,פרפטי ואן מלה הולנד,NL,מסטיק מנטוס בבקבוק מ,,60.00,,false,,9.90,0.1650,true,1,221559
80926481,false,מסטיק מנטוס פיור פרש בבקבוק בינוני בטעם אבטיח 90ג',פרפטי ואן מלה הולנד,TR,מסטיק מנטוס פיור פרש,,90.00,,false,,19.50,0.2167,true,1,236671
80929277,false,מסטיק מנטוס פיור וויט מנטה עדינה 150 גר,פרפטי ואן מלה ברדה,TR,מנטוס מסטיק פיור ווי,יחידה,0.00,יחידה,false,,19.50,0.0000,true,1,249031
80974215,false,מסטיק מנטוס פיור פרש בבקבוק ביג בטעם תות 90ג',פרפטי ואן מלה הולנד,NL,מסטיק מנטוס פיור פרש,,90.00,,false,,19.50,0.2167,true,1,239413
80979128,false,מנטוס מסטיק בקבוק מעוגל בטעם דובדבן,פרפטי ואן מלה הולנד,TR,מסטיק מנטוס פיור פרש,,60.00,100 גרם,false,,9.90,0.1650,true,1,246112
80986348,false,סוכריות פיור וויט טעם מנטה 60 ג' מנטוס,פרפטי ואן מלה הולנד,TR,מנטוס פיור וויט מנטה,,60.00,100 גרם,false,,9.90,0.1650,true,1,246535
80995128,false,מנטוס - מסטיק בטעם הדרים בתוספת ויטמינים 60 גרם,פרפטי ואן מלה הולנד,TR,מנטוס מסטיק בטעם הדר,,60.00,100 גרם,false,,9.90,0.1650,true,1,249921
87108538,false,סוכריות בטעם תות מנטוס 37.5 גרם,הדקלאים אגודת שיתופי,NL,מנטוס תות בגליל בודד,,37.50,100 גרם,false,,4.00,0.1067,true,1,191750
87108712,false,סוכריות בטעם פירות מנטוס 4*37.5 גרם,פרפטי ואן מלה ברדה,NL,סוכריות מנטוס רביעיי,,37.50,100 גרם,false,,12.90,0.3440,true,1,191752
87354041,false,סוכריות מנטוס גליל בטעם דובדבן,פרפטי ואן מלה,NL,מנטוס גליל דובדבן בו,,37.50,,false,,4.00,0.1067,true,1,245287
90087974,false,חומץ טבעי מתפוחים 750 מל,ראוך פרוכטסאפה,AT,חומץ תפוחים 5% 750מל,,750.00,100 גרם,false,,14.90,0.0199,true,1,174713
10900100878,false,דאימונד ארוך 087 24/1,,,נייר כסף ארוך,יחידה,0.00,יחידה,false,,12.90,0.0000,true,1,251290
11210000094,false,"רוטב ""טבסקו"" על בסיס פלפל אדום 60 מ""ל",מקאילהייני אייבורי,US,טבסקו אדום 60מל,,60.00,,false,,11.90,0.1983,true,1,174475
11210007253,false,"רוטב ""טבסקו"" על בסיס פלפל אדום ושום 60 מ""ל",מקאילהייני אייבורי,US,טבסקו שום 60מל,,60.00,,false,,11.90,0.1983,true,1,174476
16000185517,false,דגני בוקר פייבר וואן עתירי סובין FIBRE1,בטר אנד דיפרנט,US,דגני פייבר וואן 555,,555.00,100 גרם,false,,29.90,0.0539,true,1,248020
16000423534,false,חטיפי גרנולה קראנצ'י עם שיבולת שועל ושוקולד מריר נייצ'ר ואלי 5*42 גרם,ג'נרל מילס סאן אדריא,ES,ניטשר וואלי חטיף שיב,,210.00,100 גרם,false,,22.90,0.1090,true,1,191775
16000548404,false,חטיפי גרנולה קראנצ'י עם שיבולת שועל ודבש נייצ'ר ואלי 5*42 גרם,ג'נרל מילס סאן אדריא,ES,ניטשר וואלי חטיף קרא,,210.00,100 גרם,false,,22.90,0.1090,true,1,191785
16000548503,false,חטיפי גרנולה קראנצ'י עם מייפל וסוכר חום נייצ'ר ואלי 5*42 גרם,ג'נרל מילס סאן אדריא,ES,ניטשר וואלי חטיף קרא,,210.00,100 גרם,false,,22.90,0.1090,true,1,191787
16000548602,false,חטיפי גרנולה קראנצ'י קינמון נייצ'ר ואלי 5*24 גרם,ג'נרל מילס סאן אדריא,ES,ניטשר וואלי חטיף קרא,,210.00,,false,,22.90,0.1090,true,1,191789
16000548909,false,חטיפי גרנולה קראנצ'י במגוון טעמים נייצ'ר ואלי 5*42 גרם,ג'נרל מילס סאן אדריא,ES,ניטשר וואלי חטיף קרא,,210.00,100 גרם,false,,22.90,0.1090,true,1,191791
18000701223,false,"פילסברי, עוגה בטעם שוקולד, תערובת להכנת עוגה בטעם שוקולד. 500 גרם",הדקלאים אגודת שיתופי,IL,תערובת עוגת שוקולד פ,,550.00,100 גרם,false,,19.90,0.0362,true,1,191793
18000703494,false,"פילסברי, עוגה בטעם וניל, תערובת להכנת עוגה בטעם וניל. 500 גרם.",הדקלאים אגודת שיתופי,IL,תערובת עוגת וניל 500,,500.00,,false,,19.90,0.0398,true,1,191794
18000703517,false,"פילסברי, עוגה בטעם שוקולד וניל, תערובת להכנת עוגה בטעם וניל. 550 גרם.",הדקלאים אגודת שיתופי,IL,תערובת עוגת שיש 550ג,,550.00,,false,,19.90,0.0362,true,1,191795
18000766413,false,"פילסברי, עוגה בטעם שוקולד, תערובת להכנת עוגה בטעם שוקולד. 550 גרם.",הדקלאים אגודת שיתופי,IL,תערובת עוגת בראוניס,,550.00,100 גרם,false,,19.90,0.0362,true,1,191796
22200956932,false,דאודורנט ספיד סטיק גל 24/7 כחול 85 גר,הנסיך- מפעל לייצור ט,US,ספיד סטיק 24/7 ג'ל כ,,85.00,100 גרם,false,,24.90,0.2929,true,1,185346
23243007476,false,סבון ירדן שלישיה 300,,,ירדן סבון 3*100 גרם,,300.00,100 גרם,false,,39.90,0.1330,true,1,253774
25675301108,false,מקלות חמוצים חמצוצים תות 50 גרם,פאסין,NL,מקלות חמוצים תות 50,,50.00,,false,,5.90,0.1180,true,1,199549
29424000687,false,גלילי וופל אגוז 100 גר' מנעמים,מנעמים,,גלילי וופל אגוז מנעמ,,100.00,100 גרם,false,,5.90,0.0590,true,1,190644
29424000854,false,גלילי ופל מנעמים שוק,,,גלילי וופל מנעמים שו,,100.00,100 גרם,false,,5.90,0.0590,true,1,190645
31200001597,false,חמוציות אושן ספריי קליית גת בשקית 170 גרם,אושן ספריי,US,חמוציות אושן ספריי 1,,170.00,100 גרם,false,,13.90,0.0818,true,1,191803
31290140176,false,שוקולוד מריר בתוספת שקדים שוקולד גודייבה פינגרס,גודייבה,TR,אצבעות שוקולד מריר ע,,90.00,,false,,14.90,0.1656,true,1,224266
33617322616,false,קרקר ואזה 203-275 גרם מקמח שיפון,כלורוקס אוקלנד,SE,קרקר ואזה מקמח שיפון,,270.00,,false,,14.90,0.0552,true,1,192804
34000446001,false,ריזס מיניאטורס- חטיף שוקולד במילוי חמאת בוטנים 150 גרם,ליימן מותגים,,חטיפי שוקולד חלב במי,,150.00,,false,,10.90,0.0727,true,1,191808
34000470563,false,מארז שוקולד ריסז מיניס 215 גרם,ליימן מותגים,US,ריסז מיניס פאוצ 215ג,,215.00,100 גרם,false,,19.90,0.0926,true,1,249035
34000544431,false,ממתקי הרשיז טוויזלרס טעם דובדבן 172 גרם,ליימן מותגים,US,ממתק טוויזלרס בטעם ד,,172.00,,false,,8.90,0.0517,true,1,249034
34000996643,false,מארז שוקולד הרשי דרופס 215 גרם,ליימן מותגים,US,הרשי דרופס פאוצ 215ג,,215.00,,false,,19.90,0.0926,true,1,249036
36000516876,false,ממחטות נייר קלינקס לושן 3 שכבות 75 דף,חוגלה קימברלי,US,קלינקס לושן 75 יח,,75.00,,false,,13.90,0.1853,true,1,224148
37600207188,false,חמאת בוטנים סקיפי קלאסי 462 גרם,חברת המזון אלגוד,US,חמאת בוטנים קלאסי סק,,462.00,100 גרם,false,,25.90,0.0561,true,1,179154
38000138638,false,חטיף צ'יפס פרינגלס פיצה 158 גרם,פרינגלס מנופקצורינג,US,פרינגלס פיצה 158גר,,158.00,100 גרם,false,,12.70,0.0804,true,1,220445
38000138874,false,חטיף צ'יפס פרינגלס חלפינו 158 גרם,פרינגלס מנופקצורינג,US,פרינגלס חלפינו 158גר,,158.00,100 גרם,false,,12.70,0.0804,true,1,220446
38000197840,false,פרינגלס גלי בטעם חריף מתוק 137 ג',פרינגלס מניופקצ'ורינ,US,פרינגלס גלי בטעם חרי,,137.00,,false,,12.70,0.0927,true,1,236215
38000202278,false,חטיף צ'יפס גלי בטעם אורגינל מלוח,פרינגלס מניופקצ'ורינ,US,פרינגלס גלי בטעם אור,,130.00,,false,,12.70,0.0977,true,1,236216
38000232152,false,פרינגלס חטיפי תפוח אדמה בטעם ברביקיו 158 גרם,פרינגלס מניופקצ'ורינ,US,פרינגלס ביג ברביקיו,,158.00,,false,,12.70,0.0804,true,1,224124
38000232176,false,פרינגלס ביג שמנת בצל 158 גרם,פרינגלס מניופקצ'ורינ,US,פרינגלס ביג שמנת ובצ,,149.00,100 גרם,false,,12.70,0.0852,true,1,224125
38000232183,false,פרינגלס ביג אורגינל 149 גרם,פרינגלס מניופקצ'ורינ,US,פרינגלס ביג אורגינל,,149.00,100 גרם,false,,12.70,0.0852,true,1,224126
38527591053,false,קואקר דגנים מרובעים שיבולת שועל וקינמון,BEVERAGES FOODS & SE,US,דגני בוקר קוואקר מרו,,412.00,,false,,23.90,0.0580,true,1,184106
38527591060,false,דגני קוואקר מרובעים Quaker Squares עם סוכר חום,BEVERAGES FOODS & SE,US,דגני בוקר קוואקר מרו,,412.00,100 גרם,false,,23.90,0.0580,true,1,184107
38900779238,false,מיץ אננס דול רביעיות 4*250 מל,דול פיליפינים אינק,,דול מיץ אננס 4*250מל,ליטרים,1.00,ליטר,false,,26.10,26.1000,true,1,253610
41390000058,false,"רוטב טריאקי קיקומן 296 מ""ל",קיקומן פודז אינק,US,רוטב טריאקי קיקומן 2,,296.00,100 גרם,false,,14.90,0.0503,true,1,179181
46214372250,false,"עוגיות שטרודל פריכות תפו""ע וצימוקים",מרבה Merba,NL,עוגיות שטרודל מרבה ת,,200.00,100 גרם,false,,12.90,0.0645,true,1,185358
46214382259,false,עוגיות בראוניס שוקולד 225 ג',בנקטבקריי מרבה בי.וי,NL,עוגיות בראוניס שוקול,,200.00,100 גרם,false,,12.90,0.0645,true,1,185359
48256214758,false,מסיר כתמים קשים לכביסה לבנה וצבעונית,יעקבי- אסטוניש Astonish,GB,אסטוניש אבקת הפלא מס,,1000.00,100 גרם,false,,32.90,0.0329,true,1,183639
50000168583,false,"פריסקיז אקסטרא קראנץ 1.47 ק""ג",פריסקיז,US,פריסקיז אקסטרא קראנץ,,1430.00,,false,,39.90,0.0279,true,1,245298
55369902564,false,אפלסנקס רביעיות רסק תפוחי עץ ללא תוספת סוכר עברית,ליייהי אורצ'רדס,CA,"רסק תפו""ע ללא סוכר ר",,452.00,100 גרם,false,,16.50,0.0365,true,1,174495
62558202381,false,"ארגני טהור 236 מ""ל {12 כשר} b סירופ מייפל",דיקסר קוויבק,CA,סירופ מייפל אורגני 1,,236.00,100 גרם,false,,29.90,0.1267,true,1,236044
64144090051,false,"ספריי שמן PAM קנולה אורגינל 148 מ""ל",קונאגרה פודס,US,תרסיס שמן פאם קנולה,,141.00,100 גרם,false,,21.90,0.1553,true,1,191828
70080000016,false,חרדל אמריקאי פלוכמן Plochman's,"פלוקמן בע""מ",US,חרדל לחיץ אמריק' ניצ,,297.00,100 גרם,false,,10.50,0.0354,true,1,220623
73490130359,false,קרקר קרם קרקר רגיל 2,אפיפית נצרת,IL,קרם קרקר 250גר,,250.00,,false,,7.70,0.0308,true,1,202401
73490130946,false,ביסקויט פתי בר בטעם וניל 500 גרם,אפיפית נצרת,IL,פתי בר וניל 500 גרם,,500.00,,false,,9.90,0.0198,true,1,202402
76840002542,false,"גלידת בן & ג'ריס פיינט נטפליקס וצ'ילד 500מ""ל",מוצרי איכות אמריקאים,IL,בן&גריס גלידה פיינט,יחידה,0.00,יחידה,false,,24.90,0.0000,true,1,232397
76840100156,false,"בן אנד גריס גלידת צרי גרסיה 500 מ""ל",מוצרי איכות אמריקאיי,IL,בן&גריס גלידה שמנת ע,,473.00,100 גרם,false,,24.90,0.0526,true,1,245136
76840100583,false,"גלידת וניל עם בצק עוגיות בן וג'ירי 473 מ""ל",מוצרי איכות אמריקאיי,IL,בן&גריס גלידה וניל+ב,,473.00,100 גרם,false,,24.90,0.0526,true,1,174041
76840400218,false,"גלידה בן&ג'ריס תות שדה ועוגת גבינה 500מ""ל",מוצרי איכות אמריקאיי,IL,בן&גריס גלידה עוגת ג,יחידה,473.00,יחידה,false,,24.90,0.0526,true,1,174059
77245110610,false,סוכריות מאסט ללא סוכר בטעם מנטה 80 ג'עלית,MIESZKO S.A - MS. JO,PL,מאסט סוכריות ללא סוכ,,80.00,100 גרם,false,,9.40,0.1175,true,1,208396
77343000233,false,נרות חימום 50 יחידות,"מנורה שי נר בע""מ",IL,להבונים 50יח,יחידה,0.00,יחידה,false,,10.90,0.0000,true,1,173425
77975010167,false,סניידרס חטיף מקלוני חיטה בתוספת דבש 340.2 גרם,סניידרס Snyder's,US,סניידרס מקלוני חיטה,,340.00,100 גרם,false,,17.90,0.0526,true,1,232745
77975036976,false,מטבל עגבניות בחריפות עדינה סניידרס 439 ג',סניידרס Snyder's,US,מטבל עגבניות בחריפות,,439.00,100 גרם,false,,19.90,0.0453,true,1,191840
77975093085,false,"בייגלה מצופה כעכים בציפוי שוקולד חלב, 141 ג סניידרס",סניידרס Snyder's,US,בייגל מצופה פרצל,יחידה,0.00,יחידה,false,,15.90,0.0000,true,1,251308
77975093108,false,"בייגלה מצופה כעכים בציפוי בטעם שוקולד לבן, 141 ג סניידרס",סניידרס Snyder's,US,פרצל בייגל מצופה לבן,יחידה,0.00,יחידה,false,,15.90,0.0000,true,1,251309
77975094631,false,סנדביץ בייגלה במילוי קרם בטעם צ'דר 226 גרם סניידרס,סניידרס Snyder's,US,בייגלה סניידרס גבינה,,266.00,,false,,17.90,0.0673,true,1,236675
77975094761,false,סניידרס חטיפים על בסיס קמח חיטה בטעם גבינת צ'דר,סניידרס Snyder's,US,שברי בייגל בטעם גבינ,,340.00,100 גרם,false,,17.90,0.0526,true,1,245081
77975094778,false,שברי בייגלה סניידרס בטעם דבש חרדל 340 גר,סניידרס Snyder's,US,סניידרס בטעם דבש חרד,,340.00,,false,,17.90,0.0526,true,1,245557
77975095157,false,סניידרס שברי בייגלה וחלפיניו 340 גרם,סניידרס Snyder's,US,סניידרס שברי בייגלה,,318.00,100 גרם,false,,17.90,0.0563,true,1,248532
80432402931,false,"וויסקי סקוטי, שיבאס ריגאל 12 שנה, 700 מ''ל",מזקקת האחים שיבאס,GB,*מבצע* וויסקי שיבאס,,700.00,100 גרם,false,,109.90,0.1570,true,1,172869
80518532743,false,חבילת בלונים (50 יח') פסטל בסטרים,NORTHERN,CN,בלוני גומי רמה 3,יחידה,0.00,יחידה,false,,11.90,0.0000,true,1,186598
89041081056,false,שמן סויה בתיבול צילי,Flavor full foods in,TW,שמן צ'ילי 185 מל,,185.00,,false,,12.90,0.0697,true,1,205352
608614325801,false,ביצים רגילות לארג' 1,,,ביצים רגילות לארג' 1,,12.00,,false,,12.05,1.0042,true,1,253529
645173911038,false,קורנישון מלפפוןן מיני 720 גרם - תומר,קלמן אינדיה,IN,קורנישון מיני 720גר,,720.00,,false,,12.90,0.0179,true,1,174752
645692555645,false,עוגיות סהרון פפושדו,פפשדו,,עוגיות סהרון 175 גר',,175.00,100 גרם,false,,5.90,0.0337,true,1,194042
693493045711,false,צלחת עגולה קטנה קנה סוכר א-25,,,צלחת מתכלה 7,יחידה,0.00,יחידה,false,,11.90,0.0000,true,1,251328
693493145244,false,צלחת דקל מרובע 9,,,צלחת דקל מרובע 9,יחידה,0.00,יחידה,false,,16.90,0.0000,true,1,251334
728229123590,false,טרה אורגינל חטיף על בסיס ירקות שורש בטעם טבעי 110 גרם,הונדורס צ'יפס יצור א,HN,ציפס חטיף טרה ירקות,,110.00,,false,,15.90,0.1445,true,1,207117
728229123613,false,טרה חטיף על בסיס תפוח אדמה כחול בטעם טבעי 110 גרם,היין סלסטיאל גרופ,US,ציפס חטיף טרה תפוא כ,,110.00,,false,,16.90,0.1536,true,1,207118
728229123811,false,טרה חטיף על בסיס ירקות שורש בתיבול ים תיכוני 110 גרם,הונדורס צ'יפס יצור א,HN,ציפס חטיף טרה ירקות,,110.00,,false,,15.90,0.1445,true,1,207119
728229124764,false,טרה חטיף על בסיס בטטה עם מלח ים 110 גרם,היין פיוצ'ור נטורל פ,US,ציפס חטיף טרה בטטה מ,,110.00,100 גרם,false,,15.90,0.1445,true,1,224387
728229124771,false,טרה חטיף על בסיס בטטה בטעם ברביקיו 110 גרם,היין פיוצ'ור נטורל פ,IN,ציפס חטיף טרה בטטה ט,,110.00,,false,,15.90,0.1445,true,1,214119
728229130154,false,טרה חטיף על בסיס בטטה וסלק בטעם טבעי 110 גרם,הונדורס צ'יפס יצור א,HN,ציפס חטיף טרה בטטה ו,,110.00,,false,,15.90,0.1445,true,1,207120
835811004394,false,סילאן לחיץ טבעי הנמל,פוליבה,IL,סילאן לחיץ טבעי 800ג,יחידה,0.00,יחידה,false,,21.90,0.0000,true,1,250966
835811004660,false,עטרות אלו` 1.50 לאפיה 100 יח כסף /זהב,הנג טון,CN,1.5 עטרות אלו` לאפיי,יחידה,0.00,יחידה,false,,6.90,0.0000,true,1,253604
856591000055,false,עוגיות מזרחיות קריספי שרוף במיוחד,עבאדי,IL,עוגיות עבאדי מזרחיות,,400.00,,false,,19.90,0.0497,true,1,190660
856591000062,false,עוגיות מזרחיות עם מלח עבאדי 400 גרם,מאפיית יוסף ושמחה עב,IL,עוגיות עבאדי מזרחיות,,400.00,100 גרם,false,,19.90,0.0497,true,1,190661
856591000109,false,עוגיות מזרחיות פריך במיוחד עבאדי 400 גרם,מאפיית יוסף ושמחה עב,IL,עוגיות עבאדי עוגיות,,400.00,,false,,19.90,0.0497,true,1,190665
856591000512,false,עוגיות מזרחיות מקלונים עם שומשום עבאדי 400 גרם,מאפיית יוסף ושמחה עב,IL,עוגיות מזרחיות מקלות,,400.00,,false,,19.90,0.0497,true,1,190679
884912359414,false,דגני בוקר האני באנצס קינמון 340 ג' POST,פוסט ארצות הברית,US,*מבצע* דגני פוסט האנ,,340.00,100 גרם,false,,16.90,0.0497,true,1,248762
885490200099,false,צלחת 9 מוטבע שיש כסף,,,צלחת 9 מוטבע שיש כסף,יחידה,0.00,יחידה,false,,24.90,0.0000,true,1,251385
3014260201753,false,סכיני גילוח ג'ילט בלו 2 להבים - מארז 5 יח',פרוקטר אנד גמבל,PL,גילט סכיני גילוח חד,יחידה,0.00,יחידה,false,,14.90,0.0000,true,1,203615
3014260243531,false,ג'ילט מאך 3 סכינים 4 יח',פרוקטר אנד גמבל,IN,מאך 3 סכיני גילוח רב,יחידה,0.00,יחידה,false,,38.90,0.0000,true,1,254080
3014260246693,false,סכיני גילוח חד פעמי ונוס סימפלי רביעייה,Unknown,,וונוס סימפל סכיני גי,יחידה,0.00,יחידה,false,,14.90,0.0000,true,1,208199
3045206312257,false,דזיטול מגבונים לכל משטח מחטא ומשמיד,יעקבי - דזיטול Desytol,ES,מגבונים לחיטוי כללי,יחידה,0.00,יחידה,false,,15.90,0.0000,true,1,183644
3046920028004,false,לינדט שוקולד אקסלנס מריר 70% 100 גר,לינדט ושפרונגלי,FR,שוקולד לינדט אקסלנס,,100.00,100 גרם,false,,16.90,0.1690,true,1,191059
3046920028363,false,לינדט אקסלנס 85% מוצקי קקאו 100 גרם,לינדט ושפרונגלי,FR,שוקולד לינדט אקסלנס,,100.00,,false,,16.90,0.1690,true,1,191060
3046920029674,false,שוקולד לינדט אקסלנס סולט 100 גרם,לינדט ושפרונגלי,DE,שוקולד לינדט אקסלנס,,100.00,100 גרם,false,,16.90,0.1690,true,1,191063
3059940007768,false,"אירוויק ספריי בניחוח וניל ואורכידאה 240 מ""ל",איירוויק Air Wick,GB,איירוויק ספריי וניל,,240.00,,false,,13.90,0.0579,true,1,200014
3335121604934,false,חרדל דיג'ון חלק פלוטקין 370 גרם,קובינור,FR,חרדל דיזון שאטל 370,,370.00,,false,,10.50,0.0284,true,1,174525
3335121614933,false,חרדל דיג'ון עם גרגירים שלמים 370 גרם,קובינור,,חרדל דיזון גרגירים ש,,350.00,,false,,12.50,0.0357,true,1,174526
3387390320244,false,פיטנס דגני בוקר מחיטה מלאה עם פירות נסטלה 375 גרם,נסטלה צרפת איטנקורט,FR,פיטנס פירות 375גר,,375.00,100 גרם,false,,24.90,0.0664,true,1,176107
3387390525960,false,קראנץ' דגני בוקר עם שוקולד חלב נסטלה 500 גרם,הנסיך- מפעל לייצור ט,FR,דגני קראנץ' נסטלה 50,,500.00,100 גרם,false,,27.90,0.0558,true,1,176112
3574660235197,false,אובה טמפונים קומפורט,Johnson Toilet-IT,,אובה טמפונים קומפורט,,32.00,,false,,19.90,0.6219,true,1,208212
3574660235432,false,אובה טמפונים קומפורט,,,אובה טמפונים קומפורט,,32.00,,false,,24.90,0.7781,true,1,208213
3574660240030,false,טמפונים או בה פרו קומפורט נורמל 32 יח,פארמה דיל,,אובה טמפונים פרוקומפ,,32.00,,false,,24.90,0.7781,true,1,224418
3574660389142,false,"ליסטרין מי פה ירוק פרש בורסט 500 מ""ל",,,ליסטרין מי פה פרש יר,,500.00,,false,,19.90,0.0398,true,1,249847
3574661485607,false,מגן תחתון קרפרי,,,מגן תחתון קרפרי,יחידה,0.00,יחידה,false,,19.90,0.0000,true,1,251422
3574661487328,false,קרפרי מגני תחתון אורגינל פלוס 56 יח',הדקלאים אגודת שיתופי,IT,קרפרי תחתוניות רגיל,יחידה,0.00,יחידה,false,,19.90,0.0000,true,1,239296
3574661487335,false,קרפרי מגן תחתון מקסי לונג ריח'ני 40 יח',קרפרי Carefree,IT,קרפרי תחתוניות לונג,יחידה,0.00,יחידה,false,,19.90,0.0000,true,1,239297
3574661487625,false,מגני תחתון פלוס לארג' בניחוח עדין L,הדקלאים אגודת שיתופי,IT,קרפרי תחתוניות מקסי,יחידה,0.00,יחידה,false,,19.90,0.0000,true,1,224182
3574661500355,false,קרפרי מגן תחתון מקסי לונג רגיל 40 יח',ג'ויה מעבדות לקוסמטי,IT,קרפרי תחתוניות לונג,יחידה,0.00,יחידה,false,,19.90,0.0000,true,1,239300
3574661552576,false,קרפרי מגן תחתון רגיל טנגה לבן 56 יח חדש,הדקלאים אגודת שיתופי,GR,קרפרי מגן תחתון רגיל,,56.00,,false,,19.90,0.3554,true,1,224184
3574661552804,false,קרפרי מגן תחתון אלוורה 56 יח',הדקלאים אגודת שיתופי,IT,קרפרי מגן תחתן אלוור,יחידה,0.00,יחידה,false,,19.90,0.0000,true,1,222503
3574669908481,false,ג'ונסון בייבי אל סבון אמבט 750 מל חדש,ג'ונסונס Johnson's,IT,גונסון בייבי אל סבון,,750.00,100 גרם,false,,19.90,0.0265,true,1,224195
3574669909594,false,שמן לתינוקות ג'ונסון,,,שמן לתינוקות ג'ונסון,יחידה,0.00,יחידה,false,,14.90,0.0000,true,1,251429
3600523651887,false,"לוריאל - אלביב שמפו טוטאל ריפר 550 מ""ל",לוריאל - אלביב Elvive,TR,אלביב שמפו בריח טוטא,,550.00,,false,,19.90,0.0362,true,1,224533
3600523652228,false,"לוריאל - אלביב מרכך טוטאל ריפר 550 מ""ל",לוריאל - אלביב Elvive,TR,אלביב מרכך בריח טוטא,,550.00,,false,,19.90,0.0362,true,1,224535
3600523652280,false,"לוריאל אלביב שמפו מועשר ב 6 שמנים, 550 מ""ל",לוריאל - אלביב Elvive,TR,אלביב שמפו בריח שמני,,550.00,,false,,19.90,0.0362,true,1,224539
3800020403631,false,קיט קט וופל פריך עם קרם בוטנים (19%) בציפוי שוקולד חלב (61.8%),נסטלה בולגריה A.D.,BG,קיט קט צ'אנקי חמאת ב,,42.00,100 גרם,false,,4.90,0.1167,true,1,215344
4000417022004,false,ריטר ספורט שוקולד חלב מעולה עם צימוקים ואגוזי לוז 100 גרם,ריטר ספורט Ritter sport,DE,שוקולד קולד ריטר צימ,,100.00,100 גרם,false,,9.90,0.0990,true,1,191860
4000417025005,false,שוקולד מריר במילוי מרציפן ריטר ספורט 100 גרם,ריטר ספורט Ritter sport,DE,שוקולד ריטר ספורט מר,,100.00,,false,,9.90,0.0990,true,1,191863
4000417222008,false,שוקולד ריטר ספורט חלב+שברי אגוזים 100 גרם חלב נוכרי,ריטר ספורט Ritter sport,DE,שוקולד ריטר ספורט חל,,100.00,,false,,9.90,0.0990,true,1,191868
4000417298003,false,שוקולד ריטר ספורט קוקוס 100 גרם חלב נוכרי,ריטר ספורט Ritter sport,DE,שוקולד ריטר ספורט קו,,100.00,100 גרם,false,,9.90,0.0990,true,1,191879
4001683011525,false,או-בה פרוקומפורט מיני 32 יח,פארמה דיל,,אובה פרו קומפורט מינ,,32.00,,false,,24.90,0.7781,true,1,224419
4004666042004,false,משמיד עובש עם מרסס מלרוד Mellerud,יעקובי,DE,מלרוד מרסס משמיד עוב,,500.00,,false,,29.90,0.0598,true,1,183651
4004715020755,false,קישוטי עוגה פרינס אנד פרינסס 75 ג',היינץ צפון אמריקה מק,DE,פרינס אנד פרינסס קיש,,75.00,,false,,15.50,0.2067,true,1,191900
4005808828098,false,ניוואה רול און,,,ניוואה רול און,יחידה,0.00,יחידה,false,,19.90,0.0000,true,1,251476
4005900008442,false,ניוואה סופט,,,ניוואה סופט,יחידה,0.00,יחידה,false,,25.00,0.0000,true,1,251479
4005900513069,false,"ניוואה - דאודורנט רול און לגבר דיפ 50 מ""ל",ביירסדורף,DE,דאודורנט ניוואה רול,,50.00,,false,,19.90,0.3980,true,1,224624
4005900521262,false,"ג'ל רחצה לגבר פיור אימפקט ניוואה 500 מ""ל",ביירסדורף,DE,ניוואה ג'ל רחצה דיפ,,500.00,,false,,14.90,0.0298,true,1,224555
4005900555540,false,לבלו כחול אורגינל,,,לבלו שפתון,יחידה,0.00,יחידה,false,,12.90,0.0000,true,1,251483
4005900845733,false,"דאודורנט ספריי קול קיק פרש לגבר ניוואה מן 150 מ""ל",ביירסדורף,DE,ניוואה מן דאודורנט ס,,150.00,,false,,14.90,0.0993,true,1,246342
4008535095351,false,בננית מצופה שוקולד ש,שקדיה,IL,מקצף ממתק בטעם בננה,יחידה,0.00,יחידה,false,,12.90,0.0000,true,1,251494
4009182000354,false,אטבי כביסה 40 יח',,,אטבי כביסה 40 יח',יחידה,0.00,יחידה,false,,13.90,0.0000,true,1,251495
4011800528416,false,קורני חטיף דגנים עם בוטנים מתוק-מלוח*6,קורני Corny,DE,קורני בייס סויט&סול,,150.00,,false,,13.90,0.0927,true,1,224289
4011800567613,false,קורני סנדוויץ שחור לבן 4 יחידות,מיוצר עי קונדיטוריית,DE,קורני סנדביץ שחור לב,,120.00,100 גרם,false,,13.90,0.1158,true,1,207245
4011800568610,false,מארז רביעיית קורני בטעם קלאסי,שוורטאוור וורקה,DE,קורני סנדביץ במילוי,,120.00,,false,,13.90,0.1158,true,1,207246
4011800628512,false,חטיף קורני שוקולד חלב 6 יח 150 גר,מיוצר עי קונדיטוריית,DE,קורני חטיף דגנים עם,,150.00,,false,,13.90,0.0927,true,1,207252
4011800630515,false,חטיף קורני שוקולד חלב ובננה 6 יח 150 גר,מיוצר עי קונדיטוריית,DE,קורני חטיף דגנים עם,,150.00,,false,,13.90,0.0927,true,1,207254
4011800633516,false,קורני שוקולד מריר מעולה 58% קקאו 6*1,שוורטאוור וורקה,DE,קורני חטיף דגנים עם,,150.00,,false,,13.90,0.0927,true,1,207257
4014400900217,false,בונבונריית מרסי מבחר ממתקי שוקולד 400 גרם,קריניציה ויטמינה אס,DE,בונבונירה מרסי 400גר,,400.00,,false,,55.90,0.1397,true,1,191915
4014400901191,false,בונבונריית מרסי מבחר ממתקי שוקולד 250 גרם,ליימן מותגים,DE,בונבונירה מרסי 250גר,,250.00,,false,,28.90,0.1156,true,1,191918
4014400904376,false,סוכריות טופי בטעם שוקולד סטורק 325 גרם,קריניציה ויטמינה אס,DE,סוכריות שוקולדן 325ג,,325.00,,false,,19.90,0.0612,true,1,191926
4014400904390,false,סוכריות טופי ממולא חלב סטורק 325 גרם,קריניציה ויטמינה אס,DE,סוכריות וולמילש 325ג,,325.00,,false,,19.90,0.0612,true,1,191927
4014400907902,false,"וורטרס אורגינל סוכריות חמאה ללא סוכר בקופסה
42 גרם",תות ממתקי איכות,DE,סוכריות וורטר ללא סו,,42.00,100 גרם,false,,7.90,0.1881,true,1,191929
4014400909692,false,וורטרס אורגינל סוכריות חמאה ללא סוכר בטעם קפוצי'ינו בקופסה 42 גרם,קריניציה ויטמינה אס,DE,סוכריות וורטר ללא סו,,42.00,,false,,7.90,0.1881,true,1,191933
4014400910063,false,סוכריות חמאה וורטרס אורגינל 135 גרם,וורטר'ס אורגינל,DE,סוכריות וורטר שקית 1,,135.00,100 גרם,false,,10.90,0.0807,true,1,191935
4014400913910,false,וורטרס אורגינל סוכריות חמאה ממולאות קרם קרמל בשקית,תות ממתקי איכות,DE,סוכריות וורטר ללא סו,,125.00,100 גרם,false,,10.90,0.0872,true,1,191941
4014400914696,false,וורטרס אורגינל סוכריות ללא סוכר 80 גרם,ליימן מותגים,DE,סוכריות וורטר ללא סו,,80.00,,false,,10.90,0.1363,true,1,191947
4014400914924,false,סוכריות וורטר אורגינל ללא סוכר קפה 80 ג',קריניציה ויטמינה אס,DE,סוכריות וורטר ללא סו,,80.00,100 גרם,false,,10.90,0.1363,true,1,191948
4014400923711,false,בונבוניירה שוקולד אגוזים טופיפי 125 גרם,ליימן מותגים,DE,טופיפי 125גרם,,125.00,,false,,13.90,0.1112,true,1,191953
4014400925319,false,וורטרס אורגינל פופקורן קרמל 140 גרם,וורטרס Werther's,DE,פופקורן קרמל וורטרס,,140.00,,false,,15.90,0.1136,true,1,224301
4014400929010,false,וופל מיני קנופרס 200 גר 10 גר*20 יחידות,אוגוסט שטורק,DE,וופל מיני קנופרס 200,,200.00,,false,,21.90,0.1095,true,1,249631
4014400931327,false,ורטרס אורגינל פופקורן עם קרמל זרעי דלעת 1/12,וורטרס Werther's,DE,פופקורן וורטרס אורגי,,140.00,,false,,15.90,0.1136,true,1,248949
4015000031394,false,"ספטיל - משחה להסרת כתמים 200 מ""ל",קריות זול,IL,ספטיל מסיר כתמים 200,,200.00,,false,,18.90,0.0945,true,1,210859
4015000615884,false,"פה - דאודורנט ספריי לאישה קריביין לימון 200 מ""ל",שוורצקופף והנקל,DE,פה ספריי קריביין לימ,,200.00,100 גרם,false,,15.90,0.0795,true,1,190317
4015000615921,false,"פה - דאודורנט ספריי לגבר ספורט 200 מ""ל",שוורצקופף והנקל,DE,פה ספריי ספורט 200מל,,200.00,,false,,15.90,0.0795,true,1,190320
4015400731719,false,תחבושות היגייניות אולוויז יום ולילה Day & Night,פרוקטר אנד גמבל,DE,אולוויז תחבושות דואו,יחידה,0.00,יחידה,false,,19.90,0.0000,true,1,203769
4015400755241,false,תחבושות היגייניות אולוויז אולטרה נורמל - 28 יח',פרוקטר אנד גמבל,DE,אולוויז תחבושות דואו,יחידה,0.00,יחידה,false,,19.90,0.0000,true,1,203777
4015400755487,false,תחבושות היגייניות אולוויז אולטרה לונג - 24 יח',פרוקטר אנד גמבל,DE,אולוויז תחבושות דואו,יחידה,0.00,יחידה,false,,22.90,0.0000,true,1,203779
4015400824701,false,טמפונים עם מוליך רגולר טמפקס 30 יחידות,פרוקטר אנד גמבל,HU,טמפקס רגולר 30יחי,,30.00,,false,,30.90,1.0300,true,1,203781
4015400824725,false,טמפונים סופר עם מוליך טמפקס 30 יחידות,פרוקטר אנד גמבל,HU,טמפונים טמפקס,,30.00,,false,,30.90,1.0300,true,1,203782
4015600762742,false,שמפו יומיומי למניעת קשקשים הנוסחה הקלאסית,פרוקטר אנד גמבל,RO,הד&שולדרס שמפו קלאסי,,500.00,100 גרם,false,,22.90,0.0458,true,1,203800
4015600762780,false,שמפו וקונדישינר יומיומי למניעת קשקשים הנוסחה הקלאסית 2in1,פרוקטר אנד גמבל,RO,הד&שולדרס שמפו קלאסי,,500.00,100 גרם,false,,22.90,0.0458,true,1,203801
4015600766900,false,"שמפו ומרכ ך נגד קשקשים 500 מ""ל הד אנד שולדרס",פרוקטר אנד גמבל,RO,הד&שולדרס שמפו 2ב1 מ,,500.00,100 גרם,false,,22.90,0.0458,true,1,203813
4017100198151,false,בלזן היט ביסקוויט עם מלית קרם בטעם וניל (41%) 220 גרם,הדקלאים אגודת שיתופי,PL,בלזן עוגיות סנדוויץ,,220.00,,false,,9.90,0.0450,true,1,191961
4017100364112,false,בלזן היט בסקוויט סנדביץ עם מלית קרם בטעם שוקולד קקאו (41%) 220 גרם,הדקלאים אגודת שיתופי,PL,בלזן עוגיות סנדוויץ,,220.00,,false,,9.90,0.0450,true,1,191978
4018344511188,false,סלמון פראי ברוטב שום לארסן 200 גרם,,,לרסן סלמון פראי ברוט,,200.00,100 גרם,false,,13.90,0.0695,true,1,253562
4018344511195,false,סלמון פראי ברוטב צילי וליים לארסן 200 גר,,,לרסן סלמון פראי ברוט,,200.00,,false,,13.90,0.0695,true,1,253563
4025700001962,false,מילקה טבלה 100 גר' לבן 1/22 (4248023),פי אר ג'יי אס סי מונ,UA,מילקה שוקולד לבן 100,,100.00,,false,,8.90,0.0890,true,1,244452
4084500088917,false,"פיירי נוזל כלים לימון 650 מ""ל",פרוקטר אנד גמבל,US,פיירי נוזל לכלים צהו,,650.00,,false,,11.90,0.0183,true,1,203843
4084500853553,false,פיירי נוזל כלים קלאסי אורגינל 650 מל,פרוקטר אנד גמבל,US,פיירי נוזל לכלים ירו,,650.00,,false,,11.90,0.0183,true,1,203854
4084500853898,false,"פיירי נוזל כלים אלוורה ומלפפונים 515 מ""ל",פרוקטר אנד גמבל,GB,פיירי לכלים אלוורה ו,,515.00,,false,,11.90,0.0231,true,1,214157
4260147890513,false,אטריות ביצים דקות ורמיצ'לי 500ג',דין שיווק,PL,אטריות ורמיצ'לי ביצי,,500.00,,false,,9.90,0.0198,true,1,200742
4603928000976,false,"וודקה בלוגה נובל 700 מ""ל+כוס",מרינסקי ליקרו ונבאנצ,RU,וודקה בלוגה 700 מל,,700.00,,false,,129.90,0.1856,true,1,224574
4605561011975,false,חתיכות פילה הרינג בשמן 150 גר RS,,,חתיכות פילה הרינג בש,,150.00,,false,,8.90,0.0593,true,1,237978
4640018993398,false,פיניש קוואנטום 60 יח' קפסולות ג'ל למדיח כלים,רקיט בנקיזר,PL,פיניש קוואנטום 60 קפ,,60.00,,false,,55.90,0.9317,true,1,224353
4710068001692,false,"מאסטר קפה לאטה פחית 240מ""ל",תאיט מרקטינג אנד דיס,TW,מאסטר קפה לאטה 240 מ,,240.00,100 גרם,false,,8.60,0.0358,true,1,172888
4710964170799,false,שומשום שחור קלוי 91 גרם,פלייבור פול פודס טיי,TH,שומשום שחור קלוי 91ג,,91.00,,false,,17.90,0.1967,true,1,205363
4800888219527,false,דאב - דאודורנט סטיק לאישה ללא סימן אינביזיבל 50 גרם,יוניליוור,PH,דאב סטיק אינביזבל,יחידה,0.00,יחידה,false,,19.90,0.0000,true,1,251541
4810168000011,false,פילה דג הרינג מלוח מצונן 250 גרם,סנטה ברמור,BY,פילה דג הרינג מלוח מ,,250.00,,false,,14.90,0.0596,true,1,240343
4810168000998,false,פילה דג הרינג מלוח מצונן עם בצל בצנצנת חתיכות 260גרם,סנטה ברמור,BY,חתיכות פילה דג הרינג,,260.00,100 גרם,false,,18.90,0.0727,true,1,240345
4810168001056,false,פילה דג הרינג מלוח מצונן בצנצנת חתיכות 260גרם,סנטה ברמור,BY,חתיכות פילה דג הרינג,,260.00,,false,,18.90,0.0727,true,1,240346
4810168018795,false,חתיכות פילה דג הרינג מלוח מצונן 200גרם,סנטה ברמור,BY,חתיכות פילה דג הרינג,,200.00,100 גרם,false,,14.90,0.0745,true,1,240347
4810168019051,false,חתיכות פילה דג הרינג מלוח מצונן עם תבלין 200גרם,סנטה ברמור,BY,חתיכות פילה דג הרינג,,200.00,100 גרם,false,,14.90,0.0745,true,1,240348
4810168024512,false,פילה דג הרינג מלוח מצונן עם תבלין בצנצנת חתיכות 260 גרם,סנטה ברמור,BY,חתיכות פילה דג הרינג,,260.00,,false,,18.90,0.0727,true,1,240349
4810168058999,false,פילה דג הרינג סקנדינבי מלוח מצונן 250 גר,סנטה ברמור,BY,פילה דג הרינג סקנדינ,,250.00,100 גרם,false,,14.90,0.0596,true,1,248908
4810322005944,false,שמן קנולה מזוכך 850מ,,,שמן קנולה מזוכך 850מ,,850.00,,false,,11.90,0.0140,true,1,247072
4823077602863,false,"רושן סוכריות ג'לי ""קרייזי פצ'ולקה"" 200 גר",רושן,UA,"סוכריות ג'לי רושן ""ק",,200.00,,false,,8.90,0.0445,true,1,245733
4823077612732,false,סוכריות קרמל רושן בים בום 200 גר,קייב קרמנציק,UA,סוכריות בים בום 200,,200.00,100 גרם,false,,8.90,0.0445,true,1,240315
4823077613630,false,חטיף שוקולד רושן ממולה קרם ברולה 43גר,רושן Roshen,UA,חטיף שוקולד רושן ממו,,43.00,,false,,3.90,0.0907,true,1,245033
4823077614675,false,ביסקוויט לקפה רושן בטעם חלב 185 גרם,קייב קרמנציק,,ביסקוויט לקפה רושן18,,185.00,100 גרם,false,,4.90,0.0265,true,1,249619
4823077614699,false,ביסקוויט לקפה רושן בטעם חמאה וניל 185 גר',קייב קרמנציק,,ביסקוויט לקפה רושן ב,,185.00,100 גרם,false,,4.90,0.0265,true,1,249620
4823077614767,false,שוקולד רושן חלב נוגט בטעם אגוזי לוז 90 גר',רושן,,שוקולד רושן חלב נוגט,,90.00,100 גרם,false,,6.90,0.0767,true,1,249002
4823077617041,false,חטיף שוקולד רושן ממולה קרם קרמל 43גר',רושן Roshen,UA,באטונציק קרמל 40גר,,40.00,,false,,3.90,0.0975,true,1,220279
4823077621635,false,חטיף שוקולד רושן בטעם חלב 72 גרם,Unknown,,וופל רושן בטעם חלב 7,,72.00,,false,,3.90,0.0542,true,1,246680
4823077621642,false,חטיף שוקולד רושן בטעם שוקולד 72 גר,Unknown,,וופל רושן בטעם שוקול,,72.00,100 גרם,false,,3.90,0.0542,true,1,246681
4823077621659,false,חטיף שוקולד רושן בטעם אגוז 72 גר,Unknown,,וופל רושן בטעם אגוז,,72.00,,false,,3.90,0.0542,true,1,246682
4823077623684,false,רושן סוכריות ממולאות קרם בטעם חלב,קייב קרמנציק,UA,סוכריות טיפת חלב 150,,150.00,,false,,8.90,0.0593,true,1,240323
4823077625145,false,ממתקי שוקולד מריר עם דובדבן בליקר דובדבן,רושן Roshen,UA,בונבוניירה דובדבן+לי,,155.00,,false,,13.90,0.0897,true,1,240329
4823077625589,false,וופל וואפרס חלב רושן 216 גר,,UA,וופל רושן בטעם חלב 2,,216.00,,false,,7.90,0.0366,true,1,245717
4823077625626,false,וופל וואפרס אגוז רושן 216 גר,,UA,וופל רושן בטעם אגוז,,216.00,,false,,7.90,0.0366,true,1,245720
4823077626203,false,שוקולד רושן אורירי מריר 80 גר',רושן Roshen,UA,שוקולד רושן אוורירי,,80.00,100 גרם,false,,7.90,0.0988,true,1,240331
4823077626227,false,שוקולד רושן אורירי חלב 80 גר',רושן Roshen,UA,שוקולד רושן אוורירי,,80.00,100 גרם,false,,7.90,0.0988,true,1,240332
4823077626241,false,שוקולד רושן אורירי לבן קרמל 80 גר',רושן,UA,שוקולד רושן אוורירי,,80.00,,false,,7.90,0.0988,true,1,240333
4823077626364,false,שוקולד רושן אורירי לבן 80 גר',רושן Roshen,UA,שוקולד רושן אוורירי,,80.00,,false,,7.90,0.0988,true,1,240335
4823077631467,false,קרקר עם מלח ים רושן 168 גר HI DAY,רושן,,קרקר עם מלח ים רושן,,168.00,100 גרם,false,,6.90,0.0411,true,1,246228
4823077631474,false,קרקר קלאסי רושן 168 גר HI DAY,רושן,,קרקר קלאסי רושן 168,,168.00,100 גרם,false,,6.90,0.0411,true,1,246229
4823077632112,false,וופל רושן בטעם קקאו חלב 216 גר,,,וופל רושן בטעם קקאו,,216.00,100 גרם,false,,7.90,0.0366,true,1,245721
4823077632259,false,חטיף שוקולד רושן עם בוטנים 43גר',רושן Roshen,UA,חטיף שוקולד רושן עם,,43.00,100 גרם,false,,3.90,0.0907,true,1,245034
4823077632570,false,שוקולד רושן מריר 85 גר BRUT,רושן,UA,שוקולד רושן מריר 85,,85.00,,false,,7.90,0.0929,true,1,246178
4823077633324,false,"עוגיות שוקוצ'יפס "" LOVITA"" חתיכות שוקולד 150גר",,,עוגיות שוקוציפס לווי,,150.00,,false,,7.90,0.0527,true,1,245726
4823077634178,false,עוגיות עם מילוי תפוח קינמון 168 גר LOVITA,,,עוגיות רושן לוויטה ב,,168.00,,false,,7.90,0.0470,true,1,247061
4823077634222,false,עוגיות Lovita ממולאות ג'לי תפוז מצופות צימקאו,רושן Roshen,,עוגיות תפוז לוויטה 1,,135.00,100 גרם,false,,7.90,0.0585,true,1,246732
4823077634741,false,עוגיות עם מילוי תות שדה 168 גר LOVITA,,,עוגיות רושן לוויטה ב,,168.00,,false,,7.90,0.0470,true,1,247062
4823077635533,false,חטיף וופל רושן קרם חלב 350 גר JOHNY KROCKER,,,*מבצע* חטיף וופל רוש,,350.00,100 גרם,false,,15.90,0.0454,true,1,247913
4823077635793,false,"וופלים דקיקים רושן ""THINS"" בטעם חלב וניל",,UA,וופלים דקיקים רושן,,55.00,,false,,4.90,0.0891,true,1,253724
4823077636004,false,עוגיות Lovita ממולאות ג'לי דובדבן מצופות צימקאו,רושן Roshen,,עוגיות קקאו דובדבן ל,,135.00,,false,,7.90,0.0585,true,1,247730
4891228430092,false,שיק אקסטרים 3 קומפורט +לנשים 4 יחידות,אנרג'יזר Energizer,CN,סכיני גילוח שיק אקסט,יחידה,0.00,יחידה,false,,19.90,0.0000,true,1,185468
4903001904192,false,"רוטב סויה יאמסה פרימיום 500 מ""ל",הדקלאים אגודת שיתופי,JP,רוטב סויה יאמסה 500מ,,500.00,100 גרם,false,,19.90,0.0398,true,1,191985
4903001930993,false,"רוטב טריאקי יאמאסה 500 מ""ל",ליימן מותגים,JP,רוטב טריאקי ימאסה 50,,500.00,100 גרם,false,,19.90,0.0398,true,1,191987
5000146057710,false,ספריי רב שימושי לחלונות ומשטחים ווינדולין Windolene,רקיט בנקיזר,PL,וינדולין ספריי לחלונ,,750.00,100 גרם,false,,9.90,0.0132,true,1,200046
5000146401568,false,וולייט דפים למניעת העברת צבע 10 דפים,ווליט Woolite,IT,ווליט לכביסה שומרי צ,יחידה,0.00,יחידה,false,,17.90,0.0000,true,1,200052
5000157143365,false,מתבל בטעם מיונז וקטשופ היינץ 425 ג',היינץ Heinz,PL,מתבל בטעם מיונז וקטש,,425.00,,false,,15.90,0.0374,true,1,224133
5000189974579,false,מארז מיני חטיפי קיט קט Kit Kat,ליימן מותגים,DE,קיט קט מיני 200 גרם,,200.00,,false,,10.90,0.0545,true,1,236087
5000204658187,false,"קיווי נוזל נעליים קראון שחור 75 מ""ל",אס' סי' ג'ונסון במה,ID,קיווי נוזל נעליים שח,יחידה,0.00,יחידה,false,,19.90,0.0000,true,1,207290
5000267024233,false,"וויסקי ג'וני בלאק לייבל עם פורר 700מ""ל",ג'וני ווקר Johnnie walker,,*מבצע* גוני ווקר שחו,,700.00,100 גרם,false,,119.90,0.1713,true,1,173367
5000394017641,false,סוללות דורסל רביעייה,דורסל Duracell,,סוללות דורסל רביעייה,יחידה,0.00,יחידה,false,,14.90,0.0000,true,1,203901
5000394140851,false,דורסל רביעיות AA פלוס פאוור 100%,פרוקטר אנד גמבל,BE,סוללות דורסל רביעייה,יחידה,0.00,יחידה,false,,9.90,0.0000,true,1,246718
5000394141117,false,סוללות דורסל רביעיות AAA פלוס פאוור 100%,פרוקטר אנד גמבל,BE,סוללות דורסל רביעייה,יחידה,0.00,יחידה,false,,15.00,0.0000,true,1,246719
5010182997338,false,דאק ג'ל לניקוי אסלות בניחוח רענן 55 מל,"איטיליאן פוד, אס.פי.",IT,טואלט דאק ג'ל אסלה ב,,55.00,,false,,11.90,0.2164,true,1,207314
5010182998847,false,דאק נוזל לניקוי אסלות בניחוח ים 750 מל,מיוצר עי קונדיטוריית,NL,טואלט דאק נוזל לאסלה,,750.00,,false,,10.90,0.0145,true,1,207324
5010182998861,false,דאק נוזל לניקוי אסלות בניחוח רענן 750 מל,מיוצר עי קונדיטוריית,NL,טואלט דאק נוזל לאסלה,,750.00,,false,,10.90,0.0145,true,1,207325
5010677551281,false,"בקרדי בריזר לימון 275 מ""ל בקבוק",בקרדי בריזר Bacardi Breezer,BE,בקרדי בריזר לימון 27,,275.00,,false,,16.90,0.0615,true,1,172900
5010677551397,false,"בקרדי בריזר לימון ליים 275 מ""ל",בקרדי בריזר Bacardi Breezer,BE,בקרדי בריזר בטעם לימ,,275.00,,false,,16.90,0.0615,true,1,172901
5010677552387,false,"בקרדי בריזר אננס 275 מ""ל בקבוק",בקרדי בריזר Bacardi Breezer,BE,בקרדי בריזר אננס 275,,275.00,,false,,16.90,0.0615,true,1,172902
5010677554398,false,"בקרדי בריזר אבטיח 275 מ""ל בקבוק",בקרדי בריזר Bacardi Breezer,BE,בקרדי בריזר אבטיח 27,,275.00,,false,,16.90,0.0615,true,1,172903
5011157730271,false,אורז יסמין לבן ארוך טילדה,טילדה Tilda,,טילדה אורז יסמין 1 ק,,1000.00,,false,,19.90,0.0199,true,1,249863
5014271002675,false,מעדן פרי תפוח וקינמון 284 גרם,סאנטדלפור,FR,מעדן פרי סנדלפור תפו,,284.00,,false,,19.90,0.0701,true,1,224567
5014271310428,false,מעדן דובדבנים שחורים ללא תוספת סוכר 284 גרם,המאפיה של הרמן,FR,מעדן דבדבן שחור 284ג,,284.00,100 גרם,false,,19.90,0.0701,true,1,174533
5014271330426,false,מעדן אוכמניות כחולות ללא תוספת סוכר 284 גרם,סנדלפור St.dalfour,FR,מעדן אוכמניות כחולות,,284.00,100 גרם,false,,19.90,0.0701,true,1,174534
5014271350424,false,מעדן ארבעה פירות ללא תוספת סוכר 284 גרם,המאפיה של הרמן,FR,מעדן ארבעה פירות 284,,284.00,100 גרם,false,,19.90,0.0701,true,1,208421
5014271370422,false,מעדן אפרסקים ללא תוספת סוכר 284 גרם,סנדלפור St.dalfour,FR,מעדן אפרסק 284גר,,284.00,100 גרם,false,,19.90,0.0701,true,1,174536
5014271400426,false,"מעדן בטעם תות שדה לל""ס סאן דלפור 284 גרם",המאפיה של הרמן,FR,מעדן תות שדה 284גרם,,284.00,100 גרם,false,,19.90,0.0701,true,1,174539
5014271560427,false,מעדן תפוז וג'ינג'ר ללא סוכר סאן דלפור 284 גר,סנדלפור St.dalfour,FR,מעדן תפוז/גינגר 284,,284.00,100 גרם,false,,19.90,0.0701,true,1,174540
5029053002408,false,קלינקס - נייר טואולט קליניקס לבן 9 גלילים,קימברלי קלארק ישראל,IL,קלינקס נייר טואלט לב,,1184.00,,false,,42.90,0.0362,true,1,181373
5029053002439,false,קלינקס - נייר טואולט קליניקס צהוב 9 גלילים,חוגלה קימברלי,GB,קלינקס נייר טואולט צ,,1184.00,,false,,42.90,0.0362,true,1,181374
5029053032658,false,קלינקס ממחטות טישו שמינייה,חוגלה,IT,קלינקס ממחטות שמיניי,יחידה,0.00,יחידה,false,,11.90,0.0000,true,1,234619
5029053039725,false,ממחטות נייר קלינקס נטורל פרש קופסה 72 דף,קימברלי קלארק,IL,קלינקס נטורל פרש טיש,,72.00,,false,,13.90,0.1931,true,1,246878
5029053510811,false,תחבושות נורמל פלוס עם כנפיים קוטקס 28 יחידות,קימברלי קלארק,CZ,קוטקס תחבושות אולטרה,,28.00,,false,,19.90,0.7107,true,1,181378
5029053510828,false,תחבושות סופר פלוס עם כנפיים קוטקס 22יחידות,קימברלי קלארק,CZ,קוטקס תחבושות אולטרה,,24.00,,false,,19.90,0.8292,true,1,181379
5029053523446,false,קוטקס - תחבושות אולטרה נייט + כנפיים 20 יח',קימברלי קלארק,CZ,קוטקס תחבושות אולטרה,,20.00,,false,,19.90,0.9950,true,1,181383
5029053578309,false,קופסת ממחטות אולטרה סופט 48 דף קלינקס,קימברלי קלארק,IL,קלינקס טישו אולטרה ס,,48.00,,false,,8.90,0.1854,true,1,247052
5050083559761,false,דגני בוקר קלוגס קוקו פופס שוקוס 500 גרם,קלוגס מניופקטורינג א,DE,דגני קלוגס קוקו פופס,,500.00,,false,,22.90,0.0458,true,1,179430
5060250343765,false,ריסס עוגיות קקאו במילוי חמאת בוטנים 96 ג,הרשיז,US,ריסז ראונדס בוטנים 6,,96.00,,false,,10.90,0.1135,true,1,249509
5060639128051,false,"משקה אנרגיה מונסטר אולטרה פחית 500 מ""ל",מונסטר אנרג'י לימטד,RS,מונסטר אולטרה פחית 5,,500.00,,false,,7.90,0.0158,true,1,224436
5201100872640,false,לוריאל - אקסלנס קרם 03בלונד אולטרה בהיר אפור,לוריאל Loreal,BE,צבע לשיער אקסלנס,יחידה,0.00,יחידה,false,,39.90,0.0000,true,1,251575
5201347400545,false,רצועות שעווה מוכנות לשימוש לפנים ולאזורים רגישים,רקיט בנקיזר צרפת,FR,ויט רצועות שעווה לפנ,יחידה,0.00,יחידה,false,,34.90,0.0000,true,1,200088
5201940010110,false,זיתים שחורים קלמטה וילי פוד 250 גרם,סיוארס אס.איי,GR,זית קלמטה ויליפוד 45,,454.00,100 גרם,false,,19.90,0.0438,true,1,178533
5391523058063,false,סימילאק אדבנס פלוס 1 תרכובת מזון על בסיס חלב,טרופיקל דגיל תעשיות,IE,סימילאק אדוונס פלוס,,700.00,,false,,79.90,0.1141,true,1,224088
5391523058070,false,סימילאק אדבנס פלוס 3 תרכובת מזון על בסיס חלב,טרופיקל דגיל תעשיות,IE,סימילאק אדוונס פלוס,,700.00,,false,,79.90,0.1141,true,1,224089
5400265024349,false,המלט מאפה מבצק עלים מסוכר 250 גר,HAMLET NV,,מאפה מסוכר בייגלה המ,,250.00,,false,,11.90,0.0476,true,1,206494
5410126106022,false,מארז עוגיות לוטוס 250 גר*2,לוטוס ביקרי נ.וי.,BE,לוטוס מארז חגים 2*25,,500.00,,false,,18.90,0.0378,true,1,249742
5410126116953,false,ממרח לוטוס ביסקויט קרמל 400 גרם,לוטוס בייקרי בלגיה נ,BE,ממרח ביסקוויט לוטוס,,400.00,100 גרם,false,,23.90,0.0597,true,1,179471
5410126726947,false,ממרח לוטוס ביסקויט קרמל קראנץ' 380 גרם,לוטוס בייקרי בלגיה נ,BE,ממרח עוגיות לוטוס קר,,380.00,100 גרם,false,,23.90,0.0629,true,1,179473
5410291021991,false,צ`וקטה ממרח אגוזי לוז עם קקאו 700 גר`,צ'וקטה Chocketa,BE,ממרח אגוזי לוז עם קק,,700.00,100 גרם,false,,19.90,0.0284,true,1,191993
5410316983693,false,"סמירנוף אייס בקבוק 275 מ""ל",סמירנוף אייס Smirnoff ice,IT,סמירנוף אייס בודד 27,,275.00,,false,,13.90,0.0505,true,1,210083
5411188081852,false,אלפרו משקה סויה בטעם וניל 1 ל',הנסיך- מפעל לייצור ט,BE,אלפרו משקה משקה סויה,,1000.00,,false,,14.90,0.0149,true,1,185499
5411188094159,false,"אלפרו מעדן סויה בטעם שוקולד מריר 4*125 מ""ל",הנסיך- מפעל לייצור ט,BE,אלפרו מעדן סויה שוקו,,500.00,,false,,17.90,0.0358,true,1,185501
5411188096108,false,"שמנת לבישול ע""ב סויה 250 מ""ל אלפרו",אלפרו C.V.A,BE,אלפרו סויה לבישול 4.,,250.00,100 גרם,false,,10.90,0.0436,true,1,185502
5411188106159,false,אלפרו סויה לייט מופחת שומן 1.2% 1 ליטר,הנסיך- מפעל לייצור ט,BE,אלפרו משקה סויה טבעי,,1000.00,100 גרם,false,,14.90,0.0149,true,1,185507
5411188110835,false,אלפרו חלב סויה שקדים וניל 1ל',הנסיך- מפעל לייצור ט,BE,אלפרו משקה משקה שקדי,,1000.00,,false,,14.90,0.0149,true,1,185510
5411188112709,false,"משקה קוקוס אלפרו 1 ליטר משקה שקדים לל""ס",הנסיך- מפעל לייצור ט,BE,אלפרו משקה שקדים ללא,,1000.00,,false,,14.90,0.0149,true,1,185514
5411188115366,false,משקה קוקוס אלפרו 1 ליטר משקה שיבולת שועל 1 ליטר,הנסיך- מפעל לייצור ט,BE,אלפרו משקה שיבולת שו,,1000.00,100 גרם,false,,14.90,0.0149,true,1,185517
5411188115434,false,משקה אלפרו בריסטה סויה 1 ליטר,אלפרו Alpro,BE,אלפרו משקה בריסטה סו,,1000.00,,false,,14.90,0.0149,true,1,247832
5411188120742,false,משקה קוקוס אלפרו 1 ליטר שקדים וניל 1 ל',הנסיך- מפעל לייצור ט,BE,אלפרו משקה שקדים טעם,,1000.00,,false,,14.90,0.0149,true,1,214514
5411188121923,false,"משקה סויה מועשר סידן אלפרו 3*250 מ""ל",הנסיך- מפעל לייצור ט,BE,אלפרו משקה סויה 3*25,,750.00,,false,,17.90,0.0239,true,1,224422
5411188121978,false,"משקה סויה בטעם שוקולד 3 * 250 מ""ל אלפרו",אלפרו C.V.A,BE,אלפרו משקה סויה סידן,,750.00,,false,,17.90,0.0239,true,1,224423
5411188124689,false,משקה שיבולת שועל ללא סוכר 1ל' אלפרו,אלפרו Alpro,BE,אלפרו משקה שיבולת שו,,1000.00,,false,,13.90,0.0139,true,1,237561
5411188124726,false,אלפרו משקה שיבולת שועל שקדים 1 ליטר,הדקלאים אגודת שיתופי,BE,אלפרו משקה שיבולת שו,,1000.00,,false,,14.90,0.0149,true,1,224425
5411188127697,false,אלפרו משקה בריסטה שיבולת שועל 1 ליטר,הנסיך- מפעל לייצור ט,BE,אלפרו בריסטה שיבולת,,1000.00,,false,,14.90,0.0149,true,1,224428
5411188129899,false,משקה אלפרו בריסטה שקדים 1 ליטר,הנסיך- מפעל לייצור ט,BE,אלפרו בריסטה שקדים 1,,1000.00,,false,,14.90,0.0149,true,1,224429
5411188133476,false,אלפרו משקה סויה שוקו+חלבון 250 גרם בית יוסף,אלפרו C.V.A,BE,אלפרו משקה סויה שוקו,,250.00,100 גרם,false,,7.90,0.0316,true,1,247220
5411188133490,false,אלפרו משקה סויה קפה קרמל+חלבון 250 גרם בית יוסף,אלפרו,BE,אלפרו משקה סויה קפה,,250.00,,false,,7.90,0.0316,true,1,247222
5411188134985,false,אלפרו 3.5% NOT M*LK שיבולת שועל 1 ליטר בית יוסף,הנסיך- מפעל לייצור ט,BE,אלפרו נוט מילק 3.5%,,1000.00,,false,,15.90,0.0159,true,1,247224
5411188135005,false,אלפרו 1.8% NOT M*LK שיבולת שועל 1 ליטר בית יוסף,הנסיך- מפעל לייצור ט,BE,אלפרו נוט מילק 1.8%,,1000.00,,false,,15.90,0.0159,true,1,247225
5411188513483,false,"אלפרו סויה לבישול 14% שומן 250 מ""ל",אלפרו C.V.A,BE,אלפרו סויה לבישול 14,,250.00,,false,,10.90,0.0436,true,1,249822
5411188543398,false,אלפרו משקה סויה ללא סוכר 1 ליטר,הנסיך- מפעל לייצור ט,BE,אלפרו משקה סויה ללא,,1000.00,,false,,14.90,0.0149,true,1,224430
5413149655522,false,"אבקת כביסה שושן צחור 1.25 ק""ג אריאל",פרוקטר אנד גמבל,TR,אריאל שושן צחור אבקת,קילוגרמים,1.25,"ק""ג",false,,19.90,15.9200,true,1,204064
5413149922907,false,"אבקת כביסה קולור וסטייל 5 ק""ג אריאל",אריאל Ariel,,אריאל אבקת כביסה קול,קילוגרמים,5.00,"ק""ג",false,,59.90,11.9800,true,1,204093
5601008200451,false,עוגיות גודיס טבעות מצופות שוקולד מריר מרבה 150 גרם,מרבה Merba,PT,עוגיות טבעת גודיס מצ,,150.00,,false,,9.90,0.0660,true,1,185527
5604912415041,false,סרדינים בשמן חמניה פורטוס 125 גרם,קונסרבס פורטוגל נורט,PT,סרדינים בשמן חמניה פ,,125.00,,false,,6.90,0.0552,true,1,224144
5604912425057,false,מקרלים בשמן חמניה חריף פורטוס 125 גרם,קונסרבס פורטוגל נורט,PT,סרדינים בשמן זית חמנ,,125.00,,false,,6.90,0.0552,true,1,224147
5701932026964,false,"הוטפופ גרעיני תירס להכנת פופקורן במיקרוגל בטעם טבעי, בתוספת מלח, 600 גרם",ליימן מותגים,US,הוטפופ פופקורן בתוספ,,600.00,,false,,17.90,0.0298,true,1,192002
5701932026971,false,הוטפופ גרעיני תירס להכנת פופקורן במיקרוגל בטעם חמאה 600 גרם,ליימן מותגים,US,הוטפופ פופקורן בטעם,,600.00,100 גרם,false,,17.90,0.0298,true,1,192003
5701932026995,false,"הוטפופ גרעיני תירס להכנת פופקורן במיקרוגל בטעם טבעי מופחת שומן, 510 גרם",קריניציה ויטמינה אס,US,הוטפופ פופקורן לייט,,510.00,100 גרם,false,,17.90,0.0351,true,1,192004
5706516031358,false,פופקורן להכנה במיקרוגל בטעם טבעי מופחת שומן 5 שקיות,ליימן מותגים,US,הוטפופ פופקורן 100 ק,,160.00,100 גרם,false,,17.90,0.1119,true,1,192006
5711953106583,false,גבינת שמנת בטעם טבעי 200 גרם ארלה,ארלה פודס אמבה,DK,גבינת שמנת טבעי ארלה,,200.00,,false,,18.90,0.0945,true,1,224321
5711953106590,false,גבינת שמנת ארלה שמנת שום 200 גרם,ארלה פודס אמבה,DK,גבינת שמנת שום ארלה,,200.00,,false,,18.90,0.0945,true,1,224322
5711953106606,false,גבינת שמנת עם תבלינים ועשבי תיבול 23.5%,ארלה פודס אמבה,DK,גבינת שמנת עשבי תיבו,,200.00,,false,,18.90,0.0945,true,1,224323
5740900403215,false,ממרח מחמאת לורפק עם מלח 250 ג',לורפאק Lurpak,DK,לורפק ממרח עם מלח 25,,250.00,100 גרם,false,,19.50,0.0780,true,1,224325
5740900403222,false,ממרח לורפק חמאה עם מלח מופחת שומן 250 ג,לורפאק Lurpak,DK,לורפק ממרח עם מלח מו,,250.00,,false,,19.50,0.0780,true,1,224326
5740900403239,false,ממרח לורפק ללא תוספת מלח 250 גר,לורפאק Lurpak,DK,לורפק ממרח ללא מלח 2,,250.00,,false,,19.50,0.0780,true,1,224327
5740900403246,false,ממרח לורפק ללא תוספת מלח 500 גר,לורפאק Lurpak,DK,לורפק ממרח ללא מלח 5,,500.00,100 גרם,false,,29.90,0.0598,true,1,224328
5740900403253,false,ממרח מחמאת לורפק עם מלח 500 ג',לורפאק Lurpak,DK,לורפק ממרח עם מלח 50,,500.00,100 גרם,false,,29.90,0.0598,true,1,224329
5740900403260,false,ממרח מחמאת לורפק ללא מלח 27% פחות שומן,ארלה פודס אמבה,DK,לורפק ממרח עם מלח מו,,250.00,100 גרם,false,,19.50,0.0780,true,1,224330
5900020012814,false,דגנים תפוחים בטעם שוקולד נסקוויק נסטלה 500 גרם,מיוצר עי קונדיטוריית,PL,דגני בוקר נסקוויק נס,,500.00,100 גרם,false,,27.90,0.0558,true,1,176118
5900020018908,false,פיטנס חטיפי אנרגיה דגנים בטעם קרם עוגיות נסטלה 6*23.5 גרם,מיוצר עי קונדיטוריית,PL,פיטנס חטיף דגנים עוג,,141.00,100 גרם,false,,17.50,0.1241,true,1,176126
5900020020710,false,מארז חטיף דגנים קראנץ' בטעם שוקו וניל נסטלה,נסטלה פולין ברים,PL,חטיף דגנים קראנץ בר,,150.00,,false,,17.90,0.1193,true,1,176127
5900020020741,false,חטיפי דגנים נסקוויק בר שוקו שוקו 6*25 גר,נסטלה פולין ברים,PL,חטיף דגנים נסקוויק ב,,150.00,,false,,17.90,0.1193,true,1,176128
5900020024770,false,פיטנס - דליס חטיף דגנים שוקולד אגוז 22.50 גרם * 6,נסטלה פולין ברים,PL,פיטנס בר דליס שוקולד,,135.00,,false,,17.50,0.1296,true,1,176131
5900020024817,false,פיטנס דליס Fitness Delice חטיף דגנים עם שוקולד לבן,נסטלה פולין ברים,PL,פיטנס בר דליס שוקולד,,135.00,100 גרם,false,,17.50,0.1296,true,1,176132
5900020025807,false,נסטלה - דגני סיני מיניס 375 גרם,סי. פי. פולין,PL,דגני סיני מיניס נסטל,,375.00,100 גרם,false,,13.90,0.0371,true,1,176137
5900020026552,false,דגני בוקר האני נאט צ'יריוס בטעם דבש ושקדים,נסטלה צרפת איטנקורט,FR,דגני האני נאט צ'יריו,,625.00,100 גרם,false,,27.90,0.0446,true,1,176142
5900020026859,false,דגני האני נאט צ'יריו,Unknown,,דגני האני נאט צ'יריו,,375.00,,false,,13.90,0.0371,true,1,176143
5900020031877,false,נסטלה האני ציריוס חטיף דגני בוקר שישייה,נסטלה פולין דגני בוק,PL,חטיף דגנים צ'יריוס ה,יחידה,0.00,יחידה,false,,17.90,0.0000,true,1,224111
5900020032539,false,מארז חטיף פיטנס שוקולד 8 X 23.5 גרם,נסטלה פולין ברים,PL,פיטנס מארז חטיפי דגנ,,188.00,100 גרם,false,,17.50,0.0931,true,1,236089
5900020034021,false,חטיף דגנים פיטנס שוקולד בננה 141 גרם,מיוצר עי קונדיטוריית,IL,פיטנס חטיף דגנים שוק,,141.00,,false,,17.50,0.1241,true,1,224113
5900020039590,false,פיטנס חטיף דגנים קלאסי פרווה 8 6*23.5 ג,נסטלה פולין דגני בוק,PL,פיטנס חטיף דגנים קלא,,141.00,,false,,17.90,0.1270,true,1,245950
5900020039620,false,פיטנס חטיף דגנים שקדים ודבש פרווה 8 6*23 ג,נסטלה פולין ברים,PL,פיטנס חטיף דגנים שק,,141.00,100 גרם,false,,17.90,0.1270,true,1,245951
5900627026429,false,"סיליט באנג גיל לניקוי אסלות בתוספת אקונומיקה 750מ""ל",RB פולין,,סיליט באנג סתימות 75,,750.00,100 גרם,false,,9.90,0.0132,true,1,200093
5900627063233,false,פיניש ALL IN ONE MAX טבליות 50 יחידות,רקיט בנקיזר,IL,פיניש טבליות למדיח 5,,50.00,,false,,35.90,0.7180,true,1,200104
5901677007611,false,שוקולד חלב 300 גר ברון,,,שוקולד ברון חלב 300ג,,300.00,,false,,12.90,0.0430,true,1,248044
5901677008489,false,שוקולד מריר ברון 300,,,שוקולד ברון מריר 300,,300.00,,false,,12.90,0.0430,true,1,248045
5902198160403,false,XL משקה אנרגיה מוגז ללא סוכר עד 10 קלוריות לפחית 250 מל,"טמפו משקאות בע""מ",IL,אקסל משקה אנרגיה טן,,250.00,100 גרם,false,,5.00,0.0200,true,1,221009
5904941751302,false,"משקה אנרגיה בלו 250 מ""ל- בודד",אקו - ביט,PL,בלו משקה אנרגיה 250מ,,250.00,,false,,4.90,0.0196,true,1,172062
5904941751715,false,"משקה אנרגיה בלו קרנברי 250 מ""ל -בודד",אקו - ביט,PL,בלו משקה אנרגיה קרנב,,250.00,,false,,4.90,0.0196,true,1,172067
5906485301012,false,"משקה אנרגיה XL פחית 250 מ""ל","טמפו משקאות בע""מ",IL,אקסל משקה אנרגיה 250,,250.00,100 גרם,false,,5.00,0.0200,true,1,172927
6111094000228,false,"קוסקוס דארי דק תומר 1 ק""ג",קריות זול,MA,קוסקוס תומר דק 1 קג,,1000.00,,false,,18.90,0.0189,true,1,174818
6111094000259,false,קוסקוס דארי בינוני 500ג'18X,דארי Dari,MA,קוסקוס דארי בינוני ת,,500.00,100 גרם,false,,9.90,0.0198,true,1,224107
6118000061090,false,סרדינים מרוקאים בשמן סויה -טנגיר 125,דין שיווק,,סרדין מרוקאי בשמן סו,,125.00,,false,,6.90,0.0552,true,1,200758
6910191800287,false,אצות נורי בלו 10 דף (ננגטונג),ננטונג היידה אקווטוק,CN,דפי סושי אצות נורי ב,,10.00,,false,,13.90,1.3900,true,1,205384
6921052701001,false,אצות וואקמה 40 גרם (רונגצ'אנג)(כ),ננטונג הידה אקוטיק פ,TH,אצות ים וואקמה 40גר,,40.00,100 גרם,false,,11.90,0.2975,true,1,205386
6921379191271,false,כף סיליקון,,,כף סיליקון,יחידה,0.00,יחידה,false,,14.90,0.0000,true,1,251674
6921379191677,false,משטח ארונות פלסטיק,,,משטח ארונות פלסטיק,יחידה,0.00,יחידה,false,,13.90,0.0000,true,1,251678
6935487561246,false,מסיכה כירורגית שחורה מארז 50 יח',,,מסכות חד פעמי 50 יח,,50.00,,false,,9.90,0.1980,true,1,244751
6936745600462,false,רוטב מירין לתיבול מז,דאנינג יוה פודס קו,CN,מירין דאניינג 500מל,,500.00,,false,,22.90,0.0458,true,1,205407
6936745600783,false,"חומץ אורז 500 מ""ל (דאניינג)",דאנינג יוה פודס קו,CN,חומץ אורז דאניינג 50,,500.00,100 גרם,false,,16.90,0.0338,true,1,205408
7271730901261,false,ווקי מאק ארוחת אטריות עם גבינה 156 גרם,ניו וורלד פסטה קומפנ,US,תערובת להכנת פסטה+גב,,156.00,,false,,12.90,0.0827,true,1,174553
7290000001616,false,כוסברה מהדרין קטיף טרי,ברכת קטיף,IL,כוסברה ברכת קטיף מהד,יחידה,0.00,יחידה,false,,6.90,0.0000,true,1,205103
7290000011547,false,צלי כתף,,,צלי כתף,קילוגרמים,1.00,"ק""ג",true,,109.90,109.9000,true,1,252980
7290000011554,false,בשר עם עצם,,,בשר עם עצם,קילוגרמים,1.00,"ק""ג",true,,65.00,65.0000,true,1,252981
7290000011561,false,סינטה,,,סינטה,קילוגרמים,1.00,"ק""ג",true,,149.90,149.9000,true,1,252982
7290000011585,false,טחון כבש,,,טחון כבש,קילוגרמים,1.00,"ק""ג",true,,64.90,64.9000,true,1,252984
7290000011608,false,בשר ב- 50,,,בשר ב- 50,קילוגרמים,1.00,"ק""ג",true,,50.00,50.0000,true,1,252986
7290000011622,false,בשר ב- 60,,,בשר ב- 60,קילוגרמים,1.00,"ק""ג",true,,60.00,60.0000,true,1,252988
7290000011639,false,אפונה וואסבי חריף,,,בשר ב-65,קילוגרמים,1.00,"ק""ג",true,,65.00,65.0000,true,1,252989
7290000011646,false,בוטן יפני רביולי גרי,,,בשר ב-70,קילוגרמים,1.00,"ק""ג",true,,70.00,70.0000,true,1,252990
7290000011653,false,גבינה בולגרית 5% במש,גבינות בכר,IL,בשר ב-75,קילוגרמים,1.00,"ק""ג",true,,75.00,75.0000,true,1,252991
7290000011660,false,בשר ב-80,,,בשר ב-80,קילוגרמים,1.00,"ק""ג",true,,80.00,80.0000,true,1,252992
7290000011677,false,בשר ב-85,,,בשר ב-85,קילוגרמים,1.00,"ק""ג",true,,85.00,85.0000,true,1,252993
7290000011707,false,בשר ב-99,,,בשר ב-99,קילוגרמים,1.00,"ק""ג",true,,99.00,99.0000,true,1,252996
7290000011714,false,בשר ב-110,,,בשר ב-110,קילוגרמים,1.00,"ק""ג",true,,110.00,110.0000,true,1,252997
7290000011745,false,בשר ב-160,,,בשר ב-160,קילוגרמים,1.00,"ק""ג",true,,160.00,160.0000,true,1,253000
7290000011752,false,בשר ב-170,,,בשר ב-170,קילוגרמים,1.00,"ק""ג",true,,170.00,170.0000,true,1,253001
7290000011783,false,בשר 200,,,בשר 200,קילוגרמים,1.00,"ק""ג",true,,200.00,200.0000,true,1,253004
7290000011820,false,מינוט סטייק,,,מינוט סטייק,קילוגרמים,1.00,"ק""ג",true,,149.00,149.0000,true,1,253008
7290000011837,false,אסאדו,,,אסאדו,קילוגרמים,1.00,"ק""ג",true,,79.90,79.9000,true,1,253009
7290000011844,false,שוקיים עוף,,,שוקיים עוף,קילוגרמים,1.00,"ק""ג",true,,39.90,39.9000,true,1,253010
7290000011851,false,כבד עוף,,,כבד עוף,קילוגרמים,1.00,"ק""ג",true,,39.90,39.9000,true,1,253011
7290000011868,false,עוף טרי,,,עוף טרי,קילוגרמים,1.00,"ק""ג",true,,29.90,29.9000,true,1,253012
7290000011875,false,שניצל פרוס,,,שניצל פרוס,קילוגרמים,1.00,"ק""ג",true,,54.90,54.9000,true,1,253013
7290000011882,false,כרעיים עוף,,,כרעיים עוף,קילוגרמים,1.00,"ק""ג",true,,39.90,39.9000,true,1,253014
7290000011912,false,לב עוף,,,לב עוף,קילוגרמים,1.00,"ק""ג",true,,39.90,39.9000,true,1,253017
7290000011929,false,גרון הודו,,,גרון הודו,קילוגרמים,1.00,"ק""ג",true,,39.90,39.9000,true,1,253018
7290000011936,false,מעורב ירושלמי,,,מעורב ירושלמי,קילוגרמים,1.00,"ק""ג",true,,69.90,69.9000,true,1,253019
7290000011950,false,כנפיים עוף,,,כנפיים עוף,קילוגרמים,1.00,"ק""ג",true,,19.90,19.9000,true,1,253021
7290000011967,false,בשר טחון,קריות זול,,בשר טחון,קילוגרמים,1.00,"ק""ג",true,,56.90,56.9000,true,1,253022
7290000011974,false,פלש כתף,קריות זול,,פלש כתף,קילוגרמים,1.00,"ק""ג",true,,89.90,89.9000,true,1,253023
7290000011981,false,שריר צלעות,קריות זול,,שריר צלעות,קילוגרמים,1.00,"ק""ג",true,,79.90,79.9000,true,1,253024
7290000011998,false,פרגיות עוף שלם,קריות זול,,פרגיות עוף שלם,קילוגרמים,1.00,"ק""ג",true,,79.90,79.9000,true,1,253025
7290000012001,false,סטייק אנטריקוט,קריות זול,,סטייק אנטריקוט,קילוגרמים,1.00,"ק""ג",true,,189.90,189.9000,true,1,253026
7290000012018,false,סטייק פרגיות/קוביות,,,סטייק פרגיות/קוביות,קילוגרמים,1.00,"ק""ג",true,,84.90,84.9000,true,1,253027
7290000012025,false,בשר צלי,,,בשר צלי,קילוגרמים,1.00,"ק""ג",true,,109.90,109.9000,true,1,253028
7290000012049,false,חזה עוף שלם,,,חזה עוף שלם,קילוגרמים,1.00,"ק""ג",true,,44.90,44.9000,true,1,253030
7290000012056,false,שווארמה הודו,,,שווארמה הודו,קילוגרמים,1.00,"ק""ג",true,,89.90,89.9000,true,1,253031
7290000012063,false,טחון עוף,,,טחון עוף,קילוגרמים,1.00,"ק""ג",true,,44.90,44.9000,true,1,253032
7290000012070,false,טחון הודו,,,טחון הודו,קילוגרמים,1.00,"ק""ג",true,,49.90,49.9000,true,1,253033
7290000012100,false,צלעות טלה,קריות זול,,צלעות טלה,קילוגרמים,1.00,"ק""ג",true,,210.00,210.0000,true,1,253036
7290000012117,false,עצמות מח,קריות זול,,עצמות מח,קילוגרמים,1.00,"ק""ג",true,,56.90,56.9000,true,1,253037
7290000012155,false,חזה הודו,קריות זול,,חזה הודו,קילוגרמים,1.00,"ק""ג",true,,39.90,39.9000,true,1,253041
7290000012162,false,טחון טרי,קריות זול,,טחון טרי,קילוגרמים,1.00,"ק""ג",true,,76.90,76.9000,true,1,253042
7290000012193,false,עצמות מח,קריות זול,,עצמות מח,קילוגרמים,1.00,"ק""ג",true,,56.90,56.9000,true,1,253045
7290000012216,false,סטייק אנטריקוט,קריות זול,,סטייק אנטריקוט,קילוגרמים,1.00,"ק""ג",true,,159.90,159.9000,true,1,253046
7290000023007,false,"ברנדי שטוק 84 37 % 750 מ""ל","יקבי ברקן בע""ם",IL,ברנדי שטוק 84 750מל,,750.00,100 גרם,false,,79.90,0.1065,true,1,172938
7290000023083,false,ערק אשקלון בקבוק 700,"יקבי ברקן בע""מ",IL,ערק אשקלון 700 מל,,700.00,100 גרם,false,,53.20,0.0760,true,1,172941
7290000023809,false,"יין קלאסיק קברנה סובניון 750 מ""ל ברקן",יקבי ברקן שיווק והפצ,IL,יין קלאסיק קברנה סוב,,750.00,100 גרם,false,,39.90,0.0532,true,1,172966
7290000023816,false,"יין ברקן קלאסיק אמרלד ריזלינג 750מ""ל",יקבי ברקן שיווק והפצ,IL,יין קלאסיק אמרלד ריז,,750.00,100 גרם,false,,39.90,0.0532,true,1,172967
7290000023847,false,"ברקן ,קלאסיק שרדונה, 750 מל",יקבי ברקן שיווק והפצ,IL,יין קלאסיק שרדונה 75,,750.00,,false,,39.90,0.0532,true,1,172970
7290000023977,false,"יין ברקן קלאסיק מרלו 750 מ""ל",יקבי ברקן שיווק והפצ,IL,יין קלאסיק מרלו 750מ,,750.00,100 גרם,false,,39.90,0.0532,true,1,172973
7290000034256,false,ביסקוויט תירוש חצי מצופה הדר 175ג',אפיפית נצרת תעשיות ב,IL,ביסקויט תירוש 175גרם,,175.00,,false,,8.90,0.0509,true,1,202409
7290000036144,false,קונדיטור קורנפלור שק,קריות זול,IL,קורנפלור 200גר,,200.00,,false,,3.90,0.0195,true,1,174830
7290000040042,false,יופלה יוגורט תות %3 גביע 150 גרם,תנובה חלב,IL,יופלה תות שובב 3% 15,,150.00,100 גרם,false,,5.40,0.0360,true,1,188751
7290000040080,false,יופלה יוגורט אפרסק %3 גביע 150 גרם,תנובה חלב,IL,יופלה אפרסק מאוהב 3%,,150.00,100 גרם,false,,5.40,0.0360,true,1,188754
7290000040301,false,תנובה עין גדי קממבר מחלב בקר 24% שומן,תנובה מרכז שיתופי לש,IL,גבינה קממבר עין גדי,,125.00,,false,,21.90,0.1752,true,1,188759
7290000040974,false,חלב תנובה דל לקטוז 2% שומן 1 ליטר,תנובה מרכז שיתופי לש,IL,חלב קרטון דל לקטוז ת,,1000.00,100 גרם,false,,7.50,0.0075,true,1,188763
7290000041445,false,קוטג תנובה גביע 250 גרם 5% בדצ,מיוצר עי קונדיטוריית,IL,קוטג 5% מהדרין 250גר,,250.00,,false,,5.90,0.0236,true,1,188765
7290000041858,false,"שמנת חמוצה 15% יטבתה 200 מ""ל מהדרין",שטראוס גרופ,IL,שמנת חמוצה 15% יטבתה,,200.00,100 גרם,false,,2.50,0.0125,true,1,195546
7290000041865,false,"לבן 4.5% שומן מהדרין ""יטבתה""",שטראוס גרופ,IL,אשל 4.5% יטבתה 200מל,,200.00,,false,,2.00,0.0100,true,1,195547
7290000041872,false,"לבן 3% יטבתה 200מ""ל מהדרין",שטראוס גרופ,IL,לבן 3% 200מל,,200.00,,false,,2.00,0.0100,true,1,195548
7290000042435,false,תנובה חלב טרי 1% שומן - מוצר בפיקוח,תנובה מרכז שיתופי לש,IL,חלב בקרטון תנובה 1%,,1000.00,100 גרם,false,,5.86,0.0059,true,1,188778
7290000042442,false,"חלב תנובה טרי 3% ""תנובה"" - מוצר בפיקוח",תנובה חלב,IL,חלב בקרטון תנובה 3%,,1000.00,100 גרם,false,,6.23,0.0062,true,1,188779
7290000042640,false,"חלב תנובה עמיד 3% קרטון 250 מ""ל",תנובה מרכז שיתופי לש,IL,חלב עמיד תנובה 3% 25,,250.00,,false,,3.50,0.0140,true,1,188786
7290000042855,false,"שוקו בשקית 250 מ""ל ""יטבתה""",שטראוס גרופ,IL,שוקו שקית 250,,250.00,100 גרם,false,,2.70,0.0108,true,1,195551
7290000043814,false,השף הלבן שמנת להקצפה 38% שומן 250 מל - מוצר בפיקוח,תנובה מרכז שיתופי לש,IL,שמנת להקצפה 38% 250מ,,250.00,100 גרם,false,,6.47,0.0259,true,1,188793
7290000043890,false,תנובה רויון לבן מחלב מפסוטר 1.5%,תנובה מרכז שיתופי לש,IL,רויון תנובה 1.5% 1לי,,1000.00,,false,,12.50,0.0125,true,1,188795
7290000044712,false,יוגורט עם תות 1.5% שומן 500 ג' פרילי,מיוצר עי קונדיטוריית,IL,פרילי תות 1.5% 500מל,,500.00,,false,,11.90,0.0238,true,1,188803
7290000045573,false,גבינת מותכת משולשים 25% שומן 200 ג' נעמה,תנובה חלב,IL,נעמה גבינת מותכת 200,,200.00,100 גרם,false,,15.90,0.0795,true,1,188807
7290000045580,false,"גבינת מותכת נעמה חורש 25%, 240 ג'",תנובה מרכז שיתופי לש,IL,נעמה גבינת מותכת 240,,240.00,100 גרם,false,,18.90,0.0787,true,1,188808
7290000045917,false,תנובה פרומעז גבינה מותכת מחלב עיזים 23% שומן,תנובה חלב,IL,גבינה פרומעז 23% קול,,200.00,,false,,27.90,0.1395,true,1,188810
7290000046327,false,גלבוע גבינה צהובה פרוסה 22% תנובה 200 גרם,תנובה מרכז שיתופי לש,IL,גלבוע גבינה צהובה פר,,200.00,100 גרם,false,,14.70,0.0735,true,1,188813
7290000047546,false,השף הלבן כנען גבינה לבנה דלת נתרן 5% תנובה 500 גרם,תנובה מרכז שיתופי לש,IL,גבינה לבנה ללא תוספת,,500.00,100 גרם,false,,24.90,0.0498,true,1,188817
7290000047621,false,גבינה לבנה רכה 5% תנובה 250ג' מהדרין,תנובה מרכז שיתופי לש,IL,גבינה לבנה 5% מהדרין,,250.00,100 גרם,false,,4.98,0.0199,true,1,188819
7290000047942,false,**תנובה גבינה לבנה מהדרין 9% 250ג,תנובה מרכז שיתופי לש,IL,גבינה לבנה 9% מהדרין,,250.00,100 גרם,false,,5.20,0.0208,true,1,188823
7290000048185,false,גבינה לבנה 5% 250 גרם - מוצר בפיקוח,מיוצר עי קונדיטוריית,IL,גבינה לבנה 250גר 5%,,250.00,,false,,4.98,0.0199,true,1,188824
7290000048192,false,גבינה לבנה 9% שומן 250 ג' תנובה,מחלבת אלון תבור,IL,גבינה לבנה רכה 9% 25,,250.00,100 גרם,false,,5.20,0.0208,true,1,188825
7290000048413,false,פיראוס חמד גבינה מלוחה 16% שומן,תנובה מרכז שיתופי לש,IL,גבינת חמד פיראוס 16%,,250.00,100 גרם,false,,19.50,0.0780,true,1,188828
7290000048437,false,גבינה צפתית 5% 200 ג' פיראוס,פארייפאבה אגרואינדוס,IL,צפתית 5% 200גר פיראו,,200.00,100 גרם,false,,15.90,0.0795,true,1,188829
7290000051307,false,"מארז הפסקת אוכל עם דגני עוגי ומשקה חלב עמיד בטעם וניל 150 מ""ל",תנובה מרכז שיתופי לש,IL,הפסקת אוכל עוגי +חלב,,150.00,,false,,10.90,0.0727,true,1,188873
7290000051376,false,יופלה דיאט אננס ספורטיבי 0% 150גר,תנובה מרכז שיתופי לש,IL,יופלה דיאט אננס ספור,,150.00,100 גרם,false,,5.40,0.0360,true,1,188876
7290000051710,false,פיראוס גבינת לאבנה אסלית על בסיס יוגורט תנובה 263 גרם,"תנובה, מחלבת אלון תב",IL,לאבנה עם שמן זית וזע,,263.00,,false,,15.30,0.0582,true,1,188883
7290000052311,false,עמק פרוס בקופסא 200 גר 15% שומן,תנובה מרכז שיתופי לש,IL,עמק גבינה צהובה מהדר,,200.00,100 גרם,false,,17.70,0.0885,true,1,188902
7290000052649,false,גבינת לאבנה 5% שומן 500 ג' פיראוס,תנובה מרכז שיתופי לש,IL,לאבנה 5% 500גר פיראו,,500.00,100 גרם,false,,21.90,0.0438,true,1,188916
7290000052946,false,"יופלה לבן מעודן מאגדת שמינייה בד""צ",תנובה מרכז שיתופי לש,IL,יופלה לבן מאגדת שמינ,,1200.00,100 גרם,false,,21.90,0.0182,true,1,188933
7290000055015,false,פיראוס גבינת פטה כבשים 5% תנובה 250 גרם,תנובה מרכז שיתופי לש,IL,פטה כבשים 5% שומן פי,,250.00,100 גרם,false,,29.50,0.1180,true,1,189012
7290000055329,false,"משקה בוקר יוגורט 1.5% בטעם תות מלון יופלה 250 מ""ל",תנובה מרכז שיתופי לש,IL,יופלה משקה יוגורט תו,,250.00,,false,,6.00,0.0240,true,1,189024
7290000055336,false,משקה יוגורט יופלה בטעם בננה אפרסק 250 גר,תנובה מרכז שיתופי לש,IL,יופלה משקה יוגורט בנ,,250.00,,false,,6.00,0.0240,true,1,189025
7290000055343,false,משקה יוגורט יופלה פירות טרופיים 250 גרם,תנובה מרכז שיתופי לש,IL,יופלה משקה יוגורט טר,,250.00,,false,,6.00,0.0240,true,1,189026
7290000055893,false,חמאה משמנת מפוסטרת 200גרם 82% כ.מהדרין - מוצר בפיקוח,תנובה מרכז שיתופי לש,IL,חמאה תנובה 200 גר מה,,200.00,,false,,8.90,0.0445,true,1,189040
7290000056845,false,תנובה חלב טרי 3% שומן 1.5 ליטר - מוצר בפיקוח,פארייפאבה אגרואינדוס,IL,חלב בקרטון תנובה 3%,,1500.00,,false,,9.35,0.0062,true,1,189071
7290000056890,false,דיאט יופלה שמינייה טעמים שונים,מיוצר עי קונדיטוריית,IL,יופלה מאגדת דיאט טעמ,יחידה,0.00,יחידה,false,,32.90,0.0000,true,1,189074
7290000056906,false,מאגדת לבן טבעי 1.5% שומן 8 יח' * 150 ג' יופלה,מחלבת אלון תבור,IL,יופלה לבן מאגדת שמינ,,1200.00,100 גרם,false,,18.90,0.0157,true,1,189075
7290000056951,false,"תנובה, השף הלבן, שמנת לבישול 15% שומן 500 מל",תנובה מרכז שיתופי לש,IL,שמנת לבישול 15% פקק,,500.00,,false,,18.50,0.0370,true,1,189078
7290000057088,false,עמק גבינה צהובה פרוסה דק דק 28% תנובה 200 גרם,תנובה מרכז שיתופי לש,IL,עמק גבינה צהובה דק ד,,200.00,100 גרם,false,,17.70,0.0885,true,1,189084
7290000057118,false,עמק סמי מעדנייה כשרות מהדרין,תנובה מרכז שיתופי לש,IL,המעדניה של עמק 28% 4,,400.00,100 גרם,false,,24.90,0.0622,true,1,189086
7290000057132,false,יוגורט תנובה טבעי 1.5% גביע 200 גרם,מחלבת אלון תבור,IL,יוגורט טבעי 1.5%תנוב,,200.00,,false,,3.30,0.0165,true,1,189087
7290000057149,false,יוגורט תנובה טבעי 3% גביע 200 גרם,מיוצר עי קונדיטוריית,IL,יוגורט טבעי 3% תנובה,,200.00,,false,,3.30,0.0165,true,1,189088
7290000057552,false,יופלה דיאט עוגת גבינה ותות 0% גביע 150ג',תנובה חלב,IL,יופלה דיאט עוגת גבינ,,150.00,100 גרם,false,,5.10,0.0340,true,1,189105
7290000058030,false,"יופלה שטוזים משקה יוגורט תות 8 יח' * 100 מ""ל",מיוצר עי קונדיטוריית,IL,יופלה שטוזים משקה יו,,800.00,100 גרם,false,,22.90,0.0286,true,1,189123
7290000058047,false,**שף לבן שמנת מתוקה מהדרין 38% פקק 500מ,תנובה מרכז שיתופי לש,IL,שמנת להקצפה מהדרין 3,,500.00,100 גרם,false,,12.94,0.0259,true,1,189124
7290000060071,false,אוסם - חטיפי פריכונים מאורז מלא קלוי 80גר,"מיוצר ע""י PT, משווק",IL,חטיפי פריכונים מאורז,,80.00,100 גרם,false,,9.70,0.1212,true,1,176183
7290000060156,false,פסטה אסם אטריות ביצים דקות 200גר,"אסם תעשיות בע""מ",IL,אטריות ביצים דקות אס,,200.00,,false,,8.90,0.0445,true,1,176187
7290000060163,false,פסטה אסם אטריות דקות 400גר,"אסם תעשיות בע""מ",IL,אטריות דקות אסם 400ג,,400.00,,false,,7.90,0.0198,true,1,176188
7290000060200,false,פסטה אסם פתיתים אפויים קוסקוס 500גר,"אסם תעשיות בע""מ",IL,פתיתים אפויים קוסקוס,,500.00,100 גרם,false,,8.60,0.0172,true,1,176190
7290000060217,false,פסטה מקרוני מספר 7 אסם 500 גרם,קריות זול,IT,פסטה מקרוני 7 אסם 50,,500.00,100 גרם,false,,7.60,0.0152,true,1,176191
7290000060248,false,פסטה אסם פתיתים תלתלים 500 גר',קריות זול,IT,פסטה תלתלים אסם 500,,500.00,100 גרם,false,,7.60,0.0152,true,1,176192
7290000060316,false,פסטה פרפקטו ספגטי 500ג' אסם,אסם פרפקטו,IT,פסטה פרפקטו ספגטי אס,,500.00,100 גרם,false,,8.90,0.0178,true,1,176195
7290000060330,false,פרפקטו פרפקטו ספיראלי גירף 500 גר,אסם פרפקטו,IT,פסטה פרפקטו ספיראלי,,500.00,,false,,8.90,0.0178,true,1,176197
7290000060408,false,פסטה אסם פתיתים אפויים טבעות 500 גר,"אסם תעשיות בע""מ",IL,פתיתים אפויים טבעות,,500.00,100 גרם,false,,8.60,0.0172,true,1,176201
7290000060415,false,"פסטה פרפקטו לאזניה 500 ג' ""אסם""",אסם פרפקטו,IT,לזניה פרפקטו 500גר,,500.00,100 גרם,false,,16.90,0.0338,true,1,176202
7290000060576,false,פתיתים אפויים כוכבים אסם 500 גרם,"אסם תעשיות בע""מ",IL,פתיתים אפויים כוכב א,,500.00,100 גרם,false,,8.60,0.0172,true,1,176212
7290000060781,false,פסטה אסם פתיתים מסולסלים 500גר,קריות זול,IT,פסטה מסולסלים אסם 50,,500.00,100 גרם,false,,7.60,0.0152,true,1,176215
7290000060828,false,פסטה קרניים בינוניות אסם 500 גרם,קריות זול,IT,פסטה קרניים בינוניות,,500.00,100 גרם,false,,7.60,0.0152,true,1,176218
7290000060842,false,פסטה אסם פתיתים צדפים גדולים 500גר,קריות זול,IT,פסטה צדפים גדולים אס,,500.00,100 גרם,false,,7.60,0.0152,true,1,176220
7290000060880,false,פסטה מס' 8 ספגטי אסם 500ג',קריות זול,IT,פסטה ספגטי אסם 500גר,,500.00,100 גרם,false,,7.60,0.0152,true,1,176223
7290000060903,false,פסטה אסם פתיתים אפויים אורז 500גר,"אסם תעשיות בע""מ",IL,פתיתים אפויים אורז א,,500.00,100 גרם,false,,8.60,0.0172,true,1,176224
7290000060958,false,פסטה אסם אטריות בינוניות 400 גרם,"אסם תעשיות בע""מ",IL,אטריות בינוניות אסם,,400.00,100 גרם,false,,7.90,0.0198,true,1,176227
7290000060965,false,פסטה אסם אטריות רחבות 400גר,"אסם תעשיות בע""מ",IL,אטריות רחבות אסם 400,,400.00,100 גרם,false,,7.90,0.0198,true,1,176228
7290000061061,false,קרקר חיטה עם בצל אסם,"אסם תעשיות בע""מ",IL,קרקר בצל אסם 250גר,,250.00,100 גרם,false,,11.90,0.0476,true,1,176230
7290000061108,false,"רוטב טריאקי 290 מ""ל-בקבוק","אסם תעשיות בע""מ",IL,רוטב טריאקי אסם 290מ,,290.00,100 גרם,false,,13.90,0.0479,true,1,176233
7290000061214,false,פתיתים אפויים קוסקוס עם בצל אסם 500 גרם,"אסם תעשיות בע""מ",IL,פתיתים אפויים קוסקוס,,500.00,,false,,8.60,0.0172,true,1,176235
7290000061764,false,קפה נמס מגורען רד מאג 200 גרם,נסטלה ספרד קפה,ES,רד מאג נסקפה 200גר,,200.00,100 גרם,false,,24.90,0.1245,true,1,176249
7290000062952,false,אוסם - מיני קרוטונים למרק ולסלט 250 גרם,עינת תעשיות מזון אגו,IL,מיני קרוטונים למרק ו,,250.00,100 גרם,false,,17.90,0.0716,true,1,176266
7290000063102,false,אסם קמח עוגה תופח מאליו 350 גרם,"אסם תעשיות בע""מ",IL,קמח תופח אסם 350גר,,350.00,100 גרם,false,,5.50,0.0157,true,1,176271
7290000063133,false,אסם שקדי מרק רכיבים טבעיים 24*100גרם,"אסם השקעות בע""מ",IL,שקדי מרק בשקית אסם 1,,100.00,100 גרם,false,,5.90,0.0590,true,1,176272
7290000063140,false,שקדי מרק רכיבים טבעיים בשקית 400 ג' אסם,"אסם תעשיות בע""מ",IL,שקדי מרק רכיבים טבעי,,400.00,100 גרם,false,,15.90,0.0398,true,1,176273
7290000063157,false,אסם קמח עוגה תופח מאליו 1 קג,"אסם תעשיות בע""מ",IL,קמח תופח מאליו אסם 1,,1000.00,100 גרם,false,,10.90,0.0109,true,1,176274
7290000064758,false,קוסקוס בינוני אמיתי אסם 350 ג',"מיוצר ע""י קוד יצרן K",IL,קוסקוס בינוני אסם 35,,350.00,100 גרם,false,,8.90,0.0254,true,1,176308
7290000065090,false,מיני קרוטונים מתובלים למרק ולסלט אסם 400 גרם,עינת תעשיות מזון אגו,IL,מיני קורטונים למרק ו,,400.00,100 גרם,false,,27.90,0.0697,true,1,176316
7290000065540,false,אוסם - מנה חמה פסטה מוקרמת בטעם עוף 55 גרם,"אסם תעשיות בע""מ",IL,מנה חמה אסם פסטה מוק,,55.00,,false,,7.50,0.1364,true,1,176320
7290000065977,false,אסם חטיפי פריכונים תירס שומשום 80 גרם,"מיוצר ע""י פרח, משווק",IL,חטיפי פריכונים תירס,,80.00,,false,,9.70,0.1212,true,1,176333
7290000066141,false,ביסלי חטיף בטעם גריל אסם 70 גרם,"אסם תעשיות בע""מ",IL,ביסלי בטעם גריל אסם,,70.00,100 גרם,false,,5.00,0.0714,true,1,176336
7290000066189,false,ביסלי חטיף בטעם פלאפל אסם 200 גרם,"אסם תעשיות בע""מ",IL,ביסלי גדול פלאפל אסם,,200.00,,false,,9.90,0.0495,true,1,176340
7290000066196,false,ביסלי חטיף בטעם גריל אסם 200 גרם,מיוצר עי קונדיטוריית,IL,ביסלי גדול טעם גריל,,200.00,,false,,9.90,0.0495,true,1,176341
7290000066226,false,ביסלי חטיף בטעם פיצה אסם 200 גרם,מיוצר עי קונדיטוריית,IL,ביסלי בטעם פיצה אסם,,200.00,,false,,9.90,0.0495,true,1,176344
7290000066264,false,דובונים חטיף תפוחי אדמה אסם 40 גרם,"אסם תעשיות בע""מ",IL,דובונים אסם 40גר,,40.00,,false,,5.00,0.1250,true,1,176345
7290000066295,false,במבה מתוקה מחומרים טבעיים 30 גרם,מיוצר עי קונדיטוריית,IL,במבה תות מחומרים טבע,,30.00,100 גרם,false,,3.30,0.1100,true,1,176346
7290000066301,false,במבה קטן רגיל אסם,קריות זול,,במבה קטן רגיל אסם,,25.00,100 גרם,false,,2.40,0.0960,true,1,176347
7290000066332,false,אפרופו חטיף תירס אסם 50 גרם,מיוצר עי קונדיטוריית,IL,אפרופו אסם 50גר,,50.00,100 גרם,false,,5.50,0.1100,true,1,176349
7290000066431,false,פופקו חטיף פופקורן בטעם חמאה ודבש אסם 80 גרם,מיוצר עי קונדיטוריית,IL,פופקו חטיף אסם 80גר,,80.00,100 גרם,false,,5.90,0.0738,true,1,176352
7290000067407,false,פרורית מתובלת בשקית 200 גרם,עינת תעשיות מזון אגו,IL,פירורית מתובל שקית א,,200.00,,false,,6.90,0.0345,true,1,176369
7290000067544,false,פירורית זהב פירורי לחם אסם 200 גרם,עינת תעשיות מזון אגו,IL,פירורית זהב שקית אסם,,200.00,,false,,6.50,0.0325,true,1,176375
7290000067599,false,מנה חמה ספגטי ברוטב בולונז אסם 65 גרם,"אסם תעשיות בע""מ",IL,מנה חמה אסם ספגטי רו,,65.00,100 גרם,false,,7.50,0.1154,true,1,176379
7290000067735,false,פרפקטו ניוקי בצקיות תפוחי אדמה 500 ג' אסם,גרנדי פסטי,IT,"ניוקי בצקיות מתפו""א",,500.00,,false,,15.50,0.0310,true,1,176382
7290000068138,false,אינסטנט פודינג בטעם וניל אסם 80 גרם,מיוצר עי קונדיטוריית,IL,פודינג וניל אסם 80גר,,80.00,100 גרם,false,,6.30,0.0787,true,1,176388
7290000068206,false,אסם ג'לי משמש צבעים טבעיים 85 גרם,מיוצר עי קונדיטוריית,IL,ג'לי משמש אסם 85 גר,,85.00,,false,,7.50,0.0882,true,1,176393
7290000068251,false,אבקה להכנת ג'לי בטעם אננס אסם 85 גרם,מיוצר עי קונדיטוריית,IL,ג'לי אננס אסם 85 גר,,85.00,,false,,7.50,0.0882,true,1,176396
7290000068343,false,אוסם - פירכונים מאורז מלא 140 גרם,"מיוצר ע""י PT, משווק",IL,פריכונים מאורז מלא א,,140.00,,false,,8.90,0.0636,true,1,176404
7290000068701,false,אסם שקדי מרק רכיבים טבע.מיכל 400 גרם,"אסם תעשיות בע""מ",IL,שקדי מרק במיכל אסם 4,,400.00,100 גרם,false,,17.90,0.0447,true,1,176409
7290000068770,false,במבה יום הולדת חטיף בוטנים אסם 80 גרם,"אסם תעשיות בע""מ",IL,במבה יום הולדת אסם 8,,80.00,100 גרם,false,,5.60,0.0700,true,1,176411
7290000069258,false,פסטה פרפקטו פנה ריגאטה 500 ג' אסם,קריות זול,IT,פסטה פרפקטו פנה ריגא,,500.00,100 גרם,false,,8.90,0.0178,true,1,176425
7290000069364,false,פריכונים מאורז מלא ללא תוספת סוכר אסם 140 גרם,"מיוצר ע""י PT, משווק",IL,פריכונים מאורז מלא ל,,140.00,,false,,8.90,0.0636,true,1,176429
7290000069609,false,אסם חטיפי קרקר זעתר 300 גרם,"אסם תעשיות בע""מ",IL,חטיפי קרקר זעתר 300ג,,300.00,,false,,12.90,0.0430,true,1,176435
7290000069715,false,אוסם - חטיפי קרקר מלוח 300 גרם,"אסם תעשיות בע""מ",IL,חטיפי קרקר מלוח 300ג,,300.00,,false,,12.90,0.0430,true,1,176438
7290000070308,false,אבקת מרק עוף אמיתי בשרי אסם 400 גרם,"אסם תעשיות בע""מ",IL,מרק עוף אמיתי אסם 40,,400.00,,false,,23.90,0.0597,true,1,176454
7290000070353,false,אבקת מרק בצל רכיבים טבעיים אסם 400 גרם,"אסם תעשיות בע""מ",IL,מרק בצל רכיבים טבעיי,,400.00,100 גרם,false,,29.90,0.0747,true,1,176457
7290000072067,false,במבה חטיף בוטנים במילוי קרם חלבה 60 גרם,מיוצר עי קונדיטוריית,IL,במבה במילוי קרם חלבה,,60.00,,false,,5.60,0.0933,true,1,176482
7290000072623,false,קטשופ אסם בקבוק לחיץ 750 גרם,"אסם תעשיות בע""מ",IL,קטשופ אסם 750גר,,750.00,,false,,11.90,0.0159,true,1,176489
7290000072630,false,קטשופ אסם חריף 750 גרם-בקבוק,"אסם תעשיות בע""מ",IL,קטשופ חריף אסם 750גר,,750.00,,false,,14.90,0.0199,true,1,176490
7290000072753,false,קפה נמס מגורען טסטרס צ'ויס 200 גרם-,נסטלה קוריאה - קפה,IL,טסטרס צויס 200 גרם,,200.00,,false,,32.90,0.1645,true,1,176495
7290000072777,false,קפה נמס מגורען נטול קפאין טסטרס צ'ויס 200 גרם,נסטלה קוריאה - קפה,IL,טסטרס צויס נטול קפאי,,200.00,100 גרם,false,,39.90,0.1995,true,1,176497
7290000072968,false,דגנים סיני מיניס מלחמת הכוכבים 500 גרם,נסטלה פולין דגני בוק,PL,דגני סיני מיניס נסטל,,500.00,100 גרם,false,,27.90,0.0558,true,1,176505
7290000073125,false,מנה חמה פסטה ברוטב עגבניות אסם 62 גרם,"אסם תעשיות בע""מ",IL,מנה חמה אסם פסטה עם,,62.00,100 גרם,false,,7.50,0.1210,true,1,176508
7290000073415,false,אוסם - מנה חמה פסטה ברוטב פיצה 61 גרם,"אסם תעשיות בע""מ",IL,מנה חמה אסם פסטה ברו,,61.00,100 גרם,false,,7.50,0.1230,true,1,176514
7290000073750,false,מנה חמה נודלס אטר+ירקות טעם עוף 70 גרם,טאי רזידנט,TH,מנה חמה אסם נודלס טע,,70.00,,false,,7.50,0.1071,true,1,176517
7290000073767,false,מנה חמה נודלס אטר.+ירקות טעם בקר 70 גרם,טאי רזידנט,TH,מנה חמה אסם נודלס טע,,70.00,100 גרם,false,,7.50,0.1071,true,1,176518
7290000073774,false,מנה חמה נודלס אטר+ירקות טעם צילי 70 גרם,טאי רזידנט,TH,מנה חמה אסם נודלס טע,,70.00,,false,,7.50,0.1071,true,1,176519
7290000074153,false,ביסקוויט פתי בר שוקולד אסם 500 גרם,מיוצר עי קונדיטוריית,IL,פתי בר שוקו אסם 500ג,,500.00,,false,,14.90,0.0298,true,1,176526
7290000074184,false,ביסקוויט פתי בר אסם 500 גרם,"אסם תעשיות בע""מ",IL,פתי בר וניל אסם 500ג,,500.00,100 גרם,false,,12.90,0.0258,true,1,176528
7290000074245,false,אוסם - קרם קרקר אסם 250 גרם,"אסם תעשיות בע""מ",IL,קרם קרקר אסם 250גר,,250.00,100 גרם,false,,9.50,0.0380,true,1,176529
7290000074252,false,קרקר שומשום אסם 250 גרם,"אסם תעשיות בע""מ",IL,קרקר שומשום אסם 250ג,,250.00,100 גרם,false,,9.90,0.0396,true,1,176530
7290000074276,false,קרקר פיקנטי טבעון 250 ג' אסם,"אסם תעשיות בע""מ",IL,קרקר פיקנטי טבעון אס,,250.00,100 גרם,false,,11.90,0.0476,true,1,176531
7290000074375,false,אוסם - קרקר זהב 150 גרם,"אסם תעשיות בע""מ",IL,קרקר זהב אסם 150 גרם,,150.00,,false,,8.90,0.0593,true,1,176536
7290000074481,false,לחמית אגוזים אסם 160 גרם,"אסם תעשיות בע""מ",IL,לחמית אגוזים אסם 160,,160.00,100 גרם,false,,11.90,0.0744,true,1,176538
7290000074764,false,קרקר זהב אסם 900 גרם,אסם תעשיות,IL,קרקר זהב אסם 900גר,,900.00,,false,,29.90,0.0332,true,1,176545
7290000075204,false,אוסם - לחמית חיטה מלאה 250 גרם,"אסם תעשיות בע""מ",IL,לחמית חיטה מלאה אסם,,250.00,100 גרם,false,,9.90,0.0396,true,1,176555
7290000075693,false,עוגת הבית שמרים בריוש שוקולד אסם 360 גרם,מיוצר עי קונדיטוריית,IL,עוגת הבית שמרים בריו,,360.00,,false,,18.90,0.0525,true,1,176562
7290000076126,false,אוסם - בייגלה שמיניות קטנות 80 גרם,"אסם תעשיות בע""מ",IL,בייגלה שמיניות קטנות,,80.00,100 גרם,false,,3.90,0.0487,true,1,176563
7290000076133,false,בייגלה שמיניות עם מלח אסם 400 גרם,"אסם תעשיות בע""מ",IL,בייגלה שמיניות קטנות,,400.00,,false,,12.50,0.0313,true,1,176564
7290000076645,false,טוסטעים פת קלויה חיטה מלאה אסם 100 גרם,ון דר מולן האלום,NL,טוסטעים חיטה מלאה אס,,100.00,100 גרם,false,,11.50,0.1150,true,1,176576
7290000077017,false,עוגיות קרמוגית במילוי קרם שוקולד אסם 200 גרם,מיוצר עי קונדיטוריית,IL,קרמוגית במילוי שוקול,,200.00,100 גרם,false,,12.90,0.0645,true,1,176587
7290000077253,false,אוסם - לחמית כפרית עם דגנים מלאים 190 גרם,"אסם תעשיות בע""מ",IL,לחמית כפרית עם דגנים,,190.00,100 גרם,false,,11.90,0.0626,true,1,176593
7290000078212,false,קרוטונים מתובלים למרק אסם 250 גרם,עינת תעשיות מזון אגו,IL,קרוטונים מתובלים אסם,,250.00,100 גרם,false,,16.90,0.0676,true,1,176603
7290000078762,false,אוסם - חטיפי פריכונים מאורז מלא בטעם דבש 80גר,סנורייס בלגיום אן. ו,BE,חטיפי פריכונים מאורז,,80.00,,false,,9.70,0.1212,true,1,176610
7290000079233,false,קרם קרקר דיאטטי דל נתרן 250 גרם,"אסם תעשיות בע""מ",IL,קרם דל נתרן אסם 250ג,,250.00,100 גרם,false,,11.90,0.0476,true,1,176614
7290000080765,false,טוסטעים פת קלויה עם שומשום אסם 100 גרם,ון דר מולן האלום,NL,טוסטעים פת קלוי עם ש,,100.00,100 גרם,false,,11.50,0.1150,true,1,176633
7290000081663,false,בייגלה טבעות שומשום אסם 300 גרם,מיוצר עי קונדיטוריית,IL,בייגלה טבעות שומשום,,300.00,100 גרם,false,,11.90,0.0397,true,1,176636
7290000100128,false,פירות קפואים תות סנפרוסט 300 ג',"סנפרוסט בע""מ",IL,תות שדה מוקפא 300גר,,300.00,,false,,18.90,0.0630,true,1,224216
7290000100135,false,פירות קפואים סנפרוסט דובדבן 300 גר,"סנפרוסט בע""מ",IL,דובדבן מתוק קפוא 300,,300.00,100 גרם,false,,16.90,0.0563,true,1,224217
7290000101132,false,לקט קטניות לחמין סנפרוסט 800 גר,"סנפרוסט בע""מ",IL,לקט קטניות לחמין סנפ,,800.00,,false,,23.90,0.0299,true,1,188251
7290000101934,false,מיקס פירות יער מוקפאות 300 ג' סנפרוסט,"איי, בי, אינבוו",IL,תערובת פירות יער מוק,,300.00,,false,,18.90,0.0630,true,1,224229
7290000101941,false,אננס חתוך מוקפא סנפרוסט 300ג',"איי, בי, אינבוו",IL,אננס חתוך מוקפא 300ג,,300.00,100 גרם,false,,18.90,0.0630,true,1,236540
7290000103365,false,מרק ירקות עשיר סנפרוסט 550 גרם,"איי, בי, אינבוו",IL,מרק ירקות קפוא סנפרו,,550.00,,false,,18.90,0.0344,true,1,188256
7290000103433,false,"לקט ירקות לתנור 800 גרם ""סנפרוסט""","איי, בי, אינבוו",IL,לקט ירקות לתנור סנפר,,800.00,100 גרם,false,,24.90,0.0311,true,1,188258
7290000103488,false,"ארטישוק ירושלמי 400 גרם ""סנפרוסט""","סנפרוסט בע""מ",IL,ארטישוק ירושלמי סנפר,,400.00,,false,,24.90,0.0622,true,1,218337
7290000103730,false,לקט להקפצה עם פסטה פוזילי סנפרוסט 800 גרם,"איי, בי, אינבוו",IL,לקט להקפצה עם פסטה פ,,800.00,,false,,24.90,0.0311,true,1,188271
7290000103815,false,לקט להקפצה סגנון תאילנדי סנפרוסט 800 גרם,"סנפרוסט בע""מ",IL,לקט להקפצה תאילנדי ס,,800.00,100 גרם,false,,24.90,0.0311,true,1,188279
7290000103822,false,ירקות שמלווים עוף סנפרוסט 800ג',"סנפרוסט בע""מ",IL,לקט לעוף סנפרוסט 800,,800.00,,false,,24.90,0.0311,true,1,188280
7290000103839,false,מרק כתום עשיר בירקות סנפרוסט 570 גרם,"סנפרוסט בע""מ",IL,מרק כתום קפוא סנפרוס,,570.00,100 גרם,false,,18.90,0.0332,true,1,188281
7290000103846,false,מרק אפונה עשיר בירקות סנפרוסט 570 גרם,"סנפרוסט בע""מ",IL,מרק אפונה קפוא סנפרו,,570.00,100 גרם,false,,18.90,0.0332,true,1,188282
7290000103860,false,מרק עדשים עשיר בירקות סנפרוסט 570 גרם,"איי, בי, אינבוו",IL,מרק עדשים קפוא סנפרו,,570.00,,false,,18.90,0.0332,true,1,188284
7290000103877,false,מרק שעועית עשיר בירקות סנפרוסט 640 גרם,"סנפרוסט בע""מ",IL,מרק שעועית קפוא סנפר,,640.00,100 גרם,false,,18.90,0.0295,true,1,188285
7290000104072,false,עדשים ירוקות מבושלות מוקפאות 800 ג' סנפרוסט,"איי, בי, אינבוו",IL,עדשים ירוקות מבושלות,,800.00,100 גרם,false,,21.90,0.0274,true,1,188292
7290000104188,false,שעועית אדומה מבושלת סנפרוסט 800 גרם,"סנפרוסט בע""מ",IL,שעועית אדומה מבושלת,,800.00,100 גרם,false,,21.90,0.0274,true,1,188294
7290000104201,false,אפונה עדינה סנפרוסט 600 גרם,"איי, בי, אינבוו",IL,אפונה עדינה סנפרוסט,,600.00,100 גרם,false,,21.90,0.0365,true,1,188295
7290000104218,false,סנפרוסט במיה 600 גרם,"איי, בי, אינבוו",IL,במיה סנפרוסט 600גר,,600.00,,false,,18.90,0.0315,true,1,188296
7290000104676,false,אפונה קפואה סנפרוסט 800 גרם,"איי, בי, אינבוו",IL,אפונה גינה סנפרוסט 8,,800.00,,false,,18.90,0.0236,true,1,188299
7290000104683,false,שעועית ירוקה שלמה סנפרוסט 800 גרם,"סנפרוסט בע""מ",IL,שעועית שלמה ירוקה סנ,,800.00,,false,,24.90,0.0311,true,1,188300
7290000104690,false,תירס גרעינים 800 גרם סנפרוסט,"איי, בי, אינבוו",IL,גרעיני תירס סנפרוסט,,800.00,100 גרם,false,,19.90,0.0249,true,1,188301
7290000104706,false,גזר גמדי סנפרוסט 800 גרם,"סנפרוסט בע""מ",IL,גזר גמדי סנפרוסט 800,,800.00,100 גרם,false,,19.90,0.0249,true,1,188302
7290000104713,false,פול ירוק סנפרוסט 800 גרם,"איי, בי, אינבוו",IL,פול ירוק סנפרוסט 800,,800.00,100 גרם,false,,28.90,0.0361,true,1,188303
7290000104720,false,שעועית ירוקה חתוכה סנפרוסט 800 גרם,"סנפרוסט בע""מ",IL,שעועית ירוקה חתוכה ס,,800.00,100 גרם,false,,19.90,0.0249,true,1,188304
7290000104737,false,שעועית צהובה חתוכה סנפרוסט 800גר,"סנפרוסט בע""מ",IL,שעועית צהובה חתוכה ס,,800.00,,false,,19.90,0.0249,true,1,188305
7290000104744,false,כרובית סנפרוסט 800 גרם,"סנפרוסט בע""מ",IL,כרובית סנפרוסט 800גר,,800.00,100 גרם,false,,26.90,0.0336,true,1,188306
7290000104751,false,"כרוב ניצנים 800 גרם ""סנפרוסט""","איי, בי, אינבוו",IL,כרוב ניצנים סנפרוסט,,800.00,,false,,26.90,0.0336,true,1,188307
7290000104768,false,תרד עלים סנפרוסט 800 ג ',"איי, בי, אינבוו",IL,תרד עלים סנפרוסט 800,,800.00,,false,,28.90,0.0361,true,1,188308
7290000104775,false,תרד מדליונים סנפרוסט 800 גרם,"איי, בי, אינבוו",IL,תרד מדליונים סנפרוסט,,800.00,,false,,28.90,0.0361,true,1,188309
7290000104799,false,שעועית לבנה מבושלת סנפרוסט 800 גרם,"איי, בי, אינבוו",IL,שעועית לבנה מבושלת ס,,800.00,100 גרם,false,,21.90,0.0274,true,1,188310
7290000104805,false,גרגירי חומוס מבושלים סנפרוסט 800 גרם,"איי, בי, אינבוו",IL,גרגירי חומוס קפוא סנ,,800.00,,false,,21.90,0.0274,true,1,188311
7290000104829,false,"קלחוני תירס סנפרוסט 1 ק""ג","איי, בי, אינבוו",IL,קלחוני תירס סנפרוסט,,1000.00,100 גרם,false,,22.90,0.0229,true,1,188312
7290000104836,false,שעועית עדינה שלמה 600 גר סנפרוסט,"סנפרוסט בע""מ",IL,שעועית עדינה שלמה סנ,,600.00,100 גרם,false,,24.90,0.0415,true,1,188313
7290000104874,false,ירקות לקוסקוס של אמא סנפרוסט 800ג',"סנפרוסט בע""מ",IL,לקט לקוסקוס סנפרוסט,,800.00,100 גרם,false,,24.90,0.0311,true,1,188316
7290000104881,false,לקט אפונה וגזר סנפרוסט 800 גרם,"איי, בי, אינבוו",IL,אפונה וגזר סנפרוסט 8,,800.00,100 גרם,false,,19.90,0.0249,true,1,188317
7290000104904,false,לקט ירקות מעורבים סנפרוסט 800 גרם,"איי, בי, אינבוו",IL,לקט ירקות מעורבים סנ,,800.00,100 גרם,false,,24.90,0.0311,true,1,188319
7290000104911,false,לקט נורמנדי סנפרוסט 800 גרם,"איי, בי, אינבוו",IL,לקט נורמנדי סנפרוסט,,800.00,100 גרם,false,,24.90,0.0311,true,1,188320
7290000106526,false,חגיגה ירוקה להקפצה סנפרוסט 800 גר,"איי, בי, אינבוו",IL,חגיגה ירוקה להקפצה ס,,800.00,100 גרם,false,,24.90,0.0311,true,1,224233
7290000107165,false,חטיף פולי סויה סנפרוסט 400 גרם,"איי, בי, אינבוו",IL,פולי סויה קפוא סנפרו,,400.00,100 גרם,false,,15.90,0.0398,true,1,188329
7290000107189,false,תחתיות ארטישוק סנפרוסט 400 גרם,"איי, בי, אינבוו",IL,תחתיות ארטישוק 400גר,,400.00,100 גרם,false,,24.90,0.0622,true,1,188330
7290000107295,false,תפרחות ברוקולי סנפרוסט 800 גרם,"איי, בי, אינבוו",IL,תפרחות ברוקולי סנפרו,,800.00,100 גרם,false,,28.90,0.0361,true,1,188335
7290000107615,false,ירקות ואננס להקפצה מנה אסייתית צבעונית ועשירה,"איי, בי, אינבוו",IL,מנה אסייתית צבעונית,,800.00,100 גרם,false,,24.90,0.0311,true,1,224235
7290000111384,false,חרדל אמיתי בצנצנת 550 ג' תלמה,יוניליוור ישראל מזו,IL,חרדל צנצנת תלמה 550ג,,550.00,100 גרם,false,,12.90,0.0235,true,1,182074
7290000112220,false,טחינה גולמית שומשום טהור בארכה 500 גרם,רושדי תעשיות מזון בע,IL,טחינה 100% שומשום בא,,500.00,,false,,16.90,0.0338,true,1,176641
7290000112503,false,מרק עשיר ירקות קנור 69 גרם - שקיות,יוניליוור ישראל מזון,IL,מרק עשיר ירקות קנור,,61.00,100 גרם,false,,11.90,0.1951,true,1,182087
7290000116204,false,"אבקת מרק דגש בטעם עוף 1ק""ג קנור",יוניליוור ישראל מזון,IL,מרק דגש קנור 1 קג,,1000.00,100 גרם,false,,18.90,0.0189,true,1,182134
7290000118277,false,כופתאות מצה להכנת מהירה 65 ג' קנור,יוניליוור ישראל מזון,IL,קניידלך קנור 2*65 גר,,130.00,100 גרם,false,,11.90,0.0915,true,1,182154
7290000129457,false,אבקת רוטב פטריות קנור 28 ג' שקית,יוניליוור ישראל מזון,IL,רוטב פטריות קנור 28ג,,28.00,100 גרם,false,,5.90,0.2107,true,1,182269
7290000131122,false,"בצק עלים צרפתי שחף 1.5 ק""ג",יושלם,,בצק עלים שחף 1.5קג,,1500.00,100 גרם,false,,21.90,0.0146,true,1,203288
7290000134680,false,תבלין קמיל שלם טעם ו,תות ממתקי איכות,IL,קימל שלם 40גר,,40.00,100 גרם,false,,7.90,0.1975,true,1,198498
7290000134833,false,תבלין כמון טחון 100 גר',"תבליני טעם וריח בע""מ",IL,כמון טחון במיכל 100ג,,100.00,100 גרם,false,,10.90,0.1090,true,1,198504
7290000134840,false,תבלין כורכום טחון 100 גר',"תבליני טעם וריח בע""מ",IL,כורכום במיכל 100גר,,100.00,,false,,10.90,0.1090,true,1,198505
7290000134864,false,פפריקה חרעפה 100 גרם מיכל גדול,"תבליני טעם וריח בע""מ",IL,פפריקה חריפה במיכל 1,,100.00,,false,,10.90,0.1090,true,1,198507
7290000134987,false,תבלין פלפל שחור גרוס 90 גר',"תבליני טעם וריח בע""מ",IL,פלפל שחור גרוס 90גר,,90.00,100 גרם,false,,15.90,0.1767,true,1,198512
7290000135113,false,"משקה אנרגיה XL פחית ten נענע ליים 250 מ""ל",טמפו 7.5%,IL,אקסל פחית טן ליים 25,,250.00,,false,,5.00,0.0200,true,1,224096
7290000136158,false,פפסי מקס משקה מוגז דל קלוריות בטעם קולה,פפסי Pepsi,IL,פפסי מקס 1.5 ליטר,,1500.00,100 גרם,false,,8.20,0.0055,true,1,247360
7290000136172,false,סבן אפ בקבוק 1.5 ליט,סבן אפ 7up,IL,סבן אפ 1.5 ליטר,,1500.00,100 גרם,false,,8.20,0.0055,true,1,247358
7290000136523,false,משקה בטעם ענבים תריסר 1.5 ל' ג'אמפ,טמפו 7.5%,IL,גאמפ ענבים 1.5ליטר ת,,1500.00,100 גרם,false,,8.90,0.0059,true,1,247350
7290000136646,false,בירה נשר מאלט ללא אלכוהול 1.5 ליטר,טמפו 7.5%,IL,נשר מאלט 1.5ליטר תרי,,1500.00,100 גרם,false,,11.90,0.0079,true,1,247343
7290000136660,false,סודה טמפו ליטר וחצי,טמפו,IL,סודה טמפו ליטר וחצי,יחידה,0.00,יחידה,false,,3.90,0.0000,true,1,251721
7290000136684,false,פפסי מקס משקה מוגז דל קלוריות בטעם קולה,טמפו,IL,פפסי מקס 1.5 ליטר,,1500.00,100 גרם,false,,8.20,0.0055,true,1,247769
7290000136707,false,טמפו מירינדה 1.5 ליטר,טמפו,IL,מירינדה 1.5 ליטר,יחידה,0.00,יחידה,false,,7.90,0.0000,true,1,251722
7290000136776,false,שישיית פפסי מקס דל קלוריות 1.5 ליטר,פפסי Pepsi,IL,פפסי מקס 6*1.5ליטר,,9000.00,100 גרם,false,,48.70,0.0054,true,1,247340
7290000136806,false,מארז סודה רביעייה לימון ליים 1.5 ל' טמפו,טמפו 7.5%,IL,סודה לימון ליים טמפו,,6000.00,,false,,13.90,0.0023,true,1,247333
7290000136851,false,סבן אפ פיקדון 1.5 ליטר,טמפו,IL,סבן אפ 1.5 ליטר,,1500.00,100 גרם,false,,8.20,0.0055,true,1,248643
7290000136868,false,סאן בנדטו - מים מינרלים - מארז שישיית 1.5 ליטר,סאן בנדטו San Benedetto,IL,מים סאן בנדטו 6* 1.5,,9000.00,100 גרם,false,,22.90,0.0025,true,1,247330
7290000136875,false,מארז מים מינרלים מוגז 6* 1.5 ל' סאן בנדטו,סאן בנדטו San Benedetto,IL,מים סאן בנדטו מוגז 6,,9000.00,100 גרם,false,,23.90,0.0027,true,1,247332
7290000136936,false,סבן אפ דיאט בקבוק 1.,טמפו,IL,סבן אפ 1.5 ליטר דיאט,,1500.00,100 גרם,false,,8.20,0.0055,true,1,248251
7290000139227,false,דגן תירס תפוח מתוק 150 גרם,אשבל מזון פונקציונלי,IL,דגן לבן 150 גרם,,150.00,100 גרם,false,,9.90,0.0660,true,1,206022
7290000143262,false,"שמפו הוואי לילדים 700 מ""ל",שוורצקוף& הנקל דיסלד,IL,הוואי שמפו ילדים 700,,700.00,100 גרם,false,,13.90,0.0199,true,1,190383
7290000143279,false,"הוואי שמפו לשיער נגד קשקשים 700 מ""ל",שוורצקוף& הנקל דיסלד,IL,הוואי שמפו נגד קשקשי,,700.00,,false,,13.90,0.0199,true,1,190384
7290000143293,false,"הוואי - מרכך ילדים מתיר קשרים 700 מ""ל",טרופיקל דגיל,IL,הוואי מרכך ילדים מתי,,700.00,100 גרם,false,,13.90,0.0199,true,1,190386
7290000144160,false,"שמן זית כתית מעולה ארומתי עץ הזית 750 מ""ל","מרקאולאו, ספרד.אבסה,",IL,שמן זית כתית מעולה א,,750.00,,false,,34.90,0.0465,true,1,198755
7290000144467,false,שמן חמניות מועשר בנוגדי חמצון 1 ל' עץ הזית,"נארז ע""י : א.ג. גילר",GR,שמן חמניות בריאות מה,,1000.00,,false,,17.90,0.0179,true,1,198759
7290000144474,false,שמן עץ הזית קנולה 1 ליטר בריאות מהטבע,שמן תעשיות,EE,שמן קנולה בריאות מהט,,1000.00,,false,,17.90,0.0179,true,1,198760
7290000146676,false,הוואי - סבון מוצק לגבר 100 גרם רביעייה,טרופיקל דגיל קוסמטיק,IL,סבון הוואי רביעי,,400.00,,false,,11.90,0.0298,true,1,190406
7290000146928,false,"משחת שיניים לילדים בטעם ענבים טום וג'רי 50 מ""ל",טרופיקל דגיל קוסמטיק,IL,טום וגרי משחת שיניים,,50.00,,false,,10.90,0.2180,true,1,190416
7290000146997,false,משחת שיניים לילדים מסטיק טום וג'רי 50 מל,טרופיקל דגיל קוסמטיק,IL,טום וגרי משחת שיניים,,50.00,,false,,10.90,0.2180,true,1,190418
7290000148489,false,"קליית גת גרעיני דלעת קלויים,200 גרם","ג'י אנד ג'י בע""מ",IL,גרעיני דלעת 200גר,,200.00,,false,,8.90,0.0445,true,1,192010
7290000148939,false,שקדים קלויים 200 גרם קליית גת,"ג'י אנד ג'י בע""מ",IL,שקדים קלויים 200גר,,200.00,,false,,18.90,0.0945,true,1,192012
7290000149615,false,נקה 7 סבון מוצק לתינוק רביעיה * 100 ג',גליל כימיקלים בעממשו,IL,נקה 7 סבון מוצק לתינ,,400.00,100 גרם,false,,12.90,0.0323,true,1,180033
7290000149851,false,סבון לניקוי והסרת כתמים סינטבון 460 גרם,יבואן ומשווק: ש. שסט,IL,סינטבון כפול 460גר,,460.00,,false,,15.90,0.0346,true,1,180036
7290000149905,false,טקסטיל נוזל לכביסה עדינה נקה 1 ליטר,מיוצר עי קונדיטוריית,IL,טקסטיל שמפו 1ליטר,,1000.00,100 גרם,false,,15.90,0.0159,true,1,180038
7290000150956,false,עוף טוב מקלוני קבנוס 160 גרם,מוצרי עוף טוב (2001),IL,מקלוני קבנוס עוף טוב,,160.00,,false,,13.90,0.0869,true,1,195580
7290000152943,false,מארז פסטרמה כפרית וסלמי כפרי עוף טוב 2*350 גרם,מולינו ניקולי s.p.a,IL,סלמי+פסטרמה עוף טוב,,700.00,100 גרם,false,,31.90,0.0456,true,1,176669
7290000153469,false,קציצות עוף קלאסיות 100% רכיבים טבעיים,מוצרי עוף טוב (2001),IL,קציצות עוף קלאסיות ע,,600.00,100 גרם,false,,31.90,0.0532,true,1,176676
7290000169798,false,"עוגי מופחת סוכר 20% פצפוצי שוקו' 500ג' בד""צ",יוניליוור שפע ישראל,IL,עוגי מופחת סוכר 500ג,,500.00,100 גרם,false,,22.90,0.0458,true,1,182530
7290000174723,false,שוקולית אבקה להכנת משקה שוקו 500 גרם,הנסיך- מפעל לייצור ט,IL,שוקולית עלית 500גר,,500.00,,false,,13.90,0.0278,true,1,208450
7290000176062,false,קפה עלית טורקי 100 גרם,שטראוס קפה בי.וי.,IL,קפה טורקי עלית 100גר,,100.00,100 גרם,false,,8.90,0.0890,true,1,208457
7290000176079,false,קפה עלית טורקי עם הל 100 גרם,הנסיך- מפעל לייצור ט,IL,קפה טורקי עם הל עלית,,100.00,,false,,10.90,0.1090,true,1,208458
7290000176116,false,"קפה טורקי עלית וואקום 1 ק""ג",הנסיך- מפעל לייצור ט,IL,קפה טורקי עלית 1קג,,1000.00,,false,,69.90,0.0699,true,1,208461
7290000176413,false,קפה נמס אבקתי 50 ג' עלית,הנסיך- מפעל לייצור ט,IL,קפה נמס עלית 50גר,,50.00,100 גרם,false,,9.90,0.1980,true,1,208464
7290000176420,false,קפה נמס אבקתי 200ג עלית,שטראוס קפה בי.וי,IL,קפה נמס עלית 200גר,,200.00,100 גרם,false,,21.90,0.1095,true,1,208465
7290000178707,false,תפוצ'יפס בטעם טבעי 50 גרם,"שטראוס פריטו ליי בע""",IL,תפוציפס טבעי 50גר,,50.00,100 גרם,false,,4.50,0.0900,true,1,184111
7290000178721,false,תפוצ'יפס בטעם טבעי 200 גרם,"שטראוס פריטו ליי בע""",IL,תפוציפס טבעי 200גר,,200.00,100 גרם,false,,11.90,0.0595,true,1,184113
7290000185330,false,סילאן טבעי תמר כנרת 900 גר,טעמי הגליל,IL,סילאן טבעי 900 גרם,,900.00,100 גרם,false,,23.90,0.0266,true,1,224415
7290000185590,false,סילאן טבעי בבקבוק לחיץ 650 גרם,חצר כינרת מוצרי תמר,IL,סילאן טבעי בבקבוק לח,,650.00,100 גרם,false,,19.90,0.0306,true,1,250998
7290000187952,false,לילי טריפל קומפורט ורוד נ.טואלט 32 גלילי,קימברלי קלארק,IL,לילי טריו נייר טאולט,יחידה,0.00,יחידה,false,,49.90,0.0000,true,1,181426
7290000188355,false,מגבות מטבח ניקול לבנה שישייה,קימברלי-קלארק,IL,מגבות מטבח שישייה ני,יחידה,0.00,יחידה,false,,12.90,0.0000,true,1,181433
7290000188553,false,קוטקס - מגן תחתון סילק נורמל 60 יח',קימברלי קלארק,CN,קוטקס נורמל מגני תחת,,60.00,,false,,19.90,0.3317,true,1,181438
7290000188591,false,קוטקס - מגן תחתון סילק יאנג 60 יח',קימברלי קלארק,CN,קוטקס יאנג מגני תחתו,,60.00,,false,,19.90,0.3317,true,1,181440
7290000189192,false,סופר מטלית מטליות נייר רב פעמיות ניקול 64 יחידות,קימברלי קולומביה,IL,סופר מגבת רב פעמית נ,,11.00,,false,,23.90,2.1727,true,1,181449
7290000189550,false,שקיות אשפה מתכלות עם שרוך 78*90 ניקול 20 יחידות,קריות זול,IL,אשפתון זוג ענק 20 מת,,20.00,,false,,26.90,1.3450,true,1,181462
7290000189598,false,מטליות לחות חד פעמיות לניקוי כללי 50 יח' ניקול,עלבד משואות יצחק בעמ,IL,מטליות לחות לניקוי כ,,50.00,,false,,13.90,0.2780,true,1,181464
7290000189871,false,שקיות אשפה עם שרוך 52*64 ניקול 55 יחידות,"אשפלסט תעשיות בע""מ",IL,אשפתון 60 שקיות מתכל,,60.00,,false,,26.90,0.4483,true,1,181473
7290000190136,false,חלה מתוקה ברמן,,,חלה מתוקה ברמן,,500.00,,false,,8.90,0.0178,true,1,199840
7290000190150,false,מפיות נייר תלת שכבתיות ניקול 20 יחידות,קריות זול,SI,מפיות מודפסות 3 שכבו,,102.00,100 גרם,false,,7.90,0.0775,true,1,181479
7290000190198,false,מטליות לניקוי וחיטוי חדרי שירותים ואמבטיה,עלבד משואות יצחק בעמ,IL,מטליות לחות לניקוי ש,יחידה,0.00,יחידה,false,,13.90,0.0000,true,1,181483
7290000190853,false,לילי פיור נייר טואלט דו שכבתי 30 גלילים,חוגלה קימברלי,,לילי לבן נייר טואלט,יחידה,0.00,יחידה,false,,39.90,0.0000,true,1,181497
7290000191225,false,האגיס חיתולים ליטל בייביס שלב 2 44 יחידו,קימברלי קלארק שיווק,IL,האגיס ליטל בייביס ני,יחידה,0.00,יחידה,false,,36.90,0.0000,true,1,181500
7290000191539,false,ממחטות טישו לילי צבעוני חמישיה,חוגלה קימברלי,IL,לילי צבעוני חמישיה 5,,593.00,100 גרם,false,,17.90,0.0302,true,1,181504
7290000191546,false,ממחטות טישו צבעוני 2 שכבות לילי מארז 100X3יח',חוגלה קימברלי,IL,לילי מגבונים טישיו צ,,420.00,,false,,11.90,0.0283,true,1,181505
7290000191652,false,קלינקס ממחטות טישו אולטרא סופט מארז 90X3יח',חוגלה קימברלי,IL,קלינקס קלאסיק ניילון,יחידה,0.00,יחידה,false,,11.90,0.0000,true,1,181510
7290000193083,false,נובה-לי תחבושות היגייניות לילי 28 יחידות,חוגלה קימברלי,CZ,נובה לי לילי תחבושות,,28.00,,false,,10.90,0.3893,true,1,181520
7290000193205,false,תחבושות לילה עם כנפיים לילי 20 יחידות,לילי נטורל,BE,לילי תחבושות נטורל ל,,20.00,,false,,16.90,0.8450,true,1,181521
7290000193656,false,תחבושות עם כנפיים סופר פלוס לילי 24 יחידות,קריות זול,IL,לילי תחבושות נטורל א,יחידה,0.00,יחידה,false,,16.90,0.0000,true,1,181528
7290000196763,false,ניקול שקיות לאשפה השקית החזקה 40 יח',"אשפלסט תעשיות בע""מ",IL,השקית החזקה ניקול,יחידה,0.00,יחידה,false,,26.90,0.0000,true,1,214521
7290000197012,false,שקיות ריצ'רץ' אחסון למזון ניקול 15 יחידות,קריות זול,CN,ניקול שקיות ניילון ר,יחידה,0.00,יחידה,false,,13.90,0.0000,true,1,181574
7290000197029,false,שקיות ריצ'רץ' רב תכליתיות ניקול 12 יחידות,קריות זול,IL,ניקול שקיות ניילון ר,יחידה,0.00,יחידה,false,,14.90,0.0000,true,1,181576
7290000197081,false,ניקול ניילון נצמד 150 מטר+מתקן לחיתוך קל,ניקול,IL,ניילון נצמד 150 מטר,יחידה,150.00,יחידה,false,,29.90,0.1993,true,1,181577
7290000197326,false,רדיד אלומניום ניקול זוגי 30X7.5מ',קריות זול,IL,ניקול רדיד אלומיניום,,15.00,,false,,12.90,0.8600,true,1,181585
7290000197463,false,האגיס פרידום דריי שלב 4 + 40 יחידות,קימברלי קלארק ישראל,IL,האגיס פרידום דריי של,יחידה,0.00,יחידה,false,,48.90,0.0000,true,1,181593
7290000197548,false,האגיס פרידום דריי שלב 5 38 יחידות,קימברלי קלארק ישראל,IL,האגיס פרידום דריי של,יחידה,0.00,יחידה,false,,48.90,0.0000,true,1,181595
7290000197654,false,שקיות אשפה ענקיות נשלפות 75*90 ניקול 50 יחידות,"אשפלסט תעשיות בע""מ",IL,אשפתון שקיות אשפה ענ,,50.00,,false,,19.90,0.3980,true,1,181596
7290000197678,false,האגיס פרידום דריי שלב 6 34 יחידות,קימברלי קלארק ישראל,IL,האגיס פרידום דריי של,יחידה,0.00,יחידה,false,,48.90,0.0000,true,1,181597
7290000197753,false,ניילון נצמד אנטי בטקריאלי ניקול 30X2מ',קריות זול,CN,ניילונית זוג ניקול,,60.00,,false,,12.90,0.2150,true,1,181599
7290000199313,false,תחבושות עם כנפיים נורמל פלוס קוטקס 30 יחידות,קוטקס,IL,קוטקס תחבושות נורמל,,28.00,,false,,19.90,0.7107,true,1,181604
7290000204215,false,כריות יפניות ניקול 6 יחידות,פלסטו פוליש (ברקן),IL,כריות יפניות ניקול 6,,4.00,,false,,13.90,3.4750,true,1,181638
7290000204253,false,מטליות רב שימושיות לניקיון ניקול 9 יחידות,נועם אורים-קיבוץ אור,IL,מטלית רב שימושית ניק,,9.00,,false,,13.90,1.5444,true,1,181640
7290000204512,false,מטליות לחות לרצפה בניחוח לימון 10 יח' ניקול,עלבד משואות יצחק בעמ,IL,מטליות לחות לרצפה בר,יחידה,0.00,יחידה,false,,13.90,0.0000,true,1,220628
7290000204611,false,ספוגית הקסם ניקול 6 יחידות,קריות זול,US,ספוגית הקסם ניקול 6י,,6.00,,false,,13.90,2.3167,true,1,181642
7290000207063,false,רסק עגבניות פריכוז 28% 240 גרם יכין,היינץ צפון אמריקה מק,IL,רסק עגבניות פריכוז 2,,260.00,100 גרם,false,,5.90,0.0227,true,1,174256
7290000207162,false,רוטב עגבניות מרכיב טבעי 100 ג' יכין,"זנלכל בע""מ",IL,רוטב עגבניות 22% 100,,100.00,,false,,2.50,0.0250,true,1,174260
7290000208022,false,עגבניות 2.5 A מרוסקות 850 גרם יכין,"זנלכל בע""מ",IL,עגבניות מרוסקות 800ג,,800.00,,false,,10.90,0.0136,true,1,174264
7290000208138,false,סירופ דיאט בטעם ענבים יכין 1 ליטר,"זנלכל בע""מ",IL,סירופ דייאט ענבים יכ,,1000.00,,false,,16.90,0.0169,true,1,174271
7290000208343,false,עגבניות מרוסקות שום יכין A2.5 בית יוסף,היינץ צפון אמריקה מק,IL,עגבניות מרוסקות עם ש,,800.00,,false,,10.90,0.0136,true,1,174286
7290000208404,false,A2 פול מצרי 550 גרם יכין,"זנלכל בע""מ",IL,פול מצרי יכין 550גר,,550.00,100 גרם,false,,9.90,0.0180,true,1,174289
7290000208428,false,גרגרי חומוס שלם 550 גרם יכין,"זנלכל בע""מ",IL,חומוס שלם יכין 550גר,,550.00,100 גרם,false,,9.90,0.0180,true,1,174290
7290000208930,false,עגבניות מרוסקות בתוספת שום 240 גרם יכין,"זנלכל בע""מ",IL,עגבניות מרוסקות ושום,,240.00,100 גרם,false,,6.90,0.0288,true,1,174310
7290000209012,false,חומץ 1ליטר יכין הדרים,"זנלכל בע""מ",IL,חומץ הדרים יכין 1 לי,,1000.00,,false,,6.90,0.0069,true,1,174314
7290000209043,false,מיץ לימון לתיבול יכין 1 ליטר,היינץ צפון אמריקה מק,IL,מיץ לימון משומר 1ל,,1000.00,100 גרם,false,,6.90,0.0069,true,1,174315
7290000209371,false,תירס מתוק יכין 200 גרם מארז 3 יח',היינץ צפון אמריקה מק,IL,תירס יכין שלישייה 3*,,495.00,100 גרם,false,,15.90,0.0321,true,1,174329
7290000209388,false,תירס מתוק לייט יכין 200 גרם מארז 3 יח',קסקמט,IL,תירס ליייט שלישייה 3,,495.00,,false,,15.90,0.0321,true,1,174330
7290000209517,false,סירופ דיאט בטעם לימון יכין 1 ליטר,היינץ צפון אמריקה מק,IL,סירופ דייאט לימון יכ,,1000.00,100 גרם,false,,16.90,0.0169,true,1,174334
7290000209524,false,סירופ דיאט בטעם פטל יכין 1 ליטר,זנלכל,IL,סירופ דיאט פטל יכין,,1000.00,100 גרם,false,,16.90,0.0169,true,1,174335
7290000209555,false,סירופ דיאט בטעם תפוחים יכין 1 ליטר,זנלכל,IL,"סירופ דייאט תפוח""ע י",,1000.00,100 גרם,false,,16.90,0.0169,true,1,174337
7290000209579,false,סירופ דיאט בטעם אננס יכין 1 ליטר,"זנלכל בע""מ",IL,סירופ דייאט אננס יכי,,1000.00,,false,,16.90,0.0169,true,1,174339
7290000209708,false,עגבניות מרוסקות עם בזיליקום יכין 240 גרם,היינץ צפון אמריקה מק,IL,עגבניות מרוסקות בזיל,,240.00,100 גרם,false,,6.90,0.0288,true,1,174341
7290000209722,false,רסק עגבניות 28% פריכוז 580 גרם יכין,"זנלכל בע""מ",IL,רסק עגבניות פריכוז 2,,580.00,100 גרם,false,,10.90,0.0188,true,1,174343
7290000209913,false,עגבניות חתוכות לקוביות 240 גרם יכין,"זנלכל בע""מ",IL,עגבניות קוביות יכין,,240.00,100 גרם,false,,6.90,0.0288,true,1,174345
7290000209944,false,רוטב לעגבניות בסיס לשקשוקה 240 ג' יכין,"זנלכל בע""מ",IL,רוטב שקשוקה יכין 240,,240.00,100 גרם,false,,6.90,0.0288,true,1,174346
7290000209951,false,רוטב עגבניות לפיצה 260 גרם יכין,"זנלכל בע""מ",IL,רוטב פיצה יכין 240 ג,,240.00,100 גרם,false,,6.90,0.0288,true,1,174347
7290000211312,false,סוגת אורז מלא פרסי אחד אחד 1 קג,האי נאם סי או אל.טי.,IL,אורז מלא פרסי סוגת 1,,1000.00,,false,,10.90,0.0109,true,1,192400
7290000211381,false,"סוכר חום כהה בשקית סוגת 1 ק""ג","טונגט היולט שוגר בע""",ZA,סוכר חום כהה בשקית ס,,1000.00,,false,,10.90,0.0109,true,1,192402
7290000211442,false,"סוגת אורז פרסי קלאסי שקית 1 ק""ג",האי נאם סי או אל.טי.,IL,אורז פרסי קלאסי שקית,,1000.00,100 גרם,false,,11.90,0.0119,true,1,192404
7290000211503,false,סוכר לבן ארוז בשקית,"סוגת תעשיות בע""מ",IL,"סוכר סוגת 1 ק""ג",,1000.00,100 גרם,false,,5.50,0.0055,true,1,192405
7290000211985,false,"סוגת אורז עגול ריזוטו 1 ק""ג","סוגת תעשיות בע""מ",IL,אורז עגול סוגת 1קג,,1000.00,,false,,10.90,0.0109,true,1,192409
7290000212173,false,וופל טעם שוקולד מנעמים 500 ג',קריות זול,,וופל טעם שוקולד מנעמ,,200.00,,false,,10.90,0.0545,true,1,190690
7290000212401,false,וופל מצופית מנעמים 400ג',קריות זול,,וופל מצופית מנעמים 4,,400.00,,false,,10.90,0.0273,true,1,190692
7290000212579,false,וופלים מצופים טעם שוקו 40 יחידות,מנעמים,,וופל מצופה מנעמים 40,,800.00,100 גרם,false,,19.90,0.0249,true,1,190693
7290000218502,false,שעועית לחמין א/2 פרי,"פרי הגליל בע""""מ",IL,חמין ויטה 568 גרם,,568.00,,false,,9.90,0.0174,true,1,201161
7290000238029,false,"בצק עלים צרפתי מרודד מעדנות 1 ק""ג",מיוצר עי קונדיטוריית,IL,בצק עלים מרודד מעדנו,,1000.00,100 גרם,false,,24.90,0.0249,true,1,188340
7290000238036,false,מלווח עגול מעדנות 700 ג',מיוצר עי קונדיטוריית,IL,מלווח מעדנות קופסא 7,,700.00,100 גרם,false,,18.90,0.0270,true,1,188341
7290000238173,false,בורקס גבינה מעדנות 800 גרם,מיוצר עי קונדיטוריית,IL,בורקס גבינה מעדנות 8,,800.00,,false,,25.90,0.0324,true,1,188342
7290000238180,false,בורקס תפוחי אדמה מעדנות 800 גרם,מיוצר עי קונדיטוריית,IL,"בורקס תפו""א מעדנות 8",,800.00,100 גרם,false,,22.90,0.0286,true,1,188343
7290000244143,false,"הוואי - קרם לאחר גילוח 120 מ""ל",טרופיקל דגיל קוסמטיק,IL,הוואי קרם לאחר גילוח,,120.00,,false,,25.90,0.2158,true,1,190430
7290000245157,false,סוד סופט מרכך כביסה סנסיישן 4 ליטר,"הנקל סוד בע""מ",IL,סוד מרכך כביסה סנסיי,ליטרים,4.00,ליטר,false,,19.90,4.9750,true,1,210880
7290000245270,false,"פרסיל אבקה לכביסה רגיל שקית 1.25 ק""ג","הנקל סוד בע""מ",IL,פרסיל סופרא שקית אבק,קילוגרמים,1.25,"ק""ג",false,,15.90,12.7200,true,1,210883
7290000245478,false,"סוד - אבקת כביסה לבגדי תינוקות 1.25 ק""ג","הנקל סוד בע""מ",IL,סוד בייבי אבקת כביסה,קילוגרמים,1.25,"ק""ג",false,,14.90,11.9200,true,1,210890
7290000245508,false,"אב.כביסה סוד פרפקט 1.25ק""ג-שקית כחולה","הנקל סוד בע""מ",IL,סוד פרפקט אבקת כביסה,קילוגרמים,1.25,"ק""ג",false,,13.90,11.1200,true,1,210892
7290000245515,false,"א.כ סוד קומפקט ביואקטיב פרפריום 1.25 ק""ג","הנקל סוד בע""מ",IL,סוד קומפורט פרפיום א,קילוגרמים,1.25,"ק""ג",false,,13.90,11.1200,true,1,210893
7290000245539,false,"קומפקט סוד 1.250 ק""ג קולור לכביסה צבעונית","הנקל סוד בע""מ",IL,סוד קומפקט קולור אבק,קילוגרמים,1.25,"ק""ג",false,,13.90,11.1200,true,1,210894
7290000245782,false,סוד סופט מרכך כביסה ורוד 4 ליטר,"הנקל סוד בע""מ",IL,סוד מרכך כביסה ורדי,ליטרים,4.00,ליטר,false,,19.90,4.9750,true,1,210902
7290000245799,false,סוד סופט מרכך כביסה כחול 4 ליטר,"הנקל סוד בע""מ",IL,סוד מרכך כביסה פעמונ,ליטרים,4.00,ליטר,false,,19.90,4.9750,true,1,210903
7290000253220,false,שוקולד צ'יפס חום אופנהיימר 260 גר',אופנהיימר,IL,שוקולד ציפס 300גר,,300.00,100 גרם,false,,14.90,0.0497,true,1,191133
7290000253251,false,שוקולד צ'יפס לבן אופנהיימר 250 גרם,אופנהיימר,IL,שוקולד ציפס לבן 250,,250.00,100 גרם,false,,14.90,0.0596,true,1,214522
7290000253558,false,חלת מרציפן אופנהיימר,אופנהיימר,IL,מרציפן חלה 50 גרם,,50.00,,false,,5.90,0.1180,true,1,239407
7290000262031,false,נייר טואלט מולט לב 32 גלילים,חוגלה קימברלי,IL,מולט לב נייר טואלט 3,,1850.00,,false,,31.90,0.0172,true,1,181646
7290000267012,false,שקדים מולבנים שלמים,"דין שיווק וקלייה בע""",IL,שקדים מולבנים השף 10,,100.00,,false,,11.90,0.1190,true,1,200759
7290000267043,false,שקדים מולבנים פרוסים,"דין שיווק וקלייה בע""",IL,שקד פרוס השף 100גר,,100.00,,false,,11.90,0.1190,true,1,200762
7290000267050,false,שקד מולבן טחון 100 גרם,"דין שיווק וקלייה בע""",IL,שקד טחון השף 100 גר,,100.00,100 גרם,false,,11.90,0.1190,true,1,200763
7290000267555,false,בוטנים טבעיים גרוסים,"דין שיווק וקלייה בע""",,בוטנים טבעיים גרוסים,,100.00,100 גרם,false,,7.90,0.0790,true,1,200769
7290000272696,false,עסיס מיץ לימון טבעי משומר 1 ל' אסם,בית-השיטה עסיס תעשיו,IL,מיץ לימון טבעי משומר,,1000.00,,false,,13.90,0.0139,true,1,176736
7290000272726,false,חומץ רכיבים רכיבים טבעיים 5% עסיס 1 ליטר,בית השיטה עסיס תעשיו,IL,חומץ טבעי 5% עסיס 1,,1000.00,,false,,8.90,0.0089,true,1,176738
7290000286228,false,"שישיית כריות יפניות ""סנו סושי""",סנו מפעלי ברונו בעמ,IL,סנו סושי ספוגיות לני,יחידה,0.00,יחידה,false,,12.90,0.0000,true,1,180048
7290000286297,false,"אנטי קאלק מסיר אבנית מקומקום סנו 700 מ""ל",סנו מפעלי ברונוס בעמ,IL,אנטי קאלק מסיר אבן מ,,700.00,100 גרם,false,,11.90,0.0170,true,1,180049
7290000286549,false,מטליות לניקוי כללי סנו סושי 9 יחידות,נועם אורים תעשיות בע,IL,מטליות לכל סנו סושי,,9.00,,false,,12.90,1.4333,true,1,180055
7290000286594,false,אבקה לניקוי ריח לימון סנו 600 גרם,סנו מפעלי ברונוס בעמ,IL,סנו X אבקה לניקוי לי,,600.00,100 גרם,false,,11.90,0.0198,true,1,180057
7290000286921,false,"מסיר כתמים רסס כבס ""סנוקל""",סנו מפעלי ברונוס בעמ,IL,סנוקל רסס כבס להסרת,,750.00,,false,,18.90,0.0252,true,1,180065
7290000286945,false,"נוזל+אקדח לניקוי רהיט ""סנו""","סנו מפעלי ברונוס בע""",IL,סנו רהיט מרסס 500מל,,500.00,100 גרם,false,,28.90,0.0578,true,1,180066
7290000287355,false,פוליש נוזל מבריק רצפות סנו 1 ליטר,קריות זול,IL,סנו סופר פוליש 1ליטר,ליטרים,1.00,ליטר,false,,26.90,26.9000,true,1,180075
7290000287430,false,סנובון צבעוני לאסלה בריח לימון שלישייה,סנו מפעלי ברונו בעמ,IL,סנובון שלישיה צבעוני,,165.00,,false,,13.90,0.0842,true,1,180079
7290000287485,false,"שלישיית סנובון לובר לאסלה ""סנו""",סנו מפעלי ברונו בעמ,IL,סנובון שלישיה לובר,,165.00,,false,,13.90,0.0842,true,1,180080
7290000287621,false,"אנטי קאלק נוזל לניקוי אסלות סנו 750 מ""ל",מיוצר עי קונדיטוריית,IL,אנטי קאלק W.C מנקה א,,750.00,,false,,11.90,0.0159,true,1,180084
7290000288017,false,אקונומיקה בריח לימון סנו ז'אוול 1 ליטר,"סנו מפעלי ברונוס בע""",IL,אקונומיקה סנו ז'אוול,,1000.00,100 גרם,false,,9.90,0.0099,true,1,180092
7290000288024,false,סנו - ז'אוול אקונומיקה בריח לימון 4 ליטר,"סנו מפעלי ברונוס בע""",IL,אקונומיקה סנו ז'אוול,ליטרים,4.00,ליטר,false,,17.90,4.4750,true,1,180093
7290000288048,false,סנו זאוול מרסס מונבלאן 1 ליטר,"סנו מפעלי ברונוס בע""",IL,סנו ז'אוול מרסס מונט,,1000.00,,false,,21.90,0.0219,true,1,180095
7290000288079,false,סנו - ז'אוול אקונומיקה לימון 2 ליטר,"סנו מפעלי ברונוס בע""",IL,אקונומיקה סנו ז'אוול,ליטרים,2.00,ליטר,false,,13.90,6.9500,true,1,180098
7290000288253,false,"סנו K-400 חרקים וזבובים 630מ""ל",מיוצר עי קונדיטוריית,IL,מדביר 400-K,יחידה,630.00,יחידה,false,,24.90,0.0395,true,1,180101
7290000288352,false,"סנו K-300 חרקים ונמלים 630מ""ל","סנו מפעלי ברונוס בע""",IL,מדביר K - 300,,630.00,,false,,24.90,0.0395,true,1,180105
7290000288383,false,"סנו K-500 נמלים ותיקנים 630מ""ל",מיוצר עי קונדיטוריית,IL,נמלים K - 500,יחידה,0.00,יחידה,false,,24.90,0.0000,true,1,180106
7290000288642,false,מקסימה מרכך כביסה סנסיטיב בייבי סנו 4 ליטר,"סנו מפעלי ברונוס בע""",IL,סנו מקסימה מרכך כביס,ליטרים,4.00,ליטר,false,,23.90,5.9750,true,1,180113
7290000289069,false,סנו - ז'אוול מרסס קצף ניקוי בתוספת אקונומיקה בריח לימון 1 ליטר,"סנו מפעלי ברונוס בע""",IL,סנו ז'אוול מרסס לימו,,1000.00,,false,,21.90,0.0219,true,1,180119
7290000289496,false,"סנו - ז'אוול ג'ל קרם לניקוי כללי לימון 750 מ""ל","סנו מפעלי ברונוס בע""",IL,סנו ז'אוול ג'ל קרם מ,,750.00,,false,,14.90,0.0199,true,1,180128
7290000289748,false,"מסיר שומנים לתנורים פורטה פלוס סנו 750 מ""ל","סנו מפעלי ברונוס בע""",IL,סנו פורטה פלוס לתנור,,750.00,100 גרם,false,,16.90,0.0225,true,1,180134
7290000291932,false,"סנובון נוזל לניקוי אסלה בניחוח לבנדר סנו 750 מ""ל","סנו מפעלי ברונוס בע""",IL,סנובון נוזלי תפוח וק,,750.00,,false,,11.90,0.0159,true,1,180146
7290000292311,false,פוליויקס נוזל רצפות בניחוח סחלבים סנו 2 ליטר,"סנו מפעלי ברונוס בע""",IL,פוליויקס סחלבים 2ליט,ליטרים,2.00,ליטר,false,,24.90,12.4500,true,1,180152
7290000292564,false,"סנו 2000-K דוחה חרקים ללא ריח 750 מ""ל",מיוצר עי קונדיטוריית,IL,K 2000 סנו ללא ריח,יחידה,750.00,יחידה,false,,32.90,0.0439,true,1,180158
7290000292687,false,סנובון מוצק לניקוי אסלה קלאסיק כחול סנו 3 יחידות,מיוצר עי קונדיטוריית,IL,סנובון לאסלה כחול של,,165.00,100 גרם,false,,17.90,0.1085,true,1,180161
7290000292915,false,"תרסיס לניקוי כללי רסס ונגב סנו 750 מ""ל","סנו מפעלי ברונוס בע""",IL,סנו רסס ונגב מרסס 75,,750.00,100 גרם,false,,16.90,0.0225,true,1,180163
7290000293073,false,מקסימה מרכך כביסה ביו לבן סנו 4 ליטר,"סנו מפעלי ברונוס בע""",IL,סנו מקסימה מרכך כביס,ליטרים,4.00,ליטר,false,,23.90,5.9750,true,1,180167
7290000293561,false,"תרסיס להסרת כתמי עובש עם אקונומיקה סנו 750 מ""ל","סנו מפעלי ברונוס בע""",IL,סנו מסיר עובש 750מל,,750.00,,false,,17.90,0.0239,true,1,180171
7290000293882,false,ספוג כיף רצועת מסאז,קריות זול,,ספוג כיף רצועת מסאז,יחידה,0.00,יחידה,false,,19.90,0.0000,true,1,180173
7290000293943,false,"מרסס לבן מסיר אבנית 1 ליטר אנטי קאלק ""סנו""",מיוצר עי קונדיטוריית,IL,אנטי קאלק מרסס 1ליטר,,1000.00,,false,,21.90,0.0219,true,1,180174
7290000294773,false,אקונומיקה בריח לבנדר סנו ז'אוול 4 ליטר,"סנו מפעלי ברונוס בע""",IL,אקונומיקה סנו ז'אוול,ליטרים,4.00,ליטר,false,,17.90,4.4750,true,1,180182
7290000294780,false,אקונומיקה סמיכה בריח לימון סנו ז'אוול 4 ליטר,"סנו מפעלי ברונוס בע""",IL,אקונומיקה סנו ז'אוול,ליטרים,4.00,ליטר,false,,17.90,4.4750,true,1,180183
7290000295121,false,מטליות זיגזג סנו סושי לניקוי רצפות 3יח',קריות זול,IL,מטלית זיגזג 3יח,,3.00,,false,,12.90,4.3000,true,1,180185
7290000295367,false,"מקסימה אבקת כביסה אפקט ז'אוול סנו 2.5 ק""ג",סנו מקסימה,IL,"אבקת מקסימה 2.5 ק""ג",קילוגרמים,2.50,"ק""ג",false,,29.90,11.9600,true,1,180191
7290000295404,false,סנו סושי שקיות אשפה כחולות 54*65 - 60 יחידות,מיוצר עי קונדיטוריית,IL,שקיות אשפה 60 יח סנו,,60.00,,false,,25.90,0.4317,true,1,180192
7290000295558,false,"רדיד אלומיניום רוחב 30 ס""מ סנו סושי 2 יח' 7.5 מטר",מולינו ניקולי s.p.a,TR,סנו סושי צמד רדידי א,,0.30,,false,,12.90,43.0000,true,1,180197
7290000295749,false,ספוג כייף סאקי מסאז 1יח',גוד פוד פרודקטס S.p,IL,ספוג סאקי סנו,יחידה,0.00,יחידה,false,,13.90,0.0000,true,1,180202
7290000300900,false,שניצל תירס מרכיבים טבעיים טבעול 750 גרם,עיצובים 2020 (4.8),IL,שניצל תירס טבעול 750,,750.00,100 גרם,false,,29.90,0.0399,true,1,176752
7290000303598,false,שעועית לבנה ברוטב עגבניות פרי הגליל 570 גרם,"פרי הגליל בע""""מ",IL,שעועית אפוייה 550גר,,550.00,,false,,8.90,0.0162,true,1,201190
7290000307015,false,אפונת גינה בינונית פרי הגליל 550 גרם,"פרי הגליל בע""""מ",IL,אפונת גינה גדולה 550,,550.00,,false,,8.90,0.0162,true,1,201192
7290000307046,false,אפונת גינה וגזר פרי הגליל 550 גרם,"פרי הגליל בע""""מ",IL,אפונה וגזר 550גר,,550.00,,false,,8.90,0.0162,true,1,201193
7290000307220,false,גרעיני תירס מתוק בואקום פרי הגליל 285 גרם,"פרי הגליל בע""""מ",IL,תירס מתוק ואקום 340ג,,340.00,,false,,7.90,0.0232,true,1,201194
7290000307237,false,גרעיני תירס מתוק פרי הגליל 550 גרם,"פרי הגליל בע""""מ",IL,תירס גרעינים 550 גר,,550.00,,false,,8.90,0.0162,true,1,201195
7290000307343,false,שעועית ירוקה חתוכה A2 פרי גליל 550ג',"פרי הגליל בע""""מ",IL,שעועית ירוקה חתוכה 5,,550.00,,false,,8.90,0.0162,true,1,201200
7290000311128,false,מן עוגיות בטעם חמאה 300 גרם*נ.ל.פ,תות ממתקי איכות,IL,עוגיות בטעם חמאה 300,,300.00,,false,,8.90,0.0297,true,1,201682
7290000311203,false,"וופלים בטעם שוקולד ""מן"" 200 גרם",תות ממתקי איכות,IL,וופל מן שוקו 200גר,,200.00,,false,,5.90,0.0295,true,1,216004
7290000311210,false,"וופלים בטעם לימון ""מן"" 200 גרם","רוקחמן בע""מ",IL,וופל מן לימון 200גר,,200.00,,false,,5.90,0.0295,true,1,216005
7290000311227,false,"וופלים במילוי קרם קפה ""מן"" 200 גרם","רוקחמן בע""מ",IL,וופל מן קפה 200גר,,200.00,100 גרם,false,,5.90,0.0295,true,1,216006
7290000311319,false,"מן וופלים מצופים 10 יח' 1 ק""ג",מן עוגיות,,וופל מן מצופה 1קג,,1000.00,100 גרם,false,,29.90,0.0299,true,1,216010
7290000311357,false,מן וופלים בטעם אגוזים 10*28 גר-נ.ל.פ,"רוקחמן בע""מ",IL,וופל מן בטעם אגוזים,,280.00,100 גרם,false,,13.90,0.0496,true,1,216011
7290000311364,false,מן וופלים שוקולד טייק 1 מן 10*21 גרם,מן עוגיות,,וופל מן בטעם שוקולד,,200.00,100 גרם,false,,8.90,0.0445,true,1,240394
7290000311425,false,מאגדת מן וופל מצופה כחול -עשירה 24*10,תות ממתקי איכות,IL,וופל מן מצופים עשירי,,220.00,,false,,8.90,0.0405,true,1,216012
7290000311463,false,מן עוגיות חיטה מלאה חמאה ללא סוכר 200 גרם,"רוקחמן בע""מ",IL,עוגיות חיטה ללא סוכ,יחידה,0.00,יחידה,false,,11.90,0.0000,true,1,251734
7290000311500,false,מן וופלים בטעם שוקולד 500 ג-נ.ל.פ,"רוקחמן בע""מ",IL,וופל מן שוקו 500גר,,500.00,100 גרם,false,,10.90,0.0218,true,1,216013
7290000311517,false,מן וופלים בטעם לימון 500 גרם,מן עוגיות,IL,וופל מן לימון 500גר,,500.00,,false,,10.90,0.0218,true,1,197558
7290000311708,false,מן עוגיות מחיטה מלאה 300 גרם*נ.ל.פ,תות ממתקי איכות,IL,עוגיות חיטה מלאה 300,,300.00,100 גרם,false,,8.90,0.0297,true,1,201683
7290000311715,false,מן עוגיות כוכבים בטעם שוקולד 300 גרם*נ.ל.פ,תות ממתקי איכות,IL,עוגיות בטעם שוקולד 3,,300.00,100 גרם,false,,8.90,0.0297,true,1,201684
7290000311722,false,"עוגיות בטעם וניל עם כוכבים ""מן"" 300 גרם",תות ממתקי איכות,IL,עוגיות כוכבים בטעם ו,,300.00,100 גרם,false,,8.90,0.0297,true,1,216015
7290000311845,false,מן עוגיות חיטה מלאה ללא תוספת סוכר 200 ג,"רוקחמן בע""מ",IL,עוגיות קמח מלא ללא ס,,200.00,100 גרם,false,,11.90,0.0595,true,1,206740
7290000311869,false,מן-וופלים בטעם שוק ללא תוספת סוכר 180ג,תות ממתקי איכות,IL,וופל מן בטעם שוקולד,,180.00,100 גרם,false,,8.90,0.0494,true,1,206741
7290000311876,false,מן-וופלים בטעם וניל ללא תוספת סוכר 180ג,"רוקחמן בע""מ",IL,וופל מן בטעם וניל לל,,180.00,100 גרם,false,,8.90,0.0494,true,1,216016
7290000311883,false,מן עוגיות גרנולה ללא תוספת סוכר 200 גר,תות ממתקי איכות,IL,עוגיות גרנולה ללא סו,,200.00,,false,,11.90,0.0595,true,1,214523
7290000313160,false,זהבה ושלושת הדובים עוגיות בטעם שוקולד אסם 350 גרם,היינץ צפון אמריקה מק,IL,חברים זהבה ושלושת הד,,250.00,100 גרם,false,,8.90,0.0356,true,1,176762
7290000313184,false,עוגיות חברים גן חיות וניל אסם 250 גר',הגביע מוצרי וופלים ב,IL,חברים ביסקויט גן חיו,,250.00,100 גרם,false,,8.90,0.0356,true,1,176763
7290000313290,false,אסם נודלס נודלס איטריות מסולסלות 200גר,תאי פרזידנט פוד בנגק,TH,נודלס איטריות מסולסל,,200.00,,false,,10.90,0.0545,true,1,176765
7290000315126,false,קנור ציר עוף משחתי 300 ג,יוניליוור ישראל מזון,IL,ציר עוף קנור 300 גר,,300.00,100 גרם,false,,27.90,0.0930,true,1,182537
7290000315133,false,קנור ציר בקר משחתי 300ג,יוניליוור ישראל מזון,IL,ציר בקר קנור 300גר,,300.00,,false,,27.90,0.0930,true,1,182538
7290000318127,false,"נקניקיות ביס 380 גרם ""יחיעם""",מעדני יחיעם 1993,IL,נקניקיות ביס יחיעם 3,,380.00,100 גרם,false,,14.90,0.0392,true,1,172164
7290000318479,false,נקניק פרושוטו בקר יחיעם 100 גרם,תאי פרזידנט פוד פאבל,IL,פרושטו בקר יחיעם 100,,100.00,,false,,29.90,0.2990,true,1,172174
7290000318677,false,נקניק סלמי סרוולט יחיעם 150 גרם,מעדני יחיעם 1993,IL,סלמי סרוולט יחיעם 15,,150.00,,false,,29.90,0.1993,true,1,172181
7290000318943,false,פסטרמה של פעם מעושן 1.5% יחיעם 200 גרם,תאי פרזידנט פוד פאבל,IL,פסטרמה של פעם יחיעם,,200.00,,false,,29.90,0.1495,true,1,172192
7290000319124,false,סרוולד מאפ 250 ג' יחיעם,מעדני יחיעם 1993,IL,סלמי סרוולט 250 גרם,,250.00,100 גרם,false,,42.90,0.1716,true,1,172197
7290000319131,false,נקניקיות עוף יחיעם 400 גרם,מעדני יחיעם 1993,IL,נקניקיות עוף יחיעם 4,,400.00,100 גרם,false,,14.90,0.0373,true,1,172198
7290000319520,false,נקניק סלמי צרפתי יחיעם 100 גרם,מעדני יחיעם 1993,IL,סלמי צרפתי יחיעם 100,,100.00,100 גרם,false,,21.90,0.2190,true,1,172211
7290000319834,false,קבנוס פפרוני קלאסי 125 גרם,תאי פרזידנט פוד פאבל,IL,קבנוס פפרוני קלאסי י,,125.00,,false,,15.90,0.1272,true,1,172225
7290000334325,false,ציפס למיקרו מארז שלישיה 125 ג' תפוגן,"תעשיות תפוגן בע""מ",IL,ציפס תפוגן למיקרו מא,,375.00,,false,,15.90,0.0424,true,1,176774
7290000334684,false,תפוגן טבעות בצל 700 גרם,"תעשיות תפוגן בע""מ",IL,טבעות בצל תפוגן 700ג,,700.00,,false,,19.90,0.0284,true,1,176780
7290000334745,false,"אמריקאן צ'יפס תפוגן 1.5 ק""ג","תעשיות תפוגן בע""מ",IL,"ציפס אמריקאן 1.5ק""ג",,1500.00,,false,,27.90,0.0186,true,1,176783
7290000336053,false,תרכיז סיידר הגליל מיץ תפוחים מרוכז 330 מל,"טמפו משקאות בע""מ",IL,תרכיז סיידר 330מל טמ,,330.00,,false,,17.90,0.0542,true,1,173034
7290000339566,false,בדין מרכך כביסה ורוד 4 ליטר,יוניליור ישראל טיפוח,IL,בדין ורוד מרכך כביסה,ליטרים,4.00,ליטר,false,,22.90,5.7250,true,1,182584
7290000342832,false,בדין מרכך כביסה 4 ליטר צהוב,אתר ליוור - HPC,IL,בדין צהוב מרכך כביסה,ליטרים,4.00,ליטר,false,,22.90,5.7250,true,1,182592
7290000345284,false,תה ויסוצקי קלאסי אריזה ירוקה מרובעת (100 שקיקים),מולינו ניקולי s.p.a,IL,תה ויסוצקי קלאסיק יר,,150.00,100 גרם,false,,19.90,0.1327,true,1,190709
7290000345291,false,תה ארל גריי ויסוצקי 25 יחידות,תה ויסוצקי,IL,תה ארל גריי ויסוצקי,,25.00,,false,,17.90,0.7160,true,1,190710
7290000345307,false,תה ארל גריי ויסוצקי 50 יחידות,מולינו ניקולי s.p.a,IL,תה ארל גריי ויסוצקי,,75.00,100 גרם,false,,31.90,0.4253,true,1,190711
7290000346137,false,הגן הקסום תה הילולי פירות ויסוצקי 25 יחידות,תה ויסוצקי,IL,תה הילולי פירות 25יח,,62.50,,false,,19.90,0.3184,true,1,190721
7290000346205,false,הגן הקסום תה קמומיל ויסוצקי 25 יחידות,תה ויסוצקי,IL,תה קמומיל גן הקסום 2,,37.50,100 גרם,false,,19.90,0.5307,true,1,190726
7290000347738,false,תה ירוק נענע ויסוצקי 25 יחידות,תה ויסוצקי,IL,תה ירוק נענע 25יח,,37.50,,false,,27.90,0.7440,true,1,190738
7290000347752,false,תה ירוק לימונית ולואיזה 25 שקיקים *1.5 ג'' ויסוצקי,תה ויסוצקי,IL,תה ירוק לימונית ולוא,,37.50,100 גרם,false,,27.90,0.7440,true,1,190740
7290000355382,false,עגבניות מרוסקות עם בזיל טל 800 גרם,"מילוז(1989)בע""""מ",IL,עגבניות מרוסקות עם ב,,800.00,,false,,9.90,0.0124,true,1,201205
7290000355412,false,עגבניות מרוסקות A2.5 ושום טל וטרי 800 גר',"מילוז(1989)בע""""מ",IL,עגבניות מרוסקות שום,,800.00,,false,,9.90,0.0124,true,1,201208
7290000355757,false,עגבניות מרוסקות טל וטרי 800 גרם,"מילוז(1989)בע""""מ",IL,עגבניות מרוסקות 800ג,,800.00,100 גרם,false,,9.90,0.0124,true,1,201213
7290000363202,false,נקניק גליל 700 גרם טירת צבי,הנסיך- מפעל לייצור ט,IL,סלמי גליל מעושן טירת,,600.00,,false,,36.90,0.0615,true,1,188352
7290000364261,false,"דקניקים, סלסולי פסטרמה כתף בקר מעושנת 120 גרם",הנסיך- מפעל לייצור ט,IL,סלסולי פסטרמה כתף בק,,120.00,,false,,17.90,0.1492,true,1,188354
7290000364278,false,דקניקים סילסולי סלמי איטלקי 120 ג' טירת צבי,הנסיך- מפעל לייצור ט,IL,סלסולי סלמי איטלקי מ,,120.00,,false,,17.90,0.1492,true,1,188355
7290000364285,false,דקניקים סלסולי פסטרמה הודו טירת צבי 120 גרם,הנסיך- מפעל לייצור ט,IL,סלסולי פסטרמה הודו א,,120.00,,false,,17.90,0.1492,true,1,188356
7290000364292,false,דקניקים סלסולי פסטרמה הודו על גחלים 1% טירת צבי 120 גרם,הנסיך- מפעל לייצור ט,IL,סלסולי פסטרמה הודו ג,,120.00,100 גרם,false,,17.90,0.1492,true,1,188357
7290000364803,false,נקניקיות בקר אמריקאיות טירת צבי 500 גרם,הנסיך- מפעל לייצור ט,IL,נקניקיות בקר בסגנון,,500.00,,false,,34.90,0.0698,true,1,188358
7290000364858,false,"נקניקיות עוף טרי טירת צבי 1 ק""ג",הנסיך- מפעל לייצור ט,IL,נקניקיות עוף טירת צב,,1000.00,,false,,34.90,0.0349,true,1,188359
7290000364872,false,נקניקיות עוף טירת צבי 400 גרם,טיב טירת צבי 2000,IL,נקניקיות עוף טירת צב,,400.00,100 גרם,false,,15.90,0.0398,true,1,188360
7290000367590,false,פסטרמה כפרית וסלמי פריזר כפרי טירת צבי 2*400 גרם,טיב טירת צבי 2000,IL,פסטרמה צמד סלמי 400ג,,800.00,,false,,39.90,0.0499,true,1,188362
7290000379623,false,לחם אחיד אנג'ל 750 ג,מאפיית אנג'ל,,לחם אחיד שחור,,750.00,100 גרם,false,,5.10,0.0068,true,1,195104
7290000408316,false,יוגורט דנונה דל לקטוז 200 גרם,מיוצר עי קונדיטוריית,IL,דנונה טבעי 3% 200גר,,200.00,100 גרם,false,,3.80,0.0190,true,1,195626
7290000408354,false,יוגורט עם אורז מצופה שוקולד קקאו 175 ג' דנונה,"שטראוס בריאות בע""מ",IL,דנונה בר פיצפוצים 17,,173.00,100 גרם,false,,4.90,0.0283,true,1,195627
7290000412481,false,נוזל לניקוי אסלות 00 סנו 1 ליטר,מיוצר עי קונדיטוריית,IL,מנקה אסלות 00 סנו 1ל,,1000.00,100 גרם,false,,9.90,0.0099,true,1,180209
7290000416021,false,ממרח בטעם שוקולד השחר חלבי 500,השחר העולה,IL,ממרח השחר 500גר,,500.00,,false,,13.90,0.0278,true,1,181339
7290000416618,false,"ממרח שוקולד השחר פרווה בד""צ 400 גר'",השחר העולה תעשייות מ,IL,"ממרח השחר בד""צ 400גר",,400.00,,false,,13.90,0.0348,true,1,181345
7290000419107,false,לנדוור כחול המקורי טחון טורקי 100גרם,קפה לנדוור בע''מ,IL,לנדוור קפה שחור 100ג,,100.00,100 גרם,false,,8.90,0.0890,true,1,176791
7290000419220,false,לנדוור כחול המקורי קפה טחון טורקי 3*100 גרם 16 יח',קפה לנדוור,IL,לנדוור קפה כחול מארז,,300.00,,false,,19.90,0.0663,true,1,176793
7290000420325,false,"פופסטאר פופקורן למקירוגל בטעם טבעי 5 שקיות,500 גרם",קריות זול,US,פופסטאר בטעם טבעי 5י,,500.00,100 גרם,false,,14.90,0.0298,true,1,207375
7290000436616,false,דובשניות בשקית 180 גר',קריות זול,,דובשניות ברמן 180גר,,180.00,100 גרם,false,,6.90,0.0383,true,1,176808
7290000453125,false,שמרית שמרים טריים לאפיה +משפר אפיה 100ג,"פאקא תעשיות בע""מ",IL,שמרית + משפר אפיה 10,,100.00,,false,,8.90,0.0890,true,1,195634
7290000453408,false,"בצק פיצה דק, מצונן ומוכן לאפייה - שמרית","פאקא תעשיות בע""מ",FR,בצק פיצה דק שמרית מצ,,415.00,100 גרם,false,,18.90,0.0455,true,1,224841
7290000453415,false,בצק עלים מצונן ומוכן לאפייה - שמרית,"פאקא תעשיות בע""מ",FR,בצק עלים שמרית מצונן,,300.00,100 גרם,false,,17.90,0.0597,true,1,224842
7290000453422,false,בצק פילו מצונן ומוכן לאפייה שמרית,"פאקא תעשיות בע""מ",FR,בצק פילו שמרית מצונן,,300.00,100 גרם,false,,17.90,0.0597,true,1,224843
7290000453781,false,שמרים יבשים שמרית 125 גרם,"פאקא תעשיות בע""מ",PT,שמרים יבשים שמרית 12,,125.00,,false,,6.90,0.0552,true,1,237562
7290000453798,false,שמרית שמרים יבשים אקטיביים 500 גר',"גי' בי' רכיבים בע""מ",IL,שמרים יבשים אקטיביים,,500.00,,false,,16.90,0.0338,true,1,208496
7290000453866,false,נטורינה קוקוס לאפייה שמרית 200ג',גרונבאנג- גרונדנסק א,IL,שמרית תחליף מרגרינה,,200.00,100 גרם,false,,8.90,0.0445,true,1,224844
7290000453880,false,מרגרינה ללא מלח לאפיה ובישול שמרית 200גר,"פאקא תעשיות בע""מ",IL,מרגרינה ללא מלח לאפי,,200.00,,false,,6.90,0.0345,true,1,195636
7290000453897,false,מרגרינה בטעם חמאה שימרית 200 ג',גרונבאנג- גרונדנסק א,IL,מרגרינה בטעם חמאה 20,,200.00,100 גרם,false,,6.90,0.0345,true,1,195637
7290000462141,false,סחוג אדום תימני מקורי חריף מאוד זהבי 150 גרם,קריניסה ויטמין אס אי,IL,סחוג אדום חריף מאוד,,150.00,100 גרם,false,,11.90,0.0793,true,1,195640
7290000462172,false,סחוג ירוק חריף מאוד מ.ירוק 150 גרם,קריניסה ויטמין אס אי,IL,סחוג ירוק חריף מאוד,,150.00,,false,,11.90,0.0793,true,1,195642
7290000467153,false,מלך החומוס סמיר הגדול 400 גרם צבר,סלטי צבר,IL,חומוס סמיר הגדול צבר,,400.00,,false,,15.50,0.0388,true,1,176868
7290000467320,false,מלך החומוס אבו מרוואן 400 גרם,לחמנו,IL,חומוס אבו מרוואן צבר,,400.00,,false,,15.50,0.0388,true,1,176873
7290000467511,false,ביסלי חטיף ברביקיו אסם 55 ג',"אסם השקעות בע""מ",IL,ביסלי ברביקיו 55 ג',יחידה,0.00,יחידה,false,,4.20,0.0000,true,1,250610
7290000469638,false,ספריי מריטו לגיהוץ קל 500 מל,בולטון מניטובה,IT,מריטו ספריי גיהוץ 50,,500.00,100 גרם,false,,25.90,0.0518,true,1,185544
7290000474076,false,"חלב קרטון 3%-1 ליטר ""טרה""-מוצר בפיקוח",קריות זול,IL,חלב בקרטון טרה 3% 1ל,,1000.00,,false,,6.23,0.0062,true,1,184523
7290000474373,false,"שמנת חמוצה 15% שומן 200 מ""ל טרה",קריות זול,IL,שמנת חמוצה 15% 200מל,,200.00,100 גרם,false,,2.40,0.0120,true,1,184533
7290000474502,false,גבינה לבנה טרה 5% מרכיבים טבעיים,קריות זול,IL,גבינה לבנה 5% 250גר,,250.00,100 גרם,false,,4.98,0.0199,true,1,184537
7290000474540,false,טוב טעם גבינה לבנה 3% טרה 250 גרם,קריות זול,IL,גבינת 3% טוב טעם 250,,250.00,100 גרם,false,,12.90,0.0516,true,1,184539
7290000474830,false,נעם גבינה צהובה מגורדת 28% טרה 500 גרם,מילקו תעשיות בעמ,IL,גבינה צהובה 28% מגור,,500.00,,false,,35.90,0.0718,true,1,184542
7290000480107,false,קוואקר שיבולת שועל פחית 500 גרם,וולקרס סנקס לימיטד,GB,קוואקר מהיר אטוס פחי,,500.00,,false,,16.90,0.0338,true,1,184115
7290000480442,false,קוואקר שיבולת שועל בשקית 500 גרם,פריטו ליי FRITO-LAY,IL,קואקר שבולת שועל שקי,,500.00,100 גרם,false,,14.90,0.0298,true,1,184116
7290000481029,false,פיתות רגילות עשירייה,יוניליוור גרמניה Gm,IL,פיתות בטעם ביתי 10 י,,1000.00,,false,,11.90,0.0119,true,1,222658
7290000481043,false,עשריית פיתות כוסמין,דגנית עין בר,IL,פיתות כוסמין מארז 10,,700.00,,false,,15.90,0.0227,true,1,244916
7290000481074,false,לחם משלושה קמחים מלאים 750 גר,דגנית עין בר,IL,*מבצע* לחם טריו דגני,,750.00,,false,,14.90,0.0199,true,1,248896
7290000481487,false,חלה רגילה 500גר,,,חלה רגילה 500גר,,500.00,100 גרם,false,,5.40,0.0108,true,1,195088
7290000482019,false,שקיות לצליה קוקי 10 יחידות,"ש. שסטוביץ בע""מ",IL,קוקי שקיות רגיל 10יח,יחידה,0.00,יחידה,false,,11.90,0.0000,true,1,185545
7290000482033,false,שקיות לצליה בתנור ובמיקרוגל קוקי 5 יחידות,הנסיך- מפעל לייצור ט,IL,קוקי שקיות ענק בתנור,,5.00,,false,,11.90,2.3800,true,1,185547
7290000484747,false,עראק עלית 700 מל 40% כהל,יקב הגליל שווק בעמ,IL,הארק עלית 40% 700מל,,700.00,,false,,60.20,0.0860,true,1,216025
7290000493176,false,אסם אבקת רוטב צלי לבשר 22 ג',"אסם תעשיות בע""מ",IL,אבקת רוטב צלי אסם 22,,22.00,100 גרם,false,,5.60,0.2545,true,1,176891
7290000493183,false,אבקת רוטב פטריות לבשר-30 גרם,"אסם תעשיות בע""מ",IL,אבקת רוטב פטריות אסם,,30.00,100 גרם,false,,5.60,0.1867,true,1,176892
7290000497044,false,"לחם אקטיב 750 גרם ""ברמן""",מאפית י את א ברמן בע,IL,לחם אקטיב ברמן 750גר,,750.00,100 גרם,false,,17.90,0.0239,true,1,199848
7290000497112,false,"לחם כהה פרוס וארוז ""ברמן""-מוצר בפיקוח",מאפית י את א ברמן בע,IL,לחם אחיד פרוס ברמן,,750.00,,false,,7.10,0.0095,true,1,199852
7290000497136,false,חלה ארוזה פרוסה 500 גר',יוליניבר,IL,חלה פרוסה ארוזה,,500.00,100 גרם,false,,10.90,0.0218,true,1,199853
7290000497228,false,לחמניה רגילה בשקית ברמן 6יח',מאפית י את א ברמן בע,IL,לחמניות בשקית 6יח,,450.00,,false,,12.90,0.0287,true,1,199859
7290000497273,false,לחמניות ברמן אקטיב 6יח 450גר,מאפית י את א ברמן בע,IL,לחמניות אקטיב 6 יח',,450.00,,false,,13.90,0.0309,true,1,199860
7290000497303,false,"שישיית לחמניות מקמח מלא ""ברמן""",מאפית י את א ברמן בע,IL,לחמניה מקמח מלא 6יח,,540.00,,false,,12.90,0.0239,true,1,199861
7290000497358,false,חלה מתוקה ארוזה חלומית 500 גר',מאפית י את א ברמן בע,IL,חלומית חלה מתוקה ארו,,500.00,100 גרם,false,,15.90,0.0318,true,1,199863
7290000497426,false,לחם ברמן לענין פלוס 500 גרם,מאפית י את א ברמן בע,IL,לחם ברמן לענין פלוס,,500.00,100 גרם,false,,16.90,0.0338,true,1,199865
7290000497488,false,חלה פלוס ברמן 500 גרם,מאפית י את א ברמן בע,IL,חלה פלוס ברמן 500 גר,,500.00,,false,,16.90,0.0338,true,1,199869
7290000497532,false,"לחם מקמח מלא""לעניין"" 750 גר'",מאפית י את א ברמן בע,IL,לחם ברמן לעניין 750ג,,750.00,,false,,15.90,0.0212,true,1,199871
7290000497570,false,לחם דגנים פלוס ברמן 500 גרם,מאפית י את א ברמן בע,IL,לחם דגנים פלוס ברמן,,500.00,100 גרם,false,,17.90,0.0358,true,1,199873
7290000498003,false,לחם מקמח חיטה מלא 750 גר,מאפית י את א ברמן בע,IL,לחם מקמח מלא ברמן 75,,750.00,100 גרם,false,,17.90,0.0239,true,1,224859
7290000498034,false,לחם אי פרי קמח כוסמין מלא 750 גר',מאפית י את א ברמן בע,IL,לחם מקמח כוסמין מלא,,750.00,100 גרם,false,,17.90,0.0239,true,1,224861
7290000498256,false,עשיריית לחמניות ברמן,מאפית י את א ברמן בע,IL,מארז 10יח לחמניות בר,יחידה,0.00,יחידה,false,,14.90,0.0000,true,1,199909
7290000498423,false,חלה חלומית 500גר,,,חלה מתוקה ברמן,,500.00,,false,,8.90,0.0178,true,1,199913
7290000504025,false,ממתיק סוכרזית פטריה 300 טבליות,אף.סי תבליני בגליל ב,IL,סוכרזית פטריה 300 טב,,300.00,,false,,10.90,0.0363,true,1,208505
7290000504261,false,סוויט דיאט כמו סוכר ממתיק אבקתי 65ג',סוכרזית Sucrazit,IL,כמו סוכר סוויט דיאט,,65.00,,false,,15.90,0.2446,true,1,208509
7290000504278,false,סוכרזית - קלאסי פטנט 700 טבליות,אף.סי תבליני בגליל ב,IL,סוכרזית פטנט 700טבלי,,700.00,,false,,19.90,0.0284,true,1,208510
7290000518114,false,מתוק וקל אבקה 200 גרם,קריות זול,,מתוק וקל אבקה 200 גר,,200.00,,false,,10.90,0.0545,true,1,207077
7290000518152,false,ממתיק זהב מתוק וקל 50 שקיות,קריות זול,IL,מתוק וקל זהב 50 שקיו,,50.00,,false,,7.90,0.1580,true,1,207080
7290000518220,false,ממתיק סוכרה דיאט 100 יחידות,פתח תקווה,IL,סוכרה דיאט 100 שקיות,יחידה,0.00,יחידה,false,,29.90,0.0000,true,1,221424
7290000518237,false,סוכרה דיאט אבקת 100 גרם,מתוק וקל בעמ,IL,סוכרה דיאט אבקה 100,,200.00,,false,,23.90,0.1195,true,1,221427
7290000518336,false,ממתק צמר גפן מתוק מסיבים תזונתיים,מתוק וקל בעמ,IL,מווש צמר גפן מתוק 10,,10.00,,false,,5.90,0.5900,true,1,249783
7290000521008,false,"של סגל אדום יבש , 750 מ""ל",כרמי צבי - אחים סגל,IL,יין סגל אדום יבש 750,,750.00,,false,,24.90,0.0332,true,1,173045
7290000523125,false,מלח הארץ הים האדום 250 ג' עדין,חברת מלח הארץ אילת ב,IL,מלח הארץ ים יבש 250,,250.00,100 גרם,false,,7.90,0.0316,true,1,190742
7290000523224,false,מלח הארץ הים האדום 500 ג' עדין,חברת מלח הארץ אילת ב,IL,מלח הארץ ים יבש 500,,500.00,100 גרם,false,,9.90,0.0198,true,1,190743
7290000523804,false,"מלח עדין צנצנת 1 ק""ג מלח הארץ",חברת מלח הארץ אילת ב,IL,מלח הארץ עדין צנצנת,,1000.00,100 גרם,false,,9.50,0.0095,true,1,190746
7290000523811,false,"צנצנת מלח גס 1 ק""ג מלח הארץ",חברת מלח הארץ אילת ב,IL,מלח הארץ גס צנצנת 1ק,,1000.00,100 גרם,false,,9.50,0.0095,true,1,190747
7290000525969,false,מיץ תפוזים סחוט רכיבים טבעיים פרימור 1 ליטר,"גניר (1992) בע""מ",IL,פרימור תפוזים 1ליטר,,1000.00,,false,,17.90,0.0179,true,1,195644
7290000530086,false,נקניק סלמי מעושן זוגלובק 600 גרם,נקניק נהריה כשר זוגל,IL,*מבצע* נקניק סלמי מע,,600.00,100 גרם,false,,26.90,0.0448,true,1,212239
7290000530598,false,נקניקיות עוף וינר זוגלובק 500 גרם,נקניק נהריה כשר זוגל,IL,נקניקיות וינר גוליבר,,500.00,100 גרם,false,,17.90,0.0358,true,1,212250
7290000530703,false,פסטרמה חרמון כפרית ונקניק תה מעושן זוגלובק 2*400 גרם,נקניק נהריה כשר זוגל,IL,נקניק תה 400גר + חרמ,,800.00,,false,,39.90,0.0499,true,1,212253
7290000536743,false,"שניצל קריספי סטיקס תירס ""זוגלובק""",נקניק נהריה כשר זוגל,IL,קריספי סטיקס תירס זו,,500.00,100 גרם,false,,22.90,0.0458,true,1,212304
7290000537566,false,נקניקיות עוף טרי 400 ג' זוגלובק,נקניק נהריה כשר זוגל,IL,נקניקיות עוף זוגלובק,,400.00,,false,,16.90,0.0422,true,1,212313
7290000554402,false,מעדן חלב מלבי גד 160 גרם,"מיוצר ע""י קוד יצרן E",IL,מלבי 160גר מחלבות גד,,160.00,100 גרם,false,,6.20,0.0388,true,1,171587
7290000554457,false,גבינה צפתית 5% 350 גרם - רבנות,"מחלבות גד בע""מ",IL,צפתית 5% 350גר מחלבו,,350.00,100 גרם,false,,23.90,0.0683,true,1,171588
7290000554471,false,נקניק מוצרלה 22 אחוז 180גרם גד מהדרין,"מחלבות גד בע""מ",IL,מוצרלה נקניק טבעי מח,,180.00,100 גרם,false,,19.70,0.1094,true,1,171589
7290000554532,false,גבינה צפתית מעודנת במלח ים 5% 200 ג' גד,הנסיך- מפעל לייצור ט,IL,צפתית מעודנת במלח ים,,200.00,,false,,15.90,0.0795,true,1,171591
7290000554600,false,מוצרלה מגורדת 22 אחוז 300גרם גד מהדרין,מחלבות גד בעמ,IL,מוצרלה 22% מגורדת 30,,300.00,100 גרם,false,,28.90,0.0963,true,1,171592
7290000554624,false,ירח מתוק מעדן חלב עם אורז 3% גד 150 גרם,"מיוצר ע""י קוד יצרן E",IL,ירח מתוק 150גר מחלבו,,150.00,100 גרם,false,,6.20,0.0413,true,1,171593
7290000554686,false,גבינת לאבנה בתוספת שמן זית וזעתר 5% גד 250 גרם,מחלבות גד בעמ,IL,לאבנה בשמן זית וזעתר,,250.00,100 גרם,false,,15.90,0.0636,true,1,171594
7290000554822,false,ריקוטה גבינה לבנה בסגנון איטלקי 5% גד 250 גרם,מחלבות גד בעמ,IL,ריקוטה טבעי 5% 250גר,,250.00,100 גרם,false,,16.30,0.0652,true,1,171595
7290000554839,false,מסקרפונה שמנת מתוקה קשה בסגנון איטלקי 40% גד 250 גרם,מחלבות גד בעמ,IL,גבינה מסקרפונה 40% 2,,250.00,100 גרם,false,,24.90,0.0996,true,1,171596
7290000560533,false,אדג' ג'ל ירוק לעור רגיל 198גרם,אס.סי ג'ונסון ובניו,US,אדג גל גילוח ירוק עם,,200.00,,false,,19.90,0.0995,true,1,207384
7290000560540,false,אדג' ג'ל כתום לעור רגיש 198גרם,המאפיה של הרמן,US,אדג גל גילוח כתום לע,,200.00,,false,,19.90,0.0995,true,1,207385
7290000571232,false,גבינת גאודה טבעית פרוס 30% המחלווה 150ג',גבינות משק אחים מאיר,IL,גבינה גאודה פרוס טבע,,150.00,,false,,25.90,0.1727,true,1,189196
7290000571393,false,המחלבה יוגורמה יוגורט מחלב כבשים 5% 140 גרם,גבינות משק אחים מאיר,IL,יוגורט כבשים יוגורמה,,140.00,100 גרם,false,,6.60,0.0471,true,1,189204
7290000571843,false,המחלבה יוגורמה גביע מחלב עזים 140 גרם,גבינות משק אחים מאיר,IL,יוגורט עיזים יוגורמה,,140.00,100 גרם,false,,6.70,0.0479,true,1,189216
7290000571928,false,"יוגורמה כבשים עם גרעינים, אגוזים וחמוציות ממותקות",המחלבה מבית יצחק,IL,יוגורמה כבשים עם אגו,,142.00,,false,,6.50,0.0458,true,1,224771
7290000571935,false,יוגורמה כבשים עם גרנולה מתוקה 142 גרם,המחלבה מבית יצחק,IL,יוגורמה כבשים עם גרנ,,142.00,,false,,6.50,0.0458,true,1,224772
7290000572208,false,חלוה בטעם וניל אחווה 100 גרם,שוורצקוף& הנקל דיסלד,IL,חלבה אחווה 100גר,,100.00,100 גרם,false,,4.50,0.0450,true,1,203361
7290000572222,false,חלבה וניל בבלוק אחווה 500ג',שוורצקוף& הנקל דיסלד,IL,חלבה בבלוק אחווה 500,,500.00,100 גרם,false,,12.90,0.0258,true,1,203362
7290000572529,false,חלוה עם פיסטוק אחווה 400 גרם,אחדות ביחר לטחינה חל,IL,חלבה פיסטוק אחווה 40,,400.00,100 גרם,false,,14.90,0.0373,true,1,203363
7290000572628,false,חטיפי חלווה ללא סוכר בקופסא 250 גרם,שוורצקוף& הנקל דיסלד,IL,חטיף חלבה ללא סוכר 1,,275.00,100 גרם,false,,15.90,0.0578,true,1,203366
7290000572673,false,אחווה חטיף חלווה ט.שונים 12*25גר,שוורצקוף& הנקל דיסלד,IL,חטיף חלבה אחווה 12*2,,300.00,100 גרם,false,,15.90,0.0530,true,1,203368
7290000574035,false,לחם אחיד פרוס 750ג' דגנית עין בר,יוניליוור גרמניה Gm,IL,לחם אחיד פרוס 750גרם,,750.00,,false,,7.10,0.0095,true,1,195124
7290000574066,false,לחם מלא פלוס שיפון 750 ג' דגנית עין בר,יוניליוור גרמניה Gm,IL,לחם חיטה מלאה עם שיפ,,750.00,,false,,16.90,0.0225,true,1,195127
7290000574097,false,מארז לחמניות מיוחדות,,,מארז לחמניות מיוחדות,,8.00,,false,,11.90,1.4875,true,1,236781
7290000574141,false,לחם חיטה מלא 750ג' דגנית עין בר,דגנית עין בר תעשיות,IL,לחם חיטה מלאה 750גר,,750.00,,false,,14.90,0.0199,true,1,195131
7290000574172,false,לחם קל מחיטה מלאה 750 ג' דגנית עין בר,יוניליוור גרמניה Gm,IL,לחם קל חיטה מלאה 750,,750.00,,false,,17.90,0.0239,true,1,195133
7290000574189,false,מארז 6 לחמניות קלועו,,,מארז 6 לחמניות קלועו,,6.00,,false,,11.90,1.9833,true,1,236783
7290000574226,false,לחמניות אצבע דגנית מ,,,לחמניות אצבע דגנית מ,יחידה,0.00,יחידה,false,,11.90,0.0000,true,1,236784
7290000574301,false,לחמניות 10יח חיטה מל,,,לחמניות 10יח חיטה מל,יחידה,0.00,יחידה,false,,11.90,0.0000,true,1,234791
7290000574455,false,לחם חיטה מלא פלוס כוסמין 750 ג' דגנית עין בר,דגנית עין בר,IL,לחם חיטה מלאה כוסמין,,750.00,,false,,17.90,0.0239,true,1,195144
7290000604022,false,ביצים גדולות L תנובה 12 יחידות,ביצי תנובה,,ביצים 12 יח לארג,,12.00,,false,,12.05,1.0042,true,1,173889
7290000646299,false,פילה נסיכת הנילוס קפוא,,ZA,פילה נסיכת הנילוס קפ,קילוגרמים,1.00,"ק""ג",true,,64.90,64.9000,true,1,236534
7290000659312,false,דגי תנובה פילה סלומון קפוא בוואקום,דגי תנובה,IL,פילה סלמון פרמיום קפ,קילוגרמים,1.00,"ק""ג",true,,87.90,87.9000,true,1,188245
7290000688381,false,שישיית מי עדן פקק ספורט 0.5 ליטר,"מי עדן בע""מ",IL,מי עדן ספורט שישייה,,3000.00,100 גרם,false,,16.70,0.0056,true,1,181747
7290000688503,false,"מים מינרלים פקק ספורט מי עדן 6*750 מ""ל","מי עדן בע""מ",IL,מי עדן ג'ים שישייה 6,,4500.00,100 גרם,false,,16.90,0.0038,true,1,181749
7290000692203,false,נוזל לניקוי כללי ורצפות בניחוח לימון אג'קס 2 ליטר,הנסיך- מפעל לייצור ט,GR,אגקס לניקוי כללי ניח,,2000.00,100 גרם,false,,25.90,0.0129,true,1,185550
7290000692210,false,נוזל לניקוי כללי ורצפות בניחוח לבנדר אג'קס 2 ליטר,הנסיך- מפעל לייצור ט,GR,אגקס לניקוי כללי לבנ,,2000.00,,false,,25.90,0.0129,true,1,185551
7290000692227,false,נוזל כלים פלמוליב צילינדר קלאסי 1 ליטר,יבואן ומשווק: ש. שסט,GR,פלמוליב לכלים קלאסי,,1000.00,100 גרם,false,,15.90,0.0159,true,1,185552
7290000931673,false,סברס.,,,סברס,קילוגרמים,1.00,"ק""ג",true,,28.90,28.9000,true,1,212511
7290000932407,false,קוקוס,,,קוקוס,,1000.00,,false,,6.90,0.0069,true,1,212513
7290000979427,false,עגבניות שרי כתום לבבות,חקלאי,IL,שרי כתום ארוז בלב,,460.00,,false,,14.90,0.0324,true,1,249113
7290000991029,false,ערמונים,,,ערמונים,קילוגרמים,1.00,"ק""ג",true,,19.90,19.9000,true,1,212515
7290000991512,false,אגס נאשי,,,אגס נאשי,קילוגרמים,1.00,"ק""ג",true,,16.90,16.9000,true,1,212517
7290000991527,false,פטרוזיליה בגומי,,,פטרוזיליה בגומי,יחידה,0.00,יחידה,false,,3.90,0.0000,true,1,212518
7290000991528,false,כוסברה בגומי,,,כוסברה בגומי,יחידה,0.00,יחידה,false,,3.90,0.0000,true,1,212519
7290000991529,false,שמיר בגומי,,,שמיר בגומי,יחידה,0.00,יחידה,false,,3.90,0.0000,true,1,212520
7290000992264,false,חזרת,,,חזרת,קילוגרמים,1.00,"ק""ג",true,,39.90,39.9000,true,1,212524
7290000992381,false,אפרסמון,,,אפרסמון,קילוגרמים,1.00,"ק""ג",true,,19.90,19.9000,true,1,212525
7290000992426,false,אנונה,,,אנונה,קילוגרמים,1.00,"ק""ג",true,,29.90,29.9000,true,1,212526
7290000993461,false,עגבניות שרי צהוב ליח',חקלאי,IL,שרי צהוב ארוז בלב,,460.00,100 גרם,false,,14.90,0.0324,true,1,249114
7290000995410,false,נבטים סיניים נבטי הע,נסטלה פורינה USA קר,IL,נבטים סיניים נבטי הע,,1000.00,,false,,7.90,0.0079,true,1,205112
7290000999350,false,תפוז ארוז ברשת,,,תפוז ארוז ברשת,קילוגרמים,1.00,"ק""ג",true,,4.90,4.9000,true,1,212534
7290000999355,false,מלפפון מיני ארוז,,,מלפפון מיני ארוז,,1000.00,100 גרם,false,,10.00,0.0100,true,1,212535
7290000999358,false,אשכולית אדומה,,,אשכולית אדומה,קילוגרמים,1.00,"ק""ג",true,,6.90,6.9000,true,1,212536
7290000999361,false,"תפו""ע פינק גולד",,,"תפו""ע פינק גולד",קילוגרמים,1.00,"ק""ג",true,,18.90,18.9000,true,1,212537
7290000999390,false,חציל בלאדי,,,חציל בלאדי,קילוגרמים,1.00,"ק""ג",true,,9.90,9.9000,true,1,212539
7290000999392,false,פלפלונים ארוזים.,,,פלפלונים ארוזים.,,1000.00,,false,,8.90,0.0089,true,1,212540
7290000999419,false,אבוקדו ארוז ברשת,,,אבוקדו ארוז ברשת,קילוגרמים,1.00,"ק""ג",true,,29.90,29.9000,true,1,212541
7290000999436,false,למון ליים,,,למון ליים,קילוגרמים,1.00,"ק""ג",true,,12.90,12.9000,true,1,212542
7290000999748,false,גינגר תפזורת,,,גינגר תפזורת,קילוגרמים,1.00,"ק""ג",true,,29.90,29.9000,true,1,212555
7290000999752,false,רימון,,,רימון,קילוגרמים,1.00,"ק""ג",true,,9.90,9.9000,true,1,212556
7290000999753,false,קוסבייה(ארטישוק ירוש,,,קוסבייה(ארטישוק ירוש,קילוגרמים,1.00,"ק""ג",true,,16.90,16.9000,true,1,212557
7290000999782,false,עגבניה מגי,,,עגבניה מגי,קילוגרמים,1.00,"ק""ג",true,,18.90,18.9000,true,1,212558
7290000999787,false,שורש פטרוזיליה,,,שורש פטרוזיליה,יחידה,0.00,יחידה,false,,5.00,0.0000,true,1,212559
7290000999801,false,אננס חתוך,,,אננס חתוך,יחידה,0.00,יחידה,false,,24.90,0.0000,true,1,201912
7290000999806,false,פומלה מקולפת,,,פומלה מקולפת,יחידה,0.00,יחידה,false,,19.90,0.0000,true,1,172713
7290000999811,false,סברס מקולף,,,סברס מקולף,יחידה,0.00,יחידה,false,,39.90,0.0000,true,1,201914
7290000999818,false,אננס,,,אננס,יחידה,0.00,יחידה,false,,49.90,0.0000,true,1,212561
7290000999819,false,קלמנטינה/מנדרינה.,,,קלמנטינה/מנדרינה,קילוגרמים,1.00,"ק""ג",true,,7.90,7.9000,true,1,212562
7290000999821,false,קיווי,,,קיווי,קילוגרמים,1.00,"ק""ג",true,,24.90,24.9000,true,1,212563
7290000999825,false,עגבניה שרי מנומר,,,עגבניה שרי מנומר,קילוגרמים,1.00,"ק""ג",true,,24.90,24.9000,true,1,212564
7290000999832,false,גויבה,,,גויבה,קילוגרמים,1.00,"ק""ג",true,,19.90,19.9000,true,1,212567
7290000999833,false,ברוקולי,,,ברוקולי,,1000.00,100 גרם,false,,9.90,0.0099,true,1,212568
7290000999834,false,דלורית,,,דלורית,קילוגרמים,1.00,"ק""ג",true,,6.90,6.9000,true,1,212569
7290000999867,false,רימון מקולף,,,רימון מקולף,יחידה,0.00,יחידה,false,,18.90,0.0000,true,1,201917
7290000999875,false,שזיף שגיב.,,,שזיף שגיב,קילוגרמים,1.00,"ק""ג",true,,19.90,19.9000,true,1,212574
7290000999887,false,תפוזינה,,,תפוזינה,קילוגרמים,1.00,"ק""ג",true,,8.90,8.9000,true,1,172475
7290000999890,false,פלפל שושקה,,,פלפל שושקה,קילוגרמים,1.00,"ק""ג",true,,16.90,16.9000,true,1,212576
7290000999896,false,ענבים אדום,,,ענבים אדום,קילוגרמים,1.00,"ק""ג",true,,24.90,24.9000,true,1,212577
7290000999899,false,קישואים זוקיני,,,קישואים זוקיני,קילוגרמים,1.00,"ק""ג",true,,14.90,14.9000,true,1,212578
7290000999901,false,עגבניה אשכולות,,,עגבניה אשכולות,קילוגרמים,1.00,"ק""ג",true,,8.90,8.9000,true,1,212579
7290000999902,false,עגבניה שרי,,,עגבניה שרי,קילוגרמים,1.00,"ק""ג",true,,15.90,15.9000,true,1,212580
7290000999903,false,מלפפון,,,מלפפון,קילוגרמים,1.00,"ק""ג",true,,7.90,7.9000,true,1,212581
7290000999904,false,פלפל ירוק,,,פלפל ירוק,קילוגרמים,1.00,"ק""ג",true,,9.90,9.9000,true,1,212582
7290000999905,false,פלפל בהיר,,,פלפל בהיר,קילוגרמים,1.00,"ק""ג",true,,9.90,9.9000,true,1,212583
7290000999906,false,פלפל אדום,,,פלפל אדום,קילוגרמים,1.00,"ק""ג",true,,9.90,9.9000,true,1,212584
7290000999907,false,פלפל צהוב,,,פלפל צהוב,קילוגרמים,1.00,"ק""ג",true,,9.90,9.9000,true,1,212585
7290000999908,false,פלפל חריף,,,פלפל חריף,קילוגרמים,1.00,"ק""ג",true,,9.90,9.9000,true,1,212586
7290000999909,false,כרוב לבן,,,כרוב לבן,קילוגרמים,1.00,"ק""ג",true,,4.90,4.9000,true,1,212587
7290000999910,false,כרוב אדום,,,כרוב אדום,קילוגרמים,1.00,"ק""ג",true,,5.90,5.9000,true,1,212588
7290000999911,false,כרובית,,,כרובית,קילוגרמים,1.00,"ק""ג",true,,12.90,12.9000,true,1,212589
7290000999912,false,קישואים,,,קישואים,קילוגרמים,1.00,"ק""ג",true,,9.90,9.9000,true,1,212590
7290000999913,false,חציל,,,חציל,קילוגרמים,1.00,"ק""ג",true,,6.90,6.9000,true,1,212591
7290000999914,false,גזר ארוז,,,גזר ארוז,קילוגרמים,1.00,"ק""ג",true,,5.90,5.9000,true,1,212592
7290000999915,false,צנונית ארוזה,,,צנונית ארוזה,,1000.00,,false,,5.90,0.0059,true,1,212593
7290000999916,false,סלק אדום,,,סלק,קילוגרמים,1.00,"ק""ג",true,,6.90,6.9000,true,1,212594
7290000999917,false,בטטה,,,בטטה,קילוגרמים,1.00,"ק""ג",true,,12.90,12.9000,true,1,212595
7290000999918,false,דלעת,,,דלעת,קילוגרמים,1.00,"ק""ג",true,,12.90,12.9000,true,1,212596
7290000999919,false,בצל יבש,,,בצל יבש,קילוגרמים,1.00,"ק""ג",true,,5.90,5.9000,true,1,212597
7290000999920,false,בצל אדום,,,בצל אדום,קילוגרמים,1.00,"ק""ג",true,,7.90,7.9000,true,1,212598
7290000999921,false,חסה ערבית,,,חסה ערבית,,1000.00,,false,,5.90,0.0059,true,1,213307
7290000999922,false,חסה עגולה,,,חסה עגולה,,1000.00,,false,,5.90,0.0059,true,1,213308
7290000999924,false,שום יבש,,,שום יבש,,1000.00,,false,,7.90,0.0079,true,1,212599
7290000999925,false,"תפו""א לבן",,,"תפו""א לבן",קילוגרמים,1.00,"ק""ג",true,,6.90,6.9000,true,1,212600
7290000999926,false,"תפו""א אדום",,,"תפו""א אדום",קילוגרמים,1.00,"ק""ג",true,,7.90,7.9000,true,1,212601
7290000999932,false,סלרי ראש,,,סלרי ראש,,1000.00,100 גרם,false,,6.90,0.0069,true,1,205094
7290000999934,false,עגבניה שרי תמר,,,עגבניה שרי תמר,קילוגרמים,1.00,"ק""ג",true,,19.90,19.9000,true,1,212602
7290000999935,false,בצל ירוק,,,בצל ירוק,יחידה,0.00,יחידה,false,,5.90,0.0000,true,1,240354
7290000999936,false,תירס,,,תירס,קילוגרמים,1.00,"ק""ג",true,,14.90,14.9000,true,1,212603
7290000999942,false,תפו'ע זהוב,,,תפו'ע זהוב,קילוגרמים,1.00,"ק""ג",true,,14.90,14.9000,true,1,212605
7290000999943,false,תפו'ע סמיט,,,תפו'ע סמיט,קילוגרמים,1.00,"ק""ג",true,,14.90,14.9000,true,1,212606
7290000999944,false,תפו'ע חרמון/גלה,,,תפו'ע חרמון/גלה,קילוגרמים,1.00,"ק""ג",true,,14.90,14.9000,true,1,212607
7290000999945,false,אגס,,,אגס,קילוגרמים,1.00,"ק""ג",true,,16.90,16.9000,true,1,212608
7290000999947,false,שזיף אדום,,,שזיף אדום,קילוגרמים,1.00,"ק""ג",true,,24.90,24.9000,true,1,212609
7290000999949,false,בננה,,,בננה,קילוגרמים,1.00,"ק""ג",true,,7.90,7.9000,true,1,212611
7290000999950,false,מלון,,,מלון,קילוגרמים,1.00,"ק""ג",true,,9.90,9.9000,true,1,212612
7290000999952,false,ענבים לבנים,,,ענבים לבנים,קילוגרמים,1.00,"ק""ג",true,,29.90,29.9000,true,1,212614
7290000999953,false,לימון,,,לימון,קילוגרמים,1.00,"ק""ג",true,,9.90,9.9000,true,1,212615
7290000999954,false,מנגו,,,מנגו,קילוגרמים,1.00,"ק""ג",true,,19.90,19.9000,true,1,212616
7290000999955,false,קולורבי,,,קולורבי,קילוגרמים,1.00,"ק""ג",true,,7.90,7.9000,true,1,212617
7290000999956,false,פלפל כתום,,,פלפל כתום,קילוגרמים,1.00,"ק""ג",true,,12.90,12.9000,true,1,212618
7290000999957,false,אבוקדו,,,אבוקדו,קילוגרמים,1.00,"ק""ג",true,,14.90,14.9000,true,1,212619
7290000999959,false,תפו'ע יונתן,,,תפו'ע יונתן,קילוגרמים,1.00,"ק""ג",true,,12.90,12.9000,true,1,212621
7290000999961,false,שומר,,,שומר,קילוגרמים,1.00,"ק""ג",true,,6.90,6.9000,true,1,212622
7290000999967,false,פומלה,,,פומלה,קילוגרמים,1.00,"ק""ג",true,,12.90,12.9000,true,1,212624
7290000999972,false,לפת,,,לפת,קילוגרמים,1.00,"ק""ג",true,,7.90,7.9000,true,1,212626
7290000999974,false,תות שדה,,,תות שדה,יחידה,0.00,יחידה,false,,15.90,0.0000,true,1,213309
7290000999976,false,תפו'ע ענה,,,תפו'ע ענה,קילוגרמים,1.00,"ק""ג",true,,11.90,11.9000,true,1,212627
7290000999977,false,תפוז /לימון סיני,,,תפוז /לימון סיני,קילוגרמים,1.00,"ק""ג",true,,11.90,11.9000,true,1,212628
7290000999987,false,אשכולית צהובה,,,אשכולית צהובה,קילוגרמים,1.00,"ק""ג",true,,6.90,6.9000,true,1,212630
7290000999988,false,תפוז,,,תפוז,קילוגרמים,1.00,"ק""ג",true,,7.90,7.9000,true,1,212631
7290000999989,false,ארטישוק,,,ארטישוק,קילוגרמים,1.00,"ק""ג",true,,19.90,19.9000,true,1,212632
7290000999990,false,פומלית,,,פומלית,קילוגרמים,1.00,"ק""ג",true,,5.90,5.9000,true,1,212633
7290000999999,false,צנון,,,צנון,קילוגרמים,1.00,"ק""ג",true,,7.90,7.9000,true,1,212638
7290001009123,false,לחם כוסמין מלא 100%,,,לחם כוסמין 100% 600,,600.00,,false,,15.90,0.0265,true,1,235386
7290001009178,false,לחם שיפון לחמנו 900ג,,,לחם שיפון לחמנו 900ג,,900.00,100 גרם,false,,15.90,0.0177,true,1,208151
7290001121054,false,צמד חמד נקניק 700 ג' יחיעם,תאי פרזידנט פוד פאבל,IL,צמד חמד יחיעם 700 גר,,700.00,,false,,31.90,0.0456,true,1,172230
7290001121238,false,נקניק קורנדביף 4% יחיעם 180 גרם,מעדני יחיעם 1993,IL,קורנדביף יחיעם 180גר,,180.00,,false,,29.90,0.1661,true,1,172233
7290001136294,false,"שמפו לשיער יבש בבישום פרחים נקה 7 750 מ""ל","אמיליה קוסמטיקס בע""מ",IL,נקה 7 שמפו לשיער יבש,,750.00,,false,,13.90,0.0185,true,1,180218
7290001136300,false,"נקה 7 שמפו ומרכך לסירוק קל 750 מ""ל",אמיליה קוסמטיקס בעמ,IL,נקה 7 שמפו לסירוק קל,,750.00,100 גרם,false,,13.90,0.0185,true,1,180219
7290001216040,false,טחינה גולמית שומשום טהור אל ארז 500 גרם,דולפין ספא,IL,טחינה אל ארז 500גר,,500.00,,false,,17.90,0.0358,true,1,213589
7290001216231,false,טחינה גולמית שומשום מלא אל ארז 500 גרם,דולפין ספא,IL,טחינה שומשום מלא אל,,500.00,100 גרם,false,,18.90,0.0378,true,1,213590
7290001247068,false,קרטונית נקטר ספרינג תות בננה 1 ליטר,"יפאורה תבורי בע""מ",IL,ספרינג תות בננה קרטו,,1000.00,,false,,7.90,0.0079,true,1,181764
7290001247082,false,מיץ עגבניות רכיבים טבעיים ספרינג 1 ליטר,"יפאורה תבורי בע""מ",IL,ספרינג עגבניות קרטונ,,1000.00,,false,,7.90,0.0079,true,1,181766
7290001247099,false,קרטונית נקטר ספרינג מנגו 1 ליטר,"יפאורה תבורי בע""מ",IL,ספרינג מנגו קרטונית,,1000.00,100 גרם,false,,7.90,0.0079,true,1,181767
7290001247112,false,קרטונית נקטר ספרינג לימונענע 1 ליטר,"יפאורה תבורי בע""מ",IL,ספרינג לימונענע קרטו,,1000.00,,false,,7.90,0.0079,true,1,181769
7290001247129,false,נקטר ספרינג תפוזים קרטונית 1 ל',"יפאורה תבורי בע""מ",IL,ספרינג תפוז קרטונית,,1000.00,,false,,7.90,0.0079,true,1,181770
7290001247143,false,קרטונית נקטר ספרינג תפוחים 1 ליטר,"יפאורה תבורי בע""מ",IL,ספרינג תפוח קרטונית,,1000.00,100 גרם,false,,7.90,0.0079,true,1,181771
7290001279557,false,גליל ביג בג ארוז 20,,,גליל ביג בג ארוז 20,יחידה,0.00,יחידה,false,,19.90,0.0000,true,1,251013
7290001302279,false,אוסם - במבה קלאסי 60 גרם,מיוצר עי קונדיטוריית,IL,במבה קלאסי כשלפ 60גר,,60.00,,false,,4.70,0.0783,true,1,225001
7290001305188,false,"נוזל לניקוי כלים בריח לימון פלמוליב 750 מ""ל",יבואן ומשווק: ש. שסט,GR,פלמוליב נוזל לכלים פ,,750.00,,false,,11.90,0.0159,true,1,185569
7290001343845,false,"גרנולה פירות 1 ק""ג - 845 - ורוד שקדיה",הנסיך- מפעל לייצור ט,IL,גרנולה מעורבת שקדיה,,1000.00,100 גרם,false,,19.90,0.0199,true,1,200775
7290001407813,false,חלבה שאמית פיסטוק בקטנה בארכה 350ג',רושדי תעשיות מזון בע,IL,חלבה שאמית פיסטוק בא,,350.00,100 גרם,false,,17.90,0.0511,true,1,190752
7290001407820,false,חלווה שאמית וניל קלאסית בארכה 350ג',רושדי תעשיות מזון בע,IL,חלבה שאמית קלאסית בא,,350.00,,false,,17.90,0.0511,true,1,190753
7290001407844,false,חלבה קלאסית בטעם וניל בארכה 350 גרם,רושדי תעשיות מזון בע,IL,חלבה קלאסית וניל באר,,350.00,,false,,16.90,0.0483,true,1,190755
7290001485019,false,גבינת שמנת 5% טעם טבעי 200 ג' טרה,קריות זול,IL,גבינת שמנת טבעי 5% 2,,200.00,100 גרם,false,,12.90,0.0645,true,1,184559
7290001491010,false,תה ירוק יסמין ויסוצקי 25 יחידות,תה ויסוצקי,IL,תה ירוק יסמין 25יח,,37.50,,false,,27.90,0.7440,true,1,190756
7290001491096,false,תה ירוק בתוספת לימונית ולואיזה 50 שקיקים ויסוצקי,תה ויסוצקי,IL,תה ירוק בתוספת לימונ,,50.00,,false,,49.90,0.9980,true,1,190757
7290001548011,false,טחינה ירוקה 250 גרם,סלטי מונטה קרלו,IL,טחינה ירוקה 250 גרם,,250.00,,false,,16.90,0.0676,true,1,240649
7290001548035,false,סלט טורקי מונטה קרל,מונטה קרלו,IL,סלט טורקי 250 גרם סל,,250.00,,false,,16.90,0.0676,true,1,238774
7290001548042,false,ביצים גביע 250גר סלט,משתנה,IL,ביצים גביע 250גר סלט,,250.00,,false,,23.90,0.0956,true,1,240650
7290001548103,false,עלי גפן ממולאים 250,מונטה קרלו,IL,עלי גפן ממולאים 250,,250.00,,false,,22.90,0.0916,true,1,253685
7290001548127,false,חזרת 250 גרם סלטי גן,מונטה קרלו,IL,חזרת 250 גרם סלטי גן,,250.00,,false,,22.90,0.0916,true,1,238776
7290001548134,false,כרוב לבן שום שמיר 250 גרם,סלטי מונטה קרלו,IL,כרוב לבן שום שמיר 25,,250.00,,false,,16.90,0.0676,true,1,238777
7290001548172,false,סלסה עגבניות טריות,משתנה,IL,סלסה 250 גרם סלטי גן,,250.00,100 גרם,false,,16.90,0.0676,true,1,238778
7290001548202,false,מונטה קרלו סלט סלק רצועות 250 גר',סלטי מונטה קרלו,IL,רצועות סלק גביע 250ג,,250.00,100 גרם,false,,16.90,0.0676,true,1,240655
7290001548233,false,חציל מחנה יהודה 250 גרם,סלטי מונטה קרלו,IL,חציל מחנה יהודה פיקנ,,250.00,,false,,17.90,0.0716,true,1,253667
7290001548271,false,כרוב לבן וגזר 250 גר,סלטי מונטה קרלו,IL,כרוב לבן וגזר 250 גר,,250.00,,false,,16.90,0.0676,true,1,253682
7290001548288,false,"סלט חומוס גרגרירים פיקנטיים ""מונטה קרלו""",מונטה קרלו,IL,מסבחה פיקנטי 250 גרם,,250.00,,false,,16.90,0.0676,true,1,238779
7290001548295,false,מטבוחה מונטה קרלו 25,מונטה קרלו,IL,מטבוחה 250 גרם סלטי,,250.00,100 גרם,false,,16.90,0.0676,true,1,238780
7290001548325,false,טונה ירקות מונטה קרל,מונטה קרלו,IL,טונה ירקות 250 גרם,,250.00,100 גרם,false,,24.90,0.0996,true,1,253672
7290001548332,false,טונה סלרי (אמריקאית),,,טונה סלרי (אמריקאית),,250.00,100 גרם,false,,24.90,0.0996,true,1,240657
7290001548349,false,"סלט תפו""א במיונז ביתי 250 גרם",סלטי מונטה קרלו,IL,"תפו""א במיונז ביתי 25",,250.00,,false,,16.90,0.0676,true,1,240658
7290001548370,false,סלט טבולה מונטה קרלו 250 גרם,מונטה קרלו,IL,טבולה גביע 250גרם סל,,250.00,,false,,17.90,0.0716,true,1,240660
7290001548387,false,כרוב סיני מונטה קרל,מונטה קרלו,IL,כרוב סיני 250 גרם סל,,250.00,,false,,16.90,0.0676,true,1,238782
7290001548400,false,"סלט חומוס זהב ""מונטה 'קרלו""",מונטה קרלו,IL,חומוס זהב 250 גרם סל,,250.00,,false,,16.90,0.0676,true,1,238783
7290001548424,false,כרוב קולסלאו מונטה,סלטי מונטה קרלו,IL,כרוב קולסלאו 250 גרם,,250.00,,false,,16.90,0.0676,true,1,238784
7290001548431,false,סחוג ירוק מונטה קרלו,מונטה קרלו,IL,סחוג ירוק 250 גרם סל,,250.00,,false,,16.90,0.0676,true,1,238785
7290001548462,false,פלפל רצועות מרוקאי,מונטה קרלו,IL,פלפל רצועות חריף 250,,250.00,,false,,23.90,0.0956,true,1,240661
7290001548479,false,חציל במיונז צרפתי גב,,,חציל במיונז צרפתי גב,,250.00,100 גרם,false,,17.90,0.0716,true,1,238786
7290001548493,false,שום כתוש 250 גרם סלט,,,שום כתוש 250 גרם סלט,,250.00,,false,,14.90,0.0596,true,1,238787
7290001548530,false,חומוס גרגירים ופטרוזיליה מונטה קרלו,מונטה קרלו,IL,מסבחה פטרוזיליה 250,,250.00,,false,,16.90,0.0676,true,1,238788
7290001548561,false,גזר חריף בלימון מונט,סלטי מונטה קרלו,IL,גזר חריף חי בלימון 2,,250.00,100 גרם,false,,16.90,0.0676,true,1,238790
7290001548592,false,סלט טחינה עמבה 250 ג,מונטה קרלו,IL,סלט טחינה עמבה 250 ג,,250.00,100 גרם,false,,16.90,0.0676,true,1,253684
7290001548615,false,חציל בטחינה 250 גרם,סלטי מונטה קרלו,IL,חציל בטחינה 250 גרם,,250.00,100 גרם,false,,17.90,0.0716,true,1,240662
7290001548622,false,חציל טבעי פקנטי מונט,מונטה קרלו,IL,חציל טבעי פיקנטי 250,,250.00,100 גרם,false,,17.90,0.0716,true,1,238791
7290001548639,false,חציל מונטה קרלו מונ,מונטה קרלו,IL,חציל מונטה קרלו 250,,250.00,,false,,17.90,0.0716,true,1,238792
7290001548691,false,כרוב אדום במיונז מונ,סלטי מונטה קרלו,IL,כרוב אדום במיונז 250,,250.00,100 גרם,false,,16.90,0.0676,true,1,240663
7290001548738,false,חציל מרוקאי מונטה קר,סלטי מונטה קרלו,IL,חציל מרוקאי 250 גרם,,250.00,100 גרם,false,,17.90,0.0716,true,1,240664
7290001548752,false,טחינה לבנה מונטה קרל,סלטי מונטה קרלו,IL,טחינה לבנה 250 גרם ס,,250.00,,false,,16.90,0.0676,true,1,238793
7290001548776,false,סחוג אדום 250 גרם סל,,,סחוג אדום 250 גרם סל,,250.00,100 גרם,false,,16.90,0.0676,true,1,238794
7290001548783,false,פלפל אש טוניסאי מונט,מונטה קרלו,IL,פלפל אש טוניסאי 250ג,,250.00,,false,,23.90,0.0956,true,1,238795
7290001548875,false,"חמוצים יפנים ""מונטה קרלו""",מונטה קרלו,IL,חמוצים יפנים 450 ג ס,,450.00,100 גרם,false,,24.90,0.0553,true,1,238797
7290001548950,false,פלפל חריף מונטה גביע,,,פלפל חריף מונטה גביע,,250.00,100 גרם,false,,22.90,0.0916,true,1,238798
7290001548967,false,חציל תאילנדי צילי 25,סלטי מונטה קרלו,IL,חציל תאילנדי צ'ילי 2,,250.00,,false,,17.90,0.0716,true,1,238799
7290001548974,false,לימון כבוש טחון 250,,,לימון כבוש טחון 250,,250.00,,false,,22.90,0.0916,true,1,238800
7290001548998,false,סלט חומוס זהב 500 גר,מונטה קרלו,IL,סלט חומוס זהב 500 גר,,500.00,,false,,23.90,0.0478,true,1,253668
7290001567708,false,נקנקיות וינר 400 ג' יחיעם,מעדני יחיעם,IL,נקניקיות עוף ללא חומ,,400.00,,false,,14.90,0.0373,true,1,172255
7290001567760,false,פסטרמה של פעם 300 ג' יחיעם,מעדני יחיעם,IL,פסטרמה של פעם ללא חו,,300.00,,false,,29.90,0.0997,true,1,172261
7290001594230,false,קינלי סודה בבקבוק זכוכית,החברה המרכזית לייצור,IL,קינלי סודה קלאסי 250,,250.00,,false,,4.50,0.0180,true,1,210126
7290001594568,false,"קרלסברג פחית 500 מ""ל פקדון",מבשלות בירה בינלאומי,RO,בירה קרלסברג פחית 50,,500.00,100 גרם,false,,10.90,0.0218,true,1,210139
7290001594575,false,"בירה טובורג בפחית 500 מ""ל",מבשלות בירה בינלאומי,IL,בירה טובורג פחית 500,,500.00,100 גרם,false,,10.90,0.0218,true,1,210140
7290001594858,false,"טובורג רד שישייה בקבוק 330 מ""ל",קרלסברג ישראל,IL,בירה טובורג בקבוק שי,,1980.00,,false,,45.90,0.0232,true,1,210148
7290001594865,false,"קרלסברג בירה בקבוק 6* 330 מ""ל",קרלסברג ישראל,IL,בירה קרלסברג שישייה,,1980.00,100 גרם,false,,44.90,0.0227,true,1,210149
7290001670507,false,מלית תמרים פוליבה 450 ג',"פוליבה בע""מ",IL,מלית תמרים 450 גר,,450.00,,false,,5.90,0.0131,true,1,191518
7290001670514,false,מלית אוכמניות - 400 גרם פוליבה,"פוליבה בע""מ",IL,מלית אוכמניות 400 גר,,400.00,100 גרם,false,,14.90,0.0373,true,1,191519
7290001670736,false,כפפות נילון שקוף 100 יחידות,יבוא ושיווק: הנמל אר,IL,כפפות ניילון שקוף הנ,יחידה,0.00,יחידה,false,,6.90,0.0000,true,1,191524
7290001670873,false,"צלחות גדולות לבנות קשיח ח""פ הנמל 66יח'",הנמל אריזות ושיווק ב,IL,צלחות גדולות לבנות 6,יחידה,0.00,יחידה,false,,39.90,0.0000,true,1,191529
7290001713150,false,סנט מוריץ מתז אקונומיקה Bleach קצף לימון 1 ליטר,"קומפלקס כימיקלים בע""",IL,אקונומיקה קצף ניקוי,ליטרים,1.00,ליטר,false,,12.90,12.9000,true,1,225039
7290001713167,false,סנט מוריץ - מרסס קצף ניקוי 1 ליטר סניטרי אפור,"קומפלקס כימיקלים בע""",IL,קצף לניקוי כלים סניט,ליטרים,1.00,ליטר,false,,12.90,12.9000,true,1,225040
7290001780428,false,מאגדת גלידת לייט שוקולד נסטלה 6יח' 312ג',גלידות נסטלה (נגה גל,IL,מאגדת לייט שלגוני שו,,312.00,100 גרם,false,,29.90,0.0958,true,1,183800
7290001817728,false,צ'יטוס אפוי כאפה בטעם קטשופ 55 גרם,"שטראוס פריטו ליי בע""",IL,ציטוס כאפה אפוי 55גר,,55.00,,false,,4.10,0.0745,true,1,184120
7290001988121,false,מגש ביצים 12 יח' L,,,ביצים לארג',יחידה,0.00,יחידה,false,,12.05,0.0000,true,1,251786
7290001990117,false,שומשום סוגת 100 גרם,האי נאם סי או אל.טי.,IL,שומשום סוגת 100גר,,100.00,100 גרם,false,,4.90,0.0490,true,1,192412
7290001990377,false,שעועית בובס 500 גרם סוגת,סוגת תעשיות בעמ,IL,שעועית בובס סוגת 500,,500.00,100 גרם,false,,13.90,0.0278,true,1,192417
7290002000143,false,"חדש -פנג'ל ק.ידיים קלאסיק 80מ""ל",מיוצר עי קונדיטוריית,IL,פנג'ל קרם ידיים קלאס,,80.00,,false,,8.90,0.1113,true,1,207429
7290002007241,false,סודה לשתיה 50 ג' הנמל,"מיוצר וארוז ע""י: BAS",IL,סודה לשתיה 50 גר,,50.00,,false,,2.50,0.0500,true,1,191549
7290002007500,false,קיסמי שיניים במבוק בחבית 500 יח',הנמל אריזות ושיווק ב,CN,קיסמי שיניים במבוק 5,,500.00,,false,,5.90,0.0118,true,1,191559
7290002007852,false,"תמצית אפייה בטעמים שונים 55 מ""ל הנמל",ממתקי עלה יצור ושיוו,IL,תמצית וניל,,55.00,,false,,3.90,0.0709,true,1,191566
7290002008071,false,עטרות חום 2 מספר הנמל,הנמל אריזות ושיווק ב,IL,עטרות חום מס 2,יחידה,0.00,יחידה,false,,7.90,0.0000,true,1,191581
7290002008156,false,עטרות חום 5 מספר הנמל,קריות זול,IL,עטרות חום .5,יחידה,0.00,יחידה,false,,7.90,0.0000,true,1,191586
7290002008347,false,קורנפלור 500 גרם הנמל,קריות זול,,קורנפלור 500 גר,,500.00,,false,,6.90,0.0138,true,1,191596
7290002008460,false,עטרות חום 1.5 מספר הנמל,קריות זול,IL,עטרות חום 1.5,יחידה,0.00,יחידה,false,,7.90,0.0000,true,1,191603
7290002008620,false,"צבע מאכל ירוק 55 מ""ל הנמל",ממתקי עלה יצור שיווק,IL,צבע מאכל ירוק 55 מל,,55.00,,false,,3.90,0.0709,true,1,191610
7290002008828,false,סוכריות שוקולד לבן ג'מבו לקישוט הנמל 200ג' בדצ,ממתקי עלה ייצור שיוו,IL,סוכריות לעוגה גמבו ש,,200.00,,false,,9.90,0.0495,true,1,191618
7290002008934,false,סוכריות צבעוניות לקישוט לעוגה 200 גר,ממתקי עלה יצור שיווק,IL,סוכריות צבעוניות לקי,,200.00,100 גרם,false,,9.90,0.0495,true,1,191621
7290002019787,false,רוטב עגבניות מרוכז מאוד 260 גרם פריניר,פריניר ( הדס 1987) ב,IL,רסק עגבניות22% פריני,,260.00,100 גרם,false,,4.90,0.0188,true,1,194938
7290002019794,false,רוטב עגבניות מרוכז מאוד 100 גרם פריניר,פריניר ( הדס 1987) ב,IL,רסק עגבניות 22% פרינ,,100.00,100 גרם,false,,2.50,0.0250,true,1,194939
7290002037040,false,חלה קלה וודש 500 גרם,מאפית י את א ברמן בע,IL,חלה פלוב ודש 500 גרם,,500.00,100 גרם,false,,17.90,0.0358,true,1,199917
7290002037057,false,לחם פרוס ודש 500 גרם,מאפית י את א ברמן בע,IL,לחם לבן פרוס 500גר,,500.00,,false,,6.10,0.0122,true,1,199918
7290002037125,false,חלה פרוסה וודש 500 גרם,מאפית י את א ברמן בע,IL,חלה פרוסה וודש 500גר,,500.00,,false,,10.90,0.0218,true,1,199920
7290002037194,false,לחם שחור מקמח מלא 750 גר,מאפית י את א ברמן בע,IL,לחם שחור מקמח מלא וו,,750.00,,false,,13.90,0.0185,true,1,199923
7290002037309,false,שמיניית לחמניות המבורגר,מאפית י את א ברמן בע,IL,לחמניות המבורגר 8יח,,400.00,100 גרם,false,,15.90,0.0398,true,1,199925
7290002037569,false,לחמניות באוניס 6יח 450גר,מאפיית ודש,,לחמניות באוניס 6יח 4,,450.00,100 גרם,false,,15.90,0.0353,true,1,199931
7290002037637,false,חליות מתוקות מארז 4יח',מאפית י את א ברמן בע,IL,חליות מתוקות 4יח,,400.00,,false,,14.90,0.0373,true,1,199933
7290002037651,false,חלה מתוקה ברמן,,,חלה מתוקה ברמן,,500.00,,false,,8.90,0.0178,true,1,245880
7290002053101,false,אטריות ביצים בינוניות מספר 12 אוריינט 200 גרם,פ.פ.ח טאביט,PL,אטריות ביצים מס 12 2,,200.00,100 גרם,false,,10.90,0.0545,true,1,192896
7290002053354,false,אטריות נודלס סיני להקפצה אוריינט 300 גרם,טאביט ספ.ז.או.או,PL,נודלס סיני 300ג,,300.00,,false,,12.90,0.0430,true,1,192901
7290002053538,false,נודלס תאילנדי אורינטל 400 גר + 25% תוספת,פ.פ.ח. טאביה ספ זאו.או,PL,נודלס תאילנדי 400גר+,יחידה,0.00,יחידה,false,,19.90,0.0000,true,1,192903
7290002057017,false,זיתים נובו ענק A2 יבנה 330ג',שיוך למחסן 17,IL,זית נובו יבנה 330גר,,330.00,,false,,10.90,0.0330,true,1,211358
7290002057031,false,זית יבנה מבוקע פיקנטיבשמן זית 340 גרם,קבוצת יבנה,IL,זית מבוקע יבנה 540גר,,540.00,100 גרם,false,,9.90,0.0183,true,1,211359
7290002057123,false,זיתים ירוקים מנזנילו קבוצת יבנה 560 גרם,קבוצת יבנה,IL,חרוזית ירוק 540 גר,,540.00,100 גרם,false,,10.90,0.0202,true,1,211368
7290002057185,false,טבעות זיתים ירוקים קבוצת יבנה 560 גרם,קבוצת יבנה,IL,טבעות זיתים ירוק 540,,540.00,100 גרם,false,,10.90,0.0202,true,1,211374
7290002057352,false,מלפפון יבנה במלח גדולים 7-9 320 גרם,קבוצת יבנה מוצרי מזו,IL,מלפפון 7-9 במלח 540ג,,540.00,100 גרם,false,,7.70,0.0143,true,1,211387
7290002057369,false,מלפפונים במלח בינוני קבוצת יבנה 560 גרם,קבוצת יבנה,IL,מלפפון 10-12 במלח 54,,540.00,100 גרם,false,,8.50,0.0157,true,1,211388
7290002057376,false,מלפפון יבנה במלח קטנים 13-17 320 גרם,קבוצת יבנה,IL,מלפפון 13-17 במלח 54,,540.00,100 גרם,false,,10.90,0.0202,true,1,211389
7290002057383,false,מלפפון יבנה במלח קטנים מאוד 18-25 320 גר יבנה,קבוצת יבנה,IL,מלפפון 18-25 במלח 54,,540.00,100 גרם,false,,13.90,0.0257,true,1,211390
7290002057451,false,מלפפון בחומץ ‏9‏-‏7‏ %‏20‏ 560 ג' יבנה,אף.סי תבליני בגליל ב,IL,מלפפון 7-9 בחומץ 540,,540.00,100 גרם,false,,7.70,0.0143,true,1,211394
7290002057468,false,מלפפונים בחומץ בינוני קבוצת יבנה 560 גרם,קבוצת יבנה,IL,מלפפון 10-12 בחומץ 5,,540.00,,false,,8.50,0.0157,true,1,211395
7290002057475,false,מלפפונים בחומץ קטן קבוצת יבנה 560 גרם,קבוצת יבנה,IL,מלפפון 13-17 בחומץ 5,,540.00,,false,,10.90,0.0202,true,1,211396
7290002057482,false,מלפפון יבנה בחומץ קטנים מאוד 18-25 290 ג,קבוצת יבנה,IL,מלפפון 18-25 חומץ 54,,540.00,100 גרם,false,,13.90,0.0257,true,1,211397
7290002079552,false,לחם אחיד דוידוביץ 75,דוידוביץ,,לחם אחיד שחור,,750.00,100 גרם,false,,5.10,0.0068,true,1,195092
7290002079590,false,חלה רגילה עגולה 500גר,מאפיית דוידוביץ,,חלה רגילה 500גר,,500.00,100 גרם,false,,5.40,0.0108,true,1,195094
7290002079606,false,חלה רגילה 500גר,,,חלה רגילה 500גר,,500.00,100 גרם,false,,5.40,0.0108,true,1,195095
7290002107071,false,צוריאל פטה עיזים מעודנת גביע 16% 200ג,מחלבת משק צוריאל,IL,פטה עיזים מעודנת 16%,,200.00,100 גרם,false,,29.30,0.1465,true,1,184591
7290002107385,false,גליל גבינת עיזים מה עז משק צוריאל 180 גרם,מחלבת משק צוריאל,IL,גליל גבינת עיזים צור,,180.00,100 גרם,false,,25.90,0.1439,true,1,184599
7290002107491,false,גבינה לבנה מחלב עיזים למריחה 5% משק צוריאל 250 גרם,מחלבת משק צוריאל,IL,גבינת עזים למריחה טב,,250.00,100 גרם,false,,17.90,0.0716,true,1,184606
7290002107798,false,גבינה בולגרית מעודנת 5% משק צוריאל 250 גרם,מחלבת משק צוריאל,IL,בולגרית מעודנת 5% בג,,250.00,100 גרם,false,,25.40,0.1016,true,1,184615
7290002107965,false,טבורוג גבינה לאפייה 5% צוריאל 500 ג',מחלבת משק צוריאל,IL,גבינה טבורוג לאפייה,,500.00,100 גרם,false,,28.90,0.0578,true,1,184622
7290002128311,false,נר נשמה בכוס ל-7 ימי,"מנורה שי נר בע""מ",IL,נר נשמה בכוס ל-7 ימי,,72.00,,false,,10.90,0.1514,true,1,173434
7290002128410,false,נרות שבת אורה מספר 6,קריות זול,IL,נרות שולחן 6 יח,,6.00,,false,,3.90,0.6500,true,1,173436
7290002128458,false,נרות שבת אורה מספר 1,מנורה,,נר שבת מספר 16יח,יחידה,0.00,יחידה,false,,3.90,0.0000,true,1,173440
7290002128946,false,נר נשמה בכוס 48 שעות - מנורה,"מנורה שי נר בע""מ",IL,נר נשמה כוס 48 שעות,,72.00,,false,,5.90,0.0819,true,1,173449
7290002130567,false,דבש טהור מפרחי בר בזכוכית 350 גרם,מכוורת יד מרדכי שטרא,IL,דבש טהור מפרחי בר בז,,350.00,100 גרם,false,,21.90,0.0626,true,1,208544
7290002130574,false,דבש טהור מפרחי בר בזכוכית 500 ג' יד מרדכי,מכוורת יד מרדכי שטרא,IL,דבש טהור מפרחי בר בז,,500.00,100 גרם,false,,29.90,0.0598,true,1,208545
7290002132011,false,עוגיות מזרחיות מלוחות עבאדי 400 גרם,מאפיית יוסף ושמחה עב,IL,עוגיות עבאדי מזרחיות,,400.00,100 גרם,false,,19.90,0.0497,true,1,190762
7290002150077,false,פלאפל חמים וטעים 400,"חמים וטעים בע""מ",IL,פלאפל חמים וטעים 400,,400.00,100 גרם,false,,16.90,0.0422,true,1,172408
7290002150718,false,קרפלך כיסוני בצק במי,"חמים וטעים בע""מ",IL,"קרפלך במילוי תפו""א ח",,400.00,100 גרם,false,,16.90,0.0422,true,1,172433
7290002150732,false,קרפלך כיסוני בצק במי,"חמים וטעים בע""מ",IL,קרפלך במילוי בשר חמי,,400.00,100 גרם,false,,16.90,0.0422,true,1,172434
7290002153061,false,קמח מצה חמיץ 500גר,,,קמח מצה חמיץ 500גר,יחידה,0.00,יחידה,false,,6.90,0.0000,true,1,254015
7290002153825,false,אובלטים מלוחים 300 גר,,,אובלטים מלוחים 300 ג,,300.00,,false,,10.90,0.0363,true,1,239599
7290002155638,false,תמצית רום מעולה,,,תמצית רום,יחידה,0.00,יחידה,false,,3.90,0.0000,true,1,251795
7290002155966,false,תמצית וניל 50מל,,,תמצית וניל,יחידה,0.00,יחידה,false,,3.90,0.0000,true,1,251796
7290002190516,false,"ריבת חלב גלעם-קומידה 500ג' 12X-כשל""פ",קריות זול,IL,ריבת חלב ממרח 500גר,,500.00,100 גרם,false,,14.90,0.0298,true,1,174917
7290002195054,false,המבורגר בלדי 400 גרם ארוז,יוליניבר,IL,המבורגר בלדי 400גר,,400.00,,false,,19.90,0.0497,true,1,199255
7290002195085,false,קבב מזרחי בלדי 400 ג'- 8 יח',יוליניבר,IL,קבב מזרחי 400גר,,400.00,100 גרם,false,,19.90,0.0497,true,1,199258
7290002195092,false,קבב רומני 400 גרם ארוז,בלדי,IL,קבב רומני 400גר,,400.00,,false,,19.90,0.0497,true,1,199259
7290002211013,false,"קמח חיטה לבן ""רוט"" 1 ק""ג",,,קמח חיטה לבן בהיר 1ק,,1000.00,,false,,5.90,0.0059,true,1,201725
7290002211044,false,"סולת חיטה 1 ק""ג טחנת רוט",,IL,"סולת 1ק""ג",,1000.00,,false,,6.90,0.0069,true,1,198712
7290002211112,false,"קמח לבן 1 ק""ג כחול טחנת רוט",,IL,קמח רוט כחול לבן 1קג,,1000.00,,false,,6.90,0.0069,true,1,216886
7290002211501,false,"קמח תופח מנופה 1ק""ג טחנת רוט",,IL,קמח תופח מנופה טחנת,,1000.00,,false,,7.90,0.0079,true,1,249251
7290002211518,false,"קמח לבן מנופה 1 ק""ג כחול טחנת רוט",,IL,קמח חיטה לבן מנופה ט,,1000.00,,false,,7.90,0.0079,true,1,249252
7290002253006,false,שום כתוש בצנצנת 200 גר דורות,עיצובים 2020 (3.8),IL,שום כתוש דורות 200גר,,200.00,,false,,19.90,0.0995,true,1,176921
7290002253105,false,מגשית קוביות שום טרי דורות 80 ג',עיצובים 2020 (3.8),IL,קוביות שום דורות 80ג,,80.00,,false,,14.90,0.1863,true,1,176926
7290002253167,false,פטרוזיליה קצוצה דורות 70 גרם,עיצובים 2020 (3.8),IL,פטרוזליה קצוצה דורות,,70.00,,false,,13.90,0.1986,true,1,176928
7290002253181,false,קוביות כוסברה קצוצה דורות 70 גרם,עיצובים 2020 (3.8),IL,כוסברה קצוצה דורות 7,,70.00,,false,,13.90,0.1986,true,1,176930
7290002253495,false,דורות תבל לטחינה ביתית תערובת קוביות 70 גרם,עיצובים 2020 (3.8),IL,תבליות דורות לטחינה,,80.00,,false,,13.90,0.1738,true,1,236092
7290002259640,false,דיימונד רדיד אלומיניום צר 30 ס''מ 7.5 מ'-,ריינולדס מוצרי צריכה,US,דאיימונד 30*7.60,,7.62,,false,,13.90,1.8241,true,1,199580
7290002319528,false,קמח מצה מיה 200 גרם,מיה תעשיות מזון,IL,קמח מצה 200גר,,200.00,100 גרם,false,,3.50,0.0175,true,1,198713
7290002319771,false,"תמצית אפיה בטעם וניל מיה 50 מ""ל","מיה תעשיות מזון בע""מ",IL,"תמצית אפיה וניל 50מ""",,50.00,,false,,3.70,0.0740,true,1,202804
7290002331025,false,"מים מינרלים נביעות ספורט 500 מ""ל פקדון",נביעות טבע הגליל בעמ,IL,נביעות ספורט 500מל,,500.00,,false,,3.50,0.0070,true,1,210162
7290002331124,false,נביעות+ מים מינרליים בטעם תפוח,נביעות טבע הגליל בעמ,IL,נביעות+ תפוח 500מל,,500.00,100 גרם,false,,7.50,0.0150,true,1,210165
7290002331155,false,מים נביעות בטעם אפרסק 0.5 ליטר,נביעות טבע הגליל בעמ,IL,נביעות+ אפרסק 500מל,,500.00,100 גרם,false,,7.50,0.0150,true,1,210168
7290002331360,false,"נביעות מים מינרליים טו גו מארז 500X6מ""ל",קריות זול,IL,נביעות טו גו שישייה,,3000.00,,false,,16.90,0.0056,true,1,210173
7290002331711,false,נביעות+מים מינרליים בטעם ענבים,נביעות טבע הגליל בעמ,IL,נביעות+ בטעם ענבים 5,,500.00,,false,,7.50,0.0150,true,1,210189
7290002371533,false,דקניקים סלסולי פסטרמה בדבש 120 ג' טירת צבי,הנסיך- מפעל לייצור ט,IL,סלסולי פסטרמה בדבש ט,,120.00,,false,,17.90,0.1492,true,1,188385
7290002371939,false,סרוולד בסגנון צרפתי דליקטיב 120 גרם,הנסיך- מפעל לייצור ט,IL,סרוולד פסטרמה בסגנון,,120.00,100 גרם,false,,33.90,0.2825,true,1,188387
7290002374268,false,שמן חמניות מילומור 1 ליטר,שמן תעשיות,IL,שמן חמניות מילומור 1,,1000.00,100 גרם,false,,11.90,0.0119,true,1,208553
7290002374312,false,"שמן קנולה מילומור 1 ל' עד""ח","נארז ע""י : א.ג. גילר",IL,שמן קנולה מילומור 1ל,,1000.00,100 גרם,false,,11.90,0.0119,true,1,198782
7290002409014,false,ג'חנון אפוי ציפור השרון ארוז,ציפור השרון,,גחנון אפוי ציפור השר,,600.00,,false,,21.90,0.0365,true,1,201107
7290002409076,false,ציפור השרון גחנון בצק 800גר,ציפור השרון,,גחנון בצק ציפור השרו,,800.00,,false,,16.90,0.0211,true,1,201113
7290002409274,false,מלוואח 800 גר' ציפור השרון,,,מלווח ציפור השרון 80,,800.00,,false,,16.90,0.0211,true,1,246935
7290002409281,false,סבבה ציפור השרון 750,פילסברי,,סבבה ציפור השרון 750,,750.00,100 גרם,false,,21.90,0.0292,true,1,201120
7290002512004,false,מלוואח צנעני 900 גרם,צנעני מוצרי בצק,IL,מלווח צנעני 900גר,,900.00,100 גרם,false,,19.90,0.0221,true,1,195697
7290002512011,false,צנעני גחנון 900 גרם,צנעני מוצרי בצק,IL,גחנון בצק 900גר,,900.00,100 גרם,false,,19.90,0.0221,true,1,195698
7290002512035,false,"בצק עלים צנעני 1 ק""ג",צנעני מוצרי בצק,IL,בצק עלים צנעני 1קג,,1000.00,,false,,19.90,0.0199,true,1,200514
7290002512257,false,מלווח מופחת שומן 700 גר,צנעני,IL,מלווח מופחת שמן צנענ,יחידה,0.00,יחידה,false,,19.90,0.0000,true,1,201244
7290002517375,false,תבלין בזיליקום 30 גר' שק',"תבליני טעם וריח בע""מ",IL,בזיליקום עלים 30גר,,30.00,,false,,7.90,0.2633,true,1,198526
7290002542506,false,"בקבוק בירה קורונה 355 מ""ל",קריניציה ויטמינה אס,MX,בירה קורונה 355 מל ב,,355.00,,false,,9.20,0.0259,true,1,173308
7290002542780,false,"שישייה בירה סטלה ארטואה בקבוק 330X6 מ""ל",סטלה,BE,*מבצע* בירה סטלה ארט,,1980.00,100 גרם,false,,29.90,0.0151,true,1,251815
7290002543046,false,קלוגס פרוסטיס דגנים וסוכר 750ג',קלוג מנייופרטורינג א,ES,דגני קלוגס פרוסטיס 7,,750.00,100 גרם,false,,25.90,0.0345,true,1,179559
7290002551003,false,סטארקיסט טונה בשמן בודד 160ג',סטאר קיסט,,טונה סטארקיסט,,160.00,100 גרם,false,,6.90,0.0431,true,1,179567
7290002579670,false,שיפוד עבה,,,שיפוד עבה,יחידה,0.00,יחידה,false,,3.90,0.0000,true,1,251823
7290002581536,false,הדר וופל נפוליטנה ללא סוכר 250 גרם,אפיפית נצרת,IL,וופל נפוליטנה ללא סו,,250.00,,false,,10.90,0.0436,true,1,216032
7290002661153,false,"לחם דני קל ברמן 1 ק""",מאפית י את א ברמן בע,IL,לחם דני קל 1 קג,,1000.00,,false,,19.90,0.0199,true,1,199946
7290002692768,false,"תרסיס קנולה מופחת קלוריות 200 מ""ל עץ הזית",טרנסומס פוד איי בי,IL,תרסיס שמן קנולה מופח,,200.00,,false,,18.90,0.0945,true,1,198796
7290002692782,false,"תרסיס שמן זית עץ הזית כתית ללא גז 148מ""ל",י.ב טכנולוגיות אריזה,IL,תרסיס שמן זית עץ הזי,,200.00,,false,,18.90,0.0945,true,1,198798
7290002730675,false,"קולגייט משחת שיניים אדומה משפחתי 100 מ""ל",קולגייט פלמוליב,PL,קולגייט משחת שיניים,,100.00,100 גרם,false,,12.90,0.1290,true,1,185609
7290002730811,false,"משחת שיניים ג'ל פסים מרעננים קולגייט 100 מ""ל",הנסיך- מפעל לייצור ט,PL,קולגייט משחת שיניים,,100.00,100 גרם,false,,12.90,0.1290,true,1,185611
7290002730903,false,פלמוליב סבון מוצק ורדים רביעייה * 125 ג',הנסיך- מפעל לייצור ט,TR,פלמוליב סבון מוצק ור,,360.00,100 גרם,false,,12.90,0.0358,true,1,185613
7290002730958,false,סבון מוצק בניחוח זיתים ואלוורה פלמוליב 4*100 גרם,הנסיך- מפעל לייצור ט,TR,פלמוליב סבון מוצק זי,,360.00,100 גרם,false,,12.90,0.0358,true,1,185617
7290002752332,false,"סוכריות מנטוס פירות בגליל, 37.5 גרם",הדקלאים אגודת שיתופי,NL,מנטוס גליל פירות בוד,,37.50,100 גרם,false,,4.00,0.1067,true,1,192018
7290002752349,false,סוכריות מנטוס מנטה 40יח' בגליל 38ג',פרפטי ואן מלה,NL,מנטוס גליל מנטה בודד,,37.50,,false,,4.00,0.1067,true,1,192019
7290002757146,false,"קובה חמוסטה למרק שלושת האופים 1ק""ג",שלושת האופים,IL,קובה חמוסטה למרק 1 ק,קילוגרמים,1.00,"ק""ג",false,,33.70,33.7000,true,1,250790
7290002766056,false,עגבניות שרי קופסא ליח',רון שרי,IL,עגבניות שרי וויטני א,,460.00,,false,,14.90,0.0324,true,1,240355
7290002768043,false,"תיאדנט מי-פה ענק פלאוריד 150 מ""ל",טרופיקל דגיל תעשיות,IL,תיאדנט מי פה סנו 150,,150.00,,false,,15.90,0.1060,true,1,180279
7290002768159,false,"קצף אמבט בת אורן קרליין 500 מ""ל",פארק תעשיות עמק חפרמ,IL,קצף אמבט בת אורן 500,,500.00,100 גרם,false,,19.90,0.0398,true,1,180281
7290002769316,false,קראנץ שמרים 500 גרם,ר.כ עוגיות הזהב,IL,עוגת קראנץ 500 גרם,,500.00,100 גרם,false,,18.90,0.0378,true,1,201557
7290002769347,false,עוגיות מובחרות בדלי --600-500 גרם,עוגיות הזהב,IL,עוגיות מובחרות 500 ג,,500.00,,false,,17.90,0.0358,true,1,204740
7290002769392,false,עוגיות סדרת פרמיום עבודת ד,ר.כ עוגיות הזהב,IL,עוגיות פרימיום מיוחד,,250.00,,false,,23.90,0.0956,true,1,240482
7290002769514,false,עוגיות מובחרות 350 ג,ר.כ עוגיות הזהב,IL,עוגיות מובחרות 350 ג,,350.00,100 גרם,false,,13.90,0.0397,true,1,205811
7290002769675,false,עוגת מאפינס ללא תוספ,אחווה,,מאפינס ללא סוכר 450,,450.00,100 גרם,false,,18.90,0.0420,true,1,238649
7290002769910,false,עוגיות מיוחדות ללא סוכר 300 גר',מאפיית ישראל חיפה,IL,עוגיות ללא תוספת סוכ,,350.00,100 גרם,false,,13.90,0.0397,true,1,238650
7290002782131,false,"פנינה רוזנבלום - דאודורנט ספריי לאישה מס' 1 150 מ""ל",פנינה רוזנבלום,IL,דאודורנט פנינה רוזנב,,150.00,100 גרם,false,,25.90,0.1727,true,1,211103
7290002782759,false,"פנינה קרם גוף רוזנבלום 400 מ""ל",פנינה רוזנבלום,IL,קרם גוף פנינה רוזנבל,,340.00,,false,,25.90,0.0762,true,1,211104
7290002814016,false,"מסיר שומנים קר מתז סנט מוריץ 750מ""ל","קומפלקס כימיקלים בע""",IL,מסיר שומנים סנט מורי,,750.00,100 גרם,false,,16.90,0.0225,true,1,216899
7290002814078,false,סנט מוריץ נוזל לניקוי אמבט אנטרטיק 1ל',"קומפלקס כימיקלים בע""",IL,אנטרטיק נוזל לניקוי,,1000.00,100 גרם,false,,10.90,0.0109,true,1,216902
7290002814160,false,מסיר שומנים קר סנט מ,,,מסיר שומנים קר סנט מ,יחידה,0.00,יחידה,false,,16.90,0.0000,true,1,243385
7290002814290,false,BLANCO קצף אקונומיקה מרוכז 1 ליטר בניחוח לימון,קומפלקס כימיקלים,IL,קצף אקונומיקה מרוכז,,1000.00,100 גרם,false,,12.90,0.0129,true,1,225047
7290002814528,false,נוזל לניקוי האסלה סנט מוריץ 1 ליטר,"קומפלקס כימיקלים בע""",IL,נוזל אסלות מס'1 1ליט,,1000.00,100 גרם,false,,7.90,0.0079,true,1,216909
7290002814603,false,"סנט מוריץ - מרסס מסיר שומנים קר מבושם לימון 750 מ""ל","קומפלקס כימיקלים בע""",IL,מסיר שומנים סנט מורי,,750.00,,false,,16.90,0.0225,true,1,225050
7290002814719,false,נוזל רצפות סנט מוריץ אסלות מאסק 4 ליטר,קומפלקס כימיקלים,IL,נוזל רצפות בניחוח מא,,4000.00,,false,,12.90,0.0032,true,1,253640
7290002814832,false,סבון אסלה סנט מוריץ כדוריות לוונדר 3 יח,"קומפלקס כימיקלים בע""",TR,כדוריות לאסלה לבנדר,יחידה,0.00,יחידה,false,,9.90,0.0000,true,1,225052
7290002814931,false,סנט מוריץ שמפו רצפות בניחוח פרחים 4 ליטר - מרכז,"קומפלקס כימיקלים בע""",IL,נוזל רצפות 4 ליטר סנ,ליטרים,4.00,ליטר,false,,19.90,4.9750,true,1,216913
7290002824183,false,"גבינה לבנה סקי 500 גרם 5% ""שטראוס"" -מוצר בפיקוח",מיוצר עי קונדיטוריית,IL,גבינה לבנה סקי 5% 50,,500.00,,false,,9.96,0.0199,true,1,195707
7290002824466,false,יוגורט דנונה ביו לבן 0% שומן 200 גרם,"שטראוס בריאות בע""מ",IL,דנונה יוגורט ביו 0%,,200.00,100 גרם,false,,3.80,0.0190,true,1,195708
7290002824640,false,"גבינת סקי 250 גרם 5% ""שטראוס"" -מוצר בפיקוח",מיוצר עי קונדיטוריית,IL,גבינה לבנה סקי 5% שט,,250.00,,false,,4.98,0.0199,true,1,195710
7290002825722,false,סלט כרוב אדום אחלה 500 גרם,מיוצר עי קונדיטוריית,IL,כרוב אדום אחלה 500גר,,500.00,100 גרם,false,,14.90,0.0298,true,1,195714
7290002868996,false,"קוטג' 5% שומן, רכיבים טבעיים, 250 גרם",קריות זול,IL,קוטג מועשר 5% 250גר,,250.00,100 גרם,false,,6.40,0.0256,true,1,184637
7290002881025,false,סאן מורנו מעדן 100% דובדבן חמוץ 284ג',דוברומירוב,BG,מעדן דובדבן חמוץ סן,,282.00,,false,,13.90,0.0493,true,1,174967
7290002881216,false,רסק תפוחי עץ דיאט 708 גרם צנצנת,Geurts conservenfabr,,"רסק תפו""ע לסכרתיים 7",,700.00,100 גרם,false,,13.90,0.0199,true,1,174982
7290002881414,false,תומר-אטריות ביציםעבו,אופאל,CN,נודלס עבה תומר 400גר,,400.00,100 גרם,false,,10.90,0.0273,true,1,174995
7290002881742,false,לבבות דקל פרוסות תומר 400 ג',Inaexpo,EC,לבבות דקל פרוסות תומ,,400.00,100 גרם,false,,10.90,0.0273,true,1,175006
7290002881872,false,"פטריות חתוכות 290 גרם ""תומר""",,NL,פטריות חתוכות תומר 2,,290.00,100 גרם,false,,4.90,0.0169,true,1,175011
7290002881919,false,"פטריות שלמות 400 גרם רובין ""תומר""",גיבונג אינדסקיאלס,,פטריות שלמות תומר 40,,400.00,,false,,8.90,0.0223,true,1,175012
7290002881940,false,סרדינים מרוקאי בשמן חמניות 125ג' תומר,Union des pecheries,,סרדין מרוקאי בשמן 12,,125.00,100 גרם,false,,6.90,0.0552,true,1,175014
7290002881957,false,סרדינים מרוקאי חריף בשמן חמניות 125ג' תומר,Union des pecheries,,סרדין מרוקאי חריף 12,,125.00,100 גרם,false,,6.90,0.0552,true,1,175015
7290002904694,false,"טיטניום דאודורנט ספריי לגברים 150 מ""ל","אמיליה קוסמטיקס בע""מ",IL,טיטניום ספריי 180מל,,180.00,,false,,19.90,0.1106,true,1,180282
7290002909569,false,דג ברבוניה פילה קפוא 400 ג',דולפין ספא,,פילה ברבוניה קפוא 40,,400.00,100 גרם,false,,24.90,0.0622,true,1,224850
7290002909880,false,"פולי סויה - אדממה - 400 גרם (בד""ץ עדה חרדית)",ZHEJIANG,CN,פולי סויה אדממה קפוא,,400.00,,false,,10.90,0.0273,true,1,199280
7290002921226,false,"חלב לניקוי רהיטי עור יעקבי 250 מ""ל",יעקובי,CH,הזלין חלב עור,יחידה,250.00,יחידה,false,,29.90,0.1196,true,1,183659
7290002921240,false,"קרבונה שמפוזר לניקוי שטיחים וריפוד יעקבי 650 מ""ל",קרבונה Carbona,MX,שמפוזר מסיר כתים משט,,650.00,100 גרם,false,,33.90,0.0522,true,1,183661
7290002921349,false,לוקטייט סופר גלו 3 - זוגי,יעקובי סופר גלו,TR,זוג דבק סופר גלו,יחידה,0.00,יחידה,false,,14.90,0.0000,true,1,183663
7290002922117,false,מקלות קינמון וסוכר חום,אקלר,,עוגיות אקלר 100גר,,200.00,,false,,21.90,0.1095,true,1,197848
7290002925729,false,"גם וגם משחת שיניים כחול ומי פה בטעם פפרמינט 120 מ""ל","אמיליה קוסמטיקס בע""מ",IL,משחת שיניים בטעם פפר,,120.00,100 גרם,false,,16.90,0.1408,true,1,180283
7290003009183,false,"סירופ דיאט תפוחים פריגת 750 מ""ל",סירופ - גבעת חיים,IL,סירופ דיאט תפוחים פר,,750.00,,false,,24.90,0.0332,true,1,210215
7290003009596,false,"סירופ דיאט אשכוליות פריגת 750 מ""ל",סירופ - גבעת חיים,IL,סירופ דיאט אשכולית פ,,750.00,,false,,24.90,0.0332,true,1,210223
7290003009640,false,מיץ תפוזים סחוט רכיבים טבעיים פריגת 1 ליטר,פריגת מצוננים,IL,פריגת סחוט מיץ תפוזי,,1000.00,100 גרם,false,,18.90,0.0189,true,1,184640
7290003011087,false,אורז בסמטי אלפאנט 1 קג,אלסקה/ טילדה,IN,אורז בסמטי אלפנט 1קג,,1000.00,,false,,13.90,0.0139,true,1,200781
7290003026036,false,"ד""ר פישר - קמיל בלו סנסיטיב אל סבון עדין לתינוק 1 ליטר","ד""ר פישר Dr fischer",IL,קמיל בלו סנסיטיב אל,,1000.00,,false,,34.90,0.0349,true,1,204324
7290003026227,false,"קמיל בלו שמפו לתינוק סנסיטיב אל דמע ד""ר פישר 1 ליטר","ד""ר פישר Dr fischer",IL,קמיל בלו סנסיטיב שמפ,,1000.00,,false,,34.90,0.0349,true,1,204326
7290003029181,false,משקה יטבתה שוקו' בקבוק 1ל מהדרין,שטראוס גרופ,IL,שוקו יטבתה בקבוק 1ל,,1000.00,,false,,12.30,0.0123,true,1,195728
7290003029372,false,משקה חלב בטעם בננה יטבתה 1 ליטר,שטראוס גרופ,IL,משקה חלב בננה יטבתה,,1000.00,,false,,12.30,0.0123,true,1,195733
7290003029389,false,"משקה חלב בננה פקק ספורט 250 מ""ל יוטבתה",שטראוס גרופ,IL,משקה חלב בננה יטבתה,,250.00,100 גרם,false,,5.90,0.0236,true,1,195734
7290003029433,false,"משקה יטבתה שוקו פקק 250 מ""ל מהדרין",שטראוס גרופ,IL,שוקו יטבתה 250מל,,250.00,,false,,5.90,0.0236,true,1,195737
7290003029532,false,משקה מוקה יטבתה 1 ליטר מהדרין,שטראוס גרופ,IL,משקה מוקה יטבתה 1ליט,,1000.00,,false,,12.30,0.0123,true,1,195741
7290003029792,false,"משקה יטבתה שוקו שקיות מהדרין מארז 225X8מ""ל",שטראוס גרופ,IL,שוקו שקיות יטבתה 8*2,,1800.00,,false,,21.90,0.0122,true,1,195750
7290003029815,false,חלב יוטבתה מועשר 3% בכד 2ל',שטראוס גרופ,IL,חלב מועשר בכד יטבתה,,2000.00,100 גרם,false,,15.90,0.0080,true,1,195752
7290003029907,false,אייס קפה יטבתה 1 ליטר מהדרין,שטראוס גרופ,IL,אייס קפה יטבתה 1ל,,1000.00,,false,,12.30,0.0123,true,1,195757
7290003031740,false,טירתצבי פסטרמה בדבש קופ. מחפוד 400ג,טירת- צבי,IL,"פסטרמה בדבש בד""צ טיר",,400.00,,false,,39.90,0.0997,true,1,188392
7290003078042,false,פרג אריסה חריפה 50ג,תבליני הדור השלישי,IL,אריסה פרג,יחידה,0.00,יחידה,false,,16.90,0.0000,true,1,251855
7290003093472,false,"אבקת סוכר 1 ק""ג ברמן",,,"אבקת סוכר 1 ק""ג ברמן",,1000.00,100 גרם,false,,10.90,0.0109,true,1,253809
7290003126712,false,יוגורט עיזים מחלב מלא 3.7% משק צוריאל 150 גרם,מחלבת משק צוריאל,IL,יוגורט עיזים בגביע 3,,150.00,,false,,6.90,0.0460,true,1,184664
7290003126958,false,טופו גבינה גוש בואקום צוריאל 300 ג',א.י.ן תעשיות מזון בע,IL,טופו בואקום צוריאל 3,,300.00,,false,,12.90,0.0430,true,1,184671
7290003141159,false,יוגטה מרשמלו ממתק מוקצף בטעמי תות שדה ווניל 180 גרם,מוטקה החולב,IL,מרשמלו יוגטה 180גר,,180.00,100 גרם,false,,8.90,0.0494,true,1,192048
7290003212965,false,עוגיות רוגלך הזהב במארז 400 גר',ר.כ עוגיות הזהב,IL,מובחרות שמרים 400 גר,,400.00,100 גרם,false,,13.90,0.0348,true,1,204742
7290003215003,false,ביצים 12 יח רגיל בנוני M תנובה,,,ביצים אורגניות מדיום,יחידה,0.00,יחידה,false,,26.90,0.0000,true,1,247867
7290003217014,false,תנעמי פיתות מיזרחיות 5*100גר,יוניליוור גרמניה Gm,IL,פיתות מיזרחיות 5*100,,500.00,100 גרם,false,,6.90,0.0138,true,1,195161
7290003229109,false,פסטרמה הודו בפפריקה טירת צבי 400 גרם,הנסיך- מפעל לייצור ט,IL,פסטרמה הודו בפפריקה,,400.00,,false,,33.90,0.0847,true,1,188394
7290003229116,false,פסטרמה הודו בדבש 3% טירת צבי 400 גרם,הנסיך- מפעל לייצור ט,IL,פסטרמה בדבש טירת צבי,,400.00,,false,,33.90,0.0847,true,1,188395
7290003229123,false,פסטרמה הודו על גחלים 2% טירת צבי 400 גרם,הנסיך- מפעל לייצור ט,IL,פסטרמה על גחלים טירת,,400.00,,false,,33.90,0.0847,true,1,188396
7290003229147,false,נקניק סלמי איטלקי מעושן טירת צבי 300 גרם,הנסיך- מפעל לייצור ט,IL,סלמי בסגנון איטלקי ט,,300.00,,false,,33.90,0.1130,true,1,188397
7290003229154,false,נקניק סלמי קוניאק טירת צבי 300 גרם,הנסיך- מפעל לייצור ט,IL,סלמי קוניאק טירת צבי,,300.00,,false,,33.90,0.1130,true,1,188398
7290003268030,false,חלה ת מגש דגנית 500,,IL,חלה רגילה 500גר,,500.00,100 גרם,false,,5.40,0.0108,true,1,195098
7290003268252,false,לחם חיטה מלא לילדים 750 ג' דגנית עין בר,יוניליוור גרמניה Gm,IL,*מבצע* לחם חיטה מלאה,,750.00,,false,,14.90,0.0199,true,1,195168
7290003268627,false,חלה מתוקה ברמן,,,חלה מתוקה ברמן,,500.00,,false,,8.90,0.0178,true,1,199844
7290003268740,false,לחם אחיד 750 גרם,דגנית עין בר,,לחם אחיד שחור,,750.00,100 גרם,false,,5.10,0.0068,true,1,195099
7290003268764,false,חלה רגילה דגנית 500,מולינו ניקולי s.p.a,IL,חלה רגילה 500גר,,500.00,100 גרם,false,,5.40,0.0108,true,1,195180
7290003318100,false,וופל בטעם שוקולד מנעמים 200 ג',מנעמים תעשיות מזון,IL,וופל טעם שוקו מנעמים,,200.00,,false,,4.90,0.0245,true,1,190763
7290003318131,false,ופל קלאסיק אגוז 200 גרם מנעמים,מנעמים תעשיות מזון,IL,וופל אגוז מנעמים 200,,200.00,,false,,4.90,0.0245,true,1,190764
7290003318155,false,וופל טעם לימון מנעמים 200 ג',מנעמים תעשיות מזון,IL,וופל טעם לימון מנעמי,,200.00,100 גרם,false,,4.90,0.0245,true,1,190765
7290003318599,false,וופל וניל 200 גרם מנעמים,מנעמים תעשיות מזון,IL,וופל וניל מנעמים 200,,200.00,,false,,4.90,0.0245,true,1,190766
7290003321155,false,יוגורט בר עם פקאן מצופה שוקולד 183 ג' דנונה,"שטראוס בריאות בע""מ",IL,דנונה בר פקאן 183גר,,183.00,100 גרם,false,,4.90,0.0268,true,1,195769
7290003387205,false,ספיד סטיק - דאודורנט סטיק לגבר רגולר,הנסיך- מפעל לייצור ט,US,ספיד סטיק ירוק לגבר,,56.00,,false,,22.90,0.4089,true,1,185618
7290003401369,false,"קרם לחות לשיער חוחובה נטורל פורמולה 40 מ""ל",מיוצר עי אמיליה קוסמ,IL,נטורל קרם לשיער פגום,,400.00,,false,,24.90,0.0622,true,1,180311
7290003401376,false,"קרם לחות ועיצוב לשיער אלוורה נטורל 400 מ""ל",מיוצר עי אמיליה קוסמ,IL,נטורל קרם לשיער רגיל,,400.00,100 גרם,false,,24.90,0.0622,true,1,180312
7290003401642,false,"קרם לחות לתלתלים טבעיים נטורל פורמולה 400 מ""ל",מיוצר עי אמיליה קוסמ,IL,נטורל פורמולה לחות ל,,400.00,,false,,25.90,0.0647,true,1,180315
7290003411528,false,מלית קינמון פוליבה 450 גרם,"פוליבה בע""מ",IL,מלית קינמון 450 גר,,450.00,100 גרם,false,,13.90,0.0309,true,1,191656
7290003411566,false,צמרוני אזניים עץ הנמ,שוורצקוף& הנקל דיסלד,CN,צמרוני עץ 200 יח,,200.00,,false,,2.90,0.0145,true,1,191657
7290003411948,false,צמר גפן הנמל 100 גרם,הנמל,TR,צמר גפן הנמל 100גרם,,100.00,100 גרם,false,,5.90,0.0590,true,1,191670
7290003411993,false,גפרורים הנמל 10 יחיד,"איטיליאן פוד, אס.פי.",SE,גפרורים 10יח הנמל,,10.00,,false,,3.40,0.3400,true,1,191671
7290003423909,false,חטיף הרשי קוקיס קרם לבן 43 גרם,ליימן מותגים,US,הרשי קוקיס קרם לבן 4,,43.00,100 גרם,false,,4.90,0.1140,true,1,248195
7290003438006,false,ממרח אולביה פסטו וצנובר איטלקי 190ג',מיוצר עי קונדיטוריית,IL,פסטו איטלקי אוליביה,,180.00,100 גרם,false,,15.90,0.0883,true,1,192945
7290003438013,false,ממרח זיתים ירוקים אוליביה 190 גרם,קריות זול,IL,ממרח זיתים אוליביה 1,,190.00,,false,,15.90,0.0837,true,1,192946
7290003438020,false,ממרח עגבניות מיובשות אוליביה 190 גרם,מיוצר עי קונדיטוריית,IL,ממרח עגבניות מיובשות,,190.00,,false,,15.90,0.0837,true,1,192947
7290003438709,false,ממרח אולביה זיתים שחורים וירוקים 190 ג',גוד פוד פרודקטס S.p,IL,ממרח זיתים שחורים או,,190.00,100 גרם,false,,15.90,0.0837,true,1,192959
7290003438853,false,אוליביה ממרח אריסה חריפה 185 גר ',אוליביה,IL,אריסה חריפה 185 גרם,,185.00,100 גרם,false,,15.90,0.0859,true,1,192960
7290003444009,false,חטיף הרשי ריזס שוקולד חלב 42 גר,ליימן מותגים,US,חטיף ריזס במילוי חמא,,42.00,100 גרם,false,,4.90,0.1167,true,1,221604
7290003450602,false,חרדל אמיתי צהוב בקבוק לחיץ 255 גר,היינץ צפון אמריקה מקבוצת ה.י.היינץ,US,חרדל אמיתי צהוב בקבו,,255.00,100 גרם,false,,13.90,0.0545,true,1,179595
7290003475124,false,בלונס מסיר איפור 80 יח,קריות זול,GR,צמר גפן 100גר,,100.00,100 גרם,false,,7.90,0.0790,true,1,185623
7290003571550,false,סטייק טונה אלבקור וואקום בדץ,,,סטייק טונה אלבקור בו,קילוגרמים,1.00,"ק""ג",true,,44.90,44.9000,true,1,237009
7290003578177,false,תירס צעיר שלם וילי פוד 210 גרם,מגסטיק פוד אידסטרי ק,TH,תירס גמדי ויליפוד 41,,410.00,100 גרם,false,,8.90,0.0217,true,1,178604
7290003578290,false,וילי פוד מקלוני אורז בדץ 300ג,פוגיאן לונגהאי אנליד,CN,מקלוני אורז 300גר,,300.00,,false,,6.90,0.0230,true,1,178607
7290003578313,false,דובדבנים חמוצים ללא חרצנים 680גר,דל מונטה היילס אס.אי,HR,דובדבנים חמוצים ללא,,680.00,,false,,11.90,0.0175,true,1,178608
7290003643004,false,"סוגת אורז בסמטי קלאסי 1 ק""ג",האי נאם סי או אל.טי.,IL,אורז בסמטי סוגת 1קג,,1000.00,100 גרם,false,,15.90,0.0159,true,1,192426
7290003643134,false,סוגת סוכר וניל 10 יח*10 גרם,גוד פוד פרודקטס S.p,IL,סוכר וניל סוגת 10*10,,100.00,,false,,2.90,0.0290,true,1,192428
7290003643158,false,קורנפולר שקית 200 ג' סוגת,המאפיה של הרמן,IL,קורנפלור סוגת 200 גר,,200.00,100 גרם,false,,3.90,0.0195,true,1,192430
7290003643172,false,אבקת סוכר 100 גרם סוגת,א.ל ייצור ושיווק תבל,IL,אבקת סוכר סוגת 100 ג,,100.00,100 גרם,false,,2.70,0.0270,true,1,192432
7290003643387,false,"סוכר לבן בצנצנת 1 ק""ג סוגת",האי נאם סי או אל.טי.,IL,סוכר לבן בצנצנת סוגת,,1000.00,,false,,8.90,0.0089,true,1,192439
7290003643646,false,"סוכר דמררה קלאסי בצנצנת סוגת 1 ק""ג",האי נאם סי או אל.טי.,IL,סוכר דמררה בצנצנת סו,,1000.00,100 גרם,false,,14.90,0.0149,true,1,192441
7290003643684,false,אפונה יבשה סוגת 500 גר',האי נאם סי או אל.טי.,IL,אפונה סוגת 500גר,,500.00,100 גרם,false,,7.90,0.0158,true,1,192442
7290003643707,false,סוגת גריסים 500 גרם,"סוגת תעשיות בע""מ",IL,גריסים סוגת 500גר,,500.00,100 גרם,false,,7.30,0.0146,true,1,192443
7290003643714,false,חומוס גרגירים 500 גרם סוגת,האי נאם סי או אל.טי.,IL,חומוס סוגת 500גר,,500.00,,false,,8.90,0.0178,true,1,192444
7290003643738,false,סוגת חיטה 500 גרם,האי נאם סי או אל.טי.,IL,חיטה סוגת 500 גר,,500.00,100 גרם,false,,7.30,0.0146,true,1,192445
7290003643745,false,סוגת כוסמת 500 גרם,האי נאם סי או אל.טי.,IL,כוסמת סוגת 500גר,,500.00,100 גרם,false,,8.90,0.0178,true,1,192446
7290003643752,false,עדשים ירוקים יבש סוגת 500 גר',האי נאם סי או אל.טי.,IL,עדשים ירוקים סוגת 50,,500.00,100 גרם,false,,9.90,0.0198,true,1,192447
7290003643769,false,עדשים אדומים יבש סוגת 500 גר',"סוגת תעשיות בע""מ",IL,עדשים אדומים סוגת 50,,500.00,100 גרם,false,,9.90,0.0198,true,1,192448
7290003643776,false,"פופקורן גרעינים סוגת 500 ג' כשל""פ",האי נאם סי או אל.טי.,IL,פופקורן סוגת 500 גר,,500.00,100 גרם,false,,7.90,0.0158,true,1,192449
7290003643783,false,קוקוס טחון סוגת 100,האי נאם סי או אל.טי.,IL,קוקוס סוגת 100 גר,,100.00,100 גרם,false,,4.90,0.0490,true,1,192450
7290003643806,false,שעועית לבנה יבשה סוגת 500 ג',האי נאם סי או אל.טי.,IL,שעועית לבנה סוגת 500,,500.00,,false,,10.90,0.0218,true,1,192452
7290003643813,false,שעועית אדומה יבשה סוגת 500 גר',האי נאם סי או אל.טי.,IL,שעועית אדומה סוגת 50,,500.00,,false,,11.90,0.0238,true,1,192453
7290003643820,false,חומוס ענק יבש סוגת 500 גרם,סוגת תעשיות בעמ,IL,חומוס ענק סוגת 500גר,,500.00,,false,,12.90,0.0258,true,1,192454
7290003718610,false,"במיה 400 ג' בית יוסף כשל""פ",,,במיה קפואה 400גר,,400.00,,false,,10.90,0.0273,true,1,220312
7290003726141,false,טופו אמיתי כפרי בריא 300 גרם,ג'נרל מילס סאן אדריא,IL,טופו בריא 300גר,,300.00,100 גרם,false,,13.70,0.0457,true,1,171601
7290003726615,false,"טופו ויילר 300 גרם ""שטראוס""",הדקלאים אגודת שיתופי,IL,טופו ויילר 300גר,,300.00,,false,,13.90,0.0463,true,1,224846
7290003726868,false,טופו חומוס בתוספת עגבניות מיובשות 300 ג' משק ויילר,משק וואיילר,IL,טופו חומוס בתוספת עג,,300.00,100 גרם,false,,13.70,0.0457,true,1,247995
7290003804252,false,תיבולית נוסח הודי קנור 72 גרם,יוניליוור ישראל מזון,IL,תיבולית הודי קנור 72,,72.00,100 גרם,false,,10.90,0.1514,true,1,182690
7290003804382,false,"תיבולית פטריות בד""ץ 72 ג' קנור",יוניליוור ישראל מזון,IL,תיבולית קנור פטריות,,72.00,,false,,10.90,0.1514,true,1,182696
7290003882922,false,עלי גפן ממולאים באורז וילי פוד 360 גרם,הזה פלאקספו פוד קו ב,CN,עלי גפן ממולא 400 גר,,400.00,,false,,10.90,0.0273,true,1,178633
7290003938049,false,הפי נוזל הברקה שויצרית,אורומרקטינג,DE,הפי נוזל הברקה למדיח,,948.00,,false,,19.90,0.0210,true,1,183667
7290003955015,false,סוכריות צבעוניות לעוגה,קריות זול,,סוכריות לקישוט מזרה,,100.00,,false,,4.90,0.0490,true,1,254081
7290003989096,false,סלט חצילים פיקנטי אחלה 500 גרם,מיוצר עי קונדיטוריית,IL,חציל פיקנטי אחלה 500,,500.00,,false,,17.90,0.0358,true,1,195780
7290003989539,false,לורנצו רביולי במילוי גבינה,מיוצר עי קונדיטוריית,IL,רביולי גבינה שטראוס,,400.00,100 גרם,false,,22.90,0.0572,true,1,195781
7290003989553,false,פסטה טורטליני גבינה ופטריות 400 גרם,מיוצר עי קונדיטוריית,IL,טורטליני פטריות שטרא,,400.00,100 גרם,false,,22.90,0.0572,true,1,195782
7290004033705,false,הבורגריה – 6 לחמניות המבורגר בשקית,מאפית י את א ברמן בע,IL,לחמניות המבורגר ביג,,600.00,100 גרם,false,,15.90,0.0265,true,1,245692
7290004033712,false,לחם עננים מקמח מלא עם פרוסות עבות,מאפית י את א ברמן בע,IL,לחם עננים מקמח מלא 7,,750.00,100 גרם,false,,16.90,0.0225,true,1,245690
7290004033729,false,לחם עננים מקמח כוסמין עם פרוסות עבות,מאפית י את א ברמן בע,IL,לחם עננים כוסמין 750,,750.00,,false,,16.90,0.0225,true,1,245691
7290004033736,false,"עננים לחם לבן בסגנון בריוש עם פרוסות עבות, 500 גרם",מאפית י את א ברמן בע,IL,לחם עננים סגנון בריו,,500.00,100 גרם,false,,16.90,0.0338,true,1,246932
7290004063016,false,מלח שולחן -מוצר בפיקוח,האי נאם סי או אל.טי.,IL,מלח שולחן 1קג,,1000.00,,false,,2.07,0.0021,true,1,207075
7290004063115,false,"מלח מטבח עבה להמלחת בשר ובישול 1 ק""ג 1ק""ג",האי נאם סי או אל.טי.,IL,מלח למליחות בשר וביש,,1000.00,,false,,2.07,0.0021,true,1,207076
7290004064082,false,מטחנה מלח ים טבעי 250 גרם מלח הארץ,חברת מלח הארץ אילת ב,IL,מלח ים טבעי מטחנה 25,,250.00,100 גרם,false,,15.90,0.0636,true,1,190788
7290004064099,false,מטחנה מלח מהרי ההימלאיה 250 ג מלח הארץ,חברת מלח הארץ אילת ב,IL,מלח מהרי ההימלאי מטח,,250.00,,false,,19.50,0.0780,true,1,190789
7290004064303,false,מלח אטלנטי בצנצנת מלח הארץ 800 גרם,"מלח הארץ אילת בע""מ",IL,מלח אטלנטי בצנצנת 80,,800.00,,false,,19.90,0.0249,true,1,224792
7290004068028,false,"יוגורט צזיקי לשתיה 3.5% 500 מ""ל רובין",מיוצר על ידי קוד יצר,IL,משקה יוגורט צזיקי 3.,,500.00,,false,,10.50,0.0210,true,1,171603
7290004068035,false,"איירן יוגורט לשתייה 3% גד 500 מ""ל","מיוצר ע""י קוד יצרן M",IL,משקה איירן בסגנון בל,,500.00,,false,,8.90,0.0178,true,1,171604
7290004068172,false,"יוגורט עיזים בדלי 5% 600 מ""ל רובין",קוד יצרן MKN,IL,יוגורט עיזים דלי 5%,,600.00,100 גרם,false,,19.50,0.0325,true,1,171606
7290004078225,false,"שטיפת פה קולגייט פלקס מינט ירוק 500מ""ל",קולגייט- פלמוליב,PL,קולגייט מי פה פלקס ס,,500.00,,false,,19.90,0.0398,true,1,185660
7290004078690,false,"אגקס נוזל לניקוי אסלות מרענן 750 מ""ל",הנסיך- מפעל לייצור ט,GR,אגקס נוזל לניקוי אסל,,750.00,100 גרם,false,,16.90,0.0225,true,1,185667
7290004078942,false,ליידי ספיד סטיק - דאודורנט ג'ל לאישה 65 גרם,קולגייט פלמוליב,US,ליידי ספיד סטיק 24/7,,65.00,,false,,24.90,0.3831,true,1,185672
7290004119225,false,יופלה יוגורט אננס %3 גביע 150 גרם,תנובה מרכז שיתופי לש,IL,יופלה אננס 3% 150גר,,150.00,100 גרם,false,,5.40,0.0360,true,1,189292
7290004119928,false,קרלו מעדן וניל רביעיות גביע 125 1.5%,מחלבת אלון תבור,IL,קרלו וניל 1.5% 125גר,,125.00,100 גרם,false,,3.20,0.0256,true,1,189299
7290004119973,false,קרלו מעדן שוקו רביעיה גביע 125 1.5%,תנובה מרכז שיתופי לש,IL,קרלו שוקולדה 1.5% 12,,125.00,100 גרם,false,,3.20,0.0256,true,1,189300
7290004120061,false,קרלו שוניל מעדן 125 גרם,תנובה מרכז שיתופי לש,IL,קרלו שוניל 1.5% 125מ,,125.00,,false,,3.20,0.0256,true,1,189301
7290004120108,false,יופלה דיאט יוגורט דובדבן %0 גביע 150גרם,תנובה מרכז שיתופי לש,IL,יופלה דיאט דובדבן 0%,,150.00,100 גרם,false,,5.40,0.0360,true,1,189303
7290004120566,false,פיראוס 24% גבינה בולגרית 250 גרם,תנובה חלב,IL,בולגרית 24% פיראוס,,250.00,100 גרם,false,,24.90,0.0996,true,1,189320
7290004120573,false,פיראוס 16% גבינה בולגרית 250 גרם,תנובה מרכז שיתופי לש,IL,בולגרית בקר 16% פירא,,250.00,100 גרם,false,,24.90,0.0996,true,1,189321
7290004120634,false,גבינה פיראוס בולגרית 5% 250 גרם,תנובה מרכז שיתופי לש,IL,בולגרית 5% 250גר פיר,,250.00,100 גרם,false,,24.90,0.0996,true,1,189322
7290004120832,false,"חלב 2 ליטר 3% כד ""תנובה""- מוצר בפיקוח",תנובה מרכז שיתופי לש,IL,חלב תנובה 3% כד 2 לי,,2000.00,100 גרם,false,,12.46,0.0062,true,1,189325
7290004121488,false,יופלה דיאט אפרסק 0% גביע 150 גרם,תנובה מרכז שיתופי לש,IL,יופלה דיאט אפרסק 0%,,150.00,100 גרם,false,,5.40,0.0360,true,1,189338
7290004121525,false,יופלה מאגדת פרי 4 תות 4 אפרסק 3% 8 יח'*150 ג',תנובה מרכז שיתופי לש,IL,יופלה אפרסק תות 3% 8,,1200.00,100 גרם,false,,32.90,0.0274,true,1,189341
7290004121754,false,יוגורט עוגת גבינה ותות 3% שומן 150 ג' יופלה,תנובה חלב,IL,יופלה קרם גבינה ותות,,150.00,100 גרם,false,,5.40,0.0360,true,1,189349
7290004121853,false,גבינה בולגרית פיראוס 5% קוביות 200 גרם,תנובה מרכז שיתופי לש,IL,בולגרית בקוביות 5%פי,,200.00,100 גרם,false,,22.90,0.1145,true,1,189352
7290004122119,false,פתיתי פרמזן 23% לפסטה השף הלבן 100 גרם,פ.פ.ח. שאביט,IL,פתיתי פרמזן לפסטה 10,,100.00,100 גרם,false,,13.90,0.1390,true,1,189358
7290004122195,false,"גבינת גוש חלב פרוס 28%, כשרות מהדרין, 200 ג'",תנובה חלב,IL,גבינה גוש חלב פרוס 2,,200.00,100 גרם,false,,14.90,0.0745,true,1,189359
7290004122270,false,עמק קלאסית פרוסות גבינה חצי קשה 28% 200 גרם,תנובה מרכז שיתופי לש,IL,עמק פרוס סגירה חוזרת,,200.00,100 גרם,false,,17.70,0.0885,true,1,189360
7290004122348,false,גבינת עמק לייט פרוס בקופסא 200 גרם,תנובה מרכז שיתופי לש,IL,עמק לייט 9% 200גר,,200.00,100 גרם,false,,18.90,0.0945,true,1,189362
7290004122676,false,גבינת חמד לייט 5% פיראוס 250 ג',"תנובה,מחלבת טנא נוגה",IL,גבינת חמד לייט גביע,,250.00,100 גרם,false,,19.50,0.0780,true,1,189369
7290004122683,false,עמק חטיף אצבעות גבינה חצי קשה 28% שומן,תנובה מרכז שיתופי לש,IL,עמק אצבעות גבינה 172,,172.00,100 גרם,false,,17.90,0.1041,true,1,189370
7290004124205,false,יופלה דיאט יוגורט תות %0 גביע 150 גרם,תנובה מרכז שיתופי לש,IL,יופלה דיאט תות 0% 15,,150.00,100 גרם,false,,5.40,0.0360,true,1,189400
7290004124847,false,"קצפת צמחית השף הלבן 500 מ""ל תנובה",תנובה מרכז שיתופי לש,IL,קצפת צמחית 24% 500מל,,500.00,,false,,16.90,0.0338,true,1,189408
7290004125370,false,"שמנת חמוצה 9 % מופחתת שומן 200 מ""ל",תנובה מרכז שיתופי לש,IL,שמנת קלה 9% 200מל תנ,,200.00,,false,,4.10,0.0205,true,1,189418
7290004125400,false,"אשל שלי מהדרין 200 מ""ל 4.5% ""תנובה""- מוצר בפיקוח",פארייפאבה אגרואינדוס,IL,אשל 200 מל,,200.00,100 גרם,false,,1.69,0.0084,true,1,189419
7290004125417,false,"גיל 3% שלי 200 מ""ל ""תנובה"" -מוצר בפיקוח",תנובה מרכז שיתופי לש,IL,"גיל 200 מ""ל",,200.00,100 גרם,false,,1.51,0.0076,true,1,189420
7290004125455,false,"שמנת חמוצה 200 מ""ל 15% ""תנובה"" -מוצר בפיקוח",תנובה מרכז שיתופי לש,IL,שמנת אורגינל מהדרין,,200.00,100 גרם,false,,2.40,0.0120,true,1,189421
7290004125462,false,"שמנת אורגינל 15% מהדרין 500 מ""ל",תנובה מרכז שיתופי לש,IL,שמנת חמוצה 15% 500מל,,500.00,100 גרם,false,,6.00,0.0120,true,1,189422
7290004125509,false,"שמנת 15% חצי מנה 100 מ""ל תנובה",תנובה מרכז שיתופי לש,IL,שמנת חצי מנה 15% תנו,,100.00,,false,,2.10,0.0210,true,1,189424
7290004125578,false,משקה סויה מעושר בסידן תנובה 1ל',תנובה מרכז שיתופי לש,IL,משקה סויה מועשר בסיד,,1000.00,,false,,11.90,0.0119,true,1,189425
7290004125585,false,משקה סויה וניל תנובה E אלטרנטיב,תנובה מרכז שיתופי לש,IL,משקה סויה על הבוקר ת,,1000.00,,false,,12.90,0.0129,true,1,189426
7290004125721,false,"השף הלבן שמנת עמידה לבישול 15% תנובה 250 מ""ל",תנובה מרכז שיתופי לש,IL,שמנת לבישול 15% 250מ,,250.00,,false,,9.50,0.0380,true,1,189436
7290004125738,false,שמנת מתוקה להקצפה32% 250מל עמיד השף הלבן,תנובה מרכז שיתופי לש,IL,שמנת להקצפה 32% 250מ,,250.00,,false,,7.40,0.0296,true,1,189437
7290004125776,false,גבינה צהובה עמק 28% 400 גרם בקופסא,תנובה חלב,IL,עמק פרוסות 28% 400גר,,400.00,100 גרם,false,,31.90,0.0797,true,1,189440
7290004126674,false,טל העמק פרוסות גבינה חצי קשה לייט %9 200 גרם בקופסא,תנובה מרכז שיתופי לש,IL,עמק טל לייט 9% 200גר,,200.00,100 גרם,false,,21.50,0.1075,true,1,189458
7290004126759,false,יופלה דיאט פירות יער %0 גביע 150 גרם,תנובה חלב,IL,יופלה דיאט פירות יער,,150.00,,false,,5.40,0.0360,true,1,189462
7290004127077,false,קוטג תנובה 3% גביע 250 גרם מהדרין,מיוצר עי קונדיטוריית,IL,קוטג 3% תנובה 250גר,,250.00,,false,,5.90,0.0236,true,1,189464
7290004127329,false,קוטג תנובה גביע 250 גרם %5 ו.מהדרין,מיוצר עי קונדיטוריית,IL,קוטג 5% 250גר תנובה,,250.00,,false,,5.90,0.0236,true,1,189466
7290004127336,false,קוטג תנובה גביע 250 גרם %9 ו.מהדרין,מיוצר עי קונדיטוריית,IL,קוטג 9% 250גר תנובה,,250.00,,false,,5.90,0.0236,true,1,189467
7290004127800,false,"גבינה לבנה 500 גרם 5% ""תנובה"" -מוצר בפיקוח",מיוצר עי קונדיטוריית,IL,גבינה לבנה 5% 500גר,,500.00,,false,,9.96,0.0199,true,1,189472
7290004127817,false,גבינה לבנה 9% שומן 500 ג' תנובה,מיוצר עי קונדיטוריית,IL,גבינה לבנה %9 500גר,,500.00,100 גרם,false,,10.40,0.0208,true,1,189473
7290004127862,false,"גבינה לבנה 750 גרם 5% ""תנובה"" - מוצר בפיקוח",תנובה מרכז שיתופי לש,IL,גבינה לבנה 5% 750גרם,,750.00,,false,,14.94,0.0199,true,1,189474
7290004127916,false,גבינה לבנה 0.5% שומן 500 ג' תנובה,תנובה מרכז שיתופי לש,IL,גבינת לבנה תנובה 1/2,,500.00,100 גרם,false,,10.40,0.0208,true,1,189476
7290004128333,false,לאבנה על בסיס יוגורט %9 שומן 500 ג' פיראוס,תנובה חלב,IL,לאבנה גביע %9 500גר,,500.00,100 גרם,false,,21.90,0.0438,true,1,189490
7290004128340,false,קרם גבינת שמנת %5 בטעם טבעי 200 ג' תנובה,תנובה חלב,IL,גבינת שמנת בטעם טבעי,,200.00,100 גרם,false,,12.30,0.0615,true,1,189491
7290004128432,false,פתיתים מיוחדים לפיצה על בסיס גבינה 500 ג',תנובה חלב,IL,פתיתי גבינה מותכת הש,,500.00,100 גרם,false,,25.50,0.0510,true,1,189497
7290004129101,false,גבינת שמנת 25% בטעם טבעי 225 ג' נפוליאון,תנובה מרכז שיתופי לש,IL,גבינת נפוליאון בטעם,,225.00,100 גרם,false,,14.90,0.0662,true,1,189511
7290004129156,false,גבינת שמנת25% עם שום שמיר 225 ג' נפוליאון,תנובה מרכז שיתופי לש,IL,גבינת נפוליאון שום ש,,225.00,100 גרם,false,,14.90,0.0662,true,1,189513
7290004129767,false,"3% 'יופלה לבן מארז שמינייה 1.2 ק""ג",מחלבת אלון תבור,IL,יופלה לבן מאגדת שמינ,,1200.00,100 גרם,false,,18.90,0.0157,true,1,189538
7290004130794,false,משקה סויה טבעי במתיקות מופחתת 1 ליטר,תנובה מרכז שיתופי לש,IL,משקה סויה מועשר 1 לי,,1000.00,,false,,12.90,0.0129,true,1,189553
7290004130916,false,יוגורט 3% פירות יער בשמנת 150 ג' יופלה,תנובה מרכז שיתופי לש,IL,יופלה בטעם פירות יער,,150.00,100 גרם,false,,5.40,0.0360,true,1,189557
7290004131074,false,"חלב 1 ליטר 3% קרטון ""תנובה""- מוצר בפיקוח",תנובה מרכז שיתופי לש,IL,חלב בקרטון מהדרין תנ,,1000.00,100 גרם,false,,6.23,0.0062,true,1,189565
7290004131432,false,יוגורט ביו 3% שומן 200 ג' יופלה,מיוצר עי קונדיטוריית,IL,יופלה לבן 3% 200מל,,200.00,,false,,4.30,0.0215,true,1,189575
7290004131456,false,יוגורט ביו 1.5% שומן 200 ג' יופלה,מיוצר עי קונדיטוריית,IL,יופלה לבן 1.5% 200מל,,200.00,,false,,4.30,0.0215,true,1,189576
7290004131531,false,משקאות חלב תנובה שוקו בקבוק 1ל,תנובה מרכז שיתופי לש,IL,שוקו תנובה בקבוק 1ל,,1000.00,,false,,13.90,0.0139,true,1,189582
7290004131814,false,גבינה צפתית 5% מעודנת 200 ג' פיראוס,פארייפאבה אגרואינדוס,IL,צפתית מעודנת 5% 200ג,,200.00,100 גרם,false,,15.90,0.0795,true,1,189593
7290004132170,false,"לבן טבעי 1.5% 150 מ""ל יופלה",,,יופלה לבן טבעי 1.5%,,150.00,,false,,3.00,0.0200,true,1,250010
7290004132552,false,משקה סויה לייט בטעם טבעי טרי 1 ליטר,תנובה מרכז שיתופי לש,IL,משקה סויה דיאט וניל,,1000.00,,false,,12.90,0.0129,true,1,189608
7290004132712,false,חטיף אצבעות גבינת מוצרלה 20% 172 ג' עמק,תנובה מרכז שיתופי לש,IL,עמק אצבעות מוצרלה 20,,172.00,100 גרם,false,,17.90,0.1041,true,1,189617
7290004132903,false,גבינה לבנה 3% מהדרין תנובה 250 גרם,תנובה מרכז שיתופי לש,IL,"גבינה לבנה 3% בד""צ 2",,250.00,100 גרם,false,,5.20,0.0208,true,1,189623
7290004133511,false,יופלה מאגדת לבן 1.5% מעודן 8 יח' * 150 ג',מיוצר עי קונדיטוריית,IL,יופלה לבן מאגדת שמינ,,1200.00,100 גרם,false,,21.90,0.0182,true,1,189639
7290004135225,false,מעדן חלב דל קלוריות בטעם שוקולד 0.2שומ,תנובה מרכז שיתופי לש,IL,מעדן תנובה דיאט שוקו,,150.00,,false,,4.50,0.0300,true,1,189683
7290004135614,false,גבינה בולגרית מעודנת 5% 250 ג' פיראוס,תנובה חלב,IL,בולגרית מעודנת בקר פ,,250.00,100 גרם,false,,24.90,0.0996,true,1,189702
7290004136598,false,מארז הפסקת אוכל עם קורנפלקס ומשקה חלב עמיד בטעם וניל,פארייפאבה אגרואינדוס,IL,הפסקת אוכל חלב ודגני,,150.00,,false,,10.90,0.0727,true,1,189738
7290004136857,false,ג'לי תנובה פטל 125 גרם,תנובה מרכז שיתופי לש,IL,ג'לי תנובה פטל 125גר,,125.00,100 גרם,false,,2.90,0.0232,true,1,189743
7290004136871,false,מעדן ג'לי בטעם אפרסק עם חתיכות תנובה 125 גרם,תנובה מרכז שיתופי לש,IL,ג'לי תנובה אפרסק עם,,125.00,100 גרם,false,,3.20,0.0256,true,1,189745
7290004137021,false,"שמנת לבישול 10% עמיד השף הלבן 250 מ""ל",תנובה מרכז שיתופי לש,IL,שמנת לבישול 10% 250מ,,250.00,,false,,9.50,0.0380,true,1,189748
7290004137311,false,עמק לייט משפחתית 9% 400ג-ועדת מהדרין,תנובה חלב,IL,עמק לייט משפחתית 9%,,400.00,100 גרם,false,,32.90,0.0822,true,1,189763
7290004137809,false,פיראוס לאבנה 5% גביע 250 גרם,"תנובה, מחלבת אלון תב",IL,לאבנה 5% 250גר פיראו,,250.00,100 גרם,false,,13.90,0.0556,true,1,189777
7290004146986,false,נקה 7 שמפו לשיער צבוע ומובהר 750 מל,אמיליה קוסמטיקס,IL,נקה 7 שמפו לשיער צבו,,750.00,,false,,13.90,0.0185,true,1,180335
7290004165017,false,"רסק תפו""ע 600 גרם טבעי ללא סוכר יכין",זנלכל,IL,"רסק תפו""ע ללא סוכר 5",,560.00,,false,,9.90,0.0177,true,1,174399
7290004200930,false,זיקוק זוג 15 סמ בשקי,שמחה זה אנחנו,,זיקוק עבה 2 בשקית,יחידה,0.00,יחידה,false,,8.90,0.0000,true,1,186649
7290004255305,false,נר נשמה שבועי בפלסטיק מנורה,"מנורה שי נר בע""מ",IL,נר נשמה בכוס פלסטיק,יחידה,0.00,יחידה,false,,10.90,0.0000,true,1,246116
7290004255428,false,נר נשמה 24 שעות - מנורה,"מנורה שי נר בע""מ",IL,נר נשמה מנורה פחית 2,יחידה,0.00,יחידה,false,,2.50,0.0000,true,1,238078
7290004255558,false,נרות שבת אורה מספר 2,מנורה,IL,נרות שולחן 20 יח,,20.00,,false,,4.50,0.2250,true,1,173457
7290004267049,false,עוגיות ריבועיות מיני שוקו וניל ברמן 200 גרם,,,עוגיות מיני ריבועיות,,200.00,,false,,6.90,0.0345,true,1,175057
7290004267124,false,עוגיות במילוי תות שדה ברמן 200ג',קריות זול,IL,עוגיות ממולאות בטעמי,,200.00,,false,,6.90,0.0345,true,1,176988
7290004267209,false,עוגיות לקפה בשקית 200ג',,,עוגיות לקפה ברמן 200,,200.00,100 גרם,false,,6.90,0.0345,true,1,214232
7290004267216,false,עוגיות ברמן ריבה בשקית 200 גר',,,עוגיות ריבה ברמן 200,,200.00,100 גרם,false,,6.90,0.0345,true,1,214233
7290004492762,false,נשנושים תירס ב.בייגל 325 ג',אתר בייגל - Food,IL,נשנושים תירס 325גר,,325.00,100 גרם,false,,14.90,0.0458,true,1,182856
7290004532048,false,גרעיני דלעת קלויים ומומלחים 200 גר',דין שיווק,,גרעין לבן 200גר,,200.00,100 גרם,false,,8.90,0.0445,true,1,211916
7290004532062,false,הטיב גרעיני אבטיח 200ג,דין שיווק,,גרעיני אבטיח 200גר,,200.00,,false,,13.90,0.0695,true,1,211917
7290004532086,false,אגוז קשיו 200 גרם,g&g,,קשיו 200גר,,200.00,100 גרם,false,,18.90,0.0945,true,1,211919
7290004532093,false,הטיב בוטנים בקליפה 250ג,g&g,,בוטנים בקליפה 250גר,,250.00,100 גרם,false,,7.90,0.0316,true,1,211920
7290004532383,false,הטיב פקאן טבעי במגש 250ג,דין שיווק,,פקאן טבעי במגש 200גר,,200.00,100 גרם,false,,26.90,0.1345,true,1,211940
7290004532390,false,אגוז מלך טבעי קלוף 200 גר',דין שיווק,,אגוזי מלך בשקית 200ג,,200.00,,false,,17.90,0.0895,true,1,211941
7290004532444,false,שקד טבעי 200ג' הטיב,g&g,,שקד טבעי 200גרם,,200.00,,false,,19.90,0.0995,true,1,211944
7290004532574,false,גרעינים שחורים 200 גר',"גיי אנג גי פקאנס בע""",IL,גרעין שחור 200גר,,200.00,100 גרם,false,,5.90,0.0295,true,1,211951
7290004532581,false,בוטנים קלויים 200ג' הטיב,g&g,,בוטנים קלויים 200גר,,200.00,100 גרם,false,,6.90,0.0345,true,1,211952
7290004584306,false,רבעיית גמדים בטעם תות בננה * 100 ג' שטראוס,מיוצר עי קונדיטוריית,IL,גמדים תות בננה 4*100,,400.00,100 גרם,false,,11.90,0.0298,true,1,195803
7290004584351,false,גבינה לבנה סימפוניה עם תוספות 200 ג' חמישית 200,"שטראוס בריאות בע""מ",IL,גבינת סימפוניה טעם ט,,200.00,,false,,11.90,0.0595,true,1,195804
7290004584528,false,יוגורט דנונה ביו לבן 1.7% שומן 200 גרם,מיוצר עי קונדיטוריית,IL,דנונה ביו 1.5% 200גר,,200.00,100 גרם,false,,3.80,0.0190,true,1,195806
7290004585907,false,דני ועדן וניל 1.5% 125ג' שטראוס,מיוצר עי קונדיטוריית,IL,דני וניל 125 גר,,125.00,,false,,3.00,0.0240,true,1,195810
7290004586171,false,תירוש אדום 650מל כרמ,,,תירוש אדום 650מל כרמ,,650.00,,false,,16.20,0.0249,true,1,234441
7290004685010,false,לחם 100% שיפון פלוס לחם הארץ 500 גר',מאפית י את א ברמן בע,IL,לחם הארץ שיפון פלוס,,500.00,100 גרם,false,,17.90,0.0358,true,1,199980
7290004685027,false,לחם חיטה מלאה פלוס לחם הארץ 500 גרם,מאפית י את א ברמן בע,IL,לחם הארץ חיטה מלאה פ,,500.00,100 גרם,false,,17.90,0.0358,true,1,199981
7290004685089,false,לחם הארץ לחם חמניות 500 גר',מאפית י את א ברמן בע,IL,לחם הארץ חמניות 500ג,,500.00,100 גרם,false,,17.90,0.0358,true,1,199984
7290004685126,false,לחם פומפרניקל לחם הארץ 750 גרם,מאפית י את א ברמן בע,IL,לחם הארץ פומפרניקל 7,,750.00,100 גרם,false,,17.90,0.0239,true,1,199987
7290004685157,false,לחם שיפון 100% 750 גרם לחם הארץ,מאפית י את א ברמן בע,IL,לחם הארץ שיפון 100%,,750.00,100 גרם,false,,17.90,0.0239,true,1,199990
7290004685195,false,לחם 10 דגנים לחם הארץ 750 גרם,מאפית י את א ברמן בע,IL,לחם הארץ 10 דגנים 75,,750.00,100 גרם,false,,17.90,0.0239,true,1,199992
7290004685201,false,לחם הארץ אגוזים 500 גרם,מאפית י את א ברמן בע,IL,לחם הארץ אגוזים 500ג,,500.00,100 גרם,false,,17.90,0.0358,true,1,199993
7290004685225,false,לחם שיפון פומפרניקל מקמח שיפון,מאפית י את א ברמן בע,IL,לחם הארץ פומפרניקל 7,,750.00,100 גרם,false,,17.90,0.0239,true,1,199995
7290004685430,false,לחם הארץ כוסמין 100% 500 גרם,מאפית י את א ברמן בע,IL,לחם הארץ כוסמין 100%,,500.00,100 גרם,false,,17.90,0.0358,true,1,220805
7290004685447,false,לחמניות כוסמין 6 בשקית 450 גרם,מאפית י את א ברמן בע,IL,לחמניות כוסמין 6יח ש,,450.00,100 גרם,false,,13.90,0.0309,true,1,224872
7290004685454,false,לחם שיבולת שועל 500 גר'.,מאפית י את א ברמן בע,IL,לחם הארץ שיבולת שועל,,500.00,,false,,17.90,0.0358,true,1,224873
7290004731076,false,אל סבון נוזלי עם אלוורה כיף 1 ליטר,טרופיקל דגיל תעשיות,IL,כיף אל סבון אלוורה 1,,1000.00,100 גרם,false,,14.90,0.0149,true,1,180339
7290004731083,false,"סבון נוזלי לידיים ג'נסינג ""כיף""",טרופיקל דגיל תעשיות,IL,כיף אלסבון ג'נסנג 1ל,,1000.00,100 גרם,false,,14.90,0.0149,true,1,180340
7290004731090,false,אלסבון כיף קמומיל 1 ליטר,קוסמופארם,IL,כיף אלסבון קמומיל 1,,1000.00,,false,,14.90,0.0149,true,1,180341
7290004731137,false,קרמה קרם ידיים לעור יבש,קוסמופארם,IL,קרמה קרם ידיים,,100.00,,false,,9.90,0.0990,true,1,180345
7290004731472,false,"אל סבון צבעוני כיף שלישיה* 500 מ""ל",טרופיקל דגיל תעשיות,IL,כיף אל סבון שלישיה צ,,1500.00,,false,,22.90,0.0153,true,1,180355
7290004737900,false,"חלב מרוכז וממותק בתוספת שומן צמחי וילי פוד 397 מ""ל",יו.איי.בי מאריג'אמפו,LT,חלב מרוכז ממותק 397,,397.00,,false,,11.90,0.0300,true,1,178645
7290005068058,false,תירס קל מופחת קלוריות 550 ג' פרי הגליל,"פרי הגליל בע""""מ",IL,תירס קל מופחת קלוריו,,550.00,100 גרם,false,,9.90,0.0180,true,1,201282
7290005068447,false,"גרגרי תירס קל בוואקום ללת""ס פרי גליל 340ג'","פרי הגליל בע""""מ",IL,תירס קל בוואקום 340ג,,340.00,100 גרם,false,,9.90,0.0291,true,1,201283
7290005084355,false,סנסודין משחת שיניים דואל קר פלואוריד 75,גלקסו סמית קליין,GB,סנסודיין משחת שיניים,,75.00,,false,,22.90,0.3053,true,1,199600
7290005111761,false,"מזון לכלבים בונזו מזון כלבים בשר 3 ק""ג","ביופט בע""מ",IL,בונזו בשר 3קג,קילוגרמים,3.00,"ק""ג",false,,54.90,18.3000,true,1,179615
7290005174513,false,סלט חצילים במיונז אחלה 500 גרם,מיוצר עי קונדיטוריית,IL,חציל במיונז אחלה 500,,500.00,,false,,16.90,0.0338,true,1,195815
7290005174551,false,סלט חומוס עם צנוברים 125 ג' אחלה,מיוצר עי קונדיטוריית,IL,סלט חומוס אחלה 125גר,,125.00,100 גרם,false,,5.80,0.0464,true,1,195816
7290005174575,false,טחינה אחלה יום יום משובחת 125ג',מיוצר עי קונדיטוריית,IL,סלט טחינה אחלה 125גר,,125.00,100 גרם,false,,5.80,0.0464,true,1,195818
7290005175428,false,"קמח תירס לל""ג ריבארה 500 ג'",קריות זול,AR,קמח תירס ויליפוד 500,,500.00,,false,,6.90,0.0138,true,1,178646
7290005197758,false,עוגיות חיוכים שוקו שוקו 150 גרם,אפיפית נצרת תעשיות ב,IL,עוגיות חיוכים שוקו 1,,150.00,100 גרם,false,,5.30,0.0353,true,1,208614
7290005199738,false,גומי מאסט בטעם פפרמינט ריח פה נעים פליפטופ 28 ג' עלית,"שטראוס גרופ בע""מ",IL,מסטיק מאסט פפרמינט ר,,28.00,,false,,5.00,0.1786,true,1,208629
7290005200786,false,תפוצ'יפס בטעם שמנת בצל עלית 50 גרם,"שטראוס פריטו ליי בע""",IL,תפוציפס שמנת ובצל 50,,50.00,,false,,4.50,0.0900,true,1,184125
7290005230455,false,צלחת עמוקה מרכזית 30,,,צלחת עמוקה מרכזית 30,יחידה,0.00,יחידה,false,,15.90,0.0000,true,1,193420
7290005270000,false,עלי סיגר מרוקאי 500,"חמים וטעים בע""מ",IL,עלי סיגר 500גר,,500.00,100 גרם,false,,16.90,0.0338,true,1,172442
7290005287251,false,טונה סטארקיסט במים רביעיות 4*160 גר,"סטארקיסט פודור בע""מ",IL,טונה סטארקיסט במים 4,,640.00,100 גרם,false,,26.90,0.0420,true,1,179627
7290005287510,false,טונה בשמן עם בפלפל חריף 160 ג' סטארקיסט,תאי יוניון גרופ,TH,טונה סטארקיסט בשמן פ,,160.00,,false,,8.90,0.0556,true,1,179631
7290005287527,false,טונה סטארקיסט בשמן עם לימון 160 גר,"סטארקיסט פודור בע""מ",TH,טונה סטארקיסט בשמן ל,,160.00,,false,,8.90,0.0556,true,1,179632
7290005287534,false,טונה סטארקיסט בשמן מעושן בית יוסף 112 גר,תאי יוניון גרופ,IL,טונה סטארקיסט בשמן ע,,160.00,,false,,8.90,0.0556,true,1,179633
7290005317194,false,בסקויט מתוק רגיל/שוקו 110 גר,אפיפית נצרת,IL,בסקוויט פתי בר מתוק,,110.00,,false,,3.90,0.0355,true,1,202421
7290005326387,false,עגבניות מיובשות בשמן זית אוליביה 270 גרם,קריות זול,IL,עגבניות מיובשות בשמן,,270.00,,false,,19.90,0.0737,true,1,192990
7290005326677,false,רוטב ברביקיו אוליביה 350 גר,,IL,רוטב ברביקיו 350 גרם,,350.00,,false,,16.90,0.0483,true,1,236648
7290005384851,false,וילי פוד מיץ לימון בדץ 200מל,קריות זול,IT,מיץ לימון ויליפוד 20,,200.00,,false,,5.90,0.0295,true,1,178652
7290005423499,false,"תרסיס לניקוי משטחי נירוסטה סנו 500 מ""ל",מיוצר עי קונדיטוריית,IL,סנו נירוסטה אירוסול,,475.00,100 גרם,false,,22.90,0.0482,true,1,180393
7290005423567,false,מטליות ניקוי רב שימושיות בגליל סנו סושי 40 יחידות,אסותא תעשיות אלבד בע,IL,סנו סושי בגליל 40יח,יחידה,0.00,יחידה,false,,22.90,0.0000,true,1,180396
7290005423635,false,ריצפז נוזל רצפות דוחה תיקנים סנו 2 ליטר,מיוצר עי קונדיטוריית,IL,ריצפז פלוס דוחה חרקי,ליטרים,2.00,ליטר,false,,25.90,12.9500,true,1,180397
7290005423734,false,מקסימה מרכך כביסה אולטרא פרש כחול סנו 4 ליטר,"סנו מפעלי ברונוס בע""",IL,סנו מקסימה מרכך כביס,ליטרים,4.00,ליטר,false,,23.90,5.9750,true,1,180398
7290005423918,false,סנו - מקסימה מרכך כביסה היפואלרגני אלוורה 4 ליטר,קריות זול,IL,סנו מקסימה מרכך כביס,ליטרים,4.00,ליטר,false,,23.90,5.9750,true,1,180402
7290005424403,false,"אל סבון כיף אצות ים קטיפתי 1ליטר,",טרופיקל דגיל תעשיות,IL,כיף אל סבון אצות ים,,1000.00,100 גרם,false,,14.90,0.0149,true,1,180410
7290005424847,false,"מפיות סופט לבנות לשולחן (150 יח') ""סנו""",מיוצר עי קונדיטוריית,TR,מפיות סנו סושי 150יח,יחידה,0.00,יחידה,false,,9.90,0.0000,true,1,180420
7290005424915,false,"סנומוד מבשם אויר בניחוח לבנדר פטצ'ולי סנו 150 מ""ל",סנו מפעלי בורונוס בע,IL,סנו מוד לבנדר פצ'ולי,,150.00,100 גרם,false,,14.90,0.0993,true,1,180423
7290005425127,false,"חיטוי משטחים 99.9% מתז לשומנים ואבנית 750 מ""ל","סנו מפעלי ברונוס בע""",IL,מתז לחיטוי ולניקוי י,,750.00,,false,,17.90,0.0239,true,1,239165
7290005425196,false,"מקסימה אבקת כביסה סנסיטיב סנו 2.5 ק""ג",מיוצר עי קונדיטוריית,IL,אבקת מקסימה סנסטיב 2,קילוגרמים,2.50,"ק""ג",false,,29.90,11.9600,true,1,180433
7290005425585,false,מטליות לחות לניקוי רהיטים סנו 20 יחידות,טרופיקל דגיל,IL,מטליות להברקת רהיטים,,20.00,,false,,13.90,0.6950,true,1,180441
7290005425646,false,קליר נוזל לניקוי חלונות רב תכליתי סנו 1 ליטר,"סנו מפעלי ברונוס בע""",IL,סנוקליר לניקוי חלונו,,1000.00,100 גרם,false,,12.90,0.0129,true,1,180443
7290005426193,false,ספוגית הפלא סנו סושי 6 יחידות,טרופיקל דגיל תעשיות,IL,סנו סושי ספוג הפלא 6,יחידה,0.00,יחידה,false,,12.90,0.0000,true,1,180462
7290005426384,false,"סנומוד מבשם אויר מיס מיליון סטטוס סנו 150 מ""ל",סנומוד,IL,סנו מוד,,150.00,100 גרם,false,,12.90,0.0860,true,1,180467
7290005426803,false,מקסימה מרכך כביסה פצ'ולי לבנדר סגול סנו 4 ליטר,סנו מקסימה,IL,סנו מקסימה מרכך כביס,ליטרים,4.00,ליטר,false,,23.90,5.9750,true,1,180481
7290005426964,false,סנובון סבון לאסלה בניחוח אפרסק סנו 3 יחידות,סנו סנובון,IL,סנובון כחול בריח אפר,,150.00,,false,,17.90,0.1193,true,1,180488
7290005426971,false,סנובון סבון לאסלה תפוח כחול סנו 3 יחידות,סנו סנובון,IL,סנובון כחול בריח תפו,,150.00,,false,,17.90,0.1193,true,1,180489
7290005427107,false,סנו - סושי מגבות נייר הפלא 6 יחידות,מיוצר עי קונדיטוריית,IL,סנו סושי מגבות הפלא,,6.00,,false,,13.90,2.3167,true,1,180493
7290005427619,false,"כיף גל לשיער לשיער קוצים 1ק""ג",גוד פוד פרודקטס S.p,IL,כיף ג'ל לשיער ירוק 1,,1.00,,false,,25.90,25.9000,true,1,180524
7290005427626,false,"ג'ל לעיצוב השיער למראה רטוב כיף 1 ק""ג",קוסמופארם בעמ,IL,כיף ג'ל 1קג,,1000.00,100 גרם,false,,24.90,0.0249,true,1,180525
7290005427725,false,"חמישיית מגבונים מבושם ""ליטופים""",טרופיקל דגיל קוסמטיק,IL,מגבוני ליטופים מבושם,,5.00,,false,,22.90,4.5800,true,1,180528
7290005429279,false,סנו מקסימה קומפקט קומפקט אפקט גאוול 6 ק,סנו מקסימה,IL,סנו מקסימה אבקת כביס,קילוגרמים,6.00,"ק""ג",false,,59.90,9.9833,true,1,180565
7290005430602,false,"סנו אוקסיג'ן ספריי להסרת כתמים עם חמצן פעיל 750 מ""ל","סנו מפעלי ברונוס בע""",IL,סנו אוקסיגן מסיר כתמ,,750.00,,false,,19.90,0.0265,true,1,180571
7290005430671,false,פוליויקס נוזל לניקוי קרמיקה סנו 2 ליטר,סנו מפעלי ברונו בעמ,IL,פוליויקס קרמיקה 2ליט,ליטרים,2.00,ליטר,false,,24.90,12.4500,true,1,180577
7290005430862,false,מים מזוקקים סנו 4 ליטר,סנו,,מים מזוקקים 4 ליטר,ליטרים,4.00,ליטר,false,,19.90,4.9750,true,1,180580
7290005431159,false,עדן קינוחים תותים בקצפת לייט,עדן קינוחים,IL,תותים בקצפת לייט 80,,80.00,100 גרם,false,,7.50,0.0938,true,1,247163
7290005431883,false,עדן קינוחים מלבי חלבי,עדן קינוחים Eden,IL,מלבי חלבי 165 גרם,,165.00,100 גרם,false,,7.50,0.0455,true,1,224784
7290005431906,false,מעדן קדאיף עדן קינוח,עדן קינוחים Eden,IL,קדאיף 82 גרם,,92.00,100 גרם,false,,7.50,0.0815,true,1,224786
7290005431913,false,עדן קינוחים עוגת גבינה פירורים,עדן קינוחים Eden,IL,עוגת גבינה פירורים 9,,92.00,100 גרם,false,,7.50,0.0815,true,1,224787
7290005431937,false,עדן קינוחים טירמיסו,עדן קינוחים Eden,IL,טירמיסו 82 גרם,,82.00,100 גרם,false,,7.50,0.0915,true,1,224789
7290005431968,false,עדן קינוחים מלבי שמנת,עדן קינוחים Eden,IL,מלבי שמנת 150 גרם,,150.00,100 גרם,false,,7.90,0.0527,true,1,224791
7290005437540,false,פיטריות חתוך טעמן 290 גר',,IL,פטריות חתוכות טעמן 2,,290.00,,false,,4.90,0.0169,true,1,194698
7290005437632,false,שמן קנולה 1 ליטר טעמן,,IL,שמן קנולה טעמן 1ליטר,,1000.00,,false,,11.90,0.0119,true,1,194699
7290005437755,false,"פסטה צינורות 500 ג' בד""ץ טעמן",מוטלו,TR,פסטה טעמן 500גר,,500.00,,false,,5.90,0.0118,true,1,194700
7290005437762,false,"פסטה ספירלה 500 ג' בד""ץ טעמן",מוטלו,TR,פסטה ספירלה טעמן 500,,500.00,,false,,5.90,0.0118,true,1,194701
7290005437861,false,טעמן קוקטייל פירות 825גרם,פ.ת גרייט פנאפל,ID,קוקטייל פירות טרופיי,,825.00,,false,,13.90,0.0168,true,1,194706
7290005437939,false,פסטה ספגטיני 500 גר' טעמן,,,פסטה ספגטיני מס'10 ט,,500.00,100 גרם,false,,5.90,0.0118,true,1,194708
7290005437946,false,טעמן פסטה ספגטי 500 גרם,טעמן,,פסטה ספגטי מס' 6 טעמ,,500.00,,false,,5.90,0.0118,true,1,194709
7290005559587,false,מאפה נקניקיה בבצק מעדנות 800ג',מיוצר עי קונדיטוריית,IL,מאפה נקניקיות מעדנות,,800.00,,false,,32.90,0.0411,true,1,188403
7290005559709,false,בורקס פיצה מעדנות 700 גרם,מיוצר עי קונדיטוריית,IL,בורקס פיצה מעדנות 70,,700.00,,false,,28.90,0.0413,true,1,188408
7290005559907,false,פיצה משפחתית גבינה מעדנות 500 גר,מיוצר עי קונדיטוריית,IL,פיצה משפחתית גבינה מ,,500.00,100 גרם,false,,23.90,0.0478,true,1,188412
7290005559914,false,פיצה משפחתית זיתים מעדנות 550 גרם,מיוצר עי קונדיטוריית,IL,פיצה משפחתית זיתים מ,,550.00,100 גרם,false,,23.90,0.0435,true,1,188413
7290005559990,false,בצק פילאס תורכי מעדנות 600 גרם,מיוצר עי קונדיטוריית,IL,בצק פילאס תורכי מעדנ,,600.00,,false,,24.90,0.0415,true,1,188421
7290005591761,false,דבש טהור מפרחי בר בלחיץ 400 ג' יד מרדכי,מכוורת יד מרדכי שטרא,IL,דבש טהור מפרחי בר בל,,400.00,100 גרם,false,,29.90,0.0747,true,1,208643
7290005610509,false,צנונית ארוז דוד משה 500ג',ביכורי השקמה,IL,צנוניות יח,יחידה,0.00,יחידה,false,,6.90,0.0000,true,1,214237
7290005651427,false,שלישיות מעדני בונזו לכלבים 400X3 גרם,קריות זול,FR,בונזו מולטי פק 3*400,,1200.00,,false,,24.90,0.0207,true,1,179655
7290005658464,false,עוגיות מקלות מרוקאיות 350ג',,,עוגיות מובחרות עד 35,,350.00,,false,,12.90,0.0369,true,1,202505
7290005838002,false,מעדן גבינה ויוגורט בטעם וניל 88 ג' דניאלה,"שטראוס בריאות בע""מ",IL,דניאלה מעדן גבינה 15,,150.00,,false,,4.30,0.0287,true,1,195830
7290005838613,false,"סקי וניל בודד 125 גרם ""שטראוס""","שטראוס בריאות בע""מ",IL,סקי גבינת וניל 125גר,,125.00,100 גרם,false,,4.00,0.0320,true,1,195835
7290005838972,false,גבינת יום יום 5% שטראוס 125ג',מיוצר עי קונדיטוריית,IL,סקי גבינת לבנה 5% 12,,125.00,100 גרם,false,,3.70,0.0296,true,1,195836
7290005839078,false,"יוגורט דנונה ביו לבן 3% שומן 8*150 מ""ל",מיוצר עי קונדיטוריית,IL,דנונה ביו מארז שמיני,,1200.00,100 גרם,false,,17.70,0.0147,true,1,195837
7290005839108,false,גבינה לבנה סימפוניה עם תוספות 200 ג'+זיתים 5%,"שטראוס בריאות בע""מ",IL,גבינת סימפוניה עם זי,,200.00,,false,,11.90,0.0595,true,1,195839
7290005839313,false,"מילקי טופ מגולגלת שטראוס 170 מ""ל",מיוצר עי קונדיטוריית,IL,מילקי טופ מגולגלת 14,,142.00,,false,,4.90,0.0345,true,1,195840
7290005896620,false,סאן בנדטו - מוגז עדין - 1.5 ליטר,אקווה מינרלה סאן בנד,IT,סאן בנדטו מים מינרלי,,1500.00,100 גרם,false,,4.20,0.0028,true,1,173077
7290005966033,false,"יין הר חרמון לבן 750 מ""ל",יקבי רמת הגולן,IL,יין ירדן הר חרמון לב,,750.00,,false,,39.90,0.0532,true,1,215532
7290005966088,false,"יין הר חרמון אדום עברית 750 מ""ל",יקבי רמת הגולן,IL,יין הר חרמון אדום 75,,750.00,100 גרם,false,,39.90,0.0532,true,1,215533
7290005992018,false,"יוגורט עיזים לשתיה 3% מחלבות גד 500 מ""ל","מיוצר ע""י קוד יצרן M",IL,יוגורט עיזים 3% 500מ,,500.00,,false,,15.70,0.0314,true,1,171618
7290005992575,false,גבינה בולגרית למריחה 5% גד 250 גרם,מחלבות גד בעמ,IL,בולגרית למריחה 5% 25,,250.00,100 גרם,false,,19.90,0.0796,true,1,171622
7290005992735,false,לאבנה טבעית 5% 250 גר' - רבנות,הנסיך- מפעל לייצור ט,IL,לאבנה 5% 250גר מחלבו,,250.00,100 גרם,false,,13.50,0.0540,true,1,171625
7290005996078,false,סרוולט בסגנון הונגרי 200 גר,מעדני יחיעם,IL,סרוולד הונגרי יחיעם,,125.00,,false,,29.90,0.2392,true,1,224700
7290005996740,false,סלמי פפרוני יחיעם 300 ג',מעדני יחיעם 1993,IL,סלמי פפרוני יחיעם 30,,300.00,,false,,24.90,0.0830,true,1,245188
7290005996979,false,נקניק סלמי פרח יחיעם 200 גרם,מעדני יחיעם,IL,סלמי פרח יחיעם 200גר,,200.00,,false,,29.90,0.1495,true,1,248178
7290006131102,false,הליבוט עם עור פרוס ב,,,הליבוט עם עור פרוס ב,קילוגרמים,1.00,"ק""ג",true,,74.90,74.9000,true,1,215655
7290006185501,false,"פנינה רוזנבלום -אל סבון נוזלי ורוד,1 ליטר",פנינה רוזנבלום,IL,אל סבון ורוד פנינה ר,,1000.00,100 גרם,false,,11.90,0.0119,true,1,211107
7290006241504,false,פריגת תפוזים קפוא 345 גרם,פריגת מצוננים,IL,פריגת תפוזים קפוא 34,,345.00,,false,,15.90,0.0461,true,1,184678
7290006243577,false,בורקס תפוח אדמה שחף 800 גרם,שחף,,"בורקס תפו""א שחף 800ג",,800.00,,false,,17.90,0.0224,true,1,203290
7290006243713,false,בורקס גבינה שחף 800 גרם,שחף,,בורקס גבינה שחף 800ג,,800.00,100 גרם,false,,17.90,0.0224,true,1,203291
7290006251275,false,תה ירוק סיני קלאסי ויסוצקי 25 יחידות,תה ויסוצקי,IL,תה ירוק סיני 25יח,,37.50,100 גרם,false,,27.90,0.7440,true,1,190796
7290006251343,false,הגן הקסום תה פסיפלורה ומנגו ויסוצקי 25 יחידות,תה ויסוצקי,IL,תה פסיפלורה מנגו הגן,,62.50,,false,,19.90,0.3184,true,1,190798
7290006251374,false,תה ירוק לימונית וג'ינג'ר ויסוצקי 25 יחידות,תה ויסוצקי,IL,תה ירוק לימונית וגינ,,25.00,100 גרם,false,,27.90,1.1160,true,1,190800
7290006251589,false,תה ירוק עם עלי נענע 50 שקיקים ויסוצקי,בית ויסוצקי,IL,תה ירוק עם עלי נענע,,50.00,,false,,49.90,0.9980,true,1,190801
7290006265500,false,פטריות שמפיניון ארוז מרינה,"מרינה פטריות הגליל בע""מ",IL,פטריות שמפיניון ארוז,,250.00,,false,,9.90,0.0396,true,1,172536
7290006265821,false,כוסברה יח מהדרין מותג היתר מכירה,,,כוסברה מהדרין,יחידה,0.00,יחידה,false,,6.90,0.0000,true,1,172549
7290006271174,false,ג'חנון לאפיה בתנור מעדנות 700 גרם,מיוצר עי קונדיטוריית,IL,גחנון לאפיה בתנור מע,,700.00,,false,,19.90,0.0284,true,1,188425
7290006271181,false,ג'חנון אפוי מעדנות 750 גרם,מיוצר עי קונדיטוריית,IL,גחנון אפוי מעדנות 75,,750.00,,false,,27.90,0.0372,true,1,188426
7290006271648,false,מיני בורקס תפוחי אדמה מעדנות 800 גרם,"מעדנות בע""מ",IL,"מיני בורקס תפו""א מעד",,800.00,,false,,25.90,0.0324,true,1,188441
7290006271655,false,מיני בורקס גבינה מעדנות 800 גרם,מיוצר עי קונדיטוריית,IL,מיני בורקס גבינה מעד,,800.00,,false,,28.90,0.0361,true,1,188442
7290006272072,false,חטיפי פיצה בשקית מעדנות 650ג',"מעדנות בע""מ",IL,חטיפי פיצה מעדנות 65,,650.00,100 גרם,false,,34.90,0.0537,true,1,188454
7290006272430,false,בצק עלים חמאה מעדנות 600 גרם,מיוצר עי קונדיטוריית,IL,בצק עלים חמאה מעדנות,,600.00,100 גרם,false,,29.90,0.0498,true,1,188459
7290006306296,false,רביולי במילוי גבינה לילדים 400 ג' פסטה נונה,פסטנונה רמת דלטון מר,IL,רביולי במילוי גבינה,,400.00,100 גרם,false,,26.90,0.0672,true,1,189894
7290006306302,false,רביולי במילוי גבינות פרמזן ריקוטה 400 ג' פסטה נונה,דורום תעשיות מזון ופ,IL,רביולי פרמזן ריקוטה,,400.00,100 גרם,false,,26.90,0.0672,true,1,189895
7290006306319,false,רביולי במילוי בטטה 400 ג' פסטה נונה,דורום תעשיות מזון ופ,IL,רביולי במילוי בטטה 4,,400.00,,false,,26.90,0.0672,true,1,189896
7290006342072,false,גרעין לבן 200 גרם ששון הקולה,"דין שיווק וקלייה בע""",IL,גרעין דלעת קלוי ששון,,200.00,,false,,7.90,0.0395,true,1,200789
7290006342089,false,גרעין שחור 200 גרם ששון הקולה,"דין שיווק וקלייה בע""",IL,גרעין שחור 200גרם,,200.00,100 גרם,false,,4.90,0.0245,true,1,200790
7290006342515,false,מנצס 200 גרם ששון הקולה,"דין שיווק וקלייה בע""",,מנצס 200גרם,,200.00,100 גרם,false,,6.90,0.0345,true,1,200793
7290006346377,false,חציל בולגרית מונטה,מונטה קרלו,IL,חציל בולגרית 250 גרם,,250.00,,false,,23.90,0.0956,true,1,253673
7290006346414,false,"אבוקדו 250 גרם ""מונטה קרלו""",קלאס פוד,IL,סלט אבוקדו 250 גרם,,250.00,,false,,23.90,0.0956,true,1,253671
7290006346452,false,טונה זיתים ללא מיונז,מונטה קרלו,IL,טונה זיתים (ללא מיונ,,250.00,100 גרם,false,,24.90,0.0996,true,1,253674
7290006346643,false,חומוס זעתר 250 גרם ס,,,חומוס זעתר 250 גרם ס,,250.00,100 גרם,false,,16.90,0.0676,true,1,238807
7290006346773,false,רוטב צימיצורי גביע 2,,,רוטב צימיצורי גביע 2,,250.00,,false,,22.90,0.0916,true,1,238808
7290006346834,false,פלפלית בלימון חריף מ,מונטה קרלו,IL,פלפלית בלימון חריף ג,,250.00,,false,,16.90,0.0676,true,1,238809
7290006346971,false,חציל אפוי במיונז מונ,מונטה קרלו,IL,חציל אפוי במיונז 250,,250.00,100 גרם,false,,17.90,0.0716,true,1,238810
7290006346995,false,חציל בטעם כבד מונטה,מונטה קרלו,IL,חציל בטעם כבד גביע 2,,250.00,,false,,23.90,0.0956,true,1,238811
7290006374738,false,קונפיטורת יד מרדכי תות 340 גרם,אף.סי תבליני בגליל ב,IL,קונפיטורת תות יד מרד,,340.00,,false,,14.90,0.0438,true,1,208666
7290006376022,false,קורנפלור 200גר פרימי,,,קורנפלור 200גר פרימי,,200.00,,false,,4.90,0.0245,true,1,236983
7290006376329,false,ציפוי לשניצל בטעם קלאסי 350 גרם,,,ציפוי לשניצל קלאסי,,200.00,,false,,13.90,0.0695,true,1,174601
7290006376336,false,ציפוי לשניצל בטעם מקסיקני 350 גרם,,,ציפוי לשניצל מקסיקני,,200.00,,false,,13.90,0.0695,true,1,174602
7290006376343,false,ציפוי לשניצל בטעם ים תיכוני 350ג' שקית,,,ציפוי לשניצל ים תיכו,,200.00,,false,,13.90,0.0695,true,1,174603
7290006376626,false,אבקת סוכר מהדרין 100 ג',,,אבקת סוכר פרימיום 10,,100.00,,false,,2.70,0.0270,true,1,205885
7290006376695,false,עשיריית אבקת אפיה 10,אחים שפירא,,אבקת אפיה 10*10גר פר,,100.00,,false,,2.70,0.0270,true,1,205887
7290006376718,false,גלטין לעוגה פרימיום 24 יח,,,ג'לטין שקיות 24 גר,,24.00,100 גרם,false,,10.90,0.4542,true,1,198720
7290006376725,false,קוקוס טחון פרימיום 200 ג',,,קוקוס 200 גרם חילדה,,200.00,100 גרם,false,,7.90,0.0395,true,1,246865
7290006376732,false,שומשום 200 גרם חילדה,,,שומשום 200 גרם חילדה,,200.00,,false,,7.90,0.0395,true,1,246866
7290006492432,false,גבינת מוצרלה בייבי 18% גד 150 גרם,מחלבות גד בעמ,IL,בייבי מוצרלה מחלבות,,100.00,100 גרם,false,,16.70,0.1670,true,1,171640
7290006492616,false,גבינה בולגרית מעודנת פרוסות 5% גד 250 גרם,DSH עבור מחלבות גד ב,IL,בולגרית פרוסות 5% 25,,250.00,100 גרם,false,,28.90,0.1156,true,1,171642
7290006492685,false,גבינת לאבנה עיזים 5% גד 250 גרם,מחלבות גד בעמ,IL,לאבנה עזים 5% 250גר,,250.00,100 גרם,false,,18.90,0.0756,true,1,171645
7290006492852,false,גבינת עיזים למריחה 5% שומן 250 ג' גד,קריות זול,IL,גבינת עיזים 5 % למרי,,250.00,100 גרם,false,,19.70,0.0788,true,1,171651
7290006492913,false,גבינת לאבנה ציזיקי 5% מחלבות גד 250 גרם,מחלבות גד בעמ,IL,לאבנה ציזיקי 250גר מ,,250.00,100 גרם,false,,14.70,0.0588,true,1,171654
7290006494924,false,טוסו וופל קלאסי במילוי קרם לימון 200 גרם,"גילרו בע""מ",IL,וופל מרמולייט ופל בט,,180.00,100 גרם,false,,11.90,0.0661,true,1,207502
7290006511683,false,פולי סויה מאנצ`ו קפוא 454 ג' וילפוד,קו.אל.טי.די.קיאוניונ,CN,פולי סויה מאנצו קפוא,,454.00,,false,,10.90,0.0240,true,1,178665
7290006546012,false,שעועית בנוסח מקסיקני בטעם חריף 580 ג' פרי הגליל,"פרי הגליל בע""""מ",IL,צילי בנוסח מקסיקני ב,,580.00,,false,,9.90,0.0171,true,1,201314
7290006547545,false,ספוג רחצה,,,ספוג רחצה,יחידה,0.00,יחידה,false,,4.90,0.0000,true,1,251954
7290006567048,false,קוסקוס ישראלי מפתול אסם 350ג',"מיוצר ע""י קוד יצרן K",IL,פתיתי קוסקוס ישראלי,,350.00,100 גרם,false,,8.90,0.0254,true,1,177037
7290006618078,false,אסטוניש מרסס לניקוי המטבח 750 מל,יעקובי אסטוניש,GB,אסטוניש מרסס ניקוי י,,750.00,,false,,16.90,0.0225,true,1,183680
7290006652027,false,במבה חטיף בוטנים אסם 20*15 גרם,מיוצר עי קונדיטוריית,IL,במבה מארז 20*15גר אס,,300.00,100 גרם,false,,25.90,0.0863,true,1,177053
7290006653819,false,פתיתי קוסקוס דק 350 גרם,"מיוצר ע""י קוד יצרן K",IL,קוסקוס דק אסם 350 גר,,350.00,100 גרם,false,,8.90,0.0254,true,1,177062
7290006664051,false,"אקטימל לבן מארז 100X14 מ""ל",מיוצר עי קונדיטוריית,IL,אקטימל טבעי 14*100מל,,1400.00,100 גרם,false,,33.70,0.0241,true,1,195897
7290006664402,false,גבינה לבנה סקי 5% שומן 750 גרם,מיוצר עי קונדיטוריית,IL,גבינה לבנה סקי 5% 75,,750.00,,false,,14.94,0.0199,true,1,195907
7290006664532,false,יוגורט עם תות 3% שומן 150 ג' דנונה,מיוצר עי קונדיטוריית,IL,דנונה תות 1.5% 150 מ,,150.00,,false,,3.90,0.0260,true,1,195915
7290006664631,false,"אקטימל תות דיסני 8 יח' * 100 מ""ל",שטראוס גרופ,IL,אקטימל תות 8*100מל,,800.00,,false,,21.90,0.0274,true,1,195917
7290006664655,false,"אקטימל לבן טבעי מארז 100X8 מ""ל",מיוצר עי קונדיטוריית,IL,אקטימל טבעי 8*100מל,,800.00,,false,,21.90,0.0274,true,1,195919
7290006664693,false,יוגורט עם אפרסק 3% שומן 150 ג' דנונה,מיוצר עי קונדיטוריית,IL,דנונה אפרסק 1.5% 150,,150.00,100 גרם,false,,3.90,0.0260,true,1,195922
7290006664990,false,"יוגורט דנונה ביו לבן 1.7% שומן 8*150 מ""ל",מיוצר עי קונדיטוריית,IL,דנונה ביו מארז שמיני,,1200.00,100 גרם,false,,17.70,0.0147,true,1,195936
7290006680211,false,מגש ביצים 12 יחL,,,ביצים 12 יח L,,12.00,,false,,12.05,1.0042,true,1,240667
7290006681003,false,גלידה תות לימון סורבה 1.33 ל' קרמיסימו,"גלידת שטראוס בע""מ, ר",IL,קרמיסימו תות לימון ס,,1330.00,100 גרם,false,,22.90,0.0172,true,1,187615
7290006681553,false,קרמבו בטעם וניל שטראוס 8 יחידות,"גלידת שטראוס בע""מ",IL,קרמבו וניל שטראוס 8י,,8.00,,false,,16.90,2.1125,true,1,187621
7290006681560,false,קרמבו בטעם מוקה שטראוס 8 יחידות,"גלידת שטראוס בע""מ",IL,קרמבו מוקה שטראוס 8י,,8.00,,false,,16.90,2.1125,true,1,187622
7290006712981,false,"משחת שיניים לילדים בגילאי +6 קולגייט 50 מ""ל",הנסיך- מפעל לייצור ט,PL,קולגייט משחת שיניים,,50.00,100 גרם,false,,14.90,0.2980,true,1,185710
7290006737915,false,דובשניות חפץ 300 גר',,,דובשניות 300גר,,300.00,100 גרם,false,,8.90,0.0297,true,1,198721
7290006739292,false,נקניק פסטרמה פרגיות ציפוי תירס,נקניק נהריה כשר זוגל,IL,פסטרמה תבור זוגלובק,,330.00,,false,,31.90,0.0967,true,1,212360
7290006739414,false,נקניק סלמי קוניאק זוגלובק 300 גרם,נקניק נהריה כשר זוגל,IL,סלמי קוניאק זוגלובק,,300.00,100 גרם,false,,29.90,0.0997,true,1,212366
7290006739421,false,נקניק סלמי מעושן איטלקי זוגלובק 300 גרם,נקניק נהריה כשר זוגל,IL,סלמי מעושן איטלקי זו,,300.00,,false,,29.90,0.0997,true,1,212367
7290006739445,false,שניצל תירס קלאסי 750 ג' זוגלובק,נקניק נהריה כשר זוגל,IL,שניצל תירס קלאסי זוג,,750.00,,false,,28.90,0.0385,true,1,212369
7290006739544,false,נקניק כתף בקר 3% 300 גרם,זוגלובק,IL,כתף בקר זוגלובק 300ג,,300.00,,false,,36.90,0.1230,true,1,212370
7290006742278,false,פסטרמה הודו צלויה על לבנים 330 ג' זוגלובק,נקניק נהריה כשר זוגל,IL,פסטרממיה צלויה על לב,,330.00,,false,,31.90,0.0967,true,1,212421
7290006742292,false,פסטרמה הודו בדבש 330 ג' זוגלובק,נקניק נהריה כשר זוגל,IL,פסטרממיה בדבש 1% זוג,,330.00,,false,,31.90,0.0967,true,1,212423
7290006742315,false,פסטרמה חזה הודו ברביקיו 2% זוגלובק 330 גרם,נקניק נהריה כשר זוגל,IL,חזה הודו ברביקיו 1%,,330.00,,false,,31.90,0.0967,true,1,212425
7290006764478,false,"בירה נשר מאלט בקבוק זכוכית 330 מ""ל","טמפו משקאות בע""מ",IL,נשר מאלט 330מל',,330.00,,false,,5.80,0.0176,true,1,173100
7290006764485,false,"בירה שחורה נשר מאלט שישייה ח""פ 330*6 מ''ל",קריות זול,IL,נשר מאלט בקבוק שישיי,,1980.00,,false,,33.90,0.0171,true,1,173101
7290006765000,false,טורטיות חיטה מלאה 8יח 540 ג',אלקטי קוראבייכיסיגיד,TR,טורטיות מקמח חיטה מל,,540.00,,false,,10.00,0.0185,true,1,224881
7290006775016,false,עוגה מבית טוב 450 גרם תפוז,אחדות ביחר לטחינה חל,IL,עוגת תפוז 450גר,,450.00,100 גרם,false,,10.90,0.0242,true,1,203369
7290006775023,false,"עוגה מבית טוב"" 450 גרם אנגלית",אחדות ביחר לטחינה חל,IL,עוגת אנגלית 450גר,,450.00,,false,,10.90,0.0242,true,1,203370
7290006775047,false,"עוגה מבית טוב"" 450 גרם שוקולד",אחדות ביחר לטחינה חל,IL,עוגת שוקולד 450גר,,450.00,,false,,10.90,0.0242,true,1,203372
7290006775054,false,עוגת שיש אחווה 450 ג' אחוה,אחדות ביחר לטחינה חל,IL,עוגת שיש 450גר,,450.00,100 גרם,false,,10.90,0.0242,true,1,203373
7290006775085,false,עוגת שמרים במילוי שוקולד 400גר,אחדות ביחר לטחינה חל,IL,עוגת שמרים שוקולד 40,,400.00,,false,,12.90,0.0323,true,1,203375
7290006775191,false,מאפין ממולא בטעם שוקולד 50 גרם אחוה,אחדות ביחר לטחינה חל,IL,מאפין ממולא שוקולד 5,,50.00,,false,,3.20,0.0640,true,1,203376
7290006775306,false,מאפינס אישי וניל במילוי תות אחווה 50ג',אחדות ביחר לטחינה חל,IL,מאפין ממולא תות 50גר,,50.00,100 גרם,false,,3.20,0.0640,true,1,203377
7290006775344,false,עוגת שמרים קינמון ואגוזי מלך 400 גרם,אחדות ביחר לטחינה חל,IL,עוגת שמרים קינמון וא,,400.00,100 גרם,false,,12.90,0.0323,true,1,203379
7290006775405,false,מאפינס שוקוצ'יפס אישי אחווה 45גרם,אחדות ביחר לטחינה חל,IL,מאפינס 40גר,,40.00,,false,,3.20,0.0800,true,1,203380
7290006775764,false,"עוגת שוקוצ'יפס לל""ס אחדות 400 גר'",אחדות ביחר לטחינה חל,IL,עוגת שוקוציפס ללא סו,,400.00,,false,,13.90,0.0348,true,1,203385
7290006775900,false,עוגיות מיני מרוקאיות אחווה 500 ג',אחוה,,עוגיות מיני מרוקאיות,,500.00,100 גרם,false,,12.90,0.0258,true,1,203389
7290006788405,false,"קרליין - נושם אקטיב דאודורנט רול און לאישה ברודו 75 מ""ל","אמיליה קוסמטיקס בע""מ",IL,קרליין רולאון נושם י,,75.00,,false,,14.90,0.1987,true,1,180610
7290006788443,false,"קרליין - נושם אוקסיג'ן דאודורנט רול און לאישה סגול 75 מ""ל","אמיליה קוסמטיקס בע""מ",IL,דאודורנט קרליין רול,,75.00,,false,,15.90,0.2120,true,1,180614
7290006805355,false,"פילסברי, כדורים בטעם שוקולד, תערובת להכנת כדורים בטעם שוקולד. 500 גרם.",הדקלאים אגודת שיתופי,IL,כדורי שוקולד פילסברי,,500.00,100 גרם,false,,19.90,0.0398,true,1,192172
7290006822192,false,נקטר דיאט חמוציות אושן ספריי פריגת 1 ליטר,מבשלות בירה בינלאומי,IL,אושן ספריי דיאט חמוצ,,1000.00,,false,,13.90,0.0139,true,1,210301
7290006866363,false,מיץ סחוט אשכולית אדומה פרימור 1 ליטר,"גניר (1992) בע""מ",IL,פרימור אשכולית אדומה,,1000.00,,false,,17.90,0.0179,true,1,195950
7290006873620,false,מהודר אדום – מיץ ענב,,,מיץ ענבים אדום טבעי,,1000.00,100 גרם,false,,12.90,0.0129,true,1,212504
7290006983152,false,קרוטונים מתובלים למרק אסם 400 גרם,עינת תעשיות מזון אגו,IL,קרוטונים מתובלים למר,,400.00,,false,,21.90,0.0547,true,1,177089
7290006983176,false,אוסם - לחמית שיפון 250 גרם,"אסם תעשיות בע""מ",IL,לחמית שיפון אסם 250ג,,250.00,100 גרם,false,,9.90,0.0396,true,1,177090
7290006983527,false,עוגת הבית תפוחי עץ עם פירורים 400 ג' אסם,מיוצר עי קונדיטוריית,IL,עוגת הבית תפוח עץ עם,,400.00,100 גרם,false,,18.90,0.0472,true,1,177099
7290006983763,false,עוגת הבית שוקולד 400 גרם אסם.,מיוצר עי קונדיטוריית,IL,עוגת הבית שוקולד אסם,,400.00,100 גרם,false,,15.90,0.0398,true,1,177100
7290006983787,false,עוגת הבית שוקולד צ'יפס אסם 400 גרם,מיוצר עי קונדיטוריית,IL,עוגת הבית שוקוציפס א,,400.00,100 גרם,false,,15.90,0.0398,true,1,177102
7290006983794,false,עוגת הבית בטעם תפוז אסם 400 גרם,מיוצר עי קונדיטוריית,IL,עוגת הבית תפוז אסם 4,,400.00,,false,,15.90,0.0398,true,1,177103
7290006992161,false,מטרנה - דייסת קורנפלור פרוביוטי 200 גרם,מולינו ניקולי s.p.a,IL,דייסת קורנפלור מטרנה,,200.00,,false,,16.50,0.0825,true,1,177112
7290006992192,false,מטרנה דייסלה סולת 200 גרם,קריות זול,IL,דייסת סולת מטרנה 220,,200.00,100 גרם,false,,16.50,0.0825,true,1,177115
7290006992390,false,"מטרנה - דייסת וניל פרוביוטי כשל""פ 200 גרם",מולינו ניקולי s.p.a,IL,דייסת וניל מטרנה 200,,200.00,,false,,16.50,0.0825,true,1,177119
7290008175173,false,חמאה מפינלנד ללא מלח 200 גרם ויליפוד,ואליו אל.טי.די,FI,חמאה מפינלנד ללא מלח,,200.00,100 גרם,false,,15.90,0.0795,true,1,178675
7290008175210,false,גבינת פרמזן מגורדת 90ג' ויליפוד,זנטי אס.איי.,IT,פרמזנו מגורדת ויליפו,,90.00,100 גרם,false,,16.90,0.1878,true,1,178676
7290008194266,false,מארזים מתוקים א.אטיא,ממתקי השלום,IL,חטיפים מעורבים 350 ג,,350.00,100 גרם,false,,14.90,0.0426,true,1,173970
7290008194839,false,חטיפים מצופים אטיאס,ממתקי השלום,IL,חטיפים מצופים אטיאס,,300.00,,false,,14.90,0.0497,true,1,173973
7290008286947,false,מנות פילה סלמון נורווגי בית יוסף,,,פילה סלמון נורבגי מנ,קילוגרמים,1.00,"ק""ג",true,,89.90,89.9000,true,1,245808
7290008329033,false,צלחת 7 לבן אר 50 דנט,,TR,צלחת 7 לבן אר 50 דנט,,50.00,,false,,9.90,0.1980,true,1,197685
7290008329231,false,קסרול צבעוני 20 יח ד,,,קסרול צבעוני 20 יח ד,יחידה,0.00,יחידה,false,,7.90,0.0000,true,1,197692
7290008329279,false,ליפתנית לבן 25 יח' ד,,TR,ליפתנית לבן 25 יח' ד,יחידה,0.00,יחידה,false,,5.90,0.0000,true,1,197696
7290008329293,false,סכינים פרימיום שקוף/קרם/לבן/זהב דנטס אר' 50 יח',,TR,סכינים פרימיום שקוף/,יחידה,0.00,יחידה,false,,9.90,0.0000,true,1,197698
7290008329415,false,צלחת 8 לבן אר 50 דנט,,TR,צלחת 8 לבן אר 50 דנט,,50.00,,false,,12.90,0.2580,true,1,197708
7290008409100,false,אצבעות שניצל בציפוי שומשום מאמא עוף 700 גרם,תנובה גליל שותפות מו,IL,אצבעות שניצל שומשום,,700.00,100 גרם,false,,39.90,0.0570,true,1,188500
7290008409124,false,מאמא עוף קפוא שניצל ג'ונגל פריך 700 גרם,תנובה גליל שותפות מו,IL,שניצל גונגל פריך מאמ,,700.00,,false,,39.90,0.0570,true,1,188502
7290008409216,false,מאמא עוף קפוא שניצל דק פריך 700 גרם,תנובה גליל,IL,שניצל דק פריך מאמא ע,,700.00,100 גרם,false,,45.90,0.0656,true,1,188507
7290008409223,false,שניצל דק דק מתובל מאמא עוף 700 גרם,תנובה גליל שותפות מו,IL,שניצל דק מתובל מאמא,,700.00,100 גרם,false,,45.90,0.0656,true,1,188508
7290008409315,false,מיני מיני דק שניצלונים בציפוי פריך מאמא עוף 500 ג',תנובה גליל,IL,שניצלונים מיני מיני,,500.00,,false,,32.90,0.0658,true,1,188515
7290008409407,false,מאמא עוף שניצל דק ציפס 700 גרם,תנובה גליל שותפות מו,IL,שניצל דק בציפוי ציפס,,700.00,100 גרם,false,,45.90,0.0656,true,1,188520
7290008409551,false,שניצל עוף אמיתי בציפוי מעודן 700 ג' מאמא עוף,תנובה גליל שותפות מו,IL,שניצל עוף אמיתי מעוד,,700.00,,false,,45.90,0.0656,true,1,188528
7290008409582,false,שניצל עוף אמיתי בציפוי ביתי מאמא עוף 700 גרם,תנובה גליל שותפות מו,IL,שניצל אמיתי ביתי מאמ,,700.00,,false,,45.90,0.0656,true,1,188531
7290008409773,false,קציצות עוף אמיתיות מאמא עוף 700 גרם,תנובה גליל שותפות מו,IL,קציצות עוף ביתיות מא,,700.00,100 גרם,false,,35.90,0.0513,true,1,188543
7290008443616,false,"מרכך לשיער יבש אדום 750 מ""ל נקה 7","אמיליה קוסמטיקס בע""מ",IL,נקה 7 מרכך לשיער יבש,,750.00,,false,,13.90,0.0185,true,1,180684
7290008464130,false,"בירה גולדסטאר Unfiltered, בירה לא מסוננת, מארז שישייה, בקבוק 330 מ""ל",טמפו,IL,בירה גולדסטאר לא מסו,,1980.00,,false,,46.70,0.0236,true,1,173112
7290008464468,false,"בירה גולדסטאר, פחית 500 מ""ל",פארייפאבה אגרואינדוס,IL,בירה גולדסטאר פחית 5,,500.00,,false,,8.90,0.0178,true,1,173123
7290008464604,false,"בירה היינקן, פחית 500 מ""ל",טמפו משקאות בע''מ,NL,בירה היינקן הולנד פח,,500.00,,false,,10.90,0.0218,true,1,173130
7290008464734,false,"בירה גולדסטאר SLOW BREW מארז 330X6מ""ל",טמפו משקאות בע''מ,IL,בירה גולדסטאר SLOW B,,1980.00,100 גרם,false,,46.70,0.0236,true,1,173135
7290008464741,false,"בירה גולדסטאר, מארז שישייה, בקבוק 330 מ''ל",קריות זול,IL,בירה גולדסטאר בקבוק,,1980.00,100 גרם,false,,41.70,0.0211,true,1,173136
7290008464796,false,"בירה היינקן, מארז שישייה, בקבוק 330 מ''ל",קריות זול,IL,בירה היינקן בקבוק 6*,,1980.00,,false,,41.70,0.0211,true,1,173140
7290008493413,false,פירורי לחם מאיר בייגל פירורי גריסיני 200 גרם,מאיר בייגל,IL,פרורי גריסני שקית 20,,200.00,100 גרם,false,,7.90,0.0395,true,1,179670
7290008493710,false,פירורי לחם מאיר בייגל פרורי גריסני זהב 200 גרם,מאיר בייגל,IL,פרורי גריסיני זהב 20,,200.00,100 גרם,false,,7.90,0.0395,true,1,214552
7290008500005,false,תערובת לעוגה שוקולד ללא גלוטן 415 ג' פילסברי,פילסברי,IL,תערובת להכנת בראוניז,יחידה,0.00,יחידה,false,,16.90,0.0000,true,1,251995
7290008578752,false,כוס קרטון 10 אונז אר,,,כוס קרטון 10 אונז אר,יחידה,0.00,יחידה,false,,17.90,0.0000,true,1,253741
7290008578899,false,מזלגות שקוף פלסטיק 50יח,,,מזלגות שקופות,יחידה,0.00,יחידה,false,,9.90,0.0000,true,1,251997
7290008609531,false,נייר אפיה 50 יח,,,נייר אפיה,יחידה,0.00,יחידה,false,,9.90,0.0000,true,1,252001
7290008644235,false,עלי בייבי שטראוס 120 גרם,שטראוס בריאות ירקות,IL,עלי בייבי 120 גר שטר,,120.00,,false,,12.90,0.1075,true,1,195970
7290008644945,false,לקט לסלט המושבה שטראוס 450 גרם,שטראוס בריאות ירקות,IL,סלט המושבה שטראוס 45,,450.00,,false,,12.90,0.0287,true,1,195978
7290008670012,false,"יין אדום קברנה סוביניון רקנאטי 750 מ""ל",תות ממתקי איכות,IL,יין קברנה סובניון רק,,750.00,100 גרם,false,,59.90,0.0799,true,1,215537
7290008690713,false,נקטר חמוציות אושן ספריי פריגת 1 ליטר,מבשלות בירה בינלאומי,IL,אושן ספריי חמוציות 1,,1000.00,,false,,13.90,0.0139,true,1,210334
7290008693134,false,מעדן גבינה ויוגורט בטעם תות 5% שומן 88 ג' דניאלה,"שטראוס בריאות בע""מ",IL,דניאלה תות מעדן גבינ,,150.00,,false,,4.30,0.0287,true,1,195990
7290008737289,false,גפילטע פיש בנוסח פול,"דג טעים (משווק ע""י א",,גפילטע פיש בנוסח פול,יחידה,0.00,יחידה,false,,15.90,0.0000,true,1,198722
7290008745239,false,תפוצ'יפס קראנצ' בטעם טבעי עלית 50 גרם,"שטראוס פריטו ליי בע""",IL,תפוציפס אקסטרא טבעי,,50.00,100 גרם,false,,4.50,0.0900,true,1,184128
7290008747547,false,תפוצ'יפס קראנץ' בטעם טבעי עלית 200 גרם,"שטראוס פריטו ליי בע""",IL,תפוציפס אקסטרא טבעי,,200.00,100 גרם,false,,11.90,0.0595,true,1,184130
7290008750264,false,מסטיק מאסט LL פליפ.דובדבן מגדים 28 גר,"שטראוס גרופ בע""מ",IL,מסטיק מאסט דובדבן 28,,28.00,100 גרם,false,,5.00,0.1786,true,1,208747
7290008752244,false,תפוצ'יפס קראנץ' בטעם גריל עלית 50 גרם,"שטראוס פריטו ליי בע""",IL,תפוציפס אקסטרא גריל,,50.00,100 גרם,false,,4.50,0.0900,true,1,184133
7290008753111,false,תפוצ'יפס קראנץ' בטעם מקסיקני עלית 50 גרם,"שטראוס פריטו ליי בע""",IL,תפוציפס מקסיקני 50גר,,50.00,100 גרם,false,,4.50,0.0900,true,1,184136
7290008754415,false,גומי מאסט בטעם ספירמינט עדין פליפטופ 28 ג' עלית,"שטראוס גרופ בע""מ",IL,מסטיק מאסט בטעם ספיר,,28.00,100 גרם,false,,5.00,0.1786,true,1,208766
7290008754422,false,גומי מאסט בטעם פפרמינט קלאסי פליפטופ 28 ג' עלית,"שטראוס גרופ בע""מ",IL,מסטיק מאסט פפרמינט ק,,28.00,,false,,5.00,0.1786,true,1,208767
7290008757034,false,"שוופס סודה זכוכית 250 מ""ל","יפאורה תבורי בע""מ",IL,שוופס סודה 250מל,,250.00,,false,,3.90,0.0156,true,1,181821
7290008757980,false,קרטונית ספרינג נקטר רימונים 1 ליטר,"יפאורה תבורי בע""מ",IL,ספרינג רימונים 1 ליט,,1000.00,,false,,7.90,0.0079,true,1,181838
7290008775816,false,ערגליות עוגיות במילוי שוקו אסם 300 גרם,מיוצר עי קונדיטוריית,IL,ערגליות שוקו אסם 300,,300.00,100 גרם,false,,11.50,0.0383,true,1,177166
7290008775823,false,ערגליות במילוי תות אסם 300 גרם,מיוצר עי קונדיטוריית,IL,ערגליות תות אסם 300ג,,300.00,,false,,11.50,0.0383,true,1,177167
7290008792264,false,מפיות טישיו טאצ' 100יח',"שניב תעשיות נייר בע""",IL,טאצ מפיות 100,,100.00,,false,,5.90,0.0590,true,1,202528
7290008801843,false,קברנה סוביניון אדום יבש 750 מל סלקטד,"כד בני דרום בע""מ",IL,יין סלקטד קברנה סובי,,750.00,100 גרם,false,,30.20,0.0403,true,1,171245
7290008801850,false,סלקטד אמרלד ריזלינג לבן חצי יבש 750 מל,אגודת הכורמים הקואופ,IL,יין סלקטד אמרלד ריזל,,750.00,100 גרם,false,,30.20,0.0403,true,1,171246
7290008802529,false,"יין לבן חצי יבש וינו 750 מ""ל",כרמל מזרחי,IL,יין וינו לבן יבש 750,,750.00,,false,,22.90,0.0305,true,1,171249
7290008802895,false,יין קברנה סוביניון פרייבט קולקשן יקבי כרמל,אגודת הכורמים הקאופו,IL,יין קברנה סוביניון פ,,750.00,100 גרם,false,,40.20,0.0536,true,1,171250
7290008803090,false,"יין מרלו קולקשיין הסדרה האזורית כרמל 750 מ""ל",אגודת הכורמים הקואופ,IL,יין מרלו סדרה אזורית,,750.00,,false,,59.90,0.0799,true,1,171253
7290008805520,false,יין קברנה /מרלו סלקטד יקבי כרמל,"כד בני דרום בע""מ",IL,יין סלקטד קברנה סובנ,,750.00,,false,,30.20,0.0403,true,1,171283
7290008835954,false,"פילה אמנון 5-7 וואקום בד""ץ.",היינאן קשינגטאי,CN,פילה אמנון 5-7 וואקו,קילוגרמים,1.00,"ק""ג",true,,39.90,39.9000,true,1,233986
7290008849470,false,פלפל צ'ומה חריף אוליביה 185 גרם,אוליביה גורמה בעמ,IL,פלפל צומה חריף אוליב,,185.00,,false,,15.90,0.0859,true,1,193029
7290008849586,false,רוטב לעוף ריבת בצל אוליביה 310 גרם,קריות זול,IL,רוטב ריבת בצל אוליבי,,310.00,,false,,16.90,0.0545,true,1,193036
7290008849609,false,רוטב לעוף שום דבש אוליביה 330 גרם,אוליביה גורמה (1996),IL,רוטב לעוף שום דבש או,,330.00,,false,,16.90,0.0512,true,1,193037
7290008849739,false,רוטב סויה אמיתי אוליביה 310 גרם,קריות זול,IL,רוטב סויה קלאסי אולי,,290.00,,false,,13.90,0.0479,true,1,193039
7290008849753,false,רוטב טריאקי אוליביה 300 גרם,מיוצר עי קונדיטוריית,IL,רוטב טריאקי עשיר אול,,300.00,,false,,15.90,0.0530,true,1,193041
7290008849777,false,רוטב צ'ילי מתוק אוליביה 345 גרם,קריות זול,IL,רוטב צילי מתוק 350 מ,,290.00,,false,,13.90,0.0479,true,1,193043
7290008975780,false,"מזון לכלבים בונזו מזון כלבים גזע קטן 3 ק""ג","ביופט בע""מ",IL,בונזו גזע קטן 3קג,קילוגרמים,3.00,"ק""ג",false,,55.90,18.6333,true,1,179685
7290010050109,false,רוזמרין/עירית,,,רוזמרין/עירית,יחידה,0.00,יחידה,false,,5.90,0.0000,true,1,205130
7290010051021,false,בזיליקום 40 גרם,,,בזיליקום,יחידה,0.00,יחידה,false,,5.90,0.0000,true,1,205132
7290010051052,false,פטרוזיליה א.אדמה,אדמה,,פטרוזליה,יחידה,0.00,יחידה,false,,4.90,0.0000,true,1,205135
7290010051076,false,לבבות קיסר א.אדמה,אדמה,,לבבות חסה,יחידה,0.00,יחידה,false,,10.90,0.0000,true,1,205137
7290010051113,false,טימין קורנית ארוז,חקלאי,IL,קורנית (טימין),יחידה,0.00,יחידה,false,,5.90,0.0000,true,1,205139
7290010051120,false,מרווה יח',,,מרווה,יחידה,0.00,יחידה,false,,5.90,0.0000,true,1,205140
7290010051144,false,תרד עלים א.אדמה,אדמה,,תרד עלים 180גר,,180.00,,false,,9.90,0.0550,true,1,205142
7290010051168,false,כוסברה א.אדמה,אדמה,,כוסברה,יחידה,0.00,יחידה,false,,4.90,0.0000,true,1,205144
7290010051175,false,כוסברה/שמיר ארוז,חקלאי,IL,כוסברה/שמיר ארוז,,1000.00,,false,,4.90,0.0049,true,1,205146
7290010051182,false,נענע א.אדמה,אדמה,,נענע ארוזה,יחידה,0.00,יחידה,false,,4.90,0.0000,true,1,205147
7290010051199,false,שורש פטרוזיליה א.אדמה,אדמה,,שורש פטרוזיליה,יחידה,0.00,יחידה,false,,5.90,0.0000,true,1,205148
7290010051205,false,סלרי אמריקאי א.אדמה,אדמה,,סלרי אמריקאי.,,200.00,,false,,6.90,0.0345,true,1,205149
7290010051212,false,ראש סלרי א.אדמה,אדמה,,סלרי ראש,יחידה,0.00,יחידה,false,,6.90,0.0000,true,1,205150
7290010051267,false,לוף בשקית א.אדמה,אדמה,,פרסה לוף שלם,יחידה,0.00,יחידה,false,,8.90,0.0000,true,1,205155
7290010051298,false,מנגולד עלי סלק א.אדמה,אדמה,,סלק עלים ארוז,יחידה,0.00,יחידה,false,,6.90,0.0000,true,1,205157
7290010051311,false,סלרי חתוך יח',,,סלרי חתוך,,110.00,,false,,6.90,0.0627,true,1,205158
7290010051335,false,בצל ירוק א.אדמה,אדמה,,בצל ירוק,,110.00,,false,,5.90,0.0536,true,1,205159
7290010051403,false,שיבה יח',,,שיבה,יחידה,0.00,יחידה,false,,5.90,0.0000,true,1,205160
7290010051434,false,חסה סלנובה ארוז,ביכורי שדה דרום,IL,חסה סלנובה,יחידה,0.00,יחידה,false,,10.90,0.0000,true,1,237407
7290010051687,false,רוזמרין 30 גרם,אדמה,,רוזמרין,יחידה,0.00,יחידה,false,,5.90,0.0000,true,1,205166
7290010066056,false,טונה פילטונה במי מלח,,,טונה במים פילטונה 15,,158.00,,false,,6.80,0.0430,true,1,204449
7290010066513,false,נתחי טונה בשמן צמחי רביעיה *158ג' פילטונה,תעשיות פילטונה,IL,נתחי טונה בשמן פילטו,,632.00,,false,,24.90,0.0394,true,1,204451
7290010066520,false,נתחי טונה בהירה בשמן קנולה 160 גר G.Q,,,טונה בשמן קנולה פילט,,158.00,,false,,6.80,0.0430,true,1,204452
7290010066575,false,נתחי טונה במים רביעיה *158ג' פילטונה,תעשיות פילטונה,IL,נתחי טונה במים פילטו,,632.00,,false,,24.90,0.0394,true,1,204454
7290010066582,false,נתחי טונה בשמן קנולה רביעיה * 158 ג' פילטונה,תעשיות פילטונה,IL,נתחי טונה בשמן קנולה,,632.00,,false,,24.90,0.0394,true,1,204455
7290010066599,false,רביעיית נתחי טונה בשמן זית פילטונה 158X4 גרם,תעשיות פילטונה,IL,נתחי טונה בשמן זית פ,,632.00,,false,,29.90,0.0473,true,1,204456
7290010116980,false,אבקת שוקולית שקית עלית 850 ג',הנסיך- מפעל לייצור ט,IL,שוקולית עלית 850גר,,820.00,,false,,18.90,0.0230,true,1,208791
7290010117864,false,דוריטוס חטיף תירס בטעם חריף אש עלית 70 גרם,שטראוס פריטו ליי (מל,IL,דוריטוס חריף אש 70גר,,70.00,,false,,4.10,0.0586,true,1,184145
7290010117970,false,סבבה בוטנים קלויים מצופים - אריזה אישית,"שטראוס פריטו ליי בע""",IL,בוטנים טבעי 50 גרם,,50.00,100 גרם,false,,2.90,0.0580,true,1,196002
7290010118328,false,תפוצ'יפס בטעם טבעי עלית מארז 6*40 גרם,שטראוס פריטו ליי (מל,IL,תפוציפס טעם טבעי מאר,,240.00,100 גרם,false,,13.90,0.0579,true,1,184150
7290010124350,false,צלי כתף מס 5 קפוא,,,צלי כתף מס 5 קפוא,קילוגרמים,1.00,"ק""ג",true,,69.90,69.9000,true,1,253763
7290010163069,false,צנובר 100 גרם ששון הקולה,"דין שיווק וקלייה בע""",IL,צנובר 100גרם,,100.00,100 גרם,false,,22.90,0.2290,true,1,200822
7290010175857,false,פרוסות לבבות דקל 400 ג' טעמן,אינאקספו,IL,לבבות דקל פרוסות 400,,400.00,100 גרם,false,,12.90,0.0323,true,1,194332
7290010176212,false,נודלס בטעם עוף בכוס 65 גר' טעמן,זיזיאנג גרין הום פוד,CN,נודלס בטעם עוף 65 גר,,65.00,,false,,5.90,0.0908,true,1,194729
7290010176229,false,נודלס בטעם בקר בכוס 65 גר' טעמן,זיזיאנג גרין הום פוד,CN,נודלס בטעם בשר 65 גר,,65.00,,false,,5.90,0.0908,true,1,194730
7290010176236,false,נודלס בטעם ירקות בכוס 65 גר' טעמן,זיזיאנג גרין הום פוד,CN,נודלס בטעם ירקות 65ג,,65.00,,false,,5.90,0.0908,true,1,194731
7290010176243,false,נודלס בטעם סיני בכוס 65 גר' טעמן,זיזיאנג גרין הום פוד,CN,נודלס בטעם פיקנטי 65,,65.00,,false,,5.90,0.0908,true,1,194732
7290010195268,false,פופקורן פופסטאר חמישייה מופחת שומן טבעי,פופ סטאר,US,פופסטאר בטעם טבעי מו,,425.00,100 גרם,false,,14.90,0.0351,true,1,207548
7290010199891,false,"סטייל - סבון ידיים אדום 500 מ""ל משאבה - מרכז",דולפין ספא,TR,אל סבון סטייל תה אדו,,500.00,100 גרם,false,,8.90,0.0178,true,1,199621
7290010237685,false,"הייניקן בירה צואר ארוך 330מ""ל",טמפו משקאות בע''מ,IL,בירה היינקן צוואר אר,,330.00,,false,,9.20,0.0279,true,1,173157
7290010259991,false,צנימים מיוחדים בטעם טבעי 250 ג',קריות זול,PT,צנימים ויליפוד 250גר,,250.00,100 גרם,false,,8.90,0.0356,true,1,178709
7290010300860,false,אציטון נאמן לאורך זמ,מעבדות קליאו,,אציטון 100גר,,100.00,,false,,3.90,0.0390,true,1,216231
7290010328093,false,ממרח חלווה אחווה 400 ג' מהדרין,אחדות בית חרושת לטחי,IL,ממרח חלבה 400גר,,400.00,100 גרם,false,,12.90,0.0323,true,1,203391
7290010328246,false,טחינה גולמית משומשום מלא אחווה 500 גרם,"אחדות ביח""ר לטחינה ח",IL,טחינה משומשום מלא 50,,500.00,100 גרם,false,,12.90,0.0258,true,1,203393
7290010328253,false,טחינה גולמית משומשום טבעי אחווה 500 גרם,"אחדות ביח""ר לטחינה ח",IL,טחינה גולמית 500 גרם,,500.00,,false,,12.90,0.0258,true,1,203394
7290010328505,false,אחווה חטיפי מיני חלווה ללא סוכר 15 יח,אחדות ביחר לטחינה חל,IL,חטיפי מיני חלבה ללא,,15.00,,false,,13.90,0.9267,true,1,203398
7290010328680,false,עוגה בטעם שוקולד עם שוקוצ'יפס מריר ולבן 450 גרם,אחדות ביחר לטחינה חל,IL,עוגת שוקולד עם שוקוצ,,450.00,100 גרם,false,,10.90,0.0242,true,1,203405
7290010328710,false,קיצפיות אחווה 180 גר,אחדות ביחר לטחינה חל,IL,קצפיות במגש 180גר,,180.00,100 גרם,false,,11.90,0.0661,true,1,203408
7290010328727,false,ממרח טחינה עם שוקולד אחווה 400 גרם,אחדות ביחר לטחינה חל,IL,ממרח טחינה עם שוקולד,,400.00,,false,,12.90,0.0323,true,1,203409
7290010328734,false,ממרח טחינה עם סילאן משומשום מלא,אחדות ביחר לטחינה חל,IL,ממרח טחינה עם סילאן,,400.00,100 גרם,false,,12.90,0.0323,true,1,203410
7290010328819,false,"ממרח טחינה עם שוקולד לל""ס 400 ג' אחדות!.",אחדות ביחר לטחינה חל,IL,ממרח טחינה עם שוקולד,,400.00,,false,,12.90,0.0323,true,1,203415
7290010429554,false,"שמן זית כתית מעולה יד מרדכי 2 קלאסי, 750 מ""ל",מכוורת יד מרדכי שטרא,IL,שמן זית כתית מעולה2,,750.00,100 גרם,false,,36.90,0.0492,true,1,208826
7290010471669,false,יוגורט תות עם קורנפלקס מצופה שוקולד ללא גלוטן 3.9%,"שטראוס בריאות בע""מ",IL,דנונה בר תות קורנפלק,,173.00,,false,,4.90,0.0283,true,1,196024
7290010472307,false,מארז 8 יחידות משקה גמדים בטעם תות בננה,מיוצר עי קונדיטוריית,IL,גמדים לשתיה תות בננה,,800.00,100 גרם,false,,21.20,0.0265,true,1,196033
7290010513727,false,פנקו פרורי לחם 200 גרם (קינגדאו),קינגדאו גוניון פודס,CN,פירורי לחם פנקו 200ג,,200.00,,false,,9.90,0.0495,true,1,205414
7290010548514,false,קוביות עשבי תיבול לבישול איטלקי דורות 70 גרם,עיצובים 2020 (3.8),IL,עשבי תיבול לבישול אי,,70.00,100 גרם,false,,13.90,0.1986,true,1,177218
7290010718634,false,"פנינה רוזנבלום -אל סבון נוזלי לבן,1 ליטר",פנינה רוזנבלום,IL,אל סבון לבן פנינה רו,,1000.00,100 גרם,false,,14.90,0.0149,true,1,211110
7290010760688,false,בצק פילאס שחף מגולגל,מאפית אריאל,,בצק פילאס שחף מגולגל,,600.00,100 גרם,false,,17.90,0.0298,true,1,214250
7290010766307,false,רוטב לפסטה בולונז אוליביה 420 ג' אסם,אוליביה,IL,רוטב לפסטה בולונז או,,420.00,,false,,16.90,0.0402,true,1,193105
7290010766697,false,רוטב שקשוקה אוליביה 415 גרם,קריות זול,IL,רוטב שקשוקה אוליביה,,415.00,100 גרם,false,,13.90,0.0335,true,1,193112
7290010766734,false,רוטב פיצה אוליביה אסם 430 ג',אוליביה,IL,רוטב פיצה אוליביה 41,,415.00,100 גרם,false,,15.90,0.0383,true,1,193114
7290010814695,false,שוקולד מריר פרווה ללא תוספת סוכר כרמית 85 גרם,כרמית תעשיות ממתקים,IL,שוקולד מריר ללא סוכר,,85.00,100 גרם,false,,7.90,0.0929,true,1,213361
7290010838219,false,ממתיק על בסיס צמח הסטיביה - שקיות,תות ממתקי איכות,IL,סטיביה 100 שק,יחידה,0.00,יחידה,false,,31.90,0.0000,true,1,207568
7290010839865,false,רוטב רכז רימונים ויליפוד 320 ג',ניו ג'רסי סטאר סנקס,TR,רכז רימונים 320 גר,,320.00,100 גרם,false,,12.90,0.0403,true,1,178743
7290010849505,false,יין למברוסקו די לואיג'י רוסו דולצ'ה,פארייפאבה אגרואינדוס,IT,למברוסקו די לואיג'י,,750.00,,false,,35.20,0.0469,true,1,192736
7290010849529,false,יין למברוסקו די לואיג'י ביאנקו,פארייפאבה אגרואינדוס,IT,למברוסקו די לואיג'י,,750.00,100 גרם,false,,35.20,0.0469,true,1,192738
7290010883356,false,כפפות אלוורה רב שימושיות גדולות L סנו סושי,סנו סושי,CN,כפפות אלוורה סנו סוש,יחידה,0.00,יחידה,false,,9.90,0.0000,true,1,180724
7290010931330,false,סלט מטבוחה אחלה 500 גרם,מיוצר עי קונדיטוריית,IL,סלט מטבוחה אחלה 500ג,,500.00,,false,,16.90,0.0338,true,1,196074
7290011017866,false,קוקה קולה קלאסי בפחית,החברה המרכזית לייצור,IL,קוקה קולה סליק 330מל,,330.00,,false,,7.00,0.0212,true,1,210435
7290011017873,false,"קוקה קולה זירו פחית 330 מ""ל",החברה המרכזית לייצור,IL,קוקה קולה זירו סילק,,330.00,,false,,7.00,0.0212,true,1,210436
7290011018832,false,"קוקה קולה פרידגפק סליק 330 מ""ל שישייה",החברה המרכזית לייצור,IL,קוקה קולה פחיות שישי,,1980.00,100 גרם,false,,30.80,0.0156,true,1,210470
7290011018924,false,"מארז פחיות דיאט קוקה קולה שישייה 330 מ""ל",החברה המרכזית לייצור,IL,קוקה קולה דיאט פחיות,,1980.00,,false,,30.80,0.0156,true,1,210473
7290011022464,false,תבנית 210 ר99 ארוז 4,,,תבנית 210 ר99 ארוז 4,יחידה,0.00,יחידה,false,,12.90,0.0000,true,1,238765
7290011022495,false,תבנית 8A ארוז 10יח',,,תבנית 8A ארוז 10יח',יחידה,0.00,יחידה,false,,12.90,0.0000,true,1,238766
7290011022921,false,תבנית 105 ארוז 8יח',,,תבנית 105 ארוז 8יח',יחידה,0.00,יחידה,false,,12.90,0.0000,true,1,238768
7290011022938,false,תבנית 8B ארוז 15 ר29,,,תבנית 8B ארוז 15 ר29,יחידה,0.00,יחידה,false,,12.90,0.0000,true,1,238769
7290011022945,false,תבנית אינגליש ארוז 1,,,תבנית אינגליש ארוז 1,יחידה,0.00,יחידה,false,,12.90,0.0000,true,1,238770
7290011022952,false,תבנית עגולה ארוז 6יח,,,תבנית עגולה ארוז 6יח,יחידה,0.00,יחידה,false,,12.90,0.0000,true,1,238771
7290011108823,false,פטרוזליה מהדרין,,,פטרוזליה מהדרין,,1000.00,,false,,6.90,0.0069,true,1,246704
7290011108830,false,כוסברה מהדרין,,,כוסברה מהדרין,,1000.00,,false,,6.90,0.0069,true,1,246706
7290011108847,false,שמיר מהדרין,,,שמיר מהדרין,יחידה,0.00,יחידה,false,,6.90,0.0000,true,1,246707
7290011108878,false,סלרי עלים מהדרין,,,סלרי עלים מהדרין,יחידה,0.00,יחידה,false,,7.90,0.0000,true,1,246710
7290011108892,false,כרוב לבן מהדרין,,,כרוב לבן מהדרין,קילוגרמים,1.00,"ק""ג",true,,13.90,13.9000,true,1,246711
7290011115265,false,מארז סבון מוצק ארומה אל סבון מועשר בשמנים ארומטיים,"גליל כימיכלים בע""מ",IL,נקה 7 סבון מוצק לילך,,400.00,100 גרם,false,,12.90,0.0323,true,1,180771
7290011126209,false,הגן הקסום תה טעם תפוח וקינמון סיידר ויסוצקי 25 יח',תה ויסוצקי,IL,תה תפוח וקינמון סייד,,55.00,,false,,19.90,0.3618,true,1,190843
7290011126452,false,הגן הקסום תה בטעם קמומיל ונענע ויסוצקי 25 יחידות,תה ויסוצקי,IL,תה הגן הקסום קמומיל,,37.50,100 גרם,false,,19.90,0.5307,true,1,190851
7290011126469,false,הגן הקסום תה בטעם קמומיל ודבש ויסוצקי 25 יחידות,תה ויסוצקי,IL,תה קמומיל ודבש הגן ה,,37.50,,false,,19.90,0.5307,true,1,190852
7290011126957,false,תה ירוק ויסוצקי ארל גריי 25 שקיקים,ויסוצקי ירוק,IL,תה ירוק ארל גריי 25י,,37.50,,false,,27.90,0.7440,true,1,190864
7290011133375,false,"בירה שנדי, בירה בטעם אפרסק, מארז שישייה, בקבוק 330 מ''ל","טמפו משקאות בע""מ",IL,שנדי אפרסק שישייה 6*,,1980.00,100 גרם,false,,39.90,0.0202,true,1,173222
7290011148805,false,שעועית טריה עד 500 ג,ביכורי השקמה,IL,שעועית טריה עד 500 ג,,500.00,,false,,14.90,0.0298,true,1,253511
7290011194215,false,מעדן גבינה ויוגורט בטעם בננה 5% שומן 88 ג' דניאלה,"שטראוס בריאות בע""מ",IL,דניאלה בננה 150מל,,150.00,,false,,4.30,0.0287,true,1,196111
7290011194246,false,קוטג' 5% עם סידן 250 ג' שטראוס,מיוצר עי קונדיטוריית,IL,קוטג 5% עם סידן שטרא,,250.00,100 גרם,false,,5.90,0.0236,true,1,196113
7290011223038,false,בונומי עלים לקרמשניט שכבות אפויות מבצק עלים 300 גרם,בונומי ס.פ.א,IT,עלים לקרמשניט 300גר,,400.00,100 גרם,false,,17.90,0.0447,true,1,207581
7290011223205,false,ריבת חלב ארגנטינאית 454 גרם,אשבל מזון פונקציונלי,IL,ריבת חלב דולקור 454,,454.00,100 גרם,false,,17.90,0.0394,true,1,207590
7290011223243,false,"טואלט דאק ג'ל לאסלה בניחוח לבנדר 55 מ""ל","איטיליאן פוד, אס.פי.",IT,טואלט דאק ג'ל אסלה נ,,55.00,100 גרם,false,,11.90,0.2164,true,1,207593
7290011236649,false,נטיפי שוקולד ציפס 54% מוצקי קקאו 300 גרם,קריות זול,IL,נטיפי שוקולד צ'יפס א,,300.00,100 גרם,false,,9.90,0.0330,true,1,187681
7290011249250,false,עלמה גביעי גלידה אמריקאי 24 יח',"גילרו בע""מ",IL,גביעי גלידה אמריקה 2,יחידה,0.00,יחידה,false,,12.90,0.0000,true,1,245569
7290011249755,false,רולים גלילי ופל במילוי קרם אגוזים 100 ג' עלמה,"גילרו בע""מ",IL,גליליות רולים אגוז 1,,100.00,,false,,3.90,0.0390,true,1,214556
7290011379018,false,מארז משפחתי שמפיניון 500 ג' מרינה,מרינה פטריות הגליל,IL,פטריות צמד חמד איטלק,,500.00,100 גרם,false,,19.90,0.0398,true,1,172625
7290011435226,false,דבש מפרחי בר לחיץ 650 ג' יד מרדכי,מכוורת יד מרדכי שטרא,IL,דבש מפרחי בר לחיץ 65,,650.00,100 גרם,false,,42.90,0.0660,true,1,208873
7290011438142,false,"משקה יטבתה אייס קפה בבקבוק אישי 350 מ""ל",שטראוס גרופ,IL,אייס קפה יטבתה בבקבו,,350.00,100 גרם,false,,6.90,0.0197,true,1,196170
7290011447281,false,מטרנה פרימיום חלבי שלב 2 700 גרם חיסכון,מטרנה תעשיות ש.מ,IL,מטרנה חלבי שלב 2 700,,700.00,,false,,59.90,0.0856,true,1,177282
7290011473570,false,קמח חומוס טבעי 500 גרם תבואות,תבואות מוצרי מזון או,IL,קמח חומוס 500 גר,,500.00,100 גרם,false,,13.90,0.0278,true,1,220625
7290011474249,false,ממרח שקדים טבעי 300 גרם,גי' אנד גי' בעמ,IL,חמאת שקד,יחידה,0.00,יחידה,false,,29.90,0.0000,true,1,252050
7290011480516,false,שמיר טרי מהדרין ארוז,TBD,,שמיר ירק מהדרין,יחידה,0.00,יחידה,false,,6.90,0.0000,true,1,205176
7290011480530,false,כוסברה/פטרוזיליה/שמיר/נענע,חקלאי,IL,כוסברה מהדרין,יחידה,0.00,יחידה,false,,6.90,0.0000,true,1,205178
7290011489625,false,פתי בר ביסקויט בטעם שוקו,אפיפית נצרת,IL,ביסקוויט פתי בר קקאו,,110.00,,false,,3.90,0.0355,true,1,202446
7290011499051,false,פטה כבשים מסורתית 20% בגביע 250 גרם - רובין,MKN עבור מחלבות גד ב,IL,פטה כבשים גביע 20% 2,,250.00,100 גרם,false,,29.90,0.1196,true,1,171656
7290011499105,false,בולגרית מסורתית 5% 250 גרם -רבנות,ג'נרל מילס סאן אדריא,IL,בולגרית 5% 250גר מחל,,250.00,,false,,25.90,0.1036,true,1,171660
7290011499112,false,בולגרית מסורתית 16% 250 גרם - רבנות,"מיוצר ע""י dsh",IL,בולגרית 16% 250גר מח,,250.00,100 גרם,false,,25.90,0.1036,true,1,171661
7290011499129,false,גבינה בולגרית מעודנת קוביות קטנות 5% גד 200 גרם,קוד יצרן DSH,IL,בולגרית מעודנת קוביו,,200.00,100 גרם,false,,25.90,0.1295,true,1,171662
7290011499303,false,פטה עיזים מעודנת 5% בגביע 250 גרם - רבנות,ג'נרל מילס סאן אדריא,IL,בולגרית עיזים מעודנת,,250.00,100 גרם,false,,32.90,0.1316,true,1,171670
7290011499327,false,גבינה בולגרית מעודנת 5% 250 גרם - רבנות,מיוצר על ידי DSH עבו,IL,בולגרית בקר מעודנת 2,,250.00,100 גרם,false,,25.90,0.1036,true,1,171672
7290011499341,false,גבינת קשקבל ארוז 26 אחוז 250גרם גד,הנסיך- מפעל לייצור ט,IL,גבינה קאשקבל מחלבות,,250.00,,false,,27.90,0.1116,true,1,171674
7290011499365,false,גד חלומי 24% 200 גרם רובין,"מחלבות גד בע""מ",IL,גבינת חלומי מחלבות ג,,200.00,100 גרם,false,,23.90,0.1195,true,1,171676
7290011499419,false,גבינה במרקם שמנת בטעם טבעי 5% ניו יורק,מחלבות גד,IL,קרם שמנת ניו יורק טב,,200.00,100 גרם,false,,14.90,0.0745,true,1,171679
7290011499624,false,שמנת 30% ניו יורק טבעי 200 גרם רבנות,מחלבות גד,IL,גבינת שמנת ניו יורק,,200.00,100 גרם,false,,14.90,0.0745,true,1,171686
7290011499853,false,גבינת שמנת זיתים 30אחוז 200גרם גד,מחלבות גד (שיווק 199,IL,גבינת שמנת ניו יורק,,200.00,100 גרם,false,,14.90,0.0745,true,1,171703
7290011501617,false,חמוציות ברכז תפוחים ללא תוספת סוכר 250 גרם,"דין שיווק וקלייה בע""",IL,חמוציות דל סוכר 250ג,,250.00,,false,,17.90,0.0716,true,1,200831
7290011515683,false,טילונים אקסטרים וניל מאגדת 6יח',תות תעשיות מזון (201,IL,מאגדת אקסטרים וניל 6,יחידה,0.00,יחידה,false,,35.90,0.0000,true,1,183830
7290011515911,false,שלגון לייט ריבת חלב מאגדת 6 יח',גלידות נסטלה (נגה גל,IL,מאגדת לייט ריבת חלב,,312.00,,false,,29.90,0.0958,true,1,183838
7290011518561,false,"אקטימל תות משפחתי מארז 14X100מ""ל",מיוצר עי קונדיטוריית,IL,אקטימל תות משפחתי 14,,1400.00,,false,,33.70,0.0241,true,1,196212
7290011537371,false,פסטה קונכיות טעמן 500 גר',מוטלו,TR,פסטה קצרה צורות שונו,,500.00,,false,,5.90,0.0118,true,1,194751
7290011575007,false,"הפי מרסס שומר ברק למקלחון 750 מ""ל",יעקובי הפי,DE,הפי מרסס לאמבט 750 מ,,750.00,100 גרם,false,,19.90,0.0265,true,1,183700
7290011587444,false,מוזלי קראנצ'י בתוספת 35% פירות,Vitalia nikola ltd,MK,מוזלי קראנצ'+פירות 6,,600.00,,false,,14.90,0.0248,true,1,175226
7290011587468,false,מוזלי קראנצ'י בתוספת אגוזים,Vitalia nikola ltd,MK,מוזלי קראנצי אגוז 60,,600.00,,false,,14.90,0.0248,true,1,175228
7290011587598,false,שימורי אנשובי בפח 45 ג' תומר,אינוורסיונס פריסקו,IL,פילה אנשובי 45גר,,45.00,,false,,7.90,0.1756,true,1,175230
7290011587758,false,אטריות נודלס דק 200 גר' -תומר,אופאל,CN,נודלס דק 200 גרם,,200.00,100 גרם,false,,6.90,0.0345,true,1,175238
7290011587765,false,אטריות נודלס ביצים עבה תומר 200 ג',אופאל,,נודלס עבה 200 גרם,,200.00,100 גרם,false,,6.90,0.0345,true,1,175239
7290011587826,false,חרדל דיז'ון תומר 370ג',Covinor sas,,חרדל דיז'ון 370 גר,,370.00,,false,,9.90,0.0268,true,1,175241
7290011598211,false,"סנו - אנטי קאלק מרסס ניקוי כללי 4 ב-1 700 מ""ל",מיוצר עי קונדיטוריית,IL,סנו אנטי קאלק ניקוי,,700.00,,false,,21.90,0.0313,true,1,180805
7290011598372,false,"מטלית מקצועית לריצפה פרופישיונל ""סנו סושי""",סנו מפעלי ברונוס.,CN,מטלית מקצועית סנו סו,יחידה,0.00,יחידה,false,,13.90,0.0000,true,1,180811
7290011598402,false,מקסימה מרכך כביסה ארומתרפי מאסק סנו 4 ליטר,סנו מקסימה,IL,סנו מקסימה מרכך כביס,ליטרים,4.00,ליטר,false,,23.90,5.9750,true,1,180812
7290011607180,false,"אבקת כביסה קולון 101 1.25 ק""ג",ריקט בנקיזר ( ניר אי,IL,קולון 101כתמים אבקת,קילוגרמים,1.25,"ק""ג",false,,12.90,10.3200,true,1,200175
7290011607197,false,"קולון 101 אבקת כביסה 5 ק""ג",רקיט בנקיזר,IL,קולון 101כתמים אבקת,קילוגרמים,5.00,"ק""ג",false,,49.90,9.9800,true,1,200176
7290011618216,false,בייבי ביס חטיף אורז בטעם בננה,גואנז'ו יונג וואנט פ,CN,בייבי ביס לתינוקות ב,,50.00,,false,,14.90,0.2980,true,1,207631
7290011668587,false,בריא מהטבע גרנולה בטעם עשיר 500 גרם פנינה רוזנבלום,בריא מהטבע פנינה רוזנבלום,IL,גרנולה טעם עשיר פנינ,,500.00,,false,,29.90,0.0598,true,1,211124
7290011695941,false,קוסקוס בטעם ביתי,אסיף,,קוסקוס בטעם ביתי,יחידה,0.00,יחידה,false,,4.90,0.0000,true,1,252066
7290011725402,false,חסה למהדרין היתר מכי,קוסטר - תורכיה,IL,חסה ערבית מהדרין,יחידה,0.00,יחידה,false,,6.90,0.0000,true,1,246616
7290011725419,false,פטרוזיליה למהדרין הי,קונספסיון/ פניסקור/,IL,פטרוזיליה מהדרין,יחידה,0.00,יחידה,false,,6.90,0.0000,true,1,246603
7290011725426,false,כוסברה מהדרין - ארוז,קונסרבאס פרדו,IL,כוסברה מהדרין,יחידה,0.00,יחידה,false,,6.90,0.0000,true,1,246604
7290011725440,false,שמיר למהדרין היתר מכ,קונסרבס,IL,שמיר מהדרין,יחידה,0.00,יחידה,false,,6.90,0.0000,true,1,246608
7290011725464,false,סלרי למהדרין היתר מכ,,IL,סלרי עלים מהדרין,יחידה,0.00,יחידה,false,,7.90,0.0000,true,1,246609
7290011732172,false,מארז סוכריות שרשרת 24 יחידות 422 גרם,גואנגדונג צאואן פוד,CN,סוכריות שרשרת טעמן 2,יחידה,0.00,יחידה,false,,19.90,0.0000,true,1,194755
7290011732189,false,צמיד 48 יח שקית משפחתית מהדרין,גואנגדונג צאואן פוד,CN,סוכריות צמיד טעמן 48,יחידה,0.00,יחידה,false,,19.90,0.0000,true,1,194756
7290011765392,false,"בוב ספוג שמפו לשיער לסירוק קל כיף 750 מ""ל",טרופיקל דגיל תעשיות,IL,כיף שמפו בוב ספוג 75,,750.00,100 גרם,false,,14.90,0.0199,true,1,180837
7290011765408,false,"בוב ספוג שמפו ומרכך לשיער לסירוק קל כיף 750 מ""ל",קוסמופארם בע''מ,IL,כיף שמפו ומרכך בוב ס,,750.00,100 גרם,false,,14.90,0.0199,true,1,180838
7290011765446,false,משחת שיניים לילדים בוב ספוג בטעם מיץ ענבים עם פלואוריד למניעת עששת,טרופיקל דגיל קוסמטיק,IL,אורביטול משחת שיניים,,70.00,,false,,9.90,0.1414,true,1,180842
7290011800840,false,רפי כהן סלט טחינה בלאדי צבר 400 גרם,רפי כהן / צבר,IL,טחינה בלאדי צבר 400ג,,400.00,100 גרם,false,,17.90,0.0447,true,1,177317
7290011860271,false,ביסבול כדורי פירה מתפוחי אדמה תפוגן 700 גרם,"תעשיות תפוגן בע""מ",IL,ביסבול טבעי תפוגן 70,,700.00,100 גרם,false,,18.90,0.0270,true,1,177322
7290011876388,false,קציצות עוף ובקר מאמא עוף 600 גרם,תנובה גליל שותפות מו,IL,קציצות עוף ובקר מאמא,,600.00,,false,,35.90,0.0598,true,1,188557
7290011877859,false,סנו אינסטלטור חדש פותח סתימות 200ג',מיוצר עי קונדיטוריית,IL,*מבצע* סנו אינסטלטור,,200.00,100 גרם,false,,10.90,0.0545,true,1,180862
7290011877866,false,"מקסימה אבקת כביסה בניחוח מאסק סנו 6 ק""ג","איי, בי, אינבוו",IL,סנו מקסימה מאסק אבקת,קילוגרמים,6.00,"ק""ג",false,,59.90,9.9833,true,1,180863
7290011885007,false,פקאן סיני הטיב 200 ג,דין שיווק,,פקאן סיני 200גר,,200.00,100 גרם,false,,23.90,0.1195,true,1,211973
7290011947309,false,זיתים מצוננים סורי מבוקע ולימון כבוש זיתא 230 ג',זיתא – י.ט.ב תעשיות,IL,זית סורי מבוקע עם לי,,230.00,,false,,14.90,0.0648,true,1,190878
7290011947316,false,זיתא זיתי קלמטה בשמן זית כתית מעולה 215ג,זיתא - י.ט.ב תעשיות,IL,זיתי קלמטה 215 גר,,215.00,,false,,14.90,0.0693,true,1,190879
7290011947798,false,זית קלמטה ללא גלעין עם שמן זית כתית מעולה,זיתא - י.ט.ב תעשיות,IL,זית קלמטה ללא גלעין,,215.00,,false,,14.90,0.0693,true,1,244447
7290011964689,false,על האש לא מונוסודיום 100 גרם 100 גרם מיכל גדול,"תבליני טעם וריח בע""מ",IL,תיבול על האש ללא מונ,,100.00,100 גרם,false,,10.90,0.1090,true,1,198578
7290011964702,false,שווארמה ללא מונסודיום 100 גרם מיכל גדול,"תבליני טעם וריח בע""מ",IL,תיבול לשווארמה ללא מ,,100.00,,false,,10.90,0.1090,true,1,198580
7290011977627,false,סרדינים בשמן צמחי טעים 125 גרם,טעמן,MA,סרדין בשמן צמחי 125,,125.00,,false,,6.90,0.0552,true,1,194768
7290011977634,false,סרדינים בשמן צמחי עם פלפל חריף טעים 90 גרם,טעמן,IL,סרדין פלפל חריף 125,,125.00,,false,,6.90,0.0552,true,1,194769
7290011996222,false,מי אגוז קוקוס דל 400 גרם,טעמי אסיה Taste of Asia,TH,חלב קוקוס 400מל,,400.00,,false,,6.90,0.0173,true,1,200684
7290011996499,false,אטריות אורז דקות טעם וריח 400ג',fujian longhai,CN,טעם אסיה טעם אסיה אט,,400.00,100 גרם,false,,8.90,0.0223,true,1,200688
7290012019036,false,שיני שום בצנצנת תומר 330ג',Qingdao canned foods,,שיני שום כבוש צנצנת,,330.00,,false,,10.90,0.0330,true,1,175264
7290012019265,false,"מחית תפו""ע ללא תוספת סוכר 4*113גר",Cherry growers inc,US,"מחית תפו""ע ללא סוכר",,452.00,,false,,13.90,0.0308,true,1,175272
7290012022203,false,פריכיות קליליות חיטה,דילייט 2005,IL,קליליות (פריכיות) חי,,100.00,100 גרם,false,,15.90,0.1590,true,1,211354
7290012022227,false,קליליות חיטה טעם טבעי,דילייט 2005,IL,קליליות (פריכיות) חי,,100.00,,false,,13.90,0.1390,true,1,211355
7290012022272,false,פריכיות קליליות קידס,דילייט 2005,IL,קליליות קידס 30גר,,30.00,,false,,12.90,0.4300,true,1,221426
7290012116025,false,שמפו פיית הפרפרים לסירוק קל מכיל רוזמרין,קוסמופארם בע''מ,IL,כיף שמפו פיות 750מל,,750.00,100 גרם,false,,14.90,0.0199,true,1,180869
7290012116032,false,כיף פיות מרכך לסירוק קל 750 מל,טרופיקל דגיל תעשיות,IL,כיף מרכך פיות 750מל,,750.00,100 גרם,false,,14.90,0.0199,true,1,180870
7290012116063,false,"כיף אל סבון פיות בתמציות קמומיל 750 מ""ל",טרופיקל דגיל תעשיות,IL,כיף אל סבון פיות קמו,,750.00,100 גרם,false,,14.90,0.0199,true,1,180872
7290012116537,false,"מקסימה אבקת כביסה בניחוח מאסק סנו 2.5 ק""ג",טרופיקל דגיל תעשיות,IL,אבקת מקסימה 2.5 קג מ,קילוגרמים,2.50,"ק""ג",false,,29.90,11.9600,true,1,204599
7290012116551,false,אנטי קאלק נוזל לניקוי כללי סנו 2 ליטר,מיוצר עי קונדיטוריית,IL,אנטי קאלק ניקוי כללי,,2000.00,100 גרם,false,,24.90,0.0124,true,1,180894
7290012117091,false,אבקת -כביסה סנו מקסימה סנסיטיב 6 קג,סנו מקסימה,IL,סנו מקסימה אבקת כביס,קילוגרמים,6.00,"ק""ג",false,,59.90,9.9833,true,1,180921
7290012117350,false,סנו ריצפז פרש 2 ליטר לילך לבנדר,"סנו מפעלי ברונוס בע""",IL,ריצפז פרש לילך לבנדר,ליטרים,2.00,ליטר,false,,22.90,11.4500,true,1,180925
7290012117534,false,סנו - מקסימה מרכך כביסה מרוכז קול 1 ליטר,"סנו מפעלי ברונוס בע""",IL,סנו מקסימה קומפקט 1ל,,1000.00,100 גרם,false,,20.90,0.0209,true,1,180935
7290012117541,false,מקסימה מרכך כביסה מרוכז צהוב סנו 1 ליטר,החברה הדרומית,IL,סנו מקסימה קומפקט צה,,1000.00,100 גרם,false,,20.90,0.0209,true,1,180936
7290012117558,false,מקסימה מרכך כביסה מרוכז ורוד בניחוח מאסק סנו 1 ליטר,"סנו מפעלי ברונוס בע""",IL,סנו מקסימה קומפקט מא,,1000.00,100 גרם,false,,20.90,0.0209,true,1,180937
7290012117732,false,מקסימה מרכך כביסה ארומתרפי קול סנו 4 ליטר,"סנו מפעלי ברונוס בע""",IL,סנו מקסימה מרכך כביס,ליטרים,4.00,ליטר,false,,23.90,5.9750,true,1,180953
7290012117916,false,אינסטלטור נוזל לפתיחת סתימות סנו 1 ליטר,"סנו מפעלי ברונוס בע""",IL,סנו אינסטלטור נוזל 1,,1000.00,,false,,29.90,0.0299,true,1,180960
7290012193125,false,ממתיק על בסיס סוכרלוז - טבליות,מיוצר עי קונדיטוריית,IL,סוכרלוז מרמולייט 150,,150.00,,false,,36.90,0.2460,true,1,207655
7290012226014,false,נקניקיות וינר זוגלובק 800 גרם,נקניק נהריה כשר זוגל,IL,נקניקיות וינר זוגלוב,,800.00,100 גרם,false,,23.90,0.0299,true,1,212433
7290012226021,false,נקניק סלמי מעושן פראג זוגלובק 400 גרם,נקניק נהריה כשר זוגל,IL,*מבצע* סלמי מעושן פר,,400.00,,false,,16.90,0.0422,true,1,212434
7290012226120,false,"קבנוס 135 גרם ""זוגלובק""",נקניק נהריה כשר זוגל,IL,קבנוס זוגלובק 135גר,,135.00,,false,,13.90,0.1030,true,1,212436
7290012226922,false,קבנוס בטעם שום זוגלובק 135 גרם,נקניק נהריה כשר זוגל,IL,קבנוס בטעם שום זוגלו,,135.00,,false,,13.90,0.1030,true,1,212441
7290012226991,false,"נקניקיות עוף באריזת ג''מבו 1.5 ק""ג זוגלובק",נקניק נהריה כשר זוגל,IL,*מבצע* נקניקיות בארי,,1000.00,,false,,26.90,0.0269,true,1,212448
7290012227325,false,סלמי דק דק מעושן איטלקי 120 ג' זוגלובק,זוגלובק,IL,סלמי מעושן דק דק 120,,120.00,,false,,17.90,0.1492,true,1,225806
7290012227400,false,נקניקיות עוף זוגלובק 800 גרם,נקניק נהריה כשר זוגל,IL,נקניקיות עוף זוגלובק,,800.00,100 גרם,false,,23.90,0.0299,true,1,212461
7290012227592,false,פסט' חרמון כפרי וסלמי תה זוגי זוגלובק 300X2ג' מחפוד,זוגלובק,IL,חרמון כפרית+תה מחפוד,,700.00,,false,,34.90,0.0499,true,1,212465
7290012227608,false,מארז חרמון 300 גר' +חרמון ברבקיו 300ג' זוגלובק,זוגלובק,IL,חרמון כפרית זוג מחפו,,600.00,,false,,34.90,0.0582,true,1,212466
7290012227615,false,נקניקיות עוף זוגלובק 800 ג' מחפוד,זוגלובק,IL,נקניקיות עוף מחפוד 8,,800.00,100 גרם,false,,23.90,0.0299,true,1,212467
7290012227912,false,קבנוס עודן 135 ג' זוגלובק,זוגלובק,IL,קבנוס מעודן זוגלובק,,135.00,100 גרם,false,,14.90,0.1104,true,1,212482
7290012227974,false,פסטרמה הודו בדבש טהור דק דק דק,זוגלובק,IL,פסטרמה בדבש דק דק 12,,120.00,,false,,17.90,0.1492,true,1,225807
7290012227981,false,פסטרמה דק דק ברביקיו 120 ג' זוגלובק,זוגלובק,IL,פסטרמה ברביקיו דק דק,,120.00,,false,,17.90,0.1492,true,1,225808
7290012228278,false,נקנקיות בוקוורסט עוף ובקר ריינהולד'ס 310 ג' זוגלובק,זוגלובק,IL,נקניקיות הודו בקר רי,,310.00,,false,,19.90,0.0642,true,1,225813
7290012228704,false,הספרדיה – נקניקיית עוף ובקר חריפות ריינהולד'ס,זוגלובק,IL,נקניקיות סוסג' ספרדי,,300.00,,false,,19.90,0.0663,true,1,225816
7290012228766,false,קבנוס מחפוד זוגלובק 120גרם,זוגלובק,IL,קבנוס מחפוד זוגלובק,,120.00,,false,,12.90,0.1075,true,1,237790
7290012309311,false,ערמונים קלופים שלמים 100 גר,"דין שיווק וקליה בע""מ",CN,ערמונים קלופים שלמים,,100.00,,false,,6.90,0.0690,true,1,200839
7290012413636,false,תה ירוק צאי מסאלה 25 שקיקים 1.5 גרם,ויסוצקי ירוק,IL,תה ירוק מסאלה 25יח,,1500.00,,false,,27.90,0.0186,true,1,190899
7290012413643,false,תה ירוק קמומיל 25 שקיקים ויסוצקי,ויסוצקי ירוק,IL,תה ירוק קמומיל 25יח,,25.00,,false,,27.90,1.1160,true,1,190900
7290012459726,false,עמבה פרימיום 500 גרם,,,עמבה פרימיום 500 גרם,,500.00,100 גרם,false,,11.90,0.0238,true,1,246874
7290012561405,false,דורות בצל חצי מטוגן 180 גרם,עיצובים 2020 (3.8),IL,בצל חצי מטוגן דורות,,180.00,100 גרם,false,,13.90,0.0772,true,1,177361
7290012642586,false,ערמונים קלופים תומר 100 ג',Tangshan huiyuan foo,CN,ערמונים קלופים תומר,,100.00,,false,,6.90,0.0690,true,1,175325
7290012642814,false,פלפלים חריפים מעורבים כבושים שלמים,תומר,,פלפלים מעורבים כבושי,,540.00,,false,,10.90,0.0202,true,1,175331
7290012642852,false,פלפל אדום קלוי על האש עם שום 540 תומר,,IL,פלפל אדום קלוי על הא,,540.00,100 גרם,false,,12.90,0.0239,true,1,175334
7290012645020,false,"יוגורט עיזים טבעי 500 גרם ""חלב הארץ""",חלב הארץ,IL,משקה יוגורט עיזים חל,,500.00,,false,,12.90,0.0258,true,1,196280
7290012645051,false,יוגורט עיזים בגביע 350 גרם,חלב הארץ,IL,יוגורט עיזים בגביע 3,,350.00,100 גרם,false,,12.90,0.0369,true,1,225407
7290012645075,false,יוגורט כבשים יווני גביע 350 גרם חלב הארץ,חלב הארץ,IL,יוגורט כבשים יווני ב,,350.00,100 גרם,false,,12.90,0.0369,true,1,245478
7290012645174,false,גבינת עיזים 5% חלב הארץ 200 גרם,חלב הארץ,IL,גבינה לבנה עיזים 5%,,200.00,,false,,15.90,0.0795,true,1,249089
7290012645297,false,"יוגורט עיזים בטעם טבעי 150 גרם ""חלב הארץ""",מחלבות סוסיא,IL,יוגורט עיזים בטעם טב,,150.00,,false,,5.90,0.0393,true,1,196287
7290012803215,false,וופל בלגי בטעם שוקולד ללא תוספת סוכר,בטר אנד דיפרנט,IL,וופל טוסו וופל בלגי,,200.00,,false,,12.90,0.0645,true,1,207681
7290012803222,false,טוסו ופל בסגנון בלגי בטעם לימון ללא תוספת סוכר 200 גרם,בטר אנד דיפרנט,IL,וופל טוסו וופל בלגי,,200.00,,false,,12.90,0.0645,true,1,207682
7290012803451,false,טוסו שוקולד מריר 62% מוצקי קקאו ללא תוספת סוכר 100 גרם,טוסו tusso,TR,שוקולד מריר טוסו 62%,יחידה,0.00,יחידה,false,,13.90,0.0000,true,1,214275
7290012803765,false,טוסו שוקולד מריר ללא תוספת סוכר 100 גרם,אלטינמארקה גידה סאן,TR,שוקולד טוסו מריר 100,,100.00,,false,,13.90,0.1390,true,1,207707
7290012803772,false,טוסו שוקולד חלב ללא תוספת סוכר 100 גרם,אלטינמארקה גידה סאן,TR,שוקולד טוסו חלב 100ג,,100.00,,false,,13.90,0.1390,true,1,207708
7290012803789,false,טוסו שוקולד מריר עם אגוזים ללא תוספת סוכר 100 גרם,האי נאם סי או אל.טי.,TR,שוקולד טוסו מריר ואג,,100.00,,false,,13.90,0.1390,true,1,207709
7290012803796,false,טוסו שוקולד חלב עם אגוזים ללא תוספת סוכר 100 גר',אלטינמארקה גידה סאן,TR,שוקולד טוסו חלב ואגו,,100.00,,false,,13.90,0.1390,true,1,207710
7290012823251,false,כיף אל סבון יסמין לבנדר 1 ליטר משאבה,החברה הדרומית,IL,כיף אל סבון יסמין לב,,1000.00,,false,,14.90,0.0149,true,1,180988
7290012823374,false,אנטי קאלק מטליות לחות לניקוי כללי סנו 50 יחידות,מיוצר עי קונדיטוריית,IL,מגבוני אנטי קאלק 50י,,50.00,,false,,14.90,0.2980,true,1,180991
7290012823381,false,מקסימה מרכך כביסה מרוכז סנסטיב בייבי סנו 1 ליטר,"סנו מפעלי ברונוס בע""",IL,סנו מקסימה ורוד סנסט,,1000.00,100 גרם,false,,20.90,0.0209,true,1,180992
7290012823398,false,מטליות חד פעמיות לניקוי הרצפה בניחוח מרכך כביסה 10יח' סנו,סנו מפעלי ברונו בעמ,IL,מטליות לחות לרצפה בנ,יחידה,0.00,יחידה,false,,14.90,0.0000,true,1,225773
7290012823541,false,ריצפז פרש מטליות לחות לרצפה בניחוח לבנדר 10 יחידות,"סנו מפעלי ברונוס בע""",IL,מטליות לחות לרצפה בנ,יחידה,0.00,יחידה,false,,14.90,0.0000,true,1,180996
7290012823602,false,נייר טואלט סופט סילק לבן 32 גלילים סנו,טרופיקל דגיל תעשיות,IL,*מבצע* סופט סילק ניי,,1950.00,100 גרם,false,,34.90,0.0179,true,1,181000
7290012823923,false,"מקסימה מרכך כביסה מרוכז פרפיום גולדן סנרייז סנו 750 מ""ל",סנו מפעלי ברונוס בעמ,IL,סנו מקסימה פרפיום גו,,750.00,100 גרם,false,,20.90,0.0279,true,1,181016
7290012823947,false,"סנו - מרכך כביסה מרוכז פרפיום קריסטל נואר 750 מ""ל",מיוצר עי קונדיטוריית,IL,סנו מקסימה פרפיום קר,,750.00,100 גרם,false,,20.90,0.0279,true,1,181018
7290012864001,false,נביטי חמניה 170ג',קרונוס,IL,נבטי חמניות,יחידה,0.00,יחידה,false,,8.90,0.0000,true,1,205195
7290012864025,false,מיקס אלפלפא חמניה,קרלסברג יבוא יצוא,IL,נבטים,יחידה,0.00,יחידה,false,,7.90,0.0000,true,1,205196
7290012901355,false,דודלס ארוחת אטריות עם גבינה 206 גרם,האי נאם סי או אל.טי.,US,פסטה מקרוני עם גבינה,,206.00,,false,,12.90,0.0626,true,1,174667
7290012929779,false,פסטה ספירלה מקמח מלא טעמן 500 ג',מוטלו,TR,פסטה ספירלה חיטה מלא,,500.00,,false,,7.90,0.0158,true,1,194790
7290012929786,false,טעמן פסטה צינורות חיטה מלאה 500גר,מוטלו,TR,פסטה צינורות חיטה מל,,500.00,,false,,7.90,0.0158,true,1,194791
7290012929793,false,פסטה ספדטי מקמח מלא טעמן 500 גר',מוטלו,TR,ספגטי מחיטה מלאה 500,,500.00,100 גרם,false,,7.90,0.0158,true,1,194792
7290012938580,false,"סנסודיין משחת שיניים להלבנה עדינה 75 מ""ל",גלקסוסמית'קליין קונס,GB,סנסודיין משחת שיניים,,75.00,,false,,22.90,0.3053,true,1,199711
7290012938740,false,"משחת שיניים פרש מינט מנטה 75מ""ל סנסודיין",גלקסו סמית קליין,GB,סנסודיין משחת שיניים,,75.00,,false,,22.90,0.3053,true,1,199716
7290012969584,false,אלומיניום דגם כוכבים,,,אלומיניום דגם כוכבים,יחידה,0.00,יחידה,false,,29.90,0.0000,true,1,253599
7290012975011,false,ליפתניות ארוז 25 י ח,,,ליפתניות ארוז 25 י ח,יחידה,0.00,יחידה,false,,5.90,0.0000,true,1,253550
7290012975028,false,צלחות גדולות,,,צלחות גדולות,יחידה,0.00,יחידה,false,,49.90,0.0000,true,1,252105
7290012983160,false,סילאן בקבוק לחיץ 400 גרם,"חצר כנרת מוצרי תמר אגש""ח",IL,סילאן לחיץ חצר כנרת,,400.00,100 גרם,false,,11.90,0.0298,true,1,214658
7290012996450,false,מרכך כביסה מרוכז פרחי אביב הפי 1 ליטר,יעקובי הפי,BE,הפי מרכך כביסה מרוכז,,1000.00,,false,,10.90,0.0109,true,1,183709
7290013083661,false,"מטרנה אקסטרה קר שלב 1 חסכון 700 גרם תמ""ל",מטרנה תעשיות ש.מ,IL,מטרנה אקסטרא קר שלב,,700.00,,false,,59.90,0.0856,true,1,177370
7290013083678,false,תחליף חלב אקסטרה קר שלב 2 מטרנה 700 גרם,מולינו ניקולי s.p.a,IL,מטרנה אקסטרא קר שלב,,700.00,100 גרם,false,,59.90,0.0856,true,1,177371
7290013083685,false,תחליף חלב אקסטרה קר שלב 3 מטרנה 700 גרם,מטרנה תעשיות ש.מ,IL,מטרנה אקסטרא קר שלב,,700.00,100 גרם,false,,59.90,0.0856,true,1,177372
7290013117212,false,בורקס פילו במילוי גבינה מעדנות 600 גר,מיוצר עי קונדיטוריית,IL,בורקס פילו גבינה מעד,,600.00,100 גרם,false,,22.90,0.0382,true,1,188585
7290013117229,false,"בורקס פילו במילוי תפו""א מעדנות 600 גר",מיוצר עי קונדיטוריית,IL,בורקס פילו תפוא מעדנ,,600.00,100 גרם,false,,22.90,0.0382,true,1,188586
7290013117236,false,בורקס פילו פיצה מעדנות 600 גרם,מיוצר עי קונדיטוריית,IL,בורקס פילו פיצה מעדנ,,600.00,,false,,22.90,0.0382,true,1,188587
7290013117243,false,בורקס פילו בולגרית מעדנות 600 גרם,מיוצר עי קונדיטוריית,IL,בורקס פילו בולגרית מ,,600.00,100 גרם,false,,22.90,0.0382,true,1,188588
7290013117526,false,בצק שמרים מרודד למאפים מתוקים מעדנות 900 גרם,"מעדנות בע""מ",IL,בצק שמרים למאפים מתו,,900.00,,false,,24.90,0.0277,true,1,188597
7290013144249,false,מיימונס פודינג שוקולד 95 גרם,א.ל ייצור ושיווק תבל,IL,פודינג שוקולד 95גר,,95.00,,false,,5.90,0.0621,true,1,194522
7290013268020,false,מקסימה מרכך כביסה מרוכז בניחוח אולטרא פרש סנו 1 ליטר,"סנו מפעלי ברונוס בע""",IL,סנו מקסימה אולטרא פר,,1000.00,,false,,20.90,0.0209,true,1,181024
7290013268037,false,מקסימה מרכך כביסה מרוכז בניחוח לבנדר פצ'ולי סנו 1 ליטר,"איי, בי, אינבוו",IL,סנו מקסימה פצ'ולי סג,,1000.00,100 גרם,false,,20.90,0.0209,true,1,181025
7290013268839,false,פוליויקס פרקט-תרכיז ריחני לניקוי רצפות עץ,סנו פוליויקס,IL,פוליויקס פרקט ניחוח,ליטרים,2.00,ליטר,false,,29.90,14.9500,true,1,225246
7290013268884,false,"נוזל רצפות מאסק 2 ליטר ""ריצפז פרש""",מיוצר עי קונדיטוריית,IL,ריצפז פרש מאסק 2ליטר,ליטרים,2.00,ליטר,false,,22.90,11.4500,true,1,181073
7290013268891,false,אוקסיג'ן ג'ל ללא אקונומיקה עם חמצן פעיל סנו 3 ליטר,"סנו מפעלי ברונוס בע""",IL,סנו אוקסיגן 3ליטר,,3000.00,,false,,34.90,0.0116,true,1,181074
7290013268907,false,ג'ל כביסה ביו בטמפרטורות נמוכות,"סנו מפעלי ברונוס בע""",IL,סנו מקסימה גל כביסה,ליטרים,3.00,ליטר,false,,34.90,11.6333,true,1,181075
7290013268983,false,מרכך כביסה סופר מרוכז בבישום עוצמתי סנו מקסימה 1 ל',"סנו מפעלי ברונוס בע""",IL,סנו מקסימה מרכך סופר,,1000.00,,false,,20.90,0.0209,true,1,245932
7290013268990,false,סנו - מקסימה מרכך כביסה מרוכז ביו 1 ליטר,"סנו מפעלי ברונוס בע""",IL,סנו מקסימה ביו 1ליטר,,1000.00,100 גרם,false,,20.90,0.0209,true,1,196326
7290013269003,false,מרכך כביסה סופר מרוכז בייבי לתינוקות ולעור רגיש,"סנו מפעלי ברונוס בע""",IL,סנו מקסימה קר בייבי,,1000.00,100 גרם,false,,20.90,0.0209,true,1,181078
7290013269157,false,"מרכך ומבשם מקסימה למייבש לבנדר 750 מ""ל סנו",סנו מקסימה,,סנו מקסימה למייבש לב,,750.00,,false,,21.90,0.0292,true,1,181086
7290013269263,false,ג'ל כביסה מרוכז מקסימה בבישום קריסטל נואר,סנו מפעלי ברונוס בעמ,IL,סנו מקסימה גל כביסה,ליטרים,3.00,ליטר,false,,34.90,11.6333,true,1,181089
7290013269287,false,סנו - מקסימה ג'ל כביסה מרוכז מאסק 3 ליטר,"סנו מפעלי ברונוס בע""",IL,סנו מקסימה גל כביסה,ליטרים,3.00,ליטר,false,,34.90,11.6333,true,1,181091
7290013269621,false,ריצפז פרש לניקוי רצפות בניחוח מלון בוטיק,מיוצר עי קונדיטוריית,IL,ריצפז פרש הום בניחוח,ליטרים,2.00,ליטר,false,,25.90,12.9500,true,1,225249
7290013269645,false,ריצפז פרש מטליות לחות לריצפה בניחוח מאסק 10 יחידות,סנו מפעלי ברונוס בעמ,IL,מטליות לחות ריצפז פר,יחידה,0.00,יחידה,false,,14.90,0.0000,true,1,181104
7290013269652,false,פוליויקס נוזל לניקוי רצפות גרניט פורצלן סנו 2 ליטר,סנו פוליויקס,IL,פוליויקס גרניט פורצל,ליטרים,2.00,ליטר,false,,24.90,12.4500,true,1,181105
7290013269751,false,מטליות לחותריצפז פרש לניקוי ריצפה בניחות מלון בוטיק 10 יח' סנו,טרופיקל דגיל תעשיות,IL,ריצפז פרש הום מטליות,,10.00,,false,,14.90,1.4900,true,1,225250
7290013269911,false,"סנו K-333 קוטל חרקים ללא ריח 750מ""ל","סנו מפעלי ברונוס בע""",IL,K - 333 -נמלים 750 מ,,750.00,100 גרם,false,,32.90,0.0439,true,1,181114
7290013284310,false,רוטב פסטה לילדים 240 גרם פריניר,פריניר ( הדס 1987) ב,IL,רוטב פסטה לילדים פרי,,240.00,100 גרם,false,,6.90,0.0288,true,1,214564
7290013284662,false,רוטב פיצה פיתה לילדים 240 ג' פריניר,פריניר ( הדס 1987) ב,IL,רוטב פיצה פריניר 240,,240.00,,false,,6.90,0.0288,true,1,214565
7290013301970,false,אשפתון גליל 75/85 קומפקט 25 יח' ר. שמאי,,,אשפתון 75/85 גליל 25,יחידה,0.00,יחידה,false,,11.90,0.0000,true,1,240490
7290013358363,false,מאסטר שף פרורי לחם פנקו עבים בסגנון יפני 300 גר,קריניציה ויטמינה אס,IL,פירורי לחם פנקו מאסט,,300.00,100 גרם,false,,10.90,0.0363,true,1,185837
7290013358486,false,מאסטר שף פירורים מוזהבים ללא צורך בביצה 300 ג,"מיוצר ע""י מנה י.א בע",IL,פירורי לחם מוזהבים ל,,300.00,,false,,8.90,0.0297,true,1,185847
7290013358493,false,מנה אסייאתי קרם קוקוס פחית 400 מל מ.שף,תאי קוקונט פבליק קומ,TH,קרם קוקוס פחית מאסטר,,400.00,100 גרם,false,,9.90,0.0248,true,1,185848
7290013358516,false,"מיקסלט חמוציות, גרעינים, קטניות ואגוזים",המאפיה של הרמן,IL,מיקסלט עם חמוציות מא,,200.00,100 גרם,false,,15.90,0.0795,true,1,185850
7290013358523,false,מאסטר שף שבבי בצל מטוגן 150 גרם,קריניציה ויטמינה אס,NL,שבבי בצל מטוגן מאסטר,,150.00,100 גרם,false,,13.90,0.0927,true,1,185851
7290013389114,false,ניוקי תפוח אדמה 500 ג' לה פסטה,לה פסטה La' Pasta,,ניוקי תפוא 500 גר,,500.00,,false,,10.90,0.0218,true,1,175357
7290013389138,false,"ניוקי 500 ג' ""לה פסטה"" שלושה צבעים 500 גר' 12X",לה פסטה La' Pasta,,ניוקי שלושה צבעים 50,,500.00,100 גרם,false,,10.90,0.0218,true,1,175359
7290013389145,false,"ניוקי 500 ג' ""לה פסטה"" מיני 500 גר' 12X",לה פסטה La' Pasta,,מיני ניוקי 500 גר,,500.00,100 גרם,false,,10.90,0.0218,true,1,175360
7290013440648,false,מאגדת שלגוני אבטיח נסטלה 108X5ג',גלידות נסטלה (נגה גל,IL,קרחוני אבטיח מאגדת נ,יחידה,0.00,יחידה,false,,26.90,0.0000,true,1,183944
7290013472892,false,בולגריה קוביות במי מלח - מרכיבי חלב ושומן צמחי,"קוליוס אס.איי, גריק",GR,בולגריה בקוביות וילי,,200.00,100 גרם,false,,12.90,0.0645,true,1,178877
7290013472908,false,בולגריה קוביות במי מלח,וילי פוד,GR,הבולגריה בקוביות ויל,,400.00,,false,,22.90,0.0572,true,1,178878
7290013492005,false,תפוח אדמה אדום למיקרו 600 ג',שרווין ווליאמס,IL,"תפו""א למיקרו",יחידה,0.00,יחידה,false,,7.90,0.0000,true,1,205205
7290013531346,false,סירופ דיאט בטעם לימונענע יכין 1 ליטר,זנלכל,IL,סירופ דיאט לימונענע,,1000.00,100 גרם,false,,16.90,0.0169,true,1,174434
7290013541017,false,תפוח עץ 200גר,,,תפוח עץ 200גר,,200.00,,false,,14.90,0.0745,true,1,211586
7290013541062,false,שזיף מגולען 300גר,,,שזיף מגולען 300גר,,300.00,,false,,19.90,0.0663,true,1,211589
7290013541093,false,תמר מגהול 400 גרם,,,תמר מגהול 400 גרם,,400.00,,false,,19.90,0.0497,true,1,211592
7290013541109,false,צנובר 100גר,,,צנובר 100גר,,100.00,,false,,21.90,0.2190,true,1,211593
7290013541161,false,שקדים טבעי 180גר,,,שקדים טבעי 180גר,,180.00,,false,,15.90,0.0883,true,1,211598
7290013541253,false,גנגר טבעי 200גר,,,גנגר טבעי 200גר,,200.00,,false,,14.90,0.0745,true,1,211605
7290013541277,false,קשיו טבעי 170גר,,,קשיו טבעי 170גר,,170.00,,false,,19.90,0.1171,true,1,211606
7290013541321,false,משמש מיובש 300גר,,,משמש מיובש 300גר,,300.00,,false,,19.90,0.0663,true,1,211607
7290013542144,false,כוסות קרטון 4OZ אר50 יח',,CN,כוסות נייר 4אוז 50יח,,50.00,,false,,7.90,0.1580,true,1,197721
7290013542236,false,כוסות חד פעמי .א'ר 100 יח',,TR,כוסות ח.פ א'ר 100 דנ,,100.00,,false,,7.90,0.0790,true,1,197725
7290013542342,false,נייר אפייה ביתי אר 5,,FR,נייר אפייה ביתי אר 5,יחידה,0.00,יחידה,false,,10.90,0.0000,true,1,247193
7290013542533,false,כוס נייר גדולה לשתיה,,CN,כוס נייר 12 אוז 50 י,יחידה,0.00,יחידה,false,,19.90,0.0000,true,1,197741
7290013542762,false,קערה מרובעת 64OZ פלס,,,קערה מרובעת 64OZ פלס,יחידה,0.00,יחידה,false,,9.90,0.0000,true,1,239517
7290013585233,false,"ספרייט זירו פחית סליק 330 מ""ל",גוד פוד פרודקטס S.p,IL,ספרייט זירו סילק 330,,330.00,,false,,7.00,0.0212,true,1,210498
7290013585387,false,קוקה קולה זירו בקבוק,פארייפאבה אגרואינדוס,IL,קוקה קולה זירו 1ליטר,,1000.00,100 גרם,false,,7.80,0.0078,true,1,210509
7290013585394,false,קוקה קולה 1ליטר בודד,פארייפאבה אגרואינדוס,IL,קוקה קולה 1ליטר,,1000.00,100 גרם,false,,8.00,0.0080,true,1,210510
7290013585967,false,מארז ספרייט זירו 6 * 330 פח Fridge- pack,קוקה קולה ישראל,IL,ספרייט זירו מארז פחי,,1980.00,,false,,29.90,0.0151,true,1,210524
7290013608260,false,פרימור מיץ רימונים 100% סחוט טרי 1ל',"גניר (1992) בע""מ",IL,פרימור רימונים סחוט,,1000.00,100 גרם,false,,24.90,0.0249,true,1,196343
7290013625939,false,טעמן איטריות דקיקות 400גר,מוטלו,TR,איטריות דקיקות טעמן,,400.00,100 גרם,false,,5.90,0.0148,true,1,194821
7290013724939,false,חמוציות בציפוי שוקולד מריר 160 גרם,"דין שיווק וקלייה בע""",IL,משוקלדים חמוציות מרי,,160.00,,false,,10.90,0.0681,true,1,200857
7290013724946,false,שקדים בשוקולד מריר 140 גר שקדיה,"דין שיווק וקלייה בע""",IL,משוקלדים שקד מריר קו,,160.00,,false,,13.90,0.0869,true,1,200858
7290013724953,false,חמוציות בשוקולד חלב 140 גר שקדיה,"דין שיווק וקלייה בע""",IL,משוקולדים חמוציות חל,,160.00,100 גרם,false,,10.90,0.0681,true,1,200859
7290013724960,false,שקדים בשוקולד חלב 140 גר שקדיה,"דין שיווק וקלייה בע""",IL,משוקלדים שקד חלב קופ,,160.00,,false,,13.90,0.0869,true,1,200860
7290013725752,false,אטריות ביצים צרות לה,,CN,נודלס דק סו שף 400גר,,400.00,100 גרם,false,,9.90,0.0248,true,1,200866
7290013725769,false,נודלס עבה סו שף 400ג,,CN,נודלס עבה סו שף 400ג,,400.00,,false,,9.90,0.0248,true,1,200867
7290013725844,false,חטיף שומשום בשוקולד מריר 160ג,"דין שיווק וקלייה בע""",IL,משוקלדים שומשום מריר,,160.00,100 גרם,false,,10.90,0.0681,true,1,200870
7290013843098,false,כפיות חד פעמי קרם,,,כפיות חד פעמי קרם,יחידה,0.00,יחידה,false,,9.90,0.0000,true,1,252167
7290013843968,false,כוסות קרטון 8 אוז 50 יח',כוסות שתייה חמה 3 ב,,כוס שתייה חמה שרוול,יחידה,0.00,יחידה,false,,9.90,0.0000,true,1,237286
7290013843999,false,כפיות חד פעמיות 50 י,,,כפיות חד פעמיות 50 י,יחידה,0.00,יחידה,false,,9.90,0.0000,true,1,252172
7290013847386,false,סטארקיסט נתחי טונה בהירה במים ושמן קנולה בטעם טבעי 140 גרם,סטארקיסט Starkist,IL,טונה סטארקיסט לייט 4,,140.00,100 גרם,false,,8.90,0.0636,true,1,225237
7290013847393,false,סטארקיסט לייט נתחי טונה בהירה במים ושמן קנולה עם עשבי תיבול 140 גרם,"סטארקיסט פודור בע""מ",IL,טונה סטארקיסט לייט 4,,140.00,,false,,8.90,0.0636,true,1,225238
7290013847409,false,סטארקיסט לייט נתחי טונה בהירה במים ושמן קנולה עם לימון ופלפל חריף 140 גרם,סטארקיסט Starkist,IL,טונה סטארקיסט לייט 4,,140.00,100 גרם,false,,8.90,0.0636,true,1,225239
7290013847454,false,טונה סטארקיסט שמן קנולה רביעיות 4*160 גר,"סטארקיסט פודור בע""מ",IL,טונה סטארקיסט בשמן ק,,640.00,100 גרם,false,,26.90,0.0420,true,1,246464
7290013848345,false,מארז מטליות לחיטוי וניקוי יסודי אנטיבקטריאלי 99.9%,סנו מפעלי ברונוס בעמ,IL,סנו מטליות לחות לחיט,יחידה,0.00,יחידה,false,,24.90,0.0000,true,1,225252
7290013848383,false,קרמה מן גל רחצה אקטיב בלוק 700 מל לגבר,טרופיקל דגיל תעשיות,IL,קרמה מן ג'ל רחצה אקט,,700.00,,false,,19.90,0.0284,true,1,181129
7290013848581,false,סנו סושי מגבות נייר בגליל ענק.,סנו,IL,מגבת נייר גליל סנו ס,יחידה,0.00,יחידה,false,,13.90,0.0000,true,1,214320
7290013883148,false,הפי ג'ל סופג ריחות במקרר,יעקבי - הפי Hepi,IT,סופג ריחות למקרר,יחידה,0.00,יחידה,false,,12.90,0.0000,true,1,225264
7290013883407,false,דזיטול מחטא ומשמיד חיידקים-מרסס,יעקבי - דזיטול Desytol,ES,דזיטול מרסס מחטא ומש,,500.00,100 גרם,false,,15.90,0.0318,true,1,183721
7290013906052,false,נקניקיות פרגיות טירת צבי 300 גר',הנסיך- מפעל לייצור ט,IL,נקניקיות פרגיות טירת,,300.00,,false,,16.90,0.0563,true,1,188620
7290013906205,false,פסטרמה עם שום וצילי טירת צבי 400 ג',הנסיך- מפעל לייצור ט,IL,פסטרמה שום וצ'ילי פי,,400.00,,false,,29.90,0.0747,true,1,188621
7290013906212,false,"נקנקיות וינר טירת 1 ק""ג טירת צבי",הנסיך- מפעל לייצור ט,IL,נקניקיות וינר טירת צ,,1000.00,,false,,34.90,0.0349,true,1,188622
7290013906236,false,סלמי גלבוע טירת צבי 400 ג',הנסיך- מפעל לייצור ט,IL,סלמי גלבוע טירת צבי,,400.00,100 גרם,false,,26.90,0.0672,true,1,188623
7290013906458,false,קבנוס בטעם פיקנטי טירת צבי 120 גר,הנסיך- מפעל לייצור ט,IL,קבנוס פיקנטי טירת צב,,120.00,,false,,12.90,0.1075,true,1,188630
7290013906519,false,פרושוטו בקר דליקטיב 100 גרם,הנסיך- מפעל לייצור ט,IL,פסטרמה פרושוטו בקר ט,,100.00,100 גרם,false,,33.90,0.3390,true,1,188631
7290013906687,false,פסט' צמד כפרית ברביקיו ודבש 300X2ג' טירת צבי,הנסיך- מפעל לייצור ט,IL,פסטרמה צמד מארז כפרי,,600.00,,false,,34.90,0.0582,true,1,188632
7290013927002,false,עוגיות דיקליות בטעם שוקו אחווה 400 ג',,IL,דקליות שוקו במגש 400,,400.00,,false,,12.90,0.0323,true,1,203417
7290013927156,false,אחוה בטעם פירות יער ללא תוספת סוכר 450 גרם.,אחדות ביחר לטחינה חל,IL,עוגה בטעם פירות יער,,450.00,,false,,14.90,0.0331,true,1,203429
7290013927323,false,אחדות עוגת בראוניס 400 גרם,אחדות ביחר לטחינה חל,IL,עוגת בראוניס אחווה 4,,400.00,,false,,13.90,0.0348,true,1,203439
7290013927637,false,חלוה ללא תוספת סוכר אחווה 400 גרם,אחדות ביחר לטחינה חל,IL,חלווה ללא תוספת סוכר,,400.00,,false,,14.90,0.0373,true,1,225725
7290013927996,false,עוגת שמרים קראץ' בטעם שוקולד 400 גר',אחדות ביחר לטחינה חל,IL,עוגת שמרים קרנץ בטעם,,400.00,,false,,12.90,0.0323,true,1,237338
7290014002203,false,חליטת לימונית ולואיזה ויסוצקי 25 יחידות,תה ויסוצקי,IL,חליטת לימונית ולואיז,,25.00,,false,,19.90,0.7960,true,1,190917
7290014002944,false,גן קסום חליטת פירות וצמחים חמדת שקד 25 שקיקים,תה ויסוצקי,IL,תה הגן הקסום חליטת פ,,57.50,100 גרם,false,,19.90,0.3461,true,1,190929
7290014046016,false,פסטרמה של פעם דל שומן 2% רכיבים טבעיים,מעדני יחיעם,IL,פסטרמה הודו 100% חומ,,250.00,,false,,28.90,0.1156,true,1,172272
7290014046047,false,צמד פסטרמות 600 ג' יחיעם,מעדני יחיעם 1993,IL,צמד פסטרמות פפריקה ו,,600.00,100 גרם,false,,29.90,0.0498,true,1,172275
7290014046580,false,"פסטרמה מעודנת על האש 300 גרם ""יחיעם""",מעדני יחיעם 1993,IL,פסטרמה מעודנת על גחל,,300.00,100 גרם,false,,29.90,0.0997,true,1,172286
7290014079847,false,פטריות בייבי בלה צמד מרינה,"מרינה פטריות הגליל בע""מ",IL,צמד פטריות בייבי בלה,,500.00,,false,,19.90,0.0398,true,1,172659
7290014083479,false,גבינת גאודה פרוסה 29% וילי פוד 150 גרם,ג.וילי פוד אינטרנשיו,IL,גבינת גאודה פרוסה חצ,,150.00,,false,,12.90,0.0860,true,1,178891
7290014083806,false,עוגיות בטעם חמאה 350 גרם בפח,וילי פוד,PT,עוגיות טעם חמאה בפח,,350.00,100 גרם,false,,12.90,0.0369,true,1,178907
7290014083813,false,וילי פוד מריגה שפרוטים מעושנים בשמן 190ג,הנסיך- מפעל לייצור ט,LV,שפרוטים מעושנים בשמן,,190.00,,false,,10.90,0.0574,true,1,178908
7290014094352,false,אגוז מלך טבעי בקופסא,"שקדיה גבע תעשיות בע""",,אגוזי מלך בקופסא 200,,200.00,,false,,19.90,0.0995,true,1,200888
7290014094369,false,שקד טבעי 200 גר קופסא ששון הקולה,"דין שיווק וקלייה בע""",IL,שקד טבעי בקופסא 200ג,,200.00,,false,,23.90,0.1195,true,1,200889
7290014094376,false,שזיפים ללא גלעין 330 גר,"דין שיווק וקלייה בע""",,שזיף ללא גלעין 250 ג,,250.00,,false,,23.90,0.0956,true,1,200890
7290014094383,false,משמש מיובש ששון הקול,"דין שיווק וקלייה בע""",,משמש 250 גרם בקופסא,,250.00,,false,,23.90,0.0956,true,1,200891
7290014094390,false,חמוציות מסוכרות ששון,"דין שיווק וקלייה בע""",,חמוציות 250 גרם קופס,,250.00,,false,,17.90,0.0716,true,1,200892
7290014094406,false,צימוק לבן 250 גרם ששון הקולה,"דין שיווק וקלייה בע""",US,צימוק לבן קופסא 330ג,,330.00,,false,,17.90,0.0542,true,1,200893
7290014094505,false,אורז בסמתי טהור אהרוני 1 ק''ג,האי נאם סי או אל.טי.,IN,אורז בסמטי טהור אהרו,,1000.00,,false,,11.90,0.0119,true,1,200899
7290014094628,false,פקאן טבעי 200 ג' בקופסא,"דין שיווק וקלייה בע""",IL,פקאן טבעי בקופסא 200,,200.00,,false,,24.90,0.1245,true,1,200906
7290014094642,false,קשיו טבעי גדול בקופס,"דין שיווק וקלייה בע""",IL,קשיו טבעי גדול בקופס,,250.00,,false,,23.90,0.0956,true,1,200908
7290014094659,false,בונדוק טבעי 250 ג' בקופסא,"ליגו, ואני",IL,בונדוק טבעי בקופסא 2,,250.00,,false,,24.90,0.0996,true,1,200909
7290014094857,false,פקאן סיני מסוכר 150 גרם ששון הקולה,"דין שיווק וקלייה בע""",IL,פקאן סיני מסוכר 150,,150.00,,false,,20.00,0.1333,true,1,200921
7290014095946,false,משוקלדים פקאן בשוקולד מריר 140 גרם,"שקדיה גבע תעשיות בע""",IL,פקאן בשוקולד מריר שק,,160.00,,false,,13.90,0.0869,true,1,200938
7290014095953,false,משוקלדים פקאן בשוקולד חלב 140 ג',שקדיה גבע בתעשיות עמ,IL,משוקלדים פקאן חלב קו,,160.00,,false,,13.90,0.0869,true,1,200939
7290014204683,false,"פנינה רוזנבלום- סבון נוזלי משאבה סגול,1 ליטר",פנינה רוזנבלום,IL,סבון נוזלי משאבה סגו,,1000.00,,false,,11.90,0.0119,true,1,211145
7290014204690,false,"פנינה רוזנבלום- סבון נוזלי משאבה ורוד,1 ליטר",פנינה רוזנבלום,IL,סבון נוזלי משאבה ורו,,1000.00,,false,,11.90,0.0119,true,1,211146
7290014217003,false,"פפריקה מעושנת 90 גרם ""טעם וריח""","תבליני טעם וריח בע""מ",IL,פפריקה מעושנת 90גר,,90.00,100 גרם,false,,10.90,0.1211,true,1,198587
7290014217140,false,"מיכל ראס אל חנות 100 גר' ""טעם וריח""","תבליני טעם וריח בע""מ",IL,תבלין ראס אל חנות 10,,100.00,,false,,10.90,0.1090,true,1,198599
7290014217348,false,"מיכל צ'ילי כתוש 70 גר' ""טעם וריח""","תבליני טעם וריח בע""מ",IL,צ'ילי כתוש מיכל 70גר,,70.00,,false,,10.90,0.1557,true,1,198608
7290014218321,false,בורקס אישי גבינה מעדנות 4* 150 גרם,מיוצר עי קונדיטוריית,IL,בורקס יפו גבינה מעדנ,,600.00,,false,,19.90,0.0332,true,1,188646
7290014218338,false,בורקס יפו במילוי תפוחי אדמה,מיוצר עי קונדיטוריית,IL,"בורקס יפו תפו""א מעדנ",,600.00,100 גרם,false,,18.90,0.0315,true,1,188647
7290014241763,false,פיצוחי הטיב קשיו טבעי 200 גר,דין שיווק,,קשיו טבעי 200גר,,200.00,,false,,18.90,0.0945,true,1,212037
7290014308633,false,פלפל שחור שלם 80 גר,,,פלפל שחור פרג,יחידה,0.00,יחידה,false,,17.90,0.0000,true,1,250071
7290014397286,false,מקסימה מרכך כביסה מרוכז חלב ודבש סנו 1 ליטר,סנו מקסימה,IL,סנו מקסימה קר חלב וד,,1000.00,100 גרם,false,,20.90,0.0209,true,1,181175
7290014397767,false,סנו ריצפז פרש הום 2 ליטר בניחוח כותנה-מרכז,"סנו מפעלי ברונוס בע""",IL,ריצפז פרש הום בניחוח,ליטרים,2.00,ליטר,false,,25.90,12.9500,true,1,181202
7290014397774,false,רצפז פרש הום טבע רענן 2 ל',סנו פרש Fresh,IL,ריצפז פרש הום בניחוח,ליטרים,2.00,ליטר,false,,25.90,12.9500,true,1,181203
7290014397781,false,סנו ריצפז פרש הום 2 ליטר בניחוח סבון,סנו פרש Fresh,IL,ריצפז פרש הום בניחוח,ליטרים,2.00,ליטר,false,,25.90,12.9500,true,1,181204
7290014455245,false,גבינת גרנה פדנו משולש 29% 200 גרם בית יוסף,מחלבת סוציאלה מנטובה,IT,גרנה פדנו משולש מחלב,,200.00,,false,,29.30,0.1465,true,1,171708
7290014455252,false,גבינה קשה מגורדת גרנה פדנו 29% שומן,מחלבות גד שיווק 1992,IT,גרנה פדנו מגורד 100ג,,100.00,100 גרם,false,,13.90,0.1390,true,1,171709
7290014455320,false,גבינה כדורי מוצרלה פרסקה גד 100ג',מוצרלה פרסקה 2 ב 15,IL,כדור מוצרלה פרסקה 18,,100.00,100 גרם,false,,11.20,0.1120,true,1,171715
7290014455467,false,ירח מתוק מעדן חלב 2% ושיבולת שועל גד 150ג',מחלבות גד,IL,מעדן שיבולת שועל וחל,,150.00,100 גרם,false,,6.50,0.0433,true,1,171720
7290014459137,false,"תפוגן סטייק צ'יפס 1.5 ק""ג אסם","תעשיות תפוגן בע""מ",IL,ציפס סטייק תפוגן 1.5,,1500.00,,false,,27.90,0.0186,true,1,177431
7290014459632,false,"תפוגן צ'יפס טוגן 1.5 ק""ג",עיצובים 2020 (4.5),IL,ציפס טוגן תפוגן 1.5,,1500.00,100 גרם,false,,25.90,0.0173,true,1,225205
7290014472235,false,פקאן סיני מסוכר בקופ,"דין שיווק וקלייה בע""",IL,פקאן סיני מסוכר בקופ,,200.00,,false,,23.90,0.1195,true,1,200956
7290014525023,false,חטיף בריאות יוגורט במילוי פירות יער 182ג,סלים דליס Slim Delis,ES,סלים פרוט חטיף דגנים,,215.00,100 גרם,false,,15.90,0.0740,true,1,185874
7290014525177,false,חטיף סלים פרוט Slim fruit בטעם יוגורט ופירות יער,סלים דליס Slim Delis,ES,סלים פרוט בטעם יוגור,,182.00,100 גרם,false,,15.90,0.0874,true,1,185882
7290014525290,false,חטיף מרבה סלים דליס קריספי תות 125 גר,סלים דליס Slim Delis,NL,חטיפי מרבה סלים דליס,,125.00,100 גרם,false,,15.90,0.1272,true,1,185891
7290014525306,false,חטיף מרבה סלים דליס קריספי אוכמניות 125,סלים דליס Slim Delis,NL,חטיפי מרבה סלים דליס,,125.00,100 גרם,false,,15.90,0.1272,true,1,185892
7290014525313,false,חטיף מרבה סלים דליס קריספי שוקולד 125 ג,סלים דליס Slim Delis,NL,חטיפי מרבה סלים דליס,,125.00,100 גרם,false,,15.90,0.1272,true,1,185893
7290014534667,false,"פסטה ""לה פסטה"" 400 ג' קונכיה 400 ג'",מוטלו,TR,פסטה לה פסטה קונכיה,,400.00,,false,,5.90,0.0148,true,1,175412
7290014534704,false,"פסטה ""לה פסטה"" 400 ג' אטריות מרק 400 ג'",מוטלו,TR,פסטה לה פסטה אטריות,,400.00,,false,,5.90,0.0148,true,1,175416
7290014692305,false,גבינת קממבר 125ג' CASTELLO ויליפוד,הנסיך- מפעל לייצור ט,DK,גבינת קממבר יורוציז,,125.00,,false,,22.90,0.1832,true,1,178919
7290014692541,false,גבינת golden מגורדת 500 גרם,ג.וילי פוד אינטרנשיו,IL,אמה מגורדת 500גר,,500.00,,false,,21.90,0.0438,true,1,178933
7290014731264,false,"כוס שתיה ח""פ ר.שמאי 100יח'",רם,,כוסות פלסטיק לשתיה ק,יחידה,0.00,יחידה,false,,7.90,0.0000,true,1,215975
7290014731707,false,צלחות גדולות פשוטות 50 יח',,,צלחות פלסטיק גדול 50,יחידה,0.00,יחידה,false,,15.90,0.0000,true,1,215978
7290014749863,false,עוף טוב שניצל דק ענק קריספי צ'יפס 720 גרם,מוצרי עוף טוב (2001),IL,שניצל דק ענק קריספי,,720.00,,false,,41.70,0.0579,true,1,245280
7290014749887,false,עוף טוב שניצל דקענק קריספ קלאסי 720 גרם,מולינו ניקולי s.p.a,IL,שניצל דק ענק קריספי,,720.00,100 גרם,false,,41.70,0.0579,true,1,245275
7290014758100,false,מאגדת יוגורט ביו 3% שומן 8 יח' *150ג' תנובה,מיוצר עי קונדיטוריית,IL,יוגורט ביו מאגדת שמי,,1200.00,100 גרם,false,,17.50,0.0146,true,1,189987
7290014758117,false,מאגדת יוגורט ביו 1.5% שומן 8 יח' *150 ג' תנובה,מיוצר עי קונדיטוריית,IL,יוגורט ביו מאגדת שמי,,1200.00,100 גרם,false,,17.50,0.0146,true,1,189988
7290014759534,false,גבינה בולגרית למריחה טבעי 5% 200 ג' פיראוס,"תנובה, מחלבת תל יוסף",IL,בולגרית למריחה טבעי,,200.00,100 גרם,false,,15.50,0.0775,true,1,190040
7290014759909,false,פטה עיזים 5% פיראוס גביע 250 גרם,"תנובה, מחלבת טנא נוג",IL,פטה עיזים 5% פיראוס,,250.00,100 גרם,false,,31.50,0.1260,true,1,190047
7290014759978,false,"גבינת קצקבל פלח גלעד 27%, 200 ג'",תנובה חלב,IL,קאשקבל פלח 200 גר,,200.00,100 גרם,false,,28.90,0.1445,true,1,190049
7290014759985,false,"גבינת פרמזן גבע 23% פלח, 200 ג'",תנובה חלב,IL,פרמזן פלח 200 גר,,200.00,100 גרם,false,,27.50,0.1375,true,1,190050
7290014759992,false,גבינת רוקפור גליל פלח 140 ג' תנובה,"תנובה, מחלבת תל יוסף",IL,רוקפור פלח 140גר,,140.00,100 גרם,false,,19.90,0.1421,true,1,190051
7290014760141,false,משקה שקדים תנובה E אלטרנטיב,תנובה Alternative,IL,משקה שקדים טרי 1ליטר,,1000.00,,false,,13.50,0.0135,true,1,190057
7290014760448,false,גבינה צהובה גלבוע 400 גרם 22% שומן תנובה,מחלבת בית יצחק,IL,גבינה גלבוע 400גר,,400.00,100 גרם,false,,26.50,0.0663,true,1,190066
7290014760912,false,פרוסות גבינה 28% שומן 400 ג' גוש חלב,תנובה מרכז שיתופי לש,IL,גבינה גוש חלב מהדרין,,400.00,100 גרם,false,,28.50,0.0713,true,1,190081
7290014761056,false,מעדן שוקולד חלב מעולה 123 ג' יולו,מיוצר עי קונדיטוריית,IL,מעדן YOLO שוקולד חלב,,123.00,,false,,4.80,0.0390,true,1,190084
7290014761063,false,מעדן שוקולד מריר מעולה 123 ג' יולו,מיוצר עי קונדיטוריית,IL,מעדן YOLO שוקולד מרי,,123.00,,false,,4.80,0.0390,true,1,190085
7290014761070,false,מעדן שוקולד לבן מעולה 123 ג' יולו,מיוצר עי קונדיטוריית,IL,מעדן YOLO שוקולד לבן,,123.00,,false,,4.80,0.0390,true,1,190086
7290014761612,false,YOLO מעדן שכבות שוקולד מריר ולבן מעולה,מיוצר עי קונדיטוריית,IL,מעדן YOLO שכבות שוקו,,123.00,,false,,4.80,0.0390,true,1,190108
7290014762800,false,מעדן סויה שוקולד גביע 125 גרם אלטרנטיב,תנובה מרכז שיתופי לש,IL,מעדן סויה בטעם שוקול,,125.00,,false,,4.30,0.0344,true,1,225325
7290014762909,false,"פתיתי גבנ""צ מוצרלה 200 גרם ""השף הלבן""","תנובה, מחלבת תל יוסף",IL,פתיתי מוצרלה 200גר,,200.00,100 גרם,false,,18.50,0.0925,true,1,190164
7290014763098,false,קרם גבינת שמנת 5% עם פלפל שום ובצל 200 ג' תנובה,תנובה,IL,קרם גבינה שמנת 5% טו,,200.00,,false,,12.30,0.0615,true,1,190169
7290014860070,false,"מקלוני אורז ללא גלוטן 5 מ""מ 454גר' (אור)",ניינטי נודל קו,TH,מקלוני אורז ללא גלוט,,454.00,,false,,10.90,0.0240,true,1,205415
7290014901308,false,משחת שיניים לשיניים רגישות Complete protection,"סמית קליין ביצ'ם בע""",GB,סנסודיין משחת שיניים,,75.00,,false,,22.90,0.3053,true,1,199763
7290014905207,false,"הג'ל הכחול לניקוי האסלה יעקבי 750 מ""ל",איי פי אס,TR,הפי גל לניקוי אסלה 7,,750.00,,false,,10.90,0.0145,true,1,183739
7290014905689,false,"נוזל כלים הפי מרוכז 24% תפוח 750 מ""ל",יעקובי הפי,IL,הפי נוזל כלים ירוק ת,,750.00,100 גרם,false,,8.90,0.0119,true,1,183745
7290014905696,false,"נוזל כלים הפי מרוכז 24% לימון 750 מ""ל",יעקובי הפי,IL,הפי נוזל כלים צהוב ל,,750.00,,false,,8.90,0.0119,true,1,183746
7290014905733,false,"הפי פרפקט לניקוי שמשות 750 מ""ל",יעקובי הפי,TR,הפי מרסס לניקוי חלונ,,750.00,,false,,9.90,0.0132,true,1,183748
7290014974562,false,גביעי גלידה רגיל טילון עלמה גילרו 24 יח',"א.ג גילרו בע""מ",IL,גביעי גלידה 24 עלמה,יחידה,0.00,יחידה,false,,8.90,0.0000,true,1,225627
7290015008211,false,לפתניות שקוף קשיח עג,,,לפתניות שקוף קשיח עג,יחידה,0.00,יחידה,false,,15.90,0.0000,true,1,235756
7290015008655,false,כפות שקוף/קרם ארוז 50 יח,,,כפות ארוז 50 יח,יחידה,0.00,יחידה,false,,9.90,0.0000,true,1,225961
7290015008662,false,"מזלג שקוף ארוז ח""פ 50יח'",,,מזלג ארוז 50 יח,יחידה,0.00,יחידה,false,,9.90,0.0000,true,1,225962
7290015008686,false,כפיות קרם/שקוף ארוז,,,כפיות ארוז 50 יח,יחידה,0.00,יחידה,false,,9.90,0.0000,true,1,225964
7290015008976,false,שקיות למזון מארז 150X3יח',,IL,שקיות אוכל בקרטון של,יחידה,0.00,יחידה,false,,11.90,0.0000,true,1,225971
7290015039253,false,וילי פוד עלי גפן במי מלח 620 גר,קוראהן פזלרמה וי דיס,TR,עלי גפן במי מלח 620ג,,620.00,100 גרם,false,,13.90,0.0224,true,1,178965
7290015129145,false,אטריות קונג'אק בתוספת טפיוקה בצורת ספגטי,הוויזאי וואנגייה פוד,CN,סקיני פסטה,יחידה,0.00,יחידה,false,,11.90,0.0000,true,1,252213
7290015129749,false,סקיני פסטה שיבולת שועל נודלס 270 גרם,הוויזאי וואנגייה,CN,סקיני פסטה נודלס,יחידה,0.00,יחידה,false,,11.90,0.0000,true,1,222948
7290015150088,false,מחית עגבניות גראנד איטליה 700 גרם,שוורצקוף& הנקל דיסלד,IT,מחית עגבניות גרנד אי,,700.00,100 גרם,false,,12.90,0.0184,true,1,190963
7290015150118,false,עגבניות חתוכות דק בלה איטליה 3*400 ג',אמיליאנה קונסרב ס.פ.,IL,עגבניות חתוכות 3* 40,,1200.00,,false,,14.90,0.0124,true,1,190966
7290015150583,false,תה ירוק לימון ודבש 25 שקיקים 1.5 גרם,ויסוצקי ירוק,IL,תה ירוק לימון ודבש 2,,25.00,,false,,27.90,1.1160,true,1,190972
7290015150903,false,תה ירוק גן קסום קינמון ודבש 25 שק*1.5 גר,ויסוצקי ירוק,IL,תה ירוק קינמון ודבש,יחידה,0.00,יחידה,false,,27.90,0.0000,true,1,190980
7290015155830,false,מחית תפוחי עץ ובננה חטיפטף ללא תוספת סוכר,פרוטה פודווין איי.אס,CZ,פרינוק פאוץ' בטעם תפ,,120.00,100 גרם,false,,6.50,0.0542,true,1,225355
7290015155847,false,מחית סלט פירות חטיפטף ללא תוספת סוכר,פרוטה פודיווין איי.א,CZ,פרינוק פאוץ' בטעם סל,,120.00,100 גרם,false,,6.50,0.0542,true,1,225356
7290015320009,false,שוקולד מריר 3*100 ג' השקדיה,קריות זול,,שוקולד מריר שקדיה 3*,,300.00,100 גרם,false,,10.90,0.0363,true,1,248314
7290015321853,false,תבלין תיבול לבייגלה,תבליני פרג,,תיבול על הבייגל,יחידה,0.00,יחידה,false,,17.90,0.0000,true,1,252219
7290015324113,false,טעם וריח בהרט שקית 8,"תבליני טעם וריח בע""מ",IL,בהרט שקית 80גר,,80.00,,false,,7.90,0.0988,true,1,198625
7290015324168,false,שק 80 גרם על האש ללא מונוסטדיום,"תבליני טעם וריח בע""מ",IL,על האש ללא מונוסודיו,,80.00,,false,,7.90,0.0988,true,1,198628
7290015324175,false,תבלין שווארמה תיבול 80 גר' שק',"תבליני טעם וריח בע""מ",IL,שווארמה ללא מונוסודי,,80.00,100 גרם,false,,7.90,0.0988,true,1,198629
7290015339933,false,ריבת חלב 340 גרם טעמן,טעמן,,ריבת חלב טעמן 340גר,,340.00,,false,,13.90,0.0409,true,1,194867
7290015366663,false,"משחת שיניים מנטה עדין אקווה פרש 100 מ""ל",גלקסוסמיתקליין,SK,אקווה פרש עדין משחת,,100.00,,false,,8.90,0.0890,true,1,199794
7290015366670,false,משחת שיניים הגנה משולשת מנטה מרענן,גלקסוסמיתקליין,SK,אקווה פרש מנטה משחת,,100.00,100 גרם,false,,8.90,0.0890,true,1,199795
7290015374286,false,"סיגר במילוי תפו""א בד",,,"סיגר במילוי תפו""א בד",,400.00,,false,,13.90,0.0348,true,1,173949
7290015374323,false,קובה ביתי במילוי בשר,,,קובה ביתי במילוי בשר,,400.00,,false,,13.90,0.0348,true,1,173953
7290015374330,false,"קובה מרק בד""צ 400גר",,,"קובה מרק בד""צ 400גר",,400.00,,false,,13.90,0.0348,true,1,173954
7290015374347,false,"קובה המוסטה בד""צ 400",,,"קובה המוסטה בד""צ 400",,400.00,,false,,13.90,0.0348,true,1,173955
7290015374439,false,"שניצלונים תפו""א במיל",,,"שניצלונים תפו""א במיל",,400.00,,false,,13.90,0.0348,true,1,173963
7290015470094,false,טוסו שוקולד מריר תפוז ללא סוכר 100גרם,ALTINMARKA,TR,שוקולד טוסו מריר תפו,,100.00,100 גרם,false,,13.90,0.1390,true,1,207779
7290015528641,false,מיכל 1 ליטר ארוז 3 י,,,מיכל 1 ליטר ארוז 3 י,יחידה,0.00,יחידה,false,,9.90,0.0000,true,1,239529
7290015528658,false,מיכל 2 ליטר ארוז 3 י,,,מיכל 2 ליטר ארוז 3 י,יחידה,0.00,יחידה,false,,9.90,0.0000,true,1,239530
7290015528665,false,מיכל 3 ליטר ארוז 2 י,,,מיכל 3 ליטר ארוז 2 י,יחידה,0.00,יחידה,false,,9.90,0.0000,true,1,239531
7290015528825,false,צלחת 7 מתכלה אר 25 יח' דנטס,,IN,צלחת 7 מתכלה אר 25 י,יחידה,0.00,יחידה,false,,12.90,0.0000,true,1,221652
7290015528832,false,צלחת 9 מתכלה אר' 25 יח' דנטס,,IN,צלחת 9 מתכלה אר' 25,יחידה,0.00,יחידה,false,,15.90,0.0000,true,1,221653
7290015528849,false,צלחת 10 מתכלה אר' 25 יח' דנטס,,IN,צלחת 10 מתכלה אר' 25,יחידה,0.00,יחידה,false,,18.90,0.0000,true,1,221654
7290015528863,false,מרקיה מתכלה אר' 25 יח' דנטס,,IN,"מרקיה 340 מ""ל מתכלה",יחידה,0.00,יחידה,false,,11.90,0.0000,true,1,221656
7290015603218,false,איטריות בתוספת עגבניות 454 גרם,פוגקן לונגהי אנלידה,CN,איטריות בתוספת עגבני,,454.00,,false,,10.90,0.0240,true,1,205424
7290015603546,false,"שימורי קרם קוקוס 17-19% 400 מ""ל (ASIATIC)(כ)",אסיאטיק אגרו אינדסטר,TH,קרם קוקוס 17-19% 400,,400.00,,false,,10.90,0.0273,true,1,237424
7290015603560,false,"שימורי קרם קוקוס 20-22% 400 מ""ל (ASIATIC)(כ)",אסי אטיק גרו אינדוסט,TH,קרם קוקוס 20-22% 400,,400.00,100 גרם,false,,10.90,0.0273,true,1,239906
7290015603584,false,ג'ינגר לבן כבוש ללא מונוסודיום 160 גרם (כ),לאיווי איפנג פודס קו,CN,גינגר לבן כבוש ללא מ,,160.00,,false,,9.50,0.0594,true,1,205428
7290015641401,false,תבניות אלומיניום רוס,,,תבניות אלומיניום רוס,יחידה,0.00,יחידה,false,,12.90,0.0000,true,1,252230
7290015641418,false,תבניות אלומיניום חלה,,,תבניות אלומיניום חלה,יחידה,0.00,יחידה,false,,12.90,0.0000,true,1,252231
7290015652070,false,קשיו קלוי 150 גרם ששון הקולה,"דין שיווק וקלייה בע""",IL,קשיו קלוי 150גרם,,150.00,,false,,10.90,0.0727,true,1,200988
7290015652087,false,תערובת פיצוחים 150 גרם ששון הקולה,דין שיווק,IL,תערובת פיצוחים 150גר,,150.00,,false,,10.90,0.0727,true,1,200989
7290015652254,false,גרעיני חמניה קלויים 400 גרם ששון הקלה,"דין שיווק וקלייה בע""",IL,גרעינים שחורים 400 ג,,400.00,,false,,10.00,0.0250,true,1,200993
7290015652261,false,בוטנים קלויים 300 גרם ששון הקולה,"דין שיווק וקלייה בע""",IL,בוטנים קלויים 300 גר,,300.00,,false,,10.00,0.0333,true,1,200994
7290015652292,false,קבוקים עם שומשום 400 גרם ששון הקלה,"דין שיווק וקלייה בע""",IL,קבוקים עם שומשום 500,,500.00,,false,,10.00,0.0200,true,1,200997
7290015652308,false,מנצס 300 גרם ששון הקולה,"דין שיווק וקלייה בע""",IL,מנצס ששון הקולה 300,,300.00,,false,,10.00,0.0333,true,1,200998
7290015652315,false,חמוציות מסוכרות 300 גרם ששון הקולה,"דין שיווק וקלייה בע""",IL,חמוציות מסוכרות 300ג,,300.00,,false,,10.00,0.0333,true,1,200999
7290015652322,false,בוטנים אמריקאיים מצופים 400 גר ששון הקלה,"דין שיווק וקלייה בע""",IL,בוטנים אמריקאים מצופ,,400.00,,false,,10.00,0.0250,true,1,201000
7290015652605,false,פיסטוק קלוף 100 גרם השף,"דין שיווק וקלייה בע""",IL,פיסטוק מקולף 100 גר,,100.00,,false,,23.90,0.2390,true,1,201017
7290015699730,false,סבון דה מארסיי יעקבי 1.5 ליטר *חדש-,יעקובי הפי,BE,הפי לרצפות מבושמת 1.,ליטרים,1.50,ליטר,false,,15.90,10.6000,true,1,183754
7290015733120,false,מטרנה גולד שלב 1 תרכובת מזון על בסיס חלבי,מטרנה,IL,מטרנה גולד שלב 1 700,,700.00,,false,,79.90,0.1141,true,1,225233
7290015733168,false,מטרנה גולד שלב שלוש 700 ג',מטרנה,IL,מטרנה גולד שלב3 700ג,,700.00,,false,,79.90,0.1141,true,1,225235
7290015733427,false,מטרנה דייסת גם וגם וניל פרו12*300ג 2019,מולינו ניקולי s.p.a,IL,דייסת גם וגם וניל פר,,300.00,,false,,25.90,0.0863,true,1,225236
7290015781046,false,"יין לבן חצי יבש ויזון 750 מ""ל",יקב טפרברג 1870 בעמ,IL,יין ויז'ן לבן חצי יב,,750.00,,false,,44.90,0.0599,true,1,172781
7290015781091,false,"יין ויז'ן קברנה סובניון 750 מ""ל",יקב טפרברג 1870 בעמ,IL,יין ויז'ן קברנה סובי,,750.00,100 גרם,false,,44.90,0.0599,true,1,172783
7290015781114,false,"יין אימפרשן מרלו 750 מ""ל",יקב טפרברג 1870 בעמ,IL,יין אימפרזיון מרלו 7,,750.00,100 גרם,false,,54.90,0.0732,true,1,172785
7290015781169,false,"יין קברנה סוביניון - חצי יבש אימפרשן 750מ""ל",יקב טפרברג 1870 בעמ,IL,יין אדום חצי יבש אימ,,750.00,,false,,54.90,0.0732,true,1,215141
7290015781282,false,"יין גוורצטמינר אימפרשן 750מ""ל",יקב טפרברג 1870,IL,יין אימפרוזיון גוורצ,,750.00,100 גרם,false,,54.90,0.0732,true,1,172792
7290015828024,false,"כוס גדולה ""סופר יודה"" 50 יחידות",,,כוס חם ענק,יחידה,0.00,יחידה,false,,19.90,0.0000,true,1,252234
7290015828116,false,כוסות לשתייה חמה 10,,,כוסות לשתייה חמה 10,יחידה,0.00,יחידה,false,,17.90,0.0000,true,1,252236
7290015855013,false,פלפלים מתוקים בצבעים,,,פלפל טינקרבל ארוז,יחידה,0.00,יחידה,false,,8.90,0.0000,true,1,205207
7290015855037,false,פלפל צילי חריף,,,פלפל צ'ילי.,יחידה,0.00,יחידה,false,,7.90,0.0000,true,1,205209
7290015855051,false,מלפפון טעם של פעם יח,,,מלפפון מיני ארוז,יחידה,0.00,יחידה,false,,9.90,0.0000,true,1,205210
7290015855082,false,ברוקולי מיני,,,ברוקולי ארוז,יחידה,0.00,יחידה,false,,9.90,0.0000,true,1,205213
7290015855143,false,שיני שום קלופות בנספ,,,שום קלוף 170גרם,יחידה,0.00,יחידה,false,,11.90,0.0000,true,1,205218
7290015855228,false,אספרגוס א.אדמה,אדמה,,אספרגוס,יחידה,0.00,יחידה,false,,29.90,0.0000,true,1,205222
7290015855341,false,אנדיב לבן (עלוש),,,אנדיב (עולש),,0.00,100 גרם,false,,15.90,0.0000,true,1,237420
7290015855358,false,בצלצלי שאלוט 280 גרם,,,בצלצלי שאלוט,יחידה,0.00,יחידה,false,,10.90,0.0000,true,1,239905
7290015855495,false,חסה לאליק,פריסלנד,IL,חסה לאליק,יחידה,0.00,יחידה,false,,12.90,0.0000,true,1,247904
7290015856607,false,קרקר תירוש מלוח מתוק חצי מצופה בטעם שוקולד,אפיפית נצרת תעשיות ב,IL,קרקר תירוש 175ג חצי,,175.00,100 גרם,false,,8.90,0.0509,true,1,237280
7290015856621,false,ביסקויט תירוש בטעם קרמל[לוטוס]175 גרם,אפיפית נצרת תעשיות ב,IL,ביסקוויט תירוש קרמל,,175.00,100 גרם,false,,8.90,0.0509,true,1,237282
7290015856935,false,ביסקויט אקסטרא גליל טעם חמאה 400 גרם,הדר,,ביסקוויט אקסטרה בטעם,,400.00,,false,,7.90,0.0198,true,1,246838
7290015858106,false,"ממרח פסטו ביתי 180 גרם ""עללחם""",מדשא תעשיות מזון בעמ,IL,ממרח פסטו ביתי 180 ג,,180.00,100 גרם,false,,16.90,0.0939,true,1,225414
7290015858144,false,ממרח ארטישוק עללחם 180 גרם,מדשא תעשיות מזון בעמ,IL,ממרח ארטישוק 180 גרם,,180.00,100 גרם,false,,16.90,0.0939,true,1,225415
7290015858243,false,ממרח צימיצורי עללחם 180 גרם,מדשא תעשיות מזון בעמ,IL,ממרח צ'ימיצ'ורי 180,,180.00,,false,,16.90,0.0939,true,1,225418
7290015858328,false,עללחם ממרח איולי פסטו 295 גרם,מדשא תעשיות מזון בעמ,IL,עללחם ממרח איולי פסט,,295.00,,false,,17.90,0.0607,true,1,250562
7290015858441,false,עללחם ממרח איולי פלפלים 295 גרם,מדשא תעשיות מזון בעמ,IL,עללחם ממרח איולי פלפ,,295.00,,false,,17.90,0.0607,true,1,250563
7290015858687,false,עללחם ממרח איולי שום 295 גרם,מדשא תעשיות מזון בעמ,IL,עללחם ממרח איולי שום,,295.00,,false,,17.90,0.0607,true,1,250564
7290015858694,false,עללחם ממרח איולי שום לימון 295 גרם,מדשא תעשיות מזון בעמ,IL,עללחם ממרח איולי שום,,295.00,,false,,17.90,0.0607,true,1,250565
7290016006292,false,נקטר מנגו בננה מלון קרטונית 1 ל' ספרינג,"יפאורה תבורי בע""מ",IL,ספרינג מנגו בננה מלו,,1000.00,100 גרם,false,,7.90,0.0079,true,1,181979
7290016102062,false,שמאי - מגש מחולק רבי,,CN,מגש מחולק ל 4,יחידה,0.00,יחידה,false,,10.90,0.0000,true,1,228678
7290016102123,false,קסרול שקוף קשיח=בדול,,,קסרול שקוף קשיח בדול,יחידה,0.00,יחידה,false,,11.90,0.0000,true,1,235757
7290016102369,false,מגש לאירוח קשיח שקוף ר.שמאי,,,מגש אירוח מלבני קשיח,יחידה,0.00,יחידה,false,,10.90,0.0000,true,1,240502
7290016102536,false,מרקיות באסקט קשיח שק,,,מרקיות שקוף קשיח 10י,יחידה,0.00,יחידה,false,,23.90,0.0000,true,1,235759
7290016102550,false,צלחות ענק שקוף קשיח,,,צלחות 10 ענק שקוף קש,יחידה,0.00,יחידה,false,,34.90,0.0000,true,1,235761
7290016102611,false,"קינוחית מגדל+ מכסה ח""פ 24יח'",,CN,קינוחית מגדל+מכסה שק,יחידה,0.00,יחידה,false,,15.90,0.0000,true,1,240506
7290016136722,false,פתיתים פנה ללא גלוטן 340 גרם גי פרי,אורגרן הלס אנד ניצר,AU,פתיתים פנה ללא גלוטן,,340.00,,false,,11.90,0.0350,true,1,226614
7290016144031,false,"נפלאות קמח חיטה לבן מנופה 1 ק""ג",קמח מלכים,IL,קמח נפלאות חיטה לבן,,1000.00,100 גרם,false,,8.90,0.0089,true,1,226762
7290016150117,false,סלק אדום מבושל 500 ג' בוואקום,חקלאי,IL,סלק וואקום,,500.00,,false,,6.90,0.0138,true,1,212643
7290016197488,false,מטליות מיקרופייבר למשטחים ניקול 3יח',סטון טכנולגי,CN,מטלית קסם לשיש ניקול,יחידה,0.00,יחידה,false,,16.90,0.0000,true,1,181705
7290016197495,false,ניקול זוג מטליות הקסם מיקרופייבר לרצפה,חוגלה קימברלי,CN,מטליות מיקרופייבר זו,יחידה,0.00,יחידה,false,,22.90,0.0000,true,1,181706
7290016197600,false,דיפנד - תחבושת לנשים נורמל 12 יח',חוגלה קימברלי,VN,תחבושות דיפנד נורמל,יחידה,0.00,יחידה,false,,21.90,0.0000,true,1,181710
7290016197624,false,דיפנד - תחבושת לנשים סופר 8 יח',חוגלה קימברלי,VN,תחבושות דיפנד סופר 8,יחידה,0.00,יחידה,false,,21.90,0.0000,true,1,181712
7290016197839,false,ניקול השקית החזקה 20 יח' XL,"אשפלסט תעשיות בע""מ",IL,השקית החזקה 20יח XL,יחידה,0.00,יחידה,false,,24.90,0.0000,true,1,181714
7290016233711,false,"פסטה ""לה פסטה"" לינגוויני 400 גרם",,,פסטה לה פסטה לינגווי,,400.00,,false,,5.90,0.0148,true,1,226225
7290016246025,false,בארכה מיקס פינוקיות חלווה ללא סוכר 10*20ג,רושדי תעשיות מזון בע,IL,בארכה חלבה ללא סוכר,,200.00,,false,,15.90,0.0795,true,1,177480
7290016246711,false,בארכה - טחינה מתובלת גולמית מעודנת משומשום מלא אריסה 310 גרם,בארכה,IL,טחינה בארכה מעודנת ה,,310.00,,false,,14.90,0.0481,true,1,226242
7290016246773,false,בארכה טחינה מתובלת גולמית מעודנת משומשום מלא זעתר 310 גר',רושדי תעשיות מזון בע,IL,בארכה טחינה מתובלת ג,יחידה,0.00,יחידה,false,,12.90,0.0000,true,1,251091
7290016276534,false,"שמן קוקוס לא מזוכך 500 מ""ל",דין שיווק,IL,שמן קוקוס לא מזוכך 5,,500.00,100 גרם,false,,29.90,0.0598,true,1,201038
7290016277562,false,אגוזים קלופים ששון הקולה 300 גרם,,IL,אגוזי מלך קלופים 300,,300.00,,false,,19.90,0.0663,true,1,228334
7290016321661,false,פרש וואנס SENSITIVE מגבונים ללא בישום רביעייה 72 יחידות,עלבד משואות יצחק,IL,מגבוני פרשוואנס רביע,יחידה,0.00,יחידה,false,,19.90,0.0000,true,1,228406
7290016321722,false,פרש וואנס מגבונים בו,על בד,,פרש וואנס מגבונים בו,יחידה,0.00,יחידה,false,,5.90,0.0000,true,1,240005
7290016372489,false,חליטת פירות וצמחים ג'ינג'ר ולימון - אפקט הג'ינג'ר,תה ויסוצקי,IL,חליטת גינגר ולימון ס,יחידה,0.00,יחידה,false,,16.90,0.0000,true,1,234738
7290016387407,false,אטבי כביסה 9 יח' מילניום ר. שמאי,,,אטבי כביסה 9 יח' מיל,יחידה,0.00,יחידה,false,,4.90,0.0000,true,1,248227
7290016408294,false,"מרשמלו ורוד לבן וסטהיים 150 ג', 26 בקרטון",מנדלז סי.אר. פרודקשן,IL,מרשמלו ורוד לבן כרמי,,150.00,100 גרם,false,,6.90,0.0460,true,1,213408
7290016492118,false,פפריקה מתוקה מעושנת,תבליני הדור השלישי,IL,פפריקה מתוקה מעושנת,יחידה,0.00,יחידה,false,,14.90,0.0000,true,1,252253
7290016509786,false,פרסיל גל לכביסה לבנה וצבעונית-ירוק 2.5 ל,פרסיל Persil,IL,פרסיל ג'ל 2.5ליטר יר,ליטרים,2.50,ליטר,false,,34.90,13.9600,true,1,228511
7290016509809,false,ג'ל מרוכז לכביסה קולור 2.5 ל' פרסיל,פרסיל Persil,IL,פרסיל ג'ל 2.5 ליטר ק,ליטרים,2.50,ליטר,false,,34.90,13.9600,true,1,228513
7290016509847,false,פרסיל ג'ל לכביסה כהה בלאק 2.5 ליטר,פרסיל Persil,IL,פרסיל גל כביסה שחור2,ליטרים,2.50,ליטר,false,,34.90,13.9600,true,1,228517
7290016510768,false,"הוואי תחליב רחצה יוגורט ואוכמניות 700 מ""ל",טרופיקל דגיל,IL,הוואי תחליב רחצה יוג,,700.00,,false,,13.90,0.0199,true,1,226532
7290016580174,false,צלחות 9 צבעומיות דנט,,TR,צלחת 9 צבעוני לבן/ ק,,100.00,,false,,39.90,0.3990,true,1,239539
7290016580440,false,תבניות עגולות גדולות,,CN,תבניות עגולות גדולות,יחידה,0.00,יחידה,false,,9.90,0.0000,true,1,239541
7290016584004,false,חטיפוני גזר 130 גרם,"מרינה פטריות הגליל בע""מ",IL,חטיפוני גזר 130גר,,130.00,,false,,6.50,0.0500,true,1,172663
7290016667981,false,"דפי אורז 270 ג 22 ס""מ 24 דפים",,,דפי אורז מרובעים,יחידה,0.00,יחידה,false,,11.90,0.0000,true,1,252263
7290016717044,false,יין מנגו באזז יקבי כרמל,כרמל מזרחי,IL,באז משקה מבוסס יין מ,,750.00,100 גרם,false,,30.20,0.0403,true,1,226148
7290016717099,false,"יין כרמל סלקטד אדום חצי יבש, 750 מ""ל",יקבי כרמל Carmel Winery,IL,יין סלקטד אדום חצי י,,750.00,,false,,30.20,0.0403,true,1,171347
7290016717754,false,"יין ישן נושן יקבי כרמל 750 מ""ל ^^^",אגודת הכורמים הקואופ,IL,"יין ישן נושן 750 מ""ל",,750.00,100 גרם,false,,21.20,0.0283,true,1,226151
7290016717976,false,"יין BUZZ ספארקלינג אפרסק 750 מ""ל",כרמל מזרחי,IL,באז משקה מבוסס יין מ,,750.00,100 גרם,false,,27.90,0.0372,true,1,226152
7290016866674,false,"פרודונטקס - משחת שיניים מלבינה 75 מ""ל",פרודונטקס Parodontax,SK,פרודונטקס משחת שיניי,,75.00,100 גרם,false,,29.90,0.3987,true,1,228320
7290016898309,false,מגש לאירוח אובלי שקוף קשיח,,CN,מגש אירוח אובלי בינו,יחידה,0.00,יחידה,false,,11.90,0.0000,true,1,240513
7290017031705,false,"סנסודיין - משחת שיניים קלין&פרש 75 מ""ל",גלקסוס סמית קליין,SK,סנסודיין משחת שיניים,,75.00,,false,,22.90,0.3053,true,1,228324
7290017058092,false,שיבולת שועל שלמה 600 גר גוד מורנינג,,LT,שיבולת שועל שלמה 600,,600.00,,false,,7.90,0.0132,true,1,234533
7290017062952,false,"מבשם לכביסה ולבית סגול פלירוסול 500 מ""ל טאצ",,,מבשם לכביסה ולבית סג,,500.00,,false,,29.90,0.0598,true,1,248237
7290017065007,false,פרוסות גבינה מוצרלה חצי קשה 22% שומן 200 ג' גד,מחלבות גד בעמ,IL,מוצרלה פרוסה 150 גרם,,150.00,100 גרם,false,,19.70,0.1313,true,1,220583
7290017065137,false,ריקוטה למריחה 5% טבעית 200 גרם - רובין,האי נאם סי או אל.טי.,IL,ריקוטה למריחה 5% טבע,,200.00,100 גרם,false,,10.90,0.0545,true,1,226158
7290017065144,false,גבינת ריקוטה למריחה 5% בזיליקום 200ג' גד,האי נאם סי או אל.טי.,IL,ריקוטה למריחה 5% עפ,,200.00,100 גרם,false,,10.90,0.0545,true,1,226159
7290017065212,false,גבינת קרם מסקרפונה מחלבות גד 250 גר,מיוצר עי קוד יצרן ED,IL,קרם מסקרפונה 250 גרם,,250.00,100 גרם,false,,21.90,0.0876,true,1,226162
7290017065236,false,גבינה בולגרית מעודנת 24% גד 250 גרם,הנסיך- מפעל לייצור ט,IL,בולגרית מעודנת 250גר,,250.00,100 גרם,false,,25.90,0.1036,true,1,226163
7290017065380,false,"גרנה פדנו שבבים ""גד"" 100 גרם",מחלבות גד,IT,גרנה פדנו שבבים 100ג,,100.00,100 גרם,false,,17.90,0.1790,true,1,226166
7290017065434,false,פרוסות גבינה גאודה הולנדית חצי קשה 200 גרם בית יוסף,מחלבות גד בעמ,NL,פרוסות גאודה 200 גרם,,200.00,100 גרם,false,,23.90,0.1195,true,1,226168
7290017065441,false,פרוסות גבינת גאודה עיזים 30%,מחלבות גד,NL,פרוסות גאודה עיזים 2,,200.00,100 גרם,false,,35.90,0.1795,true,1,226169
7290017065526,false,קוואטרו פורמאג'י 4 גבינות מגוררות 26%,מחלבות גד בעמ,IL,קוואטרו פורמאג'י 300,,300.00,,false,,29.90,0.0997,true,1,226170
7290017065649,false,קרם פטיסייר מחלבות ג,מיוצר עי קוד יצרן ED,IL,קרם פטיסייר 250 גרם,,250.00,,false,,22.90,0.0916,true,1,226172
7290017065731,false,גבינת שמנת 30% ניו יורק +כמהין 200 גרם רבנות,פ.פ.ח. שאביט,IL,גבינת שמנת ניו יורק,,200.00,100 גרם,false,,14.90,0.0745,true,1,245076
7290017065786,false,"גבינת צ`דר מחלבות גד , 210 גרם",מחלבות גד,IL,גבינת צ'דר פלח מחלבו,,210.00,100 גרם,false,,24.90,0.1186,true,1,246749
7290017121093,false,"אריסה חריפה 250 גרם ""עללחם""",מדשא תעשיות מזון בעמ,IL,ממרח אריסה חריפה 250,,250.00,100 גרם,false,,14.90,0.0596,true,1,226644
7290017142111,false,פתיתי טונה בשמן זית טו גו עץ הזית 85 גרם,"יוניקורד ח.צ בע""מ",TH,פתיתי טונה בהירה בשמ,יחידה,0.00,יחידה,false,,10.90,0.0000,true,1,228296
7290017142128,false,"שמן זית כתית מעולה קלאסי עץ הזית 750 מ""ל",שמן תעשיות,IL,שמן זית כתית מעולה ק,,750.00,,false,,34.90,0.0465,true,1,228297
7290017142159,false,מארז נתחי טונה בהירה בשמן זית 3*80 ג' עץ הזית,הנסיך- מפעל לייצור ט,TH,נתחי טונה בהירה בשמן,,240.00,,false,,25.90,0.1079,true,1,228298
7290017142395,false,עץ הזית ארוחה טונה עם פסטה בשמן זית,עץ הזית,TH,טונה עם פסטה בשמן זי,,160.00,,false,,15.90,0.0994,true,1,228307
7290017142401,false,עץ הזית ארוחה טונה עם קינואה לבנה ואדומה טו גו,ג'נרל מילס סאן אדריא,TH,קינואה לבנה ואדומה ע,,160.00,,false,,15.90,0.0994,true,1,228308
7290017142609,false,תרסיס שמן זית כתית בטעם לימון 150,קונפניה,IT,תרסיס שמן זית בטעם,,150.00,,false,,19.90,0.1327,true,1,249369
7290017142623,false,תרסיס שמן זית כתית בטעם צ'ילי 150,קונפניה,IT,תרסיס שמן זית בטעם צ,,150.00,100 גרם,false,,19.90,0.1327,true,1,249370
7290017197036,false,אל סבון la belle מלון פפאיה כתום 1 ל,,,אל סבון מלון פפאיה כ,ליטרים,1.00,ליטר,false,,9.90,9.9000,true,1,240016
7290017266909,false,SUN וופלים במילוי קרם בטעם שוקולד 200 גר,"גילרו בע""מ",IL,וופלים במילוי קרם טב,יחידה,0.00,יחידה,false,,3.90,0.0000,true,1,252275
7290017275345,false,"טחינה גולמית בבקבוק לחיץ , 350 גרם אחווה",אחדות ביחר לטחינה חל,IL,טחינה גולמית בקבוק ל,,350.00,,false,,10.90,0.0311,true,1,249753
7290017275741,false,חלווה עם אגוזי לוז במגש 400 גר אחווה,אחוה,IL,חלבה עם אגוזי לוז אח,,400.00,,false,,14.90,0.0373,true,1,250510
7290017285726,false,"מרכך סרקל ד""ר פישר 1 ליטר",,,מרכך סרקל 1 ליטר,יחידה,0.00,יחידה,false,,27.90,0.0000,true,1,252282
7290017297330,false,"טל רוטב עגבניות מרוכז, 240 גרם",טל וטרי,IL,רוטב עגבניות מרוכז ט,,260.00,100 גרם,false,,4.90,0.0188,true,1,253866
7290017303482,false,מלאווח שחף 700 גרם,,,מלאווח 700 גרם שחף,,700.00,,false,,17.90,0.0256,true,1,249285
7290017303499,false,בורקס פטריות שחף 800,,,בורקס פטריות שחף 800,,800.00,,false,,17.90,0.0224,true,1,249358
7290017470702,false,ר.שמאי מגש מחולק עגו,,,מגש מחולק עגול גדול,יחידה,0.00,יחידה,false,,15.90,0.0000,true,1,240522
7290017470764,false,קערת בועות לאירוח 7.5 אינץ',,,קערה לאירוח קשיחה וש,יחידה,0.00,יחידה,false,,12.90,0.0000,true,1,240524
7290017470771,false,קערה בועות שקופה בנונית לאירוח,,CN,קערה לאירוח קשיחה וש,יחידה,0.00,יחידה,false,,12.90,0.0000,true,1,240525
7290017477299,false,תערובת געלה שקדיה 20,דין שיווק,IL,ג'עלה 200 גרם.,,200.00,,false,,10.00,0.0500,true,1,228352
7290017477350,false,תערובת לסלט ירוק 200 גרם,דין שיווק,IL,תערובת לסלט ירוק 200,,200.00,,false,,10.00,0.0500,true,1,228353
7290017477596,false,תמר מגהול פרימיום 400 ג' בקופסא,"שקדיה גבע תעשיות בע""",IL,תמר מג'הול 400 גרם א,,400.00,,false,,19.90,0.0497,true,1,234966
7290017513409,false,תה ירוק SUPER GREEN 87 גרםבטעם אוכמניות ואסאי,תה ויסוצקי,IL,תה ירוק סופר גרין בט,,87.00,100 גרם,false,,27.90,0.3207,true,1,226551
7290017513775,false,פליפז-בייגלה מצופה שוקולד חלב 140 גרם,שוורצקוף& הנקל דיסלד,TR,בייגלה מצופה שוקולד,,140.00,100 גרם,false,,9.90,0.0707,true,1,226553
7290017570020,false,מפה מהודרת מלכת השול,,,מפה מהודרת מלכת השול,יחידה,0.00,יחידה,false,,12.90,0.0000,true,1,252287
7290017599229,false,ממתיק סוכרלוז 200 טבליות סוכרזית,"סוכרזית בע""מ",IL,סוכרזית סוכרלוז 200,,200.00,,false,,25.90,0.1295,true,1,246899
7290017599267,false,סוכרלוז 120 שקיות ממתיק שולחני,סוכרזית Sucrazit,IL,סוכרזית סוכרלוז 120,יחידה,0.00,יחידה,false,,29.90,0.0000,true,1,249709
7290017599274,false,סוכרזית סטיוויה 120 שקיות,ביסקול בעמ,IL,סוכרזית סטיוויה 120,יחידה,0.00,יחידה,false,,39.90,0.0000,true,1,249710
7290017617008,false,טונה סטארקיסט שלישיה,. יצרן: טונה ויאטנם,,טונה סטארקיסט שלישיה,יחידה,0.00,יחידה,false,,18.90,0.0000,true,1,251095
7290017617411,false,מיקס סלמון עם אורז מלא וירקות 160 ג' סטארקיסט,גראאל אס איי,PL,סטארקיסט מיקס סלמון,,160.00,100 גרם,false,,16.90,0.1056,true,1,249707
7290017617428,false,מיקס סלמון עם פסטה ברוטב עגבניות 160 ג' סטארקיסט,סטארקיסט,PL,סטארקיסט מיקס סלמון,,160.00,100 גרם,false,,16.90,0.1056,true,1,249708
7290017617435,false,מיקס סלמון עם עדשים קינואה וירק 160 ג' סטארקיסט,גראאל אס איי,PL,סטארקיסט מיקס סלמון,,160.00,,false,,16.90,0.1056,true,1,249706
7290017617503,false,טונה מעושנת,,,טונה מעושנת,יחידה,0.00,יחידה,false,,16.90,0.0000,true,1,252292
7290017696409,false,פטריות פורטובלה,,,פטריות פורטובלה,יחידה,0.00,יחידה,false,,14.90,0.0000,true,1,239012
7290017715889,false,מוזלי גרנולה עם אגוזים 600 גרם,ויטליה,MK,גרנולה עם אגוזים 600,,600.00,,false,,14.90,0.0248,true,1,236070
7290017724126,false,עוגיות טחינה אקלר 25,אקלר,IL,עוגיות טחינה 250 גרם,,250.00,100 גרם,false,,19.90,0.0796,true,1,245648
7290017812571,false,"מיץ ענבים תירוש 1 ליטר ""יקבי כרמל""",יקבי כרמל Carmel Winery,IL,מיץ ענבים אדום 100%,,1000.00,,false,,20.20,0.0202,true,1,226155
7290017812588,false,יין תירוש לבן 100%ה טבעי 1 ליטר,יקבי כרמל Carmel Winery,IL,מיץ ענבים לבן 100% ט,,1000.00,,false,,20.20,0.0202,true,1,226156
7290017812977,false,"יין מבעבע באזז אננס יקבי כרמל 750 מ""",כרמל מזרחי,IL,באז משקה יין מוגז א,,750.00,100 גרם,false,,27.90,0.0372,true,1,245276
7290017870724,false,צלחת 10 מרובעת מתכלה,HINDUSTAN ARECA PROD,IN,"צלחת 10"" מרובעת מתכ",יחידה,0.00,יחידה,false,,15.90,0.0000,true,1,247175
7290017872162,false,טוסו - עוגיות אגוזי לוז ללא סוכר 200 גרם,היינץ צפון אמריקה מק,IL,טוסו עוגיות אגוזי לו,,200.00,,false,,16.90,0.0845,true,1,228435
7290017888347,false,מים מינרליים בקבוק ס,"מי עדן בע""מ",IL,מי עדן 500 מל,יחידה,0.00,יחידה,false,,3.50,0.0000,true,1,252302
7290017888354,false,מים מינרליים בקבוק ס,"מי עדן בע""מ",IL,מי עדן 750מל,,750.00,,false,,4.30,0.0057,true,1,240840
7290017928036,false,מאיר בייגל מקלות גריסיני שומשום 175 גרם,מאיר את בייגל,IL,מאיר בייגל מקלות גרי,,175.00,100 גרם,false,,12.90,0.0737,true,1,226255
7290017928821,false,מאיר בייגל מקלות גריסיני קלאסי 200 גרם,מאיר את בייגל,IL,מאיר בייגל מקלות גרי,,200.00,100 גרם,false,,12.90,0.0645,true,1,226272
7290017946474,false,"הוואי תחליב רחצה סודות פולינזיה 700 מ""ל",טרופיקל דגיל,IL,הוואי תחליב רחצה ג'ל,,700.00,100 גרם,false,,13.90,0.0199,true,1,234731
7290017969978,false,כוס מרוקאית צבעונית 40 יח',,,כוס מרוקאית 40 יח,יחידה,0.00,יחידה,false,,13.90,0.0000,true,1,245779
7290018045084,false,דגנים במילוי קרם בטעם בראוניז 480 ג' BON & BON,monday,DE,דגני בוקר בון בון במ,,480.00,,false,,23.90,0.0498,true,1,247920
7290018050408,false,אגוזי פיסטוק קלויים ומומלחים 160 גרם,,,אגוזי פיסטוק קלויים,,160.00,100 גרם,false,,15.00,0.0938,true,1,237720
7290018050453,false,קשיו טבעי קופסא 220,שקרצי,IL,קשיו טבעי קופסא 220,,220.00,100 גרם,false,,15.00,0.0682,true,1,237725
7290018050460,false,קשיו קלוי קופסא 200,,,קשיו קלוי קופסא 200,,200.00,,false,,15.00,0.0750,true,1,237726
7290018050484,false,אגוזי מלך קלופים טבעיים 150 גרם,,IL,אגוז מלך קלופים טבעי,,150.00,,false,,10.00,0.0667,true,1,237728
7290018050491,false,חטיף אלמנדוס 220 גרם,,IL,אלמונדוס קופסא 220 ג,,220.00,,false,,10.00,0.0455,true,1,237729
7290018050545,false,גרעיני אבטיח קלויים ומומלחים 140 גרם,,,גרעיני אבטיח קלויים,,140.00,,false,,10.00,0.0714,true,1,237734
7290018050569,false,גרעיני חמנייה קלופים טבעיים 400 גרם,,,גרעיני חמנייה קלופים,,400.00,,false,,10.00,0.0250,true,1,237736
7290018050613,false,צימוקים כהים קופסא 3,שקרצי,IL,צימוקים כהים קופסא 3,,300.00,,false,,10.00,0.0333,true,1,237740
7290018050620,false,צימוקים בהירים קןפסא,,,צימוקים בהירים קןפסא,,220.00,100 גרם,false,,10.00,0.0455,true,1,237741
7290018050644,false,קבוקים - בוטנים מצופים 300 גרם,,,קבוקים-בוטנים מצופים,,300.00,100 גרם,false,,10.00,0.0333,true,1,237743
7290018050675,false,שקד קלוי קופסא 210 ג,,,שקד קלוי קופסא 210 ג,,210.00,100 גרם,false,,15.00,0.0714,true,1,237746
7290018050705,false,שבבי שקדים מולבנים 130 גרם,,,שבבי שקדים מולבנים ק,,130.00,100 גרם,false,,10.00,0.0769,true,1,237749
7290018050712,false,שקדים מולבנים פרוסים 130 גרם,,,שקדים מולבנים פרוסים,,130.00,,false,,10.00,0.0769,true,1,237750
7290018050750,false,מיקס אגוזים וחמוציות מיובשות ומסוכרות 130 גרם,,,מיקס אגוזים חמצוציות,,130.00,,false,,10.00,0.0769,true,1,237754
7290018050767,false,מיקס מקס חטיפי אורז ובוטנים 300 גרם,,,מיקס מאקס-חטיפי אורז,,300.00,100 גרם,false,,10.00,0.0333,true,1,237755
7290018050781,false,אפונה מטוגנת קופסא 3,,,אפונה מטוגנת קופסא 3,,320.00,,false,,10.00,0.0313,true,1,237757
7290018050811,false,חטיף תירס ברביקיו 220 גרם,,,חטיף תירס ברביקיו קו,,220.00,100 גרם,false,,10.00,0.0455,true,1,237758
7290018050828,false,חטיף חטיפול קופסא 22,,,חטיף חטיפול קופסא 22,,220.00,100 גרם,false,,10.00,0.0455,true,1,237759
7290018050835,false,בוטנים קלויים ומומלחים 250 גרם,,,בוטנים קלויים ומומלח,,250.00,,false,,10.00,0.0400,true,1,237760
7290018050866,false,בוטנים בכרמל קופסא 2,,,בוטנים בכרמל קופסא 2,,200.00,,false,,10.00,0.0500,true,1,237763
7290018091074,false,בצק עוגיות שוקולד ציפס מעדנות 300 גרם,תנובה מעדנות,IL,בצק עוגיות שוקולד צ',,300.00,100 גרם,false,,18.90,0.0630,true,1,248867
7290018091081,false,מעדנות מאפה פילו תרד וגבינה 320גר,"מעדנות בע""מ",IL,מאפה פילו תרד וגבינו,,320.00,,false,,19.90,0.0622,true,1,248752
7290018098486,false,פיצה טבעונית משפחתית מרגריטה 350 גרם MILK FREE,נטורל קייקס,IL,פיצה משפחתית מרגריטה,,350.00,,false,,22.90,0.0654,true,1,249759
7290018131053,false,נסטלה מאגדת קרחוני לימון אננס וולנס 70X10 גרם,גלידות נסטלה (נגה גל,IL,מאגדת קרחוני לימון א,,700.00,,false,,28.90,0.0413,true,1,226379
7290018131855,false,אקסטרים טילון בראוניז מאגדת 6 יח 432 גרם,גלידות נסטלה (נגה גל,IL,מאגדת אקסטרים בראוני,,432.00,,false,,35.90,0.0831,true,1,245842
7290018131954,false,לה פרוטה מאגדת תות שוקולד כלפ8 5*72ג,נסטלה גלידות,IL,לה פרוטה מאגדת תות ש,,350.00,100 גרם,false,,33.90,0.0969,true,1,245863
7290018192658,false,מארז זוג פטריות פורטובלה ושמפיניון מרינה,"מרינה פטריות הגליל בע""מ",IL,פטריות צמד חמד איטלק,יחידה,0.00,יחידה,false,,19.90,0.0000,true,1,235944
7290018195178,false,שוקולד מריר 62% קקאו 100 גרם טעמן,אס.קיי ראיס אינטרנשי,PL,שוקולד מריר 62% 100,,100.00,100 גרם,false,,7.90,0.0790,true,1,248720
7290018198056,false,תפוגן קוביות תפוחי אדמה 9*1.5קג,עיצובים 2020 (4.5),,תפוגן קוביות תפוחי א,,1500.00,,false,,27.90,0.0186,true,1,226243
7290018198148,false,"תפוגן קריספי צ'יפס קלאסי 1.25 ק""ג",עיצובים 2020 (4.5),IL,תפוגן קריספי צ'יפס ק,,1250.00,100 גרם,false,,27.90,0.0223,true,1,245285
7290018213698,false,מפות שולחן ניילון שק,,,מפות שולחן ניילון,יחידה,0.00,יחידה,false,,9.90,0.0000,true,1,252316
7290018237373,false,עוף טוב פסטרמה צרובה על הגריל נתח שלם 8*300 גרם,"עוף טוב (שאן) בע""מ",IL,פסטרמה צרובה על הגרי,,300.00,100 גרם,false,,29.90,0.0997,true,1,248487
7290018237397,false,עוף טוב פסטרמה מקורמלת נתח שלם 8*300 גרם,מולינו ניקולי s.p.a,IL,פסטרמה מקורמלת מנתח,,300.00,,false,,29.90,0.0997,true,1,248486
7290018237410,false,עוף טוב פסטרמה במעשנה נתח שלם 8*300 גרם,מולינו ניקולי s.p.a,IL,פסטרמה במעשנה מנתח ש,,300.00,,false,,29.90,0.0997,true,1,248485
7290018237489,false,עוף טוב דק דק פסטרמה ברביקיו 220 גר',"עוף טוב (שאן) בע""מ",IL,פסטרמה ברביקיו דק-דק,,220.00,100 גרם,false,,24.90,0.1132,true,1,248492
7290018237496,false,עוף טוב דק דק פסטרמה דבש 220 גר',"עוף טוב (שאן) בע""מ",IL,פסטרמה בדבש דק-דק 22,,220.00,,false,,24.90,0.1132,true,1,248493
7290018237502,false,עוף טוב כתף בקר דק-דק 200 גרם,"עוף טוב (שאן) בע""מ",IL,כתף בקר דק-דק 200 גר,,200.00,100 גרם,false,,24.90,0.1245,true,1,248491
7290018237922,false,עוף טוב שניצלונים ציפוי צ'יפס 700 גרם,עיצובים 2020 (4.9),IL,שניצלונים בציפוי ציפ,,700.00,100 גרם,false,,39.90,0.0570,true,1,248582
7290018237960,false,עוף טוב כתף בקר עסיסי 265 גר',עיצובים 2020 (4.9),IL,עוף טוב כתף בקר עסיס,,265.00,100 גרם,false,,29.90,0.1128,true,1,249603
7290018245026,false,קבב מזרחי עמוס,,,קבב מזרחי עמוס,יחידה,0.00,יחידה,false,,49.90,0.0000,true,1,253429
7290018245071,false,קבב אנגוס עמוס אסלי,,,קבב אנגוס עמוס אסלי,יחידה,0.00,יחידה,false,,64.90,0.0000,true,1,253430
7290018245088,false,קבב ריבאנטריקוט,,,קבב ריבאנטריקוט,יחידה,0.00,יחידה,false,,69.90,0.0000,true,1,253431
7290018245262,false,ביג בורגר אנגוס עמוס,,,ביג בורגר אנגוס עמוס,יחידה,0.00,יחידה,false,,64.90,0.0000,true,1,253436
7290018245286,false,אנטריקוט בורגר עמוס,,,אנטריקוט בורגר עמוס,יחידה,0.00,יחידה,false,,49.90,0.0000,true,1,253438
7290018245651,false,נקניקיות חריפות אסלי,,,נקניקיות חריפות אסלי,יחידה,0.00,יחידה,false,,67.90,0.0000,true,1,253444
7290018307243,false,תבנית רוסטר קטן 3 יח,,,תבנית רוסטר קטן 3 יח,יחידה,0.00,יחידה,false,,10.90,0.0000,true,1,240804
7290018359938,false,"רוטב עגבניות לשקשוקה יכין, 400 גרם",זנלכל,IL,רוטב עגבניות לשקשוקה,,400.00,,false,,12.90,0.0323,true,1,253662
7290018359969,false,רוטב עגבניות לפיצה יכין 400 גרם,זנלכל,IL,רוטב עגבניות לפיצה,,400.00,,false,,12.90,0.0323,true,1,253665
7290018440209,false,פליפז בייגלה בציפוי פאדג' לבן 140 גרם,שוורצקוף& הנקל דיסלד,TR,בייגלה בציפוי פאד'ג,,140.00,100 גרם,false,,9.90,0.0707,true,1,244445
7290018440230,false,תה צ'אי ורדים סדרת חווית צ'אי,תה ויסוצקי,IL,תה צאי ורדים 25שק,יחידה,0.00,יחידה,false,,22.90,0.0000,true,1,247873
7290018440384,false,תה ירוק מאטה לימון נענע ויסוצקי 25 יחידות,תה ויסוצקי,IL,תה ירוק מאטה לימון נ,יחידה,0.00,יחידה,false,,27.90,0.0000,true,1,246923
7290018462416,false,גרעיני חמניה 250 ג',,,גרעיני חמניה 250 ג',יחידה,0.00,יחידה,false,,8.90,0.0000,true,1,252343
7290018471494,false,תפוזינה משקה תפוז גזר קרטונית 1 ליטר,"יפאורה תבורי בע""מ",IL,תפוזינה משקה תפוז גז,,1000.00,,false,,9.20,0.0092,true,1,245629
7290018471906,false,שוופס מוגז פירות לימונדה ורודה 1.5 ליטר פיקדון,"יפאורה תבורי בע""מ",IL,שוופס מוגז לימונדה ו,,1500.00,,false,,10.90,0.0073,true,1,247430
7290018471920,false,שוופס מוגז פירות ענבים 1.5 ליטר פיקדון,"יפאורה תבורי בע""מ",IL,שוופס מוגז ענבים 1.5,,1500.00,100 גרם,false,,10.90,0.0073,true,1,247433
7290018471944,false,שוופס מוגז פירות לימונייד 1.5 ליטר פיקדון,"יפאורה תבורי בע""מ",IL,שוופס מוגז למונייד 1,,1500.00,,false,,10.90,0.0073,true,1,247431
7290018509197,false,קסרול בנדע לבן 20 יח,,,אובלית,יחידה,0.00,יחידה,false,,5.90,0.0000,true,1,252352
7290018517109,false,מעדן פרי אפרסק ללא ת,,,מעדן פרי אפרסק,יחידה,0.00,יחידה,false,,11.90,0.0000,true,1,252358
7290018542286,false,צלחת 7.5 פרמיום לבנ,,CN,"צלחת 7.5"" פרמיום לב",יחידה,0.00,יחידה,false,,17.90,0.0000,true,1,247187
7290018542309,false,"צלחת 10"" פרמיום לבנה",,CN,"צלחת 10"" פרמיום לבנה",יחידה,0.00,יחידה,false,,29.90,0.0000,true,1,247188
7290018542316,false,מרקיה פרמיום לבנה עם,,CN,מרקיה פרמיום לבנה עם,יחידה,0.00,יחידה,false,,17.90,0.0000,true,1,247189
7290018542323,false,ליפתנית פרמיום לבנה,,,ליפתנית פרמיום לבנה,יחידה,0.00,יחידה,false,,13.90,0.0000,true,1,247190
7290018647707,false,כפפות מידה L מעולה 100 יחי,,,כפפות לטקס ללא אבקה,יחידה,0.00,יחידה,false,,24.90,0.0000,true,1,252370
7290018647738,false,כפפות מידה XL מעולה 100 יחי,,,כפפות לטקס ללא אבקה,יחידה,0.00,יחידה,false,,24.90,0.0000,true,1,252371
7290018652039,false,לה קרמריה קרמל מלוח ונוגט בדצ 1.4 ליטר,גלידות נסטלה,IL,לה קרמריה קרמל מלוח,,1400.00,,false,,23.90,0.0171,true,1,245862
7290018652213,false,מאגדת חטיפי גלידה קראנץ בר 41X6 גרם,פרונרי איטליה,IT,מאגדת קראנץ בר וניל,,246.00,100 גרם,false,,26.90,0.1093,true,1,248120
7290018652657,false,נסטלה מאגדת מניוגו לייט 312 גרם,גלידות נסטלה,IL,נסטלה מאגדת מניוגו ל,,312.00,,false,,29.90,0.0958,true,1,248122
7290018652886,false,"מאגדת מצופים שוקו בננה חת""ס- 8 יחידות",גלידות נסטלה,IL,מאגדת מצופים בננה 8,,440.00,,false,,29.90,0.0680,true,1,248805
7290018652909,false,מאגדת מאגנום קפה שוקולד ופקאן 5 *43 ג' נסטלה,גלידות נסטלה,IL,מאגדת גלידה קפה שוקו,,215.00,,false,,29.90,0.1391,true,1,248121
7290018652923,false,מאגדת תות עוגת גבינה שוקולד 5 *43 ג' נסטלה,גלידות נסטלה,IL,נסטלה מאגדת תות שוקו,,215.00,100 גרם,false,,29.90,0.1391,true,1,248123
7290018710111,false,אבקת סוכר 500 גרם פר,,,אבקת סוכר 500 גרם פר,,500.00,,false,,7.50,0.0150,true,1,246873
7290018710364,false,קוקוס טחון הילדא 400 ג',,,קוקוס 400 גרם חילדה,,400.00,100 גרם,false,,12.90,0.0323,true,1,246869
7290018893005,false,"חטיפי בייגלה אפוי בטעם חרדל ודבש, 160 גרם",צ'וקטה Chocketa,RO,בייגלה שטוח חרדל ודב,,160.00,,false,,8.90,0.0556,true,1,247711
7290018893111,false,צ'וקטה שוקולד מריר בלגי 70% 100 גרם משולש K,צ'וקטה Chocketa,BE,שוקולד מריר בלגי 70,,100.00,100 גרם,false,,9.90,0.0990,true,1,247724
7290018893135,false,מקלות אפויים בתוספת מלח Salty,צ'וקטה Chocketa,US,צ'וקטה גריסיני מלח 1,,120.00,100 גרם,false,,7.90,0.0658,true,1,249835
7290018893142,false,צ'וקטה גריסיני בתוספת שמן זית 120 גרם,צ'וקטה Chocketa,US,צ'וקטה גריסיני שמן ז,,120.00,,false,,7.90,0.0658,true,1,249836
7290018893319,false,צ'וקטה שוקולד מריר בלגי 85% 100 גרם,צ'וקטה Chocketa,BE,שוקולד מריר בלגי 85,,100.00,,false,,9.90,0.0990,true,1,247726
7290018893340,false,מקלות אפויים בתוספת שומשום Salty,צ'וקטה Chocketa,US,צ'וקטה גריסיני שומשו,,120.00,,false,,7.90,0.0658,true,1,249837
7290018893456,false,צ'וקטה עוגות אישיות במילוי קרם ובציפוי בטעם שוקולד 300 גרם,פרדי קונדיטוריה אס.פ,IT,עוגות אישיות חלב צוק,,300.00,,false,,14.90,0.0497,true,1,247715
7290018893661,false,עוגות אישיות במילוי קרם קקאו ציפוי בטעם שוקולד מריר,פרדי קונדיטוריה אס פ,IT,עוגות אישיות מצופה מ,,240.00,100 גרם,false,,14.90,0.0621,true,1,247716
7290018893715,false,צוקטה בייגלה שטוח מצופה שוקולד חלב 80 גר,צ'וקטה Chocketa,RO,בייגלה שטוח מצופה שו,יחידה,0.00,יחידה,false,,8.90,0.0000,true,1,247713
7290018893814,false,צ'וקטה חמישיית שוקולד מריר 48%,הדקלאים אגודת שיתופי,ES,שוקולד מריר 48% צוקט,,500.00,,false,,19.90,0.0398,true,1,247723
7290018893920,false,לוקיטוס סוכריות ג'לי בטעמי פירות 700גר,צ'וקטה Chocketa,GR,לוקיטוס סוכריות ג'לי,,700.00,100 גרם,false,,19.90,0.0284,true,1,253994
7290018893937,false,לוקיטוס סוכריות ג'לי 300 גר,לאבדס,GR,לוקיטוס סוכריות ג'לי,,300.00,,false,,10.90,0.0363,true,1,253996
7290018894200,false,בלקוני וופל קוביות וניל 250 גרם,בלקוני Balconi,IT,בלקוני וופל קוביות ו,,250.00,,false,,14.90,0.0596,true,1,249828
7290018894248,false,צ'וקטה - שוקולד חלב שלישייה 3 * 100 גרם,צ'וקטה Chocketa,FR,צוקטה שוקול חלב שליש,,100.00,,false,,13.90,0.1390,true,1,249838
7290018894408,false,קוביות וופל במילוי קרם אגוזי לוז - חלבי,בלקוני Balconi,IT,בלקוני וופל קוביות א,,250.00,,false,,14.90,0.0596,true,1,249826
7290018894804,false,וופלים במילוי קרם אגוזי לוז - חלבי,בלקוני Balconi,IT,בלקוני וופל אגוזי ל,,175.00,100 גרם,false,,8.90,0.0509,true,1,249830
7290018925065,false,מיץ פרימור תפוזים סחוט 2 ליטר-,"גניר (1992) בע""מ",IL,פרימור מיץ תפוזים סח,,2000.00,,false,,29.90,0.0150,true,1,247561
7290018925072,false,משקה קל לימונים ונענע 2 ל פרימור,"גניר (1992) בע""מ",IL,פרימור משקה קל לימונ,,2000.00,,false,,29.90,0.0150,true,1,247562
7290018925089,false,"מיץ פרימור תפו""ע צלול סחוט 2 ליטר-","גניר (1992) בע""מ",IL,פרימור מיץ תפוחים צל,,2000.00,100 גרם,false,,29.90,0.0150,true,1,247563
7290018925416,false,"מיץ לימון ופסיפלורה 400 מ""ל פרימור",קריות זול,IL,פרימור מיץ לימון ופס,,400.00,,false,,9.90,0.0248,true,1,249300
7290018972786,false,נודלס טעם ירקות להכנה מהירה 72 גרם,,,נודלס טעם ירקות להכנ,,72.00,100 גרם,false,,6.90,0.0958,true,1,249186
7290019056027,false,שוופס מוגז פירות תפוחים ללא סוכר 1.5 ליטר פיקדון,"יפאורה תבורי בע""מ",IL,שוופס מוגז פירות תפו,,1500.00,,false,,10.90,0.0073,true,1,247435
7290019056034,false,שוופס מוגז פירות אננס ללא סוכר 1.5 ליטר פיקדון,"יפאורה תבורי בע""מ",IL,שוופס מוגז פירות אננ,,1500.00,,false,,10.90,0.0073,true,1,247436
7290019056041,false,שוופס מוגז פירות לימונייד ללא סוכר 1.5 ליטר פיקדון,"יפאורה תבורי בע""מ",IL,שוופס מוגז פירות ללא,,1500.00,,false,,10.90,0.0073,true,1,247437
7290019056058,false,שוופס מוגז עדין תפוח ליים 1.5 ליטר פיקדון,"יפאורה תבורי בע""מ",IL,שוופס מוגז עדין תפוח,,1500.00,100 גרם,false,,9.90,0.0066,true,1,247424
7290019056065,false,שוופס מוגז עדין פירות יער 1.5 ליטר פיקדון,"יפאורה תבורי בע""מ",IL,שוופס מוגז עדין פירו,,1500.00,,false,,9.90,0.0066,true,1,247425
7290019056072,false,שוופס מוגז עדין אננס 1.5 ליטר פיקדון,מיוצר עי קונדיטוריית,IL,שוופס מוגז עדין אננס,,1500.00,,false,,9.90,0.0066,true,1,247426
7290019056089,false,שוופס מוגז עדין ענבי ריזלינג 1.5 ליטר פיקדון,"יפאורה תבורי בע""מ",IL,שוופס מוגז עדין טעם,,1500.00,,false,,9.90,0.0066,true,1,247427
7290019056096,false,שוופס מוגז עדין אפרסק 1.5 ליטר פיקדון,"יפאורה תבורי בע""מ",IL,שוופס מוגז עדין אפרס,,1500.00,,false,,9.90,0.0066,true,1,247428
7290019056164,false,שוופס סודה 1.5 ליטר רביעייה פיקדון,"יפאורה תבורי בע""מ",IL,שוופס סודה מארז 4*1.,,6000.00,100 גרם,false,,14.10,0.0023,true,1,247472
7290019056171,false,שוופס סודה לימון 1.5 ליטר רביעייה פיקדון,"יפאורה תבורי בע""מ",IL,שוופס סודה לימון מאר,,6000.00,,false,,14.10,0.0023,true,1,247473
7290019056188,false,שוופס סודה נענע ליים 1.5 ליטר רביעייה פיקדון,"יפאורה תבורי בע""מ",IL,שוופס סודה נענע ליים,,6000.00,100 גרם,false,,14.10,0.0023,true,1,247474
7290019056232,false,משקה מוגז בטעם ליים מוחיטו 1.5 ל' שוופס,"יפאורה תבורי בע""מ",IL,שוופס ליים מוחיטו 1.,,1500.00,,false,,10.90,0.0073,true,1,247440
7290019056249,false,שוופס מים בטעמים ענבים 1.5 ליטר פיקדון,מיוצר עי קונדיטוריית,IL,שוופס וואטר ענבים 1.,,1500.00,,false,,9.90,0.0066,true,1,247459
7290019056263,false,שוופס מים בטעמים אפרסק 1.5 ליטר פיקדון,מיוצר עי קונדיטוריית,IL,שוופס וואטר אפרסק 1.,,1500.00,100 גרם,false,,9.90,0.0066,true,1,247461
7290019056270,false,שוופס מים בטעמים פירות יער 1.5 ליטר פיקדון,"יפאורה תבורי בע""מ",IL,שוופס וואטר פירות יע,,1500.00,,false,,9.90,0.0066,true,1,247462
7290019056300,false,משקה בטעם ביטר לימון 1.5 ל' שוויפס,"יפאורה תבורי בע""מ",IL,שוופס ביטר לימון 1.5,,1500.00,,false,,13.90,0.0093,true,1,247469
7290019056317,false,שוופס ראשן 1.5 ליטר פיקדון,"יפאורה תבורי בע""מ",IL,שוופס רסצ'יין 1.5ליט,,1500.00,,false,,13.90,0.0093,true,1,247470
7290019056324,false,שוופס טוניק 1.5 ליטר פיקדון,"יפאורה תבורי בע""מ",IL,שוופס מי טוניק 1.5לי,,1500.00,,false,,13.90,0.0093,true,1,247471
7290019056331,false,שוופס טוניק ללא סוכר 1.5 ליטר פיקדון,מיוצר עי קונדיטוריית,IL,שוופס מי טוניק ללא ס,,1500.00,100 גרם,false,,13.90,0.0093,true,1,247476
7290019056362,false,תפוזינה ענבים 1.5 ליטר פיקדון,"יפאורה תבורי בע""מ",IL,תפוזינה ענבים 1.5ליט,,1500.00,100 גרם,false,,9.90,0.0066,true,1,247414
7290019056379,false,תפוזינה תפוזים 1.5 ליטר פיקדון,"יפאורה תבורי בע""מ",IL,תפוזינה תפוזים 1.5לי,,1500.00,,false,,9.90,0.0066,true,1,247415
7290019056386,false,פתוזינה אשכולית 1.5 ליטר פיקדון,"יפאורה תבורי בע""מ",IL,תפוזינה אשכוליות 1.5,,1500.00,,false,,9.90,0.0066,true,1,247417
7290019056393,false,תפוזינה תות בננה 1.5 ליטר פיקדון,"יפאורה תבורי בע""מ",IL,תפוזינה תות בננה 1.5,,1500.00,100 גרם,false,,9.90,0.0066,true,1,247418
7290019056430,false,תפוזינה תפוזים לייט 1.5 ליטר פיקדון,"יפאורה תבורי בע""מ",IL,תפוזינה דיאט תפוזים,,1500.00,,false,,9.90,0.0066,true,1,247422
7290019056447,false,תפוזינה אשכוליות לייט 1.5 ליטר פיקדון,"יפאורה תבורי בע""מ",IL,תפוזינה דיאט אשכוליו,,1500.00,,false,,9.90,0.0066,true,1,247423
7290019056461,false,מארז משקה בטעם קולה שישייה * 1.5 ל' אר.סי,"יפאורה תבורי בע""מ",IL,אר.סי קולה שישייה 6*,,9000.00,100 גרם,false,,39.90,0.0044,true,1,247439
7290019056508,false,פרוט ווטר ענבים 1.5 ליטר פיקדון,"יפאורה תבורי בע""מ",IL,משקה וואטר פרוט ענבי,,1500.00,100 גרם,false,,9.90,0.0066,true,1,247441
7290019056515,false,פרוט ווטר אננס 1.5 ליטר פיקדון,"יפאורה תבורי בע""מ",IL,משקה וואטר פרוט אננס,,1500.00,100 גרם,false,,9.90,0.0066,true,1,247442
7290019056522,false,פרוט ווטר תות 1.5 ליטר פיקדון,"יפאורה תבורי בע""מ",IL,משקה וואטר פרוט תות,,1500.00,100 גרם,false,,9.90,0.0066,true,1,247445
7290019056539,false,פרוט ווטר אפרסק 1.5 ליטר פיקדון,"יפאורה תבורי בע""מ",IL,משקה וואטר פרוט אפרס,,1500.00,,false,,9.90,0.0066,true,1,247443
7290019056546,false,פרוט ווטר אבטיח 1.5 ליטר פיקדון,"יפאורה תבורי בע""מ",IL,משקה וואטר פרוט אבטי,,1500.00,100 גרם,false,,9.90,0.0066,true,1,247444
7290019056577,false,משקה קל מנגו ספרינג 1.5 ליטר,"יפאורה תבורי בע""מ",IL,ספרינג מנגו 1.5ליטר,,1500.00,100 גרם,false,,9.90,0.0066,true,1,247402
7290019056584,false,משקה קל תפוזים ספרינג 1.5 ליטר,"יפאורה תבורי בע""מ",IL,ספרינג תפוזים 1.5ליט,,1500.00,,false,,9.90,0.0066,true,1,247403
7290019056591,false,משקה קל ענבים ספרינג 1.5 ליטר,"יפאורה תבורי בע""מ",IL,ספרינג ענבים 1.5ליטר,,1500.00,100 גרם,false,,9.90,0.0066,true,1,247411
7290019056607,false,משקה קל תפוחים ספרינג 1.5 ליטר,"יפאורה תבורי בע""מ",IL,ספרינג תפוחים 1.5ליט,,1500.00,100 גרם,false,,9.90,0.0066,true,1,247404
7290019056621,false,משקה קל פירות טרופיים ספרינג 1.5 ליטר,"יפאורה תבורי בע""מ",IL,ספרינג פירות טרופיים,,1500.00,100 גרם,false,,9.90,0.0066,true,1,247406
7290019056638,false,משקה קל תות בננה ספרינג 1.5 ליטר,"יפאורה תבורי בע""מ",IL,ספרינג תות בננה 1.5ל,,1500.00,,false,,9.90,0.0066,true,1,247407
7290019056645,false,משקה קל אגס תפוח סברס ספרינג 1.5 ליטר,"יפאורה תבורי בע""מ",IL,ספרינג אגס סברס תפוח,,1500.00,100 גרם,false,,9.90,0.0066,true,1,247408
7290019056652,false,משקה קל אננס בננה ספרינג 1.5 ליטר,"יפאורה תבורי בע""מ",IL,ספרינג אננס בננה 1.5,,1500.00,100 גרם,false,,9.90,0.0066,true,1,247412
7290019056669,false,משקה קל תפוחים דיאט ספרינג 1.5 ליטר,"יפאורה תבורי בע""מ",IL,ספרינג תפוחים דיאט 1,,1500.00,100 גרם,false,,9.90,0.0066,true,1,247409
7290019056881,false,שוופס סודה 1.5 ליטר,"יפאורה תבורי בע""מ",IL,סודה 1.5 ליטר,יחידה,0.00,יחידה,false,,3.90,0.0000,true,1,252384
7290019056966,false,מי עדן בקבוק פיקדון 1.5 ליטר,"מי עדן בע""מ",IL,מי עדן 1.5ליטר,,1500.00,100 גרם,false,,3.80,0.0025,true,1,247568
7290019056973,false,שישיית מי עדן 1.5 ליטר משפחתי,מופק ממקור בזלתי עדן,IL,מי עדן שישייה 6*1.5,,9000.00,100 גרם,false,,16.70,0.0019,true,1,247400
7290019153078,false,"שוופס ביטר למון לייט, 1.5 ליטר פקדון","יפאורה תבורי בע""מ",IL,שוופס ביטר לימון לי,,1500.00,100 גרם,false,,13.90,0.0093,true,1,247984
7290019153566,false,משקה קל רימון אוכמניות דובדבן ספרינג 1.5 ליטר,יפאורה תבורי,IL,ספרינג רימון אוכמניו,,1500.00,,false,,9.90,0.0066,true,1,249578
7290019204008,false,עוף טוב פסטרמה ארבעה פלפלים 350גרם,עיצובים 2020 (4.9),IL,עוף טוב פסטרמה ארבעה,,350.00,,false,,25.90,0.0740,true,1,249605
7290019204305,false,חזה הודו פסטרמה ברביקיו 350 גר',עיצובים 2020 (4.9),IL,עוף טוב פסטרמה ברביק,,350.00,,false,,25.90,0.0740,true,1,249602
7290019232803,false,הולגריין ביסקוויט+קרם חלב ושוקולד חלב 300 גרם רבנות,פלאדיס,TR,הולגריין ביסקוויט עם,,300.00,,false,,11.90,0.0397,true,1,253613
7290019232827,false,הולגריין ביסקוויט במילוי אגוזי לוז 300 גרם רבנות,פלאדיס,TR,הולגריין ביסקוויט במ,,300.00,,false,,11.90,0.0397,true,1,253615
7290019232834,false,בייגלה מצופה קרם עוגיות ושוקולד 140 גרם פליפז - רבנות,אולקר מקבוצת פלאדיס,TR,בייגלה מצופה עוגיות,,140.00,,false,,9.90,0.0707,true,1,248991
7290019233039,false,שקשוקה קלאסית- רוטב עגבניות עם קוביות פלפלים צלויים,דליציה דורה אס.אר.אל,IT,זיתא רוטב לשקשוקה ק,,420.00,,false,,14.90,0.0355,true,1,252391
7290019265108,false,צלחות 75,,,צלחות 75,יחידה,0.00,יחידה,false,,36.90,0.0000,true,1,252392
7290019297239,false,צימוק חום 250 גרם ששון הקולה,"דין שיווק וקלייה בע""",,צימוק חום 330גר קופס,,330.00,100 גרם,false,,17.90,0.0542,true,1,201064
7290019297420,false,מעדן תות שדה 100% רכיבי פרי 284 גר' ללא תוספת סוכר,לינוי סיטי,CN,מעדן תות שדה שקדיה 1,,284.00,,false,,12.90,0.0454,true,1,201070
7290019297451,false,מי ורדים שקדיה 500 מ,אף.סי תבליני בגליל ב,BE,"מי ורדים 500 מ""ל",,500.00,,false,,14.90,0.0298,true,1,215147
7290053020060,false,קבבוני טלה,,,קבבוני טלה,יחידה,0.00,יחידה,false,,74.90,0.0000,true,1,253449
7290053020091,false,המבורגר אמריקאי,,,המבורגר אמריקאי,יחידה,0.00,יחידה,false,,69.90,0.0000,true,1,253450
7290100240137,false,"תרסיס למייבש כביסה כחול 500 מ""ל בדין","זוהר דליה, קיבוץ דלי",IL,בדין תרסיס כחול למיי,,500.00,,false,,19.90,0.0398,true,1,182975
7290100240144,false,"תרסיס למייבש כביסה ורוד 500 מ""ל בדין","זוהר דליה, קיבוץ דלי",IL,בדין תרסיס ורוד למיי,,500.00,,false,,19.90,0.0398,true,1,182976
7290100245231,false,נמס בכוס מרק בטעם עוף עם אטריות ושקדי מרק-2 שקיות,יוניליוור ישראל מזון,IL,נמס בכוס קנור ועוד ט,,50.00,100 גרם,false,,7.70,0.1540,true,1,183116
7290100680650,false,מנה חמה נודלס-אטריות ירקות טעם תאילנדי אסם 76 ג',THAI PRESIDENT FOODS,TH,מנה חמה אסם נודלס-אט,,76.00,,false,,7.50,0.0987,true,1,177497
7290100680711,false,פירורית זהב אסם זהב 350ג',עינת תעשיות מזון אגו,IL,פירורית זהב שקית אסם,,350.00,100 גרם,false,,9.90,0.0283,true,1,177500
7290100680728,false,פירורית רגילה שקית 350 גרם,מיוצר עי קונדיטוריית,IL,פירורית אסם שקית 350,,350.00,,false,,7.90,0.0226,true,1,177501
7290100681015,false,אינסטנט פודינג בטעם ריבת חלב אסם 84 גרם,מיוצר עי קונדיטוריית,IL,פודינג ריבת חלב אסם,,84.00,,false,,6.50,0.0774,true,1,177504
7290100681138,false,מארז אפרופו חטיף תירס 3 יחידות,"אסם תעשיות בע""מ",IL,אפרופו מארז אסם 3*50,,150.00,100 גרם,false,,13.90,0.0927,true,1,177507
7290100683880,false,תבשילים משפחתיים פירה 260 גרם,"אסם השקעות בע""מ",IL,תערובת להכנת פירה אס,,260.00,,false,,16.50,0.0635,true,1,177568
7290100684139,false,פסטה מיני מקרוני אסם 500 גרם,פסטה זארה,IT,פסטה מיני מקרוני אסם,,500.00,100 גרם,false,,7.60,0.0152,true,1,177574
7290100685136,false,"אבקת מרק בטעם עוף אסם 1 ק""ג","אסם תעשיות בע""מ",IL,מרק טעם עוף 1קג אסם,,1000.00,,false,,15.90,0.0159,true,1,177591
7290100685334,false,אבקת מרק עוף אמיתי בשרי רכיבים טבעיים אסם 400 גרם,"אסם תעשיות בע""מ",IL,*מבצע* מרק עוף רכיבי,,400.00,,false,,21.90,0.0547,true,1,177601
7290100685341,false,אבקת מרק טעם עוף זך רכיבים טבעיים אסם 400 גרם,"אסם תעשיות בע""מ",IL,*מבצע* מרק טעם עוף ז,,400.00,,false,,16.90,0.0422,true,1,177602
7290100686164,false,מארז מולטיפק ביסלי ברביקיו 6 יח 35 גר יח,מיוצר עי קונדיטוריית,IL,ביסלי ברביקיו מארז א,,210.00,100 גרם,false,,14.90,0.0710,true,1,177633
7290100689301,false,אבקת מרק בטעם עוף זך עדיף אסם 400 גרם,"אסם השקעות בע""מ",IL,מרק בטעם עוף זך אסם,,400.00,,false,,17.90,0.0447,true,1,177718
7290100700020,false,סוגת גריסי פנינה 500 גרם,האי נאם סי או אל.טי.,IL,גריסי פנינה סוגת 500,,500.00,100 גרם,false,,7.30,0.0146,true,1,192459
7290100700068,false,סוגת שעועית צבעונית 500גרם,"סוגת תעשיות בע""מ",IL,שעועית צבעונית סוגת,,500.00,,false,,10.90,0.0218,true,1,192460
7290100700075,false,סוגת פירורי לחם מוזהבים 200 גרם,"סוגת תעשיות בע""מ",IL,פירורי לחם מוזהבים ס,,200.00,,false,,4.90,0.0245,true,1,192461
7290100700273,false,קינואה לבנה 500 ג סו,האי נאם סי או אל.טי.,IL,קינואה סוגת 500 גר,,500.00,100 גרם,false,,16.90,0.0338,true,1,192471
7290100700297,false,סוגת עדשים שחורות 500 גרם,"סוגת תעשיות בע""מ",IL,עדשים שחורות סוגת 50,,500.00,,false,,9.90,0.0198,true,1,192473
7290100700396,false,"סוגת אורז יסמין קלאסי 1 ק""ג",האי נאם סי או אל.טי.,IL,אורז יסמין קלאסי סוג,,1000.00,100 גרם,false,,13.90,0.0139,true,1,192480
7290100700587,false,"בורגול ""סוגת"" 500 גרם",האי נאם סי או אל.טי.,IL,בורגול סוגת 500 גר,,500.00,100 גרם,false,,7.30,0.0146,true,1,192488
7290100701140,false,"אורז ריזוטו ארבוריו 1 ק""ג ""סוגת""","סוגת תעשיות בע""מ",IL,אורז ארבוריו סוגת 1ק,,1000.00,100 גרם,false,,16.50,0.0165,true,1,192507
7290100701300,false,סוגת קינואה אדומה 500גרם,סוגת,,קינואה אדומה סוגת 50,,500.00,,false,,16.90,0.0338,true,1,192515
7290100701454,false,סוגת גרישה סוגת 500 גרם,"סוגת תעשיות בע""מ",IL,גרישה סוגת 500גר,,500.00,100 גרם,false,,7.30,0.0146,true,1,192524
7290100701577,false,קמח לחם קמח חיטה לבן שטיבל,שטיבל טחנות קמח,IL,קמח לחם סוגת 1קג,,1000.00,100 גרם,false,,8.90,0.0089,true,1,192525
7290100702260,false,סוגת קוסקוס דק 350 גרם,"אסיף תעשיות מזון בע""",IL,קוסקוס דק סוגת 350 ג,,350.00,100 גרם,false,,6.90,0.0197,true,1,192546
7290100702277,false,סוגת קוסקוס עבה 350 גרם,"אסיף תעשיות מזון בע""",IL,קוסקוס עבה סוגת 350,,350.00,100 גרם,false,,6.90,0.0197,true,1,192547
7290100702284,false,קוסקוס מלא סוגת 350 גרם,"אסיף תעשיות מזון בע""",IL,קוסקוס מלא סוגת 350,,350.00,100 גרם,false,,6.90,0.0197,true,1,192548
7290100702383,false,קמח תופח מס' 13 סוגת,שטיבל טחנות קמח,IL,קמח תופח סוגת 1 קג,,1000.00,100 גרם,false,,8.90,0.0089,true,1,192553
7290100702611,false,פתיתים אפויים אורז סוגת 500 גרם,"אסיף תעשיות מזון בע""",IL,פתיתים אפויים אורז ס,,500.00,100 גרם,false,,7.50,0.0150,true,1,192564
7290100702628,false,פתיתים אפויים קוסקוס סוגת 500 גרם,"אסיף תעשיות מזון בע""",IL,פתיתים אפויים קוסקוס,,500.00,,false,,7.50,0.0150,true,1,192565
7290100702635,false,פתיתים אפויים כוכבים סוגת 500 ג',"אסיף תעשיות מזון בע""",IL,פתיתים אפויים כוכבים,,500.00,100 גרם,false,,7.50,0.0150,true,1,192566
7290100702642,false,פתיתים אפויים טבעת 500 ג' סוגת,"אסיף תעשיות מזון בע""",IL,פתיתים אפויים טבעות,,500.00,,false,,7.50,0.0150,true,1,192567
7290100702659,false,פתיתים אפויים מקמח מלא סוגת 400ג',"אסיף תעשיות מזון בע""",IL,פתיתים אפויים מקמח מ,,400.00,100 גרם,false,,7.50,0.0188,true,1,192568
7290100702666,false,פתיתים אפויים עם בצל 400 ג' סוגת,"אסיף תעשיות מזון בע""",IL,פתיתים אפויים עם בצל,,400.00,,false,,7.50,0.0188,true,1,192569
7290100702673,false,פתיתים אפויים 3 צבעים 400 גר גרם סוגת,"אסיף תעשיות מזון בע""",IL,פתיתים אפויים 3 צבעי,,400.00,,false,,7.50,0.0188,true,1,192570
7290100702741,false,"סוכר חום בהיר בצנצנת 1 ק""ג סוגת",סוגת תעשיות בעמ,IL,סוכר חום קלאסי בקופס,,1000.00,,false,,14.90,0.0149,true,1,192576
7290100702987,false,שיבולת שועל פתיתים סוגת 500 גרם,סוגת תעשיות,,פתיתי שיבולת שועל סו,,500.00,,false,,7.90,0.0158,true,1,192587
7290100703007,false,"עדשים שחורות בלוגה 500 גרם ""סוגת""",האי נאם סי או אל.טי.,IL,עדשים שחורות בלוגה ס,,500.00,,false,,9.90,0.0198,true,1,192588
7290100703625,false,קמח חיטה לבן ללא צורך בניפוי,"שטיבל בע""מ",IL,קמח חלה ללא צורך ניפ,,1000.00,,false,,9.90,0.0099,true,1,226582
7290100703632,false,קמח חיטה מלא ללא צורך בניפוי,"שטיבל בע""מ",IL,קמח חיטה מלא ללא צור,,1000.00,,false,,9.90,0.0099,true,1,226583
7290100703670,false,"קמח כוסמין ללא ניפוי 1 ק""ג סוגת","שטיבל בע""מ",IL,קמח כוסמין מלא ללא צ,,1000.00,100 גרם,false,,14.90,0.0149,true,1,236719
7290100703915,false,פופקורן להכנה במיקרוגל בטעם חמאה - מארז 6 שקיות,סוגת,IL,פופקורן למיקרו מארז,,90.00,100 גרם,false,,10.90,0.1211,true,1,226592
7290100703922,false,פופקורן להכנה במיקרוגל בטעם טבעי - מארז 6 שקיות,סוגת,IL,פופקורן למיקרו מארז,,90.00,100 גרם,false,,10.90,0.1211,true,1,226593
7290100704141,false,סודה לשתייה 100 ג' סוגת,א.ל. ייצור ושיווק תב,IL,סודה לשתיה סוגת 100ג,,100.00,100 גרם,false,,2.90,0.0290,true,1,226599
7290100704493,false,קמח שמרים פיצה ללא צורך בניפוי 1 קג,"שטיבל בע""מ - טחנת קמ",IL,קמח שמרים לפיצה ללא,,1000.00,100 גרם,false,,10.90,0.0109,true,1,226610
7290100704530,false,סוגת קמח כוסמין לבן ללא צורך בניפוי 1 קג,טחנות קמח שטיבל באר,IL,קמח כוסמין לבן ללא צ,,1000.00,100 גרם,false,,16.90,0.0169,true,1,245545
7290100850909,false,דוריטוס נאצ'ו מקסיקני 70 גרם,שטראוס פריטו ליי (מל,IL,דוריטוס נאצו מקסיקני,,70.00,100 גרם,false,,4.90,0.0700,true,1,184154
7290100850916,false,דוריטוס חמוץ חריף מעודן 70 גרם כשר לפסח,"שטראוס פריטו ליי בע""",IL,דוריטוס חמוץ חריף 70,,70.00,100 גרם,false,,4.10,0.0586,true,1,184155
7290100850923,false,דוריטוס בטעם גריל 70 גרם,שטראוס פריטו ליי (מל,IL,דוריטוס גריל 70גר,,70.00,100 גרם,false,,4.10,0.0586,true,1,184156
7290100850930,false,דוריטוס בטעם טבעי 70 גרם,שטראוס פריטו ליי (מל,IL,דוריטוס דיפ טבעי 70ג,,70.00,,false,,4.10,0.0586,true,1,184157
7290100858592,false,אבקת קקאו עלית שקית 150 ג',הנסיך- מפעל לייצור ט,IL,קקאו עלית 150גר,,150.00,100 גרם,false,,10.90,0.0727,true,1,208997
7290100894200,false,מעדן תמרים 250גר,,,מעדן תמרים 250גר,,250.00,,false,,21.90,0.0876,true,1,211611
7290100921401,false,"שמפו הוואי מועשר בקרטין 700מ""ל",טרופיקל דגיל,IL,הוואי שמפו קרטין מחז,,700.00,100 גרם,false,,13.90,0.0199,true,1,190480
7290100921623,false,מנקה אסלה סוד 4 כדוריות נתלה אקונומיקה נתלה 50 ג',"הנקל סוד בע""מ",HU,סוד כדוריות אקונומיק,,50.00,,false,,9.90,0.1980,true,1,210936
7290100924457,false,כדוריות סבון נתלה לאסלה לימון רענן - 3 יח',הנקל סוד,HU,כדוריות סוד סבון לאס,,0.00,100 גרם,false,,19.90,0.0000,true,1,210955
7290100924464,false,כדוריות סבון נתלה לאסלה עם אקונומיקה - 3 יח',הנקל סוד,HU,כדוריות סוד סבון לאס,,0.00,,false,,19.90,0.0000,true,1,210956
7290100925751,false,"סוד נוזל כלים תפוח 650 מ""ל",סוד,IL,סוד נוזל לכלים תפוח,,650.00,100 גרם,false,,6.90,0.0106,true,1,211006
7290101551263,false,סילאן טבעי ללא תוספת סוכר,מכוורת יד מרדכי,IL,סילאן טבעי יד מרדכי,,700.00,,false,,24.90,0.0356,true,1,228447
7290101551584,false,תפוצ'יפס קידס מארז 10 יח' * 20 ג',"שטראוס פריטו ליי בע""",IL,תפוציפס קידס מארז 10,,200.00,,false,,14.90,0.0745,true,1,226387
7290101551638,false,חטיף צ'יטוס כאפה בטעם קטשופ - מארז 10 יח',"שטראוס פריטו ליי בע""",IL,ציטוס כאפה אפוי מארז,,200.00,,false,,14.90,0.0745,true,1,226391
7290101863410,false,"סיליט באנג ספריי ניקוי עוצמתי מכיל אקונומיקה 750 מ""ל",סיליט באנג Cillit Bang,PL,סיליט באנג ספריי אקו,,750.00,100 גרם,false,,15.90,0.0212,true,1,200230
7290101864127,false,"ספריי להסרת כתמים 750 מ""ל וניש קליה",קליה וניש Kalia Vanish,IL,קליה אוקסי ספריי 750,,750.00,,false,,25.90,0.0345,true,1,200243
7290101865261,false,"פיניש נוזל הברקה למדיח 800 מ""ל",רקיט בנקיזר,PL,פיניש נוזל הברקה למד,,800.00,100 גרם,false,,21.90,0.0274,true,1,200269
7290101866633,false,וניש קליה גל להסרת כתמים 3 ליטר אוקסיפרש,קליה וניש Kalia Vanish,IL,קליה גל ורוד 3ליטר,,3000.00,100 גרם,false,,29.90,0.0100,true,1,200297
7290101869733,false,פיניש ג'ל למדיח כלים בניחוח לימון 1 ליטר ALL IN 1,רקיט בנקיזר,PL,פיניש ג'ל למדיח לימו,,1000.00,100 גרם,false,,46.90,0.0469,true,1,200362
7290101869788,false,"אירוויק ספריי אוטומטי מילוי בניחוח אואזיס 250 מ""ל*",איירוויק Air Wick,HU,איירוויק מילוי מבשם,,250.00,100 גרם,false,,19.90,0.0796,true,1,200367
7290101869795,false,"מטהר אוויר אירוויק ספריי מילוי חלום ליל קיץ 250 מ""ל",איירוויק Air Wick,HU,איירוויק מילוי מבשם,,250.00,,false,,19.90,0.0796,true,1,200368
7290101869825,false,"אירוויק מילוי למכשיר חשמלי בניחוח אואזיס 19 מ""ל",איירוויק Air Wick,HU,איירוויק מילוי מבשם,,19.00,,false,,19.90,1.0474,true,1,200371
7290101869832,false,"אירוויק מילוי למכשיר חשמלי חלום ליל קיץ 19 מ""ל",איירוויק Air Wick,HU,איירוויק מילוי מבשם,,19.00,100 גרם,false,,19.90,1.0474,true,1,200372
7290101869917,false,"אירוויק פרשמטיק מילוי היער הקסום 250 מ""ל*",איירוויק Air Wick,GB,איירוויק מילוי מבשם,,250.00,,false,,19.90,0.0796,true,1,200375
7290102030330,false,תפוצ'יפס קראנצ' בטעם מקסיקני 200 גרם,"שטראוס פריטו ליי בע""",IL,תפוציפס קראנץ מקסיקנ,,200.00,100 גרם,false,,11.90,0.0595,true,1,184181
7290102031276,false,מארז 8 יחידות אקטימל משקה יוגורט בטעם תות בננה,מיוצר עי קונדיטוריית,IL,אקטימל תות בננה 8*10,,800.00,100 גרם,false,,21.90,0.0274,true,1,196441
7290102032334,false,אבקה להכנת משקה קפה בטעם וניל,STRAUSS-ISRAEL,IL,קפה נמס עלית בטעם ונ,,200.00,100 גרם,false,,29.90,0.1495,true,1,209046
7290102060979,false,אלמקס משחת שיניים למניעת עששת 100 מל,יבואן ומשווק: ש. שסט,PL,אלמקס משחת שיניים 10,,100.00,,false,,16.90,0.1690,true,1,207797
7290102062195,false,"משחת שיניים לילדים לגילאי 6-12 אלמקס 75 מ""ל",יבואן ומשווק: ש. שסט,PE,אלמקס משחת שיניים אל,,75.00,,false,,16.90,0.2253,true,1,186090
7290102390427,false,יוגורט ביו עם קציפת תות 3% שומן 150 ג' מולר,מולר Muller,IL,מולר פרופ תות 3% 150,,150.00,100 גרם,false,,5.60,0.0373,true,1,184788
7290102390465,false,יוגורט ביו עם קציפת אפרסק ופסיפלורה 3% שומן 150 ג' מולר,מולר Muller,IL,מולר פרופ אפרסק פסיפ,,150.00,100 גרם,false,,5.60,0.0373,true,1,184791
7290102390489,false,יוגורט ביו עם קציפת לימון 3% שומן 150 ג' מולר,מולר Muller,IL,מולר פרופ לימון 3% 1,,150.00,100 גרם,false,,5.60,0.0373,true,1,184793
7290102391844,false,יוגורט ביו עם קציפת פירות יער3% שומן 150 ג' מולר,מולר Muller,IL,מולר פרופ לבן+קציפת,,150.00,100 גרם,false,,5.60,0.0373,true,1,184855
7290102392049,false,גבינה לאפיה תבור ללא תוספת מלח 5% משק צוריאל 500 גרם,מחלבת משק צוריאל,IL,גבינה תבור לאפייה 5%,,500.00,100 גרם,false,,28.90,0.0578,true,1,184864
7290102392094,false,חלב עיזים מלא 3.7% משק צוריאל 1 ליטר,מילקו תעשיות בעמ,IL,חלב עיזים צוריאל 1ל,,1000.00,,false,,18.70,0.0187,true,1,184868
7290102392728,false,"יוגורט ביו ביאנקו 2.8% מולר 200 מ""ל","טרה, פארק תעשיות בע""",IL,מולר נטורל לבן טבעי,,200.00,,false,,4.40,0.0220,true,1,184910
7290102393039,false,"יוגורט ביו קרמי מיקס פצפוצי שוקולד 7.6% מולר 170 מ""ל",קריות זול,IL,מולר מיקס בתוספת פצפ,,150.00,100 גרם,false,,6.60,0.0440,true,1,184929
7290102393060,false,"יוגורט ביו קרמי מיקס גלילי ופל ואגוזים 5.9% מולר 170 מ""ל",קריות זול,IL,מולר מיקס גליליות 15,,150.00,100 גרם,false,,6.60,0.0440,true,1,184930
7290102393169,false,"יוגורט סימפלי פרוט בטעם תות 3% מולר 150 מ""ל",מולר Muller,IL,מולר סימפלי פרוט תות,,150.00,100 גרם,false,,5.60,0.0373,true,1,184939
7290102393176,false,סימפלי פרוט יוגורט אפרסק 3% שומן 150 ג' מולר,מילקו תעשיות בעמ,IL,מולר סימפלי פרוט אפר,,150.00,100 גרם,false,,5.60,0.0373,true,1,184940
7290102393190,false,"יוגורט סימפלי פרוט בטעם פירות יער 3% מולר 150 מ""ל",מילקו תעשיות בעמ,IL,מולר סימפלי פרוט פיר,,150.00,100 גרם,false,,5.60,0.0373,true,1,184942
7290102393299,false,יוגורט עיזים לשתייה 3% שומן 500 ג' צוריאל,מיוצר עי קוד יצרן HG,IL,יוגורט עיזים לשתייה,,500.00,100 גרם,false,,15.50,0.0310,true,1,184947
7290102393947,false,סימפלי פרוט יוגורט בטעם קיווי 3% שומן 150 ג' מולר,מילקו תעשיות בעמ,IL,מולר סימפלי פרוט קיו,,150.00,100 גרם,false,,5.60,0.0373,true,1,184973
7290102394258,false,גליל גבינת עיזים מה עז 9% משק צוריאל 180 גרם,מחלבת משק צוריאל,IL,מה עז צוריאל 9% 180ג,,180.00,100 גרם,false,,25.90,0.1439,true,1,184997
7290102394463,false,נעם גבינה צהובה פרוסה ואקום 28% טרה 500 גרם,Unknown,IL,גבינה צהובה נעם ואקו,,500.00,,false,,30.90,0.0618,true,1,185007
7290102394821,false,נעם גבינה צהובה פרוסה 28% טרה 200 גרם,מילקו תעשיות בעמ,IL,גבינה צהובה נעם 28%,,200.00,100 גרם,false,,18.90,0.0945,true,1,185016
7290102394845,false,נעם גבינה צהובה לייט פרוסה דק דק 9% טרה 200 גרם,מילקו תעשיות בעמ,IL,גבינה צהובה נעם דק ד,,200.00,100 גרם,false,,19.50,0.0975,true,1,185017
7290102395101,false,ממרח גבינה ושוקולד שוקי 200 גר,מילקו תעשיות בעמ,IL,ממרח על בסיס גבינה ש,,200.00,100 גרם,false,,12.90,0.0645,true,1,185031
7290102395378,false,נעם גבינה צהובה פרוסה ואקום 28% טרה 360 גרם,טרה,IL,גבינה צהובה פרוסה וא,,360.00,,false,,23.90,0.0664,true,1,185047
7290102395446,false,מעדן חלב בטעם וניל עם קצפת 123 ג' טרה,Unknown,IL,מוו וניל קצפת 123גר,,123.00,,false,,3.40,0.0276,true,1,185051
7290102395477,false,מעדן חלב בטעם שוקולד עם קצפת 123 ג' טרה,Unknown,IL,מוו שוקולד קצפת 123ג,,123.00,100 גרם,false,,3.40,0.0276,true,1,185054
7290102395521,false,"שמנת לבישול 15% שומן 500 מ""ל טרה",מילקו תעשיות בעמ,IL,שמנת לבישול 15% 500מ,,500.00,,false,,18.90,0.0378,true,1,185058
7290102396436,false,"מעדן מוו שוקולד 1.5% 125 גרם בד""צ",טרה,IL,מוו מעדן חלב בטעם שו,,125.00,100 גרם,false,,3.40,0.0272,true,1,185112
7290102396443,false,"מעדן מוו וניל 1.5% 125 גרם בד""צ",טרה,IL,מוו מעדן חלב בטעם ונ,,125.00,,false,,3.40,0.0272,true,1,185113
7290102396580,false,מעדן שוקולד ומוס שוקולד 123 ג' טרה,טרה,IL,מוו שוקולד ומוס שוקו,,118.00,100 גרם,false,,3.40,0.0288,true,1,185121
7290102396597,false,מעדן חלב מוו עם מוס שוקולד וניל,טרה,IL,מוו וניל ומוס שוקולד,,118.00,,false,,3.40,0.0288,true,1,185122
7290102396665,false,נעם גבינה צהובה דק דק 15% טרה 200 גרם,מילקו תעשיות בעמ,IL,גבינה צהובה נעם 15%,,200.00,,false,,17.90,0.0895,true,1,185127
7290102396719,false,יוגורט ביו עם תות שדה 0% Simply Fruit,מולר Muller,IL,מולר סימפלי פרוט תות,,150.00,100 גרם,false,,5.60,0.0373,true,1,185131
7290102397334,false,גבינה בולגרית 5% צוריאל גליל 250ג',מחלבת משק צוריאל,IL,בולגרית 5% 250 גר צו,,250.00,,false,,25.40,0.1016,true,1,185171
7290102397464,false,יוגורט ביו בתוספת גרעינים אגוזים וחמוציות 170 ג' מולר,מולר Muller,IL,מולר מיקס גרעינים פק,יחידה,0.00,יחידה,false,,6.60,0.0000,true,1,220594
7290102397600,false,מיקס יוגורט בתוספת שקדים ובוטנים מקורמלים 170 ג' מולר,מילקו תעשייה בעמ,IL,מולר מיקס+ שקדים ובו,,170.00,100 גרם,false,,6.60,0.0388,true,1,185187
7290102397617,false,יוגורט ביו קרמי עם כדורים מצופים שוקולד חום לבן,מולר Muller,IL,מולר מיקס קליק 150גר,,150.00,100 גרם,false,,6.60,0.0440,true,1,185188
7290102397730,false,פרוסות גבינה אמנטל חצי קשה 30% שומן 200 ג' נעם,Unknown,IL,גבינה אמנטל נעם 200ג,,200.00,100 גרם,false,,19.50,0.0975,true,1,221724
7290102397747,false,פרוסות גבינת מוצרלה נעם מחלב בקר 22%,טרה,IL,גבינת מוצרלה פרוס 20,,200.00,100 גרם,false,,21.90,0.1095,true,1,226400
7290102397891,false,גבינת מותכת 18% צוריאל 100ג',משק צוריאל,IL,גבינה מותכת צוריאל 1,,100.00,100 גרם,false,,8.50,0.0850,true,1,220598
7290102398065,false,חלב טרה בקרטון 2 ליטר מהדרין 3% - מוצר בפיקוח,Unknown,IL,חלב בקרטון טרה 3% 2,,2000.00,100 גרם,false,,12.46,0.0062,true,1,226402
7290102398072,false,"חלב קרטון 3%-1 ליטר "" טרה"" -מוצר פיקוח",Unknown,IL,חלב בקרטון טרה 3% 1ל,,1000.00,100 גרם,false,,6.23,0.0062,true,1,226403
7290102398331,false,חלב דל לקטוז 2% מועשר בויטמין D,טרה,IL,חלב מועשר דל לקטוז 1,,1000.00,100 גרם,false,,8.70,0.0087,true,1,226408
7290102398560,false,שוקו מעושר בבקבוק 1ל' טרה,מילקו תעשיות בעמ,IL,שוקו טרה מועשר 1 ליט,,1000.00,,false,,13.40,0.0134,true,1,226413
7290102399048,false,פרוסות גבינת קשקבל נעם 200 ג' טרה,מילקו,IL,קשקבל נעם 200גר,,200.00,100 גרם,false,,25.90,0.1295,true,1,226425
7290102399635,false,"מולר פרופ יוגורט ביו עם קציפת קוקוס ואננס 150 מ""ל",מולר Muller,IL,מולר פרופ טרופיקל 4.,,150.00,,false,,5.60,0.0373,true,1,226429
7290102399796,false,מעדן יוגורט לבן מועשר בחלבון 200 ג' מולר אקטיב,מולר Muller,IL,מולר אקטיב 25 יוגורט,,200.00,,false,,5.70,0.0285,true,1,226433
7290102399802,false,יוגורט עם תות מולר אקטיב מועשר בחלבון 200 גר',מולר Muller,IL,מולר אקטיב יוגורט 20,,200.00,100 גרם,false,,6.90,0.0345,true,1,226434
7290102580392,false,מנורת 60 וואט,,,מנורת 60 וואט,יחידה,0.00,יחידה,false,,4.90,0.0000,true,1,253554
7290102601547,false,כפיות פרמיום שקוף/קרם/לבן/זהב א'ר 50 דנטס,,TR,כפיות פרמיום שקוף/קר,יחידה,0.00,יחידה,false,,9.90,0.0000,true,1,197834
7290103124601,false,"תחליב רחצה נוזל חלב ודבש משאבה 750מ""ל פלמוליב",הנסיך- מפעל לייצור ט,TR,פלמוליב תחליב רחצה נ,,750.00,100 גרם,false,,21.90,0.0292,true,1,186117
7290103128739,false,בלונס צימרוני אוזניים לתינוק 50 יח',הנסיך- מפעל לייצור ט,GR,צימרוני אוזניים בלונ,,50.00,100 גרם,false,,7.90,0.1580,true,1,186145
7290103129392,false,ליידי ספיד סטיק פרש אסנס פרח הפרזיה סטיק 65 גר,ליידי ספיד סטיק Lady Speed Stick,US,ליידי ספיד סטיק פרש,יחידה,0.00,יחידה,false,,24.90,0.0000,true,1,214401
7290103400194,false,"כרוב לבן 400 גר בד""צ ירקות שטראוס","טרופיקל דגיל בע""מ אז",IL,כרוב לבן שטראוס 400ג,,400.00,,false,,11.90,0.0298,true,1,196564
7290103400231,false,"גזר 400 גר בד""צ ירקות שטראוס",תות תעשיות מזון (201,IL,גזר גוליאן בדצ שטראו,,400.00,,false,,11.90,0.0298,true,1,196566
7290103400255,false,"סלט קולסלאו 400 גרם בד""צ ירקות שטראוס","טרופיקל דגיל בע""מ אז",IL,סלט קולסלאו שטראוס 4,,400.00,,false,,11.90,0.0298,true,1,196568
7290103401429,false,קפה קצב ברזילאי אוריגינס 200 גר,הנסיך- מפעל לייצור ט,IL,קפה מגורען קצב ברזיל,,200.00,100 גרם,false,,29.90,0.1495,true,1,209134
7290103404758,false,סלט כרוב אדום אחלה 120 גרם,מיוצר עי קונדיטוריית,IL,סלט כרוב אדום אחלה 1,,200.00,100 גרם,false,,5.80,0.0290,true,1,196623
7290103408206,false,עלי חסה ערבית שטופים שטראוס 250 גרם,שטראוס בריאות ירקות,IL,עלי חסה ערבית שטופים,,250.00,,false,,12.90,0.0516,true,1,196659
7290103700195,false,שאפו רדיד אלומיניום צר 30*7.5 2יח',"שניב תעשיות נייר בע""",,רדיד אלומיניום צר 30,,2.00,,false,,10.90,5.4500,true,1,202536
7290103700324,false,שאפו זוג שקיות אוכל מתכלות בקרטון 300יח',,,טאצ זוג שקיות אוכל ב,יחידה,0.00,יחידה,false,,10.90,0.0000,true,1,202539
7290103701017,false,נייר אפיה נשלף טאצ 50 יחידות כשלפ,"שניב תעשיות נייר בע""",IL,טאצ' נייר אפייה 50 י,יחידה,0.00,יחידה,false,,10.90,0.0000,true,1,202551
7290103701055,false,כוס קרטון טאץ' ב8 או,"שניב תעשיות נייר בע""",,כוס קרטון טאץ' ב8 או,יחידה,0.00,יחידה,false,,9.90,0.0000,true,1,237287
7290103701130,false,"מארז מטליות מייקרופייבר לניקוי כללי ""טאצ'""",,,טאצ מטליות מיקרופייב,,7.00,,false,,10.90,1.5571,true,1,202553
7290103701147,false,טאצ' רדיד אלומיניום 200 מטר,שניב תעשיות,IL,רדיד אלומיניום 200 פ,יחידה,0.00,יחידה,false,,29.90,0.0000,true,1,202554
7290103702298,false,טאצ' אשפתון עבה בגליל 77*90 50 יח',"שניב תעשיות נייר בע""",,טאצ אשפתון עבה 50יח',,50.00,,false,,17.90,0.3580,true,1,202560
7290103703080,false,טאצ' מארז זוג שקיות אשפה שרוך 78/90,,,טאצ זוג שקיות אשפה ע,יחידה,0.00,יחידה,false,,17.90,0.0000,true,1,202572
7290103703905,false,ממחטות נייר טישו טוט,Unknown,,ממחטות נייר טישו טוט,יחידה,0.00,יחידה,false,,11.90,0.0000,true,1,237292
7290104061417,false,סלט חומוס עם טחינה אחלה 400 גרם,"שטראוס גרופ בע""מ",IL,חומוס טחינה אחלה קלא,,400.00,100 גרם,false,,11.90,0.0298,true,1,196690
7290104061424,false,סלט חומוס עם זעתר אחלה 400 גרם,מיוצר עי קונדיטוריית,IL,חומוס זעתר אחלה קלאס,,400.00,100 גרם,false,,11.90,0.0298,true,1,196691
7290104061431,false,סלט חומוס עם צנובר אחלה 400 גרם,"שטראוס גרופ בע""מ",IL,חומוס צנובר אחלה קלא,,400.00,100 גרם,false,,11.90,0.0298,true,1,196692
7290104061448,false,סלט חומוס עם חריף אחלה 400 גרם,מיוצר עי קונדיטוריית,IL,חומוס חריף אחלה קלאס,,400.00,,false,,11.90,0.0298,true,1,196693
7290104062599,false,מארז 8 יחידות מעדן גמדים בטעמי תות ובננה,שטראוס דנונה,IL,גמדים תות בננה 8*100,,800.00,,false,,19.90,0.0249,true,1,196702
7290104065187,false,אבקה להכנת משקה קפה בטעם מוקה,STRAUSS-ISRAEL,IL,קפה נמס בטעם מוקה על,,200.00,100 גרם,false,,27.90,0.1395,true,1,209270
7290104065934,false,עלי רוקט שטראוס 150 גרם,שטראוס בריאות ירקות,IL,שטראוס עלי רוקט 150ג,,150.00,,false,,12.90,0.0860,true,1,196730
7290104066566,false,טחינה משומשום מלא 500 ג' אחלה,מיוצר עי קונדיטוריית,IL,טחינה משומשום מלא אח,,400.00,,false,,16.90,0.0422,true,1,196738
7290104068539,false,מאסט פליפטופ מלון ואבטיח ללא גרעינים,"שטראוס גרופ בע""מ",IL,מסטיק מאסט מלון ואבט,,28.00,100 גרם,false,,5.00,0.1786,true,1,209319
7290104068546,false,גומי מאסט בטעם לימון קולה ללא סוכר 28 ג' עלית,"שטראוס גרופ בע""מ",IL,מסטיק מאסט קולה 28גר,,28.00,100 גרם,false,,5.00,0.1786,true,1,209320
7290104501661,false,אינסטנט פודינג בטעם וניל צרפתי אסם 80 גרם,מיוצר עי קונדיטוריית,IL,פודינג וניל צרפתי אס,,80.00,,false,,6.30,0.0787,true,1,177752
7290104504228,false,מארז אריזות מיני חטיף דובונים - 5 יח',"אסם תעשיות בע""מ",IL,דובונים מולטיפק אסם,,100.00,100 גרם,false,,14.90,0.1490,true,1,177793
7290104508943,false,במבה חטיף בוטנים אסם 200 גרם,"אסם תעשיות בע""מ",IL,במבה אסם 200גרם,,200.00,100 גרם,false,,10.50,0.0525,true,1,244655
7290104721533,false,רצועות פלפלים קלויים אחלה 400 ג',מיוצר עי קונדיטוריית,IL,פלפלים קלויים אחלה ט,,400.00,,false,,16.90,0.0422,true,1,196779
7290104721762,false,מארז קפה טורקי עלית 3*85 גר,שטראוס גרופ,IL,קפה טורקי עלית מארז,,255.00,100 גרם,false,,19.90,0.0780,true,1,209349
7290104721953,false,לקט מסולסלים ירקות שטראוס 350 גרם,תות תעשיות מזון (201,IL,לקט מסולסלים ירקות ש,,350.00,100 גרם,false,,13.90,0.0397,true,1,196785
7290104726262,false,מארז 4 יחידות דני לשתייה בטעם שוקולד + קשים,מיוצר עי קונדיטוריית,IL,דני תות לשתיה מארז ר,יחידה,500.00,יחידה,false,,11.90,0.0238,true,1,196836
7290104855610,false,תבניות מאפינס,,,תבניות מאפינס,יחידה,0.00,יחידה,false,,12.90,0.0000,true,1,252436
7290104960239,false,"תחליב רחצה נקה 7 ארומה לבן 750 מ""ל","אמיליה קוסמטיקס בע""מ",IL,נקה 7 תחליב רחצה ארו,,750.00,100 גרם,false,,13.90,0.0185,true,1,181212
7290104960246,false,"נקה 7 - תחליב רחצה ורד ויסמין 750 מ""ל","אמיליה קוסמטיקס בע""מ",IL,נקה 7 תחליב רחצה ארו,,750.00,100 גרם,false,,14.90,0.0199,true,1,181213
7290104960253,false,"תחליב רחצה נקה 7 לבנדר סגול 750מ""ל","אמיליה קוסמטיקס בע""מ",IL,נקה 7 תחליב רחצה ארו,,750.00,100 גרם,false,,13.90,0.0185,true,1,181214
7290104960338,false,"נקה 7 תחליב רחצה ארומה אלוורה ותה ירוק 750מ""ל","אמיליה קוסמטיקס בע""מ",IL,נקה 7 תחליב רחצה ארו,,750.00,,false,,13.90,0.0185,true,1,181215
7290104960352,false,"נקה 7 תחליב רחצה ארומה שקד וניל 750מ""ל","אמיליה קוסמטיקס בע""מ",IL,נקה 7 תחליב רחצה ארו,,750.00,,false,,13.90,0.0185,true,1,181217
7290104961205,false,"נקה 7 תחליב רחצה מגע קטיפה מ""לפפון קיווי 750 מ""ל","אמיליה קוסמטיקס בע""מ",IL,נקה 7 תחליב רחצה מגע,,750.00,,false,,13.90,0.0185,true,1,181220
7290104963223,false,סופטקר - אל סבון עדין לתינוק לעור רגיש 1 ליטר,החברה הדרומית,IL,אל סבון קלאסי לתינוק,,1000.00,100 גרם,false,,18.90,0.0189,true,1,181253
7290104963650,false,סופטקר - שמפו אל דמע 1 ליטר,סופטקר Softcare,IL,סופטקר שמפו אל דמע 1,,1000.00,,false,,27.90,0.0279,true,1,181254
7290105360328,false,קפסולות אספרסו חזק למכונות נספרסו 10 יח',הנסיך- מפעל לייצור ט,IL,קפסולות מס'10 חזק וע,יחידה,0.00,יחידה,false,,19.90,0.0000,true,1,209434
7290105362339,false,"שמנת לבישול 15% 250 מ""ל יטבתה מהדרין",שטראוס גרופ,IL,שמנת לבישול 15% יטבת,,250.00,100 גרם,false,,9.90,0.0396,true,1,196910
7290105363602,false,מקלות כיף כף קלאסי עלית 40 גרם,"איי, בי, אינבוו",TR,כיף כף מקלות קלאסי 4,,40.00,100 גרם,false,,5.90,0.1475,true,1,209469
7290105364289,false,מקלות כיף כף פצפוצים עלית 40 גרם,"איי, בי, אינבוו",TR,כיף כף מקלות פצפוצים,,40.00,,false,,5.90,0.1475,true,1,209472
7290105364302,false,"עלית חטיף שוקולד כיף כף מקלות אגוזים, 40 גרם","איי, בי, אינבוו",TR,כיף כף מקלות אגוזים,,40.00,100 גרם,false,,5.90,0.1475,true,1,209473
7290105366023,false,סלט חצילים בטעם כבד אחלה 400 גרם,מיוצר עי קונדיטוריית,IL,חציל טעם כבד אחלה טע,,400.00,,false,,16.90,0.0422,true,1,196952
7290105366047,false,טחינה אחלה לבנה 400 גר',מיוצר עי קונדיטוריית,IL,טחינה לבנה אחלה טעמי,,400.00,100 גרם,false,,16.90,0.0422,true,1,196954
7290105366993,false,סימפוניה גבינת שמנת פלפל שיפקה 5% שטראוס 200 גרם,"שטראוס בריאות בע""מ",IL,גבינת סימפוניה פלפל,,200.00,,false,,11.90,0.0595,true,1,196963
7290105368225,false,חומוס עם פלפל שיפקה אחלה 400 ג',מיוצר עי קונדיטוריית,IL,חומוס עם פלפל שיפקה,,400.00,,false,,11.90,0.0298,true,1,196995
7290105368331,false,מעדן מילקי בטעם תות עם קצפת,מחלבת אחיהוד,IL,"מילקי תות 170מ""ל",,170.00,100 גרם,false,,2.90,0.0171,true,1,196997
7290105368904,false,"שמנת מתוקה להקצפה 32% שומן 250 מ""ל יוטבתה",שטראוס גרופ,IL,שמנת מתוקה להקצפה 32,,500.00,100 גרם,false,,7.90,0.0158,true,1,197014
7290105368928,false,"שמנת 9% שומן 200 מ""ל יוטבתה",שטראוס גרופ,IL,שמנת 9% יטבתה 200מל,,200.00,100 גרם,false,,3.50,0.0175,true,1,197016
7290105369130,false,סימפוניה גבינת שמנת בצל ירוק 5% שטראוס 200 גרם,"שטראוס בריאות בע""מ",IL,גבינת סימפוניה בצל י,,200.00,,false,,11.90,0.0595,true,1,197026
7290105431516,false,מארז חטיף פריי תמרים ובוטנים ללא גלוטן ותוספת סוכר 125 גרם,טבעית מוצרים מן הטבע,IL,פרי חטיף תמרים בוטני,,125.00,,false,,18.90,0.1512,true,1,186162
7290105431868,false,"פלמוליב ספא קוקוס גרגרים נוזלי 500 מ""ל",הנסיך- מפעל לייצור ט,TR,פלמוליב תחליב רחצה ס,,500.00,,false,,17.90,0.0358,true,1,186167
7290105439499,false,מאסטר שף מאסטר שף מיונז 480 גר כשלפ,רמיה סי.וי. הולנד,NL,מיונז מאסטר שף 480 ג,,480.00,,false,,12.90,0.0269,true,1,186190
7290105439505,false,מאסטר שף קרם בטעם מיונז לייט 479 גר כשלפ,רמיה סי.וי. הולנד,NL,ממרח מיונז לייט מאסט,,479.00,,false,,12.90,0.0269,true,1,186191
7290105691224,false,אסם חטיפי פריכונים טורטייה שום בצל 60 גרם,"מיוצר ע""י PT, משווק",IL,פריכונים חטיפי טורטי,,60.00,100 גרם,false,,9.70,0.1617,true,1,177863
7290105691248,false,אסם חטיפי פריכונים טורטייה תירס 60 גרם,"מיוצר ע""י PT, משווק",IL,פריכונים חטיפי טורטי,,60.00,100 גרם,false,,9.70,0.1617,true,1,177864
7290105691712,false,אסם עוגיות הפסקת קפה דגנים מלאים 230 גרם,היינץ צפון אמריקה מק,IL,עוגיות הפסקת קפה דגנ,,230.00,100 גרם,false,,13.50,0.0587,true,1,177873
7290105691934,false,קמח שמרים אסם 1 קילו,תאי פרזידנט פוד פאבל,IL,קמח שמרים אסם 1קג,,1000.00,100 גרם,false,,11.90,0.0119,true,1,177881
7290105693341,false,מארז עשיריית במבה אסם 25*10 גרם,"אסם תעשיות בע""מ",IL,*מבצע* במבה מארז אסם,,250.00,,false,,16.00,0.0640,true,1,177904
7290105693457,false,עוגת הבית דמקה שוקו וניל אסם 320 גרם,מיוצר עי קונדיטוריית,IL,עוגת הבית דמקה שוקו,,320.00,100 גרם,false,,15.90,0.0497,true,1,177906
7290105693952,false,פירורית זהב אסם זהב שומשום 200 ג',מיוצר עי קונדיטוריית,IL,פירורית זהב שומשום א,,200.00,,false,,6.90,0.0345,true,1,177916
7290105695024,false,פתיתים אפויים אורז עם אטריות אסם 500 גרם,"אסם תעשיות בע""מ",IL,פתיתים אפויים אורז ע,,500.00,100 גרם,false,,8.60,0.0172,true,1,177941
7290105695321,false,עוגת הבית בראוניס פאדג' אסם 380 גרם,מיוצר עי קונדיטוריית,IL,עוגות הבית בראוניס פ,,380.00,,false,,18.90,0.0497,true,1,177947
7290105965738,false,יוגורט לשתיה בטעם תות בננה267 ג' דנונה,מיוצר עי קונדיטוריית,IL,דנונה לשתיה תות בננה,,250.00,,false,,5.50,0.0220,true,1,197073
7290105966469,false,"חומץ בלסמי יד מרדכי 250 מ""ל",אצטייה ג'וזפה קרמוני,IT,חומץ בלסמי יד מרדכי,,2500.00,,false,,17.90,0.0072,true,1,209585
7290105968098,false,"סלט קולסלאו 500 גרם ""אחלה""",שטראוס גרופ סלטים,IL,קולסלאו אחלה 500גר,,500.00,100 גרם,false,,16.90,0.0338,true,1,197098
7290105968654,false,רביולי בטטה פרווה פסטה נונה 400 ג',מיוצר עי קונדיטוריית,IL,רביולי בטטה שטראוס 4,,400.00,100 גרם,false,,22.90,0.0572,true,1,197099
7290105968777,false,פריכיות 5 דגנים עם תחתית שוקולד מריר 70 גרם,"טחנת האבן תעשיות בע""",IL,פריכיות תחתית שוקולד,,80.00,100 גרם,false,,8.90,0.1113,true,1,209603
7290106269712,false,לסרה מים מיסלריים מועשר בתה ירוק ומלפפונים,,,מים מיסלריים לסרה,יחידה,0.00,יחידה,false,,19.90,0.0000,true,1,252476
7290106269736,false,לסרה מסיר איפור דו פאזי מועשר בתה ירוק ומל,,,מסיר איפור דו פאזי,יחידה,0.00,יחידה,false,,19.90,0.0000,true,1,252477
7290106269897,false,כפופת ניטריל שחורות,,,כפופת ניטריל שחורות,יחידה,0.00,יחידה,false,,24.90,0.0000,true,1,252483
7290106520066,false,רבע לשבע במילוי קרם אגוזים ובציפוי שוקולד חלב,הגביע מוצרי וופלים ב,IL,רבע לשבע גלילי וופל,,160.00,,false,,13.90,0.0869,true,1,209606
7290106520288,false,יוגורט פרו חלבון עם תות 2.4% שומן 150 ג' דנונה,"שטראוס בריאות בע""מ",IL,דנונה WOW תות 150 ג,,150.00,100 גרם,false,,4.90,0.0327,true,1,197101
7290106520912,false,"שמנת לבישול 9% 250 מ""ל יטבתה",שטראוס גרופ,IL,שמנת לבישול 9% יטבתה,,250.00,100 גרם,false,,9.90,0.0396,true,1,197118
7290106521049,false,אחלה טעמי השוק קוביות סלק 400 גר,מיוצר עי קונדיטוריית,IL,סלטי קוביות סלק אחלה,,400.00,,false,,16.90,0.0422,true,1,197127
7290106524439,false,"תפוצ'יפס פופס 60 גרם ""עלית""","שטראוס פריטו ליי בע""",IL,תפוציפס פופס 60גר,,60.00,100 גרם,false,,4.50,0.0750,true,1,226394
7290106525320,false,אבקת שוקולית לאפייה קופסא 500ג' עלית,הנסיך- מפעל לייצור ט,IL,שוקולית לאפיה 500גר,,500.00,100 גרם,false,,18.90,0.0378,true,1,214417
7290106526822,false,פריכיות אורז חום מלא תחתית שוקולד חלב 80 גרם,"טחנת האבן תעשיות בע""",IL,פריכיות עם תחתית שוק,,80.00,100 גרם,false,,8.90,0.1113,true,1,209661
7290106528567,false,"דוריטוס גריל 185 גרם ""עלית""",שטראוס פריטו ליי (מל,IL,דוריטוס גריל 185גר,,185.00,,false,,8.90,0.0481,true,1,184346
7290106528949,false,לקט ערוגות 450 גרם שטראוס,שטראוס בריאות ירקות,IL,לקט ערוגות שטראוס 45,,450.00,,false,,12.90,0.0287,true,1,197179
7290106571921,false,עוגיות פיטנס עוגיות חמוציות 180 גר',מיוצר עי קונדיטוריית,IL,פיטנס עוגיות חמוציות,,180.00,,false,,12.90,0.0717,true,1,177975
7290106572027,false,אוסם - לחמית חמישה דגנים 190 גרם,"אסם תעשיות בע""מ",IL,לחמית חמישה דגנים אס,,190.00,100 גרם,false,,9.90,0.0521,true,1,177979
7290106572997,false,"קמח שמרים לפיצה ופוקצ'ה אסם 1ק""ג","קוד יצרן TKMB, משווק",IL,קמח שמרים לפיצה ופוק,,1000.00,100 גרם,false,,11.90,0.0119,true,1,177992
7290106573277,false,חטיף קרקר קריספי עם זיתים כבושים,מיוצר עי קונדיטוריית,IL,קריספי טאפאס זיתים א,,150.00,,false,,12.90,0.0860,true,1,177998
7290106573314,false,חטיף קריספי בטעם כפרי 150 ג' אסם,מיוצר עי קונדיטוריית,IL,קריספי טאפאס כפרי אס,,150.00,100 גרם,false,,12.90,0.0860,true,1,178000
7290106573598,false,צבר חומוס לבנוני 400 גרם,סלטי צבר,IL,חומוס לבנוני צבר 400,,400.00,100 גרם,false,,13.90,0.0348,true,1,178004
7290106573628,false,צבר חומוס עם טחינה 400 גרם,לחמנו,IL,חומוס עם טחינה צבר 4,,400.00,,false,,13.90,0.0348,true,1,178005
7290106574793,false,עוגת הבית בטעם שוקו-שוקוצ'יפס 350 ג' אסם,מיוצר עי קונדיטוריית,IL,עוגת הבית שוקו שוקוצ,,350.00,,false,,15.90,0.0454,true,1,178027
7290106574953,false,בייגלה שטוחים כעכים שטוחים עם שומשום,מיוצר עי קונדיטוריית,IL,בייגלה שטוחים שומשום,,300.00,100 גרם,false,,12.50,0.0417,true,1,178028
7290106574977,false,בייגלה שטוחים כעכים שטוחים עם מלח,מיוצר עי קונדיטוריית,IL,בייגלה שטוחים עם מלח,,300.00,100 גרם,false,,12.50,0.0417,true,1,178029
7290106575257,false,עוגת הבית סופלה בטעם שוקולד 340 ג' אסם,מיוצר עי קונדיטוריית,IL,עוגת הבית סופלה בטעם,,340.00,,false,,15.90,0.0468,true,1,178035
7290106575431,false,עוגת הבית סופלה בטעם שוקוניל 340 ג' אסם,מיוצר עי קונדיטוריית,IL,עוגת הבית סופלה בטעם,,340.00,,false,,15.90,0.0468,true,1,178041
7290106576223,false,"אפרופו שוקולד 40 גרם ""אסם""",מיוצר עי קונדיטוריית,IL,אפרופו שוקולד אסם 40,,40.00,100 גרם,false,,5.50,0.1375,true,1,178052
7290106576513,false,סלט חומוס צבר 400 גר,סלטי צבר,IL,חומוס צבר 400גר,,400.00,,false,,11.90,0.0298,true,1,178059
7290106576537,false,חומוס מסעדות צבר 700 גרם,סלטי צבר,IL,חומוס מסעדות צבר 700,,700.00,,false,,12.90,0.0184,true,1,178060
7290106576797,false,"לה קרמריה גלידת וניל איטלקי כשל""פ 1.4ל'",תות תעשיות מזון (201,IL,לה קרמריה וניל איטלק,,1400.00,,false,,23.90,0.0171,true,1,184021
7290106576834,false,גלידה לה קרמריה פונטש בננה1.4 ל' נסטלה,תות תעשיות מזון (201,IL,לה קרמריה פונטש בננה,,1400.00,,false,,23.90,0.0171,true,1,184023
7290106576919,false,גלידה קרמריה סורבה תות לימון 1.4 ליטר,לה קרמריה- נסטלה,IL,לה קרמריה סורבה תות,,1400.00,,false,,23.90,0.0171,true,1,184026
7290106576957,false,"לה קרמריה גלידת שוקו וניל פליק פרווה כשל""פ 1.4",תות תעשיות מזון (201,IL,לה קרמריה שוקו וניל,,1400.00,,false,,23.90,0.0171,true,1,184028
7290106576971,false,גלידה לה קרמריה שוקולד בלגי 1.4 ל' נסטלה,תות תעשיות מזון (201,IL,לה קרמריה שוקולד בלג,,1400.00,100 גרם,false,,23.90,0.0171,true,1,184029
7290106576995,false,גלידה סורבה לה קרמריה תות מנגו לייט 1.4 ל' נסטלה,לה קרמריה- נסטלה,IL,לה קרמריה סורבה תות,,1400.00,,false,,23.90,0.0171,true,1,184030
7290106577282,false,טחינה אמיתית מרובע 400 ג' צבר,סלטי צבר,IL,טחינה צבר 400גרם,,400.00,,false,,13.90,0.0348,true,1,178065
7290106577527,false,סלט קולסלאו כרוב לבן וגזר 400 ג' צבר,סלטי צבר,IL,סלט קולסלאו צבר 400,,400.00,,false,,13.90,0.0348,true,1,178073
7290106577541,false,צבר כרוב אדום מרובע 400גרם,סלטי צבר,IL,כרוב אדום צבר 400גרם,,400.00,100 גרם,false,,13.90,0.0348,true,1,178074
7290106577572,false,מטבוחה אמיתית מרובע 400 ג' צבר,סלטי צבר,IL,מטבוחה צבר 400גרם,,400.00,,false,,13.90,0.0348,true,1,178075
7290106578692,false,אוסם - במבה ביסלי מיקס 80 גרם,פרו מן יו פתרונות אר,IL,במבה ביסלי מיקס אסם,,80.00,100 גרם,false,,5.60,0.0700,true,1,178087
7290106653689,false,לקט לסלט אסיאתי 350 גר שטראוס,"שטראוס מזון טרי בע""מ",IL,לקט לסלט אסייתי שטרא,,350.00,,false,,12.90,0.0369,true,1,220330
7290106654099,false,מילקי CAKE עוגות אישיות במילוי קרם חלב,אירו קייקס אס פי איי,IT,מילקי קייק שמינייה 8,,272.00,,false,,20.90,0.0768,true,1,197213
7290106656727,false,עוגיות חיוכים שוקו שוקו 600 גרם,אפיפית נצרת תעשיות ב,IL,עוגיות חיוכים שוקו ב,,600.00,100 גרם,false,,18.90,0.0315,true,1,209720
7290106656734,false,עוגיות חיוכים בטעם וניל 600 ג' עלית,אפיפית נצרת תעשיות ב,IL,עוגיות חיוכים וניל ב,,600.00,100 גרם,false,,18.90,0.0315,true,1,209721
7290106660410,false,"רביולי תרד וגבינה 400 גרם ""שטראוס""",מיוצר עי קונדיטוריית,IL,רביולי תרד וגבינה שט,,400.00,,false,,22.90,0.0572,true,1,197246
7290106663121,false,"עוגה אישית במילוי קרם חלב ""מילקי קייק"" שטראוס",בובארד איטליה אס.פי.,IT,מילקי קייק 34 גר,,34.00,100 גרם,false,,3.50,0.1029,true,1,197268
7290106663503,false,יד מרדכי קונפיטורת לייט תות 230 גר,אף.סי תבליני בגליל ב,IL,קונפיטורת לייט תות י,,250.00,,false,,14.90,0.0596,true,1,209788
7290106664067,false,לאבנה עם שמן זית וזעתר 10% שטראוס 400 ג',הדקלאים אגודת שיתופי,IL,לאבנה שמן זית וזעתר,,400.00,,false,,15.50,0.0388,true,1,197276
7290106666788,false,עלית - סוכריות נוסטלגיה דבש ממולאות 80 גרם,שטראוס גרופ,PL,סוכריות נוסטלגיה דבש,,80.00,100 גרם,false,,5.90,0.0738,true,1,209812
7290106667266,false,"דוריטוס חמוץ חריף 185 גרם ""עלית""",שטראוס פריטו ליי (מל,IL,דוריטוס חמוץ חריף 18,,185.00,,false,,8.90,0.0481,true,1,184424
7290106668577,false,"מיץ לימון טבעי 250 מ""ל ""יד מרדכי""",האי נאם סי או אל.טי.,IT,מיץ לימון טבעי 250 מ,,250.00,100 גרם,false,,8.90,0.0356,true,1,214606
7290106668713,false,יוגורט עם פירות יער 3% שומן 150 ג' דנונה,מיוצר עי קונדיטוריית,IL,דנונה פירות יער 3% 1,,150.00,,false,,3.90,0.0260,true,1,197302
7290106720626,false,צ'יטוס קראנצ' בטעם גבינה - חלבי,"שטראוס פריטו ליי בע""",IL,ציטוס קראנצ בטעם גבי,,80.00,100 גרם,false,,4.90,0.0613,true,1,220889
7290106721913,false,מסטיק מאסט MUST ללא סוכר בטעם מנטה מרעננת,"שטראוס גרופ בע""מ",IL,מסטיק מאסט ריח פה צ',,66.00,100 גרם,false,,10.90,0.1652,true,1,209868
7290106721920,false,צנצנת מסטיק מאסט בטעם ספירמינט עדין 66 ג' עלית,"שטראוס גרופ בע""מ.",IL,מסטיק מאסט ספירימינט,,66.00,100 גרם,false,,10.90,0.1652,true,1,209869
7290106723689,false,עלי תרד בייבי שטראוס 200 גרם,שטראוס בריאות ירקות,IL,עלי תרד בייבי שטראוס,,200.00,,false,,12.90,0.0645,true,1,197319
7290106725867,false,"סירופ מייפל טבעי 189 מ""ל ""יד מרדכי""",קוסלסי פוד,CA,סירופ מייפל טהור 189,,189.00,,false,,34.90,0.1847,true,1,209923
7290106726178,false,יוגורט PRO עם פירות יער 2.4% 10 גרם חלבון בגביע,מיוצר עי קונדיטוריית,IL,דנונה WOW פירות יער,,150.00,100 גרם,false,,4.90,0.0327,true,1,197330
7290106727984,false,"כיף כף פצפצים בגביע 135 גרם ""עלית""",שולן צ'יקולטה גידה ס,TR,כיף כף גביע פצפצים 1,,135.00,100 גרם,false,,11.90,0.0881,true,1,209927
7290107280020,false,מטליות לחות סנו סושי לניקוי כללי שלישיה *50 יח',טרופיקל דגיל- תעשיות,IL,מגבוני ניקוי כללי סנ,יחידה,0.00,יחידה,false,,21.90,0.0000,true,1,181263
7290107280099,false,שלישיית מגבוני טואלט לחים נשטפים סנו סופט,טרופיקל דגיל- תעשיות,IL,מגבוני טואלט סופט של,יחידה,0.00,יחידה,false,,19.90,0.0000,true,1,214425
7290107280341,false,ריצפז מטליות לחות לניקוי הרצפה בניחוח מלון מפנק,"סנו מפעלי ברונוס סע""",IL,ריצפז מטליות לחות לנ,יחידה,0.00,יחידה,false,,14.90,0.0000,true,1,226279
7290107280563,false,אוקסיג'ן ג'ל לכביסה בייבי 3ל',"איי, בי, אינבוו",IL,סנו אוקסיגן בייבי 3ל,,3000.00,100 גרם,false,,34.90,0.0116,true,1,181285
7290107280761,false,נוזל לניקוי כלים בניחוח לימון רענן סנו ספארק Spark,מיוצר עי קונדיטוריית,IL,סנו ספארק משאבה לימו,,1000.00,,false,,13.90,0.0139,true,1,181300
7290107280822,false,סנו ריצפז פרש הום 2 ליטר בניחוח ספא,סנו פרש Fresh,IL,ריצפז פרש הום ספא מר,ליטרים,2.00,ליטר,false,,25.90,12.9500,true,1,181303
7290107646062,false,אבקת מרק בצל רכיבים טבעיים קנור 400 ג',יוניליוור ישראל מזון,IL,מרק בצל רכיבים טבעיי,,400.00,100 גרם,false,,25.90,0.0647,true,1,226351
7290107646895,false,קנור - רוטב פסטה נפוליטנה 415 גרם חתם סופר,קונסורזיו קאסאלאסקו,IL,רוטב עגבניות לפסטה נ,,415.00,,false,,11.90,0.0287,true,1,226356
7290107647823,false,"ברנפלקס פתיתי חיטה מלאה וסובין 500 גרם ""תלמה""",יוניליוור ישראל מזון,IL,ברנפלקס בדצ 500גר,,500.00,,false,,23.90,0.0478,true,1,226369
7290107648981,false,רוטב עגבניות קלאסי פומודורו 415 ג' קנור,מיוצר עי קונסורזייו,IL,רוטב לפסטה פומודורו,,415.00,100 גרם,false,,11.90,0.0287,true,1,236287
7290107871297,false,אוסם - מיני פריכונים עשבי תיבול 25 גרם,"מיוצר ע""י PT, משווק",IL,פירכונים מיני עשבי ת,,25.00,,false,,4.70,0.1880,true,1,178120
7290107871532,false,מאגדת קרחונים דובדבן מלון 10 יח' נסטלה,גלידות נסטלה (נגה גל,IL,קרחוני דובדבן מלון נ,,800.00,100 גרם,false,,18.90,0.0236,true,1,184046
7290107871990,false,"פסטה צינורות 500 גרם ""אסם""",פסטה זארה,IT,פסטה צינורות אסם 500,,500.00,100 גרם,false,,7.60,0.0152,true,1,178131
7290107874427,false,אוסם - מיני פריכונים זעתר 25 גרם,פרח תעשיות מזון,IL,פריכונים מיני זעתר א,,25.00,100 גרם,false,,4.70,0.1880,true,1,178169
7290107874441,false,פריכונים מיני בצל מקורמל 25 גרם אסם,"מיוצר ע""י PT, משווק",IL,פריכונים מיני בצל מק,,25.00,100 גרם,false,,4.70,0.1880,true,1,178170
7290107874502,false,ביסלי גריל קדמ. מארז אחיד 10 4*55 גרם,מיוצר עי קונדיטוריית,IL,ביסלי גריל מארז אסם,,220.00,100 גרם,false,,13.90,0.0632,true,1,178171
7290107876889,false,אוסם - במבה במילוי קרם נוגט 45 גרם,"אסם השקעות בע""מ",IL,במבה במילוי קרם נוגט,,45.00,,false,,4.90,0.1089,true,1,228255
7290107877619,false,מארז במבה במילוי קרם נוגט 5*30ג' אסם,"אסם תעשיות בע""מ",IL,במבה במילוי קרם נוגט,,150.00,,false,,15.90,0.1060,true,1,178218
7290107879569,false,קרחון לה פרוטה שרבט מנגו מאגדת 5יח',המאפיה של הרמן,IL,מאגדת לה פרוטה מנגו,יחידה,0.00,יחידה,false,,27.90,0.0000,true,1,184066
7290107921886,false,קרסוליות כותנה,,,קרסוליות כותנה,יחידה,0.00,יחידה,false,,10.00,0.0000,true,1,252513
7290107931397,false,כיף כף פצפוצים במילוי שוקולד 40 גרם,שולן צ'יקולטה גידה ס,TR,כיף כף פצפצים 40גר,,40.00,100 גרם,false,,5.90,0.1475,true,1,209956
7290107932080,false,חלב מועשר יוטבתה בבקבוק 3% 1 ליטר,מחלבת יטבתה,IL,חלב מועשר בבקבוק 3%,,1000.00,100 גרם,false,,7.90,0.0079,true,1,197368
7290107932134,false,חלב מועשר יוטבתה בבקבוק 1% 1 ליטר,מחלבת יטבתה,IL,חלב מועשר בבקבוק 1%,,1000.00,,false,,7.90,0.0079,true,1,197370
7290107933155,false,הירק של מוטקה סלנובה,שטראוס בריאות ירקות,IL,לקט סלנובה 200גר,,200.00,100 גרם,false,,14.90,0.0745,true,1,197372
7290107934473,false,מארז 8 יח' אקטיביה יוגורט קרמי 1.5% שומן,דנונה - שטראוס,IL,אקטיביה מארז שמינייה,,1200.00,,false,,21.90,0.0182,true,1,197386
7290107936309,false,דנונה יוגורט 7% יווני לבן 130 ג',"שטראוס בריאות בע""מ",IL,דנונה יווני לבן 130ג,,130.00,,false,,3.90,0.0300,true,1,197397
7290107936958,false,עד חצות ביסקוויט אצבעות שוקולד 125 גרם,הדקלאים אגודת שיתופי,FR,עד חצות ביסקוויט אצב,,125.00,,false,,11.90,0.0952,true,1,228453
7290107936965,false,עיגולים עד חצות עם שוקולד חלב 225 גר,ביסקווטרי עוגיות סנט,FR,עד חצות ביסקוויט עיג,,225.00,,false,,14.90,0.0662,true,1,228454
7290107937542,false,משקה יוגורט אקטיביה עם תות 1.2% שומן,מיוצר עי קונדיטוריית,IL,אקטיביה משקה תות 1.2,,265.00,100 גרם,false,,5.50,0.0208,true,1,197404
7290107937856,false,קפסולות 11חזק למכונות נספרסו עלית 10יח',הנסיך- מפעל לייצור ט,IL,קפסולות עלית מס 11 ל,יחידה,0.00,יחידה,false,,19.90,0.0000,true,1,210001
7290107938396,false,"אקטימל משקה פרוביוטי תות 100X8 מ""ל",מיוצר עי קונדיטוריית,IL,אקטימל תות שמינייה ב,,864.00,100 גרם,false,,21.90,0.0253,true,1,197410
7290107939027,false,גזר דק דק 250 גרם שטראוס,שטראוס בריאות ירקות,IL,גזר דק דק ירקות שטרא,,250.00,,false,,11.90,0.0476,true,1,197416
7290107940030,false,"חומוס אחלה מופחת שומן 650 גרם ""אחלה""",שטראוס גרופ,IL,חומוס אחלה 650גר,,650.00,,false,,10.90,0.0168,true,1,226650
7290107940467,false,אקטיביה יוגורט 1.5% שומן 200 ג' דנונה,מיוצר עי קונדיטוריית,IL,אקטיביה 1.5% 200גר,,200.00,,false,,3.90,0.0195,true,1,197438
7290107941259,false,"עדשים ירוקות מבושלות 475 גרם ""טעם הטבע",הורקסה לס לגונס דה ס,ES,עדשים ירוקות מבושלות,,475.00,100 גרם,false,,12.90,0.0272,true,1,197448
7290107941266,false,שעועית אדומה מבושלת 475 גר שטראוס,הורקסה לס לגונס דה ס,ES,שעועית אדומה מבושלת,,475.00,,false,,14.90,0.0314,true,1,197449
7290107941273,false,"חומוס מבושל 475 גרם ""טעם הטבע",הורקסה לס לגונס דה ס,ES,חומוס מבושל שטראוס 4,,475.00,,false,,12.90,0.0272,true,1,197450
7290107943192,false,"שמנת חמוצה מהערבה 27% שומן 200 מ""ל יטבתה",מחלבת יטבתה,IL,שמנת חמוצה מהערבה 27,,200.00,100 גרם,false,,4.40,0.0220,true,1,226651
7290107943369,false,קוואקר שיבולת שועל ללא גלוטן 511 גרם,היידי שוקולד בירונטי,US,קוואקר שיבולת שועל ל,,511.00,100 גרם,false,,19.90,0.0389,true,1,226397
7290107944472,false,סימפוניה גבינה במרקם שמנת 5% שום שמיר,"שטראוס בריאות בע""מ",IL,גבינת סימפוניה שום ש,,200.00,,false,,11.90,0.0595,true,1,197472
7290107945165,false,קונפיטורת יד מרדכי משמש 340 גר,אף.סי תבליני בגליל ב,IL,קונפיטורת משמש יד מר,,340.00,,false,,14.90,0.0438,true,1,220434
7290107950190,false,מעדן חלב דל קלוריות בטעם שוקולד מריר 0.5% שומן,מיוצר עי קונדיטוריית,IL,מעדן שטראוס דיאט שוק,,130.00,100 גרם,false,,3.40,0.0262,true,1,197481
7290107950206,false,מעדן שטראוס דיאט 0% שוקולד 130ג',מיוצר עי קונדיטוריית,IL,מעדן שטראוס דיאט שוק,,130.00,100 גרם,false,,3.40,0.0262,true,1,197482
7290107953559,false,קפה טורקי עלית לדרך שקיות 24X7ג',הנסיך- מפעל לייצור ט,IL,מארז קפה טורקי לדרך,,168.00,,false,,19.90,0.1185,true,1,228475
7290107954709,false,"קונפיטורת פירות יער ""יד מרדכי"" 340 גר'",יד מרדכי,,קונפיטורת פירות יער,,340.00,100 גרם,false,,14.90,0.0438,true,1,221686
7290107956642,false,"תרסיס שמן זית 150 מ""ל ""יד מרדכי""",פארייפאבה אגרואינדוס,ES,"תרסיס שמן זית 150 מ""",,150.00,,false,,18.90,0.1260,true,1,228484
7290107956901,false,קפסולות בטעם אגוזים למכונות נספרסו 50 גר,שטראוס גרופ,IL,קפסולות אספרסו בטעם,,150.00,,false,,19.90,0.1327,true,1,228488
7290107956932,false,קפסולות אספרסו אידונזיה למכונות 50 גר,שטראוס קפה בי.וי,IL,קפסולות קפה עלית איד,,50.00,,false,,19.90,0.3980,true,1,228490
7290107957991,false,מילקי CAKE מיניס קרם חלב בציפוי שוקולד חלב שקית 16X9ג',בובארד איטליה אס.פי.,IT,מילקי מינייס מארז 6י,,144.00,,false,,14.90,0.1035,true,1,226660
7290107958035,false,יוגורט במתיקות מעודנת 2% ללא תוספת סוכר- מארז 8 יח,דנונה - שטראוס,IL,דנונה מארז שמינייה מ,,1200.00,100 גרם,false,,19.90,0.0166,true,1,226661
7290107971539,false,חטיף בוטנים וקשיו עם שוקולד מריר ללא גלוטן,אמקו סאם מילס ספול.,CZ,חטיף פריי בוטנים וקש,,140.00,,false,,16.90,0.1207,true,1,186210
7290107973311,false,קולגייט מברשת שיניים 360 פחם זהב זוג,הנסיך- מפעל לייצור ט,CN,מברשת קולגייט 360 פח,יחידה,0.00,יחידה,false,,34.90,0.0000,true,1,186226
7290108350128,false,סנו סושי שקיות אשפה חזקות במיוחד 40 יח',מיוצר עי קונדיטוריית,IL,שקיות אשפה סנו סושי,,40.00,,false,,29.90,0.7475,true,1,181305
7290108350142,false,סנו סושי שקיות רב שימושיות 270 יחידות 25*35 ס''מ,אשפלסט תעשיות,IL,שקיות סנו סושי רב שי,,270.00,,false,,14.90,0.0552,true,1,181307
7290108350531,false,סנו ספארק נוזל כלים בניחוח קלאסי עם משאבה 1 ל',מיוצר עי קונדיטוריית,IL,סנו ספארק משאבה קלאס,,1000.00,,false,,13.90,0.0139,true,1,214435
7290108350616,false,סנו - מקסימה מרכך כביסה מרוכז פריחה כחולה 1 ליטר,"סנו מפעלי ברונוס בע""",IL,סנו מקסימה בלו בלוסו,,1000.00,,false,,20.90,0.0209,true,1,181316
7290108350623,false,מרכך כביסה סופר מרוכז סופט סילק מקסימה 1 ל' סנו,"סנו מפעלי ברונוס בע""",IL,סנו מקסימה סופט סילק,,1000.00,100 גרם,false,,20.90,0.0209,true,1,181317
7290108350722,false,אורביטול גוניור משחת שיניים בוב ספוג 70ג,טרופיקל דגיל קוסמטיק,IL,אורביטול משחת שיניים,,70.00,,false,,9.90,0.1414,true,1,229158
7290108351156,false,סנו - ג'ט לניקוי כללי ורצפות בתוספת חומץ 1.5 ליטר,"סנו מפעלי ברונוס בע""",IL,סנו ג'ט פלוס לניקוי,ליטרים,1.50,ליטר,false,,15.90,10.6000,true,1,220463
7290108351507,false,מרכך כביסה מקסימה סופט סילק 4 ל' סנו,סנו מקסימה,IL,סנו מקסימה מרכך כביס,ליטרים,4.00,ליטר,false,,23.90,5.9750,true,1,229159
7290108351514,false,מרכך כביסה בבישום עוצמתי פריחה כחולה,סנו מקסימה,IL,סנו מקסימה מרכך כביס,ליטרים,4.00,ליטר,false,,23.90,5.9750,true,1,181327
7290108351552,false,"סנו - ג'ט לניקוי כללי בתוספת חומץ בניחוח לבנדר 750 מ""ל","סנו מפעלי ברונוס בע""",IL,סנו ג'ט פלוס עם חומץ,,750.00,100 גרם,false,,14.90,0.0199,true,1,229160
7290108351569,false,מבשם ומרכך למייבש כביסה Baby לתינוקות ולעור רגיש,"סנו מפעלי ברונוס בע""",IL,סנו מקסימה למייבש בי,,750.00,,false,,21.90,0.0292,true,1,234617
7290108351583,false,"סנו - ג'ט פלוס חומץ ג'ל לניקוי אסלות לבנדר 750 מ""ל",טרופיקל דגיל תעשיות,IL,סנו גט+לניקוי אסלות,,750.00,,false,,14.90,0.0199,true,1,229162
7290108351613,false,סנו ריצפז פרש הום 2 ליטר בניחוח מלון חלומי,"סנו מפעלי ברונוס בע""",IL,ריצפז פרש הום בניחוח,ליטרים,2.00,ליטר,false,,25.90,12.9500,true,1,229165
7290108351699,false,סנו - ג'ט מטליות לחות לניקוי כללי בתוספת חומץ לבנדר שלישיה,סנו מפעלי ברונוס על,IL,מגבוני ניקוי ג'ט +חו,יחידה,0.00,יחידה,false,,21.90,0.0000,true,1,229169
7290108351804,false,סנו - מקסימה מרכך כביסה מרוכז ג'נטל בריז 1 ליטר,מיוצר עי קונדיטוריית,IL,סנו מקסימה סופר מרוכ,,1000.00,,false,,20.90,0.0209,true,1,229176
7290108351811,false,מקסימה מרכך כביסה סופר מרוכז פלור טאצ' 1 ליטר,מיוצר עי קונדיטוריית,IL,סנו מקסימה סופר מרוכ,,1000.00,100 גרם,false,,20.90,0.0209,true,1,229177
7290108351835,false,מרכך כביסה בבישום עוצמתי פלורל טאצ',מיוצר עי קונדיטוריית,IL,סנו מקסימה מרכך כביס,,4000.00,,false,,23.90,0.0060,true,1,229178
7290108351996,false,"חיטוי בייבי 99.9% לחיטוי וניקוי בסביבת תינוקות 750 מ""ל",החברה הדרומית,IL,מתז חיטוי וניקוי בסב,,750.00,100 גרם,false,,17.90,0.0239,true,1,229188
7290108352146,false,"סנובון נוזלי בניחוח מגנוליה ונרולי 750 מ""ל",סנו מפעלי ברונוס בעמ,IL,סנובון נוזלי בניחוח,,750.00,100 גרם,false,,11.90,0.0159,true,1,229194
7290108352207,false,מקסימה קפסולות לכביסה פלורל 40 יחידות,טרופיקל דגיל תעשיות,IL,סנו מקסימה 40 קפסולו,,40.00,,false,,35.90,0.8975,true,1,229196
7290108352214,false,סנו - מקסימה קפסולות כביסה בניחוח בריזה מרעננת 40 יח',טרופיקל דגיל תעשיות,IL,סנו מקסימה 40 קפסולו,,40.00,,false,,35.90,0.8975,true,1,229197
7290108352252,false,נוזל לניקוי כלים מתאים לניקוי ירקות ופירות סנו ספארק,"סנו מפעלי ברונוס בע""",IL,סנו ספארק לניקוי כלי,,1000.00,,false,,13.90,0.0139,true,1,229199
7290108352269,false,סנו מטליות לחיטוי ולניקוי בדלי 400 יחידו,החברה הדרומית,IL,דלי מטליות לחיטוי ול,יחידה,0.00,יחידה,false,,34.90,0.0000,true,1,229200
7290108352399,false,ריצפז פרש הום בניחוח מרכך כביסה פלורל טאצ',"סנו מפעלי ברונוס בע""",IL,ריצפז פרש הום בניחוח,,2000.00,100 גרם,false,,25.90,0.0129,true,1,247678
7290108352573,false,מרכך כביסה מקסימה בבישום עוצמתי 4 ל' סנו,סנו,IL,סנו מקסימה מרכך כביס,,4000.00,100 גרם,false,,23.90,0.0060,true,1,248265
7290108352672,false,מטלית הפלא לריצפה סנו סושי זוג,סנו מפעלי ברונוס.,CN,מטלית הפלא לריצפה סנ,יחידה,0.00,יחידה,false,,22.90,0.0000,true,1,229215
7290108352689,false,סנו סושי כריות קרצוף ללכלוך קשה 9 יח',טרופיקל דגיל תעשיות,US,סנו סושי כריות קרצוף,,9.00,,false,,12.90,1.4333,true,1,181331
7290108352849,false,שלישיית מטליות הפלא לניקוי כללי דקור סנו סושי,טרופיקל דגיל תעשיות,IL,סנו סושי מטלית הפלא,,3.00,,false,,16.90,5.6333,true,1,223416
7290108353099,false,ממחטות אף במארז ניילון סנו סופט 5 יח' * 100 דף,טרופיקל דגיל תעשיות,IL,סנו סופט ממחטות אף ב,יחידה,0.00,יחידה,false,,17.90,0.0000,true,1,229227
7290108353747,false,"תחליב רחצה אירוודה, בניחוח טונקה 600 מ""ל קרימה",החברה הדרומית,IL,קרמה תחליב רחצה ספא,,600.00,,false,,19.90,0.0332,true,1,249492
7290108353785,false,תחליב רחצה נקה 7 מרוקו בניחוח טונקה 750,"אמיליה קוסמטיקס בע""מ",IL,נקה 7 תחליב רחצה ריט,,750.00,100 גרם,false,,13.90,0.0185,true,1,229234
7290108353808,false,"תחליב רחצה נקה מדגסקר בניחות אמבר 750 מ""ל","אמיליה קוסמטיקס בע""מ",IL,נקה 7 תחליב רחצה -ני,,750.00,,false,,13.90,0.0185,true,1,229236
7290108353815,false,קרמה ספא תחליב רחצה מדיטציה בניחוח פצולי,החברה הדרומית,IL,קרמה תחליב רחצה ספא,,600.00,100 גרם,false,,19.90,0.0332,true,1,249493
7290108354270,false,מרכך כביסה מרוכז בבישום עוצמתי 1 ל' סנו מקסימה,מיוצר עי קונדיטוריית,IL,מקסימה מרכך כביסה מר,,1000.00,100 גרם,false,,20.90,0.0209,true,1,246921
7290108354416,false,"תחליב רחצה יוגה, בניחוח ברגמוט 600מ""ל קרימה",החברה הדרומית,IL,קרמה תחליב רחצה ספא,,600.00,100 גרם,false,,19.90,0.0332,true,1,249494
7290108354430,false,"שמפו כיף לשיקום והזנה שמן קוקוס וקרטין 700 מ""ל",קוסמופארם בעמ,IL,כיף שמפו לשיער שמן ק,,700.00,100 גרם,false,,13.90,0.0199,true,1,236247
7290108354447,false,"מרכך כיף לשיקום והזנה שמן קוקוס וקרטין 700 מ""ל",גוד פוד פרודקטס S.p,IL,כיף מרכך לשיער שמן ק,,700.00,,false,,13.90,0.0199,true,1,236248
7290108354492,false,"קרליין - שמפו 10 שמן ארגן 700 מ""ל",החברה הדרומית,IL,קרליין שמפו 10 שמן א,,700.00,100 גרם,false,,14.90,0.0213,true,1,248205
7290108354768,false,"קרמה קרם גוף דבש 500 מ""ל",מיוצר בסין.יבוא ושיו,IL,קרמה קרם גוף דבש 500,,500.00,,false,,26.90,0.0538,true,1,246596
7290108355000,false,"שמפו מיניונים לילדים נקה 7 750 מ""ל",נקה 7,IL,נקה 7 קידס שמפו מיני,,750.00,,false,,14.90,0.0199,true,1,181333
7290108355017,false,"נקה 7 מרכך לילדים מיניונים 750 מ""ל",נקה 7,IL,נקה 7 קידס מרכך מיני,,750.00,100 גרם,false,,14.90,0.0199,true,1,181334
7290108355031,false,"נקה 7 אל סבון לילדים מיניונים 750 מ""ל",נקה 7,IL,נקה 7 אל סבון קידס מ,,750.00,100 גרם,false,,14.90,0.0199,true,1,181336
7290108355260,false,"נקה 7-שמפו 3ב1 שמפו ג'ל רחצה וסבון פנים לגבר 750 מ""ל","אמיליה קוסמטיקס בע""מ",IL,נקה 7 3ב1 שמפו+ג'ל ר,,750.00,100 גרם,false,,13.90,0.0185,true,1,229263
7290108356007,false,"כיף תחליב רחצה בניחות גלידת מרשמ""לו 700 מ""ל",סנו,IL,כיף תחליב רחצה בניחו,,700.00,,false,,14.90,0.0213,true,1,229282
7290108356106,false,כיף תחליב רחצה חלב שקדים 700 מל,החברה הדרומית,IL,כיף תחליב רחצה שקד 7,,700.00,100 גרם,false,,13.90,0.0199,true,1,229291
7290108356120,false,"תחליב רחצה כיף קוקוס וניל 700 מ""ל",קוסמופארם,IL,כיף תחליב רחצה קוקוס,,700.00,,false,,13.90,0.0199,true,1,229293
7290108356137,false,"כיף - תחליב רחצה לבנדר 700 מ""ל",קוסמופארם,IL,כיף תחליב רחצה לבנדר,,700.00,100 גרם,false,,13.90,0.0199,true,1,229294
7290108356151,false,"תחליב רחצה כיף מאסק יסמין 700 מ""ל",גוד פוד פרודקטס S.p,IL,כיף תחליב רחצה מאסק,,700.00,,false,,13.90,0.0199,true,1,229296
7290108356564,false,"קרליין - מרכך 10 לשיער רגיל 700 מ""ל",החברה הדרומית,IL,קרליין מרכך 10 לשיער,,700.00,,false,,14.90,0.0213,true,1,247980
7290108356571,false,"קרליין - מרכך 10 לשיער יבש 700 מ""ל",החברה הדרומית,IL,קרליין מרכך 10 לשיער,,700.00,100 גרם,false,,14.90,0.0213,true,1,247981
7290108356588,false,קרוליין 10 מרכך לשיער מתולתל 700 מל,החברה הדרומית,IL,קרליין מרכך 10 לשיער,,700.00,100 גרם,false,,14.90,0.0213,true,1,247982
7290108356595,false,"קרליין מרכך 10 לשיער צבוע 700 מ""ל",החברה הדרומית,IL,קרליין מרכך 10 לשיער,,700.00,,false,,14.90,0.0213,true,1,247983
7290108357028,false,"תחליב רחצה כיף ורד ושמן קוקוי 700 מ""ל",קוסמופארם בעמ,IL,כיף תחליב רחצה ורד ו,,700.00,100 גרם,false,,13.90,0.0199,true,1,221813
7290108357073,false,"קרליין - נושם ביו דאודורנט ספריי 150 מ""ל Blossoms Citrus לאישה",החברה הדרומית,IL,קרליין ספריי נושם בי,,150.00,100 גרם,false,,15.90,0.1060,true,1,248201
7290108357080,false,"קרליין - נושם ביו דאודורנט ספריי 150 מ""ל Secret Garden לאישה",החברה הדרומית,IL,קרליין ספריי נושם בי,,150.00,100 גרם,false,,15.90,0.1060,true,1,248202
7290108357097,false,"קרליין - נושם ביו דאודורנט ספריי 150 מ""ל Velvet Rose לאישה",החברה הדרומית,IL,קרליין ספריי נושם בי,,150.00,100 גרם,false,,15.90,0.1060,true,1,248203
7290108357110,false,"קרליין - נושם ביו דאודורנט רול און 75 מ""ל Valvet Rose לאישה",החברה הדרומית,IL,קרליין רולאון נושם ב,,75.00,,false,,15.90,0.2120,true,1,248199
7290108357288,false,אקונומיקה ז'אוול בניחוח פריחה לבנה 4 ל' סנו,סנו ז'אוול Javel,IL,אקונומיקה סנו ז'אוול,ליטרים,4.00,ליטר,false,,17.90,4.4750,true,1,248193
7290108357400,false,"תחליב רחצה קרמה לבנדר ואקליפטוס 700 מ""ל",החברה הדרומית,IL,קרמה תחליב רחצה לבנד,,700.00,,false,,19.90,0.0284,true,1,229307
7290108357417,false,"קרמה - קרם גוף קרמה ורד ווניל 500 מ""ל",טרופיקל דגיל תעשיות,IL,קרם גוף קרמה ורד וונ,יחידה,0.00,יחידה,false,,24.90,0.0000,true,1,251125
7290108357653,false,סנובון מוצק אוקיינוס בבבלס לאסלה,סנו סנובון,IL,סנובון באבלס בניחוח,,0.00,,false,,17.90,0.0000,true,1,253648
7290108357707,false,"כיף שמפו לשיער רגיל- תפוח זרעי צ'יה 700 מ""ל",גוד פוד פרודקטס S.p,IL,כיף שמפו לשיער רגיל,,700.00,100 גרם,false,,13.90,0.0199,true,1,229309
7290108357714,false,"כיף שמפו לשיער יבש -רימונים ושמן ארגן 700 מ""ל",גוד פוד פרודקטס S.p,IL,כיף שמפו לשיער יבש ר,,700.00,,false,,13.90,0.0199,true,1,229310
7290108357776,false,"כיף מרכך לשיער יבש -רימונים ושמן ארגן 700 מ""ל",גוד פוד פרודקטס S.p,IL,כיף מרכך לשיער יבש ר,,700.00,,false,,13.90,0.0199,true,1,229315
7290108357875,false,"כיף - שמפו לחות מוגברת עם אפרסק וחמאת מורומורו 700 מ""ל",החברה הדרומית,IL,כיף שמפו לחות מוגברת,,700.00,100 גרם,false,,13.90,0.0199,true,1,248190
7290108357882,false,"כיף - מרכך לחות מוגברת עם אפרסק וחמאת מורומורו 700 מ""ל",החברה הדרומית,IL,כיף מרכך לחות מוגברת,,700.00,100 גרם,false,,13.90,0.0199,true,1,248191
7290108358070,false,"תחליב רחצה קרמה קלאסי 700 מ""ל",גוד פוד פרודקטס S.p,IL,קרמה תחליב רחצה קלאס,,700.00,100 גרם,false,,19.90,0.0284,true,1,229318
7290108358087,false,"תחליב רחצה קרמה מאסק 700 מ""ל",גוד פוד פרודקטס S.p,IL,קרמה תחליב רחצה מאסק,,700.00,,false,,19.90,0.0284,true,1,229319
7290108358124,false,דפי בישום לחים למייבש הכביסה בניחוח מרכך כביסה 20 יח' מקסימה,סנו,IL,מקסימה דפי בישום לחי,,20.00,,false,,13.90,0.6950,true,1,253645
7290108359183,false,שקית אשפה חזקות 70*50 60 יח' סנו סושי,סנו סושי,IL,שקיות אשפה עם ידית 6,יחידה,0.00,יחידה,false,,25.90,0.0000,true,1,249496
7290108359985,false,סנו - ז'אוול מרסס קצף לניקוי וחינו בניחוח פריחה לבנה 1 ליטר,סנו ז'אוול Javel,IL,סנו ז'אוול קצף ניקוי,,1000.00,,false,,21.90,0.0219,true,1,248196
7290108501346,false,"גבינת גאודה מגורדת 500 גרם ""וילי פוד""",Euro יורו מחלבות אירופה,DE,גבינת גאודה מגורדת 2,,500.00,100 גרם,false,,25.90,0.0518,true,1,229027
7290108501360,false,גבינת צ'דר בשלה MATURED ORANGE,Wyke Farms,,גבינת צדר בשלה 200גר,,200.00,,false,,19.90,0.0995,true,1,229029
7290108502862,false,מלפפונים כבושים במלח 18-25 קטנים מאוד 600 גר,זיתור סאן גירה סני ו,TR,מלפפון כבוש במלח 600,,600.00,,false,,10.90,0.0182,true,1,229075
7290108503043,false,תפוחונים חטיף פלחים מיובשים מארז 22X4ג',ינטאי זונגקאן פוד קו,CN,מארז תפוחונים 4*22 ג,,88.00,,false,,15.90,0.1807,true,1,229082
7290108503067,false,פרמזנו משולש ויליפוד,וילי פוד,IT,פרמזנו משולש 150 גרם,,150.00,,false,,15.90,0.1060,true,1,229084
7290108503159,false,גבינה כחולה עם עובש 100 גרם 31% שומן,קסוס אל פסטור,ES,גבינה כחולה עם עובש,,100.00,,false,,15.90,0.1590,true,1,229087
7290108503999,false,פרוסות גבינה בטעם גאודה לכריכים וטוסטים 150 גרם,Euro יורו מחלבות אירופה,ES,פרוסות גבינה 150ג בט,,150.00,,false,,9.90,0.0660,true,1,230255
7290108504293,false,גבינה מנצ'גו צ'אנק 150 גר',ג.וילי פוד אינטרנשיו,ES,מנצ'גו צ'אנק יורו צי,,150.00,,false,,15.90,0.1060,true,1,229114
7290108505719,false,גבינת מוצרלה מגורדת 25% שומן 200 גרם,יורו צ'יז Euro Cheese,TR,גבינת מוצרלה מגורדת,,200.00,,false,,14.90,0.0745,true,1,229134
7290108505726,false,אצבעות-גבינה חצי קשה 25% שומן 200 גרם,סאסו פטוראגס קומטויס,TR,אצבעות גבינה חצי קשה,,200.00,100 גרם,false,,14.90,0.0745,true,1,229135
7290108505733,false,צמות-גבינה חצי קשה 25% שומן 200 גרם,אונטד גידה,TR,צמות גבינה חצי קשה 2,,200.00,100 גרם,false,,14.90,0.0745,true,1,229136
7290108505740,false,גבינת קשקבל חצי קשה 25% שומן 200 גרם,Euro יורו מחלבות אירופה,TR,גבינת קשקבל חצי קשה,,200.00,,false,,14.90,0.0745,true,1,229137
7290108506488,false,סופלה שוקולד קפוא 200 גרם,ארמה גרופ,TR,פינוקים סופלה שוקולד,,200.00,100 גרם,false,,15.90,0.0795,true,1,229142
7290108506709,false,גבינת פרמג'יאנו רג'יאנו 150 גר' רבנות,וילי פוד,IT,גבינת פרמג'נו רג'אנו,,150.00,,false,,24.90,0.1660,true,1,229150
7290108508369,false,גבינת צייז לונג 200 גר,מוטיבי גידה דיירי אי,TR,גבינת צייז לונג 200,,200.00,100 גרם,false,,24.90,0.1245,true,1,244657
7290108508499,false,"איירן משקה יוגורט בסגנון טורקי יורו 293 מ""ל",Euro יורו מחלבות אירופה,TR,איירן משקה יוגורט בס,,293.00,100 גרם,false,,5.90,0.0201,true,1,245512
7290108508963,false,גבינת קשקבל מגורדת חצי קשה 200 גר,Euro יורו מחלבות אירופה,TR,גבינת קשקבל מגורדת ח,,200.00,100 גרם,false,,14.90,0.0745,true,1,245517
7290108509113,false,"גבינה בולגרית מעודנת 18% שומן 250 גרם חת""ס פ""ת",Euro יורו מחלבות אירופה,TR,גבינה בולגרית מעודנת,,250.00,100 גרם,false,,12.90,0.0516,true,1,247785
7290108509267,false,ארוחת פסטה עם רוטב גבינה 206 גרם,הנסיך- מפעל לייצור ט,UA,ארוחת פסטה עם רוטב ע,,206.00,100 גרם,false,,9.90,0.0481,true,1,252527
7290108509571,false,גבינה מלוחה עם צילי ופפריקה 24% שומן 153,,GR,גבינה מלוחה 24% עם צ,,153.00,,false,,16.90,0.1105,true,1,253810
7290108509588,false,גבינה מלוחה עם עשבי תיבול 24% שומן 153 ג,,GR,גבינה מלוחה 24% עם ע,,153.00,,false,,16.90,0.1105,true,1,253811
7290108509595,false,גבינה מלוחה עם עגבניות מיובשות וריחן 24%,,GR,גבינה מלוחה 24% עם ע,,153.00,,false,,16.90,0.1105,true,1,253812
7290109351025,false,מלך החומוס חומוסטחינה 40% טחינה גולמית,לחמנו,IL,חומוסטחינה צבר 400גר,,400.00,100 גרם,false,,15.50,0.0388,true,1,178260
7290109351971,false,פריכיות דגנים פיטנס מצופות שוקולד חלב,פרח תעשיות,IL,פריכיות שוקולד חלב פ,,84.00,,false,,14.90,0.1774,true,1,178267
7290109352916,false,פריכיות דגנים פיטנס מצופות שוקולד לבן,פרח תעשיות,IL,פריכיות שוקולד לבן פ,,84.00,,false,,14.90,0.1774,true,1,178272
7290109354057,false,קרחון לה פרוטה שרבט אננס תפוז מאגדת 5 יח',תות תעשיות מזון (201,IL,מאגדת לה פרוטה תפוז,,350.00,,false,,27.90,0.0797,true,1,184078
7290109358284,false,"שניצל תירס עם חלבון 664 גר' ""טבעול""",עיצובים 2020 (4.8),IL,שניצל תירס עם חלבון,,664.00,,false,,33.90,0.0511,true,1,228781
7290109358482,false,עוגיות קרמוגית במילוי קרם בטעם חלבה,היינץ צפון אמריקה מק,IL,קרמוגית במילוי חלווה,,200.00,,false,,12.90,0.0645,true,1,228782
7290109358765,false,דגני בוקר קראנץ' רולס נוגט 450 גרם,"אסם תעשיות בע""מ",IL,"דגני קראנץ רולס בד""ץ",,450.00,100 גרם,false,,27.90,0.0620,true,1,221049
7290109580043,false,"שניצל תירס קלאסי זוגלובק 1.75 ק""ג",זוגלובק,IL,"שניצל תירס 1.75ק""ג ז",,1750.00,100 גרם,false,,49.90,0.0285,true,1,232249
7290109580098,false,קבנוס בטעם סרירצ'ה 135 ג' זוגלובק,זוגלובק,IL,קבנוס בטעם סרירצ'ה ז,,135.00,,false,,13.90,0.1030,true,1,248012
7290109580104,false,זוגלובק פרימיום רוסטביף 150 גרם,זוגלובק,IL,רוסטביף 150 גרם פרימ,,150.00,,false,,29.90,0.1993,true,1,244922
7290109580111,false,"צלעות אסאדו מעושנות פרימיום, 120 גרם",זוגלובק,IL,צלעות אסאדו מעושנות,,120.00,,false,,29.90,0.2492,true,1,247897
7290109580135,false,קורנדביף פרימיום 180 גרם זוגלובק,זוגלובק,IL,קורנדביף 180 גרם פרי,,180.00,100 גרם,false,,29.90,0.1661,true,1,244924
7290109580166,false,סרוולד קלאסי פרימיום 150 גרם זוגלובק,זוגלובק,IL,סרוולדקלאסי 150ג פרי,,150.00,100 גרם,false,,29.90,0.1993,true,1,244921
7290109580241,false,נאגטס מן הצומח זוגלובק 500 גרם,זוגלובק טבע,IL,נאגטס מן הצומח 500גר,,500.00,,false,,25.90,0.0518,true,1,249079
7290109580432,false,פסטרמה חזה הודו מעושן 120 גר' זוגלובק,זוגלובק,IL,פסטרמה בדחזה הודו מע,,120.00,,false,,14.90,0.1242,true,1,249077
7290109920146,false,"דורגול מסיר אבנית מקומקומים 750 מ""ל",יעקובי דורגול,,דורגול מסיר אבנית 75,,750.00,,false,,21.90,0.0292,true,1,183757
7290109920313,false,"אסטוניש מרסס לניקוי חלונות 750 מ""ל",יעקבי- אסטוניש Astonish,GB,אסטוניש מרסס מבריק ש,,750.00,100 גרם,false,,16.90,0.0225,true,1,229492
7290109920597,false,"אסטוניש - מרסס לניקוי המקלחון 750 מ""ל",יעקבי- אסטוניש Astonish,GB,אסטוניש מרסס למקלחון,,750.00,100 גרם,false,,16.90,0.0225,true,1,229495
7290109920627,false,"אסטוניש קרם ואקונומיקה לניקוי אמבטיות 500 מ""ל",יעקובי אסטוניש,GB,אסטוניש קרם אמבט אקו,,500.00,100 גרם,false,,19.90,0.0398,true,1,229497
7290109920740,false,מרכך כביסה מרוכז לבנדר הפי 1 ליטר,יעקובי הפי,,הפי מרכך כביסה מרוכז,,1000.00,100 גרם,false,,10.90,0.0109,true,1,229499
7290109921129,false,מרכך כביסה סופר מרוכז בניחות סיגליות 1 ל' יעקבי,יעקובי הפי,,הפי מרכך כביסה סופר,,1000.00,100 גרם,false,,10.90,0.0109,true,1,236374
7290109921587,false,רצפות גרניט פורצלן ייבוש מהיר ללא סימנים,וונדפוט,BE,הפי לרצפית גרנית פור,,1250.00,,false,,15.90,0.0127,true,1,229511
7290109922010,false,"אטאק ספריי מחטא אוויר משמיד חיידקים 500 מ""ל",יעקובי,TR,ספריי מחטא אוויר ומש,יחידה,0.00,יחידה,false,,19.90,0.0000,true,1,252531
7290109923147,false,אסטוניש מהדורה פרימיום פלא של אקונומיקה,יעקבי- אסטוניש Astonish,GB,אסטוניש מרסס פלא של,,750.00,,false,,15.90,0.0212,true,1,248860
7290110110277,false,"סומרסבי סיידר תפוחים אלכוהולי 4*300 מ""ל","קרלסברג קרואטיה , יב",IL,סיידר סומרסבי רביעיי,,1320.00,,false,,37.90,0.0287,true,1,232190
7290110110369,false,שישיית בירה קרלסברג LUMA בקבוק 330 מל,מבשלות בירה בינלאומי,IL,*מבצע* בירה קרלסברג,,1980.00,,false,,35.90,0.0181,true,1,232191
7290110114787,false,נביעות+ מים מינרליים בטעם תפוח 1.5 ליטר,נביעות טבע הגליל בעמ,IL,נביעות+ תפוח 1.5ליטר,,1500.00,,false,,9.90,0.0066,true,1,247504
7290110114794,false,נביעות+ מים מינרליים בטעם אפרסק 1.5 ליטר,"נביעות טבע הגליל בע""",IL,נביעות+ אפרסק 1.5ליט,,1500.00,,false,,9.90,0.0066,true,1,247505
7290110114800,false,נביעות+ מים מינרליים בטעם ענבים 1.5 ליטר,פארייפאבה אגרואינדוס,IL,נביעות+ ענבים 1.5ליט,,1500.00,,false,,9.90,0.0066,true,1,247506
7290110114824,false,נביעות+רכיבי פרי אבטיח 1.5 ליטר פיקדון,"נביעות טבע הגליל בע""",IL,נביעות+רכיבי פרי אבט,,1500.00,,false,,10.90,0.0073,true,1,247508
7290110114855,false,"נביעות מים מינרליים, שישיה 6 * 1.5 ליטר פקדון",נביעות טבע הגליל בעמ,IL,נביעות שישייה 6*1.5ל,,9000.00,100 גרם,false,,16.70,0.0019,true,1,247375
7290110114961,false,משקה קל תפוזים פריגת 1.5 ליטר,מבשלות בירה בינלאומי,IL,משקה קל בטעם תפוזים,,1500.00,100 גרם,false,,9.90,0.0066,true,1,247511
7290110114985,false,משקה קל אשכולית פריגת 1.5 ליטר,מבשלות בירה בינלאומי,IL,משקה קל בטעם אשכוליו,,1500.00,100 גרם,false,,9.90,0.0066,true,1,247513
7290110114992,false,משקה קל לייט אשכולית פריגת 1.5 ליטר,מבשלות בירה בינלאומי,IL,פריגת אשכולית לייט 1,,1500.00,100 גרם,false,,9.90,0.0066,true,1,247514
7290110115005,false,משקה קל ענבים פריגת 1.5 ליטר,מבשלות בירה בינלאומי,IL,משקה קל בטעם ענבים פ,,1500.00,100 גרם,false,,9.90,0.0066,true,1,247515
7290110115036,false,פריגת מנגו 1.5 ליטר פיקדון,מבשלות בירה בינלאומי,IL,פריגת משקה קל מנגו,,1500.00,100 גרם,false,,9.90,0.0066,true,1,247518
7290110115043,false,פריגת לימונענע 1.5 ליטר פיקדון,מבשלות בירה בינלאומי,IL,משקה קל בטעם לימונענ,,1500.00,100 גרם,false,,9.90,0.0066,true,1,247519
7290110115050,false,פריגת מיקס תות בננה 1.5 ליטר פיקדון,מבשלות בירה בינלאומי,IL,פריגת משקה קל תות-בנ,,1500.00,100 גרם,false,,9.90,0.0066,true,1,247520
7290110115081,false,פריגת צלול ענבים 1.5 ליטר פיקדון,מבשלות בירה לישראל ב,IL,פריגת צלול ענבים 1.5,,1500.00,100 גרם,false,,9.90,0.0066,true,1,247524
7290110115104,false,פריגת צלול אפרסק 1.5 ליטר פיקדון,מבשלות בירה בינלאומי,IL,פריגת צלול אפרסק 1.5,,1500.00,,false,,9.90,0.0066,true,1,247526
7290110115111,false,פריגת צלול אננס 1.5 ליטר פיקדון,מבשלות בירה לישראל ב,IL,פריגת צלול אננס 1.5,,1500.00,100 גרם,false,,9.90,0.0066,true,1,247527
7290110115128,false,פריגת צלול בטעם לימונענע 1.5 ליטר פיקדון,מבשלות בירה לישראל ב,IL,פריגת צלול בטעם לימו,,1500.00,100 גרם,false,,9.90,0.0066,true,1,247528
7290110115180,false,מים מינרליים נביעות,"נביעות טבע הגליל בע""",IL,נביעות 1.5 ליטר,,1500.00,,false,,3.80,0.0025,true,1,247607
7290110115203,false,קוקה קולה 1.5 ליטר פיקדון,קוקה קולה Coca Cola,IL,קוקה קולה 1.5 ליטר,,1500.00,100 גרם,false,,9.80,0.0065,true,1,247381
7290110115210,false,דיאט קוקה קולה 1.5 ליטר פיקדון,קוקה קולה Coca Cola,IL,קוקה קולה דיאט 1.5ל,,1500.00,100 גרם,false,,9.50,0.0063,true,1,247382
7290110115227,false,קוקה-קולה זירו בקבוק 1.5 ליטר,קוקה קולה Coca Cola,IL,קוקה קולה זירו בקבוק,,1500.00,100 גרם,false,,9.50,0.0063,true,1,247383
7290110115234,false,קוקה-קולה זירו נטול בקבוק 1.5 ליטר,החברה המרכזית לייצור,IL,קוקה קולה זירו נטול,,1500.00,,false,,9.50,0.0063,true,1,247384
7290110115241,false,קוקה-קולה זירו לימון בקבוק 1.5 ליטר,החברה המרכזית לייצור,IL,קוקה קולה זירו לימון,,1500.00,,false,,9.50,0.0063,true,1,247385
7290110115265,false,ספרייט לימון ליים 1.5 ליטר-,החברה המרכזית לייצור,IL,ספרייט ליים 1.5ליטר,,1500.00,100 גרם,false,,9.80,0.0065,true,1,247479
7290110115272,false,ZERO ספרייט 1.5 ליטר פיקדון,החברה המרכזית לייצור,IL,ספרייט זירו 1.5ליטר,,1500.00,,false,,9.50,0.0063,true,1,247482
7290110115289,false,ספרייט 19 קל' לימון-נענע 1.5 ליטר פיקדון,החברה המרכזית לייצור,IL,ספרייט 19 קלוריות לי,,1500.00,100 גרם,false,,9.80,0.0065,true,1,247483
7290110115296,false,משקה מוגז אורנג' פאנטה 1.5 ליטר,החברה המרכזית לייצור,IL,פאנטה אורנג 1.5ליטר,,1500.00,100 גרם,false,,9.80,0.0065,true,1,247531
7290110115302,false,משקה מוגז אורנג' זירו פאנטה 1.5 ליטר,החברה המרכזית לייצור,IL,פאנטה זירו אורנג 1.5,,1500.00,,false,,9.50,0.0063,true,1,247532
7290110115319,false,פאנטה אקזוטיק 1.5 ליטר פיקדון,החברה המרכזית לייצור,IL,פאנטה אקזוטיק 1.5ליט,,1500.00,100 גרם,false,,9.80,0.0065,true,1,247533
7290110115333,false,פאנטה תות 1.5 ליטר פיקדון,החברה המרכזית לייצור,IL,פאנטה תות 1.5ליטר,,1500.00,,false,,9.80,0.0065,true,1,247535
7290110115340,false,פאנטה ענבים 1.5 ליטר פיקדון,קוקה קולה,IL,פאנטה ענבים 1.5ליטר,,1500.00,,false,,9.80,0.0065,true,1,247538
7290110115364,false,שישייה קוקה קולה 1.5 ליטר פיקדון,החברה המרכזית לייצור,IL,קוקה קולה שישייה 6*1,,9000.00,100 גרם,false,,57.70,0.0064,true,1,247387
7290110115371,false,דיאט קוקה קולה שישיות 1.5 ליטר פיקדון,החברה המרכזית לייצור,IL,קוקה קולה דיאט שישיי,,9000.00,100 גרם,false,,54.70,0.0061,true,1,247388
7290110115395,false,ZERO ספרייט שישיות 1.5 ליטר פיקדון,החברה המרכזית לייצור,IL,ספרייט זירו שישייה 6,,9000.00,,false,,53.90,0.0060,true,1,247536
7290110115418,false,מארז שישייה קוקה קולה זירו 1.5 ל',החברה המרכזית לייצור,IL,קוקה קולה זירו שישיי,,9000.00,100 גרם,false,,54.70,0.0061,true,1,247478
7290110115449,false,אייס תה בטעם מנגו אננס 1.5ל' FUZE TEA,מבשלות בירה בינלאומי,IL,פיוז טי מנגו אננס 1.,,1500.00,,false,,10.90,0.0073,true,1,247488
7290110115463,false,פיוז טי אפרסק 1.5 ליטר פיקדון,מבשלות בירה בינלאומי,IL,פיוז טי אפרסק 1.5ליט,,1500.00,,false,,10.90,0.0073,true,1,247490
7290110115494,false,תה קר בטעם ענבים פיוז טי 1.5 ליטר,מבשלות בירה בינלאומי,IL,פיוז טי ענבים 1.5ליט,,1500.00,,false,,10.90,0.0073,true,1,247492
7290110115500,false,שישיית קוקה קולה 2 ל,קוקה קולה,IL,קוקה קולה שישיות 6*2,,12000.00,100 גרם,false,,59.90,0.0050,true,1,247480
7290110115517,false,קוקה קולה זירו שישיי,החברה המרכזית לייצור,IL,קוקה קולה זירו שישיו,,12000.00,100 גרם,false,,59.90,0.0050,true,1,247481
7290110115593,false,פריגת אשכוליות 40% פחות סוכר 1.5 ליטר פיקדון,מבשלות בירה בינלאומי,IL,פריגת אשכולית 40% פח,,1500.00,,false,,9.90,0.0066,true,1,247523
7290110115623,false,משקה פיוז טי זירו ZERO בטעם אפרסק,מבשלות בירה בינלאומי,IL,פיוז טי זירו אפרסק 1,,1500.00,,false,,10.90,0.0073,true,1,247496
7290110115777,false,מים מינרליים נביעות 1.5 ל,נביעות,,נביעות 1.5 ליטר,,1500.00,,false,,3.80,0.0025,true,1,247608
7290110115821,false,"ספרייט לימון, 1.5 ליטר פקדון",כלורוקס אוקלנד,IL,ספרייט ליים 1.5ליטר,,1500.00,100 גרם,false,,9.80,0.0065,true,1,247623
7290110115838,false,ספרייט לימון- ליים 1.5 ליטר,"אינסטנטה בע""מ",IL,ספרייט זירו 1.5ליטר,,1500.00,,false,,9.50,0.0063,true,1,247624
7290110115845,false,קוקה קולה 1.5 ליטר פיקדון,"אינסטנטה בע""מ",IL,קוקה קולה 1.5 ליטר,,1500.00,100 גרם,false,,9.80,0.0065,true,1,247604
7290110115852,false,דיאט קוקה קולה 1.5 ליטר -,תות תעשיות מזון (201,IL,קוקה קולה דיאט 1.5ל,,1500.00,100 גרם,false,,9.50,0.0063,true,1,247625
7290110115869,false,קוקה קולה זירו 1.5 ליטר פיקדון,תות תעשיות מזון (201,IL,קוקה קולה זירו בקבוק,,1500.00,100 גרם,false,,9.50,0.0063,true,1,247605
7290110115968,false,קוקה קולה 1 ליטר חדש,קוקה קולה,,קוקה קולה 1ליטר,,1000.00,100 גרם,false,,8.00,0.0080,true,1,248194
7290110115975,false,קוקה קולה זירו בקבוק,החברה המרכזית לייצור,IL,קוקה קולה זירו 1ליטר,,1000.00,100 גרם,false,,7.80,0.0078,true,1,248200
7290110116156,false,נביעות+רכיבי פרי מנגו-פסיפלורה 1.5 ליטר-,נביעות,IL,נביעות+רכיבי פרי מנג,,1500.00,,false,,10.90,0.0073,true,1,249677
7290110116170,false,נביעות+רכיבי פרי אננס-קוקוס 1.5 ליטר-,נביעות,IL,נביעות+רכיבי פרי קוק,,1500.00,,false,,10.90,0.0073,true,1,249678
7290110116484,false,פריגת סחוט מיקס תות בננה 1ליטר,פריגת מצוננים,IL,פריגת סחוט מיקס תות,,1000.00,,false,,19.90,0.0199,true,1,253998
7290110116491,false,פריגת סחוט מיקס אפרסק משמש 1ליטר,פריגת מצוננים,IL,פריגת סחוט מיקס אפרס,,1000.00,,false,,19.90,0.0199,true,1,253999
7290110116507,false,פריגת סחוט מיקס אננס בננה אגס 1ליטר,פריגת מצוננים,IL,פריגת סחוט מיקס אננס,,1000.00,100 גרם,false,,19.90,0.0199,true,1,254000
7290110116552,false,ספרייט לימון היט 1.5 ליטר LIME פיקדון,החברה המרכזית לייצור,IL,ספרייט למון היט 1.5ל,,1500.00,,false,,9.50,0.0063,true,1,253871
7290110116569,false,"ספרייט זירו ZERO בק LEMON HIT, 1.5 ליטר",החברה המרכזית לייצור,IL,ספרייט למון היט זירו,,1500.00,100 גרם,false,,9.50,0.0063,true,1,253872
7290110320591,false,פיראוס בולגרית מעודנת 16% 250 גר,תנובה חלב,IL,בולגרית 16% במרקם מע,,250.00,100 גרם,false,,24.90,0.0996,true,1,220976
7290110320850,false,פתיתים גבינה חצי קשה מגורדת 28% שומן,תנובה מרכז שיתופי לש,IL,פתיתי עמק 200גר,,200.00,100 גרם,false,,16.90,0.0845,true,1,229686
7290110320867,false,פתיתים גבינה חצי קשה מגורדת 28% שומן,תנובה מרכז שיתופי לש,IL,פתיתי עמק גבינה צהוב,,500.00,100 גרם,false,,37.90,0.0758,true,1,229687
7290110321031,false,מעדן חלב GO יוגורט מועשר בחלבון טבעי 200 ג' יופלה,"תנובה, מחלבת אלון תב",IL,יופלה GO יוגורט מועש,,200.00,,false,,5.90,0.0295,true,1,229690
7290110321277,false,"קוטג' בקטנה 100 גרם, 5% שומן מהדרין",פארייפאבה אגרואינדוס,IL,קוטג בקטנה 5% מהדרין,,100.00,100 גרם,false,,2.90,0.0290,true,1,229700
7290110321284,false,"קוטג' בקטנה 100 גרם, 9% שומן מהדרין",פארייפאבה אגרואינדוס,IL,קוטג בקטנה 9% מהדרין,,100.00,,false,,2.90,0.0290,true,1,229701
7290110321680,false,יוגורט GO בטעם תות 20 גרם חלבון בגביע,מיוצר עי קונדיטוריית,IL,יופלה GO תות 200 גרם,,200.00,100 גרם,false,,6.40,0.0320,true,1,229707
7290110321697,false,יוגורט GO בטעם אפרסק 20 גרם חלבון בגביע,מיוצר עי קונדיטוריית,IL,יופלה GO אפרסק 200 ג,,200.00,100 גרם,false,,6.40,0.0320,true,1,229708
7290110321703,false,יוגורט עם פירות יער בתוספת חלבוני חלב 2% שומן,מיוצר עי קונדיטוריית,IL,יופלה גו פירות יער 2,,200.00,,false,,6.40,0.0320,true,1,229709
7290110322014,false,טופו בטעם טבעי תנובה ALTERNATIVE,שוורצקוף& הנקל דיסלד,IL,טופו טבעי 300 גרם,,300.00,100 גרם,false,,13.70,0.0457,true,1,229716
7290110322038,false,טופו פיקנטי תנובה ALTERNATIVE,שוורצקוף& הנקל דיסלד,IL,טופו פיקנטי 300 גרם,,300.00,100 גרם,false,,13.70,0.0457,true,1,229718
7290110322946,false,יופלה טיוב יוגורט במרקם חלק בטעם תות בננה כשרות רבנות 348 ג',תנובה חלב,IL,יופלה טיוב יוגורט במ,,348.00,100 גרם,false,,13.20,0.0379,true,1,229722
7290110323073,false,"משקה יוגורט יופלה גו תות פטל 250 מ""ל - רבנות",מיוצר עי קונדיטוריית,IL,משקה יוגורט מועשר בח,,250.00,,false,,7.00,0.0280,true,1,229727
7290110323592,false,יופלה יוגורט עם אפרסק מופחת קלוריות 200 ג' GO,יופלה Yoplait,IL,יופלה GO יוגורט עם א,,200.00,100 גרם,false,,6.40,0.0320,true,1,229740
7290110323714,false,משקה קוקוס שקדים תנובה E אלטרנטיב,מיוצר עי קונדיטוריית,IL,משקה קוקוס שקדים 1 ל,,1000.00,,false,,13.50,0.0135,true,1,229744
7290110324353,false,יוגורט GO לייט בטעם אננס 20 גרם חלבון בגביע,מיוצר עי קונדיטוריית,IL,יופלה GO לייט בטעם א,,200.00,100 גרם,false,,6.40,0.0320,true,1,229754
7290110324551,false,יופלה טיוב יוגורט במרקם חלק תות כשרות מהדרין,תנובה חלב,IL,יופלה טיוב יוגורט במ,,348.00,100 גרם,false,,13.20,0.0379,true,1,229761
7290110324711,false,"ממרח סויה בסגנון גבינה טעם טבעי בד""צ",מיוצר עי קונדיטוריית,IL,ממרח סויה 9% בטעם טב,,250.00,100 גרם,false,,9.70,0.0388,true,1,229770
7290110324926,false,משקה סויה ללא תוספת סוכר E אלטרנטיב,תנובה מרכז שיתופי לש,IL,משקה סויה ללא תוספת,,1000.00,,false,,12.90,0.0129,true,1,229784
7290110325121,false,משקה יוגורט יופלה גו לייט מנגו אננס,"תנובה בע""מ",IL,משקה יוגורט גו לייט,,250.00,100 גרם,false,,7.00,0.0280,true,1,229789
7290110325619,false,משקה שיבולת שועל תנובה E אלטרנטיב,מיוצר עי קונדיטוריית,IL,משקה שיבולת שועל 1 ל,,1000.00,,false,,13.50,0.0135,true,1,229801
7290110325701,false,פיראוס צזיקי יווני 9% שומן על בסיס יוגורט,גוד פוד פרודקטס S.p,IL,פיראוס צזיקי יווני 9,,250.00,100 גרם,false,,13.90,0.0556,true,1,229804
7290110325879,false,פתיתי גאודה 200 ג' תנובה,תנובה- השף הלבן,IL,פתיתי גאודה 200 גרם,,200.00,100 גרם,false,,18.50,0.0925,true,1,229811
7290110325893,false,משקה חלב GO מועשר בחלבון בטעם אייס קפה,מיוצר עי קונדיטוריית,IL,משקה חלב גו אייס קפה,,340.00,,false,,8.90,0.0262,true,1,229813
7290110326210,false,יופלה עם פצפוצי שוקולד 167 גרם,מיוצר עי קונדיטוריית,IL,יופלה און טופ פצפוצי,,157.00,100 גרם,false,,5.40,0.0344,true,1,229821
7290110326234,false,יוגורט און טופ כוכבים 157 ג' יופלה,מיוצר עי קונדיטוריית,IL,יופלה און טופ כוכבים,,157.00,100 גרם,false,,5.40,0.0344,true,1,229823
7290110326333,false,פרוסות גבינה בסגנון סקנדינבי 31%,פ.פ.ח. שאביט,IL,פרוסות גבינה סקנדינב,,170.00,100 גרם,false,,20.90,0.1229,true,1,236613
7290110326906,false,חלב טרי נטול לקטוז 3% 1 ליטר,מיוצר עי קונדיטוריית,IL,חלב נטול לקטוז 3% 1ל,,1000.00,,false,,7.90,0.0079,true,1,229842
7290110326999,false,"משקאות חלב+שוקולד קלאסי 340 מ""ל YOLO בקבוק.",תנובה חלב,IL,משקה חלב יולו עם שוק,,340.00,100 גרם,false,,7.50,0.0221,true,1,229847
7290110327033,false,משקה סויה תנובה גו מועשר בחלבון במתיקות מופחתת,מיוצר עי קונדיטוריית,IL,משקה סויה תנובה גו ח,,1000.00,100 גרם,false,,13.50,0.0135,true,1,236625
7290110327514,false,משקה שיבולת שועל בטעם אגוזי לוז 1 ליטר אלטרנטיב,תנובה מרכז שיתופי לש,IL,משקה שיבולת שועל בטע,,1000.00,,false,,13.50,0.0135,true,1,246199
7290110328627,false,יוגורט יופלה GO במרקם סמיך בטעם בננה קרמל 0%,מיוצר עי קונדיטוריית,IL,יוגורט גו סמיך 0% בנ,,200.00,100 גרם,false,,6.40,0.0320,true,1,245852
7290110328764,false,יוגורט יופלה GO במרקם סמיך עם תות 0%,מיוצר עי קונדיטוריית,IL,יוגורט גו סמיך 0% תו,,200.00,100 גרם,false,,6.40,0.0320,true,1,245856
7290110328771,false,יוגורט יופלה GO במרקם סמיך עם פירות יער 0%,מיוצר עי קונדיטוריית,IL,יוגורט גו סמיך 0% פי,,200.00,100 גרם,false,,6.40,0.0320,true,1,245853
7290110328788,false,יוגורט יופלה GO במרקם סמיך בטעם אפרסק 0%,תנובה מרכז שיתופי לש,IL,יוגורט גו סמיך 0% אפ,,200.00,100 גרם,false,,6.40,0.0320,true,1,245854
7290110329266,false,יוגורט תנובה מחלב עיזים מלא תנובה 140 ג',קריות זול,IL,יוגורט תנובה מחלב עי,,140.00,,false,,6.60,0.0471,true,1,246197
7290110329686,false,"משקה חלב גו בטעם עוגיות 340 מ""ל",מיוצר עי קונדיטוריית,IL,משקה חלב גו בטעם עוג,,340.00,,false,,8.90,0.0262,true,1,247158
7290110329716,false,משקה קפה קר בטעם קפוצ'ינו 230 ג' תנובה,תנובה מרכז שיתופי לש,IL,משקה קפה קר בטעם קפו,,230.00,100 גרם,false,,7.90,0.0343,true,1,248746
7290110329723,false,משקה קפה קר בטעם לאטה 230 ג' תנובה,תנובה מרכז שיתופי לש,IL,משקה קפה קר בטעם לאט,,230.00,100 גרם,false,,7.90,0.0343,true,1,248747
7290110329730,false,"משקה חלב עם שוקולד וקפה בסגנון לאטה 2.7%  230 מ""ל תנובה",תנובה מרכז שיתופי לש,IL,משקה חלב עם שוקולד ו,,230.00,100 גרם,false,,7.90,0.0343,true,1,248748
7290110329792,false,יוגורט סויה BIO Alternative אפרסק 150 ג' תנובה,מיוצר עי קונדיטוריית,IL,סויה ביו אפרסק 150 ג,,150.00,100 גרם,false,,5.20,0.0347,true,1,247672
7290110329808,false,יוגורט סויה BIO Alternative תות 150 ג' תנובה,מיוצר עי קונדיטוריית,IL,סויה ביו תות 150 ג א,,150.00,100 גרם,false,,5.20,0.0347,true,1,247668
7290110329815,false,סויה BIO מתיקות מעודנת גביע 150 גרם אלטרנטיב,מיוצר עי קונדיטוריית,IL,סויה ביו מתיקות מעוד,,150.00,100 גרם,false,,5.20,0.0347,true,1,247669
7290110329822,false,יוגורט סויה BIO Alternative פירות יער 150 ג' תנובה,מיוצר עי קונדיטוריית,IL,סויה ביו פירות יער ג,,150.00,100 גרם,false,,5.20,0.0347,true,1,247670
7290110329846,false,יוגורט סויה BIO Alternative בטעם טבעי 150 ג' תנובה,מיוצר עי קונדיטוריית,IL,סויה ביו טבעי 150 גר,,150.00,100 גרם,false,,5.20,0.0347,true,1,247674
7290110552220,false,יוגורט PRO בטעם תות 0% סוכר לבן 20 גרם חלבון בגביע,"שטראוס בריאות בע""מ",IL,דנונה פרו 20 גרם חלב,,200.00,100 גרם,false,,6.50,0.0325,true,1,247635
7290110552237,false,יוגורט פרו בטעם אפרסק מנגו ללא סוכר 200 ג' דנונה,"שטראוס בריאות בע""מ",IL,דנונה פרו 20 גרם חלב,,200.00,100 גרם,false,,6.50,0.0325,true,1,247636
7290110553029,false,"אנרג'י קריספס-פריכיות חומוס, עדשים ואפונה עם קייל וסלק","פרח תעשיו מזון בע""מ",IL,אנרג'י פריכיות חלבון,,60.00,100 גרם,false,,10.90,0.1817,true,1,247830
7290110553036,false,קריספס-פריכיות עם אפונה ובטטה סגולה בטעם בצל מקורמל,"פרח תעשיו מזון בע""מ",IL,אנרג'י פריכיות חלבון,,60.00,,false,,10.90,0.1817,true,1,247831
7290110553180,false,אנרגי פריכיות אורז בטעם תפוח קינמון 50 ג,סאנורייס בלגיום,IL,פריכיות אנרגי בטעם ת,,40.00,,false,,7.90,0.1975,true,1,249714
7290110553623,false,צ'יטוס קראנצ'י בטעם צ'דר חלפיניו - חלבי,"שטראוס פריטו ליי בע""",IL,ציטוס קראנץ צ'דר חלפ,,80.00,,false,,4.90,0.0613,true,1,249175
7290110554262,false,חלבית מלבין קפה חלבי 350 ג' עלית,,,מלבין קפה חלבית 350,,350.00,,false,,24.90,0.0711,true,1,248055
7290110554583,false,מארז חטיפי צ'יטוס פאפס בטעם גבינה - 10 יחידות,שטראוס פריטו ליי (מל,IL,ציטוס פאפס בטעם גבינ,,200.00,,false,,13.90,0.0695,true,1,247586
7290110554712,false,"קפסולות קפה אספרסו קלייה איטית ובהירה, 10 * 50 ג'",שטראוס קפה בי.וי,IL,קפסולות נספרסו לקפה,,50.00,,false,,22.90,0.4580,true,1,250569
7290110555306,false,רבע לשבע טבעוני סינמון באן 25ג' עלית,הגביע מוצרי וופלים ב,IL,רבע לשבע טבעוני סינמ,,125.00,100 גרם,false,,13.50,0.1080,true,1,249111
7290110555603,false,ספלנדיד אבקה להכנת משקה בטעם שוקולטה,"ג'אלוסיס י. בע""מ",GR,אבקה להכנת משקה שוקו,,360.00,,false,,24.90,0.0692,true,1,253503
7290110555788,false,נסקפה קפוצ'ינו פחית וניל 200 ג' עלית,שטראוס,IL,קפוצ'ינו פחית בטעם ו,,200.00,,false,,26.90,0.1345,true,1,253500
7290110556242,false,"שוקולד מריר פרווה 100 גר' בד""ץ תוצרת חוץ","שטראוס גרופ בע""מ.",IL,שוקולד מריר פרווה בד,,100.00,,false,,6.90,0.0690,true,1,249715
7290110557027,false,חומוס עשיר 50% טחינה גולמית 400 ג' אחלה,מיוצר עי קונדיטוריית,IL,חומוס 50% טחינה 400,,400.00,,false,,14.90,0.0373,true,1,247214
7290110557102,false,מעדן חלב עם שוקולד מועשר בחלבון 150 ג' שטראוס,מיוצר עי קונדיטוריית,IL,מעדן חלב עם שוקולד 1,,150.00,,false,,5.60,0.0373,true,1,246585
7290110557133,false,מעדן הגולן וניל 125 ג' שטראוס,מיוצר עי קונדיטוריית,IL,מעדן הגולן וניל 125,,125.00,,false,,3.20,0.0256,true,1,247107
7290110557317,false,יוגורט בתוספת סידן וויטמין ד עם שיבולת שועל 100 ג' דנונה,תנובה מרכז שיתופי לש,IL,היוגורט הראשון שלי ש,,100.00,,false,,2.90,0.0290,true,1,248786
7290110557478,false,חומוס גלילי במרקם מעודן 600 גרם,שטראוס גרופ,IL,אחלה חומוס גלילי 600,,600.00,100 גרם,false,,13.90,0.0232,true,1,248631
7290110557645,false,מאגדת חטיפים אנרג'י מיקס צימוקים חמוציות 100X4 גרם,קונסרב איטליה,GB,אנרג'י מיקס צימוקים,,100.00,100 גרם,false,,17.90,0.1790,true,1,249422
7290110558130,false,יוגורט אקטיביה שיבולת שועל ודבש 150 גרם,שטראוס,IL,אקטיביה עם שיבולת שו,,150.00,,false,,4.90,0.0327,true,1,249084
7290110558222,false,"וואו יוגורט עם שכבה בטעם בנופי פאי 5.4%, 150ג דנונה","שטראוס בריאות בע""מ",IL,דנונה WOW בנופי 150,,150.00,,false,,4.90,0.0327,true,1,249373
7290110558239,false,"וואו יוגורט עם שכבה בטעם קראק פאי 5.4%, 150 ג דנונה","שטראוס בריאות בע""מ",IL,דנונה WOW קראק פאי 1,,150.00,100 גרם,false,,4.90,0.0327,true,1,249374
7290110558253,false,דנונה שייק נונה ריפרש בננה אננס וצ'יה,"שטראוס בריאות בע""מ",IL,דנונה ריפרש עם אננס,,250.00,,false,,5.90,0.0236,true,1,249085
7290110558284,false,יוגורט ביו מולטי 200 ג' דנונה,"שטראוס בריאות בע""מ",IL,דנונה ביו מולטי 200,,200.00,100 גרם,false,,4.50,0.0225,true,1,249296
7290110558307,false,יוגורט דנונה PRO עם שיבולת שועל במתיקות מעודנת,"שטראוס בריאות בע""מ",IL,דנונה פרו שיבולת שוע,,200.00,,false,,6.70,0.0335,true,1,248546
7290110558314,false,דנונה פרו 20 גרם חלבון ללא סוכר פיסטוק 200 גרם,"שטראוס בריאות בע""מ",IL,דנונה פרו 20 גרם חלב,,200.00,,false,,6.50,0.0325,true,1,249377
7290110558338,false,דנונה פרו 25 ג' חלבון 200 ג' שטראוס,"שטראוס בריאות בע""מ",IL,דנונה פרו עם 25 גרם,,200.00,100 גרם,false,,6.70,0.0335,true,1,248784
7290110558666,false,מעדן גבינה בטעם תפוח 88 ג' דניאלה,"שטראוס בריאות בע""מ",IL,מעדן דניאלה תפוח 150,,150.00,100 גרם,false,,4.30,0.0287,true,1,253657
7290110560300,false,"הפריכיות הטעימות חומוס, עדשים שחורות, קינואה ופלפל שחור",אנרג'י Energy - שטראוס,IL,פריכיות משולשות-פלפל,,30.00,,false,,5.90,0.1967,true,1,231993
7290110560317,false,"הפריכיות הטעימות חומוס, עדשים שחורות, קינואה ומלח ים","פרח תעשיו מזון בע""מ",IL,פריכיות משולשות-מלח,,30.00,,false,,5.90,0.1967,true,1,231994
7290110560324,false,"הפריכיות הטעימות תפו""א, אורז, אפונה ומלח ים","פרח תעשיו מזון בע""מ",IL,פריכיות משולשות-אפונ,,30.00,100 גרם,false,,5.90,0.1967,true,1,231995
7290110561352,false,דנונה יוגורט ביו פרוביוטי 3% דל לקטוז 150ג',"שטראוס בריאות בע""מ",IL,דנונה ביו דל לקטוז 2,,200.00,,false,,3.80,0.0190,true,1,229942
7290110561604,false,מארז 8 יחידות מעדן גמדים בטעם תות בננה,שטראוס גרופ,IL,גמדים תות בננה מעורב,,800.00,100 גרם,false,,19.90,0.0249,true,1,229944
7290110563431,false,"משקה קפה קר בסגנון קלאסי 230 מ""ל 1.6% יוטבתה",האי נאם סי או אל.טי.,AT,משקה קפה קר בסיגנון,,230.00,100 גרם,false,,7.90,0.0343,true,1,229945
7290110563448,false,"משקה קפה קר בסגנון מעודן 230 מ""ל 1.6% יוטבתה",האי נאם סי או אל.טי.,AT,משקה קפה קר בסיגנון,,230.00,,false,,7.90,0.0343,true,1,229946
7290110563462,false,חלב בבקבוק נטול לקטוז 2% יטבתה 1 ל',מחלבת יטבתה,IL,חלב 2% בבקבוק נטול ל,,1000.00,,false,,8.90,0.0089,true,1,229947
7290110564339,false,חומוס אחלה הסידרה המובחר 30% טחינה 400 גר',מיוצר עי קונדיטוריית,IL,חומוס אבי עשיר ב30%,,400.00,100 גרם,false,,14.90,0.0373,true,1,229949
7290110564360,false,חומוס אחלה הסידרה המובחר 40% טחינה 400 גר',מיוצר עי קונדיטוריית,IL,חומוס אבי עשיר ב40%,,400.00,100 גרם,false,,14.90,0.0373,true,1,229950
7290110564414,false,חומוס אחלה הסידרה המובחר 30% טחינה 600 גר',מיוצר עי קונדיטוריית,IL,חומוס עשיר ב 30% טחי,,600.00,,false,,15.90,0.0265,true,1,229952
7290110564742,false,"משקה קפה קר בסגנון חזק 230 מ""ל 1.2% יוטבתה",האי נאם סי או אל.טי.,AT,משקה קפה קר בסיגנון,,230.00,100 גרם,false,,7.90,0.0343,true,1,229955
7290110565435,false,"לימבו ג'לי פטל 125 גרם חלבי ""שטראוס""",שטראוס גרופ,IL,לימבו פטל חלבי 125גר,,125.00,,false,,2.40,0.0192,true,1,229957
7290110565527,false,יוגורט PRO פרו 1.5% 20 גרם חלבון בגביע,"שטראוס בריאות בע""מ",IL,דנונה פרו 20 גרם חלב,,200.00,100 גרם,false,,6.50,0.0325,true,1,229959
7290110565572,false,מנות אישיות קפה טורקי לדרך עם הל,שטראוס קפה בי.וי,IL,קפה טורקי לדרך עם הל,,168.00,,false,,19.90,0.1185,true,1,240030
7290110566623,false,קפסולות קולומביה עלית 08 למכונת נספרסו מארז 5X10ג',שטראוס קפה בי.וי,IL,קפסולות קולומביה מס,יחידה,0.00,יחידה,false,,19.90,0.0000,true,1,232013
7290110566975,false,דנונה פרו יוגורט 0% תות עשיר בחלבון 200ג',"שטראוס בריאות בע""מ",IL,דנונה פרו 20 גרם חלב,,200.00,100 גרם,false,,6.50,0.0325,true,1,229961
7290110568238,false,"קצפת צמחית 21% שומן 250 מ""ל יוטבתה",מחלבת יטבתה,IL,קצפת צמחית 21% שומן,,250.00,100 גרם,false,,8.90,0.0356,true,1,229963
7290110570224,false,משקה קפה קר בטעם עוגיות 230ג' יוטבתה,אנסטל מילק kg,AT,משקה קפה קר בטעם עוג,,230.00,,false,,7.90,0.0343,true,1,249381
7290110571382,false,מעדן חלב בטעם וניל מעושר בחלבון 150 ג' שטראוס,"שטראוס בריאות בע""מ",IL,מעדן חלב בטעם וניל 1,,150.00,,false,,5.60,0.0373,true,1,248449
7290110572129,false,כיף כף מקלות שוקולד לבן 40 ג' עלית,סולן בעבור שטראוס,TR,כיף כיף מקלות שוקולד,,40.00,,false,,5.90,0.1475,true,1,250572
7290110572884,false,"קפסולות קפה מספר 20 למכונת אספרס אספרסו, 50 גרם",שטראוס קפה בי.וי.,IL,קפסולות קפה נספרסו 2,יחידה,0.00,יחידה,false,,19.90,0.0000,true,1,253504
7290110572976,false,כיף כף פצפצים בגביע במילוי קרם בטעם שוקולד לבן,שולן צ'יקולטה גידה ס,TR,כיף כך פיצפוצים קרם,,135.00,100 גרם,false,,11.90,0.0881,true,1,249418
7290110576318,false,מאגדת שלישיית שוקולד אגוז לבן 300 ג' עלית,סמואה,FR,מארז שלישייה שוקולד,,300.00,100 גרם,false,,25.90,0.0863,true,1,249718
7290110576370,false,מארז שלישייה שוקולד מריר חלבי עם אגוזי לוז,שטראוס,IL,מארז שלישייה שוקולד,,300.00,,false,,27.90,0.0930,true,1,249719
7290110576752,false,טבלאות שוקולד ספלנדיד מריר 70% 100 ג' עלית,קימ'ס גריפלנן,BE,שוקולד ספלנדיד 70% מ,,100.00,100 גרם,false,,11.90,0.1190,true,1,250575
7290110576776,false,טבלאות שוקולד ספלנדיד מריר 85% 100 ג' עלית,קימ'ס גריפלנן,BE,שוקולד ספלנדיד 85% מ,,100.00,100 גרם,false,,11.90,0.1190,true,1,250576
7290110576790,false,סקי בטעם מוקה 125 ג' שטראוס,מגנום- שטראוס,IL,סקי גבינת מוקה 125גר,,125.00,,false,,4.00,0.0320,true,1,253658
7290110577230,false,משקה חלב פיסטוק 1ליטר יטבתה בקבוק,שטראוס גרופ,IL,משקה חלב בטעם פיסטוק,,1000.00,100 גרם,false,,12.30,0.0123,true,1,253651
7290110577247,false,"יטבתה משקה חלב-פיסטוק בבקבוק 350 מ""ל",שטראוס גרופ,IL,משקה חלב בטעם פיסטוק,,350.00,100 גרם,false,,6.90,0.0197,true,1,253652
7290111010293,false,נייר טואלט טוטו 48 ג,,,נייר טואלט טוטו 48 ג,,48.00,,false,,34.90,0.7271,true,1,235241
7290111010507,false,נוזל כלים 18% תפוח 1,,,נוזל כלים 18% תפוח 1,,1600.00,100 גרם,false,,11.90,0.0074,true,1,249215
7290111010514,false,נוזל כלים 18% לימון,,,נוזל כלים 18% לימון,,1600.00,100 גרם,false,,11.90,0.0074,true,1,249216
7290111010583,false,נייר טואלט טוטו דו ש,,,נייר טואלט טוטו דו ש,יחידה,0.00,יחידה,false,,34.90,0.0000,true,1,247237
7290111010590,false,תמרים מלך המגהול 1קג,,,תמרים מלך המגהול 1קג,,1000.00,100 גרם,false,,19.90,0.0199,true,1,246913
7290111010613,false,"שמן זית בשן 750מ""ל",,,"שמן זית בשן 750מ""ל",,750.00,100 גרם,false,,29.90,0.0399,true,1,247277
7290111010699,false,יין יערה קברנה סובינ,,,יין יערה קברנה סובינ,,750.00,100 גרם,false,,29.90,0.0399,true,1,248025
7290111010996,false,תמר מלך המגהול גולד,,,תמר מלך המגהול גולד,,500.00,,false,,19.90,0.0398,true,1,248715
7290111340185,false,מטליות לחות ניקול לניקוי רצפות בניחוח מרכך 10 יח',על בד,IL,מטליות לחות לרצפה בנ,,10.00,,false,,12.90,1.2900,true,1,229328
7290111341373,false,נייר טואלט לילי פסטל 30 גלילים,חוגלה קימברלי,IL,לילי פסטל נייר טואלט,,30.00,,false,,39.90,1.3300,true,1,229333
7290111341984,false,לילי - מגבוני נייר טואלט לח פיור רביעייה,קימברלי,IL,לילי נייר טואלט לח מ,יחידה,0.00,יחידה,false,,22.90,0.0000,true,1,229342
7290111342738,false,לילי - מגבוני נייר טואלט לח קידס רביעייה,חוגלה,IL,לילי נייר טואלט לח ק,יחידה,0.00,יחידה,false,,22.90,0.0000,true,1,229351
7290111343117,false,"קלינקס לושן סופט פק זוגות 140 דף ""חדש""",קימברלי קלארק,IL,קלינקס לושן סופט פק,יחידה,0.00,יחידה,false,,14.90,0.0000,true,1,223535
7290111344527,false,ניקול שקיות אשפה XXL לפחים ענקיים 20 יחי,אשפלסט,IL,זוג שקיות אשפה ענקיי,יחידה,0.00,יחידה,false,,25.90,0.0000,true,1,245133
7290111344855,false,קוטקס - מגיני יום אקסטרא פרוטקט לארג' ביג 52 יח',חוגלה קימברלי,CN,קוטקס מגן תחתון אקסט,יחידה,0.00,יחידה,false,,19.90,0.0000,true,1,247907
7290111345753,false,תחבושות נטורל דואו נורמל 24 יח' קוטקס,קריות זול,CZ,קוטקס תחבושות כותנה,,24.00,,false,,19.90,0.8292,true,1,249344
7290111345760,false,תחבושות נטורל דואו סופר 18 יח' קוטקס,קריות זול,CZ,קוטקס תחבושות כותנה,,18.00,,false,,19.90,1.1056,true,1,249345
7290111345777,false,תחבושת קוטקס כותנה לילה 16 יח' קוטקס,קריות זול,CZ,קוטקס תחבושות כותנה,,16.00,,false,,19.90,1.2437,true,1,249346
7290111346125,false,מארז שלישייה מגבוני דיילי קר ללא בישום *56 יח' האגיס,קימברלי,IL,מגבוני האגיס דיילי ק,יחידה,0.00,יחידה,false,,18.90,0.0000,true,1,249331
7290111346132,false,מארז שלישייה מגבוני סנסטיב קר ללא בישום *56 יח' האגיס,עלבד,IL,מגבוני האגיס סנסטיב,יחידה,0.00,יחידה,false,,18.90,0.0000,true,1,249332
7290111350726,false,חטיף נאצוס הוטפופ בסגנון מקסיקני 322 גר,ליימן מותגים,US,נאצ'וס מתירס צהוב 32,,322.00,,false,,16.90,0.0525,true,1,229891
7290111352959,false,גומי יוגטה מקלותי חמוצים טעם פירות 80 גר,יוגטה yogueta,TR,יוגטה מקלות חמוצים 8,,80.00,100 גרם,false,,8.90,0.1113,true,1,236695
7290111352966,false,יוגטה סוכריות ממולאות בטעם פירות 250 גרם ללא ג'לטין,ליימן שליסל,TR,סוכריות גומי ממולאות,,250.00,,false,,9.90,0.0396,true,1,229928
7290111352973,false,יוגוטה קוביות חמוצות ממולאות בטעם פירות,יוגטה yogueta,TR,יוגטה קוביות חמוצות,,220.00,,false,,9.90,0.0450,true,1,229929
7290111353376,false,שקית סוכריות מנטוס בטעם מנטה 100 יח',פרפטי ואן מלה ברדה,NL,סוכריות מנטוס מנטה 1,,250.00,,false,,14.90,0.0596,true,1,245716
7290111353383,false,שקית סוכריות מנטוס בטעם תות 100 יח',פרפטי ואן מלה ברדה,NL,סוכריות מנטוס תות 10,,250.00,,false,,14.90,0.0596,true,1,245715
7290111353437,false,חטיף בטטה ומלח ים 120 גרם הוט פופ,איץ.סיי גרופ אס.דה א,HN,הוטפופ ווג'י צ'יפס ב,,120.00,100 גרם,false,,14.90,0.1242,true,1,245714
7290111353444,false,חטיף בטטות ומלח ים 120 גרם הוט פופ,איץ.סיי גרופ אס.דה א,HN,הוטפופ ווג'י צ'יפס ח,,120.00,100 גרם,false,,14.90,0.1242,true,1,245712
7290111353451,false,חטיף בירקות שורש ומלח ים הוטפופ 120 גרם,איץ.סיי גרופ אס.דה א,HN,הוטפופ ווג'י צ'יפס י,,120.00,,false,,14.90,0.1242,true,1,245711
7290111563492,false,סלטי צבר מטבוחה חריפה מרובע 6*400גרם,סלטי צבר,IL,מטבוחה חריפה צבר מרו,,400.00,100 גרם,false,,13.90,0.0348,true,1,228789
7290111564277,false,פריכיות דקות ונימוחות 3 דגנים פיטנס Fitness,פרח תעשיות,IL,פריכיות 3 דגנים דקות,,120.00,,false,,11.90,0.0992,true,1,228793
7290111564291,false,פריכיות דקות ונימוחות 3 דגנים וקינואה פיטנס Fitness,פרח תעשיות,IL,פריכיות דקות עם קינו,,120.00,,false,,11.90,0.0992,true,1,228794
7290111564666,false,כדורי בשר צמחוניים עם המון חלבון,טבעול ישראל,IL,כדורי בשר טבעול מן ה,,500.00,,false,,28.90,0.0578,true,1,244411
7290111564727,false,עוגיות אסם קרמוגית וקרם אגוזים אסם 200ג',מיוצר עי קונדיטוריית,IL,קרמוגית במילוי קרם א,,200.00,100 גרם,false,,12.90,0.0645,true,1,228795
7290111565038,false,"לה קרמריה וניל קוקילידה בד""צ 1.4 ל'",לה קרמריה- נסטלה,IL,לה קרמריה וניל קוקיל,,1400.00,,false,,23.90,0.0171,true,1,229515
7290111566103,false,טבעול פלאפל מרכיבים ביתיים בלבד 590 גרם,עיצובים 2020 (4.8),IL,פלאפל מרכיבים ביתיים,,590.00,,false,,35.90,0.0608,true,1,236104
7290111566240,false,שניצל דק מן הצומח בטעם צ'ילי חריף 700 גרם,עיצובים 2020 (4.8),IL,שניצל דק בטעם צ'ילי,,564.00,,false,,35.90,0.0637,true,1,228809
7290111566271,false,טבעול חטיפי תירס 657גרם,עיצובים 2020 (4.8),IL,חטיפי תירס טבעול 657,,657.00,100 גרם,false,,35.90,0.0546,true,1,228810
7290111566318,false,שניצל דק מן הצומח בטעם ביתי 700 גרם,עיצובים 2020 (4.8),IL,שניצל דק מן הצומח טב,,564.00,,false,,35.90,0.0637,true,1,228812
7290111566332,false,"נקניקיות וינר מן הצומח 680 גרם ""טבעול""",עיצובים 2020 (4.8),IL,נקניקיות וינר צמחוני,,680.00,100 גרם,false,,35.90,0.0528,true,1,228813
7290111566417,false,טבעול טחון מן הצומח משופר 400 גרם,עיצובים 2020 (4.8),IL,טחון צמחוני טבעול 50,,500.00,,false,,35.90,0.0718,true,1,228814
7290111566561,false,"שניצל ברוקולי 99 קלוריות 560 גר' ""טבעול""",עיצובים 2020 (4.8),IL,שניצל ברוקולי 99 קלו,,560.00,,false,,35.90,0.0641,true,1,228817
7290111566585,false,"שניצל צמחוני 99 קלוריות 650 גר' ""טבעול""",עיצובים 2020 (4.8),IL,שניצל צמחוני 99 קלור,,650.00,,false,,35.90,0.0552,true,1,228818
7290111566660,false,טבעול קציצות עדשים כתומות 525 גרם,עיצובים 2020 (4.8),IL,קציצות עדשים כתומות,,530.00,100 גרם,false,,35.90,0.0677,true,1,228819
7290111566691,false,"שניצל תרד 99 קלוריות 560 גרם ""טבעול""",עיצובים 2020 (4.8),IL,שניצל טבעול תרד 99 ק,,560.00,,false,,35.90,0.0641,true,1,228820
7290111566714,false,טבעול המבורגר צמחוני 99 קלוריות 600 גר',עיצובים 2020 (4.8),IL,המבורגר צמחוני 99 קל,,600.00,100 גרם,false,,35.90,0.0598,true,1,228821
7290111566752,false,טבעול שניצל תירס 99 קלוריות 693 גר',עיצובים 2020 (4.8),IL,שניצל תירס 99 קלוריו,,693.00,,false,,34.90,0.0504,true,1,228822
7290111568206,false,ביסלי פארטי מיקס 150 ג' אסם,פרו מן יו פתרונות אר,IL,ביסלי פארטי מיקס אסם,,150.00,,false,,9.90,0.0660,true,1,228828
7290111568251,false,אטריות נודלס להקפצה אסם אסייתי 350 גר',תאי פרזידנטפוד,TH,נודלס איטריות להקפצה,,350.00,,false,,10.90,0.0311,true,1,228829
7290111568961,false,אסם בייגלה טבעות מלח 400 גרם,אסם,IL,בייגלה טבעות מלח אסם,,400.00,,false,,12.50,0.0313,true,1,236106
7290111930898,false,חטיף פוף כוכבים גריל אמריקאי 40 גרם,פוף POOF,IL,חטיף פוף כוכבים גריל,,40.00,,false,,4.30,0.1075,true,1,229556
7290111930904,false,חטיף פוף כוכבים בצל 40 גרם,פוף POOF,IL,חטיף פוף כוכבים בצל,,40.00,,false,,4.30,0.1075,true,1,229557
7290111930911,false,חטיף פוף לבבות קלאסי 40 גרם,פוף POOF,IL,חטיף פוף לבבות קלאסי,,40.00,100 גרם,false,,4.30,0.1075,true,1,229558
7290111930928,false,חטיף פוף לבבות גריל 40 גרם,פוף POOF,IL,חטיף פוף לבבות גריל,,40.00,100 גרם,false,,4.30,0.1075,true,1,229559
7290111930935,false,חטיף פוף טבעות קלאסי 40 גרם,פוף POOF,IL,חטיף פוף טבעות קלאסי,,40.00,,false,,4.30,0.1075,true,1,229560
7290111931338,false,סבון רחצה פלמוליב לומינוס מועשר בשמנים טבעיים,קולגייט פלמוליב,TR,פלמוליב סבון לומינוס,,500.00,100 גרם,false,,17.90,0.0358,true,1,229563
7290111935992,false,אטריות להקצפה מאסטר שף 350 ג',ליהאנג פוד,CN,איטריות מאסטר שף להק,יחידה,0.00,יחידה,false,,9.90,0.0000,true,1,251140
7290111936296,false,"פלמוליב סבון נוזלי בניחוח סנסיישן מסאז' ,750 מ""ל",קולגייט פלמוליב,TR,פלמוליב תחליב רחצה ס,,750.00,,false,,21.90,0.0292,true,1,229585
7290112000286,false,"גל לניקוי אסלות סיליט באנג לימון 750 מ""ל",סיליט באנג Cillit Bang,PL,סיליט באנג גל לניקוי,,750.00,100 גרם,false,,9.90,0.0132,true,1,231871
7290112000408,false,מנקה ומחטא עוצמתי לניקוי כללי בניחוח לימון,רקיט בנקיזר,US,מנקה ומחטא לניקוי כל,,750.00,,false,,16.90,0.0225,true,1,231875
7290112000828,false,דטול - מגבונים חיטוי וניקוי אנטי בקטריאלי 60 יח',רקיט בנקיזר,PL,מטליות לחות מנקה ומח,יחידה,0.00,יחידה,false,,15.90,0.0000,true,1,231880
7290112000842,false,דטול מגבונים לניקוי כללי בניחות לימון 60 יח',רקיט בנקיזר,US,מטליות לחות מנקה ומח,יחידה,0.00,יחידה,false,,15.90,0.0000,true,1,231881
7290112001221,false,מנקה מכונת כביסה בניחוח נקי ורענן,רקיט בנקיזר,PT,קולון מנקה מכונת כבי,,250.00,100 גרם,false,,21.90,0.0876,true,1,231889
7290112001870,false,"סיליט באנג ספריי ניקוי אמבטיה 750 מ""ל",רקיט בנקיזר,PL,סיליט באנג ספריי לני,,750.00,,false,,13.90,0.0185,true,1,231898
7290112002099,false,קולון גל כביסה מרוכז 2.5 ליטר קלאסי,רקיט בנקיזר,IL,קולון גל מרוכז רגיל,ליטרים,2.50,ליטר,false,,26.90,10.7600,true,1,231904
7290112002181,false,אירוויק גיל מוצק בניחוח ורדים 180 גר',רקיט בנקיזר,CN,אירוויק גביע ג`ל מוצ,יחידה,0.00,יחידה,false,,19.90,0.0000,true,1,251145
7290112002204,false,גל מוצק אירוויק בניחוח מרענן 180 גר,רקיט בנקיזר,CN,איירוויק ג'ל מוצק בנ,יחידה,0.00,יחידה,false,,19.90,0.0000,true,1,230810
7290112003959,false,וניש מסיר כתמים אבקה לכביסה צבעונית 470 גרם,רקיט בנקיזר,IT,וניש מסיר כתמים אבקה,,470.00,100 גרם,false,,19.90,0.0423,true,1,246295
7290112003966,false,"אבקה להסרת כתמים לכביסה לבנה ""וניש גולד""",רקיט בנקיזר,IT,וניש מסיר כתמים אבקה,,470.00,100 גרם,false,,19.90,0.0423,true,1,246294
7290112004208,false,טבליות למדיח בניחוח לימון 50 יח' פיניש,RECKITT BENCKISER PR,PL,פיניש טבליות למדיח,יחידה,0.00,יחידה,false,,35.90,0.0000,true,1,248803
7290112004321,false,מגבונים לניקוי כללי בניחוח רימונים וליים 60 יח' דטול,רקיט בנקיזר,PL,דטול מטליות לחות לני,יחידה,0.00,יחידה,false,,15.90,0.0000,true,1,246376
7290112330352,false,"יוגורט PRO בטעם וניל 0% , 20 גרם חלבון בגביע","שטראוס בריאות בע""מ",IL,דנונה פרו וניל 0% שו,,200.00,,false,,6.50,0.0325,true,1,229966
7290112330390,false,יוגורט PRO בטעם פירות יער 0% 20 גרם חלבון בגביע,"שטראוס בריאות בע""מ",IL,דנונה פרו 20 גרם פיר,,200.00,100 גרם,false,,6.50,0.0325,true,1,229967
7290112330420,false,דנונה פרו לבן 2.9% שומן 150 ג',מיוצר עי קונדיטוריית,IL,דנונה פרו לבן 150 ג,,150.00,,false,,4.90,0.0327,true,1,229968
7290112332585,false,"פריכיות תפו""א, אורז בתיבול סלק ומלח חי 30 גר'","פרח תעשיו מזון בע""מ",IL,"פריכיות תפו""א/אורז/ב",,30.00,,false,,5.90,0.1967,true,1,232033
7290112332691,false,פינוקיות עוגיות קרם פסק זמן אגוזים 200 גרם,הגביע מוצרי ופלים בע,IL,עוגיות קרם פסק זמן א,,200.00,,false,,11.90,0.0595,true,1,232037
7290112335111,false,מסטיק מאסט קוביות בזוקה ללא גלוטן 86 גר,שטראוס עלית,DE,מאסט מסטיק קוביות בט,,86.00,100 גרם,false,,14.90,0.1733,true,1,240052
7290112335487,false,פריכיות הטעימות קצח ודגנים אנרגי 135 גר,אנרג'י Energy - שטראוס,IL,פריכיות הטעימות קצח,,135.00,100 גרם,false,,13.90,0.1030,true,1,232047
7290112335494,false,הפריכיות הטעימות תפוחי אדמה בטעם פוטטוס,"פרח תעשיות מזון בע""מ",IL,פריכיות הטעימות פוטט,,135.00,,false,,13.90,0.1030,true,1,232048
7290112335500,false,"פרכיות אנרג'י חומוס,אורז,עדשים שחורות וקינואה 135 גרם",אנרג'י Energy - שטראוס,IL,פריכיות הטעימות חלבו,,135.00,100 גרם,false,,13.90,0.1030,true,1,232049
7290112336637,false,סוכריות מאסט Must ללא סוכר יוגורט תות ואוכניות,שטראוס גרופ,PL,מאסט סוכריות יוגורט,,80.00,100 גרם,false,,9.40,0.1175,true,1,232063
7290112336651,false,סוכריות מאסט ללא סוכר ריבת חלב 80 ג' עלית,שטראוס גרופ,PL,מאסט סוכריות ריבת חל,,80.00,,false,,9.40,0.1175,true,1,232065
7290112336712,false,יוגורט PRO לבן 0% 21 גרם חלבון בגביע,"שטראוס בריאות בע""מ",IL,דנונה פרו 21 עשיר בח,,200.00,,false,,6.50,0.0325,true,1,229978
7290112337474,false,סוכריות מאסט ללא סוכר פטל לימון 80 ג' עלית,שטראוס גרופ,PL,מאסט סוכריות פטל לימ,,80.00,100 גרם,false,,9.40,0.1175,true,1,232067
7290112337481,false,סוכריות מאסט ללא סוכר קפצ''ינו 80 ג' עלית,שטראוס גרופ,PL,מאסט סוכריות קפוצ'ינ,,80.00,,false,,9.40,0.1175,true,1,232068
7290112338877,false,מעדן גבינה בטעם תות 3% 125ג' סקי,"שטראוס בריאות בע""מ",IL,סקי תות 3% 125 גרם,,125.00,100 גרם,false,,4.00,0.0320,true,1,229979
7290112339171,false,מילקי מוס עם שוקולד וקצפת,מיוצר עי קונדיטוריית,IL,מילקי מוס 81גר,,81.00,,false,,3.70,0.0457,true,1,229983
7290112339362,false,דנונה לייט אנד פריי בטעם קפוצ'ינו 150 גרם,דנונה - שטראוס,IL,דנונה לייט אנד פרייי,,150.00,,false,,4.90,0.0327,true,1,229986
7290112339867,false,גמדים לדרך גבינה לבנה עם מחית תות,שטראוס,IL,גמדים סקוויז תות 100,,100.00,,false,,5.90,0.0590,true,1,229989
7290112339874,false,גמדים לדרך גבינה לבנה עם מחיות תות ובננה,שטראוס,IL,גמדים סקוויז תות בננ,,100.00,,false,,5.90,0.0590,true,1,229990
7290112340122,false,פריכיות טעימות 3 דגנים אנרגי 135 גר,אנרג'י Energy - שטראוס,IL,פריכיות הטעימות 3 דג,,135.00,,false,,13.90,0.1030,true,1,232073
7290112340245,false,צנצנת מסטיק מאסט בטעם דובדבן 66 ג' עלית,"שטראוס גרופ בע""מ",IL,מסטיק מאסט דובדבן מג,,66.00,100 גרם,false,,10.90,0.1652,true,1,232075
7290112340252,false,צנצנת מסטיק מאסט בטעם אבטיח מלון 66 ג' עלית,"שטראוס גרופ בע""מ",IL,מסטיק מאסט אבטיח מלו,,66.00,100 גרם,false,,10.90,0.1652,true,1,232076
7290112340276,false,פינוקיות עוגיות קרם קפה 200 גרם,הגביע מוצרי ופלים בע,IL,עוגיות קרם קפה נמס 2,,200.00,100 גרם,false,,11.90,0.0595,true,1,232078
7290112341556,false,אקטיביה עם צ'יה ותות 150 ג' דנונה,דנונה - שטראוס,IL,אקטיביה צ'יה ותות 15,,150.00,100 גרם,false,,4.90,0.0327,true,1,229994
7290112341679,false,דנונה אקטיביה 3% שומן 200 גרם,מיוצר עי קונדיטוריית,IL,אקטיביה 3% 200 גרם,,150.00,100 גרם,false,,3.90,0.0260,true,1,229995
7290112341686,false,מארז אקטיביה שמיניה 3% 150 גר*8,מיוצר עי קונדיטוריית,IL,אקטיביה 3% מארז שמינ,,1200.00,,false,,21.90,0.0182,true,1,229996
7290112342102,false,סימפוניה גבינה במרקם שמנת בצל מקורמל 5%,"שטראוס בריאות בע""מ",IL,גבינת סימפוניה בצל מ,,200.00,,false,,11.90,0.0595,true,1,229999
7290112343260,false,"יטבתה רוטב שמנת קלאסי 9% שומן 260 מ""ל",שטראוס גרופ,IL,רוטב שמנת קלאסי 9% י,,250.00,100 גרם,false,,10.90,0.0436,true,1,230004
7290112343420,false,"משקה חלב עם דגנים מלאים ובננה פרו יטבתה 350מ""ל",מחלבת יטבתה,IL,שייק פרו ארוחת בוקר,,350.00,,false,,7.70,0.0220,true,1,230005
7290112343499,false,חטיף צ'יטוס פאפס אפוי בטעם גבינה,"שטראוס פריטו ליי בע""",IL,ציטוס פופס 55גרם,,55.00,100 גרם,false,,4.10,0.0745,true,1,246801
7290112344564,false,רביולי גבינה קלאסי שטראוס 400 ג',מיוצר עי קונדיטוריית,IL,רביולי גבינה ילדים 4,,300.00,,false,,22.90,0.0763,true,1,230006
7290112344755,false,מילקי שוקולד 26% פחות סוכר 135 גרם,מיוצר עי קונדיטוריית,IL,מילקי בטעם שוקולד עם,,135.00,,false,,2.90,0.0215,true,1,230009
7290112344786,false,קפה פלטינום קלאסיק 200 ג' עלית,הנסיך- מפעל לייצור ט,IL,קפה פלטינום קלאסיק ע,,200.00,100 גרם,false,,29.90,0.1495,true,1,232108
7290112344991,false,דנונה לייט אנד פריי בטעם תות 150 ג',שטראוס,IL,דנונה לייט אנד פרייי,,150.00,,false,,4.90,0.0327,true,1,230012
7290112346360,false,בפלות אחת אחת ופל בטעם שוקולד מצופה שוקולד,הגביע מוצרי וופלים ב,GR,בפלות בציפוי שוקולד,,180.00,,false,,15.90,0.0883,true,1,232117
7290112346506,false,דנונה לייט אנד פריי בטעם אפרסק 150 גר',שטראוס,IL,דנונה לייט אנד פרייי,,150.00,100 גרם,false,,4.90,0.0327,true,1,230015
7290112346537,false,עוגיות פינוקיות בטעם טורטית 200 ג' עלית,הגביע מוצרי ופלים בע,IL,עוגיות פינוקיות בטעם,,200.00,,false,,11.90,0.0595,true,1,232118
7290112346629,false,דנונה בר יוגורט+קורנפלקס מצופה שוקולד חלב ולבן 172 גרם,דנונה - שטראוס,IL,דנונה עם קורנפלקס מצ,,172.00,,false,,4.90,0.0285,true,1,230016
7290112346773,false,יוגורט בטעם וניל 0% לייט אנד פרי 10 גרם חלבון בגביע,מיוצר עי קונדיטוריית,IL,דנונה לייט אנד פריי,,150.00,,false,,4.90,0.0327,true,1,244614
7290112346797,false,יוגורט אקטיביה שיבולת שועל ושזיף 150 גרם,מיוצר עי קונדיטוריית,IL,אקטיביה שיבולת שועל,,150.00,,false,,4.90,0.0327,true,1,230021
7290112346827,false,אקטימל ויטמין c פטל שמינייה 864 גרם,שטראוס גרופ,IL,אקטימל ויטמין C פטל,,864.00,100 גרם,false,,21.90,0.0253,true,1,230022
7290112347008,false,גמדים לדרך גבינה לבנה עם מחית תות ושיבולת שועל,מיוצר עי קונדיטוריית,IL,גמדים סקוויז ארוחת ב,,100.00,100 גרם,false,,5.90,0.0590,true,1,230023
7290112348142,false,שעועית לבנה 380 גר' בקופסה טעם הטבע,שטראוס טעם הטבע,IT,שעועית לבנה ט.הטבע ק,,380.00,100 גרם,false,,6.90,0.0182,true,1,232127
7290112348999,false,פריכיות טעימות תירס דקות 135 גרם,פרח תעשיות,IL,אנרג'י פריכיות הטעימ,,135.00,100 גרם,false,,13.90,0.1030,true,1,244417
7290112349316,false,מסטיק בזוקה פופים ממולא בטעם תות ללא סוכר,רוג'ר אנד רוג'ר,DE,בזוקה ביג פופים בטעם,,86.00,100 גרם,false,,14.90,0.1733,true,1,232139
7290112349347,false,מאסט סוכריות FRESH בטעם מנטה,שטראוס גרופ,TR,סוכריות פרש בטעם מנט,יחידה,0.00,יחידה,false,,4.90,0.0000,true,1,251156
7290112349354,false,סוכריות פרש בטעם פטל לימון 15 גרם,שטראוס גרופ,TR,סוכריות פרש בטעם פטל,יחידה,0.00,יחידה,false,,4.90,0.0000,true,1,251157
7290112349378,false,מאסט סוכריות FRESH בטעם תות רימון,"הליקון גידה בע""מ",TR,סוכריות פרש בטעם רימ,יחידה,0.00,יחידה,false,,4.90,0.0000,true,1,251158
7290112349606,false,מעדן גבינה ויוגורט תות בננה 88 ג' דניאלה,"שטראוס בריאות בע""מ",IL,דניאלה בטעם תות בננה,,88.00,100 גרם,false,,4.30,0.0489,true,1,247637
7290112349705,false,פומודורו רוטב עגבניות קלאסי לפסטה 350 גר' יד מרדכי,אמיליאנה קונסרב סוסי,IT,רוטב עגבניות קלאסי ל,,350.00,100 גרם,false,,12.90,0.0369,true,1,232143
7290112349897,false,מסטיק מאסט Must קוביות בטעם מנטה ללא סוכר,רוג'ר אנד רוג'ר,DE,מאסט קוביות מנטה 86ג,,86.00,100 גרם,false,,14.90,0.1733,true,1,232147
7290112350312,false,קפסולות 15 קפה יותר למכונות נספרסו עלית 10יח',הנסיך- מפעל לייצור ט,IL,קפסולות מס' 15למכונו,,50.00,,false,,19.90,0.3980,true,1,232152
7290112355027,false,דנונה פרו 20 גרם חלבון קרמל מלוח 200 גרם,"שטראוס בריאות בע""מ",IL,דנונה פרו 20 בטעם קר,,200.00,100 גרם,false,,6.50,0.0325,true,1,230064
7290112355102,false,גמדים סקוויז 100 גרם פאוץ סלט פירות 100 גרם,"שטראוס בריאות בע""מ",IL,גמדים סקוויז סלט פיר,,100.00,100 גרם,false,,5.90,0.0590,true,1,244900
7290112355393,false,"יטבתה רוטב שמנת+בטטה 9% שומן 250 מ""ל",שטראוס גרופ,IL,רוטב שמנת עם בטטה 2,,257.00,100 גרם,false,,10.90,0.0424,true,1,253650
7290112355812,false,מילקי טופ קורנפלקס 141 ג' שטראוס,"שטראוס גרופ בע""מ",IL,מילקי טופ קורנפלקס 1,,141.00,,false,,4.90,0.0348,true,1,249090
7290112356536,false,אבקת קקאו 150 גר 10% תוספת עלית,הנסיך- מפעל לייצור ט,IL,קקאו עלית 150 גרם+10,,150.00,100 גרם,false,,10.90,0.0727,true,1,232175
7290112357083,false,טעם הטבע אפונה ירוקה 380 גרם קופסה,הדקלאים אגודת שיתופי,IT,אפונת גינה ט.הטבע קו,,380.00,100 גרם,false,,6.90,0.0182,true,1,237641
7290112357106,false,שעועית אדומה 380 גר' בקופסה טעם הטבע,שטראוס טעם הטבע,IT,שעועית אדומה ט.הטבע,,380.00,100 גרם,false,,6.90,0.0182,true,1,232178
7290112357113,false,גרגרי חומוס בקופסה 380 גר' טעם הטבע,שטראוס טעם הטבע,IT,גרגרי חומוס ט.הטבע ק,,380.00,100 גרם,false,,6.90,0.0182,true,1,232179
7290112358127,false,דנונה פרו חלבון+מגנזיום- וניל ועוגיות 200 גרם,מיוצר עי קונדיטוריית,IL,דנונה פרו 20גר חלבון,,200.00,,false,,6.70,0.0335,true,1,230069
7290112358431,false,עד חצות דאבל ביסקוויט עם שוקולד חלב -8 אריזות אישיות,הדקלאים אגודת שיתופי,IL,עד חצות ביסקוויט דאב,,200.00,,false,,15.90,0.0795,true,1,245497
7290112490032,false,"נמס בכוס תירס קנור בד""ץ, זוגי 22.5X2 גרם,",יוניליוור,IL,נמס בכוס קנור תירס,יחידה,0.00,יחידה,false,,7.90,0.0000,true,1,229357
7290112490117,false,טבלת קליק XL אגוז וופל 85 ג' ורד הגליל!,יוניליוור ישראל מזון,IL,קליק שוקולד וופל ואג,,85.00,,false,,6.90,0.0812,true,1,229361
7290112490209,false,נמס בכוס מרק עגבניות עם קרוטונים רכיבים טבעיים,אתר חיפה אבקות - Foo,IL,נמס בכוס קנור עגבניו,,56.00,,false,,7.90,0.1411,true,1,229363
7290112490216,false,נמס בכוס מרק עוף עם קרוטונים רכיבים טבעיים,אתר חיפה אבקות - Foo,IL,נמס בכוס קנור עוף קר,,48.00,100 גרם,false,,7.90,0.1646,true,1,229364
7290112490230,false,קנור מרק נמס בכוס אפונה רכיבים טבעיים,אתר חיפה אבקות - Foo,IL,נמס בכוס קנור אפונה,,50.00,100 גרם,false,,7.90,0.1580,true,1,229365
7290112490650,false,קונפיטורה תות שדה 340 גרם-צנצנת,קונפיטורות לה-ארדניי,IL,קונפיטורה 778 תות שד,,340.00,100 גרם,false,,15.90,0.0468,true,1,229366
7290112490667,false,קונפיטורה משמש778 50% פרי 340 גר',אתר חיפה 778 - Food,IL,קונפיטורה 778 משמש 3,,340.00,,false,,15.90,0.0468,true,1,229367
7290112490698,false,קונפיטורה תות שדה לייט 300 גרם-צנצנת,אתר חיפה 778 - Food,IL,קונפיטורה 778 תות שד,,260.00,,false,,16.90,0.0650,true,1,229370
7290112490728,false,מרק עשיר ירקות עם בורגול רכיבים טבעיים 95 ג' קנור,יוניליוור ישראל מזון,IL,מרק עשיר ירקות בורגו,,95.00,,false,,12.90,0.1358,true,1,236291
7290112490735,false,מרק עשיר עגבניות פסטה ר.טבעי קנור 105ג',יוניליוור,IL,מרק עשיר עגבניות פסט,,105.00,,false,,12.90,0.1229,true,1,236292
7290112490742,false,מרק עשיר פטריות עם גריסים רכיבים טבעיים 104 ג' קנור,יוניליוור,IL,מרק עשיר פטריות גריס,,104.00,,false,,12.90,0.1240,true,1,236293
7290112490759,false,מרק עשיר עוף עם אטריות רכיבים טבעיים 74 ג' קנור,יוניליוור,IL,מרק עשיר עוף איטריות,,74.00,,false,,12.90,0.1743,true,1,236294
7290112491770,false,בייגלה דקים דקים מלח ב.בייגל 300 גר',בייגל את בייגל מזון,IL,בייגלה דקים דקים מלח,,300.00,100 גרם,false,,11.90,0.0397,true,1,229379
7290112492449,false,פינוק שמפו שיער רגיל 700 מל-חדש,יוניליוור ישראל טיפו,IL,פינוק שמפו לשיער רגי,,700.00,,false,,13.90,0.0199,true,1,229386
7290112492470,false,פינוק 2ב-1 שמפו ומרכך לשיער יבש ופגום,אתר ליוור - HPC,IL,פינוק 2ב1 לשיער יבש,,700.00,100 גרם,false,,13.90,0.0199,true,1,244519
7290112492487,false,פינוק שמפו לשיער עם שמן מרוקאי 700 מל,יוניליוור ישראל טיפו,IL,פינוק שמפו שמן מרוקא,,700.00,,false,,13.90,0.0199,true,1,229389
7290112492500,false,פינוק שמפו לשיער עם שמן קוקוס 700 מל,"יוניליור ישראל, טיפו",IL,פינוק שמפו שמן קוקוס,,700.00,100 גרם,false,,13.90,0.0199,true,1,229390
7290112492531,false,פינוק מרכך שיער רגיל 700 מל-חדש,אתר ליוור - HPC,IL,פינוק מרכך לשיער רגי,,700.00,,false,,13.90,0.0199,true,1,229391
7290112492579,false,פינוק מרכך בתוספת שמן קוקוס 700 מל-חדש,אתר ליוור - HPC,IL,פינוק מרכך לשיער שמן,,700.00,,false,,13.90,0.0199,true,1,229393
7290112492593,false,תחליב רחצה פינוק בניחוח פינוק קלאסי 700,אתר ליוור - HPC,IL,פינוק תחליב רחצה קלא,,700.00,,false,,13.90,0.0199,true,1,229394
7290112492722,false,"2ב-1 שמפו ומרכך פינוק אל דמע לסירוק קל לילדים 700 מ""ל",אתר ליוור - HPC,IL,פינוק שמפו ומרכך ליל,,700.00,100 גרם,false,,13.90,0.0199,true,1,236304
7290112492982,false,"אבקת מרק פטריות כשל""פ 100% רכיבים טבעיים 400 גרם",יוניליוור ישראל מזון,IL,קנור א.מרק פטריות רכ,,400.00,100 גרם,false,,25.90,0.0647,true,1,229405
7290112493088,false,נמס בכוס עדשים מרק רכיבים טבעיים קנור 54 ג',אתר חיפה אבקות - Foo,IL,נמס בכוס קנור עדשים,,54.00,100 גרם,false,,7.90,0.1463,true,1,229410
7290112493095,false,נמס בכוס מרק עגבניות חריף רכיבים טבעיים קנור 48 ג',אתר חיפה אבקות - Foo,IL,נמס בכוס קנורעגבניות,,48.00,,false,,7.90,0.1646,true,1,229411
7290112493293,false,קנור - נמס ירקות וקרוטונים ר.טבעי 44 גרם,אתר חיפה אבקות - Foo,IL,נמס בכוס קנור ירקות,,44.00,100 גרם,false,,7.90,0.1795,true,1,229418
7290112493927,false,גלידה בטעם ריבת חלב 1.33ל' קרמיסימו,"גלידת שטראוס בע""מ, ר",IL,קרמיסימו רית חלב 1.3,,1300.00,,false,,22.90,0.0176,true,1,229649
7290112493965,false,קרמיסימו חלבית בטעם מסטיק וניל 665 גר,"גלידת שטראוס בע""מ, ר",IL,קרמיסימו מסטיגם 1.33,,1300.00,,false,,22.90,0.0176,true,1,229651
7290112494153,false,תיבולית ניחוח צלי קנור 72 גרם,יוניליוור ישראל מזון,IL,קנור תיבולית בניחוח,יחידה,0.00,יחידה,false,,10.90,0.0000,true,1,236307
7290112494832,false,תרחיץ פנים לכל סוגי העור מכיל 25% קרם לחות,אתר ליוור - HPC,IL,דאב תרחייץ פנים לעור,יחידה,0.00,יחידה,false,,19.90,0.0000,true,1,251167
7290112495037,false,דגני בוקר בטעם שוקולד כדורים 375 ג' קוקומן,יוניליוור שפע ישראל,IL,קוקומן כדורים 375גר,,375.00,100 גרם,false,,22.90,0.0611,true,1,229450
7290112495044,false,ציפי (פצפוצים) גריין בדצ 500גר,יוניליור שפע ישראל ב,IL,קוקומן פצפוצים 375גר,,375.00,100 גרם,false,,22.90,0.0611,true,1,229451
7290112495433,false,דגני דליפקאן תוספת אגוזי פקאן ושקדים 400 גר,יוניליור שפע ישראל ב,IL,"דליפקאן בד""ץ תלמה 40",,400.00,100 גרם,false,,23.90,0.0597,true,1,229464
7290112495488,false,קורנפלקס פתיתי תירס קלויים ללא גלוטן 500,"מולינו ניקולי S.p.A,",IT,קורנפלקס ללא גלוטן 5,,500.00,,false,,22.90,0.0458,true,1,239204
7290112495662,false,קרקר חיטה מלאה ופשתן בייגל בייגל 300 גרם,"מיוצר ע""י קוד יצרן A",IL,קרקר חיטה מלאה עם פש,,300.00,,false,,9.90,0.0330,true,1,229469
7290112496027,false,סירופ שוקולד 580 גרם-בקבוק,יוניליוור ישראל מזון,IL,אפיכל סירופ שוקולד 5,,580.00,100 גרם,false,,16.90,0.0291,true,1,229484
7290112496287,false,פתית - צ'יפס בטטה בטעם טבעי 21 גרם,JLM גלובל פודס37 דרך,GB,פתית צ'יפס בטטה בטעם,,0.00,100 גרם,false,,4.90,0.0000,true,1,236322
7290112496331,false,קורנפלקס בננה תלמה 448 גרם,אתר שפע - Food,IL,קורנפלקס בטעם בננה ת,,448.00,,false,,18.90,0.0422,true,1,245177
7290112497000,false,פנטסטיק תרכיז ניקוי רב תכליתי בניחוח לימון,"זוהר דליה, קיבוץ דלי",IL,סיף תרכיז ניקוי רב ת,,1000.00,,false,,13.90,0.0139,true,1,229487
7290112497123,false,סחלב תערובת להכנת מעדן בטעם סחלב 112גרם,יוניליוור ישראל מזון,IL,סחלב תערובת להכנה 11,,112.00,100 גרם,false,,14.90,0.1330,true,1,229488
7290112498007,false,גרנולה פרוטאין בתוספת חלבון שקדים וחמוציות תלמה 300 ג',חטיפי העמק,IL,גרנולה פרוטאין שקדים,,300.00,,false,,16.90,0.0563,true,1,249926
7290112498083,false,שמפו פינוק שמן חוחוב,יוניליוור,IL,פינוק שמפו בתוספת שמ,,700.00,100 גרם,false,,13.90,0.0199,true,1,229489
7290112498090,false,מרכך בתוספת שמן חוחבה 700 מ''ל פינוק,אתר ליוור - HPC,IL,פינוק מרכך בתוספת שמ,,700.00,,false,,13.90,0.0199,true,1,229490
7290112498267,false,פינוק אל סבון לידיים בניחוח פינוק קלאסי,קוסטר אירוסול ולף סנ,TR,פינוק סבון ידיים קלא,,950.00,100 גרם,false,,12.90,0.0136,true,1,246495
7290112498274,false,פינוק אלסבון לידיים לבנדר וניל 1ליטר+משא,יוניליוור ישראל טיפו,TR,פינוק סבון ידיים לבנ,,950.00,100 גרם,false,,12.90,0.0136,true,1,246496
7290112498472,false,אקס דאודורנט בודי ספריי מגנום,"ארנסט, רחוב קומבינצק",RU,אקס ספריי גוף מגנום,,150.00,100 גרם,false,,15.90,0.1060,true,1,246010
7290112498922,false,מאגדת מיני מגנום שוקולד לבן 250 ג',"מיוצר ע""י גלידת שטרא",IL,מיני מגנום לבן 250גר,,250.00,,false,,31.90,0.1276,true,1,245322
7290112499844,false,מאגדת מיני מגנום דואט שוקולד עם נוגט 5 יח' שטראוס,"מיוצר ע""י גלידת שטרא",IL,מיני מגנום דואט שוקו,,310.00,,false,,32.90,0.1061,true,1,229668
7290112961266,false,בייגלה כפיות פיזור איטלקי 300 גרם אסם,"אסם תעשיות בע""מ",IL,בייגלה כפיות פיוזור,,300.00,100 גרם,false,,12.50,0.0417,true,1,228849
7290112963321,false,גרטיפי בייגלה שטוח הכל ללא גלוטן 300 גר,מיוצר עי קונדיטוריית,IL,גרטיפי בייגלה שטוח ל,,300.00,,false,,17.90,0.0597,true,1,236115
7290112963918,false,פיטנס חטיפי קרקר דק רוזמרין 140 גרם,נסטלה Nestle,IL,פיטנס קרקר דק רוזמרי,,140.00,,false,,12.90,0.0921,true,1,228875
7290112964410,false,אסם רוטב אלף האיים חדש לסלט 290 גרם,"אסם תעשיות בע""מ",IL,רוטב אלף האיים לסלט,,290.00,,false,,13.90,0.0479,true,1,228884
7290112964434,false,אסם רוטב קיסר חדש לסלט 295 גרם,"אסם תעשיות בע""מ",IL,רוטב קיסר לסלט אסם 2,,295.00,,false,,13.90,0.0471,true,1,228885
7290112964458,false,רוטב ויניגרט חדש לסלט 295 גרם אסם,"אסם תעשיות בע""מ",IL,רוטב ויניגרט לסלט אס,,295.00,,false,,13.90,0.0471,true,1,228886
7290112964472,false,אסם רוטב שום חדש לסלט 290 גרם,"אסם תעשיות בע""מ",IL,רוטב שום לסלט אסם 29,,290.00,,false,,13.90,0.0479,true,1,228887
7290112964564,false,"רוטב אלף האיים לייט לסלט 290 מ""ל אסם","אסם תעשיות בע""מ",IL,רוטב אלף האיים לייט,,295.00,100 גרם,false,,13.90,0.0471,true,1,228889
7290112964601,false,רוטב בנוסח סצ'ואן הסדרה האסייתית,"אסם תעשיות בע""מ",IL,אסם רוטב בנוסח סצואן,,290.00,100 גרם,false,,15.90,0.0548,true,1,228891
7290112964724,false,המבורגר צמחוני עם המון חלבון 580 גר,מיוצר עי קונדיטוריית,IL,טבעול המבורגר טבעוני,,580.00,,false,,34.90,0.0602,true,1,228894
7290112965141,false,תבשיל פתיתים אפויים עם ירקות 130 גרם,"אסם תעשיות בע""מ",IL,תבשיל פתיתים אפויים,,130.00,,false,,12.50,0.0962,true,1,228898
7290112965240,false,אוסם - מרק נמס עגבניות זוג 30 גרם * 2,"אסם תעשיות בע""מ",IL,זוג מרק נמס עגבניות,,44.00,,false,,6.90,0.1568,true,1,228902
7290112965264,false,אסם זוג מרק נמס אפונה בדצ 14*30גרם,"אסם תעשיות בע""מ",IL,זוג מרק נמס אפונה בד,,52.00,,false,,6.90,0.1327,true,1,228903
7290112965288,false,אסם זוג מרק נמס ירקות בדצ10*30גרם,"אסם תעשיות בע""מ",IL,זוג מרק נמס ירקות בד,,56.00,100 גרם,false,,6.90,0.1232,true,1,228904
7290112965301,false,זוג מרק נמס בטעם עוף עם שקדי מרק רגע חם,"אסם תעשיות בע""מ",IL,זוג מרק נמס טעם עוף,,38.00,,false,,6.90,0.1816,true,1,228905
7290112965585,false,פסטה פרפקטו קסרצ'ה 500 גרם,אסם פרפקטו Perfecto,IT,פרפקטו פסטה קסרצה 50,,500.00,,false,,8.90,0.0178,true,1,228912
7290112965660,false,פיטנס - חטיף מולטיגריין מלח פלפל 25 גרם,מיוצר עי קונדיטוריית,IL,פיטנס חטיף מולטיגריי,,25.00,,false,,5.90,0.2360,true,1,228915
7290112965684,false,פיטנס - חטיף מולטיגריין עשבי תיבול 25 גרם,מיוצר עי קונדיטוריית,IL,פיטנס חטיף מולטיגריי,,25.00,,false,,5.90,0.2360,true,1,228916
7290112965707,false,פיטנס - חטיף מולטיגריין צילי מעודן 25 גרם,"אסם השקעות בע""מ",IL,פיטנס חטיף מולטיגריי,,25.00,,false,,5.90,0.2360,true,1,228917
7290112965783,false,אוסם - ביסלי פריסטייל על האש 60 גרם,"אסם תעשיות בע""מ",IL,ביסלי פריסטייל על הא,,60.00,100 גרם,false,,5.60,0.0933,true,1,245622
7290112966001,false,"טבעול גורמה ארוחת ירוקים, 450 גרם",טבעול (מקבוצת אסם הש,IL,טבעול גורמה ארוחת יר,,450.00,100 גרם,false,,38.90,0.0864,true,1,248729
7290112966094,false,הבית עוגת תפוז מופחתת סוכר 400 גרם,מיוצר עי קונדיטוריית,IL,עוגת הבית תפוז מופחת,,400.00,,false,,15.90,0.0398,true,1,228928
7290112966728,false,צבר טחינה בלאדי פלפלים חריפים 350 גרם,שוורצקוף& הנקל דיסלד,IL,טחינה באלדי פלפלים ח,,350.00,100 גרם,false,,16.90,0.0483,true,1,228940
7290112966766,false,צבר טחינה בלאדי חציל עגבניות ושום 350 גרם,שוורצקוף& הנקל דיסלד,IL,טחינה באלדי חציל עגב,,350.00,100 גרם,false,,16.90,0.0483,true,1,228942
7290112966780,false,צבר טחינה בלאדי עם חציל קלוי 350 גרם,שוורצקוף& הנקל דיסלד,IL,טחינה באלדי עם חציל,,350.00,100 גרם,false,,16.90,0.0483,true,1,228943
7290112966841,false,אינסטנט פודינג בטעם שוקולד מריר 95 גרם,מיוצר עי קונדיטוריית,IL,פודינג שוקולד מריר א,,90.00,,false,,6.30,0.0700,true,1,228946
7290112967299,false,אסם מרק ירקות ייעודי,,,מרק ירקות ייעודי 50ג,יחידה,0.00,יחידה,false,,4.90,0.0000,true,1,251171
7290112967381,false,פיטנס חטיפי פריכיות קטניות ומלח ים 60 גר',"פרח תעשיות מזון בע""מ",IL,פיטנס חטיפי פריכיות,,60.00,,false,,9.50,0.1583,true,1,228949
7290112967572,false,"אסם רוטב ברביקיו 290 מ""ל אסם",Unknown,IL,רוטב ברבקיו אוסם 290,,290.00,100 גרם,false,,13.90,0.0479,true,1,228954
7290112967848,false,אסם ג'לי תות שדה מופחת סוכר 90 גרם,מיוצר עי קונדיטוריית,IL,ג'לי תות מופחת סוכר,,68.00,,false,,7.50,0.1103,true,1,245274
7290112968203,false,צבר סלט טחינה בלאדי 6*250גרם,שוורצקוף& הנקל דיסלד,IL,סלט טחינה באלדי צבר,,250.00,100 גרם,false,,11.90,0.0476,true,1,228967
7290112968340,false,צבר חומוס גרוס גס גס 400 גרם,שוורצקוף& הנקל דיסלד,IL,חומוס גרוס גס גס צבר,,400.00,,false,,15.50,0.0388,true,1,228968
7290112968449,false,סלט טחינה כרוב אדום 250 גרם,שוורצקוף& הנקל דיסלד,IL,סלט כרוב אדום צבר 25,,250.00,,false,,10.90,0.0436,true,1,228973
7290112968807,false,פיטנס - קרקר דק סלק 140 גרם,מפעל אסם יקנעם,IL,פיטנס קרקר דק סלק 14,,140.00,100 גרם,false,,12.90,0.0921,true,1,239125
7290112968821,false,פיטנס - קרקר דק בטטה 140 גרם,מפעל אסם יקנעם,IL,פיטנס קרקר דק בטטה 1,,140.00,,false,,12.90,0.0921,true,1,236124
7290113190450,false,ממרח תמרים שאן 450 גרם,"תמר העמקים בע""מ",IL,ממרח תמרים 450 גרם ש,,450.00,100 גרם,false,,6.90,0.0153,true,1,239724
7290113191921,false,סירופ מלבי 750 גרם,"פוליבה בע""ם",IL,"סירופ מלבי 750מ""ל",,750.00,,false,,16.90,0.0225,true,1,239726
7290113192102,false,"דפי אורז עגול קטן 16 ס""מ 250 גר'",תראן ראנח,VN,דפי אורז עגולים,יחידה,0.00,יחידה,false,,7.90,0.0000,true,1,252587
7290113192171,false,מיקס אגוזים שקדים וחמוציות 150 גרם,דין שיווק,IL,מיקס אגוזים שקדים וח,,150.00,,false,,10.90,0.0727,true,1,231918
7290113192201,false,תערובת להכנת סחלב 500 גרם,"י. כהן בע""מ",IL,תערובת להכנת סחלב 50,,500.00,,false,,14.90,0.0298,true,1,237145
7290113192218,false,תערובת להכנת מלבי 500 גרם,"שקדיה גבע תעשיות בע""",IL,תערובת להכנת מלבי 50,,500.00,100 גרם,false,,14.90,0.0298,true,1,237146
7290113192232,false,תערובת להכנה מהירה פנקייק'ס 400 גר',"י. כהן בע""מ",IL,תערובת להכנת פנקייקס,,400.00,100 גרם,false,,13.90,0.0348,true,1,237148
7290113192300,false,זיתים מושחרים חרוזית 275 גרם בית השיטה,בית השיטה,IL,חרוזית מושחר 275גרם,,275.00,,false,,11.90,0.0433,true,1,228985
7290113192317,false,טבעות זיתים מושחרים 280 גרם בית השיטה,בית השיטה,IL,טבעות זיתים מושחרים,,280.00,,false,,11.90,0.0425,true,1,228986
7290113192324,false,זיתים ירוקים ושלמים בינוניים 340 גרם,בית השיטה,IL,זית ירוק 340גרם בית,,340.00,,false,,10.90,0.0321,true,1,228987
7290113192348,false,בית השיטה זיתים ירוקים גדול מאודבטעם שום,בית השיטה,IL,זית ירוק טעם שום 17-,,340.00,,false,,11.50,0.0338,true,1,228989
7290113192355,false,חרוזית זיתים ירוקים ללא גלעין 275 ג' בית השיטה,בית השיטה,IL,חרוזית ירוק 275גרם ב,,275.00,100 גרם,false,,11.50,0.0418,true,1,228990
7290113192362,false,זיתים ירוקים טבעות A2 בית השיטה 280 גרם,בית השיטה,IL,טבעות זיתים ירוקים 2,,280.00,100 גרם,false,,11.90,0.0425,true,1,228991
7290113192386,false,בית השיטה זיתים ירוקים סורי מבוקע 340גרם,בית השיטה,IL,זית סורי מבוקע 340גר,,340.00,100 גרם,false,,11.90,0.0350,true,1,228993
7290113192393,false,בית השיטה קוקטייל זיתים א2 336 גרם,בית השיטה,IL,קוקטייל זיתים 336גרם,,336.00,100 גרם,false,,12.70,0.0378,true,1,228994
7290113192478,false,בית השיטה מלפפונים במלח בינוני 10-12 320 גרם,בית השיטה,IL,מלפפון במלח בינוניים,,320.00,100 גרם,false,,9.90,0.0309,true,1,229002
7290113192485,false,בית השיטה מלפפונים בחומץ בינוני 10-12 290 גרם,בית השיטה,IL,מלפפון בחומץ 10-12 2,,290.00,,false,,9.90,0.0341,true,1,229003
7290113192508,false,בית השיטה מלפפונים במלח קטן 1317 320 גרם,בית השיטה,IL,מלפפון במלח קטנים 13,,320.00,100 גרם,false,,10.90,0.0341,true,1,229005
7290113192515,false,בית השיטה מלפפונים במלח קטן מאוד 1825 320 גרם,בית השיטה,IL,מלפפון במלח 18-25 קט,,320.00,100 גרם,false,,13.90,0.0434,true,1,229006
7290113192522,false,בית השיטה מלפפונים בחומץ קטן מאוד 1825 290 גרם,בית השיטה,IL,מלפפון בחומץ 18-25 ק,,290.00,,false,,13.90,0.0479,true,1,229007
7290113192539,false,בית השיטה מלפפונים במלח גדול 79 320 גרם,בית השיטה,IL,מלפפון במלח גדולים 7,,320.00,,false,,7.90,0.0247,true,1,229008
7290113192546,false,"מלפפונים בחומץ רכיבים טבעיים 7-9 ""בית השיטה""",בית השיטה,IL,מלפפון בחומץ גדולים,,290.00,100 גרם,false,,7.90,0.0272,true,1,229009
7290113192560,false,בית השיטה פלפל שיפקה חריף כבוש 230 גרם,בית השיטה,IL,פלפל שיפקה א2 230 גר,,230.00,100 גרם,false,,7.90,0.0343,true,1,229011
7290113192577,false,בית השיטה כרוב כבוש חתוך 430 גרם,בית השיטה,IL,כרוב כבוש א2 430 גרם,,430.00,,false,,8.90,0.0207,true,1,229012
7290113192881,false,"טורטיה חיטה מופחת קלוריות, קוטר 20 ס""מ - 6 יח'",דין שיווק,TR,טורטיה חיטה מופחתת ק,,270.00,,false,,9.90,0.0367,true,1,237151
7290113192997,false,בית השיטה זית מרוקאי 340 גרם*,בית השיטה,IL,זית שחור יבש 340 גרם,,340.00,,false,,14.90,0.0438,true,1,229013
7290113193000,false,בית השיטה פלפל שיפקונית 230 גרם*,שוורצקוף& הנקל דיסלד,IL,פלפל שיפקונית 230 גר,,230.00,100 גרם,false,,12.50,0.0543,true,1,229014
7290113193017,false,בית השיטה חרוזית קוקטייל זיתים 275 גרם,"אסם תעשיות בע""מ",IL,קוקטייל זיתים חרוזית,,275.00,100 גרם,false,,14.90,0.0542,true,1,229015
7290113193031,false,חרוזית קלמטה - זיתים שחורים ללא גלעין קלמטה,שוורצקוף& הנקל דיסלד,IL,חרוזית קלמטה 275 גרם,,275.00,100 גרם,false,,14.90,0.0542,true,1,229016
7290113193888,false,חצילים מוחמצים 320 גרם בית השיטה,שוורצקוף& הנקל דיסלד,IL,חצילים מוחמצים 320 ג,,320.00,,false,,12.50,0.0391,true,1,244961
7290113194090,false,בית השיטה טבעות זיתים קלמטה 280 גרם,בית השיטה,IL,זית קלמטה טבעות 280,,280.00,100 גרם,false,,14.90,0.0532,true,1,236133
7290113196414,false,"אורז בסמטי 1 ק""ג כחול מטאלי שקדיה",דאבה סינג שאם סינג,IN,"אורז בסמטי 1 ק""ג שקד",,1000.00,,false,,12.90,0.0129,true,1,247050
7290113196506,false,פריכיות כוסמת ללא מלח שקדיה 150 ג',זנבר המכללה לטבעונות,IL,פריכיות כוסמת ללא מל,,150.00,,false,,10.90,0.0727,true,1,247047
7290113196902,false,מנה חמה אטריות אורז בטעם בקר 70 ג' סו שף,טיאן האנג פוד ג'וינט,VN,מנה חמה אטריות אורז,,60.00,,false,,7.90,0.1317,true,1,249324
7290113197169,false,חמאת בוטנים טבעית 510 גר,סופר נוטרי פודס,IN,חמאת בוטנים טבעית 51,,510.00,100 גרם,false,,17.90,0.0351,true,1,249327
7290113197176,false,חמאת בוטנים עם שבבים 510 גר,סופר נוטרי פודס,IN,חמאת בוטנים טבעית עם,,510.00,,false,,17.90,0.0351,true,1,249328
7290113199323,false,מיני טורטיה מקמח תירס,א. אקסולר גידה,TR,טורטיה מיני 150 גרם,,150.00,,false,,4.90,0.0327,true,1,249322
7290113199606,false,"חטיף בוטנים בסגנון ישראלי ללת""ס 220 גרם","שקדיה גבע תעשיות בע""",IL,חטיף בוטנים עם דלעת,,0.00,,false,,14.90,0.0000,true,1,248325
7290113199798,false,ממרח אגוזי קשיו 200 גר,פפאיינס,TW,ממרח 100 % אגוזי קשי,,200.00,,false,,24.90,0.1245,true,1,248906
7290113241879,false,אציטון,,,אציטון,יחידה,0.00,יחידה,false,,3.90,0.0000,true,1,252588
7290113560109,false,פרודונטקס מ.שיניים בטעם צמחי 75 מל,פרודונטקס Parodontax,SK,משחת שיניים פרודונטק,יחידה,0.00,יחידה,false,,24.90,0.0000,true,1,251176
7290114310215,false,"שמנת מתוקה 38% רמת הגולן 250 מ""ל ווסטהיים - מוצר בפיקוח",מילקו תעשיות בעמ,IL,שמנת מתוקה 38% בקבוק,,250.00,100 גרם,false,,6.47,0.0259,true,1,229548
7290114310222,false,חלב 1.5 ליטר 3% מועשר בסידן וויטמין D.,מילקו תעשיות בעמ,IL,חלב טרה 1.5ל 3ֵ% מעו,,1500.00,,false,,13.50,0.0090,true,1,223716
7290114310239,false,חלב טרה נטול לקטוז מועשר בוויטמין D 2% 1.5 ל',מילקו תעשיות בעמ,IL,חלב נטול לקטוז 1.5 ל,,1500.00,100 גרם,false,,13.50,0.0090,true,1,223717
7290114310338,false,"צפתית מעודנת 5% ""משק צוריאל"" 2250 גרם",מחלבת משק צוריאל,IL,צפתית מעודנת 225גר,,225.00,,false,,21.50,0.0956,true,1,244562
7290114310536,false,יוגורט לייט מעושר בחלבון בטעם וניל מולר 200 ג',מולר Muller,IL,מולר אקטיב לייט יוגו,,200.00,100 גרם,false,,6.90,0.0345,true,1,245564
7290114311038,false,שמנת מתוקה עמידה 32% 250מל בקבוק,מילקו,IL,שמנת להקצפה טרה 32%,,250.00,,false,,7.90,0.0316,true,1,248666
7290114311069,false,יוגורט לבן מועשר בחלבון 0% שומן 200 גרם muller active,מולר Muller,IL,מולר אקטיב 25ג חלבון,,200.00,,false,,5.70,0.0285,true,1,248029
7290114311076,false,"חמאת מולר צהובה עם שום, 200 גרם",מולר Muller,IL,מולר חמאה צהובה עם ש,,200.00,100 גרם,false,,12.90,0.0645,true,1,248668
7290114311298,false,יוגורט מולר פרופ בטעם תות בננה מלון 150,מולר Muller,IL,מולר פרופ קציפת תות,,150.00,,false,,5.20,0.0347,true,1,249081
7290114311304,false,יוגורט קציפת מנגו פסיפלורה בננה 150 ג' מולר,מולר Muller,IL,מולר פרופ קציפת מנגו,,150.00,100 גרם,false,,5.20,0.0347,true,1,249082
7290114311328,false,חלב נטול לקטוז מועשר בוויטמין די 1 ליטר 2%,ג'י.אר.אמ.גרופו אלימ,IL,חלב נטול לקטוז מועשר,,1000.00,,false,,8.70,0.0087,true,1,249432
7290114311359,false,יוגורט עם קציפת מנגו 3% שומן פרופ 150 ג' מולר,מולר Muller,IL,מולר פרופ קציפת מנגו,,150.00,100 גרם,false,,5.20,0.0347,true,1,249183
7290114311434,false,מולר אקטיב יוגורט בטעם קרמל מלוח 200 גרם,מילקו,IL,מולר אקטיב בטעם קרמל,,200.00,,false,,6.70,0.0335,true,1,249900
7290114311458,false,קרטון חלב 3% מועשר ויטמין די 1ליטר,Unknown,IL,חלב 3% מועשר ויטמין-,,1000.00,100 גרם,false,,8.10,0.0081,true,1,249642
7290114600941,false,מאסטר שף מיונז הולנדי לחיץ 435 גרם,קפה לנדוור,NL,מיונז הולנדי לחיץ מא,,435.00,,false,,16.90,0.0389,true,1,223719
7290114604840,false,"דפי אורז מאסטר שף קוטר 16 ס""מ 400 גרם",מאסטר שף,,דפי אורז קוטר 16מאסט,יחידה,0.00,יחידה,false,,12.90,0.0000,true,1,251185
7290114604895,false,ממרח ספייסי לחיץ מאסטר שף 446 גרם,מאסטר שף,NL,ממרח ספייסי לחיץ מאס,,446.00,,false,,16.90,0.0379,true,1,251189
7290114606530,false,רוטב בטעם מיונז וקטשופ מאסטר שף 515 גרם,מאסטר שף,NL,רוטב בטעם מיונז וקטש,,515.00,100 גרם,false,,16.90,0.0328,true,1,251193
7290115042160,false,כפפות ויניל שחורות,,,כפפות ויניל שחורות,יחידה,0.00,יחידה,false,,34.90,0.0000,true,1,252616
7290115042207,false,כפפות ויניל כחולות,,,כפפות ויניל כחולות,יחידה,0.00,יחידה,false,,19.90,0.0000,true,1,252620
7290115200003,false,אסם פתי בר פינוקים ניל 220 גרם,תאי פרזידנט פוד פאבל,PL,פתי בר פינוקי וניל 2,,220.00,100 גרם,false,,12.90,0.0586,true,1,229018
7290115200027,false,אסם פתי בר פינוקים שוקו 220 גרם,קריות זול,PL,פתי בר פינוקי שוקו 2,,220.00,100 גרם,false,,12.90,0.0586,true,1,229019
7290115200676,false,עוגיות קרמוגית במילוי קרם בטעם קרמל מלוח,היינץ צפון אמריקה מק,IL,קרמוגית קרמל מלוח אס,,200.00,,false,,12.90,0.0645,true,1,236140
7290115201031,false,אסם פתי בר דובי שוקולד 175 גרם,טרופיקל דגיל תעשיות,PL,פתי בר דובי שוקולד 1,,175.00,100 גרם,false,,12.90,0.0737,true,1,245284
7290115201680,false,ביסלי בטעם ברביקיו אסם 70 גרם,"אסם תעשיות בע""מ",IL,ביסלי ברביקיו אסם 70,,70.00,,false,,5.00,0.0714,true,1,236149
7290115201703,false,ביסלי בטעם ברביקיו 200 ג' אסם,מיוצר עי קונדיטוריית,IL,ביסלי ברביקיו אסם 20,,200.00,100 גרם,false,,9.90,0.0495,true,1,236150
7290115201741,false,ביסלי בטעם בצל אסם 70 גרם,"אסם תעשיות בע""מ",IL,ביסלי בטעם בצל אסם 7,,70.00,,false,,5.00,0.0714,true,1,229025
7290115202762,false,פרפקטו מיני ניוקי טריקולור 500 גרם - רבנות,Grandi Pastai Italia,IT,פרפקטו ניוקי טריקול,,500.00,,false,,11.90,0.0238,true,1,245270
7290115203134,false,פופקו פופקורן במבה אסם 80 גרם,"אסם תעשיות בע""מ",IL,פופקו פופקורן במבה א,,80.00,100 גרם,false,,5.90,0.0738,true,1,245623
7290115203172,false,במבה PRO מכיל 18 גרם חלבון בשקית,"אסם תעשיות בע""מ",IL,במבה פרו 80 גרם,,80.00,100 גרם,false,,5.60,0.0700,true,1,249397
7290115203486,false,אסם פירורית בטעם ביסלי גריל 200 גרם,עינת תעשיות מזון אגו,IL,פירורית אסם בטעם ביס,,200.00,,false,,6.90,0.0345,true,1,248571
7290115203806,false,"רוטב בסיס לבישול אסם 290 מ""ל","אסם תעשיות בע""מ",IL,רוטב בסיס אסם 290 גר,,290.00,100 גרם,false,,15.90,0.0548,true,1,247642
7290115204056,false,אסם קטשופ מופחת סוכר כלפ 690 גרם,"אסם תעשיות בע""מ",IL,קטשופ 56% פחות סוכר,,690.00,,false,,13.90,0.0201,true,1,246291
7290115204186,false,פסטו המעדינה של צבר,צבר,IL,צבר ממרח פסטו 190 גר,,190.00,,false,,17.90,0.0942,true,1,247775
7290115204957,false,לחמית איטלקית 160 גרם,"אסם תעשיות בע""מ",IL,לחמית איטלקית אסם 16,,160.00,,false,,11.90,0.0744,true,1,248574
7290115205176,false,פיטנס - קרקר דק כפרי פיטנס 140 גרם,נסטלה Nestle,IL,פיטנס קרקר דק כפרי 1,,140.00,,false,,12.90,0.0921,true,1,246853
7290115205251,false,פיטנס בר פריכיות קרמל מלוח 84 גרם,פרח תעשיות,IL,פיטנס בר פריכיות קרמ,,84.00,100 גרם,false,,14.90,0.1774,true,1,249721
7290115205312,false,קרקר פיטנס דק עם זיתי קלמטה ועשבי תיבול,"אסם השקעות בע""מ",IL,פיטנס קרקר דק זיתים,,140.00,,false,,12.90,0.0921,true,1,248576
7290115205527,false,פיטנס חטיף מולטגריין עם עדשים 24*25גרם,פיטנס,IL,פיטנס חטיף מולטיגריי,,25.00,,false,,5.90,0.2360,true,1,248915
7290115205541,false,חטיף פיטנס מולטיגריין עם חומוס 25 גרם,"אסם השקעות בע""מ",IL,פיטנס חטיף מולטיגריי,,25.00,,false,,5.90,0.2360,true,1,248916
7290115205695,false,אסם בונזור בצק מצונן לפיצה 460 גרם,נסטלה סוויס (שוויץ),IL,בצק לפיצה מצונן בונז,,460.00,,false,,19.90,0.0433,true,1,248952
7290115205718,false,אסם בונזור בצק מצונן עלים 230 גרם,נסטלה סוויס (שוויץ),IL,בצק עלים מצונן בונזו,,230.00,,false,,17.90,0.0778,true,1,248953
7290115205978,false,פתיבר ואצבעות שוקולד 180 גרם - רבנות,"ד""ר ג'רארד בע""מ",PL,פתי בר אצבעות שוקולד,,180.00,100 גרם,false,,12.90,0.0717,true,1,248134
7290115206173,false,אסם פתי בר קרמל 500 גרם חדש,"אסם תעשיות בע""מ",IL,פתי בר קרמל אסם 500,,500.00,100 גרם,false,,14.90,0.0298,true,1,246310
7290115207507,false,"סלט טורקי 330 גרם ""צבר""",ג'נרל מילס סאן אדריא,IL,צבר סלט טורקי 360גר,,360.00,,false,,17.90,0.0497,true,1,248735
7290115207620,false,"רוטב בסגנון סויה קלאסי 290 מ""ל אסם","אסם תעשיות בע""מ",IL,רוטב בסגנון סויה קלא,,290.00,100 גרם,false,,15.90,0.0548,true,1,248581
7290115207965,false,ויטמינצ'יק תרכיז מנגו אפרסק 1 ליטר,בית-השיטה עסיס תעשיו,IL,ויטמינציק מנגו אפרסק,,1000.00,100 גרם,false,,21.90,0.0219,true,1,247818
7290115207989,false,ויטמינצ'יק תרכיז לימון 1 ליטר,בית-השיטה עסיס תעשיו,IL,ויטמינצ'יק לימון 1 ל,,1000.00,,false,,21.90,0.0219,true,1,247819
7290115208009,false,ויטמינצ'יק תרכיז ענבים 1 ליטר,בית-השיטה עסיס תעשיו,IL,ויטמינציק ענבים 1 ל,,1000.00,100 גרם,false,,21.90,0.0219,true,1,247816
7290115208047,false,ויטמינצ'יק תרכיז פטל 1 ליטר,בית-השיטה עסיס תעשיו,IL,ויטמינציק פטל 1 ליטר,,1000.00,100 גרם,false,,21.90,0.0219,true,1,247817
7290115208320,false,אפרופו חטיף בטעם ביסלי בצל 50 גרם,"אסם תעשיות בע""מ",IL,אפרופו בטעם ביסלי בצ,,50.00,,false,,5.50,0.1100,true,1,253521
7290115208344,false,בייגלה כפיות שמנת בצל אסם 300 גרם,אסם,IL,בייגלה כפיות שמנת בצ,,300.00,,false,,11.90,0.0397,true,1,249401
7290115208597,false,קרמוגית מיניס קרמל מלוח אסם 200 גרם,"אסם השקעות בע""מ",IL,קרמוגית מיניס קרמל מ,,200.00,,false,,12.90,0.0645,true,1,249239
7290115209198,false,במבה אוורירית אסם 80 גרם,"אסם תעשיות בע""מ",IL,במבה אורירית אסם 80,,80.00,100 גרם,false,,5.60,0.0700,true,1,248914
7290115209235,false,ביסקוויט פתי בר קפה אסם 500 גרם,"אסם תעשיות בע""מ",IL,פתי בר קפה 500 גרם א,,500.00,,false,,14.90,0.0298,true,1,249723
7290115209358,false,במבה במילוי בראוניז אסם 60 גרם,"אסם תעשיות בע""מ",IL,במבה במילוי בראוניז,,60.00,,false,,5.60,0.0933,true,1,253518
7290115209372,false,במבה במילוי בראוניז 150ג' אסם,"אסם תעשיות בע""מ",IL,במבה במילוי בראוניז,,150.00,100 גרם,false,,10.90,0.0727,true,1,253519
7290115671421,false,פולי אספרסו עשירים וארומטיים עוצמה 10 250 ג' עלית,שטראוס קפה בי.וי,IL,פולי קפה אספרסו עשיר,,250.00,100 גרם,false,,22.90,0.0916,true,1,248611
7290115675696,false,דגני בוקר קראנצ'ים שיבולת שועל עם אגוזים ושקדים,גלידות שטראוס,IL,דגני בוקר קוואקר קרו,,375.00,,false,,23.90,0.0637,true,1,246579
7290115675702,false,דגני בוקר קראנצ'ים שיבולת שועל עם פירות מיובשים,גלידות שטראוס,IL,דגני בוקר קוואקר קרו,,375.00,,false,,23.90,0.0637,true,1,246580
7290115675719,false,דגני בוקר קראנצ'ים שיבולת שועל וחתיכות שוקולד מריר,BEVERAGES FOODS & SE,US,דגני בוקר קוואקר קרו,,375.00,100 גרם,false,,23.90,0.0637,true,1,246581
7290115675986,false,יוגורט עם אגוזי לוז ושקדים בקרמל מלוח 4.5%,"שטראוס בריאות בע""מ",IL,דנונה בר עם אגוזים מ,,173.00,,false,,4.90,0.0283,true,1,244619
7290115676037,false,דנונה ריפרש יוגורט עם תות ודומדמניות 1.6% שומן,מיוצר עי קונדיטוריית,IL,דנונה ריפרש יוגורט ב,,250.00,,false,,5.90,0.0236,true,1,245669
7290115676051,false,"אקטיביה משקה+שיבולת שועל במתיקות מעודנת 250 מ""ל",מיוצר עי קונדיטוריית,IL,אקטיביה משקה שיבולת,,265.00,,false,,5.50,0.0208,true,1,247105
7290115676273,false,אבקת קקאו 500 גרם +10% עלית,שטראוס גרופ,IL,קקאו עלית 500 גרם+10,,550.00,100 גרם,false,,29.90,0.0544,true,1,245500
7290115677089,false,קונפיטורת יד מרדכי תפוח וקינמון 340 גרם,"בית אל מזון בע""מ",IL,קונפיטורת תפוח וקינמ,,340.00,,false,,14.90,0.0438,true,1,246269
7290115677676,false,חומוס הסדרה המובחרת בתוספת חריף 400 גרם,שטראוס גרופ,IL,חומוס הסדרה המובחרת,,400.00,100 גרם,false,,14.90,0.0373,true,1,244753
7290115677966,false,ממרח אבוקדו 200 ג' שטראוס,ג'י. אר. סימפלוט,MX,ממרח אבוקדו טעם הטבע,,200.00,,false,,15.90,0.0795,true,1,247223
7290115678376,false,מעדן הגולן שוקולד 125 גרם,מיוצר עי קונדיטוריית,IL,מעדן הגולן שוקולד 12,,125.00,100 גרם,false,,3.20,0.0256,true,1,246257
7290115678383,false,מעדן הגולן שוקולד מריר 125 גרם,מיוצר עי קונדיטוריית,IL,מעדן הגולן שוקולד מר,,125.00,100 גרם,false,,3.20,0.0256,true,1,246258
7290115678598,false,חסה אייסברג שטראוס טעם הטבע,שטראוס גרופ,IL,חסה אייסברג חיתוך גס,,300.00,,false,,10.90,0.0363,true,1,247113
7290115678710,false,מאסט סוכריות ללא סוכר בטעם בזוקה,שטראוס גרופ,TR,סוכריות פרש בטעם בזו,יחידה,0.00,יחידה,false,,3.90,0.0000,true,1,251204
7290116531083,false,"ברנפלקס ללא ת.סוכר בטעם דבש בתוספת שקדים, 400 גרם",יוניליוור שפע ישראל,IL,ברנפלקס ללא סוכר שקד,,400.00,100 גרם,false,,23.90,0.0597,true,1,247691
7290116531311,false,חטיף קליק בלאק אנד וויט שוקולד לבן 35 גר,יוניליוור ישראל מזון,IL,קליק בלאק אנד וויט ח,,35.00,100 גרם,false,,5.90,0.1686,true,1,248458
7290116531496,false,קינמונים דגנים פריכים מצופים 375 גרם,נאוג'אזיס נווזיס UAB,LT,קינמונים דגנים פריכי,,375.00,100 גרם,false,,22.90,0.0611,true,1,248131
7290116531762,false,בדין דפי מרכך למייבש כביסה ורוד 40 יחיד,"קלינטסט - 3p ארה""ב",US,בדין דפים למייבש וור,יחידה,0.00,יחידה,false,,19.90,0.0000,true,1,248038
7290116531779,false,בדין דפי מרכך למייבש כביסה כחול 40 יחיד,"קלינטסט - 3p ארה""ב",US,בדין דפי מרכך כחול 4,יחידה,0.00,יחידה,false,,19.90,0.0000,true,1,248039
7290116531861,false,"תחליב רחצה שייק תפוז בננה ואפרסק 700 מ""ל פינוק",יוניליוור ישראל טיפו,IL,פינוק תחליב רחצה שיי,,700.00,100 גרם,false,,13.90,0.0199,true,1,248128
7290116532219,false,קורנפלקס תות 448 גרם תלמה רבנות,אתר שפע - Food,IL,קורנפלקס בטעם תות תל,,448.00,,false,,18.90,0.0422,true,1,248456
7290116532585,false,דגני בוקר ברנפלקס קרנצ'ים בטעם דבש וקינמון,יוניליוור שפע ישראל,IL,ברנפלקס קראנצ'ים דבש,,375.00,,false,,23.90,0.0637,true,1,248656
7290116532622,false,פינוק מרכך לשיער בתוספת גוגי ברי 700 מל,אתר ליוור - HPC,IL,פינוק מרכך גוגי ברי,,700.00,,false,,13.90,0.0199,true,1,248658
7290116532721,false,רוטב הלמנס ישראלי לסלט לימון וזעתר 305 ג,אתר חיפה ממרחים - Fo,IL,הלמנס לסלט רוטב לימו,,295.00,,false,,15.90,0.0539,true,1,249700
7290116532738,false,רוטב לסלט הלמנס איטלקי בז' ואורגנו 305 ג,אתר חיפה ממרחים - Fo,IL,רוטב איטלקי 295 גר,,295.00,100 גרם,false,,15.90,0.0539,true,1,249701
7290116930282,false,ארוחה בקטנה לאבנה עם קרקרים 150ג' תנובה,תנובה חלב,IL,ארוחה בקטנה לאבנה עם,,150.00,100 גרם,false,,8.90,0.0593,true,1,249675
7290116930435,false,יופלה גו במרקם סמיך עם דובדבן 0% 200מל,תנובה מרכז שיתופי לש,IL,יוגורט גו סמיך 0% דו,,200.00,100 גרם,false,,6.40,0.0320,true,1,248745
7290116930459,false,"יופלה שייק מנגו בננה אננס וקוקוס 230 מ""ל",קבוצת המזון אקטשלאר,IL,יופלה שייק בננה אננ,,230.00,100 גרם,false,,8.90,0.0387,true,1,248846
7290116930466,false,"משקה SHAKE בננה מנגן פסיפלורה והל 230 מ""ל יופלה",קבוצת המזון אקטשלאר,IL,יופלה שייק מנגו בננ,,230.00,100 גרם,false,,8.90,0.0387,true,1,248847
7290116930480,false,"משקה SHAKE בננה קיווי תפוח 230 מ""ל יופלה",קבוצת המזון אקטשלאר,IL,יופלה שייק בננה קיו,,230.00,100 גרם,false,,8.90,0.0387,true,1,248848
7290116931081,false,מעדן סויה - טופי קרמל 125 גרם אלטרנטיב,תנובה מרכז שיתופי לש,IL,מעדן סויה בטעם טופי,,125.00,,false,,4.10,0.0328,true,1,249413
7290116931104,false,יופלה גו במרקם סמיך עם אננס 0% שומן 200ג',תנובה חלב,IL,יוגורט גו סמיך עם אנ,,200.00,,false,,5.90,0.0295,true,1,249416
7290117260005,false,קונפיטורה תות שדה 380 ג' ויליפוד,גסאס גנל גידה,TR,קונפיטורה תות שדה 38,,380.00,,false,,9.90,0.0261,true,1,248882
7290117260029,false,קונפיטורה דובדבנים 380 ג' ויליפוד,גסאס גנל גידה,TR,קונפיטורה דובדבנים 3,,380.00,100 גרם,false,,9.90,0.0261,true,1,248884
7290117260067,false,קונפיטורה תפוזים 380 ג' ויליפוד,וילי פוד,,קונפיטורת תפוזים,יחידה,0.00,יחידה,false,,8.90,0.0000,true,1,248888
7290117260449,false,גבינה בולגרית מעודנת למריחה בטעם טבעי 5% שומן 200 ג' יורו,"חת""ס",IL,גבינה בולגרית מעודנת,,200.00,,false,,10.90,0.0545,true,1,248874
7290117260456,false,גבינה בולגרית מעודנת למריחה עם זיתים 5% שומן 200 ג' יורו,"חת""ס",IL,גבינה בולגרית מעודנת,,200.00,,false,,10.90,0.0545,true,1,248875
7290117260470,false,גבינה בולגרית מעודנת למריחה עם שום 5% שומן 200 ג' יורו,"חת""ס",IL,גבינה בולגרית מעודנת,,200.00,,false,,10.90,0.0545,true,1,248877
7290117260562,false,חמאה כפרית מסורתית בגביע,וילי פוד,TR,חמאה בגביע 225 גרם,,225.00,100 גרם,false,,18.90,0.0840,true,1,253775
7290117260579,false,חטיף קראנצ'י על בסיס קמח עדשים בטעם שמנת חמוצה ובצל 80 ג',וילי פוד,LT,חטיף קראנצ'י על בסיס,,80.00,100 גרם,false,,8.90,0.1113,true,1,249610
7290117260593,false,חטיף קראנצ'י על בסיס קמח עדשים בטעם צ'דר 80 ג',וילי פוד,LT,חטיף קראנצ'י על בסיס,,80.00,100 גרם,false,,8.90,0.1113,true,1,249612
7290117261545,false,סלמון אטלנטי ברוטב טריאקי וילי פוד 120 ג,קריות זול,LV,סלמון אטלנטי ברוטב ט,,120.00,,false,,12.90,0.1075,true,1,249651
7290117261583,false,סרדינים בריסלינג מעושנים בשמן קנולה 129 גרם (צנצנת),קריות זול,LV,סרדינים בריסלינג מעו,,185.00,,false,,14.90,0.0805,true,1,253556
7290117262047,false,וופל במילוי בטעם בננה ושוקולד 200 גר' ויליפוד,,GR,וופל במילוי בטעם בננ,יחידה,0.00,יחידה,false,,12.90,0.0000,true,1,252658
7290117380178,false,סוויט פוף חטיף מצופה שוקולד חלב,"טחנת האבן תעשיות בע""",IL,פוף כדורים מצופים שו,יחידה,0.00,יחידה,false,,5.90,0.0000,true,1,252663
7290117380871,false,עוגות אישיות בטעם אוכמניות 120 ג' סלים דליס פייבר,הלמה הלום,NL,סלים דליס עוגות אישי,,120.00,100 גרם,false,,15.90,0.1325,true,1,252666
7290117901267,false,ממרח פלפלים אדומים וחצילים קלויים 290 ג' גורמה,,,ממרח פלפלים אדומים ו,,290.00,,false,,15.90,0.0548,true,1,249850
7290118420071,false,במבה ביסלי ברביקיו מיקס 80ג' אסם,"אסם תעשיות בע""מ",IL,במבה ביסלי ברביקיו,,80.00,,false,,5.60,0.0700,true,1,253520
7290118420378,false,פתיבר פינוקים בטעם תותים בשמנת - חלבי,קריות זול,IL,פתי בר פינוקים תותים,,220.00,100 גרם,false,,12.90,0.0586,true,1,253523
7290118420477,false,בייגלה שטוחים טעם ביסלי בצל אסם 300 גרם,"אסם תעשיות בע""מ",IL,בייגלה שטוחים בטעם ב,,300.00,,false,,12.50,0.0417,true,1,253522
7290118420514,false,אינסטנט פודינג בטעם נוגט אסם 75 גרם,"אסם תעשיות בע""מ",IL,אסם אינסטנט פודינג נ,,75.00,,false,,6.30,0.0840,true,1,253517
7296058000526,false,פרח פרכיות כוסמת 130 גרם,פרח תעשיות,IL,פריכיות כוסמת 130גר,,130.00,,false,,7.90,0.0608,true,1,216359
7296058110010,false,"פריכיות אורז פרח כשל""פ 110 גר'",פרח תעשיות,IL,פריכיות אורז מלא 110,,110.00,,false,,5.90,0.0536,true,1,244688
7312040017683,false,"אבסולוט וודקה, 700 מ''ל","איי, בי, אינבוו",SE,*מבצע* וודקה אבסולוט,,700.00,,false,,60.00,0.0857,true,1,173269
7501013122039,false,ג'ומקס מיץ מנגו קרטונית ליטר תריסר,חומקס קומר קומרסאליז,MX,נקטר ג'ומקס מנגו קרט,,1000.00,,false,,9.90,0.0099,true,1,232376
7501064191398,false,שישיית בירה קורונה אקסטרא *355 מל,קריניציה ויטמינה אס,MX,בירה קורונה בקבוק שי,,2130.00,,false,,36.90,0.0173,true,1,232386
7610243004463,false,"דורגול - מרסס להסרת אבנית במקלחון 600 מ""ל",יעקבי- דורגול Durgol,CH,דורגול מסיר אבן מרסס,,500.00,,false,,21.90,0.0438,true,1,183762
7610400010481,false,לינדט אקסלנס שוקולד חלב 100 גרם,לינדט ושפרונגלי קילש,CH,שוקולד לינדט אקסלנס,,100.00,,false,,16.90,0.1690,true,1,191196
7610400014632,false,שוקולד לינדור בודד וואיט 100 ג',לינדט Lindt,CH,שוקולד לינדט לינדור,,100.00,,false,,16.90,0.1690,true,1,191202
7610400014649,false,לינדור קוביות במילוי קרם שוקולד חלב 100 גרם,לינדט ושפרונגלי קילש,CH,שוקולד לינדט לינדור,,100.00,,false,,16.90,0.1690,true,1,191203
7610400068369,false,שוקולד חלב במילוי קרם אגוזים,לינדט ושפרונגלי,CH,שוקולד לינדט לינדור,,100.00,,false,,16.90,0.1690,true,1,191206
7610400068505,false,לינדט לינדור בונבוניירה שוקולד חלב 200 גרם,לינדט ושפרונגלי קילש,CH,לינדור בונבוניירה חל,,200.00,,false,,28.90,0.1445,true,1,191207
7610400068529,false,לינדט לינדור בונבוניירה כדורי שוקולד מטעמים 200 גרם,לינדט ושפרונגלי קילש,CH,לינדור בונבוניירה אס,,200.00,,false,,25.90,0.1295,true,1,191208
7610400074155,false,לינדט לינדור קוביות במילוי קרם שוקולד 60% מוצקי קקאו 100 גרם,לינדט ושפרונגלי קילש,CH,שוקולד לינדור 60% 10,,100.00,,false,,16.90,0.1690,true,1,191220
7610400091060,false,שוקולד מריר לינדט אקסלנס בתוספת תפוז ושקדים,לינדט ושפרונגלי קילש,CH,שוקולד לינדט אקסלנס,,100.00,,false,,16.90,0.1690,true,1,232731
7613030979647,false,דגני בוקר טריקס פירות עולם היורה 480 ג',ג'נרל מילס סאן אדריא,IL,דגני טריקס פירות נסט,,480.00,100 גרם,false,,27.90,0.0581,true,1,232407
7613032045753,false,פיטנס - דגני בוקר שוקולד 375 גרם,נסטלה צרפת איטנקורט,FR,פיטנס שוקולד 375 גרם,,375.00,100 גרם,false,,24.90,0.0664,true,1,178324
7613033548192,false,פיטנס - דגני בוקר שוקולד מריר 375 גרם,נסטלה צרפת איטנקורט,FR,פיטנס דגני בוקר שוקו,,375.00,100 גרם,false,,24.90,0.0664,true,1,178366
7613035622623,false,פיטנס - גרנולה שקדים ודבש 300 גרם,שוורצקוף& הנקל דיסלד,LT,פיטנס גרנולה שקדים ו,,300.00,100 גרם,false,,17.90,0.0597,true,1,178388
7613035635845,false,פיטנס גרנולה שוקולד 14*300 גרם,שוורצקוף& הנקל דיסלד,LT,פיטנס גרנולה שוקולד,,300.00,100 גרם,false,,17.90,0.0597,true,1,178389
7613035758834,false,פיטנס גרנולה חמוציות 300 דגרם,שוורצקוף& הנקל דיסלד,LT,פיטנס גרנולה חמוציות,,300.00,100 גרם,false,,17.90,0.0597,true,1,178390
7613035807778,false,פרפקטו רוטב עגבניות לבולונז 400 ג' אסם,אסם פרפקטו Perfecto,ES,רוטב עגבניות לבולונז,,400.00,,false,,11.90,0.0298,true,1,178391
7613035809123,false,פרפקטו רוטב עגבניות עם פלפלים 400 ג' אסם,אסם פרפקטו Perfecto,ES,רוטב עגבניות עם פלפל,,400.00,100 גרם,false,,11.90,0.0298,true,1,178393
7613035809857,false,פרפקטו רוטב עגבניות לפסטה ולבישול 400 ג' אסם,אסם פרפקטו Perfecto,ES,רוטב עגבניות לפסטה ו,,40.00,,false,,11.90,0.2975,true,1,178394
7613036520492,false,פרפקטו רוטב עגבניות לפסטה 400 גרם,אסם פרפקטו Perfecto,ES,רוטב עגבניות לפיצה פ,,400.00,,false,,11.90,0.0298,true,1,232418
7613036737623,false,דגני בוקר קראנץ מקס,"אסם תעשיות בע""מ",IL,דגני בוקר קראנץ מקס,,410.00,100 גרם,false,,27.90,0.0680,true,1,232420
7613037012200,false,גרבר מחית תפוח גזר ומנגו 90 גרם פאוץ,נסטלה פולסקה אס.איי,PL,גרבר מחית תפוח מנגו,,90.00,,false,,6.20,0.0689,true,1,232439
7613037276091,false,נסטלה מיקס מיני אריזות דגני בוקר 200 גרם,נסטלה Nestle,FR,נסטלה מיקס מיני אריז,יחידה,0.00,יחידה,false,,21.90,0.0000,true,1,232445
7613037811629,false,דגני בוקר קורנפלקס גו פרי 500 גר',שוורצקוף& הנקל דיסלד,IL,קורנפלקס גו פרי 500ג,,500.00,,false,,17.90,0.0358,true,1,232448
7613038268262,false,דגני בוקר צ'יריוס דבש ושקדים במתיקות מעודנת,נסטלה פולין דגני בוק,FR,דגני האני נאט צ'יריו,,410.00,,false,,22.90,0.0559,true,1,232450
7613038451954,false,דגני בוקר שוקולד מופחת סוכר 410 ג' קראנץ',נסטלה צרפת איטנקורט,FR,קראנץ שוקולד דגני בו,,410.00,100 גרם,false,,24.90,0.0607,true,1,232451
7613039547632,false,גרבר מחית תפוח בננה ותות 90 גרם פאוץ,שוורצקוף& הנקל דיסלד,ES,גרבר מחית תפוחבננה ת,,90.00,,false,,6.20,0.0689,true,1,232453
7613039547731,false,גרבר מחית תפוח עץ ומשמש 90 גרם פאוץ,כלורוקס אוקלנד,ES,גרבר מחית תפוח משמש,,90.00,,false,,6.20,0.0689,true,1,232454
7613039547922,false,גרבר מחית אגס תפוח ובננה 90 גרם פאוץ,נסטלה ספרד,ES,גרבר מחית תפוח בננה,,90.00,,false,,6.20,0.0689,true,1,232455
7613039770450,false,טבעול סנסשיונל בורגר צמחוני 226 גרם,ג'נרל מילס סאן אדריא,IL,טבעול סנסשיונל בורגר,,226.00,,false,,39.90,0.1765,true,1,232457
7613039771174,false,טבעול סנסשיונל מינס טחון צמחוני 400 גרם,ג'נרל מילס סאן אדריא,IL,טבעול סנסשיונל מינס,,400.00,,false,,39.90,0.0997,true,1,232458
7613039879382,false,גרבר - מחית תפוחי עץ 190 גרם,נסטלה פולסקה אס.איי,PL,גרבר מחית תפוחי עץ 1,,190.00,,false,,6.50,0.0342,true,1,246103
7613287155832,false,גרבר מחית תפוחי עץ 90 גרם פאוץ,נסטלה פולסקה אס.איי,ES,גרבר מחית תפוח פאוץ,,90.00,,false,,6.50,0.0722,true,1,246102
7613287155924,false,מטרנה מחית תפוח וגזר פאוץ' 90 גר',נסטלה פולסקה אס.איי,ES,גרבר מחית תפוח גזר פ,,90.00,,false,,6.20,0.0689,true,1,248177
7613287182456,false,ויטמינציק מחית אגס בננה תפוח 110 גרם,"נסטלה ספרד ס.א, מפעל",ES,ויטמינצ'יק פאוץ אגס,,110.00,,false,,6.90,0.0627,true,1,249752
7613287394323,false,אסם מולטי צ'יריוס 14*600 גרם 2021,נסטלה פולין דגני בוק,GB,דגני מולטי ציריוס 60,,600.00,,false,,27.90,0.0465,true,1,246314
7622010001858,false,עוגיות אוראו ממולאות קרם וניל 176 גרם.,פי אר ג'יי אס אי מנד,CZ,אוראו עוגיות ממולאות,,176.00,100 גרם,false,,9.90,0.0563,true,1,179848
7622201050757,false,שוקולד מילקה טבלת חלב עם קרמל 100 ג',מילקה Milka,DE,שוקולד מילקה חלב עם,,100.00,,false,,8.90,0.0890,true,1,179852
7622201401900,false,עוגיות מילקה סנסיישן אוראו 156 גרם,מונדלז פולסקה פרודקש,PL,מילקה עוגיות סנסיישן,,156.00,100 גרם,false,,13.90,0.0891,true,1,236228
7622201500733,false,עוגיות אוראו רמיקס דאבל קרם קרמל וניל157,דיפלומט,ES,אוראו וניל וקרמל,יחידה,0.00,יחידה,false,,6.90,0.0000,true,1,252706
7622201801809,false,מילקה שוקולד חלב עם אגוזים 100 גרם חדש,מנדלז דויצ'לנד סנקס,DE,שוקולד חלב מילקה אגו,,100.00,100 גרם,false,,8.90,0.0890,true,1,246184
7622201802363,false,מילקה טבלת שוקולד חלב וצימוקים ואגוזים 100ג',מנדלז דויצ'לנד סנקס,PL,שוקולד חלב מילקה צימ,,100.00,100 גרם,false,,8.90,0.0890,true,1,246182
7622201802394,false,שוקולד מילקה חלב מסרונים 100 גרם,מנדלז דויצ'לנד סנקס,PL,שוקולד מילקה חלב 100,,100.00,100 גרם,false,,8.90,0.0890,true,1,246183
7622201808631,false,אוראו מיני עוגיות ממולאות קרם וניל 67גרם,פי.טי. מונדלז אינדונ,ID,אוראו מיני כוסות בטע,,67.00,100 גרם,false,,9.90,0.1478,true,1,246187
7622201813390,false,עוגיות מילקה וואפל במילוי קרם קקאו 150 ג,מונדליז סי.אר. ביסקו,CZ,מילקה וואפל במילוי ק,,150.00,100 גרם,false,,14.90,0.0993,true,1,246192
7622201819552,false,מילקה דארק שוקולד 85 גרם חדש,מונדלז דויטשלנד סנאק,DE,שוקולד מילקה דארק 85,,85.00,100 גרם,false,,7.90,0.0929,true,1,246758
7622201823733,false,עוגיות ת`ינס דקות 151 ג' מילקה,מונדלייז,PL,עוגיות מילקה תינס דק,,151.00,,false,,14.90,0.0987,true,1,254072
7622210078131,false,מילקה שוקולד חלב במילוי קרם שמנת 100 ג',מנדלז דויצ'לנד סנקס,PL,שוקולד מילקה חלב עם,,100.00,100 גרם,false,,8.90,0.0890,true,1,221098
7622210163899,false,שוקולד חלב במילוי סוכריות עדשים,מונדלז דויצ'לנד סנקס,DE,שוקולד מילקה חלב עם,,100.00,,false,,8.90,0.0890,true,1,232482
7622210453327,false,עוגיות שוקוצ'יפס במילוי שוקולד סנסיישן,מנדלז פולסקה פרודקשן,PL,מילקה עוגיות סנסיישן,,156.00,100 גרם,false,,13.90,0.0891,true,1,232483
7622210826053,false,שוקולד מילקה אוראו סנדוויץ 92 גר',גיאורי קאקסז קייאףטי,PL,שוקולד מילקה אוראו ס,,92.00,,false,,8.90,0.0967,true,1,236236
7622300200237,false,שוקולד מילקה שוקולד חלב 250 גרם,מונדליז אוסטרייך פרו,PL,שוקולד מילקה חלב250ג,,250.00,100 גרם,false,,12.90,0.0516,true,1,179864
7622300270506,false,מילקה גריינס - עוגיות שיבולת שועל מצופות שוקולד 168 ג',מונדלז פולסקה פרודקש,PL,מילקה גריינס עוגיות,,168.00,100 גרם,false,,14.90,0.0887,true,1,179866
7622300489434,false,"עוגיות אוראו פאדג' בציפוי שוקולד חלב, 246 גרם",מנדלז אספנה גאלטס פר,ES,אוראו עוגיות בציפוי,,246.00,100 גרם,false,,15.90,0.0646,true,1,232499
7622300495046,false,מילקה שוקולד חלב עם אקסטרה קקאו 100 גרם,מנדלז דויצ'לנד סנקס,DE,שוקולד מילקה אקסטרה,,100.00,100 גרם,false,,8.90,0.0890,true,1,179875
7622300503079,false,"מילקה, עוגיות ביסקוויט מצופות שוקולד - 200 גרם",מונדלז פולסקה פרודקש,PL,מילקה מוו ביסקוויט מ,,200.00,100 גרם,false,,14.90,0.0745,true,1,179877
7622300617820,false,מילקה שוקולד חלב במילוי קרם חלב ווניל ושבבי עוגיות אוראו 100 גרם,מנדלז דויצ'לנד סנקס,DE,שוקולד מילקה אוראו 1,,100.00,100 גרם,false,,8.90,0.0890,true,1,179878
7622300761363,false,עוגיות מיני אוראו במילוי קרם בטעם שוקולד בכוס,פי.טי. מונדלז אינדונ,ID,אוראו מיני כוסות בטע,,67.00,100 גרם,false,,9.90,0.1478,true,1,206412
7622400005190,false,שוקולד חלב נגיעות שוקולד לבן מילקה 100 ג,מנדלז דויצ'לנד סנקס,DE,שוקולד מילקה 100גר,,100.00,100 גרם,false,,8.90,0.0890,true,1,179884
7630477891639,false,סטארבקס קפסולות קפה ורונה 10 יחידות,נסטלה שוויץ - קפה,CH,סטארבקס קפסולות האוס,יחידה,0.00,יחידה,false,,21.90,0.0000,true,1,232463
7630477891691,false,סטארבקס קפסולות קפה קולמביה 10 יחידות,נסטלה שוויץ - קפה,CH,סטארבקס קפסולות קולו,יחידה,0.00,יחידה,false,,21.90,0.0000,true,1,232466
7630477891714,false,סטארבקס קפסולות קפה אספרסו 10 יחידות,נסטלה שוויץ - קפה,CH,סטארבקס קפסולות אספר,יחידה,0.00,יחידה,false,,21.90,0.0000,true,1,232467
7702018264230,false,ג`ילט מאך 3 סכיני גילוח 4 יח`,פרוקטר אנד גמבל,,מאך 3 סכיני גילוח רב,יחידה,0.00,יחידה,false,,34.90,0.0000,true,1,234023
7702018313327,false,"גילט סירייס ג'ל גילוח סנסטיב 200 מ""ל מארז צמד",,,מארז ג'ל גילוח ג'ילט,יחידה,0.00,יחידה,false,,30.00,0.0000,true,1,252717
7702018457762,false,"ג'ל גילוח ג'ילט סירייס תחושה קרירה, 200 מ""ל",פרוקטר & גמבל,GB,גילט גל גילוח סירייס,יחידה,0.00,יחידה,false,,14.90,0.0000,true,1,237369
7702018458110,false,מכשיר גילט פיוזן ידני,מולינו ניקולי s.p.a,PL,גילט מכשיר פיוזן ידנ,יחידה,0.00,יחידה,false,,49.90,0.0000,true,1,234025
7702018466917,false,מארז ג'ילט סכיני גיל,,,מארז ג'ילט סכיני גיל,יחידה,0.00,יחידה,false,,29.90,0.0000,true,1,252722
7702018471423,false,גילט פיוזן סטארט סכיני גילוח 4יח,פרןקטר אנד גמבל ברלי,PL,גילט פיוזן סכיני גיל,יחידה,0.00,יחידה,false,,59.90,0.0000,true,1,234026
7702024074625,false,פיטנס - חטיפי קרקר חיטה מלאה 234 גרם,קומסטיבלס לה רוזה אס,CO,פיטנס חטיפי קרקר חיט,,234.00,,false,,12.90,0.0551,true,1,232469
7702024258322,false,"חטיפי קרקר עם חיטה מלאה, צ'יה וזרעי פשתן פיטנס",נסטלה Nestle,CO,פיטנס חטיפי קרקר צ'י,,234.00,100 גרם,false,,12.90,0.0551,true,1,236160
7702174068833,false,יוגטה סוכריות קשות על מקל ממולאות טופי בטעמי גלידת פירות 12 יח' 204 גרם,הדקלאים אגודת שיתופי,EC,לקקן בטעם גלידה יוגט,יחידה,0.00,יחידה,false,,11.90,0.0000,true,1,192212
7702174070201,false,יוגטה לקקן בטעם מסטיק ממולא טופי בטעם תות 12 יח' 204 גרם,הדקלאים אגודת שיתופי,EC,לקקן מג'יק יוגטה 12י,יחידה,0.00,יחידה,false,,11.90,0.0000,true,1,192215
7702174073783,false,סוכריות על מקל בטעם קולה במילוי גומי לעיסה,הדקלאים אגודת שיתופי,CO,לקקן פינפופ קולה יוג,,180.00,,false,,10.90,0.0606,true,1,192216
7792860006218,false,סוכריות לקקנים בייבי דול Baby Doll לריטר,גוד פוד פרודקטס S.p,AR,סוכריות לקקנים בייבי,,24.00,,false,,3.50,0.1458,true,1,191228
7798132720233,false,אוכמניות 125גרם,,,אוכמניות 125גרם,,125.00,100 גרם,false,,12.90,0.1032,true,1,253760
7891024030974,false,"קולגייט משחת שיניים טריפל אקשן 75 מ""ל",הנסיך- מפעל לייצור ט,BR,קולגייט טריפל אקשן מ,,75.00,100 גרם,false,,7.90,0.1053,true,1,186255
7891024130063,false,"קולגייט מי פה פלאקס ללא אלכוהול 500 מ""ל מהדרין",קולגייט Colgate,BR,קולגייט מי פה פלאקס,,500.00,100 גרם,false,,19.90,0.0398,true,1,186260
8000380003723,false,וופל אגוזים בציפוי שוקולד לואקר 100 גרם,קריניציה ויטמינה אס,IT,גרנד פטיסרי וופל אגו,,100.00,100 גרם,false,,14.90,0.1490,true,1,192218
8000380003761,false,וופל גרנד פטיסרי שוקולד וקוקוס לואקר 100 גרם,קריניציה ויטמינה אס,IT,גרנד פטיסרי קוקוס 10,,100.00,100 גרם,false,,14.90,0.1490,true,1,192219
8000380004669,false,וופל לואקר סנדוויץ קוביות ושוקולד 200ג',"א. לואקר, קונפקט ג'י",AT,וופל לואקר קוביות סנ,,200.00,,false,,14.90,0.0745,true,1,192221
8000380004676,false,קוביות וופל סנדוויץ Sandwich עם וניל וחלב,"א. לואקר, קונפקט ג'י",AT,וופל לואקר קוביות סנ,,200.00,100 גרם,false,,14.90,0.0745,true,1,192222
8000380004911,false,קוביות וופל קואדרטיני Quadratini קרם אגוזים,קריניציה ויטמינה אס,AT,וופל קואדרטיני אגוז,,250.00,100 גרם,false,,15.50,0.0620,true,1,192225
8000380004966,false,וופל קוארדטיני לואקר קוביות שוקולד 250ג',קריניציה ויטמינה אס,AT,וופל לואקר קוביות קק,,250.00,100 גרם,false,,15.50,0.0620,true,1,192228
8000380007219,false,וופל בטעם אגוזים לואקר 175 גרם,ליימן מותגים,AT,וופל לואקר אגוז 175ג,,175.00,100 גרם,false,,12.90,0.0737,true,1,192232
8000380007257,false,וופל בטעם אגוזים לואקר 200 גרם,קריניציה ויטמינה אס,IT,וופל גרדנה אגוז 200ג,,200.00,100 גרם,false,,15.50,0.0775,true,1,192234
8000380007264,false,וופל בטעם קקאו לואקר 175 גרם,קריניציה ויטמינה אס,AT,וופל לואקר קקאו 175ג,,175.00,,false,,12.90,0.0737,true,1,192235
8000380007271,false,וופל במילוי קרם חלב לואקר 175 גרם,ליימן מותגים,AT,וופל לואקר חלב 175גר,,175.00,,false,,12.90,0.0737,true,1,192236
8000380106028,false,טורטינה לואקר וופל שוקולד ואגוזים שישיה 125ג',קריניציה ויטמינה אס,IT,טורטינה שישיה חלב 12,,125.00,100 גרם,false,,19.90,0.1592,true,1,192238
8000380144044,false,גרדנה וופל מצופה שוקולד חלב לואקר 200 גרם,"א. לואקר , AG/SpA, ו",IT,וופל גרדנה שוקולד 20,,200.00,100 גרם,false,,15.50,0.0775,true,1,192242
8000380152704,false,וופל אצבעות גרדנה חטיפי אגוז שוקו' 125גר,"אינסטנטה בע""מ",IT,לואקר גרדנה אצבעות ו,,125.00,100 גרם,false,,16.90,0.1352,true,1,192251
8000380152728,false,מארז חטיפי אצבעות גרנדה שוקולד 125 גרם,"אינסטנטה בע""מ",IT,לואקר גרדנה אצבעות ו,,125.00,,false,,16.90,0.1352,true,1,192252
8000380153534,false,מארז וופל שוקולד טורטינה Tortina שוקולד לבן,ליימן מותגים,IT,טורטינה לבן 125גר,,125.00,100 גרם,false,,19.90,0.1592,true,1,192256
8000380157587,false,וופלים לואקר קלאסיק קקאו 262.5 גר,ליימן מותגים,AT,וופל שוקולד לואקר 26,,262.50,100 גרם,false,,14.90,0.0568,true,1,232768
8000380180745,false,קוביות וופל קואדרטיני קקאו במילוי קר חלב,"א. לואקר, קונפקט ג'י",AT,וופל קואדרטיני שוקו,,250.00,,false,,15.50,0.0620,true,1,192270
8000380180837,false,וופל שוקולד לבן וקוקוס גראן פטיסרי Gran Pasticceria,"אינסטנטה בע""מ",IT,גרנד פטיסרי במילוי ק,,100.00,,false,,14.90,0.1490,true,1,192271
8000380181032,false,"לואקר גרדנה חטיפי אצבעות אגוזים ושוקולד לבן, 125 גרם","אינסטנטה בע""מ",IT,וופל לואקר גרדנה אצב,,125.00,,false,,16.90,0.1352,true,1,192272
8000380184644,false,לואקר מיניס טעמים שונים 150 גרם,ליימן מותגים,,וופל לואקר מיניס טעמ,,150.00,,false,,13.90,0.0927,true,1,236699
8000380192199,false,וופל לואקר דאבל שוקולד 175 גרם,ליימן מותגים,AT,וופל לואקר דאבל שוקו,,175.00,,false,,12.90,0.0737,true,1,232771
8000380205523,false,וופל לואקר קלאסיק חמאת בוטנים 175 גר,ליימן מותגים,AT,וופל לואקר קלאסיק חמ,,175.00,,false,,13.90,0.0794,true,1,248531
8000500026731,false,שוקולד ביצי הפתעה קינדר שלישייה,קריות זול,IT,קינדר ביצי שוקולד 3*,,60.00,,false,,15.90,0.2650,true,1,214022
8000500029350,false,מארז וופל מצופה 3יח' *43 גרם קינדר בואנו,קינדר Kinder,PL,*מבצע* קינדר בואנו ש,,129.00,100 גרם,false,,10.90,0.0845,true,1,214024
8000500256213,false,קינדר שוקולד מיני בשקית.,קדבורי,IT,קינדר שוקולד מיני 12,,120.00,,false,,11.90,0.0992,true,1,234203
8000500267103,false,קינדר דליס עוגת ספוג קקאו במילוי חלבי*10,קינדר Kinder,IT,קינדר דליס 390 גרם,,390.00,,false,,19.90,0.0510,true,1,234205
8000500386941,false,"ממרח קקאו עם אגוזי לוז, 900 גרם",קדבורי,IT,נוטלה ממרח קקאו עם א,,900.00,,false,,29.90,0.0332,true,1,249429
8000700000050,false,דאב סבון מוצק אורגינל רביעייה,יוניליוור גרמניה (מנ,DE,דאב סבון מוצק דאב לב,,400.00,100 גרם,false,,18.90,0.0472,true,1,183410
8001003100164,false,יוגטה סוכריות ג'לי בטעמי פירות 450 גרם,יוגטה yogueta,IT,סוכריות ג'לי 450 גרם,,450.00,,false,,11.90,0.0264,true,1,232776
8001090222848,false,"הרבל אסנסס - שמפו שיקום שמן ארגן 400 מ""ל",הרבל אסנס Herbal Essences,FR,הרבל אסנסס שמפו שיקו,,400.00,100 גרם,false,,19.90,0.0497,true,1,234032
8001090336606,false,פמפרס בייבי דריי חיתולים מידה 6 26 יח,פרוקטר אנד גמבל,DE,פמפרס בייבי דריי מיד,יחידה,0.00,יחידה,false,,39.90,0.0000,true,1,234039
8001090375186,false,"פנטן מרכך מרוכז לצבע מלא חיים 200 מ""ל",פרוקטר אנד גמבל,FR,פנטן מרכך מרוכז לצבע,,200.00,100 גרם,false,,24.90,0.1245,true,1,234040
8001090493637,false,"הד אנד שולדרס שמפו אולטרא טוטאל קר 450 מ""ל",פרוקטר אנד גמבל,RO,הד&שולדרס שמפו אולטר,,450.00,100 גרם,false,,22.90,0.0509,true,1,234046
8001090802385,false,קפסולות גל לכביסה טייד בניחוח לנור 26 יח,פרוקטר אנד גמבל,FR,טייד קפסולות לכביסה,,26.00,,false,,34.90,1.3423,true,1,234065
8001090810120,false,פנטן קונדישנר מרוקאי,פרוקטר אנד גמבל,RO,פנטן מרכך שמן מרוקאי,,500.00,100 גרם,false,,19.90,0.0398,true,1,234068
8001090810403,false,שמפו למגע רך כמשי פנ,פנטן שמפן/מרכך 500 מ,RO,פנטן שמפו למגע רך כמ,,500.00,100 גרם,false,,19.90,0.0398,true,1,234073
8001090988362,false,"שמפו לחות מוגברת פנטן 500 מ""ל","פרוקטר אנד גמבל, רומ",RO,פנטן שמפו לחות מוגבר,,500.00,,false,,19.90,0.0398,true,1,234088
8001090988447,false,"פנטן שמפו לתלתלים מושלמים 500 מ""ל",,,פנטן מרכך לתלתלים מו,,500.00,,false,,19.90,0.0398,true,1,234090
8001090988843,false,"פנטן קונדישנר לחות מרכך מוגברת 500 מ""ל",פרוקטר אנד גמבל,RO,פנטן קונדישנר לחות מ,,500.00,,false,,19.90,0.0398,true,1,234092
8001090988966,false,שמפו לתלתלים מושלמים,,,פנטן שמפו לתלתלים מו,,500.00,,false,,19.90,0.0398,true,1,234095
8001841096889,false,"נוזל לניקוי כלים לימון קלאסי 900 מ""ל",פרוקטר אנד גמבל,TR,פיירי לבן לימון 900,,900.00,,false,,9.90,0.0110,true,1,234100
8001841625461,false,סבון כלים פלטינום X3 פעולות להסרת שומנים,פרוקטר אנד גמבל,GB,פיירי פלטינום אורגינ,,515.00,100 גרם,false,,11.90,0.0231,true,1,234114
8001841665290,false,פנטן שמפו נוסחה קלאסית לשיער רגיל 400 מל,,,שמפו פנטן קלאסי,יחידה,0.00,יחידה,false,,19.90,0.0000,true,1,252777
8001841722146,false,אולוויז מגן תחתון וליופק נורמל 56 יחידות,דיפלומט,DE,מגן תחתון אולוויז נו,יחידה,0.00,יחידה,false,,19.90,0.0000,true,1,237386
8001841722481,false,אולוויז מגן תחתון פלקסי סטייל נורמל 54 יח',פרוקטר & גמבל,DE,אולוויז מגן תחתון נו,יחידה,0.00,יחידה,false,,19.90,0.0000,true,1,253761
8001940000213,false,וילדה מטלית ספוג 3 י,,,סמרטוט וילדה,יחידה,0.00,יחידה,false,,16.90,0.0000,true,1,252784
8002450201008,false,ורדי רספברי ספרקלטיני,איטליה בוסקה,IT,ורדי משקה כהלי מוגז,,750.00,,false,,30.20,0.0403,true,1,192771
8002450206003,false,ורדי רימונים ספרקלטיני,"איי, בי, אינבוו",IT,ורדי משקה כהלי מוגז,,750.00,,false,,30.20,0.0403,true,1,192774
8004030103399,false,ריו מרה טונה בשמן זית רביעיות 4*56גרם,BOLTON GROUP- RIO,IT,ריו מארז טונה בשמן,,320.00,100 גרם,false,,34.90,0.1091,true,1,249864
8004030860001,false,ירקות עם קוקוס וטונה ריו מרה אינסלטיסימי 160 ג',"בולטון אלימנטרי בע""מ",IT,טונה ריו מרה עם קוסק,,160.00,100 גרם,false,,16.90,0.1056,true,1,232644
8004800000071,false,לאגו פלאסיר- גלילי ופל במילוי קרם אגוזי לוז שוקולד חלב - 100 ג',לאגו,IT,לאגו גלילי וופל במיל,,100.00,,false,,11.90,0.1190,true,1,253629
8004800005502,false,וופל מיני רול גלילי ופל במילוי קרם קקאו- 125 ג' לאגו,לגו גרופ ס.פ.א.,IT,לאגו גלילי ופל במילו,,125.00,100 גרם,false,,10.90,0.0872,true,1,253612
8004800005519,false,וופל רול גלילי במילוי קרם אגוזי לוז- 125 ג' לאגו,לגו גרופ ס.פ.א.,IT,לאגו גלילי ופל במיל,,125.00,100 גרם,false,,10.90,0.0872,true,1,252788
8005110002243,false,רכז עגבניות Doppio Concentr בשפופרת 185 ג' MUTTI,"איי, בי, אינבוו",IT,רכז עגבניות מוטי בשפ,,185.00,,false,,10.90,0.0589,true,1,234218
8005110170300,false,עגבניות מרוסקות חתוכות מוטי MUTTI שלישיה *400,מוטי Mutti,IT,עגבניות מרוסקות מוטי,,1200.00,,false,,19.90,0.0166,true,1,214650
8005110551253,false,רוטב לפיצה להכנת פיצה איטלקית קלאסית,"איי, בי, אינבוו",IT,רוטב לפיצה מוטי 400ג,,400.00,,false,,9.90,0.0248,true,1,237876
8005803010371,false,"גריסיני רוזמרין - מקלות אפויים עם שמן זית, מלח ורוזמרין","אינסטנטה בע""מ",IT,גריסיני אמור די פאן,,125.00,,false,,8.50,0.0680,true,1,221540
8005803010586,false,"מקלות אפויים עם שמן זית, מלח, עגבניות ואורגנו, 125 גרם, אמור די פאן","הוסטה איטליה, ס.ר.ל.",IT,גריסיני אמור די פאן,,125.00,,false,,8.50,0.0680,true,1,221541
8006227000405,false,סמנצאטו-לחם פרוס חיטה מלאה 400 גרם,,IT,סמנצאטו לחם מחמצת פר,,400.00,,false,,16.90,0.0422,true,1,248833
8006227000412,false,סמנצאטו-לחם פרוס חיטת דורום 400 גרם,,IT,סמנצאטו לחם מחמצת פר,,400.00,,false,,16.90,0.0422,true,1,248837
8006540091906,false,לנור כדוריות הבושם בניחוח אריאל 140 גרם,פרוקטר אנד גמבל,US,לנור כדוריות הבושם ב,,140.00,,false,,19.90,0.1421,true,1,246696
8006540112793,false,"מרכך כביסה מרוכז בניחוח יסמין לנור 900 מ""ל",פרוקטר אנד גמבל,FR,לנור מרכך מרוכז בניח,,900.00,,false,,19.90,0.0221,true,1,245583
8006540112823,false,"לנור מרכך כביסה מרוכז בניחוח האוקיינוס 900 מ""ל",פרוקטר אנד גמבל,FR,לנור מרכך מרוכז בניח,,900.00,100 גרם,false,,19.90,0.0221,true,1,245582
8006540112854,false,"מרכך כביסה מרוכז בניחוח סחלב לנור 900 מ""ל",פרוקטר אנד גמבל,FR,לנור מרכך מרוכז בניח,,900.00,100 גרם,false,,19.90,0.0221,true,1,245584
8006540221068,false,מגן תחתון אלוויז וליופק לונג פלוס 40 יחי',פרוקטר,DE,אולוויז מגני תחתון ל,יחידה,0.00,יחידה,false,,19.90,0.0000,true,1,249000
8006540221341,false,אולוויז מגן תחתון וליופק לארג' 48 יחידות,,DE,אולוויז מגן תחתון אק,יחידה,0.00,יחידה,false,,19.90,0.0000,true,1,248034
8006540221464,false,אולוויז מגן תחתון וליופק נורמל 56 יחידות,,,אולוויז מגני תחתון נ,יחידה,0.00,יחידה,false,,24.90,0.0000,true,1,247648
8006540302538,false,הד&שולדרס שמפו קלאסי,,,הד&שולדרס שמפו קלאסי,,350.00,100 גרם,false,,19.90,0.0569,true,1,249821
8006540495186,false,לנור מרכך כביסה מרוכז רגיש בייבי 900 מל,פרוקטר אנד גמבל,FR,לנור מרכך כביסה בייב,,900.00,100 גרם,false,,19.90,0.0221,true,1,249233
8006540495216,false,"לנור מרכך כביסה מרוכז בניחוח אמאטיסט 900 מ""ל",פרוקטר אנד גמבל,FR,לנור מרכך כביסה בניח,,900.00,,false,,16.90,0.0188,true,1,249234
8007178120310,false,חומץ בלסמי ד'מודנה Giacobazzi,פטורייה ג'יאקובאזי ס,IT,חומץ בלסמי ג'קובצי 5,,500.00,100 גרם,false,,26.90,0.0538,true,1,179928
8007178223547,false,קרם מצומצם עם חומץ בלסמי ממודנה,פארייפאבה אגרואינדוס,IT,קרם בלסמי מצומצם ג'ק,,250.00,,false,,26.90,0.1076,true,1,179929
8008660210038,false,מעדן ריבה מנץ אנד גאססר תות שדה 300 גר,קריניציה ויטמינה אס,IT,מעדן תות מנז אנד גאס,,300.00,100 גרם,false,,17.90,0.0597,true,1,190992
8008857406152,false,פסטה רג'ייה אט' עגולות עבות 500 גר',רגיה,IT,פסטה רג'ייה אטריות ע,,500.00,,false,,8.90,0.0178,true,1,175500
8008857500003,false,רג'יה פסטה 609 אטריות עגולות דקות 500ג,פסטה רג'יה Pasta Reggia,IT,פסטה רג'ייה אטריות ע,,500.00,,false,,8.90,0.0178,true,1,175501
8008912010270,false,ליגורי- קסרצ'ה מספר 27 500גר,פסטה ליגורי,IT,פסטה קסרצ'ה מספר 27-,,500.00,,false,,8.90,0.0178,true,1,247213
8008912010317,false,ליגורי-פוזילי מספר 31 500גר,פסטה ליגורי,IT,פסטה פוזילי מספר 31-,,500.00,,false,,8.90,0.0178,true,1,247210
8008912010331,false,"ליגורי פסטה ניוקי סרדי בצורת קונכיות, 500 גר'",פסטה ליגורי,IT,פסטה ניוקטי סרדי בצו,,500.00,,false,,8.90,0.0178,true,1,247212
8015997000911,false,מאריני בישקוטים 200 גרם,Biscottificio Verona,,מאריני בישקוטים פריכ,,200.00,,false,,6.90,0.0345,true,1,206586
8032880800243,false,פיקניק הפתעה - אגוזי לוז ומקלות אפויים,"הוסטה איטליה, ס.ר.ל.",IT,פיקניק הפתעה 50גר,,50.00,,false,,7.90,0.1580,true,1,192297
8076800195019,false,ברילה - צ.א ספגטי מס1 קפליני 500 גרם,ברילה גי.אי.אר פרטלי,IT,פסטה ספגטי ברילה 500,,500.00,100 גרם,false,,9.90,0.0198,true,1,186276
8076800195033,false,ברילה - צ.א ספגטיני מס3 חדש 500 גרם,ברילה גי.אי.אר פרטלי,IT,פסטה ספגטי ברילה מס',,500.00,100 גרם,false,,9.90,0.0198,true,1,186277
8076800195057,false,ברילה - צ.א ספגטי מס5 חדש 500 גרם,ברילה גי.אי.אר פרטלי,IT,פסטה ספגטיני מס 5 בר,,500.00,100 גרם,false,,9.90,0.0198,true,1,186278
8076800195071,false,ספגטי מס 7 ברילה 500,,,ספגטי מס 7 ברילה 500,,500.00,,false,,9.90,0.0198,true,1,234216
8076800315097,false,פסטה מקרוני בוקטיני מספר 9 ברילה 500 גרם,ברילה גי.אי.אר פרטלי,IT,פסטה ברילה מס 9 500ג,,500.00,100 גרם,false,,9.90,0.0198,true,1,186280
8076802085738,false,ברילה - צ.ק פנה רגטה חדש 500 גרם,ברילה גי.אי.אר פרטלי,IT,פסטה פנה רגטה ברילה,,500.00,,false,,9.90,0.0198,true,1,186283
8076802085981,false,ברילה - צ.ק פוזילי חדש 500 גרם,ברילה גי.אי.אר פרטלי,IT,פסטה פתיתי פוזליני ב,,500.00,,false,,9.90,0.0198,true,1,186288
8076808070882,false,קנלוני מספר 88 ברילה 250 גרם,פאסטיפיקו ריגו אס.אר,IT,פסטה קנלוני ברילה 25,,250.00,,false,,14.90,0.0596,true,1,186293
8076809513395,false,ברילה פומודורו רוטב עגבניות קלאסי 400 גר,ברילה גי.אי.אר פרטלי,IT,רוטב פורמודרו ברילה,,400.00,,false,,15.90,0.0398,true,1,186298
8076809513654,false,בסיס רוטב עגבניות לבולונז ברילה 400 גרם,ברילה גי.אי.אר פרטלי,IT,רוטב עגבניות לבולונז,,400.00,100 גרם,false,,15.90,0.0398,true,1,186299
8076809513692,false,רוטב עגבניות נפולטנה בתוספת ירקות,ברילה גי.אי.אר פרטלי,IT,רוטב נפוליטנה ברילה,,400.00,100 גרם,false,,15.90,0.0398,true,1,186300
8076809513739,false,ברילה רוטב עגבניות עם בזיליקום 400 גרם,ברילה גי.אי.אר פרטלי,IT,רוטב בזיליקום ברילה,,400.00,100 גרם,false,,15.90,0.0398,true,1,186301
8076809523561,false,ברילה - רוטב פסטה בטעם טוסקנה 400 גרם,ברילה גי.אי.אר פרטלי,IT,רוטב טוסקנה ברילה400,,400.00,100 גרם,false,,15.90,0.0398,true,1,186310
8076809523738,false,פסטה ברילה לזניה 500ג',ברילה גי.אי.אר פרטלי,IT,לזניה ברילה 500 גר,,500.00,,false,,25.90,0.0518,true,1,186313
8410076600622,false,חטיפי גרנולה קראנצ'י עם שוקולד מריר נייצ'ר ואלי 210 גרם,ג'נרל מילס סאן אדריא,ES,ניטשר וואלי חטיף קרא,,210.00,100 גרם,false,,22.90,0.1090,true,1,192303
8410076610379,false,"חטיף בוטנים, חלבון סויה ושוקולד מריר עם ציפוי בטעם שוקולד",סריילטו ספיין פודס,ES,נייטשר וואלי פרוטאין,,160.00,100 גרם,false,,26.90,0.1681,true,1,192310
8410076610386,false,נייטשר ואלי פרוטאין בוטנים עם ציפוי בטעם קרמל מלוח 160 ג',סריילטו ספיין פודס,ES,נייטשר וואלי פרוטאין,,160.00,,false,,26.90,0.1681,true,1,192311
8410076610492,false,חטיף שיבולת שועל מלאה ובוטנים בציפוי עם חמאת בוטנים,יבואן ומשווק: ש. שסט,ES,ניטשר וואלי צ'אוי חט,,150.00,,false,,22.90,0.1527,true,1,192312
8410076610508,false,"נייטשר וואלי צ'ואי שוקולד מריר בוטנים ושקדים, חמישיה 5 * 30 גרם",נייצ'ר ואלי Nature Valley,ES,ניטשר וואלי צ'אוי חט,,150.00,,false,,22.90,0.1527,true,1,192313
8410076621009,false,עוגות אישיות בטעם קרמל עם חתיכות בטעם קרמל מלוח,"גלאטס סירו בע""מ",PT,פייבר וואן חטיף בטעם,,120.00,,false,,17.90,0.1492,true,1,232789
8410076621047,false,עוגות אישיות בטעם שוקולד עם חתיכות בטעם שוקולד,"גלאטס סירו בע""מ",ES,פייבר וואן בראוניז ב,,120.00,,false,,17.90,0.1492,true,1,232790
8410104039134,false,"פיניש מנקה ומחדש מדיח 250 מ""ל",הדקלאים אגודת שיתופי,PL,פיניש מנקה ומחדש מדי,,250.00,,false,,22.90,0.0916,true,1,200407
8410104045111,false,"פיניש מלח למדיח כלים 2ק""ג",רקיט בנקיזר,IL,"פיניש מלח למדיח 2 ק""",,2000.00,100 גרם,false,,15.90,0.0080,true,1,200409
8410104437268,false,פיניש דאו ציטרופרש מנטה,רקיט בנקיזר,HU,פיניש מפיץ ריח רגיל,,27.00,100 גרם,false,,22.90,0.8481,true,1,200419
8410104511340,false,ויט רצועות שעווה מוכנות לעור יבש 12 יחידות,רקיט בנקיזר צרפת,FR,רצועות שעווה ויט יבש,יחידה,0.00,יחידה,false,,29.90,0.0000,true,1,175513
8410207140409,false,"שמן תינוקות 500 מ""ל",,,"שמן תינוקות 500 מ""ל",יחידה,0.00,יחידה,false,,19.90,0.0000,true,1,252826
8410376052633,false,גולון-עוגיות שוקוצ'יפס ללא תוספת סוכר 150 ג 1/12,VIRGINIAS INDUSTRIAS,ES,גולון עוגיות שוקוצ'י,,150.00,,false,,13.90,0.0927,true,1,249519
8410644611210,false,יין קאווה איבריקה לבן חצי יבש Cava Iberica,טמפו ברקן 5%,IL,קאווה איבריקה לבן חצ,,750.00,100 גרם,false,,30.20,0.0403,true,1,235952
8413376022965,false,גבינת עיזים רכה 29% שומן 110 גרם,,ES,גבינת עיזים רכה 29%,,110.00,,false,,14.90,0.1355,true,1,232473
8413376024839,false,גבינת עיזים רכה עם עשבי תיבול 29% שומן 110 גרם,,ES,גבינת עיזים רכה עם ע,,110.00,100 גרם,false,,14.90,0.1355,true,1,232474
8420822130600,false,"ספריי סופר מסיר שומנים 750מ""ל יעקבי",קה לורדה,ES,סופר מסיר שומנים KH-,,750.00,100 גרם,false,,19.90,0.0265,true,1,248230
8423207206501,false,סלים דליס חטיף דגנים עם שוקולד חלב מרבה 6*13 גרם,סלים דליס Slim Delis,ES,סלים דליס חטיף דגנים,,120.00,100 גרם,false,,15.90,0.1325,true,1,186337
8423207208260,false,מרבה סלים דליס 125 ג' ללא גלוטן שוקולד חלב,ביסנצ'ורי אס.אל.יו,ES,סלים דליס חטיף דגנים,,120.00,,false,,15.90,0.1325,true,1,186346
8423207208871,false,פרכיות תירס בטעם טבעי סלים דליס 130ג',סלים דליס Slim Delis,ES,פריכיות תירס בטעם טב,,123.00,100 גרם,false,,11.90,0.0967,true,1,193302
8423207208888,false,פריכיות תירס בטעם עגבניות ועשבי תיבול סלים דליס 123 ג',סלים דליס Slim Delis,ES,פריכיות תירס בטעם עג,יחידה,0.00,יחידה,false,,12.90,0.0000,true,1,193303
8423207208895,false,פריכיות תירס בטעם זיתים ועירית סלים דליס 123 ג',סלים דליס Slim Delis,ES,פריכיות תירס בטעם זי,יחידה,0.00,יחידה,false,,12.90,0.0000,true,1,193304
8423207210942,false,חטיף דגנים מצופה שוקולד לבן ופירות יער,נוטרישן אנד סנטה קוב,ES,סלים דליס טופינג פיר,,0.00,,false,,15.90,0.0000,true,1,232651
8423207210980,false,סלים דליס טופינג קליפת תפוז 90 גרם,נוטרישן אנד סנטה קוב,ES,סלים דליס טופינג קלי,,0.00,,false,,15.90,0.0000,true,1,232653
8425206000081,false,ריבת חלב מרדל 450 גרם,כלורוקס אוקלנד,ES,ריבת חלב מרדל 450גר,,450.00,100 גרם,false,,19.90,0.0442,true,1,193306
8436575292205,false,ארטיק חמשושים מאגדת 15*12 גר',שוורצקוף& הנקל דיסלד,IL,חמשושים מאגדת 15יח,,180.00,100 גרם,false,,24.90,0.1383,true,1,232633
8437000906209,false,"עלי טורטיה קמח חיטה 20ס""מ 8יח' אזטקה 325ג'",Azteca foods europe,ES,עלי טורטיה 320ר,,325.00,100 גרם,false,,10.90,0.0335,true,1,175518
8445290427120,false,דגני פיטנס Fitness שוקולד מריר ובננה,נסטלה צרפת איטנקורט,FR,פיטנס שוקולד מריר בנ,,330.00,100 גרם,false,,24.90,0.0755,true,1,249402
8606018615827,false,גלידת וניל עם שברי עוגיות אוראו 480 גרם,פרונרי סרביה,IL,פיינט אוראו,,480.00,,false,,19.90,0.0415,true,1,253540
8606018615865,false,פיינט מילקה קרמל ליבת שוקולד 480 גרם,פרונרי סרביה,IL,פיינט מילקה קרמל ליב,,480.00,,false,,19.90,0.0415,true,1,253542
8683130008355,false,מיונז עם שום הלמנס לחיץ 400 גרם,יוניליוור ישראל שיוו,TR,מיונז הלמנס שום לחיץ,,400.00,,false,,16.90,0.0422,true,1,247702
8683130008935,false,"הלמנס קטשיונז 425 גר{הרב רלב""ג}",יוניליוור ישראל שיוו,TR,הלמנס קטשיונז 425 גר,,425.00,,false,,16.90,0.0398,true,1,247173
8683323063024,false,יוגטה שטיחים בטעם תותי פרוטי 220 גרם,ליימן מותגים,TR,סוכריות יוגטה שטיחים,,220.00,,false,,9.90,0.0450,true,1,192322
8690504153740,false,שוקולד מריר במילוי קרם בטעם שוקולד מריר,ביסקוט ביסקווי סילבר,TR,טבלת שוקולד מריר עם,,86.00,100 גרם,false,,13.90,0.1616,true,1,232720
8690504156543,false,טבלת שוקלד חלב ממולא בקרם גנאש שוקולד חלב 88 גר',ביסקוט ביסקווי סילבר,TR,שוקולד חלב מעולה ממו,,88.00,,false,,13.90,0.1580,true,1,234742
8690521016882,false,"שמפו דאב דמג תרפי רגיל 400 מ""ל",יוניליוור,,דאב תארפי שמפו רגיל,,400.00,,false,,15.90,0.0398,true,1,183412
8690572786222,false,מרכך גליס Gliss לשיער ארוך Supreme Length,שוורצקופף והנקל,DE,גליס מרכך לאורך מושל,,400.00,,false,,20.90,0.0522,true,1,236639
8690637504426,false,"קרם ניקוי סיף בניחוח לימון 500 מ""ל",יונילוור - תורכיה,TR,סיף קרם ניקוי,יחידה,0.00,יחידה,false,,12.90,0.0000,true,1,252854
8690637505607,false,מרכך כביסה מרוכז בדין אקסטרה בניחוח פינוק כחול,יוניליוור סנאיי וי ט,TR,בדין אקסטרא פינוק כח,,960.00,100 גרם,false,,20.90,0.0218,true,1,245843
8690637505614,false,"מרכך כביסה בדין אקסטרה פינוק קוקוס 960 מ""ל",יוניליוור סנאיי וי ט,TR,בדין אקסטרא פינוק קו,,960.00,100 גרם,false,,20.90,0.0218,true,1,245844
8690637555084,false,מרכך כביסה בדין אקסטרא פריחת תפוז 960 מל,יוניליוור סנאיי וי ט,TR,בדין אקסטרא לבן 960מ,,960.00,,false,,20.90,0.0218,true,1,183468
8690637842399,false,מאגדת מגנום מיני דאבל פרי יער שוקולד 6 יח' נסטלה,יוניליוור סנאי וי סי,TR,מיני מגנום מאגדת דאב,,379.00,,false,,33.90,0.0894,true,1,232702
8690637858734,false,ג'ל לניקוי כללי בתוספת אקונומיקה בניחוח לימון,סיף פנטסטיק Cif Fantastic,IL,סיף ג'ל אקונומיקה לי,,750.00,,false,,14.90,0.0199,true,1,232568
8690637971310,false,"מרכך כביסה אקסטרה בניחוח יערת הדבש 960 מ""ל בדין",יוניליוור סנאיי וי ט,TR,בדין אקסטרא יערת הדב,,960.00,100 גרם,false,,20.90,0.0218,true,1,232582
8690766156367,false,שוקולד חלב גודייבה מעולה 90 גר,"אולקר מקבוצת פלאדיס,",TR,שוקולד חלב מעולה 90,,90.00,,false,,14.90,0.1656,true,1,232723
8690766156374,false,שוקולד גודייבה מריר 72% מוצרי קקאו 90 גר,"אולקר מקבוצת פלאדיס,",TR,שוקולד מריר מעולה 7,,90.00,100 גרם,false,,14.90,0.1656,true,1,232724
8690766156381,false,גודייבה שוקולד מריר 90% מוצקי קקאו 90 גרם,"אולקר מקבוצת פלאדיס,",TR,שוקולד מריר מעולה 90,,90.00,,false,,14.90,0.1656,true,1,232725
8690766156411,false,שוקולד מריר מעולה בטעם פלפל ורוד עם חתיכות תות מסוכר 90 גרם,"אולקר מקבוצת פלאדיס,",TR,שוקולד מריר מעולה ב,,90.00,,false,,14.90,0.1656,true,1,232728
8690777206051,false,חצילים קלויים על האש סארה 650 גר',קוראהן פזלרמה וי דיס,TR,חציל קלוי על האש ויל,,650.00,100 גרם,false,,13.90,0.0214,true,1,179074
8690777221405,false,פלפל אדום קלויים על האש 650 גרם SERA,קוראהן פזלרמה וי דיס,TR,פלפל אדום קלוי על הא,,650.00,,false,,13.90,0.0214,true,1,179076
8691058141238,false,ערמונים שלמים קלויים וקלופים 100 ג' Avel,,,ערמונים שלמים 100 גר,,100.00,100 גרם,false,,6.90,0.0690,true,1,234323
8691463130797,false,כפיות שקופות,,,כפיות שקופות,יחידה,0.00,יחידה,false,,9.90,0.0000,true,1,252863
8692440001086,false,כוסות פלסטיק חד פעמי 100 יח',"שניב תעשיות נייר בע""",,כוסות לשתיה קרה טאץ',יחידה,0.00,יחידה,false,,7.90,0.0000,true,1,193577
8693323099107,false,מרשמלו לבבות בטעם תות ווניל,ליימן שליסל,TR,מרשמלו לבבות 150 גרם,,150.00,,false,,8.90,0.0593,true,1,232806
8697431460064,false,קונפיטורה משמש 70% פרי פרופה 454 גר',פרוטנגו Fruitango,,קונפיטורה 70% משמש 4,,450.00,,false,,14.90,0.0331,true,1,175544
8697431460378,false,קונפיטורה70% שזיף 450 ג' FRUPPA,פרוטנגו Fruitango,,קונפיטורה 70% פרי -,,450.00,100 גרם,false,,14.90,0.0331,true,1,175549
8697431921701,false,קונפיטורה תות שדה 70% פרי פרופה 454 גר',פרוטנגו Fruitango,,קונפיטורה תות שדה פר,,450.00,100 גרם,false,,14.90,0.0331,true,1,175552
8697659224042,false,מטהר אוויר 400 מ'ל OCEAN,יעקובי,,מטהר אוויר אושן,יחידה,0.00,יחידה,false,,10.90,0.0000,true,1,183765
8697659224066,false,מטהר אוויר 400 מ'ל TROPICAL,יעקובי,,מטהר אוויר טרופיקל,יחידה,0.00,יחידה,false,,10.90,0.0000,true,1,183767
8697704022395,false,משחת נעליים לבן,,,משחת נעליים לבן,יחידה,0.00,יחידה,false,,9.90,0.0000,true,1,252885
8697826469092,false,טורטיה קטנה 12 יחידות 540 גרם,דין שיווק,TR,טורטיה קטנה 540גר,,540.00,,false,,10.90,0.0202,true,1,201106
8699250035041,false,זיתים שחורים טבעיים במי מלח,,AT,זית שחור טבעי יבש במ,,700.00,100 גרם,false,,21.90,0.0313,true,1,232403
8710428005755,false,תרכובת מזון לתינוקות על בסיס חלבון סויה איזומיל שלב 1,"אבוט מעבדות רפואיות בע""מ",ES,סימילאק איזומיל 400,,400.00,,false,,46.90,0.1172,true,1,171983
8710447224311,false,מרכך בוטניק בתוספת שמן קוקוס ואלוורה,יוניליוור פולין,PL,טרזמה מרכך בוטניק 40,,400.00,,false,,19.90,0.0497,true,1,239211
8710502064814,false,עוגיות מרבה שוקולד ציפס במרקם רך 175 גר,בנקטבקריי מרבה בי.וי,NL,עוגיות שוקולד ציפס ר,,175.00,,false,,12.90,0.0737,true,1,186371
8710502279010,false,מרבה עוגיות שוקולד ציפס מצופות שוקולד 175 גרם - רבנות,"י.מרבה ישראל בע""מ",NL,עוגיות שוקולד צ'יפס,,175.00,100 גרם,false,,12.90,0.0737,true,1,244633
8710522584200,false,דאב תחליב רחצה אלוורה ומי ורדים 500 מל,יוניליוור,DE,דאב תחליב רחצה ורדים,,500.00,100 גרם,false,,15.90,0.0318,true,1,248659
8710800027573,false,סוכריות מיני בטעם פירות מנטוס 178 גרם,פרפטי ואן מלה,NL,מיני מנטוס פירות שקי,,178.00,100 גרם,false,,15.50,0.0871,true,1,192366
8710847942679,false,טרזמה שמפו לשיער יבש בתוספת שמן המפ,יוניליוור,PL,טרזמה שמפו שמן המפ 4,,400.00,,false,,19.90,0.0497,true,1,245834
8710847962592,false,אקס דאודורנט בודי ספריי פינק פפר,ארנסט. רחוב קומבינצק,GB,אקס ספריי פרש ברגמוט,,150.00,100 גרם,false,,15.90,0.1060,true,1,236347
8711000371176,false,קפסולות קפה אספרסו קלאסיקו 10*52 ג' ג'ייקובס,קריניציה ויטמינה אס,FR,גקובס קפסולות קפה אס,,52.00,,false,,16.90,0.3250,true,1,232538
8711000371206,false,קפסולות קפה אספרסו ריסטרטו 10*52 ג' ג'ייקובס,קריניציה ויטמינה אס,FR,גקובס קפסולות קפה אס,,52.00,100 גרם,false,,16.90,0.3250,true,1,232540
8712400802499,false,תרכובת מזון המשך לפעוטות על בסיס חלב שלב 1,נוטרישיה קאלק ב. ו.,NL,נוטרילון -טבע שלב 1,,800.00,100 גרם,false,,64.90,0.0811,true,1,179954
8712400802512,false,תרכובת מזון המשך לפעוטות על בסיס חלב שלב 2,נוטרישיה קאלק ב. ו.,NL,נוטרילון -טבע שלב 2,,800.00,,false,,64.90,0.0811,true,1,179956
8712400802536,false,תרכובת מזון המשך לפעוטות על בסיס חלב שלב 3,נוטרישיה קאלק ב. ו.,NL,נוטרילון -טבע שלב 3,,800.00,,false,,64.90,0.0811,true,1,179958
8712561609647,false,"דאב - תחליב רחצה חמאת שיאה 500 מ""ל",יוניליוור,DE,דאב תחליב רחצה חמאת,,500.00,100 גרם,false,,15.90,0.0318,true,1,249703
8714599513835,false,גי'קובס קרונונג נייט אנד דיי - נטול קופיאין,ג'ייקובס Jacobs,DE,גקובס נטול קפאין מיו,,200.00,100 גרם,false,,37.90,0.1895,true,1,179959
8714599513866,false,קפה נמס מיובש בהקפאה ג'ייקובס קרונונג 200 גרם,אל.אל.סי גייקובס דאו,DE,גקובס קפה קרונונג 20,,200.00,100 גרם,false,,27.90,0.1395,true,1,179960
8714789303925,false,מברשת שיניים 360 סנסטיב רכה במיוחד קולגייט 2 יחידות,קולגייט- פלמוליב,CH,קולגייט 360 מברשת שי,יחידה,0.00,יחידה,false,,34.90,0.0000,true,1,186415
8714789582764,false,אג'קס ספריי לניקוי חלונות ומשטחים,הנסיך- מפעל לייצור ט,GR,אגקס לניקוי חלונות 7,,750.00,100 גרם,false,,16.90,0.0225,true,1,186435
8714789930848,false,"משחת שיניים אופטיק וייט הלבנה מיידית קולגייט 75 מ""ל",הנסיך- מפעל לייצור ט,PL,קולגייט אופטיק וויט,,75.00,,false,,22.90,0.3053,true,1,186457
8715700115641,false,ממרח מיונז לחיץ לייט במרקם קרמי 420 ג' היינץ,ה.י. היינץ,NL,ממרח היינץ במרקם קרמ,,420.00,,false,,15.90,0.0379,true,1,249745
8715700419732,false,מתבל עגבניות היינץ 700 גרם,ה.י. היינץ,NL,קטשופ היינץ 700גר,,700.00,100 גרם,false,,12.90,0.0184,true,1,179964
8715700422473,false,היינץ ממרח לחיץ ללא חומרים משמרים 395 גרם,ה.י. היינץ,NL,ממרח היינץ לחיץ 395,,395.00,100 גרם,false,,15.90,0.0403,true,1,249744
8715700423906,false,היינץ מתבל עגבניות מופחת סוכר ומלח 50/50 550 גרם,היינץ צפון אמריקה מק,NL,היינץ מתבל עגבניות 5,,555.00,100 גרם,false,,11.90,0.0214,true,1,232552
8717163607305,false,דאב סבון מוצק גרגירים לעיסוי עדין *4,יוניליוור גרמניה (בו,DE,דאב סבון מוצק דאב גר,,400.00,100 גרם,false,,18.90,0.0472,true,1,183583
8717163647240,false,"אקס דאודורנט ספריי גוף לגבר שוקולד 150 מ""ל",יוניליוור גרמניה (בו,GB,אקס ספריי גוף שוקולד,,150.00,100 גרם,false,,15.90,0.1060,true,1,232608
8717163655825,false,"רקסונה דאו' ספריי לנשים בניחוח כותנה, 150 מ""ל",קוסטר - תורכיה,GB,רקסונה ספריי כותנה 1,,150.00,,false,,19.90,0.1327,true,1,232615
8717163842669,false,"תחליב רחצה דאב חימר ירוק 500 מ""ל purifying",יוניליוור גרמניה,DE,דאב תחליב רחצה חימר,,500.00,100 גרם,false,,15.90,0.0318,true,1,236365
8717163842676,false,תח.רחצה דאב חימר ורוד ג500 RENEWING GLOW,יוניליוור גרמניה Gmb,DE,דאב תחליב רחצה חימר,,500.00,100 גרם,false,,15.90,0.0318,true,1,236366
8717644390566,false,סבון מוצר רביעיה תמצית מלפפון ותה ירוק,יוניליוור גרמניה (מנ,DE,דאב סבון מוצק דאב יר,,400.00,,false,,18.90,0.0472,true,1,183586
8718951076402,false,"קולגייט משחת שיניים הרבל להלבנה 100 מ""ל",קולגייט פלמוליב,,קולגייט הרבל להלבנה,,100.00,,false,,14.90,0.1490,true,1,232660
8718951236790,false,"קולגייט טוטאל משחת שיניים קלין מינט לפה בריא 100 מ""ל",קולגייט Colgate,PL,קולגייט טוטל משחת שי,,100.00,100 גרם,false,,16.90,0.1690,true,1,232676
8718951236806,false,"קולגייט טוטאל הלבנה להסרת כתמים מהשן 100 מ""ל",קולגייט Colgate,PL,קולגייט טוטל משחת שי,,100.00,100 גרם,false,,16.90,0.1690,true,1,232677
8718951236813,false,"קולגייט טוטאל משחת שיניים ניקוי מתקדם לפה בריא יותר 100 מ""ל",קולגייט Colgate,PL,קולגייט טוטל משחת שי,,100.00,100 גרם,false,,16.90,0.1690,true,1,232678
8718951240742,false,"קולגייט טוטאל משחת שיניים פסים מרעננים 100 מ""ל",קולגייט Colgate,PL,קולגייט טוטל משחת שי,,100.00,100 גרם,false,,16.90,0.1690,true,1,232679
8718951264618,false,"קולגייט אופטיק וייט פחם צ'רקול משחת שיניים, 75 מ""ל",קולגייט-פלמוליב,PL,קולגייט אופטיק וייט,,75.00,,false,,19.90,0.2653,true,1,232681
8718951312722,false,"קולגייט מקס פרש וויט קריסטל משחת שיניים 100 מ""ל",קולגייט פלמוליב,PL,קולגייט מקס פרש וויי,,100.00,,false,,10.00,0.1000,true,1,247791
8718951313576,false,קולגייט משחת שיניים מקס פרש קול קריסטל 100 מל,קולגייט פלמוליב,PL,קולגייט משחת שיניים,,100.00,,false,,10.00,0.1000,true,1,247278
8718951345119,false,נוזל לניקוי רצפות וכללי היביסקוס 2 ליטר,הנסיך- מפעל לייצור ט,GR,אגקס לניקוי כללי עוצ,,2000.00,100 גרם,false,,25.90,0.0129,true,1,244632
8718951382640,false,"פלמוליב ג'ל רחצה חימר דיטוקס 750 מ""ל",קולגייט פלמוליב,TR,פלמוליב סבון גוף חימ,,750.00,100 גרם,false,,18.90,0.0252,true,1,224012
8718951466371,false,"משחת שיניים מרידול 75 מ""ל",CP-Poland swidnica,PL,מרידול משחת שיניים 7,,75.00,100 גרם,false,,17.90,0.2387,true,1,253762
8719200998001,false,מרגרינה לאפיה ובישול בלי מלח 200 ג' בלו בנד,מיוצר עי קונדיטוריית,IL,בלו בנד בלי מלח 200ג,,200.00,,false,,4.90,0.0245,true,1,232554
8719200998018,false,מחמאה מרגרינה בטעם חמאה 200 ג' בלו בנד,פארייפאבה אגרואינדוס,IL,בלו בנד טעם חמאה 200,,200.00,100 גרם,false,,5.90,0.0295,true,1,232555
8719200998100,false,מרגרינה מזולה לאפיה טעם חמאה 200גר - 40 יח',פארייפאבה אגרואינדוס,IL,מזולה אפייה טעם חמאה,,200.00,100 גרם,false,,6.90,0.0345,true,1,232563
8720181045912,false,"אקס דאודורנט ספריי גוף אפריקה 150 מ""ל",יוניליוור,GB,אקס דאודורנט ספריי א,,150.00,100 גרם,false,,15.90,0.1060,true,1,236373
8801055707966,false,קפה טייסטר צו'יס נס קפה בריסטה 180ג',נסטלה קוריאה - קפה,KR,טסטרס צויס בריסטה 18,,180.00,100 גרם,false,,34.90,0.1939,true,1,178427
8801055709458,false,אבקה להכנת משקה קפה בטעם קפוצ'ינו קרמל,נסטלה קוריאה - קפה,IL,נסקפה קפוצינו קרמל 1,,170.00,100 גרם,false,,21.90,0.1288,true,1,248724
8801055709472,false,נסטלה - נסקפה קפוצ'ינו קלאסי 12.50 גרם * 10,נסטלה קוריאה - קפה,DE,נסקפה קפוצ'ינו קלאסי,,125.00,100 גרם,false,,21.90,0.1752,true,1,248726
8801055709489,false,אבקה להכנת משקה קפה בטעם קפוצ'ינו אגוזים,נסטלה קוריאה - קפה,IL,נסקפה קפוצינו אגוזים,,180.00,,false,,21.90,0.1217,true,1,248727
8809168840471,false,חטיף אצות מיובשות 9יח,ג'י וואן גלובול נאט,KR,חטיף אצות מיובשות 4.,,40.00,,false,,25.90,0.6475,true,1,245021
8850180040028,false,קמח טמפורה להכנת בלי,קרנחם אוטאי פחרה,TH,טמפורה 500גר,,500.00,,false,,11.90,0.0238,true,1,205438
8850206250592,false,רוטב צ`ילי סיראצ`ה 540 גרם,יאן וואל יון קו.לטד,TH,רוטב צ'ילי סריראצ'ה,,540.00,,false,,19.90,0.0369,true,1,239907
8850367992164,false,קרם קוקוס 250 מל 20-22% ללא חומר משמר,טאפ פאד ונגפורן,TH,קרם קוקוס 20-22% 250,,250.00,100 גרם,false,,8.90,0.0356,true,1,205443
8850389103128,false,"משקה קל סאפה בטעם תפוח 300 מ""ל",פארייפאבה אגרואינדוס,TH,סאפה משקה אלוורה תפו,,300.00,,false,,10.90,0.0363,true,1,215303
8850389104637,false,"משקה קל סאפה אלוורה אפרסק 300 מ""ל",פארייפאבה אגרואינדוס,TH,סאפה משקה אלוורה אפר,,300.00,,false,,10.90,0.0363,true,1,214491
8850389105825,false,סאפה משקה אלוורה בטעם ענבים,סאפה פובליק קומפני ל,TH,סאפה משקה אלוורה ענב,,1000.00,,false,,17.90,0.0179,true,1,173302
8850389105849,false,סאפה משקה אלוורה מופחת קלוריות בטעם אפרסק 1 ליטר,סאפה פובליק קומפני ל,TH,סאפה משקה אלוורה אפר,,1000.00,,false,,17.90,0.0179,true,1,173304
8850632604259,false,"יוגטה, חיספוסים, ממתק חמוץ בצורת מקלות בטעם תות שדה,50 גרם",ג'נרל קנדי בעמ,TH,חמצוצים מקלות בטעם ת,,50.00,100 גרם,false,,5.40,0.1080,true,1,192381
8850632604266,false,"יוגטה, ממתק חמוץ בצורת מקלות בטעם קולה, 50 גרם",ג'נרל קנדי בעמ,TH,חמצוצים מקלות בטעם ק,,50.00,100 גרם,false,,5.40,0.1080,true,1,192382
8850632604372,false,"יוגטה, חיספוסים בצורת שטיח בטעם תות שדה 50 גרם",ג'נרל קנדי בעמ,TH,חמצוצים שטיח בטעם תו,,50.00,100 גרם,false,,5.40,0.1080,true,1,192383
8850632604402,false,יוגטה חיספוסים בטעם מעורב תות שדה אבטיח ענבים בננה 50 גרם,"ג'נרל קנדי בע""מ",TH,חמצוצים שטיח בטעם מע,,50.00,100 גרם,false,,5.40,0.1080,true,1,192384
8850632605201,false,"יוגטה, חיספוסים, ממתק חמוץ בצורת שטיח, בטעם מעורב- תות בננה, תפוח, תפוז, 50 גרם",הדקלאים אגודת שיתופי,TH,חספוסים תות בננה תפו,,50.00,100 גרם,false,,5.40,0.1080,true,1,192385
8850632606390,false,"יוגטה, חיספוסים, ממתק חמוץ בצורת שטיח בטעם אבטיח, 50 גרם",ג'נרל קנדי בעמ,TH,חיספוסים בטעם אבטיח,,50.00,100 גרם,false,,5.40,0.1080,true,1,192390
8858271003068,false,"רוטב סויה מתוקה כהה 250 מ""ל מקסצאפ",מזרח ומערב,,רוטב סויה מתוק כהה 2,,250.00,100 גרם,false,,12.90,0.0516,true,1,205455
8858271004126,false,רוטב חמוץ מתוק 700 מ'ל - מקסצ'אפ,יאן ונזל יון,TH,רוטב חמוץ מתוק מקסצא,,700.00,100 גרם,false,,16.90,0.0241,true,1,205464
8858271004799,false,"רוטב צילי מתוק אל פורפסיס 700 מ""ל",יאן ונזל יון,TH,רוטב צילי מתוק 700 מ,,700.00,100 גרם,false,,12.90,0.0184,true,1,205467
8858271005451,false,"רוטב סויה פורמולה 1 - 250 מ""ל מקסצ'אפ",yan wal yun corpara,TH,רוטב סויה פורמולה מק,,250.00,,false,,12.90,0.0516,true,1,205468
8901314517463,false,קולגייט מברשת שיניים,,,קולגייט מברשות 360 ר,,4.00,,false,,24.90,6.2250,true,1,247279
8901537024014,false,"אורז בסמטי מובחר 1 ק""ג - דוואט) יורה דיעה",הנסיך- מפעל לייצור ט,IN,אורז בסמטי דאווט 1קג,,1000.00,100 גרם,false,,14.90,0.0149,true,1,179101
8934878081811,false,"דפי אורז 22 ס""מ 400 גר'(Trav) ללא גלוטן",דאנינג יוה פודס קו,CN,"דפי אורז 22 ס""מ 400ג",,400.00,,false,,14.90,0.0373,true,1,205478
9000101537550,false,פרסיל קאפסולות לכביסה לבנה וצבעונית 52 יח',הנקל סוד,HU,פרסיל פאוור קאפס יונ,יחידה,0.00,יחידה,false,,54.90,0.0000,true,1,248482
9000101537581,false,פרסיל קאפסולות לכביסה צבעונית 52 יחידו,הנקל סוד,IL,פרסיל פאוור קאפס לכב,יחידה,0.00,יחידה,false,,54.90,0.0000,true,1,248483
9002859049286,false,גונץ-ניקו צ'ילי חריף במטחנה 50 גר' 1/6(85583),Gunz,,צ'ילי חריף במטחינה נ,,50.00,,false,,10.90,0.2180,true,1,206637
9002859053849,false,גונץ-שוקולד סטיקס מריר תפוז 75 גרם,,,אצבעות שוקולד סטיקס,,75.00,,false,,9.90,0.1320,true,1,206654
9002859058172,false,בונבוניירה בננה ציפוי שוקולד מריר 300 גר,GUNZ WARENHANDELS,AT,בננה ציפוי שוקולד מר,,300.00,,false,,16.90,0.0563,true,1,206656
9002859100536,false,בונבוניירה אצבעות שוקולד מוצרט 200 גרם,GUNZ WARENHANDELS,,בונבוניירה אצבעות שו,,200.00,100 גרם,false,,16.90,0.0845,true,1,237489
9005835313661,false,טבליות ניקוי וחיטוי למדיח99.9% קלרו 30 יח',רלוי,AT,טבליות למדיח כלים קל,יחידה,0.00,יחידה,false,,29.90,0.0000,true,1,246568
9310072028743,false,טים טם ביסקוויט במילוי שוקולד 200 גרם,"ארנוטס ביסקוויטס בע""",AU,ביסקויט טים טם במילו,,200.00,,false,,21.90,0.1095,true,1,191275
9310072028750,false,טים טם Tim Tam וופל שוקולד ציפוי כפול,"ארנוטס ביסקוויטס בע""",AU,עוגיות טים טם דאבל 2,,200.00,,false,,21.90,0.1095,true,1,191276
9322969000015,false,פריכיות תירס בטעם אורגינל ריל פודס 150 ג',אף.סי תבליני בגליל ב,AU,פריכיות תירס טעם אור,,150.00,100 גרם,false,,14.90,0.0993,true,1,207863
9322969000022,false,"ריל פוד פריכיות תירס עם סויה וזרעי פשתן, ללא גלוטן 150 גרם",אף.סי תבליני בגליל ב,AU,פריכיות תירס עם סויה,,150.00,100 גרם,false,,14.90,0.0993,true,1,207864
9322969000046,false,פריכיות תירס שומשום אורגני ריל פודס 150 ג',אף.סי תבליני בגליל ב,AU,פריכיות תירס אורגניו,,150.00,100 גרם,false,,14.90,0.0993,true,1,207865
9322969000053,false,פריכיות אורז מלא ריל פוד 150 גר,סנו מפעלי ברונוס.,IT,פריכיות אורז מלא 150,,150.00,,false,,14.90,0.0993,true,1,247157
9720188050109,false,ממרח על בסיס סויה בסגנון גבינה טופוטי 225 גרם,טופוטי ברנדס אינק.ג',IL,טופוטי ממרח טופו בטע,,227.00,100 גרם,false,,22.90,0.1009,true,1,185200
