code,internal_code,name,manufacturer_name,manufacture_country,manufacturer_item_description,unit_qty,quantity,unit_of_measure,weighted,qty_in_package,price,unit_of_measure_price,allow_discount,status,item_id
28,true,"קרטון קולה 500 מ""ל-2",,,"קרטון קולה 500 מ""ל-2",ליטרים,12.00,ליטר,false,,145.60,12.1333,true,1,1182366
30,true,קרטון סודה טמפו 24 י,,,קרטון סודה טמפו 24 י,ליטרים,6.60,ליטר,false,,57.90,8.7727,true,1,1171495
43,true,חלה פרג 500 גרם,,,חלה פרג 500 גרם,גרמים,500.00,100 גרם,false,,6.30,0.0126,true,1,1191520
48,true,חלה מתוקה עגולה לא א,,,חלה מתוקה עגולה לא א,גרמים,500.00,100 גרם,false,,8.90,0.0178,true,1,1170951
73,true,"10 ק""ג סוכר",,,"10 ק""ג סוכר",יחידה,0.00,יחידה,false,,39.00,0.0000,true,1,1180649
84,true,חלה רגילה/קלועה 500,,,חלה רגילה/קלועה 500,גרמים,500.00,100 גרם,false,,4.90,0.0098,true,1,1175023
87,true,"מארז פחיות 250 מ""ל X",,,"מארז פחיות 250 מ""ל X",ליטרים,6.00,ליטר,false,,89.90,14.9833,true,1,1171498
100,true,Temp Item,,,Temp Item,,0.00,,false,,0.00,0.0000,true,1,2041341
110,true,קרטון פחיות קולה 330,,,קרטון פחיות קולה 330,ליטרים,7.92,ליטר,false,,129.60,16.3636,true,1,1182372
126,true,קרטון מי עדן קטן-24,,,קרטון מי עדן קטן-24,ליטרים,12.00,ליטר,false,,45.00,3.7500,true,1,1182374
170,true,בגט בונזור.,,,בגט בונזור.,יחידה,0.00,יחידה,false,,4.40,0.0000,true,1,1155579
172,true,לחם איטלקי טעמים.,,,לחם איטלקי טעמים.,יחידה,0.00,יחידה,false,,6.90,0.0000,true,1,1155581
176,true,חלה מתוקה קלועה בונז,,,חלה מתוקה קלועה בונז,גרמים,560.00,100 גרם,false,,10.90,0.0195,true,1,1155585
177,true,חלה רגילה בונז'ור,,,חלה רגילה בונז'ור,יחידה,0.00,יחידה,false,,9.90,0.0000,true,1,1155586
178,true,ג'בטה גדול אפיה מיוח,,,ג'בטה גדול אפיה מיוח,יחידה,0.00,יחידה,false,,5.50,0.0000,true,1,1155587
213,true,בגט קראסט שיפון.,,,בגט קראסט שיפון.,יחידה,0.00,יחידה,false,,7.90,0.0000,true,1,1155591
351,true,קרטון סודה קינלי 250,,,קרטון סודה קינלי 250,ליטרים,6.00,ליטר,false,,60.00,10.0000,true,1,1182376
650,true,פופקורן מלוח מוכן,,,פופקורן מלוח מוכן,גרמים,240.00,100 גרם,false,,6.90,0.0288,true,1,1170933
1104,true,פטריות פורטבלה ארוז,,,פטריות פורטבלה ארוז,00000000000000000יח',1.00,00000000000000000יח',false,,7.90,7.9000,true,1,1198948
2545,true,תמר דקל נור,,,תמר דקל נור,קילוגרמים,1.00,"ק""ג",true,,19.00,19.0000,true,1,1166978
3528,true,בוטנים קלויים,,,בוטנים קלויים,קילוגרמים,1.00,"ק""ג",true,,39.00,39.0000,true,1,1182024
3535,true,גרעיני אבטיח קלויים,שקדיה,,גרעין אבטיח קלוי,קילוגרמים,1.00,"ק""ג",true,,59.00,59.0000,true,1,1196825
3542,true,גרעינים לבנים קלויים,שקדיה,,גרעין לבן קלוי,קילוגרמים,1.00,"ק""ג",true,,44.00,44.0000,true,1,1196826
3559,true,גרעינים שחורים קלויים,שקדיה,,גרעין שחור קלוי,קילוגרמים,1.00,"ק""ג",true,,29.00,29.0000,true,1,1196827
3573,true,פיסטוק קלוי,שקדיה,,פיסטוק קלוי,קילוגרמים,1.00,"ק""ג",true,,99.00,99.0000,true,1,1196829
3597,true,קשיו קלוי,שקדיה,,קשיו קלוי,קילוגרמים,1.00,"ק""ג",true,,99.00,99.0000,true,1,1182025
3601,true,ברוקולי ארוז,,,ברוקולי ארוז,000000000000000יחידה,1.00,000000000000000יחידה,false,,9.90,9.9000,true,1,1190234
3603,true,שקד ענק קלוי,שקדיה,,שקד ענק קלוי,קילוגרמים,1.00,"ק""ג",true,,99.00,99.0000,true,1,1196830
3641,true,בונדוק קלוי,שקדיה,,בונדוק קלוי,קילוגרמים,1.00,"ק""ג",true,,89.00,89.0000,true,1,1196832
4259,true,"סוכריות מנטה 1 ק""ג",שקדיה,,"סוכריות מנטה 1 ק""ג",קילוגרמים,1.00,"ק""ג",true,,39.00,39.0000,true,1,1196854
4303,true,סוכריות גומי- סוגים שונים,שקדיה,,"סוכריות גומי 1 ק""ג",קילוגרמים,1.00,"ק""ג",true,,39.00,39.0000,true,1,1196858
4440,true,מאפים מתוקים-מלוחים.,,,מאפים מתוקים-מלוחים.,קילוגרמים,1.00,"ק""ג",true,,39.00,39.0000,true,1,1155600
4662,true,מארז שלישית לחמניות,,,מארז שלישית לחמניות,יחידה,0.00,יחידה,false,,9.90,0.0000,true,1,1193424
4914,true,אננס מיובש,,,אננס טבעי,קילוגרמים,1.00,"ק""ג",true,,79.00,79.0000,true,1,1180825
4921,true,אפונה קלויה,,,אפונה,קילוגרמים,1.00,"ק""ג",true,,49.00,49.0000,true,1,1196859
4938,true,חמוציות מופחת סוכר,,,חמוציות מופחת סוכר,קילוגרמים,1.00,"ק""ג",true,,39.00,39.0000,true,1,1180826
4983,true,פול מטוגן,,,פול מטוגן,קילוגרמים,1.00,"ק""ג",true,,39.00,39.0000,true,1,1196860
5003,true,תירס מטוגן,שקדיה,,תירס מטוגן,קילוגרמים,1.00,"ק""ג",true,,39.00,39.0000,true,1,1196861
5010,true,חמוציות שלמות,,,חמוציות שלמות,קילוגרמים,1.00,"ק""ג",true,,39.00,39.0000,true,1,1180827
6246,true,צימוק לבן קטן/ בוכרי,,,צימוק לבן קטן/ בוכרי,קילוגרמים,1.00,"ק""ג",true,,39.00,39.0000,true,1,1180828
6500,true,אבטיח סידלס,,,אבטיח סידלס,קילוגרמים,1.00,"ק""ג",true,,5.90,5.9000,true,1,1190235
6504,true,ג'נגיר -זנגוויל,,,ג'נגיר -זנגוויל,קילוגרמים,1.00,"ק""ג",true,,29.90,29.9000,true,1,1195144
6550,true,לפת,,,לפת,קילוגרמים,1.00,"ק""ג",true,,7.90,7.9000,true,1,1190236
6551,true,לפת מתוק,,,לפת מתוק,000000000000000יחידה,1.00,000000000000000יחידה,false,,7.90,7.9000,true,1,1170097
6600,true,בטטה,,,בטטה,קילוגרמים,1.00,"ק""ג",true,,5.90,5.9000,true,1,1190237
6660,true,בצל יבש רגיל,,,בצל יבש רגיל,קילוגרמים,1.00,"ק""ג",true,,4.90,4.9000,true,1,1190238
6800,true,גזר ארוז,,,גזר ארוז,קילוגרמים,1.00,"ק""ג",true,,2.90,2.9000,true,1,1190241
6801,true,גזר תפזורת,,,גזר תפזורת,קילוגרמים,1.00,"ק""ג",true,,3.90,3.9000,true,1,1170102
6850,true,סלק אדום,,,סלק אדום,קילוגרמים,1.00,"ק""ג",true,,5.90,5.9000,true,1,1190243
6900,true,חציל,,,חציל,קילוגרמים,1.00,"ק""ג",true,,3.90,3.9000,true,1,1190244
6950,true,קישואים רגיל,,,קישואים רגיל,קילוגרמים,1.00,"ק""ג",true,,7.90,7.9000,true,1,1190245
7000,true,עגבניות חממה גדול,,,עגבניות חממה גדול,קילוגרמים,1.00,"ק""ג",true,,5.90,5.9000,true,1,1190246
7007,true,אבטיח בייבי,,,אבטיח בייבי,קילוגרמים,1.00,"ק""ג",true,,5.90,5.9000,true,1,1190247
7036,true,חציל בלדי,,,חציל בלדי,קילוגרמים,1.00,"ק""ג",true,,4.90,4.9000,true,1,1190253
7038,true,עגבניות קוקטייל,,,עגבניות קוקטייל,קילוגרמים,1.00,"ק""ג",true,,14.90,14.9000,true,1,1190255
7044,true,חסה מסולסלת,,,חסה מסולסלת,00000000000000000000,0.00,00000000000000000000,false,,4.90,0.0000,true,1,1190259
7050,true,שרי אשכולות,,,שרי אשכולות,קילוגרמים,1.00,"ק""ג",true,,14.90,14.9000,true,1,1190263
7053,true,שרי ליקופן,,,שרי ליקופן,קילוגרמים,1.00,"ק""ג",true,,19.90,19.9000,true,1,1170108
7065,true,בצל ירוק יחידה,,,בצל ירוק יחידה,00000000000000000000,0.00,00000000000000000000,false,,4.90,0.0000,true,1,1190269
7075,true,חטיפיפון/חטיפי מלפפו,,,חטיפיפון/חטיפי מלפפו,00000000000000000יח',1.00,00000000000000000יח',false,,7.90,7.9000,true,1,1190274
7100,true,מלפפון,,,מלפפון,קילוגרמים,1.00,"ק""ג",true,,5.90,5.9000,true,1,1190275
7111,true,בצל אדום,,,בצל אדום,קילוגרמים,1.00,"ק""ג",true,,6.90,6.9000,true,1,1190277
7114,true,פלפל אדום,,,פלפל אדום,קילוגרמים,1.00,"ק""ג",true,,5.90,5.9000,true,1,1190279
7116,true,פלפל צילי תפזורת,,,פלפל צילי תפזורת,00000000000000000יח',1.00,00000000000000000יח',false,,7.90,7.9000,true,1,1190281
7117,true,פלפל ירוק,,,פלפל ירוק,קילוגרמים,1.00,"ק""ג",true,,5.90,5.9000,true,1,1190282
7123,true,פלפל נהריה,,,פלפל נהריה,קילוגרמים,1.00,"ק""ג",true,,7.90,7.9000,true,1,1190283
7130,true,דלורית מיני פאם,,,דלורית מיני פאם,קילוגרמים,1.00,"ק""ג",true,,7.90,7.9000,true,1,1190284
7131,true,דלורית,,,דלורית,קילוגרמים,1.00,"ק""ג",true,,7.90,7.9000,true,1,1190285
7140,true,חסה ערבית,,,חסה ערבית,00000000000000000יח',1.00,00000000000000000יח',false,,3.90,3.9000,true,1,1190289
7141,true,חסה אמריקאית,,,חסה אמריקאית,00000000000000000יח',1.00,00000000000000000יח',false,,4.90,4.9000,true,1,1190290
7145,true,כרובית,,,כרובית,קילוגרמים,1.00,"ק""ג",true,,9.90,9.9000,true,1,1190292
7148,true,פרסה,,,פרסה,קילוגרמים,1.00,"ק""ג",true,,19.90,19.9000,true,1,1190294
7159,true,קולרבי,,,קולרבי,קילוגרמים,1.00,"ק""ג",true,,7.90,7.9000,true,1,1190303
7161,true,קישואים למילוי,,,קישואים למילוי,קילוגרמים,1.00,"ק""ג",true,,9.90,9.9000,true,1,1190305
7162,true,שעועית ירוקה,,,שעועית ירוקה,קילוגרמים,1.00,"ק""ג",true,,29.90,29.9000,true,1,1190306
7170,true,סלרי עלים קצוץ,,,סלרי עלים קצוץ,00000000000000000000,0.00,00000000000000000000,false,,5.90,0.0000,true,1,1170118
7172,true,שומר,,,שומר,קילוגרמים,1.00,"ק""ג",true,,3.90,3.9000,true,1,1190310
7173,true,סלרי אמריקאי,,,סלרי אמרקאי,00000000000000000יח',1.00,00000000000000000יח',false,,4.90,4.9000,true,1,1190311
7175,true,פלפל חריף ירוק,,,פלפל חריף ירוק,קילוגרמים,1.00,"ק""ג",true,,5.90,5.9000,true,1,1190312
7178,true,דלעת,,,דלעת,קילוגרמים,1.00,"ק""ג",true,,9.90,9.9000,true,1,1190314
7180,true,פלפל שושקה ירוק,,,פל שושקה ירוק,קילוגרמים,1.00,"ק""ג",true,,12.90,12.9000,true,1,1190315
7181,true,דלעת ערמונים,,,דלעת ערמונים,קילוגרמים,1.00,"ק""ג",true,,19.90,19.9000,true,1,1190316
7184,true,פלפל שושקה אדום,,,פלפל שושקה אדום,קילוגרמים,1.00,"ק""ג",true,,12.90,12.9000,true,1,1190318
7185,true,פלפל חריף אדום,,,פלפל חריף אדום,קילוגרמים,1.00,"ק""ג",true,,12.90,12.9000,true,1,1190319
7248,true,פלפל צהוב,,,פלפל צהוב,קילוגרמים,1.00,"ק""ג",true,,5.90,5.9000,true,1,1190325
7249,true,פלפל כתום,,,פלפל כתום,קילוגרמים,1.00,"ק""ג",true,,7.90,7.9000,true,1,1190326
7250,true,"תפוא"" לבן תפזורת",,,"תפוא"" לבן תפזורת",קילוגרמים,1.00,"ק""ג",true,,6.90,6.9000,true,1,1190327
7251,true,תפוח אדמה גורמה תפזו,,,תפוח אדמה גורמה תפזו,קילוגרמים,1.00,"ק""ג",true,,6.90,6.9000,true,1,1212993
7300,true,ירק,,,ירק,00000000000000000יח',1.00,00000000000000000יח',false,,2.90,2.9000,true,1,1170121
7320,true,צנונית ארוז,,,צנונית ארוז,גרמים,400.00,00000000000000000גרם,false,,4.90,0.0123,true,1,1190332
7342,true,קישואים זוקיני ירוק,,,קישואים זוקיני ירוק,קילוגרמים,1.00,"ק""ג",true,,9.90,9.9000,true,1,1190340
7350,true,תותים,,,תותים,000000000000000יחידה,1.00,000000000000000יחידה,false,,24.90,24.9000,true,1,1190343
7373,true,שעועית הילדה,,,שעועית הילדה,קילוגרמים,1.00,"ק""ג",true,,29.90,29.9000,true,1,1190345
7376,true,שום יבוא,,,שום יבוא,00000000000000000000,0.00,00000000000000000000,false,,4.90,0.0000,true,1,1190347
7400,true,כרוב אדום,,,כרוב אדום,קילוגרמים,1.00,"ק""ג",true,,3.90,3.9000,true,1,1190348
7432,true,שרי תמר,,,שרי תמר,קילוגרמים,1.00,"ק""ג",true,,19.90,19.9000,true,1,1190350
7461,true,תירס ארוז,,,תירס ארוז,קילוגרמים,1.00,"ק""ג",true,,7.90,7.9000,true,1,1190355
7473,true,"תפו""א אדום תפזורת",,,"תפו""א אדום תפזורת",קילוגרמים,1.00,"ק""ג",true,,6.90,6.9000,true,1,1190356
7474,true,"תפו""א אדום לאפיה",,,"תפו""א אדום לאפיה",קילוגרמים,1.00,"ק""ג",true,,3.90,3.9000,true,1,1190357
7475,true,"תפו""א למיקרו",,,"תפו""א למיקרו",00000000000000000000,0.00,00000000000000000000,false,,5.90,0.0000,true,1,1190358
7476,true,"תפו""א ירושלמי",,,"תפו""א ירושלמי",קילוגרמים,1.00,"ק""ג",true,,9.90,9.9000,true,1,1170131
7478,true,"תפו""א לבן לאפיה",,,"תפו""א לבן לאפיה",קילוגרמים,1.00,"ק""ג",true,,3.90,3.9000,true,1,1170132
7490,true,"תפוח""ע זהוב קטן",,,"תפוח""ע זהוב קטן",קילוגרמים,1.00,"ק""ג",true,,7.90,7.9000,true,1,1190360
7491,true,"תפוח""ע סמיט קטן",,,"תפוח""ע מיט קטן",קילוגרמים,1.00,"ק""ג",true,,9.90,9.9000,true,1,1190361
7492,true,"תפוח""ע חרמון קטן",,,"תפוח""ע חרמון קטן",קילוגרמים,1.00,"ק""ג",true,,6.90,6.9000,true,1,1190362
7493,true,תפוח עץ גלה קטן,,,תפוח עץ גלה קטן,קילוגרמים,1.00,"ק""ג",true,,6.90,6.9000,true,1,1190363
7500,true,כרוב לבן,,,כרוב לבן,קילוגרמים,1.00,"ק""ג",true,,3.90,3.9000,true,1,1190364
7501,true,כרוב שטוח למילוי,,,כרוב שטוח למילוי,קילוגרמים,1.00,"ק""ג",true,,5.90,5.9000,true,1,1190365
7505,true,אננס,,,אננס,00000000000000000000,0.00,00000000000000000000,false,,39.90,0.0000,true,1,1190367
7509,true,קיווי,,,קיווי,קילוגרמים,1.00,"ק""ג",true,,19.90,19.9000,true,1,1190370
7511,true,גויאבה,,,גויאבה,קילוגרמים,1.00,"ק""ג",true,,19.90,19.9000,true,1,1190372
7513,true,חבוש,,,חבוש,קילוגרמים,1.00,"ק""ג",true,,14.90,14.9000,true,1,1190374
7518,true,ערמונים אלטאי,,,ערמונים אלטאי,קילוגרמים,1.00,"ק""ג",true,,17.90,17.9000,true,1,1219312
7523,true,ערמונים,,,ערמונים,קילוגרמים,1.00,"ק""ג",true,,17.90,17.9000,true,1,1190379
7528,true,רימון,,,רימון,קילוגרמים,1.00,"ק""ג",true,,12.90,12.9000,true,1,1190384
7532,true,תפוח עץ ענה קטן,,,תפוח עץ ענה קטן,קילוגרמים,1.00,"ק""ג",true,,7.90,7.9000,true,1,1190387
7533,true,תע זהוב מובחר,,,תע זהוב מובחר,קילוגרמים,1.00,"ק""ג",true,,9.90,9.9000,true,1,1190388
7534,true,תע אורליאנס,,,תע אורליאנס,קילוגרמים,1.00,"ק""ג",true,,9.90,9.9000,true,1,1190389
7535,true,תע יונתן מובחר,,,תע יונתן מובחר,קילוגרמים,1.00,"ק""ג",true,,11.90,11.9000,true,1,1190390
7536,true,תע חרמון מובחר,,,תע חרמון מובחר,קילוגרמים,1.00,"ק""ג",true,,9.90,9.9000,true,1,1190391
7541,true,תע סמיט מובחר,,,תע סמיט מובחר,קילוגרמים,1.00,"ק""ג",true,,12.90,12.9000,true,1,1190394
7544,true,"תפו""ע קריספינק",,,"תפו""ע קריספינק",קילוגרמים,1.00,"ק""ג",true,,18.90,18.9000,true,1,1190397
7545,true,"תפו""ע גלה מובחר",,,"תפו""ע גלה מובחר",קילוגרמים,1.00,"ק""ג",true,,12.90,12.9000,true,1,1190398
7546,true,תפוח עץ פודזי,,,תפוח עץ פודזי,קילוגרמים,1.00,"ק""ג",true,,14.90,14.9000,true,1,1190399
7550,true,שזיף סנטה רוזה,,,שזיף סנטה רוזה,קילוגרמים,1.00,"ק""ג",true,,17.90,17.9000,true,1,1190402
7553,true,שזיף שחור,,,שזיף שחור,קילוגרמים,1.00,"ק""ג",true,,19.90,19.9000,true,1,1190405
7555,true,תפוח עץ קנזי,,,תפוח עץ קנזי,קילוגרמים,1.00,"ק""ג",true,,9.90,9.9000,true,1,1170140
7556,true,תפוח עץ סאן - דאונר,,,תפוח עץ סאן - דאונר,קילוגרמים,1.00,"ק""ג",true,,12.90,12.9000,true,1,1170141
7557,true,פומלית ארוזה,,,פומלית ארוזה,קילוגרמים,1.00,"ק""ג",true,,2.90,2.9000,true,1,1170142
7558,true,"תפו""ע קריפס פינק קטן",,,"תפו""ע קריפס פינק קטן",קילוגרמים,1.00,"ק""ג",true,,9.90,9.9000,true,1,1170143
7600,true,אגס קוסיה,,,אגס קוסיה,קילוגרמים,1.00,"ק""ג",true,,12.90,12.9000,true,1,1190407
7662,true,לימון,,,לימון,קילוגרמים,1.00,"ק""ג",true,,8.90,8.9000,true,1,1190408
7663,true,תפוז גדול,,,תפוז גדול,קילוגרמים,1.00,"ק""ג",true,,7.90,7.9000,true,1,1190409
7697,true,אשכולית צהובה,,,אשכולית צהובה,קילוגרמים,1.00,"ק""ג",true,,6.90,6.9000,true,1,1190410
7698,true,אשכולית אדומה,,,אשכולית אדום,קילוגרמים,1.00,"ק""ג",true,,6.90,6.9000,true,1,1190411
7700,true,אפרסמון,,,אפרסמון,קילוגרמים,1.00,"ק""ג",true,,14.90,14.9000,true,1,1190413
7728,true,קלמ מיכל,,,קלמ מיכל,קילוגרמים,1.00,"ק""ג",true,,5.90,5.9000,true,1,1190419
7730,true,קרמבולה,,,קרמבולה,קילוגרמים,1.00,"ק""ג",true,,29.90,29.9000,true,1,1190420
7732,true,פומלה לבנה,,,פומלה לבנה,קילוגרמים,1.00,"ק""ג",true,,9.90,9.9000,true,1,1190422
7734,true,פומלה אדומה,,,פומלה אדומה,קילוגרמים,1.00,"ק""ג",true,,9.90,9.9000,true,1,1190423
7735,true,פומלית,,,פומלית,קילוגרמים,1.00,"ק""ג",true,,4.90,4.9000,true,1,1190424
7736,true,קלמנטינה אורה,,,קלמנטינה אורה,קילוגרמים,1.00,"ק""ג",true,,5.90,5.9000,true,1,1190425
7740,true,קלמנטינה נובה,,,קלמנטינה נובה,קילוגרמים,1.00,"ק""ג",true,,5.90,5.9000,true,1,1190429
7742,true,תפוז ארוז,,,תפוז ארוז,קילוגרמים,1.00,"ק""ג",true,,3.90,3.9000,true,1,1190431
7751,true,תפוח עץ ענה מובחר,,,תפוח עץ ענה מובחר,קילוגרמים,1.00,"ק""ג",true,,5.90,5.9000,true,1,1170152
7756,true,שזיף אבטיח,,,שזיף אבטיח,קילוגרמים,1.00,"ק""ג",true,,19.90,19.9000,true,1,1170154
7758,true,אגס תפוח,,,אגס תפוח,קילוגרמים,1.00,"ק""ג",true,,12.90,12.9000,true,1,1190436
7764,true,אוכמניות,,,אוכמניות,00000000000000000000,0.00,00000000000000000000,false,,9.90,0.0000,true,1,1190440
7768,true,תפוז צהוב,,,תפוז צהוב,קילוגרמים,1.00,"ק""ג",true,,6.90,6.9000,true,1,1190442
7800,true,בננה,,,בננה,קילוגרמים,1.00,"ק""ג",true,,5.90,5.9000,true,1,1190443
7900,true,מנגו,,,מנגו,קילוגרמים,1.00,"ק""ג",true,,12.90,12.9000,true,1,1190445
8000,true,משמש,,,משמש,קילוגרמים,1.00,"ק""ג",true,,19.90,19.9000,true,1,1190447
8010,true,אגס חום,,,אגס חום,קילוגרמים,1.00,"ק""ג",true,,14.90,14.9000,true,1,1190449
8011,true,אגס ספדונה,,,אגס ספדונה,קילוגרמים,1.00,"ק""ג",true,,12.90,12.9000,true,1,1190450
8012,true,אגס אדום,,,אגס אדום,קילוגרמים,1.00,"ק""ג",true,,14.90,14.9000,true,1,1190451
8013,true,אגס אמריקאי,,,אגס אמריקאי,קילוגרמים,1.00,"ק""ג",true,,14.90,14.9000,true,1,1190452
8092,true,מארז 10 לחמניות פטיט,,,מארז 10 לחמניות פטיט,יח',10.00,יח',false,,10.00,1.0000,true,1,1155604
8100,true,סברס,,,סברס,קילוגרמים,1.00,"ק""ג",true,,27.90,27.9000,true,1,1190453
8170,true,מנגו מאיה,,,מנגו מאיה,קילוגרמים,1.00,"ק""ג",true,,14.90,14.9000,true,1,1190455
8200,true,ענב לבן ישראלי,,,ענב לבן,קילוגרמים,1.00,"ק""ג",true,,19.90,19.9000,true,1,1170159
8224,true,ענב לבן ארוז,,,ענב לבן ארוז,00000000000000000000,0.00,00000000000000000000,false,,17.90,0.0000,true,1,1224716
8300,true,ענב שחור מוסקט,,,ענב שחור מוסקט,קילוגרמים,1.00,"ק""ג",true,,19.90,19.9000,true,1,1190458
8302,true,ענב שחור תיפזורת,,,ענב שחור תיפזורת,קילוגרמים,1.00,"ק""ג",true,,19.90,19.9000,true,1,1190460
8303,true,ענב שחור בלי גרעינים,,,ענב שחור בלי גרעינים,קילוגרמים,1.00,"ק""ג",true,,19.90,19.9000,true,1,1190461
8304,true,פטייה,,,פטייה,קילוגרמים,1.00,"ק""ג",true,,29.90,29.9000,true,1,1190462
8500,true,אבוקדו,,,אבוקדו,קילוגרמים,1.00,"ק""ג",true,,14.90,14.9000,true,1,1190464
8880,true,מארז 6 יח' בייבי חלו,,,מארז 6 יח' בייבי חלו,יח',6.00,יח',false,,10.00,1.6667,true,1,1155607
8884,true,מארז חצי בגט 4 יחידו,,,מארז חצי בגט 4 יחידו,יח',4.00,יח',false,,9.90,2.4750,true,1,1155610
8887,true,מארז שליש בגט 5 יחיד,,,מארז שליש בגט 5 יחיד,יח',5.00,יח',false,,9.90,1.9800,true,1,1155612
8888,true,מארז לחמניות 5 יחידו,,,מארז לחמניות 5 יחידו,יח',5.00,יח',false,,9.90,1.9800,true,1,1155613
9551,true,לפת,,,לפת,קילוגרמים,1.00,"ק""ג",true,,19.00,19.0000,true,1,1191994
498393,true,חלה מתוקה עגולה לא א,,,חלה מתוקה עגולה לא א,גרמים,500.00,100 גרם,false,,7.90,0.0158,true,1,2087971
799806,true,Temp Item,,,Temp Item,,0.00,,false,,0.00,0.0000,true,1,2007069
30500001,false,חגורת עור,,,חגורת עור,יחידה,0.00,יחידה,false,,59.90,0.0000,true,1,1989687
32147230,false,לימונית - מיץ לימון משומר,ג'נרל מילס סאן אדריא,CH,"מיץ לימון משומר 200מ""ל",מיליליטרים,200.00,"100 מ""ל",false,,7.90,0.0395,true,1,1199643
40084077,false,קינדר מקסי שוקולד בודד 21 גר,קדבורי,DE,אצבעות קינדר מקסי.,גרמים,21.00,100 גרם,false,,2.00,0.0952,true,1,1173955
40084107,false,ביצת שוקולד הפתעה קינדר,פרדי קונדטוריה אס פי,IT,ביצת הפתעה קינדר.,גרמים,20.00,100 גרם,false,,4.90,0.2450,true,1,1243614
40099132,false,מסטיק הובה בובה Hubba Bubba בטעם תות,הובה בובה Hubba Bubba,DE,מסטיק הובה בובה תות,גרמים,35.00,100 גרם,false,,2.90,0.0829,true,1,1184039
40111216,false,באונטי חטיף קוקוס ושוקולד 57ג',"נארז ע""י : א.ג. גילר",NL,57GR 'באונטי חטיף שוק,גרמים,57.00,100 גרם,false,,3.90,0.0684,true,1,1166655
40345123,false,סמרטיז גליל סוכריות כפתורים 38 ג',נסטלה Nestle,DE,סמרטיס גליל,גרמים,38.00,100 גרם,false,,3.90,0.1026,true,1,1191557
42123866,false,מסטיק הובה בובה צ'אנק פירות קלאסי 35ג',הובה בובה Hubba Bubba,,מסטיק הובה בובה קלאס,גרמים,35.00,100 גרם,false,,2.90,0.0829,true,1,1184043
42299363,false,"ניוואה - דאודורנט רול און לגבר פרש פאוור 50 מ""ל",ביירסדורף,DE,ניוואה דאו רול און פ,יחידה,0.00,יחידה,false,,19.90,0.0000,true,1,1349824
50398904,false,"קרם חמצן 6% אינדולה 60 מ""ל",גדעון קוסמטיקס,IL,"אינדולה קרם חמצן 6% 60 מ""",מיליליטרים,60.00,"100 מ""ל",false,,3.90,0.0650,true,1,1170546
50398911,false,חמצן %9 60 מ''ל אינדולה,הנקל סוד,IL,קרם חמצן 9%,מיליליטרים,60.00,"100 מ""ל",false,,3.90,0.0650,true,1,1170547
54051157,false,מעדן סויה טעם שוקו אלפרו רביעיה 125 ג',אלפרו C.V.A,BE,אלפרו מעדן סויה בטעם שוקו,גרמים,500.00,100 גרם,false,,16.90,0.0338,true,1,1185642
59082637,false,"רקסונה - דאודורנט רולאון לגבר אקסטרא קול 50 מ""ל",יוניליוור פיליפינים,GB,דאודורנטרול און רקסו,מיליליטרים,50.00,"100 מ""ל",false,,15.90,0.3180,true,1,1989656
72940754,false,מעדן מילקי בטעם וניל עם קצפת,"שטראוס גרופ בע""מ",IL,מילקי וניל,גרמים,135.00,100 גרם,false,,2.80,0.0207,true,1,1188738
72940761,false,מעדן מילקי בטעם שוקולד עם קצפת,מיוצר עי קונדיטוריית,IL,מילקי שוקולד,גרמים,170.00,100 גרם,false,,2.80,0.0165,true,1,1188739
72940952,false,מעדן מילקי בטעם שוקולד עם אקסטרה קצפת,"שטראוס גרופ בע""מ",IL,מילקי אקסטרה קצפת,גרמים,170.00,100 גרם,false,,3.50,0.0206,true,1,1188740
72940976,false,כרוב אדום אחלה 250 ג',מיוצר עי קונדיטוריית,IL,כרוב אדום 250,גרמים,250.00,100 גרם,false,,6.90,0.0276,true,1,1188741
72941041,false,מעדן מילקי מיני בטעם שוקולד עם קצפת,"שטראוס גרופ בע""מ",IL,מעדן מילקי מיני שוקו,גרמים,70.00,100 גרם,false,,2.00,0.0286,true,1,1188743
72945308,false,קוביות שמרים לאפיה שמרית 2*25 ג',"פאקא תעשיות בע""מ",IL,שמרית קוביה,גרמים,50.00,100 גרם,false,,3.20,0.0640,true,1,1188744
72961506,false,יוגורט עם תות 1.5% שומן 125 ג' פרילי,מיוצר עי קונדיטוריית,IL,מעדן פרילי חלב תנובה,מיליליטרים,125.00,"100 מ""ל",false,,3.20,0.0256,true,1,1187166
72961520,false,יוגורט עם אננס 1.5% שומן 125 ג' פרילי,מיוצר עי קונדיטוריית,IL,מעדן פרילי אננס 125,מיליליטרים,125.00,"100 מ""ל",false,,3.20,0.0256,true,1,1187168
72961544,false,באדי יוגורט בטעם תות שדה 3%,מחלבת אלון תבור,IL,"מעדן באדי תות 125 מ""",מיליליטרים,125.00,"100 מ""ל",false,,2.80,0.0224,true,1,1187169
72964132,false,פרילי טבע עם גרנולה 1.5% 200מל,מיוצר עי קונדיטוריית,IL,מעדן פרילי טבעגורט 2,גרמים,200.00,100 גרם,false,,4.90,0.0245,true,1,1187175
72964422,false,תנובה יוגורט פרחים 4.5% 200מל,מחלבת תנובה,IL,"יוגורט 4.5% 200 מ""ל.",מיליליטרים,200.00,"100 מ""ל",false,,2.70,0.0135,true,1,1187176
72986370,false,"גלידת בן & ג'ריס פיינטים וניל 500מ""ל",מוצרי איכות אמריקאים,IL,"גל.וניל צרפתי 500 מ""ל",מיליליטרים,500.00,"100 מ""ל",false,,24.90,0.0498,true,1,1174499
72986424,false,"גלידת בן & ג'ריס פיינטים קרם עוגיות 500מ""ל",מוצרי איכות אמריקאיי,IL,"גל.קרם עוגיות 500 מ""ל",מיליליטרים,500.00,"100 מ""ל",false,,24.90,0.0498,true,1,1174500
72986448,false,"גלידת בן & ג'ריס פיינטים טופי קראנץ 500מ""ל",מוצרי איכות אמריקאיי,IL,"גל.טופי קראנץ 500 מ""ל",מיליליטרים,500.00,"100 מ""ל",false,,24.90,0.0498,true,1,1174501
72986455,false,"ניו יורק סופר גלידת שוקולד, חתיכות פאדג' ואגוזים",מוצרי איכות אמריקאיי,IL,גלידת שוקולד פאגד'אגוזים,מיליליטרים,500.00,"100 מ""ל",false,,24.90,0.0498,true,1,1174502
72986479,false,"צ'אנקי מנקי גלידת וניל, בננות, חתיכות פאדג' ואגוזים",מוצרי איכות אמריקאיי,IL,"גל.צ'אנקי מאנקי 500 מ""ל",מיליליטרים,500.00,"100 מ""ל",false,,24.90,0.0498,true,1,1174503
72989425,false,"גלידת בן & ג'ריס פיינטים שוקולד בראוניז 500מ""ל",מוצרי איכות אמריקאיי,IL,500 גלידה שוקולד בראוניס,מיליליטרים,500.00,"100 מ""ל",false,,24.90,0.0498,true,1,1174504
72991886,false,"גלידת דולצ'ה בטעם ריבת חלב עם פאדג' בן וג'ירי 500 מ""ל",מוצרי איכות אמריקאיי,IL,500 גלידת דולצ'ה דה לצ'ה,מיליליטרים,500.00,"100 מ""ל",false,,24.90,0.0498,true,1,1174505
72993637,false,מעדן חלב בטעם שוקולד 125 ג' דני,מחלבת אחיהוד,IL,דני שוקולד,גרמים,125.00,100 גרם,false,,2.70,0.0216,true,1,1188750
72994061,false,חטיף פסק זמן GOOD גלילית לבן 40 גרם,שולן צ'יקולטה גידה ס,IL,פסק זמן 2Good,גרמים,36.00,100 גרם,false,,4.90,0.1361,true,1,1547536
80001027,false,לואקר וופל טורטינה 21 גרם,"כד בני דרום בע""מ",IT,חטיף טורטינה חלב,גרמים,21.00,100 גרם,false,,3.50,0.1667,true,1,1173958
80001287,false,וופל חטיף לואקר אגוז 38 גר',ליימן מותגים,AT,חטיף וופל גרדנה אגוז,גרמים,38.00,100 גרם,false,,3.50,0.0921,true,1,1173959
80001461,false,לואקר חטיף שוקולד 38 גר',"א. לואקר קונפקט בע""מ",AT,חטיף גרדנה מצופה,גרמים,38.00,100 גרם,false,,3.50,0.0921,true,1,1173961
80042556,false,POLPA עגבניות חתוכות דק 400 גרם MUTTI,"איי, בי, אינבוו",IT,עגבניות מרוסקות PO,גרמים,400.00,100 גרם,false,,5.90,0.0148,true,1,2094769
80050025,false,סוכריות טיק טק בטעם תפוז,קדבורי,ZA,סוכריות טיק טק,גרמים,16.00,100 גרם,false,,2.90,0.1812,true,1,1173964
80050124,false,סוכריות טיק טק בטעם מנטה,קדבורי,ZA,סוכריות טיק-טק,גרמים,16.00,100 גרם,false,,2.90,0.1812,true,1,1173965
80050278,false,פררו רושר חטיף כדורים שלישיה 40ג',קדבורי,IT,חטיף רושה 1/3.,גרמים,37.50,100 גרם,false,,4.90,0.1307,true,1,1173966
80052487,false,רפאלו 30 גרי שלישיי,פררו,PL,חטיף רפאלו 30 גרם,גרמים,30.00,100 גרם,false,,3.90,0.1300,true,1,1173970
80052883,false,סוכריות מנטה חזק 16 ג' טיק טק,פררו,ZA,סוכריות טיק טק,גרמים,16.00,100 גרם,false,,2.90,0.1812,true,1,2042338
80136194,false,חטיפי הפי היפו Happy Hippo במילוי קרם חלבי ואגוזי לוז,קינדר Kinder,DE,הפי היפו חמישייה,גרמים,103.50,100 גרם,false,,12.90,0.1246,true,1,1585074
80176732,false,קינדר הפי היפו 28 יחידות,קדבורי,DE,חטיף קינדר היפו שוקו,גרמים,20.50,100 גרם,false,,2.90,0.1415,true,1,1173973
80176800,false,נוטלה ממרח שוקולד 750 גרם,פררו תעשיות איטליה ס,IT,ממרח נוטלה 750 גרם,גרמים,750.00,100 גרם,false,,24.90,0.0332,true,1,1173974
80177173,false,ממרח אגוזי לוז עם קקאו,נוטלה Nutella,IT,ממרח נוטלה 350 גרם,גרמים,350.00,100 גרם,false,,13.90,0.0397,true,1,1173975
80177180,false,שוקולד קינדר קאונטרי 23.5 גרם,ליימן שליסל,IT,שוקולד קינדר קאנטרי.,גרמים,23.50,100 גרם,false,,2.00,0.0851,true,1,1173976
80177609,false,אצבעות שוקולד קינדר Kinder ארבע יחידות,קינדר Kinder,IT,שוקולד קינדר אצבעות,גרמים,50.00,100 גרם,false,,3.50,0.0700,true,1,1173978
80177616,false,אצבעות שוקולד קינדר Kinder שמונה יחידות,קינדר Kinder,IT,שוקולד קינדר,גרמים,100.00,100 גרם,false,,6.90,0.0690,true,1,1173979
80310549,false,הפי היפו חטיף קינדר שוקולד לבן 20.5ג',קדבורי,DE,חטיף קינדר היפו שוקו,גרמים,20.50,100 גרם,false,,2.90,0.1415,true,1,1585075
80310891,false,ביצת הפתעה קינדר ג'וי כתום,פררו,ZA,קינדר ג'וי ביצת הפתע,גרמים,20.00,100 גרם,false,,4.90,0.2450,true,1,2137269
80718758,false,טונה בשמן זית 160 גר CALIPO,גיאצינטו קליפו,IT,טונה שמן זית,גרמים,160.00,100 גרם,false,,19.90,0.1244,true,1,1995500
80768838,false,מסטיק מנטוס וויט ביג פירות ומנטה 105 ג',פרפטי ואן מלה,TR,מסטיק מנטוס בטעם פיר,גרמים,90.00,100 גרם,false,,16.90,0.1878,true,1,1350624
80773429,false,מסטיק מנטוס פיור פרש בבקבוק בינוני בטעם תות 60 ג',"פרפטי ואן מלה ג'ידה,",NL,מסטיק מנטוס תות 60 ג,גרמים,60.00,100 גרם,false,,9.90,0.1650,true,1,1636541
80773443,false,מסטיק מנטוס בבקבוק מעוגל בטעם מנטה מעודנת 60 ג',"פרפטי ואן מלה ג'ידה,",NL,מסטיק מנטוס פירות 60,גרמים,60.00,100 גרם,false,,9.90,0.1650,true,1,1459782
80790990,false,מסטיק מנטוס בבקבוק מעוגל בטעם פירות -מנטה 60 ג',"פרפטי ואן מלה ג'ידה,",NL,מסטיק מנטוס פירות,גרמים,60.00,100 גרם,false,,9.90,0.1650,true,1,1459785
80804697,false,מסטיק וויט White בטעם מנטה מתוקה ללא סוכר,פרפטי ואן מלה,TR,מסטיק מנטוס בטעם מנט,גרמים,105.00,100 גרם,false,,16.90,0.1610,true,1,1350626
80831402,false,סוכריות מנטוס מנטה עדינה 30 יח' ללא סוכר CLEAN BREATH,פרפטי ואן מלה,TR,סוכריות מנטוס מנטה ע,גרמים,31.00,100 גרם,false,,6.90,0.2226,true,1,2015864
80832560,false,סוכריות מנטוס פירות יער 21 ג' ללא סוכר CLEAN BREATH,פרפטי ואן מלה,TR,סוכריות מנטוס פירות,גרמים,31.00,100 גרם,false,,6.90,0.2226,true,1,2127896
80843184,false,מנטוס מסטיק פיור פרש בטעם ענבים 60גר,פרפטי ואן מלה ברדה,NL,מסטיק מנטוס ענבים,גרמים,60.00,100 גרם,false,,9.90,0.1650,true,1,2083330
80896081,false,מסטיק מנטוס פיור פרש בבקבוק בינוני בטעם אבטיח 60 ג',"פרפטי ואן מלה ג'ידה,",NL,מסטיק מנטוס אבטיח 60,גרמים,60.00,100 גרם,false,,9.90,0.1650,true,1,1636542
80913467,false,מסטיק מנטו בבקבוק מעוגל בטעם מנטה 60 ג',פרפטי ואן מלה ברדה,NL,מסטיק מנטוס מנטה,גרמים,60.00,100 גרם,false,,9.90,0.1650,true,1,1459787
80936848,false,סוכריות טיק טק תות שדה 24 יח',ליימן שליסל,ZA,סוכריות טיק-טק,גרמים,16.00,100 גרם,false,,2.90,0.1812,true,1,1174003
80945468,false,סוכריות פיור וויט טעם מנטה מתוקה 60 ג' מנטוס,"פרפטי ואן מלה ג'ידה,",TR,מסטיק מנטוס וויט מנט,גרמים,60.00,100 גרם,false,,9.90,0.1650,true,1,2085786
80974215,false,מסטיק מנטוס פיור פרש בבקבוק ביג בטעם תות 90ג',פרפטי ואן מלה,NL,מסטיק מנטוס בטעם תות,גרמים,90.00,100 גרם,false,,16.90,0.1878,true,1,1802601
80979128,false,מנטוס מסטיק בקבוק מעוגל בטעם דובדבן,פרפטי ואן מלה ברדה,TR,מסטיק מנטוס דובדבן,גרמים,60.00,100 גרם,false,,9.90,0.1650,true,1,2083331
80982470,false,מסטיק מנטוס פיור פרוסט בטעם מנטה חזק 60 גר',פרפטי ואן מלה ברדה,NL,מסטיק מנטוס מנטה חזק,גרמים,60.00,100 גרם,false,,9.90,0.1650,true,1,2064659
80986348,false,סוכריות פיור וויט טעם מנטה 60 ג' מנטוס,"פרפטי ואן מלה ג'ידה,",TR,מסטיק מנטוס וויט מנט,גרמים,60.00,100 גרם,false,,9.90,0.1650,true,1,2085787
80995128,false,מנטוס - מסטיק בטעם הדרים בתוספת ויטמינים 60 גרם,פרפטי ואן מלה ברדה,TR,מסטיק מנטוס הדרים 6,גרמים,60.00,100 גרם,false,,9.90,0.1650,true,1,2144451
87108538,false,סוכריות מנטוס Mentos תות שדה,הדקלאים אגודת שיתופי,NL,מנטוס תות בודד,גרמים,37.00,100 גרם,false,,3.00,0.0811,true,1,1174008
87108651,false,מארז סוכריות מנטוס Mentos מנטה,הדקלאים אגודת שיתופי,NL,מנטוס 1/4 טעם מנטה,גרמים,150.00,100 גרם,false,,10.90,0.0727,true,1,1174009
87108712,false,מארז סוכריות מנטוס Mentos פירות,פרפטי ואן מלה ברדה,NL,מנטוס 1/4 טעם פירות,גרמים,150.00,100 גרם,false,,10.90,0.0727,true,1,1174010
87311396,false,סוכריות מנטוס Mentos ריינבואו,פרפטי ואן מלה,NL,מנטוס גליל בודד,גרמים,37.50,100 גרם,false,,3.00,0.0800,true,1,1174016
87342802,false,"אקס דאודורנט רול און גולד 50 מ""ל",יוניליוור,GB,אקס רול און רוק,מיליליטרים,50.00,"100 מ""ל",false,,18.90,0.3780,true,1,2032729
87354041,false,מנטוס גליל בטעם דובדבן 40גלילים,פרפטי ואן מלה,NL,מנטוס דובדבן בודד,גרמים,37.50,100 גרם,false,,3.00,0.0800,true,1,2084691
88888100,true,מוכרנים - מוצרי חשמל,,,מוכרנים - מוצרי חשמל,,0.00,,false,,0.00,0.0000,true,1,1958968
90034107,false,"בירה שטיגל גולדברו 500 מ""ל",מבשלת שטיגל,AT,בירה שטיגל-גולדבראו,מיליליטרים,500.00,"100 מ""ל",false,,11.90,0.0238,true,1,1363809
90087011,false,מיץ תפוחים 100% קרטונית ראוך,ראוך Rauch,HU,מיץ תפוחים 100% 1 לי,ליטרים,1.00,ליטר,false,,11.90,11.9000,true,1,1186555
90087271,false,נקטר אוכמניות 1 ליטר קרטונית ראוך,ראוך Rauch,,נקטר אוכמניות 1 ליטר,ליטרים,1.00,ליטר,false,,11.90,11.9000,true,1,1186556
90087547,false,מיץ עגבניות 1 ליטר ראוך קרטונית,ראוך Rauch,HU,מיץ עגבנית 1 ליטר,ליטרים,1.00,ליטר,false,,11.90,11.9000,true,1,1782520
90087974,false,חומץ טבעי מתפוחים 750 מל,ראוך פרוכטסאפה,AT,"חומץ מתפוחים 750 מ""ל",מיליליטרים,750.00,"100 מ""ל",false,,12.90,0.0172,true,1,1186559
90087998,false,"מיץ לימון טבעי 250 מ""ל",ראוך Rauch,,מיץ לימון טבעי 250 מ,מיליליטרים,250.00,"100 מ""ל",false,,5.90,0.0236,true,1,1186560
90162602,false,רד בול משקה אנרגיה פקדון 30 אג,רד בול ג'י.אם.בי. אץ,IL,משקה רד-בול אנרגיה.,מיליליטרים,250.00,"100 מ""ל",false,,5.90,0.0236,true,1,1193919
90446269,false,"משקה רד בול אבטיח מוגז פחית 250 מ""ל",ראון פרוכטסאפה,AT,משקה רד-בול אנרגיה א,מיליליטרים,250.00,"100 מ""ל",false,,5.90,0.0236,true,1,2072592
3593320030,false,קרסוליות בנים חלק,,,קרסוליות בנים חלק,יחידה,0.00,יחידה,false,,14.90,0.0000,true,1,2096297
3594210001,false,חמישיית תחתוני בנות,,,חמישיית תחתוני בנות,יחידה,0.00,יחידה,false,,24.90,0.0000,true,1,2007112
3594320022,false,שלישיית גרבי בנות מד,,,שלישיית גרבי בנות מד,יחידה,0.00,יחידה,false,,12.90,0.0000,true,1,2095996
3594620010,false,גרביון ילדות מדוגם ל,,,גרביון ילדות מדוגם ל,יחידה,0.00,יחידה,false,,14.90,0.0000,true,1,2035654
3595110023,false,בוקסר גבר רחב חלק מ.,,,בוקסר גבר רחב חלק מ.,יחידה,0.00,יחידה,false,,19.90,0.0000,true,1,2007149
3595110050,false,בוקסר גבר חלק כ/ל גו,,,בוקסר גבר חלק כ/ל גו,יחידה,0.00,יחידה,false,,39.90,0.0000,true,1,2097454
3595110052,false,בוקסר גבר רחב חלק 10,,,בוקסר גבר רחב חלק 10,יחידה,0.00,יחידה,false,,19.90,0.0000,true,1,2097456
3595320037,false,גרבי גבר חלק,,,גרבי גבר חלק,יחידה,0.00,יחידה,false,,29.90,0.0000,true,1,2095984
3595320040,false,גרבי גבר אלגנט חלק,,,גרבי גבר אלגנט חלק,יחידה,0.00,יחידה,false,,29.90,0.0000,true,1,2082223
3595530002,false,זוג טריקו חלק גבר ל,,,זוג טריקו חלק גבר ל,יחידה,0.00,יחידה,false,,49.90,0.0000,true,1,2096326
3595920005,false,גרבי ספורט גבר שחור,,,גרבי ספורט גבר שחור,יחידה,0.00,יחידה,false,,24.90,0.0000,true,1,2073047
3595920006,false,גרבי ספורט גבר לבן,,,גרבי ספורט גבר לבן,יחידה,0.00,יחידה,false,,24.90,0.0000,true,1,2073048
3595920007,false,גרבי ספורט גבר צבעונ,,,גרבי ספורט גבר צבעונ,יחידה,0.00,יחידה,false,,24.90,0.0000,true,1,2073049
3596210003,false,חמישיית תחתוני נשים,,,חמישיית תחתוני נשים,יחידה,0.00,יחידה,false,,34.90,0.0000,true,1,2007178
3596210004,false,חמישיית תחתוני נשים,,,חמישיית תחתוני נשים,יחידה,0.00,יחידה,false,,34.90,0.0000,true,1,2007179
3596320023,false,קרסוליות יוניסקס חלק,,,קרסוליות יוניסקס חלק,יחידה,0.00,יחידה,false,,14.90,0.0000,true,1,2082214
3596320026,false,עקביות נשים,,,עקביות נשים,יחידה,0.00,יחידה,false,,19.90,0.0000,true,1,2082215
3596320028,false,שלישיית גרבי בריאות,,,שלישיית גרבי בריאות,יחידה,0.00,יחידה,false,,14.90,0.0000,true,1,2097506
3596320050,false,שלישיית גרבי נשים פל,,,שלישיית גרבי נשים פל,יחידה,0.00,יחידה,false,,19.90,0.0000,true,1,2151001
3598830024,false,חולצות ילדים פלנל לב,,,חולצות ילדים פלנל לב,יחידה,0.00,יחידה,false,,29.90,0.0000,true,1,2096344
3598830027,false,O חולצות ילדים פלנל,,,O חולצות ילדים פלנל,יחידה,0.00,יחידה,false,,29.90,0.0000,true,1,2097534
9800800056,false,חטיף שוקולד עם מקלות לחם אנד גו,נוטלה Nutella,DE,ממרח נוטלה אנד גו,גרמים,52.00,100 גרם,false,,4.90,0.0942,true,1,1348680
11210000032,false,רוטב טבסקו משפחתי 35,מקאילהייני Mc.Ilhenn,US,טבסקו אדום משפחתי,מיליליטרים,350.00,"100 מ""ל",false,,49.90,0.1426,true,1,1177333
11210006508,false,רוטב פלפל הבנרו חריף טבסקו 60 מל,מקאילהייני Mc.Ilhenn,US,טבסקו הבנרו,מיליליטרים,60.00,"100 מ""ל",false,,15.90,0.2650,true,1,1177337
11210607040,false,טבסקו פלפל צפוטלי חריף 60 מל,מקאילהייני Mc.Ilhenn,US,טבסקו צ'יפוטלי,מיליליטרים,60.00,"100 מ""ל",false,,9.90,0.1650,true,1,1177340
11210618503,false,"רוטב טבסקו על בסיס פלפל סקורפיון 60מ""ל",מק. אילהיני קו,,טבסקו סקורפיון,מיליליטרים,60.00,"100 מ""ל",false,,14.90,0.2483,true,1,2044435
13628609388,false,חומץ בלסמי מובחר 500מל,MONARI FEDERZONI,IT,חומץ בלסמי מובחר כשר בקבו,מיליליטרים,500.00,"100 מ""ל",false,,24.90,0.0498,true,1,1199647
16000281684,false,חטיף שיבולת שועל פקאן חמישיה*42 ג' קראנצ'י,ליימן מותגים,US,קראנצי בטעם פקאן חמישייה,גרמים,210.00,100 גרם,false,,14.90,0.0710,true,1,1174021
16000423534,false,ניטשר ואלי חטיף שיבולת שועל שוקולד מריר קראנצי 210ג',ג'נרל מילס סאן אדריא,ES,קראנצי שיבולת שועל ושוקול,גרמים,210.00,100 גרם,false,,14.90,0.0710,true,1,1174022
16000548404,false,ניטשר ואלי חטיף קראנצי גרנולה שיבולת שועל 210 ג',ג'נרל מילס סאן אדריא,ES,קראנצי בטעם שיבולת שועל ו,גרמים,210.00,100 גרם,false,,14.90,0.0710,true,1,1174028
16000548503,false,ניטשר ואלי קראנצי חטיף גרנולהומייפל 10 יח' 210 ג',ג'נרל מילס סאן אדריא,ES,קראנצי בטעם מייפל וסוכר ח,גרמים,210.00,100 גרם,false,,14.90,0.0710,true,1,1174029
16000548602,false,נייטשר וואלי חטיף קראנצ'י קינמון 210ג',ג'נרל מילס סאן אדריא,ES,קראנצי בטעם קנמון 210 גר,גרמים,210.00,100 גרם,false,,14.90,0.0710,true,1,1174030
16000548909,false,נ.וואלי קראנצי חטיף גרנולה אריזת חמישייה,ג'נרל מילס סאן אדריא,ES,חטיף ניישטר וואלי 1/5 ברי,גרמים,210.00,100 גרם,false,,14.90,0.0710,true,1,1174031
16229924263,false,קרם קוקוס 100% ארוי,ויט ורלד קומפני,,"קרם קוקוס 250 מ""ל",מיליליטרים,250.00,"100 מ""ל",false,,9.90,0.0396,true,1,2041704
18000701223,false,תערובת לעוגת שוקולד 517 גרם פילסבורי,הדקלאים אגודת שיתופי,IL,תערובת לעוגת שוקולד 517 ג,גרמים,500.00,100 גרם,false,,19.90,0.0398,true,1,1174033
18000703494,false,תערובת עוגת וניל פיסברי 500 גר',הדקלאים אגודת שיתופי,IL,תערובת לעוגת וניל 517 גרם,גרמים,500.00,100 גרם,false,,19.90,0.0398,true,1,1174034
18000703517,false,תערובת עוגת שיש פילסברי 500 גר',הדקלאים אגודת שיתופי,IL,תערובת לעוגת שיש 550 גרם,גרמים,550.00,100 גרם,false,,19.90,0.0362,true,1,1174035
18000766413,false,תערובת להכנת עוגה בטעם שוקולד,הדקלאים אגודת שיתופי,IL,תערובת לבראוניס 552 גרם,גרמים,550.00,100 גרם,false,,19.90,0.0362,true,1,1174036
19548003107,false,בלוק צימקאו שוקולד לבן אופנהיימר 300 גר,אופנהיימר,IL,בלוק צימקאו לבן 300,גרמים,300.00,100 גרם,false,,8.90,0.0297,true,1,1909563
22200956932,false,דאודורנט ספיד סטיק גל 24/7 כחול 85 גר,הנסיך- מפעל לייצור ט,US,ספיד סטיק 24/7 גל כחול,גרמים,51.00,100 גרם,false,,17.90,0.3510,true,1,1185645
25675120020,false,סאוור סטיקס Sour Sticks בטעם אוכמניות,פשקז Paskesz,NL,מקלות חמוצים פטל,גרמים,100.00,100 גרם,false,,6.90,0.0690,true,1,1192979
25675120037,false,מקלות חמצוצים תות 100 גרם,פאסין,NL,מקלות חמוצים תות,גרמים,100.00,100 גרם,false,,6.90,0.0690,true,1,1192980
25675120068,false,סאוור סטיקס Sour Sticks בטעם קולה,פשקז Paskesz,NL,מקלות חמוצים קולה,גרמים,100.00,100 גרם,false,,6.90,0.0690,true,1,1192982
25675121027,false,חמצוצים רחב צבעוני רחב בטעמים 115 גרם,,NL,חמצוצים רחב צבעוני,גרמים,115.00,100 גרם,false,,6.90,0.0600,true,1,2051147
25675121034,false,חמצוצים רחבים תות 115 גר,חמצוצים,NL,שטיח חמוץ תות,גרמים,115.00,100 גרם,false,,6.90,0.0600,true,1,1192990
25675121041,false,סאוור בלטס Sour Belts בטעם אוכמניות,פשקז Paskesz,NL,שטיח חמוץ פטל,גרמים,115.00,100 גרם,false,,6.90,0.0600,true,1,1192991
25675121058,false,"חמצוצים רחבים תפו""ע 115 גר",חמצוצים,NL,שטיח חמוץ תפוח עץ,גרמים,115.00,100 גרם,false,,6.90,0.0600,true,1,1192992
25675301092,false,פשקס - חמצוצים מקלות צבעונים 50 גרם,פאסין,NL,מקלות חמוצים 4 טעמים ללא,גרמים,40.00,100 גרם,false,,4.90,0.1225,true,1,1193000
25675301108,false,מקלות חמוצים חמצוצים תות 50 גרם,פאסין,NL,מקלות חמוצים תות,גרמים,50.00,100 גרם,false,,4.90,0.0980,true,1,1193001
25675301153,false,סאוור סטיקס Sour Sticks בטעם אוכמניות,פשקז Paskesz,NL,מקלות חמוצים פטל,גרמים,50.00,100 גרם,false,,4.90,0.0980,true,1,1193002
25675301184,false,חמצוצים מקלות חמוצים קולה 50 גרם,פשקז Paskesz,NL,מקלות חמוצים קולה,גרמים,50.00,100 גרם,false,,4.90,0.0980,true,1,1193003
25675301207,false,מקלות חמוצים חמצוצים תפוח עץ 50 גרם,פשקז Paskesz,NL,מקלות חמוצים תפוח עץ,גרמים,50.00,100 גרם,false,,4.90,0.0980,true,1,1193004
25700005681,false,שקיות אחסון סליידר בינוניות -20 יח' זיפלוק,אס.סי גונוסון,US,שקיות אחסון סליידר ב,יח',20.00,יח',false,,15.90,0.7950,true,1,2042065
31290140176,false,שוקולוד מריר בתוספת שקדים שוקולד גודייבה פינגרס,גודייבה,TR,שוקולד גודייבה סטיקס,גרמים,90.00,100 גרם,false,,14.90,0.1656,true,1,2043508
31290140190,false,שוקולד עם נגיעות מלח ים שוקולד גודייבה פינגרס,גודייבה GODIVA,TR,שוקולד גודייבה סטיקס,גרמים,90.00,100 גרם,false,,14.90,0.1656,true,1,2043509
33200140702,false,פרש אנד סופט דפים למייבש כביסה 100 יח' ניחוח מרענן,פרש אנד סופט Frash'n soft,US,פרש&סופט100 תכלת מרענן,יח',100.00,יח',false,,24.90,0.2490,true,1,1159611
33617000026,false,קרקר ואזה 203-275 גרם מקמח מלא 260,כלורוקס אוקלנד,SE,קרקרים ואזה מקמח מלא,גרמים,260.00,100 גרם,false,,12.90,0.0496,true,1,1277510
33617322616,false,קרקר ואזה 203-275 גרם מקמח שיפון,כלורוקס אוקלנד,SE,'ואזה קלה מקמח שיפון 270,גרמים,270.00,100 גרם,false,,12.90,0.0478,true,1,1159615
33617340610,false,קרקר ואזה 203-275 גרם מקמח שיפון 275,כלורוקס אוקלנד,SE,'ואזה מקמח שיפון 275 ג,גרמים,275.00,100 גרם,false,,12.90,0.0469,true,1,1159616
34000148301,false,הרשי נטיפי שוקולד מריר לאפייה 340 גר,ליימן מותגים,,נטיפים לאפייה שוקולד,גרמים,340.00,100 גרם,false,,18.90,0.0556,true,1,1591713
34000196173,false,קוקיס אנד קרים בטעם שוקולד לבן עם שברי עוגיות,ליימן מותגים,,טבלת שוקולד הרשיס קו,גרמים,113.00,100 גרם,false,,7.90,0.0699,true,1,1273080
34000312177,false,סירופ שוקולד הרשי 680 ג',ליימן מותגים,US,סירופ שוקולד HERSHEY,גרמים,680.00,100 גרם,false,,19.90,0.0293,true,1,1174045
34000442652,false,שוקולד חלב ריסס Reese's במילוי חמאת בוטנים,ליימן מותגים,,טבלת שוקולד ריזס,גרמים,120.00,100 גרם,false,,7.90,0.0658,true,1,1273081
34000544028,false,סוכריות ארוכות בטעם תות טוויזלרס Twizzlers,ליימן מותגים,US,ממתקי טוויזלרס תות שדה 1,גרמים,198.00,100 גרם,false,,7.90,0.0399,true,1,1174048
35000458476,false,קולגייט מברשת שיניים ילדים מארז רביעייה,קולגייט פלמוליב,VN,מברשת שיניים קולגייט,יח',4.00,יח',false,,19.90,4.9750,true,1,1975498
37600207188,false,חמאת בוטנים סקיפי קלאסי 462 גר',חברת המזון אלגוד,US,ממרח סקיפי 462 גרם,גרמים,462.00,100 גרם,false,,19.90,0.0431,true,1,1212587
37600207287,false,חמאת בוטנים סקיפי עם דבש,חברת המזון אלגוד.,US,ממרח סקיפי 462 גרם ד,גרמים,462.00,100 גרם,false,,19.90,0.0431,true,1,1212589
37977005455,false,מאמ מחזיק מוצץ כחול,General,AU,מחזיק למוצץ,יחידה,0.00,יחידה,false,,24.90,0.0000,true,1,1181088
38000138638,false,חטיף תפוא פרינגלס פי,פרינגלס מנופקצורינג,US,חטיף פרינגלס 158 גרם,גרמים,158.00,100 גרם,false,,8.90,0.0563,true,1,1534323
38000138720,false,פרינגלס  תכלת ראנץ 158 ג',פרינגלס מניופקצ'ורינ,US,חטיף פרינגלס 158 גרם,גרמים,158.00,100 גרם,false,,8.90,0.0563,true,1,1732333
38000183690,false,פרינגלסמידי ברביקיו 71 גרם - חדש,פרינגלס Pringles,US,פרינגלס 71 גרם ברביק,גרמים,71.00,100 גרם,false,,4.90,0.0690,true,1,1661285
38000183928,false,פרינגלס חרדל ודבש 158 גרם,פרינגלס מניופקצ'ורינ,US,חטיף פרינגלס 158 חרד,גרמים,158.00,100 גרם,false,,8.90,0.0563,true,1,2038825
38000197840,false,פרינגלס גלי בטעם חריף מתוק 137 ג',פרינגלס מניופקצ'ורינ,US,חטיף פרינגלס 137 בטע,גרמים,137.00,100 גרם,false,,8.90,0.0650,true,1,2038826
38000202278,false,חטיף צ'יפס גלי בטעם אורגינל מלוח,פרינגלס מניופקצ'ורינ,US,פרינגלס גלי בטעם אור,גרמים,130.00,100 גרם,false,,8.90,0.0685,true,1,2044218
38000232152,false,פרינגלס ברביקיו 158 גרם – חדש,פרינגלס מניופקצ'ורינ,US,חטיף פרינגלס 158 גרם,גרמים,158.00,100 גרם,false,,8.90,0.0563,true,1,2004800
38000232169,false,פרינגלס מידי אורגינל 71 גרם,פרינגלס מניופקצ'ורינ,US,פרינגלס 67 גרם אורגי,גרמים,67.00,100 גרם,false,,4.90,0.0731,true,1,2004808
38000232176,false,חטיף צ'יפס שמנת חמוצה ובצל,פרינגלס מניופקצ'ורינ,US,חטיף פרינגלס 158 גרם,גרמים,158.00,100 גרם,false,,8.90,0.0563,true,1,2004801
38000232183,false,פרינגלס אוריגינל 149 גרם,פרינגלס מניופקצ'ורינ,US,חטיף פרינגלס 149 גרם,גרמים,149.00,100 גרם,false,,8.90,0.0597,true,1,2004802
38000845253,false,פרינגלס שמנת בצל 71 גרם מידי,פרינגלס מנופקצורינג,US,פרינגלס 71 גרם שמנת,גרמים,71.00,100 גרם,false,,4.90,0.0690,true,1,1293627
38527591053,false,קואקר דגנים מרובעים שיבולת שועל וקינמון,BEVERAGES FOODS & SE,US,קוואקר ריבועים קנמון 411,גרמים,412.00,100 גרם,false,,19.90,0.0483,true,1,1189955
38527591060,false,דגני קוואקר מרובעים Quaker Squares עם סוכר חום,BEVERAGES FOODS & SE,US,קוואקר ריבועים סוכר חום 4,גרמים,412.00,100 גרם,false,,19.90,0.0483,true,1,1189956
39047001459,false,ווקרס עוגיות היילנדר,,,עוגיות היילנדרס,גרמים,135.00,100 גרם,false,,24.90,0.1844,true,1,1357196
40000513568,false,סוכריות אם אנד אמס M&M שוקולד חלב,M&M אם אנד אם,US,חטיף שוקולד m&m אריז,גרמים,156.00,100 גרם,false,,9.90,0.0635,true,1,1559949
40000513629,false,M&M's חמאת בוטנים אריזה גדולה 152 גרם,מארס,US,חטיף חמאת בוטנים m&m,גרמים,156.00,100 גרם,false,,9.90,0.0635,true,1,1559951
40000514480,false,M&M אריזה קטנה's שוקולד אריזה קטנה 48 גרם,M&M אם אנד אם,US,עדשי שוקולד אם אנד א,גרמים,48.00,100 גרם,false,,4.90,0.1021,true,1,1347625
41390000058,false,"רוטב טריאקי קיקומן 296 מ""ל",קיקומן פודז אינק,US,"רוטב טריאקי 296 מ""ל",מיליליטרים,296.00,"100 מ""ל",false,,17.90,0.0605,true,1,1157366
41390010309,false,"רוטב טריאקי קיקומן 444 מ""ל",קיקומן פודז אינק,US,רוטב טריאקי קיקומן 4,מיליליטרים,444.00,"100 מ""ל",false,,19.90,0.0448,true,1,1225458
42400108153,false,דגני בוקר צבעוניים בטעם פירות טוטי פרוטיס,פוסט ארצות הברית,US,דגני פרוטי פבלס.,גרמים,354.00,100 גרם,false,,22.90,0.0647,true,1,2044957
44164063914,false,פתיל צף מוכן לשימוש,,,פתיל צף מוכן לשימוש,יחידה,0.00,יחידה,false,,5.90,0.0000,true,1,2039288
44600300580,false,כלורוקס קלין אפ פרש נוזל לניקוי רב תכלית,כלורוקס אוקלנד,US,כלורקס קלין אפ פרש 9,מיליליטרים,946.00,"100 מ""ל",false,,19.90,0.0210,true,1,2042175
45600033560,false,צובעים סוגים שונים,,,צובעים סוגים שונים,יחידה,0.00,יחידה,false,,8.90,0.0000,true,1,2107313
46214372250,false,"עוגיות שטרודל פריכות תפו""ע וצימוקים",מרבה Merba,NL,מרבה עוגיות שטרודל תפוחי,גרמים,200.00,100 גרם,false,,8.90,0.0445,true,1,1185652
46214382259,false,עוגיות בראוניס שוקולד 225 ג',בנקטבקריי מרבה בי.וי,NL,מרבה עוגיות בראוניס,גרמים,200.00,100 גרם,false,,8.90,0.0445,true,1,1185653
46214731552,false,עוגיות שוקולד ציפס מובחרות 225 ג',קריניציה ויטמינה אס,NL,מרבה עוגיות 37% שוקולד צ,גרמים,225.00,100 גרם,false,,8.90,0.0396,true,1,1185654
48256214758,false,מסיר כתמים קשים לכביסה לבנה וצבעונית,יעקבי- אסטוניש Astonish,GB,אסטוניש-אבקת הפלא,קילוגרמים,1.00,"ק""ג",false,,29.90,29.9000,true,1,1173214
50000015474,false,מזון חתולים פריסקיז,פריסקיז,US,פריסקיז מעדני הים,קילוגרמים,1.40,"ק""ג",false,,34.90,24.9286,true,1,2066669
50000084500,false,מזון יבש לחתול בטעם נתחי ברביקיו פריסקיז Friskies,נסטלה פורינה USA מק,US,פורינה פריסקיז עם נתחי בר,קילוגרמים,1.43,"ק""ג",false,,34.90,24.4056,true,1,1156212
50000100347,false,"פריסקיז - מעדני החתול מועשר בחלב 1.40 ק""ג",נסטלה פורינה USA מק,US,פורינה פריסקיז מעדני החתו,קילוגרמים,1.43,"ק""ג",false,,34.90,24.4056,true,1,1156214
50000168583,false,"פריסקיז אקסטרא קראנץ 1.43 ק""ג",פריסקיז,US,פריסקיז אקסטרא קראנץ,קילוגרמים,1.43,"ק""ג",false,,29.90,20.9091,true,1,2062661
50000170180,false,פריסקיז פריים פילה עוף ברוטב 156 גר,נסטלה פורינה USA קר,US,פריסקיז פריים עוף בר,גרמים,156.00,100 גרם,false,,4.90,0.0314,true,1,1280624
50000225224,false,פריסקיז פריים פילה הודו ברוטב 156 גר,נסטלה פורינה USA קר,US,פריסקיז פריים פילה ה,גרמים,156.00,100 גרם,false,,4.90,0.0314,true,1,1280625
50000237951,false,פריסקיז פרטי מיקס גר,פורינה,US,פריסקיז פרטי מיקס גר,גרמים,60.00,100 גרם,false,,8.90,0.1483,true,1,2128567
50000238910,false,פריסקיז פרטי מיקס או,פורינה,US,פריסקיז פרטי מיקס או,גרמים,60.00,100 גרם,false,,8.90,0.1483,true,1,2128568
50000292615,false,פנסי פיסט נתחי עוף לבבות וכבד 85 גר,נסטלה פורינה USA סט,US,פנסי פיסט לבבות עוף,גרמים,85.00,100 גרם,false,,4.90,0.0576,true,1,1298003
50000429646,false,פנסי פיסט דגי אוקיינוס 85 גרם,נסטלה פורינה USA ג',US,פנסי פיסט פטה דג אוקינוס,גרמים,85.00,100 גרם,false,,4.90,0.0576,true,1,1156224
50000434640,false,פנסי פיסט נתחי עוף לבבות וכבד 85 גר,נסטלה פורינה USA סט,US,פנסי פיסט נתחי לבבות עוף,גרמים,85.00,100 גרם,false,,4.90,0.0576,true,1,1156226
50000445691,false,פריסקיז 156 גרם נתחי עוף וסלומון ברוטב,נסטלה פורינה USA קר,US,פורינה פריסקיז נתחי עוף,גרמים,156.00,100 גרם,false,,4.90,0.0314,true,1,1156227
50000574414,false,פריסקיז פרטי מיקס פק,פורינה,US,פריסקיז פרטי מיקס פק,גרמים,60.00,100 גרם,false,,8.90,0.1483,true,1,2128569
50000574438,false,פריסקיז פרטי מיקס מע,פורינה,US,פריסקיז פרטי מיקס מע,גרמים,60.00,100 גרם,false,,8.90,0.1483,true,1,2128570
50000578238,false,פריסקיז פרטי מיקס קר,פורינה,US,פריסקיז פרטי מיקס קר,גרמים,60.00,100 גרם,false,,8.90,0.1483,true,1,2128571
50000578450,false,פנסי פיסט עוף רוטב כשיר 85 ג',נסטלה פורינה USA סט,US,פנסי פיסט עוף ברוטב,גרמים,85.00,100 גרם,false,,4.90,0.0576,true,1,1298004
52100070865,false,תמצית וניל טהור מקור,מקרומיק תבלינים,US,וניל טהור 29 מל,מיליליטרים,29.00,"100 מ""ל",false,,29.90,1.0310,true,1,1166684
54881000031,false,תה שחור ורד דובדבן 20 שקיות אחמד,תה אחמד Ahmad tea,AE,תה שחור ורד דובדבן 2,גרמים,40.00,100 גרם,false,,9.90,0.2475,true,1,1359217
54881000048,false,תה במבחר פרי הדר 20 שקיקים אחמד,אחמד תה אנגליה,AE,תה שחור פרחי הדר 20ש,גרמים,40.00,100 גרם,false,,9.90,0.2475,true,1,1456585
54881000055,false,תה שחור מבחר פירות 20 שקיות אחמד,אחמד תה אנגליה,,תה שחור פירות 20שקיו,גרמים,40.00,100 גרם,false,,9.90,0.2475,true,1,1360918
54881000062,false,תה שחור לימונית וקמומיל 20 שקיות אחמד,אחמד תה אנגליה,AE,תה שחור לימון וקמומי,גרמים,40.00,100 גרם,false,,9.90,0.2475,true,1,1359218
54881000109,false,תה עם ענבי שועל 20 שקיקים אחמד,תה אחמד Ahmad tea,AE,תה שחור ענבי שועל 20,גרמים,40.00,100 גרם,false,,9.90,0.2475,true,1,1456586
54881000208,false,תה שחור לימון וגינגיר 20 שקיות אחמד,אחמד תה אנגליה,AE,תה שחור לימון ןגינגר,גרמים,40.00,100 גרם,false,,9.90,0.2475,true,1,1359220
54881003971,false,תה ירוק מבחר 20 שקיקים,אחמד תה אנגליה,AE,תה ירוק 20 שקיות,גרמים,40.00,100 גרם,false,,9.90,0.2475,true,1,1186564
54881003995,false,תה שחור פירות 20 שקיקים אחמד,אחמד תה אנגליה,,תה פירות 20 שק',גרמים,40.00,100 גרם,false,,9.90,0.2475,true,1,1186565
54881005654,false,תה ירוק יסמין 20 שקיות AHMAD TEA,אחמד תה אנגליה,AE,תה ירוק יסמין 20 שקי,גרמים,40.00,100 גרם,false,,9.90,0.2475,true,1,1186570
54881006972,false,תה שחור לימון וליים 20 שקיקים אחמד,תה אחמד Ahmad tea,,תה שחור לימון ליים 2,גרמים,40.00,100 גרם,false,,9.90,0.2475,true,1,1186578
54881006996,false,תה אפרסק ופסיפלורה 20 שקיקים אחמד,אחמד תה אנגליה,AE,תה אפרסק ופסיפלורה 2,גרמים,40.00,100 גרם,false,,9.90,0.2475,true,1,1660516
54881008167,false,תה אינגליש ברקפסט 100 שקיות AHMAD TEA,תה אחמד Ahmad tea,AE,תה ברקפסט 100 שקיות,גרמים,200.00,100 גרם,false,,16.90,0.0845,true,1,1186586
54881008174,false,תה אחמד ארל גריי 100 שקיקים,תה אחמד Ahmad tea,AE,תה ארל גריי 100 שקיו,גרמים,200.00,100 גרם,false,,16.90,0.0845,true,1,1186587
54881008181,false,תה אחמד אינגליש 100 שקיקים,תה אחמד Ahmad tea,AE,תה אינגליש 100 שקיות,גרמים,200.00,100 גרם,false,,16.90,0.0845,true,1,1186588
54881016001,false,חליטת4 סוגי פרי וצמח,,AE,תה 4 סוגי חליטות פרי,גרמים,35.00,100 גרם,false,,9.90,0.2829,true,1,1999019
55500012046,false,כלורוקס קלין אפ מרסס נוזל לניקוי רב תכלי,כלורוקס אוקלנד,US,"קלין אפ מרסס 946מ""ל",מיליליטרים,946.00,"100 מ""ל",false,,19.90,0.0210,true,1,1159629
62558202381,false,סירופ מייפל אורגני 100% טהור,דיקסר קוויבק,CA,סירופ מייפל אמיתי או,מיליליטרים,236.00,"100 מ""ל",false,,29.90,0.1267,true,1,1491721
64144090013,false,"ספריי שמן PAM בטעם חמאה 141 מ""ל",קונאגרה פודס,US,ספריי שמן PAM בטעם חמאה 1,מיליליטרים,148.00,"100 מ""ל",false,,13.90,0.0939,true,1,1174051
64144090020,false,"ספריי שמן PAM בטעם שמן זית 141 מ""ל",קונאגרה פודס,US,ספריי שמן PAM בטעם שמן זי,מיליליטרים,148.00,"100 מ""ל",false,,13.90,0.0939,true,1,1174052
64144090051,false,"ספריי שמן PAM קנולה אורגינל 148 מ""ל",קונאגרה פודס,US,ספריי שמן PAM קנולה אורגי,מיליליטרים,148.00,"100 מ""ל",false,,13.90,0.0939,true,1,1228147
70221011116,false,טובלרון שוקולד חלב 100 גרם,טובלרון Toblerone,CH,שוקולד טובלרון חלב 1,גרמים,100.00,100 גרם,false,,9.90,0.0990,true,1,1157371
73490129919,false,ביסקוויט ביס קסטה 250 גרם,אפיפית נצרת,IL,ביסקויט קסטה רגיל 24/0.25,גרמים,250.00,100 גרם,false,,4.90,0.0196,true,1,1194586
73490130359,false,קרקר קרם קרקר רגיל 2,אפיפית נצרת,IL,קרם קרקר רגיל 20/0.230 הד,גרמים,250.00,100 גרם,false,,5.90,0.0236,true,1,1194587
73490130946,false,ביסקויט פתי בר בטעם וניל 500 גרם,אפיפית נצרת,IL,ביסקויט פטיבר רגיל 14/0.5,גרמים,500.00,100 גרם,false,,6.90,0.0138,true,1,1194588
73490130953,false,ביסקויט בטעם שוקולד 500 גרם,אפיפית נצרת,IL,ביסקויט פטיבר שוקו 14/0.5,גרמים,500.00,100 גרם,false,,6.90,0.0138,true,1,1194589
76171109675,false,ריחנית אמריקאית,,,ריחנית אמריקאית,יחידה,0.00,יחידה,false,,4.90,0.0000,true,1,1995561
76840002542,false,"גלידת בן & ג'ריס פיינט נטפליקס וצ'ילד 500מ""ל",מוצרי איכות אמריקאים,IL,גלידת חמאת בוטנים בן,מיליליטרים,500.00,"100 מ""ל",false,,24.90,0.0498,true,1,2016850
76840100156,false,"בן אנד גריס גלידת צרי גרסיה 500 מ""ל",מוצרי איכות אמריקאיי,IL,גלידה צ'רי גרסיה 500מל,מיליליטרים,473.00,"100 מ""ל",false,,24.90,0.0526,true,1,1228602
76840100583,false,"גלידת וניל עם בצק עוגיות בן וג'ירי 473 מ""ל",מוצרי איכות אמריקאיי,IL,גלידת וניל עם בצק עוגיות,מיליליטרים,473.00,"100 מ""ל",false,,24.90,0.0526,true,1,1174512
76840400218,false,"גלידה בן&ג'ריס תות שדה ועוגת גבינה 500מ""ל",מוצרי איכות אמריקאיי,IL,420 גל.עוגת גבינה עם תות,מיליליטרים,473.00,"100 מ""ל",false,,24.90,0.0526,true,1,1174523
77245110610,false,סוכריות מאסט ללא סוכר בטעם מנטה 80 ג'עלית,MIESZKO S.A - MS. JO,PL,כשלפ סוכריות MUST מנטה,גרמים,80.00,100 גרם,false,,7.90,0.0988,true,1,1189432
77343000127,false,נר נשמה 26 שעות בכוס,,,נר נשמה 26 שעות בכוס,יח',1.00,יח',false,,2.90,2.9000,true,1,2076253
77343001100,false,נר נשמה 26 שעות בפח,מנורה,,נר נשמה 26 שעות,יחידה,0.00,יחידה,false,,2.00,0.0000,true,1,1199547
77343002015,false,צינורית השמן עם מילו,,,צינורית השמן עם מילו,יחידה,0.00,יחידה,false,,5.90,0.0000,true,1,1570493
77975036976,false,מטבל עגבניות בחריפות עדינה סניידרס 439 ג',סניידרס Snyder's,US,מטבל סלסה בחריפות מע,גרמים,439.00,100 גרם,false,,13.90,0.0317,true,1,2055427
77975093108,false,"בייגלה מצופה כעכים בציפוי בטעם שוקולד לבן, 141 ג סניידרס",סניידרס Snyder's,US,בייגלה סניידרס מצופה,גרמים,141.00,100 גרם,false,,16.90,0.1199,true,1,2129765
77975094631,false,סנדביץ בייגלה במילוי קרם בטעם צ'דר 226 גרם סניידרס,סניידרס Snyder's,US,סנדווי'ץ בייגלה במיל,גרמים,226.80,100 גרם,false,,16.90,0.0745,true,1,2033318
77975094761,false,שברי בייגלה סניידרס בטעם צידר 340 גרם,סניידרס Snyder's,US,שברי בייגלה צדר 340,גרמים,340.00,100 גרם,false,,16.90,0.0497,true,1,2064633
77975094778,false,שברי בייגלה סניידרס בטעם דבש חרדל 340 גר,סניידרס Snyder's,US,שברי בייגלה דבש חרדל,גרמים,340.00,100 גרם,false,,16.90,0.0497,true,1,2069541
80432400432,false,וויסקי שיבאס ריגאל 1,מזקקת האחים שיבאס,,וויסקי שיבאס רגאל 12,ליטרים,1.00,ליטר,false,,149.90,149.9000,true,1,1171659
84213017420,false,מסטמכר מיסלי אורגני אגוזים וצימוק 5 500,מרום את קונפינו,DE,מיסלי אגוזים 500 גרם,גרמים,500.00,100 גרם,false,,16.90,0.0338,true,1,1157374
84213017499,false,מסטמכר מיסלי אורגני עם פירות יער 500ג,מרום את קונפינו,DE,מיסלי פירות יער 500,גרמים,500.00,100 גרם,false,,16.90,0.0338,true,1,1157376
87666052888,false,"רוטב סריראצ`ה עם למון גראס 455 מ""ל",EXOTIC FOOD PCL,,רוטב סריראצ'ה עם לימ,מיליליטרים,444.00,"100 מ""ל",false,,24.90,0.0561,true,1,1828635
613008753290,false,"בקבוק אריזונה אפרסק 450 מ""ל",אריזונה Arizona,BG,תה ירוק אפרסק,מיליליטרים,450.00,"100 מ""ל",false,,7.50,0.0167,true,1,1910318
613008753382,false,"בקבוק אריזונה אוכמניות 450 מ""ל",לני אנד לארי,BG,תה קר בטעם אוכמניות,מיליליטרים,450.00,"100 מ""ל",false,,7.50,0.0167,true,1,1910321
628154383659,false,דגני בוקר פרוטי פבלס 311 ג' POST,פוסט ארצות הברית,US,דגנים פרוטי פבלס,גרמים,311.00,100 גרם,false,,24.90,0.0801,true,1,2148981
638102201416,false,חטיף זון פרוטיפיד תות יוגורט 50 גר,"אבוט נוטרישן, מעבדות",US,חטיף חלבון זון פרפקט,גרמים,50.00,100 גרם,false,,12.90,0.2580,true,1,2043133
639138527624,false,פילה דג הרינג ברוטב פפריקה 200 ג' (16),,,פילה הרינג ברוטב פפר,גרמים,200.00,100 גרם,false,,10.90,0.0545,true,1,1159179
639138527631,false,פילה הרינג ברוטב חרדל 200 גרם,רוג'ין פיש,,פילה הרינג ברוטב חרד,גרמים,200.00,100 גרם,false,,10.90,0.0545,true,1,1159180
639138717902,false,פילה מקרל מעושן בשמן צמחי,Rugen Fisch,,מקרל פילה מעושן בשמן,גרמים,190.00,100 גרם,false,,12.90,0.0679,true,1,1159181
651080161510,false,פלקרס פולסר לשיניים צפופות-מנטה 35 יחידו,מיוצר עי קונדיטוריית,CN,חוט דנטלי 36 יח פלאק,יח',36.00,יח',false,,9.90,0.2750,true,1,1501848
651080647519,false,"פלאקרס ""פלוסר ""חוט דנטלי ירוק -מנטה","פלקרס רנור ארה""ב",US,קיסם עם חוט מנטה ג'ו,יח',36.00,יח',false,,9.90,0.2750,true,1,1496542
660089001147,false,נוזל לפתיחת סתימות 1ל,,,פותח סתימות נוזלי,מיליליטרים,950.00,"100 מ""ל",false,,18.90,0.0199,true,1,1177379
710069055452,false,ביסקויט סנדוויץ שוקו הדר 150 גרם,אפיפית נצרת,IL,סנדויץ עוגיות שוקו 24/0.1,גרמים,150.00,100 גרם,false,,3.90,0.0260,true,1,1194592
728229123590,false,חטיף על בסיס ירקות שורש בטעם טבעי,הונדורס צ'יפס יצור א,HN,טרה מירקות אקזוטיים 110ג[,גרמים,110.00,100 גרם,false,,14.90,0.1355,true,1,1199668
728229124764,false,חטיף ציפס בטטה עם מלח ים 110 גרם,היין פיוצ'ור נטורל פ,US,חטיף צ'יפס בטטה עם מ,גרמים,110.00,100 גרם,false,,14.90,0.1355,true,1,1784080
728229124771,false,חטיף ציפס טרה מבטטה בטעם ברביקיו 110 גרם,היין פיוצ'ור נטורל פ,IN,חטיף טרה צ'יפס מבטטה,גרמים,110.00,100 גרם,false,,14.90,0.1355,true,1,1292105
728229130154,false,חטיף ציפס מבטטה וסלק 110 גרם,הונדורס צ'יפס יצור א,HN,טרה מבטטה וסלק - 110ג'[3],גרמים,110.00,100 גרם,false,,14.90,0.1355,true,1,1199671
729601513091,false,עפרונות עם מחק פסים,,,עפרונות עם מחק פסים,יחידה,0.00,יחידה,false,,4.90,0.0000,true,1,2016715
753182231761,false,"משקה אנרגיה BLU ללא תוספת סוכר 250 מ""ל",אקווה ויט,PL,משקה אנרגיה BLU SUGA,מיליליטרים,250.00,"100 מ""ל",false,,4.20,0.0168,true,1,1218148
768404001640,false,"גלידה בן&ג'ריס קפה משפחתית 500מ""ל",מוצרי איכות אמריקאיי,IL,"גלידה בטעם קפה 500 מ""ל",מיליליטרים,500.00,"100 מ""ל",false,,24.90,0.0498,true,1,1174525
769904000997,false,דגש שקדי מרק ללא גלו,משובח תעשיות מזון,IL,"שקדי מרק דג""ש 200",גרמים,200.00,100 גרם,false,,14.90,0.0745,true,1,1197026
769904001062,false,פסטה צבעונית משובח 1,גיי אפ פי ייצור מזון,IL,פסטה ציבעוני,גרמים,180.00,100 גרם,false,,12.90,0.0717,true,1,1288021
773430021456,false,חנוכית פח לילדים,,,חנוכיית פח ילדים,יחידה,0.00,יחידה,false,,4.90,0.0000,true,1,2098408
811250030699,false,פלפל שחור טחון 50 גר,נפטון Neptune,,פלפל שחור,גרמים,50.00,100 גרם,false,,4.90,0.0980,true,1,2017950
811250031450,false,תבלין על האש ברבקיו,,,תבלין על האש ברבקיו,גרמים,80.00,100 גרם,false,,4.90,0.0613,true,1,2073247
818570007066,false,1X12X29Mווטקינס וניל טהור,"ג'יי אר ווטקינס בע""מ",US,תמצית וניל טהור,מיליליטרים,29.00,"100 מ""ל",false,,29.90,1.0310,true,1,2011835
835811000396,false,נייר אפיה לתבנית מוארכת - מארז 30 ניירות,הנג טונג,CN,נייר אפיה לתבנית מאו,יח',30.00,יח',false,,9.90,0.3300,true,1,2023994
835811001119,false,מיני עדשים 200 גרם בצנצנת לעוגה,,,מיני עדשים 200 גר בצ,גרמים,200.00,100 גרם,false,,12.90,0.0645,true,1,2023947
835811001188,false,צלחות עגולות ענק מדק,,,צלחות ענק מדקל,יח',10.00,יח',false,,14.90,1.4900,true,1,2029695
835811001232,false,"נייר אפיה לתבנית עגולה 26 ס""מ - מארז 10 ניירות",האנג טונג,CN,נייר אפיה לתבנית עגו,יח',10.00,יח',false,,10.90,1.0900,true,1,2032383
835811001676,false,"תבנית אלומיניום גדולה 32*26 ס""מ - 9 יח'",הנמל,IL,מגש כסף 9 יח,יח',9.00,יח',false,,11.90,1.3222,true,1,1888300
835811001744,false,תבניות אלומיניום עבות במיוחד 46*34 רוסטר גדול,הנמל,,תבנית אלומיניום עבה,יח',2.00,יח',false,,11.90,5.9500,true,1,1265642
835811001959,false,תבניות אלומיניום עבות במיוחד 41*30 רוסטר בינוני,הנמל,,תבנית אלומיניום רוסט,יח',3.00,יח',false,,11.90,3.9667,true,1,1213595
835811001966,false,"תבנית אלומ` עבה רוסטר 370X270X70 ס""מ 4 יח`",הנמל,,תבניות אלומניום עבה,יח',4.00,יח',false,,11.90,2.9750,true,1,1213596
835811003434,false,כוס משובחות 10 יח' הנמל,בי רייט,CN,כוס רויאל משובחות,יח',10.00,יח',false,,10.90,1.0900,true,1,2119537
835811003465,false,סכינים אלגנט שקוף 50 יחי הנמל,,,סכנים אלגנט שקוף 50,יח',50.00,יח',false,,11.90,0.2380,true,1,2119551
835811003472,false,כפות אלגנט שקוף 50 יחי הנמל,,,כפות אלגנט שקוף 50 י,יח',50.00,יח',false,,11.90,0.2380,true,1,2119552
835811003489,false,כפיות אלגנט שקוף 50 יח' הנמל,,,כפיות אלגנט שקוף 50,יח',50.00,יח',false,,11.90,0.2380,true,1,2119553
835811003588,false,צלחות קלאסי גדול לבן 65 יח' הנמל,,,צלחות קלאסי גדול לבן,יח',65.00,יח',false,,34.90,0.5369,true,1,2119544
835811003595,false,צלחות קלאסי קטן לבן 65 יח' הנמל,,,צלחות קלאסי קטן לבן,יח',65.00,יח',false,,24.90,0.3831,true,1,2119545
835811003601,false,מקלוני כותנה לתינוק 90 יח ',ספה,TR,צמרוני תינוק 90 יח,יח',90.00,יח',false,,5.90,0.0656,true,1,1801901
835811003670,false,סירופ בטעם שוקולד 60,O.S,,סירופ שוקולד,גרמים,600.00,100 גרם,false,,9.90,0.0165,true,1,2023948
835811003700,false,סודה לשתייה הנמל 250,"פוליבה בע""מ",IL,סודה לשתיה,גרמים,250.00,100 גרם,false,,5.90,0.0236,true,1,2023955
835811004059,false,צלחות מרובעות ענק מד,,,צלחות מרובעות ענק מד,יח',10.00,יח',false,,14.90,1.4900,true,1,2029696
835811004417,false,ריבת חלב הנמל 340 גר,,,ריבת חלב,גרמים,340.00,100 גרם,false,,9.90,0.0291,true,1,1986857
835811004455,false,קישקשים מנייר 125 יח' צבעוני,הנג טונג,CN,קישקשים מנייר 12 יח,יחידה,0.00,יחידה,false,,7.90,0.0000,true,1,1993148
835811004684,false,עטרות אלו` 3 לאפיה 100 יח` כסף /זהב,הנג טון,CN,גביע אלומיניום לאפיי,יח',100.00,יח',false,,7.90,0.0790,true,1,1169259
835811004691,false,עטרות אלו' לאפיה 100 יח' מס' 2 כסף/ זהב,הנג טון,CN,גביע אלומיניום לאפיי,יח',100.00,יח',false,,6.90,0.0690,true,1,1169260
835811004790,false,"מגש הגשה עגול מחולק שקוף בינוני ח""פ הנמל",פולין חד פעמי סין,CN,צלחת הגשה בינונית מח,יחידה,0.00,יחידה,false,,6.90,0.0000,true,1,1169269
835811005049,false,נייר אפייה משובח וידידותי לסביבה מהדרין 38X42,"איטיליאן פוד, אס.פי.",IL,נייר אפייה 40 יח מתכ,יח',14.00,יח',false,,14.90,1.0643,true,1,1169281
835811005667,false,נטיפי צ'יפס בטעם שוקולד 250 ג',,,נטיפי צ'יפס בטעם שוק,גרמים,250.00,100 גרם,false,,8.90,0.0356,true,1,1169323
835811005704,false,נייר עטיפה לכריכים 100 יח` 35X25,טופ פלסט 2002 בעמ,IL,נייר עטיפה לכריכים,יח',100.00,יח',false,,7.90,0.0790,true,1,1169325
835811005711,false,הנמל עטרות אלומיניום מס.5 100יח,הנג טון,CN,גביע אלומיניום לאפיי,יח',100.00,יח',false,,9.90,0.0990,true,1,1169326
835811005728,false,עלים לעוגת קרמשניט 400 גרם,"רונית מאפים בע""מ",IL,עלים לקרמשניט 400 גר,גרמים,400.00,100 גרם,false,,14.90,0.0373,true,1,1169327
835811005810,false,מגש הכסף תבנית מרובע קטן +מכסה 10 יח`,הנמל,IL,מגש הכסף + מכסה,יח',10.00,יח',false,,11.90,1.1900,true,1,1888301
835811005933,false,מגש הכסף תבנית אלומ` ענק 5 יח`,ווינפאק,,מגש הכסף תבנית ענק,יח',5.00,יח',false,,11.90,2.3800,true,1,1888302
835811005940,false,מגש הכסף תבנית אלומ` גדולה + מכסה 8 יח`,,IL,מגש הכסף + מכסה,יח',8.00,יח',false,,11.90,1.4875,true,1,1169336
835811005957,false,מגש הכסף תבנית אלומ` 90 + מכסה 8 יח`,יבוא ושיווק: הנמל אר,IL,מגש הכסף + מכסה,יח',8.00,יח',false,,11.90,1.4875,true,1,1888303
835811005964,false,מגש הכסף תבנית אלומ` מאורך 20 יח`,ווינפאק,,מגש הכסף תבנית מאורך,יח',20.00,יח',false,,11.90,0.5950,true,1,1888304
835811006220,false,צלחות ענקיות מתכלה מקנה סוכר טבעי 25 יח,הנמל,,צלחות ענקיות קנה סוכ,יח',25.00,יח',false,,17.90,0.7160,true,1,1169357
835811006237,false,צלחות קטנות מקנה סוכר טבעי 25 יח,הנמל,,צלחות קטנות קנה סוכר,יח',25.00,יח',false,,9.90,0.3960,true,1,1169358
835811006435,false,מגש הכסף תבנית מלבן עמוק + מכסה 9 יח`,,IL,מגש כסף 9 יח,יח',9.00,יח',false,,11.90,1.3222,true,1,1169360
835811006770,false,תבנית אולמניום עגול 5 יח',הנמל,,מגש כסף 5 יח,יח',5.00,יח',false,,11.90,2.3800,true,1,1888305
835811007296,false,כפיות אלגנט קרם 50 יח' הנמל,,,כפיות אלגנט קרם 50 י,יח',50.00,יח',false,,11.90,0.2380,true,1,2119554
835811007319,false,מזלגות אלגנט קרם 50 יח' הנמל,,,מזלגות אלגנט קרם 50,יח',50.00,יח',false,,11.90,0.2380,true,1,2119556
835811007326,false,סכינים אלגנט קרם 50 יח' הנמל,,,סכינים אלגנט קרם 50,יח',50.00,יח',false,,11.90,0.2380,true,1,2119557
835811007432,false,תבנית משפחתית נייר מלבן גדול 3 יח',דוקארט,IL,תבנית קרטון משפחתית,יח',3.00,יח',false,,10.90,3.6333,true,1,1169380
835811007494,false,גלטין טהור מדגים 2 יח` 14 X גר`,ג'ליס פיוניר,IL,גלטין טהור 14 גר 2יח,גרמים,28.00,100 גרם,false,,9.90,0.3536,true,1,1169381
835811007562,false,תבניות קרטון אינגליש קייק 6יח` ארוז 29X9X6,דוקרט תעשיית אריזות,IL,תבנית קרטון אינגליש,יח',6.00,יח',false,,9.90,1.6500,true,1,1169384
835811007678,false,שקיות אוכל הנמל 200 יח',סאם גלובל תורכיה,CN,שקיות אוכל 200 יח',יח',200.00,יח',false,,3.90,0.0195,true,1,1169385
835811008347,false,גפרור ארוך מאוד להבי,הנמל,SE,גפרור ארוך מאוד,יח',45.00,יח',false,,4.90,0.1089,true,1,1169395
841058006633,false,"אדג' ג'יל גילוח מועשר בשיבולת שועל 198 מ""ל",אדג' ג'ל,,ג'ל לגילוח אדג' מועש,גרמים,200.00,100 גרם,false,,19.90,0.0995,true,1,2033396
850004207789,false,בשר מיטבולס 290 ג' ביונד מיט,תאי פרזידנט פוד פאבל,US,מיטבולס ביונד מיט 29,גרמים,290.00,100 גרם,false,,37.90,0.1307,true,1,2095848
850006036028,false,מאפה חיטה מקלונים בטעם סלק בצל 400 ג' עבאדי,עבאדי,IL,עוגיות מזרחיות מקלונ,גרמים,400.00,100 גרם,false,,17.90,0.0447,true,1,2124674
851621000050,false,בירה חיטה בטעם הדרים 1664 בלאנק - שישייה,קרלסברג ספליי קומפאנ,PL,שישיית בירה בלאנק 16,ליטרים,1.98,ליטר,false,,39.90,20.1515,true,1,2014058
852629004774,false,נקניקיות ביונד מיט רביעייה 400 גר,תאי פרזידנט פוד פאבל,US,רביעיית נקניקיות ביו,גרמים,400.00,100 גרם,false,,39.90,0.0997,true,1,2072177
856591000055,false,עוגיות מזרחיות קריספי שרוף במיוחד,עבאדי,IL,עוגיות מזרחיות קריספ,גרמים,400.00,100 גרם,false,,17.90,0.0447,true,1,1336900
856591000062,false,עבאדי עוגיות מזרחיות מלח 400 גרם,מאפיית יוסף ושמחה עב,IL,ע.מזרחיות מלח 400 גרם,גרמים,400.00,100 גרם,false,,17.90,0.0447,true,1,1186286
856591000949,false,עבאדי קטנטנים מאפה חיטה מלוח 350ג גר',עבאדי,IL,עוגיות מזרחיות עבאדי,גרמים,350.00,100 גרם,false,,17.90,0.0511,true,1,2121694
856591000956,false,מאפה חיטה עבאדי קטנטנים בטעם גריל 350 גר,עבאדי,IL,עוגיות מזרחיות עבאדי,גרמים,350.00,100 גרם,false,,15.90,0.0454,true,1,2121707
859547004329,false,ספוג ניקוי צבעוני סקראב דדי Scrub Daddy,סקארקיסט,US,ספוג ניקוי סקראב דד,יחידה,0.00,יחידה,false,,17.90,0.0000,true,1,2114397
859547004466,false,קירצוף וספוג ניקוי SCRUB DADDY,סקארקיסט,US,ספוג קרצוף סקראב דדי,יחידה,0.00,יחידה,false,,17.90,0.0000,true,1,2114398
877300000050,false,קינמון טחון 80 גרם ש,נפטון Neptune,,קינמון טחון,גרמים,80.00,100 גרם,false,,4.90,0.0613,true,1,2017967
877300000074,false,פלפל שחור גרוס צנצנת,,,פלפל שחור גרוס,גרמים,100.00,100 גרם,false,,14.90,0.1490,true,1,1360453
877300000210,false,תערובת לתיבול טוסקנה,נפטון Neptune,,תערובת תיבול טוסקנה,גרמים,60.00,100 גרם,false,,4.90,0.0817,true,1,2017982
877300000845,false,פפריקה מתוקה בשמן בסגנון מרוקאי,נפטון Neptune,,פפריקה מתוקה,גרמים,80.00,100 גרם,false,,4.90,0.0613,true,1,2017983
877300001019,false,כוסברה טחון 120גרם,נפטון Neptune,,כוסברה טחון,גרמים,120.00,100 גרם,false,,9.90,0.0825,true,1,1200249
877300001040,false,כורכום טחון 150 גרם,נפטון Neptune,,כורכום טחון,גרמים,150.00,100 גרם,false,,9.90,0.0660,true,1,1200251
877300001071,false,שום גבישי דק 150 גר,,,שום גבישי דק,גרמים,150.00,100 גרם,false,,9.90,0.0660,true,1,1200254
877300001200,false,עלי דפנה 20 גרם,נפטון Neptune,,עלי דפנה,גרמים,20.00,100 גרם,false,,9.90,0.4950,true,1,1200263
877300001286,false,כמון טחון 150 גרם,נפטון Neptune,,כמון טחון,גרמים,150.00,100 גרם,false,,9.90,0.0660,true,1,1200265
877300001330,false,תערובת תיבול חוויאג' למרק,נפטון Neptune,,תבלין חוויאג' למרק,גרמים,150.00,100 גרם,false,,9.90,0.0660,true,1,1200266
877300001385,false,תערובת תיבול לפרגיות,נפטון Neptune,,תבלין לפרגיות,גרמים,150.00,100 גרם,false,,9.90,0.0660,true,1,1200270
877300001392,false,תערובת תיבול לגריל עוף,נפטון Neptune,,תבלין גריל עוף,גרמים,150.00,100 גרם,false,,9.90,0.0660,true,1,1200271
877300001552,false,תערובת תיבול טוסקנה,נפטון Neptune,,טוסקנה,גרמים,150.00,100 גרם,false,,9.90,0.0660,true,1,1200276
877300001637,false,פפריקה מתוקה גס בשמן,,,פפריקה מתוקה גס בשמן,גרמים,150.00,100 גרם,false,,9.90,0.0660,true,1,1200279
877300001989,false,פפריקה הונגרית בשמן,,,פפריקה הונגרית בשמן,גרמים,150.00,100 גרם,false,,9.90,0.0660,true,1,1200289
877300002078,false,רוטב שום דבש נפטון 3,נפטון Neptune,,רוטב שום ודבש,גרמים,360.00,100 גרם,false,,12.90,0.0358,true,1,1200291
877300002191,false,שום כתוש ממרח 180 גר,,,שום כתוש,גרמים,180.00,100 גרם,false,,9.90,0.0550,true,1,1200295
877300002290,false,פפריקה מרוקאית מעושנת,נפטון Neptune,,פפריקה מתוקה מעושנת,גרמים,150.00,100 גרם,false,,9.90,0.0660,true,1,1200297
877300002313,false,תערובת תיבול ראס אל חנות,נפטון Neptune,,תבלין ראס אל חנות,גרמים,150.00,100 גרם,false,,9.90,0.0660,true,1,1200298
877300003112,false,ממרח עגבניות בתוספת,,,ממרח עגבניות,גרמים,180.00,100 גרם,false,,9.90,0.0550,true,1,1479080
877300003235,false,רוטב חמוץ מתוק,נפטון Neptune,,רוטב חמוץ מתוק,גרמים,370.00,100 גרם,false,,12.90,0.0349,true,1,1200306
877300004263,false,ציפוי לשניצל וינאי,,,ציפוי לשניצל וינאי,גרמים,400.00,100 גרם,false,,9.90,0.0248,true,1,1584211
877300004416,false,פלפל שחור גרוס דק,נפטון Neptune,,פלפל שחור גרוס דק,גרמים,50.00,100 גרם,false,,4.90,0.0980,true,1,2046662
877300004553,false,פפריקה מתוקה 80 גרם,נפטון Neptune,,פפריקה מתוקה,גרמים,80.00,100 גרם,false,,4.90,0.0613,true,1,1360455
877300004560,false,פפריקה חריפה 80 גרם,נפטון Neptune,,פפריקה חריפה,גרמים,80.00,100 גרם,false,,4.90,0.0613,true,1,1643715
877300004621,false,זעתר ושומשום תערובת לתיבול,נפטון Neptune,,זעתר שומשום,גרמים,80.00,100 גרם,false,,4.90,0.0613,true,1,1360461
877300008698,false,פלפלת ארבע עונות שלם,,,פלפלת ארבע עונות שלם,גרמים,30.00,100 גרם,false,,14.90,0.4967,true,1,1292334
877300009183,false,רוטב שמן זית ולימון,,,רוטב שמן זית ולימון,גרמים,300.00,100 גרם,false,,12.90,0.0430,true,1,1733014
877300009367,false,ממרח פסטו קלאסי בזיל,,,ממרח פסטו קלאסי בזיל,גרמים,180.00,100 גרם,false,,9.90,0.0550,true,1,1723309
877300009848,false,מלח לימון 150 גרם נפ,,,מלח לימון,מיליליטרים,150.00,"100 מ""ל",false,,9.90,0.0660,true,1,1892121
883314858556,false,צלחת עמוקה 20 בהיר T,,,צלחת עמוקה 20 בהיר T,יחידה,0.00,יחידה,false,,12.90,0.0000,true,1,2103576
884912116505,false,דגני בננה נאט קראנץ' Banana Nut Crunch,פוסט ארצות הברית,US,סלקט בננה נאט חדש,גרמים,439.00,100 גרם,false,,24.90,0.0567,true,1,1196709
884912117625,false,דגני שלווה מצופים בדבש Golden Crisp,הנסיך- מפעל לייצור ט,US,דגני בוקר שלווה מצופ,גרמים,418.00,100 גרם,false,,22.90,0.0548,true,1,1513784
884912129512,false,דגני בוקר קוקו פבלס פלינסטון 311 גר,פוסט לקיוויל,US,דגני בוקר בטעם קקאו,גרמים,311.00,100 גרם,false,,24.90,0.0801,true,1,2148987
884912180629,false,דגני בוקר מחיטה מלאה גרוסה שרדד וויט,פוסט ארצות הברית,,דגני חיטה מלאה גרוסה,גרמים,464.00,100 גרם,false,,22.90,0.0494,true,1,1345186
884912342737,false,דגני בוקר פוסט וופל קריספ 326 גר',הנסיך- מפעל לייצור ט,US,דגני בוקר וופל קריספ,גרמים,425.00,100 גרם,false,,22.90,0.0539,true,1,1998226
884912365200,false,דגני בוקר אוראו 311 גרם מתכון חדש,פוסט ארצות הברית,US,דגני בוקר בטעם אוראו,גרמים,311.00,100 גרם,false,,19.90,0.0640,true,1,2143236
884912365217,false,דגני בוקר אוראו הדור הבא 311 גר,פוסט ארצות הברית,US,דגני בוקר בטעם אוראו,גרמים,311.00,100 גרם,false,,19.90,0.0640,true,1,2081520
884912377142,false,דגני בוקר האני באנצס וניל 340 ג' POST,פוסט ארצות הברית,US,דגני האני באנצ' וניל,גרמים,340.00,100 גרם,false,,22.90,0.0674,true,1,2119896
884912378118,false,פוסט רייזן ברן 471 גר',פוסט לקיוויל,US,דגני רייזן ברן.,גרמים,411.00,100 גרם,false,,22.90,0.0557,true,1,2143295
888849000005,false,חטיף חלבון בטעם עוגיות עם קרם,קווסט נוטרישן,US,קווסט חטיף חלבון עוג,גרמים,60.00,100 גרם,false,,17.90,0.2983,true,1,2041021
888849000012,false,קווסט חטיף חלבון עוג,,US,קווסט חטיף חלבון עוג,גרמים,60.00,100 גרם,false,,17.90,0.2983,true,1,2041022
888849000234,false,חטיף חלבון בטעם שוקולד כפול,קווסט נוטרישן,US,קווסט חטיף חלבון שוק,גרמים,60.00,100 גרם,false,,17.90,0.2983,true,1,2041024
888849000418,false,חטיף חלבון בטעם שוקולד בראוני,קווסט Quest,US,קווסט חטיף חלבון שוק,גרמים,60.00,100 גרם,false,,17.90,0.2983,true,1,2041025
888849005956,false,חטיף חלבון בטעם עוגת יום הולדת,קווסט Quest,,קווסט חטיף חלבון עוג,גרמים,60.00,100 גרם,false,,17.90,0.2983,true,1,2041032
888849006014,false,קווסט עוגיית חלבון בטעם שוקולד ציפ כפול,סיטי ספורט,HU,קווסט עוגיית חלבון ש,גרמים,59.00,100 גרם,false,,14.90,0.2525,true,1,2041034
1230000068314,false,בשר טחון מהצומח ביונד מיט 300 גרם,זנברגן וורלד פינסט מ,NL,בשר טחון ביונד מינט,גרמים,300.00,100 גרם,false,,29.90,0.0997,true,1,2102958
1230000116022,false,ביונד בורגר Beyond Burger - מארז זוג,ביונד מיט קליפורניה,US,המבורגר ביונד מיט מא,גרמים,226.00,100 גרם,false,,34.90,0.1544,true,1,2125869
3014260022839,false,אורל בי דליקייט וויט זוג 40 MEDIUM,פרוקטר אנד גמבל,IN,דליקייט  וויט  זוג  40 רך,יח',2.00,יח',false,,14.90,7.4500,true,1,1250082
3014260201753,false,סכיני גילוח ג'ילט בלו 2 להבים - מארז 5 יח',פרוקטר אנד גמבל,PL,בלו 2*5 (שקית),יח',5.00,יח',false,,12.90,2.5800,true,1,1157543
3014260228842,false,"ג'ילט קצף גילוח רגיל - 200 מ""ל",מולינו ניקולי s.p.a,GB,ק.גילוח רגיל,מיליליטרים,200.00,"100 מ""ל",false,,14.90,0.0745,true,1,1157552
3014260240226,false,"ג'ילט קצף גילוח לעור רגיש, 200 מ""ל",מולינו ניקולי s.p.a,GB,ק.גילוח רגיש,מיליליטרים,200.00,"100 מ""ל",false,,14.90,0.0745,true,1,1157554
3014260262693,false,ונוס מכשיר גילוח נשים+ 2 סכיני גילוח+מתק,פרוקטר אנד גמבל,PL,מכשיר ונוס +2,יחידה,0.00,יחידה,false,,29.90,0.0000,true,1,1157561
3014260262709,false,סכיני גילוח לאישה 3 להבים,ג'ילט ונוס Gillette Venus,DE,ס.ג .ונוס4X1,יח',4.00,יח',false,,44.90,11.2250,true,1,1157562
3014260274924,false,גילט מאך 3 טורבו סכיני גילוח 8 יחידות,פרוקטר אנד גמבל,PL,מאך 3טורבו 8,יח',8.00,יח',false,,89.90,11.2375,true,1,1157567
3014260289287,false,סכין גילוח גילט בלו 2 לנשים-חמישייה,פרוקטר אנד גמבל,RU,בלו 2 לנשים 5,יח',5.00,יח',false,,14.90,2.9800,true,1,1157576
3046920010047,false,לינדט שוקולד אקסלנס מריר 78% 100 גר,לינדט,FR,שוקולד לינדט 78% אקס,גרמים,100.00,100 גרם,false,,14.90,0.1490,true,1,1642913
3046920010856,false,לינדט שוקולד אקסלנס לימון גינגיר 100 גר,לינדט,CH,שוקולד לינדט אקסלנט,גרמים,100.00,100 גרם,false,,14.90,0.1490,true,1,1998708
3046920016377,false,לינדט שוקולד אקסלנס מריר 100% קקאו 50 גר,לינדט ושפרונגלי,DE,שוקולד לינדט אקסלנט,גרמים,50.00,100 גרם,false,,14.90,0.2980,true,1,2022064
3046920028004,false,לינדט שוקולד אקסלנס מריר 70% 100 גר,לינדט ושפרונגלי,FR,לינדט אקסלנס 70% 100 גרם,גרמים,100.00,100 גרם,false,,14.90,0.1490,true,1,1166707
3046920028721,false,שוקולד מריר אקסלנס 99%,לינדט ושפרונגלי,FR,שוקולד לינדט 99% אקס,גרמים,50.00,100 גרם,false,,14.90,0.2980,true,1,1642916
3046920028752,false,לינדט אקסלנס מינט 100 גרם,לינדט ושפרונגלי,FR,לינדט אקסלנס מינט 100 גר,גרמים,100.00,100 גרם,false,,14.90,0.1490,true,1,1166710
3046920029674,false,שוקולד מריר אקסלנס עם מלח ים,לינדט ושפרונגלי,DE,לינדט אקס' סולט 100 גרם,גרמים,100.00,100 גרם,false,,14.90,0.1490,true,1,1166711
3046920029681,false,לינדט שוקולד אקסלנס מילד 85% קקאו 100 גר,לינדט,DE,שוקולד אקסלנס 85%,גרמים,100.00,100 גרם,false,,14.90,0.1490,true,1,2022065
3046920029759,false,שוקולד מריר אקסלנס 90% קקאו,לינדט ושפרונגלי ג'י.,DE,לינדט אקסלנס 70% 100 גרם,גרמים,100.00,100 גרם,false,,14.90,0.1490,true,1,1258927
3059944022415,false,רצועות שעווה מוכנות לשימוש מועשרת בתמציות ובניחוח ורדים,רקיט בנקיזר צרפת,FR,ויט ארומטיק רצועות שעווה,יחידה,0.00,יחידה,false,,29.90,0.0000,true,1,1159826
3067140243114,false,אבקה להכנת משקה על בסיס עולש בטעם קרמל,LEROUX COFFEE SUB,FR,לרו תחליף קפה קרמל,גרמים,100.00,100 גרם,false,,26.90,0.2690,true,1,1185658
3073781162790,false,גבינת בייבי בל אדם 1,מחלבות בל,FR,גבינת בייבי בל אדם 1,גרמים,120.00,100 גרם,false,,17.90,0.1492,true,1,2118209
3141360054405,false,פיניש מפיץ ריח למדיח בניחוח לימון וליים,הדקלאים אגודת שיתופי,HU,מפיג ריח למדיח פיניש,גרמים,27.00,100 גרם,false,,14.90,0.5519,true,1,1375254
3147697720204,false,ויסקי בלנדד סקוטי לייבל,לייבל 5 Label,,וויסקי לייבל 5 קלאסי,מיליליטרים,700.00,"100 מ""ל",false,,69.00,0.0986,true,1,1305706
3161911229199,false,אלוויר חמאה רכה 250 גר,אלל אה וויר,FR,חמאה רכה 250 ג,גרמים,250.00,100 גרם,false,,21.90,0.0876,true,1,1177281
3161911366429,false,אלוויר חמאה רכה מלוחה 250 גר,ארזינא,FR,חמאה מלוחה 250 ג,גרמים,250.00,100 גרם,false,,21.90,0.0876,true,1,1177282
3161911393210,false,אלוויר חמאה נורמנדי מלוחה 200 גרם,אלוויר,FR,חמאה צרפתית נורמנדי,גרמים,200.00,100 גרם,false,,18.90,0.0945,true,1,2125228
3175460000017,false,גבינת בורסאן שום ועשבי תיבול 150 גר,השחר,FR,גבינת בורסן עשבי תיבול,גרמים,150.00,100 גרם,false,,19.90,0.1327,true,1,1177283
3178530402278,false,גלאט חמאה קרצל סן מישל,סן מישל St Michel,FR,גלאט חמאה קרצל סן מי,גרמים,150.00,100 גרם,false,,14.90,0.0993,true,1,1433385
3178530409673,false,עוגיות פלמיה קרמל 100 גרם,סן מישל,FR,עוגיות פלמיה קרמל,גרמים,100.00,100 גרם,false,,14.90,0.1490,true,1,1987588
3178530411478,false,ביסקוויטים גאלט עם חמאה ומלח ים,סן מישל St Michel,FR,גלאט חמאה קלאסי סן מ,גרמים,150.00,100 גרם,false,,11.90,0.0793,true,1,1433390
3178530417340,false,בראוניז שוקולד סאן מישל 210 גרם,סן מישל,FR,בראוניז שוקולד עוגות,גרמים,210.00,100 גרם,false,,11.90,0.0567,true,1,2050694
3179730011017,false,"מים מינרלים פירייה 750 מ""ל זכוכית",NESTLE WATERS,FR,פרייה זכוכית 750מל (ירוק),מיליליטרים,750.00,"100 מ""ל",false,,8.90,0.0119,true,1,1193946
3254550033279,false,גבינת קממבר איסיני 2,איסיני סנט מור,FR,גבינה קממבר איסיני 2,גרמים,250.00,100 גרם,false,,25.90,0.1036,true,1,1420656
3387390320244,false,פיטנס Fitness דגנים מלאים עם פירות,נסטלה צרפת איטנקורט,FR,פיטנס פירות 375 גרם,גרמים,375.00,100 גרם,false,,19.90,0.0531,true,1,1156236
3387390525960,false,קראנץ' דגנים פריכים עם שוקולד 500 גרם,הנסיך- מפעל לייצור ט,FR,קראנץ' דגני בוקר פריכים ע,גרמים,500.00,100 גרם,false,,21.90,0.0438,true,1,1156237
3523230026826,false,גבינה עיזים למריחה פירמידה 140 גר,אוריאל,FR,גבינה עזים פירמידה 1,גרמים,140.00,100 גרם,false,,22.90,0.1636,true,1,1420657
3523230026888,false,גב עיזים למריחה שום ועשבי תיבול פירמידה,סואניון SOIGNON,FR,גבינה עזים פירמידה 1,גרמים,140.00,100 גרם,false,,22.90,0.1636,true,1,1421526
3574660026788,false,גונסון בייבי טלק 200 גרם חדש,ג'ונסונס Johnson's,IT,טלק גונסון 200 גר,גרמים,200.00,100 גרם,false,,18.90,0.0945,true,1,1922045
3574660089547,false,או-בה טמפונים קלאסי נורמל 32יח',ג'ונסון אנד ג'ונסון,GR,אובה קלאסי נורמל 32,יח',32.00,יח',false,,29.90,0.9344,true,1,1185672
3574660333466,false,או-בה טמפונים פרוקומפורט מיני 32 יח',הנסיך- מפעל לייצור ט,DE,אובה פרוקומפורט מיני 32 י,יח',32.00,יח',false,,29.90,0.9344,true,1,1185699
3574660464337,false,מגני תחתון קרפרי נורמל אוורירי מבושם,ג'ונסון אנד ג'ונסון,IT,תחתוניות קרפרי אוורי,יח',76.00,יח',false,,22.90,0.3013,true,1,1701022
3574660464429,false,מגני תחתון קרפרי נורמל אוורירי עם מעטפת כותנה,קרפרי Carefree,IT,תחתוניות קרפרי אוורי,יח',76.00,יח',false,,22.90,0.3013,true,1,1701025
3574661003924,false,שטיפת פה טוטאל קר בטעם מנטה צלול,גונסון אנד גונסון,IT,LISTERINE TOTAL CARE 500M,מיליליטרים,500.00,"100 מ""ל",false,,22.90,0.0458,true,1,1157014
3574661098937,false,נטרוגינה תחליב גוף-יבש סדרה נורווגית,ניוטרוג'ינה Neutrogena,GR,תחליב גוף לעור יבש ע,מיליליטרים,400.00,"100 מ""ל",false,,21.90,0.0547,true,1,1784014
3574661114637,false,ליסטרין שטיפת פה קול מינט טעם מעודן 500,ג'ונסון אנד ג'ונסון,IT,"מי פה ליסטרין 500 מ""",מיליליטרים,500.00,"100 מ""ל",false,,19.90,0.0398,true,1,1157015
3574661200019,false,נוטרוגינה ת.גוף ויזבלי ריניו משאבה 400 מל,ניוטרוג'ינה Neutrogena,,תחליב גוף עם משאבה 4,מיליליטרים,400.00,"100 מ""ל",false,,21.90,0.0547,true,1,1296256
3574661332505,false,נטרוגינה קליר&דיפנד תרחיץ גרגירים 150 מל,שסטוביץ,,ניוטרוגינה קליר דיפנ,מיליליטרים,150.00,"100 מ""ל",false,,54.90,0.3660,true,1,1820635
3574661352275,false,ליסטירין מי פה פירות יער 250 מל,גונסון אנד גונסון,IT,מי פה ליסטרין קידס 2,מיליליטרים,250.00,"100 מ""ל",false,,10.90,0.0436,true,1,2022415
3574661363998,false,"מי פה ליסטרין תה ירוק 500 מ""ל",גונסון אנד גונסון,IT,שטיפת פה ליסטרין תה,מיליליטרים,500.00,"100 מ""ל",false,,22.90,0.0458,true,1,1530384
3574661392486,false,"קרם ידיים ניוטרוגינה הידרו בוסט 75 מ""ל",ניוטרוג'ינה Neutrogena,GR,קרם ידיים NEUTROGENA,מיליליטרים,75.00,"100 מ""ל",false,,21.90,0.2920,true,1,1962869
3574661393667,false,נטרוגינה הידרובוסט סרום לחות 30 מל,שסטוביץ,FR,ניוטרוגינה הידרובוסט,מיליליטרים,30.00,"100 מ""ל",false,,84.90,2.8300,true,1,2041375
3574661485218,false,טמפונים נורמל אובה 32 יח' פרוקומפורט,Johnson Toilet-IT,FR,טמפון או-בה נורמל 32,יח',32.00,יח',false,,29.90,0.9344,true,1,2121498
3574661487328,false,קרפרי מגני תחתון אורגינל פלוס 56 יח',הדקלאים אגודת שיתופי,IT,תחתוניות קרפרי 56 יח,יח',56.00,יח',false,,19.90,0.3554,true,1,1975455
3574661487335,false,קרפרי מגן תחתון מקסי לונג ריח'ני 40 יח',קרפרי Carefree,IT,תחתוניות קרפרי מקסי,יח',40.00,יח',false,,19.90,0.4975,true,1,1975460
3574661487618,false,קרפרי מגן תחתון מקסי לארג'' מבושם 48 יח'',ג'ויה מעבדות לקוסמטי,IT,תחתוניות קרפרי מבושם,יח',48.00,יח',false,,19.90,0.4146,true,1,1975461
3574661487625,false,מגני תחתון פלוס לארג' בניחוח עדין L,הדקלאים אגודת שיתופי,IT,תחתוניות קרפרי מקסי,יח',48.00,יח',false,,19.90,0.4146,true,1,1975480
3574661500355,false,קרפרי מגן תחתון מקסי לונג רגיל 40 יח',ג'ויה מעבדות לקוסמטי,IT,תחתוניות קרפרי מקסי,יח',40.00,יח',false,,19.90,0.4975,true,1,1975462
3574661552576,false,קרפרי מגן תחתון רגיל טנגה לבן 56 יח חדש,הדקלאים אגודת שיתופי,GR,תחתוניות קרפרי טנגה,יח',56.00,יח',false,,19.90,0.3554,true,1,2011563
3574661552804,false,קרפרי מגן תחתון אלוורה 56 יח',הדקלאים אגודת שיתופי,IT,תחתוניות קרפרי אלוור,יח',56.00,יח',false,,19.90,0.3554,true,1,2011564
3574661552811,false,קרפרי מגן תחתון כותנה נטול ריח 56 יח,הדקלאים אגודת שיתופי,GR,תחתוניות קרפרי אוורי,יח',56.00,יח',false,,19.90,0.3554,true,1,2011565
3574661554877,false,קרפרי מגן תחתון כותנה מבושם 56 יח,הנסיך- מפעל לייצור ט,GR,תחתוניות קרפרי מבושם,יח',56.00,יח',false,,19.90,0.3554,true,1,2011566
3574661554884,false,קרפרי מגן תחתון רגיל טנגה מבושם 56 יח,הדקלאים אגודת שיתופי,IT,תחתוניות קרפרי מבושם,יח',56.00,יח',false,,19.90,0.3554,true,1,2011567
3574661610344,false,נטרוגינה קרם לחות עשיר ומרוכז לעור יבש ע,שסטוביץ,IT,קרם גוף אינטנסיבי ני,מיליליטרים,300.00,"100 מ""ל",false,,21.90,0.0730,true,1,2102720
3574661643359,false,ליסטרין נטורלס שטיפת פה אנאמל פרוטקט,גונסון אנד גונסון,IT,מי פה ליסטרין נוטרל,מיליליטרים,500.00,"100 מ""ל",false,,22.90,0.0458,true,1,2107562
3574669907972,false,"גונסון בייבי שמפו טיפות של ברק 750 מ""ל",ג'ונסונס Johnson's,IT,גונסונס שמפו טיפות ש,מיליליטרים,750.00,"100 מ""ל",false,,27.90,0.0372,true,1,1927374
3574669908146,false,גונסונס בייבי תחליב לפני שינה 500 מל,ג'ונסונס Johnson's,IT,תחליב גונסון בייבי ל,מיליליטרים,500.00,"100 מ""ל",false,,29.90,0.0598,true,1,1922051
3574669908245,false,"ג'ונסונס מרכך טיפות של ברק 500 מ""ל",ג'ונסונס Johnson's,IT,מרכך ג'ונסונס טיפות,מיליליטרים,500.00,"100 מ""ל",false,,19.90,0.0398,true,1,1922052
3574669909204,false,גונסונס בייבי שמן לתינוק 300 מל,ג'ונסונס Johnson's,IT,שמן תינוקות גונסונס,מיליליטרים,300.00,"100 מ""ל",false,,22.90,0.0763,true,1,2003018
3600521094341,false,קאסטינג קרם גלוס 200,General,,צבע שיער קאסטינג 200,יחידה,0.00,יחידה,false,,34.90,0.0000,true,1,1150930
3600521094365,false,קאסטינג קרם גלוס 300,General,,צבע שיער קאסטינג 300,יחידה,0.00,יחידה,false,,34.90,0.0000,true,1,1150932
3600523193158,false,תרסיס לכיסוי שורשי השיער Magic Retouch חום,לוריאל Loreal,BE,מג'יק ריטאצ' חום 2 L,מיליליטרים,75.00,"100 מ""ל",false,,34.90,0.4653,true,1,1352241
3600523193165,false,תרסיס לכיסוי שורשי השיער Magic Retouch חום בהיר,לוריאל Loreal,BE,מג'יק ריטאצ' חום בהי,מיליליטרים,75.00,"100 מ""ל",false,,34.90,0.4653,true,1,1352252
3600523651870,false,שמפו לחיזוק סיב השערה לכל סוגי השיער,לוריאל - אלביב Elvive,TR,שמפו אלביב 6 שמנים,מיליליטרים,550.00,"100 מ""ל",false,,14.90,0.0271,true,1,1668385
3600523651887,false,"לוריאל - אלביב שמפו טוטאל ריפר 550 מ""ל",לוריאל - אלביב Elvive,TR,שמפו אלביב טוטאל,מיליליטרים,550.00,"100 מ""ל",false,,14.90,0.0271,true,1,1668386
3600523652228,false,"לוריאל - אלביב מרכך טוטאל ריפר 550 מ""ל",לוריאל - אלביב Elvive,TR,מרכך אלביב טוטאל,מיליליטרים,550.00,"100 מ""ל",false,,14.90,0.0271,true,1,1668388
3600523652242,false,"לוריאל - אלביב שמפו קולור פרוטקט 550 מ""ל",לוריאל - אלביב Elvive,TR,שמפו אלביב קולור,מיליליטרים,550.00,"100 מ""ל",false,,14.90,0.0271,true,1,1668390
3600523652259,false,"לוריאל - אלביב מרכך קולור פרוטקט 550 מ""ל",לוריאל,TR,מרכך אלביב קולור,מיליליטרים,550.00,"100 מ""ל",false,,14.90,0.0271,true,1,1668391
3600523652280,false,"לוריאל אלביב שמפו מועשר ב 6 שמנים, 550 מ""ל",לוריאל - אלביב Elvive,TR,שמפו אלביב 6 שמנים,מיליליטרים,550.00,"100 מ""ל",false,,14.90,0.0271,true,1,1668394
3600523652297,false,"מרכך לשיער אלביב זהב 6 שמנים , 550 מ""ל",לוריאל - אלביב Elvive,TR,מרכך אלביב 6 שמנים,מיליליטרים,550.00,"100 מ""ל",false,,14.90,0.0271,true,1,1668395
3600523755806,false,"לוריאל - אלביב שמפו קוקוס 550 מ""ל",לוריאל,TR,שמפו אלביב קוקוס,מיליליטרים,550.00,"100 מ""ל",false,,14.90,0.0271,true,1,1988706
3600523756322,false,"לוריאל - אלביב מרכך קוקוס 550 מ""ל",לוריאל,TR,מרכך אלביב 6 שמנים,מיליליטרים,550.00,"100 מ""ל",false,,14.90,0.0271,true,1,1988700
3600523782567,false,"לוריאל - אלביב שמפו דרים לונג 500 מ""ל",לוריאל - אלביב Elvive,FR,שמפו אלביב דרים לונו,מיליליטרים,500.00,"100 מ""ל",false,,14.90,0.0298,true,1,1939174
3600523782581,false,מרכך מתיר קשרים לשיער ארוך ופגום Dream Long,לוריאל - אלביב Elvive,FR,מרכך אלביב דרים לונג,מיליליטרים,500.00,"100 מ""ל",false,,14.90,0.0298,true,1,1939176
3600524051334,false,אלביב מרכך חומצה היאלורונית 400 מל,לוריאל,FR,מרכך אלביב היאלורוני,מיליליטרים,400.00,"100 מ""ל",false,,14.90,0.0373,true,1,2151465
3600524051570,false,לוריאל - אלביב מסכה היאלורונית 300 מ''ל,CANAN KOZMETIK,FR,מסכה אלביב היאלורוני,מיליליטרים,300.00,"100 מ""ל",false,,29.90,0.0997,true,1,2144143
3600524055400,false,לוריאל - אלביב שמפו היאלורונית 500 מ''ל,לוריאל,FR,שמפו אלביב היאלורוני,מיליליטרים,550.00,"100 מ""ל",false,,14.90,0.0271,true,1,2144225
3600541029323,false,גרניה אסנשיאל מסיר איפור 2ב1,SOPROCOS סופרוקוס,FR,200 מס.איפור אסנשיאל 2ב1,מיליליטרים,200.00,"100 מ""ל",false,,19.90,0.0995,true,1,1151228
3600541382930,false,גרנייה - מים מיסלרים לכל סוגי העור,גרנייה Garnier,PL,תמיסת מיסלר מסיר איפור,מיליליטרים,400.00,"100 מ""ל",false,,29.90,0.0747,true,1,1219443
3600541402270,false,"גרנייה - דאודורנט ספריי לאישה אינביזיבל BWC (ירוק) 150 מ""ל",גרנייה Garnier,FR,דאודורנט GARNIER אינ,מיליליטרים,150.00,"100 מ""ל",false,,11.90,0.0793,true,1,1151323
3600541740006,false,"גרנייה - דאודורנט ספריי לאישה אקשן קונטרול 72 שעות 150 מ""ל",גרנייה Garnier,FR,דאודורנט ספריי אקשן,מיליליטרים,150.00,"100 מ""ל",false,,11.90,0.0793,true,1,1296652
3600541937475,false,גרניה פיור גרגרים מסיכה לעור מעורב עד שמן,לוריאל,PL,תחליב לפנים מסיכה ני,מיליליטרים,150.00,"100 מ""ל",false,,29.90,0.1993,true,1,1332529
3600541956223,false,"גרנייה פיור לניקוי וטיפול בסימנים ופגעי עם מברשת 150 מ""ל",לוריאל,DE,תרחיץ פנים לעור רגיל,יחידה,0.00,יחידה,false,,29.90,0.0000,true,1,1332531
3600542267953,false,גרנייה - פיור אקטיב מים מיסלריים 400,לוריאל,PL,פיור מי מיסלר GARNIE,מיליליטרים,400.00,"100 מ""ל",false,,29.90,0.0747,true,1,1987597
3600542310444,false,"גרנייה - דאודורנט ספריי לאישה מגנזיום 150 מ""ל",לוריאל,PL,דאודורנט GARNIER ספר,מיליליטרים,150.00,"100 מ""ל",false,,11.90,0.0793,true,1,2144174
3600542365796,false,גרניה בוטניקל גל ניקוי ענבים 200 מל,לוריאל,PL,ג'ל ניקוי לפנים בוטנ,מיליליטרים,200.00,"100 מ""ל",false,,24.90,0.1245,true,1,2024035
3600542385091,false,"גרנייה - דאודורנט רול און לאישה אקשן קונטרול 72 שעות 50 מ""ל",קוסמופול,PL,אקשן קונטרול טרמיק 7,מיליליטרים,50.00,"100 מ""ל",false,,11.90,0.2380,true,1,2063670
3600542385107,false,גרניה דאו רול און אינביזיבל לכל צבע,קוסמופול,PL,דאודורנט GARNIER אינ,מיליליטרים,50.00,"100 מ""ל",false,,11.90,0.2380,true,1,2063671
3600542385251,false,"גרנייה - דאודורנט רול און לאישה פרוטקשן 6 כותנה (ורוד) 50 מ""ל",גרנייה Garnier,FR,דאודורנט GARNIER רול,מיליליטרים,50.00,"100 מ""ל",false,,11.90,0.2380,true,1,2063673
3600542385329,false,גרניה טישו מסק מסכת תה ירוק לעור רגיל,לוריאל,CN,טישו גרנייה מסק תה י,גרמים,32.00,100 גרם,false,,11.90,0.3719,true,1,2063683
3600542398206,false,גרניה סקין נט תרחיץ אלוורה 200 מל,לוריאל,DE,גרנייה אלו ג'ל ניקוי,מיליליטרים,200.00,"100 מ""ל",false,,19.90,0.0995,true,1,2144219
3600542431835,false,גרנייה - קולור נטורלס 3 חום כהה מאוד חדש,גרנייה Garnier,PL,צבע שיער קולור נטורל,מיליליטרים,40.00,"100 מ""ל",false,,19.90,0.4975,true,1,2108872
3600542431842,false,גרנייה - קולור נטורלס 4 חום כהה טבעי חדש,גרנייה Garnier,PL,צבע לשיער קולור נטור,מיליליטרים,40.00,"100 מ""ל",false,,19.90,0.4975,true,1,2108873
3600542431859,false,גרנייה - קולור נטורלס 5 חום טבעי חדש,גרנייה Garnier,PL,צבע לשיער קולור נטור,מיליליטרים,40.00,"100 מ""ל",false,,19.90,0.4975,true,1,2108874
3600542431880,false,גרנייה - קולור נטורלס 8 בלונד בהיר חדש,גרנייה Garnier,PL,צבע לשיער קולור נטור,מיליליטרים,40.00,"100 מ""ל",false,,19.90,0.4975,true,1,2108877
3600542431972,false,צבע לשיער קולור נטורלס - 111 בלונד אולטרה בהיר אפור,גרנייה Garnier,PL,צבע לשיער קולור נטור,מיליליטרים,40.00,"100 מ""ל",false,,19.90,0.4975,true,1,2108896
3600542432016,false,צבע לשיער קולור נטורלס- 5.25 חום מהגוני פנינה בהיר,גרנייה Garnier,PL,צבע לשיער קולור נטור,מיליליטרים,40.00,"100 מ""ל",false,,19.90,0.4975,true,1,2108900
3607349687458,false,"דאו' ספריי לגבר קול דריי פרש 150מ""ל",קולפ,PT,דיאודורנט ספריי לגבר,מיליליטרים,150.00,"100 מ""ל",false,,12.90,0.0860,true,1,2033172
3608580730248,false,קונפיטורה דובדובן 370 ג' בוני מאמן,אנדרוס,FR,קונפיטורת דובדבן,גרמים,370.00,100 גרם,false,,15.90,0.0430,true,1,1336696
3614223736485,false,"אדידס דאודורנט ספריי לגבר אדיפיור 200מ""ל",אדידס Adidas,PT,דאו ספריי לגבר,מיליליטרים,200.00,"100 מ""ל",false,,18.90,0.0945,true,1,1697213
3661163990545,false,"אדידס דאודורנט ספריי לגברים אקשיין 200 מ""ל",מיוצר עי קונדיטוריית,PT,דאו ספריי גברים דריי,מיליליטרים,200.00,"100 מ""ל",false,,18.90,0.0945,true,1,1199713
3800020403631,false,חטיף שוקולד צאנקי חמאת בוטנים 42ג' קיט קט,נסטלה בולגריה A.D.,BG,קיט קאט צ'אנקי חמאת בוטני,גרמים,40.00,100 גרם,false,,3.90,0.0975,true,1,1191560
3800020472569,false,קיט קט צ'אנקי קרמל 43.5ג,נסטלה,DE,חטיף קיט קט צ'אנקי ק,גרמים,43.50,100 גרם,false,,3.90,0.0897,true,1,2137105
3838824127224,false,פלטה סמי קיט חום בינוני 4-0 צבע שיער,שוורצקופף והנקל,DE,פאלטה סמי קיט 4-0 חום בינ,יחידה,1.00,יחידה,false,,22.90,22.9000,true,1,1170561
3838824127262,false,פלטה סמי קיט בלונד כהה 6-0 צבע שיער,שוורצקופף והנקל,DE,פאלטה סמי קיט 6-0 בלונד כ,יחידה,1.00,יחידה,false,,22.90,22.9000,true,1,1170563
3838824128788,false,פאלטה - דלוקס שמני הזנה אדום לוהט 6-888,שוורצקוף Schwarzkopf,DE,פאלטה דלוקס קיט 6-888 אדו,יחידה,1.00,יחידה,false,,32.90,32.9000,true,1,1170578
3838824193915,false,צבע לשיער פאלטה סמי קיט שחור 0-1,שוורצקופף והנקל,DE,פאלטה סמי קיט 1-0 שחור,יחידה,1.00,יחידה,false,,22.90,22.9000,true,1,1170594
3838824380827,false,צבעי שיער בלונד כהה אפרפר 6-1 סמי קיט פאלטה,שוורצקופף והנקל,DE,צבע שיער סמי קיט פאל,יחידה,1.00,יחידה,false,,22.90,22.9000,true,1,2078814
3838824380940,false,צבעי שיער בלונד בהיר אפרפר 8-1 סמי קיט פאלט,שוורצקופף והנקל,DE,צבע שיער סמי קיט פאל,יחידה,1.00,יחידה,false,,22.90,22.9000,true,1,2078816
4000415856601,false,שוקולד שוגטן 100 גרם,לודוויג שוקולד,DE,שוקולד שוגטן 100 גרם,גרמים,100.00,100 גרם,false,,5.90,0.0590,true,1,1173111
4000417022004,false,שוקולד ריטר ספורט צימוק אגוז 100 גרם חלב נוכרי,ריטר ספורט Ritter sport,DE,שוקולד RITTER SPORT צימוק,גרמים,100.00,100 גרם,false,,7.90,0.0790,true,1,1174056
4000417023001,false,שוקולד ריטר ספורט שקדים חלב 100גר,ריטר ספורט Ritter sport,DE,שוקולד RITTER SPORT שקדים,גרמים,100.00,100 גרם,false,,9.90,0.0990,true,1,1174057
4000417025005,false,שוקולד ריטר ספורט מרציפן 100 גרם חלב נוכרי,ריטר ספורט Ritter sport,DE,שוקולד RITTER SPORT מרצפן,גרמים,100.00,100 גרם,false,,7.90,0.0790,true,1,1174058
4000417026002,false,שוקולד ריטר ספורט פרלין 100 גרם חלב נוכרי,ריטר ספורט Ritter sport,DE,שוקולד RITTER SPORT נוגט,גרמים,100.00,100 גרם,false,,7.90,0.0790,true,1,1174059
4000417101211,false,גלילי וופל עם קרם אגוזי לוז בציפוי שוקולד חלב,אמיצ'לי Amicelli,AT,גלילי וופל עם קרם אג,גרמים,150.00,100 גרם,false,,14.90,0.0993,true,1,2103831
4000417101310,false,אימצ'לי-גלילי וופל עם קרם קקאו 150 גרם,,,גלילי וופל עם קרם קק,גרמים,150.00,100 גרם,false,,14.90,0.0993,true,1,2147574
4000417212009,false,שוקולד ריטר ספורט מריר תפוז שקד 100 ג' חלב נוכרי,ריטר ספורט Ritter sport,DE,שוקולד חלב ריטר מריר,גרמים,100.00,100 גרם,false,,7.90,0.0790,true,1,1873349
4000417222008,false,שוקולד ריטר ספורט חלב+שברי אגוזים 100 גרם חלב נוכרי,ריטר ספורט Ritter sport,DE,שוקולד חלב אגוז ריטר,גרמים,100.00,100 גרם,false,,7.90,0.0790,true,1,1352322
4000417224002,false,"ריטר ספורט טבלת שוקולד מריר אגוזים, 100 גרם",ריטר ספורט Ritter sport,DE,שוקולד RITTER SPORT מריר,גרמים,100.00,100 גרם,false,,9.90,0.0990,true,1,1174061
4000417294005,false,שוקולד ריטר מוס קקאו 100 גרם חלב נוכרי,ריטר ספורט Ritter sport,DE,שוקולד RITTER SPORT מוס ק,גרמים,100.00,100 גרם,false,,7.90,0.0790,true,1,1174064
4000417626417,false,שוקולד חלב עם חמוציות ואגוזים ריטר100ג,ריטר,,שוקולד ספורט חמוציות,גרמים,100.00,100 גרם,false,,7.90,0.0790,true,1,2142203
4000417707000,false,שוקולד חלב מעולה עם שברי קשיו קלוי ומומלח,ריטר ספורט Ritter sport,DE,שוקולד חלב קשיו ריטר,גרמים,100.00,100 גרם,false,,9.90,0.0990,true,1,2064738
4000417708007,false,שוקולד ריטר ספורט מריר שקד 100 גרם,ריטר ספורט Ritter sport,DE,שוקולד מריר שקד ריטר,גרמים,100.00,100 גרם,false,,9.90,0.0990,true,1,2064739
4000522009747,false,"בייגלה צ'יו מקלות תפו""א 80 גר'",טרופיקל דגיל תעשיות,HU,סטיקלטי תפוח אדמה 80,גרמים,80.00,100 גרם,false,,3.90,0.0487,true,1,1470625
4000522061752,false,בייגלה צ'יו מקלות מלוחים 100 גרם,צ'יו Chio,HU,בייגלה מקלות 100 גרם,גרמים,100.00,100 גרם,false,,3.90,0.0390,true,1,1208404
4000539280726,false,שוקולד לינדט אקסלנס מילד 70% 100 גר,לינדט ושפרונגלי,DE,שוקולד לינדט אקסלנס,גרמים,100.00,100 גרם,false,,14.90,0.1490,true,1,2130132
4000539280740,false,שוקולד לינדט אקסלנס 78% 100 גר,לינדט,FR,שוקולד לינדט 78% אקס,גרמים,100.00,100 גרם,false,,14.90,0.1490,true,1,2134992
4000539363108,false,שוקולד לינדור סטיקס 38 גרם,לינדור,,שוקולד לינדור סטיק 3,גרמים,38.00,100 גרם,false,,5.90,0.1553,true,1,1643675
4000576022044,false,קוסמאה תחבושת אולטרא+14,,,+אולטרא תחבושות,יח',14.00,יח',false,,9.90,0.7071,true,1,1853108
4000576022969,false,קוסמאה מגן תחתון קומפורט אלוורה 58 יח',,,תחתונית קומפורט אלוו,יח',58.00,יח',false,,14.90,0.2569,true,1,1811893
4000576022983,false,מגן תחתון קומפורט קוסמאה בושם 58יח',,,מגן תחתון 58 יח',יח',58.00,יח',false,,14.90,0.2569,true,1,2050624
4000576030582,false,קוסמאה מגן תחתון קומפורט 58,,,מגן תחתון 58 יח',יח',62.00,יח',false,,12.90,0.2081,true,1,2011329
4000576030605,false,קוסמאה מגן תחתון קומפורט לארג' 48 יח',,,קוסמאה מגן תחתון,יח',48.00,יח',false,,12.90,0.2688,true,1,1986361
4000576034986,false,קוסמאה מגן תחתון קומפורט לונג פלוס 40 יח',,,תחתונית קומפורט תה ל,יח',40.00,יח',false,,19.90,0.4975,true,1,2048343
4000576113056,false,צמר גפן פרוס 80 גר',ג'ין קרול Jean Carol,,צמר גפן,גרמים,80.00,100 גרם,false,,5.90,0.0738,true,1,1155470
4000576399405,false,פדים רחבים להסרת איפור,ג'ין קרול Jean Carol,CN,פדים להסרת איפור רחב,יח',40.00,יח',false,,8.90,0.2225,true,1,1155473
4000576560164,false,תחבושות סופר,,,תחבושות סופר,יח',16.00,יח',false,,9.90,0.6188,true,1,2048344
4000607850004,false,שוגטן שוקולד קוביות,לודוויג שוקולד,,שוקולד שוגטן חלב 100,גרמים,100.00,100 גרם,false,,5.90,0.0590,true,1,1173116
4000607851001,false,שוקולד חלב עם אגוזי לוז,לודוויג שוקולד,DE,שוקולד שוגטן חלב אגו,גרמים,100.00,100 גרם,false,,5.90,0.0590,true,1,1173117
4000607852008,false,שוקולד שוגטן מריר 10,לודוויג שוקולד,DE,שוקולד שוגטן מריר 10,גרמים,100.00,100 גרם,false,,5.90,0.0590,true,1,1173118
4000607854705,false,שוקולד שוגטן יוגורט,לודוויג שוקולד,DE,שוקולד שוגטן יוגורט,גרמים,100.00,100 גרם,false,,5.90,0.0590,true,1,1173120
4001507161948,false,קווקר פתיתי שיבולת שועל דקה 500 גר,פורטין מולנברקה ג'ב,DE,פתיתי שיבולת שועל דק,גרמים,500.00,100 גרם,false,,5.90,0.0118,true,1,1363785
4001507161955,false,קווקר פתיתי שיבולת שועל עבה 500 גר,פורטין מולנברקה ג'ב,DE,פתיתי שיבולת שועל עב,גרמים,500.00,100 גרם,false,,5.90,0.0118,true,1,1641913
4002448017684,false,"סיליט באנג ספריי רב שימושי כתום 750 מ""ל",הדקלאים אגודת שיתופי,PL,סיליט מסיר אבנית שרוול 75,מיליליטרים,750.00,"100 מ""ל",false,,14.90,0.0199,true,1,1159831
4002448019480,false,"סיליט באנג מסיר שומנים רב שימושי 750 מ""ל",סיליט באנג Cillit Bang,PL,סיליט ספרי שומנים 750 שרו,מיליליטרים,750.00,"100 מ""ל",false,,14.90,0.0199,true,1,1159832
4002575016253,false,מרציפן מצופה שוקולד,הדקלאים אגודת שיתופי,DE,מרציפן 100 גרם,גרמים,100.00,100 גרם,false,,8.90,0.0890,true,1,1174067
4002590000022,false,סוכריות קלפני פירות יער אוכמניות 150 ג',ליימן מותגים,DE,קלפני פירות אוכמניות 150,גרמים,150.00,100 גרם,false,,8.90,0.0593,true,1,1174071
4002590000039,false,סוכריות קלפני הדרים 150 ג',ליימן מותגים,,סוכריות בטעם פרי הדר,גרמים,150.00,100 גרם,false,,8.90,0.0593,true,1,1174072
4002590000633,false,סוכריות קלפני פירות 150 גרם,ליימן מותגים,DE,סוכריות קלפני פירות 150 ג,גרמים,150.00,100 גרם,false,,8.90,0.0593,true,1,1174075
4002590703541,false,קלפני סוכריות קשות בטעם תות,ליימן מותגים,DE,סוכריות קלפני בטעם ת,גרמים,150.00,100 גרם,false,,8.90,0.0593,true,1,2101026
4002603087767,false,אייסקונפקט סילנדר 800ג',,,שוקולד אייסקונפקט 80,גרמים,800.00,100 גרם,false,,39.90,0.0499,true,1,1184420
4002720005736,false,קפה לפילטר מליטה 250 גרם PREMIUM,המאפיה של הרמן,DE,מליטה קפה PREMIUMלפילטר 2,גרמים,250.00,100 גרם,false,,14.90,0.0596,true,1,1199722
4004666042004,false,משמיד עובש עם מרסס מלרוד Mellerud,יעקובי,DE,מלרוד מרסס 0.5 ליטר,מיליליטרים,500.00,"100 מ""ל",false,,34.90,0.0698,true,1,1173225
4004666111656,false,"ג'ל פעיל להשמדת עובש 250 מ""ל מרלוד",מלרוד,DE,מלרוד ג'ל פעיל להשמד,מיליליטרים,250.00,"100 מ""ל",false,,29.90,0.1196,true,1,2105683
4005808128631,false,ניוואה 500 גל רחצה לגבר תמציות ליים,ביירסדורף,DE,N SPORT SHOWER GEL BODY&H,מיליליטרים,500.00,"100 מ""ל",false,,14.90,0.0298,true,1,1181096
4005808170005,false,"קצף גילוח ניוואה 200 מ""ל",ניוואה Nivea,DE,קצף גילוח ניוואה,מיליליטרים,200.00,"100 מ""ל",false,,19.90,0.0995,true,1,1181097
4005808222698,false,ניוואה לגבר- קצף גילוח לבעלי עור רגיש,ביירסדורף,DE,ניוואה לגבר- קצף גילוח לב,מיליליטרים,200.00,"100 מ""ל",false,,19.90,0.0995,true,1,1225177
4005808229390,false,ניוואה מן ג'ל רחצה לגבר קול 500מל,ניוואה Nivea,DE,NBC FOR MEN - KOOL KICK 5,מיליליטרים,500.00,"100 מ""ל",false,,14.90,0.0298,true,1,1181101
4005808293469,false,"ניוואה - דאודורנט ספריי לגבר יבש 150 מ""ל",BEIERSDORF MANUFACTU,DE,ניוואה דאו ספרי גבר,מיליליטרים,150.00,"100 מ""ל",false,,19.90,0.1327,true,1,2094414
4005808366392,false,שפתון כחול בליסטר לבלו,טרופיקל דגיל תעשיות,DE,שפתון לבלו כחול,יחידה,0.00,יחידה,false,,9.90,0.0000,true,1,1349797
4005808502004,false,לבלו שפתון סופט ורוד בליסטר 5.5מל,ביירסדורף,DE,לבלו ורוד בליסטר,יחידה,0.00,יחידה,false,,9.90,0.0000,true,1,1181118
4005808588640,false,"ניוואה קרם גילוח לעור רגיש 100 מ""ל",ביירסדורף,DE,קרם גילוח לעור רגיש,יחידה,0.00,יחידה,false,,12.90,0.0000,true,1,1225165
4005808650712,false,שפתון לבלו דובדבן ל,ביסיצורי,,שפתון לבלו דובדבן,מיליליטרים,5.50,"100 מ""ל",false,,9.90,1.8000,true,1,2151327
4005808698103,false,ניוואה תחליב גוף סמוד לעור יבש 500 מל,בטר אנד דיפרנט,DE,ניוואה קרם גוף סמוד,מטרים,500.00,100 מ'ל,false,,24.90,0.0498,true,1,2036155
4005808817306,false,ניוואה גל גילוח להרגשה קרירה 200מל,ניוואה Nivea,DE,ג'ל גילוח ניוואה,מיליליטרים,200.00,"100 מ""ל",false,,19.90,0.0995,true,1,1181150
4005808817405,false,ניוואה גל גילוח לעור רגיש 200 מל,פרוטרופיק סיה.,DE,ג'ל גילוח לעור רגיש ניווא,מיליליטרים,200.00,"100 מ""ל",false,,19.90,0.0995,true,1,1181151
4005808817726,false,קרם גילוח לעור רגיל,ניוואה Nivea,DE,קרם גילוח לעור רגיל,מיליליטרים,100.00,"100 מ""ל",false,,12.90,0.1290,true,1,1181153
4005808828838,false,"ניוואה - דאודורנט ספריי לגבר קול קיק 150 מ""ל",ניוואה Nivea,DE,DEO AQUA COOL SPRAY 150ML,מיליליטרים,150.00,"100 מ""ל",false,,19.90,0.1327,true,1,1181154
4005808837359,false,"ניוואה - דאודורנט רול און לאישה פרל אנד ביוטי 50 מ""ל",ביירסדורף AG,DE,N. DEO PEARL&BEAUTY ROLL-,מיליליטרים,50.00,"100 מ""ל",false,,19.90,0.3980,true,1,1181159
4005808850723,false,לבלו שפתון תות בליסטר,טרופיקל דגיל תעשיות,DE,לבלו תות בליסטר,מיליליטרים,5.50,"100 מ""ל",false,,9.90,1.8000,true,1,1181167
4005808850907,false,לבלו הידרו קר בליסטר 5.5מל,ביירסדורף,DE,שפתון לבלו הידרו קר,יחידה,0.00,יחידה,false,,9.90,0.0000,true,1,2033324
4005808851515,false,שפתון לבלו גבר בליסט,אלפא,,שפתון לבלו לגבר,יחידה,0.00,יחידה,false,,9.90,0.0000,true,1,2033332
4005808890507,false,קרם ניוואה סופט צנצנת 200 מל,ניוואה Nivea,IT,"קרם סופט 200 מ""ל",מיליליטרים,200.00,"100 מ""ל",false,,29.90,0.1495,true,1,1181175
4005900036445,false,"ניוואה - דאודורנט רול און לאישה בלק&וויט פיור 50 מ""ל",ביירסדורף,DE,ניוואה דאו רול און ל,יחידה,1.00,יחידה,false,,19.90,19.9000,true,1,1208341
4005900036476,false,"ניוואה - דאודורנט רול און לאישה בלק אנד וויט קליר 50 מ""ל",טרופיקל דגיל תעשיות,DE,NDEO RLL-ON INV BLC&WHT C,מיליליטרים,50.00,"100 מ""ל",false,,19.90,0.3980,true,1,1181183
4005900138842,false,"ניוואה - תחליב רחצה סמוט 750 מ""ל",ניואה,DE,ניוואה SMOOTHתחליב ר,מיליליטרים,750.00,"100 מ""ל",false,,19.90,0.0265,true,1,2076039
4005900420220,false,"גל רחצה ניוואה פיור אימפקט לגבר 500 מ""ל",ניואה,,ניוואה 500גל רחצה לג,מיליליטרים,500.00,"100 מ""ל",false,,14.90,0.0298,true,1,2085507
4005900431776,false,לבלו שפתון וניל בליסטר,beiersdorf,DE,שפתון לבלו וניל,יחידה,0.00,יחידה,false,,9.90,0.0000,true,1,2033334
4005900513045,false,"ניוואה - דאודורנט ספריי לגבר דיפ 150 מ""ל",ביירסדורף,DE,ניוואה ספריי דיפ לגב,מיליליטרים,150.00,"100 מ""ל",false,,19.90,0.1327,true,1,1778601
4005900513069,false,"ניוואה - דאודורנט רול און לגבר דיפ 50 מ""ל",ביירסדורף,DE,ניוואה רול און דיפ ל,מיליליטרים,50.00,"100 מ""ל",false,,19.90,0.3980,true,1,1778606
4005900525017,false,"קרם פנים ליום ניוואה אנטי אייג 50 מ""ל",,DE,קרם יום למניעת קמטים,מיליליטרים,50.00,"100 מ""ל",false,,59.90,1.1980,true,1,1908223
4005900542557,false,"ניוואה - דאודורנט רול און לאישה בלק אנד וויט 50 מ""ל",ניואה,DE,ניוואה דאו רול און ל,מיליליטרים,50.00,"100 מ""ל",false,,19.90,0.3980,true,1,2060726
4005900683878,false,לבלו סקראב שפתון פילינג אלוורה בליסטר,ביירסדורף,DE,שפתון לבלו סקראב אלו,יחידה,0.00,יחידה,false,,9.90,0.0000,true,1,2033325
4005900874962,false,"ניוואה - דאודורנט רול און לגבר דיפ בלק 50 מ""ל",ביירסדורף AG,DE,ניוואה דאו רול רול-א,מיליליטרים,50.00,"100 מ""ל",false,,19.90,0.3980,true,1,2127447
4005900978950,false,לבלו - דובדבן שפתון לחות מטפח מהדורת נסיכות דיסני,ביירסדורף,DE,שפתון לבלו דיסני,יחידה,0.00,יחידה,false,,9.90,0.0000,true,1,2148930
4005900978967,false,לבלו - וניל שפתון לחות מטפח מהדורת נסיכות דיסני,ביירסדורף,DE,שפתון לבלו דיסני,יחידה,0.00,יחידה,false,,9.90,0.0000,true,1,2148931
4005900978974,false,לבלו - סופט רוז שפתון לחות מטפח מהדורת נסיכות דיסני,ביירסדורף,DE,שפתון לבלו דיסני,יחידה,0.00,יחידה,false,,9.90,0.0000,true,1,2148932
4006508177325,false,מטליות לניקוי משקפיים,סווירל Swirl,,מטליות למשקפיים,יח',30.00,יח',false,,13.90,0.4633,true,1,1177381
4007519050713,false,שקיות אשפה עם שרוך חזקות במיוחד 35 ליטר,פאלי Pely,DE,שקיות אשפה 35 ל,יח',25.00,יח',false,,9.90,0.3960,true,1,1155495
4007519050720,false,שקיות אשפה עם שרוך חזקות במיוחד 60 ליטר,פאלי Pely,DE,שקיות אשפה 60 ל,יח',20.00,יח',false,,9.90,0.4950,true,1,1155496
4007519050744,false,שקיות אשפה עם שרוך חזקות במיוחד 120 ליטר,פאלי Pely,DE,שקיות אשפה 120 ל,יח',10.00,יח',false,,9.90,0.9900,true,1,1155497
4007519086224,false,פלי שקיות אשפה ריחניות 20 ליטר 22 יח,וו.פלץ,DE,שקיות אשפה 20 ל ריחנ,יחידה,0.00,יחידה,false,,10.90,0.0000,true,1,1155500
4007519086262,false,פלי שקיות אשפה ריחניות 22 יח 60 ל,וו.פלץ,DE,שקיות אשפה 60 ל ריחנ,יחידה,0.00,יחידה,false,,10.90,0.0000,true,1,1155502
4007745058811,false,חרדל צרפתי חלק אורגני 200 גרם,נטורפוד,DE,חרדל אורגני נטורפוד,גרמים,200.00,100 גרם,false,,13.90,0.0695,true,1,1346844
4008102002867,false,מילפורד תה גרגרים בטעם לימון 400גר',ליימן מותגים,DE,תה לימון 400 גרם,גרמים,400.00,100 גרם,false,,14.90,0.0373,true,1,1174082
4008287058161,false,בירה קרומבאכר פילס 4.8% שישיה 6 * 330 מל,מנדלז סי.אר. פרודקשן,DE,בירה קרומבאכר פילס ש,ליטרים,1.98,ליטר,false,,29.90,15.1010,true,1,2067105
4009300522935,false,תה פומפדור תה ירוק לימונית ולואיזה 20 יח',"איטיליאן פוד, אס.פי.",DE,פומפדור תה ירוק עם לימוני,גרמים,30.00,100 גרם,false,,14.90,0.4967,true,1,1185736
4009300522966,false,פומפדור תה ירוק נענע 20 שקיקים,"איטיליאן פוד, אס.פי.",DE,פומפדור תה ירוק נענע,גרמים,30.00,100 גרם,false,,14.90,0.4967,true,1,1185737
4009300524588,false,תה פומפדור חליטת צמחים פירות יער 20 יח',פומפדור Pompadour,DE,פומפדור חליטת צמחים פירות,גרמים,60.00,100 גרם,false,,11.90,0.1983,true,1,1185739
4009300524625,false,תה פומפדור צאי מסאלה 20 שקיקים,פומפדור Pompadour,DE,פומפדור צאי מסאלה,גרמים,40.00,100 גרם,false,,11.90,0.2975,true,1,1185740
4009300525011,false,פומפידור תה ירוק עם תפוז וג'ינגר 25 שקיקים,"איטיליאן פוד, אס.פי.",DE,פומפדור תה ירוק תפוז גינג,גרמים,30.00,100 גרם,false,,14.90,0.4967,true,1,1185742
4009300525684,false,תה חליטת פומפדור לימון וגינגיר 20 יח,פומפדור Pompadour,DE,פומפדור חליטת צמחים גי'נג,גרמים,35.00,100 גרם,false,,11.90,0.3400,true,1,1185744
4009300526438,false,פומפדור תה ירוק קלאסי 30 גרם,"איטיליאן פוד, אס.פי.",DE,פומפדור תה ירוק קלאסי 30,גרמים,30.00,100 גרם,false,,14.90,0.4967,true,1,1211628
4009300527909,false,חליטת צמחים ג'ינג'ר כורכום ללא קפאין,פומפדור Pompadour,DE,חליטת פומפדור ג'ינג',גרמים,35.00,100 גרם,false,,11.90,0.3400,true,1,1579879
4009300528821,false,תה ירוק ג'ינג'ר קינמון פומפדור 30 ג',פומפדור Pompadour,,תה ירוק פומפדור ג'ינ,גרמים,30.00,100 גרם,false,,14.90,0.4967,true,1,1962871
4009300528845,false,"פומפדור תה ירוק עם לימונית דבש 30 מ""ל",פומפדור Pompadour,,תה ירוק פומפדור לימו,גרמים,30.00,100 גרם,false,,14.90,0.4967,true,1,1962872
4009300529552,false,תה חליטת פומפדור פירות אפרסק 20 יח,TEEKANNE- POMPADOU,DE,פומפדור חליטת פירות,גרמים,50.00,100 גרם,false,,14.90,0.2980,true,1,2128126
4009300529576,false,תה חליטת פומפדור פירות רימונים 20 יח,TEEKANNE- POMPADOU,DE,חליטת פומפדור 30 גרם,גרמים,50.00,100 גרם,false,,11.90,0.2380,true,1,2084789
4009300529613,false,"חליטת צמחים אורגנית עם קמומיל, מליסה ויערת דבש","איטיליאן פוד, אס.פי.",DE,חליטת פומפדור קאלם א,גרמים,36.00,100 גרם,false,,19.90,0.5528,true,1,2040869
4009300529651,false,"חליטת צמחים אורגניצת עם ג'ינג'ר, לימון וכורכום",פומפדור Pompadour,DE,חליטת פומפדור ג'ינג',גרמים,36.00,100 גרם,false,,19.90,0.5528,true,1,2040870
4009300529699,false,"חליטת צמחים אורגנית עם מאטה, נענע וגרידת לימון","איטיליאן פוד, אס.פי.",DE,חליטת פומפדור סטארט,גרמים,36.00,100 גרם,false,,19.90,0.5528,true,1,2040871
4009300530121,false,חליטה קרה בטעמי אפרסק ופסיפלורה פומפדור 45 ג',פומפדור,DE,תה פומפדור חליטה קרה,גרמים,30.00,100 גרם,false,,14.90,0.4967,true,1,2068993
4009300530183,false,תה חליטת פומפדור תפוז ספרדי 20 יח,,,תה פומפדור חליטה תפו,גרמים,44.00,100 גרם,false,,11.90,0.2705,true,1,2147663
4009300530206,false,תה חליטת פומפדור תפוח טורקי 20 יח,,,תה פומפדור חליטה תפו,גרמים,50.00,100 גרם,false,,11.90,0.2380,true,1,2147664
4009300530275,false,תה חליטת פומפדור מנטה מרוקאית 20 יח,,,תה פומפדור חליטה מנט,גרמים,36.00,100 גרם,false,,11.90,0.3306,true,1,2147665
4009300595106,false,חליטת צמחים קמומיל דבש פומפדור 45 ג',,,חליטת פומפדור קמומיל,גרמים,30.00,100 גרם,false,,11.90,0.3967,true,1,2020541
4009300595120,false,חליטת צמחים בטעם ג'ינג'ר מנגו פומפדור 45 ג',TEEKANNE- POMPADOU,,חליטת פומפדור ג'ינג',גרמים,30.00,100 גרם,false,,11.90,0.3967,true,1,2020542
4009900385824,false,מסטיק אורביט פפרמינט סטיקס משפחתי-חמישיות,אורביט Orbit,DE,מסטיק אורביט סטיקס ח,גרמים,65.00,100 גרם,false,,9.90,0.1523,true,1,1184087
4009900402965,false,אורביט וויט בטעם פירות בקבוקון 46מלבניות,ריגלי פולין,PL,מסטיק אורביט White ב,גרמים,64.00,100 גרם,false,,9.90,0.1547,true,1,1184090
4009900403023,false,אורביט וויט בטעם מנטה בקבוקון 46 מלבניות,"ב.א מזון בע""מ",PL,מסטיק אורביט בקבוקון,גרמים,64.00,100 גרם,false,,9.90,0.1547,true,1,1184091
4009900420129,false,מסטיק אורביט פרופשנל פפרמינט בקבוקון 64 גר',מרס נדרלנד,PL,מסטיק אורביט פפרמינט,גרמים,64.00,100 גרם,false,,9.90,0.1547,true,1,1868651
4009900426121,false,מסטיק אורביט איירוויז בקבוקון אוכמניות 64ג',איירוויבס Airwaves,PL,מסטיק איירוויבז בקבו,גרמים,64.00,100 גרם,false,,9.90,0.1547,true,1,1360790
4009900465304,false,סוכריות סקיטלס פירות חמוצים 174 גרם,ריגלי ממתקים,CZ,סוכריות סקיטלס חמוצי,גרמים,174.00,100 גרם,false,,8.90,0.0511,true,1,1240307
4009900479998,false,אורביט וויט אוכמניות בקבוקון 46 מלבניות,ריגלי פולין,PL,מסטיק אורביט White ב,גרמים,64.00,100 גרם,false,,9.90,0.1547,true,1,1213640
4009900482417,false,מסטיק אורביט פירות מנטה בקבוקון באבל מינט 45יח,ריגלי פולין,PL,מסטיק אורביט באבל מי,גרמים,64.00,100 גרם,false,,9.90,0.1547,true,1,1184119
4009900484060,false,מסטיק אורביט פרופשיונל בטעם מנטה ללא סוכר,אורביט Orbit,GB,מסטיק אורביט פפרימינ,גרמים,84.00,100 גרם,false,,12.90,0.1536,true,1,1184121
4009900484091,false,מסטיק אורביט פרופשיונל בטעם מנטה ללא סוכר,אורביט Orbit,GB,מסטיק אורביט ספירימנ,גרמים,84.00,100 גרם,false,,12.90,0.1536,true,1,1184122
4009900484305,false,מסטיק אורביט פרופשיונל סוויטמינט ביגי לבן 60יח',אורביט Orbit,GB,מסטיק אורביט אקליפטו,גרמים,84.00,100 גרם,false,,12.90,0.1536,true,1,1184123
4009900487283,false,אורביט ילדים קלאסי סט' משפחתי-חמישיות,אורביט Orbit,,מסטיק אורביט סטיקס ח,גרמים,65.00,100 גרם,false,,9.90,0.1523,true,1,1184124
4009900491044,false,מסטיק איירובס אוכמניות בקבוקון 60יח',איירוויבס Airwaves,GB,מסטיק אורביט אוכמניו,גרמים,84.00,100 גרם,false,,12.90,0.1536,true,1,1893380
4009900496247,false,"מסטיק אורביט לל""ס מלבניות בקבוק בבלימנט 60 יח",אורביט Orbit,GB,מסטיק אורביט פפרימינ,גרמים,84.00,100 גרם,false,,12.90,0.1536,true,1,1463381
4009900500166,false,סוכריות פירות אדום סקיטלס בקבוקון 125ג',ריגלי ממתקים,CZ,סוכריות סקיטלס בקבוק,גרמים,125.00,100 גרם,false,,8.90,0.0712,true,1,1398743
4009900531122,false,"מסטיק בטעם מנטה ספירמינט, 64 ג' פרופשיונל אורפיט",מרס נדרלנד,PL,מסטיק אורביט ספירמינ,גרמים,64.00,100 גרם,false,,9.90,0.1547,true,1,1868652
4009900532327,false,סוכריות סקיטלס סמודיס בטעמי יוגורט ופירות,סקיטלס Skittles,GB,סוכריות סקיטלס סמודי,גרמים,38.00,100 גרם,false,,2.90,0.0763,true,1,1893382
4009900534611,false,מסטיק איירוויבז בקבוקון בטעם מלון ומנטה,ריגלי,PL,מסטיק איירוויבז בקבו,גרמים,64.00,100 גרם,false,,9.90,0.1547,true,1,2007822
4009900534918,false,סקיטלס גאיינט פירות 141 גרם,ריגלי,CZ,סוכריות סקיטלס ג'יינ,גרמים,141.00,100 גרם,false,,8.90,0.0631,true,1,2074561
4009900535519,false,מסטיק אורביט רפרשרס ספירמינט ללא סוכר 15.6גר',אורביט,PL,מסטיק אורביט ללא סוכ,גרמים,15.60,100 גרם,false,,3.90,0.2500,true,1,2070737
4009900535540,false,מסטיק אורביט רפרשרס פפרמינט ללא סוכר 15.6גר',אורביט,PL,מסטיק אורביט ללא סוכ,גרמים,15.60,100 גרם,false,,3.90,0.2500,true,1,2070746
4009900535823,false,מסטיק אורביט רפרשרס באבלמינט ללא סוכר 15.6גר',אורביט,PL,מסטיק אורביט ללא סוכ,גרמים,15.60,100 גרם,false,,3.90,0.2500,true,1,2070747
4009900536288,false,מסטיק אורביט רפרשרס פפרמינט בקבוקון ללא סוכר 67 גר',מרס ריגלי קונפקשונרי,PL,מסטיק אורביט ללא סוכ,גרמים,67.00,100 גרם,false,,10.90,0.1627,true,1,2070739
4009900536486,false,מסטיק אורביט רפרשרס באבלמינט בקבוקון ללא סוכר 67 גר',מרס ריגלי קונפקשונרי,PL,מסטיק אורביט ללא סוכ,גרמים,67.00,100 גרם,false,,10.90,0.1627,true,1,2070740
4009900539401,false,מסטיק פייב באונס בטעם מנטה HP,מרס,PL,מסטיק פייב באונס בטע,גרמים,14.40,100 גרם,false,,3.90,0.2708,true,1,2113897
4009900539432,false,מסטיק פייב באונס בטעם אבטיח HP,מרס,PL,מסטיק פייב באונס בטע,גרמים,14.40,100 גרם,false,,3.90,0.2708,true,1,2113898
4009900539685,false,"מסטיק פייב באונס בטעם מנטה בקבוקון, 61.8 גרם",ריגלי בעמ רוסיה,PL,מסטיק פייב באונס בטע,גרמים,61.80,100 גרם,false,,10.90,0.1764,true,1,2113889
4009900539746,false,"מסטיק פייב באונס בטעם אבטיח בקבוקון, 61.8 גרם",ריגלי בעמ רוסיה,PL,מסטיק פייב באונס בטע,גרמים,61.80,100 גרם,false,,10.90,0.1764,true,1,2113890
4009900540551,false,מסטיק אורביט רפרשרס טרופיקל בקבוקון ללא סוכר,מרס פולין,PL,מסטיק אורביט ללא סוכ,גרמים,67.00,100 גרם,false,,10.90,0.1627,true,1,2108737
4010492055309,false,אתנה הודו לחתולים,אתנה Athena,,אתנה הודו 100ג',גרמים,100.00,100 גרם,false,,4.90,0.0490,true,1,2145394
4010492057006,false,אתנה קיטן עוף לחתולים,אתנה Athena,DE,אתנה קיטן עוף 100ג',גרמים,100.00,100 גרם,false,,4.90,0.0490,true,1,2145395
4010492963147,false,אתנה סטיק קואטרו לחתול,אתנה Athena,,אתנה סטיק קואטרו 40ג,גרמים,40.00,100 גרם,false,,16.90,0.4225,true,1,2145399
4011800528416,false,קורני חטיף דגנים עם בוטנים מתוק-מלוח*6,קורני Corny,DE,חטיף קורני דגנים עם,גרמים,150.00,100 גרם,false,,9.90,0.0660,true,1,1998143
4011800567613,false,קורני סנדוויץ שחור לבן 4 יחידות,מיוצר עי קונדיטוריית,DE,קורני סנדוויץ שחור ולבן ע,גרמים,120.00,100 גרם,false,,9.90,0.0825,true,1,1199756
4011800577810,false,קורני פרי (6) נוגט 120 גרם,Schwartauer,DE,חטיף קורני נוגט 6 יח,גרמים,120.00,100 גרם,false,,9.90,0.0825,true,1,2097048
4011800617813,false,קורני ביג בראוני 50 גר,שוורטאוור וורקה,DE,קורני ביג ביג בראוני,גרמים,50.00,100 גרם,false,,3.90,0.0780,true,1,2023868
4011800617912,false,1X24X50G קורני ביג נאטס,שוורטאוור וורקה,DE,קורני ביג ביג נאטס,גרמים,50.00,100 גרם,false,,3.90,0.0780,true,1,2023875
4011800628512,false,חטיף קורני שוקולד חלב 6 יח 150 גר,מיוצר עי קונדיטוריית,DE,קורני עם שוקולד חלב - 1X6,גרמים,150.00,100 גרם,false,,9.90,0.0660,true,1,1199778
4011800630515,false,חטיף קורני שוקולד חלב ובננה 6 יח 150 גר,מיוצר עי קונדיטוריית,DE,קורני עם שוקולד חלב ובננה,גרמים,150.00,100 גרם,false,,9.90,0.0660,true,1,1199780
4011800633516,false,קורני שוקולד מריר מעולה 58% קקאו 6*1,שוורטאוור וורקה,DE,קורני עם שוקולד מריר מעול,גרמים,138.00,100 גרם,false,,9.90,0.0717,true,1,1199783
4011800635510,false,חטיף קורני Corny Free עם אגוזי לוז ללא תוספת סוכר,קורני Corny,DE,"קורני ""פרי ""עם אגוזים ושק",גרמים,120.00,100 גרם,false,,9.90,0.0825,true,1,1199784
4012273123009,false,נטרוגינה קרם ידיים 50 מל הסדרה הנורבגית,גונסון אנד גונסון,FR,נוטרוגינה ס.נורבגית קרם י,מיליליטרים,50.00,"100 מ""ל",false,,21.90,0.4380,true,1,2047655
4012839597596,false,כבד דג שיבוט רויגן,רוג'ין פיש,IS,כבד דג שיבוט בשמן,גרמים,121.00,100 גרם,false,,9.90,0.0818,true,1,2129190
4013197766976,false,סוכריות קוונדיש תפוז 200ג' (9),,,סוכריות פחיות טעם תפ,גרמים,200.00,100 גרם,false,,9.90,0.0495,true,1,1184426
4013197767010,false,סוכריות פח 200 גר' פירות מעורב,יושלם,,סוכריות פחיות טעם פי,גרמים,200.00,100 גרם,false,,9.90,0.0495,true,1,1184427
4013197767027,false,סוכריות פח 200 גר' דובדבן,יושלם,,סוכריות פחיות טעם דו,גרמים,200.00,100 גרם,false,,9.90,0.0495,true,1,1184428
4013197767034,false,סוכריות פח 200 גר'' לימון,יושלם,,סוכריות פחיות טעם לי,גרמים,200.00,100 גרם,false,,9.90,0.0495,true,1,1184429
4013197767119,false,סוכריות פח 200 גר' מנטה,יושלם,,סוכריות פחיות טעם מנ,גרמים,200.00,100 גרם,false,,9.90,0.0495,true,1,1184433
4013227013391,false,משקה כהלי קרם אוטום כשר,קרם אוטום Autumn cream,NL,משקה קרם אוטום.,מיליליטרים,700.00,"100 מ""ל",false,,39.90,0.0570,true,1,1181274
4014400904277,false,סוכריות שטרוק אייס פרש בשקית 425 גרם,תות ממתקי איכות,DE,סוכריות אייס פרש בשקית 42,גרמים,425.00,100 גרם,false,,14.90,0.0351,true,1,1174097
4014400904307,false,סוכריות שטרוק קליפורניה 425 גרם,קריניציה ויטמינה אס,DE,סוכריות קליפורניה 425 גרם,גרמים,425.00,100 גרם,false,,14.90,0.0351,true,1,1174098
4014400904376,false,סוכריות טופי שוקולדן שטורק 325 ג',קריניציה ויטמינה אס,DE,סוכריות שוקולדן 325 גרם,גרמים,325.00,100 גרם,false,,14.90,0.0458,true,1,1174100
4014400904390,false,סוכריות וולמילש ממולא ט.חלב 325גרם,קריניציה ויטמינה אס,DE,סוכריות וולמילש 325 גרם,גרמים,325.00,100 גרם,false,,14.90,0.0458,true,1,1174101
4014400907902,false,סוכריות חמאה ללא סוכר בטעם קרמל בקופסא,תות ממתקי איכות,DE,סוכריות וורטר בוקס ללא סו,גרמים,42.00,100 גרם,false,,6.90,0.1643,true,1,1174102
4014400910063,false,סוכריות וורטר אורגינל שקית 135 גרם,ליימן מותגים,DE,סוכריות וורטר אורגינל שקי,גרמים,135.00,100 גרם,false,,9.90,0.0733,true,1,1174107
4014400913910,false,וורטר אוריגינל במילוי קרם 125 גרם,תות ממתקי איכות,DE,וורטר אוריגינל במילוי קרם,גרמים,125.00,100 גרם,false,,9.90,0.0792,true,1,1174108
4014400914696,false,וורטרס אורגינל סוכריות ללא סוכר 80 גרם,ליימן מותגים,DE,סוכריות חמאה וורטר אור לל,גרמים,70.00,100 גרם,false,,7.90,0.1129,true,1,1174109
4014400914924,false,סוכריות וורטר אורגינל ללא סוכר קפה 80 ג',קריניציה ויטמינה אס,DE,סוכריות וורטר ללא סוכר ק,גרמים,80.00,100 גרם,false,,7.90,0.0988,true,1,1174110
4014400920857,false,סוכריות וורטר Werther's בטעם שוקולד ללא סוכר,קריניציה ויטמינה אס,DE,וורטר סוכריות טעם שו,גרמים,70.00,100 גרם,false,,7.90,0.1129,true,1,1243363
4014400925319,false,וורטרס אורגינל פופקורן קרמל 140 גרם,וורטרס Werther's,DE,פופקורן קרמל וורטר,גרמים,140.00,100 גרם,false,,14.90,0.1064,true,1,2100075
4014400931327,false,ורטרס אורגינל פופקורן עם קרמל זרעי דלעת 1/12,וורטרס Werther's,DE,פופקורן וורטר בציפוי,גרמים,140.00,100 גרם,false,,14.90,0.1064,true,1,2112713
4015000031394,false,"ספטיל - משחה להסרת כתמים 200 מ""ל",ספטיל saptil,IL,משחה להסרת כתמים ספטיל 20,גרמים,200.00,100 גרם,false,,14.90,0.0745,true,1,1206185
4015000280211,false,"פה - דאודורנט רול און לאישה קאריביין לימון 50 מ""ל",שוורצקוף& הנקל דיסלד,DE,פה דאודורנט רולאון קריביא,מיליליטרים,50.00,"100 מ""ל",false,,15.90,0.3180,true,1,1170616
4015000280372,false,"פה - דאודורנט רול און לגבר ספורט 50 מ""ל",שוורצקופף והנקל,DE,פה דאודורנט רולאון ספורט,מיליליטרים,50.00,"100 מ""ל",false,,15.90,0.3180,true,1,1170617
4015000519915,false,"פה - דאודורנט ספריי לאישה פינק פרדייס 200 מ""ל",שוורצקופף והנקל,DE,פה דאודורנט ספריי פינק פש,מיליליטרים,200.00,"100 מ""ל",false,,15.90,0.0795,true,1,1170623
4015000615891,false,"פה - דאודורנט ספריי לאישה אקווה 200 מ""ל",שוורצקופף והנקל,DE,פה דאודורנט ספריי אקווה 2,מיליליטרים,200.00,"100 מ""ל",false,,15.90,0.0795,true,1,1170658
4015000615921,false,"פה - דאודורנט ספריי לגבר ספורט 200 מ""ל",שוורצקופף והנקל,DE,פה דאודורנט ספריי ספורט 2,מיליליטרים,200.00,"100 מ""ל",false,,15.90,0.0795,true,1,1170659
4015000940948,false,מרכך גליס Gliss שיקום נזק קיצוני אולטימט ריפייר,שוורצקוף Schwarzkopf,DE,גליס מרכך אולטימט ריפייר,מיליליטרים,400.00,"100 מ""ל",false,,18.90,0.0472,true,1,1170678
4015000940955,false,שמפו גליס Gliss שיקום נזק קיצוני אולטימט ריפייר,שוורצקופף והנקל,DE,גליס שמפו אולטימיט ריפייר,מיליליטרים,400.00,"100 מ""ל",false,,18.90,0.0472,true,1,1170679
4015000976268,false,שמפו גליס Gliss למראה שיער מבריק Million Gloss,שוורצקופף והנקל,DE,גליס שמפו מיליון גלוס 400,מיליליטרים,400.00,"100 מ""ל",false,,18.90,0.0472,true,1,1170723
4015000976275,false,מרכך גליס Gliss למראה שיער מבריק Million Gloss,שוורצקופף והנקל,DE,גליס מרכך מיליון גלוס 400,מיליליטרים,400.00,"100 מ""ל",false,,18.90,0.0472,true,1,1170724
4015000995122,false,"דאודורנט פה ספריי כח המשיכה 200 מ""ל",שוורצקופף והנקל,DE,פה דאודורנט ספריי כח המשי,מיליליטרים,200.00,"100 מ""ל",false,,15.90,0.0795,true,1,1170730
4015000996235,false,"גליס - מרכך משקם אקספקס תמצית שמן אולטימטיבי 200 מ""ל",הנקל סוד,DE,גליס קונדישנר משקם אקספרס,מיליליטרים,200.00,"100 מ""ל",false,,24.90,0.1245,true,1,1170732
4015000997430,false,פה דאודורנט ספריי אינויזיבל פאוור 200 מל,שוורצקופף והנקל,DE,פה דאודורנט ספריי אינוויז,מיליליטרים,200.00,"100 מ""ל",false,,15.90,0.0795,true,1,1170736
4015100190793,false,גליס מסכה לשיער יבש ופגום במיוחד Ultimate Repair,שוורצקופף והנקל,SK,גליס מסכה,מיליליטרים,200.00,"100 מ""ל",false,,24.90,0.1245,true,1,1577128
4015400564034,false,אולוויז מגן תחתון מגה פק לונג פלוס 58 יח,פרוקטר אנד גמבל,DE,מגן תחתון אולוויז מגה פק,יח',58.00,יח',false,,21.90,0.3776,true,1,1157681
4015400564454,false,מגני תחתון אולוויז לארג' עם ניחוח מגה פק,פרוקטר אנד גמבל,DE,מגן תחתון אולוויז מגה פק,יח',68.00,יח',false,,21.90,0.3221,true,1,1157684
4015400598329,false,תחבושות היגייניות אולטרה - מארז רביעייה,פרוקטר אנד גמבל,DE,אולוויז קוואטרו נורמל + א,יח',56.00,יח',false,,39.90,0.7125,true,1,1157691
4015400598381,false,תחבושות היגייניות אולטרה לונג - מארז קוואטרו 48 יח',פרוקטר אנד גמבל,DE,אולוויז קוואטרו לונג + אי,יח',48.00,יח',false,,39.90,0.8312,true,1,1157692
4015400598411,false,תחבושות היגייניות יום ולילה Day & Night - מארז 40 יח',פרוקטר אנד גמבל,DE,אולוויז קוואטרו לילה אירו,יח',40.00,יח',false,,39.90,0.9975,true,1,1157693
4015400681670,false,תחבושות אולוויז לילה בטוח וליו פק 18 יח,פרוקטר אנד גמבל,HU,אולוויז לילה 18 יח',יח',18.00,יח',false,,19.90,1.1056,true,1,1256988
4015400731719,false,תחבושות היגייניות אולוויז יום ולילה Day & Night,פרוקטר אנד גמבל,DE,אולוויז דואו 20 יחיד,יח',20.00,יח',false,,19.90,0.9950,true,1,1306373
4015400746812,false,מגני תחתון אולוויז נורמל עם ניחוח מגה פק,פרוקטר אנד גמבל,DE,מגן תחתון אולוויז מגה פק,יח',80.00,יח',false,,21.90,0.2737,true,1,1337651
4015400755241,false,תחבושות היגייניות אולוויז אולטרה נורמל - 28 יח',פרוקטר אנד גמבל,DE,אולוויז דואו 28 יחיד,יח',28.00,יח',false,,19.90,0.7107,true,1,1306375
4015400755487,false,תחבושות היגייניות אולוויז אולטרה לונג - 24 יח',פרוקטר אנד גמבל,DE,אולוויז דואו 24 יחיד,יח',24.00,יח',false,,19.90,0.8292,true,1,1306378
4015400824701,false,טמפקס פלאש רגיולר 30 יחידות,פרוקטר אנד גמבל,HU,טמפקס רגולר 30 יחידות,יח',30.00,יח',false,,24.90,0.8300,true,1,1157702
4015400824725,false,טמפקס פלאש סופר 30 יחידות,פרוקטר אנד גמבל,HU,טמפקס סופר 30 יחידות,יח',30.00,יח',false,,24.90,0.8300,true,1,1157703
4015400990482,false,אריאל אבקת כביסה קולור 3 קג,פרוקטר אנד גמבל,,"אריאל 3 ק""ג קולור",קילוגרמים,3.00,"ק""ג",false,,27.90,9.3000,true,1,1284667
4015600762742,false,שמפו יומיומי למניעת קשקשים הנוסחה הקלאסית,פרוקטר אנד גמבל,RO,"ה&ש שמפו קלאסי 500 מ""ל",מיליליטרים,500.00,"100 מ""ל",false,,20.90,0.0418,true,1,1157728
4015600762780,false,שמפו וקונדישינר יומיומי למניעת קשקשים הנוסחה הקלאסית 2in1,פרוקטר אנד גמבל,RO,"ה&ש 2 ב 1 קלאסי 500 מ""ל",מיליליטרים,500.00,"100 מ""ל",false,,20.90,0.0418,true,1,1157729
4015600762902,false,"שמפו מנטול הד אנד שולדרס 500 מ""ל",פרוקטר אנד גמבל,RO,"ה&ש שמפו מנטול 500 מ""ל",מיליליטרים,500.00,"100 מ""ל",false,,20.90,0.0418,true,1,1157732
4015600762940,false,שמפו יומיומי למניעת קשקשים בניחוח תפוח,פרוקטר אנד גמבל,RO,"ה&ש שמפו תפוח 500 מ""ל",מיליליטרים,500.00,"100 מ""ל",false,,20.90,0.0418,true,1,1157733
4015600763022,false,שמפו יומיומי למניעת קשקשים לשיער יבש/פגום לשיער רך כמשי,פרוקטר אנד גמבל,RO,"ה&ש שמפו מגע משי 500 מ""ל",מיליליטרים,500.00,"100 מ""ל",false,,20.90,0.0418,true,1,1157735
4015600766900,false,"שמפו ומרכ ך נגד קשקשים 500 מ""ל הד אנד שולדרס",פרוקטר אנד גמבל,RO,שמפו הד אנד שולדרס 5,מיליליטרים,500.00,"100 מ""ל",false,,20.90,0.0418,true,1,1157741
4015600807436,false,"ג'ילט - דאודורנט ג'ל לגבר כדוריות קול וויב 75 מ""ל",פרוקטר אנד גמבל,GB,דאו ג'ל 75 מל CW-PB חדש,מיליליטרים,75.00,"100 מ""ל",false,,19.90,0.2653,true,1,1211937
4015600807573,false,"ג'ילט - דאודורנט ג'ל לגבר כדוריות פאוור ראש 75 מ""ל",פרוקטר אנד גמבל,GB,דאו ג'ל 75 מל PR-PB חדש,מיליליטרים,75.00,"100 מ""ל",false,,19.90,0.2653,true,1,1211938
4017100198151,false,עוגיות היט Hit קקאו במילוי קרם וניל,הדקלאים אגודת שיתופי,PL,ביסקוויט ממולא קקאו,גרמים,220.00,100 גרם,false,,7.90,0.0359,true,1,1247495
4017100210105,false,גלילי וופל בלזן וופלטן שוקו' מריר 100ג',הדקלאים אגודת שיתופי,DE,גלילי וופל מריר.,גרמים,100.00,100 גרם,false,,10.90,0.1090,true,1,1251042
4017100219900,false,וופלטן גליליות וופל עם שוקולד 100 גרם,הדקלאים אגודת שיתופי,DE,גלילי וופל עם שוקולד,גרמים,100.00,100 גרם,false,,10.90,0.1090,true,1,1174120
4017100290008,false,ביסקוויט בלזן ליבניץ שוקולד חלב 125 ג',הדקלאים אגודת שיתופי,DE,ביסקוויט וופל שוקולד,גרמים,125.00,100 גרם,false,,10.90,0.0872,true,1,1174123
4017100291005,false,ביסקוויט מצופה שוקולד מריר ליבניץ Leibniz,הדקלאים אגודת שיתופי,DE,ביסקוויט וופל שוקולד,גרמים,125.00,100 גרם,false,,10.90,0.0872,true,1,1174124
4017100366239,false,עוגיות ביסקוויט סנדוויץ ממולא קרם בטעם שוקולד,ליימן שליסל,PL,עוגיות ביסקוויט סנדו,גרמים,190.00,100 גרם,false,,8.90,0.0468,true,1,2101010
4018722100133,false,אטריות כוסמין וביצים אורגניות 250 גרם,אלב גולד,DE,אטריות כוסמין וביצים,גרמים,250.00,100 גרם,false,,15.90,0.0636,true,1,1701868
4018722100157,false,פסטה פוזילי מקמח כוסמין מלא אורגני,האחים פלם הגפן,DE,פוזילי כוסמין מלא 25,גרמים,250.00,100 גרם,false,,12.90,0.0516,true,1,1701869
4018722100188,false,אטריות רחבות כוסמין וביצים אורגניות,אלב גולד,DE,אטריות רחבות כוסמין,גרמים,250.00,100 גרם,false,,15.90,0.0636,true,1,1701870
4018722303459,false,מקרוני כוסמין אורגני 250 גרם,אלב גולד,DE,מקרוני כוסמין אורגני,גרמים,250.00,100 גרם,false,,12.90,0.0516,true,1,1701873
4023800012109,false,מרציפן שלוקוורד מצופ,,DE,מרציפן 100 גרם,גרמים,100.00,100 גרם,false,,7.90,0.0790,true,1,1184437
4025700001962,false,מילקה טבלה 100 גר' לבן 1/22 (4248023),פי אר ג'יי אס סי מונ,DE,מילקה שוקולד לבן 100,גרמים,100.00,100 גרם,false,,5.90,0.0590,true,1,2012990
4028208000284,false,נייר פילטר מספר 4 - BRIGITTA ובו 80 יחידות,Melitta Kaffee GmbH,DE,מליטה נייר פילטר מספר 80,יח',80.00,יח',false,,11.90,0.1488,true,1,1199791
4037719068157,false,סוכריות פחיות טעם אפ,,,סוכריות פחיות טעם אפ,גרמים,200.00,100 גרם,false,,9.90,0.0495,true,1,1984804
4037719068317,false,סוכריות קוונדיש פירות יער 200ג' (9),קוונדיש והרווי C&H,,סוכריות פחיות טעם יע,גרמים,200.00,100 גרם,false,,9.90,0.0495,true,1,1184448
4037719680212,false,סוכריות קוונדיש תות שדה 200ג' (9),,,סוכריות פחיות טעם תו,גרמים,200.00,100 גרם,false,,9.90,0.0495,true,1,1184449
4045787068221,false,"צבע לשיער אינדולה פרוטאין שחור 1 60 מ""ל",שוורצקופף והנקל,DE,אינדולה פרוטאין קולור שפו,מיליליטרים,60.00,"100 מ""ל",false,,12.90,0.2150,true,1,1170740
4045787068238,false,צבע לשיער פרוטאין קולור- 10 בלונד בהיר מאוד,שוורצקופף והנקל,DE,אינדולה פרוטאין קולור שפו,מיליליטרים,60.00,"100 מ""ל",false,,12.90,0.2150,true,1,1170741
4045787068245,false,צבע לשיער פרוטאין קולור- 1000.0 אקסטרה בלונד,שוורצקופף והנקל,DE,אינדולה פרוטאין קולור שפו,מיליליטרים,60.00,"100 מ""ל",false,,12.90,0.2150,true,1,1170742
4045787068283,false,"אינדולה - פרוטאין צבע 1-1 שחור כחול 60 מ""ל",אינדולה Indola,DE,אינדולה פרוטאין קולור שפו,מיליליטרים,60.00,"100 מ""ל",false,,12.90,0.2150,true,1,1170744
4045787068290,false,"צבע לשיער אינדולה פרוטאין חום שחור 3 60 מ""ל",שוורצקופף והנקל,DE,אינדולה פרוטאין קולור שפו,מיליליטרים,60.00,"100 מ""ל",false,,12.90,0.2150,true,1,1170745
4045787068320,false,"אינדולה - פרוטאין צבע 5 חום 60 מ""ל",שוורצקופף והנקל,DE,אינדולה פרוטאין קולור שפו,מיליליטרים,60.00,"100 מ""ל",false,,12.90,0.2150,true,1,1170748
4045787068337,false,"אינדולה - פרוטאין 5-35 חום שקד 60 מ""ל",אינדולה Indola,DE,אינדולה פרוטאין קולור שפו,מיליליטרים,60.00,"100 מ""ל",false,,12.90,0.2150,true,1,1170749
4045787068405,false,"אינדולה - פרוטאין צבע 6-23 חום שקד 60 מ""ל",אינדולה Indola,DE,אינדולה פרוטאין קולור שפו,מיליליטרים,60.00,"100 מ""ל",false,,12.90,0.2150,true,1,1170756
4045787068429,false,"אינדולה - פרוטאין צבע 6-4 אגוז 60 מ""ל",הנקל סוד,DE,אינדולה פרוטאין קולור שפו,מיליליטרים,60.00,"100 מ""ל",false,,12.90,0.2150,true,1,1170758
4045787068467,false,"אינדולה - פרוטאין צבע 7 בלונד בינוני 60 מ""ל",שוורצקופף והנקל,DE,אינדולה פרוטאין קולור שפו,מיליליטרים,60.00,"100 מ""ל",false,,12.90,0.2150,true,1,1170762
4045787068498,false,"אינדולה - פרוטאין צבע 7-3 דבש 60 מ""ל",שוורצקופף והנקל,DE,אינדולה פרוטאין קולור שפו,מיליליטרים,60.00,"100 מ""ל",false,,12.90,0.2150,true,1,1170764
4045787068504,false,"אינדולה - פרוטאין צבע 7-35 פקאן 60 מ""ל",שוורצקופף והנקל,DE,אינדולה פרוטאין קולור שפו,מיליליטרים,60.00,"100 מ""ל",false,,12.90,0.2150,true,1,1170765
4045787068542,false,"אינדולה - פרוטאין צבע 8 בלונד בהיר 60 מ""ל",שוורצקופף והנקל,DE,אינדולה פרוטאין קולור שפו,מיליליטרים,60.00,"100 מ""ל",false,,12.90,0.2150,true,1,1170768
4052197000017,false,"בירה בנדיקטינר חיטה לא מסוננת 500 מ""ל",בנדיקטינר וויצבראו,DE,בירה בנדקטינר,מיליליטרים,500.00,"100 מ""ל",false,,9.90,0.0198,true,1,2024220
4056800649884,false,"וולה - פלקס ספריי לנפח ליומיים 250 מ""ל",דיפלומט,BE,ספריי לשיער וולה פלק,מיליליטרים,250.00,"100 מ""ל",false,,29.90,0.1196,true,1,2044021
4056800762934,false,צבע לשיער קולסטון מיני קיט שחור 2/0,וולה Wella,DE,צבע קולסטון מיני קיט,גרמים,150.00,100 גרם,false,,24.90,0.1660,true,1,1665071
4056800912483,false,"וולה - פלקס מוס למראה שיער מלא 200 מ""ל",דיפלומט,FR,מוס לשיער למראה שיער,מיליליטרים,200.00,"100 מ""ל",false,,24.90,0.1245,true,1,2044013
4056800943739,false,קרם חמצן וולוקסון Welloxon 6%,פרוקטר אנד גמבל,FR,וולוקסון 6%,מיליליטרים,75.00,"100 מ""ל",false,,3.90,0.0520,true,1,1157789
4056800943791,false,קרם חמצן וולוקסון Welloxon 9%,פרוקטר אנד גמבל,FR,וולוקסון 9%,מיליליטרים,75.00,"100 מ""ל",false,,3.90,0.0520,true,1,1157790
4066600601920,false,"בירה פאולנר פחית 500 מ""ל",פאולנר Paulaner,DE,"בירה פאולנר 500 מ""ל",מיליליטרים,500.00,"100 מ""ל",false,,10.90,0.0218,true,1,2002463
4066600612049,false,"בירה פאולנר אורטובר פאסט 500 מ""ל בקובק",מבשלת פאולנר,DE,בירה פאולנר אוקטוברפ,מיליליטרים,500.00,"100 מ""ל",false,,10.90,0.0218,true,1,1983331
4066600999614,false,"בירה פאולנר חיטה 500 מ""ל בקובק",מבשלת פאולנר,DE,"בירה פאולנר 500 מ""ל",מיליליטרים,500.00,"100 מ""ל",false,,10.90,0.0218,true,1,1377594
4067700014849,false,ליקר ייגרמייסטר כשר,פארייפאבה אגרואינדוס,DE,ייגרמייסטר ליקר,מיליליטרים,700.00,"100 מ""ל",false,,79.90,0.1141,true,1,1346740
4067700018212,false,ייגרמייסטר ליקר+2 כו,,,ייגרמייסטר ליקר+2 כו,מיליליטרים,700.00,"100 מ""ל",false,,79.90,0.1141,true,1,2152492
4084500065598,false,קרם לחות פנטן לתלתלים מושלמים 300 מל,פרוקטר אנד גמבל,DE,"קרם לחות פנטן 300 מ""",מיליליטרים,300.00,"100 מ""ל",false,,18.90,0.0630,true,1,1258241
4084500088917,false,"נוזל כלים פיירי לימון 650 מ""ל",פרוקטר אנד גמבל,US,פיירי אוריגינל 750מ'ל,מיליליטרים,650.00,"100 מ""ל",false,,11.90,0.0183,true,1,1276096
4084500149526,false,טייד גל כביסה 2.48 ליטר אלפים רענן,פרוקטר אנד גמבל,FR,טייד ג'ל 2.48 ליטר,ליטרים,2.48,ליטר,false,,29.90,12.0565,true,1,1157792
4084500178137,false,טייד נוזל כביסה 4 ליטר,פרוקטר אנד גמבל,FR,טייד ג'ל 4 ליטר,ליטרים,4.00,ליטר,false,,35.90,8.9750,true,1,1157793
4084500853553,false,פיירי נוזל כלים קלאסי אורגינל 650 מל,פרוקטר אנד גמבל,US,פיירי אוריגינל 750מ'ל,מיליליטרים,650.00,"100 מ""ל",false,,11.90,0.0183,true,1,1276097
4084500853836,false,"נוזל כלים פיירי ורדים ומשי 515 מ""ל",פרוקטר אנד גמבל,GB,פיירי אלוורה ומלפפונים 6,מיליליטרים,515.00,"100 מ""ל",false,,11.90,0.0231,true,1,1276100
4084500853898,false,סבון כלים אלוורה ומלפפונים,פרוקטר אנד גמבל,GB,פיירי אלוורה ומלפפונים 6,מיליליטרים,515.00,"100 מ""ל",false,,11.90,0.0231,true,1,1276101
4084500920880,false,נוזל כלים פיירי אורגינל ירוק 1.24 ליטר,על בד,,פיירי 1.24 ליטר אורג,ליטרים,1.24,ליטר,false,,17.90,14.4355,true,1,1276104
4100130937163,false,בירה בקס שישייה 6*275 מל,"איי, בי, אינבוו",DE,בירה בקס שישיה,ליטרים,1.65,ליטר,false,,24.90,15.0909,true,1,1513908
4105120623941,false,"בירה ויינשטפן בק' ח""פ 500 מ""ל",קרלסברג יבוא יצוא,DE,"בירה ויינשטפן 500 מ""",מיליליטרים,500.00,"100 מ""ל",false,,9.90,0.0198,true,1,1573998
4210201360742,false,אורל בי ראש חשמלי פלקסי סופט 4 יחידות,פרוקטר אנד גמבל,DE,4 ראש אורל בי ראש חש,יח',4.00,יח',false,,81.90,20.4750,true,1,2107583
4260147890513,false,אטריות ביצים דקות ורמיצ'לי 500ג',דין שיווק,PL,איטריות ורמיצ'לי איט,גרמים,500.00,100 גרם,false,,9.90,0.0198,true,1,1175194
4260147890551,false,איטריות ביצים רצועות,דין שיווק,PL,איטריות ביצים רצועות,גרמים,500.00,100 גרם,false,,9.90,0.0198,true,1,1175196
4260147890711,false,אטריות ביצים מגולגול 500 ג',דין שיווק,PL,איטריות ביצים מגולגל,גרמים,500.00,100 גרם,false,,9.90,0.0198,true,1,1175197
4600659010854,false,*מבצע* סטולי פרימיום,איי. אס. לטבייאס בלז,LV,וודקה סטוליצ'ניה 700,מיליליטרים,700.00,"100 מ""ל",false,,59.90,0.0856,true,1,1181279
4600659011059,false,וודקה סטוליצניה אדום,אס פי איי SPI (סטולי,RU,וודקה סטוליצניה,ליטרים,1.00,ליטר,false,,79.90,79.9000,true,1,1240702
4601576004032,false,מיונז מצטה חוזייקי זיתים רוטב לסלט 876 ג,,,רוטב לסלט מצ'טה חוזי,גרמים,873.00,100 גרם,false,,19.90,0.0228,true,1,1182300
4601576004100,false,מיונז מצטה חוזייקי קלאסי רוטב לסלט 873 ג,,,מיונז מצ'טה חוזייקי,גרמים,873.00,100 גרם,false,,19.90,0.0228,true,1,1182301
4603400000043,false,"וודקה רוסקיי סטנדרט 700 מ""ל",רוסקי סטנדרט וודקה,RU,"וודקה רוסקי 700מ""ל",מיליליטרים,700.00,"100 מ""ל",false,,69.90,0.0999,true,1,1182302
4603928000976,false,"וודקה בלוגה נובל 700 מ""ל+כוס",מרינסקי ליקרו ונבאנצ,RU,"וודקה בילוגה 700 מ""ל",מיליליטרים,700.00,"100 מ""ל",false,,129.90,0.1856,true,1,1193956
4605561010305,false,פילה הרינג עם שמיר בשמן חתיכות 500גר RS,,RU,פילה הרינג עם שמיר ב,גרמים,500.00,100 גרם,false,,26.90,0.0538,true,1,2130196
4605561010343,false,פילה הרינג בשמן חתיכות 500גר RS,,RU,פילה הרינג בשמן חתיכ,גרמים,500.00,100 גרם,false,,26.90,0.0538,true,1,2130198
4605561011975,false,חתיכות פילה הרינג בשמן 150 גר RS,,,חתיכות פילה הרינג בש,גרמים,150.00,100 גרם,false,,7.90,0.0527,true,1,2130200
4605561012613,false,פילה הרינג (קצוץ) בשמן 400 גר RS,,,פילה הרינג (קצוץ) בש,גרמים,400.00,100 גרם,false,,15.90,0.0398,true,1,2130201
4605561013009,false,פילה הרינג בשמן 400 גר RS,,,פילה הרינג בשמן 400,גרמים,400.00,100 גרם,false,,15.90,0.0398,true,1,2130202
4607002990290,false,מלפפונים מוחמצים 680 גר D. Vanya,רוסקויי פולה אלבאשי,RU,מלפפונים מוחמצים,גרמים,680.00,100 גרם,false,,11.90,0.0175,true,1,1806620
4607002990474,false,עגבניות מוחמצות דיאדיה וניה 680 גר,רוסקויי פולה אלבאשי,RU,עגבניות מוחמצות,גרמים,680.00,100 גרם,false,,11.90,0.0175,true,1,1993126
4607002995868,false,"פלפלים ברוטב עגבניות ""לצ'ו""",דדיה ואניה,RU,שימורי ירקות מוחמצים,גרמים,680.00,100 גרם,false,,11.90,0.0175,true,1,1806623
4607002997558,false,סלט הונגרי דיאדיה וניה 460 גרם,דדיה ואניה,RU,סלט הונגרי 460 גרם,גרמים,460.00,100 גרם,false,,9.90,0.0215,true,1,2040120
4607002999309,false,שעועית לבנה אפויה דיאדיה וניה 480 גר,דדיה ואניה,RU,תבשיל שעועית לבנה אפ,גרמים,480.00,100 גרם,false,,9.90,0.0206,true,1,2040126
4607012351005,false,גרעיני חמניות מרטין ללא מלח 200 גרם,"נארז ע""י : א.ג. גילר",RU,גרעיני חמניות ללא מל,גרמים,200.00,100 גרם,false,,12.90,0.0645,true,1,1363717
4607012351999,false,גרעיני חמניות מרטין עם מלח 200 גרם,"נארז ע""י : א.ג. גילר",RU,גרעיני חמניות עם מלח,גרמים,200.00,100 גרם,false,,12.90,0.0645,true,1,1363718
4607012352095,false,גרעיני חמניות מרטין עם מלח 500 גרם,מרטין,,גרעיני חמניות 500 גר,גרמים,500.00,100 גרם,false,,26.90,0.0538,true,1,1812561
4607012352453,false,גרעיני חמניות מרטין פסים עם מלח 150 גר,מרטין,RU,גרעיני חמניות עם פסי,גרמים,150.00,100 גרם,false,,8.90,0.0593,true,1,1585136
4607012352538,false,גרעיני חמניות מרטין מיקס 200 גרם,מרטין,,גרעיני חמניות מיקס -,גרמים,200.00,100 גרם,false,,12.90,0.0645,true,1,1758367
4607109409619,false,פיניש הכל ב-1 טבליות למדיח 25 יח,הדקלאים אגודת שיתופי,PL,פיניש 25 טבליות AIO,יח',25.00,יח',false,,29.90,1.1960,true,1,1343582
4620015851877,false,תה שחור ריצירד רויאל צילון 20 שקיקים,,,תה שחור,גרמים,25.00,100 גרם,false,,9.90,0.3960,true,1,2015914
4640018993343,false,פיניש קוואנטום קפסולות ג'ל למדיח כלים 30 יח',רקיט בנקיזר,PL,טבליות למדיח כלים 30,יח',30.00,יח',false,,39.90,1.3300,true,1,2019738
4640018993350,false,פיניש קוואנטום קפסולות ג'ל למדיח כלים לימון 30 יח',רקיט בנקיזר,PL,טבליות למדיח כלים 30,יח',30.00,יח',false,,39.90,1.3300,true,1,2019739
4640018993398,false,פיניש קוואנטום 60 יח' קפסולות ג'ל למדיח כלים,רקיט בנקיזר,PL,טבליות למדיח כלים 60,יח',60.00,יח',false,,54.90,0.9150,true,1,2019741
4710068001692,false,"מאסטר קפה לאטה פחית 240מ""ל",תאיט מרקטינג אנד דיס,TW,מאסטר קפה,מיליליטרים,240.00,"100 מ""ל",false,,5.90,0.0246,true,1,1156915
4710068001715,false,"מאסטר קפה טירמיסו 240 מ""ל",יוני פרזינדנט אנטרפר,TW,מאסטר קפה טרמיסו,מיליליטרים,250.00,"100 מ""ל",false,,5.90,0.0236,true,1,1156916
4710068001739,false,"מאסטר קפה קולומביאני 240 מ""ל",יוני פרזינדנט אנטרפר,TW,מאסטר קפה קולומביאני,מיליליטרים,250.00,"100 מ""ל",false,,5.90,0.0236,true,1,1156917
4710068002798,false,"מאסטר קפה ונילה פחית 240מ""ל",מאיטה פוד אינדוסטריא,TW,מאסטר קפה ונילה,מיליליטרים,240.00,"100 מ""ל",false,,5.90,0.0246,true,1,1944118
4740098079309,false,"סיידר ""FIZZ"" אוכמניות 500 מ""ל","""cesu alus""",LV,סיידר פיז אוכמניות 5,מיליליטרים,500.00,"100 מ""ל",false,,7.90,0.0158,true,1,1363873
4740098079316,false,"סיידר ""FIZZ"" תות שדה 500 מ""ל","""cesu alus""",LV,סיידר פיז תות שדה 50,מיליליטרים,500.00,"100 מ""ל",false,,7.90,0.0158,true,1,1363874
4740098079323,false,"סיידר ""FIZZ"" אגס 500 מ""ל","""cesu alus""",,"סיידר פיז אגס 500 מ""",מיליליטרים,500.00,"100 מ""ל",false,,7.90,0.0158,true,1,1956151
4740098084440,false,"סיידר ""FIZZ"" תפוח עץ 500 מ""ל","""cesu alus""",,סיידר פיז תפוח-עץ 50,מיליליטרים,500.00,"100 מ""ל",false,,7.90,0.0158,true,1,1449918
4750142003426,false,"בירה פילזנר אקסטרה 500 מ""ל",צ'סו אלוס,RU,בירה פילזנר בהירה בפ,מיליליטרים,500.00,"100 מ""ל",false,,6.90,0.0138,true,1,2015790
4750142005000,false,"בירה כהה בוהמיין צסו 568 מ""ל","""cesu alus""",,בירה צ'סו כהה בוהמיי,מיליליטרים,568.00,"100 מ""ל",false,,8.90,0.0157,true,1,2126206
4750142021505,false,"בירה PILSENER בהירה 4.7% פחית 500 מ""ל",צ'סו אלוס,LV,בירה פילזנר .בהירה ב,מיליליטרים,500.00,"100 מ""ל",false,,6.90,0.0138,true,1,1585114
4750616000258,false,שפרוטים גדולים מעושנים בשמן צמחי,בריויאס וילניוס,LV,שימורי דגים שפרוטים,גרמים,190.00,100 גרם,false,,7.90,0.0416,true,1,1806632
4750616000593,false,שפרוטים מעושנים ריגה 190 גר,בריויאס וילניוס,LV,שימורי דגים שפרוטים,גרמים,190.00,100 גרם,false,,7.90,0.0416,true,1,1806633
4750616001194,false,שפרוטים מעושנים ריגה 240 גרם פ.ק,בריויאס וילניוס,LV,שימורי דגים שפרוטים,גרמים,240.00,100 גרם,false,,7.90,0.0329,true,1,1716505
4750616001361,false,סלאקה מעושנת בשמן 190 גר BRIVAIS VILNIS,בריויאס וילניוס,LV,שימורי דגים סלאקה מע,גרמים,190.00,100 גרם,false,,7.90,0.0416,true,1,1716506
4750616001804,false,שפרוטים בשמן זית צילי 160 BRIVAIS VILNIS,,,שפרוטים בשמן זית עם,גרמים,160.00,100 גרם,false,,9.90,0.0619,true,1,2097848
4750616001989,false,ממרח שפרוטים 250 גרם פ.ק,בריויאס וילניוס,,שימורי דגים פטה שפרו,גרמים,240.00,100 גרם,false,,4.90,0.0204,true,1,1716514
4750616002276,false,קילקה עם צילי במיץ עגבניות 240 גר,בריויאס וילניוס,,שימורי דגים קילקה עם,גרמים,240.00,100 גרם,false,,4.90,0.0204,true,1,1716515
4750616002337,false,קילקה במיץ עגבניות בריווס וילנוס 240 גר,בריויאס וילניוס,,שימורי דגים קילקה במ,גרמים,240.00,100 גרם,false,,4.90,0.0204,true,1,1716507
4750616002344,false,קילקה עם ירקות במיץ עגבניות 240 גר,בריויאס וילניוס,,שימורי דגים קילקה עם,גרמים,240.00,100 גרם,false,,4.90,0.0204,true,1,1716516
4770237049443,false,גלידת שמנת בטעם קרמל- קרם ברולה פלומביר בגביע וופל אישי 70 גר' SVALIA,פיאנו זיואיגזדס,LV,גלידה קרם ברולה פלומ,גרמים,70.00,100 גרם,false,,5.90,0.0843,true,1,1849940
4770237049450,false,גלידת שמנת בטעם וניל בגביע וופל אישי פלומביר 70 גר' SVALIA,פיאנו זיואיגזדס,LV,גלידה פלומביר בכוס 7,גרמים,70.00,100 גרם,false,,5.90,0.0843,true,1,1849941
4770237050432,false,גלידת שמנת בטעם שוקולד פלומביר בגביע וופל אישי 70 גר' SVALIA,פיאנו זיואיגזדס,LV,גלידה שוקולד פלומביר,גרמים,70.00,100 גרם,false,,5.90,0.0843,true,1,1849942
4770237056748,false,גלידת שמנת משובחת בטעם וניל בציפוי בטעם מסטיק SVALIA גר 58,פיאנו זיואיגזדס,LT,גלידה אסקימו עגול פל,גרמים,70.00,100 גרם,false,,5.90,0.0843,true,1,2024041
4796019790013,false,"שמן קוקוס אורגני 300 מ""ל",כפרי בריא,,שמן קוקוס אורגני 300,מיליליטרים,300.00,"100 מ""ל",false,,19.90,0.0663,true,1,1347094
4800888150080,false,"דאב - דאודורנט רול און לאישה פרש טאצ' מלפפונים 50 מ""ל",יוניליוור פיליפינים,PH,דאב דאו רול-און פרש 50טאץ,מיליליטרים,50.00,"100 מ""ל",false,,17.90,0.3580,true,1,1188258
4800888209405,false,רקסונה - דאודורנט סטיק לגבר קובלט דריי 50 גרם,רקסונה Rexona,PH,דאודורנט סטיק רקסונה,מיליליטרים,50.00,"100 מ""ל",false,,16.90,0.3380,true,1,2010618
4800888210197,false,דאודורנט סטיק לנשים בניחוח קוקוס ויסמין,יוניליוור,PH,דאב דאו סטיק קוקוס 5,גרמים,50.00,100 גרם,false,,18.90,0.3780,true,1,1994221
4800888219510,false,דאב - דאודורנט סטיק לאישה פרש מלפפונים 50 גרם,יונילוור מקסיקו - HP,PH,דאב דאו סטיק מלפפוני,גרמים,50.00,100 גרם,false,,18.90,0.3780,true,1,2076157
4800888219527,false,דאב - דאודורנט סטיק לאישה ללא סימן אינביזיבל 50 גרם,יוניליוור,PH,דאב דאו סטיק אינביזי,גרמים,50.00,100 גרם,false,,18.90,0.3780,true,1,2076158
4800888219534,false,דאב - דאודורנט סטיק לאישה אנטי פרספירמט 50 גרם,"חברת זולברג, גוברנור",PH,דאב סטיק אורגינל 50,גרמים,50.00,100 גרם,false,,18.90,0.3780,true,1,2069518
4800888219541,false,רקסונה - דאודורנט סטיק לאישה פאוודר דרי 50 גרם,General,PH,דאודורנט סטיק רקסונה,מיליליטרים,150.00,"100 מ""ל",false,,16.90,0.1127,true,1,2087071
4801234159856,false,גלייד מיני גל בניחוח מרכך כביסה 75 גרם,ג'ינסו ג'ונסון טונגד,ID,גלייד מיני ג'ל בניחוח מרכ,גרמים,75.00,100 גרם,false,,6.90,0.0920,true,1,1199802
4810168000066,false,פילה דג הרינג מלוח מצונן עם תבלין 250ג,סנטה ברמור,BY,פילה דג הרינג מלוח מ,גרמים,250.00,100 גרם,false,,13.90,0.0556,true,1,1850026
4810168000998,false,פילה דג הרינג מלוח מצונן עם בצל בצנצנת חתיכות 260ג',סנטה ברמור,BY,חתיכות פילה דג הרינג,גרמים,260.00,100 גרם,false,,17.90,0.0688,true,1,1850027
4810168018795,false,חתיכות פילה דג הרינג מלוח מצונן 200ג',סנטה ברמור,BY,חתיכות פילה דג הרינג,גרמים,200.00,100 גרם,false,,13.90,0.0695,true,1,1850029
4810168024512,false,פילה דג הרינג מלוח מצונן עם תבלין בצנצנת חתיכות 260ג,סנטה ברמור,BY,חתיכות פילה דג הרינג,גרמים,260.00,100 גרם,false,,17.90,0.0688,true,1,1850031
4810168038267,false,גלידה שמנת בטעם וניל צימוקים 65 גר,Santa Bremor,BY,גלידה פלומביר אסקימו,גרמים,65.00,100 גרם,false,,5.90,0.0908,true,1,1849952
4810168038984,false,גלידה פלומביר סנדוויץ 80 גר,Santa Bremor,BY,גלידה פלומביר בריקט,גרמים,80.00,100 גרם,false,,5.90,0.0738,true,1,1849954
4810168038991,false,גלידה פלומביר בגביע בטעם שוקולד 75 גר,Santa Bremor,BY,גלידה שוקולד פלומביר,גרמים,75.00,100 גרם,false,,5.90,0.0787,true,1,1849955
4810168045098,false,גלידה פלומביר קרם בורלה יוקי 70 גר,Santa Bremor,BY,YUKKI גלידה קרם ברול,גרמים,70.00,100 גרם,false,,5.90,0.0843,true,1,1849960
4810168045432,false,גלידה טרופל אסקימו 65 גר,Santa Bremor,BY,"גלידה טרופל אסקימו """,גרמים,65.00,100 גרם,false,,5.90,0.0908,true,1,1849961
4810168057435,false,חתיכות פילה דג הרינג מלוח בשמן מצונן 400 גר,,RU,חתיכות פילה דג הרינג,גרמים,400.00,100 גרם,false,,26.90,0.0672,true,1,2130208
4810168058975,false,חתיכות פילה דג הרינג סקנדינבי מלוח מצונן 260 גר,סנטה ברמור,BY,חתיכות פילה דג הרינג,גרמים,260.00,100 גרם,false,,17.90,0.0688,true,1,2136226
4810168058982,false,חתיכות פילה דג הרינג סקנדינבי מלוח בשמן 400 גר,סנטה ברמור,BY,חתיכות פילה דג הרינג,גרמים,400.00,100 גרם,false,,26.90,0.0672,true,1,2136227
4820015165206,false,גלידה פלומביר בכוס 70 גר,פיאנו זיואיגזדס,LT,גלידה פלומביר בכוס מ,גרמים,70.00,100 גרם,false,,5.90,0.0843,true,1,1849963
4820080720768,false,"וודקה חלבני 700 מ""ל דאר פשניצ'ניה 700מל כ",,,"וודקה פשניצניה 700מ""",מיליליטרים,700.00,"100 מ""ל",false,,54.90,0.0784,true,1,1182316
4823077608513,false,סוכריות קורובקה 205 גרם רושן,רושן Roshen,UA,סוכריות טופי חלב קור,גרמים,205.00,100 גרם,false,,6.90,0.0337,true,1,1849777
4823077608933,false,"סוכריות לצנה 1 ק""ג רושן",,,סוכריות שוקולד לצ'נה,גרמים,1000.00,100 גרם,false,,54.90,0.0549,true,1,1849779
4823077612732,false,סוכריות קרמל רושן בים בום 200 גר,רושן,UA,סוכריות קשות ממולאות,גרמים,150.00,100 גרם,false,,4.90,0.0327,true,1,1904978
4823077613203,false,שוקולד רושן מריר + פונדוק שלם 90 גר רושן,רושן Roshen,,שוקולד רושן מריר + פ,גרמים,90.00,100 גרם,false,,7.90,0.0878,true,1,1849784
4823077613630,false,חטיף שוקולד חלב במילוי קרם ברולה,רושן Roshen,UA,חטיף שוקולד באטונצ'י,גרמים,40.00,100 גרם,false,,3.90,0.0975,true,1,2062635
4823077614699,false,ביסקוויט וניל 185 גר רושן,,,ביסקוויט לקפה רושן,גרמים,185.00,100 גרם,false,,3.90,0.0211,true,1,2151659
4823077614767,false,שוקולד רושן חלב נוגט בטעם אגוזי לוז 90 ג,,,שוקולד רושן חלב נוגט,גרמים,90.00,100 גרם,false,,4.90,0.0544,true,1,2080075
4823077614804,false,שוקולד חלב נוגט וניל 90 גרם רושן,רושן Roshen,,שוקולד חלב נוגט בטעם,גרמים,90.00,100 גרם,false,,4.90,0.0544,true,1,1849789
4823077617041,false,חטיף שוקולד חלב במילוי קרמל,רושן Roshen,UA,חטיף שוקולד באטונצ'י,גרמים,40.00,100 גרם,false,,3.90,0.0975,true,1,1849793
4823077618161,false,וופל רול קונאפטו חלב רושן 140 גר,,,"גליליות רושן ""קונאפט",גרמים,140.00,100 גרם,false,,6.90,0.0493,true,1,2151670
4823077618901,false,בונבוניירה שוטרס רום ליקר 150 גר,,,בונבוניירה שוטרס רום,גרמים,150.00,100 גרם,false,,12.90,0.0860,true,1,1849794
4823077621642,false,וופל רושן בטעם שוקולד 72 גר,,,וופל רושן אישי,גרמים,72.00,100 גרם,false,,3.90,0.0542,true,1,2104558
4823077621659,false,וופל רושן בטעם אגוז 72 גר,,,וופל רושן אישי,גרמים,72.00,100 גרם,false,,3.90,0.0542,true,1,2104559
4823077623714,false,סוכריות כוס חלב 150 גרם רושן,רושן,UA,סוכריות טופי בטעם חל,גרמים,180.00,100 גרם,false,,6.90,0.0383,true,1,1849805
4823077625589,false,וופל וואפרס חלב רושן 216 גר,,UA,וופל רושן בטעם חלב,גרמים,216.00,100 גרם,false,,6.90,0.0319,true,1,2151671
4823077625602,false,וופל וואפרס שוקולד רושן 216 גר,,UA,וופל רושן בטעם שוקול,גרמים,216.00,100 גרם,false,,6.90,0.0319,true,1,2151672
4823077625626,false,וופל וואפרס אגוז רושן 216 גר,,UA,וופל רושן בטעם אגוז,גרמים,216.00,100 גרם,false,,6.90,0.0319,true,1,2151673
4823077625879,false,אסורטי רושן 145 גר COMPLIMENT,,UA,בונבוניירה,גרמים,145.00,100 גרם,false,,18.90,0.1303,true,1,1989993
4823077626203,false,שוקולד אורירי מריר 80 גר רושן,רושן Roshen,UA,שוקולד אורירי חלב 80,גרמים,80.00,100 גרם,false,,6.90,0.0863,true,1,1954782
4823077626241,false,שוקולד אורירי לבן קרמל 80 גר רושן,,UA,שוקולד אורירי לבן קר,גרמים,80.00,100 גרם,false,,6.90,0.0863,true,1,1954784
4823077626364,false,שוקולד אורירי לבן 80 גר רושן,רושן Roshen,UA,שוקולד אורירי לבן 80,גרמים,80.00,100 גרם,false,,6.90,0.0863,true,1,1954785
4823077629136,false,שוקולד רושן חלב 90 גר LACMI,,UA,שוקולד רושן חלב,גרמים,90.00,100 גרם,false,,6.90,0.0767,true,1,2135681
4823077631467,false,קרקר עם מלח ים רושן 168 גר,,,קרקר עם מלח ים רושן,גרמים,168.00,100 גרם,false,,4.90,0.0292,true,1,2151660
4823077631474,false,קרקר קלאסי רושן 168 גר,,,קרקר קלאסי רושן,גרמים,168.00,100 גרם,false,,4.90,0.0292,true,1,2151661
4823077632112,false,וופל בטעם קקאו חלב רושן 216 גר,,,וופל רושן בטעם קקאו,גרמים,216.00,100 גרם,false,,6.90,0.0319,true,1,2151676
4823077632259,false,באטונציק קרם עם בוטנים 38 גר,רושן Roshen,UA,חטיף שוקולד חלב ממו,גרמים,40.00,100 גרם,false,,3.90,0.0975,true,1,2055964
4823077632570,false,שוקולד רושן מריר 85 גר BRUT,,UA,שוקולד רושן מריר,גרמים,85.00,100 גרם,false,,6.90,0.0812,true,1,2078313
4823077633324,false,עוגיות רושן עם חתיכות שוקולד 150 גר,,,עוגיות שוקוצ'יפס חתי,גרמים,150.00,100 גרם,false,,6.90,0.0460,true,1,2151680
4823077633348,false,עוגיות רושן עם חתיכות בוטנים 150 גר,,,עוגיות רושן עם חתיכ,גרמים,150.00,100 גרם,false,,6.90,0.0460,true,1,2151682
4823077633508,false,חטיף וופל רושן במילוי קרם קקאו מצופה 34,,UA,וופל רושן אישי,גרמים,72.00,100 גרם,false,,3.90,0.0542,true,1,2135674
4823077633515,false,חטיף וופל רושן במילוי קרם חלבי מצופה 34,,UA,וופל רושן אישי,גרמים,72.00,100 גרם,false,,3.90,0.0542,true,1,2135675
4823077634116,false,"סוכריות קורובקה 1 ק""ג רושן",,,סוכריות רושן קורובקה,יחידה,0.00,יחידה,false,,24.90,0.0000,true,1,2074682
4823077634178,false,עוגיות עם מילוי תפוח קינמון 168 גר LOVIT,,,עוגיות במילוי תפוח ו,גרמים,168.00,100 גרם,false,,6.90,0.0411,true,1,2103414
4823077634222,false,עוגיות Lovita ממולאות ג'לי תפוז מצופות צימקאו,רושן Roshen,,עוגיות במילוי תפוז,גרמים,135.00,100 גרם,false,,6.90,0.0511,true,1,2103422
4823077634246,false,עוגיות Lovita ממולאות ג'לי פטל מצופות צימקאו,רושן Roshen,,עוגיות במילוי פטל,גרמים,135.00,100 גרם,false,,6.90,0.0511,true,1,2103423
4823077634277,false,עוגיות Lovita ממולאות ג'לי תות שדה מצופות צימקאו,רושן Roshen,,עוגיות במילוי תות שד,גרמים,135.00,100 גרם,false,,6.90,0.0511,true,1,2103424
4823077634369,false,שוקולד רושן חלב אוורירי 85 גר LACMI,,UA,שוקולד רושן חלב,גרמים,85.00,100 גרם,false,,6.90,0.0812,true,1,2135682
4823077634376,false,שוקולד רושן חלב אוורירי 85 גר LACMI NUT,,UA,שוקולד רושן חלב,גרמים,85.00,100 גרם,false,,6.90,0.0812,true,1,2135683
4823077634741,false,עוגיות עם מילוי תות שדה 168 גר LOVITA,,,עוגיות במילוי תות ש,גרמים,168.00,100 גרם,false,,6.90,0.0411,true,1,2103416
4823077635816,false,וופלים דקיקים רושן אגוזי לוז 55 גר THINS,,UA,וופלים דקיקים רושן,גרמים,55.00,100 גרם,false,,4.90,0.0891,true,1,2151664
4823077636004,false,עוגיות Lovita ממולאות ג'לי דובדבן מצופות צימקאו,רושן Roshen,,עוגיות במילוי קקאו ד,גרמים,135.00,100 גרם,false,,6.90,0.0511,true,1,2103425
4823097809754,false,גלידה עם צימוקים בריקט 90 גר,פיאנו זיואיגזדס,LV,גלידת שמנת משובחת ונ,גרמים,90.00,100 גרם,false,,5.90,0.0656,true,1,2069439
4823097809815,false,גלידה חלבית עם אוכמניות כחולות ושחורות 85ג',פיאנו זיואיגזדס,LV,גלידה חלבית עם אוכמ,גרמים,85.00,100 גרם,false,,5.90,0.0694,true,1,2071669
4840008018319,false,דובשניות עם שזיף 400 גרם פרנצלוטה,פרנזלוטה,,דובשניות עם שזיף -40,גרמים,400.00,100 גרם,false,,7.90,0.0198,true,1,1714308
4840008018333,false,דובשניות טעם דבש 400 גרם פרנצלוטה,פרנזלוטה,,דובשניות בטעם דבש 40,גרמים,400.00,100 גרם,false,,7.90,0.0198,true,1,1714309
4840008018371,false,דובשניות סברנייה 400 גרם פרנצלוטה,פרנזלוטה,MD,דובשניות צפניות-סברנ,גרמים,400.00,100 גרם,false,,7.90,0.0198,true,1,1714310
4840709002440,false,"ברנדי קווינט 3 500 מ""ל כשר",,,ברנדי קווינט,מיליליטרים,500.00,"100 מ""ל",false,,54.90,0.1098,true,1,1758410
4860009000014,false,מיץ רימונים 100% סחוט ללא תוספת סוכר,יושלם,,נקטר רימונים 100% טב,ליטרים,1.00,ליטר,false,,19.90,19.9000,true,1,1186618
4860019001346,false,בורז'ומי מים מינרליים טבעיים 500מ'ל חדש,אי די אס בורגומי,,מים בורזומי מינרליים,מיליליטרים,500.00,"100 מ""ל",false,,6.90,0.0138,true,1,1182321
4860019001414,false,"בקבוק מים בוז'ורמי 750 מ""ל",אי.די.אס בורג'יומי,,מים בורג'ומי מינרלים,מיליליטרים,750.00,"100 מ""ל",false,,6.90,0.0092,true,1,1182323
4860019001421,false,"שישיית מים בורגומי 750 מ""ל",,,מים בורזום טבעיים מא,ליטרים,4.50,ליטר,false,,39.90,8.8667,true,1,1903211
4865602000027,false,"מים מינרלים מוגזים ""נבגלבי"" 1 ליטר PET",נבגלבי,GE,מים מינרלים נבגלבי מ,ליטרים,1.00,ליטר,false,,8.20,8.2000,true,1,1714311
4891228430061,false,סכיני גילוח שיק אקזקטה 2 לנשים ורוד 10 יח',הנסיך- מפעל לייצור ט,CN,שיק אקזקטה2 נשים עשירייה,יח',10.00,יח',false,,24.90,2.4900,true,1,1185751
4903001904192,false,"רוטב סויה יאמסה פרימיום 500 מ""ל",הדקלאים אגודת שיתופי,JP,רוטב סויה יאמסה פרימיום 5,מיליליטרים,500.00,"100 מ""ל",false,,17.90,0.0358,true,1,1174131
4903001925784,false,"רוטב סויה יאמאסה פרמיום דל מלח 500 מ""ל",הדקלאים אגודת שיתופי,JP,רוטב סויה יאמאסה פרמיום ד,מיליליטרים,500.00,"100 מ""ל",false,,17.90,0.0358,true,1,1174132
4903001930993,false,"רוטב טריאקי יאמאסה 500 מ""ל",ליימן מותגים,JP,רוטב טריאקי יאמסה,מיליליטרים,500.00,"100 מ""ל",false,,17.90,0.0358,true,1,1295082
5000054351900,false,פריסקיז דגי אוקיינוס,נסטלה פורינה USA קר,US,פריסקיז פטה דג אוקיי,גרמים,156.00,100 גרם,false,,4.90,0.0314,true,1,2136207
5000054357100,false,פריסקיז פטה מיקס גרי,נסטלה פורינה USA קר,US,פריסקיז פטה מיקס גרי,גרמים,156.00,100 גרם,false,,4.90,0.0314,true,1,2136210
5000111041065,false,רוטב ווסטרשייר היינץ,תאי פרזידנט פוד פאבל,,רוטב ווסטרשייר היינץ,מיליליטרים,150.00,"100 מ""ל",false,,10.90,0.0727,true,1,1960635
5000127533196,false,קלוגס וורייטי שמינייה 191 גרם,חברת קלוגס בריטניה,,קלוגס ווראייטי 191 ג,גרמים,191.00,100 גרם,false,,22.90,0.1199,true,1,1807452
5000146057710,false,ספריי רב שימושי לחלונות ומשטחים ווינדולין Windolene,רקיט בנקיזר,PL,גלסקס חלונות 750 מל,מיליליטרים,750.00,"100 מ""ל",false,,7.90,0.0105,true,1,1159843
5000157143365,false,מתבל בטעם מיונז וקטשופ היינץ 425 ג',היינץ Heinz,PL,מתבל בטעם מיונז וקטש,גרמים,425.00,100 גרם,false,,14.90,0.0351,true,1,1998291
5000159020312,false,מלטיזרס אריזה קטנה 37 גרם,מלטיזרס Maltesers,NL,מלטיזרס 37 גרם,גרמים,37.00,100 גרם,false,,4.90,0.1324,true,1,1166729
5000159376655,false,סוכריות סקיטלס 38 גר פירות 38 גרם,ריגלי ממתקים,NL,סוכריות סקיטלס פירות,גרמים,38.00,100 גרם,false,,2.90,0.0763,true,1,1184137
5000159376792,false,סוכריות סקיטלס Skittles פירות חמוצים,ריגלי ממתקים,NL,סוכריות סקיטלס חמוץ,גרמים,38.00,100 גרם,false,,2.90,0.0763,true,1,1184138
5000159407236,false,חטיף שוקולד מרס 51 ג',מרס הולנד בי.וי.,NL,51G 'מרס חטיף שוק,גרמים,51.00,100 גרם,false,,3.90,0.0765,true,1,1166737
5000159414197,false,מלטיזרס-כדורים פריכים בציפוי שוולד חלב 135 גרם,מרס שוקולד צ.אמריקה,NL,חטיף בוטנים m&m אריז,גרמים,135.00,100 גרם,false,,9.90,0.0733,true,1,2126263
5000159459228,false,חטיף שוקולד טוויקס 50 ג',"נארז ע""י : א.ג. גילר",NL,טויקס חטיף שוקו 50 גרם,גרמים,50.00,100 גרם,false,,3.90,0.0780,true,1,1166746
5000159461122,false,חטיף שוקולד סניקרס 50 ג',"נארז ע""י : א.ג. גילר",NL,50G סניקרס חטיף שוק,גרמים,57.00,100 גרם,false,,3.90,0.0684,true,1,1166747
5000159500692,false,בקבוק סלבריישן - מבחר חטיפי מיני שוקולד,מארס,NL,בקבוק עם שוקולדים סל,גרמים,312.00,100 גרם,false,,29.90,0.0958,true,1,2043559
5000159500845,false,סלבריישן מארז מתנה 196 גרם,מיילי,NL,סלבריין מארז מתנה,גרמים,196.00,100 גרם,false,,19.90,0.1015,true,1,2138017
5000159538626,false,טוויקס מארז חטיף 50 גרם חמישייה,טוויקס Twix,NL,מארז חטיפי טוויקס,גרמים,250.00,100 גרם,false,,10.90,0.0436,true,1,2073447
5000168199245,false,שוקולד חלב מעולה בתוספת קרמל מלוח פיור גודייבה 90 ג',"אולקר מקבוצת פלאדיס,",TR,שוקולד גודייבה חלב ב,גרמים,90.00,100 גרם,false,,14.90,0.1656,true,1,1848143
5000189974579,false,מארז מיני חטיפי קיט קט Kit Kat,ליימן מותגים,DE,חטיף קיט קט מיני,גרמים,200.00,100 גרם,false,,12.90,0.0645,true,1,1613969
5000204114928,false,"גלייד ארוסול בניחוח דובדבן 300 מ""ל",coster aerosol vail,TR,מטהר אוויר גלייד איר,מיליליטרים,300.00,"100 מ""ל",false,,9.90,0.0330,true,1,1994745
5000204114959,false,"גלייד ארוסול בניחוח פריחה בלבן 300 מ""ל","אס.סי ג'ונסון,מידרכט",NL,מטהר אוויר גלייד איר,מיליליטרים,300.00,"100 מ""ל",false,,9.90,0.0330,true,1,1994765
5000204151084,false,"פלדג' אירוסול לניקוי כללי לימון 250 מ""ל",פלדג' Pledge,NL,פלדג' תרסיס לניקוי ע,מיליליטרים,250.00,"100 מ""ל",false,,14.90,0.0596,true,1,2016643
5000204151381,false,"מרסס פלדג לניקוי כללי אמבר וארגן 250 מ""ל","אס.סי ג'ונסון, אירופ",NL,פלדג' תרסיס לניקוי ע,מיליליטרים,250.00,"100 מ""ל",false,,14.90,0.0596,true,1,2016636
5000204153729,false,מטהר אוויר גלייד מילוי אוטומטי לבנדר וניל,המאפיה של הרמן,TR,מילוי למטהר אוויר או,מיליליטרים,269.00,"100 מ""ל",false,,15.90,0.0591,true,1,2023741
5000204153842,false,מטהר אוויר גלייד מילוי אוטומטי וניל,המאפיה של הרמן,TR,מילוי למטהר אוויר או,מיליליטרים,269.00,"100 מ""ל",false,,15.90,0.0591,true,1,2023750
5000204167610,false,"גלייד ארוסול פסטיבל קינמון 300 מ""ל",coster aerosol vail,,מטהר אוויר גלייד איר,מיליליטרים,300.00,"100 מ""ל",false,,9.90,0.0330,true,1,2097741
5000204167856,false,מילוי למטהר אוויר או,coster aerosol vail,TR,מילוי למטהר אוויר או,מיליליטרים,269.00,"100 מ""ל",false,,15.90,0.0591,true,1,2097742
5000204182026,false,מטהר אוויר גלייד מוצק בניחוח אודיסאה,במה פולסקה,PL,גלייד ג'ל ריחני בניח,גרמים,180.00,100 גרם,false,,14.90,0.0828,true,1,2115185
5000204182057,false,מטהר אוויר גלייד מוצק בניחוח לבנדר,במה פולסקה,PL,גלייד ג'ל ריחני בניח,גרמים,180.00,100 גרם,false,,14.90,0.0828,true,1,2115186
5000204197051,false,"מכשיר חשמלי +נוזל מילוי אקליפטוס 45 לילות רייד 36 מ""ל",גונסון שנגחאי,BG,מארז רייד מכשיר+מילו,יחידה,0.00,יחידה,false,,29.90,0.0000,true,1,2071542
5000204225655,false,"מטהר אוויר גלייד מילוי אוטומטי מסיבת פטל 269 מ""ל",coster aerosol vail,TR,מילוי למטהר אוויר או,מיליליטרים,269.00,"100 מ""ל",false,,15.90,0.0591,true,1,2097743
5000204226256,false,"גלייד ארוסול מסיבת פטל 300 מ""ל",coster aerosol vail,TR,מטהר אוויר גלייד איר,מיליליטרים,300.00,"100 מ""ל",false,,9.90,0.0330,true,1,2097744
5000204243031,false,"נוזל לאסלה ירח פורח 750 מ""ל דאק",טואלט דאק (ג'ונסון),,ט.דאק נוזל ירח פורח,מיליליטרים,750.00,"100 מ""ל",false,,12.90,0.0172,true,1,2115218
5000204254587,false,סבון מוצק לאסלהאפרסק על חלל 38.6 ג' דאק,דאופלור אס.פי.אי כונ,IT,דאק סבון ניקוי אסלה,גרמים,38.60,100 גרם,false,,7.90,0.2047,true,1,2115195
5000204254617,false,סבון מוצק לאסלה ירח פורח 38.6 ג' דאק,דאופלור אס.פי.אי כונ,IT,דאק סבון ניקוי אסלה,גרמים,38.60,100 גרם,false,,7.90,0.2047,true,1,2115196
5000204657913,false,קיווי משחת נעליים בקופסא שחור 50 מל,ג' אל ראיה בוגור,ID,מ.נעליים שחור קיווי,מיליליטרים,50.00,"100 מ""ל",false,,4.90,0.0980,true,1,1732351
5000204658064,false,"קיווי אקספרס ספוג הברקה שחור 7מ""ל",המאפיה של הרמן,ID,קיווי אקספרס ספוג הברקה ש,מיליליטרים,6.00,"100 מ""ל",false,,14.90,2.4833,true,1,1199809
5000204658187,false,"קיווי נוזל נעליים קראון שחור 75 מ""ל",אס' סי' ג'ונסון במה,PL,קיווי קראון נוזלי מבריק ש,מיליליטרים,75.00,"100 מ""ל",false,,14.90,0.1987,true,1,1199811
5000204661392,false,"קיווי מ.נעלים קופסא שחור 100מ""ל",המאפיה של הרמן,ID,קיווי אקסטרא לארג' שחור(ג,מיליליטרים,100.00,"100 מ""ל",false,,8.90,0.0890,true,1,1199814
5000213014905,false,בירה גינס 440 מל פחית,פארייפאבה אגרואינדוס,IE,"גינס פחית 440 מ""ל",מיליליטרים,440.00,"100 מ""ל",false,,12.90,0.0293,true,1,1182514
5000267014234,false,וויסקי ג'וני ווקר רד לייבל Red label,ג'וני ווקר Johnnie walker,,ג'וני ווקר אדום 700,מיליליטרים,700.00,"100 מ""ל",false,,79.90,0.1141,true,1,1944730
5000299223031,false,"רום קפטן מורגן ספייסד 750 מ""ל",יבואן ומשווק: ש. שסט,,קפטן מורגן ספייסד גו,מיליליטרים,700.00,"100 מ""ל",false,,89.90,0.1284,true,1,1198995
5000394019171,false,סוללה פלוס פאוור 2 יחידות D דורסל,פרוקטר אנד גמבל,US,2 סוללות D דורסל פלו,יח',2.00,יח',false,,22.90,11.4500,true,1,1339821
5000394105485,false,סוללה פלוס פאוור V9 דורסל יח 1,פרוקטר אנד גמבל,MY,סוללות 9V פלוס פאוור,יח',1.00,יח',false,,22.90,22.9000,true,1,1339822
5000394137486,false,רביעיות סוללות אופטימום AA דורסל,פרוקטר אנד גמבל,BE,סוללות דורסל רביעיות,יח',4.00,יח',false,,16.90,4.2250,true,1,2108466
5000394140851,false,דורסל רביעיות AA פלוס פאוור 100%,פרוקטר אנד גמבל,BE,סוללות דורסל AA4 פלו,יח',4.00,יח',false,,10.00,2.5000,true,1,2101281
5000394140899,false,סוללות AA דורסל פלוס - 8 יח',דורסל Duracell,,סוללות דורסל שמיניות,יח',8.00,יח',false,,19.90,2.4875,true,1,2108458
5000394140967,false,סוללות דורסל תריסר A,,,סוללות דורסל תריסר A,יח',12.00,יח',false,,30.90,2.5750,true,1,2108459
5000394141117,false,סוללות דורסל רביעיות AAA פלוס פאוור 100%,פרוקטר אנד גמבל,BE,סוללות דורסל AAA4 פל,יח',4.00,יח',false,,10.00,2.5000,true,1,2101282
5000394141179,false,סוללות AAA דורסל פלוס - 8 יח',דורסל Duracell,,סוללות דורסל שמיניות,יח',8.00,יח',false,,19.90,2.4875,true,1,2108460
5000394141230,false,סוללות AAA דורסל פלוס - 12 יח',דורסל Duracell,,סוללות דורסל תריסר A,יח',12.00,יח',false,,30.90,2.5750,true,1,2108468
5000394203884,false,סוללות דורסל ליתיום זוג,דורסל Duracell,,דורסל ליתיום 2016,יח',2.00,יח',false,,14.90,7.4500,true,1,2022240
5000394203907,false,סוללות דורסל ליתיום זוג,דורסל Duracell,,דורסל זוג סוללות לית,יח',2.00,יח',false,,14.90,7.4500,true,1,2022241
5000394203921,false,זוג סוללות ליתיום 2032 דורסל,דורסל Duracell,CN,דורסל זוג סוללות לית,יח',2.00,יח',false,,14.90,7.4500,true,1,1994685
5000396037531,false,מקוויטיס ביסקוויט מצופה שוקולד חלב 200 ג',מקוויטיס McVitie's,GB,ביסקוויט מקוויטיס מצ,גרמים,200.00,100 גרם,false,,12.90,0.0645,true,1,1590846
5000396037548,false,מקוויטיס ביסקוויט מצופה שוקולד מריר 200 ג',mcvities digestive,GB,ביסקוויט מקוויטיס מצ,גרמים,200.00,100 גרם,false,,12.90,0.0645,true,1,1590847
5010026515933,false,מורנפלייק מוזלי פירות ואגוזים 750 גרם,מורנינג פוד,GB,מוזלי קריספי פירות ו,גרמים,750.00,100 גרם,false,,23.90,0.0319,true,1,2115005
5010026515940,false,מורנפלייק מוזלי פרוטי 750 גרם,מורנפלייק Mornflake,GB,מוזלי קריספי פרוטי 7,גרמים,750.00,100 גרם,false,,23.90,0.0319,true,1,2115006
5010026519368,false,מורנפלייק שיבולת שועל 500 גרם שקית,,,קווקר שיבולת שועל.,גרמים,500.00,100 גרם,false,,7.90,0.0158,true,1,2043219
5010029000252,false,וויטביקס אורגינל 430 גרם,וויטביקס,GB,דיגני בריאות וויטביק,גרמים,430.00,100 גרם,false,,22.90,0.0533,true,1,1543237
5010038454831,false,בירה בלו מון 330 מל בקבוק,"איי, בי, אינבוו",IL,בירה בלו מון.,מיליליטרים,355.00,"100 מ""ל",false,,9.90,0.0279,true,1,1989596
5010106111956,false,וויסקי בלנטיין פיינסט 1 ליטר,בלנטיינ'ס Ballantines,US,וויסקי בלנטיינס 1.לי,ליטרים,1.00,ליטר,false,,109.90,109.9000,true,1,1171673
5010182996799,false,ג'ל אסלה מנטרל ריחות בניחוח פרחי בר ורודים,דאופלור אס.פי.אי איט,IT,דאק ג'ל אסלה פרחי בר ורוד,מיליליטרים,55.00,"100 מ""ל",false,,9.90,0.1800,true,1,1199821
5010182997338,false,"טואלט דאק ג'ל אסלה ניחוח רענן 55 מ""ל","איטיליאן פוד, אס.פי.",IT,ט.ד ג'ל אסלה ניחוח רענן י,מיליליטרים,55.00,"100 מ""ל",false,,9.90,0.1800,true,1,1199824
5010182997680,false,"רייד ארוסול קוטל נמלים - 300 מ""ל",אס.סי.ג'ונסון מידרכט,NL,"RAIDקוטל נמלים 300מ""ל",מיליליטרים,300.00,"100 מ""ל",false,,15.90,0.0530,true,1,1199827
5010182997918,false,"טואלט דאק ג'ל אסלה בניחוח ים 55 מ""ל","איטיליאן פוד, אס.פי.",IT,ט.ד ג'ל אסלה ניחוח ים כחו,מיליליטרים,55.00,"100 מ""ל",false,,9.90,0.1800,true,1,1199828
5010265002836,false,רייויטה פת פריכה אורגינל שיפון 250 גרם,דה ג'ורדנס אנד ריווי,GB,פת פריכ ה אורגינל 25,גרמים,250.00,100 גרם,false,,12.90,0.0516,true,1,1346984
5010327000046,false,וויסקי גרנט'ס סקוטי,"איי, בי, אינבוו",,וויסקי גראנטס.,מיליליטרים,700.00,"100 מ""ל",false,,74.90,0.1070,true,1,1181281
5010415226976,false,טומי טיפי בקבוק הכי,,,טומי טיפי בקבוק הכי,יחידה,0.00,יחידה,false,,39.90,0.0000,true,1,2046221
5010478482814,false,"סוכריות מטלוס פירות 1 ק""ג בשקית",,,"סוכריות פירות 1 ק""ג",גרמים,1000.00,100 גרם,false,,39.90,0.0399,true,1,1940028
5010478485020,false,"סוכריות מטלוס לקריץ 1 ק""ג בשקית",,,"סוכריות לקריץ 1 ק""ג",גרמים,1000.00,100 גרם,false,,39.90,0.0399,true,1,1940030
5010622005012,false,חוט דנטלי אסנשייאל ללא שעווה 50 מטר,פרוקטר אנד גמבל,MX,חוט דנטלי אסנשייאל ללא שע,מטרים,50.00,מטר,false,,15.90,0.3180,true,1,1157860
5010622018258,false,אורל בי חוט דנטלי סאטין 25 מטר,אורל בי Oral B,,אוראל בי חוט דנטלי ס,מטרים,25.00,מטר,false,,18.90,0.7560,true,1,1157864
5010677551281,false,"בקרדי בריזר לימון 275 מ""ל בקבוק",בקרדי בריזר Bacardi Breezer,BE,בקרדי בריזר-לימון 27,מיליליטרים,275.00,"100 מ""ל",false,,12.90,0.0469,true,1,1171677
5010677551397,false,"בקרדי בריזר לימון ליים 275 מ""ל",בקרדי בריזר Bacardi Breezer,BE,בקרדי בריזר-לימון לי,מיליליטרים,275.00,"100 מ""ל",false,,12.90,0.0469,true,1,1251816
5010677552387,false,"בקרדי בריזר אננס 275 מ""ל בקבוק",בקרדי בריזר Bacardi Breezer,BE,בקרדי בריזר-אננס 275,מיליליטרים,275.00,"100 מ""ל",false,,12.90,0.0469,true,1,1171678
5010677554398,false,"בקרדי בריזר אבטיח 275 מ""ל בקבוק",בקרדי בריזר Bacardi Breezer,BE,בקרדי בריזר-אבטיח 27,מיליליטרים,275.00,"100 מ""ל",false,,12.90,0.0469,true,1,1171679
5010677850100,false,וודקה גריי גוס בקבוק,בקרדי מרטיני,FR,וודקה גריי גוס 700 מ,מיליליטרים,700.00,"100 מ""ל",false,,104.90,0.1499,true,1,1922092
5010724527481,false,בטיסט שמפו יבש בניחוח קלאסי,בטיסט Batiste,GB,שמפו יבש בניחוח קלאס,מיליליטרים,200.00,"100 מ""ל",false,,24.90,0.1245,true,1,1488910
5011007003227,false,וויסקי גיימיסון 1 ליטר,אייריש דיסטלריז,,וויסקי ג'ימסון 1 ליט,ליטרים,1.00,ליטר,false,,119.90,119.9000,true,1,1171683
5011026108033,false,"וויסקי אירי טולומור דיו 700 מ""ל",פארייפאבה אגרואינדוס,IE,וויסקי אירי טולמור 7,מיליליטרים,700.00,"100 מ""ל",false,,84.90,0.1213,true,1,1181290
5011157630281,false,אורז לבן ארוך בסמטי טילדה Tilda,אלסקה/ טילדה,GB,טילדה אורז בסמטי 1 קג,קילוגרמים,1.00,"ק""ג",false,,21.90,21.9000,true,1,1185766
5011157730271,false,אורז יסמין לבן ארוך טילדה,טילדה Tilda,,"אורז יסמין טילדה 1ק""",קילוגרמים,1.00,"ק""ג",false,,19.90,19.9000,true,1,2123991
5013931015741,false,דיש מטיק - ידית הפלא לשטיפת כלים,דישמטיק Dish matic,US,ידית הפלא לשטיפת כלי,יחידה,0.00,יחידה,false,,19.90,0.0000,true,1,2019674
5013965850455,false,"מי פה אורל בי פרו אקספרט 250 מ""ל",דיפלומט,DE,מי פה פרו אקספרט 250,מיליליטרים,250.00,"100 מ""ל",false,,8.90,0.0356,true,1,2022242
5013965948428,false,משחת שיניים פרו אקספרט לניקוי יסודי מנטה מעודן,פרוקטר אנד גמבל,DE,משחת שיניים אוראל בי,מיליליטרים,75.00,"100 מ""ל",false,,9.90,0.1320,true,1,1988208
5013965953354,false,אורל בי 123 משחה 100 מל עם פלואוריד,פרוקטר אנד גמבל,DE,משחת שיניים אוראל בי,מיליליטרים,100.00,"100 מ""ל",false,,10.90,0.1090,true,1,1789121
5014271001210,false,מעדן סנדלפור ארבע פי,סנדלפור St.dalfour,FR,מעדן פרי סנדלפור 4 פ,גרמים,500.00,100 גרם,false,,24.90,0.0498,true,1,2013950
5014271001227,false,מעדן פרי סנדלפור משמ,סנדלפור St.dalfour,FR,מעדן פרי סנדלפור משמ,גרמים,500.00,100 גרם,false,,24.90,0.0498,true,1,2013951
5014271001234,false,מעדן פרי דובדבנים שחורים,סנדלפור St.dalfour,FR,מעדן פרי סנדלפור דוב,גרמים,500.00,100 גרם,false,,24.90,0.0498,true,1,2013952
5014271001241,false,מעדן פרי סנדלפור תות,סנדלפור St.dalfour,FR,מעדן פרי סנדלפור תות,גרמים,500.00,100 גרם,false,,24.90,0.0498,true,1,2013953
5014271300429,false,סן דלפו מעדן משמש ללא סוכר 284גר,סנדלפור St.dalfour,FR,מעדן ריבת משמש 284 גרם,גרמים,284.00,100 גרם,false,,16.90,0.0595,true,1,1177298
5014271310428,false,סן דלפו מעדן דבדבן שחור ללא סוכ 284 ג',המאפיה של הרמן,FR,מעדן ריבת דובדבנים 284 גר,גרמים,284.00,100 גרם,false,,16.90,0.0595,true,1,1177299
5014271330426,false,מעדן סאנט דלפור אוכמניות כחולות 284 גר,סנדלפור St.dalfour,FR,מעדן ריבת אוכמניות 284 גר,גרמים,284.00,100 גרם,false,,16.90,0.0595,true,1,1177300
5014271350424,false,מעדן סאנט דלפור ארבע פירות 284 גר,המאפיה של הרמן,FR,מעדן ריבת פירות 284 גרם,גרמים,284.00,100 גרם,false,,16.90,0.0595,true,1,1177301
5014271400426,false,סן דלפו מעדן תות שדה ללא סוכר 284 ג',המאפיה של הרמן,FR,מעדן ריבת תות שדה 284 גרם,גרמים,284.00,100 גרם,false,,16.90,0.0595,true,1,1177306
5014271560427,false,מעדן סאנט דלפור תפוז גינגר 284 גר,סנדלפור St.dalfour,FR,מעדן ריבת תפוז 284 גרם,גרמים,284.00,100 גרם,false,,16.90,0.0595,true,1,1177307
5014271795980,false,מעדן סאנט דלפור אוכמניות וחמוציות 284 גר,סנדלפור St.dalfour,FR,מעדן חמוציות ואוכמניות 28,גרמים,284.00,100 גרם,false,,16.90,0.0595,true,1,1177310
5029053002439,false,נייר טואלט קלינקס פרימיום צהוב - מארז 9 גלילים,חוגלה קימברלי,GB,נייר טואלט קלינקס צה,מטרים,30.70,מטר,false,,35.90,1.1694,true,1,1171257
5029053527574,false,תחתוני ספיגה לילדים Drynites בנים לגילאי 4-7,האגיס Huggies,CZ,דרייניטס בנים M,יח',10.00,יח',false,,35.90,3.5900,true,1,1171264
5029053527598,false,האגיס דריי נייטס 15-8 בנים 9יח,KC צ'כיה,CZ,דרייניטס בנים L,יח',9.00,יח',false,,35.90,3.9889,true,1,1171266
5029053534589,false,קוטקס טמפונים מיני 32 יח,חוגלה קימברלי,CZ,טמפוני קוטקס מיני 32,יח',32.00,יח',false,,25.90,0.8094,true,1,1171273
5035766044673,false,"סיידר תפוחים סטרונגבאו 330 מ""ל בקבוק",האי נאם סי או אל.טי.,BE,סיידר תפוחים סטרונגב,מיליליטרים,330.00,"100 מ""ל",false,,7.90,0.0239,true,1,1225359
5050974505297,false,רייויטה פת פריכה שיפון מלא שומשום 250 גר,דה ג'ורדנס אנד ריווי,,פת פריכה עם שומשום 2,גרמים,250.00,100 גרם,false,,12.90,0.0516,true,1,2033395
5053827215862,false,קלוגס קוקו פופס שוקו 500ג',קלוגס Kellogg's,DE,קורנפלקס קוקו פופס ש,גרמים,500.00,100 גרם,false,,16.90,0.0338,true,1,2016567
5056357901441,false,אם אנד אם חטיף חלבון בוטנים 51 גרם,מארס,GB,אם אנד אם בוטנים חטי,גרמים,51.00,100 גרם,false,,16.90,0.3314,true,1,2132233
5056357903834,false,באונטי מעושר בחלבון 52 גרם,מארס יורק אנגליה,GB,באונטי חטיף חלבון,גרמים,55.00,100 גרם,false,,16.90,0.3073,true,1,2141838
5056357904428,false,סניקרס קריספי חטיף ח,,,סניקרס קריספי חטיף ח,גרמים,55.00,100 גרם,false,,16.90,0.3073,true,1,2132243
5056357906323,false,אם אנד אם קריספי חלבון 52 גרם,,,אם אנד אם קריספי חטי,גרמים,52.00,100 גרם,false,,16.90,0.3250,true,1,2132235
5056357906781,false,סניקרס בראוניז חטיף,,,סניקרס בראוניז חטיף,גרמים,50.00,100 גרם,false,,16.90,0.3380,true,1,2132244
5060045588128,false,"וויסקי גים בים לבן 700 מ""ל","איי, בי, אינבוו",US,ווסקי ג'ים בים לבן,מיליליטרים,700.00,"100 מ""ל",false,,79.00,0.1129,true,1,1607467
5060402908286,false,מארס חטיף חלבון 59 גרם,מרס נדרלנד,US,מארס חטיף חלבון,גרמים,59.00,100 גרם,false,,16.90,0.2864,true,1,2132236
5060402909542,false,מארס חטיף חלבון קרמל מלוח 59 גרם,מרס נדרלנד,US,מארס קרמל מלוח חטיף,גרמים,55.00,100 גרם,false,,16.90,0.3073,true,1,2132246
5060412214124,false,חול אברקלין צהוב פיזור מופחת,אבר קלין Ever clean,NL,אברקלין ללא עקבות 6ל,ליטרים,6.00,ליטר,false,,49.90,8.3167,true,1,2004950
5060465390004,false,"בירה סקיני ללא גלוטן 330 מ""ל",סקיני ביר בע״מ,GB,בירה לאגר סקיני ללא,מיליליטרים,330.00,"100 מ""ל",false,,7.90,0.0239,true,1,2043124
5060517886486,false,"מונסטר משקה אנרגיה קלאסי 500 מ""ל",מונסטר אנרג'י Monster Energy,RU,מונסטר אנרג'י פח 500,מיליליטרים,500.00,"100 מ""ל",false,,8.90,0.0178,true,1,1998835
5060517886516,false,מונסטר אנרגי משקה אנרגיה אבסולוטלי זירו,מונסטר אנרג'י Monster Energy,RU,מונסטר אנרג'י זירו פ,מיליליטרים,500.00,"100 מ""ל",false,,8.90,0.0178,true,1,1998836
5060639128051,false,"משקה אנרגיה מונסטר אולטרה פחית 500 מ""ל",מונסטר אנרג'י לימטד,RS,מונסטר אולטרה פח 500,מיליליטרים,500.00,"100 מ""ל",false,,8.90,0.0178,true,1,2023452
5060639129102,false,"משקה אנרגיה מונסטר מנגו פח 500 מ""ל",מונסטר אנרג'י Monster Energy,RS,מונסטר אנרג'י פח 500,מיליליטרים,500.00,"100 מ""ל",false,,8.90,0.0178,true,1,2046038
5060751218173,false,"משקה אנרגיה מונסטר Pipline punch פח 500 מ""ל",מונסטר אנרג'י לימטד,RS,מונסטר PIPLINE PUNCH,מיליליטרים,500.00,"100 מ""ל",false,,8.90,0.0178,true,1,2121551
5060751219033,false,מונסטר אנרגי משקה אנרגיה אולטרה פרדייז,מונסטר אנרג'י לימטד,IE,מונסטר ZERO PARADISE,מיליליטרים,500.00,"100 מ""ל",false,,8.90,0.0178,true,1,2121552
5200133120476,false,גלילות וופלים ממולאים קרם אגוזים וקקאו 400 ג',יוניליוור גרמניה Gm,GR,גליליות קרם אגוזים ו,גרמים,400.00,100 גרם,false,,15.90,0.0398,true,1,1683139
5200133120483,false,גליליות וופלים ממולא קרם וניל 400 גר,יוניליוור גרמניה Gm,GR,גליליות קרם וניל 400,גרמים,400.00,100 גרם,false,,15.90,0.0398,true,1,1683145
5200133120735,false,גליליות וופלים שוקולד מריר 400 ג',גולדן ברייק,,גליליות וופלים שוקול,גרמים,400.00,100 גרם,false,,15.90,0.0398,true,1,1998381
5201178801047,false,"ניוואה קרם רב שימושי 150מ""ל",ביירסדורף,DE,קרם ניוואה 150מל',מיליליטרים,150.00,"100 מ""ל",false,,17.90,0.1193,true,1,1181211
5201178801054,false,קרם רב שימושי 250 מל ניוואה,טרופיקל דגיל תעשיות,DE,קרם ניוואה 250מל',גרמים,250.00,100 גרם,false,,36.90,0.1476,true,1,1181212
5201246002215,false,בירה פילס היילס Pils Hellas,הלניק בריויריס אוף א,GR,בירה פילס היילס,מיליליטרים,500.00,"100 מ""ל",false,,4.90,0.0098,true,1,1813272
5201261201532,false,"מארז הייניקן פחית 500 מ""ל*4 יח'",,,היינקן פחית רביעייה,מיליליטרים,2000.00,"מ""ל",false,,37.90,0.0190,true,1,2086022
5201347400545,false,רצועות שעווה מוכנות לשימוש לפנים ולאזורים רגישים,רקיט בנקיזר צרפת,FR,ויט רצועות שעווה לפנים,יחידה,0.00,יחידה,false,,29.90,0.0000,true,1,1159872
5201940010110,false,זיתים שחורים מזן קלמטה בפח 454 גרם,סיוארס אס.איי,GR,זיתים שחורים מזן קלמטה בפ,גרמים,454.00,100 גרם,false,,14.90,0.0328,true,1,1159324
5202300043007,false,צבע לשיער קולסטון - 7/7 חום שטני,פרוקטר אנד גמבל,DE,קולסטון 7/7 חום שטני,מיליליטרים,60.00,"100 מ""ל",false,,24.90,0.4150,true,1,1157925
5202390014239,false,גבינה צהובה טבעונית עשבי תיבול ויאו לייף 200 ג',פרוטרופיק סיה.,GR,צהובה טבעונית עשבי ת,גרמים,200.00,100 גרם,false,,21.90,0.1095,true,1,1664468
5202390015618,false,גבינה צהובה טבעונית אורגינל ויאו לייף 200 ג',אריביה אס.אי. 57022,GR,צהובה טבעונית אורגינ,גרמים,200.00,100 גרם,false,,21.90,0.1095,true,1,1279896
5202390016141,false,גבינה מוצרלה צהובה לפיצה טבעונית ויאו לייף 400 ג',פרוטרופיק סיה.,GR,גוש מוצרלה טבעונית,גרמים,400.00,100 גרם,false,,27.90,0.0697,true,1,1279900
5202390020407,false,פטה טבעונית גוש ויולייף 200 ג',ביוט איילנד פודס בעמ,GR,פטה טבעונית גוש,גרמים,200.00,100 גרם,false,,24.90,0.1245,true,1,2050683
5206759020701,false,סוכריות ג'לי בטעם פירות Exotic,,,סוכריות גלי אקזוטי 7,גרמים,700.00,100 גרם,false,,14.90,0.0213,true,1,1223554
5207227060502,false,זוג נורות לד 15W לבן,,,זוג נורות לד 15W לבן,יחידה,0.00,יחידה,false,,19.90,0.0000,true,1,2006633
5207227060533,false,זוג נורות לד 10W אור,,,זוג נורות לד 10W אור,יחידה,0.00,יחידה,false,,12.90,0.0000,true,1,2006634
5207227060595,false,שלישיית נורות לד 10W לבן,,,שלישיית נורות לד 10W,יחידה,0.00,יחידה,false,,19.90,0.0000,true,1,2006636
5207227060625,false,שלישיית נורות לד 15W לבן,,,שלישיית נורות לד 15W,יחידה,0.00,יחידה,false,,24.90,0.0000,true,1,2006637
5391523057929,false,סימילאק גולד שלב 1 תרכובת מזון על בסיס חלב,אבוט מעבדות רפואיות,IE,סימילאק גולד שלב 1 7,גרמים,700.00,100 גרם,false,,69.90,0.0999,true,1,1672687
5391523057936,false,סימילאק גולד שלב 2 תרכובת מזון על בסיס חלב,אבוט מעבדות רפואיות,IE,סימילאק גולד שלב 2 7,גרמים,700.00,100 גרם,false,,69.90,0.0999,true,1,1672688
5391523058063,false,סימילאק אדבנס פלוס 1 תרכובת מזון על בסיס חלב,טרופיקל דגיל תעשיות,IE,סימילאק אדוואנס שלב,גרמים,700.00,100 גרם,false,,64.90,0.0927,true,1,1709169
5391523058070,false,סימילאק אדבנס פלוס 3 תרכובת מזון על בסיס חלב,טרופיקל דגיל תעשיות,IE,סימילאק אדוואנס שלב,גרמים,700.00,100 גרם,false,,64.90,0.0927,true,1,1709170
5391523058087,false,סימילאק אדבנס פלוס 2 תרכובת מזון על בסיס חלב,טרופיקל דגיל תעשיות,IE,סימילאק אדוואנס שלב,גרמים,700.00,100 גרם,false,,64.90,0.0927,true,1,1709171
5410076379378,false,אבקת כביסה טייד קולור,טייד Tide,,"טייד קולור 5 ק""ג",קילוגרמים,5.00,"ק""ג",false,,49.90,9.9800,true,1,1157965
5410076933129,false,אריאל שושן צחור שקית 3קג,פרוקטר אנד גמבל,TR,"אריאל שושן צחור 2.5 ק""ג",קילוגרמים,3.00,"ק""ג",false,,27.90,9.3000,true,1,1276105
5410091648176,false,"פה - דאודורנט רול און לאישה פינק פרדייס 50 מ""ל",שוורצקופף והנקל,DE,פה דאודורנט רולאון פינק פ,מיליליטרים,50.00,"100 מ""ל",false,,15.90,0.3180,true,1,1170776
5410103161518,false,קרם יום עם פעולה משולשת לעור רגיל ומעורב,לוריאל Loreal,DE,קרם לחות פעולה משולשת50מ,מיליליטרים,50.00,"100 מ""ל",false,,44.90,0.8980,true,1,1151365
5410126006087,false,"לוטוס ביסקוויט קרמל 700 ג' בד""צ",לוטוס ביקרי נ.וי.,BE,ביסקפה לוטוס 700 גרם,גרמים,700.00,100 גרם,false,,24.90,0.0356,true,1,1157400
5410126006360,false,לוטוס עוגיות סנדוויץ' במילוי לוטוס 150 גר',לוטוס ביקרי בלגיה נ.,BE,לוטוס עוגיות סנדוויץ,גרמים,150.00,100 גרם,false,,8.90,0.0593,true,1,2093371
5410126006377,false,לוטוס עוגיות סנדוויץ' במילוי וניל 150 גר',לוטוס ביקרי בלגיה נ.,BE,לוטוס עוגיות סנדוויץ,גרמים,150.00,100 גרם,false,,8.90,0.0593,true,1,2093372
5410126106183,false,ביסקויט לוטוס קרמל 312 גר 50 יח ארוז,כלורוקס אוקלנד,BE,ביסקפה לוטוס 312 גרם,גרמים,312.00,100 גרם,false,,17.90,0.0574,true,1,1157403
5410126116953,false,ממרח עוגיות לוטוס קרמל 400 גר,לוטוס בייקרי בלגיה נ,BE,ממרח קרמל לוטוס 400,גרמים,400.00,100 גרם,false,,18.90,0.0472,true,1,1157404
5410126666038,false,לוטוס עוגיות קרמל 279 גרם,לוטוס ביקרי נ.וי,BE,ביסקפה לוטוס 276 גרם,גרמים,276.00,100 גרם,false,,12.90,0.0467,true,1,1781383
5410126716016,false,"ביסקוויט בטעם קרמל לוטוס בד""צ 250 ג'",לוטוס ביקרי בלגיה,BE,ביסקפה לוטוס 250 גרם,גרמים,250.00,100 גרם,false,,9.90,0.0396,true,1,1157405
5410126726947,false,ממרח עוגיות לוטוס קראנץ' 380 גרם,לוטוס בייקרי בלגיה נ,BE,ממרח עוגיות לוטוס 38,גרמים,380.00,100 גרם,false,,18.90,0.0497,true,1,1286921
5410228217732,false,פחית בירה סטלה ארטואה,מנדלז סי.אר. פרודקשן,BE,בירה סטלה ארטואה-פחי,מיליליטרים,440.00,"100 מ""ל",false,,12.90,0.0293,true,1,2046293
5410228267515,false,"שישיית בירה לאגר באדוויזר 6*330 מ""ל",באדווייזר Budweiser,GB,בירה באדוויזר שישייה,ליטרים,1.98,ליטר,false,,29.90,15.1010,true,1,1990427
5410291021991,false,צ`וקטה ממרח אגוזי לוז עם קקאו 700 גר`,צ'וקטה Chocketa,BE,ממרח אגוזי לוז 700 ג,גרמים,700.00,100 גרם,false,,18.90,0.0270,true,1,1323984
5410291022011,false,ממרח אגוזי לוז עם קקאוי 350 ג' צ'וקטה,צ'וקטה Chocketa,BE,ממרח אגוזי לוז צוקטה,גרמים,350.00,100 גרם,false,,11.90,0.0340,true,1,1323979
5410291022738,false,צ'וקטה ממרח חלב ואגוזי לוז עם קקאוי 350ג',צ'וקטה Chocketa,BE,ממרח אגוזי לוז צוקטה,גרמים,350.00,100 גרם,false,,11.90,0.0340,true,1,1476169
5410291022752,false,ממרח אגוזי לוז עם קקאו 350 גרם ווסטהיים,צ'וקטה Chocketa,BE,ממרח אגוזי לוז צוקטה,גרמים,350.00,100 גרם,false,,11.90,0.0340,true,1,1364483
5410291022776,false,ממרח אגוזים וקקאו 700 ג' צ'וקטה,צ'וקטה Chocketa,BE,ממרח אגוזי לוז 700 ג,גרמים,700.00,100 גרם,false,,18.90,0.0270,true,1,1364484
5410316983693,false,"סמירנוף אייס בודד 275 מ""ל",סמירנוף אייס Smirnoff ice,IT,סמירנוף אייס בודד,מיליליטרים,275.00,"100 מ""ל",false,,10.90,0.0396,true,1,1182523
5410769200088,false,"בירה מק שוף 330 מ""ל בקבוק",פארייפאבה אגרואינדוס,BE,"בירה מק שוף 330 מ""ל",ליטרים,330.00,100 ליטר,false,,14.90,0.0452,true,1,1359629
5410769800097,false,"בירה לה צרי שוף 8% 330 מ""ל בקבוק",פארייפאבה אגרואינדוס,BE,"בירה לה שוף 330 מ""ל",ליטרים,330.00,100 ליטר,false,,14.90,0.0452,true,1,1543232
5411188081852,false,אלפרו משקה סויה בטעם וניל 1 ל',הנסיך- מפעל לייצור ט,BE,אלפרו סויה וניל 1 ליטר *,ליטרים,1.00,ליטר,false,,14.90,14.9000,true,1,1185771
5411188094159,false,אלפרו מעדן סויה בטעם שוקו בלגי 125 גר*4,הנסיך- מפעל לייצור ט,BE,אלפרו מעדן סויה בטעם שוקו,גרמים,500.00,100 גרם,false,,16.90,0.0338,true,1,1185773
5411188096108,false,"שמנת לבישול ע""ב סויה 250 מ""ל אלפרו",אלפרו C.V.A,BE,"אלפרו לבישול ע""ב סויה 250",מיליליטרים,250.00,"100 מ""ל",false,,7.90,0.0316,true,1,1185774
5411188110835,false,אלפרו חלב סויה שקדים וניל 1ל',הנסיך- מפעל לייצור ט,BE,אלפרו משקה שקדים 1 ליטר,ליטרים,1.00,ליטר,false,,15.90,15.9000,true,1,1185779
5411188112549,false,משקה קוקוס אלפרו 1 ליטר משקה אורז 1 ליטר,הנסיך- מפעל לייצור ט,BE,אלפרו משקה אורז 1 ליטר,ליטרים,1.00,ליטר,false,,15.90,15.9000,true,1,1185782
5411188112709,false,"משקה קוקוס אלפרו 1 ליטר משקה שקדים לל""ס",הנסיך- מפעל לייצור ט,BE,אלפרו משקה שקדים ללא סוכר,ליטרים,1.00,ליטר,false,,15.90,15.9000,true,1,1220647
5411188115366,false,משקה קוקוס אלפרו 1 ליטר משקה שיבולת שועל 1 ליטר,הנסיך- מפעל לייצור ט,BE,אלפרו משקה שיבולת שועל 1,ליטרים,1.00,ליטר,false,,15.90,15.9000,true,1,1185784
5411188115434,false,משקה אלפרו בריסטה סויה 1 ליטר,אלפרו Alpro,BE,אלפרו בריסטה סויה 1ל,ליטרים,1.00,ליטר,false,,14.90,14.9000,true,1,2107861
5411188115472,false,אלפרו משקה סויה 1 ליטר,הנסיך- מפעל לייצור ט,BE,אלפרו משקה סויה,ליטרים,1.00,ליטר,false,,13.90,13.9000,true,1,2031398
5411188118732,false,אלפרו חלב משקה קוקוס שקדים 1 ל',הנסיך- מפעל לייצור ט,BE,משקה קוקוס שקדים אלפ,ליטרים,1.00,ליטר,false,,15.90,15.9000,true,1,1286604
5411188120957,false,"אלפרו תערובת לבישול על בסיס קוקוס 250 מ""ל",אלפרו Alpro,BE,שמנת קוקוס לבישול אל,מיליליטרים,250.00,"100 מ""ל",false,,7.90,0.0316,true,1,1506974
5411188121923,false,"אלפרו משקה סויה סידן מארז 250X3מ""ל",הנסיך- מפעל לייצור ט,BE,אלפרו חלב סויה סידן,מיליליטרים,750.00,"100 מ""ל",false,,13.90,0.0185,true,1,1620426
5411188121978,false,"משקה סויה בטעם שוקולד 3 * 250 מ""ל אלפרו",אלפרו C.V.A,BE,אלפרו חלב סויה סידן,מיליליטרים,750.00,"100 מ""ל",false,,13.90,0.0185,true,1,1585953
5411188124689,false,משקה שיבולת שועל ללא סוכר 1ל' אלפרו,אלפרו Alpro,BE,אלפרו שיבולת שועל לל,ליטרים,1.00,ליטר,false,,13.90,13.9000,true,1,2039246
5411188124726,false,אלפרו משקה שיבולת שועל שקדים 1 ליטר,הדקלאים אגודת שיתופי,BE,משקה שיבולת שועל שקד,ליטרים,1.00,ליטר,false,,15.90,15.9000,true,1,1585905
5411188127697,false,אלפרו משקה בריסטה שיבולת שועל 1 ליטר,הנסיך- מפעל לייצור ט,BE,אלפרו בריסטה שיבולת,ליטרים,1.00,ליטר,false,,14.90,14.9000,true,1,2031400
5411188129899,false,משקה אלפרו בריסטה שקדים 1 ליטר,הנסיך- מפעל לייצור ט,BE,אלפרו בריסטה שקדים,ליטרים,1.00,ליטר,false,,14.90,14.9000,true,1,2031401
5411188133476,false,אלפרו משקה סויה שוקו+חלבון 250 גרם בית יוסף,אלפרו C.V.A,BE,משקה אלפרו סויה שוק,מיליליטרים,250.00,"100 מ""ל",false,,6.90,0.0276,true,1,2094397
5411188135005,false,אלפרו 1.8% NOT M*LK שיבולת שועל 1 ליטר בית יוסף,הנסיך- מפעל לייצור ט,BE,משקה אלפרו 1.8% שיב,ליטרים,1.00,ליטר,false,,13.90,13.9000,true,1,2083875
5411188300328,false,אלפרו סויה בטעם שוקו 1 ליטר,הנסיך- מפעל לייצור ט,BE,אלפרו סויה שוקו 1 ליטר *,ליטרים,1.00,ליטר,false,,14.90,14.9000,true,1,1185787
5411188513483,false,"אלפרו סויה לבישול 14% שומן 250 מ""ל",אלפרו C.V.A,BE,אלפרו סויה לבישול 14,מיליליטרים,250.00,"100 מ""ל",false,,7.90,0.0316,true,1,2108194
5411188543398,false,אלפרו משקה סויה ללא סוכר 1 ליטר,הנסיך- מפעל לייצור ט,BE,אלפרו משקה סויה ללא,ליטרים,1.00,ליטר,false,,13.90,13.9000,true,1,2031402
5411663002846,false,"בירה Gulden Draak QUAD 10.5% מ""ל 330",Van steenberg,BE,בירה גולדן דראק 9000,מיליליטרים,330.00,"100 מ""ל",false,,14.90,0.0452,true,1,1363816
5411686700637,false,בירה ליפמנס קריק ברו,,,בירה ליפמנס קריק ברו,ליטרים,330.00,100 ליטר,false,,9.90,0.0300,true,1,1359680
5411718911963,false,"סיידר תפוחים סטרונגבואו רוזה 330 מ""ל",סטאסן ס.א,BE,סיידר רוזה סטרונגבאו,מיליליטרים,330.00,"100 מ""ל",false,,7.90,0.0239,true,1,2033925
5413149655522,false,"אבקת כביסה שושן צחור 1.25 ק""ג אריאל",פרוקטר אנד גמבל,TR,"אריאל 1.25 ק""ג שושן",קילוגרמים,1.25,"ק""ג",false,,19.90,15.9200,true,1,1158035
5413548040479,false,בונבוניירה רפאלו 240 גרם,קדבורי,PL,שוקולד רפאלו 240 גרם,גרמים,240.00,100 גרם,false,,22.90,0.0954,true,1,1174142
5601008200444,false,גודיס Goodies עוגיות טבעת מצופות שוקולד חלב,הנסיך- מפעל לייצור ט,PT,מרבה גודיס שוקולד חלב,גרמים,150.00,100 גרם,false,,5.90,0.0393,true,1,1185792
5601008200451,false,עוגיות גודיס מרבה טבעת מצופה שוקו' מריר 150ג',מרבה Merba,PT,מרבה גודיס שוקולד מריר,גרמים,150.00,100 גרם,false,,5.90,0.0393,true,1,1185793
5601008200468,false,עוגיות מרבה גודיס טבעת מצופה שוקו' לבן 150ג',קריניציה ויטמינה אס,PT,מרבה גודיס שוקולד לבן,גרמים,150.00,100 גרם,false,,5.90,0.0393,true,1,1185794
5601010111035,false,סרדין בשמן זית 125 גר רמירז,רמירז אנד קה פילהאוס,PT,סרדינים בשמן,גרמים,125.00,100 גרם,false,,9.90,0.0792,true,1,1995471
5601010211070,false,סרדין במים 125 גר רמירז,רמירז אנד קה פילהאוס,PT,סרדין במים,גרמים,125.00,100 גרם,false,,8.90,0.0712,true,1,1995472
5601036205534,false,צבע לשיער אקסלנס קרם - 1 שחור,לוריאל Loreal,BE,צבע שיער אקסלנס 1 LO,יחידה,0.00,יחידה,false,,34.90,0.0000,true,1,1151374
5601036205589,false,צבע לשיער אקסלנס קרם - 5 חום טבעי,לוריאל Loreal,BE,צבע שיער אקסלנס 5 LO,יחידה,0.00,יחידה,false,,34.90,0.0000,true,1,1151379
5601036205626,false,צבע לשיער אקסלנס קרם - 6 בלונד כהה,לוריאל Loreal,BE,צבע שיער אקסלנס 6 LO,יחידה,0.00,יחידה,false,,34.90,0.0000,true,1,1151383
5601036205725,false,לוריאל - אקסלנס קרם 10 בלונד מאוד מאוד בהיר,לוריאל Loreal,BE,צבע שיער אקסלנס 10 L,יחידה,0.00,יחידה,false,,34.90,0.0000,true,1,1151389
5601217129420,false,וולייט דפים למניעת העברת צבע 20 יחידות,רקיט בנקיזר,IT,וולייט דפים שומרי צב,יח',20.00,יח',false,,19.90,0.9950,true,1,1586034
5604912415041,false,סרדינים בשמן חמניה פורטוס 125 גרם,קונסרבס פורטוגל נורט,PT,סרדינים בשמן חמניה פ,גרמים,125.00,100 גרם,false,,6.90,0.0552,true,1,1878603
5604912415058,false,סרדינים בשמן חמניה חריף פורטוס 125 גרם,פורטוס Porthos,PT,סרדינים בשמן חמניה ח,גרמים,125.00,100 גרם,false,,6.90,0.0552,true,1,1878609
5604912425057,false,מקרלים בשמן חמניה חריף פורטוס 125 גרם,קונסרבס פורטוגל נורט,PT,מקרלים בשמן חמניה חר,גרמים,125.00,100 גרם,false,,6.90,0.0552,true,1,1878611
5701932026964,false,פופקורן להכנה במיקרוגל בטעם טבעי 6 שקיות,ליימן מותגים,US,הוט פופ מלוח 600 גרם,גרמים,600.00,100 גרם,false,,16.90,0.0282,true,1,1174144
5701932026971,false,פופקורן להכנה במיקרוגל בטעם חמאה 6 שקיות,ליימן מותגים,US,הוטפופ חמאה 600 גרם,גרמים,600.00,100 גרם,false,,16.90,0.0282,true,1,1174145
5701932026995,false,פופקורן להכנה במיקרוגל בטעם טבעי מופחת שומן 6 שקיות,קריניציה ויטמינה אס,US,פופקורן הוט פופ טבעי לייט,גרמים,510.00,100 גרם,false,,16.90,0.0331,true,1,1174146
5706516110039,false,הוטפופ בטעם טבעי מופחת שומן ונתרן 540 גר,ליימן מותגים,US,פופקורן עם מלח הוט פ,גרמים,540.00,100 גרם,false,,18.90,0.0350,true,1,2020896
5711953106583,false,גבינת שמנת בטעם טבעי 200 גרם ארלה,ארלה פודס אמבה,DK,גבינת שמנת ארלה 24.5,גרמים,200.00,100 גרם,false,,14.90,0.0745,true,1,1988983
5740900403215,false,ממרח מחמאת לורפק עם מלח 250 ג',לורפאק Lurpak,DK,ממרח לורפאק עם מלח 2,גרמים,250.00,100 גרם,false,,15.90,0.0636,true,1,1880101
5740900403222,false,ממרח לורפק חמאה עם מלח מופחת שומן 250 ג,לורפאק Lurpak,DK,ממרח לורפאק עם מלח מ,גרמים,250.00,100 גרם,false,,15.90,0.0636,true,1,1880102
5740900403239,false,ממרח מחמאת לורפק ללא מלח 250 ג',לורפאק Lurpak,DK,ממרח לורפאק בלי מלח,גרמים,250.00,100 גרם,false,,15.90,0.0636,true,1,1880103
5740900403246,false,ממרח מחמאת לורפק ללא מלח 500 ג',לורפאק Lurpak,DK,ממרח לורפאק בלי מלח,גרמים,500.00,100 גרם,false,,24.90,0.0498,true,1,1880104
5740900403253,false,ממרח מחמאת לורפק עם מלח 500 ג',לורפאק Lurpak,DK,ממרח לורפאק עם מלח 5,גרמים,500.00,100 גרם,false,,24.90,0.0498,true,1,1880105
5740900403260,false,ממרח מחמאת לורפק ללא מלח 27% פחות שומן,ארלה פודס אמבה,DK,ממרח לורפאק ללא מלח,גרמים,250.00,100 גרם,false,,15.90,0.0636,true,1,1880106
5740900403284,false,חמאה ללא מלח 200 גרם לורפק כשרות או קיי,לורפאק Lurpak,DK,חמאת לורפאק 200 גרם,גרמים,200.00,100 גרם,false,,10.90,0.0545,true,1,2024516
5740900403864,false,חמאה +מלח 200 גרם לורפק כשרות או קיי,ארלה פודס אמבה,DK,חמאת לורפאק 200 גרם,גרמים,200.00,100 גרם,false,,10.90,0.0545,true,1,2082988
5900020012814,false,דגנים נסקוויק מלחמת הכוכבים 500 גרם,מיוצר עי קונדיטוריית,PL,נסקוויק דגני בוקר תפוחים,גרמים,500.00,100 גרם,false,,24.90,0.0498,true,1,1156241
5900020015174,false,חטיף דגנים פיטנס Fitness עם שוקולד מריר,מיוצר עי קונדיטוריית,PL,פיטנס חטיף דגנים עם שוקול,גרמים,141.00,100 גרם,false,,15.90,0.1128,true,1,1156242
5900020018908,false,חטיף פיטנס דגנים עם עוגיות ופצפוצי שוקולד לבן,מיוצר עי קונדיטוריית,PL,פיטנס חטיף דגנים עם עוגיו,גרמים,141.00,100 גרם,false,,15.90,0.1128,true,1,1156248
5900020020710,false,נסטלה - קראנץ' שוקו וניל חטיף דגנים 25 גרם * 6,נסטלה פולין ברים,PL,קראנץ' חטיף דגנים שוקו-ונ,גרמים,150.00,100 גרם,false,,15.90,0.1060,true,1,1156249
5900020020741,false,חטיפי דגנים נסקוויק בר שוקו שוקו 6*25 גר,נסטלה פולין ברים,PL,נסקוויק חטיף דגנים שוקו-ש,גרמים,150.00,100 גרם,false,,15.90,0.1060,true,1,1156250
5900020024770,false,פיטנס - דליס חטיף דגנים שוקולד אגוז 22.50 גרם * 6,נסטלה פולין ברים,PL,פיטנס חטיף דגנים 141 גרם,גרמים,135.00,100 גרם,false,,15.90,0.1178,true,1,1265733
5900020024817,false,פיטנס דליס Fitness Delice חטיף דגנים עם שוקולד לבן,סי.פי.פולין,PL,פיטנס חטיף דגנים 141 גרם,גרמים,135.00,100 גרם,false,,15.90,0.1178,true,1,1265734
5900020025647,false,פיטנס דליס Fitness Delice חטיף דגנים עם שוקולד חלב,מיוצר עי קונדיטוריית,PL,פיטנס חטיף דגנים 141 גרם,גרמים,135.00,100 גרם,false,,15.90,0.1178,true,1,1265736
5900020026552,false,דגני בוקר האני נאט צ'יריוס בטעם דבש ושקדים,נסטלה צרפת איטנקורט,FR,דגני בוקר האני צ'ריו,גרמים,625.00,100 גרם,false,,24.90,0.0398,true,1,1305864
5900020029669,false,פיטנס - חטיף דגנים פירות יער 23.50 גרם * 6,נסטלה פולין ברים,PL,חטיף פיטנס פירות יער,גרמים,141.00,100 גרם,false,,15.90,0.1128,true,1,1520864
5900020031877,false,נסטלה האני ציריוס חטיף דגני בוקר שישייה,נסטלה פולין דגני בוק,PL,חטיף דגנים צ'יריוס,גרמים,132.00,100 גרם,false,,15.90,0.1205,true,1,1708227
5900020032539,false,מארז חטיף פיטנס שוקולד 8 X 23.5 גרם,נסטלה פולין ברים,PL,מארז חטיף פיטנס שוקו,גרמים,184.00,100 גרם,false,,15.90,0.0864,true,1,2080786
5900020034021,false,פיטנס בר דליס שוקולד בננה 8*23.5 גרם,מיוצר עי קונדיטוריית,IL,חטיף פיטנס דגנים שוק,גרמים,141.00,100 גרם,false,,15.90,0.1128,true,1,1909558
5900020036407,false,דגני בוקר ליון Lion בטעם שוקולד וקרמל,ג.נרל מילס,US,דגני בוקר ליון וקרמל,גרמים,480.00,100 גרם,false,,24.90,0.0519,true,1,2005685
5900020037916,false,דגני בוקר שיבולת שועל צ'ריוס 375ג',ג'נרל מילס סאן אדריא,FR,דגני בוקר צ'ריוס שיב,גרמים,375.00,100 גרם,false,,14.90,0.0397,true,1,2045693
5900020039132,false,דגני בוקר צ'יריוס משיבולת שועל בטעם תפוח עץ קינמון,סי. פי. פולין,IL,דגני בוקר ציריוס שוע,גרמים,320.00,100 גרם,false,,14.90,0.0466,true,1,2072127
5900020039590,false,פיטנס חטיף דגנים קלאסי פרווה 8 6*23.5 ג,נסטלה פולין ברים,PL,חטיף פיטנס דגנים קלא,גרמים,141.00,100 גרם,false,,15.90,0.1128,true,1,2080106
5900020039620,false,פיטנס חטיף דגנים שקדים ודבש פרווה 8 6*23 ג,נסטלה פולין ברים,PL,חטיף פיטנס דגנים שקד,גרמים,141.00,100 גרם,false,,15.90,0.1128,true,1,2080107
5900020041371,false,מארז חטיף פיטנס שוקולד מריר 23.5X6 גרם,נסטלה פולין ברים,PL,מארז חטיף פיטנס שוקו,גרמים,184.00,100 גרם,false,,15.90,0.0864,true,1,2137091
5900238587234,false,שוקולד מריר 62% ברון 100 גרם,,,שוקולד מריר 62% ברון,גרמים,100.00,100 גרם,false,,5.90,0.0590,true,1,1237800
5900352000770,false,שוקולד חלב ממולא ג'לי דובדבן Mella,,,בונבונירה 190 גרם,גרמים,190.00,100 גרם,false,,8.90,0.0468,true,1,1173121
5900352001821,false,שוקולד חלב ממולא ג'לי לימון Mella,,,בונבונירה 190 גרם,גרמים,190.00,100 גרם,false,,8.90,0.0468,true,1,1173123
5900352002866,false,חטיף שוקולד אליבי מק,אליבי מקס Alibi Max,,חטיף שוקולד אליבי מק,גרמים,49.00,100 גרם,false,,2.90,0.0592,true,1,1173125
5900352011356,false,חטיפי שוקולד עוגיות,,,חטיפי שוקולד עוגיות,גרמים,140.00,100 גרם,false,,5.90,0.0421,true,1,2124754
5900352012605,false,חטיף קוקוס אליבי 49,אליבי מקס Alibi Max,,חטיף קוקוס אליבי 49,גרמים,49.00,100 גרם,false,,2.90,0.0592,true,1,1173130
5900352014890,false,עוגיות יזיקי מריר תפ,,,עוגיות יזיקי מריר תפ,גרמים,140.00,100 גרם,false,,5.90,0.0421,true,1,2146255
5900352015576,false,וופל בלגי קוקוס 130,,,וופל בלגי קוקוס 130,גרמים,130.00,100 גרם,false,,3.90,0.0300,true,1,2146249
5900617015723,false,חטיף קרנצ' פרות יער,,,חטיף קרנצ' פרות יער,גרמים,40.00,100 גרם,false,,3.90,0.0975,true,1,2126567
5900617015945,false,חטיף קרנצ' אגוזים וש,,,חטיף קרנצ' אגוזים וש,גרמים,40.00,100 גרם,false,,3.90,0.0975,true,1,2126569
5900617015976,false,חטיף קרנצ' שזיף,,,חטיף קרנצ' שזיף,גרמים,40.00,100 גרם,false,,3.90,0.0975,true,1,2126570
5900617035882,false,חטיף חלבון נוטרישיין בטעם שוקולד,גרנייה,PL,חטיף חלבון פרוטאין 3,גרמים,50.00,100 גרם,false,,9.90,0.1980,true,1,2099945
5900617035905,false,חטיף חלבון נוטרישיין בטעם קרמל מלוח,גרנייה,PL,חטיף חלבון פרוטאין 3,גרמים,50.00,100 גרם,false,,9.90,0.1980,true,1,2099946
5900617035929,false,חטיף חלבון נוטרישיין בטעם וניל תות יער,גרנייה,PL,חטיף חלבון פרוטאין 3,גרמים,50.00,100 גרם,false,,9.90,0.1980,true,1,2099947
5900627066715,false,טבליות למדיח פיניש הכל ב-1 100 יח,רקיט בנקיזר,PL,פיניש 100 טבליות למד,יח',100.00,יח',false,,59.90,0.5990,true,1,1365909
5900951283963,false,חטיף סניקרס עם חמאת בוטנים Creamy Peanut Butter,סנו מפעלי ברונוס.,PL,חטיף סניקרס קרמי חמא,גרמים,57.00,100 גרם,false,,3.90,0.0684,true,1,2090135
5901105745122,false,כוס מאג פלורידה 375,,,כוס מאג פלורידה 375,יחידה,0.00,יחידה,false,,6.90,0.0000,true,1,1999099
5901105745252,false,"כוס מאג גמבו 450 מ""ל",,,"כוס מאג גמבו 450 מ""ל",יחידה,0.00,יחידה,false,,7.90,0.0000,true,1,2009681
5901414200411,false,ביסקוויט מיניס ממולא שוקולד היט 130 גר,ליימן שליסל,PL,ביסקוויט מיני ממולא,גרמים,130.00,100 גרם,false,,6.90,0.0531,true,1,1174148
5901669485649,false,ברון שוקולד מריר 80% 100 גרם,,PL,שוקולד דק מריר 80%,גרמים,100.00,100 גרם,false,,6.90,0.0690,true,1,1237817
5901669485663,false,ברון שוקולד מריר תפוז 100 גרם,,PL,שוקולד דק מריר תפוז,גרמים,100.00,100 גרם,false,,6.90,0.0690,true,1,1237818
5901669486196,false,שוקולד ברון חלב בוטנ,,,שוקולד ברון חלב בוטנ,גרמים,300.00,100 גרם,false,,11.90,0.0397,true,1,1237822
5901677009011,false,שוקולד מריר 70% ברון 100 גרם,,,שוקולד ברון מריר 70%,גרמים,100.00,100 גרם,false,,5.90,0.0590,true,1,1237840
5902198160403,false,"משקה אנרגיה XL TEN פחית לל""ס 250מ""ל","טמפו משקאות בע""מ",IL,משקה XL בפחית,מיליליטרים,250.00,"100 מ""ל",false,,4.30,0.0172,true,1,1424000
5902581683793,false,שוקולד חלב ממולא קרמ,,,שוקולד חלב ממולא קרמ,גרמים,100.00,100 גרם,false,,4.90,0.0490,true,1,2129248
5902581683816,false,שוקולד חלב ממולא תות,,,שוקולד חלב ממולא תות,גרמים,100.00,100 גרם,false,,4.90,0.0490,true,1,2129249
5902581689344,false,ברון שוקולד מריר 70% עם קפה 100 גרם,,PL,שוקולד דק מריר קפה 7,יחידה,0.00,יחידה,false,,6.90,0.0000,true,1,2151147
5904603190265,false,עגבניות צהובות בחומץ,,,עגבניות צהובות בחומץ,גרמים,850.00,100 גרם,false,,12.90,0.0152,true,1,2120175
5904603190654,false,שימורי עגבניות צהוב-אדום בחומץ 850 גר,,PL,עגבניות צהוב אדום בח,גרמים,880.00,100 גרם,false,,12.90,0.0147,true,1,2120160
5904603190739,false,אסורטי ירקות,,,אסורטי ירקות,גרמים,860.00,100 גרם,false,,12.90,0.0150,true,1,2120162
5904941750312,false,"משקה אנרגיה BLU מוחיטו בודד 250 מ""ל",אקו - ביט,PL,משקה בלו מוחיטו,מיליליטרים,250.00,"100 מ""ל",false,,4.20,0.0168,true,1,1218149
5904941751302,false,"משקה אנרגיה בלו 250 מ""ל- בודד",אקו - ביט,PL,BLU משקה אנרגיה 250מ,מיליליטרים,250.00,"100 מ""ל",false,,4.20,0.0168,true,1,1190072
5904941751371,false,"בלו אקזוטי (מלון תפוח) 250 מ""ל בודד",,,משקה בלו דיי אקזו,מיליליטרים,250.00,"100 מ""ל",false,,3.90,0.0156,true,1,1523816
5904941751524,false,"משקה אנרגיה BLU DAY אבטיח בודד 250 מ""ל",אקו - ביט,PL,משקה בלו דיי אבטיח,מיליליטרים,250.00,"100 מ""ל",false,,4.20,0.0168,true,1,1218151
5904941751715,false,"משקה אנרגיה בלו קרנברי 250 מ""ל -בודד",אקו - ביט,PL,משקה אנרגיה 250 מל,מיליליטרים,250.00,"100 מ""ל",false,,3.90,0.0156,true,1,1190073
5904941751920,false,בלו משקה אנרגיה דיי חצי מכמות הקלו250 מל,אקו - ביט,PL,משקה בלו דיי,מיליליטרים,250.00,"100 מ""ל",false,,4.20,0.0168,true,1,1218154
5904941752262,false,משקה אנרגיה בטעם לימון ליים ללא תוספת סוכר,אקווה ויט,PL,משקה אנרגיה BLU SUGA,מיליליטרים,250.00,"100 מ""ל",false,,4.20,0.0168,true,1,2032128
5906485301012,false,"משקה אנרגיה XL פחית 250 מ""ל","טמפו משקאות בע""מ",IL,"משקה XL בפחית 250 מ""",מיליליטרים,250.00,"100 מ""ל",false,,4.30,0.0172,true,1,1171688
5997321701806,false,אבקה למניעת אבנית במכונת כביסה 2 ב-1,רקיט בנקיזר פולין,PL,אבקה למניעת אבנית 1ק,קילוגרמים,1.00,"ק""ג",false,,29.90,29.9000,true,1,1479999
5998623526739,false,"יין סי גראס גוורצטרמינר 750 מ""ל",דנוביאנה,HU,יין גוורצטרמינר,מיליליטרים,750.00,"100 מ""ל",false,,29.90,0.0399,true,1,1982861
5998710131877,false,בונבונטי חטיף דובדבן בשוקולד 36 גרם,,HU,סוכריות שוקולד 36 CH,גרמים,36.00,100 גרם,false,,3.90,0.1083,true,1,1849758
6001067017332,false,קולגייט מברשת שיניים מדיום 360 אופטיק ווייט,קולגייט,CN,מברשת שיניים קולגייט,יחידה,0.00,יחידה,false,,10.00,0.0000,true,1,1323224
6001067017523,false,קולגייט מברשת שיניים ילדים ספידרמן-ברבי 5+,יבואן ומשווק: ש. שסט,CN,קולגייט מברשת ילדים ספידר,יח',1.00,יח',false,,18.90,18.9000,true,1,1185796
6001067017530,false,קולגייט מברשת שיניים לילדים ספיידרמן,יבואן ומשווק: ש. שסט,CN,קולגייט מברשת ילדים ספידר,יחידה,0.00,יחידה,false,,18.90,0.0000,true,1,1185797
6009188004828,false,קיט קט צ'אנקי לבן 40ג,נסטלה,DE,חטיף קיט קט צ'אנקי ל,גרמים,40.00,100 גרם,false,,3.90,0.0975,true,1,2137106
6111094000198,false,קוסקוס דארי דק 350 גרם,קרמה מן,MA,קוסקוס דארי 350 גרם,גרמים,350.00,100 גרם,false,,5.90,0.0169,true,1,1629812
6111094000242,false,תומר קוסקוס דארי דק 500גר,דרי קוספט,MA,קוסקוס דארי דק 500 ג,גרמים,500.00,100 גרם,false,,7.90,0.0158,true,1,1186628
6111094000259,false,קוסקוס דארי בינוני 500ג'18X,דארי Dari,MA,קוסקוס דארי בינוני 0,גרמים,500.00,100 גרם,false,,7.90,0.0158,true,1,1186629
6111094002123,false,דארי אטריות דקות תוספת 10% 550 גרם,דארי,MA,איטריות דקות דארי,גרמים,550.00,100 גרם,false,,7.90,0.0144,true,1,2142197
6253017300012,false,טחינה קראוון המקורית,אחדות ביחר לטחינה ח,IL,טחינה גולמית קראוון,גרמים,450.00,100 גרם,false,,14.90,0.0331,true,1,1194474
6253017300029,false,טחינה גולמית קרוואן,קרואן Karawan,,טחינה גולמית קרוואן,גרמים,950.00,100 גרם,false,,22.90,0.0241,true,1,1194475
6281001510390,false,מברשת שיניים לילדים אקסטרא סופט לגילאי 0-2,קולגייט Colgate,CN,קולגייט מברשת ילדים 0-2 ח,יח',1.00,יח',false,,18.90,18.9000,true,1,1185803
6920354822223,false,משחת שיניים נטורל גינגר קוקוס קולגייט 90 ג',קולגייט פלמוליב,PL,משחת שניים קולגייט נ,מיליליטרים,68.00,"100 מ""ל",false,,14.90,0.2191,true,1,2079349
6922163616659,false,תה ירוק שקיקים 40 גר,טעמי אסיה Taste of Asia,TH,תה ירוק שקיקים 40 גרם-כשר,גרמים,40.00,100 גרם,false,,7.90,0.1975,true,1,1190100
6922163616666,false,תה ירוק עם יסמין 20 שקיקים,טעמי אסיה Taste of Asia,CN,תה ירוק עם יסמין -שקיקים,גרמים,40.00,100 גרם,false,,7.90,0.1975,true,1,1190101
6935673035612,false,כפפות אלוורה להקלה על עור יבש - קטן S,מ.א ייצור ושיווק מטל,CN,כפפות אלוורה 1/120 S,יחידה,0.00,יחידה,false,,5.90,0.0000,true,1,1174357
6935673035629,false,כפפות אלוורה להקלה על עור יבש - בינוני M,מ.א ייצור ושיווק מטל,CN,כפפות אלוורה 1/120 M,יחידה,0.00,יחידה,false,,5.90,0.0000,true,1,1174358
6935673035636,false,כפפות אלוורה להקלה על עור יבש - גדול L,מ.א ייצור ושיווק מטל,CN,כפפות אלוורה 1/120 L,יח',2.00,יח',false,,5.90,2.9500,true,1,1174359
6937266703458,false,שיק היידרו סילק מכשיר+2 סכינים לנשים,שסטוביץ,CN,מכשיר גילוח שיק הייד,יחידה,0.00,יחידה,false,,17.90,0.0000,true,1,2003019
6944027000428,false,תה סיני 250 גר,,,תה סיני,גרמים,250.00,100 גרם,false,,9.90,0.0396,true,1,1198251
6971071749379,false,כבל לאייפון,,,כבל לאייפון,יחידה,0.00,יחידה,false,,9.90,0.0000,true,1,2038796
6971071749478,false,אוזניות סיליקון,,,אוזניות סיליקון,יחידה,0.00,יחידה,false,,9.90,0.0000,true,1,2038806
6971071749485,false,אוזניות סיליקון,,,אוזניות סיליקון,יחידה,0.00,יחידה,false,,9.90,0.0000,true,1,2038807
7038513866311,false,גורדן מברשת ילדים T51 סופט סטפ בי סטפ,ג'ורדן Jordan,MY,ג'ורדן מברשת לילדים 3-5,יח',1.00,יח',false,,12.90,12.9000,true,1,1199845
7038513866328,false,גורדן מברשת ילדים 6-9 סופט סטפ בי סטפ,ג'ורדן Jordan,MY,ג'ורדן מברשת לילדים 6-8,יח',1.00,יח',false,,12.90,12.9000,true,1,1199846
7038516140357,false,ג'ורדן מברשת טוטאל קלין סופט רביעייה,מיוצר במלזיה עבור ג',NO,ג'ורדן מברשת טוטאל קלין ס,יח',4.00,יח',false,,14.90,3.7250,true,1,1199851
7038516140418,false,מברשת שיניים גורדן טוטל קלין מדיום 4 י,ג'ורדן Jordan,MY,ג'ורדן מברשת טוטאל קלין מ,יח',4.00,יח',false,,14.90,3.7250,true,1,1199852
7038516550309,false,מברשת שיניים גורדן,ג'ורדן Jordan,MY,ג'ורדן מ.שיניים אינדיבידו,יחידה,0.00,יחידה,false,,14.90,0.0000,true,1,1199857
7046110052686,false,גורדן חוט דנטלי מנטה יומי 50 מטר,דנטלון,MY,חוט דנטלי גורדן בניח,מטרים,50.00,מטר,false,,9.90,0.1980,true,1,2143916
7046110064535,false,מארז זוג מברשת שיניים ג'ורדן ילדים 0-2,ג'ורדן Jordan,MY,מברשת שיניים 0-2 ג'ו,יח',1.00,יח',false,,14.90,14.9000,true,1,1555936
7046110069868,false,גורדן מברשת שיניים לילדים 9+ SMILE,General,,מברשת שיניים גורדן,יח',1.00,יח',false,,12.90,12.9000,true,1,1345607
7046110071519,false,"ג'ורדן משחת שיניים לילדים( 2-6 ) 50מ""ל",דנטלון,SE,מברשת שיניים 2-6 ג'ו,מיליליטרים,50.00,"100 מ""ל",false,,9.90,0.1980,true,1,2044967
7046110075036,false,גורדן רביעייה מברשות שיניים אולטימייט יו,דנטלון,MY,מברשת שיניים גורדן א,יח',4.00,יח',false,,14.90,3.7250,true,1,1988580
7290000000996,false,סברס מקולף,,,שתיה קרה,יחידה,0.00,יחידה,false,,8.00,0.0000,true,1,1977249
7290000001134,false,רביעייה סופגניות,,,רביעייה סופגניות,יח',4.00,יח',false,,10.00,2.5000,true,1,2039079
7290000001135,false,שמינייה סופגניות מינ,,,שמינייה סופגניות מינ,יחידה,0.00,יחידה,false,,14.90,0.0000,true,1,2039080
7290000001603,false,מארז מסיכות 50 יח',,,מארז מסיכות 50 יח',יח',50.00,יח',false,,9.90,0.1980,true,1,2010410
7290000003001,false,חלה ויזניץ לשבת,,,חלה ויזניץ לשבת,יחידה,0.00,יחידה,false,,17.90,0.0000,true,1,2137107
7290000010625,false,חלבה פיסטוק/פקאן סינ,,,חלבה פיסטוק/פקאן סינ,קילוגרמים,1.00,"ק""ג",true,,49.00,49.0000,true,1,1196866
7290000010809,false,צ'יאה,,,צ'יאה,קילוגרמים,1.00,"ק""ג",true,,30.00,30.0000,true,1,1210873
7290000010816,false,גוג'י ברי,,,גוג'י ברי,קילוגרמים,1.00,"ק""ג",true,,60.00,60.0000,true,1,1210874
7290000010885,false,בוטן הולנדי,,,בוטן הולנדי,קילוגרמים,1.00,"ק""ג",true,,59.00,59.0000,true,1,1216075
7290000010953,false,גבינה צהובה 28% נועם,,,גבינה צהובה 28% נועם,קילוגרמים,1.00,"ק""ג",true,,44.75,44.7500,true,1,1176089
7290000010984,false,גבינה צהובה 9% נועם,טרה,IL,חריץ גבינה צהובה נעם 9% ב,קילוגרמים,1.00,"ק""ג",true,,71.00,71.0000,true,1,1176090
7290000010991,false,גבינה צהובה 22% נועם,טרה,IL,חריץ גבינה צהובה נעם 22%,קילוגרמים,1.00,"ק""ג",true,,42.55,42.5500,true,1,1562168
7290000011462,false,עצמות מח טרי,,,עצמות מח טרי,קילוגרמים,1.00,"ק""ג",true,,49.90,49.9000,true,1,1213670
7290000011639,false,אפונה וואסבי חריף,,,אפונה וואסבי חריף,קילוגרמים,1.00,"ק""ג",true,,39.00,39.0000,true,1,1216077
7290000011646,false,בוטן יפני רביולי גרי,,,בוטן יפני רביולי גרי,קילוגרמים,1.00,"ק""ג",true,,59.00,59.0000,true,1,1216078
7290000011691,false,פרכיות אורז,,,פרכיות אורז,קילוגרמים,1.00,"ק""ג",true,,59.00,59.0000,true,1,1216082
7290000012384,false,"גבינה עמק מרוסקת ק""ג",,,"גבינה עמק מרוסקת ק""ג",קילוגרמים,1.00,"ק""ג",true,,44.75,44.7500,true,1,1216389
7290000018225,false,"חמניות קלופות 1 ק""ג",,,"חמניות קלופות 1 ק""ג",קילוגרמים,1.00,"ק""ג",true,,29.00,29.0000,true,1,1362298
7290000018232,false,אדממה,,,אדממה,קילוגרמים,1.00,"ק""ג",true,,49.00,49.0000,true,1,1557780
7290000018355,false,חמוציות שלמות,,,חמוציות שלמות,קילוגרמים,1.00,"ק""ג",true,,69.00,69.0000,true,1,1545549
7290000019666,false,פקאן קלוי מלוח,שקדיה,,פקאן קלוי מלוח,קילוגרמים,1.00,"ק""ג",true,,99.00,99.0000,true,1,1564174
7290000019673,false,צימוק גדול שחור,,,צימוק גדול שחור,קילוגרמים,1.00,"ק""ג",true,,39.00,39.0000,true,1,1585511
7290000021294,false,דונאטס רביעייה,,,דונאטס רביעייה,יחידה,0.00,יחידה,false,,19.90,0.0000,true,1,1989693
7290000022635,false,שלישייה דונאטס בטעמי,,,שלישייה דונאטס בטעמי,יחידה,0.00,יחידה,false,,10.00,0.0000,true,1,2094259
7290000023007,false,"ברנדי שטוק 84 40% 750 מ""ל","יקבי ברקן בע""ם",IL,"ברנדי שטוק 84 750 מ""",מיליליטרים,750.00,"100 מ""ל",false,,81.90,0.1092,true,1,1171516
7290000023083,false,ערק אשקלון 40% בקבוק,"יקבי ברקן בע""מ",IL,ערק אשקלון 40% 700 מ,מיליליטרים,700.00,"100 מ""ל",false,,59.90,0.0856,true,1,1171518
7290000023809,false,"יין ברקן קלאסיק קברנה סובניון 750מ""ל",יקבי ברקן שיווק והפצ,IL,יין קברנה סובניון 75,מיליליטרים,750.00,"100 מ""ל",false,,39.90,0.0532,true,1,1171535
7290000023816,false,"יין ברקן קלאסיק אמרלד ריזלינג 750מ""ל",יקבי ברקן שיווק והפצ,IL,יין אמרלד ריזלינג 75,מיליליטרים,750.00,"100 מ""ל",false,,32.90,0.0439,true,1,1171536
7290000023823,false,יין סוביניון בלאן קלסיק 750 מל,יקבי ברקן שיווק והפצ,IL,קלאסיק סובניון בלאן,מיליליטרים,750.00,"100 מ""ל",false,,32.90,0.0439,true,1,1171537
7290000023830,false,יין קלאסיק שיראז רוזה 750 מל,טמפו ברקן 5%,IL,קלאסיק שיראז רוזה 75,מיליליטרים,750.00,"100 מ""ל",false,,32.90,0.0439,true,1,1171538
7290000023847,false,יין שרדונה קלאסיק 750 מל,יקבי ברקן שיווק והפצ,IL,"יין שרדונה 750 מ""ל",מיליליטרים,750.00,"100 מ""ל",false,,32.90,0.0439,true,1,1171539
7290000023977,false,"יין ברקן קלאסיק מרלו 750 מ""ל",יקבי ברקן שיווק והפצ,IL,"יין מרלו 750 מ""ל",מיליליטרים,750.00,"100 מ""ל",false,,39.90,0.0532,true,1,1171542
7290000024523,false,מיץ ענבים של סגל 1 ליטר,כרמי צבי - האחים סגל,IL,יין תירוש מתוק,ליטרים,1.00,ליטר,false,,12.90,12.9000,true,1,1336100
7290000024530,false,יין אדום מתוק לקידוש של סגל ^^^,כרמי צבי - אחים סגל,IL,יין אדום מתוק של סגל,מיליליטרים,750.00,"100 מ""ל",false,,18.90,0.0252,true,1,1171558
7290000026565,false,חטיפים מתוקים בתפזור,,,חטיפים מתוקים בתפזור,קילוגרמים,1.00,"ק""ג",true,,40.00,40.0000,true,1,2114876
7290000034034,false,דגן קרקר עם חיטה מלא,אפיפית נצרת,IL,קרקר דגני ללא סוכר וללא מ,גרמים,250.00,100 גרם,false,,7.90,0.0316,true,1,1194562
7290000034256,false,ביסקוויט תירוש חצי מצופה הדר 175ג',אפיפית נצרת תעשיות ב,IL,חצי מצופה תירוש רגיל 24/0,גרמים,175.00,100 גרם,false,,5.90,0.0337,true,1,1194563
7290000040042,false,יוגורט תות %3 גביע 150 ג' יופלה,תנובה חלב,IL,יופלה תות 3%.,גרמים,150.00,100 גרם,false,,4.70,0.0313,true,1,1186764
7290000040066,false,יוגורט דובדבן 3% שומן 150 ג' יופלה,תנובה מרכז שיתופי לש,IL,יופלה דובדבן.,גרמים,150.00,100 גרם,false,,4.70,0.0313,true,1,1186766
7290000040080,false,יוגורט אפרסק 3% שומן 150 ג' יופלה,תנובה חלב,IL,יופלה אפרסק 3%.,גרמים,150.00,100 גרם,false,,4.70,0.0313,true,1,1186767
7290000040301,false,"גבינת קולאז קממבר עין גדי 24%, 125 ג'",תנובה מרכז שיתופי לש,IL,גבינה עין גדי /קממבר,גרמים,125.00,100 גרם,false,,18.90,0.1512,true,1,1186768
7290000040974,false,חלב תנובה קרטון דל לקטוז 2% 1ל,תנובה מרכז שיתופי לש,IL,חלב טרי דל לקטוז 2%,ליטרים,1.00,ליטר,false,,6.90,6.9000,true,1,1186772
7290000041445,false,גבינת קוטג מהדרין 5% 250 גרם,מיוצר עי קונדיטוריית,IL,"קוטג' 5% בד""צ תנובה",גרמים,250.00,100 גרם,false,,5.40,0.0216,true,1,1186773
7290000041858,false,"שמנת חמוצה 15% יטבתה 200 מ""ל מהדרין",שטראוס גרופ,IL,שמנת חמוצה 15% מועשרת מהד,גרמים,200.00,100 גרם,false,,2.50,0.0125,true,1,1188641
7290000041865,false,"לבן 4.5% יטבתה מהדרין 200מ""ל",שטראוס גרופ,IL,לבן 4.5% שומן- מהדרין,גרמים,200.00,100 גרם,false,,2.00,0.0100,true,1,1188642
7290000042015,false,חלב טרי 3% תנובה שקית 1ל' מהדרין,תנובה מרכז שיתופי לש,IL,חלב שקית 3% שומן -מה,ליטרים,1.00,ליטר,false,,5.40,5.4000,true,1,1186776
7290000042404,false,חלב יוטבתה מועשר 3% שקית 1ל',שטראוס גרופ,IL,חלב שקית מהדרין 3% מועשר,ליטרים,1.00,ליטר,false,,5.90,5.9000,true,1,1188644
7290000042435,false,חלב דל שומן בקרטון+פקק 1 ליטר 1%,תנובה מרכז שיתופי לש,IL,חלב 1% שומן בקרטון 1,ליטרים,1.00,ליטר,false,,5.85,5.8500,true,1,1186781
7290000042503,false,חלב עמיד קרטון 3% 1 ל' תנובה,תנובה מרכז שיתופי לש,IL,חלב עמיד 3% שומן 1 ל,ליטרים,1.00,ליטר,false,,6.80,6.8000,true,1,1186784
7290000042640,false,"חלב תנובה עמיד 3% קרטון 250 מ""ל",תנובה מרכז שיתופי לש,IL,"חלב עמיד 3% 250 מ""ל.",מיליליטרים,250.00,"100 מ""ל",false,,2.50,0.0100,true,1,1186787
7290000042855,false,יוטבתה שוקו שקית 225מל,שטראוס גרופ,IL,*פריט החזרות* שוקו שקית ב,מיליליטרים,225.00,"100 מ""ל",false,,2.40,0.0107,true,1,1188645
7290000043012,false,"שוקו עמיד 2% בקרטון 250 מ""ל תנובה",תנובה מרכז שיתופי לש,IL,"שוקו עמיד 250 מ""ל.",מיליליטרים,250.00,"100 מ""ל",false,,4.50,0.0180,true,1,1186791
7290000043111,false,חמאת תנובה 200ג רבנות,תנובה מרכז שיתופי לש,IL,חמאה 200 גרם.,גרמים,200.00,100 גרם,false,,7.80,0.0390,true,1,1186792
7290000043814,false,"שמנת מתוקה להקצפה 38% 250 מ""ל תנובה",תנובה מרכז שיתופי לש,IL,שמנת עמידה לקצפת 38%,מיליליטרים,250.00,"100 מ""ל",false,,6.40,0.0256,true,1,1186794
7290000043890,false,רוויון קרטון 1 ליטר %1.5,תנובה מרכז שיתופי לש,IL,משקה רויון 1.5% שומן,ליטרים,1.00,ליטר,false,,10.90,10.9000,true,1,1186796
7290000045573,false,גבינת מותכת משולשים 25% שומן 200 ג' נעמה,תנובה חלב,IL,גבינה נעמה.,גרמים,200.00,100 גרם,false,,13.90,0.0695,true,1,1186803
7290000045580,false,"גבינת מותכת נעמה חורש 25%, 240 ג'",תנובה מרכז שיתופי לש,IL,גבינה חורש.,גרמים,240.00,100 גרם,false,,16.90,0.0704,true,1,1186804
7290000045917,false,תנובה גבינת פרומעז 23% גלילית 200ג,תנובה חלב,IL,גבינת עזים פרומעז גל,גרמים,200.00,100 גרם,false,,24.90,0.1245,true,1,1186806
7290000046020,false,גלבוע גבינה שמנה במש,תנובה מרכז שיתופי לש,IL,"גבינה גלבוע בלוק ק""ג",קילוגרמים,1.00,"ק""ג",true,,42.55,42.5500,true,1,1186809
7290000046501,false,גבינה טל העמק בלוק ק,,,גבינה טל העמק בלוק ק,קילוגרמים,1.00,"ק""ג",true,,59.00,59.0000,true,1,1186814
7290000046563,false,קולאז פרמזן חריץ במש,תנובה מרכז שיתופי לש,IL,"פרמזן בלוק ק""ג",קילוגרמים,1.00,"ק""ג",true,,120.00,120.0000,true,1,1186817
7290000046662,false,סקנדינבית חריץ מעדני,תנובה מרכז שיתופי לש,IL,"גבינה סקנדינבית ק""ג.",קילוגרמים,1.00,"ק""ג",true,,79.00,79.0000,true,1,1186820
7290000047485,false,גבינה בולגרית במשקל,תנובה מרכז שיתופי לש,IL,בולגרית 24% שומן פח,קילוגרמים,1.00,"ק""ג",true,,59.00,59.0000,true,1,1186825
7290000047546,false,כנען גבינה לבנה 5% 500 גרם ללא מלח,תנובה מרכז שיתופי לש,IL,גבינה כנען 5% 500 גר,גרמים,500.00,100 גרם,false,,22.90,0.0458,true,1,1186826
7290000048185,false,גבינה לבנה 5% שומן 250 ג' תנובה,מיוצר עי קונדיטוריית,IL,גבינה למריחה 5% מהדר,גרמים,250.00,100 גרם,false,,4.95,0.0198,true,1,1186831
7290000048192,false,גבינה לבנה 9% שומן 250 ג' תנובה,מחלבת אלון תבור,IL,גבינה למריחה 9% 250,גרמים,250.00,100 גרם,false,,4.70,0.0188,true,1,1186832
7290000048307,false,גבינת קוטג 5% עם זיתים 250ירוקים גרם,מיוצר עי קונדיטוריית,IL,קוטג' 5% תנובה עם זי,גרמים,250.00,100 גרם,false,,5.90,0.0236,true,1,1186833
7290000048413,false,גבינה חמד %16 שקית 250 ג' פיראוס,תנובה מרכז שיתופי לש,IL,גבינה חמד פיראוס שקי,גרמים,250.00,100 גרם,false,,17.90,0.0716,true,1,1186834
7290000048437,false,גבינה צפתית 5% 200 ג' פיראוס,פארייפאבה אגרואינדוס,IL,צפתית 5% פיראוס 200,גרמים,200.00,100 גרם,false,,13.90,0.0695,true,1,1186835
7290000051307,false,מארז הפסקת אוכל עם דגני עוגי ומשקה חלב עמיד בטעם וניל,תנובה מרכז שיתופי לש,IL,מארז הפסקת אוכל וניל,מיליליטרים,150.00,"100 מ""ל",false,,7.90,0.0527,true,1,1186850
7290000051352,false,חלב מלא בטעם של פעם 3.4% תנובה קרטון 1 ל',תנובה מרכז שיתופי לש,IL,חלב מלא תנובה 3.5%-4,ליטרים,1.00,ליטר,false,,7.40,7.4000,true,1,1186851
7290000051376,false,יופלה דיאט אננס ספורטיבי 0% 150גר,תנובה מרכז שיתופי לש,IL,יופלה דיאט אננס ספור,גרמים,150.00,100 גרם,false,,4.70,0.0313,true,1,1186852
7290000051710,false,לאבנה 9% עם שמן זית וזעתר 263 ג' פיראוס,"תנובה, מחלבת אלון תב",IL,לאבנה פיראוס עם זעתר,גרמים,263.00,100 גרם,false,,12.90,0.0490,true,1,1186854
7290000052311,false,עמק פרוס בקופסא 200 גר 15% שומן,תנובה מרכז שיתופי לש,IL,עמק פרוס 15% שומן בק,גרמים,200.00,100 גרם,false,,15.90,0.0795,true,1,1186860
7290000052649,false,גבינת לאבנה 5% שומן 500 ג' פיראוס,תנובה מרכז שיתופי לש,IL,לבנה 5% אסלית על בסי,גרמים,500.00,100 גרם,false,,19.90,0.0398,true,1,1186863
7290000055015,false,גבינת פיראוס פטה כבשים 5% 250 ג' פיראוס,תנובה מרכז שיתופי לש,IL,גבינה פטה כבשים 5% פ,גרמים,250.00,100 גרם,false,,25.90,0.1036,true,1,1186880
7290000055329,false,משקה יוגורט יופלה בטעם תות-מלון 250 גר,תנובה מרכז שיתופי לש,IL,משקה יוגורט יופלה תו,גרמים,250.00,100 גרם,false,,4.90,0.0196,true,1,1186883
7290000055336,false,משקה יוגורט יופלה בטעם בננה אפרסק 250 גר,תנובה מרכז שיתופי לש,IL,משקה יוגורט יופלה בנ,גרמים,250.00,100 גרם,false,,4.90,0.0196,true,1,1186884
7290000055343,false,משקה יוגורט יופלה פירות טרופיים 250 גרם,תנובה מרכז שיתופי לש,IL,משקה יוגורט יופלה טר,גרמים,250.00,100 גרם,false,,4.90,0.0196,true,1,1186885
7290000056081,false,מאגדת פרילי טבע 6 יח' * 200 ג',מיוצר עי קונדיטוריית,IL,מאגדת 6 פרילי טבע- 2,גרמים,1200.00,100 גרם,false,,21.90,0.0182,true,1,1186889
7290000056845,false,חלב טרי 3% הומוגני קרטון 1.5 ל' תנובה,פארייפאבה אגרואינדוס,IL,חלב טרי הומוגני 3% ש,ליטרים,1.50,ליטר,false,,9.30,6.2000,true,1,1186899
7290000056883,false,יופלה מאגדת פרי 3% 8 יח' * 150 ג',תנובה מרכז שיתופי לש,IL,מאגדת 8 יופלה טעמים,גרמים,1200.00,100 גרם,false,,28.90,0.0241,true,1,1186901
7290000056890,false,דיאט יופלה שמינייה טעמים שונים,מיוצר עי קונדיטוריית,IL,מאגדת 8 יופלה דיאט מ,גרמים,1200.00,100 גרם,false,,28.90,0.0241,true,1,1186902
7290000056951,false,שמנת לבישול 15% 500 מל עמיד השף הלבן,תנובה מרכז שיתופי לש,IL,שמנת לבישול 15%שומן,מיליליטרים,500.00,"100 מ""ל",false,,15.90,0.0318,true,1,1186905
7290000057118,false,עמק סמי מעדנייה כשרות מהדרין,תנובה מרכז שיתופי לש,IL,גבינה עמק פרוס 400 ג,גרמים,400.00,100 גרם,false,,21.90,0.0547,true,1,1186911
7290000057132,false,יוגורט תנובה טבעי 1.5% גביע 200 גרם,מחלבת אלון תבור,IL,יוגורט תנובה 1.5% שו,גרמים,200.00,100 גרם,false,,2.90,0.0145,true,1,1186912
7290000057149,false,יוגורט תנובה טבעי 3% גביע 200 גרם,מיוצר עי קונדיטוריית,IL,יוגורט תנובה 3% שומן,גרמים,200.00,100 גרם,false,,2.90,0.0145,true,1,1186913
7290000057552,false,יופלה דיאט עוגת גבינה ותות 0% גביע 150ג',תנובה חלב,IL,יופלה דיאט עוגת גבינ,גרמים,150.00,100 גרם,false,,4.70,0.0313,true,1,1186921
7290000058047,false,**שף לבן שמנת מתוקה מהדרין 38% פקק 500מ,תנובה מרכז שיתופי לש,IL,שמנת מתוקה להקצפה 38,מיליליטרים,500.00,"100 מ""ל",false,,12.80,0.0256,true,1,1186928
7290000060071,false,אוסם - חטיפי פריכונים מאורז מלא קלוי 80גר,"מיוצר ע""י PT, משווק",IL,אסם חטיפי פריכונים בטעם ט,גרמים,80.00,100 גרם,false,,6.90,0.0863,true,1,1155618
7290000060088,false,בייגלה אסם מקלות מלוחים 400 גרם,מיוצר עי קונדיטוריית,IL,אסם בייגלה מקלות מלוחים 4,גרמים,400.00,100 גרם,false,,9.90,0.0248,true,1,1155619
7290000060163,false,פסטה אסם אטריות דקות 400גר,"אסם תעשיות בע""מ",IL,אסם אטריות דקות 400 גרם,גרמים,400.00,100 גרם,false,,6.90,0.0173,true,1,1155621
7290000060200,false,פסטה אסם פתיתים אפויים קוסקוס 500גר,"אסם תעשיות בע""מ",IL,אסם פתיתים אפויים קוסקוס,גרמים,500.00,100 גרם,false,,7.90,0.0158,true,1,1155622
7290000060217,false,פסטה אסם מקרוני 7 500 גר,פסטה זארה,IT,אסם פסטה מקרוני 7 500 גרם,גרמים,500.00,100 גרם,false,,5.90,0.0118,true,1,1155623
7290000060316,false,פסטה פרפקטו ספגטי 500ג' אסם,אסם פרפקטו,IT,פרפקטו ספגטי 500 גרם,גרמים,500.00,100 גרם,false,,6.90,0.0138,true,1,1155627
7290000060330,false,פרפקטו פרפקטו ספיראלי גירף 500 גר,אסם פרפקטו,IT,פרפקטו ספירלי 500 גרם,גרמים,500.00,100 גרם,false,,6.90,0.0138,true,1,1155629
7290000060408,false,פסטה אסם פתיתים אפויים טבעות 500 גר,"אסם תעשיות בע""מ",IL,אסם פתיתים אפויים טבעות 5,גרמים,500.00,100 גרם,false,,7.90,0.0158,true,1,1155632
7290000060415,false,פסטה פרפקטו לזאניה אסם 500ג',אסם פרפקטו,IT,פרפקטו לזניה 500 גרם,גרמים,500.00,100 גרם,false,,12.90,0.0258,true,1,1155633
7290000060781,false,פסטה אסם פתיתים מסולסלים 500גר,פסטה זארה,IT,אסם פסטה מסולסלים 500 גרם,גרמים,500.00,100 גרם,false,,5.90,0.0118,true,1,1155642
7290000060828,false,פסטה קרניים בינוניות (55) 500 גרם,פסטה זארה,IT,אסם פסטה קרניים בינוניות,גרמים,500.00,100 גרם,false,,5.90,0.0118,true,1,1155643
7290000060842,false,פסטה אסם פתיתים צדפים גדולים 500גר,פסטה זארה,IT,אסם פסטה צדפים גדולים 500,גרמים,500.00,100 גרם,false,,5.90,0.0118,true,1,1155644
7290000060880,false,פסטה מס' 8 ספגטי אסם 500ג',פסטה זארה,IT,אסם פסטה ספגטי 8 500 גרם,גרמים,500.00,100 גרם,false,,5.90,0.0118,true,1,1155647
7290000060958,false,פסטה אסם אטריות בינוניות 400 גרם,"אסם תעשיות בע""מ",IL,אסם אטריות בינוניות 400 ג,גרמים,400.00,100 גרם,false,,6.90,0.0173,true,1,1155649
7290000060965,false,פסטה אסם אטריות רחבות 400גר,"אסם תעשיות בע""מ",IL,אסם אטריות רחבות 400 גרם,גרמים,400.00,100 גרם,false,,6.90,0.0173,true,1,1155650
7290000061061,false,קרקר בצל אסם 250 גרם,"אסם תעשיות בע""מ",IL,אסם קרקר בטעם בצל 250 גרם,גרמים,250.00,100 גרם,false,,9.90,0.0396,true,1,1155652
7290000061085,false,"רוטב צילי מתוק 290 מ""ל-בקבוק","אסם תעשיות בע""מ",IL,"אסם רוטב צ'ילי מתוק 290מ""",מיליליטרים,290.00,"100 מ""ל",false,,10.90,0.0376,true,1,1155653
7290000061108,false,"רוטב טריאקי 290 מ""ל-בקבוק","אסם תעשיות בע""מ",IL,"אסם רוטב טריאקי 290מ""ל",מיליליטרים,290.00,"100 מ""ל",false,,10.90,0.0376,true,1,1155654
7290000061245,false,עוגיות שוקוציפס ממולאות שוקולד 220 גרם,מיוצר עי קונדיטוריית,IL,אסם עוגיות שוקוציפס ממולא,גרמים,220.00,100 גרם,false,,10.90,0.0495,true,1,1155656
7290000061450,false,פתיתים אפויים קוסקוס צבעוני אסם 500 גר',"אסם תעשיות בע""מ",IL,אסם פתיתים אפויים קוסקוס,גרמים,500.00,100 גרם,false,,7.90,0.0158,true,1,1155658
7290000061764,false,נסקפה רד מאג טעם חדש 200ג',נסטלה ספרד קפה,ES,נסקפה רד מאג 200 גרם,גרמים,200.00,100 גרם,false,,23.90,0.1195,true,1,1155659
7290000062129,false,"פודינג אינסטנט טעם וניל 1ק""ג אסם","אסם תעשיות בע""מ",IL,אסם פודינג אינסטנט בטעם ו,גרמים,1000.00,100 גרם,false,,27.90,0.0279,true,1,1155664
7290000062952,false,אוסם - מיני קרוטונים למרק ולסלט 250 גרם,עינת תעשיות מזון אגו,IL,מיני קרוטונים מתובלים למר,גרמים,250.00,100 גרם,false,,13.90,0.0556,true,1,1155668
7290000063102,false,קמח עוגה אסם תופח מאליו 350ג',"אסם תעשיות בע""מ",IL,אסם קמח תופח לעוגות ולאפי,גרמים,350.00,100 גרם,false,,4.40,0.0126,true,1,1155671
7290000063133,false,אסם שקדי מרק רכיבים טבעיים 24*100גרם,"אסם השקעות בע""מ",IL,שקדי מרק אסם רכיבים טבעיי,גרמים,100.00,100 גרם,false,,4.40,0.0440,true,1,1155672
7290000063140,false,שקדי מרק רכיבים טבעיים בשקית 400 ג' אסם,"אסם תעשיות בע""מ",IL,שקדי מרק אסם רכיבים טבעיי,גרמים,400.00,100 גרם,false,,12.90,0.0323,true,1,1155673
7290000063157,false,"קמח עוגה תופח מאליו 1 ק""ג","אסם תעשיות בע""מ",IL,אסם קמח תופח לעוגות ולאפי,קילוגרמים,1.00,"ק""ג",false,,9.90,9.9000,true,1,1155674
7290000064758,false,קוסקוס בינוני אמיתי אסם 350 ג',"מיוצר ע""י קוד יצרן K",IL,אסם קוסקוס בינוני 350 גרם,גרמים,350.00,100 גרם,false,,6.90,0.0197,true,1,1155689
7290000064871,false,"אוסם - מנה חמה פירה תפו""א עם בצל 56 גרם","אסם תעשיות בע""מ",IL,מנה חמה פירה עם בצל 56 גר,גרמים,56.00,100 גרם,false,,6.50,0.1161,true,1,1155690
7290000065540,false,אוסם - מנה חמה פסטה מוקרמת בטעם עוף 55 גרם,"אסם תעשיות בע""מ",IL,מנה חמה פסטה מוקרמת בטעם,גרמים,55.00,100 גרם,false,,6.50,0.1182,true,1,1155694
7290000065557,false,אוסם - מנה חמה קוסקוס עם ירקות 84 גרם,"אסם תעשיות מזון בע""מ",IL,מנה חמה קוסקוס עם ירקות 8,גרמים,84.00,100 גרם,false,,6.50,0.0774,true,1,1155695
7290000065977,false,חטיפי פריכונים תירס שומשום 80 ג' אוסם,"מיוצר ע""י פרח, משווק",IL,אסם חטיפי פריכונים מתירס,גרמים,80.00,100 גרם,false,,6.90,0.0863,true,1,1155701
7290000066134,false,ביסלי בטעם פלאפל 70 גרם,"אסם תעשיות בע""מ",IL,ביסלי פלאפל 70 גרם,גרמים,70.00,100 גרם,false,,4.30,0.0614,true,1,1155702
7290000066141,false,ביסלי טעם גריל 70 ג' אסם,"אסם תעשיות בע""מ",IL,ביסלי גריל 70 גרם,גרמים,70.00,100 גרם,false,,4.30,0.0614,true,1,1155703
7290000066189,false,ביסלי גדול בטעם פלאפל 200 ג' אסם,"אסם תעשיות בע""מ",IL,ביסלי פלאפל 200 גרם,גרמים,200.00,100 גרם,false,,7.90,0.0395,true,1,1155707
7290000066196,false,ביסלי גדול בטעם גריל 200 ג' אסם,מיוצר עי קונדיטוריית,IL,ביסלי גריל 200 גרם,גרמים,200.00,100 גרם,false,,7.90,0.0395,true,1,1155708
7290000066226,false,ביסלי בטעם פיצה 200 ג' אסם,מיוצר עי קונדיטוריית,IL,ביסלי פיצה 200 גרם,גרמים,200.00,100 גרם,false,,7.90,0.0395,true,1,1155711
7290000066295,false,אסם במבה תות מחומרים טבעיים 30גר,מיוצר עי קונדיטוריית,IL,במבה מתוקה 30 גרם,גרמים,30.00,100 גרם,false,,2.30,0.0767,true,1,1155713
7290000066318,false,במבה קלאסי 80 גרם,"אסם תעשיות בע""מ",IL,במבה קלאסית 80 גרם,גרמים,80.00,100 גרם,false,,4.50,0.0563,true,1,1155714
7290000066332,false,אפרופו חטיף אסם 50ג',מיוצר עי קונדיטוריית,IL,אפרופו קלאסי 50 גרם,גרמים,50.00,100 גרם,false,,4.50,0.0900,true,1,1155715
7290000066431,false,פופקו חטיף תירס בטעם חמאה ודבש 80 גרם,מיוצר עי קונדיטוריית,IL,פופקו 80 גרם,גרמים,80.00,100 גרם,false,,4.60,0.0575,true,1,1155717
7290000067407,false,פרורית מתובלת בשקית 200 גרם,עינת תעשיות מזון אגו,IL,אסם פירורית מתובלת 200 גר,גרמים,200.00,100 גרם,false,,5.50,0.0275,true,1,1155726
7290000067599,false,אוסם - מנה חמה ספגטי רוטב בולנז 65 גרם,"אסם תעשיות בע""מ",IL,מנה חמה ספגטי בולונז 65גר,גרמים,65.00,100 גרם,false,,6.50,0.1000,true,1,1155732
7290000068138,false,אסם פודינג אינסטנט וניל 80 גרם,מיוצר עי קונדיטוריית,IL,אסם פודינג אינסטנט בטעם ו,גרמים,80.00,100 גרם,false,,5.50,0.0688,true,1,1155739
7290000068206,false,ג'לי משמש אסם צבע טבעי 85 ג',מיוצר עי קונדיטוריית,IL,אסם ג'לי מהיר הכנה בטעם מ,גרמים,85.00,100 גרם,false,,5.90,0.0694,true,1,1155744
7290000068237,false,ג'לי פטל צבע טבעי 85ג' אסם,מיוצר עי קונדיטוריית,IL,אסם ג'לי מהיר הכנה בטעם פ,גרמים,85.00,100 גרם,false,,5.90,0.0694,true,1,1155745
7290000068251,false,ג'לי אננס אסם צבע טבעי 85 ג',מיוצר עי קונדיטוריית,IL,אסם ג'לי מהיר הכנה בטעם א,גרמים,85.00,100 גרם,false,,5.90,0.0694,true,1,1155746
7290000068343,false,אוסם - פירכונים מאורז מלא 140 גרם,"מיוצר ע""י PT, משווק",IL,אסם פריכונים מאורז מלא 14,גרמים,140.00,100 גרם,false,,6.90,0.0493,true,1,1155749
7290000068701,false,שקדי מרק רכיבים טבעיים 400 גרם-מיכל,"אסם תעשיות בע""מ",IL,שקדי מרק אסם רכיבים טבעיי,גרמים,400.00,100 גרם,false,,14.90,0.0373,true,1,1155750
7290000068770,false,במבה יום הולדת 80 גרם,"אסם תעשיות בע""מ",IL,במבה אריזת תינוק 80 גרם,גרמים,80.00,100 גרם,false,,4.50,0.0563,true,1,1155752
7290000068787,false,במבה יום הולדת 25 גרם,מיוצר עי קונדיטוריית,IL,במבה אריזת תינוק 25 גרם,גרמים,25.00,100 גרם,false,,2.30,0.0920,true,1,1155753
7290000069258,false,פסטה פרפקטו פנה ריגאטה 500ג' אסם,פסטה זארה,IT,פרפקטו פנה ריגאטה 500 גרם,גרמים,500.00,100 גרם,false,,6.90,0.0138,true,1,1155760
7290000069364,false,פריכונים עגולים אורז דל נתרן אסם 140 גרם,"מיוצר ע""י PT, משווק",IL,אסם פריכונים עגול אורז דל,גרמים,140.00,100 גרם,false,,6.90,0.0493,true,1,1155765
7290000069715,false,אוסם - חטיפי קרקר מלוח 300 גרם,"אסם תעשיות בע""מ",IL,אסם חטיפי קרקר מלוח 300גר,גרמים,300.00,100 גרם,false,,9.90,0.0330,true,1,1155771
7290000070308,false,אבקת מרק עוף אמיתי במיכל 400 גרם,"אסם תעשיות בע""מ",IL,אסם מרק עוף אמיתי 400 גרם,גרמים,400.00,100 גרם,false,,19.90,0.0497,true,1,1155778
7290000070322,false,אבקת מרק פטריות רכיבים טבעיים אוסם 400 ג',"אסם תעשיות בע""מ",IL,אסם מרק פטריות רכיבים טבע,גרמים,400.00,100 גרם,false,,25.90,0.0647,true,1,1155780
7290000070353,false,אבקת מרק בצל רכיבים טבעיים 400 ג' אסם,"אסם תעשיות בע""מ",IL,אסם מרק בצל רכיבים טבעיים,גרמים,400.00,100 גרם,false,,25.90,0.0647,true,1,1155781
7290000070919,false,בייגלה אסם רשתות עם מלח 400 ג',מיוצר עי קונדיטוריית,IL,אסם בייגלה רשתות מלח 400,גרמים,400.00,100 גרם,false,,11.90,0.0298,true,1,1155791
7290000071008,false,אוסם - בייגלה שטוחים מלח 60 גרם,"אסם תעשיות בע""מ",IL,אסם בייגלה שטוחים מלח 60,גרמים,60.00,100 גרם,false,,2.90,0.0483,true,1,1155792
7290000072241,false,"רוטב פיצה 290 מ""ל-בקבוק","אסם תעשיות בע""מ",IL,"אסם רוטב פיצה 290מ""ל",מיליליטרים,290.00,"100 מ""ל",false,,10.90,0.0376,true,1,1155801
7290000072623,false,קטשופ אסם בקבוק לחיץ 750 גרם,"אסם תעשיות בע""מ",IL,קטשופ אסם 750 גרם,גרמים,750.00,100 גרם,false,,12.90,0.0172,true,1,1155808
7290000072753,false,קפה טייסטר צ'ויס קפה מגורען 200ג',נסטלה קוריאה - קפה,IL,נסקפה טייסטרס צ'ויס 200 ג,גרמים,200.00,100 גרם,false,,29.90,0.1495,true,1,1155813
7290000072760,false,נסקפה טייסטרס צויס 100 גר אוריגנל,נסטלה קוריאה - קפה,KR,נסקפה טייסטרס צ'ויס 100 ג,גרמים,100.00,100 גרם,false,,26.90,0.2690,true,1,1155815
7290000072777,false,קפה טייסטר צ'ויס מגור' נ.קפאין 200ג',נסטלה קוריאה - קפה,IL,נסקפה טייסטרס צ'ויס נטול,גרמים,200.00,100 גרם,false,,44.90,0.2245,true,1,1155816
7290000072784,false,קפה טייסטר צויס נטול קופאין 100 גר',נסטלה קוריאה - קפה,KR,נסקפה טייסטרס צ'ויס נטול,גרמים,100.00,100 גרם,false,,29.90,0.2990,true,1,1155817
7290000072968,false,דגנים סיני מיניס מלחמת הכוכבים 500 גרם,נסטלה פולין דגני בוק,PL,סיני מיניס דגני בוקר מחיט,גרמים,500.00,100 גרם,false,,24.90,0.0498,true,1,1155822
7290000073125,false,אוסם - מנה חמה פסטה עם עגבניות 62 גרם,"אסם תעשיות בע""מ",IL,מנה חמה פסטה ברוטב עגבניו,גרמים,62.00,100 גרם,false,,6.50,0.1048,true,1,1155823
7290000073415,false,אוסם - מנה חמה פסטה ברוטב פיצה 61 גרם,"אסם תעשיות בע""מ",IL,מנה חמה פסטה ברוטב פיצה 6,גרמים,61.00,100 גרם,false,,6.50,0.1066,true,1,1155824
7290000073750,false,מנה חמה נודלס אטר+ירקות טעם עוף 70 גרם,טאי רזידנט,TH,מנה חמה נודלס בטעם עוף 71,גרמים,71.00,100 גרם,false,,6.50,0.0915,true,1,1155827
7290000073767,false,מנה חמה נודלס אטר.+ירקות טעם בקר 70 גרם,טאי רזידנט,TH,מנה חמה נודלס בטעם בקר 71,גרמים,71.00,100 גרם,false,,6.50,0.0915,true,1,1155828
7290000073774,false,מנה חמה נודלס אטר+ירקות טעם צילי 70 גרם,טאי רזידנט,TH,מנה חמה נודלס בטעם פיקנטי,גרמים,71.00,100 גרם,false,,6.50,0.0915,true,1,1155829
7290000074153,false,ביסקוויט פתיבר שוקו,מיוצר עי קונדיטוריית,IL,אסם פתי בר שוקו 500גרם,גרמים,500.00,100 גרם,false,,11.90,0.0238,true,1,1155834
7290000074184,false,אוסם - פתי בר בינוני 500 גרם,"אסם תעשיות בע""מ",IL,אסם פתי בר קלאסי 500 גרם,גרמים,500.00,100 גרם,false,,11.90,0.0238,true,1,1155836
7290000074245,false,אוסם - קרם קרקר אסם 250 גרם,"אסם תעשיות בע""מ",IL,אסם קרם קרקר 250 גרם,גרמים,250.00,100 גרם,false,,7.90,0.0316,true,1,1155837
7290000074276,false,קרקר פיקנטי טבעון 250 ג' אסם,"אסם תעשיות בע""מ",IL,אסם קרקר פיקטני 250 גרם,גרמים,250.00,100 גרם,false,,8.90,0.0356,true,1,1155839
7290000074375,false,אוסם - קרקר זהב 150 גרם,"אסם תעשיות בע""מ",IL,אסם קרקר זהב 150 גרם,גרמים,150.00,100 גרם,false,,6.40,0.0427,true,1,1155843
7290000074481,false,לחמית אגוזים אסם 160 ג',"אסם תעשיות בע""מ",IL,אסם לחמית אגוזים 160 גרם,גרמים,160.00,100 גרם,false,,9.90,0.0619,true,1,1155845
7290000074696,false,"קרם קרקר 1 ק""ג אוסם","אסם השקעות בע""מ",IL,"אסם קרם קרקר 1 ק""ג",גרמים,1000.00,100 גרם,false,,25.90,0.0259,true,1,1155848
7290000074764,false,קרקר זהב אסם 900 גרם,אסם תעשיות,IL,אסם קרקר זהב 900 גרם,גרמים,900.00,100 גרם,false,,25.90,0.0288,true,1,1155852
7290000075204,false,אוסם - לחמית חיטה מלאה 250 גרם,"אסם תעשיות בע""מ",IL,אסם לחמית חיטה מלאה 250 ג,גרמים,250.00,100 גרם,false,,7.90,0.0316,true,1,1155857
7290000075693,false,עוגת הבית שמרים בריוש שוקולד 360ג',מיוצר עי קונדיטוריית,IL,אסם הבית עוגת שמרים בריוש,גרמים,360.00,100 גרם,false,,15.90,0.0442,true,1,1155859
7290000076126,false,אוסם - בייגלה שמיניות קטנות 80 גרם,"אסם תעשיות בע""מ",IL,אסם בייגלה שמיניות מלח 80,גרמים,80.00,100 גרם,false,,2.90,0.0362,true,1,1155860
7290000076133,false,בייגלה שמיניות קטנות 400 גרם אסם,"אסם תעשיות בע""מ",IL,אסם בייגלה שמיניות מלח 40,גרמים,400.00,100 גרם,false,,9.90,0.0248,true,1,1155861
7290000076645,false,אוסם - טוסטעים חיטה מלאה 100 גרם,ון דר מולן האלום,NL,אסם טוסטעים חיטה מלאה 100,גרמים,100.00,100 גרם,false,,9.90,0.0990,true,1,1155866
7290000077253,false,אוסם - לחמית כפרית עם דגנים מלאים 190 גרם,"אסם תעשיות בע""מ",IL,לחמית כפרית 190 גרם,גרמים,190.00,100 גרם,false,,9.90,0.0521,true,1,1155868
7290000077925,false,טוסטעים צנימים עגולים מחיטה מלאה אוסם,ון דר מולן האלום,NL,אסם טוסטעים צנימים עגולים,גרמים,125.00,100 גרם,false,,9.90,0.0792,true,1,1155871
7290000078762,false,אוסם - חטיפי פריכונים מאורז מלא בטעם דבש 80גר,סנורייס בלגיום אן. ו,BE,אסם חטיפי פריכונים אורז ו,גרמים,80.00,100 גרם,false,,6.90,0.0863,true,1,1155881
7290000079233,false,קרם קרקר דיאטטי דל נתרן 250 גרם,"אסם תעשיות בע""מ",IL,אסם קרם קרקר דל נתרן 250,גרמים,250.00,100 גרם,false,,9.90,0.0396,true,1,1155884
7290000080765,false,טוסטעים פת קלויה עם שומשום 100 ג' אוסם,ון דר מולן האלום,NL,אסם טוסטעים עם שומשום 100,גרמים,100.00,100 גרם,false,,9.90,0.0990,true,1,1155893
7290000081663,false,בייגלה אסם טבעות שומשום 300 גרם,מיוצר עי קונדיטוריית,IL,אסם בייגלה טבעות שומשום 3,גרמים,300.00,100 גרם,false,,9.90,0.0330,true,1,1155895
7290000089188,false,פומפידיתא יין אדום מ,אליעז בנימינה,IL,פומפידיתא יין אדום מתוק -,ליטרים,1.00,ליטר,false,,14.90,14.9000,true,1,1193696
7290000100029,false,פתיתי כרובית סנפרוסט 800 גר,"סנפרוסט בע""מ",IL,פתיתי כרובית סנפרוסט,גרמים,800.00,100 גרם,false,,19.90,0.0249,true,1,1721621
7290000100050,false,פתיתי ברוקולי סנפרוסט 700 גרם,,,פתיתי ברוקולי סנפרוס,גרמים,700.00,100 גרם,false,,17.90,0.0256,true,1,2130831
7290000100128,false,פירות קפואים תות סנפרוסט 300 ג',"סנפרוסט בע""מ",IL,תות מוקפא 300 גרם סנ,גרמים,300.00,100 גרם,false,,12.90,0.0430,true,1,1717878
7290000100135,false,פירות קפואים סנפרוסט דובדבן 300 גר,"סנפרוסט בע""מ",IL,דובדבן מוקפא 300 גרם,גרמים,300.00,100 גרם,false,,12.90,0.0430,true,1,1717879
7290000100296,false,תערובת להכנת Smoothie ורוד תות ובננה,"סנפרוסט בע""מ",IL,שייק תות בננה,גרמים,300.00,100 גרם,false,,12.90,0.0430,true,1,1972640
7290000100302,false,פול ירוק ללא קליפה 600ג',"סנפרוסט בע""מ",IL,פול ירוק קפוא קלוף 6,גרמים,600.00,100 גרם,false,,23.90,0.0398,true,1,1895036
7290000100609,false,קוביות אנטי פסטי להקפצה סנפורסט 600 ג',"סנפרוסט בע""מ",IL,קוביות אנטי פסטי להק,גרמים,600.00,100 גרם,false,,21.90,0.0365,true,1,2006426
7290000101927,false,אוכמניות כחולות מוקפאות סנפרוסט 300 גרם,"איי, בי, אינבוו",IL,אוכמניות כחולות מוקפ,גרמים,300.00,100 גרם,false,,12.90,0.0430,true,1,1475535
7290000101934,false,מיקס פירות יער מוקפאות 300 ג' סנפרוסט,"איי, בי, אינבוו",IL,מיקס פירות יער מוקפא,גרמים,300.00,100 גרם,false,,12.90,0.0430,true,1,1475536
7290000101941,false,אננס חתוך מוקפא סנפרוסט 300ג',"איי, בי, אינבוו",IL,אננס מוקפא 300 ג סנפ,גרמים,300.00,100 גרם,false,,12.90,0.0430,true,1,1475537
7290000101958,false,מנגו חתוך מוקפא סנפרוסט 300ג',"איי, בי, אינבוו",IL,מנגו מוקפא 300 ג סנפ,גרמים,300.00,100 גרם,false,,12.90,0.0430,true,1,1475521
7290000103365,false,מרק ירקות 550 ג' סנפרוסט,"איי, בי, אינבוו",IL,מרק ירקות 12 יח 550 גר,גרמים,550.00,100 גרם,false,,18.90,0.0344,true,1,1187345
7290000103433,false,לקט ירקות סנפרוסט לתנור 800 גר,"איי, בי, אינבוו",IL,לקט ירקות לתנור,גרמים,800.00,100 גרם,false,,22.90,0.0286,true,1,1318909
7290000103471,false,מיני ברוקולי סנפרוסט 600 גר',"סנפרוסט בע""מ",IL,מיני ברוקולי סנפרוסט,גרמים,600.00,100 גרם,false,,19.90,0.0332,true,1,1311395
7290000103488,false,ארטישוק ירושלמי סנפרוסט 400 גר,"סנפרוסט בע""מ",IL,ארטישוק ירושלמי,גרמים,400.00,100 גרם,false,,19.90,0.0497,true,1,1318911
7290000103730,false,לקט להקפצה עם פסטה פוזילי סנפרוסט 800 גרם,"איי, בי, אינבוו",IL,לקט להקפצה עם פסטה פוזילי,גרמים,800.00,100 גרם,false,,22.90,0.0286,true,1,1187349
7290000103815,false,סנפרוסט לקט להקפצה תאילנדי 800 גר,"סנפרוסט בע""מ",IL,לקט להקפצה בסגנון תאילנדי,גרמים,800.00,100 גרם,false,,22.90,0.0286,true,1,1187354
7290000103839,false,מרק כתום קפוא 570 ג' סנפרוסט,"סנפרוסט בע""מ",IL,מרק כתום 12 יח' 570 גר,גרמים,570.00,100 גרם,false,,18.90,0.0332,true,1,1187356
7290000103846,false,מרק אפונה 570 ג' סנפרוסט,"סנפרוסט בע""מ",IL,מרק אפונה 12 יח 570 גר,גרמים,570.00,100 גרם,false,,18.90,0.0332,true,1,1187357
7290000103860,false,מרק עדשים קפוא 570 ג' סנפרוסט,"איי, בי, אינבוו",IL,מרק עדשים 12 יח 570 גר,גרמים,570.00,100 גרם,false,,18.90,0.0332,true,1,1187359
7290000103877,false,מרק שעועית קפוא 640 ג' סנפרוסט,"סנפרוסט בע""מ",IL,מרק שעועית 12 יח 640 גר,גרמים,640.00,100 גרם,false,,18.90,0.0295,true,1,1187360
7290000104072,false,עדשים ירוקות מבושלות מוקפאות 800 ג' סנפרוסט,"איי, בי, אינבוו",IL,עדשים מוקפאים 14 יח 800 ג,גרמים,800.00,100 גרם,false,,19.90,0.0249,true,1,1187362
7290000104201,false,אפונה עדינה 600 גר סנפרוסט,"איי, בי, אינבוו",IL,אפונה עדינה 12 יח 600 ג,גרמים,600.00,100 גרם,false,,19.90,0.0332,true,1,1187365
7290000104218,false,סנפרוסט במיה 600 גרם,"איי, בי, אינבוו",IL,במיה 14 יח 600 ג,גרמים,600.00,100 גרם,false,,18.90,0.0315,true,1,1187366
7290000104225,false,בצל קצוץ סנפרוסט 600 גרם,"סנפרוסט בע""מ",IL,בצל קצוץ 14 יח 600 ג,גרמים,600.00,100 גרם,false,,16.90,0.0282,true,1,1187367
7290000104676,false,אפונה קפואה סנפרוסט 800 גרם,"איי, בי, אינבוו",IL,אפונה גינה 20 יח 800 ג,גרמים,800.00,100 גרם,false,,18.90,0.0236,true,1,1187369
7290000104683,false,שעועית ירוקה שלמה 800 גר סנפרוסט,"סנפרוסט בע""מ",IL,שעועית ירוקה שלמה 16 יח 8,גרמים,800.00,100 גרם,false,,22.90,0.0286,true,1,1187370
7290000104690,false,תירס גרעינים 800 גרם סנפרוסט,"איי, בי, אינבוו",IL,גרעיני תירס 20 יח 800 ג,גרמים,800.00,100 גרם,false,,19.90,0.0249,true,1,1187371
7290000104713,false,פול ירוק 800 גר סנפרוסט,"איי, בי, אינבוו",IL,פול ירוק 20 יח 800 ג,גרמים,800.00,100 גרם,false,,24.90,0.0311,true,1,1187373
7290000104720,false,שעועית ירוקה חתוכה 800גר סנפרוסט,"סנפרוסט בע""מ",IL,שעועית ירוקה חתוכה 16 יח,גרמים,800.00,100 גרם,false,,19.90,0.0249,true,1,1187374
7290000104737,false,שעועית צהובה חתוכה סנפרוסט 800גר,"סנפרוסט בע""מ",IL,שעועית צהובה 16 יח 800 ג,גרמים,800.00,100 גרם,false,,19.90,0.0249,true,1,1187375
7290000104744,false,כרובית 800 גר סנפרוסט,"סנפרוסט בע""מ",IL,כרובית 12 יח 800 ג,גרמים,800.00,100 גרם,false,,24.90,0.0311,true,1,1187376
7290000104751,false,כרוב ניצנים סנפרוסט 800 גרם,"איי, בי, אינבוו",IL,כרוב ניצנים 16 יח 800 ג,גרמים,800.00,100 גרם,false,,24.90,0.0311,true,1,1187377
7290000104775,false,מדליוני תרד 800 גר סנפרוסט,"איי, בי, אינבוו",IL,מדליוני תרד 16 יח 800 ג,גרמים,800.00,100 גרם,false,,24.90,0.0311,true,1,1187379
7290000104799,false,שעועית לבנה מבושלת סנפרוסט 800גר,"איי, בי, אינבוו",IL,שעועית לבנה 16 יח 800 גר,גרמים,800.00,100 גרם,false,,19.90,0.0249,true,1,1187380
7290000104805,false,גרגירי חומוס קפוא 800 ג' סנפרוסט,"איי, בי, אינבוו",IL,גרגירי חומוס 14 יח 800 גר,גרמים,800.00,100 גרם,false,,19.90,0.0249,true,1,1187381
7290000104829,false,"קלחוני תירס 1 ק""ג סנפרוסט","איי, בי, אינבוו",IL,קלחוני תירס 16 יח 1 קג,גרמים,1000.00,100 גרם,false,,22.90,0.0229,true,1,1187382
7290000104836,false,שעועית עדינה שלמה 600 גר סנפרוסט,"סנפרוסט בע""מ",IL,שעועית עדינה שלמה 12 יח,גרמים,600.00,100 גרם,false,,22.90,0.0382,true,1,1187383
7290000104874,false,ירקות לקוסקוס של אמא סנפרוסט 800ג',"סנפרוסט בע""מ",IL,לקט קוסקוס 12 יח 800 ג,גרמים,800.00,100 גרם,false,,22.90,0.0286,true,1,1187384
7290000104881,false,אפונה וגזר קפוא סנפרוסט 800ג',"איי, בי, אינבוו",IL,לקט אפונה וגזר 13 יח 800,גרמים,800.00,100 גרם,false,,19.90,0.0249,true,1,1187385
7290000104911,false,לקט נורמנדי 800 גר סנפרוסט,"איי, בי, אינבוו",IL,לקט נורמנדי 12 יח 800 ג,גרמים,800.00,100 גרם,false,,22.90,0.0286,true,1,1187387
7290000106175,false,"לקט כפרי 2 ק""ג סנפרוסט","סנפרוסט בע""מ",IL,לקט כפרי 6 יח 2 קג,גרמים,2000.00,100 גרם,false,,39.90,0.0199,true,1,1187388
7290000106526,false,חגיגה ירוקה להקפצה סנפרוסט 800 גר,"איי, בי, אינבוו",IL,חגיגה ירוקה להקפצה ס,גרמים,800.00,100 גרם,false,,19.90,0.0249,true,1,1983286
7290000107189,false,תחתיות ארטישוק 400 גרם סנפרוסט,"איי, בי, אינבוו",IL,תחתיות ארטישוק 12 יח 400,גרמים,400.00,100 גרם,false,,22.90,0.0572,true,1,1187390
7290000107295,false,תפרחות ברוקולי סנפרוסט 800 ג',"איי, בי, אינבוו",IL,תפרחות ברוקולי 12 יח 800,גרמים,800.00,100 גרם,false,,24.90,0.0311,true,1,1187391
7290000107615,false,ירקות ואננס להקפצה מנה אסייתית צבעונית ועשירה,"איי, בי, אינבוו",IL,מנה אסיאתית צבעונית,גרמים,800.00,100 גרם,false,,19.90,0.0249,true,1,1983288
7290000107622,false,פסטה וירקות א-לה איטליה סנפרוסט 800 ג',"איי, בי, אינבוו",IL,פסטה וירקות א-לה איט,גרמים,800.00,100 גרם,false,,19.90,0.0249,true,1,1983289
7290000110844,false,"כיפלי גריל בד""צ תלמה 70 ג'",יוניליור ישראל מזון,IL,כיפלי גריל בדצ 70גר,גרמים,70.00,100 גרם,false,,5.90,0.0843,true,1,1187750
7290000111186,false,מיונז תלמה 500 גרם-צנצנת,יוניליוור ישראל מזון,IL,תלמה רגיל מיונז אמיתי 500,גרמים,500.00,100 גרם,false,,10.90,0.0218,true,1,1187755
7290000111360,false,חרדל תלמה 250 גרם-צנצנת,יוניליוור ישראל מזו,IL,תלמה חרדל 250 גרם,גרמים,250.00,100 גרם,false,,6.50,0.0260,true,1,1187758
7290000111384,false,חרדל אמיתי בצנצנת 550 ג' תלמה,יוניליוור ישראל מזו,IL,תלמה חרדל 550 גרם,גרמים,550.00,100 גרם,false,,8.90,0.0162,true,1,1187759
7290000112220,false,בארכה טחינה 100% שומשום 500 גרם,רושדי תעשיות מזון בע,IL,טחינה בארכה 100% שומשום ט,גרמים,500.00,100 גרם,false,,13.90,0.0278,true,1,1186189
7290000112237,false,בארכה טחינה 100% שומשום 6*1000גרם,רושדי תעשיות מזון בע,IL,טחינה בארכה 100% שומשום ט,גרמים,1000.00,100 גרם,false,,24.90,0.0249,true,1,1186190
7290000112497,false,מרק עשיר עוף אטריות קנור 75 גרם - שקיות,יוניליוור ישראל מזון,IL,מרקים רגיל אחר קנור עוף ע,גרמים,68.00,100 גרם,false,,9.90,0.1456,true,1,1187762
7290000112503,false,מרק עשיר ירקות קנור 69 גרם - שקיות,יוניליוור ישראל מזון,IL,מרקים רגיל אחר קנור עשיר,גרמים,61.00,100 גרם,false,,9.90,0.1623,true,1,1187763
7290000112619,false,מרק עוף לתיבול והעשרה קנור 400 ג',יוניליוור ישראל מזון,IL,קנור מרקי תיבול טעם עוף 4,גרמים,400.00,100 גרם,false,,19.90,0.0497,true,1,1187765
7290000116884,false,רוטב קנור ברביקיו 300 גר,יוניליוור ישראל מזון,IL,רוטב ברביקיו 350 גר,מיליליטרים,300.00,"100 מ""ל",false,,12.90,0.0430,true,1,1187785
7290000116921,false,רוטב צ'ילי מתוק 370ג'12x קנור,יוניליוור ישראל מזון,IL,רוטב צ'ילי מתוק 380 גר,מיליליטרים,300.00,"100 מ""ל",false,,12.90,0.0430,true,1,1187786
7290000116945,false,קנור רוטב סויה קלאסי 300 מל,יוניליוור ישראל מזון,IL,קנור רוטב סויה בסגנון סינ,מיליליטרים,300.00,"100 מ""ל",false,,12.90,0.0430,true,1,1187787
7290000117171,false,מרק טעם עוף דל קלוריות 48 גרם-קופסא,יוניליוור ישראל מזון,IL,מרקי אינסטנט אחרים קנור ב,גרמים,48.00,100 גרם,false,,6.50,0.1354,true,1,1187790
7290000117720,false,קנור - נמס בכוס זוג פטריות 21.50 גרם * 2,יוניליוור ישראל מזון,IL,מרקי אינסטנט אחרים קנור פ,גרמים,43.00,100 גרם,false,,6.50,0.1512,true,1,1187794
7290000118277,false,כופתאות מצה להכנת מהירה 65 ג' קנור,יוניליוור ישראל מזון,IL,קניידלך 130 גר,גרמים,130.00,100 גרם,false,,9.90,0.0762,true,1,1187798
7290000121017,false,גבינה מותכת 7% שומרון 120 גרם,ש.האופים,IL,גבינת שומרון,גרמים,120.00,100 גרם,false,,9.90,0.0825,true,1,1177236
7290000121031,false,גבינה מותכת 14% למריחה 120ג' החתול,שלושת האופים,IL,גבינת חתול 120 גרם,גרמים,120.00,100 גרם,false,,9.90,0.0825,true,1,1177237
7290000121079,false,גבינה מון בלאן 9% שום שמיר 120ג',שלושת האופים,IL,גבינת מון בלאן שמיר 120 ג,גרמים,120.00,100 גרם,false,,9.90,0.0825,true,1,1177239
7290000121093,false,גבינה מון בלאן שוצרית 120 גרם,האי נאם סי או אל.טי.,IL,גבינה מון בלאן שיווצרית,גרמים,120.00,100 גרם,false,,9.90,0.0825,true,1,1177240
7290000121109,false,"גבינת מון בלאן זיתים, 120 ג'",האי נאם סי או אל.טי.,IL,גבינת מון בלאן זיתים 120,גרמים,120.00,100 גרם,false,,9.90,0.0825,true,1,1177241
7290000121147,false,גבינה מון בלאן לייט 7% פיקנטי 120ג',"שלושת האופים בע""מ",IL,גבינת מון בלאן פיקנטי 120,גרמים,120.00,100 גרם,false,,9.90,0.0825,true,1,1177242
7290000121154,false,"גבינת מון בלאן סלמון, 120 ג'",האי נאם סי או אל.טי.,IL,גבינה מון-בלאן סלומון 120,גרמים,120.00,100 גרם,false,,9.90,0.0825,true,1,1177243
7290000122830,false,רוטב בישול סצואן 370 גרם קנור,מיוצר עי קונדיטוריית,IL,רוטב סצ'ואן 370 גר,גרמים,300.00,100 גרם,false,,12.90,0.0430,true,1,1187819
7290000125251,false,בדין שמפו לכביסה עדינה 2 ליטר,"זוהר דליה, קיבוץ דלי",IL,בדין שמפו לכביסה עדינה רג,ליטרים,2.00,ליטר,false,,24.90,12.4500,true,1,1187828
7290000129457,false,אבקת רוטב פטריות קנור 28 ג' שקית,יוניליוור ישראל מזון,IL,קנור קוק-IN-רטבים אבקת פט,גרמים,28.00,100 גרם,false,,4.90,0.1750,true,1,1187839
7290000131009,false,בצק פילו שחף 500 גרם,מאפית אריאל,,בצק פילו 500 גרם-שחף,גרמים,500.00,100 גרם,false,,14.90,0.0298,true,1,1187644
7290000131023,false,"בצק עלים שחף 1 ק""ג.",,,"בצק עלים שחף 1 ק""ג.",קילוגרמים,1.00,"ק""ג",false,,12.90,12.9000,true,1,1187645
7290000131122,false,בצק עלים צרפתי שחף 1,יושלם,,"בצק עלים שחף 1.5 ק""ג",קילוגרמים,1.50,"ק""ג",false,,16.90,11.2667,true,1,1187646
7290000133904,false,"סנו דואופרש פסיפלורה ותפוז 300 מ""ל",סנו fresh,IL,דואו פרש פסיפלור.תפוז300,מיליליטרים,300.00,"100 מ""ל",false,,12.90,0.0430,true,1,1167225
7290000134147,false,טעם וריח מוסקט טחון מיכל 40גר,"תבליני טעם וריח בע""מ",IL,מיכל קטן מוסקט טחון 40גר',גרמים,40.00,100 גרם,false,,14.90,0.3725,true,1,1197204
7290000134307,false,תבלין קינמון טחון 50 גר',"תבליני טעם וריח בע""מ",IL,שק.50 גר.קינמון טחון,גרמים,50.00,100 גרם,false,,4.90,0.0980,true,1,1197205
7290000134314,false,תבלין תיבול לפיצה 120 ג',"תבליני טעם וריח בע""מ",IL,מיכל ת.לפיצה 120 גר',גרמים,120.00,100 גרם,false,,7.90,0.0658,true,1,1197206
7290000134338,false,תבלין אבקת שום טעם ו,"תבליני טעם וריח בע""מ",IL,מיכל שום אבקה 90 גר',גרמים,90.00,100 גרם,false,,7.90,0.0878,true,1,1197207
7290000134352,false,תבלין קינמון טחון 90 גר',"תבליני טעם וריח בע""מ",IL,מיכל קינמון ט. 90 גר',גרמים,90.00,100 גרם,false,,7.90,0.0878,true,1,1197208
7290000134376,false,תבלין פפריקה בשמן 90 גר',"תבליני טעם וריח בע""מ",IL,מיכל פפריקה בשמן 90 גר,גרמים,90.00,100 גרם,false,,7.90,0.0878,true,1,1197209
7290000134550,false,טעם וריח עלי דפנה שק,"תבליני טעם וריח בע""מ",IL,שק.עלי דפנה 12 יח',גרמים,20.00,100 גרם,false,,2.90,0.1450,true,1,1197214
7290000134666,false,רוזמרין 15 גר מיכל ק,תות ממתקי איכות,IL,מיכל קטן רוזמרין 15גר',גרמים,15.00,100 גרם,false,,4.90,0.3267,true,1,1197215
7290000134673,false,תבלין זנגביל טעם ורי,"תבליני טעם וריח בע""מ",IL,מיכל קטן זנגויל 30גר',גרמים,30.00,100 גרם,false,,4.90,0.1633,true,1,1197216
7290000134680,false,תבלין קמיל שלם טעם ו,תות ממתקי איכות,IL,מיכל קטן קימל שלם 40גר',גרמים,40.00,100 גרם,false,,4.90,0.1225,true,1,1197217
7290000134826,false,תבלין זעתר מעורב 100 גר',"תבליני טעם וריח בע""מ",IL,מיכל זעתר 100 גרם,גרמים,100.00,100 גרם,false,,7.90,0.0790,true,1,1197222
7290000134840,false,תבלין כורכום טחון 100 גר',"תבליני טעם וריח בע""מ",IL,מיכל כורכום 100 גרם,גרמים,100.00,100 גרם,false,,7.90,0.0790,true,1,1197224
7290000134857,false,תבלין פפריקה מתוקה 100 גר',"תבליני טעם וריח בע""מ",IL,מיכל פ.מתוקה 100 גר',גרמים,100.00,100 גרם,false,,7.90,0.0790,true,1,1197225
7290000134864,false,תבלין פפריקה חריפה 100 גר',"תבליני טעם וריח בע""מ",IL,מיכל פ.חריפה 100 גר',גרמים,100.00,100 גרם,false,,7.90,0.0790,true,1,1197226
7290000134871,false,תבלין פלפל שחור טחון 100 גר',"תבליני טעם וריח בע""מ",IL,מיכל פ.שחור טחון 100 גר',גרמים,100.00,100 גרם,false,,12.90,0.1290,true,1,1197227
7290000134970,false,תבלין חוואייג טעם ור,"תבליני טעם וריח בע""מ",IL,מיכל חוואיג' 100 גרם,גרמים,100.00,100 גרם,false,,7.90,0.0790,true,1,1197230
7290000134987,false,תבלין פלפל שחור גרוס 90 גר',"תבליני טעם וריח בע""מ",IL,מיכל פל.שחור גרוס 90גר,גרמים,90.00,100 גרם,false,,12.90,0.1433,true,1,1197231
7290000134994,false,טימין 20 גר מיכל קטן,"תבליני טעם וריח בע""מ",IL,מיכל קטן טימין 20גר',גרמים,20.00,100 גרם,false,,4.90,0.2450,true,1,1197232
7290000135045,false,"XL TEN משקה אנרגיה פתוח ללא סוכר 250 מ""ל","טמפו משקאות בע""מ",IL,משקה XL TENבפחית 250,מיליליטרים,250.00,"100 מ""ל",false,,4.30,0.0172,true,1,1903899
7290000135052,false,"XL TEN משקה אנרגיה מנגו ללא סוכר 250 מ""ל","טמפו משקאות בע""מ",IL,משקה XL TEN בפחית 25,מיליליטרים,250.00,"100 מ""ל",false,,4.30,0.0172,true,1,1903900
7290000135113,false,"משקה אנרגיה XL פחית ten נענע ליים 250 מ""ל",טמפו 7.5%,IL,"משקה XL בפחית 250 מ""",מיליליטרים,250.00,"100 מ""ל",false,,4.30,0.0172,true,1,1993055
7290000135168,false,"פפסי מקס ליים פחית צרה מארז שישייה 330 מ""ל",אלפא S.A,AL,מארז שישיית מקס ליים,ליטרים,1.98,ליטר,false,,19.90,10.0505,true,1,2023423
7290000135175,false,"פחית פפסי מקס לייט פחית צרה 330 מ""ל",אלפא S.A,AL,פפסי קולה ליים 330 מ,מיליליטרים,330.00,"100 מ""ל",false,,3.50,0.0106,true,1,2013057
7290000135182,false,"מארז 7 אפ פרי דל קלוריות בטעם לימון ליים פחית צרה 330 מ""ל*6 יח'","טמפו משקאות בע""מ",IL,מארז פחיות סבן אפ פר,ליטרים,1.98,ליטר,false,,18.90,9.5455,true,1,2035925
7290000135465,false,"מי סודה 500 מ""ל - מארז 12 בקבוקים",טמפו 7.5%,IL,"סודה 500 מ""ל מארז תר",ליטרים,6.00,ליטר,false,,25.90,4.3167,true,1,2066695
7290000135595,false,פפסי מקס בטעם דובדבן 1.5 ליטר,"איי, בי, אינבוו",IL,פפסי מקס בטעם דובדבן,ליטרים,1.50,ליטר,false,,7.60,5.0667,true,1,2069654
7290000135670,false,"פפסי מקס דובדבן פחית צרה 330 מ""ל",,,פחית פפסי מקס דובדבן,מיליליטרים,330.00,"100 מ""ל",false,,3.50,0.0106,true,1,2135529
7290000136141,false,משקה בטעם קולה 1.5ל' פפסי,פפסי Pepsi,IL,פפסי קולה 1.5 ליטר,ליטרים,1.50,ליטר,false,,8.20,5.4667,true,1,2099817
7290000136158,false,פפסי מקס 1.5 ליטר פיקדון,פפסי Pepsi,IL,פפסי מקס 1.5 ליטר,ליטרים,1.50,ליטר,false,,7.60,5.0667,true,1,2099824
7290000136165,false,משקה מירינדה 1.5ליטר,מירינדה Mirinda,IL,מירנדה 1.5 ליטר,ליטרים,1.50,ליטר,false,,8.20,5.4667,true,1,2099804
7290000136172,false,סבן אפ בקבוק 1.5 ליט,סבן אפ 7up,IL,סבן אפ 1.5 ליטר,ליטרים,1.50,ליטר,false,,8.20,5.4667,true,1,2099811
7290000136189,false,דיאט סבן אפ 1.5 ליטר FREE,סבן אפ 7up,IL,סבן אפ דיאט 1.5 ליטר,ליטרים,1.50,ליטר,false,,7.60,5.0667,true,1,2099795
7290000136240,false,סודה 1.5 ליטר שישייה בודד,טמפו,IL,סודה 1.5 ליטר,ליטרים,1.50,ליטר,false,,3.20,2.1333,true,1,2099766
7290000136257,false,פאנק טוניק גזוז בטעם פירות,טמפו 7.5%,IL,משקה פאנק טוניק 1.5,ליטרים,1.50,ליטר,false,,8.90,5.9333,true,1,2099659
7290000136264,false,מי טוניק גזוז 1.5 ל' טמפו,טמפו 7.5%,IL,משקה מי טוניק 1.5 לי,ליטרים,1.50,ליטר,false,,9.90,6.6000,true,1,2099651
7290000136271,false,סודה בטעמים - לימון ליים 1.5 ליטר - בודד,טמפו,IL,סודה לימון לים 1.5 ל,ליטרים,1.50,ליטר,false,,4.20,2.8000,true,1,2099778
7290000136288,false,סירופ בטעם תפוחים סיידר הגליל JUICER,סיידר הגליל,IL,סירופ בטעם תפוחים סי,מיליליטרים,330.00,"100 מ""ל",false,,15.90,0.0482,true,1,2125314
7290000136295,false,סירופ בטעם פטל סיידר הגליל JUICER,סיידר הגליל,IL,סירופ בטעם פטל סיידר,מיליליטרים,330.00,"100 מ""ל",false,,15.90,0.0482,true,1,2125315
7290000136301,false,סירופ בטעם ענבים סיידר הגליל JUICER,סיידר הגליל,IL,סירופ בטעם ענבים סיי,מיליליטרים,330.00,"100 מ""ל",false,,15.90,0.0482,true,1,2125316
7290000136325,false,סודה בטעמים - אפרסק 1.5 ליטר - בודד,טמפו,IL,סודה בטעמים 1.5 ליטר,ליטרים,1.50,ליטר,false,,4.20,2.8000,true,1,2099796
7290000136387,false,סודה בטעמים - אננס 1.5 ליטר - בודד,טמפו,IL,סודה בטעמים 1.5 ליטר,ליטרים,1.50,ליטר,false,,4.20,2.8000,true,1,2099779
7290000136394,false,סודה בטעמים - פירות יער 1.5 ליטר - בודד,טמפו,IL,סודה בטעמים 1.5 ליטר,ליטרים,1.50,ליטר,false,,4.20,2.8000,true,1,2099786
7290000136455,false,משקה בטעם אשכוליות תריסר 1.5 ל' ג'אמפ,טמפו 7.5%,IL,ג'אמפ אשכולית 1.5 לי,ליטרים,1.50,ליטר,false,,7.50,5.0000,true,1,2099660
7290000136516,false,משקה בטעם מנגו פסיפלורה תריסר 1.5 ל' ג'אמפ,טמפו 7.5%,IL,ג'אמפ מנגו 1.5 ליטר,ליטרים,1.50,ליטר,false,,7.50,5.0000,true,1,2099661
7290000136523,false,משקה בטעם ענבים תריסר 1.5 ל' ג'אמפ,טמפו 7.5%,IL,ג'אמפ ענבים 1.5 ליטר,ליטרים,1.50,ליטר,false,,7.50,5.0000,true,1,2099747
7290000136561,false,משקה בטעם תות בננה תריסר 1.5 ל' ג'אמפ,טמפו 7.5%,IL,ג'אמפ תות בננה 1.5 ל,ליטרים,1.50,ליטר,false,,7.50,5.0000,true,1,2099748
7290000136585,false,משקה בטעם תפוזים תריסר 1.5 ל' ג'אמפ,טמפו 7.5%,IL,ג'אמפ תפוז 1.5 ליטר,ליטרים,1.50,ליטר,false,,7.50,5.0000,true,1,2099662
7290000136646,false,משקה מאלט תריסר 1.5 ל' נשר,טמפו 7.5%,IL,בירה נשר מאלט 1.5 לי,ליטרים,1.50,ליטר,false,,8.90,5.9333,true,1,2099652
7290000136653,false,משקה מאלט דיאט תריסר 1.5 ל' נשר,טמפו 7.5%,IL,בירה דיאט מאלט 1.5 ל,ליטרים,1.50,ליטר,false,,8.90,5.9333,true,1,2099653
7290000136660,false,סודה 1.5ליטר ב.פקדון,טמפו,IL,סודה רגיל 1.5 ליטר,ליטרים,1.50,ליטר,false,,3.20,2.1333,true,1,2102549
7290000136691,false,מארז שישייה סבן אפ 1.5 ל',סבן אפ 7up,IL,7 UP שישייה 1.5 ליטר,ליטרים,9.00,ליטר,false,,42.90,4.7667,true,1,2099818
7290000136752,false,סבן אפ דיאט מארז שישייה 1.5 ל' FREE,"טמפו משקאות בע""מ",IL,7 UP דיאט שישייה 1.5,ליטרים,9.00,ליטר,false,,39.90,4.4333,true,1,2099797
7290000136769,false,מארז שישיה בטעם קולה 1.5 ל' פפסי,פפסי Pepsi,IL,פפסי קולה שישייה 1.5,ליטרים,9.00,ליטר,false,,41.90,4.6556,true,1,2099825
7290000136776,false,שישיית פפסי מקס דל קלוריות 1.5 ליטר,פפסי Pepsi,IL,פפסי מקס שישייה 1.5,ליטרים,9.00,ליטר,false,,37.90,4.2111,true,1,2099831
7290000136790,false,מארז סודה שישייה 1.5 ל' טמפו,טמפו 7.5%,IL,שישיית סודה טמפו 1.5,ליטרים,9.00,ליטר,false,,16.70,1.8556,true,1,2099772
7290000136806,false,מארז סודה רביעייה לימון ליים 1.5 ל' טמפו,טמפו 7.5%,IL,מארז סודה רביעייה 1.,ליטרים,6.00,ליטר,false,,11.90,1.9833,true,1,2099780
7290000136813,false,סודה בטעם אננס מארז רביעייה 1.5 ל' טמפו,טמפו 7.5%,IL,סודה אננס 1.5 ליטר ר,ליטרים,6.00,ליטר,false,,11.90,1.9833,true,1,2099787
7290000136820,false,סודה בטעם פירות יער מארז ריבעיה * 1.5 ל' טמפו,טמפו 7.5%,IL,סודה פירות יער 1.5 ל,ליטרים,6.00,ליטר,false,,11.90,1.9833,true,1,2099788
7290000136837,false,גזוז בנגיעות טעם אפרסק - מארז רביעייה,טמפו 7.5%,IL,מארז סודה רביעייה 1.,ליטרים,6.00,ליטר,false,,11.90,1.9833,true,1,2099798
7290000136844,false,מארז מים מזוככים אקווה נובה שישיית 2 ליטר,אקווה נובה Aqua Nova,IL,שישייה מים אקווה נוב,ליטרים,12.00,ליטר,false,,11.70,0.9750,true,1,2101516
7290000136875,false,מארז מים מינרלים מוגז 6* 1.5 ל' סאן בנדטו,סאן בנדטו San Benedetto,IL,מים סאן בנדטו מוגז ש,ליטרים,9.00,ליטר,false,,18.90,2.1000,true,1,2099755
7290000144160,false,"שמן זית כתית מעולה מודגש""עץ-הזית"" 750 מ""ל","מרקאולאו, ספרד.אבסה,",IT,שמן זית כתית מעולה מודגש,מיליליטרים,750.00,"100 מ""ל",false,,32.90,0.0439,true,1,1184494
7290000144467,false,שמן חמניות מועשר בנוגדי חמצון 1 ל' עץ הזית,"נארז ע""י : א.ג. גילר",GR,שמן חמניות בריאות מהטבע 1,ליטרים,1.00,ליטר,false,,15.90,15.9000,true,1,1184497
7290000144474,false,שמן עץ הזית קנולה 1 ליטר בריאות מהטבע,שמן תעשיות,EE,שמן קנולה בריאות מהטבע 1,ליטרים,1.00,ליטר,false,,14.90,14.9000,true,1,1184498
7290000146645,false,הוואי - סבון מוצק שחור מסתורי 100 גרם רביעייה,טרופיקל דגיל קוסמטיק,IL,הוואי סבון מוצק שחור 100,גרמים,400.00,100 גרם,false,,10.90,0.0273,true,1,1170469
7290000146652,false,הוואי - סבון מוצק ורוד רומנטי 100 גרם רביעייה,טרופיקל דגיל קוסמטיק,IL,הוואי סבון מוצק ורוד 100,גרמים,400.00,100 גרם,false,,10.90,0.0273,true,1,1170470
7290000146676,false,הוואי - סבון מוצק לגבר 100 גרם רביעייה,טרופיקל דגיל קוסמטיק,IL,הוואי סבון מוצק לגבר 100,גרמים,400.00,100 גרם,false,,10.90,0.0273,true,1,1170472
7290000146683,false,הוואי - סבון מוצק אפקט דאודורנט 100 גרם רביעייה,טרופיקל דגיל קוסמטיק,IL,הוואי סבון מוצק דאודורנט,גרמים,400.00,100 גרם,false,,10.90,0.0273,true,1,1170473
7290000146928,false,"טום וגרי משחת שיניים בטעם ענבים 50 מ""ל",טרופיקל דגיל קוסמטיק,IL,טום&ג'רי משחת שיניים ענבי,מיליליטרים,50.00,"100 מ""ל",false,,7.90,0.1580,true,1,1170477
7290000146980,false,"פלוריאד משחת שיניים 100מ""ל",,,משחת שיניים פלואוריד,מיליליטרים,100.00,"100 מ""ל",false,,3.90,0.0390,true,1,1170478
7290000146997,false,טום וג'רי משחת שיניים בטעם מסטיק 50 מל,טרופיקל דגיל קוסמטיק,IL,טום&ג'רי משחת שיניים מסטי,גרמים,50.00,100 גרם,false,,7.90,0.1580,true,1,1170479
7290000148748,false,קליית גת גרעיני חמניה קלויים ומומלחים200,"ג'י אנד ג'י בע""מ",IL,גרעיני חמניה,גרמים,200.00,100 גרם,false,,5.90,0.0295,true,1,1173883
7290000148939,false,שקדים קלויים קלית גת 200 ג',"ג'י אנד ג'י בע""מ",IL,שקד קלוי בשקית,גרמים,200.00,100 גרם,false,,15.90,0.0795,true,1,1173884
7290000149349,false,שמפו לשיער רגיל 1 ל' ויטל,,,שמפו לשיער ויטל 1 לי,ליטרים,1.00,ליטר,false,,11.90,11.9000,true,1,1190852
7290000149615,false,נקה 7 סבון מוצק לתינוק רביעיה * 100 ג',גליל כימיקלים בעממשו,IL,רבעיית סבון מוצק נקה 7 לת,גרמים,400.00,100 גרם,false,,9.90,0.0248,true,1,1190854
7290000149844,false,סנו - סינטבון סבון רב שימושי,נקה 7,IL,נקה 7 סינטבון חתול,גרמים,230.00,100 גרם,false,,6.90,0.0300,true,1,1167228
7290000149905,false,טקסטיל שמפו לכביסה ביד 1 ליטר,מיוצר עי קונדיטוריית,IL,טקסטיל נוזל לכביסה 1ליטר,ליטרים,1.00,ליטר,false,,12.90,12.9000,true,1,1167231
7290000149943,false,"טקסטיל שמפו-שקית 1 ק""ג",נקה 7,IL,טקסטיל שמפו בשקית 1 קג,קילוגרמים,1.00,"ק""ג",false,,12.90,12.9000,true,1,1167232
7290000152288,false,עוף טוב נקניקיות עוף מיס לוסי 400 גרם,מולינו ניקולי s.p.a,IL,נקניקיות עוף טוב 400,גרמים,400.00,100 גרם,false,,11.90,0.0298,true,1,1363358
7290000158105,false,שניצל עוף מיני דינוזאור מעוף שגדל ללא אנטיביוטיקה,מוצרי עוף טוב (2001),IL,עוף טוב שניצל עוף מיני די,גרמים,700.00,100 גרם,false,,35.90,0.0513,true,1,1155903
7290000159010,false,שניצל עוף מיני דובונים מעוף שגדל ללא אנטיביוטיקה,עיצובים 2020 (4.9),IL,עוף טוב שניצל עוף מיני דו,גרמים,700.00,100 גרם,false,,35.90,0.0513,true,1,1155907
7290000168173,false,ברנפלקס קרנצים 375 ג' תלמה,יוניליור ישראל מזון,IL,תלמה דגני מבוגרים קראנצ'י,גרמים,375.00,100 גרם,false,,22.90,0.0611,true,1,1188006
7290000169538,false,"נמס בכוס עגבניות וקרוטונים מרק כשרות בד""ץ 62 ג' קנור",יוניליוור ישראל מזון,IL,קנור נמס בכוס ועוד עגבניו,גרמים,64.00,100 גרם,false,,6.50,0.1016,true,1,1188045
7290000174723,false,שוקולית אבקה להכנת משקה שוקו 500 גרם,הנסיך- מפעל לייצור ט,IL,שוקולית קופסא 500 / 12 ק,גרמים,500.00,100 גרם,false,,11.90,0.0238,true,1,1189293
7290000176062,false,קפה עלית טורקי 100 גרם,שטראוס קפה בי.וי.,IL,טורקי עלית ר 100 גרם,גרמים,100.00,100 גרם,false,,8.90,0.0890,true,1,1189296
7290000176079,false,קפה עלית טורקי עם הל 100 גרם,הנסיך- מפעל לייצור ט,IL,עלית טורקי עם הל 00/1שק'/,גרמים,100.00,100 גרם,false,,9.60,0.0960,true,1,1189297
7290000176147,false,קפה מוקה קלוי מס1 עלית 500ג',ELITE CAFE SP. ZO.O,PL,כשלפ מוקה,גרמים,500.00,100 גרם,false,,48.90,0.0978,true,1,1189300
7290000176413,false,קפה נמס אבקתי 50 גרם,הנסיך- מפעל לייצור ט,IL,עלית נמס אבקתי 50 ג/1פח'/,גרמים,50.00,100 גרם,false,,8.90,0.1780,true,1,1189302
7290000176420,false,קפה נמס אבקתי 200ג עלית,שטראוס קפה בי.וי,IL,כשלפ פחיות אבקתי,גרמים,200.00,100 גרם,false,,19.90,0.0995,true,1,1189303
7290000176468,false,קפה נמס נטול קפאין 50 ג' קפה האג,"איי, בי, אינבוו",IL,כשלפ האג נמס אבקתי 50,גרמים,50.00,100 גרם,false,,11.90,0.2380,true,1,1189304
7290000176475,false,קפה נמס האג נטול קפאין 200 ג',שטראוס גרופ,IL,כשלפ האג נ.אבקתי 200ג-,גרמים,200.00,100 גרם,false,,34.90,0.1745,true,1,1189305
7290000178707,false,תפוצ'יפס טבעי 50 גרם,"שטראוס פריטו ליי בע""",IL,תפוצ'יפס*50 בטעם טב/1שק'/,גרמים,50.00,100 גרם,false,,3.90,0.0780,true,1,1189927
7290000178721,false,חטיף תפוציפס טבעי 20,"שטראוס פריטו ליי בע""",IL,תפוציפס*200*גר'/1שק'/200ג,גרמים,200.00,100 גרם,false,,9.90,0.0495,true,1,1189928
7290000189215,false,ניקול מטלית קסם לרצפה,סידורסקי,CN,מטלית קסם רצפה בסט,יח',1.00,יח',false,,15.90,15.9000,true,1,1171076
7290000189536,false,ניקול - שקיות אשפה 40 יח',אשפלסט,IL,שקיות אשפה ניקול 40,יח',40.00,יח',false,,17.90,0.4475,true,1,1998505
7290000189598,false,מטליות לחות חד פעמיות לניקוי כללי 50 יח' ניקול,עלבד משואות יצחק בעמ,IL,ניקול מטליות לחות,יח',50.00,יח',false,,10.90,0.2180,true,1,1171090
7290000189659,false,מטליות לחות לרצפה ניקול 10 יח'-מרכז,עלבד משואות יצחק בעמ,IL,ניקול מטליות לחות,יח',10.00,יח',false,,10.90,1.0900,true,1,1171092
7290000189734,false,מטליות לחות לפרקט 10יח' ניקול,עלבד משואות יצחק בעמ,IL,מטליות לחות לפרקטי,יח',1.00,יח',false,,14.90,14.9000,true,1,1171096
7290000190198,false,מטליות לניקוי וחיטוי חדרי שירותים ואמבטיה,עלבד משואות יצחק בעמ,IL,מ.לחות לניקוי וחיט,יח',50.00,יח',false,,10.90,0.2180,true,1,1171109
7290000190853,false,לילי פיור נייר טואלט דו שכבתי 30 גלילים,חוגלה קימברלי,,נייר טואלט לילי לבן,מטרים,552.00,מטר,false,,35.90,0.0650,true,1,1978765
7290000191652,false,קלינקס ממחטות טישו אולטרא סופט מארז 90X3יח',חוגלה קימברלי,IL,מגבון אף קלינקס נייל,יח',270.00,יח',false,,10.90,0.0404,true,1,1171126
7290000193014,false,פדיות אינטרלוד מגיני יום לילי 50יח',חוגלה קימברלי,CZ,מגני תחתון אינטרלוד,יח',50.00,יח',false,,9.90,0.1980,true,1,1171132
7290000193076,false,שלישיית מטליות לריצפה ניקול,עופרטקס,IL,שלישית מטליות רצפה נ,יח',3.00,יח',false,,10.90,3.6333,true,1,1171134
7290000193205,false,לילי תחבושות נטורל לילה 20 יח',לילי נטורל,BE,תחבושות היגייניות לי,יח',20.00,יח',false,,15.90,0.7950,true,1,1171138
7290000193540,false,לילי אינטימייט מגן תחתון לונג 52יח',חוגלה קימברלי,IL,מגני תחתון לשימוש יו,יח',52.00,יח',false,,15.90,0.3058,true,1,1171141
7290000193618,false,לילי אינטימייט מגן תחתון נורמל 24 יח',לילי,,מגני תחתון לשימוש יו,יח',62.00,יח',false,,15.90,0.2565,true,1,1171142
7290000194172,false,מארז מתוקים ללא תוס,ממתקי השלום,IL,מארז מתוקים ללא תוס,גרמים,250.00,100 גרם,false,,14.90,0.0596,true,1,2074403
7290000196343,false,"מפת שולחן מהודרת לילי 180X120ס""מ",דיספובד,IL,ניקול מפת שולחן מה,יח',1.00,יח',false,,12.90,12.9000,true,1,1171160
7290000197029,false,ניקול שקיות ניילון ריצרץ לאחסון 12יח',ניקול,IL,מארז 12 שקיות לאיחסו,יח',12.00,יח',false,,13.90,1.1583,true,1,1171167
7290000197470,false,מקפיאון שקיות הקפאה מתכלות ניקול 250יח',"אשפלסט תעשיות בע""מ",IL,"שקיות רב""ש מתכלות",יח',250.00,יח',false,,13.90,0.0556,true,1,1171175
7290000197999,false,רדיד אלומיניום עבה ניקול זוגי 30X7.5מ',ניקול,IL,רדיד אלו. עבה *7.5,מטרים,15.00,מטר,false,,14.90,0.9933,true,1,1171184
7290000204147,false,ניקול כריות יפניות 2 ב 1 רביעייה,פלסטו פוליש (ברקן),IL,כרית יפנית,יח',4.00,יח',false,,11.90,2.9750,true,1,1171214
7290000204215,false,ניקול כריות יפניות 6 יח',פלסטו פוליש (ברקן),IL,ניקול - כרית יפנית,יח',6.00,יח',false,,11.90,1.9833,true,1,1171215
7290000204253,false,מטליות ניקול רב שימושיות 9יח',נועם אורים-קיבוץ אור,IL,"מטלית רב""ש ניקול *",יח',9.00,יח',false,,10.90,1.2111,true,1,1171217
7290000204307,false,ניקול מטליות רב שימושיות בגליל 40 יח',נועם אורים-קיבוץ אור,IL,"מטלית רב""ש בגליל 0",יח',40.00,יח',false,,20.90,0.5225,true,1,1171218
7290000204512,false,מטליות לחות לרצפה בניחוח לימון 10 יח' ניקול,עלבד משואות יצחק בעמ,IL,ניקול מטליות לחות,יח',10.00,יח',false,,10.90,1.0900,true,1,1369778
7290000204611,false,ספוגית הקסם ניקול שישייה,ניקול,US,ניקול ספוגית הקסם,יח',6.00,יח',false,,12.90,2.1500,true,1,1171219
7290000205526,false,פיסגה שטיפת רצפות 2 ל',"סנו מפעלי ברונוס בע""",IL,פיסגה שטיפת רצפות 2 ליטר,ליטרים,2.00,ליטר,false,,14.90,7.4500,true,1,1167238
7290000207063,false,רסק עגבניות פריכוז 28% 240 גרם יכין,היינץ צפון אמריקה מק,IL,רסק עגבניות פריכוז 260 ג,גרמים,240.00,100 גרם,false,,4.90,0.0204,true,1,1170377
7290000207162,false,רוטב עגבניות מרכיב טבעי 100 ג' יכין,"זנלכל בע""מ",IL,רסק עגבניות 100 ג יכין,גרמים,100.00,100 גרם,false,,1.90,0.0190,true,1,1170380
7290000207438,false,עגבניות 2.5 A קוביות 850 גרם יכין,"זנלכל בע""מ",IL,עגבניות קוביות 800 ג יכין,גרמים,800.00,100 גרם,false,,9.90,0.0124,true,1,2042395
7290000208077,false,אפונת גינה רגילה 550 גרם יכין,"זנלכל בע""מ",IL,אפונת גינה גדולה 550 ג יכ,גרמים,550.00,100 גרם,false,,7.90,0.0144,true,1,1170384
7290000208114,false,"אפונה וגזר יכין A2 פ""ק בית יוסף","זנלכל בע""מ",IL,אפונה וגזר 550 ג יכין,גרמים,550.00,100 גרם,false,,7.90,0.0144,true,1,1170386
7290000208138,false,סירופ דיאט ענבים יכין 1 ליטר,"זנלכל בע""מ",IL,סירופ ענבים דיאט1ל' יכין,ליטרים,1.00,ליטר,false,,16.90,16.9000,true,1,1170388
7290000208145,false,גרעיני תירס מתוק לייט 550 גרם יכין,"זנלכל בע""מ",IL,תירס לייט 550 ג יכין,גרמים,550.00,100 גרם,false,,8.90,0.0162,true,1,1170389
7290000208329,false,גרעיני תירס מתוק 550 גרם יכין,"זנלכל בע""מ",IL,תירס מתוק 550 ג יכין,גרמים,550.00,100 גרם,false,,7.90,0.0144,true,1,1170398
7290000208336,false,רסק יכין 240גר 22% יכין בית יוסף,"זנלכל בע""מ",IL,רסק עגבניות 260 ג יכין,גרמים,240.00,100 גרם,false,,3.90,0.0162,true,1,1170399
7290000208459,false,"לקט ירקות יכין פ""ק A2 בית יוסף","זנלכל בע""מ",IL,ירקות מעורבים 550 ג יכין,גרמים,550.00,100 גרם,false,,8.90,0.0162,true,1,1170403
7290000208480,false,גרעיני תירס מתוק בטעם חמאה 550 גרם יכין,זנלכל,IL,תירס בטעם חמאה A/2,גרמים,550.00,100 גרם,false,,8.90,0.0162,true,1,1170404
7290000208534,false,גרעיני תירס מתוק לילדים 550 גרם יכין,"זנלכל בע""מ",IL,תירס קיד 550 ג יכין,גרמים,550.00,100 גרם,false,,8.90,0.0162,true,1,1170405
7290000208855,false,רוטב לפסטה קלאסי 240 גרם יכין,"זנלכל בע""מ",IL,רוטב פסטה 260 ג יכין,גרמים,240.00,100 גרם,false,,5.50,0.0229,true,1,1170407
7290000208930,false,עגבניות מרוסקות בתוספת שום 240 גרם יכין,"זנלכל בע""מ",IL,עגבניות מרוסקות שום 260 ג,גרמים,240.00,100 גרם,false,,5.50,0.0229,true,1,1170409
7290000208947,false,עגבניות מרוסקות 260 גרם יכין,היינץ צפון אמריקה מק,IL,עגבניות מרוסקות 260 ג יכי,גרמים,240.00,100 גרם,false,,5.50,0.0229,true,1,1170410
7290000209012,false,חומץ הדרים 5% יכין 1,"זנלכל בע""מ",IL,חומץ הדרים 1 ליטר,ליטרים,1.00,ליטר,false,,5.90,5.9000,true,1,1983221
7290000209517,false,סירופ דיאט לימון 1 ל' יכין,היינץ צפון אמריקה מק,IL,סירופ דיאט לימון 1 ליטר,ליטרים,1.00,ליטר,false,,16.90,16.9000,true,1,1170424
7290000209531,false,סירופ דיאט אשכוליות 1ל,זנלכל,IL,'סירופ דיאט אשכוליות 1 ל,ליטרים,1.00,ליטר,false,,16.90,16.9000,true,1,1170426
7290000209722,false,רסק עגבניות 28% פריכוז 580 גרם יכין,"זנלכל בע""מ",IL,פריכוז 580 ג יכין,גרמים,580.00,100 גרם,false,,9.90,0.0171,true,1,1170433
7290000209913,false,עגבניות חתוכות לקוביות 240 גרם יכין,"זנלכל בע""מ",IL,עגבניות קוביות 260 גרם יכ,גרמים,240.00,100 גרם,false,,5.50,0.0229,true,1,1170435
7290000209944,false,רוטב לעגבניות בסיס לשקשוקה 240 ג' יכין,"זנלכל בע""מ",IL,בסיס לשקשוקה 260 ג יכין,גרמים,240.00,100 גרם,false,,5.50,0.0229,true,1,1170436
7290000209951,false,רוטב עגבניות לפיצה 260 גרם יכין,"זנלכל בע""מ",IL,רוטב עגבניות לפיצה 260 ג,גרמים,240.00,100 גרם,false,,5.50,0.0229,true,1,1170437
7290000209968,false,רוטב עגבניות ללזניה יכין 240 גרם,"זנלכל בע""מ",IL,רוטב עגבניות ללזניה 260,גרמים,240.00,100 גרם,false,,5.50,0.0229,true,1,1170438
7290000210896,false,רוטב לפסטה בולונז 240 גרם יכין,"זנלכל בע""מ",IL,רוטב בולונז 260 ג יכין,גרמים,240.00,100 גרם,false,,5.50,0.0229,true,1,1170440
7290000211169,false,"אורז תאילנדי אחד אחד סוגת 1 ק""ג",האי נאם סי או אל.טי.,IL,אורז תאילנדי סוגת 1,קילוגרמים,1.00,"ק""ג",false,,6.90,6.9000,true,1,2075498
7290000211312,false,סוגת אורז מלא פרסי אחד אחד 1 קג,האי נאם סי או אל.טי.,IL,"אורז מלא 1 ק""ג",קילוגרמים,1.00,"ק""ג",false,,8.90,8.9000,true,1,1180652
7290000211442,false,"סוגת אורז פרסי קלאסי שקית 1 ק""ג",האי נאם סי או אל.טי.,IL,"אורז פרסי 1 ק""ג",קילוגרמים,1.00,"ק""ג",false,,10.90,10.9000,true,1,1180655
7290000211503,false,סוכר לבן ארוז בשקית,"סוגת תעשיות בע""מ",IL,"סה""כ סוכר לבן 1 ק""ג",קילוגרמים,1.00,"ק""ג",false,,3.90,3.9000,true,1,1180656
7290000211985,false,"אורז ריזוטו עגול סוגת 1 ק""ג","סוגת תעשיות בע""מ",IL,"אורז עגול 1 ק""ג",קילוגרמים,1.00,"ק""ג",false,,7.90,7.9000,true,1,1180658
7290000214115,false,מרק עוף צנצנת 400 גרם-ויטה,"פרי הגליל בע""""מ",IL,מרק עוף צנצ . 400ויטה,גרמים,400.00,100 גרם,false,,13.90,0.0348,true,1,1193698
7290000218502,false,שעועית לחמין א/2 פרי,פרי הגליל,IL,חמין א -2ויטה בדצ,גרמים,570.00,100 גרם,false,,8.90,0.0156,true,1,1193701
7290000238029,false,"בצק עלים צרפתי מרודד מעדנות 1ק""ג",מיוצר עי קונדיטוריית,IL,"בצק עלים מרודד 1 ק""ג מעדנ",קילוגרמים,1.00,"ק""ג",false,,19.90,19.9000,true,1,1187395
7290000238036,false,מלווח עגול מעדנות 700 ג',מיוצר עי קונדיטוריית,IL,מלאווח 700גר מעדנות,גרמים,700.00,100 גרם,false,,16.90,0.0241,true,1,1187396
7290000238173,false,מעדנות בורקס גבינה 800גר,מיוצר עי קונדיטוריית,IL,בורקס גבינה מעדנות 800גר,גרמים,800.00,100 גרם,false,,19.90,0.0249,true,1,1187397
7290000238180,false,בורקס תפוחי אדמה מעדנות 800ג',מיוצר עי קונדיטוריית,IL,"בורקס תפו""א 800 גרם מעדנו",גרמים,800.00,100 גרם,false,,19.90,0.0249,true,1,1187398
7290000240541,false,ריבועי בצק בורקס מעדנות 800 ג',מיוצר עי קונדיטוריית,IL,ריבועי בצק עלים 800גר מעד,גרמים,800.00,100 גרם,false,,22.90,0.0286,true,1,1187400
7290000243566,false,"שמן קנולה בריאות 750 מ""ל",שמן תעשיות,EE,שמן קנולה בריאות מהטבע 75,מיליליטרים,750.00,"100 מ""ל",false,,11.90,0.0159,true,1,1184500
7290000244143,false,"הוואי - קרם לאחר גילוח 120 מ""ל",טרופיקל דגיל קוסמטיק,IL,הוואי קרם לאחר גילוח 120,גרמים,120.00,100 גרם,false,,14.90,0.1242,true,1,1170486
7290000244280,false,משחת גילוח 80 ג מקצי,טרופיקל דגיל,IL,משחת גילוח,גרמים,80.00,100 גרם,false,,7.90,0.0988,true,1,1170489
7290000244631,false,ענוגה גליצרין קרם ידיים 80 מל,טרופיקל דגיל,IL,קרם ענוגה גליצרין 80 גר',מיליליטרים,80.00,"100 מ""ל",false,,7.90,0.0988,true,1,1170491
7290000244761,false,קרם ידיים וולוטה 80 גרם,טרופיקל דגיל קוסמטיק,IL,"קרם ידיים ולוטה 100 מ""ל",מיליליטרים,80.00,"100 מ""ל",false,,9.90,0.1238,true,1,1170492
7290000245072,false,סוד מרכך לכביסה סופט בייבי 4 ל',"הנקל סוד בע""מ",IL,מרכך כביסה סוד בייבי 4 לי,ליטרים,4.00,ליטר,false,,18.90,4.7250,true,1,1206163
7290000245157,false,סוד סופט מרכך כביסה סנסיישן 4 ליטר,"הנקל סוד בע""מ",IL,מרכך כביסה סוד סנסיישן 4,ליטרים,4.00,ליטר,false,,18.90,4.7250,true,1,1206165
7290000245270,false,"פרסיל אבקת כביסה סופרא 1.250 ק""ג","הנקל סוד בע""מ",IL,"אבקת כביסה פרסיל 1.25 ק""ג",קילוגרמים,1.25,"ק""ג",false,,15.90,12.7200,true,1,1206167
7290000245287,false,"פרסיל אבקת כביסה 1.250 ק""ג קולור ויניגר","הנקל סוד בע""מ",IL,"אבקת כביסה פרסיל 1.25 ק""ג",קילוגרמים,1.25,"ק""ג",false,,15.90,12.7200,true,1,1206168
7290000245294,false,"א.כ. פרסיל סופרא שקית 2.5 ק""ג","הנקל סוד בע""מ",IL,אבקת כביסה פרסיל אקטיב 2.,קילוגרמים,2.50,"ק""ג",false,,28.90,11.5600,true,1,1206169
7290000245478,false,"סוד - אבקת כביסה לבגדי תינוקות 1.25 ק""ג","הנקל סוד בע""מ",IL,אבקת כביסה סוד בייבי 1.25,קילוגרמים,1.25,"ק""ג",false,,12.90,10.3200,true,1,1206173
7290000245508,false,"אב.כביסה סוד פרפקט 1.25ק""ג-שקית כחולה","הנקל סוד בע""מ",IL,אבקת כביסה סוד שושן מרענן,קילוגרמים,1.25,"ק""ג",false,,12.90,10.3200,true,1,1206174
7290000245515,false,"א.כ סוד קומפקט ביואקטיב פרפריום 1.25 ק""ג","הנקל סוד בע""מ",IL,אבקת כביסה סוד לבנדר 1.25,קילוגרמים,1.25,"ק""ג",false,,12.90,10.3200,true,1,1206175
7290000245539,false,"קומפקט סוד 1.250 ק""ג קולור לכביסה צבעונית","הנקל סוד בע""מ",IL,אבקת כביסה סוד קולור 1.25,קילוגרמים,1.25,"ק""ג",false,,12.90,10.3200,true,1,1206176
7290000245782,false,סוד סופט מרכך כביסה ורוד 4 ליטר,"הנקל סוד בע""מ",IL,מרכך כביסה סוד ורוד 4 ליט,ליטרים,4.00,ליטר,false,,18.90,4.7250,true,1,1206181
7290000245799,false,סוד סופט מרכך כביסה כחול 4 ליטר,"הנקל סוד בע""מ",IL,מרכך כביסה סוד כחול 4 ליט,ליטרים,4.00,ליטר,false,,18.90,4.7250,true,1,1206182
7290000253220,false,שוקולד צ'יפס חום אופנהיימר 260 גר',אופנהיימר,IL,אופנ.שוקוצ'יפס פרווה 300,גרמים,260.00,100 גרם,false,,12.90,0.0496,true,1,1166610
7290000253251,false,שוקולד צ'יפס לבן אופנהיימר 250 גרם,אופנהיימר,IL,אופנ.שוקוצ'יפס לבן 300 גר,גרמים,250.00,100 גרם,false,,12.90,0.0516,true,1,1166611
7290000253374,false,מיני שוקולד צ'יפס - נטיפי שוקולד מריר,אופנהיימר,IL,מיני שוקולד ציפס 25,גרמים,250.00,100 גרם,false,,14.90,0.0596,true,1,2083345
7290000253732,false,מרציפן מצופה שוקולד אופנהיימר 86 גר,אופנהיימר,IL,מרציפן מצופה שוקולד,גרמים,86.00,100 גרם,false,,8.90,0.1035,true,1,1909570
7290000267012,false,שקד מולבן שלם 100 גרם,"דין שיווק וקלייה בע""",IL,שקדים מולבנים 100 גר,גרמים,100.00,100 גרם,false,,10.90,0.1090,true,1,1175128
7290000267036,false,שקדים משובבים השף 100 ג',"דין שיווק וקלייה בע""",IL,שקדים מולבנים 100 גר,גרמים,100.00,100 גרם,false,,10.90,0.1090,true,1,1175130
7290000267555,false,בוטנים טבעיים גרוסים,"דין שיווק וקלייה בע""",,בוטנים טבעיים גרוסים,גרמים,100.00,100 גרם,false,,4.50,0.0450,true,1,1175135
7290000272443,false,סירופ עסיס דיאט תפוזים צ.טבעי 1 ל',בית-השיטה עסיס תעשיו,IL,עסיס סירופ דיאט בטעם תפוז,ליטרים,1.00,ליטר,false,,16.90,16.9000,true,1,1155918
7290000272467,false,סירופ עסיס דיאט פטל 1 ליטר,בית-השיטה עסיס תעשיו,IL,עסיס סירופ דיאט בטעם פטל,ליטרים,1.00,ליטר,false,,16.90,16.9000,true,1,1155919
7290000272696,false,עסיס מיץ לימון טבעי משומר 1 ל' אסם,בית-השיטה עסיס תעשיו,IL,עסיס מיץ לימון משומר מרכז,ליטרים,1.00,ליטר,false,,9.90,9.9000,true,1,1155920
7290000272726,false,חומץ טבעי 5% עסיס 1 ל' אסם,בית השיטה עסיס תעשיו,IL,עסיס חומץ 5% 1 ליטר,ליטרים,1.00,ליטר,false,,6.90,6.9000,true,1,1155921
7290000286228,false,כרית קרצוף לכלים סנו סושי 6יח',סנו מפעלי ברונו בעמ,IL,סנו סושי 6 כריות יפניות,יח',6.00,יח',false,,12.90,2.1500,true,1,1167239
7290000286297,false,"סנו אנטי קאלק מסיר אבן מקומקום 700 מ""ל",סנו מפעלי ברונוס בעמ,IL,סנו אנטיקאלק מסיר אבן700,מיליליטרים,700.00,"100 מ""ל",false,,10.90,0.0156,true,1,1167240
7290000286488,false,ספוג רחצה כיף פיראט,קוסמופארם,IL,ספוג כיף פיראט 1 יחידה,יח',1.00,יח',false,,5.90,5.9000,true,1,1167242
7290000286495,false,ספוג רחצה בייבי כיף,קוסמופארם,IL,ספוג בייבי כיף,יחידה,0.00,יחידה,false,,5.90,0.0000,true,1,1167243
7290000286549,false,סנו סושי מטליות לניקוי כללי 9 יח',נועם אורים תעשיות בע,IL,'מטליות רב שימוש 9 יח,יח',9.00,יח',false,,10.90,1.2111,true,1,1167246
7290000286594,false,"סנו איקס לימון במיכל 600 מ""ל",סנו מפעלי ברונוס בעמ,IL,לימון 600 גרם X-סנו,גרמים,600.00,100 גרם,false,,9.90,0.0165,true,1,1167248
7290000286631,false,"סנו אבקה לניקוי ומירוק בריח לימון 600 מ""ל",סנו,IL,לימון שק.מילוי600ג X סנו,גרמים,600.00,100 גרם,false,,6.90,0.0115,true,1,1167249
7290000286761,false,ניילון נצמד סנו סושי פלסטיק מארז 30X2 מ',מיוצר עי קונדיטוריית,CN,ניילון נצמד 2*30 מטר,יח',2.00,יח',false,,12.90,6.4500,true,1,1167251
7290000286907,false,סנו מסיר כתמים באירו,סנו מפעלי ברונוס בעמ,IL,"סנו מסיר כתמים 170 מ""ל",גרמים,125.00,100 גרם,false,,22.90,0.1832,true,1,1167254
7290000286945,false,"סנו רהיט אקדח מרסס 500מ""ל","סנו מפעלי ברונוס בע""",IL,"סנו רהיט מרסס 500 מ""ל",מיליליטרים,500.00,"100 מ""ל",false,,22.90,0.0458,true,1,1167257
7290000287195,false,"סנו רהיט ספריי עשיר בווקס להברקה 305 מ""ל",מיוצר עי קונדיטוריית,IL,סנורהיט מבריק רהיטים305ג,מיליליטרים,300.00,"100 מ""ל",false,,14.90,0.0497,true,1,1167261
7290000287355,false,נוזל רצפות סנו סופר פוליש 1 ל,סנו,IL,סנו סופר פוליש לרצפות 1ל,ליטרים,1.00,ליטר,false,,27.90,27.9000,true,1,1167263
7290000287362,false,פוליוקס 4 ל' גולדן סנרייז,סנו,IL,פוליויקס סנרייז 4 ליטר,ליטרים,4.00,ליטר,false,,42.90,10.7250,true,1,1167264
7290000287409,false,סנובון שלישיה תות 3 יח' *55 ג',סנו מפעלי ברונוס בעמ,IL,55 גרם X'סנובון תות 3יח,גרמים,165.00,100 גרם,false,,12.90,0.0782,true,1,1167265
7290000287430,false,סנובון צבעוני לאסלה בריח לימון שלישייה,סנו מפעלי ברונו בעמ,IL,'סנובון לימון לאסלה 3 יח,גרמים,165.00,100 גרם,false,,12.90,0.0782,true,1,1167266
7290000287485,false,סנובון לובר לאסלה 3 יח' * 55 ג',סנו מפעלי ברונו בעמ,IL,55גרם X'סנובון לובר 3יח,גרמים,165.00,100 גרם,false,,12.90,0.0782,true,1,1167267
7290000287492,false,"סנו - סנובון נוזלי לימון 750 מ""ל","איי, בי, אינבוו",IL,סנובון נוזלי לימון 750מל,מיליליטרים,750.00,"100 מ""ל",false,,10.90,0.0145,true,1,1167268
7290000287607,false,סבון אסלה סנו בלו גד,סנו,IL,סנו בלו סבון למיכל האסלה,גרמים,150.00,100 גרם,false,,19.90,0.1327,true,1,1167270
7290000287621,false,"מנקה אסלות סנו אנטי קאלק 750 מ""ל,",מיוצר עי קונדיטוריית,IL,סנו אנטי קאלק לאסלות750מ,מיליליטרים,750.00,"100 מ""ל",false,,11.90,0.0159,true,1,1167271
7290000288024,false,סנו - ז'אוול אקונומיקה בריח לימון 4 ליטר,"סנו מפעלי ברונוס בע""",IL,סנו ג'אוול לימון 4 ליטר,ליטרים,4.00,ליטר,false,,16.90,4.2250,true,1,1167280
7290000288048,false,סנו זאוול מרסס מונבלאן 1 ליטר,"סנו מפעלי ברונוס בע""",IL,סנו ג'אוול מרסס לבנדר 1ל,ליטרים,1.00,ליטר,false,,19.90,19.9000,true,1,1167282
7290000288086,false,"סנו ז'אוול אבקת ואקונומיקה לימון 600 מ""ל",מיוצר עי קונדיטוריית,IL,ג'אוול אב.ניקוי לימון600,גרמים,600.00,100 גרם,false,,10.90,0.0182,true,1,1167284
7290000288109,false,"אבקת כביסה מקסימה אפקט ג''אוול 1.25 ק""ג סנו",סנו מפעלי ברונוס בעמ,IL,אבקת מקסימה ג'אבל 1.25קג,קילוגרמים,1.25,"ק""ג",false,,18.90,15.1200,true,1,1167285
7290000288253,false,"סנו K-400 חרקים וזבובים 630מ""ל",מיוצר עי קונדיטוריית,IL,400 קוטל חרקים/זבוב630-K,מיליליטרים,630.00,"100 מ""ל",false,,22.90,0.0363,true,1,1167287
7290000288352,false,"סנו K-300 חרקים ונמלים 630מ""ל","סנו מפעלי ברונוס בע""",IL,300 קוטל חרק./זוחל630מ-K,מיליליטרים,630.00,"100 מ""ל",false,,19.90,0.0316,true,1,1167291
7290000288659,false,"סנו - די רולאון דוחה יתושים ג'ונגל 50 מ""ל",טרופיקל דגיל תעשיות,IL,סנו די נגד יתושים ג',גרמים,50.00,100 גרם,false,,19.90,0.3980,true,1,1683226
7290000288840,false,סנו - מים מזוקקים 2 ליטר,החברה הדרומית,IL,סנו מים מזוקקים 2 ליטר,ליטרים,2.00,ליטר,false,,12.90,6.4500,true,1,1167300
7290000289069,false,סנו - ז'אוול מרסס קצף ניקוי בתוספת אקונומיקה בריח לימון 1 ליטר,"סנו מפעלי ברונוס בע""",IL,סנו ג'אוול מרסס לימון 1ל,ליטרים,1.00,ליטר,false,,19.90,19.9000,true,1,1167304
7290000289236,false,K3 נמלים פיתיון ג'ל - קוטל נמלים בבית ובחצר,"סנו מפעלי ברונוס בע""",IL,סנו -K3 פיתיון ג'ל ל,גרמים,12.00,100 גרם,false,,49.90,4.1583,true,1,2011836
7290000289472,false,סנו סושי שקיות 76*90 50 יח' XXL,מיוצר עי קונדיטוריית,IL,50 שק.אשפה מתכלות 76*90ס,יח',50.00,יח',false,,19.90,0.3980,true,1,1167312
7290000289496,false,"סנו - ז'אוול ג'ל קרם לניקוי כללי לימון 750 מ""ל","סנו מפעלי ברונוס בע""",IL,ג'אוול ג'ל קרם לימון750מ,מיליליטרים,750.00,"100 מ""ל",false,,12.90,0.0172,true,1,1167313
7290000289595,false,"אורביטול משחת שיניים לילדים בטעם תות שדה 145 מ""ל",טרופיקל דגיל תעשיות,IL,אורביטול קיד תות 145 גרם,גרמים,145.00,100 גרם,false,,8.90,0.0614,true,1,1167315
7290000289601,false,סנו ז'אוול בריח לבנדר 2 ל',"סנו מפעלי ברונוס בע""",IL,סנו ג'אוול לבנדר 2 ליטר,ליטרים,2.00,ליטר,false,,13.90,6.9500,true,1,1167316
7290000289748,false,"סנו פורטה פלוס מסיר שומנים לתנור 750מ""ל","סנו מפעלי ברונוס בע""",IL,"סנו פורטה פלוס 750 מ""ל",מיליליטרים,750.00,"100 מ""ל",false,,16.90,0.0225,true,1,1167318
7290000289885,false,"סנו פרש ענק אושן כחול 375 מ""ל",סנו fresh,IL,סנופרש ענק אושן כחול375מ,מיליליטרים,375.00,"100 מ""ל",false,,9.90,0.0264,true,1,1167319
7290000289892,false,"סנו פרש ענק מאונטן טורקיז 375 מ""ל",סנו fresh,IL,סנו פרש מאונטן טורקיז375,מיליליטרים,375.00,"100 מ""ל",false,,9.90,0.0264,true,1,1167320
7290000289915,false,"סנו פרש ענק קוקו וניל צהוב 375 מ""ל",סנו fresh,IL,"סנופרש וניל מתוק 375 מ""ל",מיליליטרים,375.00,"100 מ""ל",false,,9.90,0.0264,true,1,1167321
7290000291857,false,פוליויקס בניחוח GOLDEN SUNRISE,סנו פוליויקס,IL,פוליויקס סנרייז 2 ליטר,ליטרים,2.00,ליטר,false,,24.90,12.4500,true,1,1167324
7290000291932,false,"סנובון לניקוי לבנדר 750מ""ל","סנו מפעלי ברונוס בע""",IL,סנובון נוזלי לבנדר 750מל,מיליליטרים,750.00,"100 מ""ל",false,,10.90,0.0145,true,1,1167326
7290000291963,false,סנו ז'אוול סמיכה לימון 1 ל',סנו JAVEL,IL,אקונומיקה ג'אוול סמיכה1ל,ליטרים,1.00,ליטר,false,,7.90,7.9000,true,1,1167328
7290000292137,false,"סנו: נוזל ניקוי וטיפול במוצרי עור 500 מ""",מיוצר עי קונדיטוריית,IL,"סנו לניקוי עור 500 מ""ל",מיליליטרים,500.00,"100 מ""ל",false,,29.90,0.0598,true,1,1167329
7290000292434,false,"שקית מילוי רהיט נוזל 500 מ""ל",סנו,IL,שקית מילוי סנו רהיט 500מ,מיליליטרים,500.00,"100 מ""ל",false,,12.90,0.0258,true,1,1167332
7290000292533,false,סנו גל לניקוי כללי על בסיס שמן אורנים 1ל,החברה הדרומית,IL,ג'ל לניקוי כללי אורנ,ליטרים,1.00,ליטר,false,,16.90,16.9000,true,1,1167334
7290000292557,false,סנומט מלוי נוזלי דוחה יתושים 45 לילות,טרופיקל דגיל תעשיות,IT,סנומט נוזלי45לילות-מילוי,מיליליטרים,35.00,"100 מ""ל",false,,19.90,0.5686,true,1,1167336
7290000292564,false,"סנו 2000-K דוחה חרקים ללא ריח 750 מ""ל",מיוצר עי קונדיטוריית,IL,"2000 אינסקטל 750 מ""ל-K",מיליליטרים,750.00,"100 מ""ל",false,,29.90,0.0399,true,1,1167337
7290000292595,false,סופר פוליש מבריק רצפות 2 ל',סנו,IL,סנו סופר פוליש 2 ליטר,ליטרים,2.00,ליטר,false,,47.90,23.9500,true,1,1167339
7290000292687,false,סנובון לאסלה כחול אפרסק נתלה 55X3ג',מיוצר עי קונדיטוריית,IL,55גX3 סנובון כחול שלישיה,גרמים,165.00,100 גרם,false,,15.90,0.0964,true,1,1167341
7290000292694,false,מגן קריסטל לרצפה 2ליטר,סנו,IL,'מגן קריסטל לרצפה סנו 2ל,ליטרים,2.00,ליטר,false,,44.90,22.4500,true,1,1167342
7290000292915,false,"סנו רסס ונגב אקדח 750מ""ל","סנו מפעלי ברונוס בע""",IL,"סנו רסס ונגב מרסס 750מ""ל",מיליליטרים,750.00,"100 מ""ל",false,,19.90,0.0265,true,1,1167343
7290000292939,false,אקוה בלו לאסלה סנו 100 גרם,סנו,IL,אקווה בלו למיכל אסלה100ג,גרמים,100.00,100 גרם,false,,12.90,0.1290,true,1,1167344
7290000293516,false,סנו סופג לחות קופסה,"סנו מפעלי ברונוס בע""",IL,סנו סופג לחות במיכל 340ג,יח',1.00,יח',false,,27.90,27.9000,true,1,1167346
7290000293530,false,סופג לחות ומונע עובש,סנו,IL,סנו סופג לחות ש.מילוי340,מיליליטרים,340.00,"100 מ""ל",false,,14.90,0.0438,true,1,1167347
7290000293561,false,"סנו מסיר עובש 750 מ""ל","סנו מפעלי ברונוס בע""",IL,"סנו מסיר עובש 750 מ""ל",מיליליטרים,750.00,"100 מ""ל",false,,19.90,0.0265,true,1,1167348
7290000293820,false,"קרמה מן שמפו וג'ל גל רחצה אקטיב בלוק 700מ""ל",גוד פוד פרודקטס S.p,IL,קרמה מן ג'ל רחצה אקט,מיליליטרים,700.00,"100 מ""ל",false,,18.90,0.0270,true,1,1691253
7290000293943,false,סנו אנטי קאלק מסיר אבנית וחלודה 1ל',מיוצר עי קונדיטוריית,IL,'סנו אנטי קאלק מרסס 1 ל,ליטרים,1.00,ליטר,false,,18.90,18.9000,true,1,1167350
7290000294575,false,סנו סושי רב מגבת 63 דפים בגליל,סנו סושי,IL,רב מגבת סנו סושי 63 דפים,יח',63.00,יח',false,,12.90,0.2048,true,1,1167355
7290000294773,false,סנו ז'אוול 4ליטר מונטבלאן קול,"סנו מפעלי ברונוס בע""",IL,סנו ג'אוול לבנדר 4 ליטר,ליטרים,4.00,ליטר,false,,16.90,4.2250,true,1,1167356
7290000294780,false,סנו - ז'אוול אקונומיקה סמיכה מבושמת 4 ליטר,"סנו מפעלי ברונוס בע""",IL,סנו ג'אול אקונומ.סמיכה4ל,ליטרים,4.00,ליטר,false,,16.90,4.2250,true,1,1167357
7290000295121,false,מטליות זיגזג סנו סושי לניקוי רצפות 3יח',עופרטקס,IL,מטליות זיגזג 3 יחידות,יח',3.00,יח',false,,13.90,4.6333,true,1,1167359
7290000295299,false,סנו סושי כריות הפלא רב תכלתיות רביעייה,סנו מפעלי ברונו בעמ,IL,כריות הפלא 4 יח סנו סושי,יח',4.00,יח',false,,10.90,2.7250,true,1,1167360
7290000295336,false,סנו מקסימה אבקת כביסה סנסטיב מילוי1.25,סנו מפעלי ברונוס בעמ,IL,אבקת מקסימה סנסטיב 1.25ק,קילוגרמים,1.25,"ק""ג",false,,18.90,15.1200,true,1,1167362
7290000295367,false,"מקסימה ז'אוול 2.5ק""ג אבקת כביסה מרכז",סנו מקסימה,IL,אבקת מקסימה ג'אוול 2.5קג,קילוגרמים,2.50,"ק""ג",false,,29.90,11.9600,true,1,1167364
7290000295404,false,סנו סושי שקית אשפה חזקות 70*50 60 יח',מיוצר עי קונדיטוריית,IL,שקיות אשפה 60יחידות,יח',60.00,יח',false,,22.90,0.3817,true,1,1167365
7290000295503,false,סנו סושי שקיות אוכל מתכלות זוג *150 יח',"אשפלסט תעשיות בע""מ",CN,שקיות אוכל 2*150 יחידות,יח',300.00,יח',false,,14.90,0.0497,true,1,1167367
7290000295541,false,סנו רב מגבת גמבו 75 דפים בגליל,מיוצר עי קונדיטוריית,IL,סנו סושי 75רב מגבת ג'מבו,יח',75.00,יח',false,,17.90,0.2387,true,1,1167368
7290000295558,false,רדיד אלומיניום סנו סושי זוגי 30X7.5מ',מולינו ניקולי s.p.a,TR,2רדידי אלומיניום7.5*0.3מ,מטרים,15.00,מטר,false,,12.90,0.8600,true,1,1167369
7290000295565,false,רדיד אלומיניום סנו סושי זוגי 45X7.5מ',בורסה פזרי,TR,7.5Xצמד רדיד אלומניום45ס,מטרים,15.00,מטר,false,,16.90,1.1267,true,1,1167370
7290000295572,false,"סנו מנקה אסלות 00 זוג * 750 מ""ל",מיוצר עי קונדיטוריית,IL,"מנקה אסלות ""00"" 2*750מל",ליטרים,1.50,ליטר,false,,18.90,12.6000,true,1,1167371
7290000295749,false,ספוג כייף סאקי מסאז 1יח',גוד פוד פרודקטס S.p,IL,ספוג כיף סאקי מסאז' 1 יח,יח',1.00,יח',false,,7.90,7.9000,true,1,1167373
7290000295794,false,כרית מתכת סנו סושי אל חלד 3יח',סנו,,ספוגית מתכת רב שימוש,יח',3.00,יח',false,,9.90,3.3000,true,1,1167374
7290000295817,false,סנו סושי ניילון נצמד 300 מ',סנו,CN,ניילון נצמד סנו סושי300מ,מטרים,300.00,מטר,false,,44.90,0.1497,true,1,1167375
7290000295824,false,סנו סושי רדיד אלומיניום 100 מ',מולינו ניקולי s.p.a,IL,100מXסושי אלומ.חסכונ0.3,מטרים,100.00,מטר,false,,55.90,0.5590,true,1,1167376
7290000299877,false,קרם לכפות רגליים,,,קרם לכפות רגליים,מיליליטרים,90.00,"100 מ""ל",false,,22.90,0.2544,true,1,1198281
7290000300900,false,טבעול שניצל תירס 8*750גרם רכיבים טבעיים,עיצובים 2020 (4.8),IL,טבעול שניצל תירס מרכיבים,גרמים,750.00,100 גרם,false,,29.90,0.0399,true,1,1155928
7290000303581,false,פול מצרי A-2 פרי הגליל 560ג',"פרי הגליל בע""""מ",IL,פול מצרי א -2פג,גרמים,560.00,100 גרם,false,,6.50,0.0116,true,1,1193733
7290000303598,false,שעועית לבנה אפויה במיץ עגבניות A2,"פרי הגליל בע""""מ",IL,שע .ברוטב א -2אגודה,גרמים,580.00,100 גרם,false,,6.50,0.0112,true,1,1193734
7290000303604,false,חומוס גרגירים A2 פרי גליל 550ג',"פרי הגליל בע""""מ",IL,חומוס א -2אגודה פג,גרמים,550.00,100 גרם,false,,6.50,0.0118,true,1,1193735
7290000305882,false,אס הרינג עם ירקות ברוטב עגבניות 120 גרם,"סטארקיסט פודור בע""מ",IL,סלט דגים אס 120 גרם,גרמים,120.00,100 גרם,false,,5.90,0.0492,true,1,1157239
7290000307015,false,אפונת גינה גדול 550 גר A2 פרי גליל,"פרי הגליל בע""""מ",IL,אפונה א -2פג,גרמים,550.00,100 גרם,false,,6.90,0.0125,true,1,1193736
7290000307046,false,אפונת גינה וגזר 550 גר A2 פרי גליל,"פרי הגליל בע""""מ",IL,אפונה וגזר א -2פג,גרמים,550.00,100 גרם,false,,6.90,0.0125,true,1,1193737
7290000307220,false,גרעיני תירס מתוק בואקום פרי הגליל 285 גרם,"פרי הגליל בע""""מ",IL,תירס 12אונק פג,גרמים,340.00,100 גרם,false,,4.90,0.0144,true,1,1193738
7290000307237,false,גרעיני תירס מתוק 550 ג' פרי הגליל,"פרי הגליל בע""""מ",IL,תירס א -2פג,גרמים,550.00,100 גרם,false,,6.90,0.0125,true,1,1193739
7290000307343,false,שעועית ירוקה חתוכה A2 פרי גליל 550ג',"פרי הגליל בע""""מ",IL,שע ירוקה א -2פג,גרמים,550.00,100 גרם,false,,6.90,0.0125,true,1,1193744
7290000307800,false,פול ירוק 800 גרם פרי הגליל,"פרי הגליל בע""""מ",IL,פול 800פג,גרמים,800.00,100 גרם,false,,19.90,0.0249,true,1,1193745
7290000307985,false,גרעיני תירס מתוק ללא למלח 325 גרם פרי הגליל,פרי הגליל,IL,תירס 12אונק ל מלח פג,גרמים,340.00,100 גרם,false,,4.90,0.0144,true,1,1193746
7290000308951,false,רביולי גבינה אחלה 40,שטראוס,IL,רביולי גבינה 400 חדש,גרמים,400.00,100 גרם,false,,18.90,0.0472,true,1,1188647
7290000311203,false,וופלים מן בטעם שוקולד 200 גרם,תות ממתקי איכות,IL,ופלים 200 גר' שוקו,גרמים,200.00,100 גרם,false,,4.30,0.0215,true,1,1184012
7290000311210,false,וופלים מן בטעם לימון 200 גרם,"רוקחמן בע""מ",IL,ופלים 200 גר' לימון,גרמים,200.00,100 גרם,false,,4.30,0.0215,true,1,1184013
7290000311227,false,ופלים בטעם קפה מן 20,"רוקחמן בע""מ",IL,ופלים 200 גר' קפה,גרמים,200.00,100 גרם,false,,4.30,0.0215,true,1,1184014
7290000311234,false,ופלים בטעם וניל מן 2,"רוקחמן בע""מ",IL,ופלים 200 גר' וניל,גרמים,200.00,100 גרם,false,,4.30,0.0215,true,1,1184015
7290000311272,false,מן-וופלים במילוי חלווה 180 ג,"רוקחמן בע""מ",IL,ופל חלבה 180 גר',גרמים,180.00,100 גרם,false,,4.30,0.0239,true,1,1184017
7290000311463,false,מן עוגיות חיטה מלאה חמאה ללא סוכר 200 גרם,"רוקחמן בע""מ",IL,עוגיות חיטה בטעם חמא,גרמים,200.00,100 גרם,false,,8.90,0.0445,true,1,2067782
7290000311487,false,מאגדת וופל שוקולד מקמח מלא ללא סוכר 20 ג'*7 יח' מן,"רוקחמן בע""מ",IL,וופל אישי ללא תוספת,יח',16.00,יח',false,,7.90,0.4938,true,1,2151926
7290000311784,false,ופל פרימיום - שוקולד מריר 200 גרם מן,"רוקחמן בע""מ",IL,ופל קקאו בטעם שוקולד,גרמים,200.00,100 גרם,false,,6.90,0.0345,true,1,2151932
7290000311791,false,ופל פרימיום - וניל 200 גרם מן,"רוקחמן בע""מ",IL,ופל קקאו בטעם וניל,גרמים,200.00,100 גרם,false,,6.90,0.0345,true,1,2151938
7290000311807,false,ופל פרימיום - אגוזי לוז 200 גרם מן,"רוקחמן בע""מ",IL,ופל קרם אגוזים,גרמים,200.00,100 גרם,false,,6.90,0.0345,true,1,2151939
7290000311845,false,עוגיות קמח מלא ללא תוספת סוכר מן 200ג,"רוקחמן בע""מ",IL,עוגיות חיטה מלאה ללא,גרמים,200.00,100 גרם,false,,8.90,0.0445,true,1,1281054
7290000311869,false,מן-וופלים בטעם שוק ללא תוספת סוכר 180ג,תות ממתקי איכות,IL,וופלים ללא תוספת סוכ,גרמים,180.00,100 גרם,false,,7.90,0.0439,true,1,1281055
7290000311876,false,מן-וופלים בטעם וניל ללא תוספת סוכר 180ג,"רוקחמן בע""מ",IL,וופלים ללא תוספת סוכ,גרמים,180.00,100 גרם,false,,7.90,0.0439,true,1,1281056
7290000311883,false,"עוגיות גרנולה לל""ס גרנולה 200 גרם",תות ממתקי איכות,IL,עוגיות גרנולה ללא תו,גרמים,200.00,100 גרם,false,,8.90,0.0445,true,1,1281057
7290000311890,false,ופל בטעם לימון ללא סוכר 180 גר',"רוקחמן בע""מ",IL,וופלים ללא תוספת סוכ,גרמים,180.00,100 גרם,false,,7.90,0.0439,true,1,2043357
7290000313160,false,עוגיות חברים זהבה ו-3 הדובים שוקו' אסם 250 גר',היינץ צפון אמריקה מק,IL,אסם עוגיות שוקולד זהבה וש,גרמים,250.00,100 גרם,false,,7.90,0.0316,true,1,1155935
7290000313184,false,עוגיות חברים גן חיות וניל אסם 250 גר',הגביע מוצרי וופלים ב,IL,אסם עוגיות גן חיות וניל 2,גרמים,250.00,100 גרם,false,,7.90,0.0316,true,1,1155936
7290000313290,false,אסם נודלס נודלס איטריות מסולסלות 200גר,תאי פרזידנט פוד בנגק,TH,אסם נודלס אטריות מסולסלות,גרמים,200.00,100 גרם,false,,9.90,0.0495,true,1,1155938
7290000315133,false,קנור ציר בקר משחתי 3,יוניליוור ישראל מזון,IL,קנור בויון בקר 300 גרם,גרמים,300.00,100 גרם,false,,24.90,0.0830,true,1,1188057
7290000318011,false,נקניקיות ענקיות 1 קג,,,נקניקיות ענקניקיה 1,גרמים,1000.00,100 גרם,false,,19.90,0.0199,true,1,1249329
7290000318127,false,נקניקיות ביס 380 ג' יחיעם,מעדני יחיעם,IL,נק' ביס 380גרם,גרמים,380.00,100 גרם,false,,9.90,0.0261,true,1,1189841
7290000318479,false,פרושטו בקר יחיעם 100גר,תאי פרזידנט פוד פאבל,IL,פרושוטו בקר 100גרם,גרמים,100.00,100 גרם,false,,24.90,0.2490,true,1,1189848
7290000318677,false,סלמי סרוולט 150 ג' יחיעם,מעדני יחיעם,IL,סרוולד 150,גרמים,150.00,100 גרם,false,,22.90,0.1527,true,1,1189853
7290000318707,false,סלמי מעושן 500 ג' יחיעם,מעדני יחיעם,IL,סלמי מעושן 500גרם,גרמים,500.00,100 גרם,false,,29.90,0.0598,true,1,1189855
7290000318943,false,פסטרמה של פעם 200 גר,תאי פרזידנט פוד פאבל,IL,פסטרמה של פעם 200,גרמים,200.00,100 גרם,false,,19.90,0.0995,true,1,1189864
7290000319063,false,כתף בקר מפולפל 150 גרם,מעדני יחיעם,IL,כתף בקר מפולפל,גרמים,150.00,100 גרם,false,,22.90,0.1527,true,1,1732929
7290000319292,false,"נקניקיות וינר 1 ק""ג יחיעם",מעדני יחיעם,IL,נקניקיות וניר פלוס 1,גרמים,1000.00,100 גרם,false,,19.90,0.0199,true,1,1249340
7290000319391,false,"נקנקיות צ'ופר 1 ק""ג יחיעם",,,נקניקיות צ'ופר 1 קג,גרמים,1000.00,100 גרם,false,,19.90,0.0199,true,1,1249331
7290000319520,false,סאלמי צרפתי יחיעם 10,מעדני יחיעם,IL,צרפתי 100גרם- H,גרמים,100.00,100 גרם,false,,16.90,0.1690,true,1,1189879
7290000319803,false,קבנוס קלאסי 125 ג' יחיעם,תאי פרזידנט פוד פאבל,IL,קבנוס קלאסי 125 גרם,גרמים,125.00,100 גרם,false,,12.90,0.1032,true,1,1249361
7290000319834,false,קבנוס פפרוני קלאסי 125 ג',תאי פרזידנט פוד פאבל,IL,קבנוס פפרוני 125 גרם,גרמים,125.00,100 גרם,false,,12.90,0.1032,true,1,1249362
7290000327020,false,"מארז פפסי פחית צרה 330 מ""ל*6 יח'",מודרן גרופ משקאות בע,IL,"פפסי פחית צרה 330 מ""",ליטרים,1.98,ליטר,false,,19.90,10.0505,true,1,2122676
7290000327044,false,"מארז סבן אפ פחית צרה 330 מ""ל*6 יח'",מודרן גרופ משקאות בע,IL,סבן אפ פחית צרה 330,ליטרים,1.98,ליטר,false,,19.90,10.0505,true,1,2122678
7290000334684,false,טבעות בצל 700 גרם תפוגן,"תעשיות תפוגן בע""מ",IL,תפוגן טבעות בצל 700 גרם,גרמים,700.00,100 גרם,false,,14.90,0.0213,true,1,1155947
7290000336282,false,"פריגת סיידר צלול 330 מ""ל בקבוק",טמפו משקאות בעמ,IL,"סיידר צלול 330 מ""ל",מיליליטרים,330.00,"100 מ""ל",false,,7.50,0.0227,true,1,1171593
7290000345048,false,תה ויסוצקי 74 125 גרם,תה ויסוצקי,IL,תה 74,גרמים,125.00,100 גרם,false,,11.90,0.0952,true,1,1186195
7290000345055,false,תה ויסוצקי ארל גריי 100 ג',מולינו ניקולי s.p.a,IL,ארל גריי,גרמים,100.00,100 גרם,false,,12.90,0.1290,true,1,1186196
7290000345116,false,תה ויסוצקי ירוק 125 גרם,תה ויסוצקי,IL,תה ירוק,גרמים,125.00,100 גרם,false,,12.90,0.1032,true,1,1186197
7290000345208,false,תה ויסוצקי קלאסיק מעודן 25X1.0יח',תה ויסוצקי,IL,תה ויסוצקי קלאסי 25/1,גרמים,25.00,100 גרם,false,,5.90,0.2360,true,1,1186199
7290000345215,false,תה ויסוצקי קלאסיק 100/1 כחול מעודן,מולינו ניקולי s.p.a,IL,תה ויסוצקי קלאסי 100/1,גרמים,100.00,100 גרם,false,,19.90,0.1990,true,1,1186200
7290000345260,false,תה ויסוצקי 25 שקיקים 1.5 גרם,מולינו ניקולי s.p.a,IL,תה ויסוצקי קלאסי 25/1.5,גרמים,37.50,100 גרם,false,,5.90,0.1573,true,1,1186201
7290000345277,false,תה ויסוצקי קלאסיק 75 יחידות,מולינו ניקולי s.p.a,IL,תה ויסוצקי קלאסי 50/1.5,גרמים,75.00,100 גרם,false,,11.90,0.1587,true,1,1186202
7290000345284,false,תה ויסוצקי קלאסיק טעם עשיר 100/1.5יח',מולינו ניקולי s.p.a,IL,תה ויסוצקי קלאסי 100/1.5,גרמים,150.00,100 גרם,false,,17.90,0.1193,true,1,1186203
7290000345291,false,תה ארל גריי 25 שקיקים ויסוצקי,תה ויסוצקי,IL,ארל גריי 25,גרמים,37.50,100 גרם,false,,13.90,0.3707,true,1,1186204
7290000345307,false,תה ארל גריי 50 שקיקים ויסוצקי,מולינו ניקולי s.p.a,IL,ארל גריי 50,גרמים,75.00,100 גרם,false,,24.90,0.3320,true,1,1186205
7290000345536,false,תה נענע 25 שקיקים 1.5 גרם,מולינו ניקולי s.p.a,IL,תה נענע,גרמים,42.50,100 גרם,false,,15.90,0.3741,true,1,1186206
7290000345666,false,תה אינגליש ברקפסט 25 שקיקים 2 גרם,ויסוצקי,IL,אינגליש ברקפסט,גרמים,50.00,100 גרם,false,,13.90,0.2780,true,1,1186210
7290000346021,false,חליטת קמומיל בבונג גן קסום 50 שקיקים,בית ויסוצקי,IL,חליטת קמומיל 50,גרמים,75.00,100 גרם,false,,29.90,0.3987,true,1,1186211
7290000346120,false,חליטת קסם הקינמון 25 שקיקים גן קסום,תה ויסוצקי,IL,חליטת קסם הקינמון,גרמים,62.50,100 גרם,false,,16.90,0.2704,true,1,1186212
7290000346137,false,חליטת הילולי פירות 25 שקיקים גן קסום,תה ויסוצקי,IL,חליטת הילולי פירות,גרמים,62.50,100 גרם,false,,16.90,0.2704,true,1,1186213
7290000346144,false,חליטת עינוגי התפוח 25 שקיקים גן קסום,תה ויסוצקי,IL,חליטת עינוגי תפוח,גרמים,67.50,100 גרם,false,,16.90,0.2504,true,1,1186214
7290000346168,false,תה ויסוצקי חליטת שומר הגן הקסום 25יח',תה ויסוצקי,IL,חליטת שומר,גרמים,37.50,100 גרם,false,,16.90,0.4507,true,1,1186216
7290000346199,false,חליטת פירות היער 25 שקיקים גן קסום,תה ויסוצקי,IL,חליטת פירות יער,גרמים,67.50,100 גרם,false,,16.90,0.2504,true,1,1186217
7290000346205,false,חליטת קמומיל 25 שקיקים הגן קסום,תה ויסוצקי,IL,חליטת קמומיל,גרמים,37.50,100 גרם,false,,16.90,0.4507,true,1,1186218
7290000346229,false,תה הגן הקסום ורד הבר והיביסקוס 25יח',תה ויסוצקי,IL,חליטת ורד הבר והיביסקוס,גרמים,75.00,100 גרם,false,,16.90,0.2253,true,1,1186220
7290000346236,false,חליטת לואיזה 25 שקיקים הגן הקסום,תה ויסוצקי,IL,חליטת לואיזה,גרמים,50.00,100 גרם,false,,16.90,0.3380,true,1,1186221
7290000346960,false,תה ויסוצקי נענע 1.7 גרם 50יח',בית ויסוצקי,IL,תה נענע,גרמים,85.00,100 גרם,false,,25.90,0.3047,true,1,1186223
7290000347738,false,תה ירוק נענע 25 שקיקים 1.5 גרם,תה ויסוצקי,IL,תה ירוק נענע,גרמים,37.50,100 גרם,false,,22.90,0.6107,true,1,1186226
7290000347752,false,תה ירוק לימונית ולואיזה 25 שקיקים *1.5 ג'' ויסוצקי,תה ויסוצקי,IL,תה ירוק לימונית ולואיזה,גרמים,37.50,100 גרם,false,,22.90,0.6107,true,1,1186228
7290000355382,false,עגבניות מרוסקות עם בזיל טל 800 גרם,"מילוז(1989)בע""""מ",IL,עגב.מרוסקות בזיל. א- 2.5ט,גרמים,800.00,100 גרם,false,,6.90,0.0086,true,1,1193752
7290000355405,false,עגבניות מרוסקות A2.5 ובצל טל וטרי 800 גר',מילוז(1989),IL,עגב.מרוסקות בצל א- 2.5טל,גרמים,800.00,100 גרם,false,,6.90,0.0086,true,1,1193754
7290000355481,false,רסק עגבניות BX22 טומטו 600ג' A2,"מילוז(1989)בע""""מ",IL,רוטב עגב. א- BX22 2טומטו,גרמים,570.00,100 גרם,false,,4.90,0.0086,true,1,1193756
7290000355498,false,רוטב עגבניות A2 BX28 טומטו 580ג',"מילוז(1989)בע""""מ",IL,רוטב עגב. א- BX28 2טומטו,גרמים,580.00,100 גרם,false,,5.90,0.0102,true,1,1193757
7290000355757,false,עגבניות מרוסקות טל וטרי 800 גרם,"מילוז(1989)בע""""מ",IL,עגב.מרוסקות א- 2.5טל,גרמים,800.00,100 גרם,false,,6.90,0.0086,true,1,1193762
7290000363202,false,נקניק גליל 700 גרם טירת צבי,הנסיך- מפעל לייצור ט,IL,נקניק גליל 700 גרם טירת צ,גרמים,600.00,100 גרם,false,,28.90,0.0482,true,1,1187408
7290000363233,false,קבנוס מובחר 100 גרםטירת צבי,טירת צבי,IL,קבנוס 100 גרם טירת צבי,גרמים,100.00,100 גרם,false,,9.90,0.0990,true,1,1187409
7290000363363,false,קבנוס מיוחד 160 גרםטירת צבי,הנסיך- מפעל לייצור ט,IL,קבנוס מיוחד 160 גרם טירת,גרמים,160.00,100 גרם,false,,12.90,0.0806,true,1,1187410
7290000363899,false,נקניקיות פיקנטיות טירת צבי 400 גר',טירת- צבי,IL,נקניקיות פיקנטיות 400 גרם,גרמים,400.00,100 גרם,false,,10.90,0.0273,true,1,1187414
7290000364131,false,סלמי פריזר כפרי טירת 400 ג' צבי,טירת צבי,IL,פריזר כפרי 400,גרמים,400.00,100 גרם,false,,18.90,0.0472,true,1,1187416
7290000364261,false,דקניקים סלסולי כתף בקר 120 ג' טירת צבי,הנסיך- מפעל לייצור ט,IL,סלסולי כתף בקר 120גר' טיר,גרמים,120.00,100 גרם,false,,12.90,0.1075,true,1,1187417
7290000364278,false,דקניקים סילסולי סלמי איטלקי 120 ג' טירת צבי,הנסיך- מפעל לייצור ט,IL,סלסולי סלמי איטלקי משובח,גרמים,120.00,100 גרם,false,,12.90,0.1075,true,1,1187418
7290000364285,false,דקניקים סלסולי פסטרמה הודו 120 ג' טירת צבי,הנסיך- מפעל לייצור ט,IL,סלסולי פסטרמה הודו 120גר,גרמים,120.00,100 גרם,false,,12.90,0.1075,true,1,1187419
7290000364292,false,דקניקים סלסולי פסטרמה הודו על גחלים 120 ג' טירת צבי,הנסיך- מפעל לייצור ט,IL,סלסולי גחלים 120גר' טירת,גרמים,120.00,100 גרם,false,,12.90,0.1075,true,1,1187420
7290000364803,false,נקניקיות קרנץ אמריקאי טירת צבי 500 ג',הנסיך- מפעל לייצור ט,IL,נקניקיות בקר בסגנון אמרי,גרמים,500.00,100 גרם,false,,24.90,0.0498,true,1,1187425
7290000364858,false,"נקניקיות עוף טרי 1 ק""ג טירת צבי",הנסיך- מפעל לייצור ט,IL,טירת צבי נקניקיות עוף טרי,קילוגרמים,1.00,"ק""ג",false,,32.90,32.9000,true,1,1187427
7290000364872,false,נקניקיות עוף 400 גרםטירת צבי,טיב טירת צבי 2000,IL,נקניקיות עוף 400 גרם טירת,גרמים,400.00,100 גרם,false,,14.90,0.0373,true,1,1187428
7290000365817,false,המבורגר טירת צבי 500ג',הנסיך- מפעל לייצור ט,IL,המבורגר 500 גרם,גרמים,500.00,100 גרם,false,,19.90,0.0398,true,1,1187440
7290000367590,false,צמד כפרי סלמי+פסטרמה 800 גרם טירת צבי,טיב טירת צבי 2000,IL,צמד כפרי 800 גרם טירת צבי,גרמים,800.00,100 גרם,false,,34.90,0.0436,true,1,1187451
7290000369037,false,קוביות בולגרית מתובלות 200 גר,גבינות אמיר ניצן בעמ,IL,סלט קוביות בולגרית 2,גרמים,200.00,100 גרם,false,,14.90,0.0745,true,1,1975346
7290000369297,false,מעדן עגבניות מיובשות,גבינות אמיר ניצן בעמ,IL,מעדן גבינת שמנת מתוב,קילוגרמים,1.00,"ק""ג",true,,45.90,45.9000,true,1,2082799
7290000369341,false,לאבנה אבו גוש ניצן מ,גבינות אמיר ניצן בעמ,IL,לבנה אבו גוש,קילוגרמים,1.00,"ק""ג",true,,50.00,50.0000,true,1,1984829
7290000369365,false,בולגרית למריחה עם חציל 200 גר,גבינות אמיר ניצן בעמ,IL,מעדן חציל וגבינה בול,גרמים,200.00,100 גרם,false,,12.90,0.0645,true,1,1975321
7290000369617,false,כדורי מעדן גבינה בשמן 225 ג' ניצן,גבינות אמיר ניצן בעמ,IL,כדורי פטה 150 גרם,גרמים,150.00,100 גרם,false,,16.90,0.1127,true,1,1975328
7290000369709,false,ניצן חמאה ט.שונים 10,גבינות אמיר ניצן בעמ,IL,ממרח חמאה 100 גרם,גרמים,100.00,100 גרם,false,,12.90,0.1290,true,1,1975322
7290000377209,false,בוטנים מטוגנים קליית,"ג'י אנד ג'י בע""מ",IL,בוטן מטוגן בשקית,גרמים,200.00,100 גרם,false,,7.90,0.0395,true,1,1173885
7290000377452,false,גרעיני אבטיח קלית גת 200 ג',הדקלאים אגודת שיתופי,IL,גרעיני אבטיח,גרמים,200.00,100 גרם,false,,13.90,0.0695,true,1,1173887
7290000408316,false,יוגורט דנונה דל לקטוז 200 גרם,מיוצר עי קונדיטוריית,IL,"דנונה ביו טבעי 3%, 200 גר",גרמים,200.00,100 גרם,false,,3.30,0.0165,true,1,1188649
7290000408354,false,יוגורט עם אורז מצופה שוקולד קקאו 175 ג' דנונה,"שטראוס בריאות בע""מ",IL,בר פיצפוצים בודד – מקט הח,גרמים,173.00,100 גרם,false,,4.50,0.0260,true,1,1188650
7290000412481,false,סנו - מנקה אסלות 00 1 ליטר,מיוצר עי קונדיטוריית,IL,"מנקה אסלות ""00"" 1 ליטר",ליטרים,1.00,ליטר,false,,8.90,8.9000,true,1,1167381
7290000412764,false,"פזטוקס מעופפים 630 מ""ל",סנו,,קוטל יתושים פזטוקס,מיליליטרים,630.00,"100 מ""ל",false,,16.90,0.0268,true,1,1167382
7290000416021,false,ממרח שוקולד השחר חלבי 500 גר',השחר העולה,IL,קרם מובחר למריחה השחר 500,גרמים,500.00,100 גרם,false,,13.90,0.0278,true,1,1167204
7290000416045,false,ממרח שוקולד השחר דלי,השחר העולה תעשייות מ,IL,קרם מובחר למריחה השחר 1 ק,גרמים,1000.00,100 גרם,false,,24.90,0.0249,true,1,1167205
7290000416076,false,צימקאו שוקולד לבישול ואפיה 400 גרם,השחר העולה תעשייות מ,IL,צימקאו שוקולד לבישול השחר,גרמים,400.00,100 גרם,false,,12.90,0.0323,true,1,1167206
7290000416618,false,"ממרח שוקולד השחר פרווה בד""צ 400 גר'",השחר העולה תעשייות מ,IL,קרם מובחר למריחה בדץ השחר,גרמים,400.00,100 גרם,false,,11.90,0.0298,true,1,1167211
7290000416632,false,"ממרח שוקולד השחר פרווה 1ק""ג",השחר העולה תעשית ממת,IL,קרם מובחר למריחה פרווה הש,גרמים,1000.00,100 גרם,false,,24.90,0.0249,true,1,1167212
7290000416809,false,ממרח חצי חצי נוגט אגוזים וקרם חלב השחר 350ג',השחר העולה תעשייות מ,IL,קרם למריחה וממרח חלב,גרמים,350.00,100 גרם,false,,11.90,0.0340,true,1,1589535
7290000416854,false,אבקת קקאו השחר העולה 150ג',השחר העולה תעשייות מ,IL,קקאו השחר 150 גרם,גרמים,150.00,100 גרם,false,,8.90,0.0593,true,1,1167214
7290000419114,false,קפה לנדור כחול 200 גרם,קפה לנדוור,IL,לנדוור קפה שחור המקורי 20,גרמים,200.00,100 גרם,false,,14.90,0.0745,true,1,1155957
7290000419220,false,לנדוור כחול המקורי קפה טחון טורקי 3*100 גרם 16 יח',קפה לנדוור,IL,לנדוור קפה שחור המקורי 10,גרמים,300.00,100 גרם,false,,19.90,0.0663,true,1,1155958
7290000419374,false,לנדוור לבוקר קפה טחון טורקי 3*100 גרם 16 יח',קפה לנדוור,IL,לנדוור קפה שחור לבוקר 100,גרמים,300.00,100 גרם,false,,19.90,0.0663,true,1,1155959
7290000419893,false,לנדוור חזק - קפה טחון טורקי 100 גרם,מולינו ניקולי s.p.a,IL,לנדוור קפה שחור לבוקר 100,גרמים,100.00,100 גרם,false,,7.90,0.0790,true,1,1155960
7290000419909,false,לנדוור לבוקר קפה טחון שחור טורקי 100 גרם,מולינו ניקולי s.p.a,IL,לנדוור קפה שחור בטעם אספר,גרמים,100.00,100 גרם,false,,7.90,0.0790,true,1,1155961
7290000420325,false,פופ קורן טבעי למיקרוגל 5 יח',Preston farms,US,פופסטאר טבעי 5יח',גרמים,500.00,100 גרם,false,,12.90,0.0258,true,1,1199548
7290000420332,false,פופ קורן חמאה למיקרוגל 5יח',פופ סטאר,US,פופסטאר חמאה 5יח',גרמים,500.00,100 גרם,false,,12.90,0.0258,true,1,1199549
7290000442013,false,"פמינה - שטיפה אינטימית לנערות 220 מ""ל",פמינה,IL,"פמינה יאנג 220 מ""ל",מיליליטרים,220.00,"100 מ""ל",false,,19.90,0.0905,true,1,1192913
7290000442044,false,פמינה תחליב רחצה אינטימי חמוציות 220 מל,פמינה,IL,פמינה חמוציות,מיליליטרים,220.00,"100 מ""ל",false,,24.90,0.1132,true,1,1192914
7290000442587,false,"גינקו סאי - קרם רב שימושי 250 מ""ל",כ.צ.ט,IL,"גינקו רב שימושי 250 מ""ל",מיליליטרים,220.00,"100 מ""ל",false,,22.90,0.1041,true,1,1192918
7290000446547,false,חמאת בוטנים טבעית ללא סוכר 350גר,"בטר אנד דיפרנט בע""מ",IL,חמאת בוטנים טבעית 350 גר,גרמים,350.00,100 גרם,false,,12.90,0.0369,true,1,1194623
7290000446554,false,"חמאת בוטנים טבעית 1 ק""ג בי&די",בטר אנד דיפרנט B&D,IL,"חמאת בוטנים טבעית 1 ק""ג",גרמים,1000.00,100 גרם,false,,24.90,0.0249,true,1,1194624
7290000449128,false,סיף פנטסטיק לימון ניקוי רב תכליתי 4ל',יוניליוור ישראל טיפו,IL,סיף שמפו לרצפות GPC 4 ליט,ליטרים,4.00,ליטר,false,,19.90,4.9750,true,1,1188098
7290000450209,false,נתחי טונה פוסידון בשמן 110 ג',"מיוצר עי וליגר בעמ,",IL,טונה פוסידון,גרמים,77.00,100 גרם,false,,4.90,0.0636,true,1,1177245
7290000450308,false,נתחי טונה פוסידון במים 110 ג',ויליגר בעמ עבור נטו,IL,טונה במים פוסידון 108 ג',גרמים,108.00,100 גרם,false,,4.90,0.0454,true,1,1177246
7290000453125,false,שמרית שמרים טריים לאפיה +משפר אפיה 100ג,"פאקא תעשיות בע""מ",IL,שמרית + משפר לאפיה ביתית,גרמים,100.00,100 גרם,false,,7.40,0.0740,true,1,1188652
7290000453408,false,בצק פיצה דק מצונן ומוכן לאפיה שמרית,"פאקא תעשיות בע""מ",FR,בצק פיצה דק מוכן לאפ,גרמים,415.00,100 גרם,false,,14.90,0.0359,true,1,1986369
7290000453415,false,בצק עלים מצונן ומוכן לאפייה שמרית,"פאקא תעשיות בע""מ",FR,בצק עלים מוכן לאפיה,גרמים,300.00,100 גרם,false,,14.90,0.0497,true,1,1986362
7290000453422,false,בצק פילו מצונן ומוכן לאפייה שמרית,"פאקא תעשיות בע""מ",FR,בצק פילו מוכן לאפיה,גרמים,300.00,100 גרם,false,,14.90,0.0497,true,1,1986363
7290000453484,false,בצק קדאיף לאפייה שמרית 350 גרם,"פאקא תעשיות בע""מ",GR,בצק קדאיף 350 גרם,גרמים,350.00,100 גרם,false,,14.90,0.0426,true,1,2124100
7290000453781,false,שמרים יבשים שמרית 125 גרם,"פאקא תעשיות בע""מ",PT,שמרים יבשים שמרית,גרמים,125.00,100 גרם,false,,5.90,0.0472,true,1,1791345
7290000453798,false,שמרית שמרים יבשים אקטיביים 500 גר',"גי' בי' רכיבים בע""מ",IL,שמרים אקטיבים לעוגות,גרמים,500.00,100 גרם,false,,14.90,0.0298,true,1,1297192
7290000453866,false,נטורינה קוקוס לאפייה שמרית 200ג',גרונבאנג- גרונדנסק א,IL,תחליף מרגרינה נטורינ,גרמים,200.00,100 גרם,false,,6.90,0.0345,true,1,1574777
7290000453880,false,מרגרינה ללא מלח לאפיה ובישול שמרית 200גר,"פאקא תעשיות בע""מ",IL,מרגרינה ללא מלח לאפי,גרמים,200.00,100 גרם,false,,5.90,0.0295,true,1,1297912
7290000453897,false,מרגרינה בטעם חמאה שימרית 200 ג',גרונבאנג- גרונדנסק א,IL,מרגרינה בטעם חמאה לא,גרמים,200.00,100 גרם,false,,5.90,0.0295,true,1,1297913
7290000461625,false,בייגלה שמיניות מלח בייגל בייגל 400 ג',בייגל את בייגל מזון,IL,בייגל בייגל בייגלה מלח 40,גרמים,400.00,100 גרם,false,,9.90,0.0248,true,1,1188101
7290000461656,false,בייגלה אחד אחד 400 ג' מקלות,בייגל את בייגל מזון,IL,אחד אחד 400גר,גרמים,400.00,100 גרם,false,,9.90,0.0248,true,1,1188103
7290000461793,false,בייגלה ארוך ארוך סידרה ירוקה 200גר,בייגל את בייגל מזון,IL,ארוך ארוך 150גר,גרמים,150.00,100 גרם,false,,5.90,0.0393,true,1,1188107
7290000462141,false,סחוג אדום חריף מאוד (מכסה אדום) 150 גרם,קריניסה ויטמין אס אי,IL,זחוק תימני אדום חריף מאוד,גרמים,150.00,100 גרם,false,,7.90,0.0527,true,1,1188654
7290000462172,false,סחוג ירוק חריף מאוד מ.ירוק 150 גרם,קריניסה ויטמין אס אי,IL,זחוק תימני ירוק חריף 150,גרמים,140.00,100 גרם,false,,7.90,0.0564,true,1,1188655
7290000462981,false,סחוג חריף אשש 150 גר,"זהבי הכרם בועז בע""מ-",IL,סחוג חריף אש 150 גרם,גרמים,150.00,100 גרם,false,,7.90,0.0527,true,1,2020021
7290000467153,false,צבר חומוס סמיר הגדול 400גר,סלטי צבר,IL,צבר מלך החומוס סמיר הגדול,גרמים,400.00,100 גרם,false,,11.90,0.0298,true,1,1155992
7290000467320,false,צבר חומוס אבו מרוואן 400גר.,לחמנו,IL,צבר מלך החומוס אבו מרוואן,גרמים,400.00,100 גרם,false,,10.90,0.0273,true,1,1155997
7290000469638,false,ספריי מריטו לגיהוץ קל 500 מל,בולטון מניטובה,IT,מריטו ספריי לגיהוץ קל,מיליליטרים,500.00,"100 מ""ל",false,,21.90,0.0438,true,1,1185511
7290000474076,false,חלב 3% טרה 1ל' קרטון מהדרין,טרה,IL,חלב בקרטון 3%-1 לי מהדרין,ליטרים,1.00,ליטר,false,,6.20,6.2000,true,1,1176099
7290000474090,false,חלב הומוגני 1% קרטון טרה 1ל',מילקו תעשיות בעמ,IL,חלב בקרטון 1%- 1 ליטר,ליטרים,1.00,ליטר,false,,5.85,5.8500,true,1,1176100
7290000474502,false,גבינה לבנה 5% 250ג' טרה מהדרין,טרה,IL,גבינה לבנה 250 גרם 5% מהד,גרמים,250.00,100 גרם,false,,4.95,0.0198,true,1,1176108
7290000474540,false,גבינה טוב טעם 3% טרה 250ג' מהדרין,טרה,IL,טוב טעם 3% -250גרם מהדרין,גרמים,250.00,100 גרם,false,,10.90,0.0436,true,1,1176109
7290000474830,false,גבינה צהובה מגורדת 28% שומן 500 ג' נעם,מילקו תעשיות בעמ,IL,"כתר מרוסקת 28% 0.5 ק""ג",גרמים,500.00,100 גרם,false,,31.90,0.0638,true,1,1176110
7290000480107,false,קוואקר שיבולת שועל פחית 500 גר',וולקרס סנקס לימיטד,GB,קוואקר שיבולת שועל פחית 5,גרמים,500.00,100 גרם,false,,12.90,0.0258,true,1,1189930
7290000480442,false,קוואקר שיבולת שועל שקית 500 גר',פריטו ליי FRITO-LAY,IL,קוואקר שיבולת שועל שקית 5,גרמים,500.00,100 גרם,false,,11.90,0.0238,true,1,1189931
7290000482019,false,שקיות קוקי רגיל צליה 10יח',"ש. שסטוביץ בע""מ",IL,קוקי רגיל שקיות צליה 10 י,יח',10.00,יח',false,,10.90,1.0900,true,1,1185512
7290000482033,false,שקיות קוקי ענק בתנור ובמיקרוגל 5 יח,הנסיך- מפעל לייצור ט,IL,קוקי ענק שקיות צליה 5 יח,יח',5.00,יח',false,,10.90,2.1800,true,1,1185514
7290000483139,false,מרציפן גולמי המרשלג 100 גרם,"המרשלג פרלינס בע""מ",IL,המרשלג מרצ' גולמי 100גר,גרמים,100.00,100 גרם,false,,9.90,0.0990,true,1,1166618
7290000483412,false,קישוט לעוגה המרשלג ט,המרשלג,IL,60G המרשלג טפטופים,גרמים,60.00,100 גרם,false,,14.90,0.2483,true,1,1166620
7290000483641,false,מרציפן חלה המרשלג 75 גרם,"המרשלג פרלינס בע""מ",IL,75Gהמרשלג מרצ' חלה,גרמים,75.00,100 גרם,false,,7.90,0.1053,true,1,1166621
7290000484549,false,"כהל 96% לשתיה 750 מ""ל",,IL,כהל 96%,מיליליטרים,750.00,"100 מ""ל",false,,129.00,0.1720,true,1,1196021
7290000484747,false,עראק עלית 700 מל 40% כהל,יקב הגליל שווק בעמ,IL,עלית הארק,מיליליטרים,700.00,"100 מ""ל",false,,54.90,0.0784,true,1,1313749
7290000490762,false,מאגדת גלידל שוקו 8 יח דיאט,הגלידות של פלדמן,IL,שלגוני גלידל שמינייה,גרמים,400.00,100 גרם,false,,29.90,0.0747,true,1,1182141
7290000493176,false,אבקת רוטב צלי לבשר 22ג' אסם,"אסם תעשיות בע""מ",IL,אסם רוטב צלי 22 גרם,גרמים,22.00,100 גרם,false,,3.90,0.1773,true,1,1156000
7290000493183,false,אבקת רוטב פטריות לבשר-30 גרם,"אסם תעשיות בע""מ",IL,אסם רוטב פטריות 30 גרם,גרמים,30.00,100 גרם,false,,4.90,0.1633,true,1,1156001
7290000497044,false,לחם ברמן אקטיב 750 גר,מאפית י את א ברמן בע,IL,לחם אקטיב 750 גר'.,גרמים,750.00,100 גרם,false,,13.90,0.0185,true,1,1213785
7290000497112,false,לחם ברמן אחיד פרוס 750ג',מאפית י את א ברמן בע,IL,לחם אחיד כהה פרוס 75,גרמים,750.00,100 גרם,false,,6.90,0.0092,true,1,1175024
7290000497273,false,לחמניות אקטיב ברמן 450 גר,מאפית י את א ברמן בע,IL,מארז 6 לחמניות אקטיב,גרמים,450.00,100 גרם,false,,11.90,0.0264,true,1,1333373
7290000497358,false,חלה מתוקה ארוזה חלומית 500 גר',מאפית י את א ברמן בע,IL,חלה מתוקה חלומית ארו,גרמים,500.00,100 גרם,false,,11.90,0.0238,true,1,1175029
7290000497426,false,לחם ברמן לענין פלוס 500 גרם,מאפית י את א ברמן בע,IL,ברמן לעניין קל 500 ג,גרמים,500.00,100 גרם,false,,13.90,0.0278,true,1,1175030
7290000497570,false,לחם דגנים פלוס ברמן 500 גרם,מאפית י את א ברמן בע,IL,לחם ברמן דגני קלות 5,גרמים,500.00,100 גרם,false,,13.90,0.0278,true,1,1175034
7290000497617,false,רוגאלך שוקולד ברמן 500 גר',,,רוגלאך 500 גרם.,גרמים,500.00,100 גרם,false,,11.90,0.0238,true,1,1175035
7290000498034,false,לחם אי פרי קמח כוסמין מלא 750 גר',מאפית י את א ברמן בע,IL,לחם מקמח כוסמין מלא,גרמים,750.00,100 גרם,false,,14.90,0.0199,true,1,1989832
7290000498393,true,חלה מתוקה עגולה לא א,,,חלה מתוקה עגולה לא א,גרמים,500.00,100 גרם,false,,7.90,0.0158,true,1,2087972
7290000504025,false,סוכרזית פטריה 300 טבליות,אף.סי תבליני בגליל ב,IL,פטריה 300,גרמים,24.00,100 גרם,false,,7.90,0.3292,true,1,1189319
7290000504049,false,סוכרזית קנקן 1200 טבליות,אף.סי תבליני בגליל ב,IL,קנקן 1200,יח',1200.00,יח',false,,22.90,0.0191,true,1,1189321
7290000504278,false,סוכרזית - קלאסי פטנט 700 טבליות,אף.סי תבליני בגליל ב,IL,פטנט 700,יח',700.00,יח',false,,15.90,0.0227,true,1,1189324
7290000518114,false,מתוק וקל אבקה 200 גר,,,מתוק וקל אבקה,גרמים,200.00,100 גרם,false,,6.90,0.0345,true,1,1200048
7290000518121,false,מתוק וקל ממתיק 50 שקיות,פתח תקווה,IL,מתוק וקל 50 גרם,גרמים,50.00,100 גרם,false,,4.90,0.0980,true,1,1200049
7290000518152,false,מתוק וקל זהב 25 שקיות,מתוק וקל,IL,מתוק וקל זהב,גרמים,50.00,100 גרם,false,,5.90,0.1180,true,1,1200050
7290000518169,false,מתוק וקל טבליות ממתי,פתח תקווה,IL,מתוק וקל 1000,גרמים,80.00,100 גרם,false,,7.90,0.0988,true,1,1200051
7290000518176,false,מתוק וקל ענק 250 שקיות,מתוק וקל בעמ,IL,מתוק וקל,גרמים,250.00,100 גרם,false,,19.90,0.0796,true,1,1200052
7290000518190,false,מתוק וקל סטיביה 100 שקיות,מתוק וקל,IL,מתוק וקל סטיביה 100,גרמים,80.00,100 גרם,false,,29.90,0.3737,true,1,1428038
7290000518220,false,סוכרה דיאט ממתיק 100 שקיות,פתח תקווה,IL,סוכרה דיאט,גרמים,80.00,100 גרם,false,,24.90,0.3112,true,1,1428039
7290000518251,false,מתוק וקל ממתיק זהב 100 שקיות,פתח תקווה,IL,מתוק וקל,גרמים,100.00,100 גרם,false,,11.90,0.1190,true,1,1200053
7290000518336,false,ממתק צמר גפן מתוק מסיבים תזונתיים,מתוק וקל בעמ,IL,צמר גפן מתוק עשוי סי,גרמים,10.00,100 גרם,false,,4.90,0.4900,true,1,2075368
7290000521008,false,"יין אדום יבש סגל 750 מ""ל",כרמי צבי - אחים סגל,IL,"יין סגל אדום 750 מ""ל",מיליליטרים,750.00,"100 מ""ל",false,,24.90,0.0332,true,1,1171601
7290000521015,false,"יין סגל לבן יבש 750מ""ל","מיוצר ע""י כרמי צבי-",IL,"יין סגל לבן 750 מ""ל",מיליליטרים,750.00,"100 מ""ל",false,,24.90,0.0332,true,1,1171602
7290000521022,false,סגל לבן חצי יבש 750 מל פקדון,"מיוצר ע""י כרמי צבי-",IL,יין לבן חצי יבש 750,מיליליטרים,750.00,"100 מ""ל",false,,24.90,0.0332,true,1,1171603
7290000521404,false,"יין מרום גליל קברנה סוביניון סינגל 750 מ""ל",כרמי צבי אחים סגל בע,IL,יין מרום גליל סובניו,מיליליטרים,750.00,"100 מ""ל",false,,29.90,0.0399,true,1,1171609
7290000521411,false,יין מרום גליל סינגל מרלו 750 מל,כרמי צבי אחים סגל בע,IL,יין מרום גליל מרלו 7,מיליליטרים,750.00,"100 מ""ל",false,,29.90,0.0399,true,1,1171610
7290000522272,false,"שמנת לקפה 10% שומן 500 מ""ל",מחלבות רמת הגולן,IL,"שמנת לקפה 10% שומן 500 מ""",מיליליטרים,500.00,"100 מ""ל",false,,8.90,0.0178,true,1,1229611
7290000523125,false,מלח הארץ הים האדום 250 ג' עדין,חברת מלח הארץ אילת ב,IL,מלח הים האדום 250 גרם,גרמים,250.00,100 גרם,false,,5.40,0.0216,true,1,1186230
7290000523224,false,מלח הארץ הים האדום 500 ג' עדין,חברת מלח הארץ אילת ב,IL,מלח הים האדום 500 גרם,גרמים,500.00,100 גרם,false,,7.90,0.0158,true,1,1186231
7290000523521,false,מלח ים מועשר ביוד 250 ג' מלח הארץ,חברת מלח הארץ אילת ב,IL,מלח הארץ מועשר ביוד 250 ג,גרמים,250.00,100 גרם,false,,5.90,0.0236,true,1,1186233
7290000523804,false,"מלח עדין צנצנת 1 ק""ג מלח הארץ",חברת מלח הארץ אילת ב,IL,"מלח הים האדום צנצנת 1 ק""ג",קילוגרמים,1.00,"ק""ג",false,,6.90,6.9000,true,1,1186234
7290000523811,false,"צנצנת מלח גס 1 ק""ג מלח הארץ",חברת מלח הארץ אילת ב,IL,"מלח הים האדום צנצנת 1 ק""ג",קילוגרמים,1.00,"ק""ג",false,,6.90,6.9000,true,1,1186235
7290000525969,false,פרימור סחוט תפוזים טבעי 1ל',"גניר (1992) בע""מ",IL,מיץ תפוזים סחוט 1 ליטר,ליטרים,1.00,ליטר,false,,15.90,15.9000,true,1,1188656
7290000530086,false,נקניק סלמי מעושן 600 ג' זוגלובק,זוגלובק,IL,נקניק מעושן,גרמים,600.00,100 גרם,false,,29.90,0.0498,true,1,1170217
7290000530109,false,קבנוס זוגי בואקום זוגלובק 180ג',זוגלובק,IL,זוג קבנוס,גרמים,360.00,100 גרם,false,,24.90,0.0692,true,1,1170219
7290000530116,false,נקניק סלמי מעושן בשן 470 ג' זוגלובק,זוגלובק,IL,נקניק סלמי בשן,גרמים,420.00,100 גרם,false,,19.90,0.0474,true,1,1170220
7290000530468,false,"נקניקיות וינר 70 טרי 1ק""ג",זוגלובק,IL,"נקניקיות וינר 1 ק""ג",קילוגרמים,1.00,"ק""ג",false,,24.90,24.9000,true,1,1170230
7290000530598,false,נקניקיות וינר 500 ג' טרי זוגלובק,זוגלובק,IL,נקניקיות וינר 500 גר,גרמים,500.00,100 גרם,false,,12.90,0.0258,true,1,1170231
7290000530703,false,זוג במארז חרמון הודו + סלמי תה זוגלובק 800 גר',זוגלובק,IL,חרמון 400 גרם + תה מ,גרמים,800.00,100 גרם,false,,29.90,0.0374,true,1,1170233
7290000531601,false,סטייק בורגר זהב זוגלובק 400ג',זוגלובק,IL,סטייק בורגר 400 גרם,גרמים,400.00,100 גרם,false,,19.90,0.0497,true,1,1170242
7290000536743,false,קריספי סטיקס תירס 500 ג' זוגלובק,זוגלובק,IL,אצבעות סטיקס תירס.,גרמים,500.00,100 גרם,false,,19.90,0.0398,true,1,1218288
7290000537566,false,נקניקיות עוף טרי 400 ג' זוגלובק,זוגלובק,IL,נקניקיות עוף 400 גרם,גרמים,400.00,100 גרם,false,,9.90,0.0248,true,1,1170273
7290000537603,false,נקניקיות עוף זוגלובק,זוגלובק,IL,"נקניקיות עוף 1 ק""ג מ",קילוגרמים,1.00,"ק""ג",false,,24.90,24.9000,true,1,1170274
7290000554006,false,גבינה קשקבלו משולשים,מחלבות גד,IL,"קשקבלו גלגל ק""ג שקיל",קילוגרמים,1.00,"ק""ג",true,,120.00,120.0000,true,1,1175443
7290000554402,false,מלבי&קוקוס ובוטנים 5,"מיוצר ע""י קוד יצרן E",IL,"מלבי גד 160 גרם בד""ץ",גרמים,160.00,100 גרם,false,,5.50,0.0344,true,1,1175447
7290000554457,false,גבינה צפתית 5% 350 גרם - רבנות,"מחלבות גד בע""מ",IL,צפתית 5% מיני 350 גרם,גרמים,350.00,100 גרם,false,,19.90,0.0569,true,1,1175448
7290000554471,false,גבינת מוצרלה 22% נקניק 180ג' גד,"מחלבות גד בע""מ",IL,"נקניק מוצרלה 180 גרם בד""ץ",גרמים,180.00,100 גרם,false,,15.90,0.0883,true,1,1175449
7290000554532,false,גבינה צפתית מעודנת במלח ים 5% 200 ג' גד,הנסיך- מפעל לייצור ט,IL,צפתית מעודנת 5% מלח ים 20,גרמים,200.00,100 גרם,false,,13.90,0.0695,true,1,1175451
7290000554600,false,מוצרלה מגורדת 18% 300 גרם - רובין,מחלבות גד בעמ,IL,"מוצרלה מרוסקת 300 גרם בד""",גרמים,300.00,100 גרם,false,,24.90,0.0830,true,1,1175453
7290000554662,false,"בולגרית למריחה ק""ג.",מחלבות גד,IL,"בולגרית למריחה 2 ק""ג",קילוגרמים,1.00,"ק""ג",true,,45.00,45.0000,true,1,1175456
7290000554686,false,לאבנה שמן זית וזעתר 5% 250 גרם - רבנות,מחלבות גד בעמ,IL,לאבנה 5% שמן זית וזעתר 25,גרמים,250.00,100 גרם,false,,13.90,0.0556,true,1,1175457
7290000554754,false,גבינה מוצרלה כדורקטן,מחלבות גד,IL,"בייבי מוצרלה 2 ק""ג",קילוגרמים,1.00,"ק""ג",true,,89.00,89.0000,true,1,1175458
7290000554792,false,גבינה בולגרית 5% במש,מחלבות גד,IL,"דלי בולגרית מעודנת 5% ק""",קילוגרמים,1.00,"ק""ג",true,,49.00,49.0000,true,1,1175459
7290000554815,false,גליל מוצרלה טבעי במש,מחלבות גד,IL,"מוצרלה נקניק טיבעי ק""ג שק",קילוגרמים,1.00,"ק""ג",true,,79.00,79.0000,true,1,1175460
7290000554822,false,גבינת ריקוטה טבעי 5% שומן 250 ג' גד,מחלבות גד בעמ,IL,גביע ריקוטה 250 גרם,גרמים,250.00,100 גרם,false,,12.90,0.0516,true,1,1175461
7290000554839,false,שמנת מתוקה קשה בסגנון איטלקי 40% שומן 250 ג' גד,מחלבות גד בעמ,IL,מסקרפונה 250 גרם,גרמים,250.00,100 גרם,false,,19.90,0.0796,true,1,1175462
7290000554891,false,בולגרית מעודנת 16% ש,מחלבות גד,IL,"דלי בולגרית מעודנת 16% ק""",קילוגרמים,1.00,"ק""ג",true,,56.00,56.0000,true,1,1175463
7290000554914,false,"גבינה צפתית 5% ק""ג.",מחלבות גד,IL,"צפתית מלבן 5% ק""ג שקיל",קילוגרמים,1.00,"ק""ג",true,,55.00,55.0000,true,1,1175464
7290000554921,false,גבינת ריקוטה איטלקית,מחלבות גד,IL,"ריקוטה 1.8 ק""ג",קילוגרמים,1.00,"ק""ג",true,,59.00,59.0000,true,1,1175465
7290000554952,false,גבינה צפתית קשה במשק,מחלבות גד,IL,"צפתית קשה גלגל ק""ג שקיל",קילוגרמים,1.00,"ק""ג",true,,75.00,75.0000,true,1,1175467
7290000554976,false,גבינת שמנת זיתים גד,מחלבות גד,IL,"גבינת שמנת זיתים 30% 2 ק""",קילוגרמים,1.00,"ק""ג",true,,45.00,45.0000,true,1,1175469
7290000554983,false,גבינה לאבנה גד במשקל,מחלבות גד,IL,"לאבנה 5% 2 ק""ג",קילוגרמים,1.00,"ק""ג",true,,39.00,39.0000,true,1,1175470
7290000560533,false,אדג' ג'ל ירוק לעור רגיל 198גרם,אס.סי ג'ונסון ובניו,US,אדג' ג'ל ירוק לעור רגיל 1,גרמים,200.00,100 גרם,false,,19.90,0.0995,true,1,1199554
7290000560540,false,אדג' ג'ל כתום לעור רגיש 198גרם,המאפיה של הרמן,US,אדג' ג'ל כתום לעור רגיש 1,גרמים,200.00,100 גרם,false,,19.90,0.0995,true,1,1199555
7290000571812,false,פרמזן מגורד המחלבה 200 גר,תנובה מרכז שיתופי לש,IL,פרמזן מגורד 200 גרם,גרמים,200.00,100 גרם,false,,19.90,0.0995,true,1,1186964
7290000571843,false,יוגורט עיזים יוגורמה 140 גר,גבינות משק אחים מאיר,IL,יוגורט עיזים יוגורמה,גרמים,140.00,100 גרם,false,,5.90,0.0421,true,1,1251003
7290000571881,false,"משקה יוגורט מחלב עיזים 3.6% 500 מ""ל",גבינות משק אחים מאיר,IL,יוגורט יוגורמה מחלב,גרמים,500.00,100 גרם,false,,12.90,0.0258,true,1,1840453
7290000572208,false,חלבה חטיף וניל אחווה 100ג',שוורצקוף& הנקל דיסלד,IL,חלוה 100 גרם אחוה,גרמים,100.00,100 גרם,false,,2.90,0.0290,true,1,1157132
7290000572222,false,חלבה וניל בבלוק אחווה 500ג',שוורצקוף& הנקל דיסלד,IL,חלוה בלוק 500 גרם אחוה -,גרמים,500.00,100 גרם,false,,10.90,0.0218,true,1,1996336
7290000572529,false,חלבה פיסטוק מגש אחווה 400ג',אחדות ביחר לטחינה חל,IL,חלוה פיסטוק 400 גרם במגש,גרמים,400.00,100 גרם,false,,12.90,0.0323,true,1,1157135
7290000572536,false,אחווה חלווה ווניל במגש 400 גר,אחדות ביחר לטחינה חל,IL,חלוה וניל 400 גרם במגש,גרמים,400.00,100 גרם,false,,10.90,0.0273,true,1,1157136
7290000572543,false,חלבה שוקו וניל אחווה 400ג',אחדות ביחר לטחינה חל,IL,חלוה שיש 400 גרם במגש,גרמים,400.00,100 גרם,false,,10.90,0.0273,true,1,1157137
7290000572628,false,חטיפי חלווה ללא סוכר בקופסא 250 גרם,שוורצקוף& הנקל דיסלד,IL,חטיפי חלוה ללא תוספת,גרמים,275.00,100 גרם,false,,13.90,0.0505,true,1,1996344
7290000572673,false,אחווה חטיף חלווה ט.שונים 12*25גר,שוורצקוף& הנקל דיסלד,IL,"חלוה בקופסת שי ""חטיף 10""",גרמים,300.00,100 גרם,false,,13.90,0.0463,true,1,1157140
7290000596044,false,"קרקר שומשום הדר 1 ק""",אפיפית נצרת,IL,קרקר קרם קרקר רגיל 0.9 הד,קילוגרמים,1.00,"100 ק""ג",false,,16.90,16.9000,true,1,1194564
7290000602226,false,ביצי חופש 12L תנובה.,,,ביצי חופש 12L תנובה.,יח',12.00,יח',false,,24.90,2.0750,true,1,2129050
7290000603049,false,ביצי אומגה 3 12יחידו,,,ביצי אומגה 3 גדול.,יח',12.00,יח',false,,18.90,1.5750,true,1,1187623
7290000604015,false,ביצים 12 יח' XL.,,,ביצים 12 יח' XL.,יח',12.00,יח',false,,13.10,1.0917,true,1,1187626
7290000604022,false,מארז ביצים 12 יח' גדול L,ביצי תנובה,,ביצים 12 יחידות L.,יח',12.00,יח',false,,12.05,1.0042,true,1,1187627
7290000604121,false,ביצים 18 יח רגיל בינוני L תנובה,,,ביצים 18 יחידות L.,יח',18.00,יח',false,,18.00,1.0000,true,1,1187631
7290000604138,false,ביצים 18 יח רגיל בינוני M תנובה,תנובה,,ביצים 18 יחדות M.,יחידה,0.00,יחידה,false,,16.70,0.0000,true,1,2042369
7290000604534,false,תנובה ביצים רגילות מדיום 30יח,,,ביצים 30 יחידות M.,יח',30.00,יח',false,,27.85,0.9283,true,1,1187635
7290000644783,false,פילה סלמון מנות בואק,דגי תנובה,NO,מנות פילה סלמון תנוב,קילוגרמים,1.00,"ק""ג",true,,79.90,79.9000,true,1,1456794
7290000646299,false,פילה נסיכת הנילוס קפוא,דגי תנובה,ZA,נתחי פילה נסיכת הני,קילוגרמים,1.00,"ק""ג",true,,32.90,32.9000,true,1,2015641
7290000652177,false,נתחי פילה נסיכת הנילוס קפוא,דגי תנובה,IL,נתחי נסיכת הנילוס 10,קילוגרמים,1.00,"ק""ג",true,,39.90,39.9000,true,1,2015642
7290000655376,false,פילה דניס קפוא תנובה,דגי תנובה,TR,פילה דניס קפוא 100%,קילוגרמים,1.00,"ק""ג",true,,89.90,89.9000,true,1,1456795
7290000658926,false,פילה מרלוזה קפוא 100% דג,דגי תנובה,AR,פילה מרלוזה קפוא 100,קילוגרמים,1.00,"ק""ג",true,,29.90,29.9000,true,1,1990243
7290000659312,false,דגי תנובה פילה סלומון קפוא בוואקום,דגי תנובה,IL,פילה סלמון פרימיום,קילוגרמים,1.00,"ק""ג",true,,79.90,79.9000,true,1,1456796
7290000663098,false,שווארמה ריב אנטריקות,תנובה בשר,IL,שווארמה ריב אנטריקוט,גרמים,300.00,100 גרם,false,,34.90,0.1163,true,1,2058751
7290000663128,false,רצועות אנטריקוט בתיב,תנובה בשר,IL,רצועות ריב אנטריקוט,גרמים,300.00,100 גרם,false,,34.90,0.1163,true,1,2058754
7290000679440,false,קמיל בלו משחה לתינוק 100 גרם,פישר מעבדות פרמצבטיו,IL,קמיל בלו משחה לתינוק 100,גרמים,100.00,100 גרם,false,,14.90,0.1490,true,1,1198286
7290000679631,false,"ד""ר פישר - קמיל בלו קלאסיק 500 מ""ל","ד""ר פישר Dr fischer",IL,קמיל בלו אל סבון קלאסיק 5,מיליליטרים,500.00,"100 מ""ל",false,,13.90,0.0278,true,1,1198291
7290000688077,false,"מי עדן 0.500 מ""ל פקק רגיל",מופק ממקור בזלתי עדן,IL,מי עדן 0.5 ליטר,מיליליטרים,500.00,"100 מ""ל",false,,2.50,0.0050,true,1,1172075
7290000688084,false,מים מינרלים מי עדן ס,מופק ממקור בזלתי עדן,IL,"מי עדן ספורט 500 מ """,מיליליטרים,500.00,"100 מ""ל",false,,4.90,0.0098,true,1,1172076
7290000688374,false,"שישיית מי עדן קטקטים 250 מ""ל","מי עדן בע""מ",IL,שישייה מי עדן בייבי,ליטרים,1.98,ליטר,false,,14.90,7.5253,true,1,1172079
7290000688381,false,שישיית מי עדן פקק ספורט 0.5 ליטר,"מי עדן בע""מ",IL,שישייה מי עדן ספורט,ליטרים,3.00,ליטר,false,,12.90,4.3000,true,1,1172080
7290000688466,false,מים מינרלים מי עדן ג,מופק ממקור בזלתי עדן,IL,"מי עדן 750 מ""ל פקק",מיליליטרים,750.00,"100 מ""ל",false,,2.90,0.0039,true,1,1781833
7290000688503,false,"שישיית מי עדן ג'ים 750 מ""ל","מי עדן בע""מ",IL,"שישייה מי עדן 750 מ""",ליטרים,4.50,ליטר,false,,14.90,3.3111,true,1,1620378
7290000692203,false,אגקס נוזל לניקוי כללי 2 ל',הנסיך- מפעל לייצור ט,GR,אגקס ניקוי כללי לימון 2 ל,ליטרים,2.00,ליטר,false,,22.90,11.4500,true,1,1185517
7290000692210,false,אג'קס ניקוי כללי לוונדר 2ל',הנסיך- מפעל לייצור ט,GR,אגקס ניקוי כללי לוונדר 2,ליטרים,2.00,ליטר,false,,22.90,11.4500,true,1,1185518
7290000692227,false,נוזל כלים פלמוליב צילינדר קלאסי 1 ליטר,יבואן ומשווק: ש. שסט,GR,פלמוליב צילינדר קלאסי 1 ל,ליטרים,1.00,ליטר,false,,13.90,13.9000,true,1,1185519
7290000692456,false,אג'קס חלונות זוג 750*2 מל ספריי ורפיל,הנסיך- מפעל לייצור ט,GR,אגקס חלונות זוג,ליטרים,1.50,ליטר,false,,25.90,17.2667,true,1,1185522
7290000803067,false,"אלמקס משחת שיניים לילדים 75 מ""ל",הנסיך- מפעל לייצור ט,PL,אלמקס משחת שיניים ילדים 7,מיליליטרים,75.00,"100 מ""ל",false,,15.90,0.2120,true,1,1185526
7290000803180,false,"מרידול-שטיפת פה דנטלית 400 מ""ל",קולגייט פלמוליב,CH,מרידול שטיפה דנטלית 400מל,מיליליטרים,400.00,"100 מ""ל",false,,29.90,0.0747,true,1,1185527
7290000900049,false,גולאש עגל טרי,,,גולאש עגל טרי,קילוגרמים,1.00,"ק""ג",true,,99.00,99.0000,true,1,1190508
7290000900193,false,"גבינה עמק פרוס ק""ג-ק",,,"גבינה עמק פרוס ק""ג-ק",קילוגרמים,1.00,"ק""ג",true,,44.75,44.7500,true,1,1186965
7290000900261,false,"טל העמק פרוס ק""ג - ק",,,"טל העמק פרוס ק""ג - ק",קילוגרמים,1.00,"ק""ג",true,,59.00,59.0000,true,1,1186967
7290000900384,false,דג סלמון כבוש טרי,,,עוגת מאפינס.,יחידה,0.00,יחידה,false,,19.90,0.0000,true,1,1156008
7290000900438,false,מלפפון במלח,,,מלפפון במלח,קילוגרמים,1.00,"ק""ג",true,,35.00,35.0000,true,1,1166861
7290000900629,false,חמוצים - חציל כבוש,,,חצילים,קילוגרמים,1.00,"ק""ג",true,,35.00,35.0000,true,1,1196473
7290000900636,false,תיבול לסלט,,,תיבול לסלט,קילוגרמים,1.00,"ק""ג",true,,49.00,49.0000,true,1,1200156
7290000913551,false,פסטרמה כפרית טירת צבי 400 ג',טירת צבי,IL,פסטרמה כפרית 400,גרמים,400.00,100 גרם,false,,24.90,0.0622,true,1,1187462
7290000920115,false,פלפל שאטה,,,פלפל שאטה,קילוגרמים,1.00,"ק""ג",true,,35.00,35.0000,true,1,1200165
7290000930039,false,בצל שבבים,,,בצל שבבים,קילוגרמים,1.00,"ק""ג",true,,39.00,39.0000,true,1,1200169
7290000935553,false,סלט כרוב חריף,,,סלט כרוב חריף,קילוגרמים,1.00,"ק""ג",true,,29.00,29.0000,true,1,1192025
7290000940052,false,זעתר,,,זעתר,קילוגרמים,1.00,"ק""ג",true,,35.00,35.0000,true,1,1200175
7290000940083,false,חוויג למרק,,,חוויג למרק,קילוגרמים,1.00,"ק""ג",true,,39.00,39.0000,true,1,1200176
7290000943046,false,כורכום טחון,,,כורכום טחון,קילוגרמים,1.00,"ק""ג",true,,29.00,29.0000,true,1,1200182
7290000943053,false,כמון,,,כמון,קילוגרמים,1.00,"ק""ג",true,,49.00,49.0000,true,1,1200183
7290000943169,false,זיתים סורי שלם,,,זיתים סורי שלם,קילוגרמים,1.00,"ק""ג",true,,39.00,39.0000,true,1,1193771
7290000943237,false,גבינת פרמזן מרוסקת ק,,,גבינת פרמזן מרוסקת ק,קילוגרמים,1.00,"ק""ג",true,,129.00,129.0000,true,1,1186968
7290000950600,false,עלי גפן ממולא,,,עלי גפן ממולא,קילוגרמים,1.00,"ק""ג",true,,39.00,39.0000,true,1,1188619
7290000960326,false,פלפל שחור גרוס,,,פלפל שחור גרוס,קילוגרמים,1.00,"ק""ג",true,,99.00,99.0000,true,1,1200190
7290000960333,false,פלפל שחור,ונדסטרה גרופ,,פלפל שחור,קילוגרמים,1.00,"ק""ג",true,,90.00,90.0000,true,1,1200191
7290000960388,false,פפריקה מתוקה,,,פפריקה מתוקה,קילוגרמים,1.00,"ק""ג",true,,35.00,35.0000,true,1,1200192
7290000961217,false,קינמון טחון,,,קינמון טחון,קילוגרמים,1.00,"ק""ג",true,,25.00,25.0000,true,1,1200198
7290000961262,false,מקלות קינמון,,,מקלות קינמון,קילוגרמים,1.00,"ק""ג",true,,39.00,39.0000,true,1,1200199
7290000961866,false,שווארמה הודו קוביות,,,שווארמה הודו קוביות,קילוגרמים,1.00,"ק""ג",true,,89.90,89.9000,true,1,1190513
7290000964058,false,תבלין שווארמה,,,תבלין שווארמה,קילוגרמים,1.00,"ק""ג",true,,49.00,49.0000,true,1,1200206
7290000975801,false,עגבניות אדומות ירוקו,,,עגבניות אדומות ירוקו,קילוגרמים,1.00,"ק""ג",true,,25.00,25.0000,true,1,1192032
7290000978260,false,טוסקנה,,,טוסקנה,קילוגרמים,1.00,"ק""ג",true,,39.00,39.0000,true,1,1200208
7290000979083,false,תבלין ראס אל חנות,,,תבלין ראס אל חנות,קילוגרמים,1.00,"ק""ג",true,,49.00,49.0000,true,1,1200211
7290000980065,false,פישתן,,,פישתן,קילוגרמים,1.00,"ק""ג",true,,19.00,19.0000,true,1,1191500
7290000980140,false,זית שחור ענק,,,זית שחור ענק,קילוגרמים,1.00,"ק""ג",true,,35.00,35.0000,true,1,1166866
7290000980157,false,פרג שלם,,,פרג שלם,קילוגרמים,1.00,"ק""ג",true,,29.00,29.0000,true,1,1181911
7290000980300,false,תערובת לאורז,,,תערובת לאורז,קילוגרמים,1.00,"ק""ג",true,,49.00,49.0000,true,1,1200231
7290000980386,false,תבלין לגריל עוף,,,תבלין לגריל עוף,קילוגרמים,1.00,"ק""ג",true,,39.00,39.0000,true,1,1200232
7290000980492,false,זיתים טבעיים,,,זיתים טבעיים,קילוגרמים,1.00,"ק""ג",true,,49.00,49.0000,true,1,1166867
7290000980553,false,זית סורי שבור,,,זית סורי שבור,קילוגרמים,1.00,"ק""ג",true,,42.00,42.0000,true,1,1166868
7290000980560,false,תבלין בהרט,,,תבלין בהרט,קילוגרמים,1.00,"ק""ג",true,,49.00,49.0000,true,1,1200236
7290000980669,false,תבלין פלדלפיה,,,תבלין פלדלפיה,קילוגרמים,1.00,"ק""ג",true,,39.00,39.0000,true,1,1200238
7290000980744,false,זית מונזוליני,,,זית מונזוליני,קילוגרמים,1.00,"ק""ג",true,,35.00,35.0000,true,1,1166869
7290000981369,false,ציפקונית,שקדיה,,ציפקונית,קילוגרמים,1.00,"ק""ג",true,,42.00,42.0000,true,1,1175140
7290000982168,false,סטייק סינטה טרי,,,סטייק סינטה טרי,קילוגרמים,1.00,"ק""ג",true,,99.00,99.0000,true,1,1190515
7290000982236,false,חלבה בטעמים,,,חלבה בטעמים,קילוגרמים,1.00,"ק""ג",true,,49.00,49.0000,true,1,1194773
7290000987040,false,זיתים חרוזית ירוק,,,זיתים חרוזית ירוק,קילוגרמים,1.00,"ק""ג",true,,35.00,35.0000,true,1,1166870
7290000988030,false,זיתים חרוזית שחור,,,זיתים חרוזית שחור,קילוגרמים,1.00,"ק""ג",true,,42.00,42.0000,true,1,1166871
7290000988733,false,עמבה הודית,,,עמבה הודית,קילוגרמים,1.00,"ק""ג",true,,35.00,35.0000,true,1,1175622
7290000990019,false,מים מינרלים 1.5 ליטר,,,לימון פרוס,קילוגרמים,1.00,"ק""ג",true,,42.00,42.0000,true,1,1192053
7290000995014,false,זיתים מעדן,,,זיתים מעדן,קילוגרמים,1.00,"ק""ג",true,,35.00,35.0000,true,1,1193274
7290000995038,false,זית טסוס קטן,דין שיווק,,זית טסוס קטן,קילוגרמים,1.00,"ק""ג",true,,49.00,49.0000,true,1,1175141
7290000995045,false,זיתים קלמטה קולסול,,,זיתים קלמטה קולסול,קילוגרמים,1.00,"ק""ג",true,,59.00,59.0000,true,1,1175142
7290000995410,false,נבטים סיניים ארוז,נסטלה פורינה USA קר,IL,נבטים אלפלפא,00000000000000000000,0.00,00000000000000000000,false,,4.90,0.0000,true,1,1190472
7290000999500,false,ירקות מעורבים,,,ירקות מעורבים,קילוגרמים,1.00,"ק""ג",true,,29.00,29.0000,true,1,1166873
7290001041017,false,תבלין חוואיג' תימני 50 גר' מיה,מיה תעשיות מזון בעמ,IL,חוואיג' תימני 50גרם,גרמים,50.00,100 גרם,false,,6.90,0.1380,true,1,1181405
7290001041277,false,פירורי לחם רגיל מיה 400ג ',,,פירורי לחם.,גרמים,400.00,100 גרם,false,,3.90,0.0097,true,1,1181415
7290001041284,false,לקקן סוכריה תות על מקל 20 יח',מיה תעשיות מזון,IL,לקקנים בטעם תות 20יח,גרמים,220.00,100 גרם,false,,7.90,0.0359,true,1,1876093
7290001041635,false,פירורי לחם מוזהבים מיה 200 גר',מיה תעשיות מזון,IL,פירורי לחם מוזהבים 200גרם,גרמים,200.00,100 גרם,false,,2.90,0.0145,true,1,1181419
7290001041888,false,תבלין פפריקה מתוקה 300גרם,מיה תעשיות מזון בעמ,IL,פפריקה מתוקה 300גרם,גרמים,300.00,100 גרם,false,,19.90,0.0663,true,1,1181426
7290001041895,false,תבלין פלפל שחור 400 גר' מיה,מיה תעשיות מזון בעמ,IL,פלפל שחור 300גרם,גרמים,300.00,100 גרם,false,,29.90,0.0997,true,1,1228712
7290001041994,false,"סוכר חום דמררה מיה 1 ק""ג",מיה תעשיות מזון,IL,סוכר זהב דמררה 1ק'ג,קילוגרמים,1.00,"ק""ג",false,,12.90,12.9000,true,1,1181430
7290001045169,false,פרימור סחוט תפוחי עץ צלול 1 ל',"גניר (1992) בע""מ",IL,מיץ תפוחי עץ צלול 1 ליטר,ליטרים,1.00,ליטר,false,,15.90,15.9000,true,1,1188657
7290001052044,false,קציצות בורגול וירקות,,,קציצות בורגול וירקות,גרמים,500.00,100 גרם,false,,24.90,0.0498,true,1,1349777
7290001052051,false,קציצות עדשים וירקות,,,קציצות עדשים וירקות,גרמים,500.00,100 גרם,false,,24.90,0.0498,true,1,1349772
7290001052068,false,קציצות קינואה וחמוצי,,,קציצות קינואה וחמוצי,גרמים,500.00,100 גרם,false,,24.90,0.0498,true,1,1349778
7290001052549,false,חטיפי כרובית בציפוי פריך,חמים וטעים,,כרובית בציפוי פריך,גרמים,500.00,100 גרם,false,,27.90,0.0558,true,1,2024192
7290001052556,false,חטיפי ברוקולי בציפוי פריך,חמים וטעים,,ברוקלי בציפוי פריך,גרמים,500.00,100 גרם,false,,27.90,0.0558,true,1,2024193
7290001052563,false,קציצות כרובית וברוקולי,חמים וטעים,,קציצות כרובית ברוקלי,גרמים,500.00,100 גרם,false,,27.90,0.0558,true,1,2024201
7290001072554,false,דאודורנט ספריי גוף לגבר ICE,פרפקט Perfect,,דאודורנט ספריי לגבר,מיליליטרים,150.00,"100 מ""ל",false,,14.90,0.0993,true,1,2035427
7290001072578,false,דאודורנט ספריי גוף לגבר SPORT,פרפקט Perfect,,דאודורנט ספריי לגבר,מיליליטרים,150.00,"100 מ""ל",false,,14.90,0.0993,true,1,2035429
7290001121054,false,מארז נקניק צמד חמד 7,תאי פרזידנט פוד פאבל,IL,צמד חמד 700גרם,גרמים,700.00,100 גרם,false,,24.90,0.0356,true,1,1189892
7290001121238,false,קורנדביף יחיעם 180 ג',מעדני יחיעם,IL,קורנד ביף 180גר',גרמים,180.00,100 גרם,false,,22.90,0.1272,true,1,1189897
7290001121672,false,פסטרמה מעודנת בפפריקה 300 ג' יחיעם,מעדני יחיעם,IL,פסטרמה מעודנת בפפריקה 300,גרמים,300.00,100 גרם,false,,24.90,0.0830,true,1,1189898
7290001121849,false,יחיעם פסטרמה הודו טב,מעדני יחיעם,IL,פסטרמה הודו 100%חומרים טב,גרמים,250.00,100 גרם,false,,24.90,0.0996,true,1,1189903
7290001121979,false,נקניק סלמי הרץ 150 ג,תאי פרזידנט פוד פאבל,IL,סלמי הרץ 150גר',גרמים,150.00,100 גרם,false,,22.90,0.1527,true,1,1189909
7290001123775,false,שווארמה אמיתית פרגי,"טיבול ויל אחזקות בע""",IL,שווארמה פרגיות 500 ג,גרמים,500.00,100 גרם,false,,19.90,0.0398,true,1,1983190
7290001123782,false,שווארמה הודו 500 גרם,טיבון ויל,IL,שווארמה הודו 500 גרם,גרמים,500.00,100 גרם,false,,19.90,0.0398,true,1,1983191
7290001136287,false,נקה 7 שמפו לשיער רגיל 750 מל ירוק,"אמיליה קוסמטיקס בע""מ",IL,"שמפו נקה 7 רגיל 750 מ""ל",מיליליטרים,750.00,"100 מ""ל",false,,11.90,0.0159,true,1,1190855
7290001136294,false,"שמפו נקה 7 לשיער יבש אדום 750מ""ל","אמיליה קוסמטיקס בע""מ",IL,שמפו נקה 7 יבש/צבוע750מל,מיליליטרים,750.00,"100 מ""ל",false,,11.90,0.0159,true,1,1190856
7290001136300,false,"נקה 7 שמפו ומרכך לסירוק קל 750 מ""ל",אמיליה קוסמטיקס בעמ,IL,ש.+מרכך נקה7 סירוק קל750,מיליליטרים,750.00,"100 מ""ל",false,,11.90,0.0159,true,1,1190857
7290001136362,false,נקה 7 תחליב רחצה אלוורה ארומה ירוק 1 ל',מיוצר בסין.יבוא ושיו,IL,תחליב רחצה ארומה אלוורה ו,ליטרים,1.00,ליטר,false,,14.90,14.9000,true,1,1190859
7290001136683,false,"מרכך לשיער רגיל ירוק 750 מ""ל נקה 7","אמיליה קוסמטיקס בע""מ",IL,"מרכך נקה 7 ס""ש 750 מ""ל",מיליליטרים,750.00,"100 מ""ל",false,,11.90,0.0159,true,1,1190860
7290001136799,false,נקה 7 תחליב רחצה ארומה ורוד יסמין 1 ל',מיוצר בסין.יבוא ושיו,IL,תחליב רחצה ארומה ורד יסמי,ליטרים,1.00,ליטר,false,,14.90,14.9000,true,1,1190861
7290001136973,false,נקה 7 תחליב רחצה ארומה קמומיל לבן 1 ל',טרופיקל דגיל תעשיות,IL,תחליב רחצה ארומה קמומיל 1,ליטרים,1.00,ליטר,false,,14.90,14.9000,true,1,1190862
7290001208168,false,קבוקים 250 גרם,דין שיווק,,קבוקים 250 גרם,גרמים,250.00,100 גרם,false,,5.90,0.0236,true,1,1175146
7290001208267,false,מנצ'ס 250 גרם,דין שיווק,,מנצ'ס 250 גרם,גרמים,250.00,100 גרם,false,,9.90,0.0396,true,1,1175148
7290001208274,false,מיקס חטיף יפני 150 ג,דין שיווק,,מיקס חטיף יפני 150 ג,גרמים,150.00,100 גרם,false,,9.90,0.0660,true,1,1175149
7290001216040,false,טחינה 500 גרם טחינת אל-ארז,דולפין ספא,IL,טחינה 500 גר אל ארז,גרמים,500.00,100 גרם,false,,15.90,0.0318,true,1,1286124
7290001216231,false,טחינה גולמית שומשום מלא אל ארז 500ג',דולפין ספא,IL,טחינה מלא 500 גרם א,גרמים,500.00,100 גרם,false,,16.90,0.0338,true,1,1286135
7290001245521,false,ג'ל מרוכז לכביסה לבנה וצבעונית,פרפקט Perfect,,ג'ל מרוכז 5 ליטר לכ,ליטרים,5.00,ליטר,false,,24.90,4.9800,true,1,1889912
7290001246900,false,אקופרינד-מסיר שומנים 750 מל,אקופרנד,IL,מסיר שומנים אקולוגי,מיליליטרים,750.00,"100 מ""ל",false,,17.90,0.0239,true,1,2030571
7290001246962,false,אקופרינד-נוזל כלים תפוז 1 ליטר,פ.פ.ח. שאביט,IL,נוזל כלים אקולוגי 1,ליטרים,1.00,ליטר,false,,14.90,14.9000,true,1,1995685
7290001246979,false,אקופרינד-נוזל כלים 1 ליטר לימון,,,נוזל כלים אקולוגי לי,ליטרים,1.00,ליטר,false,,14.90,14.9000,true,1,1993689
7290001247068,false,קרטונית נקטר ספרינג תות בננה 1 ליטר,"יפאורה תבורי בע""מ",IL,ספרינג תות בננה קרטו,ליטרים,1.00,ליטר,false,,6.60,6.6000,true,1,1172082
7290001247112,false,קרטונית נקטר ספרינג לימונענע 1 ליטר,"יפאורה תבורי בע""מ",IL,ספרינג לימונענע קרטו,ליטרים,1.00,ליטר,false,,6.60,6.6000,true,1,1172086
7290001247129,false,נקטר ספרינג תפוזים קרטונית 1 ל',"יפאורה תבורי בע""מ",IL,ספרינג תפוז קרטונית,ליטרים,1.00,ליטר,false,,6.60,6.6000,true,1,1172087
7290001258729,false,לאבנה עיזים יעקובס 2,גבינות משק יעקבס,IL,9 לבנה עזים 250.0 גרם,גרמים,250.00,100 גרם,false,,15.90,0.0636,true,1,1194273
7290001274422,false,שלגונים ציפוי בננה מאגדת שמינייה 560 ג',"פלקו בע""מ",IL,שלגוני מצופים,גרמים,560.00,100 גרם,false,,22.90,0.0409,true,1,1182143
7290001274583,false,גלידל שוקו פקאן נטול,גלידות פלדמן,IL,"גלידל פקאו 900 מ""ל",מיליליטרים,900.00,"100 מ""ל",false,,19.90,0.0221,true,1,1182145
7290001274934,false,מאגדת גלידל פרי למון ליים 8 יח,הגלידות של פלדמן,IL,שמיניית קרטיבים פופס,גרמים,640.00,100 גרם,false,,19.90,0.0311,true,1,1182147
7290001274941,false,מאגדת גלידל פרי פטל 8 יח דיאט,הגלידות של פלדמן,IL,שמיניית קרחוני דיאט,גרמים,640.00,100 גרם,false,,19.90,0.0311,true,1,1182148
7290001305058,false,"פלמוליב - נטורלס תחליב רחצה חלב ודבש 500 מ""ל",הנסיך- מפעל לייצור ט,TR,פלמוליב חלב ודבש 500מל חד,מיליליטרים,500.00,"100 מ""ל",false,,15.90,0.0318,true,1,1185531
7290001305188,false,פלמוליב כלים שקוף לימון 750 בקבוק חדש,יבואן ומשווק: ש. שסט,GR,פלמוליב כלים שקוף לימון 7,מיליליטרים,750.00,"100 מ""ל",false,,9.90,0.0132,true,1,1185532
7290001343845,false,"גרנולה פירות 1 ק""ג - 845 - ורוד שקדיה",הנסיך- מפעל לייצור ט,IL,"גרנולה פירות 1 ק""ג.",גרמים,1000.00,100 גרם,false,,19.90,0.0199,true,1,1175151
7290001407547,false,טחינה גולמית משומשום מלא פי 6 בארכה 500ג',רושדי תעשיות מזון בע,IL,טחינה משומשום מלא פי 6 סי,גרמים,500.00,100 גרם,false,,13.90,0.0278,true,1,1238744
7290001407592,false,"בארכה טחינה גולמית פי 6 סידן 6*1 ק""ג",,IL,טחינה בארכה משומשום,קילוגרמים,1.00,"100 ק""ג",false,,24.90,24.9000,true,1,2081081
7290001407769,false,טחינה גולמית שומשום מלא בארכה 500ג',רושדי תעשיות מזון בע,IL,טחינה בארכה עם שומשום מלא,גרמים,500.00,100 גרם,false,,13.90,0.0278,true,1,1186243
7290001407813,false,חלבה שאמית פיסטוק בקטנה בארכה 350ג',רושדי תעשיות מזון בע,IL,חלבה בארכה שאמית וניל עם,גרמים,350.00,100 גרם,false,,15.90,0.0454,true,1,1186244
7290001407820,false,חלווה שאמית וניל קלאסית בארכה 350ג',רושדי תעשיות מזון בע,IL,חלבה בארכה שאמית וניל 350,גרמים,350.00,100 גרם,false,,15.90,0.0454,true,1,1186245
7290001407837,false,חלווה שאמית קקאו בארכה,רושדי תעשיות מזון בע,IL,חלבה בארכה שאמית שוקו עם,גרמים,350.00,100 גרם,false,,15.90,0.0454,true,1,1186246
7290001407844,false,חלווה קלאסית וניל בארכה 350גר,רושדי תעשיות מזון בע,IL,חלבה בארכה קלאסית וניל 35,גרמים,350.00,100 גרם,false,,15.90,0.0454,true,1,1186247
7290001419793,false,גביעי גלידה מגולגל עלמה גילרו 30 יח',"גילרו בע""מ",IL,גביע גלידה.,גרמים,132.00,100 גרם,false,,10.90,0.0826,true,1,1193308
7290001419892,false,וופל קלאסי לימון 200 ג' עלמה,"גילרו בע""מ",IL,וופל קלאסי לימון.,גרמים,200.00,100 גרם,false,,2.90,0.0145,true,1,1193310
7290001427033,false,מיץ תפוחים סחוט טבעי,"פריניב בע""מ",IL,מיץ תפוחים סחוט טבעי,ליטרים,1.00,ליטר,false,,16.90,16.9000,true,1,2048646
7290001439074,false,ספוג שלישיית כדורי רחצה מוסקו,יושלם,,שלישיה כדור ליפה,יח',3.00,יח',false,,11.90,3.9667,true,1,1171419
7290001439432,false,ספוג רחצה משולב מוסק,חוואנטן,CN,ספוג ליפה רכה,יחידה,0.00,יחידה,false,,10.00,0.0000,true,1,1171422
7290001461112,false,לחם רוסטיק עגול פילס,פילסברי,,לחם מחמצת דגנים (ברק,גרמים,500.00,100 גרם,false,,16.90,0.0338,true,1,1815959
7290001461457,false,בגט רוסטיק קמח מלא ו,פילסברי,,בגט רוסטיק קמח מלא,יחידה,0.00,יחידה,false,,7.90,0.0000,true,1,1609779
7290001468272,false,נאמן פלסטרים מעורב 50יח',,,פלסטרים בגדלים וצורו,יח',50.00,יח',false,,6.90,0.1380,true,1,1177347
7290001468319,false,מיץ לימון ליים 200מל,,,מיץ לימון 200,מיליליטרים,200.00,"100 מ""ל",false,,5.90,0.0295,true,1,1177348
7290001468470,false,ספוגי ליפה טבעיים בשלל צורות וסוגים,,,ספוג ליפה טבעי,יחידה,0.00,יחידה,false,,14.90,0.0000,true,1,1177351
7290001468661,false,"מסיר לק ריחני 180 מ""ל",,,מסיר לק יסמין,מיליליטרים,180.00,"100 מ""ל",false,,6.90,0.0383,true,1,1177352
7290001468678,false,מפת שולחן 137*274סמ,,,מפת שולחן אלפא,יח',1.00,יח',false,,9.90,9.9000,true,1,1177353
7290001468753,false,קמח תפוחי אדמה 500 ג' נאמן,תבליני ביטון,IL,קמח תפוחי אדמה 500 ג,גרמים,500.00,100 גרם,false,,5.90,0.0118,true,1,1177354
7290001468890,false,אלכוהול 70%,,,אלכוהול 70%,מיליליטרים,100.00,"100 מ""ל",false,,5.90,0.0590,true,1,1177358
7290001482094,false,גבינה פרמז'נו משולשים ויליפוד 200ג',זנטי אס. אי לאלין,IT,פרמז'נו 200גרם ( 25יח') (,גרמים,200.00,100 גרם,false,,19.90,0.0995,true,1,1159223
7290001482384,false,אננס חתוך 227 גרם ויליפוד,וילי פוד,TH,אננס חתוך 227גרם,גרמים,227.00,100 גרם,false,,3.90,0.0172,true,1,1159225
7290001482933,false,בסגנון גאודה מהולנד,יושלם,NL,אמה חוויה בטעם גאודה מהול,קילוגרמים,1.00,"ק""ג",true,,69.00,69.0000,true,1,1159230
7290001485019,false,גבינת שמנת 5% טעם טבעי 200 ג' טרה,טרה,IL,גבינת קרם שמנת טבעי 200 ג,גרמים,200.00,100 גרם,false,,10.90,0.0545,true,1,1176120
7290001491010,false,תה ירוק יסמין 25 שקיקים 1.5 גרם,תה ויסוצקי,IL,תה ירוק יסמין,גרמים,37.50,100 גרם,false,,22.90,0.6107,true,1,1186248
7290001491096,false,תה ירוק בתוספת לימונית ולואיזה 50 שקיקים ויסוצקי,תה ויסוצקי,IL,תה ירוק לימונית ולואיזה,גרמים,75.00,100 גרם,false,,39.90,0.5320,true,1,1186249
7290001515310,false,שש כריות קרצוף יפניות סקוטש ברייט,3m,,כריות קירצוף,יח',6.00,יח',false,,12.90,2.1500,true,1,1155449
7290001515631,false,שלושה ספוגי קרצוף קשיחים ארוכים אדומים,M3,ES,ספוג קרצוף ארוך שליש,יח',3.00,יח',false,,7.90,2.6333,true,1,1156965
7290001532195,false,מקרל מעושן קטן,,,מקרל מעושן קטן,קילוגרמים,1.00,"ק""ג",true,,69.00,69.0000,true,1,2018318
7290001552025,false,הקוסקוס של אמא קפוא 800 גר,מטעמי פאר,IL,הקוסקוס של אמא 800 ג,גרמים,800.00,100 גרם,false,,14.90,0.0186,true,1,1201443
7290001567708,false,נקנקיות וינר 400 ג' יחיעם,מעדני יחיעם,IL,נקניקיות עוף 400 גרם,גרמים,400.00,100 גרם,false,,9.90,0.0248,true,1,1301025
7290001567760,false,פסטרמה של פעם 300 ג' יחיעם,מעדני יחיעם,IL,פסטרמה של פעם 300 ג',יחידה,0.00,יחידה,false,,24.90,0.0000,true,1,1352035
7290001567807,false,כתף בקר מעושן 250 ג' יחיעם,מעדני יחיעם,IL,כתף בקר מעושן 250 ג',גרמים,250.00,100 גרם,false,,27.90,0.1116,true,1,1352037
7290001567814,false,סלמי מעושן בסגנון איטלקי 300 ג' יחיעם,מעדני יחיעם,IL,סלמי מעושן בסגנון אי,יחידה,0.00,יחידה,false,,19.90,0.0000,true,1,1352022
7290001567920,false,סלמי תה יחיעם 200 ג',,,סלמי תה,גרמים,200.00,100 גרם,false,,9.90,0.0495,true,1,1646730
7290001567937,false,איטליקי מפולפל 200 ג' יחיעם,מעדני יחיעם,IL,נקניק אטלקי מפולפל,גרמים,200.00,100 גרם,false,,10.90,0.0545,true,1,1646731
7290001594155,false,קוקה קולה 500 מל פקד,החברה המרכזית לייצור,IL,ק'-קולה 500 מל,מיליליטרים,500.00,"100 מ""ל",false,,6.90,0.0138,true,1,1182399
7290001594230,false,"קינלי סודה בקבוק 250 מ""ל",החברה המרכזית לייצור,IL,קינלי סודה 250,מיליליטרים,250.00,"100 מ""ל",false,,4.00,0.0160,true,1,1182404
7290001594544,false,"בירה שחורה מאלטי בקבוק 330מ""ל",טובורג,,"בירה מאלטי 330 מ""ל.",מיליליטרים,330.00,"100 מ""ל",false,,5.90,0.0179,true,1,1182411
7290001594568,false,"בירה קרלסברג פחית 500 מ""ל",מבשלות בירה בינלאומי,RO,קרלסברג פח 500 מל פקדון,מיליליטרים,500.00,"100 מ""ל",false,,7.90,0.0158,true,1,1182413
7290001594575,false,"בירה טובורג פחית 500 מ""ל",מבשלות בירה בינלאומי,IL,טובורג פח 500 מל פקדון,מיליליטרים,500.00,"100 מ""ל",false,,7.90,0.0158,true,1,1182414
7290001594810,false,"בירה שחורה מאלטי בקב' מארז 330X6מ""ל",מאלטי,,שישיית בירה מאלטי 33,ליטרים,1.98,ליטר,false,,24.90,12.5758,true,1,1182416
7290001594858,false,"טובורג רד שישייה בקבוק 330 מ""ל",קרלסברג ישראל,IL,טובורג 6 בק 330 פקדון,ליטרים,1.98,ליטר,false,,29.90,15.1010,true,1,1182418
7290001594865,false,"קרלסברג בירה בקבוק 6* 330 מ""ל",קרלסברג ישראל,IL,קרלסברג 6 בק 330 פקדון,ליטרים,1.98,ליטר,false,,32.90,16.6162,true,1,1182419
7290001664360,false,עצמות בקר טרי,,,עצמות בקר טרי,קילוגרמים,1.00,"ק""ג",true,,29.90,29.9000,true,1,1190530
7290001664391,false,כנפיים עוף+נקיון,,,כנפיים עוף+נקיון,קילוגרמים,1.00,"ק""ג",true,,14.90,14.9000,true,1,1190532
7290001664445,false,לשון עגל טרי,,,לשון עגל טרי,קילוגרמים,1.00,"ק""ג",true,,49.00,49.0000,true,1,1190537
7290001664483,false,הודו אדום טחון,,,הודו אדום טחון,קילוגרמים,1.00,"ק""ג",true,,69.90,69.9000,true,1,1190539
7290001664520,false,כתף טלה טרי,,,כתף טלה טרי,קילוגרמים,1.00,"ק""ג",true,,89.90,89.9000,true,1,1190541
7290001664544,false,צלעות טלה טרי,,,צלעות טלה טרי,קילוגרמים,1.00,"ק""ג",true,,199.00,199.0000,true,1,1190543
7290001664919,false,סטייק פרגיות,,,סטייק פרגיות,קילוגרמים,1.00,"ק""ג",true,,79.90,79.9000,true,1,1190549
7290001670224,false,מלית פרג 400 גרם פוליבה,"פוליבה בע""מ",IL,מלית פרג,גרמים,400.00,100 גרם,false,,10.90,0.0273,true,1,1169130
7290001670255,false,כוס קרטון שתייה חמה 8B 50 יח',הנמל,,כוסות קרטון 8 50 יח,יח',50.00,יח',false,,9.90,0.1980,true,1,2107556
7290001670354,false,"מפת שולחן סופגת לבן 137X274 ס""מ במיוחד",הנמל,,מפת שולחן סופגת,יחידה,0.00,יחידה,false,,9.90,0.0000,true,1,1169136
7290001670385,false,מפיות אירוח 33X33 סמ לבן 100 יח',הנמל,,מפיות אירוח,יח',100.00,יח',false,,4.90,0.0490,true,1,1169137
7290001670668,false,שקיות הקפאה לקרח הנמ,"איטיליאן פוד, אס.פי.",TR,קרחוניות 12 יח',יח',12.00,יח',false,,3.90,0.3250,true,1,1169146
7290001670736,false,כפפות נילון שקוף 100 יחידות,יבוא ושיווק: הנמל אר,IL,כפפות ניילון שקוף 10,יח',100.00,יח',false,,4.90,0.0490,true,1,1169147
7290001690147,false,מון בלאן טעם טוב גבינה מותכת6% 120 גרם,שלושת האופים,IL,טעם טוב גבינה מותכת,גרמים,120.00,100 גרם,false,,9.90,0.0825,true,1,2104478
7290001716595,false,שקיות ענק עם ידיות 9,,,שקיות ענק עם ידיות 9,יח',25.00,יח',false,,12.90,0.5160,true,1,1226531
7290001791363,false,"פרש אוטומטיק בריח וניל 250 מ""ל סנו",סנו מפעלי ברונוס בעמ,IL,סנופרש אוטומטי וניל 250מ,מיליליטרים,250.00,"100 מ""ל",false,,13.90,0.0556,true,1,1167393
7290001813454,false,עוגיות חיוכים חגיגה שוקו 900 ג',אפיפית נצרת תעשיות ב,IL,חיוכים שוקו 900 גרם,גרמים,900.00,100 גרם,false,,19.90,0.0221,true,1,2136430
7290001813478,false,עוגיות חיוכים חגיגה וניל 900 ג',אפיפית נצרת תעשיות ב,IL,חיוכים וניל 900 גרם,גרמים,900.00,100 גרם,false,,19.90,0.0221,true,1,2136431
7290001817728,false,צ'יטוס חטיף כאפה קטשופ 55 גרם,"שטראוס פריטו ליי בע""",IL,ציטוס כאפה 55 גר תפזורת,גרמים,55.00,100 גרם,false,,3.50,0.0636,true,1,1189934
7290001865439,false,פמלי לקשרי 1ליטר וניל טהור +משאבה,אף.סי תבליני בגליל ב,IL,פמלי אל סבון ליטר ונילה [,ליטרים,1.00,ליטר,false,,9.90,9.9000,true,1,1199572
7290001865453,false,פמלי לקשרי 1ליטר לבנדר ארומטי+משאבה,מיוצר עי קונדיטוריית,TR,פמלי אל סבון ליטר לבנדר [,ליטרים,1.00,ליטר,false,,9.90,9.9000,true,1,1199573
7290001865460,false,סבון נוזלי פמלי לקשרי זר פרחים לבנים 1 ל,אינטרקוסמא,IL,פמלי אל סבון ליטר ליים [י,ליטרים,1.00,ליטר,false,,9.90,9.9000,true,1,1199574
7290001892060,false,לחם שיפון ללא סוכר 6,מאפיית פולנסקי,IL,לחם שיפון,גרמים,650.00,100 גרם,false,,11.90,0.0183,true,1,1184388
7290001892077,false,לחם שיפון בריאות/רוס,מאפיית פולנסקי,IL,לחם בריאות/רוסי/אוקראיני,גרמים,700.00,100 גרם,false,,11.90,0.0170,true,1,1184389
7290001901670,false,גפילטע פיש גולד ללא סוכר 470 ג הדג המיוח,דג טעים בעמ,IL,צנצנת קציצות דיאט 4,גרמים,510.00,100 גרם,false,,15.90,0.0312,true,1,1293722
7290001917527,false,פרש וואנס פדים להסרת איפור 80 יח' *3,על בד,IL,פדיות קוסמטיות **1X3**,יח',3.00,יח',false,,14.90,4.9667,true,1,1199577
7290001946015,false,אריסה מתוקה 250 גרם,תבליני ביטון מאיר,IL,אריסה מתוקה 250ג- 12יח',גרמים,250.00,100 גרם,false,,12.90,0.0516,true,1,1193773
7290001946046,false,עמבה ביטון,תבליני ביטון מאיר,IL,עמבה 250ג- 12יח',גרמים,250.00,100 גרם,false,,12.90,0.0516,true,1,1193774
7290001946077,false,אריסה חריפה 250 גרם,תבליני ביטון מאיר,IL,אריסה חריפה 250ג- 12יח',גרמים,250.00,100 גרם,false,,12.90,0.0516,true,1,1193775
7290001946237,false,פלפל צ'ומה ביטון,תבליני ביטון מאיר,IL,פלפל צ'ומה 250ג- 12יח',גרמים,250.00,100 גרם,false,,12.90,0.0516,true,1,1193776
7290001946299,false,סחוג ירוק תבליני ביט,תבליני ביטון מאיר,IL,סחוג תימני 250ג- 12יח',גרמים,250.00,100 גרם,false,,12.90,0.0516,true,1,1193777
7290001946503,false,שום כתוש ביטון,תבליני ביטון מאיר,IL,שום כתוש 250ג- 12יח',גרמים,250.00,100 גרם,false,,12.90,0.0516,true,1,1193778
7290001946725,false,לימון בלאדי ביטון,תבליני ביטון מאיר,IL,לימון באלדי 250ג- 12יח',גרמים,250.00,100 גרם,false,,12.90,0.0516,true,1,1193779
7290001973233,false,"ד""ר פישר - קמיל בלו מילוי מגבונים בדיספנסר 120 יח'","ד""ר פישר Dr fischer",IL,ק.ב סנסטיב מגבונים 120 יח,יח',120.00,יח',false,,12.90,0.1075,true,1,1198305
7290002000136,false,שעווה לחימום במיקרוגל - דבש ופרופוליס,ש. שוורץ (באר שבע) ב,IL,מגע המשי הדבש ש.למיקרוגל,גרמים,500.00,100 גרם,false,,16.90,0.0338,true,1,1199578
7290002001782,false,לטיפוח כף הרגל פנג'ל,אינטרקוסמא,IL,חדש-פנג'ל פלוס קרם כף רגל,גרמים,100.00,100 גרם,false,,14.90,0.1490,true,1,1199581
7290002002857,false,ניירות להסרת שיער בשעווה 50 יחידות,"איטיליאן פוד, אס.פי.",IL,מגע המשי נייר הדבש 50יח,יח',50.00,יח',false,,18.90,0.3780,true,1,1199589
7290002007234,false,אבקת סוכר 100 ג' הנמל,"מיוצר וארוז ע""י: ר.ס",IL,אבקת סוכר 100 גרם,גרמים,100.00,100 גרם,false,,1.90,0.0190,true,1,1169153
7290002007241,false,סודה לשתיה 50 ג' הנמל,ר.ס. חברה ליבוא ויצו,IL,סודה לשתיה,גרמים,50.00,100 גרם,false,,1.90,0.0380,true,1,1169154
7290002007302,false,סוכריות לקישוט צבע אחיד 100 ג' הנמל,הנמל,,סוכריות קישוט לעוגה,גרמים,100.00,100 גרם,false,,4.90,0.0490,true,1,1169156
7290002007357,false,שקיות צליה דליקטס מיקרוגל הנמל 10 יח',הנמל,IL,שקיות לצליה,יח',10.00,יח',false,,4.90,0.4900,true,1,1169157
7290002007371,false,פירורי לחם הנמל 500 ג',הנמל,IL,פירורי לחם 500ג.,גרמים,500.00,100 גרם,false,,5.90,0.0118,true,1,1169158
7290002007487,false,צמר פלדה הנמל 100 גר,"איטיליאן פוד, אס.פי.",IL,צמר פלדה,גרמים,100.00,גרם,false,,2.90,0.0290,true,1,1169161
7290002007500,false,קיסמי שיניים במבוק בחבית 500 יח',הנמל אריזות ושיווק ב,CN,קיסמי שיניים 500 יח,יח',500.00,יח',false,,3.80,0.0076,true,1,1169162
7290002007746,false,"צבע מאכל כחול 55 מ""ל הנמל",הנמל אריזות ושיווק ב,IL,צבע מאכל כחול,מיליליטרים,55.00,"100 מ""ל",false,,2.90,0.0527,true,1,1169165
7290002007821,false,"צבע מאכל אדום 55 מ""ל",ממתקי עלה ייצור שיוו,IL,צבע מאכל אדום,מיליליטרים,55.00,"100 מ""ל",false,,2.90,0.0527,true,1,1169167
7290002007852,false,"תמצית אפייה בטעמים שונים 55 מ""ל הנמל",ממתקי עלה יצור ושיוו,IL,תמצית לאפיה וניל,מיליליטרים,55.00,"100 מ""ל",false,,2.90,0.0527,true,1,1169168
7290002008057,false,"תמצית אפייה בטעם רום 55 מ""ל הנמל",ממתקי עלה יצור שיווק,IL,תמצית אפיה רום,מיליליטרים,55.00,"100 מ""ל",false,,2.90,0.0527,true,1,1169176
7290002008071,false,עטרות חום 2 מספר הנמל,הנמל אריזות ושיווק ב,IL,נייר לעוגיות מס.2 13,יח',130.00,יח',false,,3.90,0.0300,true,1,1169177
7290002008088,false,"צבע מאכל צהוב 55 מ""ל הנמל",הנמל אריזות ושיווק ב,IL,צבע מאכל צהוב,מיליליטרים,55.00,"100 מ""ל",false,,2.90,0.0527,true,1,1169178
7290002008170,false,עטרות חום 3 מספר הנמל,הנמל,IL,נייר לעוגיות מס.3 13,יח',130.00,יח',false,,3.90,0.0300,true,1,1169182
7290002008224,false,סוכריות לקישוט צבעונית הנמל 100 ג',ממתקי עלה בעמ,IL,סוכריות קישוט,גרמים,60.00,100 גרם,false,,4.90,0.0817,true,1,1169184
7290002008309,false,עטרות נייר חום לעוגה מס' 4 הנמל 130יח',הנמל אריזות ושיווק ב,IL,נייר לעוגיות מס.4 13,יח',130.00,יח',false,,4.90,0.0377,true,1,1169189
7290002008354,false,מפת מגן נילון לשולחן,"איטיליאן פוד, אס.פי.",IL,מפות ניילון בגליל 8,יח',8.00,יח',false,,7.90,0.9875,true,1,1169190
7290002008460,false,עטרות חום 1.5 מספר הנמל,הנמל,IL,נייר לעוגיות מס.1.5,יח',130.00,יח',false,,2.90,0.0223,true,1,1169194
7290002008491,false,סוכריות לקישוט שוקולד 100 ג' הנמל,ממתקי עלה יצור שיווק,IL,סוכריות קישוט שוקו,גרמים,100.00,100 גרם,false,,4.90,0.0490,true,1,1169195
7290002008507,false,נייר אפייה 50 יח' הנמל,הנמל אריזות ושיווק ב,IL,נייר אפייה 50 יח,יח',50.00,יח',false,,8.90,0.1780,true,1,1169196
7290002008569,false,מלבין קפה בקופסא 200 גר',הנמל אריזות ושיווק ב,IL,מלבין קפה 200 גר,גרמים,200.00,100 גרם,false,,12.90,0.0645,true,1,1169199
7290002008620,false,"צבע מאכל ירוק 55 מ""ל הנמל",ממתקי עלה יצור שיווק,IL,צבע מאכל ירוק,מיליליטרים,55.00,"100 מ""ל",false,,2.90,0.0527,true,1,1169200
7290002008743,false,סוכר וניל 10*10 ג' הנמל,"מיוצר וארוז ע""י: ר.ס",IL,סוכר וניל 10 יח',גרמים,100.00,100 גרם,false,,1.90,0.0190,true,1,1169202
7290002008750,false,אבקת אפיה הנמל מארז 10X10 ג',"מיוצר ע""י:ר.ס. חברה",IL,אבקת אפיה 10 יח',גרמים,100.00,100 גרם,false,,1.90,0.0190,true,1,1169203
7290002008927,false,סוכריות לקישוט שוקו לבן 100 ג' הנמל,ממתקי עלה יצור שיווק,IL,סוכריות קישוט שוקו ל,גרמים,100.00,100 גרם,false,,4.90,0.0490,true,1,1169207
7290002022152,false,מרשמלו ורוד לבן וסטהיים 100ג36X שקיות בקרטון,מנדלז סי.אר. פרודקשן,IL,כרמית מרשמלו 100 גרם,גרמים,100.00,100 גרם,false,,3.00,0.0300,true,1,1185535
7290002022923,false,סוכריות על מקל בטעם,כרמית תעשיות ממתקים,IL,כרמית לקקן תות 50יח',גרמים,450.00,100 גרם,false,,18.90,0.0420,true,1,1185537
7290002026341,false,צ'יפס אריסטו רגיל שקיות רשת,האי נאם סי או אל.טי.,CA,צ'יפס בטטה אריסטו,גרמים,500.00,100 גרם,false,,14.90,0.0298,true,1,1254401
7290002026358,false,צ'יפס אריסטו זיג זג שקיות רשת,האי נאם סי או אל.טי.,CA,צ'יפס בטטה אריסטו זי,גרמים,500.00,100 גרם,false,,14.90,0.0298,true,1,1254402
7290002026365,false,טבעות בצל אריסטו קראנץ 500 ג',היידי שוקולד בירונטי,IL,טבעות בצל אריסטו,גרמים,500.00,100 גרם,false,,9.90,0.0198,true,1,1254403
7290002026440,false,פרצלס בייגלה בראנץ אנד קראנץ 280 ג',מוצרי איכות אמריקאיי,IL,פרצלס קפוא פרצלס קפוא,גרמים,280.00,100 גרם,false,,15.90,0.0568,true,1,1174496
7290002026983,false,"גלידת מוופוריה בטעם שוקולד עם בצק עוגיות 500 ""ל",מוצרי איכות אמריקאיי,IL,גלידת שוקולד בן אנד,מיליליטרים,500.00,"100 מ""ל",false,,24.90,0.0498,true,1,1889052
7290002037040,false,חלה קלה וודש 500 גרם,מאפית י את א ברמן בע,IL,חלה קלה וודש 500 גרם,גרמים,500.00,100 גרם,false,,13.90,0.0278,true,1,1170955
7290002037057,false,לחם פרוס ודש 500 גרם,מאפית י את א ברמן בע,IL,לחם לבן פרוס 500 גרם,גרמים,500.00,100 גרם,false,,5.90,0.0118,true,1,1170956
7290002037163,false,**לחם אחיד פרוס וודש 750 גרם,מאפית י.את א. ברמן ב,IL,לחם אחיד כהה פרוס 75,גרמים,750.00,100 גרם,false,,6.90,0.0092,true,1,1170959
7290002037637,false,חליות מתוקות מארז 4יח',מאפית י את א ברמן בע,IL,חליה מתוקה 4 יחידות.,גרמים,360.00,100 גרם,false,,12.90,0.0358,true,1,1170967
7290002040019,false,קוסקוס רגיל הנמל 350 גר',"קוסקוס מזון בע""מ",IL,קוסקוס רגיל בשקית 35,גרמים,350.00,100 גרם,false,,5.50,0.0157,true,1,1169210
7290002040064,false,קוסקוס דק הנמל 350 גר',טרופיקל דגיל תעשיות,IL,קוסקוס דק בשקית.,גרמים,350.00,100 גרם,false,,5.50,0.0157,true,1,1169212
7290002040071,false,קוסקוס עבה הנמל 350 גר',"קוסקוס מזון בע""מ",IL,קוסקוס עבה בשקית 350,גרמים,350.00,100 גרם,false,,5.50,0.0157,true,1,1169213
7290002040088,false,קוסקוס חיטה מלאה 350 ג',"קוסקוס מזון בע""מ",IL,קוסקוס מלא 350 גר.,גרמים,350.00,100 גרם,false,,6.50,0.0186,true,1,1169214
7290002041009,false,"חלאבילין אורגינל 10 מ""ל",General,,חלאבלין אורגינל,גרמים,10.00,100 גרם,false,,39.90,3.9900,true,1,1175351
7290002041368,false,"מידנייט דאודורנט ספריי 150 מ""ל",General,,דאודרנט מידנייט,מיליליטרים,150.00,"100 מ""ל",false,,14.90,0.0993,true,1,1175355
7290002041818,false,דאודורנט און מידנייט,General,,דאודורנט און מידנייט,מיליליטרים,80.00,"100 מ""ל",false,,14.90,0.1863,true,1,1175357
7290002043294,false,צ'יפס אורז חום מלא טקסס ברביקיו 25 גר,,BG,ציפס אורז חום מלא טק,גרמים,25.00,100 גרם,false,,3.90,0.1560,true,1,2044889
7290002043317,false,ציפס אורז חום צילי ח,,BG,ציפס אורז חום מלא צי,גרמים,25.00,100 גרם,false,,3.90,0.1560,true,1,2044890
7290002043324,false,אקסטרה צ'יפס מלח ים 25 גרם,,BG,ציפס אורז חום מלא צי,גרמים,25.00,100 גרם,false,,3.90,0.1560,true,1,2044891
7290002053088,false,אטריות ביצים מס 8 200 גר,פ.פ.ח טאביט,PL,8 אטריות ביצים,גרמים,200.00,100 גרם,false,,6.90,0.0345,true,1,1159471
7290002053095,false,אטריות ביצים מס 10 200 ג',פ.פ.ח טאביט,PL,10 אטריות ביצים,גרמים,200.00,100 גרם,false,,6.90,0.0345,true,1,1159472
7290002053101,false,אוריינט אטריות ביצים מס 12 200 'ג',אוריינטל,PL,12 אטריות ביצים,גרמים,200.00,100 גרם,false,,6.90,0.0345,true,1,1159473
7290002053118,false,אוריינט אטריות ביצים מס 14 200 ג',האי נאם סי או אל.טי.,PL,14 אטריות ביצים,גרמים,200.00,100 גרם,false,,6.90,0.0345,true,1,1159474
7290002053354,false,נודלס אטריות להקפצה בסגנון סיני 300 גר,טאביט ספ.ז.או.או,PL,נודלס סיני300גר,גרמים,300.00,100 גרם,false,,9.90,0.0330,true,1,1159475
7290002053538,false,נודלס תאילנדי אורינטל 400 גר + 25% תוספת,פ.פ.ח. טאביה ספ זאו.או,PL,נודלס איטריות.,גרמים,400.00,100 גרם,false,,13.90,0.0348,true,1,2015723
7290002057017,false,זיתים נובו ענק A2 יבנה 330ג',קבוצת יבנה,IL,זיתים נובו ענק,גרמים,560.00,100 גרם,false,,8.90,0.0159,true,1,1205335
7290002057031,false,זיתים מבוקע פיקנטי A2 יבנה 560 ג',קבוצת יבנה,IL,זיתים מבוקע פיקנטי,גרמים,560.00,100 גרם,false,,8.90,0.0159,true,1,1205336
7290002057048,false,זיתים סורי מבוקע A2 יבנה 560ג',קבוצת יבנה,IL,סורי מבוקע,גרמים,540.00,100 גרם,false,,10.50,0.0194,true,1,1205337
7290002057109,false,זיתים מנזנילו ירוק גדול ושום A2 יבנה 540ג',קבוצת יבנה,IL,זיתים מנזנילו גדול מ,גרמים,540.00,100 גרם,false,,8.90,0.0165,true,1,1205343
7290002057123,false,זיתים ירוקים חרוזית מנזנילו A-2,קבוצת יבנה,IL,זיתים ירוקים מנזנילו,גרמים,560.00,100 גרם,false,,9.50,0.0170,true,1,1205344
7290002057154,false,חרוזית ‏10‏-‏A‏ יבנה,קבוצת יבנה,IL,זיתים חרוזיתA10,קילוגרמים,3.00,"ק""ג",false,,36.90,12.3000,true,1,1205347
7290002057178,false,זיתים מנזנילו טבעי גדול A2 יבנה 540 ג',קבוצת יבנה,IL,זיתים טבעי גדול,גרמים,560.00,100 גרם,false,,8.90,0.0159,true,1,1205349
7290002057185,false,טבעות זיתים ירוקים 560 ג' יבנה,קבוצת יבנה,IL,טבעות זיתים ירוקים,גרמים,560.00,100 גרם,false,,9.20,0.0164,true,1,1205350
7290002057314,false,"מלפפון במלח ‏20‏-‏15‏ ‏‏ 1.3 ק""ג ‏‏ יבנה",קבוצת יבנה,IL,מלפפון במלח 15-20,קילוגרמים,1.30,"ק""ג",false,,12.90,9.9231,true,1,1205354
7290002057321,false,"מלפפון במלח ‏25‏-‏21‏ יבנה 1.3 ק""ג",קבוצת יבנה,IL,מלפפון במלח 21-25,קילוגרמים,1.30,"ק""ג",false,,14.90,11.4615,true,1,1205355
7290002057345,false,"מלפפון במלח ‏36‏-‏30‏ 3 ק""ג יבנה",קבוצת יבנה,IL,מלפפון במלח 30-36,קילוגרמים,3.00,"ק""ג",false,,21.90,7.3000,true,1,1205356
7290002057352,false,מלפפון במלח 7-9 560 ג' יבנה,קבוצת יבנה מוצרי מזו,IL,מלפפון במלח 7-9,גרמים,560.00,100 גרם,false,,6.50,0.0116,true,1,1205357
7290002057369,false,מלפפון במלח ‏12‏-‏10‏ 560 ג' יבנה,קבוצת יבנה,IL,מלפפון במלח 10-12,גרמים,560.00,100 גרם,false,,7.50,0.0134,true,1,1205358
7290002057376,false,מלפפון במלח ‏17‏-‏13‏ 560 ג' יבנה,קבוצת יבנה,IL,מלפפון במלח 13-17,גרמים,560.00,100 גרם,false,,9.90,0.0177,true,1,1205359
7290002057383,false,מלפפון במלח ‏25‏-‏18‏ 560 ג' יבנה,קבוצת יבנה,IL,מלפפון במלח 18-25,גרמים,560.00,100 גרם,false,,7.90,0.0141,true,1,1205360
7290002057451,false,מלפפון בחומץ ‏9‏-‏7‏ %‏20‏ 560 ג' יבנה,אף.סי תבליני בגליל ב,IL,מלפפון בחומץ 7-9,גרמים,560.00,100 גרם,false,,6.50,0.0116,true,1,1205365
7290002057468,false,מלפפון חומץ ‏12‏-‏10‏ 560 ג' יבנה,קבוצת יבנה,IL,מלפפון חומץ 10-12 A2,גרמים,560.00,100 גרם,false,,7.50,0.0134,true,1,1205366
7290002057475,false,מלפפונים בחומץ 13-17 קטן A2 יבנה 540ג',קבוצת יבנה,IL,מלפפון בחומץ 13-17 A,גרמים,560.00,100 גרם,false,,9.90,0.0177,true,1,1205367
7290002057482,false,מלפפון חומץ ‏25‏-‏18‏ 560 ג' יבנה,קבוצת יבנה,IL,מלפפון חמוץ 18-25 A2,גרמים,560.00,100 גרם,false,,7.90,0.0141,true,1,1205368
7290002057604,false,שיפקה פלפל חריף A2 יבנה 600ג',קבוצת יבנה,IL,פלפל שיפקה A2,גרמים,560.00,100 גרם,false,,5.90,0.0105,true,1,1205370
7290002057703,false,חצילים ‏2‏-‏A‏ יבנה 560 גר',קבוצת יבנה,IL,חצילים A2,גרמים,560.00,100 גרם,false,,6.90,0.0123,true,1,1205374
7290002075233,false,בונבוניירה אייסקונפק,יושלם,,אייס 250 גרם,גרמים,250.00,100 גרם,false,,18.90,0.0756,true,1,1184397
7290002075271,false,ריקולה בשקית צמחים 70 גרם,ריקולה,CH,סוכריות ריקולה צמחים,גרמים,70.00,100 גרם,false,,9.90,0.1414,true,1,1184398
7290002077725,false,סלומון נורווגי מצונן דלידג 100ג',וי קינג V King,IL,פילה סלמון מצונן 100,גרמים,100.00,100 גרם,false,,19.90,0.1990,true,1,1995529
7290002096047,false,דובשניות,,,דובשניות,גרמים,800.00,100 גרם,false,,12.90,0.0161,true,1,1192592
7290002105145,false,צלעות מספר 2 כשרות הרב מחפוד,,,צלעות מס' 2 מחפוד,קילוגרמים,1.00,"ק""ג",true,,47.90,47.9000,true,1,1170990
7290002105190,false,פילה מדומה 6 בקר קפוא מחפוד,,IL,פילה מדומה מס' 6 מחפ,קילוגרמים,1.00,"ק""ג",true,,59.90,59.9000,true,1,1390077
7290002105220,false,שריר הזרוע 8 צרכני בקר קפוא מחפוד,,IL,שריר הזרוע מס' 8 מחפ,קילוגרמים,1.00,"ק""ג",true,,59.90,59.9000,true,1,1170994
7290002105565,false,טחון הודו 500 גרם מחפוד מהדרין,,IL,טחון הודו 500 מחפוד,גרמים,500.00,100 גרם,false,,12.90,0.0258,true,1,1390079
7290002107071,false,צוריאל פטה עיזים מעודנת גביע 16% 200ג,מחלבת משק צוריאל,IL,פטה עיזים מעודנת בגביע -,גרמים,200.00,100 גרם,false,,21.90,0.1095,true,1,1176128
7290002107316,false,טבורוג למעדיה צוריאל,מחלבת משק צוריאל,IL,"טבורוג 5% - 2 ק""ג",קילוגרמים,1.00,"ק""ג",true,,39.00,39.0000,true,1,1176131
7290002107385,false,גבינת מה עיזים בגליל צוריאל 180 ג',מחלבת משק צוריאל,IL,מה-עז - גליל גבינת עיזים,גרמים,180.00,100 גרם,false,,21.90,0.1217,true,1,1176132
7290002107491,false,גבינת עזים למריחה טבעי 5% צוריאל 250 ג',מחלבת משק צוריאל,IL,גב עזים למריחה 5%-250 גר-,גרמים,250.00,100 גרם,false,,13.90,0.0556,true,1,1176136
7290002118435,false,צמרוני ביוטי ענק הנמל 300יח',ספה,TR,צמרוני אוזניים 300 י,יח',300.00,יח',false,,6.90,0.0230,true,1,1169217
7290002128014,false,נרות שבת מס 4 מנורה,"מנורה שי נר בע""מ",IL,נרות שבת מנורה מספר 4 (19,יח',4.00,יח',false,,3.50,0.8750,true,1,1199496
7290002128083,false,נרות חנוכה רגיל 44יח-מנורה,,,נרות חנוכה רגיל,יח',44.00,יח',false,,2.90,0.0659,true,1,1199500
7290002128137,false,נרות שבת מנורה 8/72,מנורה,IL,נרות שבת 8/72 מנורה דה-לו,יח',72.00,יח',false,,34.90,0.4847,true,1,1199502
7290002128151,false,פתיליות מצמר גפן,,,פתיליות מצמר גפן,יחידה,0.00,יחידה,false,,2.90,0.0000,true,1,2039279
7290002128205,false,נרות לא נוטפים 45יח-מנורה,,,נרות חנוכה לוקס,יח',45.00,יח',false,,5.90,0.1311,true,1,1199503
7290002128212,false,נרות שבת מס 6 מנורה,"מנורה שי נר בע""מ",IL,נרות שבת מנורה מספר 6 (19,יחידה,0.00,יחידה,false,,3.50,0.0000,true,1,1199504
7290002128236,false,נרות שבת מס 10 מנורה,"מנורה שי נר בע""מ",IL,נרות שבת מנורה מספר 10 (1,יח',10.00,יח',false,,3.50,0.3500,true,1,1199506
7290002128250,false,"נרות שבת מ""ס 16",מנורה,IL,נרות שבת מנורה מספר 16 (1,יח',16.00,יח',false,,3.50,0.2188,true,1,1199508
7290002128267,false,"נרות שבת מ""ס 20",מנורה,IL,נרות שבת מנורה מספר 20 (1,יח',20.00,יח',false,,3.50,0.1750,true,1,1199509
7290002128274,false,חנוכיית מתכת עם מגן דוד,,,חנוכיית מתכת עם/בלי,יחידה,0.00,יחידה,false,,10.90,0.0000,true,1,1990703
7290002128281,false,נר ריחני בכוס בצבעי,,,נר ריחני בכוס בצבעי,יחידה,0.00,יחידה,false,,9.90,0.0000,true,1,2000586
7290002128311,false,נר נשמה שבועי בכוס,"מנורה שי נר בע""מ",IL,נרות נשמה שבועי בכוס זכוכ,יחידה,0.00,יחידה,false,,9.90,0.0000,true,1,1199511
7290002128380,false,חנוכיית פס +כוסיות+צינוריות+פתיליות,,,חנוכיית פס+כוסיות+צי,יחידה,0.00,יחידה,false,,13.90,0.0000,true,1,2039281
7290002128700,false,נרות חימום 50 יח' מנורה,"מנורה שי נר בע""מ",IL,נרות חימום מנורה 50 יחידו,יח',50.00,יח',false,,12.90,0.2580,true,1,1199514
7290002128762,false,נר נשמה בכוס 72 שעות - מנורה,"מנורה שי נר בע""מ",IL,נרות נשמה בכוס דולקים 72,יח',1.00,יח',false,,5.90,5.9000,true,1,1199516
7290002128786,false,זוג כוסיות לנריות,"מנורה שי נר בע""מ",IL,"זוג כוסיות לנריות בקופסה,",יח',2.00,יח',false,,3.20,1.6000,true,1,1199517
7290002128793,false,נר הבדלה מיוחד,מנורה,IL,נר הבדלה מיוחד מבריק בקו,יח',1.00,יח',false,,6.90,6.9000,true,1,1199518
7290002128946,false,נר נשמה בכוס 48 שעות - מנורה,"מנורה שי נר בע""מ",IL,נרות נשמה בכוס דולקים 48,יח',1.00,יח',false,,4.20,4.2000,true,1,1199521
7290002129455,false,פיצה איטלקית גדולה 4,,IT,פיצה איטלקית XL שלוש,גרמים,450.00,100 גרם,false,,19.90,0.0442,true,1,1633833
7290002129462,false,פיצה איטלקית דקה שלושת האופים מארז זוג 640 ג',,,פיצה איטלקית דקה שלו,גרמים,640.00,100 גרם,false,,21.90,0.0342,true,1,1432646
7290002129479,false,פיצה איטלקית דקה 320 ג' שלושת האופים,האי נאם סי או אל.טי.,IT,פיצה דקה שלושת האופי,גרמים,320.00,100 גרם,false,,12.90,0.0403,true,1,1855610
7290002129486,false,פיצה איטלקית דקה זיתים 340 ג' שלושת האופים,האי נאם סי או אל.טי.,IT,פיצה איטלקית דקה זית,גרמים,340.00,100 גרם,false,,14.90,0.0438,true,1,1633834
7290002130567,false,דבש טהור מפרחי בר בזכוכית 350 גרם,מכוורת יד מרדכי שטרא,IL,דבש טהור 350 גרם,גרמים,350.00,100 גרם,false,,16.90,0.0483,true,1,1189340
7290002130581,false,"דבש טהור מפרחי בר בזכוכית 1 ק""ג",שטראוס גרופ,IL,"דבש טהור 1 ק""ג",גרמים,1000.00,100 גרם,false,,39.90,0.0399,true,1,1189341
7290002132011,false,עוגיות מזרחיות עבאדי 500 גרם,מאפיית יוסף ושמחה עב,IL,עוגיות מזרחיות 500 גרם,גרמים,400.00,100 גרם,false,,17.90,0.0447,true,1,1186251
7290002150107,false,קובה בורגול במילוי ב,חמים וטעים,IL,"קובה בשר 1 ק""ג",קילוגרמים,1.00,"ק""ג",false,,32.90,32.9000,true,1,1171317
7290002150305,false,סיגרים מרוקאים במילו,חמים וטעים,IL,"סיגר בשר 1 ק""ג",קילוגרמים,1.00,"ק""ג",false,,32.90,32.9000,true,1,1171329
7290002150336,false,"פלאפל אמיתי בד""ץ 800",חמים וטעים,IL,"בד""צ פלאפל אמיתי 800 גר",גרמים,800.00,100 גרם,false,,22.90,0.0286,true,1,1171331
7290002150374,false,"קובה חמוסטה למרק בד""",חמים וטעים,IL,"בד""צ קובה חמוסטה 1 קג",קילוגרמים,1.00,"ק""ג",false,,32.90,32.9000,true,1,1171335
7290002150404,false,סיגרים מרוקאים במילו,חמים וטעים,IL,"סיגר תפו""א 1 ק""ג",קילוגרמים,1.00,"ק""ג",false,,26.90,26.9000,true,1,1171337
7290002150503,false,אגרול סיני במילוי יר,חמים וטעים,IL,"אגרול סיני 1 ק""ג",קילוגרמים,1.00,"ק""ג",false,,32.90,32.9000,true,1,1171338
7290002150626,false,"קובה סורי מטוגן 1 ק""",חמים וטעים,IL,"קובה סורית מטוגן 1 ק""ג",קילוגרמים,1.00,"ק""ג",false,,32.90,32.9000,true,1,1171343
7290002150664,false,"קובה ביתי מטוגן 1 ק""",חמים וטעים,IL,"קובה ביתי מטוגן 1 ק""ג",קילוגרמים,1.00,"ק""ג",false,,32.90,32.9000,true,1,1171344
7290002150671,false,קרפלך במילוי בשר 1 ק,חמים וטעים,IL,"קרפלך בשר 1 ק""ג",קילוגרמים,1.00,"ק""ג",false,,32.90,32.9000,true,1,1171345
7290002150688,false,קרפלך במילוי תפוחי א,חמים וטעים,IL,"קרפלך תפוא 1 ק""ג",קילוגרמים,1.00,"ק""ג",false,,27.90,27.9000,true,1,1171346
7290002150695,false,קובה למרק במילוי בשר,חמים וטעים,IL,"קובה למרק 1 ק""ג",קילוגרמים,1.00,"ק""ג",false,,32.90,32.9000,true,1,1171347
7290002157953,false,מארז נתחי טונה בהירה בשמן קנולה - 4 יחידות,דיאמנט פוד פרודקט,IL,טונה ויליגר בשמן קנו,גרמים,560.00,100 גרם,false,,19.90,0.0355,true,1,2006334
7290002157960,false,טונה במים ויליגר רביעיה * 140ג',ויליגר,IL,טונה ויליגר במי מלח,גרמים,560.00,100 גרם,false,,19.90,0.0355,true,1,2007640
7290002190141,false,ריבת חלב בצנצנת 450 גרם,קרלו,IL,ריבת חלב 450 גרם,גרמים,450.00,100 גרם,false,,14.90,0.0331,true,1,1186517
7290002210009,false,חלבה בלוק 500 גרם ונ,,,חלבה בלוק 500 גרם ונ,גרמים,500.00,100 גרם,false,,8.90,0.0178,true,1,1362489
7290002210085,false,"חלבה בלוק 1 ק""ג קסטה",,,"חלבה בלוק 1 ק""ג קסטה",גרמים,1000.00,100 גרם,false,,15.90,0.0159,true,1,1362500
7290002210412,false,חלבה 100 גרם,,,חלבה 100 גרם,גרמים,100.00,100 גרם,false,,3.90,0.0390,true,1,1362494
7290002210429,false,חלבה מצופה 80 גרם,,,חלבה מצופה 80 גרם,גרמים,80.00,100 גרם,false,,3.90,0.0487,true,1,1362495
7290002210467,false,חלבה 12 יחדות בקוופס,,,חלבה 12 יחדות בקוופס,יחידה,0.00,יחידה,false,,9.90,0.0000,true,1,1362503
7290002210474,false,חלבה ללא סוכר 12 יח,,,חלבה ללא סוכר 12 יח,יחידה,0.00,יחידה,false,,11.90,0.0000,true,1,1362504
7290002210511,false,טחינה 500 גרם,,,טחינה 500 גרם,גרמים,500.00,100 גרם,false,,8.90,0.0178,true,1,1362506
7290002210528,false,"טחינה 1 ק""ג",,,"טחינה 1 ק""ג",קילוגרמים,1000.00,"100 ק""ג",false,,17.90,0.0179,true,1,1362507
7290002239185,false,אפונת גינה קפואה פרי גליל 800 גרם,"פרי הגליל בע""""מ",IL,אפונה 800פג,גרמים,800.00,100 גרם,false,,9.90,0.0124,true,1,1193783
7290002239215,false,אפונה וגזר 800 ג' פרי הגליל,"פרי הגליל בע""""מ",IL,אפונה וגזר 800פג,גרמים,800.00,100 גרם,false,,9.90,0.0124,true,1,1193784
7290002239307,false,שעועית צהובה 800 ג ' פרי הגליל,"פרי הגליל בע""""מ",IL,שע צהובה 800פג,גרמים,800.00,100 גרם,false,,9.90,0.0124,true,1,1193786
7290002239338,false,שעועית ירוקה 800 ג' פרי הגליל,"פרי הגליל בע""""מ",IL,שע ירוקה 800פג,גרמים,800.00,100 גרם,false,,9.90,0.0124,true,1,1193787
7290002239369,false,שעועית ירוקה שלמה 800 גרם פרי הגליל,"פרי הגליל בע""""מ",IL,שע שלמה 800פג,גרמים,800.00,100 גרם,false,,9.90,0.0124,true,1,1193788
7290002239420,false,תירס גרעינים 800 ג ' פרי הגליל,"פרי הגליל בע""""מ",IL,תירס 800פג,גרמים,800.00,100 גרם,false,,9.90,0.0124,true,1,1193789
7290002253006,false,שום כתוש בצנצנת 200 גר דורות,עיצובים 2020 (3.8),IL,שום כתוש 200 גרם מרקם רך,גרמים,200.00,100 גרם,false,,16.90,0.0845,true,1,1156017
7290002253105,false,מגשית קוביות שום טרי דורות 80 ג',עיצובים 2020 (3.8),IL,שום כתוש 80 גרם,גרמים,80.00,100 גרם,false,,11.90,0.1488,true,1,1156021
7290002253150,false,בזיליקום טרי קצוץ דורות 70 ג',עיצובים 2020 (3.8),IL,בזיליקום קצוץ 70 גרם,גרמים,70.00,100 גרם,false,,9.90,0.1414,true,1,1156022
7290002253167,false,מגשית פטרוזיליה דורות 70 גר,עיצובים 2020 (3.8),IL,פטרוזיליה קצוצה 70 גרם,גרמים,70.00,100 גרם,false,,9.90,0.1414,true,1,1156023
7290002253174,false,מגשית שמיר קצוץ דורות 70ג,עיצובים 2020 (3.8),IL,שמיר קצוץ 70 גרם,גרמים,70.00,100 גרם,false,,9.90,0.1414,true,1,1156024
7290002253181,false,כוסברה טריה קצוצה 70 ג' דורות,עיצובים 2020 (3.8),IL,כוסברה קצוצה 70 גרם,גרמים,70.00,100 גרם,false,,9.90,0.1414,true,1,1156025
7290002253198,false,ג'ינג'ר טרי כתוש במגשית 70 ג' דורות,עיצובים 2020 (3.8),IL,ג'ינג'יר כתוש 70 גרם,גרמים,70.00,100 גרם,false,,9.90,0.1414,true,1,1156026
7290002253235,false,דורות רוטב פסטו 160 גרם,עיצובים 2020 (3.8),IL,רוטב פסטו 160 גרם,גרמים,160.00,100 גרם,false,,11.90,0.0744,true,1,1242181
7290002253259,false,דורות רוטב עגבניות בזיליקום 160 גרם,עיצובים 2020 (3.8),IL,רוטב עגבניות בזיליקום 160,גרמים,160.00,100 גרם,false,,11.90,0.0744,true,1,1242183
7290002253310,false,שום צילי חריף קוביות תערובת 80 ג' דורות,עיצובים 2020 (3.8),IL,שום צילי חריף קוביות,גרמים,80.00,100 גרם,false,,11.90,0.1488,true,1,1832348
7290002259657,false,דיאמונד רדיד אלומיניום85 22.5*0.3,ריינולדס,US,רדיד אלומיניום צר רוחב 30,מטרים,22.80,מטר,false,,22.90,1.0044,true,1,1192925
7290002259664,false,רדיד אלומיניום דיימונד גדול 60X0.60מ',ריינולדס מוצרי צריכה,US,רדיד אלומיניום צר רוחב 30,מטרים,60.00,מטר,false,,47.90,0.7983,true,1,1192926
7290002259930,false,רדיד אלומיניום זוגות,ריינולדס,US,זוג רדיד אלומיניום צר רוח,מטרים,15.20,מטר,false,,19.90,1.3092,true,1,1192927
7290002270713,false,קרם אבוקדו-שפורפרת ק,,,קרם אבוקדו-שפורפרת ק,מיליליטרים,45.00,"100 מ""ל",false,,11.90,0.2644,true,1,1190936
7290002278528,false,כרית קרצוף לכלים שבת כלין 2 יח',מ.א ייצור ושיווק מטל,IL,כרית שבת כלין 2 יח' 1/24,יח',2.00,יח',false,,7.90,3.9500,true,1,1218630
7290002317005,false,זיתים טבעות מושחר 560ג A2 מטולה,שימורי מוטולה,IL,זיתים מושחר טבעות A2,גרמים,560.00,100 גרם,false,,9.90,0.0177,true,1,1166891
7290002317081,false,זיתים נטולי גלעין +20% 670ג A2 מטולה,שימורי מוטולה,IL,זיתים נטולי גלעין20%+A2,גרמים,670.00,100 גרם,false,,8.50,0.0127,true,1,1166894
7290002317128,false,מלפפון 560ג במלח 10-12 A2 מטולה,שימורי מוטולה,IL,מלפפון במלח A2 10-12,גרמים,560.00,100 גרם,false,,7.90,0.0141,true,1,1166896
7290002317135,false,מלפפון 560ג במלח 13-17 A2 מטולה,שימורי מוטולה,IL,מלפפון במלח A2 13-17,גרמים,560.00,100 גרם,false,,9.50,0.0170,true,1,1166897
7290002317142,false,מלפפונים 18-25 במלח,שימורי מוטולה,IL,מלפפון במלח A2 18-25,גרמים,560.00,100 גרם,false,,11.90,0.0213,true,1,1166898
7290002317166,false,מלפפון 560ג בחומץ 10-12 A2 מטולה,,,מלפפון בחומץ 10-12,גרמים,560.00,100 גרם,false,,7.90,0.0141,true,1,1166899
7290002317173,false,מלפפון בחומץ 13-17 560ג A2 מטולה,שימורי מוטולה,IL,מלפפון בחומץ A2 13-17,גרמים,560.00,100 גרם,false,,9.50,0.0170,true,1,1166900
7290002317180,false,מלפפון בחומץ 25-18,,,מלפפון בחומץ 18-25,גרמים,560.00,100 גרם,false,,11.90,0.0213,true,1,1166901
7290002317241,false,זיתים סורי מבוקע,,,זיתים סורי מבוקע,גרמים,560.00,100 גרם,false,,11.90,0.0213,true,1,1166905
7290002317258,false,זיתים סורי שלם,שימורי מוטולה,IL,זיתים סורי שלם A2,גרמים,560.00,100 גרם,false,,11.90,0.0213,true,1,1166906
7290002317265,false,מלפפון 650ג במלח +20% 7-9 A2 מטולה,שימורי מוטולה,IL,מלפפון במלח 20%+ A2 7-9,גרמים,670.00,100 גרם,false,,5.90,0.0088,true,1,1166907
7290002317289,false,חצילים כבושים מוטול,שימורי מוטולה,IL,חצילים A2,גרמים,560.00,100 גרם,false,,7.90,0.0141,true,1,1166908
7290002317296,false,פלפל חריף שיפקה 670ג 20%+A2 מטולה,שימורי מוטולה,IL,פלפל חריף שיפקה 20%+ A2,גרמים,550.00,100 גרם,false,,7.90,0.0144,true,1,1166909
7290002317319,false,מלפפון 650ג בחומץ +20% 7-9 A2 מטולה,שימורי מוטולה,IL,מלפפון בחומץ 20%+ A2 7-9,גרמים,670.00,100 גרם,false,,5.90,0.0088,true,1,1166911
7290002317326,false,זיתים מנזולינו 12-15 +20% 670ג A2 מטולה,שימורי מוטולה,IL,זיתים מנז' 20%+ A2 12-15,גרמים,670.00,100 גרם,false,,7.90,0.0118,true,1,1166912
7290002317456,false,רצועות פלפל אדום מתו,,,רצועות פלפל אדום מתו,גרמים,560.00,100 גרם,false,,7.90,0.0141,true,1,1166918
7290002317579,false,זיתים טבעות ירוק 560ג A2 מטולה,שימורי מוטולה,IL,זיתים טבעות ירוק A2,גרמים,560.00,100 גרם,false,,9.90,0.0177,true,1,1166924
7290002317609,false,כרוב כבוש 560ג A2 מטולה,שימורי מוטולה,IL,כרוב כבוש A2,גרמים,560.00,100 גרם,false,,7.90,0.0141,true,1,1166925
7290002317616,false,זיתים מרינט 17-19 560ג A2 מטולה,שימורי מוטולה,IL,זיתים חתוכים מרינט 17-19,גרמים,560.00,100 גרם,false,,9.90,0.0177,true,1,1166926
7290002317661,false,זיתים מנזלינו גדול מ,שימורי מוטולה,IL,זיתים מנז' גדול צנצ' זכוכ,גרמים,560.00,100 גרם,false,,10.90,0.0195,true,1,1166930
7290002317678,false,זיתים נטולי גלעין צנ,,,זית חרוזית ירוק,גרמים,560.00,100 גרם,false,,9.90,0.0177,true,1,1166931
7290002317746,false,זית טבעי 17-19 צנצנת,שימורי מוטולה,IL,זיתים טבעי 17-19 צנצ' זכו,גרמים,560.00,100 גרם,false,,9.90,0.0177,true,1,1166932
7290002317753,false,טבעות זיתים ירוקים ב,שימורי מוטולה,IL,זיתים טבעות ירוק צנצ' זכו,גרמים,560.00,100 גרם,false,,9.90,0.0177,true,1,1166933
7290002317814,false,חצילים,שימורי מוטולה,IL,חצילים צנצנת זכוכית 400 ג,גרמים,700.00,100 גרם,false,,9.90,0.0141,true,1,1166935
7290002317852,false,מוטולה מלפפונים במלח,מוטולה,,מלפפונים במלח 1.65 ק,גרמים,1650.00,100 גרם,false,,26.90,0.0163,true,1,1166937
7290002319016,false,אבקת אפיה מיה מארז 10X10 ג',"מיה תעשיות מזון בע""מ",IL,אבקת אפיה עשיריות,גרמים,100.00,100 גרם,false,,2.00,0.0200,true,1,1181431
7290002319023,false,סוכר וניל מיה עשיריו,"מיה תעשיות מזון בע""מ",IL,סוכר וניל עשיריות,גרמים,100.00,100 גרם,false,,2.00,0.0200,true,1,1181432
7290002319030,false,תבלין אבקת בצל מיכל 80 ג' מיה,מיה תעשיות מזון בעמ,IL,אבקת בצל 80גרם,גרמים,80.00,100 גרם,false,,6.90,0.0863,true,1,1181433
7290002319047,false,אגוזי המלך 100 גר' מיה,מיה תעשיות מזון,IL,אגוזי מלך 100גרם,גרמים,100.00,100 גרם,false,,10.90,0.1090,true,1,1223417
7290002319054,false,פרג טחון מיה 100 גרם,מיה תעשיות מזון,IL,פרג טחון 100גרם,גרמים,100.00,100 גרם,false,,4.90,0.0490,true,1,1181434
7290002319078,false,שומשום מיה 100 גרם,"מיה תעשיות מזון בע""מ",IL,שומשום 100 גרם,גרמים,100.00,100 גרם,false,,2.90,0.0290,true,1,2151952
7290002319092,false,קמח תפוחי אדמה מיה 500 גר',מיה תעשיות מזון,IL,קמח תפוחי אדמה 500גרם,גרמים,500.00,100 גרם,false,,5.90,0.0118,true,1,1181436
7290002319375,false,"קורנפלור 200 ג' בד""ץ מיה","מיה תעשיות מזון בע""מ",IL,קורנפלור 200גרם (חדש),גרמים,200.00,100 גרם,false,,3.90,0.0195,true,1,1181442
7290002319405,false,תבלין קינמון בקופסא 80 גר' מיה,מיה תעשיות מזון בעמ,IL,קינמון 80גרם,גרמים,80.00,100 גרם,false,,6.90,0.0863,true,1,1181443
7290002319412,false,תבלין פפריקה חריפה 80 גר' מיה,מיה תעשיות מזון בעמ,IL,פפריקה חריפה 80גרם,גרמים,80.00,100 גרם,false,,6.90,0.0863,true,1,1181444
7290002319436,false,תבלין פלפל שחור צנצנת 70גר` מיה,מיה תעשיות מזון בעמ,IL,פלפל שחור טחון 70גרם,גרמים,70.00,100 גרם,false,,7.90,0.1129,true,1,1181446
7290002319443,false,תבלין כמון 80 גר' מיה,מיה תעשיות מזון בעמ,IL,כמון 80גרם,גרמים,80.00,100 גרם,false,,6.90,0.0863,true,1,1181447
7290002319450,false,תבלין כרכום צנצנת 80 גר' מיה,מיה תעשיות מזון בעמ,IL,כורכום 80גרם,גרמים,80.00,100 גרם,false,,6.90,0.0863,true,1,1181448
7290002319474,false,תבלין אבקת שום מיכל 80 ג' מיה,מיה תעשיות מזון בעמ,IL,אבקת שום 80גרם,גרמים,80.00,100 גרם,false,,8.90,0.1113,true,1,1181450
7290002319528,false,קמח מצה מיה 200 גרם,מיה תעשיות מזון,IL,קמח מצה 200גרם,גרמים,200.00,100 גרם,false,,2.90,0.0145,true,1,1181451
7290002319580,false,מלח לימון 150גרם צנצנת,מיה תעשיות מזון בעמ,IL,מלח לימון 150גרם,גרמים,150.00,100 גרם,false,,6.90,0.0460,true,1,1181452
7290002319597,false,תבלין כוסברה ירוקה בשקית 80 גר' מיה,מיה תעשיות מזון בעמ,IL,כוסברה 80גרם,גרמים,80.00,100 גרם,false,,6.90,0.0863,true,1,1181453
7290002319610,false,שקדים טחונים 100 גר' מיה,מיה תעשיות מזון,IL,שקדים טחונים 100גרם,גרמים,100.00,100 גרם,false,,10.90,0.1090,true,1,1181455
7290002319641,false,תבלין גריל עוף צנצנת 80 גר' מיה,מיה תעשיות מזון בעמ,IL,גריל עוף 80גרם,גרמים,80.00,100 גרם,false,,6.90,0.0863,true,1,1181457
7290002319689,false,סודה לשתייה בקופסא 150 גר' מיה,מיה תעשיות מזון בעמ,IL,סודה לשתיה 150גרם,גרמים,150.00,100 גרם,false,,6.90,0.0460,true,1,1181459
7290002319702,false,תבלין ציפורן שלם 40 גר' מיה,מיה תעשיות מזון בעמ,IL,ציפורן שלם 40גרם,גרמים,40.00,100 גרם,false,,6.90,0.1725,true,1,1181460
7290002319740,false,אגוזים טחונים 100 גר' מיה,מיה תעשיות מזון,IL,אגוזי מלך טחונים 100גרם,גרמים,100.00,100 גרם,false,,10.90,0.1090,true,1,1181462
7290002319764,false,משמש מיובש 200 גר' מיה,מיה תעשיות מזון,IL,משמש מיובש 200גרם,גרמים,200.00,100 גרם,false,,12.90,0.0645,true,1,1181463
7290002319771,false,"תמצית אפיה וניל 50מ""ל מיה","מיה תעשיות מזון בע""מ",IL,תמצית אפיה וניל,מיליליטרים,50.00,"100 מ""ל",false,,2.50,0.0500,true,1,1181464
7290002319788,false,"תמצית אפיה רום 50 מ""ל מיה","מיה תעשיות מזון בע""מ",IL,תמצית אפיה רום,מיליליטרים,60.00,"100 מ""ל",false,,2.50,0.0417,true,1,1181465
7290002319825,false,אבקת סוכר 100 גר' מיה,"מיה תעשיות מזון בע""מ",IL,אבקת סוכר 100גרם,גרמים,100.00,100 גרם,false,,2.00,0.0200,true,1,1181469
7290002327028,false,ג'חנון תימני 3 האופים 650 גר',TLV צ'יף,IL,ג'חנון 650 ג',גרמים,650.00,100 גרם,false,,12.90,0.0198,true,1,1219329
7290002327042,false,"בורקס תפו""א 800 גר' שלושת האופים קהילות",שלושת האופים,IL,בורקס תפוחי אדמה,גרמים,800.00,100 גרם,false,,15.90,0.0199,true,1,1939181
7290002327059,false,"בצק עלים 1 ק""ג שלושת האופים קהילות",שלושת האופים,IL,"בצק עלים 1 ק""ג",קילוגרמים,1.00,"ק""ג",false,,15.90,15.9000,true,1,1939201
7290002327066,false,קונכיות בצק למילוי 625 גרם שלושת האופים,שלושת האופים,IL,קונכיות,גרמים,625.00,100 גרם,false,,15.90,0.0254,true,1,1939202
7290002327073,false,בורקס גבינה 800 גר' שלושת האופים קהילות,שלושת האופים,IL,בורקס גבינה,גרמים,800.00,100 גרם,false,,15.90,0.0199,true,1,1939182
7290002331025,false,"מים מינרלים נביעות ספורט 500 מ""ל פקדון",נביעות טבע הגליל בעמ,IL,נביעות 500 TO GO פקדון,מיליליטרים,500.00,"100 מ""ל",false,,3.90,0.0078,true,1,1182425
7290002331124,false,מים נביעות בטעם תפוח 0.5 ליטר,נביעות טבע הגליל בעמ,IL,נביעות שיווק2,מיליליטרים,500.00,"100 מ""ל",false,,6.50,0.0130,true,1,1182428
7290002331155,false,מים נביעות בטעם אפרסק 0.5 ליטר,נביעות טבע הגליל בעמ,IL,נביעות + בטעם אפרסק 0.5 מ,מיליליטרים,500.00,"100 מ""ל",false,,6.50,0.0130,true,1,1182430
7290002331322,false,שישיית מים נביעות 1.5 ליטר,נביעות,IL,נביעות 6 1.5 ליטר,ליטרים,9.00,ליטר,false,,11.90,1.3222,true,1,1182433
7290002331360,false,"נביעות מים מינרליים טו גו מארז 500X6מ""ל",נביעות,IL,נביעות TO GO 500 שישייה,ליטרים,3.00,ליטר,false,,12.90,4.3000,true,1,1182434
7290002331421,false,"מים אישי נביעות מארז שישייה* 755 מ""ל",נביעות,IL,"נביעות 6 755 מ""ל",ליטרים,4.53,ליטר,false,,14.90,3.2892,true,1,1182435
7290002331483,false,שישיית מים נביעות בייב 330 מל,נביעות טבע הגליל בעמ,IL,"נביעות בייבי 320 מ""ל שישי",ליטרים,1.92,ליטר,false,,11.90,6.1979,true,1,1182437
7290002331490,false,נביעות מים מינרלים 1 ליטר,נביעות טבע הגליל בעמ,IL,נביעות 1 ליטר,ליטרים,1.00,ליטר,false,,3.90,3.9000,true,1,1182438
7290002331711,false,מים נביעות בטעם ענבים 0.5 ליטר,נביעות טבע הגליל בעמ,IL,נביעות+ ענבים חצי ליטר,מיליליטרים,500.00,"100 מ""ל",false,,6.50,0.0130,true,1,1182442
7290002333500,false,עדשים אדומים אורגני,אול אורגני,IL,עדשים אדומות אורגני 500 ג,גרמים,500.00,100 גרם,false,,12.90,0.0258,true,1,1159490
7290002333838,false,כוסמת אורגני הרדוף 5,אול אורגני,IL,כוסמת אורגני 500 גר' הרדו,גרמים,500.00,100 גרם,false,,9.90,0.0198,true,1,1159495
7290002360124,false,פומפדור חליטת צמחים ורד הבר והיביסקו חדש,TEEKANNE- POMPADOU,DE,פומפדור חליטת צמחים ורד ה,גרמים,70.00,100 גרם,false,,11.90,0.1700,true,1,1185538
7290002360155,false,חליטת תה פרחי שומר פומפדור 20 שקיקים,TEEKANNE- POMPADOU,DE,פומפדור חליטת צמחים שומר,גרמים,40.00,100 גרם,false,,11.90,0.2975,true,1,1185539
7290002360278,false,חליטת תה מנטה פומפדור 20 שקיקים,"איטיליאן פוד, אס.פי.",DE,פומפדור חליטת צמחים מנטה,גרמים,45.00,100 גרם,false,,11.90,0.2644,true,1,1185542
7290002360285,false,תה פומפדור חליטת צמחים קמומיל 20 שק,TEEKANNE- POMPADOU,DE,פומפדור חליטת צמחים קמומי,גרמים,30.00,100 גרם,false,,11.90,0.3967,true,1,1185543
7290002370734,false,צמות גבינה במי מלח 2,ארן גידה,TR,צמות גבינה במי מלח 2,קילוגרמים,1.00,"ק""ג",true,,44.50,44.5000,true,1,2108810
7290002371403,false,טירת צבי מארז זוגות 600 ג',טירת- צבי,IL,מארז זוגות 600 גר' טירת צ,גרמים,600.00,100 גרם,false,,24.90,0.0415,true,1,1187463
7290002371540,false,דקניקים קורנדביף 120 ג' טירת צבי,הנסיך- מפעל לייצור ט,IL,קורנדביף 120 גר' טירת מבי,גרמים,120.00,100 גרם,false,,12.90,0.1075,true,1,1187468
7290002371939,false,סרוולד בסגנון צרפתי דליקטיב 120 גרם,הנסיך- מפעל לייצור ט,IL,סרוולד בסגנון צרפתי 120 ג,גרמים,120.00,100 גרם,false,,23.90,0.1992,true,1,1187472
7290002373292,false,לחם דגנים קל 500 גרם,מאפיית השלום,IL,לחם דגנים קל,גרמים,500.00,100 גרם,false,,11.90,0.0238,true,1,1170980
7290002373506,false,לחם קמח מלא 750 גרם,מאפיית השלום,IL,לחם מקמח מלא 750 גרם,גרמים,750.00,100 גרם,false,,13.90,0.0185,true,1,1170981
7290002373513,false,לחם שיפון כפרי 750 ג,מאפיית השלום,IL,לחם שיפון 750 גרם,גרמים,750.00,100 גרם,false,,13.90,0.0185,true,1,1170982
7290002373544,false,לחם חיטה מלאה ללא שמ,מאפיית השלום,IL,לחם חיטה מלאה ללא שמרים,גרמים,750.00,100 גרם,false,,13.90,0.0185,true,1,1170985
7290002373568,false,לחם קל מקמח מלא 500,מאפיית השלום,IL,לחם חיטה מלאה קל 500 גרם,גרמים,500.00,100 גרם,false,,13.90,0.0278,true,1,1170987
7290002374268,false,שמן חמניות מילומור 1 ליטר,שמן תעשיות,IL,שמן חמניות מילומור 1 ליטר,ליטרים,1.00,ליטר,false,,11.90,11.9000,true,1,1184505
7290002374640,false,שמן קנולה פלוס אומגה 3 1 ליטר עץ הזית,שמן תעשיות,IL,"שמן קנולה פלוס אומגה 3 ""ע",ליטרים,1.00,ליטר,false,,16.50,16.5000,true,1,1224786
7290002385127,false,לבנה שמן זית וזעתר ב,מחלבות גד,IL,לאבנה 5% שמן זית וזעתר 2,קילוגרמים,1.00,"ק""ג",true,,41.00,41.0000,true,1,1175475
7290002385431,false,גבינה בולגרית 16% רכ,דשן,IL,בולגרית מסורתית בפח 16% ק,קילוגרמים,1.00,"ק""ג",true,,56.00,56.0000,true,1,1175477
7290002385455,false,גבינה בולגרית 24% במ,דשן,IL,בולגרית מעודנת 24% דלי 10,קילוגרמים,1.00,"ק""ג",true,,49.00,49.0000,true,1,1175478
7290002435112,false,רסק עגבניות 22% ויטה,מילוז(1989),IL,רוטב עגב. א- BX22 2ויטה,גרמים,570.00,100 גרם,false,,6.90,0.0121,true,1,1193791
7290002485025,false,סלט חומוס מסעדות בית,"סלטי שמיר 2006 בע""מ",IL,חומוס מסעדות 500 גרם,גרמים,500.00,100 גרם,false,,13.90,0.0278,true,1,1990893
7290002485049,false,סלט חומוס מסבחה ביתי,"סלטי שמיר 2006 בע""מ",IL,חומוס מסבחה 500,גרמים,500.00,100 גרם,false,,13.90,0.0278,true,1,1990894
7290002485063,false,סלט חומוס אבו גוש בי,"סלטי שמיר 2006 בע""מ",IL,חומוס אבו גוש 500,גרמים,500.00,100 גרם,false,,13.90,0.0278,true,1,1990895
7290002487364,false,שלושת האופים ב. פילו גבינה זיתים 700 גר לנדא,שלושת האופים שגמור,IL,בורקס פילו גבינה וזיתים,גרמים,700.00,100 גרם,false,,14.90,0.0213,true,1,1213685
7290002496557,false,תמר לח 500 גרם,,,תמר לח 500 גרם,גרמים,500.00,100 גרם,false,,9.90,0.0198,true,1,1166989
7290002502203,false,בורקס גבינה במשקל,בונז'ור,IL,בונז'ור בורקס גבינה,קילוגרמים,1.00,"ק""ג",true,,39.00,39.0000,true,1,1156064
7290002507604,false,פיצת השף מאיטליה 320 גר',האי נאם סי או אל.טי.,IT,פיצה שגב 320 גרם,גרמים,320.00,100 גרם,false,,13.90,0.0434,true,1,1534394
7290002512004,false,מלוואח צנעני 900 גרם,צנעני מוצרי בצק,IL,מלאווח צנעני 900גר,גרמים,900.00,100 גרם,false,,19.90,0.0221,true,1,1193793
7290002512011,false,צנעני גחנון 900 גרם,צנעני מוצרי בצק,IL,גחנון צנעני 900גר,גרמים,900.00,100 גרם,false,,19.90,0.0221,true,1,1193794
7290002512257,false,מלוואח מופחת שומן רו,צנעני,IL,מלווח מופחת שומן,גרמים,700.00,100 גרם,false,,14.90,0.0213,true,1,1193805
7290002512264,false,גחנון צנעני מופחת שו,צנעני,IL,ג'חנון מופחת שומן,גרמים,700.00,100 גרם,false,,14.90,0.0213,true,1,1193806
7290002515364,false,"ד""ר פישר - קמיל בלו אל סבון + מילוי 500 מ""ל",פישר מעבדות פרמצבטיו,IL,קמיל בלו קלאסיק משאב,מיליליטרים,500.00,"100 מ""ל",false,,16.90,0.0338,true,1,1988674
7290002515371,false,אל סבון קמיל בלו קלאסיק דר פישר 1 ל,הדקלאים אגודת שיתופי,IL,קמיל בלו קלאסיק ליטר,ליטרים,1.00,ליטר,false,,21.90,21.9000,true,1,1198313
7290002517269,false,תבלין פלפל שחור שלם 35ג',תות ממתקי איכות,IL,מיכל פל.שחור שלם 35 גר',גרמים,35.00,100 גרם,false,,7.90,0.2257,true,1,1197241
7290002517276,false,תבלין פלפל אנגלי שלם 25ג',תות ממתקי איכות,IL,מיכל קטן פ.אנגלי שלם 25גר,גרמים,25.00,100 גרם,false,,4.90,0.1960,true,1,1197242
7290002517337,false,תבלין אורגנו עלים 20 גר',"תבליני טעם וריח בע""מ",IL,שק.20 גר' אורגנו,גרמים,20.00,100 גרם,false,,4.90,0.2450,true,1,1197243
7290002517375,false,תבלין בזיליקום 30 גר' שק',"תבליני טעם וריח בע""מ",IL,שק.30 גר' בזיליקום,גרמים,30.00,100 גרם,false,,4.90,0.1633,true,1,1197244
7290002517566,false,תערובת תיבול לדג- 80 גרם,תות ממתקי איכות,IL,דג תערובת תיבול 80 גר',גרמים,80.00,100 גרם,false,,9.90,0.1238,true,1,1197253
7290002517580,false,תערובת תיבול לעוף - 80 גרם,תות ממתקי איכות,IL,עוף תערובת תיבול 80גר',גרמים,80.00,100 גרם,false,,9.90,0.1238,true,1,1197255
7290002517634,false,כוזברה 30 גר מיכל קט,תות ממתקי איכות,IL,מיכל קטן כוזברה 30גר',גרמים,30.00,100 גרם,false,,4.90,0.1633,true,1,1197257
7290002517733,false,תבלין קצח טעם וריח 4,תות ממתקי איכות,IL,מיכל קטן קצח 40גר',גרמים,40.00,100 גרם,false,,4.90,0.1225,true,1,1197259
7290002517801,false,תבלין צ'ילי כתוש - חריף (פלפל קיינה) 30 ג',"תבליני טעם וריח בע""מ",IL,מיכל קטן צ'ילי כתוש 30גר',גרמים,30.00,100 גרם,false,,4.90,0.1633,true,1,1197261
7290002517863,false,תבלין ציפורן טחון 80ג',"תבליני טעם וריח בע""מ",IL,מיכל קטן ציפורן טחון 40גר,גרמים,40.00,100 גרם,false,,7.90,0.1975,true,1,1197264
7290002542506,false,"בירה קורונה בקבוק 355מ""ל",קריניציה ויטמינה אס,MX,"בירה קורונה 355 מ""ל",מיליליטרים,355.00,"100 מ""ל",false,,9.90,0.0279,true,1,1351567
7290002542773,false,"בירה סטלה ארטואה בקבוק 330 מ""ל",סטלה,BE,בירה סטלה ארטואה -בק,מיליליטרים,330.00,"100 מ""ל",false,,9.90,0.0300,true,1,2046284
7290002542780,false,"שישייה בירה סטלה ארטואה בקבוק 330X6 מ""ל",סטלה,BE,בירה סטלה ארטואה -שי,ליטרים,1.98,ליטר,false,,34.90,17.6263,true,1,2046285
7290002542797,false,"בירה לף בלונד בקבוק 330 מ""ל",לף Leffe,BE,"בירה לף בלונד 330 מ""",מיליליטרים,330.00,"100 מ""ל",false,,6.90,0.0209,true,1,2046294
7290002542865,false,"שישייה בירה הוגרדן בקבוק 330X6 מ""ל",הוגרדן,BE,"בירה הוגרדן 330 מ""ל",ליטרים,1.98,ליטר,false,,39.90,20.1515,true,1,2046959
7290002551003,false,סטארקיסט טונה בשמן בודד 160ג',סטאר קיסט,,טונה סטארקיסט בשמן 1,גרמים,160.00,100 גרם,false,,6.90,0.0431,true,1,1157278
7290002551010,false,טונה סטארקיסט במים 160 גרם,"סטארקיסט פודור בע""מ",TR,טונה סטארקיסט במים 1,גרמים,160.00,100 גרם,false,,6.90,0.0431,true,1,1157279
7290002577492,false,"פילה דג הרינג מלוח בשמן, 340 גרם",מיוצר על ידי קוד יצר,IL,דג הרניג מלוח בשמן 2,גרמים,240.00,100 גרם,false,,24.90,0.1037,true,1,1995517
7290002581352,false,קרקר דגן מחיטה מלאה הדר 250 גרם,אפיפית נצרת,IL,קרקר דגן ללא סוכר 24/0.25,גרמים,250.00,100 גרם,false,,7.90,0.0316,true,1,1194567
7290002581536,false,הדר וופל נפוליטנה ללא סוכר 250 גרם,אפיפית נצרת,IL,ופל נאפוליטנה ללא סוכר 24,גרמים,250.00,100 גרם,false,,7.90,0.0316,true,1,1194568
7290002599029,false,תבליני יונה פפריקה מתוקה בשמן 80ג,תבליני יונה,IL,תבליני יונה,גרמים,80.00,100 גרם,false,,3.90,0.0487,true,1,1172179
7290002599036,false,פלפל לבן/שחור,תבליני יונה,IL,פלפל שחור 50 גר',גרמים,50.00,100 גרם,false,,4.90,0.0980,true,1,1172180
7290002599081,false,תבליני יונה תבלינים,תבליני יונה,IL,תבליני יונה 30 גר',גרמים,30.00,100 גרם,false,,3.90,0.1300,true,1,1172181
7290002599104,false,תבליני יונה תבלינים שונים.,תבליני יונה,IL,תבליני יונה 50 גר',גרמים,50.00,100 גרם,false,,3.90,0.0780,true,1,1172182
7290002599197,false,תבליני יונה פלפל שחור שלם 50גר,תבליני יונה,IL,שחור גרוס /פ.לבן 50 גר',גרמים,50.00,100 גרם,false,,4.90,0.0980,true,1,1172183
7290002603474,false,פיצה רוטב פטריות בטעם כמהין שגב 200 גר,סוילה אס.אר.אל,IT,פיצה השף מאיטליה CHE,גרמים,200.00,100 גרם,false,,12.90,0.0645,true,1,1633835
7290002608509,false,לחם מחמצת זיתי קלמנט,,,לחם מחמצת זיתי קלמטה,גרמים,500.00,100 גרם,false,,16.90,0.0338,true,1,1815965
7290002608516,false,לחם מחמצת מקמח מלא 5,פילסברי,,לחם מחמצת מקמח מלא (,גרמים,500.00,100 גרם,false,,16.90,0.0338,true,1,1815966
7290002627098,false,פיצה ביס 350 גרם שלושת האופים,שלושת האופים,IL,פיצה ביס שלושת האופי,גרמים,350.00,100 גרם,false,,12.90,0.0369,true,1,2097795
7290002628163,false,שומן כבש טרי,,,שומן כבש טרי,קילוגרמים,1.00,"ק""ג",true,,79.00,79.0000,true,1,1190556
7290002628439,false,עוף שלם טרי,,,עוף שלם טרי,קילוגרמים,1.00,"ק""ג",true,,19.90,19.9000,true,1,1190557
7290002661184,false,לחם אחיד פרוס 750 גרם,,,לחם אחיד כהה פרוס 75,גרמים,750.00,100 גרם,false,,6.90,0.0092,true,1,1170974
7290002674221,false,"אקווה פרש משחת שינים משאבה מנטה 100 מ""ל",גלקסו סמית קליין,GB,"אקוה פרש משאבה 100 מ""ל",מיליליטרים,100.00,"100 מ""ל",false,,15.90,0.1590,true,1,1192929
7290002692393,false,שמן קנולה מועשר1 ליטר-עץ הזית,שמן תעשיות,IL,"שמן קנולה מועשר 1 ליטר ""ע",ליטרים,1.00,ליטר,false,,15.90,15.9000,true,1,1184511
7290002692478,false,"שמן זית כתית מעולה קלאסי מעודן 750 מ""ל עץ הזית","מרקאולאו, ספרד.אבסה,",IT,שמן זית כתית מעולה מעודן,מיליליטרים,750.00,"100 מ""ל",false,,32.90,0.0439,true,1,1184514
7290002692768,false,"תרסיס קנולה מופחת קלוריות 200 מ""ל עץ הזית",טרנסומס פוד איי בי,IL,"תרסיס קנולה 200 מ""ל ""עץ-ה",מיליליטרים,200.00,"100 מ""ל",false,,12.90,0.0645,true,1,1184516
7290002692782,false,"תרסיס שמן זית כתית מעולה עץ הזית 150 מ""ל",י.ב טכנולוגיות אריזה,IL,"תרסיס זית 150 מ""ל ""עץ-הזי",מיליליטרים,150.00,"100 מ""ל",false,,12.90,0.0860,true,1,1184517
7290002730262,false,פלמוליב כלים שקוף קלאסי 750 בקבוק חדש,יבואן ומשווק: ש. שסט,GR,פלמוליב כלים שקוף קלאסי 7,מיליליטרים,750.00,"100 מ""ל",false,,9.90,0.0132,true,1,1185554
7290002730521,false,צימרוני אוזניים בלונס בקופסא 200 יח',ספטונה,GR,בלונס מקלות אוזניים 200 י,יח',200.00,יח',false,,5.90,0.0295,true,1,1185556
7290002730538,false,בלונס פדים להסרת איפור 80 יח',הנסיך- מפעל לייצור ט,GR,בלונס מסיר איפור 80 יח,יח',80.00,יח',false,,9.90,0.1238,true,1,1185557
7290002730675,false,"קולגייט משחת שיניים אדומה משפחתי 100 מ""ל",קולגייט פלמוליב,PL,קולגייט משחה אדומה משפחתי,מיליליטרים,100.00,"100 מ""ל",false,,10.90,0.1090,true,1,1185559
7290002730811,false,"קולגייט משחת שיניים ג'ל משפחתי 100מ""ל",הנסיך- מפעל לייצור ט,PL,קולגייט אדומה ג'ל חדש 100,מיליליטרים,100.00,"100 מ""ל",false,,15.90,0.1590,true,1,1185560
7290002730941,false,בלונס צמר גפן פרוס 100גר',הנסיך- מפעל לייצור ט,GR,בלונס צמר גפן 100 גרם,גרמים,100.00,100 גרם,false,,5.90,0.0590,true,1,1185564
7290002730958,false,פלמוליב סבון מוצק? ירוק זית רביעייה * 100 ג',הנסיך- מפעל לייצור ט,TR,פלמוליב סבון מוצק ירוק זי,גרמים,400.00,100 גרם,false,,16.90,0.0422,true,1,1185565
7290002750338,false,לחם רוסטיק עגבניות מ,פילסברי,,לחם רוסטיק עגבניות מ,גרמים,500.00,100 גרם,false,,14.90,0.0298,true,1,1815970
7290002752332,false,"סוכריות מנטוס פירות בגליל, 37.5 גרם",הדקלאים אגודת שיתופי,NL,מנטוס פירות בודד,גרמים,37.50,100 גרם,false,,3.00,0.0800,true,1,1173888
7290002752349,false,סוכריות מנטוס מנטה 40יח' בגליל 38ג',פרפטי ואן מלה,NL,מנטוס מנטה בודד,גרמים,37.50,100 גרם,false,,3.00,0.0800,true,1,1173889
7290002752493,false,רביעיה סוכריות מנטה 4* 16 ג' טיק טק,פררו,EC,סוכריות טיק-טק רביעי,גרמים,64.00,100 גרם,false,,9.90,0.1547,true,1,1173890
7290002753223,false,רביעייה סוכריות תפוז 4*16 ג' טיק טק,פררו,EC,סוכריות טיק-טק רביעי,גרמים,64.00,100 גרם,false,,9.90,0.1547,true,1,1173891
7290002757139,false,מלוואח 700 גר' שלושת האופים קהילות,שלושת האופים,IL,מלאווח 700 ג',גרמים,700.00,100 גרם,false,,12.90,0.0184,true,1,1219331
7290002757528,false,"בורקס פילו תפו""א 700גרם לנדא",שלושת האופים שגמור,IL,בורקס פילו תפוח אדמה,גרמים,700.00,100 גרם,false,,14.90,0.0213,true,1,1213686
7290002768036,false,"מי פה תיאדנט ענק מונע עששת 150מ""ל",אמיליה קוסמטיקס,IL,"מי פה תיאדנט 150מ""ל",מיליליטרים,150.00,"100 מ""ל",false,,14.90,0.0993,true,1,1190937
7290002768043,false,"תיאדנט מי-פה ענק פלאוריד 150 מ""ל",טרופיקל דגיל תעשיות,IL,מי פה תיאדנט+פלאוריד150מ,מיליליטרים,150.00,"100 מ""ל",false,,14.90,0.0993,true,1,1190938
7290002768074,false,דרמופון - סבון נוזלי 1 ליטר,"אמיליה קוסמטיקס בע""מ",IL,דרמפון סבון ללא סבון 1 ל,ליטרים,1.00,ליטר,false,,14.90,14.9000,true,1,1190939
7290002768159,false,"בת אורן סבון קצף לאמבט 500 מ""ל",פארק תעשיות עמק חפרמ,IL,בת אורן סבון נוזלי 500מל,מיליליטרים,500.00,"100 מ""ל",false,,18.90,0.0378,true,1,1190940
7290002769316,false,קראנץ שמרים 500 גרם,ר.כ עוגיות הזהב,IL,עוגת קראנץ 500 גרם,גרמים,500.00,100 גרם,false,,13.90,0.0278,true,1,1193353
7290002769347,false,עוגיות מובחרות בדלי --600-500 גרם,,IL,עוגיות מובחרות בדלי,גרמים,600.00,100 גרם,false,,14.90,0.0248,true,1,1193354
7290002769392,false,עוגיות אדל עבודת יד 300 גר',ר.כ עוגיות הזהב,IL,עוגיות פרימיום מיוחד,גרמים,250.00,100 גרם,false,,20.90,0.0836,true,1,1838169
7290002769514,false,עוגיות מובחרות 350 ג,ר.כ עוגיות הזהב,IL,עוגיות מובחרות 350 ג,גרמים,350.00,100 גרם,false,,10.90,0.0311,true,1,1273149
7290002769767,false,קצפות מובחרות אדל חלבי,דין שיווק,IL,עוגת גבינה במבחר טעמ,גרמים,600.00,100 גרם,false,,41.90,0.0698,true,1,1781807
7290002769910,false,עוגיות מיוחדות ללא סוכר 300 גר',מאפיית ישראל חיפה,IL,עוגיות ללא סוכר,גרמים,300.00,100 גרם,false,,10.90,0.0363,true,1,2019272
7290002771111,false,קפה עם הל 250 ג' אלנח'לה,מולינו ניקולי s.p.a,IL,קפה אלנח'לה 250 גרם,גרמים,250.00,100 גרם,false,,16.90,0.0676,true,1,1205074
7290002782131,false,"פנינה רוזנבלום - דאודורנט ספריי לאישה מס' 1 150 מ""ל",ביסקול תמרוקים,IL,דאודורנט פנינה מס 1,מיליליטרים,150.00,"100 מ""ל",false,,19.90,0.1327,true,1,1194476
7290002782735,false,"פנינה דאו' ספריי לגברים קלאסי, 150 מ""ל",ביסקול תמרוקים,IL,דאודורנט פנינה לגבר,מיליליטרים,180.00,"100 מ""ל",false,,15.90,0.0883,true,1,1194477
7290002782759,false,"פנינה קרם גוף רוזנבלום 400 מ""ל",א.ל ארמן,IL,קרם גוף פנינה מס 2,מיליליטרים,340.00,"100 מ""ל",false,,24.90,0.0732,true,1,1194479
7290002787884,false,"בורקס מקלות פילו תפו""א 3.האופים 600 ג'",שגמור,IL,מיני פילו תפוא 650 גר',גרמים,600.00,100 גרם,false,,14.90,0.0248,true,1,1254132
7290002805151,false,סיף פנטסטיק לרצפות בניחוח סחלבים 4ל',יוניליוור ישראל טיפו,IL,סיף רצפות סחלבים 4 ל,ליטרים,4.00,ליטר,false,,19.90,4.9750,true,1,1188125
7290002824183,false,גבינה לבנה 5% שומן 500 ג' שטראוס,מיוצר עי קונדיטוריית,IL,סקי משפחתי 5%,גרמים,500.00,100 גרם,false,,9.40,0.0188,true,1,1188662
7290002824466,false,יוגורט דנונה ביו 0% 200 גרם,"שטראוס בריאות בע""מ",IL,"דנונה ביו טבעי 0%, 200 גר",גרמים,200.00,100 גרם,false,,3.30,0.0165,true,1,1188663
7290002824640,false,גבינה שטראוס 5% 250 ג',מיוצר עי קונדיטוריית,IL,סקי 5% 250 גרם,גרמים,250.00,100 גרם,false,,4.70,0.0188,true,1,1188664
7290002825722,false,סלט כרוב אדום אחלה 5,מיוצר עי קונדיטוריית,IL,כרוב אדום 500,גרמים,500.00,100 גרם,false,,13.90,0.0278,true,1,1188666
7290002827320,false,נקניקיות מרגז קפוא גלאט הדר הבשר 400ג',,,נקניקיות עוף מרגז מה,גרמים,400.00,100 גרם,false,,19.90,0.0497,true,1,1171015
7290002827337,false,נקניקיות עוף פיקנטי חריף 400 מחפוד,,,נקניקיות עוף פיקנטי,גרמים,400.00,100 גרם,false,,7.90,0.0198,true,1,1171016
7290002842002,false,מורנפלייק שיבולת שועל 500 גרם הכנה מהירה,מורנינג פוד,GB,קווקר שיבולת שועל.,גרמים,500.00,100 גרם,false,,9.90,0.0198,true,1,1159161
7290002842163,false,טונה לבנה יולה 185 ג,יו.אס.איי וליו קו,TH,טונה יולה,גרמים,185.00,100 גרם,false,,10.90,0.0589,true,1,1159162
7290002842293,false,סרדין מינרבה חריף 120 גרם,יו.אס.איי וליו קו,,סרדינים בשמן חריף,גרמים,120.00,100 גרם,false,,4.90,0.0408,true,1,1159164
7290002842309,false,סרדין מינרבה בשמן 120 גרם,יו.אס.איי וליו קו,,סרדינים בשמן חמניות,גרמים,120.00,100 גרם,false,,4.90,0.0408,true,1,1159165
7290002842682,false,סרדין מינרווה בשמן ז,,,סרדין מינרווה בשמן ז,גרמים,120.00,100 גרם,false,,5.90,0.0492,true,1,1886025
7290002868996,false,קוטג' 5% מועשר טרה 250ג' מהדרין,טרה,IL,קוטג' 5% 250 גרם- נעמ,גרמים,250.00,100 גרם,false,,5.40,0.0216,true,1,1176150
7290002881056,false,סן מורנו מעדן משמש 2,,,מעדן משמש 100% פרי,גרמים,284.00,100 גרם,false,,12.90,0.0454,true,1,1186523
7290002881209,false,רסק תפוחי עץ דיאט 700 ג' תומר,,,רסק תפוחי-עץ דיאט 72,גרמים,720.00,100 גרם,false,,9.90,0.0138,true,1,1186529
7290002881261,false,"ליצ'י שלם 565 גרם ""תומר""",זהנגזהו אנגבה,CN,ליצי שלם,גרמים,567.00,100 גרם,false,,8.90,0.0157,true,1,2109606
7290002881407,false,נודלס אטריות ביצים דק תומר 400ג',אופאל,CN,נודלס דק 400 גרם.,גרמים,400.00,100 גרם,false,,6.90,0.0173,true,1,1186533
7290002881414,false,תומר-אטריות ביציםעבו,אופאל,CN,נודלס עבה-400 גרם.,גרמים,400.00,100 גרם,false,,6.90,0.0173,true,1,1186534
7290002881506,false,חמאת בוטנים 510 ג' תומר,,,חמאת בוטנים 500גרם,גרמים,510.00,100 גרם,false,,9.90,0.0194,true,1,1186537
7290002881933,false,סרדין מרוקאי במי מלח 125 גר' 25X,תומר,,סרדין מרוקאי במי מלח,גרמים,125.00,100 גרם,false,,5.90,0.0472,true,1,1186546
7290002881940,false,סרדינים מרוקאי בשמן חמניות 125ג' תומר,תומר,,סרדין מרוקאי בשמן,גרמים,125.00,100 גרם,false,,5.90,0.0472,true,1,1186547
7290002900092,false,סטייק בורגר 100% בקר,הנסיך- מפעל לייצור ט,IL,סטייק בורגר 400 גר',גרמים,400.00,100 גרם,false,,19.90,0.0497,true,1,1187474
7290002900207,false,המבורגר אמיתי 100% 400 גרם-תנובה,הנסיך- מפעל לייצור ט,IL,המבורגר אמיתי 100% 400 גר,גרמים,400.00,100 גרם,false,,19.90,0.0497,true,1,1187478
7290002900566,false,פסטרמה ברביקיו דל שומן טירת צבי 360 ג',הנסיך- מפעל לייצור ט,IL,"פסטרמה ברביקיו ד""ש 360 גר",גרמים,360.00,100 גרם,false,,26.90,0.0747,true,1,1187482
7290002921226,false,נוזל הזלין קרם לניקו,יעקובי,CH,הזלין-קרם /בקבוק,גרמים,250.00,100 גרם,false,,24.90,0.0996,true,1,1173162
7290002921240,false,"שמפוזר מסיר כתים משטיחים קרבונה, 650 מ""ל",קרבונה Carbona,MX,שמפוזר-קרבונה אדום,מיליליטרים,651.00,"100 מ""ל",false,,24.90,0.0382,true,1,1173164
7290002922117,false,עוגיות אקלר בטעמים ש,אקלר,,עוגיות אקלר פרמיום,גרמים,200.00,100 גרם,false,,22.90,0.1145,true,1,1937840
7290002925729,false,"גם וגם משחת שיניים כחול ומי פה בטעם פפרמינט 120 מ""ל","אמיליה קוסמטיקס בע""מ",IL,גם וגם כחול,גרמים,120.00,100 גרם,false,,14.90,0.1242,true,1,1190942
7290002925798,false,"גם וגם משחת שיניים ירוק מי פה לייט 120 מ""ל",אמיליה קוסמטיקס,IL,"משחה +מי פה ירוק 120מ""ל",גרמים,120.00,100 גרם,false,,14.90,0.1242,true,1,1190943
7290002929734,false,"גפילטעפיש קציצות מדגי קרפיון וכסיף 560 גר' העד""ח",דלידג,IL,גפילטע פיש 560 בדצ,גרמים,560.00,100 גרם,false,,12.90,0.0230,true,1,1259272
7290002954187,false,"אורז יסמין 5 ק""ג שוקחה",בני ג'ורג' שוקחה חיפ,IN,"אורז יסמין 5 ק""ג שקי",קילוגרמים,5.00,"ק""ג",false,,39.90,7.9800,true,1,1206146
7290002954477,false,"אורז עגול אוסטרלי 5 ק""ג סנוואיט",בני ג'ורג' שוקחה חיפ,IN,"אורז עגול 5 ק""ג",קילוגרמים,5.00,"ק""ג",false,,42.90,8.5800,true,1,1206148
7290002970606,false,מזלג יוקרתי שקוף 50,,,מזלג יוקרתי שקוף 50,100 יח',50.00,100 יח',false,,13.90,0.2780,true,1,1207207
7290002970736,false,כפית יוקרתי שקוף 50,,,כפית יוקרתי שקוף 50,100 יח',50.00,100 יח',false,,9.90,0.1980,true,1,1207209
7290003006021,false,קוביות גבינת פטה לסל,גבינות אמיר ניצן בעמ,IL,קוביות גבינת פטה לסל,קילוגרמים,1.00,"ק""ג",true,,69.00,69.0000,true,1,2105922
7290003009183,false,"סירופ דיאט תפוחים פריגת 750 מ""ל",סירופ - גבעת חיים,IL,סירופ דיאט תפוחים 750,מיליליטרים,750.00,"100 מ""ל",false,,22.90,0.0305,true,1,1182454
7290003009312,false,בוטן קלוי קלית גת 200 ג',הדקלאים אגודת שיתופי,IL,בוטן קלוי בשקית,גרמים,200.00,100 גרם,false,,5.90,0.0295,true,1,1173893
7290003009329,false,בוטן אמריקאי קלית גת 200 ג',הדקלאים אגודת שיתופי,IL,בוטן אמריקאי.,גרמים,200.00,100 גרם,false,,5.90,0.0295,true,1,1173894
7290003009336,false,קבוקים מצופים קליית,הדקלאים אגודת שיתופי,IL,קבוקים בשקית.,גרמים,200.00,100 גרם,false,,5.90,0.0295,true,1,1173895
7290003009596,false,"סירופ דיאט אשכוליות פריגת 750 מ""ל",סירופ - גבעת חיים,IL,סירופ דיאט אשכולית 750,מיליליטרים,750.00,"100 מ""ל",false,,22.90,0.0305,true,1,1182457
7290003009640,false,מיץ סחוט תפוזים 1 ל' פריגת,פריגת מצוננים,IL,סחוט תפוז1 ליטר,ליטרים,1.00,ליטר,false,,15.90,15.9000,true,1,1176151
7290003015627,false,ריצפז פרש 2 ליטר אפרסק מרכז,"סנו מפעלי ברונוס בע""",IL,סנו ריצפז פרש אפרסק2ליטר,ליטרים,2.00,ליטר,false,,17.90,8.9500,true,1,1167420
7290003015634,false,ריצפז פרש פסיפלורה 2 ליטר,סנו ריצפז,IL,סנו ריצפז פרש פסיפלורה2ל,ליטרים,2.00,ליטר,false,,17.90,8.9500,true,1,1167421
7290003015641,false,סנו ריצפז פרש 2 ליטר יסמין,סנו ריצפז,IL,סנו ריצפז פרש יסמין2ליטר,ליטרים,2.00,ליטר,false,,17.90,8.9500,true,1,1167422
7290003015672,false,סנו סופט מפיות צבעוניות חלקות 50 יח',סנו סופט,IL,מפיות אירוח סנו סושי50יח,יח',50.00,יח',false,,7.90,0.1580,true,1,1167423
7290003023196,false,"משקה יטבתה מוקה שקית 225 מ""ל",שטראוס גרופ,IL,שקית שוקו מוקה יטבתה,מיליליטרים,225.00,"100 מ""ל",false,,2.60,0.0116,true,1,1188669
7290003026029,false,"ד""ר פישר - קמיל בלו סנסיטיב שמפו אלדמע 500 מ""ל","ד""ר פישר Dr fischer",IL,קמיל בלו סנסיטיב אל דמע 5,מיליליטרים,500.00,"100 מ""ל",false,,17.90,0.0358,true,1,1198315
7290003026036,false,"ד""ר פישר - קמיל בלו סנסיטיב אל סבון עדין לתינוק 1 ליטר","ד""ר פישר Dr fischer",IL,קמיל בלו סנסיטיב אל סבון,ליטרים,1.00,ליטר,false,,24.90,24.9000,true,1,1198316
7290003026319,false,קמיל בלו סנסטיב משחה לתינוק 120 גרם,"ד""ר פישר Dr fischer",IL,קמיל בלו סנסיטיב משחה לתי,גרמים,120.00,100 גרם,false,,18.90,0.1575,true,1,1198320
7290003026401,false,פדיסול קרם טיפולי למ,"ד""ר פישר Dr fischer",IL,פדיסול קרם שפשפת,מיליליטרים,100.00,"100 מ""ל",false,,22.90,0.2290,true,1,1198321
7290003029181,false,משקה יטבתה שוקו' בקבוק 1ל מהדרין,שטראוס גרופ,IL,שוקו 1 ל בקבוק מהדרין,ליטרים,1.00,ליטר,false,,10.90,10.9000,true,1,1188672
7290003029389,false,"משקה חלב בננה פקק ספורט 250 מ""ל יוטבתה",שטראוס גרופ,IL,"בננה פקק 250 מ""ל מהדרין",מיליליטרים,250.00,"100 מ""ל",false,,4.90,0.0196,true,1,1188675
7290003029433,false,"משקה יטבתה שוקו פקק 250 מ""ל מהדרין",שטראוס גרופ,IL,שוקו פקק 250 מל מהדר,מיליליטרים,250.00,"100 מ""ל",false,,5.50,0.0220,true,1,1188677
7290003029617,false,יטבתה שמנת מנה אישית 15% 125מל,שטראוס גרופ,IL,שמנת מנה אישית 100 גרם- מ,גרמים,100.00,100 גרם,false,,1.90,0.0190,true,1,1188680
7290003029792,false,"משקה יטבתה שוקו שקיות מהדרין מארז 225X8מ""ל",שטראוס גרופ,IL,מארז 8 שקיות שוקו- מהדרין,מיליליטרים,1800.00,"100 מ""ל",false,,18.90,0.0105,true,1,1188681
7290003029815,false,חלב יוטבתה מועשר 3% בכד 2ל',שטראוס גרופ,IL,כד 2 ליטר חלב 3%- מהדרין,ליטרים,2.00,ליטר,false,,13.90,6.9500,true,1,1188682
7290003029884,false,"משקה יטבתה מוקה שקיות מארז 225X6מ""ל",שטראוס גרופ,IL,מארז 6 שקיות מוקה (חדש) מ,מיליליטרים,1350.00,"100 מ""ל",false,,14.90,0.0110,true,1,1188683
7290003031702,false,"נקניקיות הודו מחפוד וואקום 1 ק""ג טירת צבי",טירת- צבי,IL,"נקניקיות הודו 1 ק""ג",קילוגרמים,1.00,"ק""ג",false,,32.90,32.9000,true,1,1187483
7290003031740,false,טירתצבי פסטרמה בדבש קופ. מחפוד 400ג,טירת- צבי,IL,פסטרמה בדבש 400 גרם,גרמים,400.00,100 גרם,false,,34.90,0.0872,true,1,1187486
7290003031757,false,פסטרמה הודו בפפריקה טירת צבי 400 ג' מחפוד,טירת צבי,IL,פסטרמה בפפריקה 400 ג,גרמים,400.00,100 גרם,false,,34.90,0.0872,true,1,1187487
7290003031788,false,צמד כפרי סלמי+פסטרמה טירת צבי 400X2ג' מחפוד,טירת- צבי,IL,פסטרמה 400+400 מחפוד,גרמים,800.00,100 גרם,false,,34.90,0.0436,true,1,1187488
7290003047642,false,תה שחור יילו לייבל 100*1.5 ג' שקיק ליפטון,"יונילוור רוסייה בע""מ",RU,ליפטון תה שחור 1.5 גר,גרמים,150.00,100 גרם,false,,14.90,0.0993,true,1,1188128
7290003054190,false,מסטמכר לחם שיפון עם שלושה דגנים 500ג,מרום את קונפינו,DE,לחם שיפון דגנים 500,גרמים,500.00,100 גרם,false,,12.90,0.0258,true,1,1157282
7290003054206,false,מסטמכר לחם שיפון עם זרעי חמניות 500ג,מרום את קונפינו,DE,לחם שיפון חמניות 500,גרמים,500.00,100 גרם,false,,12.90,0.0258,true,1,1157283
7290003054220,false,מסטמכר לחם שיפון פומפרניקל 500ג,מסטמאכר ג'.אמ.בי.הי,DE,לחם שיפון 500 גרם.,גרמים,500.00,100 גרם,false,,12.90,0.0258,true,1,1157285
7290003054657,false,חרדל דיזון אקסטרה פורטה 370 גרם,מרום את קונפינו,FR,חרדל דיזון 370 גרם,גרמים,370.00,100 גרם,false,,10.90,0.0295,true,1,1157286
7290003060009,false,קמח בהיר טחנות ישראל,טחנות ישראליות,IL,קמח חיטה לבן בהיר,קילוגרמים,1.00,"ק""ג",false,,4.30,4.3000,true,1,1186424
7290003060023,false,"סולת חיטה 1 ק""ג אריזות ירושלים",טחנות ישראליות,IL,סולת חיטה,קילוגרמים,1.00,"ק""ג",false,,4.30,4.3000,true,1,1186426
7290003060047,false,קמח תופח טחנות ישראל,טחנות ישראליות,IL,קמח תופח,קילוגרמים,1.00,"ק""ג",false,,4.90,4.9000,true,1,1186428
7290003060276,false,קמח לבן מנופה 1 קג,,,קמח לבן מנופה 1 קג,קילוגרמים,1.00,"ק""ג",false,,6.90,6.9000,true,1,1555941
7290003060283,false,קמח מנופה תופח 1 קג,,,קמח מנופה תופח 1 קג,קילוגרמים,1.00,"ק""ג",false,,7.90,7.9000,true,1,1555942
7290003060290,false,קמח מלא מנופה 1 קג,,,קמח מלא מנופה 1 קג,קילוגרמים,1.00,"ק""ג",false,,7.90,7.9000,true,1,1555943
7290003060320,false,"קמח לחם וחלות מנופה טחנות ישראל 1 ק""ג",,,קמח ללחם וחלות מנופה,קילוגרמים,1.00,"ק""ג",false,,7.90,7.9000,true,1,1586044
7290003060344,false,"קמח חיטה לפיצה מנופה 1 ק""ג",,,קמח לפיצה בשקיות מנו,קילוגרמים,1.00,"ק""ג",false,,6.90,6.9000,true,1,1665827
7290003060351,false,קמח מלא 80% מנופה,,,קמח מלא 80% מנופה,קילוגרמים,1.00,"ק""ג",false,,6.90,6.9000,true,1,1665828
7290003069682,false,בצק פילאס קפוא 500 גרם שלושת האופים,שלושת האופים שגמור,IL,בצק פילאס 500 ג',גרמים,500.00,100 גרם,false,,14.90,0.0298,true,1,1213702
7290003070008,false,טחינה זהב 500 גרם,,,טחינה זהב 500 גרם,גרמים,500.00,100 גרם,false,,12.90,0.0258,true,1,1186511
7290003072804,false,פסטרמה של פעם טירת צ,טירת- צבי,IL,פסטרמה של פעם 200 גר,גרמים,200.00,100 גרם,false,,19.90,0.0995,true,1,1986568
7290003072811,false,נקניקיות בראטוורסט מבשר בקר והודו,טירת- צבי,IL,נקניקיות בראטוורסט,גרמים,320.00,100 גרם,false,,19.90,0.0622,true,1,1987042
7290003072828,false,נקניקיות פרנקפורטר מבשר בקר,טירת- צבי,IL,נקניקיות פרנקפורטר 3,גרמים,320.00,100 גרם,false,,19.90,0.0622,true,1,1987043
7290003072859,false,רוסטביף כתף בקר צלוי,הנסיך- מפעל לייצור ט,IL,רוסטביף ארוז 120 גרם,גרמים,120.00,100 גרם,false,,29.90,0.2492,true,1,1994875
7290003072965,false,קבנוס חריף מעושן טירת צבי 120 גרם,טירת- צבי,IL,חטיפי קבנוס חריף מעו,גרמים,120.00,100 גרם,false,,12.90,0.1075,true,1,2045909
7290003072972,false,קבנוס בתיבול מעושן טירת צבי 120 גרם,טירת- צבי,IL,חטיפי קבנוס בתיבול ש,גרמים,120.00,100 גרם,false,,12.90,0.1075,true,1,2045910
7290003078042,false,פרג אריסה חריפה 50ג,תבליני הדור השלישי,IL,אריסה,גרמים,250.00,100 גרם,false,,14.90,0.0596,true,1,1181936
7290003078066,false,שום כתוש פרג 250 גרם,תבליני הדור השלישי,IL,שום כתוש,גרמים,250.00,100 גרם,false,,14.90,0.0596,true,1,1181937
7290003078516,false,פלפל צומה פרג 250 גר,תבליני הדור השלישי,IL,פלפל צ'ומה,גרמים,250.00,100 גרם,false,,14.90,0.0596,true,1,1181941
7290003078721,false,פרג סחוג תימני אדום 250גר,תבליני הדור השלישי,IL,סחוג,גרמים,250.00,100 גרם,false,,14.90,0.0596,true,1,2135337
7290003078738,false,לימון בלאדי פרג 250,תבליני הדור השלישי,IL,לימון בלאדי,גרמים,250.00,100 גרם,false,,14.90,0.0596,true,1,1181947
7290003102068,false,צימרוני אוזניים מעץ 100 יח',יושלם,,צימרוני אוזניים 100,יח',100.00,יח',false,,1.50,0.0150,true,1,1169896
7290003102136,false,צמר גפן COTTON SOFT רפואי 100 גר' 3102136,הדקלאים אגודת שיתופי,TR,צמר גפן 100 גר',גרמים,100.00,100 גרם,false,,4.50,0.0450,true,1,1217164
7290003102587,false,מברשת לבקבוק+מברשת ל,N.L. Product,CN,מברשת לבקבוק,יחידה,0.00,יחידה,false,,4.90,0.0000,true,1,1169899
7290003102891,false,שקיות צליה הוסטס בקופסה 10יח',הוסטס,TR,שקיות צליה הוסטס 10,יח',10.00,יח',false,,4.90,0.4900,true,1,1217035
7290003102976,false,צימרוני אוזניים בקופסה/בכוס/אוולי 200 יח,הדקלאים אגודת שיתופי,CN,צמרוני אוזנים קופסא,יח',200.00,יח',false,,3.90,0.0195,true,1,1169904
7290003126712,false,"משק צוריאל יוגורט עיזים 3% ביו 140מ""ל",מחלבת משק צוריאל,IL,"יוגורט עיזים בגביע-140 מ""",גרמים,150.00,100 גרם,false,,5.90,0.0393,true,1,1176156
7290003127023,false,שקיות אוכל בקופסא זו,,,שקיות אוכל בקופסא זו,יח',300.00,יח',false,,9.90,0.0330,true,1,1200480
7290003127436,false,שקיות בגליל 75/90 50,,,שקיות בגליל 75/90 50,יח',50.00,יח',false,,19.90,0.3980,true,1,1200483
7290003127467,false,שקיות אשפה 75/90 שרו,,,שקיות אשפה 75/90 שרו,יח',20.00,יח',false,,19.90,0.9950,true,1,1200484
7290003127559,false,"מפה חגיגית 24 מ""ר פר",,,"מפה חגיגית 24 מ""ר פר","מ""ר",24.00,"מ""ר",false,,14.90,0.6208,true,1,1200485
7290003127771,false,מפה 45 מטר בגליל שקו,,,מפה 45 מטר בגליל שקו,"מ""ר",45.00,"מ""ר",false,,39.90,0.8867,true,1,1200487
7290003127788,false,שקיות אשפה 52/65 שרו,,,שקיות אשפה 52/65 שרו,יח',60.00,יח',false,,19.90,0.3317,true,1,1200488
7290003127993,false,שקיות סנדוויץ נקשרות,,,שקיות סנדוויץ נקשרות,יח',100.00,יח',false,,7.90,0.0790,true,1,1226513
7290003140237,false,סילאן לחיץ קליית גת 360 גרם,ליימן מותגים,IL,סילאן לחיץ 350 גרם,גרמים,350.00,100 גרם,false,,9.90,0.0283,true,1,1247548
7290003142361,false,הוטפופ מתוק/מלוח 5 שקיות 500 ג',הוט פופ,US,פופקורן מתוק מלוח הו,גרמים,500.00,100 גרם,false,,16.90,0.0338,true,1,1989133
7290003142422,false,גרעיני חמניה בשקית ללא מלח קליית גת 180 גרם,"ג'י אנד ג'י בע""מ",IL,גרעיני חמניה בשקית ללא מל,גרמים,180.00,100 גרם,false,,5.90,0.0328,true,1,1173917
7290003142477,false,ערמונים קלופים וקלויים 100 גרם,הדקלאים אגודת שיתופי,IL,ערמונים קלופים וקלויים 10,גרמים,100.00,100 גרם,false,,5.90,0.0590,true,1,1173918
7290003143139,false,סילאן תמרים קלית גת 900 ג',"טעמי הגליל בע""מ",IL,סילאן 900 גרם,גרמים,900.00,100 גרם,false,,12.90,0.0143,true,1,1591718
7290003143146,false,ממרח תמרים קליית גת 450 גרם,הדקלאים אגודת שיתופי,IL,ממרח תמרים 450 גרם,גרמים,450.00,100 גרם,false,,4.90,0.0109,true,1,1173925
7290003144310,false,תערובת אגוזים וחמוציות קליית גת 150 גרם,ליימן מותגים,IL,תערובת אגוזים וחמוצי,גרמים,150.00,100 גרם,false,,14.90,0.0993,true,1,2044161
7290003189076,false,פיצרלה מגורדת אישית 500 גרם,צי תעשיות מזון יבנה,IL,פיצרלה 500גר.,גרמים,500.00,100 גרם,false,,19.90,0.0398,true,1,1174292
7290003189199,false,צהובה טובה חריפה במש,צי תעשיות מזון יבנה,IL,בסיגנון גבינה חריפה.,קילוגרמים,1.00,"ק""ג",true,,35.00,35.0000,true,1,1174297
7290003189205,false,צהובה טובה לייט קלאסית 9% 200 גר,,,הצהובה הטובה 9% קלאס,גרמים,200.00,100 גרם,false,,11.90,0.0595,true,1,1174298
7290003189267,false,צהובה טובה 5% קלאסית 200 גר,צי תעשיות מזון יבנה,IL,צהובה טובה 5% קלאסית,גרמים,200.00,100 גרם,false,,13.90,0.0695,true,1,1174302
7290003189274,false,מעושנת בסיגנון גבינה,צי תעשיות מזון יבנה,IL,מעושנת בסיגנון גבינה,קילוגרמים,1.00,"ק""ג",true,,35.00,35.0000,true,1,1174303
7290003189557,false,צהובה טובה מעושנת 5% 200גר,,,צהובה טובה 5% מעושן.,גרמים,200.00,100 גרם,false,,13.90,0.0695,true,1,1174310
7290003208531,false,"וויסקי קינג רוברט 700 מ""ל",,,וויסקי קינג רוברט,מיליליטרים,700.00,"100 מ""ל",false,,69.90,0.0999,true,1,1626378
7290003208586,false,"וורמוט מרטיני לבן 750 מ""ל",מרטיני ורוסי,IT,מרטיני ביאנקו.,מיליליטרים,750.00,"100 מ""ל",false,,44.90,0.0599,true,1,1626379
7290003212965,false,עוגיות רוגלך הזהב במארז 400 גר',ר.כ עוגיות הזהב,IL,מאפה שמרים 400 גר',גרמים,400.00,100 גרם,false,,9.90,0.0248,true,1,1225187
7290003220595,false,"ווק אורז לסושי 1 ק""ג WOK","מיה תעשיות מזון בע""מ",IL,"ווק אורז לסושי 1ק""ג",קילוגרמים,1.00,"ק""ג",false,,10.90,10.9000,true,1,1226164
7290003220724,false,צופ-סטיקס חד פעמי 20,קוסומאי במבוק,,מקלות סושי WOK,יחידה,0.00,יחידה,false,,5.90,0.0000,true,1,1226170
7290003220878,false,רוטב מירין לתיבול סו,דיאמונד פריזרוד פודס,TH,ווק רוטב מירין לתיבול 500,מיליליטרים,500.00,"מ""ל",false,,19.90,0.0398,true,1,1226188
7290003222049,false,פיתות ביס קמח מלא אפ,מאפיית המכבים,IL,מארז 12 פיתות ביס מק,גרמים,600.00,100 גרם,false,,10.90,0.0182,true,1,1182126
7290003222070,false,פיתה עבודת יד 13 יח,מאפיית המכבים,IL,מארז פיתות 13 יח,גרמים,1360.00,100 גרם,false,,9.90,0.0073,true,1,1182127
7290003222094,false,מארז פיתות ביס עבודת,מאפיית טעמי הכפר,IL,מארז פיתות ביס עבודת,גרמים,550.00,100 גרם,false,,10.00,0.0182,true,1,1182128
7290003222568,false,פיתות המכבים 5 יח,מאפיית המכבים,IL,מארז 5 פיתות.,גרמים,500.00,100 גרם,false,,4.90,0.0098,true,1,1182130
7290003222742,false,מארז 10 פיתות תמניות,מאפיית המכבים,IL,מארז 10 פיתות תמניות,גרמים,1000.00,100 גרם,false,,10.90,0.0109,true,1,1182131
7290003222780,false,פיתות קמח מלא המכבים,מאפיית המכבים,IL,מארז 5 פיתות כפריות,גרמים,500.00,100 גרם,false,,4.90,0.0098,true,1,1182132
7290003227990,false,"חלאבילין קרם דאודורנט לאישה, 10 ג'",General,,חלאבלין לאישה,גרמים,10.00,100 גרם,false,,39.90,3.9900,true,1,1175362
7290003229116,false,פסטרמה בדבש 400 גרםטירת צבי,הנסיך- מפעל לייצור ט,IL,פסטרמה בדבש 400 גרם טירת,גרמים,400.00,100 גרם,false,,26.90,0.0672,true,1,1187491
7290003229123,false,פסטרמה על גחלים 400 גרםטירת צבי,הנסיך- מפעל לייצור ט,IL,פסטרמה גחלים 400 גרם טיר,גרמים,400.00,100 גרם,false,,26.90,0.0672,true,1,1187492
7290003229147,false,נקניק סלמי איטלקי טירת צבי 300 ג',הנסיך- מפעל לייצור ט,IL,סלמי בסגנון איטלקי 300 גר,גרמים,300.00,100 גרם,false,,24.90,0.0830,true,1,1187493
7290003229154,false,סלמי קוניאק מובחר טירת צבי 300 ג',הנסיך- מפעל לייצור ט,IL,סלמי קוניאק 300 גרם טירת,גרמים,300.00,100 גרם,false,,24.90,0.0830,true,1,1187494
7290003229192,false,כתף בקר מעושן טירת צבי 400 ג' צבי,טיב טירת צבי 2000,IL,כתף בקר מעושן 400 גרם טיר,גרמים,400.00,100 גרם,false,,34.90,0.0872,true,1,1187497
7290003229208,false,פסטרמה ספרדית 2% טירת צבי 360 ג',טירת- צבי,IL,פסטרמה בסגנון ספרדי 360 ג,גרמים,360.00,100 גרם,false,,26.90,0.0747,true,1,1187498
7290003229215,false,פסטרמה איטלקית טירת צבי 360 ג',טירת- צבי,IL,פסטרמה בסגנון איטלקי 360,גרמים,360.00,100 גרם,false,,26.90,0.0747,true,1,1187499
7290003229222,false,סלמי תה משובח 300 גרטירת צבי,הנסיך- מפעל לייצור ט,IL,סלמי תה 300 גר' טירת צבי,גרמים,300.00,100 גרם,false,,22.90,0.0763,true,1,1229111
7290003251063,false,"שעווה טבעית 500 סמ""ק פח",ש.שוורץ,IL,שעווה דבש שוורץ פח,גרמים,500.00,100 גרם,false,,9.90,0.0198,true,1,1175653
7290003251070,false,שעווה טבעית למיקרו שוורץ 500גר,ש.שוורץ,IL,ש.טבעית דבש לגוף 500 מיקר,גרמים,500.00,100 גרם,false,,9.90,0.0198,true,1,1175654
7290003251087,false,שעווה טבעית לפנים שוורץ בגוש 100גר,שוורץ,IL,"שעווה גוש לפנים 100 סמ""ק",גרמים,100.00,100 גרם,false,,8.90,0.0890,true,1,1175655
7290003251186,false,"מסיר לק ריחני 150 סמ""ק (צבעים)",ש.שוורץ,IL,"מסיר לק 150 סמ""ק",מיליליטרים,150.00,"100 מ""ל",false,,5.90,0.0393,true,1,1175657
7290003251797,false,"תחליב חמצן 9% 500 מ""",שוורץ,IL,"תח' חמ % 9 500 סמ""ק",מיליליטרים,500.00,"100 מ""ל",false,,9.90,0.0198,true,1,1175665
7290003251933,false,"תחליב חמצן 6% 500 מ""",שוורץ,IL,"תח' חמ % 6 500 סמ""ק",מיליליטרים,500.00,"100 מ""ל",false,,9.90,0.0198,true,1,1175668
7290003258291,false,דאודורנט פנינה מס 3,ביסקול תמרוקים,IL,דאודורנט פנינה מס 3,מיליליטרים,150.00,"100 מ""ל",false,,15.90,0.1060,true,1,1194481
7290003258406,false,"פנינה וואקס בריליאנטין לשיער 100 מ""ל",א.ארמן,IL,ווקס לשיער פנינה,מיליליטרים,100.00,"100 מ""ל",false,,14.90,0.1490,true,1,1194482
7290003258499,false,מוס לשיער,שולמית קוסמטיקה,IL,מוס לשיער,מיליליטרים,200.00,"100 מ""ל",false,,18.90,0.0945,true,1,1194483
7290003319114,false,צנצנת 6 קציצות,דג טעים,IL,צנצנת 6 מנות-גולד-מיוחד,גרמים,670.00,100 גרם,false,,18.90,0.0282,true,1,1155437
7290003319138,false,גפילטע פיש 6 קציצות הדג המיוחד 540 ג' PL,דג טעים,IL,צנצנת 6 קציצות-PL,גרמים,570.00,100 גרם,false,,14.90,0.0261,true,1,1155439
7290003319145,false,"גפילטפיש כשל""פ גדולה",דג טעים בעמ,IL,צנצנת 8 מנות-מיוחד,גרמים,700.00,100 גרם,false,,16.90,0.0241,true,1,1155440
7290003319428,false,צנצנת 6 יח גפילטעפיש,דג טעים,IL,צנצנת 6 מנות-מיוחד,גרמים,610.00,100 גרם,false,,15.90,0.0261,true,1,1155445
7290003321155,false,יוגורט בר עם פקאן מצופה שוקולד 183 ג' דנונה,"שטראוס בריאות בע""מ",IL,בר פקאן בודד – מקט החזרות,גרמים,183.00,100 גרם,false,,4.50,0.0246,true,1,1188685
7290003387410,false,בלונס פדים להסרת איפור שלישייה,SEPTONA S.A.,GR,בלונס מסיר איפור שלשות,יח',3.00,יח',false,,18.90,6.3000,true,1,1185570
7290003400500,false,חטיף הרשי ריזס נאטרייגיס 47 גרם,ליימן מותגים,US,חטיף ריסס נאטרייגס 47 גרם,גרמים,47.00,100 גרם,false,,3.90,0.0830,true,1,1173946
7290003401369,false,"קרם לחות ועיצוב לשיער חוחובה נטורל 400 מ""ל",מיוצר עי אמיליה קוסמ,IL,קרם לחות לשיער חוחובה400,מיליליטרים,400.00,"100 מ""ל",false,,17.90,0.0447,true,1,1190945
7290003401376,false,"קרם לחות ועיצוב לשיער אלוורה נטורל 400 מ""ל",מיוצר עי אמיליה קוסמ,IL,קרם לחות אלוורה לשיער400,מיליליטרים,400.00,"100 מ""ל",false,,17.90,0.0447,true,1,1190946
7290003401420,false,"קרם לחות לשיער סיליקון כתום נטורל 400 מ""ל",מיוצר עי אמיליה קוסמ,IL,ק.לחות סיליקון לשיער400מ,מיליליטרים,400.00,"100 מ""ל",false,,17.90,0.0447,true,1,1190947
7290003402809,false,חטיף הרשי ריזס שוקולד לבן 39 גר,ליימן מותגים,US,חטיף שוקולד לבן במיל,גרמים,39.00,100 גרם,false,,4.90,0.1256,true,1,1890643
7290003409044,false,"בקר טחון 1 ק""ג ארוז",,,"בקר טחון 1 ק""ג ארוז",גרמים,1000.00,100 גרם,false,,39.90,0.0399,true,1,1206046
7290003409068,false,בורגר בקר משפחתי 2 ק,,,בורגר בקר משפחתי 2 ק,גרמים,2000.00,100 גרם,false,,49.90,0.0249,true,1,1206048
7290003409099,false,בשר בקר לחמין,,,בשר בקר לחמין,קילוגרמים,1.00,"ק""ג",true,,39.90,39.9000,true,1,1206051
7290003409105,false,בורגר אנטריקוט 500 ג,,,בורגר אנטריקוט 500 ג,גרמים,500.00,100 גרם,false,,34.90,0.0698,true,1,1206052
7290003409198,false,פילה אמנון 7/9 עם עו,,,פילה אמנון 7/9 עם עו,קילוגרמים,1.00,"ק""ג",true,,29.90,29.9000,true,1,1195523
7290003409211,false,פילה לברק מעדני הים,,,פילה לברק מעדני הים,קילוגרמים,1.00,"ק""ג",true,,39.90,39.9000,true,1,1206061
7290003409365,false,סטייק עין 800 גרם,,,סטייק עין 800 גרם,גרמים,800.00,100 גרם,false,,79.00,0.0988,true,1,1206067
7290003409372,false,סטייק בורגר פרימיום,,,סטייק בורגר פרימיום,גרמים,500.00,100 גרם,false,,34.90,0.0698,true,1,1209657
7290003409389,false,בורגר עוף 400 גרם,,,בורגר עוף 400 גרם,גרמים,400.00,100 גרם,false,,19.90,0.0497,true,1,1206068
7290003409396,false,קבב עוף 400 גרם,,,קבב עוף 400 גרם,גרמים,400.00,100 גרם,false,,19.90,0.0497,true,1,1206069
7290003409402,false,פילה סלמון נורבגי קפ,,,פילה סלמון נורבגי קפ,קילוגרמים,1.00,"ק""ג",true,,79.90,79.9000,true,1,1195524
7290003409426,false,שווארמה הודו מתובלת,,,שווארמה הודו מתובלת,גרמים,500.00,100 גרם,false,,29.90,0.0598,true,1,1208928
7290003409433,false,נקניקיות מרגז עוף 50,,,נקניקיות מרגז עוף 50,גרמים,500.00,100 גרם,false,,19.90,0.0398,true,1,1208946
7290003409655,false,פילה אמנון 7-9 ללא ע,,,פילה אמנון 7-9 ללא ע,קילוגרמים,1.00,"ק""ג",true,,39.90,39.9000,true,1,1361763
7290003409662,false,נקניקיות מרגז עגל חל,,,נקניקיות מרגז עגל חל,גרמים,500.00,100 גרם,false,,29.90,0.0598,true,1,1423066
7290003409686,false,פילה סלמון מנות מעדנ,,,פילה סלמון מנות מעדנ,גרמים,600.00,100 גרם,false,,49.90,0.0832,true,1,1585807
7290003409693,false,נקניקיות מיני מרגז ע,,,נקניקיות מיני מרגז ע,גרמים,500.00,100 גרם,false,,29.90,0.0598,true,1,1577068
7290003409785,false,חזה בקר בשר מס' 3,,,חזה בקר בשר מס' 3,קילוגרמים,1.00,"ק""ג",true,,29.90,29.9000,true,1,1586288
7290003409808,false,צלעות עגל בשר מס' 2,,,צלעות עגל בשר מס' 2,קילוגרמים,1.00,"ק""ג",true,,39.90,39.9000,true,1,1601033
7290003409907,false,קבב ג'מבו רומני 500,,,קבב ג'מבו רומני 500,גרמים,500.00,100 גרם,false,,29.90,0.0598,true,1,1884900
7290003409938,false,קבב ג'מבו מזרחי 500,,,קבב ג'מבו מזרחי 500,גרמים,500.00,100 גרם,false,,29.90,0.0598,true,1,1884903
7290003409952,false,כנפיים עוף חצוי קפוא,,,כנפיים עוף חצוי קפוא,קילוגרמים,1.00,"ק""ג",true,,9.90,9.9000,true,1,2018347
7290003409969,false,סינטה דק דק 250 גרם,,,סינטה דק דק 250 גרם,גרמים,250.00,100 גרם,false,,24.90,0.0996,true,1,1978704
7290003409976,false,בורגר מסעדות 500 גרם,מעדני הגליל,,בורגר מסעדות 500 גרם,גרמים,500.00,100 גרם,false,,29.90,0.0598,true,1,2010750
7290003411054,false,שקיות צליה גדול דליקטס רוסטי הנמל 5יח`,סאדאת איסטנבול,TR,שקיות לצליה גדול,יח',5.00,יח',false,,4.90,0.9800,true,1,1169226
7290003411566,false,צמרוני אזניים עץ הנמ,שוורצקוף& הנקל דיסלד,CN,צמרוני עץ לאוזנים,יח',200.00,יח',false,,1.90,0.0095,true,1,1169238
7290003411726,false,קיסמי שיניים מלחיה הנמל 300יח',הנמל אריזות ושיווק ב,IL,קיסמי מלחיה 300 יח,יח',300.00,יח',false,,2.90,0.0097,true,1,1169242
7290003411832,false,גרנולה אגוזים 400 ג' הנמל,הנמל/ שבולת בשדה,IL,גרנולה אגוזים.,גרמים,400.00,100 גרם,false,,9.90,0.0248,true,1,1169244
7290003411856,false,"גרנולה תפו""ע וקינמון 400 ג'",,,גרנולה תפוחי עץ.,גרמים,400.00,100 גרם,false,,9.90,0.0248,true,1,1169246
7290003411948,false,צמר גפן הנמל 100 גרם,הנמל,TR,צמר-גפן,גרמים,100.00,100 גרם,false,,3.90,0.0390,true,1,1169247
7290003411993,false,גפרורים הנמל 10 יחיד,"איטיליאן פוד, אס.פי.",SE,גפרורים 10 יחידות,יח',10.00,יח',false,,2.00,0.2000,true,1,1169248
7290003415076,false,עצמות עגל קפוא ארוז,,,עצמות עגל קפוא ארוז,קילוגרמים,1.00,"ק""ג",true,,19.90,19.9000,true,1,1206070
7290003415120,false,סטייק אנטריקוט דק דק,,,סטייק אנטריקוט דק דק,גרמים,250.00,100 גרם,false,,24.90,0.0996,true,1,1248388
7290003415229,false,שומן כבש,,,שומן כבש,קילוגרמים,1.00,"ק""ג",true,,69.90,69.9000,true,1,1206071
7290003415564,false,גרון עוף ארוז,,,גרון עוף ארוז,קילוגרמים,1.00,"ק""ג",true,,3.90,3.9000,true,1,1206089
7290003415625,false,שיפודי פרגיות קפוא א,,,שיפודי פרגיות קפוא א,קילוגרמים,1.00,"ק""ג",true,,59.90,59.9000,true,1,1206092
7290003415632,false,סטייק פרגיות קפוא אר,,,סטייק פרגיות קפוא אר,קילוגרמים,1.00,"ק""ג",true,,69.90,69.9000,true,1,1206093
7290003415656,false,עדשים שחורות 500 גרם,,,עדשים שחורות 500 גרם,גרמים,500.00,100 גרם,false,,7.90,0.0158,true,1,1180829
7290003415663,false,עוף טחון קפוא 500 גר,,,עוף טחון קפוא 500 גר,גרמים,500.00,100 גרם,false,,14.90,0.0298,true,1,1206094
7290003415724,false,סטייק עוף ארוז קפוא,,,סטייק עוף ארוז קפוא,קילוגרמים,1.00,"ק""ג",true,,21.90,21.9000,true,1,1206100
7290003415731,false,כבד עגל קפוא ארוז,,,כבד עגל קפוא ארוז,קילוגרמים,1.00,"ק""ג",true,,14.90,14.9000,true,1,1206101
7290003415762,false,רוסטביף קפוא ארוז,,,רוסטביף קפוא ארוז,קילוגרמים,1.00,"ק""ג",true,,49.90,49.9000,true,1,1206103
7290003415809,false,אצבעות אנטריקוט מעדנ,,,אצבעות אנטריקוט מעדנ,קילוגרמים,1.00,"ק""ג",true,,59.90,59.9000,true,1,1206105
7290003415847,false,נקניקיות מרגז 500 גר,,,נקניקיות מרגז 500 גר,גרמים,500.00,100 גרם,false,,29.90,0.0598,true,1,1206107
7290003415854,false,נקניקיות צ'וריסוס 50,,,נקניקיות צ'וריסוס 50,גרמים,500.00,100 גרם,false,,29.90,0.0598,true,1,1206108
7290003415885,false,קישקע קפוא ארוז 500,,,קישקע קפוא ארוז 500,גרמים,500.00,100 גרם,false,,19.90,0.0398,true,1,1206110
7290003415922,false,טבעות בקר קפוא ארוז,,,טבעות בקר קפוא ארוז,קילוגרמים,1.00,"ק""ג",true,,59.00,59.0000,true,1,1206114
7290003415977,false,סטייק אנטריקוט דרום,,,סטייק אנטריקוט דרום,קילוגרמים,1.00,"ק""ג",true,,79.90,79.9000,true,1,1206119
7290003415984,false,שניצל בקר קפוא ארוז,,,שניצל בקר קפוא ארוז,קילוגרמים,1.00,"ק""ג",true,,69.90,69.9000,true,1,1206120
7290003415991,false,כתף עגל בשר מס' 4,,,כתף עגל בשר מס' 4,קילוגרמים,1.00,"ק""ג",true,,49.90,49.9000,true,1,1656732
7290003423909,false,חטיף הרשי קוקיס קרם לבן 43 גרם,ליימן מותגים,US,קוקיז אנד קרים הרשי 43 גר,גרמים,43.00,100 גרם,false,,4.90,0.1140,true,1,1173947
7290003438006,false,ממרח אולביה פסטו וצנובר איטלקי 190ג',מיוצר עי קונדיטוריית,IL,פסטו איטלקי,גרמים,180.00,100 גרם,false,,12.90,0.0717,true,1,1159517
7290003438013,false,ממרח זיתים ירוקים אוליביה 190 גרם,אוליביה,IL,ממרח זיתים ירוקים,גרמים,190.00,100 גרם,false,,12.90,0.0679,true,1,1159518
7290003438020,false,ממרח עגבניות מיובשות אוליביה 190 גר,מיוצר עי קונדיטוריית,IL,ממרח עגבניות מיובשות,גרמים,190.00,100 גרם,false,,12.90,0.0679,true,1,1159519
7290003438709,false,ממרח אולביה זיתים שחורים וירוקים 190 ג',גוד פוד פרודקטס S.p,IL,ממרח זיתים,גרמים,190.00,100 גרם,false,,12.90,0.0679,true,1,1159529
7290003444009,false,חטיף הרשי ריזס שוקולד חלב 42 גר,ליימן מותגים,US,חטיף ריזס שוקולד חלב 42,גרמים,42.00,100 גרם,false,,3.90,0.0929,true,1,1173949
7290003450602,false,חרדל אמיתי צהוב בקבוק לחיץ 255 גר,היינץ צפון אמריקה מק,US,חרדל אמיתי לחיץ 255,גרמים,255.00,100 גרם,false,,7.90,0.0310,true,1,1157292
7290003458035,false,גולש ללא תוספים,,,גולש ללא תוספים,קילוגרמים,1.00,"ק""ג",true,,49.90,49.9000,true,1,2049676
7290003458059,false,עצם ברך בקר,,,עצם ברך בקר,קילוגרמים,1.00,"ק""ג",true,,29.90,29.9000,true,1,2085990
7290003458066,false,פילה מדומה מס.6 קפוא,,,פילה מדומה מס.6 קפוא,קילוגרמים,1.00,"ק""ג",true,,49.90,49.9000,true,1,2096013
7290003475124,false,עננים צמר גפן 100 גרם,SEPTONA S.A,GR,עננים צמר גפן 100 גרם,גרמים,100.00,100 גרם,false,,5.90,0.0590,true,1,1185571
7290003485017,false,קווקר דק 500 גרם.,,,קווקר דק 500 גרם.,גרמים,500.00,100 גרם,false,,4.90,0.0098,true,1,1191501
7290003485024,false,קווקר עבה 500 גרם.,,,קווקר עבה 500 גרם.,גרמים,500.00,100 גרם,false,,4.90,0.0098,true,1,1191502
7290003485031,false,בורגול עבה 500 גרם.,,,בורגול עבה 500 גרם.,גרמים,500.00,100 גרם,false,,4.90,0.0098,true,1,1180830
7290003485048,false,כוסמת קלויה 500 גרם.,,,כוסמת קלויה 500 גרם.,גרמים,500.00,100 גרם,false,,5.90,0.0118,true,1,1180831
7290003485055,false,"אורז תאילנדי 1 ק""ג",,,"אורז תאילנדי 1 ק""ג",קילוגרמים,1.00,"ק""ג",false,,8.90,8.9000,true,1,1180832
7290003485123,false,חזה עוף קפוא ארוז,,,חזה עוף קפוא ארוז,קילוגרמים,1.00,"ק""ג",true,,19.90,19.9000,true,1,1206122
7290003485147,false,"אורז יסמין 1 ק""ג",,,"אורז יסמין 1 ק""ג",קילוגרמים,1.00,"ק""ג",false,,9.90,9.9000,true,1,1176065
7290003485161,false,כרעיים עוף קפוא ארוז,,,כרעיים עוף קפוא ארוז,קילוגרמים,1.00,"ק""ג",true,,24.90,24.9000,true,1,1206123
7290003485192,false,"אורז בסמטי 1 ק""ג",,,"אורז בסמטי 1 ק""ג",קילוגרמים,1.00,"ק""ג",false,,9.90,9.9000,true,1,1180833
7290003485208,false,"אורז פלא 1 ק""ג",,,"אורז פלא 1 ק""ג",קילוגרמים,1.00,"ק""ג",false,,8.90,8.9000,true,1,1180834
7290003485215,false,"אורז לסושי 1 ק""ג",,,"אורז לסושי 1 ק""ג",קילוגרמים,1.00,"ק""ג",false,,8.90,8.9000,true,1,1176067
7290003485222,false,"סוכר 1 ק""ג",סוגת תעשיות,IL,"סוכר 1 ק""ג - חצי חינם",קילוגרמים,1.00,"ק""ג",false,,3.90,3.9000,true,1,1180661
7290003485260,false,שוקיים עוף קפוא ארוז,,,שוקיים עוף קפוא ארוז,קילוגרמים,1.00,"ק""ג",true,,29.90,29.9000,true,1,1206125
7290003485277,false,כנפיים עוף קפוא ארוז,,,כנפיים עוף קפוא ארוז,קילוגרמים,1.00,"ק""ג",true,,7.90,7.9000,true,1,1206126
7290003485284,false,שניצל עוף קפוא ארוז,,,שניצל עוף קפוא ארוז,קילוגרמים,1.00,"ק""ג",true,,34.90,34.9000,true,1,1206127
7290003485307,false,"אורז מלא 1 ק""ג",,,"אורז מלא 1 ק""ג",קילוגרמים,1.00,"ק""ג",false,,8.90,8.9000,true,1,1180835
7290003485314,false,בורגול דק 500 גרם.,,,בורגול דק 500 גרם.,גרמים,500.00,100 גרם,false,,4.90,0.0098,true,1,1191503
7290003485321,false,חיטה 500 גרם.,,,חיטה 500 גרם.,גרמים,500.00,100 גרם,false,,4.90,0.0098,true,1,1180836
7290003485338,false,לוביה 500 גרם,,,לוביה 500 גרם,גרמים,500.00,100 גרם,false,,6.90,0.0138,true,1,1180837
7290003485345,false,גריסים 500 גרם,,,גריסים 500 גרם,גרמים,500.00,100 גרם,false,,4.90,0.0098,true,1,1176069
7290003485352,false,"אורז עגול 1 ק""ג",,,"אורז עגול 1 ק""ג",קילוגרמים,1.00,"ק""ג",false,,8.90,8.9000,true,1,1176070
7290003485369,false,חומוס גדול 500 גרם,,,חומוס גדול 500 גרם,גרמים,500.00,100 גרם,false,,9.90,0.0198,true,1,1191504
7290003485376,false,פול קטן 500 גרם,,,פול קטן 500 גרם,גרמים,500.00,100 גרם,false,,4.90,0.0098,true,1,1180838
7290003485383,false,פול גדול 500 גרם,,,פול גדול 500 גרם,גרמים,500.00,100 גרם,false,,8.90,0.0178,true,1,1180839
7290003485390,false,עדשים אדומות 500 גרם,,,עדשים אדומות 500 גרם,גרמים,500.00,100 גרם,false,,5.90,0.0118,true,1,1176071
7290003485406,false,עדשים ירוקות 500 גרם,,,עדשים ירוקות 500 גרם,גרמים,500.00,100 גרם,false,,5.90,0.0118,true,1,1180840
7290003485413,false,פופקורן 500 גרם,,,פופקורן 500 גרם,גרמים,500.00,100 גרם,false,,5.90,0.0118,true,1,1170935
7290003485499,false,מש 500 גרם,,,מש 500 גרם,גרמים,500.00,100 גרם,false,,5.90,0.0118,true,1,1176073
7290003485505,false,שעועית אדומה 500 גרם,,,שעועית אדומה 500 גרם,גרמים,500.00,100 גרם,false,,6.90,0.0138,true,1,1180841
7290003485512,false,שעועית חומה 500 גרם,,,שעועית חומה 500 גרם,גרמים,500.00,100 גרם,false,,6.90,0.0138,true,1,1191505
7290003485529,false,שעועית אמריקאית 500,,,שעועית אמריקאית 500,גרמים,500.00,100 גרם,false,,6.90,0.0138,true,1,1180842
7290003485536,false,שעועית גדולה 500 גרם,,,שעועית גדולה 500 גרם,גרמים,500.00,100 גרם,false,,7.90,0.0158,true,1,1176074
7290003485543,false,אפונה 500 גרם,,,אפונה 500 גרם,גרמים,500.00,100 גרם,false,,4.90,0.0098,true,1,1191506
7290003485567,false,תורמוס 500 גרם,,,תורמוס 500 גרם,גרמים,500.00,100 גרם,false,,4.90,0.0098,true,1,1191507
7290003485574,false,שעועית ארגנטינאית 50,,,שעועית ארגנטינאית 50,גרמים,500.00,100 גרם,false,,5.90,0.0118,true,1,1181913
7290003485666,false,חומוס גרגרים 500 גרם,,,חומוס גרגרים 500 גרם,גרמים,500.00,100 גרם,false,,6.90,0.0138,true,1,1191508
7290003485680,false,קוקוס טחון 200 גרם,,,קוקוס טחון 200 גרם,גרמים,200.00,100 גרם,false,,5.90,0.0295,true,1,1191509
7290003485697,false,שומשום 200 גרם,,,שומשום 200 גרם,גרמים,200.00,100 גרם,false,,4.90,0.0245,true,1,1191510
7290003485796,false,"אורז פרסי 1 ק""ג",,,"אורז פרסי 1 ק""ג",גרמים,1000.00,100 גרם,false,,9.90,0.0099,true,1,1176077
7290003485901,false,בוטנים לא קלויים קלו,,,בוטנים לא קלויים קלו,קילוגרמים,1.00,"ק""ג",true,,29.00,29.0000,true,1,1198149
7290003485918,false,"בונדוק 1 ק""ג אגוזי ל",שקדיה,,"בונדוק 1 ק""ג אגוזי ל",קילוגרמים,1.00,"ק""ג",true,,49.00,49.0000,true,1,1191511
7290003485925,false,"צנובר ענק 1 ק""ג",,,"צנובר ענק 1 ק""ג",קילוגרמים,1.00,"ק""ג",true,,199.00,199.0000,true,1,1181915
7290003485932,false,פיסטוק חלבי קלוף 1 ק,שקדיה,,פיסטוק חלבי קלוף 1 ק,קילוגרמים,1.00,"ק""ג",true,,119.00,119.0000,true,1,1191512
7290003485949,false,שקד אמריקאי טבעי,,,שקד אמריקאי טבעי,קילוגרמים,1.00,"ק""ג",true,,69.00,69.0000,true,1,1191513
7290003486014,false,זנגוויל מופחת סוכר,,,זנגוויל מופחת סוכר,קילוגרמים,1.00,"ק""ג",true,,39.00,39.0000,true,1,1181916
7290003486038,false,שקד מולבן גפרורים,,,שקד מולבן גפרורים,קילוגרמים,1.00,"ק""ג",true,,69.00,69.0000,true,1,1191515
7290003486045,false,שקד מולבן שלם,,,שקד מולבן שלם,קילוגרמים,1.00,"ק""ג",true,,69.00,69.0000,true,1,1181917
7290003486090,false,פקאן אמריקאים מקולף,,,פקאן אמריקאים מקולף,קילוגרמים,1.00,"ק""ג",true,,99.00,99.0000,true,1,1181918
7290003486137,false,"אננס טבעות מסוכר 1ק""",,,"אננס טבעות מסוכר 1ק""",קילוגרמים,1.00,"ק""ג",true,,39.00,39.0000,true,1,1181919
7290003486144,false,אגוז ברזיל מקולף 1 ק,,,אגוז ברזיל מקולף 1 ק,קילוגרמים,1.00,"ק""ג",true,,99.00,99.0000,true,1,1181920
7290003486168,false,"קשיו 1 ק""ג טבעי",,,"קשיו 1 ק""ג טבעי",קילוגרמים,1.00,"ק""ג",true,,59.00,59.0000,true,1,1181921
7290003486175,false,"משמש מיובש 1 ק""ג",,,"משמש מיובש 1 ק""ג",קילוגרמים,1.00,"ק""ג",true,,39.00,39.0000,true,1,1198150
7290003486205,false,גרעיני דלעת קלופים,שקדיה,,גרעיני דלעת קלופים,קילוגרמים,1.00,"ק""ג",true,,29.00,29.0000,true,1,1181922
7290003486243,false,אגוזי מלך קלוף,,,אגוזי מלך קלוף,קילוגרמים,1.00,"ק""ג",true,,59.00,59.0000,true,1,1181924
7290003486274,false,פיסטוק חלבי בקליפה 1,,,פיסטוק חלבי בקליפה 1,קילוגרמים,1.00,"ק""ג",true,,79.00,79.0000,true,1,1181925
7290003486281,false,תמר מגהול ענק,,,תמר מגהול ענק,קילוגרמים,1.00,"ק""ג",true,,49.00,49.0000,true,1,1166991
7290003486298,false,חמוציות חצאים,שקדיה,,חמוציות חצאים,קילוגרמים,1.00,"ק""ג",true,,29.00,29.0000,true,1,1176079
7290003486304,false,תאנים מיובשות,,,תאנים מיובשות,קילוגרמים,1.00,"ק""ג",true,,49.00,49.0000,true,1,1181926
7290003486328,false,צימוק גדול בהיר,,,צימוק גדול בהיר,קילוגרמים,1.00,"ק""ג",true,,49.00,49.0000,true,1,1181927
7290003486335,false,"שזיף מגולען 1 ק""ג",,,"שזיף מגולען 1 ק""ג",קילוגרמים,1.00,"ק""ג",true,,45.00,45.0000,true,1,1176080
7290003486342,false,שזיף מיובש,,,שזיף מיובש,קילוגרמים,1.00,"ק""ג",true,,39.00,39.0000,true,1,1180843
7290003486359,false,בננה ציפס,שקדיה,,בננה ציפס,קילוגרמים,1.00,"ק""ג",true,,29.00,29.0000,true,1,1181928
7290003486403,false,צימוק כהה,,,צימוק כהה,קילוגרמים,1.00,"ק""ג",true,,29.00,29.0000,true,1,1200500
7290003486410,false,תמר אמרי,,,תמר אמרי,קילוגרמים,1.00,"ק""ג",true,,29.00,29.0000,true,1,1200499
7290003486533,false,פקאן מסוכר,שקדיה,,פקאן מסוכר,קילוגרמים,1.00,"ק""ג",true,,79.00,79.0000,true,1,1166992
7290003486571,false,קבוקים,שקדיה,,קבוקים,קילוגרמים,1.00,"ק""ג",true,,25.00,25.0000,true,1,1166995
7290003486588,false,קבוקים שומשום,שקדיה,,קבוקים שומשום,קילוגרמים,1.00,"ק""ג",true,,25.00,25.0000,true,1,1166996
7290003486595,false,בוטן אמריקאי,,,בוטן אמריקאי,קילוגרמים,1.00,"ק""ג",true,,25.00,25.0000,true,1,1166997
7290003521081,false,"ד""ר פישר - סרקל שמפו לילדים 1 ליטר","ד""ר פישר Dr fischer",IL,סרקל שמפו ליטר,ליטרים,1.00,ליטר,false,,28.90,28.9000,true,1,1198325
7290003521166,false,"ד""ר פישר - סרקל קרם רוזמרין לילדים 325 מ""ל","ד""ר פישר Dr fischer",IL,"סרקל קרם רוזמרין 325מ""ל",גרמים,325.00,100 גרם,false,,22.90,0.0705,true,1,1198326
7290003521180,false,סרקל שמפו+מרכך 500מל,"ד""ר פישר Dr fischer",IL,"סרקל שמפו+מעצב 500 מ""ל",מיליליטרים,500.00,"100 מ""ל",false,,18.90,0.0378,true,1,1198327
7290003521197,false,"ד""ר פישר - סרקל תרסיס מתיר קשרים 340 מ""ל",פישר מעבדות פרמצבטיו,IL,"סרקל מתיר קשרים 340מ""ל",מיליליטרים,340.00,"100 מ""ל",false,,22.90,0.0674,true,1,1198328
7290003521340,false,קמיל בלו אל סבון לתי,פישר מעבדות פרמצבטיו,IL,קמיל בלו קלאסיק 2 ליטר,ליטרים,2.00,ליטר,false,,36.90,18.4500,true,1,1198331
7290003550753,false,טונה פוסידון בשמן רביעיה *108 ג',"מיוצר עי וליגר בעמ,",IL,מארז 4 טונה פוסידון,גרמים,432.00,100 גרם,false,,19.90,0.0461,true,1,1177269
7290003561926,false,עוגת קראנץ' שוקולד,,,עוגת קראנץ' שוקולד,יחידה,0.00,יחידה,false,,29.90,0.0000,true,1,1156078
7290003578078,false,לפתן קוקטיל פירות טרופיים בסירופ 850 גרם,יוליניבר,CN,לפתן פירות טרופיים ב,גרמים,850.00,100 גרם,false,,10.90,0.0128,true,1,1159233
7290003578108,false,חתיכות אננס בסירופ קל וילי פוד 850 גרם,וילי פוד,TH,אננס חתוך 850גרם,גרמים,850.00,100 גרם,false,,8.90,0.0105,true,1,1159236
7290003578290,false,וילי פוד מקלוני אורז בדץ 300ג,פוגיאן לונגהאי אנליד,CN,מקלוני אורז 300גרם (24),גרמים,300.00,100 גרם,false,,5.90,0.0197,true,1,1159239
7290003578313,false,דובדבנים חמוצים ללא חרצנים 680גר,דל מונטה היילס אס.אי,HR,דובדבנים ללא חרצנים 680גר,גרמים,680.00,100 גרם,false,,9.90,0.0146,true,1,1159240
7290003578672,false,שמן חמניות שארית ישר,וילי פוד,TR,שמן חמניות 1 ליטר,ליטרים,1.00,ליטר,false,,11.90,11.9000,true,1,2101331
7290003643004,false,"אורז בסמטי קלאסי 1 ק""ג סוגת",האי נאם סי או אל.טי.,IL,"אורז בסמטי 1 ק""ג",קילוגרמים,1.00,"ק""ג",false,,12.90,12.9000,true,1,1180662
7290003643325,false,קוסקוס בינוני 350 גרם סוגת,"אסיף תעשיות מזון בע""",IL,קוסקוס בינוני 350 גרם,גרמים,350.00,100 גרם,false,,4.90,0.0140,true,1,1180665
7290003643387,false,"סוכר לבן בצנצנת 1 ק""ג סוגת",האי נאם סי או אל.טי.,IL,סוכר לבן בצנצנת 1 קג,קילוגרמים,1.00,"ק""ג",false,,7.90,7.9000,true,1,1180667
7290003643646,false,"סוכר דמררה קלאסי בצנצנת סוגת 1 ק""ג",האי נאם סי או אל.טי.,IL,סוכר חום דמררה צנצנת 1 קג,קילוגרמים,1.00,"ק""ג",false,,12.90,12.9000,true,1,1180668
7290003643684,false,אפונה יבשה סוגת 500 גר',האי נאם סי או אל.טי.,IL,אפונה 500 גרם,יחידה,0.00,יחידה,false,,6.90,0.0000,true,1,2007278
7290003643714,false,סוגת חומוס 500 גרם,האי נאם סי או אל.טי.,IL,חומוס 500 גרם,יחידה,0.00,יחידה,false,,7.90,0.0000,true,1,2007280
7290003643738,false,סוגת חיטה 500 גרם,האי נאם סי או אל.טי.,IL,חיטה 500 גרם,גרמים,500.00,100 גרם,false,,4.90,0.0098,true,1,2007281
7290003643752,false,עדשים ירוקים יבש סוגת 500 גר',האי נאם סי או אל.טי.,IL,עדשים ירוקות 500 גרם,גרמים,500.00,100 גרם,false,,7.90,0.0158,true,1,2007283
7290003643769,false,עדשים אדומים יבש סוגת 500 גר',"סוגת תעשיות בע""מ",IL,עדשים אדומות 500 גרם,גרמים,500.00,100 גרם,false,,6.90,0.0138,true,1,2007284
7290003643776,false,"פופקורן גרעינים סוגת 500 ג' כשל""פ",האי נאם סי או אל.טי.,IL,פופקורן 500 גרם,יחידה,0.00,יחידה,false,,5.90,0.0000,true,1,2007285
7290003643806,false,שעועית לבנה יבשה סוגת 500 ג',האי נאם סי או אל.טי.,IL,שעועית לבנה 500 גרם,יחידה,0.00,יחידה,false,,7.90,0.0000,true,1,2007286
7290003643820,false,חומוס ענק יבש סוגת 500 גרם,סוגת תעשיות בעמ,IL,חומוס ענק 500 גרם,יחידה,0.00,יחידה,false,,9.90,0.0000,true,1,2007287
7290003681211,false,צנובר מיה 80 גרם,מיה תעשיות מזון,IL,צנובר 100גרם,גרמים,80.00,100 גרם,false,,19.90,0.2487,true,1,1181478
7290003681235,false,תבלין פלפל אנגלי 50 גר' מיה,מיה תעשיות מזון,IL,פלפל אנגלי 50גרם,גרמים,50.00,100 גרם,false,,6.90,0.1380,true,1,1181480
7290003681334,false,קוקוס טחון 400 גרם ב,מיה,IL,קוקוס טחון 400 גרם ב,גרמים,400.00,100 גרם,false,,9.90,0.0248,true,1,2151953
7290003681365,false,סוכריות קישוט לעוגה צבעוני 70 גר' מיה,"מיה תעשיות מזון בע""מ",IL,קישוט לעוגה צבעוני בצנצנת,גרמים,80.00,100 גרם,false,,3.90,0.0487,true,1,1181485
7290003681532,false,דובדבנים מסוכרים 80 גר' מיה,מיה תעשיות מזון,IL,דובדבנים מסוכרים 80גרם,גרמים,80.00,100 גרם,false,,6.90,0.0863,true,1,1181489
7290003681723,false,תבלין לפיצה 80גרם צנצנת,מיה תעשיות מזון בעמ,IL,תבלין לפיצה 80גרם,גרמים,80.00,100 גרם,false,,6.90,0.0863,true,1,1181492
7290003681747,false,תבלין גריל בשר בשקית 80 גר' מיה,מיה תעשיות מזון בעמ,IL,גריל בשר 80גרם,גרמים,80.00,100 גרם,false,,6.90,0.0863,true,1,1181494
7290003681761,false,תבלין גבישי שום 80 גר' מיה,מיה תעשיות מזון בעמ,IL,גבישי שום 80גרם,גרמים,80.00,100 גרם,false,,9.90,0.1238,true,1,1181496
7290003703418,false,גביניות ללא צימוקים,בונז'ור,IL,בונז'ור גביניות,קילוגרמים,1.00,"ק""ג",true,,39.00,39.0000,true,1,1156086
7290003726141,false,טופו טבעי 300 גרם רובין,ג'נרל מילס סאן אדריא,IL,גבינת טופו משק גאיה,גרמים,300.00,100 גרם,false,,12.90,0.0430,true,1,1175488
7290003726615,false,טופו ויילר במרקם קשה,הדקלאים אגודת שיתופי,IL,גבינת טופו ויילר 300,גרמים,300.00,100 גרם,false,,12.90,0.0430,true,1,1956092
7290003744428,false,אובלטים מלוחים דקיקי,,,אובלטים קימל 300 גרם,גרמים,300.00,100 גרם,false,,10.90,0.0363,true,1,1184403
7290003744831,false,אובלטים עם בצל 300 גר',,,אובלטים בצל 300גרם,גרמים,300.00,100 גרם,false,,10.90,0.0363,true,1,1184404
7290003744862,false,אובלטים עם זעתר 300 גר,,,אובלטים זעתר 300 גרם,גרמים,300.00,100 גרם,false,,10.90,0.0363,true,1,1184407
7290003781850,false,גבינת קשקבל פרוסות 200 גרם,וילי פוד,IL,גבינת קשקבל פרוסות 2,גרמים,200.00,100 גרם,false,,22.90,0.1145,true,1,2076392
7290003781959,false,פתיתים בורג 500 גרם בדצ,וילי פוד,,פוזילי 500 גרם,גרמים,500.00,100 גרם,false,,4.90,0.0098,true,1,1975275
7290003804252,false,תיבולית נוסח הודי קנור 72 גרם,יוניליוור ישראל מזון,IL,קנור תיבוליות הודי 72 גרם,גרמים,72.00,100 גרם,false,,9.90,0.1375,true,1,1188143
7290003804320,false,תיבולית שום ופטרוזיליה 72 ג' קנור,יוניליוור ישראל מזון,IL,קנור תיבוליות שום 72 גרם,גרמים,72.00,100 גרם,false,,9.90,0.1375,true,1,1188145
7290003804368,false,"תיבולית בזיליקום בד""ץ 72 ג' קנור",יוניליוור ישראל מזון,IL,קנור תיבוליות 72 גרם,גרמים,72.00,100 גרם,false,,9.90,0.1375,true,1,1188148
7290003804382,false,"תיבולית פטריות בד""ץ 72 ג' קנור",יוניליוור ישראל מזון,IL,קנור תיבוליות פטריות 72 ג,גרמים,72.00,100 גרם,false,,9.90,0.1375,true,1,1188150
7290003805587,false,"פתית חיטה מלאה בד""צ 250 גרם-קופסא",יוניליוור ישראל מזון,IL,פתית חיטה 250גר,גרמים,250.00,100 גרם,false,,15.90,0.0636,true,1,1188175
7290003807178,false,"רוטב קנור סויה בסגנון סיני 300 מ""ל",אתר חיפה 778 - Food,IL,קנור רוטב סויה בסגנון סינ,מיליליטרים,300.00,"100 מ""ל",false,,12.90,0.0430,true,1,1188184
7290003864478,false,סרדינים בשמן צמחי ויליפוד 110ג' פתח קל,גולדן פרייז קאנינג א,TH,סרדין בשמן צמחי 110גרם פת,גרמים,110.00,100 גרם,false,,4.40,0.0400,true,1,1159254
7290003864485,false,סרדינים ברוטב עגבנ יות ויליפוד 110ג' פתח קל,גולדן פרייז קאנינג א,TH,סרדין ברוטב עגבניות 110גר,גרמים,110.00,100 גרם,false,,4.40,0.0400,true,1,1159255
7290003864492,false,סרדינים בשמן צמחי חריף פתח קל ויליפוד 110ג',גולדן פרייז קאנינג א,TH,סרדין בשמן צמחי חריף 110ג,גרמים,110.00,100 גרם,false,,4.40,0.0400,true,1,1159256
7290003882502,false,"וילי פוד שמן תירס בדץ, 1 ליטר",יונקה גידה,TR,שמן תירס 1ל' (12),ליטרים,1.00,ליטר,false,,11.90,11.9000,true,1,2101330
7290003882922,false,עלי גפן ממולאים באורז ויליפוד 400ג',הזה פלאקספו פוד קו ב,CN,עלי גפן ממולאים באורז 400,גרמים,400.00,100 גרם,false,,8.90,0.0223,true,1,1159258
7290003938049,false,הפי נוזל הברקה שויצרית,אורומרקטינג,DE,הפי הברקה למדיח 1 ליטר,ליטרים,1.00,ליטר,false,,19.90,19.9000,true,1,1173173
7290003976492,false,נוזל לניקוי כלים לעו,,,נוזל לניקוי כלים לעו,מיליליטרים,750.00,"100 מ""ל",false,,9.90,0.0132,true,1,2025014
7290003976522,false,ג'ל כביסה מרוכז בניחוח פרחים,פרפקט Perfect,,ג'ל מרוכז 5 לי בניח,ליטרים,5.00,ליטר,false,,24.90,4.9800,true,1,2021552
7290003989096,false,חציל פיקנטי אחלה 500 גרם,מיוצר עי קונדיטוריית,IL,חציל פיקנטי 500,גרמים,500.00,100 גרם,false,,13.90,0.0278,true,1,1188687
7290003989539,false,לורנצו רביולי במילוי גבינה,מיוצר עי קונדיטוריית,IL,רביולי גבינה 400 חדש,גרמים,400.00,100 גרם,false,,18.90,0.0472,true,1,1188688
7290003996742,false,עלי תרד במגשית אפרתי חסלט,סוגת תעשיות בעמ,IL,עלי תרד שטופים ללא ח,יחידה,0.00,יחידה,false,,9.90,0.0000,true,1,1198224
7290004011338,false,"קצפת מתוקה מכונה 250 מ""ל ריץ'",האי נאם סי או אל.טי.,IT,קצפת ארוסול חלבי,מיליליטרים,250.00,"100 מ""ל",false,,9.90,0.0396,true,1,1177271
7290004011345,false,"קצפת ריצ` פרווה במיכל 250 מ""ל",האי נאם סי או אל.טי.,IT,קצפת אורוסול פרווה,מיליליטרים,250.00,"100 מ""ל",false,,9.90,0.0396,true,1,1177272
7290004014407,false,סוכריות M&M בוטנים 46 ג',מרס נדרלנד,US,אם אנד אמס פינאטבאטר,גרמים,46.00,100 גרם,false,,4.90,0.1065,true,1,1288109
7290004030018,false,"פריניב מיץ לימון סחוט פרי לתיבול 500 מ""ל",הנסיך- מפעל לייצור ט,IL,"מיץ לימון 500 מ""ל",מיליליטרים,500.00,"100 מ""ל",false,,7.90,0.0158,true,1,1277374
7290004030100,false,מיץ תפוזים ולנסיה סחוט 1 ליטר100%,פרי ניב,IL,מיץ תפוזים סחוט ולנס,ליטרים,1.00,ליטר,false,,16.90,16.9000,true,1,2004418
7290004030216,false,פריניב נקטר חמוציות 1ליטר,פריניב בעמ,IL,נקטר חמוציות 1 ליטר,ליטרים,1.00,ליטר,false,,13.90,13.9000,true,1,1277377
7290004030612,false,פרי ניב מיץ קיוי אגס ללא תוספת סוכר 1ל,הנסיך- מפעל לייצור ט,IL,מיץ קיוי אגס 1 ליטר,ליטרים,1.00,ליטר,false,,17.90,17.9000,true,1,1277388
7290004030834,false,פריניב מיץ רימונים סחוט 1 ליטר,פריניב בעמ,IL,מיץ רימון סחוט 1,ליטרים,1.00,ליטר,false,,21.90,21.9000,true,1,1277393
7290004033736,false,"עננים לחם לבן בסגנון בריוש עם פרוסות עבות, 500 גרם",מאפית י את א ברמן בע,IL,לחם עננים בסגנון ברי,גרמים,500.00,100 גרם,false,,15.50,0.0310,true,1,2092271
7290004033903,false,חטיפי ברוסקטה אפויים,,,חטיפי ברוסקטה אפויים,גרמים,150.00,100 גרם,false,,12.90,0.0860,true,1,2152156
7290004033910,false,חטיפי ברוסקטה אפויים,,,חטיפי ברוסקטה אפויים,גרמים,150.00,100 גרם,false,,12.90,0.0860,true,1,2152157
7290004033927,false,חטיפי פוקצה אפויים ב,,,חטיפי פוקצה אפויים ב,גרמים,200.00,100 גרם,false,,12.90,0.0645,true,1,2152158
7290004033934,false,חטיפי פוקצה אפויים ב,,,חטיפי פוקצה אפויים ב,גרמים,200.00,100 גרם,false,,12.90,0.0645,true,1,2152159
7290004043205,false,חטיף בוטנים MַM אריז,,,חטיף בוטנים MַM אריז,גרמים,89.00,100 גרם,false,,6.90,0.0775,true,1,1557783
7290004048679,false,"קובה למרק שלושת האופים 1 ק""ג",שלושת האופים,IL,"קובה למרק 1 ק""ג",קילוגרמים,1.00,"ק""ג",false,,18.90,18.9000,true,1,1936088
7290004063016,false,מלח שולחן מעולה דק 1,האי נאם סי או אל.טי.,IL,"מלח שולחן 1 ק""ג",קילוגרמים,1.00,"ק""ג",false,,1.80,1.8000,true,1,1194558
7290004063115,false,"מלח מטבח עבה להמלחת בשר ובישול 1 ק""ג 1ק""ג",האי נאם סי או אל.טי.,IL,"מלח בישול 1 ק""ג",קילוגרמים,1.00,"ק""ג",false,,1.80,1.8000,true,1,1194559
7290004064174,false,"תבלין מלח ההימלאיה דק בצנצנת 1 ק""ג","מלח הארץ אילת בע""מ",IL,"מלח ההימלאיה דק 1 ק""",קילוגרמים,1.00,"ק""ג",false,,16.90,16.9000,true,1,1592547
7290004064181,false,"תבלין מלח ההימלאיה גס בצנצנת 1 ק""ג",חברת מלח הארץ אילת ב,IL,"מלח הימלאיה גס 1 ק""ג",קילוגרמים,1.00,"ק""ג",false,,16.90,16.9000,true,1,1592548
7290004064280,false,מלח מופחת נתרן בצנצנת מלח הארץ 600 גרם,חברת מלח הארץ אילת ב,IL,מלח הארץ מופחת נתרן,גרמים,600.00,100 גרם,false,,14.90,0.0248,true,1,1984776
7290004064303,false,מלח אטלנטי בצנצנת מלח הארץ 800 גרם,"מלח הארץ אילת בע""מ",IL,מלח הארץ אטלנטי 800,גרמים,800.00,100 גרם,false,,14.90,0.0186,true,1,1984778
7290004064358,false,"מלח דק זורם בקלות מלח הארץ קרטון 1 ק""ג","מלח הארץ אילת בע""מ",IL,מלח הארץ דק זורם בקל,קילוגרמים,1.00,"ק""ג",false,,4.90,4.9000,true,1,1996439
7290004064389,false,מלח הימלאיה דק מלחייה 250 גרם,"מלח הארץ אילת בע""מ",IL,מלח הימלאיה דק מלחיי,גרמים,250.00,100 גרם,false,,9.90,0.0396,true,1,2047757
7290004068011,false,יוגורט כבשים בדלי 5% שומן 600 ג' גד,"מיוצר ע""י קוד יצרן M",IL,יוגורט כבשים 5% 600 גרם,גרמים,600.00,100 גרם,false,,16.90,0.0282,true,1,1175489
7290004068028,false,"יוגורט צזיקי לשתיה 3.5% 500 מ""ל רובין",מיוצר על ידי קוד יצר,IL,יוגורט צי'זקי 0.5 ליטר,מיליליטרים,500.00,"100 מ""ל",false,,9.90,0.0198,true,1,1175490
7290004068035,false,"איירן יוגורט לשתייה 3% גד 500 מ""ל","מיוצר ע""י קוד יצרן M",IL,"איירן 0.5 ליטר בד""ץ",מיליליטרים,500.00,"100 מ""ל",false,,7.90,0.0158,true,1,1175491
7290004068172,false,"יוגורט עיזים בדלי 5% 600 מ""ל רובין",קוד יצרן MKN,IL,יוגורט עיזים 600 גרם,גרמים,600.00,100 גרם,false,,16.90,0.0282,true,1,1175493
7290004068585,false,גבינת גאודה עיזים במ,מחלבת אמלטי הולנד,NL,גבינה גאודה עיזים מש,קילוגרמים,1.00,"ק""ג",true,,130.00,130.0000,true,1,1282361
7290004068929,false,גבינה בולגרית 24% מס,,,גבינה בולגרית 24% מס,קילוגרמים,1.00,"ק""ג",true,,59.00,59.0000,true,1,2014353
7290004078263,false,מקלות אוזניים פלסטיק 2* 200 יחידות,SEPTONA S.A,GR,בלונס מקלות אוזניים זוג,יח',400.00,יח',false,,10.90,0.0273,true,1,1185602
7290004078270,false,נוזל כלים פלמוליב צילינדר לימון 1 ליטר,יבואן ומשווק: ש. שסט,GR,פלמוליב צילינדר לימון 1 ל,ליטרים,1.00,ליטר,false,,13.90,13.9000,true,1,1185603
7290004078690,false,"אגקס נוזל לניקוי אסלות מרענן 750 מ""ל",הנסיך- מפעל לייצור ט,GR,אגקס שירותים מרענן חדש 75,גרמים,750.00,100 גרם,false,,12.90,0.0172,true,1,1185605
7290004078942,false,ליידי ספיד סטיק - דאודורנט ג'ל לאישה 65 גרם,קולגייט פלמוליב,US,ליידי ספיד סטיק גל בסיסי,גרמים,63.00,100 גרם,false,,19.90,0.3159,true,1,1185606
7290004084110,false,סוכר קוביות 500 גרם,,,סוכר קוביות 500 גרם,גרמים,500.00,100 גרם,false,,7.90,0.0158,true,1,1176081
7290004084318,false,"אורז בסמטי 5 ק""ג",,,"אורז בסמטי 5 ק""ג",קילוגרמים,5.00,"ק""ג",false,,39.90,7.9800,true,1,2040648
7290004119010,false,"גבינת שדה מותכת 25%, 500 ג'",תנובה חלב,,גבינת שדה 500 גרם.,גרמים,500.00,100 גרם,false,,11.90,0.0238,true,1,1186980
7290004119225,false,יוגורט אננס 3% שומן 150 ג' יופלה,תנובה מרכז שיתופי לש,IL,יופלה אננס 3%.,גרמים,150.00,100 גרם,false,,4.70,0.0313,true,1,1186982
7290004119928,false,קרלו מעדן וניל רביעיות גביע 125 1.5%,מחלבת אלון תבור,IL,מעדן קרלו וניל.,מיליליטרים,125.00,"100 מ""ל",false,,2.70,0.0216,true,1,1186984
7290004119973,false,קרלו מעדן שוקו רביעיה גביע 125 1.5%,תנובה מרכז שיתופי לש,IL,מעדן קרלו.,מיליליטרים,125.00,"100 מ""ל",false,,2.70,0.0216,true,1,1186985
7290004120061,false,קרלו שוקולד וניל 125,תנובה מרכז שיתופי לש,IL,מעדן קרלו שוניל.,מיליליטרים,125.00,"100 מ""ל",false,,2.80,0.0224,true,1,1186986
7290004120108,false,יופלה דיאט יוגורט דובדבן %0 גביע 150ג',תנובה מרכז שיתופי לש,IL,יופלה דובדבן דיאט.,גרמים,150.00,100 גרם,false,,4.70,0.0313,true,1,1186987
7290004120573,false,גבינה בולגרית פיראוס 16% 250 גרם,תנובה מרכז שיתופי לש,IL,בולגרית 16% גביע 250,גרמים,250.00,100 גרם,false,,21.90,0.0876,true,1,1186992
7290004120634,false,גבינה פיראוס בולגרית 5% 250 גרם,תנובה מרכז שיתופי לש,IL,בולגרית פיראוס 5% 25,גרמים,250.00,100 גרם,false,,21.90,0.0876,true,1,1186993
7290004120832,false,חלב תנובה טרי 3% מהדרין כד 2 ל',תנובה מרכז שיתופי לש,IL,חלב שומן 3% כד 2 ליט,ליטרים,2.00,ליטר,false,,12.40,6.2000,true,1,1186994
7290004121488,false,יופלה דיאט אפרסק 0% גביע 150 ג',תנובה מרכז שיתופי לש,IL,יופלה אפרסק 0%.,גרמים,150.00,100 גרם,false,,4.70,0.0313,true,1,1186995
7290004121525,false,יופלה מאגדת פרי 4 תות 4 אפרסק 3% 8 יח'*150 ג',תנובה מרכז שיתופי לש,IL,מאגדת 8 יופלה 3% אפר,גרמים,1200.00,100 גרם,false,,28.90,0.0241,true,1,1186996
7290004121754,false,יוגורט עוגת גבינה ותות 3% שומן 150 ג' יופלה,תנובה חלב,IL,יוגורט ביו בטעם עוג,גרמים,150.00,100 גרם,false,,4.70,0.0313,true,1,1186997
7290004122119,false,פתיתי פרמזן לפסטה %23 100 ג' השף הלבן,פ.פ.ח. שאביט,IL,פתיתי גבינה פרמזן 10,גרמים,100.00,100 גרם,false,,11.90,0.1190,true,1,1187002
7290004122195,false,"גבינת גוש חלב פרוס 28%, כשרות מהדרין, 200 ג'",תנובה חלב,IL,גבינה גוש חלב 200 גר,גרמים,200.00,100 גרם,false,,12.90,0.0645,true,1,1187003
7290004122270,false,גבינה צהובה פרוס בקופסא %28 200 ג' עמק,תנובה מרכז שיתופי לש,IL,גבינה עמק פרוס 28% ב,גרמים,200.00,100 גרם,false,,15.90,0.0795,true,1,1390405
7290004122348,false,גבינת עמק לייט פרוס בקופסא 200 גרם,תנובה מרכז שיתופי לש,IL,גבינה עמק לייט 9% 20,גרמים,200.00,100 גרם,false,,16.90,0.0845,true,1,1187006
7290004122607,false,גבינה עמק לייט 9% במ,תנובה מרכז שיתופי לש,,"גבינה עמק לייט ק""ג.",קילוגרמים,1.00,"ק""ג",true,,70.00,70.0000,true,1,1187009
7290004122676,false,גבינת חמד לייט 5% פיראוס 250 ג',"תנובה,מחלבת טנא נוגה",IL,גבינה חמד 5% גביע מד,גרמים,250.00,100 גרם,false,,17.90,0.0716,true,1,1187010
7290004122683,false,חטיף גבינת אצבעות 28% 172 ג' עמק,תנובה מרכז שיתופי לש,IL,אצבעות עמק 28% 172 ג,גרמים,172.00,100 גרם,false,,15.90,0.0924,true,1,1187011
7290004124205,false,יוגורט דיאט תות %0 שומן 150 ג' יופלה,תנובה מרכז שיתופי לש,IL,יופלה תות דיאט.,גרמים,150.00,100 גרם,false,,4.70,0.0313,true,1,1187019
7290004125370,false,"שמנת חמוצה מופחתת שומן 9% 200 מ""ל",תנובה מרכז שיתופי לש,IL,"שמנת 9% שומן 200 מ""ל",מיליליטרים,200.00,"100 מ""ל",false,,3.50,0.0175,true,1,1187022
7290004125400,false,"שלי אשל 4.5% תנובה 200מ""ל מהדרין",פארייפאבה אגרואינדוס,IL,אשל מהדרין 4.5% 200,מיליליטרים,200.00,"100 מ""ל",false,,1.65,0.0082,true,1,1187023
7290004125417,false,"שלי גיל 3% תנובה 200מ""ל מהדרין",תנובה מרכז שיתופי לש,IL,"גיל מהדרין 3% 200 מ""",מיליליטרים,200.00,"100 מ""ל",false,,1.50,0.0075,true,1,1187024
7290004125455,false,**תנובה שמנת אורגינל מהדרין 15% 200מל,תנובה מרכז שיתופי לש,IL,שמנת חמוצה מהדרין 20,מיליליטרים,200.00,"100 מ""ל",false,,2.40,0.0120,true,1,1187025
7290004125462,false,"שמנת אורגינל 15% מהדרין 500 מ""ל",תנובה מרכז שיתופי לש,IL,"שמנת חמוצה 500 מ""ל.",מיליליטרים,500.00,"100 מ""ל",false,,6.00,0.0120,true,1,1187026
7290004125509,false,"שמנת 15% חצי מנה 100 מ""ל תנובה",תנובה מרכז שיתופי לש,IL,"שמנת אורגינל 100 מ""ל",מיליליטרים,100.00,"100 מ""ל",false,,1.60,0.0160,true,1,1187027
7290004125578,false,משקה סויה מעושר בסידן תנובה 1ל',תנובה מרכז שיתופי לש,IL,משקה סויה מעושר בסיד,ליטרים,1.00,ליטר,false,,10.90,10.9000,true,1,1187028
7290004125721,false,"שמנת לבישול 15% שומן 250 מ""ל תנובה",תנובה מרכז שיתופי לש,IL,שמנת לבישול 15%שומן,מיליליטרים,250.00,"100 מ""ל",false,,7.90,0.0316,true,1,1187031
7290004125738,false,שמנת מתוקה להקצפה32% 250מל עמיד השף הלבן,תנובה מרכז שיתופי לש,IL,שמנת עמידה להקצפה 32,מיליליטרים,250.00,"100 מ""ל",false,,6.50,0.0260,true,1,1187032
7290004125776,false,גבינה צהובה עמק 28% 400 גרם בקופסא,תנובה חלב,IL,עמק פרוס בקופסא 28%,גרמים,400.00,100 גרם,false,,28.90,0.0722,true,1,1187033
7290004126650,false,גבינה צפתית 5% תנובה,תנובה מרכז שיתופי לש,,גבינה צפתית 5% תנובה,קילוגרמים,1.00,"ק""ג",true,,50.00,50.0000,true,1,1187034
7290004126674,false,פרוסות גבינה חצי קשה 9% שומן 200 ג' עמק,תנובה מרכז שיתופי לש,IL,גבינה טל עמק לייט 9%,גרמים,200.00,100 גרם,false,,18.90,0.0945,true,1,1187035
7290004126759,false,יופלה דיאט פירות יער %0 גביע 150 ג',תנובה חלב,IL,יופלה פירות יער דיאט,גרמים,150.00,100 גרם,false,,4.70,0.0313,true,1,1187036
7290004126872,false,משקאות חלב תנובה שוקו בקבוק 250מל,תנובה חלב,IL,שוקו שוק בקבוק 250 מ,מיליליטרים,250.00,"100 מ""ל",false,,5.30,0.0212,true,1,1187037
7290004127077,false,קוטג' 3% שומן 250 ג' תנובה,מיוצר עי קונדיטוריית,IL,קוטג' 3% תנובה 250 ג,גרמים,250.00,100 גרם,false,,5.40,0.0216,true,1,1187038
7290004127329,false,קוטג' 5% תנובה 250ג' מהדרין,מיוצר עי קונדיטוריית,IL,קוטג' 5% תנובה מהדרי,גרמים,250.00,100 גרם,false,,5.40,0.0216,true,1,1187039
7290004127336,false,קוטג' 9% תנובה 250 ג' הדרין,מיוצר עי קונדיטוריית,IL,קוטג' 9% תנובה 250 ג,גרמים,250.00,100 גרם,false,,5.40,0.0216,true,1,1187040
7290004127800,false,גבינה לבנה 5% שומן 500 ג' תנובה,מיוצר עי קונדיטוריית,IL,גבינה למריחה 5% 500,גרמים,500.00,100 גרם,false,,9.90,0.0198,true,1,1187043
7290004127817,false,גבינה לבנה 9% שומן 500 ג' תנובה,מיוצר עי קונדיטוריית,IL,גבינה לבנה 9% 500 גר,גרמים,500.00,100 גרם,false,,9.40,0.0188,true,1,1187044
7290004127862,false,**תנובה גבינה למריחה מהדרין 5% 750ג,תנובה מרכז שיתופי לש,IL,גבינה לבנה 5% 750 גר,גרמים,750.00,100 גרם,false,,14.85,0.0198,true,1,1187045
7290004127916,false,גבינה לבנה 0.5% שומן 500 ג' תנובה,תנובה מרכז שיתופי לש,IL,גבינה למריחה 0.5% 50,גרמים,500.00,100 גרם,false,,9.40,0.0188,true,1,1187047
7290004129101,false,גבינת שמנת 25% בטעם טבעי 225 ג' נפוליאון,תנובה מרכז שיתופי לש,IL,גבינת נפולאון טבעי 2,גרמים,225.00,100 גרם,false,,12.90,0.0573,true,1,1187057
7290004129156,false,גבינת שמנת25% עם שום שמיר 225 ג' נפוליאון,תנובה מרכז שיתופי לש,IL,גבינת נפולאון + שום,גרמים,225.00,100 גרם,false,,12.90,0.0573,true,1,1187059
7290004129736,false,יופלה לבן מעודן 1.5% גביע 200 גרם,תנובה מרכז שיתופי לש,IL,יופלה לבן תנובה 200,גרמים,200.00,100 גרם,false,,4.20,0.0210,true,1,1187064
7290004130695,false,משקאות חלב תנובה אייס קפה בבקבוק 1ל,תנובה מרכז שיתופי לש,IL,שוקו אייס קפה בבקבוק,ליטרים,1.00,ליטר,false,,12.90,12.9000,true,1,1187067
7290004130794,false,משקה סויה טבעי במתיקות מופחתת 1 ליטר,תנובה מרכז שיתופי לש,IL,משקה סויה מעושר טבעי,ליטרים,1.00,ליטר,false,,10.90,10.9000,true,1,1187068
7290004130916,false,יוגורט 3% פירות יער בשמנת 150 ג' יופלה,תנובה מרכז שיתופי לש,IL,יופלה 3% פירות יער ב,גרמים,150.00,100 גרם,false,,4.70,0.0313,true,1,1187069
7290004131074,false,**חלב תנובה טרי מהדרין קרטון 3% 1ל,תנובה מרכז שיתופי לש,IL,חלב 3% שומן מהדרין ק,ליטרים,1.00,ליטר,false,,6.20,6.2000,true,1,1187071
7290004131432,false,יוגורט ביו 3% שומן 200 ג' יופלה,מיוצר עי קונדיטוריית,IL,יופלה לבן חלב תנובה,גרמים,200.00,100 גרם,false,,3.60,0.0180,true,1,1187076
7290004131456,false,יוגורט ביו 1.5% שומן 200 ג' יופלה,מיוצר עי קונדיטוריית,IL,יופלה לבן חלב תנובה,גרמים,200.00,100 גרם,false,,3.60,0.0180,true,1,1187077
7290004131814,false,גבינה צפתית 5% מעודנת 200 ג' פיראוס,פארייפאבה אגרואינדוס,IL,צפתית 5% מעודנת פירא,גרמים,200.00,100 גרם,false,,13.90,0.0695,true,1,1187083
7290004132712,false,חטיף אצבעות גבינת מוצרלה 20% 172 ג' עמק,תנובה מרכז שיתופי לש,IL,אצבעות עמק מוצרלה 17,גרמים,174.00,100 גרם,false,,15.90,0.0914,true,1,1187091
7290004132903,false,**תנובה גבינה לבנה בדץ 3% 250ג,תנובה מרכז שיתופי לש,IL,"גבינה לבנה 3% בד""צ 2",גרמים,250.00,100 גרם,false,,4.70,0.0188,true,1,1187093
7290004134945,false,יוגורט מוקה 3% שומן 150 ג' יופלה,תנובה מרכז שיתופי לש,IL,יופלה מוקה 3%.,גרמים,150.00,100 גרם,false,,4.70,0.0313,true,1,1187103
7290004135225,false,מעדן תנובה דיאט שוקולדה 0% 150 גרם,תנובה מרכז שיתופי לש,IL,מעדן דיאט שוקולדה 0%,גרמים,150.00,100 גרם,false,,3.70,0.0247,true,1,1187109
7290004135614,false,גבינה בולגרית מעודנת 5% 250 ג' פיראוס,תנובה חלב,IL,בולגרית מעודנת 5% פי,גרמים,250.00,100 גרם,false,,21.90,0.0876,true,1,1187114
7290004136154,false,"משקה חלב אייס קפה תנובה בבקבוק 340 מ""ל",גוד פוד פרודקטס S.p,IL,שוקו אייס קפה בבקבוק,מיליליטרים,340.00,"100 מ""ל",false,,6.50,0.0191,true,1,1187119
7290004136598,false,מארז הפסקת אוכל עם קורנפלקס ומשקה חלב עמיד בטעם וניל,פארייפאבה אגרואינדוס,IL,מארז הפסקת אוכל.,מיליליטרים,150.00,"100 מ""ל",false,,7.90,0.0527,true,1,1187126
7290004136857,false,מעדן גלי פטל 125 גרם,תנובה מרכז שיתופי לש,IL,ג'לי פטל תנובה.,מיליליטרים,125.00,"100 מ""ל",false,,2.20,0.0176,true,1,1187128
7290004136864,false,ג'לי תנובה אננס עם חתיכות אננס 125מל,תנובה חלב,IL,ג'לי אננס + חתיכות א,מיליליטרים,125.00,"100 מ""ל",false,,2.50,0.0200,true,1,1187129
7290004136871,false,ג'לי תנובה אפרסק עם חתיכות אפרסק 125מל,תנובה מרכז שיתופי לש,IL,ג'לי אננס + חתיכות א,מיליליטרים,125.00,"100 מ""ל",false,,2.50,0.0200,true,1,1187130
7290004137021,false,"שמנת לבישול 10% עמיד השף הלבן 250 מ""ל",תנובה מרכז שיתופי לש,IL,שמנת לבישול 10% שומן,מיליליטרים,250.00,"100 מ""ל",false,,7.90,0.0316,true,1,1187131
7290004137311,false,עמק לייט משפחתית 9% 400ג-ועדת מהדרין,תנובה חלב,IL,עמק לייט משפחתית 9%,גרמים,400.00,100 גרם,false,,29.90,0.0747,true,1,1187133
7290004137809,false,פיראוס לאבנה 5% גביע 250 גרם,"תנובה, מחלבת אלון תב",IL,לאבנה 5% פיראוס 250,גרמים,250.00,100 גרם,false,,11.90,0.0476,true,1,1187134
7290004146986,false,נקה 7 שמפו לשיער צבוע ומובהר 750 מל,אמיליה קוסמטיקס,IL,שמפו נקה 7 שיער צבוע750מ,מיליליטרים,750.00,"100 מ""ל",false,,11.90,0.0159,true,1,1190953
7290004147280,false,שקית כביסון,מיה טריידינג,CN,כביסון 50 / 70,יח',1.00,יח',false,,9.90,9.9000,true,1,1159117
7290004147334,false,סוגרן שקיות מזון,מיה טריידינג,CN,סוגרן שקיות,יח',4.00,יח',false,,8.90,2.2250,true,1,1159120
7290004150112,false,חומוס מזרחי פיקנטי פרימיום 300 גרם,"סלטי שמיר 2006 בע""מ",IL,חומוס מזרחי 300 גרם,יחידה,0.00,יחידה,false,,14.90,0.0000,true,1,2143583
7290004150143,false,חציל במיונז פיקנטי פרימיום 300 גרם,"סלטי שמיר 2006 בע""מ",IL,חציל במיונז 300 גרם,יחידה,0.00,יחידה,false,,14.90,0.0000,true,1,2143586
7290004150167,false,תפואדמה במיונז פיקנטי פרימיום 300 גרם,"סלטי שמיר 2006 בע""מ",IL,"תפו""א במיונז 300 גרם",יחידה,0.00,יחידה,false,,14.90,0.0000,true,1,2143588
7290004150181,false,חמוצים סיני פיקנטי פרימיום 300 גרם,"סלטי שמיר 2006 בע""מ",IL,חמוצים סיני 300 גרם,יחידה,0.00,יחידה,false,,14.90,0.0000,true,1,2143590
7290004150198,false,סלק מגורד פיקנטי פרימיום 300 גרם,"סלטי שמיר 2006 בע""מ",IL,סלק מגורד 300 גרם פי,יחידה,0.00,יחידה,false,,14.90,0.0000,true,1,2143591
7290004150211,false,תורכי איסטנבול 300 גרם פיקנטי פרימיום,"סלטי שמיר 2006 בע""מ",IL,תורכי איסטנבול 300 ג,יחידה,0.00,יחידה,false,,14.90,0.0000,true,1,2143593
7290004150228,false,כרוב אדום 300 גרם פיקנטי פרימיום,"סלטי שמיר 2006 בע""מ",IL,כרוב אדום 300 גרם פי,יחידה,0.00,יחידה,false,,14.90,0.0000,true,1,2143594
7290004194208,false,כרעיים עוף חלק רב מחפוד קפוא,,IL,כרעיים עוף מחפוד,קילוגרמים,1.00,"ק""ג",true,,34.90,34.9000,true,1,1171021
7290004194239,false,מחפוד-חזה עוף קפוא מהדרין,,IL,חזה עוף מחפוד,קילוגרמים,1.00,"ק""ג",true,,34.90,34.9000,true,1,1171022
7290004199074,false,סאני פלסטר אינטרסן 5,,,פלסטרים,יח',50.00,יח',false,,5.90,0.1180,true,1,1169909
7290004199166,false,כפפות לאטקס 100 יח' EASY TOUCH- S,הדקלאים אגודת שיתופי,TH,כפפות לאטקס S,יח',100.00,יח',false,,21.90,0.2190,true,1,1219606
7290004199173,false,כפפות לטקס איזי טאצ 100 יח מדיום,הדקלאים אגודת שיתופי,TH,כפפות לאטקס M,יח',100.00,יח',false,,21.90,0.2190,true,1,1219607
7290004199180,false,כפפות לטקס איזי טאצ 100 יח לארג,הדקלאים אגודת שיתופי,TH,כפפות לאטקס L,יח',100.00,יח',false,,21.90,0.2190,true,1,1219608
7290004199203,false,קיסמ' שיניים מבמבוק מלחיה 300 יח',הדקלאים אגודת שיתופי,CN,קיסמי שיניים עץ 300,יח',300.00,יח',false,,3.50,0.0117,true,1,1217165
7290004199234,false,כפפות לטקס איזי טאצ 100 יח אקסטרא לארג,יושלם,TH,כפפות לאטקס XL,יחידה,0.00,יחידה,false,,21.90,0.0000,true,1,1219609
7290004199579,false,פלסטר מעורב 100 יח' - SUNNY PLASTER,הדקלאים אגודת שיתופי,CN,פלסטר 100 יחידות מעו,יח',100.00,יח',false,,7.90,0.0790,true,1,1169915
7290004199777,false,צימרוני אוז' פל' בכוס 300 יח',,,צימרונים לאוזנים 300,יח',300.00,יח',false,,6.90,0.0230,true,1,1169916
7290004199784,false,כפפות S לטקס עם איבוק עדין 100 יח- SAFE TOUCH,סייף טאצ,TH,כפפות לאטקס S,יח',100.00,יח',false,,29.90,0.2990,true,1,1219610
7290004199791,false,כפפות M לטקס עם איבוק עדין 100 יח- SAFE TOUCH,סייף טאצ,TH,כפפות לאטקס M,יח',100.00,יח',false,,29.90,0.2990,true,1,2017177
7290004199807,false,כפפות L לטקס עם איבוק עדין 100 יח- SAFE TOUCH,סייף טאצ,TH,כפפות לאטקס L,יח',100.00,יח',false,,29.90,0.2990,true,1,1219612
7290004199821,false,אטבי כביסה סופר 24 יח',,CN,אטבי כביסה סופר,יח',24.00,יח',false,,4.50,0.1875,true,1,1169917
7290004219819,false,קומפלטה מלבין קפה הולנדי 200ג,פריזלנד פודס קיוויט,NL,מלבין קפה הולנדי 200גרם,גרמים,200.00,100 גרם,false,,9.90,0.0495,true,1,1159263
7290004225285,false,גבינה בסגנון דנאבלו 100 ג',האי נאם סי או אל.טי.,DK,בסגנון דנאבלו 100 גר,גרמים,100.00,100 גרם,false,,12.90,0.1290,true,1,1177273
7290004228415,false,פיצה סיציליאנית עבה,האי נאם סי או אל.טי.,IT,פיצה עבה שגב,גרמים,425.00,100 גרם,false,,15.90,0.0374,true,1,1981932
7290004228804,false,עלי לסיגר מרוקאי לפסטיליה 450 גרם,שלושת האופים,IL,עלי סיגר,גרמים,450.00,100 גרם,false,,13.90,0.0309,true,1,1999014
7290004230333,false,"מקלות בורקס פילו תפו""א שגב 600 גר",שלושת האופים שגמור,IL,"מקלות פילו תפו""א שגב",גרמים,600.00,100 גרם,false,,16.90,0.0282,true,1,1213704
7290004230340,false,מקלות בורקס פילו תרד ובצל שגב 600 ג,שלושת האופים שגמור,IL,מקלות פילו תרד ובצל שגב,גרמים,600.00,100 גרם,false,,16.90,0.0282,true,1,1213705
7290004230371,false,מקלות בורקס פילו פיצה 600 גרם לנדא,שלושת האופים שגמור,IL,מקלות פילו פיצה שגב,גרמים,600.00,100 גרם,false,,16.90,0.0282,true,1,1213708
7290004230944,false,מקלות פילו גבינה 600 גר' שלושת האופים לנדא,שלושת האופים שגמור,IL,מקלות פילו גבינה,גרמים,600.00,100 גרם,false,,14.90,0.0248,true,1,1213692
7290004255008,false,בית חנוכייה קטן,,,בית חנוכייה קטן,יחידה,0.00,יחידה,false,,49.90,0.0000,true,1,2039282
7290004255237,false,נר נשמה 48 שעות רבני,מנורה,IL,"נרות נשמה צדיקים , דולקים",יח',1.00,יח',false,,7.90,7.9000,true,1,1199525
7290004255305,false,נר נשמה שבועי בפלסטיק מנורה,"מנורה שי נר בע""מ",IL,נר נשמה 7 ימים בפלסט,יחידה,0.00,יחידה,false,,8.90,0.0000,true,1,1995179
7290004255343,false,נריות 72 בקופסא - 4 שעות,"מנורה שי נר בע""מ",IL,"נריות 72 יחידות , דולקים",יח',72.00,יח',false,,19.90,0.2764,true,1,1199526
7290004255619,false,נרות חימום 100 יחידו,"מנורה שי נר בע""מ",IL,נרות חימום מנורה 100 יחיד,יח',100.00,יח',false,,19.90,0.1990,true,1,1199531
7290004324605,false,"גבינת מון בלאן רוקפור 7%, 120 ג'",האי נאם סי או אל.טי.,IL,גבינת מון בלאן רוקפור 120,גרמים,120.00,100 גרם,false,,9.90,0.0825,true,1,1177274
7290004329495,false,גרון עוף,,,גרון עוף,קילוגרמים,1.00,"ק""ג",true,,4.90,4.9000,true,1,1190561
7290004329501,false,גרון הודו,,,גרון הודו,קילוגרמים,1.00,"ק""ג",true,,24.90,24.9000,true,1,1190562
7290004329624,false,שוקיים הודו טרי,,,שוקיים הודו טרי,קילוגרמים,1.00,"ק""ג",true,,24.90,24.9000,true,1,1190569
7290004329631,false,כנפיים הודו טרי,,,כנפיים הודו טרי,קילוגרמים,1.00,"ק""ג",true,,14.90,14.9000,true,1,1190570
7290004329655,false,חזה הודו,,,חזה הודו,קילוגרמים,1.00,"ק""ג",true,,34.90,34.9000,true,1,1190571
7290004329662,false,בשר הודו אדום,,,בשר הודו אדום,קילוגרמים,1.00,"ק""ג",true,,59.90,59.9000,true,1,1190572
7290004329679,false,שווארמה הודו,,,שווארמה הודו,קילוגרמים,1.00,"ק""ג",true,,69.90,69.9000,true,1,1190573
7290004329709,false,קורקבן עוף,,,קורקבן עוף,קילוגרמים,1.00,"ק""ג",true,,7.90,7.9000,true,1,1190575
7290004329716,false,לבבות עוף,,,לבבות עוף,קילוגרמים,1.00,"ק""ג",true,,29.90,29.9000,true,1,1190576
7290004329723,false,כבד עוף טרי,,,כבד עוף טרי,קילוגרמים,1.00,"ק""ג",true,,29.90,29.9000,true,1,1190577
7290004329730,false,חזה עוף שלם,,,חזה עוף שלם,קילוגרמים,1.00,"ק""ג",true,,34.90,34.9000,true,1,1190578
7290004329747,false,כנפיים עוף,,,כנפיים עוף,קילוגרמים,1.00,"ק""ג",true,,9.90,9.9000,true,1,1190579
7290004329754,false,שוקיים עוף טרי,,,שוקיים עוף טרי,קילוגרמים,1.00,"ק""ג",true,,29.90,29.9000,true,1,1190580
7290004329761,false,ירכיים עוף טרי,,,ירכיים עוף טרי,קילוגרמים,1.00,"ק""ג",true,,29.90,29.9000,true,1,1190581
7290004329778,false,כרעיים עוף,,,כרעיים עוף,קילוגרמים,1.00,"ק""ג",true,,29.90,29.9000,true,1,1190582
7290004329808,false,כתף עגל טרי,,,כתף עגל טרי,קילוגרמים,1.00,"ק""ג",true,,69.00,69.0000,true,1,1190585
7290004329860,false,אסאדו עם עצם,,,אסאדו עם עצם,קילוגרמים,1.00,"ק""ג",true,,59.90,59.9000,true,1,1190590
7290004339692,false,סייטן קפוא ביתי 500 גרם טבע דלי,טבע דלי,IL,"גוש סייטן טבעי (""עוף"", מק",גרמים,500.00,100 גרם,false,,17.90,0.0358,true,1,1176925
7290004386825,false,שעועית בגודל ענק אפויה ברוטב עגבניות -מוכן לאכילה,וילי פוד,GR,שעועית ענק ברוטב עגב,גרמים,420.00,100 גרם,false,,9.90,0.0236,true,1,2023657
7290004456061,false,כבד עגל טרי,,,כבד עגל טרי,קילוגרמים,1.00,"ק""ג",true,,24.90,24.9000,true,1,1190593
7290004456078,false,"חזה בקר ע""ע טרי",,,"חזה בקר ע""ע טרי",קילוגרמים,1.00,"ק""ג",true,,49.90,49.9000,true,1,1190594
7290004456085,false,סטייק אנטריקוט עם עצ,,,סטייק אנטריקוט עם עצ,קילוגרמים,1.00,"ק""ג",true,,99.00,99.0000,true,1,1190595
7290004456801,false,פרגיות עוף שלם טרי,,,פרגיות עוף שלם טרי,קילוגרמים,1.00,"ק""ג",true,,59.90,59.9000,true,1,1190600
7290004456818,false,שניצל עוף פרוס,,,שניצל עוף פרוס,קילוגרמים,1.00,"ק""ג",true,,44.90,44.9000,true,1,1190601
7290004456931,false,עוף טרי מפורק,,,עוף טרי מפורק,קילוגרמים,1.00,"ק""ג",true,,24.90,24.9000,true,1,1190602
7290004480219,false,צ'דר בלוק במשקל,וואיק פארמס לימיטיד,GB,צ'דר,קילוגרמים,1.00,"ק""ג",true,,109.00,109.0000,true,1,2119558
7290004480332,false,גבינה גאודה קשה מחלב,מחלבות גד,IL,גבינה גאודה קשה מחלב,קילוגרמים,1.00,"ק""ג",true,,110.00,110.0000,true,1,2120972
7290004480349,false,גאודה עזים משולשים במשקל,מחלבת אמלטי הולנד,IL,גבינה גאודה עיזים מש,קילוגרמים,1.00,"ק""ג",true,,129.00,129.0000,true,1,2120973
7290004492274,false,בייגלה טבעות מלוחות 400 ג',אתר בייגל - Food,IL,בייגל בייגל בייגלה מלח 40,גרמים,400.00,100 גרם,false,,9.90,0.0248,true,1,1188197
7290004494049,false,פומה סוביניון בלאן-דלתון 750 מל,"איי, בי, אינבוו",IL,יין דלתון,מיליליטרים,750.00,"100 מ""ל",false,,59.90,0.0799,true,1,1232497
7290004494353,false,"יין עלמה אייבורי 750 מ""ל דלתון","יקב דלתון בע""מ",IL,יין דלתון עלמה,מיליליטרים,750.00,"100 מ""ל",false,,79.90,0.1065,true,1,1232501
7290004502690,false,וודקה פינלנדיה 1 ליטר,,,פינלנדיה 1 ליטר.,ליטרים,1.00,ליטר,false,,94.90,94.9000,true,1,2105620
7290004532024,false,פיצוחי הטיב חמניה קלוף טבעי 200ג,דין שיווק,,גרעיני חמניה קלוף 20,גרמים,200.00,100 גרם,false,,5.90,0.0295,true,1,1182028
7290004532062,false,הטיב גרעיני אבטיח 200ג,דין שיווק,,גרעיני אבטיח 200 גרם,גרמים,200.00,100 גרם,false,,11.90,0.0595,true,1,1182031
7290004532147,false,הטיב קבוקים 200ג,"גיי אנג גי פקאנס בע""",IL,קבוקים 200 גרם.,גרמים,200.00,100 גרם,false,,4.90,0.0245,true,1,1182039
7290004532277,false,צימוק לבן ג'מבו 200 גר',"גיי אנג גי פקאנס בע""",IL,צמוק לבן ג'מבו 200 ג,גרמים,200.00,100 גרם,false,,9.90,0.0495,true,1,1182048
7290004532369,false,"מנצ""יס פיקנטי הטיב 1","גיי אנג גי פקאנס בע""",IL,חטיף מנצ'יס 180 גרם.,גרמים,180.00,100 גרם,false,,7.90,0.0439,true,1,1182053
7290004532574,false,גרעינים שחורים 200 גר',"גיי אנג גי פקאנס בע""",IL,גרעינים שחורים 200 ג,גרמים,200.00,100 גרם,false,,4.90,0.0245,true,1,1182059
7290004532581,false,בוטנים קלויים 200ג' הטיב,g&g,,בוטנים קלוי 200 גרם,גרמים,200.00,100 גרם,false,,6.90,0.0345,true,1,1182060
7290004544539,false,אריאל ללא גלוטן לחמנ,מאפיית אריאל,IL,לחמניית סנדבייץ ללא,"י""ח",6.00,"י""ח",false,,17.90,2.9833,true,1,2150396
7290004544553,false,לחמניה המבורגר 4 יח,מאפיית אריאל,IL,לחמניה המבורגר,"י""ח",4.00,"י""ח",false,,17.90,4.4750,true,1,2150398
7290004544560,false,לחמניה מיני ללא גול,,,לחמניה מיני ללא גול,"י""ח",10.00,"י""ח",false,,17.90,1.7900,true,1,2150399
7290004549350,false,גרעין שחור ענק 400 ג,"דין שיווק וקלייה בע""",,גרעין שחור קלוי 400,גרמים,400.00,100 גרם,false,,8.90,0.0223,true,1,1175158
7290004584306,false,רבעיית גמדים בטעם תות בננה * 100 ג' שטראוס,מיוצר עי קונדיטוריית,IL,4 גמדים תות בננה,גרמים,400.00,100 גרם,false,,10.50,0.0263,true,1,1188690
7290004584351,false,גבינה לבנה סימפוניה עם תוספות 200 ג' חמישית 200,"שטראוס בריאות בע""מ",IL,סימפ' החמישית,גרמים,200.00,100 גרם,false,,10.90,0.0545,true,1,1188691
7290004584528,false,יוגורט דנונה ביו טבעי 1.7% 200 גרם,מיוצר עי קונדיטוריית,IL,"דנונה ביו טבעי 1.5%, 200",גרמים,200.00,100 גרם,false,,3.30,0.0165,true,1,1188692
7290004585907,false,דני ועדן וניל 1.5% 125ג' שטראוס,מיוצר עי קונדיטוריית,IL,דני וניל,גרמים,125.00,100 גרם,false,,2.70,0.0216,true,1,1188693
7290004603175,false,מלח הארץ מלחייה גס 500 גרם,תעשיות מלח לישראל,IL,מלח הים האדום גס 500 גרם,גרמים,500.00,100 גרם,false,,7.90,0.0158,true,1,1186265
7290004685027,false,לחם חיטה מלאה פלוס לחם הארץ 500 גרם,מאפית י את א ברמן בע,IL,לחם קל מחיטה מלאה,גרמים,500.00,100 גרם,false,,15.90,0.0318,true,1,1362977
7290004685089,false,לחם הארץ לחם חמניות 500 גר',מאפית י את א ברמן בע,IL,לחם חמניות,גרמים,500.00,100 גרם,false,,15.90,0.0318,true,1,1363020
7290004685157,false,לחם שיפון 100% 750 גרם לחם הארץ,מאפית י את א ברמן בע,IL,לחם הארץ שיפון 750 ג,גרמים,750.00,100 גרם,false,,15.50,0.0207,true,1,1175054
7290004685430,false,לחם כוסמין לחם הארץ,מאפית י את א ברמן בע,IL,לחם כוסמין 100%,גרמים,500.00,100 גרם,false,,15.50,0.0310,true,1,1397623
7290004685447,false,לחמניות כוסמין 6 יחי' 450 גר',מאפית י את א ברמן בע,IL,לחמניות כוסמין 6 יח,גרמים,450.00,100 גרם,false,,13.90,0.0309,true,1,1989833
7290004685454,false,לחם שיבולת שועל 500 גר'.,מאפית י את א ברמן בע,IL,לחם שיבולת שועל 500,גרמים,500.00,100 גרם,false,,15.90,0.0318,true,1,2025134
7290004731076,false,אל סבון אלוורה כיף 1 ל',טרופיקל דגיל תעשיות,IL,אל סבון כיף אלוורה 1ליטר,ליטרים,1.00,ליטר,false,,10.90,10.9000,true,1,1167430
7290004731083,false,כיף אל סבון גנסינג 1 ליטר משאבה,טרופיקל דגיל תעשיות,IL,אל סבון כיף ג'ינסנג1ליטר,ליטרים,1.00,ליטר,false,,10.90,10.9000,true,1,1167431
7290004731090,false,אל סבון קמומיל כיף 1 ל',קוסמופארם,IL,אל סבון כיף קמומיל 1ליטר,ליטרים,1.00,ליטר,false,,10.90,10.9000,true,1,1167432
7290004731410,false,סנו סושי כרית קרצוף ירוק שלישיה,סנו סושי,IL,סנו סושי3כרית קרצוף ירוק,יח',3.00,יח',false,,9.90,3.3000,true,1,1167446
7290004731472,false,"אל סבון צבעוני כיף שלישיה* 500 מ""ל",טרופיקל דגיל תעשיות,IL,500מX3 אלסבון כיף צבעוני,ליטרים,1.50,ליטר,false,,19.90,13.2667,true,1,1167447
7290004731519,false,"מרכך ומבשם מקסימה למייבש אולטרה פרש 750 מ""ל סנו",סנו מקסימה,IL,מקסימה למייבש סנסטיב750מ,מיליליטרים,750.00,"100 מ""ל",false,,17.90,0.0239,true,1,1167448
7290004731557,false,"סנו מקסימה למייבש מאסק 750 מ""ל",סנו מקסימה,IL,מקסימה למייבש מאסק 750מל,מיליליטרים,750.00,"100 מ""ל",false,,17.90,0.0239,true,1,1167449
7290004731564,false,"סנו - מקסימה מרסס למייבש כביסה פריחה כחולה 750 מ""ל",סנו מקסימה,IL,מרסס למייבש כביסה סנ,מיליליטרים,750.00,"100 מ""ל",false,,17.90,0.0239,true,1,1491726
7290004731670,false,"סנו דואופרש פצ'ולי לבנדר 300 מ""ל","סנו מפעלי ברונוס בע""",IL,דואו פרש פצ'ולי לבנדר300,מיליליטרים,300.00,"100 מ""ל",false,,12.90,0.0430,true,1,1167451
7290004731687,false,דואופרש וניל ולמון גראס,סנו fresh,IL,דואו פרש וניל למון 300מל,מיליליטרים,300.00,"100 מ""ל",false,,12.90,0.0430,true,1,1229415
7290004731816,false,סנו סושי מגבות הפלא למטבח 8 גלילים,סנו מפעלי ברונוס בעמ,IL,סנו סושי מגבות הפלא 8 יח,מטרים,84.64,מטר,false,,14.90,0.1760,true,1,1167453
7290004731984,false,משחת שיניים אורביטול להלבנה 145 גר,החברה הדרומית,IL,משחת שיניים אורביטול,גרמים,145.00,100 גרם,false,,9.90,0.0683,true,1,2022734
7290004737719,false,אספרגוס שלם בצנצנת 330 ג' ולי פוד,heze sanqing food,CN,אספרגוס שלם מקולף בצנצ' 3,גרמים,330.00,100 גרם,false,,10.90,0.0330,true,1,1159266
7290004737900,false,חלב מרוכז ממותק 397 גרם ויליפוד,יו.איי.בי מאריג'אמפו,LT,חלב מרוכז ממותק 397גרם,גרמים,397.00,100 גרם,false,,9.90,0.0249,true,1,1159268
7290004810207,false,פרש ואנס פדיות,על בד,IL,פ.ו פדיות קוסמטיות 80יח',יח',80.00,יח',false,,5.90,0.0738,true,1,1199619
7290004952112,false,סוכר קנים אורגני הרדוף 1 קג,אול אורגני,IL,"סוכר קנים אורגני 1 ק""ג הר",קילוגרמים,1.00,"ק""ג",false,,12.90,12.9000,true,1,1159550
7290004977009,false,עמבה הודית סלטי משני,משני,,עמבה הודית סלטי משני,גרמים,300.00,100 גרם,false,,14.90,0.0497,true,1,2021318
7290004977016,false,ממרח לימון סלטי משני,סלטי משני,,ממרח לימון סלטי משני,גרמים,300.00,100 גרם,false,,12.90,0.0430,true,1,2021319
7290004977023,false,סלט אבוקדו ובצל סלטי,משני,,סלט אבוקדו ובצל סלטי,גרמים,300.00,100 גרם,false,,19.90,0.0663,true,1,2021320
7290004982355,false,גבינת צדר טריפל במשק,שבינגטון,GB,גבינה צדר אנגלי 3 צב,קילוגרמים,1.00,"ק""ג",true,,109.00,109.0000,true,1,1420628
7290005008191,false,"פלמוליב סבון נוזלי בניחוח ארומה סגול, 500 מ""ל",הנסיך- מפעל לייצור ט,TR,פלמוליב ארומה סגול 500מל,מיליליטרים,500.00,"100 מ""ל",false,,15.90,0.0318,true,1,1185612
7290005008481,false,ספיד סטיק - דאודורנט ג'ל לגבר ספורט 85 גרם,הנסיך- מפעל לייצור ט,US,ספיד סטיק גל בסיסי ספורט,גרמים,85.00,100 גרם,false,,17.90,0.2106,true,1,1185613
7290005020162,false,"וויסקי בלנטייניס 700 מ""ל",פרנו,IL,וויסקי בלנטיינס 40%,מיליליטרים,700.00,"100 מ""ל",false,,79.90,0.1141,true,1,1171617
7290005068058,false,תירס קל מופחת קלוריות 550 ג' פרי הגליל,"פרי הגליל בע""""מ",IL,תירס קל א -2פג,גרמים,550.00,100 גרם,false,,6.90,0.0125,true,1,1193816
7290005068447,false,"גרגרי תירס קל בוואקום ללת""ס פרי גליל 340ג'",ויטה פרי גליל,IL,תירס קל 12אונק פג,גרמים,340.00,100 גרם,false,,5.90,0.0174,true,1,1193817
7290005068492,false,לקט ירקות מעורבים 700 גרם פרי-גליל,פרי הגליל,IL,לקט ירק מעורב 700( 20יח'),גרמים,700.00,100 גרם,false,,9.90,0.0141,true,1,1193818
7290005068553,false,לקט ירקות בורגנדי 700 ג' פרי הגליל,פרי הגליל בעמ,IL,לקט בורגונדי 700,גרמים,700.00,100 גרם,false,,14.90,0.0213,true,1,1193819
7290005079290,false,צהובה נעם 15% מהדרין,טרה,IL,גבינה צהובה נעם 15%,קילוגרמים,1.00,"ק""ג",true,,69.00,69.0000,true,1,1280471
7290005079344,false,מוצרלה נועם רכיבים ט,מחלבת משק צוריאל,IL,"גבינת מוצרלה נעם ק""ג",קילוגרמים,1.00,"ק""ג",true,,79.00,79.0000,true,1,1596902
7290005079412,false,נעם אמנטל מעדניה,טרה,IL,חריץ אמנטל נעם,קילוגרמים,1.00,"ק""ג",true,,59.00,59.0000,true,1,1993018
7290005084355,false,סנסודין משחת שיניים דואל קר פלואוריד 75,גלקסו סמית קליין,GB,"סנסודיין דואלקר 75 מ""ל",מיליליטרים,75.00,"100 מ""ל",false,,19.90,0.2653,true,1,1192945
7290005113222,false,זיתים קוקטייל וגמבה יבנה 350ג',קבוצת יבנה,IL,מיקס זיתים,גרמים,560.00,100 גרם,false,,6.90,0.0123,true,1,1205385
7290005174551,false,סלט חומוס עם צנוברים 125 ג' אחלה,מיוצר עי קונדיטוריית,IL,חומוס יום-יום 125 גרם,גרמים,125.00,100 גרם,false,,4.50,0.0360,true,1,1188695
7290005174568,false,אחלה סלט חצילים יום 125 ג',מיוצר עי קונדיטוריית,IL,חציל במיונז 125 גרם,גרמים,125.00,100 גרם,false,,4.50,0.0360,true,1,1188696
7290005175428,false,"קמח תירס לל""ג ריבארה 500 ג'",וילי פוד,AR,קמח תירס אינסטנט 500גרם,גרמים,500.00,100 גרם,false,,5.90,0.0118,true,1,1159270
7290005197758,false,עוגיות חיוכים שוקו שוקו 150ג',אפיפית נצרת תעשיות ב,IL,"חיוכים שוקו 150 בד""צ/24יח",גרמים,150.00,100 גרם,false,,4.90,0.0327,true,1,1189358
7290005199578,false,"קפה פלאטינום עלית נטול 200ג' כש""לפ",שטראוס גרופ,IL,פלאטינום נטול חדש200/6יח',גרמים,200.00,100 גרם,false,,29.90,0.1495,true,1,1189365
7290005199738,false,גומי מאסט בטעם פפרמינט ריח פה נעים פליפטופ 28 ג' עלית,"שטראוס גרופ בע""מ",IL,LL Must ריח פה פפרמינט,גרמים,30.00,100 גרם,false,,3.90,0.1300,true,1,1189367
7290005200786,false,תפוצ'יפס שמנת ובצל 50 גרם,"שטראוס פריטו ליי בע""",IL,תפו50 שמנת ובצל-חדש/1שק'/,גרמים,50.00,100 גרם,false,,3.90,0.0780,true,1,1189937
7290005201455,false,קפה נמס ארומה קלאסי 200 גרם,"אינסטנטה בע""מ",IL,ארומה 200ג' חדש/6יח'/200ג,גרמים,200.00,100 גרם,false,,24.90,0.1245,true,1,1189372
7290005201882,false,קפה טורקי עלית 200 גרם,הנסיך- מפעל לייצור ט,IL,כשלפ טורקי שקית 200,גרמים,200.00,100 גרם,false,,15.90,0.0795,true,1,1189374
7290005270000,false,עלי סיגר מרוקאי 500,"חמים וטעים בע""מ",IL,עלי סיגר 500 גרם,גרמים,500.00,100 גרם,false,,13.90,0.0278,true,1,1171378
7290005287206,false,טונה סטארקיסט בשמן רביעיות 4*160 גר,"סטארקיסט פודור בע""מ",IL,טונה סטארקיסט רביעיה,גרמים,640.00,100 גרם,false,,24.90,0.0389,true,1,1157306
7290005287251,false,טונה סטארקיסט במים רביעיות 4*160 גר,"סטארקיסט פודור בע""מ",IL,טונה סטארקיסט רביעיה,גרמים,640.00,100 גרם,false,,24.90,0.0389,true,1,1157307
7290005287510,false,טונה בשמן עם בפלפל חריף 160 ג' סטארקיסט,תאי יוניון גרופ,TH,טונה ס.ק בשמן עם פלפ,גרמים,160.00,100 גרם,false,,7.90,0.0494,true,1,1157309
7290005287527,false,טונה סטארקיסט בשמן עם לימון 160 גר,תאי יוניון גרופ,TH,טונה ס.ק בשמן עם לימ,גרמים,160.00,100 גרם,false,,7.90,0.0494,true,1,1157310
7290005287534,false,טונה בשמן עישון טבעי 160 ג' סטארקיסט,תאי יוניון גרופ,TH,טונה ס.ק בשמן עישון,גרמים,160.00,100 גרם,false,,7.90,0.0494,true,1,1157311
7290005287657,false,סטארקיסט ממרח טונה 160 ג',"סטארקיסט פודור בע""מ",IL,ממרח טונה 160 גרם,גרמים,160.00,100 גרם,false,,8.90,0.0556,true,1,1157319
7290005296260,false,"אסטוניש ספריי רסס ונגב לניקוי כללי 750 מ""ל",יעקובי אסטוניש,GB,אסטוניש רסס נגב-ירוק,מיליליטרים,750.00,"100 מ""ל",false,,11.90,0.0159,true,1,1173177
7290005296857,false,"פוליבוי מרסס לכל סוגי הרהיטים 500 מ""ל",דרמרס DRAMERS,PL,הפי-ספריי לרהיטים,מיליליטרים,300.00,"100 מ""ל",false,,14.90,0.0497,true,1,1173181
7290005317125,false,ביסקוויט חצי מצופה 175 גרם,אפיפית נצרת תעשיות ב,IL,חצי מצופה תה ביסקויט רגיל,גרמים,175.00,100 גרם,false,,4.90,0.0280,true,1,1194569
7290005317194,false,בסקויט מתוק רגיל/שוקו 110 גר,אפיפית נצרת,IL,ביסקויט תה ביסקויט רגיל,גרמים,110.00,100 גרם,false,,3.50,0.0318,true,1,1194570
7290005317200,false,קרקר טופז טעמים שונים 110 גר,אפיפית נצרת,IL,קרקר טופז רגיל 24/0.110 ה,גרמים,110.00,100 גרם,false,,2.90,0.0264,true,1,1194571
7290005326523,false,ממרח פסטו פטרוזיליה ונענע אוליביה 180 גר,אוליביה,IL,פסטו פטרוזיליה ונענע 180,גרמים,180.00,100 גרם,false,,12.90,0.0717,true,1,1245390
7290005384837,false,"מיץ לימונים מלימונים טריים 500 מ""ל",דריבדוס סיטרוס,ES,מיץ לימון מלימונים טריים,מיליליטרים,500.00,"100 מ""ל",false,,7.90,0.0158,true,1,1159278
7290005384851,false,וילי פוד מיץ לימון בדץ 200מל,וילי פוד,IT,"מיץ לימון 200 מ""ל",מיליליטרים,200.00,"100 מ""ל",false,,3.90,0.0195,true,1,1159279
7290005418709,false,"נטורל קרם לחות לקיבוע תלתלים גלי 400 מ""ל",מיוצר עי אמיליה קוסמ,IL,קר.לחות נטורל קיבוע תלתל,מיליליטרים,400.00,"100 מ""ל",false,,19.90,0.0497,true,1,1190957
7290005418891,false,"אקזיט - ג'ל אסטרים לעיצוב רטוב 500 מ""ל",General,,ג'ל לשיער אקסטרים,מיליליטרים,500.00,"100 מ""ל",false,,19.90,0.0398,true,1,1190960
7290005423055,false,סנו פורטה פלוס מתז בניחות לימון 1 ל',"סנו מפעלי ברונוס בע""",IL,פורטה פלוס 1 ליטר XL,ליטרים,1.00,ליטר,false,,17.90,17.9000,true,1,1853740
7290005423086,false,מטהר אוויר סנומוד פר,סנו מפעלי ברונוס בעמ,IL,מטהר אויר סנומוד,מיליליטרים,150.00,"100 מ""ל",false,,10.90,0.0727,true,1,1610425
7290005423253,false,"סנו - מקסימה מרסס למייבש כביסה אולטרה פרש 750 מ""ל","סנו מפעלי ברונוס בע""",IL,"מקסימה למייבש פרש 750מ""ל",מיליליטרים,750.00,"100 מ""ל",false,,17.90,0.0239,true,1,1167455
7290005423420,false,סנו משמיד עש מבושם,טרופיקל דגיל תעשיות,BG,'סנו משמיד עש מבושם 2 יח,יח',2.00,יח',false,,21.90,10.9500,true,1,1167462
7290005423499,false,"סנו נירוסטה אירוסול 500 מ""ל",מיוצר עי קונדיטוריית,IL,סנו נירוסטה אירוסול500מל,מיליליטרים,500.00,"100 מ""ל",false,,19.90,0.0398,true,1,1167465
7290005423505,false,"אורביטול מי פה להלבנת השיניים 500 מ""ל",קוסמופארם,IL,"מי פה אורביטול 500 מ""ל",מיליליטרים,500.00,"100 מ""ל",false,,17.90,0.0358,true,1,1167466
7290005423543,false,אורביטול - משחת שיניים להלבנה 145 גרם,טרופיקל דגיל קוסמטיק,IL,משחת אורביטול להלבנה145ג,גרמים,145.00,100 גרם,false,,9.90,0.0683,true,1,1167467
7290005423567,false,מטליות לניקוי כללי בגליל 40 יח' סנו סושי,אסותא תעשיות אלבד בע,IL,40מטליות לניקוי סנו סושי,יח',40.00,יח',false,,19.90,0.4975,true,1,1167468
7290005423635,false,ריצפז נוזל לניקוי רצפות דוחה חרקים 2 ל',מיוצר עי קונדיטוריית,IL,ריצפז פלוס דוחה תיקנים2ל,ליטרים,2.00,ליטר,false,,22.90,11.4500,true,1,1167469
7290005423833,false,סנו פוליויקס פרקט 2 ליטר,"סנו מפעלי ברונוס בע""",IL,פוליויקס פרקט 2 ליטר,ליטרים,2.00,ליטר,false,,19.90,9.9500,true,1,1167471
7290005423888,false,אלסבון כיף שלישיה מעורב,טרופיקל דגיל תעשיות,IL,500מלX3 אלסבון כיף מעורב,מיליליטרים,1500.00,"100 מ""ל",false,,19.90,0.0133,true,1,1214505
7290005424014,false,"אבקת כביסה פיסגה קלה 6 ק""ג סנו","מפעלי ברונוס בע""מ",IL,"אבקת כביסה פיסגה 6 ק""ג",קילוגרמים,6.00,"ק""ג",false,,39.90,6.6500,true,1,1167475
7290005424113,false,מטליות רצפה 4 יח' סנו סושי,סנו סושי,IL,4סנו סושי מטלית רצפ+כרית,יח',4.00,יח',false,,14.90,3.7250,true,1,1167477
7290005424311,false,קוטל חרקים זוחלים ומעופפים,מיוצר עי קונדיטוריית,IL,רב קוטל בריח פרחים K סנו,מיליליטרים,500.00,"100 מ""ל",false,,22.90,0.0458,true,1,1167480
7290005424403,false,"אל סבון כיף אצות ים קטיפתי 1ליטר,",טרופיקל דגיל תעשיות,IL,אל סבון כיף אצות ים1ליטר,ליטרים,1.00,ליטר,false,,10.90,10.9000,true,1,1167481
7290005424700,false,סנו - פורטה פלוס מרסס מסיר שומנים 1 ליטר,סנו,IL,"סנו פורטה פלוס 750 מ""ל",ליטרים,1.00,ליטר,false,,17.90,17.9000,true,1,1731593
7290005424762,false,נוזל רצפות ריצפז ווקס דוחה חרקים 2 ליטר,"סנו מפעלי ברונוס בע""",IL,ריצפז+דוחה תיקנים+ווקס2ל,ליטרים,2.00,ליטר,false,,29.90,14.9500,true,1,1167486
7290005424809,false,סנו סושי סקוטש קרצוף ענק 3יח',סנו סושי,IL,סנו סושי3כרית קרצוף אדום,יח',3.00,יח',false,,9.90,3.3000,true,1,1167489
7290005424915,false,"סנומוד לבנדר פצ''ולי 150 מ""ל",סנו מפעלי בורונוס בע,IL,סנומוד פצ'ולי לבנדר 150מ,מיליליטרים,150.00,"100 מ""ל",false,,10.90,0.0727,true,1,1167491
7290005425073,false,"סנו דואופרש יסמין עץ סאנדלווד 300 מ""ל","סנו מפעלי ברונוס בע""",IL,דואו פרש יסמין סנדלווד,מיליליטרים,300.00,"100 מ""ל",false,,12.90,0.0430,true,1,1167495
7290005425110,false,"סנו מתז לחיטוי משטיחים 750 מ""ל","סנו מפעלי ברונוס בע""",IL,מתז לחיטוי משטחים 99,מיליליטרים,750.00,"100 מ""ל",false,,18.90,0.0252,true,1,1853792
7290005425127,false,"חיטוי משטחים 99.9% מתז לשומנים ואבנית 750 מ""ל","סנו מפעלי ברונוס בע""",IL,מתז לחיטוי עוצמתי 99,מיליליטרים,750.00,"100 מ""ל",false,,18.90,0.0252,true,1,1853793
7290005425202,false,אבקת כביסה ביו מקסימה לכתמים קשים,"סנו מפעלי ברונוס בע""",IL,"אבקת מקסימה ביו 2.5 ק""ג",קילוגרמים,2.50,"ק""ג",false,,29.90,11.9600,true,1,1167499
7290005425585,false,סנו רהיט מטליות להברקת רהיטים 20יח',טרופיקל דגיל,IL,סנו רהיט 20 מטליות ניקוי,יח',20.00,יח',false,,16.90,0.8450,true,1,1167506
7290005425646,false,סנו קליר ספריי אקדח לניקוי והברקת חלונות 1ל',"סנו מפעלי ברונוס בע""",IL,'סנוקליר ניקוי חלונות 1ל,ליטרים,1.00,ליטר,false,,10.90,10.9000,true,1,1167508
7290005425714,false,לשטיחים סנופלוס ספרי,"איי, בי, אינבוו",IL,סנו שמפו שטיחים פלוס600מ,מיליליטרים,600.00,"100 מ""ל",false,,25.90,0.0432,true,1,1167511
7290005425912,false,אוקסיג'ן ג'ל מסיר כתמים 4 ל' סנו,סנו אוקסיג'ן,IL,ג'ל אוקסיג'ן 4 ליטר,ליטרים,4.00,ליטר,false,,34.90,8.7250,true,1,1167516
7290005426193,false,ספוג הפלא אריזת סנו 6יח',טרופיקל דגיל תעשיות,IL,'ספוג הפלא סנו סושי 6 יח,יח',6.00,יח',false,,14.90,2.4833,true,1,1167521
7290005426230,false,מטלית הפלא לרצפה מיקרופייבר סנו 1יח',סנו סושי,CN,מטלית הפלא לרצפה ס.סושי,יח',1.00,יח',false,,10.90,10.9000,true,1,1167522
7290005426384,false,"סנומוד מיס מיליון, 150 מ""ל",סנומוד,IL,סנומוד מיס מיליון 150 מל,מיליליטרים,150.00,"100 מ""ל",false,,10.90,0.0727,true,1,1167526
7290005426568,false,"קרמה - קרם לחות לשיער רגיל 400 מ""ל",טרופיקל דגיל תעשיות,IL,ק.לחות קרמה שיער רגיל400,מיליליטרים,400.00,"100 מ""ל",false,,19.90,0.0497,true,1,1167529
7290005426629,false,"סנו דואופרש אורן לוטוס ופרחי מים ודובדבן, 300 מ""ל",סנו fresh,IL,דואו פרש לוטוס ופרחי מים,מיליליטרים,300.00,"100 מ""ל",false,,12.90,0.0430,true,1,1167533
7290005426940,false,"סנו K-300 מדביר חרקים 475 מ""ל",טרופיקל דגיל תעשיות,IL,300 פלוס8 קוטל חרקי400-K,מיליליטרים,400.00,"100 מ""ל",false,,22.90,0.0572,true,1,1167540
7290005426964,false,סנובון כחול בריח אפרסק 3 יח' * 55 ג',סנו סנובון,IL,50גX3 סנובון כחול אפרסק,יח',3.00,יח',false,,15.90,5.3000,true,1,1167541
7290005426971,false,סנובון כחול בריח תפוח 3 יח' * 55 ג',סנו סנובון,IL,50גרXסנובון כחול תפוח 3י,יח',3.00,יח',false,,15.90,5.3000,true,1,1167542
7290005427121,false,מגבות נ ייר 12 גלילי,סנו,IL,מגבות הפלא סנו סושי 12גל,מטרים,126.96,מטר,false,,22.90,0.1804,true,1,1167545
7290005427633,false,"כיף גל לשיער לשיער חזק במיוחד 1 ק""ג",קוסמופארם,IL,ג'ל כיף אקסטרים כחול 1קג,קילוגרמים,1.00,"ק""ג",false,,22.90,22.9000,true,1,1167566
7290005427725,false,מגבונים ליטופים מארז חמישיה,טרופיקל דגיל קוסמטיק,IL,'מגבוני ליטופים 5*72 יח,יח',360.00,יח',false,,19.90,0.0553,true,1,1167568
7290005427732,false,אל סבון קמומיל כיף 2 ל',קוסמופארם,IL,אלסבון כיף קמומיל 2 ליטר,ליטרים,2.00,ליטר,false,,22.90,11.4500,true,1,1167569
7290005427756,false,אלסבון כיף 2 ליטר אלוורה,קוסמופארם,IL,אלסבון כיף אלוורה 2 ליטר,ליטרים,2.00,ליטר,false,,22.90,11.4500,true,1,1167571
7290005427770,false,"קרמה - קרם לחות לשיער לגבר 400 מ""ל",טרופיקל דגיל תעשיות,IL,קרמה לחות לשיער לגבר400מ,מיליליטרים,400.00,"100 מ""ל",false,,19.90,0.0497,true,1,1167573
7290005427787,false,"קרמה - קרם לחות לשיער מתולתל 400 מ""ל",טרופיקל דגיל תעשיות,IL,ק.לחות קרמה ש.מתולתל400מ,מיליליטרים,400.00,"100 מ""ל",false,,19.90,0.0497,true,1,1167574
7290005427848,false,מטלית בגליל ורוד 40 יח' סנו סושי,סנו סושי,IL,סנו סושי 30מט.בגליל ורוד,יח',40.00,יח',false,,19.90,0.4975,true,1,1167576
7290005427978,false,"קרמה תחליב רחצה לפנים 180 מ""ל",גוד פוד פרודקטס S.p,IL,קרמה תחליב רחצה לפנים180,מיליליטרים,180.00,"100 מ""ל",false,,14.90,0.0828,true,1,1167581
7290005427985,false,"קרמה תחליב רחצה לפנים בתוספת גרגירי פילינג 180 מ""ל",גוד פוד פרודקטס S.p,IL,קרמה ת.רחצה לפנים+ג.פילי,מיליליטרים,180.00,"100 מ""ל",false,,14.90,0.0828,true,1,1167582
7290005428845,false,סנו סושי מפיות צבעוני 100 יח,"חי מוצרי נייר בע""מ",IL,סנו סושי מפיות אירוח100י,יח',100.00,יח',false,,6.90,0.0690,true,1,1167591
7290005430602,false,סנו אוקסיגן מסיר כתמים קשים מרסס 750 מל,"סנו מפעלי ברונוס בע""",IL,אוקסיג'ן מ.כתמ.מרסס 750מ,מיליליטרים,750.00,"100 מ""ל",false,,17.90,0.0239,true,1,1167607
7290005430626,false,סנו - אוקסיג'ן מסיר כתמים קשים 2 ליטר,סנו כימיקלים,,מסיר כתמים אוקסיגן 2,ליטרים,2.00,ליטר,false,,19.90,9.9500,true,1,1167608
7290005430671,false,סנו פוליויקס 2 ליטר +קרמיקה,סנו מפעלי ברונו בעמ,IL,'סנו פוליויקס קרמיקה 2 ל,ליטרים,2.00,ליטר,false,,24.90,12.4500,true,1,1167613
7290005430961,false,סנו - מקסימה בד גארד נוזל 1 ליטר,יושלם,,טקסטיל שמפו לכביסה ב,ליטרים,1.00,ליטר,false,,15.90,15.9000,true,1,1167618
7290005431159,false,עדן קינוחים תותים בקצפת לייט,עדן קינוחים,IL,תותים בקצפת לייט 80,גרמים,80.00,100 גרם,false,,5.90,0.0738,true,1,2094118
7290005431883,false,עדן קינוחים מלבי חלבי,עדן קינוחים Eden,IL,מלבי חלבי 165 גרם,גרמים,165.00,100 גרם,false,,5.90,0.0358,true,1,2019263
7290005431906,false,קדאיף עדן קינוחים 82,עדן קינוחים Eden,IL,קדאיף 82 גרם,גרמים,82.00,100 גרם,false,,5.90,0.0720,true,1,2019265
7290005431913,false,עדן קינוחים עוגת גבינה פירורים,עדן קינוחים Eden,IL,עוגת גבינה פירורים 9,גרמים,92.00,100 גרם,false,,5.90,0.0641,true,1,2019266
7290005431937,false,עדן קינוחים טירמיסו,עדן קינוחים Eden,IL,עוגת טירימיסו 82 גרם,גרמים,82.00,100 גרם,false,,5.90,0.0720,true,1,2019268
7290005431968,false,עדן קינוחים מלבי שמנת,עדן קינוחים Eden,IL,מלבי שמנת עדן קינוחי,גרמים,150.00,100 גרם,false,,6.90,0.0460,true,1,2034902
7290005437540,false,פיטריות חתוך טעמן 290 גר',,IL,פטריות חתוך 5.5,גרמים,290.00,100 גרם,false,,3.90,0.0134,true,1,1180881
7290005437632,false,שמן קנולה 1 ליטר טעמן,,IL,שמן קנולה,ליטרים,1.00,ליטר,false,,9.90,9.9000,true,1,2115054
7290005437809,false,חתיכות אננס חתבמיץ טבעי 825 גרם טעמן,פ.ת גרייט פנאפל,ID,אננס חתוך במיץ טבעי,גרמים,825.00,100 גרם,false,,10.90,0.0132,true,1,1180889
7290005437830,false,אננס שלם פרוסות במיץ 825 גר',פ.ת גרייט פנאפל,ID,אננס שלם במיץ טבעי 8,גרמים,825.00,100 גרם,false,,10.90,0.0132,true,1,1180890
7290005437861,false,קוקטייל פירות טרופי 900ג',פ.ת גרייט פנאפל,ID,קוקטייל טרופי 825גר',גרמים,825.00,100 גרם,false,,11.90,0.0144,true,1,2151148
7290005437922,false,מיץ ענבים אדום 1.5 ליטר טעמן,,,מיץ ענבים אדום 1.5 ל,ליטרים,1.50,ליטר,false,,22.90,15.2667,true,1,1180892
7290005477669,false,דרמפון-ס.נוזלי מועשר בלחות 1 ליטר,"אמיליה קוסמטיקס בע""מ",IL,'דרמפון סבון נוז.+לחות1ל,ליטרים,1.00,ליטר,false,,14.90,14.9000,true,1,1190963
7290005500558,false,ג'ל לעיצוב שיער חזק,א.ארמן,IL,גל לשיער פנינה,ליטרים,1.00,ליטר,false,,14.90,14.9000,true,1,1194484
7290005500688,false,"פנינה רוזנבלום מסיכה לשיקום ורודה , 1 ק""ג",א.ארמן,IL,"מסיכה לשיער 1 ק""ג",מיליליטרים,1000.00,"100 מ""ל",false,,29.90,0.0299,true,1,1194488
7290005509445,false,כרמית מיני קוקיס בטעם חמאה 600 גרם,כרמית תעשיות ממתקים,IL,כרמית מיני קוקיס בטעם חמא,גרמים,600.00,100 גרם,false,,18.90,0.0315,true,1,1185619
7290005558023,false,ריחנית,,,ריחנית,יחידה,0.00,יחידה,false,,4.90,0.0000,true,1,1182841
7290005559587,false,מאפה נקניקיה בבצק מעדנות 800ג',מיוצר עי קונדיטוריית,IL,מאפה נקניקיה 800גר מעדנות,גרמים,800.00,100 גרם,false,,26.90,0.0336,true,1,1187502
7290005559709,false,בורקס פיצה מעדנות 700 ג',מיוצר עי קונדיטוריית,IL,בורקס פיצה 700גר מעדנות,גרמים,700.00,100 גרם,false,,24.90,0.0356,true,1,1187504
7290005559907,false,פיצה משפחתית גבינה מעדנות 500 גר,מיוצר עי קונדיטוריית,IL,פיצה משפחתית גבינה מעדנות,גרמים,500.00,100 גרם,false,,24.90,0.0498,true,1,1187506
7290005559914,false,פיצה משפחתית זיתים מעדנות 550 גר,מיוצר עי קונדיטוריית,IL,פיצה משפחתית זיתים מעדנות,גרמים,550.00,100 גרם,false,,24.90,0.0453,true,1,1187507
7290005559990,false,בצק פילאס תורכי מעדנות 600 גרם,מיוצר עי קונדיטוריית,IL,בצק פילאס תורכי 600גר מעד,גרמים,600.00,100 גרם,false,,22.90,0.0382,true,1,1187513
7290005587825,false,לוריאל - דרמו מסיר איפור דו פאזי 125 עברית,KARLSRUHE GERMANY,DE,מסיר איפור עמיד במים125מ,מיליליטרים,125.00,"100 מ""ל",false,,24.90,0.1992,true,1,1150893
7290005591761,false,דבש טהור מפרחי בר בלחיץ 400 ג' יד מרדכי,מכוורת יד מרדכי שטרא,IL,דבש טהור לחיץ 400 גרם,גרמים,400.00,100 גרם,false,,17.90,0.0447,true,1,1189375
7290005610011,false,תפוחי אדמה אדום ארוז,,,תפוחי אדמה אדום ארוז,קילוגרמים,1.00,"ק""ג",true,,5.90,5.9000,true,1,1190476
7290005610028,false,תפוח אדמה לבן ארוז,,,תפוח אדמה לבן ארוז,קילוגרמים,1.00,"ק""ג",true,,4.90,4.9000,true,1,1190477
7290005610127,false,תפוח אדמה לבן דוד משה,אראל תוצרת חקלאית בע,IL,תפוח אדמה גורמה,קילוגרמים,1.00,"ק""ג",true,,5.90,5.9000,true,1,1339237
7290005610509,false,צנוניות ארוזות דוד מ,חקלאי,IL,צנוניות ארוזות דוד מ,גרמים,400.00,100 גרם,false,,4.90,0.0123,true,1,2102610
7290005680052,false,או-בה טמפון קלאסי סופר פלוס 32יח',גונסון אנד גונסון,GR,אובה קלאסי סופר פלוס 32,יח',32.00,יח',false,,29.90,0.9344,true,1,1185623
7290005684418,false,לחם כוסמין אורגני 700 גר,המאפיה של הרמן,IL,לחם מקמח כוסמין מלא,גרמים,700.00,100 גרם,false,,14.90,0.0213,true,1,1198156
7290005684579,false,לחם מחמצת כוסמין 700 ג',מאפית ברמן,IL,לחם חמצת כוסמין,גרמים,700.00,100 גרם,false,,14.90,0.0213,true,1,2017453
7290005686108,false,משמש מיובש 400 גרם,דין שיווק,,משמש מיובש 400 גרם,גרמים,400.00,100 גרם,false,,19.90,0.0497,true,1,1831631
7290005686115,false,שזיפים 400 גרם,דין שיווק,,שזיפים 400 גרם,גרמים,400.00,100 גרם,false,,18.90,0.0472,true,1,1175160
7290005719189,false,לחם מחמצת שיפון אגוז,,,לחם מחמצת שיפון אגוז,גרמים,500.00,100 גרם,false,,16.90,0.0338,true,1,1921976
7290005719790,false,תמצית וניל אמיתי פיל,,,תמצית וניל אמיתי פיל,מיליליטרים,30.00,"100 מ""ל",false,,29.90,0.9967,true,1,2038253
7290005737800,false,סביבון תות מאיר ומנגן מנגינת חנוכה בדיספליי,General,CN,סביבון תות גדול במג,יחידה,0.00,יחידה,false,,16.90,0.0000,true,1,2042271
7290005789380,false,פרשיס קוסמטיקס מגבונים להסרת איפור 54 יח',ווטנאפס,,מגבונים לאיפור,יח',54.00,יח',false,,14.90,0.2759,true,1,1155456
7290005838002,false,מעדן גבינה ויוגורט בטעם וניל 88 ג' דניאלה,"שטראוס בריאות בע""מ",IL,דניאלה וניל,גרמים,88.00,100 גרם,false,,3.90,0.0443,true,1,1188699
7290005838613,false,שטראוס גבינת וניל 3% 125ג,"שטראוס בריאות בע""מ",IL,סקי וניל 125 בודד,גרמים,125.00,100 גרם,false,,3.70,0.0296,true,1,1188700
7290005838972,false,גבינת יום יום 5% שטראוס 125ג',מיוצר עי קונדיטוריית,IL,סקי יום יום 5%,גרמים,125.00,100 גרם,false,,3.20,0.0256,true,1,1188701
7290005839078,false,"דנונה יוגורט ביו 3% לבן מארז 150X8מ""ל",מיוצר עי קונדיטוריית,IL,מ. דנונה 8 חסכון ביו 3% 1,גרמים,1200.00,100 גרם,false,,15.90,0.0133,true,1,1188702
7290005839108,false,גבינה לבנה סימפוניה עם תוספות 200 ג'+זיתים 5%,"שטראוס בריאות בע""מ",IL,סימפ' 5% עם זתים,גרמים,200.00,100 גרם,false,,10.90,0.0545,true,1,1188703
7290005839313,false,"מילקי טופ שוקולד מגולגל 170 מ""ל",מיוצר עי קונדיטוריית,IL,מילקי טופ מגולגלת,גרמים,170.00,100 גרם,false,,4.30,0.0253,true,1,1188704
7290005870477,false,"שמפו רימונים 750 מ""ל שיער יבש",שוורץ,IL,שמפו רימונים שיער יבש 75,מיליליטרים,750.00,"100 מ""ל",false,,14.90,0.0199,true,1,1175694
7290005872860,false,טלק מעושר באלוורה,שוורץ,IL,"טלקיה 300 סמ""ק מ.באלוורה",גרמים,300.00,100 גרם,false,,12.90,0.0430,true,1,1175715
7290005896620,false,מים מוגז ' סאן בנדטו ' יחידה,אקווה מינרלה סאן בנד,IT,מים מוגז סן בנדטו 1.,ליטרים,1.50,ליטר,false,,4.90,3.2667,true,1,1171618
7290005896828,false,שישיית מים סאן בנדטו 1.5 ליטר,סן בנדטו,IL,סאן-בנדטו שישייה 1.5,ליטרים,9.00,ליטר,false,,20.50,2.2778,true,1,1171620
7290005938238,false,ממרח צ'ימצ'ורי פרסקו 220ג' מצונן,"פרסקו חצבה 2006 בע""מ",IL,צ'ימצ'ורי,גרמים,220.00,100 גרם,false,,15.90,0.0723,true,1,1939185
7290005938245,false,ממרח פסטו קלאסי פרסקו 220ג' מצונן,מיוצר עי פרסקו חצבה,IL,פסטו קלאסי,גרמים,220.00,100 גרם,false,,15.90,0.0723,true,1,1939186
7290005938603,false,פרסקו טפנד זיתים שחו,פרסקו חצבה,IL,טפנד זיתים שחורים,גרמים,220.00,100 גרם,false,,15.90,0.0723,true,1,1939187
7290005938610,false,טפנד זיתים ירוקים 22,פרסקו חצבה,IL,טפנד זיתים ירוקים,גרמים,220.00,100 גרם,false,,15.90,0.0723,true,1,1939188
7290005938627,false,ממרח עגבניות מיובשות 220ג',פרסקו חצבה 2006 בעמ,IL,ממרח עגבניות מיובשות,גרמים,220.00,100 גרם,false,,14.90,0.0677,true,1,1939189
7290005946554,false,לבבות קיסר בנספק,,,לבבות קיסר,יחידה,0.00,יחידה,false,,8.90,0.0000,true,1,1182822
7290005946578,false,חסה מיקס שטופה 250 ג,,,חסה מיקס שטופה 250 ג,גרמים,250.00,100 גרם,false,,8.90,0.0356,true,1,1182823
7290005946745,false,עלי חסה שטופים,,,עלי חסה שטופים,גרמים,300.00,100 גרם,false,,7.90,0.0263,true,1,1182824
7290005992018,false,"יוגורט עיזים לשתיה 3% 500 מ""ל רובין","מיוצר ע""י קוד יצרן M",IL,יוגורט עיזים 3% 1/2 ליטר,מיליליטרים,500.00,"100 מ""ל",false,,12.90,0.0258,true,1,1175510
7290005992117,false,גבינת פיקורינו במשקל,מחלבות גד,IL,"פיקורינו רומנו גד ק""ג שקי",קילוגרמים,1.00,"ק""ג",true,,130.00,130.0000,true,1,1175511
7290005992575,false,בולגרית למריחה 5% 250 גרם - רבנות,מחלבות גד בעמ,IL,בולגרית למריחה 250 גרם,גרמים,250.00,100 גרם,false,,14.90,0.0596,true,1,1175517
7290005992667,false,גבינה בולגרית 5% במש,יושלם,IL,"פח בולגרית מסורתית 5% ק""ג",קילוגרמים,1.00,"ק""ג",true,,56.00,56.0000,true,1,1175519
7290005992735,false,לאבנה טבעית 5% 250 גר' - רבנות,הנסיך- מפעל לייצור ט,IL,לאבנה 5% 250 גרם,גרמים,250.00,100 גרם,false,,11.90,0.0476,true,1,1175521
7290005992858,false,גבינת פטה עיזים במשק,יושלם,IL,פטה עיזים מעודנת 5% דלי 4,קילוגרמים,1.00,"ק""ג",true,,110.00,110.0000,true,1,1175522
7290005992964,false,גבינת פטה כבשים במשק,גדישון,IL,"פטה כבשים דלי 4 ק""ג",קילוגרמים,1.00,"ק""ג",true,,99.00,99.0000,true,1,1175530
7290005996078,false,סלמי סרוולט הונגרי 1,מעדני יחיעם,IL,סלמי סרוולט הונגרי,גרמים,125.00,100 גרם,false,,22.90,0.1832,true,1,2075117
7290005996153,false,נקניקיות צרפתיות פרימיום 280 גרם,מעדני יחיעם,IL,נקניקיות פרמיום צו'ר,גרמים,280.00,100 גרם,false,,19.90,0.0711,true,1,2075123
7290005996221,false,פסטרמה של פעם דק דק 120 גרם,מעדני יחיעם,IL,פסטרמה של פעם דק דק,גרמים,120.00,100 גרם,false,,14.90,0.1242,true,1,2017190
7290005996238,false,פסטרמה בדבש דק דק 120 גרם,מעדני יחיעם,IL,פסטרמה בדבש דק דק,גרמים,120.00,100 גרם,false,,14.90,0.1242,true,1,2017191
7290005996276,false,פסטרמה ברביקיו דק דק 120 גרם,מעדני יחיעם,IL,פסטרמה ברביקיו דק דק,גרמים,120.00,100 גרם,false,,14.90,0.1242,true,1,2017192
7290006131034,false,פילה נסיכת הנילוס פר,,,פילה נסיכת הנילוס פר,קילוגרמים,1.00,"ק""ג",true,,64.90,64.9000,true,1,1160052
7290006131119,false,דג הליבוט מקולף פרוס,,,דג הליבוט מקולף פרוס,קילוגרמים,1.00,"ק""ג",true,,69.90,69.9000,true,1,1160055
7290006131287,false,דג פילה בקלה מרלוזה,,,דג פילה בקלה מרלוזה,קילוגרמים,1.00,"ק""ג",true,,34.90,34.9000,true,1,1160056
7290006131386,false,דג בקלה ארוז,,,דג בקלה ארוז,קילוגרמים,1.00,"ק""ג",true,,21.90,21.9000,true,1,1160057
7290006131447,false,דגי מקרל,,,דגי מקרל,קילוגרמים,1.00,"ק""ג",true,,21.90,21.9000,true,1,1254850
7290006131560,false,סרדינים ארוזים,,,סרדינים ארוזים,קילוגרמים,1.00,"ק""ג",true,,21.90,21.9000,true,1,2101332
7290006131591,false,דג פילה ברבוניה 400,,,דג פילה ברבוניה 400,גרמים,400.00,100 גרם,false,,24.90,0.0622,true,1,1673720
7290006199218,false,מאגדת גלידל אייס מוקה 8 יח דיאט,הגלידות של פלדמן,IL,שלגוני גלידל 8 יח קפ,גרמים,400.00,100 גרם,false,,29.90,0.0747,true,1,1182151
7290006210197,false,רוגלך בטעם שוקולד,בונז'ור,IL,בונז'ור רוגלאך,קילוגרמים,1.00,"ק""ג",true,,39.00,39.0000,true,1,1156102
7290006210203,false,"בונז'ור בורקס תפו""א שקילה",בונז'ור,IL,בונז'ור בורקס תפוא.,קילוגרמים,1.00,"ק""ג",true,,39.00,39.0000,true,1,1156103
7290006229427,false,שישיית מים מינרלים סאן בנדטו 500 מל,סן בנדטו,,מים סאן בנדטו 6X 500,מיליליטרים,3000.00,"100 מ""ל",false,,11.90,0.0040,true,1,1171625
7290006235244,false,קמיל בלו משחת צמחי מרפא פסטה לתינוק 100 ג',"ד""ר פישר Dr fischer",IL,'קמיל בלו צמחי מרפא פסטה,גרמים,100.00,100 גרם,false,,19.90,0.1990,true,1,1198354
7290006241214,false,שקד טבעי קלית גת 200 ג',הדקלאים אגודת שיתופי,IL,שקד טבעי בשקית,גרמים,200.00,100 גרם,false,,15.90,0.0795,true,1,1728633
7290006241535,false,תרכיז פריגת קפוא מנג,היינץ צפון אמריקה מק,IL,מנגו 340- ישן,גרמים,280.00,100 גרם,false,,9.90,0.0354,true,1,1176165
7290006241689,false,פריז לימון קפוא 340 גרם,היינץ צפון אמריקה מק,IL,לימון 340,גרמים,280.00,100 גרם,false,,9.90,0.0354,true,1,1176166
7290006251107,false,תה ויסוצקי צ'אי מסאלה 25 יח',מולינו ניקולי s.p.a,IL,צ'אי מסאלה,גרמים,50.00,100 גרם,false,,14.90,0.2980,true,1,1186266
7290006251268,false,תה ירוק תפוח וקינמון 25 שקיקים 1.5 גר,תה ויסוצקי,IL,תה ירוק תפוח וקינמון,גרמים,37.50,100 גרם,false,,22.90,0.6107,true,1,1186267
7290006251275,false,תה ירוק סיני 25 שקיקים של 1.5 ג,תה ויסוצקי,IL,תה ירוק סיני קלאסי,גרמים,37.50,100 גרם,false,,22.90,0.6107,true,1,1186268
7290006251282,false,ניפלאות הקרנברי 25 שקיקים גן קסום,תה ויסוצקי,IL,חליטת חמוציות,גרמים,75.00,100 גרם,false,,16.90,0.2253,true,1,1186269
7290006251374,false,תה ירוק לימונית וגינגר 25 שקיקים ויסוצקי,תה ויסוצקי,IL,תה ירוק לימונית וגינגר,גרמים,37.50,100 גרם,false,,22.90,0.6107,true,1,1186271
7290006251589,false,תה ירוק עם עלי נענע 50 שקיקים ויסוצקי,בית ויסוצקי,IL,תה ירוק נענע,גרמים,75.00,100 גרם,false,,39.90,0.5320,true,1,1186272
7290006271174,false,ג'חנון לאפיה בתנור מעדנות 700 ג',מיוצר עי קונדיטוריית,IL,גחנון בצק 700גר מעדנות,גרמים,700.00,100 גרם,false,,16.90,0.0241,true,1,1187514
7290006271181,false,מעדנות גחנון אפוי 750 גרם,מיוצר עי קונדיטוריית,IL,גחנון אפוי 750גר מעדנות,גרמים,750.00,100 גרם,false,,22.90,0.0305,true,1,1187515
7290006271648,false,"מיני בורקס תפו""א מוזל מעדנות","מעדנות בע""מ",IL,"מיני בורקס תפו""א 800 גרם",גרמים,800.00,100 גרם,false,,22.90,0.0286,true,1,1187521
7290006271655,false,מיני בורקס גבינה מוזל מעדנות,מיוצר עי קונדיטוריית,IL,מיני בורקס גבינה 800 גרם,גרמים,800.00,100 גרם,false,,24.90,0.0311,true,1,1187522
7290006272072,false,חטיפי פיצה בשקית מעדנות 650ג',"מעדנות בע""מ",IL,ריבועי פיצה.,גרמים,650.00,100 גרם,false,,29.90,0.0460,true,1,1187525
7290006272430,false,בצק עלים חמאה מעדנות 600 ג',מיוצר עי קונדיטוריית,IL,בצק עלים חמאה 600גר,גרמים,600.00,100 גרם,false,,27.90,0.0465,true,1,1187526
7290006306326,false,רביולי במילוי פטריות וגבינת פרמזן פסטה נונה 400 ג',דורום תעשיות מזון ופ,IL,רביולי במילוי פטריות וגבי,גרמים,400.00,100 גרם,false,,21.90,0.0547,true,1,1187149
7290006306333,false,רביולי תרד וריקוטה נ,דורום תעשיות מזון ופ,IL,רביולי במילוי תרד וגבינת,גרמים,400.00,100 גרם,false,,21.90,0.0547,true,1,1187150
7290006336453,false,"זיתים"" כפרי ובית",,,"זיתים"" כפרי ובית",קילוגרמים,1.00,"ק""ג",true,,49.00,49.0000,true,1,1182292
7290006342089,false,גרעין שחור 200 גרם ששון הקולה,"דין שיווק וקלייה בע""",IL,גרעין שחור 200 גרם,גרמים,200.00,100 גרם,false,,5.90,0.0295,true,1,1175166
7290006342577,false,פקאן סיני 200 גרם,דין שיווק,,פקאן סיני 200 גרם,גרמים,200.00,100 גרם,false,,24.90,0.1245,true,1,1175167
7290006342584,false,אגוזי מלך קלופים 300,דין שיווק,,אגוזי מלך קלופים 300,גרמים,300.00,100 גרם,false,,22.90,0.0763,true,1,1175168
7290006342591,false,גרעיני דלעת קלויים 2,דין שיווק,,גרעיני דלעת קלויים 2,גרמים,200.00,100 גרם,false,,7.90,0.0395,true,1,1175169
7290006374615,false,מזון מלכות מרוכז במיוחד 5.8% 340גר,יד מרדכי,IL,"מ""מ בדבש 340 (5.8%)",גרמים,340.00,100 גרם,false,,36.90,0.1085,true,1,1189378
7290006374653,false,דבש לייט מופחת קלוריות יד מרדכי 350 ג',שטראוס גרופ,IL,דש-לייט 350 גרם,גרמים,350.00,100 גרם,false,,24.90,0.0711,true,1,1189379
7290006374660,false,שמן זית כתית מעולה 1 ל' יד מרדכי,מכוורת יד מרדכי שטרא,IL,שמן זית 2 קלאסי 1 ליטר,ליטרים,1.00,ליטר,false,,42.90,42.9000,true,1,1189380
7290006374738,false,קונפיטורת יד מרדכי תות 340 גרם,אף.סי תבליני בגליל ב,IL,קונפיטורת תות 340 גרם,גרמים,340.00,100 גרם,false,,12.90,0.0379,true,1,1189385
7290006401373,false,ליגיניה סבון מרענן לשטיפה אינטימית,WHITEHALL ITALIA,IT,LIGINIA ACTIVE-FRESH,מיליליטרים,200.00,"100 מ""ל",false,,29.90,0.1495,true,1,1156975
7290006429506,false,חצאי אפרסקים 820 גרם טעמן,,IL,אפרסק 820 גרם,גרמים,820.00,100 גרם,false,,7.90,0.0096,true,1,1180894
7290006492432,false,גבינת מוצרלה בייבי 18% 300 ג' גד,מחלבות גד בעמ,IL,מוצרלה בייבי 150 גרם,גרמים,150.00,100 גרם,false,,12.90,0.0860,true,1,1175537
7290006492616,false,גבינה בולגרית פרוסות 5% 250 ג' גד,DSH עבור מחלבות גד ב,IL,בולגרית פרוסות 5% 250 גרם,גרמים,250.00,100 גרם,false,,25.90,0.1036,true,1,1175540
7290006492647,false,גד מטבעות גבינת עיזים 22% 150 ג',"מיוצר ע""י קוד יצרן t",IL,מטבעות גבינת עיזים 150 גר,גרמים,150.00,100 גרם,false,,22.90,0.1527,true,1,1175542
7290006492685,false,לאבנה עיזים 5% 250 גרם - רובין,מחלבות גד בעמ,IL,לאבנה 5% עיזים 250 גרם,גרמים,250.00,100 גרם,false,,16.90,0.0676,true,1,1175543
7290006492852,false,גבינת עיזים למריחה 5% שומן 250 ג' גד,מחלבות גד,IL,גבינה למריחה 5% עיזים 250,גרמים,250.00,100 גרם,false,,15.90,0.0636,true,1,1175545
7290006492913,false,ציזיקי לבנה למריחה בתוספת שום שמיר,מחלבות גד בעמ,IL,גבינה צ'זקי 250 גרם,גרמים,250.00,100 גרם,false,,14.90,0.0596,true,1,1175547
7290006494917,false,טוסו וופל קלאסי במילוי שוקולד 200 גרם,"איטיליאן פוד, אס.פי.",IL,טוסו ופל קלאסי בטעם שוקול,גרמים,200.00,100 גרם,false,,9.90,0.0495,true,1,1199638
7290006494924,false,טוסו וופל קלאסי במילוי קרם לימון 200 גרם,"גילרו בע""מ",IL,טוסו ופל בטעם לימון.,גרמים,180.00,100 גרם,false,,9.90,0.0550,true,1,1199639
7290006496201,false,משקד רוזטה שקדים 750,משקד,IL,"תרכיז רוזטה 750 מ""ל",מיליליטרים,750.00,"100 מ""ל",false,,19.90,0.0265,true,1,1183994
7290006511157,false,"פטריות שלמות ויליפוד 400 גרם בד""ץ",אוקצ'מפס אס.איי אויי,PL,פטריות שלם 400גרם בד'צ,גרמים,400.00,100 גרם,false,,7.90,0.0198,true,1,1159285
7290006511683,false,פולי סויה מאנצ`ו קפוא 454 ג' וילפוד,קו.אל.טי.די.קיאוניונ,CN,פולי סויה קפואים 454גרם(מ,גרמים,454.00,100 גרם,false,,8.90,0.0196,true,1,1159291
7290006546012,false,שעועית בנוסח מקסיקני בטעם חריף 580 ג' פרי הגליל,"פרי הגליל בע""""מ",IL,צ'לי חריף בנוסח מקסיקני 5,גרמים,580.00,100 גרם,false,,6.90,0.0119,true,1,1193824
7290006546371,false,במיה 600 ג' פרי הגליל,פרי הגליל,IL,במיה 600פג,גרמים,600.00,100 גרם,false,,14.90,0.0248,true,1,1193829
7290006546388,false,תחתיות ארטישוק קפוא פרי הגליל 400ג',"פרי הגליל בע""""מ",IL,ת.ארטישוק 400פג,גרמים,400.00,100 גרם,false,,19.90,0.0497,true,1,1193830
7290006546395,false,לקט העונה 800 ג' פרי הגליל,"פרי הגליל בע""""מ",IL,לקט העונה 800פג,גרמים,800.00,100 גרם,false,,12.90,0.0161,true,1,1193831
7290006546500,false,צ'יפס בזיג זג 800 ג' פרי הגליל,פרי הגליל,IL,צ'יפס זיגזג 800פג,גרמים,800.00,100 גרם,false,,9.90,0.0124,true,1,1193833
7290006546517,false,צי'פס סטייק קפוא פרי הגליל 800 ג',פרי הגליל,IL,סטייק צ'יפס 800פג רבנות,גרמים,800.00,100 גרם,false,,9.90,0.0124,true,1,1193834
7290006546982,false,לקט סיני 800 ג' פרי הגליל,פרי הגליל,IL,לקט סיני 800פג,גרמים,800.00,100 גרם,false,,14.90,0.0186,true,1,1193845
7290006562906,false,פרמיו הודו וכבש לחתולים,פרמיו Premio,,פרמיו הודו וכבש 15ג',גרמים,15.00,100 גרם,false,,6.90,0.4600,true,1,2145420
7290006582355,false,סילאן שקדיה 900 גרם,טעמי הגליל,IL,סילאן 900 גרם,גרמים,900.00,100 גרם,false,,12.90,0.0143,true,1,1196877
7290006618078,false,"אסטוניש מרסס ניקוי יסודי 750 מ""ל",יעקובי אסטוניש,GB,אסטוניש מרסס-למטבח,מיליליטרים,750.00,"100 מ""ל",false,,11.90,0.0159,true,1,1173192
7290006618610,false,שישיית ספוגיות לניקוי כלים חלבי-בשרי,יעקובי,TR,הפי ספוגיות חלבי/בשרי שיש,יח',6.00,יח',false,,7.90,1.3167,true,1,1173200
7290006651211,false,"ד""ר פישר - מגבוני איי קר לעיניים רגישות 40 יחידות","ד""ר פישר Dr fischer",IL,40 סשטים בקופסא EYE CARE,יח',40.00,יח',false,,49.90,1.2475,true,1,1229585
7290006652027,false,מארז במבה יום הולדת 15X20 גרם,מיוצר עי קונדיטוריית,IL,במבה אריזת תינוק 15 גרם מ,גרמים,300.00,100 גרם,false,,24.90,0.0830,true,1,1156150
7290006653765,false,פסטה פרפקטו פטוציני 500ג' אסם,אסם פרפקטו,IT,פרפקטו פטוצ'יני 500 גרם,גרמים,500.00,100 גרם,false,,6.90,0.0138,true,1,1156153
7290006653819,false,פתיתי קוסקוס דק 350 גרם,"מיוצר ע""י קוד יצרן K",IL,אסם קוסקוס דק 350 גרם,גרמים,350.00,100 גרם,false,,6.90,0.0197,true,1,1156154
7290006664051,false,"אקטימל לבן מארז 100X14 מ""ל",מיוצר עי קונדיטוריית,IL,אקטימל 14 טבעי,גרמים,1512.00,100 גרם,false,,31.50,0.0208,true,1,1188711
7290006664402,false,גבינה 5% שומן 750 ג' שטראוס,מיוצר עי קונדיטוריית,IL,סקי% 5 750 גרם,גרמים,750.00,100 גרם,false,,14.10,0.0188,true,1,1188716
7290006664532,false,יוגורט עם תות 3% שומן 150 ג' דנונה,מיוצר עי קונדיטוריית,IL,דנונה תות 3%,גרמים,150.00,100 גרם,false,,3.40,0.0227,true,1,1188717
7290006664990,false,דנונה ביו מארז חיסכון 1.5% 8 יח' *150 ג',מיוצר עי קונדיטוריית,IL,מארז דנונה שמינייה 1.7% ח,גרמים,1200.00,100 גרם,false,,15.90,0.0133,true,1,1188723
7290006666307,false,חומוס אורגינל סלטי מ,סלטי משני,,חומוס סלטי משני,גרמים,300.00,100 גרם,false,,12.90,0.0430,true,1,2021285
7290006666314,false,סלט טחינה משומשום טהור,סלטי משני,,סלט טחינה סלטי משני,גרמים,300.00,100 גרם,false,,12.90,0.0430,true,1,2021286
7290006666338,false,סלט טחינה ירוקה עם פטרוזיליה,סלטי משני,,טחינה ירוקה סלטי משנ,גרמים,300.00,100 גרם,false,,13.90,0.0463,true,1,2021288
7290006666352,false,חציל בטחינה סלטי משנ,סלטי משני,,חציל בטחינה סלטי משנ,גרמים,300.00,100 גרם,false,,19.90,0.0663,true,1,2021300
7290006666369,false,סלט חצילים יווני אמיתי על האש,משני,,סלט חצילים יווני סלט,גרמים,300.00,100 גרם,false,,19.90,0.0663,true,1,2021301
7290006666376,false,סלט חצילים אמיתי רומני על האש,משני,,חציל רומני סלטי משני,גרמים,300.00,100 גרם,false,,19.90,0.0663,true,1,2021302
7290006666406,false,סלט חציל טבעי סלטי מ,סלטי משני,,חציל טבעי סלטי משני,גרמים,300.00,100 גרם,false,,19.90,0.0663,true,1,2021304
7290006666413,false,סלט כרוב אדום במיונז,סלטי משני,,סלט כרוב סלטי משני,גרמים,300.00,100 גרם,false,,14.90,0.0497,true,1,2021305
7290006666420,false,סלט כרוב קולסלאו בסגנון אמריקאי,סלטי משני,,קולסלו כרוב אמריקאי,גרמים,300.00,100 גרם,false,,14.90,0.0497,true,1,2021306
7290006666437,false,סלט טורקי סלטי משני,סלטי משני,,סלט טורקי סלטי משני,גרמים,300.00,100 גרם,false,,16.90,0.0563,true,1,2021307
7290006666444,false,סלט עגבניות מטבוחה חריף,סלטי משני,,סלט מטבוחה סלטי משני,גרמים,300.00,100 גרם,false,,19.90,0.0663,true,1,2021308
7290006666451,false,סלט עגבניות סלסה חריף,סלטי משני,,סלסה סלטי משני,גרמים,300.00,100 גרם,false,,19.90,0.0663,true,1,2021321
7290006666468,false,סלט גזר חריף במיץ לימון,סלטי משני,,גזר בלימון סלטי משני,גרמים,300.00,100 גרם,false,,19.90,0.0663,true,1,2021309
7290006666475,false,סלט תפוחי אדמה במיונז,סלטי משני,,"תפו""א רוסי סלטי משני",גרמים,300.00,100 גרם,false,,14.90,0.0497,true,1,2021329
7290006666499,false,סלט טונה לבנה ברוטב 300 גר,סלטי משני,,סלט טונה לבנה סלטי מ,גרמים,300.00,100 גרם,false,,26.90,0.0897,true,1,2021330
7290006666529,false,סלט פלפלים מרוקאי חריף,סלטי משני,,פלפל מרוקאי סלטי משנ,גרמים,300.00,100 גרם,false,,19.90,0.0663,true,1,2021323
7290006666543,false,סלט קוביות סלק משני,סלטי משני,,סלק סלטי משני,גרמים,300.00,100 גרם,false,,16.90,0.0563,true,1,2021311
7290006666567,false,חציל בנוסח מרוקאי 300 גר,סלטי משני,,חציל מרוקאי סלטי משנ,גרמים,300.00,100 גרם,false,,22.90,0.0763,true,1,2024186
7290006666574,false,חומוס מסעדות בתוספת לימון,משני,,חומוס אבו זוהר סלטי,גרמים,300.00,100 גרם,false,,12.90,0.0430,true,1,2021312
7290006666628,false,סלט ביצים סלטי משני,סלטי משני,,סלט ביצים סלטי משני,גרמים,300.00,100 גרם,false,,29.90,0.0997,true,1,2022445
7290006666819,false,פלפל שומה סלטי משני,משני,,פלפל שומה סלטי משני,גרמים,150.00,100 גרם,false,,12.90,0.0860,true,1,2021290
7290006666833,false,סחוג אדום סלט פלפלים,סלטי משני,,סחוג אדום סלטי משני,גרמים,150.00,100 גרם,false,,12.90,0.0860,true,1,2021292
7290006666840,false,עריסה ביתית סלט פלפלים,משני,,עריסה ביתית סלטי משנ,גרמים,150.00,100 גרם,false,,12.90,0.0860,true,1,2021293
7290006681553,false,מארז קרמבו וניל שטראוס 8 יח',"גלידת שטראוס בע""מ",IL,קרמבו 1/8 וניל,גרמים,200.00,100 גרם,false,,13.90,0.0695,true,1,1184268
7290006681560,false,מארז קרמבו מוקה שטראוס 8 יח',"גלידת שטראוס בע""מ",IL,קרמבו 1/8 מוקה,גרמים,200.00,100 גרם,false,,13.90,0.0695,true,1,1184269
7290006704511,false,"תפו""א גמדי אדום למיקרו מרינה 750ג'","מרינה פטריות הגליל בע""מ",IL,תפוא אדמה למיקרו,גרמים,700.00,100 גרם,false,,7.90,0.0113,true,1,1176819
7290006712684,false,ספיד סטיק 24/7 סטיק כחול,קולגייט פלמוליב,US,ספיד סטיק 24/7 סטיק כחול,גרמים,50.00,100 גרם,false,,17.90,0.3580,true,1,1185624
7290006712981,false,"קולגייט משחת שיניים סמיילס לגילאי 6 50 מ""ל",הנסיך- מפעל לייצור ט,PL,קולגייט משחת ילדים 6+ ספי,מיליליטרים,50.00,"100 מ""ל",false,,12.90,0.2580,true,1,1185626
7290006724472,false,טחינה אורגנית 500 גרם ליב,אחדות,IL,טחינה אורגנית 500גרם,גרמים,500.00,100 גרם,false,,15.90,0.0318,true,1,1277877
7290006738615,false,קבב פרימיום זהב 100% בשר זוגלובק 400 ג',זוגלובק,IL,קבב פרימיום 400 גרם,גרמים,400.00,100 גרם,false,,19.90,0.0497,true,1,1170310
7290006739292,false,נקניק פסטרמה פרגיות ציפוי תירס,זוגלובק,IL,פסטרמה תבור,גרמים,330.00,100 גרם,false,,29.90,0.0906,true,1,1170314
7290006739346,false,נקניקיות פרגיות טרי 400 גרם זוגלובק,זוגלובק,IL,נקניקיות פרגיות 400,גרמים,400.00,100 גרם,false,,12.90,0.0323,true,1,1170315
7290006739407,false,שניצל תירס לייט 630 ג' זוגלובק,זוגלובק,IL,שניצל תירס לייט 630,גרמים,630.00,100 גרם,false,,29.90,0.0475,true,1,1170316
7290006739414,false,סלמי קוניאק 300 ג' זוגלובק,זוגלובק,IL,נקניק קוניאק,גרמים,300.00,100 גרם,false,,29.90,0.0997,true,1,1170317
7290006739421,false,סלמי מעושן איטלקי 300 ג' זוגלובק,זוגלובק,IL,נקניק מעושן איטלקי,גרמים,300.00,100 גרם,false,,29.90,0.0997,true,1,1170318
7290006739445,false,שניצל תירס קלאסי 750 ג' זוגלובק,זוגלובק,IL,שניצל תירס קלאסי 750,גרמים,750.00,100 גרם,false,,29.90,0.0399,true,1,1170319
7290006739544,false,כתף בקר 300 ג' זוגלובק,זוגלובק,IL,כתף בקר 300 גרם,גרמים,300.00,100 גרם,false,,29.90,0.0997,true,1,1170320
7290006742162,false,המבורגר מזרחי 400 ג' זוגלובק,זוגלובק,IL,המבורגר מזרחי 400 גר,גרמים,400.00,100 גרם,false,,19.90,0.0497,true,1,1170339
7290006742278,false,פסטרמה הודו צלויה על לבנים 330 ג' זוגלובק,זוגלובק,IL,פסטרממיה צלויה על לב,גרמים,330.00,100 גרם,false,,29.90,0.0906,true,1,1170341
7290006742292,false,פסטרמה הודו בדבש 330 ג' זוגלובק,זוגלובק,IL,נקניק חזה הודו בדבש,גרמים,330.00,100 גרם,false,,29.90,0.0906,true,1,1170342
7290006742315,false,פסטרמה חזה הודו ברביקיו זוגלובק 330 ג',זוגלובק,IL,פסטרמה ברבקיו מחזה ה,גרמים,330.00,100 גרם,false,,29.90,0.0906,true,1,1170344
7290006764478,false,בירה שחורה מאלט בקבו,"טמפו משקאות בע""מ",IL,"בירה מאלט נשר 330 מ""",מיליליטרים,330.00,"100 מ""ל",false,,4.90,0.0148,true,1,1171627
7290006764485,false,"בירה נשר מאלט שחורה מארז 330X6מ""ל",טמפו 7.5%,IL,שישייה נשר מאלט 330,ליטרים,1.98,ליטר,false,,26.90,13.5859,true,1,1171628
7290006765451,false,פיסטוק קלוי ענק 250,דין שיווק,,פיסטוק קלוי ענק 250,גרמים,250.00,100 גרם,false,,19.90,0.0796,true,1,1175180
7290006765468,false,שקד קלוי ענק 250 גרם,דין שיווק,,שקד קלוי ענק 250 גרם,גרמים,250.00,100 גרם,false,,29.90,0.1196,true,1,1175181
7290006765475,false,בוטן קלוי ענק 250 גר,דין שיווק,,בוטן קלוי ענק 250 גר,גרמים,250.00,100 גרם,false,,9.90,0.0396,true,1,1175182
7290006765482,false,קשיו קלוי ענק 250 גר,דין שיווק,,קשיו קלוי ענק 250 גר,גרמים,250.00,100 גרם,false,,19.90,0.0796,true,1,1175183
7290006770561,false,לקט לקוסקוס פרי הגליל 800ג',פרי הגליל,IL,לקט לקוסקוס 800פג,גרמים,800.00,100 גרם,false,,12.90,0.0161,true,1,1193854
7290006775030,false,"עוגה מבית טוב"" 450 גרם שוקו-ציפס",אחדות ביחר לטחינה חל,IL,עוגת שוקו ציפס 450 גרם,גרמים,450.00,100 גרם,false,,9.90,0.0220,true,1,1157144
7290006775047,false,"עוגה מבית טוב"" 450 גרם שוקולד",אחדות ביחר לטחינה חל,IL,עוגה בטעם שוקולד 450 גרם,גרמים,450.00,100 גרם,false,,9.90,0.0220,true,1,1157145
7290006775054,false,עוגת שיש אחווה 450 ג' אחוה,אחדות ביחר לטחינה חל,IL,עוגת שיש 450 גרם,גרמים,450.00,100 גרם,false,,9.90,0.0220,true,1,1157146
7290006775085,false,עוגת שמרים במילוי שוקולד 400גר,אחדות ביחר לטחינה חל,IL,עוגת שמרים במילוי קרם בטע,גרמים,400.00,100 גרם,false,,10.90,0.0273,true,1,1996390
7290006775344,false,עוגת שמרים קינמון ואגוזי מלך 400 גרם,אחדות ביחר לטחינה חל,IL,עוגת שמרים במילוי קרם קינ,גרמים,400.00,100 גרם,false,,10.90,0.0273,true,1,1157153
7290006775764,false,"עוגת שוקוצ'יפס לל""ס אחדות 400 גר'",אחדות ביחר לטחינה חל,IL,עוגת שוקוצ'יפס ללא תוספת,גרמים,400.00,100 גרם,false,,10.90,0.0273,true,1,1157157
7290006788382,false,"דאודורנט סטיק סגול 50 מ""ל קרליין","אמיליה קוסמטיקס בע""מ",IL,דאו.קרליין סטיק נושם אוקס,גרמים,50.00,100 גרם,false,,16.90,0.3380,true,1,1190993
7290006788399,false,"קרליין דאודורנט רול און נושם טורקיז 75 מ""ל",אמיליה קוסמטיקס,IL,דאו.קרליין רולאון נושם סנ,מיליליטרים,75.00,"100 מ""ל",false,,12.90,0.1720,true,1,1190994
7290006788405,false,"קרליין - נושם אקטיב דאודורנט רול און לאישה ברודו 75 מ""ל","אמיליה קוסמטיקס בע""מ",IL,דאו.קרליין רולאון נושם אק,מיליליטרים,75.00,"100 מ""ל",false,,12.90,0.1720,true,1,1190995
7290006788429,false,"קרליין - נושם סאן רייס דאודורנט רול און לאישה כתום 75 מ""ל","אמיליה קוסמטיקס בע""מ",IL,דאו.קרליין רולאון נושם סנ,מיליליטרים,75.00,"100 מ""ל",false,,12.90,0.1720,true,1,1190997
7290006788467,false,"קרליין - נושם אקטיב דאודורנט ספריי לאישה בורדו 200 מ""ל","אמיליה קוסמטיקס בע""מ",IL,דאו.קרליין ספרי אקטיב 200,מיליליטרים,200.00,"100 מ""ל",false,,12.90,0.0645,true,1,1191001
7290006788474,false,"קרליין - נושם אקווה דאודורנט ספריי לאישה כחול 200 מ""ל",אמיליה קוסמטיקס,IL,דאו.קרליין ספריי אקווה 20,גרמים,75.00,100 גרם,false,,12.90,0.1720,true,1,1191002
7290006788559,false,"טיטניום ICE דאודורנט תרסיס ספריי 180 מ""ל",טיטניום,,טיטניום בלו דיאודורנ,מיליליטרים,180.00,"100 מ""ל",false,,14.90,0.0828,true,1,1191007
7290006788948,false,"קרליין דאודורנט תרסיס ספריי מיסט 175 מ""ל",קרליין,,דאודורנט תרסיס CAREL,מיליליטרים,175.00,"100 מ""ל",false,,19.90,0.1137,true,1,1191013
7290006791870,false,"נטורל - ג'ל שיער לעיצוב חזק 500 מ""ל","אמיליה קוסמטיקס בע""מ",IL,ג'ל שיער לעיצוב חזק500מל,מיליליטרים,500.00,"100 מ""ל",false,,19.90,0.0398,true,1,1191046
7290006805355,false,תערובת להכנת כדורי שוקולד פילסברי 500ג',הדקלאים אגודת שיתופי,IL,תערובת להכנת כדורי שוקולד,גרמים,500.00,100 גרם,false,,19.90,0.0398,true,1,1173953
7290006805850,false,תערובת להכנת פנקייק פילסבורי 500 גר,הדקלאים אגודת שיתופי,IL,תערובת להכנת פנקייק.,גרמים,500.00,100 גרם,false,,19.90,0.0398,true,1,1173954
7290006822192,false,מיץ חמוציות דיאט אושן ספריי 1 ליטר,מבשלות בירה בינלאומי,IL,פריגת דיאטאושןספריחמוציות,ליטרים,1.00,ליטר,false,,11.90,11.9000,true,1,1182485
7290006855183,false,ברבריא חטיף תמרים שומשום אגוז מלך 30*4,טבעית מוצרים מן הטבע,IL,ברבריא חטיף בר תמרים אגוז,גרמים,120.00,100 גרם,false,,15.90,0.1325,true,1,1156158
7290006855244,false,ברבריא חטיף אגוזים שקדים וצימוקים 30*4,טבעית מוצרים מן הטבע,IL,ברבריא חטיף בר אגוזים שקד,גרמים,108.00,100 גרם,false,,15.90,0.1472,true,1,1156160
7290006855251,false,חטיף קשיו חמוציות וסילאן ברבריא 4*30 ג',טבעית מוצרים מן הטבע,IL,ברבריא חטיף בר קשיו אגוזי,גרמים,108.00,100 גרם,false,,15.90,0.1472,true,1,1156161
7290006920980,false,מוצרלה בייבי,,,מוצרלה בייבי,קילוגרמים,1.00,"ק""ג",true,,49.00,49.0000,true,1,1997599
7290006983176,false,אוסם - לחמית שיפון 250 גרם,"אסם תעשיות בע""מ",IL,לחמית שיפון 230 גרם,גרמים,230.00,100 גרם,false,,7.90,0.0343,true,1,1156164
7290006983206,false,תערובת להכנת פלפל קלי קלות 180 גרם,"אסם תעשיות בע""מ",IL,אסם פלאפל בקלי קלות 180 ג,גרמים,180.00,100 גרם,false,,8.90,0.0494,true,1,1156165
7290006983527,false,עוגת הבית תפוחי עץ עם פירורים 400 ג' אסם,מיוצר עי קונדיטוריית,IL,אסם הבית עוגת תפוחים פירו,גרמים,400.00,100 גרם,false,,15.90,0.0398,true,1,1156168
7290006983763,false,עוגת הבית שוקולד 400 גרם אסם.,מיוצר עי קונדיטוריית,IL,אסם הבית עוגה בטעם שוקולד,גרמים,400.00,100 גרם,false,,12.90,0.0323,true,1,1156169
7290006983770,false,עוגת הבית שיש 400 ג' אסם,מיוצר עי קונדיטוריית,IL,אסם הבית עוגת שיש 400גרם,גרמים,400.00,100 גרם,false,,12.90,0.0323,true,1,1156170
7290006983787,false,עוגת הבית שוקוציפס 400 גרם אסם,מיוצר עי קונדיטוריית,IL,אסם הבית עוגת שוקולד צי'פ,גרמים,400.00,100 גרם,false,,12.90,0.0323,true,1,1156171
7290006983794,false,עוגת הבית תפוז 400 ג' אסם,מיוצר עי קונדיטוריית,IL,אסם הבית עוגה בטעם תפוז,גרמים,400.00,100 גרם,false,,12.90,0.0323,true,1,1156172
7290006989215,false,מקל עץ 1.5 הברגה,,,מקל עץ 1.5 הברגה,יחידה,0.00,יחידה,false,,9.90,0.0000,true,1,2075739
7290006992161,false,מטרנה - דייסת קורנפלור פרוביוטי 200 גרם,מולינו ניקולי s.p.a,IL,אבקה להכנת דייסת קורנפלור,גרמים,200.00,100 גרם,false,,14.90,0.0745,true,1,1156174
7290006992185,false,"מטרנה - דייסת אורז פרוביוטי כשל""פ 200 גרם",מולינו ניקולי s.p.a,IL,אבקה להכנת דייסת אורז מטר,גרמים,200.00,100 גרם,false,,14.90,0.0745,true,1,1156176
7290006992208,false,מטרנה דייסלה דגנים מעורבים 200 גרם,מטרנה תעשיות ש.מ,IL,אבקה להכנת דייסת דגנים מע,גרמים,200.00,100 גרם,false,,14.90,0.0745,true,1,1156178
7290006992390,false,"מטרנה - דייסת וניל פרוביוטי כשל""פ 200 גרם",מולינו ניקולי s.p.a,IL,אבקה להכנת דייסת קורנפלור,גרמים,200.00,100 גרם,false,,14.90,0.0745,true,1,1156180
7290008000598,false,קרם ידיים,כצט,IL,"SHOW קרם ידיים 100 מ""ל",מיליליטרים,100.00,"100 מ""ל",false,,4.90,0.0490,true,1,1192955
7290008000826,false,משחת שיניים לילדים כצט ברבי 50 מל,כצט נוביס,IL,"משחת שיניים ברבי 50 מ""ל",גרמים,50.00,100 גרם,false,,11.90,0.2380,true,1,1192962
7290008023542,false,סיף פנטסטיק שמפו רצפות כתום 4ל',סיף פנטסטיק Cif Fantastic,IL,סיף רצפות יסמין 4 ל,ליטרים,4.00,ליטר,false,,19.90,4.9750,true,1,1188223
7290008104036,false,"לקטופיל - תחליב סבון טיפולי 500 מ""ל",פמינה,IL,לקטופיל תחליב סבון טיפולי,מיליליטרים,500.00,"100 מ""ל",false,,34.90,0.0698,true,1,1192967
7290008116541,false,"שטיפת פה ליסטרין קול מינט 500 מ""ל",ג'ונסון אנד ג'ונסון,IT,מי פה ליסטרין קול מי,מיליליטרים,500.00,"100 מ""ל",false,,19.90,0.0398,true,1,1156979
7290008116565,false,ליסטרין שטיפת פה פרש 500 מל,ג'ונסון אנד ג'ונסון,IT,מי פה ליסטרין פרש 50,מיליליטרים,500.00,"100 מ""ל",false,,19.90,0.0398,true,1,1156981
7290008154222,false,שניצלונים עוף טוב 700 גרם,מוצרי עוף טוב (2001),IL,עוף טוב שניצלונים בציפוי,גרמים,700.00,100 גרם,false,,19.90,0.0284,true,1,1156181
7290008166010,false,לקט מובחר תערובת 200 גר',"גיי אנג גי פקאנס בע""",IL,לקט פיצוחים 200 גרם,גרמים,200.00,100 גרם,false,,15.90,0.0795,true,1,1182064
7290008175173,false,חמאה מפינלנד ללא מלח 200 גרם ויליפוד,ואליו אל.טי.די,FI,חמאה 200 גרם ללא תוס,גרמים,200.00,100 גרם,false,,12.90,0.0645,true,1,1159300
7290008175814,false,וילי פוד פטריות שמפיניון חתוך בדץ 400ג,"אוקצ'מפ אס, איי אויי",PL,פטריות חתוך 400גרם- בד'צ,גרמים,400.00,100 גרם,false,,4.90,0.0123,true,1,1159308
7290008194266,false,מארזים מתוקים א.אטיא,ממתקי השלום,IL,מארזים מתוקים א.אטיא,גרמים,350.00,100 גרם,false,,14.90,0.0426,true,1,2074396
7290008194761,false,מארז בוטנים וחמוציות,ממתקי השלום,IL,מארז בוטנים חמוציות,גרמים,200.00,100 גרם,false,,14.90,0.0745,true,1,2074405
7290008263924,false,טחינה אורגנית מלאה 1 קג הרדוף,"אחדות ביח""ר לטחינה ח",IL,טחינה אורגנית שומשום מלא,גרמים,1000.00,100 גרם,false,,39.90,0.0399,true,1,1159586
7290008335539,false,כיסונים במלית בשר-פל,שלושת האופים,,כיסונים במלית בשר-פל,גרמים,600.00,100 גרם,false,,13.90,0.0232,true,1,2108225
7290008335546,false,"ורניקי תפו""א שלושת האופים 600 גר'",שלושת האופים,,"כיסונים במלית תפו""א-",גרמים,600.00,100 גרם,false,,13.90,0.0232,true,1,2108226
7290008343466,false,בצק פילו 500 גרם שלושת האופים,שלושת האופים שגמור,IL,בצק פילו 500 גר',גרמים,500.00,100 גרם,false,,14.90,0.0298,true,1,1213710
7290008343558,false,"סיגרים בשר שלושת האופים 1 ק""ג",שלושת האופים,IL,"סיגרים בשר 1 ק""ג",קילוגרמים,1.00,"ק""ג",false,,18.90,18.9000,true,1,1936089
7290008343565,false,"סיגרים תפו""א 1 ק""ג שלושת האופים",שלושת האופים,IL,"סיגרים תפו""א 1 קג",קילוגרמים,1.00,"ק""ג",false,,18.90,18.9000,true,1,1936024
7290008343572,false,"אגרול סיני 1 ק""ג שלושת האופים",שלושת האופים,IL,"אגרול סיני 1 ק""ג",קילוגרמים,1.00,"ק""ג",false,,18.90,18.9000,true,1,1936025
7290008343602,false,"קובה בשר 1 ק""ג שלושת האופים",שלושת האופים,IL,"קובה בשר 1 ק""ג",קילוגרמים,1.00,"ק""ג",false,,18.90,18.9000,true,1,1936091
7290008343619,false,"פסטלים תפו""א שלושת האופים 1 ק""ג",שלושת האופים,IL,"פסטלים תפו""א 1 קג",קילוגרמים,1.00,"ק""ג",false,,18.90,18.9000,true,1,1936026
7290008343626,false,"כדורי פלאפל 1 ק""ג שלושת האופים",שלושת האופים,IL,כדורי פלאפל 1 קג,קילוגרמים,1.00,"ק""ג",false,,18.90,18.9000,true,1,1936027
7290008345132,false,הרינג כבוש דלידג 240 ג',כלורוקס אוקלנד,IL,דג הרניג כבוש 240 גר,גרמים,240.00,100 גרם,false,,24.90,0.1037,true,1,1995520
7290008345576,false,סלט איקרה ביתית לבנה 300 גרם דלידג,כלורוקס אוקלנד,IL,איקרה ביתית לבנה 300,גרמים,300.00,100 גרם,false,,19.90,0.0663,true,1,1995521
7290008345583,false,איקרה ביתית ורוד 300 גרם דלידג,כלורוקס אוקלנד,IL,איקרה ביתית ורוד 300,גרמים,300.00,100 גרם,false,,19.90,0.0663,true,1,1995522
7290008347211,false,אצבעות דג מצופות נטו,אף.סי תבליני בגליל ב,IL,אצבעות דג 700 ג,גרמים,700.00,100 גרם,false,,19.90,0.0284,true,1,1177276
7290008409049,false,מאמא עוףמיני שניצלים בציפוי שומשום 500 ג,תנובה גליל שותפות מו,IL,שניצלונים מיני דק דק,גרמים,500.00,100 גרם,false,,27.90,0.0558,true,1,1187535
7290008409100,false,אצבעות שניצל בציפוי שומשום מאמא עוף 700 גרם,תנובה גליל שותפות מו,IL,אצבעות שניצל בציפוי,גרמים,700.00,100 גרם,false,,34.90,0.0499,true,1,1187538
7290008409124,false,מאמא עוף קפוא שניצל ג'ונגל פריך 700 גרם,תנובה גליל שותפות מו,IL,שניצל ג'ונגל מאמאעוף,גרמים,700.00,100 גרם,false,,32.90,0.0470,true,1,1187540
7290008409216,false,מאמא עוף קפוא שניצל דק פריך 700 גרם,תנובה גליל,IL,שניצל דק דק פריך מאמ,גרמים,700.00,100 גרם,false,,39.90,0.0570,true,1,1187541
7290008409223,false,שניצל דק מתובל 700 גר מאמא עוף,תנובה גליל שותפות מו,IL,שניצל דק דק מתובל מא,גרמים,700.00,100 גרם,false,,39.90,0.0570,true,1,1187542
7290008409315,false,מיני מיני דק שניצלונים בציפוי פריך מאמא עוף 500 ג',תנובה גליל,IL,שניצלונים מיני דק דק,גרמים,500.00,100 גרם,false,,27.90,0.0558,true,1,1187545
7290008409407,false,שניצל דק ציפס מאמא עוף 700 ג',תנובה גליל שותפות מו,IL,שניצל דק דק צ'יפס מא,גרמים,700.00,100 גרם,false,,39.90,0.0570,true,1,1187549
7290008409551,false,שניצל עוף אמיתי בציפוי מעודן 700 ג' מאמא עוף,תנובה גליל שותפות מו,IL,חזה עוף בציפוי מעודן,גרמים,700.00,100 גרם,false,,42.90,0.0613,true,1,1187556
7290008409582,false,שניצל אמיתי בציפוי ביתי מאמא עוף 700 ג',תנובה גליל שותפות מו,IL,חזה עוף בציפוי ביתי,גרמים,700.00,100 גרם,false,,42.90,0.0613,true,1,1187559
7290008415071,false,חומוס צבר עם טחינה עגול 150ג',לחמנו,IL,צבר חומוס עם טחינה 150 גר,גרמים,150.00,100 גרם,false,,4.90,0.0327,true,1,1156184
7290008415514,false,חומוס צבר עם חריף עגול 150ג',לחמנו,IL,צבר חומוס עם חריף 150 גרם,גרמים,150.00,100 גרם,false,,4.90,0.0327,true,1,1156187
7290008423014,false,פלפל שחור גרוס פרג 1,תבליני הדור השלישי,IL,פלפל שחור,גרמים,100.00,100 גרם,false,,13.90,0.1390,true,1,2135252
7290008423021,false,תבלין כמון 500 גרם,תבליני הדור השלישי,IL,כמון טחון,גרמים,400.00,100 גרם,false,,29.90,0.0747,true,1,2135329
7290008423045,false,תבלין לקציצות פרג 10,תבליני הדור השלישי,IL,תבלין קציצות,גרמים,100.00,100 גרם,false,,13.90,0.1390,true,1,1181950
7290008423052,false,ממרח עגבניות מיובשות בשמן זית 250גר,תבליני הדור השלישי,IL,עגבניות מיובשות בשמן,גרמים,250.00,100 גרם,false,,14.90,0.0596,true,1,1181951
7290008423243,false,מלח שולחן הים האדום,מלח הארץ,IL,מלח הים האדום דק,גרמים,650.00,100 גרם,false,,7.90,0.0122,true,1,1181956
7290008423250,false,מלח גס הים האדום 630,מלח הארץ,IL,מלח גס,גרמים,630.00,100 גרם,false,,7.90,0.0125,true,1,2135345
7290008443616,false,"מרכך לשיער יבש אדום 750 מ""ל נקה 7","אמיליה קוסמטיקס בע""מ",IL,מרכך נקה 7 לשיר יבש 750מ,מיליליטרים,750.00,"100 מ""ל",false,,11.90,0.0159,true,1,1191097
7290008443630,false,"נקה 7 - שמפו מתולתל סגול 750 מ""ל","אמיליה קוסמטיקס בע""מ",IL,שמפו נקה7 שיער מתולתל750,מיליליטרים,750.00,"100 מ""ל",false,,11.90,0.0159,true,1,1191099
7290008443647,false,"מרכך לשיער מתולתל סגול, 750 מ""ל נקה 7","אמיליה קוסמטיקס בע""מ",IL,מרכך נקה7 שיער מתולתל750,מיליליטרים,750.00,"100 מ""ל",false,,11.90,0.0159,true,1,1191100
7290008461283,false,גבינה טריפל צדר נני,דאוליי צ'סמייקרס,AO,צ'דר טריפל*200 גרם,גרמים,200.00,100 גרם,false,,20.90,0.1045,true,1,1421450
7290008462259,false,חרדל דיזיון גרגירים 345 גרם,יוניליוור צרפת,FR,חרדל דיז'ון גרגירים,גרמים,380.00,100 גרם,false,,16.90,0.0445,true,1,1433370
7290008464130,false,"שישיית בירה גולדסטאר 330 מ""ל UNFILTERED",טמפו,IL,שישייה בירה גולדסטאר,ליטרים,1.98,ליטר,false,,39.90,20.1515,true,1,1171635
7290008464345,false,"בירה גולדסטאר בקבוק 330 מ""ל",פארייפאבה אגרואינדוס,IL,בירה גולדסטאר בקבוק,מיליליטרים,330.00,"100 מ""ל",false,,6.90,0.0209,true,1,1171639
7290008464369,false,"פפסי קולה פחית 330 מ""ל",,,פחית פפסי קולה 330 מ,מיליליטרים,330.00,"100 מ""ל",false,,3.50,0.0106,true,1,1171640
7290008464376,false,"מרינדה תפוז פחית 330 מ""ל",,,"פחית מירנדה 330 מ""ל",מיליליטרים,330.00,"100 מ""ל",false,,3.50,0.0106,true,1,1171641
7290008464383,false,"פחית סבן אפ 330 מ""ל",,,"פחית סבן אפ 330 מ""ל",מיליליטרים,330.00,"100 מ""ל",false,,3.50,0.0106,true,1,1171642
7290008464390,false,"פחית דיאט סבן אפ 330 מ""ל",,,פחית סבן אפ דיאט 330,מיליליטרים,330.00,"100 מ""ל",false,,3.50,0.0106,true,1,1171643
7290008464406,false,פפסי מקס פחית להחזרה,"טמפו משקאות בע""מ",IL,"פחית פפסי מקס 330 מ""",מיליליטרים,330.00,"100 מ""ל",false,,3.50,0.0106,true,1,1171644
7290008464468,false,"בירה גולדסטאר פחית 500 מ""ל",פארייפאבה אגרואינדוס,IL,בירה גולדסטאר בפחית,מיליליטרים,500.00,"100 מ""ל",false,,8.90,0.0178,true,1,1171646
7290008464475,false,"בירה מכבי פחית 500 מ""ל","טמפו משקאות בע""מ",IL,"מכבי פחיות 500 מ""ל.",מיליליטרים,500.00,"100 מ""ל",false,,8.90,0.0178,true,1,1171647
7290008464604,false,"בירה היינקן פחית 500מ""ל",טמפו משקאות בע''מ,NL,"היינקן פחית 500 מ""ל.",מיליליטרים,500.00,"100 מ""ל",false,,11.90,0.0238,true,1,1171650
7290008464642,false,"סודה גינגר אייל 275 מ""ל","טמפו משקאות בע""מ",IL,משקה ג'ינג'ר אייל 27,מיליליטרים,275.00,"100 מ""ל",false,,4.50,0.0164,true,1,1736699
7290008464673,false,"בירה גולדסטאר SLOWBREW פחית 10%, 500 מ""ל","טמפו משקאות בע""מ",IL,"פחית גולדסטאר 500 מ""",מיליליטרים,500.00,"100 מ""ל",false,,9.90,0.0198,true,1,1842244
7290008464697,false,"שישיית בירה מכבי 7.9% 330 מ""ל",טמפו,IL,שישיית בירה מכבי 7.9,ליטרים,1.98,ליטר,false,,25.00,12.6263,true,1,1225174
7290008464703,false,"שישיית בקבוקי מכבי 330 מ""ל",בירה מכבי,IL,מכבי מארז שישיה 330,ליטרים,1.98,ליטר,false,,25.00,12.6263,true,1,1171651
7290008464741,false,"שישייית בירה גולדסטאר כהה 330X6 מ""ל",גולדסטאר,IL,שישייה בירה גולדסטאר,ליטרים,1.98,ליטר,false,,25.00,12.6263,true,1,1171652
7290008464796,false,"בירה היינקין ח""פ בקבוק 330X6מ""ל",היינקן,IL,הייניקן שישייה 330 מ,ליטרים,1.98,ליטר,false,,32.90,16.6162,true,1,1171654
7290008469760,false,שריר בקר מס.8 קפוא,,,שריר בקר מס.8 קפוא,קילוגרמים,1.00,"ק""ג",true,,49.90,49.9000,true,1,2107965
7290008470759,false,מסטיק אורביט ספירמינט מארז שמינייה,אורביט,FR,מסטיק אורביט שמניות,גרמים,104.00,100 גרם,false,,14.90,0.1433,true,1,1184037
7290008470766,false,שמינייה אורביט סטיקס בטעם פפרמינט,אורביט,FR,מסטיק אורביט שמניות,גרמים,104.00,100 גרם,false,,14.90,0.1433,true,1,1184038
7290008482561,false,פודינג אינסטנט,,,פודינג אינסטנט,גרמים,85.00,100 גרם,false,,4.90,0.0576,true,1,1177369
7290008482578,false,פודינג וניל א 85 ג',,,פודינג אינסטנט,גרמים,85.00,100 גרם,false,,4.90,0.0576,true,1,1177370
7290008482639,false,"ג'יל תות בד""צ 500 גר",,,"ג'יל תות בד""צ 500 גר",גרמים,500.00,100 גרם,false,,14.90,0.0298,true,1,1177373
7290008493413,false,פירורי גריסיני קלאסי מאיר בייגל 200 גרם,מאיר בייגל,IL,פירורי גריסיני 200 ג,גרמים,200.00,100 גרם,false,,5.90,0.0295,true,1,1157340
7290008493710,false,פירורי גריסיני זהב מאיר בייגל 200 גרם,מאיר בייגל,IL,פירורי גריסיני 200 ג,גרמים,200.00,100 גרם,false,,5.90,0.0295,true,1,1225452
7290008618007,false,פילה סלמון פרוס במגש,,,פילה סלמון טרי פרוס,קילוגרמים,1.00,"ק""ג",true,,120.00,120.0000,true,1,2074630
7290008618021,false,פילה דניס טרי ארוז מ,,,פילה דניס טרי ארוז מ,קילוגרמים,1.00,"ק""ג",true,,109.00,109.0000,true,1,2074632
7290008618045,false,פילה בס טרי ארוז מאס,,,פילה בס טרי ארוז מאס,קילוגרמים,1.00,"ק""ג",true,,99.00,99.0000,true,1,2074634
7290008634045,false,"פלסטר שקוף 30 יחידות ""SUNNY PLASTER""",A.U. In,CN,פלסטר ציבעוני,יח',30.00,יח',false,,5.90,0.1967,true,1,1169918
7290008634700,false,כפפות XL לטקס עם איבוק עדין 100 יח- SAFE TOUCH,סייף טאצ,TH,כפפות לאטקס XL,יח',100.00,יח',false,,29.90,0.2990,true,1,2017178
7290008636209,false,תבלין כורכום 300גרם,מיה תעשיות מזון בעמ,IL,כורכום 300גרם,גרמים,300.00,100 גרם,false,,19.90,0.0663,true,1,1181505
7290008636216,false,תבלין אבקת שום 300 גרם,מיה תעשיות מזון בעמ,IL,אבקת שום 300גרם,גרמים,300.00,100 גרם,false,,19.90,0.0663,true,1,1181506
7290008636339,false,שבבי תפוחי אדמה 400גרם,מיה תעשיות מזון,IL,שבבי תפוחי אדמה 400גרם,גרמים,400.00,100 גרם,false,,9.90,0.0248,true,1,1181507
7290008636650,false,קמח מצה מיה 500 גרם,מיה תעשיות מזון,IL,קמח מצה 500גרם,גרמים,500.00,100 גרם,false,,6.90,0.0138,true,1,1219707
7290008636919,false,קקאו הולנדי שקית 250גרם מיה,מיה תעשיות מזון,IL,קקאו הולנדי 250גרם בשקית,גרמים,250.00,100 גרם,false,,10.90,0.0436,true,1,1181510
7290008636926,false,קקאו הולנדי 500גרם מיה,מיה תעשיות מזון,IL,קקאו הולנדי 500גרם בשקית,גרמים,500.00,100 גרם,false,,16.90,0.0338,true,1,1181511
7290008636933,false,אגוזי מלך גרוסים 100 גר' מיה,מיה תעשיות מזון,IL,אגוזי מלך גרוסים 100גרם,גרמים,100.00,100 גרם,false,,10.90,0.1090,true,1,1181512
7290008636957,false,שקדים מולבנים גרוסים 100גרם,מיה תעשיות מזון,IL,שקדים מולבנים גרוסים 100ג,גרמים,100.00,100 גרם,false,,10.90,0.1090,true,1,1181514
7290008636988,false,גרעיני חמניות קלופים 100 גר' מיה,מיה תעשיות מזון,IL,גרעיני חמניה קלופים 100גר,גרמים,100.00,100 גרם,false,,2.90,0.0290,true,1,1181517
7290008636995,false,גרעיני דלעת קלופים 100 גר' מיה,מיה תעשיות מזון,IL,גרעיני דלעת קלופים 100גרם,גרמים,100.00,100 גרם,false,,5.90,0.0590,true,1,1181518
7290008644112,false,סלט מטבוחה יום יום אחלה 125 ג',"שטראוס גרופ בע""מ",IL,מטבוחה יום יום 125 גר',גרמים,125.00,100 גרם,false,,4.50,0.0360,true,1,1188726
7290008644235,false,עלי בייבי 120 גר' שטראוס,שטראוס בריאות ירקות,IL,עלי בייבי 120 ג ירקות שטר,גרמים,120.00,100 גרם,false,,9.90,0.0825,true,1,1188727
7290008644945,false,סלט המושבה שטופים שט,שטראוס בריאות ירקות,IL,סלט המושבה 450 ג ירקות שט,גרמים,450.00,100 גרם,false,,11.90,0.0264,true,1,1188731
7290008645935,false,חומוס לניגוב אחלה 750 ג',"שטראוס גרופ בע""מ",IL,חומוס 750 מ. כתומה,גרמים,750.00,100 גרם,false,,9.90,0.0132,true,1,1188735
7290008690713,false,פריגת אושן ספריי חמוציות 1ל',מבשלות בירה בינלאומי,IL,פריגתאושןספרי חמוציות1ליט,ליטרים,1.00,ליטר,false,,11.90,11.9000,true,1,1182498
7290008693134,false,מעדן גבינה ויוגורט בטעם תות 5% שומן 88 ג' דניאלה,"שטראוס בריאות בע""מ",IL,דניאלה תות,גרמים,88.00,100 גרם,false,,3.90,0.0443,true,1,1188736
7290008745239,false,תפוציפס אקסטרא טבעי 50 גרם,"שטראוס פריטו ליי בע""",IL,תפו קראנצ טבעי 50,גרמים,50.00,100 גרם,false,,3.90,0.0780,true,1,1189940
7290008747547,false,תפוציפס קראנץ טבעי 200 גרם,"שטראוס פריטו ליי בע""",IL,תפו קראנצ טבעי 200,גרמים,200.00,100 גרם,false,,9.90,0.0495,true,1,1189942
7290008750264,false,מסטיק מאסט LL פליפ.דובדבן מגדים 28 גר,"שטראוס גרופ בע""מ",IL,MUST LL פליפ. דובדבן,גרמים,28.00,100 גרם,false,,3.90,0.1393,true,1,1189396
7290008752244,false,תפוצ'יפס אקסטרא גריל 50 גרם,"שטראוס פריטו ליי בע""",IL,תפו קראנצ גריל 50,גרמים,50.00,100 גרם,false,,3.90,0.0780,true,1,1189944
7290008753111,false,תפוציפס אקסטרא מקסיקני 50 סטרים,"שטראוס פריטו ליי בע""",IL,תפו קראנצ מקסיקני 50,גרמים,50.00,100 גרם,false,,3.90,0.0780,true,1,1189946
7290008754415,false,גומי מאסט בטעם ספירמינט עדין פליפטופ 28 ג' עלית,"שטראוס גרופ בע""מ",IL,כשלפ מסטיק MUST ספירמינט,גרמים,28.00,100 גרם,false,,3.90,0.1393,true,1,1189405
7290008754422,false,גומי מאסט בטעם פפרמינט קלאסי פליפטופ 28 ג' עלית,"שטראוס גרופ בע""מ",IL,Must LL קלאסי פפרמינט,גרמים,28.00,100 גרם,false,,3.90,0.1393,true,1,1189406
7290008775816,false,ערגליות שוקו חדש12*300גרם 2020,מיוצר עי קונדיטוריית,IL,אסם ערגליות שוקו 300גרם,גרמים,300.00,100 גרם,false,,9.90,0.0330,true,1,1156191
7290008775823,false,אסם ערגליות תות שדה 300 גרם,מיוצר עי קונדיטוריית,IL,אסם ערגליות תות 300גרם,גרמים,300.00,100 גרם,false,,9.90,0.0330,true,1,1156192
7290008775892,false,פסטה פרפקטו לינגוויני (11) 500 גרם,אסם פרפקטו,IT,פרפקטו לינגוויני 500 גרם,גרמים,500.00,100 גרם,false,,6.90,0.0138,true,1,1156193
7290008784672,false,סקוטץ ידית לבן שחור,Cool home,JP,סקוטץ ידית לבן / ושח,יחידה,0.00,יחידה,false,,9.90,0.0000,true,1,1159129
7290008801010,false,"יין קברנה סוביניון מרלו פרייוט קולקשן 750 מ""ל",אגודת הכורמים הקאופו,IL,יין קברנה / מרלו,מיליליטרים,750.00,"100 מ""ל",false,,38.90,0.0519,true,1,1158805
7290008801089,false,"קברנה סוביניון אדום יבש 375 מ""ל",יקבי כרמל,IL,קברנה סוביניון,מיליליטרים,375.00,"100 מ""ל",false,,20.20,0.0539,true,1,2004440
7290008801119,false,סלקטד סוביניון בלאן לבן יבש 750 מל,אגודת הכורמים הקואופ,IL,יין סובניון בלאן,מיליליטרים,750.00,"100 מ""ל",false,,29.90,0.0399,true,1,1158806
7290008801157,false,מרלו סלקטד כרמל מזרחי 750 מל,כרמל מזרחי,IL,יין מרלו סלקטד,מיליליטרים,750.00,"100 מ""ל",false,,29.90,0.0399,true,1,1158807
7290008801430,false,כרמל תירוש אדום (6) 750מל,"כד בני דרום בע""מ",IL,"תירוש ענבים 750 מ""ל",מיליליטרים,750.00,"100 מ""ל",false,,12.90,0.0172,true,1,1158809
7290008801461,false,"יין הנצחון לקידוש, 750 מ""ל",יקבי כרמל Carmel Winery,,יין הנצחון,מיליליטרים,750.00,"100 מ""ל",false,,18.90,0.0252,true,1,1911654
7290008801478,false,יין טופז זהב אדום מת,כרמל מזרחי,IL,יין טופז זהב,מיליליטרים,750.00,"100 מ""ל",false,,18.90,0.0252,true,1,1158812
7290008801522,false,יין קינג דויד קונקורד אדום מתוק 750 מל,אגודת הכורמים הקואופ,IL,יין קונקורד,מיליליטרים,750.00,"100 מ""ל",false,,18.90,0.0252,true,1,1158813
7290008801539,false,כרמל קינג דיוויד מתוק כרמל 750 מל,אגודת הכורמים הקואופ,IL,יין כרמל,מיליליטרים,750.00,"100 מ""ל",false,,18.90,0.0252,true,1,1158814
7290008801843,false,קברנה סוביניון אדום יבש 750 מל סלקטד,"כד בני דרום בע""מ",IL,יין קברנה סוביניון ס,מיליליטרים,750.00,"100 מ""ל",false,,29.90,0.0399,true,1,1158816
7290008801850,false,סלקטד אמרלד ריזלינג לבן חצי יבש 750 מל,אגודת הכורמים הקואופ,IL,יין אמרלנד רזלינג,מיליליטרים,750.00,"100 מ""ל",false,,29.90,0.0399,true,1,1158817
7290008802291,false,"יין מרלו פרייוט קולקשן 750 מ""ל",אגודת הכורמים הקואופ,IL,יין מרלו,מיליליטרים,750.00,"100 מ""ל",false,,38.90,0.0519,true,1,1158818
7290008802512,false,"יין וינו אדום יבש 750 מ""ל","כד בני דרום בע""מ",IL,יין אדום וינו,מיליליטרים,750.00,"100 מ""ל",false,,18.90,0.0252,true,1,1158819
7290008802895,false,יין קברנה סוביניון פרייוט קולקשן,אגודת הכורמים הקאופו,IL,יין קברנה סוביניון,מיליליטרים,750.00,"100 מ""ל",false,,38.90,0.0519,true,1,1158821
7290008803014,false,כרמל הוק לבן חצי יבש,יקבי כרמל,,יין כרמל הוק,מיליליטרים,750.00,"100 מ""ל",false,,19.90,0.0265,true,1,1158822
7290008804462,false,מוסקט קינוח לבן 500 מל,אגודת הכורמים הקואופ,IL,יין מוסקט קינוח,מיליליטרים,500.00,"100 מ""ל",false,,38.90,0.0778,true,1,1158833
7290008805520,false,קברנה מרלו אדום יבש 750 מל סלקטד,"כד בני דרום בע""מ",IL,יין קברנה /מרלו,מיליליטרים,750.00,"100 מ""ל",false,,29.90,0.0399,true,1,1158840
7290008805964,false,יין קברנה שיראז גליל עליון אדום יבש 750,אגודת הכורמים הקואופ,IL,יין אדום קברנה שיראז,מיליליטרים,750.00,"100 מ""ל",false,,54.90,0.0732,true,1,1158843
7290008807029,false,"יין טבע אמרלד ריזלינג 750 מ""ל",יקבי בינימינה,IL,טבע אמרלד ריזלינג N,מיליליטרים,750.00,"100 מ""ל",false,,24.90,0.0332,true,1,1193898
7290008807067,false,"יין טבע מרלו 750 מ""ל",יקבי בינימינה,IL,טבע מרלו N 750,מיליליטרים,750.00,"100 מ""ל",false,,24.90,0.0332,true,1,1193900
7290008807128,false,יין יוגב קברנה סובני,,,יין יוגב קברנה סובני,מיליליטרים,750.00,"100 מ""ל",false,,39.90,0.0532,true,1,2146069
7290008807289,false,יין קיסריה,בנימינה Binyamina,IL,קיסריה יין אדום מתוק 750מ,מיליליטרים,750.00,"100 מ""ל",false,,14.90,0.0199,true,1,1193906
7290008807487,false,יין יוגב קברנה סובינ,יקבי בנימינה,,יין יוגב קברנה סובינ,מיליליטרים,750.00,"100 מ""ל",false,,39.90,0.0532,true,1,1193914
7290008807654,false,יין רזרב סובניון בלא,יקבי בנימינה,,יין לבן רזרב סוביניו,מיליליטרים,750.00,"100 מ""ל",false,,49.90,0.0665,true,1,1193917
7290008834117,false,סטייק אנטריקוט טרי,,,סטייק אנטריקוט טרי,קילוגרמים,1.00,"ק""ג",true,,129.00,129.0000,true,1,1190604
7290008834674,false,טחון טרי עם כבש,,,טחון טרי עם כבש,קילוגרמים,1.00,"ק""ג",true,,89.90,89.9000,true,1,1190614
7290008834704,false,אוסובוקו עגל טרי,,,אוסובוקו עגל טרי,קילוגרמים,1.00,"ק""ג",true,,59.90,59.9000,true,1,1190615
7290008834711,false,פילה מדומה טרי,,,פילה מדומה טרי,קילוגרמים,1.00,"ק""ג",true,,59.90,59.9000,true,1,1190616
7290008834759,false,צוואר טרי,,,צוואר טרי,קילוגרמים,1.00,"ק""ג",true,,69.00,69.0000,true,1,1190620
7290008834766,false,בקר טחון טרי,,,בקר טחון טרי,קילוגרמים,1.00,"ק""ג",true,,59.90,59.9000,true,1,1190621
7290008834834,false,טחון עוף,,,טחון עוף,קילוגרמים,1.00,"ק""ג",true,,34.90,34.9000,true,1,1190625
7290008834841,false,חזה הודו טחון,,,חזה הודו טחון,קילוגרמים,1.00,"ק""ג",true,,44.90,44.9000,true,1,1190626
7290008834902,false,זנב עגל טרי,,,זנב עגל טרי,קילוגרמים,1.00,"ק""ג",true,,69.00,69.0000,true,1,1190632
7290008834926,false,רגל עגל פרוס,,,רגל עגל פרוס,קילוגרמים,1.00,"ק""ג",true,,59.90,59.9000,true,1,1190634
7290008835831,false,פרגיות קוביות,,,פרגיות קוביות,קילוגרמים,1.00,"ק""ג",true,,79.90,79.9000,true,1,1190635
7290008835879,false,בשר צלעות טרי,,,בשר צלעות טרי,קילוגרמים,1.00,"ק""ג",true,,79.90,79.9000,true,1,1190636
7290008849470,false,ממרח פלפל ציומה אוליביה 190 גר,אוליביה גורמה בעמ,IL,פלפל צומה 185 ג,גרמים,185.00,100 גרם,false,,12.90,0.0697,true,1,1159596
7290008849661,false,אוליביה ממרח עגבניות מיובשות פיקנטי 180 גרם,טרופיקל דגיל תעשיות,IL,ממרח עגבניות מיובשות,גרמים,180.00,100 גרם,false,,9.90,0.0550,true,1,1717869
7290008849777,false,אוליביה רוטב צילי מתוק 350 גרם,אוליביה,IL,רוטב צ'ילי מתוק,גרמים,290.00,100 גרם,false,,12.90,0.0445,true,1,1159606
7290008849838,false,טפנד זיתים אוליביה 190 גר',"אוליביה גורמה בע""מ",IL,טפנד זיתים-אוליביה,גרמים,180.00,100 גרם,false,,9.90,0.0550,true,1,1717871
7290008849845,false,ממרח אוליביה אריסה פיקנטי 180 ג',"אוליביה גרומה בע""מ",IL,אריסה פיקנטית-אוליבי,גרמים,185.00,100 גרם,false,,9.90,0.0535,true,1,1717872
7290008909853,false,קוקה קולה זירו בקבוק 500מל,פארייפאבה אגרואינדוס,IL,קולה ZERO בקבוק 500 מל,מיליליטרים,500.00,"100 מ""ל",false,,6.90,0.0138,true,1,1182509
7290008975551,false,מטרנה מהדרין חסכון שלב 3 700 גרם,מולינו ניקולי s.p.a,IL,תרכובת מזון המשך לפעוטות,גרמים,700.00,100 גרם,false,,59.90,0.0856,true,1,1156201
7290008989091,false,פירכיות אורז מארז 100X3ג',"בטר אנד דיפרנט בע""מ",IL,פריכיות שלישיות אריזת חסכ,גרמים,310.00,100 גרם,false,,11.90,0.0384,true,1,1194638
7290008989282,false,שמן פשתן 250 גר',בטר אנד דיפרנט B&D,IL,"שמן פשתן 250 מ""ל",גרמים,250.00,100 גרם,false,,19.90,0.0796,true,1,1194640
7290008989473,false,ממרח חרובים טעם שוקו' 350ג' בי&די,"בטר אנד דיפרנט בע""מ",IL,ממרח חרובים בטעם שוקולד 3,גרמים,350.00,100 גרם,false,,12.90,0.0369,true,1,1194643
7290010023141,false,תה לימונענע הגן הקסום 25 שיקיקים,תה ויסוצקי,IL,חליטת לימונענע,גרמים,55.00,100 גרם,false,,16.90,0.3073,true,1,1186298
7290010023622,false,תה קלאסי בנגיעות נענע 100 גרם,תה ויסוצקי,IL,תה ויסוצקי קלאסי בנגיעות,גרמים,100.00,100 גרם,false,,19.90,0.1990,true,1,1186300
7290010042876,false,חמוציות קפוא 300 גרם,,,חמוציות קפוא 300 גרם,גרמים,300.00,100 גרם,false,,9.90,0.0330,true,1,1854464
7290010045006,false,עוגיות חמאה פריכות 200 גרם לחמי,קונדטוריות לחמי,IL,עוגיות חמאה פריכות,גרמים,200.00,100 גרם,false,,18.90,0.0945,true,1,1186305
7290010045051,false,עוגיות מלבן שקדים 200 גרם לחמי,קונדטוריות לחמי,IL,עוגיות מלבן שקדים,גרמים,200.00,100 גרם,false,,18.90,0.0945,true,1,1186308
7290010045068,false,עוגיות הנסיכה 250 גרם לחמי,קונדטוריות לחמי,IL,עוגיות נסיכה,גרמים,250.00,100 גרם,false,,18.90,0.0756,true,1,1186309
7290010049004,false,מרמולייט תרכיז ענבים דיאט 1 ליטר,מרמולייט,IL,מרמולייט סירופ בטעם ענבים,ליטרים,1.00,ליטר,false,,19.90,19.9000,true,1,1199863
7290010065271,false,פרינוק - מחית תפוחי עץ 130 גרם,פרינוק,CZ,מחית תפ'ע 130 גר' ירוק,גרמים,130.00,100 גרם,false,,4.90,0.0377,true,1,1159662
7290010065295,false,פרינוק - מחית תפוחי עץ ובננה 130 גרם,פרינוק,CZ,מחית תפ'ע+בננה 130ג'ירוק,גרמים,130.00,100 גרם,false,,4.90,0.0377,true,1,1159664
7290010065332,false,פרינוק - ג'וניור פתוחי עץ ובננה 190 גרם,פרוטה פודווין איי.אס,CZ,ג'וניור תפ'ע בננה 190 ג',גרמים,190.00,100 גרם,false,,5.90,0.0311,true,1,1159668
7290010116980,false,אבקת שוקולית שקית עלית 850 ג',הנסיך- מפעל לייצור ט,IL,שוקולית 850 גרם 6 יח,גרמים,850.00,100 גרם,false,,18.90,0.0222,true,1,1189443
7290010117864,false,דוריטוס בטעם חריף אש 70 גרם,שטראוס פריטו ליי (מל,IL,דוריטוס חריף אש 70 גרם,גרמים,70.00,100 גרם,false,,3.50,0.0500,true,1,1189959
7290010117970,false,סבבה בוטנים קלויים מצופים - אריזה אישית,"שטראוס פריטו ליי בע""",IL,בוטנים סבבה עלית טבע,גרמים,50.00,100 גרם,false,,2.00,0.0400,true,1,1189960
7290010118328,false,מארז תפוצ'יפס בטעם טבעי,שטראוס פריטו ליי (מל,IL,מארז תפוציפס 240*6ג/1מארז,גרמים,240.00,100 גרם,false,,12.90,0.0538,true,1,1189962
7290010153770,false,ציפוי לשניצל פיקנטי מיה 500 גר',מיה תעשיות מזון,IL,ציפוי לשניצל פיקנטי 500גר,גרמים,500.00,100 גרם,false,,9.90,0.0198,true,1,1181528
7290010153817,false,ממרח ריבת חלב 400 גרם מיה,מיה תעשיות מזון בעמ,IL,ריבת חלב בד''ץ,גרמים,400.00,100 גרם,false,,10.90,0.0273,true,1,1181532
7290010153848,false,תבלין פפריקה מרוקאי בשמן 80 גר' מיה,מיה תעשיות מזון בעמ,IL,פפריקה מרוקאית בשמן 80גרם,גרמים,80.00,100 גרם,false,,6.90,0.0863,true,1,1181534
7290010153855,false,פפריקה מרוקאית בשמן 300גרם צנצנת,מיה תעשיות מזון בעמ,IL,פפריקה מרוקאית בשמן 300גר,גרמים,300.00,100 גרם,false,,19.90,0.0663,true,1,1181535
7290010153879,false,ריבת חלב מרוכזת בטעם שמנת מיה 400 גר',מיה תעשיות מזון בעמ,IL,ריבת חלב בטעם שמנת 400גרם,גרמים,400.00,100 גרם,false,,10.90,0.0273,true,1,1181537
7290010154418,false,סחוג אדום ביטון 130 גר',תבליני יוחאי ביטון,IL,סחוג אדום 130 גרם,יחידה,0.00,יחידה,false,,7.90,0.0000,true,1,1864391
7290010154425,false,סחוג ירוק ביטון 130 גר',תבליני יוחאי ביטון,IL,סחוג ירוק 130 גרם,יחידה,0.00,יחידה,false,,7.90,0.0000,true,1,1864392
7290010154555,false,ממרח לימון כבוש 250 גר' מעדני ביטון!,תבליני יוחאי ביטון,IL,ממרח לימון כבוש 250ג,גרמים,250.00,100 גרם,false,,12.90,0.0516,true,1,1864394
7290010154685,false,סלט שום כתוש 250 ג' ביטון יוחאי,תבליני יוחאי ביטון,IL,סלט שום כתוש 250 גרם,גרמים,250.00,100 גרם,false,,12.90,0.0516,true,1,1864396
7290010161669,false,אדם פרימייר דאודורנט ספריי 200 מל,זוהר קוסמטיקס,IL,דאו אדם פרימייר,מיליליטרים,200.00,"100 מ""ל",false,,14.90,0.0745,true,1,1183582
7290010175819,false,חמאת בוטנים קלאסית ט,ניצה אס סיי,IL,חמאת בוטנים,גרמים,510.00,100 גרם,false,,10.90,0.0214,true,1,1180905
7290010175840,false,לבבות דקל שלמים במי מלח,אינאקספו,UY,לבבות דקל שלם 400 גר,גרמים,400.00,100 גרם,false,,10.90,0.0273,true,1,1180908
7290010175857,false,פרוסות לבבות דקל 400 ג' טעמן,אינאקספו,IL,פרוסות לבבות דקל 400,גרמים,400.00,100 גרם,false,,9.90,0.0248,true,1,1180909
7290010192144,false,סלרי חתוך יח',,,סלרי חתוך,יחידה,0.00,יחידה,false,,4.90,0.0000,true,1,2054395
7290010195268,false,פופקורן פופסטאר חמישייה מופחת שומן טבעי,פופ סטאר,US,פופסטאר מופחת שומן טבעי 5,גרמים,500.00,100 גרם,false,,12.90,0.0258,true,1,1199877
7290010195275,false,פופקורן פופסטאר חמישייה מובחר שומן חמאה,פופ סטאר,US,פופסטאר מופחת שומן חמאה 5,גרמים,500.00,100 גרם,false,,12.90,0.0258,true,1,1199878
7290010199891,false,"סטייל - סבון ידיים אדום 500 מ""ל משאבה - מרכז",דולפין ספא,TR,סבון ידיים תה ירוק,מיליליטרים,500.00,"100 מ""ל",false,,8.90,0.0178,true,1,1193013
7290010237548,false,"פפסי מקס דל קלוריות 500 מ""ל בקבוק",טמפו משקאות בעמ,IL,"פפסי מקס 500 מ""ל",מיליליטרים,500.00,"100 מ""ל",false,,4.50,0.0090,true,1,1171698
7290010237562,false,משקה פפסי מרינדה קוו,"טמפו משקאות בע""מ",IL,"משקה מירנדה 500 מ""ל",מיליליטרים,500.00,"100 מ""ל",false,,4.50,0.0090,true,1,1171699
7290010237685,false,"הייניקן בירה צואר ארוך 330מ""ל",טמפו משקאות בע''מ,IL,"הייניקן בקבוק 330 מ""",מיליליטרים,330.00,"100 מ""ל",false,,9.90,0.0300,true,1,1171704
7290010259311,false,חלב קוקוס ויליפוד 400ג',וילי פוד,TH,קרם קוקוס 400 גרם,גרמים,400.00,100 גרם,false,,7.90,0.0198,true,1,1683205
7290010259359,false,וילי פוד נודלס אטר.ביצים להקפצה בדץ 200ג,פוג'יאן לונגהאי אנלי,CN,אטריות להקפצה נודלס 200גר,גרמים,200.00,100 גרם,false,,4.90,0.0245,true,1,1159341
7290010259366,false,וילי פוד נודלס אטר.ביצים מסולסל בדץ 200ג,פוג'יאן לונגהאי אנלי,CN,אטריות להקפצה מסולסלות נו,גרמים,200.00,100 גרם,false,,4.90,0.0245,true,1,1159342
7290010259823,false,מנת השף מרק עם נודלס טעם עוף בדץ 70ג,נמצ'או(תאילנד) בעמ,TH,מנת השף- מרק עם נודלס בטע,גרמים,70.00,100 גרם,false,,4.90,0.0700,true,1,1159343
7290010259830,false,מרק עם נודלס סיני פיקנטי מנת השף 70 גר,נמצ'או(תאילנד) בעמ,TH,מנת השף מרק עם נודלס בסגנ,גרמים,70.00,100 גרם,false,,4.90,0.0700,true,1,1159344
7290010259861,false,מנת השף מרק עם נודלס בטעם ירקות בדץ 70ג,יוליניבר,TH,מנת השף -מרק עם נודלס בטע,גרמים,70.00,100 גרם,false,,4.90,0.0700,true,1,1159347
7290010259977,false,שמן קנולה וילי פוד 1 ליטר,בונגי פולין אס.פי.זד,PL,שמן קנולה מזוכך 1 לי,ליטרים,1.00,ליטר,false,,9.90,9.9000,true,1,2094035
7290010259991,false,וילי פוד צנימים בדץ 250ג,וילי פוד,PT,צנימים 250גרם,גרמים,250.00,100 גרם,false,,7.90,0.0316,true,1,1159351
7290010300488,false,קיסמים וחוט דנטלי דנטה קלין 40 יח',,,קיסם+חוטדנטלי 40 יח,יח',40.00,יח',false,,8.90,0.2225,true,1,1177391
7290010300518,false,נאמן שבולת שועל שקית 500ג,,,קווקר בשקית.,גרמים,500.00,100 גרם,false,,7.90,0.0158,true,1,1177392
7290010300594,false,אבקת גלטין טהור 28 גר,,,גלטין טהור קופסא,גרמים,24.00,100 גרם,false,,11.90,0.4958,true,1,1177393
7290010300860,false,אציטון נאמן לאורך זמ,,,"אציטון 100 מ""ל",מיליליטרים,100.00,"100 מ""ל",false,,4.90,0.0490,true,1,1905026
7290010328093,false,ממרח חלווה אחווה 400 ג' מהדרין,אחדות בית חרושת לטחי,IL,ממרח חלוה 400 גרם,גרמים,400.00,100 גרם,false,,10.90,0.0273,true,1,1157161
7290010328345,false,חלווה 50 גר' וניל אחדות,אחדות ביחר לטחינה חל,IL,חלוה בטעם וניל 50 ג,גרמים,50.00,100 גרם,false,,1.90,0.0380,true,1,1991963
7290010328505,false,אחווה חטיפי מיני חלווה ללא סוכר 15 יח,אחדות ביחר לטחינה חל,IL,חטיפי מיני חלוה ללא תוספת,גרמים,150.00,100 גרם,false,,10.90,0.0727,true,1,1157169
7290010328680,false,עוגה בטעם שוקולד עם שוקוצ'יפס מריר ולבן 450 גרם,אחדות ביחר לטחינה חל,IL,עוגה בטעם שוקולד עם שוקוצ,גרמים,450.00,100 גרם,false,,9.90,0.0220,true,1,1229672
7290010328727,false,ממרח טחינה עם שוקולד אחווה 400 ג'!,אחדות ביחר לטחינה חל,IL,ממרח טחינה עם שוקולד,גרמים,400.00,100 גרם,false,,10.90,0.0273,true,1,1996651
7290010328765,false,חלבה חטיף שוקו וניל וחלבה אחווה 50 גרם,אחדות ביחר לטחינה חל,IL,חלוה בטעם שוקו וניל,גרמים,50.00,100 גרם,false,,1.90,0.0380,true,1,1991964
7290010328796,false,עוגה בטעם וניל אחדות 350 ג',אחדות ביחר לטחינה חל,IL,עוגה בטעם שוקולד 350,גרמים,350.00,100 גרם,false,,6.90,0.0197,true,1,1996383
7290010328819,false,"ממרח טחינה עם שוקולד לל""ס 400 ג' אחדות!.",אחדות ביחר לטחינה חל,IL,ממרח שומשום בטעם שוק,גרמים,400.00,100 גרם,false,,10.90,0.0273,true,1,1349955
7290010329854,false,עוגיות מיני קוקיס בטעם חמאה ללא תוספת סוכר,כרמית,,עוגיות מיני קוקיס בט,גרמים,600.00,100 גרם,false,,18.90,0.0315,true,1,1285810
7290010382811,false,"לחות קלילה לשיער מתולתל נטורל פורמולה, 400 מ""ל",אגיס,,קרם לחות קלילה לשיער,מיליליטרים,300.00,"100 מ""ל",false,,24.90,0.0830,true,1,1191193
7290010429554,false,"שמן זית כתית מעולה יד מרדכי 2 קלאסי, 750 מ""ל",מכוורת יד מרדכי שטרא,IL,"שמן זית 2 קלאסי 750 מ""ל",מיליליטרים,750.00,"100 מ""ל",false,,33.90,0.0452,true,1,1189450
7290010471669,false,יוגורט תות עם קורנפלקס מצופה שוקולד ללא גלוטן 3.9%,"שטראוס בריאות בע""מ",IL,בר תות קורנפלקס בודד- מקט,גרמים,175.00,100 גרם,false,,4.50,0.0257,true,1,1188754
7290010472307,false,מארז 8 יחידות משקה גמדים בטעם תות בננה,מיוצר עי קונדיטוריית,IL,8 גמדים לשתייה תות בננה,גרמים,864.00,100 גרם,false,,14.90,0.0172,true,1,1188758
7290010535408,false,קופסא למברשות שיניים,מיה טריידינג,CN,"זוג קופ"" למברשת שיניים",יחידה,0.00,יחידה,false,,9.90,0.0000,true,1,1159132
7290010535699,false,חוט דנטאלי 50 מטר רפ,מיה טריידינג,CN,חוט דנטאלי 50 מטר מנטה,מטרים,50.00,מטר,false,,9.90,0.1980,true,1,1159137
7290010548514,false,עשבי תיבול לבישול איטלקי 70 גרם קפוא,עיצובים 2020 (3.8),IL,תערובת איטלקית 70 גרם,גרמים,70.00,100 גרם,false,,9.90,0.1414,true,1,1156260
7290010561445,false,פיתות ללא גלוטן - 5 יח',אשבל מזון פונקציונלי,IL,ברילי פיתות,גרמים,420.00,100 גרם,false,,19.90,0.0474,true,1,2043046
7290010609727,false,פופס קידס משקה להקפאה בטעם פירות 70יח,הדיל,,פופס קידס-שלוקים מאר,מיליליטרים,2240.00,"100 מ""ל",false,,13.90,0.0062,true,1,1182838
7290010609734,false,אייס לי משקה להקפאה בטעמי פירות - מארז 8 יח',הדיל,IL,אייס לי שלוקים 8 יח',מיליליטרים,800.00,"100 מ""ל",false,,4.90,0.0061,true,1,1408879
7290010609864,false,טרופיX משקה בטעם ענבים- מארז 40 יח',הדיל,,טרופיקס משקה ענבים,ליטרים,8.00,ליטר,false,,34.90,4.3625,true,1,1408866
7290010613823,false,נוזל לניקוי כלים 1.6,,,נוזל לניקוי כלים 1.6,ליטרים,1.60,ליטר,false,,14.90,9.3125,true,1,2085034
7290010613830,false,נוזל לניקוי כלים 1.6,,,נוזל לניקוי כלים 1.6,ליטרים,1.60,ליטר,false,,14.90,9.3125,true,1,2085035
7290010613892,false,תרסיס לניקוי כללי בתוספת חומץ בריח פריחה סגולה,פרפקט Perfect,,תרסיס לניקוי כללי בת,ליטרים,1.00,ליטר,false,,12.90,12.9000,true,1,2065165
7290010613939,false,תרסיס לניקוי כללי בתוספת אבקת סודה,פרפקט Perfect,,תרסיס לניקוי כללי בת,ליטרים,1.00,ליטר,false,,12.90,12.9000,true,1,2065166
7290010627004,false,טחינה גולמית מסורתית ירושלים 500 ג',"בראשית ירושלים בע""מ",IL,טחינה גולמית ירושלים,גרמים,500.00,100 גרם,false,,12.90,0.0258,true,1,1336682
7290010627844,false,טחינה גולמית שומשום מלא ירושלים 500גרם,"בראשית ירושלים בע""מ",IL,טחינה גולמית ירושלים,גרמים,500.00,100 גרם,false,,12.90,0.0258,true,1,1336683
7290010632787,false,צימרוני אוזניים עץ 300יח',הדקלאים אגודת שיתופי,CN,צימרוני אוזנים מעץ 3,יח',300.00,יח',false,,3.50,0.0117,true,1,1169976
7290010650002,false,פטריות יער תקוע ארוז,,IL,פטריות ירדן,גרמים,170.00,100 גרם,false,,9.90,0.0582,true,1,1195149
7290010650019,false,עולש אנדיב בלגי חוות,חוות פטריות תקוע,IL,אנדיב בלגי,יחידה,0.00,יחידה,false,,11.90,0.0000,true,1,1195150
7290010650033,false,בצלצלי שאלוט תקוע אר,חוות פטריות תקוע,IL,בצלצלי שאלוט,יחידה,0.00,יחידה,false,,12.90,0.0000,true,1,1195152
7290010650040,false,פטריות שיטאקי תקוע א,"פנטה אמפאק בע""מ",IL,פטריות שי-טאקה,גרמים,100.00,100 גרם,false,,8.90,0.0890,true,1,1195153
7290010650064,false,פטריות יער מיובשות ת,חוות תקוע,IL,פטריות יער מיובשות,יחידה,0.00,יחידה,false,,7.90,0.0000,true,1,1170188
7290010650101,false,עגבניות מיובשות יח,חוות פטריות תקוע,IL,עגבניות יבשות,יחידה,0.00,יחידה,false,,7.90,0.0000,true,1,1170190
7290010650408,false,בצלצלי פנינה תקוע יח,פסטה לנסי,IL,בצלצלי פנינה,גרמים,400.00,100 גרם,false,,9.90,0.0248,true,1,1704636
7290010650576,false,פטריות שנוקי טרי ארו,"פנטה אמפאק בע""מ",IL,פטריות שינוקי,יחידה,0.00,יחידה,false,,9.90,0.0000,true,1,1195170
7290010650828,false,פטריות שימגי לבן תקו,עינת תעשיות מזון אגו,IL,פטריות שי-מג'י לבן,גרמים,150.00,100 גרם,false,,9.90,0.0660,true,1,1778804
7290010650996,false,פטריות שימגי חום תקו,שנגחאי פינק פוד קומפ,IL,פטריות שי-מג'י חום,גרמים,150.00,100 גרם,false,,9.90,0.0660,true,1,2072809
7290010748518,false,"סרקל פורטה שמפו לילדים 750 מ""ל","ד""ר פישר Dr fischer",IL,סרקל פורטה שמפו 750 גרם,מיליליטרים,750.00,"100 מ""ל",false,,24.90,0.0332,true,1,1198381
7290010748860,false,"ד""ר פישר - אפקטיב קר קרם ידיים אינטנסיב 150 מ""ל",פישר מעבדות פרמצבטיו,IL,אפקטיב קר קרם ידיים אינטנ,מיליליטרים,150.00,"100 מ""ל",false,,15.90,0.1060,true,1,1198384
7290010748884,false,קרם גוף אינטנסיב Intensive לעור יבש במיוחד,פישר מעבדות פרמצבטיו,IL,אפקטיב קר קרם גוף אינטנסי,מיליליטרים,700.00,"100 מ""ל",false,,24.90,0.0356,true,1,1198386
7290010748891,false,קרם גוף מולטי ויטמין Multi vitamin לעור רגיל- יבש,פישר מעבדות פרמצבטיו,IL,אפקטיב קר קרם גוף מולטי ו,מיליליטרים,700.00,"100 מ""ל",false,,24.90,0.0356,true,1,1198387
7290010757916,false,בורקס פיצה ללא גלוטן,מאפיית ישראל חיפה,IL,בורקס פיצה ללא גלוטן,גרמים,500.00,100 גרם,false,,19.90,0.0398,true,1,2103186
7290010757923,false,אריאל ללא גלוטן-ריבו,מאפיית ישראל חיפה,IL,ריבועי בצק עלים ללא,גרמים,450.00,100 גרם,false,,17.90,0.0398,true,1,2103196
7290010757961,false,ג'חנון ל.גלוטן אריאל,מאפיית ישראל חיפה,IL,ג'חנון ללא גלוטן 450,גרמים,450.00,100 גרם,false,,19.90,0.0442,true,1,2103190
7290010760947,false,עוגיות בדלי בטעמים ש,,,עוגיות בדלי בטעמים ש,גרמים,600.00,100 גרם,false,,15.90,0.0265,true,1,1187657
7290010766185,false,רוטב פסטה בזיליקום ע.תיבול אוליביה 420ג',אוליביה,IL,רוטב לפסטה עג.בזיליקום,גרמים,420.00,100 גרם,false,,12.90,0.0307,true,1,1159686
7290010766697,false,רוטב שקשוקה אוליביה 415 גר,אוליביה,IL,רוטב שקשוקה,גרמים,415.00,100 גרם,false,,12.90,0.0311,true,1,1159689
7290010766949,false,ממרח תחתיות ארטישוק 180ג' אוליביה,אוליביה,IL,ממרח ארטישוק,גרמים,180.00,100 גרם,false,,12.90,0.0717,true,1,1159692
7290010766956,false,אוליביה ממרח פלפלים מתוקים אדומים 180 גר,אוליביה,IL,ממרח פלפלים מתוקים אדומים,גרמים,190.00,100 גרם,false,,12.90,0.0679,true,1,1159693
7290010770762,false,אקווה פרש מברשת שיניים קלין פלקס,גלקסו סמית קליין,DE,א.פרש מברשת פלקס,יח',1.00,יח',false,,4.90,4.9000,true,1,1193021
7290010814244,false,שלשות שוקולד מריר 85 גרם*3 בלמינט *18 בקרטון,כרמית תעשיות ממתקים,IL,כרמית שוקולד מריר שלשות 1,גרמים,255.00,100 גרם,false,,11.90,0.0467,true,1,1185819
7290010814268,false,שלשות שוקולד לבן 85 גר*3 בלמינט * 18 בקרטון,כרמית תעשיות ממתקים,IL,כרמית שוקולד לבן שלשות 85,גרמים,255.00,100 גרם,false,,11.90,0.0467,true,1,1185821
7290010838219,false,ממתיק על בסיס צמח הסטיביה - שקיות,תות ממתקי איכות,IL,מר' סטיביה 100שקיות,יח',100.00,יח',false,,25.90,0.2590,true,1,1199881
7290010838424,false,ג'ל לניקוי מתקדם בניחוח רענן - מארז זוג,"איטיליאן פוד, אס.פי.",NL,טואלט דאק * 750זוג *ירוק,מיליליטרים,1500.00,"מ""ל",false,,16.90,0.0113,true,1,1199882
7290010838431,false,ג'ל לניקוי מתקדם בניחוח ים - מארז זוג,מיוצר עי קונדיטוריית,NL,טואלט דאק * 750זוג *כחול,מיליליטרים,1500.00,"מ""ל",false,,16.90,0.0113,true,1,1199883
7290010849512,false,יין למברוסקו די לואיג'ירוזטו אמבילה,פארייפאבה אגרואינדוס,IT,יין למברוסקו מבעבע,מיליליטרים,750.00,"100 מ""ל",false,,29.90,0.0399,true,1,1181293
7290010883042,false,סנובון עם אפקט הקצף הפעיל בריח רענן,סנו סנובון,IL,סנובון נוזלי רענן 750 מל,מיליליטרים,750.00,"100 מ""ל",false,,10.90,0.0145,true,1,1167628
7290010883363,false,כפפות אלוורה רב שימושיות מרופדות קטן S,האי נאם סי או אל.טי.,CN,S סנו סושי כפפות אלוורה,יח',1.00,יח',false,,9.90,9.9000,true,1,1167631
7290010883370,false,כפפות אלוורה רב שימושיות מרופדות בינוני M,האי נאם סי או אל.טי.,CN,M סנו סושי כפפות אלוורה,יח',1.00,יח',false,,9.90,9.9000,true,1,1167632
7290010931330,false,מטבוחה אחלה 500 גרם,מיוצר עי קונדיטוריית,IL,מטבוחה 500,גרמים,500.00,100 גרם,false,,13.90,0.0278,true,1,1188763
7290010945146,false,קוטג' 3% מועשר בסידן טרה 250 ג' מהדרין,טרה,IL,קוטג' 3% 250 גרם- נעמ,גרמים,250.00,100 גרם,false,,5.40,0.0216,true,1,1176173
7290010945306,false,טרה חלב בקרטון 2 ליט,טרה,IL,חלב בקרטון 2 ליטר 3% חרדי,ליטרים,2.00,ליטר,false,,12.40,6.2000,true,1,1176174
7290010945450,false,גבינה לבנה 3% 250 גר מועשר בסידן וויטמין,טרה,IL,גבינה לבנה 250 גרם 3% מהד,גרמים,250.00,100 גרם,false,,4.95,0.0198,true,1,1176175
7290010945481,false,גבינה לבנה 5% שומן 500 ג' טרה,טרה,IL,גבינה לבנה 500 גרם 5%,גרמים,500.00,100 גרם,false,,9.90,0.0198,true,1,1176176
7290010970063,false,שמן שומשום כבישה קרה 500 מיל,טעמים,IL,שמן שומשום 500 מל,מיליליטרים,500.00,"100 מ""ל",false,,39.90,0.0798,true,1,1214092
7290010970193,false,סילאן תמרים טבעי 100% תמרים,טעמים,,סילאן 100% תמרים 900,גרמים,900.00,100 גרם,false,,19.90,0.0221,true,1,1336094
7290010970216,false,חומץ טעמים בלסמי 500,טעמים,IL,חומץ בלסמי  500 מל,מיליליטרים,500.00,"100 מ""ל",false,,19.90,0.0398,true,1,1199032
7290010970254,false,חומץ בן יין לבן טעמי,יושלם,IL,חומץ יין לבן   500 מל,מיליליטרים,500.00,"100 מ""ל",false,,10.90,0.0218,true,1,1199034
7290010970346,false,תמרים מובחרים מרוסקים 500 גרם,,,תמרים מרוסקים 500 גר,גרמים,500.00,100 גרם,false,,12.90,0.0258,true,1,2059000
7290010970407,false,חומץ תפוחים בלסמי 50,,,חומץ תפוחים בלסמי 50,מיליליטרים,500.00,"100 מ""ל",false,,19.90,0.0398,true,1,2059001
7290010970452,false,טחינה גולמית מעודנת 380 גרם,,,טחינה גולמית מעודנת,גרמים,380.00,100 גרם,false,,14.90,0.0392,true,1,2059002
7290010970544,false,"שמן אבוקדו טעמים 500 מ""ל",טעמים,IL,שמן זית כתית מעולה 750 מל,מיליליטרים,500.00,"100 מ""ל",false,,39.90,0.0798,true,1,1264998
7290010970742,false,ממרח פסטו פלפלים אמיתי 180 גרם,,,ממרח פלפלים 180 גרם,גרמים,180.00,100 גרם,false,,12.90,0.0717,true,1,1426720
7290010970773,false,סילאן תמרים 100% טבעי בקבוק לחיץ 350 גרם,,,סילאן תמרים טבעי בקב,גרמים,350.00,100 גרם,false,,12.90,0.0369,true,1,2059003
7290010970971,false,שמן זית בתרסיס 150 גרם טעמים,,,תרסיס שמן זית 200 גר,גרמים,200.00,100 גרם,false,,19.90,0.0995,true,1,2126347
7290011015862,false,"פריגת סירופ דיאט לימונענע 750 מ""ל",סירופ - גבעת חיים,IL,סירופ ד.לנענע 750,מיליליטרים,750.00,"100 מ""ל",false,,22.90,0.0305,true,1,1182526
7290011017866,false,קוקה קולה קלאסי בפחית,החברה המרכזית לייצור,IL,"סליק קוקה-קולה 330 מ""ל",מיליליטרים,330.00,"100 מ""ל",false,,5.40,0.0164,true,1,1182537
7290011017873,false,"קוקה קולה זירו פחית 330 מ""ל",החברה המרכזית לייצור,IL,"סליק קולה זירו 330 מ""ל",מיליליטרים,330.00,"100 מ""ל",false,,5.40,0.0164,true,1,1182538
7290011017880,false,דיאט קוקה קולה פחית סליק 330מל,החברה המרכזית לייצור,IL,"סליק ד.קוקה-קולה 330 מ""ל",מיליליטרים,330.00,"100 מ""ל",false,,5.40,0.0164,true,1,1182539
7290011018443,false,"פנטה אורנג פחית סליק 330 מ""ל",החברה המרכזית לייצור,IL,"סליק פאנטה אורנג' 330 מ""ל",מיליליטרים,330.00,"100 מ""ל",false,,5.40,0.0164,true,1,1182555
7290011018832,false,"קוקה קולה פרידגפק סליק 330 מ""ל שישייה",החברה המרכזית לייצור,IL,"מארז ק""ק 6 פח FRIDGE-PACK",ליטרים,1.98,ליטר,false,,23.90,12.0707,true,1,1182561
7290011018924,false,"מארז פחיות דיאט קוקה קולה שישייה 330 מ""ל",החברה המרכזית לייצור,IL,"דק""ק מארז פח 6 FRIDGE-PAC",ליטרים,1.98,ליטר,false,,23.90,12.0707,true,1,1182565
7290011026530,false,אל סבון לתינוק קמיל בלו סנסטיב לפני השינה,פישר מעבדות פרמצבטיו,IL,קמיל בלו סנסיטיב אל סבון,גרמים,500.00,100 גרם,false,,19.90,0.0398,true,1,1198391
7290011064020,false,בולגרית למריחה בטעמים 200 גר,גבינות אמיר ניצן בעמ,IL,גבינה בולגרית בעיר 2,גרמים,200.00,100 גרם,false,,12.90,0.0645,true,1,2020769
7290011064075,false,מעדן לאבנה ניצן אבו גוש 200 ג',גבינות אמיר ניצן בעמ,IL,גבינה לבנה אבו גוש 2,גרמים,200.00,100 גרם,false,,12.90,0.0645,true,1,1975329
7290011064099,false,טאפס פלפלוני שרי ממולאים במעדן גבינה,גבינות אמיר ניצן בעמ,IL,טאפס שכונתי 125 גרם,גרמים,125.00,100 גרם,false,,19.90,0.1592,true,1,1975330
7290011091057,false,פפריקה מתוקה 500 ג פרג,תבליני הדור השלישי,IL,פפריקה מתוקה,גרמים,500.00,100 גרם,false,,29.90,0.0598,true,1,2135338
7290011091088,false,כורכום פרג 500 גרם,תבליני הדור השלישי,IL,כרכום גדול,גרמים,500.00,100 גרם,false,,29.90,0.0598,true,1,2135322
7290011091125,false,תבלין לסטייק 120 גרם,תבליני הדור השלישי,IL,תבלין לסטייק 120 גרם,גרמים,120.00,100 גרם,false,,13.90,0.1158,true,1,1181965
7290011091132,false,תבלין קארי הודי 120גר,תבליני הדור השלישי,IL,קארי הודי 120 גרם,גרמים,120.00,100 גרם,false,,13.90,0.1158,true,1,2135268
7290011091149,false,קייטג'ון 150 גרם,תבליני הדור השלישי,IL,תבלין קייטגון,גרמים,150.00,100 גרם,false,,13.90,0.0927,true,1,1181967
7290011091200,false,פרג בזיליקום 40 גרם,תבליני הדור השלישי,IL,בזיליקום 40 גרם,גרמים,40.00,100 גרם,false,,13.90,0.3475,true,1,1181970
7290011091231,false,עלי דפנה ופלפל אנגלי,תבליני הדור השלישי,IL,עלי דפנה 40 גרם,גרמים,40.00,100 גרם,false,,13.90,0.3475,true,1,1181973
7290011091248,false,פרג טימין 40ג,תבליני הדור השלישי,IL,טימין,גרמים,40.00,100 גרם,false,,13.90,0.3475,true,1,2135231
7290011091262,false,פרג תבלין אורגנו 40ג,תבליני הדור השלישי,IL,אורגנו 60 גרם,גרמים,60.00,100 גרם,false,,13.90,0.2317,true,1,2135217
7290011091323,false,זעתר בלאדי פרג 150 ג,תבליני הדור השלישי,IL,זעתר בלאדי,גרמים,120.00,100 גרם,false,,13.90,0.1158,true,1,1181976
7290011091347,false,תערובת גריל עוף 120,תבליני הדור השלישי,IL,גריל עוף 120 גרם,גרמים,120.00,100 גרם,false,,13.90,0.1158,true,1,1181977
7290011091354,false,תבלין לשווארמה ופרגיות,תבליני הדור השלישי,IL,תבלין לשווארמה,גרמים,120.00,100 גרם,false,,13.90,0.1158,true,1,1181978
7290011091361,false,תבלין לדגים 120 גרם,תבליני הדור השלישי,IL,תבלין לדגים 120 גרם,גרמים,120.00,100 גרם,false,,13.90,0.1158,true,1,1181979
7290011091408,false,תבליין חוויג מרק 120,תבליני הדור השלישי,IL,תבליין חוויג מרק 120,גרמים,120.00,100 גרם,false,,13.90,0.1158,true,1,1181982
7290011091460,false,כורכום טחון 150 גרם,תבליני הדור השלישי,IL,כורכום טחון 150 גרם,גרמים,150.00,100 גרם,false,,13.90,0.0927,true,1,1181986
7290011091477,false,מלח לימון 200 גרם,תבליני הדור השלישי,IL,מלח לימון,גרמים,200.00,100 גרם,false,,13.90,0.0695,true,1,1181987
7290011091491,false,קינמון טחון 120 גרם,תבליני הדור השלישי,IL,קינמון טחון 120 גרם,גרמים,120.00,100 גרם,false,,13.90,0.1158,true,1,1181988
7290011091507,false,פלפל שחור טחון 120 גרם,תבליני הדור השלישי,IL,פלפל שחור טחון,גרמים,100.00,100 גרם,false,,13.90,0.1390,true,1,1181989
7290011091514,false,פרג פפריקה מתוקה בשמן 120ג,תבליני הדור השלישי,IL,פפריקה מתוקה בשמן,גרמים,120.00,100 גרם,false,,13.90,0.1158,true,1,1181990
7290011091521,false,פרג תבלין כמון טחון 120ג,תבליני הדור השלישי,IL,כמון טחון,גרמים,120.00,100 גרם,false,,13.90,0.1158,true,1,1181991
7290011091606,false,פפריקה מתוקה 150 גרם פרג,תבליני הדור השלישי,IL,פפריקה מתוקה,גרמים,150.00,100 גרם,false,,13.90,0.0927,true,1,1181995
7290011091651,false,שום גבישי פרג 150 גר,תבליני הדור השלישי,IL,תבלין גבישי שום,גרמים,150.00,100 גרם,false,,13.90,0.0927,true,1,1181999
7290011091958,false,צילי מקסיקני 80 גרם,תבליני הדור השלישי,IL,צילי מקסיקני 80 גרם,גרמים,80.00,100 גרם,false,,13.90,0.1738,true,1,1182002
7290011112523,false,"דאודורנט לנשים 150 מ""ל YOU PRETTY",קרליין Careline,,דאודורנט ספריי פריטי,מיליליטרים,175.00,"100 מ""ל",false,,19.90,0.1137,true,1,1191219
7290011113926,false,דאודורנט ספריי טיטניום בלאק Titanium Black,משווק: וסמופארם בעממ,IL,200מל BLACK דאו.טיטניום,מיליליטרים,180.00,"100 מ""ל",false,,14.90,0.0828,true,1,1191255
7290011115159,false,נקה 7-סבון מוצק לחות פרחים- רביעייה * 100 ג',גליל כימיכלים,IL,רביעיית סבון מוצק נקה 7 ל,גרמים,400.00,100 גרם,false,,9.90,0.0248,true,1,1191277
7290011115166,false,נקה 7 ארומה סבון נוזלי לבנדר 1 ל',טרופיקל דגיל תעשיות,IL,תחליב רחצה ארומה לבנדר1ל,ליטרים,1.00,ליטר,false,,14.90,14.9000,true,1,1191278
7290011115203,false,אל סבון מוצק מבושם בניחוח עדין קלאסיק - מארז רביעיה,טרופיקל דגיל תעשיות,IL,רבעיית סבון מוצק נקה 7 קל,גרמים,400.00,100 גרם,false,,9.90,0.0248,true,1,1191280
7290011115241,false,אל סבון ארומטי מוצק ורוד ורד ויסמין - מארז רביעיה,"גליל כימיכלים בע""מ",IL,רבעיית סבון מוצק נקה 7 אר,גרמים,400.00,100 גרם,false,,9.90,0.0248,true,1,1191281
7290011115258,false,אל סבון מוצק מבושם בניחוח עדין קלאסיק - מארז רביעיה,"גליל כימיכלים בע""מ",IL,רבעיית סבון מוצק נקה 7 קל,גרמים,400.00,100 גרם,false,,9.90,0.0248,true,1,1191282
7290011115272,false,אל סבון מוצק מועשר בקרם לחות צמחים - מארז רביעיה,קוסמופארם בע''מ,IL,רבעיית סבון מוצק נקה 7 לח,גרמים,400.00,100 גרם,false,,9.90,0.0248,true,1,1191284
7290011115289,false,אל סבון מוצק מבושם בניחוח עדין קלאסיק - מארז רביעיה,"גליל כימיכלים בע""מ",IL,רבעיית סבון מוצק נקה 7 קל,גרמים,400.00,100 גרם,false,,9.90,0.0248,true,1,1191285
7290011115296,false,אל סבון מוצק מועשר בקרם לחות לבנדר - מארז רביעיה,נקה 7,,רביעיית סבון מוצק לח,גרמים,400.00,100 גרם,false,,9.90,0.0248,true,1,1191286
7290011115401,false,אל סבון ארומטי מוצק צהוב קמומיל - רביעייה,נקה 7,IL,רביעיית סבון מוצק אר,גרמים,400.00,100 גרם,false,,9.90,0.0248,true,1,1191291
7290011126209,false,תה הגן הקסום תפוח וקינמון - סיידר 25 שקיקים,תה ויסוצקי,IL,חליטת תפוח וקינמון סיידר,גרמים,67.50,100 גרם,false,,16.90,0.2504,true,1,1186310
7290011126452,false,חליטת קמומיל ונענע 25 שקיקים גן קסום,תה ויסוצקי,IL,חליטת קמומיל ונענע,גרמים,37.50,100 גרם,false,,16.90,0.4507,true,1,1186318
7290011126469,false,חליטת קמומיל ודבש 25 שקיקים גן קסום,תה ויסוצקי,IL,חליטת קמומיל ודבש,גרמים,37.50,100 גרם,false,,16.90,0.4507,true,1,1186319
7290011126957,false,תה ירוק ויסוצקי ארל גריי 25 שקיקים,ויסוצקי ירוק,IL,תה ירוק ארל גרי,גרמים,37.50,100 גרם,false,,22.90,0.6107,true,1,1186327
7290011131371,false,מוזלי קראנצ'י שקדים ואגוזים,ויטליאה ניקולה דו,MK,מיזלי 1קג קראנצ' אלמונד,גרמים,1000.00,100 גרם,false,,24.90,0.0249,true,1,1166781
7290011131388,false,מיזלי 1 קג קרנצ תפוח&קינמ,ויטליאה ניקולה דו,MK,מיזלי1קג קראנצ'אפל&קינמון,גרמים,1000.00,100 גרם,false,,24.90,0.0249,true,1,1166782
7290011131654,false,מוזלי קראנצ'י ביג מיקס עם פירות ואגוזים,ויטליה ניקולא דו,MK,מיזלי 1 קג ביג מיקס,גרמים,1000.00,100 גרם,false,,24.90,0.0249,true,1,1216962
7290011132552,false,רביעיית בירה פאולנר 330 מל בקבוק,פאולנר Paulaner,,רביעייה בירה פאולנר,ליטרים,1.32,ליטר,false,,39.90,30.2273,true,1,1171723
7290011133368,false,בירה שנדי בתוספת משקה תפוח - שישייה,מכבי שנדי,IL,שישיית בירה שנדי תפו,ליטרים,1.98,ליטר,false,,29.90,15.1010,true,1,1171728
7290011133375,false,בירה שנדי בתוספת משקה אפרסק - שישייה,"טמפו משקאות בע""מ",IL,שישיית בירה שנדי אפר,ליטרים,1.98,ליטר,false,,29.90,15.1010,true,1,1171729
7290011133634,false,"פפסי מקס פחית צרה מארז שישייה 330 מ""ל","טמפו משקאות בע""מ",IL,מארז שישיית פפסי קול,ליטרים,1.98,ליטר,false,,18.90,9.5455,true,1,1983512
7290011174156,false,תירס מתוק A-2 ויטה,פרי הגליל,IL,תירס א -2ויטה בדצ,גרמים,550.00,100 גרם,false,,5.90,0.0107,true,1,1193986
7290011174163,false,"גרעיני תירס מתוק ויטה 340 גרם בד""צ",פרי הגליל,IL,תירס 12אונק ויטה בדצ,גרמים,340.00,100 גרם,false,,5.90,0.0174,true,1,1193987
7290011174170,false,שעועית ירוקה חתוכה,פרי הגליל,IL,שע ירוק א -2ויטה בדצ,גרמים,550.00,100 גרם,false,,6.90,0.0125,true,1,1193988
7290011174323,false,"צ'יפס אמריקאי 1.5 ק""ג פרי הגליל",פרי הגליל,IL,צ'יפס אמריקאי 1.5פג רבנות,קילוגרמים,1.50,"ק""ג",false,,18.90,12.6000,true,1,1193991
7290011174392,false,שעועית לבנה ברוטב עגבניות,פרי הגליל,IL,שע ברוטב א -2ויטה בדצ - ח,גרמים,580.00,100 גרם,false,,6.90,0.0119,true,1,1193993
7290011174491,false,תירס קל - מופחת קלוריות וללא תוספת סוכר,פרי הגליל,IL,תירס קל א -2ויטה בדצ,גרמים,550.00,100 גרם,false,,6.90,0.0125,true,1,1193996
7290011174897,false,אפונה עדינה פרי הגליל 600ג',פרי הגליל בעמ,IL,אפונה עדינה 600פג,גרמים,600.00,100 גרם,false,,12.90,0.0215,true,1,1194003
7290011174903,false,שעועית ירוקה שלמה קט,פרי הגליל,IL,שעועית עדינה,גרמים,600.00,100 גרם,false,,14.90,0.0248,true,1,1254854
7290011194215,false,מעדן גבינה ויוגורט בטעם בננה 5% שומן 88 ג' דניאלה,"שטראוס בריאות בע""מ",IL,דניאלה בננה,גרמים,88.00,100 גרם,false,,3.90,0.0443,true,1,1188764
7290011194246,false,קוטג שטראוס 5% עם סידן 250ג,מיוצר עי קונדיטוריית,IL,קוטג' %5 עם סידן 250 גרם,גרמים,250.00,100 גרם,false,,5.90,0.0236,true,1,1188765
7290011210564,false,יין יוגב קברנה סוביניון פטי ורדו,בנימינה Binyamina,IL,יוגב קברנה סוביניון פטי ו,מיליליטרים,750.00,"100 מ""ל",false,,39.90,0.0532,true,1,1194008
7290011223038,false,עלים לקרמשניט - בונומי 300גרם,בונומי ס.פ.א,IT,עלים לקרמשניט - בונומי 30,גרמים,300.00,100 גרם,false,,14.90,0.0497,true,1,1199892
7290011223045,false,בונומי בישקוטים 200 גרם,בונומי ס.פ.א,IT,בישקוטים בונומי 200גרם,גרמים,200.00,100 גרם,false,,4.90,0.0245,true,1,1199893
7290011223229,false,"טואלט דאק ג'ל לאסלה טיפות טל רעננות 55 מ""ל","איטיליאן פוד, אס.פי.",IT,ט.ד ג'ל אסלה טיפות טל רענ,מיליליטרים,55.00,"100 מ""ל",false,,9.90,0.1800,true,1,1199898
7290011223243,false,"טואלט דאק ג'ל לאסלה בניחוח לבנדר 55 מ""ל","איטיליאן פוד, אס.פי.",IT,ט.ד ג'ל אסלה ניחוח לבנדר,מיליליטרים,55.00,"100 מ""ל",false,,9.90,0.1800,true,1,1199899
7290011249212,false,וופל עלמה בלגי לימון 200 גר' ללא סוכר,"גילרו בע""מ",IL,וופל בלגי לימון.,גרמים,200.00,100 גרם,false,,2.90,0.0145,true,1,1193311
7290011254001,false,זרעי פשתן 450 גרם,מיה תעשיות מזון,IL,פשתן 450גרם,גרמים,450.00,100 גרם,false,,6.90,0.0153,true,1,1181540
7290011254025,false,מיה דוחון 500 גרם,"מיה תעשיות מזון בע""מ",IL,דוחן 500גרם,גרמים,500.00,100 גרם,false,,6.90,0.0138,true,1,1181541
7290011254070,false,תבלין פלפל שחור בשקית 50ג' מיה,מיה תעשיות מזון בעמ,IL,פלפל שחור 50גרם שקית,גרמים,50.00,100 גרם,false,,6.90,0.1380,true,1,1181543
7290011254087,false,תבלין קינמון בשקית 80 גר' מיה,מיה תעשיות מזון בעמ,IL,קינמון 80גרם שקית,גרמים,80.00,100 גרם,false,,4.90,0.0613,true,1,1181544
7290011254100,false,תבלין כרכום בשקית 80 גר' מיה,מיה תעשיות מזון בעמ,IL,כורכום 80גרם שקית,גרמים,80.00,100 גרם,false,,4.90,0.0613,true,1,1181546
7290011254117,false,תבלין פפריקה מתוקה בשקית 80 גר' מיה,מיה תעשיות מזון בעמ,IL,פפריקה מתוקה 80גרם שקית,גרמים,80.00,100 גרם,false,,4.90,0.0613,true,1,1181547
7290011254131,false,תבלין אורגנו 20גרם- שקית,מיה תעשיות מזון בעמ,IL,אורגנו 20גרם שקית,גרמים,20.00,100 גרם,false,,4.90,0.2450,true,1,1181549
7290011254148,false,תבלין אבקת שום 80 ג' מיה,מיה תעשיות מזון בעמ,IL,אבקת שום 80גרם שקית,גרמים,80.00,100 גרם,false,,7.90,0.0988,true,1,1181550
7290011254155,false,תבלין מלח לימון בשקית 80 גר' מיה,מיה תעשיות מזון בעמ,IL,מלח לימון 80גרם שקית,גרמים,80.00,100 גרם,false,,4.90,0.0613,true,1,1181551
7290011254179,false,תבלין גריל עוף בשקית 80 גר' מיה,מיה תעשיות מזון בעמ,IL,גריל עוף 80גרם שקית,גרמים,80.00,100 גרם,false,,4.90,0.0613,true,1,1181552
7290011254193,false,תבלין שביבי שום 50גרם שקית,מיה תעשיות מזון בעמ,IL,שבבי שום 50גרם שקית,גרמים,50.00,100 גרם,false,,7.90,0.1580,true,1,1181554
7290011254230,false,תן צ'אפ חטיף טבעות מארז 15X10ג',מיה תעשיות מזון בעמ,IL,מארז תן צ'אפ טבעות 15גרם,גרמים,350.00,100 גרם,false,,7.90,0.0226,true,1,1181556
7290011254254,false,נטיפים צמקאו בטעם שוקולד,"מיה תעשיות מזון בע""מ",IL,נטיפים בטעם שוקולד 300גרם,גרמים,300.00,100 גרם,false,,9.90,0.0330,true,1,1181558
7290011254346,false,"קינואה מיה בד""צ 1 ק""ג","מיה תעשיות מזון בע""מ",IL,קינואה 1 קג,קילוגרמים,1.00,"100 ק""ג",false,,16.90,16.9000,true,1,1619669
7290011254452,false,סוכריות מנטה ללא סוכר 80גרם,מיה תעשיות מזון,IL,סוכריות מנטה ללא סוכר 80ג,גרמים,80.00,100 גרם,false,,6.90,0.0863,true,1,1181561
7290011254469,false,סוכריות לימון ללא סוכר 80גרם,מיה תעשיות מזון,IL,סוכריות לימון ללא סוכר 80,גרמים,80.00,100 גרם,false,,6.90,0.0863,true,1,1181562
7290011254612,false,"לקט תערובת לקדירה 600 גרם ""מיה"" קדירה לקט בריאות","מיה תעשיות מזון בע""מ",IL,תערובת קדירה לקט בריאות 0,גרמים,600.00,100 גרם,false,,8.90,0.0148,true,1,1181567
7290011254698,false,"שמן זית כתית מעולה 750מ""ל בד''ץ",מיולאוליבה ספרד,ES,שמן זית כתית מעולה 750מ'ל,מיליליטרים,750.00,"100 מ""ל",false,,29.90,0.0399,true,1,1181570
7290011254728,false,ג'לטין טהור 25גרם בקרטונית,"מיה תעשיות מזון בע""מ",IL,ג'לטין טהור 25גרם בד'ץ,גרמים,25.00,100 גרם,false,,8.90,0.3560,true,1,1181571
7290011300975,false,פנינה סבון נוזלי ורוד פרדייז 500 מל,פנינה רוזנבלום,IL,סבון ורוד פרדייז 500,מיליליטרים,500.00,"100 מ""ל",false,,7.90,0.0158,true,1,1194511
7290011300982,false,סבון 500 מל' כחול אושן,סאסא קוסמטיקס,IL,סבון כחול אושן 500 מ,מיליליטרים,500.00,"500 מ""ל",false,,7.90,0.0158,true,1,1194512
7290011300999,false,"סבון נוזלי בז גרדן 500 מ""ל פנינה",סאסא קוסמטיקס,IL,"סבון בז גרדן 500 מ""ל",מיליליטרים,500.00,"100 מ""ל",false,,7.90,0.0158,true,1,1194513
7290011312381,false,פטריות חורש למנגל 320 ג',"מרינה פטריות הגליל בע""מ",IL,פטריות סטייק פורטובל,יחידה,0.00,יחידה,false,,14.90,0.0000,true,1,1176833
7290011378028,false,חלבה קלאסית בטעם וניל ללא תוספת סוכר,רושדי תעשיות מזון בע,IL,חלבה בארכה קלאסית וניל לל,גרמים,350.00,100 גרם,false,,15.90,0.0454,true,1,1186329
7290011378233,false,בארכה מאגדת חטיפי חלווה וניל ל.סוכר 120גר,רושדי תעשיות מזון בע,IL,מאגדת חטיף חלבה בארכה בקט,גרמים,120.00,100 גרם,false,,9.90,0.0825,true,1,1186330
7290011378257,false,חטיף חלבה בטעם וניל ללא תוספת סוכר בתוספת פיסטוק ופקאן,רושדי תעשיות מזון בע,IL,מאגדת חלבה בארכה בקטנה לל,גרמים,120.00,100 גרם,false,,9.90,0.0825,true,1,1186331
7290011378769,false,בארכה - חטיף בקטנה חלבה וניל 20 גרם * 6,רושדי תעשיות מזון בע,IL,מאגדת חטיף חלבה בארכה בקט,גרמים,126.00,100 גרם,false,,9.90,0.0786,true,1,1186333
7290011378776,false,חלבה חטיף פיסטוק בארכה בקטנה מארז 126ג',רושדי תעשיות מזון בע,IL,מאגדת חטיף חלבה בארכה בקט,גרמים,120.00,100 גרם,false,,9.90,0.0825,true,1,1186334
7290011379018,false,מארז משפחתי שמפיניון 500 ג' מרינה,מרינה פטריות,IL,מארז פטריות צמד חמד,יחידה,0.00,יחידה,false,,14.90,0.0000,true,1,1176834
7290011435226,false,דבש מפרחי בר לחיץ 650 ג' יד מרדכי,מכוורת יד מרדכי שטרא,IL,דבש טהור לחיץ 650 גר,גרמים,650.00,100 גרם,false,,29.90,0.0460,true,1,1606062
7290011438142,false,"משקה יטבתה אייס קפה בבקבוק אישי 350 מ""ל",שטראוס גרופ,IL,"אייסקפה 350 מ""ל מהדרין",מיליליטרים,350.00,"100 מ""ל",false,,5.90,0.0169,true,1,1188772
7290011473082,false,אורז בסמטי מלא אורגני 500 גר,תבואות,IN,אורז בשמתי מלא אורגנ,גרמים,500.00,100 גרם,false,,12.90,0.0258,true,1,1205154
7290011473181,false,עדשים שחורים אורגני 500 גרם תבאות,ארוז ע' תבואות,CA,עדש שחור אורגני 500,גרמים,500.00,100 גרם,false,,14.90,0.0298,true,1,1205161
7290011473198,false,עדשים חומים אורגני 500 גרם,,,עדש חום אורגני 500 ג,גרמים,500.00,100 גרם,false,,12.90,0.0258,true,1,1205162
7290011473211,false,עדשים אדומים אורגני 500 גרם,אורז ע'י,CN,עדש אדום אורגני 500,גרמים,500.00,100 גרם,false,,12.90,0.0258,true,1,1205164
7290011473242,false,פשתן זרעים אורגני 500 גרם,ארוז ע' תבואות,US,פשתן זרעים אורגני 50,גרמים,500.00,100 גרם,false,,9.90,0.0198,true,1,1205167
7290011473259,false,פשתן טחון אורגני 350 גר,תבואות,CN,פשתן טחון אורגני 350,גרמים,350.00,100 גרם,false,,10.90,0.0311,true,1,1205168
7290011473280,false,חומוס אורגני תבואות,ארוז ע' תבואות,IL,חומוס אורגני 500 גרם,גרמים,500.00,100 גרם,false,,9.90,0.0198,true,1,1205171
7290011473297,false,גריסי פנינה אורגני 500 גרם,אורז ע'י,IT,גריסי פנינה אורגני 5,גרמים,500.00,100 גרם,false,,9.90,0.0198,true,1,1205172
7290011473433,false,תבואת בר כוסמת אורגנ,אורז ע'י,CN,כוסמת אורגנית 500 גר,גרמים,500.00,100 גרם,false,,9.90,0.0198,true,1,1205180
7290011473440,false,גרעיני שיבולת שועל אורגני 500 גרם תבואות,תבואות,,גריסי שיבולת שועל או,גרמים,500.00,100 גרם,false,,9.90,0.0198,true,1,1205181
7290011473488,false,קמח אורז מלא טבעי 500 גר,תבואות,,קמח אורז מלא טבעי 50,גרמים,500.00,100 גרם,false,,9.90,0.0198,true,1,1205184
7290011473532,false,סוכר ענבים תבואות 50,תבואות,,סוכר ענבים טבעי 500,גרמים,500.00,100 גרם,false,,9.90,0.0198,true,1,1205186
7290011473891,false,עדשים צהובים אורגני 500 גרם,תבואות,TR,עדש צהוב אורגני 500,גרמים,500.00,100 גרם,false,,12.90,0.0258,true,1,1205197
7290011473921,false,סובין שיבולת שועל טבעי 500 גרם,תבואות,,סובין ש.שועל טבעי 50,גרמים,500.00,100 גרם,false,,14.90,0.0298,true,1,1205199
7290011474072,false,פוזילי כוסמין אורגני 500 גר,תבואות,,פוזילי כוסמין אורגני,גרמים,500.00,100 גרם,false,,19.90,0.0398,true,1,1205205
7290011474256,false,מלח הימליה גס שקית 1 קילו תבואות,תבואות,,"הימליה גס שקית 1 ק""ג",גרמים,1000.00,100 גרם,false,,19.90,0.0199,true,1,1362978
7290011474362,false,קמח עדשים אורגני 500 גרם תבואות,תבואות,TR,קמח עדשים אורגניות 5,גרמים,500.00,100 גרם,false,,15.90,0.0318,true,1,1284916
7290011474386,false,קוואקר אורגני דק 500 גרם,תבואות,,קוואקר אורגני דק 500,גרמים,500.00,100 גרם,false,,10.90,0.0218,true,1,1205208
7290011474478,false,גרעיני ציה אורגניים 300 גרם,תבואות,MX,זרעי צ'יה אורגניים 3,גרמים,300.00,100 גרם,false,,19.90,0.0663,true,1,1284917
7290011474683,false,מגידרה קינואה אורגנית 500 גרם תבואות,תבואות,IL,מג'דרה קינואה אורגני,גרמים,500.00,100 גרם,false,,19.90,0.0398,true,1,1205214
7290011474898,false,סוכר קוקוס אורגני 300 גרם תבואות,תבואות,,סוכר קוקוס אורגני 30,גרמים,300.00,100 גרם,false,,15.90,0.0530,true,1,1284728
7290011489595,false,קרקר טופז שומשום 24/0.110 הדר,אפיפית נצרת,IL,קרקר טופז שומשום 24/0.110,גרמים,110.00,100 גרם,false,,2.90,0.0264,true,1,1194601
7290011489601,false,קרקר טופז בצל הדר 11,אפיפית נצרת,IL,קרקר טופז בצל 24/0.110 הד,גרמים,110.00,100 גרם,false,,2.90,0.0264,true,1,1194602
7290011489625,false,פתי בר ביסקויט בטעם שוקו,אפיפית נצרת,IL,ביסקויט תה ביסקויט שוקו 2,גרמים,110.00,100 גרם,false,,3.90,0.0355,true,1,1194604
7290011489694,false,פרורי ביסקוויט בטעם וניל 300 גר'.,אפיפית נצרת,IL,פירורי בסקויט בטעם וניל,גרמים,300.00,100 גרם,false,,5.90,0.0197,true,1,1194609
7290011499051,false,פטה כבשים מסורתית 20% בגביע 250 גרם - רובין,MKN עבור מחלבות גד ב,IL,פטה כבשים 20% בגביע 250 ג,גרמים,250.00,100 גרם,false,,23.90,0.0956,true,1,1175550
7290011499105,false,בולגרית מסורתית 5% 250 גרם -רבנות,ג'נרל מילס סאן אדריא,IL,בולגרית גביע 250 גרם 5%,גרמים,250.00,100 גרם,false,,21.90,0.0876,true,1,1175551
7290011499112,false,בולגרית מסורתית 16% 250 גרם - רבנות,"מיוצר ע""י dsh",IL,בולגרית גביע 250 גרם 16%,גרמים,250.00,100 גרם,false,,21.90,0.0876,true,1,1175552
7290011499129,false,בולגרית מעודנת קוביות קטנות 5% 200 גרם - רבנות,קוד יצרן DSH,IL,קוביות בולגרית מעודנת 200,גרמים,200.00,100 גרם,false,,19.90,0.0995,true,1,1175553
7290011499327,false,גבינה בולגרית מעודנת 5% 250 גרם - רבנות,מיוצר על ידי DSH עבו,IL,בולגרית מעודנת 250 גרם 5%,גרמים,250.00,100 גרם,false,,21.90,0.0876,true,1,1175560
7290011499341,false,קשקבל בוואקום 26% 200 גרם - רבנות,הנסיך- מפעל לייצור ט,IL,קשקבל 250 גרם,גרמים,200.00,100 גרם,false,,25.90,0.1295,true,1,1175562
7290011499365,false,גד חלומי 24% 200 גרם רובין,"מחלבות גד בע""מ",IL,"חלומי 200 גרם בד""ץ",גרמים,200.00,100 גרם,false,,19.90,0.0995,true,1,1175564
7290011499419,false,גבינה במרקם שמנת בטעם טבעי 5% ניו יורק,מחלבות גד,IL,גבינת שמנת NEY YORK לייט,גרמים,200.00,100 גרם,false,,12.90,0.0645,true,1,1175566
7290011499525,false,גד לאבנה דרוזית 9% 500 ג',מחלבות גד בעמ,IL,לאבנה דרוזית 9% 500 גרם,גרמים,500.00,100 גרם,false,,18.90,0.0378,true,1,1175571
7290011499624,false,שמנת 30% ניו יורק טבעי 200 גרם רבנות,מחלבות גד,IL,גבינת שמנת NEY YORK טבעי,גרמים,200.00,100 גרם,false,,12.90,0.0645,true,1,1175573
7290011499853,false,גבינת שמנת עם זיתים 30% ניו יורק,מחלבות גד (שיווק 199,IL,גבינת שמנת NEY YORK זיתים,גרמים,200.00,100 גרם,false,,12.90,0.0645,true,1,1175586
7290011501617,false,חמוציות ברכז תפוחים ללא תוספת סוכר 250 גרם,"דין שיווק וקלייה בע""",IL,חמוציות ברכז תפוחים,גרמים,250.00,100 גרם,false,,12.90,0.0516,true,1,1217816
7290011501686,false,גרעיני אבטיח קלויים,דין שיווק,,גרעיני אבטיח קלויים,גרמים,250.00,100 גרם,false,,16.90,0.0676,true,1,1175207
7290011501716,false,שקד טבעי 250 גרם,דין שיווק,,שקד טבעי 250 גרם,גרמים,250.00,100 גרם,false,,24.90,0.0996,true,1,1175208
7290011501723,false,תערובת פיצוחים 250 ג,דין שיווק,,תערובת פיצוחים 250 ג,גרמים,250.00,100 גרם,false,,19.90,0.0796,true,1,1175209
7290011501747,false,חמוציות מסוכרות,דין שיווק,,חמוציות 300 גרם,גרמים,300.00,100 גרם,false,,9.90,0.0330,true,1,1175210
7290011502850,false,דלישס מיזלי עם פירות 500גר,"דין שיווק וקלייה בע""",IL,גרנולה מוזלי פירות 5,גרמים,500.00,100 גרם,false,,12.90,0.0258,true,1,1175211
7290011502867,false,דלישס גרנולה במבחר אגוזים 500גר,"דין שיווק וקלייה בע""",IL,גרנולה אגוזים 500 גר,גרמים,500.00,100 גרם,false,,12.90,0.0258,true,1,1175212
7290011502874,false,דלישס גרנולה עם פירות יבשים 500גר,"דין שיווק וקלייה בע""",IL,גרנולה פירות 500 גרם,גרמים,500.00,100 גרם,false,,12.90,0.0258,true,1,1175213
7290011505011,false,אטב פרמיום כחול/לבן הוסטס,יושלם,,אטב כביסה,יח',9.00,יח',false,,3.00,0.3333,true,1,1169987
7290011505806,false,קיסמי שיניים דנטאליים מפלסטיק 200 יחידות בחבית,W.H.J.C. Co,CN,קיסמי שיניים דנטאליי,יח',200.00,יח',false,,5.90,0.0295,true,1,1217168
7290011524524,false,4 יח' טונה בשמן זית,,,4 יח' טונה בשמן זית,גרמים,560.00,100 גרם,false,,29.90,0.0534,true,1,2016757
7290011524548,false,גרגירי חומוס 800 ג' פרי הגליל,"פרי הגליל בע""""מ",IL,חומוס 800פג,גרמים,800.00,100 גרם,false,,14.90,0.0186,true,1,1194020
7290011524555,false,שעועית לבנה אפויה 800 ג' פרי הגליל,"פרי הגליל בע""""מ",IL,שע.לבנה 800פג,גרמים,800.00,100 גרם,false,,14.90,0.0186,true,1,1194021
7290011524968,false,פולי סויה מוקפאים Green & Fresh,גרין אנד פרש Green & Fresh,IL,פולי סויה 1קג פג,קילוגרמים,1.00,"ק""ג",false,,14.90,14.9000,true,1,1194032
7290011525316,false,"ד""ר פישר - קמיל בלו סנסיטיב תחליב לתינוק שיבולת 500 מ""ל","ד""ר פישר Dr fischer",IL,קמיל בלו סנסיטיב תחליב לת,מיליליטרים,500.00,"100 מ""ל",false,,19.90,0.0398,true,1,1198398
7290011525712,false,"קמיל בלו סנסיטיב אל סבון לפני השינה, 1 ליטר","ד""ר פישר Dr fischer",IL,קמיל בלו סנסיטיב אל סבון,ליטרים,1.00,ליטר,false,,24.90,24.9000,true,1,1198402
7290011530488,false,שייק איט 450 גר saturday מיקס פירות קפוא,"הבו-קדו בע""מ",IL,שייק איט תכלת,גרמים,450.00,100 גרם,false,,29.90,0.0664,true,1,2040775
7290011530532,false,מיקס פירות קפואים שייק איט ירוק - 3*150 ג',"הבו-קדו בע""מ",IL,שייק איט ירוק,גרמים,450.00,100 גרם,false,,29.90,0.0664,true,1,2036489
7290011570132,false,"קמח תחליף ללא גלוטן 1 ק""ג",אשבל מזון פונקציונלי,IL,קמח ללא גלוטן,קילוגרמים,1.00,"ק""ג",false,,18.90,18.9000,true,1,1186637
7290011575007,false,"הפי מרסס שומר ברק למקלחון 750 מ""ל",יעקובי הפי,DE,הפי למקלחון - מסיר אבנית-,מיליליטרים,750.00,"100 מ""ל",false,,14.90,0.0199,true,1,1173232
7290011587444,false,מוזלי קראנצ'י בתוספת 35% פירות,Vitalia nikola ltd,MK,מוזלי 600 גרם קראהצי,גרמים,600.00,100 גרם,false,,14.90,0.0248,true,1,1186646
7290011587468,false,מוזלי קראנצ'י בתוספת אגוזים,Vitalia nikola ltd,MK,מוזלי 600 גרם קראהצי,גרמים,600.00,100 גרם,false,,14.90,0.0248,true,1,1186648
7290011587611,false,מקרל מרוקאי בשמן 125 גר 25X,Union des pecheries,MA,מקרל מרוקאי בשמן,גרמים,125.00,100 גרם,false,,5.90,0.0472,true,1,1186649
7290011587840,false,עגבניות קצוצות בשמן 340 גר,,,עגבניות קצוצות בשמן,גרמים,370.00,100 גרם,false,,12.90,0.0349,true,1,1186658
7290011587857,false,עגבניות מיובשות בשמן חמניות ועשבי תיבול תומר 250 ג',יושלם,TR,עגבניות מיובשות 250,גרמים,250.00,100 גרם,false,,9.90,0.0396,true,1,1186659
7290011598211,false,"סנו - אנטי קאלק מרסס ניקוי כללי 4 ב-1 700 מ""ל",מיוצר עי קונדיטוריית,IL,סנו אנטי קאלק נ.כללי700מ,מיליליטרים,700.00,"100 מ""ל",false,,18.90,0.0270,true,1,1167654
7290011598259,false,"סנו - פרש מילוי למטהר אוויר מאסק 250 מ""ל",סנו מפעלי ברונוס בעמ,IL,מטהר אוויר פרש אוטומ,מיליליטרים,250.00,"100 מ""ל",false,,13.90,0.0556,true,1,1167655
7290011598365,false,מטליות מקרופייבר מקצועיות 4 יח' סנו סושי,סנו סושי,IL,ארבע מטליות מיקורופי,יח',4.00,יח',false,,19.90,4.9750,true,1,1167657
7290011598372,false,מטלית מיקרופייבר פרופשיונל לרצפה סנו סושי,סנו מפעלי ברונוס.,CN,מטלית רצפה פרופשיונל,יח',1.00,יח',false,,16.90,16.9000,true,1,1167658
7290011607180,false,"אבקת כביסה קולון 101 1.25 ק""ג",ריקט בנקיזר ( ניר אי,IL,קולון 101 1.25,קילוגרמים,1.25,"ק""ג",false,,19.90,15.9200,true,1,1159898
7290011615260,false,"טורטייה 20 ס""מ קוטר וילי פוד 540 גר",מוטלוקל גידה סאנאי ט,TR,טורטייה ( 20ס'מ קוטר) 540,גרמים,540.00,100 גרם,false,,7.90,0.0146,true,1,1159363
7290011615277,false,"עלי טורטיוה קמח חיטה 25ס""מ 12יח' ויליפוד 840 ג'",מוטלוקל גידה סאנאי ט,TR,טורטייה ( 25ס'מ קוטר) 840,גרמים,840.00,100 גרם,false,,14.90,0.0177,true,1,1631502
7290011615406,false,בולגרית בקוביות בשמן ותבלינים הבולגריה 325 ג' קוליוס,"קוליוס אס. איי, גריק",GR,הבולגריה בקוביות (בשמן ות,גרמים,325.00,100 גרם,false,,12.90,0.0397,true,1,1159366
7290011618124,false,בייבי ביס חטיף אורז בטעם ירקות,גואנז'ו יונג וואנט פ,CN,נגיסי אורז לתינוקות בטעם,גרמים,50.00,100 גרם,false,,11.90,0.2380,true,1,1199916
7290011622664,false,כתמטמינים - חטיף אצבעות טחינה אורז ותירס 45 גרם,אלס נוטרישן,IL,כתמטמינים טחינה 45 ג,גרמים,45.00,100 גרם,false,,5.90,0.1311,true,1,1520898
7290011622701,false,טבעונים - חטיף טבעות דגנים מלאים בטעם גזר וסלק 45 גרם,אשבול,IL,טבעוניים חטיף בריאות,גרמים,45.00,100 גרם,false,,5.90,0.1311,true,1,1874009
7290011622763,false,ביסקוויטמינים פלוס בטעם וניל 150 גרם,מולינו ניקולי s.p.a,IL,ביסקווטמינים פלוס ונ,גרמים,150.00,100 גרם,false,,14.90,0.0993,true,1,2033423
7290011644000,false,מקלות תירס ממותקים 80 גרם,סנקי,IL,"""סנקי"" חטיף תירס מקל",גרמים,80.00,100 גרם,false,,3.90,0.0487,true,1,2040147
7290011668402,false,פנינה רוזנבלום-שמפו גבר חדש 750,א.ל ארמן,IL,שמפו לגבר חדש,מיליליטרים,750.00,"100 מ""ל",false,,12.90,0.0172,true,1,1194527
7290011668570,false,גרנולה פירות יבשים ללא תוספת סוכר,בריא מהטבע פנינה רוזנבלום,IL,גרנולה פירות יבשים,גרמים,450.00,100 גרם,false,,22.90,0.0509,true,1,1194539
7290011668587,false,חגיגת גרנולה טעם עשיר 500 גרם,בריא מהטבע פנינה רוזנבלום,IL,גרנולה טעם עשיר.,גרמים,500.00,100 גרם,false,,22.90,0.0458,true,1,1194540
7290011688813,false,קוביות אננס קפוא 500,,IL,קוביות אננס 500 גרם,גרמים,500.00,100 גרם,false,,19.90,0.0398,true,1,2042520
7290011695545,false,אלפא אטבים איכותיים 55 יח`,,,אטבים איכותיים אלפא,יח',55.00,יח',false,,8.90,0.1618,true,1,1177404
7290011695552,false,אטבי סיליקון איכותיים 10 יח,,,אטבי סיליקון איכותיי,יח',10.00,יח',false,,5.90,0.5900,true,1,1177405
7290011695651,false,צנימים עגולים 300 גרם נאמן,S.P.A ניולט,IL,צנימים עגולים.,גרמים,300.00,100 גרם,false,,11.90,0.0397,true,1,1177406
7290011695705,false,חמאת בוטנים קרמי אדו,,,חמאת בוטנים קרמי אדו,גרמים,340.00,100 גרם,false,,6.90,0.0203,true,1,1177407
7290011695712,false,חמאת בוטנים עם שברי 510 ג' NEEMAN,נאמן,,חמאת בוטנים קרמי אדו,גרמים,510.00,100 גרם,false,,9.90,0.0194,true,1,1177408
7290011695866,false,דפים למייבש אלפא 40,,,דפים למייבש,יחידה,40.00,יחידה,false,,9.90,0.2475,true,1,1177409
7290011695958,false,"חומץ תפוחים נאמן 750 מ""ל",טופ מותגים,,חומץ תפוחים,מיליליטרים,750.00,"100 מ""ל",false,,12.90,0.0172,true,1,1177410
7290011695972,false,טוסטים מלבנים בטעמים 100 גרם,,,טוסטים טעימים.,גרמים,100.00,100 גרם,false,,7.90,0.0790,true,1,1177411
7290011723101,false,טחינה הר ברכה 1 ליטר,הר ברכה תעשיות,,"טחינה הר ברכה 1 ק""ג",גרמים,1000.00,100 גרם,false,,31.90,0.0319,true,1,1175628
7290011725143,false,לבבות חסה ברכת דוד,קילט ניהול פרוייקטים,IL,לבבות חסה למהדרין,יחידה,0.00,יחידה,false,,7.90,0.0000,true,1,1254348
7290011725402,false,חסה למהדרין היתר מכי,קוסטר - תורכיה,IL,חסה למהדרין היתר מכי,יחידה,0.00,יחידה,false,,4.90,0.0000,true,1,2087095
7290011725419,false,פטרוזיליה למהדרין הי,קונספסיון/ פניסקור/,IL,פטרוזיליה למהדרין הי,יחידה,0.00,יחידה,false,,4.90,0.0000,true,1,2087096
7290011725426,false,כוסברה מהדרין - ארוז,קונסרבאס פרדו,IL,כוסברה למהדרין היתר,יחידה,0.00,יחידה,false,,4.90,0.0000,true,1,2087097
7290011725433,false,נענע למהדרין היתר מכ,קונסרווס אל.ג'י. זאס,IL,נענע למהדרין היתר מכ,יחידה,0.00,יחידה,false,,4.90,0.0000,true,1,2087098
7290011725440,false,שמיר למהדרין היתר מכ,קונסרבס,IL,שמיר למהדרין היתר מכ,יחידה,0.00,יחידה,false,,4.90,0.0000,true,1,2087099
7290011725457,false,בצל ירוק למהדרין הית,קלדש הולמן,IL,בצל ירוק למהדרין הית,יחידה,0.00,יחידה,false,,4.90,0.0000,true,1,2087100
7290011725464,false,סלרי למהדרין היתר מכ,,IL,סלרי למהדרין היתר מכ,יחידה,0.00,יחידה,false,,4.90,0.0000,true,1,2087107
7290011725471,false,עלי סלק למהדרין היתר,קוסמופארם,IL,עלי סלק למהדרין היתר,יחידה,0.00,יחידה,false,,4.90,0.0000,true,1,2087108
7290011725488,false,כרוב לבן למהדרין הית,קוסמופול,IL,כרוב לבן למהדרין הית,קילוגרמים,1.00,"ק""ג",true,,7.90,7.9000,true,1,2087109
7290011725495,false,כרוב אדום למהדרין הי,קוסקוס,IL,כרוב אדום למהדרין הי,קילוגרמים,1.00,"ק""ג",true,,7.90,7.9000,true,1,2087110
7290011732820,false,גרעיני תירס מתוק בואקום 340ג',,,גרעיני תירס 340גר' ט,גרמים,340.00,100 גרם,false,,5.90,0.0174,true,1,2151150
7290011743833,false,"משחת שיניים סנסודיין פרונאמל 75 מ""ל",גלקסו סמית קליין,GB,"סנסודיין פרונמל 75 מ""ל",מיליליטרים,75.00,"100 מ""ל",false,,23.90,0.3187,true,1,1193038
7290011744885,false,"אקווה פרש משחת שיניים ילדים לשיני חלב 50 מ""ל",גלקסו סמית קליין,SK,א.פרש משחת ילדים לשיני חל,מיליליטרים,50.00,"100 מ""ל",false,,12.90,0.2580,true,1,1193040
7290011744892,false,"אקווה פרש - משחת שיניים ילדים ג'וניור 6+ 50 מ""ל",גלקסו סמית קליין,SK,א.פרש משחת ילדים ג'וניור,מיליליטרים,50.00,"100 מ""ל",false,,12.90,0.2580,true,1,1193041
7290011745707,false,משחת שיניים פרונמל Pro namel לילדים לגילאי 6-12,גלקסו סמית קליין,SK,סנסודיין פרונמל ילדים 50,גרמים,50.00,100 גרם,false,,14.90,0.2980,true,1,1193044
7290011765071,false,ג'ל גילוח לעור רגיל לחות והגנה Moisture,טרופיקל דגיל תעשיות,TR,ג'ל גילוח קרמה רגיל 200מ,מיליליטרים,200.00,"100 מ""ל",false,,19.90,0.0995,true,1,1167661
7290011765088,false,ג'ל גילוח לעור רגיל מנטול Cool,טרופיקל דגיל תעשיות,TR,200מ COOL ג'ל גילוח קרמה,מיליליטרים,200.00,"100 מ""ל",false,,19.90,0.0995,true,1,1167662
7290011765118,false,קרמה MEN קצף גילוח דליקט 200 מל,"אביאפ, איסטנבול, תור",TR,קצף גילוח קרמה דליקט200מ,מיליליטרים,200.00,"100 מ""ל",false,,9.90,0.0495,true,1,1167665
7290011765392,false,שמפו בוב ספוג לסירוק קל מכיל רוזמרין,טרופיקל דגיל תעשיות,IL,שמ.כיף ילדים בוב ספוג750,מיליליטרים,750.00,"100 מ""ל",false,,14.90,0.0199,true,1,1167681
7290011765408,false,שמפו + מרכך בוב ספוג לסירוק קל מכיל רוזמרין,קוסמופארם בע''מ,IL,שמפו+מרכ.כיף בוב ספוג750,מיליליטרים,750.00,"100 מ""ל",false,,14.90,0.0199,true,1,1167682
7290011765415,false,"כיף - בוב ספוג מרכך שיער 750 מ""ל",קוסמופארם,IL,מרכ כיף ילד בוב ספוג750מ,מיליליטרים,750.00,"100 מ""ל",false,,14.90,0.0199,true,1,1167683
7290011765446,false,משחת שיניים לילדים בוב ספוג בטעם מיץ ענבים עם פלואוריד למניעת עששת,טרופיקל דגיל קוסמטיק,IL,משחה אורביטול ענבים 70 ג,גרמים,70.00,100 גרם,false,,8.90,0.1271,true,1,1167685
7290011800840,false,טחינה בלאדי רפי כהן 400 ג' צבר,רפי כהן / צבר,IL,צבר טחינה בלאדי סלטי השף,גרמים,400.00,100 גרם,false,,14.90,0.0373,true,1,1156301
7290011830991,false,חטיף בוטנים ציקי מאנ,השדה מוצרים טבעיים ו,,חטיף בוטנים ציקי מאנ,גרמים,60.00,100 גרם,false,,5.90,0.0983,true,1,1304479
7290011851606,false,סחלב תערובת הכנה 500 ג',,,"סחלב 500 ג""ר.",גרמים,500.00,100 גרם,false,,15.90,0.0318,true,1,1177412
7290011857844,false,עוגת דואט חלבי ללא ת,,,עוגת דואט חלבי ללא ת,גרמים,600.00,100 גרם,false,,40.00,0.0667,true,1,1702556
7290011860271,false,ביסבול כדורי פירה בציפוי פריך,"תעשיות תפוגן בע""מ",IL,תפוגן ביסבול טבעי 700 גרם,גרמים,700.00,100 גרם,false,,14.90,0.0213,true,1,1156303
7290011876388,false,מאמא עוף קציצות עוף ובקר 600 גרם,תנובה גליל שותפות מו,IL,קציצות עוף ובקר מאמא,גרמים,600.00,100 גרם,false,,32.90,0.0548,true,1,1187573
7290011877088,false,"רדיד אלומיניום רוחב 30 ס""מ, 18 מיקרון - מארז זוג",בורסה פאזרי,TR,זוג רדיד אלומיניום ע,מטרים,15.00,מטר,false,,15.90,1.0600,true,1,1167688
7290011877156,false,"מבשם אוויר, בגדים וארונות פרש בניחוח מאסק",מיוצר עי קונדיטוריית,IL,"סנו פרש ענק מאסק 375 מ""ל",מיליליטרים,375.00,"100 מ""ל",false,,9.90,0.0264,true,1,1167690
7290011877859,false,סנו אינסטלטור חדש פותח סתימות 200ג',מיוצר עי קונדיטוריית,IL,סנו אינסטלטור 200 גרם,גרמים,200.00,100 גרם,false,,15.90,0.0795,true,1,1167701
7290011912635,false,ליסטרין שטיפת פה הגנה על השיניים והחניכי,ניאופארם,IT,מי פה ליסטרין טאגד פ,מיליליטרים,250.00,"100 מ""ל",false,,12.90,0.0516,true,1,1876080
7290011912642,false,ליסטרין שטיפת פה הגנה על השיניים והחניכי,ליסטרין Listerine,IT,מי פה ליסטרין TAGD מ,מיליליטרים,500.00,"100 מ""ל",false,,19.90,0.0398,true,1,1157067
7290011923273,false,טופו אורגני 300 גרם ליב,א.י.ן תעשיות מזון בע,IL,טופו אורגני 300גרם ל,גרמים,300.00,100 גרם,false,,11.90,0.0397,true,1,1277916
7290011923303,false,טופו טבעי 300גרם ליב,א.י.ן תעשיות מזון בע,IL,טופו טבעי 300גרם ליב,גרמים,300.00,100 גרם,false,,9.90,0.0330,true,1,1277951
7290011931162,false,סוכרלייט ממתיק נוזלי על בסיס סוכרלוז,אף.סי תבליני בגליל ב,IL,סוכרלייט נוזלי/6יח'/220גר,גרמים,220.00,100 גרם,false,,24.90,0.1132,true,1,1189458
7290011947316,false,זיתא זיתי קלמטה בשמן זית כתית מעולה 215ג,זיתא - י.ט.ב תעשיות,IL,זיתי קלמטה זיתא 215,גרמים,215.00,100 גרם,false,,12.90,0.0600,true,1,1746532
7290011947798,false,זית קלמטה ללא גלעין עם שמן זית כתית 190 ג',זיתא - י.ט.ב תעשיות,IL,זית קלמטה ללא גלעין,גרמים,190.00,100 גרם,false,,12.90,0.0679,true,1,2043485
7290011947903,false,מיקס זיתים יווני זיתא 215 ג',זיתא - י.ט.ב תעשיות,IL,מיקס זית יווני,גרמים,215.00,100 גרם,false,,12.90,0.0600,true,1,2083553
7290011964344,false,תבלין שום גבישי 120 ג',"תבליני טעם וריח בע""מ",IL,מיכל שום גבישי 120 גר',גרמים,120.00,100 גרם,false,,9.90,0.0825,true,1,1197269
7290011964542,false,תבלין פפריקה מתוקה 400ג',"תבליני טעם וריח בע""מ",IL,פפריקה מתוקה מ.400 גר',גרמים,400.00,100 גרם,false,,17.90,0.0447,true,1,1197270
7290011964658,false,מלח לימון מיכל פלסטי,"תבליני טעם וריח בע""מ",IL,מיכל מלח לימון 170 גר',גרמים,170.00,100 גרם,false,,6.90,0.0406,true,1,1197278
7290011964689,false,תבלין תיבול על האש ללא מונוס' 100ג',"תבליני טעם וריח בע""מ",IL,מיכל על האש ללא מונוסודיו,גרמים,100.00,100 גרם,false,,7.90,0.0790,true,1,1197279
7290011964702,false,תבלין תיבול לשווארמה ללא מונוסו' 100ג',"תבליני טעם וריח בע""מ",IL,מיכל שוארמה ללא מונוסודיו,גרמים,100.00,100 גרם,false,,7.90,0.0790,true,1,1197281
7290011977627,false,סרדינים בשמן צמחי 125 גר',טעים,MA,סרדינים בשמן 125 גרם,גרמים,125.00,100 גרם,false,,4.90,0.0392,true,1,1180950
7290011977634,false,סרדינים פלפל חריף 125ג - רובין טעים,טעים,IL,סרדינים פלפל חריף 12,גרמים,125.00,100 גרם,false,,4.90,0.0392,true,1,1180951
7290011977641,false,סרדינים בלימון 125 גרם - רובין טעים,טעים,IL,סרדינים לימון 125 גר,גרמים,125.00,100 גרם,false,,4.90,0.0392,true,1,1180952
7290011977665,false,טעים סרדינים ברוטב עגבניות 125 גר,טעים,MA,סרדינים רוטב עגבניות,גרמים,125.00,100 גרם,false,,4.90,0.0392,true,1,1180954
7290011996017,false,טעם אסיה אטריות תרד 454 ג',xiaman vingsheny,CN,אטריות תרד 454 גרם - כשר,גרמים,454.00,100 גרם,false,,8.90,0.0196,true,1,1190110
7290011996062,false,אורז לבן עגול מתאים להכנת סושי,טעמי אסיה Taste of Asia,ES,"אורז לסושי 1 ק""ג - כשר",קילוגרמים,1.00,"ק""ג",false,,12.90,12.9000,true,1,1190114
7290011996086,false,"רוטב צ''ילי חריף 700 מ""ל",טעמי אסיה Taste of Asia,TH,"רוטב צ'ילי חריף 700 מ""ל כ",גרמים,700.00,100 גרם,false,,9.90,0.0141,true,1,1190115
7290011996093,false,רוטב צ'ילי מתוק 300,טעמי אסיה Taste of Asia,,צילי מתוק 300 גרם,גרמים,300.00,100 גרם,false,,7.90,0.0263,true,1,1190116
7290011996109,false,"רוטב צ''ילי מתוק 700 מ""ל",טעמי אסיה Taste of Asia,TH,"רוטב צ'ילי מתוק 700 מ""ל כ",גרמים,700.00,100 גרם,false,,9.90,0.0141,true,1,1190117
7290011996123,false,אצות ים נורי גולד 10 דפים כשר,טעמי אסיה Taste of Asia,CN,אצות נורי גולד 10 דפים כש,יח',10.00,יח',false,,10.90,1.0900,true,1,1190118
7290011996130,false,אצות ים קלויות נורי לסושי - 10 דפים,טעמי אסיה Taste of Asia,CN,אצות נורי סילוור 10 דפים,גרמים,25.00,100 גרם,false,,9.90,0.3960,true,1,1190119
7290011996185,false,"חומץ אורז לבן (לסושי) 250 מ""ל",טעמי אסיה Taste of Asia,CN,"חומץ אורז לסושי 250 מ""ל כ",מיליליטרים,250.00,"100 מ""ל",false,,8.90,0.0356,true,1,1190122
7290011996222,false,נוזל אגוזי קוקוס ללא,טעמי אסיה Taste of Asia,TH,"חלב קוקוס מבצע 400 מ""ל כש",מיליליטרים,400.00,"100 מ""ל",false,,6.90,0.0173,true,1,1190125
7290011996277,false,מחצלת עגולה לגלגול סושי,טעמי אסיה Taste of Asia,CN,מחצלת עגולה לגלגול סושי,יחידה,0.00,יחידה,false,,5.90,0.0000,true,1,1190128
7290011996499,false,אטריות אורז דקות טעם וריח 400ג',fujian longhai,CN,אטריות אורז דקות 400 ג' כ,גרמים,400.00,100 גרם,false,,8.90,0.0223,true,1,1190137
7290011996512,false,"טעם אסיה טעם אסיה אטריות אורז 3מ""מ 400ג'",טעמי אסיה Taste of Asia,TH,"אטריות אורז 3 מ""מ 400ג' כ",גרמים,400.00,100 גרם,false,,8.90,0.0223,true,1,1190138
7290011996529,false,אטריות אורז 5 מ''מ טעם אסיה 400 גרם,טעמי אסיה Taste of Asia,TH,"אטריות אורז 5מ""מ 400 ג' כ",גרמים,400.00,100 גרם,false,,8.90,0.0223,true,1,1190139
7290011996550,false,טעם אסיה רוטב הויסין 240 ג',k.r.s. spicy food,TH,רוטב הויסין 240 גרם כשר,גרמים,240.00,100 גרם,false,,11.90,0.0496,true,1,1190140
7290011996642,false,טעם אסיה שומשום שחור קלוי 100גר,טעמי אסיה Taste of Asia,CN,"שומשום שחור 100 ג""ר -כשר",גרמים,100.00,100 גרם,false,,12.90,0.1290,true,1,1190144
7290011996741,false,"חומץ אורז לסושי כשר 500 מ""ל",טעמי אסיה Taste of Asia,,חומץ אורז לסושי 500,מיליליטרים,500.00,"100 מ""ל",false,,11.90,0.0238,true,1,1190146
7290011996758,false,מזרח מערב קמח טמפורה כשר 500ג',טעמי אסיה Taste of Asia,CN,תערובת קמחים לטמפורה 500,גרמים,500.00,100 גרם,false,,10.90,0.0218,true,1,1190147
7290011996789,false,פנקו פירורי לחם בסגנון יפני,טעמי אסיה Taste of Asia,CN,פנקו - פירורי לחם יפניים,גרמים,200.00,100 גרם,false,,7.90,0.0395,true,1,1190149
7290011996819,false,מזרח מערב אטריות שעועית 250ג,טעמי אסיה Taste of Asia,CN,אטריות שעועית סיני 250ג-כ,גרמים,250.00,100 גרם,false,,5.90,0.0236,true,1,1190152
7290011996888,false,רוטב טריאקי 300 כשר,טעמי אסיה Taste of Asia,TH,"רוטב טריאקי 300 מ""ל כשר",מיליליטרים,300.00,"100 מ""ל",false,,10.90,0.0363,true,1,1190154
7290012001994,false,חרדל דיז'ון גרעינים 350 ג' ריין דיזון,ריין דיז'ון reine dijon,FR,חרדל דיזון 350 גרם,גרמים,350.00,100 גרם,false,,9.90,0.0283,true,1,1157417
7290012019036,false,שיני שום כבושים בחומץ,תומר,,שיני שום צנצנת,גרמים,330.00,100 גרם,false,,10.90,0.0330,true,1,1186664
7290012019043,false,שום צעיר כבוש בחומץ בצנצנת 330 גרם,,,שום צעיר כבוש בחומץ,קילוגרמים,330.00,"ק""ג",false,,10.90,0.0330,true,1,1186665
7290012019401,false,מיץ דובדבן 100% 1 ליטר תוצרת גרוזיה,,,נקטר דובדבן 100% ליט,ליטרים,1.00,ליטר,false,,19.90,19.9000,true,1,1186672
7290012052194,false,רפאל-גרנולה פירות יער וקשיו 350 גר,רפאלס,IL,גרנולה פירות יער וקש,גרמים,350.00,100 גרם,false,,17.90,0.0511,true,1,1206832
7290012052316,false,"גרנולה תענוג 1 ק""ג - שפע פירות",פוקה,IL,גרנולה שפע פירות.,קילוגרמים,1.00,"ק""ג",false,,27.90,27.9000,true,1,1206838
7290012052361,false,רפאל-מוזלי שקדים פ.יער 350 גר,רפאלס,IL,גרנולה מוזלי.,גרמים,350.00,100 גרם,false,,17.90,0.0511,true,1,1206843
7290012052385,false,מוזלי עם חמוציות ושקדים ללא תוספת סוכר,רפאלס,IL,גרנולה מוזלי עם חמוצ,גרמים,720.00,100 גרם,false,,29.90,0.0415,true,1,1206845
7290012052903,false,7 דגנים - חטיף מיקס פירות 7 יח' 140 גרם,רפאלס,,7 דגנים- חטיף מיקס פ,גרמים,132.00,100 גרם,false,,12.90,0.0977,true,1,1286351
7290012071003,false,"ד""ר פישר - קמיל בלו משחה לתינוק 200 גרם",פישר מעבדות פרמצבטיו,IL,קמיל בלו משחה לתינוק 200,גרמים,200.00,100 גרם,false,,19.90,0.0995,true,1,1225313
7290012086113,false,עגבניות שרי אשכולות מארז,ירקט,IL,שרי אשכולות מיני,00000000000000000000,0.00,00000000000000000000,false,,7.90,0.0000,true,1,1170198
7290012116032,false,כיף פיות מרכך לסירוק קל 750 מל,טרופיקל דגיל תעשיות,IL,"מרכך כיף פיות 750 מ""ל",מיליליטרים,750.00,"100 מ""ל",false,,14.90,0.0199,true,1,1167715
7290012116070,false,אל סבון מועשר בתמצית אלוורה - פיית הקשתות,החברה הדרומית,IL,אלסב.כיף פיות אלוורה750מ,מיליליטרים,750.00,"100 מ""ל",false,,14.90,0.0199,true,1,1167717
7290012116360,false,פוליויקס לטיפול ברצפות גרניט פורצלן וקרמיקה,"מפעלי סנו ברונוס בע""",IL,'פוליויקס גרניט פורצלן2ל,ליטרים,2.00,ליטר,false,,24.90,12.4500,true,1,1167724
7290012116537,false,"סנו מקסימה אבקת כביסה 2.5 ק""ג מאסק",טרופיקל דגיל תעשיות,IL,אבקת כב.מקסימה מאסק 2.5ק,קילוגרמים,2.50,"ק""ג",false,,29.90,11.9600,true,1,1167727
7290012116551,false,סנו אנטי קאלק רב שימושי 2 ליטר- 4 ב 1,מיוצר עי קונדיטוריית,IL,"סנו אנטי קאלק רב""ש 2ליטר",ליטרים,2.00,ליטר,false,,27.90,13.9500,true,1,1167728
7290012116612,false,אורביטול מברשת שיניים מארז 4 יח',ג'נרל מילס סאן אדריא,CN,4 מברשות שיניים אורביטול,יח',4.00,יח',false,,14.90,3.7250,true,1,1167734
7290012117039,false,סנו 00 לניקוי אמבטיות 1 ליטר,סנו,IL,"סנו""00"" לניקוי אמבטיה 1ל",ליטרים,1.00,ליטר,false,,8.90,8.9000,true,1,1167752
7290012117275,false,נוזל רב תכליתי לניקוי ולהברקה מילוי,טרופיקל דגיל תעשיות,IL,סנוקליר שקית מילוי 750מל,מיליליטרים,750.00,"100 מ""ל",false,,8.90,0.0119,true,1,1167757
7290012117350,false,סנו ריצפז פרש 2 ליטר לילך לבנדר,"סנו מפעלי ברונוס בע""",IL,סנו ריצפז פרש לילך 2ליטר,ליטרים,2.00,ליטר,false,,17.90,8.9500,true,1,1167758
7290012117411,false,שמפו וג'ל רחצה לגבר רויבוס Rooibos,החברה הדרומית,IL,קרמה ג'ל רח.גבר במבוק700,מיליליטרים,700.00,"100 מ""ל",false,,18.90,0.0270,true,1,1167763
7290012117428,false,"קרמה מן שמפו+גל רחצה 2 ב1 700 מ""ל מעינות",טרופיקל דגיל תעשיות,IL,קרמה ג'ל רח.ושמפו גבר700,מיליליטרים,700.00,"100 מ""ל",false,,18.90,0.0270,true,1,1167764
7290012117435,false,"קרמה - שמפו וג'ל רחצה 2 ב-1 אלוורה 700 מ""ל",טרופיקל דגיל תעשיות,IL,קרמה ג'ל רחצה אלוורה700מ,מיליליטרים,700.00,"100 מ""ל",false,,18.90,0.0270,true,1,1167765
7290012117466,false,"קרמה תרחיץ פנים תה ירוק 180 מ""ל",קוסמופארם,IL,קרמה ת.רחצה פנים תה 180מ,מיליליטרים,180.00,"100 מ""ל",false,,14.90,0.0828,true,1,1167766
7290012117534,false,סנו - מקסימה מרכך כביסה מרוכז קול 1 ליטר,"סנו מפעלי ברונוס בע""",IL,מרכ.מקסימה ס.מרוכז קול1ל,ליטרים,1.00,ליטר,false,,17.90,17.9000,true,1,1167771
7290012117541,false,מרכך כביסה מקסימה קומפקט צהוב 1 ל' סנו,החברה הדרומית,IL,מרכך כביסה מקסימה סו,ליטרים,1.00,ליטר,false,,17.90,17.9000,true,1,1167772
7290012117558,false,מרכך כביסה קומפקט מאסק ורוד סנו מקסימה 1 ל',"סנו מפעלי ברונוס בע""",IL,מרכ.מקסימה ס.מרוכז מסק1ל,ליטרים,1.00,ליטר,false,,17.90,17.9000,true,1,1167773
7290012117565,false,כפפות סנו סושי לטקס S אריזת 100יח',סנו סושי,IL,100יח S כפפות לטקס מידה,יח',100.00,יח',false,,32.90,0.3290,true,1,1247834
7290012117572,false,כפפות לטקס 100 יח' - M סנו סושי,סנו סושי,TH,M כפפות לטקס 100 יח מידה,יח',100.00,יח',false,,32.90,0.3290,true,1,1247835
7290012117916,false,סנו אינסטלאטור פותח סתימות נוזלי 1 ל',"סנו מפעלי ברונוס בע""",IL,'סנו אינסטלטור נוזלי 1 ל,ליטרים,1.00,ליטר,false,,29.90,29.9000,true,1,1167792
7290012159275,false,מיונז אמיתי 430 גרם LINA,לינה,,מיונז אמיתי לינה 430,גרמים,430.00,100 גרם,false,,7.90,0.0184,true,1,1182330
7290012191985,false,גפרור קטן מנורה,S.M.P.L,IN,גפרור קטן מנורה,יחידה,0.00,יחידה,false,,2.40,0.0000,true,1,2000596
7290012191992,true,חבילת גפרורים ארוכים,,,חבילת גפרורים ארוכים,יח',45.00,יח',false,,4.90,0.1089,true,1,1190646
7290012193125,false,ממתיק על בסיס סוכרלוז - טבליות,מיוצר עי קונדיטוריית,CN,מר' סוכרלוז 150טבליות,גרמים,10.80,100 גרם,false,,24.90,2.3056,true,1,1199936
7290012193163,false,סבון נוזלי פמלי לקשרי פריחת הדובדבן 1 ל,אף.סי תבליני בגליל ב,IL,פמלי אל סבון ליטר פרחי בר,ליטרים,1.00,ליטר,false,,9.90,9.9000,true,1,1199937
7290012212055,false,קוקטייל זיתים ישראלי,מוטולה,,קוקטייל זיתים,גרמים,560.00,100 גרם,false,,11.90,0.0213,true,1,1429677
7290012226021,false,סלמי מעושן פראג יבש 400 ג' זוגלובק,זוגלובק,IL,נקניק סלמי מעושן פרא,גרמים,400.00,100 גרם,false,,17.90,0.0447,true,1,1170352
7290012226120,false,*מבצע* זוגלובק קבנוס,זוגלובק,IL,קבנוס 135 גרם,גרמים,135.00,100 גרם,false,,9.90,0.0733,true,1,1170353
7290012226342,false,נקניקיה טבעונית למחבת או לתנור עשירה בחלבון,זוגלו'ס Zoglos,IL,נקניקיה מן הצומח עשי,גרמים,460.00,100 גרם,false,,24.90,0.0541,true,1,1643892
7290012226922,false,קבנוס בטעם שום 135 ג' זוגלובק,זוגלובק,IL,קבנוס בטעם שום 135 ג,גרמים,135.00,100 גרם,false,,9.90,0.0733,true,1,1170357
7290012226939,false,קבנוס עם צ'ילי חריף 135ג' זוגלובק,זוגלובק,IL,קבנוס בטעם צ'ילי חרי,גרמים,135.00,100 גרם,false,,9.90,0.0733,true,1,1170358
7290012226991,false,"נקניקיות עוף באריזת ג''מבו 1.5 ק""ג זוגלובק",זוגלובק,IL,נקניקיות ג'מבו 1.5 ק,קילוגרמים,1.50,"ק""ג",false,,34.90,23.2667,true,1,1170362
7290012227172,false,חרמן הודו בדבש וברביקיו זוג במארז 600 ג' זוגלובק,זוגלובק,IL,זוג נקניקים כפרית +ח,גרמים,600.00,100 גרם,false,,29.90,0.0498,true,1,1170365
7290012227325,false,סלמי דק דק מעושן איטלקי 120 ג' זוגלובק,זוגלובק,IL,סלמי מעושן דק דק 120,גרמים,120.00,100 גרם,false,,11.90,0.0992,true,1,1627429
7290012227912,false,קבנוס עודן 135 ג' זוגלובק,זוגלובק,IL,קבנוס מעודן 135 גרם,גרמים,135.00,100 גרם,false,,9.90,0.0733,true,1,1469641
7290012227974,false,פסטרמה הודו בדבש טהור דק דק דק,זוגלובק,IL,פסטרמה בדבש 120,גרמים,120.00,100 גרם,false,,11.90,0.0992,true,1,1627436
7290012227998,false,פסטרמה דק דק חזה בקר 120 ג' זוגלובק,זוגלובק,IL,חזה בקר פרוס דק 120,גרמים,120.00,100 גרם,false,,11.90,0.0992,true,1,1627492
7290012228124,false,קבנוס סטיקס עם נגיעות מלח ים סדרת ריינהולד'ס,זוגלובק,IL,חטיף קבנוסטיקס-חטיף,גרמים,50.00,100 גרם,false,,9.90,0.1980,true,1,1986537
7290012228766,false,קבנוס מחפוד זוגלובק,זוגלובק,IL,קבנוס מחפוד 120 גרם,גרמים,120.00,100 גרם,false,,9.90,0.0825,true,1,2027341
7290012309311,false,ערמונים קלופים שלמים 100 גר,"דין שיווק וקליה בע""מ",CN,ערמונים 100 גרם,גרמים,100.00,100 גרם,false,,6.90,0.0690,true,1,1175220
7290012309878,false,חלבה פיסטוק ששון הקולה 500 ג',דין שיווק,IL,חלבה עם פיסטוק 500 ג,גרמים,500.00,100 גרם,false,,14.90,0.0298,true,1,1175224
7290012313141,false,מלפפון פרוס במלח A2 ק.יבנה 540ג',אף.סי תבליני בגליל ב,IL,מלפפון פרוסות במלח,גרמים,560.00,100 גרם,false,,6.50,0.0116,true,1,1205388
7290012352010,false,קרם לחות מזינה עם שמן ארגן מרוקאי לשיער יבש מאוד ופגום,נטורל פורמולה Natural Formula,IL,קרם לחות לשיער +שמן,מיליליטרים,400.00,"100 מ""ל",false,,19.90,0.0497,true,1,1191382
7290012352027,false,קרם לחות מזינה עם שמן אגוז ברזילאי לשיער צבוע ופגום,נטורל פורמולה Natural Formula,IL,ק.לחות+שמן אגוז ברזיל400,מיליליטרים,400.00,"100 מ""ל",false,,19.90,0.0497,true,1,1191383
7290012352034,false,"נטורל - קרם לחות עם שמן אגוז מקדמיה לשיער מתולתל 400 מ""ל",נטורל פורמולה Natural Formula,IL,קרם לחות+שמן מקדימה,מיליליטרים,400.00,"100 מ""ל",false,,19.90,0.0497,true,1,1191384
7290012367700,false,קרם גוף אינטנסיב רליף Intensive relief לעור יבש ומגורה,"ד""ר פישר Dr fischer",IL,אפקטיב קר קרם גוף שיבולת,מיליליטרים,700.00,"100 מ""ל",false,,24.90,0.0356,true,1,1198411
7290012367717,false,קרם ידיים וציפורניים Intensive relief לעור יבש ומגורה,פישר מעבדות פרמצבטיו,IL,אפקטיב קר קרם ידיים שיבול,מיליליטרים,150.00,"100 מ""ל",false,,15.90,0.1060,true,1,1198412
7290012404955,false,ספרינג קולקשן נקטר חמוציות 1.25 ל',"יפאורה תבורי בע""מ",IL,ספרינג נקטר חמוציות,ליטרים,1.25,ליטר,false,,11.90,9.5200,true,1,1172143
7290012404993,false,ספרינג נקטר חמוציות דיאט קולקשיין 1.25ל,"יפאורה תבורי בע""מ",IL,ספרינג נקטר דיאט חמו,ליטרים,1.25,ליטר,false,,11.90,9.5200,true,1,1172145
7290012413643,false,תה ירוק קמומיל 25 שקיקים ויסוצקי,ויסוצקי ירוק,IL,תה ירוק קמומיל,גרמים,37.50,100 גרם,false,,22.90,0.6107,true,1,1186346
7290012454196,false,סוכריות קפוצ'ינו ללא סוכר 80גרם,מיה תעשיות מזון,IL,סוכריות קפוצ'ינו ללא סוכר,גרמים,80.00,100 גרם,false,,6.90,0.0863,true,1,1181586
7290012454592,false,סוכריות דבש לימון ללא סוכר 80 גרם,מיה תעשיות מזון,IL,סוכריות דבש לימון ללא סוכ,גרמים,80.00,100 גרם,false,,6.90,0.0863,true,1,1181592
7290012470264,false,דוקרן גבינות ודגים,מיה טריידינג,CN,דוקרני גבינות ופירות,יחידה,1.00,יחידה,false,,9.90,9.9000,true,1,1159150
7290012470493,false,כובע רחצה 2 שכבות ענ,מיה טריידינג,CN,כובע רחצה ענק 2 שכבות,יחידה,0.00,יחידה,false,,14.90,0.0000,true,1,1159157
7290012483608,false,"אורז בסמטי מובחר 5 ק""ג",הנסיך- מפעל לייצור ט,IN,אורז בסמטי מובחר 5ק'ג DAA,קילוגרמים,5.00,"ק""ג",false,,52.90,10.5800,true,1,1566381
7290012522581,false,טבעול שניצל תירס ללא גלוטן טבעול 664 גרם,עיצובים 2020 (4.8),IL,טבעול שניצל תירס ללא גלוט,גרמים,664.00,100 גרם,false,,29.90,0.0450,true,1,1156320
7290012561313,false,בצל קצוץ מטוגן דורות,עיצובים 2020 (3.8),IL,דורות בצל מטוגן 400,גרמים,400.00,100 גרם,false,,19.90,0.0497,true,1,1995570
7290012561405,false,בצל חצי מטוגן דורות 180 גרם,עיצובים 2020 (3.8),IL,בצל קצוץ ומטוגן 180 גרם,גרמים,180.00,100 גרם,false,,9.90,0.0550,true,1,1156331
7290012576607,false,"יין פרימייר אדום קברנה סובניון ומלבק 750 מ""ל","ברקן שיווק והפצה בע""",IL,יין פרימייר אדום 750,מיליליטרים,750.00,"100 מ""ל",false,,26.90,0.0359,true,1,1216019
7290012642685,false,אפרסק פירות בכוסות פלסטיק 4*113ג' תומר,תומר,,לפתן אפרסק פירות בכו,גרמים,452.00,100 גרם,false,,10.90,0.0241,true,1,1186689
7290012642807,false,פלפלים ירוקים חריפים כבושים שלמים,תומר,,פלפלים ירוקים חריפים,גרמים,530.00,100 גרם,false,,9.90,0.0187,true,1,1186691
7290012642814,false,פלפלים חריפים מעורבים כבושים שלמים,תומר,,פלפל מעורב בחומץ חרי,גרמים,530.00,100 גרם,false,,9.90,0.0187,true,1,1186692
7290012642838,false,רצועות פלפלים אדומים מוחמצים,תומר,IL,פלפל רצועות אדום בחו,גרמים,520.00,100 גרם,false,,9.90,0.0190,true,1,1186693
7290012642852,false,פלפל אדום על האש 520 גר,,IL,פלפל אדום על האש,גרמים,540.00,100 גרם,false,,9.90,0.0183,true,1,1186695
7290012642906,false,פלפלים ירוקים מוחמצים שלמים בחריפות עדינה,תומר,,פלפלונים ירוק בחומץ,גרמים,450.00,100 גרם,false,,9.90,0.0220,true,1,1186699
7290012645020,false,"יוגורט עיזים טבעי חלב הארץ 500 מ""ל",חלב הארץ,IL,יוגורט עיזים מחלב עי,מיליליטרים,500.00,"100 מ""ל",false,,11.90,0.0238,true,1,1590948
7290012645075,false,יוגורט כבשים יווני גביע 350 גרם חלב הארץ,חלב הארץ,IL,יוגורט כבשים יווני ב,גרמים,350.00,100 גרם,false,,9.90,0.0283,true,1,2067742
7290012803055,false,סוכרלוז מרמולייט- 100שקיות אישיות,תות ממתקי איכות,IL,מר' סוכרלוז 100שקיות,יח',100.00,יח',false,,24.90,0.2490,true,1,1199947
7290012803215,false,וופל בלגי בטעם שוקולד ללא תוספת סוכר,בטר אנד דיפרנט,IL,טוסו ופל בלגי בטעם שוקולד,גרמים,200.00,100 גרם,false,,9.90,0.0495,true,1,1199951
7290012803222,false,וופל בלגי בטעם לימון ללא תוספת סוכר,בטר אנד דיפרנט,IL,טוסו ופל בלגי בטעם לימון,גרמים,200.00,100 גרם,false,,9.90,0.0495,true,1,1199952
7290012803314,false,ממתיק על בסיס סוכרלוז - טבליות,מיוצר עי קונדיטוריית,IL,מר' סוכרלוז 300טבליות,יח',300.00,יח',false,,39.90,0.1330,true,1,1199954
7290012803451,false,שוקולד מריר מעולה 62% ללא תוספת סוכר,טוסו tusso,TR,טוסו שוקולד מריר מעולה 10,גרמים,100.00,100 גרם,false,,7.90,0.0790,true,1,1199958
7290012803765,false,שוקולד מריר ללא תוספת סוכר,אלטינמארקה גידה סאן,TR,טוסו שוקולד מריר 100גרם,גרמים,100.00,100 גרם,false,,7.90,0.0790,true,1,1199969
7290012803772,false,שוקולד חלב ללא תוספת סוכר,אלטינמארקה גידה סאן,TR,טוסו שוקולד חלב 100גרם,גרמים,100.00,100 גרם,false,,7.90,0.0790,true,1,1199970
7290012803789,false,שוקולד מריר עם אגוזים ללא תוספת סוכר,האי נאם סי או אל.טי.,TR,טוסו שוקולד מריר עם אגוזי,גרמים,100.00,100 גרם,false,,7.90,0.0790,true,1,1199971
7290012803796,false,שוקולד חלב עם אגוזים ללא תוספת סוכר,אלטינמארקה גידה סאן,TR,טוסו שוקולד חלב עם אגוזים,גרמים,100.00,100 גרם,false,,7.90,0.0790,true,1,1199972
7290012823251,false,כיף אל סבון יסמין לבנדר 1 ליטר משאבה,החברה הדרומית,IL,אל סבון כיף יסמין 1 ליטר,ליטרים,1.00,ליטר,false,,10.90,10.9000,true,1,1167804
7290012823374,false,מטליות לניקוי כללי אנטי קאלק,מיוצר עי קונדיטוריית,IL,'אנטי קאלק מטליות 50 יח,יח',50.00,יח',false,,10.90,0.2180,true,1,1167806
7290012823381,false,מרכך כביסה מקסימה סנסיטיב מרוכז ורוד 1 ל' סנו,"סנו מפעלי ברונוס בע""",IL,מקסימה ס.מרוכז סנסטיב 1ל,ליטרים,1.00,ליטר,false,,17.90,17.9000,true,1,1167807
7290012823398,false,מטליות חד פעמיות לניקוי הרצפה בניחוח מרכך כביסה 10יח' סנו,סנו מפעלי ברונו בעמ,IL,ריצפז פרש מטליות ענק,יח',10.00,יח',false,,14.90,1.4900,true,1,1491727
7290012823558,false,סנו סושי מטליות לחות לריצפה ענק 10 יח,סנו מפעלי ברונוס בעמ,IL,10מטליות לחות לרצפה סושי,יח',10.00,יח',false,,14.90,1.4900,true,1,1167812
7290012823565,false,מטליות ענק לחות 10 יח לרצפה עם כריות הגנ,דינאמיק תעשיות,IL,10 מטליות לחות פוליויקס,יח',10.00,יח',false,,19.90,1.9900,true,1,1167813
7290012823589,false,ריצפז פרש בניחוח לימון מרענן,סנו פרש Fresh,IL,סנו ריצפז פרש לימון 2 לי,ליטרים,2.00,ליטר,false,,17.90,8.9500,true,1,1167815
7290012823602,false,נייר טואלט סופט סילק לבן 32 גלילים סנו,טרופיקל דגיל תעשיות,IL,נייר טואלט סופט לבן 32גל,מטרים,589.00,מטר,false,,35.90,0.0610,true,1,1167816
7290012823657,false,מסיר כתמים רסס וכבס מילוי,סנו קל,IL,"שק.מילוי רסס כבס 750 מ""ל",מיליליטרים,750.00,"100 מ""ל",false,,12.90,0.0172,true,1,1167819
7290012823787,false,"סנו רסס ונגב שקית מילוי 750 מ""ל",סנו,IL,סנו רסס ונגב מילוי 750מל,מיליליטרים,750.00,"100 מ""ל",false,,9.90,0.0132,true,1,1167830
7290012823794,false,כיף אלסבון 2ליטר יסמין לבנדר,קוסמופארם,IL,אל סבון כיף יסמין 2 ליטר,ליטרים,2.00,ליטר,false,,22.90,11.4500,true,1,1167831
7290012823916,false,גל כביסה סנו מקסימ מרוכז קריסטל נואר 5 ל,סנו מקסימה,IL,מקסימה ג'ל כביסה 5ל,ליטרים,5.00,ליטר,false,,44.90,8.9800,true,1,1248538
7290012823923,false,מרכך כביסה סופר מרוכז פרפיום גולדן סנרייז,סנו מפעלי ברונוס בעמ,IL,מ.מקסימה פרפיום גולדן750,מיליליטרים,750.00,"100 מ""ל",false,,19.90,0.0265,true,1,1167838
7290012823947,false,"סנו - מרכך כביסה מרוכז פרפיום קריסטל נואר 750 מ""ל",מיוצר עי קונדיטוריית,IL,מ.מקסימה פרפיום קריסט750,מיליליטרים,750.00,"100 מ""ל",false,,19.90,0.0265,true,1,1167840
7290012838026,false,עוגיות עדי עוגיות מל,,,עוגיות מלוחות,גרמים,350.00,100 גרם,false,,15.90,0.0454,true,1,1222198
7290012850011,false,מחית ביליבד תפוחי עץ 190ג',NOVOFRUCHT SK S.R.O,SK,BELOVED מחית תפוחי עץ 190,גרמים,190.00,100 גרם,false,,5.90,0.0311,true,1,1157089
7290012850035,false,מחית ביליבד תפוח ואפרסק 190ג',NOVOFRUCHT SK S.R.O,SK,BELOVED מחית תפוח ואפרסק,גרמים,190.00,100 גרם,false,,5.90,0.0311,true,1,1157091
7290012864025,false,מיקס אלפלפא חמניה,קרלסברג יבוא יצוא,IL,נבטי אלפלפא,יחידה,0.00,יחידה,false,,4.90,0.0000,true,1,2053457
7290012871054,false,חיטה תפוחה מתוקה שלווה,מפעלי דגן,,חטיף שלווה מתוקה 220,גרמים,200.00,100 גרם,false,,5.90,0.0295,true,1,1289648
7290012878817,false,קרם חמצן 6% שוורץ,שוורץ Schwartz,IL,"תח' חמ % 6 60 סמ""ק שוו","100 סמ""ק",60.00,"100 סמ""ק",false,,3.00,0.0500,true,1,1175718
7290012884986,false,תפוגן ציפס לתנור עד 4% שומן 1.5 קג,"תעשיות תפוגן בע""מ",IL,תפוגן צ'יפס לתנור 4% שומן,קילוגרמים,1.50,"ק""ג",false,,24.90,16.6000,true,1,1156336
7290012888038,false,סט 3 צנצנות סמרט חצי,,,סט 3 צנצנות סמרט חצי,יחידה,0.00,יחידה,false,,16.90,0.0000,true,1,2098809
7290012911170,false,מיסו כהה-מחית פולי סויה,טעמי אסיה Taste of Asia,,"מיסו כהה 500 ג""ר -כש",גרמים,500.00,100 גרם,false,,10.90,0.0218,true,1,1190160
7290012911187,false,מיסו בהיר-מחית פולי סויה,טעמי אסיה Taste of Asia,,"מיסו בהיר 500 ג""ר -כ",גרמים,500.00,100 גרם,false,,10.90,0.0218,true,1,1190161
7290012911262,false,"מירין משובח 500 מ""ל",פוקולוקו,CN,"מירין משובח 500 מ""ל - כשר",מיליליטרים,500.00,"100 מ""ל",false,,16.90,0.0338,true,1,1190164
7290012911293,false,דפי אורז ללא גלוטן 300 ג',טעמי אסיה Taste of Asia,VN,"דפי אורז 22 ס""מ (כשר) 300",גרמים,300.00,100 גרם,false,,12.90,0.0430,true,1,1190165
7290012911415,false,ממרח קארי ירוק 400גר,קיי אר אס ספייסי פוד,TH,ממרח קארי ירוק 400 גרם- כ,גרמים,400.00,100 גרם,false,,16.90,0.0422,true,1,1190170
7290012911439,false,ממרח קארי צהוב 400גר,טעמי אסיה Taste of Asia,TH,ממרח קארי צהוב 400 גרם -כ,גרמים,400.00,100 גרם,false,,16.90,0.0422,true,1,1190172
7290012911477,false,קרם קוקוס גולד 400 ג,טעמי אסיה Taste of Asia,TH,"קרם קוקוס מבצע 400 מ""ל",גרמים,400.00,100 גרם,false,,8.90,0.0223,true,1,1190173
7290012911583,false,רצועות דלעת כבושה-קנפיו,טעמי אסיה Taste of Asia,CN,רצועות דלעת כבושה - קנפיו,גרמים,100.00,100 גרם,false,,10.90,0.1090,true,1,1190175
7290012911644,false,רוטב סריראצ'ה- רוטב צ'ילי חריף,טעמי אסיה Taste of Asia,,רוטב סריראג'ה צילי ח,מיליליטרים,435.00,"100 מ""ל",false,,19.90,0.0457,true,1,1190177
7290012911651,false,"מקלוני אורז 10 מ""מ Rice stick",טעמי אסיה Taste of Asia,TH,"אטריות אורז 10 מ""מ 400 ג""",גרמים,400.00,100 גרם,false,,8.90,0.0223,true,1,1190178
7290012911729,false,ג'ינג'ר ורוד לסושי 250ג',טעמי אסיה Taste of Asia,CN,ג'ינג'ר לסושי ( ורוד ) כש,גרמים,250.00,100 גרם,false,,7.90,0.0316,true,1,1190180
7290012911941,false,רוטב צ'ילי מתוק ללא תוספת סוכר,טעמי אסיה Taste of Asia,TH,"רוטב צ'ילי מתוק 700 מ""ל",גרמים,700.00,100 גרם,false,,13.90,0.0199,true,1,1190186
7290012911965,false,ג'ינג'ר לסושי ללא צבע כשר 250ג',טעמי אסיה Taste of Asia,CN,"ג'ינג'ר לסושי , ללא צבע -",גרמים,250.00,100 גרם,false,,7.90,0.0316,true,1,1190187
7290012921025,false,"בירה מלכה בהירה 330 מ""ל","בירה מלכה בע""מ",IL,בירה מלכה בהירה.,מיליליטרים,330.00,"100 מ""ל",false,,12.90,0.0391,true,1,1181309
7290012921032,false,"בירה מלכה אדמונית 330 מ""ל","איי, בי, אינבוו",IL,בירה מלכה אדמונית.,מיליליטרים,330.00,"100 מ""ל",false,,12.90,0.0391,true,1,1181310
7290012921049,false,בירה מלכה כהה בסגנון,"בירה מלכה בע""מ",IL,בירה מלכה כהה.,מיליליטרים,330.00,"100 מ""ל",false,,12.90,0.0391,true,1,1181311
7290012921056,false,מלכה בוטיק בירה חיטה,מבשלת בירה ישראלית,IL,בירה מלכה חיטה.,מיליליטרים,330.00,"100 מ""ל",false,,12.90,0.0391,true,1,1181312
7290012921063,false,בירה מלכה הינדי בבקבוק,"בירה מלכה בע""מ",IL,בירה מלכה הינדי.,מיליליטרים,330.00,"100 מ""ל",false,,12.90,0.0391,true,1,1240305
7290012929786,false,טעמן פסטה צינורות חיטה מלאה 500גר,מוטלו,TR,פסטה צינורות מקמח מל,גרמים,500.00,100 גרם,false,,4.90,0.0098,true,1,1180982
7290012929793,false,פסטה ספדטי מקמח מלא טעמן 500 גר',מוטלו,TR,ספגטי מקמח מלא 500 ג,גרמים,500.00,100 גרם,false,,4.90,0.0098,true,1,1180983
7290012938580,false,"סנסודיין משחת שיניים להלבנה עדינה 75 מ""ל",גלקסוסמית'קליין קונס,GB,סנסודיין הלבנה עדינה 75 מ,מיליליטרים,75.00,"100 מ""ל",false,,19.90,0.2653,true,1,1193076
7290012938597,false,"סנסודיין משחת שיניים רפיד רליף 75 מ""ל","סמיתקליין ביצ'ם בע""מ",SK,סנסודיין רפיד רליף 75 מ'',מיליליטרים,75.00,"100 מ""ל",false,,23.90,0.3187,true,1,1193077
7290012938740,false,"משחת שיניים פרש מינט מנטה 75מ""ל סנסודיין",גלקסו סמית קליין,GB,"סנסודיין פרש מינט 75 מ""ל",מיליליטרים,75.00,"100 מ""ל",false,,19.90,0.2653,true,1,1193082
7290012938924,false,אקוהפרש מי פה ללא אלכוהול 500 מל,מולינו ניקולי s.p.a,GB,"א.פרש מיי פה 500 מ""ל",מיליליטרים,500.00,"100 מ""ל",false,,19.90,0.0398,true,1,1193083
7290012962578,false,צימרוני אוזניים עץ בקופסת פלסטיק 300יח',הדקלאים אגודת שיתופי,CN,צימרוני אוזנים עץ בק,יח',300.00,יח',false,,6.90,0.0230,true,1,1217172
7290012962684,false,"הוסטס שקיות צליה ג'מבו 50X35 ס""מ בקופסה 5 יח'",הוסטס Hostess,TR,שקיות צליה גמבו 5 יח,יח',5.00,יח',false,,4.90,0.9800,true,1,1233985
7290012996672,false,סבון אסלה + בושם ל24 שעות ביום הפי,יוליניבר,IT,סבון אסלה בושם ירוק - זוג,יחידה,1.00,יחידה,false,,9.90,9.9000,true,1,1173279
7290012996702,false,הפי ג'ל דוחה עש ומבשם לארון הבגדים,יעקבי - הפי Hepi,IT,הפי שקיות ריחניות לבגדים,יח',2.00,יח',false,,9.90,4.9500,true,1,1173282
7290013083678,false,תרכובת מזון המשך לפעוטות שלב 2 Extra Care,מולינו ניקולי s.p.a,IL,תרכובת מזון המשך לתינוקו,גרמים,700.00,100 גרם,false,,59.90,0.0856,true,1,1156338
7290013083685,false,תרכובת מזון המשך לפעוטות שלב 3 Extra Care,מטרנה תעשיות ש.מ,IL,תרכובת מזון המשך לפעוטות,גרמים,700.00,100 גרם,false,,59.90,0.0856,true,1,1156339
7290013117212,false,בורקס פילו במילוי גבינה מעדנות 600 גר,מיוצר עי קונדיטוריית,IL,בורקס פילו במילוי גבינה מ,גרמים,600.00,100 גרם,false,,19.90,0.0332,true,1,1187582
7290013117229,false,"בורקס פילו במילוי תפו""א מעדנות 600 גר",מיוצר עי קונדיטוריית,IL,"בורקס פילו במילוי תפו""א מ",גרמים,600.00,100 גרם,false,,19.90,0.0332,true,1,1187583
7290013117236,false,בורקס פילו פיצה מעדנות 600 ג',מיוצר עי קונדיטוריית,IL,בורקס פילו פיצה 600 גר,גרמים,600.00,100 גרם,false,,19.90,0.0332,true,1,1187584
7290013117243,false,בורקס פילו בולגרית מעדנות 600 ג',מיוצר עי קונדיטוריית,IL,בורקס פילו בולגרית 600 גר,גרמים,600.00,100 גרם,false,,19.90,0.0332,true,1,1187585
7290013117410,false,בצק פריך מרודד למאפים מתוקים 900 ג' מעדנות,מיוצר עי קונדיטוריית,IL,בצק פריך מתוק 900 גר מעדנ,גרמים,900.00,100 גרם,false,,22.90,0.0254,true,1,1187588
7290013117427,false,בצק פריך מרודד למאפים מלוחים 900 ג' מעדנות,מיוצר עי קונדיטוריית,IL,בצק פריך מלוח 900 גר מעדנ,גרמים,900.00,100 גרם,false,,22.90,0.0254,true,1,1187589
7290013117526,false,מעדנות בצק שמרים למאפים מתוקים 900 גרם,"מעדנות בע""מ",IL,בצק שמרים למאפים מתוקים 9,גרמים,900.00,100 גרם,false,,22.90,0.0254,true,1,1187594
7290013121011,false,חלת שבת ללא גלוטן 50,אביב קונדיטוריה מעול,IL,חלת שבת 500,גרמים,500.00,100 גרם,false,,21.90,0.0438,true,1,1197055
7290013121028,false,לחם לבן ללא גלוטן 500 גר קפוא,אביב קונדיטוריה מעול,IL,לחם לבן 500,גרמים,500.00,100 גרם,false,,18.90,0.0378,true,1,1197056
7290013121035,false,לחם פשתן ללא גלוטן 500 גר קפוא,אביב קונדיטוריה מעול,IL,לחם פשתן 500,גרמים,500.00,100 גרם,false,,19.90,0.0398,true,1,1197057
7290013121127,false,לחמניות מיני ללא גלוטן 420 גר קפוא,אביב קונדיטוריה מעול,IL,לחמניות מיני 420,גרמים,480.00,100 גרם,false,,19.90,0.0415,true,1,1197062
7290013121158,false,רביעיית לחמניות סנדויץ 460 גר קפוא,אביב קונדיטוריה מעול,IL,רביעיית לחמניות סנדביץ 46,גרמים,460.00,100 גרם,false,,19.90,0.0433,true,1,1197065
7290013121165,false,שישיית לחמניות ללא גלוטן 460 גר קפוא,אביב קונדיטוריה מעול,IL,6 לחמניות נקניקיה,גרמים,460.00,100 גרם,false,,19.90,0.0433,true,1,1197066
7290013121684,false,כדורי שוקולד ללא גלוטן 400 גר,אביב קונדיטוריה מעול,IL,כדורי שוקולד 400,גרמים,400.00,100 גרם,false,,29.90,0.0747,true,1,1197080
7290013153395,false,פריגת סחוט טרי רימונים 1ליטר,פריגת מצוננים,IL,סחוט 750 רימונים,ליטרים,1.00,100 ליטר,false,,21.90,21.9000,true,1,2069049
7290013153579,false,משקה בטעם אפרסק מרוכז קפוא,פריגת מצוננים,IL,מיץ אפרסק קפוא 280 ג,גרמים,280.00,100 גרם,false,,9.90,0.0354,true,1,1453988
7290013153593,false,מיץ תפוזים מתקתק 1 ליטר,"גת גבעת חיים,",IL,מיץ תפוזים מתקתק 100,ליטרים,1.00,ליטר,false,,11.90,11.9000,true,1,2085921
7290013156006,false,עוגיות כעכים לקפה מרוקאיות 200גר,,,עוגיות מרוקאיות,גרמים,350.00,100 גרם,false,,16.90,0.0483,true,1,1222199
7290013156822,false,עוגיות רייף גיקובס 3,,,עוגיות רייף,גרמים,350.00,100 גרם,false,,16.90,0.0483,true,1,2074262
7290013156846,false,עוגיות מלוחות גיקובס,,,עוגיות מלוחות גייקוב,גרמים,350.00,100 גרם,false,,16.90,0.0483,true,1,2074263
7290013156921,false,עצבעות מתוקות ללא תו,,,עצבעות מתוקות ללא תו,גרמים,350.00,100 גרם,false,,16.90,0.0483,true,1,2074265
7290013232649,false,בצל ירוק יח',רקנאטי,IL,בצל ירוק,יחידה,0.00,יחידה,false,,4.90,0.0000,true,1,2055439
7290013268020,false,סנו - מקסימה מרכך כביסה מרוכז אולטרה פרש 1 ליטר,"סנו מפעלי ברונוס בע""",IL,מקסימה סופר מרוכז פרש 1ל,ליטרים,1.00,ליטר,false,,17.90,17.9000,true,1,1167843
7290013268037,false,סנו מקסימה מרכך כביסה פצ''ולי מרוכז סגול 1 ל',"איי, בי, אינבוו",IL,'מקסימה ס.מרוכז לבנדר 1ל,ליטרים,1.00,ליטר,false,,17.90,17.9000,true,1,1167844
7290013268204,false,מגבונים לניקוי וחיטוי מושב האסלה 20 יח' סנו,טרופיקל דגיל- תעשיות,IL,מגבונים לחיטוי מושב,יח',20.00,יח',false,,9.90,0.4950,true,1,1691999
7290013268242,false,תרכיז ריחני לניקוי רצפות בריח מלון מפנק ריצפז פרש,"סנו מפעלו ברונוס בע""",IL,ריצפז פרש הום תרכיז,ליטרים,2.00,ליטר,false,,22.90,11.4500,true,1,1994341
7290013268372,false,פוליויקס פרקט בתוספת שמן אורגן 2 ל',סנו פוליויקס,IL,פוליויקס פרקט בתוספת,ליטרים,2.00,ליטר,false,,19.90,9.9500,true,1,2012858
7290013268440,false,אורביטול צמד מברשות שיניים בובספוג+פיגור,החברה הדרומית,CN,צמד מברשות שיניים בו,יח',2.00,יח',false,,10.90,5.4500,true,1,1280891
7290013268563,false,"קרמה - דאודורנט ספריי לגבר ללא אלומיניום כחול קול 200 מ""ל",מיוצר עי אמיליה קוסמ,IL,דאו.קרמה מן ספריי קול200,מיליליטרים,200.00,"100 מ""ל",false,,11.90,0.0595,true,1,1167869
7290013268594,false,דאודורנט ספריי לגבר Body Power הגנה אפקטיבית,אמיליה קוסמטיקס,IL,"דאו.קרמה מן פאוור 200מ""ל",מיליליטרים,200.00,"100 מ""ל",false,,11.90,0.0595,true,1,1167872
7290013268839,false,סנו פוליויקס פרקט בריח מלון חלומי,סנו פוליויקס,IL,פוליויקס פרקט 2 ליטר,ליטרים,2.00,ליטר,false,,19.90,9.9500,true,1,1730153
7290013268884,false,סנו ריצפז פרש 2 ליטר מאסק,מיוצר עי קונדיטוריית,IL,סנו ריצפז פרש מאסק 2ליטר,ליטרים,2.00,ליטר,false,,17.90,8.9500,true,1,1167893
7290013268891,false,מסיר כתמים ג'ל אוקסיג'ן ללא אקונומיקה,"סנו מפעלי ברונוס בע""",IL,אוקסיג'ן ג'ל 3ליטר,ליטרים,3.00,ליטר,false,,29.90,9.9667,true,1,1167894
7290013268907,false,ג'ל כביסה ביו בטמפרטורות נמוכות,"סנו מפעלי ברונוס בע""",IL,מקסימה ג'ל לכביסה 3ל,ליטרים,3.00,ליטר,false,,34.90,11.6333,true,1,1167895
7290013268938,false,סנובון סבון אסלה בניחוח מאסק - מארז 3 יח',סנו סנובון,IL,55 ג X 'סנובון מאסק 3 יח,יח',3.00,יח',false,,12.90,4.3000,true,1,1167897
7290013268983,false,מרכך כביסה סופר מרוכז בבישום עוצמתי סנו מקסימה 1 ל',"סנו מפעלי ברונוס בע""",IL,מרכך כביסה מרוכז מקס,ליטרים,1.00,ליטר,false,,17.90,17.9000,true,1,2071473
7290013268990,false,סנו - מקסימה מרכך כביסה מרוכז ביו 1 ליטר,"סנו מפעלי ברונוס בע""",IL,מקסימה מרכך מרוכז ביו1ל,ליטרים,1.00,ליטר,false,,17.90,17.9000,true,1,1167898
7290013269003,false,מרכך כביסה סופר מרוכז בייבי לתינוקות ולעור רגיש,"סנו מפעלי ברונוס בע""",IL,מקסימה מרכך בייבי 1 ליטר,ליטרים,1.00,ליטר,false,,19.90,19.9000,true,1,1167899
7290013269096,false,מטליות לחות לטיפול במוצרי עור,מיוצר עי קונדיטוריית,IL,מטליות למוצרי עור 20יח,יח',1.00,יח',false,,18.90,18.9000,true,1,1167903
7290013269157,false,"מרכך ומבשם מקסימה למייבש לבנדר 750 מ""ל סנו",סנו מקסימה,,מרסס למייבש כביסה סנ,מיליליטרים,750.00,"100 מ""ל",false,,17.90,0.0239,true,1,1167906
7290013269263,false,ג'ל כביסה מרוכז מקסימה בבישום קריסטל נואר,סנו מפעלי ברונוס בעמ,IL,מקסימה ג'ל כביסה 3ליטר,ליטרים,3.00,ליטר,false,,34.90,11.6333,true,1,1167910
7290013269300,false,ניילון נצמד + לשימוש במיקרוגל,"מיוצר בהונג קונג, סי",CN,ניילון נצמד פלוס 150 מטר,מטרים,150.00,מטר,false,,29.90,0.1993,true,1,1167913
7290013269621,false,ריצפז פרש לניקוי רצפות בניחוח מלון בוטיק,מיוצר עי קונדיטוריית,IL,ריצפז פרש הום תרכיז,ליטרים,2.00,ליטר,false,,22.90,11.4500,true,1,1799345
7290013269638,false,ספוג הפלא אקסטרה Extra- מארז 6 יח',החברה הדרומית,IL,ספוג הפלא אקסטרה 6 יחידו,יח',6.00,יח',false,,14.90,2.4833,true,1,1167923
7290013269652,false,פולייויקס גרניט פורצלן בניתוח מאסק 2 ל',סנו פוליויקס,IL,פוליויקס ג.פורצלן מאסק2ל,ליטרים,2.00,ליטר,false,,24.90,12.4500,true,1,1167925
7290013269690,false,סנובון ג'ל לניקוי האסלה בניחוח לימון,Nicolas polandמשווק,PL,"סנובון ג'ל לימון 55 מ""ל",מיליליטרים,55.00,"100 מ""ל",false,,14.90,0.2709,true,1,1167927
7290013269706,false,"סנובון ג'ל לאסלה אוקיאנוס נתלה 55מ""ל",סנו סנובון,PL,סנובון ג'ל אוקיינוס55מל,מיליליטרים,55.00,"100 מ""ל",false,,14.90,0.2709,true,1,1167928
7290013269751,false,מטליות לחותריצפז פרש לניקוי ריצפה בניחות מלון בוטיק 10 יח' סנו,טרופיקל דגיל תעשיות,IL,ריצפז פרש מטליות ענק,יח',10.00,יח',false,,14.90,1.4900,true,1,1799356
7290013269850,false,סנו - סושי נייר אפיה אקולוגי 50 יח',מולינו ניקולי s.p.a,IL,'נייר אפיה אקולוגי 50 יח,יח',50.00,יח',false,,14.90,0.2980,true,1,1167933
7290013276124,false,"בירה נגב אמבר אייל 330 מ""ל","איי, בי, אינבוו",IL,בירה אמבר אלון 330 מ,ליטרים,330.00,100 ליטר,false,,14.90,0.0452,true,1,1359706
7290013302014,false,"אבקה להכנת שוקו 1 ק""ג טעמן",,IL,"שוקו שוקו 1ק""ג 12 Xב",קילוגרמים,1.00,"ק""ג",false,,12.90,12.9000,true,1,2151154
7290013302656,false,פילה סרדין בשמו זית ופלפל חריף 125 גרם,טעים,,פילה סרדין בשמן זית,גרמים,125.00,100 גרם,false,,9.90,0.0792,true,1,1181000
7290013302663,false,"פילה סרדין בשמן זית ""טעים"".",,,פילה סרדין בשמן זית,גרמים,125.00,100 גרם,false,,9.90,0.0792,true,1,1181001
7290013310019,false,קיסמי שיניים רפואיים עם חוט דנטאלי הוסטס,,CN,קיסמי שיניים רפואיים,יח',30.00,יח',false,,5.90,0.1967,true,1,1217173
7290013310057,false,כוסות נייר לשתיה חמה,הוסטס Hostess,,כוסות נייר 50 יח',יח',50.00,יח',false,,8.90,0.1780,true,1,1217174
7290013310064,false,חוט דנטלי בטעם מנטה מצופה שעווה,הוסטס Hostess,CN,חוט דנטאלי רפואי עם,מטרים,50.00,מטר,false,,5.90,0.1180,true,1,1217175
7290013310385,false,כפפות ניטריל M כחולות ללא אבקה 80 יח' EASY TOUCH,איזי טאץ' Easy touch,TH,כפפות כחולות M ללא א,יח',80.00,יח',false,,21.90,0.2737,true,1,1219629
7290013310392,false,כפפות ניטריל L כחולות ללא אבקה 80 יח' EASY TOUCH,איזי טאץ' Easy touch,TH,כפפות כחולות L ללא א,יח',80.00,יח',false,,21.90,0.2737,true,1,1219630
7290013310408,false,כפפות ניטריל XL כחולות ללא אבקה 80 יח' EASY TOUCH,איזי טאץ' Easy touch,TH,כפפות כחולות XL ללא,יח',80.00,יח',false,,21.90,0.2737,true,1,1219631
7290013310576,false,"כוסות נייר 240-8BOZמ""ל שתיה חם/קר הוסטס 50 יח'",ACSP,CN,כוסות נייר 50 יח',יח',50.00,יח',false,,9.90,0.1980,true,1,1217148
7290013358356,false,מאסטר שף פירורי לחם מוזהבים 320 גרם,מנה י.א בעמ,IL,מנה פירורי לחם מוזהבים 35,גרמים,320.00,100 גרם,false,,9.90,0.0309,true,1,1185874
7290013358363,false,פירורי לחם פנקו מזוהבים מאסטר שף מנה 300 ג',קריניציה ויטמינה אס,IL,מנה פירורי לחם פנקו מוזהב,גרמים,300.00,100 גרם,false,,9.90,0.0330,true,1,1185875
7290013358370,false,פירורי לחם פנקו מוזהבים שום 300 גרם מנה,"מיוצר ע""י מנה י.א בע",IL,מנה פירורי לחם פנקו מוזהב,גרמים,300.00,100 גרם,false,,9.90,0.0330,true,1,1185876
7290013358417,false,מנה אסייאתי רוטב טריאקי 300 מל מאסטר שף,קריניציה ויטמינה אס,TH,"רוטב טריאקי 300 מ""ל",מיליליטרים,300.00,"100 מ""ל",false,,10.90,0.0363,true,1,1280570
7290013358431,false,מאסטר שף קרוטונים לסלט עגבניות ובזיליקום,עינת תעשיות מזון אגו,IL,מנה קרוטונים לסלט עגבניות,גרמים,200.00,100 גרם,false,,9.90,0.0495,true,1,1233405
7290013358448,false,"קרוטונים לסלט אקסטרה ארוכים בתיבול שום, בצל ופטרוזיליה",עינת תעשיות מזון אגו,IL,מנה קרוטונים לסלט אקסטרא,גרמים,200.00,100 גרם,false,,9.90,0.0495,true,1,1233427
7290013358462,false,"מיני קרוטונים למרק בתיבול שום, בצל ופטרוזיליה","עינת תעשיות מזון, אג",IL,מנה מיני קרוטונים למרק שו,גרמים,350.00,100 גרם,false,,17.90,0.0511,true,1,1233429
7290013358486,false,מאסטר שף פירורי לחם ללא צורך בביצה 300 ג,"מיוצר ע""י מנה י.א בע",IL,מנה פירורי לחם מוזהבים לל,גרמים,300.00,100 גרם,false,,9.90,0.0330,true,1,1216243
7290013358493,false,מנה אסייאתי קרם קוקוס פחית 400 מל מ.שף,תאי קוקונט פבליק קומ,TH,קרם קוקוס אסיאתי 400,מיליליטרים,400.00,"100 מ""ל",false,,7.90,0.0198,true,1,1280579
7290013358516,false,"מיקסלט חמוציות, גרעינים, קטניות ואגוזים",המאפיה של הרמן,IL,מנה מיקסלט עם חמוציות 200,גרמים,200.00,100 גרם,false,,14.90,0.0745,true,1,1233486
7290013358523,false,מאסטר שף שבבי בצל מטוגן 150 גרם,קריניציה ויטמינה אס,NL,שבבי בצל מטוגן 150 ג,גרמים,150.00,100 גרם,false,,9.90,0.0660,true,1,1501890
7290013358578,false,מנה אסייאתי אטריות אורז רחבות 400 ג מ.שף,ליינג טונג רייס פלוו,TH,איטריות אורז רחבות מ,גרמים,400.00,100 גרם,false,,8.90,0.0223,true,1,1280573
7290013358585,false,מנה אסייאתי נודלס ביצים להקפצה 400 מ.שף,הנסיך- מפעל לייצור ט,CN,נודלס ביצים מנה 400,גרמים,400.00,100 גרם,false,,8.90,0.0223,true,1,1280574
7290013358806,false,פריכיות אורז מאורז חום מלא עם מלח,מנה Mana,IL,מנה מאגדת פריכיות אורז עם,גרמים,264.00,100 גרם,false,,12.90,0.0489,true,1,1185882
7290013358837,false,מנה מאגדת פריכיות אורז ללא מלח 264 גר,Mana,,מארז פריכיות מאורז ח,גרמים,264.00,100 גרם,false,,12.90,0.0489,true,1,1625320
7290013361103,false,4 יח' טונה במים ויטה,פרי הגליל,IL,מארז טונה 160X4במים פג,גרמים,640.00,100 גרם,false,,22.90,0.0358,true,1,1194040
7290013361172,false,4 יח' טונה בשמן קנול,,,4 יח' טונה בשמן קנול,גרמים,640.00,100 גרם,false,,22.90,0.0358,true,1,1585000
7290013361981,false,צ'יפס קפוא חתוך פרי הגליל,"פרי הגליל בע""""מ",IL,צ'יפס קטרינג 2פג,קילוגרמים,2.00,"ק""ג",false,,24.90,12.4500,true,1,1194057
7290013361998,false,"סטייק צ'יפס 2 ק""ג פרי הגליל","פרי הגליל בע""""מ",IL,סטייק צ'יפס 2קג פג רבנות,קילוגרמים,2.00,"ק""ג",false,,24.90,12.4500,true,1,1194058
7290013381088,false,עמבה הודית נאמן 500 גר',נאמן,IL,עמבה הודית,גרמים,500.00,100 גרם,false,,9.90,0.0198,true,1,1177413
7290013381286,false,שקיות אלפא פתח סגור קטן,,,שקיות פתח סגור 40 יח,יחידה,40.00,יחידה,false,,8.90,0.2225,true,1,1177415
7290013381293,false,שקיות אלפא פתח סגור גדול,,,שקיות פתח סגור 20 יח,יחידה,20.00,יחידה,false,,8.90,0.4450,true,1,1177416
7290013381323,false,לימונלה מיץ לימון,נאמן,,מיץ לימון,ליטרים,1.00,ליטר,false,,15.90,15.9000,true,1,1177417
7290013381675,false,"סירופ למלבי נאמן 750מ""ל",,,"סירופ מלבי 750 מ""ל",מיליליטרים,750.00,"100 מ""ל",false,,16.90,0.0225,true,1,1177429
7290013381699,false,קקאו טופ מותגים 500 גרם,נאמן לאורך זמן,,אבקת קקאו,גרמים,500.00,100 גרם,false,,19.90,0.0398,true,1,1177430
7290013389084,false,"טורטיה ספרדי קמח תירס 25 ס""מ 325 גרם",,,טורטיה קמח תירס 20 ס,גרמים,320.00,100 גרם,false,,9.90,0.0309,true,1,1186705
7290013389374,false,קמח תירס פולנטה תומר 500ג',פיקטה piccata,,קמח תירס פולנטה 500,גרמים,500.00,100 גרם,false,,6.90,0.0138,true,1,1186715
7290013389381,false,"קמח תירס פולנטה מולינו 1 ק""ג",מולינו פילה,IT,"קמח תירס פולנטה 1 ק""",קילוגרמים,1.00,"ק""ג",false,,9.90,9.9000,true,1,1186716
7290013389398,false,"קמח תירס דק 1 ק""ג פולנטה",פיקטה piccata,,"קמח תירס דק 1 ק""ג",גרמים,1000.00,100 גרם,false,,9.90,0.0099,true,1,1186717
7290013389893,false,סרדין פילה מרוקאי בשמן תומר 125 ג',,,פילה סרדין בשמן 125,גרמים,125.00,100 גרם,false,,7.90,0.0632,true,1,1186727
7290013389909,false,סרדין פילה מרוקאי חריף תומר 125 ג',,,פילה סרדין חריף 125,גרמים,125.00,100 גרם,false,,7.90,0.0632,true,1,1186728
7290013412966,false,טולי רביעיית מגבונים לחים,DPL,IL,מגבון תולי רביעייה 7,יח',288.00,יח',false,,9.90,0.0344,true,1,1767282
7290013424914,false,אפרסק פלחים קפוא פיל,בינזו לונגשינטיאנרן,PL,אפרסק פלחים 500 גרם,גרמים,500.00,100 גרם,false,,11.90,0.0238,true,1,2128670
7290013424921,false,קיווי פרוסות קפוא פי,בינזו לונגשינטיאנרן,PL,קיווי פרוס ארוז 500,גרמים,500.00,100 גרם,false,,11.90,0.0238,true,1,2128671
7290013424945,false,מנגו קפוא פילד גוד 5,סאפו דקלאק טריידינג,PL,מנגו ארוז 500 גרם,גרמים,500.00,100 גרם,false,,11.90,0.0238,true,1,2128672
7290013430083,false,"בירה אלכסנדר בלונד בקבוק 330 מ""ל",מנדלז סי.אר. פרודקשן,IL,בירה אלכסנדר,מיליליטרים,330.00,"100 מ""ל",false,,13.20,0.0400,true,1,2067094
7290013430250,false,"בירה אלכסנדר חיטה ישראלית 330 מ""ל",יקבי כרמל,IL,בירה אלכסנדר,מיליליטרים,330.00,"100 מ""ל",false,,12.90,0.0391,true,1,2067097
7290013430304,false,בירה אלכסנדר גרין GREEN בירה ישראלית,מנדלז סי.אר. פרודקשן,IL,בירה אלכסנדר,מיליליטרים,330.00,"100 מ""ל",false,,12.90,0.0391,true,1,2067098
7290013472199,false,ערמונים קלופים וקלויים 105 גרם,בייג'גג פוינונג,CN,ערמונים קלופים וקלויים 10,גרמים,100.00,100 גרם,false,,5.90,0.0590,true,1,1159379
7290013472892,false,בולגריה קוביות במי מלח - מרכיבי חלב ושומן צמחי,"קוליוס אס.איי, גריק",GR,הבולגריה בקוביות 200גרם (,גרמים,200.00,100 גרם,false,,9.90,0.0495,true,1,1159385
7290013472908,false,בולגריה קוביות במי מלח,וילי פוד,GR,הבולגריה בקוביות 400גרם (,גרמים,400.00,100 גרם,false,,18.90,0.0472,true,1,1159386
7290013531117,false,רוטב פסטה לילדים 240 גרם יכין,"זנלכל בע""מ",IL,רוטב פסטה לילדים 260 ג יכ,גרמים,240.00,100 גרם,false,,5.50,0.0229,true,1,1170444
7290013531346,false,סירופ דיאט לימונענע יכין 1 ליטר,זנלכל,IL,סירופ דיאט למונענע 1,ליטרים,1.00,ליטר,false,,16.90,16.9000,true,1,1170445
7290013531612,false,רוטב לפסטה נפוליטנה 240 גרם יכין,זנלכל,IL,רוטב פסטה נפוליטנה 2,גרמים,240.00,100 גרם,false,,5.50,0.0229,true,1,2042666
7290013531629,false,רוטב לפסטה פומודורו 240 גרם יכין,היינץ צפון אמריקה מק,IL,רוטב פסטה פומדורו 24,גרמים,240.00,100 גרם,false,,5.50,0.0229,true,1,2042672
7290013534057,false,"צ'יפס בטטה טבעי מיה 100ג' 'כשל""פ",מיה תעשיות מזון בעמ,IL,ציפס בטטה,גרמים,100.00,100 גרם,false,,7.90,0.0790,true,1,1337916
7290013539892,false,אל סבון נוזלי משאבה תה ירוק סטייל 1 ל',סטייל Style,TR,סבון ידיים תה ירוק,ליטרים,1.00,ליטר,false,,10.90,10.9000,true,1,1193106
7290013539915,false,אל סבון נוזלי משאבה תה לבן סטייל 1 ל,סטייל Style,TR,סבון ידיים תה לבן,ליטרים,1.00,ליטר,false,,10.90,10.9000,true,1,1193108
7290013585233,false,"ספרייט זירו פחית סליק 330 מ""ל",גוד פוד פרודקטס S.p,IL,ספרייט ZERO סליק 330 מל,מיליליטרים,330.00,"100 מ""ל",false,,4.50,0.0136,true,1,1247655
7290013585257,false,ספרייט זירו בקבוק 500מל,החברה המרכזית לייצור,IL,ספרייט 500 מל פקד ZERO,מיליליטרים,500.00,"100 מ""ל",false,,6.90,0.0138,true,1,1247656
7290013585387,false,קוקה קולה זירו בקבוק,פארייפאבה אגרואינדוס,IL,קולה זירו 1 ליטר,ליטרים,1.00,ליטר,false,,6.90,6.9000,true,1,1562147
7290013608260,false,פרימור מיץ רימונים 100% סחוט טרי 1ל',"גניר (1992) בע""מ",IL,מיץ רימונים 100%מיץ סחוט,ליטרים,1.00,ליטר,false,,22.90,22.9000,true,1,1188789
7290013625212,false,פילה מקרל בשמן צמחי 125 גרם טעים,,,פילה מקרל בשמן צמחי,גרמים,125.00,100 גרם,false,,8.90,0.0712,true,1,1181017
7290013625670,false,סינטטי חומצה אצטית מדוללת למזון 5%,טעמן,,חומץ סינטטי 1 ליטר,ליטרים,1.00,ליטר,false,,3.90,3.9000,true,1,1181026
7290013625922,false,טעמן איטריות 400ג דקות,מוטלו,TR,איטריות 400 גרם דקות,גרמים,400.00,100 גרם,false,,4.90,0.0123,true,1,1181035
7290013625939,false,טעמן איטריות דקיקות 400גר,מוטלו,TR,איטריות 400 גרם דקיק,גרמים,400.00,100 גרם,false,,4.90,0.0123,true,1,1181036
7290013645371,false,עוגיות שוקולד ציפס ללא גלוטן 200,"מוצרי הכט בע""מ",IL,עוגיות שוקולד צ'יפס,גרמים,200.00,100 גרם,false,,18.90,0.0945,true,1,1292417
7290013652157,false,"ד""ר פישר - נטורל קר מגבונים להסרת איפור לעור רגיל יבש 30 יח' * 3","ד""ר פישר Dr fischer",IL,נטורל קר שלישיית מגבונים,יח',90.00,יח',false,,26.90,0.2989,true,1,1198453
7290013652164,false,"ד""ר פישר - נטורל קר מגבונים להסרת איפור לעור רגיש 30 יח' * 3","ד""ר פישר Dr fischer",IL,נטורל קר שלישיית מגבונים,יח',90.00,יח',false,,26.90,0.2989,true,1,1198454
7290013652171,false,"ד""ר פישר - נטורל קר מגבונים להסרת איפור לעור שמן מעורב 30 יח' * 3","ד""ר פישר Dr fischer",IL,נטורל קר שלישיית מגבונים,יח',90.00,יח',false,,26.90,0.2989,true,1,1198455
7290013652768,false,"מסכת החייאה לשיער יבש, צבוע ופגום Natural care","ד""ר פישר Dr fischer",IL,נטורל קר מסכה לשיער יבש/צ,מיליליטרים,450.00,"100 מ""ל",false,,34.90,0.0776,true,1,1198458
7290013652782,false,נטורל קר קרם לחות לשיער מתולתל- יסמין ופרחי מגנוליה,"ד""ר פישר Dr fischer",IL,נטורל קר קרם לחות לשיער מ,מיליליטרים,400.00,"100 מ""ל",false,,16.90,0.0422,true,1,1198460
7290013652812,false,"נטורל קר קרם ידיים רגיל/יבש 150 מ""ל","ד""ר פישר Dr fischer",IL,נטורל קר קרם ידיים רגיל/י,מיליליטרים,150.00,"100 מ""ל",false,,15.90,0.1060,true,1,1198463
7290013652843,false,נטורל קר שמפו לשיער רגיל- ורדים וחלב רימונים,"ד""ר פישר Dr fischer",IL,נטורל קר שמפו לשיער רגיל,מיליליטרים,700.00,"100 מ""ל",false,,14.90,0.0213,true,1,1198466
7290013652850,false,שמפו נטורל קר לשיער יבש ופגום חינה ושמן ארגאן,"ד""ר פישר Dr fischer",IL,נטורל קר שמפו לשיער יבש/פ,מיליליטרים,700.00,"100 מ""ל",false,,14.90,0.0213,true,1,1198467
7290013652874,false,נטורל קר מרכך לשיער רגיל- ורדים וחלב רימונים,"ד""ר פישר Dr fischer",IL,נטורל קר מרכך לשיער רגיל,מיליליטרים,700.00,"100 מ""ל",false,,14.90,0.0213,true,1,1198469
7290013652904,false,נטורל קר שמפו+מרכך לשיער רגיל ורדים וחלב רימונים,"ד""ר פישר Dr fischer",IL,נטורל קר שמפו מרכך רגיל -,מיליליטרים,700.00,"100 מ""ל",false,,14.90,0.0213,true,1,1198472
7290013655585,false,קערה בינונית 9.5,,,קערה 9.5 קריסטל,יחידה,0.00,יחידה,false,,9.90,0.0000,true,1,1207254
7290013655592,false,קערה 11 קריסטל,,,קערה 11 קריסטל,יחידה,0.00,יחידה,false,,9.90,0.0000,true,1,1207255
7290013675828,false,מאמא עוף חגיגה אסייתית להקפצה 450 גרם,"איי, בי, אינבוו",IL,חגיגה אסיאתית להקפצה,גרמים,450.00,100 גרם,false,,19.90,0.0442,true,1,2006401
7290013677006,false,חומוס גדול באריזת וואקום Selected,מיה תעשיות מזון בעמ,IL,חומוס גדול סלקטד בוו,גרמים,500.00,100 גרם,false,,9.90,0.0198,true,1,1358682
7290013677037,false,עדשים ירוקות באריזת וואקום Selected,מיה תעשיות מזון בעמ,IL,עדשים ירוקות סלקטד ו,גרמים,500.00,100 גרם,false,,9.90,0.0198,true,1,1358777
7290013677044,false,עדשים אדומים בוואקום מיה 500 גר',מיה תעשיות מזון בעמ,IL,עדשים אדומות סלקטד,גרמים,500.00,100 גרם,false,,9.90,0.0198,true,1,1358778
7290013677075,false,חיטה בוואקום מיה 500 גר',מיה תעשיות מזון בעמ,IL,חיטה סלקטד וואקום,גרמים,500.00,100 גרם,false,,8.90,0.0178,true,1,1358780
7290013677082,false,שעועית אדומה בוואקום מיה 500 גר',מיה תעשיות מזון בעמ,IL,שעועית אדומה סלקטד ו,גרמים,500.00,100 גרם,false,,9.90,0.0198,true,1,1358770
7290013677099,false,גריסי פנינה בוואקום מיה 500 גר',מיה תעשיות מזון בעמ,IL,גריסים פנינה סלקטד ו,גרמים,500.00,100 גרם,false,,8.90,0.0178,true,1,1358723
7290013677112,false,בורגול באריזת וואקום Selected,מיה תעשיות מזון בעמ,IL,בורגול סלקטד וואקום,גרמים,500.00,100 גרם,false,,8.90,0.0178,true,1,1358781
7290013677259,false,תבלין זעתר 50 גרם שקית,מיה תעשיות מזון בעמ,IL,זעתר 50גרם שקית,גרמים,50.00,100 גרם,false,,4.90,0.0980,true,1,1181599
7290013677280,false,תבלין ציפורן שלם 40 גרם שקית,מיה תעשיות מזון בעמ,IL,ציפורן שלם 40גרם גרם שקית,גרמים,40.00,100 גרם,false,,4.90,0.1225,true,1,1181602
7290013677297,false,תבלין אבקת בצל 80 גרם-שקית,מיה תעשיות מזון,IL,אבקת בצל 80גרם שקית,גרמים,80.00,100 גרם,false,,4.90,0.0613,true,1,1181603
7290013677303,false,תבלין חוויג תימני 50 גרם שקית,מיה תעשיות מזון בעמ,IL,חוואיג' תימני 50גרם שקית,גרמים,50.00,100 גרם,false,,4.90,0.0980,true,1,1181604
7290013677310,false,תבלין גרילבשר 80 גרם שקית,מיה תעשיות מזון,IL,גריל בשר 80גרם שקית,גרמים,80.00,100 גרם,false,,4.90,0.0613,true,1,1181605
7290013677334,false,תבלין על האש 50 גרם שקית,מיה תעשיות מזון בעמ,IL,תבלין על האש 50גרם שקית,גרמים,50.00,100 גרם,false,,4.90,0.0980,true,1,1181607
7290013677419,false,תן צ'אפ טבעות שמנת בצל 50גרם,מיה תעשיות מזון,IL,תן צ'אפ טבעות שמנת בצל 50,גרמים,50.00,100 גרם,false,,3.90,0.0780,true,1,1181613
7290013677648,false,שמן זית למאור 1 ליטר,מיה תעשיות מזון בעמ,IL,שמן זית למאור 1ליטר בד''ץ,ליטרים,1.00,ליטר,false,,18.90,18.9000,true,1,1181617
7290013677655,false,סודה לשתיה 600גרם צנצנת,מיה תעשיות מזון בעמ,IL,סודה לשתיה 600גרם,גרמים,600.00,100 גרם,false,,19.90,0.0332,true,1,1181618
7290013677679,false,סודה לשתיה 80 גרם שקית,מיה תעשיות מזון בעמ,IL,סודה לשתיה 80גרם שקית,גרמים,80.00,100 גרם,false,,4.90,0.0613,true,1,1181620
7290013677686,false,תבלין פפריקה מרוקאית 80 גרם בשקית,מיה תעשיות מזון בעמ,IL,פפריקה מרוקאית בשמן 80גרם,גרמים,80.00,100 גרם,false,,4.90,0.0613,true,1,1181621
7290013677693,false,תבלין פלפל שחור גרוס שקית 50 גרם,מיה תעשיות מזון בעמ,IL,פלפל שחור גרוס 50גרם שקית,גרמים,50.00,100 גרם,false,,6.90,0.1380,true,1,1181622
7290013677747,false,"שוקו של מיה 500גרם בשקית בד""ץ",מיה תעשיות מזון,IL,שוקו של מיה 500גרם בשקית,גרמים,500.00,100 גרם,false,,9.90,0.0198,true,1,1181626
7290013713049,false,"בירה גמס 8.8 איל בלגי מחוזקת 330 מ""ל","אביר הבר בע""מ",IL,בירה ג'מס בקבוק,ליטרים,0.33,100 ליטר,false,,12.90,39.0909,true,1,1931288
7290013724809,false,חטיף גרנולה בתוספת שקדים ואגוזים,ויטליה ניקולה,MK,חטיף גרנולה בתוספת א,גרמים,175.00,100 גרם,false,,9.90,0.0566,true,1,2007572
7290013724946,false,שקדים בשוקולד מריר 140 גר שקדיה,"דין שיווק וקלייה בע""",IL,שקדים בשוקולד מריר 1,גרמים,140.00,100 גרם,false,,9.90,0.0707,true,1,1196888
7290013724960,false,שקדים בשוקולד חלב 140 גר שקדיה,"דין שיווק וקלייה בע""",IL,שקדים בשוקולד חלב 14,גרמים,140.00,100 גרם,false,,9.90,0.0707,true,1,1196890
7290013725820,false,אגוזי לוז בשוקולד מריר 140 גר שקדיה,"דין שיווק וקלייה בע""",IL,אגוזי לוז בשוקולד מר,גרמים,140.00,100 גרם,false,,9.90,0.0707,true,1,1196894
7290013725837,false,חטיף שומשום בשוקולד חלב 160גר,"דין שיווק וקלייה בע""",,שומשום בשוקולד חלב 1,גרמים,140.00,100 גרם,false,,9.90,0.0707,true,1,1196895
7290013757593,false,"קערה עגולה 24 ס""מ 1י",,,"קערה עגולה 24 ס""מ 1י",יחידה,0.00,יחידה,false,,7.90,0.0000,true,1,1233895
7290013787156,false,רוטב שמנת גראנה פדאנו 200 גרם ריקו - בית יוסף,קריניסה ויטמין אס אי,IL,רוטב שמנת גראנה פאדנ,גרמים,200.00,100 גרם,false,,12.90,0.0645,true,1,2015384
7290013847102,false,נתחי טונה בהירה בשמן - מארז שלישיה,סטארקיסט Starkist,TR,טונה בשמן סטארקיסט ש,גרמים,240.00,100 גרם,false,,12.90,0.0538,true,1,2101443
7290013847409,false,נתחי טונה לייט במים ושמן קנולה עם לימון ופלפל חריף 4%,סטארקיסט Starkist,IL,טונה ס.ק לייט 4 % שו,גרמים,140.00,100 גרם,false,,7.90,0.0564,true,1,1637309
7290013847454,false,טונה סטארקיסט שמן קנולה רביעיות 4*160 גר,"סטארקיסט פודור בע""מ",IL,טונה סטארקיסט רביעיה,גרמים,640.00,100 גרם,false,,24.90,0.0389,true,1,2083852
7290013847553,false,נתחי טונה בהירה במים דל נתרן - מארז רביעיה,"סטארקיסט פודור בע""מ",TH,טונה סטארקיסט רביעיה,גרמים,640.00,100 גרם,false,,24.90,0.0389,true,1,1866118
7290013847645,false,שלישית טונה בשמן זית 3*80 ג' סטארקיסט,סטארקיסט Starkist,TR,טונה סטארקיסט שלישיי,גרמים,240.00,100 גרם,false,,19.90,0.0829,true,1,1832964
7290013847836,false,נתחי טונה בשמן קנולה זוג * 140 ג' סטארקיסט,סטארקיסט Starkist,IL,מארז זוג טונה סטארקי,גרמים,280.00,100 גרם,false,,12.90,0.0461,true,1,1633863
7290013847867,false,מארז זוג טונה בשמן סויה 140 ג' סטארקיסט,טונה ויטנאם קו. אל.ט,IL,מארז זוג טונה סטארקי,גרמים,280.00,100 גרם,false,,12.90,0.0461,true,1,1944768
7290013848345,false,מארז מטליות לחיטוי וניקוי יסודי אנטיבקטריאלי 99.9%,סנו מפעלי ברונוס בעמ,IL,מארז שלישיה מגבונים,יח',150.00,יח',false,,19.90,0.1327,true,1,1890571
7290013848383,false,קרמה מן גל רחצה אקטיב בלוק 700 מל לגבר,טרופיקל דגיל תעשיות,IL,קמה מן ג'ל רחצה אקטיב700,מיליליטרים,700.00,"100 מ""ל",false,,18.90,0.0270,true,1,1167952
7290013848437,false,"קרמה - דאודורנט ספריי לגבר אקטיב בלוק 200 מ""ל",אמיליה קוסמטיקס,IL,דאו.קרמה מן אקטיב 200מל,מיליליטרים,200.00,"100 מ""ל",false,,11.90,0.0595,true,1,1167954
7290013848611,false,רדיד אלומיניום עבה וחזק 61 מטר,סנו סושי,IL,רדיד אלומיניום עבה 61מטר,מטרים,61.00,מטר,false,,39.90,0.6541,true,1,1167964
7290013848758,false,מקסימה גל כביסה מרוכז בייבי 3ליטר סנסטיב,"סנו מפעלי ברונוס בע""",IL,ג'ל לכביסה בייבי 3 ליטר,ליטרים,3.00,ליטר,false,,34.90,11.6333,true,1,1167974
7290013848789,false,כיף רביעיה סבון מוצק דבש-מרכז,יבואן ומשווק: ש. שסט,IL,סבון מוצק כיף דבש4*100ג,גרמים,400.00,100 גרם,false,,10.90,0.0273,true,1,1167977
7290013848802,false,אל סבון מוצק לבנדר - מארז רביעיה,קוסמופארם,IL,סבון מוצק כיף לבנד4*100ג,גרמים,400.00,100 גרם,false,,10.90,0.0273,true,1,1167979
7290013848819,false,אל סבון מוצק לוטוס - מארז רביעיה,קוסמופארם,IL,100*סבון מוצק כיף לוטוס4,גרמים,400.00,100 גרם,false,,10.90,0.0273,true,1,1167980
7290013848826,false,אל סבון מוצק קוקוס וניל - מארז רביעיה,קוסמופארם,IL,סבון מוצק כיף קוקס4*100ג,גרמים,400.00,100 גרם,false,,10.90,0.0273,true,1,1167981
7290013848833,false,כיף סבון מוצק אצות ים 100 ג' *4 יח',קוסמופארם,IL,סבון מוצק כיף רגיל4*100ג,גרמים,400.00,100 גרם,false,,10.90,0.0273,true,1,1167982
7290013861054,false,צימוקים בשוקולד חלב 140 גר שקדיה,"דין שיווק וקלייה בע""",IL,צימוקים בשוקולד חלב,גרמים,140.00,100 גרם,false,,9.90,0.0707,true,1,1196897
7290013861740,false,ניוקי תפוחי אדמה סו שף 500 ג',סו שף Su Chef,,ניוקי 500 גרם,גרמים,500.00,100 גרם,false,,8.90,0.0178,true,1,1175248
7290013883407,false,דזיטול מחטא ומשמיד חיידקים-מרסס,יעקבי - דזיטול Desytol,ES,דזיטול מרסס לחיטוי,מיליליטרים,750.00,"100 מ""ל",false,,14.90,0.0199,true,1,1173299
7290013903273,false,אדממה אורגני קפוא 400 גר,זהג'יאנג קינגסור פוד,CN,אדממה אורגני פולי סו,גרמים,500.00,100 גרם,false,,9.90,0.0198,true,1,2053339
7290013903594,false,רסק תפוחים טבעי 670 גרם ליב,טעמי הגליל בעמ,IL,רסק תפוחים טבעי 670,גרמים,670.00,100 גרם,false,,11.90,0.0178,true,1,1490964
7290013906052,false,נקניקיות פרגיות טירת צבי 300 גר',הנסיך- מפעל לייצור ט,IL,נקניקיות פרגיות 300,גרמים,300.00,100 גרם,false,,11.90,0.0397,true,1,1229112
7290013906205,false,פסטרמה עם שום וצילי טירת צבי 400 ג',הנסיך- מפעל לייצור ט,IL,פסטרמה שום וצילי 400 גרם,גרמים,400.00,100 גרם,false,,26.90,0.0672,true,1,1187617
7290013906441,false,קבנוס טירת צבי 120 גר,הנסיך- מפעל לייצור ט,IL,קבנוס טירת צבי 120 גר',גרמים,120.00,100 גרם,false,,12.90,0.1075,true,1,1187618
7290013906458,false,קבנוס בטעם פיקנטי טירת צבי 120 גר,הנסיך- מפעל לייצור ט,IL,קבנוס פיקנטי טירת צבי 120,גרמים,120.00,100 גרם,false,,12.90,0.1075,true,1,1187619
7290013906489,false,חטיפי מיני קבנוס 120 ג' טירת צבי,הנסיך- מפעל לייצור ט,IL,חטיפי קבנוס טירת צבי 120,גרמים,120.00,100 גרם,false,,12.90,0.1075,true,1,1187620
7290013906496,false,פסטרמה עגל בסגנון רומני טירת צבי 120 גר,הנסיך- מפעל לייצור ט,IL,פסטרמה עגל בסגנון רומני ט,גרמים,120.00,100 גרם,false,,12.90,0.1075,true,1,1229113
7290013906519,false,פרושוטו בקר דליקטיב 100 גרם,הנסיך- מפעל לייצור ט,IL,פרושוטו בקר טירת צבי 100,גרמים,100.00,100 גרם,false,,23.90,0.2390,true,1,1229114
7290013906694,false,נקניקיות שקית קילו וחצי טירת צבי,הנסיך- מפעל לייצור ט,IL,"נקניקיות עוף 1.5 ק""ג",קילוגרמים,1.50,"ק""ג",false,,29.90,19.9333,true,1,2119612
7290013927200,false,עוגת שוקולד צ'יפס עשירה אחווה 400ג',אחדות ביחר לטחינה חל,IL,עוגת שוקולד צי'פס עשירה 4,גרמים,400.00,100 גרם,false,,10.90,0.0273,true,1,1157170
7290013927323,false,אחדות עוגת בראוניס 400 גרם,אחדות ביחר לטחינה חל,IL,עוגת בראוניס 400 גרם,גרמים,400.00,100 גרם,false,,10.90,0.0273,true,1,1991844
7290013939326,false,מסכה לשיער תמרים 500,ש.שוורץ,IL,"מסכה לשיער תמרים500 סמ""ק",מיליליטרים,500.00,"100 מ""ל",false,,39.90,0.0798,true,1,1175726
7290013994677,false,עדשים שחורות אורגניות 500 גר,אול אורגני,IL,עדשים שחורות אורגניו,גרמים,500.00,100 גרם,false,,19.90,0.0398,true,1,1272209
7290014002128,false,תה ירוק לימונית ומנטה 25 שקיקים ויסוצקי,ויסוצקי ירוק,IL,תה ירוק לימונית מנטה,גרמים,37.50,100 גרם,false,,22.90,0.6107,true,1,1186357
7290014002203,false,תה ויסוצקי חליטת לימונית ולואיזה 20יח',תה ויסוצקי,IL,חליטת לימונית ולואיזה,גרמים,62.50,100 גרם,false,,16.90,0.2704,true,1,1186362
7290014002944,false,גן קסום חליטת פירות וצמחים חמדת שקד 25 שקיקים,תה ויסוצקי,IL,חליטת חמדת השקד,גרמים,62.50,100 גרם,false,,16.90,0.2704,true,1,1212841
7290014002982,false,תה ירוק לימונית לואיזה בתוספת עלי סטיביה 25 שקיקים,ויסוצקי ירוק,IL,תה ירוק סטיביה,גרמים,37.50,100 גרם,false,,22.90,0.6107,true,1,1186374
7290014015173,false,שיני שום קלופות -איק,,,שיני שום קלופות -איק,גרמים,180.00,100 גרם,false,,12.90,0.0717,true,1,2071452
7290014046016,false,פסטרמה של פעם דל שומן 2% רכיבים טבעיים,מעדני יחיעם,IL,פסטרמה של פעם 100% 250חומ,גרמים,250.00,100 גרם,false,,24.90,0.0996,true,1,1189911
7290014046047,false,צמד פסטרמות 600 ג' יחיעם,מעדני יחיעם,IL,צמד פסטרמות 600גר',גרמים,600.00,100 גרם,false,,24.90,0.0415,true,1,1233471
7290014046436,false,נשנושי קבנוס 125 ג' יחיעם,מעדני יחיעם,IL,נשנושי קבנוס 125גר',גרמים,125.00,100 גרם,false,,12.90,0.1032,true,1,1189912
7290014046474,false,"נקניקיות עוף 1.5 ק""ג יחיעם",מעדני יחיעם,IL,נקניקיות עוף,קילוגרמים,1.50,"ק""ג",false,,25.90,17.2667,true,1,1367149
7290014046764,false,סלמי פפרוני 200 גרם,מעדני יחיעם,IL,סלמי פפרוני,גרמים,200.00,100 גרם,false,,10.90,0.0545,true,1,1656727
7290014059085,false,"משחת שיניים סנסודיין 75 מ""ל פרימיום לשיקום והגנה","סמית קליין ביצ'ם בע""",GB,סנסודיין משחה לשיקום והגנ,מיליליטרים,75.00,"100 מ""ל",false,,23.90,0.3187,true,1,1193114
7290014059436,false,"משחת שיניים סנסודיין 75 מ""ל פרימיום לשיקום והגנה מלבינה 75 מ""ל","סמית קליין ביצ'ם בע""",GB,75 סנסודיין שיקום והגנה מ,מיליליטרים,75.00,"100 מ""ל",false,,23.90,0.3187,true,1,1193121
7290014066359,false,לנדוור-קפסולות אספרסו בלנסד(06) - 10יח'12X יח,האחים פלם הגפן,IL,קפסולות קפה לנדוור 1,גרמים,80.00,100 גרם,false,,15.90,0.1988,true,1,1873364
7290014066366,false,לנדוור-קפסולות אספרסו ריסטרטו(08) - 10יח'12X יח,קפה לנדוור,IL,קפסולות קפה לנדוור 1,גרמים,80.00,100 גרם,false,,15.90,0.1988,true,1,1873365
7290014066373,false,לנדוור-קפסולות אספרסו קלאסיק(09) - 10יח'12X יח,קפה לנדוור,IL,קפסולות קפה לנדוור 1,גרמים,80.00,100 גרם,false,,15.90,0.1988,true,1,1873366
7290014066380,false,לנדוור-קפסולות אספרסו סופרימו(10) - 10יח'12X יח,קפה לנדוור,IL,קפסולות קפה לנדוור 1,גרמים,80.00,100 גרם,false,,15.90,0.1988,true,1,1873367
7290014066441,false,לנדוור-קפסולות אספרסו נטול קפאין(07) - 10יח'12X יח,קפה לנדוור,IL,קפסולות קפה לנדוור 1,גרמים,80.00,100 גרם,false,,15.90,0.1988,true,1,2011854
7290014083165,false,וילי פוד ניוקי 500ג,פסטה איטליאנה Pasta Italiana,IT,ניוקי 500גרם ( 12יח'),גרמים,500.00,100 גרם,false,,8.90,0.0178,true,1,1159388
7290014083479,false,גבינת גאודה פרוסות 150 גרם 29% שומן,ג.וילי פוד אינטרנשיו,IL,גבינת גאודה פרוסות 150גרם,גרמים,150.00,100 גרם,false,,9.90,0.0660,true,1,1586273
7290014083813,false,וילי פוד מריגה שפרוטים מעושנים בשמן 190ג,הנסיך- מפעל לייצור ט,LV,שפרוטים מעושנים בשמן 190ג,גרמים,190.00,100 גרם,false,,7.90,0.0416,true,1,1159406
7290014094307,false,סילאן טבעי 360 ג' שקדיה,אף.סי תבליני בגליל ב,TR,סילאן טבעי 360 גרם,גרמים,360.00,100 גרם,false,,16.90,0.0469,true,1,1175250
7290014094352,false,אגוז מלך טבעי בקופסא,"שקדיה גבע תעשיות בע""",,אגוזי מלך 200 גרם בק,גרמים,200.00,100 גרם,false,,19.90,0.0995,true,1,1217807
7290014094369,false,שקד טבעי 200 גר קופסא ששון הקולה,"דין שיווק וקלייה בע""",IL,שקד טבעי 200 גרם בקו,גרמים,200.00,100 גרם,false,,19.90,0.0995,true,1,1217808
7290014094376,false,שזיפים ללא גלעין 330 גר,"דין שיווק וקלייה בע""",,שזיף ללא גלעין 250 ג,גרמים,250.00,100 גרם,false,,19.90,0.0796,true,1,1217819
7290014094406,false,צימוק לבן 250 גרם ששון הקולה,"דין שיווק וקלייה בע""",US,צימוק לבן 250 גרם בק,גרמים,250.00,100 גרם,false,,14.90,0.0596,true,1,1217822
7290014094505,false,אורז בסמתי טהור אהרוני 1 ק''ג,האי נאם סי או אל.טי.,IN,"אורז בסמטי 1 ק""ג",קילוגרמים,1.00,"ק""ג",false,,12.90,12.9000,true,1,1175258
7290014094529,false,"רוטב סויה 300 מ""ל אהרוני",הלתי פוד פרודקט,CN,"רוטב סויה 300 מ""ל",מיליליטרים,300.00,"100 מ""ל",false,,10.90,0.0363,true,1,1175260
7290014094536,false,רוטב סויה 623מ''ל אהרוני,דין שיווק,TH,"רוטב סויה 623 מ""ל",מיליליטרים,623.00,"100 מ""ל",false,,19.90,0.0319,true,1,1175261
7290014094642,false,קשיו טבעי גדול 250 גר,"דין שיווק וקלייה בע""",IL,קשיו טבעי גדול 200 ג,גרמים,200.00,100 גרם,false,,24.90,0.1245,true,1,1217824
7290014095472,false,חטיף דגנים עם חמוציות ושוקולד מריר 125 ג',דין שיווק,MK,חטיף דגנים עם חמוציו,גרמים,125.00,100 גרם,false,,9.90,0.0792,true,1,1175267
7290014095496,false,חטיף דגנים עם אגוזים ושוקלד מריר 125 ג',דין שיווק,MK,חטיף דגנים אגוזים בש,גרמים,125.00,100 גרם,false,,9.90,0.0792,true,1,1175268
7290014095953,false,משוקלדים פקאן בשוקולד חלב 140 ג',שקדיה גבע בתעשיות עמ,IL,פקאן בשוקולד חלב 140,גרמים,140.00,100 גרם,false,,9.90,0.0707,true,1,1196902
7290014095960,false,שיבולת שועל עבה 500 גרם קוואקר,"דין שיווק וקלייה בע""",IL,שיבולת שועל עבה 500,גרמים,500.00,100 גרם,false,,4.90,0.0098,true,1,1175281
7290014126343,false,בונומי בישקוטים בטעם קקאו 200 גרם,דנשר,IT,ביסקוטים בונומי קקאו,גרמים,200.00,100 גרם,false,,4.90,0.0245,true,1,1415919
7290014204027,false,פנינה רוזנבלום-שמפו יומי ורוד 750,א.ל ארמן,IL,"שמפו יומי 750 מ""ל",מיליליטרים,750.00,"100 מ""ל",false,,12.90,0.0172,true,1,1194551
7290014204478,false,"פנינה קרם גוף מס' 4 340 מ""ל",א.ל ארמן,IL,קרם גוף פנינה מס 4,מיליליטרים,340.00,"100 מ""ל",false,,24.90,0.0732,true,1,1194553
7290014204645,false,שמפו לאחר החלקה מועשר בקרטין,פנינה רוזנבלום PR,IL,שמפו לאחר החלקה 750,מיליליטרים,750.00,"100 מ""ל",false,,24.90,0.0332,true,1,1257244
7290014204676,false,*מבצע* מסכה לשיער לא,פנינה רוזנבלום,IL,מסיכה לאחר החלקה 500,מיליליטרים,500.00,"100 מ""ל",false,,29.90,0.0598,true,1,1257247
7290014217003,false,תבלין פפריקה מעושנת מיכל 90ג',"תבליני טעם וריח בע""מ",IL,מיכל פפריקה מעושנת 90 גר',גרמים,90.00,100 גרם,false,,7.90,0.0878,true,1,1197289
7290014217010,false,תבלין תיבול דגים מיכל 90גר,"תבליני טעם וריח בע""מ",IL,T-BUL לדגים מיכל 90 גר',גרמים,90.00,100 גרם,false,,12.90,0.1433,true,1,1197290
7290014217027,false,תבלין טי בול לעוף 120 גר',"תבליני טעם וריח בע""מ",IL,T-BUL לעוף מיכל 120 גר',גרמים,120.00,100 גרם,false,,12.90,0.1075,true,1,1197291
7290014217065,false,תבלין אורגנו עלים 30 גר',"תבליני טעם וריח בע""מ",IL,מיכל אורגנו 30 גר',גרמים,30.00,100 גרם,false,,5.90,0.1967,true,1,1197295
7290014217157,false,תערובת תיבול טוסקנה מיכל 120 גר,"תבליני טעם וריח בע""מ",IL,מיכל טוסקנה תיבול 120גר',גרמים,120.00,100 גרם,false,,7.90,0.0658,true,1,1222412
7290014217164,false,תבלין פטרוזיליה מיכל גדול 20 ג',"תבליני טעם וריח בע""מ",IL,מיכל פטרוזיליה 20 גר',גרמים,20.00,100 גרם,false,,5.90,0.2950,true,1,1222413
7290014217171,false,תערובת תיבול תיבול גריל דג מיכל 100ג',"תבליני טעם וריח בע""מ",IL,מיכל גריל דג תיבול 100גר',גרמים,100.00,100 גרם,false,,7.90,0.0790,true,1,1222414
7290014217201,false,תערובת תיבול סומק 45 גר',"תבליני טעם וריח בע""מ",IL,תערובת תיבול סומק,גרמים,45.00,100 גרם,false,,4.90,0.1089,true,1,1278685
7290014217225,false,תבלין גריל עוף מיכל 120גר,"תבליני טעם וריח בע""מ",IL,מיכל גריל עוף 120 גר',גרמים,120.00,100 גרם,false,,7.90,0.0658,true,1,1197296
7290014217263,false,תערובת תיבול לפרגיות 100ג',"תבליני טעם וריח בע""מ",IL,תיבול לפרגיות,גרמים,100.00,100 גרם,false,,7.90,0.0790,true,1,1296492
7290014217348,false,צ'ילי כתוש חריף (פלפל קיינה),"תבליני טעם וריח בע""מ",IL,מיכל צ'ילי כתוש 70 גר',גרמים,70.00,100 גרם,false,,7.90,0.1129,true,1,1197299
7290014217355,false,תבלין אבקת קרי מיכל 100ג',"תבליני טעם וריח בע""מ",IL,מיכל קרי אבקה 100 גר',גרמים,100.00,100 גרם,false,,7.90,0.0790,true,1,1197300
7290014217522,false,תערובת ללחם שום טעם וריח 100 ג',"תבליני טעם וריח בע""מ",IL,לחם שום תערובת מיכל,גרמים,100.00,"100 ג""ר",false,,8.90,0.0890,true,1,1789897
7290014218321,false,בורקס אישי גבינה מעדנות 4* 150 גרם,מיוצר עי קונדיטוריית,IL,בורקס יפו גבינה מעדנ,גרמים,600.00,100 גרם,false,,14.90,0.0248,true,1,1350618
7290014218932,false,חטיפי פיצה בתוספת זיתים 710 ג' מעדנות,מיוצר עי קונדיטוריית,IL,חטיפי פיצה בתוספת זי,גרמים,710.00,100 גרם,false,,32.90,0.0463,true,1,1971260
7290014241787,false,גרעינים שחור ללא מלח 200 גר,,,גרעינים שחורים 200 ג,גרמים,200.00,100 גרם,false,,4.90,0.0245,true,1,1264661
7290014256637,false,"יין מבעבע מוסקטו באזז יקבי כרמל 750 מ""ל",יקבי כרמל Carmel Winery,IL,יין מוסקטו,מיליליטרים,750.00,"100 מ""ל",false,,24.90,0.0332,true,1,1228125
7290014258716,false,תרכובת מזון צמחי על בסיס חלבון סויה מגיל לידה,מטרנה תעשיות ש.מ,IL,תרכובת מזון לתינוקות על ב,גרמים,700.00,100 גרם,false,,54.90,0.0784,true,1,1229795
7290014308978,false,מקלות קינמון שלם פרג,תבליני הדור השלישי,IL,מקלות קינמון,גרמים,80.00,100 גרם,false,,13.90,0.1738,true,1,2135245
7290014309012,false,אגוז מוסקט טחון פרג,תבליני הדור השלישי,IL,אגוז מוסקט טחון,גרמים,40.00,100 גרם,false,,13.90,0.3475,true,1,2135218
7290014309180,false,סומך טחון פרג,תבליני פרג,,סומק,גרמים,120.00,100 גרם,false,,13.90,0.1158,true,1,2135246
7290014325036,false,סוכריות ג'לי עטופות שמחות 600גרם,מיה תעשיות מזון בעמ,IL,סוכריות ג'לי שמחות 600גרם,גרמים,600.00,100 גרם,false,,22.90,0.0382,true,1,1181632
7290014325043,false,"פודינג וניל 1 ק""ג שקית",מיה תעשיות מזון בעמ,IL,פודינג וניל 1ק'ג,גרמים,1000.00,100 גרם,false,,19.90,0.0199,true,1,1219725
7290014325050,false,קורנפלור מיה 500 גרם,"מיה תעשיות מזון בע""מ",IL,קורנפלור 500גרם,גרמים,500.00,100 גרם,false,,4.90,0.0098,true,1,1181633
7290014397163,false,"מטהר אוויר פרש הום פריחת השקד, ורד אנגלי וכותנה",החברה הדרומית,IL,מטהר אוויר פרש אוטומ,מיליליטרים,250.00,"100 מ""ל",false,,13.90,0.0556,true,1,1604428
7290014397170,false,"פרש מיכל מילוי אוטומטיק סופט בלאנס 250 מ""ל סנו",מיוצר עי קונדיטוריית,IL,מטהר אוויר פרש אוטומ,מיליליטרים,250.00,"100 מ""ל",false,,13.90,0.0556,true,1,1599965
7290014397286,false,מרכך כביסה מקסימה מרוכז חלב ודבש 1 ל' סנו,סנו מקסימה,IL,מרכך מרוכז חלב ודבש 1ל,ליטרים,1.00,ליטר,false,,17.90,17.9000,true,1,1168012
7290014397491,false,"סנו פרש הום וניל קוקוס 350 מ""ל",סנו פרש Fresh,IL,סנופרש וניל קוקוס 350מל,מיליליטרים,350.00,"100 מ""ל",false,,14.90,0.0426,true,1,1168016
7290014397507,false,"סנופרש הום בניחוח פריחת היסמין 350 מ""ל",מיוצר עי קונדיטוריית,IL,סנופרש מאסק מעודן350,מיליליטרים,350.00,"100 מ""ל",false,,14.90,0.0426,true,1,1168017
7290014397514,false,"סנו פרש הום מבשם כותנה מלטפת 350מ""ל","סנו מפעלי ברונוס בע""",IL,סנופרש הום כותנה 350מל,מיליליטרים,350.00,"100 מ""ל",false,,14.90,0.0426,true,1,1168018
7290014397521,false,"מבשם פרש הום סנו לבנדר פרובנס 350 מ""ל,",סנו פרש Fresh,IL,סנופרש הום לבנדר,מיליליטרים,350.00,"100 מ""ל",false,,14.90,0.0426,true,1,1168019
7290014397538,false,"סנופרש הום בניחוח בוקר אביבי 350 מ""ל",סנו מפעלי ברונוס בעמ,IL,סנופרש הום סבון מפנק,מיליליטרים,350.00,"100 מ""ל",false,,14.90,0.0426,true,1,1168020
7290014397705,false,סנו פוליויקס פרקט בניחוח רענן 2 ליטר,סנו פוליויקס,IL,פוליויקס פרקט 2 ליטר,ליטרים,2.00,ליטר,false,,19.90,9.9500,true,1,1168032
7290014397767,false,סנו ריצפז פרש הום 2 ליטר בניחוח כותנה-מרכז,"סנו מפעלי ברונוס בע""",IL,ריצפז פרש הום כותנה 2 לי,ליטרים,2.00,ליטר,false,,22.90,11.4500,true,1,1168036
7290014397774,false,רצפז פרש הום טבע רענן 2 ל',סנו פרש Fresh,IL,ריצפז פרש הום טבע רענן2ל,ליטרים,2.00,ליטר,false,,22.90,11.4500,true,1,1168037
7290014397781,false,סנו ריצפז פרש הום 2 ליטר בניחוח סבון,סנו פרש Fresh,IL,'ריצפז פרש סבון מפנק 2ל,ליטרים,2.00,ליטר,false,,22.90,11.4500,true,1,1168038
7290014426061,false,משחת שיניים הלו קיטי בטעם ענבים לגיל 2-6,כצט נוביס,IL,משחת שיניים הלו קיטי,מיליליטרים,50.00,"100 מ""ל",false,,11.90,0.2380,true,1,1193130
7290014435360,false,חומוס שמיר עם רוטב חריף 400 גר',"סלטי שמיר 2006 בע""מ",IL,חומוס עם רוטב חריף,גרמים,400.00,100 גרם,false,,10.90,0.0273,true,1,1990904
7290014435377,false,חומוס עם רוטב מסבחה 400 גר',סלטי שמיר 2006 בעמ,,חומוס עם רוטב מסבחה,גרמים,400.00,100 גרם,false,,10.90,0.0273,true,1,1990905
7290014435391,false,חומוס שמיר אורגינל עם גרגירים 400 גר',"סלטי שמיר 2006 בע""מ",IL,חומוס אורגינל עם גרג,גרמים,400.00,100 גרם,false,,7.90,0.0198,true,1,1990907
7290014435704,false,סלמון מעושן 100גר' שמיר,שבעת הימים - שמיר,IL,סלמון מעושן פרוס 100,גרמים,100.00,100 גרם,false,,21.90,0.2190,true,1,1865395
7290014435803,false,מטיאס הולנדי (פרובנציאל) עם בצל בשמן 180 גרם,שבעת הימים - שמיר,IL,מטיאס הולנדי (פרובנצ,גרמים,200.00,100 גרם,false,,18.90,0.0945,true,1,1868619
7290014435810,false,הרינג כבוש ובצל במרינת חמוץ מתוק שמיר 180 ג',שבעת הימים - שמיר,IL,הרינג כבוש עם בצל במ,גרמים,220.00,100 גרם,false,,18.90,0.0859,true,1,1868620
7290014435841,false,פילה מטיאס הולנדי בשמן שמיר 180ג',סלטי שמיר 2006 בעמ,IL,פילה מטיאס הולנדי בש,גרמים,200.00,100 גרם,false,,18.90,0.0945,true,1,1868623
7290014435872,false,סלט הרינג ומיונז שמיר 250ג',שבעת הימים - שמיר,IL,סלט הרינג עם מיונז,גרמים,200.00,100 גרם,false,,18.90,0.0945,true,1,1868624
7290014435889,false,סלט מטיאס עם מיונז 180 גרם,שבעת הימים - שמיר,IL,סלט מטיאס עם מיונז,גרמים,200.00,100 גרם,false,,18.90,0.0945,true,1,1868625
7290014455252,false,גבינה קשה מגורדת גרנה פדנו 29% שומן,מחלבות גד,IT,גבינה גרנה פדנו מגור,גרמים,100.00,100 גרם,false,,10.90,0.1090,true,1,1282363
7290014455320,false,גבינה כדורי מוצרלה פרסקה גד 100ג',מחלבות גד בעמ,IL,כדור מוצרלה פרסקה 10,גרמים,100.00,100 גרם,false,,9.90,0.0990,true,1,1243965
7290014455467,false,ירח מתוק מעדן חלב 2% ושיבולת שועל גד 150ג',מחלבות גד,IL,מעדן שיבולת שועל וחל,גרמים,150.00,100 גרם,false,,5.50,0.0367,true,1,1282365
7290014455610,false,יוגורט עיזים תות 125 גר,מיוצר על ידי קוד יצר,IL,יוגורט עיזים עם תות,גרמים,125.00,100 גרם,false,,5.90,0.0472,true,1,1335520
7290014459137,false,"צ'יפס תפוגן סטייק 1.5 ק""ג","תעשיות תפוגן בע""מ",IL,"תפוגן סטייק צ'יפס 1.5 ק""ג",קילוגרמים,1.50,"ק""ג",false,,19.90,13.2667,true,1,1156388
7290014459373,false,"צ'יפס קראנצ'י לתנור קפוא תפוגן 1.5ק""ג",עיצובים 2020 (4.5),IL,תפוגן צ'יפס קראנצי 1,קילוגרמים,1.50,"ק""ג",false,,22.90,15.2667,true,1,1284150
7290014471412,false,"מוזלי בוטנים אגוזים ושקדים 1 ק""ג - 412 ירוק שקדיה","דין שיווק וקלייה בע""",IL,מיזלי בוטנים אגוזים,גרמים,1000.00,100 גרם,false,,19.90,0.0199,true,1,1175282
7290014471429,false,"מוזלי עם פירות 1 ק""ג - 429 סגול שקדיה","דין שיווק וקלייה בע""",IL,"מיזלי פירות 1 ק""ג.",גרמים,1000.00,100 גרם,false,,19.90,0.0199,true,1,1175283
7290014471443,false,"גרנולה צימוקים אגוזים ושקדים1 ק""ג חדש - 443 כתום שקדיה (כתום)","דין שיווק וקלייה בע""",IL,"גרנולה אגוזים 1ק""ג",גרמים,1000.00,100 גרם,false,,19.90,0.0199,true,1,1175285
7290014472426,false,קונפיטורה דובדבן חמוץ 450 ג' שקדיה,דין שיווק,IL,קונפיטורה 450 גרם דו,גרמים,450.00,100 גרם,false,,12.90,0.0287,true,1,1509370
7290014472433,false,קונפיטורה תות שדה 450 ג' שקדיה,דין שיווק,IL,קונפיטורה 450 גרם תו,גרמים,450.00,100 גרם,false,,12.90,0.0287,true,1,1509371
7290014472464,false,שקדיה קונפיטורה משמש,דין שיווק,IL,קונפיטורה 450 גרם מש,גרמים,450.00,100 גרם,false,,12.90,0.0287,true,1,1509374
7290014472990,false,ממרח 100% שקדים שקדיה 300 ג',דין שיווק,IL,ממרח שקדים 300 גרם,גרמים,300.00,100 גרם,false,,34.90,0.1163,true,1,1350377
7290014499973,false,קש מעוצב בצבעי נאון-,,,קש מעוצב בצבעי נאון-,יחידה,0.00,יחידה,false,,5.90,0.0000,true,1,1708323
7290014525023,false,חטיף בריאות יוגורט במילוי פירות יער 182ג,סלים דליס Slim Delis,ES,מרבה סלים פרוט בטעם פירות,גרמים,215.00,100 גרם,false,,10.90,0.0507,true,1,1185888
7290014525177,false,חטיף סלים פרוט Slim fruit בטעם יוגורט ופירות יער,סלים דליס Slim Delis,ES,מרבה סלים פרוט בטעם יוגור,גרמים,120.00,100 גרם,false,,10.90,0.0908,true,1,1185889
7290014525290,false,חטיף מרבה סלים דליס קריספי תות 125 גר,סלים דליס Slim Delis,NL,חטיף קריספי עם מילוי,גרמים,125.00,100 גרם,false,,10.90,0.0872,true,1,1297944
7290014525306,false,חטיף מרבה סלים דליס קריספי אוכמניות 125,סלים דליס Slim Delis,NL,חטיף קריספי עם מילוי,גרמים,125.00,100 גרם,false,,10.90,0.0872,true,1,1297945
7290014525313,false,חטיף מרבה סלים דליס קריספי שוקולד 125 ג,סלים דליס Slim Delis,NL,חטיף קריספי עם מילוי,גרמים,125.00,100 גרם,false,,10.90,0.0872,true,1,1297946
7290014525665,false,מרבה על חלל עוגיות קקאו וסוכריות שוק חלב 140 יח',"מרבה בע""מ",NL,עוגיות על חלל קקאו ע,גרמים,140.00,100 גרם,false,,9.90,0.0707,true,1,2064776
7290014525672,false,מרבה על חלל עוגיות עם סוכריות שוקולד 140 יח',"מרבה בע""מ",NL,עוגיות על חלל עם סוכ,גרמים,140.00,100 גרם,false,,9.90,0.0707,true,1,2064777
7290014562387,false,משקה גרגירים קמומיל בטר& דיפרנט 200ג',סילקו אם איי ספולקה,,תה קמומיל 200 גרם,גרמים,200.00,100 גרם,false,,19.90,0.0995,true,1,1194664
7290014562585,false,בטר אנד דיפרנט דייסה טעם וניל 200 גר,בטר אנד דיפרנט B&D,IL,דייסה בטעם וניל 200 גרם,גרמים,200.00,100 גרם,false,,9.90,0.0495,true,1,1221024
7290014562691,false,פריכיות תירס מרובעות דקות 130 גרם,,,פריכיות תירס דקות מר,גרמים,130.00,100 גרם,false,,5.90,0.0454,true,1,1287867
7290014651920,false,פיצוחי הטיב קבוקים שומשום 200ג,,,קבוקים שומשום 200 גר,גרמים,200.00,100 גרם,false,,4.90,0.0245,true,1,1595515
7290014666344,false,פלסטר נקסקר נושם צבע,,,פלסטר נקסקר נושם צבע,יח',48.00,יח',false,,14.90,0.3104,true,1,2045272
7290014666993,false,פלסטר נקסקר נושם שקו,,,פלסטר נקסקר נושם שקו,יח',100.00,יח',false,,24.90,0.2490,true,1,2045275
7290014692299,false,גבינת ברי 125 ג' קסטיאלו ויליפוד,יורו צ'יז Euro Cheese,DK,גבינת ברי 125גרם CASTELLO,גרמים,125.00,100 גרם,false,,19.90,0.1592,true,1,1159411
7290014692305,false,גבינת קממבר 125ג' CASTELLO ויליפוד,הנסיך- מפעל לייצור ט,DK,גבינת קממבר 125גרם CASTEL,גרמים,125.00,100 גרם,false,,19.90,0.1592,true,1,1159412
7290014692749,false,"שמן זית כתית מעולה 750 מ""ל",וילי פוד,ES,שמן זית כתית מעולה 7,מיליליטרים,750.00,"100 מ""ל",false,,29.90,0.0399,true,1,2083943
7290014692817,false,גבינת מוצרלה מגורדת 200 ג' EURO CHEESE ויליפוד,הנסיך- מפעל לייצור ט,IL,גבינת מוצרלה מגורדת 200גר,גרמים,200.00,100 גרם,false,,15.00,0.0750,true,1,1159419
7290014748613,false,דג טוב מקלוני דגים בציפוי ציפס 600גר,עיצובים 2020 (4.9),IL,דג טוב - מקלוני דגים,גרמים,600.00,100 גרם,false,,24.90,0.0415,true,1,1795399
7290014748972,false,דג טוב פופקורן מיני אמנון נתחי שלם 400גר,מולינו ניקולי s.p.a,IL,דג טוב - מיני אמנון,גרמים,400.00,100 גרם,false,,32.90,0.0822,true,1,1873355
7290014749245,false,ספיישל רצועות שניצל שומשום עוף טוב 600 גרם,מוצרי עוף טוב (2001),IL,רצועות שניצל בציפוי,גרמים,600.00,100 גרם,false,,34.90,0.0582,true,1,1994881
7290014749764,false,שניצל עוף ביתי עדין עוף טוב 700 גרם,מוצרי עוף טוב (2001),IL,שניצל עוף ביתי עדין,גרמים,700.00,100 גרם,false,,42.90,0.0613,true,1,2011697
7290014758117,false,מאגדת יוגורט ביו 1.5% שומן 8 יח' *150 ג' תנובה,מיוצר עי קונדיטוריית,IL,מאגדת 8 יוגורט ביו ת,גרמים,1200.00,100 גרם,false,,15.90,0.0133,true,1,1187193
7290014758162,false,חלב עיזים מלא 3.6% קרטון 1 ל' תנובה,תנובה מרכז שיתופי לש,IL,חלב עיזים קרטון 1 לי,ליטרים,1.00,ליטר,false,,14.90,14.9000,true,1,1187194
7290014758681,false,קוטג' תנובה 1% גביע 250 ג',מיוצר עי קונדיטוריית,IL,קוטג 1% תנובה 250 גר,גרמים,250.00,100 גרם,false,,5.40,0.0216,true,1,1187218
7290014759978,false,"גבינת קצקבל פלח גלעד 27%, 200 ג'",תנובה חלב,IL,גבינה גלעד קשקבל 200,גרמים,200.00,100 גרם,false,,25.90,0.1295,true,1,1187263
7290014759985,false,"גבינת פרמזן גבע 23% פלח, 200 ג'",תנובה חלב,IL,גבינה גבע פרמזן 200,גרמים,200.00,100 גרם,false,,24.90,0.1245,true,1,1187264
7290014760134,false,מעדן סויה בטעם וניל אלטרנטיב,תנובה Alternative,IL,מעדן סויה בטעם וניל,מיליליטרים,125.00,"100 מ""ל",false,,3.90,0.0312,true,1,1609691
7290014760141,false,משקה שקדים תנובה E אלטרנטיב,תנובה Alternative,IL,רייס דרים משקה שקדים 1 לי,ליטרים,1.00,ליטר,false,,11.90,11.9000,true,1,1251002
7290014760448,false,גבינה צהובה גלבוע 400 גרם 22% שומן תנובה,מחלבת בית יצחק,IL,גבינה גלבוע 400 גרם,גרמים,400.00,100 גרם,false,,22.90,0.0572,true,1,1187282
7290014760912,false,פרוסות גבינה 28% שומן 400 ג' גוש חלב,תנובה מרכז שיתופי לש,IL,גבינה צהובה גוש חלב,גרמים,400.00,100 גרם,false,,24.90,0.0622,true,1,1251066
7290014761063,false,מעדן שוקולד מריר מעולה 123 ג' יולו,מיוצר עי קונדיטוריית,IL,מעדן YOLO שוקולד מרי,גרמים,123.00,100 גרם,false,,4.20,0.0341,true,1,1225923
7290014761070,false,מעדן שוקולד לבן מעולה 123 ג' יולו,מיוצר עי קונדיטוריית,IL,מעדן YOLO שוקולד לבן,גרמים,123.00,100 גרם,false,,4.20,0.0341,true,1,1225924
7290014761193,false,יוגורט עם פירות יער 1.5% שומן 125 ג' פרילי,תנובה מרכז שיתופי לש,IL,פרילי פירות יער.,גרמים,125.00,100 גרם,false,,3.20,0.0256,true,1,1229650
7290014761414,false,יולו מעדן שכבות שוקולד חלב ולבן 123 גר,מיוצר עי קונדיטוריית,IL,מעדן YOLO שכבות שוקו,גרמים,123.00,100 גרם,false,,4.20,0.0341,true,1,1225927
7290014761438,false,פיראוס בולגרית קלאסית 24% סמי מעדניה 400,תנובה מרכז שיתופי לש,IL,גבינה מלוחה פיראוס 2,גרמים,400.00,100 גרם,false,,25.90,0.0647,true,1,1220823
7290014761612,false,YOLO מעדן שכבות שוקולד מריר ולבן מעולה,מיוצר עי קונדיטוריית,IL,מעדן YOLO שכבות שוקו,גרמים,122.00,100 גרם,false,,4.20,0.0344,true,1,1240652
7290014761698,false,"גבינה צהובה עמק פרוס 28% 600 גרם בד""צ",תנובה מרכז שיתופי לש,IL,גבינת עמק 600 גרם בד,גרמים,600.00,100 גרם,false,,29.90,0.0498,true,1,1914619
7290014762800,false,מעדן סויה שוקולד גביע 125 גרם אלטרנטיב,תנובה מרכז שיתופי לש,IL,גביע מעדן סויה בטעם,מיליליטרים,125.00,"100 מ""ל",false,,3.90,0.0312,true,1,1343494
7290014762831,false,גבינת שמנת חלפיניו 24% שומן 225 ג' נפוליאון,תנובה מרכז שיתופי לש,IL,גבינת נפוליאון 24% ע,גרמים,225.00,100 גרם,false,,12.90,0.0573,true,1,1300137
7290014762909,false,פתיתי מוצרלה 20% שומן 200 ג' השף הלבן,"תנובה, מחלבת תל יוסף",IL,פתיתי גבינת מוצרלה.,גרמים,200.00,100 גרם,false,,15.90,0.0795,true,1,1296739
7290014785007,false,גרגרי טפיוקה קטנים,יושלם,,גרגרי טפיוקה קטנים,גרמים,400.00,100 גרם,false,,7.90,0.0198,true,1,1190189
7290014785014,false,גרגרי טפיוקה גדולים.,טעמי אסיה Taste of Asia,,גרגרי טפיוקה גדולים.,גרמים,400.00,100 גרם,false,,7.90,0.0198,true,1,1190190
7290014785069,false,רוטב מירין מתוק לבישול,טעמי אסיה Taste of Asia,CN,"מירין משובח 250 מ""ל - כשר",מיליליטרים,250.00,"100 מ""ל",false,,11.90,0.0476,true,1,1190194
7290014785113,false,"רוטב טריאקי גדול 500 מ""ל",טעמי אסיה Taste of Asia,TH,רוטב טריאקי (גדול) 500 -,מיליליטרים,500.00,"100 מ""ל",false,,12.90,0.0258,true,1,1190197
7290014785168,false,שיראטקי ג'ל קונג'אק בצורת אטריות,ננטונג דינגבורג סיוי,CN,אטריות שירטאקה 200 גר' דק,גרמים,200.00,100 גרם,false,,8.90,0.0445,true,1,1208154
7290014785175,false,שיראטקי אטריות קונג'אק עבות,ננטונג דינגבורג סיוי,CN,אטריות שירטאקה 200 גרם עב,גרמים,200.00,100 גרם,false,,8.90,0.0445,true,1,1208155
7290014785441,false,אטריות ביצים מקצועי 450 גר,,,אטריות ביצים 450 גרם,גרמים,450.00,100 גרם,false,,8.90,0.0198,true,1,1525213
7290014785564,false,אטריות אודון מוכנות 200 ג',קינגדאן פרימה פודס ק,CN,אטריות אודון מוכנות,גרמים,200.00,100 גרם,false,,4.90,0.0245,true,1,1956110
7290014803213,false,"חומץ יין לבן 5% 500מ""ל",,IL,חומץ יין לבן 5% 500,מיליליטרים,500.00,"100 מ""ל",false,,12.90,0.0258,true,1,1333929
7290014803220,false,"חומץ בלסמי 5% נאמן 500מ""ל",,,"חומץ בלסמי 5% 500 מ""",מיליליטרים,500.00,"100 מ""ל",false,,15.90,0.0318,true,1,1333930
7290014803565,false,צנימים עגולים עם חיטה מלאה 300 גרם,,,צנימים עגולים.,גרמים,300.00,גרם,false,,11.90,0.0397,true,1,1270770
7290014855434,false,מגבונים בייביסיטר פרפורמנס מבושם רביעיה,בייביסיטר Babysitter,IL,מגבונים בייביסיטר פר,יח',288.00,יח',false,,15.90,0.0552,true,1,1279100
7290014855458,false,מגבוני בייביסיטר פרפורמנס ללא בישום מארז 72X4יח',בייביסיטר Babysitter,IL,מגבונים בייביסיטר פר,יח',288.00,יח',false,,19.90,0.0691,true,1,1279101
7290014855731,false,נועם מגבוני מבוגרים 72 יח' (9 יח' בקרטון),,,מגבוני מבוגרים נועם,יח',72.00,יח',false,,12.90,0.1792,true,1,1801737
7290014855809,false,מטליות לחות לניקוי כללי,פרפקט Perfect,,מטליות לחות לניקוי כ,יח',50.00,יח',false,,9.90,0.1980,true,1,1301945
7290014855854,false,מגבונים לחים מועשרים בקמומיל,בייבי בייסיק,,בייבי בייסיק מגבונים,יח',360.00,יח',false,,19.90,0.0553,true,1,1594864
7290014901254,false,"סטייל מרכך לשיער קרטין לאחר החלקה, 750 מ""ל",א.ל ארמן ייצור תמרוק,IL,מרכך קרטין סטייל לאח,מיליליטרים,750.00,"100 מ""ל",false,,24.90,0.0332,true,1,1247905
7290014901308,false,משחת שיניים לשיניים רגישות Complete protection,"סמית קליין ביצ'ם בע""",GB,"סנסודיין הגנה מלאה 75 מ""ל",מיליליטרים,75.00,"100 מ""ל",false,,23.90,0.3187,true,1,1193136
7290014901315,false,סנסודיין משחה הגנה מלאה אקסטרה פרש 75 מל,"סמית קליין ביצ'ם בע""",GB,סנסודיין הגנה מלאה פרש 75,מיליליטרים,75.00,"100 מ""ל",false,,23.90,0.3187,true,1,1193137
7290014901896,false,מי פה לשיניים רגישות Cool Mint,גלקסוסמיתקליין,GB,מיי פה סנסודיין 500,מיליליטרים,500.00,"100 מ""ל",false,,29.90,0.0598,true,1,1523811
7290014905313,false,דזיטול נוזל מרוכז לחיטוי כללי ולרצפות 1 ליטר,מרקה,ES,דזיטול לחיטוי רצפות ומשטח,ליטרים,1.00,ליטר,false,,14.90,14.9000,true,1,1627657
7290014905498,false,הפי מטליות דו צדדיות בגליל 20 מטליות,ג'נרל מילס סאן אדריא,TR,הפי גם וגם--גליל צהוב דו,יחידה,0.00,יחידה,false,,9.90,0.0000,true,1,1173323
7290014905719,false,הפי לימונית למדיח כלים - מנטרל ריחות רעים,יעקבי - הפי Hepi,IT,הפי לימונית גדולה למדיח,יחידה,0.00,יחידה,false,,9.90,0.0000,true,1,1225891
7290014962521,false,"טפטפים משחת שיניים לילדים מגיל 2-6 50 מ""ל",כצט CTS,IL,2-6משחת שיניים טפטפים לגי,מיליליטרים,50.00,"100 מ""ל",false,,9.90,0.1980,true,1,1216963
7290014962538,false,משחת שיניים ג'וניור מנטה מעודן לגילאי 6+,כצט CTS,IL,6משחת שיניים טפטפים ג'ניו,גרמים,50.00,100 גרם,false,,9.90,0.1980,true,1,1216964
7290014973213,false,הרמס סלמון מעושן מדג,"הרמס דגים בע""מ",IL,הרמס סלמון מעושן מדג,גרמים,200.00,100 גרם,false,,44.90,0.2245,true,1,2017857
7290014973329,false,פילה הרינג אדום הרמס,"הרמס דגים בע""מ",IL,הרמס פילה הרינג אדום,גרמים,200.00,100 גרם,false,,16.90,0.0845,true,1,2017813
7290014973374,false,פילה מקרל בשמן הרמס,"הרמס דגים בע""מ",IL,הרמס פילה מקרל בשמן,גרמים,200.00,100 גרם,false,,24.90,0.1245,true,1,2017832
7290014973411,false,הרמס סלמון מעושן מדג,"הרמס דגים בע""מ",IL,הרמס סלמון מעושן מדג,גרמים,100.00,100 גרם,false,,22.90,0.2290,true,1,2017844
7290014973558,false,פילה סלמון גרבלקס הר,"הרמס דגים בע""מ",IL,הרמס גרבלקס,גרמים,200.00,100 גרם,false,,39.90,0.1995,true,1,2017846
7290014973664,false,איקרה אדומה הרמס 250,"הרמס דגים בע""מ",IL,הרמס איקרה אדום,גרמים,250.00,100 גרם,false,,19.90,0.0796,true,1,2065733
7290014973671,false,איקרה לבנה הרמס 250,"הרמס דגים בע""מ",IL,הרמס איקרה לבן,גרמים,250.00,100 גרם,false,,19.90,0.0796,true,1,2065734
7290014974593,false,גביעי גלידריה ללא גלוטן 12 יחי',כרמית תעשיות ממתקים,IL,גביע גלידה ללא גלוטן,יח',24.00,יח',false,,15.90,0.6625,true,1,1442637
7290015005555,false,"צ'יפס אמריקאי 2 ק""ג פרי הגליל","פרי הגליל בע""""מ",IL,צ'יפס אמריקאי 2קג פג רבנו,קילוגרמים,2.00,"ק""ג",false,,24.90,12.4500,true,1,1212690
7290015009218,false,ניוקי עם ערמונים 300 גרם,סיאמה אלימנטארי סרל,IT,ניוקי עם ערמונים 300,גרמים,300.00,100 גרם,false,,8.90,0.0297,true,1,1995476
7290015009256,false,רוטב סלסה רגיל ירוק 454 גר,לינדסטרי פודס אנד דר,US,רוטב סלסלה ירוק,גרמים,454.00,100 גרם,false,,14.90,0.0328,true,1,1995536
7290015009317,false,נאצ`וס תירס טבעי 200 גרם,אוקי סנייקס,DK,נאצ'וס תירס טבעי 200,גרמים,200.00,100 גרם,false,,11.90,0.0595,true,1,1995538
7290015009324,false,נאצוס סבוריטו ברביקי,אוקי סנקס,DK,נאצ'וס ברבקיו 200 גר,גרמים,200.00,100 גרם,false,,11.90,0.0595,true,1,1995539
7290015009331,false,חטיף נאצוס חריף סגול,מנדלז סי.אר. פרודקשן,DK,נאצ'וס חריף 200 גרם,גרמים,200.00,100 גרם,false,,11.90,0.0595,true,1,1995540
7290015009386,false,מיץ ליים משומר דניאל,,ES,מיץ ליים משומר,מיליליטרים,946.00,"100 מ""ל",false,,17.90,0.0189,true,1,1995478
7290015025942,false,"פנג'ל ק. ידיים קלאסי עם שמן שקדים 80מ""ל",מיוצר עי קונדיטוריית,IL,חדש -פנג'ל ק.ידיים קלאסיק,מיליליטרים,80.00,"100 מ""ל",false,,6.90,0.0863,true,1,1271220
7290015037273,false,פטרוזיליה אוצר הארץ - מהדרין,נסטלה שוויץ - רורשאך,IL,פטרוזליה אוצר הארץ,יחידה,0.00,יחידה,false,,6.40,0.0000,true,1,1212154
7290015037280,false,כוסברה אוצר הארץ - מהדרין,ס.ר.ל פוסטל,IL,כוסברה אוצר הארץ,יחידה,0.00,יחידה,false,,6.40,0.0000,true,1,1212155
7290015037419,false,‏סלרי שקית - א.הארץ,עבאדי,IL,סלרי אוצר הארץ,יחידה,0.00,יחידה,false,,7.40,0.0000,true,1,1212159
7290015037433,false,חסה רגילה אוצר הארץ,נסטלה קוריאה - קפה,IL,חסה ערבית אוצר הארץ,יחידה,0.00,יחידה,false,,7.40,0.0000,true,1,1212160
7290015037440,false,"כרוב לבן שלם 1 ק""ג -א. הארץ",סאסאטק,IL,כרוב לבן שלם אוצר הא,קילוגרמים,1.00,"ק""ג",true,,14.70,14.7000,true,1,1212201
7290015037457,false,"כרוב אדום שלם 1 ק""ג -א. הארץ",,,כרוב אדום שלם אוצר ה,קילוגרמים,1.00,"ק""ג",true,,14.70,14.7000,true,1,1212202
7290015037693,false,לבבות חסה א. הארץ,נסטלה שוויץ - רורשאך,IL,לבבות חסה,יחידה,0.00,יחידה,false,,12.90,0.0000,true,1,2095880
7290015039055,false,וילי פוד רוטב צילי חריף בדץ 700מל,הנסיך- מפעל לייצור ט,TH,רוטב צילי חריף,מיליליטרים,700.00,"100 מ""ל",false,,9.90,0.0141,true,1,1631503
7290015039246,false,נתחי טונה בשמן צמחי רביעיה * 160 ג' וילי פוד,וילי פוד,TH,רביעית נתחי טונה בהירה בש,גרמים,640.00,100 גרם,false,,19.90,0.0311,true,1,1214703
7290015039253,false,וילי פוד עלי גפן במי מלח 620 גר,קוראהן פזלרמה וי דיס,TR,עלי גפן במי מלח 620גרם,גרמים,620.00,100 גרם,false,,9.90,0.0160,true,1,1159425
7290015039338,false,נתחי טונה במי מלח רביעיה * 160 ג' וילי פוד,וילי פוד,IL,רביעית טונה במי מלח,גרמים,640.00,100 גרם,false,,19.90,0.0311,true,1,1214704
7290015057110,false,מקלות חמוצים בטעם תות שדה 18ג,אלבן מזון תעשיות ומס,TR,מקלות חמוצים,גרמים,20.00,100 גרם,false,,1.90,0.0950,true,1,2115351
7290015057134,false,מקלות חמוצים פטל 20 גרם טעמן,אלבן מזון תעשיות ומס,TR,מקלות חמוצים,גרמים,20.00,100 גרם,false,,1.90,0.0950,true,1,2115353
7290015102384,false,סיליקון שפורפרת,,,סיליקון שפורפרת,יחידה,0.00,יחידה,false,,9.90,0.0000,true,1,1995610
7290015129121,false,סקיני פסטה נודלס 270 גרם,הוויזאי וואנגייה פוד,CN,סקיני פסטה נודלס 270 ג',גרמים,270.00,100 גרם,false,,12.90,0.0478,true,1,1215165
7290015129145,false,אטריות קונג'אק בתוספת טפיוקה בצורת ספגטי,הוויזאי וואנגייה פוד,CN,סקיני פסטה ספגטי 270 ג',גרמים,270.00,100 גרם,false,,12.90,0.0478,true,1,1215167
7290015139533,false,וופל לימון ללא ציפוי 200 ג' -חופשי-ללא גלוטן,כרמית תעשיות ממתקים,IL,וופל לימון ללא ציפוי,גרמים,200.00,100 גרם,false,,9.90,0.0495,true,1,1285820
7290015150088,false,מחית עגבניות גראנד איטליה 700 גרם,שוורצקוף& הנקל דיסלד,IT,מחית עגבניות 700 גרם,גרמים,700.00,100 גרם,false,,9.90,0.0141,true,1,1336687
7290015150118,false,עגבניות חתוכות דק בלה איטליה 3*400 ג',אמיליאנה קונסרב ס.פ.,IL,עגבניות חתוכות דק 3*,גרמים,1200.00,100 גרם,false,,14.90,0.0124,true,1,1281104
7290015150583,false,תה ירוק לימון ודבש 25 שקיקים 1.5 גרם,ויסוצקי ירוק,IL,תה ירוק לימונית ולואיזה,גרמים,37.50,100 גרם,false,,22.90,0.6107,true,1,1265634
7290015155014,false,חטיף דנטלי לכלב בינוני,פרמיו Premio,,פרמיו דנטל מידיום 60,גרמים,180.00,100 גרם,false,,14.90,0.0828,true,1,1272230
7290015155427,false,פרמיו עוף וכבד לחתול,פרמיו Premio,AU,פרמיו עוף וכבד 15ג',גרמים,15.00,100 גרם,false,,6.90,0.4600,true,1,2145429
7290015155823,false,מחית תפוחי עץ חטיפטף ללא תוספת סוכר,פרוטה פודיווין איי.א,CZ,חטיפטף פרינוק תפוח 1,גרמים,120.00,100 גרם,false,,5.90,0.0492,true,1,1618973
7290015155830,false,מחית תפוחי עץ ובננה חטיפטף ללא תוספת סוכר,פרוטה פודווין איי.אס,CZ,חטיפטף פרינוק תפוח ב,גרמים,120.00,100 גרם,false,,5.90,0.0492,true,1,1618974
7290015155847,false,מחית סלט פירות חטיפטף ללא תוספת סוכר,פרוטה פודיווין איי.א,CZ,חטיפטף פרינוק מחית ס,גרמים,120.00,100 גרם,false,,5.90,0.0492,true,1,1618975
7290015156776,false,מחית פירות טרופיים חטיפטף ללא תוספת סוכר,פרוטה פודווין איי.אס,CZ,חטיפטף פרינוק פירות,גרמים,120.00,100 גרם,false,,5.90,0.0492,true,1,1678930
7290015156790,false,מחית לפתן פירות חטיפטף ללא תוספת סוכר,פרוטה פודווין איי.אס,CZ,חטיפטף פרינוק לפתן פ,גרמים,120.00,100 גרם,false,,5.90,0.0492,true,1,1678931
7290015161848,false,פת פריכה אורגנית עם כוסמת וקינואה ללא גלוטן,אקסטרודו בצ'יצה,CZ,פת פריכה אורגנית ללא,גרמים,100.00,100 גרם,false,,12.90,0.1290,true,1,2043066
7290015161978,false,"פסטPRO סלנטאני פתיתים אורגניים, ללא גלוטן",נוטרה זן NutraZen,IT,פסטPRO עדשים אדומות,גרמים,250.00,100 גרם,false,,16.90,0.0676,true,1,2043074
7290015172011,false,גיוזה בטטה דים סאם,דים סאם,,גיוזה עוף,גרמים,330.00,100 גרם,false,,26.90,0.0815,true,1,2107458
7290015172028,false,גיוזה כיסוני חיטה בט,דים סאם מטבח מרכזי כ,,גיוזה בטטה,גרמים,330.00,100 גרם,false,,26.90,0.0815,true,1,2107459
7290015172073,false,דים סאם גיוזה פטריות,דים סאם מטבח מרכזי כ,,גיוזה פטריות,גרמים,330.00,100 גרם,false,,26.90,0.0815,true,1,2107460
7290015172097,false,דים סאם גיוזה בקר,דים סאם מטבח מרכזי כ,IL,גיוזה בקר,גרמים,330.00,100 גרם,false,,26.90,0.0815,true,1,2107461
7290015172219,false,גיוזה עוף פטריות ופקאן,דים סאם,,גיוזה עוף פקאן,גרמים,330.00,100 גרם,false,,26.90,0.0815,true,1,2107465
7290015172264,false,לחמניות באן מאודות,דים סאם,,באן כפפה,יח',8.00,יח',false,,26.90,3.3625,true,1,2108690
7290015178174,false,ממרח אוליביה - פסטו בטעם פרמז'ן 180 גרם,יוניליוור גרמניה Gm,IL,פסטו בטעם פרמג'ן-אול,גרמים,180.00,100 גרם,false,,9.90,0.0550,true,1,2042997
7290015178181,false,ממרח אוליביה - ארטישוק ברוזמרין 180 גרם,יוניליוור גרמניה Gm,IL,ארטישוק ברוזמרין -או,גרמים,180.00,100 גרם,false,,9.90,0.0550,true,1,2042998
7290015223324,false,"וזלין פטרולטום טהור 100 סמ""ק שוורץ",שוורץ Schwartz,,וזלין טהור,גרמים,100.00,100 גרם,false,,11.90,0.1190,true,1,2151245
7290015264174,false,טחינה אבן ריחיים 500 גרם,,,טחינה 500 גר' ממלכת,גרמים,500.00,100 גרם,false,,19.90,0.0398,true,1,2151155
7290015282000,false,איקרא אדומה SEVEN SEAS 200 גרם,שבעת הימים - שמיר,IL,איקרה אדומה,גרמים,200.00,100 גרם,false,,12.90,0.0645,true,1,1868628
7290015282024,false,איקרא לבנה SEVEN SEAS 200 גרם,שבעת הימים - שמיר,IL,איקרה לבנה,גרמים,200.00,100 גרם,false,,12.90,0.0645,true,1,1868630
7290015282390,false,סלט תורכי 200 גרם שמיר,"סלטי שמיר 2006 בע""מ",IL,סלט תורכי 200 גרם,גרמים,200.00,100 גרם,false,,11.90,0.0595,true,1,1990918
7290015282598,false,חומוס שמיר מסעדות 200 גר',"סלטי שמיר 2006 בע""מ",IL,חומוס מסעדות 200 גרם,גרמים,200.00,100 גרם,false,,9.90,0.0495,true,1,1990921
7290015282604,false,טחינה שמיר מיוחדת גורמה 200ג',"סלטי שמיר 2006 בע""מ",IL,טחינה מיוחדת 200 גרם,גרמים,200.00,100 גרם,false,,9.90,0.0495,true,1,1990922
7290015282628,false,חציל שמיר בטעם כבד 200 גר',"סלטי שמיר 2006 בע""מ",IL,חציל בטעם כבד 200 גר,גרמים,200.00,100 גרם,false,,11.90,0.0595,true,1,1990924
7290015282635,false,חומוס שמיר מסבחה 200 גר',"סלטי שמיר 2006 בע""מ",IL,חומוס מסבחה 200 גרם,גרמים,200.00,100 גרם,false,,9.90,0.0495,true,1,1990925
7290015282642,false,חומוס שמיר אבו גוש 200 גר',"סלטי שמיר 2006 בע""מ",IL,חומוס אבו גוש 200 גר,גרמים,200.00,100 גרם,false,,9.90,0.0495,true,1,1990926
7290015282666,false,סלט טונה עם ירקות 200 גר,"סלטי שמיר 2006 בע""מ",IL,סלט טונה בריאות 200,גרמים,200.00,100 גרם,false,,16.90,0.0845,true,1,1990927
7290015282673,false,חציל שמיר במיונז ביתי 200 גורמה גר',"סלטי שמיר 2006 בע""מ",IL,חציל במיונז ביתי 200,גרמים,200.00,100 גרם,false,,9.90,0.0495,true,1,1990928
7290015282680,false,קישוא בטעם כבד שמיר 200 גר',"סלטי שמיר 2006 בע""מ",IL,קישוא בטעם כבד 200 ג,גרמים,200.00,100 גרם,false,,11.90,0.0595,true,1,1990929
7290015282697,false,כרוב אדום שמיר גורמה 200גר,"סלטי שמיר 2006 בע""מ",IL,כרוב אדום 200 גרם,גרמים,200.00,100 גרם,false,,11.90,0.0595,true,1,1990930
7290015282710,false,קוביות סלק שמיר 200 גר',"סלטי שמיר 2006 בע""מ",IL,קוביות סלק 200 גרם,גרמים,200.00,100 גרם,false,,9.90,0.0495,true,1,1990931
7290015282727,false,גזר מרוקאי ברוטב פיקנטי אסלי שמיר 200 ג',"סלטי שמיר 2006 בע""מ",IL,גזר מרוקאי פיקנטי 20,גרמים,200.00,100 גרם,false,,11.90,0.0595,true,1,1990932
7290015282734,false,מטבוחה שמיר ביתית גורמה 200 ג ',"סלטי שמיר 2006 בע""מ",IL,מטבוחה ביתית 200 גרם,גרמים,200.00,100 גרם,false,,11.90,0.0595,true,1,1990933
7290015282741,false,חציל תאילנדי אסלי שמיר 200 ג',"סלטי שמיר 2006 בע""מ",IL,חציל תאילנדי 200 גרם,גרמים,200.00,100 גרם,false,,11.90,0.0595,true,1,1990934
7290015282796,false,"סלט תפו""א שמיר במיונז 200ג'","סלטי שמיר 2006 בע""מ",IL,"סלט תפו""א 200 גרם",גרמים,200.00,100 גרם,false,,11.90,0.0595,true,1,1990938
7290015293624,false,קמיל בלו NATURE אל סבון ושמפו לתינוק 400,"ד""ר פישר Dr fischer",IL,"אל סבון 400 מ""ל קמיל",מיליליטרים,400.00,"100 מ""ל",false,,19.90,0.0497,true,1,1559110
7290015320481,false,שוקולד מריר 60% 100,,,שוקולד מריר 60% 100,גרמים,100.00,100 גרם,false,,3.90,0.0390,true,1,2009846
7290015324007,false,תבלין פלפל שחור גרוס 80 ג',"תבליני טעם וריח בע""מ",IL,שק.80 גר' פל.שחור גרוס,גרמים,80.00,100 גרם,false,,8.90,0.1113,true,1,1197302
7290015324014,false,תבלין פלפל שחור טחון 80 ג',"תבליני טעם וריח בע""מ",IL,שק.80 גר' פל.שחור טחון,גרמים,80.00,100 גרם,false,,8.90,0.1113,true,1,1197303
7290015324038,false,פפריקה מרוקאית מתוקה בשמן,"תבליני טעם וריח בע""מ",IL,שק.80 גר' פפריקה בשמן,גרמים,80.00,100 גרם,false,,4.90,0.0613,true,1,1197304
7290015324045,false,תבלין פפריקה חריפה 80 גר' שק',"תבליני טעם וריח בע""מ",IL,שק.80 גר' פפריקה חריפה,גרמים,80.00,100 גרם,false,,4.90,0.0613,true,1,1197305
7290015324052,false,תבלין פפריקה מתוקה 80 ג',"תבליני טעם וריח בע""מ",IL,שק.80 גר' פפריקה מתוקה,גרמים,80.00,100 גרם,false,,4.90,0.0613,true,1,1197306
7290015324069,false,תערובת תיבול גריל עוף,"תבליני טעם וריח בע""מ",IL,שק.80 גר' גריל עוף,גרמים,80.00,100 גרם,false,,4.90,0.0613,true,1,1197307
7290015324076,false,טעם וריח זעתר שקית 8,"תבליני טעם וריח בע""מ",IL,שק.80 גר' זעתר מעורב,גרמים,80.00,100 גרם,false,,4.90,0.0613,true,1,1197308
7290015324083,false,טעם וריח מלח לימון ש,"תבליני טעם וריח בע""מ",IL,שק.80 גר' מלח לימון,גרמים,80.00,100 גרם,false,,4.90,0.0613,true,1,1197309
7290015324090,false,תבלין כמון טחון 80 ג',"תבליני טעם וריח בע""מ",IL,שק.80 גר' כמון טחון,גרמים,80.00,100 גרם,false,,4.90,0.0613,true,1,1197310
7290015324106,false,תבלין כורכום טחון 80 גר',"תבליני טעם וריח בע""מ",IL,שק.80 גר' כורכום טחון,גרמים,80.00,100 גרם,false,,4.90,0.0613,true,1,1197311
7290015324113,false,טעם וריח בהרט שקית 8,"תבליני טעם וריח בע""מ",IL,שק.80 גר' בהרט,גרמים,80.00,100 גרם,false,,4.90,0.0613,true,1,1197312
7290015324120,false,טעם וריח שום גבישי ב,"תבליני טעם וריח בע""מ",IL,שק.80 גר' שום גבישי,גרמים,80.00,100 גרם,false,,6.90,0.0863,true,1,1197313
7290015324168,false,תבלין על האש תיבול 80 גר' שק',"תבליני טעם וריח בע""מ",IL,שק.80 גר' על האש תיבול,גרמים,80.00,100 גרם,false,,4.90,0.0613,true,1,1197315
7290015324175,false,תבלין שווארמה תיבול 80 גר' שק',"תבליני טעם וריח בע""מ",IL,שק.80 גר' שוארמה תיבול,גרמים,80.00,100 גרם,false,,4.90,0.0613,true,1,1197316
7290015324427,false,סודה לשתיה טעם וריח 80 גר',"תבליני טעם וריח בע""מ",IL,סודה לשתיה,גרמים,80.00,100 גרם,false,,3.90,0.0487,true,1,1547584
7290015324519,false,תערובת לפיצה שקית 80 גרם,"תבליני טעם וריח בע""מ",IL,תבלין תערובת לפיצה,גרמים,80.00,100 גרם,false,,4.90,0.0613,true,1,1993624
7290015324526,false,תערובת תיבול לפרגיות 80 גרם,"תבליני טעם וריח בע""מ",IL,תבלין תיבול לפרגיות,גרמים,80.00,100 גרם,false,,4.90,0.0613,true,1,1993625
7290015324540,false,טימין מכל גדול 30 גרם,"תבליני טעם וריח בע""מ",IL,תבלין טימין,גרמים,30.00,100 גרם,false,,5.90,0.1967,true,1,1993638
7290015324571,false,פפריקה מתוקה בשמן בסגנון מרוקאי 400 גרם,"תבליני טעם וריח בע""מ",IL,פפריקה מתוקה,גרמים,400.00,100 גרם,false,,17.90,0.0447,true,1,2013637
7290015324588,false,פלפל לבן טחון 100 גר,"תבליני טעם וריח בע""מ",IL,פלפל לבן 100 גרם,גרמים,100.00,100 גרם,false,,12.90,0.1290,true,1,2013448
7290015332125,false,מפיג ריחות עישון,זהר דליה,IL,ODOR DESTROYER -מפיג ריחו,מיליליטרים,750.00,"100 מ""ל",false,,19.90,0.0265,true,1,1245639
7290015339483,false,ערמונים קלופים וקלויים טעמן 100ג',טאנגשאלן היואן פוד,CN,ערמונים,גרמים,100.00,100 גרם,false,,5.90,0.0590,true,1,2129221
7290015339650,false,"שוקולד חלבי בד""ץ 100 גר'",אלבה שוקולד,,שוקולד חלבי בדץ,יחידה,0.00,יחידה,false,,6.90,0.0000,true,1,2129223
7290015339933,false,ריבת חלב 340 גרם טעמן,,,ריבת חלב 340 גר,גרמים,350.00,100 גרם,false,,11.90,0.0340,true,1,2115354
7290015347259,false,פירורי לחם מוזהבים מיה 400 גר',מיה תעשיות מזון,IL,פירורי לחם מוזהבים 400גרם,גרמים,400.00,100 גרם,false,,5.90,0.0148,true,1,1219729
7290015347273,false,נטיפי שוקולד אמיתי לאפיה 250 גר',מיה,IL,שוקולד צ'יפס,גרמים,300.00,100 גרם,false,,9.90,0.0330,true,1,1352275
7290015347280,false,מעדן תות 280 גרם בדץ,,,מעדן תות 280 גרם בדץ,גרמים,280.00,100 גרם,false,,12.90,0.0461,true,1,2047721
7290015347464,false,קינואה מעורבת 400 גרם,"מיה תעשיות מזון בע""מ",IL,קינואה מעורבת 400 גר,גרמים,400.00,100 גרם,false,,14.90,0.0373,true,1,1619675
7290015347488,false,"סוכר דמררה חום שקית מיה 1 ק""ג",מיה תעשיות מזון בעמ,IL,סוכר דמררה שקית,קילוגרמים,1.00,"ק""ג",false,,9.90,9.9000,true,1,1358803
7290015347679,false,"תבלין צ'ילי גרוס 70 גר' צנצנת כשל""פ",מיה תעשיות מזון בעמ,IL,תבלין צילי,גרמים,70.00,100 גרם,false,,7.90,0.1129,true,1,1292820
7290015347709,false,תבלין מוסקט טחון 70 גר' צנצנת,מיה תעשיות מזון בעמ,IL,אגוז מוסקט,גרמים,70.00,100 גרם,false,,7.90,0.1129,true,1,1292822
7290015348089,false,"יין למברוסקו/קאווה ביאנקו לבן 750 מ""ל",vi.mo - גאטטיקו,IT,יין לבן למברוסקו ביא,מיליליטרים,750.00,"100 מ""ל",false,,29.90,0.0399,true,1,1289175
7290015348386,false,יין סגל מרום גליל רו,יקבי ברקן,,יין מרום גליל רוזה 7,מיליליטרים,750.00,"100 מ""ל",false,,29.90,0.0399,true,1,1299019
7290015350150,false,"יין אדום חצי יבש סגל 750 מ""ל",כרמי צבי - אחים סגל,IL,סגל אדום חצי יבש,מיליליטרים,750.00,"100 מ""ל",false,,24.90,0.0332,true,1,2013048
7290015350242,false,שטוק 84 משקה כוהלי על בסיס ברנדי בטעם דבש,יינות סגל,IL,"ברנדי שטוק 84 750 מ""",מיליליטרים,750.00,"100 מ""ל",false,,81.90,0.1092,true,1,1627704
7290015350402,false,"יין רזרב מוסקט ורוד 750 מ""ל ברקן",יקבי ברקן Barkan,IL,יין רזרב מוסקט ורוד,מיליליטרים,750.00,"100 מ""ל",false,,59.90,0.0799,true,1,1629182
7290015354899,false,חרדל דיז'ון מעודן 350 גרם,ריין דיז'ון reine dijon,FR,חרדל דיזון מעודן 350,גרמים,350.00,100 גרם,false,,10.90,0.0311,true,1,1722555
7290015354905,false,חרדל דיזון בתוספת חזרת 370 גרם,ריין דיז'ון reine dijon,FR,חרדל דיזון עם חזרת 3,גרמים,370.00,100 גרם,false,,10.90,0.0295,true,1,1722556
7290015366663,false,"אקווה פרש משחת שיניים מנטה עדין 100מ""ל",גלקסוסמיתקליין,SK,משחת שיניים אקווה פר,גרמים,100.00,100 גרם,false,,7.90,0.0790,true,1,1287976
7290015366670,false,משחת שיניים הגנה משולשת מנטה מרענן,גלקסוסמיתקליין,SK,משחת שיניים אקוה פרש,גרמים,100.00,100 גרם,false,,7.90,0.0790,true,1,1287977
7290015395021,false,גרגירי גוגי 180 גרם בקופסא,"דין שיווק וקלייה בע""",,גרגירי גוג'י ברי 180,גרמים,180.00,100 גרם,false,,19.90,0.1106,true,1,1217811
7290015395045,false,קינואה 400 גרם חתם סופר,"שקדיה גבע תעשיות בע""",IL,קינואה 400 גרם,גרמים,400.00,100 גרם,false,,9.90,0.0248,true,1,2012776
7290015437431,false,רכז רימונים תומר 42,AROMA PRODUCT ITD,GE,רכז רימונים 420 גרם,גרמים,420.00,100 גרם,false,,19.90,0.0474,true,1,1237787
7290015437585,false,מוזלי קראנצ'י צימוק שוקולד ובננה 600ג',ויטליה,MK,מיזלי קראנצי+צימוק ו,גרמים,600.00,100 גרם,false,,14.90,0.0248,true,1,1254450
7290015470094,false,טוסו שוקולד מריר תפוז ללא סוכר 100 גר,ALTINMARKA,TR,טוסו שוקולד מריר תפו,גרמים,100.00,100 גרם,false,,7.90,0.0790,true,1,1335181
7290015470391,false,קרם ידיים מועשר בשמן זית לעור רגיל עד יבש,אינטרקוסמא,IL,חדש-פנג'ל פלוס קרם ידיים,מיליליטרים,100.00,"100 מ""ל",false,,9.90,0.0990,true,1,1277224
7290015602358,false,מאפינס גדול 20 יח' תבניכל,,,מאפינס גדול יום הולד,יחידה,0.00,יחידה,false,,4.90,0.0000,true,1,1993861
7290015641470,false,תבניות אלומיניום 3 י,,,תבניות אלומיניום 3 י,יח',3.00,יח',false,,9.90,3.3000,true,1,2137085
7290015641487,false,תבניות אלומיניום 4 י,,,תבניות אלומיניום 4 י,יח',4.00,יח',false,,9.90,2.4750,true,1,2137331
7290015641494,false,תבניות אלומיניום 4 י,,,תבניות אלומיניום 4 י,יח',4.00,יח',false,,9.90,2.4750,true,1,2137096
7290015641500,false,תבניות אלומיניום 10,,,תבניות אלומיניום 10,יח',10.00,יח',false,,9.90,0.9900,true,1,2137097
7290015641517,false,תבניות אלומיניום 7 י,,,תבניות אלומיניום 7 י,יח',7.00,יח',false,,9.90,1.4143,true,1,2137098
7290015641524,false,תבניות אלומיניום 4 י,,,תבניות אלומיניום 4 י,יח',4.00,יח',false,,9.90,2.4750,true,1,2137344
7290015652513,false,תערובת תבלינים לסטייק ובשרים על האש,"נווה התבלין בע""מ",IL,תבלין לסטייק 150 גרם,גרמים,150.00,100 גרם,false,,9.90,0.0660,true,1,1509352
7290015652544,false,תבלין גריל עוף ארומטי 130 גרם - אהרוני,"נווה התבלין בע""מ",IL,תבלין גריל עוף 130 ג,גרמים,120.00,100 גרם,false,,9.90,0.0825,true,1,1509355
7290015652568,false,אהרוני עשבי טיבול לדגים 70 גר,"נווה התבלין בע""מ",IL,תבלין תיבול לדג 70 ג,גרמים,70.00,100 גרם,false,,9.90,0.1414,true,1,1509357
7290015652575,false,תבלין ראס אל חנות 150 גרם - אהרוני,"נווה התבלין בע""מ",IL,תבלין ראס אל חנות 15,גרמים,150.00,100 גרם,false,,9.90,0.0660,true,1,1509358
7290015652599,false,תערובת מתובלת להכנת צלי בקר,"נווה התבלין בע""מ",IL,תבלין צלי בקר 120 גר,גרמים,120.00,100 גרם,false,,9.90,0.0825,true,1,1509360
7290015695817,false,נבטי קייל אורגני,הנבטים של אודי,IL,נבטי קייל,יחידה,0.00,יחידה,false,,9.90,0.0000,true,1,1395429
7290015695824,false,נבטי חרדל אורגני,הנבטים של אודי,,נבטי חרדל,יחידה,0.00,יחידה,false,,9.90,0.0000,true,1,1279817
7290015695831,false,נבטי צנונית אורגני,הנבטים של אודי,IL,נבטי צנונית,יחידה,0.00,יחידה,false,,9.90,0.0000,true,1,1279818
7290015695848,false,נבטי אלפלפא אורגני,,,נבטי אלפלפא,יחידה,0.00,יחידה,false,,9.90,0.0000,true,1,1279819
7290015695855,false,נבטי חמניה אורגני,הנבטים של אודי,IL,נבטי חמניה,יחידה,0.00,יחידה,false,,9.90,0.0000,true,1,1279814
7290015695886,false,מיקס נבטים אורגני,הנבטים של אודי,,מיקס נבטים,יחידה,0.00,יחידה,false,,9.90,0.0000,true,1,1279821
7290015695893,false,מיקס נבטוטים אורגני,,,מיקס נבטוטים,יחידה,0.00,יחידה,false,,9.90,0.0000,true,1,1279822
7290015695916,false,מיקס נבטים ענק אורגני,הנבטים של אודי,IL,מיקס נבטים ענק,יחידה,0.00,יחידה,false,,15.90,0.0000,true,1,1279823
7290015695923,false,נבטים סינים אורגנים,מושב אחיטוב,IL,נבטים סיניים,יחידה,0.00,יחידה,false,,7.90,0.0000,true,1,1347161
7290015699730,false,סבון דה מארסיי יעקבי 1.5 ליטר *חדש-,יעקובי הפי,BE,הפי רצפות מבושם 1.5,ליטרים,1.50,ליטר,false,,14.90,9.9333,true,1,1358317
7290015733205,false,תרכובת מזון לתינוקות חלבי שלב 1 אקסטרה קר מהדרין,מטרנה,IL,מטרנה אקסטרה קר מהדר,גרמים,700.00,100 גרם,false,,59.90,0.0856,true,1,1708235
7290015733229,false,תרכובת מזון לתינוקות חלבי שלב 2 אקסטרה קר מהדרין,מטרנה,IL,מטרנה אקסטרה קר מהדר,גרמים,700.00,100 גרם,false,,59.90,0.0856,true,1,1708236
7290015733441,false,מטרנה דייסת גם וגם דגנים פרו 300 גר',מטרנה תעשיות ש.מ,IL,דייסת גם וגם דגנים 3,גרמים,300.00,100 גרם,false,,22.90,0.0763,true,1,1990525
7290015733915,false,"מטרנה אקסטרא קר בד""ץ 400 גר'",מטרנה,IL,מטרנה אקסטרה קר 400,גרמים,400.00,100 גרם,false,,44.90,0.1122,true,1,2044019
7290015733977,false,תרכובת מזון קומפורט על בסיס חלבי דל לקטוז,מטרנה,IL,מטרנה אקסטרה קר קומפ,גרמים,700.00,100 גרם,false,,59.90,0.0856,true,1,2058593
7290015804417,false,עגבניות מרוסקות מתובלות עם שום,טל,,עגבניות מרוסקות עם ש,גרמים,250.00,100 גרם,false,,3.50,0.0140,true,1,1279544
7290015804424,false,עגבניות מרוסקות ובזיליקום ועשבי תיבול טל 260 ג',טל,,עגבניות מרוסקות בטעם,גרמים,250.00,100 גרם,false,,3.50,0.0140,true,1,1279545
7290015856508,false,חטיפי קרקר עם שומשום 180 גר',הדר,,חטיפי קרקר עם שומשום,גרמים,180.00,100 גרם,false,,4.90,0.0272,true,1,1909537
7290015856515,false,חטיפי קרקר בטעם בצל הדר,,,קרק חטיפית בצל,גרמים,180.00,100 גרם,false,,4.90,0.0272,true,1,1909538
7290015856539,false,חטיפי קרקר בצורת דגים הדר,,,בסקויט גן חיות,גרמים,180.00,100 גרם,false,,4.90,0.0272,true,1,1909540
7290015856546,false,חטיפי ביסקויט בצורת חיות 180 גר,,,חטיפי קרקר בצורת דגי,גרמים,180.00,100 גרם,false,,4.90,0.0272,true,1,1909541
7290015856690,false,"קרם קרקר ""הדר"" 1 ק""ג",אפיפית נצרת תעשיות ב,IL,קרם קרקר,קילוגרמים,1.00,"ק""ג",false,,18.90,18.9000,true,1,2021484
7290015856706,false,סנקסו חטיף אפונה אפויה טבעי 50 גרם,תות תעשיות מזון (201,IL,סנקסו חטיף אפונה,גרמים,50.00,100 גרם,false,,5.90,0.1180,true,1,2075412
7290015856713,false,סנקסו חטיף אפונה אפוי עם אריסה 50 גרם,אפיפית נצרת (1971) ב,IL,סנקסו חטיף אפונה,גרמים,50.00,100 גרם,false,,5.90,0.1180,true,1,2075413
7290015856720,false,סנקסו חטיף אפונה אפוי עם זעתר 50 גרם,תות תעשיות מזון (201,IL,סנקסו חטיף אפונה,גרמים,50.00,100 גרם,false,,5.90,0.1180,true,1,2075414
7290015856737,false,סנקסו חטיף אפונה אפוי עם פלפל 50 גרם,אפיפית נצרת (1971) ב,IL,סנקסו חטיף אפונה,גרמים,50.00,100 גרם,false,,5.90,0.1180,true,1,2075415
7290015856751,false,פירורי עוגיות אמריקאיות 250 גר',,,פירורי עוגיות אמריקא,גרמים,250.00,100 גרם,false,,5.90,0.0236,true,1,2038279
7290015856768,false,פירורי עוגיות בטעם קרמל הדר 250 גרם,,,פירורי עוגיות בטעם ק,גרמים,250.00,100 גרם,false,,5.90,0.0236,true,1,2038280
7290015856775,false,עוגיות סנדביץ קרמל ו,,,עוגיות סנדביץ קרמל ו,גרמים,300.00,100 גרם,false,,9.90,0.0330,true,1,2122208
7290015856805,false,קרקר דגן ללא סוכר 25,,,קרקר דגן ללא סוכר 25,גרמים,250.00,100 גרם,false,,7.90,0.0316,true,1,2049612
7290015856942,false,קרקר קרם קרקר עם זעת,,,קרם קרקר 250 גרם הדר,גרמים,250.00,100 גרם,false,,5.90,0.0236,true,1,2105916
7290015856973,false,פתי בר ללא סוכר 150 גר הדר וניל,,,ביסקוויט תה וניל ללא,גרמים,150.00,100 גרם,false,,5.90,0.0393,true,1,2120951
7290015856980,false,פתי בר ללא סוכר 150 גר הדר שוקו,,,ביסקוויט תה שוקו ללא,גרמים,150.00,100 גרם,false,,5.90,0.0393,true,1,2120952
7290015858106,false,ממרח פסטו ביתי 180 ג' עללחם,מדשא תעשיות מזון בעמ,IL,ממרח פסטו ביתי 180 ג,גרמים,180.00,100 גרם,false,,14.90,0.0828,true,1,1933783
7290015858175,false,ממרח פלפלים קלויים עללחם 180 גרם,מדשא תעשיות מזון בעמ,IL,ממרח פלפלים קלויים 1,גרמים,180.00,100 גרם,false,,14.90,0.0828,true,1,1933793
7290015858212,false,ממרח לימון כבוש עללחם 180 גרם,מדשא תעשיות מזון בעמ,IL,ממרח לימון כבוש 180,גרמים,180.00,100 גרם,false,,14.90,0.0828,true,1,1933794
7290015858229,false,טפנד זיתי קלמטה עללחם 180 גרם,מדשא תעשיות מזון בעמ,IL,ממרח טפנד זיתי קלמטה,גרמים,180.00,100 גרם,false,,14.90,0.0828,true,1,1933785
7290015858427,false,שלישיית ממרחים שמאפשרת לגוון עללחם 240 גרם,מדשא תעשיות מזון,IL,מארז שלישיית ממרחי ע,גרמים,240.00,100 גרם,false,,22.90,0.0954,true,1,2130772
7290015858687,false,עללחם ממרח איולי שום 295 גרם,מדשא תעשיות מזון בעמ,IL,איולי שום עללחם,גרמים,295.00,גרם,false,,13.90,0.0471,true,1,2147460
7290015858694,false,עללחם ממרח איולי שום לימון 295 גרם,מדשא תעשיות מזון בעמ,IL,איולי שום לימון עללח,גרמים,295.00,גרם,false,,13.90,0.0471,true,1,2147461
7290015859004,false,עירית,,,עירית,יחידה,0.00,יחידה,false,,5.90,0.0000,true,1,1237280
7290015859028,false,תרד ניו זילנדי בקופס,חקלאי,IL,תרד ניו זילנדי,יחידה,0.00,יחידה,false,,9.90,0.0000,true,1,1237246
7290015859042,false,לבבות קיסר,חקלאי,IL,לבבות קיסר,00000000000000000000,0.00,00000000000000000000,false,,9.90,0.0000,true,1,1237248
7290015859073,false,רוזמרין בכור,חקלאי,IL,רוזמרין,יחידה,0.00,יחידה,false,,4.90,0.0000,true,1,1237283
7290015859080,false,קורנית- טימין,חקלאי,IL,קורנית,00000000000000000000,0.00,00000000000000000000,false,,4.90,0.0000,true,1,1237284
7290015859103,false,מרווה,,,מרווה,יחידה,0.00,יחידה,false,,4.90,0.0000,true,1,1237317
7290015859110,false,סורל/חמציץ,,,חמציץ,יחידה,0.00,יחידה,false,,8.90,0.0000,true,1,1237318
7290015859202,false,בזיליקום,עטרה,,בזיליקום,יחידה,0.00,יחידה,false,,5.90,0.0000,true,1,1237321
7290015859219,false,בזיליקום,,,בזיליקום,יחידה,0.00,יחידה,false,,9.90,0.0000,true,1,1237322
7290015859233,false,קייל ירוק,,,קייל ירוק,יחידה,0.00,יחידה,false,,9.90,0.0000,true,1,1237324
7290015859301,false,חסה מסולסלת צבעונית,,,חסה מסולסלת צבעונית,יחידה,0.00,יחידה,false,,9.90,0.0000,true,1,1243549
7290015865739,false,קונפיטורת אוכמניות ע,ענבי ציון,IL,קונפיטורת אוכמניות ע,גרמים,400.00,100 גרם,false,,19.90,0.0497,true,1,2114443
7290015865746,false,קונפיטורה לייט פירות,ענבי ציון,IL,קונפיטורת פירות יער,גרמים,400.00,100 גרם,false,,19.90,0.0497,true,1,2114444
7290015899505,false,חיטוי פירות וירקות מסיר שאריות של חומרי הדברה,פרפקט Perfect,,חיטוי פירות וירקות 1,ליטרים,1.00,ליטר,false,,9.90,9.9000,true,1,1567108
7290015899512,false,אקונומיקה בניחוח לימון,סאסאטק SASATECK,,אקונומיקה מבושמת לימ,ליטרים,4.00,ליטר,false,,14.90,3.7250,true,1,1260182
7290015899529,false,אקונומיקה בניחוח פרחים,סאסאטק SASATECK,,אקונומיקה מבושמת פרח,ליטרים,4.00,ליטר,false,,14.90,3.7250,true,1,1260183
7290015899970,false,אקונומיקה סמיכה בניחוח לימון,סאסאטק SASATECK,,אקונומיקה סמיכה בניח,ליטרים,4.00,ליטר,false,,14.90,3.7250,true,1,1278596
7290015899994,false,מסיר אבן 1 ליטר פרפק,סאסאטק SASATECK,,מסיר אבן 1 ליטר פרפק,ליטרים,1.00,ליטר,false,,9.90,9.9000,true,1,1279367
7290015968010,false,כפפות ניטריל שחורות ללא אבקה - S,סייף טאץ' Safe Touch,,כפפות ניטריל שחורות,יח',100.00,יח',false,,24.90,0.2490,true,1,1955451
7290015968805,false,"מפיות מודפסות 33*33 ס""מ הוסטס",,,מפיות מודפסות 20 יח',יח',20.00,יח',false,,8.90,0.4450,true,1,1617369
7290015968843,false,"מפיות מודפסות 33*33 ס""מ הוסטס",,,מפיות מודפסות 20 יח',יח',20.00,יח',false,,8.90,0.4450,true,1,1617373
7290015968898,false,"מפיות מודפסות 33*33 ס""מ הוסטס",W.W.P.Co.Ltd,,מפיות מודפסות 20 יח',יח',20.00,יח',false,,8.90,0.4450,true,1,1617378
7290015968911,false,מפיות מודפסות 20 יח',W.W.P.Co.Ltd,,מפיות מודפסות 20 יח',יח',20.00,יח',false,,8.90,0.4450,true,1,1617380
7290015968966,false,"מפיות מודפסות 33*33 ס""מ הוסטס",,,מפיות מודפסות 20 יח',יח',20.00,יח',false,,8.90,0.4450,true,1,1617385
7290015968973,false,כפפות ניטריל שחורות ללא אבקה - M,סייף טאץ' Safe Touch,,כפפות ניטריל שחורות,יח',100.00,יח',false,,24.90,0.2490,true,1,1955452
7290015968980,false,כפפות ניטריל שחורות ללא אבקה - L,סייף טאץ' Safe Touch,,כפפות ניטריל שחורות,יח',100.00,יח',false,,24.90,0.2490,true,1,1955453
7290015968997,false,כפפות ניטריל שחורות,,,כפפות ניטריל שחורות,יח',100.00,יח',false,,24.90,0.2490,true,1,1955454
7290015996983,false,סוכרזית סוכרלוז 0 קלוריות 130 גר,ביסקול בעn,IL,סוכרזית סוכרלוז 100,גרמים,130.00,100 גרם,false,,26.90,0.2069,true,1,1690670
7290016006339,false,מים מינרלים - מארז רביעייה,מופק ממקור בזלתי עדן,IL,רביעייה מי עדן 1 ליט,ליטרים,4.00,ליטר,false,,9.90,2.4750,true,1,1594824
7290016006346,false,שישיית שרינק 500 מל שוופס סודה,יפאורה תבורי בעמ,IL,שוופס סודה שישייה מו,ליטרים,3.00,ליטר,false,,14.90,4.9667,true,1,1594825
7290016077759,false,רוטב ברביקיו קלאסי 480 גרם,היינץ Heinz,NL,רוטב ברבקיו 480 גרם,גרמים,480.00,100 גרם,false,,12.90,0.0269,true,1,1585036
7290016083323,false,עוגיות מעמול תמרים ש,מאפיית ישראל חיפה,IL,עוגיות בדלי בטעמים ש,גרמים,500.00,100 גרם,false,,15.90,0.0318,true,1,2096949
7290016083347,false,עוגיות רולדה תמר שקד,מאפיית ישראל חיפה,IL,עוגיות בדלי בטעמים ש,גרמים,500.00,100 גרם,false,,15.90,0.0318,true,1,2096951
7290016083378,false,עוגיות חיתוכיות שוקו,מאפיית ישראל חיפה,IL,עוגיות בדלי בטעמים ש,גרמים,500.00,100 גרם,false,,15.90,0.0318,true,1,2096952
7290016083583,false,עוגיות שקד כעכים מרו,,,עוגיות בדלי בטעמים ש,גרמים,500.00,100 גרם,false,,15.90,0.0318,true,1,2048920
7290016083590,false,עוגיות שקד כעכים קקא,,,עוגיות בדלי בטעמים ש,גרמים,500.00,100 גרם,false,,15.90,0.0318,true,1,2066499
7290016083606,false,עוגיות בדלי בטעמים ש,,,עוגיות בדלי בטעמים ש,גרמים,500.00,100 גרם,false,,15.90,0.0318,true,1,2066500
7290016083651,false,עוגיות בדלי בטעמים ש,,,עוגיות בדלי בטעמים ש,גרמים,600.00,100 גרם,false,,15.90,0.0265,true,1,2066505
7290016106411,false,פרוסות מנגו 425 גרם בסירופ קל,לונגהי גואנגפה פוד ב,,פרוסות מנגו 425 גרם,גרמים,425.00,100 גרם,false,,7.90,0.0186,true,1,2072185
7290016106657,false,נתחי טונה בהירה בשמן צמחי - מארז רביעייה,דיאמוד פוד פרודקט סי,IL,רביעיית טונה בשמן בד,גרמים,560.00,100 גרם,false,,19.90,0.0355,true,1,2136741
7290016106664,false,נתחי טונה בהירה במי מלח - מארז רביעייה,דיאמוד פוד פרודקט סי,IL,רביעיית טונה במים בד,גרמים,560.00,100 גרם,false,,19.90,0.0355,true,1,2136747
7290016106671,false,נתחי טונה בהירה בשמן צמחי,טעמן,,טונה בודד בשמן טעמן,גרמים,140.00,100 גרם,false,,5.90,0.0421,true,1,2151163
7290016106688,false,נתחי טונה בהירה במי מלח,טעמן,,טונה בודד במים טעמן,גרמים,140.00,100 גרם,false,,5.90,0.0421,true,1,2151164
7290016117189,false,ברזלית 5 יחידות פרפק,פרפקט Perfect,,ברזלית 5 יחידות פרפק,יח',5.00,יח',false,,7.90,1.5800,true,1,1303036
7290016117196,false,כריות יפניות דו צדדיות,פרפקט Perfect,,כרית יפנית דו צדדית,יח',4.00,יח',false,,9.90,2.4750,true,1,1303021
7290016117202,false,שלישיית כריות קרצוף,פרפקט Perfect,,כריות קרצוף שלישייה,יח',3.00,יח',false,,9.90,3.3000,true,1,1303037
7290016117226,false,כרית יפנית שישיה פרפ,פרפקט Perfect,,כרית יפנית שישיה פרפ,יח',6.00,יח',false,,9.90,1.6500,true,1,1303023
7290016135541,false,פסטה ביצים 3 צבעים פוזילי 400 גר אוריינט,פ.פ.ה טאביט,,פסטה ביצים 3 צבעים פ,גרמים,400.00,100 גרם,false,,9.90,0.0248,true,1,1337186
7290016136142,false,תערובת לפנקייק ללא גלוטן 400 גר G FREE,ג'י פרי Gfree,,תערובת להכנת פנקייק,גרמים,400.00,100 גרם,false,,16.90,0.0422,true,1,1292426
7290016136692,false,משחת שיניים הגנה משולשת מנטה מרענן- שלישייה,אקווה פרש Aquafresh,,משחת שיניים שלישיה מ,מיליליטרים,300.00,"100 מ""ל",false,,19.90,0.0663,true,1,1334772
7290016136708,false,משחת שיניים הגנה משולשת מנטה עדין- שלישייה,אקווה פרש Aquafresh,,א.פרש שלישיה עדין,מיליליטרים,300.00,"100 מ""ל",false,,19.90,0.0663,true,1,1334773
7290016136722,false,פתיתים פנה ללא גלוטן 340 גרם גי פרי,malino andriani,IT,פתיתים פנה ללא גלוטן,גרמים,340.00,100 גרם,false,,7.90,0.0232,true,1,1378958
7290016136739,false,GFREE פתיתי פוזילי על בסיס קמח תירס וקמח,malino andriani,IT,פתיתים פוזילי ללא גל,גרמים,340.00,100 גרם,false,,7.90,0.0232,true,1,1378959
7290016144000,false,"קמח חיטה מלאה נפלאות 80% 1 ק""ג","קמח מלכים בע""מ",IL,קמח חיטה מלא 80% נפל,קילוגרמים,1.00,"ק""ג",false,,9.90,9.9000,true,1,1278823
7290016144017,false,"קמח מלא נפלאות 100% ללא ניפוי 1 ק""ג",קמח מלכים,IL,קמח חיטה מלא 100% נפ,קילוגרמים,1.00,"ק""ג",false,,9.90,9.9000,true,1,1278824
7290016144024,false,"קמח כוסמין מלא נפלאות 100% 1 ק""ג","קמח מלכים בע""מ",IL,קמח כוסמין מלא 100%,קילוגרמים,1.00,"ק""ג",false,,14.90,14.9000,true,1,1347673
7290016144031,false,"נפלאות קמח חיטה לבן מנופה 1 ק""ג",קמח מלכים,IL,קמח לבן מנופה נפלאות,קילוגרמים,1.00,"ק""ג",false,,6.90,6.9000,true,1,1347674
7290016144048,false,"קמח כוסמין לבן נפלאות 1 ק""ג","קמח מלכים בע""מ",IL,קמח כוסמין לבן נפלאו,קילוגרמים,1.00,"ק""ג",false,,14.90,14.9000,true,1,1408174
7290016144055,false,"קמח כוסמין נפלאות 80% 1 ק""ג",קמח מלכים,IL,קמח כוסמין מלא 80% נ,קילוגרמים,1.00,"ק""ג",false,,14.90,14.9000,true,1,1570492
7290016144062,false,"קמח שיפון מלא נפלאות, 1 ק""ג",קמח מלכים,IL,קמח שיפון מלא,קילוגרמים,1.00,"ק""ג",false,,8.90,8.9000,true,1,2151256
7290016144079,false,"קמח חיטה כפרי נפלאות 1 ק""ג",קמח מלכים,IL,קמח חיטה כפרי,קילוגרמים,1.00,"ק""ג",false,,8.90,8.9000,true,1,2151257
7290016150384,false,סלק אדום מבושל באריזת וואקום,,,סלק אדום מבושל באריז,גרמים,500.00,100 גרם,false,,5.90,0.0118,true,1,1366653
7290016150865,false,תערובת מיזלי גרין בנ,וויטליה,MK,"מיזלי קרנצ'י 1 ק""ג ב",גרמים,1000.00,100 גרם,false,,24.90,0.0249,true,1,2103326
7290016217759,false,חצילים בסגנון מרוקאי,"סלטי שמיר 2006 בע""מ",IL,חציל מרוקאי 200 גרם,גרמים,200.00,100 גרם,false,,11.90,0.0595,true,1,1990946
7290016217988,false,גרבדלקס סלמון כבוש 100 גרם,"סלטי שמיר 2006 בע""מ",IL,גרבלקס חדש,גרמים,100.00,100 גרם,false,,21.90,0.2190,true,1,2098995
7290016246209,false,חטיף חלבה וניל 100 גרם בארכה,בארכה,,חלבה בארכה חטיף וניל,גרמים,100.00,100 גרם,false,,3.00,0.0300,true,1,1369505
7290016246308,false,בארכה בקטנה חטיף חלבה וניל קוקוס 7*18 גר,רושדי תעשיות מזון בע,IL,מאגדת בארכה חטיף חלב,גרמים,126.00,100 גרם,false,,9.90,0.0786,true,1,1545309
7290016246445,false,טחינה גולמית מעודנת שמשום מלא בארכה 310ג',רושדי תעשיות מזון בע,IL,טחינה גולמית מעודנת,גרמים,310.00,100 גרם,false,,11.90,0.0384,true,1,1791282
7290016255003,false,מסיר שומנים להסרת לכלוך קשה,סאסאטק SASATECK,,"מסיר שומנים 750 מ""ל",מיליליטרים,750.00,"100 מ""ל",false,,9.90,0.0132,true,1,1284369
7290016255027,false,ספריי קצף רב שימושי בתוספת אקונומיקה,סאסאטק SASATECK,,מרסס לניקוי כללי בתו,מיליליטרים,750.00,"100 מ""ל",false,,14.90,0.0199,true,1,1284379
7290016255157,false,דלי מטליות לחות לרצפה בבישום מרענן,פרפקט Perfect,,דלי מטליות לחות לניק,יח',50.00,יח',false,,24.90,0.4980,true,1,1609021
7290016255393,false,מטליות נשלפות לניקוי וחיטוי כללי בבישום עדין 400 יח',פרפקט Perfect,,מטליות נשלפות לניקוי,יח',400.00,יח',false,,24.90,0.0622,true,1,1287822
7290016255508,false,נוזל לניקוי כלים בניחוח לימון,פרפקט Perfect,,נוזל לניקוי כלים 750,מיליליטרים,750.00,"100 מ""ל",false,,9.90,0.0132,true,1,1320668
7290016255515,false,נוזל לניקוי כלים בניחוח תפוח,פרפקט Perfect,,נוזל לניקוי כלים 750,מיליליטרים,750.00,"100 מ""ל",false,,9.90,0.0132,true,1,1320669
7290016255638,false,נוזל מנקה רצפות בניחוח לבנדר,פרפקט Perfect,,נוזל לניקוי רצפות בנ,ליטרים,2.00,ליטר,false,,19.90,9.9500,true,1,1293931
7290016255645,false,נוזל מנקה רצפות בניחוח מאסק,פרפקט Perfect,,נוזל לניקוי רצפות בנ,ליטרים,2.00,ליטר,false,,19.90,9.9500,true,1,1293932
7290016255652,false,נוזל מנקה רצפות בניחוח אורנים,פרפקט Perfect,,נוזל לניקוי רצפות בנ,ליטרים,2.00,ליטר,false,,19.90,9.9500,true,1,1293933
7290016255928,false,ג'ל מרוכז לכביסה לבנה וצבעונית,סאסאטק SASATECK,,ג'ל כביסה לבנה וצבעו,ליטרים,3.00,ליטר,false,,24.90,8.3000,true,1,1305156
7290016270570,false,מלפפון בייבי,חקלאי,IL,מלפפון בייבי,00000000000000000000,0.00,00000000000000000000,false,,7.90,0.0000,true,1,1513805
7290016270907,false,ברוקולי ארוז במגשית,,,ברוקולי ארוז -גן היר,יחידה,0.00,יחידה,false,,9.90,0.0000,true,1,2100907
7290016319118,false,מגע הדבש שעווה מתקלפת לפנים 100 גרם,המאפיה של הרמן,IL,שעווה מגע הדבש מתקלפ,גרמים,100.00,100 גרם,false,,29.90,0.2990,true,1,2050636
7290016319187,false,טוסו עוגיות סנדוויץ שוקו במילוי קרם שוקולד *זוג* 300 גרם,בטר אנד דיפרנט,IL,עוגיות סנדויץ טוסו ש,גרמים,300.00,100 גרם,false,,16.90,0.0563,true,1,2030963
7290016319194,false,טוסו עוגיות סנדוויץ שוקו במילוי קרם וניל *זוג* 300 גרם,אפיפית,IL,עוגיות סנדויץ טוסו ש,גרמים,300.00,100 גרם,false,,16.90,0.0563,true,1,2030964
7290016319200,false,טוסו עוגיות סנדוויץ' אוראו במילוי קרם וניל *זוג* 300 גרם,אפיפית,IL,עוגיות סנדויץ טוסו א,גרמים,300.00,100 גרם,false,,16.90,0.0563,true,1,2030965
7290016320343,false,"דאק נוזל ג'ל לניקוי מתקדם בניחות לבנדר זוג * 750 מ""ל",טואלט דאק (ג'ונסון),NL,"זוג ט.דאק 750 מ""ל בנ",מיליליטרים,1500.00,"מ""ל",false,,16.90,0.0113,true,1,1570513
7290016321319,false,סבון נוזלי בניחוח אשכליות אדומה 1 ל' פמלי,אינטרקוסמא,TR,אל סבון פמילי 1 ליטר,ליטרים,1.00,ליטר,false,,9.90,9.9000,true,1,2099849
7290016321326,false,סבון נוזלי בניחוח מנדרינה ולואיזה + משאבה 1 ל' פמלי,אינטרקוסמא,TR,אל סבון פמילי 1 ליטר,ליטרים,1.00,ליטר,false,,9.90,9.9000,true,1,2099856
7290016321661,false,מגבונים פרש וואנס סנסיטיב קר רביעייה,עלבד משואות יצחק,IL,רביעיית מגבוני פרשוו,יח',256.00,יח',false,,15.90,0.0621,true,1,1961412
7290016321678,false,מגבונים לחים בניחוח מרענן עם תמציות קמומיל ואלוורה,עלבד משואות יצחק,IL,רביעיית מגבוני פרשוו,יח',256.00,יח',false,,15.90,0.0621,true,1,1961413
7290016321883,false,פ.ו נייר טואלט מתכלה ילדים 40יח- שלישייה,עלבד משואות יצחק בעמ,IL,מארז שלישייה נייר טו,יח',40.00,יח',false,,14.90,0.3725,true,1,1989339
7290016321890,false,פ.ו נייר טואלט מתכלה מבוגרים 40יח- שלישייה,עלבד משואות יצחק בעמ,IL,מארז שלישייה נייר טו,יח',40.00,יח',false,,14.90,0.3725,true,1,1989340
7290016329261,false,סרקל מתיר קשרים ספריי רציףף 300 מ'ל,"ד""ר פישר Dr fischer",IL,סרקל ספריי מתיר קשרי,מיליליטרים,300.00,"100 מ""ל",false,,29.90,0.0997,true,1,1334058
7290016329278,false,קמיל בלו מגבונים מילוי 64 יח רביעייה,"ד""ר פישר Dr fischer",IL,רביעיית מגבונים קמיל,64 יח',256.00,64 יח',false,,15.90,0.0621,true,1,1983234
7290016329865,false,ד.פישר אפקטיב קר קרם ידיים אינטנסיב,"ד""ר פישר Dr fischer",IL,קרם ידיים אפקטיב קר,מיליליטרים,50.00,"100 מ""ל",false,,14.90,0.2980,true,1,1334856
7290016329971,false,ד.פישר אפקטיב קר קרם ידיים אינטנסיב רליף,"ד""ר פישר Dr fischer",IL,קרם ידיים אפקטיב קר,מיליליטרים,50.00,"100 מ""ל",false,,14.90,0.2980,true,1,1334857
7290016370959,false,חציל קלוי פירה בצנצנת ‏580‏ ג' יבנה,תאי פרזידנט פוד פאבל,GR,חציל קלוי על האש בצנ,גרמים,530.00,100 גרם,false,,9.90,0.0187,true,1,1359864
7290016370973,false,פלפל קלוי גמביה בצנצנת 580 ג' ‏יבנה,קוזט אס.איי.פיין פוד,GR,פלפל קלויי על האש,גרמים,540.00,100 גרם,false,,9.90,0.0183,true,1,1359866
7290016372342,false,עגבניות חתוך קוביות גראנד איטליה מארז 400X3ג',גרנד איטליה Grand Italia,IT,עגבניות חתוכות 3*400,גרמים,1200.00,100 גרם,false,,14.90,0.0124,true,1,1606789
7290016372373,false,רסק עגבניות ללא תוספת סוכר ומלח - מארז זוג,גרנד איטליה Grand Italia,IT,זוג רסק עגבניות 2*14,גרמים,280.00,100 גרם,false,,7.90,0.0282,true,1,1606791
7290016372397,false,"תה ויסוצקי ירוק תפוז,ג'ינגר וכורכום 25 יח'",ויסוצקי ירוק,IL,תה ירוק תפוז ג'ינג'ר,גרמים,37.50,100 גרם,false,,22.90,0.6107,true,1,1539497
7290016372458,false,חליטת צמחים לימונית ולואיזה הגן הקסום,תה ויסוצקי,IL,תה הגן הקסום לימונית,גרמים,75.00,100 גרם,false,,29.90,0.3987,true,1,1502530
7290016372489,false,חליטת פירות וצמחים ג'ינג'ר ולימון - אפקט הג'ינג'ר,תה ויסוצקי,IL,חליטת ג'ינג'ר ולימון,גרמים,45.00,100 גרם,false,,17.90,0.3978,true,1,1539531
7290016372496,false,חליטת פירות וצמחים בטעם ג'ינג'ר ודבש -אפקט הג'ינג'ר,תה ויסוצקי,IL,חליטת ג'ינג'ר ודבש ס,גרמים,45.00,100 גרם,false,,17.90,0.3978,true,1,1539532
7290016373646,false,פסים חמוצים פטל 275 גרם,אלוון גידה סאן,TR,מקלות חמצוצים בטעם פ,גרמים,275.00,100 גרם,false,,9.90,0.0360,true,1,2115362
7290016373691,false,מקלות חמוצים תפוח 20 גרם טעמן,אלבן מזון תעשיות ומס,TR,מקלות חמוצים,גרמים,20.00,100 גרם,false,,1.90,0.0950,true,1,2122316
7290016373707,false,מקלות חמוצים אפרסק 20 גרם טעמן,אלבן מזון תעשיות ומס,TR,מקלות חמוצים,גרמים,20.00,100 גרם,false,,1.90,0.0950,true,1,2122317
7290016408119,false,טרליני כעכים בטעם קלאסי 225 גר' - בדץ,אפוליה פוד,IT,כעכים טרליני בטעם קל,גרמים,225.00,100 גרם,false,,6.90,0.0307,true,1,1346950
7290016408140,false,טרליני כעכים בטעם רוטב פיצה 225 גר'!,אפוליה פוד,IT,כעכים טרליני בטעם רו,גרמים,225.00,100 גרם,false,,6.90,0.0307,true,1,1346953
7290016408157,false,טרליני כעכים עם קמח מלא 225 גר'!,אפוליה פוד,IT,כעכים טרליני עם קמח,גרמים,225.00,100 גרם,false,,6.90,0.0307,true,1,1346954
7290016408164,false,טרליני כעכים בטעם שום וצי'לי פיקנטי 225 גר' - בדץ,אפוליה פוד,IT,כעכים טרליני בטעם שו,גרמים,225.00,100 גרם,false,,6.90,0.0307,true,1,1346955
7290016408294,false,"מרשמלו ורוד לבן וסטהיים 150 ג', 26 בקרטון",מנדלז סי.אר. פרודקשן,IL,מרשמלו ורוד לבן,גרמים,150.00,100 גרם,false,,4.90,0.0327,true,1,1650572
7290016408393,false,חטיף קרקר עם שומשום פניני 130 ג',דוויטה ג'יי.אס.סי,,חטיף קרקר עם שומשום,גרמים,130.00,100 גרם,false,,6.90,0.0531,true,1,1346957
7290016408447,false,חטיף קרקר עם עגבניות ובזיליקום,דנוויטה ג'יי. אס. סי,LT,חטיף קרקר עם עגבניות,גרמים,130.00,100 גרם,false,,6.90,0.0531,true,1,1346962
7290016408720,false,אגו מיקס בייגלה מצופה שוקולד לבן 55גר* 24 בקר',כרמית,IL,בייגלה מצופה שוקולד,גרמים,55.00,100 גרם,false,,3.90,0.0709,true,1,1485227
7290016408744,false,"כרמית מרשמלו טוויסטר בד""צ",כרמית,,מרשמלו טוויסטר,גרמים,150.00,100 גרם,false,,4.90,0.0327,true,1,1650573
7290016408980,false,"מטבעות שוקולד חלב 36 ג' כשל""פ בד""ץ!",כרמית תעשיות מזון,IL,מטבעות חלב,גרמים,36.00,100 גרם,false,,3.90,0.1083,true,1,1785466
7290016440218,false,עמבה פרי מעדני עופר,,,עמבה מקורית עם פיר,גרמים,500.00,100 גרם,false,,12.90,0.0258,true,1,1361064
7290016440911,false,מלפפונים ביתיים כבושים,מעדני עופר,,מלפפון ביתיים כבושים,גרמים,750.00,100 גרם,false,,19.90,0.0265,true,1,2079257
7290016440928,false,ירקות כבושים חמוץ מתוק (סיני),מעדני עופר,IL,ירקות כבושים חמוץ מת,גרמים,750.00,100 גרם,false,,19.90,0.0265,true,1,2079258
7290016492118,false,פפריקה מתוקה מעושנת,תבליני הדור השלישי,IL,פפריקה מעושנת,גרמים,120.00,100 גרם,false,,13.90,0.1158,true,1,2135262
7290016492125,false,פרג תבלין פילדפיה 120 גר',תבליני הדור השלישי,IL,פילדלפיה 120 גרם,גרמים,120.00,100 גרם,false,,13.90,0.1158,true,1,2135255
7290016492132,false,תבלין טוסקנה פרג 160 גר',תבליני הדור השלישי,IL,טוסקנה 160 גרם,גרמים,160.00,100 גרם,false,,13.90,0.0869,true,1,2135233
7290016492453,false,מג'דרה אורז עם עדשים,תבליני פרג,,אורז עם עדשים,גרמים,300.00,100 גרם,false,,14.90,0.0497,true,1,2135207
7290016492538,false,קינואה עם ירקות,תבליני פרג,,קינואה עם ירקות,גרמים,300.00,100 גרם,false,,14.90,0.0497,true,1,2135211
7290016509342,false,כדוריות סבון נתלה לאסלה כחול אקטיבי - 3 יח',הנקל סוד,RS,כדוריות שלישייה אסלה,יח',3.00,יח',false,,14.00,4.6667,true,1,1585073
7290016509786,false,פרסיל גל לכביסה לבנה וצבעונית-ירוק 2.5 ל,פרסיל Persil,IL,פרסיל גל 2.5 ליטר יר,ליטרים,2.50,ליטר,false,,30.90,12.3600,true,1,1746604
7290016509809,false,ג'ל מרוכז לכביסה קולור 2.5 ל' פרסיל,פרסיל Persil,IL,פרסיל גל 2.5 ליטר קו,ליטרים,2.50,ליטר,false,,30.90,12.3600,true,1,1746605
7290016509823,false,ג'ל לכביסה לבנה וצבעונית בניחוח רענן,פרסיל Persil,IL,פרסיל גל 2.5 ליטר בל,ליטרים,2.50,ליטר,false,,30.90,12.3600,true,1,1746606
7290016509830,false,ג'ל כביסה לבגדי תינוקות ובעלי עור רגיש Sensitive,פרסיל Persil,IL,פרסיל גל 2.5 ליטר בי,ליטרים,2.50,ליטר,false,,30.90,12.3600,true,1,1746607
7290016566284,false,"כוס נשיאה תרמית דאבל 500 מ""ל",,,כוס נשיאה תרמית גדול,יחידה,0.00,יחידה,false,,49.90,0.0000,true,1,2049295
7290016566901,false,"בקבוק טרמי פקק קש 770 מ""ל",,,בקבוק נירוסטה תרמי 7,יחידה,0.00,יחידה,false,,79.90,0.0000,true,1,2102780
7290016601206,false,פותח סתימות פרפקט 1,,,פותח סתימות פרפקט 1,ליטרים,1.00,ליטר,false,,14.90,14.9000,true,1,1574056
7290016601596,false,מבשם לבית בניחוח ורד אנגלי,פרפקט Perfect,,מבשם לבית ורד אנגלי,מיליליטרים,350.00,"100 מ""ל",false,,14.90,0.0426,true,1,1365862
7290016601602,false,מבשם לבית פריחת הנרקיס,פרפקט Perfect,,מבשם לבית פריחת הנרק,מיליליטרים,350.00,"100 מ""ל",false,,14.90,0.0426,true,1,1365863
7290016601619,false,מבשם לבית מאסק מרענן,,,מבשם לבית מאסק מרענן,מיליליטרים,350.00,"100 מ""ל",false,,14.90,0.0426,true,1,1365864
7290016601626,false,מבשם לבית בניחוח לבנדר טוסקנה,פרפקט Perfect,,מבשם לבית לבנדר טוסק,מיליליטרים,350.00,"100 מ""ל",false,,14.90,0.0426,true,1,1365865
7290016601701,false,סבון נוזלי בניחוח ים Blue Lagoon- מארז שלישייה,פרפקט Perfect,,שלישיית אל סבון בני,מיליליטרים,1500.00,"100 מ""ל",false,,14.90,0.0099,true,1,1364682
7290016601718,false,סבון נוזלי בניחוח ורדים Pink Roses- מארז שלישייה,פרפקט Perfect,,שלישיית אל סבון בני,מיליליטרים,1500.00,"100 מ""ל",false,,14.90,0.0099,true,1,1364683
7290016601725,false,סבון נוזלי בניחוח טרופי Fresh Yellow- מארז שלישייה,פרפקט Perfect,,שלישיית אל סבון בני,מיליליטרים,1500.00,"100 מ""ל",false,,14.90,0.0099,true,1,1364684
7290016601732,false,סבון נוזלי בניחוח ים,פרפקט Perfect,,אל סבון נוזלי בניחוח,מיליליטרים,1000.00,"100 מ""ל",false,,9.90,0.0099,true,1,1364712
7290016601749,false,סבון נוזלי בניחוח ורדים,פרפקט Perfect,,אל סבון נוזלי בניחוח,מיליליטרים,1000.00,"100 מ""ל",false,,9.90,0.0099,true,1,1364713
7290016601756,false,סבון נוזלי בניחוח טרופי,פרפקט Perfect,,אל סבון נוזלי בניחוח,מיליליטרים,1000.00,"100 מ""ל",false,,9.90,0.0099,true,1,1364714
7290016601800,false,תרסיס לניקוי רהיטים,סאסאטק SASATECK,,תרסיס לניקוי רהיטים,מיליליטרים,300.00,"100 מ""ל",false,,9.90,0.0330,true,1,1395523
7290016601817,false,מרסס לניקוי שטיחים פ,פרפקט Perfect,,מרסס לניקוי שטיחים פ,מיליליטרים,600.00,"100 מ""ל",false,,19.90,0.0332,true,1,1380432
7290016607345,false,יין רזרב שיראז דלתון,"יקב דלתון בע""מ",,יין דלתון רזרב שיראז,מיליליטרים,750.00,"100 מ""ל",false,,99.90,0.1332,true,1,1987177
7290016607406,false,דלתון קברנה סוביניון,"יקב דלתון בע""מ",,יין דלתון קברנה סובנ,מיליליטרים,750.00,"100 מ""ל",false,,99.90,0.1332,true,1,1996104
7290016621013,false,"ד""ר פישר - קרם גוף קמיל בלו 500 מ""ל","ד""ר פישר Dr fischer",IL,קרם גוף קמיל בלו לתי,מיליליטרים,500.00,"100 מ""ל",false,,29.90,0.0598,true,1,1352605
7290016621341,false,אל סבון היגייני לניקוי יסודי קמיל Clean & Moisture,"ד""ר פישר Dr fischer",IL,קמיל בלו אל סבון 1 ל,ליטרים,1.00,ליטר,false,,15.90,15.9000,true,1,1457461
7290016667462,false,פריכיות חסכוני אורז 265 ג',,,פריכיות אורז במארז 2,גרמים,265.00,100 גרם,false,,11.90,0.0449,true,1,1705896
7290016667479,false,פריכיות כוסמת מארז גדול 130 ג',,IL,פרכיות כוסמת 130 גרם,גרמים,130.00,100 גרם,false,,8.90,0.0685,true,1,1791377
7290016667486,false,פריכיות כוסמת דל נתרן 130 ג',,IL,פריכיות כוסמת דל נתר,גרמים,130.00,100 גרם,false,,8.90,0.0685,true,1,1791378
7290016667578,false,ניוקי מתפוח אדמה 1 ק,,,ניוקי מתפוח אדמה 1 ק,קילוגרמים,1000.00,"ק""ג",false,,9.90,0.0099,true,1,2014055
7290016667714,false,נייר פרגמנט לעטיפת מזון,,,נייר פרגמנט לעטיפת מ,יחידה,0.00,יחידה,false,,9.90,0.0000,true,1,2014057
7290016682168,false,"פריניב מיץ תפוזים ולנסיה סחוט 100% 400 מ""ל",פרי ניב,IL,מיץ תפוזים וולנסיה ס,מיליליטרים,400.00,"100 מ""ל",false,,8.90,0.0223,true,1,2071050
7290016682250,false,מיץ תפוז גזר פרי ניב 1 ליטר,פרי ניב,IL,מיץ תפוגזר 1 ליטר פ,ליטרים,1.00,ליטר,false,,9.90,9.9000,true,1,2144049
7290016682342,false,מיץ תפוזים וולנסיה פרי ניב 2 ליטר-,פרי ניב,IL,מיץ תפוזים סחוט וולנ,ליטרים,2.00,ליטר,false,,25.90,12.9500,true,1,2096840
7290016682441,false,100% מיץ תפוזים מיוצר מרכז טבעי,פרי ניב,IL,מיץ תפוזים 1 ליטר פר,ליטרים,1.00,ליטר,false,,13.90,13.9000,true,1,2130721
7290016717044,false,באזז בטעם מנגו מבעבע,כרמל מזרחי,IL,יין מנגו,מיליליטרים,750.00,"100 מ""ל",false,,24.90,0.0332,true,1,1939226
7290016717051,false,משקה Buzz מוגז בטעם רימון מבוסס יין אדום מתוק,יקבי כרמל Carmel Winery,IL,יין רימון באזז,מיליליטרים,750.00,"100 מ""ל",false,,24.90,0.0332,true,1,2004472
7290016717235,false,יין קונקורד אדום ממותק קינג דיוויד - בקבוק אישי,יקבי כרמל Carmel Winery,IL,קונקורד קינג דויד,מיליליטרים,187.00,"100 מ""ל",false,,5.90,0.0316,true,1,2004441
7290016717754,false,"יין ישן נושן יקבי כרמל 750 מ""ל ^^^",אגודת הכורמים הקואופ,IL,יין ישן נושן,מיליליטרים,750.00,"100 מ""ל",false,,18.90,0.0252,true,1,1755597
7290016732634,false,סנסודין מברשת שיניים דואלקר,גלקסוס סמית קליין,CN,מברשת שיניים סנסודיי,יח',1.00,יח',false,,19.90,19.9000,true,1,1520927
7290016865943,false,אטריות ביצים פטוציני אוריינט 400 גרם,פ.פ.ח טאביט,PL,פסטה ביצים פטוצ'ילי,גרמים,400.00,100 גרם,false,,9.90,0.0248,true,1,1520920
7290016866643,false,פרודונטקס מ.שיניים אקסטרה פרש 75 מל,פרודונטקס Parodontax,SK,משחת שיניים פרודונטק,מיליליטרים,75.00,"100 מ""ל",false,,29.90,0.3987,true,1,1699425
7290016866650,false,"פרודונטקס - משחת שיניים אוריג'ינל 75 מ""ל",פרודונטקס Parodontax,SK,משחת שיניים פרודונטק,מיליליטרים,75.00,"100 מ""ל",false,,29.90,0.3987,true,1,1699426
7290016866667,false,"פרודונטקס - משחת שיניים ללא פלאוריד 75 מ""ל",פרודונטקס Parodontax,SK,משחת שיניים פרודונטק,מיליליטרים,75.00,"100 מ""ל",false,,29.90,0.3987,true,1,1699427
7290016866674,false,"פרודונטקס - משחת שיניים מלבינה 75 מ""ל",פרודונטקס Parodontax,SK,משחת שיניים פרודונטק,מיליליטרים,75.00,"100 מ""ל",false,,29.90,0.3987,true,1,1699428
7290016866704,false,"סטייל שמפו לאחר החלקה מועשר בויטמין אי, 750 מ""ל",סטייל Style,IL,שמפו קרטין סטייל E 7,מיליליטרים,750.00,"100 מ""ל",false,,24.90,0.0332,true,1,1585479
7290016882414,false,קונפיטורה שזיף שקדיה,דין שיווק,IL,קונפיטורה 450 גרם שז,גרמים,450.00,100 גרם,false,,12.90,0.0287,true,1,1509375
7290016882421,false,קונפיטורה 450 גרם אפ,דין שיווק,IL,קונפיטורה 450 גרם אפ,גרמים,450.00,100 גרם,false,,12.90,0.0287,true,1,1509376
7290016883091,false,חרדל דיזון שקדיה 350,דין שיווק,FR,חרדל דיז'ון 350 גרם,גרמים,350.00,100 גרם,false,,9.90,0.0283,true,1,1580865
7290016883176,false,"מוזלי פתיתי שיבולת שועל עם שוקולד מריר ושבבי קוקוס 1 ק""ג","דין שיווק וקלייה בע""",MK,מיזלי עם שוקולד מריר,גרמים,1000.00,100 גרם,false,,19.90,0.0199,true,1,2038154
7290016912494,false,"ד""ר פישר - אפקטיב קר תרחיץ פנים לכל סוגי העור 180 מ""ל","ד""ר פישר Dr fischer",IL,תרחיץ פנים אפקטיב קר,מיליליטרים,180.00,"100 מ""ל",false,,17.90,0.0994,true,1,1559075
7290016912616,false,סרקל שמפו לילדים לשיער בהיר - בלונדיני,"ד""ר פישר Dr fischer",IL,שמפו סרקל 1 ליטר בלו,ליטרים,1.00,ליטר,false,,28.90,28.9000,true,1,1559113
7290016912623,false,סרקל מרכך לילדים לשיער בהיר - בלונדיני,"ד""ר פישר Dr fischer",IL,מרכך סרקל 1 ליטר בלו,ליטרים,1.00,ליטר,false,,28.90,28.9000,true,1,1559114
7290017023229,false,רביעיית פחיות שוופס מוגז פירות תות ליים 330 מל.,יפאורה תבורי,IL,רבעיית פחיות שוופס מ,ליטרים,1.32,ליטר,false,,15.80,11.9697,true,1,1657486
7290017023663,false,"שוופס מיץ פירות לימונייד פחית מארז 330X4מ""ל",יפאורה תבורי,IL,רבעיית פחיות שוופס מ,ליטרים,1.32,ליטר,false,,15.80,11.9697,true,1,1731636
7290017023861,false,סודה בטעם לימון בקבוקים אישיים - מארז 4 יח',יפאורה תבורי בעמ,IL,רביעיית סודה לימון ש,ליטרים,1.00,ליטר,false,,10.90,10.9000,true,1,1865380
7290017023878,false,סודה בטעם נענע ליים בקבוקים אישיים - מארז 4 יח',יפאורה תבורי בעמ,IL,רביעיית סודה נענע לי,ליטרים,1.00,ליטר,false,,10.90,10.9000,true,1,1865381
7290017031156,false,דפים על בסיס קמח תירס ואורז ללא גלוטן בר-אל 250 גרם,,IT,דפי לזניה על בסיס קמ,גרמים,250.00,100 גרם,false,,10.90,0.0436,true,1,2041670
7290017031323,false,"אטריות ביצים פפרדלה 400 מ""ל",פ.פ.ה טאביט,,איטריות ביצים פפרדלה,גרמים,400.00,100 גרם,false,,9.90,0.0248,true,1,1622150
7290017031477,false,"סנסודיין משחת שיניים רפיד רליף להלבנה 75 מ""ל","סמיתקליין ביצ'ם בע""מ",GB,משחת שיניים סנסודיין,מיליליטרים,75.00,"100 מ""ל",false,,23.90,0.3187,true,1,1901306
7290017031705,false,"סנסודיין - משחת שיניים קלין&פרש 75 מ""ל",גלקסוס סמית קליין,SK,משחת שיניים סנסודיין,מיליליטרים,75.00,"100 מ""ל",false,,19.90,0.2653,true,1,1812536
7290017031859,false,"פרודונטקס - משחת שיניים אולטרא קלין 75 מ""ל",סמיתקליין ביצ'ם בעמ,SK,משחת שיניים פרודונטק,מיליליטרים,75.00,"100 מ""ל",false,,29.90,0.3987,true,1,1812537
7290017058009,false,שימורי אנשובי עם צלפים 45 ג' תומר,,IL,אנשובי עם צלפים 45 ג,גרמים,45.00,100 גרם,false,,4.90,0.1089,true,1,1517399
7290017058160,false,שימורי אנשובי עם צ'ילי חריף 45 ג' תומר,תומר,,אנשובי עם צילי חריף,גרמים,45.00,100 גרם,false,,4.90,0.1089,true,1,1517402
7290017058535,false,ממרח זיתי קלמטה יווני,תומר,,ממרח זיתי קלמטה,גרמים,200.00,100 גרם,false,,11.90,0.0595,true,1,1738632
7290017058573,false,תומר פרוסות פלפל חלפיניו בחומץ 340 גרם,אינדיה אגרו אקספורט,IN,פרוסות פלפל חלפיניו,גרמים,340.00,100 גרם,false,,7.90,0.0232,true,1,1985937
7290017062266,false,תחליב רחצה Fresh Spa בניחוח חלב ודבש,פרפקט Perfect,,תחליב רחצה פרפקט בני,מיליליטרים,700.00,"100 מ""ל",false,,9.90,0.0141,true,1,1707431
7290017062280,false,תחליב רחצה Fresh Spa בניחוח חלב ושמן זית,פרפקט Perfect,,תחליב רחצה פרפקט בני,מיליליטרים,700.00,"100 מ""ל",false,,9.90,0.0141,true,1,1707433
7290017065007,false,פרוסות גבינה מוצרלה חצי קשה 22% שומן 200 ג' גד,מחלבות גד בעמ,IL,מוצרלה פרוסה גד 200,גרמים,200.00,100 גרם,false,,16.90,0.0845,true,1,1423803
7290017065137,false,ריקוטה למריחה 5% טבעית 200 גרם - רובין,האי נאם סי או אל.טי.,IL,גבינת ריקוטה 5% טבעי,גרמים,200.00,100 גרם,false,,8.90,0.0445,true,1,1617500
7290017065144,false,גבינת ריקוטה למריחה 5% בזיליקום 200ג' גד,האי נאם סי או אל.טי.,IL,גבינת ריקוטה 5% עם ב,גרמים,200.00,100 גרם,false,,8.90,0.0445,true,1,1617505
7290017065168,false,גבינה בשלה עם עובש כחול 30%,מחלבות גד,DK,גבינה כחולה גד 100 ג,גרמים,100.00,100 גרם,false,,15.90,0.1590,true,1,1672121
7290017065175,false,גבינה מנצ'גו פרוסה 150 גרם,הנסיך- מפעל לייצור ט,ES,גבינת מנצ'גו פרוסה 3,גרמים,150.00,100 גרם,false,,21.50,0.1433,true,1,1672126
7290017065212,false,גבינת קרם מסקרפונה מחלבות גד 250 גר,מיוצר עי קוד יצרן ED,IL,קרם מסקרפונה להקצפה,גרמים,250.00,100 גרם,false,,16.90,0.0676,true,1,1672709
7290017065236,false,גבינה בולגרית מעודנת 24% גד 250 ג',הנסיך- מפעל לייצור ט,IL,בולגרית מעודנת 24% 2,גרמים,250.00,100 גרם,false,,21.90,0.0876,true,1,1672128
7290017065311,false,פרוסות גבינה מוצרלה מעושנת 200 ג',מחלבות גד בעמ,IL,פרוסות מוצרלה מעושנת,גרמים,200.00,100 גרם,false,,18.90,0.0945,true,1,1672700
7290017065380,false,גבינת גרנה פדנו שבבים 29%,מחלבות גד,IT,גבינה גרנה פדנו שבבי,גרמים,100.00,100 גרם,false,,13.90,0.1390,true,1,1903084
7290017065434,false,פרוסות גבינה גאודה הולנדית חצי קשה 200 גרם בית יוסף,מחלבות גד בעמ,NL,גבינה גאודה הולנדית,גרמים,200.00,100 גרם,false,,19.90,0.0995,true,1,1996295
7290017065441,false,פרוסות גבינת גאודה עיזים 30%,מחלבות גד,NL,גבינת גאודה עיזים 20,גרמים,200.00,100 גרם,false,,29.90,0.1495,true,1,1996296
7290017065588,false,יוגורט יווני 10% שומן 600 ג' גד,"מיוצר ע""י קוד יצרן M",IL,יוגורט יווני 600 גרם,גרמים,600.00,100 גרם,false,,15.90,0.0265,true,1,2014375
7290017065618,false,גבינת פקורינו פרוס גד 150 ג',הנסיך- מפעל לייצור ט,ES,גבינת פקורינו פרוס 1,גרמים,150.00,100 גרם,false,,19.90,0.1327,true,1,2014364
7290017065762,false,גבינה יוונית מאנורי 30% שומן 100 ג' גד,מחלבות גד,IL,מאנורי גד,גרמים,100.00,100 גרם,false,,10.90,0.1090,true,1,2119376
7290017065786,false,גבינת צ'דר אנגלית גד 210 ג',מחלבות גד,IL,צדר,גרמים,200.00,100 גרם,false,,18.90,0.0945,true,1,2119377
7290017065878,false,מק אנד צ'יז רוטב לפסטה 200 גרם גד,מחלבות גד,IL,מק אנד ציז,גרמים,200.00,100 גרם,false,,14.90,0.0745,true,1,2124881
7290017065960,false,"רוטב פורצ`יני גד, 200 גרם",מחלבות גד,IL,רוטב פורצ'יני,גרמים,200.00,100 גרם,false,,14.90,0.0745,true,1,2151466
7290017068367,false,שמרים בוואקום 125 גרם,מיה,IL,שמרים,גרמים,125.00,100 גרם,false,,4.90,0.0392,true,1,2064956
7290017068374,false,שמרים בוואקום 500 גרם,angle yeast co ltd,IL,שמרים בוואקים,גרמים,500.00,100 גרם,false,,9.90,0.0198,true,1,1952580
7290017068381,false,"ריבה משמש לל""ג מיה 370 גר' מיה",,,ריבת משמש בדץ,גרמים,370.00,100 גרם,false,,12.90,0.0349,true,1,2045683
7290017068404,false,ריבה מיקס פירות 370 גר' מיה,,,ריבת מיקס פירות בדץ,גרמים,370.00,100 גרם,false,,12.90,0.0349,true,1,2045685
7290017068848,false,סוכריות קישוט לעוגה ציבעוני 200 גר',מיה,IL,סוכריות קישוט לעוגה,גרמים,200.00,100 גרם,false,,7.90,0.0395,true,1,2047723
7290017068909,false,ג'לי לבבות בציפוי שמן 350 גר',מיה תעשיות מזון בעמ,IL,סוכריות ג'לי לבבות,גרמים,350.00,100 גרם,false,,14.90,0.0426,true,1,2047726
7290017068992,false,ערמונים קלופיים וקלו,טאנגשאלן היואן פוד,CN,ערמונים קלופיים וקלו,גרמים,100.00,100 גרם,false,,5.90,0.0590,true,1,2065944
7290017079615,false,עגבניות קוביות שלישייה,,,עגבניות קוביות טעמן,יחידה,0.00,יחידה,false,,14.90,0.0000,true,1,2151165
7290017079639,false,עגבניות קצוצות שלישייה,,,עגבניות קצוצות טעמן,יחידה,0.00,יחידה,false,,14.90,0.0000,true,1,2151166
7290017079677,false,שוקולד חלב טעמן 270,מילאנו ספולקה זד,PL,שוקולד חלב,גרמים,270.00,100 גרם,false,,11.90,0.0441,true,1,2114281
7290017079691,false,שוקולד חלב עם אגוזים 270 גר',מילאנו ספולקה זד,PL,שוקולד חלב עם אגוזים,גרמים,270.00,100 גרם,false,,11.90,0.0441,true,1,2118208
7290017079707,false,שוקולד מריר מעולה עם אגוזי לוז,מילאנו ספולקה זד,PL,שוקולד מריר עם אוגזי,גרמים,270.00,100 גרם,false,,11.90,0.0441,true,1,2114283
7290017079714,false,שוקולד חלב עם בוטנים 270 גר',מילאנו ספולקה זד,PL,שוקולד מריר עם בוטני,גרמים,270.00,100 גרם,false,,11.90,0.0441,true,1,2114284
7290017079769,false,מחית תפוח עץ ובננה בפאוץ פריטוב קידס,טעמן,,מחית פאו'ץ תפוח עץ ב,גרמים,120.00,100 גרם,false,,3.90,0.0325,true,1,2021640
7290017079783,false,מחית תפוח עץ בפאוץ פריטוב קידס,טעמן,,מחית פאו'ץ תפוח עץ,גרמים,120.00,100 גרם,false,,3.90,0.0325,true,1,2021642
7290017079790,false,מחית פירות מעורבים בפאוץ פריטוב קידס,טעמן,,מחית פאו'ץ פירות מעו,גרמים,120.00,100 גרם,false,,3.90,0.0325,true,1,2021643
7290017088006,false,מטליות לניקוי וחיטוי אמבטיה ושירותים בניחוח לבנדר,פרפקט Perfect,,מטליות לניקוי וחיטוי,יח',50.00,יח',false,,9.90,0.1980,true,1,1555899
7290017088068,false,בייביסיטר - חיתולי סטנדרט מידה 4 - 42 יח',בייביסיטר Babysitter,IL,חיתולים בייביסיטר מי,יח',42.00,יח',false,,34.90,0.8310,true,1,1672678
7290017088075,false,בייביסיטר - חיתולי סטנדרט מידה 4+ - 40 יח',בייביסיטר Babysitter,IL,חיתולים בייביסיטר מי,יח',40.00,יח',false,,34.90,0.8725,true,1,1672679
7290017088082,false,בייביסיטר - חיתולי סטנדרט מידה 5 - 36 יח',בייביסיטר Babysitter,IL,חיתולים בייביסיטר מי,יח',36.00,יח',false,,34.90,0.9694,true,1,1672680
7290017088099,false,בייביסיטר - חיתולי סטנדרט מידה 6 - 30 יח',בייביסיטר Babysitter,IL,חיתולים בייביסיטר מי,יח',34.00,יח',false,,34.90,1.0265,true,1,1672681
7290017088501,false,תחבושות טופ פד אקסטרה לונג 20 יח',D.P.L,IT,טופ-פד אקסטרה לונג,יח',20.00,יח',false,,9.90,0.4950,true,1,2032121
7290017088778,false,"ALCO CARE ג'ל ידיים 66% אלכוהול 100 מ""ל",,,אלכוג'ל ידיים בשפופר,מיליליטרים,100.00,"100 מ""ל",false,,4.90,0.0490,true,1,2012755
7290017088822,false,BREEZE תחבושות לבריחת שתן אקסטרה (10 יח'),ניאופארם,IT,BREEZE תחבושות אקסטר,יח',10.00,יח',false,,16.90,1.6900,true,1,2073884
7290017088969,false,חיתולי בייביסיטר ניו בורן מידה 1 42 יח',ניאופארם,PL,חיתולים בייביסיטר NB,יח',42.00,יח',false,,25.90,0.6167,true,1,2097585
7290017094199,false,סלט קוביות חציל ברוטב 200 גר',"סלטי שמיר 2006 בע""מ",IL,מעדן חצילים,גרמים,200.00,100 גרם,false,,9.90,0.0495,true,1,2098691
7290017106069,false,יכין קוביות סלק מבושלות 550 גרם,היינץ צפון אמריקה מק,IL,קוביות סלק 550 גרם,גרמים,550.00,100 גרם,false,,9.90,0.0180,true,1,2007811
7290017121048,false,פלפל צ'ומה 250 גרם עללחם,מדשא תעשיות מזון בעמ,IL,פלפל צ'ומה 250 גרם,גרמים,250.00,100 גרם,false,,12.90,0.0516,true,1,1933796
7290017129495,false,אגו מיקס כדורי תירס מצופים שוקולד חלב 55 גר,כרמית,IL,אגו מיקס כדורי תירס,גרמים,55.00,100 גרם,false,,3.90,0.0709,true,1,1650580
7290017129501,false,אגו מיקס כדורי תירס מצופים שוקולד לבן 55 גר,כרמית,IL,אגו מיקס כדורי תירס,גרמים,55.00,100 גרם,false,,3.90,0.0709,true,1,1650581
7290017129518,false,אגו מיקס כדורי תירס מצופים שוקו.חלב ולבן 55 גר',כרמית,IL,אגו מיקס כדורי תירס,גרמים,55.00,100 גרם,false,,3.90,0.0709,true,1,1650582
7290017129532,false,לקקן תות10 יח' 90 גר' כרמית!,שוגבי,,לקקן תות 90 גרם,גרמים,90.00,100 גרם,false,,4.90,0.0544,true,1,1782491
7290017129549,false,לקקן גלידה 10 יח' 90 גר' כרמית!,,,לקקן גלידה 90 גרם,גרמים,90.00,100 גרם,false,,4.90,0.0544,true,1,1782492
7290017129754,false,"שוקולד מריר מעולה 70% מוצקי קקאו 100 גר בד""ץ",כרמית תעשיות ממתקים,IL,שוקולד מריר מעולה אג,גרמים,100.00,100 גרם,false,,7.90,0.0790,true,1,1699393
7290017129761,false,"שוקולד פרימיום 70% בטעם תפוז בד""ץ 100 גר'",כרמית תעשיות ממתקים,IL,שוקולד מריר תפוז אגו,גרמים,100.00,100 גרם,false,,7.90,0.0790,true,1,1699398
7290017129778,false,"שוקולד פרימיום 70% בטעם קפה בד""ץ 100 גר'",כרמית תעשיות ממתקים,IL,שוקולד מריר קפה אגו,גרמים,100.00,100 גרם,false,,7.90,0.0790,true,1,1699399
7290017129839,false,"שוקולד פרימיום 70% בטעם פטל בד""ץ 100 גר'.",כרמית תעשיות ממתקים,IL,שוקולד מריר פטל אגו,גרמים,100.00,100 גרם,false,,7.90,0.0790,true,1,1699400
7290017129877,false,מיקס לקקנים שטוחים פירות 40*7.5 גר' * 24 בקר',דורקן סקרלמה סאן. וי,TR,מיקס לקקנים,גרמים,300.00,100 גרם,false,,12.90,0.0430,true,1,1785471
7290017142005,false,"שמן קוקוס אורגני כתית 320 מ""ל עץ הזית",אקספלונקה,LK,שמן קוקוס אורגני 320,מיליליטרים,320.00,"100 מ""ל",false,,23.90,0.0747,true,1,1642800
7290017142128,false,"שמן זית כתית מעולה קלאסי עץ הזית 750 מ""ל",שמן תעשיות,IL,"שמן זית 750 מ""ל קלאס",מיליליטרים,750.00,"100 מ""ל",false,,32.90,0.0439,true,1,1792678
7290017142289,false,"תרסיס שמן חמניות לל""ת גז עץ הזית 200מ""ל",שמן תעשיות,IL,תרסיס שמן חמניות מזו,מיליליטרים,200.00,"100 מ""ל",false,,12.90,0.0645,true,1,1836481
7290017142371,false,"שמן שומשום עץ הזית 250 מ""ל",גאה די. או. או.,SI,"שמן שומשום 250 מ""ל",מיליליטרים,250.00,"100 מ""ל",false,,29.90,0.1196,true,1,1995769
7290017142388,false,שמן חמניות אומגה 3 פלוס 1 ליטר עץ הזית,שמן תעשיות,IL,שמן חמניות פלוס אומג,ליטרים,1.00,ליטר,false,,15.90,15.9000,true,1,1975587
7290017197777,false,מגבוני טואלט לחים להיגיינה אישית- מארז שלישייה,פרפקט Perfect,,מגבונים לחים להי,יח',144.00,יח',false,,12.90,0.0896,true,1,1817805
7290017197784,false,מגבונים לחים לעור רגיש ללא בישום - מארז רביעיה,פרפקט Perfect,,רביעיית מגבונים סנסט,יח',288.00,יח',false,,14.90,0.0517,true,1,1692666
7290017266053,false,"וופל עלמה לל""ס במילוי קרם טעם לימון 175 גר",גילרו,IL,וופל לימון קראנץ ללא,גרמים,175.00,100 גרם,false,,6.90,0.0394,true,1,1642755
7290017266060,false,וופל קראנצ`מילוי קרם בטעם שוקולד 175 גר,גילרו,,וופל שוקו קראנץ ללא,גרמים,175.00,100 גרם,false,,6.90,0.0394,true,1,1642072
7290017266916,false,SUN וופל במילוי קרם לימון 200 גרם,"גילרו בע""מ",IL,וופלים במילוי קרם בט,גרמים,200.00,100 גרם,false,,4.90,0.0245,true,1,2138263
7290017275338,false,טחינה גולמית 500 גרם-טורקיז,אחדות ביחר לטחינה חל,IL,טחינה גולמית 500 גרם,גרמים,500.00,100 גרם,false,,13.90,0.0278,true,1,2096212
7290017275369,false,טחינה משומשום מלא 500 גרם-טורקיז,אחדות ביחר לטחינה חל,IL,טחינה משומשום מלא 50,גרמים,500.00,100 גרם,false,,13.90,0.0278,true,1,2096213
7290017275413,false,מיני קצפיות בטעם וניל אחוה 140 גרם,אחדות ביחר לטחינה חל,IL,מיני קצפיות בטעם וני,גרמים,140.00,100 גרם,false,,9.90,0.0707,true,1,2114431
7290017275420,false,מיני קצפיות בטעם תות אחוה 140 גרם,אחדות ביחר לטחינה חל,IL,מיני קצפיות בטעם תות,גרמים,140.00,100 גרם,false,,9.90,0.0707,true,1,2114432
7290017296142,false,גרנולה חלבה ושוקולד,אפקט טבעי,IL,גרנולה חלבה ושוקולד,גרמים,400.00,100 גרם,false,,22.90,0.0572,true,1,2013152
7290017296159,false,גרנולה תפוח וקינמון.,פנינה רוזנבלום,IL,גרנולה תפוח וקינמון.,גרמים,400.00,100 גרם,false,,22.90,0.0572,true,1,2013153
7290017297149,false,גרגירי חומוס להכנת חומוס ביתי 550 גרם,"פרי הגליל בע""""מ",IL,גרגירי חומוס להכנת ח,גרמים,550.00,100 גרם,false,,6.90,0.0125,true,1,2038291
7290017297187,false,לקט ירקות להקפצה 800 גרם פרי הגליל,ויטה פרי גליל,IL,לקט ירקות להקפצה 800,גרמים,800.00,100 גרם,false,,12.90,0.0161,true,1,2042192
7290017297194,false,לקט לקט ירקות לתנור פרי הגליל 800 ג',ויטה פרי גליל,IL,לקט ירקות לתנור 800,גרמים,800.00,100 גרם,false,,12.90,0.0161,true,1,2042200
7290017297200,false,לקט ירקות לצד העוף פרי הגליל 800 ג',ויטה פרי גליל,IL,לקט ירקות לצד העוף 8,גרמים,800.00,100 גרם,false,,12.90,0.0161,true,1,2042193
7290017297217,false,עדשים ירוקות מושרות מבושלות ומקפאות פרי הגליל 800 ג',פרי הגליל,,עדשים ירוקות,גרמים,800.00,100 גרם,false,,14.90,0.0186,true,1,2044458
7290017297224,false,"שעועית אדומה מושרית, מבושלת ומוקפאת",פרי הגליל,,שעועית אדומה פרי הגל,גרמים,800.00,100 גרם,false,,12.90,0.0161,true,1,2046315
7290017297323,false,רוטב עגבניות מרוכז 100 גר' 22 BX טל וטרי,"מילוז(1989)בע""""מ",IL,רוטב עגבניות מרוכז ט,גרמים,100.00,100 גרם,false,,1.50,0.0150,true,1,2086775
7290017297330,false,"טל רוטב עגבניות מרוכז, 240 גרם",טל וטרי,IL,רוטב עגבניות מרוכז,גרמים,240.00,100 גרם,false,,3.50,0.0146,true,1,2113792
7290017297378,false,גרעיני תירס מתוק ללא תוספת סוכר ומלח,פרי הגליל,,תירס ללא סוכר ומלח,גרמים,550.00,100 גרם,false,,6.90,0.0125,true,1,2101048
7290017297620,false,רסק עגבניות 570 גרם-טל A2 B*28,טל,,רוטב עגבניות 22BX A2,גרמים,570.00,100 גרם,false,,5.90,0.0104,true,1,2098690
7290017297637,false,רוטב עגבניות טל וטרי 28% BX A-2,טל,,רוטב עגבניות 28BX,גרמים,580.00,100 גרם,false,,6.50,0.0112,true,1,2098700
7290017297644,false,ברוקולי קפוא גרין אנד פרש 800 גר',גרין אנד פרש Green & Fresh,IL,ברוקולי green & fres,גרמים,800.00,100 גרם,false,,15.90,0.0199,true,1,2100012
7290017297682,false,כרובית מוקפאת גרין אנד פרש 800 גר',גרין אנד פרש Green & Fresh,,כרובית green & fresh,גרמים,800.00,100 גרם,false,,14.90,0.0186,true,1,2100013
7290017297743,false,צ'יפס אמריקאי 800 ג' פרי הגליל,פרי הגליל,,ציפס אמריקאי פרי הגל,גרמים,800.00,100 גרם,false,,9.90,0.0124,true,1,2105430
7290017303482,false,מלאווח שחף 700 גרם,,,מלאווח 700 גרם-שחף,גרמים,700.00,100 גרם,false,,12.90,0.0184,true,1,2080894
7290017325620,false,משקה אורז בתוספת שקדים אורגנים 1 ליטר הר,ליקואטס,ES,משקה אורז בתופסת שקד,מיליליטרים,1000.00,"100 מ""ל",false,,11.90,0.0119,true,1,2127180
7290017374727,false,מברשת אבק מיקרופייבר,,CN,מברשת אבק מיקרופייבר,יח',1.00,יח',false,,9.90,9.9000,true,1,2019659
7290017440231,false,סרקל שמפו לילדים לשיער מתולתל 1 ליטר,"ד""ר פישר Dr fischer",IL,שמפו סרקל 1 ליטר מתו,ליטרים,1.00,ליטר,false,,28.90,28.9000,true,1,1775919
7290017440286,false,"ד""ר פישר - קידס מרכך ויטמינים 750 מ""ל","ד""ר פישר Dr fischer",IL,"מרכך קידס 750 מ""ל",מיליליטרים,750.00,"100 מ""ל",false,,16.90,0.0225,true,1,1969801
7290017440309,false,"ד""ר פישר - קידס שמפו ויטמינים 750 מ""ל","ד""ר פישר Dr fischer",IL,"שמפו קידס 750 מ""ל",מיליליטרים,750.00,"100 מ""ל",false,,16.90,0.0225,true,1,1969802
7290017440682,false,ד.פישר בלונד שמפו לשיער בהיר,"ד""ר פישר Dr fischer",IL,שמפו לשיער בלונד 400,מיליליטרים,400.00,"100 מ""ל",false,,24.90,0.0622,true,1,1995208
7290017440798,false,ד.פישר סילבר מרכך לשיער כסוף 400 מל,מדי פישר,IL,מרכך לשיער כסוף 400,מיליליטרים,400.00,"100 מ""ל",false,,24.90,0.0622,true,1,1945349
7290017440965,false,אל סבון היגייני לניקוי יסודי ולהזנת העור clean & nourish,"ד""ר פישר Dr fischer",IL,קמיל בלו אל סבון ניק,ליטרים,1.00,ליטר,false,,15.90,15.9000,true,1,1944741
7290017457574,false,כדוריות סבון נתלה לאסלה בניחוח פרחים - 3 יח',הנקל סוד,RS,סוד כדוריות אסלה,יח',3.00,יח',false,,14.00,4.6667,true,1,1936911
7290017457581,false,"סוד מרכך כביסה מרוכז קוקוס 900 מ""ל",הנקל סוד,IL,סוד מרכך כביסה 20%+ב,מיליליטרים,900.00,"100 מ""ל",false,,11.90,0.0132,true,1,1941375
7290017457598,false,"מרכך כביסה סוד מרוכז סאמר בלוסום 900 מ""ל",הנקל סוד,IL,סוד מרכך כביסה 20%+ב,מיליליטרים,900.00,"100 מ""ל",false,,11.90,0.0132,true,1,1941376
7290017457727,false,"סוד - מרכך כביסה מרוכז פרש סקיי 900 מ""ל",הנקל סוד,IL,סוד מרכך כביסה 20%+ב,מיליליטרים,900.00,"100 מ""ל",false,,11.90,0.0132,true,1,1941379
7290017457734,false,"סוד - מרכך כביסה מרוכז ווילד רוז 900 מ""ל",הנקל סוד,IL,סוד מרכך כביסה 20%+ב,מיליליטרים,900.00,"100 מ""ל",false,,11.90,0.0132,true,1,1941380
7290017457949,false,"פרסיל א.כ לבגדי תינוקות ולבעלי עור רגיש 2.5 ק""ג",פרסיל Persil,,אבקת כביסה פרסיל שקי,קילוגרמים,2.50,"ק""ג",false,,28.90,11.5600,true,1,2041506
7290017477244,false,שקד מולבן טחון 180 גרם,דין שיווק,IL,שקדים מולבן טחון 180,גרמים,180.00,100 גרם,false,,19.90,0.1106,true,1,1691887
7290017477305,false,זרעי ציה 250 גר שקדי,דין שיווק,IL,זרעי צ'יה 250 גרם,גרמים,250.00,100 גרם,false,,9.90,0.0396,true,1,1691893
7290017477350,false,תערובת לסלט ירוק 200 גרם,דין שיווק,IL,תערובת לסלט ירוק 200,גרמים,200.00,100 גרם,false,,9.90,0.0495,true,1,1691894
7290017477367,false,מטבעות שוקולד לבן לאפיה 300 גרם,דין שיווק,IL,מטבעות שוקולד לבן לא,גרמים,300.00,100 גרם,false,,12.90,0.0430,true,1,1691907
7290017477374,false,מטבעות שוקולד חלב לאפיה 300 גרם,דין שיווק,IL,מטבעות שוקולד חלב לא,גרמים,300.00,100 גרם,false,,12.90,0.0430,true,1,1691908
7290017477381,false,מטבעות שוקולד מריר 45% לאפייה 300ג',דין שיווק,IL,מטבעות שוקולד מריר 4,גרמים,300.00,100 גרם,false,,12.90,0.0430,true,1,1691909
7290017477558,false,"שמן זית כתית מעולה אספניולה 750 מ""ל",,,שמן זית כתית מעולה 7,מיליליטרים,750.00,"100 מ""ל",false,,29.90,0.0399,true,1,2128958
7290017513409,false,תה ירוק SUPER GREEN 87 גרםבטעם אוכמניות ואסאי,תה ויסוצקי,IL,תה ירוק עם צמחים סגו,יחידה,0.00,יחידה,false,,22.90,0.0000,true,1,1988952
7290017513485,false,מחית עגבניות רוסטיקה בלה איטליה 680 ג',היצרן: ס.פ. פודנצנו,IT,מחית עגבניות רוסטיקה,גרמים,680.00,100 גרם,false,,10.90,0.0160,true,1,1990511
7290017513775,false,פליפז בייגלה מצופה שוקולד חלב 140 גרם,שוורצקוף& הנקל דיסלד,TR,בייגלה מצופה שוקולד,גרמים,140.00,100 גרם,false,,8.90,0.0636,true,1,1996467
7290017513829,false,תה ירוק לימונית ג'ינג'ר 25 שקיקים בתוספת ויטמין Cּּ+D,ויסוצקי ירוק,IL,תה ירוק לימונית ג'ינ,גרמים,37.50,100 גרם,false,,22.90,0.6107,true,1,2038236
7290017513867,false,תה ירוק לימונית לואיזה 25 שקיקים בתוספת ויטמין Cּּ+D,תה ויסוצקי,IL,תה ירוק לימונית לואי,גרמים,37.50,100 גרם,false,,22.90,0.6107,true,1,2038229
7290017516295,false,חטיף חלבון פרוטאין אגוז לוז שוקולד 50 גר,פנגיאה,,חטיף פרוטאין אגוז לו,גרמים,50.00,100 גרם,false,,9.90,0.1980,true,1,2043085
7290017516318,false,חטיף חלבון פרוטאין שוקולד 50 גר,פנגיאה,,חטיף פרוטאין שוקולד,גרמים,50.00,100 גרם,false,,9.90,0.1980,true,1,2043086
7290017516332,false,חטיף חלבון פרוטאין חמאת בוטנים 50 גר,פנגיאה,,חטיף פרוטאין חמאת בו,גרמים,50.00,100 גרם,false,,9.90,0.1980,true,1,2043087
7290017516431,false,שוקלד + פנגיאה שוקולד קוקוס שקדים וקפה 300 גרם,ש.ר רגע בטבע,IL,שוקלד + פנגיאה שוקול,גרמים,300.00,100 גרם,false,,29.90,0.0997,true,1,2043089
7290017516486,false,פנגיאה פרוטאין טרופי 50 גרם,פנגיאה,,חטיף פרוטאין טרופי פ,גרמים,50.00,100 גרם,false,,9.90,0.1980,true,1,2043092
7290017589565,false,"יין קלאסיק גוורצטרמינר 750 מ""ל ברקן",יקבי ברקן שיווק והפצ,IL,יין קלאסיק גוורצטרמי,מיליליטרים,750.00,"100 מ""ל",false,,39.90,0.0532,true,1,1868661
7290017589633,false,"רזרב גולד אדישיין קברנה סוביניון 750 מ""ל",יקבי ברקן Barkan,IL,יין רזרב קברנה גולד,מיליליטרים,750.00,"100 מ""ל",false,,59.90,0.0799,true,1,1870941
7290017599267,false,סוכרלוז 120 שקיות ממתיק שולחני,סוכרזית Sucrazit,IL,סוכרזית סוכרלוז 120,גרמים,120.00,100 גרם,false,,23.90,0.1992,true,1,2130286
7290017599274,false,סוכרזית סטיוויה 120 שקיות,ביסקול בעמ,IL,סוכרזית סטיוויה 120,גרמים,120.00,100 גרם,false,,35.90,0.2992,true,1,2130287
7290017599281,false,סוכרזית סטיוויה פלוס,ביסקול,IL,סוכרזית סטיוויה פלוס,יח',100.00,יח',false,,34.90,0.3490,true,1,2150799
7290017617084,false,סטארקיסט מיקס טוגו טונה עם שעועית 185 גרם,דרדנל אוננטאס גידה,TR,טונה סטארקיסט מיקס ט,גרמים,185.00,100 גרם,false,,13.90,0.0751,true,1,2049828
7290017617091,false,סטארקיסט מיקס טוגו טונה עם פתיתים 185 גרם,דרדנל אוננטאס גידה,TR,טונה סטארקיסט מיקס ט,גרמים,185.00,100 גרם,false,,13.90,0.0751,true,1,2049836
7290017617107,false,סטארקיסט מיקס טוגו טונה עם 4 דגנים 185 גרם,"איטיליאן פוד, אס.פי.",TR,טונה סטארקיסט מיקס ט,גרמים,185.00,100 גרם,false,,13.90,0.0751,true,1,2049837
7290017617138,false,טונה בשמן קנולה דל נתרן סטארקיסט 4*160 ג',"סטארקיסט פודור בע""מ",TH,טונה סטארקיסט רביעיה,גרמים,640.00,100 גרם,false,,24.90,0.0389,true,1,2038827
7290017617428,false,מיקס סלמון עם פסטה ברוטב עגבניות 160 ג' סטארקיסט,סטארקיסט,PL,סטארקיסט נתחי סלמון,גרמים,160.00,100 גרם,false,,14.90,0.0931,true,1,2122447
7290017617435,false,מיקס סלמון עם עדשים קינואה וירק 160 ג' סטארקיסט,גראאל אס איי,PL,סטארקיסט נתחי סלמון,גרמים,160.00,100 גרם,false,,14.90,0.0931,true,1,2122448
7290017619019,false,עציץ נוי 80,מיישן,,עציץ נוי,יחידה,0.00,יחידה,false,,69.90,0.0000,true,1,2005190
7290017619316,false,גומא אפור גבוה מוסקו מקלות,מוסקו,,מפיץ ריח אפור גבוה,יחידה,0.00,יחידה,false,,22.90,0.0000,true,1,2005214
7290017637556,false,שמפו לקרקפת שומנית 500 מל מיקי בוגנים,מיקי בוגנים,IL,שמפו לקרקפת שומנית M,מיליליטרים,500.00,"100 מ""ל",false,,23.90,0.0478,true,1,2119723
7290017637594,false,שמפו יומיומי זיכרונות מתוקים 500 מל,מיקי בוגנים,IL,שמפו לשיער רגיל MB S,מיליליטרים,500.00,"100 מ""ל",false,,23.90,0.0478,true,1,2119711
7290017637600,false,מרכך יומיומי זיכרונות מתוקים 500 מל,מיקי בוגנים,IL,מרכך לשיער רגיל MB S,מיליליטרים,500.00,"100 מ""ל",false,,23.90,0.0478,true,1,2119712
7290017637648,false,MB מסיכת הזנה לשיער רגיל 250 מל JASMINE,מיקי בוגנים,IL,מסיכת הזנה לשיער רגי,מטרים,250.00,100 מ'ל,false,,27.90,0.1116,true,1,2119726
7290017637655,false,שמפו קרטין ללא מלחים 500 מל בוגנים,מיקי בוגנים,IL,שמפו ללא מלחים MB KE,מיליליטרים,500.00,"100 מ""ל",false,,23.90,0.0478,true,1,2119727
7290017637662,false,MB שמפו להדגשת גוונים זהובים SHIMMER 500,מיקי בוגנים,IL,שמפו להדגשת גוונים ז,מיליליטרים,500.00,"100 מ""ל",false,,23.90,0.0478,true,1,2119728
7290017637679,false,MB מרכך להדגשת גוונים זהובים SHIMMER 500,מיקי בוגנים,IL,מרכך להדגשת גוונים ז,מיליליטרים,500.00,"100 מ""ל",false,,23.90,0.0478,true,1,2119729
7290017641744,false,"חטיפי קרח גדולים בטעמי פטל, לימון, ענבים ואננס",HIQ FOOD PRODUCTS,IL,שלוקים איגלו סטיקס,מיליליטרים,800.00,"100 מ""ל",false,,5.90,0.0074,true,1,2016299
7290017675008,false,טחינה גולמית היונה,היונה,IL,טחינה היונה 900 גרם,גרמים,900.00,100 גרם,false,,19.90,0.0221,true,1,1707547
7290017677804,false,"רוטב סויה קיקומן ללא חומרים משמרים 444 מ""ל",קיקומן פודז אינק,US,רוטב סויה קיקומן 444,מיליליטרים,444.00,"100 מ""ל",false,,19.90,0.0448,true,1,1948993
7290017677811,false,"רוטב סויה קיקומן ללא חומרים משמרים 296 מ""ל",קיקומן פודז אינק,NL,רוטב סויה קיקומן 296,מיליליטרים,296.00,"100 מ""ל",false,,17.90,0.0605,true,1,1948994
7290017682648,false,מגב חד להב עם תופסן,,,מגב חד להב עם תופסן,יחידה,0.00,יחידה,false,,24.90,0.0000,true,1,2019666
7290017682945,false,מגב חד להב סיליקון+מ,,,מגב חד להב סיליקון+מ,יחידה,0.00,יחידה,false,,34.90,0.0000,true,1,2019667
7290017712192,false,פרמיו נתחי פילה עוף לחתול,פרמיו Premio,FR,פרמיו נתחי פילה עוף,גרמים,100.00,100 גרם,false,,3.90,0.0390,true,1,2145440
7290017712208,false,פרמיו נתחי פילה ברוו,סאטורן,FR,פרמיו פילה ברווז 100,גרמים,100.00,100 גרם,false,,3.90,0.0390,true,1,2145441
7290017712215,false,פרמיו שימורי מזון מל,,,פרמיו מוס עוף לחתלתו,גרמים,100.00,100 גרם,false,,3.90,0.0390,true,1,2145442
7290017712239,false,פרמיו פטה עוף לכלב 150ג',פרמיו Premio,FR,פרמיו פטה עוף לכלב 1,גרמים,150.00,100 גרם,false,,3.90,0.0260,true,1,2145444
7290017712246,false,פרמיו בקר ולבבות לכלב,פרמיו Premio,FR,פרמיו בקר ולבבות 150,גרמים,150.00,100 גרם,false,,3.90,0.0260,true,1,2145445
7290017712260,false,פרמיו פטה סלמון לכלב 150ג',פרמיו Premio,FR,פרמיו פטה סלמון לכלב,גרמים,150.00,100 גרם,false,,3.90,0.0260,true,1,2145446
7290017712277,false,פרמיו פטה כבש לכלב 150ג',פרמיו Premio,FR,פרמיו פטה כבש לכלב 1,גרמים,150.00,100 גרם,false,,3.90,0.0260,true,1,2145447
7290017712581,false,הורייזן עוף לחתול מעדן,הורייזן Horizon,,הורייזן עוף לחתול מע,גרמים,85.00,100 גרם,false,,3.90,0.0459,true,1,2145452
7290017712666,false,הורייזן בקר לכלב ננסי,הורייזן Horizon,DE,הורייזן בקר לכלב ננס,גרמים,100.00,100 גרם,false,,3.90,0.0390,true,1,2145456
7290017712697,false,הורייזן בקר ולבבות לכלב בוגר,הורייזן Horizon,,הורייזן בקר ולבבות ל,גרמים,150.00,100 גרם,false,,5.90,0.0393,true,1,2145459
7290017712703,false,הורייזן עוף לכלב בוגר,הורייזן Horizon,,הורייזן עוף לכלב בוג,גרמים,150.00,100 גרם,false,,5.90,0.0393,true,1,2145460
7290017712758,false,פרמיו סלמון לחתול,פרמיו Premio,FR,פרמיו סלמון 100ג',גרמים,100.00,100 גרם,false,,3.90,0.0390,true,1,2145465
7290017712765,false,פרימו סלמון ופורל לחתול,פרמיו Premio,FR,פרמיו סלמון ופורל 10,גרמים,100.00,100 גרם,false,,3.90,0.0390,true,1,2145466
7290017712789,false,פרמיו סטירליז עוף 100ג',,FR,פרמיו סטירליז עוף 10,גרמים,100.00,100 גרם,false,,3.90,0.0390,true,1,2145468
7290017715186,false,"טורטיה חיטה מלאה 20 ס""מ 320 גרם",,ES,"טורטיה קמח 20 ס""מ",גרמים,320.00,100 גרם,false,,9.90,0.0309,true,1,2049585
7290017724034,false,עוגיות סנדוויץ ריבה,אקלר,IL,עוגיות סנדויץ ריבה,גרמים,250.00,100 גרם,false,,22.90,0.0916,true,1,2074171
7290017724058,false,עוגיות מעדן תמר אגוז,אקלר,IL,עוגיות מעדן תמר אגוז,גרמים,250.00,100 גרם,false,,22.90,0.0916,true,1,2074173
7290017724102,false,עוגיות סיגרים תמרים/,אקלר,IL,עוגיות סיגרים תמרים,גרמים,200.00,100 גרם,false,,22.90,0.1145,true,1,2074219
7290017724157,false,עוגיות מעדן תפוע ללא,אקלר,IL,"עוגיות מעדן תפו""ע לל",גרמים,200.00,100 גרם,false,,22.90,0.1145,true,1,2074243
7290017724164,false,עוגיות אוזניים ללא ת,אקלר,IL,עוגיות אוזניים ללא ת,גרמים,200.00,100 גרם,false,,22.90,0.1145,true,1,2074233
7290017724201,false,עוגיות ואן גוך ללא ת,אקלר,IL,עוגיות ואן גוך ללא ת,גרמים,250.00,100 גרם,false,,22.90,0.0916,true,1,2074244
7290017724256,false,עוגיות שומשומיות ללא,אקלר,IL,שומשומית ללא תוספת ס,גרמים,200.00,100 גרם,false,,22.90,0.1145,true,1,2074246
7290017724263,false,עוגיות בטהובן ללא תו,אקלר,IL,עוגיות בטהובן ללא תו,גרמים,300.00,100 גרם,false,,22.90,0.0763,true,1,2074247
7290017724270,false,עוגיות אקלר אשכול בר,,,עוגיות אשכול בריאות,גרמים,200.00,100 גרם,false,,22.90,0.1145,true,1,2074248
7290017724287,false,עוגיות אקלר אצבעות פ,אקלר,IL,אצבעות פאקן ללא תוספ,גרמים,250.00,100 גרם,false,,22.90,0.0916,true,1,2074254
7290017724294,false,עוגיות אקלר גנולה צי,,,גרנולה ציפס חמוציות,גרמים,200.00,100 גרם,false,,22.90,0.1145,true,1,2074255
7290017724300,false,עוגיות גרנולה אקלר 2,,,עוגיות גרנולה,גרמים,250.00,100 גרם,false,,22.90,0.0916,true,1,2074237
7290017812052,false,יין שיראז קברנה סוביניון אקסלנס Excellence,יקבי כרמל Carmel Winery,IL,יין קברנה סוביניון א,מיליליטרים,750.00,"100 מ""ל",false,,24.90,0.0332,true,1,1813976
7290017812069,false,יין אמרלד ריזלינג שרדונה אקסלנס Excellence,יקבי כרמל Carmel Winery,IL,יין שרדונה אקסלנס רי,מיליליטרים,750.00,"100 מ""ל",false,,24.90,0.0332,true,1,1813977
7290017812571,false,יין תירוש אדום 100%ה טבעי 1 ליטר,יקבי כרמל Carmel Winery,IL,מיץ ענבים תירוש אדום,ליטרים,1.00,ליטר,false,,19.90,19.9000,true,1,2004473
7290017812588,false,יין תירוש לבן 100%ה טבעי 1 ליטר,יקבי כרמל Carmel Winery,IL,מיץ ענבים תירוש לבן,ליטרים,1.00,ליטר,false,,19.90,19.9000,true,1,2004474
7290017812618,false,מיץ ענבים תירוש רוזה 1 ליטר.,כרמל מזרחי,IL,תירוש ענבים 1 ליטר,ליטרים,1.00,ליטר,false,,19.90,19.9000,true,1,2004476
7290017812656,false,תירוש מבעבע מיץ ענבים מבעבע אדום,מנדלז סי.אר. פרודקשן,IL,תירוש מבעבע אדום,מיליליטרים,750.00,"100 מ""ל",false,,19.90,0.0265,true,1,2050180
7290017812861,false,"יין וינו לבן יבש 750 מ""ל",כרמל מזרחי,IL,יין לבן וינו,מיליליטרים,750.00,"100 מ""ל",false,,18.90,0.0252,true,1,2041653
7290017816111,false,פתי בר מקמח כוסמין 220 גרם,אפיפית הדר,IL,פתיבר 220 גרם,גרמים,220.00,100 גרם,false,,9.90,0.0450,true,1,2041688
7290017871363,false,פמילי יהלום- פמלי סבון ידיים מועשר בשמן מקדמיה לניקוי וטיפוח עור הידיים,המאפיה של הרמן,TR,אל סבון פמילי יהלום,מיליליטרים,500.00,"100 מ""ל",false,,9.90,0.0198,true,1,2013391
7290017871370,false,פמילי יהלום- סבון ידיים מועשר בשמן אבוקדו לניקוי וטיפוח עור הידיים,המאפיה של הרמן,TR,אל סבון פמילי יהלום,מיליליטרים,500.00,"100 מ""ל",false,,9.90,0.0198,true,1,2013392
7290017871554,false,טוסו חטיף תמרים ושברי קקאו ללא גלוטן וללא תוספת סוכר,תות תעשיות מזון,IL,חטיף תמרים ושברי קקא,גרמים,140.00,100 גרם,false,,16.90,0.1207,true,1,1988883
7290017871950,false,פרשוואנס נייר טואלט לח מתכלה בניחוח לוונדר מארז שלישייה,פרש-וואנס,,מארז שלישייה נייר טו,יח',40.00,יח',false,,14.90,0.3725,true,1,2047201
7290017871974,false,גלי מרמולייט תות שדה,אשבל מזון פונקציונאל,IL,ג'לי טוסו בטעם תות ש,גרמים,25.00,100 גרם,false,,9.90,0.3960,true,1,2040629
7290017872162,false,טוסו - עוגיות אגוזי לוז ללא סוכר 200 גרם,היינץ צפון אמריקה מק,IL,טוסו עוגיות אגוזי לו,גרמים,200.00,100 גרם,false,,14.90,0.0745,true,1,2011499
7290017872179,false,טוסו - עוגיות טחינה ללא סוכר 200 גרם,היינץ צפון אמריקה מק,IL,טוסו עוגיות טחינה 20,גרמים,200.00,100 גרם,false,,14.90,0.0745,true,1,2011500
7290017872186,false,טוסו - עוגיות פקאן ללא סוכר 200 גרם,היינץ צפון אמריקה מק,IL,טוסו עוגיות פקאן 200,גרמים,200.00,100 גרם,false,,14.90,0.0745,true,1,2011501
7290017872230,false,פרש וונס מגבונים נטורל 100 יח דיספנסר,פרש וואנס Fresh Ones,IL,מגבונים פרשוואנס 100,יח',100.00,יח',false,,7.90,0.0790,true,1,2074322
7290017872278,false,טוסו חטיף קראנצ'י בטעם בוטנים וחלווה 105 גר',תות ממתקי איכות,IL,חטיף טוסו קראנצ'י בט,גרמים,140.00,100 גרם,false,,16.90,0.1207,true,1,2011524
7290017872650,false,"פמלי יהלום-סבון ידיים 500מ""ל עם שמן לבנדר",המאפיה של הרמן,TR,אל סבון פמילי יהלום,מיליליטרים,500.00,"100 מ""ל",false,,9.90,0.0198,true,1,2022958
7290017872667,false,"סבון ידיים פמלי יהלום שמן קמומיל 500 מ""ל",המאפיה של הרמן,TR,אל סבון פמילי יהלום,מיליליטרים,500.00,"100 מ""ל",false,,9.90,0.0198,true,1,2022959
7290017872865,false,בייביביס חטיפי דגנים אפויים לתינוקות בטעם גזר ועגבנייה,טאטא גלובל בוורג'ס,IL,חטיפי דגנים אפויים ב,גרמים,35.00,100 גרם,false,,12.90,0.3686,true,1,2115199
7290017872872,false,בייביביס חטיפי דגנים אפויים לתינוקות בטעם גזר וסלק,טאטא גלובל בוורג'ס,IL,חטיפי דגנים אפויים ב,גרמים,35.00,100 גרם,false,,12.90,0.3686,true,1,2115200
7290017888026,false,"משקה אננס תפוח גזר פרות & ווג 350 מ""ל",פרוט אנד וג' Fruit & Veg,IL,משקה קל אננס תפוח גז,מיליליטרים,350.00,"100 מ""ל",false,,6.50,0.0186,true,1,1936945
7290017888095,false,"רביעיית פחיות שוופס מוגז עדין פירות יער 330 מ""ל.",יפאורה תבורי,IL,רביעיית פחיות שוופס,ליטרים,1.32,ליטר,false,,12.80,9.6970,true,1,1933790
7290017888729,false,שוופס סודה בקבוק 1 ל',"יפאורה תבורי בע""מ",IL,סודה שוופס 1 ליטר,ליטרים,1.00,ליטר,false,,3.90,3.9000,true,1,2013556
7290017888972,false,בקבוק מי עדן פקק ספורט 1 ליטר,מופק ממקור בזלתי עדן,IL,מי עדן 1 ליטר פקק ספ,ליטרים,1.00,ליטר,false,,4.90,4.9000,true,1,2019655
7290017894072,false,אקופרנד אבקת הלבנה א,אקופרנד,IL,אבקת הלבנה אקולוגי 5,גרמים,500.00,100 גרם,false,,17.90,0.0358,true,1,2010801
7290017917283,false,"מגבוני קמיל בלו ד""ר פישר ללא בישום רביעי",פישר תעשיות,IL,רביעיית מגבונים קמיל,4 יח',256.00,4 יח',false,,15.90,0.0621,true,1,1993113
7290017917405,false,מגבוני פוליאסטר מיוחדים לשימוש בשבת,"ד""ר פישר",,מגבוני פוליאסטר מיוח,יח',40.00,יח',false,,9.90,0.2475,true,1,2019990
7290017917467,false,קמיל בלו סנסטי בשיבולת שועל אל סבון טיפולי לתינוק,"ד""ר פישר Dr fischer",IL,קמיל בלו אל סבון שיב,ליטרים,1.00,ליטר,false,,24.90,24.9000,true,1,1969805
7290017917634,false,קמיל בלו סנס.שמפו ללא דמעות 750 מל א.זוג,פישר תעשיות,IL,מארז זוג קמיל בלו אל,מיליליטרים,1500.00,"100 מ""ל",false,,29.90,0.0199,true,1,1988677
7290017917665,false,קמיל בלו סנסיטיב אל סבון עדין לתינוק,פישר תעשיות,IL,מארז זוג קמיל בלו אל,מיליליטרים,1500.00,"100 מ""ל",false,,29.90,0.0199,true,1,1988678
7290017928036,false,מאיר בייגל מקלות גריסיני שומשום 175 ג',מאיר את בייגל,IL,בייגל מקלות גריסיני,גרמים,175.00,100 גרם,false,,9.90,0.0566,true,1,1993462
7290017928043,false,מאיר בייגל גריסיני קראנץ' מלח 175 ג',מאיר את בייגל,IL,בייגל גריסיני קראנץ,גרמים,175.00,100 גרם,false,,9.90,0.0566,true,1,1993463
7290017928098,false,מאיר בייגל שטוחלה מלח 330 גר',מאיר את בייגל,IL,בייגל שטוחלה מלח 330,גרמים,300.00,100 גרם,false,,9.90,0.0330,true,1,2094198
7290017928128,false,בייגלה מקלות מלח 400,מאיר בייגל,,בייגל ה מקלות 400 גר,גרמים,400.00,100 גרם,false,,9.90,0.0248,true,1,2146291
7290017928210,false,מאיר בייגל בייגלה גדול שומשום 300 גר',מאיר את בייגל,IL,בייגלה גדול שומשום 2,גרמים,250.00,100 גרם,false,,9.90,0.0396,true,1,1993448
7290017928432,false,מאיר בייגל מקלות גריסיני קראנץ פרג 175גר,מאיר את בייגל,IL,בייגל גריסיני קראנץ,גרמים,175.00,100 גרם,false,,9.90,0.0566,true,1,1993467
7290017928449,false,מאיר בייגל שטוחלה פרו מלח 170 ג',מאיר את בייגל,IL,בייגל שטוחלה פרו מלח,גרמים,170.00,100 גרם,false,,9.90,0.0582,true,1,1993450
7290017928524,false,בייגלה שטוח ניגובים מלח 330 ג' מאיר בייגל,מאיר את בייגל,IL,בייגל שטוחלה ניגובים,גרמים,330.00,100 גרם,false,,9.90,0.0300,true,1,2094574
7290017928609,false,בייגלה טבעות עם שומשום 300גרם- .חדש,מאיר את בייגל,IL,בייגלה טבעות שומשום,גרמים,300.00,100 גרם,false,,9.90,0.0330,true,1,1993451
7290017928616,false,מאיר בייגל שטוחהלה שומשום 300 גר',מאיר את בייגל,IL,בייגל שטוחלה שומשום,גרמים,300.00,100 גרם,false,,9.90,0.0330,true,1,1993468
7290017928630,false,"גריסיני קראנץ' פינוקים שומשום, קצח, שום ובצל",מאיר את בייגל,IL,בייגל גריסיני קראנץ,גרמים,175.00,100 גרם,false,,9.90,0.0566,true,1,1993469
7290017928661,false,מאיר בייגל -סמאש-שבורים בטעם צ'דר 300 גרם,מאיר בייגל,BG,בייגל סמאש שבורים בט,גרמים,300.00,100 גרם,false,,12.90,0.0430,true,1,2096847
7290017928685,false,בייגלה שמיניות עם מלח 400גרם -חדש,מאיר את בייגל,IL,בייגלה שמיניות מלח 4,גרמים,400.00,100 גרם,false,,9.90,0.0248,true,1,2094192
7290017928722,false,בייגלה שטוח ניגובים שומשום 300 ג' מאיר בייגל,מאיר את בייגל,IL,בייגל שטוחלה ניגובים,גרמים,300.00,100 גרם,false,,9.90,0.0330,true,1,2094575
7290017928807,false,בייגלה אצבעות עם שומשום 300גרם - חדש,מאיר את בייגל,IL,בייגלה אצבעות שומשום,גרמים,300.00,100 גרם,false,,9.90,0.0330,true,1,1993453
7290017928821,false,מאיר בייגל מקלות גריסיני קלאסי 200 גרם,מאיר את בייגל,IL,בייגל מקלות גריסיני,גרמים,200.00,100 גרם,false,,9.90,0.0495,true,1,1993471
7290017993454,false,מחית וניל,,,מחית וניל,גרמים,60.00,100 גרם,false,,79.90,1.3317,true,1,2103712
7290018024003,false,חסה ערבית,,,חסה ערבית,יחידה,0.00,יחידה,false,,3.90,0.0000,true,1,2054396
7290018024027,false,סלק עלים יח',,,סלק עלים,יחידה,0.00,יחידה,false,,4.90,0.0000,true,1,2053370
7290018024034,false,סלרי עלים יח',,,סלרי עלים,יחידה,0.00,יחידה,false,,4.90,0.0000,true,1,2053371
7290018024041,false,סלרי ראש יח',,,סלרי ראש,יחידה,0.00,יחידה,false,,4.90,0.0000,true,1,2053372
7290018024058,false,פטרוזיליה ארוז,,,פטרוזיליה ארוז,יחידה,0.00,יחידה,false,,3.90,0.0000,true,1,2053373
7290018024065,false,כוסברה ארוז,,,כוסברה ארוז,יחידה,0.00,יחידה,false,,3.90,0.0000,true,1,2053374
7290018024072,false,נענע ארוז,,,נענע ארוז,יחידה,0.00,יחידה,false,,3.90,0.0000,true,1,2053375
7290018024089,false,שמיר ארוז,,,שמיר ארוז,יחידה,0.00,יחידה,false,,3.90,0.0000,true,1,2053376
7290018024096,false,שורש פטרוזיליה יח',,,שורש פטרוזיליה,יחידה,0.00,יחידה,false,,3.90,0.0000,true,1,2054397
7290018024201,false,אספרגוס יח',,,אספרגוס,גרמים,400.00,100 גרם,false,,29.90,0.0747,true,1,2053380
7290018024256,false,לבבות קיסר,,,לבבות קיסר,יחידה,0.00,יחידה,false,,7.90,0.0000,true,1,2053508
7290018024362,false,חסה סלנובה,,,חסה סלנובה,יחידה,0.00,יחידה,false,,9.90,0.0000,true,1,2053496
7290018043189,false,פראוד - חטיף חלבון בטעם קשיו קרמל 60 גרם,מרס נדרלנד,NL,חטיף פרוטאין קשיו מק,גרמים,60.00,100 גרם,false,,10.90,0.1817,true,1,2044517
7290018043196,false,פראוד - חטיף חלבון בטעם שוקולד לבן עוגיות 60 גרם,הרת'סייד פוד סולושיי,NL,חטיף פרוטאין עוגיות,גרמים,60.00,100 גרם,false,,10.90,0.1817,true,1,2044518
7290018045497,false,בון בון דגנים במילוי קרם שוקולד 480 גרם,monday,DE,דגנים במילוי קרם שוק,גרמים,480.00,100 גרם,false,,23.90,0.0498,true,1,2104523
7290018045893,false,בון בון דגנים במילוי קרם נוגט 480 גרם,monday,DE,דגנים במילוי קרם נוג,גרמים,480.00,100 גרם,false,,23.90,0.0498,true,1,2104525
7290018071205,false,כפפות ניטרו כחולות אלסטיות S 100יח',סייף טאצ,CN,כפפות ויניל ללא אבקה,יח',100.00,יח',false,,29.90,0.2990,true,1,2096115
7290018071212,false,כפפות ניטרו כחולות אלסטיות M ללא אבקה 100יח',סייף טאצ,CN,כפפות ויניל ללא אבקה,יח',100.00,יח',false,,29.90,0.2990,true,1,2096116
7290018071229,false,כפפות ניטרו כחולות אלסטיות L ללא אבקה 100יח',סייף טאצ,CN,כפפות ויניל ללא אבקה,יח',100.00,יח',false,,29.90,0.2990,true,1,2096117
7290018075951,false,"סכין משוננת 11 ס""מ פ",,,"סכין משוננת 11 ס""מ פ",יחידה,0.00,יחידה,false,,12.90,0.0000,true,1,2042926
7290018091029,false,מקלות פילו תפוחי אדמה מעדנות 450 ג',תנובה מעדנות,IL,"מקלות פילו תפו""א מעד",גרמים,450.00,100 גרם,false,,16.90,0.0376,true,1,2009309
7290018091661,false,פיצה ירקות שוק מעדנות 330 גרם,"מעדנות בע""מ",IL,פיצה שוק,גרמים,330.00,100 גרם,false,,19.90,0.0603,true,1,2099402
7290018091876,false,"מאפה פילו גבינה, 320 גרם מעדנות","מעדנות בע""מ",IL,מאפה פילו גבינה מעדנ,גרמים,320.00,100 גרם,false,,18.90,0.0591,true,1,2125137
7290018132388,false,מטרנה גולד בדץ שלב 2 700 גרם,מטרנה,IL,מטרנה גולד שלב 2 700,גרמים,700.00,100 גרם,false,,74.90,0.1070,true,1,2136398
7290018156513,false,"ד""ר פישר - אלכוג'ל מגבונים היגיינים לידיים 40 יח'",,IL,אלכוגי'ל וויפס מגבונ,10 יח',40.00,10 יח',false,,29.90,0.7475,true,1,2008226
7290018165010,false,"יין רזרב גולד גוורצטרמינר 750 מ""ל ברקן",יקבי ברקן שיווק והפצ,IL,יין רזרב גולד גוורצט,מיליליטרים,750.00,"100 מ""ל",false,,59.90,0.0799,true,1,1994317
7290018165027,false,"יין רזרב גולד רוזה 750 מ""ל ברקן",יקבי ברקן שיווק והפצ,IL,יין רזרב גולד רוזה,מיליליטרים,750.00,"100 מ""ל",false,,59.90,0.0799,true,1,1994318
7290018165447,false,"יין רזרב GOLD EDITION מרלו 750 מ""ל",יקבי ברקן שיווק והפצ,IL,יין רזרב גולד מרלו 7,מיליליטרים,750.00,"100 מ""ל",false,,59.90,0.0799,true,1,2042749
7290018195086,false,חלב מרוכז טעמן 340 גרם,,,חלב מרוכז 340גר',גרמים,340.00,100 גרם,false,,12.90,0.0379,true,1,2151167
7290018195178,false,שוקולד מריר 62% קקאו 100 גרם טעמן,אס.קיי ראיס אינטרנשי,PL,שוקולד מריר 62% 100,גרמים,100.00,100 גרם,false,,5.90,0.0590,true,1,2129233
7290018195345,false,"שמן קנולה ""טעים"" 1 ליטר טעמן",טעים,IL,שמן קנולה טעמן,ליטרים,1.00,ליטר,false,,9.90,9.9000,true,1,2115055
7290018195529,false,תבשיל אורז מג'דרה 250 גרם,,,ארוחת אורז מג'דרה,יחידה,0.00,יחידה,false,,9.90,0.0000,true,1,2151169
7290018195543,false,תבשיל אורז בסגנון מקסיקני 250 גרם,,,ארוחת אורז שעועית אד,יחידה,0.00,יחידה,false,,9.90,0.0000,true,1,2151171
7290018198056,false,תפוגן קוביות תפוחי אדמה 9*1.5קג,עיצובים 2020 (4.5),,תפוגן קוביות תפוח אד,קילוגרמים,1.50,"ק""ג",false,,22.90,15.2667,true,1,2016660
7290018198148,false,"תפוגן קריספי צ'יפס קלאסי 1.25 ק""ג",עיצובים 2020 (4.5),IL,תפוגן קריספי ציפס קל,קילוגרמים,1.25,"ק""ג",false,,22.90,18.3200,true,1,2065801
7290018198209,false,תפוגן ציפס בטטה קראנ,"תעשיות תפוגן בע""מ",IL,תפוגן צ'יפס בטטה קרא,גרמים,500.00,100 גרם,false,,17.90,0.0358,true,1,2042704
7290018198254,false,"תפוגן קריספי צ'יפס פוטטוס 1.25 ק""ג",עיצובים 2020 (4.5),IL,תפוגן קריספי ציפס פו,קילוגרמים,1.25,"ק""ג",false,,22.90,18.3200,true,1,2065802
7290018228265,false,"מגב לרצפה 40 ס""מ",,,"מגב לרצפה 40 ס""מ",יחידה,0.00,יחידה,false,,9.90,0.0000,true,1,2066146
7290018228463,false,מקל למטאטא/מגב 1.3 מ,,,מקל למטאטא/מגב 1.3 מ,יחידה,0.00,יחידה,false,,4.90,0.0000,true,1,2066148
7290018228586,false,מפיץ ריח באמצעות מקל,,,מפיץ ריח מיוחד,יחידה,0.00,יחידה,false,,29.90,0.0000,true,1,2102781
7290018237397,false,עוף טוב פסטרמה מקורמלת נתח שלם 8*300 גרם,מולינו ניקולי s.p.a,IL,עוף טוב פסטרמה מקורמ,גרמים,300.00,100 גרם,false,,27.90,0.0930,true,1,2080112
7290018237502,false,עוף טוב דק דק כתף בקר 200 גר',"עוף טוב (שאן) בע""מ",IL,עוף טוב דק דק כתף בק,גרמים,200.00,100 גרם,false,,16.90,0.0845,true,1,2099319
7290018237939,false,שניצלונים ציפוי שומשום עוף טוב 700 גרם,עיצובים 2020 (4.9),IL,שניצלונים ציפוי שומש,גרמים,700.00,100 גרם,false,,19.90,0.0284,true,1,2117517
7290018237960,false,עוף טוב כתף בקר עסיסי 265 גר',עיצובים 2020 (4.9),IL,עוף טוב כתף בקר עסיס,גרמים,320.00,100 גרם,false,,24.90,0.0778,true,1,2128537
7290018249802,false,ממתיק סוויטאנגו צנצנת 280 גרם,סוויטאנגו Sweetango,IL,ממתיק סוויטאנגו צנצנ,גרמים,280.00,100 גרם,false,,26.90,0.0961,true,1,2048690
7290018276174,false,שקית אישית פיור וואי,,,שקית אישית פיור וואי,גרמים,33.00,100 גרם,false,,5.90,0.1788,true,1,2041080
7290018282441,false,ג'ל 70% אלכוהול מועשר באלוורה,ויש Vish,,ג'ל לניקוי ידיים 500,מיליליטרים,500.00,"100 מ""ל",false,,14.90,0.0298,true,1,2021389
7290018294208,false,"סלקטד אדום יין ישראלי, 750 מ""ל","כד בני דרום בע""מ",IL,יין אדום יבש סלקטד,מיליליטרים,750.00,"100 מ""ל",false,,29.90,0.0399,true,1,2078492
7290018333082,false,אגו מיקס קורנפלקס מצופה ש.חלב 55 גר' 24 בקר' בדצ,כרמית,IL,אגו מיקס קורנפלקס,גרמים,55.00,100 גרם,false,,3.90,0.0709,true,1,2024194
7290018333099,false,אגו מיקס קורנפלקס מצופה ש.חלב ולבן 55גר' 24 בקר',כרמית,IL,אגו מיקס קורנפלקס,גרמים,55.00,100 גרם,false,,3.90,0.0709,true,1,2024195
7290018333945,false,חטיף אגוזים רפאלס שקד ווניל בדצ 150 גר *12יח,כרמית תעשיות ממתקים,IL,חטיף אגוזים רפאלס שק,גרמים,150.00,100 גרם,false,,14.90,0.0993,true,1,2075958
7290018333952,false,חטיף אגוזים רפאלס וחמוציות בדצ 150 גר *12יח,כרמית תעשיות ממתקים,IL,חטיף אגוזים רפאלס חמ,גרמים,150.00,100 גרם,false,,14.90,0.0993,true,1,2075965
7290018333969,false,חטיף גרנולה רפאלס שקדים וטחינה בדצ 150 גר *12יח,כרמית תעשיות ממתקים,IL,חטיף גרנולה רפאלס שק,גרמים,150.00,100 גרם,false,,14.90,0.0993,true,1,2075966
7290018339077,false,ריקו טורטליני עוף 100% חיטת דורום,פסטה ריקו Pasta Ricco,IL,טורטליני עוף 300 גרם,גרמים,300.00,100 גרם,false,,29.90,0.0997,true,1,2151070
7290018339084,false,ריקו טורטליני ראגו 100% חיטת דורום,פסטה ריקו Pasta Ricco,IL,טורטליני ראגו מכסה א,גרמים,300.00,100 גרם,false,,29.90,0.0997,true,1,2151071
7290018339091,false,ריקו אניולוטי ראגו 100% חיטת דורום,פסטה ריקו Pasta Ricco,IL,אניולוטי ראגו מכסה א,גרמים,300.00,100 גרם,false,,29.90,0.0997,true,1,2151072
7290018343296,false,דר פישר אלכוגל H לידיים 100 מל,מדי פישר,IL,"אלכוג'ל 100 מ""ל",מיליליטרים,100.00,"100 מ""ל",false,,9.90,0.0990,true,1,2010184
7290018343517,false,מגבוני אלכוג'ל פרמה וויפס לניקוי משטחים פישר 60 יח',פישר תעשיות,IL,אלכוג'ל פרמה וויפס -,10 יח',60.00,10 יח',false,,19.90,0.3317,true,1,2023995
7290018359471,false,חטיף קראנצ'י תפוחים טבעי יכין,יכין,IL,חטיף קראנצ'י תפוחים,גרמים,18.00,100 גרם,false,,9.90,0.5500,true,1,2096906
7290018359495,false,תירס מהשדה בלי תוספת סוכר יכין 550 גרם,היינץ צפון אמריקה מק,IL,תירס השדה בלי תוספת,גרמים,550.00,100 גרם,false,,8.90,0.0162,true,1,2032571
7290018359716,false,רוטב עגבניות פיצה טוסקנה 240 גרם יכין,"זנלכל בע""מ",IL,רוטב פיצה טוסקנה 240,גרמים,240.00,100 גרם,false,,5.50,0.0229,true,1,2060181
7290018359860,false,רסק עגבניות ליקופן טבעי יכין 200 גר*2,זנלכל,IL,רסק עגבניות ליקופן ט,גרמים,400.00,100 גרם,false,,12.90,0.0323,true,1,2107332
7290018359884,false,פולפה ליקופן טבעית יכין 400 גר*2,זנלכל,IL,שימורי עגבניות פולפה,גרמים,800.00,100 גרם,false,,16.90,0.0211,true,1,2107325
7290018380253,false,שימורי מזון מלא לכלבים בוגרים עם עוף,באדי Buddy,HU,מזון לכלב עם עוף,גרמים,415.00,100 גרם,false,,3.90,0.0094,true,1,2040018
7290018380260,false,"מזון לכלב עם כבד ""באדי"" 400 גרם",,HU,מזון לכלב עם כבד,גרמים,400.00,100 גרם,false,,3.90,0.0097,true,1,2050312
7290018380277,false,שימורים מזון מלא לכלבים בוגרים עם בשר אייל,באדי Buddy,HU,מזון לכלב עם בשר ציד,גרמים,415.00,100 גרם,false,,3.90,0.0094,true,1,2040019
7290018380291,false,"מזון לחתול עם בשר עוף ""באדי"" 400 גרם",באדי Buddy,HU,מזון לחתול עם בשר עו,גרמים,415.00,100 גרם,false,,3.90,0.0094,true,1,2040021
7290018380307,false,"מזון לחתול עם בשר כבד ""באדי"" 400 גרם",באדי Buddy,HU,מזון לחתול עם בשר כב,גרמים,415.00,100 גרם,false,,3.90,0.0094,true,1,2040022
7290018380314,false,שימורי מזון מלא לחתולים עם דגים,באדי Buddy,HU,מזון לחתול עם דגים,גרמים,415.00,100 גרם,false,,3.90,0.0094,true,1,2040023
7290018380321,false,שימורי מזון מלא לחתולים עם בשר אייל,באדי Buddy,HU,מזון לחתול עם בשר צי,גרמים,415.00,100 גרם,false,,3.90,0.0094,true,1,2040024
7290018380628,false,צלפים שלמים עם גבעול בחומץ 370 גרם,,MA,צלפים שלמים עם גבעול,גרמים,370.00,100 גרם,false,,8.90,0.0241,true,1,2125302
7290018394021,false,פטריות מלך היער תקוע,חוות פטריות תקוע,IL,פטריות מלך היער,גרמים,200.00,100 גרם,false,,12.90,0.0645,true,1,2072160
7290018394038,false,פיטריות שיטאקי מיובשות חוות תקוע,חקלאי,IL,פטריות שיטאקי מיובשו,גרמים,25.00,100 גרם,false,,7.90,0.3160,true,1,2043169
7290018394069,false,ביציי שליו 12 יח' בת,,,ביציי שליו 12 יח' בת,יחידה,0.00,יחידה,false,,14.90,0.0000,true,1,2067088
7290018394076,false,שום שחור תקוע 60 גרם,,,שום שחור,גרמים,60.00,100 גרם,false,,9.90,0.1650,true,1,2101307
7290018394083,false,שום פנינה תקוע 200 ג,חקלאי,IL,שום פנינה,גרמים,200.00,100 גרם,false,,9.90,0.0495,true,1,2101308
7290018394144,false,בצלצלי איזי שאלוט תק,,,בצלצלי איזי שאלוט,גרמים,350.00,100 גרם,false,,12.90,0.0369,true,1,2123664
7290018400036,false,חגיגת טעמים כתומים סנפרוסט 800 גרם,"סנפרוסט בע""מ",IL,חגיגת טעמים כתומים 8,גרמים,800.00,100 גרם,false,,24.90,0.0311,true,1,2072089
7290018400807,false,טברנה יוונית סנפרוסט 800 גרם,"סנפרוסט בע""מ",IL,לקט ירקות טברנה יוונ,גרמים,800.00,100 גרם,false,,21.90,0.0274,true,1,2037823
7290018440070,false,תרכיז עגבניות בשפורפרת 28BX בלה איטליה 200 ג',בלה איטליה Bella Italia,IT,תרכיז עגבניות בשפורפ,גרמים,200.00,100 גרם,false,,7.90,0.0395,true,1,2043517
7290018440223,false,חווית הצ'אי- מסאלה עוצמתי,תה ויסוצקי,IL,צאי מסאלה,גרמים,50.00,100 גרם,false,,17.90,0.3580,true,1,2097115
7290018440230,false,צ'אי ורדים 25 שק' ויסוצקי,תה ויסוצקי,IL,צאי מסאלה,גרמים,50.00,100 גרם,false,,17.90,0.3580,true,1,2097116
7290018440254,false,צ'אי קרמל מלוח 25 שק' ויסוצקי,תה ויסוצקי,IL,צאי מסאלה,גרמים,50.00,100 גרם,false,,17.90,0.3580,true,1,2097118
7290018440391,false,תה ירוק מאטה נענע גוארנה 25 שק' ויסוצקי,תה ויסוצקי,IL,תה ירוק מאטה נענע גו,גרמים,37.50,100 גרם,false,,22.90,0.6107,true,1,2095972
7290018440407,false,מאטה תה ירוק מאטה בטעם קקאו ואגוזי לוז,תה ויסוצקי,IL,תה ירוק מאטה קקאו לו,גרמים,37.50,100 גרם,false,,22.90,0.6107,true,1,2095965
7290018440438,false,טונה קאלוו איזי פליפ בשמן 65 גר*3,קאלבו קונסרבס ס.ל.ו,ES,טונה EASY FLIP בשמן,יחידה,0.00,יחידה,false,,22.90,0.0000,true,1,2138349
7290018440476,false,פליפז בייגלה מצופה בקרם עוגת גבינה ותותים 140 גרם,אולקר מקבוצת פלאדיס,TR,בייגלה מצופה ברקם עו,גרמים,140.00,100 גרם,false,,8.90,0.0636,true,1,2083412
7290018440483,false,פליפז בייגלה מצופה בקרמל מלוח ושוקולד 140 גרם,שוורצקוף& הנקל דיסלד,TR,בייגלה מצופה שוקולד,גרמים,140.00,100 גרם,false,,8.90,0.0636,true,1,2083413
7290018440896,false,חליטת צמחים ג'ינג'ר וכורכום - אפקט הג'ינג'ר,תה ויסוצקי,IL,חליטת ג'ינג'ר וכרכום,גרמים,50.00,100 גרם,false,,17.90,0.3580,true,1,2103721
7290018441626,false,גלידת פיינטים מנטה עוגיות 430 ג' בן וג'ירי,מוצרי איכות אמריקאיי,IL,גלידת פיינט מנטה עו,מיליליטרים,500.00,"100 מ""ל",false,,24.90,0.0498,true,1,2098450
7290018468319,false,נקניקיה טבעונית בסגנון צוריסוס טירת צבי 400 גרם,טירת צבי,IL,נקניקיה צמחית בסגנו,גרמים,400.00,100 גרם,false,,39.90,0.0997,true,1,2125139
7290018471180,false,משקה פרוט& ווג' אננס תפוח גזר 1 ליטר,מיוצר עי קונדיטוריית,IL,משקה קל אננס תפוח פר,ליטרים,1.00,100 ליטר,false,,12.90,12.9000,true,1,2060511
7290018471197,false,משקה פרוט& ווג' תפוח בננה מלון 1 ליטר,פרוט אנד וג' Fruit & Veg,IL,משקה קל תפוח בננה מל,ליטרים,1.00,100 ליטר,false,,12.90,12.9000,true,1,2060512
7290018471210,false,קרטונית נקטר ספרינג תפוח סברס 1 ליטר,"יפאורה תבורי בע""מ",IL,ספרינג אגס סברס תפוח,ליטרים,1.00,ליטר,false,,6.60,6.6000,true,1,2060513
7290018471401,false,משקה פרוט& ווג' אננס בננה כורכום 1 ליטר,מיוצר עי קונדיטוריית,IL,משקה קל תפוח אננס בנ,ליטרים,1.00,100 ליטר,false,,12.90,12.9000,true,1,2060515
7290018471449,false,קרטונית ספרינג שייק בננה תמר תפוז 1 ליטר,"יפאורה תבורי בע""מ",IL,ספרינג שייק 1 ליטר ב,ליטרים,1.00,ליטר,false,,12.60,12.6000,true,1,2078927
7290018471463,false,תפוזינה נקטר תפוז מנגו קרטונית 1 ליטר,"יפאורה תבורי בע""מ",IL,תפוזינה נקטר תפוז מנ,ליטרים,1.00,ליטר,false,,6.60,6.6000,true,1,2066627
7290018471470,false,תפוזינה נקטר תפוז פסיפלורה קרטונית 1 ליטר,"יפאורה תבורי בע""מ",IL,תפוזינה נקטר תפוז פס,ליטרים,1.00,ליטר,false,,6.60,6.6000,true,1,2066628
7290018471487,false,תפוזינה נקטר תפוז אננס קרטונית 1 ליטר,"יפאורה תבורי בע""מ",IL,תפוזינה נקטר תפוז אנ,ליטרים,1.00,ליטר,false,,6.60,6.6000,true,1,2066629
7290018471494,false,תפוזינה משקה תפוז גזר קרטונית 1 ליטר,"יפאורה תבורי בע""מ",IL,תפוזינה נקטר תפוז גז,ליטרים,1.00,ליטר,false,,6.60,6.6000,true,1,2066630
7290018471692,false,ספרינג שייק בננה אננס קוקוס פירות יער קרטונית 1 ליטר,"יפאורה תבורי בע""מ",IL,ספרינג שייק 1 ליטר,ליטרים,1.00,ליטר,false,,12.60,12.6000,true,1,2078929
7290018471906,false,שוופס מוגז פירות לימונדה ורודה 1.5 ליטר פיקדון,"יפאורה תבורי בע""מ",IL,שוופס מוגז 1.5 ליטר,ליטרים,1.50,ליטר,false,,9.50,6.3333,true,1,2098630
7290018471937,false,שוופס מוגז פירות תות ליים 1.5 ליטר פיקדון,"יפאורה תבורי בע""מ",IL,שוופס תות ליים מוגז,ליטרים,1.50,ליטר,false,,9.50,6.3333,true,1,2098633
7290018471944,false,שוופס מוגז פירות לימונייד 1.5 ליטר פיקדון,"יפאורה תבורי בע""מ",IL,שוופס מוגז 1.5 ליטר,ליטרים,1.50,ליטר,false,,9.50,6.3333,true,1,2098634
7290018493144,false,"ד""ר פישר אל סבון נוזלי לידיים קמיל ש ארגן 1 ל'",פישר תעשיות,IL,קמיל קלין אל סבון 1,ליטרים,1.00,ליטר,false,,15.90,15.9000,true,1,2045146
7290018493700,false,"סבון ידיים ויטמינים לילדים כחול 500 מ""ל ד""ר פישר",מדי פישר,IL,קידס סבון ידיים לילד,מיליליטרים,500.00,"100 מ""ל",false,,7.90,0.0158,true,1,2130324
7290018493717,false,"סבון ידיים ויטמינים לילדים ורוד מסטיק 500 מ""ל ד""ר פישק",מדי פישר,IL,קידס סבון ידיים לילד,מיליליטרים,500.00,"100 מ""ל",false,,7.90,0.0158,true,1,2130325
7290018493724,false,קידס סבון ידים ויטמינים לילדים ירוק 500,מדי פישר,IL,קידס סבון ידיים לילד,מיליליטרים,500.00,"100 מ""ל",false,,7.90,0.0158,true,1,2130326
7290018493915,false,"ד""ר פישר - שמן גוף לתינוק מעושר בשמן שקדים 200 מ""ל",מדי פישר,IL,שמן תינוקות קמיל בלו,מיליליטרים,200.00,"100 מ""ל",false,,14.90,0.0745,true,1,2130332
7290018516072,false,פרמיו דליקט טונה וצדפות לחתול,פרמיו Premio,,פרמיו דליקט טונה וצד,גרמים,56.00,100 גרם,false,,9.90,0.1768,true,1,2145480
7290018516089,false,פרמיו דליקט טונה ודג קוד לחתול,פרמיו Premio,,פרמיו דליקט טונה ודג,גרמים,56.00,100 גרם,false,,9.90,0.1768,true,1,2145481
7290018516324,false,פאוץ תפוח ושבולת שועל 120 ג' פירונק,פרוטה פודווין איי.אס,CZ,חטיפטף פרינוק תפוח ו,גרמים,120.00,100 גרם,false,,5.90,0.0492,true,1,2096883
7290018516331,false,פאוץ תפוח בננה שבולת שועל 120 ג' פירונק,פרוטה פודווין איי.אס,CZ,חטיפטף פרינוק תפוח ב,גרמים,120.00,100 גרם,false,,5.90,0.0492,true,1,2096889
7290018517147,false,פופקורן למיקרוגל בטעם טבעי 300 ג',,,פופקורן למיקרוגל טבע,גרמים,300.00,100 גרם,false,,8.90,0.0297,true,1,2074438
7290018517154,false,פופקורן למיקרוגל חמאה 300 גרם,,,פופקורן למיקרוגל חמא,גרמים,300.00,100 גרם,false,,8.90,0.0297,true,1,2074439
7290018517321,false,קוואקר אינסטנט נאמן שקית 500 ג',,,קווקר בשקית.,גרמים,500.00,100 גרם,false,,7.90,0.0158,true,1,2121040
7290018571095,false,טופי ממולא בטעמי פירות 600 גרם,מיה תעשיות מזון בעמ,IL,סוכריות בטעם פירות,גרמים,600.00,100 גרם,false,,22.90,0.0382,true,1,2060490
7290018571408,false,מיה לקקנים מולטיקולור תותי פרוטי 220 גרם,,IL,לקקנים תותי פרוטי,גרמים,220.00,100 גרם,false,,7.90,0.0359,true,1,2119132
7290018571415,false,מיה לקקנים מולטיקולור תות בננה 220 גרם,,IL,לקקנים תות בננה,גרמים,220.00,100 גרם,false,,7.90,0.0359,true,1,2119133
7290018571552,false,סוכריות ג'לי ללא סוכר עם חומצות שומן אומגה 3 למבוגרים,מיה תעשיות מזון בעמ,IL,סוכריות אומגה 3 ילדי,גרמים,240.00,100 גרם,false,,29.90,0.1246,true,1,2149356
7290018571606,false,תערובת תבלינים ראס אל חנות 70 גרם מיה,מיה תעשיות מזון בעמ,IL,תבלין ראס אל חות,גרמים,70.00,100 גרם,false,,7.90,0.1129,true,1,2118566
7290018571682,false,תערובת לתיבול גריל ע,,,תערובת לתיבול גריל ע,גרמים,300.00,100 גרם,false,,29.90,0.0997,true,1,2118966
7290018571705,false,"אורז יסמין 1 ק""ג מיה.",,IL,אורז יסמין 1 קג,קילוגרמים,1.00,"ק""ג",false,,12.90,12.9000,true,1,2134411
7290018571729,false,"אורז ריזוטו עגול 1 ק""ג מיה.",,IL,אורז ריזוטו עגול,קילוגרמים,1.00,"ק""ג",false,,9.90,9.9000,true,1,2134413
7290018571736,false,אורז בסמטי הודי 1ק''ג,,IL,אורז בסמטי 1 קג,קילוגרמים,1.00,"ק""ג",false,,12.90,12.9000,true,1,2134414
7290018703083,false,חטיף חלבון דאבל שוקולד קראנץ 60 ג' פראוד,פראוד PROUD,NL,חטיף פרוטאין דאבל ש,גרמים,60.00,100 גרם,false,,10.90,0.1817,true,1,2125871
7290018703229,false,חטיף חלבון שוקולד אגוזים פראוד 60 גרם,פראוד,,חטיף פרוטאין טבעוני,גרמים,60.00,100 גרם,false,,10.90,0.1817,true,1,2125872
7290018703496,false,פראוד - חטיף חלבון בטעם בננה טופי 60 גרם,פראוד PROUD,,חטיף פרוטאין בננה ט,גרמים,60.00,100 גרם,false,,10.90,0.1817,true,1,2126699
7290018790038,false,ביסקוויט תה 110גרם ה,,,ביסקוויט תה 110גרם ה,גרמים,110.00,100 גרם,false,,3.50,0.0318,true,1,2151314
7290018825020,false,תפוח אדמה גורמה דוד משה,משתנה,IL,תפוח אדמה גורמה,קילוגרמים,1.00,"ק""ג",true,,5.90,5.9000,true,1,2093281
7290018825228,false,תפוחי אדמה אדום ארוז,חקלאי,IL,תפוחי אדמה אדום ארוז,קילוגרמים,1.00,"ק""ג",true,,5.90,5.9000,true,1,2093285
7290018825822,false,תפוא לבן ארוז דוד מש,חקלאי,IL,תפוחי אדמה לבן ארוז,קילוגרמים,1.00,"ק""ג",true,,4.90,4.9000,true,1,2093286
7290018879658,false,שוקולד צ'יפס מריר 45% 250ג'*16בקרט,כרמית,IL,שוקולד ציפס מריר 45%,גרמים,250.00,100 גרם,false,,12.90,0.0516,true,1,2105671
7290018893005,false,"חטיפי בייגלה אפוי בטעם חרדל ודבש, 160 גרם",צ'וקטה Chocketa,RO,חטיף בייגלה אפוי בטע,גרמים,160.00,100 גרם,false,,6.90,0.0431,true,1,2096563
7290018893036,false,עוגיות סנדוויץ' בטעם שוקולד ממולאות קרם בטעם וניל,צ'וקטה Chocketa,ES,עוגיות סנדוויץ בטעם,גרמים,176.00,100 גרם,false,,6.90,0.0392,true,1,2096545
7290018893098,false,צ'וקטה ביסקוויט מצופה שוקולד חלב 100 גרם,דיסטרופר אוליבייר,ES,עוגיות מצופות בשוקול,גרמים,100.00,100 גרם,false,,10.90,0.1090,true,1,2101682
7290018893104,false,צ'וקטה ביסקוויט מצופה שוקולד מריר 100 גרם,דיסטרופר אוליבייר,ES,עוגיות מצופות בשוקול,גרמים,100.00,100 גרם,false,,10.90,0.1090,true,1,2101688
7290018893128,false,צ'וקטה שוקולד חלב בלגי 34% 100 גרם,צ'וקטה Chocketa,BE,שוקולד חלב בלגי 34%,גרמים,100.00,100 גרם,false,,8.90,0.0890,true,1,2105990
7290018893135,false,מקלות אפויים בתוספת מלח Salty,צ'וקטה Chocketa,US,גריסיני צ'וקטה מלח 1,גרמים,120.00,100 גרם,false,,7.90,0.0658,true,1,2130188
7290018893142,false,צ'וקטה גריסיני בתוספת שמן זית 120 גרם,צ'וקטה Chocketa,US,גריסיני צ'וקטה שמן ז,גרמים,120.00,100 גרם,false,,7.90,0.0658,true,1,2130189
7290018893258,false,צוקטה עוגות אישיות במילוי קרמל 10*30 גר,פרדי קונדיטוריה אס.פ,IT,צוקטה עוגות אישיות.,גרמים,300.00,100 גרם,false,,14.90,0.0497,true,1,2083163
7290018893265,false,צ'וקטה עוגות אישיות מריר במילוי קרם 240 ג',פרדי קונדיטוריה אס פ,IT,צוקטה עוגות אישיות.,גרמים,240.00,100 גרם,false,,14.90,0.0621,true,1,2083164
7290018893272,false,צ'וקטה בונבוניירה צדפות בלגי 125 גרם,צ'וקטה Chocketa,BE,בונבוניירה צדפות בלג,גרמים,125.00,100 גרם,false,,9.90,0.0792,true,1,2096565
7290018893289,false,עוגות מגולגלות בטעם קקאו - 6 יחידות במארז,צ'וקטה Chocketa,IL,צוקטה עוגות מגולגלות,גרמים,222.00,100 גרם,false,,9.90,0.0446,true,1,2096971
7290018893296,false,עוגיות חמאה מצופות שוקולד חלב בעיטור שוקולד לבן,דיסטרופר אוליבייר,RO,עוגיות מיני חמאה מצו,גרמים,100.00,100 גרם,false,,10.90,0.1090,true,1,2099696
7290018893319,false,צ'וקטה שוקולד מריר בלגי 85% 100 גרם,צ'וקטה Chocketa,BE,שוקולד מריר בלגי 85%,גרמים,100.00,100 גרם,false,,8.90,0.0890,true,1,2105984
7290018893340,false,מקלות אפויים בתוספת שומשום Salty,צ'וקטה Chocketa,US,גריסיני צ'וקטה שומשו,גרמים,120.00,100 גרם,false,,7.90,0.0658,true,1,2130190
7290018893401,false,צ'וקטה שוקולד מריר 70% פרימיום,צ'וקטה Chocketa,ES,שוקולד מריר 70% צוקט,גרמים,100.00,100 גרם,false,,8.90,0.0890,true,1,2096580
7290018893418,false,שוקולד מריר 60% מארז 6 יח' *100 ג' צ'וקטה,צ'וקטה Chocketa,,שוקולד מריר 60% שישי,גרמים,600.00,100 גרם,false,,19.90,0.0332,true,1,2096578
7290018893456,false,צוקטה עוגות אישיות במילוי קרם ובציפוי בטעם שוקולד,פרדי קונדיטוריה אס.פ,IT,צוקטה עוגות אישיות.,גרמים,300.00,100 גרם,false,,14.90,0.0497,true,1,2083165
7290018893494,false,עלי וופל דקים בטעם חמאה ציוקטה 100 גר,דיסטרופר אוליבייר,NL,עלי וופל דקים בטעם ח,גרמים,100.00,100 גרם,false,,10.90,0.1090,true,1,2096581
7290018893609,false,שוקולד מריר פרימיום 85% 100 גרם איגוד רבנים,צ'וקטה Chocketa,ES,שוקולד מריר 85% צוקט,גרמים,100.00,100 גרם,false,,8.90,0.0890,true,1,2096582
7290018893616,false,מארז צוקטה שוקולד מריר 48% 6*100 גר,איברקקאו,ES,שישיית שוקולד מריר צ,גרמים,600.00,100 גרם,false,,19.90,0.0332,true,1,2096583
7290018893692,false,צוקטה שוקולד חלב מעולה 280 גרם,צ'וקטה Chocketa,FR,טבלת שוקולד חלב 280,גרמים,280.00,100 גרם,false,,12.90,0.0461,true,1,2086706
7290018893708,false,עוגיות סנדוויץ' במילוי קרם בטעם שוקולד,צ'וקטה Chocketa,ES,עוגיות סנדווי'ץ במיל,גרמים,250.00,100 גרם,false,,10.90,0.0436,true,1,2101695
7290018893753,false,צוקטה וופל חמאה בטעם לימון 100 גרם,שסטוביץ,BE,וופל חמאה בטעם לימון,גרמים,100.00,100 גרם,false,,10.90,0.1090,true,1,2134999
7290018893807,false,מארז שוקולד מריר 60% קקאו צוקטה 3*100 ג,צ'וקטה Chocketa,ES,שוקולד מריר 60% שליש,גרמים,300.00,100 גרם,false,,11.90,0.0397,true,1,2096567
7290018893814,false,צ'וקטה חמישיית שוקולד מריר 48%,הדקלאים אגודת שיתופי,ES,שוקולד מריר 48% אריז,גרמים,500.00,100 גרם,false,,17.90,0.0358,true,1,2096585
7290018893845,false,פתי בר צוקטה ביסקוויט בטעם חמאה 400 גר,צ'וקטה Chocketa,ES,ביסקוויט בטעם חמאה,גרמים,400.00,100 גרם,false,,6.90,0.0173,true,1,2096568
7290018893876,false,עוגות אישיות רכות עם מילוי קרם בטעם וניל,פרדי קונדיטוריה אס.פ,IT,צוקטה עוגות אישיות.,גרמים,200.00,100 גרם,false,,14.90,0.0745,true,1,2083172
7290018893906,false,עוגיות סנדוויץ' במילוי קרם בטעם וניל,צ'וקטה Chocketa,ES,עוגיות סנדווי'ץ במיל,גרמים,250.00,100 גרם,false,,10.90,0.0436,true,1,2101696
7290018893913,false,צ'וקטה ממרח אגוזי לוז עם מקלות אפויים 52 גרם,צ'וקטה Chocketa,IT,ממרח אגוזי לוז עם קק,גרמים,52.00,100 גרם,false,,5.90,0.1135,true,1,2120801
7290018893951,false,צ'וקטה וופל חמאה קינמון 100 גרם,,,עוגיות וופל חמאה וקי,גרמים,100.00,100 גרם,false,,10.90,0.1090,true,1,2136769
7290018894002,false,קוביות וופל במילוי קרם קקאו - חלבי,בלקוני Balconi,IT,וופל קוביות קקאו בלק,גרמים,250.00,100 גרם,false,,11.90,0.0476,true,1,2107569
7290018894019,false,עוגות אישיות במילוי קרם חלבי ובציפוי קרם קקאו,בלקוני Balconi,IT,עוגות מיקס מקס חלב ב,גרמים,350.00,100 גרם,false,,14.90,0.0426,true,1,2107848
7290018894200,false,בלקוני וופל קוביות וניל 250 גרם,בלקוני Balconi,IT,וופל קוביות וניל בלק,גרמים,250.00,100 גרם,false,,11.90,0.0476,true,1,2107570
7290018894217,false,עוגות אישיות במילוי קרם קקאו ובציפוי קרם קקאו,בלקוני Balconi,IT,עוגות מיקס מקס קקאו,גרמים,350.00,100 גרם,false,,14.90,0.0426,true,1,2107849
7290018894248,false,צ'וקטה - שוקולד חלב שלישייה 3 * 100 גרם,צ'וקטה Chocketa,FR,שוקולד חלב שלישייה צ,גרמים,300.00,100 גרם,false,,11.90,0.0397,true,1,2145996
7290018894408,false,קוביות וופל במילוי קרם אגוזי לוז - חלבי,בלקוני Balconi,IT,וופל קוביות אגוזים ב,גרמים,250.00,100 גרם,false,,11.90,0.0476,true,1,2107571
7290018894606,false,בלקוני וופל קקאו 175 גרם חלבי OU,בלקוני Balconi,IT,וופל קקאו בלקוני 175,גרמים,175.00,100 גרם,false,,7.90,0.0451,true,1,2107572
7290018894804,false,וופלים במילוי קרם אגוזי לוז - חלבי,בלקוני Balconi,IT,וופל אגוזים בלקוני 1,גרמים,175.00,100 גרם,false,,7.90,0.0451,true,1,2107573
7290018921029,false,"ד""ר פישר - קמיל בלו מגבוני סנסיטיב 64 יח' * 4",פישר תעשיות,IL,רביעיית מגבוני קמיל,64 יח',256.00,64 יח',false,,17.90,0.0699,true,1,2103946
7290018921166,false,"אל סבון נוזלי ניקוי יסודי ד""ר פישר 1 ל""",פישר תעשיות,IL,קמיל בלו אל סבון 1,ליטרים,1.00,ליטר,false,,15.90,15.9000,true,1,2096958
7290018921449,false,קמיל בלו מגבונים תפרחת חיתולים רביעייה,פישר תעשיות,IL,רביעיית מגבוני קמיל,56 יח',224.00,56 יח',false,,24.90,0.1112,true,1,2103952
7290018921616,false,רביעיית מגבוני קמיל בלו שיבולת שועל 64 יח',פישר תעשיות,,רביעיית מגבוני שיבול,64 יח',256.00,64 יח',false,,19.90,0.0777,true,1,2103953
7290018921654,false,"ד""ר פישר - אפקטיב קר תחליב רחצה תמצית לוונדר 700 מ""ל","ד""ר פישר Dr fischer",IL,תחליב רחצה אפקטיב קר,מיליליטרים,700.00,"100 מ""ל",false,,12.90,0.0184,true,1,2103939
7290018925096,false,משקה קל תפוזים 1.5 ל' פרימור,פרימור,IL,משקה קל תפוזים 1.5 ל,ליטרים,1.50,ליטר,false,,7.90,5.2667,true,1,2096155
7290018925102,false,משקה קל ענבים 1.5 ל' פרימור,פרימור,IL,משקה קל ענבים 1.5 לי,ליטרים,1.50,ליטר,false,,7.90,5.2667,true,1,2096156
7290018925126,false,משקה קל תפוחי עץ 1.5ל' פרימור,פרימור,IL,משקה קל תפוחי עץ 1.,ליטרים,1.50,ליטר,false,,7.90,5.2667,true,1,2096158
7290018925133,false,משקה קל מנגו 1.5ל' פרימור,פרימור,IL,משקה קל מנגו 1.5 ליט,ליטרים,1.50,ליטר,false,,7.90,5.2667,true,1,2096159
7290018925140,false,משקה קל אשכוליות 1.5ל' פרימור,פרימור,IL,משקה קל אשכוליות 1.5,ליטרים,1.50,ליטר,false,,7.90,5.2667,true,1,2096160
7290018925157,false,משקה קל לימונים 1.5ל' פרימור,פרימור,IL,משקה קל לימונים 1.5,ליטרים,1.50,ליטר,false,,7.90,5.2667,true,1,2096161
7290018925164,false,משקה קל תות-בננה 1.5ל' פרימור,פרימור,IL,משקה קל תות בננה 1.5,ליטרים,1.50,ליטר,false,,7.90,5.2667,true,1,2096162
7290018925409,false,"מיץ לימון ואננס 400 מ""ל פרימור","גניר בע""מ",IL,מיץ לימון ואננס 400,מיליליטרים,400.00,"100 מ""ל",false,,7.90,0.0197,true,1,2130785
7290018925416,false,"מיץ לימון ופסיפלורה 400 מ""ל פרימור","גניר בע""מ",IL,מיץ לימון ופסיפלורה,מיליליטרים,400.00,"100 מ""ל",false,,7.90,0.0197,true,1,2130786
7290019015185,false,"דפיוזר בוהו 200 מ""ל",,,"דפיוזר בוהו 200 מ""ל",יחידה,0.00,יחידה,false,,49.90,0.0000,true,1,2102785
7290019015192,false,דפיוזר פרימיום מקלות,,,דפיוזר פרימיום,יחידה,0.00,יחידה,false,,49.90,0.0000,true,1,2102786
7290019015864,false,כלי ששת במבמוק,,,כלי ששת במבמוק,יחידה,0.00,יחידה,false,,14.90,0.0000,true,1,2123760
7290019035060,false,חצאי משמש קפוא פילד,דה נייל אג'יפטיאן פו,PL,חצאי משמש קפואים 500,גרמים,500.00,100 גרם,false,,11.90,0.0238,true,1,2128675
7290019035091,false,רימון קפוא פילד גוד,דה נייל אג'יפטיאן פו,EG,רימון 500 גרם ארוז,גרמים,500.00,100 גרם,false,,11.90,0.0238,true,1,2128664
7290019035220,false,תערובת פירות יער קפוא 600ג' פילד גוד,קונגלדוס אקיואטוריאנ,RS,מיקס פירות קפואים 4*,גרמים,600.00,100 גרם,false,,29.90,0.0498,true,1,2128677
7290019035244,false,מיקס פירות בננה פסיפ,קונגלדוס אקיואטוריאנ,RS,מיקס פירות קפואים 4*,גרמים,600.00,100 גרם,false,,29.90,0.0498,true,1,2128678
7290019035329,false,מיקס פירות תות קפוא 600 ג' פילד גוד,קונגלדוס אקיואטוריאנ,EC,מיקס פירות קפואים 4*,גרמים,600.00,100 גרם,false,,29.90,0.0498,true,1,2128680
7290019039846,false,ערכת לפידונים משמן ז,,,ערכת לפידונים משמן ז,יח',44.00,יח',false,,39.90,0.9068,true,1,2151294
7290019056027,false,שוופס מוגז פירות תפוחים ללא סוכר 1.5 ליטר פיקדון,"יפאורה תבורי בע""מ",IL,שוופס מוגז תפוחים לל,ליטרים,1.50,ליטר,false,,8.90,5.9333,true,1,2098636
7290019056034,false,שוופס מוגז פירות אננס ללא סוכר 1.5 ליטר פיקדון,יפאורה תבורי,IL,שוופס מוגז אננס ללא,ליטרים,1.50,ליטר,false,,8.90,5.9333,true,1,2098637
7290019056058,false,שוופס מוגז עדין תפוח ליים 1.5 ליטר פיקדון,"יפאורה תבורי בע""מ",IL,שוופס מוגז עדין 1.5,ליטרים,1.50,ליטר,false,,8.90,5.9333,true,1,2098619
7290019056065,false,שוופס מוגז עדין פירות יער 1.5 ליטר פיקדון,"יפאורה תבורי בע""מ",IL,שוופס מוגז עדין 1.5,ליטרים,1.50,ליטר,false,,8.90,5.9333,true,1,2098620
7290019056072,false,שוופס מוגז עדין אננס 1.5 ליטר פיקדון,מיוצר עי קונדיטוריית,IL,שוופס מוגז עדין 1.5,ליטרים,1.50,ליטר,false,,8.90,5.9333,true,1,2098621
7290019056096,false,שוופס מוגז עדין אפרסק 1.5 ליטר פיקדון,"יפאורה תבורי בע""מ",IL,שוופס מוגז עדין 1.5,ליטרים,1.50,ליטר,false,,8.90,5.9333,true,1,2098623
7290019056119,false,שוופס סודה 1.5 ליטר פיקדון,"יפאורה תבורי בע""מ",IL,סודה שוופס 1.5 ליטר,ליטרים,1.50,ליטר,false,,3.20,2.1333,true,1,2098582
7290019056126,false,שוופס סודה לימון 1.5 ליטר בק' בודד פיקדון,"יפאורה תבורי בע""מ",IL,שוופס סודה לימון 1.5,ליטרים,1.50,ליטר,false,,3.20,2.1333,true,1,2098595
7290019056133,false,שוופס סודה נענע ליים 1.5 ליטר בק' בודד,"יפאורה תבורי בע""מ",IL,סודה שוופס נענע ליים,ליטרים,1.50,ליטר,false,,3.20,2.1333,true,1,2098596
7290019056164,false,שוופס סודה 1.5 ליטר רביעייה פיקדון,"יפאורה תבורי בע""מ",IL,מארז שוופס סודה 1.5,ליטרים,6.00,ליטר,false,,12.10,2.0167,true,1,2098583
7290019056171,false,שוופס סודה לימון 1.5 ליטר רביעייה פיקדון,"יפאורה תבורי בע""מ",IL,רביעית שוופס סודה לי,ליטרים,6.00,ליטר,false,,12.10,2.0167,true,1,2098598
7290019056188,false,שוופס סודה נענע ליים 1.5 ליטר רביעייה פיקדון,"יפאורה תבורי בע""מ",IL,מארז 4 יח' שוופס סוד,ליטרים,6.00,ליטר,false,,12.10,2.0167,true,1,2098599
7290019056195,false,שוופס סודה למון גראס ג'ינג'ר 1.5 ליטר רביעייה פיקדון,שוופס Schweppes,IL,מארז שוופס סודה למון,ליטרים,6.00,ליטר,false,,12.10,2.0167,true,1,2098600
7290019056201,false,שוופס סודה פירות יער 1.5 ליטר רביעייה פיקדון,"יפאורה תבורי בע""מ",IL,מארז 4 יח' שוופס סוד,ליטרים,6.00,ליטר,false,,12.10,2.0167,true,1,2098612
7290019056249,false,שוופס מים בטעמים ענבים 1.5 ליטר פיקדון,מיוצר עי קונדיטוריית,IL,שוופס Water ענבים 1.,ליטרים,1.50,ליטר,false,,8.90,5.9333,true,1,2098567
7290019056263,false,שוופס מים בטעמים אפרסק 1.5 ליטר פיקדון,מיוצר עי קונדיטוריית,IL,שוופס Water אפרסק 1.,ליטרים,1.50,ליטר,false,,8.90,5.9333,true,1,2098569
7290019056287,false,שוופס מים בטעמים אפרסק ללא סוכר 1.5 ליטר פיקדון,יפאורה-תבורי בעמ,IL,שוופס Water אפרסק לל,ליטרים,1.50,ליטר,false,,8.90,5.9333,true,1,2098571
7290019056317,false,שוופס ראשן 1.5 ליטר פיקדון,"יפאורה תבורי בע""מ",IL,שוופס RUSSCHIAN,ליטרים,1.50,ליטר,false,,11.90,7.9333,true,1,2098647
7290019056324,false,שוופס טוניק 1.5 ליטר פיקדון,"יפאורה תבורי בע""מ",IL,שוופס טוניק 1.5 ליטר,ליטרים,1.50,ליטר,false,,11.90,7.9333,true,1,2098648
7290019056331,false,שוופס טוניק ללא סוכר 1.5 ליטר פיקדון,מיוצר עי קונדיטוריית,IL,שוופס טוניק ללא סוכר,ליטרים,1.50,ליטר,false,,10.90,7.2667,true,1,2098654
7290019056355,false,תפוזינה לימונדה MIX לימונענע 1.5 ליטר,"יפאורה תבורי בע""מ",IL,תפוזינה 1.5 ליטר לימ,ליטרים,1.50,ליטר,false,,8.90,5.9333,true,1,2098516
7290019056362,false,תפוזינה ענבים 1.5 ליטר פיקדון,"יפאורה תבורי בע""מ",IL,תפוזינה 1.5 ליטר ענב,ליטרים,1.50,ליטר,false,,8.90,5.9333,true,1,2098517
7290019056379,false,תפוזינה תפוזים 1.5 ליטר פיקדון,"יפאורה תבורי בע""מ",IL,תפוזינה 1.5 ליטר תפו,ליטרים,1.50,ליטר,false,,8.90,5.9333,true,1,2098518
7290019056386,false,פתוזינה אשכולית 1.5 ליטר פיקדון,"יפאורה תבורי בע""מ",IL,תפוזינה 1.5 ליטר אשכ,ליטרים,1.50,ליטר,false,,8.90,5.9333,true,1,2098519
7290019056409,false,תפוזינה מנגו 1.5 ליטר פיקדון,"יפאורה תבורי בע""מ",IL,תפוזינה 1.5 ליטר מנג,ליטרים,1.50,ליטר,false,,8.90,5.9333,true,1,2098521
7290019056423,false,מיץ בטעם תפוח רענן 1.5ל' תפוזינה,"יפאורה תבורי בע""מ",IL,תפוזינה 1.5 ליטר תפו,ליטרים,1.50,ליטר,false,,8.90,5.9333,true,1,2098523
7290019056454,false,משקה מוגז בטעם קולה 1.5 ל' אר סי,יפאורה תבורי,IL,RC קולה 1.5 ליטר,ליטרים,1.50,ליטר,false,,6.90,4.6000,true,1,2098672
7290019056461,false,מארז משקה בטעם קולה שישייה * 1.5 ל' אר.סי,יפאורה תבורי,IL,RC קולה שישיית 1.5,ליטרים,9.00,ליטר,false,,39.90,4.4333,true,1,2098673
7290019056485,false,ספריג תה ירוק לימון לואיזה 1.5 ליטר פיקדון,"יפאורה תבורי בע""מ",IL,ספרינג TEA תה ירוק ל,ליטרים,1.50,ליטר,false,,7.90,5.2667,true,1,2098547
7290019056508,false,פרוט ווטר ענבים 1.5 ליטר פיקדון,"יפאורה תבורי בע""מ",IL,משקה Fruit Water ענב,ליטרים,1.50,ליטר,false,,8.90,5.9333,true,1,2098555
7290019056515,false,פרוט ווטר אננס 1.5 ליטר פיקדון,"יפאורה תבורי בע""מ",IL,משקה Fruit Water אננ,ליטרים,1.50,ליטר,false,,8.90,5.9333,true,1,2098556
7290019056522,false,פרוט ווטר תות 1.5 ליטר פיקדון,"יפאורה תבורי בע""מ",IL,משקה Fruit Water תות,ליטרים,1.50,ליטר,false,,8.90,5.9333,true,1,2098557
7290019056553,false,עין גדי מים מינרלים 2 ליטר*6 יח',עין גדי מים מינרליים,IL,עין גדי מים שישייה 2,ליטרים,12.00,ליטר,false,,12.70,1.0583,true,1,2098499
7290019056560,false,עין גדי 2 ליטר בק' בודד פיקדון,יפאורה תבורי,IL,עין גדי 2 ליטר מים,ליטרים,2.00,ליטר,false,,3.20,1.6000,true,1,2098682
7290019056577,false,ספרינג מנגו 1.5 ליטר פיקדון,"יפאורה תבורי בע""מ",IL,ספרינג מנגו 1.5 ליטר,ליטרים,1.50,ליטר,false,,8.90,5.9333,true,1,2098500
7290019056584,false,ספרינג תפוזים 1.5 ליטר פיקדון,"יפאורה תבורי בע""מ",IL,ספרינג תפוזים 1.5 לי,ליטרים,1.50,ליטר,false,,8.90,5.9333,true,1,2098501
7290019056591,false,ספרינג ענבים 1.5 ליטר פיקדון,"יפאורה תבורי בע""מ",IL,ספרינג ענבים 1.5 ליט,ליטרים,1.50,ליטר,false,,8.90,5.9333,true,1,2098502
7290019056607,false,ספרינג תפוחים 1.5 ליטר פיקדון,"יפאורה תבורי בע""מ",IL,ספרינג תפוחים 1.5 לי,ליטרים,1.50,ליטר,false,,8.90,5.9333,true,1,2098503
7290019056614,false,ספרינג אפרסק 1.5 ליטר פיקדון,"יפאורה תבורי בע""מ",IL,ספרינג אפרסק 1.5 ליט,ליטרים,1.50,ליטר,false,,8.90,5.9333,true,1,2098504
7290019056621,false,ספרינג פירות טרופיים 1.5 ליטר פיקדון,"יפאורה תבורי בע""מ",IL,ספרינג פירות טרופיים,ליטרים,1.50,ליטר,false,,8.90,5.9333,true,1,2098505
7290019056638,false,ספרינג תות בננה 1.5 ליטר פיקדון,"יפאורה תבורי בע""מ",IL,ספרינג תות בננה 1.5,ליטרים,1.50,ליטר,false,,8.90,5.9333,true,1,2098506
7290019056652,false,ספרינג אננס בננה 1.5 ליטר פיקדון,"יפאורה תבורי בע""מ",IL,ספרינג אננס בננה 1.5,ליטרים,1.50,ליטר,false,,8.90,5.9333,true,1,2098508
7290019056676,false,מיץ דיאט בטעם אשכוליות ואננס 1.5ל' ספרינג,"יפאורה תבורי בע""מ",IL,ספרינג אשכוליות אננס,ליטרים,1.50,ליטר,false,,7.90,5.2667,true,1,2098510
7290019056737,false,קריסטל מיץ אשכוליטרות 2 ליטר,יפאורה תבורי,IL,קריסטל אשכוליות,ליטרים,2.00,ליטר,false,,7.90,3.9500,true,1,2098656
7290019056744,false,קריסטל מיץ תפוזים 2 ליטר פיקדון,יפאורה תבורי,IL,קריסטל תפוזים,ליטרים,2.00,ליטר,false,,7.90,3.9500,true,1,2098657
7290019056768,false,קריסטל מיץ מנגו 2 ליטר פיקדון,יפאורה תבורי,IL,קריסטל מנגו,ליטרים,2.00,ליטר,false,,7.90,3.9500,true,1,2098659
7290019056775,false,קריסטל מוגז ענבים 2 ליטר פיקדון,יפאורה תבורי,IL,קריסטל ענבים,ליטרים,2.00,ליטר,false,,7.90,3.9500,true,1,2098660
7290019056782,false,משקה מוגז בטעם לימון ליים 2 ל' קריסטל,יפאורה תבורי,IL,קריסטל לימון,ליטרים,2.00,ליטר,false,,7.90,3.9500,true,1,2098661
7290019056799,false,קריסטל מוגז אקזוטי 2 ליטר פיקדון,יפאורה תבורי,IL,קריסטל אקזוטי מוגז,ליטרים,2.00,ליטר,false,,7.90,3.9500,true,1,2098662
7290019056805,false,קריסטל מוגז תפוחים 2 ליטר פיקדון,יפאורה תבורי,IL,קריסטל תפוח מוגז,ליטרים,2.00,ליטר,false,,7.90,3.9500,true,1,2098663
7290019056812,false,קריסטל מוגז מנטה 2 ליטר פיקדון,יפאורה תבורי,IL,קריסטל מנטה,ליטרים,2.00,ליטר,false,,7.90,3.9500,true,1,2098664
7290019056829,false,קריסטל מוגז תפוזים 2 ליטר פיקדון,קריסטל,,קריסטל אורנג',ליטרים,2.00,ליטר,false,,7.90,3.9500,true,1,2098665
7290019056836,false,קריסטל מוגז תות 2 ליטר פיקדון,יפאורה תבורי,IL,קריסטל תות,ליטרים,2.00,ליטר,false,,7.90,3.9500,true,1,2098666
7290019056843,false,קריסטל מוגז קולה 2 ליטר פיקדון,קריסטל,IL,קריסטל קולה,ליטרים,2.00,ליטר,false,,7.90,3.9500,true,1,2098674
7290019056959,false,מי עדן 1.5 ל' בק' בודד,מופק ממקור בזלתי עדן,IL,מי עדן 1.5 ליטר,ליטרים,1.50,ליטר,false,,2.90,1.9333,true,1,2098675
7290019056973,false,שישיית מי עדן 1.5 ליטר משפחתי,מופק ממקור בזלתי עדן,IL,מי עדן שישייה 1.5 לי,ליטרים,9.00,ליטר,false,,13.70,1.5222,true,1,2098676
7290019153078,false,"שוופס ביטר למון לייט, 1.5 ליטר פקדון",יפאורה תבורי,IL,שוופס ביטר למון לייט,ליטרים,1.50,ליטר,false,,10.90,7.2667,true,1,2107355
7290019153344,false,מיץ בטעם סנגרייה 1.5 ל' תפוזינה,"יפאורה תבורי בע""מ",IL,תפוזינה 1.5 ליטר סנג,ליטרים,1.50,ליטר,false,,8.90,5.9333,true,1,2123098
7290019153351,false,מיץ בטעם פינק אוזו 1.5 ל' תפוזינה,"יפאורה תבורי בע""מ",IL,תפוזינה 1.5 ליטר פינ,ליטרים,1.50,ליטר,false,,8.90,5.9333,true,1,2123104
7290019153535,false,"רביעייה שוופס מוגז פירות למונייד ללא סוכר 330 ש""ח",יפאורה תבורי,IL,רבעיית פחיות שוופס מ,ליטרים,1.32,ליטר,false,,15.80,11.9697,true,1,2128042
7290019153566,false,ספרינג רימון אוכמניות דובדבן 1.5 ליטר,יפאורה תבורי,IL,ספרינג רימון אוכמניו,ליטרים,1.50,ליטר,false,,9.20,6.1333,true,1,2135834
7290019167020,false,עוגת גבינה עם פירות יער לייט 80 ג' קינוחי עדן,תנובה,IL,עוגת גבינה עם פירות,גרמים,82.00,100 גרם,false,,5.90,0.0720,true,1,2148305
7290019232155,false,"חליטת ""לילה טוב"" קמומיל לבנדר ו25 שקיקים ויסוצקי",תה ויסוצקי,IL,תה חליטה קמומיל לבנד,גרמים,37.50,100 גרם,false,,19.90,0.5307,true,1,2149337
7290019232162,false,"חליטת ""לילה טוב"" קמומיל מליסה 25 שקיקים ויסוצקי",תה ויסוצקי,IL,תה חליטה קמומיל מליס,גרמים,37.50,100 גרם,false,,19.90,0.5307,true,1,2149338
7290019232193,false,תה ירוק לימונית ג'ינג'ר STAY WELL שקיקים 25 ויסוצקי,תה ויסוצקי,IL,תה ירוק לימונית וג'י,גרמים,37.50,100 גרם,false,,19.90,0.5307,true,1,2149341
7290019232353,false,תה ירוק סיני 50 שקיקים ויסוצקי,תה ויסוצקי,IL,תה ירוק סיני 50,גרמים,75.00,100 גרם,false,,39.90,0.5320,true,1,2137233
7290019232834,false,בייגלה מצופה קרם עוגיות ושוקולד 140 גרם פליפז - רבנות,אולקר מקבוצת פלאדיס,TR,בייגלה מצופה שוקולד,גרמים,140.00,100 גרם,false,,8.90,0.0636,true,1,2121540
7290019233015,false,רוטב שקשוקה תבשיל ירקות עם שמן זית כתית מעולה 420ג זיתא,זיתא,IT,שקשוקה ירוקה- תבשיל,יחידה,0.00,יחידה,false,,12.90,0.0000,true,1,2138356
7290019233039,false,שקשוקה קלאסית- רוטב עגבניות עם קוביות פלפלים צלויים,דליציה דורה אס.אר.אל,IT,שקשוקה קלאסית- רוטב,יחידה,0.00,יחידה,false,,12.90,0.0000,true,1,2138358
7290019297192,false,חטיפי גרנולה עם שקדים ושוקולד 5*35 גר,,MK,חטיף גרנולה עם שקדים,גרמים,175.00,100 גרם,false,,9.90,0.0566,true,1,2151222
7290019297208,false,חטיפי גרנולה עם פירות יבשים 5*35 גר,,MK,חטיף גרנולה עם פירות,גרמים,175.00,100 גרם,false,,9.90,0.0566,true,1,2151223
7290019297239,false,צימוק חום 250 גרם ששון הקולה,"דין שיווק וקלייה בע""",,צימוק חום 250 גרם בק,גרמים,250.00,100 גרם,false,,12.90,0.0516,true,1,1217826
7290019297246,false,שזיפים מיובשים 250 גרם ששון הקולה,"דין שיווק וקלייה בע""",US,שזיפים 250 גרם בקופס,גרמים,250.00,100 גרם,false,,17.90,0.0716,true,1,1217835
7290019297451,false,מי ורדים שקדיה 500 מ,אף.סי תבליני בגליל ב,BE,"מי ורדים 500 מ""ל",מיליליטרים,500.00,"100 מ""ל",false,,13.90,0.0278,true,1,2134328
7290019297505,false,"רוטב רימונים שקדיה 700 מ""ל",קארל קיוחנה,TR,"רוטב רימונים בד""צ 1",מיליליטרים,1000.00,"100 מ""ל",false,,19.90,0.0199,true,1,1216220
7290019297536,false,חמאת בוטנים עם שברי בוטנים Crazy or Nuts,דין שיווק,,חמאת בוטנים עם שברי,גרמים,510.00,100 גרם,false,,9.90,0.0194,true,1,1216222
7290019297543,false,חמאת בוטנים שקדיה 51,דין שיווק,CN,חמאת בוטנים 510 גרם,גרמים,510.00,100 גרם,false,,9.90,0.0194,true,1,1216223
7290019297550,false,בוטנים מטוגנים בקופסא 185 גרם,קריניציה ויטמינה אס,IL,בוטנים מטוגנים 185 ג,גרמים,185.00,100 גרם,false,,7.90,0.0427,true,1,1216224
7290019302315,false,"ייו buzz אבטיח מלון 750 מ""ל",יקבי כרמל,IL,באזז אבטיח מלון,מיליליטרים,750.00,"100 מ""ל",false,,24.90,0.0332,true,1,2129112
7290019302636,false,בירה לאגר בסגנון פיל,,,מארז קרומבאכר 4 יח',ליטרים,1320.00,100 ליטר,false,,22.90,0.0173,true,1,2148281
7290019443124,false,"בירה נגב אואזיס 330 מ""ל",הכרם משקאות חריפים ב,IL,בירה נגב אואזיס,ליטרים,330.00,100 ליטר,false,,14.90,0.0452,true,1,2134292
7290055090702,false,איגלו שלוקים בטעמי פטל לימון וענבים,מנדלז סי.אר. פרודקשן,IL,כרמית איגלו שלוקים 264 יח,מיליליטרים,1740.00,"100 מ""ל",false,,13.90,0.0080,true,1,1185906
7290100240144,false,"תרסיס למייבש כביסה ורוד 500 מ""ל בדין","זוהר דליה, קיבוץ דלי",IL,ספריי ורוד למייבש- 500 מל,מיליליטרים,500.00,"100 מ""ל",false,,16.90,0.0338,true,1,1188303
7290100245231,false,נמס בכוס מרק בטעם עוף עם אטריות ושקדי מרק-2 שקיות,יוניליוור ישראל מזון,IL,נמס בכוס טעם עוף ושקדי מר,גרמים,48.00,100 גרם,false,,6.50,0.1354,true,1,1188349
7290100249598,false,"רוטב לבישול שום ודבש קנור 320ג' בד""צ",יוניליוור ישראל מזון,IL,קנור בישול ברטבים שום ודב,גרמים,320.00,100 גרם,false,,12.90,0.0403,true,1,1188425
7290100249659,false,"רוטב לבישול קנור צ'ילי שום בד""צ",יוניליוור ישראל מזון,IL,רוטב צ'ילי שום 320 ג,גרמים,320.00,100 גרם,false,,12.90,0.0403,true,1,1188431
7290100411254,false,בי-לאב מחית תפוח ובננה ללא סוכר 190ג,בילובד Beloved,SK,BELOVED מחית תפוח ובננה 1,גרמים,190.00,100 גרם,false,,5.90,0.0311,true,1,1271067
7290100412343,false,קוויק מגבונים לניקוי כללי בניחוח לימון 50 יח',די.פי.אל,IL,מגבונים לניקוי כללי,יח',50.00,יח',false,,7.90,0.1580,true,1,1334304
7290100412435,false,קוויק מגבונים לניקוי כללי בניחוח פרחי בר 50 יח',די.פי.אל,IL,מגבונים לניקוי כללי,יח',50.00,יח',false,,7.90,0.1580,true,1,1334305
7290100412763,false,"תחליב רחצה קלאסק לבנדר דר עור 700 מ""ל","אמיליה קוסמטיקס בע""מ",IL,"תחליב רחצה 700 מ""ל ד",מיליליטרים,700.00,"100 מ""ל",false,,19.90,0.0284,true,1,1545605
7290100412770,false,"ד""ר עור - תחליב רחצה קלאסי בניחוח מאסק 700 מ""ל","אמיליה קוסמטיקס בע""מ",IL,"תחליב רחצה 700 מ""ל ד",מיליליטרים,700.00,"100 מ""ל",false,,19.90,0.0284,true,1,1545606
7290100412787,false,"ד""ר עור - תחליב רחצה קלאסי בניחוח פריחת הכותנה 700 מ""ל","אמיליה קוסמטיקס בע""מ",IL,"תחליב רחצה 700 מ""ל ד",מיליליטרים,700.00,"100 מ""ל",false,,19.90,0.0284,true,1,1545607
7290100412831,false,תחליב רחצה אנטי אייג'ינג בניחוח וניל טרופי,"אמיליה קוסמטיקס בע""מ",IL,"תחליב רחצה 700 מ""ל ד",מיליליטרים,700.00,"100 מ""ל",false,,19.90,0.0284,true,1,1545609
7290100413593,false,מגבונים גדולים XL לניקוי כללי בניחוח פרחי בר,די.פי.אל,,מגבונים קוויק מטליות,יח',40.00,יח',false,,6.90,0.1725,true,1,1376201
7290100653463,false,"פלמוליב - ארומה ג'ל רחצה מסאז' 500 מ""ל",קולגייט פלמוליב,IT,פלמוליב סבון נוזלי ספא מס,מיליליטרים,500.00,"100 מ""ל",false,,15.90,0.0318,true,1,1185925
7290100658338,false,נוזל כלים אוקסי פלוס עם נוסחת החמצן הפעיל,הנסיך- מפעל לייצור ט,GR,פלמוליב כלים אוקסי כחול פ,מיליליטרים,750.00,"100 מ""ל",false,,9.90,0.0132,true,1,1185932
7290100659090,false,פרי ח.תמרים וקינמון לא סוכר מארז חמישייה,טבעית מוצרים מן הטבע,IL,פרי חטיפים ללא סוכר מארז,גרמים,110.00,100 גרם,false,,15.90,0.1445,true,1,1185933
7290100680650,false,מנה חמה נודלס-אטריות ירקות טעם תאילנדי אסם 76 ג',THAI PRESIDENT FOODS,TH,מנה חמה נודלס בסגנון תיאל,גרמים,76.00,100 גרם,false,,6.50,0.0855,true,1,1156441
7290100680667,false,מנה חמה נודלס-אטריות+ירקות טעם סצ'ואן,THAI PRESIDENT FOODS,TH,מנה חמה נודלס בסגנון סצ'ו,גרמים,76.00,100 גרם,false,,6.50,0.0855,true,1,1156442
7290100680711,false,פירורית זהב אסם זהב 350ג',עינת תעשיות מזון אגו,IL,אסם פירורית זהב 350 גרם,גרמים,350.00,100 גרם,false,,7.90,0.0226,true,1,1156443
7290100680728,false,פירורית רגילה שקית 350 גרם,מיוצר עי קונדיטוריית,IL,אסם פירורית 350 גרם,גרמים,350.00,100 גרם,false,,6.90,0.0197,true,1,1156444
7290100681015,false,פודינג אינסטנט בטעם ריבת חלב 80 גר,מיוצר עי קונדיטוריית,IL,אסם פודינג אינסטנט בטעם ר,גרמים,84.00,100 גרם,false,,5.50,0.0655,true,1,1156446
7290100681138,false,מארז אפרופו חטיף תירס 3 יחידות,"אסם תעשיות בע""מ",IL,אפרופו קלאסי 50 גרם מארז,גרמים,150.00,100 גרם,false,,11.90,0.0793,true,1,1156448
7290100681503,false,עסיס סירופ לימונענע דיאטטי 1 ליטר,בית-השיטה עסיס תעשיו,IL,עסיס סירופ דיאט בטעם לימו,ליטרים,1.00,ליטר,false,,16.90,16.9000,true,1,1156450
7290100681510,false,עסיס סירופ אשכולית אדומה דיאטטי 1 ליטר,בית-השיטה עסיס תעשיו,IL,עסיס סירופ דיאט בטעם אשכו,ליטרים,1.00,ליטר,false,,16.90,16.9000,true,1,1156451
7290100683880,false,תבשילים משפחתיים פירה 260 גרם,"אסם השקעות בע""מ",IL,פירה אסם 260 גר',גרמים,260.00,100 גרם,false,,12.90,0.0496,true,1,1156459
7290100685334,false,מרק עוף אמיתי מרכיבים טבעיים 400 גרם,"אסם תעשיות בע""מ",IL,אסם מרק עוף אמיתי רכיבים,גרמים,400.00,100 גרם,false,,24.90,0.0622,true,1,1156471
7290100685341,false,מרק תיבול טעם עוף זך רכיבים טיבעיים 400,"אסם תעשיות בע""מ",IL,אסם מרק בטעם עוף זך רכיבי,גרמים,400.00,100 גרם,false,,16.90,0.0422,true,1,1156472
7290100686164,false,מארז מולטיפק ביסלי ברביקיו 6 יח 35 גר יח,מיוצר עי קונדיטוריית,IL,ביסלי ברביקיו 35 גרם מארז,גרמים,210.00,100 גרם,false,,12.90,0.0614,true,1,1156480
7290100686171,false,מארז מולטיפק ביסלי גריל 6 יח 35 גר ליח,"אסם תעשיות בע""מ",IL,ביסלי גריל 35 גרם מארז 6,גרמים,210.00,100 גרם,false,,12.90,0.0614,true,1,1156481
7290100688618,false,גביעי גלידה ממותקים בטעם שוקו 24 יח',"גילרו בע""מ",IL,אסם.גלדה ממותקים בטעם שוק,גרמים,85.00,100 גרם,false,,12.90,0.1518,true,1,1156489
7290100689301,false,אבקת מרק עוף זך עדיף אסם 400 גר',"אסם השקעות בע""מ",IL,אסם מרק בטעם עוף זך 400 ג,גרמים,400.00,100 גרם,false,,12.90,0.0323,true,1,1156493
7290100700020,false,סוגת גריסי פנינה 500גרם,האי נאם סי או אל.טי.,IL,גריסי פנינה 500 גרם,יחידה,0.00,יחידה,false,,4.90,0.0000,true,1,2007288
7290100700068,false,סוגת שעועית צבעונית 500גרם,"סוגת תעשיות בע""מ",IL,שעועית צבעונית 500 ג,יחידה,0.00,יחידה,false,,7.90,0.0000,true,1,2007289
7290100700242,false,"אורז מלא עגול סוגת 1 ק""ג","סוגת תעשיות בע""מ",IL,"אורז עגול מלא 1 ק""ג",קילוגרמים,1.00,"ק""ג",false,,8.90,8.9000,true,1,1180669
7290100700273,false,קינואה לבנה 500 ג סו,האי נאם סי או אל.טי.,IL,קינואה 500 גרם,גרמים,500.00,100 גרם,false,,12.90,0.0258,true,1,2007290
7290100700372,false,"סוגת אורז בסמטי מלא 1 ק""ג",האי נאם סי או אל.טי.,IL,"אורז בסמטי 1מלא ק""ג",קילוגרמים,1.00,"ק""ג",false,,12.90,12.9000,true,1,1180670
7290100700389,false,"סוגת אורז אדום 1 ק""ג",סוגת תעשיות בעמ,IL,"אורז אדום 1 ק""ג",קילוגרמים,1.00,"ק""ג",false,,12.90,12.9000,true,1,1180671
7290100700396,false,"סוגת אורז יסמין קלאסי 1 ק""ג",האי נאם סי או אל.טי.,IL,"אורז יסמין קלאסי 1 ק""ג",קילוגרמים,1.00,"ק""ג",false,,11.90,11.9000,true,1,1180672
7290100700563,false,אורז מיקס קלאסי 1 קג,סוגת תעשיות בעמ,IL,"אורז מיקס קלאסי 1 ק""ג",קילוגרמים,1.00,"ק""ג",false,,12.90,12.9000,true,1,1180675
7290100700587,false,"בורגול ""סוגת"" 500 גרם",האי נאם סי או אל.טי.,IL,בורגול 500 גרם,גרמים,500.00,100 גרם,false,,4.90,0.0098,true,1,2007292
7290100701331,false,קמח רב תכליתי שטיבל קמח חיטה לבן בהיר,"שטיבל בע""מ - טחנות ק",IL,קמח רב תכליתי,קילוגרמים,1.00,"ק""ג",false,,6.90,6.9000,true,1,1180690
7290100701454,false,סוגת גרישה 500 גרם,"סוגת תעשיות בע""מ",IL,גרישה 500 גרם,גרמים,500.00,100 גרם,false,,4.90,0.0098,true,1,2007294
7290100701577,false,קמח לחם קמח חיטה לבן שטיבל,שטיבל טחנות קמח,IL,קמח לחם,קילוגרמים,1.00,"ק""ג",false,,6.90,6.9000,true,1,1180697
7290100701874,false,"קמח כוסמין 1 ק""ג סוגת",טחנות קמח שטיבל באר,IL,קמח כוסמין מלא + 12,קילוגרמים,1.00,"ק""ג",false,,10.90,10.9000,true,1,1180700
7290100702260,false,קוסקוס דק סוגת 350 גר',"אסיף תעשיות מזון בע""",IL,קוסקוס דק 350 גרם,גרמים,350.00,100 גרם,false,,4.90,0.0140,true,1,1180703
7290100702277,false,קוסקוס עבה סוגת 350 גר',"אסיף תעשיות מזון בע""",IL,קוסקוס עבה 350 גרם,גרמים,350.00,100 גרם,false,,4.90,0.0140,true,1,1180704
7290100702284,false,קוסקוס מלא סוגת 350 גרם,"אסיף תעשיות מזון בע""",IL,קוסקוס מלא 350 גרם,גרמים,350.00,100 גרם,false,,4.90,0.0140,true,1,1180705
7290100702314,false,שעועית שחורה 500 גרם סוגת,סוגת תעשיות בעמ,IL,שעועית שחורה 500 גרם,יחידה,0.00,יחידה,false,,7.90,0.0000,true,1,2007295
7290100702383,false,קמח תופח מס' 13 סוגת,שטיבל טחנות קמח,IL,קמח תופח,קילוגרמים,1.00,"ק""ג",false,,6.90,6.9000,true,1,1180707
7290100703007,false,עדשים שחורות בלוגה סוגת 500 גר',האי נאם סי או אל.טי.,IL,עדשים שחורות בלוגה 5,יחידה,0.00,יחידה,false,,7.90,0.0000,true,1,2007296
7290100703649,false,"קמח מלא 80% חיטה ללא ניפוי סוגת 1ק""ג","שטיבל בע""מ",IL,קמח מלא חיטה 80% ללא,קילוגרמים,1.00,"ק""ג",false,,9.90,9.9000,true,1,1358355
7290100703687,false,"קמח חלה ללא ניפוי 1 ק""ג סוגת","שטיבל בע""מ",IL,קמח חלה ללא ניפוי 1,קילוגרמים,1.00,"ק""ג",false,,9.90,9.9000,true,1,1358357
7290100703861,false,"תערובת קמח קסם לחלה סוגת 1 ק""ג","שטיבל בע""מ",IL,קמח תערובת קסם לחלה,קילוגרמים,1.00,"ק""ג",false,,9.90,9.9000,true,1,2016692
7290100703915,false,פופקורן להכנה במיקרוגל בטעם חמאה - מארז 6 שקיות,סוגת,IL,מארז פופקורן למיקרו,גרמים,540.00,100 גרם,false,,9.90,0.0183,true,1,1691953
7290100703922,false,פופקורן להכנה במיקרוגל בטעם טבעי - מארז 6 שקיות,סוגת,IL,מארז פופקורן למיקרו,גרמים,540.00,100 גרם,false,,9.90,0.0183,true,1,1691954
7290100704493,false,"קמח שמרים פיצה ללא ניפוי סוגת 1 ק""ג","שטיבל בע""מ - טחנת קמ",IL,קמח שמרים פיצה ללא צ,קילוגרמים,1.00,"ק""ג",false,,9.90,9.9000,true,1,2037785
7290100704530,false,סוגת קמח כוסמין לבן ללא צורך בניפוי 1 קג,טחנות קמח שטיבל באר,IL,קמח כוסמין לבן מנופ,קילוגרמים,1.00,"ק""ג",false,,14.90,14.9000,true,1,2073520
7290100704578,false,קמח כוסמין לבן סוגת,טחנת קמח דגן-שטיבל,IL,"קמח כוסמין לבן 1 ק""",קילוגרמים,1.00,"ק""ג",false,,13.90,13.9000,true,1,2073408
7290100704622,false,סוכר דמררה דק דק בצנצנת 500 גרם,סוגת תעשיות בעמ,IL,סוכר דמררה דק דק בצנ,גרמים,500.00,100 גרם,false,,7.90,0.0158,true,1,2096922
7290100704660,false,קינואה מיקס 500 גרם סוגת,"סוגת תעשיות בע""מ",IL,קינואה מיקס 500 גרם,גרמים,500.00,100 גרם,false,,12.90,0.0258,true,1,2071056
7290100850909,false,דוריטוס נאצו מקסיקני 70 גרם,שטראוס פריטו ליי (מל,IL,דו.נאצו מקסיקני 70ג/1שק'/,גרמים,70.00,100 גרם,false,,3.50,0.0500,true,1,1189965
7290100850916,false,דוריטוס חמוץ חריף מעודן 70 גרם כשר לפסח,"שטראוס פריטו ליי בע""",IL,דוריטוס 70 גרם חמוץ,גרמים,70.00,100 גרם,false,,3.50,0.0500,true,1,1189966
7290100850923,false,חטיף דוריטוס גריל 70,שטראוס פריטו ליי (מל,IL,דוריטוס גריל 70גר/1שק'/70,גרמים,70.00,100 גרם,false,,3.50,0.0500,true,1,1189967
7290100850930,false,חטיף דוריטוס טבעי 70,שטראוס פריטו ליי (מל,IL,דוריטוס דיפ טבעי 70 גר,גרמים,70.00,100 גרם,false,,3.50,0.0500,true,1,1189968
7290100858592,false,אבקת קקאו עלית שקית 150 ג',הנסיך- מפעל לייצור ט,IL,שקית קקאו 150גרם/20שק/150,גרמים,150.00,100 גרם,false,,9.90,0.0660,true,1,1189491
7290100858608,false,אבקת קקאו עלית שקית 500 ג',שטראוס גרופ,IL,קקאו עלית 500 גרם,גרמים,500.00,100 גרם,false,,25.90,0.0518,true,1,1189492
7290100921593,false,מנקה אסלה סוד 4 כדוריות לאסלה לימון נתלה 50 ג',"הנקל סוד בע""מ",HU,סוד סבון אסלה לימון 50 גר,גרמים,50.00,100 גרם,false,,8.90,0.1780,true,1,1206189
7290100921609,false,סוד סבון לאסלה 4 כדוריות בניחוח אוקיינוס 50 ג',הנקל סוד,HU,סוד סבון אסלה אקיינוס 50,גרמים,50.00,100 גרם,false,,8.90,0.1780,true,1,1206190
7290100921616,false,סוד סבון לאסלה 4 כדוריות בניחוח אורנים 50 ג',הנקל סוד,HU,סוד סבון אסלה אורנים 50 ג,גרמים,50.00,100 גרם,false,,8.90,0.1780,true,1,1206191
7290100921623,false,מנקה אסלה סוד 4 כדוריות נתלה אקונומיקה נתלה 50 ג',"הנקל סוד בע""מ",HU,סוד סבון אסלה אקונומיקה 5,גרמים,50.00,100 גרם,false,,8.90,0.1780,true,1,1206192
7290100922569,false,קרם לטיפוח עוד הידיים והגוף- מארז שלישייה,טרופיקל דגיל,IL,קרם ידיים ולוטה מארז 100,מיליליטרים,300.00,"100 מ""ל",false,,19.90,0.0663,true,1,1216731
7290100922651,false,הוואי - סבון מוצק מי קוקוס 100 גרם רביעייה,טרופיקל דגיל קוסמטיק,IL,סבון מוצק הוואי מארז,יח',4.00,יח',false,,10.90,2.7250,true,1,1343714
7290100924464,false,כדוריות סבון נתלה לאסלה עם אקונומיקה - 3 יח',הנקל סוד,HU,סוד סבון אסלה שלישיה אקונ,יח',3.00,יח',false,,14.00,4.6667,true,1,1585081
7290100924631,false,מרכך כביסה מרוכז לבגדי תינוקות ובעלי עור רגיש,"הנקל סוד בע""מ",IL,מרכך כביסה סוד מרוכז בייב,מיליליטרים,900.00,"100 מ""ל",false,,11.90,0.0132,true,1,1273627
7290100924693,false,סוד סבון לאסלה 4 כדוריות בניחוח אוקנומיקה 50 ג',הנקל סוד,HU,סוד סבון אסלה לימון 50 גר,גרמים,50.00,100 גרם,false,,8.90,0.1780,true,1,1259167
7290100925669,false,קולור קאצ'ר - דפים למכונת כביסה 10 יח',הנקל סוד,IE,דפים למכונה כביסה קו,יח',10.00,יח',false,,14.90,1.4900,true,1,1317216
7290100925676,false,קולור קאצר 20 דפים לוכדי צבע למכונת כביס,הנקל סוד,IE,דפים למכונה כביסה קו,יח',20.00,יח',false,,14.90,0.7450,true,1,1317217
7290100925751,false,"סוד נוזל כלים תפוח 650 מ""ל",סוד,,סוד כלים קלאסי 650 מ,מיליליטרים,650.00,"100 מ""ל",false,,5.90,0.0091,true,1,1337214
7290100925775,false,נוזל כלים רימון ותאנים סוד 650 מל,הנקל סוד,IL,סוד כלים קלאסי 650 מ,מיליליטרים,650.00,"100 מ""ל",false,,5.90,0.0091,true,1,1337216
7290101110811,false,גלידל שלגון בטעם וניל מצופה סורבה פסיפלורה - 8 יח',הגלידות של פלדמן,IL,גלידל פסיפלורה 8יח,גרמים,600.00,100 גרם,false,,29.90,0.0498,true,1,1182164
7290101112112,false,גלידה טירמיסו דיזרט 1.8 ליטר,"פלקו בע""מ",IL,גלידה טירמיסו 1.8 לי,ליטרים,1.80,ליטר,false,,27.90,15.5000,true,1,1946075
7290101113409,false,גלידה יופלה פריזי יוגורט תות מאגדת 400 ג',הגלידות של פלדמן,IL,שלגוני יוגורט תות יו,גרמים,400.00,100 גרם,false,,19.90,0.0497,true,1,2012824
7290101113584,false,טילון שוקולד לבן עם ליבת שוקולד - מאגדת יולו [5],הגלידות של פלדמן,IL,מאגדת טילונים שוקולד,גרמים,400.00,100 גרם,false,,19.90,0.0497,true,1,2082467
7290101113638,false,מאגדת סנקור ארוך 8 יח 560 גרם,פלקו בעמ,IL,גלידה חלבית בשומן צמ,גרמים,560.00,100 גרם,false,,26.90,0.0480,true,1,2082468
7290101486688,false,פרי חטיפי בריאות חמישיה דגנים עם שוקולד,טבעית מוצרים מן הטבע,IL,פרי חטיפי בריאות מארז 5 ד,גרמים,100.00,100 גרם,false,,15.90,0.1590,true,1,1185938
7290101488248,false,"ליידי ספיד סטיק - דאודורנט רול און לאישה ורוד פרש פיושן 50 מ""ל",ליידי ספיד סטיק Lady Speed Stick,IT,ליידי 24/7 רול און ורוד ח,מיליליטרים,50.00,"100 מ""ל",false,,14.90,0.2980,true,1,1185944
7290101488316,false,ליידי ספיד סטיק - דאודורנט סטיק לאישה ללא סימן ורוד סטיק 65 גרם,ליידי ספיד סטיק Lady Speed Stick,US,ליידי ספיד סטיק ללא סימן,גרמים,65.00,100 גרם,false,,17.90,0.2754,true,1,1185949
7290101551027,false,קפסולות קפה אספרסו חזק במיוחד 14 עלית 10 יח',הנסיך- מפעל לייצור ט,IL,קפסולות למכונות נספר,גרמים,50.00,100 גרם,false,,16.50,0.3300,true,1,1865390
7290101551263,false,סילאן טבעי ללא תוספת סוכר,מכוורת יד מרדכי,IL,סילאן טבעי ללא תוספת,גרמים,700.00,100 גרם,false,,21.90,0.0313,true,1,1766489
7290101551300,false,סילאן טבעי ללא תוספת סוכר בקבוק לחיץ,מכוורת יד מרדכי,IL,סילאן טבעי לחיץ 380,גרמים,380.00,100 גרם,false,,15.90,0.0418,true,1,1766490
7290101551539,false,יוגורט PRO בטעם אפרסק 0% 20 גרם חלבון בגביע,דנונה - שטראוס,IL,דנונה פרו 20 גרם חלב,גרמים,200.00,100 גרם,false,,5.90,0.0295,true,1,1786992
7290101551584,false,תפוצ'יפס קידס מארז 10 יח' * 20 ג',"שטראוס פריטו ליי בע""",IL,מארז תפוציפס קידס,גרמים,200.00,100 גרם,false,,12.90,0.0645,true,1,1799555
7290101551614,false,חטיף צ'יטוס קראנץ בטעם גבינה - מארז 8 יח',שטראוס פריטו ליי (מל,IL,מארז ציטוס קראנצ גבי,גרמים,240.00,100 גרם,false,,12.90,0.0538,true,1,1799641
7290101580089,false,יין יוגב קברנה סוביניון,בנימינה Binyamina,IL,יוגב קברנה סוביניון 2012,מיליליטרים,750.00,"100 מ""ל",false,,39.90,0.0532,true,1,1194165
7290101580942,false,יין כרם קברנה סובניון,בנימינה Binyamina,IL,כרם קברנה סוביניון 2010,מיליליטרים,750.00,"100 מ""ל",false,,19.90,0.0265,true,1,1194190
7290101580959,false,יין כרם מרלו,בנימינה Binyamina,IL,כרם מרלו 2010,מיליליטרים,750.00,"100 מ""ל",false,,19.90,0.0265,true,1,1194191
7290101580966,false,יין כרם אמרלד ריזלינג,בנימינה Binyamina,IL,כרם אמרלד ריזלינג 2010,מיליליטרים,750.00,"100 מ""ל",false,,19.90,0.0265,true,1,1194192
7290101581208,false,יין רזרב Reserve קברנה סוביניון גליל,בנימינה Binyamina,IL,ב.רזרב קברנה סוביניון 201,מיליליטרים,750.00,"100 מ""ל",false,,49.90,0.0665,true,1,1238848
7290101581628,false,יין אדום יבש אבני חושן יהלום,בנימינה Binyamina,,יין אדום אבני החושן,מיליליטרים,750.00,"100 מ""ל",false,,99.90,0.1332,true,1,1381762
7290101581710,false,יין רזרב Reserve שיראז גליל,בנימינה Binyamina,,יין אדום רזרב שיראז,מיליליטרים,750.00,"100 מ""ל",false,,49.90,0.0665,true,1,1337360
7290101581734,false,יין רזרב Reserve מרלו גליל,בנימינה Binyamina,,יין אדום רזרב מרלו,מיליליטרים,750.00,"100 מ""ל",false,,49.90,0.0665,true,1,1339240
7290101582359,false,יין בנימינה שרדונה 2017,בנימינה Binyamina,,יין המושבה שרדונה,מיליליטרים,750.00,"100 מ""ל",false,,29.90,0.0399,true,1,1634775
7290101582366,false,יין קברנה סוביניון המושבה,יקבי בינימינה,IL,יין המושבה קברנה סוב,מיליליטרים,750.00,"100 מ""ל",false,,29.90,0.0399,true,1,1634776
7290101582373,false,ייו רוזה גרנאש המושבה,יקבי בינימינה,IL,יין המושבה גראנש בלא,מיליליטרים,750.00,"100 מ""ל",false,,29.90,0.0399,true,1,1634777
7290101582380,false,יין בנימינה המושבה גוורצטרמינר 2017,,,יין המושבה גוורצטרמי,מיליליטרים,750.00,"100 מ""ל",false,,29.90,0.0399,true,1,1634778
7290101582397,false,"יין מרלו 750 מ""ל בני",יקבי בינימינה,IL,יין המושבה מרלו,מיליליטרים,750.00,"100 מ""ל",false,,29.90,0.0399,true,1,1634779
7290101582403,false,יין שיראז המושבה,בנימינה Binyamina,,יין המושבה שיראז,מיליליטרים,750.00,"100 מ""ל",false,,29.90,0.0399,true,1,1634780
7290101582410,false,יין גוורצטרמינר לבן חצי יבש,בנימינה Binyamina,,יין גוורצטרמינר חצי,מיליליטרים,750.00,"100 מ""ל",false,,49.90,0.0665,true,1,1730176
7290101582496,false,יין לבן חצי מתוק אמרלד ריזלינג,בנימינה Binyamina,,יין כחול אמרלד ריזלי,מיליליטרים,750.00,"100 מ""ל",false,,49.90,0.0665,true,1,1990484
7290101582571,false,יין רוזה חצי יבש גרנאש,בנימינה Binyamina,,יין אדום רוזה גראנש,מיליליטרים,750.00,"100 מ""ל",false,,49.90,0.0665,true,1,2005895
7290101582632,false,יין אדום יבש המערה,המערה The Cave,,יין המערה,מיליליטרים,750.00,"100 מ""ל",false,,259.00,0.3453,true,1,2090242
7290101863410,false,"סיליט ניקוי עוצמתי מכיל אקונומיקה 750 מ""ל",סיליט באנג Cillit Bang,PL,סיליט ספריי אקונומיקה שרו,מיליליטרים,750.00,"100 מ""ל",false,,14.90,0.0199,true,1,1159918
7290101864127,false,"ספריי להסרת כתמים 750 מ""ל וניש קליה",קליה וניש Kalia Vanish,IL,"וניש ספריי 750 מ""ל סולו 1",מיליליטרים,750.00,"100 מ""ל",false,,19.90,0.0265,true,1,1159921
7290101865261,false,"פיניש נוזל הברקה 800 מ""ל",רקיט בנקיזר,PL,"פיניש נוזל הברקה 800 מ""""ל",מיליליטרים,800.00,"100 מ""ל",false,,19.90,0.0249,true,1,1159926
7290101866633,false,וניש קליה גל להסרת כתמים 3 ליטר אוקסיפרש,קליה וניש Kalia Vanish,IL,וניש ורוד TITAN 3L,ליטרים,3.00,ליטר,false,,29.90,9.9667,true,1,1159938
7290101866787,false,מסיר כתמים ומלבין לכביסה לבנה 3 ל וניש קליה,קליה וניש Kalia Vanish,IL,וניש נוזל להלבנה TITAN 3L,ליטרים,3.00,ליטר,false,,29.90,9.9667,true,1,1159943
7290101868460,false,"אבקת כביסה 101 8 ק""ג קולון",רקיט בנקיזר,IL,קולון 101 8 ק''ג,קילוגרמים,8.00,"ק""ג",false,,54.90,6.8625,true,1,1159975
7290101868958,false,פיניש נוזל הברקה למדיח בניחוח לימון,רקיט בנקיזר,PL,"פיניש נוזל הברקה 800 מ""ל",מיליליטרים,800.00,"100 מ""ל",false,,19.90,0.0249,true,1,1213547
7290101869733,false,גל AIO פיניש לימון 1 ליטר,רקיט בנקיזר,PL,פיניש ג'ל 1000 AIO ל,מיליליטרים,1000.00,"100 מ""ל",false,,42.90,0.0429,true,1,1248705
7290101869764,false,אירוויק מבשם אוויר מכשיר אוטומטי חלום ליל קיץ,רקיט בנקיזר,HU,מבשם אויר מכשיר אוטומטי ח,מיליליטרים,250.00,"100 מ""ל",false,,39.90,0.1596,true,1,1243442
7290101869788,false,אירוויק פרשמטיק ניחוח חלום ליל קיץ,איירוויק Air Wick,HU,מילוי מבשם אויר אוטומטי א,מיליליטרים,250.00,"100 מ""ל",false,,19.90,0.0796,true,1,1243444
7290101869801,false,אירוויק מבשם אויר מכשיר חשמלי אואזיס,רקיט בנקיזר,GB,מבשם אויר חשמלי מכשיר אוא,מיליליטרים,19.00,"100 מ""ל",false,,24.90,1.3105,true,1,1243446
7290101869832,false,מילוי למכשיר מבשם אויר חשמלי חלום ליל קיץ,איירוויק Air Wick,PL,מילוי מבשם אויר חשמלי חלו,מיליליטרים,19.00,"100 מ""ל",false,,14.90,0.7842,true,1,1243449
7290101869917,false,מילוי למכשיר ספריי אוטומטי היער הקסום,איירוויק Air Wick,HU,מילוי מבשם אויר אוטומטי ה,מיליליטרים,250.00,"100 מ""ל",false,,19.90,0.0796,true,1,1243469
7290101869962,false,אירוויק מקלות ריחניים חלום ליל קיץ,איירוויק Air Wick,HU,מקלות ריחניים חלום ליל קי,מיליליטרים,30.00,"100 מ""ל",false,,14.90,0.4967,true,1,1243471
7290101920076,false,כפפות לטקס מידה L 10,,,כפפות לטקס מידה L 10,"י""ח",100.00,"י""ח",false,,39.90,0.3990,true,1,2009431
7290101920083,false,כפפות לטקס מידה 100,,,כפפות לטקס מידה 100,יח',100.00,יח',false,,39.90,0.3990,true,1,1192081
7290101925606,false,ממחטות אף רכות פרפקט,פרפקט Perfect,,ממחטות אף רכות פרפקט,יח',120.00,יח',false,,9.90,0.0825,true,1,1349394
7290101925620,false,ממחטות אף רכות 3 שכבות,פרפקט Perfect,,ממחטות אף רכות 3 שכ,יח',56.00,יח',false,,7.90,0.1411,true,1,1351897
7290102030330,false,תפוציפס קראנצ מקסיקני 200 גרם,"שטראוס פריטו ליי בע""",IL,תפוציפס קראנצ מקסיקני 200,גרמים,200.00,100 גרם,false,,9.90,0.0495,true,1,1189971
7290102031276,false,מארז 8 יחידות אקטימל משקה יוגורט בטעם תות בננה,מיוצר עי קונדיטוריית,IL,אקטימל 8 תות בננה,גרמים,864.00,100 גרם,false,,19.90,0.0230,true,1,1188793
7290102032334,false,אבקה להכנת משקה קפה בטעם וניל,שטראוס,IL,קפה נמס וניל 200 גר' חדש,גרמים,200.00,100 גרם,false,,26.90,0.1345,true,1,1189504
7290102060764,false,מרידול מברשת שיניים אריזת זוג,יבואן ומשווק: ש. שסט,CH,מרידול מברשת שיניים זוג,יח',2.00,יח',false,,34.90,17.4500,true,1,1185954
7290102060979,false,אלמקס משחת שיניים למניעת עששת 100 מל,יבואן ומשווק: ש. שסט,PL,אלמקס משחת שיניים למניעת,גרמים,100.00,100 גרם,false,,18.90,0.1890,true,1,1185956
7290102062195,false,"אלמקס משחת שיניים אלמקס גוניור 75 מ""ל",יבואן ומשווק: ש. שסט,PE,אלמקס ג'וניור משחת שיניים,גרמים,75.00,100 גרם,false,,15.90,0.2120,true,1,1185959
7290102300822,false,גבינה צ'דר אנגלית כתומה 200 ג',דאולי צ'יסמייקרס,GB,גבינת צ'דר אנגלית כתום,גרמים,200.00,100 גרם,false,,20.90,0.1045,true,1,1177316
7290102301881,false,גבינת טרטר עשבי תיבול 150 גר,בונגראן,FR,גבינת טרטר עשבי תיבול,גרמים,150.00,100 גרם,false,,20.90,0.1393,true,1,1177320
7290102302864,false,גבינה הולנדית עם פסטו ירוק 34%,הנרי ויליך Henri Willig,NL,גאודה פסטו ירוק 200,גרמים,200.00,100 גרם,false,,34.90,0.1745,true,1,2014080
7290102302888,false,גבינת גאודה כמון 200 גרם,מיוצר עי קונדיטוריית,NL,גאודה עם כמון 200 גר,גרמים,200.00,100 גרם,false,,24.90,0.1245,true,1,2014082
7290102390427,false,יוגורט ביו עם קציפת תות 3% שומן 150 ג' מולר,מולר Muller,IL,"Muller Froop תות 150 מ""ל",מיליליטרים,150.00,"100 מ""ל",false,,4.70,0.0313,true,1,1176187
7290102390465,false,יוגורט ביו עם קציפת אפרסק ופסיפלורה 3% שומן 150 ג' מולר,מולר Muller,IL,Muller Froop אפרסק פסיפלו,מיליליטרים,150.00,"100 מ""ל",false,,4.70,0.0313,true,1,1176188
7290102391844,false,יוגורט ביו עם קציפת פירות יער3% שומן 150 ג' מולר,מולר Muller,IL,Muller Froop פירות יער 15,מיליליטרים,150.00,"100 מ""ל",false,,4.70,0.0313,true,1,1176194
7290102392094,false,חלב עיזים 4.1% צוריאל 1 ל' קרטון,מילקו תעשיות בעמ,IL,חלב עיזים בקרטון 1 ליטר,ליטרים,1.00,ליטר,false,,14.90,14.9000,true,1,1176197
7290102392728,false,"יוגורט מולר ביו 2.8% נטורל 150מ""ל","טרה, פארק תעשיות בע""",IL,מולר ביאנקו נטורל 2.8% 20,גרמים,200.00,100 גרם,false,,3.70,0.0185,true,1,1176206
7290102393039,false,מולר מיקס יוגורט קרמי בתוספת פצפוצי שוקולד 170 ג',מולר Muller,IL,Muller mix פצפוצי שוקולד-,גרמים,170.00,100 גרם,false,,5.40,0.0318,true,1,1176208
7290102393060,false,מיקס יוגורט גליליות וופל קרם אגוזים 170 ג' מולר,מולר Muller,IL,Muller mix גליליות קרם אג,מיליליטרים,170.00,"100 מ""ל",false,,5.40,0.0318,true,1,1176209
7290102393169,false,סימפלי פרוט יוגורט תות 3% שומן 150 ג' מולר,מולר Muller,IL,תות שדה Muller Simply fru,גרמים,150.00,100 גרם,false,,4.80,0.0320,true,1,1176218
7290102393176,false,סימפלי פרוט יוגורט אפרסק 3% שומן 150 ג' מולר,מילקו תעשיות בעמ,IL,אפרסק Muller Simply fruit,גרמים,150.00,100 גרם,false,,4.80,0.0320,true,1,1176219
7290102393190,false,סימפלי פרוט פירות היער 3% שומן 150 ג' מולר,מילקו תעשיות בעמ,IL,פירות יער Muller Simply f,גרמים,150.00,100 גרם,false,,4.80,0.0320,true,1,1176220
7290102393268,false,**טרה גבינה לבנה אריזת חיסכון 5% 750ג,טרה,IL,גבינה לבנה 750 גרם 5%,גרמים,750.00,100 גרם,false,,14.85,0.0198,true,1,1176221
7290102393299,false,יוגורט עיזים לשתייה 3% שומן 500 ג' צוריאל,מיוצר עי קוד יצרן HG,IL,יוגורט עיזים לשתייה 3% שו,גרמים,500.00,100 גרם,false,,12.90,0.0258,true,1,1176222
7290102393848,false,"משק צוריאל יוגורט עיזים תות 3% 140 מ""ל",מחלבת משק צוריאל,IL,יוגורט עיזים עם תות 150 ג,גרמים,150.00,100 גרם,false,,5.90,0.0393,true,1,1176226
7290102393855,false,"משק צוריאל יוגורט עיזים אפרסק 3% 140 מ""ל",מחלבת משק צוריאל,IL,יוגורט עיזים עם אפרסק 150,גרמים,150.00,100 גרם,false,,5.90,0.0393,true,1,1176227
7290102393947,false,סימפלי פרוט יוגורט בטעם קיווי 3% שומן 150 ג' מולר,מילקו תעשיות בעמ,IL,קיווי Muller Simply fruit,גרמים,150.00,100 גרם,false,,4.80,0.0320,true,1,1176228
7290102394081,false,מולר מיקס יוגורט קרמי עם קורנפלקס מצופה שוקולד,מילקו תעשייה בעמ,IL,Muller mix קורנפלקס מצופה,מיליליטרים,170.00,"100 מ""ל",false,,5.40,0.0318,true,1,1176230
7290102394258,false,עז מה 9% מופחתת שומן צוריאל 180 גר,מחלבת משק צוריאל,IL,מה עז 9% 180 גרם,גרמים,180.00,100 גרם,false,,21.90,0.1217,true,1,1176231
7290102394463,false,נעם גבינה צהובה וואקום 28% 500 גרם,טרה,IL,וואקום 28% שומן 500 גרם,גרמים,500.00,100 גרם,false,,26.90,0.0538,true,1,1176237
7290102394821,false,"נעם גבינה צהובה דק דק פ""ח 28% 200 גר",מילקו תעשיות בעמ,IL,"דק דק פ""ח 28% 200 גרם",גרמים,200.00,100 גרם,false,,15.60,0.0780,true,1,1176239
7290102394845,false,פרוסות גבינת נעם מופחתת שומן 9%,מילקו תעשיות בעמ,IL,"דק דק פ""ח 9% 200 גרם",גרמים,200.00,100 גרם,false,,16.90,0.0845,true,1,1176240
7290102395101,false,ממרח גבינה ושוקולד שוקי 200 גר,מילקו תעשיות בעמ,IL,ממרח גבינה ושוקולד 200 גר,גרמים,200.00,100 גרם,false,,10.90,0.0545,true,1,1176244
7290102395224,false,מארז 8 גביעים יוגורט ביו בטעם טבעי 1.7%,מולר Muller,IL,מאגדת שמיניה מולר 1.7% בי,גרמים,1200.00,100 גרם,false,,15.90,0.0133,true,1,1176253
7290102395262,false,מארז 8 גביעים יוגורט בטעם תות שדה ואפרסק 3% Simply Fruit,מולר Muller,IL,מאגדת שמינייה סימפלי 3% ת,גרמים,1200.00,100 גרם,false,,29.90,0.0249,true,1,1176256
7290102395378,false,גבינה צהובה נועם 28% וואקום פרוס 360ג',טרה,IL,גבינה צהובה נעם 28% ואקום,גרמים,360.00,100 גרם,false,,19.90,0.0553,true,1,1176257
7290102395439,false,מארז 8 גביעים יוגורט בטעם פירות יער וקיווי 3% Simply Fruit,מילקו תעשיות בעמ,IL,מאגדת שמינייה סימפלי פירו,גרמים,1200.00,100 גרם,false,,29.90,0.0249,true,1,1176261
7290102395446,false,מעדן חלב בטעם וניל עם קצפת 123 ג' טרה,טרה,IL,מוו וניל קצפת,גרמים,123.00,100 גרם,false,,2.90,0.0236,true,1,1176262
7290102395477,false,מעדן חלב בטעם שוקולד עם קצפת 123 ג' טרה,טרה,IL,מוו שוקולד קצפת,גרמים,123.00,100 גרם,false,,2.90,0.0236,true,1,1176265
7290102395521,false,"שמנת לבישול 15% שומן 500 מ""ל טרה",מילקו תעשיות בעמ,IL,"שמנת לבישול 15% 500 מ""ל",מיליליטרים,500.00,"100 מ""ל",false,,15.90,0.0318,true,1,1176266
7290102396405,false,מארז 8 יחידות מעדן חלב בטעם וניל 1.5%,טרה,IL,מאגדת שמינייה מעדן וניל 1,גרמים,800.00,100 גרם,false,,12.90,0.0161,true,1,1208900
7290102396436,false,מעדן שוקולד 1.5% שומן 125 ג' טרה,טרה,IL,מוו מעדן שוקולד 1.5% 125,גרמים,125.00,100 גרם,false,,2.70,0.0216,true,1,1176305
7290102396443,false,מעדן וניל 1.5% שומן 125 ג' טרה,טרה,IL,מוו מעדן וניל 1.5% 125 גר,גרמים,125.00,100 גרם,false,,2.70,0.0216,true,1,1176306
7290102396580,false,מעדן שוקולד ומוס שוקולד 123 ג' טרה,טרה,IL,מעדן מוו שוקולד ומוס שוקו,גרמים,123.00,100 גרם,false,,2.90,0.0236,true,1,1176313
7290102396597,false,מעדן מוו וניל ומוס שוקולד 123 גר,טרה,IL,מעדן מוו וניל ומוס שוקולד,גרמים,123.00,100 גרם,false,,2.90,0.0236,true,1,1176314
7290102396665,false,פרוסות גבינת נעם מופחתת שומן 15%,מילקו תעשיות בעמ,IL,גבינה צהובה דק דק 15,גרמים,200.00,100 גרם,false,,15.60,0.0780,true,1,1280492
7290102396672,false,זבינה צהובה נעם דק דק 9% 360 גר,טרה,IL,גבינה צהובה 9% נעם 3,גרמים,360.00,100 גרם,false,,25.90,0.0719,true,1,1277468
7290102396719,false,יוגורט ביו עם תות שדה 0% Simply Fruit,מולר Muller,IL,תות 0% Muller Simply fru,גרמים,150.00,100 גרם,false,,4.80,0.0320,true,1,1221510
7290102396726,false,מולר סימפלי פרוט אפרסק 0% 150מל,מולר,IL,אפרסק 0% Muller Simply f,גרמים,150.00,100 גרם,false,,4.80,0.0320,true,1,1221511
7290102396740,false,מארז 8 גביעים יוגורט בטעם תות שדה ואפרסק 0% Simply Fruit,מילקו תעשיות בעמ,IL,מאגדת שמינייה סימפלי 0% ת,גרמים,1200.00,100 גרם,false,,29.90,0.0249,true,1,1221620
7290102396788,false,"טרה-מוו שוקו בשקית 200 מ""ל",טרה,IL,"שוקו בשקית 200 מ""ל",מיליליטרים,200.00,"100 מ""ל",false,,2.50,0.0125,true,1,1225861
7290102397075,false,יוגורט בקרטון 4% שומן 1.5ל' טרה,טרה,IL,יוגורט 1.5ליטר בקרטו,ליטרים,1.50,ליטר,false,,12.90,8.6000,true,1,1247880
7290102397204,false,פרוסות גבינה 22% שומן 200 ג' נעם,מילקו תעשיות בעמ,IL,גבינה צהובה 22% נעם,גרמים,200.00,100 גרם,false,,15.60,0.0780,true,1,1277469
7290102397310,false,מעדן מיני בטעם שוקולד קצפת מוו מאגדת 8 יח' * 70 ג',מילקו,IL,מאגדת שמינייה מיני מ,גרמים,560.00,100 גרם,false,,11.90,0.0213,true,1,1293958
7290102397464,false,יוגורט ביו בתוספת גרעינים אגוזים וחמוציות 170 ג' מולר,מולר Muller,IL,יוגורט מיקס מולר נטו,גרמים,170.00,100 גרם,false,,5.40,0.0318,true,1,1607514
7290102397600,false,מיקס יוגורט בתוספת שקדים ובוטנים מקורמלים 170 ג' מולר,מילקו תעשייה בעמ,IL,יוגורט מיקס מולר שקד,גרמים,170.00,100 גרם,false,,5.40,0.0318,true,1,1312110
7290102397617,false,יוגורט ביו קרמי עם כדורים מצופים שוקולד חום לבן,מולר Muller,IL,יוגורט מיקס מולר קלי,גרמים,170.00,100 גרם,false,,5.40,0.0318,true,1,1312111
7290102397679,false,קוטג' וחצי 5% טרה 375 ג',מילקו,IL,קוטג' וחצי 5% טרה 37,גרמים,375.00,100 גרם,false,,7.90,0.0211,true,1,1368107
7290102397730,false,פרוסות גבינה אמנטל חצי קשה 30% שומן 200 ג' נעם,טרה,IL,גבינה אמנטל 200 גר נ,גרמים,200.00,100 גרם,false,,16.90,0.0845,true,1,1734473
7290102397747,false,פרוסות גבינת מוצרלה נעם מחלב בקר 22%,טרה,IL,מוצרלה נעם 200 גרם ר,גרמים,200.00,100 גרם,false,,17.90,0.0895,true,1,1597600
7290102397891,false,גבינת מותכת 18% צוריאל 100ג',משק צוריאל,IL,גבינה מותכת משק צורי,גרמים,100.00,100 גרם,false,,6.90,0.0690,true,1,1411576
7290102398065,false,**חלב בקרטון 2 ליטר 3% מהדרין - טרה,טרה,IL,חלב קרטון 2 ליטר 3%,ליטרים,2.00,ליטר,false,,12.40,6.2000,true,1,1626319
7290102398072,false,**חלב בקרטון 1 ליטר 3% מהדרין,טרה,IL,חלב בקרטון 1 ליטר 3%,ליטרים,1.00,ליטר,false,,6.20,6.2000,true,1,1506906
7290102398331,false,חלב דל לקטוז 2% מועשר בויטמין D,טרה,IL,חלב מועשר דל לקטוז 2,ליטרים,1.00,ליטר,false,,7.40,7.4000,true,1,1600250
7290102398478,false,לאבנה 9% שומן 500 ג' טרה,טרה,IL,לאבנה טרה 500 גרם .,גרמים,500.00,100 גרם,false,,19.90,0.0398,true,1,1997678
7290102398553,false,שוקו טרה בבקבוק 1.5 ליטר,מילקו תעשיות בעמ,IL,שוקו 1.5 ליטר טרה,ליטרים,1.50,ליטר,false,,16.90,11.2667,true,1,2008128
7290102398560,false,שוקו מעושר בבקבוק 1ל' טרה,מילקו תעשיות בעמ,IL,שוקו 1 ליטר טרה,ליטרים,1.00,ליטר,false,,10.90,10.9000,true,1,1709158
7290102398577,false,משקה חלב בטעם שוקו 2% בבקבוק אישי,מילקו תעשיות בעמ,IL,שוקו טרה מועשר בבקבו,מיליליטרים,250.00,"100 מ""ל",false,,5.20,0.0208,true,1,1709143
7290102398614,false,משקה חלב בטעם בננה 1 ליטר טרה,מילקו תעשיות בעמ,IL,משקה חלב בטעם בננה 1,ליטרים,1.00,ליטר,false,,10.90,10.9000,true,1,1709159
7290102398638,false,משקה חלב בטעם מוקה 1 ליטר טרה,מילקו תעשיות בעמ,IL,משקה חלב בטעם מוקה 1,ליטרים,1.00,ליטר,false,,10.90,10.9000,true,1,1709160
7290102398669,false,משקה חלב עם קפה אייס קפוצ'ינו 1.5%,מילקו תעשיות בעמ,IL,אייס קפוצינו 1 ליטר,ליטרים,1.00,ליטר,false,,10.90,10.9000,true,1,2020086
7290102398782,false,משקה סויה קלאסי משק צוריאל 1 ליטר,מחלבת משק צוריאל,IT,משקה סויה קלאסיק צור,ליטרים,1.00,ליטר,false,,9.90,9.9000,true,1,1993406
7290102398799,false,משקה סויה במתיקות מופחתת 1 ליטר משק צוריאל,מחלבת משק צוריאל,IT,משקה סויה במתיקות מו,ליטרים,1.00,ליטר,false,,9.90,9.9000,true,1,1993407
7290102398805,false,משקה סויה בטעם וניל משק צוריאל 1 ליטר,מחלבת משק צוריאל,IT,משקה סויה בטעם וניל,ליטרים,1.00,ליטר,false,,9.90,9.9000,true,1,1993408
7290102398836,false,משקה שקדים קלאסי משק צוריאל 1 ליטר,מחלבת משק צוריאל,IT,משקה שקדים קלאסיק צו,ליטרים,1.00,ליטר,false,,11.90,11.9000,true,1,1993427
7290102399048,false,פרוסות גבינת קשקבל נעם 200 ג' טרה,מילקו,IL,קשקבל נעם 200 גרם רכ,גרמים,200.00,100 גרם,false,,22.90,0.1145,true,1,1931253
7290102399789,false,ממרח חמאת מולר ושמן לפתית ללא תוספת מלח,Molkerei Weihensteph,DE,ממרח חמאת מולר ללא מ,גרמים,250.00,100 גרם,false,,16.90,0.0676,true,1,2011297
7290102399802,false,יוגורט עם תות מולר אקטיב מועשר בחלבון 200 גר',מולר Muller,IL,יוגורט מולר אקטיב עם,גרמים,200.00,100 גרם,false,,5.80,0.0290,true,1,1997669
7290102399819,false,יוגורט עם פירות יער מולר אקטיב מועשר בחלבון 200 גר',מולר Muller,IL,יוגורט מולר אקטיב עם,גרמים,200.00,100 גרם,false,,5.80,0.0290,true,1,1997679
7290102399857,false,"יוגורט אקטיב עם תות 0% , 20 גרם חלבון בגביע",מולר Muller,IL,יוגורט מולר אקטיב עם,גרמים,200.00,100 גרם,false,,5.80,0.0290,true,1,2017754
7290102842346,false,סוויט לוז- ממתיק דל קלוריות,,,סוויט לוז ממתיק דל ק,יח',100.00,יח',false,,19.90,0.1990,true,1,1177446
7290103120658,false,דאודורנט סטיק ג'ל לגבר Cool Night 24/7,הנסיך- מפעל לייצור ט,US,ספיד סטיק 24/7 גל שחור,גרמים,50.00,100 גרם,false,,17.90,0.3580,true,1,1185966
7290103124588,false,"פלמוליב סבון נוזלי סגול משאבה 750 מ""ל",הנסיך- מפעל לייצור ט,TR,פלמוליב סבון נוזלי ארומה,מיליליטרים,750.00,"100 מ""ל",false,,16.90,0.0225,true,1,1185978
7290103124601,false,"תחליב רחצה נוזל חלב ודבש משאבה 750מ""ל פלמוליב",הנסיך- מפעל לייצור ט,TR,פלמוליב חלב ודבש 750מל חד,מיליליטרים,750.00,"100 מ""ל",false,,16.90,0.0225,true,1,1185979
7290103126797,false,משחת שיניים סנסיטיב פרו רליף Sensitive Pro - Reliefe,הנסיך- מפעל לייצור ט,BR,קולגייט סנסיטיב פרו ריליף,מיליליטרים,75.00,"100 מ""ל",false,,14.90,0.1987,true,1,1185990
7290103128739,false,בלונס צימרוני אוזניים לתינוק 50 יח',הנסיך- מפעל לייצור ט,GR,בלונס מקלות אוזניים תינוק,יח',50.00,יח',false,,5.90,0.1180,true,1,1186000
7290103129378,false,ספיד סטיק - דאודורנט ג'ל לגבר איקס 5 85 גרם,הנסיך- מפעל לייצור ט,US,ספיד סטיק גל X5,גרמים,85.00,100 גרם,false,,17.90,0.2106,true,1,1186005
7290103129392,false,ליידי ספיד סטיק פרש אינפיוזן ורוד,ליידי ספיד סטיק Lady Speed Stick,US,לסס פרש אסנס פרח הפרזיה ס,גרמים,65.00,100 גרם,false,,17.90,0.2754,true,1,1186006
7290103129637,false,בלונס פדים אובאליים להסרת איפור 40 יח,הנסיך- מפעל לייצור ט,GR,בלונס פדים אובאליים להסרת,יח',40.00,יח',false,,7.90,0.1975,true,1,1186009
7290103243357,false,מאפינס ממולא תות,,,מאפינס ממולא תות,גרמים,50.00,100 גרם,false,,1.30,0.0260,true,1,1413196
7290103400231,false,"גזר 400 גר בד""צ ירקות שטראוס","טרופיקל דגיל בע""מ אז",IL,גזר 400 ג' ירקות שטראוס,גרמים,400.00,100 גרם,false,,8.90,0.0223,true,1,1188800
7290103400255,false,"סלט קולסלאו 400 גר בד""צ ירקות שטראוס","טרופיקל דגיל בע""מ אז",IL,סלט קולסלאו 400 ג ירקות ש,גרמים,400.00,100 גרם,false,,8.90,0.0223,true,1,1188801
7290103401429,false,קפה קצב ברזילאי אוריגינס 200 גר,הנסיך- מפעל לייצור ט,IL,קפה קצב ברזילאי,גרמים,200.00,100 גרם,false,,29.90,0.1495,true,1,1189517
7290103404758,false,כרוב אדום במיונז אחל,מיוצר עי קונדיטוריית,IL,כרוב 120,גרמים,120.00,100 גרם,false,,4.50,0.0375,true,1,1188803
7290103408206,false,עלי חסה בקופסא 250 גרם ירקות שטראוס,שטראוס בריאות ירקות,IL,עלי חסה בקופסא 250 גרם יר,גרמים,250.00,100 גרם,false,,9.90,0.0396,true,1,1188809
7290103681173,false,"יין תבור הר קברנה סוביניון 750 מ""ל",מיוצר על ידי יקב תבו,IL,יין תבור הר קברנה סו,מיליליטרים,750.00,"100 מ""ל",false,,34.90,0.0465,true,1,1879259
7290103681197,false,"יין הר שיראז מיתוג תנשמת 750 מ""ל",מיוצר על ידי יקב תבו,IL,יין תבור הר שיראז 75,מיליליטרים,750.00,"100 מ""ל",false,,34.90,0.0465,true,1,1879261
7290103681210,false,"יין הר שרדונה מיתוג תנשמת 750 מ""ל",מיוצר על ידי יקב תבו,IL,יין תבור הר שרדונה 7,מיליליטרים,750.00,"100 מ""ל",false,,34.90,0.0465,true,1,1879262
7290103681227,false,"יין הר גוורצטרמינר מיתוג תנשמת 750 מ""ל",מיוצר על ידי יקב תבו,IL,יין תבור הר גוורצטרמ,מיליליטרים,750.00,"100 מ""ל",false,,34.90,0.0465,true,1,1879263
7290103681234,false,"יין הר רוזה מיתוג תנשמת 750 מ""ל",תבור,IL,יין תבור הר רוזה 750,מיליליטרים,750.00,"100 מ""ל",false,,34.90,0.0465,true,1,1879264
7290103681241,false,"יין הר מוסקטו מיתוג תנשמת 750 מ""ל",תבור TABOR,IL,יין תבור הר מוסקטו 7,מיליליטרים,750.00,"100 מ""ל",false,,34.90,0.0465,true,1,1879385
7290103702540,false,נייר טואלט מהדרות כדור פורח 30 גלילים טאצ',טאץ' Touch,,נייר טואלט 30,מטרים,504.00,מטר,false,,35.90,0.0712,true,1,2112679
7290103702649,false,מארז חמישייה מגבוני טישו דו שכבתי,שניב,IL,ממחטות טישו חמישייה,יח',500.00,יח',false,,13.90,0.0278,true,1,2151274
7290103702687,false,מגבות נייר - מארז 8 גלילים,פרפקט Perfect,,מגבות נייר 8 יחידות,מטרים,84.64,מטר,false,,12.90,0.1524,true,1,1291913
7290103702731,false,מגבות נייר - מארז 6 גלילים,פרפקט Perfect,,מגבות נייר 6 יחידות,מטרים,63.48,מטר,false,,12.90,0.2032,true,1,1301443
7290103702748,false,מגבות נייר - מארז 12 גלילים,פרפקט Perfect,,מגבות נייר 12 יחידות,מטרים,126.96,מטר,false,,16.90,0.1331,true,1,1301753
7290103702755,false,נייר טואלט דו שכבתי - מארז 32 גלילים,פרפקט Perfect,,נייר טואלט דו שכבתי,מטרים,573.44,מטר,false,,27.90,0.0487,true,1,1302838
7290103702847,false,ממחטות אף באריזה אישית- 10 במארז,פרפקט Perfect,,ממחטות אף 10 יחידות,יח',10.00,יח',false,,8.90,0.8900,true,1,1348281
7290103702908,false,ממחטות נייר- מארז חמישייה,פרפקט Perfect,,ממחטות טישו 5 יחידות,יח',500.00,יח',false,,12.90,0.0258,true,1,1347745
7290103702915,false,נייר טואלט דו שכבתי - מארז 48 גלילים,פרפקט Perfect,,נייר טואלט דו שכבתי,מטרים,860.16,מטר,false,,34.90,0.0406,true,1,1351302
7290104061424,false,חומוס אחלה עם זעתר 400 ג',מיוצר עי קונדיטוריית,IL,חומוס זעתר 400 גרם,גרמים,400.00,100 גרם,false,,9.90,0.0248,true,1,1188811
7290104061448,false,חומוס עם חריף 400 ג' אחלה,מיוצר עי קונדיטוריית,IL,חומוס חריף 400 גרם,גרמים,400.00,100 גרם,false,,9.90,0.0248,true,1,1188813
7290104062599,false,מארז 8 יחידות מעדן גמדים בטעמי תות ובננה,שטראוס דנונה,IL,8 גמדים תות בננה,גרמים,800.00,100 גרם,false,,17.90,0.0224,true,1,1188814
7290104065187,false,אבקה להכנת משקה קפה בטעם מוקה,שטראוס,IL,קפה נמס מוקה 200 גר',גרמים,200.00,100 גרם,false,,26.90,0.1345,true,1,1189560
7290104065934,false,עלי רוקט 150 גרם שטראוס,שטראוס בריאות ירקות,IL,עלי רוקט 150 ג' ירקות שטר,גרמים,150.00,100 גרם,false,,9.90,0.0660,true,1,1188817
7290104066566,false,טחינה משומשום מלא 50,מיוצר עי קונדיטוריית,IL,טחינה משומשום מלא 500 גרם,גרמים,500.00,100 גרם,false,,13.90,0.0278,true,1,1188819
7290104067693,false,אחלה חומוס עם חריף 150 גרם,מיוצר עי קונדיטוריית,IL,חומוס 150 חריף,גרמים,150.00,100 גרם,false,,4.90,0.0327,true,1,1188822
7290104068539,false,מאסט פליפטופ מלון ואבטיח ללא גרעינים,"שטראוס גרופ בע""מ",IL,MUST LL פליפ. אבטיח מלון,גרמים,28.00,100 גרם,false,,3.90,0.1393,true,1,1189567
7290104068546,false,גומי מאסט בטעם לימון קולה ללא סוכר 28 ג' עלית,"שטראוס גרופ בע""מ",IL,MUST פליפ קולה,גרמים,28.00,100 גרם,false,,3.90,0.1393,true,1,1189568
7290104501661,false,פודינג אינסטנט בטעם וניל צרפתי 80 גר,מיוצר עי קונדיטוריית,IL,אסם פודינג אינסטנט בטעם ו,גרמים,80.00,100 גרם,false,,5.50,0.0688,true,1,1156505
7290104508189,false,גביעי גלידה ממותקים 95ג' 24 יח',בטר אנד דיפרנט,IL,אסם גביעי גלידה ממותקים,גרמים,95.00,100 גרם,false,,11.90,0.1253,true,1,1156535
7290104508943,false,במבה אריזת חסכון 200 גרם,"אסם תעשיות בע""מ",IL,במבה קלאסית 200 גרם,גרמים,200.00,100 גרם,false,,9.90,0.0495,true,1,1156541
7290104570131,false,"תמר מג'הול שחור 1ק""ג",,,"תמר מגהול 1 ק""ג",גרמים,1000.00,100 גרם,false,,19.90,0.0199,true,1,1268621
7290104570162,false,תמרים ללא חרצנים תמר כבוש 500 גרם,תמר העמקים בית שאן,IL,תמר כבוש 500 גרם,גרמים,500.00,100 גרם,false,,12.90,0.0258,true,1,1167005
7290104570629,false,ממרח גביע ירוק 450 ג' ירדן,"תמר העמקים בע""מ",,ממרח תמרים 450 גרם ב,גרמים,450.00,100 גרם,false,,4.90,0.0109,true,1,1264734
7290104570636,false,ממרח תמרים גביע ירוק 450 ג',תמר העמקים,,ממרח תמרים 450 גרם,גרמים,450.00,100 גרם,false,,4.90,0.0109,true,1,1264735
7290104570711,false,"סילאן טהור ללת""ס הדקלאים 900 גרם",,,סילאן טבעי ללא סוכר,גרמים,900.00,100 גרם,false,,19.90,0.0221,true,1,1264747
7290104570735,false,הדקלאים סילאן טהור 5,,,סילאן לחיץ 500 גרם,גרמים,500.00,100 גרם,false,,14.90,0.0298,true,1,1300006
7290104720499,false,מארז 8 יחידות מעדן דני בטעם וניל 1.5%,מיוצר עי קונדיטוריית,IL,מארז 8 דני וניל,גרמים,1000.00,100 גרם,false,,15.90,0.0159,true,1,1188825
7290104721533,false,רצועות פלפלים קלויים אחלה 400 ג',מיוצר עי קונדיטוריית,IL,פלפל קלויים 400,גרמים,400.00,100 גרם,false,,13.90,0.0348,true,1,1188831
7290104721953,false,לקט מסולסלים 350 גר ירקות שטראוס,תות תעשיות מזון (201,IL,לקט מסולסלים 350 ג' ירקות,גרמים,350.00,100 גרם,false,,12.90,0.0369,true,1,1188832
7290104722530,false,תפוצ'יפס שמנת בצל 200 גרם,"שטראוס פריטו ליי בע""",IL,תפוצ'יפס שמנת בצל 200 גר,גרמים,200.00,100 גרם,false,,9.90,0.0495,true,1,1189983
7290104726262,false,מארז 4 יחידות דני לשתייה בטעם שוקולד + קשים,מיוצר עי קונדיטוריית,IL,מארז 4 דני לשתייה,גרמים,500.00,100 גרם,false,,10.90,0.0218,true,1,1188842
7290104726712,false,מארז 8 יחידות מעדן מילקי בטעם שוקולד עם קצפת,"שטראוס גרופ בע""מ",IL,מארז 8 מילקי שוקולד,גרמים,1064.00,100 גרם,false,,19.90,0.0187,true,1,1188845
7290104728310,false,"שמנת עמידה לקצפת 38% שומן 250 מ""ל יוטבתה",שטראוס גרופ,IL,שמנת להקצפה 38% מהדרין,מיליליטרים,250.00,"100 מ""ל",false,,6.10,0.0244,true,1,1188853
7290104729010,false,"לבן בטעם תות יטבתה 100 מ""ל מהדרין",שטראוס גרופ,IL,לבן בטעם תות 100 מל'- מהד,גרמים,100.00,100 גרם,false,,1.40,0.0140,true,1,1188857
7290104960239,false,"תחליב רחצה נקה 7 ארומה לבן 750 מ""ל","אמיליה קוסמטיקס בע""מ",IL,תחליב רחצה ארומה קמומיל 7,מיליליטרים,750.00,"100 מ""ל",false,,10.90,0.0145,true,1,1191406
7290104960246,false,"נקה 7 - תחליב רחצה ורד ויסמין 750 מ""ל","אמיליה קוסמטיקס בע""מ",IL,תחליב רחצה ארומה ורד יסמי,מיליליטרים,750.00,"100 מ""ל",false,,10.90,0.0145,true,1,1191407
7290104960253,false,"תחליב רחצה נקה 7 לבנדר סגול 750מ""ל","אמיליה קוסמטיקס בע""מ",IL,תחליב רחצה ארומה לבנדר 75,מיליליטרים,750.00,"100 מ""ל",false,,10.90,0.0145,true,1,1191408
7290104960352,false,"נקה 7 תחליב רחצה ארומה שקד וניל 750מ""ל","אמיליה קוסמטיקס בע""מ",IL,תחליב רחצה ארומה וניל שקד,מיליליטרים,750.00,"100 מ""ל",false,,10.90,0.0145,true,1,1191411
7290104961205,false,"נקה 7 תחליב רחצה מגע קטיפה מ""לפפון קיווי 750 מ""ל","אמיליה קוסמטיקס בע""מ",IL,תח.רחצה נקה7 מלפפון 750 מ,מיליליטרים,750.00,"100 מ""ל",false,,10.90,0.0145,true,1,1191449
7290104961243,false,"נקה 7 תחליב רחצה מגע קטיפה קוקוס ליים 750 מ""ל","אמיליה קוסמטיקס בע""מ",IL,"תח.רחצה נקה7 קוקוס 750מ""ל",מיליליטרים,750.00,"100 מ""ל",false,,10.90,0.0145,true,1,1191453
7290104961250,false,"נקה 7 תחליב רחצה מגע קטיפה וניל מאסק 750 מ""ל","אמיליה קוסמטיקס בע""מ",IL,תחליב רחצה נקה7 וניל ומאס,מיליליטרים,750.00,"100 מ""ל",false,,10.90,0.0145,true,1,1191454
7290104961526,false,דאודורנט ספריי גוף טיטניום קלאסיק Titanium Classic,"אמיליה קוסמטיקס בע""מ",IL,טיטניום ספריי קלאסי150מ,מיליליטרים,150.00,"100 מ""ל",false,,12.90,0.0860,true,1,1191458
7290104961540,false,דאודורנט ספריי גוף טיטניום מטאל Titanium Metal,אמיליה קוסמטיקס,IL,טיטניום ספריי מטאל 150מ,מיליליטרים,150.00,"100 מ""ל",false,,12.90,0.0860,true,1,1191460
7290104961557,false,"טיטניום - דאודורנט ספריי לגבר בלו 150 מ""ל","אמיליה קוסמטיקס בע""מ",IL,טיטניום ספריי אייס 150מ,מיליליטרים,150.00,"100 מ""ל",false,,12.90,0.0860,true,1,1191461
7290104961878,false,"שמפו לשיער קרטין אינטנס פורמולה 400 מ""ל נטורל",נטורל פורמולה Natural Formula,IL,"שמפו קרטין נטורל 400 מ""ל",מיליליטרים,400.00,"100 מ""ל",false,,29.90,0.0747,true,1,1191472
7290104961885,false,מרכך קרטין טהור לשיער שעבר החלקה או עיצוב בחום,נטורל פורמולה Natural Formula,IL,"מרכך קרטין נטורל 400 מ""ל",מיליליטרים,400.00,"100 מ""ל",false,,29.90,0.0747,true,1,1191473
7290104961991,false,"סבון בניחוח חמאה שיאה שחור נקה 7 שלישייה * 500 מ""ל",אמיליה קוסמטיקס,IL,נקה 7 - שלישיית אלסבון מפ,מיליליטרים,1500.00,"100 מ""ל",false,,17.90,0.0119,true,1,1229657
7290104962004,false,"סבון בניחוח וניל ומאסק נקה 7 שלישייה * 500 מ""ל",אמיליה קוסמטיקס,IL,נקה 7 - שלישיית אלסבון מפ,מיליליטרים,1500.00,"100 מ""ל",false,,17.90,0.0119,true,1,1229658
7290104962073,false,דאודורנט ספריי גוף טיטניום גולד Titanium Gold,"אמיליה קוסמטיקס בע""מ",IL,"דאו.טיטניום גולד 180 מ""ל",מיליליטרים,180.00,"100 מ""ל",false,,14.90,0.0828,true,1,1191484
7290104962080,false,"טיטניום - דאודורנט ספריי לגבר גולד 150 מ""ל",משווק: קוסמופארם בעמ,IL,ספריי גוף טיטניום 150מ,מיליליטרים,150.00,"100 מ""ל",false,,12.90,0.0860,true,1,1191485
7290104962509,false,נ.פורמולה קרם הגנה קרטין אינטנס,נטורל פורמולה Natural Formula,IL,"קרם קרטין נטורל 145 מ""ל",מיליליטרים,145.00,"100 מ""ל",false,,39.90,0.2752,true,1,1191494
7290104962578,false,דאודורנט ספריי נושם + אינביזיבל ללא סימנים לבנים,אמיליה קוסמטיקס,IL,דאודורנט ספריי נושם,מיליליטרים,75.00,"100 מ""ל",false,,12.90,0.1720,true,1,1422984
7290104962585,false,דאודורנט רול און נושם +אינביזיבל ללא סימנים לבנים,קרליין Careline,IL,דאודורנט רול און נו,מיליליטרים,75.00,"100 מ""ל",false,,12.90,0.1720,true,1,1422831
7290104963216,false,סופטקר - אל סבון עדין לתינוק לעור רגיש 1 ליטר,קוסמופארם בע''מ,IL,אלסבון לתינוק סופטקר,ליטרים,1.00,ליטר,false,,18.90,18.9000,true,1,1305715
7290104963223,false,סופטקר - אל סבון עדין לתינוק לעור רגיש 1 ליטר,החברה הדרומית,IL,אל סבון סופטקר נוזלי,ליטרים,1.00,ליטר,false,,18.90,18.9000,true,1,1305716
7290104963650,false,סופטקר - שמפו אל דמע 1 ליטר,סופטקר Softcare,IL,שמפו אל דמע סופטקר 1,ליטרים,1.00,ליטר,false,,18.90,18.9000,true,1,1305717
7290104963667,false,אלסבון ושמפו אל דמע 2 ב1 סופטקר 1 ליטר,קוסמופארם בע''מ,IL,אלסבון +שמפו אל דמע,ליטרים,1.00,ליטר,false,,18.90,18.9000,true,1,1305718
7290104963704,false,"אל סבון סופטקר משאבה 770 מ""ל",טרופיקל דגיל תעשיות,IL,אלסבון עדין סופטקר 7,מיליליטרים,770.00,"100 מ""ל",false,,18.90,0.0245,true,1,1672093
7290104963711,false,"שמפו סופטקר אלדמע משאבה 770 מ""ל",גוד פוד פרודקטס S.p,IL,שמפו אל דמע סופטקר 7,מיליליטרים,770.00,"100 מ""ל",false,,18.90,0.0245,true,1,1672094
7290104964350,false,אל סבון עשיר בלחות בניחוח פרחי מים - מארז 3 יח',נקה 7,IL,שלישייה סבון נוזלי נ,מיליליטרים,1500.00,"100 מ""ל",false,,17.90,0.0119,true,1,1328448
7290104964398,false,"שלשיית אלסבון מפנק נקה 7 וניל רענן 3* 500 מ""ל",נקה 7,,שלישייה סבון נוזלי נ,מיליליטרים,1500.00,"100 מ""ל",false,,17.90,0.0119,true,1,1490310
7290104964510,false,ספריי לשורשים לבנים-,,,ספריי לשורשים לבנים-,מיליליטרים,100.00,"100 מ""ל",false,,39.90,0.3990,true,1,1799317
7290104965647,false,קרליין דאו רול און נושם סוויט קיס לנערות,"אמיליה קוסמטיקס בע""מ",IL,דאודרנט רול און נושם,מיליליטרים,75.00,"100 מ""ל",false,,12.90,0.1720,true,1,2066100
7290104965661,false,קרליין דאו ספרי נושם סוויט קיס לנערות150,"אמיליה קוסמטיקס בע""מ",IL,דאודורנט ספריי נושם,מיליליטרים,150.00,"100 מ""ל",false,,12.90,0.0860,true,1,2066202
7290105040794,false,בנפייבר סיבים תזונתי,בנפייבר Benefiber,,בנפייבר סיבים תזונתי,גרמים,261.00,100 גרם,false,,39.90,0.1529,true,1,1505644
7290105100252,false,סט קוצצים,,,סט קוצצים,יחידה,0.00,יחידה,false,,9.90,0.0000,true,1,2018118
7290105107237,false,תיק רחצה,,,תיק רחצה,יחידה,0.00,יחידה,false,,19.90,0.0000,true,1,1206012
7290105108944,false,מברשת שיער מודפס/פות,,,מברשת שיער מודפס/פות,יחידה,0.00,יחידה,false,,14.90,0.0000,true,1,1368551
7290105360250,false,קפסולות 09 עשיר וארומטי למכונת נספרסו עלית 10יח',הנסיך- מפעל לייצור ט,IL,קפסולות מקיאטו למכונות נס,גרמים,50.00,100 גרם,false,,16.50,0.3300,true,1,1189618
7290105360328,false,קפסולות אספרסו חזק למכונות נספרסו 10 יח',הנסיך- מפעל לייצור ט,IL,קפסולות אספרסו חזק למכונו,גרמים,50.00,100 גרם,false,,16.50,0.3300,true,1,1189619
7290105360335,false,קפסולות אספרסו למכונות נספרסו 50 גר,הנסיך- מפעל לייצור ט,IL,קפסולות אספרסו מעודן למכו,גרמים,50.00,100 גרם,false,,16.50,0.3300,true,1,1189620
7290105360755,false,"שמן זית 3 חזק 750 מ""ל יד מרדכי",מכוורת יד מרדכי שטרא,IL,"שמן זית 3 חזק 750 מ""ל",מיליליטרים,750.00,"100 מ""ל",false,,33.90,0.0452,true,1,1189628
7290105360762,false,"שמן זית 1 עדין 750 מ""ל יד מרדכי",מכוורת יד מרדכי שטרא,IL,"שמן זית 1 עדין 750 מ""ל",מיליליטרים,750.00,"100 מ""ל",false,,33.90,0.0452,true,1,1189629
7290105362339,false,"שמנת לבישול 15% 250 מ""ל יטבתה מהדרין",שטראוס גרופ,IL,שמנת לבישול 15% מהדרין,מיליליטרים,250.00,"100 מ""ל",false,,5.90,0.0236,true,1,1188862
7290105363602,false,כיף כף - מקלות קלאסי 40 גרם,"איי, בי, אינבוו",TR,כיף כף מקלות קלאסי 20% תו,גרמים,40.00,100 גרם,false,,4.90,0.1225,true,1,1189641
7290105364289,false,כיף כף - מקלות פצפוצים 40 גרם,"איי, בי, אינבוו",TR,כיף כף מקלות פצפוצים 20%,גרמים,40.00,100 גרם,false,,4.90,0.1225,true,1,1189643
7290105364302,false,"עלית חטיף שוקולד כיף כף מקלות אגוזים, 40 גרם","איי, בי, אינבוו",TR,חטיף כיף כף מקלות אג,גרמים,42.00,100 גרם,false,,4.90,0.1167,true,1,1189644
7290105364678,false,משקה אקטיביה בטעם אפרסק 1.3% שומן 265 ג' דנונה,מיוצר עי קונדיטוריית,IL,משקה אקטיביה אפרסק 1.2% ב,מיליליטרים,250.00,"100 מ""ל",false,,4.90,0.0196,true,1,1188864
7290105366023,false,חציל אחלה בטעם כבד 400 גר' אחלה,מיוצר עי קונדיטוריית,IL,חציל בטעם כבד 400 גרם,גרמים,400.00,100 גרם,false,,13.90,0.0348,true,1,1188871
7290105366047,false,טחינה אחלה לבנה 400 גר',מיוצר עי קונדיטוריית,IL,טחינה לבנה 400 גר,גרמים,400.00,100 גרם,false,,13.90,0.0348,true,1,1188873
7290105368225,false,חומוס עם פלפל שיפקה אחלה 400 ג',מיוצר עי קונדיטוריית,IL,חומוס עם פלפל שיפקה,גרמים,400.00,100 גרם,false,,9.90,0.0248,true,1,1188896
7290105368331,false,מעדן מילקי בטעם תות עם קצפת,מחלבת אחיהוד,IL,מילקי תות,גרמים,133.00,100 גרם,false,,2.80,0.0211,true,1,1188897
7290105368904,false,"שמנת מתוקה להקצפה 32% שומן 250 מ""ל יוטבתה",שטראוס גרופ,IL,שמנת מתוקה להקצפה 32% מהד,מיליליטרים,250.00,"100 מ""ל",false,,6.90,0.0276,true,1,1188907
7290105368928,false,"שמנת 9% שומן 200 מ""ל יוטבתה",שטראוס גרופ,IL,שמנת 9% 200 גר-מהדרין,גרמים,200.00,100 גרם,false,,3.00,0.0150,true,1,1188908
7290105369130,false,סימפוניה גבינה במרקם שמנת בצל ירוק 5%,"שטראוס בריאות בע""מ",IL,סימפוניה בצל ירוק,גרמים,200.00,100 גרם,false,,10.90,0.0545,true,1,1188913
7290105430441,false,פלמוליב ס.נוזלי סחלב שחור 750 מל משאבה,הנסיך- מפעל לייצור ט,TR,פלמוליב סחלב שחור 750מל ח,מיליליטרים,750.00,"100 מ""ל",false,,16.90,0.0225,true,1,1186011
7290105430458,false,"פלמוליב - תחליב רחצה נטורלס שקדים 750 מ""ל",הנסיך- מפעל לייצור ט,TR,פלמוליב שקדים 750מל חדש,מיליליטרים,750.00,"100 מ""ל",false,,16.90,0.0225,true,1,1186012
7290105431516,false,פרי חטיף תמרים ובוטנים ללא סוכר חמישיה,טבעית מוצרים מן הטבע,IL,פרי חטיפי בריאות מארז 5 ת,גרמים,125.00,100 גרם,false,,15.90,0.1272,true,1,1186022
7290105431868,false,"פלמוליב ספא קוקוס גרגרים נוזלי 500 מ""ל",הנסיך- מפעל לייצור ט,TR,פלמוליב ספא קוקוס גרגרים,מיליליטרים,500.00,"100 מ""ל",false,,15.90,0.0318,true,1,1186027
7290105434029,false,"ספיד סטיק - דאודורנט ספריי לגבר נוטרו פאואר 150 מ""ל",הנסיך- מפעל לייצור ט,RU,ספיד סטיק נוטרו ספריי,מיליליטרים,165.00,"100 מ""ל",false,,14.90,0.0903,true,1,1220641
7290105434050,false,ספיד סטיק - דאודורנט סטיק לגבר XL ירוק רגיולר 85 גרם,ספיד סטיק Speed Stick,US,דאודורנט ספיד סטיק 8,גרמים,85.00,100 גרם,false,,17.90,0.2106,true,1,1280532
7290105436382,false,חטיף מארז פרי אנרגיה תמרים עם קשיו 125,טבעית מוצרים מן הטבע,IL,פרי מארז 5 תמרים קשיו,גרמים,125.00,100 גרם,false,,15.90,0.1272,true,1,1211759
7290105438539,false,קוקי נייר אפייה 40 יח',קוקי,IL,נייר אפייה קוקי,יח',40.00,יח',false,,12.90,0.3225,true,1,1758393
7290105438546,false,קוקי נייר אפייה פרימיום 40 יח',קוקי,IL,נייר אפייה קוקי פרימ,יח',40.00,יח',false,,12.90,0.3225,true,1,1758394
7290105439499,false,מיונז הולנדי 481 ג' מאסטר שף,רמיה סי.וי. הולנד,NL,מיונז מאסטר שף,גרמים,481.00,100 גרם,false,,11.90,0.0247,true,1,1289837
7290105439505,false,מנה מאסטר שף קרם בטעם מיונז לייט 479 גר,רמיה סי.וי. הולנד,NL,מיונז לייט מאסטר שף,גרמים,479.00,100 גרם,false,,11.90,0.0248,true,1,1501144
7290105439581,false,מנה מאסטר שף חרדל דיזיון צרפתי 370 גר,סאס קווינור,FR,חרדל צרפתי 370 גרם מ,גרמים,370.00,100 גרם,false,,11.90,0.0322,true,1,1287551
7290105500151,false,וודקה פינלנדיה בקבוק,"אלטיה קורפ, הלסינקי,",FI,וודקה פינלנדיה 700 מ,מיליליטרים,700.00,"100 מ""ל",false,,54.90,0.0784,true,1,1626389
7290105500236,false,וויסקי ג'ק דניאלס מס' 7 Brand No,ג'ק דניאלס Jack Daniel's,US,ויסקי ג'ק דניאלס.,מיליליטרים,700.00,"100 מ""ל",false,,99.90,0.1427,true,1,1626390
7290105541697,false,קינואה 500 גרם,חצי חינם,,קינואה 500 גרם,גרמים,500.00,100 גרם,false,,9.90,0.0198,true,1,1176084
7290105546609,false,בורגר בקר 400 גרם,מעדני הגליל,,בורגר בקר 400 גרם,גרמים,400.00,100 גרם,false,,24.90,0.0622,true,1,1206130
7290105546616,false,קבב רומני 400 גרם,מעדני הגליל,,קבב רומני 400 גרם,גרמים,400.00,100 גרם,false,,24.90,0.0622,true,1,1206131
7290105546623,false,קבב מזרחי 400 גרם,מעדני הגליל,,קבב מזרחי 400 גרם,גרמים,400.00,100 גרם,false,,24.90,0.0622,true,1,1206132
7290105546630,false,קבב כבש 400 גרם,מעדני הגליל,,קבב כבש 400 גרם,גרמים,400.00,100 גרם,false,,29.90,0.0747,true,1,1206133
7290105547378,false,מארז לחמניות פרנה 4 יח',פרנה בייקרי,IL,מארז פרנה 150 ג,גרמים,600.00,100 גרם,false,,9.90,0.0165,true,1,1211993
7290105548634,false,"טורטייה - 12 יח', קוטר 25 ס""מ",,,טורטייה 840 גרם.,גרמים,840.00,100 גרם,false,,14.90,0.0177,true,1,1252124
7290105548641,false,"טורטייה בתוספת חיטה מלאה- 12 יח', קוטר 25 ס""מ",,,טורטייה קמח מלא 840,גרמים,840.00,100 גרם,false,,14.90,0.0177,true,1,1252125
7290105548658,false,"טורטייה - 12 יח', קוטר 20 ס""מ",,,טורטייה 540 גרם.,גרמים,540.00,100 גרם,false,,9.90,0.0183,true,1,1252126
7290105548665,false,"טורטייה בתוספת חיטה מלאה- 12 יח', קוטר 20 ס""מ",,,טורטייה קמח מלא 540,גרמים,540.00,100 גרם,false,,9.90,0.0183,true,1,1252127
7290105691224,false,פריכונים חטיפי טורטיה שום בצל 60 ג' אוסם,"מיוצר ע""י PT, משווק",IL,אסם חטיפי פריכונים טורטיה,גרמים,60.00,100 גרם,false,,6.90,0.1150,true,1,1156574
7290105691248,false,פריכונים חטיפי טורטיה תירס 60 ג' אוסם,"מיוצר ע""י PT, משווק",IL,אסם חטיפי פריכונים טורטיה,גרמים,60.00,100 גרם,false,,6.90,0.1150,true,1,1156575
7290105691897,false,קוסקוס פלוס עם קמח חיטה מלא,"מיוצר ע""י קוד יצרן K",IL,אסם קוסקוס עם חיטה מלאה 3,גרמים,350.00,100 גרם,false,,6.90,0.0197,true,1,1156586
7290105691934,false,"קמח שמרים 1ק""ג אוסם",תאי פרזידנט פוד פאבל,IL,אסם קמח שמרים לעוגות שמרי,קילוגרמים,1.00,"ק""ג",false,,9.90,9.9000,true,1,1156588
7290105693341,false,במבה מארז 10 יח' * 25 ג' אסם,"אסם תעשיות בע""מ",IL,במבה אריזת תינוק 25 גרם מ,גרמים,250.00,100 גרם,false,,15.90,0.0636,true,1,1156608
7290105693952,false,פירורית זהב אסם זהב שומשום 200 ג',מיוצר עי קונדיטוריית,IL,אסם פירורית זהב עם שומשום,גרמים,200.00,100 גרם,false,,5.50,0.0275,true,1,1156619
7290105694614,false,פסטה ספגטי מהיר הכנה 500ג' אסם,פסטה זארה,IT,אסם פסטה ספגטי מהיר הכנה,גרמים,500.00,100 גרם,false,,6.90,0.0138,true,1,1156631
7290105695321,false,עוגת שוקולד בראוניז פאדג' 380 ג',מיוצר עי קונדיטוריית,IL,אסם הבית עוגת בראוניס פאד,גרמים,380.00,100 גרם,false,,15.90,0.0418,true,1,1156651
7290105962331,false,זחוק אדום תימני מקורי חריף מאוד 220 גר,אף.סי תבליני בגליל ב,IL,סחוג חריף מאד זהבי 220 גר,גרמים,220.00,100 גרם,false,,10.90,0.0495,true,1,1212418
7290105964564,false,סלט חומוס אחלה 400גר,מיוצר עי קונדיטוריית,IL,חומוס 400 גרם,גרמים,400.00,100 גרם,false,,7.90,0.0198,true,1,1297922
7290105965738,false,יוגורט לשתיה בטעם תות בננה267 ג' דנונה,מיוצר עי קונדיטוריית,IL,דנונה לשתיה תות בננה 267ג,גרמים,267.00,100 גרם,false,,4.90,0.0184,true,1,1188932
7290105966469,false,"חומץ בלסמי יד מרדכי 250מ""ל",אצטייה ג'וזפה קרמוני,IT,חומץ בלסמי יד מרדכי,מיליליטרים,250.00,"100 מ""ל",false,,12.90,0.0516,true,1,1189706
7290105968777,false,פריכיות עם תחתית שוקולד מריר 70 ג' אנרגי,"טחנת האבן תעשיות בע""",IL,פריכיות אנרג'י שוק.מריר,גרמים,70.00,100 גרם,false,,7.90,0.1129,true,1,1189723
7290105999054,false,ג'ו - קפסולות קרים אלומיניום תערובת אולטרא,נורוליס,IL,מארז 10 קפסולות תערו,יחידה,0.00,יחידה,false,,19.90,0.0000,true,1,2149230
7290105999238,false,ג'ו - קפסולות קרים אלומיניום תערובת אקסטרה,נורוליס,IL,מארז 10 קפסולות תערו,יחידה,0.00,יחידה,false,,19.90,0.0000,true,1,2149209
7290105999245,false,ג'ו - קפסולות קרים אלומיניום תערובת קובה,נורוליס,IL,מארז 10 קפסולות תערו,יחידה,0.00,יחידה,false,,19.90,0.0000,true,1,2149210
7290105999252,false,ג'ו - קפסולות קרים אלומיניום תערובת קולומביה,נורוליס,IL,מארז 10 קפסולות תערו,יחידה,0.00,יחידה,false,,19.90,0.0000,true,1,2149211
7290105999269,false,ג'ו - קפסולות קרים אלומיניום תערובת קוסטה ריקה,נורוליס,IL,מארז 10 קפסולות תערו,יחידה,0.00,יחידה,false,,19.90,0.0000,true,1,2149218
7290105999276,false,מארז 10 קפסולות תערו,,,מארז 10 קפסולות תערו,יחידה,0.00,יחידה,false,,19.90,0.0000,true,1,2149219
7290105999283,false,מארז 10 קפסולות תערו,,,מארז 10 קפסולות תערו,יחידה,0.00,יחידה,false,,19.90,0.0000,true,1,2149220
7290105999290,false,קפה קרים תערובת קרמל קפסולות 10*5.5 גרם,,IL,מארז 10 קפסולות תערו,יחידה,0.00,יחידה,false,,19.90,0.0000,true,1,2149221
7290105999306,false,קפסולות קרים אלומיניום תערובת גו קלאסי,נורוליס,IL,מארז 10 קפסולות תערו,יחידה,0.00,יחידה,false,,19.90,0.0000,true,1,2149222
7290105999313,false,מארז 10 קפסולות תערו,,,מארז 10 קפסולות תערו,יחידה,0.00,יחידה,false,,19.90,0.0000,true,1,2149223
7290106509825,false,תחבושות אלוויז פלטני,פרוקטר & גמבל,DE,תחבושות אולוויז פלטי,יח',28.00,יח',false,,39.90,1.4250,true,1,1987459
7290106520066,false,רבע לשבע במילוי קרם אגוזים ובציפוי שוקולד חלב,הגביע מוצרי וופלים ב,IL,רבע לשבע,גרמים,160.00,100 גרם,false,,10.90,0.0681,true,1,1189726
7290106520288,false,יוגורט פרו חלבון עם תות 2.4% שומן 150 ג' דנונה,"שטראוס בריאות בע""מ",IL,דנונה WOW תות 2.4% ש,גרמים,150.00,100 גרם,false,,4.50,0.0300,true,1,1287701
7290106520905,false,סלט טורקי טעמי השוק,שטראוס גרופ,IL,סלט טורקי 400 גרם,גרמים,400.00,100 גרם,false,,13.90,0.0348,true,1,1188958
7290106520912,false,"שמנת לבישול 9% 250 מ""ל יטבתה",שטראוס גרופ,IL,שמנת לבישול 9% מהדרין,מיליליטרים,250.00,"100 מ""ל",false,,5.90,0.0236,true,1,1188959
7290106521049,false,אחלה טעמי השוק קוביות סלק 400 גר,מיוצר עי קונדיטוריית,IL,קוביות סלק 400,גרמים,400.00,100 גרם,false,,13.90,0.0348,true,1,1188967
7290106521926,false,שקית קפה טורקי 150 ג' עלית,שטראוס גרופ,IL,קפה טורקי 150 גרם,גרמים,150.00,100 גרם,false,,12.90,0.0860,true,1,2101545
7290106524439,false,תפוצ'יפס טבעי פופס 60גר',"שטראוס פריטו ליי בע""",IL,תפוצ'יפס 60 גרם פופס,גרמים,60.00,100 גרם,false,,3.90,0.0650,true,1,1607509
7290106525320,false,אבקת שוקולית לאפייה קופסא 500ג' עלית,הנסיך- מפעל לייצור ט,IL,שוקולית לאפיה,גרמים,500.00,100 גרם,false,,11.90,0.0238,true,1,1215095
7290106525399,false,קפסולות 06 ברזיל למכונות נספרסו עלית 10יח',הנסיך- מפעל לייצור ט,IL,קפסולות למכונות נספר,גרמים,50.00,100 גרם,false,,16.50,0.3300,true,1,1305555
7290106526822,false,פריכיות אורז עם תחתית שוקולד חלב 80 ג' אנרגי,"טחנת האבן תעשיות בע""",IL,פריכיות אנרגי תחתית שוק.ח,גרמים,80.00,100 גרם,false,,7.90,0.0988,true,1,1189762
7290106528567,false,חטיף דוריטוס גריל 185 גרם,שטראוס פריטו ליי (מל,IL,דוריטוס גריל 185 גר,גרמים,185.00,100 גרם,false,,7.90,0.0427,true,1,1301183
7290106528628,false,חטיף דוריטוס טבעי 185 גרם,"שטראוס פריטו ליי בע""",IL,דוריטוס טבעי 185 גר,גרמים,185.00,100 גרם,false,,7.90,0.0427,true,1,1301184
7290106528949,false,שטראוס לקט ערוגות 45,שטראוס בריאות ירקות,IL,לקט ערוגות 450 גר' ירקו,גרמים,450.00,100 גרם,false,,12.90,0.0287,true,1,1189011
7290106571921,false,עוגיות פיטנס עוגיות חמוציות 180 גר',מיוצר עי קונדיטוריית,IL,פיטנס עוגיות עם חמוציות 1,גרמים,180.00,100 גרם,false,,10.90,0.0606,true,1,1156684
7290106572027,false,אוסם - לחמית חמישה דגנים 190 גרם,"אסם תעשיות בע""מ",IL,לחמית חמישה דגנים 190 גרם,גרמים,190.00,100 גרם,false,,7.90,0.0416,true,1,1156687
7290106572065,false,חטיפי פריכונים טורטיה חמוץ מתוק 60 גרם,"מיוצר ע""י PT, משווק",IL,אסם חטיפי פריכונים טורטיה,גרמים,60.00,100 גרם,false,,6.90,0.1150,true,1,1156688
7290106573598,false,צבר חומוס לבנוני 400גרם,סלטי צבר,IL,צבר חומוס לבנוני 400 גרם,גרמים,400.00,100 גרם,false,,11.90,0.0298,true,1,1156711
7290106574793,false,עוגת הבית שוקו שוקוצ''יפס 350 ג' אסם,מיוצר עי קונדיטוריית,IL,אסם הבית עוגת שוקו שוקוצי,גרמים,350.00,100 גרם,false,,12.90,0.0369,true,1,1156732
7290106574953,false,בייגלה שטוחים כעכים שטוחים עם שומשום,מיוצר עי קונדיטוריית,IL,אסם בייגלה שטוחים שומשום,גרמים,300.00,100 גרם,false,,10.90,0.0363,true,1,1156733
7290106574977,false,בייגלה שטוחים כעכים שטוחים עם מלח,מיוצר עי קונדיטוריית,IL,אסם בייגלה שטוחים עם מלח,גרמים,300.00,100 גרם,false,,10.90,0.0363,true,1,1156734
7290106575011,false,פתיתים אפויים קוסקוס פלוס חיטה מלא 400 ג,מיוצר עי קונדיטוריית,IL,אסם פתיתים פלוס חיטה מלאה,גרמים,400.00,100 גרם,false,,7.90,0.0198,true,1,1156735
7290106575257,false,עוגת הבית סופלה בטעם שוקולד 340 ג' אסם,מיוצר עי קונדיטוריית,IL,אסם הבית עוגת סופלה בטעם,גרמים,340.00,100 גרם,false,,12.90,0.0379,true,1,1156740
7290106576223,false,אפרופו מצופה שוקולד 40 ג'!,מיוצר עי קונדיטוריית,IL,אפרופו שוקולד 40 גרם,גרמים,40.00,100 גרם,false,,4.50,0.1125,true,1,1344434
7290106576513,false,סלט חומוס צבר 400 גר,סלטי צבר,IL,צבר חומוס חלק 400 גרם,גרמים,400.00,100 גרם,false,,8.90,0.0223,true,1,1156765
7290106576537,false,צבר חומוס מסעדה 700 גר,סלטי צבר,IL,צבר חומוס מסעדה 700 גרם,גרמים,700.00,100 גרם,false,,10.90,0.0156,true,1,1156766
7290106576995,false,גלידה סורבה לה קרמריה תות מנגו לייט 1.4 ל' נסטלה,לה קרמריה- נסטלה,IL,לה קרמריה לייט סורבה תות,ליטרים,1.40,ליטר,false,,20.90,14.9286,true,1,1177556
7290106577527,false,סלט קולסלאו כרוב לבן וגזר 400 ג' צבר,סלטי צבר,IL,צבר סלט קולסלו כרוב לבן ו,גרמים,400.00,100 גרם,false,,10.90,0.0273,true,1,1156781
7290106577541,false,צבר כרוב אדום מרובע 400גרם,סלטי צבר,IL,צבר סלט כרוב אדום 400 גרם,גרמים,400.00,100 גרם,false,,10.90,0.0273,true,1,1156782
7290106577572,false,צבר מטבוחה מרובע 400גרם,סלטי צבר,IL,צבר מטבוחה אמיתית 400 גרם,גרמים,400.00,100 גרם,false,,10.90,0.0273,true,1,1156783
7290106578821,false,הבית עוגת שמרים קלאסית בטעם שוקולד 350גר.,מיוצר עי קונדיטוריית,IL,אסם הבית עוגת שמרים שוקול,גרמים,350.00,100 גרם,false,,15.90,0.0454,true,1,1156798
7290106652996,false,כיף כף מקלות קוקוס חלבי 40 גר',סולן בעבור שטראוס,TR,כיף כף מקלות קוקוס,גרמים,40.00,100 גרם,false,,4.90,0.1225,true,1,2146302
7290106653689,false,לקט לסלט בסגנון אסייתי,"שטראוס מזון טרי בע""מ",IL,לקט לסלט אסייתי 350,גרמים,350.00,100 גרם,false,,9.90,0.0283,true,1,1418564
7290106654099,false,מילקי CAKE עוגות אישיות במילוי קרם חלב,אירו קייקס אס פי איי,IT,מאגדת 8 מילקי cake,גרמים,272.00,100 גרם,false,,17.90,0.0658,true,1,1289682
7290106656727,false,עוגיות חיוכים שוקו 600 ג' עלית,אפיפית נצרת תעשיות ב,IL,חיוכים שוקו 600 ג בדצ,גרמים,600.00,100 גרם,false,,15.90,0.0265,true,1,1189816
7290106663503,false,יד מרדכי קונפיטורת לייט תות 230 גר,אף.סי תבליני בגליל ב,IL,קונפיטורת תות שדה לייט,גרמים,230.00,100 גרם,false,,12.90,0.0561,true,1,1222119
7290106663558,false,"רוטב טריאקי ורימון יד מרדכי 280מ""ל",אף.סי תבליני בגליל ב,IL,רוטב טריאקי 320 גרם,גרמים,320.00,100 גרם,false,,12.90,0.0403,true,1,1258654
7290106664555,false,"רוטב שמנת עם עגבניות 9% שומן 250 מ""ל יוטבתה",שטראוס גרופ,IL,רוטב שמנת עם פטריות 9%,גרמים,250.00,100 גרם,false,,9.90,0.0396,true,1,1274172
7290106667266,false,חטיף דוריטוס חמוץ חריף 185 גרם,שטראוס פריטו ליי (מל,IL,דוריטוס חמוץ חריף 18,גרמים,185.00,100 גרם,false,,7.90,0.0427,true,1,1301186
7290106668577,false,"מיץ לימון טבעי יד מרדכי 250 מ""ל",האי נאם סי או אל.טי.,IT,מיץ לימון יכין 1 ליטר,מיליליטרים,250.00,"100 מ""ל",false,,6.90,0.0276,true,1,1258665
7290106668713,false,יוגורט עם פירות יער 3% שומן 150 ג' דנונה,מיוצר עי קונדיטוריית,IL,דנונה תות 3%,גרמים,150.00,100 גרם,false,,3.40,0.0227,true,1,1261967
7290106669857,false,קפסולות 06 אספרסו בטעם וניל עלית 10יח',הנסיך- מפעל לייצור ט,IL,קפסולות למכונות נספר,גרמים,50.00,100 גרם,false,,16.50,0.3300,true,1,1411561
7290106720626,false,צ'יטוס קראנצ' בטעם גבינה - חלבי,"שטראוס פריטו ליי בע""",IL,ציטוס גבינה 80 גר,גרמים,80.00,100 גרם,false,,3.90,0.0487,true,1,1432635
7290106721913,false,מסטיק מאסט MUST ללא סוכר בטעם מנטה מרעננת,"שטראוס גרופ בע""מ",IL,כשלפ בזוקה רגיל 30,גרמים,66.00,100 גרם,false,,8.90,0.1348,true,1,1251335
7290106721920,false,צנצנת מסטיק מאסט בטעם ספירמינט עדין 66 ג' עלית,"שטראוס גרופ בע""מ.",IL,כשלפ בזוקה רגיל 30,גרמים,66.00,100 גרם,false,,8.90,0.1348,true,1,1251336
7290106725867,false,"סירופ מייפל טהור 189 מ""ל יד מרדכי",קוסלסי פוד,CA,סירופ מייפל טבעי 189,מיליליטרים,189.00,"100 מ""ל",false,,24.90,0.1317,true,1,1279931
7290106726178,false,יוגורט PRO עם פירות יער 2.4% 10 גרם חלבון בגביע,מיוצר עי קונדיטוריית,IL,דנונה WOW פירות יער,גרמים,150.00,100 גרם,false,,4.50,0.0300,true,1,1279978
7290106729650,false,יוגורט עם תות מאגדת 8 יח' * 150ג' דנונה,דנונה - שטראוס,IL,מארז 8 דנונה תות 3%,גרמים,1200.00,100 גרם,false,,22.90,0.0191,true,1,1297873
7290107280020,false,מטליות לחות סנו סושי לניקוי כללי שלישיה *50 יח',טרופיקל דגיל- תעשיות,IL,מטליות לניקוי כללי50*3יח,יח',150.00,יח',false,,19.90,0.1327,true,1,1168048
7290107280037,false,מטלית לחות עבות לניקוי סנו סושי מארז 50יח',דינאמיק תעשיות,IL,50מגבונים לניקוי כללי,יח',50.00,יח',false,,8.90,0.1780,true,1,1168049
7290107280068,false,זוג תבניות אלומיניום לאפיה XL,סנו סושי,,זוג תבניות אלומיניום,יח',2.00,יח',false,,7.90,3.9500,true,1,1168051
7290107280075,false,רביעיית תבניות אלומיניום לאפיה L,סנו סושי,,מארז 4 תבניות אלומינ,יח',4.00,יח',false,,7.90,1.9750,true,1,1168052
7290107280082,false,מארז 7 תבניות אלומיניום מוארכות לאפייה אינגליש קייק,סנו סושי,,מארז 7 תבניות אלומינ,יח',7.00,יח',false,,7.90,1.1286,true,1,1168053
7290107280099,false,מגבוני טואלט לחים סנו סופט שלישייה * 48 יח',טרופיקל דגיל- תעשיות,IL,מגבוני נייר טואלט3*48יח,יח',144.00,יח',false,,15.90,0.1104,true,1,1229852
7290107280129,false,סנו סושי 20 שקיות אשפה חזקות גדולות XXL,אשפלסט תעשיות,IL,שקיות אשפה חזקות 20יח,יח',20.00,יח',false,,22.90,1.1450,true,1,1243358
7290107280341,false,ריצפז מטליות לחות לניקוי הרצפה בניחוח מלון מפנק,"סנו מפעלי ברונוס סע""",IL,ריצפז פרש מטליות ענק,יח',10.00,יח',false,,14.90,1.4900,true,1,1994335
7290107280389,false,"סנו - ג'ט מרסס לניקוי בחדר האמבטיה 750 מ""ל","איי, בי, אינבוו",IL,"מתז ג'ט לאמבט 750 מ""ל",מיליליטרים,750.00,"100 מ""ל",false,,19.90,0.0265,true,1,1168058
7290107280396,false,"סנו - ג'ט מרסס לניקוי יסודי במטבח 750 מ""ל","סנו מפעלי ברונוס בע""",IL,"מתז ג'ט למטבח 750 מ""ל",מיליליטרים,750.00,"100 מ""ל",false,,19.90,0.0265,true,1,1168059
7290107280563,false,אוקסיג'ן ג'ל לכביסה בייבי 3ל',"איי, בי, אינבוו",IL,ג'ל אוקסיג'ן בייבי 3 ל,ליטרים,3.00,ליטר,false,,29.90,9.9667,true,1,1220450
7290107280570,false,סנו - מקסימה ג'ל כביסה מרוכז לכביסה צבעונית 3 ליטר,מיוצר עי קונדיטוריית,IL,ג'ל לכביסה מעורבת 3ל,ליטרים,3.00,ליטר,false,,34.90,11.6333,true,1,1215851
7290107280587,false,סנובון סבון לאסלה דאבל אקשן בריח פרחים ורודים,סנו סנובון,,שלישייה סנובון לאסלה,גרמים,165.00,100 גרם,false,,12.90,0.0782,true,1,1280800
7290107280594,false,סנובון סבון לאסלה דאבל אקשן בניחוח לבנדר,סנו,,שלישייה סנובון לאסלה,גרמים,165.00,100 גרם,false,,12.90,0.0782,true,1,1280801
7290107280709,false,"סנו ספארק נוזל הברקה למדיח 700 מ""ל","סנו מפעלי ברונוס בע""",IL,נוזל הברקה למדיח סנו,מיליליטרים,700.00,"100 מ""ל",false,,14.90,0.0213,true,1,1247838
7290107280723,false,נוזל לניקוי כלים סנו ספארק Spark בניחוח לימון רענן,סנו כימיקלים,IL,נוזל לכלים לימון 700מל,מיליליטרים,700.00,"100 מ""ל",false,,9.90,0.0141,true,1,1232747
7290107280730,false,נוזל לניקוי כלים סנו ספארק Spark בניחוח לבנדר,מיוצר עי קונדיטוריית,IL,"נוזל לכלים לבנדר 700 מ""ל",מיליליטרים,700.00,"100 מ""ל",false,,9.90,0.0141,true,1,1232748
7290107280747,false,נוזל לניקוי כלים סנו ספארק Spark קלאסי,סנו כימיקלים,IL,"נוזל לכלים קלאסי 700מ""ל",מיליליטרים,700.00,"100 מ""ל",false,,9.90,0.0141,true,1,1232749
7290107280754,false,נוזל כלים סנו ספארק Spark היפואלרגני פריחת השקד,סנו,IL,"נוזל לכלים שקד 700 מ""ל",מיליליטרים,700.00,"100 מ""ל",false,,9.90,0.0141,true,1,1232750
7290107280822,false,סנו ריצפז פרש הום 2 ליטר בניחוח ספא,סנו פרש Fresh,IL,ריצפז פרש הום ספא 2 ליטר,ליטרים,2.00,ליטר,false,,22.90,11.4500,true,1,1240405
7290107522090,false,סדין מיקס יור סטייל 90X200,,,סדין מיקס יור סטייל,יחידה,0.00,יחידה,false,,39.90,0.0000,true,1,2050822
7290107522106,false,סדין מיקס יור סטייל 120X200,,,סדין מיקס יור סטייל,יחידה,0.00,יחידה,false,,49.90,0.0000,true,1,2050823
7290107522113,false,סדין מיקס יור סטייל 160X200,,,סדין מיקס יור סטייל,יחידה,0.00,יחידה,false,,59.90,0.0000,true,1,2050824
7290107522120,false,סדין מיקס יור סטייל 180X200,,,סדין מיקס יור סטייל,יחידה,0.00,יחידה,false,,69.90,0.0000,true,1,2050825
7290107522144,false,זוג ציפיות מיקס יור סטייל,,,זוג ציפיות מיקס יור,יחידה,0.00,יחידה,false,,24.90,0.0000,true,1,2050827
7290107523400,false,חנוכיה מתכת צבעונית,,,חנוכיה מתכת צבעונית,יחידה,0.00,יחידה,false,,14.90,0.0000,true,1,2096037
7290107645591,false,אבקת מרק בטעם עוף 100% רכיבים טבעיים 400 גרם,יוניליוור ישראל מזון,IL,מרק בטעם עוף רכיבים,גרמים,400.00,100 גרם,false,,18.90,0.0472,true,1,1663529
7290107646147,false,חטיף דגנים שוגי קורנפלקס שישייה * 26 ג',יוניליוור ישראל מזון,IL,מאגדת חטיפי שוגי קור,גרמים,156.00,100 גרם,false,,12.90,0.0827,true,1,1643694
7290107646154,false,חטיף דגנים קוקומן פצפוצים טעם שוקו שישיה* 21 ג',יוניליוור ישראל מזון,IL,מאגדת חטיפי קוקומן ק,גרמים,126.00,100 גרם,false,,12.90,0.1024,true,1,1643695
7290107646833,false,תלמה שוגי חטיף דגנים פצפוצי שוקולד שישי,יוניליוור ישראל מזון,IL,מאגדת חטיפי שוגי פצפ,גרמים,138.00,100 גרם,false,,12.90,0.0935,true,1,1643701
7290107646895,false,קנור - רוטב פסטה נפוליטנה 415 גרם חתם סופר,קונסורזיו קאסאלאסקו,IL,רוטב עגבניות נפוליטנ,גרמים,415.00,100 גרם,false,,12.90,0.0311,true,1,1673708
7290107646918,false,רוטב עגבניות ופלפלים לשקשוקה 415 ג' קנור,קונסורזיו קאסאלאסקו,IL,רוטב עגבניות לשקשוקה,גרמים,415.00,100 גרם,false,,12.90,0.0311,true,1,1673710
7290107647816,false,"דגני ברנפלקס ללא תוספת סוכר 500 גרם בד""צ",יוניליוור ישראל מזון,IL,ברנפלקס ללא סוכר 500,גרמים,500.00,100 גרם,false,,22.90,0.0458,true,1,1590910
7290107648981,false,רוטב עגבניות קלאסי פומודורו 415 ג' קנור,מיוצר עי קונסורזייו,IL,רוטב עגבניות פומודור,גרמים,415.00,100 גרם,false,,12.90,0.0311,true,1,1673711
7290107871297,false,אוסם - מיני פריכונים עשבי תיבול 25 גרם,"מיוצר ע""י PT, משווק",IL,אסם פריכונים מיני עשבי תי,גרמים,23.00,100 גרם,false,,3.90,0.1696,true,1,1238980
7290107871990,false,פסטה צינורות 500 גר אסם,פסטה זארה,IT,אסם פסטה צינורות 500 גרם,גרמים,500.00,100 גרם,false,,5.90,0.0118,true,1,1156828
7290107874427,false,אוסם - מיני פריכונים זעתר 25 גרם,פרח תעשיות מזון,IL,אסם אסם פריכונים מיני זעת,גרמים,25.00,100 גרם,false,,3.90,0.1560,true,1,1225450
7290107874441,false,פריכונים מיני בצל מקורמל 25 גרם אסם,"מיוצר ע""י PT, משווק",IL,אסם פריכונים מיני בצל מקו,גרמים,25.00,100 גרם,false,,3.90,0.1560,true,1,1225451
7290107879132,false,פריכיות פיטנס מיני פריכיות שוקולד חלב 22 ג',כרמית,IL,פירכיות מיני שוקולד,גרמים,22.00,100 גרם,false,,4.90,0.2227,true,1,1352469
7290107879569,false,קרחון לה פרוטה שרבט מנגו מאגדת 5יח',גלידות נסטלה Nestle,IL,מאגדת שלגוני לה פרוט,גרמים,350.00,100 גרם,false,,22.90,0.0654,true,1,1296855
7290107908467,false,סנדוויץ בוקס גבינה/נ,,,סנדוויץ בוקס גבינה/נ,יחידה,0.00,יחידה,false,,9.90,0.0000,true,1,2133044
7290107930321,false,קונפיטורת יד מרדכי דובדובן 340 גרם,"בית אל מזון בע""מ",IL,קונפיטורת תות 340 גרם,גרמים,340.00,100 גרם,false,,12.90,0.0379,true,1,1271206
7290107932080,false,חלב מועשר יוטבתה בבקבוק 3% 1 ליטר,מחלבת יטבתה,IL,חלב 1ליטר בבקבוק 3%,ליטרים,1.00,ליטר,false,,7.40,7.4000,true,1,1280951
7290107932134,false,חלב מועשר יוטבתה בבקבוק 1% 1 ליטר,מחלבת יטבתה,IL,חלב 1 ליטר בבקבוק 1%,ליטרים,1.00,ליטר,false,,7.40,7.4000,true,1,1280953
7290107933155,false,הירק של מוטקה סלנובה,שטראוס בריאות ירקות,IL,לקט סלנובה 200 גרם ש,גרמים,200.00,100 גרם,false,,12.90,0.0645,true,1,1359058
7290107933193,false,שטראוס סלק מבושל בוו,לס לגוסודה סנצונוניו,ES,סלק מבושל טעם הטבע 5,גרמים,500.00,100 גרם,false,,7.90,0.0158,true,1,1284792
7290107934473,false,מארז 8 יח' אקטיביה יוגורט קרמי 1.5% שומן,דנונה - שטראוס,IL,מ.אקטיביה שמינייה 1.5% חג,גרמים,1200.00,100 גרם,false,,18.90,0.0157,true,1,1272637
7290107936309,false,דנונה יוגורט 7% יווני לבן 130 ג',"שטראוס בריאות בע""מ",IL,דנונה יווני לבן,גרמים,130.00,100 גרם,false,,3.40,0.0262,true,1,1350826
7290107936460,false,מארז 8 יח' דנכול משקה יוגורט בטעם מעודן,מיוצר עי קונדיטוריית,IL,מארז 8 דנכול בטעם מע,גרמים,800.00,100 גרם,false,,27.90,0.0349,true,1,1305154
7290107936958,false,עד חצות ביסקוויט אצבעות שוקולד 125 גרם,הדקלאים אגודת שיתופי,FR,ביסקויט עד חצות אצבע,גרמים,125.00,100 גרם,false,,9.90,0.0792,true,1,1571308
7290107937542,false,משקה יוגורט אקטיביה עם תות 1.2% שומן,מיוצר עי קונדיטוריית,IL,משקה אקטיביה תות 1.2,מיליליטרים,265.00,"100 מ""ל",false,,4.90,0.0185,true,1,1306074
7290107937627,false,מסטיק מאסט Must קוביות ללא סוכר בטעם מנטה עדינה,אסקום קונפקשיין,IL,קופסא מסטיק קוביות ס,גרמים,58.00,100 גרם,false,,8.90,0.1534,true,1,1352480
7290107937634,false,צנצנית מסטיק מאסט קוביות פפירמינט 58 ג' עלית,אסקום קונפקשיין,IL,קופסא מסטיק קוביות פ,גרמים,58.00,100 גרם,false,,8.90,0.1534,true,1,1352481
7290107937641,false,מסטיק בצנצנת קוביות בזוקה 58 ג',אסקום קונפקשיין,IL,קופסא מסטיק בזוקה קו,גרמים,58.00,100 גרם,false,,8.90,0.1534,true,1,1352482
7290107937856,false,קפסולות 11חזק למכונות נספרסו עלית 10יח',הנסיך- מפעל לייצור ט,IL,קפסולות למכונות נספר,גרמים,50.00,100 גרם,false,,16.50,0.3300,true,1,1347879
7290107938396,false,"אקטימל משקה פרוביוטי תות 100X8 מ""ל",מיוצר עי קונדיטוריית,IL,מארז 8 אקטימל תות,גרמים,864.00,100 גרם,false,,19.90,0.0230,true,1,1334281
7290107941266,false,טעם הטבע שעועית אגומ,הורקסה לס לגונס דה ס,ES,שעועית אדומה מבושלת,גרמים,475.00,100 גרם,false,,10.90,0.0229,true,1,1359065
7290107941273,false,"חומוס מבושל 475 גרם ""טעם הטבע",הורקסה לס לגונס דה ס,ES,חומוס מבושל 475 גרם,גרמים,475.00,100 גרם,false,,8.90,0.0187,true,1,1359066
7290107943192,false,"שמנת חמוצה מהערבה 27% שומן 200 מ""ל יטבתה",מחלבת יטבתה,IL,שמנת חמוצה מהערבה 27,מיליליטרים,200.00,"100 מ""ל",false,,3.90,0.0195,true,1,1574783
7290107943369,false,קוואקר שיבולת שועל ללא גלוטן 511 גר'.,היידי שוקולד בירונטי,US,קוואקר שיבולת שועל ל,גרמים,511.00,100 גרם,false,,16.90,0.0331,true,1,1542482
7290107944243,false,אפיפיות בטעם שוקולד 200 גרם כשר לפסח,"שטראוס גרופ בע""מ",IL,"אפיפית 200 גרם בד""צ",גרמים,200.00,100 גרם,false,,6.90,0.0345,true,1,1547570
7290107945165,false,קונפיטורת יד מרדכי משמש 340 גר,אף.סי תבליני בגליל ב,IL,קונפיטורת משמש 340 ג,גרמים,340.00,100 גרם,false,,12.90,0.0379,true,1,1411563
7290107950190,false,מעדן חלב דל קלוריות בטעם שוקולד מריר 0.5% שומן,מיוצר עי קונדיטוריית,IL,מעדן שטראוס דיאט שוק,גרמים,130.00,100 גרם,false,,2.90,0.0223,true,1,1350840
7290107950206,false,מעדן שטראוס דיאט 0% שוקולד 130ג',מיוצר עי קונדיטוריית,IL,מעדן שטראוס בטעם שוק,גרמים,130.00,100 גרם,false,,2.90,0.0223,true,1,1350841
7290107951104,false,בפלות ופלים ארוכים בטעם שוקולד,"א.ג. גילרו בע""מ",IL,בפלות בטעם שוקולד 20,גרמים,200.00,100 גרם,false,,3.90,0.0195,true,1,1362091
7290107951715,false,צנצנת מסטיק מאסט קוביות בטעם ענבים 58 ג' עלית,אסקום קונפקשיין,IL,קופסא מסטיק קוביות ע,גרמים,58.00,100 גרם,false,,8.90,0.1534,true,1,1411545
7290107953559,false,קפה טורקי עלית לדרך שקיות 24X7ג',הנסיך- מפעל לייצור ט,IL,מארז קפה טורקי אישי,גרמים,168.00,100 גרם,false,,17.90,0.1065,true,1,1366767
7290107954976,false,משקה חלב PRO עם קפה 1.5% 25 גרם חלבון בבקבוק,מחלבת יטבתה,DE,משקה יטבתה פרו בטעם,מיליליטרים,350.00,"100 מ""ל",false,,5.90,0.0169,true,1,1513147
7290107956642,false,"תרסיס שמן זית יד מרדכי 150 מ""ל",פארייפאבה אגרואינדוס,ES,"תרסיס שמן זית 150 מ""",מיליליטרים,150.00,"100 מ""ל",false,,17.90,0.1193,true,1,1614000
7290107956895,false,קפסולות 07 אספרסו בטעם קרמל עלית 10יח',שטראוס גרופ,IL,קפסולות למכונות נספר,גרמים,50.00,100 גרם,false,,16.50,0.3300,true,1,1651287
7290107956901,false,קפסולות בטעם אגוזים למכונות נספרסו 50 גר,שטראוס גרופ,IL,קפסולות למכונות נספר,גרמים,50.00,100 גרם,false,,16.50,0.3300,true,1,1585766
7290107956925,false,קפסולות 13 אוגנדה למכונת נספרסו עלית 10יח',שטראוס קפה בי.וי,IL,קפסולות למכונות נספר,גרמים,50.00,100 גרם,false,,16.50,0.3300,true,1,1791347
7290107956932,false,קפסולות אספרסו אידונזיה למכונות 50 גר,שטראוס קפה בי.וי,IL,קפסולות למכונות נספר,גרמים,50.00,100 גרם,false,,16.50,0.3300,true,1,1571320
7290107957069,false,"צנצנת עלמה בטעם אוכמניות לל""ס 66 גרם","שטראוס גרופ בע""מ",IL,קופסא מסטיק עלמה אוכ,גרמים,66.00,100 גרם,false,,8.90,0.1348,true,1,1571321
7290107957076,false,"צנצנת עלמה בטעם ספירמינט לל""ס 66 גרם","שטראוס גרופ בע""מ",IL,קופסא מסטיק עלמה ספי,גרמים,66.00,100 גרם,false,,8.90,0.1348,true,1,1571322
7290107957229,false,שוקולד צ'יפס מריר מעולה לאפיה עלית 250 ג',"פוליבה בע""מ",IL,נטיפי שוקולד צ'יפס מ,גרמים,250.00,100 גרם,false,,10.90,0.0436,true,1,1651271
7290107957991,false,מילקי CAKE מיניס קרם חלב בציפוי שוקולד חלב שקית 16X9ג',בובארד איטליה אס.פי.,IT,מילקי CAKE מיניס,גרמים,144.00,100 גרם,false,,12.90,0.0896,true,1,1749118
7290107958035,false,יוגורט במתיקות מעודנת 2% ללא תוספת סוכר- מארז 8 יח,דנונה - שטראוס,IL,מארז 8 יוגורט מתיקות,גרמים,1200.00,100 גרם,false,,17.90,0.0149,true,1,1586117
7290107970129,false,"ליידי ספיד סטיק - דאודורנט רול און לאישה פרש אסנס סחלב שחור 50 מ""ל",הנסיך- מפעל לייצור ט,IT,ליידי 24/7 רול און ורוד ח,מיליליטרים,50.00,"100 מ""ל",false,,14.90,0.2980,true,1,1273761
7290107971751,false,מי פה קולגייט טוטל ללא אלכוהול פפרמינט,יבואן ומשווק: ש. שסט,PL,מי פה קולגייט טוטל כ,מיליליטרים,500.00,"100 מ""ל",false,,29.90,0.0598,true,1,1351748
7290107973014,false,פלמוליב סבון ידיים חלב ודבש 300 מ'ל,הנסיך- מפעל לייצור ט,TR,סבון ידיים פלמוליב ח,מיליליטרים,300.00,"100 מ""ל",false,,8.90,0.0297,true,1,1488931
7290107973038,false,"פלמוליב סבון ידיים אקווריום 300 מ""ל",הנסיך- מפעל לייצור ט,TR,סבון ידיים פלמוליב 3,מיליליטרים,300.00,"100 מ""ל",false,,8.90,0.0297,true,1,1488933
7290107973793,false,שימורי עגבניות שלמות 400 ג' מאסטר שף,פראנו אריקו ופיגלי ס,IT,עגבניות שלמות 400 גר,גרמים,400.00,100 גרם,false,,5.90,0.0148,true,1,1407249
7290107973809,false,שימורי עגבניות קוביות 400 ג' מאסטר שף,פראנו אריקו ופיגלי ס,IT,עגבניות קוביות 400 ג,גרמים,400.00,100 גרם,false,,5.90,0.0148,true,1,1407255
7290107973861,false,מאסטר שף עגבניות חתוך דק אריזת שלישייה,קונסרזיו קאסאלאסקו ד,IT,עגבניות קצוצות דק מא,גרמים,1200.00,100 גרם,false,,15.90,0.0133,true,1,1407250
7290107974066,false,"עלי טורטיה קמח מלא 20ס""מ 8יח' מאסטר שף 320ג'",אלקאטי קורביישיסי גי,ES,עלי טורטיה 5 דגנים מ,גרמים,320.00,100 גרם,false,,9.90,0.0309,true,1,1501152
7290107974073,false,מנה עלי טורטיה קמח לבן מ.שף 20 סמ 320 גר,אלקאטי קורביישיסי גי,ES,עלי טורטיה מקמח לבן,גרמים,320.00,100 גרם,false,,9.90,0.0309,true,1,1501153
7290107974080,false,מנה עלי טורטיה קמח לבן מ.שף 25 סמ 840 גר,הדקלאים אגודת שיתופי,DE,עלי טורטיה מקמח לבן,גרמים,746.00,100 גרם,false,,15.90,0.0213,true,1,1501154
7290107974301,false,ליידי ספיד סטיק - דאודורנט ג'ל לאישה אלוורה 45 גרם,ליידי ספיד סטיק Lady Speed Stick,US,ליידי ספיד סטיק 24/7 גל ו,גרמים,65.00,100 גרם,false,,19.90,0.3062,true,1,1468731
7290107974646,false,מרידול נשימה רעננה שטיפת פה 400 מל,הנסיך- מפעל לייצור ט,PL,מרידול מי פה נשימה ר,מיליליטרים,400.00,"100 מ""ל",false,,32.90,0.0822,true,1,1351760
7290107974806,false,"אורז בסמטי 1 ק""ג מאסטר שף",דווה סינג שיהם סינג,IN,אורז בסמטי מאסטר שף,קילוגרמים,1.00,"ק""ג",false,,11.90,11.9000,true,1,1501167
7290107974813,false,"אורז יסמין 1 ק""ג מאסטר שף",מאסטר שף,,אורז יסמין מאסטר שף,קילוגרמים,1.00,"ק""ג",false,,10.90,10.9000,true,1,1501168
7290107974820,false,מנה מאסטר שף ממרח מתובל ספייסי 248 גר,מאסטר שף,NL,ממרח מתובל ספייסי מא,גרמים,250.00,100 גרם,false,,6.90,0.0276,true,1,1501145
7290107974837,false,מנה מאסטר שף ממרח מתובל שום 246 גר,מאסטר שף,NL,ממרח מתובל שום מאסטר,גרמים,250.00,100 גרם,false,,6.90,0.0276,true,1,1501146
7290107975278,false,דאודורנט סטיק עם הגנת אלוורה Aloe Protection,ליידי ספיד סטיק Lady Speed Stick,US,דאודורנט סטיק- ליידי,גרמים,45.00,100 גרם,false,,17.90,0.3978,true,1,1468740
7290107975346,false,ספיד סטיק - דאודורנט ג'ל לגבר כוח הטבע 85 גרם,קולגייט פלמוליב,US,דאודורנט סטיק גל-כח,גרמים,50.00,100 גרם,false,,17.90,0.3580,true,1,1574078
7290107975360,false,ליידי ספיד סטיק פיור פרשנס ג'ל נשים 65ג',ליידי ספיד סטיק Lady Speed Stick,US,דאודורנט ג'ל ספיד סט,גרמים,65.00,100 גרם,false,,17.90,0.2754,true,1,1483569
7290107976848,false,פלמוליב סבון מוצק קמומיל רביעייה 360 ג,קולגייט פלמוליב,TR,סבון מוצק רביעייה פל,גרמים,400.00,100 גרם,false,,16.90,0.0422,true,1,1585943
7290107976916,false,"פלמוליב סבון ידיים חלב זיתים 300 מ""ל",פלמוליב Palmolive,IT,סבון ידיים פלמוליב ח,מיליליטרים,300.00,"100 מ""ל",false,,10.90,0.0363,true,1,1524410
7290107977456,false,"פלמוליב - ג'ל רחצה ושמפו ספורט לגבר 750 מ""ל",קולגייט פלמוליב,TR,ג'ל רחצה ושמפו לגבר,מיליליטרים,750.00,"100 מ""ל",false,,16.90,0.0225,true,1,1989457
7290107978101,false,מש.שיניים קולגייט א.וויט אקסטרה פאוור 75,קולגייט-פלמוליב,PL,משחת שינים קולגייט א,מיליליטרים,75.00,"100 מ""ל",false,,24.90,0.3320,true,1,1700949
7290107978323,false,מאסטר שף איטריות דקיקות 400 גר,הדקלאים אגודת שיתופי,PL,איטריות דקיקות מאסטר,גרמים,400.00,100 גרם,false,,5.90,0.0148,true,1,1488944
7290107978330,false,מאסטר שף איטריות דקות 400 גרם,הדקלאים אגודת שיתופי,PL,איטריות דקות מאסטר ש,גרמים,400.00,100 גרם,false,,5.90,0.0148,true,1,1488945
7290107978347,false,מאסטר שף איטריות בינוניות 400 גר,הדקלאים אגודת שיתופי,PL,איטריות בנוניות מאסט,גרמים,400.00,100 גרם,false,,5.90,0.0148,true,1,1488946
7290107978453,false,חטיף קראנצוס גריל 55,קראנצ'וס,IL,חטיף קראנצ'וס גריל 5,גרמים,55.00,100 גרם,false,,3.90,0.0709,true,1,1537485
7290107979184,false,"תבניות אלומיניום פלוס נייר אפייה 32/26 ס""מ L",HAI PLASTIC,CN,תבנית אלומיניום עם נ,יח',3.00,יח',false,,12.90,4.3000,true,1,1520891
7290107979191,false,"תבניות אלומיניום פלוס נייר אפיה 40/34 ס""מ XL",HAI PLASTIC,CN,תבנית אלומיניום עם נ,יח',2.00,יח',false,,12.90,6.4500,true,1,1520892
7290108201437,false,"אבקת כביסה קולון 101 2.5 ק""ג",רקיט בנקיזר,,"אבקת כביסה 2.5 ק""ג -",קילוגרמים,2.50,"ק""ג",false,,24.90,9.9600,true,1,1889762
7290108350128,false,סנו סושי שקיות אשפה חזקות במיוחד 40 יח',מיוצר עי קונדיטוריית,IL,שקיות אשפה חזקות 40יח,יח',40.00,יח',false,,22.90,0.5725,true,1,1243360
7290108350142,false,שקיות רב שימושיות ענק סנו סושי 270 יח',אשפלסט תעשיות,IL,35*25 שקיות רב שימושיות,יח',270.00,יח',false,,14.90,0.0552,true,1,1243361
7290108350180,false,סנו סושי מפיות מודפסות 100 יח',חי מוצרי נייר בעמ,IL,מפיות מודפסות 100 יח,יח',100.00,יח',false,,6.90,0.0690,true,1,1280772
7290108350203,false,כריות קרצוף אקסטרה חזקות עם ספוג מקציף - 6 יח',סנו סושי,IL,כריות קרצוף עם ספוג,יח',6.00,יח',false,,9.90,1.6500,true,1,1328474
7290108350210,false,סנו סושי 30 שקיות אשפה XL חזקות במיוחד,מיוצר עי קונדיטוריית,IL,שקיות אשפה סנו סושי,יח',30.00,יח',false,,24.90,0.8300,true,1,1280803
7290108350500,false,סנובון מוצק דאבל אקשן בניחוח תפוז שלישייה,סנו סנובון,,שלישייה סנובון לאסלה,גרמים,165.00,100 גרם,false,,12.90,0.0782,true,1,1280804
7290108350524,false,ארון פרש בניחוח לוונדר סנו,"סנו מפעלי ברונוס בע""",IL,ריח לארון פרש בניחוח,יח',4.00,יח',false,,18.90,4.7250,true,1,1356802
7290108350531,false,סנו ספארק נוזל כלים בניחוח קלאסי עם משאבה 1 ל',מיוצר עי קונדיטוריית,IL,סנו ספארק לכלים לימון1ל,ליטרים,1.00,ליטר,false,,12.90,12.9000,true,1,1258832
7290108350548,false,סנו ספארק נוזל כלים בניחוח לבנדר עם משאבה 1 ל',מיוצר עי קונדיטוריית,IL,סנו ספארק לכלים לימון1ל,ליטרים,1.00,ליטר,false,,12.90,12.9000,true,1,1258833
7290108350555,false,נוזל כלים סנו ספארק Spark היפואלרגני פריחת השקד,סנו,IL,סנו ספארק לכלים לימון1ל,ליטרים,1.00,ליטר,false,,12.90,12.9000,true,1,1258834
7290108350586,false,נוזל לניקוי כלים סנו ספארק Spark בניחוח לימון רענן,סנו,IL,נוזל לכלים סנו ספארק,ליטרים,1.50,ליטר,false,,14.90,9.9333,true,1,1280773
7290108350616,false,סנו - מקסימה מרכך כביסה מרוכז פריחה כחולה 1 ליטר,"סנו מפעלי ברונוס בע""",IL,מרכך כביסה מקסימה סו,ליטרים,1.00,ליטר,false,,17.90,17.9000,true,1,1328475
7290108350623,false,מרכך כביסה סופר מרוכז סופט סילק מקסימה 1 ל' סנו,"סנו מפעלי ברונוס בע""",IL,מרכך כביסה מקסימה סו,ליטרים,1.00,ליטר,false,,17.90,17.9000,true,1,1328476
7290108350708,false,ק.מעצב ומתיר קשרים לבנים כיף בוב ספוג350,כיף,,קרם מתיר קשרים כיף ב,מיליליטרים,350.00,"100 מ""ל",false,,19.90,0.0569,true,1,1468019
7290108350722,false,אורביטול גוניור משחת שיניים בוב ספוג 70ג,טרופיקל דגיל קוסמטיק,IL,משחת שיניים אורביטול,גרמים,70.00,100 גרם,false,,8.90,0.1271,true,1,2043406
7290108350739,false,משחת שיניים לילדים בטעם סוכריות ג'לי גילאי 2-6,טרופיקל דגיל קוסמטיק,IL,משחת שיניים אורביטול,גרמים,70.00,100 גרם,false,,8.90,0.1271,true,1,1853787
7290108350746,false,אורביטול מברשת שיניים פיות חשמלית,החברה הדרומית,CN,מברשת שיניים חשמלית,יחידה,0.00,יחידה,false,,39.90,0.0000,true,1,1491728
7290108350753,false,"אורביטול משחת שיניים פרוטקט פרש, 145 גרם",גוד פוד פרודקטס S.p,IL,משחת שיניים אורביטול,גרמים,145.00,100 גרם,false,,14.90,0.1028,true,1,1806547
7290108351149,false,סנו - ג'ט לניקוי כללי ורצפות בתוספת אבקת סודה 1.5 ליטר,"סנו מפעלי ברונוס בע""",IL,סנו ג'ט ניקוי כללי ו,ליטרים,1.50,ליטר,false,,19.90,13.2667,true,1,1376052
7290108351156,false,סנו - ג'ט לניקוי כללי ורצפות בתוספת חומץ 1.5 ליטר,"סנו מפעלי ברונוס בע""",IL,סנו ג'ט ניקוי כללי ו,ליטרים,1.50,ליטר,false,,19.90,13.2667,true,1,1368635
7290108351552,false,"סנו - ג'ט לניקוי כללי בתוספת חומץ בניחוח לבנדר 750 מ""ל","סנו מפעלי ברונוס בע""",IL,מתז לניקוי כללי ג'ט+,מיליליטרים,750.00,"100 מ""ל",false,,19.90,0.0265,true,1,1610388
7290108351569,false,מבשם ומרכך למייבש כביסה Baby לתינוקות ולעור רגיש,"סנו מפעלי ברונוס בע""",IL,מרסס למייבש כביסה סנ,מיליליטרים,750.00,"100 מ""ל",false,,17.90,0.0239,true,1,1499369
7290108351583,false,"סנו - ג'ט פלוס חומץ ג'ל לניקוי אסלות לבנדר 750 מ""ל",טרופיקל דגיל תעשיות,IL,סנו ג'ט + לניקוי אסל,מיליליטרים,750.00,"100 מ""ל",false,,9.90,0.0132,true,1,1692660
7290108351590,false,"סנופרש הום בלו בלוסון בניחוח מרכך כביסה 350 מ""ל",סנו פרש Fresh,IL,מבשם אוויר פרש הום נ,מיליליטרים,350.00,"100 מ""ל",false,,14.90,0.0426,true,1,1491729
7290108351606,false,מטהר אוויר בלו בלוסום סנו פרש הום 350 מל,סנו fresh,IL,מבשם אוויר פרש הום נ,מיליליטרים,350.00,"100 מ""ל",false,,14.90,0.0426,true,1,1491730
7290108351613,false,סנו ריצפז פרש הום 2 ליטר בניחוח מלון חלומי,"סנו מפעלי ברונוס בע""",IL,ריצפז פרש הום תרכיז,ליטרים,2.00,ליטר,false,,22.90,11.4500,true,1,1441739
7290108351668,false,מטליות לחות לניקוי כללי בתוספת חומץ בניחוח לבנדר,טרופיקל דיגל- תעשיות,IL,מטליות לחות לניקוי כ,יח',50.00,יח',false,,9.90,0.1980,true,1,1730169
7290108351675,false,גל כביסה סנו מקסימה מיקס אנד ווש 5 ל,סנו,IL,ג'ל כביסה מרוכז 5 לי,ליטרים,5.00,ליטר,false,,44.90,8.9800,true,1,1759051
7290108351699,false,סנו - ג'ט מטליות לחות לניקוי כללי בתוספת חומץ לבנדר שלישיה,סנו מפעלי ברונוס על,IL,מגבונים לניקוי ג'ט+ח,יח',150.00,יח',false,,19.90,0.1327,true,1,1759061
7290108351705,false,פניני בישום fresh linen גר 275,value smart prodacts,IL,פניני בישום מקסימה ל,גרמים,275.00,100 גרם,false,,29.90,0.1087,true,1,1989753
7290108351750,false,נ.לניקוי רצפות סנו גרין פאוור אקולוגי 2ל,סנו,IL,נוזל לרצפות אקולוגי,ליטרים,2.00,ליטר,false,,19.90,9.9500,true,1,2015354
7290108351781,false,ג'ל לניקוי אסלות + חומץ ומלח לימון בריח הדרים,"סנו מפעלי ברונוס בע""",IL,סנו ג'ט + לניקוי אסל,מיליליטרים,750.00,"100 מ""ל",false,,9.90,0.0132,true,1,1814007
7290108351804,false,סנו - מקסימה מרכך כביסה מרוכז ג'נטל בריז 1 ליטר,מיוצר עי קונדיטוריית,IL,מרכך כביסה מרוכז מקס,ליטרים,1.00,ליטר,false,,17.90,17.9000,true,1,1978753
7290108351811,false,מקסימה מרכך כביסה סופר מרוכז פלור טאצ' 1 ליטר,מיוצר עי קונדיטוריית,IL,מרכך כביסה מרוכז מקס,ליטרים,1.00,ליטר,false,,17.90,17.9000,true,1,1978754
7290108351842,false,"מקסימה בושם מרוכז לכביסה FOREVER כחול 600מ""ל","איי, בי, אינבוו",IL,בושם מרוכז לכביסה FO,מיליליטרים,600.00,"100 מ""ל",false,,19.90,0.0332,true,1,1865224
7290108351859,false,"מקסימה בושם מרוכז לכביסה FOREVER ורוד 600מ""ל",סנו מקסימה,IL,בושם מרוכז לכביסה FO,מיליליטרים,600.00,"100 מ""ל",false,,19.90,0.0332,true,1,1865225
7290108351866,false,"מקסימה בושם מרוכז לכביסה FOREVER בורדו 600מ""ל",סנו מקסימה,IL,בושם מרוכז לכביסה FO,מיליליטרים,600.00,"100 מ""ל",false,,19.90,0.0332,true,1,1865226
7290108351910,false,סנו ספארק טבליות למדיח 30 יח',גרופה אינקו,PL,טבליות למדיח סנו ספא,יח',30.00,יח',false,,19.90,0.6633,true,1,1853746
7290108351927,false,סנו ספארק טבליות למדיח 70 יח',סנו,IL,טבליות למדיח סנו ספא,יח',70.00,יח',false,,39.90,0.5700,true,1,1853751
7290108351934,false,סנובון סבון אסלה מוצק RINGS בניחוח לימון שלישיה,החברה הדרומית,IL,שלישייה סנובון מוצק,יח',3.00,יח',false,,19.90,6.6333,true,1,1978755
7290108351941,false,סנובון סבון אסלה מוצק RINGS בניחוח יערות שלישיה,סנו,IL,שלישייה סנובון מוצק,יח',3.00,יח',false,,19.90,6.6333,true,1,1978756
7290108351965,false,סנו ג'ט סבון אסלה בחומץ שלישיה,סנו מפעלי ברונוס בעמ,IL,ג'ט סבון אסלה מוצק ש,יח',3.00,יח',false,,12.90,4.3000,true,1,1890572
7290108351989,false,סנופרש הום מבשם לבית בניחוח מלון מפנק,מיוצר עי קונדיטוריית,IL,מבשם אוויר פרש הום י,מיליליטרים,200.00,"100 מ""ל",false,,12.90,0.0645,true,1,1988414
7290108352016,false,סבון מוצק סנובון DESIGN מרכך שלישייה,סנו,IL,שלישייה סנובון מוצק,יח',3.00,יח',false,,19.90,6.6333,true,1,1975228
7290108352023,false,שלישייה סנובון מוצק,סנו,,שלישייה סנובון מוצק,יח',3.00,יח',false,,19.90,6.6333,true,1,1975229
7290108352047,false,אורביטול - צמד מברשות שיניים 808 + חוט דנטלי במתנה,החברה הדרומית,CN,צמד מברשות שיניים או,יח',2.00,יח',false,,14.90,7.4500,true,1,2105408
7290108352061,false,משחת שיניים 145ג 'אורביטול Charcoal Go White,אורביטול,IL,משחת שיניים אורביטול,גרמים,145.00,100 גרם,false,,9.90,0.0683,true,1,2126666
7290108352085,false,"מי פה אורביטול רעננות חריפה 500 מ""ל",טרופיקל דגיל תעשיות,IL,שטיפת פה שוקינג פרש,מיליליטרים,500.00,"100 מ""ל",false,,19.90,0.0398,true,1,2022727
7290108352146,false,"סנובון נוזלי בניחוח מגנוליה ונרולי 750 מ""ל",סנו מפעלי ברונוס בעמ,IL,סנובון נוזלי סנסורי,מיליליטרים,750.00,"100 מ""ל",false,,11.90,0.0159,true,1,2011826
7290108352153,false,גל ניקוי אסלות סנובון לוטוס וסחלב 750 מל,מיוצר עי קונדיטוריית,IL,סנובון נוזלי סנסורי,מיליליטרים,750.00,"100 מ""ל",false,,11.90,0.0159,true,1,2011827
7290108352207,false,מקסימה קפסולות לכביסה פלורל 40 יחידות,טרופיקל דגיל תעשיות,IL,קפסולות ג'ל לכביסה מ,יח',40.00,יח',false,,39.90,0.9975,true,1,2015343
7290108352214,false,סנו - מקסימה קפסולות כביסה בניחוח בריזה מרעננת 40 יח',טרופיקל דגיל תעשיות,IL,קפסולות ג'ל לכביסה מ,יח',40.00,יח',false,,39.90,0.9975,true,1,2015344
7290108352221,false,סנופרש הום מבשם נוזלי בניחוח מלון מפנק,סנו מפעלי ברונוס בעמ,IL,מבשם אוויר פרש הום נ,מיליליטרים,350.00,"100 מ""ל",false,,14.90,0.0426,true,1,2015701
7290108352252,false,נוזל לניקוי כלים מתאים לניקוי ירקות ופירות סנו ספארק,"סנו מפעלי ברונוס בע""",IL,נוזל לכלים סנו ספארק,ליטרים,1.00,ליטר,false,,12.90,12.9000,true,1,2022778
7290108352269,false,סנו מטליות לחיטוי ולניקוי בדלי 400 יחידו,החברה הדרומית,IL,מטליות לחיטוי וניקוי,יח',400.00,יח',false,,34.90,0.0872,true,1,2015345
7290108352313,false,שקית מילוי 99.9% מחטא ומשמיד חיידקים למשטחים,"מפעלו ברונוס בע""מ",IL,שקית מילוי למתז חיטו,מיליליטרים,750.00,"100 מ""ל",false,,9.90,0.0132,true,1,2015346
7290108352320,false,מבשם אוויר פרש הום נטול גז בניחוח מלון בוטיק,מיוצר עי קונדיטוריית,IL,מבשם אוויר פרש הום נ,מיליליטרים,350.00,"100 מ""ל",false,,14.90,0.0426,true,1,2015702
7290108352337,false,"סנו - פרש מילוי למטהר אוויר מלון מפנק 250 מ""ל",מיוצר עי קונדיטוריית,IL,מטהר אוויר פרש אוטומ,מיליליטרים,250.00,"100 מ""ל",false,,13.90,0.0556,true,1,2015703
7290108352344,false,"סנו - פרש מילוי למטהר אוויר מלון בוטיק 250 מ""ל",מיוצר עי קונדיטוריית,IL,מטהר אוויר פרש אוטומ,מיליליטרים,250.00,"100 מ""ל",false,,13.90,0.0556,true,1,2015704
7290108352368,false,תוסף לחיטוי כביסה 99.9% סנו מקסימה 3 ל',סנו,IL,תוסף לחיטוי כביסה 99,ליטרים,3.00,ליטר,false,,29.90,9.9667,true,1,2082932
7290108352382,false,מטליות לחות אישיות לחיטוי משטחים ואביזרים 99.9 % 20 יחי,טרופיקל דגיל תעשיות,IL,מגבונים הגיינים לחיט,יח',20.00,יח',false,,9.90,0.4950,true,1,2032134
7290108352399,false,ריצפז פרש הום בניחוח מרכך כביסה פלורל טאצ',"סנו מפעלי ברונוס בע""",IL,ריצפז פרש הום תרכיז,ליטרים,2.00,ליטר,false,,22.90,11.4500,true,1,2099953
7290108352436,false,סנובון מוצק בניחוח נגוליה ונרולי שלישייה,סנו מפעלי ברונוס בעמ,IL,שלישייה סנובון לאסלה,גרמים,165.00,100 גרם,false,,15.90,0.0964,true,1,2046952
7290108352450,false,ריצפז פרש הום בניחוח מרכך כביסה בלו בלוסום,סנו מפעלי ברונוס בעמ,IL,ריצפז פרש הום תרכיז,ליטרים,2.00,ליטר,false,,22.90,11.4500,true,1,2039129
7290108352481,false,"מטהר אוויר סנומוד נרסיסוס 150 מ""ל","סנו מפעלי ברונוס בע""",IL,מטהר אויר סנומוד נרס,מיליליטרים,150.00,"100 מ""ל",false,,10.90,0.0727,true,1,2047841
7290108352511,false,"ניקוי וחיטוי מכונת הכביסה מקסימה 500 מ""ל","איי, בי, אינבוו",IL,סנו מקסימה לניקוי וח,מיליליטרים,500.00,"100 מ""ל",false,,12.90,0.0258,true,1,2066687
7290108352528,false,"מתז לחיטוי וניקוי חדר האמבטיה 99.9% 750 מ""ל","איי, בי, אינבוו",IL,מתז לחיטוי וניקוי חד,מיליליטרים,750.00,"100 מ""ל",false,,18.90,0.0252,true,1,2066377
7290108352535,false,סנו - מקסימה דפי בישום לחים למייבש הכביסה בניחוח מרכך כביסה,סנו מקסימה,IL,דפי בישום למייבש כבי,יח',20.00,יח',false,,12.90,0.6450,true,1,2099208
7290108352641,false,סנו סושי מטלית הפלא לניקוי כללי במארז שלישייה,סנו מפעלי ברונוס.,IL,שלישיית מטליות הפלא,יח',3.00,יח',false,,14.90,4.9667,true,1,1537550
7290108352689,false,סנו סושי כריות קרצוף ללכלוך קשה 9 יח',טרופיקל דגיל תעשיות,US,כריות קרצוף לליכלוך,יח',9.00,יח',false,,9.90,1.1000,true,1,1328451
7290108352702,false,מגבוני טואלט לחים סנו סופט בוב ספוג שלישיה,סנו סופט Soft,IL,מארז שלישייה מגבוני,יח',144.00,יח',false,,15.90,0.1104,true,1,1305719
7290108352788,false,שקיות סנו סושי L זיפר 20 יח,פיין ונטג,IL,שקיות זיפר 20 יח' מי,יח',20.00,יח',false,,12.90,0.6450,true,1,1853815
7290108352795,false,שקיות סנו סושי M זיפר 50 יח,סנו סושי,IL,שקיות זיפר 50 יח' מי,יח',50.00,יח',false,,12.90,0.2580,true,1,1853816
7290108352801,false,"שקיות אשפה S לפחים קטנים 56*45 ס""מ בניחוח עדין","סנו מפעלי ברונוס בע""",IL,סושי שקיות אשפה 45*5,יח',100.00,יח',false,,19.90,0.1990,true,1,1692662
7290108352818,false,מטלית במבוק לניקוי דוחה ריחות רעים,טרופיקל דגיל תעשיות,CN,מטלית במבוק לניקוי ס,יח',1.00,יח',false,,8.90,8.9000,true,1,1853804
7290108352825,false,ספוג הפלא נירוסטה סנו סושי 3יח',s.k.a.t ltdסנו מפעלי,IL,ספוג הפלא נירוסטה סנ,יח',3.00,יח',false,,9.90,3.3000,true,1,1730171
7290108352849,false,שלישיית מטליות הפלא לניקוי כללי דקור סנו סושי,טרופיקל דגיל תעשיות,IL,שלישיית מטליות הפלא,יח',3.00,יח',false,,14.90,4.9667,true,1,2022779
7290108352863,false,סנו סושי שקיות צלייה 20יח' מידה L,מיוצר עי קונדיטוריית,IL,שקיות צליה סנו סושי,יח',20.00,יח',false,,7.90,0.3950,true,1,1799346
7290108352870,false,סנו סושי שקיות צלייה 10יח' מידה XL,מיוצר עי קונדיטוריית,IL,שקיות צליה סנו סושי,יח',10.00,יח',false,,7.90,0.7900,true,1,1799347
7290108352887,false,"זוג מפות שולחן עשויות מבד בלתי ארוג 180*120 ס""מ",מיוצר עי קונדיטוריית,CN,זוג מפות שולחן לבנות,יח',2.00,יח',false,,9.90,4.9500,true,1,1799340
7290108352894,false,סנו סושי מפת שולחן חגיגית,שואוגאנג,IL,מפת שולחן חגיגית סנו,יח',1.00,יח',false,,7.90,7.9000,true,1,1853794
7290108352948,false,"תבניות מאפינס אקסטרא חזקות 24 *16ס""מ סנו",סנו סושי,IL,7 תבניות מאפינס סנו,יח',7.00,יח',false,,14.90,2.1286,true,1,1865230
7290108352993,false,"סנו סושי 2 תבניות XL אקסטרא חזקות 43*31ס""מ",,IL,2 תבניות XL עמוקות ס,יח',2.00,יח',false,,14.90,7.4500,true,1,1865235
7290108353037,false,"תבניות אפיה עגולות מנייר קוטר 21 ס""מ",מיוצר עי קונדיטוריית,CN,תבנית אפייה עגולה מנ,יח',4.00,יח',false,,11.90,2.9750,true,1,1983102
7290108353044,false,תב.אפייה מנייר סנו סושי מאפינס גדול 24 י,מיוצר עי קונדיטוריית,CN,תבניות אפייה למאפינס,יח',24.00,יח',false,,9.90,0.4125,true,1,1983103
7290108353068,false,ספוג הפלא נירוסטה עם סיבי קירצוף סנו סושי 2 יח',מיוצר עי קונדיטוריית,IL,כרית קירצוף עם סיבי,יח',2.00,יח',false,,9.90,4.9500,true,1,1983128
7290108353341,false,"מרכך למניעת קשקשים עם שמן עץ התה ואסאי 700 מ""ל כיף",קוסמופארם בעמ,IL,"מרכך כיף 700 מ""ל עם",מיליליטרים,700.00,"100 מ""ל",false,,10.90,0.0156,true,1,1988497
7290108353389,false,"אורביטול - מי פה ג'וניור לגילאי 8+ 250 מ""ל",החברה הדרומית,IL,אורביטול קיד מי פה ג,מיליליטרים,250.00,"100 מ""ל",false,,12.90,0.0516,true,1,2119397
7290108353402,false,צמד מברשות שיניים עם סיבי פחם דקים במיוחד,יבואן ומשווק: ש. שסט,IL,צמד מברשות שיניים או,יח',2.00,יח',false,,14.90,7.4500,true,1,2004952
7290108353419,false,צמד מברשות שיניים עם סיבי הלבנה ספירליים,החברה הדרומית,IL,צמד מברשות שיניים או,יח',2.00,יח',false,,14.90,7.4500,true,1,2004953
7290108353426,false,צמד מברשות שיניים לחניכיים ושיניים רגישות,יבואן ומשווק: ש. שסט,IL,צמד מברשות שיניים או,יח',2.00,יח',false,,14.90,7.4500,true,1,2004954
7290108353433,false,שטיפת פה לרעננות מתמשכת מנטה עדין Protect & Fresh,"קוסמופארם בע""מ",IL,שטיפת פה PROTECT & F,מיליליטרים,500.00,"100 מ""ל",false,,19.90,0.0398,true,1,1853795
7290108353440,false,אורביטול צמד מברשות שיניים 12000 סיבים,החברה הדרומית,CN,מברשת שיניים NANO או,יח',2.00,יח',false,,29.90,14.9500,true,1,2083310
7290108353471,false,סבון מוצק סנובון DESIGN ספא בודד,החברה הדרומית,IL,סנובון DESIGN בניחוח,גרמים,65.00,100 גרם,false,,7.90,0.1215,true,1,1975234
7290108353488,false,סנו - סנובון מעוצב בניחוח סחלב פראי,מיוצר עי קונדיטוריית,IL,סנובון DESIGN בניחוח,גרמים,65.00,100 גרם,false,,7.90,0.1215,true,1,1975235
7290108353501,false,סנו סושי שקיות אשפה עם ידיות 25 יח' XXL,טרופיקל דגיל תעשיות,IL,סושי שקיות אשפה 75*9,יח',25.00,יח',false,,21.90,0.8760,true,1,1998455
7290108353518,false,"תבניות אלומיניום עם ידיות אחיזה 34*29 ס""מ",קריניסה ויטמין אס אי,CN,2 תבניות אלומיניום ע,יח',2.00,יח',false,,9.90,4.9500,true,1,1993399
7290108353525,false,תבניות אלומיניום סנו סושי+ידית 4 יח L,קריניסה ויטמין אס אי,CN,4 תבניות אלומיניום ע,יח',4.00,יח',false,,9.90,2.4750,true,1,1993400
7290108353532,false,"שקיות אשפה נשלפות עם שרוך 65*54 ס""מ L",סנו סושי,IL,סושי שקיות אשפה 54*6,יח',100.00,יח',false,,29.90,0.2990,true,1,1998456
7290108353549,false,נייר אפייה סנו סושי 100 יח,"טופ פלסט 2002 בע""מ",IL,נייר אפיה סנו סושי 1,יח',100.00,יח',false,,19.90,0.1990,true,1,1998457
7290108353563,false,צלחות מקנה סוכר טבעי סנו סושי - 10'' *25,הנסיך- מפעל לייצור ט,IL,צלחות מקנה סוכר טבעי,יח',25.00,יח',false,,19.90,0.7960,true,1,2023002
7290108353587,false,"קעריות מעוטרות מקנה סוכר בקוטר 15 ס""מ","שנדונג , סין",IL,קעריות מקנה סוכר טבע,יח',25.00,יח',false,,13.90,0.5560,true,1,2023011
7290108353648,false,סנו סושי - שקיות אוכל מנייר 70 יחידות,"אשפלסט תעשיות בע""מ",TR,שקיות אוכל מנייר = מ,יח',70.00,יח',false,,10.90,0.1557,true,1,2042303
7290108353655,false,"סנו סושי - 50 מפיות אירוח איכותיות גדולות ועבות 3 שכבות לבנות """,האנק טישו,IL,מפיות אירוח סנו סושי,יח',50.00,יח',false,,9.90,0.1980,true,1,1998477
7290108353662,false,"סנו סושי מפת שולחן מוטבעת 120*270 ס""מ",סנו סושי,IL,מפת שולחן מוטבעת סנו,יח',1.00,יח',false,,10.90,10.9000,true,1,2107522
7290108353686,false,מטלית חלומית לריצפה מיקרופייבר,נינגבו סנבנג,CN,מטלית חלומית לרצפה ס,יח',1.00,יח',false,,10.90,10.9000,true,1,2022772
7290108353693,false,"צלחות מעוטרות מקנה סוכר בקוטר 19 ס""מ",סנו סושי,IL,צלחות מקנה סוכר טבעי,יח',25.00,יח',false,,14.90,0.5960,true,1,2023013
7290108353709,false,כפפות ניטריל שחורות 80 יח' S סנו סושי,סנו סושי,IL,כפפות ניטריל שחורות,יח',80.00,יח',false,,28.90,0.3612,true,1,2119398
7290108353716,false,"קרמה - תחליב רחצה חימר פיטאיה 500 מ""ל",החברה הדרומית,IL,תחליב רחצה קרמה חימר,מיליליטרים,500.00,"100 מ""ל",false,,16.90,0.0338,true,1,2114273
7290108353723,false,"קרמה - תחליב רחצה חימר תה ירוק 500 מ""ל",החברה הדרומית,IL,תחליב רחצה קרמה חימר,מיליליטרים,500.00,"100 מ""ל",false,,16.90,0.0338,true,1,2114274
7290108353747,false,"תחליב רחצה אירוודה, בניחוח טונקה 600 מ""ל קרימה",החברה הדרומית,IL,תחליב רחצה קרמה אירו,מיליליטרים,600.00,"100 מ""ל",false,,17.90,0.0298,true,1,2135118
7290108353761,false,"תחליב רחצה זן, בניחוח קשמיר 600 מ""ל קרימה",החברה הדרומית,IL,תחליב רחצה קרמה זן 6,מיליליטרים,600.00,"100 מ""ל",false,,17.90,0.0298,true,1,2135119
7290108353778,false,"נקה 7 - תחליב רחצה שוודיה בניחוח פיטנגו 750 מ""ל","אמיליה קוסמטיקס בע""מ",IL,תחליב רחצה נקה 7 שוו,מיליליטרים,750.00,"100 מ""ל",false,,10.90,0.0145,true,1,2032154
7290108353785,false,תחליב רחצה נקה 7 מרוקו בניחוח טונקה 750,"אמיליה קוסמטיקס בע""מ",IL,תחליב רחצה נקה 7 מרו,מיליליטרים,750.00,"100 מ""ל",false,,10.90,0.0145,true,1,2036015
7290108353792,false,"נקה 7 - תחליב רחצה יפן בניחוח פריחת הדובדבן 750 מ""ל","אמיליה קוסמטיקס בע""מ",IL,תחליב רחצה נקה 7 פרי,מיליליטרים,750.00,"100 מ""ל",false,,10.90,0.0145,true,1,2032155
7290108353808,false,"תחליב רחצה נקה מדגסקר בניחות אמבר 750 מ""ל","אמיליה קוסמטיקס בע""מ",IL,תחליב רחצה נקה 7 מדג,מיליליטרים,750.00,"100 מ""ל",false,,10.90,0.0145,true,1,2032161
7290108353815,false,קרמה ספא תחליב רחצה מדיטציה בניחוח פצולי,החברה הדרומית,IL,תחליב רחצה קרמה מדיט,מיליליטרים,600.00,"100 מ""ל",false,,17.90,0.0298,true,1,2135120
7290108353839,false,כפפות ניטריל שחורות 80 יח' M סנו סושי,סנו סושי,IL,כפפות ניטריל שחורות,יח',80.00,יח',false,,28.90,0.3612,true,1,2119399
7290108353891,false,"קרמה - דאודורנט רול און לאישה קרמה מאסק 75 מ""ל","קוסמופארם בע""מ",IL,דאודרנט קרמה רול און,מיליליטרים,75.00,"100 מ""ל",false,,12.90,0.1720,true,1,2022756
7290108353952,false,"קרמה - דאודורנט ספריי לאישה קרמה קלאסי 150 מ""ל","אמיליה קוסמטיקס בע""מ",IL,דאודורנט קרמה ספריי,מיליליטרים,150.00,"100 מ""ל",false,,12.90,0.0860,true,1,2082934
7290108354065,false,קרמה מן גל רחצה פילינג 700 מל לגבר,קוסמופארם בע''מ,IL,קרמה מן ג'ל רחצה פיל,מיליליטרים,700.00,"100 מ""ל",false,,18.90,0.0270,true,1,2105365
7290108354164,false,"כיף שלישיית אל סבון מועשר בשמנים 500X3 מ""ל",טרופיקל דגיל תעשיות,IL,אל סבון כיף מועשר בש,יח',3.00,יח',false,,19.90,6.6333,true,1,2043407
7290108354263,false,אורביטול גוניור משחת שיניים חד קרן 70גרם,טרופיקל דגיל קוסמטיק,IL,משחת שיניים אורביטול,גרמים,70.00,100 גרם,false,,8.90,0.1271,true,1,2043408
7290108354270,false,מרכך כביסה מרוכז בבישום עוצמתי 1 ל' סנו מקסימה,מיוצר עי קונדיטוריית,IL,מרכך כביסה מרוכז מקס,ליטרים,1.00,ליטר,false,,17.90,17.9000,true,1,2094390
7290108354355,false,סנו מגבוני היגיינים לניקוי הידיים 70 % אלכוהול 20 יח',דן - מור חומרי טבע ו,IL,מגבונים הגיינים לחיט,יח',20.00,יח',false,,9.90,0.4950,true,1,2030631
7290108354362,false,"סנו מדיק אל סבון היגייני לידיים 500 מ""ל",סנו,IL,אל סבון הגייני לידיי,מיליליטרים,500.00,"100 מ""ל",false,,9.90,0.0198,true,1,2042304
7290108354416,false,"תחליב רחצה יוגה, בניחוח ברגמוט 600מ""ל קרימה",החברה הדרומית,IL,תחליב רחצה קרמה יוגה,מיליליטרים,600.00,"100 מ""ל",false,,17.90,0.0298,true,1,2135121
7290108354430,false,"שמפו כיף לשיקום והזנה שמן קוקוס וקרטין 700 מ""ל",קוסמופארם בעמ,IL,שמפו כיף שמן קוקוס ו,מיליליטרים,700.00,"100 מ""ל",false,,10.90,0.0156,true,1,2051040
7290108354461,false,קרליין 10 שמפו חימר לכל סוגי השיער 700 מ,החברה הדרומית,IL,שמפו קרליין 10 חימר,מיליליטרים,700.00,"100 מ""ל",false,,12.90,0.0184,true,1,2151177
7290108354485,false,"קרליין - מרכך 10 שמן ארגן 700 מ""ל",החברה הדרומית,IL,מרכך קרליין 10 לשיער,מיליליטרים,700.00,"100 מ""ל",false,,12.90,0.0184,true,1,2114275
7290108354591,false,"תחליב רחצה בניחוח מי קקטוס ושמן באבאסו 750 מ""ל נקה 7","אמיליה קוסמטיקס בע""מ",IL,תחליב רחצה נקה 7 ביו,מיליליטרים,750.00,"100 מ""ל",false,,10.90,0.0145,true,1,2122366
7290108354607,false,"שמפו בניחוח מי קקטוס ושמן באבאסו 750 מ""ל נקה 7","אמיליה קוסמטיקס בע""מ",IL,נקה 7 שמפו ביו 750 מ,מיליליטרים,750.00,"100 מ""ל",false,,11.90,0.0159,true,1,2122367
7290108354614,false,"מרכך בניחוח מי קקטוס ושמן באבאסו 750 מ""ל נקה 7","אמיליה קוסמטיקס בע""מ",IL,נקה 7 מרכך ביו 750 מ,מיליליטרים,750.00,"100 מ""ל",false,,11.90,0.0159,true,1,2122368
7290108354706,false,"קרמה - תחליב רחצה מאסק 500 מ""ל",החברה הדרומית,IL,תחליב רחצה קרמה מאסק,מיליליטרים,500.00,"100 מ""ל",false,,16.90,0.0338,true,1,2086007
7290108354713,false,"קרמה - תחליב רחצה קלאסי 500 מ""ל",קוסמופארם,IL,תחליב רחצה קרמה קלאס,מיליליטרים,500.00,"100 מ""ל",false,,16.90,0.0338,true,1,2086008
7290108354751,false,"סנו - ג'ט מרסס לניקוי כללי בתוספת אבקת סודה 750 מ""ל","סנו מפעלי ברונוס בע""",IL,מתז לניקוי כללי ג'ט+,מיליליטרים,750.00,"100 מ""ל",false,,19.90,0.0265,true,1,1814008
7290108354836,false,קרם ידיים מרוכז לידיים יבשות מאוד בבישום עדין,קוסמופארם,IL,קרם ידיים קרמה מרוכז,מיליליטרים,50.00,"100 מ""ל",false,,15.90,0.3180,true,1,2043311
7290108354911,false,"שמפו, ג'ל רחצה וגילוח מועשר בתמצית אלוורה",טרופיקל דגיל תעשיות,IL,קרמה מן 3 ב-1 שמפו/ג,מיליליטרים,700.00,"100 מ""ל",false,,18.90,0.0270,true,1,2011847
7290108354973,false,"סבון ידיים קרמה ורד ווניל 300 מ""ל",טרופיקל דגיל תעשיות,IL,סבון ידיים קרמה ורד,מיליליטרים,300.00,"100 מ""ל",false,,9.90,0.0330,true,1,2022972
7290108354980,false,קרם ידיים מרוכז לידיים יבשות מאוד ללא בישום,קוסמופארם,IL,קרם ידיים קרמה מרוכז,מיליליטרים,50.00,"100 מ""ל",false,,15.90,0.3180,true,1,2043312
7290108355000,false,"שמפו מיניונים לילדים נקה 7 750 מ""ל",נקה 7,IL,שמפו נקה 7 קידס מיני,מיליליטרים,750.00,"100 מ""ל",false,,14.90,0.0199,true,1,1296010
7290108355024,false,"נקה 7 שמפו+מרכך לילדים מיניונים 750 מ""ל",קוסמופארם בע''מ,IL,שמפו+מרכך נקה 7 קידס,מיליליטרים,750.00,"100 מ""ל",false,,14.90,0.0199,true,1,1296012
7290108355031,false,"נקה 7 אל סבון לילדים מיניונים 750 מ""ל",נקה 7,IL,אל סבון נקה 7 קידס מ,מיליליטרים,750.00,"100 מ""ל",false,,14.90,0.0199,true,1,1296013
7290108355055,false,לחו.לשיער מקצועי גלייז נטורל פורמולה 400,נטורל פורמולה Natural Formula,IL,לחות לשיער עם גלייז,מיליליטרים,400.00,"100 מ""ל",false,,29.90,0.0747,true,1,1473061
7290108355079,false,לחו.לשיער מקצועי קוקוס נטורל פורמולה 400,החברה הדרומית,IL,לחות לשיער עם קוקוס,מיליליטרים,400.00,"100 מ""ל",false,,29.90,0.0747,true,1,1473063
7290108355086,false,"גלייז מקצועי לשיער נטורל פורמולה 350 מ""ל",נטורל פורמולה Natural Formula,IL,קרם עיצוב לשיער גליי,מיליליטרים,360.00,"100 מ""ל",false,,39.90,0.1108,true,1,1473064
7290108355147,false,"תחליב רחצה נקה 7שמני רחצה 750 מ""ל","אמיליה קוסמטיקס בע""מ",IL,תחליב רחצה נקה 7 שמנ,מיליליטרים,750.00,"100 מ""ל",false,,10.90,0.0145,true,1,1691259
7290108355154,false,"שמפו שמני הזנה 750 מ""ל נקה 7","אמיליה קוסמטיקס בע""מ",IL,נקה 7 שמפו שמני הזנה,מיליליטרים,750.00,"100 מ""ל",false,,11.90,0.0159,true,1,1691260
7290108355161,false,"מרכך שיער שמני הזנה 750 מ""ל נקה 7","אמיליה קוסמטיקס בע""מ",IL,מרכך שיער נקה 7 שמני,מיליליטרים,750.00,"100 מ""ל",false,,11.90,0.0159,true,1,1691261
7290108355192,false,"נטורל מרכך קרטין אינטנס למניעת קשקשים 400 מ""ל",נטורל פורמולה Natural Formula,IL,מרכך קרטין אינטנס למ,מיליליטרים,400.00,"100 מ""ל",false,,29.90,0.0747,true,1,1610435
7290108355208,false,"שמפו קרטין אינטנס למניעת קשקשים נטורל 400 מ""ל",נטורל פורמולה Natural Formula,IL,שמפו קרטין אינטנס למ,מיליליטרים,400.00,"100 מ""ל",false,,29.90,0.0747,true,1,1610436
7290108355253,false,"נקה 7 - ג'ל רחצה אקסטרה פרש לגבר 750 מ""ל","אמיליה קוסמטיקס בע""מ",IL,נקה 7 ג'ל רחצה לגבר,מיליליטרים,750.00,"100 מ""ל",false,,11.90,0.0159,true,1,1798718
7290108355307,false,"נקה 7 - שמפו סירוק קל רוזמרין 750 מ""ל",גוד פוד פרודקטס S.p,IL,נקה 7 שמפו לשיער רגי,מיליליטרים,750.00,"100 מ""ל",false,,11.90,0.0159,true,1,1955421
7290108355314,false,מרכך לסירוק קל בתוספת רוזמרין,גוד פוד פרודקטס S.p,IL,מרכך שיער נקה 7 לשיע,מיליליטרים,750.00,"100 מ""ל",false,,11.90,0.0159,true,1,1955422
7290108355482,false,"קרמה - דאודורנט רול און לאישה קרמה לבנדר ואקליפטוס 75 מ""ל",החברה הדרומית,IL,דאודרנט קרמה רול און,מיליליטרים,75.00,"100 מ""ל",false,,12.90,0.1720,true,1,2022749
7290108355536,false,"קרמה - דאודורנט ספריי לאישה קרמה ורד וניל 150 מ""ל","אמיליה קוסמטיקס בע""מ",IL,דאודורנט קרמה ספריי,מיליליטרים,150.00,"100 מ""ל",false,,12.90,0.0860,true,1,2082935
7290108355802,false,"תחליב רחצה קרמה ורד ווניל 700 מ""ל",גוד פוד פרודקטס S.p,IL,תחליב רחצה קרמה ורד,מיליליטרים,700.00,"100 מ""ל",false,,19.90,0.0284,true,1,2022766
7290108355963,false,"קרמה - בודי מיסט ורד ווניל 260 מ""ל",החברה הדרומית,IL,בודי מיסט קרמה ורד ו,מיליליטרים,260.00,"100 מ""ל",false,,39.90,0.1535,true,1,2032169
7290108356021,false,כיף תחליב רחצה בניחוח גלידת קרם עוגיות,גוד פוד פרודקטס S.p,IL,תחליב רחצה כיף בניחו,מיליליטרים,700.00,"100 מ""ל",false,,10.90,0.0156,true,1,1853806
7290108356045,false,"כיף תחליב רחצה בניחות גלידת סוכריות גלי 700 מ""ל",החברה הדרומית,IL,תחליב רחצה כיף בניחו,מיליליטרים,700.00,"100 מ""ל",false,,10.90,0.0156,true,1,1853808
7290108356106,false,כיף תחליב רחצה חלב שקדים 700 מל,החברה הדרומית,IL,תחליב רחצה כיף שקד 7,מיליליטרים,700.00,"100 מ""ל",false,,10.90,0.0156,true,1,1806576
7290108356113,false,"כיף תחליב רחצה דבש 700 מ""ל-מרכז",קוסמופארם בעמ,IL,תחליב רחצה כיף דבש 7,מיליליטרים,700.00,"100 מ""ל",false,,10.90,0.0156,true,1,1806577
7290108356120,false,"תחליב רחצה כיף קוקוס וניל 700 מ""ל",קוסמופארם,IL,תחליב רחצה כיף קוקוס,מיליליטרים,700.00,"100 מ""ל",false,,10.90,0.0156,true,1,1806578
7290108356137,false,"כיף - תחליב רחצה לבנדר 700 מ""ל",קוסמופארם,IL,תחליב רחצה כיף לבנדר,מיליליטרים,700.00,"100 מ""ל",false,,10.90,0.0156,true,1,1806579
7290108356151,false,"תחליב רחצה כיף מאסק יסמין 700 מ""ל",גוד פוד פרודקטס S.p,IL,תחליב רחצה כיף מאסק,מיליליטרים,700.00,"100 מ""ל",false,,10.90,0.0156,true,1,1806580
7290108356168,false,"כיף - תחליב רחצה אוקיינוס 700 מ""ל",גוד פוד פרודקטס S.p,IL,תחליב רחצה כיף אוקיי,מיליליטרים,700.00,"100 מ""ל",false,,10.90,0.0156,true,1,1806581
7290108356175,false,כיף אל סבון אבטיח ומנטה 1 ליטר משאבה,טרופיקל דגיל תעשיות,IL,אל סבון כיף אבטיח ומ,ליטרים,1.00,ליטר,false,,10.90,10.9000,true,1,2019176
7290108356182,false,כיף אל סבון תאנה ותה ירוק 1 ליטר משאבה,החברה הדרומית,IL,אל סבון כיף תאנה ותה,ליטרים,1.00,ליטר,false,,10.90,10.9000,true,1,2019182
7290108356199,false,אל סבון כיף בניחוח אפרסק ופלפל שחור 1 ל,טרופיקל דגיל תעשיות,IL,אל סבון כיף אפרסק ופ,ליטרים,1.00,ליטר,false,,10.90,10.9000,true,1,2019183
7290108356298,false,"כיף - מוס רחצה בניחוח קרם עוגיות 150 מ""ל",החברה הדרומית,IL,מוס רחצה כיף בניחוח,מיליליטרים,150.00,"100 מ""ל",false,,12.90,0.0860,true,1,2099210
7290108356489,false,"כיף - תחליב רחצה אפרסק וחמאת מורומורו 700 מ""ל",החברה הדרומית,IL,תחליב רחצה כיף אפרסק,מיליליטרים,700.00,"100 מ""ל",false,,10.90,0.0156,true,1,2113960
7290108356519,false,קרליין שמפו 10למניעת קשקשים 700מל,החברה הדרומית,IL,שמפו קרליין 10 לשיער,מיליליטרים,700.00,"100 מ""ל",false,,12.90,0.0184,true,1,2105372
7290108356526,false,"קרליין - שמפו 10 לשיער יבש 700 מ""ל",החברה הדרומית,IL,שמפו קרליין 10 לשיער,מיליליטרים,700.00,"100 מ""ל",false,,12.90,0.0184,true,1,2105380
7290108356533,false,קרוליין 10 שמפו לשיער מתולתל 700 מל,החברה הדרומית,IL,שמפו קרליין 10 לשיער,מיליליטרים,700.00,"100 מ""ל",false,,12.90,0.0184,true,1,2105381
7290108356540,false,קרוליין 10 שמפו לשיער צבוע 700 מל,החברה הדרומית,IL,שמפו קרליין 10 לשיער,מיליליטרים,700.00,"100 מ""ל",false,,12.90,0.0184,true,1,2105382
7290108356557,false,"שמפו 10 לשיער למניעת קשקשים 700 מ""ל קרליין",החברה הדרומית,IL,שמפו קרליין 10 למניע,מיליליטרים,700.00,"100 מ""ל",false,,12.90,0.0184,true,1,2105383
7290108356564,false,"קרליין - מרכך 10 לשיער רגיל 700 מ""ל",החברה הדרומית,IL,מרכך קרליין 10 לשיער,מיליליטרים,700.00,"100 מ""ל",false,,12.90,0.0184,true,1,2105384
7290108356571,false,"קרליין - מרכך 10 לשיער יבש 700 מ""ל",החברה הדרומית,IL,מרכך קרליין 10 לשיער,מיליליטרים,700.00,"100 מ""ל",false,,12.90,0.0184,true,1,2105385
7290108356595,false,"קרליין מרכך 10 לשיער צבוע 700 מ""ל",החברה הדרומית,IL,מרכך קרליין 10 לשיער,מיליליטרים,700.00,"100 מ""ל",false,,12.90,0.0184,true,1,2105387
7290108356809,false,סבון בוטני ורד ומרווה לניקוי וטיפוח הידיים טבעוני 1 ל' כיף,סנו,IL,אל סבון כיף + משאבה,ליטרים,1.00,ליטר,false,,10.90,10.9000,true,1,2135111
7290108356816,false,"סבון בוטני גרניום ופטצ'ולי לניקוי וטיפוח הידיים, טבעוני 1 ל' כיף",סנו,IL,אל סבון כיף + משאבה,ליטרים,1.00,ליטר,false,,10.90,10.9000,true,1,2135112
7290108356854,false,מגבוני בייבי כיף בניוח עדין מארז חמישייה,החברה הדרומית,IL,מגבונים לחים חמישייה,יח',320.00,יח',false,,19.90,0.0622,true,1,2065272
7290108356861,false,מגבוני בייבי כיף ללא בישום מארז חמישייה,החברה הדרומית,IL,מגבונים לחים חמישייה,יח',320.00,יח',false,,19.90,0.0622,true,1,2065273
7290108357004,false,כיף שמפו ורד ושמן קוקוי לרכות וברק,טרופיקל דגיל תעשיות,IL,"שמפו כיף 700 מ""ל ורד",מיליליטרים,700.00,"100 מ""ל",false,,10.90,0.0156,true,1,1993433
7290108357028,false,"תחליב רחצה כיף ורד ושמן קוקוי 700 מ""ל",קוסמופארם בעמ,IL,תחליב רחצה כיף 700 מ,מיליליטרים,700.00,"100 מ""ל",false,,10.90,0.0156,true,1,1993435
7290108357042,false,"קרליין - נושם ביו דאודורנט רול און 75 מ""ל Citrus Blossoms לאישה",החברה הדרומית,IL,דאודורנט רול און נו,מיליליטרים,75.00,"100 מ""ל",false,,12.90,0.1720,true,1,2114266
7290108357097,false,"קרליין - נושם ביו דאודורנט ספריי 150 מ""ל Velvet Rose לאישה",החברה הדרומית,IL,דאודורנט ספריי נושם,מיליליטרים,150.00,"100 מ""ל",false,,12.90,0.0860,true,1,2114279
7290108357110,false,"קרליין - נושם ביו דאודורנט רול און 75 מ""ל Valvet Rose לאישה",החברה הדרומית,IL,דאודורנט רול און נו,מיליליטרים,75.00,"100 מ""ל",false,,12.90,0.1720,true,1,2114280
7290108357189,false,"מבשם ומרכך למייבש הכביסה מקסימה פלורל 750 מ""ל סנו","סנו מפעלי ברונוס בע""",IL,מרסס למייבש כביסה סנ,מיליליטרים,750.00,"100 מ""ל",false,,17.90,0.0239,true,1,1994342
7290108357196,false,"ג'ט פלוס לניקוי כללי בתוספת תמצית עץ התה 750 מ""ל סנו",מיוצר עי קונדיטוריית,IL,מתז לניקוי כללי ג'ט+,מיליליטרים,750.00,"100 מ""ל",false,,19.90,0.0265,true,1,2071474
7290108357202,false,סנוקליר לניקוי בניחוח בלו בלוסום 1 ליטר,"סנו מפעלי ברונוס בע""",IL,סנוקליר רב תכליתי בנ,ליטרים,1.00,ליטר,false,,10.90,10.9000,true,1,2047847
7290108357240,false,"אוקסיג'ן פאוור תוסף להסרת כתמים קשים 1.4 ק""ג",החברה הדרומית,IL,אוקסיג'ן מסיר כתמים,גרמים,1400.00,100 גרם,false,,29.90,0.0214,true,1,2107536
7290108357264,false,"פרש אוטומטי מילוי בניחוח מרכך הכביסה אולטרה 375 מ""ל סנו",החברה הדרומית,IL,מטהר אויר בהתזה אולט,מיליליטרים,250.00,"100 מ""ל",false,,13.90,0.0556,true,1,2119402
7290108357271,false,סנובון ג'ל לניקוי אסלות עם חמצן פעיל לניקוי עוצמתי,סנו סנובון,IL,סנובון נוזלי עם כח ה,מיליליטרים,750.00,"100 מ""ל",false,,11.90,0.0159,true,1,2124142
7290108357288,false,אקונומיקה ז'אוול בניחוח פריחה לבנה 4 ל' סנו,סנו ז'אוול Javel,IL,אקונומיקה סנו ז'אוול,ליטרים,4.00,ליטר,false,,16.90,4.2250,true,1,2105374
7290108357295,false,"סנו - אוקסיג'ן פאוור מרסס להסרת כתמים 750 מ""ל",החברה הדרומית,IL,מרסס כביסה מסיר כתמי,מיליליטרים,750.00,"100 מ""ל",false,,17.90,0.0239,true,1,2123979
7290108357301,false,"סנו - K300 קוטל חרקים תיקנים ונמלים 300 מ""ל","סנו מפעלי ברונוס בע""",IL,K-300 קוטל חרקים מיי,מיליליטרים,300.00,"100 מ""ל",false,,19.90,0.0663,true,1,2119403
7290108357431,false,"קרם גוף קרמה בריזת ים 500 מ""ל",טרופיקל דגיל תעשיות,IL,קרם גוף קרמה בריזת י,מיליליטרים,500.00,"100 מ""ל",false,,24.90,0.0498,true,1,2032173
7290108357578,false,"קרם ידיים קרמ וניל ופלפל ורוד 100 מ""ל",קוסמופארם,IL,קרם ידיים קרמה וניל,מיליליטרים,100.00,"100 מ""ל",false,,8.90,0.0890,true,1,2086010
7290108357653,false,סנובון מוצק אוקיינוס בבבלס לאסלה,סנו סנובון,IL,שלישייה סנובון מוצק,יח',3.00,יח',false,,19.90,6.6333,true,1,2136388
7290108357707,false,"כיף שמפו לשיער רגיל-תפוח זרעי צ'יה 700 מ""ל",גוד פוד פרודקטס S.p,IL,"שמפו כיף 700 מ""ל תפו",מיליליטרים,700.00,"100 מ""ל",false,,10.90,0.0156,true,1,1855067
7290108357714,false,"כיף שמפו לשיער יבש -רימונים ושמן ארגן 700 מ""ל",גוד פוד פרודקטס S.p,IL,"שמפו כיף 700 מ""ל רימ",מיליליטרים,700.00,"100 מ""ל",false,,10.90,0.0156,true,1,1855068
7290108357745,false,"כיף שמפו ומרכך 700 מ""ל 2ב-1 תאנה ומנטה",גוד פוד פרודקטס S.p,IL,שמפו ומרכך 2+1 תאנה,מיליליטרים,700.00,"100 מ""ל",false,,10.90,0.0156,true,1,1855078
7290108357769,false,"מרכך לשיער רגיל תפוח וזרעי צ'יה 700 מ""ל כיף",גוד פוד פרודקטס S.p,IL,"מרכך כיף 700 מ""ל תפו",מיליליטרים,700.00,"100 מ""ל",false,,10.90,0.0156,true,1,1855070
7290108357844,false,שקית מילוי אל סבון בניחוח גינסנג 1 ל' כיף,סנו,IL,אל סבון כיף שקית מי,ליטרים,1.00,ליטר,false,,9.90,9.9000,true,1,2118290
7290108357851,false,"כיף - ג'ל רחצה אליקסיר אוילס מועשר בשמן קוקוס 700 מ""ל","קוסמופארם בע""מ",IL,תחליב רחצה כיף ELIXI,מיליליטרים,700.00,"100 מ""ל",false,,10.90,0.0156,true,1,2100133
7290108357868,false,"כיף - ג'ל רחצה אליקסיר אויל מועשר בשמן מקדמיה 700 מ""ל",החברה הדרומית,IL,תחליב רחצה כיף ELIXI,מיליליטרים,700.00,"100 מ""ל",false,,10.90,0.0156,true,1,2100134
7290108357875,false,"כיף - שמפו לחות מוגברת עם אפרסק וחמאת מורומורו 700 מ""ל",החברה הדרומית,IL,שמפו כיף לחות מוגברת,מיליליטרים,700.00,"100 מ""ל",false,,10.90,0.0156,true,1,2113961
7290108358070,false,"תחליב רחצה קרמה קלאסי 700 מ""ל",גוד פוד פרודקטס S.p,IL,תחליב רחצה קרמה קלאס,מיליליטרים,700.00,"100 מ""ל",false,,19.90,0.0284,true,1,2033581
7290108358087,false,"תחליב רחצה קרמה מאסק 700 מ""ל",גוד פוד פרודקטס S.p,IL,תחליב רחצה קרמה מאסק,מיליליטרים,700.00,"100 מ""ל",false,,19.90,0.0284,true,1,2033582
7290108358094,false,"קרמה - תחליב רחצה חמאת שיאה וקוקוי 500 מ""ל",החברה הדרומית,IL,תחליב רחצה קרמה שיאה,מיליליטרים,500.00,"100 מ""ל",false,,16.90,0.0338,true,1,2086011
7290108358124,false,דפי בישום לחים למייבש הכביסה בניחוח מרכך כביסה 20 יח' מקסימה,סנו,IL,דפי בישום למייבש כבי,יח',20.00,יח',false,,12.90,0.6450,true,1,2130802
7290108359008,false,סושי שקיות זיפר עם סליידר 15 יח לארג',החברה הדרומית,CN,שקיות זיפר סליידר L,יח',15.00,יח',false,,14.90,0.9933,true,1,2104298
7290108359039,false,שקיות אשפה עם ידיות סנו סושי לפחים 30 יחידות,סנאט גרופ,IL,סושי שקיות אשפה עם י,יח',30.00,יח',false,,21.90,0.7300,true,1,2066688
7290108359046,false,שקיות אשפה EXTRA חזקאות במיוחד XXL סנו סושי 20 יח',סנו סושי,IL,שקיות אשפה סנו סושי,יח',20.00,יח',false,,24.90,1.2450,true,1,2083316
7290108359060,false,סנו סושי כריות הפלא רב תכלתיות *4 לשבת,סנו סושי,IL,כריות ניקוי לשבת סנו,יח',4.00,יח',false,,12.90,3.2250,true,1,2087303
7290108359077,false,סנו - סופט לושן ממחטות אף בקופסא 3 שכבות 120 יח',סנו סופט Soft,IL,ממחטות סנו סופט לושן,יח',120.00,יח',false,,12.90,0.1075,true,1,2104305
7290108359084,false,כיסוי ניילון עם גומי 30 יח' M סנו סושי,סנו סושי,IL,כיסוי ניילון עם גומי,יח',30.00,יח',false,,9.90,0.3300,true,1,2135127
7290108359091,false,כיסוי ניילון עם גומי 30 יח' L סנו סושי,סנו סושי,IL,כיסוי ניילון עם גומי,יח',30.00,יח',false,,9.90,0.3300,true,1,2135128
7290108359114,false,סושי חמגשית אלומיניום עם מכסה,סנו סושי,IL,חמגשית אלומיניום עם,יח',10.00,יח',false,,10.90,1.0900,true,1,2108721
7290108359152,false,"תבנית אלומיניום עגולה 25 ס""מ -6 יחי סנו סושי",סנו סושי,IL,תבניות אלומינים עגול,יח',6.00,יח',false,,11.90,1.9833,true,1,2136380
7290108359169,false,"תבנית אלומיניום עגולה 628 ס""מ יחי סנו סושי",סנו,IL,תבניות אלומינים עגול,יח',6.00,יח',false,,11.90,1.9833,true,1,2136381
7290108359183,false,שקית אשפה חזקות 70*50 60 יח' סנו סושי,סנו סושי,IL,סושי שקיות אשפה 52*7,יח',60.00,יח',false,,22.90,0.3817,true,1,2136391
7290108359824,false,"כיף - בייבי כיף קרם 500 מ""ל",קוסמופארם בעמ,IL,קרם גוף בייבי כיף 50,מיליליטרים,500.00,"100 מ""ל",false,,24.90,0.0498,true,1,1799327
7290108359848,false,בייבי כיף שמפו אל דמע 1 ל',בייבי כיף Baby,IL,שמפו בייבי כיף אל דמ,ליטרים,1.00,ליטר,false,,19.90,19.9000,true,1,1799329
7290108359855,false,"שמפו אל דמע בייבי כיף+משאבה 750 מ""ל",גוד פוד פרודקטס S.p,IL,שמפו בייבי כיף אל דמ,מיליליטרים,750.00,"100 מ""ל",false,,17.90,0.0239,true,1,1799330
7290108359862,false,בייבי כיף אל סבון 1 ליטר,בייבי כיף Baby,IL,אל סבון בייבי כיף 1,ליטרים,1.00,ליטר,false,,19.90,19.9000,true,1,1799331
7290108359879,false,"אלסבון בייבי כיף+משאבה 750 מ""ל",קוסמופארם בעמ,IL,אל סבון בייבי כיף 75,מיליליטרים,750.00,"100 מ""ל",false,,17.90,0.0239,true,1,1799332
7290108359886,false,תחליב רחצה בייבי כיף 1 ליטר,בייבי כיף Baby,IL,תחליב רחצה בייבי כיף,ליטרים,1.00,ליטר,false,,19.90,19.9000,true,1,1799333
7290108359985,false,סנו - ז'אוול מרסס קצף לניקוי וחינו בניחוח פריחה לבנה 1 ליטר,סנו ז'אוול Javel,IL,תרסיס סנו ז'אוול קצף,ליטרים,1.00,ליטר,false,,19.90,19.9000,true,1,2105366
7290108500677,false,כבד דג שיבוט מעושן בשמן הדג,"איטיליאן פוד, אס.פי.",IS,כבד דג שיבוט,גרמים,120.00,100 גרם,false,,8.90,0.0742,true,1,1336515
7290108501346,false,גבינה גאודה מגורדת 28% 500 גר,Euro יורו מחלבות אירופה,DE,גבינת גאודה מגורדת 5,גרמים,500.00,100 גרם,false,,24.90,0.0498,true,1,1585554
7290108501377,false,שפרוטים מעושנים בשמן מרינה מכסה שקוף 160 ג',וילי פוד,,שפרוטים מעושנים בשמן,גרמים,160.00,100 גרם,false,,9.90,0.0619,true,1,1617430
7290108501391,false,פרוסות גבינה חצי קשה מחלב עיזים,,IL,גבינה חצי קשה מחלב ע,גרמים,150.00,100 גרם,false,,19.90,0.1327,true,1,1631552
7290108501490,false,גבינה מוצרלה פרוסות ו.פוד 150ג',ליטא,DE,גבינת מוצרלה פרוסות,גרמים,150.00,100 גרם,false,,13.90,0.0927,true,1,1631582
7290108501827,false,קדאיף שערות בצק 450 גרם,הנסיך- מפעל לייצור ט,TW,קדאיף שערות בצק 450ג,גרמים,450.00,100 גרם,false,,19.90,0.0442,true,1,1722592
7290108501964,false,חטיף אגוזים וצימוקים הפי נאטס מארז 35X4ג',ואמראליס,GR,חטיף שקדים וצימוקים,גרמים,140.00,100 גרם,false,,10.00,0.0714,true,1,1722606
7290108501971,false,חטיף בוטנים ומשמש הפי נאטס מארז 35X4ג',ואמראליס,GR,חטיף שקדים ומשמש HAP,יחידה,0.00,יחידה,false,,10.00,0.0000,true,1,1722607
7290108501988,false,חטיף שקדים וחמוציות הפי נוטס מארז 35X4ג',ואמראליס,GR,חטיף שקדים וחמוציות,גרמים,140.00,100 גרם,false,,10.00,0.0714,true,1,1722608
7290108502305,false,גבינת גרדה פדנו משולש 150 גר`וילי פוד,וילי פוד,IT,גבינת גרנה פדנו משול,גרמים,150.00,100 גרם,false,,22.90,0.1527,true,1,1803380
7290108502329,false,רביעית טונה בשמן זית וילי פוד 4*160 גר,גולדן פרייז,TH,רביעית נתחי טונה בשמ,גרמים,640.00,100 גרם,false,,29.90,0.0467,true,1,1742311
7290108502381,false,בסיסים להכנת פיצה קוטר 26 וילי פוד 480ג',מוטלוקל גידה סאנאי ט,TR,תחתיות לפיצה (קוטר 2,גרמים,480.00,100 גרם,false,,12.90,0.0269,true,1,1829922
7290108502558,false,גבינת שמנת לייט טבעי 200ג' EURO CHEESE,אטלסר&אלפרי קאסורק,TW,גבינה במרקם שמנת ליי,גרמים,200.00,100 גרם,false,,12.90,0.0645,true,1,1770108
7290108502596,false,גבינת שמנת לייט שום 200ג' EURO CHEESE,אטלסר&אלפרי קאסורק,DE,גבינת שמנת לייט שום,גרמים,200.00,100 גרם,false,,12.90,0.0645,true,1,1770112
7290108502725,false,גבינת גאודה פרוסות 400 גר`וילי פוד,Euro יורו מחלבות אירופה,DE,גבינת גאודה פרוסות 4,גרמים,400.00,100 גרם,false,,19.90,0.0497,true,1,1742340
7290108502862,false,מלפפונים כבושים במלח 18-25קטנים מאוד 600ג',זיתור סאן גירה סני ו,TR,מלפפונים כבושים במלח,גרמים,600.00,100 גרם,false,,11.90,0.0198,true,1,1848909
7290108503043,false,תפוחונים חטיף פלחים מיובשים מארז 22X4ג',ינטאי זונגקאן פוד קו,CN,מארז תפוחונים 4 יח',גרמים,88.00,100 גרם,false,,13.90,0.1580,true,1,1848912
7290108503067,false,פרמזנו משולש ויליפוד,וילי פוד,IT,פרמז'נו משולש,גרמים,150.00,100 גרם,false,,14.90,0.0993,true,1,1803386
7290108503692,false,פיצה מרגריטה ויליפוד,Euro יורו מחלבות אירופה,IT,פיצה מרגריטה 380 גרם,גרמים,380.00,100 גרם,false,,15.90,0.0418,true,1,1975284
7290108503708,false,פיצה עם פטריות 385 גרם,מוטלוקל גידה סאנאי ט,IT,פיצה עם פטריות 390 ג,גרמים,390.00,100 גרם,false,,15.90,0.0408,true,1,1975285
7290108503715,false,פיצה עם זיתים 385 ג' וילי פוד,מוטלוקל גידה סאנאי ט,IT,פיצה עם זיתים 385 גר,גרמים,385.00,100 גרם,false,,15.90,0.0413,true,1,1975286
7290108503975,false,קנלוני פסטה איטליאנה,ויליפוד,IT,קנלוני 250 גרם,גרמים,250.00,100 גרם,false,,7.90,0.0316,true,1,1904220
7290108503999,false,גבינה גאודה פרוסות בטעם לכריכים וטוסטים 150 גר',Euro יורו מחלבות אירופה,ES,פרוסות גבינה בטעם גא,גרמים,150.00,100 גרם,false,,7.90,0.0527,true,1,1933752
7290108504002,false,פרוסות גבינה לייט 150גרם 9%שומן לכריכים וטוסטים,Euro יורו מחלבות אירופה,ES,פרוסות גבינה לייט 9%,גרמים,150.00,100 גרם,false,,7.90,0.0527,true,1,1933753
7290108504187,false,פרוסות גבינה בטעם צ'דר לכריכים וטוסטים 800 ג',,,פרוסות גבינה בטעם צ',גרמים,800.00,100 גרם,false,,34.90,0.0436,true,1,1933754
7290108504293,false,גבינה מנצ'גו צ'אנק 150 גר',ג.וילי פוד אינטרנשיו,ES,גבינה מנצ'גו צ'אנק 1,גרמים,150.00,100 גרם,false,,15.90,0.1060,true,1,1982442
7290108504699,false,נתחי טונה בשמן קנולה רביעיה * 160 ג' וילי פוד,גולדן פרייז,TH,רביעית נתחי טונה בשמ,גרמים,640.00,100 גרם,false,,19.90,0.0311,true,1,1994041
7290108504934,false,"דפי אורז למילוי 22 ס""מ 300 גרם בית יוסף",וילי פוד - מנת השף,,דפי אורז למילוי קוטר,גרמים,300.00,100 גרם,false,,7.90,0.0263,true,1,2099408
7290108505153,false,יוגורט בטעם טבעי 2% שומן 150 ג',דלתא פודס,GR,יוגורט בטעם טבעי 150,גרמים,150.00,100 גרם,false,,4.90,0.0327,true,1,2005726
7290108505160,false,יוגורט עם אגסים 150 גרם 4% שומן,Euro יורו מחלבות אירופה,GR,יוגורט עם אגסים 150,גרמים,150.00,100 גרם,false,,4.90,0.0327,true,1,2005727
7290108505177,false,יוגורט עם אננס 150 גרם 0% שומן,דלתא פודס,GR,יוגורט עם אננס 150 ג,גרמים,150.00,100 גרם,false,,4.90,0.0327,true,1,2005728
7290108505184,false,יוגורט עם קוקוס 5% שומן 150 גרם,Euro יורו מחלבות אירופה,GR,יוגורט עם קוקוס 150,גרמים,150.00,100 גרם,false,,4.90,0.0327,true,1,2005729
7290108505207,false,יוגורט ען אוכמניות 0% שומן 150 גרם,Euro יורו מחלבות אירופה,GR,יוגורט עם אוכמניות 1,גרמים,150.00,100 גרם,false,,4.90,0.0327,true,1,2005731
7290108505214,false,יוגורט עם אפרסק 150 גרם 0% שומן,Euro יורו מחלבות אירופה,GR,יוגורט עם אפרסק 150,גרמים,150.00,100 גרם,false,,4.90,0.0327,true,1,2005732
7290108505603,false,שלישיית נתחי טונה בשמן צמחי 90 גרם קרטונית,גולדן,TH,שלישיית נתחי טונה בה,גרמים,80.00,100 גרם,false,,10.90,0.1363,true,1,1996245
7290108505719,false,גבינת מוצרלה מגורדת 25% שומן 200גר,יורו צ'יז Euro Cheese,TR,גבינה מוצרלה מגורדת,גרמים,200.00,100 גרם,false,,19.90,0.0995,true,1,2011166
7290108505726,false,אצבעות-גבינה חצי קשה 25% שומן 200גר,סאסו פטוראגס קומטויס,TR,גבינה חצי קשה-אצבעות,גרמים,200.00,100 גרם,false,,19.90,0.0995,true,1,2011167
7290108505740,false,גבינת קשקבל חצי קשה25% שומן 200גר,Euro יורו מחלבות אירופה,TR,גבינה חצי קשה-קשקבל,גרמים,200.00,100 גרם,false,,19.90,0.0995,true,1,2011169
7290108505962,false,שזיפים מיובשים וילי פוד 400 גרם,,US,שזיפים יבשים 400 גרם,גרמים,400.00,100 גרם,false,,24.90,0.0622,true,1,2013781
7290108506037,false,יוגורט בטעם טבעי 5% שומן דלתא 150 ג',דלתא פודס,GR,יוגורט בטעם טבעי 150,גרמים,150.00,100 גרם,false,,4.90,0.0327,true,1,2045212
7290108506426,false,בייגלה קראנצ'י טורקי אותנטי - מוקפא,וילי פוד,TR,בייגלה קפוא סימיט 40,גרמים,400.00,100 גרם,false,,9.90,0.0248,true,1,2012856
7290108506495,false,"כנאפה מאפה בצק ""שערות"" קדאיף וגבינה",ארמה גרופ,TR,כנאפה קפוא,גרמים,192.50,100 גרם,false,,12.90,0.0670,true,1,2012857
7290108506518,false,אצבעות בצק פילו ממולאות גבינה ותרד 500 ג' ויליפוד,סיהאן גידה,TR,אצבעות בצק פילו ממול,גרמים,500.00,100 גרם,false,,17.90,0.0358,true,1,2094582
7290108506549,false,גליליות וופל במילוי קרם וניל 400ג' ויליפוד,,GR,גליליות וופל במילוי,גרמים,400.00,100 גרם,false,,12.90,0.0323,true,1,2012813
7290108506648,false,רביולי דלעת פסטה איט,ארמנדו,IT,רביולי דלעת 250 גרם,גרמים,250.00,100 גרם,false,,12.90,0.0516,true,1,2012982
7290108506679,false,רביולי חצילים ומוצרלה 250 גרם,ארמנדו,IT,רביולי חצילים ומוצרל,גרמים,250.00,100 גרם,false,,12.90,0.0516,true,1,2012976
7290108506709,false,גבינת פרמג'יאנו רג'יאנו 150 גר' רבנות,וילי פוד,IT,גבינת פרמג'יאנו רג'י,גרמים,150.00,100 גרם,false,,22.90,0.1527,true,1,2022705
7290108506969,false,מאפה בורקס מים תורכי - גבינה 300 ג',וילי פוד,TR,מאפה בורקס מים תורכי,גרמים,300.00,100 גרם,false,,14.90,0.0497,true,1,2020004
7290108507010,false,מאפה בורקס מים תורכי תרד וגבינה 300 גרם,וילי פוד,TR,מאפה בורקס מים תורכי,גרמים,300.00,100 גרם,false,,14.90,0.0497,true,1,2020005
7290108507058,false,ביסקויט פריך בשוקולד חלב 100 גרם -קהילות,מודרן צ'יקולטה,TR,ביסקוויט פריך בשוקול,גרמים,100.00,100 גרם,false,,6.90,0.0690,true,1,2101618
7290108507072,false,שבבי גבינת גרנה פדנו 100 גרם,זנאתי,IT,שבבי גבינת גרנה פדנו,גרמים,100.00,100 גרם,false,,9.90,0.0990,true,1,2048173
7290108507645,false,ביסקויט פריך בשוקולד מריר 100 גרם -קהילות,מודרן צ'יקולטה,TR,ביסקוויט פריך בשוקול,גרמים,100.00,100 גרם,false,,6.90,0.0690,true,1,2101619
7290108507652,false,ביסקויט פריך בשוקולד לבן 100 גרם -קהילות,מודרן צ'יקולטה,TR,ביסקוויט פריך בשוקול,גרמים,100.00,100 גרם,false,,6.90,0.0690,true,1,2101620
7290108508031,false,ויליפוד אננס שלם 830 גרם,נטריישן,TH,אננס שלם 830 גרם,גרמים,830.00,100 גרם,false,,10.90,0.0131,true,1,2118478
7290108508130,false,עגבניות איטלקיות מרוסקות 390 גרם,וילי פוד,,עגבניות איטלקיות מרו,גרמים,390.00,100 גרם,false,,9.90,0.0254,true,1,2084846
7290108508147,false,מחית עגבניות איטלקיות 500 גרם,וילי פוד,,מחית עגבניות איטלקיו,גרמים,500.00,100 גרם,false,,9.90,0.0198,true,1,2096646
7290108508185,false,פסטה ריגטוני ללא גלוטן 400 גרם,,,פסטה ריגטוני ללא גלו,גרמים,400.00,100 גרם,false,,12.90,0.0323,true,1,2056039
7290108508451,false,"משקה יוגורט טבעי 3.2% שומן יורו 200 מ""ל",Euro יורו מחלבות אירופה,TR,משקה יוגורט טבעי 200,מיליליטרים,200.00,"100 מ""ל",false,,5.90,0.0295,true,1,2060442
7290108508499,false,"איירן משקה יוגורט בסגנון טורקי יורו 293 מ""ל",Euro יורו מחלבות אירופה,TR,איירן משקה יוגורט בס,מיליליטרים,293.00,"100 מ""ל",false,,5.90,0.0201,true,1,2060446
7290108508703,false,טורטיה ללא גלוטן 270 גרם ויליפוד,מוטלוקל גידה סאנאי ט,TR,טורטייה ללא גלוטן 2,גרמים,270.00,100 גרם,false,,9.90,0.0367,true,1,2058425
7290108508765,false,קונכיות פתיתים 400 גרם,וילי פוד,TR,קונכיות פתיתים 400 ג,גרמים,400.00,100 גרם,false,,7.90,0.0198,true,1,2071110
7290108508772,false,קונכיות פתיתים עם תרד 400 גרם,וילי פוד,TR,קונכיות פתיתים עם תר,גרמים,400.00,100 גרם,false,,7.90,0.0198,true,1,2071111
7290108508888,false,ביסקוויטים פתי בר ויליפוד 500 ג',ארגון ציקולאטה,TR,ביסקוויטים פתי בר 50,גרמים,500.00,100 גרם,false,,9.90,0.0198,true,1,2067987
7290108508901,false,יוגורט יווני עם דובדבנים ושקדים 0.6% שומ,דלתא פודס,GR,יוגורט עם דובדבנים ו,גרמים,150.00,100 גרם,false,,4.90,0.0327,true,1,2058913
7290108508963,false,גבינת קשקבל מגורדת 25% 200 גרם,Euro יורו מחלבות אירופה,TR,גבינת קשקבל מגורדת ח,גרמים,200.00,100 גרם,false,,19.90,0.0995,true,1,2050490
7290108508970,false,וילי פוד תה ג'רבה 50,אוסוואלדי קרוז בואנס,,תה גרבה 500 גרם,גרמים,500.00,100 גרם,false,,19.90,0.0398,true,1,2069626
7290108509052,false,מאפה פילו יווני מסורתי ממולא גבינת פטה,וילי פוד,GR,מאפה פילו ממולא גבינ,גרמים,400.00,100 גרם,false,,22.90,0.0572,true,1,2072937
7290108509113,false,"גבינה בולגרית מעודנת 18% שומן 250 גרם חת""ס פ""ת",Euro יורו מחלבות אירופה,TR,גבינת בולגרית מעודנת,גרמים,250.00,100 גרם,false,,12.90,0.0516,true,1,2081226
7290108509144,false,מארז שלישיית עגבניות מרוסקות POLPA,וילי פוד,IT,שלישיית עגבניות מרוס,גרמים,1200.00,100 גרם,false,,14.90,0.0124,true,1,2073468
7290108509182,false,גבינת פטה 17% שומן יורו 250 ג',סוטאש,TR,גבינת פטה מעודנת 17%,גרמים,250.00,100 גרם,false,,12.90,0.0516,true,1,2081228
7290108509229,false,ויליפוד חטיף אורז אפוי לתינוקות בננה 50 גרם,נמצ'או,TH,חטיף אורז אפוי בטעם,גרמים,50.00,100 גרם,false,,12.90,0.2580,true,1,2099422
7290108509267,false,ארוחת פסטה עם רוטב גבינה 206 גרם,הנסיך- מפעל לייצור ט,UA,ארוחת פסטה עם רוטב ג,גרמים,206.00,100 גרם,false,,9.90,0.0481,true,1,2073295
7290108509359,false,פופקורן בציפוי בטעם קרמל 90 ג' ויליפוד,סנרו ס.א,UA,פופקורן בציפוי בטעם,גרמים,90.00,100 גרם,false,,5.90,0.0656,true,1,2099414
7290108509397,false,עלי בצק פילו [משולשים] 360 גרם,ארמה גרופ,TR,עלי בצק פילו (משולשי,גרמים,360.00,100 גרם,false,,10.90,0.0303,true,1,2071856
7290108509403,false,חלבה טורקית קלאסית 350 גרם ויליפוד,וילי פוד,TR,חלבה טורקית קלאסית 3,גרמים,350.00,100 גרם,false,,11.90,0.0340,true,1,2073891
7290108509410,false,חלבה טורקית עם קקאו 350 גרם ויליפוד,וילי פוד,TR,חלבה טורקית עם קקאו,גרמים,350.00,100 גרם,false,,11.90,0.0340,true,1,2073892
7290108509618,false,זיתים ירוקים על הגריל מגולענים במרינדה 730 גרם,,TR,זיתים ירוקים על הגרי,גרמים,730.00,100 גרם,false,,23.90,0.0327,true,1,2149733
7290108509700,false,אורז פרסי דאוואט 1 ק,אל.טי.פודס לימיטד,IN,אורז פרסי DAAWAT 1 ק,קילוגרמים,1.00,"ק""ג",false,,9.90,9.9000,true,1,2081845
7290108509755,false,גבינה חלומי 250 גרם 23% שומן,,קפריסין,גבינת חלומי 250 גרם,גרמים,250.00,100 גרם,false,,22.90,0.0916,true,1,2148668
7290108509816,false,גבינת בייבי מוצרלה 22 שומן 22% 200 גרם,אונטד גידה,TR,גבינה בייבי מוצרלה 2,גרמים,200.00,100 גרם,false,,19.90,0.0995,true,1,2075110
7290108509908,false,"מנת השף בשקית-איטריות בטעם ירקות 85 ג' חתם סופר ב""ב",וילי פוד - מנת השף,TH,מנת השף-אטריות להכנה,גרמים,85.00,100 גרם,false,,3.90,0.0459,true,1,2085667
7290108509915,false,"מנת השף בשקית-איטריות בטעם סיני פיקנטי 85 ג' חתם סופר ב""ב",וילי פוד - מנת השף,TH,מנת השף-אטריות להכנה,גרמים,85.00,100 גרם,false,,3.90,0.0459,true,1,2085668
7290108509922,false,"מנת השף בשקית-איטריות בטעם עוף 85 ג' חתם סופר ב""ב",וילי פוד - מנת השף,TH,מנת השף-אטריות להכנה,גרמים,85.00,100 גרם,false,,3.90,0.0459,true,1,2085669
7290108509939,false,פרוסות פילה טונה בשמן זית כתית מעולה,וילי פוד,,פרוסות פילה טונה 120,גרמים,120.00,100 גרם,false,,14.90,0.1242,true,1,2094382
7290108509953,false,פולי קפה 100% פולי ק,,,פולי קפה 100% פולי ק,גרמים,250.00,100 גרם,false,,14.90,0.0596,true,1,2134938
7290108509960,false,נתחי טונה בהירה בשמן זית כתית מעולה - מארז 3 יח',וילי פוד,,שלישיית נתחי טונה בה,גרמים,240.00,100 גרם,false,,14.90,0.0621,true,1,2094383
7290108509984,false,"רוטב סויה 300 מ""ל וילי פוד",,,"רוטב סויה 300 מ""ל",מיליליטרים,300.00,"100 מ""ל",false,,9.90,0.0330,true,1,2085670
7290108509991,false,"רוטב טריאקי 300 מ""ל וילי פוד",,,"רוטב טריאקי 300 מ""ל",מטרים,300.00,100 מ'ל,false,,9.90,0.0330,true,1,2085676
7290109060132,false,מגבת נייר ג'מבו ענק,,,מגבת נייר ג'מבו ענק,מטרים,63.50,מטר,false,,10.90,0.1717,true,1,1306490
7290109060293,false,ניירות אפיה נשלפים אחד אחד,פרפקט Perfect,,נייר אפייה 50 יח פרפ,יח',50.00,יח',false,,9.90,0.1980,true,1,1334546
7290109060378,false,מטליות רב שימושיות לכל סוגי המשטחים,פרפקט Perfect,,מטליות רב שימושיות 4,יח',40.00,יח',false,,19.90,0.4975,true,1,1338631
7290109060385,false,מטליות לחות לניקוי רצפות,פרפקט Perfect,,מטליות לחות לניקוי ר,יח',10.00,יח',false,,14.90,1.4900,true,1,1347209
7290109060392,false,מטליות רב שימושיות ת,פרפקט Perfect,,מטליות רב שימושיות ת,יח',9.00,יח',false,,8.90,0.9889,true,1,1348578
7290109060408,false,מטלית מיקרופייבר ריצ,,,מטלית מיקרופייבר ריצ,יחידה,0.00,יחידה,false,,9.90,0.0000,true,1,1342934
7290109060415,false,מטליות מיקרופייבר לרצפה,פרפקט Perfect,,מטליות מיקרופייבר לר,יח',3.00,יח',false,,19.90,6.6333,true,1,1342935
7290109060422,false,מטלית מיקרופייבר למשטחים,פרפקט Perfect,,מטלית מיקרופייבר לני,יחידה,0.00,יחידה,false,,8.90,0.0000,true,1,1342936
7290109060439,false,מטליות מיקרופייבר למשטחים,פרפקט Perfect,,מטליות מיקרופייבר לנ,יח',3.00,יח',false,,14.90,4.9667,true,1,1342937
7290109060446,false,מטלית מיקרופייבר למשטחים XL,פרפקט Perfect,,מטלית מיקרופייבר לני,יחידה,0.00,יחידה,false,,9.90,0.0000,true,1,1342938
7290109060453,false,ספוג הפלא 6 יח'-פרפק,פרפקט Perfect,,ספוג הפלא 6 יח'-פרפק,יח',6.00,יח',false,,8.90,1.4833,true,1,1364709
7290109060460,false,סחבה לבנה זיג זג 3 י,פרפקט Perfect,,סחבה לבנה זיג זג 3 י,יח',3.00,יח',false,,9.90,3.3000,true,1,1350217
7290109060613,false,מפיות לבן דו שכבתי 1,פרפקט Perfect,,מפיות לבן דו שכבתי 1,יח',180.00,יח',false,,7.90,0.0439,true,1,1357174
7290109060651,false,משטח מיקרופייבר לייבוש כלים,פרפקט Perfect,,משטח ייבוש כלים מיקר,יח',1.00,יח',false,,14.90,14.9000,true,1,1456595
7290109060699,false,כריות ברזל לקרצוף חזק,פרפקט Perfect,,כריות ברזל 3 יח'-פרפ,יח',3.00,יח',false,,8.90,2.9667,true,1,1473821
7290109060828,false,אטבי כביסה איכותיים בשלל צבעים,פרפקט Perfect,,9 אטבים מעוצבים-בשלל,יח',9.00,יח',false,,8.90,0.9889,true,1,1485238
7290109060835,false,אטבי כביסה גדולים וחזקים עם גומי- מארז 10 יח',פרפקט Perfect,,10 אטבים גדולים וחזק,יח',10.00,יח',false,,8.90,0.8900,true,1,1485239
7290109060842,false,אטבי כביסה איכותיים - מארז 10 יח',פרפקט Perfect,,10 אטבים מילניום הזר,יח',10.00,יח',false,,8.90,0.8900,true,1,1485240
7290109060873,false,מפיות אירוח בצבעים כהים,פרפקט Perfect,,מפיות אירוח 100 יח',יח',100.00,יח',false,,5.90,0.0590,true,1,1486233
7290109061054,false,מגבונים לחים לתינוק בניחוח עדין- מארז רביעיה,פרפקט Perfect,,רביעיית מגבונים בביש,יח',288.00,יח',false,,14.90,0.0517,true,1,1585015
7290109061061,false,מגבונים לחים לתינוק ללא בישום- מארז רביעיה,פרפקט Perfect,,רביעיית מגבונים ללא,יח',288.00,יח',false,,14.90,0.0517,true,1,1585016
7290109061405,false,"כוסות לשתיה חמה 250 מ""ל+ מכסים - מארז 16 יח'",פרפקט Perfect,,כוסות נייר+מכסים 16,יח',16.00,יח',false,,12.90,0.8063,true,1,1899649
7290109061450,false,צמרוני אוזניים עם שסתום ביטחון לתינוקות,פרפקט Perfect,,צימרוני אוזניים שסתו,יח',55.00,יח',false,,3.90,0.0709,true,1,1959924
7290109061474,false,זוג צמר גפן פרפקט,פרפקט Perfect,,זוג צמר גפן פרפקט,גרמים,200.00,100 גרם,false,,9.90,0.0495,true,1,1959926
7290109061535,false,שקיות אשפה ענקיות עם ידית 90*75 עבות וחזקות,פרפקט Perfect,,שקיות אשפה ענקיות,יח',25.00,יח',false,,12.90,0.5160,true,1,1939162
7290109061542,false,"שקיות גופיה גדולות 60*50 ס""מ עם ידיות - 50 במארז",פרפקט Perfect,,שקיות גופיה פרפ,יח',50.00,יח',false,,4.90,0.0980,true,1,1954281
7290109061566,false,סט 3 מגבות מטבח משובצות בצבע לבחירה,SK home fashion,,סט 3 מגבות מטבח משוב,מארז,1.00,מארז,false,,14.90,14.9000,true,1,1988574
7290109061863,false,צלחות עבות במיוחד 66,פרפקט Perfect,,צלחות עבות במיוחד 66,יח',66.00,יח',false,,39.90,0.6045,true,1,2009111
7290109062068,false,שמיכת פוך יחיד 200*150,SK home fashion,,שמיכת פוך יחיד 200*1,יחידה,0.00,יחידה,false,,179.90,0.0000,true,1,2036511
7290109062105,false,נוזל לניקוי רצפות בנ,,,נוזל לניקוי רצפות בנ,ליטרים,2.00,ליטר,false,,9.90,4.9500,true,1,2043279
7290109062112,false,נוזל לניקוי רצפות בנ,,,נוזל לניקוי רצפות בנ,ליטרים,2.00,ליטר,false,,9.90,4.9500,true,1,2043280
7290109062129,false,סל קניה כחול,,,סל קניה כחול,יחידה,0.00,יחידה,false,,5.00,0.0000,true,1,2058456
7290109062204,false,"כרית שינה פרימיום 70*50 ס""מ",SK home fashion,,כרית שינה פרימיום 70,יחידה,0.00,יחידה,false,,59.90,0.0000,true,1,2087973
7290109062235,false,מפת שולחן דמוי פשתן,,,מפת שולחן דמוי פשתן,יחידה,0.00,יחידה,false,,39.90,0.0000,true,1,2085488
7290109062372,false,תיק צידנית 35 ליטר ח,חצי חינם,,תיק צידנית 35 ליטר ח,יחידה,0.00,יחידה,false,,59.90,0.0000,true,1,2087965
7290109062396,false,"כרית ויסקו ממורי במידות 40/60/12 ס""מ",SK home fashion,,כרית ויסקו ממורי 40/,יחידה,0.00,יחידה,false,,89.90,0.0000,true,1,2093636
7290109062464,false,שמן זית כתית מעולה אוליבה,אוליבה Oliva,,שמן זית כתית מעולה א,מיליליטרים,750.00,"100 מ""ל",false,,32.90,0.0439,true,1,2101927
7290109062471,false,"שטיחון אמבט במידות ס""מ 50*70 -גוון לפי בחירה",SK home fashion,,שטיחון אמבט SK 50*70,יחידה,0.00,יחידה,false,,19.90,0.0000,true,1,2100396
7290109062488,false,סט 3 קולבים עץ טבעי,SK home fashion,,סט 3 קולבים עץ טבעי,יחידה,0.00,יחידה,false,,19.90,0.0000,true,1,2107111
7290109062518,false,סט קולבי קטיפה - 5 יחידות,SK home fashion,,סט 5 קולבים קטיפה,יחידה,0.00,יחידה,false,,14.90,0.0000,true,1,2107114
7290109062549,false,"שטיחון כניסה לבית 75*45 ס""מ SK",SK home fashion,,שטיחון כניסה לבית 75,יחידה,0.00,יחידה,false,,59.90,0.0000,true,1,2105462
7290109062556,false,"סט 2 מגבות מטבח פרימיום פסים 60*40 ס""מ",SK home fashion,,סט 2 מגבות מטבח פרימ,מארז,1.00,מארז,false,,24.90,24.9000,true,1,2113896
7290109062563,false,"שמיכת מיקרו פלנל פסים 180*130 ס""מ - בצבע לבחירה",SK home fashion,,שמיכת מיקרו פלנל פסי,יחידה,0.00,יחידה,false,,79.90,0.0000,true,1,2115424
7290109062587,false,סל קניה כחול בד,,,סל קניה כחול בד,יחידה,0.00,יחידה,false,,5.00,0.0000,true,1,2118452
7290109062594,false,"שטיחון אמבטיה פופקורן 70*50 ס""מ בצבע לבחירה",SK home fashion,,שטיחון אמבטיה 70*50,יחידה,0.00,יחידה,false,,49.90,0.0000,true,1,2122354
7290109062600,false,"שטיח נורדי 60/120 ס""",,,"שטיח נורדי 60/120 ס""",יחידה,0.00,יחידה,false,,79.90,0.0000,true,1,2122355
7290109062624,false,מגבת פנים 90*50 פרמיום כותנה סרוקה,SK home fashion,,מגבת פנים 90*50 פרמי,יחידה,0.00,יחידה,false,,19.90,0.0000,true,1,2122341
7290109062648,false,מגבת רחצה ענקית 140*90 פרמיום כותנה סרוקה,SK home fashion,,מגבת רחצה ענקית 140*,יחידה,0.00,יחידה,false,,49.90,0.0000,true,1,2122343
7290109062655,false,טורטייה בתוספת קמח כ,,,טורטייה בתוספת קמח כ,גרמים,360.00,100 גרם,false,,9.90,0.0275,true,1,2146140
7290109062662,false,"מנגל גדול מנירוסטה 30*77 ס""מ + רגליים",בסט BEST,,מנגל ענק מנירוסטה +ר,יח',1.00,יח',false,,119.00,119.0000,true,1,2136369
7290109134826,false,פורס ביצים,,,פורס ביצים,יחידה,0.00,יחידה,false,,29.90,0.0000,true,1,2027458
7290109139586,false,מלקחיים להגשה נירוסט,,,מלקחיים להגשה נירוסט,יחידה,0.00,יחידה,false,,14.90,0.0000,true,1,2059315
7290109351025,false,מלך החומוס חומוסטחינה 40% טחינה גולמית,לחמנו,IL,חומוסטחינה מלך החומו,גרמים,400.00,100 גרם,false,,11.90,0.0298,true,1,1284152
7290109351957,false,פריכיות פיטנס מיני גדולות שוקולד חלב 100ג',סנורייס בלגיום אן. ו,BE,פירכיות גדולות שוקול,גרמים,100.00,100 גרם,false,,7.90,0.0790,true,1,1352470
7290109351971,false,פריכיות דגנים פיטנס מצופות שוקולד חלב,פרח תעשיות,IL,פירכיות פיטנס שוקולד,גרמים,84.00,100 גרם,false,,11.90,0.1417,true,1,1336030
7290109352916,false,פריכיות דגנים פיטנס מצופות שוקולד לבן,פרח תעשיות,IL,פירכיות פיטנס שוקולד,גרמים,84.00,100 גרם,false,,11.90,0.1417,true,1,1336031
7290109353494,false,פסטה פרפקטו פארפאלה 500ג' אסם,אסם פרפקטו Perfecto,IT,פסטה פרפקטו פאפאלה 5,גרמים,500.00,100 גרם,false,,6.90,0.0138,true,1,1344400
7290109358260,false,טבעול נקניקיות עם חלבון 6*600גרם,עיצובים 2020 (4.8),IL,נקניקיות עם חלבון טב,גרמים,600.00,100 גרם,false,,29.90,0.0498,true,1,1473025
7290109358284,false,טבעול שניצל תירס עם חלבון 6*664גרם,עיצובים 2020 (4.8),IL,שניצל תירס עם חלבון,גרמים,664.00,100 גרם,false,,29.90,0.0450,true,1,1473015
7290109358765,false,דגני בוקר קראנץ' רולס נוגט 450 גרם,"אסם תעשיות בע""מ",IL,דגני בוקר קראנץ' רול,גרמים,450.00,100 גרם,false,,23.90,0.0531,true,1,1408173
7290109580043,false,"שניצל תירס קלאסי זוגלובק 1.75 ק""ג",זוגלובק,IL,"שניצל תירס 1.750 ק""ג",קילוגרמים,1.75,"ק""ג",false,,49.90,28.5143,true,1,2045558
7290109580050,false,נקניקיות צ'וריסוס וונדרס 0% בשר טבעוני ללא גלוטן,זוגלובק וונדרס Wonders,IL,נקניקיות 226 ג' Won,גרמים,226.00,100 גרם,false,,34.90,0.1544,true,1,2066550
7290109580067,false,"טחון וונדרס 0% בשר , טבעוני",זוגלובק וונדרס Wonders,IL,טחון 340 ג' Wonders,גרמים,340.00,100 גרם,false,,34.90,0.1026,true,1,2066551
7290109580104,false,רוסביף פרימיום 150 גרם זוגלובק,זוגלובק,IL,רוסטביף זוגלובק פרימ,גרמים,150.00,100 גרם,false,,24.90,0.1660,true,1,2053554
7290109580135,false,קורנדביף פרימיום 180 גרם זוגלובק,זוגלובק,IL,קורנדביף זוגלובק פרי,גרמים,180.00,100 גרם,false,,24.90,0.1383,true,1,2053556
7290109580166,false,סרוולד קלאסי פרימיום 150 גרם זוגלובק,זוגלובק,IL,סרוולד קלאסי זוגלובק,גרמים,150.00,100 גרם,false,,24.90,0.1660,true,1,2053558
7290109580234,false,"נקניקיות מרגז חריפות וונדרס 0% בשר, טבעוני",זוגלובק וונדרס Wonders,IL,נקניקיות מרגז 226ג',גרמים,226.00,100 גרם,false,,34.90,0.1544,true,1,2100463
7290109580241,false,נאגטס מן הצומח זוגלובק 500 גרם,זוגלובק טבע,IL,נאגטס מן הצומח 500 ג,גרמים,500.00,100 גרם,false,,24.90,0.0498,true,1,2122467
7290109580319,false,"בורגר וונדרס 0% בשר , טבעוני",זוגלובק וונדרס Wonders,IL,בורגר 280ג' WONDERS,גרמים,280.00,100 גרם,false,,34.90,0.1246,true,1,2100464
7290109580432,false,פסטרמה חזה הודו מעושן 120 גר' זוגלובק,זוגלובק,IL,פסטרמה הודו 120 גרם,גרמים,120.00,100 גרם,false,,11.90,0.0992,true,1,2124074
7290109640648,false,ממרח בטעם חמאה 150 גר' משומשו,"טרופיקל דגיל בע""מ אז",IL,ממרח בטעם חמאה,גרמים,150.00,100 גרם,false,,9.90,0.0660,true,1,2073150
7290109920146,false,"דורגול מסיר אבנית מקומקומים 750 מ""ל",יעקובי דורגול,,דורגול מסיר אבנית מק,מיליליטרים,750.00,"100 מ""ל",false,,18.90,0.0252,true,1,2105677
7290109920313,false,"אסטוניש מרסס לניקוי חלונות 750 מ""ל",יעקבי- אסטוניש Astonish,GB,אסטוניש מרסס מבריק ש,מיליליטרים,750.00,"100 מ""ל",false,,11.90,0.0159,true,1,1630542
7290109920597,false,"אסטוניש - מרסס לניקוי המקלחון 750 מ""ל",יעקבי- אסטוניש Astonish,GB,אסטוניש מרסס למקלחון,מיליליטרים,750.00,"100 מ""ל",false,,11.90,0.0159,true,1,1630545
7290109920627,false,"אסטוניש קרם ואקונומיקה לניקוי אמבטיות 500 מ""ל",יעקובי אסטוניש,GB,אסטוניש קרם אמבט אקו,יחידה,0.00,יחידה,false,,11.90,0.0000,true,1,1630547
7290109920665,false,"אסטוניש - מרסס מסיר אוכל שרוף במטבח 750 מ""ל",יעקבי- אסטוניש Astonish,GB,אסטוניש מרסס מסיר או,מיליליטרים,750.00,"100 מ""ל",false,,11.90,0.0159,true,1,1630549
7290109920832,false,"נ.ניקוי דורגול לניקוי מקציף חלב 500 מ""ל",יעקובי דורגול,CH,דורגול לניקוי מקציף,מיליליטרים,500.00,"100 מ""ל",false,,29.90,0.0598,true,1,1841360
7290109920849,false,"אסטוניש - מרסס לניקוי כללי בניחוח תפוז 750 מ""ל",יעקבי- אסטוניש Astonish,GB,אסטוניש מרסס תפוז לנ,מיליליטרים,750.00,"100 מ""ל",false,,11.90,0.0159,true,1,1630550
7290109921303,false,טורבול סופג לחות 2 מגשיות,יעקובי,SE,סופג לחות 2 מגשיות,יחידה,0.00,יחידה,false,,24.90,0.0000,true,1,2035344
7290109921334,false,אידאל דפי כביסה 15 יח' יעקבי,יעקובי,ES,15 דפי כביסה,יח',15.00,יח',false,,12.90,0.8600,true,1,1874598
7290109921686,false,מטליות לחות פוליבוי לניקוי רהיטים 24 יח',יעקובי,DE,מטליות עם חומר לניקו,יחידה,0.00,יחידה,false,,9.90,0.0000,true,1,2035332
7290109921853,false,אסטוניש המשחה המקורית לניקוי עם עוצמה,יעקבי- אסטוניש Astonish,GB,אסטוניש משחת פרימיום,גרמים,150.00,100 גרם,false,,17.90,0.1193,true,1,2041871
7290109921952,false,גל כביסה סופר אקלור ירוק 2.5 ליטר,וונדפוט,IL,ג'ל כביסה מסיר כתמים,ליטרים,2.50,ליטר,false,,24.90,9.9600,true,1,2058193
7290109921969,false,גל כביסה צבע סופרו כחול 2.5 ליטר,וונדפוט,IL,ג'ל הפי לכביסה,ליטרים,2.50,ליטר,false,,24.90,9.9600,true,1,2058194
7290109921976,false,גל כביסה תינוק סופר לבן 2.5 ליטר,וונדפוט,IL,ג'ל כביסה לתינוקות,ליטרים,2.50,ליטר,false,,24.90,9.9600,true,1,2058195
7290109923024,false,"אסטוניש - מרסס פרמיום ארומטיק למטבח 750 מ""ל",יעקובי אסטוניש,GB,אסטוניש מרסס פרמיום,מיליליטרים,750.00,"100 מ""ל",false,,14.90,0.0199,true,1,2116368
7290109923147,false,אסטוניש מהדורה פרימיום פלא של אקונומיקה,יעקבי- אסטוניש Astonish,GB,אסטוניש מרסס פרמיום,מיליליטרים,750.00,"100 מ""ל",false,,14.90,0.0199,true,1,2134545
7290110000493,false,חמאת בוטנים טבעית קראנצ'י 350 גר',"בטר אנד דיפרנט בע""מ",IL,חמאת בוטנים טבעית עם,גרמים,350.00,100 גרם,false,,12.90,0.0369,true,1,1939231
7290110110277,false,"סומרסבי סיידר תפוחים אלכוהולי 4*300 מ""ל","קרלסברג קרואטיה , יב",IL,רביעיית סומרסבי סייד,ליטרים,1.32,ליטר,false,,30.90,23.4091,true,1,1690043
7290110110369,false,שישיית בירה קרלסברג LUMA בקבוק 330 מל,מבשלות בירה בינלאומי,IL,שישיית בירה קרלסברג,ליטרים,1.98,ליטר,false,,36.90,18.6364,true,1,2023319
7290110110635,false,ספרייט 0.5 ליים חייב פקדון,החברה המרכזית לייצור,IL,"ספרייט 500 מ""ל",מיליליטרים,500.00,"100 מ""ל",false,,6.90,0.0138,true,1,1646748
7290110110659,false,"ספרייט לימון ליים פחית 330מ""ל",החברה המרכזית לייצור,IL,"ספרייט פחית 330 מ""ל",מיליליטרים,330.00,"100 מ""ל",false,,4.50,0.0136,true,1,1646749
7290110113605,false,בירה שקמה אי פי איי,מבשלות בירה בינלאומי,IL,בירה שקמה IPA בקבוק,מיליליטרים,330.00,"100 מ""ל",false,,12.90,0.0391,true,1,2134303
7290110114787,false,נביעות + תפוח 1.5 ליטר פיקדון,נביעות טבע הגליל בעמ,IL,נביעות בטעמים 1.5 לי,ליטרים,1.50,ליטר,false,,8.90,5.9333,true,1,2098683
7290110114794,false,נביעות + אפרסק 1.5 ליטר פיקדון,"נביעות טבע הגליל בע""",IL,נביעות בטעמים 1.5 לי,ליטרים,1.50,ליטר,false,,8.90,5.9333,true,1,2098684
7290110114800,false,נביעות פלוס בטעם ענבים 1.5 ליטר-,פארייפאבה אגרואינדוס,IL,נביעות בטעמים 1.5 לי,ליטרים,1.50,ליטר,false,,8.90,5.9333,true,1,2098685
7290110114824,false,נביעות+רכיבי פרי אבטיח 1.5 ליטר פיקדון,"נביעות טבע הגליל בע""",IL,נביעות + פרי אבטיח 1,ליטרים,1.50,ליטר,false,,9.90,6.6000,true,1,2098698
7290110114855,false,"נביעות מים מינרליים, שישיה 6 * 1.5 ליטר פקדון",נביעות טבע הגליל בעמ,IL,נביעות שישייה מים 1.,ליטרים,9.00,ליטר,false,,12.90,1.4333,true,1,2098946
7290110114954,false,מיץ תפוזים מתקתקים 100% 2 ל' פריגת,פריגת מצוננים,IL,מיץ תפוזים מתקתק 100,ליטרים,2.00,ליטר,false,,21.90,10.9500,true,1,2098967
7290110114961,false,מיץ בטעם תפוזים 1.5ל' פריגת,מבשלות בירה בינלאומי,IL,פריגת תפוזים 1.5 ליט,ליטרים,1.50,ליטר,false,,8.90,5.9333,true,1,2098973
7290110114985,false,פריגת אשכולית 1.5 ליטר פיקדון,מבשלות בירה בינלאומי,IL,פריגת אשכוליות 1.5 ל,ליטרים,1.50,ליטר,false,,8.90,5.9333,true,1,2098975
7290110114992,false,פריגת light אשכולית 1.5 ליטר פיקדון,מבשלות בירה בינלאומי,IL,פריגת אשכוליות דיאט,ליטרים,1.50,ליטר,false,,8.90,5.9333,true,1,2098981
7290110115005,false,פריגת ענבים 1.5 ליטר פיקדון,מבשלות בירה בינלאומי,IL,פריגת ענבים 1.5 ליטר,ליטרים,1.50,ליטר,false,,8.90,5.9333,true,1,2098992
7290110115029,false,"פריגת משק""ל תפוח 1.5 ליטר פיקדון",מבשלות בירה בינלאומי,IL,פריגת תפוחים 1.5 ליט,ליטרים,1.50,ליטר,false,,8.90,5.9333,true,1,2098994
7290110115036,false,פריגת מנגו 1.5 ליטר פיקדון,מבשלות בירה בינלאומי,IL,פריגת מנגו 1.5 ליטר,ליטרים,1.50,ליטר,false,,8.90,5.9333,true,1,2099001
7290110115043,false,פריגת לימונענע 1.5 ליטר פיקדון,מבשלות בירה בינלאומי,IL,פריגת לימונענע 1.5 ל,ליטרים,1.50,ליטר,false,,8.90,5.9333,true,1,2099002
7290110115050,false,פריגת מיקס תות בננה 1.5 ליטר פיקדון,מבשלות בירה בינלאומי,IL,פריגת תות בננה 1.5 ל,ליטרים,1.50,ליטר,false,,8.90,5.9333,true,1,2099008
7290110115081,false,פריגת צלול ענבים 1.5 ליטר פיקדון,מבשלות בירה לישראל ב,IL,פריגת צלול ענבים 1.5,ליטרים,1.50,ליטר,false,,8.90,5.9333,true,1,2099053
7290110115104,false,פריגת צלול אפרסק 1.5 ליטר פיקדון,מבשלות בירה בינלאומי,IL,פריגת צלול אפרסק 1.5,ליטרים,1.50,ליטר,false,,8.90,5.9333,true,1,2099066
7290110115111,false,פריגת צלול אננס 1.5 ליטר פיקדון,מבשלות בירה לישראל ב,IL,פריגת צלול אננס 1.5,ליטרים,1.50,ליטר,false,,8.90,5.9333,true,1,2099067
7290110115128,false,פריגת צלול בטעם לימונענע 1.5 ליטר פיקדון,מבשלות בירה לישראל ב,IL,פריגת צלול לימונענע,ליטרים,1.50,ליטר,false,,8.90,5.9333,true,1,2099073
7290110115203,false,קוקה קולה 1.5 ליטר פיקדון,קוקה קולה Coca Cola,IL,קוקה קולה 1.5 ליטר,ליטרים,1.50,ליטר,false,,8.60,5.7333,true,1,2099089
7290110115210,false,דיאט קוקה קולה 1.5 ליטר פיקדון,קוקה קולה Coca Cola,IL,דיאט קוקה קולה 1.5 ל,ליטרים,1.50,ליטר,false,,8.60,5.7333,true,1,2099090
7290110115227,false,קוקה קולה זירו 1.5 ליטר -,קוקה קולה Coca Cola,IL,קולה זירו 1.5 ליטר,ליטרים,1.50,ליטר,false,,8.60,5.7333,true,1,2099091
7290110115234,false,קוקה קולה זירו נטול 1.5 ליטר -,החברה המרכזית לייצור,IL,קולה זירו נטול 1.5לי,ליטרים,1.50,ליטר,false,,8.60,5.7333,true,1,2099099
7290110115241,false,קוקה קולה זירו לימון 1.5 ליטר -,החברה המרכזית לייצור,IL,קולה זירו לימון 1.5ל,ליטרים,1.50,ליטר,false,,8.60,5.7333,true,1,2099100
7290110115258,false,קוקה קולה זירו מנגו 1.5 ליטר -,החברה המרכזית לייצור,IL,קוקה זירו בטעם מנגו,ליטרים,1.50,ליטר,false,,8.60,5.7333,true,1,2099101
7290110115265,false,ספרייט לימון ליים 1.5 ליטר-,החברה המרכזית לייצור,IL,ספרייט 1.5 ליטר,ליטרים,1.50,ליטר,false,,8.50,5.6667,true,1,2099102
7290110115272,false,ZERO ספרייט 1.5 ליטר פיקדון,החברה המרכזית לייצור,IL,ZERO ספרייט 1.5 ליטר,ליטרים,1.50,ליטר,false,,8.50,5.6667,true,1,2100794
7290110115289,false,ספרייט 19 קל' לימון-נענע 1.5 ליטר פיקדון,החברה המרכזית לייצור,IL,ספרייט 1.5 ליטר לימו,ליטרים,1.50,ליטר,false,,8.50,5.6667,true,1,2099139
7290110115296,false,פאנטה אורנג' 1.5 ליטר פיקדון,החברה המרכזית לייצור,IL,פאנטה אורנג' 1.5 ליט,ליטרים,1.50,ליטר,false,,8.80,5.8667,true,1,2099147
7290110115302,false,פאנטה ZERO אורנג' 1.5 ליטר פיקדון,החברה המרכזית לייצור,IL,פאנטה זירו אורנג' 1.,ליטרים,1.50,ליטר,false,,8.80,5.8667,true,1,2099148
7290110115319,false,פאנטה אקזוטיק 1.5 ליטר פיקדון,החברה המרכזית לייצור,IL,פאנטה אקזוטי 1.5 ליט,ליטרים,1.50,ליטר,false,,8.80,5.8667,true,1,2099149
7290110115326,false,פאנטה אורנג' מנגו 1.5 ליטר פיקדון,החברה המרכזית לייצור,IL,פאנטה אורנג-מנגו 1.5,ליטרים,1.50,ליטר,false,,8.80,5.8667,true,1,2099156
7290110115333,false,פאנטה תות 1.5 ליטר פיקדון,החברה המרכזית לייצור,IL,פאנטה תות 1.5 ליטר,ליטרים,1.50,ליטר,false,,8.80,5.8667,true,1,2099157
7290110115340,false,פאנטה ענבים 1.5 ליטר פיקדון,קוקה קולה,IL,פאנטה ענבים 1.5 ליטר,ליטרים,1.50,ליטר,false,,8.80,5.8667,true,1,2099158
7290110115357,false,קינלי סודה 1.5 ליטר פיקדון,קינלי Kinley,IL,סודה קינלי 1.5ליטר,ליטרים,1.50,ליטר,false,,3.80,2.5333,true,1,2099216
7290110115364,false,שישייה קוקה קולה 1.5 ליטר פיקדון,החברה המרכזית לייצור,IL,קוקה קולה שישייה 1.5,ליטרים,9.00,ליטר,false,,49.90,5.5444,true,1,2099103
7290110115371,false,דיאט קוקה קולה שישיות 1.5 ליטר פיקדון,החברה המרכזית לייצור,IL,קוקה קולה דיאט שישיי,ליטרים,9.00,ליטר,false,,46.50,5.1667,true,1,2099104
7290110115388,false,ספרייט ליים שישיות 1.5 ליטר פיקדון,החברה המרכזית לייצור,IL,ספרייט שישייה 1.5 לי,ליטרים,9.00,ליטר,false,,49.90,5.5444,true,1,2099140
7290110115395,false,ZERO ספרייט שישיות 1.5 ליטר פיקדון,החברה המרכזית לייצור,IL,שישיית ZERO ספרייט 1,ליטרים,9.00,ליטר,false,,46.50,5.1667,true,1,2099141
7290110115401,false,קינלי סודה שישייה 1.5 ליטר פיקדון,החברה המרכזית לייצור,IL,שישיית סודה קינלי 1.,ליטרים,9.00,ליטר,false,,14.90,1.6556,true,1,2099217
7290110115418,false,מארז שישייה קוקה קולה זירו 1.5 ל',החברה המרכזית לייצור,IL,ZERO קולה שישייה 1.5,ליטרים,9.00,ליטר,false,,46.50,5.1667,true,1,2099105
7290110115425,false,FUZE TEA גרין לימונענע -נענע 1.5 ליטר פיקדון,מבשלות בירה בינלאומי,IL,FUZE-T לימון נענע 1.,ליטרים,1.50,ליטר,false,,8.90,5.9333,true,1,2099218
7290110115449,false,אייס תה בטעם מנגו אננס 1.5ל' FUZE TEA,מבשלות בירה בינלאומי,IL,FUZE-T מנגו אננס 1.5,ליטרים,1.50,ליטר,false,,8.90,5.9333,true,1,2099225
7290110115456,false,"תה קר בטעם אפרסק 19 קלוריות ב- 100 מ""ל",מבשלות בירה בינלאומי,IL,FUZE-T אפרסק 1.5 ליט,ליטרים,1.50,ליטר,false,,8.90,5.9333,true,1,2099226
7290110115463,false,פיוז טי אפרסק 1.5 ליטר פיקדון,מבשלות בירה בינלאומי,IL,FUZE-T אפרסק 1.5 ליט,ליטרים,1.50,ליטר,false,,8.90,5.9333,true,1,2099232
7290110115494,false,אייס תה בטעם ענבים 1.5ל' FUZE TEA,מבשלות בירה בינלאומי,IL,FUZE-T ענבים 1.5 ליט,ליטרים,1.50,ליטר,false,,8.90,5.9333,true,1,2099235
7290110115531,false,פאנטה אורנג' זירו תפוח 1.5 ליטר-,החברה המרכזית לייצור,IL,פאנטה זירו בטעם תפוח,ליטרים,1.50,ליטר,false,,8.80,5.8667,true,1,2099150
7290110115616,false,FUZE tea zero גרין אננס 1.5 ליטר פיקדון,מבשלות בירה בינלאומי,IL,FUZE-T זירו גרין אננ,ליטרים,1.50,ליטר,false,,8.90,5.9333,true,1,2103902
7290110115623,false,משקה פיוז טי זירו ZERO בטעם אפרסק,מבשלות בירה בינלאומי,IL,FUZE-T זירו אפרסק 1.,ליטרים,1.50,ליטר,false,,8.90,5.9333,true,1,2103903
7290110116132,false,סירופ בטעם לימון 750 מל פריגת,סירופ - גבעת חיים,IL,"סירופ לימון 750 מ""ל",מיליליטרים,750.00,"100 מ""ל",false,,24.90,0.0332,true,1,2148297
7290110116149,false,סירופ בטעם ענבים 750 מל פריגת,סירופ - גבעת חיים,IL,"סירופ ענבים 750 מ""ל",מיליליטרים,750.00,"100 מ""ל",false,,24.90,0.0332,true,1,2148298
7290110116156,false,נביעות+רכיבי פרי מנגו-פסיפלורה 1.5 ליטר-,נביעות,IL,נביעות+רכיבי פרי מנג,ליטרים,1.50,ליטר,false,,8.90,5.9333,true,1,2149745
7290110116170,false,נביעות+רכיבי פרי אננס-קוקוס 1.5 ליטר-,נביעות,IL,נביעות+רכיבי פרי קוק,ליטרים,1.50,ליטר,false,,8.60,5.7333,true,1,2149828
7290110116194,false,נביעות+ סדרת 0 קלוריות לימון-ליים 1.5 לי,"נביעות טבע הגליל בע""",IL,נביעות + לימון ליים,ליטרים,1.50,ליטר,false,,9.90,6.6000,true,1,2144113
7290110116200,false,מים 0 קלוריות בטעם לימון-ליים 0.5 ל נביעות,"נביעות טבע הגליל בע""",TW,בקבוק נביעות+ לימון,מיליליטרים,500.00,"100 מ""ל",false,,6.50,0.0130,true,1,2144114
7290110116217,false,נביעות+ סדרת 0 קלוריות אשכוליות 1.5 ליטר,"נביעות טבע הגליל בע""",IL,נביעות + אשכוליות 1.,ליטרים,1.50,ליטר,false,,9.90,6.6000,true,1,2144115
7290110116224,false,נביעות 0 קלוריות בטעם אשכולית 0.5 ליטר,"נביעות טבע הגליל בע""",TW,בקבוק נביעות+ אשכולי,מיליליטרים,500.00,"100 מ""ל",false,,6.50,0.0130,true,1,2144116
7290110116316,false,שישיית קוקה קולה 1.5 ליטר חג שמח-,החברה המרכזית קולה,IL,קוקה קולה שישייה 1.5,ליטרים,9.00,ליטר,false,,49.90,5.5444,true,1,2120152
7290110116323,false,שישיית קוקה קולה זירו 1.5 ליטר חג שמח-,החברה המרכזית קולה,IL,ZERO קולה שישייה 1.5,ליטרים,9.00,ליטר,false,,46.50,5.1667,true,1,2120153
7290110116514,false,"פריגת מיקס תות בננה 400 מ""ל",פריגת,IL,פריגת מיקס תות,מיליליטרים,400.00,"100 מ""ל",false,,9.90,0.0248,true,1,2151839
7290110116521,false,"פריגת מיקס אפרסק ומשמש 400 מ""ל",פריגת,IL,פריגת מיקס,ליטרים,400.00,100 ליטר,false,,9.90,0.0248,true,1,2151840
7290110116552,false,ספרייט לימון היט 1.5 ליטר LIME פיקדון,החברה המרכזית לייצור,IL,ספרייט 1.5 ליטר LEMO,ליטרים,1.50,ליטר,false,,8.50,5.6667,true,1,2148339
7290110116569,false,"ספרייט זירו ZERO בק LEMON HIT, 1.5 ליטר",החברה המרכזית לייצור,IL,ספרייט זירו 1.5 ליטר,ליטרים,1.50,ליטר,false,,8.50,5.6667,true,1,2147939
7290110320591,false,פיראוס בולגרית מעודנת 16% 250 גר,תנובה חלב,IL,בולגרית 16% פיראוס ב,גרמים,250.00,100 גרם,false,,21.90,0.0876,true,1,1437647
7290110320850,false,פתיתים גבינה חצי קשה מגורדת 28% שומן,תנובה מרכז שיתופי לש,IL,פתיתי עמק למאפים 200,גרמים,200.00,100 גרם,false,,14.90,0.0745,true,1,1569805
7290110320867,false,פתיתים גבינה חצי קשה מגורדת 28% שומן,תנובה מרכז שיתופי לש,IL,פתיתי עמק למאפים 28%,גרמים,500.00,100 גרם,false,,32.90,0.0658,true,1,1554152
7290110321031,false,מעדן חלב GO יוגורט מועשר בחלבון טבעי 200 ג' יופלה,"תנובה, מחלבת אלון תב",IL,יוגורט יופלה GO,גרמים,200.00,100 גרם,false,,4.90,0.0245,true,1,1554153
7290110321277,false,קוטג' בקטנה % 5 100 ג' תנובה,פארייפאבה אגרואינדוס,IL,קוטג' 5% בקטנה 100 ג,גרמים,100.00,100 גרם,false,,2.90,0.0290,true,1,1586052
7290110321284,false,קוטג' בקטנה 9% 100 ג' תנובה,פארייפאבה אגרואינדוס,IL,קוטג' 9% בקטנה מהדרי,גרמים,100.00,100 גרם,false,,2.90,0.0290,true,1,1586053
7290110321604,false,קוביות פיראוס בולגרית מעודנת 5% 200 גרם - רבנות,תנובה חלב,IL,קוביות בולגרית 5% פי,גרמים,200.00,100 גרם,false,,19.90,0.0995,true,1,1717147
7290110321680,false,יוגורט GO בטעם תות 20 גרם חלבון בגביע,מיוצר עי קונדיטוריית,IL,יוגורט יופלה GO תות,גרמים,200.00,100 גרם,false,,5.40,0.0270,true,1,1643851
7290110321697,false,יוגורט GO בטעם אפרסק 20 גרם חלבון בגביע,מיוצר עי קונדיטוריית,IL,יוגורט יופלה GO אפרס,גרמים,200.00,100 גרם,false,,5.40,0.0270,true,1,1643852
7290110321703,false,יוגורט GO בטעם פירות יער 20 גרם חלבון בגביע,מיוצר עי קונדיטוריית,IL,יוגורט יופלה GO פירו,גרמים,200.00,100 גרם,false,,5.40,0.0270,true,1,1696391
7290110321789,false,גבינה מסקרפונה 38% השף הלבן 250 גר,תנובה חלב,IL,גבינת מסקרפונה 38% 2,גרמים,250.00,100 גרם,false,,19.90,0.0796,true,1,1661197
7290110322014,false,טופו בטעם טבעי תנובה ALTERNATIVE,שוורצקוף& הנקל דיסלד,IL,טופו טבעי 300 גרם תנ,גרמים,300.00,100 גרם,false,,12.90,0.0430,true,1,1696392
7290110322038,false,טופו פיקנטי תנובה ALTERNATIVE,שוורצקוף& הנקל דיסלד,IL,טופו פיקנטי 300 גרם,גרמים,300.00,100 גרם,false,,12.90,0.0430,true,1,1696394
7290110322946,false,יופלה טיוב יוגורט במרקם חלק בטעם תות בננה כשרות רבנות 348 ג',תנובה חלב,IL,מארז 6 יופלה טיוב תו,גרמים,348.00,100 גרם,false,,11.90,0.0342,true,1,1788505
7290110323073,false,"משקה יוגורט יופלה גו תות פטל 250 מ""ל - רבנות",מיוצר עי קונדיטוריית,IL,משקה יוגורט מועשר בח,מיליליטרים,236.00,"100 מ""ל",false,,5.90,0.0250,true,1,1764853
7290110323585,false,יופלה יוגורט עם דובדבן מופחת קלוריות 200 ג' GO,יופלה Yoplait,IL,יוגורט יופלה GO דובד,גרמים,200.00,100 גרם,false,,5.40,0.0270,true,1,1829839
7290110323592,false,יופלה יוגורט עם אפרסק מופחת קלוריות 200 ג' GO,יופלה Yoplait,IL,יוגורט יופלה GO אפרס,גרמים,200.00,100 גרם,false,,5.40,0.0270,true,1,1829840
7290110323714,false,משקה קוקוס שקדים תנובה E אלטרנטיב,מיוצר עי קונדיטוריית,IL,משקה קוקוס שקדים 1 ל,ליטרים,1.00,ליטר,false,,11.90,11.9000,true,1,1870894
7290110324070,false,גבינת חלומי מחלב בקר 22%שומן 200גר,"תנובה בע""מ",IL,גבינת חלומי מחלב בקר,גרמים,200.00,100 גרם,false,,16.90,0.0845,true,1,1880003
7290110324353,false,יוגורט GO לייט בטעם אננס 20 גרם חלבון בגביע,מיוצר עי קונדיטוריית,IL,יוגורט יופלה GO לייט,גרמים,200.00,100 גרם,false,,5.40,0.0270,true,1,1959883
7290110324551,false,יופלה טיוב יוגורט במרקם חלק בטעם תות 348 ג',תנובה חלב,IL,מארז 6 יופלה טיוב תו,גרמים,348.00,100 גרם,false,,11.90,0.0342,true,1,1927421
7290110324711,false,"ממרח סויה בסגנון גבינה טעם טבעי בד""צ",מיוצר עי קונדיטוריית,IL,ממרח סויה בסגנון גבי,גרמים,250.00,100 גרם,false,,8.00,0.0320,true,1,1971239
7290110324841,false,מעדן שקדים עם שוקולד מריר אלטרנטיב,מיוצר עי קונדיטוריית,IL,מעדן שקדים עם שוקולד,גרמים,125.00,100 גרם,false,,3.90,0.0312,true,1,1991987
7290110324858,false,מעדן שקדים בטעם אגוזי לוז אלטרנטיב,מיוצר עי קונדיטוריית,IL,מעדן שקדים בטעם אגוז,גרמים,125.00,100 גרם,false,,3.90,0.0312,true,1,1991988
7290110324926,false,משקה סויה ללא תוספת סוכר E אלטרנטיב,תנובה מרכז שיתופי לש,IL,משקה סויה ללא תוספת,ליטרים,1.00,ליטר,false,,10.90,10.9000,true,1,1988348
7290110325114,false,"משקה יוגורט יופלה גו לייט תות בננה 250 מ""ל - רבנות",מיוצר עי קונדיטוריית,IL,משקה יוגורט גו לייט,מיליליטרים,250.00,"100 מ""ל",false,,5.90,0.0236,true,1,1982215
7290110325121,false,משקה יוגורט יופלה גו לייט מנגו אננס,"תנובה בע""מ",IL,משקה יוגורט גו לייט,מיליליטרים,250.00,"100 מ""ל",false,,5.90,0.0236,true,1,1982216
7290110325169,false,פרוסות גאודה תנובה 1,תנובה חלב,IL,גבינת גאודה פרוסות 1,גרמים,170.00,100 גרם,false,,19.90,0.1171,true,1,2010473
7290110325305,false,מעדן סויה GO מועשר בחלבון במתיקות מעודנת,מיוצר עי קונדיטוריית,IL,מעדן סויה גו 20 גרם,גרמים,200.00,100 גרם,false,,5.90,0.0295,true,1,1991997
7290110325510,false,יופלה טיוב יוגורט במרקם חלק בטעם וניל - 348 ג',"תנובה בע""מ",IL,מארז 6 יופלה טיוב ונ,גרמים,348.00,100 גרם,false,,11.90,0.0342,true,1,1994870
7290110325619,false,משקה שיבולת שועל תנובה E אלטרנטיב,מיוצר עי קונדיטוריית,IL,משקה שיבולת שועל 1 ל,ליטרים,1.00,ליטר,false,,11.90,11.9000,true,1,1997930
7290110325701,false,פיראוס צזיקי יווני 9% שומן על בסיס יוגורט,גוד פוד פרודקטס S.p,IL,צזיקי יווני פיראוס 9,גרמים,250.00,100 גרם,false,,10.90,0.0436,true,1,2006387
7290110325893,false,משקה חלב GO מועשר בחלבון בטעם אייס קפה,מיוצר עי קונדיטוריית,IL,משקה תנובה GO אייס ק,מיליליטרים,340.00,"100 מ""ל",false,,7.90,0.0232,true,1,1997935
7290110326210,false,יופלה און טופ פצפוצים 157 גרם.,מיוצר עי קונדיטוריית,IL,יופלה און טופ פצפוצי,גרמים,157.00,100 גרם,false,,5.20,0.0331,true,1,2010475
7290110326227,false,יוגורט און טופ קורנפלקס 157 ג' יופלה,מיוצר עי קונדיטוריית,IL,יופלה און טופ קורנפל,גרמים,157.00,100 גרם,false,,5.20,0.0331,true,1,2010476
7290110326234,false,יוגורט און טופ כוכבים 157 ג' יופלה,מיוצר עי קונדיטוריית,IL,יופלה און טופ כוכבים,גרמים,157.00,100 גרם,false,,5.20,0.0331,true,1,2010477
7290110326241,false,ייופלה און טופ גרנולה 157 גרם,מיוצר עי קונדיטוריית,IL,יופלה און טופ גרנולה,גרמים,157.00,100 גרם,false,,5.20,0.0331,true,1,2010478
7290110326333,false,פרוסות גבינה בסגנון סקנדינבי 31%,פ.פ.ח. שאביט,IL,פרוסות גבינה סקנדינב,גרמים,200.00,100 גרם,false,,13.90,0.0695,true,1,2033967
7290110326906,false,חלב טרי נטול לקטוז 3% 1 ליטר,מיוצר עי קונדיטוריית,IL,חלב נטול לקטוז 3% שו,ליטרים,1.00,ליטר,false,,7.50,7.5000,true,1,2033968
7290110326999,false,"משקאות חלב+שוקולד קלאסי 340 מ""ל YOLO בקבוק.",תנובה חלב,IL,משקה חלב עם שוקולד ק,מיליליטרים,340.00,"100 מ""ל",false,,6.90,0.0203,true,1,2021191
7290110327514,false,משקה שיבולת שועל בטעם אגוזי לוז 1 ליטר אלטרנטיב,תנובה מרכז שיתופי לש,IL,משקה שיבולת שועל 1 ל,ליטרים,1.00,ליטר,false,,11.90,11.9000,true,1,2097613
7290110327545,false,מעדן און טופ תות פצפוצים מצופים שוקולד 157ג' יופלה,מיוצר עי קונדיטוריית,IL,יופלה און טופ בטעם ת,גרמים,157.00,100 גרם,false,,5.20,0.0331,true,1,2042985
7290110327798,false,חטיף חלבון GO - שוקולד 60 ג' חלב נוכרי - רבנות,"בלמונט קונפקציות בע""",US,חטיף חלבון GO בטעם ש,גרמים,20.00,100 גרם,false,,11.90,0.5950,true,1,2073887
7290110327828,false,חטיף חלבון GO - חמאת בוטנים 60 ג' חלב נוכרי - רבנות,"בלמונט קונפקציות בע""",US,חטיף חלבון GO בטעם ח,גרמים,20.00,100 גרם,false,,11.90,0.5950,true,1,2073890
7290110328016,false,משקה סויה מועשר בחלבון בטעם אגוזי לוז 250ג',תנובה מרכז שיתופי לש,IL,משקה סויה מועשר בחלב,גרמים,250.00,100 גרם,false,,5.90,0.0236,true,1,2051007
7290110328504,false,טריו - מיקס גבינות מוצרלה סקנדינבית וגאודה 300 גרם,מיוצר עי קונדיטוריית,IL,טריו-מיקס מוצרלה סקנ,גרמים,300.00,100 גרם,false,,24.90,0.0830,true,1,2065652
7290110328610,false,משקה אורז ושקדים בריסטה אלטרנטיב 1 ליטר,תנובה Alternative,IL,משקה אורז ושקדים ברי,ליטרים,1.00,ליטר,false,,11.90,11.9000,true,1,2128645
7290110328627,false,יוגורט יופלה GO במרקם סמיך בטעם בננה קרמל 0%,מיוצר עי קונדיטוריית,IL,יוגורט יופלה GO בננה,גרמים,200.00,100 גרם,false,,5.40,0.0270,true,1,2074575
7290110328771,false,יוגורט יופלה GO במרקם סמיך עם פירות יער 0%,מיוצר עי קונדיטוריית,IL,יוגורט יופלה GO פירו,גרמים,200.00,100 גרם,false,,5.40,0.0270,true,1,2074577
7290110328788,false,יוגורט יופלה GO במרקם סמיך בטעם אפרסק 0%,תנובה מרכז שיתופי לש,IL,יוגורט יופלה GO אפרס,גרמים,200.00,100 גרם,false,,5.40,0.0270,true,1,2074578
7290110328887,false,"חלב תנובה בקבוק 3%, כשרות מהדרין, 1 ליטר",תנובה מרכז שיתופי לש,IL,חלב 3% בבקבוק 1 ליטר,ליטרים,1.00,ליטר,false,,6.20,6.2000,true,1,2134132
7290110328955,false,קוביות גבינת עזים בשמן מתובל פיראוס 350 גרם,דודוני תעשיית החלב ה,GR,קוביות גבינת עזים בש,גרמים,350.00,100 גרם,false,,24.90,0.0711,true,1,2123581
7290110329136,false,מעדן חלב מעושר בחלבון בטעם שוקולד 120 ג' GO,תנובה מרכז שיתופי לש,IL,מעדן חלב גו בטעם שוק,גרמים,120.00,100 גרם,false,,4.90,0.0408,true,1,2099386
7290110329143,false,מעדן חלב מעושר בחלבון בטעם וניל גביע 120 ג' GO,תנובה מרכז שיתופי לש,IL,מעדן חלב גו בטעם וני,גרמים,120.00,100 גרם,false,,4.90,0.0408,true,1,2099387
7290110329303,false,פרוסות בטעם צהובה קלאסית אלטרנטיב 200 גר,תנובה Alternative,IL,פרוסות בטעם צהובה קל,גרמים,200.00,100 גרם,false,,20.90,0.1045,true,1,2099394
7290110329686,false,"משקה חלב גו בטעם עוגיות 340 מ""ל",מיוצר עי קונדיטוריית,IL,משקה תנובה GO בטעם ע,מיליליטרים,340.00,"100 מ""ל",false,,7.90,0.0232,true,1,2097607
7290110329716,false,משקה קפה קר בטעם קפוצ'ינו 230 ג' תנובה,תנובה מרכז שיתופי לש,IL,משקה קפה קר בטעם קפו,גרמים,230.00,100 גרם,false,,6.90,0.0300,true,1,2125069
7290110329723,false,משקה קפה קר בטעם לאטה 230 ג' תנובה,תנובה מרכז שיתופי לש,IL,משקה קפה קר בטעם לאט,גרמים,230.00,100 גרם,false,,6.90,0.0300,true,1,2125075
7290110329730,false,"משקה חלב עם שוקולד וקפה בסגנון לאטה 2.7%  230 מ""ל תנובה",תנובה מרכז שיתופי לש,IL,משקה חלב עם שוקולד ו,גרמים,230.00,100 גרם,false,,6.90,0.0300,true,1,2125087
7290110329808,false,יוגורט סויה BIO Alternative תות 150 ג' תנובה,מיוצר עי קונדיטוריית,IL,מעדן סויה ביו תות אל,גרמים,150.00,100 גרם,false,,4.50,0.0300,true,1,2105479
7290110329815,false,סויה BIO מתיקות מעודנת גביע 150 גרם אלטרנטיב,מיוצר עי קונדיטוריית,IL,מעדן סויה ביו מתיקות,גרמים,150.00,100 גרם,false,,4.50,0.0300,true,1,2105480
7290110329822,false,יוגורט סויה BIO Alternative פירות יער 150 ג' תנובה,מיוצר עי קונדיטוריית,IL,מעדן סויה ביו בטעם פ,גרמים,150.00,100 גרם,false,,4.50,0.0300,true,1,2105481
7290110329846,false,יוגורט סויה BIO Alternative בטעם טבעי 150 ג' תנובה,מיוצר עי קונדיטוריית,IL,מעדן סויה ביו טבעי א,גרמים,150.00,100 גרם,false,,4.50,0.0300,true,1,2105482
7290110461478,false,כף הגשה לאורז CUTLER,,,כף הגשה לאורז CUTLER,יחידה,0.00,יחידה,false,,19.90,0.0000,true,1,2048480
7290110465643,false,מסננת נירוסטה בצפיפו,,,מסננת נירוסטה בצפיפו,יחידה,0.00,יחידה,false,,39.90,0.0000,true,1,2048453
7290110550226,false,מטבעות שוקולד מריר לאפיה 400 גרם עלית,"פוליבה בע""מ",IL,מטבעות שוקולד מריר ל,גרמים,400.00,100 גרם,false,,29.90,0.0747,true,1,2122852
7290110552121,false,יוגורט 5% בתוספת סידן וויטמין D היוגורט הראשון שלי,תנובה מרכז שיתופי לש,IL,יוגורט 5%+ויטמין D,גרמים,100.00,100 גרם,false,,2.20,0.0220,true,1,2122309
7290110552220,false,יוגורט PRO בטעם תות 0% סוכר לבן 20 גרם חלבון בגביע,"שטראוס בריאות בע""מ",IL,דנונה פרו 20 גר ללא,גרמים,200.00,100 גרם,false,,5.90,0.0295,true,1,2103779
7290110552237,false,יוגורט פרו בטעם אפרסק מנגו ללא סוכר 200 ג' דנונה,"שטראוס בריאות בע""מ",IL,דנונה פרו 20 גר ללא,גרמים,200.00,100 גרם,false,,5.90,0.0295,true,1,2103771
7290110553098,false,מאגדת חטיפים אנרג'י מיקס צימוקים אגוזים 100X4 גרם,אנרג'י Energy - שטראוס,GB,אנרג'י מיקס צימוקים,גרמים,100.00,100 גרם,false,,15.90,0.1590,true,1,2135709
7290110553104,false,נסקפה קפוצ'ינו סטיק קלאסי 130 ג' עלית,שטראוס,IL,קפוצ'ינו סטיק קלאסי,גרמים,130.00,100 גרם,false,,12.90,0.0992,true,1,2147467
7290110553135,false,נסקפה קפוצ'ינו סטיק וניל 130 ג' עלית,שטראוס,IL,קפוצ'ינו סטיק וניל,גרמים,130.00,100 גרם,false,,12.90,0.0992,true,1,2147468
7290110553173,false,אנרגי פריכיות אורז בטעם קרמל 50 גרם,סאנורייס בלגיום,IL,פרכיות אנרג'י בטעם ק,גרמים,40.00,100 גרם,false,,6.90,0.1725,true,1,2141887
7290110553180,false,אנרגי פריכיות אורז בטעם תפוח קינמון 50 ג,סאנורייס בלגיום,IL,פרכיות אנרג'י בטעם ת,גרמים,40.00,100 גרם,false,,6.90,0.1725,true,1,2141888
7290110553425,false,קפה נמס 200 גרם +20% תוספת עלית,שטראוס גרופ,IL,נס קפה 200 גרם + 20%,גרמים,240.00,100 גרם,false,,19.90,0.0829,true,1,2103233
7290110553623,false,צ'יטוס קראנצ'י בטעם צ'דר חלפיניו - חלבי,"שטראוס פריטו ליי בע""",IL,ציטוס קראנץ צ'דר חלפ,גרמים,80.00,100 גרם,false,,3.90,0.0487,true,1,2128652
7290110554101,false,"סירופ מייפל טבעי בפאוץ' 125 מ""ל",ציטדל,CA,סירופ מייפל בפאוץ' 1,מיליליטרים,125.00,"100 מ""ל",false,,14.90,0.1192,true,1,2135073
7290110554118,false,נודלס מלזי חריף עם טופו וירקות ברוטב קארי ירוק,"טרופיקל דגיל בע""מ אז",IL,נודלס מלזי חריף,גרמים,350.00,100 גרם,false,,26.90,0.0769,true,1,2102405
7290110554422,false,פומודורו רוטב עגבניות ופלפלים לשקשוקה 350 גרם,אמיליאנה קונסרב ס.פ.,IT,רוטב עגבניות ופלפלים,גרמים,350.00,100 גרם,false,,11.90,0.0340,true,1,2107875
7290110554705,false,"קפסולות קפה יונילקו אספרסו קלוי וטחון, 10 * 50 ג'",שטראוס קפה בי.וי.,IL,"קפסולות שת""פ למכונות",גרמים,50.00,100 גרם,false,,18.90,0.3780,true,1,2142106
7290110554712,false,"קפסולות קפה אספרסו קלייה איטית ובהירה, 10 * 50 ג'",שטראוס קפה בי.וי,IL,"קפסולות שת""פ למכונות",גרמים,50.00,100 גרם,false,,18.90,0.3780,true,1,2142107
7290110554729,false,קפסולות עלית אספרסו 04 תואמות למכונות NESPRESSO,שטראוס קפה בי.וי,IL,קפסולות למכונות נספר,גרמים,50.00,100 גרם,false,,16.50,0.3300,true,1,2114711
7290110554798,false,פולי אספרסו עשירים וארומטיים עוצמה 08 250 ג' עלית,שטראוס קפה בי.וי,IL,פולי אספרסו עלית 250,גרמים,250.00,100 גרם,false,,21.90,0.0876,true,1,2120092
7290110555009,false,פאסטה זוג מחית עגבניות 700 גרם יד מרדכי,אמיליאנה קונסרב ס.פ.,IT,פסאטה זוג 700ג' יד מ,גרמים,700.00,100 גרם,false,,11.90,0.0170,true,1,2122844
7290110555078,false,לאבנה עם שמן זית ועשבי תיבול 250 גרם,"מחלבות בר בכפר בע""מ",IL,לאבנה עם שמן זית ועש,גרמים,250.00,100 גרם,false,,10.90,0.0436,true,1,2124106
7290110555092,false,לאבנה עם שמן זית וצ'ילי חריף 250 גר',"מחלבות בר בכפר בע""מ",IL,לאבנה עם שמן זית וצי,גרמים,250.00,100 גרם,false,,10.90,0.0436,true,1,2124107
7290110555603,false,ספלנדיד אבקה להכנת משקה בטעם שוקולטה,"ג'אלוסיס י. בע""מ",GR,שוקולוטה ספלנדיד בפח,גרמים,360.00,100 גרם,false,,21.90,0.0608,true,1,2147491
7290110555788,false,נסקפה קפוצ'ינו פחית וניל 200 ג' עלית,שטראוס,IL,קפוצינו וניל פחית,גרמים,200.00,100 גרם,false,,19.90,0.0995,true,1,2147474
7290110556242,false,"שוקולד מריר פרווה 100 גר' בד""ץ תוצרת חוץ","שטראוס גרופ בע""מ.",IL,שוקולד מריר פרווה 10,גרמים,100.00,100 גרם,false,,5.90,0.0590,true,1,2137905
7290110557027,false,חומוס עשיר 50% טחינה גולמית 400 ג' אחלה,מיוצר עי קונדיטוריית,IL,חומוס אחלה עשיר ב-50,גרמים,400.00,100 גרם,false,,11.90,0.0298,true,1,2100629
7290110557102,false,מעדן חלב עם שוקולד מועשר בחלבון 150 ג' שטראוס,מיוצר עי קונדיטוריית,IL,מעדן חלב דנונה פרו 1,גרמים,150.00,100 גרם,false,,4.90,0.0327,true,1,2093760
7290110557317,false,יוגורט בתוספת סידן וויטמין ד עם שיבולת שועל 100 ג' דנונה,תנובה מרכז שיתופי לש,IL,יוגורט שיבולת שועל ד,גרמים,100.00,100 גרם,false,,2.20,0.0220,true,1,2122310
7290110557478,false,חומוס גלילי במרקם מעודן 600 גרם,שטראוס גרופ,IL,חומוס גלילי 600 גרם,גרמים,600.00,100 גרם,false,,11.90,0.0198,true,1,2115161
7290110558130,false,יוגורט אקטיביה שיבולת שועל ודבש 150 גרם,"שטראוס בריאות בע""מ",IL,דנונה אקטיביה עם שיב,גרמים,150.00,100 גרם,false,,4.50,0.0300,true,1,2127685
7290110558239,false,"וואו יוגורט עם שכבה בטעם קראק פאי 5.4%, 150 ג דנונה","שטראוס בריאות בע""מ",IL,דנונה WOW קראק פאי 1,גרמים,150.00,100 גרם,false,,4.50,0.0300,true,1,2134862
7290110558253,false,"דנונה ריפרש בננה אננס וצ`יה, 250 גרם","שטראוס בריאות בע""מ",IL,דנונה לשתייה ריפרש,גרמים,250.00,100 גרם,false,,5.50,0.0220,true,1,2127686
7290110558307,false,יוגורט דנונה PRO עם שיבולת שועל במתיקות מעודנת,"שטראוס בריאות בע""מ",IL,דנונה פרו 20 גרם עם,גרמים,200.00,100 גרם,false,,5.90,0.0295,true,1,2127694
7290110558314,false,דנונה פרו 20 ג' חלבון ללא סוכר פיסטוק 200 גרם,"שטראוס בריאות בע""מ",IL,דנונה פרו 20 גר ללא,גרמים,200.00,100 גרם,false,,5.90,0.0295,true,1,2134870
7290110558338,false,דנונה פרו 25 ג' חלבון 200 ג' שטראוס,"שטראוס בריאות בע""מ",IL,דנונה פרו 25 גרם חלב,גרמים,200.00,100 גרם,false,,5.90,0.0295,true,1,2127695
7290110558666,false,מעדן גבינה בטעם תפוח 88 ג' דניאלה,"שטראוס בריאות בע""מ",IL,מעדן דניאלה תפוח 88,גרמים,88.00,100 גרם,false,,3.90,0.0443,true,1,2150318
7290110559007,false,"שועועית חומה טעם הטבע קופסה, 380 גרם",קונסרב איטליה,IT,שעועית חומה טעם הטבע,גרמים,380.00,100 גרם,false,,6.90,0.0182,true,1,2135719
7290110559014,false,שעועית שחורה מבושלת טעם הטבע 380 גרם,קונסרב איטליה,IT,שעועית שחורה טעם הטב,גרמים,380.00,100 גרם,false,,6.90,0.0182,true,1,2135720
7290110559762,false,"מאגדת אנרג'י ריל אגוזים,תמרים,קוקוס 115 גרם",קונסרב איטליה,GR,REAL מאגדת אגוזים תמ,גרמים,105.00,100 גרם,false,,15.90,0.1514,true,1,2127854
7290110560300,false,"הפריכיות הטעימות חומוס, עדשים שחורות, קינואה ופלפל שחור",אנרג'י Energy - שטראוס,IL,פירכיות משולשות פלפל,גרמים,30.00,100 גרם,false,,4.90,0.1633,true,1,1832226
7290110560317,false,"הפריכיות הטעימות חומוס, עדשים שחורות, קינואה ומלח ים","פרח תעשיו מזון בע""מ",IL,פירכיות משולשות מלח,גרמים,30.00,100 גרם,false,,4.90,0.1633,true,1,1832227
7290110560324,false,"הפריכיות הטעימות תפו""א, אורז, אפונה ומלח ים","פרח תעשיו מזון בע""מ",IL,פירכיות משולשות אפונ,גרמים,30.00,100 גרם,false,,4.90,0.1633,true,1,1832228
7290110561352,false,דנונה יוגורט ביו פרוביוטי 3% דל לקטוז 150ג',"שטראוס בריאות בע""מ",IL,יוגורט דנונה שטראוס,גרמים,200.00,100 גרם,false,,3.30,0.0165,true,1,1690651
7290110561604,false,מארז 8 יחידות מעדן גמדים בטעם תות בננה,שטראוס גרופ,IL,מארז 8 גמדים שמינייה,גרמים,800.00,100 גרם,false,,17.90,0.0224,true,1,1630450
7290110563431,false,"משקה קפה קר בסגנון קלאסי 230 מ""ל 1.6% יוטבתה",האי נאם סי או אל.טי.,AT,משקה קפה קר בסגנון ק,מיליליטרים,230.00,"100 מ""ל",false,,7.90,0.0343,true,1,1898788
7290110563448,false,"משקה קפה קר בסגנון מעודן 230 מ""ל 1.6% יוטבתה",האי נאם סי או אל.טי.,AT,משקה קפה קר בסגנון מ,מיליליטרים,230.00,"100 מ""ל",false,,7.90,0.0343,true,1,1898789
7290110563462,false,חלב בבקבוק נטול לקטוז 2% יטבתה 1 ל',מחלבת יטבתה,IL,חלב 1ליטר בקבוק נטול,ליטרים,1.00,ליטר,false,,7.90,7.9000,true,1,1897935
7290110564339,false,חומוס אחלה הסידרה המובחר 30% טחינה 400 גר',מיוצר עי קונדיטוריית,IL,חומוס אחלה עשיר ב-30,גרמים,400.00,100 גרם,false,,11.90,0.0298,true,1,1630452
7290110564360,false,חומוס אחלה הסידרה המובחר 40% טחינה 400 גר',מיוצר עי קונדיטוריית,IL,חומוס אחלה עשיר ב-40,גרמים,400.00,100 גרם,false,,11.90,0.0298,true,1,1623549
7290110564414,false,חומוס אחלה הסידרה המובחר 30% טחינה 600 גר',מיוצר עי קונדיטוריית,IL,חומוס אחלה עשיר ב-30,גרמים,600.00,100 גרם,false,,14.90,0.0248,true,1,1630455
7290110564919,false,דנונה מעודן ללא סוכר החזרות 150 גר,מיוצר עי קונדיטוריית,IL,דנונה מעודנת ללא סוכ,גרמים,150.00,100 גרם,false,,3.40,0.0227,true,1,1998634
7290110565435,false,ג'לי לימבו פטל חלבי שטראוס 125ג',שטראוס גרופ,IL,ג'לי בטעם פטל לימבו,גרמים,125.00,100 גרם,false,,2.00,0.0160,true,1,1606011
7290110565527,false,יוגורט PRO פרו 1.5% 20 גרם חלבון בגביע,"שטראוס בריאות בע""מ",IL,דנונה פרו 20 גרם חלב,גרמים,200.00,100 גרם,false,,5.90,0.0295,true,1,1586123
7290110565572,false,מנות אישיות קפה טורקי לדרך עם הל,שטראוס קפה בי.וי,IL,מארז קפה טורקי עם הל,גרמים,168.00,100 גרם,false,,17.90,0.1065,true,1,1975340
7290110566043,false,יוגורט 4.5% שומן 3 ל' שטראוס,"מחלבות בר בכפר בע""מ",IL,יוגורט כד 3 ליטר 4%,ליטרים,3.00,ליטר,false,,24.90,8.3000,true,1,1711817
7290110566623,false,קפסולות קולומביה עלית 08 למכונת נספרסו מארז 5X10ג',שטראוס קפה בי.וי,IL,קפסולות למכונות נספר,גרמים,50.00,100 גרם,false,,16.50,0.3300,true,1,1725770
7290110566975,false,דנונה פרו יוגורט 0% תות עשיר בחלבון 200ג',"שטראוס בריאות בע""מ",IL,דנונה פרו 20 גרם חלב,גרמים,200.00,100 גרם,false,,5.90,0.0295,true,1,1690653
7290110568238,false,"קצפת צמחית 21% שומן 250 מ""ל יוטבתה",מחלבת יטבתה,IL,קצפת צימחית 21% שומן,מיליליטרים,250.00,"100 מ""ל",false,,7.90,0.0316,true,1,1732289
7290110568276,false,משקה וניל פרו Pro מועשר בחלבון 1.5%,שטראוס גרופ,IL,משקה יטבתה פרו בטעם,מיליליטרים,350.00,"100 מ""ל",false,,5.90,0.0169,true,1,1711811
7290110568627,false,פסק זמן רול שוקולד חלב קרם אגוזים 26 ג' עלית,עלית,IL,חטיף פסק זמן רול שוק,גרמים,48.00,100 גרם,false,,3.90,0.0812,true,1,2009530
7290110570880,false,פולי אספרסו עשירים וארומטיים עוצמה 14 250 ג' עלית,,IL,פולי אספרסו עלית 250,גרמים,250.00,100 גרם,false,,21.90,0.0876,true,1,2122080
7290110571184,false,עדשים חומות 380 גר שטראוס טעם הטבע,קונסרב איטליה,IT,עדשים חומות טעם הטבע,גרמים,380.00,100 גרם,false,,6.90,0.0182,true,1,2135721
7290110571375,false,"אנרג'י מיקס תערובת צימוקים, תמרים, טופי ושברי פקאן",אנרג'י Energy - שטראוס,GB,אנרג'י מיקס צימוקים,גרמים,100.00,100 גרם,false,,15.90,0.1590,true,1,2135711
7290110571382,false,מעדן חלב בטעם וניל מעושר בחלבון 150 ג' שטראוס,"שטראוס בריאות בע""מ",IL,מעדן חלב דנונה פרו,גרמים,150.00,100 גרם,false,,4.90,0.0327,true,1,2119844
7290110571535,false,מארז קפה טורקי הל 3*100 ג' עלית,שטראוס קפה בי.וי,IL,קפה טורקי + הל 100 ג,גרמים,300.00,100 גרם,false,,25.90,0.0863,true,1,2122853
7290110572129,false,כיף כף מקלות שוקולד לבן 40 ג' עלית,סולן בעבור שטראוס,TR,חטיף כיף כף מקלות שו,גרמים,40.00,100 גרם,false,,4.90,0.1225,true,1,2146310
7290110572884,false,"קפסולות קפה מספר 20 למכונת אספרס אספרסו, 50 גרם",שטראוס קפה בי.וי.,IL,קפסולות למכונות נספר,גרמים,50.00,100 גרם,false,,16.50,0.3300,true,1,2146319
7290110572969,false,כיף כף פצפצים עקרם לבן 40ג' עלית,שולן צ'יקולטה גידה ס,TR,חטיף כיף כף פצפצים ק,גרמים,40.00,100 גרם,false,,4.90,0.1225,true,1,2135712
7290110572976,false,כיף כף פצפצים בגביע במילוי קרם בטעם שוקולד לבן,שולן צ'יקולטה גידה ס,TR,גביע פצפצים 135 גרם,גרמים,135.00,100 גרם,false,,8.90,0.0659,true,1,2135713
7290110574413,false,חטיף פופקורן בטעם טעמי 70 גרם,סראנו בעבור שטראוס,קפריסין,פופקורן בטעם טעמי,גרמים,70.00,100 גרם,false,,6.90,0.0986,true,1,2147451
7290110574420,false,חטיף פופקורן בטעם פסק זמן 70 גרם,סראנו בעבור שטראוס,קפריסין,פופקורן בטעם פסק זמן,גרמים,70.00,100 גרם,false,,6.90,0.0986,true,1,2147452
7290110576318,false,מאגדת שלישיית שוקולד אגוז לבן 300 ג' עלית,סמואה,FR,מאגדת שלישיית אגוז ל,גרמים,300.00,100 גרם,false,,22.90,0.0763,true,1,2137911
7290110576370,false,מארז שלישייה שוקולד מריר חלבי עם אגוזי לוז,שטראוס,IL,מאגדת שלישיית אגוז מ,גרמים,300.00,100 גרם,false,,22.90,0.0763,true,1,2137912
7290110576387,false,מאגדת שלישיית שוקולד אגוז חלב 300 ג' עלית,שטראוס,FR,מאגדת שלישייה שוקולד,גרמים,300.00,100 גרם,false,,22.90,0.0763,true,1,2137913
7290110576752,false,טבלאות שוקולד ספלנדיד מריר 70% 100 ג' עלית,קימ'ס גריפלנן,BE,שוקולד ספלנדיד מריר,גרמים,100.00,100 גרם,false,,9.90,0.0990,true,1,2146311
7290110576776,false,טבלאות שוקולד ספלנדיד מריר 85% 100 ג' עלית,קימ'ס גריפלנן,BE,שוקולד ספלנדיד מריר,גרמים,100.00,100 גרם,false,,9.90,0.0990,true,1,2146312
7290110576790,false,סקי בטעם מוקה 125 ג' שטראוס,מגנום- שטראוס,IL,סקי מוקה 125 גרם,גרמים,125.00,100 גרם,false,,3.70,0.0296,true,1,2150320
7290110577247,false,"יטבתה משקה חלב-פיסטוק בבקבוק 350 מ""ל",שטראוס גרופ,IL,משקה חלב בטעם פיסטוק,מיליליטרים,350.00,"100 מ""ל",false,,5.90,0.0169,true,1,2150322
7290111093005,false,"I-CARE מג'להסרת איפור, 25 יח בפלופק",די.פי.אל תעשיות מוצר,IL,מגבונים מסיר איפור I,יח',25.00,יח',false,,5.90,0.2360,true,1,1880924
7290111093760,false,מגבונים לניקוי רצפות בניחוח מרכך כביסה 10 יח' קוויק,די.פי.אל,,קוויק מטליות לחות לנ,יח',10.00,יח',false,,9.90,0.9900,true,1,2136222
7290111093982,false,טרופיקל תחליב רחצה פסיפלורה ואינקה אינצ'י דר עור,"אמיליה קוסמטיקס בע""מ",IL,"תחליב רחצה 700 מ""ל ד",מיליליטרים,700.00,"100 מ""ל",false,,19.90,0.0284,true,1,2136223
7290111094248,false,"קוויק שקית אשפה חזקה וגדולה במיוחד (90*78), 20 יח'",,TR,קוויק שקיות אשפה XL,יח',20.00,יח',false,,16.90,0.8450,true,1,2008943
7290111094392,false,"טרופיקל תחליב רחצה קוקוס וליים 700 מ""ל דר עור","אמיליה קוסמטיקס בע""מ",IL,"תחליב רחצה 700 מ""ל ד",מיליליטרים,700.00,"100 מ""ל",false,,19.90,0.0284,true,1,2136224
7290111094651,false,שקיות אשפה L עם ידית 40 יח' קוייק,,TR,קוויק שקיות אשפה L ע,יח',40.00,יח',false,,10.90,0.2725,true,1,2095068
7290111095818,false,קוויק שקיות אשפה L חזקות במיוחד עם שרוך 40 יח',,TR,קוויק שקיות אשפה L,יח',40.00,יח',false,,16.90,0.4225,true,1,2008944
7290111096921,false,קוויק מגבונים לניקוי כללי בתוספת חומץ ומלח לימון 50 יח',די.פי.אל,IL,מגבונים קוויק לניקוי,יח',50.00,יח',false,,7.90,0.1580,true,1,2087642
7290111097546,false,מגבונים ניקוי כללי למשטחים בניחוח מרכך כביסה 50 יח' קוויק,די.פי.אל,IL,מגבונים לניקוי כללי,יח',50.00,יח',false,,7.90,0.1580,true,1,2136225
7290111340185,false,מטליות לחות ניקול לניקוי רצפות בניחוח מרכך 10 יח',ניקול,IL,ניקול מטליות לחות לר,יח',10.00,יח',false,,10.90,1.0900,true,1,1889076
7290111340925,false,מטליות לחות ניקול XL לניקוי כללי בניחוח פריחה 40 יח',חוגלה,IL,מטליות לחות חד פעמיו,יח',40.00,יח',false,,10.90,0.2725,true,1,2059737
7290111340956,false,ניקול מטליות לחות לרצפה בניחוח פריחה לבנה,על בד,IL,מטליות לחות לרצפה בנ,יח',10.00,יח',false,,11.90,1.1900,true,1,2037839
7290111342042,false,ניקול כריות יפניות אנטיבקטריאלי 4 יחידות,פלסטו פוליש,IL,כריות יפנית ניקול אנ,יח',4.00,יח',false,,10.90,2.7250,true,1,2013863
7290111342059,false,מט.לחות ניקול לחיט משטחים אנטיבקטריאלי50,חוגלה,IL,מטלית לחות לחיטוי מש,יח',50.00,יח',false,,11.90,0.2380,true,1,2013864
7290111342523,false,מפיות אירוח לשימוש יומיומי ניקול 100 יח,חוגלה קימברלי,IL,מפיות ניקול צבעוניות,יח',100.00,יח',false,,7.90,0.0790,true,1,1997747
7290111343797,false,מטליות לחות לניקוי חלונות 48 יח' ניקול,חוגלה קימברלי,IL,מטליות לחות לניקוי ח,יח',48.00,יח',false,,11.90,0.2479,true,1,2037851
7290111343858,false,ניקול מטליות לחות לניקוי וחיטוי הרצפה 10,עלבד משואות יצחק,IL,מטליות לחות לניקוי ו,יח',10.00,יח',false,,13.90,1.3900,true,1,2037841
7290111344183,false,דיפנד תחתונים סופגים M נשים 10 יח,חוגלה,IL,תחתוני דיפנד נשים M,יח',10.00,יח',false,,54.90,5.4900,true,1,2050582
7290111345821,false,נייר טואלט נטורל קר - מארז 16 גלילי ג'מבו,חוגלה קימברלי,IL,גליל כפול לילי 16 גל,מטרים,552.00,מטר,false,,34.90,0.0632,true,1,2101024
7290111345999,false,מארז זוג מטליות לחות לרצפה בניחוח מרכך כביסה 2*10 יח' ניקול,עלבד,IL,זוג מטליות לחות לריצ,יחידה,0.00,יחידה,false,,19.90,0.0000,true,1,2117804
7290111346088,false,נייר טואלט מולט דו שכבתי 30 גל,חוגלה קימברלי,IL,נייר טואלט מולט 30 ג,מטרים,495.00,מטר,false,,29.90,0.0604,true,1,2152921
7290111346293,false,מגבות ניקול שישייה מהדורה חגיגית,קימברלי קלארק,IL,מגבות נייר ניקול *6,מטרים,59.20,מטר,false,,11.90,0.2010,true,1,2152922
7290111346347,false,מגבוני אף אוריגינל סופט חמישיה קלינקס,חוגלה קימברלי,IL,ממחטות אף קלינקס חמי,יח',350.00,יח',false,,14.90,0.0426,true,1,2152915
7290111350092,false,מארז מיקס חטיפי מיני לואקר בסט 200 גר,ליימן מותגים,,מארז חטיפי לואקר 200,גרמים,200.00,100 גרם,false,,19.90,0.0995,true,1,1506925
7290111350672,false,קליית גת דבש לחיץ 700 גרם,חקלאות עין חרוד מאוח,IL,דבש בצנצנת 700 גרם,גרמים,700.00,100 גרם,false,,29.90,0.0427,true,1,1732988
7290111350726,false,חטיף נאצוס הוטפופ בסגנון מקסיקני 322 גר,ליימן מותגים,US,נאצ'וס חטיף מתירס צה,גרמים,322.00,100 גרם,false,,14.90,0.0463,true,1,1981750
7290111352430,false,ממרח תמרים טבעי קליית גת 440 גרם,"כד בני דרום בע""מ",IL,ממרח תמרים טבעי 440,גרמים,440.00,100 גרם,false,,9.90,0.0225,true,1,2033387
7290111352935,false,יוגטה סוכריות טופי ממולאות 600 גרם 3 טעמים,תות ממתקי איכות,TR,סוכריות טופי יוגטה 6,גרמים,600.00,100 גרם,false,,24.90,0.0415,true,1,2021626
7290111352942,false,יוגטה סוכריות טופי ללא גלוטן 850 ג',יוגטה yogueta,,סוכריות טופי יוגטה 8,גרמים,850.00,100 גרם,false,,17.90,0.0211,true,1,2021627
7290111353055,false,"גומי דובי 200 גר' וסטהיים (כש""לפ בית יוסף)",טופגם תעשיות ממתקים,IL,סוכריות גומי דובונים,גרמים,200.00,100 גרם,false,,7.90,0.0395,true,1,2036313
7290111353123,false,"גומי נחש מסוכר 200 גר' וסטהיים (כש""לפ בית יוסף)",טופגם תעשיות ממתקים,IL,סוכריות גומי נחשים מ,גרמים,200.00,100 גרם,false,,7.90,0.0395,true,1,2036317
7290111353376,false,שקית סוכריות מנטוס בטעם מנטה 100 יח',פרפטי ואן מלה ברדה,NL,סוכריות מנטוס בטעם מ,גרמים,250.00,100 גרם,false,,10.00,0.0400,true,1,2083228
7290111353383,false,שקית סוכריות מנטוס בטעם תות 100 יח',פרפטי ואן מלה ברדה,NL,סוכריות מנטוס בטעם ת,גרמים,250.00,100 גרם,false,,10.00,0.0400,true,1,2083229
7290111353451,false,חטיף בירקות שורש ומלח ים הוטפופ 120 גרם,איץ.סיי גרופ אס.דה א,HN,חטיף ירקות שורש ומלח,גרמים,120.00,100 גרם,false,,14.90,0.1242,true,1,2046387
7290111353482,false,יוגטה סוכריות חמוצות ממלאות בטעמי פירות 200 ג',סאדאט,TR,סוכריות חמוצות ממולא,גרמים,200.00,100 גרם,false,,7.90,0.0395,true,1,2048226
7290111563492,false,סלטי צבר מטבוחה חריפה מרובע 6*400גרם,סלטי צבר,IL,סלט מטבוחה חריפה 400,גרמים,400.00,100 גרם,false,,10.90,0.0273,true,1,1679473
7290111564277,false,פריכיות דקות ונימוחות 3 דגנים פיטנס Fitness,פרח תעשיות,IL,פיטנס פריכיות 3 דגני,גרמים,120.00,100 גרם,false,,9.90,0.0825,true,1,1473027
7290111564291,false,פריכיות דקות ונימוחות 3 דגנים וקינואה פיטנס Fitness,פרח תעשיות,IL,פיטנס פריכיות דקות ק,גרמים,120.00,100 גרם,false,,9.90,0.0825,true,1,1473028
7290111564727,false,עוגיות אסם קרמוגית וקרם אגוזים אסם 200ג',מיוצר עי קונדיטוריית,IL,עוגיות קרמוגית במילו,גרמים,200.00,100 גרם,false,,10.90,0.0545,true,1,1586218
7290111564956,false,ביסלי במבה מיקס 200 ג' אסם,פרו מן יו פתרונות אר,IL,ביסלי במבה מיקס 200,גרמים,200.00,100 גרם,false,,9.90,0.0495,true,1,1687095
7290111566103,false,טבעול פלאפל רכיביים ביתיים 590 גר',עיצובים 2020 (4.8),IL,פלאפל מרכיבים ביתיים,גרמים,590.00,100 גרם,false,,29.90,0.0507,true,1,1606811
7290111566226,false,טבעול שניצל ברוקולי 667 גר',עיצובים 2020 (4.8),IL,שניצל ברוקולי,גרמים,667.00,100 גרם,false,,29.90,0.0448,true,1,1606812
7290111566271,false,טבעול חטיפי תירס 657 גר',עיצובים 2020 (4.8),IL,חטיפי תירס.,גרמים,657.00,100 גרם,false,,29.90,0.0455,true,1,1606814
7290111566318,false,שניצל דק מן הצומח בטעם ביתי 700 גרם,עיצובים 2020 (4.8),IL,שניצל דק מן הצומח.,גרמים,564.00,100 גרם,false,,29.90,0.0530,true,1,1606815
7290111566332,false,טבעול נקניקיות וינר צמחוניות 680 גר',עיצובים 2020 (4.8),IL,נקניקיות וינר צמחוני,גרמים,680.00,100 גרם,false,,29.90,0.0440,true,1,1606816
7290111566417,false,טחון צמחוני עם המון חלבון,עיצובים 2020 (4.8),IL,טבעול טחון צמחוני,גרמים,500.00,100 גרם,false,,29.90,0.0598,true,1,1606835
7290111566547,false,טבעול חזה בגריל צמחוני 99 קלוריות 560ג',עיצובים 2020 (4.8),IL,חזה בגריל צמחוני,גרמים,560.00,100 גרם,false,,29.90,0.0534,true,1,1606837
7290111566561,false,שניצל ברוקולי 99 קלוריות טבעול 560 גר,עיצובים 2020 (4.8),IL,שניצל ברוקלי 99 קלור,גרמים,560.00,100 גרם,false,,29.90,0.0534,true,1,1606838
7290111566585,false,טבעול שניצל צמחוני 99 קלוריות 650 גר',עיצובים 2020 (4.8),IL,שניצל צמחוני 99 קלור,גרמים,650.00,100 גרם,false,,29.90,0.0460,true,1,1606839
7290111566660,false,טבעול קציצות עדשים כתומות 530 גר',עיצובים 2020 (4.8),IL,קציצות עדשים כתומות.,גרמים,530.00,100 גרם,false,,29.00,0.0547,true,1,1606817
7290111566691,false,טבעול שניצל תרד 99 קלוריות 560 גר',עיצובים 2020 (4.8),IL,שניצל תרד 99 קלוריות,גרמים,560.00,100 גרם,false,,29.90,0.0534,true,1,1664190
7290111566714,false,טבעול המבורגר צמחוני 99 קלוריות 600 גר',עיצובים 2020 (4.8),IL,המבורגר צמחוני 99 קל,גרמים,600.00,100 גרם,false,,29.90,0.0498,true,1,1606840
7290111566752,false,טבעול שניצל תירס 99 קלוריות 693 גר',עיצובים 2020 (4.8),IL,שניצל תירס 99 קלוריו,גרמים,693.00,100 גרם,false,,29.90,0.0431,true,1,1606841
7290111566776,false,טבעול נקניקיות קוקטייל צמחוניות 680 גר',עיצובים 2020 (4.8),IL,נקניקיות קוקטייל צמח,גרמים,680.00,100 גרם,false,,29.90,0.0440,true,1,1606819
7290111568206,false,ביסלי פארטי מיקס 150 ג' אסם,פרו מן יו פתרונות אר,IL,ביסלי במבה מיקס 150,גרמים,150.00,100 גרם,false,,8.90,0.0593,true,1,1687099
7290111568251,false,אטריות נודלס להקפצה אסם אסייתי 350 גר',תאי פרזידנטפוד,TH,נודלס אטריות להקפצה,גרמים,350.00,100 גרם,false,,9.90,0.0283,true,1,1683159
7290111568275,false,אטריות נודלס אורז רחבות אסם אסייתי 300גרם,תאי פרזידנט,TH,נודלס אטריות אורז רח,גרמים,300.00,100 גרם,false,,9.90,0.0330,true,1,1683160
7290111568299,false,אטריות נודלס עם תרד אסם אסייתי 300 גר',זארה,IT,נודלס אטריות עם תרד,גרמים,300.00,100 גרם,false,,9.90,0.0330,true,1,1683174
7290111568961,false,בייגלה טבעות מלח 400 ג' אסם,אסם,IL,בייגלה טבעות מלח 400,גרמים,400.00,100 גרם,false,,9.90,0.0248,true,1,1708230
7290111661600,false,קעריות מייפל שקוף -,,,קעריות מייפל שקוף -,יחידה,0.00,יחידה,false,,31.90,0.0000,true,1,1708393
7290111665622,false,כפות הגשה ורסאי -זוג,,,כפות הגשה ורסאי -זוג,יחידה,0.00,יחידה,false,,2.90,0.0000,true,1,1993941
7290111930805,false,קראנצ'וס טעם ברביקיו 55 גר',חברת מנה בעמ,IL,חטיף קראנצ'וס ברביקי,גרמים,55.00,100 גרם,false,,3.90,0.0709,true,1,1537488
7290111930850,false,קראנצ'וס טעם פיצה 55גר',קראנצ'וס,IL,חטיף קראנצ'וס פיצה 5,גרמים,55.00,100 גרם,false,,3.90,0.0709,true,1,1537489
7290111930898,false,חטיף פוף כוכבים גריל אמריקאי 40 גרם,פוף POOF,IL,חטיף פוף כוכבים גריל,גרמים,40.00,100 גרם,false,,3.90,0.0975,true,1,1566394
7290111930904,false,חטיף פוף כוכבים בצל 40 גרם,פוף POOF,IL,חטיף פוף כוכבים בצל,גרמים,40.00,100 גרם,false,,3.90,0.0975,true,1,1566395
7290111930911,false,חטיף פוף לבבות קלאסי 40 גרם,פוף POOF,IL,חטיף פוף לבבות קלאסי,גרמים,40.00,100 גרם,false,,3.90,0.0975,true,1,1566360
7290111930928,false,חטיף פוף לבבות גריל 40 גרם,פוף POOF,IL,חטיף פוף לבבות גריל,גרמים,40.00,100 גרם,false,,3.90,0.0975,true,1,1566396
7290111930935,false,חטיף פוף טבעות קלאסי 40 גרם,פוף POOF,IL,חטיף פוף טבעות קלאסי,גרמים,40.00,100 גרם,false,,3.90,0.0975,true,1,1566397
7290111931321,false,"קולגייט מיניונים משחת שיניים ילדים 6+ 50 מ""ל",קולגייט Colgate,PL,משחת שיניים קולגייט,מיליליטרים,50.00,"100 מ""ל",false,,12.90,0.2580,true,1,1696258
7290111932502,false,"קולגייט משחת שיניים אופטיק וייט אקספרט 75 מ""ל",קולגייט Colgate,MX,משחת שינים קולגייט א,מיליליטרים,75.00,"100 מ""ל",false,,24.90,0.3320,true,1,1747245
7290111932700,false,מסכה לפנים רימונים ב,שסטוביץ,KR,מסכה לפנים רימונים ב,יח',1.00,יח',false,,9.90,9.9000,true,1,2073231
7290111932717,false,בלונס מסיכת אשכוליות,שסטוביץ,KR,מסכה לפנים אשכוליות,יח',1.00,יח',false,,9.90,9.9000,true,1,2073223
7290111932724,false,בלונס מסיכת פטל שחור,שסטוביץ,KR,מסכה לפנים פטל שחור,יח',1.00,יח',false,,9.90,9.9000,true,1,2073224
7290111933462,false,"רוטב צ'ילי מתוק מאסטר שף 300 מ""ל",סיטי פוד,TH,רוטב צ'ילי מתוק מאסט,מיליליטרים,300.00,"100 מ""ל",false,,9.90,0.0330,true,1,1695575
7290111933554,false,עגבניות איטלקיות קוביות - מארז שלישיה,קונסוריזיו קאסאלסקו,IT,עגבניות קוביות מארז,גרמים,1200.00,100 גרם,false,,15.90,0.0133,true,1,1781778
7290111933561,false,מאסטר שף תערובת ציפוי נגטס 250 גרם,טסט וסנט קו.לטד,TH,תערובת לציפוי נאגטס,גרמים,250.00,100 גרם,false,,9.90,0.0396,true,1,1962873
7290111933998,false,תבנית קוקי אינגליש עם נייר אפייה 4 יח,קוקי,CN,תבנית אינגליש עם ניי,יח',4.00,יח',false,,12.90,3.2250,true,1,1908154
7290111934018,false,בלונס קרם עיניים לכל סוגי העור 30 מל,שסטוביץ,KR,קרם עיניים קלוגן בלו,מיליליטרים,30.00,"100 מ""ל",false,,17.90,0.5967,true,1,2082756
7290111934827,false,"סבון ידיים פלמוליב היגיינה 300 מ""ל",פלמוליב Palmolive,TR,סבון ידיים פלמוליב 3,מיליליטרים,300.00,"100 מ""ל",false,,10.90,0.0363,true,1,1902308
7290111935961,false,מאסטר שף מחית עגבניות 690 גרם,פראנו אנריקו ופיגלי,IT,מחית עגבניות מאסטר ש,גרמים,690.00,100 גרם,false,,9.90,0.0143,true,1,1975499
7290111936296,false,"פלמוליב סבון נוזלי בניחוח סנסיישן מסאז' ,750 מ""ל",קולגייט פלמוליב,TR,סבון נוזלי פלמוליב א,מיליליטרים,750.00,"100 מ""ל",false,,16.90,0.0225,true,1,1932091
7290111936784,false,"מארז פרי חטיפים 5 יח' כשל""פ תמרים ואגוזי לוז",טבעית מוצרים מן הטבע,IL,חטיף תמרים וגוזי לוז,גרמים,125.00,100 גרם,false,,15.90,0.1272,true,1,1894160
7290111937231,false,"מארז פרי חטיפים 5 יח' כשל""פ תמרים וקוקוס",שסטוביץ,IL,חטיף תמרים וקוקוס FR,גרמים,125.00,100 גרם,false,,15.90,0.1272,true,1,1894162
7290111937255,false,פרי מארז חטיפי 5יח תמרים בוטנים ואגוזי לוז 125ג',טבעית מוצרים מן הטבע,IL,חטיף תמרים בוטנים וא,גרמים,125.00,100 גרם,false,,15.90,0.1272,true,1,1894169
7290111937644,false,פצצת אמבט קוקוס לכל סוגי העור,בלונס Balloons,CN,פצצת אמבט קוקוס בלונ,יח',1.00,יח',false,,9.90,9.9000,true,1,2073215
7290111937651,false,פצצת אמבט מנגו לכל סוגי העור,בלונס Balloons,CN,פצצת אמבט מנגו בלונס,יח',1.00,יח',false,,9.90,9.9000,true,1,2073225
7290111937668,false,פצצת אמבט תפוח לכל סוגי העור,בלונס Balloons,CN,פצצת אמבט תפוח בלונס,יח',1.00,יח',false,,9.90,9.9000,true,1,2073216
7290111938481,false,"רוטב סויה בהירה מאסטר שף 300 מ""ל",מאסטר שף,TH,רוטב סויה בהירה מאסט,מיליליטרים,300.00,"100 מ""ל",false,,9.90,0.0330,true,1,2013379
7290111939136,false,קוקי נייר אפייה עגול קוטר 26,קוקי,IL,קוקי נייר אפייה עגול,יח',20.00,יח',false,,7.90,0.3950,true,1,2003032
7290111939143,false,קוקי נייר אפייה עגול קוטר 28,,IL,קוקי נייר אפייה עגול,יח',20.00,יח',false,,7.90,0.3950,true,1,2003033
7290111939181,false,קוקי כיסוי ניילון עם גומי מיקס מידות,שסטוביץ,CN,קוקי ניילון נצמד עם,יח',20.00,יח',false,,9.90,0.4950,true,1,2003021
7290112000057,false,גל כביסה קרטין גולד וולייט 3 ליטר,רקיט בנקיזר,,ווליט ג'ל גולד לשמיר,ליטרים,3.00,ליטר,false,,29.90,9.9667,true,1,1586035
7290112000156,false,"איירוויק מילוי מפיץ אדים אוטמטי לבנדר 20 מ""ל",איירוויק Air Wick,HU,אירוויק מילוי מפיץ א,מיליליטרים,20.00,"100 מ""ל",false,,19.90,0.9950,true,1,1738514
7290112000163,false,מילוי למפזר אדים בניחוח יסמין ואדמונית,איירוויק Air Wick,HU,אירוויק מילוי מפיץ א,מיליליטרים,20.00,"100 מ""ל",false,,19.90,0.9950,true,1,1738515
7290112000170,false,אייר ויק מילוי למפזר אדים אוטומטי מרענן,איירוויק Air Wick,HU,אירוויק מילוי מפיץ א,מיליליטרים,20.00,"100 מ""ל",false,,19.90,0.9950,true,1,1738523
7290112000286,false,"גל לניקוי אסלות סיליט באנג לימון 750 מ""ל",סיליט באנג Cillit Bang,PL,גל אסלות סיליט באנג,מיליליטרים,750.00,"100 מ""ל",false,,9.90,0.0132,true,1,1630573
7290112000293,false,"גל לניקוי אסלות סיליט באנג מרענן 750 מ""ל",סיליט באנג Cillit Bang,PL,גל אסלות סיליט באנג,מיליליטרים,750.00,"100 מ""ל",false,,9.90,0.0132,true,1,1630574
7290112000385,false,מנקה ומחטא עוצמתי למטבח ללא אקונומיקה,רקיט בנקיזר,PL,תרסיס למטבח דטול 750,מיליליטרים,750.00,"100 מ""ל",false,,14.90,0.0199,true,1,1798582
7290112000392,false,מנקה ומחטא עוצמתי לחדר האמבטיה ללא אקונומיקה,רקיט בנקיזר,PL,תרסיס לאמבטיה דטול 7,מיליליטרים,750.00,"100 מ""ל",false,,14.90,0.0199,true,1,1799405
7290112000408,false,מנקה ומחטא עוצמתי לניקוי כללי בניחוח לימון,רקיט בנקיזר,US,תרסיס דטול לניקוי כל,מיליליטרים,750.00,"100 מ""ל",false,,14.90,0.0199,true,1,1798572
7290112000736,false,פיניש ALL IN ONE MAX טבליות 80 יחידות,רקיט בנקיזר,IL,פיניש 80 טבליות AIO,יח',80.00,יח',false,,54.90,0.6862,true,1,1738518
7290112000798,false,"דיטול תרסיסי חיטוי וניקוי אנטי בקטריאלי 750 מ""ל",רקיט בנקיזר,US,תרסיס דטול לניקוי וח,מיליליטרים,750.00,"100 מ""ל",false,,14.90,0.0199,true,1,1799406
7290112000828,false,דטול - מגבונים חיטוי וניקוי אנטי בקטריאלי 60 יח',רקיט בנקיזר,PL,דטול מגבונים לניקוי,יח',60.00,יח',false,,14.90,0.2483,true,1,1799407
7290112000842,false,דטול מגבונים לניקוי כללי בניחות לימון 60 יח',רקיט בנקיזר,US,דטול מגבונים לניקוי,יח',60.00,יח',false,,14.90,0.2483,true,1,1798577
7290112000880,false,מטליות לחות למטבח מנקה ומחטא עוצמתי,רקיט בנקיזר,PL,דטול מגבונים למטבח 6,יח',60.00,יח',false,,14.90,0.2483,true,1,1798583
7290112001023,false,"אירוויק ספרי אוטמטי מילוי תענוגות האביב 250 מ""ל",איירוויק Air Wick,HU,מילוי מבשם אויר אוטו,מיליליטרים,250.00,"100 מ""ל",false,,19.90,0.0796,true,1,1799422
7290112001030,false,"אירוויק ספרי אוטמטי מילוי פריחת הדובדבן 250 מ""ל",איירוויק Air Wick,HU,מילוי מבשם אויר אוטו,מיליליטרים,250.00,"100 מ""ל",false,,19.90,0.0796,true,1,1799423
7290112001238,false,"מנקה מכונת כביסה קולון לימון 250 מ""ל",רקיט בנקיזר,ES,קולון מנקה למכונת כב,מיליליטרים,250.00,"100 מ""ל",false,,14.90,0.0596,true,1,1799425
7290112001436,false,פיניש מנקה ומחדש למדיח בניחוח לימון,רקיט בנקיזר,PL,מנקה מדיח כלים 250 מ,מיליליטרים,250.00,"100 מ""ל",false,,14.90,0.0596,true,1,1990570
7290112001870,false,"סיליט באנג ספריי ניקוי אמבטיה 750 מ""ל",רקיט בנקיזר,PL,סיליט באנג לאמבטיות,מיליליטרים,750.00,"100 מ""ל",false,,14.90,0.0199,true,1,1986288
7290112001900,false,ג'ל למדיח כלים אקולוגי פיניש,RECKITT BENCKISER PR,PL,פיניש ג'ל 1 ליטר אקו,ליטרים,1.00,ליטר,false,,42.90,42.9000,true,1,1986289
7290112002099,false,קולון גל כביסה מרוכז 2.5 ליטר קלאסי,רקיט בנקיזר,IL,ג'ל קולון 2.5 ליטר ר,ליטרים,2.50,ליטר,false,,24.90,9.9600,true,1,1990381
7290112002112,false,ג'ל כביסה מרוכז קולון 101 בניחוח ורדים,רקיט בנקיזר,IL,ג'ל קולון 2.5 ליטר ב,ליטרים,2.50,ליטר,false,,24.90,9.9600,true,1,1990383
7290112002136,false,ג'ל כביסה מרוכז קולון 101 קלאסי,רקיט בנקיזר,IL,קולון ג'ל 4 ליטר רגי,ליטרים,4.00,ליטר,false,,34.90,8.7250,true,1,1990385
7290112002143,false,ג'ל כביסה מרוכז קולון 101 בניחוח לילך,רקיט בנקיזר,IL,קולון ג'ל 4 ליטר ליל,ליטרים,4.00,ליטר,false,,34.90,8.7250,true,1,1990386
7290112002990,false,"סיליט באנג ספריי מסיר שומנים טבעי 750 מ""ל",רקיט בנקיזר,PL,ספריי לניקוי כללי סי,מיליליטרים,750.00,"100 מ""ל",false,,19.90,0.0265,true,1,2023341
7290112003256,false,אבקת כביסה קולון 101 בניחוח לבנדר,זוהר דליה,IL,"אבקת כביסה 1.25ק""ג -",קילוגרמים,1.25,"ק""ג",false,,19.90,15.9200,true,1,2023318
7290112003478,false,"איירוויק ספריי נטול גז אננס ורוזמרין 236 מ""ל",רקיט בנקיזר,PL,מבשם אויר ספריי אירו,מיליליטרים,236.00,"100 מ""ל",false,,19.90,0.0843,true,1,2047687
7290112003508,false,"איירוויק ספריי נטול גז יער ועשבי בר 236 מ""ל",רקיט בנקיזר,PL,מבשם אויר ספריי אירו,מיליליטרים,236.00,"100 מ""ל",false,,19.90,0.0843,true,1,2047688
7290112003515,false,איירוויק בוטניקה ספריי נטול גז בניחוח ור,רקיט בנקיזר,PL,מבשם אויר ספריי אירו,מיליליטרים,236.00,"100 מ""ל",false,,19.90,0.0843,true,1,2047694
7290112004024,false,ג'ל מסיר כתמים לכביסה לבנה וניש אוקסי אקשן,קליה וניש Kalia Vanish,,"וניש גולד ג'ל 940 מ""",מיליליטרים,940.00,"100 מ""ל",false,,24.90,0.0265,true,1,2098593
7290112004031,false,ג'ל מסיר כתמים לכביסה צבעונית וניש אוקסי אקשן,קליה וניש Kalia Vanish,,"וניש גולד ג'ל 940 מ""",מיליליטרים,940.00,"100 מ""ל",false,,24.90,0.0265,true,1,2098594
7290112004109,false,מטליות לחות לניקוי כללי וחיטוי בריח ליים ונענע- מארז,רקיט בנקיזר,PL,דטול מגבונים לניקוי,יח',180.00,יח',false,,21.90,0.1217,true,1,2042958
7290112004161,false,"ספריי אוטמטי מילוי בניחוח סנטורל 250 מ""ל אירוויק",RB בריטניה,GB,מילוי מבשם אויר אוטו,מיליליטרים,250.00,"100 מ""ל",false,,19.90,0.0796,true,1,2046204
7290112004208,false,טבליות למדיח בניחוח לימון 50 יח' פיניש,RECKITT BENCKISER PR,PL,פיניש 50 טבליות לימו,יח',50.00,יח',false,,39.90,0.7980,true,1,2080303
7290112004314,false,"דטול - תרסיס חיטוי וניקוי בניחוח לימון רימונים 750 מ""ל",רקיט בנקיזר,PL,תרסיס למטבח דטול רימ,מיליליטרים,750.00,"100 מ""ל",false,,14.90,0.0199,true,1,2080235
7290112004413,false,ניש ספריי להסרת כתמים מבגדים לבנים 750 מ,רקיט בנקיזר,PL,וניש ספריי לבן 750 מ,מיליליטרים,750.00,"100 מ""ל",false,,19.90,0.0265,true,1,2115931
7290112004611,false,"וניש ג'ל מרוכז לטיפול נקודתי בכתמים 200 מ""ל",רקיט בנקיזר,PT,ג'ל מרוכז להסרת כתמי,מיליליטרים,200.00,"100 מ""ל",false,,16.90,0.0845,true,1,2115932
7290112004772,false,אירוויק מילוי מבשם חשמלי כביסה באוויר,RECKITT BENCKISER HU,HU,מילוי מבשם אויר חשמל,מיליליטרים,19.00,"100 מ""ל",false,,14.90,0.7842,true,1,2128721
7290112004963,false,"פיניש אולטימייט קפסולות לניקוי כלים במדיח, 25 יחידות",רקיט בנקיזר,PL,טבליות למדיח כלים 25,יח',25.00,יח',false,,39.90,1.5960,true,1,2136088
7290112004970,false,פיניש קפסולות אולטימיט למדיח 50 יח',רקיט בנקיזר,IL,טבליות למדיח כלים 50,יח',50.00,יח',false,,54.90,1.0980,true,1,2136089
7290112005045,false,וניש מסיר כתמים אבקה לכביסה לבנה 480 גרם,רקיט בנקיזר,IT,וניש אבקה לכביסה לבנ,גרמים,480.00,100 גרם,false,,16.90,0.0352,true,1,2136090
7290112005052,false,וניש תוסף כביסה רב תכליתי לבגדים לבנים,קליה וניש Kalia Vanish,IT,וניש אבקה לכביסה לבנ,קילוגרמים,1.50,"ק""ג",false,,34.90,23.2667,true,1,2136091
7290112005076,false,וניש תוסף כביסה רב תכליתי צבעוני 480 גרם,רקיט בנקיזר,IT,וניש אבקה לכביסה צבע,גרמים,480.00,100 גרם,false,,16.90,0.0352,true,1,2136092
7290112005083,false,וניש תוסף כביסה רב תכליתי לכביסה צבעונית,קליה וניש Kalia Vanish,IT,וניש אבקה לכביסה צבע,קילוגרמים,1.50,"ק""ג",false,,34.90,23.2667,true,1,2136093
7290112005168,false,טבליות למדיח פיניש קוואנטום לימון 60 יח,רקיט בנקיזר,PL,טבליות למדיח כלים 60,יח',60.00,יח',false,,54.90,0.9150,true,1,2136102
7290112192158,false,"ניוקי תפו""א לל""ג 500 גר GFREE",,IT,"ניוקי תפו""א ללא גלוט",גרמים,500.00,100 גרם,false,,9.90,0.0198,true,1,1984509
7290112192295,false,עוגיות סנדויץ במילוי ללא גלוטן 200 ג',"מוצרי הכט בע""מ",IL,עוגיות סנדויץ שוקולד,גרמים,200.00,100 גרם,false,,18.90,0.0945,true,1,1824376
7290112192561,false,משחת שיניים whitening עם פלואוריד להגנה מלאה,ג'י.אס.קיי קונסיומר,IE,משחת שיניים הגנה מלא,מיליליטרים,75.00,"100 מ""ל",false,,29.90,0.3987,true,1,1989822
7290112192578,false,משחת שיניים פרודונטקס אקסטרה פרש הגנה מלאה,ג'י.אס.קיי קונסיומר,IE,משחת שיניים הגנה מלא,מיליליטרים,75.00,"100 מ""ל",false,,29.90,0.3987,true,1,1989823
7290112192875,false,"סנסודיין - משחת שיניים רגישות וחניכיים 75 מ""ל",סנסודיין Sensodyne,GB,סנסודיין משחת שיניים,מיליליטרים,75.00,"100 מ""ל",false,,29.90,0.3987,true,1,1995020
7290112192882,false,"סנסודיין - משחת שיניים רגישות וחניכיים מלבינה 75 מ""ל",ג'י.אס.קיי קונסיומר,GB,סנסודיין משחת שיניים,מיליליטרים,75.00,"100 מ""ל",false,,29.90,0.3987,true,1,1995021
7290112193223,false,פיתות ללא גלוטן 5 יח 500 גרם,,IL,פיתות 5 יח' 420 גר',גרמים,500.00,100 גרם,false,,17.90,0.0358,true,1,1987031
7290112195227,false,איטריות ביצים דקיקות,אוריינט,,איטריות ביצים דקיקות,גרמים,500.00,100 גרם,false,,13.90,0.0278,true,1,2059132
7290112197177,false,דגני בוקר במילוי קרם בטעם נוגט ללא גלוטן 375 ג' G FREE,נטורל קייקס,IL,דגני בוקר במילוי קר,גרמים,375.00,100 גרם,false,,21.90,0.0584,true,1,2117638
7290112197238,false,מיני קורנפלקס שוקולד חלב 65 גר G FREE,,,דגני בוקר מיני קורנ,גרמים,65.00,100 גרם,false,,7.90,0.1215,true,1,2117649
7290112330352,false,"יוגורט PRO בטעם וניל 0% , 20 גרם חלבון בגביע","שטראוס בריאות בע""מ",IL,דנונה פרו 20 גרם חלב,גרמים,200.00,100 גרם,false,,5.90,0.0295,true,1,1932124
7290112330390,false,יוגורט PRO בטעם פירות יער 0% 20 גרם חלבון בגביע,"שטראוס בריאות בע""מ",IL,דנונה פרו 20 גרם חלב,גרמים,200.00,100 גרם,false,,5.90,0.0295,true,1,1932125
7290112330420,false,דנונה פרו לבן 2.9% שומן 150 ג',מיוצר עי קונדיטוריית,IL,דנונה פרו לבן 2.9% ש,גרמים,150.00,100 גרם,false,,4.40,0.0293,true,1,1883910
7290112332585,false,"פריכיות תפו""א, אורז בתיבול סלק ומלח חי 30 גר'","פרח תעשיו מזון בע""מ",IL,פירכיות משולשות בתיב,גרמים,30.00,100 גרם,false,,4.90,0.1633,true,1,1960621
7290112332691,false,פינוקיות עוגיות קרם פסק זמן אגוזים 200 גרם,הגביע מוצרי ופלים בע,IL,פינוקיות עוגיית קרם,גרמים,200.00,100 גרם,false,,9.90,0.0495,true,1,1975343
7290112335050,false,מרשמלו וניל 150 גרם ווסטהים,טופגאם תעשיות ממתקים,IL,מרשמלו קלאסי 150 גרם,גרמים,150.00,100 גרם,false,,5.90,0.0393,true,1,1892571
7290112335111,false,מסטיק מאסט קוביות בזוקה ללא גלוטן 86 גר,שטראוס עלית,DE,מסטיק קוביות בטעם בז,גרמים,86.00,100 גרם,false,,12.90,0.1500,true,1,1915625
7290112335487,false,פריכיות הטעימות קצח ודגנים אנרגי 135 גר,אנרג'י Energy - שטראוס,IL,הפירכיות הטעימות קצח,גרמים,135.00,100 גרם,false,,11.90,0.0881,true,1,1960557
7290112335494,false,הפריכיות הטעימות תפוחי אדמה בטעם פוטטוס,"פרח תעשיות מזון בע""מ",IL,הפירכיות הטעימות פוט,גרמים,135.00,100 גרם,false,,11.90,0.0881,true,1,1978721
7290112335500,false,"הפריכיות הטעימות חומוס, אורז, עדשים שחורות וקינואה",אנרג'י Energy - שטראוס,IL,הפירכיות הטעימות חלב,גרמים,135.00,100 גרם,false,,11.90,0.0881,true,1,1960558
7290112336637,false,סוכריות מאסט Must ללא סוכר יוגורט תות ואוכניות,שטראוס גרופ,PL,סוכריות מאסט ללא סוכ,גרמים,80.00,100 גרם,false,,7.90,0.0988,true,1,1988718
7290112336644,false,סוכריות מאסט ללא סוכר לימון 80 ג' עלית,שטראוס גרופ,PL,סוכריות מאסט ללא סוכ,גרמים,80.00,100 גרם,false,,7.90,0.0988,true,1,1988719
7290112336651,false,סוכריות מאסט ללא סוכר ריבת חלב 80 ג' עלית,שטראוס גרופ,PL,סוכריות מאסט ללא סוכ,גרמים,80.00,100 גרם,false,,7.90,0.0988,true,1,1988720
7290112336712,false,יוגורט PRO לבן 0% 21 גרם חלבון בגביע,"שטראוס בריאות בע""מ",IL,דנונה פרו 21 גרם חלב,גרמים,200.00,100 גרם,false,,5.90,0.0295,true,1,1897937
7290112337474,false,סוכריות מאסט ללא סוכר פטל לימון 80 ג' עלית,שטראוס גרופ,PL,סוכריות מאסט ללא סוכ,גרמים,80.00,100 גרם,false,,7.90,0.0988,true,1,1988721
7290112337481,false,סוכריות מאסט ללא סוכר קפצ''ינו 80 ג' עלית,שטראוס גרופ,PL,סוכריות מאסט ללא סוכ,גרמים,80.00,100 גרם,false,,7.90,0.0988,true,1,1988722
7290112338877,false,מעדן גבינה בטעם תות 3% 125ג' סקי,"שטראוס בריאות בע""מ",IL,סקי תות 3% 125 גרם,גרמים,125.00,100 גרם,false,,3.70,0.0296,true,1,1854546
7290112339171,false,מילקי מוס עם שוקולד וקצפת,מיוצר עי קונדיטוריית,IL,מילקי מוס,גרמים,81.00,100 גרם,false,,3.20,0.0395,true,1,1854548
7290112339867,false,גמדים לדרך גבינה לבנה עם מחית תות,שטראוס,IL,גמדים סקוויז לדרך בו,גרמים,100.00,100 גרם,false,,5.50,0.0550,true,1,1898105
7290112339874,false,גמדים לדרך גבינה לבנה עם מחיות תות ובננה,שטראוס,IL,גמדים סקוויז לדרך בו,גרמים,100.00,100 גרם,false,,5.50,0.0550,true,1,1898104
7290112340122,false,פריכיות טעימות 3 דגנים אנרגי 135 גר,אנרג'י Energy - שטראוס,IL,הפירכיות הטעימות 3 ד,גרמים,135.00,100 גרם,false,,11.90,0.0881,true,1,1960563
7290112340245,false,צנצנת מסטיק מאסט בטעם דובדבן 66 ג' עלית,"שטראוס גרופ בע""מ",IL,קופסאת מסטיק מאסט בט,גרמים,66.00,100 גרם,false,,8.90,0.1348,true,1,1915626
7290112340276,false,פינוקיות עוגיות קרם קפה 200 גרם,הגביע מוצרי ופלים בע,IL,עוגיית קרם קפה נמס,גרמים,200.00,100 גרם,false,,9.90,0.0495,true,1,1975345
7290112340900,false,קפה טורקי האג נטול קפאין 200 גרם,הנסיך- מפעל לייצור ט,IL,קפה טורקי האג 200 גר,גרמים,200.00,100 גרם,false,,25.90,0.1295,true,1,2031389
7290112341556,false,אקטיביה עם צ'יה ותות 150 ג' דנונה,דנונה - שטראוס,IL,יוגורט אקטיביה עם צ',גרמים,150.00,100 גרם,false,,4.50,0.0300,true,1,1988966
7290112341679,false,דנונה אקטיביה 3% שומן 200 גרם,מיוצר עי קונדיטוריית,IL,אקטיבייה 3% 200 גרם,גרמים,200.00,100 גרם,false,,3.90,0.0195,true,1,1988967
7290112341686,false,מארז אקטיביה שמיניה 3% 150 גר*8,מיוצר עי קונדיטוריית,IL,מארז 8 יח' אקטיביה 3,גרמים,1200.00,100 גרם,false,,18.90,0.0157,true,1,1988989
7290112342102,false,סימפוניה גבינה במרקם שמנת בצל מקורמל 5%,"שטראוס בריאות בע""מ",IL,סימפוניה בצל מקורמל,גרמים,200.00,100 גרם,false,,10.90,0.0545,true,1,1998635
7290112343260,false,"יטבתה רוטב שמנת קלאסי 9% שומן 260 מ""ל",שטראוס גרופ,IL,רוטב שמנת קלאסי 9% ש,גרמים,260.00,100 גרם,false,,9.90,0.0381,true,1,1994112
7290112343420,false,"משקה חלב עם דגנים מלאים ובננה פרו יטבתה 350מ""ל",מחלבת יטבתה,IL,משקה יוטבתה פרו ארוח,מיליליטרים,350.00,"100 מ""ל",false,,6.90,0.0197,true,1,1994115
7290112343499,false,חטיף צ'יטוס פאפס אפוי בטעם גבינה,"שטראוס פריטו ליי בע""",IL,צ'יטוס פאפס 55 גרם,גרמים,55.00,100 גרם,false,,3.50,0.0636,true,1,2095835
7290112344724,false,מעדן בטעם שוקולד בלונדי 170 ג' מילקי,מיוצר עי קונדיטוריית,IL,מילקי בטעם שוקולד בל,גרמים,133.00,100 גרם,false,,3.20,0.0241,true,1,1994163
7290112344755,false,מילקי שוקולד 26% פחות סוכר 135 גרם,מיוצר עי קונדיטוריית,IL,מעדן מילקי 26% פחות,גרמים,135.00,100 גרם,false,,2.80,0.0207,true,1,2046396
7290112344786,false,קפה פלטינום קלאסיק 200 ג' עלית,הנסיך- מפעל לייצור ט,IL,קפה פלטינום קלאסיק,גרמים,200.00,100 גרם,false,,29.90,0.1495,true,1,2010373
7290112344953,false,סימפוניה חציל קלוי גבינה במקרם שמנת 5%,"שטראוס בריאות בע""מ",IL,סימפוניה חציל קלוי 5,גרמים,200.00,100 גרם,false,,10.90,0.0545,true,1,2058968
7290112345219,false,מארז קפה ברזילאי 25 סטיקים פלטינום 50 ג',עלית,,מארז 25 סטיקים פלטינ,גרמים,50.00,100 גרם,false,,9.90,0.1980,true,1,2010374
7290112346797,false,יוגורט אקטיביה שיבולת שועל ושזיף 150 גרם,מיוצר עי קונדיטוריית,IL,יוגורט אקטיביה שיבול,גרמים,150.00,100 גרם,false,,4.50,0.0300,true,1,2011628
7290112347008,false,גמדים לדרך גבינה לבנה עם מחית תות ושיבולת שועל,מיוצר עי קונדיטוריית,IL,גמדים ארוחת בוקר תות,גרמים,100.00,100 גרם,false,,5.50,0.0550,true,1,1994145
7290112348142,false,שעועית לבנה 380 גר' בקופסה טעם הטבע,שטראוס טעם הטבע,IT,שעועית לבנה טעם הטבע,גרמים,380.00,100 גרם,false,,6.90,0.0182,true,1,2013915
7290112348616,false,עלית - קפה נמס אגוזי לוז 100 גרם,,IL,קפה נמס אגוזי לוז,גרמים,100.00,100 גרם,false,,14.90,0.1490,true,1,2039238
7290112348999,false,פריכיות טעימות תירס דקות 135 גרם,פרח תעשיות,IL,הפירכיות הטעימות תי,גרמים,135.00,100 גרם,false,,11.90,0.0881,true,1,2046108
7290112349316,false,מסטיק בזוקה פופים ממולא בטעם תות ללא סוכר,רוג'ר אנד רוג'ר,DE,מסטיק בזוקה ביג פופי,גרמים,86.00,100 גרם,false,,12.90,0.1500,true,1,2010366
7290112349606,false,מעדן גבינה ויוגורט תות בננה 88 ג' דניאלה,"שטראוס בריאות בע""מ",IL,מעדן דניאלה תות בננ,גרמים,88.00,100 גרם,false,,3.90,0.0443,true,1,2104099
7290112349705,false,פומודורו רוטב עגבניות קלאסי לפסטה 350 גר' יד מרדכי,אמיליאנה קונסרב סוסי,IT,רוטב עגבניות קלאסי ל,גרמים,350.00,100 גרם,false,,11.90,0.0340,true,1,1997537
7290112349736,false,בזיליקום רוטב עגבניות לפסטה 350 גר' יד מרדכי,אמיליאנה קונסרב סוסי,IT,רוטב עגבניות בזילקום,גרמים,350.00,100 גרם,false,,11.90,0.0340,true,1,1997538
7290112349750,false,פיצה רוטב עגבניות לפיצה 350 גר' יד מרדכי,אמיליאנה קונסרב ס.פ.,IT,רוטב עגבניות לפיצה 3,גרמים,350.00,100 גרם,false,,11.90,0.0340,true,1,1997540
7290112349897,false,מסטיק מאסט Must קוביות בטעם מנטה ללא סוכר,רוג'ר אנד רוג'ר,DE,מסטיק קוביות מנטה,גרמים,86.00,100 גרם,false,,12.90,0.1500,true,1,2010379
7290112350312,false,קפסולות 15 קפה יותר למכונות נספרסו עלית 10יח',הנסיך- מפעל לייצור ט,IL,קפסולות 15 למכונת נס,גרמים,50.00,100 גרם,false,,16.50,0.3300,true,1,2033998
7290112350589,false,ציקו אבקה להכנת משקה ציקוריה 65 גר,שטראוס קפה בי.וי,IL,אבקה להכנת משקה ציקו,גרמים,65.00,100 גרם,false,,10.90,0.1677,true,1,2022917
7290112351067,false,סילאן טבעי 100% תמר מג'הול ללא תוספת סוכר,יד מרדכי,IL,סילאן לחיץ 630 גרם,גרמים,630.00,100 גרם,false,,22.90,0.0363,true,1,2010380
7290112351463,false,שלישיית סוכריות מאסט FRESH פטל לימון 45 ג' עלית,עלית,,שלישיית סוכריות פרש,גרמים,45.00,100 גרם,false,,7.90,0.1756,true,1,2019603
7290112351470,false,סוכריות ללא סוכר בטעם תות רימון מאסט פרש,עלית,,שלישיית סוכריות פרש,גרמים,45.00,100 גרם,false,,7.90,0.1756,true,1,2019604
7290112351524,false,עלי סלנובה טעם הטבע,שטראוס בריאות ירקות,IL,עלי סלנובה 200 גרם ג,גרמים,200.00,100 גרם,false,,12.90,0.0645,true,1,2022513
7290112354945,false,חטיף תפוצ'יפס WAVY בטעם טבעי,שטראוס פריטו ליי בע”,IL,תפוצ'יפס 50 גרם טבעי,גרמים,50.00,100 גרם,false,,3.90,0.0780,true,1,2149132
7290112354952,false,חטיף תפוצ'יפס WAVY בטעם פפריקה,שטראוס פריטו ליי בע”,IL,תפוצ'יפס 50 גרם פפרי,גרמים,50.00,100 גרם,false,,3.90,0.0780,true,1,2149133
7290112355102,false,גמדים סקוויז 100 גרם פאוץ סלט פירות 100 גרם,"שטראוס בריאות בע""מ",IL,גמדים פאוץ' סלט פירו,גרמים,100.00,100 גרם,false,,5.50,0.0550,true,1,2048420
7290112355393,false,"יטבתה רוטב שמנת+בטטה 9% שומן 250 מ""ל",שטראוס גרופ,IL,רוטב שמנת עם בטטה יט,גרמים,257.00,100 גרם,false,,9.90,0.0385,true,1,2150323
7290112355812,false,מילקי טופ קורנפלקס 141 ג' שטראוס,"שטראוס גרופ בע""מ",IL,מעדן מילקי טופ קורנפ,גרמים,141.00,100 גרם,false,,4.30,0.0305,true,1,2127701
7290112357045,false,עגבניות איטלקיות מרוסקות 390 גר' בקופסה טעם הטבע,שטראוס טעם הטבע,IT,עגבניות איטלקיות מרו,גרמים,390.00,100 גרם,false,,6.90,0.0177,true,1,2013916
7290112357069,false,מחית עגבניות איטלקיות בקופסה 500 גר' טעם הטבע,שטראוס טעם הטבע,IT,מחית עגבניות איטלקית,גרמים,500.00,100 גרם,false,,7.90,0.0158,true,1,2013917
7290112357083,false,טעם הטבע אפונה ירוקה 380 גרם קופסה,הדקלאים אגודת שיתופי,IT,אפונת גינה טעם הטבע,גרמים,380.00,100 גרם,false,,6.90,0.0182,true,1,2013929
7290112357106,false,שעועית אדומה 380 גר' בקופסה טעם הטבע,שטראוס טעם הטבע,IT,שעועית אדומה טעם הטב,גרמים,380.00,100 גרם,false,,6.90,0.0182,true,1,2013918
7290112357113,false,גרגרי חומוס בקופסה 380 גר' טעם הטבע,שטראוס טעם הטבע,IT,גרגרי חומוס טעם הטבע,גרמים,380.00,100 גרם,false,,6.90,0.0182,true,1,2013905
7290112357175,false,קפסולות בוסט למכונות נספרסו 50 גר,שטראוס קפה בי.וי,IL,קפסולות BOOST למכונו,גרמים,50.00,100 גרם,false,,16.50,0.3300,true,1,2002976
7290112357892,false,סוכריות FRESH מנטה שלישיה 3*15 גר',הליקון גידה,TR,שלישיית סוכריות פרש,גרמים,45.00,100 גרם,false,,7.90,0.1756,true,1,2019607
7290112358004,false,חטיף פסק זמן קראנץ 32 גרם,שולן צ'יקולטה גידה ס,IL,חטיף פסק זמן קראנץ,גרמים,32.00,100 גרם,false,,4.90,0.1531,true,1,2045885
7290112358127,false,דנונה פרו חלבון+מגנזיום- וניל ועוגיות 200 גרם,מיוצר עי קונדיטוריית,IL,דנונה פרו 20 גרם עם,גרמים,200.00,100 גרם,false,,5.90,0.0295,true,1,2043340
7290112358219,false,יד מרדכי רוטב צ'ילי מתוק 300 גרם,אף.סי תבליני בגליל ב,IL,רוטב צ'ילי מתוק 320,גרמים,300.00,100 גרם,false,,12.90,0.0430,true,1,2022926
7290112358240,false,רוטב גריל יד מרדכי 300 גרם,"בית אל מזון בע""מ",IL,רוטב לעוף גריל,גרמים,300.00,100 גרם,false,,12.90,0.0430,true,1,2013907
7290112358431,false,עד חצות דאבל ביסקוויט עם שוקולד חלב -8 אריזות אישיות,הדקלאים אגודת שיתופי,IL,ביסקויט עד חצות דאבל,גרמים,200.00,100 גרם,false,,12.90,0.0645,true,1,2068959
7290112358554,false,מארז קפה נמס מנות אישיות לדרך 50.4 גר,שטראוס רומניה,RO,מארז נמס לדרך,גרמים,50.40,100 גרם,false,,11.90,0.2361,true,1,2033999
7290112359353,false,קפה טורקי קלוי וטחון אלדין,שטראוס,IL,קפה אלדין 200 גרם,גרמים,200.00,100 גרם,false,,18.90,0.0945,true,1,2102468
7290112359902,false,"קפה פלטינום ברזיל עלית, 47 גרם",אינסטנטה,PL,קפה פלטינום ברזיל 47,גרמים,47.00,100 גרם,false,,9.90,0.2106,true,1,2096674
7290112490032,false,"נמס בכוס תירס קנור בד""ץ, זוגי 22.5X2 גרם,",יוניליוור,IL,נמס בכוס תירס זוגות,גרמים,45.00,100 גרם,false,,6.50,0.1444,true,1,1754815
7290112490209,false,נמס בכוס מרק עגבניות עם קרוטונים רכיבים טבעיים,אתר חיפה אבקות - Foo,IL,נמס בכוס זוג עגבניות,גרמים,56.00,100 גרם,false,,6.50,0.1161,true,1,1744115
7290112490216,false,נמס בכוס מרק עוף עם קרוטונים רכיבים טבעיים,אתר חיפה אבקות - Foo,IL,נמס בכוס זוג עוף עם,גרמים,48.00,100 גרם,false,,6.50,0.1354,true,1,1744116
7290112490230,false,קנור מרק נמס בכוס אפונה רכיבים טבעיים,אתר חיפה אבקות - Foo,IL,נמס בכוס אפונה 100%ר,גרמים,50.00,100 גרם,false,,6.50,0.1300,true,1,1744138
7290112490582,false,חרדל דיזון צרפתי 350 ג' הלמנס,הלמנס hellmann's,FR,חרדל הלמנס דיז'ון,גרמים,350.00,100 גרם,false,,12.90,0.0369,true,1,1755613
7290112490599,false,חרדל צרפתי עם גרגרים שלמים 350ג',הלמנס hellmann's,FR,חרדל הלמנס עם גרגרים,גרמים,350.00,100 גרם,false,,12.90,0.0369,true,1,1755614
7290112490667,false,קונפיטורה משמש 340 גרם-צנצנת,אתר חיפה 778 - Food,IL,קונפיטורת משמש 778 3,גרמים,340.00,100 גרם,false,,12.90,0.0379,true,1,1736681
7290112490735,false,מרק עשיר עגבניות פסטה ר.טבעי קנור 105ג',יוניליוור,IL,מרק עשיר ר.טיבעיים ע,גרמים,80.00,100 גרם,false,,9.90,0.1238,true,1,1799660
7290112490742,false,מרק עשיר פטריות עם גריסים רכיבים טבעיים 104 ג' קנור,יוניליוור,IL,מרק עשיר ר.טיבעיים ג,גרמים,80.00,100 גרם,false,,9.90,0.1238,true,1,1799661
7290112490759,false,מרק עשיר עוף עם אטריות רכיבים טבעיים 74 ג' קנור,יוניליוור,IL,מרק עשיר ר.טיבעיים א,גרמים,80.00,100 גרם,false,,9.90,0.1238,true,1,1799662
7290112490896,false,"קנור רוטב צ'ילי חריף 370 מ""ל PAL",יוניליוור,IL,רוטב צ'ילי חריף 370,מיליליטרים,370.00,"100 מ""ל",false,,12.90,0.0349,true,1,1813214
7290112491794,false,בייגלה דקים דקים בטעם שמנת בצל 300 גרם,בייגל בייגל BB,IL,בייגלה דקים דקים 300,גרמים,300.00,100 גרם,false,,9.90,0.0330,true,1,1825732
7290112492456,false,"שמפו פינוק לשיער יבש/פגום 700 מ""ל",יוניליוור ישראל טיפו,IL,שמפו פינוק יבש,מיליליטרים,700.00,"100 מ""ל",false,,11.90,0.0170,true,1,2012944
7290112492470,false,פינוק 2ב-1 שמפו ומרכך לשיער יבש ופגום,אתר ליוור - HPC,IL,שמפו פינוק 2 ב-1 יבש,מיליליטרים,700.00,"100 מ""ל",false,,11.90,0.0170,true,1,2047055
7290112492500,false,פינוק שמפו לשיער עם שמן קוקוס 700 מל,"יוניליור ישראל, טיפו",IL,שמפו פינוק שמן קוקוס,מיליליטרים,700.00,"100 מ""ל",false,,11.90,0.0170,true,1,2013051
7290112492548,false,"מרכך פינוק עם שמן חוחובה 700 מ""ל",אתר ליוור - HPC,IL,מרכך פינוק יבש,מיליליטרים,700.00,"100 מ""ל",false,,11.90,0.0170,true,1,1994194
7290112492555,false,"פינוק מרכך שמן מרוקאי 700 מ""ל",,,"מרכך פינוק 700 מ""ל",מיליליטרים,700.00,"100 מ""ל",false,,11.90,0.0170,true,1,1994195
7290112492609,false,"תחליב רחצה פינוק 700 מ""ל לבנדר ווניל",אתר ליוור - HPC,IL,תחליב רחצה פינוק לבנ,מיליליטרים,700.00,"100 מ""ל",false,,10.90,0.0156,true,1,1994199
7290112492715,false,"פינוק שמפו ללא דמעות לסירוק קל לילדים 700 מ""ל",אתר ליוור - HPC,IL,שמפו פינוק לילדים,מיליליטרים,700.00,"100 מ""ל",false,,13.90,0.0199,true,1,2015446
7290112492722,false,"2ב-1 שמפו ומרכך פינוק אל דמע לסירוק קל לילדים 700 מ""ל",אתר ליוור - HPC,IL,שמפו ומרכך פינוק ילד,מיליליטרים,700.00,"100 מ""ל",false,,13.90,0.0199,true,1,2015447
7290112492746,false,"פינוק מרכך ללא דמעות לסירוק קל לילדים 700 מ""ל",אתר ליוור - HPC,IL,מרכך פינוק ילדים,מיליליטרים,700.00,"100 מ""ל",false,,13.90,0.0199,true,1,2015448
7290112492753,false,"פינוק לילדים אל סבון לרחצה 700 מ""ל",אתר ליוור - HPC,IL,אל סבון פינוק ילדים,מיליליטרים,700.00,"100 מ""ל",false,,13.90,0.0199,true,1,2015449
7290112492944,false,"קנור אבקת מרק עוף אמיתי 400 גרם כשל""פ",יוניליוור ישראל מזון,IL,מרק עוף אמיתי בשרי ק,גרמים,400.00,100 גרם,false,,19.90,0.0497,true,1,2005294
7290112492982,false,"אבקת מרק פטריות כשל""פ 100% רכיבים טבעיים 400 גרם",יוניליוור ישראל מזון,IL,מרק פיטריות 400 גר ר,גרמים,400.00,100 גרם,false,,24.90,0.0622,true,1,1993665
7290112493088,false,נמס בכוס עדשים מרק רכיבים טבעיים קנור 54 ג',אתר חיפה אבקות - Foo,IL,נמס בכוס זוג עדשים 1,גרמים,54.00,100 גרם,false,,6.50,0.1204,true,1,1964618
7290112493095,false,נמס בכוס מרק עגבניות חריף רכיבים טבעיים קנור 48 ג',אתר חיפה אבקות - Foo,IL,נמס בכוס זוג עגבניות,גרמים,48.00,100 גרם,false,,6.50,0.1354,true,1,1964619
7290112493293,false,קנור - נמס ירקות וקרוטונים ר.טבעי 44 גרם,אתר חיפה אבקות - Foo,IL,נמס בכוס זוג ירקות 1,גרמים,44.00,100 גרם,false,,6.50,0.1477,true,1,1964620
7290112493316,false,מרק אפונה רכיבים טבעיים 117 ג' קנור,יוניליוור,IL,מרק אפונה 100% רכיבי,גרמים,117.00,100 גרם,false,,9.90,0.0846,true,1,1964621
7290112494153,false,תיבולית ניחוח צלי קנור 72 גרם,יוניליוור ישראל מזון,IL,תיבולית קנור צלי 72,גרמים,72.00,100 גרם,false,,9.90,0.1375,true,1,1990370
7290112494221,false,קליק - ביסקויט תפזורת 65 גרם,יוניליוור ישראל מזון,IL,קליק בסקוויט 65 גרם.,גרמים,65.00,100 גרם,false,,5.90,0.0908,true,1,1990856
7290112494238,false,קליק - כדורים חלב תפזורת 65 גרם,יוניליוור ישראל מזון,IL,חטיף שוקולד קליק כדו,גרמים,65.00,100 גרם,false,,5.90,0.0908,true,1,1990857
7290112494283,false,קליק - מעורב חום לבן תפזורת 65 גרם,יוניליוור ישראל מזון,IL,קליק חום לבן 65 גרם.,גרמים,65.00,100 גרם,false,,5.90,0.0908,true,1,1990860
7290112494313,false,קליק - קורנפלקס תפזורת 65 גרם,יוניליוור ישראל מזון,IL,קליק קורנפלקס 65 גרם,גרמים,65.00,100 גרם,false,,5.90,0.0908,true,1,1990862
7290112494382,false,פירה בטעם ביתי 260 גרם-קופסא,יוניליוור ישראל מזון,IL,קנור פירה בטעם ביתי,גרמים,260.00,100 גרם,false,,12.90,0.0496,true,1,1990081
7290112494610,false,קנור רוטב עגבניות פיקנטי לדג 415 גרם,קונסורזיו קאסאלאסקו,IL,רוטב קנור פיקנטי לדג,גרמים,415.00,100 גרם,false,,12.90,0.0311,true,1,1990371
7290112495037,false,דגני בוקר בטעם שוקולד כדורים 375 ג' קוקומן,יוניליוור שפע ישראל,IL,קוקומן כדורים 375 בד,גרמים,375.00,100 גרם,false,,19.90,0.0531,true,1,1990849
7290112495044,false,קוקומן פצפוצים בטעם שוקולד,יוניליור שפע ישראל ב,IL,"קוקומן פצפוצים בד""צ",גרמים,375.00,100 גרם,false,,19.90,0.0531,true,1,1990863
7290112495112,false,נשנושים זעתר ב.בייגל 260ג',בייגל את בייגל מזון,IL,נשנושים זעתר 260 גרם,גרמים,260.00,100 גרם,false,,12.90,0.0496,true,1,1990865
7290112495174,false,נשנושים קוקטייל שומשום 300ג' ב.בייגל,בייגל את בייגל מזון,IL,נשנושים 300 גרם קוקט,גרמים,300.00,100 גרם,false,,12.90,0.0430,true,1,1990870
7290112495280,false,ריבועי ברנפלקס קינמון 400 גרם,אתר שפע - Food,IL,ריבועי ברנפלקס קינמו,גרמים,400.00,100 גרם,false,,22.90,0.0572,true,1,2003148
7290112495662,false,קרקר חיטה מלאה ופשתן בייגל בייגל 300 גרם,"מיוצר ע""י קוד יצרן A",IL,קרקר חיטה מלאה עם פש,גרמים,300.00,100 גרם,false,,8.90,0.0297,true,1,2036254
7290112495747,false,רוטב צ''ילי מתוק כ 70% פחות סוכר 340 ג' קנור,יוניליוור ישראל מזון,IL,קנור רוטב צ'ילי מתוק,גרמים,340.00,100 גרם,false,,12.90,0.0379,true,1,2005258
7290112495754,false,"רטבי הלמנס לסלט 300 מ""ל אלף האיים",יוניליוור ישראל מזון,IL,רוטב לסלט הלמנס אלף,גרמים,305.00,100 גרם,false,,12.90,0.0423,true,1,2005267
7290112495785,false,רוטב לסלט שום הלמנס 300ג,יוניליוור ישראל מזון,IL,רוטב הלמנס שום,גרמים,300.00,100 גרם,false,,12.90,0.0430,true,1,1998218
7290112495808,false,"רטבי הלמנס לסלט 300 מ""ל חרדל ודבש",יוניליוור ישראל מזון,IL,רוטב לסלט הלמנס חרדל,גרמים,305.00,100 גרם,false,,12.90,0.0423,true,1,2005298
7290112495822,false,כריות BLAK שוקולד וניל 686 גר',יוניליוור שפע ישראל,IL,כריות בלאק 686 גרם.,גרמים,686.00,100 גרם,false,,24.90,0.0363,true,1,1994224
7290112495938,false,קרקר 6 דגנים בייגל בייגל 250 גרם,"מיוצר ע""י קוד יצרן A",IL,קרקר 6 דגנים,גרמים,250.00,100 גרם,false,,8.90,0.0356,true,1,2036257
7290112496027,false,סירופ שוקולד 580 גרם-בקבוק,יוניליוור ישראל מזון,IL,סירופ שוקולד 580 גרם,גרמים,580.00,100 גרם,false,,14.90,0.0257,true,1,2005487
7290112496034,false,סירופ מייפל אפיכל 580 גרם,יוניליוור ישראל מזון,IL,סירופ מייפל 580 גרם,גרמים,580.00,100 גרם,false,,14.90,0.0257,true,1,2005488
7290112496287,false,פתית - צ'יפס בטטה בטעם טבעי 21 גרם,JLM גלובל פודס37 דרך,GB,פתית צ'יפס בטטה בטעם,גרמים,22.00,100 גרם,false,,4.90,0.2227,true,1,2024806
7290112496294,false,חטיף פתית צ'יפס עם אפונה ירוקה צהובה וצ'ילי,JLM גלובל פודס37 דרך,GB,פתית צ'יפס אפונה בתו,גרמים,22.00,100 גרם,false,,4.90,0.2227,true,1,2024807
7290112496331,false,קורנפלקס בננה תלמה 448 גר'.,אתר שפע - Food,IL,קורנפלקס בננה 448 גר,גרמים,448.00,100 גרם,false,,19.90,0.0444,true,1,2066265
7290112496430,false,קנור נמס בכוס אקסטרה עגבניות+איטריות 37 גרם - רבנות,יוניליוור ישראל מזון,IL,מרק נמס בכוס אקסטרא,גרמים,37.00,100 גרם,false,,3.90,0.1054,true,1,2047048
7290112496447,false,נמס בכוס אקסטרה טעם עוף עם המון אטריות 27ג',יוניליוור ישראל מזון,IL,מרק נמס בכוס אקסטרא,גרמים,27.00,100 גרם,false,,3.90,0.1444,true,1,2047042
7290112496461,false,נמס בכוס אקסטרה מרק ירקות עם המון אטריות,יוניליוור ישראל מזון,IL,מרק ירקות עם המון אט,גרמים,32.00,100 גרם,false,,3.90,0.1219,true,1,2044027
7290112497000,false,פנטסטיק תרכיז ניקוי רב תכליתי בניחוח לימון,"זוהר דליה, קיבוץ דלי",IL,פנטסטיק 1 ליטר,ליטרים,1.00,ליטר,false,,12.90,12.9000,true,1,2010625
7290112497123,false,תערובת להכנת מעדן בטעם סחלב,יוניליוור ישראל מזון,IL,סחלב 112 גרם קנור,גרמים,112.00,100 גרם,false,,12.90,0.1152,true,1,2040886
7290112497499,false,טבלה שוקולד לבן ועוגיות קליק 85 ג',יוניליוור,IL,טבלת XL קליק שוקולד,גרמים,85.00,100 גרם,false,,4.90,0.0576,true,1,2075375
7290112497864,false,אבקת מרק בטעם עוף רכיבים טבעיים 33% פחות נתרן 400 גרם,יוניליוור,IL,מרק בטעם עוף רכיבים,גרמים,400.00,100 גרם,false,,24.90,0.0622,true,1,2044029
7290112497932,false,נשנושים חטיף בטעם שמנת בצל באריזה אישית 60 ג',"דרך השוקולד 1, צפת 1",IL,נישנושים חטיף בטעם ש,גרמים,60.00,100 גרם,false,,3.90,0.0650,true,1,2044031
7290112498007,false,גרנולה פרוטאין בתוספת חלבון שקדים וחמוציות תלמה 300 ג',חטיפי העמק,IL,גרנולה פרוטאין בתוספ,גרמים,300.00,100 גרם,false,,15.90,0.0530,true,1,2067776
7290112498441,false,רוטב אסייתי למוקפץ קנור 370 גרם,אתר חיפה 778 - Food,IL,רוטב אסייאתי למוקפץ,מיליליטרים,370.00,"100 מ""ל",false,,12.90,0.0349,true,1,2059189
7290112498526,false,פתית צ'יפס בטטה סגולה בטעם שמנת בצל 22 גרם,JLM גלובל פודס37 דרך,GB,פתית צ'יפס עם בטטה ס,גרמים,22.00,100 גרם,false,,4.90,0.2227,true,1,2073898
7290112499448,false,"מרכך פינוק בתוספת שמן מרוקאי 700 מ""ל",יוניליוור ישראל טיפו,IL,מרכך פינוק שמן מרוקא,מיליליטרים,700.00,"100 מ""ל",false,,11.90,0.0170,true,1,2066250
7290112499462,false,פינוק תחליב רחצה 700 בתוספת שמן קוקוס,יוניליוור ישראל טיפו,IL,תחליב רחצה פינוק שמן,מיליליטרים,700.00,"100 מ""ל",false,,10.90,0.0156,true,1,2066252
7290112499493,false,"רקסונה - דאודורנט ספריי לאישה אלוורה 150 מ""ל",יונילוור ארגנטינה -,RU,דאודורנט ספריי רקסונ,מיליליטרים,150.00,"100 מ""ל",false,,13.90,0.0927,true,1,2103313
7290112635921,false,כסא קלאב 2 -לבן401,,,כסא קלאב 2 לבן,יחידה,0.00,יחידה,false,,49.90,0.0000,true,1,2073715
7290112960542,false,בונזור לחם מחמצת קלמטה קנוי 12*480גר,בונז'ור,,לחם מחמצת זתי קלמטה,יחידה,0.00,יחידה,false,,16.90,0.0000,true,1,1777042
7290112960580,false,בונזור לחם מחמצת כוסמין 12*480גר קנוי,בונז'ור,,לחם מחמצת כוסמין (בר,יחידה,0.00,יחידה,false,,16.90,0.0000,true,1,1777044
7290112960603,false,בונז'ור לחם מחמצת אגוזים צימוקים 480ג',בונז'ור,,לחם מחמצת אגוזים צימ,יחידה,0.00,יחידה,false,,16.90,0.0000,true,1,1777045
7290112961266,false,בייגלה כפיות פיזור איטלקי 300 ג' אסם,"אסם תעשיות בע""מ",IL,בייגלה שטוחים כפיות,גרמים,300.00,100 גרם,false,,10.90,0.0363,true,1,1911698
7290112961372,false,פיטנס חטיפי פריכיות דקות קינמון 60 גרם,"פרח תעשיות מזון בע""מ",IL,פירכיות דקות פיטנס ק,גרמים,60.00,100 גרם,false,,7.90,0.1317,true,1,1837936
7290112961440,false,פיטנס חטיפי פריכיות שוקולד מריר 84 גרם,פרח תעשיות,IL,פיטנס בר פריכיות שוק,גרמים,72.00,100 גרם,false,,11.90,0.1653,true,1,2017050
7290112961464,false,פיטנס חטיפי פריכיות דגנים וחומוס מתובלות,"פרח תעשיות מזון בע""מ",IL,פירכיות דקות פיטנס מ,גרמים,60.00,100 גרם,false,,7.90,0.1317,true,1,1837937
7290112961754,false,עוגיות שוקולד ציפס עם קרם בטעם אגוזים,מיוצר עי קונדיטוריית,IL,עוגיות שוקוצ'יפס קרם,גרמים,220.00,100 גרם,false,,10.90,0.0495,true,1,1860437
7290112962287,false,טבעול שווארמה טבעונית 6*450 גרם,מיוצר עי קונדיטוריית,IL,שוארמה טבעונית טבעול,גרמים,450.00,100 גרם,false,,29.90,0.0664,true,1,1998571
7290112962737,false,טבעול שניצל מן הצומח עם חלבון 664 גר',עיצובים 2020 (4.8),IL,טבעול שניצל מן הצומח,גרמים,664.00,100 גרם,false,,29.90,0.0450,true,1,2002446
7290112963321,false,גרטיפי בייגלה שטוח הכל ללא גלוטן 300 גר,מיוצר עי קונדיטוריית,IL,בייגלה שטוח ללא גלוט,גרמים,300.00,100 גרם,false,,14.90,0.0497,true,1,2014041
7290112963918,false,פיטנס חטיפי קרקר דק רוזמרין 140 גרם,נסטלה Nestle,IL,חטיפי קרקר דק רוזמרי,גרמים,140.00,100 גרם,false,,10.90,0.0779,true,1,1968979
7290112964410,false,רוטב אוסם אלף האיים לסלט 290 ג' אסם,"אסם תעשיות בע""מ",IL,רוטב אלף האיים לסלט,מיליליטרים,290.00,"100 מ""ל",false,,10.90,0.0376,true,1,1982010
7290112964434,false,"רוטב לסלט קיסר 295 מ""ל אסם","אסם תעשיות בע""מ",IL,רוטב לסלט קיסר 295 מ,מיליליטרים,295.00,"100 מ""ל",false,,10.90,0.0369,true,1,1968981
7290112964472,false,"רוטב שום לסלט 290 מ""ל אסם","אסם תעשיות בע""מ",IL,"רוטב שום לסלט 290 מ""",מיליליטרים,290.00,"100 מ""ל",false,,10.90,0.0376,true,1,1968983
7290112964564,false,"רוטב אלף האיים לייט לסלט 290 מ""ל אסם","אסם תעשיות בע""מ",IL,רוטב אלף האיים לייט,מיליליטרים,295.00,"100 מ""ל",false,,10.90,0.0369,true,1,1990709
7290112964601,false,רוטב בנוסח סצ'ואן הסדרה האסייתית,"אסם תעשיות בע""מ",IL,רוטב בנוסח סצואן 290,מיליליטרים,290.00,"100 מ""ל",false,,14.90,0.0514,true,1,1932122
7290112964625,false,רוטב שום לייט לסלט 310 גרם אסם,"אסם תעשיות בע""מ",IL,רוטב שום לייט 5% שומ,מיליליטרים,310.00,"100 מ""ל",false,,10.90,0.0352,true,1,1968984
7290112964687,false,בונז'ור לחם מחמצת דגנים 12*480גר,בונז'ור,,לחם מחמצת דגנים (ברק,יחידה,0.00,יחידה,false,,16.90,0.0000,true,1,1911711
7290112964724,false,טבעול המבורגר טבעוני 580 גרם,מיוצר עי קונדיטוריית,IL,טבעול המבורגר טבעוני,גרמים,580.00,100 גרם,false,,29.90,0.0516,true,1,1982013
7290112965103,false,תבשיל קוסקוס עם ירקות 146 גרם אסם,אסם,IL,תבשיל קוסקוס עם ירקו,גרמים,146.00,100 גרם,false,,9.90,0.0678,true,1,1994285
7290112965165,false,מרק נמס בטעם פטריות זוג * 24 ג' אסם,"אסם תעשיות בע""מ",IL,זוג מרק נמס פטריות,גרמים,48.00,100 גרם,false,,5.50,0.1146,true,1,1982014
7290112965240,false,אוסם - מרק נמס עגבניות זוג 30 גרם * 2,"אסם תעשיות בע""מ",IL,זוג מרק נמס עגבניות,גרמים,44.00,100 גרם,false,,5.50,0.1250,true,1,1982017
7290112965264,false,אוסם - מרק נמס אפונה זוג 26 גרם * 2,"אסם תעשיות בע""מ",IL,זוג מרק נמס אפונה רכ,גרמים,30.00,100 גרם,false,,5.50,0.1833,true,1,1982018
7290112965288,false,אוסם - מרק נמס ירקות זוג 28 גרם * 2,"אסם תעשיות בע""מ",IL,זוג מרק נמס ירקות,גרמים,30.00,100 גרם,false,,5.50,0.1833,true,1,1982019
7290112965585,false,פרפקטו פסטה קסרצה 500 גרם,אסם פרפקטו Perfecto,IT,פסטה פרפקטו קסרצה 50,גרמים,500.00,100 גרם,false,,6.90,0.0138,true,1,1982021
7290112965660,false,פיטנס - חטיף מולטיגריין מלח פלפל 25 גרם,מיוצר עי קונדיטוריית,IL,חטיף פיטנס מלח פלפל,גרמים,25.00,100 גרם,false,,4.90,0.1960,true,1,2042162
7290112965684,false,פיטנס - חטיף מולטיגריין עשבי תיבול 25 גרם,מיוצר עי קונדיטוריית,IL,חטיף פיטנס עשבי תיבו,גרמים,25.00,100 גרם,false,,4.90,0.1960,true,1,2042163
7290112965707,false,פיטנס - חטיף מולטיגריין צילי מעודן 25 גרם,"אסם השקעות בע""מ",IL,חטיף פיטנס צ'ילי מעו,גרמים,25.00,100 גרם,false,,4.90,0.1960,true,1,2042169
7290112965745,false,אוסם - ביסלי פריסטייל בצל מעושן 60 גרם,"אסם תעשיות בע""מ",IL,ביסלי פריסטייל בלצל,גרמים,60.00,100 גרם,false,,4.30,0.0717,true,1,2074308
7290112965806,false,אוסם - ביסלי פריסטייל חמוץ חריף 60 גרם,"אסם תעשיות בע""מ",IL,ביסלי פריסטייל חמוץ,גרמים,60.00,100 גרם,false,,4.30,0.0717,true,1,2074310
7290112965905,false,בייגלה שמיניות במליחות מעודנת אסם 400 גר',מיוצר עי קונדיטוריית,IL,בייגלה שמיניות במליח,גרמים,400.00,100 גרם,false,,9.90,0.0248,true,1,1990531
7290112965943,false,טבעול נאגטס ירקות ירוקים 6*500גרם,טבעול תעשיות מזון בע,IL,טבעול נאגטס ירקות יר,גרמים,500.00,100 גרם,false,,29.90,0.0598,true,1,2011675
7290112965967,false,טבעול נאגטס ירקות כתומים 6*500גרם,טבעול תעשיות מזון בע,IL,טבעול נאגטס ירקות כת,גרמים,500.00,100 גרם,false,,29.90,0.0598,true,1,2011676
7290112965981,false,טבעול גורמה ארוחת דגנים 450 גרם,טבעול (מקבוצת אסם הש,IL,טבעול גורמה ארוחת דג,גרמים,450.00,100 גרם,false,,32.90,0.0731,true,1,2110869
7290112966094,false,הבית עוגת תפוז מופחתת סוכר 400 גרם,מיוצר עי קונדיטוריית,IL,עוגת הבית תפוז מופחת,גרמים,400.00,100 גרם,false,,12.90,0.0323,true,1,1994270
7290112966247,false,לחמית כוסמין 200 ג' אסם,"אסם תעשיות בע""מ",IL,לחמית כוסמין,גרמים,200.00,100 גרם,false,,9.90,0.0495,true,1,2017052
7290112966728,false,צבר טחינה בלאדי פלפלים חריפים 350 גרם,שוורצקוף& הנקל דיסלד,IL,טחינה בלאדי פלפלים ח,גרמים,350.00,100 גרם,false,,13.90,0.0397,true,1,1987392
7290112966780,false,צבר טחינה בלאדי עם חציל קלוי 350 גרם,שוורצקוף& הנקל דיסלד,IL,טחינה בלאדי עם חציל,גרמים,350.00,100 גרם,false,,13.90,0.0397,true,1,1987395
7290112966803,false,אסם פודינג אינסטנט שוקולד 88 גרם,"אסם תעשיות בע""מ",IL,אינסטנט פודינג בטעם,גרמים,88.00,100 גרם,false,,5.50,0.0625,true,1,1994188
7290112966841,false,אסם פודינג בטעם שוקולד מריר 90 גרם,מיוצר עי קונדיטוריית,IL,אינסטנט פודינג בטעם,גרמים,90.00,100 גרם,false,,5.50,0.0611,true,1,1994189
7290112967114,false,פיטנס חטיפי פריכיות קטניות ופלפל 60 גרם,"פרח תעשיות מזון בע""מ",IL,חטיפי פירכיות קטניות,גרמים,60.00,100 גרם,false,,7.90,0.1317,true,1,2017053
7290112967381,false,פיטנס חטיפי פריכיות קטניות ומלח ים 60 גר',"פרח תעשיות מזון בע""מ",IL,חטיפי פירכיות קטניות,גרמים,60.00,100 גרם,false,,7.90,0.1317,true,1,2017054
7290112967848,false,אסם גלי תות שדה מופחת סוכר 90 גרם,מיוצר עי קונדיטוריית,IL,ג'לי תות שדה מופחת ס,גרמים,68.00,100 גרם,false,,5.90,0.0868,true,1,1994191
7290112968340,false,חומוס צבר גרוס גס גס 400 גרם,שוורצקוף& הנקל דיסלד,IL,חומוס גרוס צבר 400 ג,גרמים,400.00,100 גרם,false,,11.90,0.0298,true,1,1998583
7290112968449,false,סלט טחינה כרוב אדום 250 גרם,שוורצקוף& הנקל דיסלד,IL,סלט כרוב אדום 250 גר,גרמים,250.00,100 גרם,false,,8.90,0.0356,true,1,1998598
7290112968807,false,פיטנס - קרקר דק סלק 140 גרם,מפעל אסם יקנעם,IL,חטיפי קרקר דק סלק פי,גרמים,140.00,100 גרם,false,,10.90,0.0779,true,1,2035990
7290112968821,false,פיטנס - קרקר דק בטטה 140 גרם,מפעל אסם יקנעם,IL,חטיפי קרקר דק בטטה פ,גרמים,140.00,100 גרם,false,,10.90,0.0779,true,1,2035991
7290112969286,false,אסם בישולים רוטב חרדל ודבש 330 גרם,"אסם תעשיות בע""מ",IL,רוטב חרדל דבש,גרמים,330.00,100 גרם,false,,15.90,0.0482,true,1,2045698
7290113190375,false,סילאן טבעי שקדיה 900 גרם,ג.מ. טעם הארץ,TR,סילאן טבעי 900 גרם,גרמים,900.00,100 גרם,false,,29.90,0.0332,true,1,2117433
7290113191938,false,"סירופ רוזטה בטעם שקדים 750 מ""ל","פוליבה בע""ם",IL,"סירופ רוזטה 750 מ""ל",מיליליטרים,750.00,"100 מ""ל",false,,16.90,0.0225,true,1,2005704
7290113192072,false,בוטנים מצופים בטעם צילי בקופסא,דין שיווק,IL,בוטנים מצופים בטעם צ,גרמים,100.00,100 גרם,false,,7.90,0.0790,true,1,2062601
7290113192164,false,אגוזי קשיו קלופים ששון הקולה 150 ג',דין שיווק,IL,אגוז קשיו קלופים 150,גרמים,150.00,100 גרם,false,,14.90,0.0993,true,1,2005706
7290113192218,false,תערובת להכנת מלבי 500 גרם,"שקדיה גבע תעשיות בע""",IL,תערובת להכנת מלבי,גרמים,500.00,100 גרם,false,,14.90,0.0298,true,1,2005714
7290113192300,false,זיתים מושחרים חרוזית 275 גרם בית השיטה,בית השיטה,IL,זית חרוזית שחור,גרמים,275.00,100 גרם,false,,9.90,0.0360,true,1,1994932
7290113192317,false,טבעות זיתים מושחרים 280 גרם בית השיטה,בית השיטה,IL,טבעות זיתים,גרמים,280.00,100 גרם,false,,10.90,0.0389,true,1,1994933
7290113192324,false,בית השיטה זית ירוק א2 12*340גרם חדש,בית השיטה,IL,זית ירוק,גרמים,560.00,100 גרם,false,,7.90,0.0141,true,1,1994934
7290113192331,false,בית השיטה זית ירוק גדול א2 12*340ג חדש,בית השיטה,IL,זית ירוק גדול,גרמים,560.00,100 גרם,false,,9.90,0.0177,true,1,1994935
7290113192348,false,זיתים ירוקים שלמים גדולים מאוד בטעם שום,בית השיטה,IL,זיתים גודל 17-19 טעם,גרמים,560.00,100 גרם,false,,9.90,0.0177,true,1,1994936
7290113192355,false,חרוזית זיתים ירוקים ללא גלעין 275 ג' בית השיטה,בית השיטה,IL,זית חרוזית ירוק,גרמים,560.00,100 גרם,false,,9.90,0.0177,true,1,1994937
7290113192362,false,זיתים ירוקים טבעות A2 בית השיטה 280 גרם,בית השיטה,IL,טבעות זיתים,גרמים,560.00,100 גרם,false,,9.90,0.0177,true,1,1994989
7290113192379,false,בית השיטה זיתים ירוקים מבוקעים א2 340גר',בית השיטה,IL,זיתים מבוקעים,גרמים,560.00,100 גרם,false,,10.90,0.0195,true,1,1994990
7290113192386,false,זיתים סורי מבוקע A2 בית השיטה 340ג',בית השיטה,IL,זית סורי מבוקע,גרמים,560.00,100 גרם,false,,9.90,0.0177,true,1,1994991
7290113192393,false,קוקטייל זיתים A2 בית השיטה 336 גרם,בית השיטה,IL,קוקטייל זיתים,גרמים,560.00,100 גרם,false,,10.90,0.0195,true,1,1994992
7290113192478,false,בית השיטה מלפפונים במלח בינוני 10-12 320 גרם,בית השיטה,IL,מלפפון במלח 10-12,גרמים,560.00,100 גרם,false,,7.50,0.0134,true,1,1994999
7290113192485,false,בית השיטה מלפפונים בחומץ בינוני 10-12 290 גרם,בית השיטה,IL,מלפפון בחומץ 10-12,גרמים,560.00,100 גרם,false,,7.50,0.0134,true,1,1995000
7290113192492,false,בית השיטה מלפפונים בחומץ קטנים 1317 290 גרם,בית השיטה,IL,מלפפון בחומץ 13-17,גרמים,560.00,100 גרם,false,,9.90,0.0177,true,1,1995001
7290113192508,false,בית השיטה מלפפונים במלח קטן 1317 320 גרם,בית השיטה,IL,מלפפון במלח 13-17,גרמים,560.00,100 גרם,false,,9.90,0.0177,true,1,1995002
7290113192515,false,בית השיטה מלפפונים במלח קטן מאוד 1825 320 גרם,בית השיטה,IL,מלפפון במלח 18-25,גרמים,560.00,100 גרם,false,,10.90,0.0195,true,1,1995003
7290113192522,false,בית השיטה מלפפונים בחומץ קטן מאוד 1825 290 גרם,בית השיטה,IL,מלפפון בחומץ 18-25,גרמים,560.00,100 גרם,false,,10.90,0.0195,true,1,1995004
7290113192539,false,בית השיטה מלפפונים במלח גדול 79 320 גרם,בית השיטה,IL,מלפפון במלח 7-9,גרמים,560.00,100 גרם,false,,6.50,0.0116,true,1,1995010
7290113192546,false,בית השיטה מלפפונים בחומץ גדול 79 290 גרם,בית השיטה,IL,מלפפון בחומץ 7-9,גרמים,560.00,100 גרם,false,,6.50,0.0116,true,1,1995011
7290113192560,false,בית השיטה פלפל שיפקה חריף כבוש 230 גרם,בית השיטה,IL,פלפל חריף שפקה,גרמים,560.00,100 גרם,false,,6.90,0.0123,true,1,2020162
7290113192577,false,בית השיטה כרוב כבוש חתוך 430 גרם,בית השיטה,IL,כרוב כבוש,גרמים,560.00,100 גרם,false,,7.90,0.0141,true,1,1995013
7290113192881,false,"טורטיה חיטה מופחת קלוריות, קוטר 20 ס""מ - 6 יח'",דין שיווק,TR,טורטיה חיטה מופחתת ק,גרמים,270.00,100 גרם,false,,10.90,0.0404,true,1,2005707
7290113192997,false,זית מרוקאי 340 גרם בית השיטה,בית השיטה,IL,זית מרוקאי,גרמים,340.00,100 גרם,false,,11.90,0.0350,true,1,2009782
7290113193000,false,פלפל שיפקונית 230 גרם בית השיטה,שוורצקוף& הנקל דיסלד,IL,שיפקונית,גרמים,560.00,100 גרם,false,,10.90,0.0195,true,1,2009783
7290113193017,false,קוקטייל זיתים 275 גרם בית השיטה,"אסם תעשיות בע""מ",IL,זית חרוזית קוקטיל,גרמים,560.00,100 גרם,false,,11.90,0.0213,true,1,2010902
7290113193031,false,חרוזית קלמטה - זיתים שחורים ללא גלעין קלמטה,שוורצקוף& הנקל דיסלד,IL,בית השיטה חרוזית זיתים י,גרמים,560.00,100 גרם,false,,11.90,0.0213,true,1,2008390
7290113193321,false,"שמן זית כתית מעולה בית השיטה 750 מ""ל",בית השיטה,IL,שמן זית כתית מעולה,מיליליטרים,750.00,"100 מ""ל",false,,29.90,0.0399,true,1,2018459
7290113193369,false,בית השיטה תרסיס שמן קנולה מזוכך 150 מל,פוד אירוסולס ספיין,ES,תרסיס שמן קנולה מזוכ,מיליליטרים,150.00,"100 מ""ל",false,,16.90,0.1127,true,1,2049682
7290113193406,false,"קוקטייל טבעות זיתים - זיתים ירוקים, שחורים מרינד",בית השיטה,IL,קוקטיל טבעות זיתים,גרמים,560.00,100 גרם,false,,11.90,0.0213,true,1,2010903
7290113193888,false,חצילים מוחמצים 320 גרם בית השיטה,שוורצקוף& הנקל דיסלד,IL,חצילים מוחמצים,גרמים,560.00,100 גרם,false,,9.90,0.0177,true,1,2043309
7290113194090,false,בית השיטה טבעות זיתים קלמטה 280 גרם,בית השיטה,IL,טבעות זיתים קלמטה,גרמים,560.00,100 גרם,false,,10.90,0.0195,true,1,2034364
7290113194632,false,ממרח שקדים שקדיה 500,דין שיווק,IL,ממרח שקדים 500 גרם,גרמים,500.00,100 גרם,false,,49.90,0.0998,true,1,2031667
7290113195066,false,חלבה טורקית בטעם וניל 400 גרם,,TR,חלבה טורקית בטעם וני,גרמים,400.00,100 גרם,false,,11.90,0.0298,true,1,2115205
7290113195080,false,חלבה טורקית בטעם שוקו וניל 400 גרם,,TR,חלבה טורקית בטעם שוק,גרמים,400.00,100 גרם,false,,11.90,0.0298,true,1,2115207
7290113195264,false,ממרח פלפלים קלויים 360 גרם,דין שיווק,MK,ממרח פלפלים קלויים 3,גרמים,360.00,100 גרם,false,,9.90,0.0275,true,1,2062606
7290113195271,false,ממרח פלפלים פיקנטיים 360 גרם,דין שיווק,MK,ממרח פלפלים פיקנטיים,גרמים,360.00,100 גרם,false,,9.90,0.0275,true,1,2062607
7290113195356,false,שמן קנולה מזוכך זית השיטה 1 ליטר,בית השיטה,IL,שמן קנולה מזוכך בית,ליטרים,1.00,ליטר,false,,14.90,14.9000,true,1,2079356
7290113195479,false,קמח שקדים 200 גרם - שקדיה,"שקדיה גבע תעשיות בע""",IL,קמח שקדים 200 גרם -,גרמים,200.00,100 גרם,false,,12.90,0.0645,true,1,2062615
7290113196490,false,פריכיות כוסמת בתוספת זרעי ציה שקדיה 150 ג',זנבר המכללה לטבעונות,IL,פריכיות כוסמת צ'יה 1,גרמים,150.00,100 גרם,false,,10.90,0.0727,true,1,2084007
7290113196506,false,פריכיות כוסמת ללא מלח שקדיה 150 ג',זנבר המכללה לטבעונות,IL,פריכיות כוסמת 150 גר,גרמים,150.00,100 גרם,false,,10.90,0.0727,true,1,2084008
7290113196513,false,פריכיות כוסמת בתוספת שקדים שקדיה 150 ג',זנבר המכללה לטבעונות,IL,פריכיות כוסמת שקדים,גרמים,150.00,100 גרם,false,,10.90,0.0727,true,1,2084009
7290113196759,false,בית השיטה ירקות מעורבים צנ.פלסטיק 6*750 גרם,בית השיטה עסיס תעשיו,IL,שימורי ירקות מעורבים,גרמים,1500.00,100 גרם,false,,27.90,0.0186,true,1,2078338
7290113197169,false,חמאת בוטנים טבעית שק,סופר נוטרי פודס,IN,חמאת בוטנים טבעית 51,גרמים,510.00,100 גרם,false,,15.90,0.0312,true,1,2135400
7290113197800,false,בית השיטה פלפל קלוי 400 גרם,,,פלפל קלוי בית השיטה,גרמים,400.00,100 גרם,false,,11.90,0.0298,true,1,2117518
7290113197817,false,בית השיטה חציל קלוי 670 גרם,בית השיטה,,חציל קלוי בית השיטה,גרמים,670.00,100 גרם,false,,10.90,0.0163,true,1,2117519
7290113197824,false,בית השיטה לבבות דקל 220 דקל,,,לבבות דקל בית השיטה,גרמים,400.00,100 גרם,false,,9.90,0.0248,true,1,2134884
7290113197855,false,תירס גמדי בית השיטה,,,תירס גמדי בית השיטה,גרמים,425.00,100 גרם,false,,9.90,0.0233,true,1,2134885
7290113197923,false,בית השיטה טונה בשמן קנולה *4,בית השיטה עסיס תעשיו,IL,טונה בשמן קנולה *4 ב,גרמים,560.00,100 גרם,false,,24.90,0.0445,true,1,2134891
7290113198067,false,פקאן מצופה שוקולד לבן 150 גרם,"דין שיווק וקלייה בע""",IL,פקאן מצופה שוקולד לב,גרמים,150.00,100 גרם,false,,14.90,0.0993,true,1,2087613
7290113198616,false,ברנפלקס דגנים מחיטה מלאה וסובין 500 גרם שקדיה,שקדיה,IL,ברנפלקס דגנים מחיטה,גרמים,500.00,100 גרם,false,,14.90,0.0298,true,1,2137769
7290113199323,false,טורטיה מיני 150ג' שקדיה,א. אקסולר גידה,TR,טורטיה מיני 150 גרם,גרמים,150.00,100 גרם,false,,4.90,0.0327,true,1,2135379
7290113272972,false,פילה נסיכת הנילוס 50,,,פילה נסיכת הנילוס 50,קילוגרמים,1.00,"ק""ג",true,,49.90,49.9000,true,1,2105824
7290113310155,false,טופר אקרילי לעוגה- 1 יח- HB זהב,,,טופר אקרילי לעוגה- 1,יחידה,0.00,יחידה,false,,9.90,0.0000,true,1,1837986
7290113312937,false,טופר קטן לעוגה- HB 3,,,טופר קטן לעוגה- HB 3,יחידה,0.00,יחידה,false,,5.90,0.0000,true,1,1838029
7290113560055,false,פרודונטקס מי פה טיפול יומי לחניכיים 500,פרודונטקס Parodontax,GB,פרודונטקס מי פה טיפו,מיליליטרים,500.00,"100 מ""ל",false,,29.90,0.0598,true,1,2025071
7290113560109,false,פרודונטקס מ.שיניים בטעם צמחי 75 מל,פרודונטקס Parodontax,SK,משחת שיניים פרודונטק,מיליליטרים,75.00,"100 מ""ל",false,,29.90,0.3987,true,1,2042555
7290114310215,false,"**טרה שמנת מתוקה 38% 250 מ""ל בקבוק.",מילקו תעשיות בעמ,IL,"שמנת מתוקה 250 מ""ל 3",מיליליטרים,250.00,"100 מ""ל",false,,6.40,0.0256,true,1,2044085
7290114310222,false,חלב 1.5 ליטר 3% מועשר בסידן וויטמין D.,מילקו תעשיות בעמ,IL,חלב מועשר בסידן וויט,ליטרים,1.50,ליטר,false,,11.90,7.9333,true,1,2021534
7290114310239,false,חלב טרה נטול לקטוז מועשר בוויטמין D 2% 1.5 ל',מילקו תעשיות בעמ,IL,חלב נטול לקטוז מועשר,ליטרים,1.50,ליטר,false,,11.90,7.9333,true,1,2021535
7290114310338,false,צפתית מעודנת 5% 225 גר' משק צוריאל,מחלבת משק צוריאל,IL,צפתית מעודנת 5% גביע,גרמים,225.00,100 גרם,false,,16.90,0.0751,true,1,2044079
7290114310345,false,מעדן יוגורט - תות 1.5% 125 גרם,טרה,IL,מעדן חלב תות 125 גרם,גרמים,125.00,100 גרם,false,,2.70,0.0216,true,1,2035574
7290114310536,false,יוגורט לייט מעושר בחלבון בטעם וניל מולר 200 ג',מולר Muller,IL,יוגורט מולר אקטיב לי,גרמים,200.00,100 גרם,false,,5.80,0.0290,true,1,2049814
7290114310574,false,גבינת קרם שמנת עיזים 5% 200 גרם צוריאל,מחלבת משק צוריאל,IL,קרם שמנת עזים מעודנת,גרמים,200.00,100 גרם,false,,12.90,0.0645,true,1,2068024
7290114310673,false,גבינת לאבנה 9% 250 גרם,טרה,IL,לאבנה טרה 9% 250 גרם,גרמים,250.00,100 גרם,false,,12.90,0.0516,true,1,2067999
7290114310895,false,סימפלי מולר מאגדת שמינייה מנגו תות 1.5% 150X8 גר',מולר Muller,IL,מאגדת 8 יוגורט מולר,גרמים,1200.00,100 גרם,false,,29.90,0.0249,true,1,2094669
7290114310963,false,יוגורט מחלב עיזים מלא כ3.8% שומן מועשר 500 גר',מחלבת משק צוריאל,IL,יוגורט מחלב עזים מלא,מיליליטרים,500.00,"100 מ""ל",false,,12.90,0.0258,true,1,2097257
7290114311014,false,"משקה חלב אייס קפוצינו יטבתה 250 מ""ל פקק",טרה,IL,שוקו טרה מועשר בבקבו,מיליליטרים,250.00,"100 מ""ל",false,,5.20,0.0208,true,1,2121276
7290114311021,false,"משקה חלב וניל עוגיות טרה 250 מ""ל פקק ספו",טרה,IL,שוקו טרה מועשר בבקבו,מיליליטרים,250.00,"100 מ""ל",false,,5.20,0.0208,true,1,2121277
7290114311038,false,שמנת מתוקה עמידה 32% 250מל בקבוק,מילקו,IL,שמנת מתוקה 32%,מיליליטרים,250.00,"100 מ""ל",false,,6.90,0.0276,true,1,2121291
7290114311069,false,יוגורט לבן מועשר בחלבון 0% שומן 200 גרם muller active,מולר Muller,IL,מולר אקטיב לבן,גרמים,200.00,100 גרם,false,,5.50,0.0275,true,1,2114110
7290114311076,false,"חמאת מולר צהובה עם שום, 200 גרם",מולר Muller,IL,חמאת מולר צהובה עם ש,גרמים,200.00,100 גרם,false,,10.90,0.0545,true,1,2122956
7290114311298,false,יוגורט מולר פרופ בטעם תות בננה מלון 150,מולר Muller,IL,יוגורט מולר פרופ 3%,גרמים,150.00,100 גרם,false,,4.70,0.0313,true,1,2129800
7290114311304,false,יוגורט קציפת מנגו פסיפלורה בננה 150 ג' מולר,מולר Muller,IL,יוגורט מולר פרופ 3%,גרמים,150.00,100 גרם,false,,4.70,0.0313,true,1,2129808
7290114311328,false,חלב נטול לקטוז 2% שומן מועשר בויטמין D,ג'י.אר.אמ.גרופו אלימ,IL,חלב מועשר דל לקטוז 2,ליטרים,1.00,ליטר,false,,7.40,7.4000,true,1,2134281
7290114311359,false,יוגורט עם קציפת מנגו 3% שומן פרופ 150 ג' מולר,מולר Muller,IL,יוגורט מולר פרופ 3%,גרמים,150.00,100 גרם,false,,4.70,0.0313,true,1,2129802
7290114311434,false,מולר אקטיב יוגורט בטעם קרמל מלוח 200 גרם,מילקו,IL,יוגורט מולר אקטיב קר,גרמים,200.00,100 גרם,false,,5.80,0.0290,true,1,2149818
7290114311441,false,"מולר אקטיב בטעם עוגיות חמאה 0% שומן, 200 גרם",מילקו,IL,יוגורט מולר אקטיב עם,גרמים,200.00,100 גרם,false,,5.80,0.0290,true,1,2136735
7290114311458,false,"חלב מועשר 3% וויטמין קרטון, 1 ל טרה",טרה,IL,קרטון חלב מועשר וויט,ליטרים,1.00,ליטר,false,,7.70,7.7000,true,1,2135601
7290114311496,false,"חלב מועשר 1% שומן קרטון, 1 ל טרה",טרה,IL,קרטון חלב מועשר 1% ש,ליטרים,1.00,ליטר,false,,7.70,7.7000,true,1,2135602
7290114600927,false,מאסטר שף עלי טורטייה חיטה מלאה 320 גרם,אלקאטי קורביישיסי גי,ES,טורטיה חיטה מלאה מאס,גרמים,320.00,100 גרם,false,,9.90,0.0309,true,1,2040622
7290114600941,false,מאסטר שף מיונז הולנדי לחיץ 435 גרם,רמיה סי.וי,NL,מיונז לחיץ מאסטר שף,גרמים,435.00,100 גרם,false,,12.90,0.0297,true,1,2045061
7290114600989,false,"רוטב אלף האיים מאסטר שף 250 מ""ל",מאסטר שף,NL,רוטב אלף האיים מאסטר,מיליליטרים,250.00,"100 מ""ל",false,,9.90,0.0396,true,1,2030619
7290114600996,false,"רוטב שום מאסטר שף 250 מ""ל",מאסטר שף,NL,רוטב שום מאסטר שף 25,מיליליטרים,250.00,"100 מ""ל",false,,9.90,0.0396,true,1,2030620
7290114602778,false,פרי סלייסים ציפס ירקות שורש 90 גרם,פלפר אפרטיבוס,ES,חטיף פרי סלייסים צ'י,גרמים,90.00,100 גרם,false,,12.90,0.1433,true,1,2076193
7290114602785,false,פרי סלייסים ציפס בננה מלחו 90 גרם,פלפר אפרטיבוס,ES,חטיף פרי סלייסים צ'י,גרמים,90.00,100 גרם,false,,12.90,0.1433,true,1,2076194
7290114603508,false,"רוטב להקצפה מאסטר שף 300 מ""ל",סיטי פוד,TH,רוטב להקפצה מאסטר שף,מיליליטרים,300.00,"100 מ""ל",false,,9.90,0.0330,true,1,2032849
7290114603515,false,רוטב קארי אדום מאסטר שף 340 ג',תאי סופרים,TH,רוטב קארי אדום מאסטר,גרמים,340.00,100 גרם,false,,14.90,0.0438,true,1,2037771
7290114603539,false,קרוטונים למרק שום בצל מאסטר שף 350 גרם,מאסטר שף,IL,קרוטונים למרק 350 גר,גרמים,350.00,100 גרם,false,,17.90,0.0511,true,1,2032827
7290114603591,false,PLAY חטיף פוף בטעם קטשופ 40 גרם,מנה,IL,חטיף פוף משולש אפוי,גרמים,40.00,100 גרם,false,,3.90,0.0975,true,1,2020502
7290114603607,false,PLAY חטיף פוף בטעם חמוץ חריף 40 גרם,Mana,,חטיף פוף משולש אפוי,גרמים,40.00,100 גרם,false,,3.90,0.0975,true,1,2020503
7290114604840,false,"דפי אורז מאסטר שף קוטר 16 ס""מ 400 גרם",מאסטר שף,,דפי אורז עגולים קוטר,גרמים,400.00,100 גרם,false,,14.90,0.0373,true,1,2045823
7290114604857,false,"דפי אורז מאסטר שף קוטר 22 ס""מ 400 גרם",מאסטר שף,VN,דפי אורז עגולים קוטר,גרמים,400.00,100 גרם,false,,14.90,0.0373,true,1,2045824
7290114604864,false,מאסטר שף קוסקוס דק 350 גרם,דוידוביץ,IL,קוסקוס סולת דק מאסט,גרמים,350.00,100 גרם,false,,5.90,0.0169,true,1,2045814
7290114604871,false,מאסטר שף קוסקוס בינוני 350 גרם,דוידוביץ,IL,קוסקוס סולת בינוני מ,גרמים,350.00,100 גרם,false,,5.90,0.0169,true,1,2045815
7290114604895,false,ממרח ספייסי לחיץ מאסטר שף 446 גרם,מאסטר שף,NL,ממרח ספייסי לחיץ מאס,גרמים,446.00,100 גרם,false,,12.90,0.0289,true,1,2068940
7290114604901,false,ממרח שום לחיץ מאסטר שף 444 גרם,מאסטר שף,NL,ממרח שום לחיץ מאסטר,גרמים,444.00,100 גרם,false,,12.90,0.0291,true,1,2068941
7290114604925,false,מאסטר שף קרם קוקוס לייט 400 גרם,"תאי קוקונאט חברה בע""",TH,קרם קוקוס לייט 400 מ,מיליליטרים,400.00,"100 מ""ל",false,,7.90,0.0198,true,1,2087249
7290114604932,false,רוטב ברביקיו דבש מאסטר שף 520 ג',רמיה סי.וי. הולנד,NL,רוטב ברביקיו דבש מא,גרמים,520.00,100 גרם,false,,12.90,0.0248,true,1,2076195
7290114604949,false,מאסטר שף רוטב ברביקיו 524 גרם,רמיה סי.וי. הולנד,NL,רוטב ברביקיו מאסטר ש,גרמים,524.00,100 גרם,false,,12.90,0.0246,true,1,2076196
7290114604963,false,פירורי לחם מתובלים מאסטר שף 230 גרם,מאסטר שף,IL,פירורי לחם מתובלים מ,גרמים,230.00,100 גרם,false,,7.90,0.0343,true,1,2047601
7290114605557,false,נייר עטיפה לסנדוויץ קוקי 80 יח',פישל,IL,נייר עטיפה לסנדוויץ-,יח',80.00,יח',false,,12.90,0.1613,true,1,2066920
7290114605571,false,תבנית אפייה מתקפלת ק,כרמל פרנקל,IL,תבנית אפייה מתקפלת ק,יח',3.00,יח',false,,12.90,4.3000,true,1,2065363
7290114606530,false,רוטב בטעם מיונז וקטשופ מאסטר שף 515 גרם,מאסטר שף,NL,רוטב בטעם מיונז וקטש,גרמים,515.00,100 גרם,false,,12.90,0.0250,true,1,2068942
7290114606547,false,מיונז פטריות כמהין לחיץ מאסטר שף 242 גרם,מאסטר שף,NL,מיונז עם פיטריות כמה,גרמים,242.00,100 גרם,false,,12.90,0.0533,true,1,2068943
7290114606554,false,מיונז מופחת קלוריות בקבוק לחיץ,מאסטר שף,NL,מיונז לייט לחיץ מאסט,גרמים,470.00,100 גרם,false,,12.90,0.0274,true,1,2068944
7290114606561,false,מאסטר שף אטריות אורז דקות ורמיצ'לי 400 ג,ליינג טונג רייס פלוו,TH,איטריות אורז דקות 40,גרמים,400.00,100 גרם,false,,8.90,0.0223,true,1,2087256
7290114606578,false,שקדי מרק מאסטר שף 400 גרם,שסטוביץ,IL,שקדי מרק מאסטר שף 40,גרמים,400.00,100 גרם,false,,9.90,0.0248,true,1,2096358
7290114606592,false,רוטב סויה מסורתית 46% פולי סויה מאסטר שף 620 ג',קריניציה ויטמינה אס,TH,סויה 46% פולי סויה מ,מיליליטרים,620.00,"100 מ""ל",false,,16.90,0.0273,true,1,2093308
7290114606608,false,רוטב סויה מסורתי מאסטר שף 620 גר,קריניציה ויטמינה אס,TH,סויה 40% פולי סויה מ,מיליליטרים,620.00,"100 מ""ל",false,,16.90,0.0273,true,1,2093309
7290114607315,false,"מקס וויט מארז זוג 125 מ""ל",קולגייט פלמוליב,PL,מארז זוג קולגייט ויי,מיליליטרים,250.00,"100 מ""ל",false,,24.90,0.0996,true,1,2069007
7290114607391,false,"קולגייט משחת לילדים ברבי 2-5 שנים, 75 מ""ל",קולגייט פלמוליב,PL,משחת שיניים קולגייט,מיליליטרים,75.00,"100 מ""ל",false,,16.90,0.2253,true,1,2082757
7290114608633,false,"דפי אצה מאסטר שף, 25 גרם",מאסטר שף,,דפי אצות 25 גרם מאסט,גרמים,25.00,100 גרם,false,,11.90,0.4760,true,1,2120803
7290114608640,false,קרוטונים לסלט כוסמין מאסטר שף 260 גרם,עינת תעשיות מזון אגו,IL,קרוטונים לסלט כוסמין,גרמים,260.00,100 גרם,false,,17.90,0.0688,true,1,2086426
7290114608671,false,סילאן לחיץ מאסטר שף 470 גרם,מאסטר שף,AE,סילאן לחיץ 470 גרם מ,גרמים,470.00,100 גרם,false,,14.90,0.0317,true,1,2093302
7290114608695,false,מיונז עם ווסאבי לחיץ מאסטר שף 241 גרם,רמיה סי.וי,NL,מיונז לחיץ עם וואסבי,גרמים,241.00,100 גרם,false,,12.90,0.0535,true,1,2087250
7290114659949,false,מסכה לפנים חד-פעמי 50 יחי,נ'יאנג יונג,CN,מארז מסיכות 50 יח',יח',50.00,יח',false,,9.90,0.1980,true,1,2048375
7290114821469,false,כבד דג שיבוט מעושן במיץ טבעי 120 גרם,סטארקיסט,DK,מעדן כבד דג מעושן 12,גרמים,120.00,100 גרם,false,,10.90,0.0908,true,1,2049806
7290115071504,false,6 מטבעות שוקולד באריזת רשת 31 גר סמי הכב,שמחה זה אנחנו,NL,מטבעות שוקולד ברשת 3,יחידה,0.00,יחידה,false,,3.90,0.0000,true,1,2050010
7290115073676,false,מסכה לפנים חד פעמי 50 יח צבעוניות,שמחה זה אנחנו,CN,מסיכה לפנים חד-פעמי,יח',50.00,יח',false,,9.90,0.1980,true,1,2045677
7290115200003,false,אסם פתי בר פינוקי וניל 220 גרם,תאי פרזידנט פוד פאבל,PL,פתיבר פינוקי וניל 22,גרמים,220.00,100 גרם,false,,10.90,0.0495,true,1,2022788
7290115200027,false,פתי בר פינוקי שוקו 220 גר' אסם.,דיקסר,PL,פתיבר פינוקי שוקו 22,גרמים,220.00,100 גרם,false,,10.90,0.0495,true,1,2022789
7290115200188,false,אוסם - מרק נמס עגבניות פיקנטי 25 גרם * 2,"אסם תעשיות בע""מ",IL,זוג מרק נמס עגבניות,גרמים,50.00,100 גרם,false,,5.50,0.1100,true,1,2035615
7290115200676,false,עוגיות קרמוגית במילוי קרם בטעם קרמל מלוח,היינץ צפון אמריקה מק,IL,עוגיות קרמוגית קרמל,גרמים,200.00,100 גרם,false,,10.90,0.0545,true,1,2035616
7290115200713,false,במבה קלאסי מארז אחיד 8 50*5 ג',אסם,IL,מארז במבה קלאסי 5*50,גרמים,250.00,100 גרם,false,,12.90,0.0516,true,1,2021178
7290115200782,false,פיתות פרימיום נאפה במקום - מארז 5 יח',בונז'ור,,חמישייה פיתות,גרמים,500.00,100 גרם,false,,5.90,0.0118,true,1,2025040
7290115201031,false,אסם פתי בר דובי שוקולד 175 גרם,טרופיקל דגיל תעשיות,PL,פתיבר דובי שוקולד 17,גרמים,178.00,100 גרם,false,,9.90,0.0556,true,1,2065333
7290115201451,false,טבעול גורמה לביבות בטטה קארי 455 גרם,טבעול (מקבוצת אסם הש,IL,טבעול גורמה לביבות ב,גרמים,455.00,100 גרם,false,,32.90,0.0723,true,1,2110871
7290115201550,false,ביסלי קרנבל מיקס 150 ג' אסם,פרו מן יו פתרונות אר,IL,ביסלי קרנבל מיקס 150,גרמים,150.00,100 גרם,false,,8.90,0.0593,true,1,2039191
7290115201680,false,ביסלי בטעם ברביקיו 70 ג' אסם,"אסם תעשיות בע""מ",IL,ביסלי ברביקיו 70 גרם,גרמים,70.00,100 גרם,false,,4.30,0.0614,true,1,2039192
7290115201703,false,ביסלי בטעם ברביקיו 200 ג' אסם,מיוצר עי קונדיטוריית,IL,ביסלי ברביקיו 200 גר,גרמים,200.00,100 גרם,false,,7.90,0.0395,true,1,2039193
7290115201727,false,ביסלי בטעם בצל 200 ג' אסם,מיוצר עי קונדיטוריית,IL,ביסלי בצל 200 גרם.,גרמים,200.00,100 גרם,false,,7.90,0.0395,true,1,2039194
7290115201741,false,ביסלי בטעם בצל 70 גרם,"אסם תעשיות בע""מ",IL,ביסלי בצל 70 גרם,גרמים,70.00,100 גרם,false,,4.30,0.0614,true,1,2039195
7290115202212,false,טבעול גורמה לביבות סלק 434 גרם,עיצובים 2020 (4.8),IL,טבעול גורמה לביבות ס,גרמים,434.00,100 גרם,false,,32.90,0.0758,true,1,2110874
7290115202236,false,טבעול טופו קראנצים 470 גרם,עיצובים 2020 (4.8),IL,טבעול טופו קראנצים,גרמים,470.00,100 גרם,false,,29.90,0.0636,true,1,2099337
7290115202304,false,אסם נודלס אטריות אורז מרובעות 230 גרם,תאי פרזידנט פוד פאבל,TH,נודלס אטריות אורז מר,גרמים,230.00,100 גרם,false,,9.90,0.0430,true,1,2045728
7290115202434,false,צבר סלט חומוס עם זעתר 375 גרם,ג'נרל מילס סאן אדריא,IL,חומוס עם זעתר,גרמים,375.00,100 גרם,false,,10.90,0.0291,true,1,2062662
7290115202786,false,מנה חמה פאוצ נדלס.אטר.טעם בקר 70 גרם,אסם,IL,מנה חמה פאוצ נודלס,גרמים,70.00,100 גרם,false,,4.90,0.0700,true,1,2065819
7290115202816,false,מנה חמה פאוצ נדלס.אטר.טעם עוף 70 גרם,אסם,IL,מנה חמה פאוצ נודלס,גרמים,70.00,100 גרם,false,,4.90,0.0700,true,1,2065820
7290115202847,false,מנה חמה פאוצ' נדלס ספייסי אסם 70 ג',אסם,IL,מנה חמה פאוצ נודלס,גרמים,70.00,100 גרם,false,,4.90,0.0700,true,1,2065821
7290115202939,false,מנה חמה רייס נודלס עוף פטריות 50 ג' אסם,מיוצר עי קונדיטוריית,TH,מנה חמה רייס נודלס ע,גרמים,50.00,100 גרם,false,,7.90,0.1580,true,1,2099310
7290115203134,false,פופקו פופקורן במבה 80 ג' אסם,"אסם תעשיות בע""מ",IL,פופקו פופקורן במבה,גרמים,80.00,100 גרם,false,,4.50,0.0563,true,1,2074312
7290115203486,false,אסם פירורית בטעם ביסלי גריל 200 גרם,עינת תעשיות מזון אגו,IL,פירורית ביסלי גריל 2,גרמים,200.00,100 גרם,false,,5.90,0.0295,true,1,2067827
7290115203806,false,"רוטב בסיס לבישול אסם 290 מ""ל","אסם תעשיות בע""מ",IL,רוטב בסיס לבישול,מיליליטרים,290.00,"100 מ""ל",false,,12.90,0.0445,true,1,2096010
7290115204018,false,מנה חמה איטלקי פסטה בסגנון אלפרדו 60 ג' אסם,"אסם תעשיות בע""מ",IL,מנה חמה איטלקי פסטה,גרמים,60.00,100 גרם,false,,6.50,0.1083,true,1,2067818
7290115204056,false,אסם קטשופ 56% פחות סוכר 690 גרם,"אסם תעשיות בע""מ",IL,קטשופ 56% פחות סוכר,גרמים,690.00,100 גרם,false,,12.90,0.0187,true,1,2066914
7290115204131,false,צבר סחוג ירוק 6*190גרם חדש,צבר,IL,סחוג ירוק 190 גרם,גרמים,190.00,100 גרם,false,,10.90,0.0574,true,1,2102258
7290115204186,false,פסטו המעדינה של צבר,צבר,IL,ממרח פסטו 190 גרם,גרמים,190.00,100 גרם,false,,14.90,0.0784,true,1,2102243
7290115204261,false,אריסה חריפה המעדנייה,צבר,IL,אריסה 190 גרם,גרמים,190.00,100 גרם,false,,10.90,0.0574,true,1,2102260
7290115205022,false,אוסם - שקדי מרק מקלונים 350 גרם,"אסם תעשיות בע""מ",IL,שקדי מרק מקלונים 350,גרמים,350.00,100 גרם,false,,12.90,0.0369,true,1,2087106
7290115205176,false,פיטנס - קרקר דק כפרי פיטנס 140 גרם,נסטלה Nestle,IL,חטיפי קרקר דק כפרי פ,גרמים,140.00,100 גרם,false,,10.90,0.0779,true,1,2093837
7290115205251,false,פיטנס בר פריכיות קרמל מלוח 84 גרם,פרח תעשיות,IL,פירכיות פיטנס קרמל מ,גרמים,84.00,100 גרם,false,,11.90,0.1417,true,1,2137092
7290115205312,false,קרקר פיטנס דק עם זיתי קלמטה ועשבי תיבול,"אסם השקעות בע""מ",IL,חטיפי קרקר זיתים פיט,גרמים,140.00,100 גרם,false,,10.90,0.0779,true,1,2117762
7290115205541,false,חטיף פיטנס מולטיגריין עם חומוס 25 גרם,"אסם השקעות בע""מ",IL,חטיף פיטנס עם חומוס,גרמים,25.00,100 גרם,false,,4.90,0.1960,true,1,2128055
7290115205695,false,אסם בונזור בצק מצונן לפיצה 460 גרם,נסטלה סוויס (שוויץ),IL,בצק מצונן לפיצה בונז,גרמים,460.00,100 גרם,false,,18.90,0.0411,true,1,2102236
7290115205718,false,אסם בונזור בצק מצונן עלים 230 גרם,נסטלה סוויס (שוויץ),IL,בצק מצונן עלים בונזו,גרמים,230.00,100 גרם,false,,14.90,0.0648,true,1,2102237
7290115206135,false,"טבעול גורמה ארוחת קינואה, 450 גרם",טבעול (מקבוצת אסם הש,IL,טבעול גורמה ארוחת קי,גרמים,450.00,100 גרם,false,,32.90,0.0731,true,1,2110877
7290115206319,false,מטרנה סנסיטיב HM-O לפגים 700 גרם,אסם,IL,מטרנה פגים סנסיטיב 7,גרמים,700.00,100 גרם,false,,59.90,0.0856,true,1,2128544
7290115206531,false,אסם קרמוגית במילוי קרם בייגלה 12*200 גרם,אסם-נסטלה,IL,עוגיות קרמוגית במילו,גרמים,200.00,100 גרם,false,,10.90,0.0545,true,1,2094442
7290115207361,false,ביסקוויט פתיבר בטעם פיסטוק,"אסם תעשיות בע""מ",IL,פתיבר פיסטוק 500ג,גרמים,500.00,100 גרם,false,,11.90,0.0238,true,1,2117771
7290115207682,false,"אסם רוטב בסגנון סויה סיני 290 מ""ל","אסם תעשיות בע""מ",IL,רוטב סויה בסגנון סינ,מיליליטרים,290.00,"100 מ""ל",false,,10.90,0.0376,true,1,2117774
7290115207798,false,טבעול המבורגר חריף טבעוני 420 גרם,עיצובים 2020 (4.8),IL,בורגר חריף טבעוני *6,גרמים,420.00,100 גרם,false,,29.90,0.0712,true,1,2115069
7290115207941,false,ויטמינצ'יק תרכיז אננס 1 ליטר,בית-השיטה עסיס תעשיו,IL,ויטמינצ'יק אננס 1 לי,ליטרים,1.00,ליטר,false,,19.90,19.9000,true,1,2105639
7290115207965,false,ויטמינצ'יק תרכיז מנגו אפרסק 1 ליטר,בית-השיטה עסיס תעשיו,IL,ויטמינצ'יק מנגו אפרס,ליטרים,1.00,ליטר,false,,19.90,19.9000,true,1,2105640
7290115207989,false,ויטמינצ'יק תרכיז לימון 1 ליטר,בית-השיטה עסיס תעשיו,IL,ויטמינצ'יק לימון 1 ל,ליטרים,1.00,ליטר,false,,19.90,19.9000,true,1,2105641
7290115208009,false,ויטמינצ'יק תרכיז ענבים 1 ליטר,בית-השיטה עסיס תעשיו,IL,ויטמינצ'יק ענבים 1 ל,ליטרים,1.00,ליטר,false,,19.90,19.9000,true,1,2105642
7290115208047,false,ויטמינצ'יק תרכיז פטל 1 ליטר,בית-השיטה עסיס תעשיו,IL,ויטמינצ'יק פטל 1 ליט,ליטרים,1.00,ליטר,false,,19.90,19.9000,true,1,2105644
7290115208061,false,ויטמינצ'יק תרכיז תפוח 1 ליטר,בית השיטה עסיס תעשיו,IL,ויטמינצ'יק תפוח 1 לי,ליטרים,1.00,ליטר,false,,19.90,19.9000,true,1,2105645
7290115208320,false,אפרופו חטיף בטעם ביסלי בצל 50 גרם,"אסם תעשיות בע""מ",IL,אפרופו בטעם ביסלי בצ,גרמים,50.00,100 גרם,false,,4.50,0.0900,true,1,2148961
7290115208344,false,אסם בייגלה כפיות שמנת בצל 300 גרם,אסם,IL,בייגלה כפיות שמנת בצ,גרמים,300.00,100 גרם,false,,10.90,0.0363,true,1,2136402
7290115208597,false,אסם קרמוגית מיניס קרמל מלוח 200 גרם,"אסם השקעות בע""מ",IL,עוגיות קרמוגית מיניס,גרמים,200.00,100 גרם,false,,10.90,0.0545,true,1,2128584
7290115208801,false,לחמית דבש ואגוזים 190ג אסם,אסם,IL,לחמית דבש ואגוזים,גרמים,190.00,100 גרם,false,,9.90,0.0521,true,1,2136403
7290115208849,false,"מנה חמה פסטה מוקרמת ט.עוף בד""צ 55גר","אסם תעשיות בע""מ",IL,מנה חמה פירה עם בטטה,גרמים,55.00,100 גרם,false,,6.50,0.1182,true,1,2148962
7290115209235,false,פתי בר קפה 500 גרם אסם,"אסם תעשיות בע""מ",IL,פתיבר קפה 500 ג,גרמים,500.00,100 גרם,false,,11.90,0.0238,true,1,2137094
7290115209358,false,במבה במילוי קרם בטעם בראוניז,"אסם תעשיות בע""מ",IL,במבה במילוי בראוניז,גרמים,60.00,100 גרם,false,,4.50,0.0750,true,1,2148953
7290115209372,false,במבה במילוי בראוניז 150ג' אסם,"אסם תעשיות בע""מ",IL,במבה במילוי בראוניז,גרמים,150.00,100 גרם,false,,8.90,0.0593,true,1,2148954
7290115405781,false,פחזניות ממולאות בטעם שוקולד קפולסקי 180,תופינים מקבוצת קפולס,IL,פחזניות ממולאות בטעמ,גרמים,180.00,100 גרם,false,,13.90,0.0772,true,1,2127795
7290115480016,false,קפסולות פאוור קאפס פרסיל 26 יח,סוד,,סוד קפסולות ג'ל לכבי,יח',26.00,יח',false,,24.90,0.9577,true,1,2131437
7290115622928,false,"קופסת אחסון שקופה 790cc ו- 11.7 ס""מ CLEAR & FRESH מבית Food appeal",,,קופסת אחסון שקופה 79,יחידה,0.00,יחידה,false,,34.90,0.0000,true,1,2076356
7290115622935,false,קופסת אחסון שקופה 99,,,קופסת אחסון שקופה 99,יחידה,0.00,יחידה,false,,39.90,0.0000,true,1,2076357
7290115641035,false,סט 3 קופסאות מהודרות,,,סט 3 קופסאות פרומו 1,יחידה,0.00,יחידה,false,,12.90,0.0000,true,1,2085752
7290115641042,false,סט 3 קופסאות פרומו 1,,,סט 3 קופסאות פרומו 1,יחידה,0.00,יחידה,false,,14.90,0.0000,true,1,2085753
7290115670707,false,גרנולה שיבולת שועל עם שוקולד ואגוזי לוז,אנרג'י Energy - שטראוס,CZ,גרנולה שוקולד ואגוזי,גרמים,400.00,100 גרם,false,,12.90,0.0323,true,1,2066640
7290115671155,false,שלישיית סוכריות FRESH ענבים 45 ג' בזוקה,הליקון גידה,TR,שלישיית סוכריות פרש,גרמים,45.00,100 גרם,false,,7.90,0.1756,true,1,2103223
7290115671223,false,מסטיק מאסט פאן בצנצנת אבטיח מנגו,אסקום קונפקשיין,DE,קופסא מסטיק מאסט פאן,גרמים,58.00,100 גרם,false,,8.90,0.1534,true,1,2103224
7290115675559,false,מארז קפה טורקי לדרך 10 יחידות,שטראוס קפה בי.וי.,IL,מארז קפה טורקי לדרך,גרמים,70.00,100 גרם,false,,7.50,0.1071,true,1,2049466
7290115675696,false,דגני בוקר קראנצ'ים שיבולת שועל עם אגוזים ושקדים,גלידות שטראוס,IL,דגני בוקר קוואקר אגו,גרמים,375.00,100 גרם,false,,19.90,0.0531,true,1,2083125
7290115675986,false,יוגורט עם אגוזי לוז ושקדים בקרמל מלוח 4.5%,"שטראוס בריאות בע""מ",IL,דנונה בר עם אגוזים מ,גרמים,173.00,100 גרם,false,,4.50,0.0260,true,1,2048413
7290115676037,false,דנונה ריפרש יוגורט עם תות ודומדמניות 1.6% שומן,מיוצר עי קונדיטוריית,IL,דנונה לשתייה ריפרש ת,גרמים,250.00,100 גרם,false,,5.50,0.0220,true,1,2073127
7290115676051,false,"אקטיביה משקה+שיבולת שועל במתיקות מעודנת 250 מ""ל",מיוצר עי קונדיטוריית,IL,משקה אקטיביה עם ש.שו,מיליליטרים,265.00,"100 מ""ל",false,,4.90,0.0185,true,1,2097301
7290115676082,false,משקה דנונה פרו 20 יוגורט תות 255 ג' רבנות,"שטראוס בריאות בע""מ.",IL,משקה דנונה פרו 20 תו,גרמים,255.00,100 גרם,false,,6.40,0.0251,true,1,2073129
7290115676099,false,משקה דנונה פרו 20 יוגורט וניל 255 ג' רבנות,"שטראוס בריאות בע""מ.",IL,משקה דנונה פרו 20 ונ,גרמים,255.00,100 גרם,false,,6.40,0.0251,true,1,2073130
7290115677423,false,אורז ירוק קארי חריף חריף דלישס 350 גרם,"טרופיקל דגיל בע""מ אז",IL,אורז קארי ירוק חריף,גרמים,350.00,100 גרם,false,,26.90,0.0769,true,1,2102421
7290115677430,false,אורז צ'אזה,,,אורז צ'אזה,גרמים,350.00,100 גרם,false,,26.90,0.0769,true,1,2102422
7290115678376,false,מעדן הגולן שוקולד 125 גרם,מיוצר עי קונדיטוריית,IL,מעדן הגולן שוקולד 12,גרמים,125.00,100 גרם,false,,2.90,0.0232,true,1,2082989
7290115678383,false,מעדן הגולן שוקולד מריר 125 גרם,מיוצר עי קונדיטוריית,IL,מעדן הגולן שוקולד מר,גרמים,125.00,100 גרם,false,,2.90,0.0232,true,1,2082990
7290115678598,false,חסה אייסברג חיתוך גס,שטראוס גרופ,IL,חסה אייסברג בחיתוך ג,גרמים,300.00,100 גרם,false,,9.90,0.0330,true,1,2097318
7290115678635,false,נשנושי גבינה -גבינת שמנת 16%+כעכים שטוחים עם מלח,"מחלבת טבע עז בע""מ",IL,נשנושי גבינה 16% עם,גרמים,67.00,100 גרם,false,,7.90,0.1179,true,1,2134966
7290115678970,false,מארז סוכריות FRESH בטעם בזוקה עלית 3*15 ג',הליקון גידה,TR,שלישיית סוכריות פרש,גרמים,45.00,100 גרם,false,,7.90,0.1756,true,1,2082324
7290115731675,false,צלחת flower 11.5 שקו,,,צלחת flower 11.5 שקו,יח',10.00,יח',false,,32.90,3.2900,true,1,2081424
7290115903317,false,קבקב בריאות גברים,,,קבקב בריאות גברים,יחידה,0.00,יחידה,false,,39.90,0.0000,true,1,2145268
7290115903331,false,קבקבי כבש גברים,,,קבקבי כבש גברים,יחידה,0.00,יחידה,false,,39.90,0.0000,true,1,2145270
7290116530147,false,"תחליב רחצה שייק פירות יער ירוקים ומאצה פינוק 700 מ""ל",יוניליוור ישראל טיפו,IL,תחליב רחצה פינוק פיר,מיליליטרים,700.00,"100 מ""ל",false,,10.90,0.0156,true,1,2066253
7290116530161,false,"תחליב רחצה בניחוח שייק אננס, מלון וחלב שיבולת שועל",יוניליוור ישראל טיפו,IL,תחליב רחצה פינוק אננ,מיליליטרים,700.00,"100 מ""ל",false,,10.90,0.0156,true,1,2066255
7290116530215,false,דאודרנט סטיק לגבר דרק טמפטיישן 76 ג' אקס,יוניליוור,US,אקס סטיק שוקולד,גרמים,77.00,100 גרם,false,,18.90,0.2455,true,1,2066187
7290116530222,false,דאודרנט סטיק לגבר אנרכי 76 ג' אקס,יוניליוור,US,אקס סטיק אנרכי,גרמים,77.00,100 גרם,false,,18.90,0.2455,true,1,2066188
7290116530239,false,אקס דאו סטיק לגבר בלאק 7 גרם,יוניליוור,US,אקס סטיק בלאק,גרמים,77.00,100 גרם,false,,18.90,0.2455,true,1,2066195
7290116530888,false,ג'ל לכביסה לבנה וצבעונית פינוק כחול בדין 2.5 ל',"זוהר דליה, קיבוץ דלי",IL,ג'ל כביסה לבנה וצבעו,ליטרים,2.50,ליטר,false,,32.90,13.1600,true,1,2073918
7290116530895,false,"תרסיס ריחני למייבש כביסה פינוק כחול בדין 500 מ""ל","זוהר דליה, קיבוץ דלי",TR,בדין תרסיס למייבש 50,מיליליטרים,500.00,"100 מ""ל",false,,16.90,0.0338,true,1,2073925
7290116531069,false,קנור מרק בצל 100% רכיבים טבעיים 225 גרם,יוניליוור ישראל מזון,IL,מרק בצל רכיבים טבעיי,גרמים,220.00,100 גרם,false,,16.90,0.0768,true,1,2100102
7290116531083,false,"דגני ברנפלקס דבש ושקדים ללת""ס 400 גרם",יוניליוור שפע ישראל,IL,ברנפלקס ללא סוכר בטע,גרמים,400.00,100 גרם,false,,22.90,0.0572,true,1,2095076
7290116531557,false,"פריכיות פתית תירס עם מלח 150 גרם כשל""פ",גוד פוד פרודקטס,PL,מאגדת פתית פירכיות ת,גרמים,150.00,100 גרם,false,,12.90,0.0860,true,1,2116395
7290116531564,false,מאגדת פתית פריכיות תירס דקות עם קינואה ובזיליקום 150 ג',גוד פוד פרודקטס,PL,מאגדת פתית פירכיות ק,גרמים,150.00,100 גרם,false,,12.90,0.0860,true,1,2116396
7290116531656,false,"מרכך פינוק לשיער בניחוח תפוח 700 מ""ל",יוניליוור ישראל טיפו,IL,מרכך פינוק בניחוח תפ,מיליליטרים,700.00,"100 מ""ל",false,,11.90,0.0170,true,1,2087079
7290116531663,false,"תחליב רחצה פינוק בניחוח תפוח 700 מ""ל",יוניליוור ישראל טיפו,IL,תחליב רחצה פינוק 700,מיליליטרים,700.00,"100 מ""ל",false,,10.90,0.0156,true,1,2087080
7290116531762,false,בדין דפי מרכך למייבש כביסה ורוד 40 יחיד,"קלינטסט - 3p ארה""ב",US,בדין דפי מרכך ורוד,יח',40.00,יח',false,,18.90,0.4725,true,1,2103913
7290116531779,false,בדין דפי מרכך למייבש כביסה כחול 40 יחיד,"קלינטסט - 3p ארה""ב",US,בדין דפי מרכך כחול,יח',40.00,יח',false,,18.90,0.4725,true,1,2103914
7290116531786,false,שלישיית תחליב רחצה דאב,,,תחליב רחצה דאב מלפפו,מיליליטרים,1500.00,"100 מ""ל",false,,43.90,0.0293,true,1,2135294
7290116531793,false,הלמנס רוטב לסלט קיסר 295 גרם,יוניליוור ישראל מזון,IL,רוטב לסלט הלמנס קיסר,גרמים,295.00,100 גרם,false,,12.90,0.0437,true,1,2095077
7290116531854,false,"תחליב רחצה שייק קיווי פסיפלורה ואשכולית אדומה 700 מ""ל פינוק",יוניליוור ישראל טיפו,IL,תחליב רחצה פינוק שיי,מיליליטרים,700.00,"100 מ""ל",false,,10.90,0.0156,true,1,2121201
7290116531861,false,"תחליב רחצה שייק תפוז בננה ואפרסק 700 מ""ל פינוק",יוניליוור ישראל טיפו,IL,תחליב רחצה פינוק שיי,מיליליטרים,700.00,"100 מ""ל",false,,10.90,0.0156,true,1,2121202
7290116531892,false,רוטב על האש רוטב בטעם ברביקיו מעושן,אתר חיפה 778 - Food,IL,רוטב ברביקיו מעושן,גרמים,350.00,100 גרם,false,,12.90,0.0369,true,1,2114259
7290116532011,false,קליק חטיף שוקולד נוגט וחלב 35 גרם,אזור התעשייה רמת גבר,IL,חטיף שוקולד קליק נוג,גרמים,35.00,100 גרם,false,,3.90,0.1114,true,1,2107543
7290116532219,false,קורנפלקס תות 448 גרם תלמה רבנות,אתר שפע - Food,IL,קורנפלקס תות 448 גרם,גרמים,448.00,100 גרם,false,,19.90,0.0444,true,1,2122376
7290116532240,false,קליק טבלה שוקולד חלב פצפוצי דגנים ועוגי 85 גרם רבנות,יוניליוור,IL,טבלת XL קליק שוקולד,גרמים,85.00,100 גרם,false,,4.90,0.0576,true,1,2122377
7290116532622,false,פינוק מרכך לשיער בתוספת גוגי ברי 700 מל,אתר ליוור - HPC,IL,מרכך פינוק בתוספת תמ,מיליליטרים,700.00,"100 מ""ל",false,,11.90,0.0170,true,1,2122811
7290116532769,false,"גרנולה פרוטאין בתוספת חלבון, תפוח וקינמון",חטיפי העמק,IL,גרנולה פרוטאין תפוח,גרמים,300.00,100 גרם,false,,15.90,0.0530,true,1,2122423
7290116532905,false,נישנושים איירביס ברביקיו 155 גרם,אתר בייגל - Food,IL,נישנושים איירביס טעם,גרמים,155.00,100 גרם,false,,12.90,0.0832,true,1,2134581
7290116533063,false,דגני בוקר שוגי קרטיב ענבים 400 גרם,אתר שפע - Food,IL,דגני בוקר שוגי בטעם,גרמים,400.00,100 גרם,false,,19.90,0.0497,true,1,2126660
7290116533100,false,"פינוק מרכך שיער בניחוח ורדים לבנים 700 מ""ל",אתר ליוור - HPC,IL,מרכך פינוק ורדים לבנ,מיליליטרים,700.00,"100 מ""ל",false,,11.90,0.0170,true,1,2141906
7290116930015,false,חטיף חלבון GO קרמל ח.בוטנים קריספי 20 גרם חלבון,בלמונט קונפקציות,US,חטיף חלבון GO קרמל ח,גרמים,20.00,100 גרם,false,,11.90,0.5950,true,1,2124790
7290116930022,false,חטיף חלבון GO קרם עוגיות ציפוי קריספי 20 גרם,בלמונט קונפקציות,IL,חטיף חלבון GO קרם עו,גרמים,20.00,100 גרם,false,,11.90,0.5950,true,1,2124791
7290116930435,false,יוגורט סמיך 0% דובדבן יופלה 200 ג' GO,תנובה מרכז שיתופי לש,IL,יוגורט יופלה GO סמיך,גרמים,200.00,100 גרם,false,,5.40,0.0270,true,1,2124058
7290116930466,false,"משקה SHAKE בננה מנגן פסיפלורה והל 230 מ""ל יופלה",קבוצת המזון אקטשלאר,IL,יופלה SHAKE מנגו בננ,מיליליטרים,230.00,"100 מ""ל",false,,7.90,0.0343,true,1,2129743
7290116930480,false,"משקה SHAKE בננה קיווי תפוח 230 מ""ל יופלה",קבוצת המזון אקטשלאר,IL,יופלה SHAKE בננה קיו,מיליליטרים,230.00,"100 מ""ל",false,,7.90,0.0343,true,1,2129744
7290116930657,false,משקה חלב גו בטעם בננה תמר עם ש. שועל 340,תנובה מרכז שיתופי לש,IL,משקה תנובה GO בננה,מיליליטרים,340.00,"100 מ""ל",false,,7.90,0.0232,true,1,2151321
7290116930701,false,מעדן חלב GO מועשר בחלבון בטעם קרמל מלוח,תנובה מרכז שיתופי לש,IL,יוגורט יופלה GO בטעם,גרמים,120.00,100 גרם,false,,4.50,0.0375,true,1,2128646
7290116930718,false,מעדן תנובה דיאט בטעם שוקולד וקרמל מלוח 0% 150ג' תנובה,"תנובה בע""מ",IL,מעדן דיאט בטעם שוקול,גרמים,150.00,100 גרם,false,,3.70,0.0247,true,1,2130703
7290116930725,false,סויה BIO קוקוס גביע 150 גרם אלטרנטיב,תנובה חלב,IL,מעדן סויה ביו קוקוס,גרמים,150.00,100 גרם,false,,4.50,0.0300,true,1,2136011
7290116930954,false,יוגורט טעם פאי תפוחים 3% 150 ג' יופלה,"תנובה בע""מ",IL,יופלה בטעם פאי תפוחי,גרמים,150.00,100 גרם,false,,4.70,0.0313,true,1,2151300
7290116931081,false,מעדן סויה - טופי קרמל 125 גרם אלטרנטיב,תנובה מרכז שיתופי לש,IL,גביע מעדן סויה בטעם,מיליליטרים,125.00,"100 מ""ל",false,,3.90,0.0312,true,1,2136012
7290116931104,false,יופלה גו במרקם סמיך עם אננס 0% שומן 200ג',תנובה חלב,IL,יוגורט יופלה GO סמיך,גרמים,200.00,100 גרם,false,,5.40,0.0270,true,1,2136013
7290117260005,false,קונפיטורה תות שדה 380 ג' ויליפוד,גסאס גנל גידה,TR,קונפיטורה תות שדה 38,גרמים,380.00,100 גרם,false,,9.90,0.0261,true,1,2096020
7290117260067,false,קונפיטורה תפוזים 380 ג' ויליפוד,וילי פוד,,קונפיטורה תפוזים 380,גרמים,380.00,100 גרם,false,,9.90,0.0261,true,1,2096012
7290117260173,false,"קמח חיטה רב תכליתי 1 ק""ג",וילי פוד,,קמח חיטה רב תכליתי 1,קילוגרמים,1.00,"ק""ג",false,,9.90,9.9000,true,1,2106921
7290117260227,false,קפה טורקי אמיתי מטורקיה 100 גרם,,,קפה טורקי אמיתי מטור,גרמים,100.00,100 גרם,false,,5.90,0.0590,true,1,2103165
7290117260388,false,"טונה בשמן 1 ק""ג",,,"טונה בשמן 1 ק""ג",גרמים,1000.00,100 גרם,false,,31.90,0.0319,true,1,2135759
7290117260456,false,גבינה בולגרית מעודנת למריחה עם זיתים 5% שומן 200 ג' יורו,"חת""ס",IL,גבינת בולגרית מעודנת,גרמים,200.00,100 גרם,false,,12.90,0.0645,true,1,2120525
7290117260463,false,גבינה בולגרית מעודנת למריחה עם חלפיניו 5% שומן 200 ג' יורו,Euro יורו מחלבות אירופה,IL,גבינת בולגרית מעודנת,גרמים,200.00,100 גרם,false,,12.90,0.0645,true,1,2120526
7290117260562,false,חמאה כפרית מסורתית בגביע,וילי פוד,TR,חמאה בגביע 225 גרם,גרמים,225.00,100 גרם,false,,16.90,0.0751,true,1,2150007
7290117260579,false,חטיף קראנצ'י על בסיס קמח עדשים בטעם שמנת חמוצה ובצל 80 ג',וילי פוד,LT,חטיף קראנצ'י על בסיס,גרמים,80.00,100 גרם,false,,9.90,0.1238,true,1,2134927
7290117260593,false,חטיף קראנצ'י על בסיס קמח עדשים בטעם צ'דר 80 ג',וילי פוד,LT,חטיף קראנצ'י על בסיס,גרמים,80.00,100 גרם,false,,9.90,0.1238,true,1,2134929
7290117260685,false,תן בו וניל ציפויים בטעמים שונים 230 גרם,אלויראסמינדה,DK,תן בו בטעם וניל בציפ,גרמים,230.00,100 גרם,false,,19.90,0.0865,true,1,2102180
7290117260906,false,פופקורן בציפוי בטעם פירות 90 גרם,אלאלסי,UA,פופקורן בציפוי בטעם,גרמים,90.00,100 גרם,false,,5.90,0.0656,true,1,2104532
7290117260913,false,פופקורן בציפוי בטעם שוקולד 90 גרם,אלאלסי,UA,פופקורן בציפוי בטעם,גרמים,90.00,100 גרם,false,,5.90,0.0656,true,1,2104533
7290117260944,false,מיני גריסיני עם שמן זית ללא גלוטן 125 גרם ויליפוד,מודיאה אס.אר.אל,IT,מיני גריסיני עם שמן,גרמים,125.00,100 גרם,false,,5.90,0.0472,true,1,2115090
7290117260951,false,ביסקוויטים ללא גלוטן ופירות הדר 125 גרם ויליפוד,וילי פוד,IT,ביסקוויטים ללא גלוטן,גרמים,125.00,100 גרם,false,,5.90,0.0472,true,1,2115103
7290117260968,false,ביסקוויטים ללא גלוטן 125 גרם ויליפוד,מודיאה אס.אר.אל,IT,ביסקוויטים ללא גלוטן,גרמים,125.00,100 גרם,false,,5.90,0.0472,true,1,2115104
7290117260982,false,זיתים שחור מגולענים במי מלח וילי פוד300,,TR,זיתים שחורים מגולעני,גרמים,300.00,100 גרם,false,,7.90,0.0263,true,1,2149771
7290117261019,false,זיתים ירוקים ממולאים מחית פלפלים אדומים במי מלח 300 גרם,,TR,זיתים ירוקים ממולאים,גרמים,300.00,100 גרם,false,,7.90,0.0263,true,1,2149772
7290117261026,false,זיתים ירוק מגולענים במי מלח וילי פוד300,,TR,זיתים ירוקים מגולעני,גרמים,300.00,100 גרם,false,,7.90,0.0263,true,1,2149773
7290117261033,false,זיתים שחורים מיובשים בסגנון טאסוס 200 גרם,,TR,זיתים שחורים מיובשים,גרמים,300.00,100 גרם,false,,7.90,0.0263,true,1,2149774
7290117261057,false,זוג קינוחים בטעם קרם עוגיות 140 גרם,מונטרו,ES,זוג קינוחים בטעם קרם,גרמים,140.00,100 גרם,false,,10.90,0.0779,true,1,2124711
7290117261125,false,זוג קינוחים בטעם וניל בציפוי שוקולד לבן 140ג',מונטרו,ES,זוג קינוחים בטעם וני,גרמים,140.00,100 גרם,false,,10.90,0.0779,true,1,2124703
7290117261163,false,פיתה יוונית מוקפאת - מארז 10 יחידות,וילי פוד,,פיתה יוונית מוקפאת 7,גרמים,750.00,100 גרם,false,,14.90,0.0199,true,1,2124695
7290117261170,false,פיתה יוונית עם קמח תירס מוקפאת - מארז 8 יחידות,וילי פוד,GR,פיתה יוונית עם קמח ת,גרמים,680.00,100 גרם,false,,14.90,0.0219,true,1,2124696
7290117261187,false,ארוחת פסטה בהקפאה פנה ותרד 600 גרם,,,ארוחת פסטה בהקפאה פנ,גרמים,600.00,100 גרם,false,,22.90,0.0382,true,1,2134944
7290117261194,false,ארוחת פתיתים עם פטריות 600 גרם ויליפוד,,,ארוחת פתיתים בהקפאה,גרמים,600.00,100 גרם,false,,22.90,0.0382,true,1,2134952
7290117261231,false,ארוחת אורז בהקפאה עם,,,ארוחת אורז בהקפאה עם,גרמים,600.00,100 גרם,false,,22.90,0.0382,true,1,2134965
7290117261347,false,תן בו בציפוי בטעם שוקולד לבן ופתיתי קוקו,אלויראסמינדה,DK,תן בו בציפוי בטעם שו,גרמים,300.00,100 גרם,false,,19.90,0.0663,true,1,2107736
7290117261354,false,גבינת ריקוטה 200 גרם 5%שומן מחלבת אירופה,באלבן גידה סנאי,TR,גבינת ריקוטה 200 גרם,גרמים,200.00,100 גרם,false,,9.90,0.0495,true,1,2124681
7290117261378,false,גבינת קשקבל לייט 250 גרם 8% שומן מחלבת א,סאסו פטוראגס קומטויס,TR,גבינת קשקבל לייט 250,גרמים,250.00,100 גרם,false,,19.90,0.0796,true,1,2124688
7290117261415,false,יוגורט פרוביוטי 2.7% שומן 125 גרם,Euro יורו מחלבות אירופה,TR,יוגורט פרוביוטי 2.7%,גרמים,125.00,100 גרם,false,,3.50,0.0280,true,1,2148287
7290117261422,false,EURO יוגורט פרוביוטי עם תות שדה 2% 125 גרם,Euro יורו מחלבות אירופה,TR,יוגורט פרוביוטי עם ת,גרמים,125.00,100 גרם,false,,3.50,0.0280,true,1,2148288
7290117261439,false,EURO יוגורט פרוביוטי עם פירות יער 2% 125 גרם,Euro יורו מחלבות אירופה,TR,יוגורט פרוביוטי עם פ,גרמים,125.00,100 גרם,false,,3.50,0.0280,true,1,2148289
7290117261446,false,יוגורט פרוביוטי עם אפרסק ומשמש 2.7% שומן,Euro יורו מחלבות אירופה,TR,יוגורט פרוביוטי עם א,גרמים,125.00,100 גרם,false,,3.50,0.0280,true,1,2148290
7290117261538,false,סלמון אטלנטי בשמן קנולה וצ'ילי 120 גרם,באנגה,LV,סלמון אטלנטי בשמן קנ,גרמים,120.00,100 גרם,false,,10.00,0.0833,true,1,2125801
7290117261545,false,סלמון אטלנטי ברוטב טריאקי וילי פוד 120 ג,באנגה,LV,סלמון אטלנטי ברוטב ט,גרמים,120.00,100 גרם,false,,10.00,0.0833,true,1,2125802
7290117261569,false,סלמון אטלנטי מעושן קנולה וילי פוד 120 גר,באנגה,LV,סלמון אטלנטי מעושן ב,גרמים,120.00,100 גרם,false,,10.00,0.0833,true,1,2125804
7290117261583,false,סרדינים בריסלינג מעושנים בשמן קנולה 129 גרם (צנצנת),ליסיט,LV,סרדינים בריסלינג מעו,גרמים,185.00,100 גרם,false,,13.90,0.0751,true,1,2142377
7290117261590,false,סרדינים בריסלינג מעושנים בשמן זית 129 גרם,ליסיט,LV,סרדינים בריסלינג מעו,גרמים,185.00,100 גרם,false,,13.90,0.0751,true,1,2142378
7290117261606,false,פרוסות צהובה בטעם טבעי טבעוני 140 גרם,קוליוס,GR,פרוסות צהובה טבעונית,גרמים,140.00,100 גרם,false,,14.90,0.1064,true,1,2150922
7290117261613,false,מגורדת טבעונית בטעם טבעי 200 גרם,קוליוס,GR,מגורדת טבעונית בטעם,גרמים,200.00,100 גרם,false,,18.90,0.0945,true,1,2136970
7290117261620,false,פרוסות צהובה בטעם מעושן טבעוני 140 גרם,קוליוס,GR,פרוסות צהובה טבעונית,גרמים,140.00,100 גרם,false,,14.90,0.1064,true,1,2150923
7290117261637,false,פרוסות צהובה בטעם צילי טבעוני 140 גרם,קוליוס,GR,פרוסות צהובה טבעונית,גרמים,140.00,100 גרם,false,,14.90,0.1064,true,1,2150924
7290117261644,false,פרוסות צהובה בטעם צדר טבעוני 140 גרם,קוליוס,GR,פרוסות צהובה טבעונית,גרמים,140.00,100 גרם,false,,14.90,0.1064,true,1,2150925
7290117261651,false,מגורדת בטעם מוצרלה טבעוני 200 גרם,קוליוס,GR,מגורדת טבעונית בטעם,גרמים,200.00,100 גרם,false,,18.90,0.0945,true,1,2136977
7290117261668,false,לבנה בסגנון יווני טבעוני 200 גרם,קוליוס,GR,לבנה טבעונית בסגנון,גרמים,200.00,100 גרם,false,,18.90,0.0945,true,1,2136971
7290117261675,false,מגורדת טבעונית בטעם צ'דר 200 גרם,קוליוס,GR,מגורדת טבעונית בטעם,גרמים,200.00,100 גרם,false,,18.90,0.0945,true,1,2136978
7290117261927,false,גבינת פקורינו מחלב כבשים צאנק 150 גרם,אל פסטור,ES,גבינת פקורינו מחלב כ,גרמים,150.00,100 גרם,false,,22.90,0.1527,true,1,2129819
7290117261934,false,בסיסים לחצ'פורי ומאפים מוקפאים 460 גרם ויליפוד,,GR,בסיס לחצ'פורי מוקפאי,גרמים,460.00,100 גרם,false,,14.90,0.0324,true,1,2142379
7290117262047,false,וופל במילוי בטעם בננה ושוקולד 200 גר' ויליפוד,,GR,וופל במילוי בטעם בננ,גרמים,200.00,100 גרם,false,,9.90,0.0495,true,1,2134897
7290117262054,false,וופל במילוי עם שוקולד שוויצרי 200 גר' ויליפוד,,GR,וופל במילוי עם שוקול,גרמים,200.00,100 גרם,false,,9.90,0.0495,true,1,2134904
7290117262061,false,וופל במילוי קרם בטעם שוקולד ואגוזי לוז 200 ג',,GR,וופל במילוי קרם בטעם,גרמים,200.00,100 גרם,false,,9.90,0.0495,true,1,2134905
7290117262221,false,"משקה יוגורט פרוביוטי עם אננס 200מ""ל 2.3%שומן יורו",Euro יורו מחלבות אירופה,TR,משקה יוגורט פרוביוטי,מיליליטרים,200.00,"100 מ""ל",false,,5.90,0.0295,true,1,2135204
7290117262290,false,פרלינים אגוזים במילוי פצפוצי דגנים פריכים מצופים שוקולד חלב 50 גרם,מודרן צוקולטה,TR,פרלינים אגוזים במילו,גרמים,50.00,100 גרם,false,,4.90,0.0980,true,1,2149092
7290117262313,false,פצפוצי דגנים פריכים מצופים שוקולד חלב 50 גרם,מודרן צוקולטה,TR,פצפוצי דגנים פריכים,גרמים,50.00,100 גרם,false,,4.90,0.0980,true,1,2149094
7290117380154,false,"מאסטר שף רוטב אסיאתי עם סויה 260 מ""ל",רמייה,NL,רוטב אסיאתי עם סויה,מיליליטרים,260.00,"100 מ""ל",false,,9.90,0.0381,true,1,2120300
7290117380215,false,חטיף פוף קראנץ בטעם טאקו 60 גרם,מנה,IL,חטיף פוף קראנצ בטעם,גרמים,60.00,100 גרם,false,,3.90,0.0650,true,1,2098689
7290117380697,false,קולגייט מארז אופטיק,,,קולגייט מארז אופטיק,מיליליטרים,150.00,"100 מ""ל",false,,21.90,0.1460,true,1,2138277
7290117380864,false,עוגות בראוניס אישיות בטעם שוקולד 120 ג' סלים דליס פייבר,הלמה הלום,NL,עוגות בראוניס אישיות,גרמים,120.00,100 גרם,false,,10.90,0.0908,true,1,2123911
7290117380871,false,עוגות אישיות בטעם אוכמניות 120 ג' סלים דליס פייבר,הלמה הלום,NL,עוגות אישיות בטעם או,גרמים,120.00,100 גרם,false,,10.90,0.0908,true,1,2123904
7290117381205,false,מאסטר שף שמן שומשום,,,"שמן שומשום 370 מ""ל מ",מיליליטרים,370.00,"100 מ""ל",false,,22.90,0.0619,true,1,2149082
7290117381229,false,פוף פריכיות מצופות שוקולד חלב 70 גרם,בנליאן פודס,RS,פוף פירכיות מצופות ש,גרמים,70.00,100 גרם,false,,7.90,0.1129,true,1,2137298
7290117382318,false,סלים דליס - חטיף חלבון מצופה שוקולד מריר 60 גרם,"י. מרבה ישראל בע""מ",IT,חטיף חלבון מצופה שוק,גרמים,60.00,100 גרם,false,,11.90,0.1983,true,1,2137308
7290117382325,false,סלים דליס - פרו 33 חטיף חלבון מצופה שוקולד חלב 60 גרם,"י. מרבה ישראל בע""מ",IT,חטיף חלבון מצופה שוק,גרמים,60.00,100 גרם,false,,11.90,0.1983,true,1,2137302
7290117382332,false,סלים דליס - חטיף חלבון מצופה שוקולד בטעם עוגיות 60 גרם,"י. מרבה ישראל בע""מ",IT,חטיף חלבון מצופה שוק,גרמים,60.00,100 גרם,false,,11.90,0.1983,true,1,2137309
7290117383728,false,"מארז זוג תחליב רחצה לומינוס  אבוקדו 750 מ""ל פלמוליב",קולגייט פלמוליב,TR,סבון נוזלי לומינוס א,ליטרים,1.50,ליטר,false,,30.00,20.0000,true,1,2150045
7290117383735,false,"מארז זוג תחליב רחצה חימר ורדים *750 מ""ל פלמוליב",קולגייט פלמוליב,TR,סבון נוזלי חימר ורדי,ליטרים,1.50,ליטר,false,,30.00,20.0000,true,1,2150046
7290117383742,false,"מארז זוג ג'ל רחצה לגבר 750 מ""ל פלמוליב",קולגייט פלמוליב,TR,סבון נוזלי גבר מרענן,ליטרים,1.50,ליטר,false,,30.00,20.0000,true,1,2150047
7290117383780,false,מארז זוג סבון גוף ארומה מסאז' גרגירי פילינג,קולגייט פלמוליב,TR,סבון נוזלי ארומה מסא,ליטרים,1.50,ליטר,false,,30.00,20.0000,true,1,2150048
7290117823798,false,בדיקה עצמית מהירה לזיהוי אנטיגן - 5 בדיקות,שמחה זה אנחנו,CN,בדיקה עצמית לזיהוי א,יחידה,0.00,יחידה,false,,39.90,0.0000,true,1,2107773
7290117860045,false,שמפו תמציות אלוורה ותה ירוק לשיער רגיל,"טרופיקל גליל בע""מ",IL,הוואי שמפו מטפח לשיע,מיליליטרים,700.00,"100 מ""ל",false,,11.90,0.0170,true,1,2150840
7290117860090,false,מרכך תמציות אלוורה ותה ירוק לשיער רגיל,"טרופיקל גליל בע""מ",IL,הוואי מרכך מטפח לשיע,מיליליטרים,700.00,"100 מ""ל",false,,11.90,0.0170,true,1,2150842
7290117860144,false,הוואי שמפו פירות אקזוטיים וקלנדולה 700,"טרופיקל גליל בע""מ",IL,הוואי שמפו למניעת קש,מיליליטרים,700.00,"100 מ""ל",false,,11.90,0.0170,true,1,2150844
7290117860182,false,"הוואי - תחליב רחצה בניחוח מגנוליה ושמן שקדים 700 מ""ל","טרופיקל גליל בע""מ",IL,הוואי תחליב רחצה בני,מיליליטרים,700.00,"100 מ""ל",false,,11.90,0.0170,true,1,2150845
7290117860199,false,שמפו שמן ורד הבר ושמן מקדמיה לשיער יבש,"טרופיקל גליל בע""מ",IL,הוואי שמפו מעניק לחו,מיליליטרים,700.00,"100 מ""ל",false,,11.90,0.0170,true,1,2150846
7290117860236,false,"הוואי - קרם רחצה בניחוח ויולה ורודה 700 מ""ל","טרופיקל גליל בע""מ",IL,הוואי קרם רחצה בניחו,מיליליטרים,700.00,"100 מ""ל",false,,11.90,0.0170,true,1,2150847
7290117860243,false,"הוואי - מרכך מעניק לחות לשיער יבש 700 מ""ל","טרופיקל גליל בע""מ",IL,הוואי מרכך מעניק לחו,מיליליטרים,700.00,"100 מ""ל",false,,11.90,0.0170,true,1,2150848
7290117860281,false,"הוואי - ג'ל רחצה לגבר בניחוח עוצמתי 700 מ""ל","טרופיקל גליל בע""מ",IL,הוואי ג'ל רחצה לגבר,מיליליטרים,700.00,"100 מ""ל",false,,11.90,0.0170,true,1,2150849
7290117860298,false,שמפו קומפלקס קרטין לשיער עדין או חלש,"טרופיקל גליל בע""מ",IL,הוואי שמפו קרטין מחז,מיליליטרים,700.00,"100 מ""ל",false,,11.90,0.0170,true,1,2150850
7290117860335,false,הוואי גל רחצה לגבר בניחוח מעורר 700 מל,"טרופיקל גליל בע""מ",IL,הוואי ג'ל רחצה לגבר,מיליליטרים,700.00,"100 מ""ל",false,,11.90,0.0170,true,1,2150851
7290117860342,false,מרכך קומפלקס קרטין לשיער עדין או חלש,"טרופיקל גליל בע""מ",IL,הוואי מרכך קרטין מחז,מיליליטרים,700.00,"100 מ""ל",false,,11.90,0.0170,true,1,2150852
7290117860441,false,"מרכך פריחת הדובדבן 700 מ""ל הוואי","טרופיקל גליל בע""מ",IL,הוואי מרכך פריחת הדו,מיליליטרים,700.00,"100 מ""ל",false,,11.90,0.0170,true,1,2150855
7290117860496,false,שמפו + מרכך 2 ב 1 לגבר תמצית ג'ינג'ר,"טרופיקל גליל בע""מ",IL,הוואי שמפו + מרכך 2,מיליליטרים,700.00,"100 מ""ל",false,,11.90,0.0170,true,1,2150856
7290117860540,false,הוואי שמפו לילדים רוזמרין מנגו ומשמש 700,"טרופיקל גליל בע""מ",IL,הוואי שמפו עדין לילד,מיליליטרים,700.00,"100 מ""ל",false,,11.90,0.0170,true,1,2150857
7290117860595,false,הוואי מרכך לילדים רוזמרין מנגו ומשמש 700,"טרופיקל גליל בע""מ",IL,הוואי מרכך מתיר קשרי,מיליליטרים,700.00,"100 מ""ל",false,,11.90,0.0170,true,1,2150858
7290117860649,false,הוואי שמפו קרטין קיק ללא סולפטים 700 מל,"טרופיקל גליל בע""מ",IL,הוואי שמפו ללא סולפט,מיליליטרים,700.00,"100 מ""ל",false,,11.90,0.0170,true,1,2150859
7290117860694,false,הוואי מרכך קרטין קיק ללא סולפטים 700 מל,"טרופיקל גליל בע""מ",IL,הוואי מרכך ללא סולפט,מיליליטרים,700.00,"100 מ""ל",false,,11.90,0.0170,true,1,2150860
7290117860748,false,הוואי שמפו תמצית יסמין מעניק נפח 700 מל,"טרופיקל גליל בע""מ",IL,הוואי שמפו מעניק נפח,מיליליטרים,700.00,"100 מ""ל",false,,11.90,0.0170,true,1,2150861
7290117860793,false,הוואי מרכך תמצית יסמין מעניק נפח 700 מל,"טרופיקל גליל בע""מ",IL,הוואי מרכך מעניק נפח,מיליליטרים,700.00,"100 מ""ל",false,,11.90,0.0170,true,1,2150862
7290117860847,false,"הוואי רעננות מושלמת לגבר לשיער, גוף, פנים וזקן","טרופיקל גליל בע""מ",IL,הוואי שמפו 4 ב-1 לגב,מיליליטרים,700.00,"100 מ""ל",false,,11.90,0.0170,true,1,2150863
7290117860892,false,"הוואי - תחליב רחצה יוגורט בניחוח וניל ודבש 700 מ""ל","טרופיקל גליל בע""מ",IL,הוואי תחליב רחצה יוג,מיליליטרים,700.00,"100 מ""ל",false,,11.90,0.0170,true,1,2150864
7290117860946,false,"תחליב רחצה יוגורט בניחוח קוקוס 700 מ""ל הוואי","טרופיקל גליל בע""מ",IL,הוואי תחליב רחצה יוג,מיליליטרים,700.00,"100 מ""ל",false,,11.90,0.0170,true,1,2150865
7290117860991,false,"תחליב רחצה יוגורט בניחוח שקדים 700 מ""ל הוואי","טרופיקל גליל בע""מ",IL,הוואי תחליב רחצה יוג,מיליליטרים,700.00,"100 מ""ל",false,,11.90,0.0170,true,1,2150866
7290117901243,false,ממרח פלפלים אדומים קלויים בתוספת ארטישוק 290 ג' גורמה,,,ממרח פלפלים אדומים ק,גרמים,290.00,100 גרם,false,,13.90,0.0479,true,1,2137777
7290117901250,false,ממרח עגבניות מיובשות בתוספת זיתים ירוקים 290 ג' גורמה,,,ממרח עגבניות מיובשות,גרמים,290.00,100 גרם,false,,13.90,0.0479,true,1,2137778
7290117901267,false,ממרח פלפלים אדומים וחצילים קלויים 290 ג' גורמה,,,ממרח פלפלים אדומים ו,גרמים,290.00,100 גרם,false,,13.90,0.0479,true,1,2137785
7290117901274,false,ממרח זיתים 290 גר' גורמה,,,ממרח זיתים 290 גרם,גרמים,290.00,100 גרם,false,,13.90,0.0479,true,1,2137779
7290118420071,false,במבה ביסלי ברביקיו מיקס 80ג' אסם,"אסם תעשיות בע""מ",IL,במבה ביסלי ברביקיו מ,גרמים,80.00,100 גרם,false,,4.50,0.0563,true,1,2148955
7290118420378,false,פתיבר פינוקים בטעם תותים בשמנת - חלבי,דר גררד,IL,אסם פתי בר פינוקים ת,גרמים,220.00,100 גרם,false,,10.90,0.0495,true,1,2148963
7290118420477,false,אסם בייגלה שטוחים בטעם ביסלי בצל 300 גר,"אסם תעשיות בע""מ",IL,בייגלה שטוחים בטעם ב,גרמים,300.00,100 גרם,false,,10.90,0.0363,true,1,2148964
7290118420514,false,אסם אינסטנט פודינג נוגט 75 גרם,"אסם תעשיות בע""מ",IL,אינסטנט פודינג בטעם,גרמים,80.00,100 גרם,false,,5.50,0.0688,true,1,2148965
7291044080391,false,כבל מאריך 3X1.5 עד 1 מטר,,,כבל מאריך,יחידה,0.00,יחידה,false,,14.90,0.0000,true,1,2020573
7291044087406,false,מטען קיר 2A + כבל Micro USB,GPlus,,מטען קיר 2A + כבל Mi,יחידה,0.00,יחידה,false,,24.90,0.0000,true,1,1986027
7291044096613,false,נורת לד DL 15W E27 A60 SAFETY,,,נורת לד 15W,יחידה,0.00,יחידה,false,,9.90,0.0000,true,1,1990200
7291044096620,false,נורת לד WW 15W E27 A60 SAFETY,,,נורת לד 15W,יחידה,0.00,יחידה,false,,9.90,0.0000,true,1,1990201
7291044114638,false,מטען קיר USB 2.1A+כב,,,מטען קיר USB 2.1A+כב,יחידה,0.00,יחידה,false,,19.90,0.0000,true,1,2084063
7291044114652,false,מטען קיר USB 2.1A+כב,,,מטען קיר USB 2.1A+כב,יחידה,0.00,יחידה,false,,19.90,0.0000,true,1,2084065
7291074004411,false,"שפכטל נירוסטה 25.6 ס""מ Bake-it up ידית פלסטיק",,,מרחן משולש נירוסטה 1,יחידה,0.00,יחידה,false,,19.90,0.0000,true,1,1904073
7291074005692,false,כפפת הגנה לחיתוך,,,כפפת הגנה לחיתוך,יחידה,0.00,יחידה,false,,19.90,0.0000,true,1,1904109
7291074008907,false,משטח סיליקון לאפייה,,,משטח סיליקון לאפייה,יחידה,0.00,יחידה,false,,29.90,0.0000,true,1,1993606
7291074017305,false,"מסננת כדור נירוסטה 11 ס""מ לעשבי תיבול סולתם",,,מסננת כדור נירוסטה 1,יחידה,0.00,יחידה,false,,29.90,0.0000,true,1,2142581
7296015119575,false,עט רולר מחיק 3 יח,,,עט רולר מחיק 3 יח,יח',3.00,יח',false,,12.90,4.3000,true,1,1897057
7296015126658,false,שרשרת לד 40 נורות צב,,,שרשרת לד 40 נורות צב,יחידה,0.00,יחידה,false,,14.90,0.0000,true,1,1984487
7296015136886,false,סביבון מאור קפיץ,,,סביבון מאור קפיץ,יחידה,0.00,יחידה,false,,4.90,0.0000,true,1,2094890
7296015136923,false,סביבון מאור מגנטי,,,סביבון מאור מגנטי,יחידה,0.00,יחידה,false,,7.90,0.0000,true,1,2094897
7296015136930,false,סביבון מואר קפיץ + צ,,,סביבון מואר קפיץ + צ,יחידה,0.00,יחידה,false,,8.90,0.0000,true,1,2094898
7296015139160,false,דבק סטיק ריינבו,,,דבק סטיק ריינבו,יחידה,0.00,יחידה,false,,4.90,0.0000,true,1,2127397
7296015139184,false,דבק סטיק ספיידר,,,דבק סטיק ספיידר,יחידה,0.00,יחידה,false,,4.90,0.0000,true,1,2127399
7296015140494,false,דבק סטיק קטן 3 יח' ס,,,דבק סטיק קטן 3 יח' ס,יחידה,0.00,יחידה,false,,5.90,0.0000,true,1,2134464
7296015140500,false,דבק סטיק גדול 2 יח',,,דבק סטיק גדול 2 יח',יחידה,0.00,יחידה,false,,7.90,0.0000,true,1,2134465
7296021187919,false,סט סכום 24 חלקים אלו,,,"סכו""ם נירוסטה 24 חל",יחידה,0.00,יחידה,false,,79.90,0.0000,true,1,2025020
7296021191367,false,תבנית לקוביות קרח עם,,,קרחון עם מכסה (עיגול,יחידה,0.00,יחידה,false,,9.90,0.0000,true,1,1948915
7296021228490,false,קערת אחסון עגולה 7.,,,קערת אחסון עגולה 7.,יחידה,0.00,יחידה,false,,19.90,0.0000,true,1,2000656
7296021228513,false,קערת אחסון עגולה 5.6,,,"קערה 13 ס""מ.",יחידה,0.00,יחידה,false,,12.90,0.0000,true,1,2000658
7296021248931,false,"סכו""ם נירוסטה 24 חל'",,,"סכו""ם נירוסטה 24 חל'",יחידה,0.00,יחידה,false,,99.90,0.0000,true,1,2025024
7296021257742,false,מארז 2 מיכלי שמן / חומץ 0.5 ליטר זכוכית,נעמן,,מארז 2 מיכלי שמן / ח,יחידה,0.00,יחידה,false,,22.90,0.0000,true,1,2058481
7296021266119,false,"סכין לחם 19 ס""מ משונ",,,"סכין לחם 19 ס""מ משונ",יחידה,0.00,יחידה,false,,34.90,0.0000,true,1,2099169
7296021266676,false,"מסננת ידית עץ 8 ס""מ פרפקטו",נעמן,,"מסננת ידית עץ 8 ס""מ",יחידה,0.00,יחידה,false,,5.90,0.0000,true,1,2080033
7296021270819,false,NEW BONE CHINA Delft,,,NEW BONE CHINA Delft,יחידה,0.00,יחידה,false,,34.90,0.0000,true,1,2143037
7296021273636,false,סכין סט 6 ירקות כחול,,,סט 6 סכיני ירקות כחו,יחידה,0.00,יחידה,false,,14.90,0.0000,true,1,2102228
7296049013559,false,מתקן קרח אצבעות סילי,,,מתקן קרח אצבעות סילי,יחידה,0.00,יחידה,false,,14.90,0.0000,true,1,2104060
7296049016574,false,כוס קידוש פורצלן תחת,,,כוס קידוש פורצלן ותח,יחידה,0.00,יחידה,false,,29.90,0.0000,true,1,2126799
7296049258097,false,דן פריזט 1.8 ליטר,,,דן פריזט 1.8 ליטר,יחידה,0.00,יחידה,false,,7.90,0.0000,true,1,2115820
7296049258127,false,דן קערה מילאנו בינונ,,,דן קערה מילאנו בינונ,יחידה,0.00,יחידה,false,,5.90,0.0000,true,1,2115823
7296049258141,false,דן קערה 5 ליטר,,,דן קערה 5 ליטר,יחידה,0.00,יחידה,false,,9.90,0.0000,true,1,2115830
7296049258196,false,קערה פלסטיק 24,,,קערה פלסטיק 24,יחידה,0.00,יחידה,false,,3.90,0.0000,true,1,2115833
7296049258363,false,דן קליק קלאק גדול 1.,,,דן קליק קלאק גדול,יחידה,0.00,יחידה,false,,19.90,0.0000,true,1,2115848
7296049258479,false,דן סלסלה A4,,,דן סלסלה A4,יחידה,0.00,יחידה,false,,6.90,0.0000,true,1,2115859
7296049258721,false,דן סכומון מרובע,,,דן סכומון מרובע,יחידה,0.00,יחידה,false,,9.90,0.0000,true,1,2115884
7296049258806,false,דן מתקן לספוג כלים,,,דן מתקן לספוג כלים,יחידה,0.00,יחידה,false,,6.90,0.0000,true,1,2115892
7296049258813,false,דן משולש כיור,,,דן משולש כיור,יחידה,0.00,יחידה,false,,6.90,0.0000,true,1,2115893
7296049258998,false,דן סל ניירות עצמון,,,דן סל ניירות עצמון,יחידה,0.00,יחידה,false,,10.90,0.0000,true,1,2115911
7296049259018,false,דן דלי 11 ליטר+ ידית,,,דן דלי 11 ליטר+ ידית,יחידה,0.00,יחידה,false,,14.90,0.0000,true,1,2115913
7296049266023,false,דן נפה קוסקוס 26,,,דן נפה קוסקוס 26,יחידה,0.00,יחידה,false,,30.90,0.0000,true,1,2116007
7296049299007,false,פיקס קלין מקל עץ 1.5,,,פיקס קלין מקל עץ 1.5,יחידה,0.00,יחידה,false,,9.90,0.0000,true,1,2115971
7296049299052,false,פיקס קלין מברשת אסלה,,,פיקס קלין מברשת אסלה,יחידה,0.00,יחידה,false,,6.90,0.0000,true,1,2115976
7296049299076,false,פיקס קלין מברשת בגדי,,,פיקס קלין מברשת בגדי,יחידה,0.00,יחידה,false,,14.90,0.0000,true,1,2115978
7296049299281,false,"פיקס קלין מגב 50 ס""מ",,,"פיקס קלין מגב 50 ס""מ",יחידה,0.00,יחידה,false,,15.90,0.0000,true,1,2121675
7296049299496,false,"בקבוק שפריצר 400 מ""ל",,,"בקבוק שפריצר 400 מ""ל",יחידה,0.00,יחידה,false,,12.90,0.0000,true,1,2144911
7296111000012,false,מי קולון Royal,,,ROYAL מי קולון,מיליליטרים,500.00,"100 מ""ל",false,,39.90,0.0798,true,1,1189921
7296168001079,false,אגד גזה נמתח,,,אגד גזה נמתח,יחידה,0.00,יחידה,false,,9.90,0.0000,true,1,2046157
7297304000895,false,מכנס פרנץ טרי ארוך,,,מכנס פרנץ טרי ארוך,יחידה,0.00,יחידה,false,,39.00,0.0000,true,1,1994030
7297304001878,false,מכנס פוטר מידות S-3X,,,מכנס פוטר מידות S-3X,יחידה,0.00,יחידה,false,,39.00,0.0000,true,1,1994032
7297304001885,false,חליפת פוטר מידות M-3,,,חליפת פוטר מידות M-3,יחידה,0.00,יחידה,false,,99.90,0.0000,true,1,1994033
7297304001960,false,מכנס דגמח מידות 38-5,,,מכנס דגמח מידות 38-5,יחידה,0.00,יחידה,false,,59.00,0.0000,true,1,1994035
7297304002004,false,פריט לבוש גברים/נשים,,,פריט לבוש גברים/נשים,יחידה,0.00,יחידה,false,,49.90,0.0000,true,1,2095127
7297304002127,false,מעיל,,,מעיל,יחידה,0.00,יחידה,false,,89.90,0.0000,true,1,2144018
7297391141938,false,בוקסר בנים זוג,,,בוקסר בנים זוג,יחידה,0.00,יחידה,false,,22.90,0.0000,true,1,2068819
7297488098152,false,דגש קמח חומוס ללא גל,אף.סי תבליני בגליל ב,IL,קמח חומוס 500,גרמים,500.00,100 גרם,false,,15.90,0.0318,true,1,1197125
7297488098183,false,קמח אורז לבן ללא גלו,"תבליני העליון בע""מ",IL,קמח אורז דגש 500 ג',גרמים,500.00,100 גרם,false,,9.90,0.0198,true,1,1197128
7297488098282,false,אבקת מרק בטעם עוף 500 גרם,אף.סי. תבליני הגליל,IL,אבקת מרק בטעם עוף,גרמים,500.00,100 גרם,false,,19.90,0.0398,true,1,1197137
7297488098305,false,קמח שקדים ללא גלוטן,תות תעשיות מזון (201,IL,"קמח שקדים ""דגש""",גרמים,250.00,100 גרם,false,,27.90,0.1116,true,1,1197139
7297488098688,false,"פצפוצי אורז מלא ללת""ס דגש 450 גרם","תירפז בע""מ",IL,פצפוצי אורז מלא ללא,גרמים,450.00,100 גרם,false,,20.90,0.0464,true,1,1627380
7297488199606,false,פצפוצי אורז תפוח ללא תוספת סוכר ומלח ללא גלוטן,דגש- דוכן גן שמואל,IL,פצפוצי אורז קל 450 ג' דגש,גרמים,450.00,100 גרם,false,,20.90,0.0464,true,1,1197149
7297488199620,false,פצפוצי אורז מלא תפוח ללא גלוטן,דגש- דוכן גן שמואל,IL,פצפוצי אורז מלא 450 ג' דג,גרמים,450.00,100 גרם,false,,20.90,0.0464,true,1,1197150
7297579004932,false,מגבת פנים טוליפ,,,מגבת פנים טוליפ,יחידה,0.00,יחידה,false,,14.90,0.0000,true,1,2050831
7297579004949,false,מגבת טוליפ גוף,,,מגבת גוף טוליפ,יחידה,0.00,יחידה,false,,29.90,0.0000,true,1,2050832
7312040017683,false,וודקה אבסולוט בקבוק,"איי, בי, אינבוו",SE,"וודקה אבסלוט 700 מ""ל",מיליליטרים,700.00,"100 מ""ל",false,,59.90,0.0856,true,1,1171749
7393714369000,false,"קופרברג סיידר אגסים 4.5% בקבוק 330 מ""ל",לני אנד לארי,SE,סיידר אגסים קופרברג,מיליליטרים,330.00,"100 מ""ל",false,,8.90,0.0270,true,1,1969784
7394376123337,false,"משקה שיבולת שועל אורגני אוטלי , 1 ל'",טרנסומס פוד איי.בי,SE,משקה שיבולת שועל או,ליטרים,1.00,ליטר,false,,13.90,13.9000,true,1,2022650
7394376615825,false,"אוטלי משקה שיבולת שועל בתוספת סידן וויטמינים , 1 ל'",טרנסומס פוד,SE,משקה שיבולת שועל אוט,ליטרים,1.00,ליטר,false,,13.90,13.9000,true,1,2022651
7394376616778,false,אוטלי משקה שיבולת שועל להקצפה בריסטה 1 ליטר,טרנסומס פוד,SE,משקה שיבולת שועל לה,ליטרים,1.00,ליטר,false,,15.90,15.9000,true,1,2022653
7394376620294,false,משקה ש.שועל בטעם וניל 1 ליטר,איי אם פי אס איי תעש,NL,משקה שיבולת שועל בט,ליטרים,1.00,ליטר,false,,15.90,15.9000,true,1,2143937
7501013122039,false,ג'ומקס מיץ מנגו קרטונית ליטר תריסר,חומקס קומר קומרסאליז,MX,נקטר מנגו ג'ומקס קרט,ליטרים,1.00,ליטר,false,,9.90,9.9000,true,1,1990000
7501013122053,false,ג'ומקס מיץ אפרסק קרטונית ליטר תריסר,חומקס קומר קומרסאליז,MX,נקטר אפרסק-ג'ומקס קר,ליטרים,1.00,ליטר,false,,9.90,9.9000,true,1,1983151
7501013122114,false,"נקטר משקה אננס בקרטונית ג'ומקס, 1 ל'",חומקס קומר קומרסאליז,MX,נקטר אננס ג'ומקס קרט,ליטרים,1.00,ליטר,false,,9.90,9.9000,true,1,1983152
7501013122992,false,ג'ומקס מיץ קוקוס אננס קרטונית ליטר תריסר,חומקס קומר קומרסאליז,MX,משקה מנגו ג'ומקס קרט,ליטרים,1.00,ליטר,false,,9.90,9.9000,true,1,1983154
7501013138047,false,משקה יוניקו פרסקו רימונים קרטונית 1 ליטר,תומקס קומרסאליזדורה,MX,נקטר רימונים פרסקו י,ליטרים,1.00,ליטר,false,,11.90,11.9000,true,1,1983147
7501013138184,false,משקה יוניקו פרסקו חמוציות קרטונית 1 ליטר,חומקס קומר קומרסאליז,MX,נקטר חמוציות יוניקו,ליטרים,1.00,ליטר,false,,11.90,11.9000,true,1,1983148
7501049936945,false,"בירה סול שישייה בקבוק 330 מ""ל",היינקן,NL,שישייה בירה סול 330,ליטרים,1.98,ליטר,false,,39.90,20.1515,true,1,2015862
7501064191398,false,שישיית בירה קורונה אקסטרא *355 מל,קריניציה ויטמינה אס,MX,בירה קורונה שישייה 3,ליטרים,2.13,ליטר,false,,39.90,18.7324,true,1,1959023
7502231540858,false,מאוריפאן שמרים יבשים,,,שמרים בוואקום 500 גר,גרמים,500.00,100 גרם,false,,9.90,0.0198,true,1,1206151
7503012779306,false,סירופ אגבה כחולה 100% 330 גרם נטורפוד,נוטריגבאס דה מקסיקו,MX,סירופ אגבה כחולה אור,גרמים,330.00,100 גרם,false,,16.90,0.0512,true,1,1346882
7509546061160,false,"משחת שיניים לילדים מיניונים 2-5 75 מ""ל קולגייט",קולגייט פלמוליב,PL,משחת שיניים קולגייט,מיליליטרים,75.00,"100 מ""ל",false,,16.90,0.2253,true,1,2082758
7509546061672,false,דאודורנט סטיק אקסטרים אינטנס,קולגייט פלמוליב,US,דאודורנט סטיק-אקסטרי,גרמים,50.00,100 גרם,false,,17.90,0.3580,true,1,2136776
7509546666846,false,"קולגייט טוטאל משחת שיניים פחם 75 מ""ל",קולגייט פלמוליב,PL,משחת שיניים קולגייט,מיליליטרים,75.00,"100 מ""ל",false,,19.90,0.2653,true,1,2071562
7509546678702,false,קולגייט משחת שיניים טוטל אנטי טרטר 100 מ,קולגייט-פלמוליב,PL,משחת שיניים קולגייט,מיליליטרים,100.00,"100 מ""ל",false,,14.90,0.1490,true,1,2135000
7610023050215,false,מיזלי קראנצ איקס 500 גרם בשקית,פמיליה familia,CH,"מיזלי ""קראנצ איקס 500 ""ג'",גרמים,500.00,100 גרם,false,,18.90,0.0378,true,1,1200015
7610100034084,false,שפורפרת מיונז טומי 265 גרם,נסטלה שוויץ ס.א,CH,מיונז טומי בשפורפרת,גרמים,265.00,100 גרם,false,,12.90,0.0487,true,1,1426700
7610211130903,false,סוכרזית הרמזית 800+2,מרום את קונפינו,CH,סוכרזית הרמזית 800+2,גרמים,800.00,100 גרם,false,,24.90,0.0311,true,1,2108774
7610243004463,false,"דורגול - מרסס להסרת אבנית במקלחון 600 מ""ל",יעקבי- דורגול Durgol,CH,דורגול מרסס,מיליליטרים,600.00,"100 מ""ל",false,,24.90,0.0415,true,1,1173327
7610400014632,false,לינדט שוקולד לבן 100 גרם,לינדט Lindt,CH,לינדור בודד וואיט 100 גרם,גרמים,100.00,100 גרם,false,,15.90,0.1590,true,1,1166802
7610400014649,false,שוקולד חלב במילוי קרם רך,לינדט ושפרונגלי קילש,CH,לינדור בודד מילק 100גרם,גרמים,100.00,100 גרם,false,,15.90,0.1590,true,1,1166803
7610400068369,false,שוקולד חלב במילוי קרם אגוזים,לינדט ושפרונגלי,CH,לינדור בודד הזלנט 100 גרם,גרמים,100.00,100 גרם,false,,15.90,0.1590,true,1,1166806
7610400068529,false,בונבוניירה לינדור אבורטד 200 גרם,לינדט ושפרונגלי קילש,CH,לינדור בונ' אסורטד 200 גר,גרמים,200.00,100 גרם,false,,34.90,0.1745,true,1,1166808
7610400074155,false,שוקולד מריר במילוי קרם,לינדט ושפרונגלי קילש,CH,לינדור בודד 60% 100 גרם,גרמים,100.00,100 גרם,false,,15.90,0.1590,true,1,1166817
7610400086202,false,שוקולד מריר לה גרנד עם אוכמניות וחמוציות,לינדט Lindt,,שוקולד מריר לינדט לה,גרמים,150.00,100 גרם,false,,24.90,0.1660,true,1,1642932
7610700002681,false,ריקולה סוכריות ללא סוכר בטעם צמחים 50 גר',,CH,סוכריות ריקולה צמחים,גרמים,50.00,100 גרם,false,,12.90,0.2580,true,1,2013582
7610700009956,false,ריקולה ללא ת.סוכר סמבוקוס 50 גרם,,CH,סוכריות ריקולה צמחים,גרמים,50.00,100 גרם,false,,12.90,0.2580,true,1,2021222
7610700012642,false,ריקולה בשקית לימון מינט 70 גרם,ריקולה,CH,סוכריות ריקולה צמחים,גרמים,70.00,100 גרם,false,,9.90,0.1414,true,1,2044991
7610700607046,false,סוכריות צמחים לימון ומנטה ללא תוספת סוכר,ריקולה Ricola,CH,סוכריות ריקולה צמחים,גרמים,50.00,100 גרם,false,,12.90,0.2580,true,1,1184461
7610700607077,false,סוכריות צמחים תפוז ומנטה ללא תוספת סוכר,ריקולה Ricola,,סוכריות ריקולה צמחים,גרמים,50.00,100 גרם,false,,12.90,0.2580,true,1,1184462
7610700614914,false,סוכריות ריקולה פטל חמוציות 50 גרם[אדום],ריקולה Ricola,,סוכריות ריקולה צמחים,גרמים,50.00,100 גרם,false,,12.90,0.2580,true,1,1184465
7613030979647,false,דגני בוקר טריקס פירות עולם היורה 480 ג',ג'נרל מילס סאן אדריא,IL,דגני בוקר טריקס 480,גרמים,480.00,100 גרם,false,,23.90,0.0498,true,1,1667713
7613031608850,false,פיטנס Fitness דגני בוקר קלאסי,נסטלה צרפת איטנקורט,FR,פיטנס קלאסי 625 גרם,גרמים,625.00,100 גרם,false,,27.90,0.0446,true,1,1156839
7613032045753,false,פיטנס - דגני בוקר שוקולד 375 גרם,נסטלה צרפת איטנקורט,FR,פיטנס שוקולד 375 גרם,גרמים,375.00,100 גרם,false,,19.90,0.0531,true,1,1156841
7613033548192,false,פיטנס - דגני בוקר שוקולד מריר 375 גרם,נסטלה צרפת איטנקורט,FR,פיטנס שוקולד מריר 375 גרם,גרמים,375.00,100 גרם,false,,19.90,0.0531,true,1,1156866
7613034146656,false,מזון לכלבים קטנים בטעם בקר פורינה ONE,פורינה Purina,US,פורינה ONE מיני אקטי,קילוגרמים,1.50,"ק""ג",false,,59.90,39.9333,true,1,1987340
7613035548374,false,דגני בוקר גולדן מיניס מחיטה מלאה ותירס,נסטלה פולין דגני בוק,FR,דגני בוקר גולדן מיני,גרמים,570.00,100 גרם,false,,24.90,0.0437,true,1,1282579
7613035614482,false,מזון לגור חתולים בטעם עוף פורינה ONE,פורינה Purina,US,פורינה ONE חתול גור,גרמים,800.00,100 גרם,false,,39.90,0.0499,true,1,1987331
7613035618794,false,"פורינה ONE חתול בוגר עוף 3 ק""ג",פורינה Purina,US,פורינה ONE חתול בוגר,קילוגרמים,3.00,"ק""ג",false,,119.90,39.9667,true,1,1987332
7613035622623,false,פיטנס - גרנולה שקדים ודבש 300 גרם,שוורצקוף& הנקל דיסלד,LT,פיטנס גרנולה שקדים ו,גרמים,300.00,100 גרם,false,,12.90,0.0430,true,1,1297996
7613035635845,false,פיטנס גרנולה שוקולד 14*300 גרם,שוורצקוף& הנקל דיסלד,LT,פיטנס גרנולה שוקולד,גרמים,300.00,100 גרם,false,,12.90,0.0430,true,1,1297997
7613035758834,false,פיטנס גרנולה חמוציות 300 גרם,שוורצקוף& הנקל דיסלד,LT,פיטנס גרנולה חמוציות,גרמים,300.00,100 גרם,false,,12.90,0.0430,true,1,1344437
7613035807778,false,פרפקטו רוטב עגבניות לבולונז 400 ג' אסם,אסם פרפקטו Perfecto,ES,רוטב עגבניות לבלונז,גרמים,400.00,100 גרם,false,,8.90,0.0223,true,1,1344406
7613035809109,false,פרפקטו רוטב עגבניות ובזיליקום 400 ג'אסם,אסם פרפקטו Perfecto,ES,רוטב עגבניות ובזילקו,גרמים,400.00,100 גרם,false,,8.90,0.0223,true,1,1344407
7613035809123,false,פרפקטו רוטב עגבניות עם פלפלים 400 ג' אסם,אסם פרפקטו Perfecto,ES,רוטב עגבניות עם פלפל,גרמים,400.00,100 גרם,false,,8.90,0.0223,true,1,1344408
7613035809857,false,פרפקטו רוטב עגבניות לפסטה ולבישול 400 ג' אסם,אסם פרפקטו Perfecto,ES,רוטב עגבניות לפסטה ו,גרמים,400.00,100 גרם,false,,8.90,0.0223,true,1,1344409
7613036288958,false,מזון כלבים דוגלי אקט,נסטלה פורינה באק הונ,HU,"דוגלי אקטיב 3 ק""ג",קילוגרמים,3.00,"ק""ג",false,,42.90,14.3000,true,1,1631389
7613036520492,false,פרפקטו רוטב עגבניות לפיצה 400 גרם,אסם פרפקטו Perfecto,ES,רוטב עגבניות לפיצה פ,גרמים,400.00,100 גרם,false,,8.90,0.0223,true,1,1674348
7613036710879,false,מארז מיני חטיפי קיט קט צ'אנקי Kit Kat Chanky,ליימן מותגים,DE,חטיף קיט קט מיני,גרמים,194.00,100 גרם,false,,12.90,0.0665,true,1,1816595
7613036725309,false,דנטלייף חטיף דנטלי לחתול בטעם עוף,פורינה Purina,US,דנטלייף חתול בטעם עו,גרמים,40.00,100 גרם,false,,9.90,0.2475,true,1,2093856
7613036737623,false,דגני בוקר קראנץ מקס,"אסם תעשיות בע""מ",IL,דגני בוקר קראנץ מקס,גרמים,410.00,100 גרם,false,,24.90,0.0607,true,1,1750591
7613036880534,false,גרבר מחית ירקות מעורבים מטרנה 190 גר',נסטלה פולסקה אס.איי,PL,גרבר מחית מרק ירקות,גרמים,190.00,100 גרם,false,,6.50,0.0342,true,1,1987403
7613036976671,false,פריסקיז פאוצ' עוף ברוטב 26*85גרם,נסטלה פורינה USA מק,FR,פריסקיז פאוצ' עוף,גרמים,85.00,100 גרם,false,,3.90,0.0459,true,1,1998601
7613036976718,false,פריסקיז פאוצ' ברווז ברוטב 26*85גרם,נסטלה פורינה USA מק,FR,פריסקיז פאוצ' ברווז,גרמים,85.00,100 גרם,false,,3.90,0.0459,true,1,1998608
7613037012095,false,פיטנס - גרנולה שוקולד קינואה ושקדים 300 גרם,CPW,BE,פיטנס גרנולה שוקולד,גרמים,300.00,100 גרם,false,,12.90,0.0430,true,1,1945409
7613037686906,false,פיטנס - דגני בוקר שקדים ודבש 355 גרם,נסטלה צרפת איטנקורט,FR,דגני בוקר פיטנס שקדי,גרמים,355.00,100 גרם,false,,19.90,0.0561,true,1,1990543
7613038268262,false,דגני בוקר צ'יריוס דבש ושקדים במתיקות מעודנת,נסטלה צרפת איטנקורט,FR,דגני בוקר האני ציריו,גרמים,410.00,100 גרם,false,,19.90,0.0485,true,1,1994869
7613039771174,false,טבעול סנסשיונל מינס טחון צמחוני 400 גרם,ג'נרל מילס סאן אדריא,IL,טבעול סנסשיונל מינס,גרמים,400.00,100 גרם,false,,34.90,0.0872,true,1,2033379
7613039879382,false,גרבר - מחית תפוחי עץ 190 גרם,נסטלה פולסקה אס.איי,PL,גרבר מחית תפוחי עץ,גרמים,190.00,100 גרם,false,,6.50,0.0342,true,1,2049704
7613287186928,false,סטארבקס קפסולות קפה ברקפסט רוסט 10יח,נסטלה,CH,סטארבקס קפסולות ברקפ,גרמים,56.00,100 גרם,false,,21.90,0.3911,true,1,2084746
7613287302373,false,קפסולות סטארבקס איטלאן סטייל רוסט 57*10גר',סטארבקס Starbucks,PT,סטארבקס איטלאן סטייל,גרמים,55.00,100 גרם,false,,21.90,0.3982,true,1,2062665
7613287325822,false,אוסם - דיפ אנד ספרד מטבל מיקס 295 גרם,נסטלה,PL,"רוטב מיקס 295 מ""ל",מיליליטרים,295.00,"100 מ""ל",false,,13.90,0.0471,true,1,2087199
7613287325952,false,אוסם - דיפ אנד ספרד מטבל ברבקיו 345 גרם,דפטונה פולין,PL,רוטב ברביקיו לחיץ,מיליליטרים,345.00,"100 מ""ל",false,,13.90,0.0403,true,1,2087201
7613287476494,false,אוסם - דיפ אנד ספרד מיונז בסגנון צרפתי 280 גרם,נסטלה פולין,PL,מיונז לחיץ,מיליליטרים,280.00,"100 מ""ל",false,,13.90,0.0496,true,1,2087203
7613287476678,false,דגני בוקר סינימיניס צ'ורוס נסטלה 360 ג',נסטלה אוונקה,PT,דגני בוקר סינימיניס,גרמים,360.00,100 גרם,false,,24.90,0.0692,true,1,2084653
7613287821348,false,נתחוני עוף טבעוני סנסשיונל טבעול 350 ג',ג'נרל מילס סאן אדריא,CZ,נתחוני עוף טבעוני טב,גרמים,350.00,100 גרם,false,,34.90,0.0997,true,1,2087094
7613287855640,false,סטארבקס קפסולות קפה גוואטמלה 10 יחידות,נסטלה,CH,סטארבקס קפסולות גווא,גרמים,57.00,100 גרם,false,,21.90,0.3842,true,1,2136404
7622201050757,false,שוקולד מילקה טבלת חלב עם קרמל 100 ג',מילקה Milka,DE,מילקה שוקולד קרמל 90,גרמים,90.00,100 גרם,false,,5.90,0.0656,true,1,1157468
7622201139278,false,גבינת שמנת 27% שומן 150 ג' פילדלפיה,מיודלז אספניה פרודוק,ES,גבינת פילדלפיה שמנה,גרמים,150.00,100 גרם,false,,12.90,0.0860,true,1,1999088
7622201401900,false,עוגיות מילקה סנסיישן אוראו 156 גרם,מונדלז פולסקה פרודקש,PL,עוגיות מילקה סנסיישן,גרמים,156.00,100 גרם,false,,12.90,0.0827,true,1,2038815
7622201502515,false,מילקה - עוגיות קוקי לופ 132 גרם,גיורי קייקס קייאפטי,HU,עוגיות מילקה קוקי לו,גרמים,132.00,100 גרם,false,,12.90,0.0977,true,1,2093816
7622201521493,false,גבינת פילדלפיה שום ועשבי תיבול 150 גרם,מיודלז אספניה פרודוק,ES,גבינת פילדלפיה שום ו,גרמים,150.00,100 גרם,false,,12.90,0.0860,true,1,2127493
7622201798154,false,גבינת שמנת לייט מופחתת שומן 13% שומן,מיודלז אספניה פרודוק,ES,גבינת פילדלפיה לייט,גרמים,150.00,100 גרם,false,,12.90,0.0860,true,1,2086858
7622201801809,false,מילקה שוקולד חלב עם אגוזים 100 גרם חדש,מנדלז דויצ'לנד סנקס,DE,מילקה שוקולד אגוזים,גרמים,100.00,100 גרם,false,,5.90,0.0590,true,1,2080221
7622201802363,false,שוקולד מילקה טבלה חלב צימוקים ואגוזים 100ג',מנדלז דויצ'לנד סנקס,PL,מילקה שוקולד צימוקים,גרמים,100.00,100 גרם,false,,5.90,0.0590,true,1,2080222
7622201808631,false,אוראו מיני עוגיות ממולאות קרם וניל 67גרם,פי.טי. מונדלז אינדונ,ID,עוגיות אוראו מיני כו,גרמים,67.00,100 גרם,false,,7.90,0.1179,true,1,2080224
7622201809188,false,ביסקוויט עם שוקולד חלב מילקה,מונדלז פרנס ביסקוויט,PL,עוגיות מילקה ביסקווי,גרמים,150.00,100 גרם,false,,12.90,0.0860,true,1,2075362
7622201813390,false,עוגיות מילקה וואפל במילוי קרם קקאו 150 ג,מונדליז סי.אר. ביסקו,CZ,מילקה וופל במילוי קר,גרמים,150.00,100 גרם,false,,12.90,0.0860,true,1,2067682
7622210078131,false,מילקה שוקולד חלב במילוי קרם שמנת 100 ג',מנדלז דויצ'לנד סנקס,PL,מילקה שוקולד 100 גרם,גרמים,100.00,100 גרם,false,,5.90,0.0590,true,1,1453951
7622210163899,false,שוקולד חלב במילוי סוכריות עדשים,מונדלז דויצ'לנד סנקס,DE,מילקה שוקולד 100 גרם,גרמים,100.00,100 גרם,false,,5.90,0.0590,true,1,1690624
7622210453327,false,עוגיות שוקוצ'יפס במילוי שוקולד סנסיישן,מנדלז פולסקה פרודקשן,PL,עוגיות מילקה סנסיישן,גרמים,150.00,100 גרם,false,,12.90,0.0860,true,1,1585889
7622210464729,false,אוראו גולדן עוגיות וניל במילוי קרם וניל,אוראו Oreo,CZ,עוגיות אוראו גולדן 1,גרמים,154.00,100 גרם,false,,5.90,0.0383,true,1,1990302
7622210597915,false,פרלינים לבבות שוקולד חלב ממולא קרם נוגט,מונדלז בולגריה פרודק,BG,מילקה לבבות פרלינים,גרמים,110.00,100 גרם,false,,12.90,0.1173,true,1,2027434
7622210635105,false,"עוגיות אוראו תות, 154 גרם",מונדלז אספנה גאלטס פ,ES,עוגיות אוראו תות 154,גרמים,154.00,100 גרם,false,,5.90,0.0383,true,1,1975573
7622210637994,false,מיני עוגיות אוראו קראנצ'י בייטס אורגינל,מונדלז אספניה ג'לאטס,ES,עוגיות אוראו ביס קרא,גרמים,110.00,100 גרם,false,,7.90,0.0718,true,1,2038816
7622210638021,false,מיני עוגיות אוראו קראנצ'י בייטס מצופים,מונדלז אספניה ג'לאטס,ES,עוגיות אוראו ביס קרא,גרמים,110.00,100 גרם,false,,7.90,0.0718,true,1,2038817
7622210826053,false,שוקולד מילקה אוראו סנדוויץ 92 גר',גיאורי קאקסז קייאףטי,HU,שוקולד מילקה אוראו ס,גרמים,96.00,100 גרם,false,,5.90,0.0615,true,1,2042025
7622210835338,false,אוראו עוגיות ממולאות טעם בראוניז 176 גרם,מנדלז אספנה גאלטס פר,ES,עוגיות אוראו בראוניז,גרמים,176.00,100 גרם,false,,8.90,0.0506,true,1,1690626
7622300270506,false,מילקה גריינס - עוגיות שיבולת שועל מצופות שוקולד 168 ג',מונדלז פולסקה פרודקש,PL,עוגיות מילקה שיבולת,גרמים,168.00,100 גרם,false,,12.90,0.0768,true,1,1157473
7622300315283,false,אוראו עוגיות ממולאות קרם וניל 154 גרם,"מונדלז CR פרודקשיין,",UA,עוגיות אוראו וניל 15,גרמים,154.00,100 גרם,false,,8.90,0.0578,true,1,2080225
7622300441715,false,מילקה - עוגיות שוקומינס 150 גרם,מילקה Milka,CZ,עוגיות מילקה שוקומינ,גרמים,150.00,100 גרם,false,,12.90,0.0860,true,1,1352051
7622300489427,false,עוגיות אוראו בציפוי שוקולד לבן 246 גרם,מנדלז אספנה גאלטס פר,ES,עוגיות אוראו בציפוי,גרמים,246.00,100 גרם,false,,12.90,0.0524,true,1,1661287
7622300489434,false,"עוגיות אוראו פאדג' בציפוי שוקולד חלב, 246 גרם",מנדלז אספנה גאלטס פר,ES,עוגיות אוראו בציפוי,גרמים,246.00,100 גרם,false,,12.90,0.0524,true,1,1661288
7622300495046,false,שוקולד מילקה אקסטרה קקאו 100 גרם,מנדלז דויצ'לנד סנקס,DE,מילקה אקסטרה קקאו 10,גרמים,100.00,100 גרם,false,,5.90,0.0590,true,1,1157478
7622300503079,false,"מילקה, עוגיות ביסקוויט מצופות שוקולד - 200 גרם",מונדלז פולסקה פרודקש,PL,עוגיות מילקה ביסקווי,גרמים,200.00,100 גרם,false,,12.90,0.0645,true,1,1157480
7622300617820,false,שוקלד מילקה טבלת חלב אוראו 100ג',מנדלז דויצ'לנד סנקס,PL,מילקה אוראו 100 גרם,גרמים,100.00,100 גרם,false,,5.90,0.0590,true,1,1157481
7622300761363,false,עוגיות מיני אוראו במילוי קרם בטעם שוקולד בכוס,פי.טי. מונדלז אינדונ,ID,עוגיות אוראו מיני כו,גרמים,67.00,100 גרם,false,,7.90,0.1179,true,1,1512904
7622400005190,false,שוקולד חלב נגיעות שוקולד לבן מילקה 100 ג,מנדלז דויצ'לנד סנקס,DE,מילקה שוקולד 100 גרם,גרמים,100.00,100 גרם,false,,5.90,0.0590,true,1,1226950
7622400013423,false,שוקולד קוטדור 86% קקאו 100 גרם,מונדליז,,שוקולד קוטדור מריר 1,גרמים,100.00,100 גרם,false,,12.90,0.1290,true,1,1157489
7630311507016,false,סטארבקס קפסולות קפה סאני דיי 10יח,סטארבקס Starbucks,CH,סטארבקס קפסולות סאני,גרמים,57.00,100 גרם,false,,21.90,0.3842,true,1,2115070
7630477891615,false,סטארבקס קפסולות קפה סומטרה 10 יחידות,סטארבקס Starbucks,CH,סטארבקס קפסולות סומט,גרמים,57.00,100 גרם,false,,21.90,0.3842,true,1,2031064
7630477891639,false,סטארבקס קפסולות קפה ורונה 10 יחידות,סטארבקס Starbucks,CH,סטארבקס קפסולות ורונ,גרמים,57.00,100 גרם,false,,21.90,0.3842,true,1,2031065
7630477891677,false,סטארבקס קפסולות קפה פייק פלייס 10 יחידות,סטארבקס Starbucks,CH,סטארבקס קפסולות פייק,גרמים,57.00,100 גרם,false,,21.90,0.3842,true,1,2031067
7630477891691,false,סטארבקס קפסולות קפה קולמביה 10 יחידות,סטארבקס Starbucks,CH,סטארבקס קפסולות קולמ,גרמים,57.00,100 גרם,false,,21.90,0.3842,true,1,2031068
7630477891714,false,סטארבקס קפסולות קפה אספרסו 10 יחידות,סטארבקס Starbucks,CH,סטארבקס קפסולות אספר,גרמים,57.00,100 גרם,false,,21.90,0.3842,true,1,2031069
7630477891738,false,סטארבקס קפסולות קפה אספרסו בלונד 10 יחיד,סטארבקס Starbucks,CH,סטארבקס קפסולות אספר,גרמים,57.00,100 גרם,false,,21.90,0.3842,true,1,2031070
7638900248333,false,סוללות ליתיום 2025 - זוג,אנרג'יזר Energizer,CN,"סוללות אנרג""יזר 2025",יח',2.00,יח',false,,19.90,9.9500,true,1,1865152
7638900248357,false,סוללות אנרג'ייזר ליתיום 2032זוג ריפרש,אנרג'ייזר,CN,"סוללות אנרג""יזר 2032",יח',2.00,יח',false,,19.90,9.9500,true,1,1865153
7638900295641,false,סוללות אנרג'ייזר זוג,אנרג'ייזר,CN,"סוללות אנרג""יזר A23",יח',2.00,יח',false,,19.90,9.9500,true,1,1865154
7638900426823,false,זוג סוללת אנרגייזר מ,אנרג'ייזר,US,"סוללות אנרג""יזר",יח',2.00,יח',false,,28.90,14.4500,true,1,2003121
7702018016808,false,ג'ילט ונוס ריווירה 2 סכיני גילוח חד פעמי,ג'ילט ונוס Gillette Venus,PL,ונוס ריווירה - סכין  חד,יח',2.00,יח',false,,19.90,9.9500,true,1,1158109
7702018263783,false,גילט מאך 3 סכיני גילוח 8 יח,פרוקטר אנד גמבל,,מאך 3 שמינייה,יח',8.00,יח',false,,69.90,8.7375,true,1,1807392
7702018271788,false,גילט דאו קליר גל 70 מל ספורט,פרוקטר אנד גמבל,PL,70 מל Sport דאו קליר ג'ל,מיליליטרים,70.00,"100 מ""ל",false,,19.90,0.2843,true,1,1158134
7702018321520,false,דאודורנט סטיק לגבר Pro G Arctic ice,תות ממתקי איכות,US,דאו סטיק מתקדם 45 מל AI,גרמים,45.00,100 גרם,false,,16.90,0.3756,true,1,1158145
7702018321582,false,דאודורנט סטיק לגבר Pro G Cool Wave,פרוקטר אנד גמבל,US,דאו סטיק מתקדם 45 מל CW,גרמים,45.00,100 גרם,false,,16.90,0.3756,true,1,1158146
7702018347629,false,ונוס אקסטרה סמוט סכיני גילוח רביעייה,ג'ילט ונוס Gillette Venus,PL,גילט רביעיית ונוס אמ,יח',4.00,יח',false,,54.90,13.7250,true,1,2023962
7702018355518,false,גילט מכשיר פלקסבול פרוגלייד,דיפלומט,PL,מכשיר גילוח פרוגלייד,יח',1.00,יח',false,,39.90,39.9000,true,1,1228017
7702018404476,false,קצף גילוח סירייס הגנה גילט 250 מל,פרוקטר אנד גמבל,PL,סירייס קצף גילוח 250,מיליליטרים,250.00,"100 מ""ל",false,,19.90,0.0796,true,1,1349765
7702018458110,false,מכשיר גילט פיוזן ידני,מולינו ניקולי s.p.a,PL,מכשיר גילוח ג'ילט פי,יח',1.00,יח',false,,49.90,49.9000,true,1,1690588
7702018465033,false,גילט פיוזן גל גילוח לתחושה קרירה 200 מל,דיפלומט,GB,ג'ל גילוח ג'ילט פיוז,מיליליטרים,200.00,"100 מ""ל",false,,19.90,0.0995,true,1,1954755
7702018468447,false,גילט בלו 2 פלוס סכינים חד פעמיים עשירייה,דיפלומט,PL,סכיני גילוח אולטרה ג,יח',10.00,יח',false,,24.90,2.4900,true,1,1960672
7702018489619,false,גילט בלו 3 סכין גילוח חד פעמי לגבר 3 יח,פרוקטר אנד גמבל,PL,סכיני גילוח ג'לט בלו,יח',3.00,יח',false,,14.90,4.9667,true,1,1987315
7702018497447,false,סכיני גילוח ונוס סנסיטיב אקסטרה סמוט - 4 יח',ג'ילט ונוס Gillette Venus,PL,רביעיית סכיני ונוס ס,יח',4.00,יח',false,,54.90,13.7250,true,1,2023963
7702018852444,false,גילט פיוזן פאוור 5 מכשיר גילוח+1 סכין,דיפלומט,DE,מכשיר גילוח ג'ילט פי,יח',1.00,יח',false,,49.90,49.9000,true,1,1158151
7702018866984,false,גילט פיוזן ידני סכיני גילוח 4 יחידות,תות ממתקי איכות,PL,4 סכיני גילוח פיוז'ן ידני,יח',4.00,יח',false,,69.90,17.4750,true,1,1158153
7702018978106,false,"ג'ילט - דאודורנט ג'ל לגבר ארטיק אייס 70 מ""ל",פרוקטר אנד גמבל,PL,דאודורנט קליר ג'ל AI,מיליליטרים,70.00,"100 מ""ל",false,,19.90,0.2843,true,1,1158163
7702018978120,false,"ג'ילט - דאודורנט ג'ל לגבר קול וייב 70 מ""ל",פרוקטר אנד גמבל,PL,דאודורנט קליר ג'ל CW,מיליליטרים,70.00,"100 מ""ל",false,,19.90,0.2843,true,1,1158164
7702018980833,false,"ג'ילט ג'ל גילוח סירייס מועשר בלחות - 200 מ""ל",פרוקטר אנד גמבל,GB,ג'ל גילוח ג'ילט סירי,מיליליטרים,200.00,"100 מ""ל",false,,17.90,0.0895,true,1,1349766
7702018980864,false,קצף גילוח סירייס רגיש גילט 250 מל,פרוקטר & גמבל,,סירייס קצף גילוח 250,מיליליטרים,250.00,"100 מ""ל",false,,19.90,0.0796,true,1,1349767
7702024074625,false,פיטנס - חטיפי קרקר חיטה מלאה 234 גרם,קומסטיבלס לה רוזה אס,CO,חטיפי קרקר חיטה מלאה,גרמים,234.00,100 גרם,false,,10.90,0.0466,true,1,1750583
7702024258322,false,"חטיפי קרקר עם חיטה מלאה, צ'יה וזרעי פשתן פיטנס",נסטלה Nestle,CO,חטיפי קרקר צ'יה ופשת,גרמים,234.00,100 גרם,false,,10.90,0.0466,true,1,2031887
7702174066631,false,לקקן יוגטה פין פופ במילוי מסטיק 170 גר,הדקלאים אגודת שיתופי,EC,סוכריות לקקן יוגטה-פ,גרמים,216.00,100 גרם,false,,10.90,0.0505,true,1,1174169
7702174068826,false,סוכריות לקקן במילוי טופי בטעמי יוגורט פירות,הדקלאים אגודת שיתופי,EC,סוכריות לקקן יוגטה-פ,גרמים,216.00,100 גרם,false,,10.90,0.0505,true,1,1174173
7702174068833,false,סוכריות לקקן במילוי טופי בטעמי גלידת פירות,הדקלאים אגודת שיתופי,EC,סוכריות לקקן יוגטה ע,גרמים,216.00,100 גרם,false,,10.90,0.0505,true,1,1174174
7702174070201,false,יוגטה מגיק סוכריות בטעם מסטיק ממולא טופי,הדקלאים אגודת שיתופי,EC,סוכריות לקקן יוגטה-מ,גרמים,216.00,100 גרם,false,,10.90,0.0505,true,1,1174177
7702174073783,false,סוכריות על מקל בטעם קולה במילוי גומי לעיסה,הדקלאים אגודת שיתופי,CO,סוכריות לקקן יוגטה-פ,גרמים,216.00,100 גרם,false,,10.90,0.0505,true,1,1273101
7792860006218,false,סוכריות לקקנים בייבי דול Baby Doll לריטר,גוד פוד פרודקטס S.p,AR,בייבידול לקקן 24 גרם,גרמים,24.00,100 גרם,false,,2.00,0.0833,true,1,1166827
7798164800019,false,אוכמניות ברי בקופסא,ויוה Viva Agricuiture,,אוכמניות ויוה,גרמים,125.00,100 גרם,false,,9.90,0.0792,true,1,1206039
7798304600042,false,אוכמניות יבוא 125 גר,מרינה,IL,אוכמניות,גרמים,125.00,100 גרם,false,,9.90,0.0792,true,1,2041970
7804414000860,false,יין דון חוליו קברנה סוביניון,צ'ילה לואיס פיליפה א,CL,יין קברנה סובניון דו,מיליליטרים,750.00,"100 מ""ל",false,,29.90,0.0399,true,1,1181313
7804414000877,false,יין דון חוליו מרלו 7,צ'ילה לואיס פיליפה א,CL,יין מרלו דון חוליו,מיליליטרים,750.00,"100 מ""ל",false,,29.90,0.0399,true,1,1181314
7804414000884,false,יין שרדונה דון חוליו,צ'ילה לואיס פיליפה א,CL,יין שרדונה דון חוליו,מיליליטרים,750.00,"100 מ""ל",false,,29.90,0.0399,true,1,1181315
7804414001614,false,יין דון חוליו שיראז,צ'ילה לואיס פיליפה א,,יין שירז,מיליליטרים,750.00,"100 מ""ל",false,,29.90,0.0399,true,1,1181316
7804414012344,false,יין סוביניון בלאן דו,צ'ילה לואיס פיליפה א,,יין סוביניון בלאן דו,מיליליטרים,750.00,"100 מ""ל",false,,29.90,0.0399,true,1,1609013
7804414012351,false,דון חוליו מלבק יין א,צ'ילה לואיס פיליפה א,CL,יין דון חוליו מלבק,מיליליטרים,750.00,"100 מ""ל",false,,29.90,0.0399,true,1,1609014
7804414017110,false,יין דון חוליו פינו נ,צ'ילה לואיס פיליפה א,,יין דון חוליו פינו נ,מיליליטרים,750.00,"100 מ""ל",false,,29.90,0.0399,true,1,2000693
7891024030974,false,"קולגייט משחת שיניים טריפל אקשן 75 מ""ל",הנסיך- מפעל לייצור ט,BR,קולגייט טריפל אקשן 7,גרמים,75.00,100 גרם,false,,6.90,0.0920,true,1,1357722
7891024124826,false,קולגייט משחת אופטיק ספרקלינג וייט 75מל,הנסיך- מפעל לייצור ט,BR,קולגייט משחת אופטיק וייט,מיליליטרים,75.00,"100 מ""ל",false,,19.90,0.2653,true,1,1186046
7891024130063,false,"קולגייט מי פה פלאקס ללא אלכוהול 500 מ""ל מהדרין",קולגייט Colgate,BR,קולגייט מי פה פלאקס סופט,גרמים,500.00,100 גרם,false,,29.90,0.0598,true,1,1186048
8000070003798,false,קפסולות אספרסו לוואצה דליסיוזו 8 16 יח,לואיג'י לוואצה,IT,מארז 16 קפסולות דליס,גרמים,120.00,100 גרם,false,,29.90,0.2492,true,1,2144395
8000070012783,false,קפה לוואצה קלוי וטחון חוזק 5 אורו 250 גר,לווצה טורינו,IT,קפה לוואצה אורו,גרמים,250.00,100 גרם,false,,29.90,0.1196,true,1,1189196
8000070032835,false,קפה לוואצה קלוי וטחון חוזק 10 מטינו 250 גר,לווצה טורינו,IT,קפה לוואצה מאטינו,גרמים,250.00,100 גרם,false,,26.90,0.1076,true,1,1189204
8000070035980,false,קפה לוואצה קלוי וטחון חוזק 5 רוסה 250 גר,לווצה טורינו,IT,קפה לוואצה רוסה,גרמים,250.00,100 גרם,false,,29.90,0.1196,true,1,1189206
8000070053465,false,קפסולות קפה אספרסו אורו דרגת חוזק 8,לווצה טורינו,IT,מארז 10 קפסולות אורו,גרמים,55.00,100 גרם,false,,19.90,0.3618,true,1,2146154
8000070053472,false,קפסולות קרמה גוסטו קלאסיקו חוזק 12 57 ג' לוואצה,לואיג'י לוואצה,IT,מארז 10 קפסולות קרמה,גרמים,57.00,100 גרם,false,,19.90,0.3491,true,1,2146146
8000070055254,false,קפסולות קרמה גוסטו פורטה חוזק 13 55 ג' לוואצה,לואיג'י לוואצה,IT,מארז 10 קפסולות קרמה,גרמים,55.00,100 גרם,false,,19.90,0.3618,true,1,2146147
8000070059832,false,קפסולות קרמה גוסטו ריקו חוזק 11 55 ג' לוואצה,לואיג'י לוואצה,IT,מארז 10 קפסולות קרמה,גרמים,55.00,100 גרם,false,,19.90,0.3618,true,1,2146148
8000113003402,false,"קמח תירס בוואקום 1 ק""ג","כד בני דרום בע""מ",IT,קמח תירס בווקום 1 קג,קילוגרמים,1.00,"ק""ג",false,,15.90,15.9000,true,1,1159751
8000193000452,false,"אורז ריזוטו ארבוריו 1 ק""ג (10)",,,ארבוריו ריזוטו אורז,קילוגרמים,1.00,"ק""ג",false,,19.90,19.9000,true,1,1199086
8000215204219,false,משקה אורז - אורגני 1 ליטר,בטר אנד דיפרנט,IT,משקה אורז אורגני 1 ל,ליטרים,1.00,ליטר,false,,13.90,13.9000,true,1,1347116
8000215204240,false,משקה שקדים ואורז - אורגני 1 ליטר,בטר אנד דיפרנט,IT,משקה אורז אורגני 1 ל,ליטרים,1.00,ליטר,false,,13.90,13.9000,true,1,1347024
8000320010088,false,"רוטב עגבניות במרקם גס 680 מ""ל MUTTI",קונסרב,IT,רוטב עגבניות פסאטה צ,מיליליטרים,680.00,"100 מ""ל",false,,8.90,0.0131,true,1,1189209
8000320010095,false,"רוטב עגבניות במרקם עדין 700 מ""ל MUTTI",קונסרב,IT,רוטב עגבניות פסאטה צ,מיליליטרים,700.00,"100 מ""ל",false,,8.90,0.0127,true,1,2144920
8000320387975,false,צ'יריו עגבניות שרי ש,,,עגבניות שרי,גרמים,400.00,100 גרם,false,,7.90,0.0198,true,1,1247048
8000380003723,false,גרנד פטיסרי עוגיות וופל אגוזים 100ג',קריניציה ויטמינה אס,IT,עוגיות גרנד פטיסרי 100 ג,גרמים,100.00,100 גרם,false,,9.90,0.0990,true,1,1174178
8000380004669,false,וופל לואקר סנדוויץ קוביות ושוקולד 200ג',"א. לואקר, קונפקט ג'י",AT,וופל קקאו 200 גרם,גרמים,200.00,100 גרם,false,,12.90,0.0645,true,1,1174181
8000380004676,false,קוביות וופל סנדוויץ Sandwich עם וניל וחלב,"א. לואקר, קונפקט ג'י",AT,וופל וניל 200 גרם,גרמים,200.00,100 גרם,false,,12.90,0.0645,true,1,1174182
8000380004911,false,קוביות וופל קואדרטיני Quadratini קרם אגוזים,קריניציה ויטמינה אס,AT,וופל קוארדטיני אגוז 250 ג,גרמים,250.00,100 גרם,false,,14.90,0.0596,true,1,1174184
8000380004942,false,וופל לואקר קוארדטיני קוביות ווניל 250ג',ליימן מותגים,AT,קואדרטיני וניל 250 גר,גרמים,250.00,100 גרם,false,,14.90,0.0596,true,1,1174185
8000380004966,false,וופל קוארדטיני לואקר קוביות שוקולד 250ג',קריניציה ויטמינה אס,AT,וופל קוארדטיני קקאו 250 ג,גרמים,250.00,100 גרם,false,,14.90,0.0596,true,1,1174186
8000380005598,false,מארז וופל שוקולד טורטינה Tortina שוקולד מריר,ליימן מותגים,IT,טורטינה מריר 1/6 125 גר ל,גרמים,125.00,100 גרם,false,,15.90,0.1272,true,1,1174187
8000380007257,false,וופל גרנדה מצופה שוקולד 200ג',קריניציה ויטמינה אס,IT,וופל גרדנה 200 גרם,גרמים,200.00,100 גרם,false,,14.90,0.0745,true,1,1174189
8000380007271,false,וופל לואקר קרם חלב 175ג',ליימן מותגים,AT,וופל לואקר חלב 175 גרם,גרמים,175.00,100 גרם,false,,10.00,0.0571,true,1,1174191
8000380106028,false,טורטינה לואקר וופל שוקולד ואגוזים שישיה 125ג',קריניציה ויטמינה אס,IT,טורטינה אורגינל 1/6 125 ג,גרמים,125.00,100 גרם,false,,15.90,0.1272,true,1,1174192
8000380142484,false,קוביות וופל קואדרטיני Quadratini בטעם שוקולד מריר,"אינסטנטה בע""מ",AT,קואדרטיני שוקולד מריר 250,גרמים,250.00,100 גרם,false,,14.90,0.0596,true,1,1174194
8000380144044,false,וופל גרדנה לואקר שוקולד 200ג',"א. לואקר , AG/SpA, ו",IT,וופל גרדנה שוקולד 200 ג,גרמים,200.00,100 גרם,false,,14.90,0.0745,true,1,1174195
8000380153534,false,מארז וופל שוקולד טורטינה Tortina שוקולד לבן,ליימן מותגים,IT,טורטינה לבן 1/6 125 גר לו,גרמים,125.00,100 גרם,false,,15.90,0.1272,true,1,1174205
8000380156573,false,לואקר בונבוניירה ורד הדולמיטים 150 גרם,קריניציה ויטמינה אס,IT,שוקולד דולומיטים מגו,גרמים,150.00,100 גרם,false,,19.90,0.1327,true,1,1730128
8000380156825,false,שוקולד לואקר חלב 87 גרם,ליימן מותגים,IT,שוקולד לואקר חלב 87 גרם,גרמים,87.00,100 גרם,false,,7.90,0.0908,true,1,1218431
8000380156849,false,שוקולד לואקר מריר 87 גרם,ליימן מותגים,IT,שוקולד לואקר מריר 87 גרם,גרמים,87.00,100 גרם,false,,7.90,0.0908,true,1,1218433
8000380156856,false,שוקולד לואקר לבן 87 גרם,ליימן מותגים,IT,שוקולד לואקר לבן 87 גרם,גרמים,87.00,100 גרם,false,,7.90,0.0908,true,1,1218434
8000380157570,false,וופלים לואקר קלאסיק אגוז 262.5 גר,ליימן מותגים,AT,וופל לואקר אגוז,גרמים,262.00,100 גרם,false,,9.90,0.0378,true,1,1494634
8000380157587,false,וופלים לואקר קלאסיק קקאו 262.5 גר,ליימן מותגים,AT,וופל לואקר קרם קקאו,גרמים,262.00,100 גרם,false,,9.90,0.0378,true,1,1494635
8000380180721,false,לואקר וופל קקאו במילוי קרם חלבי 175 גר,קריניציה ויטמינה אס,AT,וופל לואקר 175 גרם,גרמים,175.00,100 גרם,false,,10.00,0.0571,true,1,1293235
8000380180745,false,קוביות וופל קואדרטיני קקאו במילוי קר חלב,"א. לואקר, קונפקט ג'י",AT,וופל לואקר שוקו חלב,גרמים,250.00,100 גרם,false,,14.90,0.0596,true,1,1293236
8000380181032,false,"לואקר גרדנה חטיפי אצבעות אגוזים ושוקולד לבן, 125 גרם","אינסטנטה בע""מ",IT,חטיפי שוקולד אגוז גר,גרמים,125.00,100 גרם,false,,14.90,0.1192,true,1,1335735
8000380192151,false,טורטינה טריפל שוקולד מריר 125 גר לואקר,ליימן מותגים,IT,שוקולד טורטינה 1/6 ט,גרמים,125.00,100 גרם,false,,15.90,0.1272,true,1,2114512
8000380192199,false,וופל לואקר דאבל שוקולד 175 גרם,ליימן מותגים,AT,וופל לואקר 175 גרם,גרמים,175.00,100 גרם,false,,10.00,0.0571,true,1,1912454
8000380192243,false,וופלים לואקר מקסי בטעם אגוז 200 גר',לואקר Loacker,IT,ופלים מלבנים פריכיים,גרמים,200.00,100 גרם,false,,12.90,0.0645,true,1,2101011
8000380192250,false,וופלים לואקר מקסי בטעם שוקולד 200 גר',לואקר Loacker,IT,ופל שוקולד מקסי לואק,גרמים,200.00,100 גרם,false,,12.90,0.0645,true,1,2101012
8000380192588,false,קואדרטיני בטעם קקאו במילוי קרם קקאו,קריניציה ויטמינה אס,AT,וופל דאבל שוקולד ממו,גרמים,250.00,100 גרם,false,,14.90,0.0596,true,1,1915644
8000380198221,false,וופלים לואקר מקסי דאבל שוקולד 200 גר',לואקר Loacker,AT,וופל לואקר קקאו ממול,גרמים,200.00,100 גרם,false,,12.90,0.0645,true,1,2013390
8000380201396,false,שוקולד חלב ממולא קרם קרמל ועלי וופל פריכ,ליימן מותגים,IT,קרמל טורטינה 1/6 שוק,גרמים,126.00,100 גרם,false,,15.90,0.1262,true,1,2053570
8000500018828,false,קינדר אצבעות שוקולד חצי מטר 300 גר,קדבורי,IT,שוקולד אצבעות קינדר,גרמים,300.00,100 גרם,false,,19.90,0.0663,true,1,1574121
8000500023624,false,חטיפי הפי היפו Happy Hippo במילוי קרם חלב וקקאו,קינדר Kinder,IT,הפי היפו חמישייה,גרמים,103.50,100 גרם,false,,12.90,0.1246,true,1,1174208
8000500023976,false,בונבוניירה רפאלו 150 גרם,פררו Ferrero,PL,חטיף רפאלו שוקולד 15,גרמים,150.00,100 גרם,false,,14.90,0.0993,true,1,1174209
8000500026731,false,שוקולד ביצי הפתעה קינדר שלישייה,קינדר Kinder,IT,ביצת הפתעה קינדר שלי,גרמים,60.00,100 גרם,false,,14.90,0.2483,true,1,1254888
8000500028124,false,קינדר גוי ביצת הפתעה מארז שלישיה,ליימן שליסל,ZA,ביצת הפתעה מארז שליש,גרמים,60.00,100 גרם,false,,14.90,0.2483,true,1,2137270
8000500029350,false,מארז וופל מצופה 3יח' *43 גרם קינדר בואנו,קינדר Kinder,PL,קינדר בואנו 3 יח שוק,גרמים,129.00,100 גרם,false,,9.90,0.0767,true,1,1174211
8000500032237,false,בונבוניירה פררו רושר 375 גר,פררו Ferrero,IT,שוקולד פררו רושר 375,גרמים,375.00,100 גרם,false,,44.90,0.1197,true,1,1174212
8000500037874,false,בונבוניירה פררו רושה 200 גרם,פררו Ferrero,IT,שוקולד פררו רושר 200,גרמים,200.00,100 גרם,false,,24.90,0.1245,true,1,1174213
8000500071083,false,אצבעות שוקולד קינדר Kinder שש עשרה יחידות,קינדר Kinder,IT,שוקולד קינדר אצבעות,גרמים,200.00,100 גרם,false,,11.90,0.0595,true,1,1174215
8000500121436,false,מארז קינדר בואנו Kinder Bueno לבן שלוש יחידות,קינדר Kinder,PL,קינדר בואנו 3 יח לבן,גרמים,117.00,100 גרם,false,,9.90,0.0846,true,1,1174218
8000500126325,false,ביצי שוקולד הפתעה קינדר ג'וי ורוד בנות שלישיה,קינדר Kinder,ZA,ביצת הפתעה מארז שליש,גרמים,60.00,100 גרם,false,,14.90,0.2483,true,1,1174219
8000500167656,false,קינדר שוקולד עם דגנים סיריאל 94 ג',פררו,IT,שוקולד קינדר סיריאל,גרמים,94.00,100 גרם,false,,7.90,0.0840,true,1,2043414
8000500172810,false,סוכריות בטעם תות שדה מנטה- מארז רביעייה,טיק טק Tic Tac,EC,סוכריות טיק-טק רביעי,גרמים,64.00,100 גרם,false,,9.90,0.1547,true,1,1174222
8000500227848,false,נוטלה - בי רדי אצבעות ביסקוויט במילוי שוקולד 6 יח' * 22 גרם,פררו,IT,נוטלה בי-ריידי וופל,גרמים,132.00,100 גרם,false,,9.90,0.0750,true,1,1691928
8000500249352,false,קינדר בואנו מיני מיקס שקית 205 ג',קדבורי,PL,קינדר בואנו מיני מיק,גרמים,205.00,100 גרם,false,,17.90,0.0873,true,1,1570519
8000500256213,false,קינדר שוקולד מיני בשקית.,קדבורי,IT,קינדר שוקולד מיני,גרמים,120.00,100 גרם,false,,9.90,0.0825,true,1,1889087
8000500267103,false,קינדר דליס עוגת ספוג קקאו במילוי חלבי*10,קינדר Kinder,IT,קינדר דליס מארז עשיר,גרמים,390.00,100 גרם,false,,19.90,0.0510,true,1,1744012
8000500269169,false,קינדר קארדס Kinder Cards - חמישייה,קינדר Kinder,IT,קינדר קארדס חמישייה,גרמים,128.00,100 גרם,false,,12.90,0.1008,true,1,2134322
8000500328750,false,כדור וופל פריך מצופה שוקולד פררו רושר 141 ג',פררו,DE,פררו קולקשן פררו רונ,גרמים,141.00,100 גרם,false,,26.90,0.1908,true,1,2083045
8000500360262,false,קינדר שוקולד דמויות חנוכה,General,PL,שוקולד קינדר חנוכיה.,גרמים,135.00,100 גרם,false,,16.90,0.1252,true,1,2043415
8000500366073,false,נוטלה עוגיות נוטלה בשקית 20 יח'- NUTELLA BISCUITTS,פררו,IT,נוטלה ביסקוויט בשקית,גרמים,276.00,100 גרם,false,,19.90,0.0721,true,1,2152749
8000500386941,false,"ממרח קקאו עם אגוזי לוז, 900 גרם",קדבורי,IT,ממרח נוטלה 900 גרם,גרמים,900.00,100 גרם,false,,27.90,0.0310,true,1,2125141
8001003100164,false,יוגטה סוכריות גילי בטעם פירות 450 גר,יוגטה yogueta,IT,סוכריות ג'לי,גרמים,450.00,100 גרם,false,,9.90,0.0220,true,1,1729437
8001003100218,false,סוכריות יוגטה ג'לי פירות 800 גר',תות ממתקי איכות,IT,סוכריות גומי יוגטה ג,גרמים,800.00,100 גרם,false,,19.90,0.0249,true,1,1174225
8001090016003,false,טבליות למדיח פיירי 84 יחידות,פרוקטר אנד גמבל,FR,טבליות פיירי למדיח כ,יח',84.00,יח',false,,59.90,0.7131,true,1,1361199
8001090184375,false,"נוזל כלים פיירי 900 מ""ל ירוק אורגינל",פרוקטר אנד גמבל,GB,"פיירי אורגינל 900 מ""",מיליליטרים,900.00,"100 מ""ל",false,,12.90,0.0143,true,1,2129255
8001090184412,false,"פיירי נוזל לניקוי כלים לימון שקוף, 900 מ""ל",פרוקטר אנד גמבל,GB,"פיירי לימון 900 מ""ל",מיליליטרים,900.00,"100 מ""ל",false,,12.90,0.0143,true,1,2129261
8001090222428,false,"הרבל אסנסס - שמפו חלב קוקוס 400 מ""ל",הרבל אסנס Herbal Essences,FR,שמפו הרבל אסנסס חלב,מיליליטרים,400.00,"100 מ""ל",false,,14.90,0.0373,true,1,1981905
8001090222541,false,"שמפו הרבל אסנסס תות שדה ומנטה 400 מ""ל",הרבל אסנס Herbal Essences,FR,שמפו הרבל אסנסס תות,מיליליטרים,400.00,"100 מ""ל",false,,14.90,0.0373,true,1,1981761
8001090222572,false,"מרכך הרבל אסנסס תות שדה ומנטה 400 מ""ל",הרבל אסנס Herbal Essences,FR,מרכך הרבל אסנסס תות,מיליליטרים,400.00,"100 מ""ל",false,,14.90,0.0373,true,1,1981762
8001090222725,false,"הרבל אסנסס - שמפו שמן מורינגה 400 מ""ל",הרבל אסנס Herbal Essences,FR,שמפו הרבל אסנסס שמן,מיליליטרים,400.00,"100 מ""ל",false,,14.90,0.0373,true,1,1981763
8001090222756,false,"הרבל אסנסס - מרכך שמן מורינגה 400 מ""ל",הרבל אסנס Herbal Essences,FR,מרכך הרבל אסנסס שמן,מיליליטרים,400.00,"100 מ""ל",false,,14.90,0.0373,true,1,1981769
8001090222848,false,"הרבל אסנסס - שמפו שיקום שמן ארגן 400 מ""ל",הרבל אסנס Herbal Essences,FR,שמפו הרבל אסנסס שיקו,מיליליטרים,400.00,"100 מ""ל",false,,14.90,0.0373,true,1,1981764
8001090222879,false,"הרבל אסנסס - מרכך שיקום שמן ארגן 400 מ""ל",הרבל אסנס Herbal Essences,FR,מרכך הרבל אסנסס שיקו,מיליליטרים,400.00,"100 מ""ל",false,,14.90,0.0373,true,1,1981770
8001090290939,false,"משחת שיניים אורל בי 3D white לבן בוהק 500 מ""ל",פרוקטר אנד גמבל,DE,אורל בי משחת שיניים,מיליליטרים,75.00,"100 מ""ל",false,,19.90,0.2653,true,1,2045785
8001090336408,false,חיתולים בייבי דריי מידה 3 38 יח' פמפרס,פרוקטר אנד גמבל,DE,פמפרס בייבי דריי מיד,יח',38.00,יח',false,,34.90,0.9184,true,1,1994687
8001090336446,false,פמפרס בייבי דריי חיתולים מידה 4 34 יח,פרוקטר אנד גמבל,DE,פמפרס בייבי דריי מיד,יח',34.00,יח',false,,34.90,1.0265,true,1,1994688
8001090336491,false,פמפרס בייבי דריי חיתולים מידה +4 31 יח,פרוקטר אנד גמבל,DE,פמפרס בייבי דריי מיד,יח',31.00,יח',false,,34.90,1.1258,true,1,1994689
8001090336606,false,פמפרס בייבי דריי חיתולים מידה 6 26 יח,פרוקטר אנד גמבל,DE,פמפרס בייבי דריי מיד,יח',26.00,יח',false,,34.90,1.3423,true,1,1994691
8001090375186,false,"פנטן מרכך מרוכז לצבע מלא חיים 200 מ""ל",פרוקטר אנד גמבל,FR,מרכך מרוכז לצבע מלא,מיליליטרים,200.00,"100 מ""ל",false,,19.90,0.0995,true,1,1577089
8001090375285,false,"פנטן מרכך מרוכז 200 מ""ל למגע רך כשמי",פרוקטר אנד גמבל,FR,מרכך מרוכז למגע רך כ,מיליליטרים,200.00,"100 מ""ל",false,,19.90,0.0995,true,1,1577091
8001090379337,false,פמפרס פרימיום קר חיתולים שלב 3 40 יח VP,פרוקטר אנד גמבל,PL,חיתולי פמפרס פרימיום,יח',40.00,יח',false,,32.90,0.8225,true,1,1548362
8001090379368,false,פמפרס פרימיום קר חיתולים שלב 4 34 יח VP,פרוקטר אנד גמבל,PL,חיתולי פמפרס פרימיום,יח',34.00,יח',false,,32.90,0.9676,true,1,1548363
8001090379399,false,פמפרס פרימיום קר חיתולים שלב 5 30 יח VP,פרוקטר אנד גמבל,PL,חיתולי פמפרס פרימיום,יח',30.00,יח',false,,32.90,1.0967,true,1,1548364
8001090458322,false,"פיירי ורדים ומשי 1015 מ""ל",פרוקטר & גמבל,GB,פיירי 1.015 ליטר ורד,ליטרים,1.01,ליטר,false,,17.90,17.7228,true,1,1472990
8001090493637,false,"הד אנד שולדרס שמפו אולטרא טוטאל קר 450 מ""ל",פרוקטר אנד גמבל,RO,שמפו הד אנד שולדרס 4,מיליליטרים,450.00,"100 מ""ל",false,,20.90,0.0464,true,1,1789122
8001090580122,false,"הד אנד שולדרס שמפו סופרים משקם 400 מ""ל",פרוקטר אנד גמבל,FR,שמפו משקם הד אנד שול,מיליליטרים,400.00,"100 מ""ל",false,,20.90,0.0522,true,1,1880091
8001090645487,false,"שמפו הרבל אסנסס גינגר 400 מ""ל",הרבל אסנס Herbal Essences,FR,הרבל אסנסס שמפו ג'ינ,מיליליטרים,400.00,"100 מ""ל",false,,14.90,0.0373,true,1,1987443
8001090678225,false,"מרכך הד&שולדרס סופרים משקם 275 מ""ל",פרוקטר אנד גמבל,FR,מרכך משקם הד אנד שול,מיליליטרים,275.00,"100 מ""ל",false,,11.90,0.0433,true,1,1880093
8001090678614,false,"שמפו סופרים לחות הד אנד שולדרס 400 מ""ל",פרוקטר אנד גמבל,FR,שמפו לחות הד אנד שול,מיליליטרים,400.00,"100 מ""ל",false,,20.90,0.0522,true,1,1880095
8001090721099,false,טבליות ג'ל לכביסה 3 ב-1 בניחוח אביב הרים,פרוקטר אנד גמבל,FR,אריאל קפסולות לכביסה,יח',27.00,יח',false,,37.90,1.4037,true,1,1722276
8001090721129,false,אריאל קפסולות גל לכביסה 3ב1 קולור 27 יח,פרוקטר אנד גמבל,FR,אריאל קפסולות לכביסה,יח',27.00,יח',false,,37.90,1.4037,true,1,1722277
8001090734044,false,מגן תחתון אולוויז מגה פק לארג פרש 64 יח,פרוקטר אנד גמבל,UA,אולוויז 64 יחידות מ,יח',64.00,יח',false,,21.90,0.3422,true,1,1625607
8001090737809,false,אולוויז מגן תחתון סינגל טנגה 36 יחידות,פרוקטר אנד גמבל,ES,אולדייז טנגה 36 יחיד,יח',36.00,יח',false,,14.90,0.4139,true,1,1626313
8001090740717,false,מגני תחתון אולוויז נורמל עם ניחוח רענן Fresh Scent,פרוקטר אנד גמבל,DE,אולוויז 76 יחידות מ,יח',76.00,יח',false,,21.90,0.2882,true,1,1626314
8001090802385,false,קפסולות גל לכביסה טייד בניחוח לנור 26 יח,פרוקטר אנד גמבל,FR,טייד קפסולות ג'ל בני,יח',26.00,יח',false,,34.90,1.3423,true,1,1922989
8001090832450,false,"שמפו פנטן הנוסחה הקלאסית 660 מ""ל",פרוקטר אנד גמבל,RO,פנטן שמפו קלאסית 660,מיליליטרים,660.00,"100 מ""ל",false,,19.90,0.0302,true,1,2016305
8001090832535,false,"שמפו פנטן שמן מרוקאי משקם 660 מ""ל",פרוקטר אנד גמבל,RO,פנטן שמפו קלאסית 660,מיליליטרים,660.00,"100 מ""ל",false,,19.90,0.0302,true,1,2016311
8001090832610,false,"שמפו פנטן למגע רך כמשי 660 מ""ל",פרוקטר אנד גמבל,RO,פנטן שמפו קלאסית 660,מיליליטרים,660.00,"100 מ""ל",false,,19.90,0.0302,true,1,2016313
8001090832696,false,"פנטן שמפו לתלתלים מושלמים 660 מ""ל",פרוקטר אנד גמבל,RO,פנטן שמפו קלאסית 660,מיליליטרים,660.00,"100 מ""ל",false,,19.90,0.0302,true,1,2016314
8001090832771,false,"פנטן שמפו להזנת קרטין 660 מ""ל",פרוקטר אנד גמבל,RO,פנטן שמפו קלאסית 660,מיליליטרים,660.00,"100 מ""ל",false,,19.90,0.0302,true,1,2016315
8001090832818,false,מרכך פנטן הנוסחה הקלאסית לשיער רגיל ומעורב,פרוקטר אנד גמבל,RO,מרכך קונדישינר פנטן,מיליליטרים,660.00,"100 מ""ל",false,,19.90,0.0302,true,1,2016321
8001090832856,false,"קונדישנר פנטן מרוקאי משקם 660 מ""ל",פרוקטר אנד גמבל,RO,מרכך קונדישינר פנטן,מיליליטרים,660.00,"100 מ""ל",false,,19.90,0.0302,true,1,2016356
8001090832894,false,מרכך לשיער חלש ופגום לחות מוגברת,פרוקטר אנד גמבל,RO,מרכך קונדישינר פנטן,מיליליטרים,660.00,"100 מ""ל",false,,19.90,0.0302,true,1,2016357
8001090832931,false,"קונדישנר פנטן למגע רך כמשי 660 מ""ל",פרוקטר אנד גמבל,RO,מרכך קונדישינר פנטן,מיליליטרים,660.00,"100 מ""ל",false,,19.90,0.0302,true,1,2016358
8001090832979,false,"פנטן מרכך לתלתלים מושלמים 660 מ""ל",פרוקטר אנד גמבל,RO,מרכך קונדישינר פנטן,מיליליטרים,660.00,"100 מ""ל",false,,19.90,0.0302,true,1,2016359
8001090833051,false,"פנטן מרכך הזנת קרטין 660 מ""ל",פרוקטר אנד גמבל,RO,מרכך קונדישינר פנטן,מיליליטרים,660.00,"100 מ""ל",false,,19.90,0.0302,true,1,2016360
8001090833198,false,אריאל נוזל כביסה 2.47 ליטר ניחוח מרענן,פרוקטור אנד גמבל,FR,אריאל ג'ל 2.365 ליטר,ליטרים,2.37,ליטר,false,,32.90,13.8819,true,1,1818438
8001090833228,false,אריאל ג'ל כביסה קולור 2.365 ליטר,פרוקטר אנד גמבל,FR,אריאל ג'ל 2.365 ליטר,ליטרים,2.37,ליטר,false,,32.90,13.8819,true,1,1818439
8001090833259,false,גל כביסה אריאל בניחוח הרים 3.740 ליטר,פרוקטר אנד גמבל,FR,אריאל ג'ל 3.74 ליטר,ליטרים,3.74,ליטר,false,,42.90,11.4706,true,1,1818440
8001090891273,false,לנור כדוריות בושם בניחוח סחלב 210 גרם,פרוקטר אנד גמבל,US,מבשמי כדוריות לנור ב,גרמים,210.00,100 גרם,false,,25.90,0.1233,true,1,2035488
8001090899194,false,תחבושות אולוויז פלטינום נורמל 24 יח',פרוקטר אנד גמבל,DE,תחבושות אולוויז פלטי,יח',24.00,יח',false,,19.90,0.8292,true,1,1987461
8001090899224,false,תחבושות אולוויז פלטינום לונג 20 יח',פרוקטר אנד גמבל,DE,תחבושות אולוויז פלטי,יח',20.00,יח',false,,19.90,0.9950,true,1,1987462
8001090899255,false,תחבושות אולוויז פלטינום לילה 16 יח',פרוקטר אנד גמבל,DE,תחבושות אולוויז פלטי,יח',16.00,יח',false,,19.90,1.2437,true,1,1987463
8001090899286,false,תחבושות אולוויז פלטינום לילה בטוח 14 יח',פרוקטר אנד גמבל,DE,תחבושות אולוויז פלטי,יח',14.00,יח',false,,19.90,1.4214,true,1,1987464
8001090943095,false,סבון כלים פעולה אנטי-בקטריאלית אקליפטוס,פיירי Fairy,,פיירי אנטי בקטריאלי,ליטרים,1.01,ליטר,false,,17.90,17.7228,true,1,1789126
8001090992338,false,פיירי טבליות למדיח פלטינום פלוס 50 יחידו,פרוקטר אנד גמבל,BE,טבליות פיירי למדיח כ,יח',50.00,יח',false,,59.90,1.1980,true,1,2002448
8001110016303,false,ליקר דיסארונו אמרטו,אילווה סרונו,,דיסארונו אמרטו ליקר,מיליליטרים,700.00,"100 מ""ל",false,,79.90,0.1141,true,1,1181322
8001160000888,false,"גטורייד משקה ספורט תפוז 500 מ""ל",ALOE VERA HEAVEN SRL,IT,משקה ספורט גטורייד,מיליליטרים,500.00,"100 מ""ל",false,,9.90,0.0198,true,1,1215941
8001160001786,false,"משקה אנרגיה גטורייד ספורט כחול 500מ""ל",סאן בנדטו אס פי איי,IT,משקה ספורט גטורייד,מיליליטרים,500.00,"100 מ""ל",false,,9.90,0.0198,true,1,1215943
8001160001892,false,"משקה אנרגיה גטורייד ספורט תפוז אדום 500מ""ל",פארייפאבה אגרואינדוס,IT,מיץ גטורייד ספורט תפ,מיליליטרים,500.00,"100 מ""ל",false,,9.90,0.0198,true,1,1215944
8001250121295,false,פסטה קלמרטה 129 דה צ,דה צקו,IT,פסטה קלמרטה 129 DE C,גרמים,500.00,100 גרם,false,,15.90,0.0318,true,1,2122542
8001440120756,false,עגבניות בחתיכות עם ב,,,עגבניות בחתיכות עם ב,גרמים,400.00,100 גרם,false,,7.90,0.0198,true,1,1189215
8001440124167,false,"רוטב פומודורו לפסטה צ'ריו 446 מ""ל CIRIO",,,רוטב עגבניות פומודור,גרמים,420.00,100 גרם,false,,11.90,0.0283,true,1,2144923
8001440124181,false,"רוטב עגבניות בזיליקום לפסטה צ'ריו 446 מ""ל CIRIO",,,רוטב עגבניות בזיליקו,גרמים,420.00,100 גרם,false,,11.90,0.0283,true,1,2144924
8001620011935,false,מים מינרלים מוגזים שישייה בקבוק אישי,אקווה מינרלה סאן בנד,IT,מים סאן בנדטו מוגז 6,ליטרים,3.00,ליטר,false,,11.90,3.9667,true,1,1171759
8001620015612,false,"משקה פירות פרוטה-גזר תפוז לימון 400 מ""ל סאן בנדטו",אקווה מינרלה סאן בנד,IT,פרוטה גזר תפוז לימו,מיליליטרים,400.00,"100 מ""ל",false,,6.90,0.0172,true,1,2067127
8001620015629,false,"משקה פירות בטעם תפוז ותפוז אדום 400 מ""ל פרוטה",אקווה מינרלה סאן בנד,IT,פרוטה תפוז ותפוז אד,מיליליטרים,400.00,"100 מ""ל",false,,6.90,0.0172,true,1,2102588
8001620017456,false,"מים מינרלים שישיה ספורט סאן בנדטו 500 מ""ל",סאן בנדטו San Benedetto,,שישייה סאן בנדטו פקק,ליטרים,3.00,ליטר,false,,14.90,4.9667,true,1,1627696
8001620018248,false,"מים מינרלים 750 מ""ל סאן בנדטו-פקק ספורט",סאן בנדטו San Benedetto,,מים סן בנדטו פקק ספו,מיליליטרים,750.00,"100 מ""ל",false,,4.90,0.0065,true,1,1933703
8001620019160,false,"סן בנדטו אפרסק 400 מ""ל 12 יח'",אקווה מינרלה סאן בנד,IT,משקה סן בנדטו בטעם א,מיליליטרים,400.00,"100 מ""ל",false,,6.90,0.0172,true,1,2137337
8001780499307,false,דובדבני אמרנה בסירופ,פאברי Fabbri,IT,דובדבני אמרנה FABBRI,גרמים,230.00,100 גרם,false,,19.90,0.0865,true,1,2098702
8001841006710,false,לנור כדוריות הריח בניחוח רענן 210 גרם,פרוקטר אנד גמבל,US,מבשמי כדוריות לנור ב,גרמים,210.00,100 גרם,false,,25.90,0.1233,true,1,2035489
8001841053684,false,תחבושות אולוויז עבות לונג פלוס 12 יח,פרוקטר אנד גמבל,HU,תחבושות אולוויז עבה,יח',12.00,יח',false,,12.90,1.0750,true,1,1860458
8001841062624,false,פמפרס מגבונים לחים ללא בישום רביעייה,פרוקטר אנד גמבל.,DE,מגבוני פמפרס ללא ביש,יח',208.00,יח',false,,16.90,0.0812,true,1,2043267
8001841077949,false,מארז מגבוני פמפרס בניחוח מרענן - רביעייה,פרוקטר אנד גמבל,DE,מגבוני פמפרס פרש 4*5,יח',208.00,יח',false,,16.90,0.0812,true,1,1991861
8001841096889,false,"נוזל לניקוי כלים לימון קלאסי 900 מ""ל",פרוקטר אנד גמבל,TR,פיירי לימון קלאסי 90,מיליליטרים,900.00,"100 מ""ל",false,,9.90,0.0110,true,1,1775301
8001841105093,false,פמפרס פרימיום קר חיתולים שלב 6 26 יח VP,פרוקטר אנד גמבל,PL,חיתולי פמפרס פרימיום,יח',26.00,יח',false,,32.90,1.2654,true,1,1933768
8001841137179,false,קונדישינר הד&שולדרס הנוסחה הקלאסית 275מל,פרוקטר אנד גמבל,RO,מרכך הד אנד שולדרס 2,מיליליטרים,275.00,"100 מ""ל",false,,11.90,0.0433,true,1,1994702
8001841137216,false,"קונדישנר למגע רך כמשי הד אנד שולדרס 275 מ""ל",פרוקטר אנד גמבל,RO,מרכך לחות הד אנד שול,מיליליטרים,275.00,"100 מ""ל",false,,11.90,0.0433,true,1,1994703
8001841198347,false,גילט דאודורנט ספריי CW 150 מל,פרוקטר אנד גמבל,GB,דאודורנט ספריי ג'ילט,מיליליטרים,150.00,"100 מ""ל",false,,16.90,0.1127,true,1,1996411
8001841216584,false,תחבושות אולוויז אולטרה לילה בטוח,פרוקטר & גמבל,HU,תחבושות אולוויז לילה,יח',36.00,יח',false,,39.90,1.1083,true,1,1991862
8001841500799,false,"הרבל אסנסס - שמפו ללא סולפטים אלוורה ומנגו 380 מ""ל",הרבל אסנס Herbal Essences,FR,שמפו הרבל אסנסס ללא,מיליליטרים,380.00,"100 מ""ל",false,,14.90,0.0392,true,1,2041554
8001841500942,false,"הרבל אסנסס - שמפו ללא סולפטים אלוורה ובמבוק 380 מ""ל",הרבל אסנס Herbal Essences,FR,שמפו הרבל אסנסס ללא,מיליליטרים,380.00,"100 מ""ל",false,,14.90,0.0392,true,1,2041560
8001841566771,false,לנור כדוריות בושם בניחוח יסמין 210 גרם,פרוקטר אנד גמבל,US,מבשמי כדוריות לנור ב,גרמים,210.00,100 גרם,false,,25.90,0.1233,true,1,2035491
8001841587684,false,"גילט דאודורנט היידרה גל אלוורה 70 מ""ל",דיפלומט,PL,ג'ל דאודורנט היידה ג,מיליליטרים,70.00,"100 מ""ל",false,,18.90,0.2700,true,1,2083995
8001841587738,false,גילט דאודורנט הידרה גל אקליפטוס 70 מל,דיפלומט,PL,ג'ל דאודורנט היידה ג,מיליליטרים,70.00,"100 מ""ל",false,,18.90,0.2700,true,1,2083996
8001841625188,false,סבון כלים פלטינום לימון X3 פעולות להסרת שומנים,פרוקטר אנד גמבל,GB,"פיירי פלטינום 515 מ""",מיליליטרים,515.00,"100 מ""ל",false,,11.90,0.0231,true,1,2005483
8001841625287,false,סבון כלים פלטינום לימון X3 פעולות להסרת שומנים,פרוקטר אנד גמבל,GB,פיירי פלטינום 1.015,ליטרים,1.01,ליטר,false,,17.90,17.7228,true,1,2005484
8001841625362,false,"נוזל כלים בניחוח לימון פלטינום 780 מ""ל פיירי",פרוקטר אנד גמבל,GB,פיירי פלטינום לימון,מיליליטרים,780.00,"100 מ""ל",false,,12.90,0.0165,true,1,2129262
8001841625461,false,סבון כלים פלטינום X3 פעולות להסרת שומנים,פרוקטר אנד גמבל,GB,"פיירי פלטינום 515 מ""",מיליליטרים,515.00,"100 מ""ל",false,,11.90,0.0231,true,1,2005485
8001841625508,false,סבון כלים פלטינום X3 פעולות להסרת שומנים,פרוקטר אנד גמבל,GB,פיירי פלטינום 1.015,ליטרים,1.01,ליטר,false,,17.90,17.7228,true,1,2005486
8001841660530,false,קרם לחות מינרלס במבוק + חלבון משקם לשיער ארוך,פנטן Pantene,FR,מיראקלס קרם לחות פנט,מיליליטרים,270.00,"100 מ""ל",false,,18.90,0.0700,true,1,2073815
8001841669465,false,אריאל קפסולות לכביסה ג'ל 24 יח' בניחוח לנור,פרוקטר אנד גמבל,FR,אריאל קפסולות לכביסה,יח',24.00,יח',false,,31.90,1.3292,true,1,2047372
8001841716312,false,הד אנד שולדרס ג'ל רחצה ושמפו ספורט 360מל,"פרוקטר אנד גמבל, צרפ",FR,ג'ל רחצה ושמפו ספורט,מיליליטרים,360.00,"100 מ""ל",false,,16.90,0.0469,true,1,2076125
8001841716435,false,"הד אנד שולדרס ג'ל רחצה ושמפו לעור רגיש 360 מ""ל","נארז ע""י : א.ג. גילר",FR,ג'ל רחצה ושמפו לעור,מיליליטרים,360.00,"100 מ""ל",false,,16.90,0.0469,true,1,2076126
8001841716596,false,"הד אנד שולדרס ג'ל רחצה ושמפו מרענן 360 מ""ל","נארז ע""י : א.ג. גילר",FR,ג'ל רחצה ושמפו מרענן,מיליליטרים,360.00,"100 מ""ל",false,,16.90,0.0469,true,1,2076127
8001841893990,false,פיירי טבליות למדיח פלטינום פלוס - מארז 30 יח',פרוקטר אנד גמבל,BE,טבליות פיירי למדיח כ,יח',30.00,יח',false,,39.90,1.3300,true,1,2047337
8001841941929,false,אולוויז לילה בטוח אקסטרה 16יח תחבושות ול,פרוקטר אנד גמבל,DE,אולוויז בטוח אקסטרא,יח',16.00,יח',false,,19.90,1.2437,true,1,2073809
8001841943961,false,לנור כדוריות בושם בניחוח אוקיינוס 210 גר,פרוקטר אנד גמבל,US,מבשמי כדוריות לנור ב,גרמים,210.00,100 גרם,false,,25.90,0.1233,true,1,2035492
8001841958460,false,פיירי טבליות למדיח אורגינל הכל באחד - מארז 48 יח',פרוקטר אנד גמבל,BE,טבליות פיירי למדיח כ,יח',48.00,יח',false,,39.90,0.8312,true,1,2047338
8001841960081,false,פיירי טבליות למדיח פלטינום הכל באחד - מארז 37 יח',פרוקטר אנד גמבל,BE,טבליות פיירי למדיח כ,יח',37.00,יח',false,,39.90,1.0784,true,1,2047339
8002066001412,false,אטריות ביצים טליאוליני ללא גלוטן 250גר,,IT,איטריות ביצים טאליול,גרמים,250.00,100 גרם,false,,14.90,0.0596,true,1,1699436
8002110383709,false,נוטרוגינה ס.נורבגית ק.ידיים לא מבושם 50מל,ניוטרוג'ינה Neutrogena,FR,נוטרוגינה ס.נורבגית ק.ידי,מיליליטרים,75.00,"100 מ""ל",false,,21.90,0.2920,true,1,1186052
8002205319903,false,מזון לחתולים בוגרים בטעם עוף פורינה ONE,פורינה Purina,US,פורינה ONE חתול גור,גרמים,800.00,100 גרם,false,,39.90,0.0499,true,1,1987334
8002267014662,false,שלישייה ביצי שוקולד חלב עם צעצוע ברבי,צ'וקטה Chocketa,IT,ביצת הפתעה ברבי שליש,גרמים,60.00,100 גרם,false,,10.90,0.1817,true,1,1607570
8002267014945,false,שלישייה ביצי שוקולד חלב עם צעצוע הוט ווילס,צ'וקטה Chocketa,IT,ביצת הפתעה הוט ווילס,גרמים,60.00,100 גרם,false,,10.90,0.1817,true,1,1607571
8002267016673,false,"ביצת שוקולד חלב מעולה עם הפתעה ברבי, 110 גר'",דולפין,IT,ביצת שוקולד חלב עם ה,גרמים,110.00,100 גרם,false,,14.90,0.1355,true,1,2114869
8002267016994,false,ביצת הפתעה צוקטה הוט,דולפין,IT,ביצת שוקולד חלב עם ה,גרמים,110.00,100 גרם,false,,14.90,0.1355,true,1,2114858
8002270436581,false,"שישיית מים סאן פלגרינו פלסט 500 מ""ל",סן-פלגרינו,IL,שישייה סאן פאלגרינו,ליטרים,3.00,ליטר,false,,24.90,8.3000,true,1,1639094
8002270846472,false,מים סאן פלגרינו פלסט 500 מל,סן-פלגרינו,IT,מים סן פלגרינו פלסט,מיליליטרים,500.00,"100 מ""ל",false,,5.90,0.0118,true,1,1171763
8002270866524,false,סאן פלנגרינו מים מינ,סן פלגרינו San Pellegrino,IL,מים סן פלגרינו פלסט,ליטרים,1.00,ליטר,false,,7.90,7.9000,true,1,1171764
8002450006559,false,יין קאסה די לואיג'י שרדונה,קאסה די לואיג'י Casa di luigi,,יין שרדונה קאזה דה ל,מיליליטרים,750.00,"100 מ""ל",false,,24.90,0.0332,true,1,1181324
8002450201008,false,ורדי רספברי ספרקלטיני,איטליה בוסקה,IT,סדרת וורדי,מיליליטרים,750.00,"100 מ""ל",false,,19.90,0.0265,true,1,1181325
8002450204009,false,ורדי ספרקלטיני אפרסק,"איי, בי, אינבוו",IT,סדרת וורדי,מיליליטרים,750.00,"100 מ""ל",false,,19.90,0.0265,true,1,1181327
8002450205006,false,*מבצע* ורדי תות שדה,איטליה בוסקה,IT,סדרת וורדי,מיליליטרים,750.00,"100 מ""ל",false,,19.90,0.0265,true,1,1376072
8002450206508,false,יין קברנה קאזה דה לו,קאסה די לואיג'י Casa di luigi,,יין קברנה קאזה דה לו,מיליליטרים,750.00,"100 מ""ל",false,,24.90,0.0332,true,1,1181329
8002450206522,false,יין קאזה די לואיגי מ,קאסה די לואיג'י Casa di luigi,,יין מרלו קאזה דה לוא,מיליליטרים,750.00,"100 מ""ל",false,,24.90,0.0332,true,1,1181330
8002450208304,false,יין ורדי גוורצטראמינ,איטליה בוסקה,,סדרת וורדי,מיליליטרים,750.00,"100 מ""ל",false,,19.90,0.0265,true,1,1978677
8002450209004,false,יין מבעבע ורדי רוזה,איטליה בוסקה,IT,סדרת וורדי,מיליליטרים,750.00,"100 מ""ל",false,,19.90,0.0265,true,1,1272507
8003007817000,false,פתיתים פוזילי טרפילט,,,פתיתים פוזילי טרפילט,גרמים,500.00,100 גרם,false,,14.90,0.0298,true,1,1199113
8003576901858,false,דיספנסר לסבון פיור,,,דיספנסר לסבון פיור,יחידה,0.00,יחידה,false,,14.90,0.0000,true,1,2033889
8003576908123,false,מטרפה סיליקון,,,מטרפה סיליקון,יחידה,0.00,יחידה,false,,12.90,0.0000,true,1,2124183
8003653033755,false,אטבי עץ 12 יחידות,טונקיטה,IT,אטבים מעץ 12 יח,יח',12.00,יח',false,,7.90,0.6583,true,1,1155531
8003753158587,false,אילי illy קפסולות אספרסו פורטה 10 יחיד,ג'ייקובס דאו אגרבטס,FR,קפסולות אילי אספרסו,גרמים,57.00,100 גרם,false,,16.90,0.2965,true,1,2072599
8004030022010,false,ירקות גינה עם טונה ריו מרה אינסלטיסימי 160 ג',"בולטון אלימנטרי בע""מ",IT,ריו מארה טונה עם ירק,גרמים,160.00,100 גרם,false,,15.90,0.0994,true,1,1280548
8004030026018,false,"מקסיקני עם טונה ריו מרה אינסלטיסימי, 160 ג'","בולטון אלימנטרי בע""מ",IT,ריו מארה טונה מקסיקנ,גרמים,160.00,100 גרם,false,,15.90,0.0994,true,1,1280549
8004030044005,false,נתחי טונה בשמן זית ריו מרה 160 ג',"בולטון אלימנטרי בע""מ",IT,ריו מרה טונה בשמן זית 160,גרמים,160.00,100 גרם,false,,17.90,0.1119,true,1,1186053
8004030102033,false,טונה בשמן זית עם מיץ לימון ופלפל שחור - מארז 3 יח',בולטון אלימנטרי,IT,ריו מארה טונה בשמן ע,גרמים,240.00,100 גרם,false,,27.90,0.1162,true,1,1824336
8004030103399,false,טונה בשמן זית רביעיו,BOLTON GROUP- RIO,IT,טונה בשמן זית רביעיו,גרמים,320.00,100 גרם,false,,31.90,0.0997,true,1,2146220
8004030177000,false,טונה בשמן זית וצ'ילי ריו מרה מארז 80X3 גר',ריו מארה Rio Mare,IT,ריו מארה טונה בשמן ז,גרמים,240.00,100 גרם,false,,27.90,0.1162,true,1,1703955
8004030180000,false,טונה בשמן זית כתית ריו מרה 3*80 גרם,בולטון אלימנטרי,IT,ריו מארה טונה בשמן ז,גרמים,240.00,100 גרם,false,,27.90,0.1162,true,1,2147591
8004030344938,false,ריו מרה טונה בשמן זית 80 גרם*שלישייה,"בולטון אלימנטרי בע""מ",IT,ריו מארה טונה בשמן ז,גרמים,240.00,100 גרם,false,,27.90,0.1162,true,1,1280535
8004030381681,false,טונה בשמן זית ריו מרה זוגות * 160 ג',BOLTON GROUP- RIO,,טונה בשמן זית זוגות,גרמים,320.00,100 גרם,false,,31.90,0.0997,true,1,2146221
8004030845046,false,טונה עם ירקות בתוספת עם אורז ריו מרה אינסלטיסימי 160 ג',בולטון אלימנטרי,IT,ריו מארה טונה בתוספת,גרמים,160.00,100 גרם,false,,15.90,0.0994,true,1,1902309
8004030860001,false,ירקות עם קוקוס וטונה ריו מרה אינסלטיסימי 160 ג',"בולטון אלימנטרי בע""מ",IT,ריו מארה טונה עם קוס,גרמים,160.00,100 גרם,false,,15.90,0.0994,true,1,1362033
8004123010726,false,שמן זית כתית מעולה ב,,IT,שמן זית כתית מעולה 7,מיליליטרים,750.00,"100 מ""ל",false,,39.90,0.0532,true,1,1995508
8004800000064,false,לאגו פלאסיר- גלילי ופל קרם קקאו בציפוי ש.חלב - 100 ג',לאגו,IT,לאגו פלאסיר- גלילי ו,יחידה,0.00,יחידה,false,,12.90,0.0000,true,1,2138359
8004800004819,false,וופלים לאגו פלאסיר שוקולד חלב 110 גר,לאגו,IT,לאגו פלאסיר- וופלים,יחידה,0.00,יחידה,false,,12.90,0.0000,true,1,2138362
8004800005502,false,וופל מיני רול גלילי ופל במילוי קרם קקאו- 125 ג' לאגו,לגו גרופ ס.פ.א.,IT,לאגו מיני רול- גלילי,יחידה,0.00,יחידה,false,,9.90,0.0000,true,1,2138364
8005110002243,false,רכז עגבניות Doppio Concentr בשפופרת 185 ג' MUTTI,"איי, בי, אינבוו",IT,רכז עגבניות Doppio C,גרמים,185.00,100 גרם,false,,7.90,0.0427,true,1,2094780
8005110170300,false,עגבניות מרוסקות חתוכות מוטי MUTTI שלישיה *400,מוטי Mutti,IT,שלישיית עגבניות חתוכ,גרמים,400.00,100 גרם,false,,17.90,0.0447,true,1,2065014
8005110200014,false,רסק עגבניות 210 ג' CONCENTRATO MUTTI,"איי, בי, אינבוו",IT,רסק עגבניות CONCENTR,גרמים,210.00,100 גרם,false,,6.50,0.0310,true,1,2094781
8005110551253,false,רוטב לפיצה להכנת פיצה איטלקית קלאסית,"איי, בי, אינבוו",IT,רוטב לפיצה MUTTI,גרמים,400.00,100 גרם,false,,8.90,0.0223,true,1,2098703
8005200256587,false,משקה תה בטעם אפרסק 1.5ל' NESTEA,מפעל סאנפלגרינו S.P.,IT,נסטי אפרסק 1.5 ליטר,ליטרים,1.50,ליטר,false,,8.50,5.6667,true,1,2099838
8005200286584,false,משקה תה בטעם מנגו אננס 1.5 ל' NESTEA,מפעל סאנפלגרינו S.P.,IL,נסטי מנגו אננס 1.5 ל,ליטרים,1.50,ליטר,false,,8.50,5.6667,true,1,2099862
8005200316588,false,משקה תה דיאט בטעם אפרסק 1.5ל' NESTEA,מפעל סאנפלגרינו s.p.,IL,נסטי אפרסק דיאט 1.5,ליטרים,1.50,ליטר,false,,8.50,5.6667,true,1,2099855
8005469951452,false,ממרח אנשובי עם שמן חמניות,בנדטו סקלייה סרל,IT,ממרח אנשובי איטלקי,גרמים,60.00,100 גרם,false,,11.90,0.1983,true,1,1995509
8005469981602,false,פילה אנשובי איטלקי ש.חמניות 80 גר SCALIA,בנדטו סקילה,,פילה אנשובי איטלקי,גרמים,75.00,100 גרם,false,,12.90,0.1720,true,1,1995511
8005803010357,false,גריסיני קלאסי עם שמן זית ומלח 125 גר,"אינסטנטה בע""מ",IT,גריסיני קלאסי 125 גר,גרמים,125.00,100 גרם,false,,5.00,0.0400,true,1,1361285
8005803010371,false,מקלות גריסיני עם רוזמרין,"אינסטנטה בע""מ",IT,גריסיני רוזמרין 125,גרמים,125.00,100 גרם,false,,5.00,0.0400,true,1,1361286
8005803010586,false,מקלות גריסיני בטעם פיצה,"הוסטה איטליה, ס.ר.ל.",IT,גריסיני פיצה 125 גרם,גרמים,125.00,100 גרם,false,,5.00,0.0400,true,1,1361287
8005803010661,false,אמור די פאן - שומשום 125 גרם,"הוסטה איטליה, ס.ר.ל.",IT,גריסיני שומשום 125 ג,גרמים,125.00,100 גרם,false,,5.00,0.0400,true,1,1361288
8006540091937,false,לנור כדוריות הבושם בניחוח אריאל 210 גרם,פרוקטר אנד גמבל,US,מבשמי כדוריות לנור ב,גרמים,210.00,100 גרם,false,,25.90,0.1233,true,1,2083937
8006540112793,false,"מרכך כביסה מרוכז בניחוח יסמין לנור 900 מ""ל",פרוקטר אנד גמבל,FR,לנור מרכך מרוכז בניח,מיליליטרים,900.00,"100 מ""ל",false,,15.90,0.0177,true,1,2086714
8006540112823,false,"לנור מרכך כביסה מרוכז בניחוח האוקיינוס 900 מ""ל",פרוקטר אנד גמבל,FR,לנור מרכך כביסה מרוכ,מיליליטרים,900.00,"100 מ""ל",false,,15.90,0.0177,true,1,2073371
8006540112854,false,"מרכך כביסה מרוכז בניחוח סחלב לנור 900 מ""ל",פרוקטר אנד גמבל,FR,לנור מרכך כביסה מרוכ,מיליליטרים,900.00,"100 מ""ל",false,,15.90,0.0177,true,1,2071274
8006540157374,false,מרכך מינרלס ביוטין + במבוק לשיער חזק וארוך,פנטן Pantene,FR,מיראקלס פנטן מרכך ב,מיליליטרים,275.00,"100 מ""ל",false,,18.90,0.0687,true,1,2073823
8006540163986,false,קפסולות לכביסה אריאל 35 יח,פרוקטר אנד גמבל,FR,אריאל קפסולות לכביסה,יח',35.00,יח',false,,49.90,1.4257,true,1,2114122
8006540222089,false,פמפרס מגבונים היגיינים לתינוקות וילדים TO GO 40 יח',General,DE,מגבוני פמפרס לתינוק,יח',12.00,יח',false,,5.90,0.4917,true,1,2101283
8006540252468,false,תחבושות אלוויז פלטינ,פרוקטר & גמבל,HU,תחבושות אולוויז פלטי,יח',48.00,יח',false,,39.90,0.8312,true,1,2114123
8006540404850,false,דיסקריט תחבושות לבריחת שתן לונג 10 יח,פרוקטר & גמבל,DE,תחבושות אולוויז דיסק,יח',10.00,יח',false,,14.90,1.4900,true,1,2136825
8006540404898,false,דיסקריט תחבושות לבריחת שתן לונג פלוס 8 י,פרוקטר & גמבל,DE,תחבושות אולוויז דיסק,יח',8.00,יח',false,,14.90,1.8625,true,1,2136826
8006540404935,false,דיסקריט תחבושות לבריחת שתן נורמל 12 יח,פרוקטר & גמבל,DE,תחבושות אולוויז דיסק,יח',12.00,יח',false,,14.90,1.2417,true,1,2136834
8006540405031,false,דיסקריט תחבושות לבריחת שתן סמול פלוס 16,פרוקטר & גמבל,DE,תחבושות אולוויז דיסק,יח',16.00,יח',false,,14.90,0.9313,true,1,2136835
8006540425930,false,אריאל קפסולות לכביסה ג'ל 24 יח' לכתמים קשים,פרוקטר אנד גמבל,FR,אריאל קפסולות לכביסה,יח',24.00,יח',false,,31.90,1.3292,true,1,2103912
8006540429327,false,פיירי מקס פאוור לימון עם מנגנון למניעת נזילות,פיירי Fairy,CZ,"פיירי לימון 440 מ""ל",מיליליטרים,440.00,"100 מ""ל",false,,11.90,0.0270,true,1,2103930
8006540463550,false,פיירי טבליות למדיח פלטינום 63 יחידות,פרוקטר אנד גמבל,BE,טבליות פיירי למדיח כ,יח',63.00,יח',false,,59.90,0.9508,true,1,2129988
8006540491539,false,"נוזל כלים פיירי פלטינום אוריגינל 780 מ""ל",פרוקטר אנד גמבל,GB,פיירי פלטינום אורגינ,מיליליטרים,780.00,"100 מ""ל",false,,12.90,0.0165,true,1,2129263
8006540495186,false,לנור מרכך כביסה מרוכז רגיש בייבי 900 מל,פרוקטר אנד גמבל,FR,לנור מרכך כביסה בייב,מיליליטרים,900.00,"100 מ""ל",false,,15.90,0.0177,true,1,2128219
8006540495216,false,"לנור מרכך כביסה מרוכז בניחוח אמאטיסט 900 מ""ל",פרוקטר אנד גמבל,FR,לנור מרכך כביסה בניח,מיליליטרים,900.00,"100 מ""ל",false,,15.90,0.0177,true,1,2128220
8006540495247,false,"לנור מרכך כביסה מרוכז ורוד""פרח בר"" 900 מ""ל",פרוקטר אנד גמבל,FR,לנור מרכך כביסה בניח,מיליליטרים,900.00,"100 מ""ל",false,,15.90,0.0177,true,1,2149601
8007150901623,false,שמן זרעי ענבים 1 ליטר +1/2 ליטר במארז,,,שמן זרעי ענבים 1 ליט,100 מארז,1.00,100 מארז,false,,54.90,54.9000,true,1,1621293
8007178120310,false,חומץ בלסמי ד'מודנה Giacobazzi,פטורייה ג'יאקובאזי ס,IT,"חומץ בלסמי 500 מ""ל",מיליליטרים,500.00,"100 מ""ל",false,,19.90,0.0398,true,1,1157490
8007178223547,false,קרם מצומצם עם חומץ בלסמי ממודנה,פארייפאבה אגרואינדוס,IT,קרם בלסמי מצומצם 250,גרמים,250.00,100 גרם,false,,22.90,0.0916,true,1,1902379
8007270999012,false,שמן גרעיני ענבים 1 ליטר,קוסטה דיאורו,IT,שמן גרעיני ענבים 1 ל,ליטרים,1.00,ליטר,false,,42.90,42.9000,true,1,1346862
8008090044012,false,ספירה 30 טבליות בקופ,זובלה,IT,רפיל טבליות להרחקת יתושים,יח',30.00,יח',false,,9.90,0.3300,true,1,1193154
8008245004861,false,ממרח חלב עם אגוזי לוז 300ג M?venpick,יבואן ומשווק: ש. שסט,IT,ממרח אגוזי לוז עם חל,גרמים,300.00,100 גרם,false,,14.90,0.0497,true,1,2047129
8008660210014,false,מעדן ריבה מנץ אנד גאססר משמש 300 גר,קריניציה ויטמינה אס,IT,מעדן משמש,גרמים,320.00,100 גרם,false,,12.90,0.0403,true,1,1459774
8008660210021,false,מעדן ריבה מנץ אנד גאססר דובדבן 300 גר,שוורצקוף& הנקל דיסלד,IT,מעדן דובדבן,גרמים,320.00,100 גרם,false,,12.90,0.0403,true,1,1459775
8008660210038,false,מעדן ריבה מנץ אנד גאססר תות שדה 300 גר,קריניציה ויטמינה אס,IT,מעדן תות שדה,גרמים,320.00,100 גרם,false,,12.90,0.0403,true,1,1459776
8008660210045,false,מעדן ריבה מנץ אנד גאססר פירות יער 300 גר,שוורצקוף& הנקל דיסלד,IT,מעדן פירות יער,גרמים,320.00,100 גרם,false,,12.90,0.0403,true,1,1459768
8008660210052,false,מעדן ריבה מנץ אנד גאססר תפוז 320 גר,מנז אנד גאסר Menz&Gasser,IT,מעדן פרי תפוז 320 גר,גרמים,320.00,100 גרם,false,,12.90,0.0403,true,1,1849935
8008698004548,false,ביסקוויטים בציפוי קרם ללא גלוטן 150 גר,"ד""ר שר ס.ר.ל",IT,ביסקווטים בציפוי קרם,גרמים,150.00,100 גרם,false,,16.90,0.1127,true,1,1348212
8008698005347,false,ביסקוטי מצופות שוקולד ללא גלוטן 150 ג',שר Schar,IT,ביסקוויט שוקולד,גרמים,150.00,100 גרם,false,,14.90,0.0993,true,1,2035568
8008698008157,false,שר עוגיות שוקולד במילוי קרם שמנת ללא גלוטן 100 גר',דר שר ס.ר.ל פוסטל,IT,עוגיות דבל וניל,גרמים,100.00,100 גרם,false,,13.90,0.1390,true,1,1197177
8008698010358,false,תערובת קמחים ללא גלוטן 500 גר SCHAER,"ד""ר שר ס.ר.ל",IT,מיקס IT תערובת קמחים,גרמים,500.00,100 גרם,false,,15.90,0.0318,true,1,1348206
8008857406152,false,פסטה רג'ייה אט' עגולות עבות 500 גר',רגיה,IT,אטריות עגולות עבות,גרמים,500.00,100 גרם,false,,7.90,0.0158,true,1,1186739
8008857500003,false,רג'יה פסטה 609 אטריות עגולות דקות 500ג,פסטה רג'יה Pasta Reggia,IT,אטריות דקות,גרמים,500.00,100 גרם,false,,7.90,0.0158,true,1,1186740
8008857601052,false,פסטה לזניה דפים רג'יה 500ג',פסטה רג'יה Pasta Reggia,IT,דפי לזניה 500 גרם,גרמים,500.00,100 גרם,false,,9.90,0.0198,true,1,1752358
8008912010034,false,ספגטי ליגורי מספר 3,פסטה ליגורי,IT,פסטה פרפלה,גרמים,500.00,100 גרם,false,,7.90,0.0158,true,1,2082450
8008912010072,false,ספגטי לינגוויני 500ג ליגורי,פסטה ליגורי,IT,פסטה פרפלה,גרמים,500.00,100 גרם,false,,7.90,0.0158,true,1,2082451
8008912010270,false,פסטה קסרצה מספר 27 LIGUORI,פסטה ליגורי,IT,פסטה קסרצ'ה,גרמים,500.00,100 גרם,false,,7.90,0.0158,true,1,2082452
8008912010300,false,פסטה פרפלה ליגורי 500 גר',פסטה ליגורי,IT,פסטה פרפלה,גרמים,500.00,100 גרם,false,,7.90,0.0158,true,1,2082453
8008912010317,false,פסטה פוזלי ליגורי 500 גר',פסטה ליגורי,IT,פסטה פוזילי,גרמים,500.00,100 גרם,false,,7.90,0.0158,true,1,2082454
8008912010331,false,"ליגורי פסטה ניוקי סרדי בצורת קונכיות, 500 גר'",פסטה ליגורי,IT,פסטה בצורת קונכיות,גרמים,500.00,100 גרם,false,,7.90,0.0158,true,1,2082455
8008912010423,false,פסטה פנה ריגטה מספר 42 LIGUORI,פסטה ליגורי,IT,פסטה פנה,גרמים,500.00,100 גרם,false,,7.90,0.0158,true,1,2082456
8009915004204,false,ביסקוויט מקמח תירס בטעם מעודן 300 גרם,מולינו דה פירו,IT,ביסקוויט מקמח תירס ק,גרמים,300.00,100 גרם,false,,14.90,0.0497,true,1,1828675
8013399145315,false,סוכריות סטיביה דיטרול תות 70 גרם,דיאטורל Dietorelle,IT,סט.דיטורל תות שקית רך 70ג,גרמים,70.00,100 גרם,false,,7.90,0.1129,true,1,1159762
8017938005122,false,ביוטרנטינו חומץ תפוח,מריה לוצ'יה מלצ'יורי,IT,"חומץ תפוחים 750 מ""ל",מיליליטרים,750.00,"100 מ""ל",false,,18.90,0.0252,true,1,1346809
8023678161363,false,משקה שבולת שועל אורגני 1 ליטר ISOLA,איזולה ביו Isola Bio,IT,משקה שבלת שועל טבעי,ליטרים,1.00,ליטר,false,,9.90,9.9000,true,1,1277761
8023678161387,false,משקה סויה אורגני 1 ליטר ISOLA,איזולה ביו Isola Bio,,משקה סויה אורגני 1 ל,ליטרים,1.00,ליטר,false,,9.90,9.9000,true,1,1277762
8023678164517,false,"משקה שקדים אורגני ללת""ס 1 ליטר isola",איזולה ביו Isola Bio,IT,משקה שקדים ללא תוספת,ליטרים,1.00,ליטר,false,,14.90,14.9000,true,1,1943705
8024985000079,false,מחית תפוח משמש 100% פרי 200 ג נטורה נובה,נטורה נובה,IT,מחית תפוח משמש אורגנ,גרמים,200.00,100 גרם,false,,9.90,0.0495,true,1,1346932
8024985002783,false,סמוזי נטורה נובה גזר ודלעת 100 גרם,נטורה נובה,,מחית סמוזי דלעת גזר,גרמים,100.00,100 גרם,false,,5.90,0.0590,true,1,1701859
8024985003988,false,סמוזי תפוח בננה 100 גר נטורה נובה,נטורה נובה,IT,מחית סמוזי תפוח בננה,גרמים,100.00,100 גרם,false,,5.90,0.0590,true,1,1346989
8024985005234,false,סמוזי נטורה נובה סמוצי תפוח מנגו 100 גרם,נטורה נובה,IT,סמוזי תפוח אפרסק מנג,גרמים,100.00,100 גרם,false,,5.90,0.0590,true,1,1346994
8024985008037,false,סמוזי נטורה נובה סמוצי תפוח 100 גרם,"נטורפוד בע""מ",IT,מחית סמוזי תפוח 100,גרמים,100.00,100 גרם,false,,5.90,0.0590,true,1,1346937
8024985008044,false,סמוזי נטורה נובה סמוצי אגס 100 גרם,"נטורפוד בע""מ",IT,מחית סמוזי אגס אורגנ,גרמים,100.00,100 גרם,false,,5.90,0.0590,true,1,1346938
8024985008051,false,סמוזי נטורה נובה סמוצי פירות אדומים 100,"נטורפוד בע""מ",IT,מחית סמוזי פירות אדו,גרמים,100.00,100 גרם,false,,5.90,0.0590,true,1,1346939
8032523530452,false,ממרח פיסטוק פיסטי אי,פיסטי,IT,ממרח פיסטוק,גרמים,200.00,100 גרם,false,,34.90,0.1745,true,1,2121240
8032793344520,false,תרכיז עגבניות רסק עגבניות מרוכז מאוד,קונסוריזיו דל פרומוד,IT,תרכיז עגבניות מרוכז,גרמים,200.00,100 גרם,false,,7.90,0.0395,true,1,2041707
8032804430761,false,לזניה עדשים צהובות פליסיה 250 גרם,אף.סי תבליני בגליל ב,IT,לזניה עדשים צהובות-פ,גרמים,250.00,100 גרם,false,,15.90,0.0636,true,1,1701841
8032804431287,false,ספגטי אורז מלא אורגני 400 גרם פליסיה,פליסיה Felicia Bio,IT,ספגטי אורז מלא אורגנ,גרמים,400.00,100 גרם,false,,12.90,0.0323,true,1,1346995
8032804435636,false,אטריות פוזילי אורגניות 4 דגנים ללא גלוטן,פליסיה Felicia Bio,IT,פוזלי 4 דגנים אורגני,גרמים,340.00,100 גרם,false,,16.90,0.0497,true,1,1347122
8032880800243,false,פיקניק הפתעה 50 גרם-איגוד רבנים,"הוסטה איטליה, ס.ר.ל.",IT,פיקניק הפתעה 50 גרם,גרמים,50.00,100 גרם,false,,5.00,0.1000,true,1,1174228
8076800105988,false,"ברילה פוזילי 1 ק""ג קופסה",ברילה Barilla,IT,"ברילה פוזילי 1 ק""ג ב",קילוגרמים,1.00,"ק""ג",false,,13.90,13.9000,true,1,2099283
8076800195019,false,ברילה - צ.א ספגטי מס1 קפליני 500 גרם,ברילה גי.אי.אר פרטלי,IT,ברילה צ.א ספגטי מס1 קפלינ,גרמים,500.00,100 גרם,false,,7.90,0.0158,true,1,1186055
8076800195033,false,ברילה - צ.א ספגטיני מס3 חדש 500 גרם,ברילה גי.אי.אר פרטלי,IT,ברילה צ.א ספגטי מס3 500 ג,גרמים,500.00,100 גרם,false,,7.90,0.0158,true,1,1186056
8076800195057,false,ברילה - צ.א ספגטי מס5 חדש 500 גרם,ברילה גי.אי.אר פרטלי,IT,ברילה צ.א ספגטי מס5 500 ג,גרמים,500.00,100 גרם,false,,7.90,0.0158,true,1,1186057
8076800195132,false,ברילה - צ.א בבטה מס13 500 גרם,ברילה גי.אי.אר פרטלי,IT,ברילה צ.א בבטה מס13 500 ג,גרמים,500.00,100 גרם,false,,7.90,0.0158,true,1,1186058
8076800315097,false,ברילה - צ.א בוקטיני מס9 500 גרם,ברילה גי.אי.אר פרטלי,IT,ברילה צ.א בוקטיני מס9 500,גרמים,500.00,100 גרם,false,,7.90,0.0158,true,1,1186059
8076802085738,false,ברילה - צ.ק פנה רגטה חדש 500 גרם,ברילה גי.אי.אר פרטלי,IT,ברילה צ.ק פנה רגטה מס73 5,גרמים,500.00,100 גרם,false,,7.90,0.0158,true,1,1186061
8076802085837,false,ברילה - צ.ק טורטליוני מס83 500 גרם,הנסיך- מפעל לייצור ט,IT,ברילה צ.ק טורטליוני מס83,גרמים,500.00,100 גרם,false,,7.90,0.0158,true,1,1186062
8076802085936,false,ברילה פסטה צ.ק. קונצילה ריגטה חדש,ברילה גי.אי.אר פרטלי,IT,ברילה צ.ק קונצילה ריגטה מ,גרמים,500.00,100 גרם,false,,7.90,0.0158,true,1,1186063
8076802085981,false,ברילה - צ.ק פוזילי חדש 500 גרם,ברילה גי.אי.אר פרטלי,IT,ברילה צ.ק פוזילי מס98 500,גרמים,500.00,100 גרם,false,,7.90,0.0158,true,1,1186064
8076808050440,false,ברילה - צ.ק מקרוני מס44 500 גרם,ברילה Barilla,IT,ברילה צ.ק מקרוני מס44 500,גרמים,500.00,100 גרם,false,,7.90,0.0158,true,1,1186066
8076808060654,false,ברילה - צ.ק פרפלה חדש 500 גרם,ברילה גי.אי.אר פרטלי,IT,ברילה צ.ק פרפלה מס65 500,גרמים,500.00,100 גרם,false,,7.90,0.0158,true,1,1186067
8076808070882,false,פסטה למילוי קנלוני 250 גר,פאסטיפיקו ריגו אס.אר,IT,ברילה צ.מ קנלוני מס88 250,גרמים,250.00,100 גרם,false,,13.90,0.0556,true,1,1186068
8076808150072,false,ברילה - צ.א ספגטוני מס7 חדש 500 גרם,ברילה גי.אי.אר פרטלי,IT,ברילה צ.א ספגטי מס7 500 ג,גרמים,500.00,100 גרם,false,,7.90,0.0158,true,1,1186069
8076809501415,false,ברילה קנלוני/פנה 500 ג' מצה פנה טרקולור 500 גרם,ברילה Barilla,IT,ברילה צ.ק מצה פנה טרקולור,גרמים,500.00,100 גרם,false,,12.90,0.0258,true,1,1186070
8076809512268,false,ברילה - צ.ק גירנדולה חדש 500 גרם,ברילה גי.אי.אר פרטלי,IT,ברילה צ.ק גירנדולה מס34 5,גרמים,500.00,100 גרם,false,,7.90,0.0158,true,1,1186071
8076809513388,false,ברילה - רוטב ארביאטה 400 גרם,ברילה גי.אי.אר פרטלי,IT,ברילה רוטב ארביאטה 400 ג,גרמים,400.00,100 גרם,false,,13.90,0.0348,true,1,1186072
8076809513395,false,ברילה פומודורו רוטב עגבניות קלאסי 400 גר,ברילה גי.אי.אר פרטלי,IT,ברילה רוטב פומודורו 400 ג,גרמים,400.00,100 גרם,false,,13.90,0.0348,true,1,1186073
8076809513654,false,בסיס רוטב עגבניות לבולונז 400 גרם ברילה,ברילה גי.אי.אר פרטלי,IT,ברילה בסיס לבולונז 400 גר,גרמים,400.00,100 גרם,false,,13.90,0.0348,true,1,1186074
8076809513692,false,רוטב עגבניות נפולטנה בתוספת ירקות,ברילה גי.אי.אר פרטלי,IT,ברילה רוטב נפולטנה 400 גר,גרמים,400.00,100 גרם,false,,13.90,0.0348,true,1,1186075
8076809513739,false,ברילה רוטב עגבניות עם בזיליקום 400 גרם,ברילה גי.אי.אר פרטלי,IT,ברילה רוטב בזיליקום 400 ג,גרמים,400.00,100 גרם,false,,13.90,0.0348,true,1,1186076
8076809514774,false,ברילה איטריות ביצים פפרדלה 250ג',ברילה גי.אי.אר פרטלי,IT,ברילה צ.מ פפרדלה ביצים 25,גרמים,250.00,100 גרם,false,,17.90,0.0716,true,1,1186077
8076809515399,false,ברילה אמיליאנה טליאטלה 500 גרם,BARILLA,IT,ברילה אמיליאנה טליאט,גרמים,500.00,100 גרם,false,,13.90,0.0278,true,1,2013372
8076809523561,false,ברילה - רוטב פסטה בטעם טוסקנה 400 גרם,ברילה גי.אי.אר פרטלי,IT,ברילה רוטב פסטה בטעם טוסק,גרמים,400.00,100 גרם,false,,13.90,0.0348,true,1,1186080
8076809523714,false,"פסטה ברילה טליאטלה, 500 ג'","ש. שסטוביץ בע""מ",IT,ברילה צ.מ טליאטלה 500 גרם,גרמים,500.00,100 גרם,false,,24.90,0.0498,true,1,1186082
8076809523738,false,פסטה ברילה לזניה 500ג',ברילה גי.אי.אר פרטלי,IT,ברילה צ.מ לזניה 500 גרם,גרמים,500.00,100 גרם,false,,20.90,0.0418,true,1,1186083
8076809545440,false,ברילה ספגטי ללא גלוטן 400 גרם,"ש. שסטוביץ בע""מ",IT,איטריות ללא גלוטן 40,גרמים,400.00,100 גרם,false,,14.90,0.0373,true,1,1280580
8076809545457,false,ברילה אטריות ללא גלוטן 400 ג' צינורות 400 ג',"ש. שסטוביץ בע""מ",IT,פסטה ללא גלוטן 400 ג,גרמים,400.00,100 גרם,false,,14.90,0.0373,true,1,1280581
8076809547956,false,ברילה - צ.ק קיפרי 500 גרם,ברילה סורג,IT,ברילה ספגטי קיפרי 50,גרמים,500.00,100 גרם,false,,7.90,0.0158,true,1,2010065
8076809576352,false,ברילה לזניה ללא גלוטן 250 ג',ברילה גי.אי.אר פרטלי,IT,ברילה לזניה ללא גלוט,גרמים,250.00,100 גרם,false,,22.90,0.0916,true,1,2069627
8076809578998,false,ברילה - צ.ק. סטלינה 500 גרם,ברילה Barilla,IT,ספגטי סטלינה מס 27 -,גרמים,500.00,100 גרם,false,,7.90,0.0158,true,1,2071627
8174780173512,false,תמצית וניל טבעית,,,תמצית וניל טבעית,מיליליטרים,29.00,"100 מ""ל",false,,29.90,1.0310,true,1,1618867
8410076600622,false,חטיפי גרנולה Crunchy שיבולת שועל מלאה ושבבי שוקולד מריר,ג'נרל מילס סאן אדריא,ES,חטיף 1/5 קראנצ'י ניי,גרמים,210.00,100 גרם,false,,14.90,0.0710,true,1,1174233
8410076610379,false,נייטשר ואלי פרוטאין בוטנים ושבבי שוקולד 160 ג',סריילטו ספיין פודס,ES,חטיף נייטשר ואלי פרו,גרמים,160.00,100 גרם,false,,22.90,0.1431,true,1,1324013
8410076610386,false,נייטשר ואלי פרוטאין בוטנים עם ציפוי בטעם קרמל מלוח 160 ג',סריילטו ספיין פודס,ES,חטיף נייטשר ואלי פרו,גרמים,160.00,100 גרם,false,,22.90,0.1431,true,1,1324014
8410076621009,false,עוגות אישיות בטעם קרמל עם חתיכות בטעם קרמל מלוח,"גלאטס סירו בע""מ",PT,חטיף פייבר 1 קרמל מל,גרמים,120.00,100 גרם,false,,12.90,0.1075,true,1,2039092
8410076621047,false,עוגות אישיות בטעם שוקולד עם חתיכות בטעם שוקולד,"גלאטס סירו בע""מ",ES,חטיף פייבר 1 טעם שוק,גרמים,120.00,100 גרם,false,,12.90,0.1075,true,1,2039093
8410076621573,false,פייבר וואן עוגיות בטעם בראוניז*5,ליימן שליסל,ES,חטיף פייבר 1 בטעם שו,גרמים,120.00,100 גרם,false,,12.90,0.1075,true,1,2113968
8410104039134,false,"פיניש מנקה ומחדש מדיח 250 מ""ל",הדקלאים אגודת שיתופי,PL,פיניש מנקה ומחדש,מיליליטרים,250.00,"100 מ""ל",false,,14.90,0.0596,true,1,1159987
8410104044916,false,פיניש אבקה למדיח 2.7 לימון,רקיט בנקיזר,DE,פיניש 2.7 PP קג רגיל,קילוגרמים,2.70,"ק""ג",false,,44.90,16.6296,true,1,1159988
8410104045111,false,"פיניש מלח למדיח כלים 2ק""ג",רקיט בנקיזר,IL,פיניש מלח 2 קילו 6 בקרטון,קילוגרמים,2.00,"ק""ג",false,,14.90,7.4500,true,1,1159989
8410104437268,false,פיניש דאו ציטרופרש מנטה,רקיט בנקיזר,HU,פיניש דאוסטופ לריח מראה ח,יחידה,0.00,יחידה,false,,14.90,0.0000,true,1,1159994
8410128783587,false,ויוה סוי שיבולת שועל קרטונית 1 ליטר,קלידאד פסקואל,ES,ויוה סוי שיבולת שועל,ליטרים,1.00,ליטר,false,,12.90,12.9000,true,1,2128410
8410182420114,false,בצלצלי פנינה בחומץ 370 גר,דליסיאס,,בצל פנינה בחומץ,גרמים,370.00,100 גרם,false,,9.90,0.0268,true,1,1995481
8410436218290,false,סאיוס אולאו אינטנס 1-10 שחור עז,סאיוס syoss,DE,סאיוס אולאו אינטנס קיט 1-,יחידה,1.00,יחידה,false,,29.90,29.9000,true,1,1170878
8410793001764,false,"רביעיית בירה אסטרייה דאם 330 מ""ל בקבוק",אסטרייה Estrella,,בירה אסטריה דאם רביע,ליטרים,1.32,ליטר,false,,32.90,24.9242,true,1,2129962
8411210006102,false,תחתיות ארטישוק במי,,,תחתיות ארטישוק במי,גרמים,400.00,100 גרם,false,,11.90,0.0298,true,1,2072100
8412168002529,false,מחייה 13 משקה כוהלי בטעם לימונים,דיסטילריאס לה הורטנה,ES,ערק מחייה 13 לימוני,מיליליטרים,700.00,"100 מ""ל",false,,54.90,0.0784,true,1,1771339
8412168008903,false,מחייה 13 משקה כוהלי בטעם אשכולית אדומה,מנדלז סי.אר. פרודקשן,ES,ערק מחייה 13 אשכולית,מיליליטרים,700.00,"100 מ""ל",false,,54.90,0.0784,true,1,2050183
8420822130600,false,"ספריי סופר מסיר שומנים 750מ""ל יעקבי",קה לורדה,ES,סופר מסיר שומנים,מיליליטרים,750.00,"100 מ""ל",false,,15.90,0.0212,true,1,2116384
8420822130624,false,"ספריי סופר מסיר כתמים 750מ""ל יעקבי",קה לורדה,ES,סופר מסיר כתמים,מיליליטרים,750.00,"100 מ""ל",false,,16.90,0.0225,true,1,2116385
8423207206488,false,ס.דליס חטיף דגנים מלאים מצופה שוקולד חלב,אף.סי תבליני בגליל ב,ES,מרבה סלים דליס שוקולד חלב,גרמים,120.00,100 גרם,false,,10.90,0.0908,true,1,1186094
8423207206495,false,חטיף דגנים מלאים מצופה שוקולד מריר 120 ג,אף.סי תבליני בגליל ב,ES,מרבה סלים דליס שוקולד מרי,גרמים,120.00,100 גרם,false,,10.90,0.0908,true,1,1186095
8423207206501,false,חטיף רב דגנים עם שוקולד חלב 78 גרם,סלים דליס Slim Delis,ES,מרבה סלים דליס חצי מצופה,גרמים,78.00,100 גרם,false,,10.90,0.1397,true,1,1186096
8423207207362,false,חטיף דגנים סלים דליס שוקולד לבן 120 גר,ביסנצ'ורי אס.אל.יו,ES,מרבה סלים דליס,גרמים,120.00,100 גרם,false,,10.90,0.0908,true,1,1186097
8423207208260,false,מרבה סלים דליס 125 ג' ללא גלוטן שוקולד חלב,ביסנצ'ורי אס.אל.יו,ES,מרבה סלים דליס חלב ללא גל,גרמים,78.00,100 גרם,false,,10.90,0.1397,true,1,1264582
8423207208680,false,מרבה חטיפי סלים דליס לילדים שוקולד חלב,ביסנצ'ורי אס.אל.יו,ES,חטיף דגנים לילדים עם,גרמים,120.00,100 גרם,false,,10.90,0.0908,true,1,1280989
8423207208697,false,מרבה סלים דליס לילדים עם שוקולד לבן חדש,ביסנצ'ורי אס.אל.יו,ES,חטיף דגנים לילדים עם,גרמים,78.00,100 גרם,false,,10.90,0.1397,true,1,1280990
8423207208703,false,מרבה חטיפי סלים דליס לילדים שוקולד מריר,ביסנצ'ורי אס.אל.יו,ES,חטיף דגנים עם שוקולד,גרמים,120.00,100 גרם,false,,10.90,0.0908,true,1,1280991
8423207208871,false,פרכיות תירס בטעם טבעי סלים דליס 130ג',סלים דליס Slim Delis,ES,פריכיות תירס בטעם טב,גרמים,130.00,100 גרם,false,,9.90,0.0762,true,1,1294791
8423207208888,false,פריכיות תירס בטעם עגבניות ועשבי תיבול סלים דליס 123 ג',סלים דליס Slim Delis,ES,פריכיות תירס בטעם עג,גרמים,123.50,100 גרם,false,,9.90,0.0802,true,1,1294792
8423207208895,false,פריכיות תירס בטעם זיתים ועירית סלים דליס 123 ג',סלים דליס Slim Delis,ES,פריכיות תירס בטעם זי,גרמים,123.50,100 גרם,false,,9.90,0.0802,true,1,1294793
8423207209885,false,מרבה חטיפי סלים דליס מהדורה מיוחדת שוקולד חלב,סלים דליס Slim Delis,ES,חטיף דגנים עם שוקולד,גרמים,120.00,100 גרם,false,,10.90,0.0908,true,1,1594037
8423207210287,false,מרבה סלים דליס שוקולד לבן בטעם יוגורט 120 ג',סלים דליס Slim Delis,ES,חטיף שוקולד לבן בטעם,גרמים,120.00,100 גרם,false,,10.90,0.0908,true,1,1780501
8423207210928,false,חטיף דגנים מצופה שוקולד חלב ואגוזי לוז - 5 במארז,נוטרישן אנד סנטה קוב,ES,חטיף דגנים סלים דליס,גרמים,90.00,100 גרם,false,,10.90,0.1211,true,1,2023389
8423207210966,false,חטיף רב דגנים מצופה שוקולד לבן קוקוס ולימון,נוטרישן אנד סנטה קוב,ES,חטיף דגנים סלים דליס,גרמים,90.00,100 גרם,false,,10.90,0.1211,true,1,2023391
8423207210980,false,סלים דליס טופינג קליפת תפוז 90 גרם,נוטרישן אנד סנטה קוב,ES,חטיף דגנים סלים דליס,גרמים,78.00,100 גרם,false,,10.90,0.1397,true,1,2023398
8425206000081,false,ריבת חלב מרדל 450 גרם,כלורוקס אוקלנד,ES,ריבת חלב מרדל 450 ג,גרמים,450.00,100 גרם,false,,16.90,0.0376,true,1,1272399
8435495805106,false,"ביומט אבקת כביסה בניחוח רענן 5ק""ג",ליימן מותגים,DE,ביומט אבקת כביסה 5 ק,קילוגרמים,5.00,"ק""ג",false,,29.90,5.9800,true,1,1609077
8435495805168,false,"תינוקלין לכביסה לעור רגיש אולימפיק 1.25ק""ג",מולינו ניקולי s.p.a,PL,"תינוקלין 1.25 ק""ג",קילוגרמים,1.25,"ק""ג",false,,21.90,17.5200,true,1,1678875
8435495805199,false,"תינוקלין אבקת כביסה 3 ק""ג",מולינו ניקולי s.p.a,TR,"תינוקלין 3 ק""ג",קילוגרמים,3.00,"ק""ג",false,,49.90,16.6333,true,1,1692664
8435495807605,false,תינוקלין מרכך כביסה היפואלרגני מרוכז 1 ליטר,מולינו ניקולי s.p.a,TR,מרכך כביסה תינוקלין,ליטרים,1.00,ליטר,false,,17.90,17.9000,true,1,2120843
8435495819363,false,תינוקלין - מרכך כביסה פרש & ג'נטל 1 ליטר,פרוקטר אנד גמבל,TR,מרכך כביסה תינוקלין,ליטרים,1.00,ליטר,false,,17.90,17.9000,true,1,2120844
8437000906209,false,"עלי טורטיה קמח חיטה 20ס""מ 8יח' אזטקה 325ג'",Azteca foods europe,ES,"טורטיה קמח 20 ס""מ",גרמים,320.00,100 גרם,false,,9.90,0.0309,true,1,1186751
8445290341587,false,פנסי פיסט פטה דג לבן ועוף 85גר,נסטלה פורינה USA ג',US,פנסי פיסט פטה דג לבן,גרמים,85.00,100 גרם,false,,4.90,0.0576,true,1,2137118
8445290427120,false,דגני פיטנס Fitness שוקולד מריר ובננה,נסטלה צרפת איטנקורט,FR,דגני בוקר שוקולד מרי,גרמים,330.00,100 גרם,false,,19.90,0.0603,true,1,2136405
8550740072390,false,פלפלונים מתוקים -עלו,,,פלפלונים מתוקים -עלו,גרמים,270.00,100 גרם,false,,7.90,0.0293,true,1,2038297
8550740072468,false,פלפלונים צ'ילי -טנא,,,פלפלונים צ'ילי -טנא,יחידה,0.00,יחידה,false,,5.90,0.0000,true,1,2096788
8593868006014,false,בירה בלו מון פחית 50,"איי, בי, אינבוו",CZ,בירה בלו מון פחית,מיליליטרים,500.00,"100 מ""ל",false,,10.90,0.0218,true,1,2048771
8606109023593,false,פרוויטה מיץ תפוחי עץ ואגסים 750 מל,,IL,מיץ פרוויטה,מיליליטרים,750.00,"100 מ""ל",false,,11.90,0.0159,true,1,2072887
8606109023609,false,"פרוויטה מיץ תפוחי עץ ודובדבנים 750 מ""ל",,IL,מיץ פרוויטה,מיליליטרים,750.00,"100 מ""ל",false,,11.90,0.0159,true,1,2072888
8606109023623,false,פרוויטה מיץ תפוחי עץ ולימון ליים 750 מ,,IL,מיץ פרוויטה,מיליליטרים,750.00,"100 מ""ל",false,,11.90,0.0159,true,1,2072889
8606109023715,false,פרוויטה מיץ תפוחי עץ ואפרסקים 750 מל,,RS,מיץ פרוויטה,מיליליטרים,750.00,"100 מ""ל",false,,11.90,0.0159,true,1,2072892
8680202110824,false,שמרים לאפיה יבשים נמסים אינסטנט,,,שמרים נמסים בוואקום,גרמים,125.00,100 גרם,false,,3.90,0.0312,true,1,1177465
8680202110848,false,שמרים נמסים בוואקום 454 גרם,,,שמרים נמסים בוואקום,גרמים,454.00,100 גרם,false,,11.90,0.0262,true,1,1177466
8681863065270,false,מלח ים מים האגאי וילי פוד 350 גר,שף סיזונס גידה סאן,TR,מלח ים מים האגאי 350,גרמים,350.00,100 גרם,false,,24.90,0.0711,true,1,2122701
8681863065287,false,מלח הימלאיה וילי פוד 350 גר,שף סיזונס גידה סאן,TR,מלח ים עם רוזמרין 35,גרמים,350.00,100 גרם,false,,24.90,0.0711,true,1,2122709
8681863065294,false,מלח ים בטעם מעושן 350 ג' ויליפוד,שף סיזונס גידה סאן,TR,מלח ים בטעם מעושן 35,גרמים,350.00,100 גרם,false,,24.90,0.0711,true,1,2122710
8681863065324,false,מלח ים עם רוזמרין וילי פוד 200 גר,SALTBAE,TR,מלח ים עם רוזמרין 20,גרמים,200.00,100 גרם,false,,24.90,0.1245,true,1,2122711
8681863065379,false,מלח ים עם פלפל צ'ילי 220 ג' ויליפוד,שף סיזונס גידה סאן,TR,מלח ים עם פלפל צ'ילי,גרמים,220.00,100 גרם,false,,24.90,0.1132,true,1,2122703
8681863065478,false,מלח מתובל וילי פוד 110 גר,שף סיזונס גידה סאן,TR,מלח מתובל 110 גרם,גרמים,110.00,100 גרם,false,,14.90,0.1355,true,1,2122693
8681863065485,false,מלח מתובל פיקנטי 110 ג' ויליפוד,שף סיזונס גידה סאן,TR,מלח מתובל פיקנטי 110,גרמים,110.00,100 גרם,false,,14.90,0.1355,true,1,2122694
8681863065492,false,מלח מתובל מעושן וילי פוד 110 גר,שף סיזונס גידה סאן,TR,מלח מתובל מעושן 110,גרמים,110.00,100 גרם,false,,14.90,0.1355,true,1,2122695
8683130008935,false,ממרח קטשיונז לחיץ 425 גם,יוניליוור ישראל שיוו,TR,ממרח קטשיונז הלמנס ל,גרמים,425.00,100 גרם,false,,16.90,0.0398,true,1,2099093
8683130025574,false,"מרכך כביסה אקסטרה לבנדר 960 מ""ל בדין",יונילוור - תורכיה,TR,בדין אקסטרא לבנדר 96,מיליליטרים,960.00,"100 מ""ל",false,,15.90,0.0166,true,1,2122378
8683130025581,false,"בדין - מרכך כביסה אקסטרא ענבר 960 מ""ל",יונילוור - תורכיה,TR,בדין אקסטרא ענבר 960,מיליליטרים,960.00,"100 מ""ל",false,,15.90,0.0166,true,1,2122379
8683323063024,false,יוגטה שטיחים בטעם תותי פרוטי 220 גרם,ליימן מותגים,TR,ממתק גומי שטיחים תות,גרמים,220.00,100 גרם,false,,4.90,0.0223,true,1,1412381
8690504081913,false,מקוויטיס טינס מצופה שוקולד חלב 150 גרם,שוורצקוף& הנקל דיסלד,TR,ביסקוויט מקויטיס טינ,גרמים,150.00,100 גרם,false,,9.90,0.0660,true,1,1912932
8690504081937,false,מקוויטיס טינס שוקולד חלב וקפוצינו 150 גר,שוורצקוף& הנקל דיסלד,TR,ביסקוויט מקויטיס טינ,גרמים,150.00,100 גרם,false,,9.90,0.0660,true,1,1912934
8690526009308,false,אי טי אי - חטיף קוקוס מצופה שוקולד חלב וכדורוני דגנים 126 גרם,גורי,TR,חטיף קוקוס מצופה שוק,גרמים,126.00,100 גרם,false,,7.90,0.0627,true,1,2024542
8690526009353,false,אי טי אי - מיני חטיף בוטנים נוגט קרמל מצופה שוקולד חלב 140 גרם,eti gida sanayi,TR,חטיף מיני בוטנים נוג,גרמים,140.00,100 גרם,false,,7.90,0.0564,true,1,2024543
8690526019147,false,אי טי אי - וופל במילוי קרם אגוזי לוז 142 גרם,eti gida sanayi,TR,וופל קקאו במילוי קרם,גרמים,142.00,100 גרם,false,,4.90,0.0345,true,1,2024528
8690526019154,false,אי טי אי - וופל קקאו במילוי קרם קקאו 142 גרם,מולינו ניקולי s.p.a,TR,וופל קקאו במילוי קרם,גרמים,142.00,100 גרם,false,,4.90,0.0345,true,1,2024529
8690526019185,false,אי טי אי - וופל במילוי קרם שוקולד חלב 142 גרם,מולינו ניקולי s.p.a,TR,וופל קקאו במילוי קרם,גרמים,142.00,100 גרם,false,,4.90,0.0345,true,1,2024531
8690526029238,false,אתי מארז וופלים במילוי שוקולד מריר 50גרם,eti gida sanayi,TR,וופל שוקולד מריר אתי,גרמים,150.00,100 גרם,false,,7.90,0.0527,true,1,2055819
8690531410311,false,עגבניות מיובשות בשמן 350גר',סוסיטהס אזמיר,TR,עגבניות מיובשות בשמן,גרמים,340.00,100 גרם,false,,12.90,0.0379,true,1,1350431
8690572778326,false,פה ד.ספרי אנטיפרספינט 200 מל 1/12,שוורצקופף והנקל,DE,דאודורנט פה-ספריי,מיליליטרים,200.00,"100 מ""ל",false,,15.90,0.0795,true,1,1361995
8690572783931,false,"פה - דאודורנט ספריי לגבר אינוויזיבל פאוואר 200 מ""ל",שוורצקופף והנקל,DE,דאודורנט פה-ספריי,מיליליטרים,200.00,"100 מ""ל",false,,15.90,0.0795,true,1,1633908
8690572784303,false,"שוורצקוף גליס שמפו לשיער לאורך מושלם, 400 מ""ל",שוורצקופף והנקל,DE,שמפו גליס אולטימט רי,מיליליטרים,400.00,"100 מ""ל",false,,18.90,0.0472,true,1,1742465
8690572784327,false,מסכה לשיער ארוך עם קצוות מפוצלים Supreme Length,שוורצקופף והנקל,TR,גליס מסכה,מיליליטרים,300.00,"100 מ""ל",false,,24.90,0.0830,true,1,1742466
8690572786222,false,מרכך גליס Gliss לשיער ארוך Supreme Length,שוורצקופף והנקל,DE,מרכך גליס אולטימט רי,מיליליטרים,400.00,"100 מ""ל",false,,18.90,0.0472,true,1,1742469
8690572788851,false,"גליס - שמפו ביו טק 400 מ""ל",שוורצקופף והנקל,DE,שמפו גליס ביו-טק,מיליליטרים,400.00,"100 מ""ל",false,,18.90,0.0472,true,1,1995791
8690572788912,false,"גליס - ביו טק מרכך 400 מ""ל",שוורצקופף והנקל,TR,מרכך גליס ביו-טק,מיליליטרים,400.00,"100 מ""ל",false,,18.90,0.0472,true,1,1995799
8690572794692,false,"גליס - שמפו לאיזון והזנת הקרקפת 400 מ""ל",שוורצקופף והנקל,TR,שמפו גליס נוטרי באלא,מיליליטרים,400.00,"100 מ""ל",false,,18.90,0.0472,true,1,2050687
8690572799482,false,"סאיוס מרכך לשיער גלי ומתולתל 500 מ""ל",הנקל סוד,TR,"מרכך סאיוס 500 מ""ל",מיליליטרים,500.00,"100 מ""ל",false,,14.90,0.0298,true,1,2069036
8690572799529,false,"סאיוס - שמפו קרטין 500 מ""ל",הנקל סוד,TR,"שמפו סאיוס 500 מ""ל",מיליליטרים,500.00,"100 מ""ל",false,,9.90,0.0198,true,1,2069040
8690637073373,false,תה ארל גריי בטעם ברגמוט ליפטון 25 שקיקים,יונילוור - תורכיה,TR,ארל גריי 50 גר,גרמים,50.00,100 גרם,false,,7.90,0.1580,true,1,1188451
8690637073434,false,תה ליפטון ארל גריי 100 שקיקים,ליפטון Lipton,,תה ליפטון ארל גריי 1,גרמים,200.00,100 גרם,false,,22.90,0.1145,true,1,1188452
8690637503856,false,ממרח הלמנס כ- 40% פחות שומן לעומת מיונז,"בסטפוד - 3P ארה""ב Fo",TR,ממרח הלמנס לחיץ 355,גרמים,355.00,100 גרם,false,,16.90,0.0476,true,1,2040887
8690637504426,false,"קרם ניקוי סיף בניחוח לימון 500 מ""ל",יונילוור - תורכיה,TR,"סיף קרם לימון 500 מ""",מיליליטרים,500.00,"100 מ""ל",false,,10.90,0.0218,true,1,2096359
8690637505607,false,מרכך כביסה מרוכז בדין אקסטרה בניחוח פינוק כחול,יוניליוור סנאיי וי ט,TR,בדין אקסטרא כחול-960,מיליליטרים,960.00,"100 מ""ל",false,,15.90,0.0166,true,1,2073909
8690637505614,false,"מרכך כביסה בדין אקסטרה פינוק קוקוס 960 מ""ל",יוניליוור סנאיי וי ט,TR,בדין אקסטרא כחול-960,מיליליטרים,960.00,"100 מ""ל",false,,15.90,0.0166,true,1,2073910
8690637505935,false,"תרחיץ ידיים שמן אבוקדו ותמצית קלנדולה 500 מ""ל דאב",דאב Dove,TR,סבון ידיים דאב אבוקד,מיליליטרים,500.00,"100 מ""ל",false,,16.90,0.0338,true,1,2097363
8690637505959,false,דאב סבון ידיים הזנה לוטוס 500 מל,General,TR,סבון ידיים דאב לוטוס,מיליליטרים,500.00,"100 מ""ל",false,,16.90,0.0338,true,1,2097364
8690637506956,false,"דאב שמפו נגד קשקשים אלוורה 600 מ""ל",יונילוור - תורכיה,TR,שמפו דאב למניעת קשקש,מיליליטרים,600.00,"100 מ""ל",false,,18.90,0.0315,true,1,2135503
8690637555084,false,מרכך כביסה בדין אקסטרא פריחת תפוז 960 מל,יוניליוור סנאיי וי ט,TR,בדין אקסטרא לבן-960 מ''ל,מיליליטרים,960.00,"100 מ""ל",false,,15.90,0.0166,true,1,1188468
8690637688195,false,ליפטון תה ירוק מעטפות קלאסי 30 ג',יונילוור - תורכיה,TR,ליפטון תה ירוק מעטפות קלא,גרמים,34.00,100 גרם,false,,15.90,0.4676,true,1,1188483
8690637704277,false,"שמפו ומרכך לשיער רגיל 600 מ""ל דאב",יונילוור - תורכיה,TR,דאב שמפו יום יומי 2 ב-1 6,מיליליטרים,600.00,"100 מ""ל",false,,18.90,0.0315,true,1,1226758
8690637704291,false,שמפו לשיקום אינטנסיבי לשיער פגום,יוניליוור טורקיה. אז,TR,דאב שמפו משקם 600מל,מיליליטרים,600.00,"100 מ""ל",false,,18.90,0.0315,true,1,1226759
8690637704376,false,שמפו יום יומי לשיער רגיל,יוניליוור טורקיה. אז,TR,דאב שמפו יום יומי 600מל,מיליליטרים,600.00,"100 מ""ל",false,,18.90,0.0315,true,1,1226760
8690637704390,false,"מרכך לשיער רגיל 600 מ""ל דאב",יוניליוור טורקיה. אז,TR,דאב מרכך יום יומי 600מל,מיליליטרים,600.00,"100 מ""ל",false,,18.90,0.0315,true,1,1226794
8690637704413,false,מרכך לשיקום אינטנסיבי לשיער פגום,יוניליוור טורקיה. אז,TR,דאב מרכך משקם 600מל,מיליליטרים,600.00,"100 מ""ל",false,,18.90,0.0315,true,1,1226795
8690637704437,false,שמפו עם שמני הזנה לטיפוח לשיער יבש,יוניליוור טורקיה. אז,TR,דאב שמפו שמני הזנה 600 מל,מיליליטרים,600.00,"100 מ""ל",false,,18.90,0.0315,true,1,1226761
8690637704451,false,מרכך עם שמני הזנה לטיפוח לשיער יבש,יוניליוור טורקיה. אז,TR,דאב מרכך שמני הזנה 600 מל,מיליליטרים,600.00,"100 מ""ל",false,,18.90,0.0315,true,1,1226796
8690637799594,false,תה ירוק ליפטון נענע בסגנון מרוקאי 20יח',בסן בסין סנאיי וי טי,TR,תה ירוק ליפטון נענע,גרמים,34.00,100 גרם,false,,15.90,0.4676,true,1,1323266
8690637835643,false,תה ירוק לואיז הולימונית 20 שק ליפטון,ליפטון Lipton,TR,תה ירוק ליפטון לואיז,גרמים,30.00,100 גרם,false,,15.90,0.5300,true,1,1534358
8690637865596,false,תחליב רחצה לניקוי וטיפוח עור הידיים,קוסטר אירוסול ולף סנ,TR,סבון ידיים דאב הזנה,מיליליטרים,500.00,"100 מ""ל",false,,16.90,0.0338,true,1,1903186
8690637871061,false,"דאב שמפו שמן אבוקדו ותמצית קלנדולה 600 מ""ל",יונילוור - תורכיה,TR,שמפו דאב 600 עם שמן,מיליליטרים,600.00,"100 מ""ל",false,,18.90,0.0315,true,1,1754827
8690637871245,false,הלמנס מיונז אמיתי 395 גר' בקבוק לחיץ.,"בסטפוד - 3P ארה""ב Fo",TR,ממרח מיונז אמיתי הלמ,גרמים,395.00,100 גרם,false,,16.90,0.0428,true,1,1894110
8690637916991,false,מרכך דאב עם שמן אבוקדו ותמצית קלנדולה600,יונילוור - תורכיה,TR,מרכך דאב עם שמן אבוק,מיליליטרים,600.00,"100 מ""ל",false,,18.90,0.0315,true,1,1944129
8690637946301,false,"בדין - מרכך כביסה אקסטרא בייביי כחול 960 מ""ל",יוניליוור סנאיי וי ט,TR,בדין אקסטרא בייבי 96,מיליליטרים,960.00,"100 מ""ל",false,,15.90,0.0166,true,1,2008224
8690637946318,false,מרכך כביסה אקסטרה בייבי היפואלרגני בריח טלק,יוניליוור סנאיי וי ט,IL,בדין אקסטרא בייבי 96,מיליליטרים,960.00,"100 מ""ל",false,,15.90,0.0166,true,1,2008225
8690637971310,false,"מרכך כביסה אקסטרה בניחוח יערת הדבש 960 מ""ל בדין",יוניליוור סנאיי וי ט,TR,בדין אקסטרא יערת הדב,מיליליטרים,960.00,"100 מ""ל",false,,15.90,0.0166,true,1,2036065
8690637976995,false,"בדין - מרכך כביסה אקסטרא ורוד סחלבים פראי 960 מ""ל",יוניליוור סנאיי וי ט,TR,בדין אקסטרא ורוד- 96,מיליליטרים,960.00,"100 מ""ל",false,,15.90,0.0166,true,1,2036066
8690757002376,false,"משחה להברקת נעליים עם ספוג 50 SILVERמ""ל-צבע שחור",סילבר Silver,,משחת נעליים,מיליליטרים,50.00,"100 מ""ל",false,,4.90,0.0980,true,1,1217116
8690757002444,false,"נוזל להברקת נעליים שחור 75 SILVERמ""ל",סילבר Silver,TR,נוזל לנעליים,מיליליטרים,75.00,"100 מ""ל",false,,4.90,0.0653,true,1,1217149
8690757002475,false,ספוג להברקת נעליים גדול SILVER -נטורל,סילבר Silver,,ספוג להברקת נעליים,יחידה,0.00,יחידה,false,,4.90,0.0000,true,1,1217152
8690757002482,false,"ספוג מבריק נעליים עם צבע 6 מ""ל SILVER -שחור",,,ספוג לנעלים,יחידה,0.00,יחידה,false,,8.90,0.0000,true,1,1217153
8690766156411,false,שוקולד מריר מעולה בטעם פלפל ורוד עם חתיכות תות מסוכר 90ג',"אולקר מקבוצת פלאדיס,",TR,שוקולד גודייבה מריר,גרמים,90.00,100 גרם,false,,14.90,0.1656,true,1,1996570
8690770322598,false,"שמרים יבשים 125 גר` בד""צ",בראבו Bravo,,שמרים יבשים 125 גרם,גרמים,125.00,100 גרם,false,,3.90,0.0312,true,1,1169472
8690777203012,false,פלפל ירוק כבוש לא חריף סארה 600ג',יוליניבר,TR,פלפל ירוק כבוש לא חריף 60,גרמים,600.00,100 גרם,false,,12.90,0.0215,true,1,1159450
8690777204071,false,פלפלים כבושים - חריפים,יוליניבר,TR,פלפל חריף 640גרם מותג SER,גרמים,640.00,100 גרם,false,,12.90,0.0202,true,1,1159451
8690777221405,false,פלפל אדום קלויים על האש 650 גרם SERA,קוראהן פזלרמה וי דיס,TR,פלפל אדום קלוי על האש 650,גרמים,650.00,100 גרם,false,,12.90,0.0198,true,1,1159454
8690784516440,false,דאק נוזל לניקוי מתקדם בניחוח לבנדה בודד 750מל,טואלט דאק (ג'ונסון),NL,טואלט דאק ג'ל לניקוי,מיליליטרים,750.00,"100 מ""ל",false,,12.90,0.0172,true,1,1570507
8690784611442,false,סבון מוצק לניקוי אסלה בניחוח הדרים בתוספת אקונומיקה,דאופלור אס פי אי כונ,PL,דאק סבון ניקוי אסלה,גרמים,30.00,100 גרם,false,,7.90,0.2633,true,1,1994736
8690784614665,false,סבון דאק לניקוי אסלה בניחוח ים נתלה,דאופלור אס.פי.אי כונ,PL,דאק סבון ניקוי אסלה,גרמים,30.00,100 גרם,false,,7.90,0.2633,true,1,1731614
8690784616775,false,סבון מוצק לאסלה דאק אקווה בלו 4 ב-1 80 ג,טואלט דאק (ג'ונסון),RS,סבון ניקוי לאסלה דאק,יח',1.00,יח',false,,9.90,9.9000,true,1,1874017
8690784711777,false,דאק סבון אקטיבי בתוספת אקונומיקה מקציפה בניחוח ים,דאופלור אס.פי.אי כונ,IT,דאק סבון ניקוי אסלה,גרמים,30.00,100 גרם,false,,7.90,0.2633,true,1,1982932
8693495041461,false,זוג מברשות שיניים קולגייט סלים סופט פחם,הנסיך- מפעל לייצור ט,CN,קולגייט מברשת סלים סופט פ,יח',2.00,יח',false,,29.90,14.9500,true,1,1186104
8693495050333,false,"פלמוליב סבון נוזלי לגבר לימון ירוק 500 מ""ל",פלמוליב Palmolive,TR,סבון נוזלי פלמוליב ל,מיליליטרים,500.00,"100 מ""ל",false,,15.90,0.0318,true,1,1483570
8693495051002,false,קולגייט מברשת שיניים מיניונים 6+ לילדים,קולגייט Colgate,CN,מברשת שיניים קולגייט,יח',1.00,יח',false,,18.90,18.9000,true,1,1530335
8693495052931,false,זוג מברשות שיניים אדוונסט 360 לניקוי כל חלל הפה,קולגייט Colgate,CN,מברשת שיניים קולגייט,יח',2.00,יח',false,,29.90,14.9500,true,1,1983312
8693495054034,false,פלמוליב ס.נוזלי לומינוס אבוקדו 750 משאבה,שסטוביץ,TR,סבון נוזלי פלמוליב ל,מיליליטרים,750.00,"100 מ""ל",false,,16.90,0.0225,true,1,2098584
8693609193826,false,מתקן כביסה מתכת אל חלד,ITALPLAST,,מתקן כביסה מתכת אל ח,יחידה,0.00,יחידה,false,,59.90,0.0000,true,1,2065008
8696219365799,false,חמוצון הרמטי פרש בוק,,,חמוצון הרמטי פרש בוק,יחידה,0.00,יחידה,false,,14.90,0.0000,true,1,2098888
8696219394287,false,קופסאת אוכל 3 חלקים,IRAK PLASTIC,,לאנצ בוקס מחולק,יחידה,0.00,יחידה,false,,12.90,0.0000,true,1,2098894
8696219395017,false,כד מידה מקצועי 0.5 ל,,,כד מידה מקצועי 0.5 ל,יחידה,0.00,יחידה,false,,9.90,0.0000,true,1,2098895
8696219408526,false,תבניות כפולות לקרח מ,IRAK PLASTIC,,תבנית קרח + מכסה סיל,יחידה,0.00,יחידה,false,,12.90,0.0000,true,1,2098908
8697040108982,false,אסותא סבון נוזלי לש.אינטמ,,TR,סבון נוזלי אסותא נשי,מיליליטרים,400.00,"100 מ""ל",false,,14.90,0.0373,true,1,1473085
8697040109323,false,אסותא סבון מוצק להיגיינה,אטש סונמז כימיה,TR,סבון מוצק אסותא,גרמים,100.00,100 גרם,false,,3.90,0.0390,true,1,1277515
8697418280128,false,עלי טורטייה 20 סמ 540 גרם LAVALIA,פרינסיס און וה אונלו,TR,עלי טורטייה 12יח 540,גרמים,540.00,100 גרם,false,,19.90,0.0369,true,1,1939904
8697418280173,false,עלי טורטייה מחיטה מלאה 840 גרם LAVALIA,פרינסס גידה,TR,עלי טורטייה חיטה מלא,גרמים,840.00,100 גרם,false,,24.90,0.0296,true,1,1939905
8697430885417,false,פסטה מסולסלת ארבלה ו,DURUM,TR,פסטה מסולסלת 6 ARBELLA,גרמים,500.00,100 גרם,false,,4.90,0.0098,true,1,1194208
8697430885424,false,פסטה פרפרים ארבלה וי,ארבלה Arbella,TR,פרפרים 5 ARBELLA,גרמים,500.00,100 גרם,false,,4.90,0.0098,true,1,1194209
8697430885479,false,פוזילי ארבלה ויטה,ארבלה Arbella,TR,פוזילי 2 ARBELLA,גרמים,500.00,100 גרם,false,,4.90,0.0098,true,1,1194212
8697430885493,false,ספגטי ארבלה ויטה,ארבלה Arbella,TR,ספגטי 1 ARBELLA,גרמים,500.00,100 גרם,false,,4.90,0.0098,true,1,1194213
8697431460064,false,קונפיטורה משמש 70% פרי פרופה 454 גר',פרוטנגו Fruitango,,קונפיטור 70% משמש,גרמים,450.00,100 גרם,false,,12.90,0.0287,true,1,1186752
8697431460217,false,קונפיטורה 70% תפוזים 450 ג' FRUPPA,פרוטנגו Fruitango,,קונפיטור 70% תפוזים,גרמים,450.00,100 גרם,false,,12.90,0.0287,true,1,1186753
8697431460378,false,קונפיטורה70% שזיף 450 ג' FRUPPA,פרוטנגו Fruitango,,קונפיטורה 70% שזיפים,גרמים,450.00,100 גרם,false,,12.90,0.0287,true,1,1186756
8697431921701,false,קונפיטורה תות שדה 70% פרי פרופה 454 גר',פרוטנגו Fruitango,,קונפיטור 70% תות,גרמים,450.00,100 גרם,false,,12.90,0.0287,true,1,1213813
8697431921718,false,קונפיטורה דובדבן חמוץ 70% פרי פרופה 454 גר',פרוטנגו Fruitango,,קונפיטור 70% דובדבן,גרמים,450.00,100 גרם,false,,12.90,0.0287,true,1,1216387
8697431925143,false,קונפיטורה 70% פירות יער 450 ג' FRUPPA,פרוטנגו Fruitango,,קונפיטור 70% מיקס פי,גרמים,450.00,100 גרם,false,,12.90,0.0287,true,1,1867116
8697826469092,false,טורטיה קטנה 12 יחידות 540 גרם,דין שיווק,TR,טורטיות ראפ 540 גרם,גרמים,540.00,100 גרם,false,,9.90,0.0183,true,1,1175312
8697957251252,false,"מעמד מתקן לכוסות ח""פ",,IL,"מעמד מתקן לכוסות ח""פ",יחידה,0.00,יחידה,false,,9.90,0.0000,true,1,2075942
8698782712567,false,מגב חד להב,,,מגב חד להב,יחידה,0.00,יחידה,false,,29.90,0.0000,true,1,1982781
8699073291273,false,פלפל כבוש חריף 640 גרם MELIS כשרות K,מליס Melis,,פלפל כבוש חריף 640 ג,גרמים,640.00,100 גרם,false,,12.90,0.0202,true,1,2043422
8710428016348,false,אבקת משקה להשלמה תזונתית וניל 400 ג' פדיאשור,אבוט מעבדות רפואיות,NL,פדיאשור משקה להשלמה,גרמים,400.00,100 גרם,false,,39.90,0.0997,true,1,2036013
8710428016355,false,פדיאשור השלמה תזונתית בטעם שוקולד 400 גר,אבוט מעבדות רפואיות,NL,פדיאשור משקה להשלמה,גרמים,400.00,100 גרם,false,,39.90,0.0997,true,1,2036014
8710447224311,false,מרכך בוטניק בתוספת שמן קוקוס ואלוורה,יוניליוור פולין,PL,מרכך טרזמה בוטניק 40,מיליליטרים,400.00,"100 מ""ל",false,,14.90,0.0373,true,1,1972642
8710502064814,false,עוגיות מרבה שוקולד ציפס במרקם רך 175 גר,בנקטבקריי מרבה בי.וי,NL,עוגיות שוקולד ציפס 1,גרמים,175.00,100 גרם,false,,8.90,0.0509,true,1,1247521
8710502100864,false,עוגיות מרבה פטיסרי דאבל שוקולד 200 גרם,מרבה,NL,עוגיות מרבה פטיסרי ד,גרמים,200.00,100 גרם,false,,9.90,0.0495,true,1,2128115
8710502139017,false,עוגיות שוקוציפס מצופות שוקולד 180 ג',בנקטבקריי מרבה בי.וי,NL,מרבה עוגיות טריפל שוקולד,גרמים,180.00,100 גרם,false,,8.90,0.0494,true,1,1186106
8710502194801,false,עוגיות שוקולד צ'יפס במרקם רך עם פירות יער,בנקטבקריי מרבה בי.וי,NL,עוגיות שוקולד צי'פס,גרמים,175.00,100 גרם,false,,8.90,0.0509,true,1,1322429
8710502231018,false,מרבה מיני עוגיות שוקולד צ'יפס 175 גרם,"מרבה בע""מ",NL,עוגיות מרבה שוקולד צ,גרמים,175.00,100 גרם,false,,8.90,0.0509,true,1,2048147
8710502279010,false,מרבה עוגיות שוקולד ציפס מצופות שוקולד 175 גרם - רבנות,"י.מרבה ישראל בע""מ",NL,עוגיות שוקולד צ'יפס,גרמים,175.00,100 גרם,false,,8.90,0.0509,true,1,2044939
8710502285509,false,מרבה - עוגיות לימון ושוקולד צ'יפס במרקם רך 175 גרם,בנקטבקריי מרבה בי.וי,NL,עוגיות לימון ושוקולד,גרמים,175.00,100 גרם,false,,8.90,0.0509,true,1,2087225
8710502405204,false,מרבה עוגיות שוקוציפס ממולא קרם שוקולד 175ג',קריניציה ויטמינה אס,NL,מרבה עוגיות ממולאות קרם,גרמים,175.00,100 גרם,false,,8.90,0.0509,true,1,1186108
8710502470028,false,עוגיות שוקולד צ'יפס ממולאות בקרם נוגט,קריניציה ויטמינה אס,NL,מרבה עוגיות נוגטלי 160 ג,גרמים,160.00,100 גרם,false,,8.90,0.0556,true,1,1186110
8710502470035,false,מרבה פטיסרי עוגיות נוגטלי אגוזים 200 גרם,מרבה,NL,עוגיות מרבה פטיסרי נ,גרמים,200.00,100 גרם,false,,9.90,0.0495,true,1,2128117
8710522584200,false,דאב תחליב רחצה אלוורה ומי ורדים 500 מל,יוניליוור,DE,תחליב רחצה דאב 500 מ,מיליליטרים,500.00,"100 מ""ל",false,,14.90,0.0298,true,1,2076159
8710552274614,false,שמפו קצף לנ.שטיחים וניש קליה גולד 600 מל,קליה וניש Kalia Vanish,IT,וניש גולד קצף שטיחים,מיליליטרים,600.00,"100 מ""ל",false,,24.90,0.0415,true,1,1738526
8710800027573,false,סוכריות מיני מנטוס פירות שקית 178ג',פרפטי ואן מלה,NL,שקית מיני מנטוס,גרמים,178.00,100 גרם,false,,10.00,0.0562,true,1,1174268
8710847942679,false,טרזמה שמפו לשיער יבש בתוספת שמן המפ,יוניליוור,PL,שמפו טרזמה קרטין 400,מיליליטרים,400.00,"100 מ""ל",false,,14.90,0.0373,true,1,2073911
8710847973970,false,"תחליב רחצה דאב אלוורה ועץ שדה 750 מ""ל",יוניליוור גרמניה (בו,DE,דאב תחליב רחצה אלוור,מיליליטרים,750.00,"100 מ""ל",false,,19.90,0.0265,true,1,2040879
8710908326691,false,תחליב רחצה דאב אדמונית 750 מל,יוניליוור גרמניה (בו,DE,דאב תחליב רחצה אדמונ,מיליליטרים,750.00,"100 מ""ל",false,,19.90,0.0265,true,1,1299264
8710908693809,false,"טרזמה מסכה טיפולית עם קרטין 300מ""ל",טרזמה TRESemme,PL,מסכה לשיער טרזמה קרט,מיליליטרים,300.00,"100 מ""ל",false,,29.90,0.0997,true,1,1682417
8710908882463,false,תחליב רחצה Invigorating Ritual עם שמן אבוקדו וקלנדולה,יוניליוור,DE,תחליב רחצה דאב 500 מ,מיליליטרים,500.00,"100 מ""ל",false,,14.90,0.0298,true,1,1663510
8711000360606,false,לור קפסולות קפה אספרסו רוז 7,דיפלומט,FR,לור קפסולות קפה אספר,גרמים,52.00,100 גרם,false,,19.90,0.3827,true,1,2021053
8711000362617,false,לור קפסולות קפה אספרסו לונגו פרופונדו 8,יוניליוור גרמניה Gm,FR,לור קפסולות קפה אספר,גרמים,52.00,100 גרם,false,,19.90,0.3827,true,1,1790545
8711000362631,false,לור קפסולות קפה אספרסו 12 אוניקס 52ג',יוניליוור גרמניה Gm,FR,לור קפסולות קפה אספר,גרמים,52.00,100 גרם,false,,19.90,0.3827,true,1,1790546
8711000371176,false,קפסולות קפה אספרסו קלאסיקו 10*52 ג' ג'ייקובס,קריניציה ויטמינה אס,FR,ג'ייקובס קפסולות קפה,גרמים,52.00,100 גרם,false,,12.90,0.2481,true,1,1832951
8711000371183,false,קפסולות קפה אספרסו אינטנסו 10*52 ג' ג'ייקובס,קריניציה ויטמינה אס,FR,ג'ייקובס קפסולות קפה,גרמים,52.00,100 גרם,false,,12.90,0.2481,true,1,1859782
8711000371206,false,קפסולות קפה אספרסו ריסטרטו 10*52 ג' ג'ייקובס,קריניציה ויטמינה אס,FR,ג'ייקובס קפסולות קפה,גרמים,52.00,100 גרם,false,,12.90,0.2481,true,1,1859783
8711000471296,false,לור קפסולות קפה אספרסו אולטימו 13,דיפלומט,FR,לור קפסולות קפה אספר,גרמים,52.00,100 גרם,false,,19.90,0.3827,true,1,2021055
8711000472040,false,קפסולות קפה אספרסו סלקשיין גייקובס 52 גר,ג'ייקובס Jacobs,FR,ג'ייקובס קפסולות קפה,גרמים,52.00,100 גרם,false,,12.90,0.2481,true,1,2079315
8711327475663,false,מגנום פיינט וניל שוקולד לבן 440X8מל,"מפעל גלידות בווספרם,",HU,מגנום פיינט וניל שוק,מיליליטרים,440.00,"100 מ""ל",false,,19.90,0.0452,true,1,2046322
8712000051099,false,"שישיית בירה היינקן 0.0% אלכוהול 330 מ""ל",פארייפאבה אגרואינדוס,NL,שישייה בירה הייניקן,ליטרים,1.98,ליטר,false,,35.90,18.1313,true,1,1806663
8712400802512,false,תרכובת מזון המשך לפעוטות על בסיס חלב שלב 2,נוטרישיה קאלק ב. ו.,NL,נוטרילון חלב לתינוקו,גרמים,800.00,100 גרם,false,,64.90,0.0811,true,1,1157496
8712400802536,false,תרכובת מזון המשך לפעוטות על בסיס חלב שלב 3,נוטרישיה קאלק ב. ו.,NL,נוטרילון חלב לתינוקו,גרמים,800.00,100 גרם,false,,64.90,0.0811,true,1,1157498
8712561594240,false,"דאב תחליב רחצה להזנה עמוקה500 מ""ל-מרכז","יוניליוור גרמניה, Gm",DE,דאב ת.ר הזנה עמוקה 250ML,מיליליטרים,500.00,"100 מ""ל",false,,14.90,0.0298,true,1,1254677
8712561611411,false,תחליב רחצה מזין בניחוח מלפפון ותה ירוק,יוניליוור גרמניה (בו,DE,דאב ת.ר פרש 750ML,מיליליטרים,750.00,"100 מ""ל",false,,19.90,0.0265,true,1,1254680
8712561626286,false,"תחליב רחצה דאב זוהר כמשי 750 מ""ל",יוניליוור גרמניה (בו,DE,דאב ת.ר מענג 750ML,מיליליטרים,750.00,"100 מ""ל",false,,19.90,0.0265,true,1,1254682
8712561646024,false,דאב תחליב רחצה קרם פיסטוק ומגנוליה 750 מ,יוניליוור גרמניה (בו,DE,תחליב רחצה דאב 750 מ,מיליליטרים,750.00,"100 מ""ל",false,,19.90,0.0265,true,1,2107361
8714599104316,false,קפה שחור קלוי וטחון טורקי גייקובס 200 גר,ג'ייקובס Jacobs,RU,קפה שחור ג'יקובס 200,גרמים,200.00,100 גרם,false,,14.90,0.0745,true,1,1994085
8714599410806,false,קפה נמס ג'ייקובס קרונונג בשקית 160 גרם,ג'ייקובס Jacobs,RU,קפה ג'יקובס 160 גרם,גרמים,160.00,100 גרם,false,,17.90,0.1119,true,1,1855062
8714599412336,false,קפה נמס בריסטה אמריקנו קלוי וטחון 160 ג' ג'ייקובס,ג'ייקובס דאו אגברטס,RU,קפה ג'יקובס בריסטה,גרמים,160.00,100 גרם,false,,24.90,0.1556,true,1,2079306
8714599513781,false,גייקובס גולד קפה נמס מיובש בהקפאה 200גרם,אל.אל. סי ג''יקובס ד,RU,קפה ג'יקובס גולד 200,גרמים,200.00,100 גרם,false,,24.90,0.1245,true,1,1284388
8714599513835,false,ג'ייקובס נטול קפאין מיובש בהקפאה 200 ג',ג'ייקובס Jacobs,RU,קפה ג'יקובס נטול קפא,גרמים,200.00,100 גרם,false,,32.90,0.1645,true,1,1441671
8714599513866,false,גייקובס קרוננג קפה נמס מיובש בהקפאה 200ג,אל.אל.סי גייקובס דאו,RU,קפה ג'יקובס 200 גרם,גרמים,200.00,100 גרם,false,,24.90,0.1245,true,1,1284389
8714789177229,false,מברשת שיניים אקסטרה קלין מדיום - מארז רביעיה,הנסיך- מפעל לייצור ט,CN,קולגייט אקסטרה קלין רביעי,יח',4.00,יח',false,,9.90,2.4750,true,1,1186122
8714789218465,false,מברשת שיניים קולגייט 360 מדיום זוג,הנסיך- מפעל לייצור ט,CN,קולגייט מברשת 360 זוג S ח,יח',2.00,יח',false,,32.90,16.4500,true,1,1186127
8714789303925,false,מברשת שיניים 360 Sensitive אקסטרא סופט - מארז זוג,קולגייט- פלמוליב,CH,קולגייט מברשת 360 סנסטיב,יח',2.00,יח',false,,29.90,14.9500,true,1,1186134
8714789402918,false,נוזל לניקוי כללי ולרצפה בניחוח פרחי בר,הנסיך- מפעל לייצור ט,GR,אגקס חגיגת הפרחים אדום 1.,ליטרים,1.50,ליטר,false,,16.90,11.2667,true,1,1186137
8714789402970,false,נוזל לניקוי כללי ולרצפה בניחוח פרחי אביב,הנסיך- מפעל לייצור ט,GR,אגקס חגיגת הפרחים ירוק 1.,ליטרים,1.50,ליטר,false,,16.90,11.2667,true,1,1186139
8714789450315,false,פלמוליב נוזל כלים לימון 1.5 ליטר,הנסיך- מפעל לייצור ט,GR,פלמוליב כלים שקוף לימון 1,ליטרים,1.50,ליטר,false,,15.90,10.6000,true,1,1233079
8714789529561,false,קולגייט משחת שיניים סנסטיב להלבנה 111 ג',קולגייט פלמוליב,BR,קולגייט סנסיטיב פרו ריליף,מיליליטרים,75.00,"100 מ""ל",false,,14.90,0.1987,true,1,1186147
8714789582764,false,אג'קס ספריי לניקוי חלונות ומשטחים,הנסיך- מפעל לייצור ט,GR,אגקס טריגר 750 מל,מיליליטרים,750.00,"100 מ""ל",false,,12.90,0.0172,true,1,1186150
8714789740058,false,קולגייט מברשת שיניים טוויסטר סופט זוג,הנסיך- מפעל לייצור ט,CN,קולגייט מברשת טוויסטר זוג,יח',2.00,יח',false,,19.90,9.9500,true,1,1186155
8714789797786,false,פלמוליב כלים שקוף גרם בלסטר 750,יבואן ומשווק: ש. שסט,GR,פלמוליב כלים שקוף גרםיס ב,מיליליטרים,750.00,"100 מ""ל",false,,9.90,0.0132,true,1,1186166
8714789831275,false,קולגייט מברשת שיניים 360 אופטיק וואיט זוג,קולגייט פלמוליב,CN,קולגייט מברשת 360 אופטיק,יח',2.00,יח',false,,32.90,16.4500,true,1,1186171
8714789834467,false,פלמוליב נוזל כלים 1.5 ליטר,פלמוליב Palmolive,GR,פלמוליב כלים שקוף קלאסי 1,ליטרים,1.50,ליטר,false,,15.90,10.6000,true,1,1186172
8714789930848,false,"משחת שיניים אופטיק וויט אינסטנט 75 מ""ל קולגייט",הנסיך- מפעל לייצור ט,PL,קולגייט משחת אופטיק וייט,מיליליטרים,75.00,"100 מ""ל",false,,19.90,0.2653,true,1,1186177
8715700110141,false,מיונז קרמי היינץ צנצנת 460ג',ה.י.היינץ הולדינג בי,NL,ממרח מיונז היינץ בצנ,גרמים,460.00,100 גרם,false,,11.90,0.0259,true,1,1572144
8715700115641,false,ממרח מיונז לחיץ לייט במרקם קרמי 420 ג' היינץ,ה.י. היינץ,NL,ממרח היינץ 420 גרם ל,גרמים,420.00,100 גרם,false,,14.90,0.0355,true,1,1479116
8715700120874,false,מתבל עגבניות היינץ בתוספת שום,ה.י. היינץ,NL,קטשופ היינץ שום 460,גרמים,460.00,100 גרם,false,,6.90,0.0150,true,1,2083858
8715700419732,false,היינץ מתבל עגבניות 700 גרם,ה.י. היינץ,NL,קטשופ היינץ 700 גרם,גרמים,700.00,100 גרם,false,,11.90,0.0170,true,1,1157499
8715700421322,false,רוטב ברביקיו צילי 490 גרם,היינץ Heinz,NL,רוטב ברבקיו 490 גרם,גרמים,490.00,100 גרם,false,,12.90,0.0263,true,1,1585038
8715700422473,false,ממרח מיונז ללא חומרים משמרים 395 ג' היינץ,ה.י. היינץ,NL,ממרח היינץ לחיץ ללא,גרמים,395.00,100 גרם,false,,14.90,0.0377,true,1,1428114
8715700423906,false,קטשופ מתובל עגבניות 50% פחות סוכר 555ג' היינץ,היינץ צפון אמריקה מק,NL,קטשופ היינץ 555 גרם,גרמים,555.00,100 גרם,false,,11.90,0.0214,true,1,1631351
8717163628355,false,"טרזמה - מרכך להחלקה וצבע 400 מ""ל",יוניליוור,PL,מרכך טרזמה להחלקה וצ,מיליליטרים,400.00,"100 מ""ל",false,,21.90,0.0547,true,1,2078311
8717163655764,false,"רקסונה - דאודורנט ספריי לאישה שוואר פרש 150 מ""ל",קוסטר - תורכיה,GB,דאודורנט ספריי רקסונ,מיליליטרים,150.00,"100 מ""ל",false,,13.90,0.0927,true,1,1988628
8717163658314,false,תחליב רחצה מים מיסלריים היפואלרגני לעור רגיש,יוניליוור,DE,דאב תחליב רחצה מים מ,מיליליטרים,500.00,"100 מ""ל",false,,16.90,0.0338,true,1,1875377
8717163663493,false,"רקסונה - דאודורנט ספריי לגבר קובלט דריי 150 מ""ל",יוניליוור HPC,GB,דאודורנט ספריי רקסונ,מיליליטרים,150.00,"100 מ""ל",false,,13.90,0.0927,true,1,1986315
8717163714850,false,"דאו דאב ספריי קוקוס ויסמין 150 מ""ל",יונילוור ארגנטינה -,GB,דאב ספריי קוקוס ויסמ,מיליליטרים,150.00,"100 מ""ל",false,,17.90,0.1193,true,1,1964627
8717163842669,false,"תחליב רחצה דאב חימר ירוק 500 מ""ל purifying",יוניליוור,DE,דאב תחליב רחצה חימר,מיליליטרים,500.00,"100 מ""ל",false,,16.90,0.0338,true,1,1990356
8717163947692,false,"אקס ג'ל רחצה לגבר פרש ברגמוט ופינק פפר 400 מ""ל","יוניליוור גרמניה, רח",GB,אקס ג'ל רחצה פינק פפ,מיליליטרים,400.00,"100 מ""ל",false,,15.90,0.0398,true,1,2009673
8717677336593,false,טוניס שוקולד חלב 180 גרם רבנות - נוכרי,טוניס/שוקולונלי,NL,שוקולד חלב 180 גרם ט,גרמים,180.00,100 גרם,false,,17.90,0.0994,true,1,2103837
8717677336616,false,טוניס שוקולד מריר+שקדים ומלח 180 גרם רבנות - נוכרי,טוניס/שוקולונלי,NL,שוקולד מריר עם שקדים,גרמים,180.00,100 גרם,false,,17.90,0.0994,true,1,2103838
8717677336654,false,טוניס - שוקולד חלב מעולה עם שברי קרמל מלוח,טוניס/שוקולונלי,NL,שוקולד חלב עם שברי ק,גרמים,180.00,100 גרם,false,,17.90,0.0994,true,1,2134309
8717677336661,false,טוניס שוקולד מריר מעולה 70% 180 גרם רבנות - נוכרי,טוניס/שוקולונלי,NL,שוקולד מריר 70% 180,גרמים,180.00,100 גרם,false,,17.90,0.0994,true,1,2103840
8717677338436,false,טוניס שוקולד חלב+אגוזי לוז 180 גרם רבנות - נוכרי,טוניס/שוקולונלי,NL,שוקולד חלב עם אגוזי,גרמים,180.00,100 גרם,false,,17.90,0.0994,true,1,2103841
8718114734484,false,מיונז מאילי 320 גר צ,בונגראן,FR,מיונז מיילי,גרמים,320.00,100 גרם,false,,15.90,0.0497,true,1,1434257
8718117607662,false,נוטרילון A.R תרכובת מזון מגיל לידה,נוטרישה-נוטרילון,NL,נוטרילון אנטי ריפלוק,גרמים,900.00,100 גרם,false,,99.90,0.1110,true,1,1989543
8718951001602,false,"אגקס ספריי רב פעולות 600 מ""ל",הנסיך- מפעל לייצור ט,GR,אג'קס ספריי רב פעולות,מיליליטרים,600.00,"100 מ""ל",false,,12.90,0.0215,true,1,1259065
8718951030169,false,משחת שיניים Sensifoam לשיניים רגישות ולהלבנה,קולגייט Colgate,PL,משחת קולגייט סנסטיב+,מיליליטרים,75.00,"100 מ""ל",false,,14.90,0.1987,true,1,2013710
8718951030206,false,"קולגייט סנסיטיב מולטי פרוטקשן משחת שיניים 75 מ""ל",קולגייט-פלמוליב,PL,משחת קולגייט סנסטיב,מיליליטרים,75.00,"100 מ""ל",false,,14.90,0.1987,true,1,2009342
8718951044913,false,מרידול משחת שיניים להלבנה 75 מל,קולגייט פלמוליב,PL,מרידול משחת שיניים הליטוז,גרמים,75.00,100 גרם,false,,21.90,0.2920,true,1,1259004
8718951048669,false,אג'קס ספריי לניקוי חלונות בניחוח חגיגת הפרחים,Colgate - Greece,GR,אג'קס חלונות טריגרם,מיליליטרים,750.00,"100 מ""ל",false,,12.90,0.0172,true,1,2105540
8718951079205,false,"קולגייט סנסיטיב פרו רליף רפיר פריוונט 75 מ""ל",קולגייט Colgate,PL,משחת שיניים סנסטיב פ,מיליליטרים,75.00,"100 מ""ל",false,,14.90,0.1987,true,1,1580784
8718951093331,false,מרידול מברשת שיניים אקסטרה סופט זוג,קולגייט פלמוליב,CH,מברשות שיניים זוג מר,יח',2.00,יח',false,,34.90,17.4500,true,1,1294282
8718951159808,false,מברשות שיניים 360 מדיום- מארז שלישייה,קולגייט פלמוליב,CN,מברשות שיניים שלישיי,יח',3.00,יח',false,,29.90,9.9667,true,1,1501885
8718951160897,false,ספריי אקונומיקה עוצמת ה7 טריגר אגקס 500מ,קולגייט פלמוליב,GR,א'גקס ספריי עוצמת ה7,מיליליטרים,500.00,"100 מ""ל",false,,12.90,0.0258,true,1,1542488
8718951166288,false,"משחת שיניים קולגייט מקס וייט 125 מ""ל",הנסיך- מפעל לייצור ט,PL,משחת שינים מקס וייט,גרמים,125.00,100 גרם,false,,19.90,0.1592,true,1,1803486
8718951166561,false,משחת שיניים לרעננות מוגברת max fresh cooling crystals,הנסיך- מפעל לייצור ט,PL,משחת שינים מקס פרש כ,גרמים,125.00,100 גרם,false,,19.90,0.1592,true,1,1803487
8718951167094,false,נוזל כלים פלמוליב צילינדר תפוז וליים 1 ל,יבואן ומשווק: ש. שסט,GR,סבון לכלים פלמוליב 1,ליטרים,1.00,ליטר,false,,13.90,13.9000,true,1,1585907
8718951187122,false,זוג מברשות שיניים אלמקס לילדים גילאי 0-3,GABA TRISA SWIZ,CN,מברשת שיניים זוג ילד,יח',2.00,יח',false,,22.90,11.4500,true,1,2120805
8718951236790,false,"קולגייט טוטאל משחת שיניים קלין מינט לפה בריא 100 מ""ל",קולגייט Colgate,PL,משחת שינים קולגייט ט,מיליליטרים,100.00,"100 מ""ל",false,,14.90,0.1490,true,1,1848153
8718951236806,false,"קולגייט טוטאל הלבנה להסרת כתמים מהשן 100 מ""ל",קולגייט Colgate,PL,משחת שיניים קולגייט,מיליליטרים,100.00,"100 מ""ל",false,,14.90,0.1490,true,1,1848140
8718951240742,false,"קולגייט טוטאל משחת שיניים פסים מרעננים 100 מ""ל",קולגייט Colgate,PL,משחת שינים קולגייט ט,מיליליטרים,100.00,"100 מ""ל",false,,14.90,0.1490,true,1,1848154
8718951247871,false,"מרסס אגקס טריגר לשירותים 500 מ""ל",CP UK,GR,אג'קס טריגר לשירותים,מיליליטרים,500.00,"100 מ""ל",false,,14.90,0.0298,true,1,1995628
8718951259409,false,פלמוליב נטורלס תחליב רחצה 750 לחות מוגבר,קולגייט פלמוליב,IT,סבון נוזלי פלמוליב נ,מיליליטרים,750.00,"100 מ""ל",false,,19.90,0.0265,true,1,2144682
8718951264618,false,"קולגייט אופטיק וייט פחם צ'רקול משחת שיניים, 75 מ""ל",קולגייט-פלמוליב,PL,משחת שינים קולגייט א,מיליליטרים,75.00,"100 מ""ל",false,,29.90,0.3987,true,1,2010066
8718951265103,false,מברשת שיניים קולגייט אולטרה סופט זוג,קולגייט פלמוליב,CN,מברשת שיניים קולגייט,יח',2.00,יח',false,,29.90,14.9500,true,1,1983314
8718951281738,false,אלמקס סנסיטיב משחה לשיניים רגישות,CP-Poland swidnica,PL,משחת שיניים אלמקס 75,מיליליטרים,75.00,"100 מ""ל",false,,18.90,0.2520,true,1,2018393
8718951286672,false,קולגייט משחת שיניים Gum Invigorate,קולגייט פלמוליב,PL,משחת שניים לחניכיים,מיליליטרים,75.00,"100 מ""ל",false,,24.90,0.3320,true,1,2150511
8718951288492,false,"משחת שיניים מרידול בי טיוב מארז 2*75 מ""ל",GABA LOER GER,DE,מארז זוג משחת שיניים,מיליליטרים,150.00,"100 מ""ל",false,,24.90,0.1660,true,1,1998616
8718951313927,false,"פלמוליב סבון לידיים בחימר טונוס, 300 מ""ל",פלמוליב Palmolive,TR,סבון ידיים פלמוליב ח,מיליליטרים,300.00,"100 מ""ל",false,,10.90,0.0363,true,1,2023983
8718951314023,false,פלמוליב נטורלס תחליב רחצה אפרסק 750 מל,שסטוביץ,TR,סבון נוזלי פלמוליב א,מיליליטרים,750.00,"100 מ""ל",false,,16.90,0.0225,true,1,2098587
8718951315303,false,משחת שיניים קולגייט הגנה מקסימלית - מארז זוג,קולגייט-פלמוליב,PL,משחת שיניים קולגייט,מיליליטרים,200.00,"100 מ""ל",false,,16.90,0.0845,true,1,2018394
8718951319806,false,פלמוליב לגבר גל רחצה ושמפו מרענן 750 משא,פלמוליב Palmolive,TR,שמפו וג'ל רחצה פלמול,מיליליטרים,750.00,"100 מ""ל",false,,16.90,0.0225,true,1,1998662
8718951320093,false,זוג מברשות 360 אדוונס וויט שיניים קולגייט,קולגייט-פלמוליב,CN,מברשת שיניים קולגייט,יח',2.00,יח',false,,29.90,14.9500,true,1,2018395
8718951345119,false,נוזל לניקוי רצפות וכללי היביסקוס 2 ליטר,הנסיך- מפעל לייצור ט,GR,ניקוי כללי אג'קס 2 ל,ליטרים,2.00,ליטר,false,,22.90,11.4500,true,1,2044933
8718951350137,false,פלמוליב נטורלס תחליב רחצה 750 מקדמיה וקק,שסטוביץ,IT,סבון נוזלי פלמוליב נ,מיליליטרים,750.00,"100 מ""ל",false,,19.90,0.0265,true,1,2144683
8718951354807,false,נוזל רצפות אגקס חגיגת הפרחים יסמין 1.5 ל,Colgate - Greece,GR,אג'קס חגיגת הפרחים י,ליטרים,1.50,ליטר,false,,16.90,11.2667,true,1,2030595
8718951366015,false,"קולגייט - משחת שיניים אופטיק וויט אקס קומפ 75 מ""ל",CP-Poland swidnica,PL,משחת שיניים להלבנה מ,מיליליטרים,75.00,"100 מ""ל",false,,49.90,0.6653,true,1,2149083
8718951370135,false,"סבון נוזלי ארומה סנסיישן גלואו 750 מ""ל פלמוליב",קולגייט פלמוליב,TR,סבון נוזלי פלמוליב א,מיליליטרים,750.00,"100 מ""ל",false,,19.90,0.0265,true,1,2020525
8718951381292,false,"משחת שיניים מקס דיטוקס פואם קולגייט 125 מ""ל",קולגייט Colgate,PL,משחת שינים מקס דיטוק,גרמים,125.00,100 גרם,false,,19.90,0.1592,true,1,2044940
8718951382718,false,"פלמוליב ג'ל רחצה חימר התחדשות 750 מ""ל",פלמוליב Palmolive,TR,ג'ל רחצה פלמוליב חימ,מיליליטרים,750.00,"100 מ""ל",false,,19.90,0.0265,true,1,2023968
8718951382787,false,"משחת שיניים אופטיק וויט חימר ומינרלים 75 מ""ל קולגייט",קולגייט Colgate,PL,משחת שינים קולגייט א,מיליליטרים,75.00,"100 מ""ל",false,,24.90,0.3320,true,1,2104587
8718951385290,false,אג'קס ניקוי כללי עוצמת ה7 כחול 2 ליטר,קולגייט פלמוליב,GR,ניקוי כללי אג'קס 2 ל,ליטרים,2.00,ליטר,false,,22.90,11.4500,true,1,2048979
8718951391253,false,אגקס אנטי בקטריאלי רעננות הניקיון 1.5 ל,Colgate - Greece,GR,אג'קס אנטי בקטריאלי,ליטרים,1.50,ליטר,false,,21.90,14.6000,true,1,2066203
8718951400597,false,"תחליב רחצה קוקוס וחלב ללא משאבה750 מ""ל פלמוליב",פלמוליב Palmolive,TR,סבון נוזלי פלמוליב ק,מיליליטרים,750.00,"100 מ""ל",false,,19.90,0.0265,true,1,2129487
8718951409798,false,זוג מברשות שיניים מקס וויט פחם קולגייט,הנסיך- מפעל לייצור ט,PL,זוג מברשות שניים קול,יח',2.00,יח',false,,32.90,16.4500,true,1,2071563
8718951412378,false,משחת שיניים לחניכיים רגישות ולנשימה רעננה,קולגייט פלמוליב,PL,מרידול משחת שיניים נ,גרמים,75.00,100 גרם,false,,25.90,0.3453,true,1,2129474
8718951431614,false,"סבון רחצה סו פירם מינרלים 750 מ""ל פלמוליב",קולגייט פלמוליב,TR,סבון נוזלי פלמוליב ס,מיליליטרים,750.00,"100 מ""ל",false,,19.90,0.0265,true,1,2087212
8718951443358,false,"סבון ידיים פלמוליב מארז שלישייה 900 מ""ל",CP - Turkey+60,TR,סבון ידיים פלמוליב ה,מיליליטרים,900.00,"100 מ""ל",false,,24.90,0.0277,true,1,2082765
8718951443372,false,פלמוליב סבון ידיים ז,,,סבון ידיים פלמוליב ז,מיליליטרים,900.00,"100 מ""ל",false,,24.90,0.0277,true,1,2150059
8718951443396,false,"סבון ידיים חלב ודבש פלמוליב מארז 3*300 מ""ל",CP - Turkey+60,TR,סבון ידיים פלמוליב ח,מיליליטרים,900.00,"100 מ""ל",false,,24.90,0.0277,true,1,2082772
8718951461413,false,"קולגייט טוטאל קלין מינט ביטיוב 100 מ""ל*2 כשל""פ",קולגייט פלמוליב,PL,קולגייט טוטל קלין מי,מיליליטרים,200.00,"100 מ""ל",false,,24.90,0.1245,true,1,2114303
8718951461444,false,"זוג משחת שיניים טוטאל הלבנה ביטיו *100 מ""ל קולגייט",קולגייט פלמוליב,PL,קולגייט טוטל הלבנה 1,מיליליטרים,200.00,"100 מ""ל",false,,32.90,0.1645,true,1,2114285
8718951466371,false,"משחת שיניים מרידול 75 מ""ל",CP-Poland swidnica,PL,מרידול משחת שיניים 7,גרמים,75.00,100 גרם,false,,19.90,0.2653,true,1,2135743
8718951470538,false,קולגייט משחת שיניים מקס פרש ביטיוב 125*2 כשלפ,קולגייט פלמוליב,PL,מארז זוג קולגייט מקס,מיליליטרים,250.00,"100 מ""ל",false,,24.90,0.0996,true,1,2114304
8718951497207,false,סבון גוף מועשר בלחות,,,סבון גוף מועשר בלחות,מיליליטרים,750.00,"100 מ""ל",false,,16.90,0.0225,true,1,2150514
8718951509627,false,"משחת שיניים אופטיק וויט לאוהבי קפה 75 מ""ל קולגייט",קולגייט פלמוליב,PL,משחת שינים קולגייט א,מיליליטרים,75.00,"100 מ""ל",false,,29.90,0.3987,true,1,2120435
8719128110387,false,סירופ סודה סטרים דיאט אשכולית אדומה 0.5ל,סודה סטרים,IL,סירופ דיאט אשכולית א,מיליליטרים,500.00,"100 מ""ל",false,,19.90,0.0398,true,1,1669134
8719128117256,false,"סירופ סבן אפ 440 מ""ל סודהסטרים",סודה סטרים,IL,סירופ 7up,מיליליטרים,440.00,"100 מ""ל",false,,18.90,0.0430,true,1,2067758
8719200998001,false,מרגרינה לאפיה ובישול בלי מלח 200 ג' בלו בנד,מיוצר עי קונדיטוריית,IL,בלובנד בלי מלח 200 ג,גרמים,200.00,100 גרם,false,,4.30,0.0215,true,1,1990062
8719200998018,false,מחמאה מרגרינה בטעם חמאה 200 ג' בלו בנד,פארייפאבה אגרואינדוס,IL,מחמאה בלובנד 200 גרם,גרמים,200.00,100 גרם,false,,4.60,0.0230,true,1,1990063
8719200998094,false,מרגרינה מזולה בטעם טבעי ללא תוספת מלח,"מיוצר ע""י יוניליוור",IL,מזולה לאפיה ללא מלח,גרמים,200.00,100 גרם,false,,6.90,0.0345,true,1,1990068
8719200998100,false,מרגרינה בטעם חמאה לאפייה 200 ג' מזולה,פארייפאבה אגרואינדוס,IL,מזולה לאפיה בטעם חמא,גרמים,200.00,100 גרם,false,,6.90,0.0345,true,1,1990069
8720181046605,false,דאב - דאודורנט ספריי לאישה אורגינל כחול 150מל,יונילוור ארגנטינה -,GB,דאב דאו ספריי א.פ או,מיליליטרים,150.00,"100 מ""ל",false,,17.90,0.1193,true,1,2043451
8720181090219,false,תחליב רחצה רימונים ותמצית פרח היביסקוס,יוניליוור,DE,תחליב רחצה דאב 750 מ,מיליליטרים,750.00,"100 מ""ל",false,,19.90,0.0265,true,1,2066208
8720181201332,false,דאב אל סבון מוצק גרגרים 90 גרם רביעייה,יוניליוור,DE,סבון מוצק דאב 4 יח',גרמים,360.00,100 גרם,false,,16.90,0.0469,true,1,2128431
8720182253156,false,דאב אל סבון מוצק מלפפונים 90 גרם רביעייה,יוניליוור,DE,סבון מוצק דאב מלפפונ,גרמים,360.00,100 גרם,false,,16.90,0.0469,true,1,2128432
8720182253194,false,סבון מוצק דאב מלפפונים ותה ירוק שישיית,יוניליוור,DE,שישייה סבון מוצק דאב,גרמים,540.00,100 גרם,false,,22.50,0.0417,true,1,2132739
8720182256850,false,דאב אל סבון מוצק קלאסי 90 גרם רביעייה,יוניליוור,DE,סבון דאב לבן 4 יח',גרמים,360.00,100 גרם,false,,16.90,0.0469,true,1,2128433
8723400756552,false,מארז סוכריות מנטוס Mentos ריינבואו,פרפטי ואן מלה ברדה,NL,מנטוס 1/4 טעמים,גרמים,150.00,100 גרם,false,,10.90,0.0727,true,1,1174271
8723400782544,false,מנטוס סוכריות לעיסה בתפזורת בטעם מנטה 160 ג',פרפטי ואן מלה,NL,סוכריות מנטוס לעיסה,גרמים,160.00,100 גרם,false,,7.90,0.0494,true,1,1605386
8801055706440,false,מנות אישיות קפה נמס טייסטרס צ'ויס Taster's Choice,נסטלה קוריאה - קפה,KR,המוצר שייך ל - ONP,גרמים,36.00,100 גרם,false,,12.90,0.3583,true,1,1156896
8801055707966,false,קפה טייסטר צו'יס נס קפה בריסטה 180ג',נסטלה קוריאה - קפה,KR,טסטרס צ'ויס בריסטה,גרמים,180.00,100 גרם,false,,29.90,0.1661,true,1,1302063
8801055709427,false,נסקפה טייסטרס צויס אלטה ריקה 100 גר,נסטלה קוריאה - קפה,KR,טסטרס צ'ויס אלטה ריק,גרמים,100.00,100 גרם,false,,16.90,0.1690,true,1,2087218
8801055709434,false,קפה נמס טייסטר צ'ויס קולומביה 100 גר',נסטלה קוריאה - קפה,KR,טסטרס צ'ויס קולומביה,גרמים,100.00,100 גרם,false,,16.90,0.1690,true,1,2087219
8801055709458,false,אבקה להכנת משקה קפה בטעם קפוצ'ינו קרמל,נסטלה קוריאה - קפה,IL,נסקפה קפוצ'ינו קרמל,גרמים,170.00,100 גרם,false,,21.90,0.1288,true,1,2112768
8801055709472,false,נסטלה - נסקפה קפוצ'ינו קלאסי 12.50 גרם * 10,נסטלה קוריאה - קפה,DE,נסקפה קפוצ'ינו קלאסי,גרמים,125.00,100 גרם,false,,21.90,0.1752,true,1,2112770
8801055709489,false,אבקה להכנת משקה קפה בטעם קפוצ'ינו אגוזים,נסטלה קוריאה - קפה,IL,נסקפה קפוצ'ינו אגוזי,גרמים,180.00,100 גרם,false,,21.90,0.1217,true,1,2112771
8801055709526,false,אבקה להכנת משקה קפה בטעם קפוצ'ינו שוקולד לבן,נסטלה קוריאה - קפה,IL,נסקפה קפוצ'ינו שוקול,גרמים,180.00,100 גרם,false,,21.90,0.1217,true,1,2117775
8802241131664,false,חטיף אצות קלויות עם מלח ים Laverland Crunch,טעמי אסיה Taste of Asia,KR,חטיף אצות ים,גרמים,40.50,100 גרם,false,,24.90,0.6148,true,1,1464033
8850372000472,false,מקלוני שעועית תאילנד,טעמי אסיה Taste of Asia,TH,מקלוני שעועית תאילנדי 20,גרמים,200.00,100 גרם,false,,8.90,0.0445,true,1,1190205
8850389103111,false,"משקה קל סאפה בטעם ענבים 300 מ""ל",פארייפאבה אגרואינדוס,TH,סאפה משקה ענבים 300,מיליליטרים,300.00,"100 מ""ל",false,,6.50,0.0217,true,1,1156938
8850389103128,false,"משקה קל סאפה בטעם תפוח 300 מ""ל",פארייפאבה אגרואינדוס,TH,סאפה משקה תפוח 300 מ,מיליליטרים,300.00,"100 מ""ל",false,,6.50,0.0217,true,1,1156939
8850389103159,false,"משקה ליצ'י עם חתיכות גלי קוקוס 320 מ""ל מוגו מוגו",סאפה פובליק קומפני ל,TH,מוגו מוגו ליצ'י עם ח,גרמים,320.00,100 גרם,false,,6.90,0.0216,true,1,2123574
8850389104637,false,"משקה קל סאפה אלוורה אפרסק 300 מ""ל",פארייפאבה אגרואינדוס,TH,סאפה משקה אפרסק 300,מיליליטרים,300.00,"100 מ""ל",false,,6.50,0.0217,true,1,1156940
8850389105825,false,סאפה אלוורה ענבים 1 ליטר,סאפה פובליק קומפני ל,TH,סאפה משקה אלוורה ענב,ליטרים,1.00,ליטר,false,,12.90,12.9000,true,1,1156941
8850389105832,false,סאפה אלוורה תפוחים 1 ליטר,פארייפאבה אגרואינדוס,TH,סאפה משקה אלוורה תפו,ליטרים,1.00,ליטר,false,,12.90,12.9000,true,1,1156942
8850389105849,false,סאפה אלוורה אפרסק 1 ליטר,סאפה פובליק קומפני ל,TH,סאפה משקה אלוורה אפר,ליטרים,1.00,ליטר,false,,12.90,12.9000,true,1,1156943
8850389111352,false,"משקה מלון עם חתיכות גלי קוקוס 320 מ""ל מוגו מוגו",סאפה פובליק קומפני ל,TH,מוגו מוגו מלון עם חת,מיליליטרים,320.00,"100 מ""ל",false,,6.90,0.0216,true,1,2123575
8850389115312,false,"משקה קל סאפה בטעם מלון 300 מ""ל",סאפה פובליק קומפני ל,TH,משקה סאפה מלון 300 מ,מיליליטרים,300.00,"100 מ""ל",false,,6.50,0.0217,true,1,1682469
8850389115336,false,סאפה מלון בקבוק תריסר 1ל',סאפה פובליק קומפני ל,TH,סאפה משקה מלון ליטר,ליטרים,1.00,ליטר,false,,12.90,12.9000,true,1,1682464
8850632604266,false,יוגטה מקלות חמוצות בטעם קולה 50 גרם 24 יח',ג'נרל קנדי בעמ,TH,ממתק חמוץ מקלות בטעם,גרמים,50.00,100 גרם,false,,4.90,0.0980,true,1,1174276
8850632604372,false,יוגטה מקלות חמוצות שטיח - תות שדה 50 גרם,ג'נרל קנדי בעמ,TH,ממתק חמוץ שטיח בטעם,גרמים,50.00,100 גרם,false,,4.90,0.0980,true,1,1174277
8850632605201,false,חיספוסים ממתק בטעמי פירות בצורת שטיח,הדקלאים אגודת שיתופי,TH,ממתק חמוץ מקלות בטעם,גרמים,50.00,100 גרם,false,,4.90,0.0980,true,1,1174279
8852633119077,false,רוטב דגים ירוק טעמי,,,רוטב דגים,מיליליטרים,700.00,"100 מ""ל",false,,10.90,0.0156,true,1,1320640
8853662056098,false,רוטב סריראצ'ה צילי ח,EXOTIC FOOD PCL,,רוטב סריראצ'ה צילי ח,מיליליטרים,455.00,"100 מ""ל",false,,24.90,0.0547,true,1,2126246
8853662056661,false,"רוטב סריראצ''ה מיו 455 מ""ל",EXOTIC FOOD PCL,,רוטב סריראצ'ה מיו,מיליליטרים,455.00,"100 מ""ל",false,,24.90,0.0547,true,1,1828684
8853662060026,false,רוטב סריראצה חריף455,EXOTIC FOOD PCL,,רוטב סריראצ'ה חריף,מיליליטרים,455.00,"100 מ""ל",false,,24.90,0.0547,true,1,2126247
8855912000295,false,"אורז יסמין 5 ק""ג שקי",,,"אורז יסמין 5 ק""ג שקי",קילוגרמים,5.00,"ק""ג",false,,39.90,7.9800,true,1,2153329
8858744800019,false,ממרח קארי ירוק 50 גר,קנוקוואן פוד פרודקטס,TH,ממרח קארי ירוק 50 גר' כשר,גרמים,50.00,100 גרם,false,,5.90,0.1180,true,1,1208167
8858744800057,false,ממרח טום יאם 30 גר,קנוקוואן פוד פרודקטס,,ממרח טום ים,גרמים,30.00,100 גרם,false,,5.90,0.1967,true,1,1208169
8858744800064,false,ממרח קארי אדום 50 גר,קנוקוואן פוד פרודקטס,TH,מחית קארי אדום 50 גר' כשר,גרמים,50.00,100 גרם,false,,5.90,0.1180,true,1,1208170
8888021200256,false,סוללות אנרג'יזר MAX AA שמינייה,יצרן: אנרג'ייזר סינג,SG,סוללות ENERGIZER 1X8 AA M,יח',8.00,יח',false,,22.90,2.8625,true,1,1200041
8888021200720,false,סוללות אנרג'יזר MAX AAA שמינייה,יצרן: אנרג'ייזר סינג,SG,סוללות ENERGIZER 1X8 *AAA,יח',8.00,יח',false,,22.90,2.8625,true,1,1200042
8888351200124,false,טופו במרקם קשה,,,טופו במרקם קשה,גרמים,1200.00,100 גרם,false,,25.90,0.0216,true,1,1320667
8901138511784,false,"הימלאיה - תרחיץ פנים ללא סבון 150 מ""ל",ניאולייף,IN,תרחיץ פנים ללא סבון,מיליליטרים,150.00,"100 מ""ל",false,,17.90,0.1193,true,1,1672682
8901537024014,false,"אורז בסמטי מובחר 1 ק""ג - דוואט) יורה דיעה",הנסיך- מפעל לייצור ט,IN,אורז בסמטי מובחר 1 DAAWAT,קילוגרמים,1.00,"ק""ג",false,,12.90,12.9000,true,1,1159459
8901537076679,false,"אורז בסמטי חום מלא 1 ק""ג דאוואט",האי נאם סי או אל.טי.,IN,אורז בסמטי חום מלא 1,קילוגרמים,1.00,"ק""ג",false,,12.90,12.9000,true,1,1664217
8938505846019,false,"דפי אורז עגול גדול 22 ס""מ 250 גר'",סו שף Su Chef,,דפי אורז עגולים,גרמים,250.00,100 גרם,false,,9.90,0.0396,true,1,2017798
8997206332016,false,סוכר קוקוס אורגני 454 גרם אינדונזיה,,,סוכר קוקוס אורגני 45,גרמים,454.00,100 גרם,false,,21.90,0.0482,true,1,1701849
9000100591058,false,"סאיוס - ג'ל לשיער לייצוב מקסימלי 250 מ""ל",הנקל סוד,DE,סאיוס ג'ל לשיער לייצוב מק,מיליליטרים,250.00,"100 מ""ל",false,,14.90,0.0596,true,1,1170906
9000100760591,false,"פה - דאודורנט רול און לגבר אינוויזיבל פאוואר 50 מ""ל",שוורצקופף והנקל,TR,דאודורנט פה רול-און,מיליליטרים,50.00,"100 מ""ל",false,,15.90,0.3180,true,1,1633909
9000100806657,false,"פה - דאודורנט רול און לאישה בלתי נראה 50 מ""ל",שוורצקופף והנקל,DE,פה דאודורנט רולאון אינווי,מיליליטרים,50.00,"100 מ""ל",false,,15.90,0.3180,true,1,1170912
9000100843256,false,"גליס תמציות שמן 6 פעולות משקמות 75 מ""ל",שוורצקוף Schwarzkopf,DE,גליס שמן לשיער קופסא זהב,מיליליטרים,150.00,"100 מ""ל",false,,24.90,0.1660,true,1,1170915
9000101329742,false,סבון אסלה בניחוח מתחלף אפרסק תפוח 50 ג' ברף,הנקל סוד,RS,ברף בניחוח מתחלף תפו,יחידה,0.00,יחידה,false,,9.90,0.0000,true,1,2121018
9000101375268,false,ברף דלקס שלישייה ניחוח יסמין,הנקל,RS,ברף סבון אסלה בניחוח,גרמים,150.00,100 גרם,false,,19.90,0.1327,true,1,2148740
9000101375299,false,ברף דלקס שלישייה ניחוח מגנוליה,הנקל,RS,ברף סבון אסלה בניחוח,גרמים,150.00,100 גרם,false,,19.90,0.1327,true,1,2148734
9000101380255,false,פרסיל דיסקס דיפ קלין מנטרל ריחות 22 קפסו,פרסיל Persil,HU,פרסיל דיסקס לכביסה ע,יח',22.00,יח',false,,34.90,1.5864,true,1,2088019
9000101418163,false,שלישיית סבון אסלה בניחוח מתחלף תפוח ירוק ברף,ברף Bref,RS,ברף בניחוח מתחלף תפו,גרמים,150.00,100 גרם,false,,19.90,0.1327,true,1,2121575
9000101509069,false,ברף - סבון אסלה ג'ל גשם אביב שלשות,הנקל,RS,ברף סבון אסלה בניחוח,גרמים,126.00,100 גרם,false,,19.90,0.1579,true,1,2148741
9000101509151,false,ברף - סבון אסלה ג'ל אוקיינוס הקרח הצפוני שלשות,הנקל,RS,ברף סבון אסלה בניחוח,גרמים,126.00,100 גרם,false,,19.90,0.1579,true,1,2148742
9000101512526,false,פרסיל - פאוור קאפס קפסולות ג'ל מרוכזות לכביסה 26 יח',פרסיל Persil,RS,פרסיל קפסולות ג'ל 2,יח',26.00,יח',false,,27.50,1.0577,true,1,2093980
9000101520965,false,"סבון אסלה בניחוח מתחלף לוטוס עדין במבוק, 3 יחידות",ברף Bref,RS,ברף בניחוח מתחלף לוט,גרמים,150.00,100 גרם,false,,19.90,0.1327,true,1,2132165
9000101521436,false,סבון אסלה בניחוח מתחלף לוטוס במבוק 50 ג' ברף,הנקל סוד,RS,ברף בניחוח מתחלף תפו,יחידה,0.00,יחידה,false,,9.90,0.0000,true,1,2121019
9000101537581,false,פרסיל קאפסולות לכביסה צבעונית 52 יחידו,הנקל סוד,IL,פרסיל קאפסולות ג'ל 5,יח',52.00,יח',false,,59.90,1.1519,true,1,2132159
9000101548419,false,קולור קאצ`ר דפים למכונת לכביסה מחדש צבע לבן 18 יח',הנקל סוד,IE,דפים למכונה כביסה קו,יח',18.00,יח',false,,14.90,0.8278,true,1,2149758
9002975393812,false,סוכריות גילי הריבו האפי צירי 70 גרם,,AT,סוכריות הריבו האפי צ,גרמים,70.00,100 גרם,false,,6.90,0.0986,true,1,2044307
9002975393829,false,סוכריות גילי הריבו פיציס 70 גרם,,AT,סוכריות הריבו פיצ'ס,גרמים,70.00,100 גרם,false,,6.90,0.0986,true,1,2044308
9002975393836,false,סוכריות גילי הריבו האפי קולה 70 גרם,"האריבו , ג'י.אם.בי.א",AT,סוכריות הריבו האפי ק,גרמים,70.00,100 גרם,false,,6.90,0.0986,true,1,2044309
9002975393843,false,סוכריות גילי הריבו גולדברס 70 גרם,"האריבו , ג'י.אם.בי.א",AT,סוכריות הריבו גולדבר,גרמים,70.00,100 גרם,false,,6.90,0.0986,true,1,2044310
9002975393850,false,סוכריות גילי הריבו וורמס 70 גרם,"האריבו , ג'י.אם.בי.א",AT,סוכריות הריבו וורמס,גרמים,70.00,100 גרם,false,,6.90,0.0986,true,1,2044311
9005835312718,false,"קלרו פירמידה מלח למדיח כלים 1 ק""ג CLARO",יעקובי,AT,מלח למדיח קלרו,קילוגרמים,1.00,"ק""ג",false,,14.90,14.9000,true,1,2031768
9005835312756,false,"קלרו ניקוי יסודי למדיח כלים 250 מ""ל CLARO",יעקובי,AT,מנקה מדיח קלרו,מיליליטרים,250.00,"100 מ""ל",false,,14.90,0.0596,true,1,2031770
9008700111546,false,נקטר דובדבן 1 ליטר ראוך,ראוך Rauch,,נקטר דובדבן חמוץ,ליטרים,1.00,ליטר,false,,11.90,11.9000,true,1,1186759
9044400231009,false,סוכריות פז מילוי שמי,PEZ,HU,סוכריות פז מילוי בטעם פיר,גרמים,82.00,100 גרם,false,,9.90,0.1207,true,1,1196740
9044400822320,false,מארז פז בובה + 10 סוכריות 85 גר,פז פרודוקשיין,GB,שקית סוכריות פז במגו,גרמים,85.00,100 גרם,false,,13.90,0.1635,true,1,1196744
9044400841000,false,בובת פז Pez + שלוש יחידות סוכריות למילוי,פז Pez,HU,פז דיספנסר,גרמים,25.50,100 גרם,false,,12.90,0.5059,true,1,1196745
9044400849105,false,סוכריות פז בשקית 10+1 85 גר,פז פרודוקשיין,GB,שקית סוכריות פז במגו,גרמים,85.00,100 גרם,false,,13.90,0.1635,true,1,2143230
9120025834723,false,חטיף אוראו מצונן 120 גרם רבנות,בובארד איטליה אס.פי.,IT,חטיף אוראו מצונן 120,גרמים,120.00,100 גרם,false,,13.90,0.1158,true,1,2134918
9120025839896,false,חטיף מילקה מצונן 128 גרם,בובארד איטליה אס.פי.,IT,חטיף מילקה מצונן 128,גרמים,128.00,100 גרם,false,,13.90,0.1086,true,1,2136062
9120097310583,false,חטיף שוקו בננה מיניונים מצונן 108 גרם רבנות,בובארד איטליה אס.פי.,IT,חטיף שוקו בננה מיניו,גרמים,108.00,100 גרם,false,,13.90,0.1287,true,1,2134920
9300601301317,false,מברשת כלים פלסטיק,,,מברשת כלים פלסטיק,יחידה,0.00,יחידה,false,,6.90,0.0000,true,1,2085869
9310072028743,false,טים טם Tim Tam וופל שוקולד קלאסי,"ארנוטס ביסקוויטס בע""",AU,וופל טים טם שוקולד 2,גרמים,200.00,100 גרם,false,,19.90,0.0995,true,1,1297265
9310072028750,false,טים טם Tim Tam וופל שוקולד ציפוי כפול,"ארנוטס ביסקוויטס בע""",AU,וופל טים טם שוקולד 2,גרמים,200.00,100 גרם,false,,19.90,0.0995,true,1,1293579
9322969000015,false,פריכיות תירס בטעם אורגינל ריל פודס 150 ג',אף.סי תבליני בגליל ב,AU,פריכיות תירס - 150ג' בטעם,גרמים,150.00,100 גרם,false,,10.90,0.0727,true,1,1200045
9322969000039,false,פריכיות תירס 150 גרם עם 5 סוגי דגנים,,,פריכיות תירס,גרמים,150.00,100 גרם,false,,10.90,0.0727,true,1,1781814
9322969000046,false,פריכיות תירס שומשום אורגני ריל פודס 150 ג',אף.סי תבליני בגליל ב,AU,פריכיות תירס אורגניות - 1,גרמים,125.00,100 גרם,false,,10.90,0.0872,true,1,1200047
9330344004473,false,סכין גילוח שיק היידרו סילק חד פעמי 2 יח,שסטוביץ,CN,סכיני גילוח שיק הייד,יחידה,0.00,יחידה,false,,24.90,0.0000,true,1,2003022
9720188050109,false,טופוטי ממרח טופו בטעם גבינה 227 ג`,טופוטי ברנדס אינק.ג',IL,טופוטי - ממרח טופו בטעם ג,גרמים,225.00,100 גרם,false,,19.90,0.0884,true,1,1176316
9720188060108,false,טופוטי ממרח על בסיס סויה בסגנון שמנת 340ג',טופוטי ברנדס אינק.ג',IL,טופוטי - ממרח טופו בטעם ש,גרמים,340.00,100 גרם,false,,19.90,0.0585,true,1,1176317
9720205590009,false,חולצה מכופסרת צבעוני,,,חולצה מכופסרת צבעוני,יחידה,0.00,יחידה,false,,39.90,0.0000,true,1,2087632
