code,internal_code,name,manufacturer_name,manufacture_country,manufacturer_item_description,unit_qty,quantity,unit_of_measure,weighted,qty_in_package,price,unit_of_measure_price,allow_discount,status,item_id
55,true,משלוחים לבית,,,משלוחים לבית,יחידה,0.00,יחידה,false,,29.90,0.0000,true,1,34394
103,true,לחמניה בריאות,,,לחמניה בריאות,יח',1.00,יח',false,,3.90,3.9000,true,1,2398
163,true,פטריות שמפיניון תפזו,,,פטריות שמפיניון תפזו,קילוגרמים,1.00,"ק""ג",true,,39.90,39.9000,true,1,50699
164,true,פטריות חורש תפזורת,,,פטריות חורש תפזורת,קילוגרמים,1.00,"ק""ג",true,,39.90,39.9000,true,1,50700
301,true,בקבוק ריק חוזר בירה,,,בקבוק ריק חוזר בירה,יחידה,0.00,יחידה,false,,1.20,0.0000,true,1,6859
374,true,פטריות שמפניון,,,פטריות שמפניון,יח',1.00,יח',false,,9.90,9.9000,true,1,50702
413,true,רול/קוקטייל בולגרית/,,,רול/קוקטייל בולגרית/,קילוגרמים,1.00,"ק""ג",true,,52.00,52.0000,true,1,2409
572,true,קופון מצטרף חדש למוע,,,קופון מצטרף חדש למוע,יחידה,0.00,יחידה,false,,0.01,0.0000,true,1,34412
996,true,חלה קלועה,,,חלה קלועה,יח',1.00,יח',false,,12.90,12.9000,true,1,2418
998,true,חלה מתוקה קלועה,,,חלה מתוקה קלועה,יח',1.00,יח',false,,12.90,12.9000,true,1,2420
1009,true,בגט שלם,,,בגט שלם,יח',1.00,יח',false,,5.50,5.5000,true,1,2424
1011,true,לחמנית קוראסול,,,לחמנית קוראסול,יח',1.00,יח',false,,4.50,4.5000,true,1,2425
1014,true,בגט רוסטיק,,,בגט רוסטיק,יח',1.00,יח',false,,8.90,8.9000,true,1,2426
1028,true,חצי בגט,,,חצי בגט,יח',1.00,יח',false,,3.90,3.9000,true,1,2429
1050,true,לחמניה חיטה מלאה (10,,,לחמניה חיטה מלאה (10,יח',1.00,יח',false,,3.90,3.9000,true,1,2430
1058,true,חלה רגילה/חלה ציפורי,,,חלה רגילה/חלה ציפורי,גרמים,500.00,100 גרם,false,,5.17,1.0340,true,1,4435
1059,true,חלה מתוקה 500 גרם,,,חלה מתוקה 500 גרם,גרמים,500.00,100 גרם,false,,12.90,2.5800,true,1,4436
1073,true,סופגניה גדולה בודדת,,,סופגניה גדולה בודדת,יחידה,0.00,יחידה,false,,3.90,0.0000,true,1,2433
1079,true,מיני סופגניה בודדת,,,מיני סופגניה בודדת,יחידה,0.00,יחידה,false,,3.30,0.0000,true,1,2436
1091,true,צנונית בייבי,,,צנונית בייבי,גרמים,400.00,100 גרם,false,,6.90,1.7250,true,1,35529
1095,true,בייבי בטטה,,,בייבי בטטה,יח',1.00,יח',false,,7.90,7.9000,true,1,50705
1105,true,פטיט פאן /מיני ביס,,,פטיט פאן /מיני ביס,יח',1.00,יח',false,,1.50,1.5000,true,1,2437
1215,true,לחמנית קשר/חתונה 75,,,לחמנית קשר/חתונה 75,גרמים,75.00,100 גרם,false,,2.50,3.3333,true,1,4441
1216,true,לחמנית אצבע/מיוחדת,,,לחמנית אצבע/מיוחדת,יחידה,0.00,יחידה,false,,2.50,0.0000,true,1,4442
1477,true,עגבניות מגי,,,עגבניות מגי,גרמים,450.00,100 גרם,false,,14.90,3.3111,true,1,70548
1488,true,אשכולית אדומה,,,אשכולית אדומה,קילוגרמים,1.00,"ק""ג",true,,6.90,6.9000,true,1,50718
1494,true,תפו`א לבן תפזורת,,,תפו`א לבן תפזורת,קילוגרמים,1.00,"ק""ג",true,,4.90,4.9000,true,1,50723
1500,true,פלפל כתום,,,פלפל כתום,קילוגרמים,1.00,"ק""ג",true,,9.90,9.9000,true,1,50727
1501,true,עגבניות,,,עגבניות,קילוגרמים,1.00,"ק""ג",true,,7.90,7.9000,true,1,50728
1502,true,מלפפונים,,,מלפפונים,קילוגרמים,1.00,"ק""ג",true,,6.90,6.9000,true,1,50729
1503,true,גזר ארוז,,,גזר ארוז,קילוגרמים,1.00,"ק""ג",true,,4.90,4.9000,true,1,50730
1504,true,סלק,,,סלק,קילוגרמים,1.00,"ק""ג",true,,4.90,4.9000,true,1,50731
1505,true,כרוב לבן,,,כרוב לבן,קילוגרמים,1.00,"ק""ג",true,,4.90,4.9000,true,1,50732
1506,true,כרוב אדום,,,כרוב אדום,קילוגרמים,1.00,"ק""ג",true,,6.90,6.9000,true,1,50733
1507,true,כרובית,,,כרובית,קילוגרמים,1.00,"ק""ג",true,,9.90,9.9000,true,1,50734
1510,true,קישואים,,,קישואים,קילוגרמים,1.00,"ק""ג",true,,8.90,8.9000,true,1,50735
1511,true,חצילים,,,חצילים,קילוגרמים,1.00,"ק""ג",true,,7.90,7.9000,true,1,50736
1513,true,פלפל ירוק,,,פלפל ירוק,קילוגרמים,1.00,"ק""ג",true,,9.90,9.9000,true,1,50737
1514,true,פלפל בהיר,,,פלפל בהיר,קילוגרמים,1.00,"ק""ג",true,,9.90,9.9000,true,1,50738
1515,true,פלפל חריף,,,פלפל חריף,קילוגרמים,1.00,"ק""ג",true,,9.90,9.9000,true,1,50739
1516,true,פלפל אדום,,,פלפל אדום,קילוגרמים,1.00,"ק""ג",true,,9.90,9.9000,true,1,50740
1517,true,פלפל רומרו,,,פלפל רומרו,קילוגרמים,1.00,"ק""ג",true,,14.90,14.9000,true,1,50741
1518,true,מלון,,,מלון,קילוגרמים,1.00,"ק""ג",true,,6.90,6.9000,true,1,50742
1519,true,בצל יבש,,,בצל יבש,קילוגרמים,1.00,"ק""ג",true,,4.90,4.9000,true,1,50743
1521,true,קולורבי,,,קולורבי,קילוגרמים,1.00,"ק""ג",true,,7.90,7.9000,true,1,50744
1522,true,חסה ערבית,,,חסה ערבית,יח',1.00,יח',false,,4.90,4.9000,true,1,50745
1527,true,פטרוזיליה גומי,,,פטרוזיליה גומי,יח',1.00,יח',false,,3.50,3.5000,true,1,35530
1528,true,כוסברה גומי,,,כוסברה גומי,יח',1.00,יח',false,,3.50,3.5000,true,1,35531
1529,true,שמיר גומי,,,שמיר גומי,יח',1.00,יח',false,,3.50,3.5000,true,1,35532
1530,true,נענע גומי,,,נענע גומי,יח',1.00,יח',false,,3.50,3.5000,true,1,35533
1535,true,תפו`א אדום ארוז,,,תפו`א אדום ארוז,קילוגרמים,1.00,"ק""ג",true,,4.90,4.9000,true,1,50751
1541,true,ארטישוק,,,ארטישוק,קילוגרמים,1.00,"ק""ג",true,,22.90,22.9000,true,1,50755
1543,true,אבטיח,,,אבטיח,קילוגרמים,1.00,"ק""ג",true,,6.90,6.9000,true,1,50757
1545,true,שום ארוז ייבוא יח',,,שום ארוז ייבוא יח',יח',1.00,יח',false,,5.90,5.9000,true,1,50759
1546,true,אבטיח אישי,,,אבטיח אישי,קילוגרמים,1.00,"ק""ג",true,,6.90,6.9000,true,1,50760
1547,true,שומר,,,שומר,קילוגרמים,1.00,"ק""ג",true,,5.90,5.9000,true,1,50761
1550,true,תפו`א לבן ארוז,,,תפו`א לבן ארוז,קילוגרמים,1.00,"ק""ג",true,,4.90,4.9000,true,1,50762
1551,true,לימון,,,לימון,קילוגרמים,1.00,"ק""ג",true,,7.90,7.9000,true,1,50763
1552,true,תפוז,,,תפוז,קילוגרמים,1.00,"ק""ג",true,,5.90,5.9000,true,1,50764
1553,true,ענב לבן,,,ענב לבן,קילוגרמים,1.00,"ק""ג",true,,29.90,29.9000,true,1,50765
1555,true,תפוז ארוז,,,תפוז ארוז,קילוגרמים,1.00,"ק""ג",true,,4.90,4.9000,true,1,50767
1556,true,בננה מובחרת,,,בננה מובחרת,קילוגרמים,1.00,"ק""ג",true,,7.90,7.9000,true,1,50768
1557,true,צנון,,,צנון,קילוגרמים,1.00,"ק""ג",true,,6.90,6.9000,true,1,50769
1560,true,דלעת ארוזה,,,דלעת ארוזה,קילוגרמים,1.00,"ק""ג",true,,9.90,9.9000,true,1,50772
1561,true,תפוח עץ זהוב,,,תפוח עץ זהוב,קילוגרמים,1.00,"ק""ג",true,,9.90,9.9000,true,1,50773
1562,true,תפוח עץ יונתן,,,תפוח עץ יונתן,קילוגרמים,1.00,"ק""ג",true,,9.90,9.9000,true,1,50774
1563,true,תפוח עץ חרמון,,,תפוח עץ חרמון,קילוגרמים,1.00,"ק""ג",true,,9.90,9.9000,true,1,50775
1564,true,תפוח עץ סמיט,,,תפוח עץ סמיט,קילוגרמים,1.00,"ק""ג",true,,9.90,9.9000,true,1,50776
1568,true,רימון,,,רימון,קילוגרמים,1.00,"ק""ג",true,,9.90,9.9000,true,1,50779
1570,true,קלמנטינה,,,קלמנטינה,קילוגרמים,1.00,"ק""ג",true,,6.90,6.9000,true,1,50780
1571,true,פלפל שושקה,,,פלפל שושקה,קילוגרמים,1.00,"ק""ג",true,,14.90,14.9000,true,1,50781
1572,true,אבוקדו מובחר,,,אבוקדו מובחר,קילוגרמים,1.00,"ק""ג",true,,9.90,9.9000,true,1,50782
1573,true,מנגו,,,מנגו,קילוגרמים,1.00,"ק""ג",true,,15.90,15.9000,true,1,50783
1574,true,בטטה מתוקה,,,בטטה מתוקה,קילוגרמים,1.00,"ק""ג",true,,9.90,9.9000,true,1,50784
1576,true,אגס,,,אגס,קילוגרמים,1.00,"ק""ג",true,,12.90,12.9000,true,1,50785
1581,true,פלפל צהוב,,,פלפל צהוב,קילוגרמים,1.00,"ק""ג",true,,9.90,9.9000,true,1,50787
1585,true,קובו,,,קובו,קילוגרמים,1.00,"ק""ג",true,,25.90,25.9000,true,1,50790
1588,true,תירס ארוז,,,תירס ארוז,קילוגרמים,1.00,"ק""ג",true,,9.90,9.9000,true,1,50791
1591,true,ענב אדום,,,ענב אדום,קילוגרמים,1.00,"ק""ג",true,,22.90,22.9000,true,1,50793
1595,true,חציל בלדי,,,חציל בלדי,קילוגרמים,1.00,"ק""ג",true,,9.90,9.9000,true,1,50796
1602,true,תפוח עץ חרמון ברשת,,,תפוח עץ חרמון ברשת,קילוגרמים,1.00,"ק""ג",true,,9.90,9.9000,true,1,380228
1603,true,אבוקדו ברשת,,,אבוקדו ברשת,קילוגרמים,1.00,"ק""ג",true,,9.90,9.9000,true,1,50798
1604,true,אפרסמון,,,אפרסמון,קילוגרמים,1.00,"ק""ג",true,,11.90,11.9000,true,1,50799
1608,true,זנגוויל\גינגיר תפזור,,,זנגוויל\גינגיר תפזור,קילוגרמים,1.00,"ק""ג",true,,23.90,23.9000,true,1,50803
1610,true,שרי אשכולות לקג,,,שרי אשכולות לקג,קילוגרמים,1.00,"ק""ג",true,,19.90,19.9000,true,1,50804
1611,true,תפוח עץ זהוב ברשת,,,תפוח עץ זהוב ברשת,קילוגרמים,1.00,"ק""ג",true,,9.90,9.9000,true,1,380229
1613,true,דלורית,,,דלורית,קילוגרמים,1.00,"ק""ג",true,,6.90,6.9000,true,1,50806
1615,true,בצל אדום,,,בצל אדום,קילוגרמים,1.00,"ק""ג",true,,6.90,6.9000,true,1,50808
1617,true,אננס,,,אננס,יח',1.00,יח',false,,37.90,37.9000,true,1,50809
1619,true,פומלית,,,פומלית,קילוגרמים,1.00,"ק""ג",true,,5.90,5.9000,true,1,50811
1620,true,קיווי,,,קיווי,קילוגרמים,1.00,"ק""ג",true,,16.90,16.9000,true,1,50812
1632,true,קישוא זוקיני ירוק,,,קישוא זוקיני ירוק,קילוגרמים,1.00,"ק""ג",true,,11.90,11.9000,true,1,50814
1639,true,דלעת אקזוטית,,,דלעת אקזוטית,קילוגרמים,1.00,"ק""ג",true,,11.90,11.9000,true,1,50819
1645,true,תפוח עץ גלה,,,תפוח עץ גלה,קילוגרמים,1.00,"ק""ג",true,,9.90,9.9000,true,1,50820
1683,true,תפוח עץ פינק קריפס,,,תפוח עץ פינק קריפס,קילוגרמים,1.00,"ק""ג",true,,14.90,14.9000,true,1,50832
1708,true,גזר תפזורת,,,גזר תפזורת,קילוגרמים,1.00,"ק""ג",true,,4.90,4.9000,true,1,50843
1713,true,לימון,,,לימון,קילוגרמים,1.00,"ק""ג",true,,8.90,8.9000,true,1,207477
1845,true,שעועית ירוקה יח`,,,שעועית ירוקה יח`,יח',1.00,יח',false,,17.90,17.9000,true,1,46533
2000,true,"בורקס גבינה/תפו""א",,,"בורקס גבינה/תפו""א",קילוגרמים,1.00,"ק""ג",true,,43.00,43.0000,true,1,33963
2012,true,*מבצע* אוזני פיל פרו,,,אוזני פיל פרווה,קילוגרמים,1.00,"ק""ג",true,,26.90,26.9000,true,1,2448
2026,true,קוקיס חלבי,,,קוקיס חלבי,קילוגרמים,1.00,"ק""ג",true,,49.00,49.0000,true,1,108656
2342,true,תפוח אדמה אפוי,,,תפוח אדמה אפוי,קילוגרמים,1.00,"ק""ג",true,,25.00,25.0000,true,1,34444
3080,true,עוגת סבתא שוקולד,,,עוגת סבתא שוקולד,יח',1.00,יח',false,,26.90,26.9000,true,1,2458
3511,true,חזה הודו טרי,,,חזה הודו טרי,קילוגרמים,1.00,"ק""ג",true,,34.90,34.9000,true,1,26496
4015,true,קוקוס ראש,,,קוקוס ראש,יח',1.00,יח',false,,5.90,5.9000,true,1,50893
5201,true,לחמניית דגנים,,,לחמניית דגנים,יח',1.00,יח',false,,4.50,4.5000,true,1,2465
5504,true,דונאטס בטעמים מצופה,,,דונאטס בטעמים מצופה,גרמים,45.00,100 גרם,false,,6.90,15.3333,true,1,2753
5506,true,דונאטס בטעמים ממולא,,,דונאטס בטעמים ממולא,גרמים,65.00,100 גרם,false,,7.90,12.1538,true,1,367698
6303,true,6 יח' יאמיס,,,6 יח' יאמיס,יח',1.00,יח',false,,15.90,15.9000,true,1,2470
6307,true,5יח לחמנית בריאות מא,,,5יח לחמנית בריאות מא,יח',1.00,יח',false,,11.90,11.9000,true,1,2474
6501,true,4 יח' לחמניות בריאות,,,4 יח' לחמניות בריאות,יח',1.00,יח',false,,15.90,15.9000,true,1,2475
8888,true,פיקדון זיכוי לקוח,,,פיקדון זיכוי לקוח,יחידה,0.00,יחידה,false,,0.30,0.0000,true,1,34542
9999,true,פיקדון בקבוקים,,,פיקדון בקבוקים,יחידה,0.00,יחידה,false,,0.30,0.0000,true,1,74
5678585,true,ענב סקרלוטה,,,ענב סקרלוטה,קילוגרמים,1.00,"ק""ג",true,,22.90,22.9000,true,1,50908
32147230,false,"מיץ לימון משומר 200מ""ל(לימונית אקסטרא)",ג'נרל מילס סאן אדריא,,מיץ לימון סיצילייה 2,מיליליטרים,200.00,"100 מ""ל",false,,6.90,3.4500,true,1,5438
40084107,false,ביצת שוקולד הפתעה קינדר,פרדי קונדטוריה אס פי,,ביצת הפתעה קינדר 20,גרמים,20.00,100 גרם,false,,7.30,36.5000,true,1,41420
50398911,false,"קרם חמצן 9% בקבוק 60 מ""ל",שוורצקופ,,אינדולה קרם חמצן 9%,מיליליטרים,60.00,"100 מ""ל",false,,5.20,8.6667,true,1,7898
72940754,false,"מילקי מעדן וניל עם קצפת שטראוס 133 מ""ל","שטראוס גרופ בע""\מ",,"מילקי וניל 170 מ""ל",מיליליטרים,170.00,"100 מ""ל",false,,2.90,1.7059,true,1,23195
72940761,false,"מילקי מעדן שוקולד עם קצפת שטראוס 133 מ""ל",מיוצר עי קונדיטוריית,,מילקי שוקולד מהדרין,מיליליטרים,170.00,"100 מ""ל",false,,2.90,1.7059,true,1,23196
72940952,false,מעדן מילקי בטעם שוקולד עם אקסטרה קצפת,"שטראוס גרופ בע""\מ",,מילקי אקסטראה קצפת מ,מיליליטרים,110.00,"100 מ""ל",false,,3.90,3.5455,true,1,23197
72940976,false,סלט כרוב אדום אחלה 250 גרם,מיוצר עי קונדיטוריית,,אחלה סלט כרוב אדום,גרמים,250.00,100 גרם,false,,9.50,3.8000,true,1,23198
72941041,false,מעדן מילקי מיני בטעם שוקולד עם קצפת,"שטראוס גרופ בע""\מ",,מיני מילקי שוקולד 70,מיליליטרים,70.00,"100 מ""ל",false,,2.50,3.5714,true,1,23200
72945308,false,קוביית שמרים טריים לאפיה שמרית 50 גרם,"פאקא תעשיות בע""\מ",,שמרית קוביות שמרים ל,גרמים,50.00,100 גרם,false,,4.00,8.0000,true,1,23201
72961544,false,"באדי יוגורט בטעם תות שדה 3% תנובה 125 מ""ל",מחלבת אלון תבור,,באדי תות 125מל,מיליליטרים,125.00,"100 מ""ל",false,,3.50,2.8000,true,1,25681
72986370,false,"גלידת בן & ג'ריס פיינטים וניל 500מ""ל",מוצרי איכות אמריקאיים,,גלידת פיינטים וניל צ,מיליליטרים,420.00,"100 מ""ל",false,,24.90,5.9286,true,1,14331
72986424,false,"גלידת בן & ג'ריס פיינטים קרם עוגיות 500מ""ל",מוצרי איכות אמריקאיים בע,,גלידת פיינטים קרם עו,מיליליטרים,420.00,"100 מ""ל",false,,24.90,5.9286,true,1,14332
72986455,false,"גלידה בן& ג'ריס ניו יורק סופר פאדג' צ'אנק 500 מ""ל",מוצרי איכות אמריקאיים בע,,גלידת פיינטים ניו-יו,מיליליטרים,420.00,"100 מ""ל",false,,24.90,5.9286,true,1,14334
72986479,false,"גלידה שוקולד אגוז עם בננות בן וג'ירי 500 מ""ל",מוצרי איכות אמריקאיים בע,,גלידת פיינטים צאנקי,מיליליטרים,420.00,"100 מ""ל",false,,24.90,5.9286,true,1,14335
72989425,false,"גלידת בן & ג'ריס פיינטים שוקולד בראוניז 500מ""ל",מוצרי איכות אמריקאיים בע,,גלידת פיינטים שוקולד,מיליליטרים,500.00,"100 מ""ל",false,,24.90,4.9800,true,1,14337
72991886,false,"גלידת דולצ'ה בטעם ריבת חלב עם פאדג' בן וג'ירי 500 מ""ל",מוצרי איכות אמריקאיים בע,,גלידת בן&גריס פיינט,מיליליטרים,750.00,"100 מ""ל",false,,24.90,3.3200,true,1,14338
72993637,false,מעדן חלב בטעם שוקולד 125 ג' דני,"שטראוס גרופ בע""\מ",,דני מהדרין שוקו בודד,מיליליטרים,125.00,"100 מ""ל",false,,2.90,2.3200,true,1,23204
80136194,false,חטיפי הפי היפו Happy Hippo במילוי קרם חלבי ואגוזי לוז,קינדר Kinder,,הפי היפו 5*20ג,גרמים,102.00,100 גרם,false,,13.90,13.6275,true,1,41430
80176800,false,נוטלה ממרח שוקולד 750 גרם,פררו תעשיות איטליה ס,,ממרח שוקולד נוטלה 75,גרמים,750.00,100 גרם,false,,27.90,3.7200,true,1,41432
80177173,false,ממרח שוקולד נוטלה 350 גרם,פררו - אלבה,,ממרח נוטלה קקאו עם א,גרמים,350.00,100 גרם,false,,14.90,4.2571,true,1,41433
80177609,false,אצבעות שוקולד קינדר Kinder ארבע יחידות,פררו - אלבה,,קינדר אצבעות שוק.חלב,גרמים,50.00,100 גרם,false,,5.50,11.0000,true,1,41435
80177616,false,אצבעות שוקולד קינדר Kinder שמונה יחידות,פררו - אלבה,,אצבעות שוקולד קינדר,גרמים,100.00,100 גרם,false,,8.40,8.4000,true,1,41436
80273592,false,פלפל ארבע עונות 30 גר ארומה דה טוסקנה,דרוגיה ואלימנטרי אס.אר.א,,פלפל ארבע עונות,יחידה,0.00,יחידה,false,,13.50,0.0000,true,1,41179
80761761,false,קינדר בואנו לבן בודד 39 גרם,ליימן שליסל,,קינדר בואנו לבן 39ג,גרמים,43.00,100 גרם,false,,3.90,9.0698,true,1,41438
80773429,false,מנטוס בקבוק מעוגל - מסטיק ללא סוכר בטעם תות 60 גרם,"פרפטי ואן מלה ג'\ידה,סאן",,מסטיק מנטוס בקבוק בט,גרמים,60.00,100 גרם,false,,10.90,18.1667,true,1,12542
80773443,false,מנטוס בקבוק מעוגל - מסטיק ללא סוכר בטעם מנטה 60 גרם,"פרפטי ואן מלה ג'\ידה,סאן",,מסטיק מנטוס בקבוק בט,גרמים,60.00,100 גרם,false,,10.90,18.1667,true,1,12543
80790990,false,מסטיק מנטוס בבקבוק מעוגל בטעם פירות -מנטה 60 ג',"פרפטי ואן מלה ג'\ידה,סאן",,מסטיק מנטוס בקבוק בט,גרמים,60.00,100 גרם,false,,10.90,18.1667,true,1,12547
80874652,false,קינדר קארדס 120 גרם - בודד,פררו,,קינדר קארדס חטיף בוד,גרמים,25.60,100 גרם,false,,3.90,15.2344,true,1,36246
80913467,false,מנטוס בקבוק מעוגל - מסטיק ללא סוכר בטעם מנטה,פרפטי ואן מלה הולנד,,מסטיק מנטוס בקבוק בט,גרמים,60.00,100 גרם,false,,10.90,18.1667,true,1,12568
80986348,false,סוכריות פיור וויט טעם מנטה 60 ג' מנטוס,"פרפטי ואן מלה ג'ידה,סאן",,מנטוס פיור וויט ללא,גרמים,60.00,100 גרם,false,,10.90,18.1667,true,1,228316
80995128,false,מנטוס בקבוק עגול בטעם הדרים בתוספת ויטמינים 60 גרם,פרפטי ואן מלה הולנד,,מסטיק מנטוס ויטמין ל,גרמים,60.00,100 גרם,false,,10.90,18.1667,true,1,370996
87108538,false,סוכריות בטעם תות מנטוס 37.5 גרם,הדקלאים אגודת שיתופי,,מנטוס תות בגליל 37.5,גרמים,37.50,100 גרם,false,,3.90,10.4000,true,1,12581
87108651,false,סוכריות בטעם מנטה מנטוס 4*37.5 גרם,הדקלאים אגודת שיתופי,,סוכריות מנטוס מנטה 1,גרמים,150.00,100 גרם,false,,11.30,7.5333,true,1,12582
87311396,false,מנטוס ריינבאוו סוכריות לעיסה בטעמי פירות,פרפטי ואן מלה ברדה,,מנטוס סוכריות גליל,גרמים,37.00,100 גרם,false,,3.90,10.5405,true,1,12587
90162602,false,רד בול משקה אנרגיה פקדון 30 אג,רד בול ג'י.אם.בי. אץ,,משקה אנרגיה RED BULL,מיליליטרים,250.00,"100 מ""ל",false,,6.90,2.7600,true,1,5217
198888886,false,עיגול אגורות,,,עיגול אגורות,יחידה,0.00,יחידה,false,,1.00,0.0000,true,1,47097
8112100298,false,"שמן שומשום טהור מזרח ומערב 185 מ""ל",Flavor full foods in,,שמן שומשום טהור לא מ,מיליליטרים,185.00,"100 מ""ל",false,,14.90,8.0541,true,1,47507
10900145015,false,L דיימונד שקיות אשפה חזקות במיוחד 10 יח,דיימונד,,שקיות אשפה חזקות במי,גרמים,325.00,100 גרם,false,,12.90,3.9692,true,1,267154
11210000094,false,"רוטב ""טבסקו"" על בסיס פלפל אדום 60 מ""ל",מקאילהייני אייבורי,,טבסקו,מיליליטרים,60.00,"100 מ""ל",false,,12.90,21.5000,true,1,37898
16000185517,false,דגני בוקר פייבר וואן עתירי סובין FIBRE1,בטר אנד דיפרנט,,פייבר1- דגני בוקר עת,גרמים,555.00,100 גרם,false,,24.90,4.4865,true,1,222194
16000423534,false,חטיפי גרנולה קראנצ'י עם שיבולת שועל ושוקולד מריר נייצ'ר ואלי 5*42 גרם,ג'נרל מילס סאן אדריאן,,חטיף קראנצי שיבולת ש,גרמים,210.00,100 גרם,false,,19.90,9.4762,true,1,12593
16000548503,false,חטיפי גרנולה קראנצ'י עם מייפל וסוכר חום נייצ'ר ואלי 5*42 גרם,ג'נרל מילס סאן אדריאן,,חטיף קראנצי גרנולה מ,גרמים,210.00,100 גרם,false,,19.90,9.4762,true,1,12599
16229924263,false,"ארוי-די קרם קוקוס 250 מ""ל",תאי אגרי פוד פובליק קו'\,,"קרם קוקוס 250 מ""ל.",מיליליטרים,250.00,"100 מ""ל",false,,10.90,4.3600,true,1,3345
18000701223,false,"פילסברי, עוגה בטעם שוקולד, תערובת להכנת עוגה בטעם שוקולד. 500 גרם",הדקלאים אגודת שיתופי,,תערובת לעוגת שוק.דוי,גרמים,500.00,100 גרם,false,,19.90,3.9800,true,1,12604
25675120006,false,חמצוצים 4 צבעים טעמים טבעי 100 גרם,פאסין ב.ו,,חמצוצים חמצוצים טבעי,גרמים,100.00,100 גרם,false,,9.90,9.9000,true,1,3754
25675120020,false,סאוור סטיקס Sour Sticks בטעם אוכמניות,פשקס קנדי,,חמצוצים מקלות פטל 10,גרמים,100.00,100 גרם,false,,9.90,9.9000,true,1,3755
25675120037,false,מקלות חמצוצים תות פשקז 100 גרם,פשקס קנדי,,חמצוצים מקלות תות 10,גרמים,100.00,100 גרם,false,,9.90,9.9000,true,1,3756
30000315989,false,קוואקר פרוטאין חמוציות ושקדים 372 גרם,קוואקר אוטס קומפני,,פרוטאין חמוציות ושקד,גרמים,372.00,100 גרם,false,,23.90,6.4247,true,1,24136
36000516876,false,ממחטות נייר קלינקס לושן 3 שכבות 75 דף,חוגלה קימברלי,,קלינקס לושן תלת שכבת,יחידה,0.00,יחידה,false,,12.90,0.0000,true,1,8783
37600207188,false,חמאת בוטנים קלאסי סקיפי 462 גרם,חברת המזון אלגוד,,סקיפי חמאת בוטנים קל,גרמים,462.00,100 גרם,false,,18.90,4.0909,true,1,5221
37600207256,false,חמאת בוטנים עם שברי בוטנים סקיפי 462 גרם,חברת המזון אלגוד,,סקיפי חמאת בוטנים עם,גרמים,462.00,100 גרם,false,,18.90,4.0909,true,1,5222
38000232152,false,פרינגלס חטיפי תפוח אדמה בטעם ברביקיו 158 גרם,פרינגלס מנופקצ'ורינג קומ,,פרינגלס ביג ברביקיו,גרמים,158.00,100 גרם,false,,8.90,5.6329,true,1,52932
38000232176,false,פרינגלס ביג שמנת בצל 158 גרם,פרינגלס מנופקצ'ורינג קונ,,פרינגלס ביג שמנת בצל,גרמים,158.00,100 גרם,false,,8.90,5.6329,true,1,52933
38000232183,false,פרינגלס ביג אורגינל 149 גרם,פרינגלס מנופקצ'ורינג קונ,,פרינגלס ביג אורגינל,גרמים,158.00,100 גרם,false,,8.90,5.6329,true,1,52919
38527591053,false,קואקר דגנים מרובעים שיבולת שועל וקינמון,קוואקר אוטס קומפני,,דגני בוקר מרובעים קי,גרמים,412.00,100 גרם,false,,20.90,5.0728,true,1,24138
38527591060,false,דגני קוואקר מרובעים Quaker Squares עם סוכר חום,קוואקר אוטס קומפני,,דגני בוקר מרובעים קו,גרמים,412.00,100 גרם,false,,20.90,5.0728,true,1,24139
46214731552,false,עוגיות שוקולד צ'יפס 37% גודיס 225 גרם,קריניציה ויטמינה אס,,מרבה עוגיות שוקולד צ,גרמים,225.00,100 גרם,false,,7.90,3.5111,true,1,21189
49022698499,false,מגן תחתון וולגרין 18,,,מגן תחתון וולגרין 18,יחידה,0.00,יחידה,false,,3.90,0.0000,true,1,51706
55369902564,false,אפלסנקס רביעיות רסק תפוחי עץ ללא תוספת סוכר עברית,ליייהי אורצ'רדס,,אפלסנקס רסק תפוחי עץ,גרמים,452.00,100 גרם,false,,14.90,3.2965,true,1,36848
70177173166,false,תה יסמין ירוק 25 שקיקים TWININGS,אר. טווינינגס אנד קומפני,,טווינינג גרין ג'סמין,גרמים,45.00,100 גרם,false,,20.90,46.4444,true,1,13666
76840001774,false,"גלידה עוגיות חלב עם חתיכות פאדג בן וג'ירי 500 מ""ל",מוצרי איכות אמריקאיים בע,,גלידת פיינטים שוק' צ,מיליליטרים,420.00,"100 מ""ל",false,,24.90,5.9286,true,1,74984
76840002542,false,"גלידת בן & ג'ריס פיינט נטפליקס וצ'ילד 500מ""ל",מוצרי איכות אמריקאיים בע,,גלידת פיינטים נטפליק,מיליליטרים,420.00,"100 מ""ל",false,,24.90,5.9286,true,1,74985
77245110610,false,סוכריות מאסט ללא סוכר בטעם מנטה 80 ג'עלית,MIESZKO S.A - MS. JO,,סוכריות מאסט ללא סוכ,גרמים,80.00,100 גרם,false,,8.90,11.1250,true,1,22144
77975094631,false,סניידרס סנדוויץ' בייגלה במילוי קרם בטעם צ'דר 226 גרם,סניידרס לאנס,,סניידרס בייגלה סנדוו,גרמים,266.00,100 גרם,false,,15.90,5.9774,true,1,136460
77975094778,false,שברי בייגלה סניידרס בטעם דבש חרדל 340 גר,סניידרס אוף האנובר,,סניידרס שברי בייגלה,גרמים,340.00,100 גרם,false,,15.90,4.6765,true,1,178758
85696608044,false,טופו ללא גלוטן 349ג' (כ) Morinaga,Morinaga nutritional,,טופו ללא גלוטן מזרח,גרמים,349.00,100 גרם,false,,12.90,3.6963,true,1,47511
611745285685,true,אבוקדו בשל יח,,,אבוקדו בשל יח,גרמים,470.00,100 גרם,false,,9.90,2.1064,true,1,50909
613008755461,false,בקבוק אריזונה אוכמניות 1 ליטר,"נטורלה גטרנק בע""\מn\",,אריזונה אוכמניות בקב,ליטרים,1.00,ליטר,false,,11.80,11.8000,true,1,99544
649660013281,false,"היל ויו מיצוי מיץ שזיפים מיובשים 946 מ""ל",היל ויו,,היל ויו מיצוי מיץ שז,מיליליטרים,946.00,"100 מ""ל",false,,21.90,2.3150,true,1,169503
693493065672,false,טחינה מלאה הר כנען 100% שומשום 500 גר,,,טחינה מלאה הר כנען -,גרמים,500.00,100 גרם,false,,15.90,3.1800,true,1,304999
693493186865,true,פיתה לבנה 5 יח' פיתא,,,פיתה לבנה 5 יח' פיתא,גרמים,500.00,100 גרם,false,,7.40,1.4800,true,1,378165
693493186889,true,פיתה כוסמין 6 יח' פי,,,פיתה כוסמין 6 יח' פי,גרמים,360.00,100 גרם,false,,9.40,2.6111,true,1,378180
693493186896,true,פיתה לבנה 10 יח' פית,,,פיתה לבנה 10 יח' פית,גרמים,1000.00,100 גרם,false,,14.40,1.4400,true,1,378181
693493186902,true,מיני לחם פרנה 8 יח',,,מיני לחם פרנה 8 יח',גרמים,480.00,100 גרם,false,,14.90,3.1042,true,1,378211
693493186926,true,לחם פרנה 4 יח' פיתא,,,לחם פרנה 4 יח' פיתא,גרמים,480.00,100 גרם,false,,13.90,2.8958,true,1,378212
728229130444,false,"חטיף על בסיס ירקות שורש עם בטטה, תפו""א כחול וסלק",היין סלסטיאל גרופ,,טרה צ'יפס חטיף מירקו,גרמים,110.00,100 גרם,false,,15.90,14.4545,true,1,5480
768404001640,false,"גלידה בן&ג'ריס קפה משפחתית 500מ""ל",מוצרי איכות אמריקאיים בע,,גלידה פיינטס קפה 473,מיליליטרים,473.00,"100 מ""ל",false,,24.90,5.2643,true,1,14372
769904000997,false,שקדי מרק ללא גלוטן200גרם,משובח תעשיות מזון,,דגש שקדי מרק ללא גלו,גרמים,200.00,100 גרם,false,,14.90,7.4500,true,1,106195
787269647763,false,קפה קר קפוצ'ינו 250,,,קפה קר קפוצ'ינו 250,מיליליטרים,250.00,"100 מ""ל",false,,6.90,2.7600,true,1,187593
835811001522,false,כפיות חד פעמיות לבן 100 יח' הנמל,,,כפיות 100 יח` לקפה ו,יחידה,0.00,יחידה,false,,10.90,0.0000,true,1,7432
835811003489,false,כפיות אלגנט שקוף 50 יח' הנמל,,,כפיות אלגנט שקוף 50,יחידה,0.00,יחידה,false,,10.90,0.0000,true,1,340738
835811003588,false,צלחות קלאסי גדול לבן 65 יח' הנמל,,,צלחות קלאסי לבן גדול,יחידה,0.00,יחידה,false,,35.90,0.0000,true,1,267678
835811005803,false,שקיות אשפה עם ידיות 25 יח' X90-מרכז,תעשיות והשקעה אל רסא,,הנמל שקיות אשפה עם י,יחידה,0.00,יחידה,false,,13.90,0.0000,true,1,7561
835811005957,false,מגש הכסף תבנית אלומ` 90 + מכסה 8 יח`,יבוא ושיווק: הנמל אר,,תבנית מלבנית עם מכסה,יחידה,0.00,יחידה,false,,13.90,0.0000,true,1,7566
835811007241,false,לקט שעועית 500 גרם (חמין),הנמל,,לקט שעועית 500 גרם (,גרמים,500.00,100 גרם,false,,9.90,1.9800,true,1,7637
835811007357,false,סלטינות אובלי 25 יח הנמל,הנמל,,סלטינות 25 יחידות,יחידה,0.00,יחידה,false,,8.90,0.0000,true,1,7639
835811008347,false,גפרור מיוחד ענק הנמל 1 יחידה,הנמל,,גפרור ענק,יחידה,0.00,יחידה,false,,7.90,0.0000,true,1,7654
835811008989,false,כוסות קרטון 50 יח' גודל 12 OZ,הנמל,,כוסות קרטון 12 אוז 5,יחידה,0.00,יחידה,false,,21.90,0.0000,true,1,7673
835811008996,false,"כוסות חד פעמי קרטון 295 מ""ל",הנמל,,כוסות קרטון 10 אוז,יחידה,0.00,יחידה,false,,17.90,0.0000,true,1,7674
859547004688,false,ספוג ניקוי סקראב דדי.,,,כריות קרצוף סקאור דד,גרמים,46.00,100 גרם,false,,18.90,41.0870,true,1,261975
877300000081,false,פלפל שחור טחון צנצנת,,,פלפל שחור טחון צנצנת,גרמים,100.00,100 גרם,false,,15.90,15.9000,true,1,34728
877300001071,false,שום גבישי דק 150 גרם,נפטון מוצרי מזון,,שום גבישי דק 150גר,גרמים,150.00,100 גרם,false,,10.90,7.2667,true,1,34740
877300001170,false,פפריקה מתוקה 150 גרם,נפטון Neptune,,פפריקה מתוקה 150 גרם,גרמים,150.00,100 גרם,false,,10.90,7.2667,true,1,34746
877300001200,false,עלי דפנה 20 גרם,נפטון Neptune,,עלי דפנה 20גר,גרמים,20.00,100 גרם,false,,10.90,54.5000,true,1,34747
877300001286,false,כמון טחון 150 גרם,נפטון Neptune,,כמון טחון 150גר,גרמים,150.00,100 גרם,false,,10.90,7.2667,true,1,34749
877300001552,false,תערובת תיבול טוסקנה,נפטון Neptune,,נפטון תבלין טוסקנה 1,גרמים,150.00,100 גרם,false,,10.90,7.2667,true,1,34759
877300001866,false,נפטון תערובת תיבול פ,,,נפטון תערובת תיבול פ,גרמים,150.00,100 גרם,false,,10.90,7.2667,true,1,34764
877300002108,false,טימין 40גר,,,טימין 40גר,גרמים,40.00,100 גרם,false,,10.90,27.2500,true,1,34771
877300003242,false,רוטב ברביקיו 360 גרם,נפטון מוצרי מזון (1990),,רוטב ברביקיו 360גר,גרמים,360.00,100 גרם,false,,13.90,3.8611,true,1,34786
877300004553,false,פפריקה מתוקה 80 גרם,נפטון Neptune,,פפריקה מתוקה 80 גרם,גרמים,80.00,100 גרם,false,,5.90,7.3750,true,1,34809
877300007714,false,כורכום טחון 400 גרם,,,כורכום טחון 400גר,גרמים,400.00,100 גרם,false,,17.90,4.4750,true,1,34816
877300007936,false,פפריקה מתוקה גס בשמן,,,פפריקה מתוקה גס בשמן,גרמים,400.00,100 גרם,false,,17.90,4.4750,true,1,34820
877300009367,false,ממרח פסטו קלאסי בזיל,,,ממרח פסטו בזיליקום נ,גרמים,180.00,100 גרם,false,,12.90,7.1667,true,1,34835
884912126115,false,גרייט גריינס דגני בוקר עם פירות יבשים פוסט 453 גרם,הנסיך- מפעל לייצור ט,,דגני בוקר גרייט גריי,גרמים,453.00,100 גרם,false,,26.90,5.9382,true,1,20461
884912359155,false,דגני בוקר האני באנצ'ס האני רוסטד פוסט 340 גרם,פוסט ארצות הברית,,דגני בוקר שיבולת שוע,גרמים,340.00,100 גרם,false,,23.90,7.0294,true,1,270237
884912359414,false,דגני בוקר האני באנצס קינמון 340 ג' POST,פוסט ארצות הברית,,דגני בוקר שיבולת שוע,גרמים,340.00,100 גרם,false,,23.90,7.0294,true,1,270251
884912359421,false,דגני בוקר האני באנצ'ס מייפל ופקאן פוסט 340 גרם,פוסט ארצות הברית,,דגני בוקר שיבולת שוע,גרמים,340.00,100 גרם,false,,23.90,7.0294,true,1,270267
884912365200,false,דגני בוקר אוראו שחור ולבן 311 גרם,פוסט ארצות הברית,,דגני בוקר עם פירורי,גרמים,311.00,100 גרם,false,,23.90,7.6849,true,1,342289
3010470155299,false,פריסקיז Friskies פטה בקר וירקות,ניו פטפוד איטליה,,פריסקיז פטה בקר וירק,גרמים,400.00,100 גרם,false,,10.90,2.7250,true,1,18376
<<<<<<< HEAD
3045206360609,false,"דזיטול נוזל מחטא בגדים בכביסה, 1 ליטר",רלוי,,דזיטול נוזל מחטא בגד,מיליליטרים,1.00,"100 מ""ל",false,,25.90,2590.0000,true,1,276959
=======
3045206360609,false,"דזיטול נוזל מחטא בגדים בכביסה, 1 ליטר","יעקב יעקבי ובניו בע""מ",,דזיטול נוזל מחטא בגד,מיליליטרים,1.00,"100 מ""ל",false,,25.90,2590.0000,true,1,276959
>>>>>>> d048ac2f4f281c9d788043ab4e81b61b0dbe3743
3046920010801,false,שוקולד מריר אקסלנס עם אגוזי לוז,לינדט ושפרונגלי קילשברג,,לינדט אקסלנס 100ג,גרמים,100.00,100 גרם,false,,17.90,17.9000,true,1,13692
3046920028004,false,לינדט שוקולד אקסלנס מריר 70% 100 גר,לינדט ושפרונגלי קילשברג,,לינדט אקסלנס 70% 100,גרמים,100.00,100 גרם,false,,17.90,17.9000,true,1,13699
3046920028363,false,לינדט אקסלנס 85% מוצקי קקאו 100 גרם,לינדט ושפרונגלי קילשברג,,לינדט אקסלנס 85% 100,גרמים,100.00,100 גרם,false,,17.90,17.9000,true,1,13700
3046920029674,false,אקסלנס עם שבבי מלח לינדט (100 גרם),לינדט ושפרונגלי קילשברג,,לינדט אקסלנס עם שבבי,גרמים,100.00,100 גרם,false,,17.90,17.9000,true,1,13705
3046920029759,false,אקסלנס שוקולד מריר 90% לינדט (100 גרם),לינדט ושפרונגלי קילשברג,,לינדט אקסלנס 90% 100,גרמים,100.00,100 גרם,false,,17.90,17.9000,true,1,13706
3141360054405,false,פיניש מפיץ ריח למדיח בניחוח לימון וליים,רקיט בנקיזר (ניר איסט) בעמ,,פיניש מפיץ ריח לימון,יחידה,0.00,יחידה,false,,15.90,0.0000,true,1,20789
3161911229199,false,חמאה צרפתית רכה למריחה אל & ויר 250 גרם,א. סיימן סחר בעמ,,אלוויר חמאה רכה 250ג,גרמים,250.00,100 גרם,false,,23.90,9.5600,true,1,16711
3161911393210,false,חמאת נורמנדי מלוחה אלוויר 200 גרם,א.סיימן סחר בעמ,,חמאת נורמנדי מלוחה 2,גרמים,200.00,100 גרם,false,,23.90,11.9500,true,1,289562
3162330060479,false,בירה SAER BRAU 6*250,,,בירה SAER BRAU 6*250,ליטרים,1.50,ליטר,false,,14.90,9.9333,true,1,372419
3175460000017,false,גבינת בורסאן שום ועשבי תיבול 150 גר,השחר,,גבינת בורסאן שום עשב,גרמים,150.00,100 גרם,false,,22.90,15.2667,true,1,16717
3175460030083,false,גבינת בורסאן בצל ועירית 150 גר,השחר,,בורסאן בצל ועירית 40,גרמים,150.00,100 גרם,false,,22.90,15.2667,true,1,16720
3178530402353,false,עוגות מיני מדלן קלאסי סאן מישל 175 גרם,סאן מישל ביסוויט,,עוגיות רכות מיני מדל,גרמים,175.00,100 גרם,false,,13.90,7.9429,true,1,16722
3178530407938,false,עוגיות מיני מדליין עם שוקוצ'יפס סאן מישל 175 גרם,א. סיימן סחר בעמ,,עוגיות שוקולד צ'יפס,גרמים,175.00,100 גרם,false,,13.90,7.9429,true,1,16724
3245412211393,false,שוקולד חלב מעולה קרפ,,FR,שוקולד חלב מעולה קרפ,גרמים,300.00,100 גרם,false,,7.90,2.6333,true,1,308468
3245412418020,false,שוקולד חלב מעולה עם,,FR,שוקולד חלב מעולה עם,גרמים,100.00,100 גרם,false,,5.90,5.9000,true,1,314430
3267682136176,false,ויסקי היילנד קווין בלנדד 1 ליטר,היילנד קווין קומפני,,ויסקי היילנד קווין ב,ליטרים,1.00,ליטר,false,,100.90,100.9000,true,1,71
3270190111108,false,קרפור מוזלי פירות 7,,,קרפור מוזלי פירות 7,גרמים,750.00,100 גרם,false,,15.90,2.1200,true,1,352203
3270190151654,false,שוקולד מריר מעולה עם,,FR,שוקולד מריר מעולה עם,גרמים,100.00,100 גרם,false,,5.90,5.9000,true,1,308285
3270190174936,false,שוקולד חלב עם תכולת,,FR,שוקולד חלב עם תכולת,גרמים,100.00,100 גרם,false,,5.90,5.9000,true,1,308314
3387390320244,false,פיטנס דגני בוקר מחיטה מלאה עם פירות נסטלה 375 גרם,קבוצת אוסם סחר שותפות מוגבלת,,פיטנס פירות דגני עם,גרמים,375.00,100 גרם,false,,22.90,6.1067,true,1,18378
3387390525960,false,קראנץ' דגני בוקר עם שוקולד חלב נסטלה 500 גרם,קבוצת אוסם סחר שותפות מוגבלת,,דגני קראנץ' נסטלה 50,גרמים,500.00,100 גרם,false,,26.90,5.3800,true,1,18379
3387390730852,false,פיטנס דגנים מחיטה מלאה ואורז נסטלה 375 גרם,קבוצת אוסם סחר-שות.מוגבלת,,דגני פיטנס נסטלה 375,גרמים,375.00,100 גרם,false,,22.90,6.1067,true,1,18380
3523230025652,false,"גבינת מיני בושה עם שום ועשי תיבול ועשבי, 125 גרם",א. סיימן סחר בעמ,,גבינהת עזים מיני בוש,גרמים,125.00,100 גרם,false,,26.90,21.5200,true,1,16744
3560070230778,false,קרפור-תה אנגלי שחור,,,קרפור-תה אנגלי שחור,גרמים,50.00,100 גרם,false,,6.90,13.8000,true,1,372688
3560070232963,false,קרפור-חליטת פירות יע,,,קרפור-חליטת פירות יע,גרמים,40.00,100 גרם,false,,6.90,17.2500,true,1,372598
3560070582884,false,קרפור סטייליס עם שוק,,,קרפור סטייליס עם שוק,גרמים,300.00,100 גרם,false,,8.90,2.9667,true,1,352172
3560070669981,false,שוקולד מריר מעולה 80,,FR,שוקולד מריר מעולה 80,גרמים,80.00,100 גרם,false,,4.90,6.1250,true,1,308255
3560070701407,false,שוקולד מריר מעולה עם,,FR,שוקולד מריר מעולה עם,גרמים,100.00,100 גרם,false,,5.90,5.9000,true,1,308300
3560070720859,false,שוקולד מריר מעולה 72,,FR,שוקולד מריר מעולה 72,גרמים,80.00,100 גרם,false,,4.90,6.1250,true,1,308271
3560070800230,false,קרפור שוקו קרלס 375,,,קרפור שוקו קרלס 375,גרמים,375.00,100 גרם,false,,6.90,1.8400,true,1,352235
3560070800322,false,קרפור סנופלקס 375 גר,,,קרפור סנופלקס 375 גר,גרמים,375.00,100 גרם,false,,6.90,1.8400,true,1,352219
3560070800353,false,קרפור הוני בולז 375,,,קרפור הוני בולז 375,גרמים,375.00,100 גרם,false,,6.90,1.8400,true,1,352266
3560070852086,false,קרפור-תה ירוק בטעם נ,,,קרפור-תה ירוק בטעם נ,גרמים,40.00,100 גרם,false,,6.90,17.2500,true,1,372628
3560070852116,false,קרפור-תה ירוק נענע 5,,,קרפור-תה ירוק נענע 5,גרמים,80.00,100 גרם,false,,8.90,11.1250,true,1,372613
3560070888108,false,קרפור-תה שחור בטעם ל,,,קרפור-תה שחור בטעם ל,גרמים,40.00,100 גרם,false,,6.90,17.2500,true,1,372658
3560070888115,false,קרפור-חליטת טיליה 25,,,קרפור-חליטת טיליה 25,גרמים,42.50,100 גרם,false,,6.90,16.2353,true,1,372554
3560070888122,false,קרפור-חליטת קמומיל 2,,,קרפור-חליטת קמומיל 2,גרמים,30.00,100 גרם,false,,6.90,23.0000,true,1,372524
3560070888139,false,קרפור-תה שחור בטעם פ,,,קרפור-תה שחור בטעם פ,גרמים,42.50,100 גרם,false,,6.90,16.2353,true,1,372643
3560070888153,false,קרפור-תה ירוק בטעם ל,,,קרפור-תה ירוק בטעם ל,גרמים,40.00,100 גרם,false,,6.90,17.2500,true,1,372673
3560070928194,false,קרפור-חליטת לואיזה 2,,,קרפור-חליטת לואיזה 2,גרמים,32.50,100 גרם,false,,6.90,21.2308,true,1,372539
3560070928347,false,קרפור-חליטת רויבוש ו,,,קרפור-חליטת רויבוש ו,גרמים,40.00,100 גרם,false,,6.90,17.2500,true,1,372583
3560071006327,false,שוקולד מריר מעולה קר,,FR,שוקולד מריר מעולה קר,גרמים,200.00,100 גרם,false,,5.90,2.9500,true,1,308286
3560071013127,false,קרפור סטייליס עם שוק,,,קרפור סטייליס עם שוק,גרמים,300.00,100 גרם,false,,8.90,2.9667,true,1,352187
3560071013196,false,קרפור סטייליס בטעם ט,,,קרפור סטייליס בטעם ט,גרמים,500.00,100 גרם,false,,9.90,1.9800,true,1,352188
3560071015725,false,קרפור פיברה עם 5 פיר,,,קרפור פיברה עם 5 פיר,גרמים,500.00,100 גרם,false,,11.90,2.3800,true,1,352250
3560071016074,false,פתיתי תירס קלויים קר,,,קרפור קורונפלקס 500,גרמים,500.00,100 גרם,false,,6.90,1.3800,true,1,352251
3560071090821,false,קרפור שוקו בולז 375,,,קרפור שוקו בולז 375,גרמים,375.00,100 גרם,false,,6.90,1.8400,true,1,352220
3560071188689,false,בירה Walberg 6*250 מ,,,בירה Walberg 6*250 מ,ליטרים,1.50,ליטר,false,,17.90,11.9333,true,1,372404
3560071341947,false,שמן זית כתית מעולה ב,,FR,שמן זית כתית מעולה ב,מיליליטרים,750.00,"100 מ""ל",false,,11.50,1.5333,true,1,351136
3560071431914,false,קפסולות קפה קרפור עו,,FR,קפסולות קפה קרפור עו,גרמים,52.00,100 גרם,false,,6.90,13.2692,true,1,353219
3560071431945,false,קפסולות קפה קרפור עו,,FR,קפסולות קפה קרפור עו,גרמים,52.00,100 גרם,false,,6.90,13.2692,true,1,353263
3560071432003,false,קפסולות קפה קרפור עו,,FR,קפסולות קפה קרפור עו,גרמים,52.00,100 גרם,false,,6.90,13.2692,true,1,353264
3560071432096,false,קפסולות קפה קרפור עו,,FR,קפסולות קפה קרפור עו,גרמים,52.00,100 גרם,false,,6.90,13.2692,true,1,353267
3560071432157,false,קפסולות קפה וניל קרפ,,FR,קפסולות קפה וניל קרפ,גרמים,52.00,100 גרם,false,,6.90,13.2692,true,1,353268
3560071432188,false,קפסולות קפה קרמל קרפ,,FR,קפסולות קפה קרמל קרפ,גרמים,52.00,100 גרם,false,,6.90,13.2692,true,1,353269
3560071432218,false,קפסולות קפה אגוז קרפ,,FR,קפסולות קפה אגוז קרפ,גרמים,52.00,100 גרם,false,,6.90,13.2692,true,1,353270
3560071432249,false,קפסולות קפה ברזיל קר,,FR,קפסולות קפה ברזיל קר,גרמים,52.00,100 גרם,false,,6.90,13.2692,true,1,353271
3560071432270,false,קפסולות קפה קולומביה,,FR,קפסולות קפה קולומביה,גרמים,52.00,100 גרם,false,,6.90,13.2692,true,1,353272
3560071432300,false,קפסולות קפה אתיופיה,,FR,קפסולות קפה אתיופיה,גרמים,52.00,100 גרם,false,,6.90,13.2692,true,1,353273
3560071432331,false,קפסולות קפה לאוס קרפ,,FR,קפסולות קפה לאוס קרפ,גרמים,52.00,100 גרם,false,,6.90,13.2692,true,1,353274
3560071432362,false,קפסולות קפה קניה קרפ,,FR,קפסולות קפה קניה קרפ,גרמים,52.00,100 גרם,false,,6.90,13.2692,true,1,353275
3560071432393,false,קפסולות קפה קוסטה רי,,FR,קפסולות קפה קוסטה רי,גרמים,52.00,100 גרם,false,,6.90,13.2692,true,1,353276
3560071432515,false,קפסולות קפה קרפור עו,,FR,קפסולות קפה קרפור עו,גרמים,52.00,100 גרם,false,,6.90,13.2692,true,1,353277
3574661352275,false,"מי פה ליסטרין קידס 250 מ""ל פירות יער",ג'\ונסון אנד ג'\ונסון,,ליסטרין מי פה לילדים,מיליליטרים,250.00,"100 מ""ל",false,,15.90,6.3600,true,1,88615
3574661491806,false,מי פה אדבנס וויט מנטה מסירה כתמים קשים,ג'\ונסון אנד ג'\ונסון,,מי פה אדוונס וויאט מ,מיליליטרים,500.00,"100 מ""ל",false,,21.90,4.3800,true,1,124369
3574661554877,false,מגן תחתון קרפרי כותון מבושם 56 יחידות,הנסיך- מפעל לייצור ט,,קרפרי כותון מבושם 56,יחידה,0.00,יחידה,false,,15.90,0.0000,true,1,65070
3600523652259,false,"לוריאל - אלביב מרכך קולור פרוטקט 550 מ""ל",לוריאל ישראל קוסמטיקס בעמ,,מרכך קולור אלביב 550,מיליליטרים,550.00,"100 מ""ל",false,,15.90,2.8909,true,1,12285
3600541448476,false,גרנייה דאו רול-און אינבזיבל קונטרול,לוריאל ישראל קוסמטיקס בעמ,,דאודורנט רול גרנייה,מיליליטרים,50.00,"100 מ""ל",false,,15.90,31.8000,true,1,12425
3607343817547,false,"אדידס - דאודורנט ספריי לגבר קליימקול 150 מ""ל",דנשר (1963) בעמ,,דאודורנט ספריי לגבר,מיליליטרים,150.00,"100 מ""ל",false,,13.90,9.2667,true,1,104710
3607347415589,false,"אדידס - דאודורנט רול און לאישה פרש קול אנד קר 50 מ""ל",קוטדור,,דאו' רולאון לאישה פר,יחידה,0.00,יחידה,false,,15.90,0.0000,true,1,5537
<<<<<<< HEAD
3608580075646,false,קונפיטורה בטעם שזיפים 370 גר BONNE MAMAN,בון מאמא,,קונפיטורה שזיף 370 ג,גרמים,370.00,100 גרם,false,,20.90,5.6486,true,1,311533
3800020403631,false,קיט קט וופל פריך עם קרם בוטנים (19%) בציפוי שוקולד חלב (61.8%),נסטלה בולגריה A.D.,,קיט קט צ'אנקי חמאת ב,גרמים,42.00,100 גרם,false,,3.90,9.2857,true,1,41915
3800020472576,false,קיט קאט צ'אנקי לוטוס,ליימן מותגים,,קיט קט צ'אנקי לוטוס,גרמים,42.00,100 גרם,false,,3.90,9.2857,true,1,314882
=======
3608580075646,false,קינפיטורה שזיפים 370 גר,בון מאמא,,קונפיטורה שזיף 370 ג,גרמים,370.00,100 גרם,false,,20.90,5.6486,true,1,311533
3800020403631,false,קיט קט וופל פריך עם קרם בוטנים (19%) בציפוי שוקולד חלב (61.8%),קבוצת אוסם סחר-שות.מוגבלת,,קיט קט צ'אנקי חמאת ב,גרמים,42.00,100 גרם,false,,3.90,9.2857,true,1,41915
3800020472576,false,קיט קאט צ`אנקי לוטוס 42 גרם,קבוצת אוסם סחר-שות.מוגבלת,,קיט קט צ'אנקי לוטוס,גרמים,42.00,100 גרם,false,,3.90,9.2857,true,1,314882
>>>>>>> d048ac2f4f281c9d788043ab4e81b61b0dbe3743
3800034954150,false,מארז 3 יחידות פריש דריי,,,עץ ריח איירון שלישיה,יחידה,0.00,יחידה,false,,10.50,0.0000,true,1,31711
4000417025005,false,שוקולד מריר במילוי מרציפן ריטר ספורט 100 גרם,ריטר ספורט Ritter sport,,שוקולד ריטר ספורט מר,גרמים,100.00,100 גרם,false,,8.90,8.9000,true,1,12659
4000417026002,false,שוקולד ריטר ספורט פרלין 100 גרם חלב נוכרי,ריטר ספורט Ritter sport,,שוקולד חלב ממולא קרם,גרמים,100.00,100 גרם,false,,8.90,8.9000,true,1,12660
4000417101211,false,גלילי וופל עם קרם אגוזי לוז בציפוי שוקולד חלב,ליימן שליסל בע`מ,,גלילי וופל עם קרם אג,גרמים,150.00,100 גרם,false,,19.90,13.2667,true,1,259405
4000417222008,false,שוקולד ריטר ספורט חלב+שברי אגוזים 100 גרם חלב נוכרי,ריטר ספורט Ritter sport,,ריטר שוקולד ספורט חל,גרמים,100.00,100 גרם,false,,8.90,8.9000,true,1,12665
4000539280726,false,שוקולד לינדט אקסלנס מילד 70% 100 גר`,משה סידס ובנו בעמ,,לינדט אקסלנס 70% 100,גרמים,100.00,100 גרם,false,,17.90,17.9000,true,1,327582
4000539280740,false,לינדט אקסלנס 78% מוצקי קקאו 100 גרם,לינדט ושפרונגלי קילשברג,,לינדט אקסלנס 78% 100,גרמים,100.00,100 גרם,false,,17.90,17.9000,true,1,327567
4001518003800,false,טורינוס מקלות פריכים עם פלפל ומלח 125 גרם,ר.ב. מוצרי דגנים בעמ,,מקלות מאפים עם מלח ו,גרמים,125.00,100 גרם,false,,14.90,11.9200,true,1,150150
4002448017684,false,"סיליט באנג ספריי ניקוי כללי מסיר אבנית 750 מ""ל",רקיט בנקיזר (ניר איסט) בעמ,,סיליט באנג ספריי רב,מיליליטרים,750.00,"100 מ""ל",false,,17.90,2.3867,true,1,20792
4002575016253,false,מרציפן מצופה שוקולד זנטיס (100 גרם),הדקלאים אגודת שיתופי,,מרציפן מצופה שוקולד,גרמים,100.00,100 גרם,false,,9.70,9.7000,true,1,12676
4002720005736,false,מליטה קפה לפילטר פרימיום 250 גרם,המאפיה של הרמן,,מליטה פרימיום קפה פי,גרמים,250.00,100 גרם,false,,23.90,9.5600,true,1,5571
4009900539401,false,מסטייק אורבייט פייב באונוס מנטה HP,מרס ריגלי ישראל בעמ,,מסטיק בטעם מנטה פייב,גרמים,14.40,100 גרם,false,,4.90,34.0278,true,1,266883
4011800567613,false,מאגדת קורני מילק דרק & ואיט 120 גרם,מיוצר עי קונדיטוריית,,חטיף דגנים סנדוויץ ש,גרמים,120.00,100 גרם,false,,14.90,12.4167,true,1,13731
4011800577810,false,מארז חטיפי קורני פרי נוגט 120 גרם,משה סידס ובנו בעמ,,קורני חטיף דגנים נוג,גרמים,150.00,100 גרם,false,,14.90,9.9333,true,1,229720
4011800630515,false,חטיף קורני שוקולד חלב ובננה 6 יח 150 גר,מיוצר עי קונדיטוריית,,חטיף דגנים עם שוקולד,גרמים,150.00,100 גרם,false,,14.90,9.9333,true,1,13738
4011800633516,false,קורני שוקולד מריר מעולה 58% קקאו 6*1,משה סידס ובנו בעמ,,חטיף דגנים שוקולד מר,גרמים,138.00,100 גרם,false,,14.90,10.7971,true,1,13740
4011800636517,false,קורני פרי שוקולד חלב מעולה ללא סוכר 6*1,מיוצר עי קונדיטוריית,,חטיף דגנים פרי עם שו,גרמים,120.00,100 גרם,false,,14.90,12.4167,true,1,13742
4014400904376,false,סוכריות טופי בטעם שוקולד סטורק 325 גרם,קריניציה ויטמינה אס,,סוכ.שטורק שוקולדן 32,גרמים,325.00,100 גרם,false,,18.80,5.7846,true,1,12699
4014400904390,false,סוכריות טופי ממולא חלב סטורק 325 גרם,קריניציה ויטמינה אס,,סוכריות וולמליש 325ג,גרמים,325.00,100 גרם,false,,18.80,5.7846,true,1,12700
<<<<<<< HEAD
4014400910063,false,סוכריות חמאה וורטרס אורגינל 135 גרם,וורטר'ס אורגינל,,סוכריות חמאה וורטר 1,גרמים,135.00,100 גרם,false,,10.50,7.7778,true,1,12704
4014400914696,false,וורטרס אורגינל סוכריות ללא סוכר 80 גרם,ליימן מותגים,,80 סוכריות חמאה וורט,גרמים,80.00,100 גרם,false,,9.50,11.8750,true,1,12709
=======
4014400910063,false,סוכריות חמאה וורטרס אורגינל (135 גרם),ליימן שליסל בע`מ,,סוכריות חמאה וורטר 1,גרמים,135.00,100 גרם,false,,10.50,7.7778,true,1,12704
4014400914696,false,וורטרס אורגינל סוכריות ללא סוכר 80 גרם,ליימן שליסל בע`מ,,80 סוכריות חמאה וורט,גרמים,80.00,100 גרם,false,,9.50,11.8750,true,1,12709
>>>>>>> d048ac2f4f281c9d788043ab4e81b61b0dbe3743
4014400920857,false,וורטר אורגינל ללא סוכר בטעם שוקולד-שקית 70 גרם,קריניציה ויטמינה אס,,וורטרס ללא סוכר טעם,גרמים,70.00,100 גרם,false,,9.50,13.5714,true,1,12713
4014400923711,false,בונבוניירה שוקולד אגוזים טופיפי 125 גרם,ליימן שליסל בע`מ,,טופיפי בונבונירה שוק,גרמים,125.00,100 גרם,false,,13.90,11.1200,true,1,12714
4014400925319,false,וורטרס אורגינל פופקורן קרמל 140 גרם,ליימן שליסל בע`מ,,חטיף פופקורן בציפוי,גרמים,140.00,100 גרם,false,,15.90,11.3571,true,1,105471
4014600202609,false,רגולדס -סוכריות בפח עם ליים ואוכמניות 150 ג',RAGOLDS GMBH,,סוכריות בפח עם ליים,גרמים,150.00,100 גרם,false,,9.90,6.6000,true,1,324483
4014600202623,false,רגולדס סוכריות בפח בטעם דובדובן 150 גרם,RAGOLDS GMBH,,סוכריות בפח בטעם דוב,גרמים,150.00,100 גרם,false,,9.90,6.6000,true,1,324484
4015000615921,false,"פה - דאודורנט ספריי לגבר ספורט 200 מ""ל",שוורצקופף והנקל,,דאו' ספריי פה לגבר 2,מיליליטרים,200.00,"100 מ""ל",false,,9.90,4.9500,true,1,7968
4015400563846,false,אולוויז - מגן תחתון לונג פלוס 44 יח',פרוקטר אנד גמבל,,אולדייז מגן תחתון לו,יחידה,0.00,יחידה,false,,19.90,0.0000,true,1,223483
<<<<<<< HEAD
4015400598329,false,תחבושות אולוויז קוואטרו נורמל פלוס 56 יחידות,פרוקטר אנד גמבל,,קוואטרו נורמל פלוס א,יחידה,0.00,יחידה,false,,42.00,0.0000,true,1,26868
4015400598411,false,תחבושות היגייניות יום ולילה Day & Night - מארז 40 יח',פרוקטר אנד גמבל,,קוואטרו לילה אולוויז,יחידה,0.00,יחידה,false,,42.00,0.0000,true,1,26870
4015400681670,false,תחבושות אולוויז וליו פק לילה בטוח 18 יחידות,פרוקטר אנד גמבל,,לילה בטוח אולוויז 18,יחידה,0.00,יחידה,false,,23.90,0.0000,true,1,26892
4015400690405,false,טמפונים פרל סופר טמפקס קומפאק 18 יח,פרוקטר אנד גמבל,,טמפון פרל סופר טמפקס,יחידה,0.00,יחידה,false,,24.90,0.0000,true,1,26897
4015600762742,false,שמפו יומיומי למניעת קשקשים הנוסחה הקלאסית,פרוקטר אנד גמבל,,שמפו קלאסי הד&שולדרס,מיליליטרים,500.00,"100 מ""ל",false,,19.90,3.9800,true,1,26961
4015600762902,false,"שמפו האד אנד שולדרס מנטול 500 מ""ל",פרוקטר אנד גמבל,,שמפו מנטול הד&שולדרס,מיליליטרים,500.00,"100 מ""ל",false,,19.90,3.9800,true,1,26965
4018722102632,false,ספגטי כוסמין מלא אורגני 500 גרם,אלב גולד,,אלב גולד - ספגטי כוס,גרמים,500.00,100 גרם,false,,15.90,3.1800,true,1,106634
4018722102656,false,ספגטי כוסמין אורגני 500 גרם,אלב גולד,,אלב גולד - ספגטי כוס,גרמים,500.00,100 גרם,false,,15.90,3.1800,true,1,106635
4033100024146,false,סיגריות וינסטון CODE בודד,Unknown,,וינסטון קופסא בודדת,יחידה,0.00,יחידה,false,,33.00,0.0000,false,1,4127
4066600999614,false,"בירה פאולנר, בירת חיטה מעוננת, בקבוק 500 מ""ל",מבשלת פאולנר,,בירה פאולנר בקבוק 50,מיליליטרים,500.00,"100 מ""ל",false,,12.90,2.5800,true,1,9269
4084500088917,false,"נוזל כלים פיירי לימון 650 מ""ל בד""צ",פרוקטר אנד גמבל,,פיירי נוזל כלים לימו,מיליליטרים,650.00,"100 מ""ל",false,,11.90,1.8308,true,1,27068
4100130937163,false,בירה בקס שישייה 6*275 מל,"איי, בי, אינבוו",,"בירה בקס 6* 275 מ""ל",ליטרים,1.65,ליטר,false,,30.90,18.7273,true,1,9956
4603514009277,false,"גין באריסטר יבש 700 מ""ל",לאדוגה גרופ,,באריסטר ג'ין יבש 700,מיליליטרים,700.00,"100 מ""ל",false,,90.20,12.8857,true,1,293530
4640018993398,false,פיניש קוואנטום 60 יח' קפסולות ג'ל למדיח כלים,רקיט בנקיזר,,פיניש קוואנטום למדיח,יחידה,0.00,יחידה,false,,62.90,0.0000,true,1,68169
4903001904208,false,רוטב סויה פרימיום יאמסה 1 ליטר,הדקלאים אגודת שיתופי,,רוטב סויה פרימיום יא,ליטרים,1.00,ליטר,false,,32.90,32.9000,true,1,12717
4903001925784,false,"רוטב סויה יאמאסה פרמיום דל מלח 500 מ""ל",הדקלאים אגודת שיתופי,,רוטב סויה יאמאסה דל,מיליליטרים,500.00,"100 מ""ל",false,,18.90,3.7800,true,1,12718
5000127533196,false,קלוגס וורייטי שמינייה 191 גרם,חברת קלוגס בריטניה,,דגני בוקר ווראייטי ק,גרמים,191.00,100 גרם,false,,24.90,13.0366,true,1,5244
5000157143365,false,מתבל בטעם מיונז וקטשופ היינץ 425 גרם,"פודליצקי ספ.ז.או.או,",,מתבל בטעם מיונז וקטש,מיליליטרים,425.00,"100 מ""ל",false,,15.90,3.7412,true,1,5245
5000159461122,false,חטיף שוקולד סניקרס מקס קרמל 50 ג',"נארז ע""י : א.ג. גילר",,חטיף סניקרס שוקולד 5,גרמים,50.00,100 גרם,false,,4.50,9.0000,true,1,20741
5000159538626,false,טוויקס מארז חטיף 50 גרם חמישייה,טוויקס Twix,,חטיף טוויקס מארז 5*2,גרמים,250.00,100 גרם,false,,12.90,5.1600,true,1,156073
5000159538640,false,באונטי מארז חטיף 57 גרם חמישייה,באונטי,,חטיף באונטי מארז 5*2,גרמים,285.00,100 גרם,false,,12.90,4.5263,true,1,156058
5000159541152,false,חטיף טוויקס לבן 46 גרם.,מרס.גי אם. בי אייץ,,חטיף טוויקס לבן 50 ג,גרמים,50.00,100 גרם,false,,4.50,9.0000,true,1,237513
5000189974579,false,מארז מיני חטיפי קיט קט Kit Kat,נסטלה גרמניה,,קיט קט מיני 200 גרם,גרמים,200.00,100 גרם,false,,10.00,5.0000,true,1,41948
=======
4015400598329,false,תחבושות אולוויז קוואטרו נורמל פלוס 56 יחידות,דיפלומט מפיצים (1968) בעמ,,קוואטרו נורמל פלוס א,יחידה,0.00,יחידה,false,,42.00,0.0000,true,1,26868
4015400598411,false,תחבושות היגייניות יום ולילה Day & Night - מארז 40 יח',דיפלומט מפיצים (1968) בעמ,,קוואטרו לילה אולוויז,יחידה,0.00,יחידה,false,,42.00,0.0000,true,1,26870
4015400681670,false,תחבושות אולוויז וליו פק לילה בטוח 18 יחידות,דיפלומט מפיצים (1986) בע`מ,,לילה בטוח אולוויז 18,יחידה,0.00,יחידה,false,,23.90,0.0000,true,1,26892
4015400690405,false,טמפונים פרל סופר טמפקס קומפאק 18 יח,דיפלומט מפיצים (1968) בעמ,,טמפון פרל סופר טמפקס,יחידה,0.00,יחידה,false,,24.90,0.0000,true,1,26897
4015600762742,false,שמפו יומיומי למניעת קשקשים הנוסחה הקלאסית,דיפלומט מפיצים (1986) בע`מ,,שמפו קלאסי הד&שולדרס,מיליליטרים,500.00,"100 מ""ל",false,,19.90,3.9800,true,1,26961
4015600762902,false,"שמפו האד אנד שולדרס מנטול 500 מ""ל",דיפלומט מפיצים (1986) בע`מ,,שמפו מנטול הד&שולדרס,מיליליטרים,500.00,"100 מ""ל",false,,19.90,3.9800,true,1,26965
4018722102632,false,ספגטי כוסמין מלא אורגני 500 גרם,נטורפוד בעמ,,אלב גולד - ספגטי כוס,גרמים,500.00,100 גרם,false,,15.90,3.1800,true,1,106634
4018722102656,false,ספגטי כוסמין אורגני 500 גרם,נטורפוד בעמ,,אלב גולד - ספגטי כוס,גרמים,500.00,100 גרם,false,,15.90,3.1800,true,1,106635
4033100024146,false,סיגריות ווינסטון קוד בודד,גלוברנדס בעמ - שיווק סיגריות,,וינסטון קופסא בודדת,יחידה,0.00,יחידה,false,,33.00,0.0000,false,1,4127
4066600999614,false,"בירה פאולנר, בירת חיטה מעוננת, בקבוק 500 מ""ל",טמפו משקאות בע`מ,,בירה פאולנר בקבוק 50,מיליליטרים,500.00,"100 מ""ל",false,,12.90,2.5800,true,1,9269
4084500088917,false,נוזל לניקוי כלים לימון פיירי (650 מל),דיפלומט מפיצים (1986) בע`מ,,פיירי נוזל כלים לימו,מיליליטרים,650.00,"100 מ""ל",false,,11.90,1.8308,true,1,27068
4100130937163,false,בירה בקס שישייה 6*275 מל,הכרם -משקאות חריפים בע`מ,,"בירה בקס 6* 275 מ""ל",ליטרים,1.65,ליטר,false,,30.90,18.7273,true,1,9956
4603514009277,false,"גין באריסטר יבש 700 מ""ל",לאדוגה גרופ,,באריסטר ג'ין יבש 700,מיליליטרים,700.00,"100 מ""ל",false,,90.20,12.8857,true,1,293530
4640018993398,false,פיניש קוואנטום 60 יח' קפסולות ג'ל למדיח כלים,רקיט בנקיזר (ניר איסט) בעמ,,פיניש קוואנטום למדיח,יחידה,0.00,יחידה,false,,62.90,0.0000,true,1,68169
4903001904208,false,רוטב סויה יאמאסה פרימיום 1 ליטר,הדקלאים אגודת שיתופי,,רוטב סויה פרימיום יא,ליטרים,1.00,ליטר,false,,32.90,32.9000,true,1,12717
4903001925784,false,"רוטב סויה יאמאסה דל מלח 500מ""ל פרימיום",הדקלאים אגודת שיתופי,,רוטב סויה יאמאסה דל,מיליליטרים,500.00,"100 מ""ל",false,,18.90,3.7800,true,1,12718
5000127533196,false,קלוגס וורייטי שמינייה 191 גרם,דיפלומט מפיצים (1968) בע`מ,,דגני בוקר ווראייטי ק,גרמים,191.00,100 גרם,false,,24.90,13.0366,true,1,5244
5000157143365,false,מתבל בטעם מיונז וקטשופ היינץ 425 גרם,דיפלומט מפיצים (1968) בעמ**,,מתבל בטעם מיונז וקטש,מיליליטרים,425.00,"100 מ""ל",false,,15.90,3.7412,true,1,5245
5000159461122,false,סניקרס חטיף שוקולד עם בוטנים 50 גרם,"מרס ריגלי ישראל בע""מ",,חטיף סניקרס שוקולד 5,גרמים,50.00,100 גרם,false,,4.50,9.0000,true,1,20741
5000159538626,false,טוויקס מארז חטיף 50 גרם חמישייה,"מרס ריגלי ישראל בע""מ",,חטיף טוויקס מארז 5*2,גרמים,250.00,100 גרם,false,,12.90,5.1600,true,1,156073
5000159538640,false,באונטי מארז חטיף 57 גרם חמישייה,"מרס ריגלי ישראל בע""מ",,חטיף באונטי מארז 5*2,גרמים,285.00,100 גרם,false,,12.90,4.5263,true,1,156058
5000159541152,false,חטיף טוויקס לבן 46 גרם.,מרס ריגלי ישראל בעמ,,חטיף טוויקס לבן 50 ג,גרמים,50.00,100 גרם,false,,4.50,9.0000,true,1,237513
5000189974579,false,מארז מיני חטיפי קיט קט Kit Kat,קבוצת אוסם סחר שותפות מוגבלת,,קיט קט מיני 200 גרם,גרמים,200.00,100 גרם,false,,10.00,5.0000,true,1,41948
>>>>>>> d048ac2f4f281c9d788043ab4e81b61b0dbe3743
5000204114959,false,"גלייד ארוסול בניחוח פריחה בלבן 300 מ""ל","אס.סי ג'\ונסון,מידרכט, ה",,גלייד ארוסול בניחוח,מיליליטרים,300.00,"100 מ""ל",false,,10.90,3.6333,true,1,5633
5000204254617,false,סבון מוצק לאסלה ירח פורח 38.6 ג' דאק,דאופלור אס.פי.אי כונ,,דאק סבון מוצק לאסלה,גרמים,38.60,100 גרם,false,,9.90,25.6477,true,1,274903
5000204661392,false,משחת נעליים שחורה קיווי אקסרא לארג`,המאפיה של הרמן,,קיווי משחת נעליים בק,מיליליטרים,100.00,"100 מ""ל",false,,11.90,11.9000,true,1,5654
5000204886566,false,"תרסיס מנקה, מזין ומגן על העץ עם שמן תפוז טבעי","דנשר (1963) בע,מ",,"פלדג 475 מ""ל ORANGE",מיליליטרים,475.00,"100 מ""ל",false,,30.50,6.4211,true,1,5659
5000219023765,false,פאל מאל אדום סטרים פ,,,פאל מאל אדום סטרים פ,יחידה,0.00,יחידה,false,,290.00,0.0000,false,1,4146
5000267014234,false,וויסקי ג'וני ווקר רד לייבל Red label,החברה המרכזית להפצת משקאות בעמ,,גוני ווקר רד לייבל 7,מיליליטרים,700.00,"100 מ""ל",false,,90.90,12.9857,true,1,51353
5010182997253,false,רייד תרסיס קוטל ג'וקים/תיקנים 300 מל,אס.סי.ג'ונסון מידרכט,,רייד ארוסול קוטל ג'ו,מיליליטרים,300.00,"100 מ""ל",false,,17.90,5.9667,true,1,5664
5010182997918,false,דאק ג'ל לניקוי אסלות בניחוח ים 55 מל,"איטיליאן פוד, אס.פי.",,דאק ג'ל אסלה ניחוח י,גרמים,55.00,100 גרם,false,,9.90,18.0000,true,1,5670
5010182998847,false,דאק נוזל לניקוי אסלות בניחוח ים 750 מל,מיוצר עי קונדיטוריית,,דאק ג'ל נוזל לניקוי,מיליליטרים,750.00,"100 מ""ל",false,,11.50,1.5333,true,1,5671
5010677551397,false,"בקרדי בריזר בטעם לימון ליים 275 מ""ל",בקרדי בריזר Bacardi Breezer,,בקרדי בריזר ליים,מיליליטרים,275.00,"100 מ""ל",false,,14.90,5.4182,true,1,9275
5010677552387,false,"בקרדי בריזר אננס 275 מ""ל בקבוק",בקרדי בריזר Bacardi Breezer,,בקרדי בריזר אננס.,מיליליטרים,275.00,"100 מ""ל",false,,14.90,5.4182,true,1,9276
5014271310428,false,מעדן דובדבנים שחורים ללא תוספת סוכר 284 גרם,סאן דלפור - שמבור,,סאן דלפור מעדן דובדב,גרמים,284.00,100 גרם,false,,22.90,8.0634,true,1,16759
5014271350424,false,מעדן ארבעה פירות ללא תוספת סוכר 284 גרם,סאן דלפור - שמבור,,סאן דלפור מעדן ארבע,גרמים,284.00,100 גרם,false,,22.90,8.0634,true,1,16761
5014271360423,false,"מעדן תפוזים לל""ס סאן דלפור 284 גרם",סאן דלפור - שמבור,,סאן דלפור מעדן תפוז,גרמים,284.00,100 גרם,false,,22.90,8.0634,true,1,16762
5014271400426,false,"מעדן בטעם תות שדה לל""ס סאן דלפור 284 גרם",סאן דלפור - שמבור,,סאן דלפור מעדן תות ש,גרמים,284.00,100 גרם,false,,22.90,8.0634,true,1,16766
<<<<<<< HEAD
5029053032658,false,שמיניית ממחטות טישו קלינקס 9 יחידות,חוגלה קימברלי,,ממחטות טישו טו גו ק,יחידה,0.00,יחידה,false,,8.90,0.0000,true,1,8798
5029053523446,false,קוטקס - תחבושות אולטרה נייט + כנפיים 20 יח',קימברלי קלארק,,תחבושות אולטרה נייט+,יחידה,0.00,יחידה,false,,19.90,0.0000,true,1,8803
5029053534596,false,קוטקס טמפוני נורמל ללא מוליך 32 יח,קימברלי קלארק,,טמפון נורמל ללא מולי,יחידה,0.00,יחידה,false,,26.90,0.0000,true,1,8813
5029053535227,false,קוטקס טמפון עם מוליך נורמל 16 יחידות,קימברלי קלארק,,טמפון עם מוליך נורמל,יחידה,0.00,יחידה,false,,24.90,0.0000,true,1,8816
5029053578309,false,קופסת ממחטות אולטרה סופט 48 דף קלינקס,קימברלי קלארק,,טישו אולטרה סופט קוב,יחידה,0.00,יחידה,false,,7.90,0.0000,true,1,204620
5060517886486,false,"משקה אנרגיה מונסטר אנרג'י בפחית 500 מ""ל",מונסטר אנרג'י Monster Energy,,מונסטר אנרג'י פחית 5,מיליליטרים,500.00,"100 מ""ל",false,,7.90,1.5800,true,1,6790
5060751218173,false,"משקה אנרגיה מונסטר אנרג'י piplin punch בפחית 500 מ""ל",מונסטר אנרג'י לימטד,,מונסטר פייפלין פאנץ',מיליליטרים,500.00,"100 מ""ל",false,,7.90,1.5800,true,1,288534
5060751219033,false,"משקה אנרגיה מונסטר אנרג'י זירו paradise בפחית 500 מ""ל",מונסטר אנרג'י לימטד,,מונסטר אולטרה פרדייז,מיליליטרים,500.00,"100 מ""ל",false,,7.90,1.5800,true,1,288548
5201940010110,false,זיתים שחורים קלמטה וילי פוד 250 גרם,סיוארס אס.איי,,זיתים שחורים קלמטה ו,גרמים,250.00,100 גרם,false,,18.50,7.4000,true,1,2839
5202175001515,false,נאצ'וס בטעם מלוח 225 גרם,אל סבור מקסיקן פוד,,נאצ'וס בטעם מלוח מזר,גרמים,225.00,100 גרם,false,,10.90,4.8444,true,1,283681
=======
5029053032658,false,שמיניית ממחטות טישו קלינקס 9 יחידות,קימברלי קלארק ישראל שיווק בעמ,,ממחטות טישו טו גו ק,יחידה,0.00,יחידה,false,,8.90,0.0000,true,1,8798
5029053523446,false,קוטקס - תחבושות אולטרה נייט + כנפיים 20 יח',קימברלי קלארק ישראל שיווק בעמ,,תחבושות אולטרה נייט+,יחידה,0.00,יחידה,false,,19.90,0.0000,true,1,8803
5029053534596,false,קוטקס טמפוני נורמל ללא מוליך 32 יח,קימברלי קלארק ישראל שיווק בעמ,,טמפון נורמל ללא מולי,יחידה,0.00,יחידה,false,,26.90,0.0000,true,1,8813
5029053535227,false,קוטקס טמפון עם מוליך נורמל 16 יחידות,קימברלי קלארק ישראל שיווק בעמ,,טמפון עם מוליך נורמל,יחידה,0.00,יחידה,false,,24.90,0.0000,true,1,8816
5029053578309,false,קופסת ממחטות אולטרה סופט 48 דף קלינקס,קימברלי קלארק ישראל שיווק בעמ,,טישו אולטרה סופט קוב,יחידה,0.00,יחידה,false,,7.90,0.0000,true,1,204620
5060517886486,false,"משקה אנרגיה מונסטר אנרג'י בפחית 500 מ""ל",החברה המרכזית להפצת משקאות בעמ,,מונסטר אנרג'י פחית 5,מיליליטרים,500.00,"100 מ""ל",false,,7.90,1.5800,true,1,6790
5060751218173,false,"משקה אנרגיה מונסטר אנרג'י piplin punch בפחית 500 מ""ל",החברה המרכזית להפצת משקאות בעמ,,מונסטר פייפלין פאנץ',מיליליטרים,500.00,"100 מ""ל",false,,7.90,1.5800,true,1,288534
5060751219033,false,"משקה אנרגיה מונסטר אנרג'י זירו paradise בפחית 500 מ""ל",החברה המרכזית להפצת משקאות בעמ,,מונסטר אולטרה פרדייז,מיליליטרים,500.00,"100 מ""ל",false,,7.90,1.5800,true,1,288548
5201940010110,false,זיתים שחורים קלמטה וילי פוד 250 גרם,ג. וילי-פוד אינטרנשיונל בע`מ,,זיתים שחורים קלמטה ו,גרמים,250.00,100 גרם,false,,18.50,7.4000,true,1,2839
5202175001515,false,חטיף נאצוס בטעם טבעי 225גרם,מזרח ומערב יבוא ושיווק,,נאצ'וס בטעם מלוח מזר,גרמים,225.00,100 גרם,false,,10.90,4.8444,true,1,283681
>>>>>>> d048ac2f4f281c9d788043ab4e81b61b0dbe3743
5391523058063,false,סימילאק אדבנס פלוס 1 תרכובת מזון על בסיס חלב,טרופיקל דגיל תעשיות,,סימילאק אדוואנס פלוס,גרמים,700.00,100 גרם,false,,65.90,9.4143,true,1,29442
5391523058070,false,סימילאק אדבנס פלוס 3 תרכובת מזון על בסיס חלב,טרופיקל דגיל תעשיות,,סימילאק אדוונס פלוס,גרמים,700.00,100 גרם,false,,65.90,9.4143,true,1,29443
5400265032993,false,המלט- נשיקות מרנג לבן 100 גרם,HAMLET NV,,נשיקות מרנג לבן 100,גרמים,100.00,100 גרם,false,,9.90,9.9000,true,1,320236
5410076933129,false,אריאל אבקת כביסה שושן צחור 3 קג,דיפלומט מפיצים (1986) בע`מ,,אריאל שושן צחור שקית,קילוגרמים,3.00,"ק""ג",false,,38.90,12.9667,true,1,27220
5410126006087,false,ביסקויט ביסקפה לוטוס בטעם קרמל 700גר`ב,דיפלומט מפיצים (1968) בעמ**,,לוטוס עוגיות קרמל 70,גרמים,700.00,100 גרם,false,,33.60,4.8000,true,1,5260
5410126666038,false,"ביסקוויט קרמל לוטוס 279 גרם בד""צ",דיפלומט מפיצים (1968) בעמ**,,עוגיות לוטוס 279 גרם,גרמים,279.00,100 גרם,false,,16.90,6.0573,true,1,5268
5410126716016,false,"עוגיות לוטוס ביסקויט קרמל בד""צ 250 גרם",דיפלומט מפיצים (1968) בעמ**,,ביסקוויט בטעם קרמל ל,גרמים,250.00,100 גרם,false,,11.90,4.7600,true,1,5269
5410126726947,false,ממרח ביסקוויט קרמל קראנץ' לוטוס 380 גרם,דיפלומט מפיצים (1968) בעמ**,,לוטוס קראנץ ממרח עוג,גרמים,380.00,100 גרם,false,,23.90,6.2895,true,1,5270
5410291021991,false,ממרח אגוזי לוז עם קקאו צ`וקטה (700 גרם),ש. שסטוביץ בע`מ,,צ`וקטה ממרח אגוזי לו,גרמים,700.00,100 גרם,false,,19.90,2.8429,true,1,41951
5410291022011,false,ממרח אגוזי לוז עם קקאו צ`וקטה (350 גרם),ש. שסטוביץ בע`מ,,צ`וקטה ממרח אגוזי לו,גרמים,350.00,100 גרם,false,,11.90,3.4000,true,1,41952
5411188110835,false,אלפרו חלב סויה שקדים וניל 1ל',הנסיך- מפעל לייצור ט,,אלפרו משקה שקדים 1 ל,ליטרים,1.00,ליטר,false,,15.90,15.9000,true,1,21356
5411188112709,false,"משקה קוקוס אלפרו 1 ליטר משקה שקדים לל""ס",הנסיך- מפעל לייצור ט,,אלפרו משקה שקדים ללא,יחידה,0.00,יחידה,false,,15.90,0.0000,true,1,21360
5411188115366,false,משקה קוקוס אלפרו 1 ליטר משקה שיבולת שועל 1 ליטר,הנסיך- מפעל לייצור ט,,אלפרו משקה שיבולת שו,יחידה,0.00,יחידה,false,,15.90,0.0000,true,1,21362
5411188122586,false,אלפרו משקה אגוזי קשיו 1 ל`,הנסיך- מפעל לייצור ט,,אלפרו משקה שקדים 250,מיליליטרים,250.00,"100 מ""ל",false,,6.90,2.7600,true,1,21374
5411188122661,false,אלפרו משקה שקדים לא קלויים ללא תוספת סוכר 1 ל',הנסיך- מפעל לייצור ט,,אלפרו משקה שקדים לא,יחידה,0.00,יחידה,false,,15.90,0.0000,true,1,21375
<<<<<<< HEAD
5411188124726,false,אלפרו משקה שיבולת שועל שקדים 1 ליטר,הדקלאים אגודת שיתופי,,אלפרו משקה שיבולת שו,יחידה,0.00,יחידה,false,,15.90,0.0000,true,1,21377
5411188134985,false,אלפרו 3.5% NOT M*LK שיבולת שועל 1 ליטר בית יוסף,הנסיך- מפעל לייצור ט,,אלפרו 3.5% שומן NOT,ליטרים,1.00,ליטר,false,,13.90,13.9000,true,1,180182
5411188135005,false,אלפרו 1.8% NOT M*LK שיבולת שועל 1 ליטר בית יוסף,הנסיך- מפעל לייצור ט,,אלפרו 1.8% שומן NOT,ליטרים,1.00,ליטר,false,,13.90,13.9000,true,1,183856
5411188543398,false,משקה סויה ללא סוכר אלפרו 1 ליטר,הנסיך- מפעל לייצור ט,,אלפרו משקה סויה ללא,ליטרים,1.00,ליטר,false,,15.90,15.9000,true,1,90774
5413121355082,false,שוקולד בלגי מריר משובח 72 פרסטיז 100 גרם,BCG,,שוקולד בלגי מריר 72%,גרמים,100.00,100 גרם,false,,12.90,12.9000,true,1,323384
5413149922907,false,"אבקת כביסה קולור וסטייל 5 ק""ג אריאל",פרוקטר אנד גמבל,,אריאל אבקת כביסה קול,קילוגרמים,5.00,"ק""ג",false,,49.90,9.9800,true,1,27239
5413149922938,false,"אריאל אבקת כביסה שושן צחור, 5 ק""ג",פרוקטר אנד גמבל,,אריאל אבקת כביסה שוש,קילוגרמים,5.00,"ק""ג",false,,49.90,9.9800,true,1,27240
5413548280189,false,קינדר שוקו בון 1 יחידות 125 גרם,פררו - אלבה,,קינדר שוקו בון 125ג,גרמים,125.00,100 גרם,false,,15.90,12.7200,true,1,41452
=======
5411188124726,false,משקה שיבולת שועל שקדים 1 ליטר אלפרו,הדקלאים אגודת שיתופי,,אלפרו משקה שיבולת שו,יחידה,0.00,יחידה,false,,15.90,0.0000,true,1,21377
5411188134985,false,אלפרו 3.5% NOT M*LK שיבולת שועל 1 ליטר בית יוסף,שטראוס גרופ בעמ/מצונן,,אלפרו 3.5% שומן NOT,ליטרים,1.00,ליטר,false,,13.90,13.9000,true,1,180182
5411188135005,false,אלפרו 1.8% NOT M*LK שיבולת שועל 1 ליטר בית יוסף,שטראוס גרופ בעמ/מצונן,,אלפרו 1.8% שומן NOT,ליטרים,1.00,ליטר,false,,13.90,13.9000,true,1,183856
5411188543398,false,משקה סויה ללא סוכר אלפרו 1 ליטר,הנסיך- מפעל לייצור ט,,אלפרו משקה סויה ללא,ליטרים,1.00,ליטר,false,,15.90,15.9000,true,1,90774
5413121355082,false,שוקולד בלגי מריר משובח 72 פרסטיז 100 גרם,BCG,,שוקולד בלגי מריר 72%,גרמים,100.00,100 גרם,false,,12.90,12.9000,true,1,323384
5413149922907,false,"אבקת כביסה קולור וסטייל 5 ק""ג אריאל",דיפלומט מפיצים (1986) בע`מ,,אריאל אבקת כביסה קול,קילוגרמים,5.00,"ק""ג",false,,49.90,9.9800,true,1,27239
5413149922938,false,"אריאל אבקת כביסה שושן צחור, 5 ק""ג",דיפלומט מפיצים (1986) בע`מ,,אריאל אבקת כביסה שוש,קילוגרמים,5.00,"ק""ג",false,,49.90,9.9800,true,1,27240
5413548280189,false,קינדר שוקו בון 1 יחידות 125 גרם,פרימיום-חברה לדברי מתיקה ולמסח,,קינדר שוקו בון 125ג,גרמים,125.00,100 גרם,false,,15.90,12.7200,true,1,41452
>>>>>>> d048ac2f4f281c9d788043ab4e81b61b0dbe3743
5420066370025,false,טראפלס בלגי בטעם קפה,,,טראפל שוקולד בלגי קפ,גרמים,150.00,100 גרם,false,,14.90,9.9333,true,1,324576
5601008200444,false,עוגיות גודיס טבעות מצופות שוקולד חלב מרבה 150 גרם,הנסיך- מפעל לייצור ט,,גודיס עוגיות טבעת מצ,גרמים,150.00,100 גרם,false,,6.90,4.6000,true,1,21381
5601008200451,false,עוגיות גודיס טבעות מצופות שוקולד מריר מרבה 150 גרם,ש. שסטוביץ בע`מ,,גודיס עוגיות טבעת מצ,גרמים,150.00,100 גרם,false,,6.90,4.6000,true,1,21382
5601008200468,false,עוגיות גודיס טבעות מצופות שוקולד לבו מרבה 150 גרם,קריניציה ויטמינה אס,,גודיס עוגיות טבעת מצ,גרמים,150.00,100 גרם,false,,6.90,4.6000,true,1,21383
5601010111035,false,סרדין בשמן זית רמירז 125 גרם,רמירז אנד קה פילהאוס,,סרדינים בשמן זית רמי,גרמים,100.00,100 גרם,false,,11.90,11.9000,true,1,47846
5701932026964,false,"הוטפופ גרעיני תירס להכנת פופקורן במיקרוגל בטעם טבעי, בתוספת מלח, 600 גרם",ליימן שליסל בע`מ,,הוט פופ .פופקורן עם,גרמים,600.00,100 גרם,false,,16.90,2.8167,true,1,12724
5701932026971,false,הוטפופ גרעיני תירס להכנת פופקורן במיקרוגל בטעם חמאה 600 גרם,ליימן שליסל בע`מ,,הוט פופ פופקורן בטעם,גרמים,600.00,100 גרם,false,,16.90,2.8167,true,1,12725
5701932026995,false,"הוטפופ גרעיני תירס להכנת פופקורן במיקרוגל בטעם טבעי מופחת שומן, 510 גרם",קריניציה ויטמינה אס,,הוט פופ פופקורן לייט,גרמים,510.00,100 גרם,false,,16.90,3.3137,true,1,12726
<<<<<<< HEAD
5711953106583,false,גבינת שמנת בטעם טבעי 200 גרם ארלה,ארלה פודס אמבה,,ארלה גבינת שמנת טבעי,גרמים,200.00,100 גרם,false,,16.90,8.4500,true,1,23214
5711953148347,false,גבינת שמנת בטעם טבעי 300 גרם ארלה,ארלה,,גבינת שמנת טבעי ארלה,גרמים,300.00,100 גרם,false,,23.90,7.9667,true,1,350816
5740900403215,false,ממרח מחמאת לורפק עם מלח 250 ג',ארלה פודס אמבה,,ממרח לורפק עם מלח 25,גרמים,250.00,100 גרם,false,,19.90,7.9600,true,1,23217
5740900403222,false,ממרח לורפק חמאה עם מלח מופחת שומן 250 ג,ארלה פודס אמבה,,ממרח לורפק עם מלח מו,גרמים,250.00,100 גרם,false,,19.90,7.9600,true,1,23218
5740900403246,false,ממרח לורפק ללא תוספת מלח 500 גר,ארלה פודס אמבה,,ממרח לורפק ללא מלח 5,גרמים,500.00,100 גרם,false,,29.90,5.9800,true,1,23220
5740900403253,false,ממרח מחמאת לורפק עם מלח 500 ג',ארלה פודס אמבה,,ממרח לורפק עם מלח 50,גרמים,500.00,100 גרם,false,,29.90,5.9800,true,1,23221
5740900403260,false,ממרח מחמאת לורפק ללא מלח 27% פחות שומן,ארלה פודס אמבה,,ממרח לורפק ללא מלח מ,גרמים,250.00,100 גרם,false,,19.90,7.9600,true,1,23222
5740900403864,false,חמאה +מלח 200 גרם לורפק כשרות או קיי,ארלה פודס אמבה,,חמאת לורפק עם מלח 20,גרמים,200.00,100 גרם,false,,12.90,6.4500,true,1,180265
=======
5711953106583,false,גבינת שמנת בטעם טבעי 200 גרם ארלה,שטראוס גרופ בעמ/מצונן,,ארלה גבינת שמנת טבעי,גרמים,200.00,100 גרם,false,,16.90,8.4500,true,1,23214
5711953148347,false,גבינת שמנת בטעם טבעי 300 גרם ארלה,שטראוס גרופ בעמ (ח),,גבינת שמנת טבעי ארלה,גרמים,300.00,100 גרם,false,,23.90,7.9667,true,1,350816
5740900403215,false,ממרח חמאה דנית לורפק עם מלח 250 גרם,שטראוס גרופ בעמ/מצונן,,ממרח לורפק עם מלח 25,גרמים,250.00,100 גרם,false,,19.90,7.9600,true,1,23217
5740900403222,false,ממרח לורפק חמאה עם מלח מופחת שומן 250 ג,שטראוס גרופ בעמ/מצונן,,ממרח לורפק עם מלח מו,גרמים,250.00,100 גרם,false,,19.90,7.9600,true,1,23218
5740900403246,false,ממרח לורפק ללא תוספת מלח 500 גר,שטראוס גרופ בעמ/מצונן,,ממרח לורפק ללא מלח 5,גרמים,500.00,100 גרם,false,,29.90,5.9800,true,1,23220
5740900403253,false,ממרח מחמאת לורפק עם מלח 500 ג',שטראוס גרופ בעמ/מצונן,,ממרח לורפק עם מלח 50,גרמים,500.00,100 גרם,false,,29.90,5.9800,true,1,23221
5740900403260,false,ממרח מחמאת לורפק ללא מלח 27% פחות שומן,שטראוס גרופ בעמ/מצונן,,ממרח לורפק ללא מלח מ,גרמים,250.00,100 גרם,false,,19.90,7.9600,true,1,23222
5740900403864,false,חמאה +מלח 200 גרם לורפק כשרות או קיי,שטראוס גרופ בעמ/מצונן,,חמאת לורפק עם מלח 20,גרמים,200.00,100 גרם,false,,12.90,6.4500,true,1,180265
>>>>>>> d048ac2f4f281c9d788043ab4e81b61b0dbe3743
5765220190157,false,עטרות נייר אפיה 2- 130 יחידות,,,עטרות נייר לאפייה 2,יח',130.00,יח',false,,5.50,0.0423,true,1,115993
5765220190164,false,עטרות נייר אפיה 3- 130 יחידות,,,עטרות נייר לאפייה 3,יח',130.00,יח',false,,5.50,0.0423,true,1,115994
5765571202615,false,נר נשמה 48 שעות פלסט,,,נר נשמה 48 שעות פלסט,יחידה,0.00,יחידה,false,,5.90,0.0000,true,1,225542
5765571204619,false,נר נשמה שבועי פלסטיק,,,נר נשמה שבועי ירושלי,יחידה,0.00,יחידה,false,,11.90,0.0000,true,1,242593
5900020012814,false,דגנים תפוחים בטעם שוקולד נסקוויק נסטלה 500 גרם,קבוצת אוסם סחר שותפות מוגבלת,,דגני בוקר נסקוויק נס,גרמים,500.00,100 גרם,false,,27.90,5.5800,true,1,18382
5900020018908,false,פיטנס חטיפי אנרגיה דגנים בטעם קרם עוגיות נסטלה 6*23.5 גרם,קבוצת אוסם סחר-שות.מוגבלת,,פיטנס חטיף דגנים קרם,גרמים,141.00,100 גרם,false,,17.90,12.6950,true,1,18384
5900020020710,false,מארז חטיף דגנים קראנץ' בטעם שוקו וניל נסטלה,קבוצת אוסם סחר שותפות מוגבלת,,חטיף דגנים קראנץ בר,גרמים,150.00,100 גרם,false,,16.90,11.2667,true,1,18386
5900020022325,false,חטיף סיני מיניס Cini Minis בטעם קינמון - 6 במארז,קבוצת אוסם סחר שותפות מוגבלת,,חטיף דגנים סיני מיני,גרמים,150.00,100 גרם,false,,16.90,11.2667,true,1,18389
5900020024770,false,פיטנס - דליס חטיף דגנים שוקולד אגוז 22.50 גרם * 6,קבוצת אוסם סחר שותפות מוגבלת,,פיטנס בר דליס שוקולד,גרמים,135.00,100 גרם,false,,17.90,13.2593,true,1,18390
5900020025647,false,חטיף דגנים פיטנס שוקולד חלב 135 גרם מארז 6 יחידות,קבוצת אוסם סחר שותפות מוגבלת,,פיטנס בר דליס שוקולד,גרמים,135.00,100 גרם,false,,17.90,13.2593,true,1,18393
5900020026552,false,דגני בוקר האני נאט צ'יריוס בטעם דבש ושקדים,קבוצת אוסם סחר שותפות מוגבלת,,האני נאט ציריוס נסטל,גרמים,625.00,100 גרם,false,,27.90,4.4640,true,1,18398
5900020034991,false,דגני בוקר צדפים בטעם שוקולד 450 ג' קראנץ',קבוצת אוסם סחר שותפות מוגבלת,,קראנץ' צדפים בטעם שו,גרמים,450.00,100 גרם,false,,27.90,6.2000,true,1,18405
5900020036407,false,ליון דגני בוקר שוקולד וקרמל נסטלה 480 גרם,קבוצת אוסם סחר שותפות מוגבלת,,דגני בוקר שוקולד וקר,גרמים,480.00,100 גרם,false,,27.90,5.8125,true,1,66234
5900020037916,false,דגני בוקר שיבולת שועל צ'ריוס 375ג',קבוצת אוסם סחר שותפות מוגבלת,,צ'יריוס שיבולת שועל,גרמים,375.00,100 גרם,false,,17.90,4.7733,true,1,160179
5900627027020,false,"ויט קרם להסרת שיער בזמן מקלחת לעור רגיל 150 מ""ל",רקיט בנקיזר (ניר איסט) בעמ,,ויט ספא תמציות משי,מיליליטרים,150.00,"100 מ""ל",false,,42.90,28.6000,true,1,20847
5901414200411,false,בלזן היט מיני ביסקוויט סנדוויץ' עם מילוי קרם בטעם שוקולד 130 גרם,ליימן שליסל בע`מ,,היט מיניס קרם קקאו 1,גרמים,130.00,100 גרם,false,,6.40,4.9231,true,1,41961
5902198160403,false,XL משקה אנרגיה מוגז ללא סוכר עד 10 קלוריות לפחית 250 מל,"טמפו משקאות בע""\מ",,אקס אל משקה אנרגיה ט,מיליליטרים,250.00,"100 מ""ל",false,,4.90,1.9600,true,1,9284
5904941751302,false,משקה אנרגיה בפחית בלו (250 מל),בני פאוזי שמשום (2009) בעמ,,בלו משקה אנרגיה 250,מיליליטרים,250.00,"100 מ""ל",false,,4.50,1.8000,true,1,1812
5906485301012,false,משקה אנרגיה XL מוגז פחית 250 מל,טמפו משקאות בע`מ,,אקס אל משקה אנרגיה 2,מיליליטרים,250.00,"100 מ""ל",false,,4.90,1.9600,true,1,9285
6008165274629,false,פאל מאל כחול ארוך סטרים פילטר חפיסה,גלוברנדס בעמ - שיווק סיגריות,,פאל מאל כחול ארוך סט,יחידה,0.00,יחידה,false,,31.00,0.0000,false,1,4167
6111094000808,false,"קוסקוס דארי בינוני תומר 1 ק""ג + 10% תוספת",תומר יבוא ושיווק מוצרי מזון (1,,קוסקוס בינוני דארי 1,קילוגרמים,1.10,"ק""ג",false,,17.90,16.2727,true,1,24918
6902019042016,false,אטבי כביסה כחול לבן 10 יחידות,לירון קרביץ יבוא שיווק וסחר,,אטבי כביסה 10 יחידות,יחידה,0.00,יחידה,false,,5.50,0.0000,true,1,13090
6902019042061,false,מארז בלונים 50 יח קרביץ,לירון קרביץ יבוא שיווק וסחר,,מארז בלונים 50 יח,יחידה,0.00,יחידה,false,,10.90,0.0000,true,1,13093
6924421202017,false,פטריות שי-מג'י -יחידה,חוות פטריות תקוע,,פטריות שי-מג'י חוות,גרמים,150.00,100 גרם,false,,12.90,8.6000,true,1,50911
6936745600783,false,"חומץ אורז מזרח מערב 500 מ""ל",מזרח ומערב יבוא ושיווק,,"חומץ אורז 500 מ""ל (ד",גרמים,500.00,100 גרם,false,,15.90,3.1800,true,1,47523
6951097101542,false,מאג מעוצב סט שישייה,,,מאג מעוצב סט שישייה,יחידה,0.00,יחידה,false,,29.90,0.0000,true,1,28002
7038516140357,false,מברשת שיניים ג'ורדן טוטל סופט מארז 4 יחידות,מיוצר במלזיה עבור ג',,מב.שיניים טוטאל קלין,יחידה,0.00,יחידה,false,,10.00,0.0000,true,1,5704
7046110071519,false,משחת שיניים לילדים לשיני חלב 2-6 ג`ורדון,דנשר (1963) בעמ,,מש.שיניים לילדים לשי,מיליליטרים,50.00,"100 מ""ל",false,,11.90,23.8000,true,1,5720
7046110075036,false,ג'ורדן מב' שיניים אולטימייט יו *רביעיה *סופט,דנטלון,,מארז מב.שיניים אולטי,יחידה,0.00,יחידה,false,,10.00,0.0000,true,1,5721
7108325041739,false,סט 3 מגבות מטבח,,,סט 3 מגבות מטבח,יחידה,0.00,יחידה,false,,19.90,0.0000,true,1,215525
7271730901261,false,ווקי מאק ארוחת אטריות עם גבינה 156 גרם,ניו וורלד פסטה קומפנ,,ארוחת אטריות וואקי מ,גרמים,156.00,100 גרם,false,,11.90,7.6282,true,1,36875
7290000000104,false,חבילת כוסברה טריה,ביכורי השקמה,,סנדוויץ' עובד,יחידה,0.00,יחידה,false,,5.00,0.0000,true,1,34403
7290000000302,false,6יח בקבוק ריק חוזר 5,ביכורי השקמה,,6יח בקבוק ריק חוזר 5,יחידה,0.00,יחידה,false,,7.20,0.0000,true,1,9246
7290000001056,false,לחם אחיד 750 גרם,,,לחם אחיד 750 גרם,גרמים,750.00,100 גרם,false,,5.10,0.6800,true,1,4451
7290000001110,false,לחמניה עגולה לבנה,,,לחמניה עגולה לבנה,יח',1.00,יח',false,,4.00,4.0000,true,1,2439
7290000001593,true,נענע כשר,,,נענע כשר,יח',1.00,יח',false,,5.90,5.9000,true,1,47685
7290000002022,false,פרווה ביס שוקולד/מאפ,,,פרווה ביס שוקולד/מאפ,קילוגרמים,1.00,"ק""ג",true,,43.00,43.0000,true,1,2454
7290000002667,false,בולגרית מסורתית גד 5,,,בולגרית מסורתית גד 5,קילוגרמים,1.00,"ק""ג",true,,65.00,65.0000,true,1,14543
7290000004045,false,חליות,,,חליות,יח',1.00,יח',false,,2.20,2.2000,true,1,108600
7290000004444,false,שקיות גופיה 20 מקרו,,,שקיות גופיה 20 מקרו,יחידה,0.00,יחידה,false,,0.10,0.0000,true,1,321568
7290000004655,false,מוצרלה מעושנת גד 22%,,,מוצרלה מעושנת גד 22%,קילוגרמים,1.00,"ק""ג",true,,85.00,85.0000,true,1,14558
7290000004792,false,בולגרית מעודנת גד 5%,,,בולגרית מעודנת גד 5%,קילוגרמים,1.00,"ק""ג",true,,65.00,65.0000,true,1,14561
7290000004815,false,מוצרלה גד 22% במשקל,,,מוצרלה גד 22% במשקל,קילוגרמים,1.00,"ק""ג",true,,85.00,85.0000,true,1,14562
7290000005025,false,בייגל בטעמים,,,בייגל בטעמים,יח',1.00,יח',false,,5.50,5.5000,true,1,36118
7290000005431,false,בולגרית גד 16% במשקל,,,בולגרית גד 16% במשקל,קילוגרמים,1.00,"ק""ג",true,,65.00,65.0000,true,1,14575
7290000009350,false,בשר טחון טרי,,,בשר טחון טרי,קילוגרמים,1.00,"ק""ג",true,,37.90,37.9000,true,1,336673
7290000009352,false,בשר טחון פרימיום טרי,,,בשר טחון פרימיום טרי,קילוגרמים,1.00,"ק""ג",true,,49.90,49.9000,true,1,336955
7290000009353,false,בשר טחון פרימיום חלק,,,בשר טחון פרימיום חלק,קילוגרמים,1.00,"ק""ג",true,,49.90,49.9000,true,1,337290
7290000009354,false,צלעות בקר טרי,,,צלעות בקר טרי,קילוגרמים,1.00,"ק""ג",true,,59.90,59.9000,true,1,337154
7290000009358,false,כתף בקר טרי,,,כתף בקר טרי,קילוגרמים,1.00,"ק""ג",true,,64.90,64.9000,true,1,337240
7290000009359,false,כתף חלק טרי,,,כתף חלק טרי,קילוגרמים,1.00,"ק""ג",true,,64.90,64.9000,true,1,337305
7290000009362,false,צלי כתף טרי,,,צלי כתף טרי,קילוגרמים,1.00,"ק""ג",true,,89.90,89.9000,true,1,337402
7290000009363,false,צלי כתף חלק טרי,,,צלי כתף חלק טרי,קילוגרמים,1.00,"ק""ג",true,,89.90,89.9000,true,1,337431
7290000009366,false,פילה מדומה טרי,,,פילה מדומה טרי,קילוגרמים,1.00,"ק""ג",true,,74.90,74.9000,true,1,337258
7290000009456,false,צוואר עגל טרי,,,צוואר עגל טרי,קילוגרמים,1.00,"ק""ג",true,,54.90,54.9000,true,1,350192
7290000009463,false,אנטריקוט פרימיום ע.ע,,,אנטריקוט פרימיום ע.ע,קילוגרמים,1.00,"ק""ג",true,,109.90,109.9000,true,1,349907
7290000009464,false,אנטריקוט ע.ע טרי,,,אנטריקוט ע.ע טרי,קילוגרמים,1.00,"ק""ג",true,,94.90,94.9000,true,1,349951
7290000009465,false,אנטריקוט ע.ע מחפוד ט,,,אנטריקוט ע.ע מחפוד ט,קילוגרמים,1.00,"ק""ג",true,,104.90,104.9000,true,1,349981
7290000010250,false,5 יח' בייגלה בטעמים,,,5 יח' בייגלה בטעמים,יח',1.00,יח',false,,18.90,18.9000,true,1,54079
7290000011040,false,5 יח' לחמניה קשר,,,5 יח' לחמניה קשר,יח',1.00,יח',false,,14.90,14.9000,true,1,2483
7290000011236,false,בולגרית מעודנת המושב,,,בולגרית מעודנת המושב,קילוגרמים,1.00,"ק""ג",true,,50.00,50.0000,true,1,14777
7290000011243,false,בולגרית קשה המושבה 1,,,בולגרית קשה המושבה 1,קילוגרמים,1.00,"ק""ג",true,,45.00,45.0000,true,1,14778
7290000011397,false,ברי בקר/קממבר המושבה,,,ברי בקר/קממבר המושבה,קילוגרמים,1.00,"ק""ג",true,,100.00,100.0000,true,1,14782
7290000011593,false,שזיף,,,שזיף,קילוגרמים,1.00,"ק""ג",true,,19.90,19.9000,true,1,50895
7290000014510,false,חסה עגולה,,,חסה עגולה,יח',1.00,יח',false,,6.90,6.9000,true,1,50896
7290000017414,false,כריך גבטה לבן/כפרי 1,,,כריך גבטה לבן/כפרי 1,יח',1.00,יח',false,,4.60,4.6000,true,1,33977
<<<<<<< HEAD
7290000023083,false,ערק אשקלון בקבוק 700,"יקבי ברקן בע""\מ",,"ערק אשקלון 700 מ""ל כ",מיליליטרים,700.00,"100 מ""ל",false,,55.90,7.9857,true,1,9293
=======
7290000023083,false,ערק אשקלון בקבוק 700,טמפו משקאות בע`מ,,"ערק אשקלון 700 מ""ל כ",מיליליטרים,700.00,"100 מ""ל",false,,55.90,7.9857,true,1,9293
>>>>>>> d048ac2f4f281c9d788043ab4e81b61b0dbe3743
7290000024523,false,"תירוש של סגל ,מיץ ענבים , 1 ליטר",כרמי צבי - האחים סגל,,תירוש של סגל 1 ליטר,ליטרים,1.00,ליטר,false,,15.90,15.9000,true,1,9324
7290000024905,false,"וודקה קגלביץ' קלאסיקה 700 מ""ל",טמפו משקאות בעמ,,קגלביץ קלאסיקה 700 מ,מיליליטרים,700.00,"100 מ""ל",false,,55.90,7.9857,true,1,9330
7290000025786,false,דניס נקי טרי,,,דניס נקי טרי,קילוגרמים,1.00,"ק""ג",true,,79.90,79.9000,true,1,47870
7290000026650,false,צפתית פיראוס 5% במשק,,,צפתית פיראוס 5% במשק,קילוגרמים,1.00,"ק""ג",true,,59.00,59.0000,true,1,25606
7290000027742,false,לברק נקי טרי,,,לברק נקי טרי,קילוגרמים,1.00,"ק""ג",true,,69.90,69.9000,true,1,47885
7290000027995,false,פילה סלמון טרי,,,פילה סלמון טרי,קילוגרמים,1.00,"ק""ג",true,,99.90,99.9000,true,1,47893
<<<<<<< HEAD
7290000032665,false,רוטב עגבניות 28% 580ג' פרי זה,,,רוטב עגבניות 28% ברי,גרמים,580.00,100 גרם,false,,8.50,1.4655,true,1,8610
7290000040042,false,יופלה יוגורט תות %3 גביע 150 גרם,תנובה חלב,,יופלה תות שובב 3% 15,מיליליטרים,150.00,"100 מ""ל",false,,5.50,3.6667,true,1,25693
7290000040080,false,יופלה יוגורט אפרסק %3 גביע 150 גרם,תנובה חלב,,יופלה אפרסק מאוהב 3%,מיליליטרים,150.00,"100 מ""ל",false,,5.50,3.6667,true,1,25695
=======
7290000032665,false,רוטב עגבניות 28% 580ג' פרי זה,זנלכל בעמ,,רוטב עגבניות 28% ברי,גרמים,580.00,100 גרם,false,,8.50,1.4655,true,1,8610
7290000040042,false,יופלה יוגורט תות %3 גביע 150 גרם,"תנובה בע""מ ***",,יופלה תות שובב 3% 15,מיליליטרים,150.00,"100 מ""ל",false,,5.50,3.6667,true,1,25693
7290000040080,false,יופלה יוגורט אפרסק %3 גביע 150 גרם,"תנובה בע""מ ***",,יופלה אפרסק מאוהב 3%,מיליליטרים,150.00,"100 מ""ל",false,,5.50,3.6667,true,1,25695
>>>>>>> d048ac2f4f281c9d788043ab4e81b61b0dbe3743
7290000040301,false,תנובה עין גדי קממבר מחלב בקר 24% שומן,תנובה מרכז שיתופי לש,,תנובה גבינת קממבר עי,גרמים,125.00,100 גרם,false,,19.90,15.9200,true,1,25696
7290000040974,false,חלב 2% דל לקטוז בקרטון תנובה (1 ליטר),תנובה מרכז שיתופי לש,,חלב תנובה קרטון דל ל,ליטרים,1.00,ליטר,false,,7.50,7.5000,true,1,25700
7290000041445,false,קוטג תנובה גביע 250 גרם 5% בדצ,מיוצר עי קונדיטוריית,,"קוטג' 5% תנובה בד""צ",גרמים,250.00,100 גרם,false,,5.70,2.2800,true,1,25702
<<<<<<< HEAD
7290000041858,false,"שמנת חמוצה 15% מועשרת יטבתה 200 מ""ל",שטראוס גרופ,,יטבתה שמנת חמוצה 15%,מיליליטרים,200.00,"100 מ""ל",false,,2.90,1.4500,true,1,23223
7290000042015,false,"חלב שתייה תנובה בד""צ בשקית 1 ליטר",תנובה מרכז שיתופי לש,,חלב תנובה טרי שקית,יחידה,0.00,יחידה,false,,5.43,0.0000,true,1,25705
7290000042404,false,חלב 3% בשקית יטבתה 1 ליטר מהדרין,שטראוס גרופ,,יטבתה חלב מועשר שקית,ליטרים,1.00,ליטר,false,,5.90,5.9000,true,1,23226
7290000042435,false,חלב דל שומן בקרטון+פקק תנובה 1 ליטר,תנובה מרכז שיתופי לש,,חלב תנובה בקרטון 1%,ליטרים,1.00,ליטר,false,,5.86,5.8600,true,1,25711
=======
7290000041858,false,"שמנת חמוצה 15% מועשרת יטבתה 200 מ""ל",שטראוס גרופ בעמ/מצונן,,יטבתה שמנת חמוצה 15%,מיליליטרים,200.00,"100 מ""ל",false,,2.90,1.4500,true,1,23223
7290000042015,false,חלב 3% בשקית בדצ תנובה (1 ליטר)פיקוח,תנובה מרכז שיתופי לש,,חלב תנובה טרי שקית,יחידה,0.00,יחידה,false,,5.43,0.0000,true,1,25705
7290000042404,false,חלב 3% מועשר מהדרין בשקית יטבתה (1 ליטר),שטראוס גרופ בעמ/מצונן,,יטבתה חלב מועשר שקית,ליטרים,1.00,ליטר,false,,5.90,5.9000,true,1,23226
7290000042435,false,חלב דל שומן 1% בקרטון תנובה (1 ליטר)פיק,תנובה מרכז שיתופי לש,,חלב תנובה בקרטון 1%,ליטרים,1.00,ליטר,false,,5.86,5.8600,true,1,25711
>>>>>>> d048ac2f4f281c9d788043ab4e81b61b0dbe3743
7290000042640,false,"חלב תנובה עמיד 3% קרטון 250 מ""ל",תנובה מרכז שיתופי לש,,חלב תנובה עמיד 3% מה,מיליליטרים,250.00,"100 מ""ל",false,,2.90,1.1600,true,1,25716
7290000042855,false,"שוקו בשקית 250 מ""ל ""יטבתה""",שטראוס גרופ בעמ/מצונן,,יטבתה שוקו שקית 225,מיליליטרים,225.00,"100 מ""ל",false,,2.90,1.2889,true,1,23228
7290000043814,false,השף הלבן שמנת להקצפה 38% שומן 250 מל - מוצר בפיקוח,תנובה מרכז שיתופי לש,,שף לבן שמנת לקצפת עמ,מיליליטרים,250.00,"100 מ""ל",false,,6.47,2.5880,true,1,25721
7290000043890,false,תנובה רויון לבן מחלב מפסוטר 1.5%,תנובה מרכז שיתופי לש,,ריויון 1.5% 1ל,ליטרים,1.00,ליטר,false,,11.50,11.5000,true,1,25722
7290000044712,false,יוגורט עם תות 1.5% שומן 500 ג' פרילי,מיוצר עי קונדיטוריית,,פרילי תות 1.5% 500מל,מיליליטרים,500.00,"100 מ""ל",false,,10.90,2.1800,true,1,25727
7290000045580,false,גבינה מותכת נעמה חורש תנובה 240 גרם,תנובה מרכז שיתופי לש,,נעמה גבינת מותכת 25%,גרמים,240.00,100 גרם,false,,18.90,7.8750,true,1,25732
7290000046020,false,"גלבוע 22% שקילה}גבנ""צ{*.",תנובה מרכז שיתופי לש,,גלבוע 22% במשקל,קילוגרמים,1.00,"ק""ג",true,,42.58,42.5800,true,1,25613
7290000046563,false,קולאג 23% פרמזן חריץ תנובה,תנובה מרכז שיתופי לש,,גבע פרמזן תנובה במשק,קילוגרמים,1.00,"ק""ג",true,,113.00,113.0000,true,1,25620
7290000046662,false,גב.קשה סקנדינבית31%משקל,תנובה מרכז שיתופי לש,,סקנדינבית חריץ מעדני,קילוגרמים,1.00,"ק""ג",true,,79.00,79.0000,true,1,25621
<<<<<<< HEAD
7290000047034,false,גבינת רוקפור 26%כבש משקל,תנובה מרכז שיתופי לש,,רוקפור גליל במשקל,קילוגרמים,1.00,"ק""ג",true,,126.00,126.0000,true,1,25623
=======
7290000047034,false,רוקפור (26% גליל) חריץ תנובה,תנובה מרכז שיתופי לש,,רוקפור גליל במשקל,קילוגרמים,1.00,"ק""ג",true,,126.00,126.0000,true,1,25623
>>>>>>> d048ac2f4f281c9d788043ab4e81b61b0dbe3743
7290000047485,false,גבינה בולגרית במשקל,תנובה מרכז שיתופי לש,,בולגרית פיראוס 24% ב,קילוגרמים,1.00,"ק""ג",true,,59.00,59.0000,true,1,25625
7290000047546,false,השף הלבן כנען גבינה לבנה דלת נתרן 5% תנובה 500 גרם,תנובה מרכז שיתופי לש,,שף לבן כנען 5% 500ג,גרמים,500.00,100 גרם,false,,24.90,4.9800,true,1,25736
7290000048185,false,גבינה לבנה 5% תנובה 250 גרם מהדרין,מיוצר עי קונדיטוריית,,גבינה לבנה רכה 5% תנ,גרמים,250.00,100 גרם,false,,4.98,1.9920,true,1,25739
7290000048192,false,גבינה לבנה 9% תנובה 250 גרם מהדרין,מחלבת אלון תבור,,גבינה לבנה רכה 9% בד,גרמים,250.00,100 גרם,false,,4.80,1.9200,true,1,25740
<<<<<<< HEAD
7290000048307,false,גבינת קוטג' עם זיתים 5% תנובה 250 גרם,מיוצר עי קונדיטוריית,,קוטג תנובה עם זיתים,גרמים,250.00,100 גרם,false,,5.90,2.3600,true,1,25741
7290000048437,false,פיראוס צפתית 5% שומן 200 גרם,פארייפאבה אגרואינדוס,,פיראוס צפתית 5% 200,גרמים,200.00,100 גרם,false,,14.90,7.4500,true,1,25743
=======
7290000048307,false,גבינת קוטג`5% עם זיתים תנובה (250 גרם),מיוצר עי קונדיטוריית,,קוטג תנובה עם זיתים,גרמים,250.00,100 גרם,false,,5.90,2.3600,true,1,25741
7290000048437,false,גבינת צפתית (2005% גרם)פיראוס תנובה,פארייפאבה אגרואינדוס,,פיראוס צפתית 5% 200,גרמים,200.00,100 גרם,false,,14.90,7.4500,true,1,25743
>>>>>>> d048ac2f4f281c9d788043ab4e81b61b0dbe3743
7290000051352,false,חלב מלא בטעם של פעם 3.4% תנובה קרטון 1 ל',תנובה מרכז שיתופי לש,,חלב תנובה של פעם בקר,ליטרים,1.00,ליטר,false,,7.70,7.7000,true,1,25757
7290000052311,false,גבינה צהובה עמק לייט 15% שומן 200 גרם,תנובה מרכז שיתופי לש,,עמק מהדרין 15% 200 ג,גרמים,200.00,100 גרם,false,,16.20,8.1000,true,1,25765
7290000052649,false,לאבנה אסלית (5005% גרם)פיראוס תנובה,תנובה מרכז שיתופי לש,,פיראוס לאבנה 5% 500ג,גרמים,500.00,100 גרם,false,,19.90,3.9800,true,1,25767
7290000052946,false,מארז יוגורט יופלה לבן מעודן בדצ 8*150,תנובה מרכז שיתופי לש,,יופלה בדץ מעודן 8*15,ליטרים,1.20,ליטר,false,,21.90,18.2500,true,1,25770
7290000053219,false,טל העמק חריץ 32% במשקל,תנובה מרכז שיתופי לש,,טל העמק 32% במשקל,קילוגרמים,1.00,"ק""ג",true,,61.00,61.0000,true,1,25628
7290000053981,false,מאגדת יופלה 4*תות 150ג 4*אפרסק 150ג בדצ,תנובה מרכז שיתופי לש,,מאגדת יופלה תות ואפר,קילוגרמים,1.20,"ק""ג",false,,26.90,22.4167,true,1,25773
7290000055015,false,פיראוס גבינת פטה כבשים 5% תנובה 250 גרם,תנובה מרכז שיתופי לש,,פיראוס גבינת פטה כבש,גרמים,250.00,100 גרם,false,,29.50,11.8000,true,1,25779
7290000055329,false,"משקה בוקר יוגורט 1.5% בטעם תות מלון יופלה 250 מ""ל",תנובה מרכז שיתופי לש,,יופלה משקה יוגורט תו,מיליליטרים,250.00,"100 מ""ל",false,,6.50,2.6000,true,1,25781
7290000055336,false,"משקה יוגורט 1.5% בטעם בננה אפרסק יופלה 250 מ""ל",תנובה מרכז שיתופי לש,,יופלה משקה יוגורט בנ,מיליליטרים,250.00,"100 מ""ל",false,,6.50,2.6000,true,1,25782
7290000055343,false,משקה יוגורט יופלה פירות טרופיים 250 גרם,תנובה מרכז שיתופי לש,,יופלה משקה יוגורט טר,מיליליטרים,250.00,"100 מ""ל",false,,6.50,2.6000,true,1,25783
7290000055350,false,גבינה צהובה חריץ עמק 28% במשקל,תנובה מרכז שיתופי לש,,עמק קלאסית 28% במשקל,קילוגרמים,1.00,"ק""ג",true,,44.79,44.7900,true,1,25630
7290000056081,false,מארז יוגורט פרילי טבע 6*200 גרם,מיוצר עי קונדיטוריית,,"פרילי טבע 6*200 מ""ל",קילוגרמים,1.20,"ק""ג",false,,21.90,18.2500,true,1,25791
7290000056845,false,תנובה חלב טרי 3% שומן 1.5 ליטר - מוצר בפיקוח,פארייפאבה אגרואינדוס,,חלב תנובה בקרטון 3%,ליטרים,1.50,ליטר,false,,9.34,6.2267,true,1,25797
7290000056890,false,שמיניית דיאט יופלה 0% טעמים שונים 150 גרם,מיוצר עי קונדיטוריית,,יופלה דיאט טעמים שונ,קילוגרמים,1.20,"ק""ג",false,,30.90,25.7500,true,1,25799
7290000056906,false,מאגדת לבן טבעי 1.5% שומן 8 יח' * 150 ג' יופלה,מחלבת אלון תבור,,יופלה לבן 1.5% 8*150,ליטרים,1.20,ליטר,false,,17.90,14.9167,true,1,25800
7290000056951,false,"תנובה, השף הלבן, שמנת לבישול 15% שומן 500 מל",תנובה מרכז שיתופי לש,,שף לבן שמנת לבישול +,מיליליטרים,500.00,"100 מ""ל",false,,16.90,3.3800,true,1,25802
7290000057088,false,עמק גבינה צהובה פרוסה דק דק 28% תנובה 200 גרם,תנובה מרכז שיתופי לש,,עמק דק דק 28% 200גר,גרמים,200.00,100 גרם,false,,16.90,8.4500,true,1,25805
7290000057118,false,גבינה צהובה עמק 28% שומן ואקום 400 גרם,תנובה מרכז שיתופי לש,,עמק סמי 28% 400 גר,גרמים,400.00,100 גרם,false,,22.90,5.7250,true,1,25806
7290000057149,false,יוגורט תנובה טבעי 3% גביע 200 גרם,מיוצר עי קונדיטוריית,,תנובה יוגורט טבעי 3%,גרמים,200.00,100 גרם,false,,3.50,1.7500,true,1,25808
<<<<<<< HEAD
7290000057453,false,גבינת עמק בדץ 28% במ,תנובה,,עמק בדץ 28% במשקל,קילוגרמים,1.00,"ק""ג",true,,42.70,42.7000,true,1,25634
7290000057552,false,יופלה דיאט עוגת גבינה ותות 0% גביע 150ג',תנובה חלב,,יופלה דיאט ע.גבינה ו,מיליליטרים,150.00,"100 מ""ל",false,,5.50,3.6667,true,1,25811
7290000058030,false,"שמיניית יופלה שטוזים משקה יוגורט תות 100 מ""ל",מיוצר עי קונדיטוריית,,יופלה שטוזים משקה יו,מיליליטרים,800.00,"100 מ""ל",false,,20.90,2.6125,true,1,25813
7290000058047,false,שמנת להקצפה 38% 500מל מהדרין עמיד השף הלבן,תנובה מרכז שיתופי לש,,שף לבן שמנת מתוקה מה,מיליליטרים,500.00,"100 מ""ל",false,,12.94,2.5880,true,1,25814
7290000060088,false,בייגלה מקלות מלוחים אסם 400 גרם,מיוצר עי קונדיטוריית,,בייגלה אסם מקלות מלו,גרמים,400.00,100 גרם,false,,11.90,2.9750,true,1,18412
7290000060200,false,פסטה אסם פתיתים אפויים קוסקוס 500גר,"אסם תעשיות בע""מ",,פתיתים אפויים קוסקוס,גרמים,500.00,100 גרם,false,,7.90,1.5800,true,1,18416
7290000060217,false,פסטה מקרוני מספר 7 אסם 500 גרם,קריות זול,,פסטה מקרוני אסם 500,גרמים,500.00,100 גרם,false,,6.90,1.3800,true,1,18417
7290000060248,false,פסטה אסם פתיתים תלתלים 500 גר',קריות זול,,פסטה תלתלים אסם 500,גרמים,500.00,100 גרם,false,,6.90,1.3800,true,1,18418
7290000060330,false,פרפקטו פרפקטו ספיראלי גירף 500 גר,אסם פרפקטו,,פסטה ספירלי פרפקטו 5,גרמים,500.00,100 גרם,false,,7.90,1.5800,true,1,18422
7290000060408,false,פסטה אסם פתיתים אפויים טבעות 500 גר,"אסם השקעות בע""\מ",,פתיתים אפויים טבעות,גרמים,500.00,100 גרם,false,,7.90,1.5800,true,1,18424
7290000060415,false,"פסטה פרפקטו לאזניה 500 ג' ""אסם""",אסם פרפקטו,,לזאניה פרפקטו 500 ג,גרמים,500.00,100 גרם,false,,15.90,3.1800,true,1,18425
7290000060576,false,פתיתים אפויים כוכבים אסם 500 גרם,"אסם השקעות בע""\מ",,פתיתים אפויים כוכבים,גרמים,500.00,100 גרם,false,,7.90,1.5800,true,1,18431
7290000060781,false,פסטה אסם פתיתים מסולסלים 500גר,קריות זול,,פסטה מסולסלים אסם 50,גרמים,500.00,100 גרם,false,,6.90,1.3800,true,1,18432
7290000060828,false,פסטה קרניים בינוניות אסם 500 גרם,קריות זול,,פסטה קרניים בינוניות,גרמים,500.00,100 גרם,false,,6.90,1.3800,true,1,18433
7290000060842,false,פסטה אסם פתיתים צדפים גדולים 500גר,קריות זול,,פסטה צדפים גדולים אס,גרמים,500.00,100 גרם,false,,6.90,1.3800,true,1,18434
7290000060859,false,פסטה אסם פתיתים צדפים קטנים 500גר,קריות זול,,פסטה צדפים קטנים אסם,גרמים,500.00,100 גרם,false,,6.90,1.3800,true,1,18435
7290000060880,false,פסטה ספגטי מספר 8 אסם 500 גרם,קריות זול,,ספגטי אסם 500 גרם,גרמים,500.00,100 גרם,false,,6.90,1.3800,true,1,18437
7290000060903,false,פסטה אסם פתיתים אפויים אורז 500גר,"אסם השקעות בע""\מ",,פתיתים אפויים אורז א,גרמים,500.00,100 גרם,false,,7.90,1.5800,true,1,18438
7290000060958,false,פסטה אסם אטריות בינוניות 400 גרם,"אסם השקעות בע""\מ",,אטריות בינוניות אסם,גרמים,400.00,100 גרם,false,,7.90,1.9750,true,1,18440
7290000060965,false,פסטה אסם אטריות רחבות 400גר,"אסם השקעות בע""\מ",,אטריות רחבות אסם 400,גרמים,400.00,100 גרם,false,,7.90,1.9750,true,1,18441
7290000061061,false,קרקר חיטה עם בצל אסם,"אסם השקעות בע""\מ",,אסם קרקר בצל 250גרם,גרמים,250.00,100 גרם,false,,9.90,3.9600,true,1,18443
=======
7290000057453,false,עמק פיקוח 28% חריץ צהובה בדצ,תנובה - חלב,,עמק בדץ 28% במשקל,קילוגרמים,1.00,"ק""ג",true,,42.70,42.7000,true,1,25634
7290000057552,false,יופלה דיאט עוגת גבינה ותות 0% גביע 150ג',תנובה - חלב,,יופלה דיאט ע.גבינה ו,מיליליטרים,150.00,"100 מ""ל",false,,5.50,3.6667,true,1,25811
7290000058030,false,"שמיניית יופלה שטוזים משקה יוגורט תות 100 מ""ל",מיוצר עי קונדיטוריית,,יופלה שטוזים משקה יו,מיליליטרים,800.00,"100 מ""ל",false,,20.90,2.6125,true,1,25813
7290000058047,false,שמנת להקצפה 38% 500מל מהדרין עמיד השף הלבן,תנובה מרכז שיתופי לש,,שף לבן שמנת מתוקה מה,מיליליטרים,500.00,"100 מ""ל",false,,12.94,2.5880,true,1,25814
7290000060088,false,בייגלה מקלות עם מלח אסם (400 גרם),קבוצת אוסם סחר שותפות מוגבלת,,בייגלה אסם מקלות מלו,גרמים,400.00,100 גרם,false,,11.90,2.9750,true,1,18412
7290000060200,false,פסטה אסם פתיתים אפויים קוסקוס 500גר,קבוצת אוסם סחר שותפות מוגבלת,,פתיתים אפויים קוסקוס,גרמים,500.00,100 גרם,false,,7.90,1.5800,true,1,18416
7290000060217,false,פסטה מקרוני מספר 7 אסם (500 גרם),קבוצת אוסם סחר שותפות מוגבלת,,פסטה מקרוני אסם 500,גרמים,500.00,100 גרם,false,,6.90,1.3800,true,1,18417
7290000060248,false,פסטה אסם פתיתים תלתלים 500 גר',קבוצת אוסם סחר שותפות מוגבלת,,פסטה תלתלים אסם 500,גרמים,500.00,100 גרם,false,,6.90,1.3800,true,1,18418
7290000060330,false,פרפקטו פרפקטו ספיראלי גירף 500 גר,קבוצת אוסם סחר שותפות מוגבלת,,פסטה ספירלי פרפקטו 5,גרמים,500.00,100 גרם,false,,7.90,1.5800,true,1,18422
7290000060408,false,פסטה אסם פתיתים אפויים טבעות 500 גר,קבוצת אוסם סחר שותפות מוגבלת,,פתיתים אפויים טבעות,גרמים,500.00,100 גרם,false,,7.90,1.5800,true,1,18424
7290000060415,false,"פסטה פרפקטו לאזניה 500 ג' ""אסם""",קבוצת אוסם סחר שותפות מוגבלת,,לזאניה פרפקטו 500 ג,גרמים,500.00,100 גרם,false,,15.90,3.1800,true,1,18425
7290000060576,false,פתיתים אפויים כוכבים אסם (500 גרם),קבוצת אוסם סחר שותפות מוגבלת,,פתיתים אפויים כוכבים,גרמים,500.00,100 גרם,false,,7.90,1.5800,true,1,18431
7290000060781,false,פרומנטי פתיתים מסולסלים אוסם,קבוצת אוסם סחר שותפות מוגבלת,,פסטה מסולסלים אסם 50,גרמים,500.00,100 גרם,false,,6.90,1.3800,true,1,18432
7290000060828,false,פסטה קרניים בינוניות אסם (500 גרם),קבוצת אוסם סחר שותפות מוגבלת,,פסטה קרניים בינוניות,גרמים,500.00,100 גרם,false,,6.90,1.3800,true,1,18433
7290000060842,false,פסטה אסם פתיתים צדפים גדולים 500גר,קבוצת אוסם סחר שותפות מוגבלת,,פסטה צדפים גדולים אס,גרמים,500.00,100 גרם,false,,6.90,1.3800,true,1,18434
7290000060859,false,פסטה אסם פתיתים צדפים קטנים 500גר,קבוצת אוסם סחר-שות.מוגבלת,,פסטה צדפים קטנים אסם,גרמים,500.00,100 גרם,false,,6.90,1.3800,true,1,18435
7290000060880,false,פסטה ספגטי מספר 8 אסם 500 גרם,קבוצת אוסם סחר שותפות מוגבלת,,ספגטי אסם 500 גרם,גרמים,500.00,100 גרם,false,,6.90,1.3800,true,1,18437
7290000060903,false,פסטה אסם פתיתים אפויים אורז 500גר,קבוצת אוסם סחר שותפות מוגבלת,,פתיתים אפויים אורז א,גרמים,500.00,100 גרם,false,,7.90,1.5800,true,1,18438
7290000060958,false,אטריות מובחרות בינוניות אסם (400 גרם),קבוצת אוסם סחר שותפות מוגבלת,,אטריות בינוניות אסם,גרמים,400.00,100 גרם,false,,7.90,1.9750,true,1,18440
7290000060965,false,פסטה אסם אטריות רחבות 400גר,קבוצת אוסם סחר שותפות מוגבלת,,אטריות רחבות אסם 400,גרמים,400.00,100 גרם,false,,7.90,1.9750,true,1,18441
7290000061061,false,קרקר חיטה עם בצל אסם,קבוצת אוסם סחר שותפות מוגבלת,,אסם קרקר בצל 250גרם,גרמים,250.00,100 גרם,false,,9.90,3.9600,true,1,18443
>>>>>>> d048ac2f4f281c9d788043ab4e81b61b0dbe3743
7290000061070,false,צפתית קשה המושבה במש,,,צפתית קשה המושבה במש,קילוגרמים,1.00,"ק""ג",true,,75.00,75.0000,true,1,14793
7290000061214,false,פתיתים אפויים קוסקוס עם בצל אסם 500 גרם,קבוצת אסם סחר שות. מוגבלת,,פתיתים קוסקוס בצל אס,גרמים,500.00,100 גרם,false,,7.90,1.5800,true,1,18446
7290000061315,false,לאבנה טבעי המושבה 5%,,,לאבנה טבעי המושבה 5%,קילוגרמים,1.00,"ק""ג",true,,40.00,40.0000,true,1,14797
7290000061421,false,גבינת חלומי המושבה 2,,,גבינת חלומי המושבה 2,קילוגרמים,1.00,"ק""ג",true,,80.00,80.0000,true,1,14802
<<<<<<< HEAD
7290000061450,false,פתיתים אפויים קוסקוס 3 צבעים אסם 500 גרם,"אסם השקעות בע""\מ",,פתיתים קוסקוס 3 צבעי,גרמים,500.00,100 גרם,false,,7.90,1.5800,true,1,18449
7290000061764,false,קפה נמס מגורען רד מאג 200 גרם,נסטלה ספרד קפה,,נס קפה רד מאג טעם חד,גרמים,200.00,100 גרם,false,,23.90,11.9500,true,1,18450
7290000062952,false,אוסם - מיני קרוטונים למרק ולסלט 250 גרם,עינת תעשיות מזון אגו,,מיני קרוטונים למרק ו,גרמים,250.00,100 גרם,false,,16.90,6.7600,true,1,18456
7290000063140,false,שקדי מרק רכיבים טבעיים בשקית 400 ג' אסם,"אסם תעשיות בע""מ",,שקדי מרק רכיבים טבעי,גרמים,400.00,100 גרם,false,,13.90,3.4750,true,1,18461
7290000063157,false,"קמח עוגה תופח מאליו אסם 1 ק""ג","אסם השקעות בע""\מ",,קמח עוגה תופח מאליו,קילוגרמים,1.00,"ק""ג",false,,10.00,10.0000,true,1,18462
7290000064758,false,קוסקוס בינוני אמיתי אסם 350 ג',"מיוצר ע""י קוד יצרן K",,קוסקוס אמיתי אסם 350,גרמים,350.00,100 גרם,false,,8.90,2.5429,true,1,18472
7290000064871,false,"אוסם - מנה חמה פירה תפו""א עם בצל 56 גרם","אסם תעשיות בע""מ",,"מנה חמה פירה תפו""א ו",גרמים,56.00,100 גרם,false,,6.90,12.3214,true,1,18473
7290000065070,false,נתחי סלמון קמעונאי 4,,,נתחי סלמון קמעונאי 4,קילוגרמים,1.00,"ק""ג",true,,86.90,86.9000,true,1,51418
7290000065557,false,אוסם - מנה חמה קוסקוס עם ירקות 84 גרם,"אסם תעשיות מזון בע""מ",,מנה חמה קוסקוס וירקו,גרמים,84.00,100 גרם,false,,6.90,8.2143,true,1,18478
7290000066141,false,ביסלי חטיף בטעם גריל אסם 70 גרם,"אסם השקעות בע""\מ",,ביסלי גריל 70 גר'.,גרמים,70.00,100 גרם,false,,4.90,7.0000,true,1,18486
7290000066189,false,ביסלי חטיף בטעם פלאפל אסם 200 גרם,"אסם השקעות בע""\מ",,ביסלי גדול פלאפל 200,גרמים,200.00,100 גרם,false,,7.90,3.9500,true,1,18490
7290000066196,false,ביסלי חטיף בטעם גריל אסם 200 גרם,מיוצר עי קונדיטוריית,,ביסלי גריל 200גרם,גרמים,200.00,100 גרם,false,,7.90,3.9500,true,1,18491
7290000066226,false,ביסלי חטיף בטעם פיצה אסם 200 גרם,מיוצר עי קונדיטוריית,,ביסלי טעם פיצה 200גר,גרמים,200.00,100 גרם,false,,7.90,3.9500,true,1,18494
7290000066295,false,במבה מתוקה מחומרים טבעיים 30 גרם,מיוצר עי קונדיטוריית,,במבה מתוקה מחומרים ט,גרמים,30.00,100 גרם,false,,2.90,9.6667,true,1,18496
7290000066318,false,במבה חטיף בוטנים אסם 80 גרם,"אסם השקעות בע""\מ",,במבה קלאסי 80 גרם,גרמים,80.00,100 גרם,false,,4.90,6.1250,true,1,18498
7290000066332,false,אפרופו חטיף תירס אסם 50 גרם,מיוצר עי קונדיטוריית,,אפרופו 50 גרם,גרמים,50.00,100 גרם,false,,5.50,11.0000,true,1,18499
7290000066349,false,אפרופו חטיף תירס אסם 100 גרם,מיוצר עי קונדיטוריית,,אפרופו 100גרם,גרמים,100.00,100 גרם,false,,9.50,9.5000,true,1,18500
7290000066431,false,פופקו חטיף פופקורן בטעם חמאה ודבש אסם 80 גרם,מיוצר עי קונדיטוריית,,פופקו חמאה ודבש 80גר,גרמים,80.00,100 גרם,false,,5.90,7.3750,true,1,18501
7290000067407,false,פרורית מתובלת בשקית 200 גרם,עינת תעשיות מזון אגו,,פירורית מתובל שקית 2,גרמים,200.00,100 גרם,false,,6.50,3.2500,true,1,18508
7290000067544,false,פירורית זהב פירורי לחם אסם 200 גרם,עינת תעשיות מזון אגו,,אסם פירורית פירורי ל,גרמים,200.00,100 גרם,false,,6.50,3.2500,true,1,18510
7290000067735,false,פרפקטו ניוקי בצקיות תפוחי אדמה 500 ג' אסם,גרנדי פסטי,,"ניוקי בצקיות מתפו""א",גרמים,500.00,100 גרם,false,,12.90,2.5800,true,1,18516
7290000068138,false,אינסטנט פודינג בטעם וניל אסם 80 גרם,מיוצר עי קונדיטוריית,,אסם פודינג אינסטנט ו,גרמים,80.00,100 גרם,false,,6.50,8.1250,true,1,18520
7290000068190,false,אסם ג'לי תות שדה צבעים טבעיים 90 גרם,מיוצר עי קונדיטוריית,,אסם ג'לי תות שדה צבע,גרמים,90.00,100 גרם,false,,7.50,8.3333,true,1,18524
7290000068343,false,אסם פריכונים פרוסות קלויות מלא,"פרח תעשיות מזון בע""מ.",,פריכונים מאורז מלא א,גרמים,140.00,100 גרם,false,,7.90,5.6429,true,1,18530
7290000068770,false,במבה יום הולדת חטיף בוטנים אסם 80 גרם,"אסם השקעות בע""\מ",,במבה יום הולדת 80גרם,גרמים,80.00,100 גרם,false,,4.90,6.1250,true,1,18532
7290000068787,false,במבה יום הולדת חטיף בוטנים אסם 25 גרם,מיוצר עי קונדיטוריית,,במבה יום הולדת 25גרם,גרמים,25.00,100 גרם,false,,2.90,11.6000,true,1,18533
7290000069258,false,פסטה פרפקטו פנה ריגאטה 500 ג' אסם,קריות זול,,פנה ריגאטה פרפקטו 50,גרמים,500.00,100 גרם,false,,7.90,1.5800,true,1,18537
7290000069715,false,אוסם - חטיפי קרקר מלוח 300 גרם,"אסם תעשיות בע""מ",,אסם חטיפי קרקר מלוח,גרמים,300.00,100 גרם,false,,12.90,4.3000,true,1,18543
7290000070308,false,אבקת מרק עוף אמיתי בשרי אסם 400 גרם,"אסם השקעות בע""\מ",,מרק עוף אמיתי אסם 40,גרמים,400.00,100 גרם,false,,24.90,6.2250,true,1,18548
7290000070353,false,אבקת מרק בצל רכיבים טבעיים אסם 400 גרם,"אסם השקעות בע""\מ",,אבקת מרק בצל רכיבים,גרמים,400.00,100 גרם,false,,28.90,7.2250,true,1,18550
7290000070384,false,"אבקת מרק עדיף אסם 400 גר' כשל""פ","אסם השקעות בע""\מ",,אבקת מרק בטעם עוף זך,גרמים,400.00,100 גרם,false,,15.90,3.9750,true,1,18551
7290000070919,false,בייגלה אסם רשתות עם מלח 400 ג',מיוצר עי קונדיטוריית,,בייגלה אסם רשתות מלח,גרמים,400.00,100 גרם,false,,14.90,3.7250,true,1,18558
7290000072067,false,במבה חטיף בוטנים במילוי קרם חלבה 60 גרם,מיוצר עי קונדיטוריית,,במבה במילוי קרם חלבה,גרמים,60.00,100 גרם,false,,4.90,8.1667,true,1,18560
7290000072623,false,קטשופ אסם בקבוק לחיץ 750 גרם,"אסם תעשיות בע""מ",,אסם קטשופ בקבוק לחיץ,גרמים,750.00,100 גרם,false,,11.90,1.5867,true,1,18566
7290000072753,false,קפה נמס מגורען טסטרס צ'ויס 200 גרם-,נסטלה קוריאה - קפה,,נס קפה טייסטרס צ'ויס,גרמים,200.00,100 גרם,false,,32.90,16.4500,true,1,18569
7290000072760,false,נסקפה טייסטרס צויס 100 גר אוריגנל,נסטלה קוריאה - קפה,,טייסטרס צ'וייס 100גר,גרמים,100.00,100 גרם,false,,29.70,29.7000,true,1,18570
7290000072777,false,קפה נמס מגורען נטול קפאין טסטרס צ'ויס 200 גרם,נסטלה קוריאה - קפה,,טייסטרס צוייס נטול ק,גרמים,200.00,100 גרם,false,,40.90,20.4500,true,1,18571
7290000072784,false,קפה טייסטר צויס נטול קופאין 100 גר',נסטלה קוריאה - קפה,,טייסטרס צוייס נטול ק,גרמים,100.00,100 גרם,false,,30.10,30.1000,true,1,18572
7290000072968,false,דגני בוקר סיני מיניס חיטה מלאה וקינמון נסטלה 500 גרם,נסטלה פולין דגני בוק,,סיני מיניס דגני נסטל,יחידה,500.00,יחידה,false,,27.90,0.0558,true,1,18577
7290000073767,false,מנה חמה נודלס אטר.+ירקות טעם בקר 70 גרם,PUB FOODS PRESIDENT THAI,,מנה חמה נודלס בטעם ב,גרמים,70.00,100 גרם,false,,6.90,9.8571,true,1,18582
7290000073774,false,מנה חמה נודלס אטר+ירקות טעם צילי 70 גרם,טאי רזידנט,,מנה חמה נודלס בטעם פ,גרמים,70.00,100 גרם,false,,6.90,9.8571,true,1,18583
7290000074153,false,ביסקוויט פתי בר שוקולד אסם 500 גרם,מיוצר עי קונדיטוריית,,אסם פתי בר שוקו 500ג,גרמים,500.00,100 גרם,false,,14.90,2.9800,true,1,18587
7290000074184,false,ביסקוויט פתי בר אסם 500 גרם,"אסם השקעות בע""\מ",,אסם פתי בר 500גרם.,גרמים,500.00,100 גרם,false,,10.90,2.1800,true,1,18589
7290000074245,false,אוסם - קרם קרקר אסם 250 גרם,"אסם השקעות בע""\מ",,אסם קרם קרקר 250גרם,גרמים,250.00,100 גרם,false,,10.90,4.3600,true,1,18590
7290000074252,false,קרקר שומשון אסם 250 גרם,"אסם השקעות בע""\מ",,אסם קרקר שומשום 250ג,גרמים,250.00,100 גרם,false,,10.90,4.3600,true,1,18591
7290000074276,false,קרקר פיקנטי טבעון 250 ג' אסם,"אסם השקעות בע""\מ",,טבעון קרקר פיקנטי 25,גרמים,250.00,100 גרם,false,,10.90,4.3600,true,1,18592
7290000074696,false,"קרם קרקר 1 ק""ג אוסם","אסם השקעות בע""\מ",,אסם קרם קרקר 1קג,קילוגרמים,1.00,"ק""ג",false,,24.90,24.9000,true,1,18599
7290000075204,false,אוסם - לחמית חיטה מלאה 250 גרם,"אסם השקעות בע""\מ",,לחמית חיטה מלאה 250ג,גרמים,250.00,100 גרם,false,,9.90,3.9600,true,1,18607
7290000076126,false,אוסם - בייגלה שמיניות קטנות 80 גרם,"אסם השקעות בע""\מ",,אסם בייגלה שמיניות ק,גרמים,80.00,100 גרם,false,,3.90,4.8750,true,1,18609
7290000076133,false,בייגלה שמיניות קטנות עם מלח אסם 400 גרם,"אסם השקעות בע""\מ",,בייגלה אסם שמיניות ק,גרמים,400.00,100 גרם,false,,11.90,2.9750,true,1,18610
=======
7290000061450,false,פתיתים אפויים קוסקוס 3 צבעים אסם 500 גרם,קבוצת אסם סחר שות. מוגבלת,,פתיתים קוסקוס 3 צבעי,גרמים,500.00,100 גרם,false,,7.90,1.5800,true,1,18449
7290000061764,false,קפה נמס מגורען רד מאג 200 גרם,קבוצת אוסם סחר שותפות מוגבלת,,נס קפה רד מאג טעם חד,גרמים,200.00,100 גרם,false,,23.90,11.9500,true,1,18450
7290000062952,false,אוסם - מיני קרוטונים למרק ולסלט 250 גרם,קבוצת אוסם סחר שותפות מוגבלת,,מיני קרוטונים למרק ו,גרמים,250.00,100 גרם,false,,16.90,6.7600,true,1,18456
7290000063140,false,שקדי מרק רכיבים טבעיים בשקית 400 ג' אסם,קבוצת אוסם סחר שותפות מוגבלת,,שקדי מרק רכיבים טבעי,גרמים,400.00,100 גרם,false,,13.90,3.4750,true,1,18461
7290000063157,false,"קמח עוגה תופח מאליו אסם 1 ק""ג",קבוצת אוסם סחר שותפות מוגבלת,,קמח עוגה תופח מאליו,קילוגרמים,1.00,"ק""ג",false,,10.00,10.0000,true,1,18462
7290000064758,false,קוסקוס בינוני אמיתי אסם 350 ג',קבוצת אוסם סחר שותפות מוגבלת,,קוסקוס אמיתי אסם 350,גרמים,350.00,100 גרם,false,,8.90,2.5429,true,1,18472
7290000064871,false,"אוסם - מנה חמה פירה תפו""א עם בצל 56 גרם",קבוצת אוסם סחר שותפות מוגבלת,,"מנה חמה פירה תפו""א ו",גרמים,56.00,100 גרם,false,,6.90,12.3214,true,1,18473
7290000065070,false,נתחי סלמון קמעונאי 4,,,נתחי סלמון קמעונאי 4,קילוגרמים,1.00,"ק""ג",true,,86.90,86.9000,true,1,51418
7290000065557,false,אוסם - מנה חמה קוסקוס עם ירקות 84 גרם,קבוצת אוסם סחר שותפות מוגבלת,,מנה חמה קוסקוס וירקו,גרמים,84.00,100 גרם,false,,6.90,8.2143,true,1,18478
7290000066141,false,ביסלי חטיף בטעם גריל אסם (70 גרם),קבוצת אוסם סחר שותפות מוגבלת,,ביסלי גריל 70 גר'.,גרמים,70.00,100 גרם,false,,4.90,7.0000,true,1,18486
7290000066189,false,ביסלי חטיף בטעם פלאפל אסם (200 גרם),קבוצת אוסם סחר שותפות מוגבלת,,ביסלי גדול פלאפל 200,גרמים,200.00,100 גרם,false,,7.90,3.9500,true,1,18490
7290000066196,false,ביסלי חטיף בטעם גריל אסם (200 גרם),קבוצת אוסם סחר שותפות מוגבלת,,ביסלי גריל 200גרם,גרמים,200.00,100 גרם,false,,7.90,3.9500,true,1,18491
7290000066226,false,ביסלי חטיף בטעם פיצה אסם (200 גרם),קבוצת אוסם סחר שותפות מוגבלת,,ביסלי טעם פיצה 200גר,גרמים,200.00,100 גרם,false,,7.90,3.9500,true,1,18494
7290000066295,false,במבה מתוקה מחומרים טבעיים 30 גרם,קבוצת אוסם סחר שותפות מוגבלת,,במבה מתוקה מחומרים ט,גרמים,30.00,100 גרם,false,,2.90,9.6667,true,1,18496
7290000066318,false,במבה חטיף בוטנים אסם 80 גרם,קבוצת אוסם סחר שותפות מוגבלת,,במבה קלאסי 80 גרם,גרמים,80.00,100 גרם,false,,4.90,6.1250,true,1,18498
7290000066332,false,אפרופו חטיף תירס אסם (50 גרם),קבוצת אוסם סחר שותפות מוגבלת,,אפרופו 50 גרם,גרמים,50.00,100 גרם,false,,5.50,11.0000,true,1,18499
7290000066349,false,אפרופו חטיף תירס אסם (100 גרם),קבוצת אוסם סחר-שות.מוגבלת,,אפרופו 100גרם,גרמים,100.00,100 גרם,false,,9.50,9.5000,true,1,18500
7290000066431,false,פופקו חטיף פופקורן בטעם חמאה ודבש אסם 80 גרם,קבוצת אוסם סחר שותפות מוגבלת,,פופקו חמאה ודבש 80גר,גרמים,80.00,100 גרם,false,,5.90,7.3750,true,1,18501
7290000067407,false,פרורית מתובלת בשקית 200 גרם,קבוצת אוסם סחר שותפות מוגבלת,,פירורית מתובל שקית 2,גרמים,200.00,100 גרם,false,,6.50,3.2500,true,1,18508
7290000067544,false,פירורית זהב פירורי לחם אסם 200 גרם,קבוצת אוסם סחר שותפות מוגבלת,,אסם פירורית פירורי ל,גרמים,200.00,100 גרם,false,,6.50,3.2500,true,1,18510
7290000067735,false,פרפקטו ניוקי בצקיות תפוחי אדמה 500 ג' אסם,קבוצת אוסם סחר שותפות מוגבלת,,"ניוקי בצקיות מתפו""א",גרמים,500.00,100 גרם,false,,12.90,2.5800,true,1,18516
7290000068138,false,אינסטנט פודינג בטעם וניל אסם 80 גרם,קבוצת אוסם סחר שותפות מוגבלת,,אסם פודינג אינסטנט ו,גרמים,80.00,100 גרם,false,,6.50,8.1250,true,1,18520
7290000068190,false,אסם ג'לי תות שדה צבעים טבעיים 90 גרם,קבוצת אוסם סחר שותפות מוגבלת,,אסם ג'לי תות שדה צבע,גרמים,90.00,100 גרם,false,,7.50,8.3333,true,1,18524
7290000068343,false,אסם פריכונים פרוסות קלויות מלא,קבוצת אוסם סחר שותפות מוגבלת,,פריכונים מאורז מלא א,גרמים,140.00,100 גרם,false,,7.90,5.6429,true,1,18530
7290000068770,false,במבה יום הולדת חטיף בוטנים אסם 80 גרם,קבוצת אוסם סחר שותפות מוגבלת,,במבה יום הולדת 80גרם,גרמים,80.00,100 גרם,false,,4.90,6.1250,true,1,18532
7290000068787,false,במבה יום הולדת חטיף בוטנים אסם 25 גרם,קבוצת אוסם סחר שותפות מוגבלת,,במבה יום הולדת 25גרם,גרמים,25.00,100 גרם,false,,2.90,11.6000,true,1,18533
7290000069258,false,פסטה פרפקטו פנה ריגאטה 500 ג' אסם,קבוצת אוסם סחר-שות.מוגבלת,,פנה ריגאטה פרפקטו 50,גרמים,500.00,100 גרם,false,,7.90,1.5800,true,1,18537
7290000069715,false,אוסם - חטיפי קרקר מלוח 300 גרם,קבוצת אסם סחר שות. מוגבלת,,אסם חטיפי קרקר מלוח,גרמים,300.00,100 גרם,false,,12.90,4.3000,true,1,18543
7290000070308,false,אבקת מרק עוף אמיתי בשרי אסם 400 גרם,קבוצת אוסם סחר שותפות מוגבלת,,מרק עוף אמיתי אסם 40,גרמים,400.00,100 גרם,false,,24.90,6.2250,true,1,18548
7290000070353,false,אבקת מרק בצל רכיבים טבעיים אסם 400 גרם,קבוצת אוסם סחר שותפות מוגבלת,,אבקת מרק בצל רכיבים,גרמים,400.00,100 גרם,false,,28.90,7.2250,true,1,18550
7290000070384,false,"אבקת מרק עדיף אסם 400 גר' כשל""פ",קבוצת אוסם סחר-שות.מוגבלת,,אבקת מרק בטעם עוף זך,גרמים,400.00,100 גרם,false,,15.90,3.9750,true,1,18551
7290000070919,false,בייגלה רשתות עם מלח אסם (400 גרם),קבוצת אוסם סחר שותפות מוגבלת,,בייגלה אסם רשתות מלח,גרמים,400.00,100 גרם,false,,14.90,3.7250,true,1,18558
7290000072067,false,במבה חטיף בוטנים במילוי קרם חלבה 60 גרם,קבוצת אסם סחר שות. מוגבלת,,במבה במילוי קרם חלבה,גרמים,60.00,100 גרם,false,,4.90,8.1667,true,1,18560
7290000072623,false,קטשופ אסם בקבוק לחיץ 750 גרם,קבוצת אוסם סחר שותפות מוגבלת,,אסם קטשופ בקבוק לחיץ,גרמים,750.00,100 גרם,false,,11.90,1.5867,true,1,18566
7290000072753,false,קפה נמס מגורען טסטרס צ'ויס 200 גרם-,קבוצת אוסם סחר שותפות מוגבלת,,נס קפה טייסטרס צ'ויס,גרמים,200.00,100 גרם,false,,32.90,16.4500,true,1,18569
7290000072760,false,נסקפה טייסטרס צויס 100 גר אוריגנל,קבוצת אוסם סחר שותפות מוגבלת,,טייסטרס צ'וייס 100גר,גרמים,100.00,100 גרם,false,,29.70,29.7000,true,1,18570
7290000072777,false,קפה נמס מגורען נטול קפאין טסטרס צ'ויס 200 גרם,קבוצת אוסם סחר שותפות מוגבלת,,טייסטרס צוייס נטול ק,גרמים,200.00,100 גרם,false,,40.90,20.4500,true,1,18571
7290000072784,false,קפה טייסטר צויס נטול קופאין 100 גר',קבוצת אוסם סחר שותפות מוגבלת,,טייסטרס צוייס נטול ק,גרמים,100.00,100 גרם,false,,30.10,30.1000,true,1,18572
7290000072968,false,דגני בוקר סיני מיניס חיטה מלאה וקינמון נסטלה 500 גרם,קבוצת אוסם סחר-שות.מוגבלת,,סיני מיניס דגני נסטל,יחידה,500.00,יחידה,false,,27.90,0.0558,true,1,18577
7290000073767,false,מנה חמה נודלס אטר.+ירקות טעם בקר 70 גרם,קבוצת אוסם סחר שותפות מוגבלת,,מנה חמה נודלס בטעם ב,גרמים,70.00,100 גרם,false,,6.90,9.8571,true,1,18582
7290000073774,false,מנה חמה נודלס אטר+ירקות טעם צילי 70 גרם,קבוצת אוסם סחר שותפות מוגבלת,,מנה חמה נודלס בטעם פ,גרמים,70.00,100 גרם,false,,6.90,9.8571,true,1,18583
7290000074153,false,ביסקוויט פתי בר שוקולד אסם (500 גרם),קבוצת אוסם סחר שותפות מוגבלת,,אסם פתי בר שוקו 500ג,גרמים,500.00,100 גרם,false,,14.90,2.9800,true,1,18587
7290000074184,false,ביסקוויט פתי בר אסם (500 גרם),קבוצת אוסם סחר שותפות מוגבלת,,אסם פתי בר 500גרם.,גרמים,500.00,100 גרם,false,,10.90,2.1800,true,1,18589
7290000074245,false,אוסם - קרם קרקר אסם 250 גרם,קבוצת אוסם סחר שותפות מוגבלת,,אסם קרם קרקר 250גרם,גרמים,250.00,100 גרם,false,,10.90,4.3600,true,1,18590
7290000074252,false,קרקר שומשום אסם (250 גרם),קבוצת אוסם סחר שותפות מוגבלת,,אסם קרקר שומשום 250ג,גרמים,250.00,100 גרם,false,,10.90,4.3600,true,1,18591
7290000074276,false,קרקר פיקנטי טבעון 250 ג' אסם,קבוצת אוסם סחר שותפות מוגבלת,,טבעון קרקר פיקנטי 25,גרמים,250.00,100 גרם,false,,10.90,4.3600,true,1,18592
7290000074696,false,"קרם קרקר 1 ק""ג אוסם",קבוצת אוסם סחר שותפות מוגבלת,,אסם קרם קרקר 1קג,קילוגרמים,1.00,"ק""ג",false,,24.90,24.9000,true,1,18599
7290000075204,false,קרקר לחמית חיטה מלאה אסם (250 גרם),קבוצת אוסם סחר שותפות מוגבלת,,לחמית חיטה מלאה 250ג,גרמים,250.00,100 גרם,false,,9.90,3.9600,true,1,18607
7290000076126,false,אוסם - בייגלה שמיניות קטנות 80 גרם,קבוצת אוסם סחר שותפות מוגבלת,,אסם בייגלה שמיניות ק,גרמים,80.00,100 גרם,false,,3.90,4.8750,true,1,18609
7290000076133,false,בייגלה שמיניות קטנות עם מלח אסם 400 גרם,קבוצת אוסם סחר שותפות מוגבלת,,בייגלה אסם שמיניות ק,גרמים,400.00,100 גרם,false,,11.90,2.9750,true,1,18610
>>>>>>> d048ac2f4f281c9d788043ab4e81b61b0dbe3743
7290000076208,false,ברי פקאן משולש גד במ,,,ברי פקאן משולש גד במ,קילוגרמים,1.00,"ק""ג",true,,140.00,140.0000,true,1,14601
7290000076645,false,טוסטעים פת קלויה חיטה מלאה אסם 100 גרם,קבוצת אסם סחר שות. מוגבלת,,טוסטעים חיטה מלאה אס,גרמים,100.00,100 גרם,false,,10.90,10.9000,true,1,18612
7290000077017,false,עוגיות קרמוגית במילוי קרם שוקולד אסם 200 גרם,קבוצת אוסם סחר שותפות מוגבלת,,אסם קרמוגית במילוי ש,גרמים,200.00,100 גרם,false,,11.90,5.9500,true,1,18614
7290000077253,false,אוסם - לחמית כפרית עם דגנים מלאים 190 גרם,קבוצת אסם סחר שות. מוגבלת,,לחמית כפרית 190גרם,גרמים,190.00,100 גרם,false,,11.90,6.2632,true,1,18615
7290000078212,false,קרוטונים מתובלים למרק אסם (250 גרם),קבוצת אוסם סחר שותפות מוגבלת,,קרוטונים מתובלים אסם,גרמים,250.00,100 גרם,false,,15.90,6.3600,true,1,18618
7290000078762,false,אוסם - חטיפי פריכונים מאורז מלא בטעם דבש 80גר,קבוצת אוסם סחר-שות.מוגבלת,,חטיפי פריכונים אורז,גרמים,80.00,100 גרם,false,,8.90,11.1250,true,1,18620
7290000079233,false,קרם קרקר דיאטטי דל נתרן 250 גרם,קבוצת אוסם סחר שותפות מוגבלת,,אסם קרם קרקר דל נתרן,גרמים,250.00,100 גרם,false,,11.90,4.7600,true,1,18621
7290000079238,false,פטה עיזים מעודנת צור,,,פטה עיזים מעודנת צור,קילוגרמים,1.00,"ק""ג",true,,89.00,89.0000,true,1,6278
7290000079306,false,בולגרית צוריאל 24%,,,בולגרית צוריאל 24%,קילוגרמים,1.00,"ק""ג",true,,55.00,55.0000,true,1,6281
7290000080765,false,פת קלויה טוסטעים עם שומשום אסם (100 גרם),קבוצת אוסם סחר שותפות מוגבלת,,טוסטעים פת קלויה עם,גרמים,100.00,100 גרם,false,,10.90,10.9000,true,1,18624
7290000081663,false,"בייגלה טבעות שומשום אסם 300 גרם בד""ץ",קבוצת אוסם סחר שותפות מוגבלת,,בייגלה אסם טבעות שומ,גרמים,300.00,100 גרם,false,,11.90,3.9667,true,1,18626
7290000085180,false,גטניו פתי בר וניל 470 גרם,"אחים גטניו בע""מ",,גטניו - פתיבר וניל 4,גרמים,470.00,100 גרם,false,,9.90,2.1064,true,1,41204
7290000085196,false,רוקפור גליל גד מע,,,רוקפור גליל גד מע,קילוגרמים,1.00,"ק""ג",true,,130.00,130.0000,true,1,14606
7290000095415,false,נעם 9% חריץ מעדניה-,,,נעם 9% חריץ מעדניה-,קילוגרמים,1.00,"ק""ג",true,,72.00,72.0000,true,1,6289
7290000095422,false,גבינת נועם 22% חריץ,,,גבינת נועם 22% חריץ,קילוגרמים,1.00,"ק""ג",true,,42.58,42.5800,true,1,6290
7290000100081,false,לחמניה קשר/קלועה,,,לחמניה קשר/קלועה,יח',1.00,יח',false,,3.00,3.0000,true,1,33987
7290000100135,false,פירות קפואים סנפרוסט דובדבן 300 גר,תנובה ענף ב.ע.ד,,סדרת פירות קפואים-דו,גרמים,300.00,100 גרם,false,,18.90,6.3000,true,1,25426
7290000100156,false,נילס קוקיס חלבי,,,נילס קוקיס חלבי,קילוגרמים,1.00,"ק""ג",true,,53.00,53.0000,true,1,2496
7290000100160,false,נילס קוקיס שוקו,,,נילס קוקיס שוקו,קילוגרמים,1.00,"ק""ג",true,,53.00,53.0000,true,1,2499
7290000100615,false,5 יח' חליות לחמניו,,,5 יח' חליות לחמניו,יח',1.00,יח',false,,12.90,12.9000,true,1,2505
7290000101927,false,אוכמניות כחולות מוקפאות סנפרוסט 300 גרם,תנובה ענף ב.ע.ד,,אוכמניות כחולות מוקפ,גרמים,300.00,100 גרם,false,,18.90,6.3000,true,1,25449
7290000101934,false,מיקס פירות יער מוקפאים 300 גר סנפרוסט,תנובה ענף ב.ע.ד,,מיקס פירות יער 300 ג,גרמים,300.00,100 גרם,false,,18.90,6.3000,true,1,25450
7290000101958,false,מנגו חתוך מוקפא סנפרוסט (300 גרם),תנובה ענף ב.ע.ד,,מנגו מוקפא 300 גרם,גרמים,300.00,100 גרם,false,,18.90,6.3000,true,1,25451
7290000103123,false,5 יח' גבטה/ג'בטה כפ,,,5 יח' גבטה/ג'בטה כפ,יח',1.00,יח',false,,21.90,21.9000,true,1,54097
<<<<<<< HEAD
7290000103457,false,"מיני כרובית 600 גרם ""סנפרוסט""","סנפרוסט בע""\מ",,מיני כרובית 600 גרם,גרמים,600.00,100 גרם,false,,19.90,3.3167,true,1,25463
7290000103471,false,מיני ברוקולי סנפרוסט 600 גרם,"סנפרוסט בע""\מ",,סנפרוסט מיני ברוקולי,גרמים,600.00,100 גרם,false,,19.90,3.3167,true,1,25464
7290000103839,false,מרק כתום עשיר בירקות סנפרוסט 570 גרם,"סנפרוסט בע""\מ",,סנפרוסט מרק כתום קפו,גרמים,572.00,100 גרם,false,,19.90,3.4790,true,1,25486
7290000103846,false,מרק אפונה עשיר בירקות סנפרוסט 570 גרם,"סנפרוסט בע""\מ",,סנפרוסט מרק אפונה קפ,גרמים,570.00,100 גרם,false,,19.90,3.4912,true,1,25487
7290000103860,false,מרק עדשים עשיר בירקות סנפרוסט 570 גרם,"איי, בי, אינבוו",,סנפרוסט מרק עדשים קפ,גרמים,572.00,100 גרם,false,,19.90,3.4790,true,1,25488
7290000103877,false,מרק שעועית עשיר בירקות סנפרוסט 640 גרם,"סנפרוסט בע""\מ",,סנפרוסט מרק שעועית ק,גרמים,644.00,100 גרם,false,,19.90,3.0901,true,1,25489
7290000104072,false,עדשים ירוקות מבושלות מוקפאות 800 ג' סנפרוסט,"איי, בי, אינבוו",,סנפרוסט עדשים ירוקות,גרמים,800.00,100 גרם,false,,20.90,2.6125,true,1,25492
7290000104201,false,אפונה עדינה סנפרוסט 600 גרם,"איי, בי, אינבוו",,אפונה עדינה סנפרוסט,גרמים,600.00,100 גרם,false,,19.90,3.3167,true,1,25494
7290000104218,false,סנפרוסט במיה 600 גרם,"איי, בי, אינבוו",,סנפרוסט במיה 600גר,גרמים,600.00,100 גרם,false,,17.90,2.9833,true,1,25495
7290000104676,false,אפונה קפואה סנפרוסט 800 גרם,"איי, בי, אינבוו",,אפונת גינה סנפרוסט 8,גרמים,800.00,100 גרם,false,,19.90,2.4875,true,1,25498
7290000104683,false,שעועית ירוקה שלמה סנפרוסט 800 גרם,"סנפרוסט בע""\מ",,שעועית שלמה סנפרוסט,גרמים,800.00,100 גרם,false,,22.90,2.8625,true,1,25499
7290000104690,false,תירס גרעינים 800 גרם סנפרוסט,"איי, בי, אינבוו",,תירס גרעינים 800גר,גרמים,800.00,100 גרם,false,,18.90,2.3625,true,1,25500
7290000104706,false,גזר גמדי סנפרוסט 800 גרם,"סנפרוסט בע""\מ",,גזר גמדי 800 גרם,גרמים,800.00,100 גרם,false,,18.90,2.3625,true,1,25501
7290000104720,false,שעועית ירוקה חתוכה סנפרוסט 800 גרם,"סנפרוסט בע""\מ",,שעועית ירוקה חתוכה ס,גרמים,800.00,100 גרם,false,,20.90,2.6125,true,1,25503
7290000104744,false,כרובית סנפרוסט 800 גרם,"סנפרוסט בע""\מ",,כרובית 800גר,גרמים,800.00,100 גרם,false,,27.90,3.4875,true,1,25505
7290000104751,false,"כרוב ניצנים 800 גרם ""סנפרוסט""","איי, בי, אינבוו",,כרוב ניצנים 800גר,גרמים,800.00,100 גרם,false,,27.90,3.4875,true,1,25506
7290000104768,false,תרד עלים סנפרוסט 800 ג ',"איי, בי, אינבוו",,תרד עלים 800 גרם,גרמים,800.00,100 גרם,false,,28.90,3.6125,true,1,25507
7290000104799,false,שעועית לבנה מבושלת סנפרוסט 800 גרם,"איי, בי, אינבוו",,שעועית לבנה מבושלת 8,גרמים,800.00,100 גרם,false,,20.90,2.6125,true,1,25509
7290000104805,false,גרגירי חומוס מבושלים סנפרוסט 800 גרם,"איי, בי, אינבוו",,גרגירי חומוס קפוא 80,גרמים,800.00,100 גרם,false,,20.90,2.6125,true,1,25510
7290000104829,false,קלחי תירס חתוכים סנפרוסט 1 קילו,"איי, בי, אינבוו",,"קלחוני תירס 1 ק""ג",קילוגרמים,1.00,"ק""ג",false,,19.90,19.9000,true,1,25511
7290000104836,false,שעועית ירוקה עדינה שלמה סנפרוסט 600 גרם,"סנפרוסט בע""\מ",,שעועית עדינה שלמה סנ,גרמים,600.00,100 גרם,false,,24.90,4.1500,true,1,25512
7290000104881,false,לקט אפונה וגזר סנפרוסט 800 גרם,"איי, בי, אינבוו",,אפונה וגזר 800 גרם ס,גרמים,800.00,100 גרם,false,,17.90,2.2375,true,1,25515
7290000104911,false,לקט נורמנדי סנפרוסט 800 גרם,"איי, בי, אינבוו",,לקט נורמנדי 800גר,גרמים,800.00,100 גרם,false,,23.90,2.9875,true,1,25517
7290000106526,false,חגיגה ירוקה להקפצה סנפרוסט 800 גרם,"איי, בי, אינבוו",,סנפרוסט חגיגה ירוקה,גרמים,800.00,100 גרם,false,,26.90,3.3625,true,1,25522
7290000107165,false,חטיף סויה אדממה סנפרוסט 400 גרם,"איי, בי, אינבוו",,פולי סויה אדממה קפוא,גרמים,400.00,100 גרם,false,,14.90,3.7250,true,1,25524
7290000107189,false,תחתיות ארטישוק סנפרוסט 400 גרם,"איי, בי, אינבוו",,תחתיות ארטישוק 400גר,גרמים,400.00,100 גרם,false,,23.90,5.9750,true,1,25525
7290000107295,false,תפרחות ברוקולי סנפרוסט 800 גרם,"איי, בי, אינבוו",,תפרחות ברוקולי 800ג,גרמים,800.00,100 גרם,false,,28.90,3.6125,true,1,25526
7290000110844,false,"כיפלי בטעם גריל 70 גרם-בד""ץ",יוניליור ישראל מזון,,חטיף כיפלי גריל 70 ג,גרמים,70.00,100 גרם,false,,5.90,8.4286,true,1,10085
7290000111063,false,מיונז תלמה אמיתי250 גרם,יוניליוור ישראל מזון בע\,,מיונז אמיתי 250 ג צנ,גרמים,250.00,100 גרם,false,,8.90,3.5600,true,1,10087
7290000111117,false,מרכך כביסה לבן בדין 4 ליטר,יוניליור ישראל טיפוח איש,,בדין מרכך כביסה לבן,ליטרים,4.00,ליטר,false,,20.90,5.2250,true,1,10088
7290000111186,false,"מיונז אמיתי תלמה 500 גרם בד""צ",יוניליוור ישראל מזון בע\,,מיונז אמיתי תלמה 500,גרמים,500.00,100 גרם,false,,10.40,2.0800,true,1,10090
7290000111353,false,"מיונז אמיתי תלמה 1 ק""ג",יוניליוור ישראל מזון בע\,,מיונז 1 קג,קילוגרמים,1.00,"ק""ג",false,,17.90,17.9000,true,1,10092
7290000111360,false,"חרדל אמיתי תלמה 250 גרם בד""צ",יוניליוור ישראל מזו,,חרדל אמיתי 250 גרם מ,גרמים,250.00,100 גרם,false,,7.90,3.1600,true,1,10093
7290000112220,false,טחינה גולמית שומשום טהור בארכה 500 גרם,"רושדי תעשיות מזון בע""\מ",,בארכה טחינה 100% שומ,גרמים,500.00,100 גרם,false,,15.90,3.1800,true,1,18627
7290000112237,false,"טחינה גולמית שומשום טהור בארכה 1 ק""ג","רושדי תעשיות מזון בע""\מ",,בארכה טחינה 100% שומ,קילוגרמים,1.00,"ק""ג",false,,31.00,31.0000,true,1,18628
7290000112497,false,מרק עשיר עוף אטריות קנור 75 גרם - שקיות,יוניליוור ישראל מזון בע\,,מרק עשיר עוף עם אטרי,גרמים,68.00,100 גרם,false,,11.90,17.5000,true,1,10096
7290000112503,false,מרק עשיר ירקות קנור 69 גרם - שקיות,יוניליוור ישראל מזון בע\,,מרק עשיר ירקות קנור,גרמים,61.00,100 גרם,false,,11.90,19.5082,true,1,10097
7290000112619,false,אבקת מרק עוף אמיתי קנור 400 ג' כשלפ,יוניליוור ישראל מזון בע\,,מרק עוף אמיתי לתיבול,גרמים,400.00,100 גרם,false,,19.90,4.9750,true,1,10099
7290000114187,false,פנטסטיק תרכיז ניקוי כללי אורנים סיף 4 ליטר,סיף פנטסטיק Cif Fantastic,,סיף פנטסטיק אורנים 4,ליטרים,4.00,ליטר,false,,21.90,5.4750,true,1,10105
7290000116921,false,רוטב צ'ילי מתוק 340 גרם קנור,יוניליוור ישראל מזון בע\,,רוטב צילי מתוק קנור,מיליליטרים,300.00,"100 מ""ל",false,,13.90,4.6333,true,1,10113
7290000116945,false,"רוטב סויה קלאסי קנור בד""צ 350 גרם",יוניליוור ישראל מזון בע\,,רוטב סויה קנור 300מל,מיליליטרים,300.00,"100 מ""ל",false,,13.90,4.6333,true,1,10114
7290000117171,false,מרק טעם עוף דל קלוריות 48 גרם-קופסא,יוניליוור ישראל מזון,,מרק נמס בכוס בטעם עו,גרמים,48.00,100 גרם,false,,7.90,16.4583,true,1,10116
7290000117720,false,נמס בכוס פטריות קנור 21.5 גרם מארז זוגי,יוניליוור ישראל מזון בע\,,מרק נמס בכוס פטריות,גרמים,43.00,100 גרם,false,,7.90,18.3721,true,1,10120
7290000121239,false,מיוקל 5% שומן ללא כולסטרול תלמה 500ג',יוניליוור ישראל מזון בע\,,מיוקל 5% מופחת שומן,גרמים,500.00,100 גרם,false,,14.70,2.9400,true,1,10133
7290000125251,false,שמפו לכביסה עדינה בדין 2 ליטר,"זוהר דליה, קיבוץ דליה, 1",,בדין שמפו לכביסה עדי,ליטרים,2.00,ליטר,false,,26.90,13.4500,true,1,10150
=======
7290000103457,false,מיני כרובית סנפרוסט (600 גרם),תנובה קפואים,,מיני כרובית 600 גרם,גרמים,600.00,100 גרם,false,,19.90,3.3167,true,1,25463
7290000103471,false,מיני ברוקולי סנפרוסט 600 גרם,תנובה ענף ב.ע.ד,,סנפרוסט מיני ברוקולי,גרמים,600.00,100 גרם,false,,19.90,3.3167,true,1,25464
7290000103839,false,מרק כתום עשיר בירקות סנפרוסט (572 גרם),תנובה מרכז שיתופי לשיווק תוצרת,,סנפרוסט מרק כתום קפו,גרמים,572.00,100 גרם,false,,19.90,3.4790,true,1,25486
7290000103846,false,מרק אפונה עשיר בירקות סנפרוסט (572 גרם),תנובה מרכז שיתופי לשיווק תוצרת,,סנפרוסט מרק אפונה קפ,גרמים,570.00,100 גרם,false,,19.90,3.4912,true,1,25487
7290000103860,false,מרק עדשים עשיר בירקות סנפרוסט (572 גרם),תנובה מרכז שיתופי לשיווק תוצרת,,סנפרוסט מרק עדשים קפ,גרמים,572.00,100 גרם,false,,19.90,3.4790,true,1,25488
7290000103877,false,מרק שעועית עשיר בירקות סנפרוסט 640 גרם,תנובה מרכז שיתופי לשיווק תוצרת,,סנפרוסט מרק שעועית ק,גרמים,644.00,100 גרם,false,,19.90,3.0901,true,1,25489
7290000104072,false,עדשים ירוקות מבושלות מוקפאות 800 ג' סנפרוסט,תנובה מרכז שיתופי לשיווק תוצרת,,סנפרוסט עדשים ירוקות,גרמים,800.00,100 גרם,false,,20.90,2.6125,true,1,25492
7290000104201,false,אפונה עדינה מוקפאת סנפרוסט (600 גרם),תנובה ענף ב.ע.ד,,אפונה עדינה סנפרוסט,גרמים,600.00,100 גרם,false,,19.90,3.3167,true,1,25494
7290000104218,false,סנפרוסט במיה 600 גרם,תנובה מרכז שיתופי לשיווק תוצרת,,סנפרוסט במיה 600גר,גרמים,600.00,100 גרם,false,,17.90,2.9833,true,1,25495
7290000104676,false,אפונה קפואה סנפרוסט 800 גרם,תנובה מרכז שיתופי לשיווק תוצרת,,אפונת גינה סנפרוסט 8,גרמים,800.00,100 גרם,false,,19.90,2.4875,true,1,25498
7290000104683,false,שעועית ירוקה שלמה סנפרוסט (800 גרם),תנובה מרכז שיתופי לשיווק תוצרת,,שעועית שלמה סנפרוסט,גרמים,800.00,100 גרם,false,,22.90,2.8625,true,1,25499
7290000104690,false,גרעיני תירס מוקפאים סנפרוסט (800 גרם),תנובה מרכז שיתופי לשיווק תוצרת,,תירס גרעינים 800גר,גרמים,800.00,100 גרם,false,,18.90,2.3625,true,1,25500
7290000104706,false,גזר גמדי מוקפא סנפרוסט (800 גרם),תנובה מרכז שיתופי לשיווק תוצרת,,גזר גמדי 800 גרם,גרמים,800.00,100 גרם,false,,18.90,2.3625,true,1,25501
7290000104720,false,שעועית ירוקה חתוכה סנפרוסט (800 גרם),תנובה מרכז שיתופי לשיווק תוצרת,,שעועית ירוקה חתוכה ס,גרמים,800.00,100 גרם,false,,20.90,2.6125,true,1,25503
7290000104744,false,כרובית מוקפאת סנפרוסט (800 גרם),תנובה מרכז שיתופי לשיווק תוצרת,,כרובית 800גר,גרמים,800.00,100 גרם,false,,27.90,3.4875,true,1,25505
7290000104751,false,כרוב ניצנים סנפרוסט (800 גרם),תנובה מרכז שיתופי לשיווק תוצרת,,כרוב ניצנים 800גר,גרמים,800.00,100 גרם,false,,27.90,3.4875,true,1,25506
7290000104768,false,עלי תרד סנפרוסט (800 גרם),תנובה מרכז שיתופי לשיווק תוצרת,,תרד עלים 800 גרם,גרמים,800.00,100 גרם,false,,28.90,3.6125,true,1,25507
7290000104799,false,שעועית לבנה מבושלת סנפרוסט (800 גרם),תנובה מרכז שיתופי לשיווק תוצרת,,שעועית לבנה מבושלת 8,גרמים,800.00,100 גרם,false,,20.90,2.6125,true,1,25509
7290000104805,false,גרגרי חומוס מבושלים סנפרוסט (800 גרם),תנובה מרכז שיתופי לשיווק תוצרת,,גרגירי חומוס קפוא 80,גרמים,800.00,100 גרם,false,,20.90,2.6125,true,1,25510
7290000104829,false,קלחי תירס חתוכים סנפרוסט 1 קילו,תנובה מרכז שיתופי לשיווק תוצרת,,"קלחוני תירס 1 ק""ג",קילוגרמים,1.00,"ק""ג",false,,19.90,19.9000,true,1,25511
7290000104836,false,שעועית ירוקה עדינה שלמה סנפרוסט 600 גרם,תנובה מרכז שיתופי לשיווק תוצרת,,שעועית עדינה שלמה סנ,גרמים,600.00,100 גרם,false,,24.90,4.1500,true,1,25512
7290000104881,false,לקט אפונה וגזר מוקפאים סנפרוסט (800 גרם),תנובה מרכז שיתופי לשיווק תוצרת,,אפונה וגזר 800 גרם ס,גרמים,800.00,100 גרם,false,,17.90,2.2375,true,1,25515
7290000104911,false,לקט נורמנדי מוקפא סנפרוסט (800 גרם),תנובה מרכז שיתופי לשיווק תוצרת,,לקט נורמנדי 800גר,גרמים,800.00,100 גרם,false,,23.90,2.9875,true,1,25517
7290000106526,false,לקט חגיגה ירוקה להקפצה 800 גרם סנפרוסט,תנובה ענף ב.ע.ד,,סנפרוסט חגיגה ירוקה,גרמים,800.00,100 גרם,false,,26.90,3.3625,true,1,25522
7290000107165,false,חטיף סויה אדממה סנפרוסט (400 גרם),תנובה מרכז שיתופי לשיווק תוצרת,,פולי סויה אדממה קפוא,גרמים,400.00,100 גרם,false,,14.90,3.7250,true,1,25524
7290000107189,false,תחתיות ארטישוק סנפרוסט (400 גרם),תנובה מרכז שיתופי לשיווק תוצרת,,תחתיות ארטישוק 400גר,גרמים,400.00,100 גרם,false,,23.90,5.9750,true,1,25525
7290000107295,false,תפרחות ברוקולי סנפרוסט 800 גרם,תנובה מרכז שיתופי לשיווק תוצרת,,תפרחות ברוקולי 800ג,גרמים,800.00,100 גרם,false,,28.90,3.6125,true,1,25526
7290000110844,false,כיפלי בטעם גריל בד`צ 70 גרם .,יוניליוור ישראל שיווק בע`מ,,חטיף כיפלי גריל 70 ג,גרמים,70.00,100 גרם,false,,5.90,8.4286,true,1,10085
7290000111063,false,מיונז אמיתי תלמה (250 גרם),יוניליוור ישראל שיווק בע`מ,,מיונז אמיתי 250 ג צנ,גרמים,250.00,100 גרם,false,,8.90,3.5600,true,1,10087
7290000111117,false,מרכך כביסה לבן בדין (4 ליטר),יוניליוור ישראל שיווק בע`מ,,בדין מרכך כביסה לבן,ליטרים,4.00,ליטר,false,,20.90,5.2250,true,1,10088
7290000111186,false,"מיונז אמיתי תלמה 500 גרם בד""צ","יוניליוור ישראל שיווק בע""מ",,מיונז אמיתי תלמה 500,גרמים,500.00,100 גרם,false,,10.40,2.0800,true,1,10090
7290000111353,false,מיונז אמיתי תלמה (1 קג),"יוניליוור ישראל שיווק בע""מ",,מיונז 1 קג,קילוגרמים,1.00,"ק""ג",false,,17.90,17.9000,true,1,10092
7290000111360,false,חרדל אמיתי חריף 250 גרם בצנצנת כשלפ,יוניליוור ישראל שיווק בע`מ,,חרדל אמיתי 250 גרם מ,גרמים,250.00,100 גרם,false,,7.90,3.1600,true,1,10093
7290000112220,false,טחינה גולמית שומשום טהור בארכה 500 גרם,קבוצת אוסם סחר שותפות מוגבלת,,בארכה טחינה 100% שומ,גרמים,500.00,100 גרם,false,,15.90,3.1800,true,1,18627
7290000112237,false,"טחינה גולמית שומשום טהור בארכה 1 ק""ג","רושדי תעשיות מזון בע""\מ",,בארכה טחינה 100% שומ,קילוגרמים,1.00,"ק""ג",false,,31.00,31.0000,true,1,18628
7290000112497,false,מרק עשיר עוף אטריות קנור 75 גרם - שקיות,יוניליוור ישראל שיווק בע`מ,,מרק עשיר עוף עם אטרי,גרמים,68.00,100 גרם,false,,11.90,17.5000,true,1,10096
7290000112503,false,מרק עשיר ירקות קנור 69 גרם - שקיות,יוניליוור ישראל שיווק בע`מ,,מרק עשיר ירקות קנור,גרמים,61.00,100 גרם,false,,11.90,19.5082,true,1,10097
7290000112619,false,אבקת מרק עוף אמיתי קנור 400 ג' כשלפ,יוניליוור ישראל שיווק בע`מ,,מרק עוף אמיתי לתיבול,גרמים,400.00,100 גרם,false,,19.90,4.9750,true,1,10099
7290000114187,false,פנטסטיק תרכיז ניקוי כללי אורנים סיף 4 ליטר,יוניליוור ישראל שיווק בע`מ,,סיף פנטסטיק אורנים 4,ליטרים,4.00,ליטר,false,,21.90,5.4750,true,1,10105
7290000116921,false,"קנור רוטב צילי מתוק 300 מ""ל כשלפ",יוניליוור ישראל שיווק בע`מ,,רוטב צילי מתוק קנור,מיליליטרים,300.00,"100 מ""ל",false,,13.90,4.6333,true,1,10113
7290000116945,false,"רוטב סויה קלאסי קנור בד""צ 350 גרם",יוניליוור ישראל שיווק בע`מ,,רוטב סויה קנור 300מל,מיליליטרים,300.00,"100 מ""ל",false,,13.90,4.6333,true,1,10114
7290000117171,false,מרק טעם עוף דל קלוריות 48 גרם-קופסא,יוניליוור ישראל שיווק בע`מ,,מרק נמס בכוס בטעם עו,גרמים,48.00,100 גרם,false,,7.90,16.4583,true,1,10116
7290000117720,false,נמס בכוס פטריות קנור 21.5 גרם מארז זוגי,יוניליוור ישראל שיווק בע`מ,,מרק נמס בכוס פטריות,גרמים,43.00,100 גרם,false,,7.90,18.3721,true,1,10120
7290000121239,false,מיוקל 5% שומן ללא כולסטרול תלמה 500ג',יוניליוור ישראל שיווק בע`מ,,מיוקל 5% מופחת שומן,גרמים,500.00,100 גרם,false,,14.70,2.9400,true,1,10133
7290000125251,false,שמפו לכביסה עדינה בדין 2 ליטר,"יוניליוור ישראלשיווק בע""מ",,בדין שמפו לכביסה עדי,ליטרים,2.00,ליטר,false,,26.90,13.4500,true,1,10150
>>>>>>> d048ac2f4f281c9d788043ab4e81b61b0dbe3743
7290000128401,false,פטה כבש 24% פיראוס,,,פטה כבש 24% פיראוס,קילוגרמים,1.00,"ק""ג",true,,111.00,111.0000,true,1,25642
7290000133645,false,שלישיית משחת שיניים סודה אורביטול 145 גרם,טרופיקל דגיל תעשיות קוסמ,,משחת שיניים אורביטול,גרמים,435.00,100 גרם,false,,17.90,4.1149,true,1,29657
7290000134147,false,טעם וריח מוסקט טחון מיכל 40גר,"תבליני טעם וריח בע""מ",,טעם וריח מוסקט טחון,גרמים,40.00,100 גרם,false,,14.90,37.2500,true,1,42353
7290000134314,false,פיצה תערובת תיבול 120 גרם מיכל גדול,"תבליני טעם וריח בע""מ",,תערובת תיבול לפיצה ט,גרמים,120.00,100 גרם,false,,11.80,9.8333,true,1,42355
7290000134338,false,אבקת שום בקופ' 90 גר' טעם וריח,"תבליני טעם וריח בע""מ",,תבלין אבקת שום טעם ו,גרמים,90.00,100 גרם,false,,12.30,13.6667,true,1,42356
7290000134826,false,זעתר מעורב בקופ' 100 גר' טעם וריח,"תבליני טעם וריח בע""מ",,תבלין זעתר טעם וריח,גרמים,100.00,100 גרם,false,,12.30,12.3000,true,1,42368
7290000134833,false,כמון טחון בקופ' 100 גר' טעם וריח,"תבליני טעם וריח בע""מ",,טעם וריח ת.כמון במיכ,גרמים,100.00,100 גרם,false,,11.80,11.8000,true,1,42369
7290000134871,false,פלפל שחור טחון בקופ' 100 גר' טעם וריח,"תבליני טעם וריח בע""מ",,טעם וריח ת. פלפל שחו,גרמים,100.00,100 גרם,false,,16.90,16.9000,true,1,42373
7290000134987,false,פלפל שחור גרוס בקופ' 90 גר' טעם וריח,"תבליני טעם וריח בע""מ",,טעם וריח פלפל שחור ג,גרמים,90.00,100 גרם,false,,16.90,18.7778,true,1,42375
7290000135045,false,"XL TEN משקה אנרגיה פתוח ללא סוכר 250 מ""ל","טמפו משקאות בע""\מ",,אקס אל TEN פחית תפוח,מיליליטרים,250.00,"100 מ""ל",false,,4.90,1.9600,true,1,9348
7290000135052,false,"XL TEN משקה אנרגיה מנגו ללא סוכר 250 מ""ל","טמפו משקאות בע""\מ",,אקס אל TEN פחית מנגו,מיליליטרים,250.00,"100 מ""ל",false,,4.90,1.9600,true,1,9349
7290000135113,false,משקה אנרגיה אקסל נענע ליים ללס (250 מל,"טמפו משקאות בע""\מ",,פחית XL TEN נענע ליי,מיליליטרים,250.00,"100 מ""ל",false,,4.90,1.9600,true,1,9350
7290000135595,false,פפסי מקס בטעם דובדבן 1.5 ללא סוכר,"טמפו משקאות בע""\מ",,פפסי מקס בטעם דובדבן,ליטרים,1.50,ליטר,false,,8.50,5.6667,true,1,144455
<<<<<<< HEAD
7290000136141,false,משקה בטעם קולה 1.5ל' פפסי,"טמפו משקאות בע""\מ",,פפסי קולה 1.5 ליטר,ליטרים,1.50,ליטר,false,,8.50,5.6667,true,1,217493
7290000136165,false,טמפו מירינדה 1.5 ליטר,"טמפו משקאות בע""\מ",,מירינדה 1.5 ליטר,ליטרים,1.50,ליטר,false,,8.50,5.6667,true,1,217448
7290000136172,false,סבן אפ בקבוק 1.5 ליט,"טמפו משקאות בע""\מ",,סבן אפ 1.5 ליטר,ליטרים,1.50,ליטר,false,,8.50,5.6667,true,1,217464
7290000136189,false,סבן אף דיאט 1.5 ליטר בודד,"טמפו משקאות בע""\ם.",,סבן אפ דיאט 1.5 ליטר,ליטרים,1.50,ליטר,false,,8.50,5.6667,true,1,217432
=======
7290000136141,false,פפסי קולה 1.5 ליטר פיקדון,"טמפו משקאות בע""\מ",,פפסי קולה 1.5 ליטר,ליטרים,1.50,ליטר,false,,8.50,5.6667,true,1,217493
7290000136165,false,מירינדה אורנג` 1.5 ליטר פיקדון,"טמפו משקאות בע""\מ",,מירינדה 1.5 ליטר,ליטרים,1.50,ליטר,false,,8.50,5.6667,true,1,217448
7290000136172,false,משקה 7UP בקבוק 1.5 ליטר פיקדון,"טמפו משקאות בע""\מ",,סבן אפ 1.5 ליטר,ליטרים,1.50,ליטר,false,,8.50,5.6667,true,1,217464
7290000136189,false,משקה דיאט 7UP בקבוק 1.5 ליטר פיקדון,"טמפו משקאות בע""\ם.",,סבן אפ דיאט 1.5 ליטר,ליטרים,1.50,ליטר,false,,8.50,5.6667,true,1,217432
>>>>>>> d048ac2f4f281c9d788043ab4e81b61b0dbe3743
7290000136264,false,מי טוניק גזוז 1.5 ל' טמפו,"טמפו משקאות בע""\מ",,טמפו מי טוניק 1.5 ל,ליטרים,1.50,ליטר,false,,11.00,7.3333,true,1,217065
7290000136288,false,"סירופ בטעם תפוחים ג'ויסר סיידר הגליל 330 מ""ל","טמפו משקאות בע""\מ",,סיידר הגליל JUICER ס,מיליליטרים,330.00,"100 מ""ל",false,,13.60,4.1212,true,1,310429
7290000136295,false,"סירופ בטעם פטל ג'ויסר סיידר הגליל 330 מ""ל","טמפו משקאות בע""\מ",,סיידר הגליל JUICER ס,מיליליטרים,330.00,"100 מ""ל",false,,13.60,4.1212,true,1,310458
7290000136516,false,משקה בטעם מנגו פסיפלורה תריסר 1.5 ל' ג'אמפ,טמפו משקאות בע`מ,,ג`אמפ פסיפלורה 1.5 ל,ליטרים,1.50,ליטר,false,,7.90,5.2667,true,1,217148
7290000136523,false,ג`אמפ משקה קל ענבים 1.5 ליטר פיקדון,"טמפו משקאות בע""\ם.",,ג`אמפ ענבים 1.5 ליטר,ליטרים,1.50,ליטר,false,,7.90,5.2667,true,1,217179
7290000136561,false,משקה בטעם תות בננה תריסר 1.5 ל' ג'אמפ,"טמפו משקאות בע""\מ",,ג`אמפ תות בננה 1.5 ל,ליטרים,1.50,ליטר,false,,7.90,5.2667,true,1,217180
7290000136585,false,משקה בטעם תפוזים תריסר 1.5 ל' ג'אמפ,"טמפו משקאות בע""\ם.",,ג`אמפ תפוז 1.5 ליטר,ליטרים,1.50,ליטר,false,,7.90,5.2667,true,1,217164
7290000136646,false,בירה שחורה נשר מאלט בקבוק 1.5 ליטר,"טמפו משקאות בע""\מ",,נשר מאלט 1.5 ליטר,ליטרים,1.50,ליטר,false,,9.50,6.3333,true,1,216942
7290000136653,false,בירה שחורה נשר מאלט דיאט בקבוק 1.5ל`,"טמפו משקאות בע""\מ",,נשר מאלט דיאט 1.5 לי,ליטרים,1.50,ליטר,false,,9.50,6.3333,true,1,216956
7290000136660,false,סודה טמפו ליטר וחצי,טמפו,,טמפו סודה 1.5 ליטר,ליטרים,1.50,ליטר,false,,4.50,3.0000,true,1,217336
7290000136677,false,פפסי קולה פיקדון 1.5 ליטר,טמפו,,פפסי קולה 1.5 ליטר,ליטרים,1.50,ליטר,false,,8.50,5.6667,true,1,217508
7290000136684,false,פפסי מקס משקה מוגז דל קלוריות בטעם קולה,טמפו משקאות בע`מ,,פפסי מקס 1.5 ליטר,ליטרים,1.50,ליטר,false,,8.50,5.6667,true,1,217537
7290000136752,false,סבן אפ דיאט מארז שישייה 1.5 ל' FREE,"טמפו משקאות בע""\מ",,סבן אפ דיאט 6*1.5 לי,ליטרים,9.00,ליטר,false,,38.90,4.3222,true,1,217433
7290000136776,false,שישיית פפסי מקס דל קלוריות 1.5 ליטר,טמפו משקאות בע`מ,,פפסי מקס 6*1.5 ליטר,ליטרים,9.00,ליטר,false,,38.90,4.3222,true,1,217522
7290000136783,false,מירנדה 1.5 ליטר שישייה טמפו,"טמפו משקאות בע""\מ",,מירינדה 6*1.5 ליטר,ליטרים,9.00,ליטר,false,,42.90,4.7667,true,1,217450
7290000136790,false,טמפו מי סודה 6*1.5 ליטר פיקדון,"טמפו משקאות בע""\מ",,טמפו סודה 6*1.5 ליטר,ליטרים,9.00,ליטר,false,,19.60,2.1778,true,1,217236
7290000136844,false,מארז מים מזוככים אקווה נובה שישיית 2 ליטר,"טמפו משקאות בע""\מ",,אקווה נובה 6*2 ליטר,ליטרים,12.00,ליטר,false,,12.90,1.0750,true,1,217023
7290000136851,false,סבן אפ פיקדון 1.5 ליטר,טמפו משקאות בע`מ,,סבן אפ 1.5 ליטר,ליטרים,1.50,ליטר,false,,8.50,5.6667,true,1,217479
7290000136868,false,סאן בנדטו - מים מינרלים - מארז שישיית 1.5 ליטר,אקווה מינרלה סאן בנדטו ב,,מים סאן בנדטו 6* 1.5,ליטרים,9.00,ליטר,false,,19.70,2.1889,true,1,217051
7290000136875,false,שישיית מים מינרליים מוגזים סן בנדטו 1.5 ליטר,סאן בנדטו San Benedetto,,סאן בנדטו מים מינרלי,ליטרים,9.00,ליטר,false,,20.90,2.3222,true,1,217207
<<<<<<< HEAD
7290000143255,false,"שמפו לשיער רגיל הוואי 700 מ""ל",שוורצקוף& הנקל דיסלד,,שמפו רגיל הוואי 700,מיליליטרים,700.00,"100 מ""ל",false,,10.90,1.5571,true,1,8065
=======
7290000143255,false,הוואי שמפו לשיער רגיל 700 מל ירוק,שוורצקוף& הנקל דיסלד,,שמפו רגיל הוואי 700,מיליליטרים,700.00,"100 מ""ל",false,,10.90,1.5571,true,1,8065
>>>>>>> d048ac2f4f281c9d788043ab4e81b61b0dbe3743
7290000144160,false,"שמן זית כתית מעולה ארומתי עץ הזית 750 מ""ל","מרקאולאו, ספרד.אבסה,",,שמן זית כתית מעולה א,מיליליטרים,750.00,"100 מ""ל",false,,35.90,4.7867,true,1,29326
7290000144467,false,שמן חמניות מועשר בנוגדי חמצון 1 ל' עץ הזית,"נארז ע""י : א.ג. גילר",,שמן חמניות בריאות מה,ליטרים,1.00,ליטר,false,,16.90,16.9000,true,1,29329
7290000144474,false,שמן עץ הזית קנולה 1 ליטר בריאות מהטבע,סוגת תעשיות בעמ,,שמן קנולה בריאות עץ,ליטרים,1.00,ליטר,false,,16.90,16.9000,true,1,29330
7290000146683,false,הוואי - סבון מוצק אפקט דאודורנט 100 גרם רביעייה,טרופיקל דגיל קוסמטיק,,סבון מוצק אפקט דאודו,גרמים,400.00,100 גרם,false,,12.90,3.2250,true,1,8076
<<<<<<< HEAD
7290000148939,false,שקדים קלויים קלית גת 200 ג',"ג'י אנד ג'י בע""מ",,שקדים קלויים 200 גרם,גרמים,200.00,100 גרם,false,,20.90,10.4500,true,1,12732
7290000149615,false,רביעיית סבון מוצק קלאסי לתינוק נקה 7 4*100 גרם,גליל כימיקלים בעממשו,,אלסבון מוצק לתינוק נ,גרמים,400.00,100 גרם,false,,12.90,3.2250,true,1,29664
7290000149851,false,סבון לניקוי והסרת כתמים סינטבון 460 גרם,יבואן ומשווק: ש. שסט,,סינטבון כפול 460גר,גרמים,460.00,100 גרם,false,,11.90,2.5870,true,1,29667
7290000149905,false,טקסטיל נוזל לכביסה עדינה נקה 1 ליטר,מיוצר עי קונדיטוריית,,טקסטיל שמפו-1 ליטר נ,ליטרים,1.00,ליטר,false,,15.90,15.9000,true,1,29668
7290000161358,false,תלמה מיונז אמיתי משמן קנולה 500 גרם,יוניליוור ישראל מזון בע\,,מיונז אמיתי משמן קנו,גרמים,500.00,100 גרם,false,,14.90,2.9800,true,1,10176
7290000169798,false,"עוגי מופחת סוכר 20% פצפוצי שוקו' 500ג' בד""צ",יוניליוור ישראל מזון בע\,,עוגי מופחת סוכר 20%,גרמים,500.00,100 גרם,false,,23.90,4.7800,true,1,10270
=======
7290000148939,false,שקדים קלויים קליית גת (200 גרם),ליימן שליסל בעמ,,שקדים קלויים 200 גרם,גרמים,200.00,100 גרם,false,,20.90,10.4500,true,1,12732
7290000149615,false,רביעיית סבון מוצק קלאסי לתינוק נקה 7 4*100 גרם,החברה הדרומית לשיווק בעמ,,אלסבון מוצק לתינוק נ,גרמים,400.00,100 גרם,false,,12.90,3.2250,true,1,29664
7290000149851,false,סבון לניקוי והסרת כתמים סינטבון 460 גרם,החברה הדרומית לשיווק בעמ,,סינטבון כפול 460גר,גרמים,460.00,100 גרם,false,,11.90,2.5870,true,1,29667
7290000149905,false,טקסטיל שמפו נוזלי לאריגים עדינים1ליט,החברה הדרומית לשיווק בעמ,,טקסטיל שמפו-1 ליטר נ,ליטרים,1.00,ליטר,false,,15.90,15.9000,true,1,29668
7290000161358,false,מיונז אמיתי משמן קנולה תלמה (500 גרם),"יוניליוור ישראל שיווק בע""מ",,מיונז אמיתי משמן קנו,גרמים,500.00,100 גרם,false,,14.90,2.9800,true,1,10176
7290000169798,false,"עוגי מופחת סוכר 20% פצפוצי שוקו' 500ג' בד""צ",יוניליוור ישראל שיווק בע`מ,,עוגי מופחת סוכר 20%,גרמים,500.00,100 גרם,false,,23.90,4.7800,true,1,10270
>>>>>>> d048ac2f4f281c9d788043ab4e81b61b0dbe3743
7290000174723,false,שוקולית אבקה להכנת משקה שוקו 500 גרם,הנסיך- מפעל לייצור ט,,שוקולית 500 גרם,גרמים,500.00,100 גרם,false,,13.90,2.7800,true,1,22162
7290000175777,false,איבריקו ויליפוד31%,,,איבריקו ויליפוד31%,קילוגרמים,1.00,"ק""ג",true,,111.00,111.0000,true,1,2764
7290000175906,false,גאודה עיזים ויליפוד,,,גאודה עיזים ויליפוד,קילוגרמים,1.00,"ק""ג",true,,131.00,131.0000,true,1,2765
7290000176116,false,קפה טורקי בוואקום עלית (1 קג),הנסיך- מפעל לייצור ט,,טורקי עלית 1קג,קילוגרמים,1.00,"ק""ג",false,,80.90,80.9000,true,1,22167
7290000176413,false,קפה נמס עלית פחית 50 גרם,הנסיך- מפעל לייצור ט,,עלית נמס 50 גר',גרמים,50.00,100 גרם,false,,10.40,20.8000,true,1,22170
7290000176420,false,קפה נמס פחית עלית 200 גרם,פיקסל אם.גי.אם בעמ,,קפה נמס עלית פחית 20,גרמים,200.00,100 גרם,false,,22.90,11.4500,true,1,22171
7290000178707,false,חטיף צ`יפס בטעם טבעי תפוצ`יפס (50 גרם),"שטראוס פריטו ליי בע""\מ )",,תפוציפס טבעי 50 גרם,גרמים,50.00,100 גרם,false,,4.30,8.6000,true,1,24142
7290000178721,false,חטיף צ`יפס בטעם טבעי תפוצ`יפס (200 גרם),"שטראוס פריטו ליי בע""\מ )",,תפוציפס טבעי 200 גרם,גרמים,200.00,100 גרם,false,,10.90,5.4500,true,1,24144
7290000185330,false,סילאן טבעי תמר כנרת 900 גר,תה ויסוצקי (ישראל) בעמ,,סילאן טבעי תמר כנרת,גרמים,900.00,100 גרם,false,,23.90,2.6556,true,1,97095
7290000186931,false,ניקול כריות קרצוף חתוכות 12 יח',ניקול,,ניקול כריות קרצוף חת,יחידה,0.00,יחידה,false,,11.90,0.0000,true,1,8835
<<<<<<< HEAD
7290000187921,false,נייר טואלט דו שכבתי לבן לילי 32 יחידות,לילי נייר טואלט חוגלה,,"נייר טואלט ""לילי"" לב",מטרים,588.00,מטר,false,,39.90,0.0679,true,1,8846
7290000187938,false,לילי - נייר טואולט נייר טואלט פסטל 32 יח',לילי נייר טואלט חוגלה,,"נייר טואלט ""לילי"" פס",מטרים,588.00,מטר,false,,39.90,0.0679,true,1,8847
7290000187952,false,נייר טואלט תלת שכבתי ורוד לילי 32 יחידות,לילי נייר טואלט חוגלה,,נייר טאולט לילי טריו,מטרים,537.00,מטר,false,,44.90,0.0836,true,1,8848
7290000188355,false,מגבות מטבח ניקול לבנה שישייה,קימברלי-קלארק,,מגבות מטבח ניקול לבנ,מטרים,64.80,מטר,false,,12.90,0.1991,true,1,8854
7290000188553,false,קוטקס מגן תחתון יאנג ביג 60 יחידות,קימברלי קלארק,,מגן תחתון סילק נורמל,יחידה,0.00,יחידה,false,,19.90,0.0000,true,1,8859
7290000188591,false,קוטקס מגן תחתון יאנג ביג 60 יחידות,קימברלי קלארק,,מגן תחתון סילק יאנג,יחידה,0.00,יחידה,false,,19.90,0.0000,true,1,8861
7290000189116,false,תבניות עגולות עבות במיוחד 5 יחידות ניקול,ניקול,,ניקול תבניות עגולות,יחידה,0.00,יחידה,false,,12.90,0.0000,true,1,8867
7290000189550,false,"שקיות אשפה ענקיות עם שרוך 78 * 90 ס""מ ניקול 2 * 10 יחידות",חוגלה קימברלי,,אשפתון זוג ענק 20,יחידה,0.00,יחידה,false,,26.90,0.0000,true,1,8881
7290000189598,false,מטליות לחות חד פעמיות לניקוי כללי 50 יח' ניקול,עלבד משואות יצחק בעמ,,מטליות לחות חד פעמיו,יחידה,0.00,יחידה,false,,12.90,0.0000,true,1,8882
7290000189659,false,מטליות לחות לרצפה ניקול 10 יח'-מרכז,עלבד משואות יצחק בעמ,,ניקול מטליות לחות לר,יחידה,0.00,יחידה,false,,12.90,0.0000,true,1,8884
7290000189734,false,מטליות לחות לניקוי פרקט ניקול 10 יחידות,עלבד משואות יצחק בעמ,,ניקול מטליות לחות לפ,יחידה,0.00,יחידה,false,,19.90,0.0000,true,1,8888
7290000189871,false,"שקיות אשפה עם שרוך 52 * 65 ס""מ ניקול 55 שקיות","אשפלסט תעשיות בע""מ",,אשפתון 55 שקיות,יחידה,0.00,יחידה,false,,23.90,0.0000,true,1,8891
7290000191393,false,מגבוני טישיו רכים שביעייה מולט 100X7יח',מולט,,מגבוני מולט לב אדום,יחידה,0.00,יחידה,false,,21.90,0.0000,true,1,8910
7290000191539,false,חמישיית ממחטות טישו צבועני לילי 100 יחידות,חוגלה קימברלי,,לילי צבעוני חמישיה-9,יחידה,0.00,יחידה,false,,14.90,0.0000,true,1,8912
7290000191645,false,"חיתולים האגיס ליטל בייביס ניו בורן שלב 1 עד 4 ק""ג",קימברלי קלארק ארהב,,האגיס רך נולד NB יח',יחידה,0.00,יחידה,false,,34.90,0.0000,true,1,8916
7290000191652,false,שלישיית ממחטות אולטרה סופט קלינקס 90 יחידות,חוגלה קימברלי,,קלינקס קלאסיק ניילון,יחידה,0.00,יחידה,false,,11.90,0.0000,true,1,8917
7290000192581,false,מגבת נייר גליל כפול ניקול 12=6 גליל,קימברלי-קלארק,,מגבת כפולה ניקול 6=1,מטרים,129.70,מטר,false,,21.90,0.1689,true,1,8922
7290000193014,false,מגן תחתון פדיות אינטרלוד לילי 50 יחידות,חוגלה קימברלי,,מגן תחתון אינטרלוד ל,יחידה,0.00,יחידה,false,,11.90,0.0000,true,1,8923
7290000193083,false,נובה-לי תחבושות היגייניות לילי 28 יחידות,חוגלה קימברלי,,תחבושות נובה לי לילי,יחידה,0.00,יחידה,false,,11.90,0.0000,true,1,8925
7290000193205,false,תחבושות עם כנפיים ללילה נטורל לילי 20 יחידות,חוגלה קימברלי,,תחבושות אולטרה לילה,יחידה,0.00,יחידה,false,,18.50,0.0000,true,1,8928
7290000193472,false,מגן תחתון נטורל נורמל לילי 60 יחידות,חוגלה קימברלי,,מגן תחתון נטורל נורמ,יחידה,0.00,יחידה,false,,18.50,0.0000,true,1,8930
7290000193618,false,לילי אינטימייט מגן תחתון נורמל 24 יח',חוגלה קימברלי,,מגן תחתון נטורל לייט,יחידה,0.00,יחידה,false,,18.50,0.0000,true,1,8933
7290000193649,false,תחבושות עם כנפיים נורמל פלוס לילי 24 יחידות,חוגלה קימברלי,,תחבושות נטורל אולטרה,יחידה,0.00,יחידה,false,,18.50,0.0000,true,1,8934
7290000194208,false,כרעיים עוף חלק רב מח,,,כרעיים עוף חלק רב מח,קילוגרמים,1.00,"ק""ג",true,,34.90,34.9000,true,1,46828
7290000194260,false,מחפוד-שוקיים עוף קפו,,,מחפוד-שוקיים עוף קפו,קילוגרמים,1.00,"ק""ג",true,,36.90,36.9000,true,1,46831
7290000194837,false,ניקול - שקיות מזון + ידיות קשירה אקסטרה לארג' 200 יח',ניקול,,ניקול שקיות מזון עם,יחידה,0.00,יחידה,false,,13.90,0.0000,true,1,8947
7290000195216,false,נייר אפייה בשקית ניקול 50 יחידות,ניקול,,ניקול נייר אפייה בשק,יחידה,0.00,יחידה,false,,11.90,0.0000,true,1,8954
7290000195537,false,האגיס - מגבוני האגיס דיילי קר לא מבושם 64 יח' * 4,חוגלה קימברלי,,מגבוני האגיס דיילי ק,יחידה,0.00,יחידה,false,,19.90,0.0000,true,1,8960
7290000195773,false,האגיס - מגבוני האגיס סנסטיב קר לא מבושם 64 יח' * 4,חוגלה קימברלי,,מגבוני האגיס סנסטיב,יחידה,0.00,יחידה,false,,19.90,0.0000,true,1,8964
7290000197432,false,שקיות אוכל סנדביצ'ון ניקול מארז 150X2יח',"אשפלסט תעשיות בע""מ",,ניקול שקיות אוכל זוג,יחידה,0.00,יחידה,false,,13.90,0.0000,true,1,8989
7290000197548,false,חיתולים פרידום דריי שלב 5 האגיס 36 יחידות,קימברלי קלארק ישראל,,האגיס פרידום דריי של,יחידה,0.00,יחידה,false,,45.90,0.0000,true,1,8995
7290000197678,false,חיתולי האגיס פרידום דריי שלב 6 30 יחידות,קימברלי קלארק ישראל,,האגיס פרידום דריי ש,יחידה,0.00,יחידה,false,,45.90,0.0000,true,1,8997
7290000197753,false,ניילון נצמד אנטי בטקריאלי ניקול 30X2מ',חוגלה קימברלי,,ניקול ניילונית זוג,מטרים,60.00,מטר,false,,12.90,0.2150,true,1,8999
7290000197883,false,תבנית אלומיניום 100 גדולה ניקול 4 יחידות,חוגלה קימברלי,,ניקול תבניות אלומיני,יחידה,0.00,יחידה,false,,10.90,0.0000,true,1,9002
7290000197982,false,"רדיד אלומיניום עבה 45 ס""מ רוחב ניקול 2 יח' 7.5 מטר",ניקול,,ניקול רדיד אלומיניום,מטרים,15.00,מטר,false,,22.90,1.5267,true,1,9004
7290000201863,false,טיטולים פרימיום שלב 5 34 יחידות,חוגלה קימברלי,,טיטולים פרימיום שלב,יחידה,0.00,יחידה,false,,32.90,0.0000,true,1,9018
7290000204086,false,ניקול כרית קרצוף מארז שלישייה,חוגלה קימברלי,,ניקול כרית קרצוף,יחידה,0.00,יחידה,false,,11.90,0.0000,true,1,9036
7290000204215,false,שישיית כרית יפנית ניקול 6 יחידות,חוגלה קימברלי,,ניקול כריות יפניות 6,יחידה,0.00,יחידה,false,,12.90,0.0000,true,1,9038
7290000204253,false,מטליות רב שימושיות לניקיון ניקול 9 יחידות,נועם אורים-קיבוץ אור,,מטלית רב שימושית תשע,יחידה,0.00,יחידה,false,,11.90,0.0000,true,1,9040
7290000204307,false,מטלית רב שימושית בגליל ניקול 40 יחידות,נועם אורים-קיבוץ אור,,מטליות ניקול 40 רב ש,יחידה,0.00,יחידה,false,,22.90,0.0000,true,1,9041
7290000204512,false,מטליות לחות לניקוי רצפה בריח לימון ניקול 10 יחידות,עלבד משואות יצחק בעמ,,מטליות לחות לרצפה בר,יחידה,0.00,יחידה,false,,12.90,0.0000,true,1,9042
7290000207063,false,רסק עגבניות פריכוז 28% 240 גרם יכין,היינץ צפון אמריקה מק,,רוטב עגבניות פריכוז,גרמים,240.00,100 גרם,false,,4.90,2.0417,true,1,8612
7290000207162,false,רוטב עגבניות מרכיב טבעי 100 ג' יכין,"זנלכל בע""\מ",,רוטב עגבניות 100 גרם,גרמים,100.00,100 גרם,false,,2.50,2.5000,true,1,8615
7290000207438,false,עגבניות 2.5 A קוביות 850 גרם יכין,"זנלכל בע""\מ",,עגבניות לקוביות יכין,גרמים,800.00,100 גרם,false,,10.90,1.3625,true,1,8616
7290000208077,false,אפונת גינה רגילה 550 גרם יכין,"זנלכל בע""\מ",,אפונת גינה גדולה L י,גרמים,335.00,100 גרם,false,,9.90,2.9552,true,1,8621
7290000208114,false,"אפונה וגזר יכין A2 פ""ק בית יוסף","זנלכל בע""\מ",,אפונת גינה וגזר יכין,גרמים,330.00,100 גרם,false,,9.90,3.0000,true,1,8624
7290000208145,false,גרעיני תירס מתוק לייט 550 גרם יכין,"זנלכל בע""\מ",,גרעיני תירס לייט יכי,גרמים,335.00,100 גרם,false,,9.90,2.9552,true,1,8627
=======
7290000187921,false,נייר טואלט דו שכבתי לבן לילי 32 יחידות,קימברלי קלארק ישראל שיווק בעמ,,"נייר טואלט ""לילי"" לב",מטרים,588.00,מטר,false,,39.90,0.0679,true,1,8846
7290000187938,false,לילי - נייר טואולט נייר טואלט פסטל 32 יח',קימברלי קלארק ישראל שיווק בעמ,,"נייר טואלט ""לילי"" פס",מטרים,588.00,מטר,false,,39.90,0.0679,true,1,8847
7290000187952,false,נייר טואלט תלת שכבתי ורוד לילי 32 יחידות,קימברלי קלארק ישראל שיווק בעמ,,נייר טאולט לילי טריו,מטרים,537.00,מטר,false,,44.90,0.0836,true,1,8848
7290000188355,false,ניקול מגבות נייר לבנות 6 גלילים,קימברלי קלארק ישראל שיווק בעמ,,מגבות מטבח ניקול לבנ,מטרים,64.80,מטר,false,,12.90,0.1991,true,1,8854
7290000188553,false,קוטקס מגן תחתון יאנג ביג 60 יחידות,קימברלי קלארק ישראל שיווק בעמ,,מגן תחתון סילק נורמל,יחידה,0.00,יחידה,false,,19.90,0.0000,true,1,8859
7290000188591,false,קוטקס מגן תחתון יאנג ביג 60 יחידות,קימברלי קלארק ישראל שיווק בעמ,,מגן תחתון סילק יאנג,יחידה,0.00,יחידה,false,,19.90,0.0000,true,1,8861
7290000189116,false,תבניות עגולות עבות במיוחד 5 יחידות ניקול,קימברלי קלארק ישראל שיווק בעמ,,ניקול תבניות עגולות,יחידה,0.00,יחידה,false,,12.90,0.0000,true,1,8867
7290000189550,false,"שקיות אשפה ענקיות עם שרוך 78 * 90 ס""מ ניקול 2 * 10 יחידות",קימברלי קלארק ישראל שיווק בעמ,,אשפתון זוג ענק 20,יחידה,0.00,יחידה,false,,26.90,0.0000,true,1,8881
7290000189598,false,מטליות לחות חד פעמיות לניקוי כללי 50 יח' ניקול,קימברלי קלארק ישראל שיווק בעמ,,מטליות לחות חד פעמיו,יחידה,0.00,יחידה,false,,12.90,0.0000,true,1,8882
7290000189659,false,מטליות לחות לרצפה ניקול 10 יח'-מרכז,קימברלי קלארק ישראל שיווק בעמ,,ניקול מטליות לחות לר,יחידה,0.00,יחידה,false,,12.90,0.0000,true,1,8884
7290000189734,false,מטליות לחות לניקוי פרקט ניקול 10 יחידות,קימברלי קלארק ישראל שיווק בעמ,,ניקול מטליות לחות לפ,יחידה,0.00,יחידה,false,,19.90,0.0000,true,1,8888
7290000189871,false,"שקיות אשפה עם שרוך 52 * 65 ס""מ ניקול 55 שקיות",קימברלי קלארק ישראל שיווק בעמ,,אשפתון 55 שקיות,יחידה,0.00,יחידה,false,,23.90,0.0000,true,1,8891
7290000191393,false,מגבוני טישיו רכים שביעייה מולט 100X7יח',קימברלי קלארק ישראל שיווק בעמ,,מגבוני מולט לב אדום,יחידה,0.00,יחידה,false,,21.90,0.0000,true,1,8910
7290000191539,false,חמישיית ממחטות טישו צבועני לילי 100 יחידות,קימברלי קלארק ישראל שיווק בעמ,,לילי צבעוני חמישיה-9,יחידה,0.00,יחידה,false,,14.90,0.0000,true,1,8912
7290000191645,false,"חיתולים האגיס ליטל בייביס ניו בורן שלב 1 עד 4 ק""ג",קימברלי קלארק ישראל שיווק בעמ,,האגיס רך נולד NB יח',יחידה,0.00,יחידה,false,,34.90,0.0000,true,1,8916
7290000191652,false,שלישיית ממחטות אולטרה סופט קלינקס 90 יחידות,קימברלי קלארק ישראל שיווק בעמ,,קלינקס קלאסיק ניילון,יחידה,0.00,יחידה,false,,11.90,0.0000,true,1,8917
7290000192581,false,מגבת נייר גליל כפול ניקול 12=6 גליל,קימברלי קלארק ישראל שיווק בעמ,,מגבת כפולה ניקול 6=1,מטרים,129.70,מטר,false,,21.90,0.1689,true,1,8922
7290000193014,false,מגן תחתון פדיות אינטרלוד לילי 50 יחידות,קימברלי קלארק ישראל שיווק בעמ,,מגן תחתון אינטרלוד ל,יחידה,0.00,יחידה,false,,11.90,0.0000,true,1,8923
7290000193083,false,נובה-לי תחבושות היגייניות לילי 28 יחידות,קימברלי קלארק ישראל שיווק בעמ,,תחבושות נובה לי לילי,יחידה,0.00,יחידה,false,,11.90,0.0000,true,1,8925
7290000193205,false,תחבושות עם כנפיים ללילה נטורל לילי 20 יחידות,קימברלי קלארק ישראל שיווק בעמ,,תחבושות אולטרה לילה,יחידה,0.00,יחידה,false,,18.50,0.0000,true,1,8928
7290000193472,false,מגן תחתון נטורל נורמל לילי 60 יחידות,קימברלי קלארק ישראל שיווק בעמ,,מגן תחתון נטורל נורמ,יחידה,0.00,יחידה,false,,18.50,0.0000,true,1,8930
7290000193618,false,לילי אינטימייט מגן תחתון נורמל 24 יח',קימברלי קלארק ישראל שיווק בעמ,,מגן תחתון נטורל לייט,יחידה,0.00,יחידה,false,,18.50,0.0000,true,1,8933
7290000193649,false,תחבושות עם כנפיים נורמל פלוס לילי 24 יחידות,קימברלי קלארק ישראל שיווק בעמ,,תחבושות נטורל אולטרה,יחידה,0.00,יחידה,false,,18.50,0.0000,true,1,8934
7290000194208,false,כרעיים עוף חלק רב מח,,,כרעיים עוף חלק רב מח,קילוגרמים,1.00,"ק""ג",true,,34.90,34.9000,true,1,46828
7290000194260,false,מחפוד-שוקיים עוף קפו,,,מחפוד-שוקיים עוף קפו,קילוגרמים,1.00,"ק""ג",true,,36.90,36.9000,true,1,46831
7290000194837,false,ניקול - שקיות מזון + ידיות קשירה אקסטרה לארג' 200 יח',קימברלי קלארק ישראל שיווק בעמ,,ניקול שקיות מזון עם,יחידה,0.00,יחידה,false,,13.90,0.0000,true,1,8947
7290000195216,false,נייר אפייה בשקית ניקול 50 יחידות,קימברלי קלארק ישראל שיווק בעמ,,ניקול נייר אפייה בשק,יחידה,0.00,יחידה,false,,11.90,0.0000,true,1,8954
7290000195537,false,האגיס - מגבוני האגיס דיילי קר לא מבושם 64 יח' * 4,קימברלי קלארק ישראל שיווק בעמ,,מגבוני האגיס דיילי ק,יחידה,0.00,יחידה,false,,19.90,0.0000,true,1,8960
7290000195773,false,האגיס - מגבוני האגיס סנסטיב קר לא מבושם 64 יח' * 4,קימברלי קלארק ישראל שיווק בעמ,,מגבוני האגיס סנסטיב,יחידה,0.00,יחידה,false,,19.90,0.0000,true,1,8964
7290000197432,false,שקיות אוכל סנדביצ'ון ניקול מארז 150X2יח',קימברלי קלארק ישראל שיווק בעמ,,ניקול שקיות אוכל זוג,יחידה,0.00,יחידה,false,,13.90,0.0000,true,1,8989
7290000197548,false,חיתולים פרידום דריי שלב 5 האגיס 36 יחידות,קימברלי קלארק ישראל שיווק בעמ,,האגיס פרידום דריי של,יחידה,0.00,יחידה,false,,45.90,0.0000,true,1,8995
7290000197678,false,חיתולי האגיס פרידום דריי שלב 6 30 יחידות,קימברלי קלארק ישראל שיווק בעמ,,האגיס פרידום דריי ש,יחידה,0.00,יחידה,false,,45.90,0.0000,true,1,8997
7290000197753,false,ניילון נצמד אנטי בטקריאלי ניקול 30X2מ',קימברלי קלארק ישראל שיווק בעמ,,ניקול ניילונית זוג,מטרים,60.00,מטר,false,,12.90,0.2150,true,1,8999
7290000197883,false,תבנית אלומיניום 100 גדולה ניקול 4 יחידות,קימברלי קלארק ישראל שיווק בעמ,,ניקול תבניות אלומיני,יחידה,0.00,יחידה,false,,10.90,0.0000,true,1,9002
7290000197982,false,"רדיד אלומיניום עבה 45 ס""מ רוחב ניקול 2 יח' 7.5 מטר",קימברלי קלארק ישראל שיווק בעמ,,ניקול רדיד אלומיניום,מטרים,15.00,מטר,false,,22.90,1.5267,true,1,9004
7290000201863,false,חיתולי פרימיום שלב 5 טיטולים) (34,קימברלי קלארק ישראל שיווק בעמ,,טיטולים פרימיום שלב,יחידה,0.00,יחידה,false,,32.90,0.0000,true,1,9018
7290000204086,false,ניקול כרית קרצוף מארז שלישייה,קימברלי קלארק ישראל שיווק בעמ,,ניקול כרית קרצוף,יחידה,0.00,יחידה,false,,11.90,0.0000,true,1,9036
7290000204215,false,שישיית כרית יפנית ניקול 6 יחידות,קימברלי קלארק ישראל שיווק בעמ,,ניקול כריות יפניות 6,יחידה,0.00,יחידה,false,,12.90,0.0000,true,1,9038
7290000204253,false,מטליות רב שימושיות לניקיון ניקול 9 יחידות,קימברלי קלארק ישראל שיווק בעמ,,מטלית רב שימושית תשע,יחידה,0.00,יחידה,false,,11.90,0.0000,true,1,9040
7290000204307,false,מטלית רב שימושית בגליל ניקול 40 יחידות,קימברלי קלארק ישראל שיווק בעמ,,מטליות ניקול 40 רב ש,יחידה,0.00,יחידה,false,,22.90,0.0000,true,1,9041
7290000204512,false,מטליות לחות לניקוי רצפה בריח לימון ניקול 10 יחידות,קימברלי קלארק ישראל שיווק בעמ,,מטליות לחות לרצפה בר,יחידה,0.00,יחידה,false,,12.90,0.0000,true,1,9042
7290000207063,false,רסק עגבניות פריכוז 28% 240 גרם יכין,היינץ צפון אמריקה מק,,רוטב עגבניות פריכוז,גרמים,240.00,100 גרם,false,,4.90,2.0417,true,1,8612
7290000207162,false,רוטב עגבניות מרכיב טבעי 100 ג' יכין,זנלכול יכין,,רוטב עגבניות 100 גרם,גרמים,100.00,100 גרם,false,,2.50,2.5000,true,1,8615
7290000207438,false,עגבניות מקולפות חתוכות לקוביות,זנלכול יכין,,עגבניות לקוביות יכין,גרמים,800.00,100 גרם,false,,10.90,1.3625,true,1,8616
7290000208077,false,אפונת גינה גדולה יכין (550 גרם),זנלכול יכין,,אפונת גינה גדולה L י,גרמים,335.00,100 גרם,false,,9.90,2.9552,true,1,8621
7290000208114,false,"אפונה וגזר יכין A2 פ""ק בית יוסף",זנלכול יכין,,אפונת גינה וגזר יכין,גרמים,330.00,100 גרם,false,,9.90,3.0000,true,1,8624
7290000208145,false,גרעיני תירס מתוק לייט 550 גרם יכין,זנלכול יכין,,גרעיני תירס לייט יכי,גרמים,335.00,100 גרם,false,,9.90,2.9552,true,1,8627
>>>>>>> d048ac2f4f281c9d788043ab4e81b61b0dbe3743
7290000208213,false,שעועית לבנה אפויה A2 ברוטב עגבניות יכין 560ג',היינץ צפון אמריקה מק,,שעועית לבנה ברוטב עג,גרמים,355.00,100 גרם,false,,9.90,2.7887,true,1,8629
7290000208220,false,שעועית צ`ילי מקסיקני חריף יכין (550 גרם),היינץ צפון אמריקה מק,,שעועית צילי חריף יכי,גרמים,355.00,100 גרם,false,,10.90,3.0704,true,1,8630
7290000208312,false,גרעיני תירס מתוק בואקום יכין 400 גר',"זנלכל בע""\מ",,גרעיני תירס מתוק יכי,גרמים,400.00,100 גרם,false,,7.90,1.9750,true,1,8634
7290000208329,false,גרעיני תירס מתוק יכין (550 גרם),זנלכול יכין,,גרעיני תירס מתוק יכי,גרמים,335.00,100 גרם,false,,9.90,2.9552,true,1,8635
7290000208336,false,רסק יכין 240גר 22% יכין בית יוסף,"זנלכל בע""\מ",,רוטב עגבניות יכין 24,גרמים,240.00,100 גרם,false,,5.50,2.2917,true,1,8636
7290000208343,false,עגבניות מרוסקות שום יכין A2.5 בית יוסף,היינץ צפון אמריקה מק,,עגבניות מרוסקות שום,גרמים,800.00,100 גרם,false,,10.90,1.3625,true,1,8637
<<<<<<< HEAD
7290000208350,false,עגבניות מרוסקות בצל 850 גר יכין A 2.5,זנלכל,,עגבניות מרוסקות עם ב,גרמים,800.00,100 גרם,false,,10.90,1.3625,true,1,8638
7290000208367,false,עגבניות מרוסקות בזיליקום יכין A2.5 בית יוסף,זנלכל,,עגבניות מרוסקות בזיל,גרמים,800.00,100 גרם,false,,10.90,1.3625,true,1,8639
7290000208428,false,גרגרי חומוס שלם 550 גרם יכין,"זנלכל בע""\מ",,חומוס שלם יכין 550 ג,גרמים,290.00,100 גרם,false,,9.90,3.4138,true,1,8641
7290000208855,false,רוטב לפסטה קלאסי 240 גרם יכין,"זנלכל בע""\מ",,רוטב לפסטה קלאסי יכי,גרמים,260.00,100 גרם,false,,6.50,2.5000,true,1,8649
7290000208893,false,גרעיני תירס מתוק לייט 400 גרם יכין,היינץ צפון אמריקה מק,,תירס לייט יכין 400 ג,גרמים,400.00,100 גרם,false,,6.90,1.7250,true,1,8650
7290000208947,false,עגבניות מרוסקות יכין 260 גרם,היינץ צפון אמריקה מק,,עגבניות מרוסקות יכין,יחידה,260.00,יחידה,false,,6.50,0.0250,true,1,8652
7290000208978,false,רוטב עגבניות פריכוז יכין 100 גרם,היינץ צפון אמריקה מק,,רוטב עגבניות פריכוז,גרמים,100.00,100 גרם,false,,3.90,3.9000,true,1,8653
7290000209043,false,מיץ לימון לתיבול יכין 1 ליטר,היינץ צפון אמריקה מק,,מיץ לימון משומר יכין,ליטרים,1.00,ליטר,false,,5.90,5.9000,true,1,8656
7290000209371,false,תירס מתוק יכין 200 גרם מארז 3 יח',היינץ צפון אמריקה מק,,תירס שלישיה יכין 3*1,גרמים,495.00,100 גרם,false,,15.90,3.2121,true,1,8665
7290000209388,false,תירס מתוק לייט יכין 200 גרם מארז 3 יח',"זנלכל בע""\מ",,תירס לייט שלישיה יכי,גרמים,420.00,100 גרם,false,,15.90,3.7857,true,1,8666
7290000209524,false,סירופ דיאט בטעם פטל יכין 1 ליטר,"זנלכל בע""\מ",,סירופ דייאט פטל יכין,ליטרים,1.00,ליטר,false,,17.90,17.9000,true,1,8669
7290000209722,false,רסק עגבניות 28% פריכוז 580 גרם יכין,"זנלכל בע""\מ",,רוטב עגבניות מרוכז מ,גרמים,580.00,100 גרם,false,,10.90,1.8793,true,1,8677
7290000209906,false,עגבניות מרוסקות בתוספת בצל 240 גרם יכין,זנלכל,,עגבניות מרוסקות עם ב,גרמים,260.00,100 גרם,false,,6.50,2.5000,true,1,8678
7290000209944,false,רוטב לעגבניות בסיס לשקשוקה 240 ג' יכין,"זנלכל בע""\מ",,רוטב לעגבניות לשקשוק,גרמים,260.00,100 גרם,false,,6.50,2.5000,true,1,8680
7290000209951,false,רוטב עגבניות לפיצה 260 גרם יכין,"זנלכל בע""\מ",,רוטב עגבניות לפיצה י,מיליליטרים,260.00,"100 מ""ל",false,,6.50,2.5000,true,1,8681
7290000210896,false,רוטב לפסטה בולונז 240 גרם יכין,"זנלכל בע""\מ",,רוטב לפסטה בולונז יכ,גרמים,260.00,100 גרם,false,,6.50,2.5000,true,1,8684
=======
7290000208350,false,עגבניות מרוסקות עם בצל יכין (800 גרם),זנלכול יכין,,עגבניות מרוסקות עם ב,גרמים,800.00,100 גרם,false,,10.90,1.3625,true,1,8638
7290000208367,false,עגבניות מרוסקות בזיליקום יכין A2.5 בית יוסף,זנלכול יכין,,עגבניות מרוסקות בזיל,גרמים,800.00,100 גרם,false,,10.90,1.3625,true,1,8639
7290000208428,false,גרגרי חומוס שלם 550 גרם יכין,היינץ צפון אמריקה מק,,חומוס שלם יכין 550 ג,גרמים,290.00,100 גרם,false,,9.90,3.4138,true,1,8641
7290000208855,false,רוטב לפסטה קלאסי יכין (240 גרם),זנלכול יכין,,רוטב לפסטה קלאסי יכי,גרמים,260.00,100 גרם,false,,6.50,2.5000,true,1,8649
7290000208893,false,גרעיני תירס מתוק לייט 400 גרם יכין,היינץ צפון אמריקה מק,,תירס לייט יכין 400 ג,גרמים,400.00,100 גרם,false,,6.90,1.7250,true,1,8650
7290000208947,false,עגבניות מרוסקות יכין (240 גרם),היינץ צפון אמריקה מק,,עגבניות מרוסקות יכין,יחידה,260.00,יחידה,false,,6.50,0.0250,true,1,8652
7290000208978,false,רוטב עגבניות (10028% גרם)פריכוז יכין,זנלכול יכין,,רוטב עגבניות פריכוז,גרמים,100.00,100 גרם,false,,3.90,3.9000,true,1,8653
7290000209043,false,מיץ לימון משומר לתיבול יכין (1 ליטר),היינץ צפון אמריקה מק,,מיץ לימון משומר יכין,ליטרים,1.00,ליטר,false,,5.90,5.9000,true,1,8656
7290000209371,false,מארז גרעיני תירס מתוק יכין (200x3 גרם),היינץ צפון אמריקה מק,,תירס שלישיה יכין 3*1,גרמים,495.00,100 גרם,false,,15.90,3.2121,true,1,8665
7290000209388,false,תירס מתוק לייט יכין 200 גרם מארז 3 יח',זנלכול יכין,,תירס לייט שלישיה יכי,גרמים,420.00,100 גרם,false,,15.90,3.7857,true,1,8666
7290000209524,false,סירופ דיאט בטעם פטל יכין (1 ליטר),זנלכול יכין,,סירופ דייאט פטל יכין,ליטרים,1.00,ליטר,false,,17.90,17.9000,true,1,8669
7290000209722,false,רוטב עגבניות 28% יכין (580 גרם)פריכוז,"זנלכל בע""\מ",,רוטב עגבניות מרוכז מ,גרמים,580.00,100 גרם,false,,10.90,1.8793,true,1,8677
7290000209906,false,עגבניות מרוסקות בתוספת בצל 240 גרם יכין,זנלכול יכין,,עגבניות מרוסקות עם ב,גרמים,260.00,100 גרם,false,,6.50,2.5000,true,1,8678
7290000209944,false,רוטב לעגבניות בסיס לשקשוקה 240 ג' יכין,"זנלכל בע""\מ",,רוטב לעגבניות לשקשוק,גרמים,260.00,100 גרם,false,,6.50,2.5000,true,1,8680
7290000209951,false,רוטב עגבניות לפיצה 260 גרם יכין,"זנלכל בע""\מ",,רוטב עגבניות לפיצה י,מיליליטרים,260.00,"100 מ""ל",false,,6.50,2.5000,true,1,8681
7290000210896,false,רוטב לפסטה בולונז 240 גרם יכין,זנלכול יכין,,רוטב לפסטה בולונז יכ,גרמים,260.00,100 גרם,false,,6.50,2.5000,true,1,8684
>>>>>>> d048ac2f4f281c9d788043ab4e81b61b0dbe3743
7290000211169,false,"אורז תאילנדי אחד אחד סוגת 1 ק""ג",האי נאם סי או אל.טי.,,אורז תאילנדי 1 ק'ג,קילוגרמים,1.00,"ק""ג",false,,7.50,7.5000,true,1,17296
7290000211312,false,סוגת אורז מלא פרסי אחד אחד 1 קג,האי נאם סי או אל.טי.,,אורז מלא אחד אחד 1קג,קילוגרמים,1.00,"ק""ג",false,,9.80,9.8000,true,1,17297
7290000211374,false,"קמח חיטה מלא סוגת 1 ק""ג",טחנת קמח דגן-שטיבל,,"קמח מלא סוגת 1 ק""ג",קילוגרמים,1.00,"ק""ג",false,,7.90,7.9000,true,1,17298
7290000211442,false,אורז בסגנון פרסי קלאסי סוגת (1 קג),האי נאם סי או אל.טי.,,סוגת אורז פרסי קלאסי,קילוגרמים,1.00,"ק""ג",false,,11.50,11.5000,true,1,17300
7290000211503,false,סוכר לבן ארוז בשקית,"סוגת תעשיות בע""\מ",,"סוכר סוגת לבן 1 ק""ג",קילוגרמים,1.00,"ק""ג",false,,4.90,4.9000,true,1,17301
<<<<<<< HEAD
7290000211626,false,"סוגת אורז חיש 1 ק""ג","סוגת תעשיות בע""\מ",,"אורז חיש 1 ק""ג",קילוגרמים,1.00,"ק""ג",false,,11.90,11.9000,true,1,17302
7290000211985,false,"סוגת אורז עגול ריזוטו 1 ק""ג","סוגת תעשיות בע""\מ",,סוגת אורז עגול 1קג,קילוגרמים,1.00,"ק""ג",false,,10.90,10.9000,true,1,17304
7290000212173,false,וופל טעם שוקולד מנעמים 500 ג',קריות זול,,ופל שוקו מנעמים 500,גרמים,500.00,100 גרם,false,,9.90,1.9800,true,1,36038
7290000212975,false,"ופל שוקו מנעמים 1 ק""",מנעמים,,"ופל שוקו מנעמים 1 ק""",קילוגרמים,1.00,"ק""ג",false,,16.90,16.9000,true,1,36042
7290000238029,false,"בצק עלים צרפתי מרודד מעדנות 1 ק""ג",מיוצר עי קונדיטוריית,,"בצק עלים 1ק""ג",קילוגרמים,1.00,"ק""ג",false,,23.90,23.9000,true,1,35601
7290000238036,false,מלאווח בקופסא מעדנות 700 גרם,מיוצר עי קונדיטוריית,,מעדנות מלווח 700גר,גרמים,700.00,100 גרם,false,,17.90,2.5571,true,1,35602
7290000238173,false,בורקס גבינה מעדנות 800 גרם,מיוצר עי קונדיטוריית,,בורקס גבינה מעדנות 8,גרמים,800.00,100 גרם,false,,22.90,2.8625,true,1,35603
7290000238180,false,בורקס תפוחי אדמה מעדנות 800 גרם,מיוצר עי קונדיטוריית,,"בורקס תפו""א 800גר",גרמים,800.00,100 גרם,false,,21.90,2.7375,true,1,35604
=======
7290000211626,false,חיש אורז אחד אחד 1 קג,"סוגת תעשיות בע""\מ",,"אורז חיש 1 ק""ג",קילוגרמים,1.00,"ק""ג",false,,11.90,11.9000,true,1,17302
7290000211985,false,אורז עגול ריזוטו אחד אחד 1 קג,"סוגת תעשיות בע""\מ",,סוגת אורז עגול 1קג,קילוגרמים,1.00,"ק""ג",false,,10.90,10.9000,true,1,17304
7290000212173,false,וופל מנעמים בטעם שוקו 500 גרם,ח.כהן סוכנות מזון ומשקאות,,ופל שוקו מנעמים 500,גרמים,500.00,100 גרם,false,,9.90,1.9800,true,1,36038
7290000212975,false,"ופל שוקו מנעמים 1 ק""",מנעמים תעשיות מזון בעמ**,,"ופל שוקו מנעמים 1 ק""",קילוגרמים,1.00,"ק""ג",false,,16.90,16.9000,true,1,36042
7290000238029,false,"בצק עלים צרפתי מרודד מעדנות 1 ק""ג",תנובה מרכז שיתופי לשיווק תוצרת,,"בצק עלים 1ק""ג",קילוגרמים,1.00,"ק""ג",false,,23.90,23.9000,true,1,35601
7290000238036,false,מלאווח מעדנות 6 יח`700 גרם קפוא,תנובה מרכז שיתופי לשיווק תוצרת,,מעדנות מלווח 700גר,גרמים,700.00,100 גרם,false,,17.90,2.5571,true,1,35602
7290000238173,false,.בורקס במילוי גבינה 800 גרם מעדנות,מיוצר עי קונדיטוריית,,בורקס גבינה מעדנות 8,גרמים,800.00,100 גרם,false,,22.90,2.8625,true,1,35603
7290000238180,false,בורקס במילוי תפוא 800 גרם מעדנות,מיוצר עי קונדיטוריית,,"בורקס תפו""א 800גר",גרמים,800.00,100 גרם,false,,21.90,2.7375,true,1,35604
>>>>>>> d048ac2f4f281c9d788043ab4e81b61b0dbe3743
7290000244051,false,"הוואי שלישיית סבון נוזלי משב טרופי 500 מ""ל",טרופיקל דגיל,,סבון נוזלי טרופי הוו,ליטרים,1.50,ליטר,false,,17.90,11.9333,true,1,8082
7290000245089,false,סוד סופט מרכך כביסה סגול 4 ליטר,גורי שיווק בעמ,,מרכך כביסה סוד סגול,ליטרים,4.00,ליטר,false,,18.90,4.7250,true,1,34867
7290000245294,false,"פרסיל אבקת כביסה סופרא 2.5ק""ג",גורי שיווק בעמ,,אבקת כביסה פרסיל 2.5,קילוגרמים,2.50,"ק""ג",false,,26.90,10.7600,true,1,34872
7290000245799,false,סוד סופט מרכך כביסה כחול 4 ליטר,גורי שיווק בעמ,,מרכך כביסה סוד כחול,ליטרים,4.00,ליטר,false,,18.90,4.7250,true,1,34883
7290000247729,false,כנפיים עוף קפוא ארוז,,,כנפיים עוף קפוא ארוז,קילוגרמים,1.00,"ק""ג",true,,8.90,8.9000,true,1,9242
<<<<<<< HEAD
7290000253220,false,שוקולד צ'יפס חום אופנהיימר 260 גר',אופנהיימר,,שוקולד צ'יפס אופנהיי,גרמים,260.00,100 גרם,false,,13.90,5.3462,true,1,24576
7290000253251,false,שוקולד צ'יפס לבן אופנהיימר 250 גרם,אופנהיימר,,שוקולד צ'יפס לבן אופ,גרמים,250.00,100 גרם,false,,13.90,5.5600,true,1,24577
7290000262031,false,נייר טואלט מולט לב 32 גלילים,קימברלי-קלארק,,נייר טואלט מולט לב 3,מטרים,563.00,מטר,false,,34.90,0.0620,true,1,9046
7290000264752,false,"ניקול רדיד אלומיניום גליל מעוצב מארז, זוג * 7.5 מטר",חוגלה קימברלי,,ניקול רדיד אלומיניום,מטרים,15.00,מטר,false,,13.80,0.9200,true,1,9071
7290000272696,false,עסיס מיץ לימון טבעי משומר 1 ל' אסם,בית-השיטה עסיס תעשיות מז,,מיץ לימון משומר עסיס,ליטרים,1.00,ליטר,false,,11.90,11.9000,true,1,18634
7290000272726,false,חומץ רכיבים רכיבים טבעיים 5% עסיס 1 ליטר,בית-השיטה עסיס תעשיות מז,,חומץ טבעי 5% עסיס 1,ליטרים,1.00,ליטר,false,,7.50,7.5000,true,1,18635
7290000286228,false,ספוגיות לניקוי כללי סנו סושי 6 יחידות,סנו מפעלי ברונו בעמ,,סנו סושי שישיות כריו,יחידה,0.00,יחידה,false,,12.90,0.0000,true,1,29672
7290000286298,false,פילה דג סלמון נורווג,,,פילה דג סלמון נורווג,קילוגרמים,1.00,"ק""ג",true,,79.90,79.9000,true,1,356360
7290000286549,false,מטליות לניקוי כללי סנו סושי 9 יחידות,נועם אורים תעשיות בע,,סנו סושי מטליות לכל,יחידה,0.00,יחידה,false,,12.90,0.0000,true,1,29681
7290000286761,false,ניילון נצמד סנו סושי פלסטיק מארז 30X2 מ',מיוצר עי קונדיטוריית,,סנו סושי פלסטיק נצמד,מטרים,60.00,מטר,false,,12.90,0.2150,true,1,29685
=======
7290000253220,false,שוקולדצ`יפס לאפייה 260 גר`אופנהיימר,תה ויסוצקי (ישראל) בעמ,,שוקולד צ'יפס אופנהיי,גרמים,260.00,100 גרם,false,,13.90,5.3462,true,1,24576
7290000253251,false,נטיפי שוקולד צ`יפס לבן לאפיה 250 גרם,תה ויסוצקי (ישראל) בעמ,,שוקולד צ'יפס לבן אופ,גרמים,250.00,100 גרם,false,,13.90,5.5600,true,1,24577
7290000262031,false,נייר טואלט מולט לבבות 32 גלילים,קימברלי קלארק ישראל שיווק בעמ,,נייר טואלט מולט לב 3,מטרים,563.00,מטר,false,,34.90,0.0620,true,1,9046
7290000264752,false,"ניקול רדיד אלומיניום גליל מעוצב מארז, זוג * 7.5 מטר",קימברלי קלארק ישראל שיווק בעמ,,ניקול רדיד אלומיניום,מטרים,15.00,מטר,false,,13.80,0.9200,true,1,9071
7290000272696,false,מיץ לימון טבעי משומר 1 ליטר עסיס כלפ,קבוצת אוסם סחר שותפות מוגבלת,,מיץ לימון משומר עסיס,ליטרים,1.00,ליטר,false,,11.90,11.9000,true,1,18634
7290000272726,false,חומץ רכיבים רכיבים טבעיים 5% עסיס 1 ליטר,קבוצת אוסם סחר שותפות מוגבלת,,חומץ טבעי 5% עסיס 1,ליטרים,1.00,ליטר,false,,7.50,7.5000,true,1,18635
7290000286228,false,ספוגיות לניקוי כללי סנו סושי 6 יחידות,החברה הדרומית לשיווק בעמ,,סנו סושי שישיות כריו,יחידה,0.00,יחידה,false,,12.90,0.0000,true,1,29672
7290000286298,false,פילה דג סלמון נורווג,,,פילה דג סלמון נורווג,קילוגרמים,1.00,"ק""ג",true,,79.90,79.9000,true,1,356360
7290000286549,false,מטליות לניקוי כללי סנו סושי 9 יחידות,החברה הדרומית לשיווק בעמ,,סנו סושי מטליות לכל,יחידה,0.00,יחידה,false,,12.90,0.0000,true,1,29681
7290000286761,false,ניילון נצמד סנו סושי פלסטיק מארז 30X2 מ',החברה הדרומית לשיווק בעמ,,סנו סושי פלסטיק נצמד,מטרים,60.00,מטר,false,,12.90,0.2150,true,1,29685
>>>>>>> d048ac2f4f281c9d788043ab4e81b61b0dbe3743
7290000286824,false,פילה דג נסיכת הנילוס,,,פילה דג נסיכת הנילוס,קילוגרמים,1.00,"ק""ג",true,,39.90,39.9000,true,1,356315
7290000286921,false,סנוקל רסס וכבס תרסיס אקדח 750 מ``ל,החברה הדרומית לשיווק בעמ,,סנוקל רסס כבס,מיליליטרים,750.00,"100 מ""ל",false,,13.90,1.8533,true,1,29690
7290000287409,false,"שלישיית סנובון תות לאסלה ""סנו""",החברה הדרומית לשיווק בעמ,,סנובון שלישיה תות 3*,גרמים,165.00,100 גרם,false,,12.90,7.8182,true,1,29697
7290000287492,false,"סנובון נוזל לניקוי אסלות בריח לימון סנו 750 מ""ל",החברה הדרומית לשיווק בעמ,,סנובון נוזלי בניחוח,מיליליטרים,750.00,"100 מ""ל",false,,13.90,1.8533,true,1,29700
7290000288024,false,סנו - ז'אוול אקונומיקה בריח לימון 4 ליטר,החברה הדרומית לשיווק בעמ,,סנו ז'אוול בריח לימו,ליטרים,4.00,ליטר,false,,17.90,4.4750,true,1,29708
7290000288048,false,ז`אוול מרסס לניקוי כללי לבנדר סנו (1 ליט,החברה הדרומית לשיווק בעמ,,סנו ג'אוול מרסס אילנ,ליטרים,1.00,ליטר,false,,19.90,19.9000,true,1,29710
7290000288079,false,סנו - ז'אוול אקונומיקה לימון 2 ליטר,החברה הדרומית לשיווק בעמ,,סנו זאוול בריח לימון,ליטרים,2.00,ליטר,false,,12.90,6.4500,true,1,29711
7290000288086,false,אבקת ניקוי עם אקונומיקה בריח לימון סנו ז'אוול 600 ג',החברה הדרומית לשיווק בעמ,,אבקת ניקוי ג'אוול לי,גרמים,600.00,100 גרם,false,,12.90,2.1500,true,1,29712
7290000288352,false,"קוטל חרקים וזוחלים K-300 סנו 630 מ""ל",החברה הדרומית לשיווק בעמ,,K - 300,מיליליטרים,630.00,"100 מ""ל",false,,22.90,3.6349,true,1,29717
7290000288727,false,סנו מקסימה אבקת כביסה מאסק מילוי 1.25,החברה הדרומית לשיווק בעמ,,סנו מקסימה מאסק 1.25,קילוגרמים,1.25,"ק""ג",false,,15.90,12.7200,true,1,29726
7290000289069,false,סנו - ז'אוול מרסס קצף ניקוי בתוספת אקונומיקה בריח לימון 1 ליטר,החברה הדרומית לשיווק בעמ,,סנו ג'אוול מרסס לימו,ליטרים,1.00,ליטר,false,,19.90,19.9000,true,1,29730
7290000289236,false,K3 נמלים פיתיון ג'ל - קוטל נמלים בבית ובחצר,החברה הדרומית לשיווק בעמ,,סנו K300פיתיון ג'ל ק,יחידה,0.00,יחידה,false,,52.90,0.0000,true,1,53629
7290000289472,false,סנו סושי רב שקית שקיות אשפה90*76 50י,החברה הדרומית לשיווק בעמ,,סנו סושי שקיות HD 76,יחידה,0.00,יחידה,false,,21.90,0.0000,true,1,29733
7290000289748,false,"מסיר שומנים לתנורים פורטה פלוס סנו 750 מ""ל",החברה הדרומית לשיווק בעמ,,סנו פורטה פלוס לתנור,מיליליטרים,750.00,"100 מ""ל",false,,16.90,2.2533,true,1,29739
7290000292533,false,סנו גל לניקוי כללי על בסיס שמן אורנים 1ל,החברה הדרומית לשיווק בעמ,,סנו ג'ל לניקוי כללי,ליטרים,1.00,ליטר,false,,17.90,17.9000,true,1,29752
7290000292687,false,סנובון מוצק לניקוי אסלה קלאסיק כחול סנו 3 יחידות,החברה הדרומית לשיווק בעמ,,סנובון כחול שלישיה,גרמים,165.00,100 גרם,false,,17.90,10.8485,true,1,29756
7290000292915,false,רסס ונגב לניקוי כללי תרסיס סנו (750 מל),החברה הדרומית לשיווק בעמ,,סנו רסס ונגב אקדח 75,מיליליטרים,750.00,"100 מ""ל",false,,14.90,1.9867,true,1,29758
7290000293073,false,מקסימה מרכך כביסה ביו לבן סנו 4 ליטר,החברה הדרומית לשיווק בעמ,,מרכך כביסה סנו מקסימ,ליטרים,4.00,ליטר,false,,23.90,5.9750,true,1,29760
7290000293943,false,"מרסס לבן מסיר אבנית 1 ליטר אנטי קאלק ""סנו""",החברה הדרומית לשיווק בעמ,,סנו אנטי קאלק+מתז 1,ליטרים,1.00,ליטר,false,,20.90,20.9000,true,1,29768
7290000294780,false,אקונומיקה סמיכה בריח לימון סנו ז'אוול 4 ליטר,החברה הדרומית לשיווק בעמ,,סנו ז'אוול סמיכה 4 ל,ליטרים,4.00,ליטר,false,,17.90,4.4750,true,1,29774
7290000295299,false,סנו סושי כריות הפלא רב תכלתיות רביעייה,החברה הדרומית לשיווק בעמ,,כריות יפניות סנו סוש,יחידה,0.00,יחידה,false,,12.90,0.0000,true,1,29776
7290000295404,false,שקיות אשפה עם שרוך 54 * 65 סנו סושי 60 יחידות,החברה הדרומית לשיווק בעמ,,שקיות אשפה נשלפות סנ,יחידה,0.00,יחידה,false,,23.90,0.0000,true,1,29781
7290000295503,false,זוג שקיות מזון טבע 19*25 סנו סושי 150 יחידות,החברה הדרומית לשיווק בעמ,,סנו סושי צמד שקיות א,יחידה,0.00,יחידה,false,,15.90,0.0000,true,1,29782
7290000295541,false,רב מגבת ג'מבו סנו סושי 75 יחידות,החברה הדרומית לשיווק בעמ,,סנו רב מגבת גמבו,יחידה,0.00,יחידה,false,,17.90,0.0000,true,1,29783
7290000295565,false,"רדיד אלומיניום רוחב 45 ס""מ סנו 2 יח' 7.5 מטר",החברה הדרומית לשיווק בעמ,,רדיד אלומיניום רחב ב,מטרים,15.00,מטר,false,,16.90,1.1267,true,1,29785
7290000295572,false,"מארז זוגי מנקה אסלות 00 סנו 750 מ""ל",החברה הדרומית לשיווק בעמ,,מנקה אסלות 00 צמד,ליטרים,1.50,ליטר,false,,19.90,13.2667,true,1,29786
7290000295794,false,ספוגיות מתכת אל חלד לניקוי סנו 3 יחידות,החברה הדרומית לשיווק בעמ,,ספוגיות אל חלד זוג,יחידה,0.00,יחידה,false,,14.90,0.0000,true,1,29789
7290000300877,false,סיימן גבינת צדר אנגל,,,סיימן גבינת צדר אנגל,קילוגרמים,1.00,"ק""ג",true,,140.00,140.0000,true,1,16540
7290000300900,false,שניצל תירס מרכיבים טבעיים טבעול 750 גרם,קבוצת אוסם סחר שותפות מוגבלת,,שניצל תירס טבעול רכי,גרמים,750.00,100 גרם,false,,27.90,3.7200,true,1,19695
7290000312750,false,מלך הבייגלה טבעות שומשום 200 גר',,,ביגלה שומשום 200 גרם,גרמים,200.00,100 גרם,false,,5.90,2.9500,true,1,58018
<<<<<<< HEAD
7290000313160,false,זהבה ושלושת הדובים עוגיות בטעם שוקולד אסם 350 גרם,"הגביע מוצרי וופלים בע""\מ",,חברים זהבה ושלושת הד,גרמים,250.00,100 גרם,false,,9.50,3.8000,true,1,18636
7290000313184,false,עוגיות חברים גן חיות וניל אסם 250 גר',"הגביע מוצרי וופלים בע""\מ",,חברים ביסקויט גן חיו,גרמים,250.00,100 גרם,false,,9.50,3.8000,true,1,18637
7290000313290,false,אסם נודלס נודלס איטריות מסולסלות 200גר,תאי פרזידנט פוד בנגק,,נודלס אטריות מסולסלו,יחידה,200.00,יחידה,false,,10.90,0.0545,true,1,18639
7290000315140,false,קורנפלקס קמח מלא בד''ץ תלמה 500 גרם,"יוניליוור שפע ישראל בע""\",,קורנפלקס מלא תלמה בד,גרמים,500.00,100 גרם,false,,24.10,4.8200,true,1,10277
7290000321750,false,"פילה אמנון 5-7 בד""צ",,,"פילה אמנון 5-7 בד""צ",קילוגרמים,1.00,"ק""ג",true,,32.90,32.9000,true,1,55318
7290000334325,false,ציפס למיקרו מארז שלישיה 125 ג' תפוגן,"תעשיות תפוגן בע""\מ",,תפוגן ציפס למיקרו מא,גרמים,375.00,100 גרם,false,,15.90,4.2400,true,1,19707
7290000334684,false,תפוגן טבעות בצל 700 גרם,"תעשיות תפוגן בע""\מ",,טבעות בצל 700 גרם,גרמים,700.00,100 גרם,false,,19.90,2.8429,true,1,19709
7290000334745,false,"אמריקאן צ'יפס תפוגן 1.5 ק""ג","תעשיות תפוגן בע""מ",,"אמריקאן ציפס 1.5 ק""ג",קילוגרמים,1.50,"ק""ג",false,,28.90,19.2667,true,1,19710
7290000339566,false,בדין מרכך כביסה ורוד 4 ליטר,יוניליור ישראל טיפוח איש,,בדין מרכך כביסה ורוד,ליטרים,4.00,ליטר,false,,20.90,5.2250,true,1,10292
7290000342832,false,מרכך כביסה צהוב בדין 4 ליטר,יוניליוור פארם,,בדין מרכך כביסה צהוב,ליטרים,4.00,ליטר,false,,20.90,5.2250,true,1,10298
7290000345215,false,תה כחול קלאסיק ויסוצקי 100 יחידות,מולינו ניקולי s.p.a,,תה ויסוצקי קלאסיק 10,גרמים,100.00,100 גרם,false,,20.90,20.9000,true,1,24583
7290000345284,false,תה ויסוצקי קלאסי אריזה ירוקה מרובעת (100 שקיקים),מולינו ניקולי s.p.a,,תה ויסוצקי 1.5 קלאסי,גרמים,150.00,100 גרם,false,,20.90,13.9333,true,1,24586
7290000345307,false,תה ארל גריי ויסוצקי 50 יחידות,מולינו ניקולי s.p.a,,תה ארל גריי 1.5/50,גרמים,75.00,100 גרם,false,,30.90,41.2000,true,1,24588
7290000345536,false,תה נענע ויסוצקי 25 יחידות,מולינו ניקולי s.p.a,,תה נענע 25 שקיות 1.5,גרמים,37.50,100 גרם,false,,19.90,53.0667,true,1,24589
7290000346120,false,חליטת קינמון הגן הקסום ויסוצקי 25 יחידות,תה ויסוצקי,,תה קסם הקנמון 25 שקי,גרמים,62.50,100 גרם,false,,17.90,28.6400,true,1,24595
7290000346199,false,חליטת פירות יער הגן הקסום ויסוצקי 25 יחידות,תה ויסוצקי,,תה פירות יער 25 שקיק,גרמים,67.50,100 גרם,false,,17.90,26.5185,true,1,24600
7290000346205,false,חליטת קמומיל הגן הקסום ויסוצקי 25 יחידות,תה ויסוצקי,,תה קמומיל 25 שקיקים,גרמים,37.50,100 גרם,false,,17.90,47.7333,true,1,24601
7290000346212,false,חליטת מנטה הגן הקסום ויסוצקי 25 יחידות,תה ויסוצקי,,תה מנטה 25 שקיקים,גרמים,50.00,100 גרם,false,,17.90,35.8000,true,1,24602
7290000347738,false,תה ירוק נענע ויסוצקי 25 יחידות,תה ויסוצקי,,תה ירוק נענע 25 שקיק,גרמים,37.50,100 גרם,false,,23.90,63.7333,true,1,24607
7290000347752,false,תה ירוק לימונית ולואיזה 25 שקיקים *1.5 ג'' ויסוצקי,תה ויסוצקי,,תה ירוק לימונית ולוא,גרמים,37.50,100 גרם,false,,23.90,63.7333,true,1,24608
7290000364261,false,"דקניקים, סלסולי פסטרמה כתף בקר מעושנת 120 גרם",הנסיך- מפעל לייצור ט,,סלסולי כתף בקר 120 ג,גרמים,120.00,100 גרם,false,,16.80,14.0000,true,1,25317
7290000364278,false,דקניקים סלסולי סלמי איטלקי משובח טירת צבי 120 גרם,הנסיך- מפעל לייצור ט,,סלסולי סלמי איטלקי מ,גרמים,120.00,100 גרם,false,,16.80,14.0000,true,1,25318
7290000364285,false,דקניקים סלסולי פסטרמה הודו טירת צבי 120 גרם,הנסיך- מפעל לייצור ט,,טירת צבי סלסולי פסטר,גרמים,120.00,100 גרם,false,,16.80,14.0000,true,1,25319
7290000364292,false,דקניקים סלסולי פסטרמה הודו על גחלים 1% טירת צבי 120 גרם,הנסיך- מפעל לייצור ט,,סלסולי פסטרמה גחלים,גרמים,120.00,100 גרם,false,,16.80,14.0000,true,1,25320
=======
7290000313160,false,זהבה ושלושת הדובים עוגיות בטעם שוקולד אסם 350 גרם,קבוצת אוסם סחר שותפות מוגבלת,,חברים זהבה ושלושת הד,גרמים,250.00,100 גרם,false,,9.50,3.8000,true,1,18636
7290000313184,false,עוגיות חברים גן חיות וניל אסם 250 גר',קבוצת אוסם סחר שותפות מוגבלת,,חברים ביסקויט גן חיו,גרמים,250.00,100 גרם,false,,9.50,3.8000,true,1,18637
7290000313290,false,אסם נודלס נודלס איטריות מסולסלות 200גר,קבוצת אוסם סחר שותפות מוגבלת,,נודלס אטריות מסולסלו,יחידה,200.00,יחידה,false,,10.90,0.0545,true,1,18639
7290000315140,false,קורנפלקס קמח מלא בד''ץ תלמה 500 גרם,יוניליוור ישראל שיווק בע`מ,,קורנפלקס מלא תלמה בד,גרמים,500.00,100 גרם,false,,24.10,4.8200,true,1,10277
7290000321750,false,"פילה אמנון 5-7 בד""צ",,,"פילה אמנון 5-7 בד""צ",קילוגרמים,1.00,"ק""ג",true,,32.90,32.9000,true,1,55318
7290000334325,false,ציפס למיקרו מארז שלישיה 125 ג' תפוגן,קבוצת אוסם סחר שותפות מוגבלת,,תפוגן ציפס למיקרו מא,גרמים,375.00,100 גרם,false,,15.90,4.2400,true,1,19707
7290000334684,false,תפוגן טבעות בצל לתנור 700 גרם,קבוצת אוסם סחר שותפות מוגבלת,,טבעות בצל 700 גרם,גרמים,700.00,100 גרם,false,,19.90,2.8429,true,1,19709
7290000334745,false,"ציפס אמריקאי דקדק תפוגן 1.5 ק""ג",קבוצת אוסם סחר שותפות מוגבלת,,"אמריקאן ציפס 1.5 ק""ג",קילוגרמים,1.50,"ק""ג",false,,28.90,19.2667,true,1,19710
7290000339566,false,מרכך כביסה ורוד בדין (4 ליטר),יוניליוור ישראל שיווק בע`מ,,בדין מרכך כביסה ורוד,ליטרים,4.00,ליטר,false,,20.90,5.2250,true,1,10292
7290000342832,false,מרכך כביסה צהוב בדין (4 ליטר),יוניליוור ישראל שיווק בע`מ,,בדין מרכך כביסה צהוב,ליטרים,4.00,ליטר,false,,20.90,5.2250,true,1,10298
7290000345215,false,תה כחול קלאסיק ויסוצקי 100 יחידות,תה ויסוצקי (ישראל) בעמ,,תה ויסוצקי קלאסיק 10,גרמים,100.00,100 גרם,false,,20.90,20.9000,true,1,24583
7290000345284,false,תה ויסוצקי קלאסי אריזה ירוקה מרובעת (100 שקיקים),תה ויסוצקי (ישראל) בעמ,,תה ויסוצקי 1.5 קלאסי,גרמים,150.00,100 גרם,false,,20.90,13.9333,true,1,24586
7290000345307,false,תה ארל גרי 1.5/ 50 שקיקים ויסוצקי,תה ויסוצקי (ישראל) בעמ,,תה ארל גריי 1.5/50,גרמים,75.00,100 גרם,false,,30.90,41.2000,true,1,24588
7290000345536,false,תה נענע 1.5/ 25 שקיקים ויסוצקי,תה ויסוצקי (ישראל) בעמ,,תה נענע 25 שקיות 1.5,גרמים,37.50,100 גרם,false,,19.90,53.0667,true,1,24589
7290000346120,false,חליטת קינמון הגן הקסום ויסוצקי 25 יחידות,תה ויסוצקי (ישראל) בעמ,,תה קסם הקנמון 25 שקי,גרמים,62.50,100 גרם,false,,17.90,28.6400,true,1,24595
7290000346199,false,חליטת פירות יער הגן הקסום ויסוצקי 25 יחידות,תה ויסוצקי (ישראל) בעמ,,תה פירות יער 25 שקיק,גרמים,67.50,100 גרם,false,,17.90,26.5185,true,1,24600
7290000346205,false,חליטת קמומיל הגן הקסום ויסוצקי 25 יחידות,תה ויסוצקי (ישראל) בעמ,,תה קמומיל 25 שקיקים,גרמים,37.50,100 גרם,false,,17.90,47.7333,true,1,24601
7290000346212,false,חליטת מנטה הגן הקסום ויסוצקי 25 יחידות,תה ויסוצקי (ישראל) בעמ,,תה מנטה 25 שקיקים,גרמים,50.00,100 גרם,false,,17.90,35.8000,true,1,24602
7290000347738,false,תה ירוק בתוספת עלי נענע 25 שקיקים,תה ויסוצקי (ישראל) בעמ,,תה ירוק נענע 25 שקיק,גרמים,37.50,100 גרם,false,,23.90,63.7333,true,1,24607
7290000347752,false,תה ירוק לימונית ולואיזה 25 שקיקים *1.5 ג'' ויסוצקי,תה ויסוצקי (ישראל) בעמ,,תה ירוק לימונית ולוא,גרמים,37.50,100 גרם,false,,23.90,63.7333,true,1,24608
7290000364261,false,"דקניקים, סלסולי פסטרמה כתף בקר מעושנת 120 גרם",תנובה מרכז שיתופי לשיווק תוצרת,,סלסולי כתף בקר 120 ג,גרמים,120.00,100 גרם,false,,16.80,14.0000,true,1,25317
7290000364278,false,דקניקים סלסולי סלמי איטלקי משובח טירת צבי 120 גרם,תנובה מרכז שיתופי לשיווק תוצרת,,סלסולי סלמי איטלקי מ,גרמים,120.00,100 גרם,false,,16.80,14.0000,true,1,25318
7290000364285,false,דקניקים סלסולי פסטרמה הודו טירת צבי 120 גרם,תנובה מרכז שיתופי לשיווק תוצרת,,טירת צבי סלסולי פסטר,גרמים,120.00,100 גרם,false,,16.80,14.0000,true,1,25319
7290000364292,false,דקניקים סלסולי פסטרמה הודו על גחלים 1% טירת צבי 120 גרם,תנובה מרכז שיתופי לשיווק תוצרת,,סלסולי פסטרמה גחלים,גרמים,120.00,100 גרם,false,,16.80,14.0000,true,1,25320
>>>>>>> d048ac2f4f281c9d788043ab4e81b61b0dbe3743
7290000364858,false,"נקניקיות עוף טרי טירת צבי 1 ק""ג",הנסיך- מפעל לייצור ט,,נקניקיות עוף טרי 1 ק,קילוגרמים,1.00,"ק""ג",false,,30.90,30.9000,true,1,25325
7290000364872,false,נקניקיות עוף טירת צבי (400 גרם),טיב טירת צבי 2000,,נקניקיות עוף 400 גרם,גרמים,400.00,100 גרם,false,,12.90,3.2250,true,1,25326
7290000367590,false,פסטרמה כפרית וסלמי פריזר כפרי טירת צבי 2*400 גרם,תנובה מרכז שיתופי לשיווק תוצרת,,צמד כפרי נק.סלמי+פסט,גרמים,800.00,100 גרם,false,,27.90,3.4875,true,1,25329
7290000370130,false,גבינת ברי צרפתית שקי,,,גבינת ברי צרפתית שקי,קילוגרמים,1.00,"ק""ג",true,,120.00,120.0000,true,1,2776
7290000382210,false,שקיות גופיה ינות בית,,,שקיות גופיה ינות בית,יחידה,0.00,יחידה,false,,0.10,0.0000,true,1,47
7290000382289,false,סל נשיאה יינות ביתן,,,סל נשיאה יינות ביתן,יחידה,0.00,יחידה,false,,3.50,0.0000,true,1,51
7290000384295,false,גבינה גאודה חצי קשה,,,גבינה גאודה חצי קשה,קילוגרמים,1.00,"ק""ג",true,,29.00,29.0000,true,1,51173
7290000385738,false,מנצ`גו משולש. מע.,,,מנצ`גו משולש. מע.,קילוגרמים,1.00,"ק""ג",true,,165.00,165.0000,true,1,14609
7290000408316,false,יוגורט דנונה דל לקטוז 200 גרם,שטראוס גרופ בעמ/מצונן,,דנונה טבעי 3% 200מל,מיליליטרים,200.00,"100 מ""ל",false,,3.70,1.8500,true,1,23231
7290000408354,false,יוגורט עם אורז מצופה שוקולד קקאו 175 ג' דנונה,שטראוס גרופ בעמ/מצונן,,דנונה קראנצ' פצפוצים,מיליליטרים,175.00,"100 מ""ל",false,,4.90,2.8000,true,1,23232
7290000410874,false,מעדני הטלה רבעי פרגי,,,רבעי פרגיות מלוח,קילוגרמים,1.00,"ק""ג",true,,54.90,54.9000,true,1,16584
<<<<<<< HEAD
7290000412481,false,נוזל לניקוי אסלות 00 סנו 1 ליטר,מיוצר עי קונדיטוריית,,מנקה אסלות 1 ליטר 00,ליטרים,1.00,ליטר,false,,8.90,8.9000,true,1,29793
7290000416021,false,ממרח בטעם שוקולד השחר חלבי 500,השחר העולה,,ממרח שוקולד השחר 500,גרמים,500.00,100 גרם,false,,15.90,3.1800,true,1,28847
7290000416618,false,"ממרח שוקולד פרווה השחר 400 גרם כשל""פ",השחר העולה תעשייות מ,,ממרח שוקולד פרווה הש,גרמים,400.00,100 גרם,false,,12.90,3.2250,true,1,28857
7290000416632,false,"ממרח שוקולד פרווה השחר 1 ק""ג כשל""פ",השחר העולה תעשית ממת,,ממרח שוקולד פרווה הש,קילוגרמים,1.00,"ק""ג",false,,27.90,27.9000,true,1,28858
7290000419220,false,לנדוור כחול המקורי קפה טחון טורקי 3*100 גרם 16 יח',קפה לנדוור,,לנדוור כחול המקורי ק,גרמים,300.00,100 גרם,false,,18.90,6.3000,true,1,18642
7290000419374,false,לנדוור לבוקר קפה טחון טורקי 3*100 גרם 16 יח',קפה לנדוור,,לנדוור לבוקר קפה טחו,גרמים,300.00,100 גרם,false,,18.90,6.3000,true,1,18643
7290000420325,false,"פופסטאר פופקורן למקירוגל בטעם טבעי 5 שקיות,500 גרם",פרסטון פארמס,,פופסטאר פופקורן טבעי,גרמים,500.00,100 גרם,false,,17.90,3.5800,true,1,5725
7290000420332,false,פופסטאר פופקורן למיקרוגל בטעם חמאה 5 יחידות 500 גרם,פרסטון פארמס,,פופסטאר פופקורן חמאה,גרמים,500.00,100 גרם,false,,17.90,3.5800,true,1,5726
7290000420417,false,גלילונית שקיות אשפה 52X65 עם שרוך 60 יחידות,"איטיליאן פוד, אס.פי.",,גלילונית שקיות אשפה,יחידה,0.00,יחידה,false,,23.90,0.0000,true,1,5727
7290000435251,false,סוכריות מיני משמחים עלה 500ג',הנמל,,מיני משמחים 500 גרם,גרמים,500.00,100 גרם,false,,18.70,3.7400,true,1,231159
7290000449128,false,סיף פנטסטיק לימון ניקוי רב תכליתי 4ל',יוניליוור ישראל טיפוח אי,,סיף ניקוי כללי 4 ליט,ליטרים,4.00,ליטר,false,,21.90,5.4750,true,1,10301
7290000450209,false,פוסידון טונה בהירה בשמן 77 גרם,"מיוצר עי וליגר בעמ,",,טונה בשמן פוסידון 1,גרמים,108.00,100 גרם,false,,6.90,6.3889,true,1,16784
7290000453019,false,שמרים טריים לאפייה שקית שמרית 50 ג',"פאקא תעשיות בע""\מ",,שמרית שמרים טריים לא,גרמים,50.00,100 גרם,false,,4.90,9.8000,true,1,23233
7290000453408,false,בצק פיצה דק מצונן ומוכן לאפייה שמרית 415 גרם,"פאקא תעשיות בע""מ",,שמרית בצק פיצה דק מצ,גרמים,415.00,100 גרם,false,,17.90,4.3133,true,1,23235
7290000453415,false,בצק עלים מצונן ומוכן לאפייה שמרית 300 גרם,"פאקא תעשיות בע""מ",,שמרית בצק עלים מצונן,גרמים,300.00,100 גרם,false,,16.90,5.6333,true,1,23236
7290000453422,false,בצק פילו מצונן ומוכן לאפייה שמרית 300 גרם,"פאקא תעשיות בע""מ",,שמרית בצק פילו מוכן,גרמים,300.00,100 גרם,false,,16.90,5.6333,true,1,23237
7290000453798,false,שמרית שמרים יבשים אקטיביים 500 גר',"גי' בי' רכיבים בע""מ",,שמרים יבשים אקטיביים,גרמים,500.00,100 גרם,false,,14.90,2.9800,true,1,22188
7290000453866,false,נטורינה תחליף מרגרינה לבישול ואפיה קוקוס שמרית 200 גרם,גרונבאנג- גרונדנסק א,,נטורינה קוקוס שטראוס,גרמים,200.00,100 גרם,false,,8.50,4.2500,true,1,23238
7290000461656,false,בייגלה מקלות מלוחים בייגל בייגל 400 גרם,בייגל את בייגל מזון 198),,מקלות מלוחים 400 גרם,גרמים,400.00,100 גרם,false,,11.90,2.9750,true,1,10303
7290000461793,false,בייגלה ארוך ארוך סידרה ירוקה בייגל בייגל 150 גרם,בייגל את בייגל מזון 198),,ביגלה ארוך ארוך דל ש,גרמים,150.00,100 גרם,false,,6.90,4.6000,true,1,10307
7290000462141,false,סחוג אדום תימני מקורי חריף מאוד זהבי 150 גרם,קריניסה ויטמין אס אי,,סחוג אדום חריף מאוד,גרמים,150.00,100 גרם,false,,8.90,5.9333,true,1,23243
7290000467153,false,מלך החומוס סמיר הגדול 400 גרם צבר,סלטי צבר,,צבר חומוס סמיר הגדול,גרמים,400.00,100 גרם,false,,14.90,3.7250,true,1,19721
7290000467320,false,מלך החומוס אבו מרוואן 400 גרם,סלטי צבר,,צבר חומוס אבו מרוואן,גרמים,400.00,100 גרם,false,,14.90,3.7250,true,1,19722
7290000472821,false,גבינה צהובה 28% הר,,,גבינה צהובה 28% הר,קילוגרמים,1.00,"ק""ג",true,,31.00,31.0000,true,1,308652
7290000474090,false,"חלב בקרטון 1%- 1 ליטר בד""צ - מוצר בפיקוח",מילקו תעשיות בעמ,,טרה חלב בקרטון 1% 1ל,ליטרים,1.00,ליטר,false,,5.86,5.8600,true,1,6340
7290000474373,false,"שמנת חמוצה 15% שומן 200 מ""ל טרה",קריות זול,,טרה שמנת חמוצה 15% 2,מיליליטרים,200.00,"100 מ""ל",false,,2.40,1.2000,true,1,6346
7290000474502,false,גבינה לבנה טרה 5% מרכיבים טבעיים,הפריט בפיקוח,,טרה גבינה לבנה 5% 25,גרמים,250.00,100 גרם,false,,4.98,1.9920,true,1,6349
7290000474540,false,טוב טעם גבינה לבנה 3% טרה 250 גרם,קריות זול,,טוב טעם גבינה 3% 250,גרמים,250.00,100 גרם,false,,11.50,4.6000,true,1,6350
7290000474830,false,נעם גבינה צהובה מגורדת 28% טרה 500 גרם,מילקו תעשיות בעמ,,נעם גבינה צהובה מגור,גרמים,500.00,100 גרם,false,,33.60,6.7200,true,1,6351
7290000480107,false,קוואקר שיבולת שועל פחית 500 גרם,וולקרס סנקס לימיטד,,"קוואקר מהיר אטוס לל""",גרמים,500.00,100 גרם,false,,14.90,2.9800,true,1,24145
7290000480442,false,קוואקר שיבולת שועל בשקית 500 גרם,פריטו ליי FRITO-LAY,,שיבולת שועל בשקית קו,גרמים,500.00,100 גרם,false,,14.50,2.9000,true,1,24146
7290000481029,false,פיתות בטעם ביתי 10 יחידו,דגנית עין בר תעשיות מזון,,פיתות 10 יחידות בטעם,קילוגרמים,1.00,"ק""ג",false,,13.90,13.9000,true,1,57374
=======
7290000412481,false,נוזל לניקוי אסלות 00 סנו (1 ליטר),החברה הדרומית לשיווק בעמ,,מנקה אסלות 1 ליטר 00,ליטרים,1.00,ליטר,false,,8.90,8.9000,true,1,29793
7290000416021,false,ממרח בטעם שוקולד השחר העולה (500 גרם),השחר העולה תעשית ממתקים בעמ,,ממרח שוקולד השחר 500,גרמים,500.00,100 גרם,false,,15.90,3.1800,true,1,28847
7290000416618,false,"ממרח שוקולד פרווה השחר 400 גרם כשל""פ",השחר העולה תעשית ממתקים בעמ,,ממרח שוקולד פרווה הש,גרמים,400.00,100 גרם,false,,12.90,3.2250,true,1,28857
7290000416632,false,"ממרח שוקולד פרווה השחר 1 ק""ג כשל""פ",השחר העולה תעשית ממתקים בעמ,,ממרח שוקולד פרווה הש,קילוגרמים,1.00,"ק""ג",false,,27.90,27.9000,true,1,28858
7290000419220,false,לנדוור כחול המקורי קפה טחון טורקי 3*100 גרם 16 יח',ש.שסטוביץ בעמ,,לנדוור כחול המקורי ק,גרמים,300.00,100 גרם,false,,18.90,6.3000,true,1,18642
7290000419374,false,לנדוור לבוקר קפה טחון טורקי 3*100 גרם 16 יח',ש.שסטוביץ בעמ,,לנדוור לבוקר קפה טחו,גרמים,300.00,100 גרם,false,,18.90,6.3000,true,1,18643
7290000420325,false,"פופסטאר פופקורן למקירוגל בטעם טבעי 5 שקיות,500 גרם",פרסטון פארמס,,פופסטאר פופקורן טבעי,גרמים,500.00,100 גרם,false,,17.90,3.5800,true,1,5725
7290000420332,false,פופסטאר פופקורן למיקרוגל בטעם חמאה 5 יחידות 500 גרם,פרסטון פארמס,,פופסטאר פופקורן חמאה,גרמים,500.00,100 גרם,false,,17.90,3.5800,true,1,5726
7290000420417,false,גלילונית שקיות אשפה 52X65 עם שרוך 60 יחידות,"איטיליאן פוד, אס.פי.",,גלילונית שקיות אשפה,יחידה,0.00,יחידה,false,,23.90,0.0000,true,1,5727
7290000435251,false,סוכריות מיני משמחים עלה 500ג',לירון קרביץ יבוא שיווק וסחר,,מיני משמחים 500 גרם,גרמים,500.00,100 גרם,false,,18.70,3.7400,true,1,231159
7290000449128,false,סיף פנטסטיק לימון ניקוי רב תכליתי 4ל',יוניליוור ישראל שיווק בע`מ,,סיף ניקוי כללי 4 ליט,ליטרים,4.00,ליטר,false,,21.90,5.4750,true,1,10301
7290000450209,false,נתחי טונה בהירה בשמן פוסידון (108 גרם),נטו מלינדה סחר בע`מ,,טונה בשמן פוסידון 1,גרמים,108.00,100 גרם,false,,6.90,6.3889,true,1,16784
7290000453019,false,שמרים טריים לאפייה שקית שמרית 50 ג',שטראוס גרופ בעמ/מצונן,,שמרית שמרים טריים לא,גרמים,50.00,100 גרם,false,,4.90,9.8000,true,1,23233
7290000453408,false,בצק פיצה דק מצונן ומוכן לאפייה שמרית 415 גרם,שטראוס גרופ בעמ/מצונן,,שמרית בצק פיצה דק מצ,גרמים,415.00,100 גרם,false,,17.90,4.3133,true,1,23235
7290000453415,false,בצק עלים מצונן ומוכן לאפייה שמרית 300 גרם,שטראוס גרופ בעמ/מצונן,,שמרית בצק עלים מצונן,גרמים,300.00,100 גרם,false,,16.90,5.6333,true,1,23236
7290000453422,false,בצק פילו מצונן ומוכן לאפייה שמרית 300 גרם,שטראוס גרופ בעמ/מצונן,,שמרית בצק פילו מוכן,גרמים,300.00,100 גרם,false,,16.90,5.6333,true,1,23237
7290000453798,false,שמרית שמרים יבשים אקטיביים 500 גר',"גי' בי' רכיבים בע""מ",,שמרים יבשים אקטיביים,גרמים,500.00,100 גרם,false,,14.90,2.9800,true,1,22188
7290000453866,false,נטורינה תחליף מרגרינה לבישול ואפיה קוקוס שמרית 200 גרם,שטראוס גרופ בעמ/מצונן,,נטורינה קוקוס שטראוס,גרמים,200.00,100 גרם,false,,8.50,4.2500,true,1,23238
7290000461656,false,בייגלה מקלות מלוחים בייגל בייגל 400 גרם,יוניליוור ישראל שיווק בע`מ,,מקלות מלוחים 400 גרם,גרמים,400.00,100 גרם,false,,11.90,2.9750,true,1,10303
7290000461793,false,בייגלה ארוך ארוך סידרה ירוקה בייגל בייגל 150 גרם,יוניליוור ישראל שיווק בע`מ,,ביגלה ארוך ארוך דל ש,גרמים,150.00,100 גרם,false,,6.90,4.6000,true,1,10307
7290000462141,false,סחוג אדום תימני מקורי חריף מאוד זהבי 150 גרם,שטראוס גרופ בעמ/מצונן,,סחוג אדום חריף מאוד,גרמים,150.00,100 גרם,false,,8.90,5.9333,true,1,23243
7290000467153,false,מלך החומוס סמיר הגדול 400 גרם צבר,קבוצת אוסם סחר שותפות מוגבלת,,צבר חומוס סמיר הגדול,גרמים,400.00,100 גרם,false,,14.90,3.7250,true,1,19721
7290000467320,false,מלך החומוס אבו מרוואן 400 גרם,קבוצת אוסם סחר שותפות מוגבלת,,צבר חומוס אבו מרוואן,גרמים,400.00,100 גרם,false,,14.90,3.7250,true,1,19722
7290000472821,false,גבינה צהובה 28% הר,,,גבינה צהובה 28% הר,קילוגרמים,1.00,"ק""ג",true,,31.00,31.0000,true,1,308652
7290000474090,false,"חלב בקרטון 1%- 1 ליטר בד""צ - מוצר בפיקוח",החברה המרכזית טלהפצת משקאות בע,,טרה חלב בקרטון 1% 1ל,ליטרים,1.00,ליטר,false,,5.86,5.8600,true,1,6340
7290000474373,false,"שמנת חמוצה 15% שומן 200 מ""ל טרה",החברה המרכזית טלהפצת משקאות בע,,טרה שמנת חמוצה 15% 2,מיליליטרים,200.00,"100 מ""ל",false,,2.40,1.2000,true,1,6346
7290000474502,false,גבינה לבנה טרה 5% מרכיבים טבעיים,החברה המרכזית טלהפצת משקאות בע,,טרה גבינה לבנה 5% 25,גרמים,250.00,100 גרם,false,,4.98,1.9920,true,1,6349
7290000474540,false,טוב טעם גבינה לבנה 3% טרה 250 גרם,החברה המרכזית טלהפצת משקאות בע,,טוב טעם גבינה 3% 250,גרמים,250.00,100 גרם,false,,11.50,4.6000,true,1,6350
7290000474830,false,נעם גבינה צהובה מגורדת 28% טרה 500 גרם,החברה המרכזית טלהפצת משקאות בע,,נעם גבינה צהובה מגור,גרמים,500.00,100 גרם,false,,33.60,6.7200,true,1,6351
7290000480107,false,קוואקר שיבולת שועל פחית 500 גרם,שטראוס פריטו ליי בעמ,,"קוואקר מהיר אטוס לל""",גרמים,500.00,100 גרם,false,,14.90,2.9800,true,1,24145
7290000480442,false,קוואקר שיבולת שועל בשקית 500 גרם,שטראוס פריטו ליי בע`מ,,שיבולת שועל בשקית קו,גרמים,500.00,100 גרם,false,,14.50,2.9000,true,1,24146
7290000481029,false,10 פיתות בטעם ביתי דגנית עין בר,דגנית עין בר תעשיות מזון ואפיה,,פיתות 10 יחידות בטעם,קילוגרמים,1.00,"ק""ג",false,,13.90,13.9000,true,1,57374
>>>>>>> d048ac2f4f281c9d788043ab4e81b61b0dbe3743
7290000481043,true,עשיריית פיתות כוסמין,,,עשיריית פיתות כוסמין,גרמים,700.00,100 גרם,false,,16.90,2.4143,true,1,131075
7290000481531,false,דגנית עין בר לחמניות אצבע מחיטה מלאה בשקית 750 ג',דגנית עין בר תעשיות מזון ואפיה,,לחמניות 10 יחידות חי,גרמים,750.00,100 גרם,false,,14.90,1.9867,true,1,4457
7290000481883,false,דגנית עין בר מארז לחמניות 10 יח'*75 ג',דגנית עין בר תעשיות מזון ואפיה,,10 לחמניות דגנית,גרמים,750.00,100 גרם,false,,14.90,1.9867,true,1,4461
7290000484747,false,"ארק עלית 700 מ""ל 40% יקב הגליל*",יקב הגליל יוסף גולד ובניו,,"עלית הארק 40% 700 מ""",מיליליטרים,700.00,"100 מ""ל",false,,60.90,8.7000,true,1,28882
7290000493176,false,אסם אבקת רוטב צלי לבשר 22 ג',קבוצת אוסם סחר שותפות מוגבלת,,אסם אבקת רוטב צלי לב,גרמים,22.00,100 גרם,false,,3.90,17.7273,true,1,18676
7290000493183,false,אבקת רוטב פטריות לבשר-30 גרם,קבוצת אוסם סחר שותפות מוגבלת,,אסם אבקת רוטב פטריות,גרמים,30.00,100 גרם,false,,3.90,13.0000,true,1,18677
7290000496360,false,פילה בקלה דרום אפרי,,,פילה בקלה דרום אפרי,קילוגרמים,1.00,"ק""ג",true,,43.90,43.9000,true,1,193672
7290000518176,false,מתוק וקל 250 שקיות 250 גרם,מתוק וקל בע`מ,,מתוק וקל ענק 250 שקי,גרמים,250.00,100 גרם,false,,19.90,7.9600,true,1,15781
7290000518190,false,מתוק וקל סטיביה 100 יחידות,מתוק וקל,,מתוק וקל סטיביה 100,גרמים,80.00,100 גרם,false,,27.90,34.8750,true,1,15782
7290000518220,false,ממתיק סוכרה דיאט 100 יחידות,מתוק וקל בעמ,,סוכרה דיאט 100 יח,גרמים,80.00,100 גרם,false,,28.90,36.1250,true,1,15783
7290000521008,false,יין אדום יבש של סגל (750 מל),"כרמי צבי - אחים סגל בע""\",,אדום יבש סגל.,מיליליטרים,750.00,"100 מ""ל",false,,22.90,3.0533,true,1,9376
7290000521015,false,יין לבן יבש של סגל (750 מל),"מיוצר ע""י כרמי צבי-",,"לבן סגל 750 מ""ל",מיליליטרים,750.00,"100 מ""ל",false,,22.90,3.0533,true,1,9377
7290000521022,false,"של סגל, יין לבן חצי יבש 750 מ""ל","מיוצר ע""י כרמי צבי-",,סגל לבן חצי יבש 750,מיליליטרים,750.00,"100 מ""ל",false,,22.90,3.0533,true,1,9378
7290000523125,false,מלח הארץ הים האדום 250 ג' עדין,"חברת מלח הארץ אילת בע""\מ",,מלח ים יבש הארץ 250,גרמים,250.00,100 גרם,false,,6.90,2.7600,true,1,24610
7290000523224,false,מלח הארץ הים האדום 500 ג' עדין,"חברת מלח הארץ אילת בע""\מ",,מלח ים יבש הארץ 500,גרמים,500.00,100 גרם,false,,8.90,1.7800,true,1,15452
7290000523521,false,מלח ים מלח הארץ 250 גרם מועשר ביוד,חברת מלח הארץ אילת ב,,מלח מעושר ביוד הארץ,גרמים,250.00,100 גרם,false,,7.90,3.1600,true,1,24611
7290000523804,false,"מלח עדין צנצנת 1 ק""ג מלח הארץ","חברת מלח הארץ אילת בע""\מ",,מלח עדין בצנצנת הארץ,קילוגרמים,1.00,"ק""ג",false,,7.50,7.5000,true,1,24612
7290000523811,false,"צנצנת מלח גס 1 ק""ג מלח הארץ","חברת מלח הארץ אילת בע""\מ",,מלח גס בצנצנת הארץ 1,קילוגרמים,1.00,"ק""ג",false,,7.50,7.5000,true,1,24613
7290000525969,false,מיץ תפוזים סחוט רכיבים טבעיים פרימור 1 ליטר,שטראוס גרופ בעמ/מצונן,,פרימור מיץ תפוזים 1ל,ליטרים,1.00,ליטר,false,,15.90,15.9000,true,1,23249
7290000530413,false,המבורגר זהב זוגלובק 400 גרם,נקניק נהריה כשר זוגל,,המבורגר זהב 400גר,גרמים,400.00,100 גרם,false,,22.90,5.7250,true,1,38910
7290000530468,false,נקניקיות וניר 1 קג` זוגלובק,זוגלובק שיווק בעמ,,נקניקיות וינר טרי 1ק,קילוגרמים,1.00,"ק""ג",false,,32.90,32.9000,true,1,38911
7290000530598,false,נקניקיות עוף וינר זוגלובק 500 גרם,נקניק נהריה כשר זוגל,,נקניקיות וינר טרי זו,גרמים,500.00,100 גרם,false,,16.90,3.3800,true,1,38914
7290000530703,false,פסטרמה חרמון כפרית ונקניק תה מעושן זוגלובק 2*400 גרם,נקניק נהריה כשר זוגל,,זוג תה 400 + חרמון 4,גרמים,800.00,100 גרם,false,,34.90,4.3625,true,1,38916
7290000531601,false,סטייק בורגר בקר זהב 400 גרם קפוא,נקניק נהריה כשר זוגל,,סטייק בורגר 400 גר'-,גרמים,400.00,100 גרם,false,,22.90,5.7250,true,1,38918
7290000537566,false,נקניקיות עוף טרי 400 ג' זוגלובק,נקניק נהריה כשר זוגל,,נקניקיות עוף טרי 400,גרמים,400.00,100 גרם,false,,14.90,3.7250,true,1,38933
7290000537603,false,נקניקיות עוף זוגלובק (1 קג),זוגלובק שיווק בעמ,,"נקנקיות עוף 1 ק""ג -ז",קילוגרמים,1.00,"ק""ג",false,,32.90,32.9000,true,1,38934
7290000552194,false,קישקע קפוא טיבון ויל (500 גרם),טיבון ויל אחזקות בעמ,,קישקע קפוא 500 גרם,גרמים,500.00,100 גרם,false,,14.90,2.9800,true,1,16788
7290000552989,false,בשר טחון טיבון ויל 500 גרם,"טיבון ויל אחזקות בע""\מ",,בשר עגל טחון קפוא 50,גרמים,500.00,100 גרם,false,,21.90,4.3800,true,1,16793
7290000554402,false,מעדן חלב מלבי גד (160 גרם),מחלבות גד שיווק 1992 בעמ,,גד מלבי 160מל.,מיליליטרים,160.00,"100 מ""ל",false,,6.50,4.0625,true,1,14616
7290000554532,false,גבינה צפתית מעודנת במלח ים 5% 200 ג' גד,מחלבות גד שיווק 1992 בעמ,,גד צפתית מעודנת במלח,גרמים,200.00,100 גרם,false,,15.90,7.9500,true,1,14619
7290000554600,false,מוצרלה מגורדת 22 אחוז 300גרם גד מהדרין,מחלבות גד שיווק 1992 בעמ,,גד מוצרלה מגורדת %18,גרמים,300.00,100 גרם,false,,26.50,8.8333,true,1,14620
7290000554624,false,ירח מתוק מעדן חלב עם אורז 3% גד 150 גרם,מחלבות גד שיווק 1992 בעמ,,גד ירח מתוק 150מל,גרמים,150.00,100 גרם,false,,6.50,4.3333,true,1,14621
7290000554686,false,גבינת לאבנה בתוספת שמן זית וזעתר 5% גד 250 גרם,מחלבות גד שיווק 1992 בעמ,,גד לאבנה בשמן זית וז,גרמים,250.00,100 גרם,false,,15.50,6.2000,true,1,14622
7290000554822,false,ריקוטה גבינה לבנה בסגנון איטלקי 5% גד 250 גרם,מחלבות גד שיווק 1992 בעמ,,גד ריקוטה טבעי 5% 25,גרמים,250.00,100 גרם,false,,15.90,6.3600,true,1,14624
7290000554839,false,מסקרפונה שמנת מתוקה קשה בסגנון איטלקי 40% גד 250 גרם,מחלבות גד שיווק 1992 בעמ,,גד מסקרפונה 40% 250ג,גרמים,250.00,100 גרם,false,,21.90,8.7600,true,1,14625
7290000561202,false,גרעינים חמניה 200 גרם פיצוחי חממה,בוטנת בעמ חברה לקלייה ואריזת פ,,גרעין חמניה קלוי 200,גרמים,200.00,100 גרם,false,,6.90,3.4500,true,1,1425
7290000561233,false,בוטן קלוף קלוי פיצוחי חממה (200 גרם),בוטנת בעמ חברה לקלייה ואריזת פ,,בוטן קלוי 200ג פיצוח,גרמים,200.00,100 גרם,false,,7.90,3.9500,true,1,1427
7290000561240,false,גרעיני דלעת 200 גרם פיצוחי חממה,בוטנת בעמ חברה לקלייה ואריזת פ,,גרעין דלעת קלוי 200ג,גרמים,200.00,100 גרם,false,,9.90,4.9500,true,1,1428
7290000561271,false,צימוק בהיר 200 גרם -,,,צימוק בהיר 200 גרם -,גרמים,200.00,100 גרם,false,,10.00,5.0000,true,1,1429
<<<<<<< HEAD
7290000561363,false,גרעיני אבטיח 200 גרם פיצוחי חממה,,,גרעין אבטיח קלוי 200,גרמים,200.00,100 גרם,false,,14.90,7.4500,true,1,1436
7290000561561,false,מנצ'יס 200 גרם פיצוחי חממה,,,פוסידון מנצ'יס 200ג,גרמים,200.00,100 גרם,false,,9.90,4.9500,true,1,1444
7290000561578,false,בוטן אמריקאי 200 גרם פיצוחי חממה,,,בוטן אמריקאי 200ג,גרמים,200.00,100 גרם,false,,6.90,3.4500,true,1,1445
7290000561585,false,קבוקים 200 גרם פיצוחי חממה,,,קבוקים 200ג - חממה,גרמים,200.00,100 גרם,false,,6.50,3.2500,true,1,1446
7290000571294,false,גבינת גאודה מעושנת ב,מחלבה בית יצחק,,גאודה מעושנת המחלבה,קילוגרמים,1.00,"ק""ג",true,,108.00,108.0000,true,1,25650
7290000571386,false,המחלבה יוגורמה יוגורט מחלב כבשים 5% 850 גרם,גבינות משק אחים מאיר בית,,יוגורמה דלי 5% 850 ג,גרמים,850.00,100 גרם,false,,27.90,3.2824,true,1,25832
7290000571584,false,גבינת גאודה כבשים במ,,,גאודה כבשים המחלבה,קילוגרמים,1.00,"ק""ג",true,,110.00,110.0000,true,1,25652
7290000572536,false,אחווה חלווה ווניל במגש 400 גר,אחדות ביחר לטחינה חל,,חלוה וניל אחוה 400 ג,גרמים,400.00,100 גרם,false,,11.90,2.9750,true,1,679
7290000574035,false,לחם אחיד פרוס 750גרם דגנית עין בר,יוניליוור גרמניה Gm,,לחם אחיד פרוס דגנית,גרמים,750.00,100 גרם,false,,7.11,0.9480,true,1,4467
7290000574066,false,לחם מלא פלוס שיפון 750 ג' דגנית עין בר,דגנית עין בר תעשיות מזון,,לחם מלא עם שיפון דגנ,יחידה,0.00,יחידה,false,,15.90,0.0000,true,1,4469
7290000574141,false,לחם חיטה מלא 750ג' דגנית עין בר,דגנית עין בר תעשיות מזון,,לחם חיטה מלאה דגנית,גרמים,750.00,100 גרם,false,,15.90,2.1200,true,1,4473
7290000574172,false,לחם קל מחיטה מלאה 750 ג' דגנית עין בר,דגנית עין בר תעשיות מזון,,לחם קל חיטה מלאה דגנ,גרמים,750.00,100 גרם,false,,15.90,2.1200,true,1,4475
7290000574257,false,לחם אחיד פרוס קל דגנית 750 גרם,מאפ. דגנית עין-בר,,לחם שחור פרוס קל דגנ,גרמים,750.00,100 גרם,false,,15.80,2.1067,true,1,4477
7290000574455,false,לחם חיטה מלא פלוס כוסמין 750 ג' דגנית עין בר,פריט ללא פיקוח,,לחם חיטה מלא+כוסמין,גרמים,750.00,100 גרם,false,,15.90,2.1200,true,1,4487
7290000574509,false,מארז 6 לחמניות אצבע דגנית,מאפ. דגנית עין-בר,,6 לחמניות חצויות דגנ,גרמים,450.00,100 גרם,false,,12.90,2.8667,true,1,4488
7290000598472,false,פילה סלמון מנות פרוס,,,סלמון מנות נורבגי בו,קילוגרמים,1.00,"ק""ג",true,,89.90,89.9000,true,1,51459
7290000599847,false,רב מגבת מויסקו,מ.א,,רב מגבת מויסקו,יחידה,0.00,יחידה,false,,8.90,0.0000,true,1,13458
=======
7290000561363,false,גרעיני אבטיח 200 גרם פיצוחי חממה,בוטנת בעמ חברה לקלייה ואריזת פ,,גרעין אבטיח קלוי 200,גרמים,200.00,100 גרם,false,,14.90,7.4500,true,1,1436
7290000561561,false,מנצ`יס פיצוחי חממה (200 גרם),בוטנת בעמ חברה לקלייה ואריזת פ,,פוסידון מנצ'יס 200ג,גרמים,200.00,100 גרם,false,,9.90,4.9500,true,1,1444
7290000561578,false,בוטן אמריקאי 200 גרם פיצוחי חממה,בוטנת בעמ חברה לקלייה ואריזת פ,,בוטן אמריקאי 200ג,גרמים,200.00,100 גרם,false,,6.90,3.4500,true,1,1445
7290000561585,false,קבוקים 200 גרם פיצוחי חממה,בוטנת בעמ חברה לקלייה ואריזת פ,,קבוקים 200ג - חממה,גרמים,200.00,100 גרם,false,,6.50,3.2500,true,1,1446
7290000571294,false,גבינת גאודה מעושנת ב,מחלבה בית יצחק,,גאודה מעושנת המחלבה,קילוגרמים,1.00,"ק""ג",true,,108.00,108.0000,true,1,25650
7290000571386,false,המחלבה יוגורמה יוגורט מחלב כבשים 5% 850 גרם,גבינות משק אחים מאיר בית,,יוגורמה דלי 5% 850 ג,גרמים,850.00,100 גרם,false,,27.90,3.2824,true,1,25832
7290000571584,false,גבינת גאודה כבשים במ,,,גאודה כבשים המחלבה,קילוגרמים,1.00,"ק""ג",true,,110.00,110.0000,true,1,25652
7290000572536,false,אחווה חלווה ווניל במגש 400 גר,אחדות ביתחרושת לטחינה חלבה,,חלוה וניל אחוה 400 ג,גרמים,400.00,100 גרם,false,,11.90,2.9750,true,1,679
7290000574035,false,לחם אחיד פרוס דגנית עין בר (750 גרם),דגנית עין בר תעשיות מזון ואפיה,,לחם אחיד פרוס דגנית,גרמים,750.00,100 גרם,false,,7.11,0.9480,true,1,4467
7290000574066,false,לחם מלא פלוס שיפון 750 ג' דגנית עין בר,דגנית עין בר תעשיות מזון ואפיה,,לחם מלא עם שיפון דגנ,יחידה,0.00,יחידה,false,,15.90,0.0000,true,1,4469
7290000574141,false,לחם חיטה מלא 750ג' דגנית עין בר,דגנית עין בר תעשיות מזון ואפיה,,לחם חיטה מלאה דגנית,גרמים,750.00,100 גרם,false,,15.90,2.1200,true,1,4473
7290000574172,false,לחם קל מחיטה מלאה 750 ג' דגנית עין בר,דגנית עין בר תעשיות מזון ואפיה,,לחם קל חיטה מלאה דגנ,גרמים,750.00,100 גרם,false,,15.90,2.1200,true,1,4475
7290000574257,false,לחם אחיד פרוס קל דגנית 750 גרם,דגנית עין בר תעשיות מזון ואפיה,,לחם שחור פרוס קל דגנ,גרמים,750.00,100 גרם,false,,15.80,2.1067,true,1,4477
7290000574455,false,לחם חיטה מלא פלוס כוסמין 750 ג' דגנית עין בר,דגנית עין בר תעשיות מזון ואפיה,,לחם חיטה מלא+כוסמין,גרמים,750.00,100 גרם,false,,15.90,2.1200,true,1,4487
7290000574509,false,לחמניות חצויות ביסים דגנית עין בר) (6,דגנית עין בר תעשיות מזון ואפיה,,6 לחמניות חצויות דגנ,גרמים,450.00,100 גרם,false,,12.90,2.8667,true,1,4488
7290000598472,false,פילה סלמון מנות פרוס,,,סלמון מנות נורבגי בו,קילוגרמים,1.00,"ק""ג",true,,89.90,89.9000,true,1,51459
7290000599847,false,רב מגבת קלאסיק.,מ.א.ייצור ויבוא מטליות בעמ,,רב מגבת מויסקו,יחידה,0.00,יחידה,false,,8.90,0.0000,true,1,13458
>>>>>>> d048ac2f4f281c9d788043ab4e81b61b0dbe3743
7290000610549,false,פילה מדומה 6 חלק אור,,,פילה מדומה 6 חלק אור,קילוגרמים,1.00,"ק""ג",true,,41.90,41.9000,true,1,280885
7290000614528,false,צלי כתף מס' 5 חלק אר,,,צלי כתף מס' 5 חלק אר,קילוגרמים,1.00,"ק""ג",true,,69.90,69.9000,true,1,235593
7290000614580,false,בשר לחמין חלק ארוז,,,בשר לחמין חלק ארוז,קילוגרמים,1.00,"ק""ג",true,,34.90,34.9000,true,1,235635
7290000627913,false,גאודה עיזים שקיל מעד,,,גאודה עיזים שקיל מעד,קילוגרמים,1.00,"ק""ג",true,,99.00,99.0000,true,1,52127
7290000628194,false,שריר הזרוע 8 חלק ברז,,,שריר הזרוע 8 חלק ברז,קילוגרמים,1.00,"ק""ג",true,,39.90,39.9000,true,1,79803
<<<<<<< HEAD
7290000644783,false,נתחי פילה סלמון קפוא קג,דגי תנובה,,דגי תנובה נתחי פילה,קילוגרמים,1.00,"ק""ג",true,,89.90,89.9000,true,1,26473
7290000652542,false,פילה אמנון קפוא 5-7 קג,דגי תנובה,,פילה אמנון 5-7 100%,קילוגרמים,1.00,"ק""ג",true,,39.90,39.9000,true,1,89727
=======
7290000644783,false,נתחי פילה סלמון קפוא קג,תנובה קפואים,,דגי תנובה נתחי פילה,קילוגרמים,1.00,"ק""ג",true,,89.90,89.9000,true,1,26473
7290000652542,false,פילה אמנון 5-7 100% דג- תנובה,תנובה קפואים,,פילה אמנון 5-7 100%,קילוגרמים,1.00,"ק""ג",true,,39.90,39.9000,true,1,89727
>>>>>>> d048ac2f4f281c9d788043ab4e81b61b0dbe3743
7290000654546,false,פילה אמנון 7-9 100% דג תנובה,תנובה,,פילה אמנון 7-9 100%,קילוגרמים,1.00,"ק""ג",true,,39.90,39.9000,true,1,89729
7290000659312,false,דגי תנובה פילה סלומון קפוא בוואקום,תנובה בשר,,דגי תנובה פילה סלמון,קילוגרמים,1.00,"ק""ג",true,,79.90,79.9000,true,1,26483
7290000662817,false,סלמון מעושן 100 גרם נורבגי מדג טרי,תנובה ענף ב.ע.ד,,סלמון מעושן פרוס 100,גרמים,100.00,100 גרם,false,,18.90,18.9000,true,1,130749
7290000663036,false,פילה אמנון קפוא ללא עור 100% דג תנובה,תנובה מרכז שיתופי לשיווק תוצרת,,פילה אמנון ללא עור 1,קילוגרמים,1.00,"ק""ג",true,,44.90,44.9000,true,1,159507
7290000663135,false,קוביות סלומון קפוא 100% דג 300 גרם תנובה,תנובה מרכז שיתופי לשיווק תוצרת,,קוביות סלמון 300 גרם,גרמים,300.00,100 גרם,false,,32.90,10.9667,true,1,185226
7290000680123,false,כנפיים עוף טרי ארוז,,,כנפיים עוף טרי ארוז,קילוגרמים,1.00,"ק""ג",true,,11.90,11.9000,true,1,49888
7290000680130,false,שוקיים עוף טרי ארוז,,,שוקיים עוף טרי ארוז,קילוגרמים,1.00,"ק""ג",true,,32.90,32.9000,true,1,49889
7290000680147,false,כרעיים עוף טרי ארוז,,,כרעיים עוף טרי ארוז,קילוגרמים,1.00,"ק""ג",true,,27.90,27.9000,true,1,49890
7290000680154,false,שניצל עוף טרי ארוז,,,שניצל עוף טרי ארוז,קילוגרמים,1.00,"ק""ג",true,,37.90,37.9000,true,1,49891
7290000680161,false,חזה עוף שלם טרי ארוז,,,חזה עוף שלם טרי ארוז,קילוגרמים,1.00,"ק""ג",true,,31.90,31.9000,true,1,49892
7290000680185,false,פילה עוף טרי ארוז,,,פילה עוף טרי ארוז,קילוגרמים,1.00,"ק""ג",true,,37.90,37.9000,true,1,49894
7290000680444,false,עוף שלם טרי ארוז,,,עוף שלם טרי ארוז,קילוגרמים,1.00,"ק""ג",true,,19.90,19.9000,true,1,49896
7290000680475,false,לבבות עוף טרי ארוז,,,לבבות עוף טרי ארוז,קילוגרמים,1.00,"ק""ג",true,,27.90,27.9000,true,1,49899
7290000680529,false,שניצל עוף טרי ארוז,,,שניצל עוף טרי ארוז,קילוגרמים,1.00,"ק""ג",true,,37.90,37.9000,true,1,49902
7290000688374,false,מים מינרלים סמיילי מי עדן (330X6מל),יפאורה שותפות מוגבלת לשיווק,,"מי עדן בייבי 330 מ""ל",ליטרים,1.98,ליטר,false,,15.90,8.0303,true,1,11458
7290000688381,false,מים מינרלים פקק ספורט מי עדן (500x6 מל),יפאורה שותפות מוגבלת לשיווק,,מי עדן פקק ספורט 6*5,ליטרים,3.00,ליטר,false,,14.90,4.9667,true,1,11459
7290000688466,false,מי עדן 0.75 ליטר ספורט בודד,יפאורה שותפות מוגבלת לשיווק,,מי עדן ג'ים 750מל,מיליליטרים,750.00,"100 מ""ל",false,,2.90,0.3867,true,1,11461
7290000688503,false,"מים מינרלים פקק ספורט מי עדן 6*750 מ""ל",יפאורה שותפות מוגבלת לשיווק,,מי עדן ג'ים 6*750מל,ליטרים,4.50,ליטר,false,,16.90,3.7556,true,1,11462
7290000692227,false,נוזל לניקוי כלים קלאסי פלמוליב (1 ליטר),יבואן ומשווק: ש. שסט,,פלמוליב לכלים קלאסי-,יחידה,0.00,יחידה,false,,14.90,0.0000,true,1,21406
7290000692456,false,אג'קס חלונות זוג 750*2 מל ספריי ורפיל,הנסיך- מפעל לייצור ט,,אגקס חלונות זוג,ליטרים,1.50,ליטר,false,,27.90,18.6000,true,1,21409
7290000707093,false,פטם שוקיים במגש קפוא,,,פטם שוקיים במגש קפוא,קילוגרמים,1.00,"ק""ג",true,,33.90,33.9000,true,1,2216
7290000707116,false,פטם שווארמה במגש קפו,,,פטם שווארמה במגש קפו,קילוגרמים,1.00,"ק""ג",true,,71.90,71.9000,true,1,362343
7290000707123,false,פטם כבד ארוז קפוא לל,,,פטם כבד ארוז קפוא לל,קילוגרמים,1.00,"ק""ג",true,,12.90,12.9000,true,1,362517
7290000707512,false,פטם חזה פרוס ארוז קפ,,,פטם חזה פרוס ארוז קפ,קילוגרמים,1.00,"ק""ג",true,,39.90,39.9000,true,1,362415
7290000708533,false,פטם חזה חצוי ארוז קפ,,,פטם חזה חצוי ארוז קפ,קילוגרמים,1.00,"ק""ג",true,,38.90,38.9000,true,1,362386
7290000740212,false,נקניקיות ג'מבו שקיל,,,נקניקיות ג'מבו שקיל,קילוגרמים,1.00,"ק""ג",true,,22.90,22.9000,true,1,38900
7290000835961,false,פילה אמנון 7-9 בוואק,,,פילה אמנון 7-9 בוואק,קילוגרמים,1.00,"ק""ג",true,,32.90,32.9000,true,1,70162
7290000910291,false,פלפל צ`ילי,,,פלפל צ`ילי,גרמים,100.00,100 גרם,false,,7.90,7.9000,true,1,46562
7290000913551,false,פסטרמה כפרית טירת צבי 400 ג',תנובה בשר,,פסטרמה כפרית 400 גרם,גרמים,400.00,100 גרם,false,,19.90,4.9750,true,1,25330
7290000939768,false,דניס נקי ( מגשיות ),,,דניס נקי ( מגשיות ),קילוגרמים,1.00,"ק""ג",true,,79.90,79.9000,true,1,362913
<<<<<<< HEAD
7290001041123,false,שקדים מולבנים פרוסים מיה 100 גרם,מיה תעשיות מזון מ.ת.מ. ב,,מיה שקד מולבן פרוס 1,גרמים,100.00,100 גרם,false,,12.80,12.8000,true,1,14841
7290001041147,false,חומוס גדול יבש מיה 1 ק'ג,מיה תעשיות מזון מ.ת.מ. ב,,חומוס 1 ק'ג,קילוגרמים,1.00,"ק""ג",false,,13.90,13.9000,true,1,14843
7290001041154,false,"גריסים מיה 1 ק""ג",מיה תעשיות מזון מ.ת.מ. ב,,גריסים 1 ק'ג,קילוגרמים,1.00,"ק""ג",false,,9.20,9.2000,true,1,14844
7290001041161,false,"שעועית לבנה יבשה מיה 1 ק""ג",מיה תעשיות מזון מ.ת.מ. ב,,שעועית 1 ק'ג,קילוגרמים,1.00,"ק""ג",false,,15.90,15.9000,true,1,14845
7290001041178,false,"אפונה ירוקה מיה 1 ק""ג",מיה תעשיות מזון מ.ת.מ. ב,,"אפונה 1 ק""ג",קילוגרמים,1.00,"ק""ג",false,,9.80,9.8000,true,1,14846
7290001041185,false,"פופקורן גרעינים מיה 1 ק""ג",מיה תעשיות מזון מ.ת.מ. ב,,פופקורן 1 ק'ג,קילוגרמים,1.00,"ק""ג",false,,10.90,10.9000,true,1,14847
7290001041192,false,"עדשים אדומים יבשים מיה 1 ק""ג",מיה תעשיות מזון מ.ת.מ. ב,,עדשים אדומות 1 ק'ג,קילוגרמים,1.00,"ק""ג",false,,13.90,13.9000,true,1,14848
7290001041208,false,"עדשים ירוקים יבשים מיה 1 ק""ג",מיה תעשיות מזון מ.ת.מ. ב,,עדשים ירוקות 1 ק'ג,קילוגרמים,1.00,"ק""ג",false,,13.90,13.9000,true,1,14849
7290001041260,false,שומשום מיה 400 גרם,מיה תעשיות מזון מ.ת.מ. ב,,שומשום מיה 400 גרם,גרמים,400.00,100 גרם,false,,13.90,3.4750,true,1,14852
7290001041277,false,פירורי לחם רגיל מיה 400ג ',מיה תעשיות מזון מ.ת.מ. ב,,פרורי לחם 400 גרם,גרמים,400.00,100 גרם,false,,7.90,1.9750,true,1,14853
7290001041994,false,"סוכר דמררה בצנצנת מיה 1 ק""ג",מיה תעשיות מזון מ.ת.מ. ב,,סוכר זהב דמררה צנצנת,קילוגרמים,1.00,"ק""ג",false,,11.90,11.9000,true,1,14878
7290001045169,false,מיץ תפוחי עץ צלול פרימור 1 ליטר,"גניר (1992) בע""מ",,פרימור מיץ תפוחים צל,ליטרים,1.00,ליטר,false,,15.90,15.9000,true,1,23250
7290001045688,false,"מיץ תפוזים סחוט פרימור 400 מ""ל",פרימור,,פרימור מיץ תפוזים 40,מיליליטרים,400.00,"100 מ""ל",false,,7.90,1.9750,true,1,23255
=======
7290001041123,false,שקדים מולבנים פרוסים מיה 100 גרם,מיה תעשיות מזון מ.ת.מ. בעמ,,מיה שקד מולבן פרוס 1,גרמים,100.00,100 גרם,false,,12.80,12.8000,true,1,14841
7290001041147,false,חומוס גדול יבש מיה 1 ק'ג,מיה תעשיות מזון מ.ת.מ. בעמ,,חומוס 1 ק'ג,קילוגרמים,1.00,"ק""ג",false,,13.90,13.9000,true,1,14843
7290001041154,false,"גריסים מיה 1 ק""ג",מיה תעשיות מזון מ.ת.מ. בעמ,,גריסים 1 ק'ג,קילוגרמים,1.00,"ק""ג",false,,9.20,9.2000,true,1,14844
7290001041161,false,"שעועית לבנה יבשה מיה 1 ק""ג",מיה תעשיות מזון מ.ת.מ. בעמ,,שעועית 1 ק'ג,קילוגרמים,1.00,"ק""ג",false,,15.90,15.9000,true,1,14845
7290001041178,false,"אפונה ירוקה מיה 1 ק""ג",מיה תעשיות מזון מ.ת.מ. בעמ,,"אפונה 1 ק""ג",קילוגרמים,1.00,"ק""ג",false,,9.80,9.8000,true,1,14846
7290001041185,false,"פופקורן גרעינים מיה 1 ק""ג",מיה תעשיות מזון מ.ת.מ. בעמ,,פופקורן 1 ק'ג,קילוגרמים,1.00,"ק""ג",false,,10.90,10.9000,true,1,14847
7290001041192,false,"עדשים אדומים יבשים מיה 1 ק""ג",מיה תעשיות מזון מ.ת.מ. בעמ,,עדשים אדומות 1 ק'ג,קילוגרמים,1.00,"ק""ג",false,,13.90,13.9000,true,1,14848
7290001041208,false,"עדשים ירוקים יבשים מיה 1 ק""ג",מיה תעשיות מזון מ.ת.מ. בעמ,,עדשים ירוקות 1 ק'ג,קילוגרמים,1.00,"ק""ג",false,,13.90,13.9000,true,1,14849
7290001041260,false,שומשום מיה (400 גרם),מיה תעשיות מזון מ.ת.מ. בעמ,,שומשום מיה 400 גרם,גרמים,400.00,100 גרם,false,,13.90,3.4750,true,1,14852
7290001041277,false,פירורי לחם רגיל מיה 400ג ',מיה תעשיות מזון מ.ת.מ בעמ,,פרורי לחם 400 גרם,גרמים,400.00,100 גרם,false,,7.90,1.9750,true,1,14853
7290001041994,false,"סוכר דמררה בצנצנת מיה 1 ק""ג",מיה תעשיות מזון מ.ת.מ. בעמ,,סוכר זהב דמררה צנצנת,קילוגרמים,1.00,"ק""ג",false,,11.90,11.9000,true,1,14878
7290001045169,false,מיץ תפוחי עץ צלול פרימור 1 ליטר,שטראוס גרופ בעמ/מצונן,,פרימור מיץ תפוחים צל,ליטרים,1.00,ליטר,false,,15.90,15.9000,true,1,23250
7290001045688,false,"מיץ תפוזים סחוט פרימור 400 מ""ל",שטראוס גרופ בעמ/מצונן,,פרימור מיץ תפוזים 40,מיליליטרים,400.00,"100 מ""ל",false,,7.90,1.9750,true,1,23255
>>>>>>> d048ac2f4f281c9d788043ab4e81b61b0dbe3743
7290001053201,false,סלמון נורבגי מנות ללא עור 500 ג,,,סלמון נוררבגי מנות ל,גרמים,500.00,100 גרם,false,,47.90,9.5800,true,1,335871
7290001123775,false,שווארמה אמיתית פרגיות טיבון ויל 500 גרם,"טיבול ויל אחזקות בע""",,שווארמה פרגיות 500 ג,גרמים,500.00,100 גרם,false,,26.90,5.3800,true,1,16798
7290001136287,false,"שמפו לשיער רגיל בבושם פרחים נקה 7 750 מ""ל",החברה הדרומית לשיווק בעמ,,שמפו רגיל ירוק נקה 7,מיליליטרים,750.00,"100 מ""ל",false,,12.90,1.7200,true,1,29795
7290001136294,false,"שמפו לשיער יבש בבישום פרחים נקה 7 750 מ""ל",החברה הדרומית לשיווק בעמ,,שמפו יבש אדום נקה 7,מיליליטרים,750.00,"100 מ""ל",false,,12.90,1.7200,true,1,29796
7290001136362,false,נקה 7 תחליב רחצה אלוורה ארומה ירוק 1 ל',מיוצר בסין.יבוא ושיו,,תחליב רחצה אלוורה ות,יחידה,0.00,יחידה,false,,16.60,0.0000,true,1,29798
<<<<<<< HEAD
7290001136799,false,נקה 7 תחליב רחצה ארומה ורוד יסמין 1 ל',מיוצר בסין.יבוא ושיו,,תחליב רחצה ורד ויסמי,יחידה,0.00,יחידה,false,,16.60,0.0000,true,1,29801
7290001136973,false,נקה 7 תחליב רחצה ארומה קמומיל לבן 1 ל',טרופיקל דגיל תעשיות,,תחליב רחצה קמומיל נק,יחידה,0.00,יחידה,false,,16.60,0.0000,true,1,29802
7290001201510,false,תבנית ביצים מדיום 30 יח',לסר,,30 ביצים M מ.לסר,יחידה,0.00,יחידה,false,,27.87,0.0000,true,1,13617
7290001201589,false,ביצים 12\l גדול-מחיר בפיקוח,שופרסל,,12 ביצים L מ.לסר,יחידה,0.00,יחידה,false,,12.05,0.0000,true,1,13620
7290001201596,false,ביצים ארוזות M 12 יחידות,שופרסל,,12 ביצים M מ.לסר,יחידה,0.00,יחידה,false,,11.15,0.0000,true,1,13621
7290001201862,false,ביצי חופש לארג' 12 יחידות,מ.לסר,,12 ביצים חופש L מ. ל,יחידה,0.00,יחידה,false,,19.90,0.0000,true,1,13632
=======
7290001136799,false,נקה 7 תחליב רחצה ארומה ורוד יסמין 1 ל',החברה הדרומית לשיווק בעמ,,תחליב רחצה ורד ויסמי,יחידה,0.00,יחידה,false,,16.60,0.0000,true,1,29801
7290001136973,false,נקה 7 תחליב רחצה ארומה קמומיל לבן 1 ל',החברה הדרומית לשיווק בעמ,,תחליב רחצה קמומיל נק,יחידה,0.00,יחידה,false,,16.60,0.0000,true,1,29802
7290001201510,false,ביצים ארוזות M מ. לסר) (30 פיקוח,מ לסר בעמ - חברה לשיווק ביצים,,30 ביצים M מ.לסר,יחידה,0.00,יחידה,false,,27.87,0.0000,true,1,13617
7290001201589,false,ביצים ארוזות L מ. לסר) (12 פיקוח,מ לסר בעמ - חברה לשיווק ביצים,,12 ביצים L מ.לסר,יחידה,0.00,יחידה,false,,12.05,0.0000,true,1,13620
7290001201596,false,ביצים ארוזות M 12 יחידות,מ לסר בעמ - חברה לשיווק ביצים,,12 ביצים M מ.לסר,יחידה,0.00,יחידה,false,,11.15,0.0000,true,1,13621
7290001201862,false,ביצי חופש לארג' 12 יחידות,מ לסר בעמ - חברה לשיווק ביצים,,12 ביצים חופש L מ. ל,יחידה,0.00,יחידה,false,,19.90,0.0000,true,1,13632
>>>>>>> d048ac2f4f281c9d788043ab4e81b61b0dbe3743
7290001216040,false,טחינה גולמית שומשום טהור אל ארז 500 גרם,אגס ירוק מסחר ושירותים,,טחינה אל ארז 100% שו,גרמים,500.00,100 גרם,false,,15.90,3.1800,true,1,34842
7290001216057,false,"טחינה שומשום טהור אל ארז 1 ק""ג",אגס ירוק מסחר ושירותים,,טחינה אל ארז 100% שו,קילוגרמים,1.00,"ק""ג",false,,29.90,29.9000,true,1,34843
7290001216101,false,"טחינה שומשום מלא אל ארז 1 ק""ג",סוגת תעשיות בעמ,,טחינה אל ארז 100% שו,קילוגרמים,1.00,"ק""ג",false,,32.90,32.9000,true,1,334030
7290001216231,false,טחינה גולמית שומשום מלא אל ארז 500 גרם,אגס ירוק מסחר ושירותים,,טחינה מלאה 100% שומש,גרמים,500.00,100 גרם,false,,16.90,3.3800,true,1,34847
7290001230331,false,סיגריות כאמל בוקס חפ,Unknown,,כאמל בוקס קופסא בודד,יחידה,0.00,יחידה,false,,33.00,0.0000,false,1,4073
7290001230739,false,כאמל כחול חפיסה חפיסה,Unknown,,כאמל קופסא בודדת כחו,יחידה,0.00,יחידה,false,,33.00,0.0000,false,1,4074
7290001231932,false,ווינסטון כחול בוקס חפיסה,Unknown,,וינסטון קופסא בודדת,יחידה,0.00,יחידה,false,,34.00,0.0000,false,1,4078
<<<<<<< HEAD
7290001245705,false,אקונומיקה מבושמת טאצ' 4 ליטר,סאסאטק,,אקונומיקה מבושמת 4 ל,ליטרים,4.00,ליטר,false,,10.90,2.7250,true,1,37967
7290001245828,false,נוזל כלים קלאסי טאצ' 18% 1.6 ליטר,,,נוזל כלים קלאסי 18%,ליטרים,1.60,ליטר,false,,10.90,6.8125,true,1,37974
7290001245842,false,נוזל רצפות מאסק 4 לי' טאצ',,,נוזל רצפות מאסק 4 לי,ליטרים,4.00,ליטר,false,,13.90,3.4750,true,1,37976
7290001246092,false,"תרסיס מסיר שומנים 750 מ""ל טאצ.",סאסאטק,,תרסיס מסיר שומנים 75,מיליליטרים,750.00,"100 מ""ל",false,,13.90,1.8533,true,1,37994
7290001246290,false,"תרסיס רסס נגב 750 סמ""ק טאצ",סאסאטק,,תרסיס רסס נגב טאצ' 7,מיליליטרים,750.00,"100 מ""ל",false,,13.90,1.8533,true,1,38000
7290001247112,false,קרטונית נקטר ספרינג לימונענע 1 ליטר,יפאורה שותפות מובגלת לשיווק,,ספרינג לימונענע קרטו,ליטרים,1.00,ליטר,false,,6.90,6.9000,true,1,11480
7290001247129,false,נקטר ספרינג תפוזים קרטונית 1 ל',יפאורה שותפות מובגלת לשיווק,,ספרינג תפוז קרטונית,ליטרים,1.00,ליטר,false,,6.90,6.9000,true,1,11481
7290001247143,false,קרטונית נקטר ספרינג תפוחים 1 ליטר,יפאורה שותפות מובגלת לשיווק,,ספרינג תפוח קרטונית,ליטרים,1.00,ליטר,false,,6.90,6.9000,true,1,11483
7290001305058,false,"פלמוליב - נטורלס תחליב רחצה חלב ודבש 500 מ""ל",הנסיך- מפעל לייצור ט,,סבון נוזלי חלב ודבש,מיליליטרים,500.00,"100 מ""ל",false,,17.90,3.5800,true,1,21417
7290001305188,false,"נוזל לניקוי כלים בריח לימון פלמוליב 750 מ""ל",יבואן ומשווק: ש. שסט,,פלמוליב לכלים פריחת,מיליליטרים,750.00,"100 מ""ל",false,,12.90,1.7200,true,1,21418
7290001327180,false,שטראוס קרמיסימו וניל ציפ 1.33 ליטר,"גלידת שטראוס בע""\מ, רחוב",,קרמיסימו וניל ציפ 1.,ליטרים,1.33,ליטר,false,,21.90,16.4662,true,1,4223
7290001407813,false,חלבה שאמית פיסטוק בקטנה בארכה 350ג',"רושדי תעשיות מזון בע""\מ",,חלבה שאמית וניל עם פ,גרמים,350.00,100 גרם,false,,17.10,4.8857,true,1,18692
7290001419779,false,"וופל קלאסי בטעם שוקולד ""עלמה"" 200 גרם","גילרו בע""מ",,וופל עלמה קלאסי 200,גרמים,200.00,100 גרם,false,,3.90,1.9500,true,1,41228
7290001427033,false,מיץ תפוחים רכיבים טב,"פריניב בע""מ",,קשת מיץ תפוחים טבעי,ליטרים,1.00,ליטר,false,,16.90,16.9000,true,1,77255
=======
7290001245705,false,אקונומיקה מבושמת טאצ' 4 ליטר,סאסאטק אגשח בעמ,,אקונומיקה מבושמת 4 ל,ליטרים,4.00,ליטר,false,,10.90,2.7250,true,1,37967
7290001245828,false,נוזל כלים קלאסי טאצ' 18% 1.6 ליטר,סאסאטק אגשח בעמ,,נוזל כלים קלאסי 18%,ליטרים,1.60,ליטר,false,,10.90,6.8125,true,1,37974
7290001245842,false,נוזל רצפות מאסק 4 ליטר טאצ,סאסאטק אגשח בעמ,,נוזל רצפות מאסק 4 לי,ליטרים,4.00,ליטר,false,,13.90,3.4750,true,1,37976
7290001246092,false,תרסיס מסיר שומנים 750 מ``ל טאצ,סאסאטק אגשח בעמ,,תרסיס מסיר שומנים 75,מיליליטרים,750.00,"100 מ""ל",false,,13.90,1.8533,true,1,37994
7290001246290,false,"תרסיס רסס נגב 750 סמ""ק טאצ",סאסאטק אגשח בעמ,,תרסיס רסס נגב טאצ' 7,מיליליטרים,750.00,"100 מ""ל",false,,13.90,1.8533,true,1,38000
7290001247112,false,קרטונית נקטר ספרינג לימונענע 1 ליטר,יפאורה שותפות מוגבלת לשיווק,,ספרינג לימונענע קרטו,ליטרים,1.00,ליטר,false,,6.90,6.9000,true,1,11480
7290001247129,false,נקטר ספרינג תפוזים קרטונית 1 ל',יפאורה שותפות מוגבלת לשיווק,,ספרינג תפוז קרטונית,ליטרים,1.00,ליטר,false,,6.90,6.9000,true,1,11481
7290001247143,false,קרטונית נקטר ספרינג תפוחים 1 ליטר,יפאורה שותפות מוגבלת לשיווק,,ספרינג תפוח קרטונית,ליטרים,1.00,ליטר,false,,6.90,6.9000,true,1,11483
7290001305058,false,"פלמוליב - נטורלס תחליב רחצה חלב ודבש 500 מ""ל",הנסיך- מפעל לייצור ט,,סבון נוזלי חלב ודבש,מיליליטרים,500.00,"100 מ""ל",false,,17.90,3.5800,true,1,21417
7290001305188,false,"נוזל לניקוי כלים בריח לימון פלמוליב 750 מ""ל",יבואן ומשווק: ש. שסט,,פלמוליב לכלים פריחת,מיליליטרים,750.00,"100 מ""ל",false,,12.90,1.7200,true,1,21418
7290001327180,false,שטראוס קרמיסימו וניל ציפ 1.33 ליטר,"גלידת שטראוס בע""\מ, רחוב",,קרמיסימו וניל ציפ 1.,ליטרים,1.33,ליטר,false,,21.90,16.4662,true,1,4223
7290001407813,false,חלבה שאמית פיסטוק בקטנה בארכה 350ג',קבוצת אוסם סחר שותפות מוגבלת,,חלבה שאמית וניל עם פ,גרמים,350.00,100 גרם,false,,17.10,4.8857,true,1,18692
7290001419779,false,"וופל קלאסי בטעם שוקולד ""עלמה"" 200 גרם",רזיט שיווק בעמ,,וופל עלמה קלאסי 200,גרמים,200.00,100 גרם,false,,3.90,1.9500,true,1,41228
7290001427033,false,קשת מיץ תפוחים טבעי 1 ליטר,תנובה - פריניב,,קשת מיץ תפוחים טבעי,ליטרים,1.00,ליטר,false,,16.90,16.9000,true,1,77255
>>>>>>> d048ac2f4f281c9d788043ab4e81b61b0dbe3743
7290001459928,false,"גזר גמדי 800 גרם ארוז בד""ץ עדה חרדית",פספרוסט,,גזר גמדי בלדי 800 גר,גרמים,800.00,100 גרם,false,,11.90,1.4875,true,1,347973
7290001459935,false,"אפונה 800 גרם בד""ץ עדה חרדית",פספרוסט,,אפונה בלדי 800 גרם,גרמים,800.00,100 גרם,false,,11.90,1.4875,true,1,347900
7290001459942,false,"אפונה וגזר 800 גרם ארוז בד""ץ עדה חרדית",פספרוסט,,אפונה וקוביות גזר בל,גרמים,800.00,100 גרם,false,,11.90,1.4875,true,1,347943
7290001461112,false,לחם רוסטיק עגול פילס,פילסברי,,לחם מחמצת דגנים,גרמים,530.00,100 גרם,false,,17.90,3.3774,true,1,54047
7290001461761,false,לחמניה קשר 110 גרם,,,לחמניה קשר 110 גרם,יח',1.00,יח',false,,3.00,3.0000,true,1,2518
7290001461860,false,עשריית פיתות פילסברי,פילסברי,,עשיריית פיתות פילסבר,יח',1.00,יח',false,,13.70,13.7000,true,1,2519
<<<<<<< HEAD
7290001468272,false,נאמן פלסטרים מעורב 50יח',QUEST,,פלסטרים מעורב נאמן 5,יחידה,0.00,יחידה,false,,5.50,0.0000,true,1,15849
7290001482094,false,גבינה פרמז'נו משולשים ויליפוד 200ג',זנטי אס. אי לאלין,,וילי פוד פרמזן משולש,גרמים,200.00,100 גרם,false,,26.90,13.4500,true,1,2855
7290001485019,false,גבינת קרם שמנת טבעי 5% טרה 200 גרם,קריות זול,,טרה גבינת שמנת טבעי,גרמים,200.00,100 גרם,false,,11.90,5.9500,true,1,6361
7290001491010,false,תה ירוק יסמין ויסוצקי 25 יחידות,תה ויסוצקי,,תה ירוק עם יסמין T.T,גרמים,37.50,100 גרם,false,,23.90,63.7333,true,1,24615
7290001491096,false,תה ירוק בתוספת לימונית ולואיזה 50 שקיקים ויסוצקי,תה ויסוצקי,,תה ירוק בתוספת לימונ,גרמים,75.00,100 גרם,false,,47.90,63.8667,true,1,24616
7290001594179,false,"פאנטה אורנג' בבקבוק אישי 500 מ""ל",החברה המרכזית לייצור משקאות,,פאנטה אורנג' 500 בקב,מיליליטרים,500.00,"100 מ""ל",false,,7.90,1.5800,true,1,6833
7290001594865,false,"שישייה בירה קרלסברג בקבוק 330 מ""ל",מבשלות בירה בינלאומיות ב,,קרלסברג בירה בקבוק 6,ליטרים,1.98,ליטר,false,,39.90,20.1515,true,1,6855
7290001670064,false,סכינים חד פעמי לבן 100 יח',קריות זול,,סכינים 100יח,יחידה,0.00,יחידה,false,,13.90,0.0000,true,1,7719
7290001670255,false,כוס קרטון שתייה חמה 8B 50 יח',הנמל,,כוסות שתיה חמה 50 יח,יח',50.00,יח',false,,10.90,0.2180,true,1,7728
7290001696620,false,מיקס פיצוחים 350 גר',,,מיקס פיצוחים 350 גר',גרמים,350.00,100 גרם,false,,12.90,3.6857,true,1,1463
7290001696729,false,פקאן טבעי 100 גרם פיצוחי חממה,,,פקאן טבעי 100 גרם,גרמים,100.00,100 גרם,false,,16.90,16.9000,true,1,1465
7290001710111,false,נקניקיות מרגז ארוז 500 גר,לאטי עזרא גלם ודגים,,נקניקיות מרגז 500 גר,גרמים,500.00,100 גרם,false,,27.90,5.5800,true,1,16812
7290001710128,false,נקניקיות צוריסוס ארוז 500 גר,מעדני הטלה,,נקניקיות צוריסוס 500,גרמים,500.00,100 גרם,false,,27.90,5.5800,true,1,16813
7290001713167,false,סנט מוריץ - מרסס קצף ניקוי 1 ליטר סניטרי אפור,קומפלקס כימיקלים בעמ,,קצף לניקוי כלים סניט,ליטרים,1.00,ליטר,false,,13.90,13.9000,true,1,20083
7290001791349,false,פיסגה אקונומיקה ריחנית סנו 4 ליטר,"סנו מפעלי ברונוס בע""מ",,אקונומיקה ריחנית פסג,ליטרים,4.00,ליטר,false,,11.90,2.9750,true,1,29824
7290001813454,false,"עוגיות חיוכים שוקולד עלית 900 גרם מארז 6 יחידות בד""צ",אפיפית נצרת תעשיות ב,,חיוכים חגיגה שוק 900,גרמים,900.00,100 גרם,false,,20.90,2.3222,true,1,22205
7290001813478,false,"עוגיות חיוכים וניל עלית 900 גרם מארז 6 יחידות בד""צ",אפיפית נצרת תעשיות ב,,חיוכים חגיגה וניל 90,גרמים,900.00,100 גרם,false,,20.90,2.3222,true,1,22206
7290001817377,false,צ'יטוס חטיף איקס עיגול פיצה 60 גרם,"שטראוס פריטו ליי בע""\מ )",,ציטוס איקס עיגול 60ג,גרמים,60.00,100 גרם,false,,3.50,5.8333,true,1,24147
=======
7290001468272,false,נאמן פלסטרים מעורב 50יח',נאמן לאורך זמן בעמ,,פלסטרים מעורב נאמן 5,יחידה,0.00,יחידה,false,,5.50,0.0000,true,1,15849
7290001482094,false,גבינה פרמז'נו משולשים ויליפוד 200ג',ג.וילי-פוד אינטרנשיונל **גבינו,,וילי פוד פרמזן משולש,גרמים,200.00,100 גרם,false,,26.90,13.4500,true,1,2855
7290001485019,false,גבינת קרם שמנת טבעי 5% טרה 200 גרם,החברה המרכזית טלהפצת משקאות בע,,טרה גבינת שמנת טבעי,גרמים,200.00,100 גרם,false,,11.90,5.9500,true,1,6361
7290001491010,false,תה ירוק יסמין ויסוצקי 25 יחידות,תה ויסוצקי (ישראל) בעמ,,תה ירוק עם יסמין T.T,גרמים,37.50,100 גרם,false,,23.90,63.7333,true,1,24615
7290001491096,false,תה ירוק בתוספת לימונית ולואיזה 50 שקיקים ויסוצקי,תה ויסוצקי (ישראל) בעמ,,תה ירוק בתוספת לימונ,גרמים,75.00,100 גרם,false,,47.90,63.8667,true,1,24616
7290001594179,false,"פאנטה אורנג' בבקבוק אישי 500 מ""ל",החברה המרכזית להפצת משקאות בעמ,,פאנטה אורנג' 500 בקב,מיליליטרים,500.00,"100 מ""ל",false,,7.90,1.5800,true,1,6833
7290001594865,false,"שישייה בירה קרלסברג בקבוק 330 מ""ל",החברה המרכזית להפצת משקאות בעמ,,קרלסברג בירה בקבוק 6,ליטרים,1.98,ליטר,false,,39.90,20.1515,true,1,6855
7290001670064,false,סכינים חד פעמי לבן 100 יח',הנמל אריזות ושיווק (1984) בעמ,,סכינים 100יח,יחידה,0.00,יחידה,false,,13.90,0.0000,true,1,7719
7290001670255,false,כוס קרטון שתייה חמה 8B 50 יח',הנמל אריזות ושיווק (1984) בעמ,,כוסות שתיה חמה 50 יח,יח',50.00,יח',false,,10.90,0.2180,true,1,7728
7290001696620,false,מיקס פיצוחים 350 גר',בוטנת בעמ חברה לקלייה ואריזת פ,,מיקס פיצוחים 350 גר',גרמים,350.00,100 גרם,false,,12.90,3.6857,true,1,1463
7290001696729,false,פקאן טבעי פיצוחי חממה (100 גרם),בוטנת בעמ חברה לקלייה ואריזת פ,,פקאן טבעי 100 גרם,גרמים,100.00,100 גרם,false,,16.90,16.9000,true,1,1465
7290001710111,false,נקניקיות מרגז חריפות מעדני הטלה 500 גר`,לאטי עזרא גלם ודגים,,נקניקיות מרגז 500 גר,גרמים,500.00,100 גרם,false,,27.90,5.5800,true,1,16812
7290001710128,false,נקניקיות צוריסוס מעדני הטלה 500 גר`,לאטי עזרא בעמ,,נקניקיות צוריסוס 500,גרמים,500.00,100 גרם,false,,27.90,5.5800,true,1,16813
7290001713167,false,סנט מוריץ - מרסס קצף ניקוי 1 ליטר סניטרי אפור,קומפלקס כימיקלסבעמ ~~~,,קצף לניקוי כלים סניט,ליטרים,1.00,ליטר,false,,13.90,13.9000,true,1,20083
7290001791349,false,אקונומיקה פיסגה ריחנית סנו (4 ליטר),החברה הדרומית לשיווק בעמ,,אקונומיקה ריחנית פסג,ליטרים,4.00,ליטר,false,,11.90,2.9750,true,1,29824
7290001813454,false,"עוגיות חיוכים שוקולד עלית 900 גרם מארז 6 יחידות בד""צ",אפיפית נצרת תעשיות ב,,חיוכים חגיגה שוק 900,גרמים,900.00,100 גרם,false,,20.90,2.3222,true,1,22205
7290001813478,false,"עוגיות חיוכים וניל עלית 900 גרם מארז 6 יחידות בד""צ",אפיפית נצרת תעשיות ב,,חיוכים חגיגה וניל 90,גרמים,900.00,100 גרם,false,,20.90,2.3222,true,1,22206
7290001817377,false,צ`יטוס איקס עיגול בטעם פיצה 60 גרם,"שטראוס פריטו ליי בע""\מ )",,ציטוס איקס עיגול 60ג,גרמים,60.00,100 גרם,false,,3.50,5.8333,true,1,24147
>>>>>>> d048ac2f4f281c9d788043ab4e81b61b0dbe3743
7290001865453,false,פמילי לקשרי 1 ליטר לבנדר ארומטי+משאבה,מיוצר עי קונדיטוריית,,סבון נוזלי לבנדר+ מש,יחידה,0.00,יחידה,false,,11.90,0.0000,true,1,5755
7290001873458,false,סטייק בורגר 320 גר` בלאק אנגוס מוכשר אר,טיבון ויל אחזקות בעמ,,סטייק בורגר בלאק אנג,גרמים,320.00,100 גרם,false,,21.90,6.8437,true,1,57076
7290001990117,false,שומשום סוגת 100 גרם,האי נאם סי או אל.טי.,,שומשום 100 גרם,גרמים,100.00,100 גרם,false,,3.90,3.9000,true,1,17308
7290001990148,false,"סוכר גולדן קלאסי בצנצנת סוגת 1 ק""ג",האי נאם סי או אל.טי.,,סוכר גולדן קלאסי בצנ,קילוגרמים,1.00,"ק""ג",false,,13.90,13.9000,true,1,17309
7290001990278,false,"שעועית לבנה סוגת 1 ק""ג","סוגת תעשיות בע""\מ",,סוגת שעועית לבנה 1 ק,קילוגרמים,1.00,"ק""ג",false,,19.90,19.9000,true,1,17311
7290001990391,false,אפונה יבשה 1קג סוגת,"סוגת תעשיות בע""\מ",,"אפונה 1 ק""ג",קילוגרמים,1.00,"ק""ג",false,,12.90,12.9000,true,1,17313
7290001990407,false,"עדשים ירוקים 1 ק""ג סוגת","סוגת תעשיות בע""\מ",,עדשים ירוקים 1 קג,קילוגרמים,1.00,"ק""ג",false,,15.90,15.9000,true,1,17314
<<<<<<< HEAD
7290001990414,false,"עדשים אדומים 1 ק""ג סוגת","סוגת תעשיות בע""\מ",,סוגת עדשים אדומים 1,קילוגרמים,1.00,"ק""ג",false,,15.90,15.9000,true,1,17315
=======
7290001990414,false,עדשים אדומות סוגת (1 קג),"סוגת תעשיות בע""\מ",,סוגת עדשים אדומים 1,קילוגרמים,1.00,"ק""ג",false,,15.90,15.9000,true,1,17315
>>>>>>> d048ac2f4f281c9d788043ab4e81b61b0dbe3743
7290001990421,false,"פופקורן גרעינים סוגת 1 ק""ג","סוגת תעשיות בע""\מ",,"סוגת פופקורן 1 ק""ג",קילוגרמים,1.00,"ק""ג",false,,11.90,11.9000,true,1,17316
7290002000266,false,שעווה מגע המשי הדבש תפוח למיקרו 500 גרם,המאפיה של הרמן,,שעווה תפוח לחימום במ,גרמים,500.00,100 גרם,false,,19.90,3.9800,true,1,5763
7290002007234,false,אבקת סוכר הנמל 100 גרם,הנמל אריזות ושיווק 1984 בע`מ,,אבקת סוכר 100ג,גרמים,100.00,100 גרם,false,,2.50,2.5000,true,1,7747
7290002007357,false,שקיות צליה דליקטס מיקרוגל הנמל 10 יח',הנמל אריזות ושיווק (1984) בעמ,,שקיות לצליה דליקטס מ,יחידה,0.00,יחידה,false,,5.90,0.0000,true,1,7751
7290002007500,false,קיסמי שיניים הנמל במבוק 500 יחידות,הנמל אריזות ושיווק 1984 בע`מ,,קיסמים חבית הנמל 500,יח',500.00,יח',false,,4.90,0.0098,true,1,7758
7290002007890,false,כוסות חד פעמיות מפלסטיק 100 יח`,הנמל אריזות ושיווק (1984) בעמ,,כוס שתיה קרה 100 יח,יחידה,0.00,יחידה,false,,12.90,0.0000,true,1,7767
7290002007982,false,מזלגות חד פעמי הנמל 100 יחידות,הנמל אריזות ושיווק (1984) בעמ,,מזלגות חד פעמי 100 י,יחידה,0.00,יחידה,false,,13.90,0.0000,true,1,7770
7290002007999,false,צלחות פלסטיק גדולות חד פעמיות 50 יח,הנמל אריזות ושיווק (1984) בעמ,,צלחות גדול 50יח הנמל,יחידה,0.00,יחידה,false,,16.90,0.0000,true,1,7771
7290002008149,false,מדליק פחם מוצק הנמל אריזת 40יח',הנמל אריזות ושיווק (1984) בעמ,,מדליק פחם מוצק 40 קו,גרמים,300.00,100 גרם,false,,6.90,2.3000,true,1,7779
7290002008187,false,קשים מתקפלים לשתיה הנמל 40 יחידות,הנמל אריזות ושיווק 1984 בע`מ,,קש לשתיה מתקפל 40יח,יחידה,0.00,יחידה,false,,2.50,0.0000,true,1,7783
7290002008347,false,קורנפלור 500 גרם הנמל,הנמל אריזות ושיווק (1984) בעמ,,קורנפלור 500 גרם,גרמים,500.00,100 גרם,false,,6.90,1.3800,true,1,7789
7290002008361,false,דפים לסנדוויץ הנמל 200 יחידות,הנמל אריזות ושיווק (1984) בעמ,,דפים לסנדוויץ 200יח,יחידה,0.00,יחידה,false,,12.90,0.0000,true,1,7791
7290002043188,false,אקסטרה צ'יפס אורז חום מלא צ'ילי חריף 60 גרם,א.ל.ייצור ושיווק תבלינים בעמ,,אקסטרא צ'יפס אורז חו,גרמים,60.00,100 גרם,false,,8.90,14.8333,true,1,136569
7290002043225,false,אקסטרה צ'יפס אורז חום מלא פפריקה 60 גרם,א.ל.ייצור ושיווק תבלינים בעמ,,צ'יפס פפריקה אקסטרה,גרמים,60.00,100 גרם,false,,8.90,14.8333,true,1,96032
7290002043782,false,אקסטרה צ'יפס אורז חום מלא טקסס ברביקיו 60 גרם,א.ל.ייצור ושיווק תבלינים בעמ,,צ'יפס טקסס ברבקיו אק,גרמים,60.00,100 גרם,false,,8.90,14.8333,true,1,96033
7290002043898,false,חטיף אורז אקסטרה קוקוס בציפוי שוקולד לבן,,,אקסטרה חטיף אורז חום,גרמים,90.00,100 גרם,false,,13.90,15.4444,true,1,370980
<<<<<<< HEAD
7290002053538,false,נודלס בסגנון תאילנדי 25 תוספת אוריינטל 500 גרם,פ.פ.ח. טאביה ספ זאו.או,,נודלס אוריינט 400 גר,גרמים,500.00,100 גרם,false,,14.90,2.9800,true,1,3439
7290002057017,false,זיתים נובו ענק A2 יבנה 330ג',שיוך למחסן 17,,זיתים נובו ענק קבוצת,גרמים,560.00,100 גרם,false,,9.90,1.7679,true,1,44692
7290002057031,false,זיתים מבוקעים פיקנטי קבוצת יבנה 340 גרם,קבוצת יבנה,,זיתים מבוקעים פיקנטי,גרמים,560.00,100 גרם,false,,9.90,1.7679,true,1,44693
7290002057048,false,זית סורי מתובל בשמן קבוצת יבנה 560 גרם,קבוצת יבנה,,זית סורי מבוקע יבנה,גרמים,540.00,100 גרם,false,,11.90,2.2037,true,1,44694
7290002057123,false,זיתים ירוקים מנזנילו קבוצת יבנה 560 גרם,קבוצת יבנה,,זיתים חרוזית ירוק קב,גרמים,275.00,100 גרם,false,,10.90,3.9636,true,1,44701
7290002057185,false,טבעות זיתים ירוקים קבוצת יבנה 560 גרם,קבוצת יבנה,,טבעות זיתים ירוקים ק,גרמים,540.00,100 גרם,false,,9.90,1.8333,true,1,44707
7290002057352,false,מלפפונים במלח ‏9‏-‏7‏ קבוצת יבנה 320 גרם,קבוצת יבנה מוצרי מזון,,מלפפונים במלח 7-9 ק,גרמים,560.00,100 גרם,false,,7.90,1.4107,true,1,44715
7290002057369,false,מלפפונים במלח ‏12‏-‏10‏ קבוצת יבנה 320 גרם,קבוצת יבנה,,מלפפון במלח 10-12 קב,גרמים,560.00,100 גרם,false,,8.90,1.5893,true,1,44716
7290002057376,false,מלפפונים במלח ‏17‏-‏13‏ קבוצת יבנה 320 גרם,קבוצת יבנה,,מלפפון במלח 13-17 קב,גרמים,560.00,100 גרם,false,,10.90,1.9464,true,1,44717
7290002057468,false,מלפפונים בחומץ בינוני קבוצת יבנה 560 גרם,קבוצת יבנה,,מלפפון בחומץ 10-12 ק,גרמים,560.00,100 גרם,false,,8.90,1.5893,true,1,44722
7290002057475,false,מלפפונים בחומץ ‏17‏-‏13 קבוצת יבנה 290 גרם,קבוצת יבנה,,מלפפון בחומץ 13-17 ק,גרמים,560.00,100 גרם,false,,10.90,1.9464,true,1,28068
=======
7290002053538,false,נודלס בסגנון תאילנדי 25 תוספת אוריינטל 500 גרם,גורי מוצרי צריכה (1991) בעמ,,נודלס אוריינט 400 גר,גרמים,500.00,100 גרם,false,,14.90,2.9800,true,1,3439
7290002057017,false,זיתים ירוקים נובו קבוצת יבנה (540 גרם),קבוצת יבנה מוצרי מזון אגודה שי,,זיתים נובו ענק קבוצת,גרמים,560.00,100 גרם,false,,9.90,1.7679,true,1,44692
7290002057031,false,זיתים מבוקעים פיקנטי קבוצת יבנה 340 גרם,"קבוצת יבנה מוצרי מזון בע""מ",,זיתים מבוקעים פיקנטי,גרמים,560.00,100 גרם,false,,9.90,1.7679,true,1,44693
7290002057048,false,זית סורי מתובל בשמן קבוצת יבנה 560 גרם,"קבוצת יבנה מוצרי מזון בע""מ",,זית סורי מבוקע יבנה,גרמים,540.00,100 גרם,false,,11.90,2.2037,true,1,44694
7290002057123,false,זיתים ירוקים מנזנילו קבוצת יבנה 560 גרם,קבוצת יבנה מוצרי מזון אגודה שי,,זיתים חרוזית ירוק קב,גרמים,275.00,100 גרם,false,,10.90,3.9636,true,1,44701
7290002057185,false,טבעות זיתים ירוקים קבוצת יבנה 560 גרם,קבוצת יבנה מוצרי מזון אגודה שי,,טבעות זיתים ירוקים ק,גרמים,540.00,100 גרם,false,,9.90,1.8333,true,1,44707
7290002057352,false,מלפפונים במלח ‏9‏-‏7‏ קבוצת יבנה 320 גרם,"קבוצת יבנה מוצרי מזון בע""מ",,מלפפונים במלח 7-9 ק,גרמים,560.00,100 גרם,false,,7.90,1.4107,true,1,44715
7290002057369,false,מלפפונים במלח ‏12‏-‏10‏ קבוצת יבנה 320 גרם,"קבוצת יבנה מוצרי מזון בע""מ",,מלפפון במלח 10-12 קב,גרמים,560.00,100 גרם,false,,8.90,1.5893,true,1,44716
7290002057376,false,מלפפונים במלח ‏17‏-‏13‏ קבוצת יבנה 320 גרם,"קבוצת יבנה מוצרי מזון בע""מ",,מלפפון במלח 13-17 קב,גרמים,560.00,100 גרם,false,,10.90,1.9464,true,1,44717
7290002057468,false,מלפפונים בחומץ בינוני קבוצת יבנה 560 גרם,"קבוצת יבנה מוצרי מזון בע""מ",,מלפפון בחומץ 10-12 ק,גרמים,560.00,100 גרם,false,,8.90,1.5893,true,1,44722
7290002057475,false,מלפפונים בחומץ ‏17‏-‏13 קבוצת יבנה 290 גרם,קבוצת יבנה מוצרי מזון אגודה שי,,מלפפון בחומץ 13-17 ק,גרמים,560.00,100 גרם,false,,10.90,1.9464,true,1,28068
>>>>>>> d048ac2f4f281c9d788043ab4e81b61b0dbe3743
7290002065555,false,שישיית לחמנייה הכי רכה בהפסקה אנג'ל 450 גרם,מאפיית שלמה א. אנג'\ל בע,,6 לחמניות רכות אנגל,גרמים,450.00,100 גרם,false,,11.90,2.6444,true,1,35418
7290002065616,false,לחם שיפון גרעינים פרוס אחדות (750 גרם),מאפיית שלמה א. אנג'\ל בע,,שיפון גרעינים אנגל 7,גרמים,750.00,100 גרם,false,,14.90,1.9867,true,1,35419
7290002105565,false,טחון הודו 500 גרם מחפוד מהדרין,עוף ירושלים שיווק בעמ,,טחון הודו 500 גרם מח,גרמים,500.00,100 גרם,false,,14.90,2.9800,true,1,47023
7290002105671,false,טחון עוף 500 גר' קפוא מחפוד,עוף ירושלים שיווק בעמ,,טחון עוף 500 גר מחפו,גרמים,500.00,100 גרם,false,,14.90,2.9800,true,1,47024
7290002105756,false,טחון בקר בתוספת חלבון מן הצומח מחפוד,עוף ירושלים שיווק בעמ,,"טחון בקר 1 ק""ג מחפוד",קילוגרמים,1.00,"ק""ג",false,,39.90,39.9000,true,1,47028
7290002107071,false,גבינת פטה עיזים מעודנת 16% משק צוריאל 200 גרם,החברה המרכזית טלהפצת משקאות בע,,צוריאל פטה עיזים מעו,גרמים,200.00,100 גרם,false,,24.90,12.4500,true,1,6369
7290002107385,false,גליל גבינת עיזים מה עז משק צוריאל 180 גרם,החברה המרכזית טלהפצת משקאות בע,,צוריאל גליל גבינת עי,גרמים,180.00,100 גרם,false,,23.90,13.2778,true,1,6370
7290002109488,false,קבב 100% אמיתי טיבון ויל 440 גרם,"טיבון ויל אחזקות בע""\מ",,קבב אמיתי 100% 440 ג,גרמים,440.00,100 גרם,false,,19.90,4.5227,true,1,16822
7290002111818,false,גרעיני תירס מתוק ואקום פרי מבורך 400ג',"זנלכל בע""\מ",,גרעיני תירס מתוק פרי,גרמים,246.00,100 גרם,false,,6.90,2.8049,true,1,8701
7290002129455,false,פיצה איטלקית XL גדולה שלושת האופים 450 גרם,נטו מלינדה סחר בעמ,,פיצה איטלקית 450 ג,גרמים,450.00,100 גרם,false,,21.90,4.8667,true,1,16824
7290002129479,false,פיצה איטלקית דקה שלושת האופים 320 גר,האי נאם סי או אל.טי.,,פיצה איטלקית דקה שלש,גרמים,320.00,100 גרם,false,,18.90,5.9062,true,1,346672
7290002130567,false,דבש דבורים טהור פרחי בר יד מרדכי 350 גרם,מכוורת יד מרדכי שטראוס ב,,דבש טהור מפרחי בר בצ,גרמים,350.00,100 גרם,false,,20.90,5.9714,true,1,22216
7290002130574,false,דבש טהור מפרחי בר בזכוכית 500 ג' יד מרדכי,מכוורת יד מרדכי שטראוס ב,,דבש טהור מפרחי בר בצ,גרמים,500.00,100 גרם,false,,28.90,5.7800,true,1,22217
7290002130581,false,דבש טהור מפרחי בר יד מרדכי (1 קג),מכוורת יד מרדכי שטראוס ב,,דבש טהור מפרחי בר בצ,קילוגרמים,1.00,"ק""ג",false,,46.90,46.9000,true,1,22218
7290002157953,false,מארז נתחי טונה בהירה בשמן קנולה - 4 יחידות,נטו מלינדה סחר בע`מ,,טונה בשמן קנולה וילי,גרמים,560.00,100 גרם,false,,21.90,3.9107,true,1,16828
7290002195054,false,המבורגר קפוא בלדי (400 גרם),יוליניבר,,המבורגר בלדי 400ג,גרמים,400.00,100 גרם,false,,13.90,3.4750,true,1,35287
7290002195085,false,קבב מזרחי קפוא בלדי (400 גרם),יוליניבר,,קבב מזרחי 400 גר בלד,גרמים,400.00,100 גרם,false,,13.90,3.4750,true,1,35289
7290002232995,false,ציפוי פז דגש 500גר ללא גלוטן.,נטורפוד בעמ,,דגש ציפוי פז 500 גרם,גרמים,500.00,100 גרם,false,,27.90,5.5800,true,1,106416
7290002253006,false,שום טרי כתוש צנצנת דורות 200 גרם,קבוצת אוסם סחר-שות.מוגבלת,,דורות שום כתוש טרי 2,גרמים,200.00,100 גרם,false,,17.90,8.9500,true,1,19726
7290002253105,false,שום במגשית 20 שיניים כתושות קפוא 80,קבוצת אוסם סחר-שות.מוגבלת,,דורות מגשית קוביות ש,גרמים,80.00,100 גרם,false,,14.90,18.6250,true,1,19729
7290002253181,false,כוסברה טרייה קצוצה 20 קוביות 70 גרם קפוא,קבוצת אוסם סחר שותפות מוגבלת,,כוסברה טריה קצוצה 70,גרמים,70.00,100 גרם,false,,11.10,15.8571,true,1,19733
7290002253198,false,ג'ינג'ר טרי כתוש במגשית 70 ג' דורות,קבוצת אוסם סחר-שות.מוגבלת,,דורות ג'ינג'ר טרי כת,גרמים,70.00,100 גרם,false,,12.30,17.5714,true,1,19734
7290002253310,false,דורות שום צילי חריף קוביות תערובת 80 גר,קבוצת אוסם סחר שותפות מוגבלת,,דורות שום צילי חריף,גרמים,80.00,100 גרם,false,,14.90,18.6250,true,1,178501
7290002255031,false,סיגרים במילוי בשר חט,חטיפי אלקיים בעמ,,סיגרים במילוי בשר חט,גרמים,800.00,100 גרם,false,,22.90,2.8625,true,1,51489
7290002255048,false,קובה למרק במילוי בשר,חטיפי אלקיים בעמ,,קובה למרק במילוי בשר,גרמים,800.00,100 גרם,false,,22.90,2.8625,true,1,51490
<<<<<<< HEAD
7290002255055,false,פלאפל חטיפי אלקיים 7,חטיפי אלקיים בעמ,,פלאפל חטיפי אלקיים 7,גרמים,700.00,100 גרם,false,,14.90,2.1286,true,1,51491
7290002255116,false,קרפלך במילוי בשר חטי,חטיפי אלקיים בעמ,,קרפלך במילוי בשר חטי,גרמים,800.00,100 גרם,false,,22.90,2.8625,true,1,51493
7290002255215,false,"עלי סיגר מרובע בד""צ",חטיפי אלקיים בעמ,,עלים לסיגר 500ג,גרמים,500.00,100 גרם,false,,10.90,2.1800,true,1,51497
=======
7290002255055,false,פלאפל חטיפי אלקיים 7,חטיפי אלקיים בעמ ~~~,,פלאפל חטיפי אלקיים 7,גרמים,700.00,100 גרם,false,,14.90,2.1286,true,1,51491
7290002255116,false,קרפלך במילוי בשר חטי,חטיפי אלקיים בעמ,,קרפלך במילוי בשר חטי,גרמים,800.00,100 גרם,false,,22.90,2.8625,true,1,51493
7290002255215,false,"עלים לסיגרים מרובע בד""צ",חטיפי אלקיים בעמ ~~~,,עלים לסיגר 500ג,גרמים,500.00,100 גרם,false,,10.90,2.1800,true,1,51497
>>>>>>> d048ac2f4f281c9d788043ab4e81b61b0dbe3743
7290002255222,false,"פסטל במילוי תפו""א חט",,,"פסטל במילוי תפו""א חט",גרמים,800.00,100 גרם,false,,22.90,2.8625,true,1,51498
7290002317265,false,מלפפון 650ג במלח +20% 7-9 A2 מטולה,שימורי מוטולה בעמ,,מלפפון במלח 20% 7-9,גרמים,670.00,100 גרם,false,,10.90,1.6269,true,1,24408
7290002317296,false,פלפל חריף שיפקה 670ג 20%+A2 מטולה,שימורי מוטולה בעמ,,פלפל שיפקה + 20% מוט,גרמים,550.00,100 גרם,false,,10.40,1.8909,true,1,24410
7290002317319,false,מלפפון 650ג בחומץ +20% 7-9 A2 מטולה,שימורי מוטולה בעמ,,מלפפון בחומץ 7-9 20%,גרמים,670.00,100 גרם,false,,10.90,1.6269,true,1,24412
7290002317326,false,זיתים מנזולינו 12-15 +20% 670ג A2 מטולה,שימורי מוטולה בעמ,,זיתים מנזלינו 20% 12,גרמים,670.00,100 גרם,false,,11.90,1.7761,true,1,24413
7290002317579,false,זיתים טבעות ירוק 560ג A2 מטולה,שימורי מוטולה בעמ,,טבעות זיתים ירוקים מ,גרמים,560.00,100 גרם,false,,11.90,2.1250,true,1,24426
<<<<<<< HEAD
7290002317661,false,זיתים ירוק מנזנילו 560ג,שימורי מוטולה בעמ,,זיתים מנזלינו גדול מ,גרמים,560.00,100 גרם,false,,11.90,2.1250,true,1,24430
7290002317678,false,חרוזית צנצנת זיתים 560 ג' מוטולה,שימורי מוטולה בעמ,,זיתים נטולי גלעין צנ,גרמים,560.00,100 גרם,false,,11.90,2.1250,true,1,24431
7290002317753,false,טבעות ירוק צנצנת מוטולה,שימורי מוטולה,,טבעות זיתים ירוקים ב,גרמים,560.00,100 גרם,false,,11.90,2.1250,true,1,24433
7290002319016,false,אבקת אפיה עשיריות מיה 100 גרם,מיה תעשיות מזון מ.ת.מ. ב,,אבקת אפיה 10 יח' מיה,גרמים,100.00,100 גרם,false,,2.90,2.9000,true,1,14880
7290002319023,false,סוכר וניל עשיריות מיה 100 גרם,מיה תעשיות מזון מ.ת.מ. ב,,1/10 סוכר וניל,גרמים,100.00,100 גרם,false,,2.90,2.9000,true,1,14881
7290002319061,false,קוקוס טחון מיה 100 גרם,מיה תעשיות מזון מ.ת.מ. ב,,.קוקוס טחון 100 גר.,גרמים,100.00,100 גרם,false,,4.50,4.5000,true,1,14885
7290002319139,false,שעועית לבנה יבשה מיה 500 ג',מיה תעשיות מזון מ.ת.מ. ב,,שעועית מיה 500 גרם,גרמים,500.00,100 גרם,false,,10.90,2.1800,true,1,14891
7290002319160,false,אפונה ירוקה יבשה מיה 500 ג',מיה תעשיות מזון מ.ת.מ. ב,,אפונה יבשה מיה 500 ג,גרמים,500.00,100 גרם,false,,5.90,1.1800,true,1,14893
7290002319177,false,פופקורן גרעינים מיה 500 גר',מיה תעשיות מזון מ.ת.מ. ב,,פופקורן מיה 500 גרם,גרמים,500.00,100 גרם,false,,6.90,1.3800,true,1,14894
7290002319184,false,עדשים אדומים יבשים מיה 500 גר',מיה תעשיות מזון מ.ת.מ. ב,,עדשים אדומים מיה 500,גרמים,500.00,100 גרם,false,,9.90,1.9800,true,1,14895
7290002319191,false,עדשים ירוקים יבשים מיה 500 גר',מיה תעשיות מזון מ.ת.מ. ב,,עדשים ירוקים מיה 500,גרמים,500.00,100 גרם,false,,7.90,1.5800,true,1,14896
7290002319610,false,שקדים טחונים מיה 100 גרם,מיה תעשיות מזון מ.ת.מ. ב,,שקדים טחונים 100 גרם,גרמים,100.00,100 גרם,false,,15.80,15.8000,true,1,14917
7290002319771,false,"תמצית אפיה בטעם וניל מיה 50 מ""ל",מיה תעשיות מזון מ.ת.מ. ב,,תמצית אפיה וניל,מיליליטרים,50.00,"100 מ""ל",false,,2.90,5.8000,true,1,14928
7290002319825,false,אבקת סוכר מיה 100 גרם,מיה תעשיות מזון מ.ת.מ. ב,,.אבקת סוכר 100 גר. ב,גרמים,100.00,100 גרם,false,,2.90,2.9000,true,1,14932
7290002327059,false,"בצק עלים 1 ק""ג שלושת האופים קהילות",שלושת האופים,,בצק עלים 1 ק`ג,קילוגרמים,1.00,"ק""ג",false,,22.90,22.9000,true,1,16847
7290002331025,false,"מים מינרלים נביעות ספורט 500 מ""ל פקדון",נביעות טבע הגליל בעמ,,נביעות 1/2 ליטר ספור,מיליליטרים,500.00,"100 מ""ל",false,,4.90,0.9800,true,1,6867
7290002331360,false,"נביעות מים מינרליים טו גו מארז 500X6מ""ל",נביעות טבע,,נביעות TO GO שישייה,ליטרים,3.00,ליטר,false,,16.70,5.5667,true,1,6878
7290002331483,false,"שישיית נביעות אישי בייבי 320 מ""ל",נביעות טבע הגליל בעמ,,נביעות בייבי 320*6 מ,ליטרים,1.92,ליטר,false,,15.90,8.2813,true,1,6881
7290002345077,false,שניצל בקר מינוט אל גאוצ'ו קפוא 250 גר,"טיבון ויל אחזקות בע""\מ",,אל גאוצ'ו מילסה שניצ,גרמים,250.00,100 גרם,false,,19.90,7.9600,true,1,169779
=======
7290002317661,false,זיתים מנזולינו גדול מאוד זכוכית מוטולה,שימורי מוטולה בעמ,,זיתים מנזלינו גדול מ,גרמים,560.00,100 גרם,false,,11.90,2.1250,true,1,24430
7290002317678,false,חרוזית ירוק צנצנת זכוכית מוטולה,שימורי מוטולה בעמ,,זיתים נטולי גלעין צנ,גרמים,560.00,100 גרם,false,,11.90,2.1250,true,1,24431
7290002317753,false,זית טבעות ירוק בצנצנת זכוכית מוטולה,אבאל יזמות בעמ,,טבעות זיתים ירוקים ב,גרמים,560.00,100 גרם,false,,11.90,2.1250,true,1,24433
7290002319016,false,אבקת אפיה עשיריות מיה 100 גרם,מיה תעשיות מזון מ.ת.מ. בעמ,,אבקת אפיה 10 יח' מיה,גרמים,100.00,100 גרם,false,,2.90,2.9000,true,1,14880
7290002319023,false,סוכר וניל עשיריות מיה 100 גרם,מיה תבליני החיים ירושלים בע`מ,,1/10 סוכר וניל,גרמים,100.00,100 גרם,false,,2.90,2.9000,true,1,14881
7290002319061,false,קוקוס טחון מיה (100 גרם),מיה תעשיות מזון מ.ת.מ. בעמ,,.קוקוס טחון 100 גר.,גרמים,100.00,100 גרם,false,,4.50,4.5000,true,1,14885
7290002319139,false,שעועית לבנה יבשה מיה 500 ג',מיה תעשיות מזון מ.ת.מ. בעמ,,שעועית מיה 500 גרם,גרמים,500.00,100 גרם,false,,10.90,2.1800,true,1,14891
7290002319160,false,אפונה ירוקה יבשה מיה 500 ג',מיה תעשיות מזון מ.ת.מ. בעמ,,אפונה יבשה מיה 500 ג,גרמים,500.00,100 גרם,false,,5.90,1.1800,true,1,14893
7290002319177,false,פופקורן גרעינים מיה 500 גר',מיה תעשיות מזון מ.ת.מ. בעמ,,פופקורן מיה 500 גרם,גרמים,500.00,100 גרם,false,,6.90,1.3800,true,1,14894
7290002319184,false,עדשים אדומים יבשים מיה 500 גר',מיה תעשיות מזון מ.ת.מ. בעמ,,עדשים אדומים מיה 500,גרמים,500.00,100 גרם,false,,9.90,1.9800,true,1,14895
7290002319191,false,עדשים ירוקים יבשים מיה 500 גר',מיה תעשיות מזון מ.ת.מ. בעמ,,עדשים ירוקים מיה 500,גרמים,500.00,100 גרם,false,,7.90,1.5800,true,1,14896
7290002319610,false,שקדים טחונים מיה 100 גרם,מיה תעשיות מזון מ.ת.מ. בעמ,,שקדים טחונים 100 גרם,גרמים,100.00,100 גרם,false,,15.80,15.8000,true,1,14917
7290002319771,false,תמצית אפיה בטעם וניל מיה (50 מל),מיה תעשיות מזון מ.ת.מ. בעמ,,תמצית אפיה וניל,מיליליטרים,50.00,"100 מ""ל",false,,2.90,5.8000,true,1,14928
7290002319825,false,"אבקת סוכר 100 ג`בד""ץ מיה",מיה תעשיות מזון מ.ת.מ. בעמ,,.אבקת סוכר 100 גר. ב,גרמים,100.00,100 גרם,false,,2.90,2.9000,true,1,14932
7290002327059,false,"בצק עלים 1 ק""ג שלושת האופים קהילות",נטו מלינדה סחר בע`מ,,בצק עלים 1 ק`ג,קילוגרמים,1.00,"ק""ג",false,,22.90,22.9000,true,1,16847
7290002331025,false,"מים מינרלים נביעות ספורט 500 מ""ל פקדון",החברה המרכזית להפצת משקאות בעמ,,נביעות 1/2 ליטר ספור,מיליליטרים,500.00,"100 מ""ל",false,,4.90,0.9800,true,1,6867
7290002331360,false,"נביעות מים מינרליים טו גו מארז 500X6מ""ל",החברה המרכזית להפצת משקאות בעמ,,נביעות TO GO שישייה,ליטרים,3.00,ליטר,false,,16.70,5.5667,true,1,6878
7290002331483,false,נביעות מים מינרלים שישיה בייבי 330 מ`ל,החברה המרכזית להפצת משקאות בעמ,,נביעות בייבי 320*6 מ,ליטרים,1.92,ליטר,false,,15.90,8.2813,true,1,6881
7290002345077,false,דק דק שניצל בקר 250 גר`טיבון ויל אל גא,"טיבון ויל אחזקות בע""\מ",,אל גאוצ'ו מילסה שניצ,גרמים,250.00,100 גרם,false,,19.90,7.9600,true,1,169779
>>>>>>> d048ac2f4f281c9d788043ab4e81b61b0dbe3743
7290002353836,false,סרדינים רוברט בשמן זית 115 גרם,קונסרבס פורטוגל נורטה,,סרדינים רוברט בשמן ז,גרמים,120.00,100 גרם,false,,10.90,9.0833,true,1,16866
7290002360278,false,חליטת צמחים פומפדור מנטה 20 יחידות,"איטיליאן פוד, אס.פי.",,פומפדור חליטת מנטה 2,גרמים,45.00,100 גרם,false,,17.90,39.7778,true,1,21423
7290002371533,false,דקניקים סלסולי פסטרמה דבש טירת צבי 120 גרם,תנובה מרכז שיתופי לשיווק תוצרת,,טירת צבי סלסולי פסטר,גרמים,120.00,100 גרם,false,,16.80,14.0000,true,1,25333
7290002371939,false,סרוולד בסגנון צרפתי דליקטיב 120 גרם,תנובה מרכז שיתופי לשיווק תוצרת,,טירת צבי סרוולד צרפת,גרמים,120.00,100 גרם,false,,32.40,27.0000,true,1,25337
7290002374268,false,שמן חמניות מזוכך ללא כולסטרול 1 ליטר,סוגת תעשיות בעמ,,שמן חמניות מילומור 1,ליטרים,1.00,ליטר,false,,11.90,11.9000,true,1,29340
7290002374312,false,שמן קנולה מזוכך 6% מילומור (1 ליטר),"נארז ע""י : א.ג. גילר",,שמן קנולה מילומור 1,ליטרים,1.00,ליטר,false,,11.90,11.9000,true,1,29341
7290002374640,false,שמן בריאות קנולה פלוס אומגה 3 עץ הזית 1 ליטר,סוגת תעשיות בעמ,,שמן קנולה פלוס אומגה,ליטרים,1.00,ליטר,false,,17.90,17.9000,true,1,29343
7290002404828,false,תירוש ענבים 1 ליטר כשרות משולבת ארזה*,יקבי ארזה ת.ר.ז. בעמ,,תירוש ארזה 1 ליטר,ליטרים,1.00,ליטר,false,,17.90,17.9000,true,1,11873
7290002507277,false,קציצות דג דלידג 700 גרם,אף.סי תבליני בגליל ב,,קציצות דג 700גר,גרמים,700.00,100 גרם,false,,29.90,4.2714,true,1,16893
<<<<<<< HEAD
7290002512004,false,מלוואח צנעני 900 גרם,צנעני מוצרי בצק,,צנעני מלווח 900 גרם,גרמים,900.00,100 גרם,false,,19.90,2.2111,true,1,51508
7290002512066,false,גחנון אפוי צנעני 600 גרם,YOAL,,ג'חנון אפוי צנעני 65,גרמים,650.00,100 גרם,false,,19.90,3.0615,true,1,231214
7290002517733,false,תבלין קצח טעם וריח 4,תות ממתקי איכות,,תבלין קצח טעם וריח 4,גרמים,40.00,100 גרם,false,,7.40,18.5000,true,1,42403
7290002542780,false,"שישייה בירה סטלה ארטואה בקבוק 330X6 מ""ל","אינבב, ברוורייפליין",,סטלה ארטואה בקבוק 6*,ליטרים,1.98,ליטר,false,,37.90,19.1414,true,1,161434
7290002542841,false,"שישייה בירה לף בלונד בקבוק 330X6 מ""ל","אינבב, ברוורייפליין",,בירה לף בלונד -שישיה,ליטרים,1.98,ליטר,false,,49.90,25.2020,true,1,186485
7290002542865,false,"שישייה בירה הוגרדן בקבוק 330X6 מ""ל","אינבב, ברוורייפליין",,בירה הוגרדן -שישיה *,ליטרים,1.98,ליטר,false,,49.90,25.2020,true,1,186486
7290002543046,false,קלוגס פרוסטיס דגנים וסוכר 750ג',קלוג מנייופרטורינג א,,פרוסטיס דגני קלוגס 7,גרמים,750.00,100 גרם,false,,17.90,2.3867,true,1,5280
7290002551003,false,סטארקיסט טונה בשמן בודד 160ג',סטאר קיסט,,טונה סטארקיסט בשמן 1,גרמים,160.00,100 גרם,false,,7.90,4.9375,true,1,26634
=======
7290002512004,false,מלווח צנעני 900 גרם קפוא,צנעני מוצרי בצק בעמ,,צנעני מלווח 900 גרם,גרמים,900.00,100 גרם,false,,19.90,2.2111,true,1,51508
7290002512066,false,ג`חנון אפוי צנעני למיקרוגל,צנעני מוצרי בצק בעמ,,ג'חנון אפוי צנעני 65,גרמים,650.00,100 גרם,false,,19.90,3.0615,true,1,231214
7290002517733,false,תבלין קצח טעם וריח 4,תבליני טעם וריח בעמ,,תבלין קצח טעם וריח 4,גרמים,40.00,100 גרם,false,,7.40,18.5000,true,1,42403
7290002542780,false,"שישייה בירה סטלה ארטואה בקבוק 330X6 מ""ל","אינבב, ברוורייפליין",,סטלה ארטואה בקבוק 6*,ליטרים,1.98,ליטר,false,,37.90,19.1414,true,1,161434
7290002542841,false,"שישייה בירה לף בלונד בקבוק 330X6 מ""ל","אינבב, ברוורייפליין",,בירה לף בלונד -שישיה,ליטרים,1.98,ליטר,false,,49.90,25.2020,true,1,186485
7290002542865,false,"שישייה בירה הוגרדן בקבוק 330X6 מ""ל","אינבב, ברוורייפליין",,בירה הוגרדן -שישיה *,ליטרים,1.98,ליטר,false,,49.90,25.2020,true,1,186486
7290002543046,false,קלוגס פרוסטיס דגנים וסוכר 750ג',דיפלומט מפיצים (1968) בעמ**,,פרוסטיס דגני קלוגס 7,גרמים,750.00,100 גרם,false,,17.90,2.3867,true,1,5280
7290002551003,false,נתחי טונה בהירה בשמן סטארקיסט (160 גרם),דיפלומט מפיצים (1968) בעמ**,,טונה סטארקיסט בשמן 1,גרמים,160.00,100 גרם,false,,7.90,4.9375,true,1,26634
>>>>>>> d048ac2f4f281c9d788043ab4e81b61b0dbe3743
7290002552406,false,טילון שוקו קרמל ריאו 60ג',ריאו,,טילון שוקו 70 גרם רי,גרמים,70.00,100 גרם,false,,3.90,5.5714,true,1,20529
7290002608509,false,לחם מחמצת זיתי קלמנט,,,לחם מחמצת זיתי קלמנט,גרמים,530.00,100 גרם,false,,18.90,3.5660,true,1,54048
7290002651116,false,גחנון חמסי ארוז 1 קג,מאפיית אריאל,,"גחנון חמסי 1 ק""ג",קילוגרמים,1.00,"ק""ג",false,,19.90,19.9000,true,1,16902
7290002651123,false,מלאווח חמסי ארוז 1 ק,מאפיית אריאל,,"מלווח חמסי 1 ק""ג",קילוגרמים,1.00,"ק""ג",false,,19.90,19.9000,true,1,16903
7290002651253,false,גחנון אפוי חמסי 600 גרם,מעדני הטלה,,ג'חנון אפוי חמסי 60,גרמים,600.00,100 גרם,false,,19.90,3.3167,true,1,16904
<<<<<<< HEAD
7290002657408,false,נתחי טונה בשמן 960 ג' פוסידון,פוסידון,,טונה בשמן פוסידון 96,גרמים,700.00,100 גרם,false,,32.90,4.7000,true,1,16909
=======
7290002657408,false,נתחי טונה בשמן 960 ג' פוסידון,נטו מלינדה סחר בע`מ,,טונה בשמן פוסידון 96,גרמים,700.00,100 גרם,false,,32.90,4.7000,true,1,16909
>>>>>>> d048ac2f4f281c9d788043ab4e81b61b0dbe3743
7290002674221,false,"אקווה פרש משחת שינים משאבה מנטה 100 מ""ל",גלקסו סמית קליין,,מש.שיניים משאבה מנטה,מיליליטרים,100.00,"100 מ""ל",false,,14.80,14.8000,true,1,3805
7290002674269,false,"אקווה פרש - משחת שיניים מנטה עדין 125 מ""ל",גלקסוסמיתקליין,,משחת שיניים א.פרש עד,מיליליטרים,125.00,"100 מ""ל",false,,8.50,6.8000,true,1,3808
7290002692393,false,שמן קנולה מזוכך מועשר עץ הזית (1 ליטר),סוגת תעשיות בעמ,,שמן קנולה מועשר עץ ה,ליטרים,1.00,ליטר,false,,16.90,16.9000,true,1,29345
7290002692478,false,"שמן זית כתית מעולה קלאסי מעודן 750 מ""ל עץ הזית","מרקאולאו, ספרד.אבסה,",,שמן זית כתית מעולה מ,מיליליטרים,750.00,"100 מ""ל",false,,35.90,4.7867,true,1,29347
7290002692768,false,"תרסיס שמן קנולה מזוכך ללא תוספת גז עץ הזית 200 מ""ל",טרנסומס פוד איי בי,,תרסיס שמן קנולה עץ ה,מיליליטרים,200.00,"100 מ""ל",false,,19.90,9.9500,true,1,29350
7290002692782,false,"תרסיס שמן זית כתית מעולה ללא תוספת גז עץ הזית 150 מ""ל",י.ב טכנולוגיות אריזה,,תרסיס שמן זית עץ הזי,מיליליטרים,200.00,"100 מ""ל",false,,19.90,9.9500,true,1,29352
7290002703310,false,צנצנת דבש עין חרוד 5,,,צנצנת דבש עין חרוד 5,גרמים,500.00,100 גרם,false,,23.90,4.7800,true,1,47377
7290002703617,false,סילאן 100% טבעי לחיץ,,,סילאן 100% טבעי לחיץ,גרמים,385.00,100 גרם,false,,13.90,3.6104,true,1,47381
7290002730941,false,כדורי צמר גפן בלונס 100 יחידות,הנסיך- מפעל לייצור ט,,צמר גפן פרוס בלונס 1,גרמים,100.00,100 גרם,false,,6.90,6.9000,true,1,21439
<<<<<<< HEAD
7290002735007,false,"בצק עלים מרודד ינון 1 ק""ג",קפוא-זן,,"בצק עלים 1 ק""ג",קילוגרמים,1.00,"ק""ג",false,,14.90,14.9000,true,1,20412
7290002735021,false,ג'חנון קפוא ינון 750 גרם,ג'נרל מילס סאן אדריא,,ינון גחנון ארוז 750,גרמים,750.00,100 גרם,false,,14.90,1.9867,true,1,20414
7290002735113,false,בורקס גבינה ינון 800 גר,,,בורקס גבינה ינון 800,גרמים,800.00,100 גרם,false,,16.90,2.1125,true,1,20415
7290002735274,false,ג'חנון אפוי ינון 600 גרם,ג'נרל מילס סאן אדריא,,ינון גחנון אפוי 600,גרמים,600.00,100 גרם,false,,16.90,2.8167,true,1,20419
7290002752493,false,רביעיה סוכריות מנטה 4* 16 ג' טיק טק,פררו - אלבה,,טיק טק 1/4,גרמים,64.00,100 גרם,false,,10.90,17.0313,true,1,41454
7290002757139,false,מלוואח 700 גר' שלושת האופים קהילות,שלושת האופים,,שלושת האופים מלוואח,גרמים,700.00,100 גרם,false,,14.90,2.1286,true,1,16922
7290002757511,false,דלידג קציצות דג לבישול 750 גר קהילות,האי נאם סי או אל.טי.,,דלידג קציצות דג לביש,גרמים,750.00,100 גרם,false,,35.90,4.7867,true,1,16925
=======
7290002735007,false,"בצק עלים מרודד ינון 1 ק""ג",קפוא-זן תעשיות מזון בעמ - תפוג,,"בצק עלים 1 ק""ג",קילוגרמים,1.00,"ק""ג",false,,14.90,14.9000,true,1,20412
7290002735021,false,ג`חנון ארוז 750 גר`יינון,קפוא-זן תעשיות מזון בעמ - תפוג,,ינון גחנון ארוז 750,גרמים,750.00,100 גרם,false,,14.90,1.9867,true,1,20414
7290002735113,false,בורקס גבינה ינון 800 גר`,קפוא-זן תעשיות מזון בעמ - תפוג,,בורקס גבינה ינון 800,גרמים,800.00,100 גרם,false,,16.90,2.1125,true,1,20415
7290002735274,false,ג'חנון אפוי ינון 600 גרם,קפוא-זן תעשיות מזון בעמ - תפוג,,ינון גחנון אפוי 600,גרמים,600.00,100 גרם,false,,16.90,2.8167,true,1,20419
7290002752493,false,רביעיה סוכריות מנטה 4* 16 ג' טיק טק,פרימיום-חברה לדברי מתיקה ולמסח,,טיק טק 1/4,גרמים,64.00,100 גרם,false,,10.90,17.0313,true,1,41454
7290002757139,false,מלוואח 700 גר' שלושת האופים קהילות,נטו מלינדה סחר בע`מ,,שלושת האופים מלוואח,גרמים,700.00,100 גרם,false,,14.90,2.1286,true,1,16922
7290002757511,false,דלידג קציצות דג לבישול 750 גר קהילות,נטו מלינדה סחר בע`מ,,דלידג קציצות דג לביש,גרמים,750.00,100 גרם,false,,35.90,4.7867,true,1,16925
>>>>>>> d048ac2f4f281c9d788043ab4e81b61b0dbe3743
7290002757535,false,בורקס פילו אצבעות גבינה שלושת האופים 700 גרם,שלושת האופים שגמור,,בורקס פילו אצבעות גב,גרמים,700.00,100 גרם,false,,21.90,3.1286,true,1,16927
7290002768074,false,אל סבון נוזלי רגיל דרמפון 1 ליטר,החברה הדרומית לשיווק בעמ,,סבון נוזלי דרמופון 1,יחידה,0.00,יחידה,false,,18.90,0.0000,true,1,29839
7290002793311,false,שירות והחלפה מילוי גז 60 סודהסטרים,א.א צ יקו שיווק והפצה,,מילוי למכשיר 50,יחידה,0.00,יחידה,false,,60.00,0.0000,true,1,17522
7290002805151,false,סיף פנטסטיק לרצפות בניחוח סחלבים 4ל',יוניליוור ישראל שיווק בע`מ,,סיף פנטסטיק לרצפות ב,ליטרים,4.00,ליטר,false,,24.90,6.2250,true,1,10317
7290002814054,false,סנט מוריץ מתז אנטרטיק מתז 1 ליטר,קומפלקס כימיקלסבעמ ~~~,,אנטרקטיק במתז 1 ליטר,ליטרים,1.00,ליטר,false,,13.90,13.9000,true,1,20095
7290002824183,false,"גבינה לבנה סקי 500 גרם 5% ""שטראוס"" -מוצר בפיקוח",שטראוס גרופ בעמ/מצונן,,גבינה לבנה 5% סקי 50,גרמים,500.00,100 גרם,false,,9.50,1.9000,true,1,23257
7290002824466,false,יוגורט דנונה ביו לבן 0% שומן 200 גרם,שטראוס גרופ בעמ/מצונן,,דנונה יוגורט ביו 0%,מיליליטרים,200.00,"100 מ""ל",false,,3.70,1.8500,true,1,23258
7290002824640,false,"גבינת סקי 250 גרם 5% ""שטראוס"" -מוצר בפיקוח",שטראוס גרופ בעמ/מצונן,,גבינה 5% סקי 250 גרם,גרמים,250.00,100 גרם,false,,4.98,1.9920,true,1,23259
7290002825722,false,כרוב אדום במיונז אחלה (500 גרם),שטראוס גרופ בעמ/מצונן,,אחלה כרוב אדום 500ג,גרמים,500.00,100 גרם,false,,15.90,3.1800,true,1,23261
7290002827306,false,נקניקיות עוף ירושלים מחפוד 400 ג',עוף ירושלים שיווק בעמ,,עוף ירושלים נקניקיות,גרמים,400.00,100 גרם,false,,11.90,2.9750,true,1,47051
7290002827337,false,נקניקיות עוף פיקנטי חריף 400 מחפוד,עוף ירושלים שיווק בעמ,,עוף ירושלים נקניקיות,גרמים,400.00,100 גרם,false,,11.90,2.9750,true,1,47054
7290002868996,false,"קוטג' 5% שומן, רכיבים טבעיים, 250 גרם",החברה המרכזית טלהפצת משקאות בע,,טרה קוטג מועשר 5% 25,גרמים,250.00,100 גרם,false,,5.50,2.2000,true,1,6377
7290002881018,false,מעדן תות שדה סאן מורנו 284 גרם,קריות זול,,סן מורנו מעדן תות שד,גרמים,284.00,100 גרם,false,,12.90,4.5423,true,1,24924
7290002881230,false,חתיכות אננס בסירופ קל תומר 850 גרם,תומר יבוא ושיווק מוצרי מזון (1,,אננס חתוך תומר 850 ג,גרמים,850.00,100 גרם,false,,9.90,1.1647,true,1,24939
7290002881254,false,קוקטייל פירות טרופיים בסירופ קל תומר 825 גרם,תומר יבוא ושיווק מוצרי מזון (1,,קוקטייל טרופי תומר 8,גרמים,850.00,100 גרם,false,,10.90,1.2824,true,1,24941
7290002881278,false,חצאי אפרסקים בסירופ קל תומר (820 גרם).,תומר יבוא ושיווק מוצרי מזון (1,,אפרסק חצאים תומר 820,גרמים,820.00,100 גרם,false,,10.90,1.3293,true,1,24943
7290002904694,false,"טיטניום דאודורנט ספריי לגברים 150 מ""ל",החברה הדרומית לשיווק בעמ,,דאודורנט ספריי קלאסי,מיליליטרים,180.00,"100 מ""ל",false,,17.90,9.9444,true,1,29841
7290002909880,false,"פולי סויה - אדממה - 400 גרם (בד""ץ עדה חרדית)",בלדי בעמ,,פולי סויה אדממה בלדי,גרמים,400.00,100 גרם,false,,11.90,2.9750,true,1,35299
7290002909989,false,"שעועית ירוקה חתוכה 800 גר' בד""ץ (ממותג)",פספרוסט,,שעועית ירוקה חתוכה ב,גרמים,800.00,100 גרם,false,,11.90,1.4875,true,1,348031
7290002909996,false,שעועית צהובה שלמה בלדי 800 גר',,,שעועית צהובה שלמה בל,גרמים,800.00,100 גרם,false,,11.90,1.4875,true,1,348061
<<<<<<< HEAD
7290002921240,false,"קרבונה שמפוזר לניקוי שטיחים וריפוד יעקבי 650 מ""ל",קרבונה Carbona,,שמפוזר מסיר כתים משט,מיליליטרים,650.00,"100 מ""ל",false,,34.00,5.2308,true,1,11289
7290002929642,false,רביעיית טונה בשמן ויליגר 140 גרם,דיאמנט פוד פרודקט קו,,טונה בשמן ויליגר רבי,גרמים,560.00,100 גרם,false,,21.90,3.9107,true,1,16974
7290002971962,false,"קמח שטיבל חיטה מלא ללא ניפוי 1 ק""ג",טחנת קמח דגן-שטיבל,,קמח מלא 100% ללא צור,קילוגרמים,1.00,"ק""ג",false,,9.90,9.9000,true,1,231697
7290002971986,false,קמח שיפון מלא 1 קג שטיבל ללא צורך בניפוי,טחנת קמח דגן-שטיבל,,קמח שיפון ללא צורך ב,קילוגרמים,1.00,"ק""ג",false,,9.90,9.9000,true,1,9221
7290002971993,false,"קמח כוסמין מס 14 ללא ניפוי 1 ק""ג",טחנת קמח דגן-שטיבל,,קמח כוסמין מלא ללא צ,קילוגרמים,1.00,"ק""ג",false,,15.90,15.9000,true,1,9222
=======
7290002921240,false,"קרבונה שמפוזר לניקוי שטיחים וריפוד יעקבי 650 מ""ל",יעקב יעקבי ובניו בעמ,,שמפוזר מסיר כתים משט,מיליליטרים,650.00,"100 מ""ל",false,,34.00,5.2308,true,1,11289
7290002929642,false,נתחי טונה בהירה בשמן ויליגר (140x4 גרם),דיאמנט פוד פרודקט קו,,טונה בשמן ויליגר רבי,גרמים,560.00,100 גרם,false,,21.90,3.9107,true,1,16974
7290002971962,false,"קמח שטיבל חיטה מלא ללא ניפוי 1 ק""ג",טחנות קמח שטיבל בש בעמ,,קמח מלא 100% ללא צור,קילוגרמים,1.00,"ק""ג",false,,9.90,9.9000,true,1,231697
7290002971986,false,קמח שיפון מלא 1 קג שטיבל ללא צורך בניפוי,טחנות קמח שטיבל בש בעמ,,קמח שיפון ללא צורך ב,קילוגרמים,1.00,"ק""ג",false,,9.90,9.9000,true,1,9221
7290002971993,false,קמח כוסמין מלא ללא צורך בניפוי 1 קג שטיב,טחנות קמח שטיבל בש בעמ,,קמח כוסמין מלא ללא צ,קילוגרמים,1.00,"ק""ג",false,,15.90,15.9000,true,1,9222
>>>>>>> d048ac2f4f281c9d788043ab4e81b61b0dbe3743
7290002973669,false,"קמח שטיבל ללחם 2 ללא ניפוי 1 ק""ג",טחנת קמח דגן-שטיבל,,קמח לחם ללא צורך בני,קילוגרמים,1.00,"ק""ג",false,,9.90,9.9000,true,1,98412
7290002973812,false,קמח כוסמין (80% 1 קג)ללא צורך בניפוי ש,טחנות קמח שטיבל בש בעמ,,קמח כוסמין 80% ללא צ,קילוגרמים,1.00,"ק""ג",false,,16.90,16.9000,true,1,102011
7290002973829,false,קמח כוסמין לבן( 1 קג) ללא צורך ניפוי ש,טחנות קמח שטיבל בש בעמ,,קמח כוסמין לבן ללא צ,קילוגרמים,1.00,"ק""ג",false,,16.90,16.9000,true,1,102012
7290002986652,false,גטניו פתי בר שוקו 470 גרם,"אחים גטניו בע""מ",,גטניו - פתיבר שוקו 4,גרמים,470.00,100 גרם,false,,9.90,2.1064,true,1,41251
<<<<<<< HEAD
7290002987963,false,"סלט חומוס אחלה 1 ק""ג",מיוצר עי קונדיטוריית,,אחלה חומוס 1קג,קילוגרמים,1.00,"ק""ג",false,,14.90,14.9000,true,1,23262
7290003009329,false,בוטנים אמריקאיים קליית גת 200 גרם,הדקלאים אגודת שיתופי,,בוטן אמריקאי מצופה 2,גרמים,200.00,100 גרם,false,,6.90,3.4500,true,1,12746
7290003011087,false,"אורז בסמטי הודי מובחר שקדיה 1 ק""ג",אלסקה/ טילדה,,אלסקה אורז בסמטי אלפ,קילוגרמים,1.00,"ק""ג",false,,10.90,10.9000,true,1,4613
7290003026227,false,"קמיל בלו שמפו לתינוק סנסיטיב אל דמע ד""ר פישר 1 ליטר",פישר מעבדות פרמצבטיות בע,,קמיל בלו סנסיטיב שמפ,יחידה,0.00,יחידה,false,,33.90,0.0000,true,1,29064
7290003029181,false,משקה יטבתה שוקו' בקבוק 1ל מהדרין,שטראוס גרופ,,יטבתה שוקו בקבוק 1ל,ליטרים,1.00,ליטר,false,,12.90,12.9000,true,1,23266
7290003029372,false,משקה חלב בטעם בננה יטבתה 1 ליטר,שטראוס גרופ,,יטבתה משקה חלב בננה,ליטרים,1.00,ליטר,false,,12.90,12.9000,true,1,23269
7290003029433,false,"משקה יטבתה שוקו פקק 250 מ""ל מהדרין",שטראוס גרופ,,יטבתה שוקו +פקק 250,מיליליטרים,250.00,"100 מ""ל",false,,5.90,2.3600,true,1,23271
7290003029532,false,מוקה בבקבוק יטבתה 1 ליטר מהדרין,שטראוס גרופ,,יטבתה מוקה 1ל,ליטרים,1.00,ליטר,false,,12.90,12.9000,true,1,23273
7290003029792,false,"משקה יטבתה שוקו שקיות מהדרין מארז 225X8מ""ל",שטראוס גרופ,,יטבתה מהדרין שוקו שק,ליטרים,1.80,ליטר,false,,20.90,11.6111,true,1,23275
7290003029815,false,כד חלב 3% יטבתה 2 ליטר מהדרין,שטראוס גרופ,,חלב מועשר בכד2 ליטר,ליטרים,2.00,ליטר,false,,15.90,7.9500,true,1,23276
7290003029907,false,אייס קפה יטבתה 1 ליטר מהדרין,שטראוס גרופ,,יטבתה אייס קפה 1ל,ליטרים,1.00,ליטר,false,,12.90,12.9000,true,1,23278
7290003047642,false,תה שחור יילו לייבל 100*1.5 ג' שקיק ליפטון,"יונילוור רוסייה בע""מ",,תה ליפטון יילו לייבל,גרמים,150.00,100 גרם,false,,14.90,9.9333,true,1,10319
7290003072804,false,פסטרמה של פעם טירת צבי 200 גרם,טיב טירת צבי 2000,,טירת צבי פסטרמה של פ,גרמים,200.00,100 גרם,false,,19.90,9.9500,true,1,25360
7290003107216,false,קמח 1 קג שימורי איכ,טחנת קמח דגן לישראל,,"קמח לבן דגן 1 ק""ג",קילוגרמים,1.00,"ק""ג",false,,6.90,6.9000,true,1,9230
7290003107315,false,"סולת בד""צ ארוז 1 ק""ג",טחנת קמח דגן לישראל,,"סולת דגן 1 ק""ג",קילוגרמים,1.00,"ק""ג",false,,4.50,4.5000,true,1,9234
7290003107346,false,טחנת קמח דגן קמח 1 קג,טחנת קמח דגן לישראל,,קמח חיטה לבן דגן 1 ק,קילוגרמים,1.00,"ק""ג",false,,4.50,4.5000,true,1,9236
7290003126958,false,טופו גבינה גוש בואקום צוריאל 300 ג',א.י.ן תעשיות מזון בע,,צוריאל גבינה גוש טופ,גרמים,300.00,100 גרם,false,,12.90,4.3000,true,1,6384
=======
7290002987963,false,"חומוס אחלה 1 ק""ג שטראוס",שטראוס גרופ בעמ/מצונן,,אחלה חומוס 1קג,קילוגרמים,1.00,"ק""ג",false,,14.90,14.9000,true,1,23262
7290003009329,false,בוטנים אמריקאיים קליית גת (200 גרם),הדקלאים אגודת שיתופי,,בוטן אמריקאי מצופה 2,גרמים,200.00,100 גרם,false,,6.90,3.4500,true,1,12746
7290003011087,false,אורז בסמטי 1 קג` שקית כחולה דין שיווק,דין שיווק וקליה 2021 בעמ,,אלסקה אורז בסמטי אלפ,קילוגרמים,1.00,"ק""ג",false,,10.90,10.9000,true,1,4613
7290003026227,false,"קמיל בלו שמפו לתינוק סנסיטיב אל דמע ד""ר פישר 1 ליטר","פישר תעשיות פרמצביטות בע""מ",,קמיל בלו סנסיטיב שמפ,יחידה,0.00,יחידה,false,,33.90,0.0000,true,1,29064
7290003029181,false,משקה יטבתה שוקו' בקבוק 1ל מהדרין,שטראוס גרופ בעמ/מצונן,,יטבתה שוקו בקבוק 1ל,ליטרים,1.00,ליטר,false,,12.90,12.9000,true,1,23266
7290003029372,false,יטבתה משקה בטעם בננה %3 בקבוק 1 ליטר,שטראוס גרופ בעמ/מצונן,,יטבתה משקה חלב בננה,ליטרים,1.00,ליטר,false,,12.90,12.9000,true,1,23269
7290003029433,false,"משקה יטבתה שוקו פקק 250 מ""ל מהדרין",שטראוס גרופ בעמ/מצונן,,יטבתה שוקו +פקק 250,מיליליטרים,250.00,"100 מ""ל",false,,5.90,2.3600,true,1,23271
7290003029532,false,מוקה בבקבוק יטבתה 1 ליטר מהדרין,שטראוס גרופ בעמ/מצונן,,יטבתה מוקה 1ל,ליטרים,1.00,ליטר,false,,12.90,12.9000,true,1,23273
7290003029792,false,"משקה יטבתה שוקו שקיות מהדרין מארז 225X8מ""ל",שטראוס גרופ בעמ/מצונן,,יטבתה מהדרין שוקו שק,ליטרים,1.80,ליטר,false,,20.90,11.6111,true,1,23275
7290003029815,false,כד חלב 3% יטבתה 2 ליטר מהדרין,שטראוס גרופ בעמ/מצונן,,חלב מועשר בכד2 ליטר,ליטרים,2.00,ליטר,false,,15.90,7.9500,true,1,23276
7290003029907,false,משקה חלב אייס קפה 2% יטבתה (1 ליטר,שטראוס גרופ בעמ/מצונן,,יטבתה אייס קפה 1ל,ליטרים,1.00,ליטר,false,,12.90,12.9000,true,1,23278
7290003047642,false,תה שחור יילו לייבל 100*1.5 ג' שקיק ליפטון,"יוניליוור ישראלשיווק בע""מ",,תה ליפטון יילו לייבל,גרמים,150.00,100 גרם,false,,14.90,9.9333,true,1,10319
7290003072804,false,פסטרמה של פעם עם 200 גר` טירת צבי,טיב טירת צבי 2000,,טירת צבי פסטרמה של פ,גרמים,200.00,100 גרם,false,,19.90,9.9500,true,1,25360
7290003107216,false,קמח לבן בהיר 1 קג דגן מוביל,טחנות קמח דגן (2006) בעמ,,"קמח לבן דגן 1 ק""ג",קילוגרמים,1.00,"ק""ג",false,,6.90,6.9000,true,1,9230
7290003107315,false,סולת בשקית טחנת קמח דגן (1 קג),טחנות קמח דגן (2006) בעמ,,"סולת דגן 1 ק""ג",קילוגרמים,1.00,"ק""ג",false,,4.50,4.5000,true,1,9234
7290003107346,false,קמח חיטה לבן בדץ טחנת קמח דגן (1 קג),טחנות קמח דגן (2006) בעמ,,קמח חיטה לבן דגן 1 ק,קילוגרמים,1.00,"ק""ג",false,,4.50,4.5000,true,1,9236
7290003126958,false,טופו גבינה גוש בואקום צוריאל 300 ג',החברה המרכזית טלהפצת משקאות בע,,צוריאל גבינה גוש טופ,גרמים,300.00,100 גרם,false,,12.90,4.3000,true,1,6384
>>>>>>> d048ac2f4f281c9d788043ab4e81b61b0dbe3743
7290003145782,false,צנובר רכיבים טבעיים קליית גת 100 גרם,הדקלאים אגודת שיתופי,,צנובר טבעי 100 גרם,גרמים,100.00,100 גרם,false,,27.90,27.9000,true,1,12784
7290003185719,false,קבב רומני טיבון ויל 500 גרם,טיבון ויל אחזקות בעמ,,קבב רומני 500 גרם,גרמים,500.00,100 גרם,false,,19.90,3.9800,true,1,16989
7290003185726,false,קבב מזרחי טיבון ויל 500 גרם,טיבון ויל אחזקות בעמ,,קבב מזרחי 500 גרם,גרמים,500.00,100 גרם,false,,19.90,3.9800,true,1,16990
7290003217014,false,פיתות תנעמי בטעם ביתי דגנית עין בר) (5,דגנית עין בר תעשיות מזון ואפיה,,5 פיתות מזרחיות תנעמ,גרמים,500.00,100 גרם,false,,7.90,1.5800,true,1,4498
7290003220526,false,"רוטב צ'ילי חריף 700 מ""ל WOK",תאי פרידה אינדסטרי,,רוטב צ'ילי חריף 700,מיליליטרים,700.00,"100 מ""ל",false,,11.90,1.7000,true,1,41267
7290003220533,false,"רוטב צ'ילי מתוק ווק 700 מ""ל",תאי פרידה אינדסטרי ב,,רוטב צ'ילי מתוק 700,מיליליטרים,700.00,"100 מ""ל",false,,11.90,1.7000,true,1,41268
7290003220588,false,"רוטה צ'ילי מתוק ללא סוכר 700 מ""ל WOK",תאי פרידה אינדסטרי ב,,ווק רוטב צ'ילי מתוק,מיליליטרים,700.00,"100 מ""ל",false,,17.80,2.5429,true,1,231380
7290003220595,false,"ווק אורז לסושי 1 ק""ג WOK","מיה תעשיות מזון בע""מ",,אורז לסושי 1 ק'ג WOK,קילוגרמים,1.00,"ק""ג",false,,14.40,14.4000,true,1,231381
7290003220717,false,WOK אצות נורי סילבר 10 יחידות,ג'י וואן גלובול נאט,,אצות נורי סילוור 10,גרמים,22.00,100 גרם,false,,12.90,58.6364,true,1,231386
7290003220779,false,"ווק אטריות אורז עובי 3 מ""מ 400 גרם",אסיאן סופירה פודס חב,,מקלוני אורז עובי 3 מ,גרמים,400.00,100 גרם,false,,12.90,3.2250,true,1,41270
<<<<<<< HEAD
7290003229109,false,פסטרמה הודו בפפריקה טירת צבי 400 גרם,הנסיך- מפעל לייצור ט,,א.מ .פסטרמה בפפריקה,גרמים,400.00,100 גרם,false,,29.90,7.4750,true,1,25366
7290003229116,false,פסטרמה הודו בדבש שומן טירת צבי 400 גרם,הנסיך- מפעל לייצור ט,,א.מ פסטרמה בדבש 400,גרמים,400.00,100 גרם,false,,29.90,7.4750,true,1,25367
7290003229123,false,פסטרמה הודו על גחלים 2% טירת צבי 400 גרם,הנסיך- מפעל לייצור ט,,א.מ. פסטרמה על גחלים,גרמים,400.00,100 גרם,false,,29.90,7.4750,true,1,25368
7290003229147,false,נקניק סלמי איטלקי מעושן טירת צבי 300 גרם,הנסיך- מפעל לייצור ט,,סלמי בסגנון איטלקי 3,גרמים,300.00,100 גרם,false,,29.90,9.9667,true,1,25369
7290003229192,false,נקניק כתף בקר מעושן 2% טירת צבי 400 גרם,טיב טירת צבי 2000,,א.מ. כתף בקר מעושן 4,גרמים,400.00,100 גרם,false,,35.90,8.9750,true,1,25372
7290003229208,false,פסטרמה ספרדית 2% טירת צבי 360 גרם,טירת צבי - מדף,,פסטרמה ספרדית 2% 360,גרמים,360.00,100 גרם,false,,29.90,8.3056,true,1,25373
7290003229215,false,פסטרמה איטלקית 3.5% טירת צבי 360 גרם,טירת צבי - מדף,,פסטרמה איטלקית 360 ג,גרמים,360.00,100 גרם,false,,29.90,8.3056,true,1,25374
7290003268252,false,לחם חיטה מלא לילדים 750 ג' דגנית עין בר,דגנית עין בר תעשיות מזון,,לחם חיטה מלא ללא גרע,גרמים,750.00,100 גרם,false,,14.90,1.9867,true,1,4502
7290003268429,false,לחם ירוק מקמח מלא 750 ג' דגנית עין בר,דגנית עין בר תעשיות מזון,,לחם מקמח מלא דגנית 7,גרמים,750.00,100 גרם,false,,15.90,2.1200,true,1,4503
7290003287260,false,צ'וריסוס הקצביה 600 גרם בלדי,בלדי,,צוריסוס קצביה ארוז 6,גרמים,600.00,100 גרם,false,,29.90,4.9833,true,1,35303
7290003318131,false,ופל קלאסיק אגוז 200 גרם מנעמים,מנעמים תעשיות מזון,,ופל אגוז מנעמים 200,גרמים,200.00,100 גרם,false,,4.30,2.1500,true,1,36044
7290003318155,false,וופל טעם לימון מנעמים 200 ג',מנעמים תעשיות מזון,,ופל לימון מנעמים 200,גרמים,250.00,100 גרם,false,,4.30,1.7200,true,1,36045
7290003318599,false,וופלים וניל מנעמים 200 גרם,מנעמים תעשיות מזון,,ופל וניל מנעמים 200,גרמים,200.00,100 גרם,false,,4.30,2.1500,true,1,36047
7290003321155,false,יוגורט בר עם פקאן מצופה שוקולד 183 ג' דנונה,"שטראוס בריאות בע""\מ",,דנונה קראנצ' ששבי פק,מיליליטרים,183.00,"100 מ""ל",false,,4.90,2.6776,true,1,23279
7290003332007,false,קפה שחור עם הל 250 גרם,סובחי נחלה ובניו,,קפה נחלה סובחי 250ג,גרמים,250.00,100 גרם,false,,14.90,5.9600,true,1,33755
7290003387410,false,שלישיית פדים להסרת איפור בלונס 80 יחידות,ספטונה,,מגבונים להסרת איפור,יחידה,0.00,יחידה,false,,24.60,0.0000,true,1,21443
7290003401369,false,"קרם לחות לשיער חוחובה נטורל פורמולה 400 מ""ל",מיוצר עי אמיליה קוסמ,,קרם לחות ועיצוב לשיע,מיליליטרים,400.00,"100 מ""ל",false,,21.90,5.4750,true,1,29856
7290003411054,false,שקיות צליה גדול דליקטס רוסטי הנמל 5יח`,סאדאת איסטנבול,,שקיות רוסטי ענק 5 יח,יחידה,0.00,יחידה,false,,3.90,0.0000,true,1,7827
7290003411566,false,צמרוני עץ הנמל 200 יחידות,שוורצקוף& הנקל דיסלד,,צמרוני אוזניים עץ 20,יחידה,0.00,יחידה,false,,3.90,0.0000,true,1,7843
7290003411993,false,גפרורים הנמל 10 יחידות,"איטיליאן פוד, אס.פי.",,גפרורים 10 יחידות,יחידה,0.00,יחידה,false,,2.90,0.0000,true,1,7858
7290003427154,false,"שמן זית כתית מעולה טעם מעודן זיתא 750 מ""ל",זיתא תעשיות שמן זיתt\,,שמן זית כתית מעולה ז,מיליליטרים,750.00,"100 מ""ל",false,,40.90,5.4533,true,1,24620
7290003438006,false,ממרח אולביה פסטו וצנובר איטלקי 190ג',מיוצר עי קונדיטוריית,,אוליביה ממרח פסטו אי,גרמים,180.00,100 גרם,false,,14.90,8.2778,true,1,51962
7290003438020,false,ממרח עגבניות מיובשות אוליביה 190 גרם,מיוצר עי קונדיטוריית,,אוליביה ממרח עגבניות,גרמים,190.00,100 גרם,false,,14.90,7.8421,true,1,51964
7290003438709,false,ממרח אולביה זיתים שחורים וירוקים 190 ג',גוד פוד פרודקטס S.p,,אוליביה ממרח זיתים ש,גרמים,190.00,100 גרם,false,,14.90,7.8421,true,1,51966
=======
7290003229109,false,פסטרמה הודו בפפריקה טירת צבי (400 גרם),תנובה מרכז שיתופי לשיווק תוצרת,,א.מ .פסטרמה בפפריקה,גרמים,400.00,100 גרם,false,,29.90,7.4750,true,1,25366
7290003229116,false,פסטרמה הודו בדבש שומן טירת צבי 400 גרם,תנובה מרכז שיתופי לשיווק תוצרת,,א.מ פסטרמה בדבש 400,גרמים,400.00,100 גרם,false,,29.90,7.4750,true,1,25367
7290003229123,false,פסטרמה הודו על גחלים 2% טירת צבי 400 גרם,תנובה מרכז שיתופי לשיווק תוצרת,,א.מ. פסטרמה על גחלים,גרמים,400.00,100 גרם,false,,29.90,7.4750,true,1,25368
7290003229147,false,נקניק סלמי איטלקי מעושן טירת צבי 300 גרם,תנובה מרכז שיתופי לשיווק תוצרת,,סלמי בסגנון איטלקי 3,גרמים,300.00,100 גרם,false,,29.90,9.9667,true,1,25369
7290003229192,false,נקניק כתף בקר מעושן 2% טירת צבי 400 גרם,תנובה מרכז שיתופי לשיווק תוצרת,,א.מ. כתף בקר מעושן 4,גרמים,400.00,100 גרם,false,,35.90,8.9750,true,1,25372
7290003229208,false,פסטרמה ספרדית 2% טירת צבי 360 גרם,תנובה מרכז שיתופי לשיווק תוצרת,,פסטרמה ספרדית 2% 360,גרמים,360.00,100 גרם,false,,29.90,8.3056,true,1,25373
7290003229215,false,פסטרמה איטלקית 3.5% טירת צבי 360 גרם,תנובה מרכז שיתופי לשיווק תוצרת,,פסטרמה איטלקית 360 ג,גרמים,360.00,100 גרם,false,,29.90,8.3056,true,1,25374
7290003268252,false,לחם חיטה מלא לילדים 750 ג' דגנית עין בר,דגנית עין בר תעשיות מזון ואפיה,,לחם חיטה מלא ללא גרע,גרמים,750.00,100 גרם,false,,14.90,1.9867,true,1,4502
7290003268429,false,לחם ירוק מקמח מלא דגנית עין בר (750 גרם),דגנית עין בר תעשיות מזון ואפיה,,לחם מקמח מלא דגנית 7,גרמים,750.00,100 גרם,false,,15.90,2.1200,true,1,4503
7290003287260,false,צ`וריסוס קצביה ארוז 600 גר`באלדי,בלדי בע`מ,,צוריסוס קצביה ארוז 6,גרמים,600.00,100 גרם,false,,29.90,4.9833,true,1,35303
7290003318131,false,ופל קלאסיק אגוז 200 גרם מנעמים,ח.כהן סוכנות מזון ומשקאות,,ופל אגוז מנעמים 200,גרמים,200.00,100 גרם,false,,4.30,2.1500,true,1,36044
7290003318155,false,וופל טעם לימון מנעמים 200 ג',ח.כהן סוכנות מזון ומשקאות בע,,ופל לימון מנעמים 200,גרמים,250.00,100 גרם,false,,4.30,1.7200,true,1,36045
7290003318599,false,וופלים וניל מנעמים 200 גרם,ח.כהן סוכנות מזון ומשקאות בע,,ופל וניל מנעמים 200,גרמים,200.00,100 גרם,false,,4.30,2.1500,true,1,36047
7290003321155,false,יוגורט בר עם פקאן מצופה שוקולד 183 ג' דנונה,שטראוס גרופ בעמ/מצונן,,דנונה קראנצ' ששבי פק,מיליליטרים,183.00,"100 מ""ל",false,,4.90,2.6776,true,1,23279
7290003332007,false,קפה שחור עם הל נח`לה אדום (250 גרם),סובחי נחלה ובניו בעמ,,קפה נחלה סובחי 250ג,גרמים,250.00,100 גרם,false,,14.90,5.9600,true,1,33755
7290003387410,false,שלישיית פדים להסרת איפור בלונס 80 יחידות,ש. שסטוביץ בע`מ,,מגבונים להסרת איפור,יחידה,0.00,יחידה,false,,24.60,0.0000,true,1,21443
7290003401369,false,"קרם לחות לשיער חוחובה נטורל פורמולה 400 מ""ל",החברה הדרומית לשיווק בעמ,,קרם לחות ועיצוב לשיע,מיליליטרים,400.00,"100 מ""ל",false,,21.90,5.4750,true,1,29856
7290003411054,false,שקיות צליה גדול דליקטס רוסטי הנמל 5יח`,הנמל אריזות ושיווק (1984) בעמ,,שקיות רוסטי ענק 5 יח,יחידה,0.00,יחידה,false,,3.90,0.0000,true,1,7827
7290003411566,false,צמרוני עץ הנמל 200 יחידות,הנמל אריזות ושיווק (1984) בעמ,,צמרוני אוזניים עץ 20,יחידה,0.00,יחידה,false,,3.90,0.0000,true,1,7843
7290003411993,false,גפרורים הנמל 10 יחידות,הנמל אריזות ושיווק (1984) בעמ,,גפרורים 10 יחידות,יחידה,0.00,יחידה,false,,2.90,0.0000,true,1,7858
7290003427154,false,"שמן זית כתית מעולה טעם מעודן זיתא 750 מ""ל",תה ויסוצקי (ישראל) בעמ,,שמן זית כתית מעולה ז,מיליליטרים,750.00,"100 מ""ל",false,,40.90,5.4533,true,1,24620
7290003438006,false,ממרח אולביה פסטו וצנובר איטלקי 190ג',תה ויסוצקי (ישראל) בעמ,,אוליביה ממרח פסטו אי,גרמים,180.00,100 גרם,false,,14.90,8.2778,true,1,51962
7290003438020,false,אוליביה ממרח עגבניות מיובשות (190 גרם),תה ויסוצקי (ישראל) בעמ,,אוליביה ממרח עגבניות,גרמים,190.00,100 גרם,false,,14.90,7.8421,true,1,51964
7290003438709,false,ממרח אולביה זיתים שחורים וירוקים 190 ג',תה ויסוצקי (ישראל) בעמ,,אוליביה ממרח זיתים ש,גרמים,190.00,100 גרם,false,,14.90,7.8421,true,1,51966
>>>>>>> d048ac2f4f281c9d788043ab4e81b61b0dbe3743
7290003450602,false,חרדל אמיתי צהוב בקבוק לחיץ 255 גר,היינץ צפון אמריקה מקבוצת ה.י.היינץ,,חרדל אמיתי צהוב בקבו,גרמים,255.00,100 גרם,false,,11.90,4.6667,true,1,5299
7290003521197,false,"ד""ר פישר - סרקל תרסיס מתיר קשרים 340 מ""ל","פישר תעשיות פרמצביטות בע""מ",,סרקל מתיר קשרים 340,מיליליטרים,340.00,"100 מ""ל",false,,26.90,7.9118,true,1,29074
7290003525898,false,שלישיית סלט טונה ויליגר 160 גרם,נטו מילנדה סחר בעמ*,,סלט טונה ויליגר שליש,גרמים,480.00,100 גרם,false,,17.90,3.7292,true,1,17002
7290003525904,false,שלישיית סלט טונה פיקנטי ויליגר 160 גרם,נטו מילנדה סחר בעמ*,,סלט טונה פיקנטי וילי,גרמים,480.00,100 גרם,false,,17.90,3.7292,true,1,17003
7290003527380,false,דובדבן ללא חרצן בצנצנת ויליגר 680 גרם,נטו מילנדה סחר בעמ*,,דובדבן ללא חרצן וילי,גרמים,680.00,100 גרם,false,,9.90,1.4559,true,1,17013
7290003550753,false,נתחי טונה בהירה בשמן פוסידון (108x4 גרם),נטו מילנדה סחר בעמ*,,טונה בהירה בשמן פוסי,גרמים,308.00,100 גרם,false,,21.90,7.1104,true,1,17017
7290003570171,false,מינוט שניצל 300 גרם ארוז בלדי,"בלדי בע""\מ",,מינוט שניצל 300 גר',גרמים,300.00,100 גרם,false,,24.90,8.3000,true,1,35315
7290003578078,false,קוקטייל פירות טרופי בסירופ קל ויליפוד 850 גרם,ג. וילי-פוד אינטרנשיונל בע`מ,,לפתן קוקטיל טרופי פי,גרמים,850.00,100 גרם,false,,10.90,1.2824,true,1,2863
7290003578108,false,חתיכות אננס בסירופ קל וילי פוד (850 גרם),ג.וילי-פוד אינטרנשיונל בעמ,,אננס חתוך ויליפוד 85,גרמים,490.00,100 גרם,false,,9.90,2.0204,true,1,2865
7290003578672,false,ויליפוד שמן חמניות 1 ליטר{בית יוסף},וילי פוד,,שמן חמניות 1 ליטר,ליטרים,1.00,ליטר,false,,12.90,12.9000,true,1,2874
<<<<<<< HEAD
7290003598311,false,מינוט סטייק חלק ריאה 300 ג',"בלדי בע""\מ",,מינוט סטייק 300 גר'/,גרמים,300.00,100 גרם,false,,35.90,11.9667,true,1,35320
7290003643004,false,"סוגת אורז בסמטי קלאסי 1 ק""ג",האי נאם סי או אל.טי.,,"סוגת אורז בסמטי 1 ק""",קילוגרמים,1.00,"ק""ג",false,,14.90,14.9000,true,1,17317
7290003643127,false,עשיריה אבקת אפיה 10*10 גרם סוגת,גוד פוד פרודקטס S.p,,אבקת אפיה 10 יח' במא,גרמים,100.00,100 גרם,false,,2.90,2.9000,true,1,17318
7290003643134,false,סוכר וניל סוגת 100 גרם מארז 10 יחידות,גוד פוד פרודקטס S.p,,סוגת סוכר וניל 10 יח,גרמים,100.00,100 גרם,false,,2.90,2.9000,true,1,17319
7290003643158,false,קורנפולר שקית 200 ג' סוגת,המאפיה של הרמן,,קונפלור 200 גרם,גרמים,200.00,100 גרם,false,,3.90,1.9500,true,1,17321
7290003643165,false,סוגת קורנפלור 500 גרם,"י. כהן בע""מ",,קונפלור 500 גרם,גרמים,500.00,100 גרם,false,,4.90,0.9800,true,1,17322
7290003643172,false,אבקת סוכר סוגת 100 גרם,א.ל ייצור ושיווק תבל,,סוגת אבקת סוכר 100 ג,גרמים,100.00,100 גרם,false,,2.90,2.9000,true,1,17323
7290003643325,false,קוסקוס בינוני סוגת 350 גרם,"אסיף תעשיות מזון בע""\מ",,קוסקוס בינוני סוגת 3,גרמים,350.00,100 גרם,false,,5.90,1.6857,true,1,17325
7290003643387,false,"סוכר לבן בצנצנת 1 ק""ג סוגת",האי נאם סי או אל.טי.,,סוכר לבן בצנצנת סוגת,קילוגרמים,1.00,"ק""ג",false,,8.90,8.9000,true,1,17328
7290003643646,false,"סוכר דמררה קלאסי בצנצנת סוגת 1 ק""ג",האי נאם סי או אל.טי.,,סוכר דמררה בצנצנת חו,קילוגרמים,1.00,"ק""ג",false,,13.90,13.9000,true,1,17329
7290003643684,false,אפונה יבשה סוגת 500 גר',האי נאם סי או אל.טי.,,אפונה יבשה 500 גרם,גרמים,500.00,100 גרם,false,,6.90,1.3800,true,1,17330
7290003643707,false,סוגת גריסים 500 גרם,"סוגת תעשיות בע""מ",,סוגת גריסים 500גר,גרמים,500.00,100 גרם,false,,5.90,1.1800,true,1,17331
7290003643714,false,חומוס גרגירים 500 גרם סוגת,האי נאם סי או אל.טי.,,חומוס 500 גרם,גרמים,500.00,100 גרם,false,,8.90,1.7800,true,1,17332
7290003643738,false,סוגת חיטה 500 גרם,האי נאם סי או אל.טי.,,סוגת חיטה 500 גר,גרמים,500.00,100 גרם,false,,5.90,1.1800,true,1,17333
7290003643745,false,סוגת כוסמת 500 גרם,האי נאם סי או אל.טי.,,כוסמת 500 גרם,גרמים,500.00,100 גרם,false,,7.90,1.5800,true,1,17334
=======
7290003598311,false,דק דק אנטריקוט 300 גר` קפוא פרוס מינוט,"בלדי בע""\מ",,מינוט סטייק 300 גר'/,גרמים,300.00,100 גרם,false,,35.90,11.9667,true,1,35320
7290003643004,false,אורז בסמטי קלאסי סוגת (1 קג),האי נאם סי או אל.טי.,,"סוגת אורז בסמטי 1 ק""",קילוגרמים,1.00,"ק""ג",false,,14.90,14.9000,true,1,17317
7290003643127,false,עשיריה אבקת אפיה 10*10 גרם סוגת,גוד פוד פרודקטס S.p,,אבקת אפיה 10 יח' במא,גרמים,100.00,100 גרם,false,,2.90,2.9000,true,1,17318
7290003643134,false,סוכר וניל סוגת 100 גרם מארז 10 יחידות,גוד פוד פרודקטס S.p,,סוגת סוכר וניל 10 יח,גרמים,100.00,100 גרם,false,,2.90,2.9000,true,1,17319
7290003643158,false,קורנפולר שקית 200 ג' סוגת,סוגת תעשיות בעמ,,קונפלור 200 גרם,גרמים,200.00,100 גרם,false,,3.90,1.9500,true,1,17321
7290003643165,false,סוגת קורנפלור 500 גרם,סוגת תעשיות בעמ,,קונפלור 500 גרם,גרמים,500.00,100 גרם,false,,4.90,0.9800,true,1,17322
7290003643172,false,סוגת אבקת סוכר 100 גרם,א.ל ייצור ושיווק תבל,,סוגת אבקת סוכר 100 ג,גרמים,100.00,100 גרם,false,,2.90,2.9000,true,1,17323
7290003643325,false,קוסקוס בינוני סוגת (350 גרם),"אסיף תעשיות מזון בע""\מ",,קוסקוס בינוני סוגת 3,גרמים,350.00,100 גרם,false,,5.90,1.6857,true,1,17325
7290003643387,false,סוכר לבן בצנצנת פלסטיק 1 ק`ג,האי נאם סי או אל.טי.,,סוכר לבן בצנצנת סוגת,קילוגרמים,1.00,"ק""ג",false,,8.90,8.9000,true,1,17328
7290003643646,false,"סוכר דמררה קלאסי בצנצנת סוגת 1 ק""ג",האי נאם סי או אל.טי.,,סוכר דמררה בצנצנת חו,קילוגרמים,1.00,"ק""ג",false,,13.90,13.9000,true,1,17329
7290003643684,false,אפונה יבשה סוגת 500 גר',האי נאם סי או אל.טי.,,אפונה יבשה 500 גרם,גרמים,500.00,100 גרם,false,,6.90,1.3800,true,1,17330
7290003643707,false,גריסים סוגת (500 גרם),"סוגת תעשיות בע""מ",,סוגת גריסים 500גר,גרמים,500.00,100 גרם,false,,5.90,1.1800,true,1,17331
7290003643714,false,חומוס גרגירים 500 גרם סוגת,האי נאם סי או אל.טי.,,חומוס 500 גרם,גרמים,500.00,100 גרם,false,,8.90,1.7800,true,1,17332
7290003643738,false,חיטה סוגת (500 גרם),האי נאם סי או אל.טי.,,סוגת חיטה 500 גר,גרמים,500.00,100 גרם,false,,5.90,1.1800,true,1,17333
7290003643745,false,כוסמת סוגת (500 גרם),האי נאם סי או אל.טי.,,כוסמת 500 גרם,גרמים,500.00,100 גרם,false,,7.90,1.5800,true,1,17334
>>>>>>> d048ac2f4f281c9d788043ab4e81b61b0dbe3743
7290003643752,false,עדשים ירוקים יבש סוגת 500 גר',האי נאם סי או אל.טי.,,עדשים ירוקות 500 גרם,גרמים,500.00,100 גרם,false,,8.90,1.7800,true,1,17335
7290003643769,false,עדשים אדומים יבש סוגת 500 גר',"סוגת תעשיות בע""\מ",,עדשים אדומות 500 גרם,גרמים,500.00,100 גרם,false,,8.90,1.7800,true,1,17336
7290003643776,false,"פופקורן גרעינים סוגת 500 ג' כשל""פ",האי נאם סי או אל.טי.,,סוגת פופקורן 500 גרם,גרמים,500.00,100 גרם,false,,5.90,1.1800,true,1,17337
7290003643783,false,קוקוס טחון סוגת 100 גרם,האי נאם סי או אל.טי.,,קוקוס 100 גר,גרמים,100.00,100 גרם,false,,3.90,3.9000,true,1,17338
7290003643806,false,שעועית לבנה יבשה סוגת (500 גרם),האי נאם סי או אל.טי.,,שעועית לבנה 500 גרם,גרמים,500.00,100 גרם,false,,11.90,2.3800,true,1,17339
7290003643813,false,שעועית אדומה יבשה סוגת 500 גר',האי נאם סי או אל.טי.,,שעועית אדומה 500 גרם,גרמים,500.00,100 גרם,false,,11.90,2.3800,true,1,17340
7290003681334,false,"קוקוס 400 גרם מיה בד""צ",מיה תעשיות מזון מ.ת.מ. בעמ,,קוקוס 400 גר. בדצ,גרמים,400.00,100 גרם,false,,13.90,3.4750,true,1,14957
7290003681716,false,גריסי פנינה מיה (500 גרם),מיה תעשיות מזון מ.ת.מ. בעמ,,גריסי פנינה 500 גרם,גרמים,500.00,100 גרם,false,,6.40,1.2800,true,1,14974
7290003706167,false,בצל ירוק ארוז,,,בצל ירוק ארוז,יח',1.00,יח',false,,5.90,5.9000,true,1,35544
<<<<<<< HEAD
7290003718610,false,"במיה 400 ג' בית יוסף כשל""פ",בלדי,,במיה מוקפאת בלדי 400,גרמים,400.00,100 גרם,false,,11.90,2.9750,true,1,347958
7290003726141,false,טופו אמיתי כפרי בריא 300 גרם,ג'נרל מילס סאן אדריא,,טופו משק גאיה 300ג,גרמים,300.00,100 גרם,false,,12.50,4.1667,true,1,14627
7290003726615,false,"טופו ויילר 300 גרם ""שטראוס""",הדקלאים אגודת שיתופי,,טופו ויילר 300 גרם.,גרמים,300.00,100 גרם,false,,12.90,4.3000,true,1,23282
7290003804368,false,"תיבוליות בזיליקום קנור 72 גרם בד""צ",יוניליוור ישראל מזון בע\,,תיבולית בזיליקום קנו,גרמים,72.00,100 גרם,false,,10.90,15.1389,true,1,10337
7290003807482,false,קנור רוטב טריאקי מופחת נתרן 370 גרם,יוניליוור ישראל מזון בע\,,"רוטב טריאקי 300 מ""ל",מיליליטרים,300.00,"100 מ""ל",false,,13.90,4.6333,true,1,10377
7290003864478,false,סרדינים בשמן צמחי פתח קל ויליפוד 110 גרם,גולדן פרייז קאנינג א,,סרדין בשמן צמחי וילי,גרמים,110.00,100 גרם,false,,5.30,4.8182,true,1,2880
7290003864485,false,סרדינים ברוטב עגבנ יות ויליפוד 110ג' פתח קל,גולדן פרייז קאנינג א,,סרדינים ברוטב עגבניו,גרמים,120.00,100 גרם,false,,5.30,4.4167,true,1,2881
7290003882922,false,עלי גפן ממולאים באורז וילי פוד 360 גרם,הזה פלאקספו פוד קו ב,,עלי גפן ממולאים באור,גרמים,360.00,100 גרם,false,,9.90,2.7500,true,1,2885
7290003903771,false,קפה נמס קפוצ'ינו רגיל 200 ג',שטראס קפה בי.וי,,עלית קפוצינו פחית 20,גרמים,200.00,100 גרם,false,,25.90,12.9500,true,1,22223
7290003903788,false,עלית קפוצינו טעם וניל פחית 200ג,שטראס קפה בי.וי,,עלית קפוצינו טעם וני,גרמים,200.00,100 גרם,false,,25.90,12.9500,true,1,22224
=======
7290003718610,false,"במיה 400 ג' בית יוסף כשל""פ",בלדי בעמ,,במיה מוקפאת בלדי 400,גרמים,400.00,100 גרם,false,,11.90,2.9750,true,1,347958
7290003726141,false,טופו אמיתי כפרי בריא 300 גרם,מחלבות גד שיווק 1992 בעמ,,טופו משק גאיה 300ג,גרמים,300.00,100 גרם,false,,12.50,4.1667,true,1,14627
7290003726615,false,"טופו ויילר 300 גרם ""שטראוס""",שטראוס גרופ בעמ/מצונן,,טופו ויילר 300 גרם.,גרמים,300.00,100 גרם,false,,12.90,4.3000,true,1,23282
7290003804368,false,תיבוליות בזיליקום קנור (8 יח`- 72 גרם),יוניליוור ישראל שיווק בע`מ,,תיבולית בזיליקום קנו,גרמים,72.00,100 גרם,false,,10.90,15.1389,true,1,10337
7290003807482,false,קנור רוטב טריאקי מופחת נתרן 370 גרם,יוניליוור ישראל שיווק בע`מ,,"רוטב טריאקי 300 מ""ל",מיליליטרים,300.00,"100 מ""ל",false,,13.90,4.6333,true,1,10377
7290003864478,false,סרדינים בשמן צמחי פתח קל ויליפוד 110 גרם,ג.וילי-פוד אינטרנשיונל בעמ,,סרדין בשמן צמחי וילי,גרמים,110.00,100 גרם,false,,5.30,4.8182,true,1,2880
7290003864485,false,סרדינים ברוטב עגבנ יות ויליפוד 110ג' פתח קל,ג. וילי-פוד אינטרנשיונל בע`מ,,סרדינים ברוטב עגבניו,גרמים,120.00,100 גרם,false,,5.30,4.4167,true,1,2881
7290003882922,false,עלי גפן ממולאים באורז וילי פוד 360 גרם,ג. וילי-פוד אינטרנשיונל בע`מ,,עלי גפן ממולאים באור,גרמים,360.00,100 גרם,false,,9.90,2.7500,true,1,2885
7290003903771,false,קפה נמס קפוצ'ינו רגיל 200 ג',שטראוס גרופ בע`מ,,עלית קפוצינו פחית 20,גרמים,200.00,100 גרם,false,,25.90,12.9500,true,1,22223
7290003903788,false,אבקת קפוצ`ינו וניל עלית (200 גרם),שטראוס גרופ בע`מ,,עלית קפוצינו טעם וני,גרמים,200.00,100 גרם,false,,25.90,12.9500,true,1,22224
>>>>>>> d048ac2f4f281c9d788043ab4e81b61b0dbe3743
7290003976294,false,ת.די תיקן+אקדח 630 מל טאצ',"סאסאטק אגש""\ח בע""\מ",,די תיקן פורטה טאצ' 6,מיליליטרים,630.00,"100 מ""ל",false,,13.90,2.2063,true,1,69122
7290003976614,false,אקונומיקה סמיכה פרחים 4 ליטר עם פקק ביטח,סאסאטק אגשח בעמ,,ג'ל אקונומיקה סמיכה,ליטרים,4.00,ליטר,false,,13.90,3.4750,true,1,90607
7290003989096,false,סלט חצילים פיקנטי אחלה 500 גרם,שטראוס גרופ בעמ/מצונן,,אחלה חציל פיקנטי 500,גרמים,500.00,100 גרם,false,,16.90,3.3800,true,1,23285
7290003989539,false,רביולי עם גבינה שטראוס (400 גרם),שטראוס גרופ בעמ/מצונן,,EAT GOOD רביולי גבינ,גרמים,400.00,100 גרם,false,,21.90,5.4750,true,1,23286
7290003989553,false,פסטה טורטליני גבינה ופטריות 400 גרם,שטראוס גרופ בעמ/מצונן,,שטראוס טורטליני פטרי,גרמים,400.00,100 גרם,false,,21.90,5.4750,true,1,23287
7290003996742,false,עלי סלק תרדי מהדרין כפרי טרי חסלט 200 גרם,יעל ירק עלים לשיווק בעמ,,עלי תרד 200 גרם חסלט,גרמים,200.00,100 גרם,false,,12.90,6.4500,true,1,11251
7290004011345,false,"ספריי קצפת מתוקה מוכנה פרווה ריץ' 238 מ""ל",האי נאם סי או אל.טי.,,קצפת ריץ במיכל פרווה,מיליליטרים,238.00,"100 מ""ל",false,,9.90,4.1597,true,1,17024
7290004026776,false,לחם מחמצת אגוזים וצימוקים,פילסברי,,לחם מחמצת אגוזים וצי,גרמים,530.00,100 גרם,false,,18.90,3.5660,true,1,54052
7290004030216,false,משקה בטעם חמוציות 1 ליטר פריניב,הנסיך- מפעל לייצור ט,,פריניב נקטר חמוציות,ליטרים,1.00,ליטר,false,,14.70,14.7000,true,1,49398
7290004030445,false,מיץ תפוזים סחוט רכיבים טבעיים 1 ליטר פרי ניב,הנסיך- מפעל לייצור ט,,פרי ניב תפוז סחוט 1ל,ליטרים,1.00,ליטר,false,,13.90,13.9000,true,1,49409
7290004030544,false,משקה בטעם לימונדה לואיזה ולימון 1 ליטר פריניב,תנובה - פריניב,,לימונדה לואיזה ולמון,יחידה,0.00,יחידה,false,,13.90,0.0000,true,1,49412
7290004063016,false,מלח שולחן מעולה סלית (1 קג)פיקוח,האי נאם סי או אל.טי.,,"מלח שולחן סלית 1 ק""ג",קילוגרמים,1.00,"ק""ג",false,,1.90,1.9000,true,1,15454
7290004063115,false,"מלח מטבח עבה להמלחת בשר ובישול 1 ק""ג 1ק""ג",האי נאם סי או אל.טי.,,מלח מטבח גס לבישול כ,קילוגרמים,1.00,"ק""ג",false,,1.90,1.9000,true,1,15455
7290004064174,false,"תבלין מלח ההימלאיה דק בצנצנת 1 ק""ג","חברת מלח הארץ אילת בע""\מ",,מלח ההימלאיה דק בצנצ,קילוגרמים,1.00,"ק""ג",false,,19.90,19.9000,true,1,15457
7290004064280,false,מלח מופחת נתרן בצנצנת מלח הארץ 600 גרם,חברת מלח הארץ אילת ב,,מלח מופחת נתרן בצנצנ,גרמים,600.00,100 גרם,false,,17.90,2.9833,true,1,24641
7290004064358,false,"מלח דק זורם בקלות מלח הארץ קרטון 1 ק""ג","חברת מלח הארץ אילת בע""\מ",,מלח דק זורם בקלות בק,קילוגרמים,1.00,"ק""ג",false,,5.20,5.2000,true,1,15461
7290004064365,false,"מלח דק מועשר ביוד מלח הארץ קרטון 1 ק""ג","חברת מלח הארץ אילת בע""\מ",,מלח דק מועשר ביוד קר,קילוגרמים,1.00,"ק""ג",false,,6.30,6.3000,true,1,15462
<<<<<<< HEAD
7290004068011,false,יוגורט כבשים בדלי 5% שומן 600 ג' גד,"מיוצר ע""י קוד יצרן M",,גד יוגורט כבשים 5% 6,מיליליטרים,600.00,"100 מ""ל",false,,18.90,3.1500,true,1,14628
7290004091248,false,וזלין פטרוליום אינטנסיב קאר ג'ל 106 גר',"יוניליוור ארה""ב, ג'ו",,וזלין אינטנסיב קאר פ,מיליליטרים,106.00,"100 מ""ל",false,,16.90,15.9434,true,1,10379
=======
7290004068011,false,יוגורט כבשים בדלי 5% שומן 600 ג' גד,מחלבות גד שיווק 1992 בעמ,,גד יוגורט כבשים 5% 6,מיליליטרים,600.00,"100 מ""ל",false,,18.90,3.1500,true,1,14628
7290004091248,false,וזלין פטרוליום אינטנסיב קאר ג'ל 106 גר',יוניליוור ישראל שיווק בע`מ,,וזלין אינטנסיב קאר פ,מיליליטרים,106.00,"100 מ""ל",false,,16.90,15.9434,true,1,10379
>>>>>>> d048ac2f4f281c9d788043ab4e81b61b0dbe3743
7290004102326,false,תרד בקופסא יחידה,Unknown,,תרד לא שטוף,גרמים,180.00,100 גרם,false,,11.90,6.6111,true,1,35546
7290004119225,false,יופלה יוגורט בטעם אננס %3 150 גרם,תנובה מרכז שיתופי לש,,יופלה אננס 3% 150מל,גרמים,150.00,100 גרם,false,,5.50,3.6667,true,1,25854
7290004119973,false,קרלו מעדן שוקו רביעיה גביע 1.5% 125 גרם,תנובה מרכז שיתופי לש,,קרלו שוקולדה 3% 125מ,מיליליטרים,125.00,"100 מ""ל",false,,3.50,2.8000,true,1,25857
7290004120061,false,מעדן חלב בטעם שוקו וניל שוניל 2% קרלו 125 גרם,תנובה מרכז שיתופי לש,,קרלו שוניל 3% 125מל,מיליליטרים,125.00,"100 מ""ל",false,,3.50,2.8000,true,1,25858
7290004120108,false,יופלה דיאט יוגורט דובדבן %0 גביע 150גרם,תנובה מרכז שיתופי לש,,יופלה דיאט דובדבן 0%,מיליליטרים,150.00,"100 מ""ל",false,,5.50,3.6667,true,1,25859
<<<<<<< HEAD
7290004120573,false,פיראוס 16% גבינה בולגרית 250 גרם,תנובה מרכז שיתופי לש,,פיראוס בולגרית בקר 1,גרמים,250.00,100 גרם,false,,22.90,9.1600,true,1,25867
7290004120634,false,גבינה פיראוס בולגרית 5% 250 גרם,תנובה מרכז שיתופי לש,,פיראוס בולגרית 5% 25,גרמים,250.00,100 גרם,false,,22.90,9.1600,true,1,25868
7290004121488,false,יופלה דיאט אפרסק 0% גביע 150 גרם,תנובה מרכז שיתופי לש,,יופלה דיאט אפרסק 0%,מיליליטרים,150.00,"100 מ""ל",false,,5.50,3.6667,true,1,25871
7290004121525,false,יופלה מאגדת פרי 4 תות 4 אפרסק 3% 8 יח'*150 ג',תנובה מרכז שיתופי לש,,יופלה אפרסק תות 3% 8,קילוגרמים,1.20,"ק""ג",false,,30.90,25.7500,true,1,25872
7290004121754,false,יוגורט ביו עוגת גבינה ותות 3% יופלה 150 גרם,תנובה חלב,,יופלה קרם גבינה ותות,גרמים,150.00,100 גרם,false,,5.50,3.6667,true,1,25873
7290004121839,false,גבינת פטה כבשים 20% פיראוס 250 גרם,תנובה מרכז שיתופי לש,,פיראוס פטה כבשים 20%,גרמים,250.00,100 גרם,false,,29.50,11.8000,true,1,25874
7290004121853,false,גבינה בולגרית פיראוס 5% קוביות 200 גרם,תנובה מרכז שיתופי לש,,פיראוס בולגרית בקובי,גרמים,200.00,100 גרם,false,,21.90,10.9500,true,1,25875
7290004122119,false,פתיתי פרמזן לפסטה 23% השף הלבן 100 גרם,פ.פ.ח. שאביט,,שף לבן פתיתי פרמזן ל,גרמים,100.00,100 גרם,false,,12.90,12.9000,true,1,25877
7290004122195,false,גוש חלב גבינה צהובה פרוסה 28% תנובה 200 גרם,תנובה חלב,,גוש חלב פרוס 28% 200,גרמים,200.00,100 גרם,false,,13.90,6.9500,true,1,25878
=======
7290004120573,false,גבינה בולגרית (25016% גרם)פיראוס תנובה,תנובה מרכז שיתופי לש,,פיראוס בולגרית בקר 1,גרמים,250.00,100 גרם,false,,22.90,9.1600,true,1,25867
7290004120634,false,גבינה בולגרית (2505% גרם)פיראוס תנובה,תנובה מרכז שיתופי לש,,פיראוס בולגרית 5% 25,גרמים,250.00,100 גרם,false,,22.90,9.1600,true,1,25868
7290004121488,false,יוגורט ביו דיאט 0% אפרסק יופלה (150 גרם),תנובה מרכז שיתופי לש,,יופלה דיאט אפרסק 0%,מיליליטרים,150.00,"100 מ""ל",false,,5.50,3.6667,true,1,25871
7290004121525,false,יופלה מאגדת פרי 4 תות 4 אפרסק 3% 8 יח'*150 ג',תנובה מרכז שיתופי לש,,יופלה אפרסק תות 3% 8,קילוגרמים,1.20,"ק""ג",false,,30.90,25.7500,true,1,25872
7290004121754,false,יוגורט ביו עוגת גבינה ותות 3% יופלה 150 גרם,תנובה בעמ ***,,יופלה קרם גבינה ותות,גרמים,150.00,100 גרם,false,,5.50,3.6667,true,1,25873
7290004121839,false,גבינת פטה כבשים (25020% גרם)פיראוס בול,תנובה מרכז שיתופי לש,,פיראוס פטה כבשים 20%,גרמים,250.00,100 גרם,false,,29.50,11.8000,true,1,25874
7290004121853,false,גבינה בולגרית קוביות (2005% גרם)פיראוס,תנובה מרכז שיתופי לש,,פיראוס בולגרית בקובי,גרמים,200.00,100 גרם,false,,21.90,10.9500,true,1,25875
7290004122119,false,פתיתי פרמזן לפסטה 23% השף הלבן 100 גרם,"תנובה בע""מ ***",,שף לבן פתיתי פרמזן ל,גרמים,100.00,100 גרם,false,,12.90,12.9000,true,1,25877
7290004122195,false,גוש חלב גבינה צהובה פרוסה 28% תנובה 200 גרם,"תנובה בע""מ ***",,גוש חלב פרוס 28% 200,גרמים,200.00,100 גרם,false,,13.90,6.9500,true,1,25878
>>>>>>> d048ac2f4f281c9d788043ab4e81b61b0dbe3743
7290004122270,false,עמק קלאסית פרוסות גבינה חצי קשה 28% 200 גרם,תנובה מרכז שיתופי לש,,עמק פרוס סגירה חוזרת,גרמים,200.00,100 גרם,false,,16.40,8.2000,true,1,25879
7290004122348,false,גבינה צהובה מופחתת שומן 9% עמק (200 גרם),תנובה מרכז שיתופי לש,,עמק לייט 9% 200ג,גרמים,200.00,100 גרם,false,,16.90,8.4500,true,1,25880
7290004124205,false,יופלה דיאט יוגורט תות %0 גביע 150 גרם,תנובה מרכז שיתופי לש,,יופלה דיאט תות 0% 15,מיליליטרים,150.00,"100 מ""ל",false,,5.50,3.6667,true,1,25891
7290004124847,false,"קצפת צמחית השף הלבן 500 מ""ל תנובה",תנובה מרכז שיתופי לש,,שף לבן קצפת צמחית 24,מיליליטרים,500.00,"100 מ""ל",false,,17.50,3.5000,true,1,25893
7290004125400,false,"אשל שלי מהדרין 200 מ""ל 4.5% ""תנובה""- מוצר בפיקוח",פארייפאבה אגרואינדוס,,"אשל 4.5% בד""צ מהדרין",מיליליטרים,200.00,"100 מ""ל",false,,1.69,0.8450,true,1,25896
7290004125417,false,"גיל 3% שלי 200 מ""ל ""תנובה"" -מוצר בפיקוח",תנובה מרכז שיתופי לש,,"גיל 3% בד""צ מהדרין",מיליליטרים,200.00,"100 מ""ל",false,,1.51,0.7550,true,1,25897
7290004125455,false,"שמנת חמוצה 200 מ""ל 15% ""תנובה"" -מוצר בפיקוח",תנובה מרכז שיתופי לש,,תנובה שמנת אורגינל מ,מיליליטרים,200.00,"100 מ""ל",false,,2.40,1.2000,true,1,25898
7290004125462,false,"שמנת חמוצה 15% תנובה 500 מ""ל מהדרין",תנובה מרכז שיתופי לש,,תנובה שמנת חמוצה 15%,מיליליטרים,500.00,"100 מ""ל",false,,6.00,1.2000,true,1,25899
7290004125509,false,"שמנת חמוצה 15% מועשרת תנובה 100 מ""ל",תנובה מרכז שיתופי לש,,תנובה שמנת חצי מנה 1,מיליליטרים,100.00,"100 מ""ל",false,,1.80,1.8000,true,1,25900
7290004125578,false,משקה סויה מעושר בסידן תנובה 1ל',תנובה מרכז שיתופי לש,,משקה סויה תנובה מועש,ליטרים,1.00,ליטר,false,,11.90,11.9000,true,1,25901
7290004125585,false,משקה סויה בטעם וניל תנובה 1 ליטר,תנובה מרכז שיתופי לש,,סויה תנובה משקה סויה,ליטרים,1.00,ליטר,false,,11.90,11.9000,true,1,25902
7290004125721,false,"השף הלבן שמנת עמידה לבישול 15% תנובה 250 מ""ל",תנובה מרכז שיתופי לש,,שף לבן שמנת לבישול 1,מיליליטרים,250.00,"100 מ""ל",false,,8.90,3.5600,true,1,25904
7290004125738,false,שמנת מתוקה להקצפה32% 250מל עמיד השף הלבן,תנובה מרכז שיתופי לש,,שף לבן שמנת להקצפה 3,מיליליטרים,250.00,"100 מ""ל",false,,6.90,2.7600,true,1,25905
<<<<<<< HEAD
7290004125776,false,גבינה צהובה עמק 28% 400 גרם בקופסא,תנובה חלב,,עמק גבינה קשה פרוסה,גרמים,400.00,100 גרם,false,,29.90,7.4750,true,1,25906
=======
7290004125776,false,גבינה צהובה קלאסית 28% עמק (400 גרם),"תנובה בע""מ ***",,עמק גבינה קשה פרוסה,גרמים,400.00,100 גרם,false,,29.90,7.4750,true,1,25906
>>>>>>> d048ac2f4f281c9d788043ab4e81b61b0dbe3743
7290004126674,false,טל העמק פרוסות גבינה חצי קשה לייט %9 200 גרם בקופסא,תנובה מרכז שיתופי לש,,עמק טל לייט 9% 200ג,גרמים,200.00,100 גרם,false,,18.90,9.4500,true,1,25909
7290004127077,false,קוטג תנובה 3% גביע 250 גרם מהדרין,מיוצר עי קונדיטוריית,,קוטג תנובה 3% 250 ג,גרמים,250.00,100 גרם,false,,5.70,2.2800,true,1,25912
7290004127329,false,קוטג תנובה גביע 250 גרם %5 ו.מהדרין,מיוצר עי קונדיטוריית,,קוטג' 5% תנובה מהדרי,גרמים,250.00,100 גרם,false,,5.70,2.2800,true,1,25913
7290004127336,false,קוטג תנובה גביע 250 גרם %9 ו.מהדרין,מיוצר עי קונדיטוריית,,קוטג' תנובה מהדרין 9,גרמים,250.00,100 גרם,false,,5.70,2.2800,true,1,25914
7290004127800,false,"גבינה לבנה 500 גרם 5% ""תנובה"" -מוצר בפיקוח",מיוצר עי קונדיטוריית,,תנובה גבינה לבנה 5%,גרמים,500.00,100 גרם,false,,9.96,1.9920,true,1,25916
7290004127862,false,"גבינה לבנה 750 גרם 5% ""תנובה"" - מוצר בפיקוח",תנובה מרכז שיתופי לש,,תנובה גבינה למריחה מ,גרמים,750.00,100 גרם,false,,14.90,1.9867,true,1,25918
<<<<<<< HEAD
7290004128340,false,קרם גבינת שמנת %5 בטעם טבעי 200 ג' תנובה,תנובה חלב,,תנובה קרם גבינת שמנת,גרמים,200.00,100 גרם,false,,12.90,6.4500,true,1,25922
=======
7290004128340,false,קרם גבינת שמנת %5 בטעם טבעי 200 ג' תנובה,"תנובה בע""מ ***",,תנובה קרם גבינת שמנת,גרמים,200.00,100 גרם,false,,12.90,6.4500,true,1,25922
>>>>>>> d048ac2f4f281c9d788043ab4e81b61b0dbe3743
7290004128364,false,קרם גבינת שמנת 5% עם זיתים ירוקים 200 ג' תנובה,"תנובה, מחלבת תל יוסף",,תנובה קרם גבינת שמנת,גרמים,200.00,100 גרם,false,,12.90,6.4500,true,1,25923
7290004129101,false,גבינת שמנת 25% בטעם טבעי 225 ג' נפוליאון,תנובה מרכז שיתופי לש,,נפוליאון בטעם טבעי 2,גרמים,225.00,100 גרם,false,,14.90,6.6222,true,1,25925
7290004129156,false,גבינת שמנת25% עם שום שמיר 225 ג' נפוליאון,תנובה מרכז שיתופי לש,,נפוליאון שום שמיר 25,גרמים,225.00,100 גרם,false,,14.90,6.6222,true,1,25927
7290004129767,false,"3% 'יופלה לבן מארז שמינייה 1.2 ק""ג",תנובה מרכז שיתופי לש,,יופלה לבן מאגדת 3% 8,קילוגרמים,1.20,"ק""ג",false,,17.90,14.9167,true,1,25931
7290004130794,false,משקה סויה במתיקות מופחתת תנובה (1 ליטר),תנובה מרכז שיתופי לש,,סויה תנובה טבעי במתי,ליטרים,1.00,ליטר,false,,11.90,11.9000,true,1,25934
7290004130916,false,יוגורט יופלה פירות יער בשמנת 3% 150 גרם,תנובה מרכז שיתופי לש,,יופלה בטעם פירות יער,גרמים,150.00,100 גרם,false,,5.50,3.6667,true,1,25935
7290004131074,false,"חלב 1 ליטר 3% קרטון ""תנובה""- מוצר בפיקוח",תנובה מרכז שיתופי לש,,חלב תנובה הומוגני מה,ליטרים,1.00,ליטר,false,,6.23,6.2300,true,1,25937
<<<<<<< HEAD
7290004131456,false,יוגורט ביו 1.5% שומן 200 ג' יופלה,תנובה מרכז שיתופי לש,,יופלה לבן 1.5% 200מל,מיליליטרים,200.00,"100 מ""ל",false,,4.50,2.2500,true,1,25942
7290004131814,false,גבינה צפתית 5% מעודנת 200 ג' פיראוס,פארייפאבה אגרואינדוס,,פיראוס צפתית מעודנת,גרמים,200.00,100 גרם,false,,14.90,7.4500,true,1,25945
=======
7290004131456,false,יוגורט ביו 1.5% שומן 200 ג' יופלה,מיוצר עי קונדיטוריית,,יופלה לבן 1.5% 200מל,מיליליטרים,200.00,"100 מ""ל",false,,4.50,2.2500,true,1,25942
7290004131814,false,גבינת צפתית מעודנת (2005% גרם)פיראוס ת,פארייפאבה אגרואינדוס,,פיראוס צפתית מעודנת,גרמים,200.00,100 גרם,false,,14.90,7.4500,true,1,25945
>>>>>>> d048ac2f4f281c9d788043ab4e81b61b0dbe3743
7290004132552,false,משקה סויה בטעם טבעי לייט תנובה 1 ליטר,תנובה מרכז שיתופי לש,,סויה תנובה לייט בטעם,ליטרים,1.00,ליטר,false,,11.90,11.9000,true,1,25952
7290004132712,false,חטיף אצבעות גבינת מוצרלה 20% 172 ג' עמק,תנובה מרכז שיתופי לש,,עמק אצבעות מוצרלה 20,גרמים,174.00,100 גרם,false,,16.90,9.7126,true,1,25954
7290004133511,false,יופלה מאגדת לבן 1.5% מעודן 8 יח' * 150 ג',מיוצר עי קונדיטוריית,,יופלה לבן מעודן 1.5%,ליטרים,1.20,ליטר,false,,21.90,18.2500,true,1,25959
7290004136598,false,מארז הפסקת אוכל עם קורנפלקס ומשקה חלב עמיד בטעם וניל,פארייפאבה אגרואינדוס,,מארז הפסקת אוכל חלב,גרמים,150.00,100 גרם,false,,9.90,6.6000,true,1,25978
7290004136857,false,מעדן ג`לי בטעם פטל תנובה (125 גרם),תנובה מרכז שיתופי לש,,ג'לי תנובה פטל 125מל,מיליליטרים,125.00,"100 מ""ל",false,,2.90,2.3200,true,1,25979
7290004136864,false,מעדן ג'לי בטעם אננס עם חתיכות תנובה 125 גרם,תנובה בעמ ***,,ג'לי תנובה אננס עם ח,מיליליטרים,125.00,"100 מ""ל",false,,2.90,2.3200,true,1,25980
7290004137021,false,"שמנת עמידה לבישול מופחת שומן 10% השף הלבן 250 מ""ל",תנובה מרכז שיתופי לש,,שף לבן שמנת לבישול 1,מיליליטרים,250.00,"100 מ""ל",false,,8.90,3.5600,true,1,25983
7290004137311,false,גבינה צהובה מופחתת שומן 9% עמק (400 גרם),"תנובה בע""מ ***",,עמק לייט משפחתית 9%,גרמים,400.00,100 גרם,false,,30.90,7.7250,true,1,25984
7290004267230,false,פריכיות אורז מלא מצופות שוקולד 80גר`.,ח.כהן סוכנות מזון ומשקאות בע,,פריכיות אורז מצופה ש,גרמים,80.00,100 גרם,false,,5.90,7.3750,true,1,13142
7290004324858,false,קבב כבש טיבון ויל 500 גרם,"טיבון ויל אחזקות בע""",,קבב כבש 500 גרם,גרמים,500.00,100 גרם,false,,19.90,3.9800,true,1,17079
<<<<<<< HEAD
7290004492274,false,בייגלה טבעות מלוחות בייגל בייגל 400 גרם,יוניליוור מזון,,טבעות מלוחות 400 גר,גרמים,400.00,100 גרם,false,,11.90,2.9750,true,1,10381
7290004494131,false,יין דלתון קברנה סוביניון גליל,"יקב דלתון בע""\מ",,"קברנה דלתון 750 מ""ל",מיליליטרים,750.00,"100 מ""ל",false,,60.90,8.1200,true,1,7316
7290004494377,false,"יין אדום שיראז סדרת דלתון 750 מ""ל","יקב דלתון בע""\מ",,"שיראז 2003 750 מ""ל",מיליליטרים,750.00,"100 מ""ל",false,,60.90,8.1200,true,1,7322
=======
7290004492274,false,בייגלה טבעות מלוחות בייגל בייגל 400 גרם,יוניליוור ישראל שיווק בע`מ,,טבעות מלוחות 400 גר,גרמים,400.00,100 גרם,false,,11.90,2.9750,true,1,10381
7290004494131,false,יין דלתון קברנה סוביניון גליל,הכרם - משקאות חריפים בעמ,,"קברנה דלתון 750 מ""ל",מיליליטרים,750.00,"100 מ""ל",false,,60.90,8.1200,true,1,7316
7290004494377,false,יין אדום יבש שיראז יקב דלתון (750 מל),הכרם - משקאות חריפים בעמ,,"שיראז 2003 750 מ""ל",מיליליטרים,750.00,"100 מ""ל",false,,60.90,8.1200,true,1,7322
>>>>>>> d048ac2f4f281c9d788043ab4e81b61b0dbe3743
7290004537241,false,אפונת גינה שדה בשקית,בסט מייסטר,,אפונת גינה קפואה 800,גרמים,800.00,100 גרם,false,,11.90,1.4875,true,1,51516
7290004537258,false,אפונה וגזר 800 גר שד,,,אפונה וגזר 800 גר שד,גרמים,800.00,100 גרם,false,,12.90,1.6125,true,1,51517
7290004537272,false,פול קפוא 800גר שדה ב,,,פול קפוא 800גר שדה ב,גרמים,800.00,100 גרם,false,,17.90,2.2375,true,1,51519
7290004575144,false,שלגון הקוסם בודד ריאו,ריאו,,שלגון הקוסם בודד ריא,יחידה,0.00,יחידה,false,,6.90,0.0000,true,1,20549
7290004575540,false,קרחון בודד בטעמים ריאו 90 גרם,ריאו נתניה ביחר לגלידה וממתקי,,קרחונים ריאו בודדים,גרמים,82.00,100 גרם,false,,1.50,1.8293,true,1,20564
7290004575557,false,שלגון סנקור שוקולד ו,,,שלגון סנקור שוקולד ו,גרמים,100.00,100 גרם,false,,6.90,6.9000,true,1,20565
7290004575564,false,שלגון גלי גל פרווה בודד ריאו,ריאו נתניה ביחר לגלידה,,שלגון גליגל פרווה 7,גרמים,75.00,100 גרם,false,,1.90,2.5333,true,1,20566
7290004575670,false,שלגון אייס קוקיס ריאו,ריאו,,אייס קוקי 84 גרם ריא,גרמים,84.00,100 גרם,false,,6.90,8.2143,true,1,20572
<<<<<<< HEAD
7290004584306,false,רבעיית גמדים בטעם תות בננה * 100 ג' שטראוס,מיוצר עי קונדיטוריית,,גמדים תות בננה 4*100,מיליליטרים,400.00,"100 מ""ל",false,,11.90,2.9750,true,1,23288
7290004584351,false,גבינה לבנה סימפוניה עם תוספות 200 ג' חמישית 200,"שטראוס בריאות בע""\מ",,סימפוניה חמישית 200ג,גרמים,200.00,100 גרם,false,,12.50,6.2500,true,1,23289
7290004584528,false,יוגורט דנונה ביו לבן 1.7% שומן 200 גרם,מיוצר עי קונדיטוריית,,דנונה יוגורט טבעי 1.,מיליליטרים,200.00,"100 מ""ל",false,,3.70,1.8500,true,1,23290
7290004585907,false,דני ועדן וניל 1.5% 125ג' שטראוס,מיוצר עי קונדיטוריית,,דני וניל מהדרין 130מ,מיליליטרים,130.00,"100 מ""ל",false,,2.90,2.2308,true,1,23291
7290004731472,false,"שלישיית אלסבון צבעוני כיף 500 מ""ל",טרופיקל דגיל תעשיות,,שלישיית אלסבון צבעונ,ליטרים,1.50,ליטר,false,,20.90,13.9333,true,1,29874
7290004731519,false,"מקסימה מרכך ומבשם כביסה למייבש סנסיטיב סנו 750 מ""ל",סנו מקסימה,,סנו מקסימה למייבש סנ,מיליליטרים,750.00,"100 מ""ל",false,,18.90,2.5200,true,1,29875
7290004731564,false,"מקסימה מבשם ומרכך למייבש הכביסה בלו בלוסום 750 מ""ל",סנו מקסימה,,סנו מקסימה מבשם ומרכ,מיליליטרים,750.00,"100 מ""ל",false,,18.90,2.5200,true,1,29877
=======
7290004584306,false,רבעיית גמדים בטעם תות בננה * 100 ג' שטראוס,שטראוס גרופ בעמ/מצונן,,גמדים תות בננה 4*100,מיליליטרים,400.00,"100 מ""ל",false,,11.90,2.9750,true,1,23288
7290004584351,false,גבינה לבנה סימפוניה עם תוספות 200 ג' חמישית 200,שטראוס גרופ בעמ/מצונן,,סימפוניה חמישית 200ג,גרמים,200.00,100 גרם,false,,12.50,6.2500,true,1,23289
7290004584528,false,יוגורט דנונה ביו לבן 1.7% שומן 200 גרם,שטראוס גרופ בעמ/מצונן,,דנונה יוגורט טבעי 1.,מיליליטרים,200.00,"100 מ""ל",false,,3.70,1.8500,true,1,23290
7290004585907,false,דני ועדן וניל 1.5% 125ג' שטראוס,שטראוס גרופ בעמ/מצונן,,דני וניל מהדרין 130מ,מיליליטרים,130.00,"100 מ""ל",false,,2.90,2.2308,true,1,23291
7290004731472,false,"שלישיית אלסבון צבעוני כיף 500 מ""ל",החברה הדרומית לשיווק בעמ,,שלישיית אלסבון צבעונ,ליטרים,1.50,ליטר,false,,20.90,13.9333,true,1,29874
7290004731519,false,"מקסימה מרכך ומבשם כביסה למייבש סנסיטיב סנו 750 מ""ל",החברה הדרומית לשיווק בעמ,,סנו מקסימה למייבש סנ,מיליליטרים,750.00,"100 מ""ל",false,,18.90,2.5200,true,1,29875
7290004731564,false,"מקסימה מבשם ומרכך למייבש הכביסה בלו בלוסום 750 מ""ל",החברה הדרומית לשיווק בעמ,,סנו מקסימה מבשם ומרכ,מיליליטרים,750.00,"100 מ""ל",false,,18.90,2.5200,true,1,29877
>>>>>>> d048ac2f4f281c9d788043ab4e81b61b0dbe3743
7290005008184,false,"סבון נוזלי בניחוח חלב שקדים פלמוליב 500 מ""ל",הנסיך- מפעל לייצור ט,,סבון נוזלי חלב שקדים,מיליליטרים,500.00,"100 מ""ל",false,,17.90,3.5800,true,1,21472
7290005008481,false,ספיד סטיק - דאודורנט ג'ל לגבר ספורט 85 גרם,הנסיך- מפעל לייצור ט,,דאודורנט ג'ל ספורט ס,גרמים,85.00,100 גרם,false,,29.90,35.1765,true,1,21474
7290005040993,false,ערמונים קלויים וקלופים 100 גר',אראל תוצרת חקלאית בע,,ערמונים קלויים קלופי,יח',1.00,יח',false,,4.50,4.5000,true,1,50913
7290005041198,false,מעדני הטלה קבב ביתי,לאטי עזרא גלם ודגים,,"קבב ביתי 1ק""ג",קילוגרמים,1.00,"ק""ג",false,,54.90,54.9000,true,1,17084
7290005084355,false,סנסודין משחת שיניים דואל קר פלואוריד 75,גלקסו סמית קליין,,משחת שיניים דואל קר,מיליליטרים,75.00,"100 מ""ל",false,,22.70,30.2667,true,1,3815
<<<<<<< HEAD
7290005174513,false,סלט חצילים במיונז אחלה 500 גרם,מיוצר עי קונדיטוריית,,חציל במיונז אחלה 500,גרמים,500.00,100 גרם,false,,16.90,3.3800,true,1,23292
7290005174551,false,סלט חומוס עם צנוברים 125 ג' אחלה,מיוצר עי קונדיטוריית,,אחלה חומוס 125ג,גרמים,125.00,100 גרם,false,,5.90,4.7200,true,1,23293
7290005174575,false,טחינה אחלה יום יום משובחת 125ג',מיוצר עי קונדיטוריית,,אחלה טחינה 125גר,גרמים,125.00,100 גרם,false,,5.90,4.7200,true,1,23295
=======
7290005174513,false,חציל על האש במיונז אחלה 400 גרם+225גר,שטראוס גרופ בעמ/מצונן,,חציל במיונז אחלה 500,גרמים,500.00,100 גרם,false,,16.90,3.3800,true,1,23292
7290005174551,false,סלט חומוס עם צנוברים 125 ג' אחלה,שטראוס גרופ בעמ/מצונן,,אחלה חומוס 125ג,גרמים,125.00,100 גרם,false,,5.90,4.7200,true,1,23293
7290005174575,false,טחינה אחלה יום יום משובחת 125ג',שטראוס גרופ בעמ/מצונן,,אחלה טחינה 125גר,גרמים,125.00,100 גרם,false,,5.90,4.7200,true,1,23295
>>>>>>> d048ac2f4f281c9d788043ab4e81b61b0dbe3743
7290005197758,false,"עוגיות חיוכים שוקולד עלית 150 גרם בד""צ",אפיפית נצרת תעשיות ב,,חיוכים של שוקו,גרמים,150.00,100 גרם,false,,5.50,3.6667,true,1,22231
7290005199578,false,קפה נמס מיובש בהקפאה נטול קפאין 200ג,שטראוס קפה בי.וי.,,עלית אוריגינס קפה נט,גרמים,200.00,100 גרם,false,,36.90,18.4500,true,1,22236
7290005199738,false,גומי מאסט בטעם פפרמינט ריח פה נעים פליפטופ 28 ג' עלית,שטראוס גרופ בע`מ,,מאסט ריח פה נעים 28ג,גרמים,28.00,100 גרם,false,,4.50,16.0714,true,1,22238
7290005200786,false,תפוצ'יפס בטעם שמנת בצל עלית 50 גרם,"שטראוס פריטו ליי בע""\מ )",,תפוציפס שמנת ובצל 50,גרמים,50.00,100 גרם,false,,4.30,8.6000,true,1,24152
7290005201455,false,קפה נמס מגורען ארומה קלאסי עלית 200 גרם,שטראוס גרופ בע`מ,,ארומה קפה נמס 200 גר,גרמים,200.00,100 גרם,false,,24.90,12.4500,true,1,22240
7290005201882,false,קפה טורקי בצלופן עלית 200 גרם,הנסיך- מפעל לייצור ט,,טורקי עלית 200 גר',גרמים,200.00,100 גרם,false,,15.90,7.9500,true,1,22242
<<<<<<< HEAD
7290005287206,false,רביעיית טונה בשמן סטארקיסט 160 גרם,"סטארקיסט פודור בע""מ",,טונה בשמן סטארקיסט ר,גרמים,640.00,100 גרם,false,,25.90,4.0469,true,1,26647
7290005287251,false,רביעיית טונה במים סטארקיסט 160 גרם,"סטארקיסט פודור בע""מ",,טונה במים סטארקיסט ר,גרמים,640.00,100 גרם,false,,25.90,4.0469,true,1,26650
7290005296260,false,"אסטוניש ספריי רסס ונגב לניקוי כללי יעקבי 750 מ""ל",יעקובי אסטוניש,,אסטוניש רסס ונגב 750,מיליליטרים,750.00,"100 מ""ל",false,,14.90,1.9867,true,1,11298
7290005384851,false,וילי פוד מיץ לימון בדץ 200מל,קריות זול,,מיץ לימון משומר וילי,מיליליטרים,200.00,"100 מ""ל",false,,4.90,2.4500,true,1,2900
=======
7290005287206,false,רביעיית טונה בשמן סטארקיסט 160 גרם,דיפלומט מפיצים (1968) בעמ**,,טונה בשמן סטארקיסט ר,גרמים,640.00,100 גרם,false,,25.90,4.0469,true,1,26647
7290005287251,false,רביעיית טונה במים סטארקיסט 160 גרם,דיפלומט מפיצים (1968) בעמ**,,טונה במים סטארקיסט ר,גרמים,640.00,100 גרם,false,,25.90,4.0469,true,1,26650
7290005296260,false,"אסטוניש ספריי רסס ונגב לניקוי כללי יעקבי 750 מ""ל",יעקב יעקבי ובניו בע`מ,,אסטוניש רסס ונגב 750,מיליליטרים,750.00,"100 מ""ל",false,,14.90,1.9867,true,1,11298
7290005384851,false,וילי פוד מיץ לימון בדץ 200מל,ג.וילי-פוד אינטרנשיונל בעמ,,מיץ לימון משומר וילי,מיליליטרים,200.00,"100 מ""ל",false,,4.90,2.4500,true,1,2900
>>>>>>> d048ac2f4f281c9d788043ab4e81b61b0dbe3743
7290005403972,false,תחתיות ארטישוק 400 גרם שדה בשקית,,,תחתיות ארטישוק 400 ג,גרמים,400.00,100 גרם,false,,17.90,4.4750,true,1,51529
7290005403989,false,במיה קפואה 600 גרם ש,,,במיה קפואה 600 גרם ש,גרמים,600.00,100 גרם,false,,11.90,1.9833,true,1,51530
7290005423567,false,מטליות ניקוי רב שימושיות בגליל סנו סושי 40 יחידות,החברה הדרומית לשיווק בעמ,,סנו סושי מטלית לכל 3,יחידה,0.00,יחידה,false,,22.00,0.0000,true,1,29903
7290005423734,false,מרכך כביסה מרוכז אולטרא פרש סנו מקסימה 4 ליטר,החברה הדרומית לשיווק בעמ,,מרכך כביסה סנו מקסימ,ליטרים,4.00,ליטר,false,,23.90,5.9750,true,1,29905
7290005423833,false,פוליוויקס נוזל לניקוי פרקט סנו (2 ליטר).,החברה הדרומית לשיווק בעמ,,סנו פוליויקס פרקט 2,ליטרים,2.00,ליטר,false,,22.90,11.4500,true,1,29906
7290005425073,false,"מטהר אויר בניחוח יסמין ועץ סאנדלווד סנו 300 מ""ל",החברה הדרומית לשיווק בעמ,,דואופרש יסמין עץ סאנ,מיליליטרים,300.00,"100 מ""ל",false,,12.90,4.3000,true,1,29931
7290005426193,false,ספוגית הפלא סנו סושי 6 יחידות,החברה הדרומית לשיווק בעמ,,סנו סושי ספוג הפלא,יחידה,0.00,יחידה,false,,12.90,0.0000,true,1,29952
7290005426230,false,מטלית הפלא לרצפה מיקרופייבר סנו 1יח',החברה הדרומית לשיווק בעמ,,סנו סושי מטלית הפלא,יחידה,0.00,יחידה,false,,13.90,0.0000,true,1,29953
7290005429279,false,סנו מקסימה קומפקט קומפקט אפקט גאוול 6 ק,החברה הדרומית לשיווק בעמ,,אבקת כביסה סנו מקסימ,קילוגרמים,6.00,"ק""ג",false,,51.90,8.6500,true,1,30009
7290005430602,false,"סנו אוקסיג'ן ספריי להסרת כתמים עם חמצן פעיל 750 מ""ל",החברה הדרומית לשיווק בעמ,,סנו אוקסיג'ן מסיר כת,מיליליטרים,750.00,"100 מ""ל",false,,20.90,2.7867,true,1,30014
7290005431883,false,מלבי חלבי עדן קינוחים 165 גרם,עדן קינוחים Eden,,עדן מלבי חלבי 165 גר,גרמים,165.00,100 גרם,false,,7.50,4.5455,true,1,26002
7290005559587,false,מאפה נקניקיה בבצק מעדנות 800ג',תנובה מרכז שיתופי לשיווק תוצרת,,מאפה נקניקיות 800גר,גרמים,800.00,100 גרם,false,,32.90,4.1125,true,1,35608
7290005559709,false,בורקס פיצה מעדנות 700 גרם,מיוצר עי קונדיטוריית,,בורקס פיצה 700 גרם,גרמים,700.00,100 גרם,false,,27.90,3.9857,true,1,35610
7290005559907,false,פיצה משפחתית 100% גבינה מעדנות 500 גרם,תנובה מרכז שיתופי לשיווק תוצרת,,פיצה משפחתית גבינה 5,גרמים,500.00,100 גרם,false,,23.90,4.7800,true,1,35613
7290005559914,false,פיצה משפחתית עם 100% גבינה בתוספת זיתים מעדנות 550 גרם,תנובה מרכז שיתופי לשיווק תוצרת,,פיצה משפחתית זיתים 5,גרמים,550.00,100 גרם,false,,23.90,4.3455,true,1,35614
7290005559990,false,בצק עלים פילאס תורכי 600 גרם קפוא,תנובה מרכז שיתופי לשיווק תוצרת,,בצק פילאס תורכי מעדנ,גרמים,600.00,100 גרם,false,,28.90,4.8167,true,1,35618
7290005576010,false,חסה מהדרין גלאט עלים,רביבים עלי דשא בעמ,,חסה מהדרין,יח',1.00,יח',false,,7.90,7.9000,true,1,44775
7290005576027,false,פטרוזיליה גלאט עלים - יח,רביבים עלי דשא בעמ,,פטרוזיליה גלאט עלים,יח',1.00,יח',false,,6.90,6.9000,true,1,44776
7290005576034,false,כוסברה גלאט עלים - יח',רביבים עלי דשא בעמ,,כוסברה מהדרין,יח',1.00,יח',false,,6.90,6.9000,true,1,44777
7290005576041,false,שמיר גלאט יחידה,רביבים עלי דשא בעמ,,שמיר מהדרין,יח',1.00,יח',false,,6.90,6.9000,true,1,44778
7290005576058,false,נענע גלאט עלים,,,נענע מהדרין,יח',1.00,יח',false,,6.90,6.9000,true,1,44779
7290005576065,false,סלרי גלאט יחידה,רביבים עלי דשא בעמ,,סלרי מהדרין,יח',1.00,יח',false,,7.90,7.9000,true,1,44780
7290005576089,false,בצל ירוק גלאט יחידה,רביבים עלי דשא בעמ,,בצל ירוק מהדרין,יח',1.00,יח',false,,7.90,7.9000,true,1,44782
7290005576096,false,כרוב לבן שלם גלאט עלים,רביבים עלי דשא בעמ,,כרוב לבן גלאט,קילוגרמים,1.00,"ק""ג",true,,15.90,15.9000,true,1,44766
7290005591761,false,דבש טהור מפרחי בר בלחיץ 400 ג' יד מרדכי,מכוורת יד מרדכי שטרא,,דבש טהור מפרחי בר בל,גרמים,400.00,100 גרם,false,,26.90,6.7250,true,1,22243
7290005610127,false,תפוח אדמה גורמה דוד משה,אראל תוצרת חקלאית בע,,תפו`א גורמה לבן דוד,קילוגרמים,1.00,"ק""ג",true,,7.90,7.9000,true,1,50905
7290005610196,false,תפוח אדמה לבןבייבי גורמה,אראל תוצרת חקלאית בע,,תפו`א בייבי גורמה,קילוגרמים,1.00,"ק""ג",true,,6.90,6.9000,true,1,50906
7290005719189,false,לחם מחמצת שיפון אגוז,,,לחם מחמצת שיפון אגו,יח',1.00,יח',false,,18.90,18.9000,true,1,2698
7290005838002,false,מעדן גבינה ויוגורט בטעם וניל 88 ג' דניאלה,שטראוס גרופ בעמ/מצונן,,דניאלה מעדן גבינה 15,מיליליטרים,150.00,"100 מ""ל",false,,4.30,2.8667,true,1,23297
7290005838613,false,קרם גבינה 3% בטעם וניל סקי (125 גרם),שטראוס גרופ בעמ/מצונן,,גבינה וניל 3% סקי 12,גרמים,125.00,100 גרם,false,,3.90,3.1200,true,1,23298
7290005839078,false,שמיניית יוגורט לבן 3% ביו דנונה 150 גרם,שטראוס גרופ בעמ/מצונן,,דנונה ביו מארז חסכון,קילוגרמים,1.20,"ק""ג",false,,17.90,14.9167,true,1,23300
7290005839108,false,גבינה לבנה סימפוניה עם תוספות 200 ג'+זיתים 5%,שטראוס גרופ בעמ/מצונן,,סימפוניה עם זיתים 5%,גרמים,200.00,100 גרם,false,,12.50,6.2500,true,1,23301
7290005839313,false,מילקי Top עם שוקולדה מגולגלת 140 גרם,שטראוס גרופ בעמ/מצונן,,מילקי טופ מגולגלת 14,מיליליטרים,142.00,"100 מ""ל",false,,5.00,3.5211,true,1,23302
7290005896460,false,"בירה איגל לאגר חזקה 7.8% 500 מ""ל פחית",טמפו משקאות בעמ,,איגל בירה חזקה 7.8%,מיליליטרים,500.00,"100 מ""ל",false,,6.90,1.3800,true,1,9395
7290005896620,false,סאן בנדטו - מוגז עדין - 1.5 ליטר,אקווה מינרלה סאן בנד,,סאן בנדטו מים מינרלי,ליטרים,1.50,ליטר,false,,5.50,3.6667,true,1,9396
7290005901348,false,קבב כבש מעדני המנגל,,,קבב כבש מעדני המנגל,גרמים,400.00,100 גרם,false,,14.90,3.7250,true,1,51531
7290005901362,false,קבב רומני מעדני המנג,,,קבב רומני מעדני המנג,גרמים,400.00,100 גרם,false,,14.90,3.7250,true,1,51533
7290005901379,false,המבורגר מעדני המנגל,,,המבורגר מעדני המנגל,גרמים,400.00,100 גרם,false,,14.90,3.7250,true,1,51534
7290005901409,false,"""טעים טעים"" נקניקיות",,,"""טעים טעים"" נקניקיות",גרמים,500.00,100 גרם,false,,29.90,5.9800,true,1,51537
7290005901454,false,סטייק מינוט טעים טעי,,,סטייק מינוט טעים טעי,גרמים,300.00,100 גרם,false,,37.90,12.6333,true,1,51542
7290005966088,false,"יין הר חרמון אדום עברית 750 מ""ל",היכל היין שקד גולן בעמ,,יקבי רמת הגולן הר חר,מיליליטרים,750.00,"100 מ""ל",false,,39.90,5.3200,true,1,41602
7290005992735,false,לאבנה טבעית 5% 250 גר' - רבנות,מחלבות גד שיווק 1992 בעמ,,גד לאבנה 5% 250ג,גרמים,250.00,100 גרם,false,,12.90,5.1600,true,1,14641
7290006065018,false,אמנון 7-9 80% דג קפו,,,אמנון 7-9 80% דג קפו,קילוגרמים,1.00,"ק""ג",true,,34.90,34.9000,true,1,306407
7290006065179,false,סטייק טונה קפוא בואק,,,סטייק טונה קפוא בואק,קילוגרמים,1.00,"ק""ג",true,,39.90,39.9000,true,1,126415
7290006229427,false,סן בנדטו - מים מינרלים - מארז שישיית 500 מל,טמפו משקאות בע`מ,,"סאן בנדטו 6*500 מ""ל",ליטרים,3.00,ליטר,false,,13.90,4.6333,true,1,9410
7290006229588,false,בירה איגל לאגר פרימיום חזקה 6.3% 500 מל,"טמפו משקאות בע""מ",,איגל בירה פחית זהב 5,מיליליטרים,500.00,"100 מ""ל",false,,6.90,1.3800,true,1,9411
7290006241689,false,"משקה לימונים מרוכז קפוא פריגת 280 מ""ל",*החברה המרכזית להפצת משקאותבעמ,,קפוא לימון 340 גרם,גרמים,340.00,100 גרם,false,,13.90,4.0882,true,1,6392
7290006251107,false,תה צ'אי מסאלה ויסוצקי 25 יחידות,תה ויסוצקי (ישראל) בעמ,,תה מסאלה ויסוצקי 2/2,גרמים,50.00,100 גרם,false,,21.90,43.8000,true,1,24644
7290006265548,false,נבטים סינים מרינה ארוז 360ג',"מרינה פטריות הגליל בע""מ",,נבטים סינים,יח',1.00,יח',false,,6.90,6.9000,true,1,41513
7290006265890,false,נבטי גרעיני חמניה יח,"מרינה פטריות הגליל בע""מ",,נבטי חמניה יח,יח',1.00,יח',false,,8.90,8.9000,true,1,35547
7290006271648,false,מיני בורקס תפוחי אדמה מעדנות 800 גרם,תנובה מרכז שיתופי לשיווק תוצרת,,מיני בורקס תפו`א 800,גרמים,800.00,100 גרם,false,,22.90,2.8625,true,1,35624
7290006271655,false,מיני בורקס במילוי גבינה מעדנות (800 גרם),תנובה מרכז שיתופי לשיווק תוצרת,,מיני בורקס גבינה 800,גרמים,800.00,100 גרם,false,,26.90,3.3625,true,1,35625
7290006272072,false,חטיפי פיצה גבינה מעדנות 650 גרם,תנובה קפואים,,חטיפי פיצה מעדנות 65,גרמים,650.00,100 גרם,false,,33.90,5.2154,true,1,35628
7290006306296,false,רביולי במילוי גבינה לילדים 400 ג' פסטה נונה,דורום תעשיות מזון ופסטה,,פסטה נונה פסטה נונה,גרמים,400.00,100 גרם,false,,26.90,6.7250,true,1,14648
7290006306302,false,רביולי במילוי גבינות פרמזן ריקוטה 400 ג' פסטה נונה,דורום תעשיות מזון ופסטה,,פסטה נונה ריביולי פר,גרמים,400.00,100 גרם,false,,26.90,6.7250,true,1,14649
7290006342072,false,גרעין לבן ששון הקולה 200 גרם,דין שיווק וקליה 2021 בעמ,,גרעין לבן 200 גרם,גרמים,200.00,100 גרם,false,,9.90,4.9500,true,1,4623
7290006374738,false,קונפיטורה תות יד מרדכי בטעם תות,אף.סי תבליני בגליל ב,,קונפיטורת תות יד מור,גרמים,340.00,100 גרם,false,,13.90,4.0882,true,1,22250
7290006376312,false,"שוקו כיף 1 ק""ג}פרמיום{",נאמן לאורך זמן בעמ,,שוקוכייף 1קג,קילוגרמים,1.00,"ק""ג",false,,14.00,14.0000,true,1,15879
7290006449955,false,מלפפון בייבי מארז,"מרינה פטריות הגליל בע""מ",,מלפפון בייבי,יח',1.00,יח',false,,9.90,9.9000,true,1,174500
<<<<<<< HEAD
7290006492432,false,גבינת מוצרלה בייבי 18% גד 150 גרם,מחלבות גד בעמ,,גד בייבי מוצרלה 150ג,גרמים,170.00,100 גרם,false,,15.90,9.3529,true,1,14657
7290006492616,false,גבינה בולגרית מעודנת פרוסות 5% גד 250 גרם,DSH עבור מחלבות גד ב,,גד בולגרית פרוסות 5%,גרמים,250.00,100 גרם,false,,27.90,11.1600,true,1,14658
7290006492630,false,גבינת פרומעז עיזים 22% גד 180 גרם,מחלבות גד בעמ,,גד גבינת גליל גד עזי,גרמים,180.00,100 גרם,false,,22.90,12.7222,true,1,14659
7290006492852,false,גבינת עיזים למריחה 5% שומן 250 ג' גד,קריות זול,,גד גבינת עיזים למריח,גרמים,250.00,100 גרם,false,,17.90,7.1600,true,1,14662
7290006511157,false,"פטריות שלמות ויליפוד 400 גרם בד""ץ",אוקצ'מפס אס.איי אויי,,פטריות שלמות שמפיניו,גרמים,230.00,100 גרם,false,,7.90,3.4348,true,1,2904
7290006511751,false,פטריות שמפניון חתוך ויליפוד 290X3 ג' בד”צ,לוטס,,פטריות חתוכות ויליפו,גרמים,870.00,100 גרם,false,,13.00,1.4943,true,1,2907
=======
7290006492432,false,גבינה מוצרלה בייבי 18% גד (150 גרם),מחלבות גד שיווק 1992 בעמ,,גד בייבי מוצרלה 150ג,גרמים,170.00,100 גרם,false,,15.90,9.3529,true,1,14657
7290006492616,false,גבינה בולגרית מעודנת פרוסות 5% גד 250 גרם,מחלבות גד שיווק 1992 בעמ,,גד בולגרית פרוסות 5%,גרמים,250.00,100 גרם,false,,27.90,11.1600,true,1,14658
7290006492630,false,גבינת פרומעז עיזים 22% גד 180 גרם,מחלבות גד שיווק 1992 בעמ,,גד גבינת גליל גד עזי,גרמים,180.00,100 גרם,false,,22.90,12.7222,true,1,14659
7290006492852,false,גבינת עיזים למריחה 5% שומן 250 ג' גד,מחלבות גד שיווק 1992 בעמ,,גד גבינת עיזים למריח,גרמים,250.00,100 גרם,false,,17.90,7.1600,true,1,14662
7290006511157,false,פטריות שמפניון שלמות וילי פוד (400 גרם),ג.וילי-פוד אינטרנשיונל בעמ,,פטריות שלמות שמפיניו,גרמים,230.00,100 גרם,false,,7.90,3.4348,true,1,2904
7290006511751,false,פטריות שמפניון חתוך ויליפוד 290X3 ג' בד”צ,ג.וילי-פוד אינטרנשיונל בעמ,,פטריות חתוכות ויליפו,גרמים,870.00,100 גרם,false,,13.00,1.4943,true,1,2907
>>>>>>> d048ac2f4f281c9d788043ab4e81b61b0dbe3743
7290006532008,false,צ'יפס טעים טעים 1.8,,,צ'יפס טעים טעים 1.8,קילוגרמים,1.80,"ק""ג",false,,24.90,13.8333,true,1,51544
7290006567048,false,פתיתי קוסקוס ישראלי אסם (350 גרם),קבוצת אוסם סחר שותפות מוגבלת,,קוסקוס ישראלי בשקית,גרמים,350.00,100 גרם,false,,8.90,2.5429,true,1,18701
7290006618078,false,"מרסס לניקוי יסודי מטבח אסטוניש 750 מ""ל","יעקב יעקבי ובניו בע""מ",,אסטוניש מרסס ניקוי צ,מיליליטרים,750.00,"100 מ""ל",false,,14.90,1.9867,true,1,11307
7290006652027,false,במבה חטיף בוטנים אסם 20*15 גרם,קבוצת אוסם סחר שותפות מוגבלת,,במבה יום הולדת מאח.1,גרמים,300.00,100 גרם,false,,24.90,8.3000,true,1,18706
7290006653765,false,פרפקטו פסטה פטוצ'יני אסם 500 גרם,קבוצת אוסם סחר שותפות מוגבלת,,פטוציני פרפקטו 500 ג,גרמים,500.00,100 גרם,false,,7.90,1.5800,true,1,18708
7290006653819,false,קוסקוס אמיתי דק בשקית 350 גרם,קבוצת אוסם סחר שותפות מוגבלת,,קוסקוס דק בשקית אסם,גרמים,350.00,100 גרם,false,,8.90,2.5429,true,1,18709
7290006664037,false,גמדים סופר ארוחת בוקר דגנים 4*100גר,שטראוס גרופ בעמ/מצונן,,גמדים ארוחת בוקר 4*1,מיליליטרים,400.00,"100 מ""ל",false,,11.90,2.9750,true,1,23305
7290006664051,false,"אקטימל לבן 1.51 ק""ג מארז 14 יחידות",שטראוס גרופ בעמ/מצונן,,אקטימל טבעי 14*100מל,ליטרים,1.40,ליטר,false,,33.90,24.2143,true,1,23306
7290006664402,false,גבינה לבנה סקי 5% שומן 750 גרם,שטראוס גרופ בעמ/מצונן,,שטראוס גבינה 5% 750ג,גרמים,750.00,100 גרם,false,,14.25,1.9000,true,1,23310
7290006664532,false,יוגורט עם תות 3% שומן 150 ג' דנונה,שטראוס גרופ בעמ/מצונן,,דנונה תות 3% 150מל,גרמים,150.00,100 גרם,false,,3.90,2.6000,true,1,23311
7290006664655,false,דנונה Actimel יוגורט טבעי 8*100 מ``ל,שטראוס גרופ בעמ/מצונן,,אקטימל טבעי 8*100מל,מיליליטרים,800.00,"100 מ""ל",false,,22.90,2.8625,true,1,23313
7290006664693,false,יוגורט עם אפרסק 3% שומן 150 ג' דנונה,שטראוס גרופ בעמ/מצונן,,דנונה אפרסק 3% 150מל,גרמים,150.00,100 גרם,false,,3.90,2.6000,true,1,23314
7290006664990,false,"יוגורט דנונה ביו לבן 1.7% שומן 8*150 מ""ל",שטראוס גרופ בעמ/מצונן,,דנונה ביו מארז חיסכו,קילוגרמים,1.20,"ק""ג",false,,17.90,14.9167,true,1,23316
7290006704016,false,בזיליקום ארוז יחידה,,,בזיליקום ארוז יחידה,יח',1.00,יח',false,,5.90,5.9000,true,1,35548
7290006704511,false,"תפו""א גמדי אדום למיקרו מרינה 750ג'","מרינה פטריות הגליל בע""מ",,תפוא ננסי מיקרוגל,גרמים,750.00,100 גרם,false,,6.90,0.9200,true,1,35551
7290006712981,false,"משחת שיניים קולגייט ספיידרמן מגיל שש 50 מ""ל",הנסיך- מפעל לייצור ט,,מ.שיניים סמיילס לגיל,מיליליטרים,50.00,"100 מ""ל",false,,12.90,25.8000,true,1,21480
7290006739131,false,בצק גולמי פילו זוגלובק 500ג',זוגלובק שיווק בעמ,,זוגלובק בצק פילו 500,גרמים,500.00,100 גרם,false,,17.90,3.5800,true,1,38958
7290006739445,false,שניצל תירס קלאסי 750 ג' זוגלובק,נקניק נהריה כשר זוגל,,שניצל תירס קלאסי 750,גרמים,750.00,100 גרם,false,,24.90,3.3200,true,1,38968
7290006739544,false,כתף בקר 3% שומן זוגלובק (300 גרם),נקניק זוגלובק נהריה,,כתף בקר זוגלובק 300,גרמים,300.00,100 גרם,false,,35.90,11.9667,true,1,38969
7290006741363,false,בורקס תפוחי אדמה זוגלובק 800 גרם,מאפיית אריאל וגידרון,,"זוגלובק בורקס תפו""א",גרמים,800.00,100 גרם,false,,16.90,2.1125,true,1,38981
7290006742278,false,פסטרמה הודו צלויה על לבנים 330 ג' זוגלובק,נקניק נהריה כשר זוגל,,פסטרממיה צלויה על לב,גרמים,330.00,100 גרם,false,,33.90,10.2727,true,1,38990
7290006742292,false,פסטרמה הודו בדבש 330 ג' זוגלובק,נקניק נהריה כשר זוגל,,פסטרממיה בדבש 1% 330,גרמים,330.00,100 גרם,false,,33.90,10.2727,true,1,38991
7290006742315,false,פסטרמה חזה הודו ברביקיו 2% זוגלובק 330 גרם,נקניק נהריה כשר זוגל,,חזה הודו ברביקיו 1%,גרמים,330.00,100 גרם,false,,33.90,10.2727,true,1,38993
7290006764065,false,בירה שחורה נשר מאלט חוזר (500 מל),"טמפו משקאות בע""\ם.",,נשר מאלט בקבוק פקדון,מיליליטרים,500.00,"100 מ""ל",false,,5.50,1.1000,true,1,9413
7290006764072,false,"בירה גולדסטאר בקבוק 500 מ""ל חוזר","טמפו משקאות בע""\מ",,גולדסטאר בירה בק חוז,מיליליטרים,500.00,"100 מ""ל",false,,7.90,1.5800,true,1,9414
7290006764096,false,"בירה איגל 500 מ""ל 3.8% בקבוק חוזר","טמפו משקאות בע""\מ",,בירה איגל בקבוק 500,מיליליטרים,500.00,"100 מ""ל",false,,5.90,1.1800,true,1,9415
7290006764157,false,"בירה גולדסטאר Unfiltered, בירה לא מסוננת, בקבוק חוזר 500 מ""ל",פארייפאבה אגרואינדוס,,בירה גולדסטאר לא מסו,מיליליטרים,500.00,"100 מ""ל",false,,8.90,1.7800,true,1,104815
7290006764164,false,שישיית בירה גולדסטאר לא מסונן בקבוק חוזר,טמפו משקאות בע''מ,,גולדסטאר לא מסונן שי,ליטרים,3.00,ליטר,false,,54.10,18.0333,true,1,9418
7290006764478,false,"בירה נשר מאלט בקבוק זכוכית 330 מ""ל",החברה המרכזית להפצת משקאות בעמ,,נשר מאלט 330מל,מיליליטרים,330.00,"100 מ""ל",false,,5.30,1.6061,true,1,9421
7290006784865,false,סנט מוריץ לניקוי משטחי מטבחים מרוכז ועוצמתי 1ל',קומפלקס כימיקלים בעמ,,ניקוי משטחי מטבח סנט,ליטרים,1.00,ליטר,false,,11.90,11.9000,true,1,20127
7290006788030,false,"שמפו לתלתלים מלאי חיים 700 מ""ל קרליין",החברה הדרומית לשיווק בעמ,,שמפו לתלתלים מלאי חי,מיליליטרים,700.00,"100 מ""ל",false,,13.90,1.9857,true,1,30028
7290006788078,false,"מרכך לשיער קרליין קלאסי לשיער יבש 700מ""ל",מיוצר עי : אמיליה קוסמטי,,מרכך לשיער יבש קרליי,מיליליטרים,700.00,"100 מ""ל",false,,13.90,1.9857,true,1,30031
<<<<<<< HEAD
7290006788405,false,"קרליין - נושם אקטיב דאודורנט רול און לאישה ברודו 75 מ""ל",מיוצר עי : אמיליה קוסמטי,,דאו רול און נושם אקט,מיליליטרים,75.00,"100 מ""ל",false,,12.90,17.2000,true,1,30044
7290006788504,false,"קרליין - נושם אוקסיג'ן דאודורנט ספריי לאישה סגול 200 מ""ל",מיוצר עי : אמיליה קוסמטי,,דאו' תרסיס נושם סגול,מיליליטרים,200.00,"100 מ""ל",false,,12.90,6.4500,true,1,30054
7290006789655,false,"קרם לחות לסירוק קל לשיער מתולתל ומקורזל 10 קרליין 400 מ""ל",מיוצר עי : אמיליה קוסמטי,,קרם לחות לבניית תלתל,מיליליטרים,400.00,"100 מ""ל",false,,17.90,4.4750,true,1,30064
7290006804907,false,פיתה אסלית אפויה קפואה (חמישיות),פילסברי,,פיתות אסלי 5 יח',גרמים,500.00,100 גרם,false,,8.90,1.7800,true,1,54099
7290006908377,false,שקד טבעי 150 גר פיצוחי חממה,בוטנת,,שקד טבעי 150 גר` פיצ,גרמים,150.00,100 גרם,false,,17.90,11.9333,true,1,1475
7290006908384,false,פיסטוק חלבי 150 גר' פיצוחי חמהה,בוטנת,,פיסטוק חלבי 150 גרם,גרמים,150.00,100 גרם,false,,18.90,12.6000,true,1,1476
7290006908391,false,קאשיו קלוי 150 גר' פיצוחי חממה,בוטנת,,קשיו קלוי 150 גר` פי,גרמים,150.00,100 גרם,false,,17.90,11.9333,true,1,1477
7290006983152,false,קרוטונים מתובלים למרק אסם 400 גרם,עינת תעשיות מזון אגו,,קרוטונים מתובלים אסם,גרמים,400.00,100 גרם,false,,20.90,5.2250,true,1,18712
7290006983176,false,אוסם - לחמית שיפון 250 גרם,"אסם השקעות בע""\מ",,לחמית שיפון אסם 250,גרמים,230.00,100 גרם,false,,9.90,4.3043,true,1,18713
7290006983206,false,תערובת להכנת פלפל קלי קלות 180 גרם,"אסם השקעות בע""\מ",,תערובת פלאפל בקלי קל,גרמים,180.00,100 גרם,false,,11.90,6.6111,true,1,18714
7290006983763,false,עוגת הבית שוקולד 400 גרם אסם.,מיוצר עי קונדיטוריית,,עוגת הבית שוקולד 400,גרמים,400.00,100 גרם,false,,14.90,3.7250,true,1,18717
7290006983770,false,עוגת הבית שיש אסם 400 גרם,מיוצר עי קונדיטוריית,,עוגת הבית שיש 400גר,גרמים,400.00,100 גרם,false,,14.90,3.7250,true,1,18718
7290006992161,false,מטרנה - דייסת קורנפלור פרוביוטי 200 גרם,מולינו ניקולי s.p.a,,מטרנה דייסת קורנפלור,גרמים,200.00,100 גרם,false,,15.90,7.9500,true,1,18722
7290006992208,false,מטרנה דייסת 8 דגנים מעורבים 200 גרם,מטרנה תעשיות ש.מ,,מטרנה דייסת דגנים פר,גרמים,200.00,100 גרם,false,,15.90,7.9500,true,1,18725
7290008000796,false,"סופרמן משחת שיניים לילדים בטעם פירות כצט 50 מ""ל",כצט נוביס,,משחת שיניים סופרמן ל,מיליליטרים,50.00,"100 מ""ל",false,,11.90,23.8000,true,1,3828
7290008101318,false,קריספ פירורי לחם זהוב 300 גרם מיימונס,א.ל ייצור ושיווק תבל,,פירורי לחם זהוב קלאס,גרמים,300.00,100 גרם,false,,6.90,2.3000,true,1,300893
7290008101356,false,קריספ פאנקו זהב 300 גרם מיימונס,א.ל ייצור ושיווק תבל,,פירורי לחם פנקו זהוב,גרמים,300.00,100 גרם,false,,9.90,3.3000,true,1,306340
7290008102469,false,קריספ פירורי לחם זהוב 800 גרם מיימונס,מימונס,,פירורי לחם זהוב קלאס,גרמים,800.00,100 גרם,false,,12.90,1.6125,true,1,300936
7290008116541,false,"שטיפת פה ליסטרין קול מינט 500 מ""ל",ג'\ונסון אנד ג'\ונסון,,מי פה ליסטרין בטעם מ,מיליליטרים,500.00,"100 מ""ל",false,,23.90,4.7800,true,1,29467
7290008175173,false,חמאה מפינלנד ללא מלח 200 גרם ויליפוד,ואליו אל.טי.די,,חמאה מפינלנד 200גר',גרמים,200.00,100 גרם,false,,10.90,5.4500,true,1,2908
7290008175814,false,וילי פוד פטריות שמפיניון חתוך בדץ 400ג,"אוקצ'מפ אס, איי אויי",,פטריות חתוכות שמפיני,גרמים,400.00,100 גרם,false,,5.90,1.4750,true,1,2913
=======
7290006788405,false,"קרליין - נושם אקטיב דאודורנט רול און לאישה ברודו 75 מ""ל",החברה הדרומית לשיווק בעמ,,דאו רול און נושם אקט,מיליליטרים,75.00,"100 מ""ל",false,,12.90,17.2000,true,1,30044
7290006788504,false,"קרליין - נושם אוקסיג'ן דאודורנט ספריי לאישה סגול 200 מ""ל",החברה הדרומית לשיווק בעמ,,דאו' תרסיס נושם סגול,מיליליטרים,200.00,"100 מ""ל",false,,12.90,6.4500,true,1,30054
7290006789655,false,"קרם לחות לסירוק קל לשיער מתולתל ומקורזל 10 קרליין 400 מ""ל",החברה הדרומית לשיווק בעמ,,קרם לחות לבניית תלתל,מיליליטרים,400.00,"100 מ""ל",false,,17.90,4.4750,true,1,30064
7290006804907,false,פיתה אסלית אפויה קפואה (חמישיות),קונסיגנציה ג`נרל מילס ישראל בע,,פיתות אסלי 5 יח',גרמים,500.00,100 גרם,false,,8.90,1.7800,true,1,54099
7290006908377,false,שקד טבעי 150 גר פיצוחי חממה,בוטנת בעמ,,שקד טבעי 150 גר` פיצ,גרמים,150.00,100 גרם,false,,17.90,11.9333,true,1,1475
7290006908384,false,פיסטוק חלבי פיצוחי חממה (150 גרם),בוטנת בעמ,,פיסטוק חלבי 150 גרם,גרמים,150.00,100 גרם,false,,18.90,12.6000,true,1,1476
7290006908391,false,אגוזי קשיו קלויים פיצוחי חממה (150 גרם),בוטנת בעמ,,קשיו קלוי 150 גר` פי,גרמים,150.00,100 גרם,false,,17.90,11.9333,true,1,1477
7290006983152,false,קרוטונים מתובלים למרק אסם (400 גרם),קבוצת אוסם סחר שותפות מוגבלת,,קרוטונים מתובלים אסם,גרמים,400.00,100 גרם,false,,20.90,5.2250,true,1,18712
7290006983176,false,קרקר לחמית שיפון אסם (230 גרם),קבוצת אוסם סחר שותפות מוגבלת,,לחמית שיפון אסם 250,גרמים,230.00,100 גרם,false,,9.90,4.3043,true,1,18713
7290006983206,false,תערובת להכנת פלפל קלי קלות 180 גרם,קבוצת אוסם סחר שותפות מוגבלת,,תערובת פלאפל בקלי קל,גרמים,180.00,100 גרם,false,,11.90,6.6111,true,1,18714
7290006983763,false,עוגת הבית בטעם שוקולד אסם (400 גרם),קבוצת אוסם סחר שותפות מוגבלת,,עוגת הבית שוקולד 400,גרמים,400.00,100 גרם,false,,14.90,3.7250,true,1,18717
7290006983770,false,עוגת הבית שיש אסם (400 גרם),קבוצת אוסם סחר שותפות מוגבלת,,עוגת הבית שיש 400גר,גרמים,400.00,100 גרם,false,,14.90,3.7250,true,1,18718
7290006992161,false,מטרנה - דייסת קורנפלור פרוביוטי 200 גרם,קבוצת אוסם סחר שותפות מוגבלת,,מטרנה דייסת קורנפלור,גרמים,200.00,100 גרם,false,,15.90,7.9500,true,1,18722
7290006992208,false,מטרנה דייסת 8 דגנים מעורבים 200 גרם,קבוצת אוסם סחר שותפות מוגבלת,,מטרנה דייסת דגנים פר,גרמים,200.00,100 גרם,false,,15.90,7.9500,true,1,18725
7290008000796,false,"סופרמן משחת שיניים לילדים בטעם פירות כצט 50 מ""ל",גורי ע.ע.ע. בע`מ,,משחת שיניים סופרמן ל,מיליליטרים,50.00,"100 מ""ל",false,,11.90,23.8000,true,1,3828
7290008101318,false,קריספ פירורי לחם זהוב 300 גרם מיימונס,א.ל.ייצור ושיווק תבלינים בעמ,,פירורי לחם זהוב קלאס,גרמים,300.00,100 גרם,false,,6.90,2.3000,true,1,300893
7290008101356,false,קריספ פאנקו זהב 300 גרם מיימונס,א.ל.ייצור ושיווק תבלינים בעמ,,פירורי לחם פנקו זהוב,גרמים,300.00,100 גרם,false,,9.90,3.3000,true,1,306340
7290008102469,false,קריספ פירורי לחם זהוב 800 גרם מיימונס,א.ל.ייצור ושיווק תבלינים בעמ,,פירורי לחם זהוב קלאס,גרמים,800.00,100 גרם,false,,12.90,1.6125,true,1,300936
7290008116541,false,שטיפת פה ליסטרין מנטה קריר 500 מ`ל,ג'\ונסון אנד ג'\ונסון,,מי פה ליסטרין בטעם מ,מיליליטרים,500.00,"100 מ""ל",false,,23.90,4.7800,true,1,29467
7290008175173,false,חמאה מפינלנד ללא מלח 200 גרם ויליפוד,ג.וילי-פוד אינטרנשיונל **גבינו,,חמאה מפינלנד 200גר',גרמים,200.00,100 גרם,false,,10.90,5.4500,true,1,2908
7290008175814,false,וילי פוד פטריות שמפיניון חתוך בדץ 400ג,ג.וילי-פוד אינטרנשיונל בעמ,,פטריות חתוכות שמפיני,גרמים,400.00,100 גרם,false,,5.90,1.4750,true,1,2913
>>>>>>> d048ac2f4f281c9d788043ab4e81b61b0dbe3743
7290008268301,false,אוכמניות יחידה,בראשית,,אוכמניות,גרמים,120.00,100 גרם,false,,11.90,9.9167,true,1,47810
7290008300551,false,שקיות אשפה 75*90 שחו,,,שקיות אשפה 75*90 שחו,יחידה,0.00,יחידה,false,,16.90,0.0000,true,1,43397
7290008300599,false,70*50 'שקיות אשפה שר,,,70*50 'שקיות אשפה שר,יחידה,0.00,יחידה,false,,16.90,0.0000,true,1,231310
7290008343565,false,"סיגרים תפו""א 1 ק""ג שלושת האופים",נטו מלינדה סחר בעמ,,סיגרים תפו`א 1 ק`ג ש,קילוגרמים,1.00,"ק""ג",false,,16.90,16.9000,true,1,17113
7290008343572,false,אגרול סיני 1 קג -שלושת האופים,נטו מלינדה סחר בע`מ,,אגרול סיני 1 ק`ג שלו,קילוגרמים,1.00,"ק""ג",false,,16.90,16.9000,true,1,17114
7290008343619,false,"פסטלים תפו""א שלושת האופים 1 ק""ג",נטו מלינדה סחר בע`מ,,פסטלים תפו`א שלושת ה,קילוגרמים,1.00,"ק""ג",false,,16.90,16.9000,true,1,17116
7290008344258,false,המבורגר מיזרחי 400 גר`טיבונוויל,"טיבון ויל אחזקות בע""\מ",,המבורגר מזרחי 400 ג',גרמים,400.00,100 גרם,false,,19.90,4.9750,true,1,17122
7290008409124,false,מאמא עוף קפוא שניצל ג'ונגל פריך 700 גרם,תנובה מרכז שיתופי לשיווק תוצרת,,מאמא עוף קפוא שניצל,גרמים,700.00,100 גרם,false,,37.90,5.4143,true,1,25541
7290008409216,false,מאמא עוף קפוא שניצל דק פריך 700 גרם,תנובה מרכז שיתופי לשיווק תוצרת,,מאמא עוף קפוא שניצל,גרמים,700.00,100 גרם,false,,40.90,5.8429,true,1,25542
7290008409315,false,שניצלונים בציפוי פריך מיני מיני דק מאמא עוף 500 גרם,תנובה מרכז שיתופי לשיווק תוצרת,,מאמא עוף מיני דק שני,גרמים,500.00,100 גרם,false,,24.90,4.9800,true,1,25546
7290008409407,false,שניצל דק דק צ`יפס מאמא עוף (700 גרם),תנובה גליל שותפות מוגבלת,,מאמא עוף שניצל דק צי,גרמים,700.00,100 גרם,false,,40.90,5.8429,true,1,25552
7290008409551,false,שניצל עוף אמיתי בציפוי מעודן 700 ג' מאמא עוף,תנובה מרכז שיתופי לשיווק תוצרת,,שניצל עוף אמיתי בציפ,גרמים,700.00,100 גרם,false,,39.90,5.7000,true,1,25558
7290008409582,false,שניצל עוף אמיתי בציפוי ביתי מאמא עוף 700 גרם,תנובה מרכז שיתופי לשיווק תוצרת,,שניצל אמיתי בציפוי ב,גרמים,700.00,100 גרם,false,,39.90,5.7000,true,1,25561
7290008409605,false,כוכבי עוף בציפוי מעודן מאמא עף 700 גרם,תנובה מרכז שיתופי לשיווק תוצרת,,כוכבי עוף בציפוי מעו,גרמים,700.00,100 גרם,false,,37.90,5.4143,true,1,25562
7290008443616,false,"מרכך לשיער יבש אדום נקה 7 750 מ""ל",החברה הדרומית לשיווק בעמ,,מרכך לשיער יבש אדום,מיליליטרים,750.00,"100 מ""ל",false,,12.90,1.7200,true,1,30076
7290008464130,false,"בירה גולדסטאר Unfiltered, בירה לא מסוננת, מארז שישייה, בקבוק 330 מ""ל",טמפו משקאות בעמ,,גולדסטאר לא מסונן 6*,ליטרים,1.98,ליטר,false,,46.90,23.6869,true,1,9433
7290008464222,false,"בירה מכבי 7.9%, בירה חזקה, פחית 500 מ""ל","טמפו משקאות בע""\מ",,מכבי 7.9 פחית 500 מל,מיליליטרים,500.00,"100 מ""ל",false,,8.90,1.7800,true,1,9434
7290008464345,false,"בירה גולדסטאר, בקבוק 330 מ''ל",פארייפאבה אגרואינדוס,,"גולדסטאר בירה ח""פ 33",יחידה,330.00,יחידה,false,,8.70,0.0264,true,1,9439
7290008464475,false,"בירה מכבי, פחית 500 מ""ל","טמפו משקאות בע""\מ",,"מכבי פחית 500מ""ל",מיליליטרים,500.00,"100 מ""ל",false,,7.90,1.5800,true,1,9446
7290008464611,false,"הסודה של טמפו, מי סודה בגיזוז חזק, 275 מל",טמפו משקאות בעמ,,"מי סודה טמפו 275 מ""ל",מיליליטרים,275.00,"100 מ""ל",false,,3.50,1.2727,true,1,9455
7290008464673,false,"בירה גולדסטאר SLOWBREW פחית 10%, 500 מ""ל","טמפו משקאות בע""\מ",,גולדסטאר SLOWBREW 10,מיליליטרים,500.00,"100 מ""ל",false,,9.90,1.9800,true,1,9456
7290008464697,false,"בירה מכבי 7.9%, בירה חזקה, מארז שישייה, בקבוק 330 מ""ל",טמפו משקאות בעמ,,מכבי 7.9% בקבוק 6* 3,ליטרים,1.98,ליטר,false,,37.90,19.1414,true,1,9458
7290008464703,false,"שישיית בירה מכבי בקבוק 330 מ""ל",טמפו משקאות בע''מ,,בירה מכבי מארז 6 *33,ליטרים,1.98,ליטר,false,,36.90,18.6364,true,1,9459
7290008464734,false,"שישיית בירה גולדסטאר לאגר SLOW BREW בקבוק 330 מ""ל",טמפו משקאות בע''מ,,גולדסטאר SLOW BREW 3,ליטרים,1.98,ליטר,false,,45.90,23.1818,true,1,9460
7290008464741,false,"בירה גולדסטאר, מארז שישייה, בקבוק 330 מ''ל","טמפו משקאות בע""\מ",,"גולדסטאר ח""פ בקבוק 6",ליטרים,1.98,ליטר,false,,40.90,20.6566,true,1,9461
7290008464796,false,"בירה היינקן, מארז שישייה, בקבוק 330 מ''ל",טמפו משקאות בע''מ,,"הייניקן בקבוק ח""פ 6*",ליטרים,1.98,ליטר,false,,46.90,23.6869,true,1,9464
7290008470766,false,שמינייה אורביט סטיקס בטעם פפרמינט,מרס ריגלי ישראל בעמ,,אורביט סטיקס בטעם פפ,יחידה,0.00,יחידה,false,,15.40,0.0000,true,1,20760
7290008500159,false,עוגת שמרים עם מלית גבינה,אסול אוכל איכותי בעמ,,עוגת שמרים טעם גבינה,גרמים,480.00,100 גרם,false,,26.90,5.6042,true,1,135435
7290008644112,false,אחלה יום יום סלט מטבוחה יום יום 125 גרם,שטראוס גרופ בעמ/מצונן,,אחלה מטבוחה 125ג,גרמים,125.00,100 גרם,false,,5.90,4.7200,true,1,23318
7290008644235,false,מבחר עלי בייבי 120 גרם-טעם הטבע,שטראוס בריאות ירקות טריי,,עלי בייבי 120 ג ירקו,גרמים,120.00,100 גרם,false,,9.90,8.2500,true,1,23319
7290008644945,false,סלט המושבה שטראוס 450 גר`-טעם הטבע,שטראוס בריאות ירקות טריי,,סלט המושבה 450 ג ירק,גרמים,450.00,100 גרם,false,,13.90,3.0889,true,1,23321
7290008693134,false,מעדן גבינה ויוגורט בטעם תות 5% שומן 88 ג' דניאלה,שטראוס גרופ בעמ/מצונן,,דניאלה תות מעדן גבינ,מיליליטרים,150.00,"100 מ""ל",false,,4.30,2.8667,true,1,23323
7290008745239,false,תפוצ'יפס קראנצ' בטעם טבעי עלית 50 גרם,"שטראוס פריטו ליי בע""\מ )",,תפוציפס קראנץ טבעי 5,גרמים,50.00,100 גרם,false,,4.30,8.6000,true,1,24154
7290008747547,false,תפוצ'יפס קראנץ' בטעם טבעי עלית 200 גרם,"שטראוס פריטו ליי בע""\מ )",,תפוציפס קראנץ טבעי 2,גרמים,200.00,100 גרם,false,,10.90,5.4500,true,1,24156
7290008750264,false,"מסטיק מאסט ציקלס דובדבן 28 גרם לל""ס מגדים",שטראוס גרופ בע`מ,,מאסט דובדבן 28ג,גרמים,28.00,100 גרם,false,,4.50,16.0714,true,1,22261
7290008752244,false,תפוצ'יפס קראנץ' בטעם גריל עלית 50 גרם,"שטראוס פריטו ליי בע""\מ )",,תפוציפס קראנץ גריל 5,גרמים,50.00,100 גרם,false,,4.30,8.6000,true,1,24158
7290008753111,false,תפוצ'יפס קראנץ' בטעם מקסיקני עלית 50 גרם,"שטראוס פריטו ליי בע""\מ )",,תפוציפס מקסיקני 50גר,גרמים,50.00,100 גרם,false,,4.30,8.6000,true,1,24159
7290008757072,false,משקה מוגז בטעם תות שוופס (330 מל),יפאורה - שותפות מוגבלת לשיווק,,שוופס פחית תות 330 מ,מיליליטרים,330.00,"100 מ""ל",false,,4.50,1.3636,true,1,11554
7290008775816,false,ערגליות עוגיות במילוי שוקולד אסם 300 גרם,קבוצת אוסם סחר שותפות מוגבלת,,ערגליות שוקולד 300 ג,גרמים,300.00,100 גרם,false,,11.90,3.9667,true,1,18729
7290008775823,false,ערגליות עוגיות תות שדה אסם 300 גרם,קבוצת אוסם סחר שותפות מוגבלת,,ערגליות תות שדה 300,גרמים,300.00,100 גרם,false,,11.90,3.9667,true,1,18730
7290008801522,false,יין קינג דויד קונקורד אדום מתוק 750 מל,אגודת הכורמים הקואופרטיב,,יין קונקורד קינג דיו,מיליליטרים,750.00,"100 מ""ל",false,,23.90,3.1867,true,1,518
7290008804189,false,יין קברנה סוביניון גליל עליון סדרה אזורית יקבי כרמל,אגודת הכורמים הקואופרטיב,,קברנה סוביניון סדרה,מיליליטרים,750.00,"100 מ""ל",false,,64.90,8.6533,true,1,530
7290008805964,false,יין קברנה שיראז גליל עליון סדרה אזורית יקבי כרמל,אגודת הכורמים הקואופרטיב,,קברנה/שיראז סדרה אזו,מיליליטרים,750.00,"100 מ""ל",false,,64.90,8.6533,true,1,545
7290008806961,false,גלידה שוקולד שבבי שוקולד פרה 1.33 ל' קרמיסימו,"גלידת שטראוס בע""\מ, רחוב",,קרמיסימו שוקולד שבבי,ליטרים,1.33,ליטר,false,,21.90,16.4662,true,1,4272
<<<<<<< HEAD
7290008849470,false,פלפל צ'ומה חריף אוליביה 185 גרם,אוליביה גורמה בעמ,,אוליביה ממרח פלפל צו,גרמים,185.00,100 גרם,false,,14.90,8.0541,true,1,51972
7290008849753,false,רוטב טריאקי אוליביה 300 גרם,מיוצר עי קונדיטוריית,,רוטב טריאקי עשיר אול,מיליליטרים,300.00,"100 מ""ל",false,,14.90,4.9667,true,1,51976
7290008849777,false,רוטב צ'ילי מתוק אוליביה 345 גרם,קריות זול,,אוליביה רוטב צילי מת,גרמים,350.00,100 גרם,false,,14.90,4.2571,true,1,51977
7290008909853,false,"קוקה קולה זירו בקבוק 500 מ""ל.",החברה המרכזית לייצור משקאות,,קוקה קולה זירו 500 מ,מיליליטרים,500.00,"100 מ""ל",false,,7.90,1.5800,true,1,7000
=======
7290008849470,false,פלפל צ'ומה חריף אוליביה 185 גרם,תה ויסוצקי (ישראל)בעמ,,אוליביה ממרח פלפל צו,גרמים,185.00,100 גרם,false,,14.90,8.0541,true,1,51972
7290008849753,false,רוטב טריאקי אוליביה 300 גרם,תה ויסוצקי (ישראל)בעמ,,רוטב טריאקי עשיר אול,מיליליטרים,300.00,"100 מ""ל",false,,14.90,4.9667,true,1,51976
7290008849777,false,רוטב צ'ילי מתוק אוליביה 345 גרם,תה ויסוצקי (ישראל)בעמ,,אוליביה רוטב צילי מת,גרמים,350.00,100 גרם,false,,14.90,4.2571,true,1,51977
7290008909853,false,"קוקה קולה זירו בקבוק 500 מ""ל.",החברה המרכזית להפצת משקאות בעמ,,קוקה קולה זירו 500 מ,מיליליטרים,500.00,"100 מ""ל",false,,7.90,1.5800,true,1,7000
>>>>>>> d048ac2f4f281c9d788043ab4e81b61b0dbe3743
7290008945172,false,"שקיות אשפה עם שרוך 52 * 65 ס""מ גלילונית 40 יחידות","אשפלסט תעשיות בע""מ",,גלילונית אשפה למטבח,יחידה,0.00,יחידה,false,,18.50,0.0000,true,1,5816
7290008945202,false,שקיות אשפה לפח ענק 90x75 גלילונית) (50,"קילט ניהול פרוייקטים בע""מ",,גלילונית לאשפה משרדי,יחידה,0.00,יחידה,false,,15.90,0.0000,true,1,5817
7290009018004,false,פיקדון בקבוק/פחית בו,Unknown,,פיקדון בקבוק/פחית בו,יחידה,0.00,יחידה,false,,0.30,0.0000,true,1,65
7290009018011,false,פיקדון בקבוק/פחיות ש,,,פיקדון בקבוק/פחיות ש,יחידה,0.00,יחידה,false,,1.80,0.0000,true,1,63
7290009018264,false,פיקדון בקבוק/פחית רב,,,פיקדון בקבוק/פחית רב,יחידה,0.00,יחידה,false,,1.20,0.0000,true,1,104
7290009217414,false,כריך גבטה כפרי 170 ג,,,כריך גבטה כפרי 170 ג,יח',1.00,יח',false,,4.60,4.6000,true,1,34024
7290009370812,false,מאפה מתוק מעורב בונז,,,מאפה מתוק מעורב בונז,קילוגרמים,1.00,"ק""ג",true,,36.00,36.0000,true,1,34033
<<<<<<< HEAD
7290010002023,false,כורכום הודי טחון תבליני מימון 100 גרם,א.ל ייצור ושיווק תבלינים,,מימון כורכום הודי טח,גרמים,100.00,100 גרם,false,,12.90,12.9000,true,1,244
7290010002030,false,תבלין כמון טחון תבליני מימון 100 גרם,א.ל ייצור ושיווק תבלינים,,מימון כמון במיכל 100,גרמים,100.00,100 גרם,false,,12.90,12.9000,true,1,245
7290010002078,false,פלפל שחור טחון תבליני מימון 100 גרם,א.ל ייצור ושיווק תבלינים,,מימון פלפל שחור טחון,גרמים,100.00,100 גרם,false,,15.20,15.2000,true,1,249
7290010002320,false,תיבול לגריל עוף תבליני מימון 100 גרם,א.ל ייצור ושיווק תבלינים,,מימון תיבול לגריל עו,גרמים,100.00,100 גרם,false,,12.90,12.9000,true,1,265
7290010002382,false,תבלין אורגנו תבליני מימון 40 גרם,א.ל ייצור ושיווק תבלינים,,מימון אורגנו במיכל 4,גרמים,40.00,100 גרם,false,,10.00,25.0000,true,1,271
7290010003075,false,פפריקה מרוקאית מתוקה תבליני מימון 400 גרם,א.ל ייצור ושיווק תבלינים,,מימון פפריקה מרוקאית,גרמים,400.00,100 גרם,false,,27.40,6.8500,true,1,284
7290010003693,false,פפריקה מתוקה בשקית תבליני מימון 80 גרם,א.ל ייצור ושיווק תבל,,מימון פפריקה מתוקה ש,גרמים,80.00,100 גרם,false,,6.50,8.1250,true,1,289
7290010003709,false,פלפל שחור טחון בשקית תבליני מימון 50 גרם,א.ל ייצור ושיווק תבל,,מימון פלפל שחור טחון,גרמים,50.00,100 גרם,false,,8.30,16.6000,true,1,290
7290010003761,false,כורכום טחון בשקית תבליני מימון 80 גרם,א.ל ייצור ושיווק תבל,,מימון כורכום טחון שק,גרמים,80.00,100 גרם,false,,6.50,8.1250,true,1,292
7290010003778,false,תיבול לגריל עוף בשקית תבליני מימון 80 גרם,א.ל ייצור ושיווק תבל,,מימון תיבול לגריל עו,גרמים,80.00,100 גרם,false,,6.50,8.1250,true,1,293
7290010003792,false,מלח לימון בשקית תבליני מימון 100 גרם,א.ל ייצור ושיווק תבל,,מימון מלח לימון שקית,גרמים,100.00,100 גרם,false,,6.50,6.5000,true,1,295
7290010004348,false,פפריקה מתוקה תבליני מימון 250 גרם,א.ל ייצור ושיווק תבל,,מימון פ פריקה מתוקה,גרמים,250.00,100 גרם,false,,23.00,9.2000,true,1,324
7290010045006,false,עוגיות חמאה פריכות 200 גרם לחמי,קונדטוריות לחמי,,עוגיות חמאה פריכות ל,גרמים,200.00,100 גרם,false,,18.90,9.4500,true,1,24669
7290010045013,false,עוגיות חמאה צרפתיות 200 גרם לחמי,קונדטוריות לחמי,,עוגיות עם חמאה וסוכר,גרמים,200.00,100 גרם,false,,18.90,9.4500,true,1,24670
7290010045051,false,עוגיות מלבן שקדים 200 גרם לחמי,קונדטוריות לחמי,,עוגיות מלבן שקדים לח,גרמים,200.00,100 גרם,false,,18.90,9.4500,true,1,24672
7290010045068,false,עוגיות הנסיכה 250 גרם לחמי,קונדטוריות לחמי,,עוגיות הנסיכה לחמי 2,גרמים,250.00,100 גרם,false,,18.90,7.5600,true,1,24673
7290010066513,false,נתחי טונה בשמן צמחי רביעיה *158ג' פילטונה,תעשיות פילטונה,,נתחי טונה בשמן צמחי,גרמים,632.00,100 גרם,false,,23.90,3.7816,true,1,26579
7290010066575,false,נתחי טונה במים רביעיה *158ג' פילטונה,תעשיות פילטונה,,נתחי טונה במים פילטו,גרמים,632.00,100 גרם,false,,23.90,3.7816,true,1,26581
7290010066582,false,נתחי טונה בשמן קנולה רביעיה * 158 ג' פילטונה,תעשיות פילטונה,,נתחי טונה בשמן קנולה,גרמים,632.00,100 גרם,false,,23.90,3.7816,true,1,26582
7290010066599,false,רביעיית נתחי טונה בשמן זית פילטונה 158X4 גרם,תעשיות פילטונה,,נתחי טונה בשמן זית פ,גרמים,632.00,100 גרם,false,,29.90,4.7310,true,1,26583
7290010116980,false,אבקת שוקולית שקית עלית 850 ג',הנסיך- מפעל לייצור ט,,שוקולית 850 גרם,גרמים,850.00,100 גרם,false,,18.90,2.2235,true,1,22283
7290010117864,false,דוריטוס חטיף תירס בטעם חריף אש עלית 70 גרם,"שטראוס פריטו ליי בע""\מ )",,דוריטוס חריף אש 70 ג,גרמים,70.00,100 גרם,false,,3.90,5.5714,true,1,24166
7290010118328,false,תפוצ'יפס בטעם טבעי עלית מארז 6*40 גרם,שטראוס פריטו ליי (מל,,תפוצ'יפס טבעי 6*40 ג,גרמים,240.00,100 גרם,false,,13.90,5.7917,true,1,24170
7290010124107,false,סטייקבורגר זהב 400 גרם הקצביה בלדי,בלדי,,סטייק בורגר 400 גרם,גרמים,400.00,100 גרם,false,,19.90,4.9750,true,1,35339
7290010153510,false,בורגול יבש מיה 500 גר',מיה תעשיות מזון מ.ת.מ. ב,,בורגול מיה 500 גרם,גרמים,500.00,100 גרם,false,,6.50,1.3000,true,1,15027
7290010153770,false,ציפוי לשניצל פיקנטי מיה 500 גרם,מיה תעשיות מזון מ.ת.מ. ב,,ציפוי לשניצל פיקנטי,גרמים,500.00,100 גרם,false,,9.90,1.9800,true,1,15041
7290010154012,false,לימון בלאדי כבוש תבליני ביטון 250 גרם,תבליני יוחאי ביטון,,לימון כבוש 250 ביטון,גרמים,250.00,100 גרם,false,,14.90,5.9600,true,1,17140
7290010154241,false,סלט חזרת ריף ביטון 250 ג',תבליני יוחאי ביטון,,סלט חזרת ביטון 250 ג,גרמים,250.00,100 גרם,false,,14.90,5.9600,true,1,17143
=======
7290010002023,false,כורכום הודי טחון תבליני מימון 100 גרם,א.ל. ייצור ושיווק תבלינים בע`מ,,מימון כורכום הודי טח,גרמים,100.00,100 גרם,false,,12.90,12.9000,true,1,244
7290010002030,false,תבלין כמון טחון תבליני מימון 100 גרם,א.ל. ייצור ושיווק תבלינים בע`מ,,מימון כמון במיכל 100,גרמים,100.00,100 גרם,false,,12.90,12.9000,true,1,245
7290010002078,false,פלפל שחור טחון תבליני מימון (100 גרם),א.ל. ייצור ושיווק תבלינים בע`מ,,מימון פלפל שחור טחון,גרמים,100.00,100 גרם,false,,15.20,15.2000,true,1,249
7290010002320,false,תבלין לגריל עוף תבליני מימון (100 גרם),א.ל. ייצור ושיווק תבלינים בע`מ,,מימון תיבול לגריל עו,גרמים,100.00,100 גרם,false,,12.90,12.9000,true,1,265
7290010002382,false,תבלין אורגנו תבליני מימון 40 גרם,א.ל. ייצור ושיווק תבלינים בע`מ,,מימון אורגנו במיכל 4,גרמים,40.00,100 גרם,false,,10.00,25.0000,true,1,271
7290010003075,false,פפריקה מרוקאית מתוקה תבליני מימון 400 גרם,א.ל. ייצור ושיווק תבלינים בע`מ,,מימון פפריקה מרוקאית,גרמים,400.00,100 גרם,false,,27.40,6.8500,true,1,284
7290010003693,false,פפריקה מתוקה בשקית תבליני מימון 80 גרם,א.ל. ייצור ושיווק תבלינים בע`מ,,מימון פפריקה מתוקה ש,גרמים,80.00,100 גרם,false,,6.50,8.1250,true,1,289
7290010003709,false,פלפל שחור טחון בשקית תבליני מימון 50 גרם,א.ל. ייצור ושיווק תבלינים בע`מ,,מימון פלפל שחור טחון,גרמים,50.00,100 גרם,false,,8.30,16.6000,true,1,290
7290010003761,false,כורכום טחון בשקית תבליני מימון 80 גרם,א.ל. ייצור ושיווק תבלינים בע`מ,,מימון כורכום טחון שק,גרמים,80.00,100 גרם,false,,6.50,8.1250,true,1,292
7290010003778,false,תיבול לגריל עוף בשקית תבליני מימון 80 גרם,א.ל. ייצור ושיווק תבלינים בע`מ,,מימון תיבול לגריל עו,גרמים,80.00,100 גרם,false,,6.50,8.1250,true,1,293
7290010003792,false,מלח לימון בשקית תבליני מימון 100 גרם,א.ל. ייצור ושיווק תבלינים בע`מ,,מימון מלח לימון שקית,גרמים,100.00,100 גרם,false,,6.50,6.5000,true,1,295
7290010004348,false,פפריקה מתוקה תבליני מימון 250 גרם,א.ל.יצור ושיווקתבלינים בעמ,,מימון פ פריקה מתוקה,גרמים,250.00,100 גרם,false,,23.00,9.2000,true,1,324
7290010045006,false,עוגיות חמאה פריכות לחמי (200 גרם),קונדטוריות לחמי,,עוגיות חמאה פריכות ל,גרמים,200.00,100 גרם,false,,18.90,9.4500,true,1,24669
7290010045013,false,עוגיות חמאה צרפתיות לחמי (200 גרם),קונדטוריות לחמי,,עוגיות עם חמאה וסוכר,גרמים,200.00,100 גרם,false,,18.90,9.4500,true,1,24670
7290010045051,false,עוגיות מלבן שקדים לחמי (200 גרם),קונדטוריות לחמי,,עוגיות מלבן שקדים לח,גרמים,200.00,100 גרם,false,,18.90,9.4500,true,1,24672
7290010045068,false,עוגיות נסיכה לחמי (250 גרם),קונדטוריות לחמי,,עוגיות הנסיכה לחמי 2,גרמים,250.00,100 גרם,false,,18.90,7.5600,true,1,24673
7290010066513,false,נתחי טונה בשמן צמחי רביעיה *158ג' פילטונה,תעשיות פילטונה בעמ,,נתחי טונה בשמן צמחי,גרמים,632.00,100 גרם,false,,23.90,3.7816,true,1,26579
7290010066575,false,נתחי טונה במים רביעיה *158ג' פילטונה,תעשיות פילטונה בעמ,,נתחי טונה במים פילטו,גרמים,632.00,100 גרם,false,,23.90,3.7816,true,1,26581
7290010066582,false,נתחי טונה בשמן קנולה רביעיה * 158 ג' פילטונה,תעשיות פילטונה בעמ,,נתחי טונה בשמן קנולה,גרמים,632.00,100 גרם,false,,23.90,3.7816,true,1,26582
7290010066599,false,רביעיית נתחי טונה בשמן זית פילטונה 158X4 גרם,תעשיות פילטונה בעמ,,נתחי טונה בשמן זית פ,גרמים,632.00,100 גרם,false,,29.90,4.7310,true,1,26583
7290010116980,false,שוקולית אבקה להכנת משקה שוקו שקית 850,הנסיך- מפעל לייצור ט,,שוקולית 850 גרם,גרמים,850.00,100 גרם,false,,18.90,2.2235,true,1,22283
7290010117864,false,דוריטוס חטיף תירס בטעם חריף אש עלית 70 גרם,"שטראוס פריטו ליי בע""\מ )",,דוריטוס חריף אש 70 ג,גרמים,70.00,100 גרם,false,,3.90,5.5714,true,1,24166
7290010118328,false,חטיף צ`יפס בטעם טבעי תפוצ`יפס (40x6 גרם),"שטראוס פריטו ליי בע""מ",,תפוצ'יפס טבעי 6*40 ג,גרמים,240.00,100 גרם,false,,13.90,5.7917,true,1,24170
7290010124107,false,סטייקבורגר זהב 400 גרם הקצביה בלדי,בלדי בעמ,,סטייק בורגר 400 גרם,גרמים,400.00,100 גרם,false,,19.90,4.9750,true,1,35339
7290010153510,false,בורגול יבש מיה 500 גר',מיה תעשיות מזון מ.ת.מ. בעמ,,בורגול מיה 500 גרם,גרמים,500.00,100 גרם,false,,6.50,1.3000,true,1,15027
7290010153770,false,ציפוי לשניצל פיקנטי מיה 500 גרם,מיה תעשיות מזון מ.ת.מ. בעמ,,ציפוי לשניצל פיקנטי,גרמים,500.00,100 גרם,false,,9.90,1.9800,true,1,15041
7290010154012,false,לימון בלאדי תבליני ביטון יוחאי (250 גרם),תבליני יוחאי ביטון,,לימון כבוש 250 ביטון,גרמים,250.00,100 גרם,false,,14.90,5.9600,true,1,17140
7290010154241,false,סלט חזרת ביתית תבליני ביטון יוחאי (250 ג,תבליני יוחאי ביטון,,סלט חזרת ביטון 250 ג,גרמים,250.00,100 גרם,false,,14.90,5.9600,true,1,17143
>>>>>>> d048ac2f4f281c9d788043ab4e81b61b0dbe3743
7290010154678,false,אריסה מרוקאית תבליני ביטון 250 גרם,תבליני יוחאי ביטון,,יוחאי ביטון אריסה מר,גרמים,250.00,100 גרם,false,,14.90,5.9600,true,1,17154
7290010154685,false,סלט שום כתוש 250 ג' ביטון יוחאי,תבליני יוחאי ביטון,,סלט שום כתוש 250 גר',גרמים,250.00,100 גרם,false,,14.90,5.9600,true,1,17155
7290010192007,false,פטרוזיליה,,,פטרוזיליה,יח',1.00,יח',false,,3.90,3.9000,true,1,35556
7290010192014,false,שמיר,,,שמיר,יח',1.00,יח',false,,3.90,3.9000,true,1,35557
7290010192021,false,כוסברה ארוז,,,כוסברה,יח',1.00,יח',false,,3.90,3.9000,true,1,35558
7290010192038,false,שורש פטרוזיליה ארוז,,,שורש פטרוזיליה ארוז,יח',1.00,יח',false,,5.90,5.9000,true,1,35559
7290010192045,false,נענע יחידה,,,נענע יחידה,יח',1.00,יח',false,,3.90,3.9000,true,1,35560
7290010192052,false,סלרי עלים (אמריקאי),,,סלרי עלים (אמריקאי),יח',1.00,יח',false,,5.90,5.9000,true,1,35561
7290010192069,false,סלרי ראש יחידה,קטיף.,,סלרי ראש ארוז,יח',1.00,יח',false,,5.90,5.9000,true,1,35562
7290010192083,false,מנגולד ארוז,,,מנגולד ארוז,יח',1.00,יח',false,,6.90,6.9000,true,1,35563
7290010237685,false,"הייניקן בירה צואר ארוך 330מ""ל",טמפו משקאות בע''מ,,היינקן בירה צואר ארו,מיליליטרים,330.00,"100 מ""ל",false,,10.90,3.3030,true,1,9479
7290010237890,false,"בירה הייניקן בקבוק 500 מ""ל חוזר",טמפו משקאות בע''מ,,הייניקן בירה בקבוק ח,מיליליטרים,500.00,"100 מ""ל",false,,9.90,1.9800,true,1,9484
7290010259830,false,מנת השף נודלס בסגנון סיני פיקנטי וילי פוד 70 גרם,ג. וילי-פוד אינטרנשיונל בע`מ,,נודלס בטעם סיני פיקנ,גרמים,70.00,100 גרם,false,,5.90,8.4286,true,1,2924
7290010259847,false,מנת השף מרק עם נודלס בטעם תירס ויליפוד 70 גרם,ג. וילי-פוד אינטרנשיונל בע`מ,,נודלס טעם תירס מנת ה,גרמים,70.00,100 גרם,false,,5.90,8.4286,true,1,2925
7290010259854,false,מנת השף מרק עם נודלס בטעם פטריות ויליפוד 70 גרם,ג. וילי-פוד אינטרנשיונל בע`מ,,נודלס בטעם פטריות מנ,גרמים,70.00,100 גרם,false,,5.90,8.4286,true,1,2926
7290010259861,false,מנת השף מרק עם נודלס בטעם ירקות ויליפוד 70 גרם,ג. וילי-פוד אינטרנשיונל בע`מ,,נודלס בטעם ירקות מנת,גרמים,70.00,100 גרם,false,,5.90,8.4286,true,1,2927
7290010259991,false,צנימים מיוחדים בטעם טבעי 250 ג',ג. וילי-פוד אינטרנשיונל בע`מ,,"צנימים בד""ץ וילי פוד",גרמים,250.00,100 גרם,false,,8.50,3.4000,true,1,2932
7290010300860,false,אציטון נאמן לאורך זמ,נאמן לאורך זמן בעמ,,אציטון נאמן לאורך זמ,מיליליטרים,100.00,"100 מ""ל",false,,3.10,3.1000,true,1,15906
7290010429554,false,"שמן זית כתית מעולה יד מרדכי 2 קלאסי, 750 מ""ל",מכוורת יד מרדכי שטראוס ב,,שמן זית כתית מעולה 2,מיליליטרים,750.00,"100 מ""ל",false,,38.90,5.1867,true,1,22288
7290010439287,false,מגבת ענק חלק 550 גר מנהטן,,,מגבת גוף ענק חלק,יחידה,0.00,יחידה,false,,39.90,0.0000,true,1,15463
<<<<<<< HEAD
7290010471669,false,יוגורט תות עם קורנפלקס מצופה שוקולד ללא גלוטן 3.9%,"שטראוס בריאות בע""\מ",,דנונה קראנצ' יוגורט,מיליליטרים,175.00,"100 מ""ל",false,,4.90,2.8000,true,1,23324
7290010472307,false,"שמיניית משקה גמדים תות בננה דיסני 108 מ""ל",מיוצר עי קונדיטוריית,,גמדים לשתיה תות בננה,מיליליטרים,864.00,"100 מ""ל",false,,20.70,2.3958,true,1,23327
7290010472390,false,מארז 8 יחידות מעדן דני בטעם שוקולד 1.5%,מיוצר עי קונדיטוריית,,מארז דני שוקולד 8*,מיליליטרים,1000.00,"100 מ""ל",false,,16.90,1.6900,true,1,23328
7290010513727,false,פנקו פרורי לחם 200 גרם (קינגדאו),קינגדאו גוניון פודס,,פנקו פרורי לחם יפניי,גרמים,200.00,100 גרם,false,,7.90,3.9500,true,1,47524
7290010627004,false,טחינה גולמית מסורתית ירושלים 500 ג',"בראשית ירושלים בע""מ",,טחינה ירושלים 500 גר,גרמים,500.00,100 גרם,false,,17.90,3.5800,true,1,24674
7290010650033,false,בצלצלי שאלוט תקוע אר,חוות פטריות תקוע,,בצלצלי שאלוט,גרמים,350.00,100 גרם,false,,14.90,4.2571,true,1,50918
7290010711543,false,כף אשפה + גומי SHINY,שייני Shiny,,כף אשפה + גומי SHINY,יחידה,0.00,יחידה,false,,5.90,0.0000,true,1,13493
7290010711550,false,דלי שטיפה עם פיה ( 1,,,דלי שטיפה עם פיה ( 1,יחידה,0.00,יחידה,false,,11.90,0.0000,true,1,13494
7290010711918,false,שייני מטליות מיקרופייבר לניקוי כללי חמישיה,מ.א ייצור ושיווק מטל,,מ.א מטליות מיקרופייב,יחידה,0.00,יחידה,false,,10.90,0.0000,true,1,13501
7290010711932,false,מטליות רב שימושיות פרימיום שייני 9 יחידות,נועם אורים תעשיות בע,,מארז 9 מטליות שייני.,יחידה,0.00,יחידה,false,,9.90,0.0000,true,1,13502
7290010766949,false,ממרח תחתיות ארטישוק 180ג' אוליביה,אוליביה,,אוליביה ממרח ארטישוק,גרמים,180.00,100 גרם,false,,14.90,8.2778,true,1,51983
=======
7290010471669,false,יוגורט תות עם קורנפלקס מצופה שוקולד ללא גלוטן 3.9%,שטראוס גרופ בעמ/מצונן,,דנונה קראנצ' יוגורט,מיליליטרים,175.00,"100 מ""ל",false,,4.90,2.8000,true,1,23324
7290010472307,false,"שמיניית משקה גמדים תות בננה דיסני 108 מ""ל",שטראוס גרופ בעמ/מצונן,,גמדים לשתיה תות בננה,מיליליטרים,864.00,"100 מ""ל",false,,20.70,2.3958,true,1,23327
7290010472390,false,מארז 8 יחידות מעדן דני בטעם שוקולד 1.5%,שטראוס גרופ בעמ/מצונן,,מארז דני שוקולד 8*,מיליליטרים,1000.00,"100 מ""ל",false,,16.90,1.6900,true,1,23328
7290010513727,false,פנקו פרורי לחם 200 גרם (קינגדאו),מזרח ומערב יבוא ושיווק,,פנקו פרורי לחם יפניי,גרמים,200.00,100 גרם,false,,7.90,3.9500,true,1,47524
7290010627004,false,טחינה גולמית מסורתית ירושלים 500 ג',תה ויסוצקי (ישראל) בעמ,,טחינה ירושלים 500 גר,גרמים,500.00,100 גרם,false,,17.90,3.5800,true,1,24674
7290010650033,false,בצלצלי שלוט מגשית 350 גר,ביכורי השדה צפון 1994 ג.ד. בעמ,,בצלצלי שאלוט,גרמים,350.00,100 גרם,false,,14.90,4.2571,true,1,50918
7290010711543,false,כף אשפה + גומי SHINY,מ.א.ייצור ויבוא מטליות בעמ,,כף אשפה + גומי SHINY,יחידה,0.00,יחידה,false,,5.90,0.0000,true,1,13493
7290010711550,false,דלי איטלקי עם פיה יוגב,מ.א.ייצור ויבוא מטליות בעמ,,דלי שטיפה עם פיה ( 1,יחידה,0.00,יחידה,false,,11.90,0.0000,true,1,13494
7290010711918,false,שייני מטליות מיקרופייבר לניקוי כללי חמישיה,מ.א.ייצור ויבוא מטליות בעמ,,מ.א מטליות מיקרופייב,יחידה,0.00,יחידה,false,,10.90,0.0000,true,1,13501
7290010711932,false,מטליות רב שימושיות פרימיום שייני 9 יחידות,מ.א.ייצור ויבוא מטליות בעמ,,מארז 9 מטליות שייני.,יחידה,0.00,יחידה,false,,9.90,0.0000,true,1,13502
7290010766949,false,ממרח תחתיות ארטישוק 180ג' אוליביה,תה ויסוצקי (ישראל)בעמ,,אוליביה ממרח ארטישוק,גרמים,180.00,100 גרם,false,,14.90,8.2778,true,1,51983
>>>>>>> d048ac2f4f281c9d788043ab4e81b61b0dbe3743
7290010838431,false,דאק נוזל לניקוי אסלות זוג בניחוח ים 2*750 מל,מיוצר עי קונדיטוריית,,דאק ג'ל נוזל 750 זוג,ליטרים,1.50,ליטר,false,,18.90,12.6000,true,1,5843
7290010849512,false,למברוסקו די לואיג`י קאוויקיולי (750 מל),הכרם - משקאות חריפים בעמ,,למברוסקו די לואיג'י,מיליליטרים,750.00,"100 מ""ל",false,,29.90,3.9867,true,1,7330
7290010883363,false,כפפות אלוורה רב שימושיות קטנות S סנו סושי,החברה הדרומית לשיווק בעמ,,סנו סושי זוג כפפות א,יחידה,0.00,יחידה,false,,10.90,0.0000,true,1,30103
7290010922949,false,תות שדה קפוא 250 גרם - Shake It,"הבו-קדו בע""\מn\",,תות שדה קפוא שייק אי,גרמים,250.00,100 גרם,false,,11.90,4.7600,true,1,317366
<<<<<<< HEAD
7290010931330,false,סלט מטבוחה אחלה 500 גרם,מיוצר עי קונדיטוריית,,אחלה מטבוחה 500ג,גרמים,500.00,100 גרם,false,,16.90,3.3800,true,1,23330
7290010945146,false,קוטג' 3% מועשר בסידן טרה 250 ג' מהדרין,קריות זול,,טרה קוטג מועשר 3% 25,גרמים,250.00,100 גרם,false,,5.50,2.2000,true,1,6408
7290010945450,false,גבינה לבנה 3% 250 גר מועשר בסידן וויטמין,הפריט בפיקוח,,טרה גבינה לבנה מהדרי,גרמים,250.00,100 גרם,false,,4.98,1.9920,true,1,6411
7290011015862,false,"פריגת סירופ דיאט לימונענע 750 מ""ל",סירופ - גבעת חיים,,סירופ דיאט לימונענע,מיליליטרים,750.00,"100 מ""ל",false,,22.90,3.0533,true,1,7005
7290011017866,false,קוקה קולה קלאסי בפחית,החברה המרכזית לייצור משקאות,,קוקה קולה פחית סליק,מיליליטרים,330.00,"100 מ""ל",false,,5.50,1.6667,true,1,7026
7290011017873,false,"פחיות קוקה קולה זירו 330 מ""ל",החברה המרכזית לייצור משקאות,,ZERO קולה פחית סליק,מיליליטרים,330.00,"100 מ""ל",false,,5.50,1.6667,true,1,7027
7290011017880,false,דיאט קוקה קולה פחית סליק 330מל,החברה המרכזית לייצור משקאות,,קולה דיאט פחית סליק,מיליליטרים,330.00,"100 מ""ל",false,,5.50,1.6667,true,1,7028
7290011018832,false,"קוקה קולה פרידגפק סליק 330 מ""ל שישייה",החברה המרכזית לייצור משקאות,,קוקה קולה פרידג' פאק,ליטרים,1.98,ליטר,false,,22.90,11.5657,true,1,7055
=======
7290010931330,false,סלט מטבוחה אחלה 500 גרם,שטראוס גרופ בעמ/מצונן,,אחלה מטבוחה 500ג,גרמים,500.00,100 גרם,false,,16.90,3.3800,true,1,23330
7290010945146,false,קוטג' 3% מועשר בסידן טרה 250 ג' מהדרין,החברה המרכזית טלהפצת משקאות בע,,טרה קוטג מועשר 3% 25,גרמים,250.00,100 גרם,false,,5.50,2.2000,true,1,6408
7290010945450,false,גבינה לבנה 3% 250 גר מועשר בסידן וויטמין,החברה המרכזית טלהפצת משקאות בע,,טרה גבינה לבנה מהדרי,גרמים,250.00,100 גרם,false,,4.98,1.9920,true,1,6411
7290011015862,false,סירופ דיאט 750 מל בטעם לימונענע פריגת,החברה המרכזית להפצת משקאות בעמ,,סירופ דיאט לימונענע,מיליליטרים,750.00,"100 מ""ל",false,,22.90,3.0533,true,1,7005
7290011017866,false,פחית קולה סליק קוקה-קולה (330 מל),החברה המרכזית להפצת משקאות בעמ,,קוקה קולה פחית סליק,מיליליטרים,330.00,"100 מ""ל",false,,5.50,1.6667,true,1,7026
7290011017873,false,פחית זירו סליק קוקה-קולה (330 מל),החברה המרכזית להפצת משקאות בעמ,,ZERO קולה פחית סליק,מיליליטרים,330.00,"100 מ""ל",false,,5.50,1.6667,true,1,7027
7290011017880,false,פחית דיאט קולה סליק קוקה-קולה (330 מל),החברה המרכזית להפצת משקאות בעמ,,קולה דיאט פחית סליק,מיליליטרים,330.00,"100 מ""ל",false,,5.50,1.6667,true,1,7028
7290011018832,false,"קוקה קולה פרידגפק סליק 330 מ""ל שישייה",החברה המרכזית להפצת משקאות בעמ,,קוקה קולה פרידג' פאק,ליטרים,1.98,ליטר,false,,22.90,11.5657,true,1,7055
>>>>>>> d048ac2f4f281c9d788043ab4e81b61b0dbe3743
7290011110079,false,בזיליקום.,,,בזיליקום.,יח',1.00,יח',false,,6.90,6.9000,true,1,47823
7290011115166,false,נקה 7 ארומה סבון נוזלי לבנדר 1 ל',החברה הדרומית לשיווק בעמ,,תחליב רחצה לבנדר נקה,יחידה,0.00,יחידה,false,,16.60,0.0000,true,1,30119
7290011126209,false,הגן הקסום תה טעם תפוח וקינמון סיידר ויסוצקי 25 יח',תה ויסוצקי (ישראל)בעמ,,תה הגן הקסום תפוח וק,גרמים,55.00,100 גרם,false,,17.90,32.5455,true,1,24678
7290011126452,false,הגן הקסום תה בטעם קמומיל ונענע ויסוצקי 25 יחידות,תה ויסוצקי (ישראל) בעמ,,תה קמומיל ונענע 1.5ג,גרמים,37.50,100 גרם,false,,17.90,47.7333,true,1,24686
7290011126469,false,חליטת צמחים וקמומיל הגן הקסום ויסוצקי 25 יחידות,תה ויסוצקי (ישראל) בעמ,,תה קמומיל ודבש 1.5גר,גרמים,37.50,100 גרם,false,,17.90,47.7333,true,1,24687
7290011133634,false,"פפסי מקס פחית צרה מארז שישייה 330 מ""ל","טמפו משקאות בע""\מ",,שישיית פחיות פפסי מק,ליטרים,1.98,ליטר,false,,17.60,8.8889,true,1,9515
7290011148911,false,פלפלים מתוקים טינקרב,מרינה פטריות הגליל,,פלפלים מתוקים טינקרב,גרמים,300.00,100 גרם,false,,9.90,3.3000,true,1,35566
7290011194246,false,קוטג 5% 250 גרם עם סידן שטראוס,שטראוס גרופ בעמ/מצונן,,קוטג שטראוס 5% עם סי,גרמים,250.00,100 גרם,false,,6.00,2.4000,true,1,23332
7290011223038,false,בונומי עלים לקרמשניט שכבות אפויות מבצק עלים 300 גרם,דנשר (1963) בעמ,,בונומי עלים לקרמשניט,גרמים,300.00,100 גרם,false,,16.90,5.6333,true,1,5849
7290011236649,false,"נטיפי שוקולד ציפס אמיתי 300 גר' 54% מוצקי קקאו (בד""ץ)",דין שיווק וקליה 2021 בעמ,,שוקולד צ'יפס בלגי שק,גרמים,300.00,100 גרם,false,,10.90,3.6333,true,1,4651
7290011249748,false,רולים גלילי ופל במילוי קרם שוקולד 100 ג' עלמה,ח.כהן סוכנות מזון ומשקאות בע,,גילרו רולים שוקו 100,גרמים,100.00,100 גרם,false,,5.40,5.4000,true,1,41298
7290011249755,false,רולים גלילי ופל במילוי קרם אגוזים 100 ג' עלמה,ח.כהן סוכנות מזון ומשקאות בע,,רולים אגוז 100 גרם,גרמים,100.00,100 גרם,false,,5.40,5.4000,true,1,41299
7290011254605,false,תערובת לקדירה לקט חמין מיה 600 גרם,מיה תעשיות מזון מ.ת.מ. בעמ,,תערובת לקדירה לקט חמ,גרמים,600.00,100 גרם,false,,11.10,1.8500,true,1,15093
7290011378769,false,חטיף חלווה וניל בארכה 126 גרם מארז 7 יחידות,קבוצת אוסם סחר שותפות מוגבלת,,בארכה בקטנה מאגדת ונ,גרמים,120.00,100 גרם,false,,13.50,11.2500,true,1,18742
7290011379018,false,מארז משפחתי שמפיניון 500 ג' מרינה,ביכורי השדה צפון 1994 ג.ד. בעמ,,פטריות צמד חמד,גרמים,500.00,100 גרם,false,,16.90,3.3800,true,1,41527
7290011438142,false,"משקה יטבתה אייס קפה בבקבוק אישי 350 מ""ל",שטראוס גרופ בעמ/מצונן,,יטבתה אייס קפה בבקבו,מיליליטרים,350.00,"100 מ""ל",false,,6.90,1.9714,true,1,23338
7290011447281,false,מטרנה פרימיום חלבי שלב 2 700 גרם חיסכון,קבוצת אוסם סחר שותפות מוגבלת,,מטרנה חלבי שלב 2 70,גרמים,700.00,100 גרם,false,,52.90,7.5571,true,1,18752
7290011499105,false,בולגרית מסורתית 5% 250 גרם -רבנות,מחלבות גד שיווק 1992 בעמ,,גד בולגרית 5% 250ג,גרמים,250.00,100 גרם,false,,23.90,9.5600,true,1,14665
7290011499112,false,בולגרית מסורתית 16% 250 גרם - רבנות,מחלבות גד שיווק 1992 בעמ,,גד בולגרית 16% 250ג,גרמים,250.00,100 גרם,false,,23.90,9.5600,true,1,14666
7290011499129,false,גבינה בולגרית מעודנת קוביות קטנות 5% גד 200 גרם,מחלבות גד שיווק 1992 בעמ,,גד בולגרית מעודנת קו,גרמים,200.00,100 גרם,false,,22.90,11.4500,true,1,14667
7290011499303,false,פטה עיזים מעודנת 5% בגביע 250 גרם - רבנות,מחלבות גד שיווק 1992 בעמ,,פטה עיזים מעודנת 5%,גרמים,250.00,100 גרם,false,,31.90,12.7600,true,1,14670
7290011499327,false,גבינה בולגרית מעודנת 5% 250 גרם - רבנות,מחלבות גד שיווק 1992 בעמ,,גד בולגרית בקר מעודנ,גרמים,250.00,100 גרם,false,,23.90,9.5600,true,1,14671
7290011499358,false,פטה עיזים מסורתית 20% בגביע 200 גרם - רובין,מחלבות גד שיווק 1992 בעמ,,גד פטה עיזים 20% 200,גרמים,200.00,100 גרם,false,,27.90,13.9500,true,1,14674
7290011499365,false,גבינת חלומי 24% מחלב בקר גד (200 גרם),מחלבות גד שיווק 1992 בעמ,,גד חלומי 24% 200ג,גרמים,200.00,100 גרם,false,,23.90,11.9500,true,1,14675
7290011499419,false,גבינה במרקם שמנת בטעם טבעי 5% ניו יורק,מחלבות גד שיווק 1992 בעמ,,גבינה במרקם שמנת 5%,גרמים,200.00,100 גרם,false,,11.90,5.9500,true,1,14677
7290011499624,false,שמנת 30% ניו יורק טבעי 200 גרם רבנות,מחלבות גד שיווק 1992 בעמ,,גד ניו יורק גבינת שמ,גרמים,200.00,100 גרם,false,,13.90,6.9500,true,1,14680
7290011499846,false,גבינת ריקוטה פרסקה 9% גד (300 גרם),מחלבות גד שיווק 1992 בעמ,,גד ריקוטה פרסקה 5% 3,גרמים,300.00,100 גרם,false,,18.90,6.3000,true,1,14691
7290011501563,false,נקטר חמוציות דין שיו,דין שיווק וקליה 2021 בעמ,,נקטר חמוציות דין שיו,מיליליטרים,948.00,"100 מ""ל",false,,16.20,1.7089,true,1,4653
7290011518561,false,"אקטימל תות 1.51 ק""ג מארז 14 יחידות",שטראוס גרופ בעמ/מצונן,,אקטימל תות משפחתי 14,ליטרים,1.40,ליטר,false,,32.90,23.5000,true,1,23343
7290011525712,false,"קמיל בלו אל סבון סנסיטיב לפני השינה ד""ר פישר 1 ליטר","פישר תעשיות פרמצביטות בע""מ",,קמיל בלו סנסיטיב לפנ,יחידה,0.00,יחידה,false,,33.90,0.0000,true,1,29129
7290011530488,false,שייק איט 450 גר saturday מיקס פירות קפוא,"הבו-קדו בע""מ",,שייק איט(3*150 גר')-,גרמים,450.00,100 גרם,false,,30.90,6.8667,true,1,101740
7290011530525,false,מיקס פירות קפואים שייק איט צהוב - 3*150 ג',"הבו-קדו בע""מ",,שייק איט יום שלישי 4,גרמים,450.00,100 גרם,false,,30.90,6.8667,true,1,71426
7290011530549,false,מיקס פירות קפואים שייק איט ורוד - 3*150 ג',"הבו-קדו בע""מ",,שייק איט יום ראשון 4,גרמים,450.00,100 גרם,false,,30.90,6.8667,true,1,71428
7290011530730,false,מיקס פירות קפואים שייק איט חום - 3*150 ג',"הבו-קדו בע""מ",,שייק איט יום חמישי 4,גרמים,450.00,100 גרם,false,,30.90,6.8667,true,1,71429
7290011575007,false,"הפי מרסס שומר ברק למקלחון 750 מ""ל","יעקב יעקבי ובניו בע""מ",,הפי-מרסס לאמבט חדש 7,מיליליטרים,750.00,"100 מ""ל",false,,23.70,3.1600,true,1,11320
7290011587857,false,עגבניות מיובשות בשמן חמניות ועשבי תיבול,סנטו דידה סאן,,עגבניות מיובשות מתוב,גרמים,250.00,100 גרם,false,,10.90,4.3600,true,1,25038
7290011593087,false,"שמן זית כתית מעולה 750 מ""ל סבא חביב",בני פאוזי שמשום (2009) בעמ,,סבא חביב שמן זית כתי,מיליליטרים,750.00,"100 מ""ל",false,,30.90,4.1200,true,1,230941
7290011598211,false,"סנו - אנטי קאלק מרסס ניקוי כללי 4 ב-1 700 מ""ל",החברה הדרומית לשיווק בעמ,,מנקה כללי אנטיקאלק 7,מיליליטרים,700.00,"100 מ""ל",false,,19.90,2.8429,true,1,30137
7290011598402,false,מקסימה מרכך כביסה ארומתרפי מאסק סנו 4 ליטר,החברה הדרומית לשיווק בעמ,,מרכך כביסה סנו מקסימ,ליטרים,4.00,ליטר,false,,23.90,5.9750,true,1,30141
7290011877842,false,שקיות ואקום לאחסון XXXL+L סנו סושי 2 יחידות,החברה הדרומית לשיווק בעמ,,סנו סושי שקיות ואקום,יחידה,0.00,יחידה,false,,26.90,0.0000,true,1,30174
7290011877859,false,סנו אינסטלטור חדש פותח סתימות 200ג',החברה הדרומית לשיווק בעמ,,סנו אינסטלטור פותח ס,מיליליטרים,200.00,"100 מ""ל",false,,15.90,7.9500,true,1,30175
7290011912642,false,ליסטרין שטיפת פה הגנה על השיניים והחניכי,ג'\ונסון אנד ג'\ונסון,,מי פה טאגד ליסטרין 5,מיליליטרים,500.00,"100 מ""ל",false,,23.90,4.7800,true,1,29487
<<<<<<< HEAD
7290011947798,false,זית קלמטה ללא גלעין עם שמן זית כתית מעולה,זיתא - י.ט.ב תעשיות,,זית קלמטה ללא גלעין,גרמים,190.00,100 גרם,false,,15.90,8.3684,true,1,118823
7290011947903,false,מיקס זיתים יווני זיתא 215 ג',זיתא - י.ט.ב תעשיות,,זיתים מיקס ייווני זי,גרמים,215.00,100 גרם,false,,14.50,6.7442,true,1,194828
7290012019265,false,"מחית תפו""ע ללא תוספת סוכר 4*113גר",אינדיאן סאמר קו אופ אינק,,"מחית תפו""ע ללא סוכר",גרמים,452.00,100 גרם,false,,11.90,2.6327,true,1,25054
7290012022203,false,פריכיות קליליות חיטה,דילייט 2005,,קליליות חיטה מלאה די,גרמים,100.00,100 גרם,false,,13.90,13.9000,true,1,31547
7290012022227,false,קליליות חיטה בטעם טבעי,דילייט 2005,,קליליות בטעם טבעי די,גרמים,60.00,100 גרם,false,,12.90,21.5000,true,1,31548
7290012031137,false,סיגריות ל.מ.נייט מוש,פיליפ מוריס,,אל אם נייט מושיין בו,יחידה,0.00,יחידה,false,,26.00,0.0000,false,1,28986
7290012086113,false,עגבניות שרי אשכולות מארז,קטיף.,,עגבניות שרי,גרמים,500.00,100 גרם,false,,9.90,1.9800,true,1,50937
7290012116063,false,"כיף אל סבון פיות בתמציות קמומיל 750 מ""ל",טרופיקל דגיל תעשיות,,אל סבון כיף פיות בתמ,מיליליטרים,750.00,"100 מ""ל",false,,12.90,1.7200,true,1,30184
7290012116537,false,"מקסימה אבקת כביסה בניחוח מאסק סנו 2.5 ק""ג",טרופיקל דגיל תעשיות,,אבקת כביסה סנו מקסימ,קילוגרמים,2.50,"ק""ג",false,,28.90,11.5600,true,1,30190
7290012117350,false,"נוזל רצפות לילך 2 ליטר ""ריצפז פרש""","סנו מפעלי ברונוס בע""\מ",,ריצפז פרש לילך לבנדר,ליטרים,2.00,ליטר,false,,19.90,9.9500,true,1,30209
7290012117428,false,"ג'ל רחצה ושמפו מעיינות מנטה קרמה מן 700 מ""ל",טרופיקל דגיל תעשיות,,שמפו וג'ל רחצה לגבר,מיליליטרים,700.00,"100 מ""ל",false,,19.90,2.8429,true,1,30215
7290012117435,false,"קרמה - שמפו וג'ל רחצה 2 ב-1 אלוורה 700 מ""ל",טרופיקל דגיל תעשיות,,שמפו וג'ל רחצה אלוור,מיליליטרים,700.00,"100 מ""ל",false,,19.90,2.8429,true,1,30216
7290012117541,false,מרכך כביסה מרוכז צהוב סנו מקסימה 1 ליטר,סנו מפעלי ברונוס בעמ,,סנו מקסימה מרכך קומפ,יחידה,0.00,יחידה,false,,19.90,0.0000,true,1,30219
7290012117558,false,מקסימה מרכך כביסה מרוכז ורוד בניחוח מאסק סנו 1 ליטר,"סנו מפעלי ברונוס בע""\מ",,סנו מקסימה מרכך קומפ,יחידה,0.00,יחידה,false,,19.90,0.0000,true,1,30220
7290012117572,false,כפפות סנו סושי לטקס M אריזת 100יח',סנו סושי,,M סנו סושי כפפות לטק,יחידה,0.00,יחידה,false,,44.90,0.0000,true,1,30222
7290012117732,false,מקסימה מרכך כביסה ארומתרפי קול סנו 4 ליטר,"סנו מפעלי ברונוס בע""\מ",,מרכך כביסה סנו מקסימ,ליטרים,4.00,ליטר,false,,23.90,5.9750,true,1,30228
7290012117916,false,אינסטלטור נוזל לפתיחת סתימות סנו 1 ליטר,"סנו מפעלי ברונוס בע""",,סנו אינסטלאטור פותח,יחידה,0.00,יחידה,false,,30.90,0.0000,true,1,30235
7290012191053,true,המנגליסט גפרור ארוך,,,המנגליסט גפרור ארוך,יחידה,0.00,יחידה,false,,5.90,0.0000,true,1,140358
7290012191084,false,אריזת גפרורים 10 קופסאות,,,המנגליסט גפרורים עשי,יחידה,0.00,יחידה,false,,3.50,0.0000,true,1,7883
7290012226021,false,נקניק סלמי מעושן פראג זוגלובק 400 גרם,נקניק נהריה כשר זוגל,,סלמי מעושן פראג יבש,גרמים,400.00,100 גרם,false,,23.90,5.9750,true,1,39003
7290012226120,false,"קבנוס 135 גרם ""זוגלובק""",נקניק נהריה כשר זוגל,,זוגלובק קבנוס 135ג.,גרמים,135.00,100 גרם,false,,12.90,9.5556,true,1,39004
7290012226342,false,נקניקיה טבעונית למחבת או לתנור עשירה בחלבון,זוגלו'ס Zoglos,,נקניקיה מן הצומח טבע,גרמים,460.00,100 גרם,false,,32.90,7.1522,true,1,39007
7290012227325,false,סלמי דק דק מעושן איטלקי 120 ג' זוגלובק,זוגלובק,,זוגלובק סלמי מעושן ד,גרמים,120.00,100 גרם,false,,14.90,12.4167,true,1,39026
7290012227912,false,קבנוס מעודן זוגלובק 135 גרם,זוגלובק,,קבנוס מעודן זוגלובק,גרמים,135.00,100 גרם,false,,12.90,9.5556,true,1,39048
7290012227974,false,פסטרמה הודו בדבש טהור דק דק דק,זוגלובק,,זוגלובק פסטרמה בדבש,גרמים,120.00,100 גרם,false,,14.90,12.4167,true,1,39049
7290012227998,false,פסטרמה דק דק חזה בקר 120 ג' זוגלובק,זוגלובק,,זוגלובק חזה בקר 12,גרמים,120.00,100 גרם,false,,14.90,12.4167,true,1,39051
7290012260827,false,שערות קדאיף מזאווי 4,"ממתקי מזוואי בע""מ",,שערות קדאיף 475 גרם,גרמים,475.00,100 גרם,false,,14.90,3.1368,true,1,49341
7290012367700,false,קרם גוף אינטנסיב רליף Intensive relief לעור יבש ומגורה,פישר מעבדות פרמצבטיות בע,,קרם גוף שיבולת שועל,מיליליטרים,700.00,"100 מ""ל",false,,33.90,4.8429,true,1,29137
=======
7290011947798,false,זית קלמטה ללא גלעין עם שמן זית כתית מעולה,תה ויסוצקי (ישראל) בעמ,,זית קלמטה ללא גלעין,גרמים,190.00,100 גרם,false,,15.90,8.3684,true,1,118823
7290011947903,false,מיקס זיתים יווני זיתא 215 ג',תה ויסוצקי (ישראל) בעמ,,זיתים מיקס ייווני זי,גרמים,215.00,100 גרם,false,,14.50,6.7442,true,1,194828
7290012019265,false,"מחית תפו""ע ללא תוספת סוכר 4*113גר",תומר ייבוא ושיווק מוצרי מזון [,,"מחית תפו""ע ללא סוכר",גרמים,452.00,100 גרם,false,,11.90,2.6327,true,1,25054
7290012022203,false,פריכיות חיטה מלאה 60 גרם,דילייט 2005 בע`מ,,קליליות חיטה מלאה די,גרמים,100.00,100 גרם,false,,13.90,13.9000,true,1,31547
7290012022227,false,פריכיות חיטה טבעי 60 גרם,דילייט 2005 בע`מ,,קליליות בטעם טבעי די,גרמים,60.00,100 גרם,false,,12.90,21.5000,true,1,31548
7290012031137,false,סיגריות ל.מ.נייט מוש,פיליפ מוריס בעמ,,אל אם נייט מושיין בו,יחידה,0.00,יחידה,false,,26.00,0.0000,false,1,28986
7290012086113,false,עגבניות שרי אשכולות מארז,ביכורי השדה הצפון בעמ` 1964,,עגבניות שרי,גרמים,500.00,100 גרם,false,,9.90,1.9800,true,1,50937
7290012116063,false,כיף אלסבון פיות מועשר בתמציות קמומיל 750,החברה הדרומית לשיווק בעמ,,אל סבון כיף פיות בתמ,מיליליטרים,750.00,"100 מ""ל",false,,12.90,1.7200,true,1,30184
7290012116537,false,"מקסימה אבקת כביסה בניחוח מאסק סנו 2.5 ק""ג",החברה הדרומית לשיווק בעמ,,אבקת כביסה סנו מקסימ,קילוגרמים,2.50,"ק""ג",false,,28.90,11.5600,true,1,30190
7290012117350,false,"נוזל רצפות לילך 2 ליטר ""ריצפז פרש""",החברה הדרומית לשיווק בעמ,,ריצפז פרש לילך לבנדר,ליטרים,2.00,ליטר,false,,19.90,9.9500,true,1,30209
7290012117428,false,"ג'ל רחצה ושמפו מעיינות מנטה קרמה מן 700 מ""ל",החברה הדרומית לשיווק בעמ,,שמפו וג'ל רחצה לגבר,מיליליטרים,700.00,"100 מ""ל",false,,19.90,2.8429,true,1,30215
7290012117435,false,"קרמה - שמפו וג'ל רחצה 2 ב-1 אלוורה 700 מ""ל",החברה הדרומית לשיווק בעמ,,שמפו וג'ל רחצה אלוור,מיליליטרים,700.00,"100 מ""ל",false,,19.90,2.8429,true,1,30216
7290012117541,false,מרכך כביסה מרוכז צהוב סנו מקסימה 1 ליטר,החברה הדרומית לשיווק בעמ,,סנו מקסימה מרכך קומפ,יחידה,0.00,יחידה,false,,19.90,0.0000,true,1,30219
7290012117558,false,מקסימה מרכך כביסה מרוכז ורוד בניחוח מאסק סנו 1 ליטר,החברה הדרומית לשיווק בעמ,,סנו מקסימה מרכך קומפ,יחידה,0.00,יחידה,false,,19.90,0.0000,true,1,30220
7290012117572,false,כפפות סנו סושי לטקס M אריזת 100יח',החב. הדרומית לשיווק,,M סנו סושי כפפות לטק,יחידה,0.00,יחידה,false,,44.90,0.0000,true,1,30222
7290012117732,false,מקסימה מרכך כביסה ארומתרפי קול סנו 4 ליטר,החברה הדרומית לשיווק בעמ,,מרכך כביסה סנו מקסימ,ליטרים,4.00,ליטר,false,,23.90,5.9750,true,1,30228
7290012117916,false,אינסטלטור נוזל לפתיחת סתימות סנו 1 ליטר,החברה הדרומית לשיווק בעמ,,סנו אינסטלאטור פותח,יחידה,0.00,יחידה,false,,30.90,0.0000,true,1,30235
7290012191053,true,המנגליסט גפרור ארוך,,,המנגליסט גפרור ארוך,יחידה,0.00,יחידה,false,,5.90,0.0000,true,1,140358
7290012191084,false,אריזת גפרורים 10 קופסאות,,,המנגליסט גפרורים עשי,יחידה,0.00,יחידה,false,,3.50,0.0000,true,1,7883
7290012226021,false,נקניק סלמי מעושן פראג זוגלובק (400 גרם),נקניק נהריה כשר זוגל,,סלמי מעושן פראג יבש,גרמים,400.00,100 גרם,false,,23.90,5.9750,true,1,39003
7290012226120,false,קבנוס זוגלובק (45x3 גרם),נקניק נהריה כשר זוגל,,זוגלובק קבנוס 135ג.,גרמים,135.00,100 גרם,false,,12.90,9.5556,true,1,39004
7290012226342,false,נקניקיה טבעונית למחבת או לתנור עשירה בחלבון,זוגלובק שיווק בעמ,,נקניקיה מן הצומח טבע,גרמים,460.00,100 גרם,false,,32.90,7.1522,true,1,39007
7290012227325,false,סלמי דק דק מעושן איטלקי 120 ג' זוגלובק,זוגלובק שיווק בעמ,,זוגלובק סלמי מעושן ד,גרמים,120.00,100 גרם,false,,14.90,12.4167,true,1,39026
7290012227912,false,קבנוס מעודן זוגלובק 135 גרם,נקניק זוגלובק נהריה,,קבנוס מעודן זוגלובק,גרמים,135.00,100 גרם,false,,12.90,9.5556,true,1,39048
7290012227974,false,פסטרמה הודו בדבש טהור דק דק דק,זוגלובק שיווק בעמ,,זוגלובק פסטרמה בדבש,גרמים,120.00,100 גרם,false,,14.90,12.4167,true,1,39049
7290012227998,false,פסטרמה דק דק חזה בקר 120 ג' זוגלובק,זוגלובק שיווק בעמ,,זוגלובק חזה בקר 12,גרמים,120.00,100 גרם,false,,14.90,12.4167,true,1,39051
7290012260827,false,שערות קדאיף מזאווי 4,א.ג בחירה חכמה בעמ,,שערות קדאיף 475 גרם,גרמים,475.00,100 גרם,false,,14.90,3.1368,true,1,49341
7290012367700,false,קרם גוף אינטנסיב רליף Intensive relief לעור יבש ומגורה,"פישר תעשיות פרמבצטיות בע""מ",,קרם גוף שיבולת שועל,מיליליטרים,700.00,"100 מ""ל",false,,33.90,4.8429,true,1,29137
>>>>>>> d048ac2f4f281c9d788043ab4e81b61b0dbe3743
7290012372247,false,"קמח מנופה כוסמין לבן רוביפנלד 1 ק""ג","סופר קמח רובינפלד בע""מ",,קמח כוסמין לבן רובינ,קילוגרמים,1.00,"ק""ג",false,,16.90,16.9000,true,1,279480
7290012522581,false,טבעול שניצל תירס ללא גלוטן טבעול 664 גרם,קבוצת אוסם סחר-שות.מוגבלת,,טבעול שניצל תירס ללא,גרמים,664.00,100 גרם,false,,30.90,4.6536,true,1,19794
7290012557972,false,עוגיות נמסות במילוי קרם אגוזים 150 גר',,,עוגיות נמסות במילוי,גרמים,150.00,100 גרם,false,,5.90,3.9333,true,1,13196
<<<<<<< HEAD
7290012561337,false,כורכום טרי כתוש קפוא דורות 70 גר,מוצרי שום ותיבול דורות,,כורכום טרי כתוש דורו,גרמים,180.00,100 גרם,false,,12.30,6.8333,true,1,178621
7290012642586,false,ערמונים קלופים תומר 100 ג',Tangshan huiyuan foo,,ערמונים קלופים וקלוי,גרמים,100.00,100 גרם,false,,5.90,5.9000,true,1,25074
7290012645112,false,יוגורט עיזים 2.8% בדלי חלב הארץ 750 גרם,מחלבות סוסיא,,יוגורט עיזים בדלי 75,מיליליטרים,750.00,"100 מ""ל",false,,21.90,2.9200,true,1,23351
7290012803215,false,וופל בלגי בטעם שוקולד ללא תוספת סוכר,בטר אנד דיפרנט,,טוסו וופל בלגי שוקול,גרמים,200.00,100 גרם,false,,11.50,5.7500,true,1,5912
7290012803451,false,טוסו שוקולד מריר 62% מוצקי קקאו ללא תוספת סוכר 100 גרם,אלטינמארקה,,טוסו שוקלד מריר 62%,גרמים,100.00,100 גרם,false,,12.50,12.5000,true,1,5917
=======
7290012561337,false,כורכום טרי כתוש קפוא דורות 70 גר,קבוצת אוסם סחר שותפות מוגבלת,,כורכום טרי כתוש דורו,גרמים,180.00,100 גרם,false,,12.30,6.8333,true,1,178621
7290012642586,false,ערמונים קלופים תומר 100 ג',תומר ייבוא ושיווק מוצרי מזון [,,ערמונים קלופים וקלוי,גרמים,100.00,100 גרם,false,,5.90,5.9000,true,1,25074
7290012645112,false,יוגורט עיזים 2.8% בדלי חלב הארץ 750 גרם,שטראוס גרופ בעמ/מצונן,,יוגורט עיזים בדלי 75,מיליליטרים,750.00,"100 מ""ל",false,,21.90,2.9200,true,1,23351
7290012803215,false,טוסו וופל בלגי ללתס בטעם שוקולד 200 גר`,בטר אנד דיפרנט,,טוסו וופל בלגי שוקול,גרמים,200.00,100 גרם,false,,11.50,5.7500,true,1,5912
7290012803451,false,טוסו שוקולד מריר 62% מוצקי קקאו ללא תוספת סוכר 100 גרם,"דנשר (1963) בע,מ",,טוסו שוקלד מריר 62%,גרמים,100.00,100 גרם,false,,12.50,12.5000,true,1,5917
>>>>>>> d048ac2f4f281c9d788043ab4e81b61b0dbe3743
7290012803765,false,טוסו שוקולד מריר ללא תוספת סוכר 100 גרם,אלטינמארקה גידה סאן,,טוסו שוקלד מריר 100ג,גרמים,100.00,100 גרם,false,,12.50,12.5000,true,1,5927
7290012823381,false,מקסימה מרכך כביסה מרוכז סנסטיב בייבי סנו 1 ליטר,החברה הדרומית לשיווק בעמ,,סנו מקסימה סנסטיב מר,יחידה,0.00,יחידה,false,,19.90,0.0000,true,1,30263
7290012823398,false,מטליות חד פעמיות לניקוי הרצפה בניחוח מרכך כביסה 10יח' סנו,החברה הדרומית לשיווק בעמ,,ריצפז מטליות לחות בנ,יחידה,0.00,יחידה,false,,12.90,0.0000,true,1,30264
7290012823558,false,"מטליות לחות לרצפה 40*70 ס""מ סנו סושי 10 יחידות",החברה הדרומית לשיווק בעמ,,סנו סושי מטליות ענק,יחידה,0.00,יחידה,false,,12.90,0.0000,true,1,30268
7290012823602,false,נייר טואלט סופט סילק לבן 32 גלילים סנו,החברה הדרומית לשיווק בעמ,,נייר טואלט סופט סילק,מטרים,588.00,מטר,false,,33.90,0.0577,true,1,30271
7290012823923,false,"מרכך כביסה מרוכז פרפיום גולדן מקסימה 750 מ""ל",החברה הדרומית לשיווק בעמ,,סנו מקסימה מרכך פרפי,מיליליטרים,750.00,"100 מ""ל",false,,19.90,2.6533,true,1,30285
7290012884986,false,צ`יפס לתנור עד 4% שומן תפוגן (1.5 קג),קבוצת אוסם סחר שותפות מוגבלת,,תפוגן ציפס לתנור עד,קילוגרמים,1.50,"ק""ג",false,,30.90,20.6000,true,1,19804
7290012901355,false,דודלס ארוחת אטריות עם גבינה 206 גרם,האי נאם סי או אל.טי.,,דודלס ארוחת איטריות,גרמים,206.00,100 גרם,false,,11.90,5.7767,true,1,36880
7290012901973,false,"שעועית אדומה, 400 גרם גאלה",יורוקום אס.אר.אל,,שעועית אדומה 400 גרם,גרמים,400.00,100 גרם,false,,10.90,2.7250,true,1,168155
<<<<<<< HEAD
7290012921032,false,"בקבוק בירה מלכה אדמונית 330 מ""ל","איי, בי, אינבוו",,מלכה בוטיק בירה אדמו,מיליליטרים,330.00,"100 מ""ל",false,,14.90,4.5152,true,1,7346
7290012921056,false,"בקבוק בירה מלכה חיטה 330 מ""ל",מבשלת בירה ישראלית,,מלכה בוטיק בירה חיטה,מיליליטרים,330.00,"100 מ""ל",false,,14.90,4.5152,true,1,7347
7290012931116,false,מגב חד להב סיליקון,מ.א. ייצור ויבוא מטליות,,"מגב חד להב 40 ס""מ SH",יחידה,0.00,יחידה,false,,23.90,0.0000,true,1,13509
7290012936937,false,תבלינים בהרט בצנצנת 40 גרם,א.ל ייצור ושיווק תבל,,מימון בהרט 40 גרם,גרמים,50.00,100 גרם,false,,12.90,25.8000,true,1,353
7290012936944,false,אגוז מוסקט טחון תבליני מימון 40 גרם,א.ל ייצור ושיווק תבלינים,,מימון אגוז מוסקט טחו,גרמים,40.00,100 גרם,false,,15.20,38.0000,true,1,354
7290012938405,false,"רדיד אלומיניום עבה במיוחד לבישול,אפייה והקפאה.",ריינולדס,,דאיימונד נייר כסף 87,מטרים,7.60,מטר,false,,19.70,2.5921,true,1,3871
=======
7290012921032,false,"בקבוק בירה מלכה אדמונית 330 מ""ל",הכרם - משקאות חריפים בעמ,,מלכה בוטיק בירה אדמו,מיליליטרים,330.00,"100 מ""ל",false,,14.90,4.5152,true,1,7346
7290012921056,false,"בקבוק בירה מלכה חיטה 330 מ""ל",הכרם - משקאות חריפים בעמ,,מלכה בוטיק בירה חיטה,מיליליטרים,330.00,"100 מ""ל",false,,14.90,4.5152,true,1,7347
7290012931116,false,מגב מיוחד איכותי חד להב עם מקל,מ.א.ייצור ויבוא מטליות בעמ,,"מגב חד להב 40 ס""מ SH",יחידה,0.00,יחידה,false,,23.90,0.0000,true,1,13509
7290012936937,false,תבלינים בהרט בצנצנת 40 גרם,א.ל. ייצור ושיווק תבלינים בע`מ,,מימון בהרט 40 גרם,גרמים,50.00,100 גרם,false,,12.90,25.8000,true,1,353
7290012936944,false,אגוז מוסקט טחון תבליני מימון (40 גרם),א.ל. ייצור ושיווק תבלינים בע`מ,,מימון אגוז מוסקט טחו,גרמים,40.00,100 גרם,false,,15.20,38.0000,true,1,354
7290012938405,false,"רדיד אלומיניום עבה במיוחד לבישול,אפייה והקפאה.",גורי ע.ע.ע. בע`מ,,דאיימונד נייר כסף 87,מטרים,7.60,מטר,false,,19.70,2.5921,true,1,3871
>>>>>>> d048ac2f4f281c9d788043ab4e81b61b0dbe3743
7290012938580,false,"סנסודיין משחת שיניים להלבנה עדינה 75 מ""ל",גלקסוסמית'\קליין קונסיומ,,משחת שיניים הלבנה עד,מיליליטרים,75.00,"100 מ""ל",false,,22.70,30.2667,true,1,3873
7290012938740,false,"משחת שיניים פרש מינט מנטה 75מ""ל סנסודיין",גלקסו סמית קליין,,משחת שיניים פרש מינט,מיליליטרים,75.00,"100 מ""ל",false,,22.70,30.2667,true,1,3876
7290012962929,false,כפפות ניטריל סייף טא,,,כפפות ניטריל סייף טא,יחידה,0.00,יחידה,false,,29.90,0.0000,true,1,284336
7290012962936,false,כפפות ניטריל סייף טא,,,כפפות ניטריל סייף טא,יחידה,0.00,יחידה,false,,29.90,0.0000,true,1,284337
7290013027399,false,לחם קמח מלא קל בתוספת שיפון 750 ג' אנג'ל,מאפיית שלמה א. אנג'\ל בע,,לחם 100 בתוספת שיפון,גרמים,750.00,100 גרם,false,,15.90,2.1200,true,1,35480
7290013117212,false,בורקס פילו במילוי גבינה מעדנות 600 גר,תנובה מרכז שיתופי לשיווק תוצרת,,בורקס פילו גבינה מעד,גרמים,600.00,100 גרם,false,,22.90,3.8167,true,1,35635
7290013117229,false,"בורקס פילו במילוי תפו""א מעדנות 600 גר",תנובה מרכז שיתופי לשיווק תוצרת,,בורקס פילו תפוא מעדנ,גרמים,600.00,100 גרם,false,,22.90,3.8167,true,1,35636
7290013117526,false,בצק שמרים מרודד למאפים מתוקים מעדנות 900 גרם,תנובה מרכז שיתופי לשיווק תוצרת,,מעדנות בצק שמרים למא,גרמים,900.00,100 גרם,false,,26.90,2.9889,true,1,35644
7290013121165,false,לחמניות נקניקיה ללא גלוטן גרין לייט 6 * 77 גרם,אביב קונדיטוריה מעול,,"לחמניות נקניקיה כשל""",גרמים,460.00,100 גרם,false,,19.90,4.3261,true,1,49713
7290013144188,false,מימונס תערובת להכנת בראוניז 600 גרם,א.ל.יצור ושיווקתבלינים בעמ,,תערובת בראוניס 600 ג,גרמים,600.00,100 גרם,false,,17.50,2.9167,true,1,15347
7290013144218,false,מיימונס תערובת עוגת וניל 560 גרם.,א.ל.ייצור ושיווק תבלינים בעמ,,תערובת עוגת וניל 560,גרמים,560.00,100 גרם,false,,17.50,3.1250,true,1,15350
7290013144232,false,מיימונס פודינג בטעם וניל 80 גרם,א.ל. ייצור ושיווק תבלינים בע`מ,,פודינג וניל מימונס 8,גרמים,80.00,100 גרם,false,,6.90,8.6250,true,1,15352
7290013144393,false,תמצית אפיה בטעם וניל מימונס (50 מל),א.ל. ייצור ושיווק תבלינים בע`מ,,תמצית בטעם וניל 50גר,גרמים,50.00,100 גרם,false,,4.90,9.8000,true,1,15361
7290013144614,false,"מיימונס סירופ מייפל אמיתי 100% מקנדה 236 מ""ל",א.ל.ייצור ושיווק תבלינים בעמ,,סירופ מייפל אמיתי 10,מיליליטרים,236.00,"100 מ""ל",false,,43.80,18.5593,true,1,15370
7290013144980,false,תרסיס שמן קנולה מימונס 170 גרם,א.ל. ייצור ושיווק תבלינים בע`מ,,תרסיס שמן קונולה מימ,גרמים,170.00,100 גרם,false,,16.90,9.9412,true,1,15375
7290013145116,false,מיימונס שקד מולבן מקלות 100 גרם.,א.ל. ייצור ושיווק תבלינים בע`מ,,מימונס שקד מולבן מקל,גרמים,100.00,100 גרם,false,,13.90,13.9000,true,1,15386
7290013145192,false,שומשום מימונס (100 גרם),א.ל. ייצור ושיווק תבלינים בע`מ,,שומשום 100גר,גרמים,100.00,100 גרם,false,,6.90,6.9000,true,1,15392
7290013145215,false,שומשום מימונס (400 גרם),א.ל.ייצור ושיווק תבלינים בעמ,,שומשום 400גר,גרמים,400.00,100 גרם,false,,16.90,4.2250,true,1,15393
7290013145406,false,שוקולד צ`יפס לבן מימונס (250 גרם),א.ל. ייצור ושיווק תבלינים בע`מ,,מימונס שוקולד ציפס ל,גרמים,250.00,100 גרם,false,,10.90,4.3600,true,1,15398
7290013145901,false,סודה לשתיה מימונס (100 גרם),א.ל. ייצור ושיווק תבלינים בע`מ,,סודה לשתיה 100 גרם,גרמים,100.00,100 גרם,false,,2.90,2.9000,true,1,15427
7290013146304,false,קורנפלור 500 גרם מימונס.,א.ל.ייצור ושיווק תבלינים בעמ,,מימונס קורנפלור 500,גרמים,500.00,100 גרם,false,,7.90,1.5800,true,1,15445
7290013146663,false,אטריות צבעוניות לקישוט מימונס 55 גרם,א.ל.ייצור ושיווק תבלינים בעמ,,קונפטי לקישוט צבעוני,גרמים,55.00,100 גרם,false,,12.90,23.4545,true,1,66102
7290013146762,false,"קצפת לזילוף 24% שומן מימונס 200 מ""ל",קפוא-זן תעשיות מזון בעמ - תפוג,,קצפת לזילוף 24% שומן,גרמים,500.00,100 גרם,false,,7.90,1.5800,true,1,201757
7290013146854,false,קוקוס לבן טחון מימונס 400 ג',א.ל.יצור ושיווקתבלינים בעמ,,מיימונס קוקוס לבן טח,גרמים,400.00,100 גרם,false,,15.90,3.9750,true,1,15449
7290013203182,false,שרי מנומר -ליקופן,,,שרי מנומר -ליקופן,גרמים,200.00,100 גרם,false,,9.90,4.9500,true,1,50938
<<<<<<< HEAD
7290013220103,false,דובדבן ללא חרצן קפוא500ג,א.מ שרון,,דובדבן קפוא 500 גרם,גרמים,500.00,100 גרם,false,,24.90,4.9800,true,1,51608
7290013220127,false,דומדומנית שחורה קפוא500ג,א.מ שרון,,דומדמנית שחורה 500 ג,גרמים,500.00,100 גרם,false,,24.90,4.9800,true,1,51610
7290013220318,false,חמוציות קפואות 400 גרם,א.מ שרון,,חמוציות יער 400 גרם,גרמים,400.00,100 גרם,false,,24.90,6.2250,true,1,51613
7290013220349,false,דומדמניות אדומות 500,א.מ שרון,,דומדמנית אדומה 500 ג,גרמים,500.00,100 גרם,false,,24.90,4.9800,true,1,51614
7290013221018,false,מנגו חתוך קפוא 500 גרם,א.צלוביץ,,מנגו 500 גרם בקופסא,גרמים,500.00,100 גרם,false,,24.90,4.9800,true,1,51623
7290013268020,false,מקסימה מרכך כביסה מרוכז בניחוח אולטרא פרש סנו 1 ליטר,"סנו מפעלי ברונוס בע""\מ",,סנו מקסימה אולטרא פר,יחידה,0.00,יחידה,false,,19.90,0.0000,true,1,30289
7290013268037,false,מקסימה מרכך כביסה מרוכז בניחוח לבנדר פצ'ולי סנו 1 ליטר,"סנו מפעלי ברונוס בע""\מ",,סנו מקסימה פצ'ולי מר,יחידה,0.00,יחידה,false,,19.90,0.0000,true,1,30290
7290013268242,false,תרכיז ריחני לניקוי רצפות בריח מלון מפנק ריצפז פרש,"סנו מפעלו ברונוס בע""\מ",,ריצפז פרש הום בניחוח,ליטרים,2.00,ליטר,false,,22.90,11.4500,true,1,30297
7290013268884,false,"נוזל רצפות מאסק 2 ליטר ""ריצפז פרש""",מיוצר עי קונדיטוריית,,ריצפז פרש מאסק 2 ליט,ליטרים,2.00,ליטר,false,,19.90,9.9500,true,1,30324
7290013268891,false,אוקסיג'ן ג'ל ללא אקונומיקה עם חמצן פעיל סנו 3 ליטר,"סנו מפעלי ברונוס בע""\מ",,סנו אוקסיג'ן 3 ליטר,ליטרים,3.00,ליטר,false,,31.90,10.6333,true,1,30325
7290013268983,false,מרכך כביסה סופר מרוכז בבישום עוצמתי סנו מקסימה 1 ל',"סנו מפעלי ברונוס בע""\מ",,מקסימה מרכך כביסה בב,יחידה,0.00,יחידה,false,,19.90,0.0000,true,1,161941
7290013268990,false,מרכך כביסה מרוכז לבן ביו סנו מקסימה 1 ליטר,"סנו מפעלי ברונוס בע""\מ",,סנו מקסימה מרכך מרוכ,יחידה,0.00,יחידה,false,,19.90,0.0000,true,1,30329
7290013269348,false,K3 תחנת פיתיון קוטל תיקנים (ג'וקים) בבית ובחצר,טרופיקל דגיל תעשיות,,סנו K3 תחנות פיתיון,יחידה,0.00,יחידה,false,,52.90,0.0000,true,1,30339
7290013269621,false,ריצפז פרש לניקוי רצפות בניחוח מלון בוטיק,מיוצר עי קונדיטוריית,,ריצפז פרש הום בניחוח,ליטרים,2.00,ליטר,false,,22.90,11.4500,true,1,30344
7290013269645,false,ריצפז פרש מטליות לחות לריצפה בניחוח מאסק 10 יחידות,סנו מפעלי ברונוס בעמ,,ריצפז פרש מטליות לחו,יחידה,0.00,יחידה,false,,12.90,0.0000,true,1,30346
7290013269751,false,מטליות לחותריצפז פרש לניקוי ריצפה בניחות מלון בוטיק 10 יח' סנו,טרופיקל דגיל תעשיות,,ריצפז מטליות לחות לנ,יחידה,0.00,יחידה,false,,12.90,0.0000,true,1,30351
7290013358356,false,פירורי לחם מוזהבים מאסטר שף 320 גרם,מנה י.א בעמ,,מאסטר שף פירורי לחם,גרמים,350.00,100 גרם,false,,9.90,2.8286,true,1,21492
=======
7290013220103,false,דובדבן קפוא א.מ שרון (500 גרם),"א.מ.שרון שיווק (2014) בע""מ",,דובדבן קפוא 500 גרם,גרמים,500.00,100 גרם,false,,24.90,4.9800,true,1,51608
7290013220127,false,דומדמנית שחורה א.מ שרון (500 גרם),א.מ. שרון שיווק (2014) בעמ,,דומדמנית שחורה 500 ג,גרמים,500.00,100 גרם,false,,24.90,4.9800,true,1,51610
7290013220318,false,חמוצית גן א.מ שרון (400 גרם),"א.מ.שרון שיווק (2014) בע""מ",,חמוציות יער 400 גרם,גרמים,400.00,100 גרם,false,,24.90,6.2250,true,1,51613
7290013220349,false,דומדמנית אדומה 500 גרם,א.מ. שרון שיווק (2014) בעמ,,דומדמנית אדומה 500 ג,גרמים,500.00,100 גרם,false,,24.90,4.9800,true,1,51614
7290013221018,false,מנגו חתוך קפוא 500 גרם,"א.מ.שרון שיווק (2014) בע""מ",,מנגו 500 גרם בקופסא,גרמים,500.00,100 גרם,false,,24.90,4.9800,true,1,51623
7290013268020,false,מקסימה מרכך כביסה מרוכז בניחוח אולטרא פרש סנו 1 ליטר,החברה הדרומית לשיווק בעמ,,סנו מקסימה אולטרא פר,יחידה,0.00,יחידה,false,,19.90,0.0000,true,1,30289
7290013268037,false,מקסימה מרכך כביסה מרוכז בניחוח לבנדר פצ'ולי סנו 1 ליטר,החברה הדרומית לשיווק בעמ,,סנו מקסימה פצ'ולי מר,יחידה,0.00,יחידה,false,,19.90,0.0000,true,1,30290
7290013268242,false,תרכיז ריחני לניקוי רצפות בריח מלון מפנק ריצפז פרש,החברה הדרומית לשיווק בעמ,,ריצפז פרש הום בניחוח,ליטרים,2.00,ליטר,false,,22.90,11.4500,true,1,30297
7290013268884,false,"נוזל רצפות מאסק 2 ליטר ""ריצפז פרש""",החברה הדרומית לשיווק בעמ,,ריצפז פרש מאסק 2 ליט,ליטרים,2.00,ליטר,false,,19.90,9.9500,true,1,30324
7290013268891,false,אוקסיג'ן ג'ל ללא אקונומיקה עם חמצן פעיל סנו 3 ליטר,החברה הדרומית לשיווק בעמ,,סנו אוקסיג'ן 3 ליטר,ליטרים,3.00,ליטר,false,,31.90,10.6333,true,1,30325
7290013268983,false,מרכך כביסה סופר מרוכז בבישום עוצמתי סנו מקסימה 1 ל',החברה הדרומית לשיווק בעמ,,מקסימה מרכך כביסה בב,יחידה,0.00,יחידה,false,,19.90,0.0000,true,1,161941
7290013268990,false,מרכך כביסה מרוכז לבן ביו סנו מקסימה 1 ליטר,החברה הדרומית לשיווק בעמ,,סנו מקסימה מרכך מרוכ,יחידה,0.00,יחידה,false,,19.90,0.0000,true,1,30329
7290013269348,false,K3 תחנת פיתיון קוטל תיקנים (ג'וקים) בבית ובחצר,החברה הדרומית לשיווק בעמ,,סנו K3 תחנות פיתיון,יחידה,0.00,יחידה,false,,52.90,0.0000,true,1,30339
7290013269621,false,ריצפז פרש לניקוי רצפות בניחוח מלון בוטיק,החברה הדרומית לשיווק בעמ,,ריצפז פרש הום בניחוח,ליטרים,2.00,ליטר,false,,22.90,11.4500,true,1,30344
7290013269645,false,ריצפז פרש מטליות לחות לריצפה בניחוח מאסק 10 יחידות,החברה הדרומית לשיווק בעמ,,ריצפז פרש מטליות לחו,יחידה,0.00,יחידה,false,,12.90,0.0000,true,1,30346
7290013269751,false,מטליות לחותריצפז פרש לניקוי ריצפה בניחות מלון בוטיק 10 יח' סנו,החברה הדרומית לשיווק בעמ,,ריצפז מטליות לחות לנ,יחידה,0.00,יחידה,false,,12.90,0.0000,true,1,30351
7290013358356,false,פירורי לחם מוזהבים מאסטר שף (320גרם),ש. שסטוביץ בע`מ,,מאסטר שף פירורי לחם,גרמים,350.00,100 גרם,false,,9.90,2.8286,true,1,21492
>>>>>>> d048ac2f4f281c9d788043ab4e81b61b0dbe3743
7290013358363,false,מאסטר שף פרורי לחם פנקו עבים בסגנון יפני 300 גר,קריניציה ויטמינה אס,,מאסטר שף פירורי לחם,גרמים,300.00,100 גרם,false,,10.50,3.5000,true,1,21493
7290013358486,false,מאסטר שף פירורים מוזהבים ללא צורך בביצה 300 ג,"מיוצר ע""י מנה י.א בע",,מאסטר שף פירורים מו,גרמים,300.00,100 גרם,false,,9.90,3.3000,true,1,21502
7290013358578,false,מנה אסייאתי אטריות אורז רחבות 400 ג מ.שף,ליינג טונג רייספלוור,,אטריות אורז רחבות 5,גרמים,400.00,100 גרם,false,,10.90,2.7250,true,1,21509
7290013358806,false,מנה מאגדת פריכיות אורז עם מלח 264 גרם,ש. שסטוביץ בע`מ,,מאגדת פריכיות עם מלח,גרמים,264.00,100 גרם,false,,12.90,4.8864,true,1,21514
7290013358837,false,מנה מאגדת פריכיות אורז ללא מלח 264 גרם,ש. שסטוביץ בע`מ,,מאגדת פריכיות אורז ל,גרמים,264.00,100 גרם,false,,12.90,4.8864,true,1,21515
7290013366634,false,כרמל יבולים חסה סלנו,ביכורי השדה הצפון בעמ` 1964,,חסה סלנובה,יח',1.00,יח',false,,11.90,11.9000,true,1,47704
7290013381682,false,קקאו הולנדי 150 גרם נאמן,נאמן לאורך זמן בעמ,,אבקת קקאו בשקית 150,גרמים,150.00,100 גרם,false,,8.00,5.3333,true,1,15954
7290013382382,false,קומקום נירוסטה נשלף.,,,קומקום נירוסטה נשלף.,יחידה,0.00,יחידה,false,,65.90,0.0000,true,1,85174
7290013424914,false,אפרסק פלחים ארוז 500 גר,בינזו לונגשינטיאנרן,,אפרסק פלחים קפוא 500,גרמים,500.00,100 גרם,false,,12.90,2.5800,true,1,141318
7290013424952,false,אננס קפוא 500 ג' פילד גוד,סאפו דקלאק טריידינג,,אננס חתוך קפוא 500 ג,גרמים,500.00,100 גרם,false,,12.90,2.5800,true,1,141332
7290013472199,false,ערמונים קלופים וקלויים 105 גרם,ג.וילי-פוד אינטרנשיונל בעמ,,וילי פוד ערמונים 100,גרמים,100.00,100 גרם,false,,6.90,6.9000,true,1,2959
7290013525789,false,אריסה מרוקאית שמיר 150 גר',"סלטי שמיר 2006 בע""מ",,שמיר אריסה מרוקאית ח,גרמים,150.00,100 גרם,false,,8.90,5.9333,true,1,17735
7290013531117,false,רוטב פסטה לילדים יכין (240 גר`),"זנלכל בע""\מ",,רוטב לפסטה לילדים יכ,גרמים,260.00,100 גרם,false,,6.50,2.5000,true,1,8723
7290013531582,false,מארז זיתים ירוקים מגולענים יכין 200 גרם,זנלכל בעמ,,זיתים חרוזית מגולעני,גרמים,600.00,100 גרם,false,,11.90,1.9833,true,1,8733
7290013531759,false,שעועית לבנה מבושלת במים יכין (550 גרם),זנלכול יכין,,שעועית אפויה במים יכ,גרמים,550.00,100 גרם,false,,10.90,1.9818,true,1,8742
7290013534057,false,"צ'יפס בטטה טבעי מיה 100ג' 'כשל""פ",מיה תעשיות מזון מ.ת.מ. בעמ,,מיה ציפס בטטה טבעי 1,גרמים,100.00,100 גרם,false,,9.90,9.9000,true,1,15133
7290013580009,false,המבורגר זהב 400 גרם הקצביה בלדי,בלדי בעמ,,המבורגר זהב 400 גרם,גרמים,400.00,100 גרם,false,,19.90,4.9750,true,1,35348
7290013581648,false,אל מטאדור מינוט סטייק 250 גרם בלדי,בלדי בעמ,,מינוט סטייק אל מטאד,גרמים,250.00,100 גרם,false,,27.90,11.1600,true,1,101637
7290013585233,false,"ספרייט זירו פחית סליק 330 מ""ל",החברה המרכזית להפצת משקאות בעמ,,פחית סליק 330 מל ZER,מיליליטרים,330.00,"100 מ""ל",false,,5.50,1.6667,true,1,7078
7290013585387,false,בקבוק זירו קוקה-קולה (1 ליטר),החברה המרכזית להפצת משקאות בעמ,,קולה זירו 1 ליטר,ליטרים,1.00,ליטר,false,,7.90,7.9000,true,1,7090
7290013585394,false,בקבוק קוקה-קולה (1 ליטר),החברה המרכזית להפצת משקאות בעמ,,קוקה קולה 1 ליטר,ליטרים,1.00,ליטר,false,,7.90,7.9000,true,1,7091
7290013608260,false,מיץ רימונים 100%מיץ סחוט טרי מצונן 1ליט,שטראוס גרופ בעמ/מצונן,,פרימור מיץ רימונים ס,יחידה,0.00,יחידה,false,,22.90,0.0000,true,1,23365
7290013677648,false,שמן זית למאור מיה 1 ליטר,מיה תעשיות מזון מ.ת.מ. בעמ,,שמן זית למאור 1 ל' ב,ליטרים,1.00,ליטר,false,,15.90,15.9000,true,1,15176
7290013677679,false,סודה לשתיה בשקית מיה 80 גרם,מיה תעשיות מזון מ.ת.מ בעמ,,סודה לשתיה בשקית 80,גרמים,80.00,100 גרם,false,,4.90,6.1250,true,1,15179
7290013713049,false,בירה ג`מס בקבוק 8.80% אלכוהול ( 330 מל),אגודת הכורמים -כרמל מזרחי,,ג'מס בקבוקי 8.8 330,מיליליטרים,330.00,"100 מ""ל",false,,13.20,4.0000,true,1,11213
7290013724946,false,שקדים בשוקולד מריר בקופסא 140 גרם,דין שיווק וקליה 2021 בעמ,,שקדים בציפוי שוקלד מ,גרמים,140.00,100 גרם,false,,11.90,8.5000,true,1,4672
7290013847645,false,סטארקיסט שלישיות טונה בשמן זית 80 גר`,סטארקיסט דיפלומט היינץ,,טונה בשמן זית סטארקי,גרמים,240.00,100 גרם,false,,19.90,8.2917,true,1,26700
7290013848345,false,מארז מטליות לחיטוי וניקוי יסודי אנטיבקטריאלי 99.9%,החברה הדרומית לשיווק בעמ,,מטליות לחות לחיטוי י,יחידה,0.00,יחידה,false,,24.90,0.0000,true,1,30366
7290013848758,false,מקסימה גל כביסה מרוכז בייבי 3ליטר סנסטיב,החברה הדרומית לשיווק בעמ,,סנו מקסימה ג'ל כביסה,ליטרים,3.00,ליטר,false,,38.90,12.9667,true,1,30386
7290013848970,false,"קרמה - דאודורנט ספריי לאישה קלאסי 150 מ""ל",מיוצר עי : אמיליה קוסמטי,,קרמה ספריי קלאסי 150,מיליליטרים,150.00,"100 מ""ל",false,,13.90,9.2667,true,1,30402
7290013875532,false,מקל טיטניום,,,מקל טיטניום,יחידה,0.00,יחידה,false,,6.90,0.0000,true,1,86970
7290013903099,false,תחליף רוקפור טבעוני,ביוט איילנד פודס בעמ,,רוקפור טבעונית 200גר,גרמים,200.00,100 גרם,false,,24.90,12.4500,true,1,39272
7290013906441,false,קבנוס טירת צבי 120 גרם,תנובה מרכז שיתופי לשיווק תוצרת,,טירת צבי קבנוס 120 ג,גרמים,120.00,100 גרם,false,,10.90,9.0833,true,1,25390
7290013906458,false,קבנוס בטעם פיקנטי טירת צבי 120 גרם,תנובה מרכז שיתופי לשיווק תוצרת,,טירת צבי קבנוס פיקנט,גרמים,120.00,100 גרם,false,,9.90,8.2500,true,1,25391
7290013906519,false,פרושוטו בקר טירת צבי 100 גרם,תנובה מרכז שיתופי לשיווק תוצרת,,טירת צבי פרשוטו בקר,גרמים,100.00,100 גרם,false,,32.40,32.4000,true,1,25394
7290013906687,false,פסט' צמד כפרית ברביקיו ודבש 300X2ג' טירת צבי,תנובה מרכז שיתופי לשיווק תוצרת,,טירת צבי צמד כפרית ב,גרמים,600.00,100 גרם,false,,28.90,4.8167,true,1,25396
7290013906694,false,נקניקיות שקית קילו וחצי טירת צבי,תנובה מרכז שיתופי לשיווק תוצרת,,"נקניקיות עוף 1.5 ק""ג",קילוגרמים,1.50,"100 ק""ג",false,,35.90,2393.3333,true,1,256804
7290014002203,false,חליטת לימונית ולואיזה הגן הקסום ויסוצקי 25 יחידות,תה ויסוצקי (ישראל) בעמ,,תה חליטת לימונית ולו,גרמים,37.50,100 גרם,false,,17.90,47.7333,true,1,24737
7290014002944,false,גן קסום חליטת פירות וצמחים חמדת שקד 25 שקיקים,תה ויסוצקי (ישראל) בעמ,,תה גן קסום חליטת חמא,גרמים,62.50,100 גרם,false,,17.90,28.6400,true,1,24749
7290014059085,false,"משחת שיניים סנסודיין 75 מ""ל פרימיום לשיקום והגנה","סמית קליין ביצ'ם בע""",,משחה לשיקום והגנה סנ,מיליליטרים,75.00,"100 מ""ל",false,,25.90,34.5333,true,1,3892
7290014059436,false,"משחת שיניים סנסודיין 75 מ""ל פרימיום לשיקום והגנה מלבינה 75 מ""ל","סמית קליין ביצ'ם בע""",,משחת שיניים לשיקום ס,מיליליטרים,75.00,"100 מ""ל",false,,25.90,34.5333,true,1,3898
7290014066533,false,לנדוור-קפסולות אספרסו קלייה כפולה(12) - 10יח'12X יח,ש.שסטוביץ בעמ,,לנדוור קפסולות אספרס,יחידה,0.00,יחידה,false,,16.90,0.0000,true,1,64336
7290014079014,false,לבבות קיסר ארוז נספק,"מרינה פטריות הגליל בע""מ",,לבבות קיסר,גרמים,300.00,100 גרם,false,,10.90,3.6333,true,1,35569
7290014079076,false,נבטי אלפלפא מרינה,"מרינה פטריות הגליל בע""מ",,נבטי אלפלפא,יח',1.00,יח',false,,6.90,6.9000,true,1,41529
7290014079854,false,לבבות חסה ארץ הגליל מרינה,"מרינה פטריות הגליל בע""מ",,זוג לבבות חסה ארץ הג,יח',1.00,יח',false,,10.90,10.9000,true,1,41536
<<<<<<< HEAD
7290014083806,false,עוגיות בטעם חמאה 350 גרם בפח,וילי פוד,,וילי פוד עוגיות בטעם,גרמים,350.00,100 גרם,false,,13.90,3.9714,true,1,2987
7290014083813,false,וילי פוד מריגה שפרוטים מעושנים בשמן 190ג,הנסיך- מפעל לייצור ט,,בריוולס וילניס שפרוט,גרמים,190.00,100 גרם,false,,9.90,5.2105,true,1,2988
7290014094260,false,שיני שום קלוף קמעונאי,יאנונינגלנאגג פרודיס לטד,,שום קלוף 200 גרם,גרמים,200.00,100 גרם,false,,10.90,5.4500,true,1,41538
7290014094635,false,אגוזי ברזיל טבעי בדץ,"דין שיווק וקלייה בע""",,אגוז ברזיל טבעי 250ג,גרמים,250.00,100 גרם,false,,39.90,15.9600,true,1,4721
7290014095861,false,שיבולת שועל דקה בשקית שקדיה 500 גרם,"דין שיווק וקלייה בע""",,שיבולת שועל דקה קווא,גרמים,500.00,100 גרם,false,,6.90,1.3800,true,1,4737
7290014095946,false,משוקלדים פקאן בשוקולד מריר 140 גרם,"שקדיה גבע תעשיות בע""",,פקאן בציפוי שוקולד מ,גרמים,140.00,100 גרם,false,,11.90,8.5000,true,1,4738
7290014095960,false,שיבולת שועל עבה בשקית שקדיה 500 גרם,"דין שיווק וקלייה בע""",,שיבולת שועל עבה קווא,גרמים,500.00,100 גרם,false,,6.90,1.3800,true,1,4740
=======
7290014083806,false,עוגיות בטעם חמאה 350 גרם בפח,ג. וילי-פוד אינטרנשיונל בע`מ,,וילי פוד עוגיות בטעם,גרמים,350.00,100 גרם,false,,13.90,3.9714,true,1,2987
7290014083813,false,וילי פוד מריגה שפרוטים מעושנים בשמן 190ג,ג. וילי-פוד אינטרנשיונל בע`מ,,בריוולס וילניס שפרוט,גרמים,190.00,100 גרם,false,,9.90,5.2105,true,1,2988
7290014094260,false,שיני שום קלוף קמעונאי,קונס`-מרינה פטריות הגליל בעמ*ש,,שום קלוף 200 גרם,גרמים,200.00,100 גרם,false,,10.90,5.4500,true,1,41538
7290014094635,false,אגוז ברזיל טבעי 200גר בקופסא,דין שיווק וקליה 2021 בעמ,,אגוז ברזיל טבעי 250ג,גרמים,250.00,100 גרם,false,,39.90,15.9600,true,1,4721
7290014095861,false,שיבולת שועל דקה בשקית שקדיה 500 גרם,דין שיווק וקליה 2021 בעמ,,שיבולת שועל דקה קווא,גרמים,500.00,100 גרם,false,,6.90,1.3800,true,1,4737
7290014095946,false,משוקלדים פקאן בשוקולד מריר 140 גרם,דין שיווק וקליה 2021 בעמ,,פקאן בציפוי שוקולד מ,גרמים,140.00,100 גרם,false,,11.90,8.5000,true,1,4738
7290014095960,false,שיבולת שועל עבה בשקית שקדיה 500 גרם,דין שיווק וקליה 2021 בעמ,,שיבולת שועל עבה קווא,גרמים,500.00,100 גרם,false,,6.90,1.3800,true,1,4740
>>>>>>> d048ac2f4f281c9d788043ab4e81b61b0dbe3743
7290014217225,false,גריל עוף בקופ' 120 גר' טעם וריח,"תבליני טעם וריח בע""מ",,טעם וריח גריל עוף מי,גרמים,120.00,100 גרם,false,,10.80,9.0000,true,1,42440
7290014217348,false,"מיכל צ'ילי כתוש 70 גר' ""טעם וריח""","תבליני טעם וריח בע""מ",,תבליני טעם וריח צילי,גרמים,70.00,100 גרם,false,,10.80,15.4286,true,1,42444
7290014217355,false,קרי אבקה בקופ' 100 גר' טעם וריח,"תבליני טעם וריח בע""מ",,תבלין אבקת קרי טעם ו,גרמים,100.00,100 גרם,false,,11.80,11.8000,true,1,42445
7290014218536,false,בצק עלים מרודד מופחת שומן מעדנות 1 קג,תנובה ענף ב.ע.ד,,בצק עלים מופחת שומן,קילוגרמים,1.00,"ק""ג",false,,23.90,23.9000,true,1,35668
7290014218932,false,חטיפי פיצה בתוספ זיתים בשקית מעדנות 710 גרם,מיוצר עי קונדיטוריית,,חטיפי פיצה בתוספת זי,גרמים,710.00,100 גרם,false,,35.90,5.0563,true,1,35694
7290014256620,false,"יין מבעבע קריניאנו באזז יקבי כרמל 750 מ""ל",אגודת הכורמים -כרמל מזרחי,,יין באזז קריניאנו 75,מיליליטרים,750.00,"100 מ""ל",false,,31.90,4.2533,true,1,562
7290014325036,false,סוכריות ג'לי עטופות שמחות מיה 600 גרם,מיה תעשיות מזון מ.ת.מ. בעמ,,ג'לי שמחות 600 גרם,גרמים,600.00,100 גרם,false,,20.90,3.4833,true,1,15191
7290014397514,false,"מבשם אויר סנו פרש הום בניחוח כותנה מלטפת 350 מ""ל",החברה הדרומית לשיווק בעמ,,סנו פרש הום כותנה מל,מיליליטרים,350.00,"100 מ""ל",false,,12.90,3.6857,true,1,30422
7290014435704,false,סלמון מעושן פרוס 100ג(שמיר),שבעת הימים - שמיר,,סלמון מעושן סלטי שמי,גרמים,100.00,100 גרם,false,,23.90,23.9000,true,1,17745
7290014435803,false,מטיאס הולנדי (פרובנציאל) עם בצל בשמן 180 גרם,שבעת הימים - שמיר,,מטיאס הולנדי פרובנצי,גרמים,180.00,100 גרם,false,,18.90,10.5000,true,1,17747
7290014435834,false,מקרל מעושן פרוס בשמן שמיר 180 גרם,שבעת הימים - שמיר,,מקרל מעושן פרוס בשמן,גרמים,180.00,100 גרם,false,,24.90,13.8333,true,1,17750
7290014435841,false,פילה הרינג עם בצל בשמן מטיאס הולנדי שמיר 200 גרם,סלטי שמיר 2006 בעמ,,פילה מטיאס הולנדי  ב,גרמים,180.00,100 גרם,false,,18.90,10.5000,true,1,17751
7290014455320,false,גבינה כדורי מוצרלה פרסקה גד 100ג',מחלבות גד שיווק 1992 בעמ,,גד כדור מוצרלה פרסקה,גרמים,100.00,100 גרם,false,,10.90,10.9000,true,1,14698
7290014459137,false,"תפוגן סטייק צ'יפס 1.5 ק""ג אסם",קבוצת אוסם סחר שותפות מוגבלת,,תפוגן סטייק ציפס 1.5,קילוגרמים,1.50,"ק""ג",false,,26.90,17.9333,true,1,19814
7290014459373,false,"צ'יפס קראנצ'י לתנור קפוא תפוגן 1.5ק""ג",קבוצת אוסם סחר שותפות מוגבלת,,תפוגן ציפס קראנצי 1.,קילוגרמים,1.50,"ק""ג",false,,28.90,19.2667,true,1,19819
7290014471412,false,"מוזלי בוטנים אגוזים ושקדים 1 ק""ג - 412 ירוק שקדיה",דין שיווק וקליה 2021 בעמ,,מוזלי בוטנים אגוזים,קילוגרמים,1.00,"ק""ג",false,,19.90,19.9000,true,1,4741
7290014471429,false,"מוזלי עם פירות 1 ק""ג - 429 סגול שקדיה",דין שיווק וקליה 2021 בעמ,,מוזלי פירות עם פירות,קילוגרמים,1.00,"ק""ג",false,,19.90,19.9000,true,1,4742
7290014525313,false,חטיפי סלים דליס קריספי שוקולד מרבה 125 גרם,סלים דליס Slim Delis,,חטיף מרבה קריספי שוק,גרמים,125.00,100 גרם,false,,11.90,9.5200,true,1,21541
<<<<<<< HEAD
7290014547353,false,סנסודין זוג מברשות שיניים דואלקר ירוק+יר,"L Co., Industrial Shummi",,זוג מברשות סנסודיין,יחידה,0.00,יחידה,false,,19.90,0.0000,true,1,3909
7290014673021,false,פלפל שחור שלם תבליני מימון 100 גרם,א.ל ייצור ושיווק תבל,,תבליני מימון פלפל שח,גרמים,100.00,100 גרם,false,,15.20,15.2000,true,1,356
7290014673410,false,פלפל שחור גרוס דק תבליני מימון 250 גרם,א.ל ייצור ושיווק תבלינים,,מימון פלפל שחור גרוס,גרמים,250.00,100 גרם,false,,33.90,13.5600,true,1,365
7290014673434,false,פלפל שחור גרוס דק שקית תבליני מימון 80גרם,א.ל ייצור ושיווק תבל,,פלפל שחור גרוס דק בש,גרמים,80.00,100 גרם,false,,9.30,11.6250,true,1,366
7290014674004,false,קריספ פירורי לחם שומשום ומלח ים 300 גרם מיימונס,א.ל ייצור ושיווק תבל,,פירורי לחם עם שומשום,גרמים,300.00,100 גרם,false,,7.90,2.6333,true,1,300907
7290014692299,false,גבינת ברי EURO CHEESE ויליפוד 125 גרם,יורו צ'יז Euro Cheese,,גבינת ברי 125 גרם EU,גרמים,125.00,100 גרם,false,,19.90,15.9200,true,1,2991
7290014692305,false,גבינת קממבר EURO CHEESE ויליפוד 125 גרם,הנסיך- מפעל לייצור ט,,גבינת קממבר 125 גרם,גרמים,125.00,100 גרם,false,,19.90,15.9200,true,1,2992
=======
7290014547353,false,סנסודין זוג מברשות שיניים דואלקר ירוק+יר,גורי ע.ע.ע בעמ,,זוג מברשות סנסודיין,יחידה,0.00,יחידה,false,,19.90,0.0000,true,1,3909
7290014673021,false,פלפל שחור שלם תבליני מימון (100 גרם),א.ל.ייצור ושיווק תבלינים בעמ,,תבליני מימון פלפל שח,גרמים,100.00,100 גרם,false,,15.20,15.2000,true,1,356
7290014673410,false,פלפל שחור גרוס דק תבליני מימון 250 גרם,א.ל. ייצור ושיווק תבלינים בע`מ,,מימון פלפל שחור גרוס,גרמים,250.00,100 גרם,false,,33.90,13.5600,true,1,365
7290014673434,false,פלפל שחור גרוס דק שקית תבליני מימון 80גרם,א.ל.ייצור ושיווק תבלינים בעמ,,פלפל שחור גרוס דק בש,גרמים,80.00,100 גרם,false,,9.30,11.6250,true,1,366
7290014674004,false,קריספ פירורי לחם שומשום ומלח ים 300 גרם מיימונס,א.ל.ייצור ושיווק תבלינים בעמ,,פירורי לחם עם שומשום,גרמים,300.00,100 גרם,false,,7.90,2.6333,true,1,300907
7290014692299,false,גבינת ברי EURO CHEESE ויליפוד 125 גרם,ג.וילי-פוד אינטרנשיונל **גבינו,,גבינת ברי 125 גרם EU,גרמים,125.00,100 גרם,false,,19.90,15.9200,true,1,2991
7290014692305,false,גבינת קממבר EURO CHEESE ויליפוד 125 גרם,ג.וילי-פוד אינטרנשיונל **גבינו,,גבינת קממבר 125 גרם,גרמים,125.00,100 גרם,false,,19.90,15.9200,true,1,2992
>>>>>>> d048ac2f4f281c9d788043ab4e81b61b0dbe3743
7290014731264,false,ספלאש כוסות 180CC לשתייה קרה 100 יחידות,רם,,כוסות לשתיה קרה חד פ,יח',100.00,יח',false,,7.90,0.0790,true,1,28137
7290014731271,false,כוסות שתיה קרה 80 יח,,,כוסות שתיה קרה 80 יח,יחידה,0.00,יחידה,false,,6.90,0.0000,true,1,316729
7290014758100,false,מאגדת יוגורט ביו 3% שומן 8 יח' *150ג' תנובה,מיוצר עי קונדיטוריית,,יוגורט תנובה 3% 8*15,קילוגרמים,1.20,"ק""ג",false,,17.90,14.9167,true,1,26020
7290014758117,false,מאגדת יוגורט ביו 1.5% שומן 8 יח' *150 ג' תנובה,מיוצר עי קונדיטוריית,,יוגורט תנובה 1.5% 8*,קילוגרמים,1.20,"ק""ג",false,,17.90,14.9167,true,1,26021
7290014758681,false,גבינת קוטג`1% בגביע תנובה (250 גרם),מיוצר עי קונדיטוריית,,קוטג תנובה 1% 250ג,גרמים,250.00,100 גרם,false,,5.70,2.2800,true,1,26027
7290014759084,false,גבינת שמנת נפוליאון 16% מופחת שומן תנובה 225 גרם,תנובה מרכז שיתופי לש,,נפוליאון 16% 225גר,גרמים,225.00,100 גרם,false,,14.90,6.6222,true,1,26028
7290014759534,false,גבינה בולגרית למריחה טבעי 5% 200 ג' פיראוס,"תנובה, מחלבת תל יוסף",,פיראוס בולגרית למריח,גרמים,200.00,100 גרם,false,,14.90,7.4500,true,1,26032
<<<<<<< HEAD
7290014759909,false,פטה עיזים 5% פיראוס גביע 250 גרם,"תנובה, מחלבת טנא נוג",,פיראוס פטה עזים פירא,גרמים,250.00,100 גרם,false,,29.40,11.7600,true,1,26035
7290014759978,false,גבינת קצקבל גלעד 27% תנובה 200 גרם,תנובה חלב,,גבינות תנובה קצקבל פ,גרמים,200.00,100 גרם,false,,27.90,13.9500,true,1,26037
7290014759992,false,גבינת רוקפור גליל פלח 140 ג' תנובה,"תנובה, מחלבת תל יוסף",,גבינות תנובה רוקפור,גרמים,140.00,100 גרם,false,,18.90,13.5000,true,1,26039
7290014760134,false,"מעדן סויה בטעם וניל תנובה 125 מ""ל",תנובה Alternative,,גביע מעדן סויה בטעם,גרמים,125.00,100 גרם,false,,3.90,3.1200,true,1,26040
7290014760141,false,משקה שקדים תנובה E אלטרנטיב,תנובה Alternative,,תנובה משקה שקדים טרי,יחידה,0.00,יחידה,false,,14.50,0.0000,true,1,26041
=======
7290014759909,false,פטה עיזים 5% 250 גר`גביע פיראוס תנובה,"תנובה, מחלבת טנא נוג",,פיראוס פטה עזים פירא,גרמים,250.00,100 גרם,false,,29.40,11.7600,true,1,26035
7290014759978,false,קצ`קאבל פלח גלעד 200 גר`קולקשיין תנובה,"תנובה בע""מ ***",,גבינות תנובה קצקבל פ,גרמים,200.00,100 גרם,false,,27.90,13.9500,true,1,26037
7290014759992,false,פלח רוקפור גליל 26% 140 גר`קולקשיין תנו,"תנובה, מחלבת תל יוסף",,גבינות תנובה רוקפור,גרמים,140.00,100 גרם,false,,18.90,13.5000,true,1,26039
7290014760134,false,"מעדן סויה בטעם וניל תנובה 125 מ""ל","תנובה בע""מ ***",,גביע מעדן סויה בטעם,גרמים,125.00,100 גרם,false,,3.90,3.1200,true,1,26040
7290014760141,false,משקה שקדים טרי תנובה (1 ליטר),"תנובה בע""מ ***",,תנובה משקה שקדים טרי,יחידה,0.00,יחידה,false,,14.50,0.0000,true,1,26041
>>>>>>> d048ac2f4f281c9d788043ab4e81b61b0dbe3743
7290014760448,false,גבינה צהובה גלבוע 400 גרם 22% שומן תנובה,מחלבת בית יצחק,,גלבוע 22% 400 גרם,גרמים,400.00,100 גרם,false,,24.90,6.2250,true,1,26044
7290014760912,false,גבינה צהובה 28% מהדרין גוש חלב (400 גרם),תנובה מרכז שיתופי לש,,גוש חלב 28% מהדרין 4,גרמים,400.00,100 גרם,false,,26.90,6.7250,true,1,26048
7290014761056,false,מעדן שוקולד חלב יולו תנובה 123 גרם,מיוצר עי קונדיטוריית,,יולו שוקולד חלב מעול,גרמים,122.00,100 גרם,false,,4.90,4.0164,true,1,26050
7290014761063,false,מעדן שוקולד מריר יולו תנובה 123 גרם,מיוצר עי קונדיטוריית,,יולו שוקולד מריר מעו,גרמים,122.00,100 גרם,false,,4.90,4.0164,true,1,26051
7290014761070,false,מעדן שוקולד לבן יולו תנובה 123 גרם,מיוצר עי קונדיטוריית,,יולו שוקולד לבן מעול,גרמים,122.00,100 גרם,false,,4.90,4.0164,true,1,26052
7290014761414,false,יולו מעדן שכבות שוקולד חלב ולבן 123 גר,מיוצר עי קונדיטוריית,,יולו מעדן שכבות שוקו,גרמים,122.00,100 גרם,false,,4.90,4.0164,true,1,26061
7290014762800,false,מעדן סויה שוקולד גביע 125 גרם אלטרנטיב,תנובה מרכז שיתופי לש,,גביע מעדן סויה בטעם,גרמים,125.00,100 גרם,false,,3.90,3.1200,true,1,26085
7290014762831,false,גבינת שמנת נפוליאון 16% עם פלפל חלפיניו תנובה 225 גרם,תנובה מרכז שיתופי לש,,גבינת שמנת נפוליאון,גרמים,225.00,100 גרם,false,,14.90,6.6222,true,1,26086
7290014762909,false,פתיתי מוצרלה השף הלבן 10% תוספת מתנה,"תנובה, מחלבת תל יוסף",,פתיתי מוצרלה 200 גר`,גרמים,200.00,100 גרם,false,,16.90,8.4500,true,1,26090
7290014762947,false,לאבנה גלילית 11% שומן 750 ג' פיראוס,תנובה,,לאבנה גלילית פיראוס,גרמים,750.00,100 גרם,false,,23.90,3.1867,true,1,26092
7290014763272,false,יוגורט סויה BIO לשתיה תות ובננה אלטרנטיב,תות תעשיות מזון (201,,משקה סויה ביו עם תות,מיליליטרים,250.00,"100 מ""ל",false,,5.90,2.3600,true,1,26097
7290014789913,false,עוגיות אוראו קרם בטעם וניל מארז 176 גרם,דיפלומט מפיצים (1968) בעמ**,,עוגיות אוראו מארז 3,גרמים,528.00,100 גרם,false,,23.90,4.5265,true,1,5109
7290014803756,false,טריאקי רוטב פתאי 300 מ``ל נאמן,נאמן לאורך זמן בעמ,,רוטב טריאקי פתאי 300,מיליליטרים,100.00,"100 מ""ל",false,,7.90,7.9000,true,1,15974
7290014855434,false,מגבונים בייביסיטר פרפורמנס מבושם רביעיה,בייביסיטר Babysitter,,בייביסיטר פרפורמנס מ,יחידה,0.00,יחידה,false,,17.90,0.0000,true,1,29533
7290014855458,false,מגבוני בייביסיטר פרפורמנס ללא בישום מארז 72X4יח',בייביסיטר Babysitter,,מגבוני בייבי פרפורמנ,יחידה,0.00,יחידה,false,,17.90,0.0000,true,1,29534
7290014860155,false,מחצלת במבו שטוחה 24X24 ס'מ,מזרח ומערב יבוא ושיווק,,מחצלת במבו שטוחה מזר,יחידה,0.00,יחידה,false,,7.90,0.0000,true,1,341657
7290014860247,false,שבבי אורז מרובעים ללא גלוטן 227 גרם (Oriental),מזרח ומערב יבוא ושיווק,,שבבי אורז מרובעים לל,גרמים,227.00,100 גרם,false,,9.90,4.3612,true,1,283789
7290014905160,false,"הפי מטהר אוויר פניני ריח בניחוחות, 130 גרם","יעקב יעקבי ובניו בע""מ",,הפי פניני ריח תפוז\ו,גרמים,130.00,100 גרם,false,,15.90,12.2308,true,1,11366
7290014905733,false,נוזל לניקוי חלונות הפי (750 מל),"יעקב יעקבי ובניו בע""מ",,הפי מרסס לניקוי חלונ,מיליליטרים,750.00,"100 מ""ל",false,,9.90,1.3200,true,1,11379
7290014940901,false,לחם פשוט מלא לילדים פרוס אנג`ל (750 גרם),מאפיית שלמה א. אנג'\ל בע,,לחם פשוט מלא אנגל 75,גרמים,750.00,100 גרם,false,,15.90,2.1200,true,1,35490
7290015009232,false,"רוטב סלסה בינוני צהוב 454 גרם ""סבוריטו""",,,רוטב סלסה בחריפות בי,גרמים,454.00,100 גרם,false,,21.90,4.8238,true,1,300290
7290015025942,false,"קרם ידיים קלאסי עם שמן שקדים פנג'ל 80 מ""ל",מיוצר עי קונדיטוריית,,קרם ידיים מועשר בשמן,מיליליטרים,80.00,"100 מ""ל",false,,8.80,11.0000,true,1,5995
7290015129145,false,אטריות קונג'אק בתוספת טפיוקה בצורת ספגטי,הוויזאי וואנגייה פוד,,סקיני פסטה קונג'אק ב,גרמים,270.00,100 גרם,false,,11.90,4.4074,true,1,258061
7290015150088,false,מחית עגבניות קלה גרנד איטליה 700 גרם,תה ויסוצקי (ישראל) בעמ,,מחית עגבניות בלה איט,גרמים,700.00,100 גרם,false,,12.90,1.8429,true,1,24773
7290015150118,false,שלישיית עגבניות חתוכות דק גרנד איטליה 400 גרם,תה ויסוצקי (ישראל) בעמ,,עגבניות חתוכות דק בל,גרמים,400.00,100 גרם,false,,19.90,4.9750,true,1,24776
7290015150200,false,עגבניות חתוכות דק גרנד איטליה ויסוצקי,תה ויסוצקי (ישראל)בעמ,,עגבניות חתוכות דק ו,גרמים,400.00,100 גרם,false,,6.90,1.7250,true,1,24777
7290015193559,false,מעדני המלך אובלטים מלוחים 300 גרם,אם החיטה,,אובלטים מלח 300 גר',גרמים,300.00,100 גרם,false,,10.90,3.6333,true,1,41375
7290015193566,false,מעדני המלך אובלטים שומשום 300 גרם,אם החיטה,,אובלטים שומשום 300 ג,גרמים,300.00,100 גרם,false,,10.90,3.6333,true,1,41376
7290015251181,false,"שלישיית סבון ידים כחול 500 מ""ל נובו",סאסאטק אגשח בעמ,,סבון ידיים כחול נובו,ליטרים,1.50,ליטר,false,,12.90,8.6000,true,1,38070
7290015253321,false,פחמים 2 קג ירוק פרימיום,פחם קוואנגו סחר בעמ,,"פחם 2 ק""ג ירוק פרימי",קילוגרמים,2.00,"ק""ג",false,,14.90,7.4500,true,1,92613
7290015282000,false,איקרא אדומה SEVEN SEAS 200 גרם,שבעת הימים - שמיר,,איקרה אדומה סלטי שמי,גרמים,200.00,100 גרם,false,,13.90,6.9500,true,1,17756
7290015282024,false,איקרא לבנה SEVEN SEAS 200 גרם,שבעת הימים - שמיר,,איקרה לבנה סלטי שמיר,גרמים,200.00,100 גרם,false,,13.90,6.9500,true,1,17758
7290015282598,false,חומוס מסעדות גורמה שמיר 200 גרם,"סלטי שמיר 2006 בע""מ",,חומוס מסעדות,גרמים,200.00,100 גרם,false,,10.90,5.4500,true,1,17776
7290015282604,false,טחינה מיוחדת גורמה שמיר 200 גרם,"סלטי שמיר 2006 בע""מ",,טחינה מיוחדת,גרמים,200.00,100 גרם,false,,10.90,5.4500,true,1,17777
7290015282635,false,חומוס מסבחה גורמה שמיר 200 גרם,"סלטי שמיר 2006 בע""מ",,חומוס מסבחה,גרמים,200.00,100 גרם,false,,10.90,5.4500,true,1,17780
7290015282642,false,חומוס אבו גוש גורמה שמיר 200 גרם,"סלטי שמיר 2006 בע""מ",,חומוס אבו גוש,גרמים,200.00,100 גרם,false,,10.90,5.4500,true,1,17781
7290015282666,false,סלט טונה עם ירקות 200 גר,"סלטי שמיר 2006 בע""מ",,סלט טונה בריאות 200,גרמים,200.00,100 גרם,false,,17.90,8.9500,true,1,17782
7290015282673,false,חציל במיונז ביתי גורמה שמיר 200 גרם,"סלטי שמיר 2006 בע""מ",,חציל במיונז ביתי,גרמים,200.00,100 גרם,false,,10.90,5.4500,true,1,17783
7290015282727,false,גזר מרוקאי ברוטב פיקנטי אסלי שמיר 200 ג',"סלטי שמיר 2006 בע""מ",,גזר מרוקאי ברוטב פיק,גרמים,200.00,100 גרם,false,,12.90,6.4500,true,1,17787
7290015282734,false,מטבוחה ביתית גורמה שמיר 200 גרם,"סלטי שמיר 2006 בע""מ",,מטבוחה ביתית.,גרמים,200.00,100 גרם,false,,12.90,6.4500,true,1,17788
7290015324069,false,גריל עוף 80 גר' טעם וריח,"תבליני טעם וריח בע""מ",,טעם וריח גריל עוף שק,גרמים,80.00,100 גרם,false,,7.90,9.8750,true,1,42458
7290015324076,false,זעתר מעורב 80 גר' טעם וריח,"תבליני טעם וריח בע""מ",,טעם וריח זעתר שקית 8,גרמים,80.00,100 גרם,false,,6.00,7.5000,true,1,42459
7290015324151,false,חוואיג' למרק 80 גר' טעם וריח,"תבליני טעם וריח בע""מ",,תבלין חוויאג למרק ב,גרמים,80.00,100 גרם,false,,6.00,7.5000,true,1,42465
7290015324731,false,מחית ג`ינג`ר 210 גר` טעם וריח,ליני קאטייאמה פודסטאפס ב,,מחית ג'ינג'ר 210 גרם,גרמים,210.00,100 גרם,false,,13.90,6.6190,true,1,291412
7290015328531,false,להבונים 50 יח' 3 שעו,,,להבונים 50 יח' 3 שעו,יחידה,0.00,יחידה,false,,10.90,0.0000,true,1,13232
7290015328647,false,נר נשמה בפח ירושלים 24 שעות,,,נר נשמה בפח 24 שעות,יחידה,0.00,יחידה,false,,1.90,0.0000,true,1,13239
7290015328814,false,צימרוני אוזניים 300 יחידות,,,צימרוני אוזניים לירו,יחידה,0.00,יחידה,false,,3.90,0.0000,true,1,13254
7290015328821,false,צמרוני אוזניים שקית 100 יחידות,,,צימרוני אוזניים לירו,יחידה,0.00,יחידה,false,,1.50,0.0000,true,1,13255
7290015328838,false,קיסמי עץ לירון קרביץ,,,קיסמי עץ לירון קרביץ,יחידה,0.00,יחידה,false,,3.90,0.0000,true,1,13256
<<<<<<< HEAD
7290015347259,false,פירורי לחם מוזהבים מיה 400 גרם,מיה תעשיות מזון מ.ת.מ. ב,,פירורי לחם מוזהבים 4,גרמים,400.00,100 גרם,false,,7.90,1.9750,true,1,15216
7290015347464,false,מיה קינואה מעורבת 400 גרם,מיה תעשיות מזון מ.ת.מ. ב,,מיה קינואה מעורבת 50,גרמים,400.00,100 גרם,false,,16.90,4.2250,true,1,15231
7290015347488,false,"סוכר דמררה חום שקית מיה 1 ק""ג",מיה תעשיות מזון מ.ת.מ. ב,,סוכר דמררה בשקית מיה,קילוגרמים,1.00,"ק""ג",false,,9.90,9.9000,true,1,15233
7290015348089,false,"למברוסקו אדום ביאנקו 750 מ""ל ""אמיליאנו""",גאטטיקו איטליה,,למברוסקו אמיליאנו לב,מיליליטרים,750.00,"100 מ""ל",false,,24.90,3.3200,true,1,9539
7290015395045,false,"קינואה בשקית שקדיה 400 גרם בד""ץ","שקדיה גבע תעשיות בע""",,קינואה שקדיה 400 גרם,גרמים,400.00,100 גרם,false,,13.90,3.4750,true,1,4786
7290015572033,false,שרי צהוב,,,שרי צהוב,יח',1.00,יח',false,,9.90,9.9000,true,1,46576
7290015603201,false,אטריות מחיטה מלאה 454ג' (כ) (fu),קסמיאן קסינגשנג פודסטטפס,,אטריות מחיטה מלאה מז,גרמים,454.00,100 גרם,false,,10.90,2.4009,true,1,47533
7290015603522,false,"נוזל אגוזי קוקוס 5%-7% 400 מ""ל",אסי אטיק גרו אינדוסט,,נוזל אגוזי קוקוס 5-7,מיליליטרים,400.00,"100 מ""ל",false,,6.90,1.7250,true,1,47537
7290015603546,false,"שימורי קרם קוקוס 17-19% 400 מ""ל (ASIATIC)(כ)",אסיאטיק אגרו אינדסטר,,שימורי קרם קוקוס 17-,מיליליטרים,400.00,"100 מ""ל",false,,8.90,2.2250,true,1,47538
7290015603584,false,ג'ינגר לבן כבוש ללא מונוסודיום 160 גרם (כ),לאיווי איפנג פודס קו,,ג'ינג'ר לבן כבוש ללא,גרמים,160.00,100 גרם,false,,8.90,5.5625,true,1,47540
7290015652070,false,קשוי קלוי בשקית ששון הקולה 150 גרם,"דין שיווק וקלייה בע""",,קשיו קלוי 150 גרם שש,גרמים,150.00,100 גרם,false,,12.90,8.6000,true,1,4797
7290015652254,false,גרעיני חמניה קלויים 400 גרם ששון הקלה,"דין שיווק וקלייה בע""",,גרעיני חמניה קלויים,גרמים,400.00,100 גרם,false,,10.00,2.5000,true,1,4807
7290015652261,false,בוטנים קלויים ששון הקולה 350 גרם,"דין שיווק וקלייה בע""",,בוטנים קלויים ששון ה,גרמים,300.00,100 גרם,false,,10.00,3.3333,true,1,4808
7290015652278,false,תערובת פיצוחים ששון הקולה 300 גרם,"דין שיווק וקלייה בע""",,תערובת פיצוחים ששון,גרמים,250.00,100 גרם,false,,20.00,8.0000,true,1,4809
7290015652285,false,אגוזים קלופים ששון הקולה 250 גרם,"שקדיה גבע תעשיות בע""",,אגוזים קלופים 250 גר,גרמים,250.00,100 גרם,false,,20.00,8.0000,true,1,4810
7290015652292,false,קבוקים עם שומשום ששון הקולה 400 גרם,"דין שיווק וקלייה בע""",,קבוקים עם שומשום ששו,גרמים,400.00,100 גרם,false,,10.00,2.5000,true,1,4811
7290015652308,false,מנצ'ס ששון הקולה 400 גרם,"דין שיווק וקלייה בע""",,מנצ'ס ששון הקולה 300,גרמים,300.00,100 גרם,false,,10.00,3.3333,true,1,4812
7290015652315,false,חמוציות מסוכרות ששון הקולה 300 גרם,"דין שיווק וקלייה בע""",,חמוציות מסוכרות ששון,גרמים,300.00,100 גרם,false,,10.00,3.3333,true,1,4813
7290015652322,false,בוטנים אמריקאיים מצופים 400 גר ששון הקלה,"דין שיווק וקלייה בע""",,בוטנים אמריקאים מצופ,גרמים,400.00,100 גרם,false,,10.00,2.5000,true,1,4814
7290015652407,false,פיסטוק קלוי ששון הקולה 250 גרם,"דין שיווק וקלייה בע""",,פיסטוק קלוי ששון הקו,גרמים,250.00,100 גרם,false,,20.00,8.0000,true,1,4821
7290015733120,false,מטרנה גולד שלב 1 תרכובת מזון על בסיס חלבי,נסטלה,,מטרנה גולד שלב אחד 7,גרמים,700.00,100 גרם,false,,75.90,10.8429,true,1,18784
=======
7290015347259,false,פירורי לחם מוזהבים מיה 400 גרם,מיה תעשיות מזון מ.ת.מ בעמ,,פירורי לחם מוזהבים 4,גרמים,400.00,100 גרם,false,,7.90,1.9750,true,1,15216
7290015347464,false,מיה קינואה מעורבת 400 גרם,מיה תעשיות מזון מ.ת.מ. בעמ,,מיה קינואה מעורבת 50,גרמים,400.00,100 גרם,false,,16.90,4.2250,true,1,15231
7290015347488,false,"סוכר דמררה חום שקית מיה 1 ק""ג",מיה תעשיות מזון מ.ת.מ. בעמ,,סוכר דמררה בשקית מיה,קילוגרמים,1.00,"ק""ג",false,,9.90,9.9000,true,1,15233
7290015348089,false,"למברוסקו אדום ביאנקו 750 מ""ל ""אמיליאנו""",טמפו משקאות בעמ,,למברוסקו אמיליאנו לב,מיליליטרים,750.00,"100 מ""ל",false,,24.90,3.3200,true,1,9539
7290015395045,false,"קינואה בשקית שקדיה 400 גרם בד""ץ",דין שיווק וקליה 2021 בעמ,,קינואה שקדיה 400 גרם,גרמים,400.00,100 גרם,false,,13.90,3.4750,true,1,4786
7290015572033,false,שרי צהוב,,,שרי צהוב,יח',1.00,יח',false,,9.90,9.9000,true,1,46576
7290015603201,false,אטריות מחיטה מלאה 454ג' (כ) (fu),קסמיאן קסינגשנג פודסטטפס,,אטריות מחיטה מלאה מז,גרמים,454.00,100 גרם,false,,10.90,2.4009,true,1,47533
7290015603522,false,"נוזל אגוזי קוקוס 5%-7% 400 מ""ל",מזרח ומערב יבוא ושיווק,,נוזל אגוזי קוקוס 5-7,מיליליטרים,400.00,"100 מ""ל",false,,6.90,1.7250,true,1,47537
7290015603546,false,"שימורי קרם קוקוס 17-19% 400 מ""ל (ASIATIC)(כ)",מזרח ומערב יבוא ושיווק,,שימורי קרם קוקוס 17-,מיליליטרים,400.00,"100 מ""ל",false,,8.90,2.2250,true,1,47538
7290015603584,false,ג'ינגר לבן כבוש ללא מונוסודיום 160 גרם (כ),מזרח ומערב יבוא ושיווק,,ג'ינג'ר לבן כבוש ללא,גרמים,160.00,100 גרם,false,,8.90,5.5625,true,1,47540
7290015652070,false,קשוי קלוי בשקית ששון הקולה 150 גרם,דין שיווק וקליה 2021 בעמ,,קשיו קלוי 150 גרם שש,גרמים,150.00,100 גרם,false,,12.90,8.6000,true,1,4797
7290015652254,false,גרעיני חמניה קלויים ששון הקולה (400 גרם),דין שיווק וקליה 2021 בעמ,,גרעיני חמניה קלויים,גרמים,400.00,100 גרם,false,,10.00,2.5000,true,1,4807
7290015652261,false,בוטנים קלויים ששון הקולה 350 גרם,דין שיווק וקליה 2021 בעמ,,בוטנים קלויים ששון ה,גרמים,300.00,100 גרם,false,,10.00,3.3333,true,1,4808
7290015652278,false,תערובת פיצוחים ששון הקולה 300 גרם,דין שיווק וקליה 2021 בעמ,,תערובת פיצוחים ששון,גרמים,250.00,100 גרם,false,,20.00,8.0000,true,1,4809
7290015652285,false,אגוזים קלופים ששון הקולה 250 גרם,דין שיווק וקליה 2021 בעמ,,אגוזים קלופים 250 גר,גרמים,250.00,100 גרם,false,,20.00,8.0000,true,1,4810
7290015652292,false,קבוקים עם שומשום ששון הקולה 400 גרם,דין שיווק וקליה 2021 בעמ,,קבוקים עם שומשום ששו,גרמים,400.00,100 גרם,false,,10.00,2.5000,true,1,4811
7290015652308,false,מנצ'ס ששון הקולה 400 גרם,דין שיווק וקליה 2021 בעמ,,מנצ'ס ששון הקולה 300,גרמים,300.00,100 גרם,false,,10.00,3.3333,true,1,4812
7290015652315,false,חמוציות מסוכרות ששון הקולה (300 גרם),דין שיווק וקליה 2021 בעמ,,חמוציות מסוכרות ששון,גרמים,300.00,100 גרם,false,,10.00,3.3333,true,1,4813
7290015652322,false,בוטנים אמריקאיים מצופים 400 גר ששון הקלה,דין שיווק וקליה 2021 בעמ,,בוטנים אמריקאים מצופ,גרמים,400.00,100 גרם,false,,10.00,2.5000,true,1,4814
7290015652407,false,פיסטוק קלוי ששון הקולה (250 גרם),דין שיווק וקליה 2021 בעמ,,פיסטוק קלוי ששון הקו,גרמים,250.00,100 גרם,false,,20.00,8.0000,true,1,4821
7290015733120,false,מטרנה גולד שלב 1 תרכובת מזון על בסיס חלבי,קבוצת אוסם סחר שותפות מוגבלת,,מטרנה גולד שלב אחד 7,גרמים,700.00,100 גרם,false,,75.90,10.8429,true,1,18784
>>>>>>> d048ac2f4f281c9d788043ab4e81b61b0dbe3743
7290015766005,false,שרי וויטני יחידה,,,שרי וויטני יחידה,גרמים,500.00,100 גרם,false,,9.90,1.9800,true,1,50940
7290015781008,false,"יין VISION מרלו אדום טפרברג 750 מ""ל",יקב טפרברג 1870 בעמ (יינות ומש,,ויז'ן מרלו,מיליליטרים,750.00,"100 מ""ל",false,,39.90,5.3200,true,1,11817
7290015781015,false,יין אדום מלבק ויז`יון טפרברג (750 מל),יקב טפרברג 1870 בעמ (יינות ומש,,ויז'ן מלבק,מיליליטרים,750.00,"100 מ""ל",false,,39.90,5.3200,true,1,11818
7290015781091,false,"יין VISION קברנה סוביניון טפרברג 750 מ""ל",יקב טפרברג 1870 בעמ (יינות ומש,,ויז'ן קברנה סובניון,מיליליטרים,750.00,"100 מ""ל",false,,39.90,5.3200,true,1,11821
7290015781114,false,יין אדום אימפרשיין מרלו טפרברג (750 מל),יקב טפרברג 1870 בעמ (יינות ומש,,אימפרשן מרלו,מיליליטרים,750.00,"100 מ""ל",false,,49.90,6.6533,true,1,11823
7290015781268,false,יין אדום מוסקטו מתוק טפרברג (750 מל),יקב טפרברג 1870 בעמ (יינות ומש,,טפרברג מוסקטו אדום 7,מיליליטרים,750.00,"100 מ""ל",false,,39.90,5.3200,true,1,11829
7290015781299,false,יין שיראז ויזון יקב טפרברג (750 מל),יקב טפרברג 1870 בעמ (יינות ומש,,ויז'ן שיראז,מיליליטרים,750.00,"100 מ""ל",false,,39.90,5.3200,true,1,11832
7290015872096,false,חומוס סלטי שמיר 700 גרם,"סלטי שמיר 2006 בע""מ",,חומוס אסלי שמיר 700,גרמים,700.00,100 גרם,false,,8.90,1.2714,true,1,17799
7290015872553,false,חומוס של מסעדה שמיר 700 גרם,"סלטי שמיר 2006 בע""מ",,חומוס מסעדה שמיר 700,גרמים,700.00,100 גרם,false,,9.90,1.4143,true,1,17802
7290016087208,false,עגבניות מרוסקות מרוכזות ובזיליקום 230 גרם פריניר,פריניר,,עגבניות מרוסקות מרוכ,גרמים,230.00,100 גרם,false,,5.50,2.3913,true,1,41390
7290016087215,false,עגבניות מרוסקות מרוכזות ושום 230 גרם פריניר,פריניר ( הדס 1987) ב,,עגבניות מרוסקות מרוכ,גרמים,230.00,100 גרם,false,,5.50,2.3913,true,1,41391
7290016096477,false,טונה פילטונה 140 גרם,,,טונה פילטונה 140 גרם,גרמים,140.00,100 גרם,false,,5.40,3.8571,true,1,26591
7290016096491,false,נתחי טונה בהירה בשמן צמחי שלישיה *80ג' פילטונה,תעשיות פיל טונה בעמ,,נתחי טונה בשמן צמחי,גרמים,240.00,100 גרם,false,,11.90,4.9583,true,1,26593
7290016096675,false,מארז טונה בשמן זית שלישייה 80 גרם,תעשיות פילטונה בעמ,,טונה בשמן זית פילטונ,גרמים,240.00,100 גרם,false,,17.90,7.4583,true,1,26598
7290016098181,false,ביסקוויט אותיות וניל 200ג הגביע,הגביע מוצרי וופלים בעמ,,ביסקוויט אותיות אלף-,גרמים,200.00,100 גרם,false,,4.90,2.4500,true,1,100702
7290016104271,false,ריבת חלב בצנצנת 20% חלב,לירון קרביץ יבוא שיווק וסחר,,ריבת חלב 340 גר`,גרמים,340.00,100 גרם,false,,12.90,3.7941,true,1,13275
7290016114300,false,נייר טואלט דו שכבתי אורך כפול לבן לילי 16 גלילים,קימברלי קלארק ישראל שיווק בעמ,,לילי גליל כפול 16 גל,מטרים,588.00,מטר,false,,39.90,0.0679,true,1,9075
7290016117417,false,כרית יפנית 6 יח,,,כרית יפנית 6 יח,יחידה,0.00,יחידה,false,,9.90,0.0000,true,1,315814
7290016150117,false,סלק אדום מבושל 500 ג' בוואקום,ביג פוד כחול לבן בעמ*שיק 30 יו,,מעדן סלק בוואקום 500,גרמים,500.00,100 גרם,false,,5.90,1.1800,true,1,47230
7290016150711,false,נוזל קוקוס פחית 400 גר` AVEL,אבאל יזמות בעמ,,AVEL נוזל קוקוס תאיל,מיליליטרים,400.00,"100 מ""ל",false,,5.90,1.4750,true,1,48894
7290016188608,false,GIACOBAZZI למברוסקו לבן חצי יבש יקבי כרמל,אגודת הכורמים -כרמל מזרחי,,למברוסקו לבן חצי יבש,מיליליטרים,750.00,"100 מ""ל",false,,27.90,3.7200,true,1,613
7290016197488,false,מטליות מיקרופייבר למשטחים ניקול 3יח',קימברלי קלארק ישראל שיווק בעמ,,מטלית קסם לשיש מארז,יחידה,0.00,יחידה,false,,11.90,0.0000,true,1,9088
7290016217735,false,חציל על האש 200גרם גורמה,"סלטי שמיר 2006 בע""מ",,חציל על האש סלטי שמי,גרמים,200.00,100 גרם,false,,10.90,5.4500,true,1,17806
7290016233155,false,טונה מונטריי במי במל,ספקים שונים,,טונה מונטריי במי במל,גרמים,140.00,100 גרם,false,,7.00,5.0000,true,1,168836
7290016233209,false,רביעיית טונה בהירה בשמן סויה* 140 ג' מונטרי,,,טונה מונטריי בשמן תו,גרמים,560.00,100 גרם,false,,24.90,4.4464,true,1,88537
7290016246025,false,בארכה מיקס פינוקיות חלווה ללא סוכר 10*20ג,קבוצת אוסם סחר שותפות מוגבלת,,בארכה פנוקיות חלבה ל,גרמים,200.00,100 גרם,false,,13.90,6.9500,true,1,18793
7290016246490,false,בארכה חלבה קלאסית 400 גרם,רושדי תעשיות מזון בע,,בארכה חלבה קלאסית 40,גרמים,400.00,100 גרם,false,,10.90,2.7250,true,1,18801
7290016270907,false,ברוקולי ארוז במגשית,,,ברוקולי,יח',1.00,יח',false,,9.90,9.9000,true,1,50943
7290016319187,false,טוסו עוגיות סנדוויץ שוקו במילוי קרם שוקולד *זוג* 300 גרם,בטר אנד דיפרנט,,עוגיות סנדוויץ שוקו,גרמים,300.00,100 גרם,false,,16.90,5.6333,true,1,105925
7290016321661,false,פרש וואנס SENSITIVE מגבונים ללא בישום רביעייה 72 יחידות,עלבד משואות יצחק,,מגבוני פרש וואנס רבי,יחידה,0.00,יחידה,false,,20.90,0.0000,true,1,6043
7290016321678,false,מגבונים לחים בניחוח מרענן עם תמציות קמומיל ואלוורה,עלבד משואות יצחק,,פרשוואנס רביעייה נטו,יחידה,0.00,יחידה,false,,20.90,0.0000,true,1,6044
7290016321777,false,מגע הדבש רצועות שעווה לפנים אלוורה 20 יח,שוורצקוף& הנקל דיסלד,,רצועות שעווה לפנים מ,יחידה,0.00,יחידה,false,,24.90,0.0000,true,1,6045
7290016321890,false,פרשוואנס נייר טואלט מתכלה למבוגרים -מארז שלישייה,עלבד משואות יצחק בעמ,,פרשוואנס נייר טואלט,יחידה,0.00,יחידה,false,,15.90,0.0000,true,1,6047
7290016372342,false,עגבניות חתוך קוביות גראנד איטליה מארז 400X3ג',תה ויסוצקי (ישראל) בעמ,,עגבניות חתוכות לקובי,גרמים,400.00,100 גרם,false,,19.90,4.9750,true,1,24802
7290016372373,false,רסק עגבניות ללא תוספת סוכר ומלח - מארז זוג,תה ויסוצקי (ישראל) בעמ,,רסק עגבניות איטליה ב,גרמים,280.00,100 גרם,false,,8.90,3.1786,true,1,24804
7290016372489,false,ויסוצקי חליטת ג'ינג'ר ולימון סודות הצמחים 25 שקיקים,תה ויסוצקי (ישראל) בעמ,,סודות הצמחים ג'ינג'ר,גרמים,30.00,100 גרם,false,,17.90,59.6667,true,1,24810
7290016408294,false,"מרשמלו ורוד לבן וסטהיים 150 ג', 26 בקרטון",כרמית תעשיות ממתקים בעמ,,מרשמלו ורוד לבן 150,גרמים,150.00,100 גרם,false,,6.90,4.6000,true,1,38704
7290016408980,false,"מטבעות שוקולד חלב 36 ג' כשל""פ בד""ץ!",כרמית תעשיות ממתקים בעמ,,לני מטבעות שוקולד חל,גרמים,36.00,100 גרם,false,,3.90,10.8333,true,1,38737
7290016509786,false,פרסיל גל לכביסה לבנה וצבעונית-ירוק 2.5 ל,גורי שיווק בעמ,,פרסיל ג'ל 2.5 ליטר י,ליטרים,2.50,ליטר,false,,36.90,14.7600,true,1,34906
7290016509793,false,ג'ל לכביסה לבנה וצבעונית אריזת XL,גורי שיווק בעמ,,פרסיל ג'ל 4 ליטר ירו,ליטרים,4.00,ליטר,false,,49.90,12.4750,true,1,34907
7290016509809,false,ג'ל מרוכז לכביסה קולור 2.5 ל' פרסיל,גורי שיווק בעמ,,פרסיל ג'ל 2.5 ליטר ק,ליטרים,2.50,ליטר,false,,36.90,14.7600,true,1,34908
7290016509823,false,ג'ל לכביסה לבנה וצבעונית בניחוח רענן,גורי שיווק בעמ,,פרסיל ג'ל 2.5 ליטר ב,ליטרים,2.50,ליטר,false,,36.90,14.7600,true,1,34910
7290016509847,false,פרסיל ג'ל לכביסה כהה בלאק 2.5 ליטר,גורי שיווק בעמ,,פרסיל ג'ל 2.5 ליטר ב,ליטרים,2.50,ליטר,false,,36.90,14.7600,true,1,34912
7290016584004,false,חטיפוני גזר 130 גרם,קונס`-מרינה פטריות הגליל בעמ*ש,,חטיפוני גזר 130 גרם,גרמים,150.00,100 גרם,false,,5.90,3.9333,true,1,41542
7290016682052,false,"מיץ לימונענע 400 מ""ל ""פריניב""",פריניב תנובה,,"מיץ לימונענע 400 מ""ל",מיליליטרים,400.00,"100 מ""ל",false,,9.50,2.3750,true,1,49437
7290016682328,false,מיץ תפוזים 100% עשוי מרכז 2 ל' פריניב,תנובה - פריניב,,פרי ניב מיץ תפוזים ט,ליטרים,2.00,ליטר,false,,20.60,10.3000,true,1,215773
7290016682342,false,מיץ תפוזים וולנסיה פרי ניב 2 ליטר-,תנובה - פריניב,,פרי ניב מיץ 100% טבע,ליטרים,2.00,ליטר,false,,26.60,13.3000,true,1,215788
7290016682359,false,מיץ תפוזים שמוטי פרי ניב 2 ליטר-,תנובה - פריניב,,פרי ניב מיץ 100% טבע,ליטרים,2.00,ליטר,false,,26.60,13.3000,true,1,215802
7290016682397,false,מיץ חמוציות פרי ניב 2 ליטר-,תנובה - פריניב,,נקטר חמוציות פריניב,ליטרים,2.00,ליטר,false,,19.80,9.9000,true,1,215830
7290016693041,false,"יין אמירים רזרב קברנה 750 מ""ל!.",יקבי ארזה,,יין אמירים קברנה 750,מיליליטרים,750.00,"100 מ""ל",false,,21.90,2.9200,true,1,11917
7290016693058,false,"יין אמירים רזרב מרלו 750 מ""ל!.",יקבי ארזה,,יין אמירים מרלו 750,מיליליטרים,750.00,"100 מ""ל",false,,21.90,2.9200,true,1,11918
7290016693065,false,"יין אמירים רזרב רוזה 750 מ""ל.!",יקבי ארזה,,יין אמירים רזרב רוזה,מיליליטרים,750.00,"100 מ""ל",false,,21.90,2.9200,true,1,11919
7290016717754,false,יין היובל ישן נושן יקבי כרמל (750 מל),אגודת הכורמים הקואופרטיב,,"ישן נושן 750מ""ל.",מיליליטרים,750.00,"100 מ""ל",false,,20.90,2.7867,true,1,636
7290016823004,false,בזיליקום יח freshlid,"מרינה פטריות הגליל בע""מ",,בזיליקום יח',יח',1.00,יח',false,,6.90,6.9000,true,1,41545
7290016823028,false,עירית יח freshlid,"מרינה פטריות הגליל בע""מ",,עירית,יח',1.00,יח',false,,6.90,6.9000,true,1,41547
7290016823066,false,רוזמרין יח freshlid,"מרינה פטריות הגליל בע""מ",,רוזמרין,יח',1.00,יח',false,,6.90,6.9000,true,1,41550
7290016866643,false,פרודונטקס מ.שיניים אקסטרה פרש 75 מל,פרודונטקס Parodontax,,מש.שיניים פרש פרודונ,מיליליטרים,75.00,"100 מ""ל",false,,32.90,43.8667,true,1,4025
7290016866650,false,"פרודונטקס - משחת שיניים אוריג'ינל 75 מ""ל",פרודונטקס Parodontax,,מש.שיניים אוריגינל פ,מיליליטרים,75.00,"100 מ""ל",false,,32.90,43.8667,true,1,4026
7290016866674,false,"פרודונטקס - משחת שיניים מלבינה 75 מ""ל",פרודונטקס Parodontax,,"מש.שיניים מ""לבינה פר",מיליליטרים,75.00,"100 מ""ל",false,,32.90,43.8667,true,1,4028
7290016867039,false,"מארז פיתות קלות כוסמין בתוספת מחמצת 6 יחידות ד""ר מרק",המאפה של דר מרק בריאות באפייה,,פיתות קלות כוסמין בת,גרמים,324.00,100 גרם,false,,14.90,4.5988,true,1,200917
7290016867114,false,לחם קל מכוסמין מלא 500 גר`דר מרק,המאפה של דר מרק בריאות באפייה,,לחם כוסמין קל מלא 50,גרמים,500.00,100 גרם,false,,17.90,3.5800,true,1,200829
7290016867152,false,"מארז פיתות קלות כוסמין 5 יחידות ד""ר מרק",המאפה של דר מרק בריאות באפייה,,פיתות קלות כוסמין 29,גרמים,292.00,100 גרם,false,,13.90,4.7603,true,1,200903
7290016867176,false,"מארז לחמניות קלות כוסמין שומשום במתיקות מעודמת 5 יחידות ד""ר מרק",המאפה של דר מרק בריאות באפייה,,לחמניות ק. כוסמין שו,גרמים,300.00,100 גרם,false,,13.90,4.6333,true,1,200888
7290016882407,false,מחית חציל קלוי על האש 560 גר`,קונסיגנציה-דין שיווק וקליה 202,,מחית חצילים קלויים ג,גרמים,550.00,100 גרם,false,,12.50,2.2727,true,1,192739
7290016883107,false,חרדל דיז'ון גרגרים שקדיה 350 גרם,צרבונוקס בברבנט אסאיי,,חרדל דיז'ון גרגירים,גרמים,350.00,100 גרם,false,,10.00,2.8571,true,1,322750
7290016967074,false,לחם חיטה מלאה עם גרעינים ודגנים,מאפיית שלמה א. אנג'\ל בע,,חיטה מלאה אנגל 750 ג,גרמים,750.00,100 גרם,false,,17.90,2.3867,true,1,35496
<<<<<<< HEAD
7290017031323,false,"אטריות ביצים פפרדלה 400 מ""ל",פ.פ.פ טאביט פולין,,אטריות ביצים פפרדלה,גרמים,400.00,100 גרם,false,,14.90,3.7250,true,1,3674
7290017031705,false,"סנסודיין משחת שיניים קלין & פרש 75 מ""ל",גלקסוס סמית קליין,,משחת שיניים קלין&פרש,מיליליטרים,75.00,"100 מ""ל",false,,22.70,30.2667,true,1,4044
7290017065007,false,פרוסות גבינה מוצרלה חצי קשה 22% שומן 200 ג' גד,מחלבות גד בעמ,,מוצרלה פרוסה חצי קש,גרמים,200.00,100 גרם,false,,19.90,9.9500,true,1,14713
7290017065137,false,ריקוטה למריחה 5% טבעית 200 גרם - רובין,האי נאם סי או אל.טי.,,גבינה ריקוטה למריחה,גרמים,200.00,100 גרם,false,,11.90,5.9500,true,1,14716
7290017065236,false,גבינה בולגרית מעודנת 24% גד 250 גרם,הנסיך- מפעל לייצור ט,,בולגרית מעודנת 24% 2,גרמים,250.00,100 גרם,false,,23.90,9.5600,true,1,14723
7290017065380,false,גבינת גרנה פדנו שבבים גד 100 גרם,גבינות מדף,,גרנה פדנו שבבים 100,גרמים,100.00,100 גרם,false,,14.90,14.9000,true,1,14729
7290017068350,false,עדשים שחורות בלוגה מיה 500 גרם,מיה,,עדשים שחורות בלוגה מ,גרמים,500.00,100 גרם,false,,8.90,1.7800,true,1,255050
7290017068916,false,ג'לי טבעות בציפוי סוכר 350 גרם,מיה תעשיות מזון בעמ,,ג'לי טבעות בציפוי סו,גרמים,350.00,100 גרם,false,,14.90,4.2571,true,1,91423
7290017068978,false,שיבולת שועל מלאה להכנה מהירה מיה 500 גרם,מיה,,שיבולת שועל מלאה להכ,קילוגרמים,1.00,"ק""ג",false,,11.90,11.9000,true,1,311698
7290017088129,false,טיטולי בייביסיטר מידה 4+ 34 יח,די.פי.אל תעשיות מוצר,,ביייביסיטר נוחות מיד,יח',40.00,יח',false,,34.90,0.8725,true,1,29552
7290017088136,false,חיתולי בייביסיטר נוחות מידה 5 32 יח',די פי אל,,ביייביסיטר נוחות מיד,יח',40.00,יח',false,,34.90,0.8725,true,1,29553
7290017088143,false,טיטלי בייביסיטר מידה 6 30 יח,די.פי.אל תעשיות מוצר,,ביייביסיטר נוחות מיד,יח',40.00,יח',false,,34.90,0.8725,true,1,29554
7290017088631,false,רבעיית מגבונים תולי ללא בישום 72*4 יחידות,DPL,,מגבון Tooly רביעייה,יחידה,0.00,יחידה,false,,11.90,0.0000,true,1,63510
7290017088914,false,מגבונים בייביסיטר מבושם 66X6 יח',די.פי.אל,,מגבונים מבושם בייביס,יחידה,0.00,יחידה,false,,17.90,0.0000,true,1,97297
7290017105048,false,שלישיית טבעות זיתים זיתים יכין 200 גרם,יכין,,טבעות ירוקים זיתים י,גרמים,200.00,100 גרם,false,,11.90,5.9500,true,1,72296
7290017105550,false,רביעיית רסק עגבניות 100% יכין 4X100 גרם,היינץ צפון אמריקה מק,,מאגדת רסק עגבניות יכ,גרמים,400.00,100 גרם,false,,11.90,2.9750,true,1,8757
7290017121086,false,"אריסה ביתית מתוקה עללחם, 250 גרם","מדשא תעשיות מזון בע""\מ",,אריסה מתוקה ביתית על,גרמים,250.00,100 גרם,false,,14.90,5.9600,true,1,253610
7290017142005,false,"שמן קוקוס אורגני עץ הזית צנצנת 320מ""ל",אקספלונקה,,שמן קוקוס אורגני כתי,מיליליטרים,320.00,"100 מ""ל",false,,31.90,9.9687,true,1,29354
=======
7290017031323,false,"אטריות ביצים פפרדלה 400 מ""ל",גורי מוצרי צריכה 1991 בעמ,,אטריות ביצים פפרדלה,גרמים,400.00,100 גרם,false,,14.90,3.7250,true,1,3674
7290017031705,false,"סנסודיין משחת שיניים קלין & פרש 75 מ""ל",גלקסוס סמית קליין,,משחת שיניים קלין&פרש,מיליליטרים,75.00,"100 מ""ל",false,,22.70,30.2667,true,1,4044
7290017065007,false,פרוסות גבינה מוצרלה חצי קשה 22% שומן 200 ג' גד,מחלבות גד שיווק 1992 בעמ,,מוצרלה פרוסה חצי קש,גרמים,200.00,100 גרם,false,,19.90,9.9500,true,1,14713
7290017065137,false,ריקוטה למריחה 5% טבעית 200 גר`מחלבות גד,מחלבות גד שיווק 1992 בעמ,,גבינה ריקוטה למריחה,גרמים,200.00,100 גרם,false,,11.90,5.9500,true,1,14716
7290017065236,false,גבינה בולגרית מעודנת 24% גד (250 גרם),מחלבות גד שיווק 1992 בעמ,,בולגרית מעודנת 24% 2,גרמים,250.00,100 גרם,false,,23.90,9.5600,true,1,14723
7290017065380,false,גרנה פדנו שבבים 100 גר`מחלבות גד,מחלבות גד שיווק 1992 בעמ,,גרנה פדנו שבבים 100,גרמים,100.00,100 גרם,false,,14.90,14.9000,true,1,14729
7290017068350,false,עדשים שחורות בלוגה מיה 500 גרם,מיה תעשיות מזון מ.ת.מ בעמ,,עדשים שחורות בלוגה מ,גרמים,500.00,100 גרם,false,,8.90,1.7800,true,1,255050
7290017068916,false,סוכריות ג`לי טבעות בציפוי סוכר 350גר,מיה תעשיות מזון מ.ת.מ. בעמ,,ג'לי טבעות בציפוי סו,גרמים,350.00,100 גרם,false,,14.90,4.2571,true,1,91423
7290017068978,false,שיבולת שועל מלאה להכנה מהירה מיה 500 גרם,מיה תעשיות מזון מ.ת.מ. בעמ,,שיבולת שועל מלאה להכ,קילוגרמים,1.00,"ק""ג",false,,11.90,11.9000,true,1,311698
7290017088129,false,טיטולי בייביסיטר מידה 4+ 34 יח,די.פי.אל תעשיות מוצר,,ביייביסיטר נוחות מיד,יח',40.00,יח',false,,34.90,0.8725,true,1,29552
7290017088136,false,חיתולי בייביסיטר נוחות מידה 5 32 יח',די פי אל,,ביייביסיטר נוחות מיד,יח',40.00,יח',false,,34.90,0.8725,true,1,29553
7290017088143,false,טיטלי בייביסיטר מידה 6 30 יח,די.פי.אל תעשיות מוצר,,ביייביסיטר נוחות מיד,יח',40.00,יח',false,,34.90,0.8725,true,1,29554
7290017088631,false,רבעיית מגבונים תולי ללא בישום 72*4 יחידות,שקד תבל בעמ,,מגבון Tooly רביעייה,יחידה,0.00,יחידה,false,,11.90,0.0000,true,1,63510
7290017088914,false,מגבונים בייביסיטר מבושם מארז שישייה,שקד תבל בעמ,,מגבונים מבושם בייביס,יחידה,0.00,יחידה,false,,17.90,0.0000,true,1,97297
7290017105048,false,שלישיית טבעות זיתים זיתים יכין 200 גרם,זנלכל בעמ,,טבעות ירוקים זיתים י,גרמים,200.00,100 גרם,false,,11.90,5.9500,true,1,72296
7290017105550,false,רביעיית רסק עגבניות 100% יכין 4X100 גרם,היינץ צפון אמריקה מק,,מאגדת רסק עגבניות יכ,גרמים,400.00,100 גרם,false,,11.90,2.9750,true,1,8757
7290017121086,false,"אריסה ביתית מתוקה עללחם, 250 גרם",שטראוס גרופ בעמ/מצונן,,אריסה מתוקה ביתית על,גרמים,250.00,100 גרם,false,,14.90,5.9600,true,1,253610
7290017142005,false,"שמן קוקוס אורגני עץ הזית צנצנת 320מ""ל",סוגת תעשיות בעמ,,שמן קוקוס אורגני כתי,מיליליטרים,320.00,"100 מ""ל",false,,31.90,9.9687,true,1,29354
>>>>>>> d048ac2f4f281c9d788043ab4e81b61b0dbe3743
7290017142111,false,פתיתי טונה בשמן זית טו גו עץ הזית 85 גרם,"יוניקורד ח.צ בע""מ",,פתיתי טונה בהירה בשמ,גרמים,85.00,100 גרם,false,,10.90,12.8235,true,1,29361
7290017142128,false,"שמן זית כתית מעולה קלאסי עץ הזית 750 מ""ל",סוגת תעשיות בעמ,,שמן זית כתית מעולה ק,מיליליטרים,750.00,"100 מ""ל",false,,35.90,4.7867,true,1,29362
7290017142159,false,"שלישיית נתחי טונה בהירה בשמן זית 80 גרם ""עץ הזית""",הנסיך- מפעל לייצור ט,,נתחי טונה בהירה בשמן,גרמים,240.00,100 גרם,false,,24.90,10.3750,true,1,29363
7290017142166,false,"פילה טונה פרוס עם שמן זית 120 גרם ""עץ הזית""","יוניקורד ח.צ בע""מ",,פילה טונה פרוס עם בש,גרמים,120.00,100 גרם,false,,15.90,13.2500,true,1,29364
<<<<<<< HEAD
7290017142371,false,"שמן שומשום לא מזוכך עץ הזית 250 מ""ל",גאה די. או. או.,,שמן שומשום לא מזוכך,מיליליטרים,250.00,"100 מ""ל",false,,31.90,12.7600,true,1,29378
7290017142388,false,שמן חמניות פלוס אומגה 3 עץ הזית 1 ליטר,שמן תעשיות בעמ,,שמן חמניות פלוס אומג,ליטרים,1.00,ליטר,false,,16.90,16.9000,true,1,29379
=======
7290017142371,false,"שמן שומשום לא מזוכך עץ הזית 250 מ""ל",סוגת תעשיות בעמ,,שמן שומשום לא מזוכך,מיליליטרים,250.00,"100 מ""ל",false,,31.90,12.7600,true,1,29378
7290017142388,false,שמן חמניות פלוס אומגה 3 עץ הזית 1 ליטר,סוגת תעשיות בעמ,,שמן חמניות פלוס אומג,ליטרים,1.00,ליטר,false,,16.90,16.9000,true,1,29379
>>>>>>> d048ac2f4f281c9d788043ab4e81b61b0dbe3743
7290017142418,false,"LUNCH TO GO אורז עם עדשים טונה בשמן זית 160 גרם ""עץ הזית""",יוניקורד ח.צ בעמ,,אורז עדשים עם טונה ב,גרמים,160.00,100 גרם,false,,14.90,9.3125,true,1,29381
7290017440965,false,אל סבון היגייני לניקוי יסודי ולהזנת העור clean & nourish,"פישר תעשיות פרמבצטיות בע""מ",,אל סבון ניקיון ולחות,ליטרים,1.00,ליטר,false,,16.90,16.9000,true,1,29320
7290017457574,false,כדוריות סבון נתלה לאסלה בניחוח פרחים - 3 יח',גורי שיווק בעמ,,סוד סבון 4 כדוריות ל,גרמים,150.00,100 גרם,false,,21.90,14.6000,true,1,34920
7290017457734,false,"סוד ורוד מרכך כביסה מרוכז20%+בישום 900 מ""ל",גורי שיווק בעמ,,מרכך כביסה מרוכז סוד,מיליליטרים,900.00,"100 מ""ל",false,,9.90,1.1000,true,1,34931
7290017599229,false,ממתיק סוכרלוז 200 טבליות סוכרזית,שטראוס גרופ בע`מ,,סוכרזית סוכרלוז 200,גרמים,17.00,100 גרם,false,,24.90,146.4706,true,1,248275
7290017617046,false,נתחי טונה בשמן זית כתית מעולה רביעיה * 140 ג',דיפלומט מפיצים (1968) בעמ**,,טונה בשמן זית סטארקי,גרמים,560.00,100 גרם,false,,29.90,5.3393,true,1,26707
7290017618111,false,עוגיות שקדים עם טריפל שוקולד 200 גר לחמי,קונדטוריות לחמי,,עוגיות מלבן שקדים עם,גרמים,180.00,100 גרם,false,,18.90,10.5000,true,1,24843
<<<<<<< HEAD
7290017677804,false,"רוטב סויה קיקומן ללא חומרים משמרים 444 מ""ל",קיקומן פודז אינק,,קיקומן רוטב סויה ללא,מיליליטרים,444.00,"100 מ""ל",false,,21.90,4.9324,true,1,5342
=======
7290017677804,false,"רוטב סויה קיקומן ללא חומרים משמרים 444 מ""ל",דיפלומט מפיצים (1968) בעמ**,,קיקומן רוטב סויה ללא,מיליליטרים,444.00,"100 מ""ל",false,,21.90,4.9324,true,1,5342
>>>>>>> d048ac2f4f281c9d788043ab4e81b61b0dbe3743
7290017682525,false,ספוג לניקוי והברקה ו,,,ספוג לניקוי והברקה ו,יחידה,0.00,יחידה,false,,8.90,0.0000,true,1,102407
7290017715605,false,טונה מונטריי בשמן קנ,,,טונה מונטריי בשמן קנ,גרמים,560.00,100 גרם,false,,24.90,4.4464,true,1,88551
7290017715834,false,A2 זית נובו מבוקע ג.מאוד תומר 560 גרם,"א.א שימורי עדן בע""מ",,זית נובו מבוקע ג.מאו,גרמים,560.00,100 גרם,false,,11.50,2.0536,true,1,66014
7290017812380,false,תירוש מיץ ענבים אדום,,,תירוש מיץ ענבים אדום,מיליליטרים,750.00,"100 מ""ל",false,,12.90,1.7200,true,1,647
7290017812571,false,מיץ ענבים תירוש אדום 100% טבעי כרמל 1 ליטר,אגודת הכורמים -כרמל מזרחי,,תירוש מיץ ענבים אדום,ליטרים,1.00,ליטר,false,,22.90,22.9000,true,1,53512
7290017812977,false,"יין קריניאנו סלקטדאננס באז כרמל 750 מ""ל",אגודת הכורמים -כרמל מזרחי,,יין באזז אננס יקבי כ,מיליליטרים,750.00,"100 מ""ל",false,,31.90,4.2533,true,1,155944
7290017872056,false,פמלי אל סבון 3*1 הסדרה הלבנה-מעורב 500 גרם*3,אברנסל קוסמטיקס,,פמלי אל סבון סידרה ל,מיליליטרים,500.00,"100 מ""ל",false,,16.90,3.3800,true,1,75424
7290017873039,false,מארז זוג שקיות לסנדוויץ גלילונית 2*160 יח',"קינג באג בע""מ",,גלילונית שקיות אוכל,יחידה,0.00,יחידה,false,,13.00,0.0000,true,1,224576
7290017888026,false,"משקה אננס תפוח גזר פרות & ווג 350 מ""ל",יפאורה שותפות מוגבלת לשיווק,,פרוט & וג' אננס תפוח,מיליליטרים,330.00,"100 מ""ל",false,,7.90,2.3939,true,1,11762
7290017888248,false,תרומה מי עדן 1 ל' פ,,,תרומה מי עדן 1 ל' פ,ליטרים,1.00,ליטר,false,,5.00,5.0000,true,1,124892
7290017888972,false,בקבוק מי עדן פקק ספורט 1 ליטר,יפאורה שותפות מוגבלת לשיווק,,מי עדן פקק ספורט 1 ל,ליטרים,1.00,ליטר,false,,4.90,4.9000,true,1,75088
7290017928036,false,מקלות גריסיני שומשום מאיר בייגל 175 גרם,מאיר את בייגל,,מקלות גריסיני שומשום,גרמים,175.00,100 גרם,false,,11.90,6.8000,true,1,5343
7290017928043,false,מקלות גריסיני קראנץ' מלח מאיר בייגל 175 גרם,מאיר את בייגל,,גריסיני קראנץ' מלח מ,גרמים,175.00,100 גרם,false,,11.90,6.8000,true,1,5344
7290017928463,false,מאיר בייגל -סמאש-שבורים בטעם דבש חרדל ובצל 300 גרם,דנשר (1963) בעמ,,שברי בייגלה דבש חרדל,גרמים,300.00,100 גרם,false,,13.90,4.6333,true,1,122875
7290017928524,false,מאיר בייגל בייגלה שטוח ניגובים מלח 330גר,מאיר את בייגל,,בייגלה שטוח ניגובים,גרמים,300.00,100 גרם,false,,11.90,3.9667,true,1,208335
7290017928661,false,מאיר בייגל -סמאש-שבורים בטעם צ'דר 300 גרם,"דנשר (1963) בע,מ",,שברי בייגלה בטעם צ'ד,גרמים,300.00,100 גרם,false,,13.90,4.6333,true,1,123045
7290017928722,false,בייגלה שטוח ניגובים שומשום 300 ג' מאיר בייגל,מאיר את בייגל,,בייגלה שטוח ניגובים,גרמים,300.00,100 גרם,false,,11.90,3.9667,true,1,208336
7290017928821,false,מקלות גריסיני קלאסי מאיר בייגל 200 גרם,מאיר את בייגל,,מקלות גריסיני קלאסי,גרמים,200.00,100 גרם,false,,11.90,5.9500,true,1,5360
7290017941226,false,מזלגות 40 יח' עבה במ,,,מזלגות 40 יח' עבה במ,יחידה,0.00,יחידה,false,,8.90,0.0000,true,1,129216
7290017941264,false,מזלגות 40 יח' עבה במ,,,מזלגות 40 יח' עבה במ,יחידה,0.00,יחידה,false,,8.90,0.0000,true,1,129202
7290017941288,false,נר נשמה 24 שעות,,,נר נשמה 24 שעות,יחידה,0.00,יחידה,false,,2.50,0.0000,true,1,172886
7290017941363,false,להבונים 50 יח' 4 שעו,,,להבונים 50 יח' 4 שעו,יחידה,0.00,יחידה,false,,11.90,0.0000,true,1,186888
7290017941370,false,להבונים 50 יח' 3 שעו,,,להבונים 50 יח' 3 שעו,יחידה,0.00,יחידה,false,,10.90,0.0000,true,1,172916
7290017941387,false,WIZ להבונים בקופסא 100 יחידות,,,להבונים בקופסא 100 י,יחידה,0.00,יחידה,false,,23.90,0.0000,true,1,186889
7290017941455,false,כוסות 9oz לשתיה חמה,,,כוסות 9oz לשתיה חמה,יחידה,0.00,יחידה,false,,14.90,0.0000,true,1,145558
7290017941462,false,כוסות שתיה חמה 8B י,,,כוסות שתיה חמה 8B י,יחידה,0.00,יחידה,false,,10.90,0.0000,true,1,136499
7290017941530,false,כוסות TO-GO לשתייה ח,,,כוסות TO-GO לשתייה ח,יחידה,0.00,יחידה,false,,13.90,0.0000,true,1,145381
7290017941677,false,מארז תבניות רוסטר בנ,,,מארז תבניות רוסטר בנ,יחידה,0.00,יחידה,false,,14.90,0.0000,true,1,128566
7290017941820,false,כוסות שתיה קרה כחול,,,כוסות שתיה קרה כחול,יחידה,0.00,יחידה,false,,14.90,0.0000,true,1,120912
7290017941943,false,שיפודי במבוק עובי 3,,,שיפודי במבוק עובי 3,יחידה,0.00,יחידה,false,,3.50,0.0000,true,1,131414
7290017941967,false,שקיות אוכל XL 300 י,,,שקיות אוכל XL 300 י,יחידה,0.00,יחידה,false,,9.90,0.0000,true,1,163586
7290017946740,false,סוד - מרכך כביסה מרוכז כחול 1.80 ליטר,,,סוד מרכך כביסה מרוכ,ליטרים,1.80,ליטר,false,,22.90,12.7222,true,1,92790
7290017946764,false,מנקה מכונת כביסה 150 גר K2R,גורי שיווק בעמ,,מנקה מכונת כביסה,גרמים,150.00,100 גרם,false,,21.90,14.6000,true,1,115918
7290017947105,false,לחם אנג'ל בסגנון אמריקה 500 גרם,מאפיית שלמה א. אנג'\ל בע,,לחם בסגנון אמריקה אנ,גרמים,500.00,100 גרם,false,,15.90,3.1800,true,1,35503
7290017947464,false,שמיניית פיתות כוסמין אנג'ל 8*50 גרם,מאפיית שלמה א.אנג'\ל בע\,,שמיניית פיתות כוסמין,גרמים,400.00,100 גרם,false,,17.90,4.4750,true,1,94730
<<<<<<< HEAD
7290017947495,false,6 לחמניות כוסמין 450 גרם אנג'ל,מאפיית שלמה א.אנג'\ל,,6 לחמניות כוסמין אנג,גרמים,450.00,100 גרם,false,,16.90,3.7556,true,1,109805
=======
7290017947495,false,לחמניות כוסמין 6 יח(450 גר`)אנג`ל,מאפיית שלמה א.אנג'\ל,,6 לחמניות כוסמין אנג,גרמים,450.00,100 גרם,false,,16.90,3.7556,true,1,109805
>>>>>>> d048ac2f4f281c9d788043ab4e81b61b0dbe3743
7290017947891,false,לחם אנג'ל כוסמין וחיטה מלאה 750 גרם,מאפיית שלמה א. אנג'\ל בע,,לחם כוסמין וחיטה מלא,גרמים,750.00,100 גרם,false,,17.90,2.3867,true,1,35504
7290018045893,false,דגני בוקר בון בון במילוי קרם נוגט 480 גר,ר.ב. מוצרי דגנים בעמ,,דגנים במילוי קרם נוג,גרמים,480.00,100 גרם,false,,23.90,4.9792,true,1,240935
7290018091876,false,"מאפה פילו גבינה, 320 גרם מעדנות",תנובה מרכז שיתופי לשיווק תוצרת,,מאפה פילו גבינה 320,גרמים,320.00,100 גרם,false,,23.90,7.4687,true,1,287473
7290018132388,false,"מטרנה גולד בד""ץ שלב 2 700 גרם",קבוצת אוסם סחר שותפות מוגבלת,,מטרנה גולד בדץ שלב 2,גרמים,700.00,100 גרם,false,,75.90,10.8429,true,1,320747
7290018192023,true,סלרי מקלות ליח,,,סלרי מקלות ליח,יח',1.00,יח',false,,6.90,6.9000,true,1,41566
<<<<<<< HEAD
7290018195406,false,"שמן זית כתית מעולה עגול 750 מ""ל",מוצרי יסוד - טעמן,,שמן זית כתית עגול טע,מיליליטרים,750.00,"100 מ""ל",false,,32.90,4.3867,true,1,242349
=======
7290018195406,false,"שמן זית כתית מעולה עגול 750 מ""ל",טעמן שיווק מזון בעמ,,שמן זית כתית עגול טע,מיליליטרים,750.00,"100 מ""ל",false,,32.90,4.3867,true,1,242349
>>>>>>> d048ac2f4f281c9d788043ab4e81b61b0dbe3743
7290018213247,false,מטליות לחות לריצפה שייני 10יחידות,מ.א,,מטליות לרצפה בניחוח,יח',10.00,יח',false,,9.90,0.9900,true,1,74895
7290018333044,false,"שלוקים-משקה קל בטעם ענבים קש 18 יח' 200 מ""ל",כרמית תעשיות ממתקים בעמ,,שלוקים בטעם ענבים 20,גרמים,200.00,100 גרם,false,,22.90,11.4500,true,1,281687
7290018343692,false,פישר אלכוג'ל פרמה וויפס  70% אלכוהול – 60מגבונים,פישר תעשיות פרמבצטיות בעמ,,אלכוג'ל פרמה וויפס 7,יחידה,0.00,יחידה,false,,25.90,0.0000,true,1,116703
7290018359129,false,פולפה עגבניות חתוכות מקולפות דק יכין 690 גרם,אמיליאנה קונסרב,,פאסאטה מחית עגבניות,גרמים,690.00,100 גרם,false,,9.90,1.4348,true,1,127081
7290018359686,false,יכין חומוס גדול 550 גר A2,היינץ צפון אמריקה מק,,חומוס ענק יכין 550 ג,גרמים,550.00,100 גרם,false,,9.90,1.8000,true,1,191298
7290018359853,false,עדשים שחורות יכין 400 גרם,"זנלכל בע""מ",,עדשים שחורות יכין 40,גרמים,400.00,100 גרם,false,,8.90,2.2250,true,1,191284
<<<<<<< HEAD
7290018359860,false,רסק עגבניות ליקופן טבעי יכין 200 גר*2,זנלכל,,רסק עגבניות ליקופן י,גרמים,400.00,100 גרם,false,,10.00,2.5000,true,1,246528
7290018359938,false,"רוטב עגבניות לשקשוקה יכין, 400 גרם",זנלכל,,רוטב עגבניות לשקשוקה,גרמים,400.00,100 גרם,false,,13.90,3.4750,true,1,314937
7290018359952,false,רוטב עגבניות לפסטה יכין 400 גרם,זנלכל,,רוטב עגבניות לפסטה י,גרמים,400.00,100 גרם,false,,13.90,3.4750,true,1,314939
7290018359969,false,רוטב עגבניות לפיצה יכין 400 גרם,זנלכל,,רוטב עגבניות לפיצה י,גרמים,400.00,100 גרם,false,,13.90,3.4750,true,1,314940
7290018440438,false,Calvo טונה בשמן זית פתיחה קלה 3 * 65 גרם,"קאלוו קונסרבס ס.ל.יו. ,",,טונה easy flip בשמן,גרמים,195.00,100 גרם,false,,26.90,13.7949,true,1,322346
7290018440445,false,טונה קאלוו בשמן זית 160 גר,"קאלוו קונסרבס ס.ל.יו. ,",,נתחי טונה בהירה בשמן,גרמים,160.00,100 גרם,false,,17.90,11.1875,true,1,309112
7290018471906,false,שוופס מוגז פירות לימונדה ורודה 1.5 ליטר פיקדון,"יפאורה תבורי בע""\מ",,שוופס מוגז לימונדה ו,ליטרים,1.50,ליטר,false,,9.50,6.3333,true,1,217594
7290018471913,false,משקה מוגז פירות תפוחים שוופס 1.5 ליטר,"יפאורה תבורי בע""\מ",,שוופס פרוטס תפוחים 1,ליטרים,1.50,ליטר,false,,9.50,6.3333,true,1,217608
7290018471920,false,שוופס מוגז פירות ענבים 1.5 ליטר פיקדון,"יפאורה תבורי בע""\מ",,שוופס ענבים מוגז 1.5,ליטרים,1.50,ליטר,false,,9.50,6.3333,true,1,217624
7290018471944,false,שוופס מוגז פירות לימונייד 1.5 ליטר פיקדון,"יפאורה תבורי בע""\מ",,שוופס מוגז למונייד 1,ליטרים,1.50,ליטר,false,,9.50,6.3333,true,1,217626
7290018471951,false,שוופס מוגז פירות אשכולית אדומה 1.5 ליטר פיקדון,"יפאורה תבורי בע""\מ",,שוופס פרוטס אשכולית,ליטרים,1.50,ליטר,false,,9.50,6.3333,true,1,217653
7290018500361,false,"לחם שחור פרוס 900 גרם ""אנג'ל"" -מוצר בפיקוח",מאפיית שלמה א. אנג'\ל בע,,לחם אחיד פרוס מאפיית,גרמים,900.00,100 גרם,false,,8.32,0.9244,true,1,316785
7290018500385,true,חלה רגילה אנגל 650 ג,,,חלה רגילה אנגל 650 ג,גרמים,650.00,100 גרם,false,,6.50,1.0000,true,1,343426
7290018540329,false,שקית פיתה פיתה בלדי 800 ג' אנג'ל,מאפיית שלמה א. אנג'\ל בע,,פיתה פיתה אנגל 880 ג,יח',10.00,יח',false,,13.90,1.3900,true,1,125348
7290018571552,false,סוכריות ג'לי ללא סוכר עם חומצות שומן אומגה 3 למבוגרים,מיה תעשיות מזון בעמ,,סוכריות אומגה 3 -ילד,גרמים,240.00,100 גרם,false,,39.90,16.6250,true,1,356452
7290018571651,false,סוכריות קולגן למבוגרים אצבעות רחבות 175 גרם מיה,מיה תעשיות מזון בעמ,,סוכריות קולגן מבוגרי,גרמים,210.00,100 גרם,false,,39.90,19.0000,true,1,356457
7290018571699,false,"קמח שקדים 250 גרם כשל""פ עד""ח",מיה תעשיות מזון בעמ,,קמח שקדים מיה 250 גר,גרמים,250.00,100 גרם,false,,26.90,10.7600,true,1,284096
7290018571705,false,"אורז יסמין 1 ק""ג מיה.",מיה,,"אורז יסמין 1 ק""ג",קילוגרמים,1.00,"ק""ג",false,,12.90,12.9000,true,1,311641
7290018626283,false,פיצה מרגריטה אדום גר,,,פיצה מרגריטה 350 גרם,גרמים,350.00,100 גרם,false,,12.90,3.6857,true,1,178649
7290018626290,false,פיצה עגבניות ובזיליק,,,פיצה מרגריטה עגבניות,גרמים,420.00,100 גרם,false,,12.90,3.0714,true,1,183940
=======
7290018359860,false,רסק עגבניות ליקופן טבעי 2*200גר יכין .,זנלכל בעמ,,רסק עגבניות ליקופן י,גרמים,400.00,100 גרם,false,,10.00,2.5000,true,1,246528
7290018359938,false,"רוטב עגבניות לשקשוקה יכין, 400 גרם",זנלכול יכין,,רוטב עגבניות לשקשוקה,גרמים,400.00,100 גרם,false,,13.90,3.4750,true,1,314937
7290018359952,false,רוטב עגבניות לפסטה יכין 400 גרם,זנלכול יכין,,רוטב עגבניות לפסטה י,גרמים,400.00,100 גרם,false,,13.90,3.4750,true,1,314939
7290018359969,false,רוטב עגבניות לפיצה יכין 400 גרם,זנלכול יכין,,רוטב עגבניות לפיצה י,גרמים,400.00,100 גרם,false,,13.90,3.4750,true,1,314940
7290018440438,false,Calvo טונה בשמן זית פתיחה קלה 3 * 65 גרם,תה ויסוצקי (ישראל) בעמ,,טונה easy flip בשמן,גרמים,195.00,100 גרם,false,,26.90,13.7949,true,1,322346
7290018440445,false,טונה קאלוו בשמן זית 160 גר,תה ויסוצקי (ישראל) בעמ,,נתחי טונה בהירה בשמן,גרמים,160.00,100 גרם,false,,17.90,11.1875,true,1,309112
7290018471906,false,שוופס מוגז פירות לימונדה ורודה 1.5 ליטר פיקדון,יפאורה - שותפות מוגבלת לשיווק,,שוופס מוגז לימונדה ו,ליטרים,1.50,ליטר,false,,9.50,6.3333,true,1,217594
7290018471913,false,משקה מוגז פירות תפוחים שוופס 1.5 ליטר,יפאורה - שותפות מוגבלת לשיווק,,שוופס פרוטס תפוחים 1,ליטרים,1.50,ליטר,false,,9.50,6.3333,true,1,217608
7290018471920,false,שוופס מוגז פירות ענבים 1.5 ליטר פיקדון,יפאורה - שותפות מוגבלת לשיווק,,שוופס ענבים מוגז 1.5,ליטרים,1.50,ליטר,false,,9.50,6.3333,true,1,217624
7290018471944,false,שוופס מוגז פירות לימונייד 1.5 ליטר פיקדון,יפאורה - שותפות מוגבלת לשיווק,,שוופס מוגז למונייד 1,ליטרים,1.50,ליטר,false,,9.50,6.3333,true,1,217626
7290018471951,false,שוופס מוגז פירות אשכולית אדומה 1.5 ליטר פיקדון,יפאורה - שותפות מוגבלת לשיווק,,שוופס פרוטס אשכולית,ליטרים,1.50,ליטר,false,,9.50,6.3333,true,1,217653
7290018500361,false,"לחם שחור פרוס 900 גרם ""אנג'ל"" -מוצר בפיקוח",מאפיית שלמה א. אנג'\ל בע,,לחם אחיד פרוס מאפיית,גרמים,900.00,100 גרם,false,,8.32,0.9244,true,1,316785
7290018500385,true,חלה רגילה אנגל 650 ג,,,חלה רגילה אנגל 650 ג,גרמים,650.00,100 גרם,false,,6.50,1.0000,true,1,343426
7290018540329,false,שקית פיתה פיתה בלדי 800 ג' אנג'ל,מאפיית שלמה א. אנג'\ל בע,,פיתה פיתה אנגל 880 ג,יח',10.00,יח',false,,13.90,1.3900,true,1,125348
7290018571552,false,סוכריות ג'לי ללא סוכר עם חומצות שומן אומגה 3 למבוגרים,מיה תעשיות מזון מ.ת.מ בעמ,,סוכריות אומגה 3 -ילד,גרמים,240.00,100 גרם,false,,39.90,16.6250,true,1,356452
7290018571651,false,סוכריות קולגן למבוגרים אצבעות רחבות 175 גרם מיה,מיה תעשיות מזון מ.ת.מ בעמ,,סוכריות קולגן מבוגרי,גרמים,210.00,100 גרם,false,,39.90,19.0000,true,1,356457
7290018571699,false,"קמח שקדים 250 גרם כשל""פ עד""ח",מיה תעשיות מזון מ.ת.מ. בעמ,,קמח שקדים מיה 250 גר,גרמים,250.00,100 גרם,false,,26.90,10.7600,true,1,284096
7290018571705,false,"אורז יסמין 1 ק""ג מיה.",מיה תעשיות מזון מ.ת.מ. בעמ,,"אורז יסמין 1 ק""ג",קילוגרמים,1.00,"ק""ג",false,,12.90,12.9000,true,1,311641
7290018626283,false,פיצה מרגריטה אדום גר,***אדום גרופ למזון שיווק***,,פיצה מרגריטה 350 גרם,גרמים,350.00,100 גרם,false,,12.90,3.6857,true,1,178649
7290018626290,false,פיצה מרגריטה עגבניות ובזיליקום 400ג.,***אדום גרופ למזון שיווק***,,פיצה מרגריטה עגבניות,גרמים,420.00,100 גרם,false,,12.90,3.0714,true,1,183940
>>>>>>> d048ac2f4f281c9d788043ab4e81b61b0dbe3743
7290018626504,false,שקיות L שרוך 80 יח',,,שקיות L שרוך 80 יח',יחידה,0.00,יחידה,false,,24.90,0.0000,true,1,135344
7290018626528,false,ניילון נצמד 30*150 ע,,,ניילון נצמד 30*150 ע,מטרים,150.00,מטר,false,,19.90,0.1327,true,1,152916
7290018626535,false,שקיות נייר לכריכים 5,,,שקיות נייר לכריכים 5,יחידה,0.00,יחידה,false,,8.90,0.0000,true,1,141305
7290018626542,false,שקיות אשפה לפחים גדו,,,שקיות אשפה לפחים גדו,יחידה,0.00,יחידה,false,,13.90,0.0000,true,1,158165
7290018626597,false,צימרונים לאוזנים איכ,,,צימרונים לאוזנים איכ,יחידה,0.00,יחידה,false,,4.90,0.0000,true,1,179578
7290018626603,false,צימרונים לאוזנים לתי,,,צימרונים לאוזנים לתי,יחידה,0.00,יחידה,false,,4.90,0.0000,true,1,179592
7290018626610,false,צימרונים לאוזנים מאר,,,צימרונים לאוזנים מאר,יחידה,0.00,יחידה,false,,9.90,0.0000,true,1,179606
7290018626634,false,מארז תבניות רוסטר עמ,,,מארז תבניות רוסטר עמ,יחידה,0.00,יחידה,false,,15.90,0.0000,true,1,238933
7290018626641,false,מארז תבניות רוסטר גד,,,מארז תבניות רוסטר גד,יחידה,0.00,יחידה,false,,15.90,0.0000,true,1,238934
7290018626917,false,מפיות תלת שכבתיות 20,,,מפיות תלת שכבתיות 20,יחידה,0.00,יחידה,false,,5.90,0.0000,true,1,198750
7290018626924,false,מפיות תלת שכבתיות 20,,,מפיות תלת שכבתיות 20,יחידה,0.00,יחידה,false,,5.90,0.0000,true,1,198751
7290018652039,false,לה קרמריה קרמל מלוח ונוגט בדצ 6*1.4 ליטר,נגה גלידות שותפות מוגבלת,,לה קרמריה קרמל מלוח,ליטרים,1.40,ליטר,false,,25.90,18.5000,true,1,151049
7290018657010,false,טוסטר לחיצה 4 פרוסות,,,טוסטר לחיצה 4 פרוסות,יחידה,0.00,יחידה,false,,139.90,0.0000,true,1,132740
7290018657867,false,מפזר חום בטיחותי פלט,,,מפזר חום בטיחותי פלט,יחידה,0.00,יחידה,false,,69.90,0.0000,true,1,213098
7290018720011,false,ביסקוויט קרנבל חיות בטעם וניל 250 ג' מעדני מלך,הגביע מוצרי וופלים,,מעדני המלך קרנבל חיו,גרמים,250.00,100 גרם,false,,6.90,2.7600,true,1,137764
7290018720028,false,קרנבל אותיות ביסקוויט בטעם חמאה 250 ג' מעדני מלך,הגביע מוצרי וופלים,,מעדני המלך אותיות 25,גרמים,250.00,100 גרם,false,,6.90,2.7600,true,1,137765
7290018720103,false,"אפיפיות וופל בטעם שוקו לל""ס הדר 250 גרם",רזיט שיווק בעמ,,אפיפיות בטעם שוקו לל,גרמים,250.00,100 גרם,false,,7.90,3.1600,true,1,213384
7290018835029,false,מרק בטעם עוף פרווה 400 ג,א.ל ייצור ושיווק תבלינים בעמ,,מרק בטעם עוף פרווה ת,גרמים,400.00,100 גרם,false,,15.90,3.9750,true,1,328708
7290018886144,false,מפיות תלת שכבתיות 20,,,מפיות תלת שכבתיות 20,יחידה,0.00,יחידה,false,,5.90,0.0000,true,1,198788
7290018886175,false,כפיות עבות 50 יח' ש,,,כפיות עבות 50 יח' ש,יחידה,0.00,יחידה,false,,10.90,0.0000,true,1,179620
7290018886199,false,WIZ סכינים עבות שקוף 50 יח',,,סכינים עבות 50 יח',יחידה,0.00,יחידה,false,,10.90,0.0000,true,1,179622
7290018886236,false,WIZ כפות עבות שקוף 50 יח',,,כפות עבות 50 יח' שק,יחידה,0.00,יחידה,false,,10.90,0.0000,true,1,179626
7290018886977,false,נייר אפיה 50 יחידות,,,נייר אפיה 50 יחידות,יחידה,0.00,יחידה,false,,9.90,0.0000,true,1,205825
7290018886991,false,שמן קנולה מזוכך 1לי- בית יוסף,סקנולה,,שמן קנולה אלומות 1 ל,ליטרים,1.00,ליטר,false,,11.90,11.9000,true,1,197031
<<<<<<< HEAD
7290018893005,false,"חטיפי בייגלה אפוי בטעם חרדל ודבש, 160 גרם",צ'וקטה Chocketa,,בייגלה שטוח בתוספת ח,גרמים,200.00,100 גרם,false,,7.90,3.9500,true,1,233192
7290018893258,false,צ'וקטה עוגות אישיות במילוי קרם קרמל ובציפוי בטעם שוקולד 300 גרם,פרדי קונדיטוריה אס.פ,,צ'וקטה עוגות אישיות,גרמים,300.00,100 גרם,false,,13.90,4.6333,true,1,184716
7290018893289,false,צ'וקטה עוגות מגולגלות בטעם קקאו במילוי קרם קקאו וציפוי בטעם שוקולד 6 יח' 222 גרם,צ'וקטה Chocketa,,צ'וקטה מגולגלות קקאו,גרמים,222.00,100 גרם,false,,8.90,4.0090,true,1,205132
7290018894019,false,עוגות אישיות במילוי קרם חלבי ובציפוי קרם קקאו,בלקוני Balconi,,עוגות אישיות מיקס מק,גרמים,350.00,100 גרם,false,,15.90,4.5429,true,1,296338
7290018894804,false,וופלים במילוי קרם אגוזי לוז - חלבי,בלקוני Balconi,,וופל במילוי קרם אגוז,גרמים,175.00,100 גרם,false,,8.90,5.0857,true,1,296395
7290018925065,false,מיץ פרימור תפוזים סחוט 2 ליטר-,"גניר (1992) בע""מ",,פרימור מיץ תפוזים סח,ליטרים,2.00,ליטר,false,,27.90,13.9500,true,1,226704
7290018925409,false,"מיץ לימון ואננס 400 מ""ל פרימור",קריות זול,,משקה קל לימון אננס פ,מיליליטרים,400.00,"100 מ""ל",false,,7.90,1.9750,true,1,332766
7290018989081,false,יכין חומוס הבית להכנת חומוס טרי 410 גי,זנלכל,,חומוס הבית יכין 400,גרמים,400.00,100 גרם,false,,9.90,2.4750,true,1,313767
=======
7290018893005,false,"חטיפי בייגלה אפוי בטעם חרדל ודבש, 160 גרם",ש.שסטוביץ בעמ,,בייגלה שטוח בתוספת ח,גרמים,200.00,100 גרם,false,,7.90,3.9500,true,1,233192
7290018893258,false,צ'וקטה עוגות אישיות במילוי קרם קרמל ובציפוי בטעם שוקולד 300 גרם,פרדי קונדיטוריה אס.פ,,צ'וקטה עוגות אישיות,גרמים,300.00,100 גרם,false,,13.90,4.6333,true,1,184716
7290018893289,false,צ'וקטה עוגות מגולגלות בטעם קקאו במילוי קרם קקאו וציפוי בטעם שוקולד 6 יח' 222 גרם,ש. שסטוביץ בע`מ,,צ'וקטה מגולגלות קקאו,גרמים,222.00,100 גרם,false,,8.90,4.0090,true,1,205132
7290018894019,false,עוגות אישיות במילוי קרם חלבי ובציפוי קרם קקאו,ש. שסטוביץ בע`מ,,עוגות אישיות מיקס מק,גרמים,350.00,100 גרם,false,,15.90,4.5429,true,1,296338
7290018894804,false,וופלים במילוי קרם אגוזי לוז - חלבי,ש. שסטוביץ בע`מ,,וופל במילוי קרם אגוז,גרמים,175.00,100 גרם,false,,8.90,5.0857,true,1,296395
7290018925065,false,מיץ תפוזים סחוט פרימור (2 ליטר),שטראוס גרופ בעמ/מצונן,,פרימור מיץ תפוזים סח,ליטרים,2.00,ליטר,false,,27.90,13.9500,true,1,226704
7290018925409,false,משקה לימון ואננס 400 מל פרימור,שטראוס גרופ בעמ/מצונן,,משקה קל לימון אננס פ,מיליליטרים,400.00,"100 מ""ל",false,,7.90,1.9750,true,1,332766
7290018989081,false,יכין חומוס הבית להכנת חומוס טרי 410 גי,זנלכל בעמ,,חומוס הבית יכין 400,גרמים,400.00,100 גרם,false,,9.90,2.4750,true,1,313767
>>>>>>> d048ac2f4f281c9d788043ab4e81b61b0dbe3743
7290019031000,false,WIZ מארז חמישיית ניי,,,WIZ מארז חמישיית ניי,יחידה,0.00,יחידה,false,,11.90,0.0000,true,1,238949
7290019031079,false,תבנית R-29 מרובעת קט,,,תבנית R-29 מרובעת קט,יחידה,0.00,יחידה,false,,9.90,0.0000,true,1,267363
7290019031086,false,תבנית R-31 גדולה 7 י,,,תבנית R-31 גדולה 7 י,יחידה,0.00,יחידה,false,,9.90,0.0000,true,1,267364
7290019031093,false,תבנית R-64 בינונית 7,,,תבנית R-64 בינונית 7,יחידה,0.00,יחידה,false,,9.90,0.0000,true,1,267365
7290019031109,false,תבנית R-88 אינגליש 1,,,תבנית R-88 אינגליש 1,יחידה,0.00,יחידה,false,,9.90,0.0000,true,1,267366
7290019031116,false,תבנית R-99 ענקית 3 י,,,תבנית R-99 ענקית 3 י,יחידה,0.00,יחידה,false,,9.90,0.0000,true,1,267367
7290019031123,false,WIZ תבניות אלומיניום עגול 5 יח חזקות,,,תבנית אלומינים A-14,יחידה,0.00,יחידה,false,,9.90,0.0000,true,1,267368
7290019031208,false,כפפות לטקס 100 יח XL,,,כפפות לטקס 100 יח XL,יחידה,0.00,יחידה,false,,32.90,0.0000,true,1,255999
7290019031215,false,כוסות 10OZ לשתייה חמ,,,כוסות 10OZ לשתייה חמ,יחידה,0.00,יחידה,false,,10.90,0.0000,true,1,274649
7290019031222,false,כוסות 12OZ לשתייה חמ,,,כוסות 12OZ לשתייה חמ,יחידה,0.00,יחידה,false,,12.90,0.0000,true,1,274677
7290019031321,false,"מרקיות 7"" לבנות 25 י",,,"מרקיות 7"" לבנות 25 י",יחידה,0.00,יחידה,false,,10.90,0.0000,true,1,260955
7290019031376,false,WIZ סבון ידיים אוקיינוס 1 ליטר,,,סבון ידיים אוקיינוס,ליטרים,1.00,100 ליטר,false,,10.90,1090.0000,true,1,260897
7290019031383,false,סבון ידיים מאסק 1 לי,,,סבון ידיים מאסק 1 לי,ליטרים,1.00,100 ליטר,false,,10.90,1090.0000,true,1,260898
<<<<<<< HEAD
7290019056041,false,שוופס מוגז פירות לימונייד ללא סוכר 1.5 ליטר פיקדון,"יפאורה תבורי בע""מ",,שוופס מוגז פירות ללא,ליטרים,1.50,ליטר,false,,8.90,5.9333,true,1,217682
7290019056058,false,שוופס מוגז עדין תפוח ליים 1.5 ליטר פיקדון,"יפאורה תבורי בע""\מ",,שוופס מוגז עדין תפוח,ליטרים,1.50,ליטר,false,,8.90,5.9333,true,1,217221
7290019056065,false,שוופס מוגז עדין פירות יער 1.5 ליטר פיקדון,"יפאורה תבורי בע""\מ",,שוופס מוגז עדין פירו,ליטרים,1.50,ליטר,false,,8.90,5.9333,true,1,217237
7290019056072,false,שוופס מוגז עדין אננס 1.5 ליטר פיקדון,מיוצר עי קונדיטוריית,,שוופס מוגז עדין אננס,ליטרים,1.50,ליטר,false,,8.90,5.9333,true,1,217251
7290019056089,false,שוופס מוגז עדין ענבי ריזלינג 1.5 ליטר פיקדון,"יפאורה תבורי בע""\מ",,שוופס מוגז עדין טעם,ליטרים,1.50,ליטר,false,,8.90,5.9333,true,1,217266
7290019056096,false,שוופס מוגז עדין אפרסק 1.5 ליטר פיקדון,"יפאורה תבורי בע""\מ",,שוופס מוגז עדין אפרס,ליטרים,1.50,ליטר,false,,8.90,5.9333,true,1,217267
7290019056164,false,שוופס סודה 1.5 ליטר רביעייה פיקדון,"יפאורה תבורי בע""\מ",,שוופס סודה 4*1.5ליטר,ליטרים,6.00,ליטר,false,,12.50,2.0833,true,1,217037
7290019056256,false,שוופס מים בטעמים תפוחים 1.5 ליטר פיקדון,מיוצר עי קונדיטוריית,,שוופס וואטר בטעם תפו,ליטרים,1.50,ליטר,false,,8.90,5.9333,true,1,216914
7290019056270,false,שוופס מים בטעמים פירות יער 1.5 ליטר פיקדון,"יפאורה תבורי בע""\מ",,שוופס וואטר פירות יע,ליטרים,1.50,ליטר,false,,8.90,5.9333,true,1,219683
7290019056294,false,שוופס ג'ינג'ר אייל 1.5 ליטר פיקדון,"יפאורה תבורי בע""\מ",,שוופס ג'ינג'ר אייל 1,ליטרים,1.50,ליטר,false,,12.50,8.3333,true,1,217725
7290019056300,false,משקה בטעם ביטר לימון 1.5 ל' שוויפס,"יפאורה תבורי בע""\מ",,שוופס ביטר לימון 1.5,ליטרים,1.50,ליטר,false,,12.50,8.3333,true,1,217739
7290019056324,false,שוופס טוניק 1.5 ליטר פיקדון,"יפאורה תבורי בע""\מ",,שוופס מי טוניק 1.5 ל,ליטרים,1.50,ליטר,false,,12.50,8.3333,true,1,217754
7290019056331,false,שוופס טוניק ללא סוכר 1.5 ליטר פיקדון,מיוצר עי קונדיטוריית,,שוופס טוניק ללא סוכר,ליטרים,1.50,ליטר,false,,11.90,7.9333,true,1,217755
7290019056355,false,תפוזינה לימונדה MIX לימונענע 1.5 ליטר,"יפאורה תבורי בע""\מ",,תפוזינה לימונדה נענע,ליטרים,1.50,ליטר,false,,8.90,5.9333,true,1,216283
7290019056379,false,תפוזינה תפוזים 1.5 ליטר פיקדון,"יפאורה תבורי בע""\מ",,תפוזינה תפוזים 1.5 ל,ליטרים,1.50,ליטר,false,,8.90,5.9333,true,1,216496
7290019056393,false,תפוזינה תות בננה 1.5 ליטר פיקדון,"יפאורה תבורי בע""\מ",,תפוזינה תות בננה 1.5,ליטרים,1.50,ליטר,false,,8.90,5.9333,true,1,216529
7290019056409,false,תפוזינה מנגו 1.5 ליטר פיקדון,"יפאורה תבורי בע""\מ",,תפוזינה מנגו עסיסי 1,ליטרים,1.50,ליטר,false,,8.90,5.9333,true,1,216544
7290019056423,false,מיץ בטעם תפוח רענן 1.5ל' תפוזינה,"יפאורה תבורי בע""\מ",,תפוזינה תפוח רענן 1.,ליטרים,1.50,ליטר,false,,8.90,5.9333,true,1,216625
7290019056430,false,תפוזינה תפוזים לייט 1.5 ליטר פיקדון,"יפאורה תבורי בע""\מ",,תפוזינה תפוז 1.5 ליט,ליטרים,1.50,ליטר,false,,8.90,5.9333,true,1,216665
7290019056447,false,תפוזינה אשכוליות לייט 1.5 ליטר פיקדון,"יפאורה תבורי בע""\מ",,תפוזינה אשכוליות 1.5,ליטרים,1.50,ליטר,false,,8.90,5.9333,true,1,216679
7290019056508,false,פרוט ווטר ענבים 1.5 ליטר פיקדון,"יפאורה תבורי בע""\מ",,פרוט ווטר ענבים 1.5,ליטרים,1.50,ליטר,false,,9.50,6.3333,true,1,216777
7290019056515,false,פרוט ווטר אננס 1.5 ליטר פיקדון,"יפאורה תבורי בע""\מ",,פרוט ווטר אננס 1.5 ל,ליטרים,1.50,ליטר,false,,9.50,6.3333,true,1,216805
7290019056539,false,פרוט ווטר אפרסק 1.5 ליטר פיקדון,"יפאורה תבורי בע""\מ",,פרוט ווטר אפרסק 1.5,ליטרים,1.50,ליטר,false,,9.50,6.3333,true,1,216859
7290019056546,false,פרוט ווטר אבטיח 1.5 ליטר פיקדון,"יפאורה תבורי בע""\מ",,פרוט ווטר אבטיח 1.5,ליטרים,1.50,ליטר,false,,9.50,6.3333,true,1,216860
7290019056553,false,שישיית מים מינרלים עין גדי 2 ליטר,עין גדי מים מינרליים,,עין גדי מים מינרלים,ליטרים,12.00,ליטר,false,,13.70,1.1417,true,1,218009
7290019056591,false,משקה קל ענבים ספרינג 1.5 ליטר,"יפאורה תבורי בע""\מ",,ספרינג ענבים 1.5 ליט,ליטרים,1.50,ליטר,false,,8.90,5.9333,true,1,216109
7290019056607,false,משקה קל תפוחים ספרינג 1.5 ליטר,"יפאורה תבורי בע""\מ",,ספרינג תפוחים 1.5 לי,ליטרים,1.50,ליטר,false,,8.90,5.9333,true,1,216123
7290019056621,false,משקה קל פירות טרופיים ספרינג 1.5 ליטר,"יפאורה תבורי בע""\מ",,ספרינג פירות טרופיים,ליטרים,1.50,ליטר,false,,8.90,5.9333,true,1,216138
7290019056638,false,משקה קל תות בננה ספרינג 1.5 ליטר,"יפאורה תבורי בע""\מ",,ספרינג תות בננה 1.5,ליטרים,1.50,ליטר,false,,8.90,5.9333,true,1,216153
7290019056645,false,משקה קל אגס תפוח סברס ספרינג 1.5 ליטר,"יפאורה תבורי בע""\מ",,ספרינג אגס סברס תפוח,ליטרים,1.50,ליטר,false,,8.90,5.9333,true,1,216168
7290019056652,false,משקה קל אננס בננה ספרינג 1.5 ליטר,"יפאורה תבורי בע""\מ",,ספרינג אננס בננה 1.5,ליטרים,1.50,ליטר,false,,8.90,5.9333,true,1,216230
7290019056720,false,קריסטל מיץ ענבים 2 ליטר פיקדון,"יפאורה תבורי בע""\מ",,קריסטל מיץ ענבים 2 ל,ליטרים,2.00,ליטר,false,,7.90,3.9500,true,1,217756
7290019056744,false,קריסטל מיץ תפוזים 2 ליטר פיקדון,"יפאורה תבורי בע""\מ",,קריסטל מיץ תפוזים 2,ליטרים,2.00,ליטר,false,,7.90,3.9500,true,1,217784
7290019056805,false,קריסטל מוגז תפוחים 2 ליטר פיקדון,"יפאורה תבורי בע""\מ",,משקה מוגז קריסטל תפו,ליטרים,2.00,ליטר,false,,7.90,3.9500,true,1,217855
7290019056812,false,קריסטל מוגז מנטה 2 ליטר פיקדון,"יפאורה תבורי בע""\מ",,קריסטל מנטה 2 ליטר,ליטרים,2.00,ליטר,false,,7.90,3.9500,true,1,217869
7290019056973,false,שישיית מי עדן 1.5 ליטר משפחתי,"מופק ממקור בזלתי עדן ,1",,מי עדן 6*1.5 ליטר,ליטרים,9.00,ליטר,false,,13.90,1.5444,true,1,217927
7290019153375,false,מיץ בטעם מוחיטו 1.5 ל' תפוזינה,"יפאורה תבורי בע""\מ",,תפוזינה מוחיטו 1.5 ל,ליטרים,1.50,ליטר,false,,8.90,5.9333,true,1,303522
7290019233008,false,רוטב עגבניות עם קוביות ארטישוק ושמן זית 420ג ויסוצקי,דליציה דורה אס.אר.אל,,רוטב עגבניות עם קובי,גרמים,420.00,100 גרם,false,,14.90,3.5476,true,1,333871
7290019233039,false,רוטב עגבניות עם קוביות פלפלים ושמן זית 420ג' ויסוצקי,דליציה דורה אס.אר.אל,,רוטב עגבניות לשקשוקה,גרמים,420.00,100 גרם,false,,14.90,3.5476,true,1,309198
=======
7290019056041,false,שוופס מוגז פירות לימונייד ללא סוכר 1.5 ליטר פיקדון,יפאורה - שותפות מוגבלת לשיווק,,שוופס מוגז פירות ללא,ליטרים,1.50,ליטר,false,,8.90,5.9333,true,1,217682
7290019056058,false,שוופס מוגז עדין תפוח ליים 1.5 ליטר פיקדון,יפאורה - שותפות מוגבלת לשיווק,,שוופס מוגז עדין תפוח,ליטרים,1.50,ליטר,false,,8.90,5.9333,true,1,217221
7290019056065,false,שוופס מוגז עדין פירות יער 1.5 ליטר פיקדון,יפאורה - שותפות מוגבלת לשיווק,,שוופס מוגז עדין פירו,ליטרים,1.50,ליטר,false,,8.90,5.9333,true,1,217237
7290019056072,false,שוופס מוגז עדין אננס 1.5 ליטר פיקדון,יפאורה - שותפות מוגבלת לשיווק,,שוופס מוגז עדין אננס,ליטרים,1.50,ליטר,false,,8.90,5.9333,true,1,217251
7290019056089,false,שוופס מוגז עדין ענבי ריזלינג 1.5 ליטר פיקדון,יפאורה - שותפות מוגבלת לשיווק,,שוופס מוגז עדין טעם,ליטרים,1.50,ליטר,false,,8.90,5.9333,true,1,217266
7290019056096,false,שוופס מוגז עדין אפרסק 1.5 ליטר פיקדון,יפאורה - שותפות מוגבלת לשיווק,,שוופס מוגז עדין אפרס,ליטרים,1.50,ליטר,false,,8.90,5.9333,true,1,217267
7290019056164,false,שוופס סודה 1.5 ליטר רביעייה פיקדון,יפאורה - שותפות מוגבלת לשיווק,,שוופס סודה 4*1.5ליטר,ליטרים,6.00,ליטר,false,,12.50,2.0833,true,1,217037
7290019056256,false,שוופס מים בטעמים תפוחים 1.5 ליטר פיקדון,יפאורה - שותפות מוגבלת לשיווק,,שוופס וואטר בטעם תפו,ליטרים,1.50,ליטר,false,,8.90,5.9333,true,1,216914
7290019056270,false,שוופס מים בטעמים פירות יער 1.5 ליטר פיקדון,יפאורה - שותפות מוגבלת לשיווק,,שוופס וואטר פירות יע,ליטרים,1.50,ליטר,false,,8.90,5.9333,true,1,219683
7290019056294,false,שוופס ג`ינג`ר אייל 1.5 ליטר פיקדון,יפאורה - שותפות מוגבלת לשיווק,,שוופס ג'ינג'ר אייל 1,ליטרים,1.50,ליטר,false,,12.50,8.3333,true,1,217725
7290019056300,false,משקה בטעם ביטר לימון 1.5 ל' שוויפס,יפאורה - שותפות מוגבלת לשיווק,,שוופס ביטר לימון 1.5,ליטרים,1.50,ליטר,false,,12.50,8.3333,true,1,217739
7290019056324,false,שוופס טוניק 1.5 ליטר פיקדון,יפאורה - שותפות מוגבלת לשיווק,,שוופס מי טוניק 1.5 ל,ליטרים,1.50,ליטר,false,,12.50,8.3333,true,1,217754
7290019056331,false,שוופס טוניק ללא סוכר 1.5 ליטר פיקדון,יפאורה - שותפות מוגבלת לשיווק,,שוופס טוניק ללא סוכר,ליטרים,1.50,ליטר,false,,11.90,7.9333,true,1,217755
7290019056355,false,תפוזינה לימונדה מיקס לימונענע 1.5 ליטר,יפאורה - שותפות מוגבלת לשיווק,,תפוזינה לימונדה נענע,ליטרים,1.50,ליטר,false,,8.90,5.9333,true,1,216283
7290019056379,false,משקה קל תפוזינה 1.5 ליטר תפוזים,יפאורה - שותפות מוגבלת לשיווק,,תפוזינה תפוזים 1.5 ל,ליטרים,1.50,ליטר,false,,8.90,5.9333,true,1,216496
7290019056393,false,משקה קל תפוזינה 1.5 ליטר תות בננה,יפאורה - שותפות מוגבלת לשיווק,,תפוזינה תות בננה 1.5,ליטרים,1.50,ליטר,false,,8.90,5.9333,true,1,216529
7290019056409,false,תפוזינה משקה קל מנגו עסיסי1.5ליטר,יפאורה - שותפות מוגבלת לשיווק,,תפוזינה מנגו עסיסי 1,ליטרים,1.50,ליטר,false,,8.90,5.9333,true,1,216544
7290019056423,false,תפוזינה משקה קל תפוח רענן 1.5ליטר,יפאורה - שותפות מוגבלת לשיווק,,תפוזינה תפוח רענן 1.,ליטרים,1.50,ליטר,false,,8.90,5.9333,true,1,216625
7290019056430,false,משקה קל תפוזינה 1.5 ליטר תפוזים לייט,יפאורה - שותפות מוגבלת לשיווק,,תפוזינה תפוז 1.5 ליט,ליטרים,1.50,ליטר,false,,8.90,5.9333,true,1,216665
7290019056447,false,משקה קל תפוזינה 1.5 ליטר אשכוליות לייט,יפאורה - שותפות מוגבלת לשיווק,,תפוזינה אשכוליות 1.5,ליטרים,1.50,ליטר,false,,8.90,5.9333,true,1,216679
7290019056508,false,פרוט ווטר ענבים 1.5 ליטר פיקדון,יפאורה - שותפות מוגבלת לשיווק,,פרוט ווטר ענבים 1.5,ליטרים,1.50,ליטר,false,,9.50,6.3333,true,1,216777
7290019056515,false,פרוט ווטר אננס 1.5 ליטר פיקדון,יפאורה - שותפות מוגבלת לשיווק,,פרוט ווטר אננס 1.5 ל,ליטרים,1.50,ליטר,false,,9.50,6.3333,true,1,216805
7290019056539,false,פרוט ווטר אפרסק 1.5 ליטר פיקדון,יפאורה שותפות מוגבלת לשיווק,,פרוט ווטר אפרסק 1.5,ליטרים,1.50,ליטר,false,,9.50,6.3333,true,1,216859
7290019056546,false,פרוט ווטר אבטיח 1.5 ליטר פיקדון,יפאורה - שותפות מוגבלת לשיווק,,פרוט ווטר אבטיח 1.5,ליטרים,1.50,ליטר,false,,9.50,6.3333,true,1,216860
7290019056553,false,שישיית מים מינרלים עין גדי 2 ליטר,יפאורה - שותפות מוגבלת לשיווק,,עין גדי מים מינרלים,ליטרים,12.00,ליטר,false,,13.70,1.1417,true,1,218009
7290019056591,false,משקה קל ענבים ספרינג 1.5 ליטר,יפאורה - שותפות מוגבלת לשיווק,,ספרינג ענבים 1.5 ליט,ליטרים,1.50,ליטר,false,,8.90,5.9333,true,1,216109
7290019056607,false,משקה קל תפוחים ספרינג 1.5 ליטר,יפאורה - שותפות מוגבלת לשיווק,,ספרינג תפוחים 1.5 לי,ליטרים,1.50,ליטר,false,,8.90,5.9333,true,1,216123
7290019056621,false,משקה קל פירות טרופיים ספרינג 1.5 ליטר,יפאורה - שותפות מוגבלת לשיווק,,ספרינג פירות טרופיים,ליטרים,1.50,ליטר,false,,8.90,5.9333,true,1,216138
7290019056638,false,משקה קל תות בננה ספרינג 1.5 ליטר,יפאורה - שותפות מוגבלת לשיווק,,ספרינג תות בננה 1.5,ליטרים,1.50,ליטר,false,,8.90,5.9333,true,1,216153
7290019056645,false,משקה קל ספרינג 1.5 ליטר אגס תפוח סברס,יפאורה - שותפות מוגבלת לשיווק,,ספרינג אגס סברס תפוח,ליטרים,1.50,ליטר,false,,8.90,5.9333,true,1,216168
7290019056652,false,משקה קל ספרינג 1.5 ליטר אננס בננה,יפאורה - שותפות מוגבלת לשיווק,,ספרינג אננס בננה 1.5,ליטרים,1.50,ליטר,false,,8.90,5.9333,true,1,216230
7290019056720,false,קריסטל מיץ ענבים 2 ליטר פיקדון,יפאורה - שותפות מוגבלת לשיווק,,קריסטל מיץ ענבים 2 ל,ליטרים,2.00,ליטר,false,,7.90,3.9500,true,1,217756
7290019056744,false,קריסטל מיץ תפוזים 2 ליטר פיקדון,יפאורה - שותפות מוגבלת לשיווק,,קריסטל מיץ תפוזים 2,ליטרים,2.00,ליטר,false,,7.90,3.9500,true,1,217784
7290019056805,false,משקה קל קריסטל (2 ליטר)מוגז תפוחים,יפאורה - שותפות מוגבלת לשיווק,,משקה מוגז קריסטל תפו,ליטרים,2.00,ליטר,false,,7.90,3.9500,true,1,217855
7290019056812,false,משקה קל קריסטל (2 ליטר)מוגז מנטה,יפאורה - שותפות מוגבלת לשיווק,,קריסטל מנטה 2 ליטר,ליטרים,2.00,ליטר,false,,7.90,3.9500,true,1,217869
7290019056973,false,מי עדן שישיה בק `1.5ליטר פיקדון,יפאורה - שותפות מוגבלת לשיווק,,מי עדן 6*1.5 ליטר,ליטרים,9.00,ליטר,false,,13.90,1.5444,true,1,217927
7290019153375,false,משקה קל תפוזינה 1.5 ליטר מוחיטו,יפאורה - שותפות מוגבלת לשיווק,,תפוזינה מוחיטו 1.5 ל,ליטרים,1.50,ליטר,false,,8.90,5.9333,true,1,303522
7290019233008,false,רוטב עגבניות עם קוביות ארטישוק ושמן זית 420ג ויסוצקי,תה ויסוצקי (ישראל) בעמ,,רוטב עגבניות עם קובי,גרמים,420.00,100 גרם,false,,14.90,3.5476,true,1,333871
7290019233039,false,רוטב עגבניות עם קוביות פלפלים ושמן זית 420ג' ויסוצקי,תה ויסוצקי (ישראל) בעמ,,רוטב עגבניות לשקשוקה,גרמים,420.00,100 גרם,false,,14.90,3.5476,true,1,309198
>>>>>>> d048ac2f4f281c9d788043ab4e81b61b0dbe3743
7290019245001,false,שמן קנולה אלומות 1 ל,סקנולה,,שמן קנולה אלומות 1 ל,ליטרים,1.00,ליטר,false,,11.90,11.9000,true,1,287623
7290019303701,false,טבע ירוק פינוקית שומשום מיקס ישראלי 250ג,אבאל יזמות בעמ,,פינוקיות שומשום מיקס,גרמים,220.00,100 גרם,false,,18.90,8.5909,true,1,353442
7290019308058,false,שעועית ירוקה חתוכה 800 גרם,,,שעועית ירוקה חתוכה 8,גרמים,800.00,100 גרם,false,,7.20,0.9000,true,1,325244
7290019393016,false,"קמח חיטה לבן ללא צורך בניפוי 1 ק""ג האופה",אבאל יזמות בעמ,,קמח חיטה לבן מנופה,קילוגרמים,1.00,"ק""ג",false,,8.90,8.9000,true,1,364280
7290019393054,false,"קמח כוסמין 80% ללא צורך בניפוי 1 ק""ג האופה",אבאל יזמות בעמ,,קמח כוסמין 80% מנופה,קילוגרמים,1.00,"ק""ג",false,,16.90,16.9000,true,1,364250
7290055090702,false,"איגלו שלוקים בטעמי פטל, לימון וענבים 60 יח'",כרמית תעשיות ממתקים בעמ,,כרמית איגלו שלוקים 6,ליטרים,2.03,ליטר,false,,13.90,6.8473,true,1,38832
7290100240656,false,"פתית שיפון בד""צ חדש 300X24 גר'",יוניליוור ישראל שיווק בע`מ,,פתית שיפון תלמה 300,גרמים,300.00,100 גרם,false,,17.90,5.9667,true,1,10438
7290100243671,false,"מרכך כביסה מרוכז אקסטרה כחול בדין 960 מ""ל",יוניליוור ישראל שיווק בע`מ,,בדין אקסטרא כחול-960,מיליליטרים,960.00,"100 מ""ל",false,,15.90,1.6563,true,1,10449
7290100245231,false,נמס בכוס מרק בטעם עוף עם אטריות ושקדי מרק-2 שקיות,יוניליוור ישראל שיווק בע`מ,,נמס בכוס ועוד טעם עו,גרמים,50.00,100 גרם,false,,7.90,15.8000,true,1,10458
7290100249598,false,רוטב לעוף בטעם שום ודבש קנור (320 גרם),יוניליוור ישראל שיווק בע`מ,,רוטב לעוף שום ודבש ב,גרמים,310.00,100 גרם,false,,13.90,4.4839,true,1,10498
7290100412343,false,קוויק מטליות לחות 99.9% לניקוי כללי בריח לימון 50 יחידות,שקד תבל בע`מ,,מגבונים לניקוי וחיטו,יחידה,0.00,יחידה,false,,9.90,0.0000,true,1,29572
7290100412770,false,"ד""ר עור - תחליב רחצה קלאסי בניחוח מאסק 700 מ""ל","אמיליה קוסמטיקס בע""מ",,תחליב רחצה קלאסי מאס,מיליליטרים,700.00,"100 מ""ל",false,,21.90,3.1286,true,1,29587
7290100412800,false,"תחליב רחצה לעור יבש וילד פלאור דר עור 700 מ""ל","אמיליה קוסמטיקס בע""מ",,תחליב רחצה עור יבש פ,מיליליטרים,700.00,"100 מ""ל",false,,21.90,3.1286,true,1,29590
7290100412831,false,תחליב רחצה אנטי אייג'ינג בניחוח וניל טרופי,"אמיליה קוסמטיקס בע""מ",,תחליב רחצה אנטי איגי,מיליליטרים,700.00,"100 מ""ל",false,,21.90,3.1286,true,1,29592
7290100572702,false,אביזרי מטבח ב-11.00,,,אביזרי מטבח ב-11.00,יחידה,0.00,יחידה,false,,10.90,0.0000,true,1,34275
<<<<<<< HEAD
7290100680650,false,מנה חמה נודלס-אטריות ירקות טעם תאילנדי אסם 76 ג',PUB FOODS PRESIDENT THAI,,מנה חמה נודלס תאילנד,גרמים,76.00,100 גרם,false,,6.90,9.0789,true,1,18805
7290100680667,false,מנה חמה נודלס-אטריות+ירקות טעם סצ'ואן,PUB FOODS PRESIDENT THAI,,מנה חמה נודלס ירקות,גרמים,76.00,100 גרם,false,,6.90,9.0789,true,1,18806
7290100680711,false,פירורית זהב אסם זהב 350ג',עינת תעשיות מזון אגו,,אסם פירורית זהב 350,גרמים,350.00,100 גרם,false,,9.90,2.8286,true,1,18807
7290100680728,false,פירורית רגילה שקית 350 גרם,מיוצר עי קונדיטוריית,,פירורית רגילה שקית 3,גרמים,350.00,100 גרם,false,,8.90,2.5429,true,1,18808
7290100681138,false,מארז אפרופו חטיף תירס 3 יחידות,"אסם השקעות בע""\מ",,אפרופו מאח 3*50 גר',גרמים,150.00,100 גרם,false,,12.90,8.6000,true,1,18812
7290100681503,false,עסיס סירופ לימונענע דיאטטי 1 ליטר,בית-השיטה עסיס תעשיות מז,,סירופ דיאט לימונענע,ליטרים,1.00,ליטר,false,,16.90,16.9000,true,1,18814
7290100684139,false,פסטה מיני מקרוני אסם 500 גרם,פסטה זארה,,מיני מקרוני אסם 500,גרמים,500.00,100 גרם,false,,6.90,1.3800,true,1,18823
7290100685341,false,אבקת מרק טעם עוף זך רכיבים טבעיים אסם 400 גרם,"אסם השקעות בע""\מ",,מרק זך טעם עוף רכיבי,גרמים,400.00,100 גרם,false,,18.90,4.7250,true,1,18832
7290100686171,false,מארז מולטיפק ביסלי גריל 6 יח 35 גר ליח,"אסם השקעות בע""\מ",,ביסלי גריל מאח.8 6*3,גרמים,210.00,100 גרם,false,,13.90,6.6190,true,1,18840
7290100687109,false,במבה במילוי קרם נוגט 60ג' אסם,"אסם השקעות בע""\מ",,במבה במילוי קרם נוגט,גרמים,60.00,100 גרם,false,,4.90,8.1667,true,1,18843
7290100689301,false,אבקת מרק בטעם עוף זך עדיף אסם 400 גרם,"אסם השקעות בע""\מ",,מרק בטעם עוף זך אסם,גרמים,400.00,100 גרם,false,,15.90,3.9750,true,1,18850
7290100700006,false,"סוגת חיטה 1 ק""ג","סוגת תעשיות בע""\מ",,"סוגת חיטה 1 ק""ג",קילוגרמים,1.00,"ק""ג",false,,8.90,8.9000,true,1,17344
7290100700020,false,סוגת גריסי פנינה 500 גרם,האי נאם סי או אל.טי.,,סוגת גריסי פנינה 500,גרמים,500.00,100 גרם,false,,6.90,1.3800,true,1,17345
7290100700075,false,פירורי לחם מוזהבים סוגת 200 גרם,"סוגת תעשיות בע""\מ",,פירורי לחם מוזהבים ש,גרמים,200.00,100 גרם,false,,3.90,1.9500,true,1,17346
7290100700242,false,"סוגת אורז מלא עגול 1 ק""ג","סוגת תעשיות בע""\מ",,סוגת אורז מלא עגול 1,קילוגרמים,1.00,"ק""ג",false,,10.90,10.9000,true,1,17347
=======
7290100680650,false,מנה חמה נודלס-אטריות ירקות טעם תאילנדי אסם 76 ג',קבוצת אוסם סחר שותפות מוגבלת,,מנה חמה נודלס תאילנד,גרמים,76.00,100 גרם,false,,6.90,9.0789,true,1,18805
7290100680667,false,מנה חמה נודלס בסגנון סצ`ואן אסם (76 גרם),קבוצת אוסם סחר שותפות מוגבלת,,מנה חמה נודלס ירקות,גרמים,76.00,100 גרם,false,,6.90,9.0789,true,1,18806
7290100680711,false,פירורית זהב אסם זהב 350ג',קבוצת אוסם סחר שותפות מוגבלת,,אסם פירורית זהב 350,גרמים,350.00,100 גרם,false,,9.90,2.8286,true,1,18807
7290100680728,false,פירורית רגילה שקית 350 גרם,קבוצת אוסם סחר שותפות מוגבלת,,פירורית רגילה שקית 3,גרמים,350.00,100 גרם,false,,8.90,2.5429,true,1,18808
7290100681138,false,מארז אפרופו חטיף תירס 3 יחידות,קבוצת אוסם סחר שותפות מוגבלת,,אפרופו מאח 3*50 גר',גרמים,150.00,100 גרם,false,,12.90,8.6000,true,1,18812
7290100681503,false,עסיס סירופ לימונענע דיאטטי 1 ליטר,קבוצת אוסם סחר שותפות מוגבלת,,סירופ דיאט לימונענע,ליטרים,1.00,ליטר,false,,16.90,16.9000,true,1,18814
7290100684139,false,פסטה מיני מקרוני אסם (500 גרם),קבוצת אוסם סחר שותפות מוגבלת,,מיני מקרוני אסם 500,גרמים,500.00,100 גרם,false,,6.90,1.3800,true,1,18823
7290100685341,false,אבקת מרק טעם עוף זך רכיבים טבעיים אסם 400 גרם,קבוצת אוסם סחר שותפות מוגבלת,,מרק זך טעם עוף רכיבי,גרמים,400.00,100 גרם,false,,18.90,4.7250,true,1,18832
7290100686171,false,מארז מולטיפק ביסלי גריל 6 יח 35 גר ליח,קבוצת אוסם סחר שותפות מוגבלת,,ביסלי גריל מאח.8 6*3,גרמים,210.00,100 גרם,false,,13.90,6.6190,true,1,18840
7290100687109,false,במבה במילוי קרם נוגט 60ג' אסם,קבוצת אוסם סחר-שות.מוגבלת,,במבה במילוי קרם נוגט,גרמים,60.00,100 גרם,false,,4.90,8.1667,true,1,18843
7290100689301,false,אבקת מרק בטעם עוף זך עדיף אסם 400 גרם,קבוצת אוסם סחר שותפות מוגבלת,,מרק בטעם עוף זך אסם,גרמים,400.00,100 גרם,false,,15.90,3.9750,true,1,18850
7290100700006,false,"סוגת חיטה 1 ק""ג","סוגת תעשיות בע""\מ",,"סוגת חיטה 1 ק""ג",קילוגרמים,1.00,"ק""ג",false,,8.90,8.9000,true,1,17344
7290100700020,false,גריסי פנינה סוגת (500 גרם),האי נאם סי או אל.טי.,,סוגת גריסי פנינה 500,גרמים,500.00,100 גרם,false,,6.90,1.3800,true,1,17345
7290100700075,false,פירורי לחם מוזהבים סוגת (200 גרם),"סוגת תעשיות בע""\מ",,פירורי לחם מוזהבים ש,גרמים,200.00,100 גרם,false,,3.90,1.9500,true,1,17346
7290100700242,false,אורז מלא עגול סוגת (1 קג),"סוגת תעשיות בע""\מ",,סוגת אורז מלא עגול 1,קילוגרמים,1.00,"ק""ג",false,,10.90,10.9000,true,1,17347
>>>>>>> d048ac2f4f281c9d788043ab4e81b61b0dbe3743
7290100700266,false,פירורי לחם לבנים סוגת 200 גרם,"סוגת תעשיות בע""מ",,סוגת פרורי לחם לבן 2,גרמים,200.00,100 גרם,false,,3.90,1.9500,true,1,17348
7290100700273,false,קינואה לבנה 500 ג סו,האי נאם סי או אל.טי.,,קינואה סוגת 500 גרם,גרמים,500.00,100 גרם,false,,15.90,3.1800,true,1,17349
7290100700310,false,"סוגת כוסמת סוגת 1ק""ג","סוגת תעשיות בע""מ",,כוסמת 1 ק'ג,קילוגרמים,1.00,"ק""ג",false,,15.90,15.9000,true,1,17351
7290100700334,false,קינואה לבנה 1 קג סוג,"סוגת תעשיות בע""מ",,סוגת קינואה 1קג,קילוגרמים,1.00,"ק""ג",false,,28.90,28.9000,true,1,17353
7290100700389,false,"אורז אדום 1 ק""ג ""סוגת""","סוגת תעשיות בע""\מ",,אורז אדום 1 ק'ג,קילוגרמים,1.00,"ק""ג",false,,13.90,13.9000,true,1,17356
7290100700396,false,"סוגת אורז יסמין קלאסי 1 ק""ג",האי נאם סי או אל.טי.,,סוגת אורז יסמין קלאס,קילוגרמים,1.00,"ק""ג",false,,12.90,12.9000,true,1,17357
<<<<<<< HEAD
7290100700587,false,"בורגול ""סוגת"" 500 גרם",האי נאם סי או אל.טי.,,סוגת בורגול 500 גר,גרמים,500.00,100 גרם,false,,6.90,1.3800,true,1,17363
7290100701157,false,"אורז להכנת סושי סוגת 1 ק""ג","סוגת תעשיות בע""\מ",,אורז סושי 1 קג,קילוגרמים,1.00,"ק""ג",false,,12.80,12.8000,true,1,17366
7290100701300,false,קינואה אדומה סוגת 500 גרם,"סוגת תעשיות בע""\מ",,סוגת קינואה אדומה 50,גרמים,500.00,100 גרם,false,,15.90,3.1800,true,1,17367
7290100701348,false,"קמח שיפון מלא סוגת 1 ק""ג",שטיבל טחנות קמח,,קמח שיפון מלא סוגת,קילוגרמים,1.00,"ק""ג",false,,7.90,7.9000,true,1,17370
7290100701454,false,גרישה בורגול דק סוגת 500 גרם,"סוגת תעשיות בע""\מ",,גרישה 500 גרם,גרמים,500.00,100 גרם,false,,6.90,1.3800,true,1,17375
7290100701577,false,קמח לחם קמח חיטה לבן שטיבל,טחנות קמח שטיבל באר שבע,,קמח לחם מועשר בויטמי,קילוגרמים,1.00,"ק""ג",false,,7.90,7.9000,true,1,17376
7290100701874,false,"קמח כוסמין מלא סוגת 1 ק""ג",טחנות קמח שטיבל באר,,"קמח כוסמין סוגת 1 ק""",קילוגרמים,1.00,"ק""ג",false,,14.00,14.0000,true,1,17380
7290100702284,false,קוסקוס מלא סוגת 350 גרם,"אסיף תעשיות מזון בע""",,קוסקוס מלא סוגת 350,גרמים,350.00,100 גרם,false,,5.90,1.6857,true,1,17388
=======
7290100700587,false,בורגול סוגת (500 גרם),האי נאם סי או אל.טי.,,סוגת בורגול 500 גר,גרמים,500.00,100 גרם,false,,6.90,1.3800,true,1,17363
7290100701157,false,אורז להכנת סושי סוגת (1 קג),"סוגת תעשיות בע""\מ",,אורז סושי 1 קג,קילוגרמים,1.00,"ק""ג",false,,12.80,12.8000,true,1,17366
7290100701300,false,קינואה אדומה סוגת (500 גרם),"סוגת תעשיות בע""\מ",,סוגת קינואה אדומה 50,גרמים,500.00,100 גרם,false,,15.90,3.1800,true,1,17367
7290100701348,false,"קמח שיפון מלא סוגת 1 ק""ג",שטיבל טחנות קמח,,קמח שיפון מלא סוגת,קילוגרמים,1.00,"ק""ג",false,,7.90,7.9000,true,1,17370
7290100701454,false,בורגול דק גרישה סוגת (500 גרם),"סוגת תעשיות בע""\מ",,גרישה 500 גרם,גרמים,500.00,100 גרם,false,,6.90,1.3800,true,1,17375
7290100701577,false,קמח לחם קמח חיטה לבן שטיבל,טחנות קמח שטיבל באר שבע,,קמח לחם מועשר בויטמי,קילוגרמים,1.00,"ק""ג",false,,7.90,7.9000,true,1,17376
7290100701874,false,"קמח כוסמין מלא סוגת 1 ק""ג",טחנות קמח שטיבל באר,,"קמח כוסמין סוגת 1 ק""",קילוגרמים,1.00,"ק""ג",false,,14.00,14.0000,true,1,17380
7290100702284,false,קוסקוס מלא סוגת (350 גרם),"אסיף תעשיות מזון בע""",,קוסקוס מלא סוגת 350,גרמים,350.00,100 גרם,false,,5.90,1.6857,true,1,17388
>>>>>>> d048ac2f4f281c9d788043ab4e81b61b0dbe3743
7290100702383,false,קמח תופח מס' 13 סוגת,"שטיבל בע""\מ - טחנות קמח",,"קמח תופח סוגת 1 ק""ג",קילוגרמים,1.00,"ק""ג",false,,7.90,7.9000,true,1,17391
7290100702611,false,פתיתים אפויים אורז סוגת 500 גרם,"אסיף תעשיות מזון בע""\מ",,פתיתים אפויים אורז ס,גרמים,500.00,100 גרם,false,,4.90,0.9800,true,1,17400
7290100702628,false,פתיתים אפויים קוסקוס סוגת 500 גרם,"אסיף תעשיות מזון בע""\מ",,פתיתים אפויים קוסקוס,גרמים,500.00,100 גרם,false,,4.90,0.9800,true,1,17401
7290100702741,false,"סוכר חום בהיר בצנצנת סוגת 1 ק""ג",סוגת תעשיות בעמ,,סוכר חום בהיר בצנצנת,קילוגרמים,1.00,"ק""ג",false,,13.90,13.9000,true,1,17411
<<<<<<< HEAD
7290100702987,false,שיבולת שועל פתיתים סוגת 500 גרם,סוגת תעשיות,,פתיתי שיבולת שועל סו,גרמים,500.00,100 גרם,false,,7.90,1.5800,true,1,17428
7290100702994,false,סוכר דמררה קלאסי בשקית סוגת 500 גרם,"סוגת תעשיות בע""מ",,סוכר דמררה בשקית סוג,גרמים,500.00,100 גרם,false,,6.90,1.3800,true,1,17429
7290100703007,false,"עדשים שחורות בלוגה 500 גרם ""סוגת""",האי נאם סי או אל.טי.,,סוגת עדשים שחורות בל,גרמים,500.00,100 גרם,false,,8.90,1.7800,true,1,17430
7290100703533,false,קמח קסם תערובת קמח עם שמרים,טחנות קמח שטיבל באר שבע,,קמח קסם רב תכליתי סו,קילוגרמים,1.00,"ק""ג",false,,8.90,8.9000,true,1,17451
7290100703625,false,קמח חיטה לבן ללא צורך בניפוי,"שטיבל בע""מ",,קמח לבן ללא ניפוי סו,קילוגרמים,1.00,"ק""ג",false,,8.50,8.5000,true,1,17457
7290100703632,false,קמח חיטה מלא ללא צורך בניפוי,"שטיבל בע""מ",,קמח מלא ללא ניפוי סו,קילוגרמים,1.00,"ק""ג",false,,8.90,8.9000,true,1,17458
7290100703687,false,"קמח חלה ללא ניפוי סוגת 1 ק""ג","שטיבל בע""מ",,קמח חלה ללא ניפוי סו,קילוגרמים,1.00,"ק""ג",false,,8.90,8.9000,true,1,17462
=======
7290100702987,false,שיבולת שועל פתיתים סוגת 500 גרם,סוגת תעשיות בעמ,,פתיתי שיבולת שועל סו,גרמים,500.00,100 גרם,false,,7.90,1.5800,true,1,17428
7290100702994,false,סוכר דמררה קלאסי בשקית סוגת 500 גרם,"סוגת תעשיות בע""מ",,סוכר דמררה בשקית סוג,גרמים,500.00,100 גרם,false,,6.90,1.3800,true,1,17429
7290100703007,false,עדשים שחורות בלוגה סוגת (500 גרם),האי נאם סי או אל.טי.,,סוגת עדשים שחורות בל,גרמים,500.00,100 גרם,false,,8.90,1.7800,true,1,17430
7290100703533,false,קמח קסם תערובת קמח שמרים סוגת 1 קג,טחנות קמח שטיבל באר שבע,,קמח קסם רב תכליתי סו,קילוגרמים,1.00,"ק""ג",false,,8.90,8.9000,true,1,17451
7290100703625,false,קמח חיטה לבן ללא צורך בניפוי,סוגת תעשיות בעמ,,קמח לבן ללא ניפוי סו,קילוגרמים,1.00,"ק""ג",false,,8.50,8.5000,true,1,17457
7290100703632,false,קמח חיטה מלא ללא צורך בניפוי,סוגת תעשיות בעמ,,קמח מלא ללא ניפוי סו,קילוגרמים,1.00,"ק""ג",false,,8.90,8.9000,true,1,17458
7290100703687,false,"קמח חלה ללא ניפוי סוגת 1 ק""ג",סוגת תעשיות בעמ,,קמח חלה ללא ניפוי סו,קילוגרמים,1.00,"ק""ג",false,,8.90,8.9000,true,1,17462
>>>>>>> d048ac2f4f281c9d788043ab4e81b61b0dbe3743
7290100703861,false,"תערובת קסם לחלה ללא צורך בניפוי סוגת 1 ק""ג","שטיבל בע""\מ - טחנות קמח",,קמח תערובת קסם לחלה,קילוגרמים,1.00,"ק""ג",false,,8.90,8.9000,true,1,17465
7290100703922,false,פופקורן להכנה במיקרוגל בטעם טבעי - מארז 6 שקיות,סוגת תעשיות בעמ,,מארז פופקורן למיקרוג,גרמים,540.00,100 גרם,false,,14.90,2.7593,true,1,17470
7290100704141,false,סוגת אבקת סודה לשתיה 100 גר`,א.ל. ייצור ושיווק תב,,סוגת סודה לשתייה 100,גרמים,100.00,100 גרם,false,,2.90,2.9000,true,1,17480
7290100704493,false,קמח שמרים פיצה ללא צורך בניפוי 1 קג סוגת,"שטיבל בע""\מ - טחנת קמח",,קמח שמרים פיצה סוגת,קילוגרמים,1.00,"ק""ג",false,,8.90,8.9000,true,1,110682
7290100704578,false,"קמח כוסמין לבן תופח סוגת 1 ק""ג","שטיבל בע""\מ - טחנת קמח",,קמח כוסמין לבן סוגת,קילוגרמים,1.00,"ק""ג",false,,14.00,14.0000,true,1,136984
7290100704660,false,"קינואה מיקס סוגת, 500 גרם","סוגת תעשיות בע""\מ",,קינואה מיקס סוגת 500,גרמים,500.00,100 גרם,false,,15.90,3.1800,true,1,153656
7290100850909,false,חטיף תירס נאצ`ו מקסיקני דוריטוס (70 גרם),"שטראוס פריטו ליי בע""\מ",,דוריטוס נאצו מקסיקני,גרמים,70.00,100 גרם,false,,3.90,5.5714,true,1,24173
7290100850916,false,דוריטוס חמוץ חריף מעודן 70 גרם כשר לפסח,"שטראוס פריטו ליי בע""\מ )",,דוריטוס חמוץ חריף 70,גרמים,70.00,100 גרם,false,,3.90,5.5714,true,1,24174
7290100850923,false,חטיף תירס גריל דוריטוס (70 גרם),"שטראוס פריטו ליי בע""\מ )",,דוריטוס גריל 70 גרם,גרמים,70.00,100 גרם,false,,3.90,5.5714,true,1,24175
7290100850930,false,חטיף תירס בטעם טבעי דוריטוס (70 גרם),"שטראוס פריטו ליי בע""\מ )",,דוריטוס טבעי 70 גרם,גרמים,70.00,100 גרם,false,,3.90,5.5714,true,1,24176
7290100858592,false,אבקת קקאו עלית שקית 150 ג',הנסיך- מפעל לייצור ט,,עלית קקאו 150ג,גרמים,150.00,100 גרם,false,,9.90,6.6000,true,1,22359
7290100858608,false,עלית אבקת קקאו כשלפ 500 גרם,שטראוס קפה בי.ויn\.,,עלית קקאו 500ג,גרמים,500.00,100 גרם,false,,27.10,5.4200,true,1,22360
7290100924204,false,"פרסיל אבקה לכביסה רגיל 8 ק""ג",גורי שיווק בעמ,,פרסיל אבקת כביסה 8 ק,קילוגרמים,8.00,"ק""ג",false,,56.90,7.1125,true,1,34956
7290100925676,false,קולור קאצר 20 דפים לוכדי צבע למכונת כביס,גורי שיווק בעמ,,קולור קאצ'ר 20 דפים,יחידה,0.00,יחידה,false,,24.90,0.0000,true,1,35010
7290101459880,false,נרות אותיות- יום הול,,,נרות אותיות- יום הול,יחידה,0.00,יחידה,false,,9.90,0.0000,true,1,32479
7290101486688,false,חטיף דגנים עם שוקולד ללא גלוטן וסוכר פרי 5*20 גרם,טבעית מוצרים מן הטבע בעמ,,פרי חטיפי בריאות מאר,גרמים,100.00,100 גרם,false,,18.00,18.0000,true,1,21566
7290101488316,false,ליידי ספיד סטיק - דאודורנט סטיק לאישה ללא סימן ורוד סטיק 65 גרם,ליידי ספיד סטיק Lady Speed Stick,,דאו' ללא סימן ורוד ל,מיליליטרים,65.00,"100 מ""ל",false,,21.90,33.6923,true,1,21572
7290101488323,false,ליידי ספיד סטיק - דאודורנט סטיק לאישה ללא סימן ירוק סטיק 65 גרם,ליידי ספיד סטיק Lady Speed Stick,,דאו' ללא סימן ירוק ל,גרמים,65.00,100 גרם,false,,21.90,33.6923,true,1,21573
7290101551027,false,קפסולות קפה אספרסו חזק במיוחד 14 עלית 10 יח',הנסיך- מפעל לייצור ט,,קפסולות אספרסו 14 למ,גרמים,50.00,100 גרם,false,,18.90,37.8000,true,1,22367
7290101551300,false,סילאן טבעי ללא תוספת סוכר בקבוק לחיץ,מכוורת יד מרדכי שטראוס ב,,סילאן טבעי לחיץ יד מ,גרמים,380.00,100 גרם,false,,14.90,3.9211,true,1,22370
7290101551539,false,יוגורט PRO בטעם אפרסק 0% 20 גרם חלבון בגביע,שטראוס גרופ בעמ/מצונן,,דנונה פרו 20 אפרסק 2,גרמים,200.00,100 גרם,false,,6.20,3.1000,true,1,23391
7290101551584,false,תפוצ'יפס קידס מארז 10 יח' * 20 ג',"שטראוס פריטו ליי בע""מ )פ",,מארז תפוצ'יפס קידס 1,גרמים,200.00,100 גרם,false,,14.90,7.4500,true,1,24181
7290101551614,false,חטיף צ'יטוס קראנץ בטעם גבינה - מארז 8 יח',"שטראוס פריטו ליי בע""מ )פ",,מארז צ'יטוס קראנצ' ג,גרמים,240.00,100 גרם,false,,14.90,6.2083,true,1,24183
7290101551638,false,חטיף צ'יטוס כאפה בטעם קטשופ - מארז 10 יח',"שטראוס פריטו ליי בע""מ )פ",,מארז צ'יטוס כאפה 10*,גרמים,200.00,100 גרם,false,,13.90,6.9500,true,1,24185
<<<<<<< HEAD
7290101863410,false,"סיליט באנג ספריי ניקוי עוצמתי מכיל אקונומיקה 750 מ""ל",סיליט באנג Cillit Bang,,סיליט באנג ספריי אקו,מיליליטרים,750.00,"100 מ""ל",false,,17.90,2.3867,true,1,20896
7290101864127,false,"ספריי להסרת כתמים 750 מ""ל וניש קליה",קליה וניש Kalia Vanish,,קליה אוקסי ספריי 750,מיליליטרים,750.00,"100 מ""ל",false,,16.90,2.2533,true,1,20900
7290101866633,false,וניש קליה גל להסרת כתמים 3 ליטר אוקסיפרש,קליה וניש Kalia Vanish,,וניש קליה ג'ל 3 ליטר,ליטרים,3.00,ליטר,false,,29.90,9.9667,true,1,20913
7290101866787,false,וניש קליה נוזל מסיר כתמים לכביסה לבנה 3 ליטר,קליה וניש Kalia Vanish,,וניש נוזל מסיר כתמים,ליטרים,3.00,ליטר,false,,29.90,9.9667,true,1,20916
7290101868460,false,"קולון 101 אבקת כביסה 8 ק""ג",רקיט בנקיזר,,אבקת כביסה קולון 101,קילוגרמים,8.00,"ק""ג",false,,59.90,7.4875,true,1,20935
7290101868958,false,פיניש נוזל הברקה למדיח בניחוח לימון,רקיט בנקיזר,,פיניש נוזל הברקה לימ,מיליליטרים,800.00,"100 מ""ל",false,,26.90,3.3625,true,1,20939
7290101869788,false,"אירוויק ספריי אוטומטי מילוי בניחוח אואזיס 250 מ""ל*",איירוויק Air Wick,,איירוויק מילוי מבשם,מיליליטרים,250.00,"100 מ""ל",false,,15.90,6.3600,true,1,20956
=======
7290101863410,false,"סיליט באנג ספריי ניקוי עוצמתי מכיל אקונומיקה 750 מ""ל",רקיט בנקיזר (ניר איסט) בעמ,,סיליט באנג ספריי אקו,מיליליטרים,750.00,"100 מ""ל",false,,17.90,2.3867,true,1,20896
7290101864127,false,ספריי להסרת כתמים וניש קליה (750 מל),רקיט בנקיזר (ניר איסט) בעמ,,קליה אוקסי ספריי 750,מיליליטרים,750.00,"100 מ""ל",false,,16.90,2.2533,true,1,20900
7290101866633,false,וניש קליה גל להסרת כתמים 3 ליטר אוקסיפרש,רקיט בנקיזר (ניר איסט) בעמ,,וניש קליה ג'ל 3 ליטר,ליטרים,3.00,ליטר,false,,29.90,9.9667,true,1,20913
7290101866787,false,וניש קליה נוזל מסיר כתמים לכביסה לבנה 3 ליטר,רקיט בנקיזר (ניר איסט) בעמ,,וניש נוזל מסיר כתמים,ליטרים,3.00,ליטר,false,,29.90,9.9667,true,1,20916
7290101868460,false,"קולון 101 אבקת כביסה 8 ק""ג",רקיט בנקיזר (ניר איסט) בעמ,,אבקת כביסה קולון 101,קילוגרמים,8.00,"ק""ג",false,,59.90,7.4875,true,1,20935
7290101868958,false,פיניש נוזל הברקה למדיח בניחוח לימון,רקיט בנקיזר (ניר איסט) בעמ,,פיניש נוזל הברקה לימ,מיליליטרים,800.00,"100 מ""ל",false,,26.90,3.3625,true,1,20939
7290101869788,false,"אירוויק ספריי אוטומטי מילוי בניחוח אואזיס 250 מ""ל*",רקיט בנקיזר (ניר איסט) בעמ,,איירוויק מילוי מבשם,מיליליטרים,250.00,"100 מ""ל",false,,15.90,6.3600,true,1,20956
>>>>>>> d048ac2f4f281c9d788043ab4e81b61b0dbe3743
7290101999720,false,נרות מטה לבבות פו,,,נרות מטה לבבות פו,יחידה,0.00,יחידה,false,,7.50,0.0000,true,1,32813
7290102030330,false,תפוצ`יפס אקסטרא מקסיקני 200 גרם +20 תו,"שטראוס פריטו ליי בע""\מ )",,תפוצ'יפס קראנץ מקסיק,גרמים,200.00,100 גרם,false,,10.90,5.4500,true,1,24194
7290102031276,false,מארז 8 יחידות אקטימל משקה יוגורט בטעם תות בננה,שטראוס גרופ בעמ/מצונן,,אקטימל תות בננה 8*10,מיליליטרים,800.00,"100 מ""ל",false,,22.90,2.8625,true,1,23412
7290102032334,false,אבקה להכנת משקה קפה בטעם וניל,שטראוס קפה בי.וי,,קפה נמס עלית בטעם ונ,גרמים,200.00,100 גרם,false,,24.90,12.4500,true,1,22373
7290102302864,false,גבינה הולנדית עם פסטו ירוק 34%,הנרי ויליך Henri Willig,,גבינה הולנדית חצי קש,גרמים,200.00,100 גרם,false,,33.90,16.9500,true,1,288696
<<<<<<< HEAD
7290102302994,false,גאיה בסגנון פטה במי מלח 200 גרם,ZIEGLER,,טבעונית בסגנון פטה ב,גרמים,200.00,100 גרם,false,,34.90,17.4500,true,1,114243
7290102390427,false,יוגורט ביו עם קציפת תות 3% שומן 150 ג' מולר,מולר Muller,,מולר פרופ תות 3% 150,גרמים,150.00,100 גרם,false,,5.50,3.6667,true,1,6439
7290102390465,false,יוגורט ביו עם קציפת אפרסק ופסיפלורה 3% שומן 150 ג' מולר,מולר Muller,,מולר פרופ אפרסק פסיפ,גרמים,150.00,100 גרם,false,,5.50,3.6667,true,1,6440
7290102390489,false,יוגורט ביו עם קציפת לימון 3% שומן 150 ג' מולר,מולר Muller,,מולר פרופ לימון 3% 1,גרמים,150.00,100 גרם,false,,5.50,3.6667,true,1,6442
7290102391844,false,יוגורט ביו עם קציפת פירות יער3% שומן 150 ג' מולר,מולר Muller,,מולר פרופ לבן+קציפת,גרמים,150.00,100 גרם,false,,5.50,3.6667,true,1,6449
7290102392094,false,חלב עיזים 3.7% בקרטון משק צוריאל 1 ליטר,מילקו תעשיות בעמ,,צוריאל חלב עיזים 1ל,ליטרים,1.00,ליטר,false,,16.90,16.9000,true,1,6452
7290102393039,false,"יוגורט ביו קרמי מיקס פצפוצי שוקולד 7.6% מולר 170 מ""ל",קריות זול,,מולר מיקס בתוספת פצפ,מיליליטרים,170.00,"100 מ""ל",false,,5.90,3.4706,true,1,6468
7290102393268,false,"גבינה לבנה 5% שומן, רכיבים טבעיים 750 גרם",הפריט בפיקוח,,טרה גבינה לבנה אריזת,גרמים,750.00,100 גרם,false,,14.90,1.9867,true,1,6478
7290102394463,false,נעם גבינה צהובה פרוסה ואקום 28% טרה 500 גרם,Unknown,,נעם גבינה צהובה וואק,גרמים,500.00,100 גרם,false,,27.90,5.5800,true,1,6496
7290102394821,false,נעם גבינה צהובה פרוסה 28% טרה 200 גרם,מילקו תעשיות בעמ,,נעם גבינה צהובה דק ד,גרמים,200.00,100 גרם,false,,15.90,7.9500,true,1,6500
7290102394845,false,נעם גבינה צהובה לייט פרוסה דק דק 9% טרה 200 גרם,מילקו תעשיות בעמ,,נעם גבינה צהובה דק ד,גרמים,200.00,100 גרם,false,,16.90,8.4500,true,1,6501
7290102395224,false,שמיניית יוגורט ביו ביאנקו 1.7% מולר 150 גרם,מולר Muller,,מולר נטורל 1.7% 8*15,קילוגרמים,1.20,"ק""ג",false,,18.50,15.4167,true,1,6509
7290102395262,false,מארז 8 גביעים יוגורט בטעם תות שדה ואפרסק 3% Simply Fruit,מולר Muller,,מולר תות שדה ואפרסק,קילוגרמים,1.20,"ק""ג",false,,31.90,26.5833,true,1,6511
7290102395446,false,מעדן חלב בטעם וניל עם קצפת 123 ג' טרה,Unknown,,מוו וניל קצפת 123מל,מיליליטרים,123.00,"100 מ""ל",false,,3.50,2.8455,true,1,6516
7290102395477,false,מעדן חלב בטעם שוקולד עם קצפת 123 ג' טרה,Unknown,,מוו שוקולד קצפת 123מ,מיליליטרים,123.00,"100 מ""ל",false,,3.50,2.8455,true,1,6519
7290102395521,false,"שמנת לבישול 15% שומן 500 מ""ל טרה",מילקו תעשיות בעמ,,טרה שמנת לבישול 15%+,מיליליטרים,500.00,"100 מ""ל",false,,16.90,3.3800,true,1,6520
7290102396399,false,שמיניית מעדן שוקולד מוו 1.5% טרה 100 גרם,Unknown,,מוו מעדן שוקולד 100*,גרמים,800.00,100 גרם,false,,13.90,1.7375,true,1,6537
7290102396405,false,שמיניית מעדן וניל מוו 1.5% טרה 100 גרם,Unknown,,מוו מעדן וניל 100*8,גרמים,800.00,100 גרם,false,,13.90,1.7375,true,1,6538
7290102396436,false,"מעדן מוו שוקולד 1.5% 125 גרם בד""צ",מילקו תעשיות בעמ,,מוו מעדן שוקולד 1.5%,גרמים,125.00,100 גרם,false,,3.50,2.8000,true,1,6541
7290102396443,false,"מעדן מוו וניל 1.5% 125 גרם בד""צ",מילקו תעשיות בעמ,,מוו מעדן וניל 1.5% 1,גרמים,125.00,100 גרם,false,,3.50,2.8000,true,1,6542
7290102396580,false,מעדן מוו שוקולד ומוס שוקולד טרה 118 גרם,טרה,,מוו מעדן שוקולד ומוס,גרמים,118.00,100 גרם,false,,3.50,2.9661,true,1,6546
7290102396597,false,מעדן מוו וניל ומוס שוקולד טרה 118 גרם,טרה,,מוו מעדן וניל ומוס ש,גרמים,118.00,100 גרם,false,,3.50,2.9661,true,1,6547
7290102396665,false,נעם גבינה צהובה דק דק 15% טרה 200 גרם,מילקו תעשיות בעמ,,גבנ`צ דקדק פתח סגור,גרמים,200.00,100 גרם,false,,16.90,8.4500,true,1,6550
7290102396672,false,"גבנ""צ דק דק נעם פתיחה חוזרת 9% 360 גרם",מילקו תעשיות בעמ,,נעם צהובה דק דק 9% 3,גרמים,360.00,100 גרם,false,,27.90,7.7500,true,1,6551
7290102397204,false,"גבנ""צ דק דק נעם פתיחה חוזרת 22% 200 גרם",מילקו תעשיות בעמ,,נעם צהובה דק דק 22%,גרמים,200.00,100 גרם,false,,16.90,8.4500,true,1,6577
7290102397310,false,מעדן מיני בטעם שוקולד קצפת מוו מאגדת 8 יח' * 70 ג',מילקו תעשיות בעמ,,מאגדת שמינייה מיני מ,מיליליטרים,944.00,"100 מ""ל",false,,12.90,1.3665,true,1,6581
7290102397464,false,יוגורט ביו בתוספת גרעינים אגוזים וחמוציות 170 ג' מולר,מולר Muller,,מולר יוגורט נטורל +,גרמים,150.00,100 גרם,false,,5.90,3.9333,true,1,6592
7290102397600,false,מיקס יוגורט בתוספת שקדים ובוטנים מקורמלים 170 ג' מולר,מילקו תעשייה בעמ,,מולר מיקס שקדים ובוט,גרמים,168.00,100 גרם,false,,5.90,3.5119,true,1,6602
7290102397617,false,יוגורט ביו קרמי עם כדורים מצופים שוקולד חום לבן,מולר Muller,,מולר מיקס קליק 168 ג,גרמים,168.00,100 גרם,false,,5.90,3.5119,true,1,6603
7290102397730,false,פרוסות גבינה אמנטל חצי קשה 30% שומן 200 ג' נעם,Unknown,,גבינת אמנטל נעם פתיח,גרמים,200.00,100 גרם,false,,17.90,8.9500,true,1,6611
7290102397747,false,פרוסות גבינת מוצרלה נעם מחלב בקר 22%,טרה,,מוצרלה נעם רכיבים ט,גרמים,200.00,100 גרם,false,,18.90,9.4500,true,1,6612
7290102397891,false,גבינה מותכת משק צוריאל 100 גרם,משק צוריאל,,רביעייה גבינה מותכת,גרמים,100.00,100 גרם,false,,7.50,7.5000,true,1,6619
7290102398065,false,חלב טרה בקרטון 2 ליטר מהדרין 3% - מוצר בפיקוח,הפריט בפיקוח,,טרה חלב קרטון 3% מהד,יחידה,0.00,יחידה,false,,12.46,0.0000,true,1,6628
7290102398072,false,"חלב קרטון 3%-1 ליטר "" טרה"" -מוצר פיקוח",הפריט בפיקוח,,טרה חלב בקרטון 3% 1ל,ליטרים,1.00,ליטר,false,,6.23,6.2300,true,1,6629
7290102398331,false,חלב מועשר דל לקטוז 2% שומן טרה 1 ליטר,טרה,,חלב מועשר 1 ליטר דל,ליטרים,1.00,ליטר,false,,7.90,7.9000,true,1,6647
7290102398478,false,לאבנה 9% שומן 500 ג' טרה,טרה,,לאבנה 9% טרה 500 גרם,גרמים,500.00,100 גרם,false,,19.90,3.9800,true,1,6655
7290102398560,false,שוקו טרה מועשר בבקבוק 1 ליטר,מילקו תעשיות בעמ,,שוקו טרה מועשר בבקבו,ליטרים,1.00,ליטר,false,,11.90,11.9000,true,1,6662
7290102398577,false,משקה חלב בטעם שוקו 2% בבקבוק אישי,מילקו תעשיות בעמ,,שוקו טרה מועשר בבקבו,מיליליטרים,250.00,"100 מ""ל",false,,5.90,2.3600,true,1,6663
7290102398614,false,משקה חלב בטעם בננה טרה 1 ליטר,מילקו תעשיות בעמ,,משקה חלב בטעם בננה 1,ליטרים,1.00,ליטר,false,,11.90,11.9000,true,1,6664
7290102398638,false,משקה חלב בטעם מוקה טרה 1 ליטר,מילקו תעשיות בעמ,,משקה חלב בטעם מוקה 1,ליטרים,1.00,ליטר,false,,11.90,11.9000,true,1,6665
7290102398805,false,משקה סויה בטעם וניל משק צוריאל 1 ליטר,מחלבת משק צוריאל,,משקה סויה בטעם וניל,ליטרים,1.00,ליטר,false,,10.90,10.9000,true,1,6673
7290102398836,false,משקה שקדים קלאסי משק צוריאל 1 ליטר,מחלבת משק צוריאל,,משקה שקדים קלאסי משק,ליטרים,1.00,ליטר,false,,11.90,11.9000,true,1,6675
7290102399048,false,פרוסות גבינת קשקבל נעם 200 ג' טרה,מילקו,,קשקבל נעם פתיחה חוזר,גרמים,200.00,100 גרם,false,,23.90,11.9500,true,1,6682
7290102399796,false,מעדן יוגורט לבן מועשר בחלבון 200 ג' מולר אקטיב,מולר Muller,,יוגורט חלבון לבן 250,גרמים,200.00,100 גרם,false,,6.90,3.4500,true,1,73741
7290102399802,false,יוגורט עם תות מולר אקטיב מועשר בחלבון 200 גר',מולר Muller,,יוגורט חלבון תות 20,גרמים,200.00,100 גרם,false,,6.90,3.4500,true,1,73742
7290102399857,false,מולר אקטיב לייט 20 גרם חלבון 0% שומן עם תות 200 גרם,מולר Muller,,יוגורט מולר אקטיב לי,גרמים,150.00,100 גרם,false,,6.50,4.3333,true,1,86107
7290103400194,false,"כרוב לבן 400 גר בד""צ ירקות שטראוס",שטראוס בריאות ירקות טריי,,כרוב לבן 400 ג בדצ י,גרמים,400.00,100 גרם,false,,10.00,2.5000,true,1,23415
7290103400231,false,"גזר מגורד שטראוס 400 גרם בד""צ",שטראוס בריאות ירקות טריי,,גזר גוליאן בדצ 400גר,גרמים,400.00,100 גרם,false,,10.00,2.5000,true,1,23416
7290103400255,false,"סלט קולסלאו 400 גרם בד""צ ירקות שטראוס",שטראוס בריאות ירקות טריי,,סלט קולסלאו 400 ג בד,גרמים,400.00,100 גרם,false,,10.00,2.5000,true,1,23417
=======
7290102302994,false,גאיה בסגנון פטה במי מלח בלוק 200 גר`,א. סיימן סחר בעמ,,טבעונית בסגנון פטה ב,גרמים,200.00,100 גרם,false,,34.90,17.4500,true,1,114243
7290102390427,false,יוגורט ביו עם קציפת תות 3% שומן 150 ג' מולר,החברה המרכזית טלהפצת משקאות בע,,מולר פרופ תות 3% 150,גרמים,150.00,100 גרם,false,,5.50,3.6667,true,1,6439
7290102390465,false,יוגורט ביו עם קציפת אפרסק ופסיפלורה 3% שומן 150 ג' מולר,החברה המרכזית טלהפצת משקאות בע,,מולר פרופ אפרסק פסיפ,גרמים,150.00,100 גרם,false,,5.50,3.6667,true,1,6440
7290102390489,false,יוגורט ביו עם קציפת לימון 3% שומן 150 ג' מולר,החברה המרכזית טלהפצת משקאות בע,,מולר פרופ לימון 3% 1,גרמים,150.00,100 גרם,false,,5.50,3.6667,true,1,6442
7290102391844,false,יוגורט ביו עם קציפת פירות יער3% שומן 150 ג' מולר,החברה המרכזית טלהפצת משקאות בע,,מולר פרופ לבן+קציפת,גרמים,150.00,100 גרם,false,,5.50,3.6667,true,1,6449
7290102392094,false,חלב עיזים 3.7% בקרטון משק צוריאל 1 ליטר,החברה המרכזית טלהפצת משקאות בע,,צוריאל חלב עיזים 1ל,ליטרים,1.00,ליטר,false,,16.90,16.9000,true,1,6452
7290102393039,false,"יוגורט ביו קרמי מיקס פצפוצי שוקולד 7.6% מולר 170 מ""ל",החברה המרכזית טלהפצת משקאות בע,,מולר מיקס בתוספת פצפ,מיליליטרים,170.00,"100 מ""ל",false,,5.90,3.4706,true,1,6468
7290102393268,false,"גבינה לבנה 5% שומן, רכיבים טבעיים 750 גרם",*החברה המרכזית להפצת משקאותבעמ,,טרה גבינה לבנה אריזת,גרמים,750.00,100 גרם,false,,14.90,1.9867,true,1,6478
7290102394463,false,נעם גבינה צהובה פרוסה ואקום 28% טרה 500 גרם,החברה המרכזית טלהפצת משקאות בע,,נעם גבינה צהובה וואק,גרמים,500.00,100 גרם,false,,27.90,5.5800,true,1,6496
7290102394821,false,גבינה צהובה 28% דק דק לפתיחה חוזרת 200,החברה המרכזית טלהפצת משקאות בע,,נעם גבינה צהובה דק ד,גרמים,200.00,100 גרם,false,,15.90,7.9500,true,1,6500
7290102394845,false,נעם גבינה צהובה לייט פרוסה דק דק 9% טרה 200 גרם,החברה המרכזית טלהפצת משקאות בע,,נעם גבינה צהובה דק ד,גרמים,200.00,100 גרם,false,,16.90,8.4500,true,1,6501
7290102395224,false,שמיניית יוגורט ביו ביאנקו 1.7% מולר 150 גרם,החברה המרכזית טלהפצת משקאות בע,,מולר נטורל 1.7% 8*15,קילוגרמים,1.20,"ק""ג",false,,18.50,15.4167,true,1,6509
7290102395262,false,מארז 8 גביעים יוגורט בטעם תות שדה ואפרסק 3% Simply Fruit,החברה המרכזית טלהפצת משקאות בע,,מולר תות שדה ואפרסק,קילוגרמים,1.20,"ק""ג",false,,31.90,26.5833,true,1,6511
7290102395446,false,מעדן חלב בטעם וניל עם קצפת 123 ג' טרה,*החברה המרכזית להפצת משקאותבעמ,,מוו וניל קצפת 123מל,מיליליטרים,123.00,"100 מ""ל",false,,3.50,2.8455,true,1,6516
7290102395477,false,מעדן חלב בטעם שוקולד עם קצפת 123 ג' טרה,החברה המרכזית טלהפצת משקאות בע,,מוו שוקולד קצפת 123מ,מיליליטרים,123.00,"100 מ""ל",false,,3.50,2.8455,true,1,6519
7290102395521,false,"שמנת לבישול 15% שומן 500 מ""ל טרה",החברה המרכזית טלהפצת משקאות בע,,טרה שמנת לבישול 15%+,מיליליטרים,500.00,"100 מ""ל",false,,16.90,3.3800,true,1,6520
7290102396399,false,שמיניית מעדן שוקולד מוו 1.5% טרה 100 גרם,החברה המרכזית טלהפצת משקאות בע,,מוו מעדן שוקולד 100*,גרמים,800.00,100 גרם,false,,13.90,1.7375,true,1,6537
7290102396405,false,שמיניית מעדן וניל מוו 1.5% טרה 100 גרם,החברה המרכזית טלהפצת משקאות בע,,מוו מעדן וניל 100*8,גרמים,800.00,100 גרם,false,,13.90,1.7375,true,1,6538
7290102396436,false,מעדן בטעם שוקולד 1.5% שומן מוו (125 גרם),החברה המרכזית טלהפצת משקאות בע,,מוו מעדן שוקולד 1.5%,גרמים,125.00,100 גרם,false,,3.50,2.8000,true,1,6541
7290102396443,false,מעדן בטעם וניל 1.5% שומן מוו (125 גרם),*החברה המרכזית להפצת משקאותבעמ,,מוו מעדן וניל 1.5% 1,גרמים,125.00,100 גרם,false,,3.50,2.8000,true,1,6542
7290102396580,false,מעדן מוו שוקולד ומוס שוקולד טרה 118 גרם,החברה המרכזית טלהפצת משקאות בע,,מוו מעדן שוקולד ומוס,גרמים,118.00,100 גרם,false,,3.50,2.9661,true,1,6546
7290102396597,false,מעדן מוו וניל ומוס שוקולד טרה 118 גרם,החברה המרכזית טלהפצת משקאות בע,,מוו מעדן וניל ומוס ש,גרמים,118.00,100 גרם,false,,3.50,2.9661,true,1,6547
7290102396665,false,צהובה פרוסות דקדק פתח סגור 15% 200 גר`,החברה המרכזית טלהפצת משקאות בע,,גבנ`צ דקדק פתח סגור,גרמים,200.00,100 גרם,false,,16.90,8.4500,true,1,6550
7290102396672,false,גבינה צהובה נעם דק דק 9% פתח סגור 360 ג,החברה המרכזית טלהפצת משקאות בע,,נעם צהובה דק דק 9% 3,גרמים,360.00,100 גרם,false,,27.90,7.7500,true,1,6551
7290102397204,false,"גבנ""צ דק דק נעם פתיחה חוזרת 22% 200 גרם",*החברה המרכזית להפצת משקאותבעמ,,נעם צהובה דק דק 22%,גרמים,200.00,100 גרם,false,,16.90,8.4500,true,1,6577
7290102397310,false,מעדן מיני בטעם שוקולד קצפת מוו מאגדת 8 יח' * 70 ג',החברה המרכזית טלהפצת משקאות בע,,מאגדת שמינייה מיני מ,מיליליטרים,944.00,"100 מ""ל",false,,12.90,1.3665,true,1,6581
7290102397464,false,יוגורט ביו בתוספת גרעינים אגוזים וחמוציות 170 ג' מולר,החברה המרכזית טלהפצת משקאות בע,,מולר יוגורט נטורל +,גרמים,150.00,100 גרם,false,,5.90,3.9333,true,1,6592
7290102397600,false,מיקס יוגורט בתוספת שקדים ובוטנים מקורמלים 170 ג' מולר,החברה המרכזית טלהפצת משקאות בע,,מולר מיקס שקדים ובוט,גרמים,168.00,100 גרם,false,,5.90,3.5119,true,1,6602
7290102397617,false,יוגורט ביו קרמי עם כדורים מצופים שוקולד חום לבן,החברה המרכזית טלהפצת משקאות בע,,מולר מיקס קליק 168 ג,גרמים,168.00,100 גרם,false,,5.90,3.5119,true,1,6603
7290102397730,false,פרוסות גבינה אמנטל חצי קשה 30% שומן 200 ג' נעם,החברה המרכזית טלהפצת משקאות בע,,גבינת אמנטל נעם פתיח,גרמים,200.00,100 גרם,false,,17.90,8.9500,true,1,6611
7290102397747,false,פרוסות גבינת מוצרלה נעם מחלב בקר 22%,החברה המרכזית טלהפצת משקאות בע,,מוצרלה נעם רכיבים ט,גרמים,200.00,100 גרם,false,,18.90,9.4500,true,1,6612
7290102397891,false,גבינה ניו יורק מותכת %16 4*25 גרם,החברה המרכזית טלהפצת משקאות בע,,רביעייה גבינה מותכת,גרמים,100.00,100 גרם,false,,7.50,7.5000,true,1,6619
7290102398065,false,חלב טרה בקרטון 2 ליטר מהדרין 3% - מוצר בפיקוח,החברה המרכזית טלהפצת משקאות בע,,טרה חלב קרטון 3% מהד,יחידה,0.00,יחידה,false,,12.46,0.0000,true,1,6628
7290102398072,false,"חלב קרטון 3%-1 ליטר "" טרה"" -מוצר פיקוח",החברה המרכזית טלהפצת משקאות בע,,טרה חלב בקרטון 3% 1ל,ליטרים,1.00,ליטר,false,,6.23,6.2300,true,1,6629
7290102398331,false,חלב מועשר דל לקטוז 2% שומן טרה 1 ליטר,החברה המרכזית טלהפצת משקאות בע,,חלב מועשר 1 ליטר דל,ליטרים,1.00,ליטר,false,,7.90,7.9000,true,1,6647
7290102398478,false,לאבנה 9% שומן 500 ג' טרה,החברה המרכזית טלהפצת משקאות בע,,לאבנה 9% טרה 500 גרם,גרמים,500.00,100 גרם,false,,19.90,3.9800,true,1,6655
7290102398560,false,משקה שוקו מועשר בבקבוק 1 ליטר טרה,החברה המרכזית טלהפצת משקאות בע,,שוקו טרה מועשר בבקבו,ליטרים,1.00,ליטר,false,,11.90,11.9000,true,1,6662
7290102398577,false,משקה חלב בטעם שוקו 2% בבקבוק אישי,החברה המרכזית טלהפצת משקאות בע,,שוקו טרה מועשר בבקבו,מיליליטרים,250.00,"100 מ""ל",false,,5.90,2.3600,true,1,6663
7290102398614,false,משקה חלב טרה ט. בננה 1ליטר בקבוק,החברה המרכזית טלהפצת משקאות בע,,משקה חלב בטעם בננה 1,ליטרים,1.00,ליטר,false,,11.90,11.9000,true,1,6664
7290102398638,false,משקה חלב טרה ט.מוקה 1ליטר בקבוק,החברה המרכזית טלהפצת משקאות בע,,משקה חלב בטעם מוקה 1,ליטרים,1.00,ליטר,false,,11.90,11.9000,true,1,6665
7290102398805,false,משקה סויה בטעם וניל 1ל בקבוק משק צוריא,החברה המרכזית טלהפצת משקאות בע,,משקה סויה בטעם וניל,ליטרים,1.00,ליטר,false,,10.90,10.9000,true,1,6673
7290102398836,false,משקה שקדים קלאסי משק צוריאל 1 ליטר,החברה המרכזית טלהפצת משקאות בע,,משקה שקדים קלאסי משק,ליטרים,1.00,ליטר,false,,11.90,11.9000,true,1,6675
7290102399048,false,פרוסות גבינת קשקבל נעם 200 ג' טרה,*החברה המרכזית להפצת משקאותבעמ,,קשקבל נעם פתיחה חוזר,גרמים,200.00,100 גרם,false,,23.90,11.9500,true,1,6682
7290102399796,false,מעדן יוגורט לבן מועשר בחלבון 200 ג' מולר אקטיב,החברה המרכזית טלהפצת משקאות בע,,יוגורט חלבון לבן 250,גרמים,200.00,100 גרם,false,,6.90,3.4500,true,1,73741
7290102399802,false,יוגורט עם תות מולר אקטיב מועשר בחלבון 200 גר',החברה המרכזית טלהפצת משקאות בע,,יוגורט חלבון תות 20,גרמים,200.00,100 גרם,false,,6.90,3.4500,true,1,73742
7290102399857,false,מולר אקטיב לייט 20 גרם חלבון 0% שומן עם תות 200 גרם,החברה המרכזית טלהפצת משקאות בע,,יוגורט מולר אקטיב לי,גרמים,150.00,100 גרם,false,,6.50,4.3333,true,1,86107
7290103400194,false,כרוב לבן 400 ג בדצ ירקות שטראוס טעם הטבע,שטראוס בריאות ירקות טריי,,כרוב לבן 400 ג בדצ י,גרמים,400.00,100 גרם,false,,10.00,2.5000,true,1,23415
7290103400231,false,גזר גוליאן 400גר שטראוס טעם הטבע,שטראוס בריאות ירקות טריי,,גזר גוליאן בדצ 400גר,גרמים,400.00,100 גרם,false,,10.00,2.5000,true,1,23416
7290103400255,false,סלט קולסלאו 400 ג בדצ ירקות שטראוס טעם ה,שטראוס בריאות ירקות טריי,,סלט קולסלאו 400 ג בד,גרמים,400.00,100 גרם,false,,10.00,2.5000,true,1,23417
>>>>>>> d048ac2f4f281c9d788043ab4e81b61b0dbe3743
7290103401429,false,קפה קצב ברזילאי אוריגינס 200 גר,הנסיך- מפעל לייצור ט,,קפה אוריגינס קצב ברז,גרמים,200.00,100 גרם,false,,30.90,15.4500,true,1,22387
7290103404758,false,סלט כרוב אדום במיונז אחלה 120 גרם,שטראוס גרופ בעמ/מצונן,,אחלה כרוב אדום 120ג,גרמים,120.00,100 גרם,false,,5.50,4.5833,true,1,23420
7290103408206,false,עלי חסה ערבית שטופים 250 גר טעם הטבע,שטראוס בריאות ירקות טריי,,עלי חסה ערבית שטופים,גרמים,250.00,100 גרם,false,,10.90,4.3600,true,1,23423
7290103700386,false,טאצ כריות יפניות מארז שישיה,שניב תעשיות נייר בעמ,,טאצ' כריות יפניות 6י,יחידה,0.00,יחידה,false,,10.90,0.0000,true,1,24454
7290103700997,false,נייר טואלט לובלי 40 גלילים,שניב תעשיות נייר בעמ,,לאבלי נייר טואלט 40,מטרים,716.00,מטר,false,,43.90,0.0613,true,1,24459
7290103701017,false,נייר אפיה נשלף טאצ 50 יחידות כשלפ,שניב תעשיות נייר בעמ,,טאצ' נייר אפייה נשלף,יחידה,0.00,יחידה,false,,10.90,0.0000,true,1,24460
7290103701093,false,"זוג מטליות מיקרו פייבר לריצפה ""פאצ'""","שניב תעשיות נייר בע""",,טאצ מטליות מקרופייבר,יחידה,0.00,יחידה,false,,14.90,0.0000,true,1,24463
7290103703233,false,מטליות לחות לניקוי כללי דלי תפוח טאצ.,סאסאטק אגשח בעמ,,טאצ' מטליות לחות לני,יחידה,0.00,יחידה,false,,20.90,0.0000,true,1,38127
7290103703240,false,טאצ' מטליות לחות לניקוי רצפות,שניב תעשיות נייר בעמ,,טאצ' מטליות לחות לרי,יח',10.00,יח',false,,10.90,1.0900,true,1,24494
7290103703745,false,טאצ מפות עבות 45 מטר בגליל,שניב תעשיות נייר בעמ,,טאצ' מפות עבות 45 מט,מטרים,45.00,מטר,false,,18.90,0.4200,true,1,24501
7290103704162,false,נייר טואלט טאצ' 32 גלילים מהדורה 2021,שניב תעשיות נייר בעמ,,נייר טואלט טאצ' 32 ג,יח',0.00,יח',false,,31.90,0.0000,true,1,137663
7290103704179,false,מגבות מטבח טאץ`8יח מהדורת 2021,שניב תעשיות נייר בעמ,,מגבות נייר 8 גלילים,מטרים,83.00,מטר,false,,14.90,0.1795,true,1,165804
7290103704186,false,מגבות מטבח כפול טאצ`מהדורת 2021 6 יחידות,שניב תעשיות נייר בעמ,,מגבות טאצ' גליל כפול,יחידה,0.00,יחידה,false,,20.90,0.0000,true,1,242073
7290104061424,false,סלט חומוס עם זעתר אחלה 400 גרם,שטראוס גרופ בעמ/מצונן,,אחלה חומוס זעתר 400,גרמים,400.00,100 גרם,false,,11.90,2.9750,true,1,23426
7290104061431,false,סלט חומוס עם צנובר אחלה 400 גרם,שטראוס גרופ בעמ/מצונן,,אחלה חומוס צנובר 400,גרמים,400.00,100 גרם,false,,11.90,2.9750,true,1,23427
7290104064012,false,חטיף פסק זמן GOOD שוקולד לבן גוד 36 גרם,שולן צ'יקולטה גידה ס,,פסק זמן 2GOOD לבן 36,גרמים,36.00,100 גרם,false,,4.90,13.6111,true,1,22413
<<<<<<< HEAD
7290104065934,false,עלי רוקט שטראוס 150 גרם,שטראוס בריאות ירקות טריי,,שטראוס עלי רוקט 150ג,גרמים,150.00,100 גרם,false,,9.90,6.6000,true,1,23430
7290104066566,false,טחינה שומשום מלא אחלה 500 גר',מיוצר עי קונדיטוריית,,אחלה טחינה 500ג,גרמים,500.00,100 גרם,false,,16.90,3.3800,true,1,23432
7290104068539,false,מאסט פליפטופ מלון ואבטיח ללא גרעינים,"שטראוס גרופ בע""מ",,מאסט מלון ואבטיח 28ג,גרמים,28.00,100 גרם,false,,4.50,16.0714,true,1,22421
7290104068546,false,גומי מאסט בטעם לימון קולה ללא סוכר 28 ג' עלית,"שטראוס גרופ בע""מ",,מאסט קולה 28 גרם,גרמים,28.00,100 גרם,false,,4.50,16.0714,true,1,22422
7290104500572,false,אפרופו חטיף תירס איטליאנו אסם 50 גרם,מיוצר עי קונדיטוריית,,אפרופו איטלקי 36*50ג,גרמים,50.00,100 גרם,false,,5.50,11.0000,true,1,18853
7290104501661,false,אינסטנט פודינג בטעם וניל צרפתי אסם 80 גרם,מיוצר עי קונדיטוריית,,אסם פודינג בטעם וניל,גרמים,80.00,100 גרם,false,,6.50,8.1250,true,1,18854
7290104508943,false,במבה חטיף בוטנים אסם 200 גרם,"אסם השקעות בע""\מ",,במבה קלאסי 18*200 גר,גרמים,200.00,100 גרם,false,,10.90,5.4500,true,1,18868
=======
7290104065934,false,עלי רוקט שטראוס 150 גר`-טעם הטבע,שטראוס בריאות ירקות טריי,,שטראוס עלי רוקט 150ג,גרמים,150.00,100 גרם,false,,9.90,6.6000,true,1,23430
7290104066566,false,סלט טחינה שומשום מלא 500גר אחלה,שטראוס גרופ בעמ/מצונן,,אחלה טחינה 500ג,גרמים,500.00,100 גרם,false,,16.90,3.3800,true,1,23432
7290104068539,false,מאסט פליפטופ מלון ואבטיח ללא גרעינים,שטראוס גרופ בע`מ,,מאסט מלון ואבטיח 28ג,גרמים,28.00,100 גרם,false,,4.50,16.0714,true,1,22421
7290104068546,false,גומי מאסט בטעם לימון קולה ללא סוכר 28 ג' עלית,שטראוס גרופ בע`מ,,מאסט קולה 28 גרם,גרמים,28.00,100 גרם,false,,4.50,16.0714,true,1,22422
7290104500572,false,אפרופו חטיף תירס איטליאנו אסם 50 גרם,קבוצת אוסם סחר-שות.מוגבלת,,אפרופו איטלקי 36*50ג,גרמים,50.00,100 גרם,false,,5.50,11.0000,true,1,18853
7290104501661,false,אינסטנט פודינג בטעם וניל צרפתי אסם 80 גרם,קבוצת אוסם סחר-שות.מוגבלת,,אסם פודינג בטעם וניל,גרמים,80.00,100 גרם,false,,6.50,8.1250,true,1,18854
7290104508943,false,במבה חטיף בוטנים אסם 200 גרם,קבוצת אוסם סחר-שות.מוגבלת,,במבה קלאסי 18*200 גר,גרמים,200.00,100 גרם,false,,10.90,5.4500,true,1,18868
>>>>>>> d048ac2f4f281c9d788043ab4e81b61b0dbe3743
7290104570131,false,תמר מג'הול ששון ושות,,,"תמר מג'הול 1 ק""ג",קילוגרמים,1.00,"ק""ג",false,,18.90,18.9000,true,1,42929
7290104570162,false,תמרים ללא חרצנים תמר כבוש 500 גרם,מ.ד אטיאס סוכנויות מזון בע`מ,,תמר כבוש 500 גרם,גרמים,500.00,100 גרם,false,,12.90,2.5800,true,1,42930
7290104721762,false,מארז שלשות קפה טורקי עלית 85 ג',שטראוס גרופ בע`מ,,טורקי עלית 3*85 גר'.,גרמים,255.00,100 גרם,false,,19.90,7.8039,true,1,22426
7290104721953,false,לקט מסולסלים 350 גרם שטראוס טעם הטבע,שטראוס בריאות ירקות טריי,,לקט מסולסלים ירקות 3,גרמים,350.00,100 גרם,false,,13.90,3.9714,true,1,23440
7290104722530,false,תפוצ'יפס בטעם שמנת בצל עלית 200 גרם,"שטראוס פריטו ליי בע""\מ )",,תפוציפס שמנת בצל 200,גרמים,200.00,100 גרם,false,,10.90,5.4500,true,1,24217
7290104726712,false,מארז 8 יחידות מעדן מילקי בטעם שוקולד עם קצפת,שטראוס גרופ בעמ/מצונן,,מילקי שמינייה מארז 8,קילוגרמים,1.06,"ק""ג",false,,21.00,19.8113,true,1,23448
7290104960239,false,תחליב רחצה בניחוח קמומיל נקה (7507 מל),טרופיקל דגיל תעשיות קוסמ,,תחליב רחצה קמומיל נק,מיליליטרים,750.00,"100 מ""ל",false,,12.90,1.7200,true,1,30459
7290104960246,false,נקה 7 ארומה תחליב רחצה ורד יסמין 750 מ,טרופיקל דגיל תעשיות קוסמ,,תחליב רחצה ורד ויסמי,מיליליטרים,750.00,"100 מ""ל",false,,12.90,1.7200,true,1,30460
7290104960338,false,"נקה 7 תחליב רחצה ארומה אלוורה ותה ירוק 750מ""ל",טרופיקל דגיל תעשיות קוסמ,,תחליב רחצה אלוורה ות,מיליליטרים,750.00,"100 מ""ל",false,,12.90,1.7200,true,1,30462
7290104961250,false,"נקה 7 תחליב רחצה מגע קטיפה וניל מאסק 750 מ""ל",טרופיקל דגיל תעשיות קוסמ,,תחליב רחצה וניל מאסק,מיליליטרים,750.00,"100 מ""ל",false,,12.90,1.7200,true,1,30473
7290104961878,false,"שמפו לשיער קרטין אינטנס פורמולה 400 מ""ל נטורל",החברה הדרומית לשיווק בעמ,,קרטין אינטנס שמפו נט,מיליליטרים,400.00,"100 מ""ל",false,,31.90,7.9750,true,1,30484
7290104963216,false,סופטקר - אל סבון עדין לתינוק לעור רגיש 1 ליטר,החברה הדרומית לשיווק בעמ,,סופטקר אלסבון עדין ל,יחידה,0.00,יחידה,false,,18.90,0.0000,true,1,30526
7290105360250,false,קפסולות 09 עשיר וארומטי למכונת נספרסו עלית 10יח',הנסיך- מפעל לייצור ט,,עלית קפסולות מקיאטו,גרמים,50.00,100 גרם,false,,18.90,37.8000,true,1,22443
7290105360328,false,קפסולות אספרסו חזק למכונות נספרסו 10 יח',הנסיך- מפעל לייצור ט,,עלית קפסולות אספרסו,גרמים,50.00,100 גרם,false,,18.90,37.8000,true,1,22444
7290105360762,false,"שמן זית 1 עדין 750 מ""ל יד מרדכי",מכוורת יד מרדכי שטראוס ב,,שמן זית 1 עדין כתית,מיליליטרים,750.00,"100 מ""ל",false,,38.90,5.1867,true,1,22449
7290105360878,false,תפוציפס טבעי 50 גרם מארז רביעייה,"שטראוס פריטו ליי בע""\מ )",,תפוציפס מארז 4*50ג,גרמים,200.00,100 גרם,false,,12.90,6.4500,true,1,24226
<<<<<<< HEAD
7290105362339,false,"שמנת לבישול 15% 250 מ""ל יטבתה מהדרין",שטראוס גרופ,,יטבתה שמנת לבישול 15,מיליליטרים,250.00,"100 מ""ל",false,,8.90,3.5600,true,1,23458
7290105363602,false,מקלות כיף כף קלאסי עלית 40 גרם,שולן צ'\יקולטה גידה סאן.,,כיף כף מקלות קלאסי 4,גרמים,40.00,100 גרם,false,,5.50,13.7500,true,1,22454
7290105364289,false,מקלות כיף כף פצפוצים עלית 40 גרם,שולן צ'\יקולטה גידה סאן.,,כיף כף מקלות פצפוצים,גרמים,40.00,100 גרם,false,,5.50,13.7500,true,1,22455
7290105364302,false,"עלית חטיף שוקולד כיף כף מקלות אגוזים, 40 גרם",שולן צ'\יקולטה גידה סאן.,,כיף כף מקלות אגוזים,גרמים,42.00,100 גרם,false,,5.50,13.0952,true,1,22456
7290105366023,false,סלט חצילים בטעם כבד אחלה 400 גרם,מיוצר עי קונדיטוריית,,אחלה חציל בטעם כבד 4,גרמים,400.00,100 גרם,false,,16.90,4.2250,true,1,23461
7290105366047,false,טחינה לבנה אחלה 400 גרם,מיוצר עי קונדיטוריית,,אחלה טחינה לבנה 400ג,גרמים,400.00,100 גרם,false,,16.90,4.2250,true,1,23463
7290105366993,false,סימפוניה גבינת שמנת פלפל שיפקה 5% שטראוס 200 גרם,"שטראוס בריאות בע""מ",,סימפוניה פלפל שיפקה,גרמים,200.00,100 גרם,false,,12.50,6.2500,true,1,23468
7290105368904,false,"שמנת מתוקה להקצפה 32% שומן 250 מ""ל יוטבתה",שטראוס גרופ,,יטבתה שמנת עמידה לקצ,מיליליטרים,250.00,"100 מ""ל",false,,7.90,3.1600,true,1,23488
7290105368928,false,"שמנת 9% שומן 200 מ""ל יוטבתה",שטראוס גרופ,,יטבתה שמנת 9% 200מל,מיליליטרים,200.00,"100 מ""ל",false,,3.50,1.7500,true,1,23489
7290105369130,false,סימפוניה גבינת שמנת בצל ירוק 5% שטראוס 200 גרם,"שטראוס בריאות בע""\מ",,סימפוניה שטראוס בצל,גרמים,200.00,100 גרם,false,,12.50,6.2500,true,1,23492
7290105439499,false,מאסטר שף מאסטר שף מיונז 480 גר כשלפ,רמיה סי.וי. הולנד,,מיונז הולנדי מאסטר ש,גרמים,480.00,100 גרם,false,,12.90,2.6875,true,1,21650
7290105439505,false,מאסטר שף קרם בטעם מיונז לייט 479 גר כשלפ,רמיה סי.וי. הולנד,,מאסטר שף קרם בטעם מ,גרמים,479.00,100 גרם,false,,13.50,2.8184,true,1,21651
7290105439581,false,מנה מאסטר שף חרדל דיזיון צרפתי 370 גר,רמיה סי.וי.הולנד,,מאסטר שף מאסטר שף חר,מיליליטרים,370.00,"100 מ""ל",false,,13.90,3.7568,true,1,21652
7290105691224,false,אסם חטיפי פריכונים טורטייה שום בצל 60 גרם,"פרח תעשיות מזון בע""מ.",,חטיפי פריכונים טורטי,גרמים,60.00,100 גרם,false,,8.10,13.5000,true,1,18879
7290105691248,false,אסם חטיפי פריכונים טורטייה תירס 60 גרם,"פרח תעשיות מזון בע""מ.",,חטיפי פריכונים טורטי,גרמים,60.00,100 גרם,false,,8.10,13.5000,true,1,18880
7290105691934,false,קמח שמרים אסם 1 קילו,תאי פרזידנט פוד פאבל,,"קמח שמרים אסם 1 ק""ג",קילוגרמים,1.00,"ק""ג",false,,11.90,11.9000,true,1,18886
7290105693341,false,מארז עשיריית במבה אסם 25*10 גרם,"אסם השקעות בע""\מ",,במבה מאח.15 10*25גרם,גרמים,250.00,100 גרם,false,,16.90,6.7600,true,1,18894
7290105693457,false,עוגת הבית דמקה שוקו וניל אסם 320 גרם,מיוצר עי קונדיטוריית,,עוגת הבית דמקה שוקו,גרמים,320.00,100 גרם,false,,14.90,4.6563,true,1,18895
7290105695024,false,פתיתים אפויים אורז עם אטריות אסם 500 גרם,"אסם השקעות בע""\מ",,פתיתים אפויים אורז ע,גרמים,500.00,100 גרם,false,,7.90,1.5800,true,1,18903
7290105695321,false,עוגת הבית בראוניס פאדג' אסם 380 גרם,מיוצר עי קונדיטוריית,,הבית עוגות בראוניס פ,גרמים,380.00,100 גרם,false,,19.50,5.1316,true,1,18906
7290105964564,false,סלט חומוס אחלה 400גר,מיוצר עי קונדיטוריית,,אחלה חומוס אחלה 400ג,גרמים,400.00,100 גרם,false,,9.90,2.4750,true,1,23499
7290105965738,false,יוגורט לשתיה בטעם תות בננה267 ג' דנונה,מיוצר עי קונדיטוריית,,דנונה משקה תות בננה,גרמים,267.00,100 גרם,false,,5.50,2.0599,true,1,23505
7290105968098,false,סלט קולסלאו אחלה 500 גרם,שטראוס גרופ סלטים,,אחלה קולסלאו 500ג,גרמים,500.00,100 גרם,false,,16.90,3.3800,true,1,23511
7290105968777,false,פריכיות 5 דגנים עם תחתית שוקולד מריר 70 גרם,"טחנת האבן תעשיות בע""",,פריכיות תחתית שוקלד,גרמים,70.00,100 גרם,false,,8.90,12.7143,true,1,22493
7290106520066,false,"רבע לשבע שוקולד חלב במילוי אגוזים עלית 160 גרם בד""צ","הגביע מוצרי וופלים בע""\מ",,רבע לשבע 160 גרם,גרמים,160.00,100 גרם,false,,11.90,7.4375,true,1,22495
7290106520288,false,יוגורט פרו חלבון עם תות 2.4% שומן 150 ג' דנונה,"שטראוס בריאות בע""מ",,דנונה פרו תות 150 גר,גרמים,150.00,100 גרם,false,,4.90,3.2667,true,1,23514
7290106520912,false,"שמנת 9% לבישול יטבתה 250 מ""ל מהדרין",שטראוס גרופ,,יטבתה שמנת לבישול 9%,מיליליטרים,250.00,"100 מ""ל",false,,8.90,3.5600,true,1,23523
=======
7290105362339,false,"שמנת לבישול 15% 250 מ""ל יטבתה מהדרין",שטראוס גרופ בעמ/מצונן,,יטבתה שמנת לבישול 15,מיליליטרים,250.00,"100 מ""ל",false,,8.90,3.5600,true,1,23458
7290105363602,false,מקלות כיף כף קלאסי עלית (40 גרם),שולן צ'\יקולטה גידה סאן.,,כיף כף מקלות קלאסי 4,גרמים,40.00,100 גרם,false,,5.50,13.7500,true,1,22454
7290105364289,false,מקלות כיף כף פצפוצים עלית 40 גרם,שולן צ'\יקולטה גידה סאן.,,כיף כף מקלות פצפוצים,גרמים,40.00,100 גרם,false,,5.50,13.7500,true,1,22455
7290105364302,false,"עלית חטיף שוקולד כיף כף מקלות אגוזים, 40 גרם",שולן צ'\יקולטה גידה סאן.,,כיף כף מקלות אגוזים,גרמים,42.00,100 גרם,false,,5.50,13.0952,true,1,22456
7290105366023,false,סלט חצילים בטעם כבד אחלה 400 גרם,שטראוס גרופ בעמ/מצונן,,אחלה חציל בטעם כבד 4,גרמים,400.00,100 גרם,false,,16.90,4.2250,true,1,23461
7290105366047,false,טחינה לבנה אחלה (400 גרם),שטראוס גרופ בעמ/מצונן,,אחלה טחינה לבנה 400ג,גרמים,400.00,100 גרם,false,,16.90,4.2250,true,1,23463
7290105366993,false,סימפוניה גבינת שמנת פלפל שיפקה 5% שטראוס 200 גרם,שטראוס גרופ בעמ/מצונן,,סימפוניה פלפל שיפקה,גרמים,200.00,100 גרם,false,,12.50,6.2500,true,1,23468
7290105368904,false,"שמנת מתוקה להקצפה 32% שומן 250 מ""ל יוטבתה",שטראוס גרופ בעמ/מצונן,,יטבתה שמנת עמידה לקצ,מיליליטרים,250.00,"100 מ""ל",false,,7.90,3.1600,true,1,23488
7290105368928,false,שמנת חמוצה יטבתה %9 200 מל גביע מהדרין,שטראוס גרופ בעמ/מצונן,,יטבתה שמנת 9% 200מל,מיליליטרים,200.00,"100 מ""ל",false,,3.50,1.7500,true,1,23489
7290105369130,false,סימפוניה גבינת שמנת בצל ירוק 5% שטראוס 200 גרם,שטראוס גרופ בעמ/מצונן,,סימפוניה שטראוס בצל,גרמים,200.00,100 גרם,false,,12.50,6.2500,true,1,23492
7290105439499,false,מאסטר שף מאסטר שף מיונז 480 גר כשלפ,רמיה סי.וי. הולנד,,מיונז הולנדי מאסטר ש,גרמים,480.00,100 גרם,false,,12.90,2.6875,true,1,21650
7290105439505,false,מאסטר שף קרם בטעם מיונז לייט 479 גר כשלפ,רמיה סי.וי. הולנד,,מאסטר שף קרם בטעם מ,גרמים,479.00,100 גרם,false,,13.50,2.8184,true,1,21651
7290105439581,false,מנה מאסטר שף חרדל דיזיון צרפתי 370 גר,רמיה סי.וי.הולנד,,מאסטר שף מאסטר שף חר,מיליליטרים,370.00,"100 מ""ל",false,,13.90,3.7568,true,1,21652
7290105691224,false,אסם חטיפי פריכונים טורטייה שום בצל 60 גרם,קבוצת אוסם סחר-שות.מוגבלת,,חטיפי פריכונים טורטי,גרמים,60.00,100 גרם,false,,8.10,13.5000,true,1,18879
7290105691248,false,אסם חטיפי פריכונים טורטייה תירס 60 גרם,קבוצת אוסם סחר שותפות מוגבלת,,חטיפי פריכונים טורטי,גרמים,60.00,100 גרם,false,,8.10,13.5000,true,1,18880
7290105691934,false,קמח שמרים אסם 1 קילו,קבוצת אוסם סחר שותפות מוגבלת,,"קמח שמרים אסם 1 ק""ג",קילוגרמים,1.00,"ק""ג",false,,11.90,11.9000,true,1,18886
7290105693341,false,מארז עשיריית במבה אסם 25*10 גרם,קבוצת אוסם סחר שותפות מוגבלת,,במבה מאח.15 10*25גרם,גרמים,250.00,100 גרם,false,,16.90,6.7600,true,1,18894
7290105693457,false,עוגת הבית דמקה שוקו וניל 320 גר`בחושות,קבוצת אוסם סחר שותפות מוגבלת,,עוגת הבית דמקה שוקו,גרמים,320.00,100 גרם,false,,14.90,4.6563,true,1,18895
7290105695024,false,פתיתים אפויים אורז עם אטריות אסם 500 גרם,קבוצת אוסם סחר שותפות מוגבלת,,פתיתים אפויים אורז ע,גרמים,500.00,100 גרם,false,,7.90,1.5800,true,1,18903
7290105695321,false,עוגת הבית בראוניס פאדג' אסם 380 גרם,קבוצת אוסם סחר שותפות מוגבלת,,הבית עוגות בראוניס פ,גרמים,380.00,100 גרם,false,,19.50,5.1316,true,1,18906
7290105964564,false,חומוס אחלה 400 גרם. שטראוס,שטראוס גרופ בעמ/מצונן,,אחלה חומוס אחלה 400ג,גרמים,400.00,100 גרם,false,,9.90,2.4750,true,1,23499
7290105965738,false,יוגורט לשתיה בטעם תות בננה267 ג' דנונה,שטראוס גרופ בעמ/מצונן,,דנונה משקה תות בננה,גרמים,267.00,100 גרם,false,,5.50,2.0599,true,1,23505
7290105968098,false,סלט קולסלאו אחלה (500 גרם),שטראוס גרופ בעמ/מצונן,,אחלה קולסלאו 500ג,גרמים,500.00,100 גרם,false,,16.90,3.3800,true,1,23511
7290105968777,false,פריכיות 5 דגנים עם תחתית שוקולד מריר 70 גרם,"טחנת האבן תעשיות בע""",,פריכיות תחתית שוקלד,גרמים,70.00,100 גרם,false,,8.90,12.7143,true,1,22493
7290106520066,false,"רבע לשבע שוקולד חלב במילוי אגוזים עלית 160 גרם בד""צ","הגביע מוצרי וופלים בע""\מ",,רבע לשבע 160 גרם,גרמים,160.00,100 גרם,false,,11.90,7.4375,true,1,22495
7290106520288,false,יוגורט פרו חלבון עם תות 2.4% שומן 150 ג' דנונה,שטראוס גרופ בעמ/מצונן,,דנונה פרו תות 150 גר,גרמים,150.00,100 גרם,false,,4.90,3.2667,true,1,23514
7290106520912,false,שמנת לבישול 9% שומן 258גר מהדרין יטבתה,שטראוס גרופ בעמ/מצונן,,יטבתה שמנת לבישול 9%,מיליליטרים,250.00,"100 מ""ל",false,,8.90,3.5600,true,1,23523
>>>>>>> d048ac2f4f281c9d788043ab4e81b61b0dbe3743
7290106521926,false,קפה טורקי בצלופן עלית 150 גרם,שטראוס קפה בי.ויn\.,,קפה טורקי עלית 150 ג,גרמים,150.00,100 גרם,false,,12.90,8.6000,true,1,22503
7290106524439,false,"תפוצ'יפס פופס 60 גרם ""עלית""","שטראוס פריטו ליי בע""\מ )",,תפוציפס פופס 60 גרם,גרמים,60.00,100 גרם,false,,4.30,7.1667,true,1,24236
7290106525405,false,קפסולות קפה עלית נטול קפאין אספרסו) (10,שטראוס קפה בי.וי.,,עלית קפסולות נטול למ,גרמים,50.00,100 גרם,false,,18.90,37.8000,true,1,22513
7290106526822,false,פריכיות אורז חום מלא תחתית שוקולד חלב 80 גרם,"טחנת האבן תעשיות בע""",,פריכיות עם תחתית שוק,גרמים,80.00,100 גרם,false,,8.90,11.1250,true,1,22520
<<<<<<< HEAD
7290106528949,false,לקט ערוגות 450 גרם שטראוס,שטראוס בריאות ירקות טריי,,לקט ערוגות,גרמים,450.00,100 גרם,false,,13.90,3.0889,true,1,23532
7290106573598,false,צבר חומוס לבנוני 400 גרם,סלטי צבר,,צבר חומוס לבנוני 400,גרמים,400.00,100 גרם,false,,12.90,3.2250,true,1,19916
7290106573628,false,צבר חומוס עם טחינה 400 גרם,סלטי צבר,,צבר חומוס עם טחינה 4,גרמים,400.00,100 גרם,false,,12.90,3.2250,true,1,19917
7290106574793,false,עוגת הבית בטעם שוקו-שוקוצ'יפס 350 ג' אסם,מיוצר עי קונדיטוריית,,עוגת הבית שוקו שוקוצ,גרמים,350.00,100 גרם,false,,14.90,4.2571,true,1,18946
7290106574953,false,בייגלה שטוחים כעכים שטוחים עם שומשום,מיוצר עי קונדיטוריית,,אסם בייגלה שטוחים שו,גרמים,300.00,100 גרם,false,,11.90,3.9667,true,1,18947
7290106574977,false,בייגלה שטוחים כעכים שטוחים עם מלח,מיוצר עי קונדיטוריית,,אסם בייגלה שטוחים עם,גרמים,300.00,100 גרם,false,,11.90,3.9667,true,1,18948
7290106575011,false,פתיתים אפויים קוסקוס מחיטה מלאה אסם 400 גרם,מיוצר עי קונדיטוריית,,פתיתים אפויים חיטה מ,גרמים,400.00,100 גרם,false,,7.90,1.9750,true,1,18949
7290106575257,false,עוגת הבית סופלה בטעם שוקולד 340 ג' אסם,מיוצר עי קונדיטוריית,,עוגת הבית סופלה בטעם,גרמים,340.00,100 גרם,false,,14.90,4.3824,true,1,18951
7290106575431,false,עוגת הבית סופלה בטעם שוקוניל 340 ג' אסם,מיוצר עי קונדיטוריית,,עוגת הבית סופלה בטעם,גרמים,340.00,100 גרם,false,,14.90,4.3824,true,1,18955
7290106576513,false,סלט חומוס צבר 400 גר,סלטי צבר,,צבר חומוס 400 גרם,גרמים,400.00,100 גרם,false,,9.90,2.4750,true,1,19922
7290106576537,false,חומוס מסעדות צבר 700 גרם,סלטי צבר,,צבר חומוס מסעדה 700,גרמים,700.00,100 גרם,false,,10.90,1.5571,true,1,19923
7290106576834,false,גלידה לה קרמריה פונטש בננה1.4 ל' נסטלה,תות תעשיות מזון (201,,גלידה קרמריה פונטש ב,ליטרים,1.40,ליטר,false,,25.90,18.5000,true,1,16144
7290106576858,false,גלידה לה קרמריה תותים בשמנת 1.4 ל' נסטלה,גלידות נסטלה )נגה גלידות,,גלידה קרמריה תותים ב,ליטרים,1.40,ליטר,false,,25.90,18.5000,true,1,16145
7290106576957,false,"לה קרמריה גלידת שוקו וניל פליק פרווה כשל""פ 1.4",תות תעשיות מזון (201,,גלידה קרמריה פרווה ש,ליטרים,1.40,ליטר,false,,25.90,18.5000,true,1,16149
7290106576971,false,גלידה לה קרמריה שוקולד בלגי 1.4 ל' נסטלה,תות תעשיות מזון (201,,לה קרמריה שוקולד בלג,ליטרים,1.40,ליטר,false,,25.90,18.5000,true,1,16150
7290106576995,false,גלידה סורבה לה קרמריה תות מנגו לייט 1.4 ל' נסטלה,גלידות נסטלה )נגה גלידות,,לה קרמריה לייט סורבה,ליטרים,1.40,ליטר,false,,25.90,18.5000,true,1,16151
7290106577039,false,גלידה לה קרמריה שוקו וניל פליק 1.4 ל' נסטלה,תות תעשיות מזון (201,,לה קרמריה שוקו וניל,ליטרים,1.40,ליטר,false,,25.90,18.5000,true,1,16152
7290106577282,false,טחינה אמיתית מרובע 400 ג' צבר,סלטי צבר,,צבר מרובע טחינה 400ג,גרמים,400.00,100 גרם,false,,13.50,3.3750,true,1,19924
7290106577527,false,סלט קולסלאו כרוב לבן וגזר 400 ג' צבר,סלטי צבר,,צבר מרובע קולסלו 400,גרמים,400.00,100 גרם,false,,13.50,3.3750,true,1,19929
7290106577541,false,צבר כרוב אדום מרובע 400גרם,סלטי צבר,,צבר מרובע כרוב אדום,גרמים,400.00,100 גרם,false,,13.50,3.3750,true,1,19930
7290106577572,false,מטבוחה אמיתית מרובע 400 ג' צבר,סלטי צבר,,צבר מרובע מטבוחה 40,גרמים,400.00,100 גרם,false,,13.50,3.3750,true,1,19931
7290106578692,false,ביסלי במבה מיקס מהדורת אליפות אסם 80 גרם,פרו מן יו פתרונות אר,,במבה ביסלי מיקס 36*8,גרמים,80.00,100 גרם,false,,4.90,6.1250,true,1,18970
7290106578821,false,עוגת הבית שמרים קלאסית שוקולד אסם 350 גרם,מיוצר עי קונדיטוריית,,עוגת הבית שמרים קלאס,גרמים,350.00,100 גרם,false,,19.50,5.5714,true,1,18971
7290106653689,false,לקט לסלט אסייתי שטראוס 350 גרם,שטראוס בריאות ירקות טריי,,לקט לסלט אסייתי שטרא,גרמים,350.00,100 גרם,false,,10.90,3.1143,true,1,23535
=======
7290106528949,false,סלט ערוגות שטראוס 450 גר`-טעם הטבע,שטראוס בריאות ירקות טריי,,לקט ערוגות,גרמים,450.00,100 גרם,false,,13.90,3.0889,true,1,23532
7290106573598,false,חומוס לבנוני צבר (400 גרם),קבוצת אוסם סחר שותפות מוגבלת,,צבר חומוס לבנוני 400,גרמים,400.00,100 גרם,false,,12.90,3.2250,true,1,19916
7290106573628,false,חומוס עם טחינה צבר (400 גרם),קבוצת אוסם סחר שותפות מוגבלת,,צבר חומוס עם טחינה 4,גרמים,400.00,100 גרם,false,,12.90,3.2250,true,1,19917
7290106574793,false,עוגת הבית בטעם שוקו-שוקוצ'יפס 350 ג' אסם,קבוצת אוסם סחר שותפות מוגבלת,,עוגת הבית שוקו שוקוצ,גרמים,350.00,100 גרם,false,,14.90,4.2571,true,1,18946
7290106574953,false,בייגלה שטוחים כעכים שטוחים עם שומשום,קבוצת אוסם סחר שותפות מוגבלת,,אסם בייגלה שטוחים שו,גרמים,300.00,100 גרם,false,,11.90,3.9667,true,1,18947
7290106574977,false,בייגלה שטוחים טבעות עם מלח אסם (300 גרם),קבוצת אוסם סחר שותפות מוגבלת,,אסם בייגלה שטוחים עם,גרמים,300.00,100 גרם,false,,11.90,3.9667,true,1,18948
7290106575011,false,פתיתים אפויים קוסקוס מחיטה מלאה אסם 400 גרם,קבוצת אוסם סחר שותפות מוגבלת,,פתיתים אפויים חיטה מ,גרמים,400.00,100 גרם,false,,7.90,1.9750,true,1,18949
7290106575257,false,עוגת הבית סופלה בטעם שוקולד 340 ג' אסם,קבוצת אוסם סחר שותפות מוגבלת,,עוגת הבית סופלה בטעם,גרמים,340.00,100 גרם,false,,14.90,4.3824,true,1,18951
7290106575431,false,עוגת הבית סופלה בטעם שוקוניל 340 ג' אסם,קבוצת אוסם סחר-שות.מוגבלת,,עוגת הבית סופלה בטעם,גרמים,340.00,100 גרם,false,,14.90,4.3824,true,1,18955
7290106576513,false,סלט רק חומוס צבר 400 גרם,קבוצת אוסם סחר שותפות מוגבלת,,צבר חומוס 400 גרם,גרמים,400.00,100 גרם,false,,9.90,2.4750,true,1,19922
7290106576537,false,חומוס מסעדות צבר 700 גרם,קבוצת אוסם סחר שותפות מוגבלת,,צבר חומוס מסעדה 700,גרמים,700.00,100 גרם,false,,10.90,1.5571,true,1,19923
7290106576834,false,גלידה לה קרמריה פונטש בננה1.4 ל' נסטלה,נגה גלידות שותפות מוגבלת,,גלידה קרמריה פונטש ב,ליטרים,1.40,ליטר,false,,25.90,18.5000,true,1,16144
7290106576858,false,גלידה לה קרמריה תותים בשמנת 1.4 ל' נסטלה,נגה גלידות שותפות מוגבלת,,גלידה קרמריה תותים ב,ליטרים,1.40,ליטר,false,,25.90,18.5000,true,1,16145
7290106576957,false,"לה קרמריה גלידת שוקו וניל פליק פרווה כשל""פ 1.4",נגה גלידות שותפות מוגבלת,,גלידה קרמריה פרווה ש,ליטרים,1.40,ליטר,false,,25.90,18.5000,true,1,16149
7290106576971,false,גלידה לה קרמריה שוקולד בלגי 1.4 ל' נסטלה,נגה גלידות שותפות מוגבלת,,לה קרמריה שוקולד בלג,ליטרים,1.40,ליטר,false,,25.90,18.5000,true,1,16150
7290106576995,false,גלידה סורבה לה קרמריה תות מנגו לייט 1.4 ל' נסטלה,נגה גלידות שותפות מוגבלת,,לה קרמריה לייט סורבה,ליטרים,1.40,ליטר,false,,25.90,18.5000,true,1,16151
7290106577039,false,גלידה לה קרמריה שוקו וניל פליק 1.4 ל' נסטלה,נגה גלידות שותפות מוגבלת,,לה קרמריה שוקו וניל,ליטרים,1.40,ליטר,false,,25.90,18.5000,true,1,16152
7290106577282,false,טחינה אמיתית מרובע 400 ג' צבר,קבוצת אוסם סחר-שות.מוגבלת,,צבר מרובע טחינה 400ג,גרמים,400.00,100 גרם,false,,13.50,3.3750,true,1,19924
7290106577527,false,סלט קולסלאו כרוב לבן וגזר 400 ג' צבר,קבוצת אוסם סחר-שות.מוגבלת,,צבר מרובע קולסלו 400,גרמים,400.00,100 גרם,false,,13.50,3.3750,true,1,19929
7290106577541,false,צבר כרוב אדום מרובע 400גרם,קבוצת אוסם סחר-שות.מוגבלת,,צבר מרובע כרוב אדום,גרמים,400.00,100 גרם,false,,13.50,3.3750,true,1,19930
7290106577572,false,מטבוחה אמיתית מרובע 400 ג' צבר,קבוצת אוסם סחר-שות.מוגבלת,,צבר מרובע מטבוחה 40,גרמים,400.00,100 גרם,false,,13.50,3.3750,true,1,19931
7290106578692,false,ביסלי במבה מיקס מהדורת אליפות אסם 80 גרם,קבוצת אוסם סחר שותפות מוגבלת,,במבה ביסלי מיקס 36*8,גרמים,80.00,100 גרם,false,,4.90,6.1250,true,1,18970
7290106578821,false,עוגת הבית שמרים קלאסית שוקולד אסם 350 גרם,קבוצת אוסם סחר שותפות מוגבלת,,עוגת הבית שמרים קלאס,גרמים,350.00,100 גרם,false,,19.50,5.5714,true,1,18971
7290106653689,false,לקט לסלט אסייתי 350 גר`-טעם הטבע,שטראוס בריאות ירקות טריי,,לקט לסלט אסייתי שטרא,גרמים,350.00,100 גרם,false,,10.90,3.1143,true,1,23535
>>>>>>> d048ac2f4f281c9d788043ab4e81b61b0dbe3743
7290106656734,false,"עוגיות חיוכים וניל עלית 600 גרם בד""צ",אפיפית נצרת תעשיות ב,,"חיוכים וניל בד""צ 600",גרמים,600.00,100 גרם,false,,21.70,3.6167,true,1,22547
7290106662025,false,תפוציפס טבעי מלח ופלפל 50 גרם,שטראוס פריטו ליי בע`מ,,תפוציפס טבעי מלח פלפ,גרמים,50.00,100 גרם,false,,4.30,8.6000,true,1,24272
7290106663091,false,"לאבנה 9 % עם שמן זית 500 גר' ""שטראוס""",שטראוס גרופ בעמ/מצונן,,שטראוס לאבנה 9% 500,גרמים,500.00,100 גרם,false,,19.50,3.9000,true,1,23562
7290106663503,false,קונפיטורת תות לייט יד מרדכי (230 גרם),אף.סי תבליני בגליל ב,,קונפיטורת לייט תות 2,גרמים,230.00,100 גרם,false,,13.90,6.0435,true,1,22587
7290106663558,false,"רוטב טריאקי ורימון יד מרדכי 280מ""ל",אף.סי תבליני בגליל ב,,יד מרדכי רוטב טריאקי,מיליליטרים,280.00,"100 מ""ל",false,,14.90,5.3214,true,1,22592
7290106664067,false,לאבנה עם שמן זית וזעתר 10% שטראוס 400 ג',שטראוס גרופ בעמ/מצונן,,שטראוס לאבנה שמן זית,גרמים,400.00,100 גרם,false,,15.90,3.9750,true,1,23566
7290106667266,false,חטיף תירס חמוץ חריף דוריטוס (185 גרם),"שטראוס פריטו ליי בע""\מ )",,דוריטוס חמוץ חריף 18,גרמים,185.00,100 גרם,false,,7.90,4.2703,true,1,24296
7290106668577,false,"מיץ לימון טיבעי 250 מ""ל יד מרדכי",האי נאם סי או אל.טי.,,מיץ לימון טבעי יד מר,מיליליטרים,250.00,"100 מ""ל",false,,8.90,3.5600,true,1,22611
7290106669857,false,קפסולות אספרסו בטעם וניל עלית 10 יחידות,הנסיך- מפעל לייצור ט,,עלית קפסולות בטעם ונ,גרמים,50.00,100 גרם,false,,18.90,37.8000,true,1,22624
7290106720626,false,חטיף תירס בטעם גבינה צ`יטוס (80 גרם),"שטראוס פריטו ליי בע""\מ )",,ציטוס גבינה 80 גרם,גרמים,80.00,100 גרם,false,,4.90,6.1250,true,1,24299
7290106721913,false,מסטיק מאסט MUST ללא סוכר בטעם מנטה מרעננת,שטראוס גרופ בע`מ,,מאסט צנצנת ריח פה צ',גרמים,66.00,100 גרם,false,,10.90,16.5152,true,1,22638
7290106721920,false,צנצנת מסטיק מאסט בטעם ספירמינט עדין 66 ג' עלית,"שטראוס גרופ בע""\מ.",,מאסט צנצנת ספירמינט,גרמים,66.00,100 גרם,false,,10.90,16.5152,true,1,22639
<<<<<<< HEAD
7290106723689,false,עלי תרד בייבי שטראוס 200 גרם,שטראוס בריאות ירקות טריי,,שטראוס תרד בייבי 200,גרמים,200.00,100 גרם,false,,11.90,5.9500,true,1,23579
7290106725867,false,"סירופ מייפל טבעי 189 מ""ל ""יד מרדכי""",קוסלסי פוד,,יד מרדכי סירופ מייפל,מיליליטרים,189.00,"100 מ""ל",false,,36.90,19.5238,true,1,22674
7290106725874,false,"סירופ מייפל טבעי 236 מ""ל ""יד מרדכי""",יד מרדכי,,יד מרדכי סירופ מייפל,מיליליטרים,236.00,"100 מ""ל",false,,39.90,16.9068,true,1,22675
=======
7290106723689,false,עלי תרד בייבי 200 גר`שטראוס טעם הטבע,שטראוס בריאות ירקות טריי,,שטראוס תרד בייבי 200,גרמים,200.00,100 גרם,false,,11.90,5.9500,true,1,23579
7290106725867,false,סירופ מייפל טהור ללס יד מרדכי 189 גר,שטראוס גרופ בע`מ,,יד מרדכי סירופ מייפל,מיליליטרים,189.00,"100 מ""ל",false,,36.90,19.5238,true,1,22674
7290106725874,false,"סירופ מייפל טבעי 236 מ""ל ""יד מרדכי""",שטראוס גרופ בעמ,,יד מרדכי סירופ מייפל,מיליליטרים,236.00,"100 מ""ל",false,,39.90,16.9068,true,1,22675
>>>>>>> d048ac2f4f281c9d788043ab4e81b61b0dbe3743
7290106727984,false,"כיף כף פצפצים בגביע 135 גרם ""עלית""",שולן צ'\יקולטה גידה סאן.,,כיף כף פצפצים 135 גר,גרמים,135.00,100 גרם,false,,11.90,8.8148,true,1,22678
7290106729650,false,יוגורט עם תות מאגדת 8 יח' * 150ג' דנונה,שטראוס גרופ בעמ/מצונן,,דנונה יוגורט תות 8יח,קילוגרמים,1.20,"ק""ג",false,,26.90,22.4167,true,1,23604
7290107280020,false,שלישיית מטליות לחות לניקוי כללי סנו סושי 50 יחידות,החברה הדרומית לשיווק בעמ,,סנו סושי מגבונים לני,יחידה,0.00,יחידה,false,,21.90,0.0000,true,1,30556
7290107280068,false,סנו סושי תבנית אלומיניום ענק א.לארג 2 יח,החברה הדרומית לשיווק בעמ,,2 תבניות אלומיניום X,יחידה,0.00,יחידה,false,,10.90,0.0000,true,1,30559
7290107280075,false,סנו סושי תבנית אלומיניום לארג 4יח,החברה הדרומית לשיווק בעמ,,4 תבניות אלומיניום L,יחידה,0.00,יחידה,false,,10.90,0.0000,true,1,30560
7290107280112,false,סנו סופט נייר טואלט 24 גל.,Unknown,,סנו סופט נייר טואלט,מטרים,441.00,מטר,false,,26.90,0.0610,true,1,30564
<<<<<<< HEAD
7290107280341,false,ריצפז מטליות לחות לניקוי הרצפה בניחוח מלון מפנק,"סנו מפעלי ברונוס סע""",,ריצפז מטליות לחות לנ,יחידה,0.00,יחידה,false,,12.90,0.0000,true,1,30569
7290107280389,false,"סנו - ג'ט מרסס לניקוי בחדר האמבטיה 750 מ""ל","איי, בי, אינבוו",,סנו ג'ט מתז לאמבט 75,מיליליטרים,750.00,"100 מ""ל",false,,13.90,1.8533,true,1,30570
7290107280570,false,סנו - מקסימה ג'ל כביסה מרוכז לכביסה צבעונית 3 ליטר,מיוצר עי קונדיטוריית,,מקסימה ג'ל כביסה מיק,ליטרים,3.00,ליטר,false,,35.90,11.9667,true,1,30581
7290107280587,false,שלישיית סנובון מוצק דאבל אקשן פריחה ורודה 55 גרם,סנו מפעלי ברונו בעמ,,סנובון דאבל אקשן בני,גרמים,165.00,100 גרם,false,,12.90,7.8182,true,1,30582
7290107280655,false,"אבקת כביסה בייבי סנו מקסימה 3.25 ק""ג",סנו מקסימה,,"מקסימה בייבי 3.25 ק""",קילוגרמים,3.25,"ק""ג",false,,32.90,10.1231,true,1,30588
7290107280709,false,"סנו ספארק נוזל הברקה למדיח 700 מ""ל","סנו מפעלי ברונוס בע""\מ",,סנו ספארק נוזל הברקה,מיליליטרים,700.00,"100 מ""ל",false,,15.90,2.2714,true,1,30590
7290107280716,false,מלח למדיח להגנה מפני אבנית סנו ספארק Spark,סנו ספארק,,סנו ספארק מלח למדיח,קילוגרמים,2.00,"ק""ג",false,,13.90,6.9500,true,1,30591
7290107280747,false,נוזל לניקוי כלים סנו ספארק Spark קלאסי,סנו כימיקלים,,סנו ספארק נוזל לניקו,מיליליטרים,700.00,"100 מ""ל",false,,9.90,1.4143,true,1,30595
7290107280761,false,נוזל לניקוי כלים בניחוח לימון רענן סנו ספארק Spark,מיוצר עי קונדיטוריית,,ספארק נוזל לכלים לימ,יחידה,0.00,יחידה,false,,12.90,0.0000,true,1,30597
7290107341363,false,כבל מיקרו imx.,,,כבל מיקרו,יחידה,0.00,יחידה,false,,19.90,0.0000,true,1,288012
7290107645591,false,אבקת מרק בטעם עוף 100% רכיבים טבעיים 400 גרם,יוניליוור ישראל מזון בע\,,מרק טעם עוף רכיבים ט,גרמים,400.00,100 גרם,false,,18.90,4.7250,true,1,10600
7290107647854,false,"שוגי מופחת סוכר תלמה 500 ג' בד""צ",יוניליוור ישראל מזון בעמ,,שוגי 20% סוכר תלמה ב,גרמים,500.00,100 גרם,false,,23.90,4.7800,true,1,10677
7290107649100,false,בייגלה טבעות שומשום 300 גרם.,בייגל את בייגל מזון 198),,בייגלה טבעות שומשום,גרמים,300.00,100 גרם,false,,11.90,3.9667,true,1,10709
7290107871990,false,"פסטה צינורות 500 גרם ""אסם""",פסטה זארה,,פסטה צינורות אסם 500,גרמים,500.00,100 גרם,false,,6.90,1.3800,true,1,18997
7290107874502,false,ביסלי גריל קדמ. מארז אחיד 10 4*55 גרם,מיוצר עי קונדיטוריית,,ביסלי גריל 4*55 גרם,גרמים,220.00,100 גרם,false,,12.90,5.8636,true,1,19019
7290107875004,false,פופקורן חמאה ודבש מארז12*20גר',אסם,,פופקו חמאה ודבש מארז,גרמים,240.00,100 גרם,false,,19.90,8.2917,true,1,19024
7290107875271,false,ביסלי ברביקיו קדמ. מארז אחיד10 4*55 גרם,"אסם השקעות בע""\מ",,ביסלי ברבקיו מארז 4*,גרמים,220.00,100 גרם,false,,12.90,5.8636,true,1,19030
7290107875820,false,קרוטונים אפויים בתיבול ביתי אוסם 180 ג',עינת תעשיות מזון,,קרוטונים אפויים בתיב,גרמים,180.00,100 גרם,false,,12.90,7.1667,true,1,19035
7290107876889,false,אוסם - במבה במילוי קרם נוגט 45 גרם,"אסם השקעות בע""מ",,במבה במילוי קרם נוגט,גרמים,45.00,100 גרם,false,,4.90,10.8889,true,1,19056
7290107877619,false,מארז במבה במילוי קרם נוגט 5*30ג' אסם,"אסם השקעות בע""\מ",,במבה במילוי קרם נוגט,גרמים,150.00,100 גרם,false,,13.90,9.2667,true,1,19065
7290107879132,false,פריכיות פיטנס מיני פריכיות שוקולד חלב 22 ג',כרמית,,מיני פריכיות שוקולד,גרמים,22.00,100 גרם,false,,7.90,35.9091,true,1,19947
7290107932080,false,חלב מועשר יוטבתה בבקבוק 3% 1 ליטר,מחלבת יטבתה,,יטבתה חלב בבקבוק 3%,ליטרים,1.00,ליטר,false,,7.90,7.9000,true,1,23617
7290107932134,false,חלב מועשר יוטבתה בבקבוק 1% 1 ליטר,מחלבת יטבתה,,יטבתה חלב בבקבוק 1%,ליטרים,1.00,ליטר,false,,7.90,7.9000,true,1,23619
7290107933155,false,לקט סלנובה שטראוס 200 גרם,שטראוס בריאות ירקות טריי,,לקט סלנובה 200 גרם,גרמים,200.00,100 גרם,false,,14.90,7.4500,true,1,23620
7290107933193,false,שטראוס סלק מבושל בוו,לס לגוסודה סנצונוניו,,שטראוס סלק מבושל בוו,גרמים,500.00,100 גרם,false,,8.90,1.7800,true,1,23621
7290107934473,false,שמינייה יוגורט לבן אקטיביה 1.5% דנונה 150 גרם,"שטראוס גרופ בע""\מ",,אקטיביה מארז מיוחד 1,קילוגרמים,1.20,"ק""ג",false,,21.90,18.2500,true,1,23634
7290107936309,false,דנונה יוגורט 7% יווני לבן 130 ג',"שטראוס בריאות בע""מ",,דנונה יווני לבן 130,גרמים,130.00,100 גרם,false,,3.50,2.6923,true,1,23640
7290107937542,false,משקה יוגורט אקטיביה עם תות 1.2% שומן,מיוצר עי קונדיטוריית,,משקה אקטיביה תות 1.2,מיליליטרים,265.00,"100 מ""ל",false,,5.50,2.0755,true,1,23645
7290107937627,false,מסטיק מאסט Must קוביות ללא סוכר בטעם מנטה עדינה,אסקום קונפקשיין,,צנצנת קוביות ספירמינ,גרמים,58.00,100 גרם,false,,10.90,18.7931,true,1,22751
7290107937856,false,קפסולות 11חזק למכונות נספרסו עלית 10יח',הנסיך- מפעל לייצור ט,,עלית קפסולות בטעם נס,גרמים,50.00,100 גרם,false,,18.90,37.8000,true,1,22756
7290107938396,false,שמיניית אקטימל תות דיסני בנים 108 גרם,מיוצר עי קונדיטוריית,,דנונה Actimel בנים ב,גרמים,864.00,100 גרם,false,,22.90,2.6505,true,1,23651
7290107939027,false,גזר דק דק שטראוס 250 גרם,שטראוס בריאות ירקות טריי,,גזרדק דק 250 גרם בד`,גרמים,250.00,100 גרם,false,,7.90,3.1600,true,1,23655
7290107940030,false,"חומוס אחלה מופחת שומן 650 גרם ""אחלה""",שטראוס גרופ,,חומוס אחלה 650 גר,גרמים,650.00,100 גרם,false,,9.90,1.5231,true,1,23668
7290107941259,false,"עדשים ירוקות מבושלות 475 גרם ""טעם הטבע",הורקסה לס לגונס דה ס,,עדשים ירוקות מבושלות,גרמים,475.00,100 גרם,false,,12.90,2.7158,true,1,23683
7290107941266,false,שעועית אדומה מבושלת שטראוס 475 גרם,הורקסה לס לגונס דה ס,,שעועית אדומה מבושלת,גרמים,475.00,100 גרם,false,,15.90,3.3474,true,1,23684
7290107941273,false,"חומוס מבושל 475 גרם ""טעם הטבע",הורקסה לס לגונס דה ס,,חומוס מבושל 475 גרם,גרמים,475.00,100 גרם,false,,12.90,2.7158,true,1,23685
7290107942355,false,תפוצ'יפס מקלות בטעם טבעי 60 גרם,"שטראוס פריטו ליי בע""",,תפוציפס מקלות בטעם ט,יח',60.00,יח',false,,4.30,0.0717,true,1,24336
7290107944472,false,סימפוניה גבינה במרקם שמנת 5% שום שמיר,"שטראוס בריאות בע""\מ",,סימפוניה 5% שום שמיר,גרמים,200.00,100 גרם,false,,12.50,6.2500,true,1,23719
7290107950190,false,מעדן חלב דל קלוריות בטעם שוקולד מריר 0.5% שומן,מיוצר עי קונדיטוריית,,מעדן דיאט שוקולד מרי,גרמים,130.00,100 גרם,false,,3.50,2.6923,true,1,23779
7290107950206,false,מעדן דיאט שוקולד שטראוס 130 גרם,מיוצר עי קונדיטוריית,,מעדן דיאט שוקולד % 0,גרמים,130.00,100 גרם,false,,3.50,2.6923,true,1,23780
=======
7290107280341,false,ריצפז מטליות לחות לניקוי הרצפה בניחוח מלון מפנק,החברה הדרומית לשיווק בעמ,,ריצפז מטליות לחות לנ,יחידה,0.00,יחידה,false,,12.90,0.0000,true,1,30569
7290107280389,false,"סנו - ג'ט מרסס לניקוי בחדר האמבטיה 750 מ""ל",החברה הדרומית לשיווק בעמ,,סנו ג'ט מתז לאמבט 75,מיליליטרים,750.00,"100 מ""ל",false,,13.90,1.8533,true,1,30570
7290107280570,false,סנו - מקסימה ג'ל כביסה מרוכז לכביסה צבעונית 3 ליטר,החברה הדרומית לשיווק בעמ,,מקסימה ג'ל כביסה מיק,ליטרים,3.00,ליטר,false,,35.90,11.9667,true,1,30581
7290107280587,false,שלישיית סנובון מוצק דאבל אקשן פריחה ורודה 55 גרם,החברה הדרומית לשיווק בעמ,,סנובון דאבל אקשן בני,גרמים,165.00,100 גרם,false,,12.90,7.8182,true,1,30582
7290107280655,false,"אבקת כביסה בייבי סנו מקסימה 3.25 ק""ג",החברה הדרומית לשיווק בעמ,,"מקסימה בייבי 3.25 ק""",קילוגרמים,3.25,"ק""ג",false,,32.90,10.1231,true,1,30588
7290107280709,false,ספארק נוזל הברקה למדיח סנו (700 מל),החברה הדרומית לשיווק בעמ,,סנו ספארק נוזל הברקה,מיליליטרים,700.00,"100 מ""ל",false,,15.90,2.2714,true,1,30590
7290107280716,false,מלח למדיח להגנה מפני אבנית סנו ספארק Spark,החברה הדרומית לשיווק בעמ,,סנו ספארק מלח למדיח,קילוגרמים,2.00,"ק""ג",false,,13.90,6.9500,true,1,30591
7290107280747,false,נוזל לניקוי כלים סנו ספארק Spark קלאסי,החברה הדרומית לשיווק בעמ,,סנו ספארק נוזל לניקו,מיליליטרים,700.00,"100 מ""ל",false,,9.90,1.4143,true,1,30595
7290107280761,false,נוזל לניקוי כלים בניחוח לימון רענן סנו ספארק Spark,החברה הדרומית לשיווק בעמ,,ספארק נוזל לכלים לימ,יחידה,0.00,יחידה,false,,12.90,0.0000,true,1,30597
7290107341363,false,כבל מיקרו imx.,קונסיגנציה-איי.איקס.אם ישראל ב,,כבל מיקרו,יחידה,0.00,יחידה,false,,19.90,0.0000,true,1,288012
7290107645591,false,אבקת מרק בטעם עוף 100% רכיבים טבעיים 400 גרם,יוניליוור ישראל שיווק בע`מ,,מרק טעם עוף רכיבים ט,גרמים,400.00,100 גרם,false,,18.90,4.7250,true,1,10600
7290107647854,false,"שוגי מופחת סוכר תלמה 500 ג' בד""צ",יוניליוור ישראל שיווק בע`מ,,שוגי 20% סוכר תלמה ב,גרמים,500.00,100 גרם,false,,23.90,4.7800,true,1,10677
7290107649100,false,בייגלה טבעות שומשום 300 גרם.,יוניליוור ישראל שיווק בע`מ,,בייגלה טבעות שומשום,גרמים,300.00,100 גרם,false,,11.90,3.9667,true,1,10709
7290107871990,false,פסטה צינורות מהדרין אסם (500 גרם),קבוצת אוסם סחר שותפות מוגבלת,,פסטה צינורות אסם 500,גרמים,500.00,100 גרם,false,,6.90,1.3800,true,1,18997
7290107874502,false,ביסלי גריל קדמ. מארז אחיד 10 4*55 גרם,קבוצת אוסם סחר שותפות מוגבלת,,ביסלי גריל 4*55 גרם,גרמים,220.00,100 גרם,false,,12.90,5.8636,true,1,19019
7290107875004,false,פופקורן חמאה ודבש מארז12*20גר',קבוצת אסם סחר שות. מוגבלת,,פופקו חמאה ודבש מארז,גרמים,240.00,100 גרם,false,,19.90,8.2917,true,1,19024
7290107875271,false,ביסלי ברביקיו קדמ. מארז אחיד10 4*55 גרם,קבוצת אוסם סחר שותפות מוגבלת,,ביסלי ברבקיו מארז 4*,גרמים,220.00,100 גרם,false,,12.90,5.8636,true,1,19030
7290107875820,false,קרוטונים אפויים בתיבול ביתי אוסם 180 ג',קבוצת אוסם סחר שותפות מוגבלת,,קרוטונים אפויים בתיב,גרמים,180.00,100 גרם,false,,12.90,7.1667,true,1,19035
7290107876889,false,אוסם - במבה במילוי קרם נוגט 45 גרם,קבוצת אוסם סחר שותפות מוגבלת,,במבה במילוי קרם נוגט,גרמים,45.00,100 גרם,false,,4.90,10.8889,true,1,19056
7290107877619,false,מארז במבה במילוי קרם נוגט 5*30ג' אסם,קבוצת אוסם סחר שותפות מוגבלת,,במבה במילוי קרם נוגט,גרמים,150.00,100 גרם,false,,13.90,9.2667,true,1,19065
7290107879132,false,פריכיות פיטנס מיני פריכיות שוקולד חלב 22 ג',קבוצת אוסם סחר שותפות מוגבלת,,מיני פריכיות שוקולד,גרמים,22.00,100 גרם,false,,7.90,35.9091,true,1,19947
7290107932080,false,חלב מועשר יוטבתה בבקבוק 3% 1 ליטר,שטראוס גרופ בעמ/מצונן,,יטבתה חלב בבקבוק 3%,ליטרים,1.00,ליטר,false,,7.90,7.9000,true,1,23617
7290107932134,false,חלב מועשר יוטבתה בבקבוק 1% 1 ליטר,שטראוס גרופ בעמ/מצונן,,יטבתה חלב בבקבוק 1%,ליטרים,1.00,ליטר,false,,7.90,7.9000,true,1,23619
7290107933155,false,לקט סלנובה 200 גר ירקות שטראוס טעם הטבע,שטראוס בריאות ירקות טריי,,לקט סלנובה 200 גרם,גרמים,200.00,100 גרם,false,,14.90,7.4500,true,1,23620
7290107933193,false,סלק בוואקום מבושל שטראוס (500 גרם),ביכורי השדה הצפון בעמ` 1964,,שטראוס סלק מבושל בוו,גרמים,500.00,100 גרם,false,,8.90,1.7800,true,1,23621
7290107934473,false,שמינייה יוגורט לבן אקטיביה 1.5% דנונה 150 גרם,שטראוס גרופ בעמ/מצונן,,אקטיביה מארז מיוחד 1,קילוגרמים,1.20,"ק""ג",false,,21.90,18.2500,true,1,23634
7290107936309,false,דנונה יוגורט 7% יווני לבן 130 ג',שטראוס גרופ בעמ/מצונן,,דנונה יווני לבן 130,גרמים,130.00,100 גרם,false,,3.50,2.6923,true,1,23640
7290107937542,false,משקה יוגורט אקטיביה עם תות 1.2% שומן,שטראוס גרופ בעמ/מצונן,,משקה אקטיביה תות 1.2,מיליליטרים,265.00,"100 מ""ל",false,,5.50,2.0755,true,1,23645
7290107937627,false,מסטיק מאסט Must קוביות ללא סוכר בטעם מנטה עדינה,שטראוס גרופ בע`מ,,צנצנת קוביות ספירמינ,גרמים,58.00,100 גרם,false,,10.90,18.7931,true,1,22751
7290107937856,false,קפסולות 11חזק למכונות נספרסו עלית 10יח',הנסיך- מפעל לייצור ט,,עלית קפסולות בטעם נס,גרמים,50.00,100 גרם,false,,18.90,37.8000,true,1,22756
7290107938396,false,שמיניית אקטימל תות דיסני בנים 108 גרם,שטראוס גרופ בעמ/מצונן,,דנונה Actimel בנים ב,גרמים,864.00,100 גרם,false,,22.90,2.6505,true,1,23651
7290107939027,false,גזר דק דק 250 גר שטראוס ירקות טעם הטבע,שטראוס בריאות ירקות טריי,,גזרדק דק 250 גרם בד`,גרמים,250.00,100 גרם,false,,7.90,3.1600,true,1,23655
7290107940030,false,"חומוס אחלה מופחת שומן 650 גרם ""אחלה""","שטראוס גרופ ***בע""מ",,חומוס אחלה 650 גר,גרמים,650.00,100 גרם,false,,9.90,1.5231,true,1,23668
7290107941259,false,עדשים ירוקות מבושלות 475 גר ירקות שטראוס,ביכורי השדה הצפון בעמ` 1964,,עדשים ירוקות מבושלות,גרמים,475.00,100 גרם,false,,12.90,2.7158,true,1,23683
7290107941266,false,שעועית אדומה מבושלת 475 גר ירקות שטראוס,ביכורי השדה הצפון בעמ` 1964,,שעועית אדומה מבושלת,גרמים,475.00,100 גרם,false,,15.90,3.3474,true,1,23684
7290107941273,false,טעם הטבע חומוס מבושל שטראוס (475 גרם),ביכורי השדה הצפון בעמ` 1964,,חומוס מבושל 475 גרם,גרמים,475.00,100 גרם,false,,12.90,2.7158,true,1,23685
7290107942355,false,תפוצ`יפס מקלות בטעם טבעי 60 גרם,שטראוס פריטו ליי בע`מ,,תפוציפס מקלות בטעם ט,יח',60.00,יח',false,,4.30,0.0717,true,1,24336
7290107944472,false,סימפוניה גבינה במרקם שמנת 5% שום שמיר,שטראוס גרופ בעמ/מצונן,,סימפוניה 5% שום שמיר,גרמים,200.00,100 גרם,false,,12.50,6.2500,true,1,23719
7290107950190,false,מעדן חלב דל קלוריות בטעם שוקולד מריר 0.5% שומן,שטראוס גרופ בעמ/מצונן,,מעדן דיאט שוקולד מרי,גרמים,130.00,100 גרם,false,,3.50,2.6923,true,1,23779
7290107950206,false,מעדן דיאט שוקולד שטראוס 130 גרם,שטראוס גרופ בעמ/מצונן,,מעדן דיאט שוקולד % 0,גרמים,130.00,100 גרם,false,,3.50,2.6923,true,1,23780
>>>>>>> d048ac2f4f281c9d788043ab4e81b61b0dbe3743
7290107951104,false,בפלות ופלים ארוכים בטעם שוקולד,"שטראוס גרופ בע""\מ",,בפלות 200 גרם שוקולד,גרמים,200.00,100 גרם,false,,4.90,2.4500,true,1,22860
7290107951111,false,בפלות ופלים ארוכים בטעם לימון,שטראוס גרופ בע`מ,,בפלות בטעם לימון עלי,גרמים,200.00,100 גרם,false,,4.90,2.4500,true,1,22861
7290107951715,false,צנצנת מסטיק מאסט קוביות בטעם ענבים 58 ג' עלית,שטראוס גרופ בע`מ,,מאסט צנצנת קוביות ענ,גרמים,58.00,100 גרם,false,,10.90,18.7931,true,1,22876
7290107953559,false,"מארז קפה טורקי עלית לדרך כשל""פ 168 גרם",הנסיך- מפעל לייצור ט,,קפה טורקי לדרך 168 ג,גרמים,168.00,100 גרם,false,,19.90,11.8452,true,1,22887
7290107954976,false,משקה חלב PRO עם קפה 1.5% 25 גרם חלבון בבקבוק,שטראוס גרופ בעמ/מצונן,,משקה פרו בטעם קפה יט,מיליליטרים,350.00,"100 מ""ל",false,,6.90,1.9714,true,1,23846
7290107956901,false,קפסולות בטעם אגוזים למכונת נספרסו עלית 10 יחידות,שטראוס קפה בי.וי.,,עלית קפסולות אספרסו,גרמים,150.00,100 גרם,false,,18.90,12.6000,true,1,22950
7290107956925,false,קפסולות 13 אוגנדה למכונת נספרסו עלית 10יח',שטראוס קפה בי.וי.,,עלית קפסולות אוגנדה,גרמים,50.00,100 גרם,false,,18.90,37.8000,true,1,22951
7290107956932,false,קפסולות אספרסו אידונזיה למכונות 50 גר,שטראוס קפה בי.וי.,,עלית קפסולות אידונזי,גרמים,50.00,100 גרם,false,,18.90,37.8000,true,1,22952
7290107958035,false,יוגורט במתיקות מעודנת 2% ללא תוספת סוכר- מארז 8 יח,שטראוס גרופ בעמ/מצונן,,8 דנונה מתיקות מעודנ,קילוגרמים,1.20,"ק""ג",false,,18.90,15.7500,true,1,23880
7290107973014,false,"סבון ידיים משאבה פלמוליב חלב ודבש 300 מ""ל",הנסיך- מפעל לייצור ט,,פלמוליב סבון ידיים ח,מיליליטרים,300.00,"100 מ""ל",false,,10.90,3.6333,true,1,21690
7290107973861,false,מאסטר שף עגבניות קצוצות דק שלישיה 400ג*3 כשלפ,קונסרזיו קאסאלאסקו ד,,עגבניות קצוצות דק מא,קילוגרמים,1.20,"ק""ג",false,,17.90,14.9167,true,1,21702
7290107974066,false,"עלי טורטיה קמח מלא 20ס""מ 8יח' מאסטר שף 320ג'",אלקאטי קורביישיסי גי,,עלי טורטיה קמח מלא מ,גרמים,320.00,100 גרם,false,,11.90,3.7188,true,1,21707
7290107974073,false,עלי טורטיה קמח לבן 320 גר`מנה מאסטר שף,אלקאטי קורביישיסי גי,,עלי טורטיה קמח לבן מ,גרמים,320.00,100 גרם,false,,11.90,3.7188,true,1,21708
7290107974080,false,עלי טורטיה קמח לבן 744 גר`מנה מאסטר שף,הדקלאים אגודת שיתופי,,עלי טורטיה קמח לבן מ,גרמים,820.00,100 גרם,false,,17.90,2.1829,true,1,21709
7290107974820,false,ממרח בטעם ספייסי מיונז מאסטר שף 250 גרם,רמיה סי.וי.הולנד,,מאסטר שף ממרח מתובל,גרמים,252.00,100 גרם,false,,8.90,3.5317,true,1,21719
7290107977456,false,"פלמוליב - ג'ל רחצה ושמפו ספורט לגבר 750 מ""ל",קולגייט פלמוליב,,פלמוליב לגבר 2 ב-1 ג,מיליליטרים,750.00,"100 מ""ל",false,,21.90,2.9200,true,1,187180
7290107978101,false,מש.שיניים קולגייט א.וויט אקסטרה פאוור 75,קולגייט-פלמוליב,,אופטיק וייט אקסטרה פ,מיליליטרים,75.00,"100 מ""ל",false,,31.90,42.5333,true,1,21755
7290107978323,false,איטריות דקיקות מאסטר שף 400 גרם,הדקלאים אגודת שיתופי,,איטריות דקיקות מאסטר,גרמים,400.00,100 גרם,false,,6.90,1.7250,true,1,21756
7290108350203,false,"סנו סושי כריות קרצוף+ספוג מקציף 6 יחידות 12X9 ס""מ",החברה הדרומית לשיווק בעמ,,כריות קרצוף עם ספוג,יחידה,0.00,יחידה,false,,9.90,0.0000,true,1,30611
7290108350210,false,סנו סושי 30 שקיות אשפה XL חזקות במיוחד,החברה הדרומית לשיווק בעמ,,סושי שקיות אקסטרא חז,יחידה,0.00,יחידה,false,,26.90,0.0000,true,1,30612
7290108350531,false,סנו ספארק נוזל כלים בניחוח קלאסי עם משאבה 1 ל',מיוצר עי קונדיטוריית,,סנו ספארק משאבה בניח,ליטרים,1.00,ליטר,false,,12.90,12.9000,true,1,30620
<<<<<<< HEAD
7290108350548,false,סנו ספארק נוזל כלים בניחוח לבנדר עם משאבה 1 ל',מיוצר עי קונדיטוריית,,סנו ספארק משאבה בניח,ליטרים,1.00,ליטר,false,,12.90,12.9000,true,1,30621
7290108350555,false,נוזל כלים סנו ספארק Spark היפואלרגני פריחת השקד,סנו ספארק,,סנו ספארק משאבה בניח,ליטרים,1.00,ליטר,false,,12.90,12.9000,true,1,30622
7290108350586,false,נוזל לניקוי כלים סנו ספארק Spark בניחוח לימון רענן,"סנו מפעלי ברונוס בע""\מ",,ספארק נוזל כלים בניח,ליטרים,1.50,ליטר,false,,15.90,10.6000,true,1,30624
7290108350616,false,סנו - מקסימה מרכך כביסה מרוכז פריחה כחולה 1 ליטר,"סנו מפעלי ברונוס בע""\מ",,מרכך כביסה מקסימה סו,יחידה,0.00,יחידה,false,,19.90,0.0000,true,1,30627
7290108350623,false,מרכך כביסה סופר מרוכז סופט סילק מקסימה 1 ל' סנו,"סנו מפעלי ברונוס בע""\מ",,מרכך כביסה מקסימה סו,יחידה,0.00,יחידה,false,,19.90,0.0000,true,1,30628
7290108350968,false,קרמה דאודורנט ספריי הגנה מוגברת 150 מל,מיוצר עי : אמיליה קוסמטי,,קרמה ספריי הגנה מוגב,מיליליטרים,150.00,"100 מ""ל",false,,13.90,9.2667,true,1,30647
7290108351507,false,מרכך כביסה אינספרישיין סנו מקסימה 4 ליטר,סנו מקסימה,,מרכך כביסה סנו מקסימ,ליטרים,4.00,ליטר,false,,23.90,5.9750,true,1,30662
7290108351552,false,"סנו - ג'ט לניקוי כללי בתוספת חומץ בניחוח לבנדר 750 מ""ל","סנו מפעלי ברונוס בע""\מ",,סנו ג'ט מתז חומץ 750,מיליליטרים,750.00,"100 מ""ל",false,,13.90,1.8533,true,1,30667
7290108351613,false,סנו ריצפז פרש הום 2 ליטר בניחוח מלון חלומי,"סנו מפעלי ברונוס בע""\מ",,ריצפז פרש הום מלון ח,ליטרים,2.00,ליטר,false,,22.90,11.4500,true,1,30672
7290108351699,false,סנו - ג'ט מטליות לחות לניקוי כללי בתוספת חומץ לבנדר שלישיה,סנו מפעלי ברונוס על,,מגבונים ג'ט+חומץ מאר,יחידה,0.00,יחידה,false,,21.90,0.0000,true,1,30680
7290108351705,false,פניני בישום 275 גרם מקסימה,inc prodacts smart value,,פניני בישום לכביסה כ,גרמים,275.00,100 גרם,false,,21.90,7.9636,true,1,30681
7290108351712,false,מקסימה פניני בישום לכביסה לובלי 275 גרם,inc prodacts smart value,,פניני בישום LOVELY ו,גרמים,275.00,100 גרם,false,,21.90,7.9636,true,1,30682
7290108351811,false,מרכך כביסה סופר מרוכז Floral touch סנו מקסימה 1 ליטר,מיוצר עי קונדיטוריית,,סנו מקסימה מרכך כביס,יחידה,0.00,יחידה,false,,19.90,0.0000,true,1,30687
7290108351866,false,"סנו מקסימה בושם מרוכז לכביסה FOREVER בורדו 600 מ""ל",סנו מקסימה,,מקסימה בושם מרוכז לכ,מיליליטרים,600.00,"100 מ""ל",false,,22.90,3.8167,true,1,30691
7290108352047,false,אורביטול - צמד מברשות שיניים 808 + חוט דנטלי במתנה,החברה הדרומית,,אורביטול מברשת לחניכ,יחידה,0.00,יחידה,false,,21.90,0.0000,true,1,265084
7290108352207,false,מקסימה 40 קפסולות לכביסה בניחוח fresh burst,"גליל כימיקלים, א.ת. צפונ",,קפס' כביסה בניחוח פל,גרמים,840.00,100 גרם,false,,37.90,4.5119,true,1,69009
7290108352221,false,סנופרש הום מבשם נוזלי בניחוח מלון מפנק,סנו מפעלי ברונוס בעמ,,סנו פרש הום מלון מפנ,מיליליטרים,350.00,"100 מ""ל",false,,12.90,3.6857,true,1,72218
7290108352252,false,נוזל לניקוי כלים מתאים לניקוי ירקות ופירות סנו ספארק,"סנו מפעלי ברונוס בע""\מ",,ספארק נוזל לכלים 1,יחידה,0.00,יחידה,false,,12.90,0.0000,true,1,87328
7290108352290,false,שלישיית מטליות לחיטוי ולניקוי יסודי לחדר האמבטיה סדרת 99.9%,מיוצר עי קונדיטוריית,,שלישיית מטליות לחיטו,יחידה,0.00,יחידה,false,,24.90,0.0000,true,1,59517
7290108352344,false,"פרש מבשם אויר אוטומטי בניחוח לבנדר סנו 250 מ""ל",מיוצר עי קונדיטוריית,,סנו פרש הום אוטומטיק,גרמים,250.00,100 גרם,false,,14.90,5.9600,true,1,72221
=======
7290108350548,false,סנו ספארק נוזל כלים בניחוח לבנדר עם משאבה 1 ל',החברה הדרומית לשיווק בעמ,,סנו ספארק משאבה בניח,ליטרים,1.00,ליטר,false,,12.90,12.9000,true,1,30621
7290108350555,false,נוזל כלים סנו ספארק Spark היפואלרגני פריחת השקד,החברה הדרומית לשיווק בעמ,,סנו ספארק משאבה בניח,ליטרים,1.00,ליטר,false,,12.90,12.9000,true,1,30622
7290108350586,false,נוזל לניקוי כלים סנו ספארק Spark בניחוח לימון רענן,החברה הדרומית לשיווק בעמ,,ספארק נוזל כלים בניח,ליטרים,1.50,ליטר,false,,15.90,10.6000,true,1,30624
7290108350616,false,סנו - מקסימה מרכך כביסה מרוכז פריחה כחולה 1 ליטר,החברה הדרומית לשיווק בעמ,,מרכך כביסה מקסימה סו,יחידה,0.00,יחידה,false,,19.90,0.0000,true,1,30627
7290108350623,false,מרכך כביסה סופר מרוכז סופט סילק מקסימה 1 ל' סנו,החברה הדרומית לשיווק בעמ,,מרכך כביסה מקסימה סו,יחידה,0.00,יחידה,false,,19.90,0.0000,true,1,30628
7290108350968,false,קרמה דאודורנט ספריי הגנה מוגברת 150 מל,החברה הדרומית לשיווק בעמ,,קרמה ספריי הגנה מוגב,מיליליטרים,150.00,"100 מ""ל",false,,13.90,9.2667,true,1,30647
7290108351507,false,מרכך כביסה אינספרישיין סנו מקסימה 4 ליטר,החברה הדרומית לשיווק בעמ,,מרכך כביסה סנו מקסימ,ליטרים,4.00,ליטר,false,,23.90,5.9750,true,1,30662
7290108351552,false,"סנו - ג'ט לניקוי כללי בתוספת חומץ בניחוח לבנדר 750 מ""ל",החברה הדרומית לשיווק בעמ,,סנו ג'ט מתז חומץ 750,מיליליטרים,750.00,"100 מ""ל",false,,13.90,1.8533,true,1,30667
7290108351613,false,סנו ריצפז פרש הום 2 ליטר בניחוח מלון חלומי,החברה הדרומית לשיווק בעמ,,ריצפז פרש הום מלון ח,ליטרים,2.00,ליטר,false,,22.90,11.4500,true,1,30672
7290108351699,false,סנו - ג'ט מטליות לחות לניקוי כללי בתוספת חומץ לבנדר שלישיה,החברה הדרומית לשיווק בעמ,,מגבונים ג'ט+חומץ מאר,יחידה,0.00,יחידה,false,,21.90,0.0000,true,1,30680
7290108351705,false,פניני בישום לכביסה275 גר` fresh linen,החברה הדרומית לשיווק בעמ,,פניני בישום לכביסה כ,גרמים,275.00,100 גרם,false,,21.90,7.9636,true,1,30681
7290108351712,false,מקסימה פניני בישום לכביסה לובלי 275 גרם,החברה הדרומית לשיווק בעמ,,פניני בישום LOVELY ו,גרמים,275.00,100 גרם,false,,21.90,7.9636,true,1,30682
7290108351811,false,מרכך כביסה סופר מרוכז Floral touch סנו מקסימה 1 ליטר,החברה הדרומית לשיווק בעמ,,סנו מקסימה מרכך כביס,יחידה,0.00,יחידה,false,,19.90,0.0000,true,1,30687
7290108351866,false,"סנו מקסימה בושם מרוכז לכביסה FOREVER בורדו 600 מ""ל",החב. הדרומית לשיווק,,מקסימה בושם מרוכז לכ,מיליליטרים,600.00,"100 מ""ל",false,,22.90,3.8167,true,1,30691
7290108352047,false,אורביטול - צמד מברשות שיניים 808 + חוט דנטלי במתנה,החברה הדרומית לשיווק בעמ,,אורביטול מברשת לחניכ,יחידה,0.00,יחידה,false,,21.90,0.0000,true,1,265084
7290108352207,false,מקסימה 40 קפסולות לכביסה בניחוח fresh burst,החברה הדרומית לשיווק בעמ,,קפס' כביסה בניחוח פל,גרמים,840.00,100 גרם,false,,37.90,4.5119,true,1,69009
7290108352221,false,סנופרש הום מבשם נוזלי בניחוח מלון מפנק,החברה הדרומית לשיווק בעמ,,סנו פרש הום מלון מפנ,מיליליטרים,350.00,"100 מ""ל",false,,12.90,3.6857,true,1,72218
7290108352252,false,נוזל לניקוי כלים מתאים לניקוי ירקות ופירות סנו ספארק,החברה הדרומית לשיווק בעמ,,ספארק נוזל לכלים 1,יחידה,0.00,יחידה,false,,12.90,0.0000,true,1,87328
7290108352290,false,שלישיית מטליות לחיטוי ולניקוי יסודי לחדר האמבטיה סדרת 99.9%,החברה הדרומית לשיווק בעמ,,שלישיית מטליות לחיטו,יחידה,0.00,יחידה,false,,24.90,0.0000,true,1,59517
7290108352344,false,"פרש מבשם אויר אוטומטי בניחוח לבנדר סנו 250 מ""ל",החברה הדרומית לשיווק בעמ,,סנו פרש הום אוטומטיק,גרמים,250.00,100 גרם,false,,14.90,5.9600,true,1,72221
>>>>>>> d048ac2f4f281c9d788043ab4e81b61b0dbe3743
7290108352429,false,מטהר אוויר סנו פרש הום נוזלי כחול ארומטי,סנו מפעלי ברונוס בעמ,,סנו פרש הום מטהר אוי,מיליליטרים,300.00,"100 מ""ל",false,,13.90,4.6333,true,1,80880
7290108352450,false,ריצפז פרש הום בניחוח מרכך כביסה בלו בלוסום,החברה הדרומית לשיווק בעמ,,ריצפז פרש הום בניחוח,ליטרים,2.00,ליטר,false,,22.90,11.4500,true,1,98835
7290108352511,false,"מקסימה לניקוי וחיטוי מכונת כביסה שקית 500 מ""ל",החברה הדרומית לשיווק בעמ,,ניקוי וחיטוי מכונת כ,מיליליטרים,500.00,"100 מ""ל",false,,12.90,2.5800,true,1,162652
7290108352535,false,סנו - מקסימה דפי בישום לחים למייבש הכביסה בניחוח מרכך כביסה,טרופיגל דגיל תעשיות קוסמ,,דפי בישום לחים למייב,יחידה,0.00,יחידה,false,,13.90,0.0000,true,1,210634
<<<<<<< HEAD
7290108352566,false,מרכך כביסה בבישום עוצמתי 4 ל' סנו מקסינה,"סנו מפעלי ברונוס בע""\מ",,מרכך JOY בבישום עוצמ,ליטרים,4.00,ליטר,false,,23.90,5.9750,true,1,210552
7290108352573,false,מרכך כביסה סנו מקסימה בבישום עוצמתי 4 ליטר,"סנו מפעלי ברונוס בע""\מ",,מרכך כביסה CALM בבי,ליטרים,4.00,ליטר,false,,23.90,5.9750,true,1,275030
7290108352672,false,צמד מטליות הפלא לרצפה מיקרפייבר סנו סושי,סנו מפעלי ברונוס.,,סנו סושי זוג מטלית ה,יחידה,0.00,יחידה,false,,20.90,0.0000,true,1,30712
7290108352825,false,ספוג הפלא נירוסטה סנו סושי 3יח',ltdn s.k.a.tסנו מפעלי בר,,סנו סושי-ספוג הפלא נ,יח',3.00,יח',false,,11.90,3.9667,true,1,30721
7290108353068,false,ספוג הפלא נירוסטה עם סיבי קירצוף סנו סושי 2 יח',מיוצר עי קונדיטוריית,,סנו סושי-כרית קרצוף,יח',3.00,יח',false,,10.90,3.6333,true,1,30744
7290108353396,false,צמד מברשות שיניים עם סיבים דקים ורכים במיוחד,יבואן ומשווק: ש. שסט,,צמד מברשות שיניים או,יחידה,0.00,יחידה,false,,21.90,0.0000,true,1,30750
7290108353419,false,צמד מברשות שיניים עם סיבי הלבנה ספירליים,החברה הדרומית,,צמד מברשות שיניים או,יחידה,0.00,יחידה,false,,21.90,0.0000,true,1,30752
7290108353501,false,"שקיות אשפה ענקיות עם ידיות ענקיות 75*90 ס""מ סנו סושי 25 יחידות",טרופיקל דגיל תעשיות,,שקיות אשפה עם ידיות,יחידה,0.00,יחידה,false,,20.90,0.0000,true,1,30757
7290108353549,false,נייר אפייה סנו סושי 100 יח,"טופ פלסט 2002 בע""\מ",,נייר אפיה סנו סושי 1,יחידה,0.00,יחידה,false,,21.90,0.0000,true,1,30761
7290108353730,false,"קרמה - תחליב רחצה חימר אוכמניות כחולות 500 מ""ל","קוסמופארם בע""\מn\",,תחליב רחצה חימר אוכמ,מיליליטרים,500.00,"100 מ""ל",false,,14.90,2.9800,true,1,275764
7290108354430,false,"שמפו כיף לשיקום והזנה שמן קוקוס וקרטין 700 מ""ל",קוסמופארם בעמ,,שמפו כיף לשיקום והזנ,מיליליטרים,700.00,"100 מ""ל",false,,12.90,1.8429,true,1,123302
7290108354614,false,"מרכך בניחוח מי קקטוס ושמן באבאסו 750 מ""ל נקה 7","אמיליה קוסמטיקס בע""מ",,מרכך לשיער ביו נקה 7,מיליליטרים,750.00,"100 מ""ל",false,,12.90,1.7200,true,1,309423
7290108354850,false,"דאורדוראנט רול און קרמה בריזת ים 75 מ""ל",החברה הדרומית,,דאודורנט רול און ברי,מיליליטרים,75.00,"100 מ""ל",false,,14.90,19.8667,true,1,88656
7290108355000,false,"שמפו מיניונים לילדים נקה 7 750 מ""ל",אמיליה קוסמטיקס,,שמפו מיניונים נקה 7,מיליליטרים,750.00,"100 מ""ל",false,,12.90,1.7200,true,1,30769
7290108355031,false,"נקה 7 אל סבון לילדים מיניונים 750 מ""ל",קוסמופארם בע'\'\מ,,אל סבון מיניונים נקה,מיליליטרים,750.00,"100 מ""ל",false,,12.90,1.7200,true,1,30772
7290108355147,false,"תחליב רחצה שמני הזנה נקה 7 750 מ""ל",טרופיקל דגיל תעשיות קוסמ,,תחליב רחצה שמני הזנה,מיליליטרים,750.00,"100 מ""ל",false,,12.90,1.7200,true,1,30781
7290108355802,false,"תחליב רחצה קרמה ורד ווניל 700 מ""ל",גוד פוד פרודקטס S.p,,קרמה תחליב רחצה ורד,מיליליטרים,700.00,"100 מ""ל",false,,17.90,2.5571,true,1,87343
7290108356113,false,"כיף תחליב רחצה דבש 700 מ""ל-מרכז",קוסמופארם בעמ,,תחליב רחצה דבש כיף 7,מיליליטרים,700.00,"100 מ""ל",false,,13.90,1.9857,true,1,30819
7290108356151,false,"תחליב רחצה כיף מאסק יסמין 700 מ""ל",גוד פוד פרודקטס S.p,,תחליב רחצה מאסק יסמי,מיליליטרים,700.00,"100 מ""ל",false,,13.90,1.9857,true,1,30822
7290108356519,false,קרליין שמפו 10למניעת קשקשים 700מל,"קוסמופארם בע""\מ",,שמפו לשיער בתוספת שמ,מיליליטרים,700.00,"100 מ""ל",false,,14.90,2.1286,true,1,241419
7290108356564,false,"קרליין - מרכך 10 לשיער רגיל 700 מ""ל","קוסמופארם בע""\מn\",,מרכך לשיער רגיל קרלי,מיליליטרים,700.00,"100 מ""ל",false,,14.90,2.1286,true,1,241476
7290108357233,false,סנוקליר מטליות לחות לניקוי והברקה 50יח,"סנו מפעלי ברונוס בע""\מ",,מטליות לחות לניקוי ו,יחידה,0.00,יחידה,false,,13.90,0.0000,true,1,258671
7290108357240,false,"אוקסיג'ן פאוור תוסף להסרת כתמים קשים 1.4 ק""ג",החברה הדרומית,,אוקסיג'ן אבקה תוסף ל,קילוגרמים,1.40,"ק""ג",false,,32.90,23.5000,true,1,258994
7290108357288,false,אקונומיקה ז'אוול בניחוח פריחה לבנה 4 ל' סנו,סנו ז'אוול Javel,,סנו ז'אוול בניחוח פר,ליטרים,4.00,ליטר,false,,17.90,4.4750,true,1,260913
7290108357707,false,"כיף שמפו לשיער רגיל- תפוח זרעי צ'יה 700 מ""ל",גוד פוד פרודקטס S.p,,שמפו לשיער רגיל תפוח,מיליליטרים,700.00,"100 מ""ל",false,,12.90,1.8429,true,1,30828
7290108358070,false,"תחליב רחצה קרמה קלאסי 700 מ""ל",גוד פוד פרודקטס S.p,,קרמה תחליב רחצה קלאס,מיליליטרים,700.00,"100 מ""ל",false,,17.90,2.5571,true,1,104369
7290108358087,false,"תחליב רחצה קרמה מאסק 700 מ""ל",גוד פוד פרודקטס S.p,,קרמה תחליב רחצה מאסק,מיליליטרים,700.00,"100 מ""ל",false,,17.90,2.5571,true,1,99992
7290108359060,false,סנו סושי כריות הפלא רב תכלתיות *4 לשבת,סנו מפעלי ברונו בעמ,,כריות ניקוי לשבת 4 י,יחידה,0.00,יחידה,false,,12.90,0.0000,true,1,212794
7290108359077,false,סנו - סופט לושן ממחטות אף בקופסא 3 שכבות 120 יח',"סנו מפעלו ברונוס בע""\מ",,ממחטות אף בקופסא 3 ש,יחידה,0.00,יחידה,false,,12.90,0.0000,true,1,243395
7290108359114,false,סנו סושי – 10 חמגשית אלומיניום עם מכסה,סנו סושי,,סנו סושי חמגשית אלומ,יחידה,0.00,יחידה,false,,12.90,0.0000,true,1,310415
7290108359190,false,סנו סושי מגבות נייר בגליל כפול פי 3,סנו,,סנו סושי מגבות הפלא,יחידה,0.00,יחידה,false,,26.90,0.0000,true,1,376658
7290108359848,false,שמפו אל דמע בייבי כיף 1 ליטר,בייבי כיף Baby,,שמפו אלדמע בייבי כיף,ליטרים,1.00,ליטר,false,,19.90,19.9000,true,1,30839
7290108359985,false,סנו - ז'אוול מרסס קצף לניקוי וחינו בניחוח פריחה לבנה 1 ליטר,סנו ז'אוול Javel,,אקונומיקה מרסס עם ממ,ליטרים,1.00,ליטר,false,,19.90,19.9000,true,1,261068
7290108501490,false,גבינה מוצרלה פרוסות ו.פוד 150ג',ג.וילי פוד אינטרנשיונל ב,,גבינה מוצרלה פרוסות,גרמים,150.00,100 גרם,false,,14.90,9.9333,true,1,3082
7290108502305,false,גבינת גרנה פדנו משולש ויליפוד 150 גרם,וילי פוד,,גבינת גרנה פדנו משול,גרמים,150.00,100 גרם,false,,18.90,12.6000,true,1,3131
7290108502336,false,גבינת גורגונזולה איטלקית 150 גרם 29% שומן,איגור SRL,,גבינת גורגונזולה איט,גרמים,150.00,100 גרם,false,,24.90,16.6000,true,1,3132
7290108502381,false,בסיסים להכנת פיצה קוטר 26 וילי פוד 480ג',מוטלוקל גידה סאנאי ט,,תחתיות לפיצה קוטר 26,יחידה,0.00,יחידה,false,,13.90,0.0000,true,1,3134
7290108502862,false,מלפפונים כבושים במלח 18-25 קטנים ויליפוד 600 גרם,זיתור סאן גידה סני וטיקר,,מלפפונים כבושים במלח,גרמים,600.00,100 גרם,false,,11.90,1.9833,true,1,3168
7290108503043,false,תפוחונים חטיף פלחים מיובשים מארז 22X4ג',הביי דונגפנג פוד קו. בעמ,,מארז רביעייה תפוחוני,גרמים,88.00,100 גרם,false,,14.90,16.9318,true,1,3179
7290108504293,false,מנצ'גו צ'אנק ויליפוד 150 גרם,ג.וילי פוד אינטרנשיו,,מנצ'גו צ'אנק 150 גר',גרמים,150.00,100 גרם,false,,19.90,13.2667,true,1,3243
7290108506495,false,"כנאפה מאפה בצק ""שערות"" קדאיף וגבינה",ארמה גרופ,,כנאפה קפוא 192.5 גרם,גרמים,192.50,100 גרם,false,,16.90,8.7792,true,1,64729
7290108507058,false,ביסקויט פריך בשוקולד חלב 100 גרם -קהילות,מודרן צ'יקולטה,,ביסקויט פריך בשוקולד,גרמים,100.00,100 גרם,false,,7.90,7.9000,true,1,253842
7290108507911,false,קינואה עם טונה וירקות - מוכן לאכילה,גולדן פרייז קאנינג אל טי,,קינואה עם טונה וירקו,גרמים,160.00,100 גרם,false,,13.90,8.6875,true,1,156994
7290108507942,false,ירקות גינה+טונה 160 גרם בית יוסף,גולדן פרייז קאנינג אל טי,,ירקות גינה עם טונה 1,גרמים,160.00,100 גרם,false,,13.90,8.6875,true,1,156995
7290108508499,false,"איירן משקה יוגורט בסגנון טורקי יורו 293 מ""ל",Euro יורו מחלבות אירופה,,משקה יוגורט בסגנון ט,גרמים,293.00,100 גרם,false,,5.90,2.0137,true,1,135473
7290108509106,false,"גבינה בולגרית מעודנת בקוביות 13% שומן 200 ג' חת""ס פ""ת","היצרן: קוליוס אס. איי, ג",,גבינה בולגרית מעודנת,גרמים,200.00,100 גרם,false,,13.90,6.9500,true,1,173171
7290108509359,false,פופקורן בציפוי בטעם קרמל ויליפוד 90 גרם,סנרו ס.א,,פופקורן בציפוי בטעם,גרמים,90.00,100 גרם,false,,8.90,9.8889,true,1,244118
7290108509595,false,גבינה פטה 24% עגבניות מיובשות וריחן 153 גרם ויליפוד,,,גבינה מלוחה עם עגבני,גרמים,153.00,100 גרם,false,,15.90,10.3922,true,1,382333
7290108509700,false,"אורז פרסי DAAWAT מהדרין 1 ק""ג",אל.טי.פודס לימיטד,,"אורז פרסי 1 ק""ג DAAW",קילוגרמים,1.00,"ק""ג",false,,10.90,10.9000,true,1,213964
7290108509755,false,EURO גבינת חלומי 23% שומן 250 גרם,סאסו פטוראגס קומטויס אף,,גבינת חלומי יורו 25,גרמים,250.00,100 גרם,false,,24.90,9.9600,true,1,376276
7290108509960,false,נתחי טונה בהירה בשמן זית כתית מעולה - מארז 3 יח',וילי פוד,,שלישיית נתחי טונה בה,גרמים,240.00,100 גרם,false,,15.90,6.6250,true,1,236956
7290109351025,false,מלך החומוס חומוסטחינה 40% טחינה גולמית,סלטי צבר,,מלך החומוס חומוס טחי,גרמים,400.00,100 גרם,false,,14.90,3.7250,true,1,19949
7290109352916,false,פריכיות דגנים פיטנס מצופות שוקולד לבן,פרח תעשיות,,בר פריכיות שוקולד לב,גרמים,84.00,100 גרם,false,,15.90,18.9286,true,1,19958
7290109354101,false,"לחמית ללא גלוטן 200 גר' ""אסם""","אסם תעשיות בע""מ",,לחמית ללא גלוטן 200,גרמים,200.00,100 גרם,false,,11.90,5.9500,true,1,19145
7290109358765,false,דגני בוקר קראנץ' רולס נוגט 450 גרם,"אסם השקעות בע""\מ",,דגני קראנץ' רולס נוג,גרמים,450.00,100 גרם,false,,27.90,6.2000,true,1,19182
7290109580050,false,נקניקיות צ'וריסוס וונדרס 0% בשר טבעוני ללא גלוטן,"וונדרס ע""י זוגלובק 2000",,נקנקיות צ'וריסוס מן,גרמים,226.00,100 גרם,false,,35.90,15.8850,true,1,133729
7290109580111,false,צלעות אסאדו מעושנות פרימיום זוגלובק 120 גרם,זוגלובק,,צלעות אסאדו מעושנות,גרמים,180.00,100 גרם,false,,26.90,14.9444,true,1,258465
7290109580135,false,קורנדביף פרימיום 180 גרם זוגלובק,זוגלובק,,קורנדביף זוגלובק פרמ,גרמים,180.00,100 גרם,false,,26.90,14.9444,true,1,135254
7290109580319,false,"בורגר וונדרס 0% בשר , טבעוני",זוגלובק וונדרס Wonders,,בורגר מן הצומח וונדר,גרמים,280.00,100 גרם,false,,35.90,12.8214,true,1,241575
7290109580432,false,פסטרמה חזה הודו מעושן דק דק זוגלובק 120 גרם,זוגלובק,,פסטרמה אקסטרה מעושנת,גרמים,120.00,100 גרם,false,,14.90,12.4167,true,1,309566
7290109920603,false,"אסטוניש קרם לניקוי המטבח 500 מ""ל",יעקבי- אסטוניש Astonish,,אסטוניש קרם מטבח 500,מיליליטרים,500.00,"100 מ""ל",false,,14.90,2.9800,true,1,11397
7290110058814,false,שלישית ביצי שוקולד (חלב ישראל) סמיילי (3X24),מונדזיר,,שלישיית ביצי שוקולד,גרמים,60.00,100 גרם,false,,14.90,24.8333,true,1,33405
7290110110574,false,"פחיות קוקה קולה זירו לימון 330 מ""ל",החברה המרכזית לייצור משק,,פחית סליק קולה ZERO,מיליליטרים,330.00,"100 מ""ל",false,,5.50,1.6667,true,1,7185
7290110110659,false,"ספרייט לימון ליים פחית 330מ""ל",החברה המרכזית לייצור משק,,סליק ספרייט חדש 330,מיליליטרים,330.00,"100 מ""ל",false,,5.50,1.6667,true,1,7191
7290110114787,false,נביעות+ מים מינרליים בטעם תפוח 1.5 ליטר,נביעות טבע הגליל בעמ,,נביעות + תפוח 1.5 לי,ליטרים,1.50,ליטר,false,,9.50,6.3333,true,1,215844
7290110114794,false,נביעות+ מים מינרליים בטעם אפרסק 1.5 ליטר,"נביעות טבע הגליל בע""\מ ,",,נביעות + אפרסק 1.5 ל,ליטרים,1.50,ליטר,false,,9.50,6.3333,true,1,215858
7290110114800,false,נביעות+ מים מינרליים בטעם ענבים 1.5 ליטר,פארייפאבה אגרואינדוס,,נביעות + ענבים 1.5 ל,ליטרים,1.50,ליטר,false,,9.50,6.3333,true,1,215873
7290110114855,false,"נביעות מים מינרליים, שישיה 6 * 1.5 ליטר פקדון",נביעות טבע הגליל בעמ,,מי נביעות שישייה 1.5,ליטרים,9.00,ליטר,false,,14.90,1.6556,true,1,215927
7290110114893,false,פריגת סחוט טרי תפוז 2 ליטר,היינץ צפון אמריקה מק,,פריגת סחוט תפוזים 2,ליטרים,2.00,ליטר,false,,29.20,14.6000,true,1,215701
7290110114954,false,מיץ תפוזים מתקתקים פריגת 2 ליטר,פריגת מצוננים,,מיץ תפוזים מתקתק 100,ליטרים,2.00,ליטר,false,,22.20,11.1000,true,1,215745
7290110114961,false,משקה קל תפוזים פריגת 1.5 ליטר,מבשלות בירה בינלאומיות ב,,פריגת תפוזים 1.5 ליט,ליטרים,1.50,ליטר,false,,9.90,6.6000,true,1,215954
7290110114985,false,משקה קל אשכוליות פריגת 1.5 ליטר,מבשלות בירה בינלאומיות ב,,פריגת אשכולית 1.5 לי,ליטרים,1.50,ליטר,false,,9.90,6.6000,true,1,215969
7290110114992,false,משקה קל לייט אשכוליות פריגת 1.5 ליטר,מבשלות בירה בינלאומיות ב,,פריגת דיאט אשכולית 1,ליטרים,1.50,ליטר,false,,9.90,6.6000,true,1,215983
7290110115005,false,משקה קל ענבים פריגת 1.5 ליטר,מבשלות בירה בינלאומיות ב,,פריגת ענבים 1.5 ליטר,ליטרים,1.50,ליטר,false,,9.90,6.6000,true,1,215997
7290110115029,false,"פריגת משק""ל תפוח 1.5 ליטר פיקדון",מבשלות בירה בינלאומיות ב,,פריגת תפוחים 1.5 ליט,ליטרים,1.50,ליטר,false,,9.90,6.6000,true,1,216052
7290110115036,false,משקה קל מנגו פריגת 1.5 ליטר,מבשלות בירה בינלאומיות ב,,פריגת מנגו 1.5 ליטר,ליטרים,1.50,ליטר,false,,9.90,6.6000,true,1,216066
7290110115043,false,משקה קל לימונענע פריגת 1.5 ליטר,מבשלות בירה בינלאומיות ב,,פריגת לימונענע 1.5 ל,ליטרים,1.50,ליטר,false,,9.90,6.6000,true,1,216067
7290110115050,false,פריגת מיקס תות בננה 1.5 ליטר פיקדון,מבשלות בירה בינלאומיות ב,,פריגת מיקס תות בננה,ליטרים,1.50,ליטר,false,,9.90,6.6000,true,1,216081
7290110115111,false,פריגת צלול אננס 1.5 ליטר פיקדון,"מבשלות בירה לישראל בע""\מ",,פריגת צלול אננס 1.5,ליטרים,1.50,ליטר,false,,9.90,6.6000,true,1,216229
7290110115128,false,פריגת צלול בטעם לימונענע 1.5 ליטר פיקדון,"מבשלות בירה לישראל בע""\מ",,פריגת צלול בטעם לימו,ליטרים,1.50,ליטר,false,,9.90,6.6000,true,1,216244
7290110115203,false,קוקה קולה 1.5 ליטר פיקדון,החברה המרכזית לייצור משק,,קוקה קולה 1.5 ליטר,ליטרים,1.50,ליטר,false,,8.90,5.9333,true,1,216262
7290110115210,false,דיאט קוקה קולה 1.5 ליטר פיקדון,החברה המרכזית לייצור משק,,דיאט קוקה קולה 1.5 ל,ליטרים,1.50,ליטר,false,,8.90,5.9333,true,1,216263
7290110115227,false,קוקה-קולה זירו בקבוק 1.5 ליטר,החברה המרכזית לייצור משק,,קוקה קולה זירו בקבוק,ליטרים,1.50,ליטר,false,,8.90,5.9333,true,1,216264
7290110115234,false,קוקה-קולה זירו נטול בקבוק 1.5 ליטר,החברה המרכזית לייצור משק,,קולה ZERO נטול 1.5 ל,ליטרים,1.50,ליטר,false,,8.90,5.9333,true,1,216265
7290110115272,false,ZERO ספרייט 1.5 ליטר פיקדון,החברה המרכזית לייצור משק,,ספרייט זירו 1.5 ליטר,ליטרים,1.50,ליטר,false,,8.90,5.9333,true,1,216379
7290110115289,false,ספרייט 19 קל' לימון-נענע 1.5 ליטר פיקדון,החברה המרכזית לייצור משק,,ספרייט 19 קלוריות לי,ליטרים,1.50,ליטר,false,,8.90,5.9333,true,1,216394
7290110115296,false,משקה מוגז אורנג' פאנטה 1.5 ליטר,החברה המרכזית לייצור משק,,פאנטה אורנג' 1.5 ליט,ליטרים,1.50,ליטר,false,,9.90,6.6000,true,1,216409
7290110115319,false,פאנטה אקזוטיק 1.5 ליטר פיקדון,החברה המרכזית לייצור משק,,פאנטה אקזוטיק 1.5 לי,ליטרים,1.50,ליטר,false,,9.90,6.6000,true,1,216439
7290110115333,false,פאנטה תות 1.5 ליטר פיקדון,החברה המרכזית לייצור משק,,פאנטה תות 1.5 ליטר,ליטרים,1.50,ליטר,false,,9.90,6.6000,true,1,216454
7290110115357,false,קינלי סודה 1.5 ליטר פיקדון,החברה המרכזית לייצור משק,,קינלי סודה 1.5 ליטר,ליטרים,1.50,ליטר,false,,5.50,3.6667,true,1,216482
7290110115364,false,שישייה קוקה קולה 1.5 ליטר פיקדון,החברה המרכזית לייצור משק,,קוקה קולה 6*1.5 ליטר,ליטרים,9.00,ליטר,false,,49.90,5.5444,true,1,216281
7290110115395,false,ZERO ספרייט שישיות 1.5 ליטר פיקדון,החברה המרכזית לייצור משק,,ספרייט זירו 6* 1.5 ל,ליטרים,9.00,ליטר,false,,49.90,5.5444,true,1,216395
7290110115401,false,קינלי סודה שישייה 1.5 ליטר פיקדון,החברה המרכזית לייצור משק,,קינלי סודה 6*1.5 ליט,ליטרים,9.00,ליטר,false,,14.90,1.6556,true,1,229482
7290110115418,false,מארז שישייה קוקה קולה זירו 1.5 ל',החברה המרכזית לייצור משק,,קוקה קולה זירו שישיי,ליטרים,9.00,ליטר,false,,49.90,5.5444,true,1,216297
7290110115425,false,FUZE TEA גרין לימונענע -נענע 1.5 ליטר פיקדון,מבשלות בירה בינלאומיות ב,,פיוז טי לימון נענע 1,ליטרים,1.50,ליטר,false,,8.90,5.9333,true,1,216510
7290110115449,false,אייס תה בטעם מנגו אננס 1.5ל' FUZE TEA,מבשלות בירה בינלאומיות ב,,פיוז טי מנגו אננס 1.,ליטרים,1.50,ליטר,false,,9.50,6.3333,true,1,216512
7290110115463,false,פיוז טי אפרסק 1.5 ליטר פיקדון,מבשלות בירה בינלאומיות ב,,פיוז טי אפרסק 1.5 לי,ליטרים,1.50,ליטר,false,,9.50,6.3333,true,1,216528
7290110115616,false,FUZE tea zero גרין אננס 1.5 ליטר פיקדון,מבשלות בירה בינלאומיות ב,,פיוז טי ZERO גרין אנ,ליטרים,1.50,ליטר,false,,8.90,5.9333,true,1,249353
7290110115623,false,משקה פיוז טי זירו ZERO בטעם אפרסק,מבשלות בירה בינלאומיות ב,,פיוז טי ZERO בטעם אפ,ליטרים,1.50,ליטר,false,,8.90,5.9333,true,1,248053
=======
7290108352566,false,מרכך כביסה בבישום עוצמתי 4 ל' סנו מקסינה,החברה הדרומית לשיווק בעמ,,מרכך JOY בבישום עוצמ,ליטרים,4.00,ליטר,false,,23.90,5.9750,true,1,210552
7290108352573,false,מרכך כביסה סנו מקסימה בבישום עוצמתי 4 ליטר,החברה הדרומית לשיווק בעמ,,מרכך כביסה CALM בבי,ליטרים,4.00,ליטר,false,,23.90,5.9750,true,1,275030
7290108352672,false,צמד מטליות הפלא לרצפה מיקרפייבר סנו סושי,החברה הדרומית לשיווק בעמ,,סנו סושי זוג מטלית ה,יחידה,0.00,יחידה,false,,20.90,0.0000,true,1,30712
7290108352825,false,ספוג הפלא נירוסטה סנו סושי 3יח',החברה הדרומית לשיווק בעמ,,סנו סושי-ספוג הפלא נ,יח',3.00,יח',false,,11.90,3.9667,true,1,30721
7290108353068,false,ספוג הפלא נירוסטה עם סיבי קירצוף סנו סושי 2 יח',החברה הדרומית לשיווק בעמ,,סנו סושי-כרית קרצוף,יח',3.00,יח',false,,10.90,3.6333,true,1,30744
7290108353396,false,צמד מברשות שיניים עם סיבים דקים ורכים במיוחד,החברה הדרומית לשיווק בעמ,,צמד מברשות שיניים או,יחידה,0.00,יחידה,false,,21.90,0.0000,true,1,30750
7290108353419,false,צמד מברשות שיניים עם סיבי הלבנה ספירליים,החברה הדרומית לשיווק בעמ,,צמד מברשות שיניים או,יחידה,0.00,יחידה,false,,21.90,0.0000,true,1,30752
7290108353501,false,"שקיות אשפה ענקיות עם ידיות ענקיות 75*90 ס""מ סנו סושי 25 יחידות",החברה הדרומית לשיווק בעמ,,שקיות אשפה עם ידיות,יחידה,0.00,יחידה,false,,20.90,0.0000,true,1,30757
7290108353549,false,נייר אפיה 100 דפים סנו סושי,החברה הדרומית לשיווק בעמ,,נייר אפיה סנו סושי 1,יחידה,0.00,יחידה,false,,21.90,0.0000,true,1,30761
7290108353730,false,"קרמה - תחליב רחצה חימר אוכמניות כחולות 500 מ""ל",החברה הדרומית לשיווק בעמ,,תחליב רחצה חימר אוכמ,מיליליטרים,500.00,"100 מ""ל",false,,14.90,2.9800,true,1,275764
7290108354430,false,"שמפו כיף לשיקום והזנה שמן קוקוס וקרטין 700 מ""ל",החברה הדרומית לשיווק בעמ,,שמפו כיף לשיקום והזנ,מיליליטרים,700.00,"100 מ""ל",false,,12.90,1.8429,true,1,123302
7290108354614,false,"מרכך בניחוח מי קקטוס ושמן באבאסו 750 מ""ל נקה 7",החברה הדרומית לשיווק בעמ,,מרכך לשיער ביו נקה 7,מיליליטרים,750.00,"100 מ""ל",false,,12.90,1.7200,true,1,309423
7290108354850,false,"דאורדוראנט רול און קרמה בריזת ים 75 מ""ל",החברה הדרומית לשיווק בעמ,,דאודורנט רול און ברי,מיליליטרים,75.00,"100 מ""ל",false,,14.90,19.8667,true,1,88656
7290108355000,false,שמפו לילדים מיניונים נקה 7 (750 מל),החברה הדרומית לשיווק בעמ,,שמפו מיניונים נקה 7,מיליליטרים,750.00,"100 מ""ל",false,,12.90,1.7200,true,1,30769
7290108355031,false,"נקה 7 אל סבון לילדים מיניונים 750 מ""ל",החברה הדרומית לשיווק בעמ,,אל סבון מיניונים נקה,מיליליטרים,750.00,"100 מ""ל",false,,12.90,1.7200,true,1,30772
7290108355147,false,תחליב רחצה שמנהי הזנה נקה (7507 מל),טרופיקל דגיל תעשיות קוסמ,,תחליב רחצה שמני הזנה,מיליליטרים,750.00,"100 מ""ל",false,,12.90,1.7200,true,1,30781
7290108355802,false,"תחליב רחצה קרמה ורד ווניל 700 מ""ל",החברה הדרומית לשיווק בעמ,,קרמה תחליב רחצה ורד,מיליליטרים,700.00,"100 מ""ל",false,,17.90,2.5571,true,1,87343
7290108356113,false,תחליב רחצה כיף ניחוח דבש 700 מל,החברה הדרומית לשיווק בעמ,,תחליב רחצה דבש כיף 7,מיליליטרים,700.00,"100 מ""ל",false,,13.90,1.9857,true,1,30819
7290108356151,false,תחליב רחצה כיף ניחוחמאסק יסמין 700 מל,החברה הדרומית לשיווק בעמ,,תחליב רחצה מאסק יסמי,מיליליטרים,700.00,"100 מ""ל",false,,13.90,1.9857,true,1,30822
7290108356519,false,קרליין שמפו 10למניעת קשקשים 700מל,החברה הדרומית לשיווק בעמ,,שמפו לשיער בתוספת שמ,מיליליטרים,700.00,"100 מ""ל",false,,14.90,2.1286,true,1,241419
7290108356564,false,"קרליין - מרכך 10 לשיער רגיל 700 מ""ל",החברה הדרומית לשיווק בעמ,,מרכך לשיער רגיל קרלי,מיליליטרים,700.00,"100 מ""ל",false,,14.90,2.1286,true,1,241476
7290108357233,false,סנו קליר מטליות לחות לניקוי והברקה 50 יח,החברה הדרומית לשיווק בעמ,,מטליות לחות לניקוי ו,יחידה,0.00,יחידה,false,,13.90,0.0000,true,1,258671
7290108357240,false,"אוקסיג'ן פאוור תוסף להסרת כתמים קשים 1.4 ק""ג",החברה הדרומית לשיווק בעמ,,אוקסיג'ן אבקה תוסף ל,קילוגרמים,1.40,"ק""ג",false,,32.90,23.5000,true,1,258994
7290108357288,false,אקונומיקה ז'אוול בניחוח פריחה לבנה 4 ל' סנו,החברה הדרומית לשיווק בעמ,,סנו ז'אוול בניחוח פר,ליטרים,4.00,ליטר,false,,17.90,4.4750,true,1,260913
7290108357707,false,"כיף שמפו לשיער רגיל- תפוח זרעי צ'יה 700 מ""ל",החברה הדרומית לשיווק בעמ,,שמפו לשיער רגיל תפוח,מיליליטרים,700.00,"100 מ""ל",false,,12.90,1.8429,true,1,30828
7290108358070,false,"תחליב רחצה קרמה קלאסי 700 מ""ל",החברה הדרומית לשיווק בעמ,,קרמה תחליב רחצה קלאס,מיליליטרים,700.00,"100 מ""ל",false,,17.90,2.5571,true,1,104369
7290108358087,false,"תחליב רחצה קרמה מאסק 700 מ""ל",החברה הדרומית לשיווק בעמ,,קרמה תחליב רחצה מאסק,מיליליטרים,700.00,"100 מ""ל",false,,17.90,2.5571,true,1,99992
7290108359060,false,סנו סושי כריות הפלא רב תכלתיות *4 לשבת,החברה הדרומית לשיווק בעמ,,כריות ניקוי לשבת 4 י,יחידה,0.00,יחידה,false,,12.90,0.0000,true,1,212794
7290108359077,false,סנו - סופט לושן ממחטות אף בקופסא 3 שכבות 120 יח',החברה הדרומית לשיווק בעמ,,ממחטות אף בקופסא 3 ש,יחידה,0.00,יחידה,false,,12.90,0.0000,true,1,243395
7290108359114,false,סנו סושי – 10 חמגשית אלומיניום עם מכסה,החברה הדרומית לשיווק בעמ,,סנו סושי חמגשית אלומ,יחידה,0.00,יחידה,false,,12.90,0.0000,true,1,310415
7290108359190,false,סנו סושי מגבות נייר בגליל כפול פי 3,החברה הדרומית לשיווק בעמ,,סנו סושי מגבות הפלא,יחידה,0.00,יחידה,false,,26.90,0.0000,true,1,376658
7290108359848,false,בייבי כיף שמפו אל דמע (1 ליטר),החברה הדרומית לשיווק בעמ,,שמפו אלדמע בייבי כיף,ליטרים,1.00,ליטר,false,,19.90,19.9000,true,1,30839
7290108359985,false,סנו - ז'אוול מרסס קצף לניקוי וחינו בניחוח פריחה לבנה 1 ליטר,החברה הדרומית לשיווק בעמ,,אקונומיקה מרסס עם ממ,ליטרים,1.00,ליטר,false,,19.90,19.9000,true,1,261068
7290108501490,false,גבינת מוצרלה פרוסות 150 גר`וילי פוד,ג.וילי-פוד אינטרנשיונל **גבינו,,גבינה מוצרלה פרוסות,גרמים,150.00,100 גרם,false,,14.90,9.9333,true,1,3082
7290108502305,false,גבינת גרנה פדנו משולש ויליפוד 150 גרם,ג.וילי-פוד אינטרנשיונל **גבינו,,גבינת גרנה פדנו משול,גרמים,150.00,100 גרם,false,,18.90,12.6000,true,1,3131
7290108502336,false,גבינת גורגונזולה איטלקית 150 גרם 29% שומן,ג. וילי-פוד אינטרנשיונל בע`מ,,גבינת גורגונזולה איט,גרמים,150.00,100 גרם,false,,24.90,16.6000,true,1,3132
7290108502381,false,בסיסים להכנת פיצה קוטר 26 וילי פוד 480ג',ג. וילי-פוד אינטרנשיונל בע`מ,,תחתיות לפיצה קוטר 26,יחידה,0.00,יחידה,false,,13.90,0.0000,true,1,3134
7290108502862,false,מלפפונים כבושים במלח 18-25 קטנים ויליפוד 600 גרם,ג. וילי-פוד אינטרנשיונל בע`מ,,מלפפונים כבושים במלח,גרמים,600.00,100 גרם,false,,11.90,1.9833,true,1,3168
7290108503043,false,תפוחונים חטיף פלחים מיובשים מארז 22X4ג',ג. וילי-פוד אינטרנשיונל בע`מ,,מארז רביעייה תפוחוני,גרמים,88.00,100 גרם,false,,14.90,16.9318,true,1,3179
7290108504293,false,מנצ`גו צ`אנק 150 גרם ויליפוד,ג.וילי-פוד אינטרנשיונל **גבינו,,מנצ'גו צ'אנק 150 גר',גרמים,150.00,100 גרם,false,,19.90,13.2667,true,1,3243
7290108506495,false,"כנאפה מאפה בצק ""שערות"" קדאיף וגבינה",ג.וילי-פוד אינטרנשיונל **גבינו,,כנאפה קפוא 192.5 גרם,גרמים,192.50,100 גרם,false,,16.90,8.7792,true,1,64729
7290108507058,false,ביסקויט פריך בשוקולד חלב 100 גרם -קהילות,ג. וילי-פוד אינטרנשיונל בע`מ,,ביסקויט פריך בשוקולד,גרמים,100.00,100 גרם,false,,7.90,7.9000,true,1,253842
7290108507911,false,קינואה עם טונה וירקות 160 גר ויליפוד,ג. וילי-פוד אינטרנשיונל בע`מ,,קינואה עם טונה וירקו,גרמים,160.00,100 גרם,false,,13.90,8.6875,true,1,156994
7290108507942,false,ירקות גינה+טונה 160 גרם בית יוסף,ג.וילי-פוד אינטרנשיונל בעמ,,ירקות גינה עם טונה 1,גרמים,160.00,100 גרם,false,,13.90,8.6875,true,1,156995
7290108508499,false,"איירן משקה יוגורט בסגנון טורקי יורו 293 מ""ל",ג.וילי-פוד אינטרנשיונל **גבינו,,משקה יוגורט בסגנון ט,גרמים,293.00,100 גרם,false,,5.90,2.0137,true,1,135473
7290108509106,false,"גבינה בולגרית מעודנת בקוביות 13% שומן 200 ג' חת""ס פ""ת",ג.וילי-פוד אינטרנשיונל **גבינו,,גבינה בולגרית מעודנת,גרמים,200.00,100 גרם,false,,13.90,6.9500,true,1,173171
7290108509359,false,פופקורן בציפוי בטעם קרמל ויליפוד 90 גרם,ג. וילי-פוד אינטרנשיונל בע`מ,,פופקורן בציפוי בטעם,גרמים,90.00,100 גרם,false,,8.90,9.8889,true,1,244118
7290108509595,false,גבינה פטה 24% עגבניות מיובשות וריחן 153 גרם ויליפוד,ג.וילי-פוד אינטרנשיונל **גבינו,,גבינה מלוחה עם עגבני,גרמים,153.00,100 גרם,false,,15.90,10.3922,true,1,382333
7290108509700,false,אורז פרסי 1 קג`DAAWAT וילי פוד,ג. וילי-פוד אינטרנשיונל בע`מ,,"אורז פרסי 1 ק""ג DAAW",קילוגרמים,1.00,"ק""ג",false,,10.90,10.9000,true,1,213964
7290108509755,false,EURO גבינת חלומי 23% שומן 250 גרם,ג.וילי-פוד אינטרנשיונל **גבינו,,גבינת חלומי יורו 25,גרמים,250.00,100 גרם,false,,24.90,9.9600,true,1,376276
7290108509960,false,נתחי טונה בהירה בשמן זית כתית מעולה - מארז 3 יח',ג. וילי-פוד אינטרנשיונל בע`מ,,שלישיית נתחי טונה בה,גרמים,240.00,100 גרם,false,,15.90,6.6250,true,1,236956
7290109351025,false,מלך החומוס חומוסטחינה 40% טחינה גולמית,קבוצת אוסם סחר שותפות מוגבלת,,מלך החומוס חומוס טחי,גרמים,400.00,100 גרם,false,,14.90,3.7250,true,1,19949
7290109352916,false,פריכיות דגנים פיטנס מצופות שוקולד לבן,קבוצת אוסם סחר שותפות מוגבלת,,בר פריכיות שוקולד לב,גרמים,84.00,100 גרם,false,,15.90,18.9286,true,1,19958
7290109354101,false,קרקר לחמית ללא גלוטן 200 גר אסם,קבוצת אוסם סחר שותפות מוגבלת,,לחמית ללא גלוטן 200,גרמים,200.00,100 גרם,false,,11.90,5.9500,true,1,19145
7290109358765,false,דגני בוקר קראנץ' רולס נוגט 450 גרם,קבוצת אוסם סחר-שות.מוגבלת,,דגני קראנץ' רולס נוג,גרמים,450.00,100 גרם,false,,27.90,6.2000,true,1,19182
7290109580050,false,נקניקיות צ'וריסוס וונדרס 0% בשר טבעוני ללא גלוטן,זוגלובק שיווק בעמ ו/או וונדרס,,נקנקיות צ'וריסוס מן,גרמים,226.00,100 גרם,false,,35.90,15.8850,true,1,133729
7290109580111,false,צלעות אסאדו מעושנות פרימיום זוגלובק 120 גרם,נקניק זוגלובק נהריה,,צלעות אסאדו מעושנות,גרמים,180.00,100 גרם,false,,26.90,14.9444,true,1,258465
7290109580135,false,קורנדביף פרימיום 180 גרם זוגלובק,נקניק זוגלובק נהריה,,קורנדביף זוגלובק פרמ,גרמים,180.00,100 גרם,false,,26.90,14.9444,true,1,135254
7290109580319,false,"בורגר וונדרס 0% בשר , טבעוני",זוגלובק שיווק בעמ ו/או וונדרס,,בורגר מן הצומח וונדר,גרמים,280.00,100 גרם,false,,35.90,12.8214,true,1,241575
7290109580432,false,פסטרמה חזה הודו מעושן דק דק זוגלובק 120 גרם,נקניק זוגלובק נהריה,,פסטרמה אקסטרה מעושנת,גרמים,120.00,100 גרם,false,,14.90,12.4167,true,1,309566
7290109920603,false,"אסטוניש קרם לניקוי המטבח 500 מ""ל",יעקב יעקבי ובניו בע`מ,,אסטוניש קרם מטבח 500,מיליליטרים,500.00,"100 מ""ל",false,,14.90,2.9800,true,1,11397
7290110058814,false,שלישית ביצי שוקולד (חלב ישראל) סמיילי (3X24),מונדזיר,,שלישיית ביצי שוקולד,גרמים,60.00,100 גרם,false,,14.90,24.8333,true,1,33405
7290110110574,false,פחית קוקה קולה סליק זירו לימון 330 מל,החברה המרכזית להפצת משקאות בעמ,,פחית סליק קולה ZERO,מיליליטרים,330.00,"100 מ""ל",false,,5.50,1.6667,true,1,7185
7290110110659,false,"ספרייט לימון ליים פחית 330מ""ל",החברה המרכזית להפצת משקאות בעמ,,סליק ספרייט חדש 330,מיליליטרים,330.00,"100 מ""ל",false,,5.50,1.6667,true,1,7191
7290110114787,false,נביעות+ מים מינרליים בטעם תפוח 1.5 ליטר,החברה המרכזית להפצת משקאות בעמ,,נביעות + תפוח 1.5 לי,ליטרים,1.50,ליטר,false,,9.50,6.3333,true,1,215844
7290110114794,false,נביעות+ מים מינרליים בטעם אפרסק 1.5 ליטר,החברה המרכזית להפצת משקאות בעמ,,נביעות + אפרסק 1.5 ל,ליטרים,1.50,ליטר,false,,9.50,6.3333,true,1,215858
7290110114800,false,נביעות+ מים מינרליים בטעם ענבים 1.5 ליטר,החברה המרכזית להפצת משקאות בעמ,,נביעות + ענבים 1.5 ל,ליטרים,1.50,ליטר,false,,9.50,6.3333,true,1,215873
7290110114855,false,"נביעות מים מינרליים, שישיה 6 * 1.5 ליטר פקדון",החברה המרכזית להפצת משקאות בעמ,,מי נביעות שישייה 1.5,ליטרים,9.00,ליטר,false,,14.90,1.6556,true,1,215927
7290110114893,false,מיץ תפוזים מפוסטר סחוט 2 ליטר,החברה המרכזית טלהפצת משקאות בע,,פריגת סחוט תפוזים 2,ליטרים,2.00,ליטר,false,,29.20,14.6000,true,1,215701
7290110114954,false,מיץ תפוזים מתקתקים פריגת 2 ליטר,החברה המרכזית טלהפצת משקאות בע,,מיץ תפוזים מתקתק 100,ליטרים,2.00,ליטר,false,,22.20,11.1000,true,1,215745
7290110114961,false,משקה קל בטעם תפוזים פריגת (1.5 ליטר),החברה המרכזית להפצת משקאות בעמ,,פריגת תפוזים 1.5 ליט,ליטרים,1.50,ליטר,false,,9.90,6.6000,true,1,215954
7290110114985,false,משקה קל בטעם אשכוליות פריגת (1.5 ליטר),החברה המרכזית להפצת משקאות בעמ,,פריגת אשכולית 1.5 לי,ליטרים,1.50,ליטר,false,,9.90,6.6000,true,1,215969
7290110114992,false,משקה קל בטעם אשכוליות לייט פריגת (1.5 לי,החברה המרכזית להפצת משקאות בעמ,,פריגת דיאט אשכולית 1,ליטרים,1.50,ליטר,false,,9.90,6.6000,true,1,215983
7290110115005,false,משקה קל בטעם ענבים פריגת (1.5 ליטר),החברה המרכזית להפצת משקאות בעמ,,פריגת ענבים 1.5 ליטר,ליטרים,1.50,ליטר,false,,9.90,6.6000,true,1,215997
7290110115029,false,משקה קל בטעם תפוחים פריגת (1.5 ליטר),החברה המרכזית להפצת משקאות בעמ,,פריגת תפוחים 1.5 ליט,ליטרים,1.50,ליטר,false,,9.90,6.6000,true,1,216052
7290110115036,false,משקה קל בטעם מנגו פריגת (1.5 ליטר),החברה המרכזית להפצת משקאות בעמ,,פריגת מנגו 1.5 ליטר,ליטרים,1.50,ליטר,false,,9.90,6.6000,true,1,216066
7290110115043,false,משקה קל בטעם לימונענע פריגת (1.5 ליטר),החברה המרכזית להפצת משקאות בעמ,,פריגת לימונענע 1.5 ל,ליטרים,1.50,ליטר,false,,9.90,6.6000,true,1,216067
7290110115050,false,משקה קל בטעם תות בננה פריגת (1.5 ליטר),החברה המרכזית להפצת משקאות בעמ,,פריגת מיקס תות בננה,ליטרים,1.50,ליטר,false,,9.90,6.6000,true,1,216081
7290110115111,false,פריגת צלול אננס 1.5 ליטר פיקדון,החברה המרכזית להפצת משקאות בעמ,,פריגת צלול אננס 1.5,ליטרים,1.50,ליטר,false,,9.90,6.6000,true,1,216229
7290110115128,false,פריגת צלול בטעם לימונענע 1.5 ליטר פיקדון,החברה המרכזית להפצת משקאות בעמ,,פריגת צלול בטעם לימו,ליטרים,1.50,ליטר,false,,9.90,6.6000,true,1,216244
7290110115203,false,קוקה קולה 1.5 ליטר פיקדון,החברה המרכזית להפצת משקאות בעמ,,קוקה קולה 1.5 ליטר,ליטרים,1.50,ליטר,false,,8.90,5.9333,true,1,216262
7290110115210,false,קוקה קולה דיאט 1.5 ליטר פיקדון,החברה המרכזית להפצת משקאות בעמ,,דיאט קוקה קולה 1.5 ל,ליטרים,1.50,ליטר,false,,8.90,5.9333,true,1,216263
7290110115227,false,קוקה קולה Zero בקבוק 1.5 ליטר פיקדון,החברה המרכזית להפצת משקאות בעמ,,קוקה קולה זירו בקבוק,ליטרים,1.50,ליטר,false,,8.90,5.9333,true,1,216264
7290110115234,false,קוקה קולה דיאט זירו 1.5 ליטר פיקדון,החברה המרכזית להפצת משקאות בעמ,,קולה ZERO נטול 1.5 ל,ליטרים,1.50,ליטר,false,,8.90,5.9333,true,1,216265
7290110115272,false,ZERO ספרייט 1.5 ליטר פיקדון,החברה המרכזית להפצת משקאות בעמ,,ספרייט זירו 1.5 ליטר,ליטרים,1.50,ליטר,false,,8.90,5.9333,true,1,216379
7290110115289,false,ספרייט 19 קל' לימון-נענע 1.5 ליטר פיקדון,החברה המרכזית להפצת משקאות בעמ,,ספרייט 19 קלוריות לי,ליטרים,1.50,ליטר,false,,8.90,5.9333,true,1,216394
7290110115296,false,גזוז בטעם תפוז פאנטה 1.5 ליטר פיקדון,החברה המרכזית להפצת משקאות בעמ,,פאנטה אורנג' 1.5 ליט,ליטרים,1.50,ליטר,false,,9.90,6.6000,true,1,216409
7290110115319,false,פאנטה אקזוטי פירות טרופיים 1.5ל פיקדון,החברה המרכזית להפצת משקאות בעמ,,פאנטה אקזוטיק 1.5 לי,ליטרים,1.50,ליטר,false,,9.90,6.6000,true,1,216439
7290110115333,false,גזוז בטעם תות פאנטה 1.5 ליטר פיקדון,החברה המרכזית להפצת משקאות בעמ,,פאנטה תות 1.5 ליטר,ליטרים,1.50,ליטר,false,,9.90,6.6000,true,1,216454
7290110115357,false,קינלי סודה 1.5 ליטר פיקדון,החברה המרכזית להפצת משקאות בעמ,,קינלי סודה 1.5 ליטר,ליטרים,1.50,ליטר,false,,5.50,3.6667,true,1,216482
7290110115364,false,שישייה קוקה קולה 1.5 ליטר פיקדון,החברה המרכזית להפצת משקאות בעמ,,קוקה קולה 6*1.5 ליטר,ליטרים,9.00,ליטר,false,,49.90,5.5444,true,1,216281
7290110115395,false,ספרייט זירו שישיות 1.5 ליטר פיקדון,החברה המרכזית להפצת משקאות בעמ,,ספרייט זירו 6* 1.5 ל,ליטרים,9.00,ליטר,false,,49.90,5.5444,true,1,216395
7290110115401,false,קינלי סודה שישייה 1.5 ליטר פיקדון,החברה המרכזית להפצת משקאות בעמ,,קינלי סודה 6*1.5 ליט,ליטרים,9.00,ליטר,false,,14.90,1.6556,true,1,229482
7290110115418,false,קוקה קולה זירו 1.5 ליטר מארז שישייה,החברה המרכזית להפצת משקאות בעמ,,קוקה קולה זירו שישיי,ליטרים,9.00,ליטר,false,,49.90,5.5444,true,1,216297
7290110115425,false,FUZE TEA גרין לימונענע -נענע 1.5 ליטר פיקדון,החברה המרכזית להפצת משקאות בעמ,,פיוז טי לימון נענע 1,ליטרים,1.50,ליטר,false,,8.90,5.9333,true,1,216510
7290110115449,false,פיוז-טי תה מנגו אננס 1.5 ליטר פיקדון,החברה המרכזית להפצת משקאות בעמ,,פיוז טי מנגו אננס 1.,ליטרים,1.50,ליטר,false,,9.50,6.3333,true,1,216512
7290110115463,false,פיוז-טי תה אפרסק 1.5 ליטר פיקדון,החברה המרכזית להפצת משקאות בעמ,,פיוז טי אפרסק 1.5 לי,ליטרים,1.50,ליטר,false,,9.50,6.3333,true,1,216528
7290110115616,false,פיוז-טי תה גרין אננס זירו 1.5 ליטר פיקדו,החברה המרכזית להפצת משקאות בעמ,,פיוז טי ZERO גרין אנ,ליטרים,1.50,ליטר,false,,8.90,5.9333,true,1,249353
7290110115623,false,פיוז-טי תה אפרסק זירו 1.5 ליטר פיקדון,החברה המרכזית להפצת משקאות בעמ,,פיוז טי ZERO בטעם אפ,ליטרים,1.50,ליטר,false,,8.90,5.9333,true,1,248053
>>>>>>> d048ac2f4f281c9d788043ab4e81b61b0dbe3743
7290110115869,false,קוקה קולה זירו 1.5 ליטר פיקדון,תות תעשיות מזון (201,,קוקה קולה זירו בקבוק,ליטרים,1.50,ליטר,false,,8.90,5.9333,true,1,362892
7290110116125,false,"סירופ פריגת בטעם פטל 750 מ""ל פיקדון",החברה המרכזית להפצת משקאות בעמ,,סירופ פריגת טעם פטל,מיליליטרים,750.00,"100 מ""ל",false,,21.90,2.9200,true,1,310234
7290110116132,false,"סירופ פריגת בטעם לימון 750 מ""ל פיקדון",החברה המרכזית להפצת משקאות בעמ,,סירופ פריגת טעם לימו,מיליליטרים,750.00,"100 מ""ל",false,,21.90,2.9200,true,1,310235
7290110320683,false,שמיניית משקה יוגורט 1.5% טעם תות יופלה 107 גרם,מיוצר עי קונדיטוריית,,משקה יופלה שמיניה בט,מיליליטרים,856.00,"100 מ""ל",false,,17.90,2.0911,true,1,26173
7290110320850,false,פתיתים גבינה חצי קשה מגורדת 28% שומן,תנובה מרכז שיתופי לש,,עמק פתיתים 200 גרם,גרמים,200.00,100 גרם,false,,15.90,7.9500,true,1,26183
7290110320867,false,פתיתים גבינה חצי קשה מגורדת 28% שומן,תנובה מרכז שיתופי לש,,עמק פתיתים למאפים 28,גרמים,500.00,100 גרם,false,,34.90,6.9800,true,1,26184
7290110320935,false,פרוסות מוצרלה 150 גר`קולקשיין תנובה,תנובה מרכז שיתופי לש,,פרוסות מוצרלה 150 גר,גרמים,150.00,100 גרם,false,,17.90,11.9333,true,1,26189
7290110321031,false,מעדן חלב GO יוגורט מועשר בחלבון טבעי 200 ג' יופלה,"תנובה, מחלבת אלון תב",,יופלה גו 200 גרם תנו,גרמים,200.00,100 גרם,false,,5.90,2.9500,true,1,26197
7290110321277,false,קוטג' בקטנה 5% תנובה 100 גרם מהדרין,פארייפאבה אגרואינדוס,,קוטג' תנובה בקטנה 5,גרמים,100.00,100 גרם,false,,2.60,2.6000,true,1,26215
7290110321680,false,יוגורט GO בטעם תות 20 גרם חלבון בגביע,מיוצר עי קונדיטוריית,,יופלה גו בטעם תות 20,גרמים,200.00,100 גרם,false,,5.90,2.9500,true,1,26238
7290110321697,false,יוגורט GO בטעם אפרסק 20 גרם חלבון בגביע,מיוצר עי קונדיטוריית,,יופלה גו בטעם אפרסק,מיליליטרים,200.00,"100 מ""ל",false,,5.90,2.9500,true,1,26239
7290110321789,false,גבינת מסקרפונה 38% שומן 250 גר`השף הלבן,"תנובה בע""מ ***",,גבינת מסקרפונה 38% ש,גרמים,250.00,100 גרם,false,,20.90,8.3600,true,1,26246
7290110322014,false,טופו בטעם טבעי תנובה ALTERNATIVE,שוורצקוף& הנקל דיסלד,,טופו טבעי 300 גרם,גרמים,300.00,100 גרם,false,,12.90,4.3000,true,1,26259
<<<<<<< HEAD
7290110322038,false,טופו פיקנטי תנובה ALTERNATIVE,שוורצקוף& הנקל דיסלד,,טופו פיקנטי 300 גרם,גרמים,300.00,100 גרם,false,,12.90,4.3000,true,1,26261
7290110323301,false,טל העמק בסגנון אמנטל 32% שומן 200 גרם,פ.פ.ח. שאביט,,גבינת עמק טל 32% שומ,גרמים,200.00,100 גרם,false,,18.90,9.4500,true,1,26306
7290110323585,false,יופלה יוגורט עם דובדבן מופחת קלוריות 200 ג' GO,יופלה Yoplait,,יופלה GO לייט עם דוב,גרמים,200.00,100 גרם,false,,5.90,2.9500,true,1,26324
7290110323592,false,יופלה יוגורט עם אפרסק מופחת קלוריות 200 ג' GO,יופלה Yoplait,,יופלה GO לייט עם אפר,גרמים,200.00,100 גרם,false,,5.90,2.9500,true,1,26325
=======
7290110322038,false,טופו בטעם פיקנטי 300 גר`תנובה,"תנובה בע""מ ***",,טופו פיקנטי 300 גרם,גרמים,300.00,100 גרם,false,,12.90,4.3000,true,1,26261
7290110323301,false,טל העמק בסגנון אמנטל 32% שומן 200 גרם,"תנובה בע""מ ***",,גבינת עמק טל 32% שומ,גרמים,200.00,100 גרם,false,,18.90,9.4500,true,1,26306
7290110323585,false,יופלה יוגורט עם דובדבן מופחת קלוריות 200 ג' GO,"תנובה בע""מ ***",,יופלה GO לייט עם דוב,גרמים,200.00,100 גרם,false,,5.90,2.9500,true,1,26324
7290110323592,false,יופלה יוגורט עם אפרסק מופחת קלוריות 200 ג' GO,תנובה בעמ ***,,יופלה GO לייט עם אפר,גרמים,200.00,100 גרם,false,,5.90,2.9500,true,1,26325
>>>>>>> d048ac2f4f281c9d788043ab4e81b61b0dbe3743
7290110323714,false,משקה קוקוס שקדים תנובה E אלטרנטיב,מיוצר עי קונדיטוריית,,תנובה משקה קוקוס שקד,יחידה,0.00,יחידה,false,,14.50,0.0000,true,1,26336
7290110324711,false,ממרח סויה 9% שומן בטעם טבעי תנובה 250 גרם,מיוצר עי קונדיטוריית,,ממרח סויה 9% בטעם טב,גרמים,250.00,100 גרם,false,,9.90,3.9600,true,1,26404
7290110324841,false,מעדן שקדים עם שוקולד מריר תנובה 125 גרם,מיוצר עי קונדיטוריית,,מעדן שקדים עם שוקולד,גרמים,125.00,100 גרם,false,,4.90,3.9200,true,1,26414
7290110324858,false,מעדן שקדים בטעם אגוזי לוז תנובה 125 גרם,מיוצר עי קונדיטוריית,,מעדן שקדים בטעם אגוז,גרמים,125.00,100 גרם,false,,4.90,3.9200,true,1,26415
7290110324872,false,גבינה צהובה גלבוע (5% 200 גר`)תנובה,גלבוע - תנובה,,גלבוע גבינה פרוסה 5%,גרמים,200.00,100 גרם,false,,18.90,9.4500,true,1,26416
7290110324926,false,משקה סויה ללא תוספת סוכר E אלטרנטיב,תנובה מרכז שיתופי לש,,משקה סויה ללא תוספת,יחידה,0.00,יחידה,false,,11.90,0.0000,true,1,26419
7290110325114,false,"משקה יוגורט יופלה גו לייט תות בננה 250 מ""ל - רבנות",מיוצר עי קונדיטוריית,,יופלה משקה יוגורט גו,מיליליטרים,250.00,"100 מ""ל",false,,6.90,2.7600,true,1,26431
7290110325169,false,פרוסות גאודה 170 גר`קולקשיין תנובה,תנובה בעמ ***,,פרוסות גאודה 170 גרם,גרמים,170.00,100 גרם,false,,18.90,11.1176,true,1,61649
7290110325305,false,יופלה GO סויה 20 גרם חלבון במתיקות מעודנת תנובה 200 גרם,מיוצר עי קונדיטוריית,,יופלה סויה גו 20 גרם,גרמים,200.00,100 גרם,false,,5.90,2.9500,true,1,26435
7290110325312,false,יופלה GO סויה 20 גרם חלבון בטעם תות תנובה 200 גרם,תנובה בעמ ***,,יופלה סויה גו 20 גרם,גרמים,200.00,100 גרם,false,,5.90,2.9500,true,1,26436
7290110325619,false,משקה שיבולת שועל תנובה E אלטרנטיב,מיוצר עי קונדיטוריית,,תנובה משקה שיבולת שו,יחידה,0.00,יחידה,false,,14.50,0.0000,true,1,26445
7290110325893,false,משקה חלב GO מועשר בחלבון בטעם אייס קפה,מיוצר עי קונדיטוריית,,משקה תנובה GO אייס ק,גרמים,340.00,100 גרם,false,,7.90,2.3235,true,1,26464
7290110326227,false,יופלה און טופ קורנפלקס תנובה 157 גרם,מיוצר עי קונדיטוריית,,יופלה און טופ קורנפל,גרמים,157.00,100 גרם,false,,5.90,3.7580,true,1,61634
7290110326234,false,יופלה און טופ כוכבים תנובה 157 גרם,מיוצר עי קונדיטוריית,,יופלה און טופ כוכבים,גרמים,157.00,100 גרם,false,,5.90,3.7580,true,1,61635
7290110326333,false,פרוסות גבינה סקנדינבית 170 גר`קולקשיין,"תנובה בע""מ ***",,פרוסות גבינה סקנדינב,גרמים,170.00,100 גרם,false,,18.90,11.1176,true,1,151609
7290110327514,false,alternative משקה שיבולת שועל בטעם אגוזי לוז תנובה 1 ליטר,תנובה מרכז שיתופי לש,,משקה שיבולת שועל בטע,יחידה,0.00,יחידה,false,,14.50,0.0000,true,1,174514
7290110327811,false,חטיף חלבון GO בטעם בצק קוקוס 20 גר`חלבו,"בלמונט קונפקציות בע""\מ.",,GO חטיף חלבון עם קוק,גרמים,60.00,100 גרם,false,,12.90,21.5000,true,1,157228
7290110328627,false,יוגורט יופלה GO במרקם סמיך בטעם בננה קרמל 0%,מיוצר עי קונדיטוריית,,יוגורט גו סמיך 0% בנ,גרמים,200.00,100 גרם,false,,5.90,2.9500,true,1,161376
7290110328641,false,טופו טבעי 500 גר`אלטרנטיב 2*250 גר`,"תנובה בע""מ ***",,טופו טבעי 2 יחידות,גרמים,500.00,100 גרם,false,,18.90,3.7800,true,1,181557
7290110328771,false,יוגורט יופלה GO במרקם סמיך עם פירות יער 0%,מיוצר עי קונדיטוריית,,יוגורט גו סמיך 0% פי,גרמים,200.00,100 גרם,false,,5.90,2.9500,true,1,161377
7290110328788,false,יוגורט יופלה GO במרקם סמיך בטעם אפרסק 0%,תנובה מרכז שיתופי לש,,יוגורט גו סמיך 0% אפ,גרמים,200.00,100 גרם,false,,5.90,2.9500,true,1,161362
7290110329303,false,פרוסות בטעם צהובה קלאסית אלטרנטיב 200 גר,תנובה Alternative,,פרוסות צהובה קלאסית,גרמים,200.00,100 גרם,false,,22.90,11.4500,true,1,221902
7290110329792,false,יוגורט סויה BIO Alternative אפרסק 150 ג' תנובה,מיוצר עי קונדיטוריית,,סויה BIO אפרסק גביע,גרמים,150.00,100 גרם,false,,4.70,3.1333,true,1,249164
7290110329808,false,יוגורט סויה BIO Alternative תות 150 ג' תנובה,מיוצר עי קונדיטוריית,,סויה BIO תות גביע 15,גרמים,150.00,100 גרם,false,,4.70,3.1333,true,1,249165
7290110329815,false,סויה BIO מתיקות מעודנת גביע 150 גרם אלטרנטיב,מיוצר עי קונדיטוריית,,סויה BIO מתיקות מעוד,גרמים,150.00,100 גרם,false,,4.70,3.1333,true,1,249166
7290110329822,false,יוגורט סויה BIO Alternative פירות יער 150 ג' תנובה,מיוצר עי קונדיטוריית,,סויה BIO פירות יער ג,גרמים,150.00,100 גרם,false,,4.70,3.1333,true,1,249167
7290110329846,false,יוגורט סויה BIO Alternative בטעם טבעי 150 ג' תנובה,מיוצר עי קונדיטוריית,,סויה BIO טבעי גביע 1,גרמים,150.00,100 גרם,false,,4.70,3.1333,true,1,249168
7290110552237,false,יוגורט פרו בטעם אפרסק מנגו ללא סוכר 200 ג' דנונה,שטראוס גרופ בעמ/מצונן,,דנונה PRO 20 גרם חלב,גרמים,200.00,100 גרם,false,,6.20,3.1000,true,1,241243
7290110553029,false,"אנרג'י קריספס-פריכיות חומוס, עדשים ואפונה עם קייל וסלק","פרח תעשיו מזון בע""מ",,פריכיות חלבון קייל ח,גרמים,60.00,100 גרם,false,,10.90,18.1667,true,1,245310
7290110553036,false,קריספס-פריכיות עם אפונה ובטטה סגולה בטעם בצל מקורמל,"פרח תעשיו מזון בע""מ",,פרכית חלבון בטטה סגו,גרמים,60.00,100 גרם,false,,10.90,18.1667,true,1,245311
7290110553180,false,אנרגי פריכיות אורז בטעם תפוח קינמון 50 ג,שטראוס גרופ בע`מ,,פריכיות עם תפוח וקינ,גרמים,40.00,100 גרם,false,,6.90,17.2500,true,1,361335
7290110553340,false,נמס מילקשייק- אבקה להכנת משקה קר בטעם מלבי,שטראוס קפה בי.וי,,ICE נמס מילקשייק בטע,גרמים,200.00,100 גרם,false,,16.90,8.4500,true,1,296903
7290110553425,false,קפה נמס 200 גרם +20% תוספת עלית,שטראוס קפה בי.וי,,קפה נמס עלית פחית מו,גרמים,240.00,100 גרם,false,,22.90,9.5417,true,1,247172
7290110554422,false,פומודורו רוטב עגבניות ופלפלים לשקשוקה לפסטה יד מרדכי 350 גרם,אמיליאנה קונסרב סוסייטה,,רוטב עגבניות ופלפלים,גרמים,350.00,100 גרם,false,,11.90,3.4000,true,1,259037
7290110554507,false,עלית - קפה טורקי תימני 100 גרם,שטראוס קפה בי.וי.,,קפה טורקי תימני עלית,גרמים,100.00,100 גרם,false,,9.90,9.9000,true,1,313626
7290110554514,false,קפה טורקי איתיופי שקית 100 גרם,שטראוס קפה בי.וי.,,קפה טורקי אתיופי עלי,גרמים,100.00,100 גרם,false,,9.90,9.9000,true,1,313640
7290110554583,false,מארז חטיפי צ'יטוס פאפס בטעם גבינה - 10 יחידות,"שטראוס פריטו ליי בע""\מ )",,מארז צ'יטוס PUFFS בט,גרמים,200.00,100 גרם,false,,13.90,6.9500,true,1,232742
7290110554712,false,"קפסולות קפה אספרסו קלייה איטית ובהירה, 10 * 50 ג'",שטראוס קפה בי.וי.,,"שת""פ קפה 50 גרם נחת",גרמים,50.00,100 גרם,false,,19.90,39.8000,true,1,355017
7290110554729,false,קפסולות עלית אספרסו 04 תואמות למכונות NESPRESSO,שטראוס קפה בי.וי.,,עלית קפסולות אספרסו,גרמים,50.00,100 גרם,false,,18.90,37.8000,true,1,296490
7290110556242,false,"שוקולד מריר פרווה 100 גר' בד""ץ תוצרת חוץ","שטראוס גרופ בע""מ.",,שוקולד מריר מעולה 10,גרמים,100.00,100 גרם,false,,5.70,5.7000,true,1,348147
7290110557027,false,חומוס עשיר 50% טחינה גולמית 400 ג' אחלה,שטראוס גרופ בעמ/מצונן,,חומוס הסדרה עשיר ב50,גרמים,400.00,100 גרם,false,,14.90,3.7250,true,1,220956
7290110557102,false,מעדן חלב עם שוקולד מועשר בחלבון 150 ג' שטראוס,שטראוס גרופ בעמ/מצונן,,מעדן פרו חלב עם שוקו,גרמים,150.00,100 גרם,false,,5.90,3.9333,true,1,202442
7290110557133,false,מעדן הגולן וניל 125 ג' שטראוס,שטראוס גרופ בעמ/מצונן,,מעדן הגולן מעדן חלב,גרמים,125.00,100 גרם,false,,3.50,2.8000,true,1,214232
7290110557478,false,חומוס גלילי במרקם מעודן 600 גרם,שטראוס גרופ בעמ/מצונן,,חומוס גלילי אחלה 60,גרמים,600.00,100 גרם,false,,13.90,2.3167,true,1,275899
7290110558284,false,דנונה ביו מולטי שטראוס 200 גרם,שטראוס גרופ בעמ/מצונן,,דנונה מולטי 3% שומן,מיליליטרים,200.00,"100 מ""ל",false,,4.50,2.2500,true,1,309353
7290110558307,false,יוגורט דנונה PRO עם שיבולת שועל במתיקות מעודנת,שטראוס גרופ בעמ/מצונן,,דנונה פרו עם שיבולת,מיליליטרים,200.00,"100 מ""ל",false,,6.90,3.4500,true,1,297712
7290110558314,false,דנונה פרו 20 גרם חלבון ללא סוכר פיסטוק 200 גרם,שטראוס גרופ בעמ/מצונן,,דנונה פרו ללא סוכר 2,גרמים,200.00,100 גרם,false,,6.20,3.1000,true,1,318033
7290110558338,false,דנונה פרו 25 ג' חלבון 200 ג' שטראוס,שטראוס גרופ בעמ/מצונן,,דנונה פרו 25 גרם חלב,מיליליטרים,200.00,"100 מ""ל",false,,6.90,3.4500,true,1,297713
7290110560317,false,"הפריכיות הטעימות חומוס, עדשים שחורות, קינואה ומלח ים","פרח תעשיו מזון בע""מ",,פריכיות משולשות מלח,גרמים,30.00,100 גרם,false,,5.90,19.6667,true,1,22981
7290110560324,false,"הפריכיות הטעימות תפו""א, אורז, אפונה ומלח ים","פרח תעשיו מזון בע""מ",,פריכיות משולשות אפונ,גרמים,30.00,100 גרם,false,,5.90,19.6667,true,1,22982
7290110561352,false,דנונה יוגורט ביו פרוביוטי 3% דל לקטוז 150ג',שטראוס גרופ בעמ/מצונן,,דנונה ביו דל לקטוז ב,גרמים,200.00,100 גרם,false,,3.90,1.9500,true,1,23918
7290110563431,false,"משקה קפה קר בסגנון קלאסי 230 מ""ל 1.6% יוטבתה",שטראוס גרופ בעמ/מצונן,,יטבתה משקה קפה קר בס,מיליליטרים,230.00,"100 מ""ל",false,,7.90,3.4348,true,1,23931
7290110563462,false,חלב 2% דל לקטוז בבקבוק יטבתה 1 ליטר.,שטראוס גרופ בעמ/מצונן,,יטבתה חלב בבקבוק נטו,ליטרים,1.00,ליטר,false,,8.90,8.9000,true,1,23934
7290110564339,false,חומוס אחלה הסידרה המובחר 30% טחינה 400 גר',שטראוס גרופ בעמ/מצונן,,חומוס הסדרה המובחרת,גרמים,400.00,100 גרם,false,,14.90,3.7250,true,1,23941
7290110564360,false,חומוס אחלה הסידרה המובחר 40% טחינה 400 גר',שטראוס גרופ בעמ/מצונן,,חומוס אחלה עשיר ב 40,גרמים,400.00,100 גרם,false,,14.90,3.7250,true,1,23942
7290110564414,false,חומוס אחלה הסידרה המובחר 30% טחינה 600 גר',שטראוס גרופ בעמ/מצונן,,חומוס הסדרה המובחרת,גרמים,600.00,100 גרם,false,,16.90,2.8167,true,1,23946
7290110564742,false,"משקה קפה קר בסגנון חזק 230 מ""ל 1.2% יוטבתה",שטראוס גרופ בעמ/מצונן,,יטבתה משקה קפה קר בס,מיליליטרים,230.00,"100 מ""ל",false,,7.90,3.4348,true,1,23952
7290110565435,false,מעדן ג`לי בטעם פטל חלבי שטראוס (125 גרם,שטראוס גרופ בעמ/מצונן,,לימבו בטעם פטל 0% שו,גרמים,125.00,100 גרם,false,,2.50,2.0000,true,1,23957
7290110565527,false,יוגורט PRO פרו 1.5% 20 גרם חלבון בגביע,שטראוס גרופ בעמ/מצונן,,דנונה PRO 20 גרם חלב,גרמים,200.00,100 גרם,false,,6.20,3.1000,true,1,23959
7290110566623,false,קפסולות קולומביה עלית 08 למכונת נספרסו מארז 5X10ג',שטראוס קפה בי.וי.,,עלית קפסולות קולומבי,גרמים,50.00,100 גרם,false,,18.90,37.8000,true,1,23029
7290110566975,false,דנונה פרו יוגורט 0% תות עשיר בחלבון 200ג',שטראוס גרופ בעמ/מצונן,,דנונה PRO 20 גרם חלב,גרמים,200.00,100 גרם,false,,6.20,3.1000,true,1,23969
7290110568559,false,דוריטוס עלית מארז חמוץ חריף 10 יח' *25 ג',"שטראוס פריטו ליי בע""מ )פ",,מארז דוריטוס חמוץ חר,גרמים,250.00,100 גרם,false,,14.90,5.9600,true,1,24370
7290110570224,false,משקה קפה קר בטעם עוגיות (230 גר`) יטבתה,שטראוס גרופ בעמ/מצונן,,משקה קפה קר בטעם עוג,מיליליטרים,230.00,"100 מ""ל",false,,7.90,3.4348,true,1,309538
7290110570576,false,פולי אספרסו עשירים וארומטיים עוצמה 10 עלית 500 גרם,שטראוס קפה בי.וי,,פולי אספרסו עשירים ו,קילוגרמים,1.00,"ק""ג",false,,40.90,40.9000,true,1,271228
7290110572129,false,כיף כף מקלות שוקולד לבן 40 ג' עלית,סולן בעבור שטראוס,,כיף כף מקלות שוקולד,גרמים,40.00,100 גרם,false,,5.50,13.7500,true,1,372332
7290110572884,false,"קפסולות קפה מספר 20 למכונת אספרס אספרסו, 50 גרם",שטראוס קפה בי.וי.,,קפסולות אספרסו קפה ע,גרמים,50.00,100 גרם,false,,18.90,37.8000,true,1,369687
<<<<<<< HEAD
7290110572969,false,כיף כף פצפצים עקרם לבן 40ג' עלית,שולן צ'\יקולטה גידה סאן.,,כיף כף פצפצים קרם לב,גרמים,40.00,100 גרם,false,,5.50,13.7500,true,1,318128
7290110572976,false,כיף כף פצפצים בגביע במילוי קרם בטעם שוקולד לבן,שולן צ'יקולטה גידה ס,,כיף כף פצפצים קרם לב,גרמים,135.00,100 גרם,false,,11.90,8.8148,true,1,318074
7290110576318,false,מאגדת שלישיית שוקולד אגוז לבן 300 ג' עלית,שטראוס,,מארז שלישיית אגוז ל,גרמים,300.00,100 גרם,false,,26.90,8.9667,true,1,351782
7290110576370,false,מארז שלישייה שוקולד מריר חלבי עם אגוזי לוז,שטראוס,,מארז שלישיית אגוז מ,גרמים,300.00,100 גרם,false,,26.90,8.9667,true,1,351783
7290110576776,false,טבלאות שוקולד ספלנדיד מריר 85% 100 ג' עלית,קימ'\ס גריפלנן,,שוקולד ספלנדיד מריר,גרמים,100.00,100 גרם,false,,12.90,12.9000,true,1,369761
7290111092985,false,מארז מגבונים לחים בייביסיטר ללא בישום רביעייה,,,מגבוני בייבי פרפורמנ,יחידה,0.00,יחידה,false,,17.90,0.0000,true,1,306638
=======
7290110572969,false,כיף כף פצפצים עלית קרם לבן (40 גר`),שולן צ'\יקולטה גידה סאן.,,כיף כף פצפצים קרם לב,גרמים,40.00,100 גרם,false,,5.50,13.7500,true,1,318128
7290110572976,false,כיף כף פצפצים בגביע במילוי קרם בטעם שוקולד לבן,שולן צ'יקולטה גידה ס,,כיף כף פצפצים קרם לב,גרמים,135.00,100 גרם,false,,11.90,8.8148,true,1,318074
7290110576318,false,מאגדת שלישיית שוקולד אגוז לבן 300 ג' עלית,שטראוס גרופ בע`מ,,מארז שלישיית אגוז ל,גרמים,300.00,100 גרם,false,,26.90,8.9667,true,1,351782
7290110576370,false,מארז שלישייה שוקולד מריר חלבי עם אגוזי לוז,שטראוס גרופ בע`מ,,מארז שלישיית אגוז מ,גרמים,300.00,100 גרם,false,,26.90,8.9667,true,1,351783
7290110576776,false,טבלאות שוקולד ספלנדיד מריר 85% 100 ג' עלית,שטראוס גרופ בע`מ,,שוקולד ספלנדיד מריר,גרמים,100.00,100 גרם,false,,12.90,12.9000,true,1,369761
7290111092985,false,מארז מגבונים לחים בייביסיטר ללא בישום רביעייה,שקד תבל בע`מ,,מגבוני בייבי פרפורמנ,יחידה,0.00,יחידה,false,,17.90,0.0000,true,1,306638
>>>>>>> d048ac2f4f281c9d788043ab4e81b61b0dbe3743
7290111093982,false,"טרופיקל תחליב רחצה פסיפלורה ואינקה אינצ'י 700 מ""ל דר' עור","אמיליה קוסמטיקס בע""\מ",,תחליב רחצה פסיפלורה,מיליליטרים,700.00,"100 מ""ל",false,,21.90,3.1286,true,1,352902
7290111094248,false,"קוויק שקית אשפה חזקה וגדולה במיוחד (90*78), 20 יח'",שקד תבל בע`מ,,שקיות אשפה XL עם שרו,יחידה,0.00,יחידה,false,,20.90,0.0000,true,1,29610
7290111094361,false,קוויק שקיות אשפה XL עם ידית 20 יח' במארז,שקד תבל בעמ,,קוויק שקיות אשפה XL,יחידה,0.00,יחידה,false,,13.90,0.0000,true,1,212821
7290111094392,false,"טרופיקל תחליב רחצה קוקוס וליים 700 מ""ל דר' עור","אמיליה קוסמטיקס בע""\מ",,תחליב רחצה קוקוס ולי,מיליליטרים,700.00,"100 מ""ל",false,,21.90,3.1286,true,1,352903
<<<<<<< HEAD
7290111094651,false,שקיות אשפה L עם ידית קוויק 40 יח',,,קוויק שקיות אשפה L ח,יחידה,0.00,יחידה,false,,13.90,0.0000,true,1,212835
7290111096921,false,קוויק מגבונים לניקוי כללי בתוספת חומץ ומלח לימון 50 יח',די.פי.אל,,מטליות לחות לניקוי ב,יחידה,0.00,יחידה,false,,9.90,0.0000,true,1,214617
7290111098536,false,מגבונים לחים לתינוק,,,מגבונים לחים לתינוק,יחידה,0.00,יחידה,false,,14.90,0.0000,true,1,279315
7290111340178,false,מטליות לחות ניקול לניקוי כללי בניחוח מרכך כביסה 50 יח',חוגלה קימברלי,,מטליות לחות לניקוי כ,יחידה,0.00,יחידה,false,,12.90,0.0000,true,1,9117
7290111341984,false,לילי - מגבוני נייר טואלט לח פיור רביעייה,קימברלי,,לילי טואלט לח PURE מ,יחידה,0.00,יחידה,false,,21.90,0.0000,true,1,9148
7290111342059,false,50 מטליות מיקרופייבר לשטחים אנטיבקטריאלי ניקול,ניקול,,מטליות לחות אנטיבקטר,יחידה,0.00,יחידה,false,,13.90,0.0000,true,1,9152
7290111343117,false,"קלינקס לושן סופט פק זוגות 140 דף ""חדש""",קימברלי קלארק,,טישו לושן סופט קליני,יחידה,0.00,יחידה,false,,13.90,0.0000,true,1,103430
7290111343445,false,מגבונים לחים אנטיבקטריאליים לניקוי וחיטוי משטחים 70% אלכוהול ALCO-WIPES,חוגלה קימברלי,,מגבונים לחים לניקוי,יח',160.00,יח',false,,28.90,0.1806,true,1,68165
7290111344077,false,מטליות לחות לחיטוי משטחים אריזת שלישייה,עלבד משואות יצחק,,מטליות לחות אנטיבקטר,מארז,0.00,מארז,false,,27.90,0.0000,true,1,75737
7290111344206,false,האגיס נטורל קר מגבונים לחים בבישום עדין רביעייה,חוגלה קימברלי,,מגבוני האגיס נטורל ק,יחידה,0.00,יחידה,false,,19.90,0.0000,true,1,212365
7290111344732,false,קלינקס - טיישו אלרג'י קומפורט ניילון זוגות 140 דף,קימברלי קלארק,,קלינקס אלרג'י קומפור,יחידה,0.00,יחידה,false,,13.90,0.0000,true,1,202966
7290111344930,false,מטליות לחות לרצפה בניחוח כביסה ארומתרפיה ניקול 10 יח',ניקול,,מטליות לחות לניקוי ר,יח',10.00,יח',false,,12.90,1.2900,true,1,233463
7290111345814,false,נייר טואלט לילי נטורל קר 30 גלילים מהדורה,לילי נייר טואלט חוגלה,,נייר טואלט נטורל קר,יח',30.00,יח',false,,34.90,1.1633,true,1,233408
7290111345821,false,לילי - נייר טואולט נטורל קר ג'מבו 16 יח',חוגלה קימברלי,,נייר טואלט נטורל קר,יח',16.00,יח',false,,35.90,2.2437,true,1,233435
7290111345982,false,ניקול דפי ספוגית הקסם 10 יחידות,חוגלה קימברלי,,דפי ספוגית הקסם ניקו,יחידה,0.00,יחידה,false,,12.90,0.0000,true,1,291933
7290111350726,false,חטיף נאצוס הוטפופ בסגנון מקסיקני 322 גר,ליימן מותגים,,הוטפופ נאצ'וס בסגנון,גרמים,322.00,100 גרם,false,,17.90,5.5590,true,1,12817
7290111352973,false,יוגוטה קוביות חמוצות ממולאות בטעם פירות,יוגטה yogueta,,יוגטה קוביות חמוציות,גרמים,220.00,100 גרם,false,,6.90,3.1364,true,1,88576
=======
7290111094651,false,שקיות אשפה L עם ידית קוויק 40 יח',שקד תבל בעמ,,קוויק שקיות אשפה L ח,יחידה,0.00,יחידה,false,,13.90,0.0000,true,1,212835
7290111096921,false,קוויק מגבונים לניקוי כללי בתוספת חומץ ומלח לימון 50 יח',שקד תבל בע`מ,,מטליות לחות לניקוי ב,יחידה,0.00,יחידה,false,,9.90,0.0000,true,1,214617
7290111098536,false,מגבונים לחים לתינוק,,,מגבונים לחים לתינוק,יחידה,0.00,יחידה,false,,14.90,0.0000,true,1,279315
7290111340178,false,מטליות לחות ניקול לניקוי כללי בניחוח מרכך כביסה 50 יח',קימברלי קלארק ישראל שיווק בעמ,,מטליות לחות לניקוי כ,יחידה,0.00,יחידה,false,,12.90,0.0000,true,1,9117
7290111341984,false,לילי - מגבוני נייר טואלט לח פיור רביעייה,קימברלי קלארק ישראל שיווק בעמ,,לילי טואלט לח PURE מ,יחידה,0.00,יחידה,false,,21.90,0.0000,true,1,9148
7290111342059,false,50 מטליות מיקרופייבר לשטחים אנטיבקטריאלי ניקול,קימברלי קלארק ישראל שיווק בעמ,,מטליות לחות אנטיבקטר,יחידה,0.00,יחידה,false,,13.90,0.0000,true,1,9152
7290111343117,false,קלינקס ממחטות לושן סופט פק זוגות 140דף,קימברלי קלארק ישראל שיווק בעמ,,טישו לושן סופט קליני,יחידה,0.00,יחידה,false,,13.90,0.0000,true,1,103430
7290111343445,false,מגבונים לחים אנטיבקטריאליים לניקוי וחיטוי משטחים 70% אלכוהול ALCO-WIPES,קימברלי קלארק ישראל שיווק בעמ,,מגבונים לחים לניקוי,יח',160.00,יח',false,,28.90,0.1806,true,1,68165
7290111344077,false,שלישיות מטליות לחות למשטחים אנטיבקטראלי,קימברלי קלארק ישראל שיווק בעמ,,מטליות לחות אנטיבקטר,מארז,0.00,מארז,false,,27.90,0.0000,true,1,75737
7290111344206,false,האגיס נטורל קר מגבונים לחים בבישום עדין רביעייה,קימברלי קלארק ישראל שיווק בעמ,,מגבוני האגיס נטורל ק,יחידה,0.00,יחידה,false,,19.90,0.0000,true,1,212365
7290111344732,false,קלינקס - טיישו אלרג'י קומפורט ניילון זוגות 140 דף,קימברלי קלארק ישראל שיווק בעמ,,קלינקס אלרג'י קומפור,יחידה,0.00,יחידה,false,,13.90,0.0000,true,1,202966
7290111344930,false,מטליות לחות לרצפה בניחוח כביסה ארומתרפיה ניקול 10 יח',קימברלי קלארק ישראל שיווק בעמ,,מטליות לחות לניקוי ר,יח',10.00,יח',false,,12.90,1.2900,true,1,233463
7290111345814,false,נייר טואלט לילי נטורל קר 30 גלילים מהדורה,קימברלי קלארק ישראל שיווק בעמ,,נייר טואלט נטורל קר,יח',30.00,יח',false,,34.90,1.1633,true,1,233408
7290111345821,false,נייר טואלט לילי נטורל קר 32-16 גלילי כפו,קימברלי קלארק ישראל שיווק בעמ,,נייר טואלט נטורל קר,יח',16.00,יח',false,,35.90,2.2437,true,1,233435
7290111345982,false,ניקול דפי ספוגית הקסם 10 יחידות,קימברלי קלארק ישראל שיווק בעמ,,דפי ספוגית הקסם ניקו,יחידה,0.00,יחידה,false,,12.90,0.0000,true,1,291933
7290111350726,false,חטיף נאצוס הוטפופ בסגנון מקסיקני 322 גר,ליימן שליסל בע`מ,,הוטפופ נאצ'וס בסגנון,גרמים,322.00,100 גרם,false,,17.90,5.5590,true,1,12817
7290111352973,false,יוגוטה קוביות חמוצות ממולאות בטעם פירות,ליימן שליסל בע`מ,,יוגטה קוביות חמוציות,גרמים,220.00,100 גרם,false,,6.90,3.1364,true,1,88576
>>>>>>> d048ac2f4f281c9d788043ab4e81b61b0dbe3743
7290111353123,false,"גומי נחש מסוכר 200 גר' וסטהיים (כש""לפ בית יוסף)",טופגם תעשיות ממתקים,,יוגטה סוכריות גומי נ,גרמים,200.00,100 גרם,false,,10.90,5.4500,true,1,103196
7290111354748,false,כדורגל קליית גת מתנה,קליית גת,,כדורגל קליית גת מתנה,יחידה,0.00,יחידה,false,,0.01,0.0000,true,1,360643
7290111563492,false,סלטי צבר מטבוחה חריפה מרובע 6*400גרם,קבוצת אוסם סחר-שות.מוגבלת,,צבר מרובע מטבוחה חר,גרמים,400.00,100 גרם,false,,13.50,3.3750,true,1,19998
7290111564277,false,פריכיות דקות ונימוחות 3 דגנים פיטנס Fitness,קבוצת אוסם סחר שותפות מוגבלת,,פריכיות 3 דגנים דקות,גרמים,120.00,100 גרם,false,,11.90,9.9167,true,1,19219
7290111564291,false,פריכיות דקות ונימוחות 3 דגנים וקינואה פיטנס Fitness,קבוצת אוסם סחר שותפות מוגבלת,,פריכיות קינואה דקות,גרמים,120.00,100 גרם,false,,11.90,9.9167,true,1,19220
7290111565038,false,"לה קרמריה וניל קוקילידה בד""צ 1.4 ל'",נגה גלידות שותפות מוגבלת,,לה קרמריה בטעם וניל,ליטרים,1.40,ליטר,false,,25.90,18.5000,true,1,16222
7290111566240,false,שניצל דק מן הצומח בטעם צ'ילי חריף 700 גרם,קבוצת אוסם סחר שותפות מוגבלת,,שניצל דק צמחוני בטע,גרמים,564.00,100 גרם,false,,35.90,6.3652,true,1,20010
7290111566271,false,טבעול חטיפי תירס 657 גרם קפוא,קבוצת אוסם סחר שותפות מוגבלת,,חטיפי תירס טבעול 65,גרמים,657.00,100 גרם,false,,35.90,5.4642,true,1,20011
7290111566318,false,שניצל דק מן הצומח בטעם ביתי 700 גרם,קבוצת אוסם סחר שותפות מוגבלת,,שניצל דק צמחוני בט,גרמים,564.00,100 גרם,false,,35.90,6.3652,true,1,20013
7290111566332,false,"נקניקיות וינר מן הצומח 680 גרם ""טבעול""",קבוצת אוסם סחר שותפות מוגבלת,,נקניקיה וינר 680 גר,גרמים,680.00,100 גרם,false,,35.90,5.2794,true,1,20014
7290111566585,false,"שניצל צמחוני 99 קלוריות 650 גר' ""טבעול""",קבוצת אוסם סחר שותפות מוגבלת,,שניצל מן הצומח מופח,גרמים,650.00,100 גרם,false,,35.90,5.5231,true,1,20019
7290111566714,false,טבעול המבורגר צמחוני 99 קלוריות 600 גרם,קבוצת אוסם סחר שותפות מוגבלת,,המבורגר מן הצומח 6,גרמים,600.00,100 גרם,false,,35.90,5.9833,true,1,20022
7290111566752,false,טבעול שניצל תירס 99 קלוריות 693 גרם,קבוצת אוסם סחר שותפות מוגבלת,,שניצל תירס לייט טבעו,גרמים,693.00,100 גרם,false,,35.90,5.1804,true,1,20024
7290111566776,false,"נקניקיות קוקטייל מן הצומח 680 גרם ""טבעול""",קבוצת אוסם סחר שותפות מוגבלת,,נקנקיות קוקטייל מן,גרמים,680.00,100 גרם,false,,35.90,5.2794,true,1,20025
7290111568251,false,אטריות נודלס להקפצה אסם אסייתי 350 גר',קבוצת אוסם סחר שותפות מוגבלת,,נודלס אטריות להקפצה,גרמים,350.00,100 גרם,false,,10.90,3.1143,true,1,19267
7290111568275,false,אטריות נודלס אורז רחבות אסם אסייתי 300גרם,קבוצת אוסם סחר שותפות מוגבלת,,נודלס אטריות אורז רח,גרמים,300.00,100 גרם,false,,10.90,3.6333,true,1,19268
7290111930911,false,חטיף פוף לבבות קלאסי 40 גרם,ש. שסטוביץ בע`מ,,פוף לבבות קלאסי 40 ג,גרמים,40.00,100 גרם,false,,4.90,12.2500,true,1,21790
7290111933554,false,שלישייה עגבניות קוביות מאסטר שף 400 גרם,קונסוריזיו קאסאלסקו,,עגבניות קוביות מאסטר,קילוגרמים,1.20,"ק""ג",false,,17.90,14.9167,true,1,21822
7290111936241,false,"ספריי גוף ספיד סטיק קול אנרגי 140 מ""ל",קולגייט פלמוליב,,ספיד סטיק ספריי גוף,מיליליטרים,140.00,"100 מ""ל",false,,21.90,15.6429,true,1,21839
7290111936487,false,"קולגייט זוג משחת שיניים טוטל קלין להלבנה 100 מ""ל",קולגייט פלמוליב,,קולגייט טוטל הלבנה ז,מיליליטרים,200.00,"100 מ""ל",false,,29.90,14.9500,true,1,21846
7290112000392,false,מנקה ומחטא עוצמתי לחדר האמבטיה ללא אקונומיקה,רקיט בנקיזר (ניר איסט) בעמ,,תרסיס ניקוי וחיטוי ל,מיליליטרים,750.00,"100 מ""ל",false,,16.90,2.2533,true,1,21031
7290112000736,false,פיניש טבליות AIO 80 יח` אריזת חיסכון,רקיט בנקיזר (ניר איסט) בעמ,,פיניש הכל ב-1 80 טבל,יחידה,0.00,יחידה,false,,61.90,0.0000,true,1,21038
7290112001436,false,"פיניש מנקה מדיח כלים בניחוח לימון 250 מ""ל",רקיט בנקיזר (ניר איסט) בעמ,,פיניש מנקה מדיח בניח,מיליליטרים,250.00,"100 מ""ל",false,,15.90,6.3600,true,1,21055
7290112002136,false,ג'ל כביסה מרוכז קולון 101 קלאסי,רקיט בנקיזר (ניר איסט) בעמ,,קולון ג'ל 4 ליטר רגי,ליטרים,4.00,ליטר,false,,37.90,9.4750,true,1,21070
7290112002143,false,ג'ל כביסה מרוכז קולון 101 בניחוח לילך,רקיט בנקיזר (ניר איסט) בעמ,,קולון ג'ל 4 ליטר ליל,ליטרים,4.00,ליטר,false,,37.90,9.4750,true,1,21071
7290112002990,false,"סיליט ספריי אבקת סודה להסרת שומנים 750 מ""ל",רקיט בנקיזר (ניר איסט) בעמ,,סיליט אבקת סודה להסר,מיליליטרים,750.00,"100 מ""ל",false,,22.90,3.0533,true,1,82392
7290112003188,false,קולון קפסולות ג'ל 60 יח' אריזת חיסכון,רקיט בנקיזר (ניר איסט) בעמ,,קולון קפסולות למכונת,יחידה,0.00,יחידה,false,,60.00,0.0000,true,1,100567
7290112003249,false,אבקת כביסה בניחוח מאסק קולון 5 ק''ג,רקיט בנקיזר (ניר איסט) בעמ,,אבקת כביסה קולון מאס,קילוגרמים,5.00,"ק""ג",false,,42.90,8.5800,true,1,82482
7290112003423,false,"אירוויק מקלות ריחניים יער אננס ורוזמרין 80 מ""ל",רקיט בנקיזר (ניר איסט) בעמ,,איירוויק בוטניקה מקל,מיליליטרים,205.00,"100 מ""ל",false,,24.90,12.1463,true,1,118764
7290112003478,false,"מבשם אוויר אירוויק ספריי אננס ורוזמרין 236 מ""ל",רקיט בנקיזר,,איירוויק בוטניקה ספר,מיליליטרים,236.00,"100 מ""ל",false,,21.90,9.2797,true,1,118794
7290112005045,false,וניש מסיר כתמים אבקה לכביסה לבנה 480 גרם,רקיט בנקיזר (ניר איסט) בעמ,,וניש אבקה לכביסה לבנ,מיליליטרים,480.00,"100 מ""ל",false,,17.90,3.7292,true,1,318785
7290112005052,false,וניש תוסף כביסה רב תכליתי לבגדים לבנים,רקיט בנקיזר (ניר איסט) בעמ,,וניש אבקה לכביסה לבנ,ליטרים,1500.00,100 ליטר,false,,42.90,2.8600,true,1,318771
7290112005083,false,וניש תוסף כביסה רב תכליתי לכביסה צבעונית,רקיט בנקיזר (ניר איסט) בעמ,,וניש אבקה לכביסה צבע,ליטרים,1.50,100 ליטר,false,,42.90,2860.0000,true,1,318757
7290112190468,false,שמן זית ספרדי טבעי 7,,,"שמן זית 750 מ""ל G FO",מיליליטרים,750.00,"100 מ""ל",false,,30.90,4.1200,true,1,188853
7290112191069,false,טורטיה מזונות 320גר 8יח קוטר 20ס,א.ג בחירה חכמה בעמ,,8 טורטיות מזונות ברי,גרמים,320.00,100 גרם,false,,9.90,3.0938,true,1,49373
7290112192561,false,"משחת שיניים פרודונטקס הגנה מלאה מרעננת הלבנה 75 מ""ל",ג'י.אס.קיי קונסיומר,,מש.שיניים פרמיום הגנ,מיליליטרים,75.00,"100 מ""ל",false,,36.90,49.2000,true,1,4059
7290112192875,false,"סנסודיין - משחת שיניים רגישות וחניכיים 75 מ""ל",סנסודיין Sensodyne,,משחת שיניים סנסודיין,מיליליטרים,75.00,"100 מ""ל",false,,37.90,50.5333,true,1,4065
7290112192905,false,מברשת לשיניים רגישות ובעיות חניכיים סנסודיין,סנסודיין Sensodyne,,מברשת שיניים סנסודיי,יחידה,0.00,יחידה,false,,36.90,0.0000,true,1,4067
7290112195227,false,איטריות ביצים ד`ע`ות 500 גר`,גורי מוצרי צריכה 1991 בעמ,,אטריות ביצים דקיקות,גרמים,500.00,100 גרם,false,,14.90,2.9800,true,1,189017
7290112330352,false,"יוגורט PRO בטעם וניל 0% , 20 גרם חלבון בגביע",שטראוס גרופ בעמ/מצונן,,דנונה פרו 20 גר וניל,גרמים,200.00,100 גרם,false,,6.20,3.1000,true,1,23991
7290112330390,false,דנונה פרו פירות יער 20 גרם חלבון 0% שומן 200 גרם,שטראוס גרופ בעמ/מצונן,,דנונה פרו 20 גר פירו,גרמים,200.00,100 גרם,false,,6.20,3.1000,true,1,23993
7290112332691,false,פינוקיות עוגיות קרם פסק זמן אגוזים 200 גרם,"הגביע מוצרי וופלים בע""\מ",,פינוקיות עוגיית קרם,גרמים,200.00,100 גרם,false,,12.90,6.4500,true,1,23084
7290112334596,false,שוקולית אבקת שוקו עלית,שטראוס קפה בי.וי.,,אבקה להכנת שוקו 850,גרמים,935.00,100 גרם,false,,18.90,2.0214,true,1,374591
7290112334749,false,קפה טורקי בצלופן עלית 200 גרם+ 10% תוספת,שטראוס קפה בי.וי,,עלית טורקי שקית 200,גרמים,220.00,100 גרם,false,,15.90,7.2273,true,1,23090
7290112336613,false,עד חצות עוגיות סנדוויץ במילוי שוקולד חלב,שטראוס גרופ בע`מ,,עד חצות סנדוויץ' 135,גרמים,135.00,100 גרם,false,,10.90,8.0741,true,1,23109
7290112336644,false,סוכריות מאסט ללא סוכר לימון 80 ג' עלית,שטראוס גרופ בע`מ,,"סוכריות מאסט לל""ס לי",גרמים,80.00,100 גרם,false,,8.90,11.1250,true,1,23112
7290112336712,false,יוגורט PRO לבן 0% 21 גרם חלבון בגביע,שטראוס גרופ בעמ/מצונן,,דנונה פרו 21 0% שומן,גרמים,200.00,100 גרם,false,,6.20,3.1000,true,1,24023
7290112337474,false,סוכריות מאסט ללא סוכר פטל לימון 80 ג' עלית,שטראוס גרופ בע`מ,,"סוכריות מאסט לל""ס פט",גרמים,80.00,100 גרם,false,,8.90,11.1250,true,1,23116
7290112337481,false,סוכריות מאסט ללא סוכר קפצ''ינו 80 ג' עלית,שטראוס גרופ בע`מ,,"סוכריות מאסט לל""ס קפ",גרמים,80.00,100 גרם,false,,8.90,11.1250,true,1,23117
7290112339867,false,גמדים לדרך גבינה לבנה עם מחית תות,שטראוס גרופ בעמ/מצונן,,גמדים סקוויז בודד תו,גרמים,100.00,100 גרם,false,,6.50,6.5000,true,1,24052
7290112339874,false,גמדים לדרך גבינה לבנה עם מחיות תות ובננה,שטראוס גרופ בעמ/מצונן,,גמדים סקוויז בודד תו,גרמים,100.00,100 גרם,false,,6.50,6.5000,true,1,24053
7290112340122,false,הפריכיות הטעימות 3 דגנים אנרג'י 135 גרם,"פרח תעשיות מזון בע""\מ",,פריכיות הטעימות 3 דג,גרמים,135.00,100 גרם,false,,13.90,10.2963,true,1,23126
<<<<<<< HEAD
7290112340276,false,פינוקיות עוגיות קרם קפה 200 גרם,"הגביע מוצרי וופלים בע""\מ",,פינוקיות עוגיית קרם,גרמים,200.00,100 גרם,false,,12.90,6.4500,true,1,23130
7290112341679,false,דנונה אקטיביה 3% שומן 200 גרם,מיוצר עי קונדיטוריית,,דנונה אקטיביה 3% 200,גרמים,200.00,100 גרם,false,,4.50,2.2500,true,1,24066
7290112341686,false,שמינייה יוגורט לבן אקטיביה 3% דנונה 150 גרם.,מיוצר עי קונדיטוריית,,אקטיביה מארז 3% 8*15,קילוגרמים,1.20,"ק""ג",false,,21.90,18.2500,true,1,24067
7290112342102,false,סימפוניה גבינה במרקם שמנת בצל מקורמל 5%,"שטראוס בריאות בע""\מ",,סימפוניה 5% בצל מקור,גרמים,200.00,100 גרם,false,,12.50,6.2500,true,1,24075
7290112343260,false,"יטבתה רוטב שמנת קלאסי 9% שומן 260 מ""ל",שטראוס גרופ,,יטבתה רוטב שמנת קלאס,גרמים,260.00,100 גרם,false,,11.50,4.4231,true,1,24082
=======
7290112340276,false,פינוקיות עוגיית קרם קפה נמס 200 גרם,"הגביע מוצרי וופלים בע""\מ",,פינוקיות עוגיית קרם,גרמים,200.00,100 גרם,false,,12.90,6.4500,true,1,23130
7290112341679,false,אקטיביה יוגורט 3% דנונה (200 גרם),שטראוס גרופ בעמ/מצונן,,דנונה אקטיביה 3% 200,גרמים,200.00,100 גרם,false,,4.50,2.2500,true,1,24066
7290112341686,false,שמינייה יוגורט לבן אקטיביה 3% דנונה 150 גרם.,שטראוס גרופ בעמ/מצונן,,אקטיביה מארז 3% 8*15,קילוגרמים,1.20,"ק""ג",false,,21.90,18.2500,true,1,24067
7290112342102,false,סימפוניה גבינה במרקם שמנת בצל מקורמל 5%,שטראוס גרופ בעמ/מצונן,,סימפוניה 5% בצל מקור,גרמים,200.00,100 גרם,false,,12.50,6.2500,true,1,24075
7290112343260,false,"יטבתה רוטב שמנת קלאסי 9% שומן 260 מ""ל",שטראוס גרופ בעמ/מצונן,,יטבתה רוטב שמנת קלאס,גרמים,260.00,100 גרם,false,,11.50,4.4231,true,1,24082
>>>>>>> d048ac2f4f281c9d788043ab4e81b61b0dbe3743
7290112343499,false,חטיף צ'יטוס פאפס אפוי בטעם גבינה,"שטראוס פריטו ליי בע""\מ )",,ציטוס Puffs בטעם גבי,גרמים,55.00,100 גרם,false,,3.50,6.3636,true,1,204888
7290112344755,false,מילקי עם 26% פחות סוכר 135 גר}שטראוס{,שטראוס גרופ בעמ/מצונן,,מילקי עם 26% פחות סו,מיליליטרים,135.00,"100 מ""ל",false,,2.90,2.1481,true,1,111465
7290112344786,false,קפה פלטינום קלאסיק עלית 200 גרם,הנסיך- מפעל לייצור ט,,פלטינום קלאסיק עלית,גרמים,200.00,100 גרם,false,,30.90,15.4500,true,1,23159
7290112346537,false,עוגיות פינוקיות בטעם טורטית 200 ג' עלית,"הגביע מוצרי ופלים בע""\מ",,פינוקיות עוגיות בטעם,גרמים,200.00,100 גרם,false,,12.90,6.4500,true,1,23171
7290112348142,false,שעועית לבנה 380 גר' בקופסה טעם הטבע,שטראוס גרופ בע`מ,,שעועית לבנה טעם הטבע,גרמים,380.00,100 גרם,false,,6.90,1.8158,true,1,68704
7290112348999,false,הפריכיות הטעימות תירס דקות אנרג'י 135 גרם,שטראוס גרופ בע`מ,,פריכיות טעימות תירס,גרמים,135.00,100 גרם,false,,13.90,10.2963,true,1,117098
7290112349606,false,מעדן גבינה ויוגורט תות בננה 88 ג' דניאלה,שטראוס גרופ בעמ/מצונן,,דניאלה תות בננה 150,מיליליטרים,150.00,"100 מ""ל",false,,4.30,2.8667,true,1,241271
7290112349705,false,פומודורו רוטב עגבניות קלאסי לפסטה יד מרדכי 350 גרם,אמיליאנה קונסרב סוסייטה,,רוטב עגבניות פומודרו,גרמים,350.00,100 גרם,false,,11.90,3.4000,true,1,23178
7290112349736,false,בזיליקום רוטב עגבניות לפסטה יד מרדכי 350 גרם,אמיליאנה קונסרב סוסייטה,,רוטב עגבניות בזיליקו,גרמים,350.00,100 גרם,false,,11.90,3.4000,true,1,23179
7290112349897,false,מסטיק מאסט Must קוביות בטעם מנטה ללא סוכר,שטראוס גרופ בע`מ,,מאסט קוביות מנטה 86,גרמים,86.00,100 גרם,false,,13.90,16.1628,true,1,63539
7290112350275,false,קפסולות LUNGO למכונת נספרסו עלית 10 יחידות,שטראוס קפה בי.וי,,קפסולות LUNGO למכונו,גרמים,50.00,100 גרם,false,,18.90,37.8000,true,1,23182
7290112350312,false,קפסולות 15 קפה יותר למכונות נספרסו עלית 10יח',הנסיך- מפעל לייצור ט,,עלית קפסולות 15 למכ,גרמים,50.00,100 גרם,false,,18.90,37.8000,true,1,96960
7290112351258,false,עוגיית קקאו פינוקיות שחור לבן 200 גר,"הגביע מוצרי ופלים בע""\מ",,פינוקיות עוגיית שחור,גרמים,200.00,100 גרם,false,,12.90,6.4500,true,1,90278
7290112351463,false,שלישיית סוכריות מאסט FRESH פטל לימון 45 ג' עלית,"הליקון גידה בע""\מ",,שלישיית סוכריות FRES,גרמים,45.00,100 גרם,false,,8.90,19.7778,true,1,95896
7290112351470,false,סוכריות ללא סוכר בטעם תות רימון מאסט פרש,"הליקון גידה בע""\מ",,שלישיית סוכריות FRES,גרמים,45.00,100 גרם,false,,8.90,19.7778,true,1,95897
7290112351524,false,עלי סלנובה 200 גר' שטראוס טעם הטבע,שטראוס בריאות ירקות טריי,,עלי סלנובה טעם הטבע,גרמים,200.00,100 גרם,false,,11.90,5.9500,true,1,80517
7290112354945,false,תפוצ'יפס WAVY בטעם טבעי 50 גרם,שטראוס פריטו ליי בע”,,תפוצ'יפס wavy 50 גר,גרמים,50.00,100 גרם,false,,4.30,8.6000,true,1,373351
7290112355027,false,דנונה פרו 20 גרם חלבון בטעם קרמל מלוח 200 גרם,שטראוס גרופ בעמ/מצונן,,דנונה פרו 20 גר' בטע,גרמים,200.00,100 גרם,false,,6.20,3.1000,true,1,111494
7290112357069,false,מחית עגבניות איטלקיות בקופסה 500 גר' טעם הטבע,שטראוס גרופ בע`מ,,מחית עגבניות איטלקיו,גרמים,500.00,100 גרם,false,,7.50,1.5000,true,1,68706
7290112357106,false,שעועית אדומה 380 גר' בקופסה טעם הטבע,שטראוס גרופ בע`מ,,שעועית אדומה טעם הטב,גרמים,380.00,100 גרם,false,,6.90,1.8158,true,1,68707
7290112357175,false,קפסולות BOOST למכונת נספרסו עלית 10 יחידות,שטראוס קפה בי.וי,,קפסולות BOOST למכונו,גרמים,50.00,100 גרם,false,,18.90,37.8000,true,1,23183
7290112358004,false,פסק זמן חטיף קראנץ עלית( 32 גר`),שולן צ'\יקולטה גידה סאן.,,פסק זמן קראנץ' 32 גר,גרמים,32.00,100 גרם,false,,5.30,16.5625,true,1,128507
7290112358431,false,עד חצות דאבל ביסקוויט עם שוקולד חלב -8 אריזות אישיות,ביסקוויטס טור ד'\אלבון,,דאבל ביסקוויט עם שוק,גרמים,200.00,100 גרם,false,,14.90,7.4500,true,1,143975
7290112490209,false,נמס בכוס מרק עגבניות עם קרוטונים רכיבים טבעיים,יוניליוור ישראל שיווק בע`מ,,נמס בכוס מרק עגבניות,גרמים,56.00,100 גרם,false,,7.90,14.1071,true,1,10743
7290112490216,false,מרק נמס בכוס בטעם עוף קנור 100% רכיבים טבעיים,יוניליוור ישראל שיווק בע`מ,,נמס בכוס בטעם עוף קר,יחידה,48.00,יחידה,false,,7.90,0.1646,true,1,10744
7290112490230,false,מרק נמס בכוס אפונה קנור 100% רכיבים טבעיים,יוניליוור ישראל שיווק בע`מ,,נמס בכוס אפונה רכיבי,גרמים,50.00,100 גרם,false,,7.90,15.8000,true,1,10745
7290112491497,false,"מרק פטריות פרווה 400גרם כשל""פ",יוניליוור ישראל שיווק בעמ,,מרק פטריות קנור 400,גרמים,400.00,100 גרם,false,,15.90,3.9750,true,1,53667
7290112491701,false,ברנפלקס בטעם וניל מעודן 20% חלבון Extra Protein,יוניליוור ישראל שיווק בע`מ,,ברנפלקס אקסטרה פרוטא,גרמים,400.00,100 גרם,false,,24.90,6.2250,true,1,10797
7290112491770,false,בייגלה דקים דקים מלח ים בייגל בייגל 300 גרם.,יוניליוור ישראל שיווק בע`מ,,בייגלה דקים דקים עם,גרמים,300.00,100 גרם,false,,11.90,3.9667,true,1,10798
7290112491787,false,בייגלה דקים דקים עם שומשום בייגל בייגל 300 גרם,יוניליוור ישראל שיווק בע`מ,,בייגלה דקים דקים עם,גרמים,300.00,100 גרם,false,,11.90,3.9667,true,1,10799
7290112492449,false,פינוק שמפו שיער רגיל 700 מל-חדש,"יוניליוור ישראל שיווק בע""מ",,פינוק שמפו לשיער רגי,מיליליטרים,700.00,"100 מ""ל",false,,11.90,1.7000,true,1,59478
7290112492456,false,"שמפו פינוק לשיער יבש/פגום 700 מ""ל",יוניליוור ישראל שיווק בע`מ,,פינוק שמפו שיער יבש,מיליליטרים,700.00,"100 מ""ל",false,,11.90,1.7000,true,1,59479
7290112492463,false,"שמפו ומרכך 2 ב-1 לשיער רגיל פינוק 700 מ""ל.",יוניליוור ישראל שיווק בע`מ,,פינוק 2ב1 לשיער רגיל,מיליליטרים,700.00,"100 מ""ל",false,,11.90,1.7000,true,1,59480
7290112492500,false,פינוק שמפו לשיער עם שמן קוקוס 700 מל,יוניליוור ישראל שיווק בע`מ,,פינוק שמפו שמן קוקוס,מיליליטרים,700.00,"100 מ""ל",false,,11.90,1.7000,true,1,59482
7290112492548,false,"מרכך פינוק עם שמן חוחובה 700 מ""ל",יוניליוור ישראל שיווק בע`מ,,פינוק מרכך לשיער יבש,מיליליטרים,700.00,"100 מ""ל",false,,11.90,1.7000,true,1,59484
7290112492593,false,תחליב רחצה פינוק בניחוח פינוק קלאסי 700,יוניליוור ישראל שיווק בע`מ,,פינוק תחליב רחצה קלא,מיליליטרים,700.00,"100 מ""ל",false,,10.90,1.5571,true,1,59499
7290112492609,false,"תחליב רחצה פינוק 700 מ""ל לבנדר ווניל",יוניליוור ישראל שיווק בע`מ,,פינוק תחליב רחצה לבנ,מיליליטרים,700.00,"100 מ""ל",false,,10.90,1.5571,true,1,59500
7290112492630,false,"שמפו ג'ל רחצה וסבון פנים 3 ב-1 לגבר פינוק 700 מ""ל",יוניליוור ישראל שיווק בע`מ,,פינוק לגבר 3 ב-1 700,מיליליטרים,700.00,"100 מ""ל",false,,11.90,1.7000,true,1,59502
7290112492746,false,"פינוק מרכך ללא דמעות לסירוק קל לילדים 700 מ""ל",יוניליוור ישראל שיווק בע`מ,,פינוק מרכך ילדים 700,מיליליטרים,700.00,"100 מ""ל",false,,12.90,1.8429,true,1,78895
7290112492784,false,פינוק גבר נגד קשקשים 700 מל 19,,,פינוק שמפו לגבר נגד,מיליליטרים,700.00,"100 מ""ל",false,,13.90,1.9857,true,1,71299
7290112494238,false,חטיף כדורים שוקולד חלב קליק (65 גרם),יוניליוור ישראל שיווק בע`מ,,קליק כדורים חלב 65 ג,גרמים,65.00,100 גרם,false,,6.90,10.6154,true,1,10842
7290112494658,false,פינוק שמפו למניעת קשקשים עם שמן קוקוס700,יוניליוור,,פינוק שמפו נגד קשקשי,מיליליטרים,700.00,"100 מ""ל",false,,13.90,1.9857,true,1,71300
<<<<<<< HEAD
7290112494993,false,דגני בוקר וניל 686ג' כריות,"יוניליוור שפע ישראל בע""\",,"כריות וניל תלמה בד""ץ",גרמים,686.00,100 גרם,false,,30.90,4.5044,true,1,10861
7290112495037,false,דגני בוקר בטעם שוקולד כדורים 375 ג' קוקומן,יוניליוור שפע ישראל בעמ,,קוקומן כדורים תלמה ב,גרמים,375.00,100 גרם,false,,22.90,6.1067,true,1,10865
7290112495112,false,נשנושים טעם זעתר בייגל בייגל 260 גרם,בייגל את בייגל מזון 198),,נשנושים זעתר 260 גרם,גרמים,260.00,100 גרם,false,,11.90,4.5769,true,1,10868
7290112495150,false,נשנושי קרקר עיגולים מלח בייגל בייגל 300 גרם,בייגל את בייגל מזון 198),,נשנושים עגול מלוח 30,גרמים,300.00,100 גרם,false,,13.90,4.6333,true,1,10871
7290112495433,false,דגני דליפקאן תוספת אגוזי פקאן ושקדים 400 גר,"יוניליור שפע ישראל בע""\מ",,"דליפקאן תלמה בד""ץ 40",גרמים,400.00,100 גרם,false,,24.90,6.2250,true,1,10878
7290112496430,false,קנור נמס בכוס אקסטרה עגבניות+איטריות 37 גרם - רבנות,יוניליוור ישראל מזון בע\,,נמס בכוס אקסטרה מרק,גרמים,37.00,100 גרם,false,,4.50,12.1622,true,1,202738
7290112497994,false,"גרנולה תלמה פרוטאין בתוספת חלבון ואגוזים, 300 גרם","רפאלס בריא וטעים בע""\מ,",,גרנולה PROTEIN בתוספ,גרמים,300.00,100 גרם,false,,16.90,5.6333,true,1,182857
7290112498007,false,גרנולה פרוטאין בתוספת חלבון שקדים וחמוציות תלמה 300 ג',"רפאלס בריא וטעים בע""\מ,",,גרנולה PROTEIN בתוספ,גרמים,300.00,100 גרם,false,,16.90,5.6333,true,1,213614
7290112498274,false,פינוק אלסבון לידיים לבנדר וניל 1ליטר+משא,יוניליוור ישראל טיפוח אי,,אל סבון לידיים בניחו,מיליליטרים,950.00,"100 מ""ל",false,,12.90,1.3579,true,1,168672
7290112499462,false,פינוק תחליב רחצה 700 בתוספת שמן קוקוס,יוניליוור ישראל טיפוח אי,,תחליב רחצה בתוספת שמ,מיליליטרים,700.00,"100 מ""ל",false,,10.90,1.5571,true,1,157637
7290112961372,false,פיטנס חטיפי פריכיות דקות קינמון 60 גרם,"פרח תעשיות מזון בע""\מ",,חטיפי פריכיות דקות ק,גרמים,60.00,100 גרם,false,,8.90,14.8333,true,1,19300
7290112961464,false,פיטנס חטיפי פריכיות דגנים וחומוס מתובלות,"פרח תעשיות מזון בע""\מ",,חטיפי פריכיות דקות מ,גרמים,60.00,100 גרם,false,,8.90,14.8333,true,1,19303
7290112962652,false,"אסם אבקת מרק טעם עוף כשל""פ 800 גרם","אסם השקעות בע""\מ",,מרק בטעם עוף אסם 800,גרמים,800.00,100 גרם,false,,12.90,1.6125,true,1,19319
7290112963918,false,פיטנס חטיפי קרקר דק רוזמרין 140 גרם,נסטלה Nestle,,פיטנס חטיפי קרקר דק,גרמים,140.00,100 גרם,false,,12.90,9.2143,true,1,19329
7290112964410,false,אסם רוטב אלף האיים חדש לסלט 290 גרם,"אסם תעשיות בע""מ",,אסם רוטב אלף האיים ל,מיליליטרים,290.00,"100 מ""ל",false,,12.90,4.4483,true,1,19342
7290112964472,false,אסם רוטב שום חדש לסלט 290 גרם,"אסם תעשיות בע""מ",,אסם רוטב שום לסלט 29,מיליליטרים,295.00,"100 מ""ל",false,,12.90,4.3729,true,1,19345
7290112964564,false,"רוטב אלף האיים לייט לסלט אסם 295 מ""ל","אסם תעשיות בע""מ",,אסם רוטב אלף האיים ל,מיליליטרים,295.00,"100 מ""ל",false,,12.90,4.3729,true,1,19348
7290112964724,false,המבורגר צמחוני עם המון חלבון 580 גר,מיוצר עי קונדיטוריית,,טבעול המבורגר טבעוני,גרמים,580.00,100 גרם,false,,35.90,6.1897,true,1,20053
7290112965141,false,תבשיל פתיתים אפויים עם ירקות 130 גרם,"אסם תעשיות בע""מ",,פתיתים אפויים עם ירק,גרמים,130.00,100 גרם,false,,12.90,9.9231,true,1,19357
7290112965165,false,מרק נמס פטריות אסם בדצ 48 גרם מארז זוגי,"אסם תעשיות בע""מ",,זוג מרק נמס פטריות ב,גרמים,48.00,100 גרם,false,,6.90,14.3750,true,1,19358
7290112965264,false,אבקת מרק נמס אפונה אסם בדצ 52 גרם מארז זוגי,"אסם תעשיות בע""מ",,זוג מרק נמס אפונה בד,גרמים,30.00,100 גרם,false,,6.90,23.0000,true,1,19363
7290112965585,false,פרפקטו פסטה קסרצה אסם 500 גרם,אסם פרפקטו Perfecto,,פסטה קסרצה פרפקטו 50,גרמים,500.00,100 גרם,false,,7.90,1.5800,true,1,19371
7290112965660,false,פיטנס - חטיף מולטיגריין מלח פלפל 25 גרם,מיוצר עי קונדיטוריית,,פיטנס חטיף מולטיגריי,גרמים,25.00,100 גרם,false,,5.80,23.2000,true,1,111325
7290112965707,false,פיטנס - חטיף מולטיגריין צילי מעודן 25 גרם,"אסם השקעות בע""\מ",,פיטנס חטיף מולטיגריי,גרמים,25.00,100 גרם,false,,5.80,23.2000,true,1,111327
7290112965868,false,קרם קרקר במתיקות מעודנת אסם 250 גרם,"אסם תעשיות בע""מ",,אסם קרם קרקר במליחות,גרמים,250.00,100 גרם,false,,10.90,4.3600,true,1,19376
7290112965905,false,בייגלה שמיניות במליחות מעודנת אסם 400 גרם,מיוצר עי קונדיטוריית,,אסם בייגלה שמיניות ב,גרמים,400.00,100 גרם,false,,11.90,2.9750,true,1,19377
7290112966001,false,"טבעול גורמה ארוחת ירוקים, 450 גרם",טבעול (מקבוצת אסם הש,,טבעול גורמה ארוחת יר,גרמים,450.00,100 גרם,false,,34.90,7.7556,true,1,320718
7290112966094,false,עוגת הבית תפוז מופחת סוכר אסם 400 גרם,מיוצר עי קונדיטוריית,,עוגת הבית תפוז מופחת,גרמים,400.00,100 גרם,false,,14.90,3.7250,true,1,19381
7290112966803,false,אסם פודינג אינסטנט שוקולד 95 גרם,"אסם השקעות בע""\מ",,אסם פודינג אינסטנט ש,גרמים,88.00,100 גרם,false,,6.50,7.3864,true,1,19393
=======
7290112494993,false,כריות דגנים במילוי וניל בדצ 686 גרם,יוניליוור ישראל שיווק בע`מ,,"כריות וניל תלמה בד""ץ",גרמים,686.00,100 גרם,false,,30.90,4.5044,true,1,10861
7290112495037,false,דגני בוקר בטעם שוקולד כדורים 375 ג' קוקומן,יוניליוור ישראל שיווק בע`מ,,קוקומן כדורים תלמה ב,גרמים,375.00,100 גרם,false,,22.90,6.1067,true,1,10865
7290112495112,false,נשנושים טעם זעתר בייגל בייגל 260 גרם,יוניליוור ישראל שיווק בע`מ,,נשנושים זעתר 260 גרם,גרמים,260.00,100 גרם,false,,11.90,4.5769,true,1,10868
7290112495150,false,נשנושי קרקר עיגולים מלח בייגל בייגל 300 גרם,יוניליוור ישראל שיווק בע`מ,,נשנושים עגול מלוח 30,גרמים,300.00,100 גרם,false,,13.90,4.6333,true,1,10871
7290112495433,false,דגני דליפקאן תוספת אגוזי פקאן ושקדים 400 גר,יוניליוור ישראל שיווק בע`מ,,"דליפקאן תלמה בד""ץ 40",גרמים,400.00,100 גרם,false,,24.90,6.2250,true,1,10878
7290112496430,false,קנור נמס בכוס אקסטרה עגבניות+איטריות 37 גרם - רבנות,יוניליוור ישראל שיווק בע`מ,,נמס בכוס אקסטרה מרק,גרמים,37.00,100 גרם,false,,4.50,12.1622,true,1,202738
7290112497994,false,"גרנולה תלמה פרוטאין בתוספת חלבון ואגוזים, 300 גרם",יוניליוור ישראל שיווק בע`מ,,גרנולה PROTEIN בתוספ,גרמים,300.00,100 גרם,false,,16.90,5.6333,true,1,182857
7290112498007,false,גרנולה פרוטאין בתוספת חלבון שקדים וחמוציות תלמה 300 ג',יוניליוור ישראל שיווק בע`מ,,גרנולה PROTEIN בתוספ,גרמים,300.00,100 גרם,false,,16.90,5.6333,true,1,213614
7290112498274,false,פינוק אלסבון לידיים לבנדר וניל 1ליטר+משא,יוניליוור ישראל שיווק בע`מ,,אל סבון לידיים בניחו,מיליליטרים,950.00,"100 מ""ל",false,,12.90,1.3579,true,1,168672
7290112499462,false,פינוק תחליב רחצה 700 בתוספת שמן קוקוס,יוניליוור ישראל שיווק בע`מ,,תחליב רחצה בתוספת שמ,מיליליטרים,700.00,"100 מ""ל",false,,10.90,1.5571,true,1,157637
7290112961372,false,פיטנס חטיפי פריכיות דקות קינמון 60 גרם,קבוצת אוסם סחר שותפות מוגבלת,,חטיפי פריכיות דקות ק,גרמים,60.00,100 גרם,false,,8.90,14.8333,true,1,19300
7290112961464,false,פיטנס חטיפי פריכיות דגנים וחומוס מתובלות,קבוצת אוסם סחר שותפות מוגבלת,,חטיפי פריכיות דקות מ,גרמים,60.00,100 גרם,false,,8.90,14.8333,true,1,19303
7290112962652,false,"אסם אבקת מרק טעם עוף כשל""פ 800 גרם",קבוצת אוסם סחר-שות.מוגבלת,,מרק בטעם עוף אסם 800,גרמים,800.00,100 גרם,false,,12.90,1.6125,true,1,19319
7290112963918,false,פיטנס חטיפי קרקר דק רוזמרין 140 גרם,קבוצת אוסם סחר שותפות מוגבלת,,פיטנס חטיפי קרקר דק,גרמים,140.00,100 גרם,false,,12.90,9.2143,true,1,19329
7290112964410,false,אסם רוטב אלף האיים חדש לסלט 290 גרם,קבוצת אוסם סחר שותפות מוגבלת,,אסם רוטב אלף האיים ל,מיליליטרים,290.00,"100 מ""ל",false,,12.90,4.4483,true,1,19342
7290112964472,false,אסם רוטב שום חדש לסלט 290 גרם,קבוצת אוסם סחר שותפות מוגבלת,,אסם רוטב שום לסלט 29,מיליליטרים,295.00,"100 מ""ל",false,,12.90,4.3729,true,1,19345
7290112964564,false,רוטב אלף האיים לייט לסלט אסם (295 מל),קבוצת אוסם סחר שותפות מוגבלת,,אסם רוטב אלף האיים ל,מיליליטרים,295.00,"100 מ""ל",false,,12.90,4.3729,true,1,19348
7290112964724,false,המבורגר צמחוני עם המון חלבון 580 גר,קבוצת אוסם סחר שותפות מוגבלת,,טבעול המבורגר טבעוני,גרמים,580.00,100 גרם,false,,35.90,6.1897,true,1,20053
7290112965141,false,תבשיל פתיתים אפויים עם ירקות 130 גרם,קבוצת אוסם סחר שותפות מוגבלת,,פתיתים אפויים עם ירק,גרמים,130.00,100 גרם,false,,12.90,9.9231,true,1,19357
7290112965165,false,מרק נמס פטריות אסם בדצ 48 גרם מארז זוגי,קבוצת אוסם סחר שותפות מוגבלת,,זוג מרק נמס פטריות ב,גרמים,48.00,100 גרם,false,,6.90,14.3750,true,1,19358
7290112965264,false,אבקת מרק נמס אפונה אסם בדצ 52 גרם מארז זוגי,קבוצת אוסם סחר שותפות מוגבלת,,זוג מרק נמס אפונה בד,גרמים,30.00,100 גרם,false,,6.90,23.0000,true,1,19363
7290112965585,false,פרפקטו פסטה קסרצה אסם 500 גרם,קבוצת אוסם סחר שותפות מוגבלת,,פסטה קסרצה פרפקטו 50,גרמים,500.00,100 גרם,false,,7.90,1.5800,true,1,19371
7290112965660,false,פיטנס - חטיף מולטיגריין מלח פלפל 25 גרם,קבוצת אוסם סחר שותפות מוגבלת,,פיטנס חטיף מולטיגריי,גרמים,25.00,100 גרם,false,,5.80,23.2000,true,1,111325
7290112965707,false,פיטנס - חטיף מולטיגריין צילי מעודן 25 גרם,קבוצת אוסם סחר שותפות מוגבלת,,פיטנס חטיף מולטיגריי,גרמים,25.00,100 גרם,false,,5.80,23.2000,true,1,111327
7290112965868,false,קרם קרקר במתיקות מעודנת אסם 250 גרם,קבוצת אוסם סחר שותפות מוגבלת,,אסם קרם קרקר במליחות,גרמים,250.00,100 גרם,false,,10.90,4.3600,true,1,19376
7290112965905,false,בייגלה שמיניות במליחות מעודנת אסם 400 גרם,קבוצת אוסם סחר שותפות מוגבלת,,אסם בייגלה שמיניות ב,גרמים,400.00,100 גרם,false,,11.90,2.9750,true,1,19377
7290112966001,false,"טבעול גורמה ארוחת ירוקים, 450 גרם",קבוצת אוסם סחר שותפות מוגבלת,,טבעול גורמה ארוחת יר,גרמים,450.00,100 גרם,false,,34.90,7.7556,true,1,320718
7290112966094,false,עוגת הבית בטעם תפוז מופחת סוכראסם (400 ג,קבוצת אוסם סחר שותפות מוגבלת,,עוגת הבית תפוז מופחת,גרמים,400.00,100 גרם,false,,14.90,3.7250,true,1,19381
7290112966803,false,אינסטנט פודינג בטעם שוקולד אסם (88 גרם),קבוצת אוסם סחר שותפות מוגבלת,,אסם פודינג אינסטנט ש,גרמים,88.00,100 גרם,false,,6.50,7.3864,true,1,19393
>>>>>>> d048ac2f4f281c9d788043ab4e81b61b0dbe3743
7290112967220,false,ביסלי מארז ברביקיו 20 גר'*10 יח' אסם,"אסם השקעות בע""\מ",,ביסלי ברביקיו מארז 1,גרמים,200.00,100 גרם,false,,12.50,6.2500,true,1,73273
7290112967244,false,ביסלי גריל מארז 20 גר'*10 יח' אסם,,,ביסלי גריל מארז 10*,גרמים,200.00,100 גרם,false,,12.50,6.2500,true,1,19397
7290112968807,false,80018416694פיטנס חטיפי קרקר דק סלק 150גר,קבוצת אוסם סחר שותפות מוגבלת,,פיטנס קרקר דק סלק 14,גרמים,140.00,100 גרם,false,,12.90,9.2143,true,1,119204
7290112968821,false,חטיפי קרקר דק בטטה 140 גר` פיטנס,קבוצת אוסם סחר שותפות מוגבלת,,פיטנס קרקר דק בטטה 1,גרמים,140.00,100 גרם,false,,12.90,9.2143,true,1,119205
7290113102422,false,מארז סכינים צבעוני 6,,,מארז סכינים צבעוני 6,יחידה,0.00,יחידה,false,,229.90,0.0000,true,1,50176
<<<<<<< HEAD
7290113192218,false,תערובת להכנת מלבי 500 גרם ששון הקולה,"שקדיה גבע תעשיות בע""",,תערובת להכנת מלבי 50,גרמים,500.00,100 גרם,false,,13.90,2.7800,true,1,258592
7290113192317,false,טבעות זיתים מושחרים 280 גרם בית השיטה,בית השיטה,,טבעות זיתים מושחרים,גרמים,280.00,100 גרם,false,,12.90,4.6071,true,1,19421
7290113192324,false,זיתים ירוקים שלמים בינוניים בית השיטה,בית-השיטה עסיס תעשיות מז,,זית ירוק בית השיטה 3,גרמים,340.00,100 גרם,false,,10.90,3.2059,true,1,19422
7290113192331,false,זיתים ירוקים מנזנילו 340 גר' בית השיטה,בית-השיטה עסיס תעשיות מז,,זיתים ירוק גדול בית,גרמים,340.00,100 גרם,false,,11.50,3.3824,true,1,19423
7290113192348,false,בית השיטה זיתים ירוקים גדול מאודבטעם שום,בית-השיטה עסיס תעשיות מז,,זית ירוק שום 17-19בי,גרמים,560.00,100 גרם,false,,11.90,2.1250,true,1,19424
7290113192355,false,חרוזית זיתים ירוקים ללא גלעין 275 ג' בית השיטה,בית-השיטה עסיס תעשיות מז,,זיתים חרוזית ירוק בי,גרמים,275.00,100 גרם,false,,10.90,3.9636,true,1,19425
7290113192362,false,זיתים ירוקים טבעות A2 בית השיטה 280 גרם,בית-השיטה עסיס תעשיות מז,,טבעות זיתים ירוקים ב,גרמים,280.00,100 גרם,false,,11.90,4.2500,true,1,19426
7290113192379,false,בית השיטה זיתים ירוקים מבוקעים א2 340גר',"בית-השיטה תעשיות בע""\מ",,זיתים ירוקים מבוקעים,גרמים,340.00,100 גרם,false,,11.90,3.5000,true,1,19427
7290113192386,false,בית השיטה זיתים ירוקים סורי מבוקע 340גרם,בית השיטה,,זית סורי מבוקע בית ה,גרמים,340.00,100 גרם,false,,12.90,3.7941,true,1,19428
7290113192393,false,בית השיטה קוקטייל זיתים א2 336 גרם,בית-השיטה עסיס תעשיות מז,,קוקטייל זיתים בית הש,גרמים,336.00,100 גרם,false,,12.90,3.8393,true,1,19429
7290113192478,false,בית השיטה מלפפונים במלח בינוני 10-12 320 גרם,בית-השיטה עסיס תעשיות מז,,מלפפון במלח 10-12 בי,גרמים,320.00,100 גרם,false,,8.90,2.7813,true,1,19437
7290113192492,false,בית השיטה מלפפונים בחומץ קטנים 1317 290 גרם,בית-השיטה עסיס תעשיות מז,,מלפפון בחומץ 13-17 ב,גרמים,290.00,100 גרם,false,,11.90,4.1034,true,1,19439
7290113192508,false,בית השיטה מלפפונים במלח קטן 1317 320 גרם,בית-השיטה עסיס תעשיות מז,,מלפפון במלח 13-17 בי,גרמים,320.00,100 גרם,false,,11.90,3.7188,true,1,19440
7290113192515,false,בית השיטה מלפפונים במלח קטן מאוד 1825 320 גרם,בית-השיטה עסיס תעשיות מז,,מלפפון במלח 18-25 בי,גרמים,320.00,100 גרם,false,,13.90,4.3438,true,1,19441
7290113192522,false,בית השיטה מלפפונים בחומץ קטן מאוד 1825 290 גרם,בית-השיטה עסיס תעשיות מז,,מלפפון בחומץ 18-25 ב,גרמים,290.00,100 גרם,false,,13.90,4.7931,true,1,19442
7290113192539,false,בית השיטה מלפפונים במלח גדול 79 320 גרם,בית-השיטה עסיס תעשיות מז,,מלפפון במלח 7-9 בית,גרמים,560.00,100 גרם,false,,7.90,1.4107,true,1,19443
7290113192546,false,"מלפפונים בחומץ רכיבים טבעיים 7-9 ""בית השיטה""",בית-השיטה עסיס תעשיות מז,,מלפפון בחומץ 7-9 בית,גרמים,560.00,100 גרם,false,,7.90,1.4107,true,1,19444
7290113192553,false,מלפפונים במלח 13-17 פיקנטי בית השיטה 320 גרם,בית-השיטה עסיס תעשיות מז,,מלפפון במלח בלדי 13-,גרמים,320.00,100 גרם,false,,12.90,4.0313,true,1,19445
7290113192560,false,בית השיטה פלפל שיפקה חריף כבוש 230 גרם,בית-השיטה עסיס תעשיות מז,,פלפל שיפקה בית השיטה,גרמים,230.00,100 גרם,false,,8.90,3.8696,true,1,19446
7290113192997,false,בית השיטה זית מרוקאי 340 גרם*,"בית השיטה תעשיות בע""\מ",,זית מרוקאי בית השיטה,גרמים,340.00,100 גרם,false,,15.90,4.6765,true,1,104531
7290113193000,false,בית השיטה פלפל שיפקונית 230 גרם*,"בית השיטה תעשיות בע""\מ",,פלפל שיפקונית בית הש,גרמים,230.00,100 גרם,false,,12.90,5.6087,true,1,104544
7290113193017,false,בית השיטה חרוזית קוקטייל זיתים 275 גרם,"בית השיטה תעשיות בע""\מ",,בית השיטה קוקטייל זי,גרמים,275.00,100 גרם,false,,15.90,5.7818,true,1,104516
7290113193321,false,"שמן זית כתית מעולה בית השיטה 750 מ""ל",אצטס אבסה אס. איי. יו.,,שמן זית כתית מעולה ב,מיליליטרים,750.00,"100 מ""ל",false,,30.90,4.1200,true,1,214290
7290113193406,false,"קוקטייל טבעות זיתים - זיתים ירוקים, שחורים מרינד","בית השיטה תעשיות בע""\מ",,טבעות קוקטיל זיתים ב,גרמים,560.00,100 גרם,false,,10.70,1.9107,true,1,104518
7290113195042,false,מלפפון במלח כבישה ביתית בית השיטה 750 גרם,שוורצקוף& הנקל דיסלד,,מלפפון מלח כבישה בית,גרמים,750.00,100 גרם,false,,27.90,3.7200,true,1,166656
7290113195271,false,ממרח פלפלים פיקנטיים 360 גרם,דין שיווק,,ממרח פלפלים פיקנטיים,גרמים,360.00,100 גרם,false,,11.90,3.3056,true,1,192754
7290113196414,false,"אורז בסמטי 1 ק""ג - שקדיה כחול מטאלי",דאבה סינג שאם סינג,,אורז בסמטי שקדיה 1 ק,קילוגרמים,1.00,"ק""ג",false,,10.50,10.5000,true,1,192032
7290113196940,false,חטיפי תירס [טורטיה]בטעם טבעי 300 גרם,אלקטי קוראבייכיסיגידה טו,,חטיפי תירס טורטיה בט,גרמים,300.00,100 גרם,false,,14.90,4.9667,true,1,309001
7290113197169,false,חמאת בוטנים טבעית 510 גר,סופר נוטרי פודס,,חמאת בוטנים טבעית שק,גרמים,510.00,100 גרם,false,,15.90,3.1176,true,1,346191
7290113197176,false,חמאת בוטנים עם שבבים 510 גר,סופר נוטרי פודס,,חמאת בוטנים טבעית עם,גרמים,510.00,100 גרם,false,,15.90,3.1176,true,1,346192
7290113198562,false,סוכריות גומי בטעם תות שדה 200 ג' שקדיה,טופגאם תעשיות ממתקים,,סוכריות גומי בטעמי ת,גרמים,200.00,100 גרם,false,,10.90,5.4500,true,1,265846
7290113198593,false,סוכריות גומי מסוכרות בטעם בננה 200 ג' שקדיה,טופגאם תעשיות ממתקים,,סוכריות גומי מסוכר ב,גרמים,200.00,100 גרם,false,,10.90,5.4500,true,1,265849
7290113199859,false,מגש אירוח סוכריות גומי 350 ג' שקדיה,טופגאם תעשיות ממתקים,,מגש אירוח סוכריות גו,גרמים,350.00,100 גרם,false,,16.90,4.8286,true,1,265896
=======
7290113192218,false,תערובת להכנת מלבי 500 גרם ששון הקולה,דין שיווק וקליה 2021 בעמ,,תערובת להכנת מלבי 50,גרמים,500.00,100 גרם,false,,13.90,2.7800,true,1,258592
7290113192317,false,זיתים מושחרים טבעות בית השיטה (280 גרם),קבוצת אוסם סחר שותפות מוגבלת,,טבעות זיתים מושחרים,גרמים,280.00,100 גרם,false,,12.90,4.6071,true,1,19421
7290113192324,false,זיתים ירוקים שלמים בינוניים בית השיטה,קבוצת אוסם סחר-שות.מוגבלת,,זית ירוק בית השיטה 3,גרמים,340.00,100 גרם,false,,10.90,3.2059,true,1,19422
7290113192331,false,זיתים ירוקים מנזנילו 340 גר' בית השיטה,קבוצת אוסם סחר שותפות מוגבלת,,זיתים ירוק גדול בית,גרמים,340.00,100 גרם,false,,11.50,3.3824,true,1,19423
7290113192348,false,בית השיטה זיתים ירוקים גדול מאודבטעם שום,קבוצת אוסם סחר-שות.מוגבלת,,זית ירוק שום 17-19בי,גרמים,560.00,100 גרם,false,,11.90,2.1250,true,1,19424
7290113192355,false,חרוזית זיתים ירוקים ללא גלעין 275 ג' בית השיטה,קבוצת אוסם סחר שותפות מוגבלת,,זיתים חרוזית ירוק בי,גרמים,275.00,100 גרם,false,,10.90,3.9636,true,1,19425
7290113192362,false,זיתים ירוקים טבעות A2 בית השיטה 280 גרם,קבוצת אוסם סחר שותפות מוגבלת,,טבעות זיתים ירוקים ב,גרמים,280.00,100 גרם,false,,11.90,4.2500,true,1,19426
7290113192379,false,בית השיטה זיתים ירוקים מבוקעים א2 340גר',קבוצת אוסם סחר-שות.מוגבלת,,זיתים ירוקים מבוקעים,גרמים,340.00,100 גרם,false,,11.90,3.5000,true,1,19427
7290113192386,false,בית השיטה זיתים ירוקים סורי מבוקע 340גרם,קבוצת אוסם סחר שותפות מוגבלת,,זית סורי מבוקע בית ה,גרמים,340.00,100 גרם,false,,12.90,3.7941,true,1,19428
7290113192393,false,בית השיטה קוקטייל זיתים א2 336 גרם,קבוצת אוסם סחר שותפות מוגבלת,,קוקטייל זיתים בית הש,גרמים,336.00,100 גרם,false,,12.90,3.8393,true,1,19429
7290113192478,false,בית השיטה מלפפונים במלח בינוני 10-12 320 גרם,קבוצת אוסם סחר שותפות מוגבלת,,מלפפון במלח 10-12 בי,גרמים,320.00,100 גרם,false,,8.90,2.7813,true,1,19437
7290113192492,false,בית השיטה מלפפונים בחומץ קטנים 1317 290 גרם,קבוצת אוסם סחר שותפות מוגבלת,,מלפפון בחומץ 13-17 ב,גרמים,290.00,100 גרם,false,,11.90,4.1034,true,1,19439
7290113192508,false,בית השיטה מלפפונים במלח קטן 1317 320 גרם,קבוצת אוסם סחר שותפות מוגבלת,,מלפפון במלח 13-17 בי,גרמים,320.00,100 גרם,false,,11.90,3.7188,true,1,19440
7290113192515,false,בית השיטה מלפפונים במלח קטן מאוד 1825 320 גרם,קבוצת אוסם סחר שותפות מוגבלת,,מלפפון במלח 18-25 בי,גרמים,320.00,100 גרם,false,,13.90,4.3438,true,1,19441
7290113192522,false,בית השיטה מלפפונים בחומץ קטן מאוד 1825 290 גרם,קבוצת אוסם סחר שותפות מוגבלת,,מלפפון בחומץ 18-25 ב,גרמים,290.00,100 גרם,false,,13.90,4.7931,true,1,19442
7290113192539,false,בית השיטה מלפפונים במלח גדול 79 320 גרם,קבוצת אוסם סחר שותפות מוגבלת,,מלפפון במלח 7-9 בית,גרמים,560.00,100 גרם,false,,7.90,1.4107,true,1,19443
7290113192546,false,"מלפפונים בחומץ רכיבים טבעיים 7-9 ""בית השיטה""",קבוצת אוסם סחר שותפות מוגבלת,,מלפפון בחומץ 7-9 בית,גרמים,560.00,100 גרם,false,,7.90,1.4107,true,1,19444
7290113192553,false,מלפפונים במלח 13-17 פיקנטי בית השיטה 320 גרם,קבוצת אוסם סחר-שות.מוגבלת,,מלפפון במלח בלדי 13-,גרמים,320.00,100 גרם,false,,12.90,4.0313,true,1,19445
7290113192560,false,פלפל חריף כבוש שיפקה בית השיטה (430 גר`),קבוצת אוסם סחר שותפות מוגבלת,,פלפל שיפקה בית השיטה,גרמים,230.00,100 גרם,false,,8.90,3.8696,true,1,19446
7290113192997,false,בית השיטה חזית מרוקאי 340 גר`,קבוצת אוסם סחר שותפות מוגבלת,,זית מרוקאי בית השיטה,גרמים,340.00,100 גרם,false,,15.90,4.6765,true,1,104531
7290113193000,false,בית השיטה פלפל שיפקונית 230 גרם*,קבוצת אוסם סחר שותפות מוגבלת,,פלפל שיפקונית בית הש,גרמים,230.00,100 גרם,false,,12.90,5.6087,true,1,104544
7290113193017,false,בית השיטה חרוזית קוקטייל זיתים 275 גרם,קבוצת אוסם סחר שותפות מוגבלת,,בית השיטה קוקטייל זי,גרמים,275.00,100 גרם,false,,15.90,5.7818,true,1,104516
7290113193321,false,שמן זית כתית מעולה בית השיטה 750 מייל,קבוצת אוסם סחר שותפות מוגבלת,,שמן זית כתית מעולה ב,מיליליטרים,750.00,"100 מ""ל",false,,30.90,4.1200,true,1,214290
7290113193406,false,"קוקטייל טבעות זיתים - זיתים ירוקים, שחורים מרינד",קבוצת אוסם סחר שותפות מוגבלת,,טבעות קוקטיל זיתים ב,גרמים,560.00,100 גרם,false,,10.70,1.9107,true,1,104518
7290113195042,false,מלפפון במלח כבישה ביתית בית השיטה 750 גרם,קבוצת אוסם סחר שותפות מוגבלת,,מלפפון מלח כבישה בית,גרמים,750.00,100 גרם,false,,27.90,3.7200,true,1,166656
7290113195271,false,ממרח פלפלים פיקנטיים 360 גרם,דין שיווק וקליה 2021 בעמ,,ממרח פלפלים פיקנטיים,גרמים,360.00,100 גרם,false,,11.90,3.3056,true,1,192754
7290113196414,false,"אורז בסמטי 1 ק""ג - שקדיה כחול מטאלי",דין שיווק וקליה 2021 בעמ,,אורז בסמטי שקדיה 1 ק,קילוגרמים,1.00,"ק""ג",false,,10.50,10.5000,true,1,192032
7290113196940,false,חטיפי תירס(טורטיה) בטעם טבעי בתוספת מ,אלקטי קוראבייכיסיגידה טו,,חטיפי תירס טורטיה בט,גרמים,300.00,100 גרם,false,,14.90,4.9667,true,1,309001
7290113197169,false,שקדיה חמאת בוטנים עם שברי בוטנים 510 גר,דין שיווק וקליה 2021 בעמ,,חמאת בוטנים טבעית שק,גרמים,510.00,100 גרם,false,,15.90,3.1176,true,1,346191
7290113197176,false,חמאת בוטנים טבעית עם שברי בוטנים 450,דין שיווק וקליה 2021 בעמ,,חמאת בוטנים טבעית עם,גרמים,510.00,100 גרם,false,,15.90,3.1176,true,1,346192
7290113198562,false,סוכריות גומי בטעם תות שדה 200 ג' שקדיה,דין שיווק וקליה 2021 בעמ,,סוכריות גומי בטעמי ת,גרמים,200.00,100 גרם,false,,10.90,5.4500,true,1,265846
7290113198593,false,סוכריות גומי מסוכרות בטעם בננה 200 ג' שקדיה,דין שיווק וקליה 2021 בעמ,,סוכריות גומי מסוכר ב,גרמים,200.00,100 גרם,false,,10.90,5.4500,true,1,265849
7290113199859,false,מגש אירוח סוכריות גומי 350 ג' שקדיה,דין שיווק וקליה 2021 בעמ,,מגש אירוח סוכריות גו,גרמים,350.00,100 גרם,false,,16.90,4.8286,true,1,265896
>>>>>>> d048ac2f4f281c9d788043ab4e81b61b0dbe3743
7290113289055,false,צלחות קטנות אלגנט זה,,,צלחות קטנות אלגנט זה,יחידה,0.00,יחידה,false,,8.90,0.0000,true,1,199194
7290113289147,false,לפתניות אלגנט זהב 25,,,לפתניות אלגנט זהב 25,יחידה,0.00,יחידה,false,,6.90,0.0000,true,1,199255
7290113289192,false,צלחות מתכלות יהלום ק,,,צלחות מתכלות יהלום ק,יחידה,0.00,יחידה,false,,10.90,0.0000,true,1,227413
7290113289321,false,מגשי דקל מלבניים גדו,,,מגשי דקל מלבניים גדו,יחידה,0.00,יחידה,false,,12.90,0.0000,true,1,263832
7290113289338,false,צלחות דקל מרובעות ענ,,,צלחות דקל מרובעות ענ,יחידה,0.00,יחידה,false,,17.90,0.0000,true,1,263771
7290113289352,false,צלחות דקל מרובעות קט,,,צלחות דקל מרובעות קט,יחידה,0.00,יחידה,false,,12.90,0.0000,true,1,263786
7290113289505,false,WIZ! רדיד אלומניום כוכבים 41*45 מ',,,רדיד אלומיניום כוכבי,יחידה,0.00,יחידה,false,,34.90,0.0000,true,1,238892
7290113289543,false,כוסות שקופות 150 יחי,,,כוסות שקופות 150 יחי,יחידה,0.00,יחידה,false,,15.90,0.0000,true,1,263573
7290113463646,false,גבינה צהובה גאודה 28% פרוסה 400 גרם,אדום גרופ למזון שיווק והפצה בע,,פרוסות גבינה קשה מסו,גרמים,400.00,100 גרם,false,,13.60,3.4000,true,1,367389
7290113469952,false,גבינה צהובה גאודה 28% מגורדת 300 גרם,אדום גרופ למזון שיווק והפצה בע,,גבינה צהובה גאודה 28,גרמים,300.00,100 גרם,false,,15.90,5.3000,true,1,305449
7290113560109,false,פרודונטקס מ.שיניים בטעם צמחי 75 מל,פרודונטקס Parodontax,,משחת שיניים בטעם צמח,מיליליטרים,75.00,"100 מ""ל",false,,32.90,43.8667,true,1,114176
<<<<<<< HEAD
7290113594593,false,שלישיית ביצי שוקולד(חלב נוכרי)-קונג פו פנדה,,,שלישיית ביצי שוקולד,גרמים,60.00,100 גרם,false,,13.90,23.1667,true,1,261217
7290114310215,false,"שמנת מתוקה 38% רמת הגולן 250 מ""ל ווסטהיים - מוצר בפיקוח",מילקו תעשיות בעמ,,שמנת מתוקה 38% בקבוק,מיליליטרים,250.00,"100 מ""ל",false,,6.47,2.5880,true,1,69348
7290114310239,false,חלב נטול לקטוז מועשר בוויטמין D י 2% 1.5 ל' טרה,מילקו תעשיות בעמ,,חלב נטול לקטוז 1.5,ליטרים,1.50,ליטר,false,,11.90,7.9333,true,1,80268
7290114310338,false,צפתית מעודנת 5% בגביע 225 גרם משק צוריאל,מחלבת משק צוריאל,,צפתית מעודנת 5% משק,גרמים,225.00,100 גרם,false,,17.90,7.9556,true,1,114163
7290114310536,false,יוגורט לייט מעושר חלבון 25 גרם חלבון וניל MULLER ACTIVE,מולר Muller,,מולר אקטיב לייט יוגו,גרמים,25.00,100 גרם,false,,6.50,26.0000,true,1,141874
7290114310611,false,"משקה חלב בננה בבקבוק פקק ספורט טרה 250 מ""ל",Unknown,,משקה חלב בננה בבקבוק,מיליליטרים,250.00,"100 מ""ל",false,,5.90,2.3600,true,1,163640
7290114311298,false,יוגורט מולר פרופ בטעם תות בננה מלון 150,מולר Muller,,מולר פרופ תות בננה מ,גרמים,150.00,100 גרם,false,,5.50,3.6667,true,1,320403
7290114311304,false,יוגורט קציפת מנגו פסיפלורה בננה 150 ג' מולר,מולר Muller,,מולר פרופ מנגו פסיפל,גרמים,150.00,100 גרם,false,,5.50,3.6667,true,1,320418
7290114311328,false,חלב מועשר דל לקטוז מעושר בויטמין Dי 2% שומן טרה 1 ליטר,ג'י.אר.אמ.גרופו אלימ,,חלב נטול לקטוז טרה 1,ליטרים,1.00,ליטר,false,,7.50,7.5000,true,1,332943
7290114311434,false,מולר אקטיב יוגורט חלבון קרמל מלוח 200 גרם,מילקו,,מולר אקטיב בטעם קרמל,גרמים,200.00,100 גרם,false,,6.90,3.4500,true,1,351104
7290114311441,false,מולר אקטיב יוגורט חלבון עוגיות חמאה 200 גרם,מילקו,,מולר אקטיב בטעם עוגי,גרמים,200.00,100 גרם,false,,6.90,3.4500,true,1,351119
7290114600927,false,עלי טורטייה חיטה מלאה מאסטר שף 320 גרם,אלקאטי קורביישיסי גי,,עלי טורטיה חיטה מלאה,גרמים,320.00,100 גרם,false,,11.90,3.7188,true,1,193143
7290114600989,false,"רוטב אלף האיים מאסטר שף 250 מ""ל",קפה לנדוור,,מאסטר שף רוטב אלף הא,מיליליטרים,250.00,"100 מ""ל",false,,10.90,4.3600,true,1,83964
7290114603768,false,"מארז אג'קס כלורון נוזל לניקוי אסלות 750 מ""ל*2 יח'",קולגייט פלמוליב,,אג'קס שירותים 750 מ',מיליליטרים,750.00,"100 מ""ל",false,,32.90,4.3867,true,1,84582
7290114606530,false,רוטב בטעם מיונז וקטשופ מאסטר שף 515 גרם,מאסטר שף,,מאסטר שף רוטב בטעם מ,גרמים,515.00,100 גרם,false,,14.90,2.8932,true,1,143626
7290114659949,true,מארז 50 מסכות כירוג,,,מארז 50 מסכות כירוג,יחידה,0.00,יחידה,false,,10.00,0.0000,true,1,79816
7290115073676,true,מארז מסכות 3 שכבות צ,,,מארז מסכות 3 שכבות צ,יחידה,0.00,יחידה,false,,9.90,0.0000,true,1,81634
7290115190014,false,סיגריות מרלבורו רד קצר בוקס,פיליפ מוריס,,סיגריות מרלבורו חפי,יחידה,0.00,יחידה,false,,36.50,0.0000,false,1,101503
7290115190090,false,סיגריות מרלבורו קצר בוקס בודד,פיליפ מוריס,,סיגריות מרלבורו חפי,יחידה,0.00,יחידה,false,,36.50,0.0000,false,1,101529
7290115190137,false,סיגריות מרלבורו טאצ סילבר יחידה,פיליפ מוריס,,מרלבורו פיין טאצ בוד,יחידה,0.00,יחידה,false,,32.50,0.0000,false,1,101485
7290115190151,false,סיגריות מרלבורו טאצ גולד,פיליפ מוריס,,מרלבורו גולד טאצ בוד,יחידה,0.00,יחידה,false,,32.50,0.0000,false,1,101486
7290115190236,false,סיגריות פרלמנט קצר בלו בודד,פיליפ מוריס,,סיגריות פרלמנט (חפיס,יחידה,0.00,יחידה,false,,42.00,0.0000,false,1,101454
7290115190250,false,סיגריות פרלמנט קצר בודד,פיליפ מוריס,,סיגריות פרלמנט (חפיס,יחידה,0.00,יחידה,false,,42.00,0.0000,false,1,94898
7290115190335,false,ל.מ.בלו לייבל ארוך בוקס חפיסה,פיליפ מוריס,,אל אם בלו ארוך,יחידה,0.00,יחידה,false,,33.00,0.0000,false,1,149675
7290115190359,false,סיגריות L.M בלו לייבל קצר,פיליפ מוריס,,אל אם בלו לייבל קצר,יחידה,0.00,יחידה,false,,33.00,0.0000,false,1,94869
7290115190373,false,סיגריות ל.מ. קפסולהP,פיליפ מוריס,,אל אם פוב רד בודד,יחידה,0.00,יחידה,false,,33.00,0.0000,false,1,101488
7290115190397,false,סיגריות L.M קצר רד לייבל בודד,פיליפ מוריס,,אל אם רד לייבל קצר,יחידה,0.00,יחידה,false,,33.00,0.0000,false,1,94852
7290115190458,false,סיגריות נקסט פיין אדג' בודד,פיליפ מוריס,,נקסט אדג` בודד,יחידה,0.00,יחידה,false,,27.00,0.0000,false,1,109441
7290115190519,false,סיגריות נקסט פיין חפ,פיליפ מוריס,,סיגריות נקסט (בודד),יחידה,0.00,יחידה,false,,31.50,0.0000,false,1,101469
7290115200027,false,אסם פתי בר פינוקים שוקו 220 גרם,קריות זול,,פתי בר פינוקי שוקו 2,גרמים,220.00,100 גרם,false,,9.90,4.5000,true,1,111134
7290115200713,false,במבה קלאסי מארז אחיד 8 50*5 ג',"אסם השקעות בע""\מ",,מארז במבה קלאסי אסם,גרמים,250.00,100 גרם,false,,12.90,5.1600,true,1,113357
7290115200881,false,בייגלה שטוחים שומשום מליחות מעודנת אסם 300 גרם,"אסם השקעות בע""\מ",,אסם בייגלה שטוחים שו,גרמים,300.00,100 גרם,false,,11.90,3.9667,true,1,124062
7290115201031,false,אסם פתי בר דובי שוקולד 175 גרם,טרופיקל דגיל תעשיות,,אסם פתיבר דובי שוקול,גרמים,175.00,100 גרם,false,,11.90,6.8000,true,1,142109
7290115201451,false,טבעול גורמה לביבות בטטה קארי 455 גרם,טבעול )מקבוצת אסם השקעות,,טבעול גורמה לביבות ב,גרמים,455.00,100 גרם,false,,34.90,7.6703,true,1,320675
7290115201475,false,טבעול גורמה לביבות כרישה 434 גרם,טבעול )מקבוצת אסם השקעות,,טבעול גורמה לביבות כ,גרמים,434.00,100 גרם,false,,34.90,8.0415,true,1,320676
7290115201680,false,ביסלי בטעם ברביקיו אסם 70 גרם,"אסם השקעות בע""\מ",,ביסלי ברביקיו 70 גרם,גרמים,70.00,100 גרם,false,,4.90,7.0000,true,1,118496
7290115202816,false,מנה חמה פאוץ נודלס אטריות טעם עוף 70 גרם,תאי פרזידנט,,מנה חמה פאוצ' נדלסאט,גרמים,70.00,100 גרם,false,,4.90,7.0000,true,1,142016
7290115203172,false,במבה PRO מכיל 18 גרם חלבון בשקית,"אסם השקעות בע""\מ",,במבה אסם 80 גרם PRO,גרמים,80.00,100 גרם,false,,4.90,6.1250,true,1,318142
7290115204056,false,"קטשופ מופחת סוכר אסם 690 גרם כשל""פ","אסם תעשיות בע""מ",,אסם קטשופ מופחת סוכר,גרמים,690.00,100 גרם,false,,10.90,1.5797,true,1,151786
7290115205176,false,פיטנס - קרקר דק כפרי פיטנס 140 גרם,נסטלה Nestle,,פיטנס קרקר THIN כפרי,גרמים,140.00,100 גרם,false,,12.90,9.2143,true,1,218321
7290115205527,false,פיטנס חטיף מולטיגריין עם עדשים 25 גרם,"אסם השקעות בע""\מ",,פיטנס חטיף מולטגריין,גרמים,25.00,100 גרם,false,,5.80,23.2000,true,1,309421
7290115205541,false,פיטנס חטיף מולטיגריין עם חומוס 25 גרם,"אסם השקעות בע""\מ",,פיטנס חטיף מולטיגריי,גרמים,25.00,100 גרם,false,,5.80,23.2000,true,1,309437
7290115207286,false,"פרפקטו פסטה ספגטי ללא גלוטן 400 גרם כשל""פ",פרפרקטו,,פסטה ספגטי ללא גלוטן,גרמים,400.00,100 גרם,false,,14.90,3.7250,true,1,268367
7290115208009,false,סירופ ענבים ויטמינצ'יק 1 ליטר,בית-השיטה עסיס תעשיות מז,,ויטמינצ'יק ענבים 1 ל,ליטרים,1.00,ליטר,false,,23.50,23.5000,true,1,254874
7290115208047,false,סירופ פטל ויטמינצ'יק 1 ליטר,בית-השיטה עסיס תעשיות מז,,ויטמינצ'יק פטל 1 ליט,ליטרים,1.00,ליטר,false,,23.50,23.5000,true,1,254843
7290115208061,false,סירופ תפוח ויטמינצ'יק 1 ליטר,בית השיטה עסיס תעשיות מז,,ויטמינצ'יק תפוח 1 לי,ליטרים,1.00,ליטר,false,,23.50,23.5000,true,1,254860
7290115208320,false,אפרופו חטיף בטעם ביסלי בצל 50 גרם,"אסם השקעות בע""\מ",,אפרופו בטעם ביסלי בצ,גרמים,50.00,100 גרם,false,,5.50,11.0000,true,1,357736
7290115209358,false,במבה במילוי בראוניז אסם 60 גרם,"אסם השקעות בע""\מ",,במבה במילוי בראוניז,גרמים,60.00,100 גרם,false,,4.90,8.1667,true,1,357406
7290115209372,false,במבה במילוי בראוניז 150ג' אסם,"אסם השקעות בע""\מ",,במבה במילוי בראוניז,גרמים,150.00,100 גרם,false,,11.90,7.9333,true,1,357421
7290115403282,false,עוגיות פיצפוצי שוקו 500,,,עוגיות פיצפוצי שוקו,גרמים,500.00,100 גרם,false,,17.90,3.5800,true,1,293764
7290115403299,false,עוגיות פרפריות 450 גרם,"שיבולים א.ד.ל ק""\א",,עוגיות פרפריות אדל 4,גרמים,450.00,100 גרם,false,,17.90,3.9778,true,1,293765
7290115403312,false,עוגיות מלוחות קריספי 450,,,עוגיות מלוחות קריספי,גרמים,450.00,100 גרם,false,,17.90,3.9778,true,1,293767
7290115403435,false,עוגיות מעמול תמר 500 גרם,שיבולים א.ד.ל )ק.א(,,עוגיות מעמול תמר אדל,גרמים,500.00,100 גרם,false,,17.90,3.5800,true,1,293778
7290115403459,false,עוגיות נסיכה בטעם תות 50,שיבולים א.ד.ל )ק.א(,,עוגיות נסיכה בטעם תו,גרמים,500.00,100 גרם,false,,17.90,3.5800,true,1,293780
7290115403466,false,עוגיות נסיכה מיקס 500 גר,שיבולים א.ד.ל )ק.א(,,עוגיות נסיכה מיקס אד,גרמים,500.00,100 גרם,false,,17.90,3.5800,true,1,293781
7290115403480,false,עוגיות בסגנון מרוקאי 500,,,עוגיות בסגנון מרוקאי,גרמים,500.00,100 גרם,false,,17.90,3.5800,true,1,293783
7290115403510,false,עוגיות מגולגלות תמרים,,,עוגיות מגולגלות תמרי,גרמים,500.00,100 גרם,false,,17.90,3.5800,true,1,293785
7290115403527,false,עוגיות עינוגי תמרים 500ג,,,עוגיות עינוגי תמרים,גרמים,500.00,100 גרם,false,,17.90,3.5800,true,1,293786
7290115410587,false,טחינה לבנה 250 גרם המעדניה,סלטי היום - קפוא זן,,טחינה לבנה 250 גרם -,גרמים,250.00,100 גרם,false,,10.90,4.3600,true,1,191030
7290115671308,false,מסטיק מאסט פאן תות דובדבן צנצנת 58 גרם,אסקום קונפשטיין,,מסטיק קוביות ללס במי,גרמים,58.00,100 גרם,false,,10.90,18.7931,true,1,245418
7290115674712,false,חטיף קרקר סריראצ'ה 170גר,"אלאדין בייקרס בע""\מ",,קרקר אפוי בטעם רוטב,גרמים,170.00,100 גרם,false,,14.90,8.7647,true,1,213233
7290115674743,false,פיתה צ'יפס מלח ים 170גרם,"אלאדין בייקרס בע""\מ",,פיתה צ'יפס עם מלח ים,גרמים,170.00,100 גרם,false,,14.90,8.7647,true,1,213235
7290115675696,false,דגני בוקר קראנצ'ים שיבולת שועל עם אגוזים ושקדים,גלידות שטראוס,,דגני בוקר קוואקר שיב,גרמים,375.00,100 גרם,false,,20.90,5.5733,true,1,171737
7290115675719,false,דגני בוקר קראנצ'ים שיבולת שועל וחתיכות שוקולד מריר,BEVERAGES FOODS & SE,,דגני בוקר קוואקר שיב,גרמים,375.00,100 גרם,false,,20.90,5.5733,true,1,171709
7290115675986,false,דנונה יוגורט בר עם אגוזים מקורמלים 173 גרם,"שטראוס בריאות בע""\מ",,דנונה קראנצ' אגוזים,גרמים,173.00,100 גרם,false,,4.90,2.8324,true,1,118914
7290115677409,false,אורז קארי צהוב עם ירקות ברוטב קארי וקרם קוקוס,אוכל ביתי ניר עציון,,אורז קארי צהוב שטראו,גרמים,350.00,100 גרם,false,,27.90,7.9714,true,1,212089
7290115677423,false,אורז ירוק קארי חריף חריף דלישס 350 גרם,"טרופיקל דגיל בע""מ אז",,אורז קארי ירוק חריף,גרמים,350.00,100 גרם,false,,27.90,7.9714,true,1,212074
7290115678376,false,מעדן הגולן שוקולד 125 גרם,מיוצר עי קונדיטוריית,,מעדן הגולן מעדן חלב,גרמים,125.00,100 גרם,false,,3.50,2.8000,true,1,180358
7290115678383,false,מעדן הגולן שוקולד מריר 125 גרם,מיוצר עי קונדיטוריית,,מעדן הגולן מעדן חלב,גרמים,125.00,100 גרם,false,,3.50,2.8000,true,1,180372
7290115678598,false,חסה אייסברג שטראוס טעם הטבע,שטראוס בריאות ירקות טריי,,חסה אייסברג חיתוך גס,גרמים,300.00,100 גרם,false,,10.90,3.6333,true,1,209055
7290115679519,false,שייק פירות ורוד 150X2גר,סיבהפרוסט,,שייק פירות ורוד דליש,גרמים,300.00,100 גרם,false,,21.90,7.3000,true,1,355409
=======
7290113594593,false,שלישיית ביצי שוקולד(חלב נוכרי)-קונג פו פנדה,שמחה זה אנחנו,,שלישיית ביצי שוקולד,גרמים,60.00,100 גרם,false,,13.90,23.1667,true,1,261217
7290114310215,false,"שמנת מתוקה 38% רמת הגולן 250 מ""ל ווסטהיים - מוצר בפיקוח",החברה המרכזית טלהפצת משקאות בע,,שמנת מתוקה 38% בקבוק,מיליליטרים,250.00,"100 מ""ל",false,,6.47,2.5880,true,1,69348
7290114310239,false,חלב נטול לקטוז מועשר בוויטמין D י 2% 1.5 ל' טרה,החברה המרכזית טלהפצת משקאות בע,,חלב נטול לקטוז 1.5,ליטרים,1.50,ליטר,false,,11.90,7.9333,true,1,80268
7290114310338,false,צפתית מעודנת 5% בגביע 225 גרם משק צוריאל,החברה המרכזית טלהפצת משקאות בע,,צפתית מעודנת 5% משק,גרמים,225.00,100 גרם,false,,17.90,7.9556,true,1,114163
7290114310536,false,יוגורט לייט מעושר חלבון 25 גרם חלבון וניל MULLER ACTIVE,החברה המרכזית טלהפצת משקאות בע,,מולר אקטיב לייט יוגו,גרמים,25.00,100 גרם,false,,6.50,26.0000,true,1,141874
7290114310611,false,"משקה חלב בננה בבקבוק פקק ספורט טרה 250 מ""ל",החברה המרכזית טלהפצת משקאות בע,,משקה חלב בננה בבקבוק,מיליליטרים,250.00,"100 מ""ל",false,,5.90,2.3600,true,1,163640
7290114311298,false,יוגורט מולר פרופ בטעם תות בננה מלון 150,החברה המרכזית טלהפצת משקאות בע,,מולר פרופ תות בננה מ,גרמים,150.00,100 גרם,false,,5.50,3.6667,true,1,320403
7290114311304,false,יוגורט קציפת מנגו פסיפלורה בננה 150 ג' מולר,החברה המרכזית טלהפצת משקאות בע,,מולר פרופ מנגו פסיפל,גרמים,150.00,100 גרם,false,,5.50,3.6667,true,1,320418
7290114311328,false,חלב מועשר דל לקטוז מעושר בויטמין Dי 2% שומן טרה 1 ליטר,החברה המרכזית טלהפצת משקאות בע,,חלב נטול לקטוז טרה 1,ליטרים,1.00,ליטר,false,,7.50,7.5000,true,1,332943
7290114311434,false,מולר אקטיב יוגורט חלבון קרמל מלוח 200 גרם,החברה המרכזית טלהפצת משקאות בע,,מולר אקטיב בטעם קרמל,גרמים,200.00,100 גרם,false,,6.90,3.4500,true,1,351104
7290114311441,false,מולר אקטיב יוגורט חלבון עוגיות חמאה 200 גרם,החברה המרכזית טלהפצת משקאות בע,,מולר אקטיב בטעם עוגי,גרמים,200.00,100 גרם,false,,6.90,3.4500,true,1,351119
7290114600927,false,עלי טורטייה חיטה מלאה מאסטר שף 320 גרם,אלקאטי קורביישיסי גי,,עלי טורטיה חיטה מלאה,גרמים,320.00,100 גרם,false,,11.90,3.7188,true,1,193143
7290114600989,false,"רוטב אלף האיים מאסטר שף 250 מ""ל",ש. שסטוביץ בע`מ,,מאסטר שף רוטב אלף הא,מיליליטרים,250.00,"100 מ""ל",false,,10.90,4.3600,true,1,83964
7290114603768,false,"מארז אג'קס כלורון נוזל לניקוי אסלות 750 מ""ל*2 יח'",קולגייט פלמוליב,,אג'קס שירותים 750 מ',מיליליטרים,750.00,"100 מ""ל",false,,32.90,4.3867,true,1,84582
7290114606530,false,רוטב בטעם מיונז וקטשופ מאסטר שף 515 גרם,ש. שסטוביץ בע`מ,,מאסטר שף רוטב בטעם מ,גרמים,515.00,100 גרם,false,,14.90,2.8932,true,1,143626
7290114659949,true,מארז 50 מסכות כירוג,,,מארז 50 מסכות כירוג,יחידה,0.00,יחידה,false,,10.00,0.0000,true,1,79816
7290115073676,true,מארז מסכות 3 שכבות צ,,,מארז מסכות 3 שכבות צ,יחידה,0.00,יחידה,false,,9.90,0.0000,true,1,81634
7290115190014,false,סיגריות מרלבורו רד קצר בוקס,פיליפ מוריס בעמ,,סיגריות מרלבורו חפי,יחידה,0.00,יחידה,false,,36.50,0.0000,false,1,101503
7290115190090,false,סיגריות מרלבורו קצר בוקס בודד,פיליפ מוריס בעמ,,סיגריות מרלבורו חפי,יחידה,0.00,יחידה,false,,36.50,0.0000,false,1,101529
7290115190137,false,סיגריות מרלבורו טאצ סילבר יחידה,פיליפ מוריס בעמ,,מרלבורו פיין טאצ בוד,יחידה,0.00,יחידה,false,,32.50,0.0000,false,1,101485
7290115190151,false,סיגריות מרלבורו טאצ גולד,פיליפ מוריס בעמ,,מרלבורו גולד טאצ בוד,יחידה,0.00,יחידה,false,,32.50,0.0000,false,1,101486
7290115190236,false,סיגריות פרלמנט קצר בלו בודד,פיליפ מוריס בעמ,,סיגריות פרלמנט (חפיס,יחידה,0.00,יחידה,false,,42.00,0.0000,false,1,101454
7290115190250,false,סיגריות פרלמנט קצר בודד,פיליפ מוריס בעמ,,סיגריות פרלמנט (חפיס,יחידה,0.00,יחידה,false,,42.00,0.0000,false,1,94898
7290115190335,false,ל.מ.בלו לייבל ארוך בוקס חפיסה,פיליפ מוריס בעמ,,אל אם בלו ארוך,יחידה,0.00,יחידה,false,,33.00,0.0000,false,1,149675
7290115190359,false,אל.אמ בלו לייבל קצר חפיסה) (20,פיליפ מוריס בעמ,,אל אם בלו לייבל קצר,יחידה,0.00,יחידה,false,,33.00,0.0000,false,1,94869
7290115190373,false,סיגריות ל.מ. קפסולהP,פיליפ מוריס בעמ,,אל אם פוב רד בודד,יחידה,0.00,יחידה,false,,33.00,0.0000,false,1,101488
7290115190397,false,סיגריות L.M קצר רד לייבל בודד,פיליפ מוריס בעמ,,אל אם רד לייבל קצר,יחידה,0.00,יחידה,false,,33.00,0.0000,false,1,94852
7290115190458,false,סיגריות נקסט פיין אדג' בודד,פיליפ מוריס בעמ,,נקסט אדג` בודד,יחידה,0.00,יחידה,false,,27.00,0.0000,false,1,109441
7290115190519,false,סיגריות נקסט פיין חפ,פיליפ מוריס בעמ,,סיגריות נקסט (בודד),יחידה,0.00,יחידה,false,,31.50,0.0000,false,1,101469
7290115200027,false,אסם פתי בר פינוקים שוקו 220 גרם,קבוצת אוסם סחר שותפות מוגבלת,,פתי בר פינוקי שוקו 2,גרמים,220.00,100 גרם,false,,9.90,4.5000,true,1,111134
7290115200713,false,במבה קלאסי מארז אחיד 5*50 גר` אסם,קבוצת אוסם סחר שותפות מוגבלת,,מארז במבה קלאסי אסם,גרמים,250.00,100 גרם,false,,12.90,5.1600,true,1,113357
7290115200881,false,בייגלה שטוחים שומשום מליחות מעודנת אסם 300 גרם,קבוצת אוסם סחר שותפות מוגבלת,,אסם בייגלה שטוחים שו,גרמים,300.00,100 גרם,false,,11.90,3.9667,true,1,124062
7290115201031,false,פתי בר פינוקי דובי שוקולד 175גר.,קבוצת אוסם סחר שותפות מוגבלת,,אסם פתיבר דובי שוקול,גרמים,175.00,100 גרם,false,,11.90,6.8000,true,1,142109
7290115201451,false,לביבות בטטה וקארי 455 גר` טבעול גורמה,קבוצת אוסם סחר שותפות מוגבלת,,טבעול גורמה לביבות ב,גרמים,455.00,100 גרם,false,,34.90,7.6703,true,1,320675
7290115201475,false,טבעול גורמה לביבות כרישה 434 גרם,קבוצת אוסם סחר-שות.מוגבלת,,טבעול גורמה לביבות כ,גרמים,434.00,100 גרם,false,,34.90,8.0415,true,1,320676
7290115201680,false,ביסלי חטיף בטעם ברביקין אסם (70 גרם),קבוצת אוסם סחר שותפות מוגבלת,,ביסלי ברביקיו 70 גרם,גרמים,70.00,100 גרם,false,,4.90,7.0000,true,1,118496
7290115202816,false,מנה חמה פאוץ נודלס אטריות טעם עוף 70 גרם,קבוצת אוסם סחר שותפות מוגבלת,,מנה חמה פאוצ' נדלסאט,גרמים,70.00,100 גרם,false,,4.90,7.0000,true,1,142016
7290115203172,false,במבה PRO מכיל 18 גרם חלבון בשקית,קבוצת אוסם סחר שותפות מוגבלת,,במבה אסם 80 גרם PRO,גרמים,80.00,100 גרם,false,,4.90,6.1250,true,1,318142
7290115204056,false,"קטשופ מופחת סוכר אסם 690 גרם כשל""פ",קבוצת אוסם סחר שותפות מוגבלת,,אסם קטשופ מופחת סוכר,גרמים,690.00,100 גרם,false,,10.90,1.5797,true,1,151786
7290115205176,false,729001032825פיטנס חטיפי קרקר כפרי 140גר.,קבוצת אוסם סחר שותפות מוגבלת,,פיטנס קרקר THIN כפרי,גרמים,140.00,100 גרם,false,,12.90,9.2143,true,1,218321
7290115205527,false,חטיף מולטיגריין עם עדשים ( 25 גר`) פיטנס,קבוצת אוסם סחר שותפות מוגבלת,,פיטנס חטיף מולטגריין,גרמים,25.00,100 גרם,false,,5.80,23.2000,true,1,309421
7290115205541,false,חטיף מולטיגריין עם חומוס ( 25 גר`) פיטנס,קבוצת אוסם סחר שותפות מוגבלת,,פיטנס חטיף מולטיגריי,גרמים,25.00,100 גרם,false,,5.80,23.2000,true,1,309437
7290115207286,false,"פרפקטו פסטה ספגטי ללא גלוטן 400 גרם כשל""פ",קבוצת אוסם סחר-שות.מוגבלת,,פסטה ספגטי ללא גלוטן,גרמים,400.00,100 גרם,false,,14.90,3.7250,true,1,268367
7290115208009,false,סירופ ענבים ויטמינצ'יק 1 ליטר,קבוצת אוסם סחר שותפות מוגבלת,,ויטמינצ'יק ענבים 1 ל,ליטרים,1.00,ליטר,false,,23.50,23.5000,true,1,254874
7290115208047,false,סירופ פטל ויטמינצ`יק (1 ליטר),קבוצת אוסם סחר שותפות מוגבלת,,ויטמינצ'יק פטל 1 ליט,ליטרים,1.00,ליטר,false,,23.50,23.5000,true,1,254843
7290115208061,false,סירופ תפוח ויטמינצ'יק 1 ליטר,קבוצת אוסם סחר שותפות מוגבלת,,ויטמינצ'יק תפוח 1 לי,ליטרים,1.00,ליטר,false,,23.50,23.5000,true,1,254860
7290115208320,false,אפרופו חטיף בטעם ביסלי בצל 50 גרם,קבוצת אוסם סחר שותפות מוגבלת,,אפרופו בטעם ביסלי בצ,גרמים,50.00,100 גרם,false,,5.50,11.0000,true,1,357736
7290115209358,false,במבה במילוי בראוניז אסם (60 גרם),קבוצת אוסם סחר שותפות מוגבלת,,במבה במילוי בראוניז,גרמים,60.00,100 גרם,false,,4.90,8.1667,true,1,357406
7290115209372,false,במבה במילוי בראוניז 150 גרם אוסם,קבוצת אוסם סחר שותפות מוגבלת,,במבה במילוי בראוניז,גרמים,150.00,100 גרם,false,,11.90,7.9333,true,1,357421
7290115403282,false,עוגיות פיצפוצי שוקו 500ג דל,שיבולים יצור ושיווק מוצרי מאפה,,עוגיות פיצפוצי שוקו,גרמים,500.00,100 גרם,false,,17.90,3.5800,true,1,293764
7290115403299,false,עוגיות פרפריות 450ג דל,שיבולים יצור ושיווק מוצרי מאפה,,עוגיות פרפריות אדל 4,גרמים,450.00,100 גרם,false,,17.90,3.9778,true,1,293765
7290115403312,false,עוגיות מלוחות קריספי עגול 450ג דל,שיבולים יצור ושיווק מוצרי מאפה,,עוגיות מלוחות קריספי,גרמים,450.00,100 גרם,false,,17.90,3.9778,true,1,293767
7290115403435,false,עוגיות מעמול תמר 500ג דל,שיבולים יצור ושיווק מוצרי מאפה,,עוגיות מעמול תמר אדל,גרמים,500.00,100 גרם,false,,17.90,3.5800,true,1,293778
7290115403459,false,עוגיות נסיכה בטעם תות 500 גר`,שיבולים יצור ושיווק מוצרי מאפה,,עוגיות נסיכה בטעם תו,גרמים,500.00,100 גרם,false,,17.90,3.5800,true,1,293780
7290115403466,false,עוגיות נסיכה מיקס 500ג דל,שיבולים יצור ושיווק מוצרי מאפה,,עוגיות נסיכה מיקס אד,גרמים,500.00,100 גרם,false,,17.90,3.5800,true,1,293781
7290115403480,false,עוגיות בסגנון מרוקאי מיני 500ג דל,שיבולים יצור ושיווק מוצרי מאפה,,עוגיות בסגנון מרוקאי,גרמים,500.00,100 גרם,false,,17.90,3.5800,true,1,293783
7290115403510,false,עוגיות מגולגלות תמרים 500ג דל,שיבולים יצור ושיווק מוצרי מאפה,,עוגיות מגולגלות תמרי,גרמים,500.00,100 גרם,false,,17.90,3.5800,true,1,293785
7290115403527,false,עוגיות עינוגי תמרים 500ג דל,שיבולים יצור ושיווק מוצרי מאפה,,עוגיות עינוגי תמרים,גרמים,500.00,100 גרם,false,,17.90,3.5800,true,1,293786
7290115410587,false,טחינה לבנה 250 גרם המעדניה,סלטי היום - קפוא זן,,טחינה לבנה 250 גרם -,גרמים,250.00,100 גרם,false,,10.90,4.3600,true,1,191030
7290115671308,false,מסטיק מאסט פאן תות דובדבן צנצנת 58 גרם,שטראוס גרופ בע`מ,,מסטיק קוביות ללס במי,גרמים,58.00,100 גרם,false,,10.90,18.7931,true,1,245418
7290115674712,false,חטיף קרקר סריראצ'ה 170גר,שטראוס פריטו ליי בעמ,,קרקר אפוי בטעם רוטב,גרמים,170.00,100 גרם,false,,14.90,8.7647,true,1,213233
7290115674743,false,פיתה צ'יפס מלח ים 170גרם,שטראוס פריטו ליי בעמ,,פיתה צ'יפס עם מלח ים,גרמים,170.00,100 גרם,false,,14.90,8.7647,true,1,213235
7290115675696,false,דגני בוקר קראנצ'ים שיבולת שועל עם אגוזים ושקדים,שטראוס פריטו ליי בע`מ,,דגני בוקר קוואקר שיב,גרמים,375.00,100 גרם,false,,20.90,5.5733,true,1,171737
7290115675719,false,דגני בוקר קראנצ'ים שיבולת שועל וחתיכות שוקולד מריר,שטראוס פריטו ליי בע`מ,,דגני בוקר קוואקר שיב,גרמים,375.00,100 גרם,false,,20.90,5.5733,true,1,171709
7290115675986,false,דנונה יוגורט בר עם אגוזים מקורמלים 173 גרם,שטראוס גרופ בעמ/מצונן,,דנונה קראנצ' אגוזים,גרמים,173.00,100 גרם,false,,4.90,2.8324,true,1,118914
7290115677409,false,אורז קארי צהוב עם ירקות ברוטב קארי וקרם קוקוס,קפוא זן תעשיות מזון בעמ,,אורז קארי צהוב שטראו,גרמים,350.00,100 גרם,false,,27.90,7.9714,true,1,212089
7290115677423,false,אורז ירוק קארי חריף חריף דלישס 350 גרם,קפוא-זן תעשיות מזון בעמ - תפוג,,אורז קארי ירוק חריף,גרמים,350.00,100 גרם,false,,27.90,7.9714,true,1,212074
7290115678376,false,מעדן הגולן שוקולד 125 גרם,שטראוס גרופ בעמ/מצונן,,מעדן הגולן מעדן חלב,גרמים,125.00,100 גרם,false,,3.50,2.8000,true,1,180358
7290115678383,false,מעדן הגולן שוקולד מריר בודד 125גר,שטראוס גרופ בעמ/מצונן,,מעדן הגולן מעדן חלב,גרמים,125.00,100 גרם,false,,3.50,2.8000,true,1,180372
7290115678598,false,חסה אייסברג חיתוך גס 300 שטראוס טעם הטבע,שטראוס בריאות ירקות טריי,,חסה אייסברג חיתוך גס,גרמים,300.00,100 גרם,false,,10.90,3.6333,true,1,209055
7290115679519,false,דלישס שייק פירות ורוד 150*2,קפוא זן תעשיות מזון בעמ,,שייק פירות ורוד דליש,גרמים,300.00,100 גרם,false,,21.90,7.3000,true,1,355409
>>>>>>> d048ac2f4f281c9d788043ab4e81b61b0dbe3743
7290116270715,false,פילה ברבוניה ארוז בו,,,פילה ברבוניה ארוז בו,יחידה,0.00,יחידה,false,,29.90,0.0000,true,1,271605
7290116530482,false,תלמה מארז קורנפלקס אלופים 30 גרם*5 יחידו,יוניליוור ישראל שיווק בע`מ,,מארז קורנפלקס של אלו,גרמים,150.00,100 גרם,false,,12.90,8.6000,true,1,206983
7290116531090,false,בייגל בייגל דג דג במליחות עדינה 250 גרם,יוניליוור ישראל שיווק בע`מ,,דג דג חטיף אפוי במלי,גרמים,250.00,100 גרם,false,,12.90,5.1600,true,1,255769
7290116531496,false,קינמונים דגנים פריכים מצופים קינמון 375,"יוניליוור ישראל שיווק בע""מ",,דגני בוקר קינמונים ת,גרמים,375.00,100 גרם,false,,22.90,6.1067,true,1,269387
7290116531854,false,"פינוק תחליב רחצה שייק קיווי, פסיפלורה ואשכולית אדומה",יוניליוור ישראל שיווק בע`מ,,תחליב רחצה בניחוח שי,מיליליטרים,700.00,"100 מ""ל",false,,10.90,1.5571,true,1,271963
7290116533025,false,"מארז זוג שמפו פינוק קלאסי 1400 מ""ל",יוניליוור ישראל שיווק בעמ,,מארז זוג שמפו קלאסי,ליטרים,1.40,ליטר,false,,24.80,17.7143,true,1,314348
7290116533063,false,דגני בוקר שוגי קרטיב ענבים 400 גרם,יוניליוור ישראל שיווק בע`מ,,שוגי דגני בוקר בטעם,גרמים,400.00,100 גרם,false,,23.90,5.9750,true,1,309960
7290116915876,false,"גלגל ים 50 ס""מ חיות",,,"גלגל ים 50 ס""מ חיות",יחידה,0.00,יחידה,false,,15.90,0.0000,true,1,301725
7290116930015,false,GO חטיף חלבון חטיף בוטנים קריספי 20 גרם חלבון,"בלמונט קונפקציות בע""\מ.",,חטיף חלבון בטעם קרמל,גרמים,60.00,100 גרם,false,,12.90,21.5000,true,1,275998
<<<<<<< HEAD
7290116930626,false,ארוחה בקטנה ציזיקי עם קרקרים 150ג' תנובה,תנובה חלב,,ציזיקי עם קרקרים תנו,גרמים,150.00,100 גרם,false,,7.90,5.2667,true,1,319318
7290117260579,false,חטיף קראנצ'י על בסיס קמח עדשים בטעם שמנת חמוצה ובצל 80 ג',וילי פוד,,חטיף קראנצ'י על בסיס,גרמים,80.00,100 גרם,false,,7.90,9.8750,true,1,355676
7290117260586,false,חטיף קראנצ'י על בסיס קמח עדשים בטעם פלפל חלפיניו וליים 80 ג',וילי פוד,,חטיף קראנצ'י על בסיס,גרמים,80.00,100 גרם,false,,7.90,9.8750,true,1,355677
7290117260593,false,חטיף קראנצ'י על בסיס קמח עדשים בטעם צ'דר 80 ג',וילי פוד,,חטיף קראנצ'י על בסיס,גרמים,80.00,100 גרם,false,,7.90,9.8750,true,1,355678
7290117260685,false,תן בו וניל ציפויים בטעמים שונים 230 גרם,אלויראסמינדה,,תן בו בטעם וניל בציפ,גרמים,230.00,100 גרם,false,,19.90,8.6522,true,1,245975
7290117261170,false,פיתה יוונית עם קמח תירס מוקפאת - מארז 8 יחידות,וילי פוד,,פיתה יוונית עם קמח ת,גרמים,680.00,100 גרם,false,,15.90,2.3382,true,1,316044
7290117261347,false,תן בו בציפוי בטעם שוקולד לבן ופתיתי קוקוס כחולים 300 גרם,אלויראסמינדה,,תן בו בציפוי בטעם שו,גרמים,300.00,100 גרם,false,,19.90,6.6333,true,1,294570
7290117261354,false,גבינת ריקוטה 200 גרם 5%שומן מחלבת אירופה,באלבן גידה סנאי,,גבינת ריקוטה 5% שומ,גרמים,200.00,100 גרם,false,,9.90,4.9500,true,1,318169
7290117261927,false,גבינת פקורינו מחלב כבשים צ'אנק 150 EURO CHEESE,ג.וילי פוד אינטרנשיונל ב,,גבינת פקורינו מחלב כ,גרמים,150.00,100 גרם,false,,19.90,13.2667,true,1,353144
=======
7290116930626,false,ארוחה בקטנה ציזיקי עם קרקרים 150ג' תנובה,"תנובה בע""מ ***",,ציזיקי עם קרקרים תנו,גרמים,150.00,100 גרם,false,,7.90,5.2667,true,1,319318
7290117260579,false,חטיף קראנצ'י על בסיס קמח עדשים בטעם שמנת חמוצה ובצל 80 ג',ג. וילי-פוד אינטרנשיונל בע`מ,,חטיף קראנצ'י על בסיס,גרמים,80.00,100 גרם,false,,7.90,9.8750,true,1,355676
7290117260586,false,חטיף קראנצ'י על בסיס קמח עדשים בטעם פלפל חלפיניו וליים 80 ג',ג. וילי-פוד אינטרנשיונל בע`מ,,חטיף קראנצ'י על בסיס,גרמים,80.00,100 גרם,false,,7.90,9.8750,true,1,355677
7290117260593,false,חטיף קראנצ'י על בסיס קמח עדשים בטעם צ'דר 80 ג',ג. וילי-פוד אינטרנשיונל בע`מ,,חטיף קראנצ'י על בסיס,גרמים,80.00,100 גרם,false,,7.90,9.8750,true,1,355678
7290117260685,false,תן בו וניל ציפויים בטעמים שונים 230 גרם,ג. וילי-פוד אינטרנשיונל בע`מ,,תן בו בטעם וניל בציפ,גרמים,230.00,100 גרם,false,,19.90,8.6522,true,1,245975
7290117261170,false,פיתה יוונית עם קמח תירס מוקפאת - מארז 8 יחידות,ג.וילי-פוד אינטרנשיונל **גבינו,,פיתה יוונית עם קמח ת,גרמים,680.00,100 גרם,false,,15.90,2.3382,true,1,316044
7290117261347,false,תן בו בציפוי בטעם שוקולד לבן ופתיתי קוקוס כחולים 300 גרם,ג.וילי-פוד אינטרנשיונל בעמ,,תן בו בציפוי בטעם שו,גרמים,300.00,100 גרם,false,,19.90,6.6333,true,1,294570
7290117261354,false,גבינת ריקוטה 200 גרם 5%שומן מחלבת אירופה,ג.וילי-פוד אינטרנשיונל **גבינו,,גבינת ריקוטה 5% שומ,גרמים,200.00,100 גרם,false,,9.90,4.9500,true,1,318169
7290117261927,false,גבינת פקורינו מחלב כבשים צ'אנק 150 EURO CHEESE,ג.וילי-פוד אינטרנשיונל **גבינו,,גבינת פקורינו מחלב כ,גרמים,150.00,100 גרם,false,,19.90,13.2667,true,1,353144
>>>>>>> d048ac2f4f281c9d788043ab4e81b61b0dbe3743
7290117761052,false,מנקה חלונות 1 ליטר ז,,,מנקה חלונות 1 ליטר ז,ליטרים,1.00,ליטר,false,,14.90,14.9000,true,1,271128
7290117860045,false,שמפו תמציות אלוורה ותה ירוק לשיער רגיל,"טרופיקל גליל בע""מ",,שמפו מטפח לשיער רגיל,מיליליטרים,700.00,"100 מ""ל",false,,15.90,2.2714,true,1,363074
7290117860090,false,מרכך תמציות אלוורה ותה ירוק לשיער רגיל,"טרופיקל דגיל בע""\מ",,מרכך מטפח לשיער רגיל,מיליליטרים,700.00,"100 מ""ל",false,,15.90,2.2714,true,1,363075
7290117860144,false,הוואי שמפו פירות אקזוטיים וקלנדולה 700,"טרופיקל גליל בע""מ",,שמפו נגד קשקשים הווא,מיליליטרים,700.00,"100 מ""ל",false,,15.90,2.2714,true,1,363076
7290117860199,false,שמפו שמן ורד הבר ושמן מקדמיה לשיער יבש,"טרופיקל דגיל בע""\מ",,שמפו לשיער יבש הוואי,מיליליטרים,700.00,"100 מ""ל",false,,15.90,2.2714,true,1,363077
7290117860243,false,"הוואי - מרכך מעניק לחות לשיער יבש 700 מ""ל","טרופיקל גליל בע""מ",,מרכך לשיער יבש הוואי,מיליליטרים,700.00,"100 מ""ל",false,,15.90,2.2714,true,1,363078
7290117860335,false,"הוואי ג'ל רחצה לגבר בניחוח מעורר 700 מ""ל","טרופיקל דגיל בע""\מ",,ג'ל רחצה לגבר בניחוח,מיליליטרים,700.00,"100 מ""ל",false,,15.90,2.2714,true,1,366488
7290117860441,false,"מרכך הוואי פריחת הדובדבן 700 מ""ל","טרופיקל גליל בע""מ",,מרכך הוואי פריחת הדו,מיליליטרים,700.00,"100 מ""ל",false,,15.90,2.2714,true,1,363080
7290117900956,false,תערובת פיצוחים קלויים ששון הקולה 180 גרם,דין שיווק וקליה 2021 בעמ,,תערובת פיצוחים קלויי,גרמים,180.00,100 גרם,false,,15.90,8.8333,true,1,311172
7290117900963,false,בוטנים קלויים 270גר ששון הקולה,דין שיווק וקליה 2021 בעמ,,בוטנים קלויים 270 גר,גרמים,270.00,100 גרם,false,,10.90,4.0370,true,1,311173
7290117900987,false,אגוז פקאן קלוף ששון הקולה 140 גרם,דין שיווק וקליה 2021 בעמ,,פקאן קלוף 140 גרם,גרמים,140.00,100 גרם,false,,15.90,11.3571,true,1,311175
7290117900994,false,פקאן סיני מסוכר ששון הקולה 140 גרם,דין שיווק וקליה 2021 בעמ,,פקאן סיני מסוכר 140,גרמים,140.00,100 גרם,false,,15.90,11.3571,true,1,311176
7290117901021,false,קבוקים בוטנים מצופים עם שומשום 220 גרם,דין שיווק וקליה 2021 בעמ,,קבוקים בוטנים מצופים,גרמים,220.00,100 גרם,false,,10.90,4.9545,true,1,311179
7290117901038,false,אגוזי מלך קלופים ששון הקולה 190 גרם,דין שיווק וקליה 2021 בעמ,,אגוז מלך קלוף 190 גר,גרמים,190.00,100 גרם,false,,15.90,8.3684,true,1,311180
7290117901045,false,בוטן רביולי ששון הקולה 200 גרם,דין שיווק וקליה 2021 בעמ,,בוטן רביולי 200 גרם,גרמים,200.00,100 גרם,false,,15.90,7.9500,true,1,311181
7290118420071,false,במבה ביסלי ברביקיו מיקס 80גר אסם{,קבוצת אוסם סחר שותפות מוגבלת,,במבה ביסלי ברביקיו מ,גרמים,80.00,100 גרם,false,,4.90,6.1250,true,1,357450
7290118420477,false,אסם בייגלה שטוחים בטעם ביסלי בצל 300 גרם,קבוצת אוסם סחר שותפות מוגבלת,,בייגלה שטוחים בטעם ב,גרמים,300.00,100 גרם,false,,11.90,3.9667,true,1,357720
7296021170713,false,כותש שום איכותי ZINK,,,כותש שום איכותי ZINK,יחידה,0.00,יחידה,false,,26.90,0.0000,true,1,270331
7296021172380,false,"סכין 20 ס""מ (סנטוקו/",,,"סכין שף 20 ס""מ ידית",יחידה,0.00,יחידה,false,,31.90,0.0000,true,1,270388
7296021191732,false,"סיר יציקה 20 ס""מ +מכ",,,"סיר יציקה 20 ס""מ +מכ",יחידה,0.00,יחידה,false,,279.90,0.0000,true,1,272464
7296021191756,false,"סיר יציקה 28 ס""מ +מכ",,,"סיר יציקה 28 ס""מ +מכ",יחידה,0.00,יחידה,false,,459.90,0.0000,true,1,272492
7296021231490,false,"סיר 20 ס""מ 2.4 ליטר",,,"סיר 20 ס""מ 2.4 ליטר",יחידה,0.00,יחידה,false,,249.90,0.0000,true,1,266611
7296021231735,false,"סיר 18 ס""מ 1.8 ליטר",,,"סיר 18 ס""מ 1.8 ליטר",יחידה,0.00,יחידה,false,,239.90,0.0000,true,1,266628
7296021288647,false,"סיר בישוול 24 ס""מ 5.",,,"סיר בישוול 24 ס""מ 5.",יחידה,0.00,יחידה,false,,399.90,0.0000,true,1,339695
7296021288654,false,"סיר בישוול 26 ס""מ 6.",,,"סיר בישוול 26 ס""מ 6.",יחידה,0.00,יחידה,false,,349.90,0.0000,true,1,339696
7296058000526,false,פריכיות כוסמת פרח 160 גרם,מ.ד אטיאס סוכנויות מזון בע`מ,,פרכיות כוסמת פרח 130,גרמים,130.00,100 גרם,false,,8.90,6.8462,true,1,49390
7296102521755,false,סט 4 קופסאות פלסטיק,,,סט 4 קופסאות פלסטיק,יחידה,0.00,יחידה,false,,19.90,0.0000,true,1,215555
7296102831540,false,"סט 4 קערות מלאנו 13 ס""מ",,,סט 4 קערות מילאנו 13,יחידה,0.00,יחידה,false,,15.00,0.0000,true,1,251974
7296163002996,false,קפושון ממותג,,,קפושון ממותג,יחידה,0.00,יחידה,false,,49.90,0.0000,true,1,28504
7297478002589,false,גרבי תינוקות,,,גרבי תינוקות,יחידה,0.00,יחידה,false,,14.90,0.0000,true,1,222523
7297488098152,false,קמח חומוס ללא גלוטן דגש 500 גרם,אף.סי תבליני בגליל ב,,דגש קמח חומוס ללא גל,גרמים,500.00,100 גרם,false,,15.90,3.1800,true,1,106211
7297488098688,false,דגש פצפוצי אורז מלא ללא תוספת סוכר ומלח 450 גרם,משובח תעשיות מזון,,דגש פצפוצי אורז מלא,גרמים,450.00,100 גרם,false,,19.90,4.4222,true,1,106226
7297488099753,false,דגש עוגיות בטעם שוקולד וקוקוס 250 גרם,תות תעשיות מזון (201,,דגש עוגיות בטעם שוקו,גרמים,250.00,100 גרם,false,,25.90,10.3600,true,1,106422
7394376615825,false,אוטלי משקה שיבולת שועל מועשר בסידן וויטמינים 1 ליטר,ש. שסטוביץ בע`מ,,משקה שיבולת שועל מוע,ליטרים,1.00,ליטר,false,,15.90,15.9000,true,1,80164
7394376616778,false,אוטלי משקה שיבולת שועל להקצפה בריסטה 1 ליטר,ש. שסטוביץ בע`מ,,משקה שיבולת שועל להק,ליטרים,1.00,ליטר,false,,17.90,17.9000,true,1,80139
7501013122053,false,ג'ומקס מיץ אפרסק קרטונית ליטר תריסר,חומקס קומר קומרסאליזדורה,,ג'ומקס נקטר אפרסק קר,ליטרים,1.00,ליטר,false,,10.90,10.9000,true,1,39411
<<<<<<< HEAD
7501049936945,false,"שישיית בירה סול בקבוק 330 מ""ל",היינקן,,מארז שישייה בירה סול,ליטרים,1.98,ליטר,false,,40.90,20.6566,true,1,68982
=======
7501049936945,false,"שישיית בירה סול בקבוק 330 מ""ל",טמפו משקאות בע`מ,,מארז שישייה בירה סול,ליטרים,1.98,ליטר,false,,40.90,20.6566,true,1,68982
>>>>>>> d048ac2f4f281c9d788043ab4e81b61b0dbe3743
7501064191398,false,שישיית בירה קורונה אקסטרא *355 מל,קריניציה ויטמינה אס,,קורונה מארז שישיה 6*,ליטרים,2.13,ליטר,false,,39.90,18.7324,true,1,29634
7509546061665,false,דאודורנט סטיק ג'ל לגבר 24/7 אקסטרים אינטנס,קולגייט פלמוליב,,דאודורנט ספיד סטיק א,מיליליטרים,85.00,"100 מ""ל",false,,19.90,23.4118,true,1,354297
7610008059103,false,טבלת שוקולד טורינו חלב 100 גר,קמיל בלוך,,טבלת טורינו חלב חדש,גרמים,100.00,100 גרם,false,,16.90,16.9000,true,1,300389
7610100034084,false,מיונז טומי בשפורפרת 265 גרם,ליימן שליסל בע`מ,,מיונז טומי 265 גרם,גרמים,265.00,100 גרם,false,,15.90,6.0000,true,1,12833
7610113011652,false,בריזר - משקה כוהלי מוגז בטעם תפוח,בקרדי בריזר Bacardi Breezer,,בקרדי בריזר תפוח 275,מיליליטרים,275.00,"100 מ""ל",false,,14.90,5.4182,true,1,79678
7610400014649,false,לינדור קוביות במילוי קרם שוקולד חלב 100 גרם,לינדט ושפרונגלי קילשברג,,לינדט לינדור שוק.חלב,גרמים,100.00,100 גרם,false,,17.90,17.9000,true,1,13826
7610400068505,false,לינדט לינדור בונבוניירה שוקולד חלב 200 גרם,לינדט ושפרונגלי קילשברג,,לינדור בונבוניירה חל,גרמים,200.00,100 גרם,false,,33.90,16.9500,true,1,13830
7610400074155,false,לינדט לינדור קוביות במילוי קרם שוקולד 60% מוצקי קקאו 100 גרם,לינדט ושפרונגלי קילשברג,,לינדט לינדור 60% 100,גרמים,100.00,100 גרם,false,,17.90,17.9000,true,1,13834
7610400091060,false,שוקולד מריר לינדט אקסלנס בתוספת תפוז ושקדים,לינדט ושפרונגלי קילש,,לינדט מריר אקסלנס תפ,גרמים,100.00,100 גרם,false,,17.90,17.9000,true,1,71389
<<<<<<< HEAD
7613030979647,false,דגני בוקר טריקס פירות עולם היורה 480 ג',ג'נרל מילס סאן אדריא,,דגני בוקר טריקס 480,גרמים,480.00,100 גרם,false,,27.90,5.8125,true,1,19450
7613032045753,false,פיטנס - דגני בוקר שוקולד 375 גרם,נסטלה צרפת איטנקורט,,דגני פיטנס שוקולד נס,גרמים,375.00,100 גרם,false,,22.90,6.1067,true,1,19456
7613033548192,false,פיטנס - דגני בוקר שוקולד מריר 375 גרם,נסטלה צרפת איטנקורט,,דגני בוקר פיטנס שוקו,גרמים,375.00,100 גרם,false,,22.90,6.1067,true,1,19473
7613035622623,false,פיטנס - גרנולה שקדים ודבש 300 גרם,שוורצקוף& הנקל דיסלד,,פיטנס גרנולה שקדים ו,גרמים,300.00,100 גרם,false,,15.90,5.3000,true,1,19501
7613035809109,false,פרפקטו רוטב עגבניות ובזיליקום אסם 400 גרם,אסם פרפקטו Perfecto,,פרפקטו רוטב עגבניות,גרמים,400.00,100 גרם,false,,10.90,2.7250,true,1,19506
7613036314114,false,נסקפה גולד Gold קפה נמס מיובש בתוספת קפה קלוי,נסקפה Nescafe,,נסקפה גולד 200 גרם,גרמים,200.00,100 גרם,false,,51.00,25.5000,true,1,19527
7613037204889,false,סטארבקס - פולי קפה אספרסו 450 גרם,נסטלה נספרסו,,סטארבקס פולי קפה אספ,גרמים,450.00,100 גרם,false,,54.90,12.2000,true,1,154154
7613037686906,false,פיטנס שקדים ודבש 355 גרם מופחת סוכר,נסטלה צרפת איטנקורט,,פיטנס שקדים ודבש נסט,גרמים,355.00,100 גרם,false,,22.90,6.4507,true,1,19549
7613037811629,false,דגני בוקר קורנפלקס גו פרי 500 גר',שוורצקוף& הנקל דיסלד,,קורנפלקס גו פרי 500,גרמים,500.00,100 גרם,false,,16.90,3.3800,true,1,53590
7613038451954,false,דגני בוקר שוקולד מופחת סוכר 410 ג' קראנץ',נסטלה צרפת איטנקורט,,קראנץ שוקולד מופחת ס,גרמים,410.00,100 גרם,false,,22.90,5.5854,true,1,19552
7613287302373,false,סטארבקס קפסולות איטליאן סטייל רוסט 56 גרם,נסטלה שוויץ - קפה,,קפסולות סטארבקס איטל,גרמים,56.00,100 גרם,false,,22.90,40.8929,true,1,145054
7613287325808,false,אוסם - דיפ אנד ספרד מטבל איולי שום 295 גרם,נסטלה פולין,,רוטב איולי שום לחיץ,גרמים,295.00,100 גרם,false,,15.90,5.3898,true,1,218726
7613287325822,false,אוסם - דיפ אנד ספרד מטבל מיקס 295 גרם,נסטלה,,רוטב מיקס לחיץ אסם 2,גרמים,295.00,100 גרם,false,,15.90,5.3898,true,1,218711
7613287325853,false,אוסם - דיפ אנד ספרד מטבל איולי ספייסי 295 גרם,נסטלה פולין,,רוטב ספייסי איולי לח,גרמים,295.00,100 גרם,false,,15.90,5.3898,true,1,218712
7613287394323,false,דגני בוקר מולטי צ'יריוס 600 גרם,נסטלה פולין דגני בוק,,מולטי צ'יריוס 100% ד,גרמים,600.00,100 גרם,false,,22.90,3.8167,true,1,163378
7613287821348,false,נתחוני עוף טבעוני סנסשיונל טבעול 350 גרם,ג'נרל מילס סאן אדריא,,נתחוני עוף טבעוני סנ,גרמים,350.00,100 גרם,false,,34.90,9.9714,true,1,228656
7622010001858,false,עוגיות אוראו ממולאות קרם וניל 176 גרם.,פי אר ג'\יי אס אי מנדלז,,עוגיות אוראו סנדביץ,גרמים,176.00,100 גרם,false,,9.90,5.6250,true,1,5125
7622201127206,false,מילקה ממרח אגוזי לוז 350 ג',"נטרה מלה אנ.וי,",,ממרח שוקולד מילקה 35,גרמים,350.00,100 גרם,false,,19.90,5.6857,true,1,171067
7622201139278,false,גבינת שמנת 27% שומן 150 ג' פילדלפיה,מיודלז אספניה פרודוק,,פילדלפיה גבינת שמנת,גרמים,150.00,100 גרם,false,,15.90,10.6000,true,1,17212
7622201521493,false,גבינת פילדלפיה שום ועשבי תיבול 150 גרם,מיודלז אספניה פרודוק,,גבינת שמנת עם שום וע,גרמים,150.00,100 גרם,false,,15.90,10.6000,true,1,322171
7622201801809,false,מילקה שוקולד חלב עם אגוזים 100 גרם חדש,מנדלז דויצ'\לנד סנקס פרו,,מילקה שוקוד חלב עם א,גרמים,100.00,100 גרם,false,,6.90,6.9000,true,1,180023
7622201802363,false,מילקה טבלת שוקולד חלב וצימוקים ואגוזים 100ג',מנדלז דויצ'\לנד סנקס פרו,,מילקה שוקולד חלב עם,גרמים,100.00,100 גרם,false,,6.90,6.9000,true,1,180024
7622201802394,false,שוקולד מילקה חלב מסרונים 100 גרם,מנדלז דויצ'\לנד סנקס פרו,,מילקה שוקולד חלב 100,גרמים,100.00,100 גרם,false,,6.90,6.9000,true,1,180009
7622201808631,false,אוראו מיני עוגיות ממולאות קרם וניל 67גרם,פי.טי. מונדלז אינדונ,,אוראו מיני כוסות בטע,גרמים,67.00,100 גרם,false,,9.90,14.7761,true,1,186633
7622201813390,false,עוגיות מילקה וואפל במילוי קרם קקאו 150 ג,מונדליז סי.אר. ביסקוויט,,מילקה וואפל במילוי ק,גרמים,150.00,100 גרם,false,,14.90,9.9333,true,1,164947
7622210137234,false,עוגיות אוראו עם דאבל קרים וניל 170 גר,מונדלייז,,עוגיות סנדביץ אוראו,גרמים,170.00,100 גרם,false,,9.90,5.8235,true,1,5129
7622210453327,false,עוגיות שוקוצ'יפס במילוי שוקולד סנסיישן,מנדלז פולסקה פרודקשן,,מילקה סנסיישן 156 גר,גרמים,156.00,100 גרם,false,,14.90,9.5513,true,1,5133
7622300489427,false,עוגיות אוראו בציפוי בטעם שוקולד לבן 246 גרם,מנדלז אספנה גאלטס פר,,אוראו פאג שוקולד לבן,גרמים,246.00,100 גרם,false,,17.90,7.2764,true,1,5158
7622300489434,false,"עוגיות אוראו פאדג' בציפוי שוקולד חלב, 246 גרם",מנדלז אספנה גאלטס פר,,אוראו פאג שוקולד חלב,גרמים,246.00,100 גרם,false,,17.90,7.2764,true,1,5159
7622300503079,false,עוגיות ביסקוויט מצופה שוקולד חלב מילקה 200 גרם,מונדלז פולסקה פרודקש,,מילקה מוו - ביסקוויט,גרמים,200.00,100 גרם,false,,14.90,7.4500,true,1,5162
=======
7613030979647,false,דגני בוקר טריקס פירות עולם היורה 480 ג',קבוצת אוסם סחר שותפות מוגבלת,,דגני בוקר טריקס 480,גרמים,480.00,100 גרם,false,,27.90,5.8125,true,1,19450
7613032045753,false,פיטנס דגנים מחיטה מלאה שוקולד 375גרם,קבוצת אוסם סחר שותפות מוגבלת,,דגני פיטנס שוקולד נס,גרמים,375.00,100 גרם,false,,22.90,6.1067,true,1,19456
7613033548192,false,פיטנס - דגני בוקר שוקולד מריר 375 גרם,קבוצת אוסם סחר שותפות מוגבלת,,דגני בוקר פיטנס שוקו,גרמים,375.00,100 גרם,false,,22.90,6.1067,true,1,19473
7613035622623,false,פיטנס גרנולה שקדים ודבש נסטלה (300 גרם),קבוצת אוסם סחר-שות.מוגבלת,,פיטנס גרנולה שקדים ו,גרמים,300.00,100 גרם,false,,15.90,5.3000,true,1,19501
7613035809109,false,פרפקטו רוטב עגבניות ובזיליקום אסם 400 גרם,קבוצת אוסם סחר שותפות מוגבלת,,פרפקטו רוטב עגבניות,גרמים,400.00,100 גרם,false,,10.90,2.7250,true,1,19506
7613036314114,false,נסקפה גולד Gold קפה נמס מיובש בתוספת קפה קלוי,קבוצת אוסם סחר-שות.מוגבלת,,נסקפה גולד 200 גרם,גרמים,200.00,100 גרם,false,,51.00,25.5000,true,1,19527
7613037204889,false,סטארבקס - פולי קפה אספרסו 450 גרם,קבוצת אוסם סחר-שות.מוגבלת,,סטארבקס פולי קפה אספ,גרמים,450.00,100 גרם,false,,54.90,12.2000,true,1,154154
7613037686906,false,פיטנס שקדים ודבש 355 גרם מופחת סוכר,קבוצת אוסם סחר שותפות מוגבלת,,פיטנס שקדים ודבש נסט,גרמים,355.00,100 גרם,false,,22.90,6.4507,true,1,19549
7613037811629,false,קורנפלקס גו פרי ללא גלוטן 500 גר`,קבוצת אוסם סחר שותפות מוגבלת,,קורנפלקס גו פרי 500,גרמים,500.00,100 גרם,false,,16.90,3.3800,true,1,53590
7613038451954,false,דגני בוקר שוקולד מופחת סוכר 410 ג' קראנץ',קבוצת אוסם סחר-שות.מוגבלת,,קראנץ שוקולד מופחת ס,גרמים,410.00,100 גרם,false,,22.90,5.5854,true,1,19552
7613287302373,false,סטארבקס קפסולות איטליאן סטייל רוסט 56 גרם,קבוצת אוסם סחר שותפות מוגבלת,,קפסולות סטארבקס איטל,גרמים,56.00,100 גרם,false,,22.90,40.8929,true,1,145054
7613287325808,false,אוסם - דיפ אנד ספרד מטבל איולי שום 295 גרם,קבוצת אוסם סחר שותפות מוגבלת,,רוטב איולי שום לחיץ,גרמים,295.00,100 גרם,false,,15.90,5.3898,true,1,218726
7613287325822,false,אוסם - דיפ אנד ספרד מטבל מיקס 295 גרם,קבוצת אוסם סחר שותפות מוגבלת,,רוטב מיקס לחיץ אסם 2,גרמים,295.00,100 גרם,false,,15.90,5.3898,true,1,218711
7613287325853,false,אוסם - דיפ אנד ספרד מטבל איולי ספייסי 295 גרם,קבוצת אוסם סחר שותפות מוגבלת,,רוטב ספייסי איולי לח,גרמים,295.00,100 גרם,false,,15.90,5.3898,true,1,218712
7613287394323,false,דגני בוקר מולטי צ'יריוס 600 גרם,קבוצת אוסם סחר שותפות מוגבלת,,מולטי צ'יריוס 100% ד,גרמים,600.00,100 גרם,false,,22.90,3.8167,true,1,163378
7613287821348,false,נתחוני עוף טבעוני סנסשיונל טבעול 350 גרם,קבוצת אוסם סחר-שות.מוגבלת,,נתחוני עוף טבעוני סנ,גרמים,350.00,100 גרם,false,,34.90,9.9714,true,1,228656
7622010001858,false,עוגיות אוראו ממולאות קרם וניל 176 גרם.,דיפלומט מפיצים (1968) בעמ**,,עוגיות אוראו סנדביץ,גרמים,176.00,100 גרם,false,,9.90,5.6250,true,1,5125
7622201127206,false,מילקה ממרח אגוזי לוז 350 ג',דיפלומט מפיצים (1968) בעמ**,,ממרח שוקולד מילקה 35,גרמים,350.00,100 גרם,false,,19.90,5.6857,true,1,171067
7622201139278,false,גבינת פילדלפיה שמנת 150 גר`% (27 שומן),מיודלז אספניה פרודוק,,פילדלפיה גבינת שמנת,גרמים,150.00,100 גרם,false,,15.90,10.6000,true,1,17212
7622201521493,false,גבינת פילדלפיה שום ועשבי תיבול 150 גר` (,מיודלז אספניה פרודוק,,גבינת שמנת עם שום וע,גרמים,150.00,100 גרם,false,,15.90,10.6000,true,1,322171
7622201801809,false,מילקה שוקולד חלב עם אגוזים 100 גרם חדש,מנדלז דויצ'\לנד סנקס פרו,,מילקה שוקוד חלב עם א,גרמים,100.00,100 גרם,false,,6.90,6.9000,true,1,180023
7622201802363,false,מילקה טבלת שוקולד חלב וצימוקים ואגוזים 100ג',מנדלז דויצ'\לנד סנקס פרו,,מילקה שוקולד חלב עם,גרמים,100.00,100 גרם,false,,6.90,6.9000,true,1,180024
7622201802394,false,שוקולד מילקה חלב מסרונים 100 גרם,מנדלז דויצ'\לנד סנקס פרו,,מילקה שוקולד חלב 100,גרמים,100.00,100 גרם,false,,6.90,6.9000,true,1,180009
7622201808631,false,אוראו מיני עוגיות ממולאות קרם וניל 67גרם,דיפלומט מפיצים (1968) בעמ**,,אוראו מיני כוסות בטע,גרמים,67.00,100 גרם,false,,9.90,14.7761,true,1,186633
7622201813390,false,עוגיות מילקה וואפל במילוי קרם קקאו 150 ג,דיפלומט מפיצים (1968) בעמ**,,מילקה וואפל במילוי ק,גרמים,150.00,100 גרם,false,,14.90,9.9333,true,1,164947
7622210137234,false,אוראו עוגיות עם דאבל קרם בטעם וניל 170ג,דיפלומט מפיצים (1968) בעמ**,,עוגיות סנדביץ אוראו,גרמים,170.00,100 גרם,false,,9.90,5.8235,true,1,5129
7622210453327,false,עוגיות שוקוצ'יפס במילוי שוקולד סנסיישן,דיפלומט מפיצים (1968) בעמ**,,מילקה סנסיישן 156 גר,גרמים,156.00,100 גרם,false,,14.90,9.5513,true,1,5133
7622300489427,false,עוגיות אוראו בציפוי בטעם שוקולד לבן 246 גרם,דיפלומט מפיצים (1968) בעמ**,,אוראו פאג שוקולד לבן,גרמים,246.00,100 גרם,false,,17.90,7.2764,true,1,5158
7622300489434,false,"עוגיות אוראו פאדג' בציפוי שוקולד חלב, 246 גרם",דיפלומט מפיצים (1968) בעמ**,,אוראו פאג שוקולד חלב,גרמים,246.00,100 גרם,false,,17.90,7.2764,true,1,5159
7622300503079,false,עוגיות ביסקוויט מצופה שוקולד חלב מילקה 200 גרם,דיפלומט מפיצים (1968) בעמ**,,מילקה מוו - ביסקוויט,גרמים,200.00,100 גרם,false,,14.90,7.4500,true,1,5162
>>>>>>> d048ac2f4f281c9d788043ab4e81b61b0dbe3743
7622300617820,false,מילקה שוקולד חלב במילוי קרם חלב ווניל ושבבי עוגיות אוראו 100 גרם,מנדלז דויצ'\לנד סנקס פרו,,מילקה שוקולד אוראו 1,גרמים,100.00,100 גרם,false,,6.90,6.9000,true,1,5163
7630477891653,false,סטארבקס קפסולות קפה אספרסו נטול 10 יחידו,קבוצת אוסם סחר שותפות מוגבלת,,סטארבקס קפסולות אספר,גרמים,57.00,100 גרם,false,,22.90,40.1754,true,1,98493
7630477891691,false,קפסולות קפה קולומביה (10 יח) סטארבקס ( 5,קבוצת אוסם סחר שותפות מוגבלת,,סטארבקס קפסולות קולו,גרמים,57.00,100 גרם,false,,22.90,40.1754,true,1,98508
7630477891714,false,סטארבקס קפסולות קפה אספרסו 10 יחידות,קבוצת אוסם סחר שותפות מוגבלת,,קפסולות אספרסו סטארב,גרמים,57.00,100 גרם,false,,22.90,40.1754,true,1,108960
7702018469383,false,גילט מארז סכיני גילוח פיוזן ידני 12 יחיד,דיפלומט מפיצים (1968) בעמ,,מארז סכיני גילוח פיו,יחידה,0.00,יחידה,false,,150.90,0.0000,true,1,27352
7702174066631,false,לקקן יוגטה פין פופ במילוי מסטיק 170 גר,קומסטיבלס לה רוזה אס.איי,,יוגטה פינפופ לקקן 10,גרמים,180.00,100 גרם,false,,11.90,6.6111,true,1,42073
7702174068826,false,יוגטה מבחר סוכריות לקקן קשות ממולאות טופי בטעמי יוגורט ופירות 204 גרם,הדקלאים אגודת שיתופי,,יוגטה לקקן חדש 12יח,גרמים,216.00,100 גרם,false,,11.90,5.5093,true,1,42076
7702174068833,false,יוגטה סוכריות קשות על מקל ממולאות טופי בטעמי גלידת פירות 12 יח' 204 גרם,הדקלאים אגודת שיתופי,,'לקקן יוגטה אייס קרי,גרמים,216.00,100 גרם,false,,11.90,5.5093,true,1,42077
7702174070201,false,יוגטה לקקן בטעם מסטיק ממולא טופי בטעם תות 12 יח' 204 גרם,הדקלאים אגודת שיתופי,,לקקן בטעם מסטיק ממול,גרמים,216.00,100 גרם,false,,11.90,5.5093,true,1,42078
<<<<<<< HEAD
7790580421663,false,שוקולד בון בון ריבת חלב 288 גרם,ארקור,,בון בון ריבת חלב וקר,גרמים,288.00,100 גרם,false,,19.90,6.9097,true,1,345046
7791875005353,false,ריבת חלב הוואנה דוצה דה לצה 450 גרם,מיגה פוד קומרס,,הוואנה ריבת חלב 450,גרמים,450.00,100 גרם,false,,19.90,4.4222,true,1,246317
7792860006218,false,סוכריות לקקנים בייבי דול Baby Doll לריטר,גוד פוד פרודקטס S.p,,בייבי דול לקקן 20גר,גרמים,24.00,100 גרם,false,,2.90,12.0833,true,1,13842
7804414000860,false,יין דון חוליו קברנה סוביניון,צ'ילה לואיס פיליפה אדוארדס,,דון חוליו קברנה סובנ,מיליליטרים,750.00,"100 מ""ל",false,,30.90,4.1200,true,1,7363
7804414000884,false,"דון חוליו שרדונה 750 מ""ל",צ'ילה לואיס פיליפה אדוארדס,,דון חוליו שרדונה 750,מיליליטרים,750.00,"100 מ""ל",false,,30.90,4.1200,true,1,7365
=======
7790580421663,false,שוקולד בון בון ריבת חלב 288 גרם,לירון קרביץ יבוא שיווק וסחר,,בון בון ריבת חלב וקר,גרמים,288.00,100 גרם,false,,19.90,6.9097,true,1,345046
7791875005353,false,ריבת חלב הוואנה דוצה דה לצה 450 גרם,משה סידס ובנו בעמ,,הוואנה ריבת חלב 450,גרמים,450.00,100 גרם,false,,19.90,4.4222,true,1,246317
7792860006218,false,סוכריות לקקן בייבי דול לריטייר (24 גרם),גוד פוד פרודקטס S.p,,בייבי דול לקקן 20גר,גרמים,24.00,100 גרם,false,,2.90,12.0833,true,1,13842
7804414000860,false,קברנה סוביניון דון חוליו (750 מל),צ'ילה לואיס פיליפה אדוארדס,,דון חוליו קברנה סובנ,מיליליטרים,750.00,"100 מ""ל",false,,30.90,4.1200,true,1,7363
7804414000884,false,שרדונה BIN דון חוליו (750 מל),צ'ילה לואיס פיליפה אדוארדס,,דון חוליו שרדונה 750,מיליליטרים,750.00,"100 מ""ל",false,,30.90,4.1200,true,1,7365
>>>>>>> d048ac2f4f281c9d788043ab4e81b61b0dbe3743
7891024124826,false,קולגייט משחת אופטיק ספרקלינג וייט 75מל,הנסיך- מפעל לייצור ט,,מש.שיניים אופטיק ווי,מיליליטרים,75.00,"100 מ""ל",false,,21.90,29.2000,true,1,21872
8000070003842,false,לוואצה מס' 7 קפסולות לקפה 120 גרם,לווצה טורינו,,קפסולת LAVAZZA DEKCR,גרמים,120.00,100 גרם,false,,29.90,24.9167,true,1,344721
8000070064577,false,קפסולות קפה לוואצה קוואליטה אורו חוזק 8,לואיג'י לוואצה,,קפסולת LAVAZZA ORO ר,גרמים,120.00,100 גרם,false,,29.90,24.9167,true,1,344725
8000215204677,false,ויטריז - משקה שיבולת שועל בריסטה אורגני,בטר אנד דיפרנט,,משקה שיבולת שועל אור,ליטרים,1.00,ליטר,false,,13.90,13.9000,true,1,253582
8000215204714,false,משקה שיבולת שועל אורגני פרימונה 1 ליטר,בטר אנד דיפרנט,,משקה שיבולת שועל אור,ליטרים,1.00,ליטר,false,,13.90,13.9000,true,1,106260
8000380004669,false,וופל לואקר סנדוויץ קוביות ושוקולד 200ג',"א. לואקר, קונפקט ג'י",,לואקר וופל סנדוויץ',גרמים,200.00,100 גרם,false,,13.90,6.9500,true,1,12843
8000380004676,false,קוביות וופל סנדוויץ Sandwich עם וניל וחלב,"א. לואקר, קונפקט ג'י",,לואקר וופל קרם וניל,גרמים,200.00,100 גרם,false,,13.90,6.9500,true,1,12844
8000380004911,false,קוביות וופל קואדרטיני Quadratini קרם אגוזים,קריניציה ויטמינה אס,,וופל קואדרטיני אגוז,גרמים,250.00,100 גרם,false,,14.90,5.9600,true,1,12846
8000380004966,false,וופל קוארדטיני לואקר קוביות שוקולד 250ג',קריניציה ויטמינה אס,,וופל קואדרטיני קקאו,גרמים,250.00,100 גרם,false,,14.90,5.9600,true,1,12849
8000380007219,false,וופל לואקר ממולא קרם אגוזים 175 גרם,ליימן שליסל בע`מ,,וופל לואקר אגוז 175,גרמים,175.00,100 גרם,false,,12.90,7.3714,true,1,12855
8000380007271,false,וופל במילוי קרם חלב לואקר (175 גרם),ליימן שליסל בע`מ,,וופל לואקר חלב 175 ג,גרמים,175.00,100 גרם,false,,12.90,7.3714,true,1,12859
8000380144044,false,גרדנה וופל מצופה שוקולד חלב לואקר 200 גרם,ליימן שליסל בע`מ,,וופל גרדנה שוקולד 20,גרמים,200.00,100 גרם,false,,14.90,7.4500,true,1,12864
8000380180745,false,וופל קוביות קקאו במילוי קרם חלב לואקר 250 גרם,"א. לואקר, קונפקט ג'י",,וופל קואדרטיני לואקר,גרמים,250.00,100 גרם,false,,14.90,5.9600,true,1,12888
<<<<<<< HEAD
8000380207183,false,שוקולד לואקר טורטינה חמאת בוטנים 126 גר,ליימן מותגים,,טורטינה 1/6 חמאת בוט,גרמים,126.00,100 גרם,false,,17.90,14.2063,true,1,315188
8000500009673,false,בונבונרייה פררו רושר 300 גרם,פררו - אלבה,,רושר בונבוניירה 300,גרמים,300.00,100 גרם,false,,46.90,15.6333,true,1,41457
8000500023624,false,חטיפי הפי היפו Happy Hippo במילוי קרם חלב וקקאו,פררו - אלבה,,הפי היפו 5*20ג,גרמים,102.00,100 גרם,false,,13.90,13.6275,true,1,41461
8000500026731,false,שוקולד ביצי הפתעה קינדר שלישייה,פררו אס.פי.אי,,קינדר ביצי שוקולד 3*,גרמים,60.00,100 גרם,false,,16.00,26.6667,true,1,41463
8000500029350,false,מארז וופל מצופה 3יח' *43 גרם קינדר בואנו,פררו - אלבה,,קינדר בואנו 3*43 גרם,גרמים,129.00,100 גרם,false,,10.50,8.1395,true,1,41464
8000500071083,false,אצבעות שוקולד קינדר Kinder שש עשרה יחידות,פררו - אלבה,,קינדר אצבעות שוקולד,גרמים,200.00,100 גרם,false,,12.90,6.4500,true,1,41469
8000500075708,false,ביצי שוקולד הפתעה קינדר ג'וי כחול בנים שלישיה,פררו - אלבה,,קינדר גוי 1/3 כחול 3,גרמים,60.00,100 גרם,false,,14.90,24.8333,true,1,41470
8000500121436,false,מארז קינדר בואנו Kinder Bueno לבן שלוש יחידות,פררו - אלבה,,קינדר בואנו לבן 3*43,גרמים,117.00,100 גרם,false,,10.50,8.9744,true,1,41473
8000500227848,false,נוטלה - בי רדי אצבעות ביסקוויט במילוי שוקולד 6 יח' * 22 גרם,פררו,,'וופל מלוח במילוי ממ,גרמים,132.00,100 גרם,false,,11.90,9.0152,true,1,41488
8000500249352,false,קינדר בואנו מיני מיקס שקית 205 ג',פררו - אלבה,,קינדר בואנו מיני מיק,יחידה,0.00,יחידה,false,,19.90,0.0000,true,1,41496
8000500256213,false,קינדר שוקולד מיני בשקית.,פררו - אלבה,,פרר-קינדר שוקולד מינ,גרמים,120.00,100 גרם,false,,10.90,9.0833,true,1,41498
8000500267103,false,קינדר דליס עוגת ספוג קקאו במילוי חלבי*10,קינדר Kinder,,פררו-קינדר דליס עשיר,יחידה,0.00,יחידה,false,,21.90,0.0000,true,1,41502
8000500269169,false,קינדר קארדס Kinder Cards - חמישייה,קריות זול,,קינדר קארדס 128 גרם,גרמים,128.00,100 גרם,false,,12.90,10.0781,true,1,113054
8000500386941,false,"ממרח קקאו עם אגוזי לוז, 900 גרם",קדבורי,,ממרח קקאו עם אגוזי ל,גרמים,900.00,100 גרם,false,,33.90,3.7667,true,1,291353
8000798000307,false,מברשת מגהץ איכותית (,מ.א. ייצור ויבוא מטליות,,מברשת מגהץ איכותית (,יחידה,0.00,יחידה,false,,5.90,0.0000,true,1,13593
8001003100164,false,יוגטה סוכריות ג'לי בטעמי פירות 450 גרם,יוגטה yogueta,,יוגטה סוכריות ג'לי פ,גרמים,450.00,100 גרם,false,,11.90,2.6444,true,1,42094
8001090832450,false,"שמפו פנטן הנוסחה הקלאסית 660 מ""ל",פרוקטר אנד גמבל,,שמפו הנוסחה הקלאסית,מיליליטרים,660.00,"100 מ""ל",false,,21.90,3.3182,true,1,68145
8001090832573,false,"שמפו פנטן לחות מוגברת 660 מ""ל",פרוקטר אנד גמבל,,שמפו לחות מוגברת פנט,מיליליטרים,660.00,"100 מ""ל",false,,21.90,3.3182,true,1,68147
8001090832856,false,"פנטן 660 מ""ל קונדישינר מרוקאי משקם",פרוקטר אנד גמבל,,מרכך שמן מרוקאי משקם,מיליליטרים,660.00,"100 מ""ל",false,,21.90,3.3182,true,1,68149
8001090833167,false,גל כביסה אריאל בניחוח הרים 2.365 ליטר,פרוקטור אנד גמבל,,אריאל ג'ל כביסה ניחו,ליטרים,2.37,ליטר,false,,34.90,14.7257,true,1,27473
8001090899194,false,תחבושות אולוויז פלטינום נורמל 24 יחידות,פרוקטר אנד גמבל,,תחבושות פלטינום נורמ,יחידה,0.00,יחידה,false,,23.90,0.0000,true,1,27485
8001090899224,false,תחבושות אולוויז פלטינום לונג 20 יחידות,פרוקטר אנד גמבל,,תחבושות פלטינום לונג,יחידה,0.00,יחידה,false,,23.90,0.0000,true,1,27486
8001090899255,false,תחבושות אולוויז פלטינום לילה 16 יחידות,פרוקטר אנד גמבל,,תחבושות פלטינום לילה,יחידה,0.00,יחידה,false,,23.90,0.0000,true,1,27487
=======
8000380207183,false,שוקולד לואקר טורטינה חמאת בוטנים 126 גר,ליימן שליסל בע`מ,,טורטינה 1/6 חמאת בוט,גרמים,126.00,100 גרם,false,,17.90,14.2063,true,1,315188
8000500009673,false,בונבונרייה פררו רושר 300 גרם,פרימיום-חברה לדברי מתיקה ולמסח,,רושר בונבוניירה 300,גרמים,300.00,100 גרם,false,,46.90,15.6333,true,1,41457
8000500023624,false,חטיפי הפי היפו Happy Hippo במילוי קרם חלב וקקאו,פרימיום-חברה לדברי מתיקה ולמסח,,הפי היפו 5*20ג,גרמים,102.00,100 גרם,false,,13.90,13.6275,true,1,41461
8000500026731,false,ביצי שוקולד קינדר מארז 3 יח סופרייז,פרימיום-חברה לדברי מתיקה ולמסח,,קינדר ביצי שוקולד 3*,גרמים,60.00,100 גרם,false,,16.00,26.6667,true,1,41463
8000500029350,false,מארז וופל מצופה 3יח' *43 גרם קינדר בואנו,פרימיום-חברה לדברי מתיקה ולמסח,,קינדר בואנו 3*43 גרם,גרמים,129.00,100 גרם,false,,10.50,8.1395,true,1,41464
8000500071083,false,אצבעות שוקולד קינדר Kinder שש עשרה יחידות,פרימיום-חברה לדברי מתיקה ולמסח,,קינדר אצבעות שוקולד,גרמים,200.00,100 גרם,false,,12.90,6.4500,true,1,41469
8000500075708,false,ביצי שוקולד הפתעה קינדר ג'וי כחול בנים שלישיה,פרימיום-חברה לדברי מתיקה ולמסח,,קינדר גוי 1/3 כחול 3,גרמים,60.00,100 גרם,false,,14.90,24.8333,true,1,41470
8000500121436,false,מארז קינדר בואנו Kinder Bueno לבן שלוש יחידות,פרימיום-חברה לדברי מתיקה ולמסח,,קינדר בואנו לבן 3*43,גרמים,117.00,100 גרם,false,,10.50,8.9744,true,1,41473
8000500227848,false,נוטלה - בי רדי אצבעות ביסקוויט במילוי שוקולד 6 יח' * 22 גרם,פרימיום-חברה לדברי מתיקה ולמסח,,'וופל מלוח במילוי ממ,גרמים,132.00,100 גרם,false,,11.90,9.0152,true,1,41488
8000500249352,false,קינדר בואנו מיני מיקס שקית 205 ג',פרימיום-חברה לדברי מתיקה ולמסח,,קינדר בואנו מיני מיק,יחידה,0.00,יחידה,false,,19.90,0.0000,true,1,41496
8000500256213,false,קינדר שוקולד חלב במילוי קרם חלבי,פרימיום-חברה לדברי מתיקה ולמסח,,פרר-קינדר שוקולד מינ,גרמים,120.00,100 גרם,false,,10.90,9.0833,true,1,41498
8000500267103,false,קינדר דליס עוגת ספוג קקאו במילוי חלבי*10,פרימיום-חברה לדברי מתיקה ולמסח,,פררו-קינדר דליס עשיר,יחידה,0.00,יחידה,false,,21.90,0.0000,true,1,41502
8000500269169,false,קינדר קארדס Kinder Cards - חמישייה,פרימיום-חברה לדברי מתיקה ולמסח,,קינדר קארדס 128 גרם,גרמים,128.00,100 גרם,false,,12.90,10.0781,true,1,113054
8000500386941,false,נוטלה ממרח קקאו עם אגוזי לוז 900 גר`,פרימיום-חברה לדברי מתיקה ולמסח,,ממרח קקאו עם אגוזי ל,גרמים,900.00,100 גרם,false,,33.90,3.7667,true,1,291353
8000798000307,false,מברשת מגהץ איכותית (,מ.א.ייצור ויבוא מטליות בעמ,,מברשת מגהץ איכותית (,יחידה,0.00,יחידה,false,,5.90,0.0000,true,1,13593
8001003100164,false,יוגטה סוכריות ג'לי בטעמי פירות 450 גרם,ליימן שליסל בע`מ,,יוגטה סוכריות ג'לי פ,גרמים,450.00,100 גרם,false,,11.90,2.6444,true,1,42094
8001090832450,false,"שמפו פנטן הנוסחה הקלאסית 660 מ""ל",דיפלומט מפיצים (1986) בע`מ,,שמפו הנוסחה הקלאסית,מיליליטרים,660.00,"100 מ""ל",false,,21.90,3.3182,true,1,68145
8001090832573,false,שמפו שמן לחות מוגברת 660 מל פנטן,דיפלומט מפיצים (1986) בע`מ,,שמפו לחות מוגברת פנט,מיליליטרים,660.00,"100 מ""ל",false,,21.90,3.3182,true,1,68147
8001090832856,false,"פנטן 660 מ""ל קונדישינר מרוקאי משקם",דיפלומט מפיצים (1986) בע`מ,,מרכך שמן מרוקאי משקם,מיליליטרים,660.00,"100 מ""ל",false,,21.90,3.3182,true,1,68149
8001090833167,false,גל כביסה אריאל בניחוח הרים 2.365 ליטר,דיפלומט מפיצים (1986) בע`מ,,אריאל ג'ל כביסה ניחו,ליטרים,2.37,ליטר,false,,34.90,14.7257,true,1,27473
8001090899194,false,תחבושות אולוויז פלטינום נורמל 24 יחידות,דיפלומט מפיצים (1986) בע`מ,,תחבושות פלטינום נורמ,יחידה,0.00,יחידה,false,,23.90,0.0000,true,1,27485
8001090899224,false,תחבושות אולוויז פלטינום לונג 20 יחידות,דיפלומט מפיצים (1986) בע`מ,,תחבושות פלטינום לונג,יחידה,0.00,יחידה,false,,23.90,0.0000,true,1,27486
8001090899255,false,תחבושות אולוויז פלטינום לילה 16 יחידות,דיפלומט מפיצים (1986) בע`מ,,תחבושות פלטינום לילה,יחידה,0.00,יחידה,false,,23.90,0.0000,true,1,27487
>>>>>>> d048ac2f4f281c9d788043ab4e81b61b0dbe3743
8001620011935,false,"סן בנדטו- מים מינרלים מוגז - מארז שישיית 500 מ""ל",אקווה מינרלה סאן בנד,,סאן בנדטו מוגז 6*500,ליטרים,3.00,ליטר,false,,13.90,4.6333,true,1,9558
8001620019160,false,"סן בנדטו מים מינרלים בטעם אפרסק 500 מ""ל",אקווה מינרלה סאן בנדטו ב,,סאן בנדטו משקה בטעם,מיליליטרים,400.00,"100 מ""ל",false,,6.90,1.7250,true,1,310500
8001841096889,false,"נוזל לניקוי כלים לימון קלאסי 900 מ""ל",דיפלומט מפיצים (1968) בעמ,,פיירי קלאסיק לימון 9,מיליליטרים,900.00,"100 מ""ל",false,,8.90,0.9889,true,1,27505
8001841470252,false,נוזל ניקוי כלים פייר,,,נוזל ניקוי כלים פייר,מיליליטרים,500.00,"100 מ""ל",false,,10.90,2.1800,true,1,373336
8001841625287,false,סבון כלים פלטינום לימון X3 פעולות להסרת שומנים,דיפלומט מפיצים (1968) בעמ,,פיירי נוזל כלים פלטי,ליטרים,1.01,ליטר,false,,18.90,18.7129,true,1,72348
8001841653624,false,פיירי נוזל כלים 625,,,פיירי נוזל כלים 625,מיליליטרים,625.00,"100 מ""ל",false,,10.90,1.7440,true,1,331658
8001841663654,false,"פיירי נוזל כלים אקסטרה 650 מ""ל - צהוב",פרוקטר אנד גמבל,,פיירי נוזל כלים 650,מיליליטרים,650.00,"100 מ""ל",false,,10.90,1.6769,true,1,336601
8001841941929,false,אולוויז וליו פק לילה בטוח אקסטרא 16 יחידות,דיפלומט מפיצים (1986) בע`מ,,אולוויז וליו פק לילה,יחידה,0.00,יחידה,false,,23.90,0.0000,true,1,267506
8001943549122,false,צ'וקטה מטבעות שוקולד חלב 40 ג' נוכרי,ואל קור קורסניני אס אנ ס,,צ`וקטה מטבעות שוקולד,גרמים,40.00,100 גרם,false,,4.90,12.2500,true,1,42100
8002450202005,false,שמפניה ספרקלטיני אסאי ורדי (750 מל),הכרם - משקאות חריפים בעמ,,ורדי ספרקלטיני אסאי,מיליליטרים,750.00,"100 מ""ל",false,,31.90,4.2533,true,1,7381
8002910043476,false,ויט רצועות שעווה מוכנות לקו הביקיני 12 יחידות,רקיט בנקיזר (ניר איסט) בעמ,,רצועות שעווה לבית הש,יחידה,0.00,יחידה,false,,33.90,0.0000,true,1,21092
8003012013596,false,קפסולות ויוסה גריבלד,,,קפסולות ויוסה גריבלד,גרמים,55.00,100 גרם,false,,9.90,18.0000,true,1,236763
8003012013602,false,קפסולות אורו גריבלדי,,,קפסולות אורו גריבלדי,גרמים,55.00,100 גרם,false,,9.90,18.0000,true,1,236777
8003012013626,false,קפסולות קולומביה גריבאלדי אלמניום 10 יח,,,קפסולות קולומביה גרי,גרמים,55.00,100 גרם,false,,9.90,18.0000,true,1,236792
8003012013633,false,קפסולות ברזיל גריבלד,,,קפסולות ברזיל גריבלד,גרמים,55.00,100 גרם,false,,9.90,18.0000,true,1,236778
8004030022010,false,ירקות גינה עם טונה ריו מרה אינסלטיסימי 160 ג',"בולטון אלימנטרי בע""\מ",,טונה וירקות גינה ריו,גרמים,160.00,100 גרם,false,,17.90,11.1875,true,1,21880
8004030177000,false,ריו מארה טונה בשמן זית עם צ`לי שלישיות 8,ש. שסטוביץ בע`מ,,טונה בשמן זית עם צ'י,גרמים,240.00,100 גרם,false,,28.90,12.0417,true,1,21886
8004030180000,false,ריו מרה טונה בשמן זית כתית מעולה 3*80 גרם,"בולטון אלימנטרי בע""\מ",,ריו מרה טונה בשמן זי,גרמים,240.00,100 גרם,false,,28.90,12.0417,true,1,373003
8005110002243,false,רכז עגבניות Doppio Concentr בשפופרת 185 ג' MUTTI,רסטרטו יבוא ושיווק בעמ*אין החז,,תרכיז MUTTI עגבניות,גרמים,185.00,100 גרם,false,,8.90,4.8108,true,1,96358
8005110170300,false,עגבניות מרוסקות חתוכות מוטי MUTTI שלישיה *400,רסטרטו יבוא ושיווק בעמ*אין החז,,עגבניות MUTTI מרוסקו,קילוגרמים,1.20,"ק""ג",false,,17.90,14.9167,true,1,51690
8005200256587,false,נסטי - תה קר בטעם אפרסק 1.5 ליטר,מפעל סאנפלגרינו S.P.A,,נסטי אפרסק 1.5 ליטר,ליטרים,1.50,ליטר,false,,8.90,5.9333,true,1,217565
<<<<<<< HEAD
8005803010357,false,גריסיני קלאסי - מקלות אפויים עם שמן זית ומלח,"אינסטנטה בע""מ",,גריסיני בטעם קלאסי 1,גרמים,125.00,100 גרם,false,,8.50,6.8000,true,1,12904
8006227000399,false,מנצאטו-לחם פרוס לבן 400 גרם,,,לחם מחמצת פרוס לבן 4,גרמים,400.00,100 גרם,false,,16.90,4.2250,true,1,320294
8006227000405,false,סמנצאטו-לחם פרוס חיטה מלאה 400 גרם,,,לחם מחמצת פרוס חיטה,גרמים,400.00,100 גרם,false,,16.90,4.2250,true,1,320295
8006540112823,false,"לנור מרכך כביסה מרוכז בניחוח האוקיינוס 900 מ""ל",פרוקטר אנד גמבל,,לנור מרכך מרוכז בניח,מיליליטרים,900.00,"100 מ""ל",false,,16.90,1.8778,true,1,157540
8006540404850,false,דיסקריט תחבושות לבריחת שתן לונג 10 יח,פרוקטר & גמבל,,תחבושות אולוויז דיסק,יח',10.00,יח',false,,18.90,1.8900,true,1,343092
=======
8005803010357,false,גריסיני קלאסי - מקלות אפויים עם שמן זית ומלח,ליימן שליסל בע`מ,,גריסיני בטעם קלאסי 1,גרמים,125.00,100 גרם,false,,8.50,6.8000,true,1,12904
8006227000399,false,מנצאטו-לחם פרוס לבן 400 גרם,,,לחם מחמצת פרוס לבן 4,גרמים,400.00,100 גרם,false,,16.90,4.2250,true,1,320294
8006227000405,false,סמנצאטו-לחם פרוס חיטה מלאה 400 גרם,,,לחם מחמצת פרוס חיטה,גרמים,400.00,100 גרם,false,,16.90,4.2250,true,1,320295
8006540112823,false,"לנור מרכך כביסה מרוכז בניחוח האוקיינוס 900 מ""ל",דיפלומט מפיצים (1968) בעמ,,לנור מרכך מרוכז בניח,מיליליטרים,900.00,"100 מ""ל",false,,16.90,1.8778,true,1,157540
8006540404850,false,דיסקריט תחבושות לבריחת שתן לונג 10 יח,דיפלומט מפיצים (1968) בעמ,,תחבושות אולוויז דיסק,יח',10.00,יח',false,,18.90,1.8900,true,1,343092
>>>>>>> d048ac2f4f281c9d788043ab4e81b61b0dbe3743
8006540628737,false,שמפו הד שולדרס קלאסי,,,שמפו הד שולדרס קלאסי,מיליליטרים,350.00,"100 מ""ל",false,,16.90,4.8286,true,1,344927
8008660210038,false,מעדן ריבה מנץ אנד גאססר תות שדה 300 גר,תה ויסוצקי (ישראל) בעמ,,מעדן תות שדה 300 גר`,גרמים,300.00,100 גרם,false,,17.90,5.9667,true,1,24853
8008857310343,false,"פסטה רג'ייה 1 ק""ג",,,"פסטה רג'ייה 1 ק""ג",קילוגרמים,1.00,"ק""ג",false,,10.90,10.9000,true,1,304731
8008912010072,false,ליגורי- לינגוויני מספר 7 500גר,תה ויסוצקי (ישראל)בעמ,,פסטה לינגוויני מספר,גרמים,500.00,100 גרם,false,,8.90,1.7800,true,1,309127
8008912010270,false,"ליגורי פסטה קסרצ'ה מספר 27, 500 גר'",תה ויסוצקי (ישראל)בעמ,,פסטה קסרצ'ה מספר 27,גרמים,500.00,100 גרם,false,,8.90,1.7800,true,1,309128
8008912010317,false,LIGUORI פסטה פוזילי 500 גרם מספר 31,תה ויסוצקי (ישראל)בעמ,,פסטה פוזלי מספר 31 -,גרמים,500.00,100 גרם,false,,8.90,1.7800,true,1,309130
8008912010331,false,"ליגורי פסטה ניוקי סרדי בצורת קונכיות, 500 גר'",תה ויסוצקי (ישראל)בעמ,,פסטה ניוקטי סרדי בצו,גרמים,500.00,100 גרם,false,,8.90,1.7800,true,1,363095
8008912010423,false,פסטה פנה ריגטה מס (42 500 גר`)ליגורי,תה ויסוצקי (ישראל) בעמ,,פסטה פנה ריגטה מספר,גרמים,500.00,100 גרם,false,,8.90,1.7800,true,1,309131
8015997000911,false,מאריני- בישקוטים פריכים 200 גרם,Biscottificio Verona,,בישקוטים פריכים 200,גרמים,200.00,100 גרם,false,,6.90,3.4500,true,1,320266
8023788030610,false,שוקולד חלב 300 גרם,,,שוקולד חלב 300 גרם,גרמים,300.00,100 גרם,false,,17.90,5.9667,true,1,329740
8023788030627,false,שוקולד מריר מעולה 3,,,שוקולד מריר מעולה 3,גרמים,300.00,100 גרם,false,,17.90,5.9667,true,1,329725
8023788030634,false,שוקולד חלב עם שברי א,,,שוקולד חלב עם שברי א,גרמים,300.00,100 גרם,false,,18.90,6.3000,true,1,329741
8023788030658,false,עוגיות מלוחות בטעם ט,,,עוגיות מלוחות בטעם ט,גרמים,400.00,100 גרם,false,,12.90,3.2250,true,1,362860
8023788030665,false,עוגיות מלוחות בטעם ב,,,עוגיות מלוחות בטעם ב,גרמים,400.00,100 גרם,false,,12.90,3.2250,true,1,362861
8023788030672,false,עוגיות מלוחות בתוספת,,,עוגיות מלוחות בתוספת,גרמים,400.00,100 גרם,false,,12.90,3.2250,true,1,362862
8023788030689,false,עוגיות מלוחות בטעם ע,,,עוגיות מלוחות בטעם ע,גרמים,400.00,100 גרם,false,,12.90,3.2250,true,1,363114
<<<<<<< HEAD
8024985002783,false,סמוזי נטורה נובה גזר ודלעת 100 גרם,נטורה נובה,,נטורה נובה - סמוזי ג,גרמים,100.00,100 גרם,false,,5.50,5.5000,true,1,106467
8024985002950,false,נטורה נובה-סמוזי שזיף אורגני 100 גרם,נטורה נובה,,נטורה נובה - סמוזי ש,גרמים,100.00,100 גרם,false,,5.50,5.5000,true,1,281329
8024985002967,false,סמוזי נטורה נובה בננה תרד 100 גרם,נטורה נובה,,נטורה נובה - סמוזי ב,גרמים,100.00,100 גרם,false,,5.50,5.5000,true,1,281286
8024985008037,false,סמוזי נטורה נובה סמוצי תפוח 100 גרם,"נטורפוד בע""מ",,נטורה נובה - סמוזי ת,גרמים,100.00,100 גרם,false,,5.50,5.5000,true,1,106471
8024985008044,false,נטורה משקה סמודי אגסים אורגני 100 גר,"נטורפוד בע""מ",,נטורה נובה - סמוזי א,גרמים,100.00,100 גרם,false,,5.50,5.5000,true,1,106472
8024985008051,false,נטורה סמודי פירות אדומים אורגניים 100מל,"נטורפוד בע""מ",,נטורה נובה - סמוזי פ,גרמים,100.00,100 גרם,false,,5.50,5.5000,true,1,106473
=======
8024985002783,false,מחית פירות סמוצ`י תפוח גזר דלעת ללא תוספ,נטורפוד בעמ,,נטורה נובה - סמוזי ג,גרמים,100.00,100 גרם,false,,5.50,5.5000,true,1,106467
8024985002950,false,מחית פירות סמוצ`י שזיף אורגנית נטורה נוב,נטורפוד בעמ,,נטורה נובה - סמוזי ש,גרמים,100.00,100 גרם,false,,5.50,5.5000,true,1,281329
8024985002967,false,מחית סמוצ`י בננה תרד נטורה נובה 100 גרם,נטורפוד בעמ,,נטורה נובה - סמוזי ב,גרמים,100.00,100 גרם,false,,5.50,5.5000,true,1,281286
8024985008037,false,מחית פירות סמוצ`י תפוח אורגנית ללא תוספת,"נטורפוד בע""מ",,נטורה נובה - סמוזי ת,גרמים,100.00,100 גרם,false,,5.50,5.5000,true,1,106471
8024985008044,false,מחית פירות סמוצ`י אגס אורגנית ללתס נטור,"נטורפוד בע""מ",,נטורה נובה - סמוזי א,גרמים,100.00,100 גרם,false,,5.50,5.5000,true,1,106472
8024985008051,false,מחית פירות סמוצ`י פירות אדומים אורגנית ל,"נטורפוד בע""מ",,נטורה נובה - סמוזי פ,גרמים,100.00,100 גרם,false,,5.50,5.5000,true,1,106473
>>>>>>> d048ac2f4f281c9d788043ab4e81b61b0dbe3743
8032880800243,false,פיקניק הפתעה - אגוזי לוז ומקלות אפויים,"הוסטה איטליה, ס.ר.ל.",,פיקניק הפתעה 50ג,גרמים,50.00,100 גרם,false,,9.90,19.8000,true,1,12912
8033413430708,false,ליקר למונצ'ילו וילה מסה,וילה מאסה,,ליקר לימונצ'לו וילה,מיליליטרים,700.00,"100 מ""ל",false,,100.20,14.3143,true,1,7395
8076800195019,false,ברילה - צ.א ספגטי מס1 קפליני 500 גרם,ברילה גי.אי.אר פרטלי ס.פ,,ספגטי קפליני מס' 1 ב,גרמים,500.00,100 גרם,false,,6.90,1.3800,true,1,21897
8076800195033,false,ברילה - צ.א ספגטיני מס3 חדש 500 גרם,ברילה גי.אי.אר פרטלי ס.פ,,ספגטי מס' 3 ברילה 50,גרמים,500.00,100 גרם,false,,6.90,1.3800,true,1,21898
8076800195057,false,ברילה - צ.א ספגטי מס5 חדש 500 גרם,ברילה גי.אי.אר פרטלי ס.פ,,ספגטיני מס' 5 ברילה,גרמים,500.00,100 גרם,false,,6.90,1.3800,true,1,21899
8076800195132,false,ברילה - צ.א בבטה מס13 500 גרם,ברילה גי.אי.אר פרטלי ס.פ,,ספגטי בבטה מס' 13 בר,גרמים,500.00,100 גרם,false,,6.90,1.3800,true,1,21900
8076802085738,false,ברילה צ.ק פנה רגטה מס' 73 500 גרם,ברילה גי.אי.אר פרטלי ס.פ,,פנה רגטה מס' 73 בריל,גרמים,500.00,100 גרם,false,,6.90,1.3800,true,1,21904
<<<<<<< HEAD
8076808050440,false,פסטה מקרוני מספר 44 ברילה 500 גרם,ברילה Barilla,,פסטה מקרוני מס' 44 ב,גרמים,500.00,100 גרם,false,,6.90,1.3800,true,1,21908
=======
8076808050440,false,פסטה מקרוני מספר 44 ברילה 500 גרם,ש. שסטוביץ בע`מ,,פסטה מקרוני מס' 44 ב,גרמים,500.00,100 גרם,false,,6.90,1.3800,true,1,21908
>>>>>>> d048ac2f4f281c9d788043ab4e81b61b0dbe3743
8076808060654,false,פסטה פרפלה מספר 65 ברילה 500 גרם,ברילה גי.אי.אר פרטלי ס.פ,,פסטה פרפלה 65 ברילה,גרמים,500.00,100 גרם,false,,6.90,1.3800,true,1,21909
8076808150072,false,ברילה - צ.א ספגטוני מס7 חדש 500 גרם,ברילה גי.אי.אר פרטלי ס.פ,,ספגטי מס' 7 ברילה 50,גרמים,500.00,100 גרם,false,,6.90,1.3800,true,1,21911
8076809512268,false,פסטה גירנדולה טורסדס מספר 34 ברילה 500 גרם,ברילה גי.אי.אר פרטלי ס.פ,,פסטה גירנדולה מס' 34,גרמים,500.00,100 גרם,false,,6.90,1.3800,true,1,21913
8076809513395,false,ברילה פומודורו רוטב עגבניות קלאסי 400 גר,ברילה גי.אי.אר פרטלי ס.פ,,ברילה רוטב פורמודרו,גרמים,400.00,100 גרם,false,,16.90,4.2250,true,1,21915
8076809513654,false,בסיס רוטב עגבניות לבולונז ברילה 400 גרם,ברילה גי.אי.אר פרטלי ס.פ,,ברילה רוטב עגבניות ל,גרמים,400.00,100 גרם,false,,16.90,4.2250,true,1,21917
8076809513739,false,ברילה רוטב עגבניות עם בזיליקום 400 גרם,ברילה גי.אי.אר פרטלי ס.פ,,ברילה רוטב בזיליקום,גרמים,400.00,100 גרם,false,,16.90,4.2250,true,1,21920
8076809515399,false,ברילה אמיליאנה טליאטלה 500 גר`ברילה,ברילה גי.אי.אר פרטלי ס.פ,,ברילה אמיליאנה טליאט,גרמים,500.00,100 גרם,false,,18.90,3.7800,true,1,64320
8410076600622,false,חטיפי גרנולה קראנצ'י עם שוקולד מריר נייצ'ר ואלי 210 גרם,ג'נרל מילס סאן אדריאן,,חטיף קראנצי שבבי שוק,גרמים,210.00,100 גרם,false,,19.90,9.4762,true,1,12917
8410128783587,false,ויוה סוי שיבולת שועל בריסטה קרטונית,טמפו משקאות בעמ,,ויוה סוי שיבולת שועל,ליטרים,1.00,ליטר,false,,11.90,11.9000,true,1,321112
8410342003508,false,"טוראס- ממרח שוקולד ללת""ס 200 גרם",,,ממרח שוקולד ואגוזים,גרמים,200.00,100 גרם,false,,19.90,9.9500,true,1,319733
8410376047509,false,גולון ביסקויט ללא תוספת סוכר 400 גרם,גלטס גולון,,טוסטדה ללא תוספת סוכ,גרמים,400.00,100 גרם,false,,15.60,3.9000,true,1,305716
8410655000423,false,בירה רביעייה 5.4% אלכוהול 330 מל סאן מי,סרבסס סאן מיגל אס.אל.יו,,סאן מיגל בקבוק 4*330,ליטרים,1.32,ליטר,false,,21.90,16.5909,true,1,649
8420822130600,false,"ספריי סופר מסיר שומנים 750מ""ל יעקבי","יעקב יעקבי ובניו בע""מ",,ספריי סופר מסיר שומנ,מיליליטרים,750.00,"100 מ""ל",false,,18.90,2.5200,true,1,241669
8423207206488,false,סלים דליס חטיף דגנים מצופה שוקולד חלב מרבה 6*20 גרם,אף.סי תבליני בגליל ב,,סלים דליס חטיף דגנים,גרמים,120.00,100 גרם,false,,11.90,9.9167,true,1,21949
8423207206501,false,סלים דליס חטיף דגנים עם שוקולד חלב מרבה 6*13 גרם,סלים דליס Slim Delis,,סלים דליס חטיף דגנים,גרמים,120.00,100 גרם,false,,11.90,9.9167,true,1,21951
8423207207362,false,חטיפי סלים דליס שוקולד לבן מרבה 6 יחידות,ביסנצ'ורי אס.אל.יו,,סלים דליס חטיף דגנים,גרמים,120.00,100 גרם,false,,11.90,9.9167,true,1,21953
8423207208260,false,מרבה סלים דליס 125 ג' ללא גלוטן שוקולד חלב,ביסנצ'ורי אס.אל.יו,,סלים דליס ללא גלוטן,גרמים,78.00,100 גרם,false,,11.90,15.2564,true,1,21956
8423207208697,false,חטיפי סלים דליס לילדים שוקולד לבן מרבה 6 יחידות,ביסנצ'ורי אס.אל.יו,,סלים דליס קידס עוגיו,גרמים,120.00,100 גרם,false,,11.90,9.9167,true,1,21958
8423207208703,false,חטיפי סלים דליס שוקולד מריר מרבה 6 יחידות,ביסנצ'ורי אס.אל.יו,,סלים דליס אקסטרא חטי,גרמים,120.00,100 גרם,false,,11.90,9.9167,true,1,21959
8423207208871,false,פריכיות תירס בטעם טבעי סלים דליס 130 גרם,גורי מוצרי צריכה (1991) בעמ,,פריכיות תירס בטעם טב,גרמים,130.00,100 גרם,false,,10.90,8.3846,true,1,3703
8423207209885,false,מרבה חטיפי סלים דליס מהדורה מיוחדת שוקולד חלב,סלים דליס Slim Delis,,סלים דליס אקסטרא חטי,גרמים,120.00,100 גרם,false,,11.90,9.9167,true,1,21961
8423207210928,false,חטיף דגנים מצופה שוקולד חלב ואגוזי לוז - 5 במארז,נוטרישן אנד סנטה קוב,,סלים דליס טופינג בטע,גרמים,90.00,100 גרם,false,,11.90,13.2222,true,1,84144
8423207210942,false,חטיף דגנים מצופה שוקולד לבן ופירות יער,נוטרישן אנד סנטה קוב,,סלים דליס טופינג פיר,גרמים,90.00,100 גרם,false,,11.90,13.2222,true,1,84145
8423207210966,false,חטיף רב דגנים מצופה שוקולד לבן קוקוס ולימון,נוטרישן אנד סנטה קוב,,סלים דליס טופינג קוק,גרמים,90.00,100 גרם,false,,11.90,13.2222,true,1,84146
<<<<<<< HEAD
8424842201340,false,צ'יפס בטעם מסורתי פרימיום 130 גרם רביו,,,חטיף צ'יפס רביו 130,גרמים,130.00,100 גרם,false,,13.90,10.6923,true,1,254453
8435495807636,false,ג'ל כביסה היפואלרגני 2 ל' תינוקלין,פרוקטר אנד גמבל,,תינוקלין ג'ל כביסה 2,ליטרים,2.00,ליטר,false,,38.90,19.4500,true,1,42114
8435495819363,false,תינוקלין מרכך כביסה היפואלרגני 1 ליטר,פרוקטר אנד גמבל,,תינוקלין מרכך כביסה,ליטרים,1.00,ליטר,false,,21.90,21.9000,true,1,194601
8601670750725,false,מטריה מתקפלת בצבע שח,,,מטריה מתקפלת בצבע שח,יחידה,0.00,יחידה,false,,11.90,0.0000,true,1,231712
8683323063024,false,יוגטה שטיחים בטעם תותי פרוטי 220 גרם,ליימן מותגים,,יוגטה חיספוסים שטיחי,גרמים,220.00,100 גרם,false,,6.90,3.1364,true,1,42121
8686868600037,false,המותג אביזרי שיער,,,המותג אביזרי שיער,יחידה,0.00,יחידה,false,,5.90,0.0000,true,1,74896
8686868600068,false,המותג אביזרי שיער,,,המותג אביזרי שיער,יחידה,0.00,יחידה,false,,8.90,0.0000,true,1,31044
8686868600075,false,המותג אביזרי שיער,,,המותג אביזרי שיער,יחידה,0.00,יחידה,false,,9.90,0.0000,true,1,31045
8690120060170,false,וופל נאמבר וואן מצופ,טורקו,,וופלים אגוזים רויאל,גרמים,35.00,100 גרם,false,,1.90,5.4286,true,1,196791
8690120160177,false,מארז וופל נאמבר וואן 24 יחידות,קומרה,,מארז וופלים רויאל קנ,גרמים,840.00,100 גרם,false,,28.90,3.4405,true,1,188106
8690120160405,false,וופל נאמבר וואן ירוק 24 יחידות,קומרה,,מארז וופלים רויאל קנ,גרמים,840.00,100 גרם,false,,28.90,3.4405,true,1,188139
8690504081937,false,מקוויטיס טינס שוקולד חלב וקפוצינו 150 גר,שוורצקוף& הנקל דיסלד,,טינס מצופה שוקולד חל,גרמים,150.00,100 גרם,false,,9.90,6.6000,true,1,24865
8690504153740,false,גודייבה שוקולד מריר במילוי קרם גנאש 86 גרם,ביסקוט ביסקווי סילבר,,טבלת שוקולד מריר עם,גרמים,86.00,100 גרם,false,,14.90,17.3256,true,1,24867
=======
8424842201340,false,צ'יפס בטעם מסורתי פרימיום 130 גרם רביו,א. סיימן סחר בעמ,,חטיף צ'יפס רביו 130,גרמים,130.00,100 גרם,false,,13.90,10.6923,true,1,254453
8435495807636,false,תינוקלין ג`ל כביסה בייבי סנסטיב היפואל,ליימן שליסל בע`מ,,תינוקלין ג'ל כביסה 2,ליטרים,2.00,ליטר,false,,38.90,19.4500,true,1,42114
8435495819363,false,תינוקלין מרכך כביסה היפואלרגני 1 ליטר,ליימן שליסל בע`מ,,תינוקלין מרכך כביסה,ליטרים,1.00,ליטר,false,,21.90,21.9000,true,1,194601
8601670750725,false,מטריה מתקפלת בצבע שח,,,מטריה מתקפלת בצבע שח,יחידה,0.00,יחידה,false,,11.90,0.0000,true,1,231712
8683323063024,false,יוגטה שטיחים בטעם תותי פרוטי 220 גרם,ליימן שליסל בע`מ,,יוגטה חיספוסים שטיחי,גרמים,220.00,100 גרם,false,,6.90,3.1364,true,1,42121
8686868600037,false,המותג אביזרי שיער,אל האופק שיווק וסחר,,המותג אביזרי שיער,יחידה,0.00,יחידה,false,,5.90,0.0000,true,1,74896
8686868600068,false,אביזרי שיער סרטים וקשתות,אל האופק שיווק וסחר,,המותג אביזרי שיער,יחידה,0.00,יחידה,false,,8.90,0.0000,true,1,31044
8686868600075,false,אביזרי שיער סיכות פפיון גדולות,אל האופק שיווק וסחר,,המותג אביזרי שיער,יחידה,0.00,יחידה,false,,9.90,0.0000,true,1,31045
8690120060170,false,וופל נאמבר 1 שוקולד חלב 35 גרם,רויאל קנדיס בעמ,,וופלים אגוזים רויאל,גרמים,35.00,100 גרם,false,,1.90,5.4286,true,1,196791
8690120160177,false,מארז וופל נאמבר וואן 24 יחידות,רויאל קנדיס בעמ,,מארז וופלים רויאל קנ,גרמים,840.00,100 גרם,false,,28.90,3.4405,true,1,188106
8690120160405,false,וופל נאמבר וואן ירוק 24 יחידות,רויאל קנדיס בעמ,,מארז וופלים רויאל קנ,גרמים,840.00,100 גרם,false,,28.90,3.4405,true,1,188139
8690504081937,false,מקוויטיס טינס שוקולד חלב וקפוצינו 150 גר,תה ויסוצקי (ישראל) בעמ,,טינס מצופה שוקולד חל,גרמים,150.00,100 גרם,false,,9.90,6.6000,true,1,24865
8690504153740,false,גודייבה שוקולד מריר במילוי קרם גנאש 86 גרם,תה ויסוצקי (ישראל) בעמ,,טבלת שוקולד מריר עם,גרמים,86.00,100 גרם,false,,14.90,17.3256,true,1,24867
>>>>>>> d048ac2f4f281c9d788043ab4e81b61b0dbe3743
8690526009278,false,אי טי אי - חטיף קרמל מצופה שוקולד וחלב כדורוני דגנים 126 גרם,"GIDA ETI , טורקיה n\",,חטיף קרמל מצופה שוקו,יחידה,0.00,יחידה,false,,9.90,0.0000,true,1,105404
8690637505614,false,"מרכך כביסה בדין אקסטרה פינוק קוקוס 960 מ""ל",יוניליוור ישראל שיווק בע`מ,,מרכך כביסה מרוכז בדי,מיליליטרים,960.00,"100 מ""ל",false,,15.90,1.6563,true,1,181138
8690637704277,false,"שמפו ומרכך לשיער רגיל 600 מ""ל דאב","יוניליוור ישראל שיווק בע""מ",,שמפו יום יומי 2ב1 דא,מיליליטרים,600.00,"100 מ""ל",false,,19.90,3.3167,true,1,10934
8690637704291,false,שמפו לשיקום אינטנסיבי לשיער פגום,"יוניליוור ישראל שיווק בע""מ",,"שמפו משקם דאב 600 מ""",מיליליטרים,600.00,"100 מ""ל",false,,19.90,3.3167,true,1,10935
8690637946301,false,"בדין - מרכך כביסה אקסטרא בייביי כחול 960 מ""ל",יוניליוור ישראל שיווק בע`מ,,בדין אקסטרה בייבי כ,מיליליטרים,960.00,"100 מ""ל",false,,15.90,1.6563,true,1,55622
8690637946318,false,"מרכך כביסה בדין מרוכז אקסטרה בייבי טלק 960 מ""ל",יוניליוור ישראל שיווק בע`מ,,בדין אקסטרא בייבי צ,מיליליטרים,960.00,"100 מ""ל",false,,15.90,1.6563,true,1,55639
8690637994029,false,מרכך כביסה אקסטרה בניחוח סחלבים פראי,"יוניליוור ישראל שיווק בע""מ",,בדין אקסטרא מכך כביס,ליטרים,1.44,ליטר,false,,21.90,15.2083,true,1,124890
8690637994036,false,מרכך כביסה אקסטרה בניחוח יסמין מרענן,"יוניליוור ישראל שיווק בע""מ",,בדין אקסטרא מרכך כבי,ליטרים,1.44,ליטר,false,,21.90,15.2083,true,1,124891
8690766156367,false,טבלת שוקולד חלב מעולה 90 גר` גודייבה,תה ויסוצקי (ישראל) בעמ,,גודייבה שוקולד חלב מ,גרמים,90.00,100 גרם,false,,14.90,16.5556,true,1,86147
8690766156374,false,גודייבה שוקולד מריר מעולה 72% מוצקי קקאו 72גרם,תה ויסוצקי (ישראל) בעמ,,גודייבה שוקולד מריר,גרמים,90.00,100 גרם,false,,14.90,16.5556,true,1,75548
8690766156381,false,גודייבה שוקולד מריר 90% מוצקי קקאו 90 גרם,תה ויסוצקי (ישראל) בעמ,,גודייבה ש.מריר מעולה,גרמים,90.00,100 גרם,false,,14.90,16.5556,true,1,71313
8690777221405,false,פלפל אדום קלוי על האש 650 גר` ויליפוד,ג. וילי-פוד אינטרנשיונל בע`מ,,פלפל אדום קלוי על הא,גרמים,650.00,100 גרם,false,,13.90,2.1385,true,1,3299
8690946270074,false,פסטה ספגטי 500 גרם B,,,פסטה ספגטי 500 גרם B,גרמים,500.00,100 גרם,false,,3.90,0.7800,true,1,363144
8690946270111,false,פסטה פוזלי 500 גרם B,,,פסטה פוזלי 500 גרם B,גרמים,500.00,100 גרם,false,,3.90,0.7800,true,1,363145
8690946270241,false,פסטה קונכיות גדולות,,,פסטה קונכיות גדולות,גרמים,500.00,100 גרם,false,,3.90,0.7800,true,1,363146
8690946272207,false,פסטה פנה 500 גרם BAH,,,פסטה פנה 500 גרם BAH,גרמים,500.00,100 גרם,false,,3.90,0.7800,true,1,363147
8690946272320,false,פסטה מקרוני 500 גרם,,,פסטה מקרוני 500 גרם,גרמים,500.00,100 גרם,false,,3.90,0.7800,true,1,363148
8691900174049,false,קוטקס תחבושות אולטרה לונג 18 יח',חוגלה קימברלי,,תחבושות קוטקס long 1,100 יח',18.00,100 יח',false,,17.90,99.4444,true,1,315882
8691900174056,false,קוטקס תחבושות אולטרה לילה 16 י',חוגלה קימברלי,,תחבושות קוטקס לילה,100 יח',16.00,100 יח',false,,17.90,111.8750,true,1,315883
8693323099107,false,מרשמלו לבבות בטעם תות ווניל,ליימן שליסל בעמ,,יוגטה מרשמלו לבבות 1,גרמים,150.00,100 גרם,false,,8.90,5.9333,true,1,42159
8693495054058,false,סבון נוזלי פלמוליב לומינוס עם תמציות שמן מקדמיה,קולגייט פלמוליב,,ג'ל רחצה עם תמציות ש,מיליליטרים,750.00,"100 מ""ל",false,,21.90,2.9200,true,1,276755
8697435181200,false,מתקן כביסה סטאר כסוף,,,מתקן כביסה סטאר כסוף,יחידה,0.00,יחידה,false,,60.90,0.0000,true,1,28789
8697530910750,false,סיגריות פאל מאל כחול ארוך האוס,גלוברנדס בעמ - שיווק סיגריות,,פאל מאל בלו ארוך,יחידה,0.00,יחידה,false,,31.00,0.0000,false,1,4187
8698996000207,false,מגבות נייר 1/6,,,מגבות נייר 1/6,מטרים,0.00,מטר,false,,11.90,0.0000,true,1,365993
8710502064814,false,עוגיות מרבה שוקולד ציפס במרקם רך 175 גר,בנקטבקריי מרבה בי.וי,,מרבה עוגיות שוקוציפס,גרמים,175.00,100 גרם,false,,7.90,4.5143,true,1,21985
8710502231018,false,מרבה עוגיות מיני שוקולד צ'יפס 175 גרם,ש. שסטוביץ בע`מ,,מרבה עוגיות שוקולד צ,גרמים,175.00,100 גרם,false,,9.90,5.6571,true,1,122175
8710502279010,false,מרבה עוגיות שוקולד צ'יפס מצופות שוקולד 175 גרם,"י.מרבה ישראל בע""מ",,מרבה עוגיות שוקולד צ,גרמים,175.00,100 גרם,false,,7.90,4.5143,true,1,126844
8710502470028,false,עוגיות שוקולד צ'יפס ממולאות בקרם נוגט,קריניציה ויטמינה אס,,מרבה עוגיות נוגטלי 1,גרמים,160.00,100 גרם,false,,7.90,4.9375,true,1,21994
8710800961310,false,סוכריות בטעם תות מנטוס 4*375 גרם,פרפטי ואן מלה ברדה,,מנטוס 1/4 תות,גרמים,150.00,100 גרם,false,,11.30,7.5333,true,1,12943
<<<<<<< HEAD
8711700665834,false,סבון מוצק Beauty cream bar בניחוח מלפפון ותה ירוק - מארז שישיה,יוניליוור גרמניה (בו,,סבון מוצק מלפפונים ד,גרמים,600.00,100 גרם,false,,24.90,4.1500,true,1,11050
8712000051099,false,"שישיית בירה היינקן 0% אלכוהל בקבוק 330 מ""ל","מבשלת היינקן, ריטבלדנברג",,הייניקן בירה 0% בק',ליטרים,1.98,ליטר,false,,33.90,17.1212,true,1,9582
8714599513781,false,"קפה נמס מיובש בהקפאה זהב צנצנת ג'ייקובס 200 גרם לל""ס",אל.אל. סי ג''יקובס דאו א,,קפה ג'יקובס גולד 200,גרמים,200.00,100 גרם,false,,30.90,15.4500,true,1,5195
8714599513866,false,"קפה נמס מיובש בהקפאה קרונג צנצנת ג'ייקובס 200 גרם לל""ס",אל.אל.סי גייקובס דאו,,קפה ג'יקובס קרונונג,גרמים,200.00,100 גרם,false,,29.90,14.9500,true,1,5198
8714789450315,false,פלמוליב נוזל כלים לימון 1.5 ליטר,הנסיך- מפעל לייצור ט,,פלמוליב שקוף לימון 1,ליטרים,1.50,ליטר,false,,16.90,11.2667,true,1,22013
8714789834467,false,פלמוליב נוזל לניקוי כלים קלאסי 1.5 ליטר,קולגייט-פלמוליב,,פלמוליב נוזל כלים 1.,ליטרים,1.50,ליטר,false,,16.90,11.2667,true,1,22031
8714789930848,false,"משחת שיניים אופטיק וייט הלבנה מיידית קולגייט 75 מ""ל",הנסיך- מפעל לייצור ט,,משחת שיניים אופטיק ו,מיליליטרים,75.00,"100 מ""ל",false,,21.90,29.2000,true,1,22037
8715342005881,false,מגבונים לחים לתינוק,,,מגבונים לחים לתינוק,יחידה,0.00,יחידה,false,,4.90,0.0000,true,1,103713
8715700110141,false,מיונז קרמי היינץ צנצנת 460ג',ה.י.היינץ הולדינג בי.וי,,מיונז היינץ אמיתי צנ,גרמים,460.00,100 גרם,false,,12.90,2.8043,true,1,5403
8715700110158,false,היינץ ממרח במרקם קרמי צנצנת 490 גרם,ה.י.היינץ הולדינג בי.וי,,מיונז היינץ לייט צנצ,גרמים,490.00,100 גרם,false,,12.90,2.6327,true,1,5404
8715700419732,false,מתבל עגבניות היינץ 700 גרם,ה.י. היינץ,,היינץ קטשופ 700 גרם,גרמים,700.00,100 גרם,false,,14.90,2.1286,true,1,5411
8715700423906,false,היינץ מתבל עגבניות מופחת סוכר ומלח 50/50 550 גרם,היינץ צפון אמריקה מק,,מתבל עגבניות היינץ 2,גרמים,555.00,100 גרם,false,,11.90,2.1441,true,1,5419
8717163647226,false,"אקס דאודורנט ספריי גוף בלאק 150 מ""ל",ארנסט. רחוב קומבינצק,,ספריי גוף בלאק אקס 1,מיליליטרים,150.00,"100 מ""ל",false,,15.90,10.6000,true,1,11094
8717163647240,false,"אקס דאודורנט ספריי גוף לגבר שוקולד 150 מ""ל",יוניליוור גרמניה (בו,,ספריי גוף שוקולד אקס,מיליליטרים,150.00,"100 מ""ל",false,,15.90,10.6000,true,1,11096
8718114047249,false,דאב סבון מוצק 6 יח'* 100 ג',יוניליוור גרמניה (בו,,סבון מוצק דאב 6*100,גרמים,600.00,100 גרם,false,,24.90,4.1500,true,1,11112
8718114734484,false,מיונז מאילי 320 גר צ,יונילבר צרפת,,מיונז מיילי 320 גרם,גרמים,320.00,100 גרם,false,,17.90,5.5937,true,1,17245
8718692610828,false,בקבוקים צבעוניים סודה סטרים 1 ל' * 3 יח',סודהסטרים sodastream,,שלישיית בקבוקים 1 ל`,ליטרים,1.00,ליטר,false,,59.90,59.9000,true,1,17536
8718951001602,false,"ספריי לניקוי רב פעולות 600 מ""ל ""א'גקס""",הנסיך- מפעל לייצור ט,,אג'קס ספריי אדום רב,מיליליטרים,600.00,"100 מ""ל",false,,10.90,1.8167,true,1,22044
8718951030169,false,"קולגייט סנסיטיב הלבנה המסייעת בהגנה לשיניים רגישות 75 מ""ל",קולגייט Colgate,,משחת קולגייט סנסטיב,מיליליטרים,75.00,"100 מ""ל",false,,19.90,26.5333,true,1,63466
8718951159808,false,מברשות שיניים 360 מדיום- מארז שלישייה,קולגייט-פלמוליב,,מארז שלישייה מברשת 3,יחידה,0.00,יחידה,false,,35.90,0.0000,true,1,22062
8718951175600,false,"משחת שיניים קולגייט אוטאל קליין מינט 75 מ""ל",CP-Poland swidnica,,קולגייט משחת שיניים,מיליליטרים,75.00,"100 מ""ל",false,,14.90,19.8667,true,1,105849
8718951176102,false,קולגייט משחת טוטל פר,,,קולגייט טוטאל משחת ש,מיליליטרים,75.00,"100 מ""ל",false,,18.90,25.2000,true,1,22072
8718951264618,false,"קולגייט אופטיק וייט פחם צ'רקול משחת שיניים, 75 מ""ל",קולגייט-פלמוליב,,קולגייט אופטיק וייט,מיליליטרים,75.00,"100 מ""ל",false,,31.90,42.5333,true,1,63237
8718951315303,false,"קולגייט אדומה משחת שיניים להגנה מפני עששת 2*100 מ""ל",קולגייט-פלמוליב,,משחת שיניים קולגייט,מיליליטרים,200.00,"100 מ""ל",false,,20.90,10.4500,true,1,82522
8718951409798,false,זוג מברשות שיניים מקס וויט פחם קולגייט,הנסיך- מפעל לייצור ט,,קולגייט מברשת שיניים,יחידה,0.00,יחידה,false,,28.90,0.0000,true,1,156953
8718951428492,false,"פלמוליב סבון רחצה לגבר 4ב1 מועשר בפחם 750 מ""ל",שסטוביץ,,תחליב רחצה לגבר 4 ב-,מיליליטרים,750.00,"100 מ""ל",false,,21.90,2.9200,true,1,259879
=======
8711700665834,false,סבון מוצק Beauty cream bar בניחוח מלפפון ותה ירוק - מארז שישיה,"יוניליוור ישראלשיווק בע""מ",,סבון מוצק מלפפונים ד,גרמים,600.00,100 גרם,false,,24.90,4.1500,true,1,11050
8712000051099,false,"שישיית בירה היינקן 0% אלכוהל בקבוק 330 מ""ל","מבשלת היינקן, ריטבלדנברג",,הייניקן בירה 0% בק',ליטרים,1.98,ליטר,false,,33.90,17.1212,true,1,9582
8714599513781,false,"קפה נמס מיובש בהקפאה זהב צנצנת ג'ייקובס 200 גרם לל""ס",דיפלומט מפיצים (1968) בעמ**,,קפה ג'יקובס גולד 200,גרמים,200.00,100 גרם,false,,30.90,15.4500,true,1,5195
8714599513866,false,"קפה נמס מיובש בהקפאה קרונג צנצנת ג'ייקובס 200 גרם לל""ס",דיפלומט מפיצים (1968) בעמ**,,קפה ג'יקובס קרונונג,גרמים,200.00,100 גרם,false,,29.90,14.9500,true,1,5198
8714789450315,false,פלמוליב נוזל כלים לימון 1.5 ליטר,הנסיך- מפעל לייצור ט,,פלמוליב שקוף לימון 1,ליטרים,1.50,ליטר,false,,16.90,11.2667,true,1,22013
8714789834467,false,פלמוליב נוזל לניקוי כלים קלאסי 1.5 ליטר,קולגייט-פלמוליב,,פלמוליב נוזל כלים 1.,ליטרים,1.50,ליטר,false,,16.90,11.2667,true,1,22031
8714789930848,false,"משחת שיניים אופטיק וייט הלבנה מיידית קולגייט 75 מ""ל",איינשטיין-צור יבוא-יצוא וסחר ב,,משחת שיניים אופטיק ו,מיליליטרים,75.00,"100 מ""ל",false,,21.90,29.2000,true,1,22037
8715342005881,false,מגבונים לחים לתינוק,,,מגבונים לחים לתינוק,יחידה,0.00,יחידה,false,,4.90,0.0000,true,1,103713
8715700110141,false,מיונז קרמי היינץ צנצנת 460ג',דיפלומט מפיצים (1968) בעמ**,,מיונז היינץ אמיתי צנ,גרמים,460.00,100 גרם,false,,12.90,2.8043,true,1,5403
8715700110158,false,היינץ ממרח במרקם קרמי צנצנת 490 גרם,דיפלומט מפיצים (1968) בעמ**,,מיונז היינץ לייט צנצ,גרמים,490.00,100 גרם,false,,12.90,2.6327,true,1,5404
8715700419732,false,מתבל עגבניות היינץ (700 גרם),דיפלומט מפיצים (1968) בעמ**,,היינץ קטשופ 700 גרם,גרמים,700.00,100 גרם,false,,14.90,2.1286,true,1,5411
8715700423906,false,היינץ מתבל עגבניות מופחת סוכר ומלח 50/50 550 גרם,דיפלומט מפיצים (1968) בעמ**,,מתבל עגבניות היינץ 2,גרמים,555.00,100 גרם,false,,11.90,2.1441,true,1,5419
8717163647226,false,"אקס דאודורנט ספריי גוף בלאק 150 מ""ל",יוניליוור ישראל שיווק בע`מ,,ספריי גוף בלאק אקס 1,מיליליטרים,150.00,"100 מ""ל",false,,15.90,10.6000,true,1,11094
8717163647240,false,"אקס דאודורנט ספריי גוף לגבר שוקולד 150 מ""ל",יוניליוור ישראל שיווק בע`מ,,ספריי גוף שוקולד אקס,מיליליטרים,150.00,"100 מ""ל",false,,15.90,10.6000,true,1,11096
8718114047249,false,דאב סבון מוצק 6 יח'* 100 ג',יוניליוור ישראל שיווק בעמ,,סבון מוצק דאב 6*100,גרמים,600.00,100 גרם,false,,24.90,4.1500,true,1,11112
8718114734484,false,ממרח מיוני מיילי 320 גרם,א. סיימן סחר בעמ,,מיונז מיילי 320 גרם,גרמים,320.00,100 גרם,false,,17.90,5.5937,true,1,17245
8718692610828,false,בקבוקים צבעוניים סודה סטרים 1 ל' * 3 יח',סודהסטרים sodastream,,שלישיית בקבוקים 1 ל`,ליטרים,1.00,ליטר,false,,59.90,59.9000,true,1,17536
8718951001602,false,ספריי רב פעולות אג`קס (600 מל)-יבוא מקב,הנסיך- מפעל לייצור ט,,אג'קס ספריי אדום רב,מיליליטרים,600.00,"100 מ""ל",false,,10.90,1.8167,true,1,22044
8718951030169,false,"קולגייט סנסיטיב הלבנה המסייעת בהגנה לשיניים רגישות 75 מ""ל",ש. שסטוביץ בע`מ,,משחת קולגייט סנסטיב,מיליליטרים,75.00,"100 מ""ל",false,,19.90,26.5333,true,1,63466
8718951159808,false,מברשות שיניים 360 מדיום- מארז שלישייה,קולגייט-פלמוליב,,מארז שלישייה מברשת 3,יחידה,0.00,יחידה,false,,35.90,0.0000,true,1,22062
8718951175600,false,"משחת שיניים קולגייט אוטאל קליין מינט 75 מ""ל",ש.שסטוביץ בעמ,,קולגייט משחת שיניים,מיליליטרים,75.00,"100 מ""ל",false,,14.90,19.8667,true,1,105849
8718951176102,false,קולגייט משחת טוטל פר,,,קולגייט טוטאל משחת ש,מיליליטרים,75.00,"100 מ""ל",false,,18.90,25.2000,true,1,22072
8718951264618,false,"קולגייט אופטיק וייט פחם צ'רקול משחת שיניים, 75 מ""ל",איינשטיין-צור יבוא-יצוא וסחר ב,,קולגייט אופטיק וייט,מיליליטרים,75.00,"100 מ""ל",false,,31.90,42.5333,true,1,63237
8718951315303,false,"קולגייט אדומה משחת שיניים להגנה מפני עששת 2*100 מ""ל",קולגייט-פלמוליב,,משחת שיניים קולגייט,מיליליטרים,200.00,"100 מ""ל",false,,20.90,10.4500,true,1,82522
8718951409798,false,זוג מברשות שיניים מקס וויט פחם קולגייט,הנסיך- מפעל לייצור ט,,קולגייט מברשת שיניים,יחידה,0.00,יחידה,false,,28.90,0.0000,true,1,156953
8718951428492,false,"פלמוליב סבון רחצה לגבר 4ב1 מועשר בפחם 750 מ""ל",ש.שסטוביץ בעמ,,תחליב רחצה לגבר 4 ב-,מיליליטרים,750.00,"100 מ""ל",false,,21.90,2.9200,true,1,259879
>>>>>>> d048ac2f4f281c9d788043ab4e81b61b0dbe3743
8718951461413,false,"קולגייט טוטאל קלין מינט ביטיוב 100 מ""ל*2 כשל""פ",קולגייט פלמוליב,,משחת שיניים קולגייט,מיליליטרים,200.00,"100 מ""ל",false,,32.90,16.4500,true,1,271849
8718951461444,false,"זוג משחת שיניים טוטאל הלבנה ביטיו *100 מ""ל קולגייט",קולגייט פלמוליב,,משחת שיניים קולגייט,מיליליטרים,200.00,"100 מ""ל",false,,32.90,16.4500,true,1,271863
8718951509627,false,"קולגייט אופטיק וייט לאוהבי קפה ותה משחת שיניים 75 מ""ל",קולגייט פלמוליב,,קולגייט וואייט להסרת,יחידה,0.00,יחידה,false,,29.90,0.0000,true,1,293614
8719200997998,false,מרגרינה למריחה בישול וטיגון 200 ג' בלו בנד,דיפלומט מפיצים (1968) בעמ**,,בלו בנד לבישול וטיגו,גרמים,200.00,100 גרם,false,,4.90,2.4500,true,1,11115
8719200998001,false,מרגרינה לאפיה ובישול בלי מלח 200 ג' בלו בנד,יוניליוור ישראל מזון בע\,,בלו בנד ללא מלח 200,גרמים,200.00,100 גרם,false,,4.90,2.4500,true,1,11116
8719200998018,false,מחמאה מרגרינה בטעם חמאה בלובנד 200 גרם,"מיוצר ע""\י יוניליוור ישר",,מחמאה מרגרינה בטעם ח,גרמים,200.00,100 גרם,false,,5.50,2.7500,true,1,11117
8720181046605,false,דאב - דאודורנט ספריי לאישה אורגינל כחול 150מל,יוניליוור ישראל שיווק בע`מ,,דאו' ספריי אוריגינל,מיליליטרים,150.00,"100 מ""ל",false,,14.90,9.9333,true,1,108974
8723400756552,false,מארז סוכריות מנטוס Mentos ריינבואו,פרפטי ואן מלה ברדה,,RAINBOW רביעית סוכרי,גרמים,150.00,100 גרם,false,,11.30,7.5333,true,1,12946
<<<<<<< HEAD
8801055707966,false,קפה טייסטר צו'יס נס קפה בריסטה 180ג',נסטלה קוריאה - קפה,,נס קפה טייסטרס צ'ויס,גרמים,180.00,100 גרם,false,,32.90,18.2778,true,1,19572
8801055709441,false,קפה נמס טסטר'ס צ'ויס סומטרה 100 גרם,לוטה נסטלה קוריאה,,נסקפה טייסטרס צ'ויס,גרמים,100.00,100 גרם,false,,25.90,25.9000,true,1,218668
8809168840471,false,חטיף אצות מיובשות 9*4.5 גרם,ג'י וואן גלובול נאט,,חטיף אצות מיובשות 9,גרמים,4.50,100 גרם,false,,24.90,553.3333,true,1,283749
8850180040028,false,קמח טמפורה להכנת בלי,קרנחם אוטאי פחרה,,קמח טמפורה להכנת בלי,גרמים,500.00,100 גרם,false,,10.90,2.1800,true,1,47543
8850206250592,false,רוטב צ'ילי סריראצ'ה 540 גרם (מזרח ומערב),יאן וואל יון קו.לטד,,רוטב צ'ילי סיראצ'ה מ,גרמים,540.00,100 גרם,false,,19.90,3.6852,true,1,283735
8850367992164,false,קרם קוקוס 250 מל 20-22% ללא חומר משמר,טאפאדונגפורן קוקנט,,קרם קוקוס ללא גלוטן,גרמים,250.00,100 גרם,false,,7.90,3.1600,true,1,47546
=======
8801055707966,false,קפה טייסטרס צ`ויס בריסטה נסקפה (180 גרם),קבוצת אוסם סחר שותפות מוגבלת,,נס קפה טייסטרס צ'ויס,גרמים,180.00,100 גרם,false,,32.90,18.2778,true,1,19572
8801055709441,false,נסקפה טייסטרס צ`ויס אלטה ריקה 100 גרם,קבוצת אסם סחר שות. מוגבלת,,נסקפה טייסטרס צ'ויס,גרמים,100.00,100 גרם,false,,25.90,25.9000,true,1,218668
8809168840471,false,חטיף אצות מיובשות 9יח 4.5גרם.,מזרח ומערב יבוא ושיווק,,חטיף אצות מיובשות 9,גרמים,4.50,100 גרם,false,,24.90,553.3333,true,1,283749
8850180040028,false,קמח טמפורה להכנת בלי,מזרח ומערב יבוא ושיווק,,קמח טמפורה להכנת בלי,גרמים,500.00,100 גרם,false,,10.90,2.1800,true,1,47543
8850206250592,false,רוטב צ'ילי סריראצ'ה 540 גרם (מזרח ומערב),מזרח ומערב יבוא ושיווק,,רוטב צ'ילי סיראצ'ה מ,גרמים,540.00,100 גרם,false,,19.90,3.6852,true,1,283735
8850367992164,false,קרם קוקוס 250 מל 20-22% ללא חומר משמר,מזרח ומערב יבוא ושיווק,,קרם קוקוס ללא גלוטן,גרמים,250.00,100 גרם,false,,7.90,3.1600,true,1,47546
>>>>>>> d048ac2f4f281c9d788043ab4e81b61b0dbe3743
8850389103159,false,"משקה ליצ'י עם חתיכות גלי קוקוס 320 מ""ל מוגו מוגו",סאפה פובליק קומפני לימיט,,ליצי' משקה עם חתיכות,מיליליטרים,320.00,"100 מ""ל",false,,7.90,2.4687,true,1,268070
8850389105832,false,סאפה משקה אלוורה בטעם תפוח עם קוביות אלוורה 1 ליטר,סאפה פובליק קומפני לימיט,,סאפה משקה אלוורה תפו,ליטרים,1.00,ליטר,false,,13.90,13.9000,true,1,39435
8850389105849,false,סאפה משקה אלוורה מופחת קלוריות בטעם אפרסק 1 ליטר,סאפה פובליק קומפני לימיט,,סאפה משקה אלוורה אפר,ליטרים,1.00,ליטר,false,,13.90,13.9000,true,1,39436
8850389111352,false,"משקה מלון עם חתיכות גלי קוקוס 320 מ""ל מוגו מוגו",סאפה פובליק קומפני לימיט,,מלון משקה עם חתיכות,מיליליטרים,320.00,"100 מ""ל",false,,7.90,2.4687,true,1,268071
8850389115336,false,משקה אלוורה בטעם מלון סאפה 1 ליטר,סאפה פובליק קומפני לימיט,,סאפה משקה מלון 1ל,ליטרים,1.00,ליטר,false,,13.90,13.9000,true,1,39442
8850632604259,false,"יוגטה, חיספוסים, ממתק חמוץ בצורת מקלות בטעם תות שדה,50 גרם",ליימן שליסל בע`מ,,יוגטה חיספוסים מקלות,גרמים,50.00,100 גרם,false,,4.90,9.8000,true,1,42169
8850632604266,false,"יוגטה, ממתק חמוץ בצורת מקלות בטעם קולה, 50 גרם",ליימן שליסל בע`מ,,יוגטה חיספוסים מקלות,גרמים,50.00,100 גרם,false,,4.90,9.8000,true,1,42170
8850632604372,false,"יוגטה, חיספוסים בצורת שטיח בטעם תות שדה 50 גרם",ליימן שליסל בע`מ,,יוגטה ממתק תות שדה ב,גרמים,50.00,100 גרם,false,,4.90,9.8000,true,1,42171
8850632604402,false,יוגטה חיספוסים בטעם מעורב תות שדה אבטיח ענבים בננה 50 גרם,ליימן שליסל בע`מ,,יוגטה ממתק תות ענבים,גרמים,50.00,100 גרם,false,,4.90,9.8000,true,1,42172
8858271003020,false,רוטב סויה פורמולה 1 - 700 מ'ל מקסצ'אפ,מזרח ומערב יבוא ושיווק,,רוטב סויה MAXCHUP מז,מיליליטרים,700.00,"100 מ""ל",false,,15.90,2.2714,true,1,47561
8858271003921,false,רוטב קארי אדום 250 מ'ל - מקסצ'אפ,מזרח ומערב יבוא ושיווק,,רוטב קארי אדום MAXCH,מיליליטרים,250.00,"100 מ""ל",false,,11.90,4.7600,true,1,47566
8888021200256,false,סוללות אנרג'ייזר AA מקס 8 יחידות,יצרן: אנרג'ייזר סינג,,AAאנרג'ייזר סוללות מ,יחידה,0.00,יחידה,false,,29.90,0.0000,true,1,6135
8888021200720,false,סוללות אנרג'ייזר AAA מקס 8 יחידות,יצרן: אנרג'ייזר סינג,,AAAאנרג'ייזר סוללות,יחידה,0.00,יחידה,false,,29.90,0.0000,true,1,6136
8901314308436,false,מברשת שיניים קולגייט זיג זג מדיום שישייה,פארמה דיל (פ.א.ב.) שיווק והפצה,,מברשת שיניים שישייה,יחידה,0.00,יחידה,false,,13.90,0.0000,true,1,275651
8901314525055,false,מברשת שיניים קולגייט זיג זג צ`ארקול 4 יח,פארמה דיל (פ.א.ב.) שיווק והפצה,,רביעיית מברשת שיניים,יחידה,0.00,יחידה,false,,14.90,0.0000,true,1,267264
8901537024014,false,"אורז בסמטי מובחר 1 ק""ג - דוואט) יורה דיעה",ג. וילי-פוד אינטרנשיונל בע`מ,,וילי פוד אורז בסמטי,גרמים,1000.00,100 גרם,false,,14.90,1.4900,true,1,3313
8934868127130,false,"Sunlight נוזל כלים 750 מ""ל +משאבה",,,נוזל כלים סאן בניחוח,מיליליטרים,750.00,"100 מ""ל",false,,9.90,1.3200,true,1,148937
<<<<<<< HEAD
8934878081811,false,"דפי אורז 22 ס""מ 400 גר'(Trav) ללא גלוטן",דאנינג יוה פודס קו,,דפים על בסיס קמח טפי,גרמים,400.00,100 גרם,false,,11.90,2.9750,true,1,47576
9000101512526,false,פרסיל - פאוור קאפס קפסולות ג'ל מרוכזות לכביסה 26 יח',קריות זול,,פרסיל פאוור קאפס לכב,יח',26.00,יח',false,,36.90,1.4192,true,1,304184
9000101515596,false,קפסולות ג'ל מרוכזות לכביסה צבעונית 56 יח' פרסיל,הנקל סוד,,פרסיל פאוור קאפס קפס,יחידה,0.00,יחידה,false,,67.90,0.0000,true,1,196141
9000101520965,false,"סבון אסלה בניחוח מתחלף לוטוס עדין במבוק, 3 יחידות",ברף Bref,,ברף בניחוח מתחלף לוט,גרמים,150.00,100 גרם,false,,21.90,14.6000,true,1,304269
=======
8934878081811,false,"דפי אורז 22 ס""מ 400 גר'(Trav) ללא גלוטן",מזרח ומערב יבוא ושיווק,,דפים על בסיס קמח טפי,גרמים,400.00,100 גרם,false,,11.90,2.9750,true,1,47576
9000101512526,false,פרסיל - פאוור קאפס קפסולות ג'ל מרוכזות לכביסה 26 יח',גורי שיווק בעמ,,פרסיל פאוור קאפס לכב,יח',26.00,יח',false,,36.90,1.4192,true,1,304184
9000101515596,false,קפסולות ג'ל מרוכזות לכביסה צבעונית 56 יח' פרסיל,גורי שיווק בעמ,,פרסיל פאוור קאפס קפס,יחידה,0.00,יחידה,false,,67.90,0.0000,true,1,196141
9000101520965,false,"סבון אסלה בניחוח מתחלף לוטוס עדין במבוק, 3 יחידות",גורי שיווק בעמ,,ברף בניחוח מתחלף לוט,גרמים,150.00,100 גרם,false,,21.90,14.6000,true,1,304269
>>>>>>> d048ac2f4f281c9d788043ab4e81b61b0dbe3743
9001616202186,false,"בקבוק לתינוק 330 מ""ל 4+ חודשים Easy Active",טרופיקל דגיל תעשיות,,"בקבוק תינוק 330 מ""ל",יחידה,0.00,יחידה,false,,38.90,0.0000,true,1,1087
9002859075674,false,גונץ - אפרוחי שוקולד ברשת 100 גרם,,,אפרוחי שוקולד ברשת 1,גרמים,100.00,100 גרם,false,,9.90,9.9000,true,1,324452
9002975393843,false,סוכריות גילי הריבו גולדברס 70 גרם,"האריבו , ג'\י.אם.בי.אייץ",,סוכריות גומי בטעמי פ,גרמים,70.00,100 גרם,false,,7.90,11.2857,true,1,147487
9002975393850,false,סוכריות גילי הריבו וורמס 70 גרם,"האריבו , ג'\י.אם.בי.אייץ",,סוכריות גומי בטעמי פ,גרמים,70.00,100 גרם,false,,7.90,11.2857,true,1,147488
9005835313609,false,קלרו טבליות למדיח כלים 15 יחידות CLARO,יעקב יעקבי ובניו בעמ,,טבליות למדיח כלים 15,גרמים,350.00,100 גרם,false,,14.90,4.2571,true,1,267278
9044400822320,false,מארז פז בובה + 10 סוכריות 85 גר,פז פרודוקשיין,,סוכריות פז שקית 85 ג,יחידה,0.00,יחידה,false,,15.90,0.0000,true,1,149918
9044400841000,false,בובת פז Pez + שלוש יחידות סוכריות למילוי,ר.ב. מוצרי דגנים בעמ,,פז דמויות מתחלפות 25,גרמים,25.50,100 גרם,false,,11.90,46.6667,true,1,43091
9310072028743,false,טים טם ביסקוויט במילוי שוקולד 200 גרם,"ארנוטס ביסקוויטס בע""",,טים טם אוריגינל 200,גרמים,200.00,100 גרם,false,,20.90,10.4500,true,1,13873
9310072028750,false,חטיף שוקולד דאבל קרם טים טם (200 גרם),"ארנוטס ביסקוויטס בע""",,טים טם קרם דאבל 200,גרמים,200.00,100 גרם,false,,20.90,10.4500,true,1,13874
9322969000015,false,פריכיות תירס בטעם אורגינל ריל פודס 150 ג',אף.סי תבליני בגליל ב,,פריכיות תירס בטעם או,גרמים,150.00,100 גרם,false,,13.90,9.2667,true,1,6141
9771565038319,false,עיתון ידיעות אחרונות,ידיעות אחרונות בעמ,,ידיעות אחרונות יום א,יחידה,0.00,יחידה,false,,0.50,0.0000,true,1,9991
9771565038326,false,עיתון ידיעות אחרונות,ידיעות אחרונות בעמ,,ידיעות אחרונות יום ב,יחידה,0.00,יחידה,false,,0.50,0.0000,true,1,9992
9771565038333,false,עיתון ידיעות אחרונות,ידיעות אחרונות בעמ,,ידיעות אחרונות יום ג,יחידה,0.00,יחידה,false,,0.50,0.0000,true,1,9993
9771565038340,false,עיתון ידיעות אחרונות,ידיעות אחרונות בעמ,,ידיעות אחרונות יום ד,יחידה,0.00,יחידה,false,,0.50,0.0000,true,1,9994
9771565038357,false,עיתון ידיעות אחרונות,ידיעות אחרונות בעמ,,ידיעות אחרונות יום ה,יחידה,0.00,יחידה,false,,0.50,0.0000,true,1,9995
9771565051066,false,עיתון ידיעות אחרונות,ידיעות אחרונות בעמ,,ידיעות אחרונות יום ו,יחידה,0.00,יחידה,false,,12.00,0.0000,true,1,10007
