code,internal_code,name,manufacturer_name,manufacture_country,manufacturer_item_description,unit_qty,quantity,unit_of_measure,weighted,qty_in_package,price,unit_of_measure_price,allow_discount,status,item_id
32147230,false,"מיץ לימון משומר 200מ""ל(לימונית אקסטרא)",ג'נרל מילס סאן אדריא,CH,מיץ לימון משומר,מיליליטרים,200.00,"100 מ""ל",false,0,5.90,2.95,true,1,
59085645,false,דאב דאודורנט רול און בניחוח אסאי 50 מל,"יוניליוור אנגליה, דרך קו",GB,דאודורנט דאב,מיליליטרים,50.00,"100 מ""ל",false,1,14.90,29.80,true,1,
72940754,false,"מילקי מעדן וניל עם קצפת שטראוס 133 מ""ל","שטראוס גרופ בע""\מ",IL,מילקי טעם וניל,מיליליטרים,170.00,"100 מ""ל",false,0,2.70,1.59,true,1,
72940761,false,"מילקי מעדן שוקולד עם קצפת שטראוס 133 מ""ל",מיוצר עי קונדיטוריית,IL,מילקי טעם שוקולד,מיליליטרים,170.00,"100 מ""ל",false,0,2.70,1.59,true,1,
72940952,false,מעדן מילקי בטעם שוקולד עם אקסטרה קצפת,"שטראוס גרופ בע""\מ",IL,מילקי אקסטרה,מיליליטרים,170.00,"100 מ""ל",false,0,3.50,2.06,true,1,
72945308,false,קוביית שמרים טריים לאפיה שמרית 50 גרם,"פאקא תעשיות בע""\מ",IL,קוביות שמרים,גרמים,50.00,100 גרם,false,0,2.90,5.80,true,1,
72961209,false,"שמנת חמוצה 15% 200מל בד""צ תנובה",תנובה מרכז שיתופי לש,IL,שמנית תנובה 15%,מיליליטרים,200.00,"100 מ""ל",false,0,2.40,1.20,true,1,
72961216,false,**אשד מהדרין 5% 200מל,תנובה מרכז שיתופי לש,IL,"אשד 200 מ""ל",מיליליטרים,200.00,"100 מ""ל",false,0,1.60,0.80,true,1,
72961223,false,"גילה 3% תנובה 200 מ""ל",תנובה מרכז שיתופי לש,IL,גילה 3%,מיליליטרים,200.00,"100 מ""ל",false,0,1.40,0.70,true,1,
72961506,false,יוגורט עם תות 1.5% שומן 125 ג' פרילי,מיוצר עי קונדיטוריית,IL,פרילי תות,גרמים,125.00,100 גרם,false,0,2.90,2.32,true,1,
72961520,false,"פרילי יוגורט עם אננס 1.5% תנובה 125 מ""ל",מיוצר עי קונדיטוריית,IL,פרילי אננס 1.5%,גרמים,125.00,100 גרם,false,0,2.90,2.32,true,1,
72961544,false,"באדי יוגורט בטעם תות שדה 3% תנובה 125 מ""ל",מחלבת אלון תבור,IL,מעדן באדי תות 3%,גרמים,125.00,100 גרם,false,0,2.60,2.08,true,1,
72964132,false,פרילי טבע יוגורט עם גרנולה 200 גרם,מיוצר עי קונדיטוריית,IL,פרילי טבע גרנולה,גרמים,200.00,100 גרם,false,0,4.50,2.25,true,1,
72986233,false,באדי מעדן וניל גביע 1.5%שומן 125 גרם בדצ,מחלבת אלון תבור,IL,מעדן באדי וניל,גרמים,125.00,100 גרם,false,0,2.50,2.00,true,1,
72986240,false,באדי מעדן חלב בטעם שוקולד תנובה 125 גרם,מחלבת אלון תבור,IL,מעדן באדי שוקו,גרמים,125.00,100 גרם,false,0,2.50,2.00,true,1,
72986370,false,"גלידת בן & ג'ריס פיינטים וניל 500מ""ל",מוצרי איכות אמריקאיים,IL,גלידה בן & ג'ריס,מיליליטרים,500.00,"100 מ""ל",false,0,17.90,3.58,true,1,
72986424,false,"גלידת בן & ג'ריס פיינטים קרם עוגיות 500מ""ל",מוצרי איכות אמריקאיים בע,IL,גלידה בן & ג'ר,מיליליטרים,500.00,"100 מ""ל",false,0,17.90,3.58,true,1,
72989425,false,"גלידת בן & ג'ריס פיינטים שוקולד בראוניז 500מ""ל",מוצרי איכות אמריקאיים בע,IL,גלידה בן & ג'ר,מיליליטרים,500.00,"100 מ""ל",false,0,17.90,3.58,true,1,
72991886,false,"גלידת דולצ'ה בטעם ריבת חלב עם פאדג' בן וג'ירי 500 מ""ל",מוצרי איכות אמריקאיים בע,IL,גלידה בן & ג'ר,מיליליטרים,500.00,"100 מ""ל",false,0,17.90,3.58,true,1,
72993637,false,מעדן חלב בטעם שוקולד 125 ג' דני,"שטראוס גרופ בע""\מ",IL,דני שוקולד 1.5%,גרמים,125.00,100 גרם,false,0,2.50,2.00,true,1,
80773429,false,מנטוס בקבוק מעוגל - מסטיק ללא סוכר בטעם תות 60 גרם,"פרפטי ואן מלה ג'\ידה,סאן",TR,מנטוס בקבוק,גרמים,60.00,100 גרם,false,1,9.90,16.50,true,1,
80776307,false,מסטיק מנטוס ביג בבקבוק מעוגל טעם פירות מנטה 90 ג',פרפטי ואן מלה הולנד,TR,מסטיק מנטוס,גרמים,90.00,100 גרם,false,1,15.90,17.67,true,1,
80780595,false,מסטיק מנטוס ביג בבקבוק מעוגל טעם מנטה-עדינה 90 ג',פרפטי ואן מלה הולנד,TR,מסטיק מנטוס,גרמים,90.00,100 גרם,false,1,15.90,17.67,true,1,
80794233,false,מסטיק מנטוס ביג בבקבוק מעוגל טעם מנטה 90 ג',פרפטי ואן מלה הולנד,TR,מסטיק מנטוס,גרמים,90.00,100 גרם,false,1,15.90,17.67,true,1,
80843184,false,מנטוס מסטיק פיור פרש בטעם ענבים 60גר,פרפטי ואן מלה הולנד,TR,מסטיק מנטוס,גרמים,60.00,100 גרם,false,1,9.90,16.50,true,1,
80896081,false,מנטוס בקבוק מעוגל - מסטיק ללא סוכר בטעם אבטיח 60 גרם,"פרפטי ואן מלה ג'\ידה,סאן",TR,מנטוס בקבוק,גרמים,60.00,100 גרם,false,1,9.90,16.50,true,1,
80926481,false,מסטיק מנטוס פיור פרש בבקבוק בינוני בטעם אבטיח 90ג',"פרפטי ואן מלה ג'ידה,סאן",TR,מסטיק מנטוס,גרמים,90.00,100 גרם,false,1,15.90,17.67,true,1,
80945468,false,סוכריות פיור וויט טעם מנטה מתוקה 60 ג' מנטוס,"פרפטי ואן מלה ג'ידה,סאן",TR,מנטוס פיור וויט,גרמים,60.00,100 גרם,false,1,9.90,16.50,true,1,
80974215,false,מסטיק מנטוס פיור פרש בבקבוק ביג בטעם תות 90ג',"פרפטי ואן מלה ג'ידה,סאן",TR,מסטיק מנטוס,גרמים,90.00,100 גרם,false,1,15.90,17.67,true,1,
80979128,false,מנטוס מסטיק בקבוק מעוגל בטעם דובדבן,פרפטי ואן מלה הולנד,TR,מסטיק מנטוס,גרמים,60.00,100 גרם,false,1,9.90,16.50,true,1,
87108538,false,סוכריות בטעם תות מנטוס 37.5 גרם,הדקלאים אגודת שיתופי,NL,מנטוס תות,גרמים,37.00,100 גרם,false,0,2.90,7.84,true,1,
87108651,false,סוכריות בטעם מנטה מנטוס 4*37.5 גרם,הדקלאים אגודת שיתופי,NL,מנטוס מנטה 4 יח',גרמים,150.00,100 גרם,false,0,9.90,6.60,true,1,
87108712,false,סוכריות בטעם פירות מנטוס 4*37.5 גרם,פרפטי ואן מלה ברדה,NL,מנטוס פירות 4,גרמים,150.00,100 גרם,false,0,9.90,6.60,true,1,
16000423534,false,חטיפי גרנולה קראנצ'י עם שיבולת שועל ושוקולד מריר נייצ'ר ואלי 5*42 גרם,ג'נרל מילס סאן אדריאן,ES,חטיף נייצ'ר ואלי,גרמים,210.00,100 גרם,false,0,12.90,6.14,true,1,
16000548404,false,חטיפי גרנולה קראנצ'י עם שיבולת שועל ודבש נייצ'ר ואלי 5*42 גרם,ג'נרל מילס סאן אדריאן,ES,חטיף נייטשר ואלי,גרמים,210.00,100 גרם,false,0,12.90,6.14,true,1,
16000548503,false,חטיפי גרנולה קראנצ'י עם מייפל וסוכר חום נייצ'ר ואלי 5*42 גרם,ג'נרל מילס סאן אדריאן,ES,חטיף נייטשר ואלי,גרמים,210.00,100 גרם,false,0,12.90,6.14,true,1,
16000548602,false,חטיפי גרנולה קראנצ'י קינמון נייצ'ר ואלי 5*24 גרם,ג'נרל מילס סאן אדריאן,ES,חטיף נייטשר ואלי,גרמים,210.00,100 גרם,false,0,12.90,6.14,true,1,
16000548909,false,חטיפי גרנולה קראנצ'י במגוון טעמים נייצ'ר ואלי 5*42 גרם,ג'נרל מילס סאן אדריאן,ES,חטיף נייטשר ואלי,גרמים,210.00,100 גרם,false,0,12.90,6.14,true,1,
18000701223,false,"פילסברי, עוגה בטעם שוקולד, תערובת להכנת עוגה בטעם שוקולד. 500 גרם",הדקלאים אגודת שיתופי,IL,תערובת לעוגה,גרמים,500.00,100 גרם,false,0,14.90,2.98,true,1,
18000703494,false,"פילסברי, עוגה בטעם וניל, תערובת להכנת עוגה בטעם וניל. 500 גרם.",הדקלאים אגודת שיתופי,IL,תערובת לעוגה,גרמים,500.00,100 גרם,false,0,14.90,2.98,true,1,
18176784907,false,שוקולד חלב מארז 100X5 גר',,,שוקולד טורינו,גרמים,500.00,100 גרם,false,0,16.90,3.38,true,1,
18176785508,false,שוקולד טורינו 100 גרם חלבי,שוקולה קמיל בלוך,IL,שוקולד טורינו,גרמים,100.00,100 גרם,false,0,9.90,9.90,true,1,
18176787007,false,שוקולד טורינו מריר פרווה 100 גר',שוקולה קמיל בלוך,IL,שוקולד טורינו,גרמים,100.00,100 גרם,false,0,9.90,9.90,true,1,
21859050305,false,"תחתית פאי אפויה בטעם שוקולד ""קמח"" 170 גרם",,US,תחתית פאי אפויה,גרמים,170.00,100 גרם,false,1,13.90,8.18,true,1,
22200956932,false,דאודורנט ספיד סטיק גל 24/7 כחול 85 גר,הנסיך- מפעל לייצור ט,US,דאודורנט ג'ל,גרמים,85.00,100 גרם,false,0,17.90,21.06,true,1,
22200956949,false,דאודורנט ג'ל כתום לגבר ספיד סטיק 85 גרם,קולגייט-פלמוליב,US,דאודורנט,גרמים,85.00,100 גרם,false,0,17.90,21.06,true,1,
25675010024,false,עוגיות סנדוויץ דופלקס 708 גרם,INC FOODS CONAGRA,US,עוגיות סנדוויץ,גרמים,708.00,100 גרם,false,1,21.90,3.09,true,1,
25675015050,false,פריכיות אורז מרובע לירון קרביץ 140 גרם,RACIO S.R.O.,,פריכיות אורז,גרמים,140.00,100 גרם,false,0,5.90,4.21,true,1,
25675015159,false,פריכיות חיטה מלאה מרובע לירון קרביץ 155 גרם,RACIO S.R.O.,,פריכיות,גרמים,155.00,100 גרם,false,0,5.90,3.81,true,1,
25675015289,false,פריכיות דגנים מרובע לירון קרביץ 140 גרם,RACIO S.R.O.,,פריכיות דגנים,גרמים,140.00,100 גרם,false,0,5.90,4.21,true,1,
25675015357,false,פריכיות כוסמין 155 גרם לירון קרביץ,RACIO S.R.O.,,פריכיות כוסמין,גרמים,155.00,100 גרם,false,0,5.90,3.81,true,1,
25675094703,false,פשקס לקקן טוטי פרוטי 50 יח' באריזה,DORI ALIMENTOS LTDA,,לקקן טופי דובדבן,גרמים,540.00,100 גרם,false,0,14.90,2.76,true,1,
25675094727,false,פשקס לקקן תות 50 יח' באריזה,DORI ALIMENTOS LTDA,,לקקן טופי תות,גרמים,540.00,100 גרם,false,0,14.90,2.76,true,1,
25675094741,false,לקקן טופי פטל פשקס 5,DORI ALIMENTOS LTDA,,לקקן טופי פטל,גרמים,540.00,100 גרם,false,0,14.90,2.76,true,1,
25675120037,false,מקלות חמצוצים תות פשקז 100 גרם,פשקס קנדי,NL,חמצוצים תות,גרמים,100.00,100 גרם,false,0,6.90,6.90,true,1,
25675120068,false,מקלות חמצוצים בטעם קולה פשקז 100 גרם,פשקז Paskesz,NL,חמצוצים קולה,גרמים,100.00,100 גרם,false,0,6.90,6.90,true,1,
25675950313,false,פשקס סוכריות אודלס תות מארז שקית,ג'ודילינג פודס קומפנ,CN,סוכרית אודלס224ג,גרמים,224.00,100 גרם,false,1,11.90,5.31,true,1,
25675950351,false,פשקס סוכריות אודלס דובדבן מארז שקית,ג'ודילינג פודס קומפנ,CN,סוכרית אודלס224ג,גרמים,224.00,100 גרם,false,1,11.90,5.31,true,1,
25675950382,false,פשקס סוכריות אודלס פטל מארז שקית,ג'ודילינג פודס קומפנ,CN,סוכרית אודלס224ג,גרמים,224.00,100 גרם,false,1,11.90,5.31,true,1,
35000458476,false,קולגייט מברשת שיניים ילדים מארז רביעייה,קולגייט פלמוליב,VN,מברשת קולגייט,יחידה,1.00,יחידה,false,1,17.90,17.90,true,1,
43427003919,false,"""מארז 8 שקיות רשת בד לבישול """"ליברס""""""",,IL,שקיות לבישול 8יח,יחידה,1.00,יחידה,false,1,9.90,9.90,true,1,
43427009416,false,עוגיות מיני עם ציפ שוק בצורות חיות אריזה משפח 25*6 גר ליברס,פרימרט,PL,עוגיות מיני,גרמים,150.00,100 גרם,false,1,11.90,7.93,true,1,
43427011525,false,"""פרוסות פלפל חריף 473 מ""""ל """"ליברס""""""",,US,פרוסות פלפל חריף,מיליליטרים,473.00,"100 מ""ל",false,1,19.90,4.21,true,1,
43427019002,false,"רסק תפוחים ללא תוספת סוכר כשל""פ ""ליברס"" 1.3 ק""ג",בורנייט פודס,US,רסק תפוחים,קילוגרמים,1.36,"ק""ג",false,1,18.90,13.90,true,1,
43427112093,false,"תרסיס שמן זית 142 גרם ""ליברס""",פולאר,IL,תרסיס שמן זית,גרמים,142.00,100 גרם,false,1,22.90,16.13,true,1,
43427211383,false,עוגיות מיני בציפוי שוק' אריזה משפחתית 6*25 גר ליברס,פרימרט,PL,עוגיות מיני בציפ,גרמים,150.00,100 גרם,false,1,11.90,7.93,true,1,
43427222600,false,"רוטב סויה ""ליברס"" 296 מ""ל",באהקו פוד קו,TH,רוטב סויה,מיליליטרים,296.00,"100 מ""ל",false,1,9.90,3.34,true,1,
43427240017,false,"חומץ בלסמי אורגני כשל""פ 500 מ""ל ""ליברס""",ליברס,IL,חומץ בלסמי,מיליליטרים,500.00,"100 מ""ל",false,1,19.90,3.98,true,1,
43427245005,false,"""מחית תפוחים ממותק פאוץ 4*90 גרם """"ליברס""""""",ליברס,IL,מחית תפוחים ממות,גרמים,360.00,100 גרם,false,1,11.90,3.31,true,1,
43427271004,false,"חומץ טבעי 5 % כשל""פ 473 מ""ל ""ליברס""",אקובינאל,ES,חומץ טבעי,גרמים,510.00,100 גרם,false,1,4.90,0.96,true,1,
43427612005,false,"שימורי רוטב עגבניות ""ליברס"" 425 גרם HE",רד גולד אינק',US,שימורי רוטב עגבנ,גרמים,425.00,100 גרם,false,1,5.50,1.29,true,1,
64144090020,false,"ספריי שמן PAM בטעם שמן זית 141 מ""ל",קונאגרה פודס,US,תרסיס שמן זית,מיליליטרים,148.00,"100 מ""ל",false,0,15.90,10.74,true,1,
64144090051,false,"ספריי שמן PAM קנולה אורגינל 148 מ""ל",קונאגרה פודס,US,תרסיס שמן קנולה,מיליליטרים,148.00,"100 מ""ל",false,0,15.90,10.74,true,1,
73490129919,false,ביסקוויט ביס קסטה הדר 250 גרם,אפיפית נצרת,IL,ביסקויט קסטה,גרמים,250.00,100 גרם,false,0,4.90,1.96,true,1,
73490130359,false,קרקר קרם קרקר רגיל 2,אפיפית נצרת,IL,"קרם קרקר ""הדר""",גרמים,250.00,100 גרם,false,0,6.90,2.76,true,1,
73490153419,false,מיץ ענבים קדם גאולה קונקורד 1.89 ליטר,קדם פוד פרודקטסn\,US,מיץ ענבים 1.89 ל,ליטרים,1.89,ליטר,false,8,25.20,13.33,true,1,
76840620029,false,"גלידה בן&ג'ריס שמנת עם תות 500מ""ל",מוצרי איכות אמריקאיים בע,IL,גלידה בן & ג'ר,מיליליטרים,500.00,"100 מ""ל",false,0,17.90,3.58,true,1,
77245110610,false,סוכריות מאסט ללא סוכר בטעם מנטה 80 ג'עלית,MIESZKO S.A - MS. JO,PL,סוכריות מאסט,גרמים,80.00,100 גרם,false,0,6.90,8.63,true,1,
80432402931,false,"וויסקי סקוטי, שיבאס ריגאל 12 שנה, 700 מ''ל",מזקקת האחים שיבאס,SE,וויסקי שיבס,מיליליטרים,700.00,"100 מ""ל",false,0,109.90,15.70,true,1,
87752001363,false,יין קדם טראדישיונל ל,קדם,IL,טרדיטיונל קידוש,מיליליטרים,750.00,"100 מ""ל",false,0,19.90,2.65,true,1,
87752005644,false,"יין מוסקטו ברטנורה 750 מ""ל",מיסזקו אס.איי,IT,יין מוסקטו,מיליליטרים,750.00,"100 מ""ל",false,0,49.90,6.65,true,1,
87752017227,false,ליקר שוקולד שמרלינג 750מ,שמרלינג,IT,ליקר שוקולד שמרל,מיליליטרים,750.00,"100 מ""ל",false,1,89.90,11.99,true,1,
87752026458,false,ליקר שוקולד לבן שמרלינג,שמרלינג,IT,ליקר שוקולד לבן,מיליליטרים,750.00,"100 מ""ל",false,1,89.90,11.99,true,1,
142486607103,false,שישיית חטיפי גרנולה קראנצ'י שיבולת שועל ודבש 255 גרם Oola,קנובר,MK,חטיף קראנץ 6יח,גרמים,255.00,100 גרם,false,1,19.90,7.80,true,1,
142486607110,false,חטיף גרנולה קראנצ'י שוקולד שישיה 255 גרם Oola,קנובר,MK,חטיף קראנץ 6 יח,גרמים,255.00,100 גרם,false,1,19.90,7.80,true,1,
142486607127,false,חטיף גרנולה קראנצ'י חמאת בוטנים שישיה 255 גרם Oola,קנובר,MK,חטיף קראנץ 6 יח,גרמים,255.00,100 גרם,false,1,19.90,7.80,true,1,
142486607134,false,חטיף גרנולה קראנצ'י קינמון שישיה 255 גרם Oola,קנובר,MK,חטיף קראנץ 6יח,גרמים,255.00,100 גרם,false,1,19.90,7.80,true,1,
305213079004,false,"תחליב גוף להזנה עמוקה צהוב וזלין 600 מ""ל","יוניליוור, ג'פרסון סיטי,",US,קרם גוף ואלין,מיליליטרים,600.00,"100 מ""ל",false,1,19.90,3.32,true,1,
608614253340,false,חלת קונדטוריה 500 גרם,,IL,חלת קונדטוריה,גרמים,500.00,100 גרם,false,1,10.90,2.18,true,1,
608614254125,false,ביסבס-סחוג חריף אש 120 גרם,לימון אוכל מוכן לשיו,IL,ביסבס חריף אש,גרמים,120.00,100 גרם,false,1,10.90,9.08,true,1,
608614254132,false,ביסבס-סחוג חריף עדין 120 גרם,לימון אוכל מוכן לשיו,IL,ביסבס חריף עדין,גרמים,120.00,100 גרם,false,1,10.90,9.08,true,1,
608614254149,false,ביסבס-סחוג חריף פיקנטי 120 גרם,לימון אוכל מוכן לשיו,IL,ביסבס חריף,גרמים,120.00,100 גרם,false,1,10.90,9.08,true,1,
633016004023,false,ברוקולי פרחים 680 גרם,עתרן,EC,ברוקולי פרחים,גרמים,680.00,100 גרם,false,0,29.90,4.40,true,1,
633016004108,false,פרחי כרובית באגן 680,בסט מייסטר,EC,מיני כרובית,גרמים,680.00,100 גרם,false,0,26.90,3.96,true,1,
633016004351,false,בזיליקום קצוץ 70 גרם,,IL,בזיליקום קצוץ,גרמים,70.00,100 גרם,false,1,12.90,18.43,true,1,
633016004368,false,כוסברה קצוץ 70 גרם,,IL,כוסברה קצוץ,גרמים,70.00,100 גרם,false,1,12.90,18.43,true,1,
633016004375,false,שמיר 70 גרם,עט רן,IL,שמיר 70 גרם,גרמים,70.00,100 גרם,false,1,12.90,18.43,true,1,
633016004382,false,שום כתוש 80 גר' עת רן,עט רן,IL,שום כתוש,גרמים,70.00,100 גרם,false,1,12.90,18.43,true,1,
633016004399,false,פטרוזיליה קצוצה 70 גרם,עט רן,IL,פטרוזיליה קצוצה,גרמים,70.00,100 גרם,false,1,12.90,18.43,true,1,
633710238458,false,"ממרח חרדל ""ליברס""",וואבר'ס מנפקטורינג קומפנ,US,ממרח חרדל,גרמים,397.00,100 גרם,false,1,9.90,2.49,true,1,
651080647519,false,קיסמים עם חוט דנטלי פלאקרס מנטה 35 יחידות,"פלקרס רנור ארה""ב",US,קיסם עם חוט,יחידה,1.00,יחידה,false,1,9.90,9.90,true,1,
655160628801,false,סלט חציל בטעם כבד 230 גר,"לימון-מילה של איכות בע""מ",IL,סלט חצילים,גרמים,230.00,100 גרם,false,1,15.90,6.91,true,1,
655160628818,false,סלט חציל על האש 230 גרם,"לימון-מילה של איכות בע""מ",IL,סלט חציל על האש,גרמים,230.00,100 גרם,false,1,11.90,5.17,true,1,
655160628825,false,סלט חציל בתחמיץ 230 גרם,"לימון-מילה של איכות בע""מ",IL,סלט חציל בתחמיץ,גרמים,230.00,100 גרם,false,1,11.90,5.17,true,1,
655160628832,false,סלט חציל בצ'ילי 230 גרם,"לימון-מילה של איכות בע""מ",IL,סלט חציל בצ'ילי,גרמים,230.00,100 גרם,false,1,11.90,5.17,true,1,
655160628856,false,סלט כרוב וגזר אמריקאי 23,"לימון-מילה של איכות בע""מ",IL,סלט כרוב וגזר,גרמים,230.00,100 גרם,false,1,11.90,5.17,true,1,
655160628863,false,סלט טחינה של סבתא 230 גר,"לימון-מילה של איכות בע""מ",IL,סלט טחינה,גרמים,230.00,100 גרם,false,1,11.90,5.17,true,1,
655160628917,false,סחוג ירוק 150 גרם,"לימון-מילה של איכות בע""מ",IL,סחוג ירוק,גרמים,150.00,100 גרם,false,1,13.90,9.27,true,1,
655160628931,false,מעדן זיתים 150 גרם,"לימון-מילה של איכות בע""מ",IL,מעדן זיתים,גרמים,150.00,100 גרם,false,1,13.90,9.27,true,1,
655160628979,false,מעדן זיתים חריף 150 גרם,"לימון-מילה של איכות בע""מ",IL,מעדן זיתים,גרמים,150.00,100 גרם,false,1,13.90,9.27,true,1,
655160629112,false,סלט חציל פיקנטי 230 גרם,"לימון-מילה של איכות בע""מ",IL,סלט חציל פיקנטי,גרמים,230.00,100 גרם,false,1,11.90,5.17,true,1,
655160629136,false,סלט פלפלים קלויים אש 230,"לימון-מילה של איכות בע""מ",IL,סלט פלפלים,גרמים,230.00,100 גרם,false,1,11.90,5.17,true,1,
655160629143,false,סלט פלפלים קלויים 230 גר,"לימון-מילה של איכות בע""מ",IL,סלט פלפלים,גרמים,230.00,100 גרם,false,1,11.90,5.17,true,1,
655160629167,false,סלט חומוס נוסטלגי 230 גר,"לימון-מילה של איכות בע""מ",IL,סלט חומוס,גרמים,230.00,100 גרם,false,1,11.90,5.17,true,1,
655160629181,false,סלט מטבוחה ישראלית 230 ג,"לימון-מילה של איכות בע""מ",IL,סלט מטבוחה,גרמים,230.00,100 גרם,false,1,11.90,5.17,true,1,
655160629198,false,סלט מטבוחה אש 230 גרם,"לימון-מילה של איכות בע""מ",IL,סלט מטבוחה,גרמים,230.00,100 גרם,false,1,11.90,5.17,true,1,
689423004989,false,"חטיף תפו""א בגליל 150 גרם Gedilla",,US,"חטיף תפו""א בגליל",גרמים,150.00,100 גרם,false,0,12.90,8.60,true,1,
689423004996,false,"חטיף תפו""א בגליל בטעם ברבקיו 150 גרם Gedilla",אלימנטס פרנקי,CA,"חטיף תפו""א 150גר",גרמים,150.00,100 גרם,false,0,12.90,8.60,true,1,
689423005009,false,"חטיף תפו""א בגליל בטעם בצל ושום 150 גרם Gedilla",,US,"חטיף תפו""א בגליל",גרמים,150.00,100 גרם,false,0,12.90,8.60,true,1,
689423031763,false,סוכריות טופי בטעם דובדבן 170 גרם Shufra,סוויט קומפני,US,סוכריות טופי,גרמים,170.00,100 גרם,false,1,16.90,9.94,true,1,
693493015110,false,ביסבס-שום כתוש 120 גרם,לימון אוכל מוכן לשיו,IL,ביסבס שום כתוש,גרמים,120.00,100 גרם,false,1,6.90,5.75,true,1,
693493082679,false,בייגלה חיטה מלאה שומשום,אם החיטה,IL,בייגלה חיטה מלאה,גרמים,300.00,100 גרם,false,1,6.90,2.30,true,1,
693493082686,false,בייגלה חיטה מלאה מלח300ג,אם החיטה,IL,בייגלה חיטה מלאה,גרמים,300.00,100 גרם,false,1,6.90,2.30,true,1,
693493142847,false,פיתות פרימיום מארז עשירייה,מאסטר פייתה,IL,עשיריה פיתות,יחידה,1.00,יחידה,false,1,11.90,11.90,true,1,
693493142892,false,רביעיית פוקצות פרימיום עם זעתר פיתא 480 גרם,,IL,פוקצ'ה עם זעתר,גרמים,460.00,100 גרם,false,1,16.90,3.67,true,1,
693493142908,false,רביעיית פוקצות פרימיום עם בצל פיתא 480 גרם,,IL,פוקצ'ה בצל 460גר,גרמים,460.00,100 גרם,false,1,16.90,3.67,true,1,
693493177375,false,כוסות שתיה חמה 0Z12 50,HABAHBEH,JO,כוסות שתיה חמה,יחידה,1.00,יחידה,false,1,18.90,18.90,true,1,
693493186902,false,שמיניית מיני פרנה 500 גרם,,IL,מיני פרנה 10 יח,גרמים,500.00,100 גרם,false,1,14.90,2.98,true,1,
693493186926,false,רביעיית פרנה פיתא 480 גרם,,IL,פרנה 4 יח,גרמים,480.00,100 גרם,false,1,14.90,3.10,true,1,
700600862786,false,מיונז שום שמיר 210 גרם,"לימון-מילה של איכות בע""מ",IL,מיונז שום שמיר,גרמים,210.00,100 גרם,false,1,13.90,6.62,true,1,
710069082212,false,חרדל צהוב 255 גרם,,IL,חרדל צהוב,גרמים,255.00,100 גרם,false,1,5.90,2.31,true,1,
710069305168,false,"רסק תפו""ע + תות בגביע אישי 113גר'*6",,IL,"רסק תפו""ע",גרמים,680.00,100 גרם,false,0,15.90,2.34,true,1,
710069812000,false,רוטב פסטה קלאסיק מרינדה 737 גרם,,IL,רוטב פסטה גפן,גרמים,680.00,100 גרם,false,0,12.90,1.90,true,1,
710069812031,false,רוטב פיצה עגבניות קלאסי 737 גר',,IL,רוטב פיצה קדם,גרמים,737.00,100 גרם,false,0,12.90,1.75,true,1,
710069812161,false,רסק תפוחים בגביע אישי 113גר'*6,"כנס פוד ארה""ב",US,"רסק תפו""ע מארז 6",גרמים,678.00,100 גרם,false,1,15.90,2.35,true,1,
710069812178,false,רסק תפוחים ללא תוס' סוכר בגביע אישי 113גר'*6,"כנס פוד ארה""ב",US,"רסק תפו""ע 6יח",גרמים,678.00,100 גרם,false,1,15.90,2.35,true,1,
712963005410,false,שוקולד חלב עם ביסקוויט במילוי קרם חלב,גרוסליין,HR,שוקו go במילוי,גרמים,80.00,100 גרם,false,1,6.90,8.63,true,1,
712963005472,false,שוקולד חלב עם ביסקוויט במילוי מוס,גרוסליין,HR,שוקו go,גרמים,80.00,100 גרם,false,1,6.90,8.63,true,1,
713153944151,false,סלט עגבניות פיקנטי 230 ג,"לימון-מילה של איכות בע""מ",IL,סלט עגבניות,גרמים,230.00,100 גרם,false,1,11.90,5.17,true,1,
717410697958,false,מיונז פיקנטי 210 גרם,"לימון-מילה של איכות בע""מ",IL,מיונז פיקנטי,גרמים,210.00,100 גרם,false,1,13.90,6.62,true,1,
732973000878,false,ווייטפיש A&B קלאסיק565גר,איי אנד בי פיימוס גפ,US,וייטפיש A&Bקלאסי,גרמים,565.00,100 גרם,false,1,34.90,6.18,true,1,
735375609939,false,מרק נודלס בטעם עוף מופחת נטרן-גפן,אימפריאל פודס אינק,US,מרק נודלס,גרמים,65.00,100 גרם,false,1,4.90,7.54,true,1,
769904000607,false,שקדי מרק משובח 200 גרם כשלפ,גיי אפ פי ייצור מזון,IL,שקדי מרק,גרמים,200.00,100 גרם,false,0,8.90,4.45,true,1,
769904001116,false,פתיתים קוסקוס ללא גל,גיי אפ פי ייצור מזון,,פתיתים קוסקוס,גרמים,200.00,100 גרם,false,0,9.90,4.95,true,1,
807405052098,false,"רדיד אלומיניום חתוך 27.8*30.5 ס""מ. 200 יחי' PANDORA",פנדורה,CN,רדיד אלומיניום,יחידה,1.00,יחידה,false,1,29.90,29.90,true,1,
807405068020,false,שקיות אובליות לבישול איטי רחב במיוחד 10 יחידות,פנטסטיק,CN,שקיות בישול איטי,יחידה,1.00,יחידה,false,1,9.90,9.90,true,1,
811146030185,false,טינגלרס דובדבן בשקית דיספליי 288 גרם,גוגרנולא פוד אינדסטר,IL,טינגלרס ממולא דו,גרמים,288.00,100 גרם,false,1,9.90,3.44,true,1,
811146030383,false,סוכריות קשות לקקן בצורת ספינר 12 יחי',פרימיום פודס,CN,לקקן בצורת ספינר,גרמים,120.00,100 גרם,false,1,11.90,9.92,true,1,
811146030390,false,סוכריות קשות לקקן בצורת שבשבת 12 יחי',קיומי שנגיואנג פודס,CN,לקקן בצורת שבשבת,גרמים,144.00,100 גרם,false,1,11.90,8.26,true,1,
811146030741,false,סוכריות לולי פופ חמוץ משפחתי 144 גרם,גואנגדונג צאואן פוד,CN,סוכ.על מקל,גרמים,144.00,100 גרם,false,1,11.90,8.26,true,1,
811146030758,false,סוכריות פרו זיפס פירות בשקית 255 גרם,גוגרנולא פוד אינדסטר,PK,סוכ.טופי 255גרם,גרמים,255.00,100 גרם,false,1,9.90,3.88,true,1,
811146030765,false,פרו זיפס כפול פירות בשקית 255 גרם,גוגרנולא פוד אינדסטר,PK,סוכ.טופי 255גרם,גרמים,255.00,100 גרם,false,1,9.90,3.88,true,1,
811146030772,false,סוכריות פרו זיפס ארוכות בשקית 255 גרם,גוגרנולא פוד אינדסטר,PK,סוכ.טופי ממולאות,גרמים,255.00,100 גרם,false,1,9.90,3.88,true,1,
840762001422,false,רוטב ברביקיו מתוק חריף,פרמונט קומפני,US,רוטב ברביקיו,גרמים,510.00,100 גרם,false,1,14.90,2.92,true,1,
840762811403,false,פטריות שמפניון חתוכות 22,גרינירד,NL,פטריות שמפניון,גרמים,227.00,100 גרם,false,1,4.90,2.16,true,1,
844510013101,false,"יין ירושלים הילז קברנה סוביניון 750 מ""ל",אגדת,IL,קברנה סוביניון,מיליליטרים,750.00,"100 מ""ל",false,1,39.90,5.32,true,1,
856591000062,false,עוגיות מזרחיות עם מלח עבאדי 400 גרם,מאפיית יוסף ושמחה עבאדי,IL,עוגיות מזרחיות,גרמים,400.00,100 גרם,false,0,14.90,3.73,true,1,
856591000109,false,עוגיות מזרחיות פריך במיוחד עבאדי 400 גרם,מאפיית יוסף ושמחה עבאדי,IL,עוגיות מזרחיות,גרמים,400.00,100 גרם,false,0,14.90,3.73,true,1,
856591000949,false,"מאפה חיטה מלוח ""קטנטנים"" עבאדי 350 גרם",עבאדי,IL,קטנטנים עבאדי,גרמים,350.00,100 גרם,false,1,12.90,3.69,true,1,
877300002160,false,רוטב צ'ילי מתוק 370 גרם,נפטון מוצרי מזון (1990),IL,רוטב צ'ילי מתוק,גרמים,370.00,100 גרם,false,1,9.90,2.68,true,1,
884912365200,false,דגני בוקר אוראו שחור ולבן 311 גרם,פוסט ארצות הברית,US,דגני בוקר אוראו,גרמים,311.00,100 גרם,false,1,19.90,6.40,true,1,
3059940007768,false,"מבשם אוויר אירוויק ספריי וניל אורכידאה 240 מ""ל",איירוויק Air Wick,GB,אירויק ספריי,מיליליטרים,240.00,"100 מ""ל",false,0,7.90,3.29,true,1,
3059943016569,false,"מבשם אוויר אירוויק ספריי פרסיה ויסמין 240 מ""ל",איירוויק Air Wick,GB,אירויק ספריי,מיליליטרים,240.00,"100 מ""ל",false,0,7.90,3.29,true,1,
3574660089547,false,טמפונים נורמל קלאסי אובה 32 יחידות,ג'\ונסון אנד ג'\ונסון,GR,טמפוני או בה,יחידה,1.00,יחידה,false,0,19.90,19.90,true,1,
3574660115154,false,או-בה טמפונים קלאסי סופר 32יח',ג'\ונסון אנד ג'\ונסון,GR,טמפוני או בה,יחידה,1.00,יחידה,false,0,19.90,19.90,true,1,
3574660464429,false,מגני תחתון קרפרי נורמל אוורירי עם מעטפת כותנה,ג'\ונסון אנד ג'\ונסון,GR,מגן תחתון קרפרי,יחידה,1.00,יחידה,false,0,17.90,17.90,true,1,
3574661419435,false,תחבושות הגייניות וניה מקסי 12 יחידות,Johnson Vania - BL,BE,תחבושות וניה,יחידה,1.00,יחידה,false,1,22.90,22.90,true,1,
3574661487328,false,קרפרי מגני תחתון אורגינל פלוס 56 יח',הדקלאים אגודת שיתופי,GR,מגני תחתון קרפרי,יחידה,1.00,יחידה,false,1,13.90,13.90,true,1,
3574661487625,false,מגני תחתון פלוס לארג' בניחוח עדין L,הדקלאים אגודת שיתופי,GR,מגן תחתון קרפרי,יחידה,1.00,יחידה,false,1,13.90,13.90,true,1,
3574661552576,false,קרפרי מגן תחתון רגיל טנגה לבן 56 יח חדש,הדקלאים אגודת שיתופי,GR,מגני תחתון קרפרי,יחידה,1.00,יחידה,false,1,13.90,13.90,true,1,
3574661552804,false,מגן תחתון קרפרי אלוורה 56 יחידות,הדקלאים אגודת שיתופי,GR,מגני תחתון קרפרי,יחידה,1.00,יחידה,false,1,13.90,13.90,true,1,
3574669908665,false,גונסונס בייבי אל סבון לפני השינה 750 מל,גונסון אנד גונסון,IT,ג'ונסון אל סבון,מיליליטרים,750.00,"100 מ""ל",false,1,17.90,2.38,true,1,
3600522107385,false,"לוריאל - דאודורנט לגבר מן אקספרט קרבון פרוטקט 150 מ""ל",לוריאל,FR,דאודורנט אקספרט,מיליליטרים,150.00,"100 מ""ל",false,1,14.90,9.93,true,1,
3600522373278,false,"לוריאל - דאודורנט לגבר מן אקספרט שרט פרוטקט 150 מ""ל",SOPROCOS,FR,דאודורנט אקספרט,מיליליטרים,150.00,"100 מ""ל",false,1,14.90,9.93,true,1,
3600522550129,false,קרם אנטי-אייג'ינג יום אייג' ספשיאליסט +45,"קרלסרו, גרמניה",DE,קרם יום,מיליליטרים,50.00,"100 מ""ל",false,1,59.90,119.80,true,1,
3600522626060,false,"לוריאל - דאודורנט לגבר מן אקספרט טרמיק רזיסט 150 מ""ל",סופרוקוס,FR,דאו.מן אקספרט,מיליליטרים,150.00,"100 מ""ל",false,1,14.90,9.93,true,1,
3600523462360,false,"לוריאל - דאודורנט לגבר מן אקספרט סנסיטיס קונטרול 150 מ""ל",SOPROCOS,FR,דאו. מן אקספרט,מיליליטרים,150.00,"100 מ""ל",false,1,14.90,9.93,true,1,
3600523651870,false,שמפו לחיזוק סיב השערה לכל סוגי השיער,לוריאל - אלביב Elvive,TR,אלביב שמפו,מיליליטרים,550.00,"100 מ""ל",false,1,14.90,2.71,true,1,
3600523651900,false,מרכך לחיזוק סיב השערה לכל סוגי השיער,לוריאל - אלביב Elvive,TR,אלביב מרכך,מיליליטרים,550.00,"100 מ""ל",false,1,14.90,2.71,true,1,
3600523652280,false,"לוריאל אלביב שמפו מועשר ב 6 שמנים, 550 מ""ל",לוריאל - אלביב Elvive,TR,אלביב שמפו,מיליליטרים,550.00,"100 מ""ל",false,1,14.90,2.71,true,1,
3600523652297,false,"מרכך לשיער אלביב זהב 6 שמנים , 550 מ""ל",לוריאל - אלביב Elvive,TR,אלביב מרכך,מיליליטרים,550.00,"100 מ""ל",false,1,14.90,2.71,true,1,
3600523782567,false,"לוריאל - אלביב שמפו דרים לונג 500 מ""ל",לוריאל - אלביב Elvive,FR,אלביב שמפו,מיליליטרים,500.00,"100 מ""ל",false,1,14.90,2.98,true,1,
3600523782574,false,מסכה לשיער לוריאל אלביב דרים לונג 300 מל,לוריאל - אלביב Elvive,DE,מסכה לשיער אלביב,מיליליטרים,300.00,"100 מ""ל",false,1,19.90,6.63,true,1,
3600523782581,false,מרכך מתיר קשרים לשיער ארוך ופגום Dream Long,לוריאל - אלביב Elvive,FR,אלביב מרכך,מיליליטרים,500.00,"100 מ""ל",false,1,14.90,2.98,true,1,
3600541029323,false,גרנייה אסנשיאל מסיר איפור 2 ב- 1,SOPROCOS סופרוקוס,FR,ESSENTIALS מסיר,מיליליטרים,200.00,"100 מ""ל",false,0,19.90,9.95,true,1,
3600541740006,false,"גרנייה - דאודורנט ספריי לאישה אקשן קונטרול 72 שעות 150 מ""ל","לוריאל ישראל בע""מ",FR,דאו.גרנייה,מיליליטרים,150.00,"100 מ""ל",false,1,11.90,7.93,true,1,
3600541937475,false,גרניה פיור גרגרים מסיכה לעור מעורב עד שמן,לוריאל,FR,גרנייה פיור ניקו,מיליליטרים,150.00,"100 מ""ל",false,1,29.90,19.93,true,1,
3600541956223,false,"גרנייה פיור לניקוי וטיפול בסימנים ופגעי עם מברשת 150 מ""ל","קרלסרו, גרמניה",DE,ג'ל ניקוי עמוק,מיליליטרים,150.00,"100 מ""ל",false,1,29.90,19.93,true,1,
3600542366113,false,גרניה בוטניקל קרם לחות ענבים 50 מל,לוריאל,DE,סקין נטורל קרם ע,מיליליטרים,50.00,"100 מ""ל",false,1,37.90,75.80,true,1,
3600542398206,false,גרניה סקין נט תרחיץ אלוורה 200 מל,"קוסמופול, פולין",PL,תרחיץ אלוורה,יחידה,1.00,יחידה,false,0,21.90,21.90,true,1,
3607345264356,false,"אדידס בודי ספריי לגבר דינמיק פולס, ללא אלומיניום, 150 מל",דנשר,PL,ספריי גוף אדידס,מיליליטרים,150.00,"100 מ""ל",false,0,12.90,8.60,true,1,
3607345264912,false,"אדידס בודי ספריי לגבר אייס דייב, ללא אלומיניום, 150 מל",אגריפק אס איי לגרדה,ES,ספריי גוף אדידס,מיליליטרים,150.00,"100 מ""ל",false,0,12.90,8.60,true,1,
3607345265117,false,"אדידס - דאודורנט ספריי לגבר טים פורס 150 מ""ל",מיוצר עי קונדיטוריית,PL,ספריי גוף אדידס,מיליליטרים,150.00,"100 מ""ל",false,0,12.90,8.60,true,1,
3661163970448,false,"אדידס דאודורנט ספריי מקס פרש לגברים 200 מ""ל",מיוצר עי קונדיטוריית,PT,דאודורנט אדידס,מיליליטרים,200.00,"100 מ""ל",false,0,16.90,8.45,true,1,
4005808366392,false,שפתון ליובש כחול קלאסי לבלו 48 גרם,טרופיקל דגיל תעשיות,IL,שפתון לבלו כחול,יחידה,1.00,יחידה,false,1,9.90,9.90,true,1,
4005808811069,false,ניוואה ויסאז מי פנים יבש,HELLAS BEIERSDORF,DE,מי פנים ויסאז',מיליליטרים,200.00,"100 מ""ל",false,0,29.90,14.95,true,1,
4005808811700,false,"ניוואה ג'ל לניקוי מאזן לעור, 150 מ""ל",ביירסדורץ,DE,ג'ל ניקוי מ/ש,מיליליטרים,150.00,"100 מ""ל",false,0,27.90,18.60,true,1,
4005808890507,false,קרם ניוואה סופט צנצנת 200 מל,ניוואה Nivea,ES,קרם ניוואה סופט,מיליליטרים,200.00,"100 מ""ל",false,0,24.90,12.45,true,1,
4008287051032,false,בירה קרומבאכר פילס 0.50 ליטר פחית,מנדלז סי.אר. פרודקשן,DE,בירה קרומבאכר,מיליליטרים,500.00,"100 מ""ל",false,1,9.90,1.98,true,1,
4008287058161,false,בירה קרומבאכר פילס 4.8% שישיה 6 * 330 מל,מנדלז סי.אר. פרודקשן,DE,בירה קרומבאכר6יח,ליטרים,1.98,ליטר,false,1,29.90,15.10,true,1,
4008287762020,false,בירה קרומבאכר חיטה 0.50 ליטר בקבוק,קרומבכר בראורי,DE,בירה קרומבאכר,מיליליטרים,500.00,"100 מ""ל",false,0,9.90,1.98,true,1,
4008287905786,false,בירה קרומבאכר חיטה 5.3% פחית 500 מל,מנדלז סי.אר. פרודקשן,DE,בירה קרומבאכר,מיליליטרים,500.00,"100 מ""ל",false,1,9.90,1.98,true,1,
4009900402965,false,אורביט וויט בטעם פירות בקבוקון 46מלבניות,ריגלי פולין,PL,אורביט בקבוקון,גרמים,64.00,100 גרם,false,0,9.90,15.47,true,1,
4009900403023,false,אורביט וויט בטעם מנטה בקבוקון 46 מלבניות,"ב.א מזון בע""מ",PL,אורביט בקבוקון,גרמים,64.00,100 גרם,false,0,9.90,15.47,true,1,
4009900420129,false,מסטיק אורביט פרופשנל פפרמינט בקבוקון 64 גר',מרס נדרלנד,PL,אורביט פפרמינט,גרמים,64.00,100 גרם,false,1,9.90,15.47,true,1,
4009900479998,false,אורביט וויט אוכמניות בקבוקון 46 מלבניות,ריגלי פולין,PL,אורביט בקבוקון,גרמים,64.00,100 גרם,false,0,9.90,15.47,true,1,
4009900482417,false,מסטיק אורביט פירות מנטה בקבוקון באבל מינט 45יח,ריגלי פולין,PL,אורביט באבל מינט,גרמים,64.00,100 גרם,false,0,9.90,15.47,true,1,
4009900531122,false,"מסטיק בטעם מנטה ספירמינט, 64 ג' פרופשיונל אורפיט",מרס נדרלנד,PL,אורביט ספירמינט,גרמים,64.00,100 גרם,false,1,9.90,15.47,true,1,
4009900536288,false,מסטיק אורביט רפרשרס פפרמינט בקבוקון ללא סוכר 67 גר',מרס ריגלי קונפקשונרי,PL,אורביט רפרשרס,גרמים,67.00,100 גרם,false,1,10.90,16.27,true,1,
4015000280372,false,"דאודורנט רול און בניחוח לימון פה 50 מ""ל",שוורצקופף והנקל,DE,דאודורנט FA,מיליליטרים,50.00,"100 מ""ל",false,0,10.90,21.80,true,1,
4015000519915,false,"פה - דאודורנט ספריי לאישה פינק פרדייס 200 מ""ל",שוורצקופף והנקל,TR,דאודורנט FA,מיליליטרים,200.00,"100 מ""ל",false,0,9.90,4.95,true,1,
4015000615891,false,"פה - דאודורנט ספריי לאישה אקווה 200 מ""ל",שוורצקופף והנקל,DE,דאודורנט FA,מיליליטרים,200.00,"100 מ""ל",false,0,9.90,4.95,true,1,
4015400564034,false,מגן תחתון אולוויז מגה פק לונג פלוס 58 יחידות,פרוקטר אנד גמבל,DE,מגן תחתון אולויז,יחידה,1.00,יחידה,false,0,19.90,19.90,true,1,
4015400564454,false,מגני תחתון אולוויז לארג' עם ניחוח מגה פק,פרוקטר אנד גמבל,DE,מגן תחתון אולויז,יחידה,1.00,יחידה,false,0,19.90,19.90,true,1,
4015400598329,false,תחבושות אולוויז קוואטרו נורמל פלוס 56 יחידות,פרוקטר אנד גמבל,UA,תחבושות אולוויז,יחידה,1.00,יחידה,false,0,29.90,29.90,true,1,
4015400598381,false,תחבושות היגייניות אולטרה לונג - מארז קוואטרו 48 יח',פרוקטר אנד גמבל,UA,תחבושות אולוויז,יחידה,1.00,יחידה,false,0,29.90,29.90,true,1,
4015400598411,false,תחבושות היגייניות יום ולילה Day & Night - מארז 40 יח',פרוקטר אנד גמבל,UA,תחבושות אולוויז,יחידה,1.00,יחידה,false,0,29.90,29.90,true,1,
4015400681670,false,תחבושות אולוויז וליו פק לילה בטוח 18 יחידות,פרוקטר אנד גמבל,UA,תחבושות אולוייז,יחידה,1.00,יחידה,false,0,21.90,21.90,true,1,
4015400695677,false,פמפרס בייבי דריי מידה 4+ 80 יח,פרוקטר & גמבל,TR,פמפרס אריזת ענק,יחידה,1.00,יחידה,false,1,67.90,67.90,true,1,
4015400731719,false,תחבושות היגייניות אולוויז יום ולילה Day & Night,פרוקטר אנד גמבל,UA,תחבושות אולוייז,יחידה,1.00,יחידה,false,1,21.90,21.90,true,1,
4015400746812,false,מגני תחתון אולוויז נורמל עם ניחוח מגה פק,פרוקטר אנד גמבל,UA,מגן תחתון אולויז,יחידה,1.00,יחידה,false,1,19.90,19.90,true,1,
4015400755241,false,תחבושות היגייניות אולוויז אולטרה נורמל - 28 יח',פרוקטר אנד גמבל,UA,תחבושות אולוייז,יחידה,1.00,יחידה,false,1,21.90,21.90,true,1,
4015400755487,false,תחבושות היגייניות אולוויז אולטרה לונג - 24 יח',פרוקטר אנד גמבל,UA,תחבושות אולוייז,יחידה,1.00,יחידה,false,1,21.90,21.90,true,1,
4015400990543,false,"אבקת כביסה קולור 8 ק""ג אריאל",פרוקטור אנד גמבל,TR,אבקת אריאל קולור,קילוגרמים,8.00,"ק""ג",false,1,54.90,6.86,true,1,
4015600763251,false,שמפו הד&שולדרס קלאסי600מ,פרוקטר אנד גמבל,RO,שמפו הד&שולדרס,מיליליטרים,600.00,"100 מ""ל",false,0,22.90,3.82,true,1,
4015600763299,false,הד&שולדרס 600 שמפו 2ב1 קלאסי,פרוקטר אנד גמבל,RO,שמפו הד&שולדרס,מיליליטרים,600.00,"100 מ""ל",false,0,22.90,3.82,true,1,
4015600763411,false,שמפו הד&שולדרס מנטול 600,פרוקטר אנד גמבל,RO,שמפו הד&שולדרס,מיליליטרים,600.00,"100 מ""ל",false,0,22.90,3.82,true,1,
4015600763459,false,שמפו הד&שולדרס תפוח600מל,פרוקטר אנד גמבל,RO,שמפו הד&שולדרס,מיליליטרים,600.00,"100 מ""ל",false,0,22.90,3.82,true,1,
4015600763534,false,הד&שולדרס 600 שמפו מגע משי,פרוקטר אנד גמבל,RO,שמפו הד&שולדרס,מיליליטרים,600.00,"100 מ""ל",false,0,22.90,3.82,true,1,
4015600810849,false,גילט דאו קליר גל 70 מל פאוור ראש,פרוקטר אנד גמבל,PL,דאודורנט קליר,מיליליטרים,70.00,"100 מ""ל",false,0,15.90,22.71,true,1,
4052197000017,false,"בירה בנדיקטינר חיטה לא מסוננת 500 מ""ל",בנדיקטינר וויצבראו,DE,בירה בנדיקטינר,מיליליטרים,500.00,"100 מ""ל",false,0,10.90,2.18,true,1,
4052197000925,false,"בירה בנדקטינר כהה בקבוק 500 מ""ל",בנדיקטינר וויצבראו,DE,בירה בנדיקטינר,מיליליטרים,500.00,"100 מ""ל",false,0,10.90,2.18,true,1,
4084500853898,false,"נוזל כלים פיירי אלוורה ומלפפונים 515 מ""ל בד""צ",פרוקטר אנד גמבל,GB,פיירי נוזל לכלים,מיליליטרים,515.00,"100 מ""ל",false,1,8.90,1.73,true,1,
4602486002071,false,"וודקה בלנקאיה גולד 700 מ""ל",מזקקת גאורגייבסקי קר,RU,וודקה בלנקאיה,מיליליטרים,700.00,"100 מ""ל",false,1,49.90,7.13,true,1,
4640018993398,false,פיניש קוואנטום 60 יח' קפסולות ג'ל למדיח כלים,רקיט בנקיזר,PL,פיניש קוואנטום,יחידה,1.00,יחידה,false,1,54.90,54.90,true,1,
4800888150080,false,"דאב - דאודורנט רול און לאישה פרש טאצ' מלפפונים 50 מ""ל",יוניליוור פיליפינים,PH,דאודורנט דאב,מיליליטרים,50.00,"100 מ""ל",false,0,14.90,29.80,true,1,
4800888190529,false,דאב דאו סטיק טאלק סופט לאשה 50 גר,יוניליוור,PH,דאודורנט דאב,גרמים,50.00,100 גרם,false,1,15.90,31.80,true,1,
4800888219510,false,דאב - דאודורנט סטיק לאישה פרש מלפפונים 50 גרם,יוניליוור פיליפינים,PH,דאודורנט דאב,גרמים,50.00,100 גרם,false,1,15.90,31.80,true,1,
4800888219534,false,דאב - דאודורנט סטיק לאישה אנטי פרספירמט 50 גרם,יוניליוור פיליפינים,PH,דאו.דאב,מיליליטרים,50.00,"100 מ""ל",false,1,15.90,31.80,true,1,
4810168057510,false,חתיכות פילה דג הרינג מתובל מלוח בשמן 400 גרם,,BY,פילה הרינג400ג,גרמים,400.00,100 גרם,false,1,23.90,5.98,true,1,
4810168058975,false,חתיכות פילה דג הרינג סקנדינבי מלוח מצונן 260 גר,סנטה ברמור,BY,פילה הרינג 260גר,גרמים,260.00,100 גרם,false,1,15.90,6.12,true,1,
4810168058982,false,חתיכות פילה דג הרינג סקנדינבי מלוח בשמן 400 גר,סנטה ברמור,BY,פילה דג הרינג,גרמים,400.00,100 גרם,false,1,23.90,5.98,true,1,
4810168058999,false,פילה דג הרינג סקנדינבי מלוח מצונן 250 גרם,סנטה ברמור,BY,פילה דג הרינג,גרמים,250.00,100 גרם,false,1,12.90,5.16,true,1,
4891199027598,false,סוללות אולטרה GP אלקליין 4 יח' AA,סמיקום,CN,רביעיית סוללות,יחידה,1.00,יחידה,false,0,8.90,8.90,true,1,
4891199027659,false,סול אולטרה אלקליין C4 1.5V AAA,סמיקום,CN,רביעיית סוללות,יחידה,1.00,יחידה,false,0,8.90,8.90,true,1,
4891228430061,false,סכיני גילוח שיק אקזקטה 2 לנשים ורוד 10 יח',הנסיך- מפעל לייצור ט,CN,סכיני גילוח 10יח,יחידה,1.00,יחידה,false,0,24.90,24.90,true,1,
4891228430092,false,סכיני גילוח שיק אקסטרים קומפורט לנשים 3 להבים 4 יחידות,אנרג'יזר Energizer,CN,סכיני גילוח,יחידה,1.00,יחידה,false,0,19.90,19.90,true,1,
4895060592307,false,סוכריות נטורל בטעמים בקבוק NUGGELS,איתן-מזון,CN,סוכריות בבקבוק,גרמים,43.00,100 גרם,false,0,6.90,16.05,true,1,
4903001930993,false,"רוטב טריאקי יאמאסה 500 מ""ל",ליימן מותגים,JP,רוטב טריאקי,מיליליטרים,500.00,"100 מ""ל",false,1,16.90,3.38,true,1,
5000159376655,false,סוכריות SKITTLES פירות קטן 38 גרם אדום,ריגלי ממתקים,CZ,סוכריות סקיטלס,גרמים,38.00,100 גרם,false,0,2.90,7.63,true,1,
5000159376792,false,סוכריות סקיטלס Skittles פירות חמוצים,ריגלי ממתקים,CZ,סוכריות סקיטלס,גרמים,38.00,100 גרם,false,0,2.90,7.63,true,1,
5000204133509,false,זיפלוק שקיות אחסון גדולות 19 יחידות,אס.סי.גונסון ובניו,US,שקיות אחסון,יחידה,1.00,יחידה,false,1,11.90,11.90,true,1,
5000204658125,false,"קיווי נוזל נעליים קראון חום 75 מ""ל",אס' סי' ג'ונסון במה,PL,קיווי נוזל,מיליליטרים,75.00,"100 מ""ל",false,0,13.90,18.53,true,1,
5000204658187,false,"קיווי נוזל נעליים קראון שחור 75 מ""ל",אס' סי' ג'ונסון במה,PL,קיווי נוזל,מיליליטרים,75.00,"100 מ""ל",false,0,13.90,18.53,true,1,
5000267014234,false,וויסקי ג'וני ווקר רד לייבל Red label,ג'וני ווקר Johnnie walker,GB,ג'וני ווקר אדום,מיליליטרים,700.00,"100 מ""ל",false,0,69.90,9.98,true,1,
5000267117560,false,"וויסקי גוני ווקר גולד לייבל רזרב 750 מ""ל",ג'\ון ווקר ובניו,GB,וויסקי גוני ווקר,מיליליטרים,700.00,"100 מ""ל",false,1,169.90,24.27,true,1,
5000394140899,false,סוללות AA דורסל פלוס - 8 יח',דורסל Duracell,BE,דורסל שמיניות AA,יחידה,1.00,יחידה,false,1,19.90,19.90,true,1,
5016616300248,false,טופי שוקולד ומנטה 150 גר,פי אנד די,GR,טופי שוקולד ומנט,גרמים,150.00,100 גרם,false,1,9.90,6.60,true,1,
5016616300262,false,טופי קוקוס ואננס 150 גרם,פי אנד די,GR,טופי קוקוס ואננס,גרמים,150.00,100 גרם,false,1,9.90,6.60,true,1,
5016616300279,false,טופי תפוז ולימון 150 גרם,פי אנד די,GR,טופי תפוז ולימון,גרמים,150.00,100 גרם,false,1,9.90,6.60,true,1,
5024546366609,false,"וויסקי 700 מ""ל LAUDERS SCOTCH",מקדוף אינטרנשנל דיסט,GB,וויסקי לאודרס,מיליליטרים,700.00,"100 מ""ל",false,0,79.90,11.41,true,1,
5024546366838,false,ויסקי לאודרס ספיישל 1 ל,לה גרנד שדה פראנס,,ויסקי לאודרס,יחידה,1.00,יחידה,false,0,109.60,109.60,true,1,
5029053527574,false,האגיס תחתון ספיגה 4-7 בנים דריי נייטס 10 יחידות,חוגלה קימברלי,CZ,10 תחתוני ספיגה,יחידה,1.00,יחידה,false,0,29.90,29.90,true,1,
5029053527598,false,תחתוני ספיגה בנים לתופעת הרטבת לילה 8-15 האגיס,חוגלה קימברלי,CZ,תחתוני ספיגה האג,יחידה,1.00,יחידה,false,0,29.90,29.90,true,1,
5099864006377,false,תחליף חלב מהדרין שלב 1 סימילאק אדוונס 90,אבוט מעבדות רפואיות,IE,סימילאק שלב 1,גרמים,900.00,100 גרם,false,0,69.90,7.77,true,1,
5099864006384,false,סימילאק למהדרין שלב 2 אריזת חיסכון 900 ג.,אבוט מעבדות רפואיות,IE,סימילאק שלב 2,גרמים,900.00,100 גרם,false,0,69.90,7.77,true,1,
5099864006391,false,סימילאק למהדרין שלב 3 אריזת חיסכון 900 ג,אבוט מעבדות רפואיות,IE,סימילאק שלב 3,גרמים,900.00,100 גרם,false,0,69.90,7.77,true,1,
5201178801054,false,"קרם רב שימושי ניוואה 250 מ""ל",טרופיקל דגיל תעשיות,DE,ניוואה קרם לחות,מיליליטרים,250.00,"100 מ""ל",false,0,23.90,9.56,true,1,
5290074003211,false,FAN מיץ אננס 100% טבעי 1 ליטר,קהאן,CY,מיץ אננס,ליטרים,1.00,ליטר,false,1,9.90,9.90,true,1,
5290074003228,false,FAN מיץ תפוחים 100% טבעי 1 ליטר,קהאן,CY,מיץ תפוחים,ליטרים,1.00,ליטר,false,1,9.90,9.90,true,1,
5290074004225,false,"FAN מיץ מיקס תפוזים,תפוחים ובננה 100% טבעי 1 ליטר",קהאן,CY,מיקס תפוזים,ליטרים,1.00,ליטר,false,1,9.90,9.90,true,1,
5391523062152,false,סימילאק שלב 1 למהדרין 400 גרם,אבוט אירלנד,IE,סימילאק למהדרין,גרמים,400.00,100 גרם,false,1,34.90,8.73,true,1,
5410076951628,false,"אבקת כביסה אריאל 8 ק""ג",פרוקטר & גמבל,IL,אריאל שושן צחור,קילוגרמים,8.00,"ק""ג",false,0,54.90,6.86,true,1,
5410103161617,false,קרם יום עם פעולה משולשת Triple active לעור יבש ועדין,"לוריאל ישראל בע""מ",DE,קרם לחות עור יבש,מיליליטרים,50.00,"100 מ""ל",false,0,44.90,89.80,true,1,
5410126106183,false,עוגיות לוטוס 50 יחידות ארוזות בנפרד 312 גרם,כלורוקס אוקלנד,BE,ביסקוויט לוטוס,גרמים,312.00,100 גרם,false,0,14.90,4.78,true,1,
5410126716016,false,"עוגיות לוטוס ביסקויט קרמל בד""צ 250 גרם",לוטוס ביקרי בלגיה,BE,ביסקויט לוטוס,גרמים,250.00,100 גרם,false,0,9.90,3.96,true,1,
5410126726947,false,ממרח ביסקוויט קרמל קראנץ' לוטוס 380 גרם,לוטוס בייקרי בלגיה נ,BE,ממרח עוגיות,גרמים,380.00,100 גרם,false,0,19.90,5.24,true,1,
5410228144755,false,"בירה סטלה ארטואה שישייה בקבוק 330 מ""ל",מבשלות בירה בינלאומיות ב,IL,בירה סטלה 6 יח',ליטרים,1.98,ליטר,false,0,32.90,16.62,true,1,
5410458252152,false,מלבין טליתות עם פקק הכחול,,IL,מלבין טליתות,גרמים,300.00,100 גרם,false,0,48.90,16.30,true,1,
5411188115472,false,משקה סויה אלפרו 1 ליטר,הנסיך- מפעל לייצור ט,BE,משקה סויה אלפרו,ליטרים,1.00,ליטר,false,1,11.90,11.90,true,1,
5411188120957,false,"אלפרו תערובת לבישול על בסיס קוקוס 250 מ""ל",אלפרו C.V.A,BE,אלפרו לבישול,מיליליטרים,250.00,"100 מ""ל",false,1,8.90,3.56,true,1,
5411188124689,false,משקה אלפרו שיבולת שועל ללא סוכר 1 ליטר,אלפרו C.V.A,BE,משקה ש.שועל,ליטרים,1.00,ליטר,false,1,11.90,11.90,true,1,
5411188134985,false,אלפרו 3.5% NOT M*LK שיבולת שועל 1 ליטר בית יוסף,הנסיך- מפעל לייצור ט,BE,משקה שיבולת שועל,ליטרים,1.00,ליטר,false,1,12.90,12.90,true,1,
5411188135005,false,אלפרו 1.8% NOT M*LK שיבולת שועל 1 ליטר בית יוסף,הנסיך- מפעל לייצור ט,BE,משקה שיבולת שועל,ליטרים,1.00,ליטר,false,1,12.90,12.90,true,1,
5701932026964,false,"הוטפופ גרעיני תירס להכנת פופקורן במיקרוגל בטעם טבעי, בתוספת מלח, 600 גרם",ליימן מותגים,US,פופקורן הוטפופ,גרמים,600.00,100 גרם,false,0,14.90,2.48,true,1,
5701932026971,false,הוטפופ גרעיני תירס להכנת פופקורן במיקרוגל בטעם חמאה 600 גרם,ליימן מותגים,US,הוטפופ טעם חמאה,גרמים,600.00,100 גרם,false,0,14.90,2.48,true,1,
5701932026995,false,"הוטפופ גרעיני תירס להכנת פופקורן במיקרוגל בטעם טבעי מופחת שומן, 510 גרם",קריניציה ויטמינה אס,US,הוטפופ טעם טבעי,גרמים,510.00,100 גרם,false,0,14.90,2.92,true,1,
5765571543619,false,לקקנים בטעם של פעם,ממתקי נעמה,IL,לקקנים,גרמים,100.00,100 גרם,false,1,11.90,11.90,true,1,
5902198160403,false,XL משקה אנרגיה מוגז ללא סוכר עד 10 קלוריות לפחית 250 מל,"טמפו משקאות בע""\מ",IL,משקה אנרגיה,מיליליטרים,250.00,"100 מ""ל",false,1,3.80,1.52,true,1,
5904941750312,false,"משקה אנרגיה BLU מוחיטו בודד 250 מ""ל",אקו - ביט,PL,בלו מוחיטו,מיליליטרים,250.00,"100 מ""ל",false,0,2.90,1.16,true,1,
5904941751241,false,"משקה אנרגיה BLU דיי סיקס ללא סוכר 250 מ""ל",אקו - ביט,PL,בלו דיי ענבים,מיליליטרים,250.00,"100 מ""ל",false,1,2.90,1.16,true,1,
5904941751302,false,"משקה אנרגיה בלו 250 מ""ל- בודד",אקו - ביט,PL,משקה אנרגיה,מיליליטרים,250.00,"100 מ""ל",false,0,2.90,1.16,true,1,
5904941751524,false,"משקה אנרגיה BLU DAY אבטיח בודד 250 מ""ל",אקו - ביט,PL,בלו אבטיח,מיליליטרים,250.00,"100 מ""ל",false,0,2.90,1.16,true,1,
5904941751715,false,"משקה אנרגיה בלו קרנברי 250 מ""ל -בודד",אקו - ביט,PL,משקה אנרגי בלו,מיליליטרים,250.00,"100 מ""ל",false,0,2.90,1.16,true,1,
5904941751920,false,בלו משקה אנרגיה דיי חצי מכמות הקלו250 מל,אקו - ביט,PL,בלו דיי משקה,מיליליטרים,250.00,"100 מ""ל",false,0,2.90,1.16,true,1,
5904941751975,false,"בלו משקה אנרגיה דיי ענבים 250 מ""ל",אקו - ביט,PL,בלו דיי ענבים,מיליליטרים,250.00,"100 מ""ל",false,1,2.90,1.16,true,1,
5906485301012,false,"משקה אנרגיה XL פחית 250 מ""ל","טמפו משקאות בע""מ",IL,משקה אנרגיה XL,מיליליטרים,250.00,"100 מ""ל",false,0,3.80,1.52,true,1,
5906485301258,false,אקס אל משקה אנרגיה ק,"טמפו משקאות בע""\מ",IL,אקסל קרנברי,מיליליטרים,250.00,"100 מ""ל",false,0,3.80,1.52,true,1,
5997321770307,false,ויט רצועות שעווה מוכנות לעור רגיש 12 יחידות,רקיט בנקיזר צרפת,FR,ויט רצעות,יחידה,1.00,יחידה,false,1,24.90,24.90,true,1,
6009606260218,false,דגני בוקר וויטביקס 450 גרם,ויטביקס,IL,דגני בוקר 430גר,גרמים,430.00,100 גרם,false,1,22.90,5.33,true,1,
6111094000242,false,תומר קוסקוס דארי דק 500גר,דארי קוספאט אס. איי. או,MA,קוסקוס דארי דק,גרמים,500.00,100 גרם,false,1,7.90,1.58,true,1,
6111094000259,false,קוסקוס דארי בינוני 500ג'18X,דארי קוספאט אס. איי. או,MA,קוסקוס דארי,גרמים,500.00,100 גרם,false,1,7.90,1.58,true,1,
6111094000709,false,דארי קוסקוס מחיטה מלאה 500 גרם,דארי קוספאט אס. איי. או,MA,קוסקוס דארי,גרמים,500.00,100 גרם,false,1,7.90,1.58,true,1,
6112017103354,false,אטבי כביסה סיליקון 12 יח',,IL,אטבי כביסה,יחידה,1.00,יחידה,false,1,8.90,8.90,true,1,
6201601120027,false,נר הבדלה דונג,,CN,נר הבדלה דונג,יחידה,1.00,יחידה,false,1,5.90,5.90,true,1,
6224000485764,false,"שיני שום קפואות 1 ק""ג קהילות",,EG,שיני שום קלופות,קילוגרמים,1.00,"ק""ג",false,1,22.90,22.90,true,1,
6920190410059,false,כוסות נייר אפיה קטן (קאפקייקס) 50יח,,CN,כוסות נייר אפיה,יחידה,1.00,יחידה,false,1,6.90,6.90,true,1,
6920190410066,false,שיפודי במבוק מובחרים כ-70 יח',INTEMATIONAL FOCUS NEW,CN,שיפודי במבוק,יחידה,1.00,יחידה,false,1,1.90,1.90,true,1,
7002019005550,false,מטאטא וניל,,IL,מטאטא וניל,יחידה,1.00,יחידה,false,1,19.90,19.90,true,1,
7160589856238,false,נייס שבלולים לשיער,,IL,אביזרים לבית,יחידה,1.00,יחידה,false,0,3.90,3.90,true,1,
7180589856540,false,נייס שבלולים לשיער,,IL,אביזרים לבית,יחידה,1.00,יחידה,false,0,3.90,3.90,true,1,
7290000000022,true,עגבניות חממה,קטיף.,IL,עגבניה,קילוגרמים,0.00,"ק""ג",true,0,5.90,5.90,true,1,
7290000000046,true,מלפפונים,קטיף.,IL,מלפפונים,קילוגרמים,0.00,"ק""ג",true,0,5.90,5.90,true,1,
7290000000053,true,קישואים,קטיף.,IL,קישואים,קילוגרמים,0.00,"ק""ג",true,0,7.90,7.90,true,1,
7290000000084,true,פלפל ירוק בהיר,שותפות מזרחי,IL,פלפל ירוק בהיר,קילוגרמים,0.00,"ק""ג",true,0,7.90,7.90,true,1,
7290000000091,true,פלפל אדום,קטיף.,IL,פלפל אדום,קילוגרמים,0.00,"ק""ג",true,0,8.90,8.90,true,1,
7290000000107,true,פלפל ירוק כהה,קטיף.,IL,פלפל ירוק כהה,קילוגרמים,0.00,"ק""ג",true,0,7.90,7.90,true,1,
7290000000114,true,חצילים,קטיף.,IL,חצילים,קילוגרמים,0.00,"ק""ג",true,0,5.90,5.90,true,1,
7290000000138,true,כרוב לבן,קטיף.,IL,כרוב לבן,קילוגרמים,0.00,"ק""ג",true,0,4.90,4.90,true,1,
7290000000145,true,כרוב אדום,קטיף.,IL,כרוב אדום,קילוגרמים,0.00,"ק""ג",true,0,4.90,4.90,true,1,
7290000000183,true,סלק,קטיף.,IL,סלק,קילוגרמים,0.00,"ק""ג",true,0,4.90,4.90,true,1,
7290000000220,true,קולורבי,קטיף.,IL,קולורבי,קילוגרמים,0.00,"ק""ג",true,0,9.90,9.90,true,1,
7290000000336,true,כרישה מוסדי שקיל,קטיף.,IL,כרישה,קילוגרמים,0.00,"ק""ג",true,0,14.90,14.90,true,1,
7290000000374,true,פטריות שמפניון יחידה,קטיף.,IL,שמפניון,גרמים,220.00,100 גרם,false,0,8.90,4.05,true,1,
7290000000411,true,שום - רביעייה במארז,קטיף.,XX,שום מארז,גרמים,190.00,100 גרם,false,0,7.90,4.16,true,1,
7290000000428,true,בטטות מובחר,קטיף.,IL,בטטה,קילוגרמים,0.00,"ק""ג",true,0,9.90,9.90,true,1,
7290000000480,true,בצל יבש,קטיף.,IL,בצל יבש,קילוגרמים,0.00,"ק""ג",true,0,4.90,4.90,true,1,
7290000000572,true,שומר,קטיף.,IL,שומר,קילוגרמים,0.00,"ק""ג",true,0,7.90,7.90,true,1,
7290000000596,true,תפוח אדמה לבן תפזורת,קטיף.,IL,תפוח אדמה תפזורת,קילוגרמים,0.00,"ק""ג",true,0,4.90,4.90,true,1,
7290000000619,true,פלפל חריף,שותפות מזרחי,IL,פלפל חריף,קילוגרמים,0.00,"ק""ג",true,0,8.90,8.90,true,1,
7290000000732,true,דלורית,קטיף.,IL,דלורית,קילוגרמים,0.00,"ק""ג",true,0,5.90,5.90,true,1,
7290000000855,true,פלפל צהוב,קטיף.,IL,פלפל צהוב,קילוגרמים,0.00,"ק""ג",true,0,8.90,8.90,true,1,
7290000001036,true,בצל יבש אדום,קטיף.,XX,בצל יבש אדום,קילוגרמים,0.00,"ק""ג",true,0,5.90,5.90,true,1,
7290000001661,true,גזר תפזורת,קטיף.,IL,גזר תפזורת,קילוגרמים,0.00,"ק""ג",true,0,4.90,4.90,true,1,
7290000001722,true,תפוח אדמה אדום תפזורת,קטיף.,IL,"תפו""א אדום תפז'",קילוגרמים,0.00,"ק""ג",true,0,5.90,5.90,true,1,
7290000002040,true,חלה רגילה 500 גרם,מאפית ברמן,IL,חלה רגילה,גרמים,500.00,100 גרם,false,0,4.90,0.98,true,1,
7290000023083,false,ערק אשקלון בקבוק 700,"יקבי ברקן בע""\מ",IL,ערק אשקלון,מיליליטרים,700.00,"100 מ""ל",false,0,49.90,7.13,true,1,
7290000023809,false,"יין קלאסיק קברנה סוביניון ברקן 750 מ""ל",יקבי ברקן שיווק והפצה בע,IL,קברנה קלאסיק,מיליליטרים,750.00,"100 מ""ל",false,0,24.90,3.32,true,1,
7290000023977,false,"יין קלאסיק מרלו ברקן 750 מ""ל",יקבי ברקן שיווק והפצה בע,IL,מרלו קלאסיק,מיליליטרים,750.00,"100 מ""ל",false,0,24.90,3.32,true,1,
7290000024240,false,יין רזרב שרדונה 750 מל שביעית,ביבקבי ברקן שיווק וה,IL,יין ברקן שרדונה,מיליליטרים,750.00,"100 מ""ל",false,0,32.90,4.39,true,1,
7290000034256,false,ביסקוויט תירוש חצי מצופה הדר 175ג',אפיפית נצרת תעשיות ב,IL,ביסקוויט תירוש,גרמים,175.00,100 גרם,false,0,5.90,3.37,true,1,
7290000040066,false,יופלה יוגורט דובדבן %3 גביע 150 גרם,תנובה מרכז שיתופי לש,IL,יופלה דובדבן3%,גרמים,150.00,100 גרם,false,0,4.70,3.13,true,1,
7290000040080,false,יופלה יוגורט אפרסק %3 גביע 150 גרם,תנובה חלב,IL,יופלה אפרסק3%,גרמים,150.00,100 גרם,false,0,4.70,3.13,true,1,
7290000041407,false,"גיל קטן 3% תנובה 125 מ""ל בד""ץ",תנובה מרכז שיתופי לש,IL,גיל מועשר 3%,מיליליטרים,125.00,"100 מ""ל",false,0,0.90,0.72,true,1,
7290000041445,false,קוטג תנובה גביע 250 גרם 5% בדצ,מיוצר עי קונדיטוריית,IL,קוטג' תנובה 5%,גרמים,250.00,100 גרם,false,0,5.50,2.20,true,1,
7290000041452,false,קוטג תנובה גביע 250 גרם 9% בדצ,תנובה מרכז שיתופי לש,IL,קוטג' 9% מהדרין,גרמים,250.00,100 גרם,false,0,5.50,2.20,true,1,
7290000042015,false,"חלב שתייה תנובה בד""צ בשקית 1 ליטר",תנובה מרכז שיתופי לש,IL,חלב 3% שקית,ליטרים,1.00,ליטר,false,0,4.90,4.90,true,1,
7290000042367,false,חלב טרי 3% בקבוק תנובה 1 ליטר מהדרין,תנובה מרכז שיתופי לש,IL,חלב טרי 3%,ליטרים,1.00,ליטר,false,0,5.90,5.90,true,1,
7290000042404,false,חלב 3% בשקית יטבתה 1 ליטר מהדרין,שטראוס גרופ,IL,חלב 3% בשקית,ליטרים,1.00,ליטר,false,0,5.50,5.50,true,1,
7290000042671,false,חלב עמיד %3 קרטון 1 ל בהכשר בדצ,תנובה מרכז שיתופי לש,IL,חלב עמיד 3%,ליטרים,1.00,ליטר,false,0,5.90,5.90,true,1,
7290000043012,false,"שוקו עמיד 2% בקרטון 250 מ""ל תנובה",תנובה מרכז שיתופי לש,IL,שוקו עמיד,מיליליטרים,250.00,"100 מ""ל",false,0,4.30,1.72,true,1,
7290000043814,false,השף הלבן שמנת להקצפה 38% שומן 250 מל - מוצר בפיקוח,תנובה מרכז שיתופי לש,IL,שמנת עמידה לקצפת,מיליליטרים,250.00,"100 מ""ל",false,0,6.20,2.48,true,1,
7290000044712,false,יוגורט עם תות 1.5% שומן 500 ג' פרילי,מיוצר עי קונדיטוריית,IL,פרילי תות-שדה,גרמים,500.00,100 גרם,false,0,9.70,1.94,true,1,
7290000044880,false,באדי יוגורט תות 3% שומן 500 ג' תנובה,מיוצר עי קונדיטוריית,IL,מעדן באדי תות 3%,גרמים,500.00,100 גרם,false,0,7.90,1.58,true,1,
7290000047621,false,גבינה לבנה רכה 5% תנובה 250ג' מהדרין,תנובה מרכז שיתופי לש,IL,גבינה %5 מהדרי,גרמים,250.00,100 גרם,false,0,4.70,1.88,true,1,
7290000048413,false,פיראוס חמד גבינה מלוחה 16% שומן,תנובה מרכז שיתופי לש,IL,גבינה מלוחה 16%,גרמים,250.00,100 גרם,false,0,16.90,6.76,true,1,
7290000048437,false,פיראוס צפתית 5% שומן 200 גרם,פארייפאבה אגרואינדוס,IL,גבינה צפתית 5%,גרמים,200.00,100 גרם,false,0,13.90,6.95,true,1,
7290000048451,false,פיראוס חרמון מלוחה 16% 250גר,תנובה מרכז שיתופי לש,IL,גבינת חרמון,גרמים,250.00,100 גרם,false,0,16.90,6.76,true,1,
7290000050447,false,"יוגורט ביו בטעם תות YYY יופלה 500 מ""ל",מיוצר עי קונדיטוריית,IL,יופלה תות,גרמים,500.00,100 גרם,false,0,12.60,2.52,true,1,
7290000050454,false,יוגורט יופלה אפרסק 3% שומן 500 גרם,מיוצר עי קונדיטוריית,IL,יופלה אפרסק,גרמים,500.00,100 גרם,false,0,12.60,2.52,true,1,
7290000050966,false,תנובה גבינה לבנה מהדרין 5% 850 גר,תנובה מרכז שיתופי לש,IL,גבינה לבנה 850 ג,גרמים,850.00,100 גרם,false,0,15.50,1.82,true,1,
7290000051376,false,יוגורט יופלה דיאט אננס 0% שומן 150 גרם,תנובה מרכז שיתופי לש,IL,יופלה דיאט אננס,גרמים,150.00,100 גרם,false,0,4.70,3.13,true,1,
7290000052649,false,גבינת לאבנה 5% שומן 500 ג' פיראוס,תנובה מרכז שיתופי לש,IL,לאבנה פיראוס 5%,גרמים,500.00,100 גרם,false,0,17.80,3.56,true,1,
7290000052717,false,גבינת קוטג' שום שמיר 5% תנובה 250 גרם,מיוצר עי קונדיטוריית,IL,קוטג' +שום שמיר,גרמים,250.00,100 גרם,false,0,5.70,2.28,true,1,
7290000052946,false,מארז יוגורט יופלה לבן מעודן בדצ 8*150,תנובה מרכז שיתופי לש,IL,יופלה מעודן 8 יח,קילוגרמים,1.20,"ק""ג",false,0,19.90,16.58,true,1,
7290000055015,false,פיראוס גבינת פטה כבשים 5% תנובה 250 גרם,תנובה מרכז שיתופי לש,IL,פטה כבשים פיראוס,גרמים,250.00,100 גרם,false,0,24.90,9.96,true,1,
7290000055756,false,גבינה לבנה 5% תנובה מארז 850X2ג' בדץ,תנובה מרכז שיתופי לש,IL,זוג גבינה לבנה,גרמים,1700.00,100 גרם,false,0,28.90,1.70,true,1,
7290000055893,false,חמאה משמנת מפוסטרת 200גרם 82% כ.מהדרין - מוצר בפיקוח,תנובה מרכז שיתופי לש,IL,חמאה מהדרין,גרמים,200.00,100 גרם,false,0,7.20,3.60,true,1,
7290000056753,false,עמק קלאסית 28% שומן 200 גרם פרוס בדצ בקופסא,תנובה,IL,גבינה עמק 200 גר,גרמים,200.00,100 גרם,false,0,13.90,6.95,true,1,
7290000056906,false,מאגדת לבן טבעי 1.5% שומן 8 יח' * 150 ג' יופלה,מחלבת אלון תבור,IL,יופלה לבן 1.5%,קילוגרמים,1.20,"ק""ג",false,0,15.90,13.25,true,1,
7290000057088,false,עמק גבינה צהובה פרוסה דק דק 28% תנובה 200 גרם,תנובה מרכז שיתופי לש,IL,עמק דק28% 200גרם,גרמים,200.00,100 גרם,false,0,13.90,6.95,true,1,
7290000057477,false,חלב טרי 3% הומוגני תנובה קרטון 1.5 ל',תנובה מרכז שיתופי לש,IL,חלב טרי הומוגני,ליטרים,1.50,ליטר,false,0,8.80,5.87,true,1,
7290000057552,false,יופלה דיאט עוגת גבינה ותות 0% גביע 150ג',תנובה חלב,IL,יופלה עוגת גבינה,גרמים,150.00,100 גרם,false,0,4.70,3.13,true,1,
7290000057934,false,"שוקו בבקבוק תנובה 1 ליטר בד""ץ",תנובה מרכז שיתופי לש,IL,שוקו 1 ליטר,ליטרים,1.00,ליטר,false,0,11.90,11.90,true,1,
7290000058030,false,"שמיניית יופלה שטוזים משקה יוגורט תות 100 מ""ל",מיוצר עי קונדיטוריית,IL,8שטוזים משקה תות,מיליליטרים,800.00,"100 מ""ל",false,0,18.90,2.36,true,1,
7290000058047,false,שמנת להקצפה 38% 500מל מהדרין עמיד השף הלבן,תנובה מרכז שיתופי לש,IL,משמנת להקצפה 38%,מיליליטרים,500.00,"100 מ""ל",false,0,11.90,2.38,true,1,
7290000058979,false,גיל בטעם תות 3% שומן 125 ג' תנובה,תנובה מרכז שיתופי לש,IL,גיל בטעם תות125ג,גרמים,125.00,100 גרם,false,0,1.30,1.04,true,1,
7290000066318,false,במבה חטיף בוטנים אסם 80 גרם,"אסם השקעות בע""\מ",IL,במבה,גרמים,80.00,100 גרם,false,0,3.90,4.88,true,1,
7290000069340,false,"אסם פתיתים אפויים 10 ק""ג אורז",,IL,פתיתים אפויים,קילוגרמים,10.00,"ק""ג",false,0,69.90,6.99,true,1,
7290000070308,false,אבקת מרק עוף אמיתי בשרי אסם 400 גרם,"אסם השקעות בע""\מ",IL,מרק עוף אמיתי,גרמים,400.00,100 גרם,false,0,18.90,4.73,true,1,
7290000072623,false,קטשופ אסם בקבוק לחיץ 750 גרם,"אסם תעשיות בע""מ",IL,קטשופ בקבוק לחיץ,גרמים,750.00,100 גרם,false,0,9.90,1.32,true,1,
7290000072630,false,קטשופ אסם חריף 750 גרם-בקבוק,"אסם תעשיות בע""מ",IL,קטשופ חריף,גרמים,750.00,100 גרם,false,0,11.90,1.59,true,1,
7290000072753,false,קפה נמס מגורען טסטרס צ'ויס 200 גרם-,נסטלה קוריאה - קפה,KR,קפה טסטרס צ'ויס,גרמים,200.00,100 גרם,false,0,29.90,14.95,true,1,
7290000100197,false,לקט אפונה תירס וגזר סנפרוסט 700 גרם,"סנפרוסט בע""\מ",IL,לקט סנפרוסט700ג,גרמים,700.00,100 גרם,false,1,12.90,1.84,true,1,
7290000103525,false,גזר גמדי -שמיטה 700 גרם סנפרוסט,"סנפרוסט בע""\מ",IL,גזר גמדי,גרמים,700.00,100 גרם,false,0,12.90,1.84,true,1,
7290000103532,false,"סנפרוסט גרעיני תירס בד""ץ 700גר","סנפרוסט בע""\מ",IL,גרעיני תירס,גרמים,700.00,100 גרם,false,0,12.90,1.84,true,1,
7290000103556,false,גרגירי חומוס מבושל סנפרוסט 700ג' בדצ,"סנפרוסט בע""\מ",IL,גרגירי חומוס,גרמים,700.00,100 גרם,false,0,12.90,1.84,true,1,
7290000104713,false,פול ירוק סנפרוסט 800 גרם,"איי, בי, אינבוו",IL,פול ירוק מוקפא,גרמים,800.00,100 גרם,false,0,19.90,2.49,true,1,
7290000104799,false,שעועית לבנה מבושלת סנפרוסט 800 גרם,"איי, בי, אינבוו",IL,שעועית לבנה,גרמים,800.00,100 גרם,false,0,18.90,2.36,true,1,
7290000107189,false,תחתיות ארטישוק סנפרוסט 400 גרם,"איי, בי, אינבוו",IL,תחתיות ארטישוק,גרמים,400.00,100 גרם,false,0,15.90,3.98,true,1,
7290000111117,false,מרכך כביסה לבן בדין 4 ליטר,יוניליור ישראל טיפוח איש,IL,מרכך כביסה בדין,ליטרים,4.00,ליטר,false,0,19.90,4.98,true,1,
7290000111353,false,"מיונז אמיתי תלמה 1 ק""ג",יוניליוור ישראל מזון בע\,IL,מיונז אמיתי תלמה,קילוגרמים,1.00,"ק""ג",false,0,15.90,15.90,true,1,
7290000116204,false,"אבקת מרק דגש בטעם עוף 1ק""ג קנור",יוניליוור ישראל מזון בע\,IL,מרק דגש טעם עוף,קילוגרמים,1.00,"ק""ג",false,0,12.90,12.90,true,1,
7290000116884,false,"רוטב ברביקיו קנור 300 גרם בד""צ",יוניליוור ישראל מזון בע\,IL,רוטב ברביקיו,גרמים,350.00,100 גרם,false,0,9.90,2.83,true,1,
7290000116921,false,רוטב צ'ילי מתוק 340 גרם קנור,יוניליוור ישראל מזון בע\,IL,רוטב צ'ילי מתוק,גרמים,370.00,100 גרם,false,0,9.90,2.68,true,1,
7290000117720,false,נמס בכוס פטריות קנור 21.5 גרם מארז זוגי,יוניליוור ישראל מזון בע\,IL,מרק נמס בכוס,גרמים,43.00,100 גרם,false,0,5.90,13.72,true,1,
7290000129457,false,אבקת רוטב פטריות קנור 28 ג' שקית,יוניליוור ישראל מזון בע\,IL,רוטב פטריות,גרמים,28.00,100 גרם,false,0,3.80,13.57,true,1,
7290000133645,false,שלישיית משחת שיניים סודה אורביטול 145 גרם,טרופיקל דגיל תעשיות קוסמ,IL,משחת שיניים 3 יח,גרמים,435.00,100 גרם,false,0,14.90,3.43,true,1,
7290000133904,false,"מטהר אוויר דואופרש פסיפלורה תפוז סנו 300 מ""ל","סנו מפעלי ברונוס בע""מ",IL,סנו דואו פרש,מיליליטרים,300.00,"100 מ""ל",false,0,9.90,3.30,true,1,
7290000135045,false,"XL TEN משקה אנרגיה פתוח ללא סוכר 250 מ""ל","טמפו משקאות בע""\מ",IL,TEN XL בטעם תפוח,מיליליטרים,250.00,"100 מ""ל",false,1,3.80,1.52,true,1,
7290000135052,false,"XL TEN משקה אנרגיה מנגו ללא סוכר 250 מ""ל","טמפו משקאות בע""\מ",IL,TEN XL בטעם מנגו,מיליליטרים,250.00,"100 מ""ל",false,1,3.80,1.52,true,1,
7290000135113,false,"משקה אנרגיה XL פחית ten נענע ליים 250 מ""ל","טמפו משקאות בע""\מ",IL,TEN XL נענע ליים,מיליליטרים,250.00,"100 מ""ל",false,1,3.80,1.52,true,1,
7290000135168,false,"פפסי מקס ליים פחית צרה מארז שישייה 330 מ""ל","טמפו משקאות בע""מ",AL,פפסי מקס ליים6יח,ליטרים,1.98,ליטר,false,1,16.50,8.33,true,1,
7290000135182,false,"מארז 7 אפ פרי דל קלוריות בטעם לימון ליים פחית צרה 330 מ""ל*6 יח'","טמפו משקאות בע""מ",IL,סבן אפ פחיות 6יח,ליטרים,1.98,ליטר,false,1,16.50,8.33,true,1,
7290000135311,false,פפסי קולה ליים 1.5 ללא סוכר,"טמפו משקאות בע""\מ",IL,פפסי מקס ליים,ליטרים,1.50,ליטר,false,1,6.90,4.60,true,1,
7290000135595,false,פפסי מקס בטעם דובדבן 1.5 ללא סוכר,"טמפו משקאות בע""\מ",IL,פפסי מקס דובדבן,ליטרים,1.50,ליטר,false,1,6.90,4.60,true,1,
7290000136141,false,משקה בטעם קולה 1.5ל' פפסי,"טמפו משקאות בע""\מ",IL,פפסי קולה,ליטרים,1.50,ליטר,false,0,6.90,4.60,true,1,
7290000136158,false,פפסי מקס משקה מוגז דל קלוריות בטעם קולה,"טמפו משקאות בע""\מ",IL,פפסי מקס,ליטרים,1.50,ליטר,false,0,6.90,4.60,true,1,
7290000136165,false,טמפו מירינדה 1.5 ליטר,"טמפו משקאות בע""\מ",IL,מירינדה תפוזי,ליטרים,1.50,ליטר,false,0,6.90,4.60,true,1,
7290000136172,false,סבן אפ בקבוק 1.5 ליט,"טמפו משקאות בע""\מ",IL,סבן אפ,ליטרים,1.50,ליטר,false,0,6.90,4.60,true,1,
7290000136189,false,סבן אף דיאט 1.5 ליטר בודד,"טמפו משקאות בע""\ם.",IL,דיאט סבן אפ,ליטרים,1.50,ליטר,false,0,6.50,4.33,true,1,
7290000136240,false,סודה 1.5 ליטר שישייה בודד,"טמפו משקאות בע""\מ",IL,מי סודה טמפו,ליטרים,1.50,ליטר,false,0,3.10,2.07,true,1,
7290000136431,false,משקה בטעם אפרסק צלול תריסר 1.5 ל' ג'אמפ,"טמפו משקאות בע""\מ",IL,ג'אמפ אפרסק,ליטרים,1.50,ליטר,false,0,6.90,4.60,true,1,
7290000136455,false,משקה בטעם אשכוליות תריסר 1.5 ל' ג'אמפ,"טמפו משקאות בע""\ם.",IL,ג'אמפ אשכוליו,ליטרים,1.50,ליטר,false,0,6.90,4.60,true,1,
7290000136486,false,ג'אמפ משקה קל דיאט אשכוליות 1.5 ליטר,"טמפו משקאות בע""\ם.",IL,ג'אמפ דיאט,ליטרים,1.50,ליטר,false,0,6.90,4.60,true,1,
7290000136516,false,משקה בטעם מנגו פסיפלורה תריסר 1.5 ל' ג'אמפ,טמפו משקאות בעמ,IL,ג'אמפ מנגו,ליטרים,1.50,ליטר,false,0,6.90,4.60,true,1,
7290000136523,false,משקה בטעם ענבים תריסר 1.5 ל' ג'אמפ,"טמפו משקאות בע""\ם.",IL,ג'אמפ ענבים,ליטרים,1.50,ליטר,false,0,6.90,4.60,true,1,
7290000136561,false,משקה בטעם תות בננה תריסר 1.5 ל' ג'אמפ,"טמפו משקאות בע""\מ",IL,ג'אמפ תות בננ,ליטרים,1.50,ליטר,false,0,6.90,4.60,true,1,
7290000136585,false,משקה בטעם תפוזים תריסר 1.5 ל' ג'אמפ,"טמפו משקאות בע""\ם.",IL,ג'אמפ תפוזים,ליטרים,1.50,ליטר,false,0,6.90,4.60,true,1,
7290000136608,false,משקה בטעם תפוח צלול תריסר 1.5 ל' ג'אמפ,"טמפו משקאות בע""\ם.",IL,ג'אמפ תפוחים,ליטרים,1.50,ליטר,false,0,6.90,4.60,true,1,
7290000136646,false,בירה נשר מאלט ללא אלכוהול 1.5 ליטר,"טמפו משקאות בע""\מ",IL,נשר מאלט,ליטרים,1.50,ליטר,false,0,8.50,5.67,true,1,
7290000136653,false,דיאט נשר מאלט ללא אלכוהול 1.5 ליטר,"טמפו משקאות בע""\מ",IL,נשר מאלט דיאט,ליטרים,1.50,ליטר,false,0,8.50,5.67,true,1,
7290000136691,false,מארז שישייה סבן אפ 1.5 ל',סבן אפ 7up,IL,סבן אפ 1.5*6ל,ליטרים,9.00,ליטר,false,0,36.90,4.10,true,1,
7290000136752,false,סבן אפ דיאט מארז שישייה 1.5 ל' FREE,"טמפו משקאות בע""\מ",IL,סבן אפ דיאט1.5*6,ליטרים,9.00,ליטר,false,0,33.90,3.77,true,1,
7290000136769,false,מארז שישיה בטעם קולה 1.5 ל' פפסי,"טמפו משקאות בע""\מ",IL,פפסי קולה 1.5*6ל,ליטרים,9.00,ליטר,false,0,36.90,4.10,true,1,
7290000136776,false,שישיית פפסי מקס דל קלוריות 1.5 ליטר,פפסי Pepsi,IL,פפסי מקס1.5*6ל,ליטרים,9.00,ליטר,false,0,36.90,4.10,true,1,
7290000136783,false,מארז שישייה מרינדה 1.5 ל',"טמפו משקאות בע""\מ",IL,מירינדה 1.5*6ל,ליטרים,9.00,ליטר,false,0,36.90,4.10,true,1,
7290000136790,false,שישיית מי סודה טמפו 1.5 ליטר,"טמפו משקאות בע""\מ",IL,סודה טמפו1.5*6ל,ליטרים,9.00,ליטר,false,0,15.70,1.74,true,1,
7290000136813,false,סודה בטעם אננס מארז רביעייה 1.5 ל' טמפו,טמפו משקאות בע''מn\,IL,סודה ט.אננס1.5*4,ליטרים,6.00,ליטר,false,0,11.10,1.85,true,1,
7290000136820,false,סודה בטעם פירות יער מארז ריבעיה * 1.5 ל' טמפו,טמפו משקאות בע''מn\,IL,4סודה פרי יער1.5,ליטרים,6.00,ליטר,false,0,11.10,1.85,true,1,
7290000136837,false,רביעיית מי סודה נגיעות אפרסק טמפו 1.5 ליטר,טמפו משקאות בע''מn\,IL,4סודה ט.אפרסק1.5,ליטרים,6.00,ליטר,false,0,11.10,1.85,true,1,
7290000136844,false,מארז מים מזוככים אקווה נובה שישיית 2 ליטר,"טמפו משקאות בע""\מ",IL,אקווה נובה2*6ל,ליטרים,12.00,ליטר,false,0,10.90,0.91,true,1,
7290000137643,false,שלגוני טעמקור בטעם שוקו וניל שטראוס 8*50 גרם,"גלידת שטראוס בע""\מ, רחוב",IL,מאגד טעמקור משפ',גרמים,400.00,100 גרם,false,0,36.90,9.23,true,1,
7290000139340,false,מאגדת שלווה צבעוני קטנים 20 * 20 ג' אשבול,אשבול,IL,מארז שלווה צבעונ,גרמים,400.00,100 גרם,false,0,11.90,2.98,true,1,
7290000139982,false,טורבו חטיף דגנים מלאים חלווה 6*28גר,אשבול,IL,דגנים מלאים קרמל,גרמים,168.00,100 גרם,false,1,7.90,4.70,true,1,
7290000144474,false,שמן עץ הזית קנולה 1 ליטר בריאות מהטבע,שמן תעשיות בעמ,EE,שמן קנולה,ליטרים,1.00,ליטר,false,0,12.90,12.90,true,1,
7290000146645,false,הוואי - סבון מוצק שחור מסתורי 100 גרם רביעייה,טרופיקל דגיל קוסמטיק,IL,סבון הוואי 4 יח,גרמים,400.00,100 גרם,false,0,10.90,2.73,true,1,
7290000146652,false,הוואי - סבון מוצק ורוד רומנטי 100 גרם רביעייה,טרופיקל דגיל קוסמטיק,PL,סבון הוואי 4 יח,גרמים,400.00,100 גרם,false,0,10.90,2.73,true,1,
7290000146669,false,הוואי - סבון מוצק שמיים כחולים 100 גרם רביעייה,טרופיקל דגיל קוסמטיק,IL,סבון הוואי 4 יח,גרמים,400.00,100 גרם,false,0,10.90,2.73,true,1,
7290000146676,false,הוואי - סבון מוצק לגבר 100 גרם רביעייה,טרופיקל דגיל קוסמטיק,PL,סבון הוואי 4 יח,גרמים,400.00,100 גרם,false,0,10.90,2.73,true,1,
7290000146683,false,הוואי - סבון מוצק אפקט דאודורנט 100 גרם רביעייה,טרופיקל דגיל קוסמטיק,PL,סבון הוואי 4 יח,גרמים,400.00,100 גרם,false,0,10.90,2.73,true,1,
7290000146928,false,"משחת שיניים לילדים בטעם ענבים טום וג'רי 50 מ""ל",טרופיקל דגיל קוסמטיק,IL,משחת טום וג'רי,מיליליטרים,50.00,"100 מ""ל",false,0,7.50,15.00,true,1,
7290000146997,false,משחת שיניים לילדים מסטיק טום וג'רי 50 מל,טרופיקל דגיל קוסמטיק,IL,משחת טום וג'רי,מיליליטרים,50.00,"100 מ""ל",false,0,7.50,15.00,true,1,
7290000149851,false,סבון לניקוי והסרת כתמים סינטבון 460 גרם,יבואן ומשווק: ש. שסט,IL,סינטבון נקה כפול,גרמים,460.00,100 גרם,false,0,8.90,1.93,true,1,
7290000149905,false,טקסטיל נוזל לכביסה עדינה נקה 1 ליטר,מיוצר עי קונדיטוריית,IL,נוזל כביס טקסטיל,ליטרים,1.00,ליטר,false,0,12.90,12.90,true,1,
7290000168173,false,"ברנפלקס קרנצ'ים תלמה בד""ץ 375 גרם",יוניליור ישראל מזון,IL,ברנפלקס קרנצ'ים,גרמים,375.00,100 גרם,false,0,19.90,5.31,true,1,
7290000169798,false,"עוגי מופחת סוכר 20% פצפוצי שוקו' 500ג' בד""צ",יוניליוור ישראל מזון בע\,IL,עוגי מופחת סוכר,גרמים,500.00,100 גרם,false,0,19.90,3.98,true,1,
7290000176475,false,האג קפה נמס נטול קפאין עלית 200 גרם,שטראוס גרופ,VN,קפה נמס האג,גרמים,200.00,100 גרם,false,0,33.80,16.90,true,1,
7290000178707,false,תפוצ'יפס בטעם טבעי 50 גרם,"שטראוס פריטו ליי בע""\מ )",IL,חטיף תפוצ'יפס,גרמים,50.00,100 גרם,false,0,3.50,7.00,true,1,
7290000178721,false,תפוצ'יפס בטעם טבעי 200 גרם,"שטראוס פריטו ליי בע""\מ )",IL,תפוצי'פס טבעי,גרמים,200.00,100 גרם,false,0,8.80,4.40,true,1,
7290000191225,false,חיתולים ליטל בייביז מידה 2 האגיס 46 יחידות,קימברלי קלארק שיווק,IL,האגיס ליטל בייבי,יחידה,1.00,יחידה,false,1,28.90,28.90,true,1,
7290000191645,false,"חיתולים האגיס ליטל בייביס ניו בורן שלב 1 עד 4 ק""ג",קימברלי קלארק ארהב,US,חיתולי האגיס,יחידה,1.00,יחידה,false,0,28.90,28.90,true,1,
7290000191652,false,שלישיית ממחטות אולטרה סופט קלינקס 90 יחידות,חוגלה קימברלי,IL,קלינקס מעוצב 3יח,יחידה,1.00,יחידה,false,0,11.90,11.90,true,1,
7290000192581,false,מגבת נייר גליל כפול ניקול 12=6 גליל,קימברלי-קלארק,IL,מגבות נייר,מטרים,129.00,מטר,false,1,24.90,0.19,true,1,
7290000193014,false,מגן תחתון פדיות אינטרלוד לילי 50 יחידות,חוגלה קימברלי,CZ,לילי פדים,יחידה,1.00,יחידה,false,0,9.90,9.90,true,1,
7290000193083,false,נובה-לי תחבושות היגייניות לילי 28 יחידות,חוגלה קימברלי,CZ,תחבושות נובה לי,יחידה,1.00,יחידה,false,0,8.90,8.90,true,1,
7290000193205,false,תחבושות עם כנפיים ללילה נטורל לילי 20 יחידות,חוגלה קימברלי,BE,תחבושות לילי,יחידה,1.00,יחידה,false,0,12.90,12.90,true,1,
7290000193472,false,מגן תחתון נטורל נורמל לילי 60 יחידות,חוגלה קימברלי,ES,פדיות לילי,יחידה,1.00,יחידה,false,0,11.90,11.90,true,1,
7290000193540,false,מגן תחתון לונג נטורל לילי 52 יחידות,חוגלה קימברלי,ES,פדיות לילי,יחידה,1.00,יחידה,false,0,11.90,11.90,true,1,
7290000193618,false,לילי אינטימייט מגן תחתון נורמל 24 יח',חוגלה קימברלי,ES,פדיות לילי נטורל,יחידה,1.00,יחידה,false,0,11.90,11.90,true,1,
7290000193793,false,לילי תחבושות אינטימי נורמל אולט' 24 יח',חוגלה קימברלי,ES,תחבושות לילי,יחידה,1.00,יחידה,false,0,12.90,12.90,true,1,
7290000193953,false,תחבושות לילי נורמל24*2יח,חוגלה קימברלי,ES,זוג תחבושות לילי,יחידה,1.00,יחידה,false,0,24.90,24.90,true,1,
7290000197425,false,חיתולים פרידום דריי שלב 3 האגיס 52 יחידות,קימברלי קלארק ישראל,IL,חיתולי האגיס,יחידה,1.00,יחידה,false,0,39.90,39.90,true,1,
7290000197456,false,חיתולים פרידום דריי שלב 4 האגיס 44 יחידות,קימברלי קלארק ישראל,IL,חיתולי האגיס,יחידה,1.00,יחידה,false,0,39.90,39.90,true,1,
7290000197463,false,חיתולים פרידום דריי שלב +4 האגיס 40 יחידות,קימברלי קלארק ישראל,IL,חיתולי האגיס,יחידה,1.00,יחידה,false,0,39.90,39.90,true,1,
7290000197548,false,חיתולים פרידום דריי שלב 5 האגיס 36 יחידות,קימברלי קלארק ישראל,IL,חיתולי האגיס,יחידה,1.00,יחידה,false,0,39.90,39.90,true,1,
7290000197678,false,חיתולי האגיס פרידום דריי שלב 6 30 יחידות,קימברלי קלארק ישראל,IL,חיתולי האגיס,יחידה,1.00,יחידה,false,0,39.90,39.90,true,1,
7290000211312,false,סוגת אורז מלא פרסי אחד אחד 1 קג,האי נאם סי או אל.טי.,IL,אורז מלא ארוך,קילוגרמים,1.00,"ק""ג",false,0,8.90,8.90,true,1,
7290000211442,false,"סוגת אורז פרסי קלאסי שקית 1 ק""ג",האי נאם סי או אל.טי.,IL,אורז פרסי קלאסי,קילוגרמים,1.00,"ק""ג",false,0,7.90,7.90,true,1,
7290000211985,false,"סוגת אורז עגול ריזוטו 1 ק""ג","סוגת תעשיות בע""\מ",IL,אורז עגול סוגת,קילוגרמים,1.00,"ק""ג",false,0,7.90,7.90,true,1,
7290000226514,false,עוגת דובוש טעם ריבת חלב קפולסקי 450 גרם,תופינים מקבוצת קפולסקי,IL,עוגת ריבת חלב,גרמים,450.00,100 גרם,false,0,32.90,7.31,true,1,
7290000226613,false,עוגת דובוש מצופה שוקולד קפולסקי 450 גרם,תופינים מקבוצת קפולסקי,IL,דובוש מצופה450גר,גרמים,450.00,100 גרם,false,0,32.90,7.31,true,1,
7290000238029,false,"בצק עלים צרפתי מרודד מעדנות 1 ק""ג",מיוצר עי קונדיטוריית,IL,בצק עלים מרודד,קילוגרמים,1.00,"ק""ג",false,0,15.90,15.90,true,1,
7290000238036,false,מלאווח בקופסא מעדנות 700 גרם,מיוצר עי קונדיטוריית,IL,מלווח מעדנית,גרמים,700.00,100 גרם,false,0,12.90,1.84,true,1,
7290000238173,false,בורקס גבינה מעדנות 800 גרם,מיוצר עי קונדיטוריית,IL,בורקס גבינה קפוא,גרמים,800.00,100 גרם,false,0,17.90,2.24,true,1,
7290000238180,false,בורקס תפוחי אדמה מעדנות 800 גרם,מיוצר עי קונדיטוריית,IL,"בורקס תפו""א קפוא",גרמים,800.00,100 גרם,false,0,15.90,1.99,true,1,
7290000253251,false,שוקולד צ'יפס לבן אופנהיימר 250 גרם,אופנהיימר,IL,שוקו צ'יפס לבן,גרמים,250.00,100 גרם,false,0,9.90,3.96,true,1,
7290000253374,false,מיני שוקולד צ'יפס 250 גרם- 66% מוצקי קקאו,אופנהיימר,IL,מיני שוקולד ציפס,גרמים,250.00,100 גרם,false,1,13.90,5.56,true,1,
7290000253381,false,שוקולד ציפס 500 ג-אופינהיימר,אופנהיימר,IL,שוקולד צ'יפס500ג,גרמים,500.00,100 גרם,false,1,14.50,2.90,true,1,
7290000262031,false,נייר טואלט מולט לב 32 גלילים,קימברלי-קלארק,IL,נייר טואלט,מטרים,562.00,100 מטר,false,0,29.90,5.32,true,1,
7290000263359,false,חיתולים ליטל בייביז מידה 1 האגיס 40 יחידות,קימברלי קלארק שיווק,IL,חיתולי האגיס,יחידה,1.00,יחידה,false,0,28.90,28.90,true,1,
7290000286228,false,ספוגיות לניקוי כללי סנו סושי 6 יחידות,סנו מפעלי ברונו בעמ,IL,ספוגיות לכלים6יח,יחידה,1.00,יחידה,false,0,9.90,9.90,true,1,
7290000286297,false,"אנטי קאלק מסיר אבנית מקומקום סנו 700 מ""ל",סנו מפעלי ברונוס בעמ,IL,סנו מסיר אבן,מיליליטרים,700.00,"100 מ""ל",false,0,9.90,1.41,true,1,
7290000286488,false,ספוג כיף פיראט 1 יחידה,קוסמופארם,IL,ספוג כיף פיראט,יחידה,1.00,יחידה,false,0,4.90,4.90,true,1,
7290000286525,false,ספוג כיף רחצה פרינה 1 יח,קוסמופארם,IL,ספוג רחצה,יחידה,1.00,יחידה,false,0,8.90,8.90,true,1,
7290000286594,false,אבקה לניקוי במיכל לימון X סנו 600 גרם,סנו מפעלי ברונוס בעמ,IL,סנוX- קרם לניק,גרמים,600.00,100 גרם,false,0,8.90,1.48,true,1,
7290000286761,false,ניילון נצמד סנו סושי פלסטיק מארז 30X2 מ',מיוצר עי קונדיטוריית,CN,צמד ניילון נצמד,מטרים,60.00,מטר,false,0,9.90,0.17,true,1,
7290000286921,false,"ספריי להסרת כתמים סנו קל 750 מ""ל",סנו מפעלי ברונוס בעמ,IL,סנוקל רסס וכבס,מיליליטרים,750.00,"100 מ""ל",false,0,9.90,1.32,true,1,
7290000287195,false,"סנו רהיט ספריי עשיר בווקס להברקה 305 מ""ל",מיוצר עי קונדיטוריית,IL,סנו רהיט מרסס,מיליליטרים,305.00,"100 מ""ל",false,0,12.90,4.23,true,1,
7290000287362,false,פוליויקס נוזל רצפות בניחוח לוטוס סנו 4 ליטר,סנו,IL,פוליויקס סנרייז,ליטרים,4.00,ליטר,false,0,34.90,8.73,true,1,
7290000287409,false,"שלישיית סנובון תות לאסלה ""סנו""",סנו מפעלי ברונוס בעמ,IL,סנובון לאסלה 3יח,גרמים,165.00,100 גרם,false,0,9.90,6.00,true,1,
7290000287430,false,סנובון צבעוני לאסלה בריח לימון שלישייה,סנו מפעלי ברונו בעמ,IL,סנובון לאסלה 3יח,גרמים,165.00,100 גרם,false,0,9.90,6.00,true,1,
7290000287485,false,"שלישיית סנובון לובר לאסלה ""סנו""",סנו מפעלי ברונו בעמ,IL,סנובון בריח לובר,גרמים,165.00,100 גרם,false,0,9.90,6.00,true,1,
7290000287492,false,"סנובון נוזל לניקוי אסלות בריח לימון סנו 750 מ""ל","סנו מפעלי ברונוס בע""מ",IL,סנובון נוזלי,מיליליטרים,750.00,"100 מ""ל",false,0,8.90,1.19,true,1,
7290000287621,false,"אנטי קאלק נוזל לניקוי אסלות סנו 750 מ""ל",מיוצר עי קונדיטוריית,IL,סנו מנקה אסלות,מיליליטרים,750.00,"100 מ""ל",false,0,9.90,1.32,true,1,
7290000288024,false,סנו - ז'אוול אקונומיקה בריח לימון 4 ליטר,"סנו מפעלי ברונוס בע""מ",IL,סנו JAVEL אקונומ,ליטרים,4.00,ליטר,false,0,15.90,3.98,true,1,
7290000288048,false,סנו זאוול מרסס מונבלאן 1 ליטר,"סנו מפעלי ברונוס בע""מ",IL,סנו ג'אוול לבנדר,ליטרים,1.00,ליטר,false,0,13.90,13.90,true,1,
7290000288086,false,אבקת ניקוי עם אקונומיקה בריח לימון סנו ז'אוול 600 ג',מיוצר עי קונדיטוריית,IL,סנו ג'אוול אבק,גרמים,600.00,100 גרם,false,0,9.90,1.65,true,1,
7290000288352,false,"קוטל חרקים וזוחלים K-300 סנו 630 מ""ל","סנו מפעלי ברונוס בע""מ",IL,300-K קוטל חרק,מיליליטרים,630.00,"100 מ""ל",false,0,17.90,2.84,true,1,
7290000288390,false,"קוטל זבובים ויתושים K-600 סנו 500 מ""ל","סנו מפעלי ברונוס בע""מ",IL,סנו 600-K תרסיס,מיליליטרים,500.00,"100 מ""ל",false,0,19.90,3.98,true,1,
7290000288413,false,סנו-די דוחה יתושים כדורי סנו 50 גרם,גוד פוד פרודקטס S.p,IL,סנו די כדורי,מיליליטרים,50.00,"100 מ""ל",false,0,17.90,35.80,true,1,
7290000288642,false,מקסימה מרכך כביסה סנסיטיב בייבי סנו 4 ליטר,"סנו מפעלי ברונוס בע""\מ",IL,מרכך כביסה,ליטרים,4.00,ליטר,false,0,19.80,4.95,true,1,
7290000289052,false,פוליויקס נוזל רצפות בניחוח סחלבים סנו 4 ליטר,סנו פוליויקס,IL,פוליויקס לריצפה,ליטרים,4.00,ליטר,false,0,34.90,8.73,true,1,
7290000289069,false,סנו - ז'אוול מרסס קצף ניקוי בתוספת אקונומיקה בריח לימון 1 ליטר,"סנו מפעלי ברונוס בע""מ",IL,סנו ג'אוול מרסס,ליטרים,1.00,ליטר,false,0,13.90,13.90,true,1,
7290000289380,false,"סנו - ז'אוול לניקוי אסלות לימון 750 מ""ל",סנו מפעלי ברונוס בעמ,IL,ג'ל לאסלה ג'אוול,מיליליטרים,750.00,"100 מ""ל",false,0,9.90,1.32,true,1,
7290000289496,false,"סנו - ז'אוול ג'ל קרם לניקוי כללי לימון 750 מ""ל","סנו מפעלי ברונוס בע""\מ",IL,ג'אוול ג'ל קרם,מיליליטרים,750.00,"100 מ""ל",false,0,9.90,1.32,true,1,
7290000289595,false,"אורביטול משחת שיניים לילדים בטעם תות שדה 145 מ""ל",טרופיקל דגיל תעשיות קוסמ,IL,משחת שיניים,גרמים,145.00,100 גרם,false,0,6.90,4.76,true,1,
7290000289748,false,"מסיר שומנים לתנורים פורטה פלוס סנו 750 מ""ל","סנו מפעלי ברונוס בע""\מ",IL,סנו פורטה שומנים,מיליליטרים,750.00,"100 מ""ל",false,0,13.90,1.85,true,1,
7290000289885,false,"מטהר אוויר ענק אושנבריז סנו פרש 375 מ""ל","סנו מפעלי ברונוס בע""\מ",IL,מטהר סנופרש ענק,מיליליטרים,375.00,"100 מ""ל",false,0,8.90,2.37,true,1,
7290000291932,false,"סנובון נוזל לניקוי אסלה בניחוח לבנדר סנו 750 מ""ל","סנו מפעלי ברונוס בע""מ",IL,סנובון נוזלי,מיליליטרים,750.00,"100 מ""ל",false,0,8.90,1.19,true,1,
7290000292137,false,"נוזל לניקוי וטיפול מוצרי עור סנו 500 מ""ל",מיוצר עי קונדיטוריית,IL,סנו לניקוי עור,מיליליטרים,500.00,"100 מ""ל",false,0,28.90,5.78,true,1,
7290000292311,false,פוליויקס נוזל רצפות בניחוח סחלבים סנו 2 ליטר,"סנו מפעלי ברונוס בע""\מ",IL,סנו פוליויקס,ליטרים,2.00,ליטר,false,0,19.90,9.95,true,1,
7290000292557,false,סנומט מלוי נוזלי דוחה יתושים 45 לילות,טרופיקל דגיל תעשיות,IT,נוזל מילוי סנו,מיליליטרים,35.00,"100 מ""ל",false,0,14.90,42.57,true,1,
7290000292595,false,סופר פוליש מבריק רצפות 2לי,סנו,IL,סנו סופר פוליש,ליטרים,2.00,ליטר,false,0,39.90,19.95,true,1,
7290000292915,false,"תרסיס לניקוי כללי רסס ונגב סנו 750 מ""ל","סנו מפעלי ברונוס בע""\מ",IL,סנו רסס נגב מרסס,מיליליטרים,750.00,"100 מ""ל",false,0,12.90,1.72,true,1,
7290000293073,false,מקסימה מרכך כביסה ביו לבן סנו 4 ליטר,"סנו מפעלי ברונוס בע""\מ",IL,מרכך כביסה,ליטרים,4.00,ליטר,false,0,19.80,4.95,true,1,
7290000293820,false,"קרמה מן שמפו וג'ל גל רחצה אקטיב בלוק 700מ""ל",גוד פוד פרודקטס S.p,IL,שמפו וג'ל רחצה,מיליליטרים,700.00,"100 מ""ל",false,1,14.90,2.13,true,1,
7290000293943,false,"מרסס לבן מסיר אבנית 1 ליטר אנטי קאלק ""סנו""",מיוצר עי קונדיטוריית,IL,סנו אנטי קאלק,ליטרים,1.00,ליטר,false,0,14.90,14.90,true,1,
7290000294391,false,נוזל לניקוי כללי בניחוח סחלבים סנו ג'ט 4 ליטר,סנו מפעלי ברונוס בעמ,IL,סנו ג'ט,ליטרים,4.00,ליטר,false,0,14.90,3.73,true,1,
7290000294773,false,אקונומיקה בריח לבנדר סנו ז'אוול 4 ליטר,"סנו מפעלי ברונוס בע""\מ",IL,סנו ג'אוול 4 ליט,ליטרים,4.00,ליטר,false,0,15.90,3.98,true,1,
7290000294780,false,אקונומיקה סמיכה בריח לימון סנו ז'אוול 4 ליטר,"סנו מפעלי ברונוס בע""מ",IL,סנו ג'אוול 4 ל,ליטרים,4.00,ליטר,false,0,15.90,3.98,true,1,
7290000295299,false,סנו סושי כריות הפלא רב תכלתיות רביעייה,סנו מפעלי ברונו בעמ,IL,כרית יפנית,יחידה,1.00,יחידה,false,0,8.90,8.90,true,1,
7290000295336,false,סנו מקסימה אבקת כביסה סנסטיב מילוי1.25,סנו מפעלי ברונוס בעמ,IL,אבקת כביסה,קילוגרמים,1.25,"ק""ג",false,0,12.90,10.32,true,1,
7290000295589,false,טלק לתינוק בייבי כיף 200 גרם,מייצר :אשבל בע''מ .,IL,טלק בייבי כיף,גרמים,200.00,100 גרם,false,0,13.90,6.95,true,1,
7290000295749,false,ספוג סאקי מסאז' כיף 1 יחידה,גוד פוד פרודקטס S.p,IL,ספוג סאקי מסג',יחידה,1.00,יחידה,false,0,8.90,8.90,true,1,
7290000309101,false,מטאטא עץ בוק משובח + מקל,רוחמה,IL,מטאטא עץ בוק משו,יחידה,1.00,יחידה,false,1,24.90,24.90,true,1,
7290000309699,false,מטאטא זנב סוס עם מקל,המברשת רוחמה,IL,מטאטא עם מקל,יחידה,1.00,יחידה,false,0,36.90,36.90,true,1,
7290000327020,false,"מארז פפסי פחית צרה 330 מ""ל*6 יח'","מודרן גרופ משקאות בע""\מ",IL,פפסי פחיות 6 יח,ליטרים,1.98,ליטר,false,1,17.90,9.04,true,1,
7290000327044,false,"מארז סבן אפ פחית צרה 330 מ""ל*6 יח'","מודרן גרופ משקאות בע""\מ",IL,סבן אפ פחיות 6יח,ליטרים,1.98,ליטר,false,1,17.90,9.04,true,1,
7290000339566,false,בדין מרכך כביסה ורוד 4 ליטר,יוניליור ישראל טיפוח איש,IL,מרכך כביסה בדין,ליטרים,4.00,ליטר,false,0,19.90,4.98,true,1,
7290000341071,false,בדין - מרכך כביסה בייבי לבן 2 ליטר,יוניליור ישראל טיפוח איש,IL,מרכך כביסה בייבי,ליטרים,2.00,ליטר,false,0,14.90,7.45,true,1,
7290000342856,false,מרכך כביסה כחול בדין 4 ליטר,יוניליור ישראל טיפוח איש,IL,מרכך כביסה בדין,ליטרים,4.00,ליטר,false,0,19.90,4.98,true,1,
7290000345277,false,תה קלאסיק מעטפות ויסוצקי 50 יחידות,מולינו ניקולי s.p.a,IL,תה ויסוצקי 50 שק,גרמים,75.00,100 גרם,false,0,9.90,13.20,true,1,
7290000345307,false,תה ארל גריי ויסוצקי 50 יחידות,מולינו ניקולי s.p.a,IL,תה ארל גריי 50שק,גרמים,75.00,100 גרם,false,0,24.90,33.20,true,1,
7290000346120,false,חליטת קינמון הגן הקסום ויסוצקי 25 יחידות,תה ויסוצקי,IL,חליטת קינמון,גרמים,62.00,100 גרם,false,0,15.90,25.65,true,1,
7290000346137,false,חליטת הילולי פירות הגן הקסום ויסוצקי 25 יחידות,תה ויסוצקי,IL,חליטת פירות,גרמים,62.00,100 גרם,false,0,15.90,25.65,true,1,
7290000346168,false,חליטת שומר הגן הקסום ויסוצקי 25 יחידות,תה ויסוצקי,IL,חליטת שומר,גרמים,37.00,100 גרם,false,0,15.90,42.97,true,1,
7290000346199,false,חליטת פירות יער הגן הקסום ויסוצקי 25 יחידות,תה ויסוצקי,IL,חליטת פירות היער,גרמים,67.00,100 גרם,false,0,15.90,23.73,true,1,
7290000346205,false,חליטת קמומיל הגן הקסום ויסוצקי 25 יחידות,תה ויסוצקי,IL,חליטת קמומיל,גרמים,37.00,100 גרם,false,0,15.90,42.97,true,1,
7290000346212,false,חליטת מנטה הגן הקסום ויסוצקי 25 יחידות,תה ויסוצקי,IL,חליטת מנטה,גרמים,50.00,100 גרם,false,0,15.90,31.80,true,1,
7290000346960,false,תה ויסוצקי נענע 1.7 גרם 50יח',בית ויסוצקי,IL,תה נענע 50 שקיק.,גרמים,75.00,100 גרם,false,0,26.80,35.73,true,1,
7290000347738,false,תה ירוק נענע ויסוצקי 25 יחידות,תה ויסוצקי,IL,תה ירוק נענע,גרמים,37.00,100 גרם,false,0,21.90,59.19,true,1,
7290000355757,false,עגבניות מרוסקות טל וטרי 800 גרם,"מילוז(1989)בע""""מ",IL,עגבניות מרוסקות,גרמים,800.00,100 גרם,false,0,5.90,0.74,true,1,
7290000408354,false,יוגורט עם אורז מצופה שוקולד קקאו 175 ג' דנונה,"שטראוס בריאות בע""\מ",IL,דנונה בר פצפוצים,גרמים,173.00,100 גרם,false,0,4.30,2.49,true,1,
7290000412481,false,נוזל לניקוי אסלות 00 סנו 1 ליטר,מיוצר עי קונדיטוריית,IL,"מנקה אסלות 00""",ליטרים,1.00,ליטר,false,0,6.90,6.90,true,1,
7290000416076,false,"צימקאו לאפייה וציפוי השחר 400 גרם כשל""פ",השחר העולה תעשייות מ,IL,צימקאו לאפיה,גרמים,400.00,100 גרם,false,0,9.90,2.48,true,1,
7290000416618,false,"ממרח שוקולד פרווה השחר 400 גרם כשל""פ",השחר העולה תעשייות מ,IL,ממרח בטעם שוקולד,גרמים,400.00,100 גרם,false,0,9.90,2.48,true,1,
7290000426914,false,בודק תות שדה קפוא 454 גרם,"מטר ארצכם בע""מ",US,תות שדה בודק,גרמים,454.00,100 גרם,false,1,25.90,5.70,true,1,
7290000435251,false,סוכריות מיני משמחים עלה 500ג',הנמל,IL,מיני משמחים,גרמים,500.00,100 גרם,false,0,14.90,2.98,true,1,
7290000446127,false,פירכיות אורז ללא מלח בטר אנד דיפרנט 100 גרם,בטר אנד דיפרנט B&D,IL,פריכיות אורז,גרמים,100.00,100 גרם,false,0,3.90,3.90,true,1,
7290000446257,false,בטר אנד דיפרנט דיסת אורז 200 גר',בטר אנד דיפרנט B&D,IL,דייסת אורז,גרמים,200.00,100 גרם,false,0,8.50,4.25,true,1,
7290000446264,false,בטר אנד דיפרנט דיסת קורנפלור,השדה מוצרים אורגניים,IL,דייסת קורנפלור,גרמים,200.00,100 גרם,false,0,8.50,4.25,true,1,
7290000446318,false,בטר אנד דיפרנט דיסת סולת 200 גר',השדה מוצרים אורגניים,IL,דייסת סולת,גרמים,200.00,100 גרם,false,0,8.50,4.25,true,1,
7290000446936,false,ציפוי עדיף מפתיתי קורנפלקס טחון דק בטר אנד דיפרנט 300 גרם,בטר אנד דיפרנט,IL,ציפוי עדיף דק,גרמים,300.00,100 גרם,false,0,7.90,2.63,true,1,
7290000446943,false,פריכיות אורז כוסמת 100ג' בי&די,בטר אנד דיפרנט B&D,IL,פריכיות כוסמת,גרמים,100.00,100 גרם,false,0,3.90,3.90,true,1,
7290000449128,false,סיף פנטסטיק לימון ניקוי רב תכליתי 4ל',יוניליוור ישראל טיפוח אי,IL,פנטסטיק לניקוי,ליטרים,4.00,ליטר,false,0,18.90,4.73,true,1,
7290000453019,false,שמרים טריים לאפייה שקית שמרית 50 ג',"פאקא תעשיות בע""\מ",IL,שמרית-שמרים טרי,גרמים,50.00,100 גרם,false,0,3.90,7.80,true,1,
7290000453385,false,שמרים יבשים פארא אינסטנט 500 גרם עלית,פאקא תעשיות בעמ,GB,שמרים יבשים פאקא,גרמים,500.00,100 גרם,false,0,11.90,2.38,true,1,
7290000453415,false,בצק עלים מצונן ומוכן לאפייה שמרית 300 גרם,"פאקא תעשיות בע""מ",FR,בצק עלים מצונן,גרמים,300.00,100 גרם,false,1,13.90,4.63,true,1,
7290000453422,false,בצק פילו מצונן ומוכן לאפייה שמרית 300 גרם,"פאקא תעשיות בע""מ",GR,בצק פילו מצונן,גרמים,300.00,100 גרם,false,1,13.90,4.63,true,1,
7290000453866,false,נטורינה תחליף מרגרינה לבישול ואפיה קוקוס שמרית 200 גרם,גרונבאנג- גרונדנסק א,DK,נטורינה קוקוס,גרמים,200.00,100 גרם,false,1,6.90,3.45,true,1,
7290000462103,false,סחוג תימני אדום חריף עדין זהבי הכרם 150 גרם,קריניסה ויטמין אס אי,IL,סחוג זהבי אדום,גרמים,150.00,100 גרם,false,0,6.90,4.60,true,1,
7290000462172,false,סחוג תימני ירוק חריף זהבי הכרם 150 גרם,קריניסה ויטמין אס אי,IL,סחוג זהבי ירוק,גרמים,150.00,100 גרם,false,0,6.90,4.60,true,1,
7290000469638,false,"ספריי לגיהוץ קל מריטו 500 מ""ל",בולטון מניטובה,IT,מריטו לגיהוץ קל,מיליליטרים,500.00,"100 מ""ל",false,0,16.90,3.38,true,1,
7290000474076,false,"חלב קרטון 3%-1 ליטר ""טרה""-מוצר בפיקוח",הפריט בפיקוח,IL,חלב טרי טרה 3%,ליטרים,1.00,ליטר,false,0,5.50,5.50,true,1,
7290000474090,false,"חלב בקרטון 1%- 1 ליטר בד""צ - מוצר בפיקוח",מילקו תעשיות בעמ,IL,חלב טרי טרה 1%,ליטרים,1.00,ליטר,false,0,5.50,5.50,true,1,
7290000474502,false,גבינה לבנה טרה 5% מרכיבים טבעיים,הפריט בפיקוח,IL,גבינה לבנה 5%,גרמים,250.00,100 גרם,false,0,4.70,1.88,true,1,
7290000480442,false,קוואקר שיבולת שועל בשקית 500 גרם,פריטו ליי FRITO-LAY,IL,קוואקר,גרמים,500.00,100 גרם,false,0,11.50,2.30,true,1,
7290000481043,false,10 פיתות מקמח כוסמין מלא דגנית,דגנית עין בר תעשיות מזון,IL,פיתות כוסמין10יח,גרמים,700.00,100 גרם,false,1,12.90,1.84,true,1,
7290000481531,false,דגנית עין בר לחמניות אצבע מחיטה מלאה בשקית 750 ג',דגנית עין בר תעשיות מזון,IL,10לחמניות ח.מלאה,גרמים,750.00,100 גרם,false,0,9.90,1.32,true,1,
7290000481883,false,דגנית עין בר מארז לחמניות 10 יח'*75 ג',דגנית עין בר תעשיות מזון,IL,לחמניות אצבע10יח,גרמים,750.00,100 גרם,false,0,9.90,1.32,true,1,
7290000484747,false,עראק עלית 700 מל 40% כהל,יקב הגליל יוסף גולד ובניו,IL,עלית הארק,מיליליטרים,700.00,"100 מ""ל",false,1,54.90,7.84,true,1,
7290000497044,false,"לחם אקטיב 750 גרם ""ברמן""",מאפית י את א ברמן בע,IL,לחם ברמן אקטיב,גרמים,750.00,100 גרם,false,0,14.90,1.99,true,1,
7290000497112,false,"לחם כהה פרוס וארוז ""ברמן""-מוצר בפיקוח",מאפית י את א ברמן בע,IL,לחם פרוס אחיד,גרמים,750.00,100 גרם,false,0,6.50,0.87,true,1,
7290000497228,false,לחמניה רגילה בשקית ברמן 6יח',מאפית י את א ברמן בע,IL,6 לחמניות בשקית,גרמים,450.00,100 גרם,false,0,8.90,1.98,true,1,
7290000497426,false,לחם ברמן לענין פלוס 500 גרם,מאפית י את א ברמן בע,IL,לחם ברמן לעניין+,גרמים,500.00,100 גרם,false,0,13.90,2.78,true,1,
7290000497488,false,חלה פלוס ברמן 500 גרם,מאפית י את א ברמן בע,IL,חלה פלוס ברמן,גרמים,500.00,100 גרם,false,0,14.90,2.98,true,1,
7290000498034,false,לחם אי פרי קמח כוסמין מלא 750 גר',מאפית י את א ברמן בע,IL,לחם מקמח כוסמין,גרמים,750.00,100 גרם,false,1,14.90,1.99,true,1,
7290000504025,false,ממתיק סוכרזית פטרייה עלית 300 גרם,אף.סי תבליני בגליל ב,IL,סוכרזית פטריה,גרמים,24.00,100 גרם,false,0,7.90,32.92,true,1,
7290000504049,false,סוכרזית קלאסי קנקן 1200 טבליות,אף.סי תבליני בגליל ב,IL,סוכרזית טבליות,גרמים,98.00,100 גרם,false,0,17.90,18.27,true,1,
7290000504209,false,"סוכרזית דיאט טיפ נוזלי 220 מ""ל",אף.סי תבליני בגליל ב,IL,נוזל של סוכרזית,מיליליטרים,220.00,"100 מ""ל",false,0,14.90,6.77,true,1,
7290000504278,false,ממתיק סוכרזית אריזת פטנט 700 טבליות,אף.סי תבליני בגליל ב,IL,סוכרזית טבליות,גרמים,57.00,100 גרם,false,0,13.90,24.39,true,1,
7290000521008,false,יין אדום יבש של סגל750מל,"כרמי צבי - אחים סגל בע""\",IL,יין סגל אדום,מיליליטרים,750.00,"100 מ""ל",false,0,16.90,2.25,true,1,
7290000521015,false,"יין לבן יבש של סגל750מ""ל","מיוצר ע""י כרמי צבי-",IL,יין לבן של סגל,מיליליטרים,750.00,"100 מ""ל",false,0,16.90,2.25,true,1,
7290000523125,false,מלח הארץ הים האדום 250 ג' עדין,"חברת מלח הארץ אילת בע""\מ",IL,מלח ים יבש,גרמים,250.00,100 גרם,false,0,3.90,1.56,true,1,
7290000523224,false,מלח הארץ הים האדום 500 ג' עדין,"חברת מלח הארץ אילת בע""\מ",IL,מלח ים דק,גרמים,500.00,100 גרם,false,0,6.90,1.38,true,1,
7290000523514,false,מלח ים יבש מלח הארץ 250 גרם מופחת נתרן,"חברת מלח הארץ אילת בע""\מ",IL,מלח דל נתרן,גרמים,250.00,100 גרם,false,0,7.90,3.16,true,1,
7290000523804,false,"מלח עדין צנצנת 1 ק""ג מלח הארץ","חברת מלח הארץ אילת בע""\מ",IL,מלח הארץ עדין,קילוגרמים,1.00,"ק""ג",false,0,5.90,5.90,true,1,
7290000525969,false,מיץ תפוזים סחוט רכיבים טבעיים פרימור 1 ליטר,"גניר (1992) בע""מ",IL,מיץ תפוזים סחוט,ליטרים,1.00,ליטר,false,0,14.50,14.50,true,1,
7290000531977,false,בורקס גבינה זוגלובק 800 גרם,נקניק נהריה כשר זוגל,IL,בורקס גבינה,גרמים,800.00,100 גרם,false,0,13.90,1.74,true,1,
7290000533353,false,"בצק עלים צרפתי 1 ק""ג זוגלובק",מאפיית אריאל וגידרון,IL,בצק עלים,גרמים,1000.00,100 גרם,false,0,13.90,1.39,true,1,
7290000536316,false,"שניצל מן הצומח זוגלובק 1 ק""ג",נקניק נהריה כשר זוגל,IL,שניצל מן הצומח,גרמים,1000.00,100 גרם,false,0,27.90,2.79,true,1,
7290000536743,false,שניצלונים קריספי ט. תירס 500 גר' זוגלובק,נקניק נהריה כשר זוגל,IL,קריספי סטיקסתירס,גרמים,500.00,100 גרם,false,0,14.90,2.98,true,1,
7290000536774,false,"נקניקיות מן הצומח זוגלובק 1ק""ג בד""צ",זוגלובק טבע,IL,נקניקיה מן הצומח,גרמים,1000.00,100 גרם,false,0,23.90,2.39,true,1,
7290000536781,false,"קבב צמחי זוגלובק 1 ק""ג",זוגלובק,IL,קבב מן הצומח,גרמים,1000.00,100 גרם,false,0,29.90,2.99,true,1,
7290000540009,false,סכין יפני צר כריכה מתכת,",S.M.P.L שיבקי",IN,מדליק פחמים,גרמים,108.00,100 גרם,false,1,4.90,4.54,true,1,
7290000572086,false,טחינה אורגנית אחדות 500 גרם,אחדות ביחר לטחינה חל,IL,טחינה אורגנית,גרמים,500.00,100 גרם,false,0,10.90,2.18,true,1,
7290000572093,false,טחינה גולמית אחוה בפחית 500 גר',אחוה,IL,טחינה 500גרם,גרמים,500.00,100 גרם,false,0,9.90,1.98,true,1,
7290000572208,false,חלוה בטעם וניל אחווה 100 גרם,שוורצקוף& הנקל דיסלד,IL,חלווה 100 גרם,גרמים,100.00,100 גרם,false,0,2.90,2.90,true,1,
7290000572222,false,חלווה בלוק וניל אחוה 500 גרם,שוורצקוף& הנקל דיסלד,IL,חלווה בלוק500 גר,גרמים,500.00,100 גרם,false,0,9.90,1.98,true,1,
7290000572529,false,חלוה עם פיסטוק אחווה 400 גרם,אחדות ביחר לטחינה חל,IL,חלווה פיסטוק,גרמים,400.00,100 גרם,false,0,11.90,2.98,true,1,
7290000572536,false,אחווה חלווה ווניל במגש 400 גר,אחדות ביחר לטחינה חל,IL,חלווה וניל400ג,גרמים,400.00,100 גרם,false,0,9.90,2.48,true,1,
7290000572543,false,חלוה בטעם שוקו וניל אחווה 400 גרם,אחדות ביחר לטחינה חל,IL,חלווה 400 גרם,גרמים,400.00,100 גרם,false,0,9.90,2.48,true,1,
7290000572802,false,טחינה אורגנית משומשום מלא אחוה 500 גרם,"אחדות בע""מ א.ת. ברקן",IL,טחינה 500 גרם,גרמים,500.00,100 גרם,false,0,10.90,2.18,true,1,
7290000574141,false,לחם חיטה מלא 750ג' דגנית עין בר,דגנית עין בר תעשיות מזון,IL,לחם חיטה מלא,גרמים,750.00,100 גרם,false,0,9.90,1.32,true,1,
7290000574172,false,לחם קל מחיטה מלאה 750 ג' דגנית עין בר,דגנית עין בר תעשיות מזון,IL,לחם קל חיטה מלאה,גרמים,750.00,100 גרם,false,0,9.90,1.32,true,1,
7290000644783,false,נתחי פילה סלמון קפוא קג,דגי תנובה,DK,נתחי פילה סלמון,קילוגרמים,0.00,"ק""ג",true,0,79.90,79.90,true,1,
7290000652177,false,נתחי פילה נסיכה 100% דג קפוא תנובה,דגי תנובה,IL,נתחי נסיכת הנילו,קילוגרמים,0.00,"ק""ג",true,1,54.90,54.90,true,1,
7290000663166,false,דג פילה הייק דרום אפריקאי,דגי תנובה,IL,פילה בקלה קפוא,קילוגרמים,0.00,"ק""ג",true,1,38.90,38.90,true,1,
7290000692203,false,נוזל לניקוי כללי ורצפות בניחוח לימון אג'קס 2 ליטר,הנסיך- מפעל לייצור ט,GR,אג'קס ניקוי כללי,ליטרים,2.00,ליטר,false,0,19.90,9.95,true,1,
7290000692210,false,נוזל לניקוי כללי ורצפות בניחוח לבנדר אג'קס 2 ליטר,הנסיך- מפעל לייצור ט,GR,אג'קס ניקוי כללי,ליטרים,2.00,ליטר,false,0,19.90,9.95,true,1,
7290000692227,false,נוזל כלים פלמוליב צילינדר קלאסי 1 ליטר,יבואן ומשווק: ש. שסט,GR,פלמוליב לכלים,ליטרים,1.00,ליטר,false,0,11.90,11.90,true,1,
7290000952369,true,"עוף שלם ""יש"" קפוא",גלאט עוף,IL,עוף שלם קפוא,קילוגרמים,0.00,"ק""ג",true,1,24.90,24.90,true,1,
7290000952420,true,"כרעיים עוף ""יש"" קפוא",גלאט עוף,IL,כרעיים עוף קפוא,קילוגרמים,0.00,"ק""ג",true,1,37.90,37.90,true,1,
7290000952451,true,"ירכיים עוף ""יש"" קפוא",גלאט עוף,IL,ירכיים עוף קפוא,קילוגרמים,0.00,"ק""ג",true,1,34.90,34.90,true,1,
7290000952468,true,"שוקיים עוף ""יש"" קפוא",גלאט עוף,IL,שוקיים עוף קפוא,קילוגרמים,0.00,"ק""ג",true,1,42.90,42.90,true,1,
7290000952475,true,"חזה עוף ""יש"" קפוא",גלאט עוף,IL,חזה עוף קפוא,קילוגרמים,0.00,"ק""ג",true,1,37.90,37.90,true,1,
7290000952581,true,"שניצל עוף ""יש"" קפוא",גלאט עוף,IL,שניצל עוף קפוא,קילוגרמים,0.00,"ק""ג",true,1,39.90,39.90,true,1,
7290000952642,true,"פרגיות עוף ""יש"" קפוא",גלאט עוף,IL,"פרגיות עוף ""יש""",קילוגרמים,0.00,"ק""ג",true,1,79.90,79.90,true,1,
7290000952680,true,"כנפיים עוף ""יש"" קפוא",גלאט עוף,IL,כנפיים עוף קפוא,קילוגרמים,0.00,"ק""ג",true,1,14.90,14.90,true,1,
7290000952697,true,"גרונות עוף ""יש"" קפוא",גלאט עוף,IL,גרונות עוף קפוא,קילוגרמים,0.00,"ק""ג",true,1,8.90,8.90,true,1,
7290000952703,true,"עצמות עוף ""יש"" קפוא",גלאט עוף,IL,"עצמות עוף ""יש""",קילוגרמים,0.00,"ק""ג",true,1,6.90,6.90,true,1,
7290000961552,true,פלפל כתום,קטיף.,IL,פלפל כתום,קילוגרמים,0.00,"ק""ג",true,0,8.90,8.90,true,1,
7290000962153,true,פילה סלמון ללא עור קפוא,,NO,פילה סלמון,קילוגרמים,0.00,"ק""ג",true,1,89.90,89.90,true,1,
7290000963419,true,תפוח עץ גאלה 65,קטיף.,XX,תפוח עץ גאלה,קילוגרמים,0.00,"ק""ג",true,0,9.90,9.90,true,1,
7290000965055,true,מלון מובחר,קטיף.,IL,מלון מובחר,קילוגרמים,0.00,"ק""ג",true,0,5.90,5.90,true,1,
7290000965833,true,אננס ראש תפזורת,,IL,אננס ראש,יחידה,1.00,יחידה,false,1,25.90,25.90,true,1,
7290000966564,true,רימון,קטיף.,IL,רימון,קילוגרמים,0.00,"ק""ג",true,0,5.90,5.90,true,1,
7290000966670,true,אנונה,קטיף.,IL,אנונה,קילוגרמים,0.00,"ק""ג",true,0,24.90,24.90,true,1,
7290000977003,true,פתיתים אפויים קוסקוס,,IL,פתיתים אפויים,קילוגרמים,0.00,"ק""ג",true,1,10.00,10.00,true,1,
7290000978529,true,פתיתים אפויים אורז,,IL,פתיתים אפויים,קילוגרמים,0.00,"ק""ג",true,1,10.00,10.00,true,1,
7290000991825,true,בשר מס 10 אשפר,,IL,בשר מס 10 אשפר,קילוגרמים,0.00,"ק""ג",true,1,34.90,34.90,true,1,
7290000992983,true,מכסה הצלע מס 7אשפר,,IL,מכסה הצלע,קילוגרמים,0.00,"ק""ג",true,1,34.90,34.90,true,1,
7290000994628,true,קשתית אסאדו מס' 9,,PY,אסאדו מס' 9,קילוגרמים,0.00,"ק""ג",true,1,59.90,59.90,true,1,
7290000994635,true,פלאנקען לחמין,,IL,פלאנקען לחמין,קילוגרמים,0.00,"ק""ג",true,1,99.90,99.90,true,1,
7290000995410,true,נבטים בחבילה,נבטי העמק,IL,נבטים בחבילה-יח',יחידה,1.00,יחידה,false,0,5.90,5.90,true,1,
7290000996783,true,"פילה אמנון ""יש"" 5-7 קפוא",,CN,"פילה אמנון ""יש""",קילוגרמים,0.00,"ק""ג",true,1,24.90,24.90,true,1,
7290000997841,true,בשר מס 3 שקיל,,IL,בשר מס 3,קילוגרמים,0.00,"ק""ג",true,1,34.90,34.90,true,1,
7290000998107,true,"תפו""ע מוזהב ברשת",,IL,"תפו""ע מוזהב ברשת",קילוגרמים,0.00,"ק""ג",true,1,5.90,5.90,true,1,
7290000998275,true,גויאבות,,IL,גויאבות,קילוגרמים,0.00,"ק""ג",true,1,9.90,9.90,true,1,
7290000998367,true,קיווי,קטיף,IL,קיווי במשקל,קילוגרמים,0.00,"ק""ג",true,1,15.90,15.90,true,1,
7290000998398,true,חבושים,,IL,חבושים,קילוגרמים,0.00,"ק""ג",true,1,5.90,5.90,true,1,
7290000999159,true,אבוקדו אוצר בית דין,קטיף,IL,אבוקדו,קילוגרמים,0.00,"ק""ג",true,1,15.90,15.90,true,1,
7290000999180,true,קלמנטינה אוצר בית דין,קטיף,IL,קלמנטינה,קילוגרמים,0.00,"ק""ג",true,1,5.90,5.90,true,1,
7290000999197,true,תפוז,,IL,תפוז,קילוגרמים,0.00,"ק""ג",true,1,5.90,5.90,true,1,
7290000999388,true,ענבים בהירים,קטיף,XX,ענבים בהירים,קילוגרמים,0.00,"ק""ג",true,1,17.90,17.90,true,1,
7290000999456,true,שום במארז,קטיף,IL,שום במארז,יחידה,1.00,יחידה,false,1,7.90,7.90,true,1,
7290000999548,true,דלעת ארוזה במשקל,קטיף,IL,דלעת ארוזה,קילוגרמים,0.00,"ק""ג",true,1,11.90,11.90,true,1,
7290000999562,true,גזר ארוז במשקל,קטיף,IL,גזר ארוז,קילוגרמים,0.00,"ק""ג",true,1,3.90,3.90,true,1,
7290000999579,true,"תפו""א לבן ארוז במשקל",קטיף,IL,"תפו""א לבן ארוז",קילוגרמים,0.00,"ק""ג",true,1,4.40,4.40,true,1,
7290000999586,true,"תפו""א אדום ארוז במשקל",קטיף,IL,"תפו""א אדום ארוז",קילוגרמים,0.00,"ק""ג",true,1,5.20,5.20,true,1,
7290000999593,true,תפוח אדמה קטן ארוז ברשת,קטיף.,IL,תפוח אדמה קטן אר,קילוגרמים,0.00,"ק""ג",true,1,4.90,4.90,true,1,
7290000999654,true,לפת,קטיף.,IL,לפת,קילוגרמים,0.00,"ק""ג",true,1,6.90,6.90,true,1,
7290000999692,true,צנון,,IL,צנון,קילוגרמים,0.00,"ק""ג",true,1,6.90,6.90,true,1,
7290000999708,true,אשכולית לבנה,,IL,אשכולית לבנה,קילוגרמים,0.00,"ק""ג",true,1,5.90,5.90,true,1,
7290000999715,true,אשכולית אדומה,,IL,אשכולית אדומה,קילוגרמים,0.00,"ק""ג",true,1,5.90,5.90,true,1,
7290000999722,true,פומלה לבנה,,IL,פומלה לבנה,קילוגרמים,0.00,"ק""ג",true,1,6.90,6.90,true,1,
7290000999739,true,פומלית,,IL,פומלית,קילוגרמים,0.00,"ק""ג",true,1,5.90,5.90,true,1,
7290000999746,true,עגבניות שרי במשקל,קטיף,IL,עגבניות שרי,קילוגרמים,0.00,"ק""ג",true,1,14.90,14.90,true,1,
7290000999814,true,"תפו""ע סטרקינג",קטיף,IL,תפוח עץ סטרקינג,קילוגרמים,0.00,"ק""ג",true,1,9.90,9.90,true,1,
7290000999821,true,"תפו""ע סמיט",קטיף,IL,תפוח עץ סמיט,קילוגרמים,0.00,"ק""ג",true,1,9.90,9.90,true,1,
7290000999838,true,"תפו""ע מוזהב",קטיף,IL,תפוח עץ מוזהב,קילוגרמים,0.00,"ק""ג",true,1,9.90,9.90,true,1,
7290000999852,true,"תפו""ע פינקריספי",קטיף,IL,תפוח עץ פינקריספ,קילוגרמים,0.00,"ק""ג",true,1,15.90,15.90,true,1,
7290000999937,true,בננה אוצר בית דין,קטיף,IL,בננה,קילוגרמים,0.00,"ק""ג",true,1,5.90,5.90,true,1,
7290000999951,true,לימון אוצר בית דין,קטיף,IL,לימון,קילוגרמים,0.00,"ק""ג",true,1,8.90,8.90,true,1,
7290000999999,true,אגס אוצר בית דין,קטיף,IL,אגס,קילוגרמים,0.00,"ק""ג",true,1,11.90,11.90,true,1,
7290001041017,false,חוואיג' תימני בצנצנת מיה 50 גרם,מיה תעשיות מזון מ.ת.מ. ב,IL,חוואיג' תימני,גרמים,50.00,100 גרם,false,0,5.70,11.40,true,1,
7290001041048,false,תבלין על האש בצנצנת מיה 50 גרם,מיה תעשיות מזון מ.ת.מ. ב,IL,תבלין על האש50גר,גרמים,50.00,100 גרם,false,0,5.70,11.40,true,1,
7290001041123,false,שקדים מולבנים פרוסים מיה 100 גרם,מיה תעשיות מזון מ.ת.מ. ב,IL,שקד מולבן,גרמים,100.00,100 גרם,false,0,9.90,9.90,true,1,
7290001041178,false,"אפונה ירוקה מיה 1 ק""ג",מיה תעשיות מזון מ.ת.מ. ב,IL,אפונה יבשה,קילוגרמים,1.00,"ק""ג",false,0,7.90,7.90,true,1,
7290001041260,false,שומשום מיה 400 גרם,מיה תעשיות מזון מ.ת.מ. ב,IL,שומשום,גרמים,400.00,100 גרם,false,0,8.90,2.23,true,1,
7290001041284,false,לקקן סוכריה תות על מקל 20 יח',מיה תעשיות מזון מ.ת.מ. ב,IL,לקקנים בטעם תות,גרמים,160.00,100 גרם,false,0,6.50,4.06,true,1,
7290001041291,false,לקקן סוכריה על מקל 70יח',מיה תעשיות מזון מ.ת.מ. ב,IL,לקקנים,גרמים,900.00,100 גרם,false,0,16.90,1.88,true,1,
7290001041482,false,זנגויל בצנצנת מיה 50 גרם,מיה תעשיות מזון מ.ת.מ. ב,IL,זנגוויל 50 גרם,גרמים,50.00,100 גרם,false,0,5.50,11.00,true,1,
7290001041659,false,תמרים 400 גרם מיה,מיה תעשיות מזון,IL,תמרים 400גרם,גרמים,400.00,100 גרם,false,0,9.90,2.48,true,1,
7290001041833,false,אגוזים טחונים 250 גר' מיה,מיה תעשיות מזון מ.ת.מ. ב,IL,אגוזי מלך טחונים,גרמים,250.00,100 גרם,false,0,19.90,7.96,true,1,
7290001041840,false,"שקדים טחונים 250ג' מיה בד""ץ כשל""פ",מיה תעשיות מזון מ.ת.מ. ב,IL,שקדים טחונים,גרמים,250.00,100 גרם,false,0,17.90,7.16,true,1,
7290001041888,false,פפריקה מתוקה בצנצנת מיה 300 גרם,מיה תעשיות מזון מ.ת.מ. ב,IL,פפריקה מתוקה,גרמים,300.00,100 גרם,false,0,14.90,4.97,true,1,
7290001041994,false,"סוכר דמררה בצנצנת מיה 1 ק""ג",מיה תעשיות מזון מ.ת.מ. ב,IL,"סוכר זהב 1 ק""ג",קילוגרמים,1.00,"ק""ג",false,0,9.90,9.90,true,1,
7290001045169,false,מיץ תפוחי עץ צלול פרימור 1 ליטר,"גניר (1992) בע""מ",IL,מיץ תפוחים צלול,ליטרים,1.00,ליטר,false,0,14.50,14.50,true,1,
7290001136287,false,"שמפו לשיער רגיל בבושם פרחים נקה 7 750 מ""ל","אמיליה קוסמטיקס בע""מ",IL,שמפו נקה 7,מיליליטרים,750.00,"100 מ""ל",false,0,8.90,1.19,true,1,
7290001136294,false,"שמפו לשיער יבש בבישום פרחים נקה 7 750 מ""ל","אמיליה קוסמטיקס בע""מ",IL,שמפו נקה 7,מיליליטרים,750.00,"100 מ""ל",false,0,8.90,1.19,true,1,
7290001136683,false,"מרכך לשיער רגיל בבושם פרחים נקה 7 750 מ""ל","אמיליה קוסמטיקס בע""מ",IL,קונדישינר נקה 7,מיליליטרים,750.00,"100 מ""ל",false,0,8.90,1.19,true,1,
7290001209349,false,עוף טרי שלם ארוז עטר,שונות,IL,עוף טרי עטרה,קילוגרמים,0.00,"ק""ג",true,0,23.90,23.90,true,1,
7290001209356,false,כרעיים עוף טרי ארוז עטרה,שונות,IL,כרעיים ע.טרי עטר,קילוגרמים,0.00,"ק""ג",true,0,33.90,33.90,true,1,
7290001209363,false,שניצל עוף טרי ארוז עטרה,שונות,IL,שניצל ע.טרי עטרה,קילוגרמים,0.00,"ק""ג",true,0,35.90,35.90,true,1,
7290001209370,false,ירכיים עוף טרי ארוז עטרה,שונות,IL,ירכיים ע.טרי עטר,קילוגרמים,0.00,"ק""ג",true,0,32.90,32.90,true,1,
7290001209387,false,שוקיים עוף טרי ארוז עטרה,שונות,IL,שוקיים עוף טרי ע,קילוגרמים,0.00,"ק""ג",true,0,36.90,36.90,true,1,
7290001209394,false,כנפיים עוף טרי ארוז עטרה,שונות,IL,כנפיים ע.טרי עטר,קילוגרמים,0.00,"ק""ג",true,0,15.90,15.90,true,1,
7290001209516,false,סטייק עין קפוא עטרה 800 גרם,טיבון ויל אחזקות בעמ,IL,סטייק עין,גרמים,800.00,100 גרם,false,0,49.90,6.24,true,1,
7290001209646,false,פילה עוף טרי קהילות,נטו,IL,פילה עוף טרי,קילוגרמים,0.00,"ק""ג",true,0,41.90,41.90,true,1,
7290001216040,false,טחינה גולמית שומשום טהור אל ארז 500 גרם,אגס ירוק מסחר ושירותים,IL,טחינה גולמית,גרמים,500.00,100 גרם,false,0,13.90,2.78,true,1,
7290001230930,false,מהדקי גרביים,,IL,מהדקי גרביים,יחידה,1.00,יחידה,false,1,7.90,7.90,true,1,
7290001245699,false,אקונומיקה סמיכה בניחוח לימון 4 ל' טאצ',,IL,אקונומיקה סמיכה,ליטרים,4.00,ליטר,false,1,11.90,2.98,true,1,
7290001247068,false,קרטונית נקטר ספרינג תות בננה 1 ליטר,יפאורה שותפות מובגלת לשיווק,IL,נקטר תות בננה,ליטרים,1.00,ליטר,false,0,5.90,5.90,true,1,
7290001247099,false,קרטונית נקטר ספרינג מנגו 1 ליטר,יפאורה שותפות מובגלת לשיווק,IL,נקטר ספרינג מנגו,ליטרים,1.00,ליטר,false,0,5.90,5.90,true,1,
7290001247105,false,קרטונית נקטר ספרינג אפרסק 1 ליטר,יפאורה שותפות מובגלת לשיווק,IL,נקטר אפרסק,ליטרים,1.00,ליטר,false,0,5.90,5.90,true,1,
7290001247112,false,קרטונית נקטר ספרינג לימונענע 1 ליטר,יפאורה שותפות מובגלת לשיווק,IL,משקה לימונענע,ליטרים,1.00,ליטר,false,0,5.90,5.90,true,1,
7290001247129,false,נקטר ספרינג תפוזים קרטונית 1 ל',יפאורה שותפות מובגלת לשיווק,IL,נקטר ספרינג תפוז,ליטרים,1.00,ליטר,false,0,5.90,5.90,true,1,
7290001247143,false,קרטונית נקטר ספרינג תפוחים 1 ליטר,יפאורה שותפות מובגלת לשיווק,IL,נקטר ספרינג תפוח,ליטרים,1.00,ליטר,false,0,5.90,5.90,true,1,
7290001247754,false,אר.סי קולה פחית 330מל,יפאורה שותפות מובגלת לשיווק,IL,קולה R.C פחית,מיליליטרים,330.00,"100 מ""ל",false,0,3.30,1.00,true,1,
7290001258682,false,"יוגורט עיזים באריזה 500 מ""ל",גבינות משק יעקבס,IL,יוגורט עיזים,מיליליטרים,500.00,"100 מ""ל",false,0,12.90,2.58,true,1,
7290001274392,false,כוס שוקו וניל,,IL,כוס שוקו וניל,יחידה,1.00,יחידה,false,0,1.90,1.90,true,1,
7290001274408,false,כוס תות לימון 60 גרם,,IL,כוס תות לימון,גרמים,60.00,100 גרם,false,0,1.90,3.17,true,1,
7290001274941,false,"שמיניית גלידל פרי פטל ""פלדמן""",הגלידות של פלדמן,IL,גלידל פרי פטל,גרמים,640.00,100 גרם,false,0,18.90,2.95,true,1,
7290001369616,false,צלעות בקר 2 אגודים,,UY,צלעות בקר מס 2,קילוגרמים,0.00,"ק""ג",true,1,49.90,49.90,true,1,
7290001369623,false,חזה בקר 3 אגודים,,IL,חזה בקר 3 אגודים,קילוגרמים,0.00,"ק""ג",true,0,39.90,39.90,true,1,
7290001369630,false,כתף בקר 4 אגודים,,IL,כתף בקר,קילוגרמים,0.00,"ק""ג",true,1,54.90,54.90,true,1,
7290001369654,false,פילה מדומה מספר 6 אגודים,לחוביץ,IL,פילה מדומה מספר,קילוגרמים,0.00,"ק""ג",true,1,69.90,69.90,true,1,
7290001369661,false,.מכסה הצלע 7 אגודים,,IL,מכסה הצלע 7,קילוגרמים,0.00,"ק""ג",true,1,49.90,49.90,true,1,
7290001369678,false,זרוע שריר 8 אגודים,,IL,זרוע שריר 8,קילוגרמים,0.00,"ק""ג",true,1,54.90,54.90,true,1,
7290001369715,false,צוואר בקר 10 אגודים .,,UY,צוואר בקר 10,קילוגרמים,0.00,"ק""ג",true,1,49.90,49.90,true,1,
7290001419618,false,וופל בלגי עלמה שחור לבן וניל 200ג',"גילרו בע""מ",IL,וופל בלגי שוקולד,גרמים,200.00,100 גרם,false,0,2.90,1.45,true,1,
7290001419779,false,"וופל קלאסי בטעם שוקולד ""עלמה"" 200 גרם","גילרו בע""מ",IL,ופלים ט.שוקולד,גרמים,200.00,100 גרם,false,0,2.90,1.45,true,1,
7290001419892,false,"ופל קלאסי בטעם לימון ""עלמה"" 200 גרם","גילרו בע""מ",IL,וופל 200 גרם,גרמים,200.00,100 גרם,false,1,2.90,1.45,true,1,
7290001491096,false,תה ירוק בתוספת לימונית ולואיזה 50 שקיקים ויסוצקי,תה ויסוצקי,IL,תה ירוק לימונית,גרמים,75.00,100 גרם,false,0,38.90,51.87,true,1,
7290001594155,false,"קוקה-קולה בבקבוק אישי 500 מ""ל",החברה המרכזית לייצור משקאות,IL,קוקה קולה,מיליליטרים,500.00,"100 מ""ל",false,0,6.20,1.24,true,1,
7290001594810,false,"בירה שחורה מאלטי בקב' מארז 330X6מ""ל",החברה המרכזית לייצור משקאות,IL,מאלטי בקבוק 6 יח,ליטרים,1.98,ליטר,false,0,26.90,13.59,true,1,
7290001594858,false,"שישייה בירה טובורג רד בקבוק 330 מ""ל",מבשלות בירה בינלאומיות ב,IL,טובורג רד 6 יח,ליטרים,1.98,ליטר,false,0,29.90,15.10,true,1,
7290001594865,false,"שישייה בירה קרלסברג בקבוק 330 מ""ל",מבשלות בירה בינלאומיות ב,IL,בירה קרלסברג 6יח,ליטרים,1.98,ליטר,false,0,29.90,15.10,true,1,
7290001714621,false,אסאדו טרי ארוז שקיל,,IL,אסאדו טרי ארוז,קילוגרמים,0.00,"ק""ג",true,1,64.90,64.90,true,1,
7290001714638,false,שריר טרי ארוז חלק שקיל,תנובה,IL,שריר טרי ארוז,קילוגרמים,0.00,"ק""ג",true,1,79.90,79.90,true,1,
7290001714652,false,צלי כתף טרי ארוז חלק שקי,תנובה,IL,צלי כתף ארוז,קילוגרמים,0.00,"ק""ג",true,1,89.90,89.90,true,1,
7290001714669,false,פילה מדומה טרי ארוז חלק,תנובה,IL,פילה מדומה טרי,קילוגרמים,0.00,"ק""ג",true,1,84.90,84.90,true,1,
7290001714676,false,קוביות גולש טרי ארוז חלק,תנובה,IL,קוביות גולש טרי,קילוגרמים,0.00,"ק""ג",true,1,69.90,69.90,true,1,
7290001714683,false,בשר עם עצם לחמין טרי שקי,תנובה,IL,בשר עם עצם,קילוגרמים,0.00,"ק""ג",true,1,49.90,49.90,true,1,
7290001714690,false,מארז כתף חלק שקיל,תנובה,IL,מארז כתף חלק,קילוגרמים,0.00,"ק""ג",true,1,79.90,79.90,true,1,
7290001780428,false,מאגדת גלידת לייט שוקולד נסטלה 6יח' 312ג',גלידות נסטלה )נגה גלידות,IL,מארז גלידיאט,גרמים,360.00,100 גרם,false,0,22.90,6.36,true,1,
7290001791356,false,"פרש מבשם אויר אוטומטי בניחוח לבנדר סנו 250 מ""ל",סנו מפעלי ברונוס בעמ,IL,סנופרש אוטומטי,מיליליטרים,250.00,"100 מ""ל",false,0,11.90,4.76,true,1,
7290001791363,false,"מטהר אויר בניחוח וניל קוקוס מילוי סנו 250 מ""ל",סנו מפעלי ברונוס בעמ,IL,סנופרש אוטומטי,מיליליטרים,250.00,"100 מ""ל",false,0,11.90,4.76,true,1,
7290001813454,false,"עוגיות חיוכים שוקולד עלית 900 גרם מארז 6 יחידות בד""צ",אפיפית נצרת תעשיות ב,IL,חיוכים שוקו,גרמים,900.00,100 גרם,false,0,18.90,2.10,true,1,
7290001813478,false,"עוגיות חיוכים וניל עלית 900 גרם מארז 6 יחידות בד""צ",אפיפית נצרת תעשיות ב,IL,חיוכים בטעם וניל,גרמים,900.00,100 גרם,false,0,18.90,2.10,true,1,
7290001817728,false,צ'יטוס אפוי כאפה בטעם קטשופ 55 גרם,"שטראוס פריטו ליי בע""\מ )",IL,צ'יטוס כפאה,גרמים,55.00,100 גרם,false,0,2.90,5.27,true,1,
7290001820254,false,אבקת מרק טעם עוף מתבל צנצנת 400 גר',מתבל תעשיות מזון,IL,מרק בטעם עוף,גרמים,350.00,100 גרם,false,0,10.90,3.11,true,1,
7290001820261,false,אבקת מרק פטריות צנצנת400,מתבל תעשיות מזון,IL,מרק פטריות,גרמים,400.00,100 גרם,false,0,14.90,3.73,true,1,
7290001820278,false,אבקת מרק בצל טבעי 400 ג',מתבל תעשיות מזון,IL,אבקת מרק בצל,גרמים,400.00,100 גרם,false,0,14.90,3.73,true,1,
7290001820285,false,אבקת מרק ירקות טבעי 400ג,מתבל תעשיות מזון,IL,אבקת מרק ירקות,גרמים,400.00,100 גרם,false,0,14.90,3.73,true,1,
7290001820605,false,רוטב פיטריות בקופסא 300,מתבל,IL,רוטב פיטריות300ג,גרמים,300.00,100 גרם,false,1,13.90,4.63,true,1,
7290001842775,false,מארז צוואר טלה חלק שקיל,בקר תנובה,IL,מארז צוואר טלה,קילוגרמים,0.00,"ק""ג",true,1,64.90,64.90,true,1,
7290001902301,false,חלה מתוקה קלועה 450 גרם,"גידרון תעשיות בע""מ",IL,חלה מתוקה קלוע,יחידה,1.00,יחידה,false,0,9.90,9.90,true,1,
7290001989746,false,מקרל מעושן שלם משקל,סלטי שמיר,IL,מקרל מעושן,קילוגרמים,0.00,"ק""ג",true,1,99.00,99.00,true,1,
7290001990148,false,"סוכר גולדן קלאסי בצנצנת סוגת 1 ק""ג",האי נאם סי או אל.טי.,IL,סוכר גולדן,קילוגרמים,1.00,"ק""ג",false,0,8.90,8.90,true,1,
7290002003168,false,"שלישיית קרם ידיים קלאסי פנג'ל 80 מ""ל",אינטרקוסמא 1985 במ,IL,קרם יד.פנג'ל 3יח,מיליליטרים,240.00,"100 מ""ל",false,0,13.90,5.79,true,1,
7290002014201,false,חומוס מעדני מיקי 200 גרם,"סלטי שמיר 2006 בע""\מ",IL,חומוס 200 גרם,גרמים,200.00,100 גרם,false,0,7.90,3.95,true,1,
7290002014218,false,טחינה מעדני מיקי 200 גרם,"סלטי שמיר 2006 בע""\מ",IL,טחינה 200 גרם,גרמים,200.00,100 גרם,false,0,7.90,3.95,true,1,
7290002014225,false,חציל במיונז מעדני מיקי 200 גרם,"סלטי שמיר 2006 בע""\מ",IL,סלט חצילים במי,גרמים,200.00,100 גרם,false,0,7.90,3.95,true,1,
7290002014232,false,סלט טורקי 200 גרם מעדני מיקי,מעדני מיקי,IL,סלט טורקי 200,גרמים,200.00,100 גרם,false,0,7.90,3.95,true,1,
7290002014751,false,כרוב אדום מעדני מיקי 200 גרם,"סלטי שמיר 2006 בע""\מ",IL,סלט כרוב אדום,גרמים,200.00,100 גרם,false,0,7.90,3.95,true,1,
7290002014799,false,מטבוחה מעדני מיקי 200 גרם,"סלטי שמיר 2006 בע""\מ",IL,סלט מטבוחה 200,גרמים,200.00,100 גרם,false,0,7.90,3.95,true,1,
7290002015093,false,מלפפון בחומץ 13-17 בני דרום 560 גרם,בני דרום,IL,מלפפונים בחומץ,גרמים,560.00,100 גרם,false,0,8.90,1.59,true,1,
7290002015116,false,מלפפון בחומץ 7-9 בני דרום 560 גרם,בני דרום,IL,מלפפונים בחומץ,גרמים,560.00,100 גרם,false,0,5.90,1.05,true,1,
7290002015147,false,מלפפון בחומץ 18-25בני דרום 560 גרם,בני דרום,IL,מלפפונים בחומץ,גרמים,560.00,100 גרם,false,0,9.90,1.77,true,1,
7290002015154,false,מלפפון במלח 7-9 בני דרום 560 גרם,בני דרום,IL,מלפפונים במלח,גרמים,560.00,100 גרם,false,0,5.90,1.05,true,1,
7290002015192,false,מלפפון במלח 18-25 בני דרום 560 גרם,בני דרום,IL,מלפפון במלח,גרמים,560.00,100 גרם,false,0,9.90,1.77,true,1,
7290002015208,false,מלפפון במלח 13-17 בני דרום 560 גרם,בני דרום,IL,מלפפון במלח,גרמים,560.00,100 גרם,false,0,8.90,1.59,true,1,
7290002015666,false,פלפל חריף שיפקה בני דרום 540 גרם,בני דרום,IL,פלפל חריף שיפקה,גרמים,540.00,100 גרם,false,0,5.50,1.02,true,1,
7290002019787,false,רוטב עגבניות מרוכז מאוד 260 גרם פריניר,פריניר ( הדס 1987) ב,IL,רוטב עגבניות,גרמים,260.00,100 גרם,false,0,2.90,1.12,true,1,
7290002019794,false,רוטב עגבניות מרוכז מאוד 100 גרם פריניר,פריניר ( הדס 1987) ב,IL,רוטב עגבניות,גרמים,100.00,100 גרם,false,0,1.50,1.50,true,1,
7290002020189,false,סופגניה מיני רגילה+ריבה,"גידרון תעשיות בע""מ",IL,סופגניה מיני,גרמים,35.00,100 גרם,false,0,1.90,5.43,true,1,
7290002020981,false,מיני סופגניה ללא ריבה יח,"גידרון תעשיות בע""מ",IL,סופגניה מיני,יחידה,1.00,יחידה,false,0,1.90,1.90,true,1,
7290002026341,false,צ'יפס אריסטו רגיל שקיות רשת,מוצרי איכות אמריקאיים,CA,ציפס בטטה,גרמים,500.00,100 גרם,false,12,16.90,3.38,true,1,
7290002026358,false,צ'יפס אריסטו זיג זג שקיות רשת,מוצרי איכות אמריקאיים,CA,ציפס בטטה זיג זג,גרמים,500.00,100 גרם,false,1,16.90,3.38,true,1,
7290002026365,false,טבעות בצל אריסטו קראנץ' 500 גרם,מוצרי איכות אמריקאיים,BE,טבעות בצל,גרמים,500.00,100 גרם,false,20,9.90,1.98,true,1,
7290002037309,false,שמיניית לחמניות המבורגר,מאפית י את א ברמן בע,IL,8לחמניות המבורגר,גרמים,400.00,100 גרם,false,0,11.90,2.98,true,1,
7290002040019,false,קוסקוס רגיל הנמל 350 גרם,"קוסקוס מזון בע""מ",IL,קוסקוס רגיל,גרמים,350.00,100 גרם,false,0,3.90,1.11,true,1,
7290002040064,false,קוסקוס דק הנמל 350 גרם,טרופיקל דגיל תעשיות,IL,קוסקוס דק,גרמים,350.00,100 גרם,false,0,3.90,1.11,true,1,
7290002040071,false,קוסקוס עבה שקית 350 גרם הנמל,"קוסקוס מזון בע""מ",IL,קוסקוס עבה,גרמים,350.00,100 גרם,false,0,3.90,1.11,true,1,
7290002040088,false,קוסקוס מלא הנמל 350 גרם,"קוסקוס מזון בע""מ",IL,קוסקוס מלא,גרמים,350.00,100 גרם,false,0,5.50,1.57,true,1,
7290002057260,false,זיתים מנזנילו גדול 15/17 600 גר' יבנה,קבוצת יבנה,IL,זית מנזנילו גדול,גרמים,540.00,100 גרם,false,1,6.90,1.28,true,1,
7290002057291,false,פלפל חריף שיפקה A2יבנה 540 גרם,קבוצת יבנה,IL,פלפל חריף שיפקה,גרמים,540.00,100 גרם,false,1,4.90,0.91,true,1,
7290002077268,false,מיני קציצות דג לבישול 500 גרם קהילות,האי נאם סי או אל.טי.,IL,קציצות דג,גרמים,500.00,100 גרם,false,0,18.90,3.78,true,1,
7290002079033,false,לחם דגנים לייט פרוס 500 גרם,מאפיית דוידוביץ ובניו בע,IL,לחם דגנים לייט,גרמים,500.00,100 גרם,false,0,9.90,1.98,true,1,
7290002079477,false,לחם אחיד פרוס דוידוב,מאפיית דוידוביץ ובניו בע,IL,לחם אחיד פרוס,גרמים,750.00,100 גרם,false,0,5.70,0.76,true,1,
7290002079927,false,לחם דגנים מלא דוידוב,מאפיית דוידוביץ ובני,IL,לחם דגנים מלא,גרמים,750.00,100 גרם,false,0,9.90,1.32,true,1,
7290002109402,false,טעם טוב גבינה מותכת ט.זיתים 7% 120גר,,IL,גבינה מותכת 120ג,גרמים,120.00,100 גרם,false,0,11.90,9.92,true,1,
7290002109433,false,טעם טוב גבינה מותכת שוויצרי 7% 120גר,,IL,גבינה מותכת 120ג,גרמים,120.00,100 גרם,false,0,11.90,9.92,true,1,
7290002129431,false,שניצלוני דג מצופה דלידג 600ג',דלידג בעמ,IL,שניצלוני דג,גרמים,600.00,100 גרם,false,1,19.90,3.32,true,1,
7290002129462,false,פיצה איטלקית דקה שלושת האופים מארז זוג 640 ג',סוילה אס.אר.אל,IT,זוג פיצה משפחתית,גרמים,640.00,100 גרם,false,1,15.90,2.48,true,1,
7290002130581,false,"דבש טהור מפרחי בר בזכוכית 1 ק""ג",מכוורת יד מרדכי שטראוס ב,IL,דבש טהור,קילוגרמים,1.00,"ק""ג",false,0,39.90,39.90,true,1,
7290002132011,false,עוגיות מזרחיות מלוחות עבאדי 400 גרם,מאפיית יוסף ושמחה עבאדי,IL,עוגיות מזרחיות,גרמים,400.00,100 גרם,false,0,14.90,3.73,true,1,
7290002139645,false,מארז שניצל עגל חלק א.אדו,תנובה,IL,מארז שניצל עגל א,קילוגרמים,0.00,"ק""ג",true,0,89.90,89.90,true,1,
7290002139904,false,סטייק עם עצם טרי ארוז שק,תנובה,IL,סטייק עם עצם,קילוגרמים,0.00,"ק""ג",true,1,119.90,119.90,true,1,
7290002153153,false,"מצות חמץ 1 ק""ג",מצות ראשון לציון,IL,"מצות חמץ 1 ק""ג",קילוגרמים,1.00,"ק""ג",false,0,16.90,16.90,true,1,
7290002190141,false,ריבת חלב קונדיטור 450גרם,Barhan gida sanayi v,IL,ריבת חלב קונדיטו,גרמים,450.00,100 גרם,false,0,12.90,2.87,true,1,
7290002190516,false,"ריבת חלב גלעם-קומידה 500ג' 12X-כשל""פ",אשבל מזון פונקציונלי בע\,IL,ממרח ריבת חלב,גרמים,500.00,100 גרם,false,0,12.90,2.58,true,1,
7290002206682,false,שניצל פרמיום טרי ארוז קהילות,נטו,IL,שניצל פרימיום,קילוגרמים,0.00,"ק""ג",true,1,49.90,49.90,true,1,
7290002210115,false,חלבה עם שקד ואגוז 500 גר,עדן,IL,חלבה שקד ואגוז,גרמים,500.00,100 גרם,false,1,10.90,2.18,true,1,
7290002259664,false,רדיד אלומיניום דיימונד גדול 60X0.60מ',ריינולדס מוצרי צריכה,CN,רדיד אלומיניום,מטרים,60.00,מטר,false,0,39.90,0.67,true,1,
7290002279211,false,חלה מתוקה ארוזה אלומ,,IL,חלה מתוקה 500,גרמים,500.00,100 גרם,false,0,6.90,1.38,true,1,
7290002285816,false,שניצל פרימ' טרי אר' עטרה,נטו,IL,שניצל פרימיום טר,קילוגרמים,0.00,"ק""ג",true,1,42.90,42.90,true,1,
7290002317234,false,זיתים מושחרים 15-17 560,שימורי מוטולה בעמ,IL,זיתים מושחרים,גרמים,560.00,100 גרם,false,1,8.90,1.59,true,1,
7290002317661,false,זיתים ירוק מנזנילו 560ג,שימורי מוטולה בעמ,IL,זיתים ירוקים,גרמים,560.00,100 גרם,false,1,8.90,1.59,true,1,
7290002317678,false,חרוזית צנצנת זיתים 560 ג' מוטולה,שימורי מוטולה בעמ,IL,זיתים נטול גלעין,גרמים,560.00,100 גרם,false,1,8.90,1.59,true,1,
7290002317746,false,זיתים שחורים גדול גרם560,שימורי מוטולה בעמ,IL,זיתים שחורים,גרמים,560.00,100 גרם,false,1,8.90,1.59,true,1,
7290002319047,false,אגוזי המלך 100 גר' מיה,מיה תעשיות מזון מ.ת.מ. ב,IL,אגוזי המלך 100גר,גרמים,100.00,100 גרם,false,0,9.90,9.90,true,1,
7290002319115,false,חומוס גדול יבש מיה 500 גר',מיה תעשיות מזון מ.ת.מ. ב,IL,גרעיני חומוס,גרמים,500.00,100 גרם,false,0,6.90,1.38,true,1,
7290002319139,false,שעועית לבנה יבשה מיה 500 ג',מיה תעשיות מזון מ.ת.מ. ב,IL,שעועית לבנה,גרמים,500.00,100 גרם,false,0,7.90,1.58,true,1,
7290002319146,false,שעועית אדומה מיה 500 גרם,מיה תעשיות מזון מ.ת.מ. ב,IL,שעועית אדומה,גרמים,500.00,100 גרם,false,0,8.90,1.78,true,1,
7290002319160,false,אפונה ירוקה יבשה מיה 500 ג',מיה תעשיות מזון מ.ת.מ. ב,IL,אפונה ירוקה,גרמים,500.00,100 גרם,false,0,4.90,0.98,true,1,
7290002319177,false,פופקורן גרעינים מיה 500 גר',מיה תעשיות מזון מ.ת.מ. ב,IL,גרעיני פופקורן,גרמים,500.00,100 גרם,false,0,4.90,0.98,true,1,
7290002319184,false,עדשים אדומים יבשים מיה 500 גר',מיה תעשיות מזון מ.ת.מ. ב,IL,עדשים אדומים,גרמים,500.00,100 גרם,false,0,6.90,1.38,true,1,
7290002319191,false,עדשים ירוקים יבשים מיה 500 גר',מיה תעשיות מזון מ.ת.מ. ב,IL,עדשים ירוקים,גרמים,500.00,100 גרם,false,0,5.90,1.18,true,1,
7290002319214,false,קוואקר שיבולת שועל מיה 200ג',מיה תעשיות מזון מ.ת.מ. ב,IL,קווקר,גרמים,200.00,100 גרם,false,0,2.60,1.30,true,1,
7290002319221,false,מיה חיטה 500 גרם,מיה תעשיות מזון מ.ת.מ. ב,IL,חיטה,גרמים,500.00,100 גרם,false,0,4.90,0.98,true,1,
7290002319306,false,שקדים קלויים 200גרם,מיה,IL,שקדים קלויים,גרמים,200.00,100 גרם,false,0,19.90,9.95,true,1,
7290002319337,false,תמרים שקית 200גרם,מיה תעשיות מזון מ.ת.מ. ב,IL,תמרים שקית,גרמים,200.00,100 גרם,false,0,5.90,2.95,true,1,
7290002319344,false,שקדים טבעיים מיה 100 גרם,מיה תעשיות מזון מ.ת.מ. ב,IL,שקדים טבעי 100ג,גרמים,100.00,100 גרם,false,0,11.90,11.90,true,1,
7290002319405,false,תבלין קינמון בקופסא 80 גר' מיה,מיה תעשיות מזון מ.ת.מ. ב,IL,קינמון,גרמים,80.00,100 גרם,false,0,5.70,7.13,true,1,
7290002319436,false,פלפל שחור טחון בצנצנת מיה 70 גרם,מיה תעשיות מזון מ.ת.מ. ב,IL,פלפל שחור,גרמים,70.00,100 גרם,false,0,8.90,12.71,true,1,
7290002319443,false,כמון בצנצנת מיה 80 גרם,מיה תעשיות מזון מ.ת.מ. ב,IL,כמון,גרמים,80.00,100 גרם,false,0,5.70,7.13,true,1,
7290002319467,false,אורגנו בצנצנת מיה 35 גרם,מיה תעשיות מזון מ.ת.מ. ב,IL,אורגנו,גרמים,35.00,100 גרם,false,0,5.70,16.29,true,1,
7290002319474,false,תבלין אבקת שום מיכל 80 ג' מיה,מיה תעשיות מזון מ.ת.מ. ב,IL,אבקת שום,גרמים,80.00,100 גרם,false,0,7.90,9.88,true,1,
7290002319597,false,תבלין כוסברה ירוקה בשקית 80 גר' מיה,מיה תעשיות מזון מ.ת.מ. ב,IL,כוסברה 80 גרם,גרמים,80.00,100 גרם,false,0,5.70,7.13,true,1,
7290002319610,false,שקדים טחונים מיה 100 גרם,מיה תעשיות מזון מ.ת.מ. ב,IL,שקדים טחונים,גרמים,100.00,100 גרם,false,0,9.90,9.90,true,1,
7290002319641,false,תבלין גריל עוף צנצנת 80 גר' מיה,מיה תעשיות מזון מ.ת.מ. ב,IL,גריל עוף,גרמים,80.00,100 גרם,false,0,5.70,7.13,true,1,
7290002319658,false,תבלין לסטייק בצנצנת מיה 80 גרם,מיה תעשיות מזון מ.ת.מ. ב,IL,תבלין לסטייק,גרמים,80.00,100 גרם,false,0,5.70,7.13,true,1,
7290002319689,false,סודה לשתייה בקופסא 150 גר' מיה,מיה תעשיות מזון מ.ת.מ. ב,IL,סודה לשתיה,גרמים,150.00,100 גרם,false,0,5.80,3.87,true,1,
7290002319740,false,אגוזי מלך טחונים מיה 100 גרם,מיה תעשיות מזון מ.ת.מ. ב,IL,אגוז מלך טחון,גרמים,100.00,100 גרם,false,0,9.90,9.90,true,1,
7290002319771,false,"תמצית אפיה בטעם וניל מיה 50 מ""ל",מיה תעשיות מזון מ.ת.מ. ב,IL,תמצית אפיה וניל,מיליליטרים,55.00,"100 מ""ל",false,0,2.90,5.27,true,1,
7290002319788,false,"תמצית אפיה רום מיה 50 מ""ל",מיה תעשיות מזון מ.ת.מ. ב,IL,תמצית אפיה רום,מיליליטרים,50.00,"100 מ""ל",false,0,2.90,5.80,true,1,
7290002319825,false,אבקת סוכר מיה 100 גרם,מיה תעשיות מזון מ.ת.מ. ב,IL,אבקת סוכר,גרמים,100.00,100 גרם,false,0,1.70,1.70,true,1,
7290002319849,false,שזיף יבש שקית 200 גר' מיה,מיה תעשיות מזון מ.ת.מ. ב,IL,שזיפים יבשים,גרמים,200.00,100 גרם,false,0,7.90,3.95,true,1,
7290002327028,false,ג'חנון תימני 3 האופים 650 גר',TLV צ'יף,IL,ג'חנון 650 גרם,גרמים,650.00,100 גרם,false,0,14.90,2.29,true,1,
7290002327059,false,"בצק עלים 1 ק""ג שלושת האופים קהילות",שלושת האופים,IL,בצק עלים מרודד,קילוגרמים,1.00,"ק""ג",false,0,16.90,16.90,true,1,
7290002331360,false,"נביעות מים מינרליים טו גו מארז 500X6מ""ל",נביעות טבע,IL,נביעות ספורט 6יח,ליטרים,3.00,ליטר,false,0,14.80,4.93,true,1,
7290002374640,false,שמן בריאות קנולה פלוס אומגה 3 עץ הזית 1 ליטר,שמן תעשיות,EE,שמן קנולה פלוס,ליטרים,1.00,ליטר,false,0,14.90,14.90,true,1,
7290002381808,false,נר נשמה שלהבת 24 שעות,,IL,נר נשמה שלהבת,יחידה,1.00,יחידה,false,1,1.50,1.50,true,1,
7290002386834,false,קהילות נקניקיות עוף קפואות 400גר,מעדני הטלה והעגל,IL,נקניקיות עוף,גרמים,400.00,100 גרם,false,0,11.90,2.98,true,1,
7290002404583,false,"יין בראשית קברנה ארזה 750 מ""ל",יקבי ארזה,IL,יין קברנה בראשית,מיליליטרים,750.00,"100 מ""ל",false,1,32.90,4.39,true,1,
7290002404590,false,"יין מרלו הראשית 750 מ""ל היוצר",יקבי ארזה,IL,יין מרלו בראשית,מיליליטרים,750.00,"100 מ""ל",false,1,32.90,4.39,true,1,
7290002404613,false,"יין וירטואוז קברנה 750 מ""ל היוצר",יקבי ארזה,IL,קברנה וירטאוזו,מיליליטרים,750.00,"100 מ""ל",false,1,42.90,5.72,true,1,
7290002404620,false,"יין היוצר וירטואוזו מרלו 750 מ""ל",יקבי ארזה,IL,מרלו וירטאוזו750,מיליליטרים,750.00,"100 מ""ל",false,1,42.90,5.72,true,1,
7290002404637,false,"יין וירטואוז שירז 750 מ""ל היוצר",יקבי ארזה,IL,שיראז וירטאוזו 7,מיליליטרים,750.00,"100 מ""ל",false,1,42.90,5.72,true,1,
7290002404958,false,יין גינוסר ליטר -מתוק לקידוש 1 ליטר,יקבי ארזה,IL,יין גינוסר,ליטרים,1.00,ליטר,false,0,14.90,14.90,true,1,
7290002475033,false,פרוסות קרפיון 390 גרם,דג טעים,IL,פרוסות קרפיון,גרמים,390.00,100 גרם,false,0,14.90,3.82,true,1,
7290002505013,false,כרעיים עוף קהילות מחיר ל,קהילות,IL,כרעיים עוף,קילוגרמים,0.00,"ק""ג",true,0,35.90,35.90,true,1,
7290002505020,false,שוקיים עוף קהילות מחיר ל,קהילות,IL,שוקיים עוף,קילוגרמים,0.00,"ק""ג",true,0,38.90,38.90,true,1,
7290002505037,false,ירכיים עוף קהילות מחיר ל,,IL,ירכיים עוף,קילוגרמים,0.00,"ק""ג",true,0,34.90,34.90,true,1,
7290002505051,false,כנפיים עוף קהילות קפוא מ,קהילות,IL,כנפיים עוף,קילוגרמים,0.00,"ק""ג",true,0,16.90,16.90,true,1,
7290002505105,false,עוף טרי ארוז קהילות משקל,נטו,IL,עוף טרי קהילות,קילוגרמים,0.00,"ק""ג",true,0,24.90,24.90,true,1,
7290002505112,false,שוקיים עוף ארוז קהילות,שונות,IL,שוקיים ע.טרי קהי,קילוגרמים,0.00,"ק""ג",true,0,39.90,39.90,true,1,
7290002505129,false,ירכיים עוף ארוז קהילות,שונות,IL,ירכיים ע.טרי,קילוגרמים,0.00,"ק""ג",true,0,34.90,34.90,true,1,
7290002505136,false,כנפיים עוף ארוז קהילות,שונות,IL,כנפיים ע.ט קהילו,קילוגרמים,0.00,"ק""ג",true,0,18.90,18.90,true,1,
7290002505143,false,שניצל עוף פרוס טרי ארוז קהילות,שונות,IL,שניצל ע.טרי קהיל,קילוגרמים,0.00,"ק""ג",true,0,43.90,43.90,true,1,
7290002505204,false,פרגיות עוף טרי ארוז קהילות,שונות,IL,פרגיות ע.טרי קהי,קילוגרמים,0.00,"ק""ג",true,0,74.90,74.90,true,1,
7290002505303,false,עוף מס3' קפוא קהילות מחי,קהילות,IL,עוף קפוא,קילוגרמים,0.00,"ק""ג",true,0,23.90,23.90,true,1,
7290002505433,false,כבד עוף צלוי קהילות טרי,שונות,IL,כבד עוף צלוי טרי,גרמים,200.00,100 גרם,false,0,29.90,14.95,true,1,
7290002505464,false,כרעיים עוף טרי ארוז קהילות,שונות,IL,כרעיים ע.טרי קהי,קילוגרמים,0.00,"ק""ג",true,0,35.90,35.90,true,1,
7290002505471,false,חזה עוף ארוז קהילות מחיר,שונות,IL,חזה עוף טרי קהיל,קילוגרמים,0.00,"ק""ג",true,0,41.90,41.90,true,1,
7290002505938,false,חזה הודו ארוז קהילות טרי,שונות,IL,חזה הודו טרי,קילוגרמים,0.00,"ק""ג",true,0,39.90,39.90,true,1,
7290002507451,false,קציצות דג סלמון דלידג 750 גר',דלידג בעמ,IL,קציצות דג סלמון,גרמים,750.00,100 גרם,false,1,29.90,3.99,true,1,
7290002538158,false,גלידה חמה גביע וופל במילוי קרם 15 יחידות,גלידות קולרדו,IL,ימבו גלידה חמה,גרמים,225.00,100 גרם,false,1,15.90,7.07,true,1,
7290002538899,false,קרמבו קרמבולי 12 יחידות,גלידות קולרדו,IL,קרמבולי 12 יח,גרמים,300.00,100 גרם,false,0,7.90,2.63,true,1,
7290002543237,false,דגני בוקר קלוגס קורנפלקס 750 גרם,קלוגס קומפני אוף גרייט ב,GB,קורנפלקס קלוגס,גרמים,750.00,100 גרם,false,0,14.90,1.99,true,1,
7290002551003,false,סטארקיסט טונה בשמן בודד 160ג',סטאר קיסט,IL,טונה סטארקיסט,גרמים,160.00,100 גרם,false,0,6.90,4.31,true,1,
7290002552260,false,"קרחון טעם משמש לל""ס ריאו מארז 90X8ג'","ביח""\ר לגלידה וממתקים בע",IL,קרחונים ללא סוכר,גרמים,720.00,100 גרם,false,0,14.90,2.07,true,1,
7290002552406,false,טילון שוקו קרמל ריאו 60ג',ריאו,IL,טילון שוקו 75 גר,יחידה,1.00,יחידה,false,0,3.90,3.90,true,1,
7290002552468,false,שלגון גלי גל חלבי בודד ריאו,ריאו,IL,שלגון גליגל,גרמים,75.00,100 גרם,false,1,2.90,3.87,true,1,
7290002552499,false,מאגדת שלגוני שרבט פרווה תות מנגו 8 יח' ריאו,"גלידות ריאו ביח""ר לג",IL,שלגוני פרי מנגו,גרמים,720.00,100 גרם,false,0,14.90,2.07,true,1,
7290002577492,false,"פילה דג הרינג מלוח בשמן, 340 גרם",מיוצר על ידי קוד יצר,IL,פילה הרינג,גרמים,240.00,100 גרם,false,1,21.90,9.13,true,1,
7290002581352,false,קרקר עם חיטה מלאה ללא סוכר 250 גר',אפיפית נצרת,IL,קרקר דגן הדר,גרמים,250.00,100 גרם,false,0,6.90,2.76,true,1,
7290002651123,false,מלאווח חמסי ארוז 1 ק,מאפיית אריאל,IL,מלווח חמסי,גרמים,1000.00,100 גרם,false,0,14.90,1.49,true,1,
7290002651253,false,גחנון אפוי חמסי 600 גרם,מעדני הטלה,IL,גחנון אפוי חמסי,גרמים,600.00,100 גרם,false,1,14.90,2.48,true,1,
7290002674238,false,"אקווה פרש - משחת שיניים מנטה מרענן 125 מ""ל",גלקסוסמיתקליין,SK,משחת אקווה פרש,מיליליטרים,125.00,"100 מ""ל",false,0,7.90,6.32,true,1,
7290002692393,false,שמן קנולה מזוכך מועשר עץ הזית 1 ליטר,שמן תעשיות בעמ,EE,שמן קנולה מועשר,ליטרים,1.00,ליטר,false,0,9.90,9.90,true,1,
7290002715504,false,ארוחת נודלס בטעם עוף מג'יק 70 גרם,טאט הוי פוד בעמ,SG,מג'יק נודלס,גרמים,70.00,100 גרם,false,0,3.80,5.43,true,1,
7290002715511,false,ארוחת נודלס בטעם בשר מג'יק 70 גרם,טאט הוי פוד בעמ,SG,מג'יק אטריות,גרמים,70.00,100 גרם,false,0,3.80,5.43,true,1,
7290002715580,false,ארוחת נודלס בטעם סיני חריף מג'יק 70 גרם,טאט הוי פוד בעמ,SG,מג'יק נודלס,גרמים,70.00,100 גרם,false,0,3.80,5.43,true,1,
7290002716273,false,סוכר וניל,,IL,סוכר וניל,גרמים,100.00,100 גרם,false,0,2.30,2.30,true,1,
7290002716280,false,שבבי תפוא דרומה 500,דרומה י.א.ט בעמ,IL,"שביבי תפו""א",גרמים,500.00,100 גרם,false,0,9.90,1.98,true,1,
7290002716372,false,אבקת פלאפל,,IL,אבקת פלאפל,גרמים,250.00,100 גרם,false,0,6.90,2.76,true,1,
7290002716426,false,קוקוס,,IL,קוקוס,גרמים,400.00,100 גרם,false,0,9.90,2.48,true,1,
7290002716464,false,אב' סוכר לפסח דרומה,,IL,אב' סוכר לפסח,גרמים,100.00,100 גרם,false,0,2.80,2.80,true,1,
7290002716600,false,דבש דרומה 500 גרם,נחלת ראובן,IL,דבש דבורים טהור,גרמים,500.00,100 גרם,false,0,19.90,3.98,true,1,
7290002716853,false,קורנפלור 500 גרם דרו,דרומה י.א.ט בעמ,IL,קורנפלור,גרמים,500.00,100 גרם,false,0,3.90,0.78,true,1,
7290002716877,false,קקאו דרומה 500 גרם,ADM COCOA BV,IL,קקאו,גרמים,500.00,100 גרם,false,0,14.90,2.98,true,1,
7290002716945,false,"שוקונית משקה קקאו 1 ק""ג",דרומה י.א.ט בעמ,IL,שוקונית,קילוגרמים,1.00,"ק""ג",false,0,12.90,12.90,true,1,
7290002730811,false,"משחת שיניים ג'ל פסים מרעננים קולגייט 100 מ""ל",הנסיך- מפעל לייצור ט,PL,משחת קולגייט ג'ל,מיליליטרים,100.00,"100 מ""ל",false,0,11.90,11.90,true,1,
7290002730958,false,סבון מוצק בניחוח זיתים ואלוורה פלמוליב 4*100 גרם,הנסיך- מפעל לייצור ט,TR,סבון פלמוליב 4יח,גרמים,360.00,100 גרם,false,0,14.90,4.14,true,1,
7290002739159,false,רולדה בקר קהילות מחיר לפ,,,רולדה בקר,קילוגרמים,0.00,"ק""ג",true,0,59.90,59.90,true,1,
7290002739890,false,עצמות עוף למרק טרי ארוז קהילות,קהילות,IL,עצמות עוף טרי,קילוגרמים,0.00,"ק""ג",true,1,9.90,9.90,true,1,
7290002752332,false,"סוכריות מנטוס פירות בגליל, 37.5 גרם",הדקלאים אגודת שיתופי,NL,סוכריות מנטוס,גרמים,37.00,100 גרם,false,0,2.90,7.84,true,1,
7290002753223,false,רביעייה סוכריות תפוז 4*16 ג' טיק טק,פררו - אלבה,ZA,סוכריות טיק טק,גרמים,64.00,100 גרם,false,0,9.90,15.47,true,1,
7290002757139,false,מלוואח 700 גר' שלושת האופים קהילות,שלושת האופים,IL,מלווח 700 גרם,גרמים,700.00,100 גרם,false,0,12.90,1.84,true,1,
7290002768036,false,"מי פה תיאדנט ענק מונע עששת 150מ""ל",אמיליה קוסמטיקס,IL,מי פה תיאדנט,מיליליטרים,150.00,"100 מ""ל",false,0,13.90,9.27,true,1,
7290002768043,false,"תיאדנט מי-פה ענק פלאוריד 150 מ""ל",אמיליה קוסמטיקס בע'\'\מ,IL,מי פה תיאדנט,מיליליטרים,150.00,"100 מ""ל",false,0,13.90,9.27,true,1,
7290002814054,false,סנט מוריץ מתז אנטרטיק מתז 1 ליטר,קומפלקס כימיקלים בעמ,IL,אנטרטיק מרסס,ליטרים,1.00,ליטר,false,1,8.90,8.90,true,1,
7290002814078,false,סנט מוריץ נוזל לניקוי אמבט אנטרטיק 1ל',"קומפלקס כימיקלים בע""",IL,אנטרטיק לאמבט,ליטרים,1.00,ליטר,false,0,6.90,6.90,true,1,
7290002814160,false,מסיר שומנים סנט מוריץ 1ל,קומפלקס כימיקלים בעמ,IL,מסיר שומנים,ליטרים,1.00,ליטר,false,1,16.90,16.90,true,1,
7290002814290,false,קצף מרוכז blanco בניחוח לימון משמיד 99.9% חיידקים סנט מוריץ 1 ליטר,קומפלקס כימיקלים בעמ,IL,קצף אקונומיקה,ליטרים,1.00,ליטר,false,1,11.90,11.90,true,1,
7290002814528,false,נוזל לניקוי האסלה סנט מוריץ 1 ליטר,קומפלקס כימיקלים בעמ,IL,נוזל לאסלה מס' 1,ליטרים,1.00,ליטר,false,0,5.90,5.90,true,1,
7290002814610,false,סנט מוריץ מסיר שומנים מבושם שחור 1 ליטר,קומפלקס כימיקלים בעמ,IL,מסיר שומנים,ליטרים,1.00,ליטר,false,0,11.90,11.90,true,1,
7290002814870,false,"סנט מוריץ - מרסס מסיר שומנים קר מבושם לוונדר\פרחים 750 מ""ל",קומפלקס כימיקלים בעמ,IL,מסיר שומנים קר,מיליליטרים,750.00,"100 מ""ל",false,1,13.90,1.85,true,1,
7290002824183,false,"גבינה לבנה סקי 500 גרם 5% ""שטראוס"" -מוצר בפיקוח",מיוצר עי קונדיטוריית,IL,גבינת סקי 5%,גרמים,500.00,100 גרם,false,0,8.90,1.78,true,1,
7290002824640,false,"גבינת סקי 250 גרם 5% ""שטראוס"" -מוצר בפיקוח",מיוצר עי קונדיטוריית,IL,גבינת סקי 5%,גרמים,250.00,100 גרם,false,0,4.50,1.80,true,1,
7290002825722,false,סלט כרוב אדום אחלה 500 גרם,מיוצר עי קונדיטוריית,IL,סלט כרוב אחלה,גרמים,500.00,100 גרם,false,0,13.90,2.78,true,1,
7290002842002,false,פתיתי שיבולת שועל קוואקר אנגלי מורנפלייק,מורנינג פוד,GB,קוואקר אנגלי,גרמים,500.00,100 גרם,false,0,9.90,1.98,true,1,
7290002862000,false,הררית אריסה טוניסאית,"הררית מזון בע""מ",IL,אריסה תוניסאית,גרמים,250.00,100 גרם,false,0,11.90,4.76,true,1,
7290002862017,false,שום כתוש 250 הררית,"הררית מזון בע""מ",IL,שום כתוש,גרמים,250.00,100 גרם,false,0,11.90,4.76,true,1,
7290002862055,false,לימון כבוש 250 גרם,,IL,לימון כבוש,גרמים,250.00,100 גרם,false,0,11.90,4.76,true,1,
7290002862093,false,חזרת 250 גרם,"הררית מזון בע""מ",IL,חזרת,גרמים,250.00,100 גרם,false,0,11.90,4.76,true,1,
7290002862376,false,מעדן עגבניות מיובשות200ג,הררית מזון בעמ,IL,מעדן עגבנ.מיובש,גרמים,200.00,100 גרם,false,1,14.90,7.45,true,1,
7290002862406,false,סחוג תימני 250 גרם,,IL,סחוג תימני,גרמים,250.00,100 גרם,false,0,11.90,4.76,true,1,
7290002862802,false,הררית אריסה בתוספת לימון 250מל,הררית מזון בעמ,IL,אריסה,גרמים,250.00,100 גרם,false,1,11.90,4.76,true,1,
7290002871248,false,"בירה טובורג רד בקבוק 500 מ""ל חוזר",מבשלות בירה בינלאומיות ב,IL,בירה טובורג רד,מיליליטרים,500.00,"100 מ""ל",false,0,7.90,1.58,true,1,
7290002871361,false,"בירה קרלסברג בקבוק 500 מ""ל חוזר",מבשלות בירה בינלאומיות ב,IL,בירה קרלסברג,מיליליטרים,500.00,"100 מ""ל",false,0,7.90,1.58,true,1,
7290002881735,false,לבבות דקל שלמים תומר,אינקופלמיטו אס.אי,EC,לבבות דקל שלם,גרמים,400.00,100 גרם,false,0,9.90,2.48,true,1,
7290002881742,false,לבבות דקל פרוסות תומר 400 גרם,Inaexpo,EC,לבבות דקל פרוס,גרמים,400.00,100 גרם,false,0,8.90,2.23,true,1,
7290002904694,false,"טיטניום דאודורנט ספריי לגברים 150 מ""ל","אמיליה קוסמטיקס בע""מ",IL,דאודורנט טיטניום,מיליליטרים,180.00,"100 מ""ל",false,0,14.90,8.28,true,1,
7290002922865,false,קבב מובחר 500 גרם טאקטורו,טיבון ויל אחזקות בעמ,IL,קבב מובחר,גרמים,500.00,100 גרם,false,0,12.90,2.58,true,1,
7290002925798,false,"גם וגם משחת שיניים ירוק מי פה לייט 120 מ""ל",אמיליה קוסמטיקס,IL,גם וגם ירוק,מיליליטרים,120.00,"100 מ""ל",false,0,12.90,10.75,true,1,
7290002939108,false,חזה עוף טרי ארוז עטרה לק,שונות,IL,חזה עוף טרי עטרה,קילוגרמים,0.00,"ק""ג",true,0,33.90,33.90,true,1,
7290002939177,false,גרון הודו טרי ארוז עטרה,שונות,IL,גרון הודו טרי,קילוגרמים,0.00,"ק""ג",true,0,28.90,28.90,true,1,
7290002939498,false,שריר מספר 8 קפוא צרכני עטרה,עטרה,IL,בשר מס8' שריר,קילוגרמים,0.00,"ק""ג",true,0,49.90,49.90,true,1,
7290002971016,false,"שטיבל סולת חיטה 1 ק""ג","שטיבל בע""מ",IL,"סולת 1 ק""ג",קילוגרמים,1.00,"ק""ג",false,1,3.90,3.90,true,1,
7290002972365,false,קמח תופח שטיבל 13 ללא צורך בניפוי 1 קג,טחנת קמח דגן-שטיבל,IL,קמח תופח,קילוגרמים,1.00,"ק""ג",false,1,6.90,6.90,true,1,
7290002973676,false,"קמח שטיבל לחלה 18 ללא ניפוי 1 ק""ג",טחנת קמח דגן-שטיבל,IL,קמח חלה,קילוגרמים,1.00,"ק""ג",false,1,6.90,6.90,true,1,
7290002987963,false,"סלט חומוס אחלה 1 ק""ג",מיוצר עי קונדיטוריית,IL,"חומוס אחלה 1 ק""ג",קילוגרמים,1.00,"ק""ג",false,0,13.90,13.90,true,1,
7290003009640,false,מיץ תפוזים סחוט רכיבים טבעיים פריגת 1 ליטר,פריגת מצוננים,IL,מיץ תפוזים סחוט,ליטרים,1.00,ליטר,false,0,14.70,14.70,true,1,
7290003013005,false,פתיליות עגולות לשמן,שלהבת,IL,פתיליות,יחידה,1.00,יחידה,false,0,2.90,2.90,true,1,
7290003013128,false,פתיל צף מתומן כ-50 יחידות שלהבת,שלהבת,IL,פתיל צף גדול מתו,יחידה,1.00,יחידה,false,0,3.90,3.90,true,1,
7290003015627,false,"נוזל רצפות אפרסק 2 ליטר ""ריצפז פרש""","סנו מפעלי ברונוס בע""",IL,ריצפז פרש,ליטרים,2.00,ליטר,false,0,14.90,7.45,true,1,
7290003023196,false,"משקה יטבתה מוקה שקית 225 מ""ל",שטראוס גרופ,IL,מוקה בשקית יטבתה,מיליליטרים,225.00,"100 מ""ל",false,0,2.50,1.11,true,1,
7290003026036,false,"ד""ר פישר - קמיל בלו סנסיטיב אל סבון עדין לתינוק 1 ליטר",פישר מעבדות פרמצבטיות בע,IL,אל סבון קמיל בלו,ליטרים,1.00,ליטר,false,0,24.90,24.90,true,1,
7290003026234,false,"ד""ר פישר - קמיל בלו תחליב לתינוק 500 מ""ל",פישר מעבדות פרמצבטיות בע,IL,קרם גוף לתינוק,גרמים,500.00,100 גרם,false,0,19.90,3.98,true,1,
7290003026319,false,"קמיל בלו משחת החתלה לתינוק ד""ר פישר 120 גרם",פישר מעבדות פרמצבטיות בע,IL,משחת החתלה סנסטי,גרמים,120.00,100 גרם,false,0,14.90,12.42,true,1,
7290003029181,false,משקה יטבתה שוקו' בקבוק 1ל מהדרין,שטראוס גרופ,IL,שוקו יטבתה,ליטרים,1.00,ליטר,false,0,10.90,10.90,true,1,
7290003029372,false,משקה חלב בטעם בננה יטבתה 1 ליטר,שטראוס גרופ,IL,משקה חלב בננה,ליטרים,1.00,ליטר,false,0,10.90,10.90,true,1,
7290003029389,false,"משקה חלב בננה פקק ספורט 250 מ""ל יוטבתה",שטראוס גרופ,IL,משקה בננה,מיליליטרים,250.00,"100 מ""ל",false,0,4.90,1.96,true,1,
7290003029433,false,"משקה יטבתה שוקו פקק 250 מ""ל מהדרין",שטראוס גרופ,IL,שוקו יטבתה,מיליליטרים,250.00,"100 מ""ל",false,0,4.90,1.96,true,1,
7290003029532,false,מוקה בבקבוק יטבתה 1 ליטר מהדרין,שטראוס גרופ,IL,מוקה יטבתה בקבוק,ליטרים,1.00,ליטר,false,0,10.90,10.90,true,1,
7290003029884,false,"מוקה בשקית יטבתה 225 מ""ל מארז 6 יחידות",שטראוס גרופ,IL,משקה מוקה 6X,ליטרים,1.50,ליטר,false,0,14.90,9.93,true,1,
7290003029907,false,אייס קפה יטבתה 1 ליטר מהדרין,שטראוס גרופ,IL,אייס קפה יטבתה,ליטרים,1.00,ליטר,false,0,10.90,10.90,true,1,
7290003031702,false,"נקניקיות הודו מחפוד וואקום 1 ק""ג טירת צבי",טיב טירת צבי 2000,IL,נקניקיות הודו,קילוגרמים,1.00,"ק""ג",false,0,24.90,24.90,true,1,
7290003031733,false,טירת צבי פסטרמה על גחלים קופ. מחפוד 400ג,טיב טירת צבי 2000,IL,פסטרמה על גחלים,גרמים,400.00,100 גרם,false,0,24.90,6.23,true,1,
7290003031740,false,טירתצבי פסטרמה בדבש קופ. מחפוד 400ג,טיב טירת צבי 2000,IL,פסטרמה הודו בדבש,גרמים,400.00,100 גרם,false,0,24.90,6.23,true,1,
7290003031757,false,פסטרמה הודו בפפריקה מחפוד טירת צבי 400 גרם,טיב טירת צבי 2000,IL,פסטרמה בפפריקה,גרמים,400.00,100 גרם,false,0,18.90,4.73,true,1,
7290003031788,false,צמד כפרי סלמי+פסטרמה טירת צבי 400X2ג' מחפוד,טיב טירת צבי 2000,IL,פסטרמה+סלמי מארז,גרמים,800.00,100 גרם,false,0,24.90,3.11,true,1,
7290003031849,false,"פסטרמה כפרית דבש וברביקיו צמד ט.צבי 300X2ג' בד""ץ",טיב טירת צבי 2000,IL,צמד כפרית,גרמים,600.00,100 גרם,false,1,22.90,3.82,true,1,
7290003069682,false,בצק פילאס קפוא 500 גרם שלושת האופים,שלושת האופים שגמור,IL,בצק פילאס,גרמים,500.00,100 גרם,false,0,15.90,3.18,true,1,
7290003072521,false,כתף בקר מעושן מחפוד טירת צבי 300 גרם,טיב טירת צבי 2000,IL,כתף בקר מעושנת,גרמים,300.00,100 גרם,false,1,29.90,9.97,true,1,
7290003107247,false,שמרים יבשים אינסטנט33גרם,שטיבל,IL,שמרים יבשים,גרמים,33.00,100 גרם,false,0,4.90,14.85,true,1,
7290003107353,false,שטיבל משפר אפייה ביתי 3 * 10 גרם,ט.ק דגן טכנולוגיות ב,IL,משפר אפייה ביתי,גרמים,30.00,100 גרם,false,0,4.90,16.33,true,1,
7290003121083,false,ארוחת נודלס בטעם בשר בשקית מג'יק 85 גרם,טאט הוי פוד בעמ,SG,ארוחת נודלס,גרמים,85.00,100 גרם,false,0,2.90,3.41,true,1,
7290003121106,false,ארוחת נודלס טעם עוף בשקית מג'יק 85 גרם,"טאט פוד הוי בע""מ",SG,ארוחת נודלס,גרמים,85.00,100 גרם,false,0,2.90,3.41,true,1,
7290003203086,false,גרונות הודיות-במגש-קפוא,מ ב גלאט עוף למהדרין,IL,גרונות הודיות,קילוגרמים,0.00,"ק""ג",true,0,34.90,34.90,true,1,
7290003220533,false,"רוטב צ'ילי מתוק ווק 700 מ""ל",תאי פרידה אינדסטרי ב,TH,רוטב צ'ילי מתוק,מיליליטרים,700.00,"100 מ""ל",false,0,10.90,1.56,true,1,
7290003220588,false,"רוטה צ'ילי מתוק ללא סוכר 700 מ""ל WOK",תאי פרידה אינדסטרי ב,TH,"רוטב צ'ילי ללת""ס",מיליליטרים,700.00,"100 מ""ל",false,0,14.90,2.13,true,1,
7290003220717,false,WOK אצות נורי סילבר 10 יחידות,ג'י וואן גלובול נאט,KR,אצות נורי לסושי,גרמים,22.00,100 גרם,false,0,8.90,40.45,true,1,
7290003220755,false,"WOK רוטב סויה כהה 640 מ""ל",ליאנג סאנג האנד הואד,TH,רוטב סויה כהה,מיליליטרים,640.00,"100 מ""ל",false,0,10.90,1.70,true,1,
7290003220786,false,"אטריות אורז ללא גלוטן 5 מ""מ 400 ג' WOK",אסיאן סופירה פודס חב,TH,מקלות אורז,גרמים,400.00,100 גרם,false,0,7.90,1.98,true,1,
7290003222018,false,מארז פיתות 11 יחידות,מאפית מכבים,IL,מארז 11 פיתות,גרמים,1150.00,100 גרם,false,0,8.70,0.76,true,1,
7290003222568,false,פיתה המכבים 100 גרם 5 יח',מאפיית המכבים,IL,פיתות מהדרין,גרמים,600.00,100 גרם,false,0,3.50,0.58,true,1,
7290003222780,false,פיתות מקמח מלא מאפיית המכבים 5 יחידות,מאפיית המכבים,IL,פיתה כפרית 5 יח,גרמים,500.00,100 גרם,false,0,5.90,1.18,true,1,
7290003222797,false,פיתה קמח כוסמין 10 יח' המכבים,מאפיית המכבים,IL,פיתות כוסמין,יחידה,1.00,יחידה,false,1,12.90,12.90,true,1,
7290003268245,false,חלה מתוקה המיוחדת של עינת 500ג' דגנית עין בר,דגנית עין בר תעשיות מזון,IL,המיוחדת של עינת,גרמים,500.00,100 גרם,false,1,9.90,1.98,true,1,
7290003268252,false,לחם חיטה מלא לילדים 750 ג' דגנית עין בר,דגנית עין בר תעשיות מזון,IL,לחם חיטה מלא,גרמים,750.00,100 גרם,false,1,11.90,1.59,true,1,
7290003310555,false,"מאגדת טילון קרם עוגיות 4*100 מ""ל בן וג'ירי",מוצרי איכות אמריקאיים,IL,מאגדת טילון קרם,גרמים,400.00,100 גרם,false,0,19.90,4.98,true,1,
7290003321155,false,יוגורט בר עם פקאן מצופה שוקולד 183 ג' דנונה,"שטראוס בריאות בע""\מ",IL,דנונה בר פקאן,גרמים,183.00,100 גרם,false,0,4.30,2.35,true,1,
7290003387205,false,ספיד סטיק - דאודורנט סטיק לגבר רגולר,הנסיך- מפעל לייצור ט,US,דאודורנט סטיק,גרמים,56.00,100 גרם,false,0,16.90,30.18,true,1,
7290003397136,false,בדית תחבושות 18 יחידות,כ.כיפות שיווק וסחר,IL,בדית תחבושות 8,יחידה,1.00,יחידה,false,0,6.90,6.90,true,1,
7290003478002,false,סחוג אדום של רומיה 150 גר,הסחוג הביתי של רומיה,IL,סחוג אדום 150גרם,גרמים,150.00,100 גרם,false,1,9.90,6.60,true,1,
7290003478019,false,סחוג ירוק של רומיה 150 גר,הסחוג הביתי של רומיה,IL,סחוג ירוק 150גרם,גרמים,150.00,100 גרם,false,1,9.90,6.60,true,1,
7290003478040,false,עמבה של רומיה 250 גרם,הסחוג הביתי של רומיה,IL,עמבה 250גר,גרמים,250.00,100 גרם,false,1,9.90,3.96,true,1,
7290003478132,false,פלפל צומה של רומיה 250 גר,הסחוג הביתי של רומיה,IL,פלפל צ'ומה 250גר,גרמים,250.00,100 גרם,false,1,9.90,3.96,true,1,
7290003478149,false,אריסה של רומיה 250גרם,הסחוג הביתי של רומיה,IL,אריסה 250גרם,גרמים,250.00,100 גרם,false,1,9.90,3.96,true,1,
7290003478156,false,שום כתוש של רומיה 250 גר,הסחוג הביתי של רומיה,IL,שום כתוש 250גרם,גרמים,250.00,100 גרם,false,1,11.90,4.76,true,1,
7290003478200,false,לימון בלאדי של רומיה250ג,הסחוג הביתי של רומיה,IL,לימון בלאדי250גר,גרמים,250.00,100 גרם,false,1,9.90,3.96,true,1,
7290003525461,false,סלט טונה פיקנטי ויליגר 160 גרם,ויליגר,IL,סלט טונה פיקנטי,גרמים,160.00,100 גרם,false,0,4.90,3.06,true,1,
7290003525478,false,סלט טונה ויליגר 160 גרם,"ויליגר, תעשיות בע""מ",IL,סלט טונה,גרמים,160.00,100 גרם,false,0,4.90,3.06,true,1,
7290003584192,false,שירותון ראטן 1 יחידה,,IL,שירותון ראטן,יחידה,1.00,יחידה,false,1,22.90,22.90,true,1,
7290003593149,false,בשר מס 4 צרכני אשפר חלק,,UY,בשר מס 4,קילוגרמים,0.00,"ק""ג",true,1,39.90,39.90,true,1,
7290003593545,false,ירכיים עוף קפוא,קורניש,IL,ירכיים עוף קפוא,קילוגרמים,0.00,"ק""ג",true,1,29.90,29.90,true,1,
7290003593552,false,כרעיים עוף קפוא,קורניש,IL,כרעיים עוף קפוא,קילוגרמים,0.00,"ק""ג",true,1,31.90,31.90,true,1,
7290003593569,false,כבד עוף קפוא,קורניש,IL,כבד עוף קפוא,קילוגרמים,0.00,"ק""ג",true,1,24.90,24.90,true,1,
7290003593576,false,כנפיים עוף קפוא,קורניש,IL,כנפיים עוף קפוא,קילוגרמים,0.00,"ק""ג",true,1,12.90,12.90,true,1,
7290003593620,false,עוף קפוא מס' 2 אשפר,קורניש,IL,עוף קפוא מס' 2,קילוגרמים,0.00,"ק""ג",true,1,21.90,21.90,true,1,
7290003593651,false,שוקיים עוף קפוא,קורניש,IL,שוקיים עוף קפוא,קילוגרמים,0.00,"ק""ג",true,1,34.90,34.90,true,1,
7290003593668,false,שניצל עוף קפוא,קורניש,IL,שניצל עוף קפוא,קילוגרמים,0.00,"ק""ג",true,1,39.90,39.90,true,1,
7290003593842,false,חזה עוף קפוא,קורניש,IL,חזה עוף קפוא,קילוגרמים,0.00,"ק""ג",true,1,29.90,29.90,true,1,
7290003643004,false,"סוגת אורז בסמטי קלאסי 1 ק""ג",האי נאם סי או אל.טי.,IL,אורז בסמטי קלאסי,קילוגרמים,1.00,"ק""ג",false,0,12.90,12.90,true,1,
7290003643646,false,"סוכר דמררה קלאסי בצנצנת סוגת 1 ק""ג",האי נאם סי או אל.טי.,IL,סוכר דמררה,קילוגרמים,1.00,"ק""ג",false,0,8.90,8.90,true,1,
7290003643745,false,סוגת כוסמת 500 גרם,האי נאם סי או אל.טי.,IL,כוסמת,גרמים,500.00,100 גרם,false,0,6.90,1.38,true,1,
7290003681006,false,צימוקים לבנים 200גרם בד''ץ,מיה תעשיות מזון מ.ת.מ. ב,IL,צימוק לבן 200ג,גרמים,200.00,100 גרם,false,0,7.90,3.95,true,1,
7290003681174,false,"צימוקים שחורים 200 ג' בד""ץ מיה",מיה תעשיות מזון מ.ת.מ. ב,IL,צמוקים שחורים,גרמים,200.00,100 גרם,false,0,7.90,3.95,true,1,
7290003681211,false,צנובר מיה 100 גרם,מיה תעשיות מזון מ.ת.מ. ב,IL,צנובר,גרמים,80.00,100 גרם,false,0,19.90,24.88,true,1,
7290003681228,false,תבלין עלי דפנה 10 גר' מיה,מיה תעשיות מזון מ.ת.מ. ב,IL,עלי דפנה,גרמים,10.00,100 גרם,false,0,5.70,57.00,true,1,
7290003681235,false,פלפל אנגלי בצנצנת מיה 50 גרם,מיה תעשיות מזון מ.ת.מ. ב,IL,פלפל אנגלי,גרמים,50.00,100 גרם,false,0,5.90,11.80,true,1,
7290003681242,false,זעתר בצנצנת מיה 50 גרם,מיה תעשיות מזון מ.ת.מ. ב,IL,זעתר,גרמים,50.00,100 גרם,false,0,5.70,11.40,true,1,
7290003681303,false,שעועית מעורבת יבשה מיה 500 גר',מיה תעשיות מזון מ.ת.מ. ב,IL,שעועית מעורבת,גרמים,500.00,100 גרם,false,0,7.90,1.58,true,1,
7290003681341,false,קונפיטורה תות מיה 340 גרם,מיה תעשיות מזון מ.ת.מ. ב,IL,קונפיטורה תות,גרמים,340.00,100 גרם,false,0,8.90,2.62,true,1,
7290003681365,false,קישוט לעוגה צבעוני בבצנצנת מיה 80 גרם,מיה תעשיות מזון מ.ת.מ. ב,IL,קישוטי עוגה,גרמים,70.00,100 גרם,false,0,3.90,5.57,true,1,
7290003681693,false,חומוס לבן ענק יבש מיה 500 גר',מיה תעשיות מזון מ.ת.מ. ב,IL,חומוס לבן ענק,גרמים,500.00,100 גרם,false,0,8.90,1.78,true,1,
7290003681716,false,גריסי פנינה מיה 500 גרם,מיה תעשיות מזון מ.ת.מ. ב,IL,גריסי פנינה,גרמים,500.00,100 גרם,false,0,4.90,0.98,true,1,
7290003681723,false,תבלין לפיצה בצנצנת מיה 80 גרם,מיה תעשיות מזון מ.ת.מ. ב,IL,תבלין לפיצה,גרמים,80.00,100 גרם,false,0,5.70,7.13,true,1,
7290003681730,false,תבלין לגריל דג מיה 80 גרם,מיה תעשיות מזון מ.ת.מ. ב,IL,תבלין גריל דג,גרמים,80.00,100 גרם,false,0,5.70,7.13,true,1,
7290003681747,false,תבלין גריל בשר בשקית 80 גר' מיה,מיה תעשיות מזון מ.ת.מ. ב,IL,תבלין גריל בשר,גרמים,80.00,100 גרם,false,0,5.70,7.13,true,1,
7290003681754,false,אבקת קארי 80 גרם צנצנת,מיה תעשיות מזון מ.ת.מ. ב,IL,קארי,גרמים,80.00,100 גרם,false,0,5.70,7.13,true,1,
7290003681761,false,גבישי שום בצנצנת מיה 80 גרם,מיה תעשיות מזון מ.ת.מ. ב,IL,גבישי שום,גרמים,80.00,100 גרם,false,0,7.90,9.88,true,1,
7290003681792,false,סוכריות טופי פירות 850 ג' מיה,מיה תעשיות מזון מ.ת.מ. ב,IL,סוכריות טופי,גרמים,850.00,100 גרם,false,0,13.70,1.61,true,1,
7290003681945,false,"מיץ לימון סחוט רכיבים טבעיים מיה 500 מ""ל",מיה,IL,מיץ לימון 100%,מיליליטרים,500.00,"100 מ""ל",false,0,8.90,1.78,true,1,
7290003726615,false,"טופו ויילר 300 גרם ""שטראוס""",הדקלאים אגודת שיתופי,IL,טופו ויילר,גרמים,300.00,100 גרם,false,1,9.90,3.30,true,1,
7290003751112,false,"עוף טחון 500 גר' קפוא בד""ץ",גלאט עוף,IL,"עוף טחון עד""ח",גרמים,500.00,100 גרם,false,0,21.90,4.38,true,1,
7290003751174,false,גולש בקר-קמעונאי-קפוא,מ ב גלאט עוף למהדרין,IL,גולש בקר קפוא,קילוגרמים,0.00,"ק""ג",true,0,89.90,89.90,true,1,
7290003751204,false,רולדה הודו גלאט עוף,מ ב גלאט עוף למהדרין,IL,רולדה הודו,קילוגרמים,0.00,"ק""ג",true,0,51.90,51.90,true,1,
7290003751211,false,בשר טחון 500 גרם בדץ קפוא,מ ב גלאט עוף למהדרין,IL,בשר בקר טחון,גרמים,500.00,100 גרם,false,0,36.90,7.38,true,1,
7290003751235,false,רולדה בקר-קמעונאי-קפוא,גלאט עוף,IL,רולדה בקר קפוא,קילוגרמים,0.00,"ק""ג",true,0,89.90,89.90,true,1,
7290003751242,false,הודו טחון גלאט 500 גרם,מ ב גלאט עוף למהדרין,IL,הודו טחון 500גר,גרמים,500.00,100 גרם,false,0,21.90,4.38,true,1,
7290003751372,false,עצמות מח בקר-קמעונאי-קפוא,,IL,עצמות מח,גרמים,0.00,"ק""ג",true,1,49.90,49.90,true,1,
7290003751457,false,כנפיים הודיות-במגש-קפוא,מ ב גלאט עוף למהדרין,IL,כנפיים הודיות,קילוגרמים,0.00,"ק""ג",true,0,17.90,17.90,true,1,
7290003751594,false,שוקיים הודיות-במגש-קפוא,גלאט עוף,IL,שוקיים הודיות,קילוגרמים,0.00,"ק""ג",true,0,32.90,32.90,true,1,
7290003805587,false,"פתית חיטה מלאה בד""צ 250 גרם-קופסא",יוניליוור ישראל מזון בע\,IL,פתית חיטה מלאה,גרמים,250.00,100 גרם,false,0,14.90,5.96,true,1,
7290003807178,false,"רוטב קנור סויה בסגנון סיני 300 מ""ל",יוניליוור ישראל מזון בע\,IL,רוטב סויה,מיליליטרים,300.00,"100 מ""ל",false,0,9.90,3.30,true,1,
7290003807482,false,קנור רוטב טריאקי מופחת נתרן 370 גרם,יוניליוור ישראל מזון בע\,IL,רוטב טריאקי,גרמים,300.00,100 גרם,false,0,9.90,3.30,true,1,
7290003893690,false,"פילה אמנון בד""ץ מחיר לפי",ג.עופר,IL,פילה אמנון 5-7,קילוגרמים,0.00,"ק""ג",true,1,29.90,29.90,true,1,
7290003893843,false,פילה אמנון ללא עור,איינן צ'דקסין,CN,פילה אמנון,קילוגרמים,0.00,"ק""ג",true,1,34.90,34.90,true,1,
7290003989096,false,סלט חצילים פיקנטי אחלה 500 גרם,מיוצר עי קונדיטוריית,IL,חציל פיקנטי אחלה,גרמים,500.00,100 גרם,false,0,14.90,2.98,true,1,
7290003989553,false,פסטה טורטליני גבינה ופטריות 400 גרם,מיוצר עי קונדיטוריית,IL,טורטליני פטריות,גרמים,400.00,100 גרם,false,0,18.90,4.73,true,1,
7290004011284,false,ריצ בסיס להכנת קצפת 25% 212מל,ריצ' פרודקטס קורפריי,US,ריצ' להכנת קצפת,מיליליטרים,212.00,"100 מ""ל",false,0,7.90,3.73,true,1,
7290004011291,false,"קצפת ריץ' בסיס קרטונית 425 מ""ל",כלורוקס אוקלנד,US,בסיס להכנת קצפת,מיליליטרים,425.00,"100 מ""ל",false,0,14.90,3.51,true,1,
7290004011345,false,"ספריי קצפת מתוקה מוכנה פרווה ריץ' 238 מ""ל",האי נאם סי או אל.טי.,IT,קצפת מתוקה,גרמים,250.00,100 גרם,false,0,9.90,3.96,true,1,
7290004030018,false,"פריניב מיץ לימון סחוט פרי לתיבול 500 מ""ל",הנסיך- מפעל לייצור ט,IL,מיץ לימון לתיבול,מיליליטרים,500.00,"100 מ""ל",false,0,6.90,1.38,true,1,
7290004030100,false,מיץ תפוזים ולנסיה סחוט 1 ליטר100%,פרי ניב,IL,מיץ תפוזי ולנסיה,ליטרים,1.00,ליטר,false,1,14.70,14.70,true,1,
7290004030216,false,משקה בטעם חמוציות 1 ליטר פריניב,הנסיך- מפעל לייצור ט,IL,נקטר חמוציות,ליטרים,1.00,ליטר,false,1,11.70,11.70,true,1,
7290004030223,false,מיץ תפוחים סחוט רכיבים טבעיים 100% פרי ניב 1 ליטר,הנסיך- מפעל לייצור ט,IL,מיץ תפוחים סחוט,ליטרים,1.00,ליטר,false,0,14.90,14.90,true,1,
7290004030445,false,מיץ תפוזים סחוט רכיבים טבעיים 1 ליטר פרי ניב,הנסיך- מפעל לייצור ט,IL,מיץ תפוזים סחוט,ליטרים,1.00,ליטר,false,0,11.70,11.70,true,1,
7290004030612,false,"מיץ תפוח, קיווי אגס ללא תוספת סוכר 1 ליטר פרי ניב",הנסיך- מפעל לייצור ט,IL,משקה תפוח קיווי,ליטרים,1.00,ליטר,false,0,14.00,14.00,true,1,
7290004030810,false,שייק 100% בננה פסיפלורה תפוז מופחת סוכר1,פריניב בעמ,IL,מיץ פריניב,מיליליטרים,1000.00,"100 מ""ל",false,1,14.90,1.49,true,1,
7290004030834,false,מיץ רימונים סחוט 100% רכיבים טבעיים פרי ניב 1 ליטר,פריניב בעמ,IL,מיץ רימונים,ליטרים,1.00,ליטר,false,0,19.70,19.70,true,1,
7290004063016,false,"מלח שולחן דק סלית 1 ק""ג בדץ",האי נאם סי או אל.טי.,IL,מלח שולחן,קילוגרמים,1.00,"ק""ג",false,0,1.30,1.30,true,1,
7290004063115,false,"מלח מטבח עבה להמלחת בשר ובישול 1 ק""ג 1ק""ג",האי נאם סי או אל.טי.,IL,מלח מטבח גס,קילוגרמים,1.00,"ק""ג",false,0,1.30,1.30,true,1,
7290004064174,false,"תבלין מלח ההימלאיה דק בצנצנת 1 ק""ג","חברת מלח הארץ אילת בע""\מ",PK,מלח דק הימלאיה,קילוגרמים,1.00,"ק""ג",false,1,16.90,16.90,true,1,
7290004064297,false,"מלח מועשר ביוד בצנצנת מלח הארץ 1 ק""ג","חברת מלח הארץ אילת בע""\מ",IL,מלח מועשר ביוד,קילוגרמים,1.00,"ק""ג",false,1,8.90,8.90,true,1,
7290004078225,false,"שטיפת פה קולגייט פלקס מינט ירוק 500מ""ל",קולגייט- פלמוליב,PL,מי פה קולגייט,מיליליטרים,500.00,"100 מ""ל",false,0,22.90,4.58,true,1,
7290004078690,false,"אגקס נוזל לניקוי אסלות מרענן 750 מ""ל",הנסיך- מפעל לייצור ט,FR,אג'קס מרענן,מיליליטרים,750.00,"100 מ""ל",false,0,13.90,1.85,true,1,
7290004084110,false,סוכר קוביות 500 גרם,,IL,סוכר קוביות,גרמים,500.00,100 גרם,false,0,8.90,1.78,true,1,
7290004091217,false,"גודרס להברקת כלי כסף 125 מ""ל",אס סי גונסון פורטוגל,PT,נוזל ניקוי כסף,מיליליטרים,125.00,"100 מ""ל",false,0,14.90,11.92,true,1,
7290004119225,false,יופלה יוגורט אננס %3 גביע 150 גרם,תנובה מרכז שיתופי לש,IL,יופלה אננס 3%,גרמים,150.00,100 גרם,false,0,4.70,3.13,true,1,
7290004119928,false,מעדן חלב בטעם וניל 2% קרלו תנובה 125 גרם,מחלבת אלון תבור,IL,מעדן קרלו וניל3%,גרמים,125.00,100 גרם,false,0,2.50,2.00,true,1,
7290004119973,false,קרלו מעדן שוקו רביעיה גביע 1.5% 125 גרם,תנובה מרכז שיתופי לש,IL,קרלו שוקולדה,גרמים,125.00,100 גרם,false,0,2.50,2.00,true,1,
7290004120061,false,מעדן חלב בטעם שוקו וניל שוניל 2% קרלו 125 גרם,תנובה מרכז שיתופי לש,IL,מעדן קרלו שוניל,גרמים,125.00,100 גרם,false,0,2.50,2.00,true,1,
7290004120108,false,יופלה דיאט יוגורט דובדבן %0 גביע 150גרם,תנובה מרכז שיתופי לש,IL,יופלה דיאט 0%,גרמים,150.00,100 גרם,false,0,4.70,3.13,true,1,
7290004120283,false,"שוקו בשקית תנובה 225 מ""ל בד""ץ",תנובה חלב,IL,שוקו בשקית,מיליליטרים,225.00,"100 מ""ל",false,0,2.50,1.11,true,1,
7290004120566,false,פיראוס 24% גבינה בולגרית 250 גרם,תנובה חלב,IL,גבינה בולגרית24%,גרמים,250.00,100 גרם,false,0,19.90,7.96,true,1,
7290004120573,false,פיראוס 16% גבינה בולגרית 250 גרם,תנובה מרכז שיתופי לש,IL,גבינה בולגרית16%,גרמים,250.00,100 גרם,false,0,19.90,7.96,true,1,
7290004120634,false,גבינה פיראוס בולגרית 5% 250 גרם,תנובה מרכז שיתופי לש,IL,גבינה בולגרית5%,גרמים,250.00,100 גרם,false,0,19.90,7.96,true,1,
7290004121488,false,יופלה דיאט אפרסק 0% גביע 150 גרם,תנובה מרכז שיתופי לש,IL,יופלה דיאט אפרסק,גרמים,150.00,100 גרם,false,0,4.70,3.13,true,1,
7290004121754,false,יוגורט ביו עוגת גבינה ותות 3% יופלה 150 גרם,תנובה חלב,IL,יופלה קרם גבינה,גרמים,150.00,100 גרם,false,0,4.70,3.13,true,1,
7290004121853,false,גבינה בולגרית פיראוס 5% קוביות 200 גרם,תנובה מרכז שיתופי לש,IL,קוביות בולגרית5%,גרמים,200.00,100 גרם,false,0,19.90,9.95,true,1,
7290004122195,false,גוש חלב גבינה צהובה פרוסה 28% תנובה 200 גרם,תנובה חלב,IL,גבינה גוש חלב,גרמים,200.00,100 גרם,false,0,12.90,6.45,true,1,
7290004122348,false,גבינת עמק לייט פרוס בקופסא 200 גרם,תנובה מרכז שיתופי לש,IL,גבינת עמק 9%,גרמים,200.00,100 גרם,false,0,15.90,7.95,true,1,
7290004122676,false,גבינת חמד לייט 5% פיראוס 250 ג',"תנובה,מחלבת טנא נוגה",IL,גבינת חמד לייט5%,גרמים,250.00,100 גרם,false,0,16.90,6.76,true,1,
7290004124205,false,יופלה דיאט יוגורט תות %0 גביע 150 גרם,תנובה מרכז שיתופי לש,IL,יופלה דיאט תות0%,גרמים,150.00,100 גרם,false,0,4.70,3.13,true,1,
7290004125400,false,"אשל שלי מהדרין 200 מ""ל 4.5% ""תנובה""- מוצר בפיקוח",פארייפאבה אגרואינדוס,IL,אשל 4.5% שומן,מיליליטרים,200.00,"100 מ""ל",false,0,1.60,0.80,true,1,
7290004125417,false,"גיל 3% שלי 200 מ""ל ""תנובה"" -מוצר בפיקוח",תנובה מרכז שיתופי לש,IL,גיל לבן 3%שומן,מיליליטרים,200.00,"100 מ""ל",false,0,1.40,0.70,true,1,
7290004125455,false,"שמנת חמוצה 200 מ""ל 15% ""תנובה"" -מוצר בפיקוח",תנובה מרכז שיתופי לש,IL,שמנת תנובה 15%,מיליליטרים,200.00,"100 מ""ל",false,0,2.40,1.20,true,1,
7290004125462,false,"שמנת חמוצה 15% תנובה 500 מ""ל מהדרין",תנובה מרכז שיתופי לש,IL,שמנת חמוצה 15%,מיליליטרים,500.00,"100 מ""ל",false,0,5.70,1.14,true,1,
7290004125509,false,"שמנת חמוצה 15% מועשרת תנובה 100 מ""ל",תנובה מרכז שיתופי לש,IL,שמנת חמוצה 15%,מיליליטרים,100.00,"100 מ""ל",false,0,1.60,1.60,true,1,
7290004125585,false,משקה סויה בטעם וניל תנובה 1 ליטר,תנובה מרכז שיתופי לש,IL,משקה סויה וניל,ליטרים,1.00,ליטר,false,0,9.90,9.90,true,1,
7290004125721,false,"השף הלבן שמנת עמידה לבישול 15% תנובה 250 מ""ל",תנובה מרכז שיתופי לש,IL,שמנת לבישול15%,מיליליטרים,250.00,"100 מ""ל",false,0,7.90,3.16,true,1,
7290004125738,false,שמנת מתוקה להקצפה32% 250מל עמיד השף הלבן,תנובה מרכז שיתופי לש,IL,שמנת להקצפה32%,מיליליטרים,250.00,"100 מ""ל",false,0,5.90,2.36,true,1,
7290004126759,false,יוגורט דיאט יופלה פירות יער 150 גרם,תנובה חלב,IL,יופלה דיאט,גרמים,150.00,100 גרם,false,0,4.70,3.13,true,1,
7290004126872,false,משקאות חלב תנובה שוקו בקבוק 250מל,תנובה חלב,IL,שוקו בקבוק,מיליליטרים,250.00,"100 מ""ל",false,0,5.10,2.04,true,1,
7290004127077,false,קוטג תנובה 3% גביע 250 גרם מהדרין,מיוצר עי קונדיטוריית,IL,קוטג' 3% שומן,גרמים,250.00,100 גרם,false,0,5.50,2.20,true,1,
7290004127329,false,קוטג תנובה גביע 250 גרם %5 ו.מהדרין,מיוצר עי קונדיטוריית,IL,קוטג' תנובה 5%,גרמים,250.00,100 גרם,false,0,5.50,2.20,true,1,
7290004127336,false,קוטג תנובה גביע 250 גרם %9 ו.מהדרין,מיוצר עי קונדיטוריית,IL,קוטג' תנובה 9%,גרמים,250.00,100 גרם,false,0,5.50,2.20,true,1,
7290004127800,false,"גבינה לבנה 500 גרם 5% ""תנובה"" -מוצר בפיקוח",מיוצר עי קונדיטוריית,IL,גבינה לבנה 5%,גרמים,500.00,100 גרם,false,0,9.30,1.86,true,1,
7290004127862,false,"גבינה לבנה 750 גרם 5% ""תנובה"" - מוצר בפיקוח",תנובה מרכז שיתופי לש,IL,גבינה לבנה 5%,גרמים,750.00,100 גרם,false,0,13.80,1.84,true,1,
7290004127916,false,גבינה לבנה 0.5% שומן 500 ג' תנובה,תנובה מרכז שיתופי לש,IL,גבינה 0.5%,גרמים,500.00,100 גרם,false,0,8.90,1.78,true,1,
7290004129101,false,גבינת שמנת 25% בטעם טבעי 225 ג' נפוליאון,תנובה מרכז שיתופי לש,IL,גבינת נפוליאון,גרמים,225.00,100 גרם,false,0,11.90,5.29,true,1,
7290004129156,false,גבינת שמנת25% עם שום שמיר 225 ג' נפוליאון,תנובה מרכז שיתופי לש,IL,גבינת נפוליאון,גרמים,225.00,100 גרם,false,0,11.90,5.29,true,1,
7290004129767,false,"3% 'יופלה לבן מארז שמינייה 1.2 ק""ג",תנובה מרכז שיתופי לש,IL,יופלה לבן 3%,קילוגרמים,1.20,"ק""ג",false,0,15.90,13.25,true,1,
7290004130695,false,משקאות חלב תנובה אייס קפה בבקבוק 1ל,תנובה מרכז שיתופי לש,IL,משקה אייס קפה,ליטרים,1.00,ליטר,false,0,11.80,11.80,true,1,
7290004130794,false,משקה סויה במתיקות מופחתת תנובה 1 ליטר,תנובה מרכז שיתופי לש,IL,משקה סויה,ליטרים,1.00,ליטר,false,0,9.90,9.90,true,1,
7290004130916,false,יוגורט יופלה פירות יער בשמנת 3% 150 גרם,תנובה מרכז שיתופי לש,IL,יופלה פירות יער,גרמים,150.00,100 גרם,false,0,4.70,3.13,true,1,
7290004131074,false,"חלב 1 ליטר 3% קרטון ""תנובה""- מוצר בפיקוח",תנובה מרכז שיתופי לש,IL,חלב בקרטון 3%,ליטרים,1.00,ליטר,false,0,5.90,5.90,true,1,
7290004131531,false,משקאות חלב תנובה שוקו בקבוק 1ל,פארייפאבה אגרואינדוס,IL,שוקו בקבוק,ליטרים,1.00,ליטר,false,0,11.90,11.90,true,1,
7290004131814,false,גבינה צפתית 5% מעודנת 200 ג' פיראוס,פארייפאבה אגרואינדוס,IL,צפתית 5% פיראוס,גרמים,200.00,100 גרם,false,0,13.90,6.95,true,1,
7290004132552,false,משקה סויה בטעם טבעי לייט תנובה 1 ליטר,תנובה מרכז שיתופי לש,IL,משקה סויה,ליטרים,1.00,ליטר,false,0,9.90,9.90,true,1,
7290004132606,false,"קרלו מעדן חלב בטעם וניל 2% תנובה 8*100 מ""ל",תנובה מרכז שיתופי לש,IL,קרלו וניל 8 יח',גרמים,800.00,100 גרם,false,0,11.90,1.49,true,1,
7290004132712,false,חטיף אצבעות גבינת מוצרלה 20% 172 ג' עמק,תנובה מרכז שיתופי לש,IL,אצבעות מוצרלה,גרמים,172.00,100 גרם,false,0,13.80,8.02,true,1,
7290004133511,false,יופלה מאגדת לבן 1.5% מעודן 8 יח' * 150 ג',מיוצר עי קונדיטוריית,IL,יופלה מעודן 8 יח,קילוגרמים,1.20,"ק""ג",false,0,19.90,16.58,true,1,
7290004135058,false,שמיניית קרלו מיני שוקולד 100 גרם מהדרין,תנובה מרכז שיתופי לש,IL,קרלו שוקולד 8 יח,גרמים,800.00,100 גרם,false,0,11.90,1.49,true,1,
7290004135072,false,"מעדן חלב מיני שוקולדה 1.5% מהדרין קרלו 8*100 מ""ל",תנובה מרכז שיתופי לש,IL,קרלו מיני 8 יח,גרמים,800.00,100 גרם,false,0,11.90,1.49,true,1,
7290004135119,false,"שמיניית קרלו מיני וניל 100 גרם בד""ץ",תנובה מרכז שיתופי לש,IL,קרלו מיני 8 יח,גרמים,800.00,100 גרם,false,0,11.90,1.49,true,1,
7290004135225,false,מעדן חלב דל קלוריות בטעם שוקולד 0.2שומ,תנובה מרכז שיתופי לש,IL,מעדן דיאט שוקולד,גרמים,150.00,100 גרם,false,0,3.50,2.33,true,1,
7290004136864,false,מעדן ג'לי בטעם אננס עם חתיכות תנובה 125 גרם,תנובה חלב,IL,מעדן ג'לי אננס,גרמים,125.00,100 גרם,false,0,1.90,1.52,true,1,
7290004137021,false,"שמנת עמידה לבישול מופחת שומן 10% השף הלבן 250 מ""ל",תנובה מרכז שיתופי לש,IL,שמנת לבישול10%,מיליליטרים,250.00,"100 מ""ל",false,0,7.80,3.12,true,1,
7290004137311,false,עמק לייט משפחתית 9% 400ג-ועדת מהדרין,תנובה חלב,IL,גבינת עמק 9%,גרמים,400.00,100 גרם,false,0,28.90,7.23,true,1,
7290004220013,false,"טחון בקר 1 ק""ג קהילות",טיבון ויל אחזקות בעמ,IL,טחון בקר,גרמים,1000.00,100 גרם,false,0,34.90,3.49,true,1,
7290004220037,false,סטייק אנטריקוט 800 גר' עטרה,טיבון ויל אחזקות בעמ,IL,סטייק אנטריקוט,גרמים,800.00,100 גרם,false,0,49.90,6.24,true,1,
7290004220044,false,קציצות ביתיות עטרה 400גר,עטרה,IL,קציצות בתיות,גרמים,400.00,100 גרם,false,0,17.90,4.48,true,1,
7290004220761,false,קבב כבש ביתי עטרה 50,טיבון ויל אחזקות בעמ,IL,קבב כבש,גרמים,500.00,100 גרם,false,0,17.90,3.58,true,1,
7290004220815,false,קישקע 500 גרם קהילות,,IL,קישקע קהילות,גרמים,500.00,100 גרם,false,0,19.90,3.98,true,1,
7290004228804,false,עלי בצק לסיגרים שלושת האופים 450 גרם.,"שלושת האופים בע""\מ",IL,עלי בצק למילוי ס,גרמים,450.00,100 גרם,false,1,10.90,2.42,true,1,
7290004252441,false,רולעדין גביעי וופל לגלידה 24 יח',DRUM BIG,IN,גביעי גלידה24יח,יחידה,1.00,יחידה,false,1,17.90,17.90,true,1,
7290004255305,false,נר נשמה שבועי בפלסטיק מנורה,"מנורה שי נר בע""מ",CN,נר נשמה שבועי,יחידה,1.00,יחידה,false,1,8.90,8.90,true,1,
7290004255343,false,נריות 72 בקופסא - 4 שעות,"מנורה שי נר בע""מ",IL,נריות 4 שעות,יחידה,1.00,יחידה,false,0,19.90,19.90,true,1,
7290004257422,false,"טחון חזה עוף 100% 1 ק""ג קהילות","טיבון ויל אחזקות בע""\מ",IL,טחון חזה עוף,קילוגרמים,1.00,"ק""ג",false,1,37.90,37.90,true,1,
7290004257439,false,"טחון הודו 100% 1 ק""ג קהילות","טיבון ויל אחזקות בע""\מ",IL,טחון הודו,קילוגרמים,1.00,"ק""ג",false,1,37.90,37.90,true,1,
7290004257446,false,"טחון בקר 100% 1 ק""ג קהילות",טיבון ויל אחזקות בעמ,IL,טחון בקר,קילוגרמים,1.00,"ק""ג",false,1,49.90,49.90,true,1,
7290004257477,false,טחון חזה עוף100% עטרה1קג,"טיבון ויל אחזקות בע""\מ",IL,טחון חזה עוף,קילוגרמים,1.00,"ק""ג",false,1,34.90,34.90,true,1,
7290004257484,false,"טחון הודו 100% עטרה 1 ק""","טיבון ויל אחזקות בע""\מ",IL,טחון הודו,קילוגרמים,1.00,"ק""ג",false,1,34.90,34.90,true,1,
7290004257491,false,"טחון בקר 100% עטרה 1 ק""ג",טיבון ויל אחזקות בעמ,IL,טחון בקר,קילוגרמים,1.00,"ק""ג",false,1,39.90,39.90,true,1,
7290004263652,false,נקניקיות עוף עטרה 400 גרם,מעדני הטלה והעגל,IL,נקניקיות עוף,גרמים,400.00,100 גרם,false,0,11.90,2.98,true,1,
7290004263799,false,צלי כתף מס5 עטרה קפוא קג,עטרה,IL,צלי כתף מס' 5,קילוגרמים,0.00,"ק""ג",true,0,74.90,74.90,true,1,
7290004263867,false,בשר מס' 6 פילה מדומה עטרה,עטרה,IL,פילה מדומה מס',קילוגרמים,0.00,"ק""ג",true,0,44.90,44.90,true,1,
7290004263935,false,בשר בקר מכסה הצלע מספר 7 עטרה,עטרה,IL,מכסה הצלע מס' 7,קילוגרמים,0.00,"ק""ג",true,0,29.90,29.90,true,1,
7290004267230,false,פריכיות אורז מצופה שוקולד ברמן 80 ג',ברמן שוקולד ועוגיות,IL,פריכיות מצופות,גרמים,80.00,100 גרם,false,0,5.90,7.38,true,1,
7290004532574,false,גרעינים שחורים 200 גר',"גיי אנג גי פקאנס בע""",IL,גרעין שחור 200ג',גרמים,200.00,100 גרם,false,0,5.90,2.95,true,1,
7290004551018,false,תמצית אפיה רום,,IL,תמצית אפיה רום,מיליליטרים,56.00,"100 מ""ל",false,0,1.90,3.39,true,1,
7290004551445,false,פלפל שחור שקית 50 גרם,"חב' המשווק טיפנברון בע""מ",IL,פלפל שחור,גרמים,50.00,100 גרם,false,0,5.50,11.00,true,1,
7290004551469,false,שום גבישי שקית,,IL,שום גבישי שקית,גרמים,50.00,100 גרם,false,0,3.50,7.00,true,1,
7290004551483,false,אבקת אפיה דרומה 10 י,,IL,אבקת אפיה,גרמים,100.00,100 גרם,false,0,2.30,2.30,true,1,
7290004551575,false,שומשום,,,שומשום,גרמים,400.00,100 גרם,false,0,8.90,2.23,true,1,
7290004551605,false,פפריקה מתוקה בשקית 80 ג',"חב' המשווק טיפנברון בע""מ",IL,פפריקה מתוקה בשק,גרמים,80.00,100 גרם,false,0,3.50,4.38,true,1,
7290004551728,false,צפורן שלם 50 גרם,דרומה,IL,צפורן שלם 50 גרם,גרמים,50.00,100 גרם,false,1,8.90,17.80,true,1,
7290004551926,false,אבקת פלאפל דרומה 1 ק,דרומה י.א.ט בעמ,IL,אבקת פלאפל,קילוגרמים,1.00,"ק""ג",false,0,18.90,18.90,true,1,
7290004554354,false,גלידת פנטזיה שוקו וניל 1 ל' שטראוס,"גלידת שטראוס בע""\מ, רחוב",IL,"גלידת ""פנטסיה""",ליטרים,1.00,ליטר,false,0,19.90,19.90,true,1,
7290004575007,false,טילון וניל וופך ושברי אגוז ריאו מארז 70X5ג',"גלידות ריאו ביח""ר לג",IL,מארז טילונים,גרמים,350.00,100 גרם,false,0,14.90,4.26,true,1,
7290004575069,false,גלידה מיניס חטיפים וניל ציפוי שוקו' ופצפוצי נ.חיטה ריאו מארז 32יח',"גלידות ריאו ביח""ר לג",IL,חטיפי גלידה טופו,גרמים,600.00,100 גרם,false,0,29.90,4.98,true,1,
7290004575335,false,ארטיק מגיק מיני וניל ציפוי שוקו' ופצפוצי נ.חיטה ריאו מארז 45X8ג'באריזה,"גלידות ריאו ביח""ר לג",IL,שלגוני מיני,גרמים,360.00,100 גרם,false,0,17.90,4.97,true,1,
7290004575403,false,טריו גלידת פרווה בטעמים 1.8 ליטר ריאו,"גלידות ריאו ביח""ר לג",IL,גלידה בטעמים,ליטרים,1.80,ליטר,false,0,16.90,9.39,true,1,
7290004575540,false,קרחון בודד בטעמים ריאו 90 גרם,"גלידות ריאו ביח""ר לג",IL,קרחונים במבחר,יחידה,1.00,יחידה,false,0,1.50,1.50,true,1,
7290004575564,false,שלגון גלי גל פרווה בודד ריאו,ריאו,IL,שלגון גליגל,גרמים,75.00,100 גרם,false,1,2.90,3.87,true,1,
7290004575571,false,טילון וניל חלבי ריאו 60ג',ריאו,IL,טילון וניל 75 גר,יחידה,1.00,יחידה,false,0,3.90,3.90,true,1,
7290004584528,false,יוגורט דנונה ביו לבן 1.7% שומן 200 גרם,מיוצר עי קונדיטוריית,IL,יוגורט ביו 1.7%,גרמים,200.00,100 גרם,false,0,3.30,1.65,true,1,
7290004638016,false,נקניקיות עוף חריף וינר,מעדני הטלה והעגל,IL,נקניקיות עוף,גרמים,400.00,100 גרם,false,1,12.90,3.23,true,1,
7290004638030,false,נקניקיות עוף וינר 400 גר,מעדני הטלה והעגל,IL,נקניקיות עוף,גרמים,400.00,100 גרם,false,1,12.90,3.23,true,1,
7290004645106,false,סלמון פילה מנות לפי משקל,,IL,סלמון פילה מנות,קילוגרמים,0.00,"ק""ג",true,1,89.90,89.90,true,1,
7290004645137,false,טונה אלבקור קפוא (וואקום),,IL,פילה טונה אלבקור,קילוגרמים,0.00,"ק""ג",true,0,49.90,49.90,true,1,
7290004645175,false,פילה טונה פרוס רוזנר,,IL,דג טונה פרוס,גרמים,0.00,"ק""ג",true,0,39.90,39.90,true,1,
7290004645267,false,דג נילוס פרוס (וואקום),,IL,נילוס פרוס L,קילוגרמים,0.00,"ק""ג",true,0,49.90,49.90,true,1,
7290004645274,false,פילה נסיכת הנילוס ע.,,TZ,דג נסיכת הנילוס,קילוגרמים,0.00,"ק""ג",true,1,44.90,44.90,true,1,
7290004645328,false,פילה סלמון שלם לפי משקל,,IL,פילה סלמון שלם,קילוגרמים,0.00,"ק""ג",true,0,89.90,89.90,true,1,
7290004645410,false,נתחי טונה שקיל,רוזנרס,IL,נתחי טונה,קילוגרמים,0.00,"ק""ג",true,1,19.90,19.90,true,1,
7290004645434,false,פילה סלמון קפוא ללא עור,רוזנרס,IL,פילה סלמון קפוא,קילוגרמים,0.00,"ק""ג",true,1,89.90,89.90,true,1,
7290004685478,false,פיתות כוסמין 100% כוסמין 550 גרם,"מאפיית אורן משי בע""\מ",IL,פיתות כוסמין,גרמים,550.00,100 גרם,false,1,13.90,2.53,true,1,
7290004731076,false,אל סבון נוזלי עם אלוורה כיף 1 ליטר,טרופיקל דגיל תעשיות,IL,אל סבון כיף,ליטרים,1.00,ליטר,false,0,9.90,9.90,true,1,
7290004731083,false,"סבון נוזלי לידיים ג'נסינג ""כיף""",טרופיקל דגיל תעשיות,IL,אל סבון כיף,ליטרים,1.00,ליטר,false,0,9.90,9.90,true,1,
7290004731090,false,אלסבון כיף קמומיל 1 ליטר,קוסמופארם בע'\'\מ,IL,אל סבון כיף,ליטרים,1.00,ליטר,false,0,9.90,9.90,true,1,
7290004731410,false,"שלישיית כריות קרצוף ירוקות סנו סושי 25X10.6 ס""מ",קריות זול,IL,כריות קרצוף,יחידה,1.00,יחידה,false,0,7.90,7.90,true,1,
7290004731472,false,"שלישיית אלסבון צבעוני כיף 500 מ""ל",טרופיקל דגיל תעשיות,IL,אלסבון כיף 3 יח,ליטרים,1.50,ליטר,false,0,16.90,11.27,true,1,
7290004731519,false,"מקסימה מרכך ומבשם כביסה למייבש סנסיטיב סנו 750 מ""ל",סנו מקסימה,IL,מקסימה למייבש,מיליליטרים,750.00,"100 מ""ל",false,0,14.90,1.99,true,1,
7290004731564,false,"מקסימה מבשם ומרכך למייבש הכביסה בלו בלוסום 750 מ""ל",סנו מקסימה,IL,מקסימה למייבש,מיליליטרים,750.00,"100 מ""ל",false,1,14.90,1.99,true,1,
7290004731670,false,"מטהר אוויר דואופרש פצ'ולי לבנדר סנו 300 מ""ל","סנו מפעלי ברונוס בע""\מ",IL,סנו דואו פרש,מיליליטרים,300.00,"100 מ""ל",false,0,9.90,3.30,true,1,
7290004731984,false,משחת שיניים אורביטול להלבנה 145 גר,טרופיקל דגיל תעשיות קוסמ,IL,משחת אורביטול,גרמים,145.00,100 גרם,false,1,12.90,8.90,true,1,
7290004942083,false,חומוס גרגרים יבש 500 גר',,IL,גרעיני חומוס,גרמים,500.00,100 גרם,false,0,9.90,1.98,true,1,
7290004944032,false,חומוס אמיתי אסלי שמיר 400 גרם,"סלטי שמיר 2006 בע""מ",IL,חומוס אסלי,גרמים,400.00,100 גרם,false,0,9.90,2.48,true,1,
7290004944049,false,טחינה אסלי שמיר 400 גרם,"סלטי שמיר 2006 בע""מ",IL,טחינה אסלי,גרמים,400.00,100 גרם,false,0,9.90,2.48,true,1,
7290004944056,false,סדרת האסלי חציל במיונז שמיר 400 גרם,"סלטי שמיר 2006 בע""מ",IL,חציל במיונז,גרמים,400.00,100 גרם,false,0,9.90,2.48,true,1,
7290004944063,false,סלט תורכי אסלי שמיר 400 ג',"סלטי שמיר 2006 בע""מ",IL,תורכי אסלי,גרמים,400.00,100 גרם,false,0,9.90,2.48,true,1,
7290005008481,false,ספיד סטיק - דאודורנט ג'ל לגבר ספורט 85 גרם,הנסיך- מפעל לייצור ט,US,ספיד סטיק ג'ל,גרמים,85.00,100 גרם,false,0,17.90,21.06,true,1,
7290005011405,false,עמבה עם פרי 500 גרם,תבליני שמש בעמ,IL,עמבה הודית,גרמים,550.00,100 גרם,false,0,8.90,1.62,true,1,
7290005095344,false,נר נשמה שבועי בזכוכי,"מ.א. בע""מ",CN,נר נשמה שבועי,יחידה,1.00,יחידה,false,1,9.90,9.90,true,1,
7290005095443,false,נר נשמה בכוס 48 שעות,,IL,נר נשמה 48 שעות,יחידה,1.00,יחידה,false,0,3.90,3.90,true,1,
7290005113123,false,"חרוזית שחור A2יבנה בד""ץ 600ג'",קבוצת יבנה,IL,זית שחור 540 גרם,גרמים,540.00,100 גרם,false,1,6.90,1.28,true,1,
7290005113482,false,זית ירוק נטול גלעין 3 קג,קבוצת יבנה,IL,"זית חרוזית 3 ק""ג",קילוגרמים,3.00,"ק""ג",false,1,26.90,8.97,true,1,
7290005113888,false,"זיתים טבעות שחורA2 ק.יבנה 560ג' בד""ץ",קבוצת יבנה מוצרי מזון,IL,טבעות זיתים שחור,גרמים,540.00,100 גרם,false,1,6.90,1.28,true,1,
7290005113901,false,זיתים מרינט גדול 600 יבנה,קבוצת יבנה,IL,זיתים חתוכים540ג,גרמים,540.00,100 גרם,false,1,7.90,1.46,true,1,
7290005168253,false,"יין קליל דל אלכוהול יקבי ציון 750 מ""ל",יקבי ציון,IL,יין מתוק אדום,מיליליטרים,750.00,"100 מ""ל",false,0,13.90,1.85,true,1,
7290005168284,false,"יין גן עדן יקבי ציון 750 מ""ל",יקבי ציון,IL,יין גו עדן עתי,מיליליטרים,750.00,"100 מ""ל",false,0,19.90,2.65,true,1,
7290005168314,false,"יין אצילים מתוק לקידוש יקבי ציון 750 מ""ל",יקבי ציון,IL,אצילים מתוק אד,מיליליטרים,750.00,"100 מ""ל",false,0,13.90,1.85,true,1,
7290005168420,false,מיץ ענבים בית סבא יקבי ציון 1 ליטר,יקבי ציון,IL,בית סבא אדום,ליטרים,1.00,ליטר,false,0,16.90,16.90,true,1,
7290005168475,false,מיץ ענבים מובחר אדום 100% טבעי 1 ליטר,יקבי ציון,IL,תירוש אדום מובחר,ליטרים,1.00,ליטר,false,0,16.90,16.90,true,1,
7290005174513,false,סלט חצילים במיונז אחלה 500 גרם,מיוצר עי קונדיטוריית,IL,סלט חציל מיונז,גרמים,500.00,100 גרם,false,0,14.90,2.98,true,1,
7290005174551,false,סלט חומוס עם צנוברים 125 ג' אחלה,מיוצר עי קונדיטוריית,IL,חומוס יום יום,גרמים,125.00,100 גרם,false,0,3.90,3.12,true,1,
7290005174568,false,סלט חצילים במיונז אחלה 125 גרם,מיוצר עי קונדיטוריית,IL,חציל במיונז אחלה,גרמים,125.00,100 גרם,false,0,3.90,3.12,true,1,
7290005200786,false,תפוצ'יפס בטעם שמנת בצל עלית 50 גרם,"שטראוס פריטו ליי בע""\מ )",IL,תפוצ'יפס שמנת,גרמים,50.00,100 גרם,false,0,3.50,7.00,true,1,
7290005201455,false,קפה נמס מגורען ארומה קלאסי עלית 200 גרם,"אינסטנטה בע""מ",PL,קפה נמס ארומה,גרמים,200.00,100 גרם,false,0,22.90,11.45,true,1,
7290005271410,false,גליקסמן ביצים רגילות,גליקסמן שיווק ביצים,,ביצים L 12יח',יחידה,1.00,יחידה,false,0,11.60,11.60,true,1,
7290005271786,false,ביצים ארוזות Mעטוף 3,גליקסמן שיווק ביצים,IL,ביצים ארוזות M,יחידה,1.00,יחידה,false,0,27.80,27.80,true,1,
7290005287657,false,"סטארקיסט ממרח טונה 160 גרם בד""צ","סטארקיסט פודור בע""מ",TH,ממרח טונה,גרמים,160.00,100 גרם,false,0,5.90,3.69,true,1,
7290005296260,false,"אסטוניש ספריי רסס ונגב לניקוי כללי יעקבי 750 מ""ל",יעקובי אסטוניש,GB,אסטוניש רסס נגב,מיליליטרים,750.00,"100 מ""ל",false,0,9.90,1.32,true,1,
7290005423505,false,"מי פה אורביטול להלבנת השיניים 500 מ""ל",קוסמופארם,IL,מי פה אורביטול,מיליליטרים,500.00,"100 מ""ל",false,0,19.90,3.98,true,1,
7290005423543,false,משחת שיניים מלבינה לבן אורביטול 145 גרם,טרופיקל דגיל קוסמטיק,IL,משחת שיניים,גרמים,145.00,100 גרם,false,0,7.90,5.45,true,1,
7290005423635,false,ריצפז נוזל רצפות דוחה תיקנים סנו 2 ליטר,מיוצר עי קונדיטוריית,IL,ריצפז דוחה חרקים,ליטרים,2.00,ליטר,false,0,19.90,9.95,true,1,
7290005423734,false,מרכך כביסה מרוכז אולטרא פרש סנו מקסימה 4 ליטר,"סנו מפעלי ברונוס בע""\מ",IL,מרכך כביסה,ליטרים,4.00,ליטר,false,0,19.80,4.95,true,1,
7290005423871,false,שלישיית משחת שיניים מנטול אורביטול 145 גרם,טרופיקל דגיל תעשיות קוסמ,IL,משחת שיניים,גרמים,435.00,100 גרם,false,0,14.90,3.43,true,1,
7290005423888,false,אלסבון כיף שלישיה מעורב,טרופיקל דגיל תעשיות,IL,אל סבון כיף 3 יח,ליטרים,1.50,ליטר,false,0,16.90,11.27,true,1,
7290005423918,false,סנו - מקסימה מרכך כביסה היפואלרגני אלוורה 4 ליטר,"סנו מפעלי ברונוס בע""\מ",IL,מרכך כביסה,ליטרים,4.00,ליטר,false,0,19.30,4.83,true,1,
7290005424403,false,"אל סבון כיף אצות ים קטיפתי 1ליטר,",טרופיקל דגיל תעשיות,IL,אל סבון כיף,ליטרים,1.00,ליטר,false,0,9.90,9.90,true,1,
7290005424700,false,סנו - פורטה פלוס מרסס מסיר שומנים 1 ליטר,"סנו מפעלי ברונוס בע""\מ",IL,סנו פורטה פלוס,ליטרים,1.00,ליטר,false,1,14.90,14.90,true,1,
7290005424847,false,"מפיות סופט לבנות לשולחן (150 יח') ""סנו""",מיוצר עי קונדיטוריית,TR,מפיות דו שכבתי,יחידה,1.00,יחידה,false,0,5.90,5.90,true,1,
7290005425646,false,קליר נוזל לניקוי חלונות רב תכליתי סנו 1 ליטר,"סנו מפעלי ברונוס בע""\מ",IL,סנוקליר 1 ליטר,ליטרים,1.00,ליטר,false,0,8.90,8.90,true,1,
7290005425912,false,אוקסיג'ן ג'ל להסרת כתמים עם חמצן פעיל סנו 4 ליטר,סנו אוקסיג'ן,IL,ג'ל אוקסיג'ן 4ל',ליטרים,4.00,ליטר,false,0,29.90,7.48,true,1,
7290005426568,false,"קרמה - קרם לחות לשיער רגיל 400 מ""ל",טרופיקל דגיל תעשיות,IL,קרם לחות קרמה,מיליליטרים,400.00,"100 מ""ל",false,0,16.90,4.23,true,1,
7290005426575,false,"קרמה לחות לשיער יבש ללא שטיפה 400 מ""ל",טרופיקל דגיל תעשיות,IL,קרם לחות קרמה,מיליליטרים,400.00,"100 מ""ל",false,0,16.90,4.23,true,1,
7290005426735,false,"סנו - מקסימה אבקת כביסה בלאק 1.25 ק""ג",קריות זול,IL,אבקת כביסה,קילוגרמים,1.25,"ק""ג",false,0,12.90,10.32,true,1,
7290005426803,false,מקסימה מרכך כביסה פצ'ולי לבנדר סגול סנו 4 ליטר,סנו מקסימה,IL,מרכך כביסה,ליטרים,4.00,ליטר,false,0,19.80,4.95,true,1,
7290005426865,false,אורביטול - משחת שיניים לילדים בטעם מסטיק 70 גרם,טרופיקל דגיל תעשיות קוסמ,IL,משחת שיניים,גרמים,70.00,100 גרם,false,0,6.90,9.86,true,1,
7290005426940,false,"סנו K-300 מדביר חרקים 475 מ""ל",טרופיקל דגיל תעשיות,IL,300-K פלוס,מיליליטרים,400.00,"100 מ""ל",false,0,17.90,4.48,true,1,
7290005426964,false,סנובון סבון לאסלה בניחוח אפרסק סנו 3 יחידות,סנו מפעלי ברונו בעמ,IL,סנובון שלישיה,גרמים,165.00,100 גרם,false,0,14.90,9.03,true,1,
7290005427633,false,"כיף גל לשיער לשיער חזק במיוחד 1 ק""ג",קוסמופארם,IL,ג'ל כיף לשיער,קילוגרמים,1.00,"ק""ג",false,0,19.90,19.90,true,1,
7290005427749,false,אל סבון נוזלי בניחוח אצות ים עם לחות כיף 2 ליטר,טרופיקל דגיל תעשיות,IL,אלסבון כיף,ליטרים,2.00,ליטר,false,0,17.90,8.95,true,1,
7290005427787,false,"קרמה - קרם לחות לשיער מתולתל 400 מ""ל",טרופיקל דגיל תעשיות,IL,קרם לשיער קרמה,מיליליטרים,400.00,"100 מ""ל",false,0,16.90,4.23,true,1,
7290005427978,false,"תחליב רחצה לפנים פילינג קרמה 180 מ""ל",גוד פוד פרודקטס S.p,IL,תחליב רחצה לפנים,מיליליטרים,180.00,"100 מ""ל",false,0,12.90,7.17,true,1,
7290005430602,false,"סנו אוקסיג'ן ספריי להסרת כתמים עם חמצן פעיל 750 מ""ל","סנו מפעלי ברונוס בע""",IL,אוקסיג'ן מ.כתמים,מיליליטרים,750.00,"100 מ""ל",false,0,14.90,1.99,true,1,
7290005437168,false,שמן זית זך קבר רחל טעמן 1 ליטר,מוצרי יסוד - טעמן,ES,שמן זית,ליטרים,1.00,ליטר,false,0,35.90,35.90,true,1,
7290005437632,false,שמן קנולה 1 ליטר טעמן,,BE,שמן קנולה,ליטרים,1.00,ליטר,false,0,8.90,8.90,true,1,
7290005477669,false,סבון נוזלי דרמפון מועשר לחות קרליין 1 ליטר,"אמיליה קוסמטיקס בע""מ",IL,דרמפון סבון לחות,ליטרים,1.00,ליטר,false,0,14.90,14.90,true,1,
7290005559990,false,בצק פילאס תורכי מעדנות 600 גרם,מיוצר עי קונדיטוריית,IL,בצק פילאס תורכי,גרמים,600.00,100 גרם,false,0,17.90,2.98,true,1,
7290005576201,false,כרוב לבן קצוץ 400 ג' גאלט,רביבים,IL,כרוב לבן 400 גרם,גרמים,400.00,100 גרם,false,0,12.90,3.23,true,1,
7290005576218,false,כרוב אדום קצוץ 400 ג' גאלט,רביבים,IL,כרוב אדום 400 גר,גרמים,400.00,100 גרם,false,0,12.90,3.23,true,1,
7290005576225,false,קולוסלאו גלאט עלים 400ג' בי&די,רביבים,IL,קולסלאו 400 גרם,גרמים,400.00,100 גרם,false,0,12.90,3.23,true,1,
7290005576232,false,חסה אייסברג מצונן 300גרם,קטיף,IL,חסה אייסברג 300ג,גרמים,300.00,100 גרם,false,0,12.90,4.30,true,1,
7290005576249,false,לקט קלאסי ירקות מהדרין 350 גר',רביבים,IL,לקט ים תיכוני,גרמים,350.00,100 גרם,false,0,12.90,3.69,true,1,
7290005576270,false,כרוב לבן מצונן 1 קג יח,רביבים,IL,"כרוב לבן 1 ק""ג",גרמים,1000.00,100 גרם,false,0,17.90,1.79,true,1,
7290005576287,false,"קולסלאו סלט כרוב וגזר קצוץ 1 ק""ג",רביבים,IL,סלט קולסלאו,גרמים,1000.00,100 גרם,false,0,17.90,1.79,true,1,
7290005576546,false,בזיליקום טרי גלאט עלים,רביבים,IL,בזיליקום טרי גלא,יחידה,1.00,יחידה,false,1,7.90,7.90,true,1,
7290005576904,false,"חסה גלאט עלים בד""ץ [שנת שמיטה]",רביבים,IL,חסה טריה ארוזה ג,יחידה,1.00,יחידה,false,1,7.40,7.40,true,1,
7290005576928,false,"פטרוזיליה גלאט עלים בד""ץ [שנת שמיטה]",רביבים,IL,פטרוזיליה גלאט ע,יחידה,1.00,יחידה,false,1,6.40,6.40,true,1,
7290005576935,false,"כוסברה גלאט עלים בד""ץ [שנת שמיטה]",רביבים,IL,כוסברה גלאט עלים,יחידה,1.00,יחידה,false,1,6.40,6.40,true,1,
7290005576942,false,"שמיר גלאט עלים בד""ץ [שנת שמיטה]",רביבים,IL,שמיר גלאט עלים,יחידה,1.00,יחידה,false,1,6.40,6.40,true,1,
7290005576966,false,"סלרי גלאט עלים בד""ץ [שנת שמיטה]",רביבים,IL,סלרי גלאט עלים,יחידה,1.00,יחידה,false,1,7.40,7.40,true,1,
7290005576973,false,"עלי סלק גלאט עלים בד""ץ [שנת שמיטה]",רביבים,IL,סלק עלים גלאט על,יחידה,1.00,יחידה,false,1,7.40,7.40,true,1,
7290005576980,false,"בצל ירוק גלאט עלים בד""ץ [שנת שמיטה]",רביבים,IL,בצל ירוק גלאט על,יחידה,1.00,יחידה,false,1,7.40,7.40,true,1,
7290005610509,false,צנונית ארוז דוד משה 500ג',ביכורי השקמה,IL,צנונית -יח',יחידה,1.00,יחידה,false,0,5.90,5.90,true,1,
7290005680052,false,טמפונים סופר פלוס אובה 32 יחידות,גונסון אנד גונסון,GR,טמפוני או-בה,יחידה,1.00,יחידה,false,0,19.90,19.90,true,1,
7290005684272,false,חלה מתוקה ארוזה 500,,IL,חלה מתוקה,גרמים,600.00,100 גרם,false,1,11.90,1.98,true,1,
7290005684418,false,לחם כוסמין אורגני 700 גר,מאפיה מרחבית קרית שמונה,IL,לחם כוסמין,גרמים,700.00,100 גרם,false,0,14.90,2.13,true,1,
7290005684487,false,לחמניות כוסמין מקמח 6*70גר,המאפיה של הרמן,IL,לחמניות כוסמין,גרמים,420.00,100 גרם,false,1,12.90,3.07,true,1,
7290005684579,false,לחם מחמצת כוסמין 700 גרם,המאפיה של הרמן,IL,לחם מחמצת כוסמין,גרמים,700.00,100 גרם,false,1,14.90,2.13,true,1,
7290005811111,false,בייגלה מקמח כוסמין עם מלח 300 גרם,"אם החיטה בע""מ",IL,בייגלה כוסמין,גרמים,300.00,100 גרם,false,1,10.90,3.63,true,1,
7290005816017,false,"פילה סלומון קפוא בד""ץ לפ",סלטן,NO,פילה סלומון,גרמים,0.00,"ק""ג",true,1,79.90,79.90,true,1,
7290005839078,false,שמיניית יוגורט לבן 3% ביו דנונה 150 גרם,מיוצר עי קונדיטוריית,IL,דנונה ביו 8 יח,קילוגרמים,1.20,"ק""ג",false,0,15.90,13.25,true,1,
7290005896439,false,"בירה מכבי, בקבוק חוזר 500 מ''ל","טמפו משקאות בע""מ",IL,בירה מכבי,מיליליטרים,500.00,"100 מ""ל",false,0,6.90,1.38,true,1,
7290005896453,false,"בירה מכבי 7.9%, בירה חזקה, בקבוק חוזר 500 מ''ל",פארייפאבה אגרואינדוס,IL,בירה מכבי 7.9%,מיליליטרים,500.00,"100 מ""ל",false,1,6.90,1.38,true,1,
7290006079671,false,"קרם ידיים וציפורניים כשל""פ",,IL,קרם ידים,יחידה,1.00,יחידה,false,1,7.90,7.90,true,1,
7290006199768,false,מיני מגטון וניל 45 גרם,,IL,מיני מגטון וניל,גרמים,45.00,100 גרם,false,1,2.90,6.44,true,1,
7290006199942,false,"שמיניית גלידל פרי דובדבן ""פלדמן""",הגלידות של פלדמן,IL,פרי דובדבן 8יח,גרמים,640.00,100 גרם,false,0,18.90,2.95,true,1,
7290006220301,false,גולש בקר אגודים,,UY,גולש בקר אגודים,קילוגרמים,0.00,"ק""ג",true,0,49.90,49.90,true,1,
7290006251343,false,חליטת פסיפלורה מנגו הגן הקסום ויסוצקי 25 יחידות,תה ויסוצקי,IL,חליטת פסיפלורה,גרמים,62.00,100 גרם,false,0,15.90,25.65,true,1,
7290006251589,false,תה ירוק עם עלי נענע 50 שקיקים ויסוצקי,בית ויסוצקי,IL,תה ירוק נענע,גרמים,75.00,100 גרם,false,0,38.90,51.87,true,1,
7290006265500,false,פטריות שמפיניון ארוז מרינה,"מרינה פטריות הגליל בע""מ",IL,פטריות שמפניון,יחידה,1.00,יחידה,false,0,8.90,8.90,true,1,
7290006271181,false,ג'חנון אפוי למיקרוגל מעדנות 750 גרם,מיוצר עי קונדיטוריית,IL,ג'חנון אפוי,גרמים,750.00,100 גרם,false,0,17.90,2.39,true,1,
7290006322104,false,לחם ריחיים קל פרוס 500גר,מאפיית דוידוביץ ובניו בע,IL,לחם רחיים קל,גרמים,500.00,100 גרם,false,0,7.90,1.58,true,1,
7290006322470,false,לחם תשעה דגנים דוידו,מאפיית דוידוביץ ובניו בע,IL,לחם 9 דגנים קל,גרמים,500.00,100 גרם,false,0,9.90,1.98,true,1,
7290006322838,false,לחם מקמח מלא דוידובי,מאפיית דוידוביץ ובניו בע,IL,לחם קמח מלא,גרמים,750.00,100 גרם,false,0,9.90,1.32,true,1,
7290006366863,false,שוק הודו טרי,,,שוק הודו טרי,גרמים,0.00,"ק""ג",true,0,32.90,32.90,true,1,
7290006366870,false,כנף הודו ארוז קהילות טרי,שונות,IL,כנף הודו טרי,קילוגרמים,0.00,"ק""ג",true,0,19.90,19.90,true,1,
7290006374738,false,קונפיטורית תות 340 גר' יד מרדכי,אף.סי תבליני בגליל ב,IL,קונפיטורה תות,גרמים,340.00,100 גרם,false,0,12.90,3.79,true,1,
7290006492685,false,גבינת לאבנה עיזים 5% גד 250 גרם,מחלבות גד בעמ,IL,לאבנה עיזים גד,גרמים,250.00,100 גרם,false,0,15.90,6.36,true,1,
7290006492852,false,גבינת עיזים למריחה 5% שומן 250 ג' גד,קריות זול,IL,גבינת עיזים גד,גרמים,250.00,100 גרם,false,0,15.90,6.36,true,1,
7290006511157,false,"פטריות שלמות ויליפוד 400 גרם בד""ץ",אוקצ'מפס אס.איי אויי,PL,פטריות שלמות,גרמים,400.00,100 גרם,false,0,6.90,1.73,true,1,
7290006550972,false,"טחון בקר עטרה קפוא1 ק""ג",טיבון ויל אחזקות בעמ,IL,טחון בקר 1קג,גרמים,1000.00,100 גרם,false,0,24.90,2.49,true,1,
7290006618078,false,"מרסס לניקוי יסודי מטבח אסטוניש 750 מ""ל",יעקובי אסטוניש,GB,אסטוניש מרסס,מיליליטרים,750.00,"100 מ""ל",false,0,9.90,1.32,true,1,
7290006618085,false,"אסטוניש תרסיס ניקוי אמבטיה וכיורים יעקבי 750 מ""ל",יעקובי אסטוניש,GB,אסטוניש מרסס,מיליליטרים,750.00,"100 מ""ל",false,0,9.90,1.32,true,1,
7290006618146,false,"מדליק פחמים נוזלי הפי יעקבי 500 מ""ל",תות תעשיות מזון (201,NL,הפי מדליק פחם,מיליליטרים,500.00,"100 מ""ל",false,0,12.90,2.58,true,1,
7290006664051,false,"אקטימל לבן 1.51 ק""ג מארז 14 יחידות",מיוצר עי קונדיטוריית,IL,אקטימל מארז14יח',ליטרים,1.40,ליטר,false,0,28.90,20.64,true,1,
7290006664402,false,גבינה לבנה סקי 5% שומן 750 גרם,מיוצר עי קונדיטוריית,IL,גבינת סקי5%,גרמים,750.00,100 גרם,false,0,12.90,1.72,true,1,
7290006664532,false,יוגורט עם תות 3% שומן 150 ג' דנונה,מיוצר עי קונדיטוריית,IL,דנונה תות 3%,גרמים,150.00,100 גרם,false,0,3.50,2.33,true,1,
7290006664655,false,"אקטימל לבן טבעי מארז 100X8 מ""ל",מיוצר עי קונדיטוריית,IL,אקטימל לבן 8 יח,מיליליטרים,800.00,"100 מ""ל",false,0,19.90,2.49,true,1,
7290006664693,false,יוגורט עם אפרסק 3% שומן 150 ג' דנונה,מיוצר עי קונדיטוריית,IL,דנונה אפרסק %3,גרמים,150.00,100 גרם,false,0,3.50,2.33,true,1,
7290006664990,false,"יוגורט דנונה ביו לבן 1.7% שומן 8*150 מ""ל",מיוצר עי קונדיטוריית,IL,דנונה ביו 8 יח',קילוגרמים,1.20,"ק""ג",false,0,15.90,13.25,true,1,
7290006672810,false,"פילה אמנון 5-7 ארוז כשל""פ בד""ץ",,CN,פילה אמנון,קילוגרמים,0.00,"ק""ג",true,1,29.90,29.90,true,1,
7290006672841,false,פילה סלמון נרווגי,,IL,סלמון נורווגי,קילוגרמים,0.00,"ק""ג",true,1,79.90,79.90,true,1,
7290006672889,false,דג סלומון מנות נורווגי קפוא,,NO,מנות סלמון קפוא,קילוגרמים,0.00,"ק""ג",true,1,79.90,79.90,true,1,
7290006672896,false,אמנון פילה עם פס עור,,CN,אמנון עם פס עור,קילוגרמים,0.00,"ק""ג",true,1,26.90,26.90,true,1,
7290006672919,false,סטייק טונה צהובת סנפיר,,VN,סטייק טונה,קילוגרמים,0.00,"ק""ג",true,1,39.90,39.90,true,1,
7290006672926,false,דג סטייק טונה לבנה קפוא,,VN,סטייק טונה בהירה,קילוגרמים,0.00,"ק""ג",true,1,49.90,49.90,true,1,
7290006712684,false,ספיד סטיק 24/7 סטיק כחול,קולגייט פלמוליב,US,דאודורנט,גרמים,50.00,100 גרם,false,0,17.90,35.80,true,1,
7290006737151,false,עדשים הכי מתוק 80 גרם,הנמל,IL,כפתורים הכי מתוק,גרמים,80.00,100 גרם,false,0,3.90,4.88,true,1,
7290006737755,false,טורטייה 8 יחידות 320 גרם,,TR,טורטיות מקמח חיט,גרמים,320.00,100 גרם,false,1,6.90,2.16,true,1,
7290006737854,false,מרשמלו צבעוני 180 גרם,,IL,מרשמלו צבעוני,גרמים,150.00,100 גרם,false,0,3.90,2.60,true,1,
7290006739407,false,שניצל תירס לייט זוגלובק 600 גרם,נקניק נהריה כשר זוגל,IL,שניצל תירס,גרמים,630.00,100 גרם,false,0,26.90,4.27,true,1,
7290006741363,false,בורקס תפוחי אדמה זוגלובק 800 גרם,מאפיית אריאל וגידרון,IL,"בורקס תפו""א",גרמים,800.00,100 גרם,false,0,13.90,1.74,true,1,
7290006764065,false,בירה נשר מאלט ללא אלכוהול 500 מל,"טמפו משקאות בע""\ם.",IL,בירה נשר מאלט,מיליליטרים,500.00,"100 מ""ל",false,0,4.90,0.98,true,1,
7290006764072,false,"בירה גולדסטאר בקבוק 500 מ""ל חוזר","טמפו משקאות בע""\מ",IL,בירה גולדסטאר,מיליליטרים,500.00,"100 מ""ל",false,0,6.90,1.38,true,1,
7290006775016,false,עוגה מבית טוב 450 גרם תפוז,אחדות ביחר לטחינה חל,IL,עוגה תפוז,גרמים,450.00,100 גרם,false,0,8.90,1.98,true,1,
7290006775023,false,"עוגה מבית טוב"" 450 גרם אנגלית",אחדות ביחר לטחינה חל,IL,עוגה אנגלית,גרמים,450.00,100 גרם,false,0,8.90,1.98,true,1,
7290006775030,false,"עוגה מבית טוב"" 450 גרם שוקו-ציפס",אחדות ביחר לטחינה חל,IL,עוגת שוקולד ציפס,גרמים,450.00,100 גרם,false,0,8.90,1.98,true,1,
7290006775047,false,"עוגה מבית טוב"" 450 גרם שוקולד",אחדות ביחר לטחינה חל,IL,עוגת שוקולד,גרמים,450.00,100 גרם,false,0,8.90,1.98,true,1,
7290006775054,false,עוגת שיש אחווה 450 ג' אחוה,אחדות ביחר לטחינה חל,IL,עוגת שיש,גרמים,450.00,100 גרם,false,0,8.90,1.98,true,1,
7290006775085,false,עוגת שמרים במילוי שוקולד אחוה,אחדות ביחר לטחינה חל,IL,עוגת שמרים,גרמים,400.00,100 גרם,false,0,8.90,2.23,true,1,
7290006775191,false,מאפין ממולא בטעם שוקולד 50 גרם אחוה,אחדות ביחר לטחינה חל,IL,מאפין שוקולד50גר,גרמים,50.00,100 גרם,false,0,1.50,3.00,true,1,
7290006775306,false,מאפינס אישי וניל במילוי תות אחווה 50ג',אחדות ביחר לטחינה חל,IL,מאפין ממולא,גרמים,50.00,100 גרם,false,0,1.50,3.00,true,1,
7290006775344,false,עוגת שמרים במילוי קרם קינמון אחוה 400 גרם,אחדות ביחר לטחינה חל,IL,עוגת שמרים,גרמים,400.00,100 גרם,false,0,8.90,2.23,true,1,
7290006775405,false,מאפינס שוקוצ'יפס אישי אחווה 45גרם,אחדות ביחר לטחינה חל,IL,מאפין 45 גרם,גרמים,45.00,100 גרם,false,0,1.50,3.33,true,1,
7290006775764,false,"עוגת שוקוצ'יפס לל""ס אחדות 400 גר'",אחדות ביחר לטחינה חל,IL,עוגת שוקוציפס,גרמים,400.00,100 גרם,false,0,10.90,2.73,true,1,
7290006775795,false,עוגת תפוחי עץ עם מילוי מעודן אחוה 450 גרם,"אחדות ביח""ר לטחינה ח",IL,עוגת תפוחי עץ,גרמים,450.00,100 גרם,false,0,10.90,2.42,true,1,
7290006775801,false,עוגיות רוגלך שוקולד 400 גר' אחדות,אחדות ביחר לטחינה חל,IL,רוגלעך,גרמים,400.00,100 גרם,false,0,8.90,2.23,true,1,
7290006775900,false,עוגיות מיני מרוקאיות אחוה 500 גרם,"אחדות ביח""ר לטחינה",IL,עוגיות 500 גרם,גרמים,500.00,100 גרם,false,0,7.90,1.58,true,1,
7290006784865,false,סנט מוריץ לניקוי משטחי מטבחים מרוכז ועוצמתי 1ל',קומפלקס כימיקלים בעמ,IL,מרסס למטבח,ליטרים,1.00,ליטר,false,1,9.90,9.90,true,1,
7290006788405,false,"קרליין - נושם אקטיב דאודורנט רול און לאישה ברודו 75 מ""ל",מיוצר עי : אמיליה קוסמטי,IL,דאודורנט קרליין,מיליליטרים,75.00,"100 מ""ל",false,0,11.90,15.87,true,1,
7290006788429,false,"קרליין - נושם סאן רייס דאודורנט רול און לאישה כתום 75 מ""ל","אמיליה קוסמטיקס בע""מ",IL,דאודורנט קרליין,מיליליטרים,75.00,"100 מ""ל",false,0,11.90,15.87,true,1,
7290006788436,false,"קרליין - נושם פיור דאודורנט רול און לאישה ורוד 75 מ""ל",משווק: קוסמופארם בעמ,IL,דאודורנט קרליין,מיליליטרים,75.00,"100 מ""ל",false,0,11.90,15.87,true,1,
7290006788443,false,"קרליין - נושם אוקסיג'ן דאודורנט רול און לאישה סגול 75 מ""ל","אמיליה קוסמטיקס בע""מ",IL,דאודורנט קרליין,מיליליטרים,75.00,"100 מ""ל",false,0,11.90,15.87,true,1,
7290006788467,false,"קרליין - נושם אקטיב דאודורנט ספריי לאישה בורדו 200 מ""ל",מיוצר עי : אמיליה קוסמטי,IL,דאודורנט קרליין,מיליליטרים,200.00,"100 מ""ל",false,0,11.90,5.95,true,1,
7290006788498,false,"קרליין - נושם פיור דאודורנט ספריי לאישה ורוד 200 מ""ל",מיוצר עי : אמיליה קוסמטי,IL,דאודורנט קרליין,מיליליטרים,200.00,"100 מ""ל",false,0,11.90,5.95,true,1,
7290006788504,false,"קרליין - נושם אוקסיג'ן דאודורנט ספריי לאישה סגול 200 מ""ל",מיוצר עי : אמיליה קוסמטי,IL,דאודורנט קרליין,מיליליטרים,200.00,"100 מ""ל",false,0,11.90,5.95,true,1,
7290006789617,false,"קרם לחות לתלתול טבעי לשיער גלי עד מתולתל 10 קרליין 400 מ""ל",מיוצר עי : אמיליה קוסמטי,IL,קרליין קרם לשיער,מיליליטרים,400.00,"100 מ""ל",false,0,12.90,3.23,true,1,
7290006789631,false,קרליין קרם לחות לשיער רגיל 400 גרם,מיוצר עי : אמיליה קוסמטי,IL,קרם לחות לשיער,מיליליטרים,400.00,"100 מ""ל",false,0,12.90,3.23,true,1,
7290006822192,false,נקטר דיאט חמוציות אושן ספריי פריגת 1 ליטר,מבשלות בירה בינלאומיות ב,IL,אושן ספריי,ליטרים,1.00,ליטר,false,0,9.80,9.80,true,1,
7290006866363,false,מיץ סחוט אשכוליות אדומות פרימור 1 ליטר,"גניר (1992) בע""מ",IL,מיץ אשכולית סחוט,ליטרים,1.00,ליטר,false,0,14.50,14.50,true,1,
7290006989055,false,מברשת לאבק עץ אורן לכה,המברשת רוחמה,IL,מברשת לאבק,יחידה,1.00,יחידה,false,0,12.90,12.90,true,1,
7290006989253,false,מטאטא חום עם מקל,אליבו,CN,מטאטא חום עם מקל,יחידה,1.00,יחידה,false,1,18.90,18.90,true,1,
7290006989680,false,מטאטא שרובר,אליבו,IL,מטאטא שרובר,יחידה,1.00,יחידה,false,1,9.90,9.90,true,1,
7290008023542,false,שמפו לרצפות בניחוח יסמין סיף פנטסטיק 4 ליטר,יוניליוור ישראל טיפוח אי,IL,סיף שמפו לרצפות,ליטרים,4.00,ליטר,false,0,16.70,4.18,true,1,
7290008101356,false,קריספ פאנקו זהב 300 גרם מיימונס,א.ל ייצור ושיווק תבל,IL,פנקו זהוב קריספ,גרמים,300.00,100 גרם,false,1,8.90,2.97,true,1,
7290008257459,false,אלכוהול רפואי 70% 100 סמ,אריסטוקרט,IL,אלכוהול רפואי,מיליליטרים,100.00,"100 מ""ל",false,0,4.90,4.90,true,1,
7290008257503,false,רפידות הנקה אריסטוקרט 30 יח',,IL,רפידות הנקה,יחידה,1.00,יחידה,false,0,9.50,9.50,true,1,
7290008286237,false,"פילה דג סלמון נורווגי קפוא 1.1-1.4 ק""ג",נירלנדיה אורק ב.ו,NL,פילה דג סלמון,קילוגרמים,0.00,"ק""ג",true,1,67.90,67.90,true,1,
7290008300087,false,אשפתון אפור,,,שקיות אשפה,יחידה,1.00,יחידה,false,0,11.90,11.90,true,1,
7290008300094,false,שקיות אשפה שפע 50*70,,,אשפתון עם ידית,יחידה,1.00,יחידה,false,0,11.90,11.90,true,1,
7290008300100,false,'שקיות הקפאה 25*35 1,,,שקיות להקפאה,יחידה,1.00,יחידה,false,0,9.90,9.90,true,1,
7290008300452,false,200שק.אוכל נשלף 18X24 HD,,IL,שקיות אוכל,יחידה,1.00,יחידה,false,0,4.90,4.90,true,1,
7290008300483,false,200שקיות סנדויץ 17X27 LD,בריזה,IL,שקיות סנדויץ,יחידה,1.00,יחידה,false,0,8.90,8.90,true,1,
7290008300490,false,אשפתון+90*75ידיות 40 יח,בריזה,IL,אשפתון 40 יח,יחידה,1.00,יחידה,false,1,19.90,19.90,true,1,
7290008300773,false,100שק.הקפאת מזון25X35 HD,,IL,שקיות להקפאה,יחידה,1.00,יחידה,false,0,4.90,4.90,true,1,
7290008343466,false,בצק פילו 500 גרם שלושת האופים,שלושת האופים שגמור,IL,בצק פילו 500 גרם,גרמים,500.00,100 גרם,false,0,16.90,3.38,true,1,
7290008343565,false,"סיגרים תפו""א 1 ק""ג שלושת האופים","שלושת האופים בע""\מ",IL,"סיגרים תפו""א",קילוגרמים,1.00,"ק""ג",false,0,16.90,16.90,true,1,
7290008343619,false,"פסטלים תפו""א שלושת האופים 1 ק""ג","שלושת האופים בע""\מ",IL,"פסטלים תפו""א",קילוגרמים,1.00,"ק""ג",false,0,16.90,16.90,true,1,
7290008343626,false,"כדורי פלאפל 1 ק""ג שלושת האופים","שלושת האופים בע""\מ",IL,פלאפל 1 ק'ג,גרמים,1000.00,100 גרם,false,0,16.90,1.69,true,1,
7290008347211,false,אצבעות דג מצופות דלידג 700 גרם,אף.סי תבליני בגליל ב,IL,אצבעות דג,גרמים,700.00,100 גרם,false,0,19.90,2.84,true,1,
7290008443616,false,"מרכך לשיער יבש אדום נקה 7 750 מ""ל","אמיליה קוסמטיקס בע""מ",IL,קונדישנר נקה 7,מיליליטרים,750.00,"100 מ""ל",false,0,8.90,1.19,true,1,
7290008443647,false,"מרכך לשיער מתולתל סגול, 750 מ""ל נקה 7","אמיליה קוסמטיקס בע""מ",IL,קונדישנר נקה 7,מיליליטרים,750.00,"100 מ""ל",false,0,8.90,1.19,true,1,
7290008455619,false,אחדות עוף מס' 2 בשקית קפוא,אחד למהדרין,IL,עוף קפוא מס' 2,קילוגרמים,0.00,"ק""ג",true,1,25.90,25.90,true,1,
7290008455626,false,אחדות עוף מס' 3 בשקית קפוא,אחד למהדרין,IL,עוף קפוא מס' 3,קילוגרמים,0.00,"ק""ג",true,1,25.90,25.90,true,1,
7290008455800,false,"עוף טרי ארוז ""אחדות"" לנדא",,IL,עוף שלם טרי לנדא,קילוגרמים,0.00,"ק""ג",true,1,28.90,28.90,true,1,
7290008455824,false,"כרעיים עוף טרי ארוז ""אחדות"" לנדא",,IL,כרעיים טרי לנדא,קילוגרמים,0.00,"ק""ג",true,1,44.90,44.90,true,1,
7290008455831,false,"חזה עוף טרי ארוז ""אחדות"" לנדא",,IL,חזה טרי לנדא,קילוגרמים,0.00,"ק""ג",true,1,45.90,45.90,true,1,
7290008455848,false,"שוקיים עוף טרי ארוז ""אחדות"" לנדא",,IL,שוקיים טרי לנדא,קילוגרמים,0.00,"ק""ג",true,1,49.90,49.90,true,1,
7290008455855,false,"ירכיים עוף טרי ארוז ""אחדות"" לנדא",,IL,ירכיים טרי לנדא,קילוגרמים,0.00,"ק""ג",true,1,41.90,41.90,true,1,
7290008455862,false,"כנפיים טרי ארוז ""אחדות"" לנדא",,IL,כנפיים טרי לנדא,קילוגרמים,0.00,"ק""ג",true,1,17.90,17.90,true,1,
7290008455886,false,"שניצל עוף טרי ארוז ""אחדות"" לנדא",,IL,שניצל טרי לנדא,גרמים,0.00,"ק""ג",true,1,47.90,47.90,true,1,
7290008455916,false,"שניצל עוף ""פרימיום"" טרי ארוז ""אחדות"" לנדא",,IL,שניצל פרימ.לנדא,קילוגרמים,0.00,"ק""ג",true,1,53.90,53.90,true,1,
7290008464130,false,"בירה גולדסטאר Unfiltered, בירה לא מסוננת, מארז שישייה, בקבוק 330 מ""ל",טמפו,IL,בירה גולדסטאר6יח,ליטרים,1.98,ליטר,false,0,31.90,16.11,true,1,
7290008464611,false,"הסודה של טמפו, מי סודה בגיזוז חזק, 275 מל",טמפו משקאות בעמ,IL,הסודה של טמפו,מיליליטרים,275.00,"100 מ""ל",false,1,3.90,1.42,true,1,
7290008464697,false,"בירה מכבי 7.9%, בירה חזקה, מארז שישייה, בקבוק 330 מ""ל",טמפו,IL,בירה מכבי 6 יח,ליטרים,1.98,ליטר,false,0,29.90,15.10,true,1,
7290008464703,false,"שישיית בירה מכבי בקבוק 330 מ""ל",טמפו משקאות בע''מ,IL,בירה מכבי 6 בקב.,ליטרים,1.98,ליטר,false,0,29.90,15.10,true,1,
7290008464741,false,"בירה גולדסטאר, מארז שישייה, בקבוק 330 מ''ל","טמפו משקאות בע""\מ",IL,גולדסטאר 6 יח',ליטרים,1.98,ליטר,false,0,29.90,15.10,true,1,
7290008482561,false,פודינג אינסטנט בטעם,י.כהן,IL,פודינג שוקולד85ג,גרמים,85.00,100 גרם,false,1,3.90,4.59,true,1,
7290008482578,false,פודינג אינסטנט וניל 80 גרם,י.כהן,IL,פודינג וניל85 גר,גרמים,85.00,100 גרם,false,1,3.90,4.59,true,1,
7290008493703,false,בייגלה שמיניות מלח אריזה שקופה מאיר בייגל 300 גרם,מאיר את ביגל,IL,בייגלה שמיניות,גרמים,300.00,100 גרם,false,0,6.90,2.30,true,1,
7290008503877,false,סלמון נורווגי קפוא,סיבורן,NO,סלמון נורווגי,קילוגרמים,0.00,"ק""ג",true,1,74.90,74.90,true,1,
7290008636018,false,כפתורי שוקולד שמינייה מיה 240 גרם,מיה תעשיות מזון בעמ,IL,כפתורי שוקולד,יחידה,1.00,יחידה,false,0,8.90,8.90,true,1,
7290008636193,false,כמון בצנצנת מיה 300 גרם,מיה תעשיות מזון מ.ת.מ. ב,IL,כמון צנצנת,גרמים,300.00,100 גרם,false,0,14.90,4.97,true,1,
7290008636209,false,כורכום בצנצנת מיה 300 גרם,מיה תעשיות מזון מ.ת.מ. ב,IL,כורכום צנצנת,גרמים,300.00,100 גרם,false,0,14.90,4.97,true,1,
7290008636216,false,אבקת שום בצנצנת מיה 300 גרם,מיה תעשיות מזון מ.ת.מ. ב,IL,אבקת שום צנצנת,גרמים,300.00,100 גרם,false,0,24.90,8.30,true,1,
7290008636704,false,קונפיטורה משמש מיה 340 גרם,מיה תעשיות מזון מ.ת.מ. ב,IL,קונפיטורה מישמש,גרמים,340.00,100 גרם,false,0,8.90,2.62,true,1,
7290008636926,false,קקאו הולנדי בשקית מיה 500 גרם,מיה תעשיות מזון מ.ת.מ. ב,IL,אבקת קקאו,גרמים,500.00,100 גרם,false,0,12.90,2.58,true,1,
7290008636933,false,אגוזי מלך גרוסים מיה 100 גרם,מיה תעשיות מזון מ.ת.מ. ב,IL,אגוז מלך גרוס,גרמים,100.00,100 גרם,false,0,9.90,9.90,true,1,
7290008636957,false,שקדים מולבנים גרוסים מיה 100 גרם,מיה תעשיות מזון מ.ת.מ. ב,IL,שקד מולבן גרוס,גרמים,100.00,100 גרם,false,0,11.90,11.90,true,1,
7290008636964,false,שקדים מולבנים שביבים 100 גר' מיה,מיה תעשיות מזון מ.ת.מ. ב,IL,שקד מולבן משוב,גרמים,100.00,100 גרם,false,0,11.90,11.90,true,1,
7290008636988,false,גרעיני חמניות קלופים 100 גר' מיה,מיה תעשיות מזון מ.ת.מ. ב,IL,גרעיני חמניה,גרמים,100.00,100 גרם,false,0,3.00,3.00,true,1,
7290008636995,false,גרעיני דלעת קלופים מיה 100 גרם,מיה תעשיות מזון מ.ת.מ. ב,IL,גרעיני דלעת קלוף,גרמים,100.00,100 גרם,false,0,6.90,6.90,true,1,
7290008639095,false,פחזניות וניל פסים קפולסקי 280 גר',קפולסקי שיווק וקמעונ,IL,פחזניות,גרמים,280.00,100 גרם,false,0,22.90,8.18,true,1,
7290008644112,false,סלט מטבוחה יום יום אחלה 125 גרם,"שטראוס גרופ בע""\מ",IL,מטבוחה יום יום,גרמים,125.00,100 גרם,false,0,3.90,3.12,true,1,
7290008645935,false,חומוס לניגוב 750 ג' אחלה,"שטראוס גרופ בע""\מ",IL,חומוס אחלה,גרמים,750.00,100 גרם,false,0,9.90,1.32,true,1,
7290008690713,false,נקטר חמוציות אושן ספריי פריגת 1 ליטר,מבשלות בירה בינלאומיות ב,IL,אושן ספריי,ליטרים,1.00,ליטר,false,0,10.10,10.10,true,1,
7290008745239,false,תפוצ'יפס קראנצ' בטעם טבעי עלית 50 גרם,"שטראוס פריטו ליי בע""\מ )",IL,תפוצ'יפס קראנצ',גרמים,50.00,100 גרם,false,0,3.50,7.00,true,1,
7290008753111,false,תפוצ'יפס קראנץ' בטעם מקסיקני עלית 50 גרם,"שטראוס פריטו ליי בע""\מ )",IL,תפוצ'יפס קראנצ',גרמים,50.00,100 גרם,false,0,3.50,7.00,true,1,
7290008801010,false,"יין קברנה סוביניון מרלו פרייוט קולקשן 750 מ""ל",אגודת הכורמים הקאופו,IL,קברנה מרלו P.C,מיליליטרים,750.00,"100 מ""ל",false,0,32.90,4.39,true,1,
7290008801522,false,יין קינג דויד קונקורד אדום מתוק 750 מל,אגודת הכורמים הקואופרטיב,IL,יין קונקורד,מיליליטרים,750.00,"100 מ""ל",false,0,17.90,2.39,true,1,
7290008801539,false,יין כרמל 120 קינג דיוויד יקבי כרמל,אגודת הכורמים הקואופרטיב,IL,קינג דיוויד,מיליליטרים,750.00,"100 מ""ל",false,0,17.90,2.39,true,1,
7290008801546,false,יין מוסקט מתוק קינג דיוויד יקבי כרמל,אגודת הכורמים הקואופרטיב,IL,מוסקט קינג דיווד,מיליליטרים,750.00,"100 מ""ל",false,0,17.90,2.39,true,1,
7290008802291,false,יין מרלו פרייבט קולקשן יקבי כרמל,אגודת הכורמים הקואופרטיב,IL,מרלו P.C,מיליליטרים,750.00,"100 מ""ל",false,0,32.90,4.39,true,1,
7290008802512,false,"יין וינו אדום ""כרמל מזרחי""","כד בני דרום בע""מ",IL,יין אדום יבש,מיליליטרים,750.00,"100 מ""ל",false,0,18.90,2.52,true,1,
7290008802529,false,"יין לבן חצי יבש וינו 750 מ""ל",כרמל מזרחי,IL,יין לבן יבש וינו,מיליליטרים,750.00,"100 מ""ל",false,0,18.90,2.52,true,1,
7290008802895,false,יין קברנה סוביניון פרייבט קולקשן יקבי כרמל,אגודת הכורמים הקאופורטיב,IL,קברנה סוביניון,מיליליטרים,750.00,"100 מ""ל",false,0,32.90,4.39,true,1,
7290008804332,false,שיראז אדום יבש פריווט קולקשיין 750מל,אגודת הכורמים הקואופרטיב,IL,שיראז אדום יבש,מיליליטרים,750.00,"100 מ""ל",false,0,32.90,4.39,true,1,
7290008837866,false,שירת הלל 100% מיץ ענבים טבעי 1 ליטר,יקבי ארזה,IL,תירוש ענבים,ליטרים,1.00,ליטר,false,0,15.90,15.90,true,1,
7290008909853,false,"קוקה קולה זירו בקבוק 500 מ""ל.",החברה המרכזית לייצור משקאות,IL,קוקה קולה זירו,מיליליטרים,500.00,"100 מ""ל",false,0,6.20,1.24,true,1,
7290008989299,false,גרנולה חמוציות בטר אנד דיפרנט 350 גרם,,IL,גרנולה 350 גר,גרמים,350.00,100 גרם,false,0,11.90,3.40,true,1,
7290008989428,false,בטר&דיפרנט גרנולה אגוזים ושקדים 500ג,,IL,גרנולה אגוזים,גרמים,400.00,100 גרם,false,0,11.90,2.98,true,1,
7290008989572,false,ממרח חלווה בטעם וניל בטר אנד דיפרנט 350 גרם,,IL,ממרח חלבה וניל,גרמים,350.00,100 גרם,false,0,11.90,3.40,true,1,
7290008989671,false,"ציפוי עדיף פריך ""ללא גלוטן"" בטר אנד דיפרנט 250 גרם",בטר אנד דיפרנט,IL,ציפוי עדיף פריך,גרמים,250.00,100 גרם,false,0,7.90,3.16,true,1,
7290008989749,false,פריכיות קינואה +אורז מלא 200 גרם,בטר אנד דיפרנט,IL,פריכיות קינואה,גרמים,200.00,100 גרם,false,0,9.90,4.95,true,1,
7290009147155,true,צלעות בקר {2},גלאט עוף,IL,צלעות בקר {2},קילוגרמים,0.00,"ק""ג",true,1,74.90,74.90,true,1,
7290009147162,true,צוואר בקר {10},גלאט עוף,IL,צוואר בקר {10},קילוגרמים,0.00,"ק""ג",true,1,74.90,74.90,true,1,
7290009147179,true,פלאנקן בקר קפוא,גלאט עוף,IL,פלאנקן בקר קפוא,קילוגרמים,0.00,"ק""ג",true,1,84.90,84.90,true,1,
7290009147186,true,כתף בקר{4} קפוא,גלאט עוף,IL,כתף בקר{4} קפוא,קילוגרמים,0.00,"ק""ג",true,1,84.90,84.90,true,1,
7290009147193,true,לב הצוואר-לומבה-בקר,גלאט עוף,IL,לב הצוואר,קילוגרמים,0.00,"ק""ג",true,1,84.90,84.90,true,1,
7290009147209,true,צלי כתף בקר{5} שקיל,גלאט עוף,IL,צלי כתף בקר{5},קילוגרמים,0.00,"ק""ג",true,1,119.00,119.00,true,1,
7290009147216,true,פילה מדומה בקר {6} שקיל,גלאט עוף,IL,פילה מדומה בקר,קילוגרמים,0.00,"ק""ג",true,1,94.90,94.90,true,1,
7290009147223,true,שריר הזרוע בקר {8},גלאט עוף,IL,שריר הזרוע{8},קילוגרמים,0.00,"ק""ג",true,1,94.90,94.90,true,1,
7290009398618,true,סופגנ.מטוגנ.קפוא+ריבה80ג,גידרון,IL,סופגניה רגילה,גרמים,80.00,100 גרם,false,0,2.90,3.63,true,1,
7290010023141,false,תה לימונענע הגן הקסום ויסוצקי 25 יחידות,תה ויסוצקי,IL,חליטת לימונענע,גרמים,55.00,100 גרם,false,0,15.90,28.91,true,1,
7290010068005,false,פופקורן גרגרים 500 גר',,IL,פופקורן בוואקום,גרמים,500.00,100 גרם,false,0,8.90,1.78,true,1,
7290010068029,false,גריסי פנינה פרמיום 500 ג,כיטוב,IL,גריסי פנינה,גרמים,500.00,100 גרם,false,1,9.90,1.98,true,1,
7290010068036,false,עדשים ירוקים בואקום 500 ג' כי טוב,,IL,עדשים ירוקים,גרמים,500.00,100 גרם,false,0,8.90,1.78,true,1,
7290010068043,false,עדשים אדומות בואקום 500 ג' כי טוב,,IL,עדשים אדומים,גרמים,500.00,100 גרם,false,0,10.90,2.18,true,1,
7290010068074,false,שעועית לבנה טובה כיטוב 500 גרם,TBD,IL,שעועית לבנה,גרמים,500.00,100 גרם,false,0,9.90,1.98,true,1,
7290010068081,false,כי טוב כוסמת קלויה 500גר,,IL,כוסמת קלויה,גרמים,500.00,100 גרם,false,0,8.90,1.78,true,1,
7290010068098,false,"חיטה כיטוב 500 גרם בד""ץ",,IL,חיטה,גרמים,500.00,100 גרם,false,0,7.90,1.58,true,1,
7290010068104,false,שעועית אדומה כיטוב 500 גרם,,IL,שעועית אדומה,גרמים,500.00,100 גרם,false,0,9.90,1.98,true,1,
7290010068128,false,כי טוב אפונה יבשה בואקום 500גר.,,IL,אפונה יבשה,גרמים,500.00,100 גרם,false,0,7.90,1.58,true,1,
7290010068142,false,"אורז בסמטי פרימיום 1 ק""ג",כיטוב,IL,אורז בסמטי,קילוגרמים,1.00,"ק""ג",false,0,19.90,19.90,true,1,
7290010068159,false,קוואקר בוואקום כיטוב 320 גרם,,IL,קוואקר,גרמים,320.00,100 גרם,false,0,6.90,2.16,true,1,
7290010068166,false,כי טוב חיטה מלאה 500,"ע.רן שיווק כיטוב בע""מ",IL,חיטה מלאה,גרמים,500.00,100 גרם,false,0,7.90,1.58,true,1,
7290010068173,false,בורגול כיטוב 500 גרם,,IL,בורגול,גרמים,500.00,100 גרם,false,0,7.90,1.58,true,1,
7290010068180,false,"שומשום כיטוב 200 גרם בד""ץ",,IL,שומשום,גרמים,200.00,100 גרם,false,0,7.90,3.95,true,1,
7290010068197,false,שעועית מעורבת יבשה 500 ג' כי טוב,,IL,שעועית מעורבת,גרמים,500.00,100 גרם,false,0,9.90,1.98,true,1,
7290010068203,false,אורז בסמטי כיטוב 500 גרם,,,אורז בסמטי,גרמים,500.00,100 גרם,false,0,8.90,1.78,true,1,
7290010068227,false,"קינואה כיטוב 300 גרם בד""ץ",,,קינואה,גרמים,300.00,100 גרם,false,0,12.90,4.30,true,1,
7290010068234,false,"שומשום מלא כיטוב 200 גרם בד""ץ",,,שומשום מלא,גרמים,200.00,100 גרם,false,0,8.90,4.45,true,1,
7290010068241,false,כי טוב גרעיני חמניות מהדרין 200ג,,IL,גרעיני חמניות,גרמים,200.00,100 גרם,false,0,8.90,4.45,true,1,
7290010068265,false,כי טוב חומוס לבן ענק 450 גר.,,,חומוס לבן,גרמים,500.00,100 גרם,false,0,11.90,2.38,true,1,
7290010068272,false,"אורז עגול פרימיום 1 ק""ג",כיטוב,IL,"אורז עגול 1 ק""ג",קילוגרמים,1.00,"ק""ג",false,1,14.90,14.90,true,1,
7290010068289,false,פרג 150 גר מהדרין,,IL,פרג נקי,גרמים,150.00,100 גרם,false,0,9.90,6.60,true,1,
7290010068357,false,"אורז לבן פרסי בד""צ בואקום כיטוב 2 ק""ג",,IL,אורז לבן פרסי,קילוגרמים,2.00,"ק""ג",false,0,23.90,11.95,true,1,
7290010068456,false,שעועית בובס כיטוב 400 גרם,,IL,שעועית בובס,גרמים,400.00,100 גרם,false,0,10.90,2.73,true,1,
7290010068463,false,שעועית מש 500 גרם,"ע.רן שיווק כיטוב בע""מ",IL,שעועית מש,גרמים,500.00,100 גרם,false,0,10.90,2.18,true,1,
7290010068500,false,"אורז לבן פרסי בואקום כיטוב 1 ק""ג",,IL,אורז פרסי,גרמים,1000.00,100 גרם,false,0,12.90,1.29,true,1,
7290010068531,false,"אורז קלאסי בוואקום 1 ק""ג",ע.רן שיווק,IL,אורז קלאסי,קילוגרמים,1.00,"ק""ג",false,1,11.90,11.90,true,1,
7290010068555,false,גרעיני דלעת 200 גרם,,IL,גרעיני דלעת,גרמים,200.00,100 גרם,false,0,13.90,6.95,true,1,
7290010068708,false,קוואקר כיטוב הכנה מהירה 500 גרם,,IL,קוואקר שקית,גרמים,500.00,100 גרם,false,0,9.90,1.98,true,1,
7290010068753,false,קוסקוס נקי בוואקום 350 גרם כי טוב,,IL,קוסקוס,גרמים,350.00,100 גרם,false,1,7.90,2.26,true,1,
7290010068876,false,"גריסי פנינה 1 ק""ג כי טוב",,IL,גריסים,קילוגרמים,1.00,"ק""ג",false,0,13.90,13.90,true,1,
7290010068890,false,"שעועית לבנה 1 ק""ג כי טוב",,,שעועית לבנה,גרמים,1000.00,100 גרם,false,0,17.90,1.79,true,1,
7290010068906,false,"אורז מלא 1 ק""ג כי טוב",,,אורז מלא,קילוגרמים,1.00,"ק""ג",false,0,14.90,14.90,true,1,
7290010116980,false,אבקת שוקולית שקית עלית 850 ג',הנסיך- מפעל לייצור ט,IL,שוקולית עלית,גרמים,850.00,100 גרם,false,0,14.90,1.75,true,1,
7290010117864,false,דוריטוס חטיף תירס בטעם חריף אש עלית 70 גרם,"שטראוס פריטו ליי בע""\מ )",IL,דוריטוס חריף,גרמים,70.00,100 גרם,false,0,2.90,4.14,true,1,
7290010119240,false,מארז תפוצ'יפס טבעי 216 גרם 12 יחידות,"שטראוס פריטו ליי בע""\מ )",IL,תפוצ'יפס 12 יח,גרמים,216.00,100 גרם,false,0,14.90,6.90,true,1,
7290010129003,false,עוגיות אוזניים 600 גרם,ק.א. ומשווק בבלעדיות על,IL,עוגיות אוזניים,גרמים,600.00,100 גרם,false,0,16.90,2.82,true,1,
7290010129010,false,עוג.כתר במילוי ריבה 600ג,ק.א. ומשווק בבלעדיות על,IL,עוגיות כתר ריבה,גרמים,600.00,100 גרם,false,0,16.90,2.82,true,1,
7290010129027,false,עוגיות מרוקאיות 600 גרם,השוואת מחירונים,IL,עוגיות מרוקאיות,גרמים,600.00,100 גרם,false,0,16.90,2.82,true,1,
7290010129324,false,עוגיות מעמול 600 גרם,ק.א. ומשווק בבלעדיות על,IL,עוגיות מעמול,גרמים,600.00,100 גרם,false,0,16.90,2.82,true,1,
7290010129348,false,עוגיות בטעם שוקולד 600גר,ק.א. ומשווק בבלעדיות על,IL,עוגיות שוקולד,גרמים,600.00,100 גרם,false,0,16.90,2.82,true,1,
7290010129553,false,עוגיות רולדה תמרים 600 גרם,ק.א. ומשווק בבלעדיות על,IL,עוגיות רולדה,גרמים,600.00,100 גרם,false,1,16.90,2.82,true,1,
7290010129676,false,עוגיות מרוקאיות ארוך 350 גרם,קונדטוריית אנגל,IL,מרוקאיות ע' יד,גרמים,350.00,100 גרם,false,1,12.90,3.69,true,1,
7290010153503,false,שעועית בובס יבשה מיה 400 גר',מיה תעשיות מזון מ.ת.מ. ב,IL,שעועית ענק,גרמים,400.00,100 גרם,false,0,7.50,1.88,true,1,
7290010153510,false,בורגול יבש מיה 500 גר',מיה תעשיות מזון מ.ת.מ. ב,IL,בורגול,גרמים,500.00,100 גרם,false,0,4.90,0.98,true,1,
7290010153527,false,ג'ריש מיה 500 גרם,מיה תעשיות מזון מ.ת.מ. ב,IL,ג'ריש,גרמים,500.00,100 גרם,false,0,4.90,0.98,true,1,
7290010153534,false,קמח תירס מיה 400 גרם,מיה תעשיות מזון מ.ת.מ. ב,IL,קמח תירס,גרמים,400.00,100 גרם,false,0,4.90,1.23,true,1,
7290010153541,false,שיבולת שועל קוואקר מהיר הכנה מיה 500 גר',מיה תעשיות מזון מ.ת.מ. ב,IL,שיבולת שועל,גרמים,500.00,100 גרם,false,0,5.90,1.18,true,1,
7290010153688,false,חומץ רכיבים טבעיים 1 ליטר,פרידמן תעשיות חומץ ו,IL,חומץ טבעי,מיליליטרים,1000.00,"100 מ""ל",false,0,5.90,0.59,true,1,
7290010153770,false,ציפוי לשניצל פיקנטי מיה 500 גרם,מיה תעשיות מזון מ.ת.מ. ב,IL,ציפוי לשניצל,גרמים,500.00,100 גרם,false,0,7.90,1.58,true,1,
7290010153787,false,ציפוי לשניצל עם שום מיה 500 גרם,מיה תעשיות מזון מ.ת.מ. ב,IL,ציפוי לשניצל,גרמים,500.00,100 גרם,false,0,7.90,1.58,true,1,
7290010153794,false,ציפוי לשניצל עם עשבי תיבול מיה 500 גרם,מיה תעשיות מזון מ.ת.מ. ב,IL,ציפוי לשניצל,גרמים,500.00,100 גרם,false,0,7.90,1.58,true,1,
7290010153800,false,ציפוי לשניצל עם תיבול עדין מיה 500 גרם,מיה תעשיות מזון מ.ת.מ. ב,IL,ציפוי לשניצל,גרמים,500.00,100 גרם,false,0,7.90,1.58,true,1,
7290010153817,false,ריבת חלב אמיתי מיה 400 גרם,מיה תעשיות מזון מ.ת.מ. ב,IL,ריבת חלב,גרמים,400.00,100 גרם,false,0,9.90,2.48,true,1,
7290010153848,false,תבלין פפריקה מרוקאי בשמן 80 גר' מיה,מיה תעשיות מזון מ.ת.מ. ב,IL,פפריקה בשמן,גרמים,80.00,100 גרם,false,0,5.70,7.13,true,1,
7290010153855,false,פפריקה מרוקאית בשמן 300 גרם צנצנת,מיה תעשיות מזון מ.ת.מ. ב,IL,פפריקה מרוקאית,גרמים,300.00,100 גרם,false,0,14.90,4.97,true,1,
7290010153879,false,ריבת חלב מרוכזת בטעם שמנת מיה 400 גר',מיה תעשיות מזון מ.ת.מ. ב,IL,ריבת חלב ט.שמנת,גרמים,400.00,100 גרם,false,0,9.90,2.48,true,1,
7290010153978,false,קונפיטורה שזיפים מיה 340 גרם,מיה תעשיות מזון מ.ת.מ. ב,IL,קונפיטורה שזיפים,גרמים,340.00,100 גרם,false,0,8.90,2.62,true,1,
7290010175048,false,מיץ בטעם לימון משומר 1 ליטר טעמן,טעמן,IL,מיץ לימון משומר 1 ליטר,ליטרים,1.00,ליטר,false,0,3.90,3.90,true,1,
7290010176014,false,מיץ לימון טרי 1 ליטר (סחוט מ-32 לימונים),,IT,מיץ לימון,ליטרים,1.00,ליטר,false,0,12.90,12.90,true,1,
7290010193288,false,קישקע ממולא גלאט עוף 500 גרם,מ ב גלאט עוף למהדרין,IL,קישקע קפוא 500 ג,גרמים,500.00,100 גרם,false,0,14.90,2.98,true,1,
7290010193387,false,נקניק תה מעושן גלאט עוף 400 גרם,גלאט עוף,IL,תה מעושן,גרמים,400.00,100 גרם,false,0,19.90,4.98,true,1,
7290010193431,false,נקניק סלמי גלאט עוף מובחר 200 גרם,גלאט עוף,IL,סלמי מובחר200גרם,גרמים,200.00,100 גרם,false,0,12.90,6.45,true,1,
7290010193448,false,פסרמה רומנית גלאט עוף 400 גרם,מ ב גלאט עוף למהדרין,IL,פסטרמה רומנית,גרמים,400.00,100 גרם,false,0,29.90,7.48,true,1,
7290010193479,false,מעדן שווארמה הודו קפוא 200 גר' גלאט,מ ב גלאט עוף למהדרין,IL,מעדן שווארמה200ג,גרמים,200.00,100 גרם,false,0,13.90,6.95,true,1,
7290010193486,false,חזה הודו מעושן גלאט עוף 400 גרם,מ ב גלאט עוף למהדרין,IL,חזה הודו מעושן,גרמים,400.00,100 גרם,false,0,28.90,7.23,true,1,
7290010193608,false,"שלישיית מארזי נקניקיות גלאט עוף 300 גרם בד""ץ",מ ב גלאט עוף למהדרין,IL,נקניקיות עוף,גרמים,900.00,100 גרם,false,0,19.90,2.21,true,1,
7290010193615,false,מארז זוגי פסטרמה הודו מעושן+תה מעושן גלאט עוף 300 גרם,מ ב גלאט עוף למהדרין,IL,נקניק תה+פסטרמה,גרמים,600.00,100 גרם,false,0,22.90,3.82,true,1,
7290010193837,false,נגיסי עוף גלאט עוף 2,מ ב גלאט עוף למהדרין,IL,נגיסי עוף,קילוגרמים,2.00,"ק""ג",false,0,59.90,29.95,true,1,
7290010193851,false,"שניצל אמריקאי גלאט עוף 2 ק""ג",מ ב גלאט עוף למהדרין,IL,שניצל אמריקאי,קילוגרמים,2.00,"ק""ג",false,0,59.90,29.95,true,1,
7290010193875,false,נקניקיות עוף גלאט עוף,מ ב גלאט עוף למהדרין,IL,נקניקיות עוף,קילוגרמים,1.50,"ק""ג",false,0,29.90,19.93,true,1,
7290010193929,false,שניצלונים בשומשום 1.3 קג,מ ב גלאט עוף למהדרין,IL,שניצלונים שומשום,קילוגרמים,1.30,"ק""ג",false,1,59.90,46.08,true,1,
7290010193998,false,קישקע פרווה 700 גרם,גלאט עוף,IL,קישקע פרווה,גרמים,700.00,100 גרם,false,1,17.90,2.56,true,1,
7290010237531,false,פפסי קולה פלסטיק 500מל,סנו מפעלי ברונוס.,IL,פפסי בקבוק,מיליליטרים,500.00,"100 מ""ל",false,0,3.50,0.70,true,1,
7290010237548,false,"פפסי מקס דל קלוריות 500 מ""ל בקבוק",טמפו משקאות בעמ,IL,פפסי מקס,מיליליטרים,500.00,"100 מ""ל",false,0,3.30,0.66,true,1,
7290010237562,false,משקה פפסי מרינדה קוו,"טמפו משקאות בע""מ",IL,מירינדה,מיליליטרים,500.00,"100 מ""ל",false,0,3.50,0.70,true,1,
7290010237579,false,משקה סבן אפ קוול 500,"טמפו משקאות בע""מ",IL,סבנ אפ,מיליליטרים,500.00,"100 מ""ל",false,0,3.50,0.70,true,1,
7290010237784,false,בירה שנדי בתוספת משקה לימון ליים - שישייה,"טמפו משקאות בע""\מ",IL,מכבי שנדי 6 יח,ליטרים,1.98,ליטר,false,0,29.90,15.10,true,1,
7290010237890,false,"בירה הייניקן בקבוק 500 מ""ל חוזר",טמפו משקאות בע''מ,IL,בירה הייניקן,מיליליטרים,500.00,"100 מ""ל",false,0,7.90,1.58,true,1,
7290010259830,false,מנת השף נודלס בסגנון סיני פיקנטי וילי פוד 70 גרם,נמצ'או(תאילנד) בעמ,TH,מנת השף נודלס,גרמים,70.00,100 גרם,false,0,3.90,5.57,true,1,
7290010259847,false,מנת השף מרק עם נודלס בטעם תירס ויליפוד 70 גרם,קריות זול,TH,מנת השף נודלס,גרמים,70.00,100 גרם,false,0,3.90,5.57,true,1,
7290010328093,false,ממרח חלווה אחווה 400 ג' מהדרין,אחדות בית חרושת לטחי,IL,ממרח חלוה,גרמים,400.00,100 גרם,false,0,8.90,2.23,true,1,
7290010328239,false,טחינה גולמית מתובלת אחווה 500 ג',אחדות ביחר לטחינה חל,IL,טחינה מתובלת,גרמים,500.00,100 גרם,false,0,9.90,1.98,true,1,
7290010328680,false,עוגה בטעם שוקולד עם שוקוצ'יפס מריר ולבן 450 גרם,אחדות ביחר לטחינה חל,IL,עוגת שוקולד450גר,גרמים,450.00,100 גרם,false,1,8.90,1.98,true,1,
7290010328710,false,קיצפיות בטעם וניל תות 18,אחדות ביחר לטחינה חל,IL,קיצפיות 180 גרם,גרמים,180.00,100 גרם,false,1,7.50,4.17,true,1,
7290010328727,false,ממרח טחינה עם שוקולד אחווה 400 גרם,אחדות ביחר לטחינה חל,IL,ממרח שומשום 400ג,גרמים,400.00,100 גרם,false,1,8.90,2.23,true,1,
7290010328734,false,ממרח טחינה עם סילאן משומשום מלא,אחדות ביחר לטחינה חל,IL,ממרח שומשום400גר,גרמים,400.00,100 גרם,false,1,8.90,2.23,true,1,
7290010328819,false,"ממרח טחינה עם שוקולד לל""ס 400 ג' אחדות!.",אחדות ביחר לטחינה חל,IL,ממרח טחינה,גרמים,400.00,100 גרם,false,1,8.90,2.23,true,1,
7290010328895,false,מאפין בטעם שוקולד45 גרם אחוה,אחדות ביחר לטחינה חל,IL,מאפין שוקולד45ג,גרמים,45.00,100 גרם,false,1,1.50,3.33,true,1,
7290010328901,false,מאפין בטעם וניל אחוה 45 גרם,אחדות ביחר לטחינה חל,IL,מאפין בטעם וניל,גרמים,45.00,100 גרם,false,1,1.50,3.33,true,1,
7290010329984,false,שוקולד כרמית ציפס מר,כרמית תעשיות ממתקים בעמ,IL,שוקולד צ'יפס,גרמים,250.00,100 גרם,false,0,8.90,3.56,true,1,
7290010429554,false,"שמן זית כתית מעולה יד מרדכי 2 קלאסי, 750 מ""ל",מכוורת יד מרדכי שטראוס ב,IL,שמן זית 2 קלאסי,מיליליטרים,750.00,"100 מ""ל",false,0,32.90,4.39,true,1,
7290010471669,false,יוגורט תות עם קורנפלקס מצופה שוקולד ללא גלוטן 3.9%,"שטראוס בריאות בע""\מ",IL,דנונה בר תות,גרמים,175.00,100 גרם,false,0,4.30,2.46,true,1,
7290010617906,false,מברשת לניקוי בקבוק יוקרתית (906),אריסטוקרט,IL,מברשת לניקוי,יחידה,1.00,יחידה,false,0,12.90,12.90,true,1,
7290010617968,false,"קיסמי שיניים דנטליים כשל""פ",אריסטוקרט,,קסמי שיניים דנטל,יחידה,1.00,יחידה,false,0,8.90,8.90,true,1,
7290010748860,false,"ד""ר פישר - אפקטיב קר קרם ידיים אינטנסיב 150 מ""ל",פישר מעבדות פרמצבטיות בע,IL,קרם ידיים,מיליליטרים,150.00,"100 מ""ל",false,0,11.90,7.93,true,1,
7290010827886,false,מגבונים לתינוק 72 דף,דינמיק,IL,מגבונים לתינוק,יחידה,1.00,יחידה,false,1,1.90,1.90,true,1,
7290010838219,false,ממתיק על בסיס צמח הסטיביה - שקיות,"קיפל טבליות וממתיקים בע""מ",IL,ממתיק מרמולייט,גרמים,100.00,100 גרם,false,0,29.90,29.90,true,1,
7290010838424,false,ג'ל לניקוי מתקדם בניחוח רענן - מארז זוג,"איטיליאן פוד, אס.פי.",NL,דאק לאסלה זוג,ליטרים,1.50,ליטר,false,0,16.90,11.27,true,1,
7290010838431,false,דאק נוזל לניקוי אסלות זוג בניחוח ים 2*750 מל,מיוצר עי קונדיטוריית,NL,דאק לאסלה זוג,ליטרים,1.50,ליטר,false,0,16.90,11.27,true,1,
7290010883042,false,"סנובון נוזלי אפקט קצף פעיל רענן תות 750 מ""ל",סנו מפעלי ברונוס בעמ,IL,סנובון נוזלי,מיליליטרים,750.00,"100 מ""ל",false,0,8.90,1.19,true,1,
7290010883370,false,כפפות אלוורה רב שימושיות בינוניות M סנו סושי,האי נאם סי או אל.טי.,CN,סנו סוש כפפות,יחידה,1.00,יחידה,false,0,8.90,8.90,true,1,
7290010903917,false,שניצל תירס שף הטבע 1,משק ויילר,IL,"שניצל תירס 1 ק""ג",קילוגרמים,1.00,"ק""ג",false,1,21.90,21.90,true,1,
7290010903924,false,שניצל צמחי דק שף הטב,משק ויילר,IL,"שניצל צמחי1 ק""ג",קילוגרמים,1.00,"ק""ג",false,1,21.90,21.90,true,1,
7290010903931,false,כוכבי תירס שף הטבע 1,משק ויילר,IL,"כוכבי תירס 1 ק""ג",קילוגרמים,1.00,"ק""ג",false,1,21.90,21.90,true,1,
7290010922888,false,"בקר טחון טהור 1 ק""ג ארוז -אשפר","בלדי בע""\מ",IL,"בקר טחון 1 ק""ג",יחידה,1.00,יחידה,false,1,37.90,37.90,true,1,
7290010922895,false,המבורגר בקר בלדי אשפר 400 גרם ארוז,"בלדי בע""\מn\",IL,המבורגר בקר400גר,גרמים,400.00,100 גרם,false,1,12.90,3.23,true,1,
7290010922901,false,קבב מזרחי קפוא ארוז אשפר 400 גרם בלדי,"בלדי בע""\מ",IL,קבב מזרחי 400גרם,גרמים,400.00,100 גרם,false,1,12.90,3.23,true,1,
7290010931330,false,סלט מטבוחה אחלה 500 גרם,מיוצר עי קונדיטוריית,IL,סלט מטבוחה אחלה,גרמים,500.00,100 גרם,false,0,14.90,2.98,true,1,
7290010945306,false,חלב בקרטון 3% 2 ליטר טרה,הפריט בפיקוח,IL,חלב 3% בקרטון,ליטרים,2.00,ליטר,false,0,10.90,5.45,true,1,
7290010945450,false,גבינה לבנה 3% 250 גר מועשר בסידן וויטמין,הפריט בפיקוח,IL,גבינה לבנה3%,גרמים,250.00,100 גרם,false,0,4.50,1.80,true,1,
7290010945481,false,גבינה לבנה טרה 5% מרכיבים טבעיים,הפריט בפיקוח,IL,גבינה לבנה 5%,גרמים,500.00,100 גרם,false,0,9.20,1.84,true,1,
7290010967544,false,חטיף תירס קלאסי באפי,חטיפי העמק,IL,חטיף תירס 60 גרם,גרמים,60.00,100 גרם,false,0,2.90,4.83,true,1,
7290011115203,false,אל סבון מוצק מבושם בניחוח עדין קלאסיק - מארז רביעיה,טרופיקל דגיל תעשיות,IL,סבון נקה 7 4 יח,גרמים,400.00,100 גרם,false,0,8.90,2.23,true,1,
7290011115241,false,אל סבון ארומטי מוצק ורוד ורד ויסמין - מארז רביעיה,"גליל כימיכלים בע""מ",IL,סבון נקה 4X 7,גרמים,400.00,100 גרם,false,0,8.90,2.23,true,1,
7290011126452,false,הגן הקסום תה בטעם קמומיל ונענע ויסוצקי 25 יחידות,תה ויסוצקי,IL,חליטת קמומיל,גרמים,37.00,100 גרם,false,0,15.90,42.97,true,1,
7290011132583,false,"מארז פפסי מקס 500 מ""ל*6 יח' בקבוק","טמפו משקאות בע""\מ",IL,פפסי מקס 6 יח,ליטרים,3.00,ליטר,false,0,17.40,5.80,true,1,
7290011133368,false,בירה שנדי בתוספת משקה תפוח - שישייה,"טמפו משקאות בע""מ",IL,מכבי שנדי 6 יח,ליטרים,1.98,ליטר,false,0,29.90,15.10,true,1,
7290011133375,false,בירה שנדי בתוספת משקה אפרסק - שישייה,"טמפו משקאות בע""מ",IL,מכבי שנדי 6 יח,ליטרים,1.98,ליטר,false,0,29.90,15.10,true,1,
7290011133634,false,"פפסי מקס פחית צרה מארז שישייה 330 מ""ל","טמפו משקאות בע""\מ",IL,פפסי מקס 6 פחיות,ליטרים,1.98,ליטר,false,1,16.50,8.33,true,1,
7290011154035,false,"תרכיז תפוחים סחוט טעמי הגליל 500 מ""ל",טעמי הגליל,IL,תרכיז תפוחים,מיליליטרים,500.00,"100 מ""ל",false,1,18.50,3.70,true,1,
7290011154042,false,"ממרח תמרים בד""ץ 450 גרם",,IL,"ממרח תמרים בד""ץ",גרמים,450.00,100 גרם,false,1,5.90,1.31,true,1,
7290011154103,false,"רסק תפו""ע ללא סוכר ד",,IL,"רסק תפו""ע",גרמים,560.00,100 גרם,false,0,6.90,1.23,true,1,
7290011154110,false,"רסק תפו""ע דרומה A2",,IL,"רסק תפו""ע",גרמים,560.00,100 גרם,false,0,6.90,1.23,true,1,
7290011154134,false,סילאן דבש תמרים צנצנת900,,IL,סילאן צנצנת,גרמים,900.00,100 גרם,false,0,13.90,1.54,true,1,
7290011154318,false,סילאן טבעי 900גר טעמי הגליל,טעמי הגליל,IL,סילאן טבעי,גרמים,900.00,100 גרם,false,1,19.90,2.21,true,1,
7290011164539,false,סוכריות טופי ממולא בטעם פירות 120 יחידות 600 גרם,פאסין אס אי,BR,סוכריות טופי,גרמים,600.00,100 גרם,false,0,12.90,2.15,true,1,
7290011164546,false,סוכריות טופי ממולא בטעם חמוץ 120 יחידות 600 גרם,פאסין אס אי,BR,סוכריות טופי,גרמים,600.00,100 גרם,false,0,12.90,2.15,true,1,
7290011164553,false,סוכריות טופי ממולא בטעם פירות 175 יחידות 700 גרם,טעמן,BR,סוכריות טופי,גרמים,700.00,100 גרם,false,0,12.90,1.84,true,1,
7290011174187,false,אפונה ירוקה 550 גר' ויטה,פרי הגליל,IL,אפונה גינה,גרמים,580.00,100 גרם,false,0,4.90,0.84,true,1,
7290011174194,false,אפונה גינה וגזר ויטה550ג,פרי גליל,IL,אפונה וגזר,גרמים,550.00,100 גרם,false,0,4.90,0.89,true,1,
7290011174392,false,"שעועית ברוטב עגבניות ויטה 570 גרם בד""צ",פרי הגליל בעמ,IL,שעועית אפויה,גרמים,570.00,100 גרם,false,0,4.90,0.86,true,1,
7290011194246,false,קוטג' 5% עם סידן 250 ג' שטראוס,מיוצר עי קונדיטוריית,IL,קוטג' 5% שומן,גרמים,250.00,100 גרם,false,0,5.60,2.24,true,1,
7290011202316,false,גריל עוף 80 גרם,,IL,גריל עוף 80 גרם,גרמים,80.00,100 גרם,false,0,3.50,4.38,true,1,
7290011202323,false,פפריקה חריפה80ג,,IL,פפריקה חריפה80ג,גרמים,80.00,100 גרם,false,0,3.50,4.38,true,1,
7290011202330,false,כמון בשקית50גרם,,IL,כמון בשקית50גרם,גרמים,50.00,100 גרם,false,0,3.50,7.00,true,1,
7290011202354,false,כורכום בשקית80גר,,IL,כורכום בשקית80גר,גרמים,80.00,100 גרם,false,0,3.50,4.38,true,1,
7290011202361,false,אורגנו בשקית,,,אורגנו בשקית,גרמים,30.00,100 גרם,false,0,3.50,11.67,true,1,
7290011202378,false,קינמון 80 גרם,,IL,קינמון 80 גרם,גרמים,80.00,100 גרם,false,0,3.50,4.38,true,1,
7290011202385,false,מלח לימון בשקית,,,מלח לימון בשקית,גרמים,80.00,100 גרם,false,0,3.50,4.38,true,1,
7290011202408,false,שביבי בצל בשקית,,IL,שביבי בצל בשקית,גרמים,40.00,100 גרם,false,0,3.50,8.75,true,1,
7290011202415,false,סודה לשתיה,,,סודה לשתיה,גרמים,200.00,100 גרם,false,0,3.50,1.75,true,1,
7290011202835,false,פפריקה מתוקה קופסה 300 ג,,IL,פפריקה מתוקה קופסה 300 ג,גרמים,300.00,100 גרם,false,0,11.90,3.97,true,1,
7290011202866,false,מלח לימון דרומה 300,,IL,מלח לימון צנצנת,גרמים,300.00,100 גרם,false,0,11.90,3.97,true,1,
7290011202873,false,סודה לשתיה 800 גרם,דרומה,IL,סודה לשתיה,גרמים,600.00,100 גרם,false,0,11.90,1.98,true,1,
7290011202897,false,אבקת שום דרומה 300 ג,דרומה,IL,אבקת שום,גרמים,300.00,100 גרם,false,0,11.90,3.97,true,1,
7290011202910,false,כורכום 300 גרם,דרומה,IL,כורכום,גרמים,300.00,100 גרם,false,0,11.90,3.97,true,1,
7290011240141,false,דיפלומט תפוזים,,,דיפלומט תפוזים,מיליליטרים,700.00,"100 מ""ל",false,0,79.90,11.41,true,1,
7290011240332,false,מיץ ענבים אדום תירוש יקבי ציון 1 ליטר,יקבי ציון,IL,תירוש ענבים,ליטרים,1.00,ליטר,false,0,12.90,12.90,true,1,
7290011240868,false,"יין מוסקטו אדום מבעבע יקבי ציון 750 מ""ל",יקבי ציון,IL,מוסקטו אדום,מיליליטרים,750.00,"100 מ""ל",false,0,24.90,3.32,true,1,
7290011240905,false,"יין מוסקטו לבן מבעבע יקבי ציון 750 מ""ל",יקבי ציון,IL,מוסקטו לבן,מיליליטרים,750.00,"100 מ""ל",false,0,24.90,3.32,true,1,
7290011249212,false,וופל עלמה בלגי לימון 200 גר' ללא סוכר,"גילרו בע""מ",IL,וופל 200 גרם,גרמים,200.00,100 גרם,false,1,2.90,1.45,true,1,
7290011249748,false,רולים גלילי ופל במילוי קרם שוקולד 100 ג' עלמה,"גילרו בע""מ",IL,רולים בטעם שוקו,גרמים,100.00,100 גרם,false,0,3.90,3.90,true,1,
7290011249755,false,רולים גלילי ופל במילוי קרם אגוזים 100 ג' עלמה,"גילרו בע""מ",IL,רולים טעם אגוז,גרמים,100.00,100 גרם,false,0,3.90,3.90,true,1,
7290011254018,false,שעועית מש מיה 500 גר',מיה תעשיות מזון מ.ת.מ. ב,IL,שעועית מש,גרמים,500.00,100 גרם,false,0,6.90,1.38,true,1,
7290011254230,false,תן צ'אפ חטיף טבעות מארז 15X10ג',מיה תעשיות מזון מ.ת.מ. ב,IL,מארז תן צ'אפ,גרמים,120.00,100 גרם,false,0,7.90,6.58,true,1,
7290011254346,false,"קינואה מיה בד""צ 1 ק""ג",מיה תעשיות מזון מ.ת.מ. ב,IL,קינואה,קילוגרמים,1.00,"ק""ג",false,0,19.90,19.90,true,1,
7290011254452,false,סוכריות ללא תוספת סוכר בטעם מנטה מיה 80 גרם,מיה תעשיות מזון מ.ת.מ. ב,IL,סוכריות ללא סוכר,גרמים,80.00,100 גרם,false,0,5.80,7.25,true,1,
7290011254698,false,"שמן זית כתית מעולה 750מ""ל בד''ץ",מיולאוליבה ספרד,ES,שמן זית,מיליליטרים,750.00,"100 מ""ל",false,0,29.90,3.99,true,1,
7290011254728,false,ג'לטין טהור בקרטוני מיה 25 גרם,מיה תעשיות מזון מ.ת.מ. ב,IL,ג'לטין טהור,גרמים,25.00,100 גרם,false,0,9.90,39.60,true,1,
7290011254766,false,"שעועית לוביה יבשה מיה 400 גר'בד""צ",מיה תעשיות מזון מ.ת.מ. ב,IL,שעועית לוביה,גרמים,400.00,100 גרם,false,0,6.90,1.73,true,1,
7290011254773,false,שעועית ארגנטינאית יבשה מיה 500 גר',מיה תעשיות מזון מ.ת.מ. ב,IL,שעועית ארגנטינאי,גרמים,500.00,100 גרם,false,0,8.90,1.78,true,1,
7290011254780,false,"שעועית ארגנטינאית יבשה מיה 1 ק""ג",מיה תעשיות מזון מ.ת.מ. ב,IL,"שעועית 1 ק""ג",קילוגרמים,1.00,"ק""ג",false,0,16.90,16.90,true,1,
7290011254810,false,סוכריות ג'לילנד דובונים פרי קיץ 125 גרם,מיה תעשיות מזון מ.ת.מ. ב,IL,סוכריות גלי 125ג,גרמים,125.00,100 גרם,false,0,4.90,3.92,true,1,
7290011254827,false,סוכריות ג'לילנד פלחי הדר מיה 125ג',מיה תעשיות מזון מ.ת.מ. ב,IL,סוכריות גלי 125ג,גרמים,125.00,100 גרם,false,0,4.90,3.92,true,1,
7290011254841,false,"סוכריות ג'לילנד חמוצמוצים 125ג' מיה בד""צ",מיה תעשיות מזון מ.ת.מ. ב,IL,סוכריות גלי 125ג,גרמים,125.00,100 גרם,false,0,4.90,3.92,true,1,
7290011254858,false,סוכריות ג'לילנד ג'ונגל בטעמים טרופיים 125 גר',מיה תעשיות מזון מ.ת.מ. ב,IL,סוכריות ג'לי בטע,יחידה,1.00,יחידה,false,1,4.90,4.90,true,1,
7290011254964,false,מאגדת ג'לי טבעי מיה 250 גרם,מיה תעשיות מזון מ.ת.מ. ב,IL,סוכריות גלי10*25,גרמים,250.00,100 גרם,false,0,8.90,3.56,true,1,
7290011431037,false,כוסות קרטון 12 OZ איכותי 50 יחי' שמאי,,TR,כוסות שתיה חמה,יחידה,1.00,יחידה,false,1,18.90,18.90,true,1,
7290011431341,false,"מזלג איכותי שמאי 100 יחי' כשל""פ עד""ח",,TR,מזלג חד פעמי,יחידה,1.00,יחידה,false,1,7.50,7.50,true,1,
7290011431358,false,כפיות איכותי ר. שמאי 100 יחי' כשל''פ עד''ח,,TR,כפיות חד פעמי,יחידה,1.00,יחידה,false,1,5.90,5.90,true,1,
7290011431365,false,סכינים חד פעמי ר.שמאי 100 יחידות,,TR,סכין חד פעמי,יחידה,1.00,יחידה,false,1,7.50,7.50,true,1,
7290011431983,false,"כוסיות ליקר איכותי 40 יח' כשל""פ עד""ח שמאי",,TR,כוסיות ליקר40 יח,יחידה,1.00,יחידה,false,0,5.90,5.90,true,1,
7290011438142,false,"משקה יטבתה אייס קפה בבקבוק אישי 350 מ""ל",שטראוס גרופ,IL,משקה חלב קפה,מיליליטרים,350.00,"100 מ""ל",false,0,5.90,1.69,true,1,
7290011457051,false,"ליקר צלו שוקולד בד""ץ 500 מ""ל",ישראליקר,IL,ליקר שוקולד,מיליליטרים,500.00,"100 מ""ל",false,0,29.90,5.98,true,1,
7290011489694,false,פרורי ביסקוויט בטעם וניל 300 גר'.,אפיפית נצרת,IL,פירורי בסקוויט,גרמים,300.00,100 גרם,false,0,4.90,1.63,true,1,
7290011489700,false,פרורי ביסקוויט בטעם שוקו 300 גר'.,אפיפית נצרת,IL,פירורי בסקוויט,גרמים,300.00,100 גרם,false,0,4.90,1.63,true,1,
7290011498962,false,שקד לבן בכבישה קרה 300 ג,"אלמונדס בע""מ",IL,שקד לבן כבישה קר,גרמים,300.00,100 גרם,false,0,29.90,9.97,true,1,
7290011499051,false,פטה כבשים מסורתית 20% בגביע 250 גרם - רובין,MKN עבור מחלבות גד ב,IL,פטה כבשים,גרמים,250.00,100 גרם,false,0,22.90,9.16,true,1,
7290011499358,false,פטה עיזים מסורתית 20% בגביע 200 גרם - רובין,מיוצר על ידי קוד יצר,IL,פטה עיזים20%,גרמים,200.00,100 גרם,false,0,22.90,11.45,true,1,
7290011499686,false,גבינה צפתית במליחות מעודנת 5% גד 350 גרם,גבינות מדף,IL,גבינה צפתית,גרמים,350.00,100 גרם,false,0,19.90,5.69,true,1,
7290011499730,false,בולגרית מסורתית 5% גביע 250 גרם מהדרין - רובין,גבינות מדף,IL,גבינה בולגרית 5%,גרמים,250.00,100 גרם,false,0,21.90,8.76,true,1,
7290011499822,false,בולגרית מעודנת 5% 250 גרם מהדרין - רובין,גבינות מדף,IL,גבינה בולגרית 5%,גרמים,250.00,100 גרם,false,0,20.90,8.36,true,1,
7290011515683,false,מאגדת טילון אקסטרים וניל נסטלה 6 יחידות,תות תעשיות מזון (201,IL,מאגדת אקסטרים,גרמים,432.00,100 גרם,false,0,23.90,5.53,true,1,
7290011515911,false,מאגדת לייט ריבת חלב נסטלה 6 יחידות,גלידות נסטלה )נגה גלידות,IL,מאגדת לייט,גרמים,312.00,100 גרם,false,0,22.90,7.34,true,1,
7290011518561,false,"אקטימל תות 1.51 ק""ג מארז 14 יחידות",מיוצר עי קונדיטוריית,IL,אקטימל מארז14יח',ליטרים,1.40,ליטר,false,0,28.90,20.64,true,1,
7290011575809,false,"הגרטי תרסיס לניקוי כלי כסף יעקבי 200 מ""ל",יעקובי הפי,BE,מבריק כלי כסף,מיליליטרים,200.00,"100 מ""ל",false,0,27.90,13.95,true,1,
7290011598211,false,"סנו - אנטי קאלק מרסס ניקוי כללי 4 ב-1 700 מ""ל",מיוצר עי קונדיטוריית,IL,סנו אנטי קאלק,מיליליטרים,700.00,"100 מ""ל",false,0,14.90,2.13,true,1,
7290011598372,false,"מטלית מקצועית לריצפה פרופישיונל ""סנו סושי""",סנו מפעלי ברונוס.,IL,מטלית לרצפה,יחידה,1.00,יחידה,false,0,9.90,9.90,true,1,
7290011598402,false,מקסימה מרכך כביסה ארומתרפי מאסק סנו 4 ליטר,"סנו מפעלי ברונוס בע""\מ",IL,מרכך כביסה,ליטרים,4.00,ליטר,false,0,19.80,4.95,true,1,
7290011599836,false,משפר אפיה טבעי 100 ג' רובינפלד,"סופר קמח רובינפלד בע""מ",IL,משפר אפיה,גרמים,100.00,100 גרם,false,1,9.90,9.90,true,1,
7290011765446,false,משחת שיניים לילדים בוב ספוג בטעם מיץ ענבים עם פלואוריד למניעת עששת,טרופיקל דגיל תעשיות קוסמ,IL,משחת שיניים,גרמים,70.00,100 גרם,false,0,6.90,9.86,true,1,
7290011765613,false,סנו מסיר עובש בניחות לימון מתז 1 ל',"סנו מפעלי ברונוס בע""\מ",IL,סנו מסיר עובש,ליטרים,1.00,ליטר,false,1,14.90,14.90,true,1,
7290011877156,false,"מבשם אוויר, בגדים וארונות פרש בניחוח מאסק",מיוצר עי קונדיטוריית,IL,סנו פרש ענק,מיליליטרים,375.00,"100 מ""ל",false,0,8.90,2.37,true,1,
7290011877859,false,סנו אינסטלטור חדש פותח סתימות 200ג',מיוצר עי קונדיטוריית,IL,סנו אינסטלטור,גרמים,200.00,100 גרם,false,0,13.50,6.75,true,1,
7290011931162,false,סוכרלייט ממתיק נוזלי על בסיס סוכרלוז,אף.סי תבליני בגליל ב,IL,סוכרלוז נוזלי,מיליליטרים,220.00,"100 מ""ל",false,0,24.90,11.32,true,1,
7290011947477,false,"שמן זית כתית מעולה, כשלפ בדץ מהדרין, 750 מ""ל",זיתא,IL,שמן זית כתית750מ,מיליליטרים,750.00,"100 מ""ל",false,1,32.90,4.39,true,1,
7290011977627,false,סרדינים בשמן צמחי טעים 125 גרם,טעמן,MA,סרדינים בשמן,גרמים,125.00,100 גרם,false,0,3.90,3.12,true,1,
7290011977634,false,סרדינים בשמן קנולה עם פלפל חריף טעים 125 גרם,טעמן,,סרדינים עם חריף,גרמים,125.00,100 גרם,false,0,3.90,3.12,true,1,
7290011977641,false,סרדינים בשמן קנולה עם לימון טעים 125 גרם,טעמן,,סרדינים שמן לימו,גרמים,125.00,100 גרם,false,0,3.90,3.12,true,1,
7290011977665,false,סרדינים ברוטב עגבניות טעים 125 גרם,טעמן,,סרדינים ברוטב,גרמים,125.00,100 גרם,false,0,3.90,3.12,true,1,
7290012025822,false,שמיר סלק אסלי 400 גרם,"סלטי שמיר 2006 בע""מ",IL,סלט סלק,גרמים,400.00,100 גרם,false,1,9.90,2.48,true,1,
7290012025839,false,מטבוחה שמיר אסלי 400 גרם,"סלטי שמיר 2006 בע""מ",IL,מטבוחה אסלי,גרמים,400.00,100 גרם,false,0,9.90,2.48,true,1,
7290012116551,false,אנטי קאלק נוזל לניקוי כללי סנו 2 ליטר,מיוצר עי קונדיטוריית,IL,סנו אנטי קאלק,ליטרים,2.00,ליטר,false,0,19.90,9.95,true,1,
7290012116612,false,אורביטול מברשת שיניים מארז 4 יח',ג'נרל מילס סאן אדריא,CN,4 מברשות שיניים,יחידה,1.00,יחידה,false,0,9.90,9.90,true,1,
7290012116629,false,תחליב רול און דוחה יתושים לתינוקות ולילדים סנו די,מיוצר עי קונדיטוריית,IL,סנו די לתינוקות,מיליליטרים,50.00,"100 מ""ל",false,0,17.90,35.80,true,1,
7290012117039,false,נוזל לניקוי אמבטיה 00 סנו 1 ליטר,סנו מפעלי ברונוס בעמ,IL,"סנו ""00"" לאמבטיה",ליטרים,1.00,ליטר,false,0,6.90,6.90,true,1,
7290012117275,false,"קליר שקית מילוי לניקוי חלונות סנו 750 מ""ל",טרופיקל דגיל תעשיות,IL,סנוקליר מילוי,מיליליטרים,750.00,"100 מ""ל",false,0,5.90,0.79,true,1,
7290012117350,false,"נוזל רצפות לילך 2 ליטר ""ריצפז פרש""","סנו מפעלי ברונוס בע""\מ",IL,סנו ריצפז,ליטרים,2.00,ליטר,false,0,14.90,7.45,true,1,
7290012117534,false,מרכך כביסה מרוכז תכלת קול סנו מקסימה 1 ליטר,"סנו מפעלי ברונוס בע""\מ",IL,מקסימה ס.מרוכז,ליטרים,1.00,ליטר,false,0,14.90,14.90,true,1,
7290012117558,false,מקסימה מרכך כביסה מרוכז ורוד בניחוח מאסק סנו 1 ליטר,"סנו מפעלי ברונוס בע""\מ",IL,מקסימה ס.מרוכז,ליטרים,1.00,ליטר,false,0,14.90,14.90,true,1,
7290012117732,false,מקסימה מרכך כביסה ארומתרפי קול סנו 4 ליטר,"סנו מפעלי ברונוס בע""\מ",IL,מרכך מקסימה COOL,ליטרים,4.00,ליטר,false,0,19.80,4.95,true,1,
7290012117916,false,אינסטלטור נוזל לפתיחת סתימות סנו 1 ליטר,"סנו מפעלי ברונוס בע""",IL,אינסטלטור נוזלי,ליטרים,1.00,ליטר,false,0,23.90,23.90,true,1,
7290012227592,false,פסט' חרמון כפרי וסלמי תה זוגי זוגלובק 300X2ג' מחפוד,זוגלובק,IL,זוג חרמון+תה,גרמים,700.00,100 גרם,false,0,24.90,3.56,true,1,
7290012227608,false,מארז חרמון 300 גר' +חרמון ברבקיו 300ג' זוגלובק,זוגלובק,IL,חרמון+ברביקיו,גרמים,600.00,100 גרם,false,0,24.90,4.15,true,1,
7290012227615,false,נקניקיות עוף זוגלובק 800 ג' מחפוד,זוגלובק,IL,נקניקיות עוף800ג,גרמים,800.00,100 גרם,false,0,18.90,2.36,true,1,
7290012227769,false,פסטרמה ברביקיו זוגלובק מחפוד 400 גרם,זוגלובק,IL,פסטרמה ברביקיו,גרמים,400.00,100 גרם,false,1,18.90,4.73,true,1,
7290012227783,false,נקניק תה מעושן מחפוד זוגלובק 400ג',זוגלובק,IL,תה מעושן,גרמים,400.00,100 גרם,false,1,17.90,4.48,true,1,
7290012228407,false,"נקניקיות ג'מבו מחפוד זוגלובק 1.5 ק""ג",זוגלובק,IL,נקניקיות גמבו,קילוגרמים,1.50,"ק""ג",false,1,29.90,19.93,true,1,
7290012228612,false,זוג חזה הודו ועוף 300+ח.ברביקיו 300 קהילות.,זוגלובק,IL,זוג חזה עוף,גרמים,600.00,100 גרם,false,1,29.90,4.98,true,1,
7290012228629,false,נקניקיות עוף זוגלובק 800 גר' קהילות,זוגלובק,IL,נקניקיות עוף,גרמים,800.00,100 גרם,false,1,22.90,2.86,true,1,
7290012313462,false,מלפפון במלח 7-9 20%+ 650,קבוצת יבנה,IL,מלפפון במלח,גרמים,650.00,100 גרם,false,1,5.90,0.91,true,1,
7290012313479,false,מלפפון במלח 10-12 20%+ 6,קבוצת יבנה,IL,מלפפון במלח,גרמים,650.00,100 גרם,false,1,6.90,1.06,true,1,
7290012313486,false,מלפפון במלח 13-17 20%+,קבוצת יבנה מוצרי מזון,IL,מלפפון במלח,גרמים,650.00,100 גרם,false,1,7.90,1.22,true,1,
7290012313493,false,מלפפון בחומץ 7-9 20%+ 65,קבוצת יבנה,IL,מלפפון בחומץ,גרמים,650.00,100 גרם,false,1,5.90,0.91,true,1,
7290012313509,false,מלפפון בחומץ 10-12 20%+,קבוצת יבנה,IL,מלפפון בחומץ,גרמים,650.00,100 גרם,false,1,6.90,1.06,true,1,
7290012367717,false,קרם ידיים וציפורניים Intensive relief לעור יבש ומגורה,פישר מעבדות פרמצבטיות בע,IL,קרם ידיים,מיליליטרים,150.00,"100 מ""ל",false,0,11.90,7.93,true,1,
7290012372100,false,"קמח מלא בהיר 80% רובינפלד 1 ק""ג","סופר קמח רובינפלד בע""מ",IL,קמח חיטה,קילוגרמים,1.00,"ק""ג",false,0,9.90,9.90,true,1,
7290012372124,false,"קמח מנופה כוסמין מלא רוביפנלד 1 ק""ג","סופר קמח רובינפלד בע""מ",IL,קמח כוסמין,קילוגרמים,1.00,"ק""ג",false,1,15.90,15.90,true,1,
7290012372155,false,"קמח מנופה כוסמין 80% רוביפנלד 1 ק""ג","סופר קמח רובינפלד בע""מ",IL,קמח כוסמין,קילוגרמים,1.00,"ק""ג",false,1,15.90,15.90,true,1,
7290012372247,false,"קמח מנופה כוסמין לבן רוביפנלד 1 ק""ג","סופר קמח רובינפלד בע""מ",IL,קמח כוסמין,קילוגרמים,1.00,"ק""ג",false,1,15.90,15.90,true,1,
7290012454202,false,סוכריות ללא תוספת סוכר בטעם ריבת חלב מיה 80 גרם,מיה תעשיות מזון מ.ת.מ. ב,IL,סוכריות ללא סוכר,גרמים,80.00,100 גרם,false,0,5.80,7.25,true,1,
7290012454578,false,סוכריות קישוט לעוגה לבן מיה 70 גרם,מיה,IL,קישוט לעוגה,גרמים,70.00,100 גרם,false,0,3.90,5.57,true,1,
7290012454592,false,סוכריות דבש לימון ללא סוכר מיה 80 גרם,מיה תעשיות מזון מ.ת.מ. ב,IL,סוכ.ללא סוכר,גרמים,80.00,100 גרם,false,0,5.80,7.25,true,1,
7290012645051,false,יוגורט עיזים חלב הארץ 350 גרם,חלב הארץ,IL,יוגורט עיזים,גרמים,350.00,100 גרם,false,0,9.90,2.83,true,1,
7290012645075,false,יוגורט כבשים יווני גביע 350 גרם חלב הארץ,חלב הארץ,IL,יוגורט יווני,גרמים,350.00,100 גרם,false,0,9.90,2.83,true,1,
7290012645389,false,יוגורט עיזים 3.7%בבקבוק חלב הארץ 1 ליטר,מחלבות סוסיא,IL,יוגורט עיזים,ליטרים,1.00,ליטר,false,0,19.90,19.90,true,1,
7290012697081,false,סוכרזית מהטבע סטיוויה 100 טבליות,"סוכרזית בע""מ",IL,סוכרזית סטיוויה,גרמים,100.00,100 גרם,false,0,27.90,27.90,true,1,
7290012803055,false,סוכרלוז מרמולייט- 100שקיות אישיות,"קיפל טבליות וממתיקים בע""מ",IL,סוכרלוז,גרמים,100.00,100 גרם,false,0,17.90,17.90,true,1,
7290012803215,false,וופל בלגי בטעם שוקולד ללא תוספת סוכר,בטר אנד דיפרנט,IL,וופל בלגי,גרמים,200.00,100 גרם,false,0,7.80,3.90,true,1,
7290012818073,false,צ'יק צ'אק בצל 190 גרם,"10 ברוס ע.ט בע""מ",IL,צ'יק צ'אק בצל,גרמים,190.00,100 גרם,false,1,2.90,1.53,true,1,
7290012818080,false,ספיידר חטיף בוטנים 80 גר,"10 ברוס ע.ט בע""מ",IL,ספיידר בוטנים,גרמים,80.00,100 גרם,false,1,1.90,2.38,true,1,
7290012818394,false,ציקצאק בטעם בצל 8מארזים 20ג,,IL,מארז צ'יק צ'אק ג,גרמים,400.00,100 גרם,false,1,7.90,1.98,true,1,
7290012818530,false,צ'יק צ'אק פיצה 190 גרם,"10 ברוס ע.ט בע""מ",IL,צ'יק צ'אק פיצה,גרמים,190.00,100 גרם,false,1,2.90,1.53,true,1,
7290012823381,false,מקסימה מרכך כביסה מרוכז סנסטיב בייבי סנו 1 ליטר,"סנו מפעלי ברונוס בע""\מ",IL,מרכך כביסה,ליטרים,1.00,ליטר,false,0,14.90,14.90,true,1,
7290012823398,false,מטליות חד פעמיות לניקוי הרצפה בניחוח מרכך כביסה 10יח' סנו,סנו מפעלי ברונו בעמ,IL,מטליות ריצפז,יחידה,1.00,יחידה,false,1,9.90,9.90,true,1,
7290012823541,false,ריצפז פרש מטליות לחות לרצפה בניחוח לבנדר 10 יחידות,"סנו מפעלי ברונוס בע""\מ",IL,מטליות ריצפז,יחידה,1.00,יחידה,false,0,9.90,9.90,true,1,
7290012823794,false,כיף אל סבון יסמין לבנדר 2 ל',קוסמופארם,IL,אל סבון כיף,ליטרים,2.00,ליטר,false,0,17.90,8.95,true,1,
7290012823916,false,גל כביסה סנו מקסימ מרוכז קריסטל נואר 5 ל,"סנו מפעלי ברונוס בע""\מ",IL,מקסימה ג'ל,ליטרים,5.00,ליטר,false,0,34.90,6.98,true,1,
7290012823923,false,"מרכך כביסה מרוכז פרפיום גולדן מקסימה 750 מ""ל",סנו מפעלי ברונוס בעמ,IL,מקסימה פרפיום,מיליליטרים,750.00,"100 מ""ל",false,0,14.90,1.99,true,1,
7290012823947,false,"סנו - מרכך כביסה מרוכז פרפיום קריסטל נואר 750 מ""ל",מיוצר עי קונדיטוריית,IL,מקסימה פרפיום,מיליליטרים,750.00,"100 מ""ל",false,0,14.90,1.99,true,1,
7290012864025,false,נבטי אלפא אלפא ארוז א.אדמה,קרלסברג יבוא יצוא,IL,נבטים אלפלפא,יחידה,1.00,יחידה,false,0,5.90,5.90,true,1,
7290012929779,false,פסטה מקמח מלא ספירלה 500גרם טעמן,מוצרי יסוד - טעמן,TR,פסטה ספירלה,גרמים,500.00,100 גרם,false,0,3.90,0.78,true,1,
7290012929786,false,פסטה מקמח מלא צינורות 500 גרם טעמן,מוצרי יסוד - טעמן,TR,פסטה צינורות,גרמים,500.00,100 גרם,false,0,3.90,0.78,true,1,
7290012929793,false,פסטה ספדטי מקמח מלא טעמן 500 גר',מוצרי יסוד - טעמן,TR,ספגטי חיטה מלאה,גרמים,500.00,100 גרם,false,0,3.90,0.78,true,1,
7290012929960,false,שלישיית טונה בשמן 150 גרם טעמן,דיאמוד פוד פרודקט סי,TH,שלישיית טונה,גרמים,450.00,100 גרם,false,0,14.90,3.31,true,1,
7290012938740,false,"משחת שיניים פרש מינט מנטה 75מ""ל סנסודיין",גלקסו סמית קליין,GB,משחת סנסודיין,מיליליטרים,75.00,"100 מ""ל",false,0,18.90,25.20,true,1,
7290012956973,false,משקה כוהלי טעם ברנדי 500,,IL,משקה כוהלי,מיליליטרים,500.00,"100 מ""ל",false,1,54.90,10.98,true,1,
7290012982873,false,"פילה אמנון קפוא 7-9 בד""ץ",ג.עופר,IL,פילה אמנון 7-9,קילוגרמים,0.00,"ק""ג",true,1,29.90,29.90,true,1,
7290013117212,false,בורקס פילו במילוי גבינה מעדנות 600 גר,מיוצר עי קונדיטוריית,IL,בורקס גבינה,גרמים,600.00,100 גרם,false,0,15.90,2.65,true,1,
7290013117229,false,"בורקס פילו במילוי תפו""א מעדנות 600 גר",מיוצר עי קונדיטוריית,IL,"בורקס תפו""א",גרמים,600.00,100 גרם,false,0,15.90,2.65,true,1,
7290013117410,false,בצק פריך מרודד למאפים מתוקים 900 ג' מעדנות,מיוצר עי קונדיטוריית,IL,בצק פריך,גרמים,900.00,100 גרם,false,0,17.90,1.99,true,1,
7290013117526,false,בצק שמרים מרודד למאפים מתוקים מעדנות 900 גרם,"מעדנות בע""\מ",IL,בצק שמרים,גרמים,900.00,100 גרם,false,0,15.90,1.77,true,1,
7290013121028,false,לחם לבן 500 גרם ללא גלוטן גרין לייט,אביב קונדיטוריה מעול,IL,לחם לבן ל.גלוטן,גרמים,500.00,100 גרם,false,0,14.90,2.98,true,1,
7290013144195,false,מיימונס תערובת כדורי שוקולד 500 גרם.,א.ל ייצור ושיווק תבלינים,IL,תערובת כ.שוקולד,גרמים,500.00,100 גרם,false,0,13.90,2.78,true,1,
7290013144201,false,מיימונס תערובת פנקייק 400 גרם,א.ל ייצור ושיווק תבלינים,IL,תערובת פנקייק,גרמים,400.00,100 גרם,false,0,13.90,3.48,true,1,
7290013144232,false,מיימונס פודינג בטעם וניל 80 גרם,א.ל ייצור ושיווק תבלינים,IL,פודינג וניל,גרמים,80.00,100 גרם,false,0,4.50,5.63,true,1,
7290013144249,false,מיימונס פודינג שוקולד 95 גרם,א.ל ייצור ושיווק תבלינים,IL,פודינג שוקולד,גרמים,95.00,100 גרם,false,0,4.50,4.74,true,1,
7290013144317,false,מימונס ג'וני גלילית וופל למילוי 18 יחידות,הגביע מוצרי וופלים ב,IL,ג'וני גלילת וופל,יחידה,1.00,יחידה,false,0,17.90,17.90,true,1,
7290013144393,false,"תמצית בטעם וניל מימונס 50 מ""ל",א.ל ייצור ושיווק תבלינים,IL,תמצית וניל,מיליליטרים,50.00,"100 מ""ל",false,0,3.90,7.80,true,1,
7290013144539,false,צבע מאכל אדום מימונס 50 גרם,א.ל ייצור ושיווק תבלינים,IL,צבע מאכל אדום,מיליליטרים,50.00,"100 מ""ל",false,0,3.90,7.80,true,1,
7290013144751,false,סירופ בטעם מייפל מימונס 500 גרם,א.ל ייצור ושיווק תבלינים,IL,סירופ טעם מייפל,גרמים,500.00,100 גרם,false,0,12.90,2.58,true,1,
7290013144812,false,אבקת אייס קפה וניל 320 גרם מימונס,מימונס אפייה,IL,אייס בטעם וניל,גרמים,320.00,100 גרם,false,1,16.90,5.28,true,1,
7290013145093,false,"שקד מולבן גרוס 100 גרם ""מיימונס",א.ל ייצור ושיווק תבלינים,IL,שקד מולבן גרוס,גרמים,100.00,100 גרם,false,0,11.90,11.90,true,1,
7290013145123,false,מיימונס שקד מולבן פרוס 100 גרם,א.ל ייצור ושיווק תבלינים,IL,שקד מולבן פרוס,גרמים,100.00,100 גרם,false,0,11.90,11.90,true,1,
7290013145215,false,שומשום מימונס 400 גרם,א.ל ייצור ושיווק תבלינים,IL,שומשום,גרמים,400.00,100 גרם,false,0,12.90,3.23,true,1,
7290013145277,false,עלים לקרמשניט מימונס 300 גרם,מימונס אפייה,IT,עלים לקרמשניט,גרמים,300.00,100 גרם,false,1,14.90,4.97,true,1,
7290013145437,false,שוקולד מריר מעולה ציפס מימונס 250 ג',אינטרגטה תעשיות מזון 19),IL,שוקולד צ'יפס,גרמים,250.00,100 גרם,false,0,11.90,4.76,true,1,
7290013145529,false,סוכריות צבעוניות לקישוט מיימונס 90 גרם,א.ל ייצור ושיווק תבלינים,IL,סוכריות לקישוט,גרמים,90.00,100 גרם,false,0,4.90,5.44,true,1,
7290013145574,false,מיימונס ערכה לקישוט 100 גרם,א.ל ייצור ושיווק תבלינים,IL,ערכה לקישוט100גר,גרמים,100.00,100 גרם,false,0,9.90,9.90,true,1,
7290013145659,false,ג'לי בטעם לימון מימונס 85 גרם,א.ל ייצור ושיווק תבלינים,IL,ג'לי לימון 85 גר,גרמים,85.00,100 גרם,false,1,4.90,5.76,true,1,
7290013145826,false,פודניג בטעם וניל לבן במיוחד מימונס 80 ג',א.ל ייצור ושיווק תבלינים,IL,פודינג וניל,גרמים,80.00,100 גרם,false,1,4.50,5.63,true,1,
7290013145956,false,שמרים יבשים בוואקום מיימונס 500 גרם,הנסיך- מפעל לייצור ט,CN,שמרים יבשים,גרמים,500.00,100 גרם,false,0,11.50,2.30,true,1,
7290013146007,false,מיימונס מלית פרג 400 גרם,א.ל ייצור ושיווק תבלינים,IL,מלית פרג,גרמים,400.00,100 גרם,false,0,13.90,3.48,true,1,
7290013146014,false,מלית אוכמניות 70% פרי מיימונס 400 גרם,אינטרגטה,IL,מלית אוכמניות,גרמים,400.00,100 גרם,false,0,13.90,3.48,true,1,
7290013146038,false,מיימונס מלית דובדבנים 70% פרי 400 גרם,א.ל ייצור ושיווק תבלינים,IL,מלית דובדבנים,גרמים,400.00,100 גרם,false,0,13.90,3.48,true,1,
7290013146199,false,מלית קרם נוגט 350 גרם מימונס,אינטרגטה תעשיות מזון 19),IL,קרם נוגט,גרמים,400.00,100 גרם,false,0,13.90,3.48,true,1,
7290013146267,false,"פודינג בטעם וניל שקית מימונס 1 ק""ג",א.ל ייצור ושיווק תבלינים,IL,פודינג בטעם וניל,קילוגרמים,1.00,"ק""ג",false,1,19.90,19.90,true,1,
7290013146298,false,טארטלטים תחתיות בצק פריך אפויות למילוי מימונס 120 ג',א.ל ייצור ושיווק תבל,IL,טארטלטים תחתיות,גרמים,120.00,100 גרם,false,1,16.90,14.08,true,1,
7290013146304,false,קורנפלור 500 גרם מימונס.,א.ל ייצור ושיווק תבלינים,IL,קורנפלור,גרמים,500.00,100 גרם,false,1,5.90,1.18,true,1,
7290013146724,false,אבקת אייס קפה 350 גרם מימונס,מימונס אפייה,IL,אייס קפה,גרמים,350.00,100 גרם,false,1,16.90,4.83,true,1,
7290013153593,false,תפוזים מתקתק 100% פריגת 1 ליטר,"גת גבעת חיים,",IL,מיץ תפוזים מתקתק,ליטרים,1.00,ליטר,false,1,10.70,10.70,true,1,
7290013189288,false,מגב קסם עם מקל,המברשת רוחמה,IL,מגב קסם עם מקל,יחידה,1.00,יחידה,false,0,18.90,18.90,true,1,
7290013189295,false,"מגב דיסקברי+מקל 40ס""מ יח",המברשת רוחמה,IL,מגב+מקל,יחידה,1.00,יחידה,false,0,24.90,24.90,true,1,
7290013195272,false,רוזנרס גפילטע פיש הונגרי 500 גר,,IL,געפילטע הונגרי,גרמים,500.00,100 גרם,false,0,19.90,3.98,true,1,
7290013195289,false,רוזנער'ס גפילטע פיש ירושלמי 500 גר,,IL,געפילטע פיש ירוש,גרמים,500.00,100 גרם,false,0,19.90,3.98,true,1,
7290013195296,false,רולדה וייט פיש רוזנר,,IL,וייט פיש רוזנר'ס,גרמים,500.00,100 גרם,false,0,27.90,5.58,true,1,
7290013215017,false,פטריות זוגות חוות השמפניון,אראל תוצרת חקלאית בע,IL,פטריות דואט,גרמים,420.00,100 גרם,false,0,14.90,3.55,true,1,
7290013268020,false,מקסימה מרכך כביסה מרוכז בניחוח אולטרא פרש סנו 1 ליטר,"סנו מפעלי ברונוס בע""\מ",IL,מרכך כביסה,ליטרים,1.00,ליטר,false,0,14.90,14.90,true,1,
7290013268037,false,מקסימה מרכך כביסה מרוכז בניחוח לבנדר פצ'ולי סנו 1 ליטר,"סנו מפעלי ברונוס בע""\מ",IL,מרכך כביסה,ליטרים,1.00,ליטר,false,0,14.90,14.90,true,1,
7290013268839,false,פוליויקס פרקט-תרכיז ריחני לניקוי רצפות עץ,"סנו מפעלי ברונוס בע""\מ",IL,פוליויקס פרקט,ליטרים,2.00,ליטר,false,1,19.90,9.95,true,1,
7290013268884,false,"נוזל רצפות מאסק 2 ליטר ""ריצפז פרש""",מיוצר עי קונדיטוריית,IL,ריצפז פרש לרצפות,ליטרים,2.00,ליטר,false,0,14.90,7.45,true,1,
7290013268907,false,ג'ל כביסה ביו בטמפרטורות נמוכות,"סנו מפעלי ברונוס בע""\מ",IL,מקסימה ג'ל,ליטרים,3.00,ליטר,false,0,24.90,8.30,true,1,
7290013268938,false,סנובון סבון לאסלה בניחוח מאסק סנו 3*65 גרם,סנו סנובון,IL,סנובון מאסק 3 יח,גרמים,165.00,100 גרם,false,0,9.90,6.00,true,1,
7290013268983,false,מרכך כביסה סופר מרוכז בבישום עוצמתי סנו מקסימה 1 ל',"סנו מפעלי ברונוס בע""\מ",IL,מרכך מרוכז ג'וי,ליטרים,1.00,ליטר,false,1,14.90,14.90,true,1,
7290013269003,false,מרכך כביסה סופר מרוכז בייבי לתינוקות ולעור רגיש,"סנו מפעלי ברונוס בע""\מ",IL,מקסימה מרכך,ליטרים,1.00,ליטר,false,0,18.90,18.90,true,1,
7290013269096,false,מטליות לחות לטיפול במוצרי עור,מיוצר עי קונדיטוריית,IL,מטליות ניקוי עור,יחידה,1.00,יחידה,false,0,18.90,18.90,true,1,
7290013269287,false,סנו - מקסימה ג'ל כביסה מרוכז מאסק 3 ליטר,"סנו מפעלי ברונוס בע""\מ",IL,ג'ל כביסה מרוכז,ליטרים,3.00,ליטר,false,0,24.90,8.30,true,1,
7290013269300,false,ניילון נצמד פלוס סנו סושי 150 מטר,"מיוצר בהונג קונג, סי",IL,ניילון נצמד פלוס,מטרים,150.00,מטר,false,0,24.90,0.17,true,1,
7290013269638,false,ספוג הפלא אקסטרה Extra- מארז 6 יח',החברה הדרומית,US,ספוג הפלא אקסטרה,יחידה,1.00,יחידה,false,0,8.90,8.90,true,1,
7290013269645,false,ריצפז פרש מטליות לחות לריצפה בניחוח מאסק 10 יחידות,סנו מפעלי ברונוס בעמ,IL,מטליות ריצפז,יחידה,1.00,יחידה,false,0,9.90,9.90,true,1,
7290013269652,false,פוליויקס נוזל לניקוי רצפות גרניט פורצלן סנו 2 ליטר,סנו פוליויקס,IL,פוליויקס מאסק,ליטרים,2.00,ליטר,false,0,19.90,9.95,true,1,
7290013269669,false,ריצפז בניחוח פנטזיה לניקוי הרצפה,"סנו מפעלי ברונוס בע""",IL,ריצפז פנטזיה,ליטרים,3.00,ליטר,false,0,9.90,3.30,true,1,
7290013284310,false,רוטב פסטה לילדים פריניר 240 גרם,פריניר ( הדס 1987) ב,IL,רוטב פסטה,גרמים,240.00,100 גרם,false,0,4.90,2.04,true,1,
7290013302656,false,פילה סרדין בשמן זית ופלפל חריף טעים 125 ג',טעים,MA,פילה סרדין125 גר,גרמים,125.00,100 גרם,false,0,7.90,6.32,true,1,
7290013302748,false,סוכריות זיסי טופי ממולא יוגורט טעמן 600 גרם,פאסין אס אי,BR,סוכריות טופי,גרמים,600.00,100 גרם,false,0,12.90,2.15,true,1,
7290013358448,false,"קרוטונים לסלט אקסטרה ארוכים בתיבול שום, בצל ופטרוזיליה",עינת תעשיות מזון אגו,IL,קרוטונים לסלט,גרמים,200.00,100 גרם,false,0,10.90,5.45,true,1,
7290013472205,false,פטריות חתוך מהדרין תפארת 400 ג' ויליפוד,וילי פוד,NL,פטריות שמפניון,גרמים,400.00,100 גרם,false,0,4.50,1.13,true,1,
7290013516305,false,סלט חזרת ללא תוספת סוכר,שפע מן המבושל,IL,חזרת 300 גרם,גרמים,300.00,100 גרם,false,1,12.90,4.30,true,1,
7290013534057,false,"צ'יפס בטטה טבעי מיה 100ג' 'כשל""פ",מיה תעשיות מזון מ.ת.מ. ב,IL,צ'יפס בטטה טבעי,גרמים,100.00,100 גרם,false,0,7.90,7.90,true,1,
7290013536266,false,פיתות כוסמין 99 קלוריות,,IL,פיתות כוסמין,יחידה,1.00,יחידה,false,1,11.90,11.90,true,1,
7290013536273,false,לחמניות קמח מלא 99 קלורי,,IL,לחמניות קמח מלא,גרמים,320.00,100 גרם,false,1,9.90,3.09,true,1,
7290013536280,false,לחמניות כוסמין 99 קלו' .,,IL,לחמניות כוסמין,גרמים,252.00,100 גרם,false,1,9.90,3.93,true,1,
7290013536297,false,קמח כוסמין לבן מנופה,,IL,קמח כוסמין לבן,קילוגרמים,1.00,"ק""ג",false,1,12.90,12.90,true,1,
7290013536372,false,לחמניות כוסמין מזונות,מאפיית יוסף ברון בעמ,IL,לחמניות כוסמין,גרמים,315.00,100 גרם,false,1,13.90,4.41,true,1,
7290013585257,false,ספרייט זירו בבקבוק אישי,החברה המרכזית לייצור משקאות,IL,ספרייט זירו,מיליליטרים,500.00,"100 מ""ל",false,1,6.20,1.24,true,1,
7290013585387,false,קוקה קולה זירו בקבוק,החברה המרכזית לייצור משקאות,IL,קולה זירו,ליטרים,1.00,ליטר,false,1,6.30,6.30,true,1,
7290013585394,false,קוקה קולה 1ליטר בודד,החברה המרכזית לייצור משקאות,IL,קוקה קולה,ליטרים,1.00,ליטר,false,1,6.70,6.70,true,1,
7290013608260,false,מיץ רימונים 100%מיץ סחוט טרי מצונן 1ליט,"גניר (1992) בע""מ",IL,מיץ רימונים,ליטרים,1.00,ליטר,false,0,20.50,20.50,true,1,
7290013608864,false,פרימור משקה פירות הדר 1 ליטר בתוספת ויטמין C,"גניר (1992) בע""מ",IL,משקה פירות הדר,ליטרים,1.00,ליטר,false,1,14.50,14.50,true,1,
7290013625212,false,פילה מקרל בשמן צמחי 125 גרם טעים,,MA,פילה מרל בשמן,גרמים,125.00,100 גרם,false,0,6.90,5.52,true,1,
7290013655585,false,קערה 9.5 קריסטל יח,,IL,קערה 9.5 קריסטל,יחידה,1.00,יחידה,false,1,9.90,9.90,true,1,
7290013677341,false,ג'לילנד - ג'ליבינס - תות /בננה - 100גרם *( 12יח'),מיה תעשיות מזון מ.ת.מ. ב,IL,ג'לי בינס תות,גרמים,100.00,100 גרם,false,0,4.90,4.90,true,1,
7290013677372,false,ג'לילנד - ג'ליבינס - תפוח /דובדבן - 100גרם *(12יח'),מיה תעשיות מזון מ.ת.מ. ב,IL,ג'לי בינס,גרמים,100.00,100 גרם,false,0,4.90,4.90,true,1,
7290013677648,false,שמן זית למאור מיה 1 ליטר,מיה תעשיות מזון בעמ,ES,שמן זית למאור,ליטרים,1.00,ליטר,false,0,19.90,19.90,true,1,
7290013677747,false,"שוקו של מיה 500גרם בשקית בד""ץ",מיה תעשיות מזון מ.ת.מ. ב,IL,אבקת שוקו,גרמים,500.00,100 גרם,false,0,5.90,1.18,true,1,
7290013719492,false,אורז לבן יסמין פרימיום,כיטוב,IL,אורז לבן יסמין,קילוגרמים,1.00,"ק""ג",false,1,17.90,17.90,true,1,
7290013847379,false,סטארקיסט טונה בשמן סויה בדץ 6*140ג,סטארקיסט,IL,טונה סטארקיסט6יח,גרמים,840.00,100 גרם,false,1,29.90,3.56,true,1,
7290013847492,false,סטארקיסט טונה במים מארז 140X6ג',סטארקיסט,IL,טונה סטארקיסט6יח,גרמים,840.00,100 גרם,false,1,29.90,3.56,true,1,
7290013848017,false,תרסיס ניקוי והברקת נירוסטה,"סנו מפעלי ברונוס בע""מ",IL,סנו נירוסטה,מיליליטרים,500.00,"100 מ""ל",false,1,19.90,3.98,true,1,
7290013848345,false,מארז מטליות לחיטוי וניקוי יסודי אנטיבקטריאלי 99.9%,סנו מפעלי ברונוס בעמ,IL,מטליות ניקוי 3יח,יחידה,1.00,יחידה,false,1,18.90,18.90,true,1,
7290013906250,false,סלמי הודו מהדרין קהילות טירת צבי,טיב טירת צבי 2000,IL,סלמי מהדרין,גרמים,200.00,100 גרם,false,1,9.90,4.95,true,1,
7290013906267,false,פסטרמה כפרי מהדרין קהילות טירת צבי,טיב טירת צבי 2000,IL,כפרית מהדרין200ג,גרמים,200.00,100 גרם,false,1,9.90,4.95,true,1,
7290013906281,false,"נקניקיות מהדרין קהילות טירת צבי 1 ק""ג",טיב טירת צבי 2000,IL,נקניקיות מהדרין,קילוגרמים,1.00,"ק""ג",false,0,24.90,24.90,true,1,
7290013906304,false,פסטרמה גחלים קהילות טירת צבי 400 גרם,טיב טירת צבי 2000,IL,פסטרמה 400 גרם,גרמים,400.00,100 גרם,false,0,26.90,6.73,true,1,
7290013906335,false,צמד מהדרין קהילות טירת צבי 600 גרם,טיב טירת צבי 2000,IL,צמד נקניק 600 גר,גרמים,600.00,100 גרם,false,0,19.90,3.32,true,1,
7290013906601,false,מארז צמד 600 ג' ברביקיו ודבש קהילות טירת צבי,טיב טירת צבי 2000,IL,צמד כפרית,גרמים,600.00,100 גרם,false,1,19.90,3.32,true,1,
7290013906700,false,"נקניקיות הודו טירת צבי כשרות הרב מחפוד 1.5 ק""ג",טיב טירת צבי 2000,IL,נקני הודו #1.5 ק,קילוגרמים,1.50,"ק""ג",false,1,29.90,19.93,true,1,
7290013906922,false,"נקניקיות הודו חריפות מחפוד טירת צבי 1 ק""ג",טיב טירת צבי 2000,IL,נקניקיות חריפות,גרמים,1000.00,100 גרם,false,1,24.90,2.49,true,1,
7290013906939,false,קורנביף טירת צבי מחפוד 120 גרם,טיב טירת צבי 2000,IL,קורנדביף 120 גרם,גרמים,120.00,100 גרם,false,1,16.90,14.08,true,1,
7290013906991,false,סלמי מהדרין 400 גרם מחפוד טירת צבי,טיב טירת צבי 2000,IL,סלמי מהדרין,גרמים,400.00,100 גרם,false,1,14.90,3.73,true,1,
7290013927002,false,עוגיות דיקליות בטעם שוקו אחווה 400 ג',אחדות,IL,דיקליות טעם שוקו,גרמים,400.00,100 גרם,false,0,7.90,1.98,true,1,
7290013927019,false,עוגיות דיקליות קינמון אחווה 400 ג',"אחדות ביח""ר לטחינה",IL,דיקליות קינמון,גרמים,400.00,100 גרם,false,0,7.90,1.98,true,1,
7290013927026,false,עוגיות דקליות וניל אחווה 400 ג',"אחדות ביח""ר לטחינה",IL,דיקליות,גרמים,400.00,100 גרם,false,0,7.90,1.98,true,1,
7290013927033,false,עוגיות מעמול במילוי תמרים ואגוזים אחווה 600 ג',אחוה,IL,עוגיות מעמול,גרמים,600.00,100 גרם,false,0,8.90,1.48,true,1,
7290013927040,false,אחדות עוגיות ממולאות שוקולד במגש 600,אחוה,IL,עוגיות ממולאות,גרמים,600.00,100 גרם,false,0,8.90,1.48,true,1,
7290013927057,false,א. עוגיות שוקולד צ'יפס במגש 400 גר',אחוה,IL,עוג.שוקולד צ'יפס,גרמים,400.00,100 גרם,false,0,7.90,1.98,true,1,
7290013927064,false,א. עוגיות גרנולה עם פירות יער 400 ג'-אחווה,"אחדות ביח""ר לטחינה",IL,עוגיות גרנולה,גרמים,400.00,100 גרם,false,0,7.90,1.98,true,1,
7290013927101,false,אחווה עוגה תפוחים ללא תוספת סוכר 450גר,אחדות ביחר לטחינה חל,IL,עוגת תפוח עץ,גרמים,450.00,100 גרם,false,0,10.90,2.42,true,1,
7290013927156,false,אחוה בטעם פירות יער ללא תוספת סוכר 450 גרם.,אחדות ביחר לטחינה חל,IL,עוגת פירות יער,גרמים,450.00,100 גרם,false,0,10.90,2.42,true,1,
7290013927200,false,עוגת שוקולד צ'יפס עשירה אחווה 400ג',אחדות ביחר לטחינה חל,IL,עוגת שוקוצ'יפס,גרמים,400.00,100 גרם,false,0,10.90,2.73,true,1,
7290013927323,false,אחדות עוגת בראוניס 400 גרם,אחדות ביחר לטחינה חל,IL,עוגת בראוניס,גרמים,400.00,100 גרם,false,0,10.90,2.73,true,1,
7290013927514,false,אחוה רוגעלך קינמון במגש 400 גר,אחדות ביחר לטחינה חל,IL,רוגעלך קינמון,גרמים,400.00,100 גרם,false,1,8.90,2.23,true,1,
7290013927637,false,חלוה ללא תוספת סוכר במגש 400 גר' אחוה,אחדות ביחר לטחינה חל,IL,"חלווה ללת""ס",גרמים,400.00,100 גרם,false,1,11.90,2.98,true,1,
7290013927644,false,עוגיות כתר בטעם תות במגש 400 גר' אחווה,אחוה,IL,עוגיות כתר תות,גרמים,400.00,100 גרם,false,1,7.90,1.98,true,1,
7290013927989,false,מאפין במילוי בטעם קרמל 50 גרם אחוה,אחדות ביחר לטחינה חל,IL,מאפין ממולא קרמל,גרמים,50.00,100 גרם,false,1,1.50,3.00,true,1,
7290013927996,false,עוגת שמרים קרנץ בטעם שוקולד אחוה 400 גרם,אחדות ביחר לטחינה חל,IL,עוגת שמרים קרנץ,גרמים,400.00,100 גרם,false,1,8.90,2.23,true,1,
7290014002197,false,חליטת קמומיל ולימונית הגן הקסום ויסוצקי 25 יחידות,תה ויסוצקי,IL,חליטת קמומיל,גרמים,75.00,100 גרם,false,0,15.90,21.20,true,1,
7290014002203,false,חליטת לימונית ולואיזה הגן הקסום ויסוצקי 25 יחידות,תה ויסוצקי,IL,חליטת לימונית,גרמים,75.00,100 גרם,false,0,15.90,21.20,true,1,
7290014002944,false,גן קסום חליטת פירות וצמחים חמדת שקד 25 שקיקים,תה ויסוצקי,IL,חליטת חמדת שקד,גרמים,57.00,100 גרם,false,0,15.90,27.89,true,1,
7290014072107,false,חסה קטיף כהלכה,קטיף.,IL,חסה קטיף כהלכה,גרמים,1000.00,100 גרם,false,1,6.90,0.69,true,1,
7290014072817,false,כרוב אדום שטופים 400 גרם,"י.ש.ירקות עלים בע""מ",IL,כרוב אדום שטופים,גרמים,400.00,100 גרם,false,1,11.90,2.98,true,1,
7290014088900,false,"מיונז אמיתי 0.5 ק""ג הילדה",ר.ס,IL,מיונז 500 גרם,גרמים,500.00,100 גרם,false,1,7.90,1.58,true,1,
7290014088917,false,"מיונז אמיתי הילדה 1 ק""ג",ר.ס,IL,"מיונז 1 ק""ג",קילוגרמים,1.00,"ק""ג",false,1,14.90,14.90,true,1,
7290014090040,false,"אפונה קפואה עת רן 1.5 ק""ג",,,אפונה 1.5קג,קילוגרמים,1.50,"ק""ג",false,0,14.90,9.93,true,1,
7290014090057,false,"שעועית שלמה קפוא עת רן 1.5 ק""ג",,IL,שעועית שלמה,קילוגרמים,1.50,"ק""ג",false,0,14.90,9.93,true,1,
7290014090064,false,"שעועית חתוכה קפוא עת רן 1.5 ק""ג",,IL,שעועית חתוכה,קילוגרמים,1.50,"ק""ג",false,0,14.90,9.93,true,1,
7290014090071,false,שעועית צהובה,,IL,שעועית צהובה,קילוגרמים,1.50,"ק""ג",false,0,14.90,9.93,true,1,
7290014090088,false,אפונה וגזר,,IL,אפונה וגזר,קילוגרמים,1.50,"ק""ג",false,0,14.90,9.93,true,1,
7290014090095,false,ירקות העונה,,IL,ירקות העונה,קילוגרמים,1.50,"ק""ג",false,0,14.90,9.93,true,1,
7290014090460,false,שעועית עדינה מאוד קפואה 600 ג',הוראפרוסט,BE,שעועית שלמה 600ג,גרמים,600.00,100 גרם,false,1,11.90,1.98,true,1,
7290014090514,false,אפונה עדינה מאוד עת רן 600 ג',הוראפרוסט,BE,אפונה עדינה 600ג,גרמים,600.00,100 גרם,false,1,11.90,1.98,true,1,
7290014090576,false,פולי סויה קפואות אדממה עת רן 450 גר',עט רן,IL,פולי סויה,גרמים,450.00,100 גרם,false,0,8.90,1.98,true,1,
7290014090620,false,תחתיות ארטישוק קפואות עת רן 600 ג',.,IL,תחתיות ארטישוק,גרמים,600.00,100 גרם,false,15,14.90,2.48,true,1,
7290014168145,false,"רדיד אלומיניום 4.5*50ס""מ",טופ פלסט,IL,רדיד אלומיניום,מטרים,50.00,מטר,false,1,34.90,0.70,true,1,
7290014168770,false,תבניות רוסטר בינוניות 30,,IL,תבניות רוסטר30יח,יחידה,1.00,יחידה,false,1,44.90,44.90,true,1,
7290014170032,false,"תמר מג'הול ארוז 1 ק""ג",,IL,תמר מג'הול ארוז,קילוגרמים,1.00,"ק""ג",false,1,19.90,19.90,true,1,
7290014205000,false,צלחות גדולות 50 יחידות,,IL,צלחות גדולות,יחידה,1.00,יחידה,false,1,14.90,14.90,true,1,
7290014205017,false,צלחות קטנות שווה 50 יחידות,,TR,צלחות קטנות לבן,יחידה,1.00,יחידה,false,1,6.90,6.90,true,1,
7290014205024,false,"קעריות אובלי ח""פ לבן 25 יח!",,TR,קעריות אובלי,יחידה,1.00,יחידה,false,1,4.90,4.90,true,1,
7290014205031,false,לפתניות 25 יח' שווה,,IL,לפתניה לבנה,יחידה,1.00,יחידה,false,1,3.50,3.50,true,1,
7290014205048,false,צלחות מרק 25 יחידות,,IL,צלחות מרק 'שווה',יחידה,1.00,יחידה,false,1,7.50,7.50,true,1,
7290014205062,false,כוסות שקוף עובי1.7 100יח,,IL,כוסות שקוף 100יח,יחידה,1.00,יחידה,false,1,7.90,7.90,true,1,
7290014205130,false,צלחות גדול קרם / לבן/ בורדו/ זהב 25 יח,שווה,IL,צלחות גדול,יחידה,1.00,יחידה,false,1,14.90,14.90,true,1,
7290014205154,false,קעריות אובלי קרם /בורדו זהב 25 יח,שווה,IL,קערות אובליות,יחידה,1.00,יחידה,false,1,7.90,7.90,true,1,
7290014205161,false,לפתניות צבעוני 25 יח!,שווה,IL,לפתניות 25 יח',יחידה,1.00,יחידה,false,1,5.90,5.90,true,1,
7290014205178,false,"מרקיה צבעוני ""שווה"" 25יח",שווה,IL,מרקיה צבעוני,יחידה,1.00,יחידה,false,1,9.90,9.90,true,1,
7290014205697,false,אננס חתוך בסירופ קל 565,,TH,אננס חתוך בסירופ,גרמים,565.00,100 גרם,false,1,6.90,1.22,true,1,
7290014206922,false,"קערית אובלית שקוף ""שווה""",שווה,IL,קערית אובלית,יחידה,1.00,יחידה,false,1,5.90,5.90,true,1,
7290014206939,false,"מרקיה שקופה ""שווה""",שווה,IL,מרקיה שקופה,יחידה,1.00,יחידה,false,1,9.90,9.90,true,1,
7290014206946,false,"צלחת קטנה שקוף ""שווה"" 20",שווה,IL,צלחת קטנה שקוף,יחידה,1.00,יחידה,false,1,7.90,7.90,true,1,
7290014206953,false,"צלחת גדולה שקוף ""שווה""",שווה,IL,צלחת גדולה שקוף,יחידה,1.00,יחידה,false,1,13.90,13.90,true,1,
7290014218505,false,"שלישיית פיצות בד""ץ מעדנות 3*360 גרם","מעדנות בע""\מ",IL,מארז פיצות,יחידה,1.00,יחידה,false,1,29.90,29.90,true,1,
7290014256620,false,"יין מבעבע קריניאנו באזז יקבי כרמל 750 מ""ל",יקבי כרמל Carmel Winery,IL,קריניאנו באזז,מיליליטרים,750.00,"100 מ""ל",false,0,22.90,3.05,true,1,
7290014256637,false,"יין מבעבע מוסקטו באזז יקבי כרמל 750 מ""ל",יקבי כרמל Carmel Winery,IL,מוסקטו באזז,מיליליטרים,750.00,"100 מ""ל",false,0,22.90,3.05,true,1,
7290014288676,false,מגש אובלי בינוני צבעוני,שווה,IL,מגש אובלי בינוני,יחידה,1.00,יחידה,false,1,17.90,17.90,true,1,
7290014288706,false,קערות סלט ענקיות 10 יחי',שווה,IL,קערות סלט ענקיות,יחידה,1.00,יחידה,false,1,7.90,7.90,true,1,
7290014288720,false,"כוסות ח""פ 40 יח 330CC",,IL,"כוסות ח""פ 40 יח",יחידה,1.00,יחידה,false,1,7.90,7.90,true,1,
7290014325036,false,סוכריות ג'לי עטופות שמחות מיה 600 גרם,מיה תעשיות מזון מ.ת.מ. ב,IL,סוכריות גלי,גרמים,600.00,100 גרם,false,0,18.90,3.15,true,1,
7290014325043,false,"פודינג וניל 1 ק""ג שקית",מיה תעשיות מזון מ.ת.מ. ב,IL,פודינג טעם וניל,קילוגרמים,1.00,"ק""ג",false,0,14.90,14.90,true,1,
7290014325050,false,קורנפלור מיה 500 גרם,מיה תעשיות מזון מ.ת.מ. ב,IL,קורנפלור,גרמים,500.00,100 גרם,false,0,3.90,0.78,true,1,
7290014325265,false,תן צ'אפ חטיף טבעות בטעם שמנת בצל מארז 15X8ג',מיה תעשיות מזון בעמ,IL,תן צ'אפ טבעות8יח,גרמים,125.00,100 גרם,false,0,7.90,6.32,true,1,
7290014325531,false,חמאת בוטנים 510 גרם כשלפ,מיה תעשיות מזון מ.ת.מ. ב,IL,חמאת בוטנים,גרמים,500.00,100 גרם,false,0,11.90,2.38,true,1,
7290014355699,false,המבורגר 400 גרם גלאט עוף,גלאט עוף,IL,המבורגר גלאטשף,גרמים,400.00,100 גרם,false,1,29.90,7.48,true,1,
7290014355705,false,קבב מקסיקני גלאטשף 400 ג,מ ב גלאט עוף למהדרין,IL,קבב מקסיקני גלאט,גרמים,400.00,100 גרם,false,1,29.90,7.48,true,1,
7290014355712,false,סטייק אנטריקוט גלאטשף,מ ב גלאט עוף למהדרין,IL,סטייק גלאטשף,גרמים,500.00,100 גרם,false,1,57.90,11.58,true,1,
7290014355736,false,נקניקיות קראנץ' 375 גרם קפוא גלאט עוף,מ ב גלאט עוף למהדרין,IL,נקניקיות קראנץ',גרמים,375.00,100 גרם,false,1,19.90,5.31,true,1,
7290014355781,false,נקניקיות קנקרס חריפות 375 גרם קפוא גלאט עוף,מ ב גלאט עוף למהדרין,IL,נקניקיות קנקרס ח,גרמים,375.00,100 גרם,false,1,27.90,7.44,true,1,
7290014355798,false,נקניקיות צ'וריסוס 375 גרם קפוא גלאט עוף,מ ב גלאט עוף למהדרין,IL,נקניקיות צ'וריסו,גרמים,375.00,100 גרם,false,1,27.90,7.44,true,1,
7290014355811,false,קבב עגל גלאטשף 400 גרם,מ ב גלאט עוף למהדרין,IL,קבב גלאטשף,גרמים,400.00,100 גרם,false,1,29.90,7.48,true,1,
7290014397163,false,"מטהר אוויר פרש הום פריחת השקד, ורד אנגלי וכותנה",סנו מפעלי ברונוס בעמ,IL,סנו פרש פלורל,מיליליטרים,250.00,"100 מ""ל",false,1,11.90,4.76,true,1,
7290014397170,false,"פרש מיכל מילוי אוטומטיק סופט בלאנס 250 מ""ל סנו",מיוצר עי קונדיטוריית,IL,סנו פרש סופט,מיליליטרים,250.00,"100 מ""ל",false,1,11.90,4.76,true,1,
7290014397279,false,שקיות מזון גדולות XL סנו סושי 300 יחידות,"אשפלסט תעשיות בע""מ",CN,שקיות מזון,יחידה,1.00,יחידה,false,0,8.90,8.90,true,1,
7290014397286,false,מרכך כביסה מרוכז חלב ודבש סנו מקסימה 1 ליטר,סנו-מקסימה,IL,מרכך כביסה מרוכז,ליטרים,1.00,ליטר,false,0,14.90,14.90,true,1,
7290014397453,false,סנו אוקסיגן גל מסיר כתמים כביסה לבנה 3 ל,סנו אוקסיג'ן,IL,מסיר כתמים 3ליטר,ליטרים,3.00,ליטר,false,0,24.90,8.30,true,1,
7290014397491,false,"מבשם אויר סנו פרש הום בניחוח וניל קוקוס 350 מ""ל",סנו פרש Fresh,IL,סנופרש ונ.קוקוס,מיליליטרים,350.00,"100 מ""ל",false,0,9.90,2.83,true,1,
7290014397507,false,מבשם אויר סנו פרש הום בניחוח מאסק מעודן 350 מ''ל,מיוצר עי קונדיטוריית,IL,סנופרש מאסק מעוד,מיליליטרים,350.00,"100 מ""ל",false,0,9.90,2.83,true,1,
7290014397514,false,"מבשם אויר סנו פרש הום בניחוח כותנה מלטפת 350 מ""ל","סנו מפעלי ברונוס בע""",IL,סנופרש כותנה,מיליליטרים,350.00,"100 מ""ל",false,0,9.90,2.83,true,1,
7290014397521,false,"מבשם אויר סנו פרש הום בניחוח לבנדר 350 מ""ל",סנו פרש Fresh,IL,סנופרש לבנדר,מיליליטרים,350.00,"100 מ""ל",false,0,9.90,2.83,true,1,
7290014397767,false,סנו ריצפז פרש הום 2 ליטר בניחוח כותנה-מרכז,"סנו מפעלי ברונוס בע""",IL,ריצפז פרש הום,ליטרים,2.00,ליטר,false,0,17.90,8.95,true,1,
7290014397781,false,סנו ריצפז פרש הום 2 ליטר בניחוח סבון,סנו פרש Fresh,IL,ריצפז פרש הום,ליטרים,2.00,ליטר,false,0,17.90,8.95,true,1,
7290014397873,false,מרכך כביסה בבישום עוצמתי ג'נטל בריז,סנו מפעלי ברונוס בעמ,IL,מרכך מקסימה,ליטרים,4.00,ליטר,false,1,19.80,4.95,true,1,
7290014426061,false,משחת שיניים הלו קיטי בטעם ענבים לגיל 2-6,כצט נוביס,IL,משחת שיניים,מיליליטרים,50.00,"100 מ""ל",false,0,10.90,21.80,true,1,
7290014434790,false,סוכריות קטנטנות בטעמי פירות 32 יח,"סוויט טיים פודסטופ בע""מ",CN,סוכריות קטנות,גרמים,160.00,100 גרם,false,1,9.90,6.19,true,1,
7290014434837,false,סוכריות פירמידה 24 יח 480 גר,"סוויט טיים פודסטופ בע""מ",CN,סוכ.קטנות פרמידה,גרמים,120.00,100 גרם,false,1,9.90,8.25,true,1,
7290014499973,false,קש מעוצב בצבעי נאון-,,CN,קשים מעוצבים,יחידה,1.00,יחידה,false,0,4.90,4.90,true,1,
7290014500440,false,קש ניאון צבעוני 225 יח,,CN,קש ניאון צבעוני,יחידה,1.00,יחידה,false,0,10.90,10.90,true,1,
7290014562370,false,פרכוני כוסמת בטר אנד דיפרנט 50 גרם,בטר אנד דיפרנט,IL,פריכוני כוסמת,גרמים,50.00,100 גרם,false,0,3.90,7.80,true,1,
7290014562547,false,בטר& דיפרנט טחינה עינן 700 גר,,IL,טחינה עינן 100%,גרמים,700.00,100 גרם,false,0,19.90,2.84,true,1,
7290014674004,false,קריספ פירורי לחם שומשום ומלח ים 300 גרם מיימונס,א.ל ייצור ושיווק תבל,IL,פירורי לחם קריספ,גרמים,300.00,100 גרם,false,1,6.90,2.30,true,1,
7290014731264,false,ספלאש כוסות 180CC לשתייה קרה 100 יחידות,רם,IL,כוסות חד פעמיות,יחידה,1.00,יחידה,false,1,5.50,5.50,true,1,
7290014758117,false,מאגדת יוגורט ביו 1.5% שומן 8 יח' *150 ג' תנובה,מיוצר עי קונדיטוריית,IL,יוגורט ביו 8 יח,קילוגרמים,1.20,"ק""ג",false,0,14.90,12.42,true,1,
7290014758148,false,פרוסות גבינה 22% שומן 400 ג' גלבוע,תנובה,IL,גבינת גלבוע,גרמים,400.00,100 גרם,false,0,17.90,4.48,true,1,
7290014758681,false,קוטג תנובה 1% גביע 250 גרם,מיוצר עי קונדיטוריית,IL,קוטג 1% שומן,גרמים,250.00,100 גרם,false,0,5.50,2.20,true,1,
7290014759084,false,גבינת שמנת נפוליאון 16% מופחת שומן תנובה 225 גרם,תנובה מרכז שיתופי לש,IL,גבינת נפוליאון,גרמים,225.00,100 גרם,false,0,11.90,5.29,true,1,
7290014759701,false,"מאגדת שמינייה יופלה מעודן בד""צ בנגיעות וניל",עדן קינוחים בעמ,IL,יופלה וניל 8 יח,קילוגרמים,1.20,"ק""ג",false,0,19.90,16.58,true,1,
7290014760134,false,"מעדן סויה בטעם וניל תנובה 125 מ""ל",תנובה Alternative,IL,מעדן סויה וניל,גרמים,125.00,100 גרם,false,1,3.90,3.12,true,1,
7290014760141,false,משקה שקדים תנובה E אלטרנטיב,תנובה Alternative,IL,משקה שקדים,ליטרים,1.00,ליטר,false,1,11.50,11.50,true,1,
7290014761018,false,גיל בטעם וניל תנובה 125 גרם,תנובה מרכז שיתופי לש,IL,גיל בטעם וניל,גרמים,125.00,100 גרם,false,0,1.30,1.04,true,1,
7290014761056,false,מעדן שוקולד חלב יולו תנובה 123 גרם,מיוצר עי קונדיטוריית,IL,יולו שוקולד חלב,גרמים,123.00,100 גרם,false,0,3.90,3.17,true,1,
7290014761063,false,מעדן שוקולד מריר יולו תנובה 123 גרם,מיוצר עי קונדיטוריית,IL,יולו שוקולד מריר,גרמים,123.00,100 גרם,false,0,3.90,3.17,true,1,
7290014761070,false,מעדן שוקולד לבן יולו תנובה 123 גרם,מיוצר עי קונדיטוריית,IL,יולו שוקולד לבן,גרמים,123.00,100 גרם,false,0,3.90,3.17,true,1,
7290014761193,false,יוגורט עם פירות יער 1.5% שומן 125 ג' פרילי,תנובה מרכז שיתופי לש,IL,פרילי פירות יער,גרמים,125.00,100 גרם,false,0,2.90,2.32,true,1,
7290014761414,false,יולו מעדן שכבות שוקולד חלב ולבן 123 גר,מיוצר עי קונדיטוריית,IL,יולו שכבות שוקו.,גרמים,123.00,100 גרם,false,0,3.90,3.17,true,1,
7290014761698,false,"גבינת עמק 28% סמי חצי קשה 600 גרם בד""ץ",תנובה מרכז שיתופי לש,IL,גבינה צהובה סמי,גרמים,600.00,100 גרם,false,1,26.90,4.48,true,1,
7290014762756,false,גבינת שמנת נפוליאון 16% עם בצל תנובה 225 גרם,תנובה חלב,IL,גבינת נפוליאון,גרמים,225.00,100 גרם,false,1,11.90,5.29,true,1,
7290014762800,false,מעדן סויה שוקולד גביע 125 גרם אלטרנטיב,תנובה מרכז שיתופי לש,IL,מעדן סויה ט.שוקו,גרמים,125.00,100 גרם,false,1,3.90,3.12,true,1,
7290014762831,false,גבינת שמנת נפוליאון 16% עם פלפל חלפיניו תנובה 225 גרם,תנובה מרכז שיתופי לש,IL,גבינת נפוליאון,גרמים,225.00,100 גרם,false,1,11.90,5.29,true,1,
7290014762848,false,גבינה צהובה מגורדת 22% שומן 500 ג' פתיתי גלבוע,גלבוע - תנובה,IL,פתיתי גלבוע,גרמים,500.00,100 גרם,false,1,29.90,5.98,true,1,
7290014867000,false,שמן זית למאור 1 ליטר,,IL,שמן זית למאור1לי,ליטרים,1.00,ליטר,false,1,17.90,17.90,true,1,
7290014867130,false,שום גבישי דרומה 300 גרם,דרומה,IL,שום גבישי דרומה,גרמים,300.00,100 גרם,false,0,11.90,3.97,true,1,
7290014867178,false,תבלין לפיצה בשקית 80 גרם,דרומה,IL,תבלין לפיצה,גרמים,80.00,100 גרם,false,1,3.50,4.38,true,1,
7290014867246,false,שביבי בצל צנצנת 140 גרם,,IL,שביבי בצל צנצנת,גרמים,140.00,100 גרם,false,1,11.90,8.50,true,1,
7290014975408,false,מגן תחתון שחור תשובה כנה פמינה 40 יחידות,,CN,מגן תחתון שחור,יחידה,1.00,יחידה,false,1,16.90,16.90,true,1,
7290015008143,false,"כוסות לשתיה חמה איכותיות 220 מ""ל",,CN,כוסות קרטון 8-OZ,יחידה,1.00,יחידה,false,0,7.90,7.90,true,1,
7290015008525,false,קיסמי שיניים מלחייה 300 יח',,CN,קיסמי שיניים,יחידה,1.00,יחידה,false,1,2.90,2.90,true,1,
7290015008594,false,נרות נשמה שבועי זכוכית אחת שתיים שמאי,,IL,נר נשמה שבועי,יחידה,1.00,יחידה,false,1,8.90,8.90,true,1,
7290015008662,false,מזלג קרם/שקוף ר.שמאי 50 יח',,TR,מזלג שקוף 50 יח',יחידה,1.00,יחידה,false,1,7.90,7.90,true,1,
7290015008679,false,"סכין שקוף/קרם ארוז 50 יחי' כשל""פ",,TR,סכין שקוף 50 יח',יחידה,1.00,יחידה,false,1,7.90,7.90,true,1,
7290015057202,false,חומץ רכיבים טבעיים 5,טעמן,IL,חומץ טבעי 1 ליטר,ליטרים,1.00,ליטר,false,0,6.90,6.90,true,1,
7290015139465,false,כרמית מיקסים בייגלה מצופה שוקולד חלב,כרמית תעשיות ממתקים בעמ,IL,מיקס בייגלה55גרם,גרמים,55.00,100 גרם,false,1,3.90,7.09,true,1,
7290015139519,false,אגו מיקס קוביות וופל 55 גר',כרמית,IL,מיני וופל מצופה,גרמים,55.00,100 גרם,false,1,3.90,7.09,true,1,
7290015139526,false,חופשי ופל בציפוי ומילוי שוקו ללא גלוטן כרמית 125 גרם,כרמית תעשיות ממתקים,IL,וופל ציפוי שוקול,גרמים,125.00,100 גרם,false,1,9.90,7.92,true,1,
7290015150118,false,שלישיית עגבניות חתוכות דק גרנד איטליה 400 גרם,אמיליאנה קונסרב ס.פ.,IT,עגבניות חתוכות,קילוגרמים,1.20,"ק""ג",false,1,14.90,12.42,true,1,
7290015153157,false,"אפרסק 900 גרם אריזות ירושלים בד""ץ",קרונוס,GR,חצאי אפרסקים,גרמים,820.00,100 גרם,false,1,7.90,0.96,true,1,
7290015155311,false,"6 מחיות ג'וניור תפו""ע 190 גר'",,CZ,שישיית פרינוק,קילוגרמים,1.14,"ק""ג",false,0,19.90,17.46,true,1,
7290015155328,false,ג'וניור פרינוק מחיות תפוח בננה מארז 190X6ג',,CZ,שישיית פרינוק,קילוגרמים,1.14,"ק""ג",false,0,19.90,17.46,true,1,
7290015155335,false,ג'וניור פרינוק מחיות פירות מארז 190X6ג',,CZ,שישיית פרינוק,קילוגרמים,1.14,"ק""ג",false,0,19.90,17.46,true,1,
7290015193832,false,קרקר עם שומשום ארומה 300 גרם,פפושדו,IL,קרקר שומשום,גרמים,300.00,100 גרם,false,1,5.90,1.97,true,1,
7290015193849,false,קרקר עם מלח ארומה 300 גרם,פפושדו,IL,קרקר מלח,גרמים,300.00,100 גרם,false,1,5.90,1.97,true,1,
7290015194204,false,דגני מולטי כוכבים 600גXL,אשבול,IL,מולטי כוכבים600ג,גרמים,600.00,100 גרם,false,1,11.90,1.98,true,1,
7290015194211,false,דגני בוקר מולטי פירות XL,אשבול,IL,מולטי פירות 600ג,גרמים,600.00,100 גרם,false,1,11.90,1.98,true,1,
7290015194228,false,מולטי שוקו וניל 600 גרXL,אשבול,IL,מולטי שוקו וניל,גרמים,600.00,100 גרם,false,1,11.90,1.98,true,1,
7290015194235,false,דגני מולטי שוקולד600גXL,אשבול,IL,מולטי שוקולד600ג,גרמים,600.00,100 גרם,false,1,11.90,1.98,true,1,
7290015194532,false,קרמלי חטיף בוטנים במילוי נוגט 70 גרם,אשבול,IL,קרמלי נוגט,גרמים,70.00,100 גרם,false,1,2.90,4.14,true,1,
7290015194549,false,קרמלי חטיף בוטנים במילוי שוקולד 70 גרם,אשבול,IL,קרמלי שוקולד,גרמים,70.00,100 גרם,false,1,2.90,4.14,true,1,
7290015194556,false,קרמלי חטיף בוטנים במילוי חלווה 70 גרם,אשבול,IL,קרמלי חלבה,גרמים,70.00,100 גרם,false,1,2.90,4.14,true,1,
7290015282581,false,חומוס אבו גוש עם חריף שמיר 200 גרם,"סלטי שמיר 2006 בע""מ",IL,חומוס אבו גוש,גרמים,200.00,100 גרם,false,0,6.90,3.45,true,1,
7290015282598,false,חומוס מסעדות גורמה שמיר 200 גרם,"סלטי שמיר 2006 בע""מ",IL,חומוס,גרמים,200.00,100 גרם,false,0,6.90,3.45,true,1,
7290015282604,false,טחינה מיוחדת גורמה שמיר 200 גרם,"סלטי שמיר 2006 בע""מ",IL,טחינה מיוחדת,גרמים,200.00,100 גרם,false,0,6.90,3.45,true,1,
7290015282628,false,חציל בטעם כבד גורמה שמיר 200 גרם,"סלטי שמיר 2006 בע""מ",IL,חציל בטעם כבד,גרמים,200.00,100 גרם,false,0,6.90,3.45,true,1,
7290015282635,false,חומוס מסבחה גורמה שמיר 200 גרם,"סלטי שמיר 2006 בע""מ",IL,חומוס מסבחה,גרמים,200.00,100 גרם,false,0,6.90,3.45,true,1,
7290015282642,false,חומוס אבו גוש גורמה שמיר 200 גרם,"סלטי שמיר 2006 בע""מ",IL,חומוס אבו גוש,גרמים,200.00,100 גרם,false,0,6.90,3.45,true,1,
7290015282673,false,חציל במיונז ביתי גורמה שמיר 200 גרם,"סלטי שמיר 2006 בע""מ",IL,חציל במיונז,גרמים,200.00,100 גרם,false,0,6.90,3.45,true,1,
7290015282680,false,קישוא בטעם כבד גורמה שמיר 200 גרם,"סלטי שמיר 2006 בע""מ",IL,קישוא בטעם כבד,גרמים,200.00,100 גרם,false,0,6.90,3.45,true,1,
7290015282697,false,כרוב אדום שמיר גורמה 200גר,"סלטי שמיר 2006 בע""מ",IL,כרוב אדום,גרמים,200.00,100 גרם,false,0,6.90,3.45,true,1,
7290015282710,false,קוביות סלק גורמה שמיר 200 גרם,"סלטי שמיר 2006 בע""מ",IL,קוביות סלק,גרמים,200.00,100 גרם,false,0,6.90,3.45,true,1,
7290015282727,false,גזר מרוקאי ברוטב פיקנטי אסלי שמיר 200 ג',"סלטי שמיר 2006 בע""מ",IL,גזר מרוקאי,גרמים,200.00,100 גרם,false,0,6.90,3.45,true,1,
7290015282734,false,מטבוחה ביתית גורמה שמיר 200 גרם,"סלטי שמיר 2006 בע""מ",IL,מטבוחה 200 גרם,גרמים,200.00,100 גרם,false,0,6.90,3.45,true,1,
7290015339483,false,ערמונים קלופים וקלויים טעמן 100ג',טאנגשאלן היואן פוד,IL,ערמונים 100גרם,גרמים,100.00,100 גרם,false,0,5.90,5.90,true,1,
7290015339629,false,שוקולד חלב שברי אגוזים 100 גרם טעמן,הלל תעשיות,CH,שוקולד אגוזים,גרמים,100.00,100 גרם,false,1,7.90,7.90,true,1,
7290015339643,false,שוקולד מריר 100 גרם טעמן.,הלל תעשיות,CH,שוקולד מריר.,גרמים,100.00,100 גרם,false,1,6.90,6.90,true,1,
7290015339933,false,ריבת חלב טעמן 340 גרם,טעמן,IL,ריבת חלב,גרמים,340.00,100 גרם,false,0,13.90,4.09,true,1,
7290015347259,false,פירורי לחם מוזהבים מיה 400 גרם,מיה תעשיות מזון מ.ת.מ. ב,IL,פירורי לחם מוזהב,גרמים,400.00,100 גרם,false,1,4.90,1.23,true,1,
7290015347280,false,"מעדן תות 280 גרם בד""ץ",,BG,מעדן תות,גרמים,280.00,100 גרם,false,1,11.90,4.25,true,1,
7290015347303,false,"מעדן אוכמניות 280 גרם בד""ץ",,BG,מעדן אוכמניות,גרמים,280.00,100 גרם,false,1,11.90,4.25,true,1,
7290015347310,false,"מעדן משמש 280 גרם בד""ץ",,BG,מעדן משמש,גרמים,280.00,100 גרם,false,1,11.90,4.25,true,1,
7290015347358,false,סודה לשתיה בקרטונית מיה 50 גרם,מיה תעשיות מזון מ.ת.מ. ב,IL,סודה לשתיה,גרמים,50.00,100 גרם,false,1,1.50,3.00,true,1,
7290015347426,false,סוכריות קולה לימון ללא סוכר 80גרם,מיה תעשיות מזון מ.ת.מ. ב,IL,סוכריות קולה,גרמים,80.00,100 גרם,false,1,5.80,7.25,true,1,
7290015347488,false,"סוכר דמררה חום שקית מיה 1 ק""ג",מיה תעשיות מזון מ.ת.מ. ב,IL,סוכר דמררה,קילוגרמים,1.00,"ק""ג",false,0,7.90,7.90,true,1,
7290015347525,false,צ'יפס בטטה עם שום ורוזמרין מיה 100 גרם,מיה תעשיות מזון מ.ת.מ. ב,IL,צ'יפס בטטה,גרמים,80.00,100 גרם,false,1,7.90,9.88,true,1,
7290015347532,false,צ'יפס בטטה עם שמן זית ועשבי תיבול מיה 100 גרם,מיה תעשיות מזון בעמ,IL,צ'יפס בטטה,גרמים,80.00,100 גרם,false,1,7.90,9.88,true,1,
7290015347556,false,גבישי שום בצנצנת מיה 300 גרם,מיה תעשיות מזון בעמ,IL,גבישי שום300גרם,גרמים,300.00,100 גרם,false,1,24.90,8.30,true,1,
7290015347679,false,"תבלין צ'ילי גרוס 70 גר' צנצנת כשל""פ",מיה תעשיות מזון מ.ת.מ. ב,IL,צילי גרוס,גרמים,70.00,100 גרם,false,1,7.90,11.29,true,1,
7290015347761,false,סוכריות ג'לילנד כוכבים 125 גר' מיה,מיה תעשיות מזון מ.ת.מ. ב,IL,ג'לי כוכבים,גרמים,125.00,100 גרם,false,1,4.90,3.92,true,1,
7290015347778,false,סוכריות ג'לילנד דגים 125 גר' מיה,מיה תעשיות מזון מ.ת.מ. ב,IL,ג'לי דגים,גרמים,125.00,100 גרם,false,1,4.90,3.92,true,1,
7290015347785,false,סוכריות ג'לילנד לבבות 125 גר' מיה,מיה תעשיות מזון מ.ת.מ. ב,IL,ג'לי לבבות,גרמים,125.00,100 גרם,false,1,4.90,3.92,true,1,
7290015347990,false,מארז שמיניית עדשי שוקולד מיה 160 גרם,מיה תעשיות מזון בעמ,IL,עדשי שוקולד מארז,גרמים,160.00,100 גרם,false,1,8.90,5.56,true,1,
7290015366663,false,"משחת שיניים מנטה עדין אקווה פרש 100 מ""ל",גלקסוסמיתקליין,SK,משחה אקווה פרש,מיליליטרים,100.00,"100 מ""ל",false,1,6.90,6.90,true,1,
7290015366670,false,משחת שיניים הגנה משולשת מנטה מרענן,גלקסוסמיתקליין,SK,משחה אקווה פרש,מיליליטרים,100.00,"100 מ""ל",false,1,6.90,6.90,true,1,
7290015674881,false,סוכריות טופי חלבי 230 גר,פ&ד מוזיקסשוגארי פרודאקט,GR,סוכ.טופי חלבי,גרמים,230.00,100 גרם,false,1,9.90,4.30,true,1,
7290015690072,false,צ'יק צ'אק פלאפל 190 גרם,"10 ברוס ע.ט בע""מ",IL,צ'יק צ'אק פלאפל,גרמים,190.00,100 גרם,false,1,2.90,1.53,true,1,
7290015856607,false,קרקר תירוש מלוח מתוק חצי מצופה בטעם שוקולד,אפיפית נצרת תעשיות ב,IL,קרקר תירוש,גרמים,175.00,100 גרם,false,1,5.90,3.37,true,1,
7290015856621,false,ביסקויט תירוש בטעם קרמל[לוטוס]175 גרם,אפיפית נצרת תעשיות ב,IL,ביסקוויט תירוש,גרמים,175.00,100 גרם,false,1,5.90,3.37,true,1,
7290015856751,false,פירורי עוגיות אמריקאיות 250 גר',אפיפית,IL,פירורי עוגיות,גרמים,250.00,100 גרם,false,1,4.90,1.96,true,1,
7290015856942,false,קרם קרקר עם זעתר אפיפית,אפיפית,IL,קרם קרקר עם זעתר,גרמים,250.00,100 גרם,false,1,6.90,2.76,true,1,
7290015856973,false,פתי בר ללא סוכר 150 גר הדר וניל,הדר,IL,"פתיבר לל""ס 150גר",גרמים,150.00,100 גרם,false,1,4.90,3.27,true,1,
7290015856980,false,פתי בר ללא סוכר 150 גר הדר שוקו,הדר,IL,"פתיבר לל""ס 150גר",גרמים,150.00,100 גרם,false,1,4.90,3.27,true,1,
7290015858106,false,"ממרח פסטו ביתי 180 גרם ""עללחם""","מדשא תעשיות מזון בע""\מ",IL,פסטו ביתי,גרמים,180.00,100 גרם,false,1,15.90,8.83,true,1,
7290015858113,false,"ממרח עגבניות מיובשות 180 גרם ""טריטרי""","מדשא תעשיות מזון בע""\מ",IL,ממרח עגבניות,גרמים,180.00,100 גרם,false,1,15.90,8.83,true,1,
7290015858144,false,ממרח ארטישוק עללחם 180 גרם,"מדשא תעשיות מזון בע""\מ",IL,ממרח ארטישוק,גרמים,180.00,100 גרם,false,1,15.90,8.83,true,1,
7290015858229,false,"טפנד זיתי קלמטה 180 גרם ""עללחם""","מדשא תעשיות מזון בע""\מ",IL,טפנד זיתים,גרמים,180.00,100 גרם,false,1,15.90,8.83,true,1,
7290015858243,false,ממרח צימיצורי עללחם 180 גרם,"מדשא תעשיות מזון בע""\מ",IL,צ'ימצ'ורי,גרמים,180.00,100 גרם,false,1,15.90,8.83,true,1,
7290015879705,false,"תערובתאיטלקית לאפיה לל""ג",DFS,IT,תערובת לאפיה,קילוגרמים,1.00,"ק""ג",false,1,14.90,14.90,true,1,
7290015879712,false,"תערובת לל""ג לאפיית עוגות",DFS,IT,"תערובת לל""ג 500ג",גרמים,500.00,100 גרם,false,1,14.90,2.98,true,1,
7290015879729,false,תערובת לאפיה ללא גלוטן.,DFS,IT,תערובת לאפיה,גרמים,500.00,100 גרם,false,1,14.90,2.98,true,1,
7290015968256,false,מטאטא אינטר ג'ולי+מקל .,קוצ'ינה,CN,מטאטא אינטר,יחידה,1.00,יחידה,false,1,11.90,11.90,true,1,
7290016006346,false,שוופס סודה 0.5 ליטר מארז שישייה,יפאורה שותפות מובגלת לשיווק,IL,שוופס סודה,ליטרים,3.00,ליטר,false,1,13.90,4.63,true,1,
7290016087123,false,רוטב מתובל לפסטה בסגנון קלאסי פריניר 240 גרם,פריניר,IL,רוטב עגבניות,גרמים,240.00,100 גרם,false,1,4.90,2.04,true,1,
7290016087147,false,רוטב עגבניות מתובל לפיצה מרגריטה 240 גרם,פריניר,IL,רוטב עגבניות,גרמים,240.00,100 גרם,false,1,4.90,2.04,true,1,
7290016087239,false,רוטב עגבניות מרוכז לשקשוקה פיקנטי פריניר 230 גרם,פריניר,IL,רוטב עגבניות,גרמים,230.00,100 גרם,false,1,4.90,2.13,true,1,
7290016096507,false,טונה בשמן קנולה80*3 גרם,תעשיות פילטונה,IL,3טונה בשמן קנולה,גרמים,240.00,100 גרם,false,1,9.90,4.13,true,1,
7290016096613,false,שישיות פילטונה בשמן צמחי,"תעשיות פילטונה בע""מ",IL,שישיות פילטונה,גרמים,840.00,100 גרם,false,1,27.90,3.32,true,1,
7290016096637,false,שישיות פילטונה שמן קנולה,"תעשיות פילטונה בע""מ",IL,שישיות פילטונה,גרמים,840.00,100 גרם,false,1,27.90,3.32,true,1,
7290016096651,false,שישיות פיל טונה במי מלח,"תעשיות פילטונה בע""מ",IL,שישיות פיטונה,גרמים,840.00,100 גרם,false,1,27.90,3.32,true,1,
7290016096811,false,רביעיית ממרח טונה פילטונה 160 גר'*4,תעשיות פילטונה,IL,ממרח טונה 4 יח,גרמים,640.00,100 גרם,false,1,19.90,3.11,true,1,
7290016096934,false,מארז זוגות סלט טונה 2*160 ג' פילטונה,תעשיות פילטונה,IL,סלט טונה 2 יח,גרמים,320.00,100 גרם,false,1,11.90,3.72,true,1,
7290016098297,false,עוגיות מיני רוליקס במילוי קרם שוקולד 180 גרם,הגביע,IL,עוגיות 180 גרם,גרמים,180.00,100 גרם,false,1,4.50,2.50,true,1,
7290016102239,false,נרות 48 שעות זכוכית אחת שתיים שמאי,,CN,נר נשמה 48 שעות,יחידה,1.00,יחידה,false,1,3.90,3.90,true,1,
7290016104363,false,"תמצית אפייה וניל 50 מ""ל",פוליבה,IL,תמצית אפייה,מיליליטרים,50.00,"100 מ""ל",false,1,2.90,5.80,true,1,
7290016104370,false,"תמצית אפייה רום 50 מ""ל",פוליבה,IL,תמצית אפייה,מיליליטרים,50.00,"100 מ""ל",false,1,2.90,5.80,true,1,
7290016106671,false,נתחי טונה בהירה בשמן צמחי,פילטונה,IL,טונה בשמן,גרמים,140.00,100 גרם,false,1,4.90,3.50,true,1,
7290016106688,false,נתחי טונה במי מלח טעמן 140 ג',פילטונה,IL,טונה במים,גרמים,140.00,100 גרם,false,1,4.90,3.50,true,1,
7290016144000,false,"קמח חיטה מלאה נפלאות 80% 1 ק""ג","קמח מלכים בע""\מ",IL,קמח חיטה,קילוגרמים,1.00,"ק""ג",false,1,9.90,9.90,true,1,
7290016144055,false,"קמח כוסמין נפלאות 80% 1 ק""ג",קמח מלכים,IL,קמח כוסמין 80%,קילוגרמים,1.00,"ק""ג",false,1,14.90,14.90,true,1,
7290016162219,false,כדורי שוקולד קוקוס קפולסקי 280 גר',תופינים מקבוצת קפולסקי,IL,כדורי שוקולד,גרמים,280.00,100 גרם,false,1,28.90,10.32,true,1,
7290016197617,false,תחבושת לנשים אקסטרה דיפנד 10 יחידות,קימברלי קלארק,VN,תחבושות דיפנד,יחידה,1.00,יחידה,false,1,17.90,17.90,true,1,
7290016217643,false,חמוצים סיני אסלי שמיר 400 גרם,"סלטי שמיר 2006 בע""מ",IL,חמוצים סיני,גרמים,400.00,100 גרם,false,1,9.90,2.48,true,1,
7290016304596,false,לחמניות לסנדביץ 75 גרם,מאפית דוידוביץ ובניו,IL,לחמניות לסנדביץ',גרמים,750.00,100 גרם,false,1,9.90,1.32,true,1,
7290016304640,false,לחמניות 100% קמח כוסמין 6*60 ג',מאפיית דוידוביץ,IL,6 לחמניות כוסמין,גרמים,360.00,100 גרם,false,1,8.90,2.47,true,1,
7290016313086,false,קוגל 3 שכבות תכל'ס,,IL,קוגל טריו 600 גר,גרמים,650.00,100 גרם,false,1,19.90,3.06,true,1,
7290016314762,false,פרובנציאל מטיאס 200 גרם,סלטי שמיר,IL,פרובנציאל מטיאס,גרמים,200.00,100 גרם,false,1,15.90,7.95,true,1,
7290016314779,false,פילה מטיאס הולנדי 200גרם,סלטי שמיר,IL,פילה מטיאס,גרמים,200.00,100 גרם,false,1,15.90,7.95,true,1,
7290016314786,false,הרינג כבוש במרינדה 220גר,סלטי שמיר,IL,הרינג כבוש,גרמים,220.00,100 גרם,false,1,15.90,7.23,true,1,
7290016314816,false,סלט הרינג עם מיונז 200 ג,,IL,סלט הרינג,גרמים,200.00,100 גרם,false,1,15.90,7.95,true,1,
7290016314823,false,סלט מטיאס עם מיונז 200 ג,סלטי שמיר,IL,סלט מטיאס,גרמים,200.00,100 גרם,false,1,15.90,7.95,true,1,
7290016314830,false,גרבדלקס סלמון 100 גרם,,IL,גרבדלקס סלמון,גרמים,100.00,100 גרם,false,1,19.90,19.90,true,1,
7290016314847,false,סלמון מובחר 100גרם,סלטי שמיר,IL,סלמון מובחר,גרמים,100.00,100 גרם,false,1,19.90,19.90,true,1,
7290016314946,false,פילה מקרל מעושן 120 גרם,סלטי שמיר,IL,פילה מקרל מעושן,גרמים,120.00,100 גרם,false,1,16.90,14.08,true,1,
7290016320343,false,"דאק נוזל ג'ל לניקוי מתקדם בניחות לבנדר זוג * 750 מ""ל",אס. סי. ג'\ונסון מידרכט,NL,דאק לאסלה זוג,ליטרים,1.50,ליטר,false,1,16.90,11.27,true,1,
7290016329278,false,קמיל בלו מגבונים מילוי 64 יח רביעייה,פישר מעבדות פרמצבטיות בע,IL,מגבונים קמיל בלו,יחידה,1.00,יחידה,false,1,17.90,17.90,true,1,
7290016370010,false,זיתים טבעות מוגדל 650 גר,קבוצת יבנה,IL,זיתים טבעות,גרמים,650.00,100 גרם,false,1,8.50,1.31,true,1,
7290016370027,false,זית חרוזית מוגדלת 650 גר,קבוצת יבנה,IL,זית חרוזית,גרמים,650.00,100 גרם,false,1,8.50,1.31,true,1,
7290016372342,false,עגבניות חתוך קוביות גראנד איטליה מארז 400X3ג',גרנד איטליה Grand Italia,IT,עגבניות חתוכ3.יח,קילוגרמים,1.20,"ק""ג",false,1,14.90,12.42,true,1,
7290016372373,false,רסק עגבניות ללא תוספת סוכר ומלח - מארז זוג,גרנד איטליה Grand Italia,IT,רסק עגבניות 2 יח,גרמים,280.00,100 גרם,false,1,6.50,2.32,true,1,
7290016373639,false,פסים חמוצים בטעם תפוח טעמן 275 גרם,אלוון גידה סאן,TR,פסים חמוצים180גר,גרמים,180.00,100 גרם,false,1,7.90,4.39,true,1,
7290016373646,false,פסים חמוצים פטל 275 גרם,אלוון גידה סאן,TR,פסים חמוצים,גרמים,180.00,100 גרם,false,1,7.90,4.39,true,1,
7290016373653,false,מקלות חמוצים בטעם תות 180 ג',אלוון גידה סאן,TR,פסים חמוצים,גרמים,180.00,100 גרם,false,1,7.90,4.39,true,1,
7290016373721,false,מקלות חמוצים תות וניל 275 גרם,אלוון גידה סאן,TR,פסים חמוצים,גרמים,180.00,100 גרם,false,1,7.90,4.39,true,1,
7290016373738,false,מקלות חמוצים תותי פרוטי 180 גרם,אלוון גידה סאן,TR,פסים חמוצים180גר,גרמים,180.00,100 גרם,false,1,7.90,4.39,true,1,
7290016373806,false,לקקנים ממולאים טופי בטעם פירות 500 גרם,פסין.אס.איי.,BR,לקקנים,גרמים,504.00,100 גרם,false,1,15.90,3.15,true,1,
7290016373820,false,גוגלס לקקן צובע פה 500 גרם,פסין.אס.איי.,BR,לקקנים,גרמים,500.00,100 גרם,false,1,15.90,3.18,true,1,
7290016411164,false,פרחי כרובית מוקפאים 600ג,י.ש. ירקות עליים,IL,כרובית צפראי 600,גרמים,600.00,100 גרם,false,1,32.90,5.48,true,1,
7290016411188,false,פרחי ברוקלי מוקפאים 600ג,י.ש. ירקות עליים,IL,ברוקולי 600 גרם,גרמים,600.00,100 גרם,false,1,32.90,5.48,true,1,
7290016411706,false,כוסברה הרב לנדאו ביכורי,,IL,כוסברה קטיף הטבע,יחידה,1.00,יחידה,false,1,5.90,5.90,true,1,
7290016411713,false,שמיר הרב לנדאו ביכורי שד,,IL,שמיר קטיף הטבע,יחידה,1.00,יחידה,false,1,5.90,5.90,true,1,
7290016411720,false,נענע הרב לנדאו ביכורי שד,,IL,נענע קטיף הטבע,יחידה,1.00,יחידה,false,1,5.90,5.90,true,1,
7290016411737,false,פטרוזיליה הרב לנדאו ביכו,,IL,פטרוזיליה קטיף ה,יחידה,1.00,יחידה,false,1,5.90,5.90,true,1,
7290016411744,false,כרוב לבן שלם הרב לנדאו ב,,IL,כרוב שלם קטיף הט,קילוגרמים,0.00,"ק""ג",true,1,13.90,13.90,true,1,
7290016411751,false,חסה הרב לנדאו ביכורי שדה,,IL,חסה קטיף הטבע,יחידה,1.00,יחידה,false,1,6.90,6.90,true,1,
7290016411768,false,בצל ירוק הכשר הרב לנדאו,,IL,בצל ירוק קטיף הט,יחידה,1.00,יחידה,false,1,6.90,6.90,true,1,
7290016411775,false,סלרי הרב לנדאו ביכורי שד,,IL,סלרי עלים קטיף ה,יחידה,1.00,יחידה,false,1,6.90,6.90,true,1,
7290016411782,false,סלק עלים הרב לנדאו ביכור,,IL,סלק עלים קטיף הט,יחידה,1.00,יחידה,false,1,6.90,6.90,true,1,
7290016411836,false,"כרוב לבן קטיף הטבע 1 ק""ג","י.ש.ירקות עלים בע""מ",IL,כרוב לבן קטיף,קילוגרמים,1.00,"ק""ג",false,1,17.90,17.90,true,1,
7290016411843,false,"כרוב אדום קטיף הטבע 1ק""ג","י.ש.ירקות עלים בע""מ",IL,כרוב אדום קטיף ה,קילוגרמים,1.00,"ק""ג",false,1,17.90,17.90,true,1,
7290016411850,false,חסה אייסברג קטיף הטבע 1ק,"י.ש.ירקות עלים בע""מ",IL,חסה אייסברג קטיף,קילוגרמים,1.00,"ק""ג",false,1,24.90,24.90,true,1,
7290016411874,false,כרוב לבן קטיף הטבע 400 ג,"י.ש.ירקות עלים בע""מ",IL,כרוב לבן קטיף הט,גרמים,400.00,100 גרם,false,1,11.90,2.98,true,1,
7290016411881,false,כרוב אדום קטיף הטבע 400ג,,IL,כרוב אדום קטיף ה,גרמים,400.00,100 גרם,false,1,11.90,2.98,true,1,
7290016411898,false,חסה אייסברג 350 גרם,"י.ש.ירקות עלים בע""מ",IL,חסה אייסברג 350ג,גרמים,350.00,100 גרם,false,1,11.90,3.40,true,1,
7290016411904,false,לקט קטיף הטבע 400 גרם,"י.ש.ירקות עלים בע""מ",IL,לקט קלאסי 400 גר,גרמים,400.00,100 גרם,false,1,11.90,2.98,true,1,
7290016411911,false,סלט קולסלאו קטיף הטבע400,"י.ש.ירקות עלים בע""מ",,סלט קולסלאו קטיף,גרמים,400.00,100 גרם,false,1,14.90,3.73,true,1,
7290016416992,false,עוגת דובוש בסקוויטים קפולסקי 400 גרם,תופינים מקבוצת קפולסקי,IL,עוגת דובוש,גרמים,400.00,100 גרם,false,1,29.90,7.48,true,1,
7290016439601,false,ממרח תמרים 450 גר צור עין יהב,"משק צור עין יהב בע""מ",IL,ממרח תמרים 450גר,גרמים,450.00,100 גרם,false,1,5.90,1.31,true,1,
7290016496208,false,פתיל צף עגול בינוני מוכן,שלהבת,IN,פתיל פקק צף עגול,יחידה,1.00,יחידה,false,1,4.90,4.90,true,1,
7290016509786,false,פרסיל גל לכביסה לבנה וצבעונית-ירוק 2.5 ל,"הנקל סוד בע""\מ",IL,ג'ל כביסה פרסיל,ליטרים,2.50,ליטר,false,1,29.90,11.96,true,1,
7290016509809,false,ג'ל מרוכז לכביסה קולור 2.5 ל' פרסיל,"הנקל סוד בע""\מ",IL,ג'ל כביסה פרסיל,ליטרים,2.50,ליטר,false,1,29.90,11.96,true,1,
7290016509847,false,פרסיל ג'ל לכביסה כהה בלאק 2.5 ליטר,"הנקל סוד בע""\מ",IL,פרסיל ג'ל בלאק,ליטרים,2.50,ליטר,false,1,29.90,11.96,true,1,
7290016510232,false,"הוואי - תחליב רחצה יוגורט קוקוס 700 מ""ל",תאי פרזידנט פוד פאבל,IL,תחליב רחצה הוואי,מיליליטרים,700.00,"100 מ""ל",false,1,8.90,1.27,true,1,
7290016510249,false,"הוואי - תחליב רחצה יוגורט שקדים 700 מ""ל",תאי פרזידנט פוד פאבל,IL,תחליב רחצה הוואי,מיליליטרים,700.00,"100 מ""ל",false,1,8.90,1.27,true,1,
7290016510287,false,"תחליב רחצה הוואי דבש אירוס זהוב 700 מ""ל",תאי פרזידנט פוד פאבל,IL,תחליב רחצה הוואי,מיליליטרים,700.00,"100 מ""ל",false,1,8.90,1.27,true,1,
7290016513684,false,"כיסונים כפרי במילוי בשר הודו, 750 גרם","אימפריאל הזרב פוד בע""מ",IL,כיסונים כפרי,גרמים,750.00,100 גרם,false,1,21.90,2.92,true,1,
7290016524871,false,מיני במיה קפואה 500 גרם,,EG,מיני במיה קפואה,גרמים,500.00,100 גרם,false,1,12.90,2.58,true,1,
7290016601527,false,"מבשם כביסה ולבית 500 מ""ל",סאסאטק,IL,מבשם כביסה ולבית,מיליליטרים,500.00,"100 מ""ל",false,1,29.90,5.98,true,1,
7290016621341,false,אל סבון היגייני לניקוי יסודי קמיל Clean & Moisture,פישר מעבדות פרמצבטיות בע,IL,אל סבון קמיל,ליטרים,1.00,ליטר,false,1,11.90,11.90,true,1,
7290016621358,false,"ד""ר פישר - קמיל אל סבון ניקיון והזנה ורוד 1 ליטר",פישר מעבדות פרמצבטיות בע,IL,אל סבון קמיל,ליטרים,1.00,ליטר,false,1,11.90,11.90,true,1,
7290016682182,false,פריניב שייק תמר בננה מופחת סוכר 1 ליטר,פריניב בעמ,IL,שייק תמר בננה,מיליליטרים,1000.00,"100 מ""ל",false,1,13.70,1.37,true,1,
7290016682199,false,פריניב שייק תות בננה מופחת סוכר 1 ליטר,הנסיך- מפעל לייצור ט,IL,שייק תות בננה,מיליליטרים,1000.00,"100 מ""ל",false,1,13.70,1.37,true,1,
7290016682328,false,מיץ תפוזים 100% עשוי מרכז 2 ל' פריניב,פרי ניב,IL,מיץ תפוזים טבעי,ליטרים,2.00,ליטר,false,1,16.90,8.45,true,1,
7290016682373,false,משקה קל לימונדה בלאדי 2 ליטר פריניב,פריניב,IL,משקה קל מצנון,ליטרים,2.00,ליטר,false,0,18.50,9.25,true,1,
7290016682380,false,מיץ טבעי לימונדה ולואיזה פרי ניב 2 ליטר-,פרי ניב,IL,משקה קל מצנון,ליטרים,2.00,ליטר,false,0,18.50,9.25,true,1,
7290016682441,false,100% מיץ תפוזים מיוצר מרכז טבעי,פרי ניב,IL,מיץ תפוזים סחוט,ליטרים,1.00,ליטר,false,1,12.90,12.90,true,1,
7290016693041,false,"יין אמירים רזרב קברנה 750 מ""ל!.",יקבי ארזה,IL,אמירים רזרב קברנ,מיליליטרים,750.00,"100 מ""ל",false,1,18.90,2.52,true,1,
7290016693058,false,"יין אמירים רזרב מרלו 750 מ""ל!.",יקבי ארזה,IL,אמירים רזרב מרלו,מיליליטרים,750.00,"100 מ""ל",false,1,18.90,2.52,true,1,
7290016693065,false,"יין אמירים רזרב רוזה 750 מ""ל.!",יקבי ארזה,IL,אמירים רזרב א.רו,מיליליטרים,750.00,"100 מ""ל",false,1,18.90,2.52,true,1,
7290016693140,false,"יין וירטואוז שרדונה 750 מ""ל היוצר",יקבי ארזה,IL,שרדונה וירטאוזו,מיליליטרים,750.00,"100 מ""ל",false,1,42.90,5.72,true,1,
7290016693799,false,"יין מוסקטו היוצר רוזה 750 מ""ל",קנטינה סנט,IT,יין מוסקטו רוזה,מיליליטרים,750.00,"100 מ""ל",false,1,28.90,3.85,true,1,
7290016693959,false,"היוצר בראשית קברנה סוביניון 750 מ""ל",יקבי ארזה,IL,קברנה מתוק עדין,מיליליטרים,750.00,"100 מ""ל",false,1,32.90,4.39,true,1,
7290016717051,false,משקה Buzz מוגז בטעם רימון מבוסס יין אדום מתוק,יקבי כרמל Carmel Winery,IL,רימון באזז,מיליליטרים,750.00,"100 מ""ל",false,1,22.90,3.05,true,1,
7290016717617,false,תירוש כרמל אדום 1.2 ליטר,יקבי כרמל,IL,מיץ ענבים תירוש,ליטרים,1.20,ליטר,false,1,19.90,16.58,true,1,
7290016717754,false,"יין ישן נושן יקבי כרמל 750 מ""ל ^^^",אגודת הכורמים הקואופרטיב,IL,יין ישן נושן,מיליליטרים,750.00,"100 מ""ל",false,1,16.90,2.25,true,1,
7290016717976,false,"יין סלקטד באז אפרסק כרמל 750 מ""ל",כרמל מזרחי,IL,ספארקלינג אפרסק,מיליליטרים,750.00,"100 מ""ל",false,1,22.90,3.05,true,1,
7290016806168,false,תירס בוואקום 340 גרם,EKO,HU,תירס בוואקום340ג,גרמים,340.00,100 גרם,false,1,4.90,1.44,true,1,
7290016806205,false,קורנפלקס 750 גרם,CERERA,LE,קורנפלקס 750 גרם,גרמים,750.00,100 גרם,false,1,12.90,1.72,true,1,
7290016867039,false,"מארז פיתות קלות כוסמין בתוספת מחמצת 6 יחידות ד""ר מרק",המאפה של דר מרק בריא,IL,פיתות כוסמין 6יח,גרמים,324.00,100 גרם,false,1,14.90,4.60,true,1,
7290016867046,false,"מארז פיתות קלות כוסמין במתיקות מעודנת 6 יחידות ד""ר מרק",המאפה של דר מרק בריא,IL,פיתות קלות 6 יח,גרמים,303.00,100 גרם,false,1,14.90,4.92,true,1,
7290016867176,false,"מארז לחמניות קלות כוסמין שומשום במתיקות מעודמת 5 יחידות ד""ר מרק",המאפה של דר מרק,IL,לחמניות קלות,גרמים,351.00,100 גרם,false,1,13.90,3.96,true,1,
7290017008721,false,צלעות צרכני מס' 2,,BR,בשר מס 2,קילוגרמים,0.00,"ק""ג",true,1,39.90,39.90,true,1,
7290017008776,false,בשר מס 5 צלי כתף חלק .,וינר פוד,BR,בשר צלי,קילוגרמים,0.00,"ק""ג",true,1,64.90,64.90,true,1,
7290017008790,false,מכסה הצלע מס 7 אשפר שקיל,,BR,מכסה הצלע,קילוגרמים,0.00,"ק""ג",true,1,34.90,34.90,true,1,
7290017008813,false,בשר מס 8 שריר זרוע שקיל,וינר פוד,BR,בשר מס 8 שריר,קילוגרמים,0.00,"ק""ג",true,1,39.90,39.90,true,1,
7290017008837,false,קשתית אסאדו מס9',,PY,קשתית אסאדו מס9',קילוגרמים,0.00,"ק""ג",true,1,59.90,59.90,true,1,
7290017023212,false,"שוויפס מוגז פירות תפוח מארז רביעייה* 330 מ""ל",יפאורה תבורי בעמ,IL,שוופס מוגז4פחיות,ליטרים,1.32,ליטר,false,1,11.50,8.71,true,1,
7290017023229,false,רביעיית פחיות שוופס מוגז פירות תות ליים 330 מל.,יפאורה תבורי בעמ,IL,שוופס מוגז4פחיות,ליטרים,1.32,ליטר,false,1,11.50,8.71,true,1,
7290017023236,false,רביעיית פחיות שוופס מוגז פירות ענבים 330 מל.,יפאורה תבורי בעמ,IL,שוופס מוגז4פחיות,ליטרים,1.32,ליטר,false,1,11.50,8.71,true,1,
7290017023663,false,"שוופס מיץ פירות לימונייד פחית מארז 330X4מ""ל",יפאורה תבורי,IL,שוופס 4 פחיות,ליטרים,1.32,ליטר,false,1,11.50,8.71,true,1,
7290017023854,false,מי סודה בקבוקים אישיים - מארז 4 יח',יפאורה תבורי בעמ,IL,שוופס סודה 4 יח,ליטרים,1.00,ליטר,false,1,9.90,9.90,true,1,
7290017023861,false,סודה בטעם לימון בקבוקים אישיים - מארז 4 יח',יפאורה תבורי בעמ,IL,שוופס סודה 4 יח,ליטרים,1.00,ליטר,false,1,9.90,9.90,true,1,
7290017023878,false,סודה בטעם נענע ליים בקבוקים אישיים - מארז 4 יח',יפאורה תבורי בעמ,IL,שוופס סודה 4 יח,ליטרים,1.00,ליטר,false,1,9.90,9.90,true,1,
7290017068121,false,שקדים מולבנים פרוסים מיה 250 גרם,מיה,IL,שקדים מולבנים,גרמים,250.00,100 גרם,false,1,22.90,9.16,true,1,
7290017068138,false,שקדים מולבנים שבבים 250 גרם,מיה,IL,שקדים מולבנים,גרמים,250.00,100 גרם,false,1,22.90,9.16,true,1,
7290017068206,false,צימוקים בהירים בקרטון מיה 350 גרם,מיה תעשיות מזון בעמ,IL,צימוקים בהירים,גרמים,350.00,100 גרם,false,1,14.90,4.26,true,1,
7290017068213,false,חמוציות חתוכות בקרטון מיה 350 גרם,מיה תעשיות מזון בעמ,IL,חמוציות חתוכות,גרמים,350.00,100 גרם,false,1,14.90,4.26,true,1,
7290017068237,false,שזיפים ללא גלעין בקרטון 350 גר' מיה,מיה תעשיות מזון בעמ,IL,שזיפים ללא גלעין,גרמים,350.00,100 גרם,false,1,14.90,4.26,true,1,
7290017068343,false,חמוציות חתוכות ללא סוכר מיה 150 גרם,מיה,IL,חמוציות חתוכות,גרמים,150.00,100 גרם,false,1,19.90,13.27,true,1,
7290017068398,false,"ריבת תות 370 גרם בד""ץ",,BG,ריבת תות,גרמים,370.00,100 גרם,false,1,6.90,1.86,true,1,
7290017068404,false,"ריבת מיקס פירות 370 גרם בד""ץ",,BG,ריבת מיקס,גרמים,370.00,100 גרם,false,1,6.90,1.86,true,1,
7290017068848,false,סוכריות קישוט לעוגה צבעוני מיה 200 גרם,מיה,IL,סוכריות צבעוניות,גרמים,200.00,100 גרם,false,1,6.90,3.45,true,1,
7290017068862,false,חמאת בוטנים קראנץ' מיה 510 גרם,,IL,חמאת בוטנים 510ג,גרמים,510.00,100 גרם,false,1,11.90,2.33,true,1,
7290017068886,false,ג'לי דובונים בציפוי שמן 350 גרם,מיה תעשיות מזון בעמ,IL,ג'לי דובונים,גרמים,350.00,100 גרם,false,1,14.90,4.26,true,1,
7290017068909,false,ג'לי לבבות בציפוי שמן 350 גרם,מיה תעשיות מזון בעמ,IL,ג'לי לבבות,גרמים,350.00,100 גרם,false,1,14.90,4.26,true,1,
7290017068916,false,ג'לי טבעות בציפוי סוכר 350 גרם,מיה תעשיות מזון בעמ,IL,ג'לי טבעות,גרמים,350.00,100 גרם,false,1,14.90,4.26,true,1,
7290017068930,false,סוכריות ג'לי בינס-חמוצמוצים,מיה תעשיות מזון בעמ,IL,ג'לי בינס חמוצמו,גרמים,375.00,100 גרם,false,1,14.90,3.97,true,1,
7290017079769,false,מחית תפוח עץ ובננה בפאוץ פריטוב קידס,פרוטה פודיוין איי.אס,CZ,"מחית תפו""ע ובננה",גרמים,120.00,100 גרם,false,1,3.90,3.25,true,1,
7290017079790,false,מחיות פאוץ' פירות מעורבים פריטוב 120 גרם,פרוטה פודיוין איי.אס,CZ,מחית פירות,גרמים,120.00,100 גרם,false,1,3.90,3.25,true,1,
7290017079950,false,"סרדינים לימון בד""ץ טעמן 125 גר'",,MA,סרדין בשמן קנולה,גרמים,125.00,100 גרם,false,1,6.90,5.52,true,1,
7290017079974,false,סרדינים בשמן פלפל חריף טעמן 125 גרם,,MA,סרדינים 125 גרם,גרמים,125.00,100 גרם,false,1,6.90,5.52,true,1,
7290017094830,false,סלט גזר ברוטב פיקנטי אסלי שמיר 400 ג',"סלטי שמיר 2006 בע""מ",IL,גזר פיקנטי אסלי,גרמים,400.00,100 גרם,false,1,9.90,2.48,true,1,
7290017094847,false,סלט תפוחי אדמה אסלי שמיר 400 ג',"סלטי שמיר 2006 בע""מ",IL,"סלט תפו""א אסלי",גרמים,400.00,100 גרם,false,1,9.90,2.48,true,1,
7290017094854,false,סלט קולסלאו אסלי שמיר 400 ג',"סלטי שמיר 2006 בע""מ",IL,קולסלאו אסלי,גרמים,400.00,100 גרם,false,1,9.90,2.48,true,1,
7290017094861,false,חומוס עם רוטב מסבחה אסלי שמיר 400 ג',"סלטי שמיר 2006 בע""מ",IL,חומוס אסלי מסבחה,גרמים,400.00,100 גרם,false,1,9.90,2.48,true,1,
7290017121048,false,"פלפל צ'ומה 250 גרם ""עללחם""","מדשא תעשיות מזון בע""\מ",IL,פלפל צ'ומה,גרמים,250.00,100 גרם,false,1,12.90,5.16,true,1,
7290017121093,false,"אריסה חריפה 250 גרם ""עללחם""","מדשא תעשיות מזון בע""\מ",IL,אריסה חריפה,גרמים,250.00,100 גרם,false,1,12.90,5.16,true,1,
7290017129495,false,אגו מיקס כדורי תירס מצופים שוקולד חלב כרמית 55 גרם,כרמית תעשיות ממתקים בעמ,IL,אגו מיקס כ.תירס,גרמים,55.00,100 גרם,false,1,3.90,7.09,true,1,
7290017129501,false,אגו מיקס כדורי תירס מצופים שוקולד לבן כרמית 55 גרם,כרמית,IL,אגו מיקס 55 גרם,גרמים,55.00,100 גרם,false,1,3.90,7.09,true,1,
7290017129518,false,אגו מיקס כדורי תירס מצופים שוקולד חלב ולבן כרמית 55 גרם,כרמית,IL,אגו מיקסים,גרמים,55.00,100 גרם,false,1,3.90,7.09,true,1,
7290017129983,false,שוקולד צ'יפס לבן פרווה כרמית 250 גרם,"כרמית תעשיות ממתקים בע""\",IL,שוקוציפס לבן250ג,גרמים,250.00,100 גרם,false,1,8.90,3.56,true,1,
7290017239101,false,סלמון אטלנטי מעושן מצונן,סלטי שמיר,IL,סלמון אטלנטי,גרמים,100.00,100 גרם,false,1,19.90,19.90,true,1,
7290017239118,false,גרבלקס סלמון אטלנטי,סלטי שמיר,IL,גרבלקס סלמון,גרמים,100.00,100 גרם,false,1,19.90,19.90,true,1,
7290017239286,false,פילה מטיאס מעודן 250 גרם,"פוד קולקשיין בע""מ",IL,פילה מטיאס250גרם,גרמים,250.00,100 גרם,false,1,19.90,7.96,true,1,
7290017239941,false,מקרל בעישון חם עםתבלינים,"פוד קולקשיין בע""מ",IL,מקרל בעישון חם,גרמים,200.00,100 גרם,false,1,34.90,17.45,true,1,
7290017240039,false,דלעת ארוזה פאר לי,,IL,דלעת ארוזה,קילוגרמים,0.00,"ק""ג",true,1,11.90,11.90,true,1,
7290017266046,false,מארז וופל קראנצ' אישי 30 יחידות עלמה,"גילרו בע""מ",IL,וופל עלמה קראנצ',גרמים,600.00,100 גרם,false,1,11.90,1.98,true,1,
7290017266398,false,גלילי ופל למילוי גילרו 150 גרם עלמה.,גילרו,IL,גלילי ופל למילוי,גרמים,150.00,100 גרם,false,1,15.90,10.60,true,1,
7290017266503,false,"גלילי וופל במילוי קרם שוקולד לל""ס 100 גר' עלמה",גילרו,IL,"גליל ופל ללת""ס",גרמים,100.00,100 גרם,false,1,5.90,5.90,true,1,
7290017266725,false,מארז וופל במילוי קרם בטעם שוקולד 12 גרם*40 יח',"גילרו בע""מ",IL,וופל קראנצ,גרמים,600.00,100 גרם,false,1,11.90,1.98,true,1,
7290017266909,false,וופלים מעולים במילוי קרם בטעם שוקולד SUNי 200 גרם,"גילרו בע""מ",IL,וופל שוקולד 200ג,גרמים,200.00,100 גרם,false,1,3.90,1.95,true,1,
7290017266916,false,וופלים מעולים במילוי קרם בטעם לימון SUNי 200 גרם,"גילרו בע""מ",IL,וופל בטעם לימון,גרמים,200.00,100 גרם,false,1,3.90,1.95,true,1,
7290017275086,false,עוגיות כתר בטעם תות ללא תוספת סוכר במגש 350 גר' אחווה,אחוה,IL,"עוגיות ללת""ס תות",גרמים,350.00,100 גרם,false,1,7.90,2.26,true,1,
7290017275338,false,טורקיז- טחינה גולמית 500 גרם,אחדות ביחר לטחינה חל,IL,טחינה גולמית500ג,גרמים,500.00,100 גרם,false,1,11.90,2.38,true,1,
7290017275345,false,"טחינה גולמית בבקבוק לחיץ , 350 גרם אחווה",אחדות ביחר לטחינה חל,IL,טחינה בקבוק לחיץ,גרמים,350.00,100 גרם,false,1,7.90,2.26,true,1,
7290017275369,false,טורקיז- טחינה משומשום מלא 500 גרם,אחדות ביחר לטחינה חל,IL,טחינה משומשום,גרמים,500.00,100 גרם,false,1,11.90,2.38,true,1,
7290017275413,false,מיני קצפיות בטעם וניל אחוה 140 גרם,אחדות ביחר לטחינה חל,IL,מיני קצפיות140ג,גרמים,140.00,100 גרם,false,1,7.90,5.64,true,1,
7290017275420,false,מיני קצפיות בטעם תות אחוה 140 גרם,אחדות ביחר לטחינה חל,IL,מיני קצפיות140ג,גרמים,140.00,100 גרם,false,1,7.90,5.64,true,1,
7290017275437,false,מיני קצפיות בטעם פירות יער אחוה 140 גרם,אחדות ביחר לטחינה חל,IL,מיני קצפיות 140ג,גרמים,140.00,100 גרם,false,1,7.90,5.64,true,1,
7290017275444,false,מיני קצפיות בטעם ענבים אחוה 140 גרם,אחדות ביחר לטחינה חל,IL,מיני קצפיות בטעם,גרמים,140.00,100 גרם,false,1,7.90,5.64,true,1,
7290017275482,false,"סירופ בטעם ענבים אחוה 900 מ""ל",אחדות ביחר לטחינה חל,IL,סירופ ענבים,מיליליטרים,900.00,"100 מ""ל",false,1,14.90,1.66,true,1,
7290017275499,false,"סירופ בטעם אננס אחוה 900 מ""ל",אחדות ביחר לטחינה חל,IL,סירופ אננס,מיליליטרים,900.00,"100 מ""ל",false,1,14.90,1.66,true,1,
7290017275505,false,"סירופ בטעם פטל אחוה 900 מ""ל",אחדות ביחר לטחינה חל,IL,סירופ פטל,מיליליטרים,900.00,"100 מ""ל",false,1,14.90,1.66,true,1,
7290017275710,false,חטיפי בננית במגש 12 יח' אחוה,,IL,חטיפי בננית במגש,יחידה,1.00,יחידה,false,1,9.90,9.90,true,1,
7290017275741,false,חלווה עם אגוזי לוז במגש 400 גר אחווה,אחוה,IL,חלווה אגוזי לוז,גרמים,400.00,100 גרם,false,1,11.90,2.98,true,1,
7290017285702,false,"סרקל מתיר קשרים רוזמרין 325 מ""ל ד""ר פישר",פישר מעבדות פרמצבטיות בע,IL,סרקל קרם רוזמרין,מיליליטרים,325.00,"100 מ""ל",false,1,20.90,6.43,true,1,
7290017285719,false,"תרסיס סרקל מתיר קשרים רוזמרין 340 מ""ל ד""ר פישר",פישר מעבדות פרמצבטיות בע,IL,סרקל מתיר קשרים,מיליליטרים,340.00,"100 מ""ל",false,1,20.90,6.15,true,1,
7290017285733,false,סרקל מעצב 2 ליטר מגזרי .ח.,פישר מעבדות פרמצבטיות בע,IL,סרקל מרכך לילדים,ליטרים,2.00,ליטר,false,1,38.90,19.45,true,1,
7290017285740,false,"סרקל שמפו ד""ר פישר 1 ליטר",פישר מעבדות פרמצבטיות בע,IL,סרקל שמפו לילדים,ליטרים,1.00,ליטר,false,1,26.90,26.90,true,1,
7290017285757,false,"שמפו + מרכך סרקל ד""ר פישר 1 ליטר",פישר מעבדות פרמצבטיות בע,IL,סרקל שמפו+מרכך,ליטרים,1.00,ליטר,false,1,26.90,26.90,true,1,
7290017297699,false,רוטב עגבניות מרוכז מאוד 100 גרם ויטה,"מילוז(1989)בע""""מ",IL,רוטב עגבניות,גרמים,100.00,100 גרם,false,1,2.00,2.00,true,1,
7290017297705,false,רוטב עגבניות מרוכז 240 גרם BX22 ויטה,ויטה,IL,רוטב עגבניות,גרמים,240.00,100 גרם,false,1,4.30,1.79,true,1,
7290017406992,false,פתיתים בצורת קוסקוס 400,אובה מקרנה ציליק,TR,פתיתים,גרמים,400.00,100 גרם,false,1,3.90,0.98,true,1,
7290017418476,false,קראש קוביות נוגט בצי,"לבס שוקולד בע""מ",IL,קראש כריות 65 גר,גרמים,65.00,100 גרם,false,1,3.90,6.00,true,1,
7290017418483,false,קראש קורנפלקס בציפוי,"לבס שוקולד בע""מ",IL,קראש קורנפלקס65ג,גרמים,65.00,100 גרם,false,1,3.90,6.00,true,1,
7290017418490,false,קראש עוגיות חמאה בצי,"לבס שוקולד בע""מ",IL,קראש עוגיות65 גר,גרמים,65.00,100 גרם,false,1,3.90,6.00,true,1,
7290017418551,false,קראש קרקר דג בציפוי,"לבס שוקולד בע""מ",IL,קראש קרקר דג65 ג,גרמים,65.00,100 גרם,false,1,3.90,6.00,true,1,
7290017440934,false,קמיל בלו קלאסיק אל סבון 1 ליטר מגזרי,CHEMIPAL FISHER (BIO,IL,אל סבון 1 ליטר,ליטרים,1.00,ליטר,false,1,21.90,21.90,true,1,
7290017457574,false,כדוריות סבון נתלה לאסלה בניחוח פרחים - 3 יח',הנקל סוד,RS,סבון אסלה 3 יח,גרמים,150.00,100 גרם,false,1,14.90,9.93,true,1,
7290017457932,false,סוד מרכך כביסה מרוכז פרש קונטרול כחול,הנקל סוד,IL,סוד מרכך כחול,מיליליטרים,900.00,"100 מ""ל",false,1,11.90,1.32,true,1,
7290017470696,false,קינוחית כוכב שקופה 20 יח' ר. שמאי,,CN,קינוחית כוכב20יח,יחידה,1.00,יחידה,false,1,11.90,11.90,true,1,
7290017476940,false,"בורגול דק-גרישה 1 ק""ג",ארוז על ידי דין שיווק וק,IL,"בורגול דק 1ק""ג",קילוגרמים,1.00,"ק""ג",false,1,7.90,7.90,true,1,
7290017476957,false,"בורגול עבה 1 ק""ג",ארוז על ידי דין שיווק וק,IL,"בורגול עבה 1 ק""ג",קילוגרמים,1.00,"ק""ג",false,1,7.90,7.90,true,1,
7290017476988,false,"חומוס ענק 1 ק""ג",ארוז על ידי דין שיווק וק,IL,"חומוס ענק 1 ק""ג",קילוגרמים,1.00,"ק""ג",false,1,17.90,17.90,true,1,
7290017476995,false,"חיטה 1 ק""ג",ארוז על ידי דין שיווק וק,IL,"חיטה 1 ק""ג",קילוגרמים,1.00,"ק""ג",false,1,7.90,7.90,true,1,
7290017477008,false,"כוסמת 1 ק""ג",ארוז על ידי דין שיווק וק,IL,"כוסמת 1 ק""ג",קילוגרמים,1.00,"ק""ג",false,1,11.90,11.90,true,1,
7290017477015,false,"עדשים כתומות 1 ק""ג",דין שיווק,IL,עדשים כתומות1קג,קילוגרמים,1.00,"ק""ג",false,1,11.90,11.90,true,1,
7290017477022,false,"עדשים ירוקות 1 ק""ג",ארוז על ידי דין שיווק וק,IL,עדשים ירוקות1קג,קילוגרמים,1.00,"ק""ג",false,1,11.90,11.90,true,1,
7290017477039,false,"עדשים שחורות 1 ק""ג",ארוז על ידי דין שיווק וק,IL,עדשים שחורות,קילוגרמים,1.00,"ק""ג",false,1,11.90,11.90,true,1,
7290017522661,false,קסרול הרודס 10יח',,CN,קסרול חד פעמי,יחידה,1.00,יחידה,false,1,11.90,11.90,true,1,
7290017522685,false,צלחת מרק הרודס 10יח',,CN,צלחת חד פעמי,יחידה,1.00,יחידה,false,1,17.90,17.90,true,1,
7290017522692,false,צלחת גדולה הרודס 10יחידו,,CN,צלחת חד פעמי,יחידה,1.00,יחידה,false,1,24.90,24.90,true,1,
7290017522715,false,"צלחת קטנה הרודס 10יח,' 7",,CN,צלחת חד פעמית,יחידה,1.00,יחידה,false,1,14.90,14.90,true,1,
7290017595061,false,זוג כוסיות לנרונים 2 יח',,CN,כוסיות לנר,יחידה,1.00,יחידה,false,1,4.90,4.90,true,1,
7290017599229,false,ממתיק סוכרלוז 200 טבליות סוכרזית,"סוכרזית בע""מ",IL,סוכרזית סוכרלוז,גרמים,17.00,100 גרם,false,1,25.90,152.35,true,1,
7290017599236,false,סוכריות סטיוויה 200 טבליות,סנו מפעלי ברונוס.,IL,סוכרזית סטיוויה,גרמים,17.00,100 גרם,false,1,28.90,170.00,true,1,
7290017599250,false,סוכרזית קלאסי 120 שקיות,ביסקול בע''מ,IL,סוכרזית קלאסי,גרמים,120.00,100 גרם,false,1,15.90,13.25,true,1,
7290017615189,false,בשר מס 10 צוואר צרכני,,UY,בשר מס 10 צוואר,קילוגרמים,0.00,"ק""ג",true,1,34.90,34.90,true,1,
7290017615196,false,בשר מס 3 צרכני אשפר חלק,,UY,בשר מס 3,קילוגרמים,0.00,"ק""ג",true,1,34.90,34.90,true,1,
7290017615295,false,קובה בטעם בשר 10 יחידות,,IL,קובה בטעם בשר,יחידה,1.00,יחידה,false,1,16.90,16.90,true,1,
7290017615301,false,"פסטלים במילוי תפו""א700גר",,IL,פסטלים 700 גרם,גרמים,700.00,100 גרם,false,1,16.90,2.41,true,1,
7290017615332,false,סיגרים בטעם בשר 500 גרם,,IL,סיגרים בטעם בשר,גרמים,500.00,100 גרם,false,1,16.90,3.38,true,1,
7290017615356,false,כדורי פלאפל 700 גרם,,IL,כדורי פלאפל,גרמים,700.00,100 גרם,false,1,16.90,2.41,true,1,
7290017615974,false,פילה סלמון ללא עור קפוא,,NO,פילה סלמון,קילוגרמים,0.00,"ק""ג",true,1,89.90,89.90,true,1,
7290017616933,false,"צ'יפס בלגי 1.5 ק""ג",אקרופרוסט,BE,"צ'יפס 1.5 ק""ג",קילוגרמים,1.50,"ק""ג",false,1,21.90,14.60,true,1,
7290017616940,false,"צ'יפס קפוא זיגזג 1.5 ק""ג",אקרופרוסט,BE,צ'יפס קפוא זיגזג,קילוגרמים,1.50,"ק""ג",false,1,21.90,14.60,true,1,
7290017659732,false,מגב סילקון 50,רוחמה,IL,מגב סילקון,יחידה,1.00,יחידה,false,1,24.90,24.90,true,1,
7290017659756,false,"מגב רצפה 40 ס""מ",רוחמה,IL,"מגב רצפה 40 ס""מ",יחידה,1.00,יחידה,false,1,8.90,8.90,true,1,
7290017659763,false,מגב רצפה 50 .,רוחמה,IL,מגב רצפה,יחידה,1.00,יחידה,false,1,12.90,12.90,true,1,
7290017715681,false,A2 זית מושחר חרוזית תומר 560 גרם,,IL,זית חרוזית מושחר,גרמים,560.00,100 גרם,false,1,7.50,1.34,true,1,
7290017715728,false,זית מנזלינו גדול תומר 560 גרם A2,עדן,IL,זית מנזילו גדול,גרמים,560.00,100 גרם,false,1,6.50,1.16,true,1,
7290017715735,false,A2 זית סורי מבוקע תומר 560 גרם,עדן,IL,זית סורי מובקע,גרמים,560.00,100 גרם,false,1,7.50,1.34,true,1,
7290017715803,false,A2 זית שחור מרינט חתוך תומר 560 גרם,,IL,זיתים שחורים,גרמים,560.00,100 גרם,false,1,7.50,1.34,true,1,
7290017715834,false,A2 זית נובו מבוקע ג.מאוד תומר 560 גרם,"א.א שימורי עדן בע""מ",IL,זית נובו מובקע,גרמים,560.00,100 גרם,false,1,7.50,1.34,true,1,
7290017746258,false,מארז רביעיית לחמניות פרנה,מאפיית דוראל,IL,פרנה לחם מרוקאי,גרמים,400.00,100 גרם,false,1,11.90,2.98,true,1,
7290017812168,false,"יין קדמון 900 מ""ל",יקבי כרמל,IL,יין קדמון 900,מיליליטרים,900.00,"100 מ""ל",false,1,39.90,4.43,true,1,
7290017812212,false,"קברנה סלקטד 900 מ""ל",יקבי כרמל,IL,קברנה סלקטד,מיליליטרים,900.00,"100 מ""ל",false,1,24.90,2.77,true,1,
7290017812229,false,"מרלו סלקטד 900 מ""ל",יקבי כרמל,IL,מרלו סלקטד,מיליליטרים,900.00,"100 מ""ל",false,1,24.90,2.77,true,1,
7290017812243,false,"קברנה מרלו סלקטד 900 מ""ל",יקבי כרמל,IL,קברנה מרלו,מיליליטרים,900.00,"100 מ""ל",false,1,24.90,2.77,true,1,
7290017812311,false,"מרלו סדרה אזורית 900 מ""ל",אגודת הכורמים הקואופרטיב,IL,מרלו סדרה אזורית,מיליליטרים,900.00,"100 מ""ל",false,1,49.90,5.54,true,1,
7290017812595,false,"יין ישן נושן לייט כרמל 3.5% אלכוהל 750 מ""ל",יקבי כרמל Carmel Winery,IL,ישן נושן לייט,מיליליטרים,750.00,"100 מ""ל",false,1,16.90,2.25,true,1,
7290017812649,false,תירוש כרמל לבן 1.2 ליטר,יקבי כרמל,IL,תירוש כרמל לבן,ליטרים,1.20,ליטר,false,1,19.90,16.58,true,1,
7290017812656,false,"תירוש אדום מיץ ענבים מבעבע כרמל 750 מ""ל",ג'\קובז'\י איי.אי פיגלי,IL,תירוש מבעבע אדום,מיליליטרים,750.00,"100 מ""ל",false,1,19.90,2.65,true,1,
7290017812663,false,"תירוש לבן מיץ ענבים מבעבע כרמל 750 מ""ל",ג'\קובז'\י איי.אי פיגלי,IL,תירוש מבעבע לבן,מיליליטרים,750.00,"100 מ""ל",false,1,19.90,2.65,true,1,
7290017812830,false,יין רוזה פרייבט קולקשיין 750מל יקבי כרמל,"כד בני דרום בע""מ",IL,יין רוזה יבש,מיליליטרים,750.00,"100 מ""ל",false,1,32.90,4.39,true,1,
7290017812861,false,יין וינו לבן יקבי כרמל,כרמל מזרחי,,יין וינו לבן יבש,יחידה,1.00,יחידה,false,0,18.60,18.60,true,1,
7290017812878,false,"אקסלנס וזה -קברנה סוביניון כרמל 750 מ""ל",קריות זול,IL,רוזה אקסלנס,מיליליטרים,750.00,"100 מ""ל",false,1,24.90,3.32,true,1,
7290017812977,false,"יין קריניאנו סלקטדאננס באז כרמל 750 מ""ל",כרמל מזרחי,IL,באזז בטעם אננס,מיליליטרים,750.00,"100 מ""ל",false,1,22.90,3.05,true,1,
7290017871462,false,טוסו חטיף פצפוצי אורז מצופה שוקולד מריר ללא תוספת סוכר,תות תעשיות מזון (2014) ב,IL,חטיף פצפוצי אורז,גרמים,105.00,100 גרם,false,1,14.90,14.19,true,1,
7290017871707,false,חטיף פיצפוצי אורז וקוקוס מצופה שוקולד מריר ללא תוספת סוכר,תות תעשיות מזון (2014) ב,IL,חטיף פצפוצי אורז,גרמים,105.00,100 גרם,false,1,14.90,14.19,true,1,
7290017872063,false,פמלי אל סבון 3*1 ארומטרפי-מעורב 500 גרם*3,אברנסל קוסמטיקס,TR,אל סבון פמלי,ליטרים,1.50,ליטר,false,1,14.90,9.93,true,1,
7290017872186,false,טוסו - עוגיות פקאן ללא סוכר 200 גרם,"הגביע מוצרי וופלים בע""\מ",IL,עוגיות פקאן,גרמים,200.00,100 גרם,false,1,14.80,7.40,true,1,
7290017883342,false,סוכריות קופצות בטעם ענבים מארז 12 יח',האלקס גידה,TR,סוכריות קופצות,גרמים,48.00,100 גרם,false,1,9.90,20.63,true,1,
7290017883359,false,סוכריות קופצות בטעם תות שדה מארז 12 יח',האלקס גידה,TR,סוכריות קופצות,גרמים,48.00,100 גרם,false,1,9.90,20.63,true,1,
7290017883366,false,סוכריות קופצות בטעם פטל מארז 12 יח',האלקס גידה,TR,סוכריות קופצות,גרמים,48.00,100 גרם,false,1,9.90,20.63,true,1,
7290017883410,false,פספס בטעם פירות יער 36 יחי',פי אנד מוזאקיס שוגאר,GR,סוכריות טופי,גרמים,540.00,100 גרם,false,1,29.90,5.54,true,1,
7290017883427,false,סוכריות טופי טעם תות 540,פי אנד מוזאקיס שוגאר,GR,סוכריות טופי,גרמים,540.00,100 גרם,false,1,29.90,5.54,true,1,
7290017883434,false,סוכריות טופי ענבים 540 ג,פי אנד מוזאקיס שוגאר,GR,סוכריות טופי,גרמים,540.00,100 גרם,false,1,29.90,5.54,true,1,
7290017883656,false,פס טופי דאבל טעמים 160 גרם,קונפקטיס 3 ק.מ אמליאס,GR,פס טופי דאבל,גרמים,160.00,100 גרם,false,1,12.90,8.06,true,1,
7290017883663,false,דאבליו סוכריות טופי במרקם קרמי 200 גרם,קונפקטיס 3 ק.מ אמליאס,GR,סוכריות טופי,גרמים,200.00,100 גרם,false,1,9.90,4.95,true,1,
7290017888095,false,"רביעיית פחיות שוופס מוגז עדין פירות יער 330 מ""ל.",יפאורה תבורי בעמ,IL,שוופס מוגז 4 יח,ליטרים,1.32,ליטר,false,1,12.00,9.09,true,1,
7290017888101,false,"שוויפס מוגז עדין אפרסק מארז רביעייה* 330 מ""ל",יפאורה תבורי בעמ,IL,שוופס מוגז 4 פח,ליטרים,1.32,ליטר,false,1,12.00,9.09,true,1,
7290017888729,false,שוופס סודה בקבוק 1 ל',"יפאורה תבורי בע""\מ",IL,סודה שוופס,ליטרים,1.00,ליטר,false,1,3.90,3.90,true,1,
7290017917283,false,"מגבוני קמיל בלו ד""ר פישר ללא בישום רביעי",פישר מעבדות פרמצבטיות,IL,מגבונים קמיל בלו,יחידה,1.00,יחידה,false,1,17.90,17.90,true,1,
7290017928012,false,מאיר בייגל - בייגלה גדול מלח 250 גרם,מאיר בייגל,IL,בייגלה גדול 250ג,גרמים,250.00,100 גרם,false,1,6.90,2.76,true,1,
7290017928036,false,מקלות גריסיני שומשום מאיר בייגל 175 גרם,מאיר את בייגל,IL,גריסיני שומשום,גרמים,175.00,100 גרם,false,1,9.90,5.66,true,1,
7290017928043,false,מקלות גריסיני קראנץ' מלח מאיר בייגל 175 גרם,מאיר את בייגל,IL,גריסיני קראנץ,גרמים,175.00,100 גרם,false,1,9.90,5.66,true,1,
7290017928074,false,שטוחלה מלח מאיר בייגל אריזה שקופה 250 גרם,מאיר בייגל,IL,שטוח מלח,גרמים,250.00,100 גרם,false,1,6.90,2.76,true,1,
7290017928098,false,שטוחלה מלח מאיר בייגל 330 גרם,מאיר את בייגל,IL,בייגלה שטוחל'ה,גרמים,330.00,100 גרם,false,1,9.90,3.00,true,1,
7290017928210,false,בייגלה גדול שומשום מאיר בייגל 250 גרם,מאיר את בייגל,IL,בייגלה שומשום,גרמים,250.00,100 גרם,false,1,9.90,3.96,true,1,
7290017928227,false,"בייגלה שטוח'לה פינוקים שומשום, קצח, שום ובצל",מאיר את בייגל,IL,בייגלה שטוחלה,גרמים,300.00,100 גרם,false,1,9.90,3.30,true,1,
7290017928296,false,שברי בייגלה בטעם דבש חרדל ובצל 300 גר' מאיר את בייגל,סבימקס,BG,סמאש שברי בייגלה,גרמים,300.00,100 גרם,false,1,11.90,3.97,true,1,
7290017928432,false,מקלות גריסיני קראנץ' פרג מאיר בייגל 175 גרם,מאיר את בייגל,IL,גריסיני קראנץ,גרמים,175.00,100 גרם,false,1,9.90,5.66,true,1,
7290017928494,false,שברי בייגלה בטעם צדר 300 גר' מאיר את בייגל,מאיר בייגל,BG,סמאש שברי בייגלה,גרמים,300.00,100 גרם,false,1,11.90,3.97,true,1,
7290017928524,false,בייגלה שטוח ניגובים מלח 330 ג' מאיר בייגל,מאיר את בייגל,IL,שטוחל'ה ניגובים,גרמים,330.00,100 גרם,false,1,9.90,3.00,true,1,
7290017928616,false,מאיר בייגל שטוחהלה שומשום 300 גר',מאיר את בייגל,IL,בייגלה שטוחלה,גרמים,300.00,100 גרם,false,1,9.90,3.30,true,1,
7290017928630,false,מקלות גריסיני קראנץ' פינוקים מאיר בייגל 175 גרם,מאיר את בייגל,IL,גריסיני קראנץ,גרמים,175.00,100 גרם,false,1,9.90,5.66,true,1,
7290017928685,false,בייגלה שמיניות מלוח מאיר בייגל 400 גרם.,מאיר את בייגל,IL,בייגלה שמיניות,גרמים,400.00,100 גרם,false,1,9.90,2.48,true,1,
7290017928722,false,בייגלה שטוח ניגובים שומשום 300 ג' מאיר בייגל,מאיר את בייגל,IL,שטוחל'ה ניגובים,גרמים,300.00,100 גרם,false,1,9.90,3.30,true,1,
7290017928807,false,בייגלה אצבעות שומשום מאיר בייגל 300 גרם,מאיר את בייגל,IL,בייגלה אצבעות,גרמים,300.00,100 גרם,false,1,9.90,3.30,true,1,
7290017928821,false,מקלות גריסיני קלאסי מאיר בייגל 200 גרם,מאיר את בייגל,IL,גריסיני קלאסי,גרמים,200.00,100 גרם,false,1,9.90,4.95,true,1,
7290017928937,false,בייגלה מקלות מלח300 גר' מאיר בייגל,מאיר בייגל,IL,בייגלה מקלות,גרמים,300.00,100 גרם,false,1,6.90,2.30,true,1,
7290017938264,false,"חומוס בתוספת רוטב פיקנטי, 200 גרם","סלטי שמיר 2006 בע""\מ",IL,חומוס חריף,גרמים,200.00,100 גרם,false,1,7.90,3.95,true,1,
7290017974873,false,כיסונים למרק במילוי בשר הודו 750 גרם,"אימפריאל הזרב פוד בע""מ",IL,כיסונים למרק,גרמים,750.00,100 גרם,false,1,21.90,2.92,true,1,
7290017978659,false,מאגדת קראנצי מצופרווה בננה,"גלידות ריאו ביח""ר לג",IL,מאגדת קרנצי בננה,גרמים,480.00,100 גרם,false,1,17.90,3.73,true,1,
7290017978857,false,מאגדת שלגונים בטעם וניל קראנצי 6*80 ג' ריאו,"ריאו ביח""\ר לגלידה וממת",IL,מאגדת קרנצי וניל,גרמים,480.00,100 גרם,false,1,17.90,3.73,true,1,
7290018050422,false,פקאן סיני 160 גרם,גי אנד גי פקאנס,IL,פקאן סיני,גרמים,160.00,100 גרם,false,1,14.90,9.31,true,1,
7290018050453,false,אגוזי קשיו טבעיים 220 גר,גי אנד גי פקאנס,IL,אגוזי קשיו טבעי,גרמים,220.00,100 גרם,false,1,14.90,6.77,true,1,
7290018050460,false,אגוזי קשיו קלויים וממולח,גי אנד גי פקאנס,IL,אגוזי קשיו קלוי,גרמים,200.00,100 גרם,false,1,14.90,7.45,true,1,
7290018050491,false,אלמנדוס חטיף בוטנים220ג,גי אנד גי פקאנס,IL,אלמנדוס,גרמים,220.00,100 גרם,false,1,9.90,4.50,true,1,
7290018050514,false,בוטנים מטוגנים וממולחים,גי אנד גי פקאנס,IL,בוטנים מטוגנים,גרמים,240.00,100 גרם,false,1,9.90,4.13,true,1,
7290018050545,false,גרעיני אבטיח קלויים ומומלחים 140 גרם,גי אנד גי פקאנס,IL,גרעיני אבטיח,גרמים,140.00,100 גרם,false,1,9.90,7.07,true,1,
7290018050552,false,גרעיני דלעת קלופים טבעיים 240 גרם,גי אנד גי פקאנס,IL,גרעיני דלעת,גרמים,240.00,100 גרם,false,1,9.90,4.13,true,1,
7290018050613,false,צימוקים כהים קופסא 3,גי אנד גי פקאנס,IL,צימוקים כהים,גרמים,300.00,100 גרם,false,1,9.90,3.30,true,1,
7290018050620,false,צימוקים בהירים קןפסא,גי אנד גי פקאנס,IL,צימוקים בהירים,גרמים,220.00,100 גרם,false,1,9.90,4.50,true,1,
7290018050637,false,בוטנים אמריקאים - בוטנים מצופים 300 גרם,גי אנד גי פקאנס,IL,בוטנים אמריקאים,גרמים,300.00,100 גרם,false,1,9.90,3.30,true,1,
7290018050644,false,קבוקים - בוטנים מצופים 300 גרם,גי אנד גי פקאנס,IL,קבוקים בוטנים,גרמים,300.00,100 גרם,false,1,9.90,3.30,true,1,
7290018050675,false,שקדים קלויים וממולחים,גי אנד גי פקאנס,IL,שקדים קלויים,גרמים,210.00,100 גרם,false,1,14.90,7.10,true,1,
7290018050699,false,שקדים טבעיים קלופים 230 גרם,גי אנד גי פקאנס,IL,שקדים טבעיים,גרמים,230.00,100 גרם,false,1,14.90,6.48,true,1,
7290018050705,false,שבבי שקדים מולבנים 130 גרם,גי אנד גי פקאנס,IL,שבבי שקדים,גרמים,130.00,100 גרם,false,1,9.90,7.62,true,1,
7290018050712,false,שקדים מולבנים פרוסים 130 גרם,גי אנד גי פקאנס,IL,שקדים פרוסים,גרמים,130.00,100 גרם,false,1,9.90,7.62,true,1,
7290018050736,false,לקט מובחר- תערובת אגוזים ושקדים קלויים ומומלחים 150 גר',גי אנד גי פקאנס,IL,תערובת אגוזים,גרמים,150.00,100 גרם,false,1,9.90,6.60,true,1,
7290018050750,false,מיקס אגוזים וחמוציות מיובשות ומסוכרות 130 גרם,גי אנד גי פקאנס,IL,מיקס אגוזים,גרמים,130.00,100 גרם,false,1,9.90,7.62,true,1,
7290018050835,false,בוטנים קלויים ומומלחים 250 גרם,גי אנד גי פקאנס,IL,בוטנים קלויים,גרמים,250.00,100 גרם,false,1,9.90,3.96,true,1,
7290018050842,false,שקדים בקרמל קופסא 20,גי אנד גי פקאנס,IL,שקדים בקרמל,גרמים,200.00,100 גרם,false,1,14.90,7.45,true,1,
7290018091029,false,מקלות פילו תפוחי אדמה מעדנות 450 ג',תנובה מעדנות,IL,מקלותפילו ת.אדמה,גרמים,450.00,100 גרם,false,1,18.90,4.20,true,1,
7290018098011,false,קוביות אננס קפוא 300 גר' רובין,,IL,קוביות אננס קפוא,גרמים,300.00,100 גרם,false,1,14.90,4.97,true,1,
7290018098028,false,קוביות מנגו קפוא 300 גר' רובין,,IL,קוביות מנגו קפוא,גרמים,300.00,100 גרם,false,1,14.90,4.97,true,1,
7290018098035,false,קוביות בננה קפואה 300 גר' רובין,,IL,בננה קפוא 300 גר,גרמים,300.00,100 גרם,false,1,14.90,4.97,true,1,
7290018098042,false,קוביות מנגו בננה אננס קפוא 300 גר' רובין,,IL,מיקס אננס מנגו,גרמים,30.00,100 גרם,false,1,14.90,49.67,true,1,
7290018098301,false,מיקס תות בננה קפוא 350 גר' רובין,,IL,מיקס תות בננה,גרמים,300.00,100 גרם,false,1,14.90,4.97,true,1,
7290018098318,false,תמר מגהול מגולען קפוא 300 גר' רובין,,IL,תמר מג'הול קפוא,גרמים,300.00,100 גרם,false,1,14.90,4.97,true,1,
7290018098325,false,דובדבן מגולען קפוא 300 גרם,,IL,דובדבן קפוא,גרמים,300.00,100 גרם,false,1,14.90,4.97,true,1,
7290018098349,false,תערובת פירות יער ואסאי מוקפאים 300 ג' פרי שייק,"פרוטלנד בע""\מ",IL,תערובת פירות יער,גרמים,300.00,100 גרם,false,1,14.90,4.97,true,1,
7290018098387,false,"תערובת מנגו, בננה, תמר ואסאי מוקפאים 300 ג' פרי שייק","פרוטלנד בע""\מ",IL,פירות קפואים,גרמים,300.00,100 גרם,false,1,14.90,4.97,true,1,
7290018098417,false,מיקס קפוא פירות יער 300 גרם הרב רובין,אופק מן הטבע,IL,מיקס פירות יער,גרמים,300.00,100 גרם,false,1,14.90,4.97,true,1,
7290018098455,false,תות שדה קפוא 300 גרם הרב רובין,אופק מן הטבע,IL,תות שדה קפוא,גרמים,300.00,100 גרם,false,1,14.90,4.97,true,1,
7290018098561,false,"תערובת תות, בננה, תמר ואסאי מוקפאים 300 ג' פרי שייק","פרוטלנד בע""\מ",IL,פירות קפואים,גרמים,300.00,100 גרם,false,1,14.90,4.97,true,1,
7290018099025,false,עשירייה פיתות כוסמין רכות במיוחד 99 קלוריות,מאסטר פייתה,IL,10 פיתות כוסמין,יחידה,1.00,יחידה,false,1,14.90,14.90,true,1,
7290018131954,false,מאגדת לה פרוטה תות שוקולד נסטלה 350 גרם,נגה גלידות שותפות מוגבלת,IL,מאגדת להפרוטה תו,גרמים,350.00,100 גרם,false,1,22.90,6.54,true,1,
7290018165027,false,"יין רזרב GOLD EDITION רוזה ברקן 750 מ""ל",יקבי ברקן שיווק והפצה בע,IL,רוזה רזרב גולד,מיליליטרים,750.00,"100 מ""ל",false,1,32.90,4.39,true,1,
7290018192658,false,מארז זוג פטריות פורטובלה ושמפיניון מרינה,"מרינה פטריות הגליל בע""מ",IL,צמד פטריות,יחידה,1.00,יחידה,false,1,14.90,14.90,true,1,
7290018194485,false,מארז מאפינס דוקולד עוגל'ה 6*40 גרם,"אס.אף.אס מאפים בע""מ",IL,מאפינס 6 יח,גרמים,40.00,100 גרם,false,1,5.90,14.75,true,1,
7290018194508,false,מארז מאפינס שוקו צ'יפס עוגל'ה 6*40 גרם,"אס.אף.אס מאפים בע""מ",IL,מאפינס 6 יח,גרמים,40.00,100 גרם,false,1,5.90,14.75,true,1,
7290018195048,false,"חתיכות אננס בסירופ קל טעמן, 850 גרם",פ.ת גרייט פנאפל,TH,חתיכות אננס 850ג,גרמים,850.00,100 גרם,false,1,10.90,1.28,true,1,
7290018195406,false,"שמן זית כתית מעולה עגול 750 מ""ל",מוצרי יסוד - טעמן,IL,שמן זית כתית,מיליליטרים,750.00,"100 מ""ל",false,1,29.90,3.99,true,1,
7290018204108,false,כוסות קרטון 16 איכותי 25 י'ח ר. שמאי,,CN,כוס 16,יחידה,1.00,יחידה,false,1,12.90,12.90,true,1,
7290018204573,false,מנג'טים לאפיה צבעוניים 1.5 100 יח' PVC ר. שמאי,,IL,מנג'טים צבעוניים,יחידה,1.00,יחידה,false,1,3.90,3.90,true,1,
7290018204580,false,מנג'טים לאפיה צבעוניים 2 100 יח' PVC ר. שמאי,,IL,מנג'טים צבעוניים,יחידה,1.00,יחידה,false,1,3.90,3.90,true,1,
7290018204597,false,מנג'טים לאפיה צבעוניים 3 100 יח' PVC ר. שמאי,,IL,מנג'טים צבעוניים,יחידה,1.00,יחידה,false,1,4.90,4.90,true,1,
7290018204603,false,מנג'טים לאפיה צבעוניים 4 100 יח' PVC ר. שמאי,,IL,מנג'טים צבעוניים,יחידה,1.00,יחידה,false,1,4.90,4.90,true,1,
7290018204610,false,מנג'טים לאפיה צבעוניים מס' 5 שמאי 100 יח',,IL,מנג'טים צבעוניים,יחידה,1.00,יחידה,false,1,4.90,4.90,true,1,
7290018282854,false,ג'ל אלכוהול ויש משאבה,"טרופיקל דגיל בע""מ",IL,ג'ל אלכוהול,מיליליטרים,75.00,"100 מ""ל",false,1,4.90,6.53,true,1,
7290018294000,false,"יין קינג דויד רוזה כרמל 750 מ""ל",כרמל מזרחי,IL,קינג דויד רוזה,מיליליטרים,750.00,"100 מ""ל",false,1,17.90,2.39,true,1,
7290018294055,false,תירוש כרמל רוזה 1.2 ליטר,יקבי כרמל,IL,תירוש כרמל רוזה,ליטרים,1.20,ליטר,false,1,19.90,16.58,true,1,
7290018294345,false,סלקטד אדום ישראלי 900 מל,יקבי כרמל,IL,סלקטד אדום 900מל,מיליליטרים,900.00,"100 מ""ל",false,1,24.90,2.77,true,1,
7290018294352,false,"ארק יקבי כרמל 700 מ""",יקבי כרמל Carmel Winery,ES,ארק כרמל,מיליליטרים,700.00,"100 מ""ל",false,1,49.90,7.13,true,1,
7290018333952,false,חטיף אגוזים רפאלס וחמוציות בדצ 150 גר *12יח,כרמית תעשיות ממתקים,IL,חטיף אגוזים5 יח,גרמים,150.00,100 גרם,false,1,14.90,9.93,true,1,
7290018333969,false,חטיף גרנולה רפאלס שקדים וטחינה בדצ 150 גר *12יח,כרמית תעשיות ממתקים,IL,חטיף גרנולה 5יח,גרמים,150.00,100 גרם,false,1,14.90,9.93,true,1,
7290018333976,false,חטיף גרנולה רפאלס קשיו וקוקוס בדצ 150 גר *12יח,כרמית תעשיות ממתקים,IL,חטיף גרנולה 5 יח,גרמים,150.00,100 גרם,false,1,14.90,9.93,true,1,
7290018380734,false,דפי בצק פילו משולשים תומר 360 גרם,,TR,דפי בצק פילו,גרמים,360.00,100 גרם,false,1,12.90,3.58,true,1,
7290018402740,false,רביולי פטריות איי פוד 450 גרם,"אימפריאל הזרב פוד בע""מ",IL,רביולי פטריות,גרמים,450.00,100 גרם,false,1,22.90,5.09,true,1,
7290018440438,false,Calvo טונה בשמן זית פתיחה קלה 3 * 65 גרם,"קאלוו קונסרבס ס.ל.יו. ,",ES,טונה בשמן זית3יח,גרמים,195.00,100 גרם,false,1,22.90,11.74,true,1,
7290018440490,false,סלט טונה קאלוו עם קוסקוס 150 גר,"קאלוו קונסרבס ס.ל.יו. ,",ES,סלט טונה+קוסקוס,גרמים,150.00,100 גרם,false,1,12.90,8.60,true,1,
7290018440513,false,סלט קליפורנייה קאלוו עם טונה 150 גר,"קאלוו קונסרבס ס.ל.יו. ,",ES,סלט קליפורניה,גרמים,150.00,100 גרם,false,1,12.90,8.60,true,1,
7290018441916,false,תות שדה קפוא מהדרין 300 גרם,מוצרי איכות אמריקאיי,GE,תות שדה קפוא,גרמים,300.00,100 גרם,false,1,8.90,2.97,true,1,
7290018471029,false,"סודה בטעם לימון - מארז 6 בקבוקים 500 מ""ל",יפאורה תבורי בעמ,IL,שוופס סודה 6 יח,ליטרים,3.00,ליטר,false,1,13.90,4.63,true,1,
7290018471210,false,קרטונית נקטר ספרינג תפוח סברס 1 ליטר,"יפאורה תבורי בע""\מ",IL,ספרינג 1 ליטר,ליטרים,1.00,ליטר,false,1,5.90,5.90,true,1,
7290018471463,false,תפוזינה נקטר תפוז מנגו קרטונית 1 ליטר,"יפאורה תבורי בע""\מ",IL,תפוזינה enjoy,ליטרים,1.00,ליטר,false,1,6.60,6.60,true,1,
7290018471470,false,תפוזינה נקטר תפוז פסיפלורה קרטונית 1 ליטר,"יפאורה תבורי בע""\מ",IL,תפוזינה enjoy,ליטרים,1.00,ליטר,false,1,6.60,6.60,true,1,
7290018471487,false,תפוזינה נקטר תפוז אננס קרטונית 1 ליטר,"יפאורה תבורי בע""\מ",IL,תפוזינה תפוז אננ,ליטרים,1.00,ליטר,false,1,6.60,6.60,true,1,
7290018471494,false,תפוזינה משקה תפוז גזר קרטונית 1 ליטר,"יפאורה תבורי בע""\מ",IL,תפוזינה תפוז גזר,ליטרים,1.00,ליטר,false,1,6.60,6.60,true,1,
7290018471692,false,ספרינג שייק בננה אננס קוקוס פירות יער קרטונית 1 ליטר,"יפאורה תבורי בע""\מ",IL,ספרינג שייק,ליטרים,1.00,ליטר,false,1,10.90,10.90,true,1,
7290018471906,false,שוופס מוגז פירות לימונדה ורודה 1.5 ליטר פיקדון,"יפאורה תבורי בע""\מ",IL,שוופס לימונדה,ליטרים,1.50,ליטר,false,0,7.90,5.27,true,1,
7290018471913,false,משקה מוגז פירות תפוחים שוופס 1.5 ליטר,"יפאורה תבורי בע""\מ",IL,שוופס תפוחים,ליטרים,1.50,ליטר,false,0,7.90,5.27,true,1,
7290018471920,false,שוופס מוגז פירות ענבים 1.5 ליטר פיקדון,"יפאורה תבורי בע""\מ",IL,שוופס ענבים,ליטרים,1.50,ליטר,false,0,7.90,5.27,true,1,
7290018471937,false,שוופס מוגז פירות תות ליים 1.5 ליטר פיקדון,"יפאורה תבורי בע""\מ",IL,שוופס מוגז תו,ליטרים,1.50,ליטר,false,0,7.90,5.27,true,1,
7290018471944,false,שוופס מוגז פירות לימונייד 1.5 ליטר פיקדון,"יפאורה תבורי בע""\מ",IL,שוופס לימוניי,ליטרים,1.50,ליטר,false,0,7.90,5.27,true,1,
7290018471951,false,שוופס מוגז פירות אשכולית אדומה 1.5 ליטר פיקדון,"יפאורה תבורי בע""\מ",IL,שוופס אשכולית,ליטרים,1.50,ליטר,false,0,7.90,5.27,true,1,
7290018471982,false,שוופס מוגז תפוחים1.5*4ל,"יפאורה תבורי בע""\מ",IL,שוופס תפוח1.5*4ל,ליטרים,6.00,ליטר,false,0,28.10,4.68,true,1,
7290018546147,false,אטריות ורמיצלי 400 גרם,אובה מקרנה ציליק,TR,אטריות ורמיצלי,גרמים,400.00,100 גרם,false,1,3.90,0.98,true,1,
7290018546161,false,פתיתים בצורת אורז 400 גר,אובה מקרנה ציליק,TR,פתיתים,גרמים,400.00,100 גרם,false,1,3.90,0.98,true,1,
7290018546536,false,פסטה ספגטי 400 גרם,אובה מקרנה ציליק,TR,פסטה ספגטי,גרמים,400.00,100 גרם,false,1,3.90,0.98,true,1,
7290018546550,false,פסטה פנה 400 גרם,אובה מקרנה ציליק,TR,פסטה פנה,גרמים,400.00,100 גרם,false,1,3.90,0.98,true,1,
7290018546574,false,פסטה פוזילי 400 גרם,אובה מקרנה ציליק,TR,פסטה פוזילי,גרמים,400.00,100 גרם,false,1,3.90,0.98,true,1,
7290018546598,false,פסטה קונכיות 400 גרם,אובה מקרנה ציליק,TR,פסטה קונכיות,גרמים,400.00,100 גרם,false,1,3.90,0.98,true,1,
7290018563182,false,"שנאפס משקה כהל 4% בטעם ליצ'י 275 מ""ל",פרי קטיף,IL,שנאפס בטעם ליצ'י,מיליליטרים,275.00,"100 מ""ל",false,1,10.90,3.96,true,1,
7290018563267,false,תרכיז תפוחים 100% ללא תוספת סוכר 1 ליטר בקבוק,"פ.קטיף מזון בע""מ",IL,תרכיז תפוחים,ליטרים,1.00,ליטר,false,1,27.90,27.90,true,1,
7290018563274,false,בקבוק תרכיז תפוחים 1 ליטר פרי קטיף,"פ.קטיף מזון בע""מ",IL,תרכיז תפוחים,ליטרים,1.00,ליטר,false,1,23.90,23.90,true,1,
7290018571064,false,"מקלוני טופי 450 גרם ""מיה""",מיה תעשיות מזון בעמ,TR,מקלוני טופי,גרמים,450.00,100 גרם,false,1,13.90,3.09,true,1,
7290018571088,false,"טופי חמוצמוץ 600 גרם ""מיה""",מיה תעשיות מזון בעמ,TR,טופי חמוצמוץ,גרמים,600.00,100 גרם,false,1,13.90,2.32,true,1,
7290018571101,false,אגוזי מלך בנספק מיה 200 גרם,,,אגוזי מלך 200 ג,יחידה,1.00,יחידה,false,0,14.90,14.90,true,1,
7290018571118,false,שקדים טבעי בנספק מיה 200 גרם,,IL,שקדים טבעי 200 ג,גרמים,200.00,100 גרם,false,1,14.90,7.45,true,1,
7290018571125,false,אגוזי פקאן 200 גרם בנספק,מיה,,אגוזי פקאן 200 ג,יחידה,1.00,יחידה,false,0,19.90,19.90,true,1,
7290018571132,false,פקאן סיני 200 גרם בנספק,מיה,,פקאן מסוכר 200 ג,יחידה,1.00,יחידה,false,0,19.90,19.90,true,1,
7290018571149,false,שקד מולבן פרוס200 גרם בנספק,מיה,IL,שקד מולבן פרוס,גרמים,200.00,100 גרם,false,1,14.90,7.45,true,1,
7290018571156,false,שקד מולבן שבבים בנספק מיה 200 גרם,מיה,,שקד מולבן שבבים,יחידה,1.00,יחידה,false,0,14.90,14.90,true,1,
7290018571279,false,שקד קלוי 200 גרם בנאספק,מיה תעשיות מזון בעמ,IL,שקדים קלויים,גרמים,200.00,100 גרם,false,1,19.90,9.95,true,1,
7290018571286,false,פיסטוק קלוי 200 גרם בנאספק,מיה תעשיות מזון בעמ,IL,פיסטוקים קלויים,גרמים,200.00,100 גרם,false,1,19.90,9.95,true,1,
7290018571293,false,קשיו קלוי בנספאק מיה 200 גרם,מיה תעשיות מזון בעמ,IL,קשיו קלוי,גרמים,200.00,100 גרם,false,1,19.90,9.95,true,1,
7290018571408,false,מיה לקקנים מולטיקולור תותי פרוטי 220 גרם,מיה,IL,לקקנים בטעם תות,גרמים,220.00,100 גרם,false,1,6.50,2.95,true,1,
7290018571415,false,מיה לקקנים מולטיקולור תות בננה 220 גרם,מיה,IL,לקקנים בטעם תות,גרמים,220.00,100 גרם,false,1,6.50,2.95,true,1,
7290018571491,false,ריבת חלב אמיתי אמיתית בצנצנת 340 גרם,מיה תעשיות מזון בעמ,IL,ריבת חלב,גרמים,340.00,100 גרם,false,1,12.90,3.79,true,1,
7290018571682,false,גריל עוף בצנצנת מיה 300 גרם,מיה תעשיות מזון מ.ת.מ. ב,IL,גריל עוף 300 גרם,גרמים,300.00,100 גרם,false,1,19.90,6.63,true,1,
7290018571699,false,"קמח שקדים 250 גרם כשל""פ עד""ח",מיה תעשיות מזון בעמ,IL,קמח שקדים,יחידה,1.00,יחידה,false,1,22.90,22.90,true,1,
7290018571705,false,"אורז יסמין 1 ק""ג מיה.",מיה,IL,"אורז יסמין 1 ק""ג",קילוגרמים,1.00,"ק""ג",false,1,10.90,10.90,true,1,
7290018571712,false,"אורז פרסי 1 ק""ג מיה.",מיה,IL,"אורז פרסי 1 ק""ג",קילוגרמים,1.00,"ק""ג",false,1,9.90,9.90,true,1,
7290018571736,false,אורז בסמטי הודי 1ק''ג,מיה,IL,אורז בסמטי 1 קג,קילוגרמים,1.00,"ק""ג",false,1,10.90,10.90,true,1,
7290018571798,false,סוכריות ג'לי שמחות 2 צבעים מיה 540 גרם,מיה תעשיות מזון בעמ,IL,ג'לי שמחות,גרמים,540.00,100 גרם,false,1,16.90,3.13,true,1,
7290018571804,false,סוכריות ג'לי מטבעות מיה 255 גרם,מיה תעשיות מזון בעמ,IL,ג'לי מטבעות,גרמים,255.00,100 גרם,false,1,9.90,3.88,true,1,
7290018571811,false,סירופ מייפל טהור 250 גר' מיה,מיה,IL,סירופ מייפל טהור,גרמים,250.00,100 גרם,false,1,29.90,11.96,true,1,
7290018720103,false,"אפיפיות וופל בטעם שוקו לל""ס הדר 250 גרם","א.ג גילרו בע""\מ",IL,אפיפיות ללא סוכר,גרמים,250.00,100 גרם,false,1,6.90,2.76,true,1,
7290018720110,false,מעדני המלך- יאמי עוגיות ממולאות בקרם אגוזים 30% 150 גרם,"הגביע מוצרי ופלים בע""\מ",IL,עוגיות יאמי,גרמים,150.00,100 גרם,false,1,6.90,4.60,true,1,
7290018720189,false,מעדני מלך-ביסקוויט קסטה בטעם שוקו 200 גרם,הגביע,IL,ביסקוויט קסטה,גרמים,200.00,100 גרם,false,1,4.50,2.25,true,1,
7290018720219,false,פצפוצי אורז ללא סוכר מעדני מלך 250 גרם,אשבל מזון פונקציונלי,IL,פצפוצי אורז250גר,גרמים,250.00,100 גרם,false,1,9.90,3.96,true,1,
7290018720226,false,פצפוצי אורז מעדני מלך 250 גרם,אשבל מזון פונקציונלי,IL,פצפוצי אורז250גר,גרמים,250.00,100 גרם,false,1,11.90,4.76,true,1,
7290018743003,false,גל לכביסה צבעונית 2.5 ליטר,"אל.די.גי בע""מ",GR,ג'ל לכביסה2.5 ל',ליטרים,2.50,ליטר,false,1,24.90,9.96,true,1,
7290018743010,false,Heaven ג'ל כביסה לבנה 2.5 ליטר,"אל.די.גי בע""מ",GR,ג'ל לכביסה לבנה,ליטרים,2.50,ליטר,false,1,24.90,9.96,true,1,
7290018743027,false,Heaven מרכך כביסה מרוכז יסמין 1 ליטר,"אל.די.גי בע""מ",GR,מ.כביסה מרוכז 1ל,ליטרים,1.00,ליטר,false,1,13.90,13.90,true,1,
7290018743034,false,Heaven מרכך כביסה מרוכז סחלב 1 ליטר,"אל.די.גי בע""מ",GR,מרכך כביסה מרוכז,ליטרים,1.00,ליטר,false,1,13.90,13.90,true,1,
7290018743041,false,Heaven מרכך כביסה מרוכז מאסק 1 ליטר,"אל.די.גי בע""מ",GR,מרכך כביסה מרוכז,ליטרים,1.00,ליטר,false,1,13.90,13.90,true,1,
7290018792889,false,שוקולד חלב עם אגוזי לוז,קיו פאין פוד,IL,שוקו.עם אגוזילוז,גרמים,100.00,100 גרם,false,1,6.90,6.90,true,1,
7290018792902,false,שוקולד חלב עם שברי עוגיה,קיו פאין פוד,IL,שוקו.עם עוגיות,גרמים,100.00,100 גרם,false,1,6.90,6.90,true,1,
7290018792919,false,שוקולד חלב עם עדשים100גר,קיו פאין פוד,IL,שוקולד 100 גרם,גרמים,100.00,100 גרם,false,1,6.90,6.90,true,1,
7290018792933,false,שוקולד חלב עם שברי וופל,קיו פאין פוד,IL,שוקולד 100 גרם,גרמים,100.00,100 גרם,false,1,6.90,6.90,true,1,
7290018835029,false,מרק בטעם עוף פרווה 400 ג,תבליני מימון,IL,מרק בטעם עוף,גרמים,400.00,100 גרם,false,1,11.90,2.98,true,1,
7290018878088,false,שלשות שוקולד ללס מריר ב.יוסף 85ג*3*18בקרט,"כרמית תעשיות ממתקים בע""\",IL,"שוקולד מריר לל""ס",גרמים,255.00,100 גרם,false,1,14.90,5.84,true,1,
7290018878095,false,שלישיית שוקולד חלב ללא סוכר 85 גרם,"כרמית תעשיות ממתקים בע""\",IL,"שוקולד לבן לל""ס",גרמים,255.00,100 גרם,false,1,14.90,5.84,true,1,
7290018878125,false,שלישיית שוקולד לבן ללא סוכר 85 גרם,"כרמית תעשיות ממתקים בע""\",IL,"שוקולד לבן לל""ס",גרמים,255.00,100 גרם,false,1,14.90,5.84,true,1,
7290018893036,false,צ'וקטה ביסקוויט בטעם שוקוטלד במילוי קרם בטעם וניל 176 גרם,צ'וקטה Chocketa,ES,עוגיות סנדוויץ,גרמים,176.00,100 גרם,false,1,5.90,3.35,true,1,
7290018893814,false,צ'וקטה חמישיית שוקולד מריר 48%,הדקלאים אגודת שיתופי,ES,שוקולד מריר5יח,גרמים,500.00,100 גרם,false,1,15.90,3.18,true,1,
7290018921029,false,"ד""ר פישר - קמיל בלו מגבוני סנסיטיב 64 יח' * 4",פישר מעבדות פרמצבטיות בע,IL,מגבוני קמיל בלו,יחידה,1.00,יחידה,false,1,19.90,19.90,true,1,
7290018921449,false,קמיל בלו מגבונים תפרחת חיתולים רביעייה,פישר תעשיות,IL,מגבונים קמיל 4יח,יחידה,1.00,יחידה,false,1,22.90,22.90,true,1,
7290018921616,false,רביעיית מגבוני קמיל בלו שיבולת שועל 64 יח',פישר תעשיות,IL,מגבוני קמיל 4יח,יחידה,1.00,יחידה,false,1,20.90,20.90,true,1,
7290018921654,false,"ד""ר פישר - אפקטיב קר תחליב רחצה תמצית לוונדר 700 מ""ל",פישר מעבדות פרמצבטיות בע,IL,תחליב רחצה לבנדר,מיליליטרים,700.00,"100 מ""ל",false,1,12.90,1.84,true,1,
7290018925065,false,מיץ פרימור תפוזים סחוט 2 ליטר-,"גניר (1992) בע""מ",IL,מיץ תפוזים סחוט,ליטרים,2.00,ליטר,false,1,24.90,12.45,true,1,
7290018928134,false,לחמניות ללא גלוטן 3 יח,גידרון תעשיות,IL,"לחמניות לל""ג",גרמים,300.00,100 גרם,false,1,17.90,5.97,true,1,
7290018935019,false,"כוסות קרטון 12 OZ איכותי 30 יח' ר. שמאי כשל""פ עד""ח",,CN,כוסות קרטון,יחידה,1.00,יחידה,false,1,14.90,14.90,true,1,
7290018935224,false,גביעי יין מוכספים עגול 10 יחי' שמאי,,CN,גביעי יין 10 יח',יחידה,1.00,יחידה,false,1,16.90,16.90,true,1,
7290018978245,false,דגני בוקר קראנץ נוגט686ג,"נטורל קייקס בע""מ",IL,דגני בוקר686 גרם,גרמים,686.00,100 גרם,false,1,19.90,2.90,true,1,
7290018978269,false,דגני בוקר קראנץ קרם וניל,"נטורל קייקס בע""מ",IL,דגני בוקר686 גרם,גרמים,686.00,100 גרם,false,1,19.90,2.90,true,1,
7290018978276,false,דגני בוקר קראנץ קרמל686ג,"נטורל קייקס בע""מ",IL,דגני בוקר686 גרם,גרמים,686.00,100 גרם,false,1,19.90,2.90,true,1,
7290019014409,false,"ניקוי ושימור משטחי עור פלירוסול 500 מ""ל טאצ",סאסאטק,IL,ניקוי משטחי עור,מיליליטרים,500.00,"100 מ""ל",false,1,29.90,5.98,true,1,
7290019014423,false,"מבשם לכביסה ולבית טורקיז פלירוסול 500 מ""ל טאצ",סאסאטק,IL,מבשם כביסה ולבית,מיליליטרים,500.00,"100 מ""ל",false,1,29.90,5.98,true,1,
7290019014447,false,"מבשם לכביסה ולבית כחול פלירוסול 500 מ""ל טאצ",סאסאטק,IL,מבשם כביסה לבית,מיליליטרים,500.00,"100 מ""ל",false,1,29.90,5.98,true,1,
7290019056027,false,שוופס מוגז פירות תפוחים ללא סוכר 1.5 ליטר פיקדון,"יפאורה תבורי בע""\מ",IL,שוופס ללא סוכ,ליטרים,1.50,ליטר,false,0,7.50,5.00,true,1,
7290019056034,false,שוופס מוגז פירות אננס ללא סוכר 1.5 ליטר פיקדון,"יפאורה תבורי בע""מ",IL,שוופס אננס,ליטרים,1.50,ליטר,false,0,7.50,5.00,true,1,
7290019056041,false,שוופס מוגז פירות לימונייד ללא סוכר 1.5 ליטר פיקדון,"יפאורה תבורי בע""מ",IL,שוופס למונייד,ליטרים,1.50,ליטר,false,0,7.50,5.00,true,1,
7290019056058,false,שוופס מוגז עדין תפוח ליים 1.5 ליטר פיקדון,"יפאורה תבורי בע""\מ",IL,שוופס מוגז תפוח,ליטרים,1.50,ליטר,false,0,7.50,5.00,true,1,
7290019056065,false,שוופס מוגז עדין פירות יער 1.5 ליטר פיקדון,"יפאורה תבורי בע""\מ",IL,שוופס מוגז,ליטרים,1.50,ליטר,false,0,7.50,5.00,true,1,
7290019056072,false,שוופס מוגז עדין אננס 1.5 ליטר פיקדון,מיוצר עי קונדיטוריית,IL,שוופס מוגז עד,ליטרים,1.50,ליטר,false,0,7.50,5.00,true,1,
7290019056089,false,שוופס מוגז עדין ענבי ריזלינג 1.5 ליטר פיקדון,"יפאורה תבורי בע""\מ",IL,שוופס מוגז,ליטרים,1.50,ליטר,false,0,7.50,5.00,true,1,
7290019056096,false,שוופס מוגז עדין אפרסק 1.5 ליטר פיקדון,"יפאורה תבורי בע""\מ",IL,שוופס אפרסק,ליטרים,1.50,ליטר,false,0,7.50,5.00,true,1,
7290019056119,false,שוופס סודה 1.5 ליטר פיקדון,"יפאורה תבורי בע""\מ",IL,שוופס מי סודה,ליטרים,1.50,ליטר,false,0,3.60,2.40,true,1,
7290019056126,false,שוופס סודה לימון 1.5 ליטר בק' בודד פיקדון,"יפאורה תבורי בע""\מ",IL,שוופס סודה לי,ליטרים,1.50,ליטר,false,0,3.60,2.40,true,1,
7290019056133,false,שוופס סודה נענע ליים 1.5 ליטר בק' בודד,"יפאורה תבורי בע""\מ",IL,שוופס סודה,ליטרים,1.50,ליטר,false,0,3.60,2.40,true,1,
7290019056164,false,שוופס סודה 1.5 ליטר רביעייה פיקדון,"יפאורה תבורי בע""\מ",IL,שוופס סודה1.5*4ל,ליטרים,6.00,ליטר,false,0,11.10,1.85,true,1,
7290019056171,false,שוופס סודה לימון 1.5 ליטר רביעייה פיקדון,"יפאורה תבורי בע""\מ",IL,סודה לימון 1.5*4,ליטרים,6.00,ליטר,false,0,11.10,1.85,true,1,
7290019056188,false,שוופס סודה נענע ליים 1.5 ליטר רביעייה פיקדון,"יפאורה תבורי בע""\מ",IL,שוופס סודה1.5*4ל,ליטרים,6.00,ליטר,false,0,11.10,1.85,true,1,
7290019056201,false,שוופס סודה פירות יער 1.5 ליטר רביעייה פיקדון,"יפאורה תבורי בע""\מ",IL,שוופס סודה1.5*4ל,ליטרים,6.00,ליטר,false,0,11.10,1.85,true,1,
7290019056232,false,משקה מוגז בטעם ליים מוחיטו 1.5 ל' שוופס,"יפאורה תבורי בע""\מ",IL,שוופס ליים מו,ליטרים,1.50,ליטר,false,0,8.90,5.93,true,1,
7290019056249,false,שוופס מים בטעמים ענבים 1.5 ליטר פיקדון,מיוצר עי קונדיטוריית,IL,מים בטעם ענבי,ליטרים,1.50,ליטר,false,0,6.90,4.60,true,1,
7290019056256,false,שוופס מים בטעמים תפוחים 1.5 ליטר פיקדון,מיוצר עי קונדיטוריית,IL,שוופס מים תפו,ליטרים,1.50,ליטר,false,0,6.90,4.60,true,1,
7290019056263,false,שוופס מים בטעמים אפרסק 1.5 ליטר פיקדון,מיוצר עי קונדיטוריית,IL,שוופס מים אפר,ליטרים,1.50,ליטר,false,0,6.90,4.60,true,1,
7290019056270,false,שוופס מים בטעמים פירות יער 1.5 ליטר פיקדון,"יפאורה תבורי בע""\מ",IL,מים פירות יער,ליטרים,1.50,ליטר,false,0,6.90,4.60,true,1,
7290019056287,false,שוופס מים בטעמים אפרסק ללא סוכר 1.5 ליטר פיקדון,יפאורה שותפות מובגלת לשי,IL,שוופס מים אפר,ליטרים,1.50,ליטר,false,0,6.90,4.60,true,1,
7290019056294,false,שוופס ג'ינג'ר אייל 1.5 ליטר פיקדון,"יפאורה תבורי בע""\מ",IL,שוופס ג'ינג'ר,ליטרים,1.50,ליטר,false,0,9.90,6.60,true,1,
7290019056355,false,תפוזינה לימונדה MIX לימונענע 1.5 ליטר,"יפאורה תבורי בע""\מ",IL,תפוזינה לימונ,ליטרים,1.50,ליטר,false,0,7.90,5.27,true,1,
7290019056362,false,תפוזינה ענבים 1.5 ליטר פיקדון,"יפאורה תבורי בע""\מ",IL,תפוזינה ענבים,ליטרים,1.50,ליטר,false,0,7.90,5.27,true,1,
7290019056379,false,תפוזינה תפוזים 1.5 ליטר פיקדון,"יפאורה תבורי בע""\מ",IL,תפוזינה תפוזי,ליטרים,1.50,ליטר,false,0,7.90,5.27,true,1,
7290019056386,false,פתוזינה אשכולית 1.5 ליטר פיקדון,"יפאורה תבורי בע""\מ",IL,תפוזינה אשכול,ליטרים,1.50,ליטר,false,0,7.90,5.27,true,1,
7290019056393,false,תפוזינה תות בננה 1.5 ליטר פיקדון,"יפאורה תבורי בע""\מ",IL,תפוזינה תות ב,ליטרים,1.50,ליטר,false,0,7.90,5.27,true,1,
7290019056409,false,תפוזינה מנגו 1.5 ליטר פיקדון,"יפאורה תבורי בע""\מ",IL,תפוזינה מנגו,ליטרים,1.50,ליטר,false,0,7.90,5.27,true,1,
7290019056416,false,מיץ בטעם לימונדה ורודה 1.5 ל' תפוזינה,"יפאורה תבורי בע""\מ",IL,תפוזינה לימונדה,ליטרים,1.50,ליטר,false,0,7.90,5.27,true,1,
7290019056423,false,מיץ בטעם תפוח רענן 1.5ל' תפוזינה,"יפאורה תבורי בע""\מ",IL,תפוזינה תפוח,ליטרים,1.50,ליטר,false,0,7.90,5.27,true,1,
7290019056430,false,תפוזינה תפוזים לייט 1.5 ליטר פיקדון,"יפאורה תבורי בע""\מ",IL,תפוזינה לייט,ליטרים,1.50,ליטר,false,0,7.50,5.00,true,1,
7290019056447,false,תפוזינה אשכוליות לייט 1.5 ליטר פיקדון,"יפאורה תבורי בע""\מ",IL,אשכוליות לייט,ליטרים,1.50,ליטר,false,0,7.50,5.00,true,1,
7290019056454,false,משקה מוגז בטעם קולה 1.5 ל' אר סי,"יפאורה תבורי בע""\מ",IL,R.C קולה,ליטרים,1.50,ליטר,false,0,6.10,4.07,true,1,
7290019056461,false,מארז משקה בטעם קולה שישייה * 1.5 ל' אר.סי,"יפאורה תבורי בע""\מ",IL,RC קולה 6 יח,ליטרים,9.00,ליטר,false,0,33.90,3.77,true,1,
7290019056478,false,ספרינג טי קר אפרסק 1.5ליטר פיקדון,"יפאורה תבורי בע""\מ",IL,ספרינג תה אפר,ליטרים,1.50,ליטר,false,0,7.50,5.00,true,1,
7290019056485,false,ספריג תה ירוק לימון לואיזה 1.5 ליטר פיקדון,"יפאורה תבורי בע""\מ",IL,תה ספרינג ירו,ליטרים,1.50,ליטר,false,0,7.50,5.00,true,1,
7290019056492,false,ספרינג תה מנגו אפרסק 1.5 ליטר פיקדון,"יפאורה תבורי בע""\מ",IL,ספרינג תה מנג,ליטרים,1.50,ליטר,false,0,7.50,5.00,true,1,
7290019056515,false,פרוט ווטר אננס 1.5 ליטר פיקדון,"יפאורה תבורי בע""\מ",IL,פרוט ווטר אננ,ליטרים,1.50,ליטר,false,0,8.50,5.67,true,1,
7290019056522,false,פרוט ווטר תות 1.5 ליטר פיקדון,"יפאורה תבורי בע""\מ",IL,פרוט ווטר תות,ליטרים,1.50,ליטר,false,0,8.50,5.67,true,1,
7290019056539,false,פרוט ווטר אפרסק 1.5 ליטר פיקדון,"יפאורה תבורי בע""\מ",IL,פרוט ווטר אפר,ליטרים,1.50,ליטר,false,0,8.50,5.67,true,1,
7290019056546,false,פרוט ווטר אבטיח 1.5 ליטר פיקדון,"יפאורה תבורי בע""\מ",IL,פרוט ווטר אבט,ליטרים,1.50,ליטר,false,0,8.50,5.67,true,1,
7290019056553,false,שישיית מים מינרלים עין גדי 2 ליטר,עין גדי מים מינרליים,IL,מים עין גדי2*6ל,ליטרים,12.00,ליטר,false,0,12.30,1.03,true,1,
7290019056560,false,עין גדי 2 ליטר בק' בודד פיקדון,עין גדי מיים מינרלים,IL,מים מינרלים,ליטרים,2.00,ליטר,false,0,3.70,1.85,true,1,
7290019056577,false,משקה קל מנגו ספרינג 1.5 ליטר,"יפאורה תבורי בע""\מ",IL,ספרינג מנגו,ליטרים,1.50,ליטר,false,0,7.90,5.27,true,1,
7290019056584,false,משקה קל תפוזים ספרינג 1.5 ליטר,"יפאורה תבורי בע""\מ",IL,ספרינג תפוזים,ליטרים,1.50,ליטר,false,0,7.90,5.27,true,1,
7290019056591,false,משקה קל ענבים ספרינג 1.5 ליטר,"יפאורה תבורי בע""\מ",IL,ספרינג ענבים,ליטרים,1.50,ליטר,false,0,7.90,5.27,true,1,
7290019056607,false,משקה קל תפוחים ספרינג 1.5 ליטר,"יפאורה תבורי בע""\מ",IL,ספרינג תפוחים,ליטרים,1.50,ליטר,false,0,7.90,5.27,true,1,
7290019056614,false,משקה קל אפרסק ספרינג 1.5 ליטר,"יפאורה תבורי בע""\מ",IL,ספרינג אפרסק,ליטרים,1.50,ליטר,false,0,7.90,5.27,true,1,
7290019056621,false,משקה קל פירות טרופיים ספרינג 1.5 ליטר,"יפאורה תבורי בע""\מ",IL,משקה ספרינג,ליטרים,1.50,ליטר,false,0,7.90,5.27,true,1,
7290019056638,false,משקה קל תות בננה ספרינג 1.5 ליטר,"יפאורה תבורי בע""\מ",IL,ספרינג תות בנ,ליטרים,1.50,ליטר,false,0,7.90,5.27,true,1,
7290019056645,false,משקה קל אגס תפוח סברס ספרינג 1.5 ליטר,"יפאורה תבורי בע""\מ",IL,משקה ספרינג,ליטרים,1.50,ליטר,false,0,7.90,5.27,true,1,
7290019056652,false,משקה קל אננס בננה ספרינג 1.5 ליטר,"יפאורה תבורי בע""\מ",IL,ספרינג אננס ב,ליטרים,1.50,ליטר,false,0,7.90,5.27,true,1,
7290019056669,false,משקה קל תפוחים דיאט ספרינג 1.5 ליטר,"יפאורה תבורי בע""\מ",IL,ספרינג תפוח ל,ליטרים,1.50,ליטר,false,0,7.50,5.00,true,1,
7290019056676,false,משקה קל אשכולית אננס דיאט ספרינג 1.5 ליטר,"יפאורה תבורי בע""\מ",IL,ספרינג לייט,ליטרים,1.50,ליטר,false,0,7.50,5.00,true,1,
7290019056720,false,קריסטל מיץ ענבים 2 ליטר פיקדון,"יפאורה תבורי בע""\מ",IL,משקה קל ענבים,ליטרים,2.00,ליטר,false,0,6.00,3.00,true,1,
7290019056737,false,קריסטל מיץ אשכוליטרות 2 ליטר,"יפאורה תבורי בע""\מ",IL,קריסטל אשכולי,ליטרים,2.00,ליטר,false,0,6.00,3.00,true,1,
7290019056744,false,קריסטל מיץ תפוזים 2 ליטר פיקדון,"יפאורה תבורי בע""\מ",IL,משקה קל תפוזי,ליטרים,2.00,ליטר,false,0,6.00,3.00,true,1,
7290019056751,false,קריסטל מיץ אשכוליות דיאט 2 ליטר פיקדון,"יפאורה תבורי בע""\מ",IL,אשכוליות דיאט,ליטרים,2.00,ליטר,false,0,5.30,2.65,true,1,
7290019056768,false,קריסטל מיץ מנגו 2 ליטר פיקדון,"יפאורה תבורי בע""\מ",IL,קריסטל מנגו,ליטרים,2.00,ליטר,false,0,6.00,3.00,true,1,
7290019056775,false,קריסטל מוגז ענבים 2 ליטר פיקדון,"יפאורה תבורי בע""\מ",IL,קריסטל ענבים,ליטרים,2.00,ליטר,false,0,6.00,3.00,true,1,
7290019056782,false,משקה מוגז בטעם לימון ליים 2 ל' קריסטל,"יפאורה תבורי בע""\מ",IL,גזוז לימון לי,ליטרים,2.00,ליטר,false,0,6.00,3.00,true,1,
7290019056799,false,קריסטל מוגז אקזוטי 2 ליטר פיקדון,"יפאורה תבורי בע""\מ",IL,קריסטל אקזוטי,ליטרים,2.00,ליטר,false,0,6.00,3.00,true,1,
7290019056805,false,קריסטל מוגז תפוחים 2 ליטר פיקדון,"יפאורה תבורי בע""\מ",IL,גזוז בטעם תפו,ליטרים,2.00,ליטר,false,0,6.00,3.00,true,1,
7290019056812,false,קריסטל מוגז מנטה 2 ליטר פיקדון,"יפאורה תבורי בע""\מ",IL,גזוז בטעם מנט,ליטרים,2.00,ליטר,false,0,6.00,3.00,true,1,
7290019056829,false,קריסטל מוגז תפוזים 2 ליטר פיקדון,"יפאורה תבורי בע""\מ",IL,קריסטל אורנג',ליטרים,2.00,ליטר,false,0,6.00,3.00,true,1,
7290019056836,false,קריסטל מוגז תות 2 ליטר פיקדון,"יפאורה תבורי בע""\מ",IL,קריסטל מוגז ת,ליטרים,2.00,ליטר,false,0,6.00,3.00,true,1,
7290019056843,false,קריסטל מוגז קולה 2 ליטר פיקדון,"יפאורה תבורי בע""\מ",IL,קריסטל קולה,ליטרים,2.00,ליטר,false,0,6.00,3.00,true,1,
7290019056850,false,ספרינג תה אפרסק דיאט 1.5 ליטר פיקדון,"יפאורה תבורי בע""\מ",IL,תה ספרינג דיא,ליטרים,1.50,ליטר,false,0,7.50,5.00,true,1,
7290019056959,false,מי עדן 1.5 ליטר בק' בודד פיקדון,"מופק ממקור בזלתי עדן ,1",IL,מי עדן 1.5 לי,ליטרים,1.50,ליטר,false,0,3.40,2.27,true,1,
7290019056973,false,שישיית מי עדן 1.5 ליטר משפחתי,"מופק ממקור בזלתי עדן ,1",IL,מי עדן 1.5*6ל,ליטרים,9.00,ליטר,false,0,12.70,1.41,true,1,
7290019153023,false,אר.סי. קולה ללא סוכר 1.5 ל' מארז רביעייה,"יפאורה תבורי בע""\מ",IL,RC קולה רביעייה,ליטרים,6.00,ליטר,false,1,23.90,3.98,true,1,
7290019153078,false,"שוופס ביטר למון לייט, 1.5 ליטר פקדון","יפאורה תבורי בע""\מ",IL,שוופס ביטר למון,ליטרים,1.50,ליטר,false,1,9.50,6.33,true,1,
7290019153085,false,שוופס מוגז ליים מוחיטו ללא סוכר 1.5 ליטר-,"יפאורה תבורי בע""\מ",IL,שוופס מוחיטו ללס,ליטרים,1.50,ליטר,false,1,7.50,5.00,true,1,
7290019153252,false,שוופס סודה תפוח 1.5 ליטר רביעייה פיקדון,"יפאורה תבורי בע""\מ",IL,שוופס סודה 4 בק,ליטרים,6.00,ליטר,false,1,11.10,1.85,true,1,
7290019153269,false,שוופס סודה אננס 1.5 ליטר רביעייה פיקדון,"יפאורה תבורי בע""\מ",IL,שוופס סודה 4 בק,ליטרים,6.00,ליטר,false,1,11.10,1.85,true,1,
7290019153535,false,"רביעיית שוופס מוגז פירות למונייד ללא סוכר 330 מ""ל פחיות",יפאורה תבורי,IL,שוופס לימונייד4*,ליטרים,1.32,ליטר,false,1,11.90,9.02,true,1,
7290019453024,false,קו'גל ירושלמי איטרי ות 800גרם,תכלית מזון,IL,קוגל אטריות מתוק,גרמים,750.00,100 גרם,false,1,15.90,2.12,true,1,
7290019453031,false,קוגל תפוחי אדמה 580 גרם,תכלית מזון,IL,"קוגל תפו""א",גרמים,750.00,100 גרם,false,1,15.90,2.12,true,1,
7290022005562,false,קריספ פירורי לחם שום 300 גרם מיימונס,א.ל ייצור ושיווק תבל,IL,פירורי לחם קריספ,גרמים,300.00,100 גרם,false,1,6.90,2.30,true,1,
7290055090702,false,"איגלו שלוקים בטעמי פטל, לימון וענבים 60 יח'",מנדלז סי.אר. פרודקשן,IL,איגלושלוקי,ליטרים,2.03,ליטר,false,0,12.90,6.35,true,1,
7290090954250,false,מקל מטאטא 5/184,,,מקל מטאטא 5/184,יחידה,1.00,יחידה,false,0,1.00,1.00,true,1,
7290100240137,false,"תרסיס ריחני למייבש כחול בדין 500 מ""ל","זוהר דליה, קיבוץ דליה, 1",IL,תרסיס למייבש,מיליליטרים,500.00,"100 מ""ל",false,0,13.90,2.78,true,1,
7290100240632,false,קרקר פתית 200-300ג' 6 דגנים 250 גרם,יוניליוור ישראל מזון בע\,IL,פתית 6 דגנים,גרמים,250.00,100 גרם,false,0,14.90,5.96,true,1,
7290100243671,false,"מרכך כביסה מרוכז אקסטרה כחול בדין 960 מ""ל",יוניליוור סנאיי וי טיקאר,TR,מרכך כביסה בדין,מיליליטרים,960.00,"100 מ""ל",false,0,14.90,1.55,true,1,
7290100249598,false,"רוטב לעוף שום ודבש קנור 320 גרם בד""צ",יוניליוור ישראל מזון בע\,IL,רוטב לעוף,גרמים,320.00,100 גרם,false,0,9.90,3.09,true,1,
7290100653586,false,"דאודורנט ג'ל פרש פיוזן 24/7 ליידי ספיד סטיק 65 מ""ל",ליידי ספיד סטיק Lady Speed Stick,US,ליידי ס.סטיק24/7,גרמים,65.00,100 גרם,false,0,17.90,27.54,true,1,
7290100659090,false,פרי חטיפים ללא גלוטן ותוספת סוכר מארז 5 תמרים וקינמון,טבעית מוצרים מן הטבע בעמ,IL,חטיף FREE תמרים,גרמים,110.00,100 גרם,false,0,14.90,13.55,true,1,
7290100700242,false,"סוגת אורז מלא עגול 1 ק""ג","סוגת תעשיות בע""\מ",IL,אורז מלא עגול,קילוגרמים,1.00,"ק""ג",false,0,7.90,7.90,true,1,
7290100700396,false,"סוגת אורז יסמין קלאסי 1 ק""ג",האי נאם סי או אל.טי.,IL,אורז יסמין סוגת,קילוגרמים,1.00,"ק""ג",false,0,9.90,9.90,true,1,
7290100702611,false,פתיתים אפויים אורז סוגת 500 גרם,"אסיף תעשיות מזון בע""\מ",IL,פתיתים סוגת,גרמים,500.00,100 גרם,false,0,4.90,0.98,true,1,
7290100702628,false,פתיתים אפויים קוסקוס סוגת 500 גרם,"אסיף תעשיות מזון בע""\מ",IL,פתיתים סוגת,גרמים,500.00,100 גרם,false,0,4.90,0.98,true,1,
7290100850909,false,דוריטוס נאצ'ו מקסיקני 70 גרם,"שטראוס פריטו ליי בע""\מ",IL,דוריטוס נאצ'ו,גרמים,70.00,100 גרם,false,0,2.90,4.14,true,1,
7290100850916,false,דוריטוס חמוץ חריף מעודן 70 גרם כשר לפסח,"שטראוס פריטו ליי בע""\מ )",IL,דוריטוס חמוץ ח,גרמים,70.00,100 גרם,false,0,2.90,4.14,true,1,
7290100850923,false,דוריטוס בטעם גריל 70 גרם,"שטראוס פריטו ליי בע""\מ )",IL,דוריטוס גריל,גרמים,70.00,100 גרם,false,0,2.90,4.14,true,1,
7290100850930,false,דוריטוס בטעם טבעי 70 גרם,"שטראוס פריטו ליי בע""\מ )",IL,חטיף דוריטוס,גרמים,70.00,100 גרם,false,0,2.90,4.14,true,1,
7290100852606,false,קפה טורקי 100*4 גרם,שטראוס קפה בי.ויn\.,IL,קפה טורקי 4 יח,גרמים,400.00,100 גרם,false,0,29.50,7.38,true,1,
7290100858608,false,אבקת קקאו עלית שקית 500 ג',שטראוס קפה בי.ויn\.,IL,קקאו עלית,גרמים,500.00,100 גרם,false,0,21.90,4.38,true,1,
7290100922569,false,קרם לטיפוח עוד הידיים והגוף- מארז שלישייה,טרופיקל דגיל,IL,קרם ידיים ולווטה,מיליליטרים,300.00,"100 מ""ל",false,0,14.90,4.97,true,1,
7290100922651,false,הוואי - סבון מוצק מי קוקוס 100 גרם רביעייה,טרופיקל דגיל קוסמטיק,IL,סבון הוואי 4 יח,גרמים,400.00,100 גרם,false,1,10.90,2.73,true,1,
7290100925676,false,קולור קאצר 20 דפים לוכדי צבע למכונת כביס,"הנקל סוד בע""\מ",IE,דפי קולור קאצ'ר,יחידה,1.00,יחידה,false,1,19.90,19.90,true,1,
7290101112068,false,מיני מגטון שוקו 45 גרם,,IL,מיני מגטון,גרמים,45.00,100 גרם,false,1,2.90,6.44,true,1,
7290101112228,false,"שמיניית גלידל פרי אננס ""פלדמן""",הגלידות של פלדמן,IL,מאגדת גלידל פרי,גרמים,640.00,100 גרם,false,48,18.90,2.95,true,1,
7290101112921,false,"גלידל פרי פירות טרופים לל""ס 8 יחידות",הגלידות של פלדמן,IL,מאגדת גלידל פרי,גרמים,640.00,100 גרם,false,1,18.90,2.95,true,1,
7290101113393,false,גלידה יופלה פריזי יוגורט פירות יער מאגדת 400 ג',הגלידות של פלדמן,IL,מאגדת יוגורט פיר,גרמים,400.00,100 גרם,false,1,19.90,4.98,true,1,
7290101113751,false,מאגדת שלגון קרמל ושוקולד בלונדי רביעיה * 50 ג' יולו,הגלידות של פלדמן,IL,מאגדת שלגון יולו,גרמים,200.00,100 גרם,false,1,17.90,8.95,true,1,
7290101113768,false,מאגדת שלגון עוגיות ושוקולד חלב רביעיה * 50 ג' יולו,הגלידות של פלדמן,IL,מאגדת שלגון יולו,גרמים,200.00,100 גרם,false,1,17.90,8.95,true,1,
7290101113805,false,מאגדת (5) יופלה שייק פרי תות 70 אחוז פרי 350 גרם,הגלידות של פלדמן,IL,מאגדת יופלה שייק,גרמים,350.00,100 גרם,false,1,19.90,5.69,true,1,
7290101113812,false,מאגדת יופלה שייק פרי אננס קוקוס פלדמן 5 יחידות,הגלידות של פלדמן,IL,מאגדת יופלהשייק,גרמים,350.00,100 גרם,false,1,19.90,5.69,true,1,
7290101113829,false,מאגדת (5) יופלה שייק פרי מנגו 70 אחוז פרי 350 גרם,הגלידות של פלדמן,IL,מאגדת יופלהשייק,גרמים,350.00,100 גרם,false,1,19.90,5.69,true,1,
7290101113904,false,מארז מנבו וניל 12 יח' פלדמן,הגלידות של פלדמן,IL,מנבו וניל,גרמים,288.00,100 גרם,false,1,19.90,6.91,true,1,
7290101113911,false,מארז מנבו מוקה 12 יח' פלדמן,הגלידות של פלדמן,IL,מנבו מוקה,גרמים,288.00,100 גרם,false,1,19.90,6.91,true,1,
7290101486688,false,חטיף דגנים עם שוקולד ללא גלוטן וסוכר פרי 5*20 גרם,טבעית מוצרים מן הטבע בעמ,IL,חטיף FREE 5 יח',גרמים,100.00,100 גרם,false,0,14.90,14.90,true,1,
7290101488286,false,"ליידי ספיד סטיק - דאודורנט ספריי לאישה 24/7 פרש פיוזן ורוד 150 מ""ל",ליידי ספיד סטיק Lady Speed Stick,RU,ליידי ספיד סטיק,מיליליטרים,150.00,"100 מ""ל",false,0,12.90,8.60,true,1,
7290101488323,false,ליידי ספיד סטיק - דאודורנט סטיק לאישה ללא סימן ירוק סטיק 65 גרם,ליידי ספיד סטיק Lady Speed Stick,US,ליידי ספיד סטיק,גרמים,65.00,100 גרם,false,0,17.90,27.54,true,1,
7290101551263,false,סילאן טבעי ללא תוספת סוכר,מכוורת יד מרדכי,IL,סילאן טבעי,גרמים,700.00,100 גרם,false,1,19.90,2.84,true,1,
7290101551539,false,יוגורט PRO בטעם אפרסק 0% 20 גרם חלבון בגביע,"שטראוס בריאות בע""מ",IL,דנונה פרו אפרסק,גרמים,200.00,100 גרם,false,1,5.90,2.95,true,1,
7290101551584,false,תפוצ'יפס קידס מארז 10 יח' * 20 ג',"שטראוס פריטו ליי בע""מ )פ",IL,תפוצ'יפס קידס10*,גרמים,200.00,100 גרם,false,1,12.90,6.45,true,1,
7290101551638,false,חטיף צ'יטוס כאפה בטעם קטשופ - מארז 10 יח',"שטראוס פריטו ליי בע""מ )פ",IL,צ'יטוס כאפה 10יח,גרמים,200.00,100 גרם,false,1,11.90,5.95,true,1,
7290101582458,false,"אבני החושן סינגל 750 מ""ל",בנימינה,IL,יין אבני החושן,מיליליטרים,750.00,"100 מ""ל",false,1,139.90,18.65,true,1,
7290101864127,false,"ספריי להסרת כתמים 750 מ""ל וניש קליה",קליה וניש Kalia Vanish,IL,קליה ספריי,מיליליטרים,750.00,"100 מ""ל",false,0,14.90,1.99,true,1,
7290101869795,false,"מטהר אוויר אירוויק ספריי מילוי חלום ליל קיץ 250 מ""ל",איירוויק Air Wick,GB,אירוויק מילוי,מיליליטרים,250.00,"100 מ""ל",false,1,14.90,5.96,true,1,
7290102031276,false,מארז 8 יחידות אקטימל משקה יוגורט בטעם תות בננה,מיוצר עי קונדיטוריית,IL,אקטימל 8 יח,מיליליטרים,800.00,"100 מ""ל",false,0,19.90,2.49,true,1,
7290102060764,false,מרידול מברשת שיניים אריזת זוג,יבואן ומשווק: ש. שסט,CH,2 מברשות שיניים,יחידה,1.00,יחידה,false,0,24.90,24.90,true,1,
7290102060979,false,"אלמקס משחת שיניים למניעת עששת 100מ""ל",יבואן ומשווק: ש. שסט,PL,משחת שיניים,מיליליטרים,100.00,"100 מ""ל",false,0,14.90,14.90,true,1,
7290102303922,false,גבינת צ'דר כתום 200 גרם,שווינגטון,GB,גבינת צ'דר כתום,גרמים,200.00,100 גרם,false,1,19.90,9.95,true,1,
7290102303939,false,גבינת צ'דר לבן 200 גרם,שווינגטון,GB,גבינת צ'דר לבן,גרמים,200.00,100 גרם,false,1,19.90,9.95,true,1,
7290102393268,false,"גבינה לבנה 5% שומן, רכיבים טבעיים 750 גרם",הפריט בפיקוח,IL,גבינה לבנה 5%,גרמים,750.00,100 גרם,false,0,13.50,1.80,true,1,
7290102396672,false,"גבנ""צ דק דק נעם פתיחה חוזרת 9% 360 גרם",מילקו תעשיות בעמ,IL,גבינה צהובה נעם,גרמים,360.00,100 גרם,false,1,24.90,6.92,true,1,
7290102397730,false,פרוסות גבינה אמנטל חצי קשה 30% שומן 200 ג' נעם,Unknown,IL,גבינת אמנטל נועם,גרמים,200.00,100 גרם,false,1,14.90,7.45,true,1,
7290102611904,false,"כפות אמריקאי איכותי ח""פ 100 יח'",,CN,כפות חד פעמי,יחידה,1.00,יחידה,false,1,7.50,7.50,true,1,
7290102840175,false,אינסטנט פודינג בטעם וניל מיה 85 גרם,מיה תעשיות מזון מ.ת.מ. ב,IL,פודינג וניל,גרמים,85.00,100 גרם,false,0,2.90,3.41,true,1,
7290102840182,false,פודינג שוקולד פרווה 85גר,מיה תעשיות מזון מ.ת.מ. ב,IL,פודינג שוקולד,גרמים,85.00,100 גרם,false,0,2.90,3.41,true,1,
7290102840199,false,ג'לי משמש פרווה 85 גרם,מיה תעשיות מזון מ.ת.מ. ב,IL,ג'לי משמש,גרמים,90.00,100 גרם,false,0,2.90,3.22,true,1,
7290102840205,false,אבקה להכנת ג'לי בטעם תות מיה 90 גרם,מיה תעשיות מזון מ.ת.מ. ב,IL,ג'לי תות,גרמים,85.00,100 גרם,false,0,2.90,3.41,true,1,
7290103124601,false,"תחליב רחצה נוזל חלב ודבש משאבה 750מ""ל פלמוליב",הנסיך- מפעל לייצור ט,TR,סבון פלמוליב,מיליליטרים,750.00,"100 מ""ל",false,0,14.90,1.99,true,1,
7290103129378,false,ספיד סטיק - דאודורנט ג'ל לגבר איקס 5 85 גרם,הנסיך- מפעל לייצור ט,US,דאו. ספיד סטיק,גרמים,85.00,100 גרם,false,0,17.90,21.06,true,1,
7290103129408,false,ליידי ספיד סטיק - דאודורנט סטיק לאישה פרש אסנס פריחת הפרדס 65 גרם,ליידי ספיד סטיק Lady Speed Stick,US,ליידי ספיד סטיק,גרמים,65.00,100 גרם,false,0,17.90,27.54,true,1,
7290103203405,false,צלו ליקר שוקולד תפוז 16%,ישראליקר,IL,ליקר שוקולד תפוז,מיליליטרים,500.00,"100 מ""ל",false,0,29.90,5.98,true,1,
7290103203412,false,צ'לו ליקר שוקו.מנטה 500מ,ישראליקר,IL,ליקר שוקולד מנטה,מיליליטרים,500.00,"100 מ""ל",false,0,29.90,5.98,true,1,
7290103203443,false,"ליקר צלו בננה 500 מ""ל",ישראליקר,IL,ליקר בננה,מיליליטרים,500.00,"100 מ""ל",false,0,29.90,5.98,true,1,
7290103401429,false,קפה קצב ברזילאי אוריגינס 200 גר,הנסיך- מפעל לייצור ט,IL,קפה פלטינום,גרמים,200.00,100 גרם,false,0,24.90,12.45,true,1,
7290103404758,false,סלט כרוב אדום במיונז אחלה 120 גרם,מיוצר עי קונדיטוריית,IL,כרוב אדום אחלה,גרמים,120.00,100 גרם,false,0,3.90,3.25,true,1,
7290103700041,false,טאצ' מטליות רב שימושיות מארז תשיעייה,שניב,IL,מארז מטליות,יחידה,1.00,יחידה,false,1,8.90,8.90,true,1,
7290103700072,false,טאצ מטליות זיג זג לריצפה שלישייה,שניב,IL,טאצ מטליות זיגזג,יחידה,1.00,יחידה,false,1,8.90,8.90,true,1,
7290103700386,false,טאצ כריות יפניות מארז שישיה,"שניב תעשיות נייר בע""",IL,טאצ כריות קרצוף,יחידה,1.00,יחידה,false,1,8.90,8.90,true,1,
7290103700652,false,טאצ' ספוג הפלא מארז שישייה,"שניב תעשיות נייר בע""",IL,טאצ ספוג הפלא,יחידה,1.00,יחידה,false,1,8.90,8.90,true,1,
7290103700997,false,נייר טואלט לובלי 40 גלילים,,IL,נ.ט לאבלי 40גליל,יחידה,1.00,יחידה,false,0,29.90,29.90,true,1,
7290103701017,false,נייר אפיה נשלף טאצ 50 יחידות כשלפ,"שניב תעשיות נייר בע""",IL,נייר אפיה 50יח,יחידה,1.00,יחידה,false,1,7.90,7.90,true,1,
7290103701093,false,"זוג מטליות מיקרו פייבר לריצפה ""פאצ'""","שניב תעשיות נייר בע""",IL,מיקרופייבר לרצפה,יחידה,1.00,יחידה,false,1,15.90,15.90,true,1,
7290103701178,false,טאצ ספוג הפלא בלוק 1 יחי,שניב תעשיות נייר,IL,טאצ ספוג הפלא,יחידה,1.00,יחידה,false,1,4.90,4.90,true,1,
7290103702779,false,מפיות שולחן איכותיות 150 יח',שניב,IL,מפיות טאצ 150 יח,יחידה,1.00,יחידה,false,1,5.90,5.90,true,1,
7290103703455,false,טאצ' ספוג לניקוי כתמים שלישיה,שניב תעשיות נייר,IL,טאצ' ספוג מבריק,יחידה,1.00,יחידה,false,1,9.90,9.90,true,1,
7290104061417,false,סלט חומוס עם טחינה אחלה 400 גרם,"שטראוס גרופ בע""\מ",IL,חומוס טחינה אחלה,גרמים,400.00,100 גרם,false,0,9.90,2.48,true,1,
7290104061424,false,סלט חומוס עם זעתר אחלה 400 גרם,מיוצר עי קונדיטוריית,IL,חומוס זעתר אחלה,גרמים,400.00,100 גרם,false,0,9.90,2.48,true,1,
7290104061431,false,סלט חומוס עם צנובר אחלה 400 גרם,"שטראוס גרופ בע""\מ",IL,חומוס צנובר אחלה,גרמים,400.00,100 גרם,false,0,9.90,2.48,true,1,
7290104061448,false,סלט חומוס עם חריף אחלה 400 גרם,מיוצר עי קונדיטוריית,IL,חומוס חריף אחלה,גרמים,400.00,100 גרם,false,0,9.90,2.48,true,1,
7290104062599,false,מארז 8 יחידות מעדן גמדים בטעמי תות ובננה,"שטראוס בריאות בע""\מ",IL,גמדים תות בננה,גרמים,800.00,100 גרם,false,0,17.90,2.24,true,1,
7290104066566,false,טחינה שומשום מלא אחלה 500 גר',מיוצר עי קונדיטוריית,IL,טחינה אחלה 500גר,גרמים,500.00,100 גרם,false,0,14.90,2.98,true,1,
7290104722530,false,תפוצ'יפס בטעם שמנת בצל עלית 200 גרם,"שטראוס פריטו ליי בע""\מ )",IL,תפוצ'יפס שמנת,גרמים,200.00,100 גרם,false,0,8.80,4.40,true,1,
7290104726712,false,מארז 8 יחידות מעדן מילקי בטעם שוקולד עם קצפת,"שטראוס גרופ בע""\מ",IL,מארז מילקי 8 יח',ליטרים,1.36,ליטר,false,0,19.90,14.63,true,1,
7290104728310,false,"שמנת מתוקה עמידה 38% שומן ""יטבתה"" -מוצר בפיקוח",שטראוס גרופ,IL,שמנת לקצפת 38%,גרמים,250.00,100 גרם,false,0,5.90,2.36,true,1,
7290104729010,false,"לבן בטעם תות יטבתה 100 מ""ל מהדרין",שטראוס גרופ,IL,לבן בטעם תות,גרמים,100.00,100 גרם,false,0,1.20,1.20,true,1,
7290104960239,false,"תחליב רחצה נקה 7 ארומה לבן 750 מ""ל",טרופיקל דגיל תעשיות קוסמ,IL,תחליב רחצה נקה 7,מיליליטרים,750.00,"100 מ""ל",false,0,8.90,1.19,true,1,
7290104960246,false,"נקה 7 - תחליב רחצה ורד ויסמין 750 מ""ל",טרופיקל דגיל תעשיות קוסמ,IL,תחליב רחצה נקה 7,מיליליטרים,750.00,"100 מ""ל",false,0,8.90,1.19,true,1,
7290104961205,false,"נקה 7 תחליב רחצה מגע קטיפה מ""לפפון קיווי 750 מ""ל",טרופיקל דגיל תעשיות קוסמ,IL,תחליב רחצה נקה,מיליליטרים,750.00,"100 מ""ל",false,0,8.90,1.19,true,1,
7290104961243,false,"נקה 7 תחליב רחצה מגע קטיפה קוקוס ליים 750 מ""ל",טרופיקל דגיל תעשיות קוסמ,IL,תחליב רחצה,מיליליטרים,750.00,"100 מ""ל",false,0,8.90,1.19,true,1,
7290104961250,false,"נקה 7 תחליב רחצה מגע קטיפה וניל מאסק 750 מ""ל",טרופיקל דגיל תעשיות קוסמ,IL,תחליב רחצה נקה,מיליליטרים,750.00,"100 מ""ל",false,0,8.90,1.19,true,1,
7290104961526,false,דאודורנט ספריי גוף טיטניום קלאסיק Titanium Classic,"אמיליה קוסמטיקס בע""מ",IL,טיטניום ספריי,מיליליטרים,150.00,"100 מ""ל",false,0,9.90,6.60,true,1,
7290104961540,false,דאודורנט ספריי גוף טיטניום מטאל Titanium Metal,אמיליה קוסמטיקס,IL,טיטניום ספריי,מיליליטרים,150.00,"100 מ""ל",false,0,9.90,6.60,true,1,
7290104962073,false,דאודורנט ספריי גוף טיטניום גולד Titanium Gold,"אמיליה קוסמטיקס בע""מ",IL,דאו.טיטניום,מיליליטרים,180.00,"100 מ""ל",false,0,14.90,8.28,true,1,
7290104962110,false,דאודורנט קרליין ספריי נושם לנערות ללא אלומיניום,מיוצר עי : אמיליה קוסמטי,IL,ספריי נושם,מיליליטרים,200.00,"100 מ""ל",false,0,11.90,5.95,true,1,
7290104963001,false,סופטקר מגבונים לחים רביעייה בניחוח עדין,החברה הדרומית,IL,מגבונים סופטקר,יחידה,1.00,יחידה,false,1,15.90,15.90,true,1,
7290104963018,false,סופטקר מגבונים לחים רביעייה ללא בישום,החברה הדרומית,IL,מגבונים סופטקר,יחידה,1.00,יחידה,false,1,15.90,15.90,true,1,
7290104963216,false,סופטקר - אל סבון עדין לתינוק לעור רגיש 1 ליטר,קוסמופארם בע'\'\מ,IL,סופטקר אל סבון,ליטרים,1.00,ליטר,false,1,14.90,14.90,true,1,
7290104963650,false,נקה 7 שמפו אל דמע סופטקר 1 ליטר,קוסמופארם בע'\'\מ,IL,סופטקר שמפו,ליטרים,1.00,ליטר,false,1,14.90,14.90,true,1,
7290104963667,false,שמפו ותחליב רחצה אל דמע סופט קר 1 ליטר,קוסמופארם בע'\'\מ,IL,סופטקר 2ב1-,ליטרים,1.00,ליטר,false,1,14.90,14.90,true,1,
7290104964756,false,"תיאדנט מי פה בטעם ענבים לילדים 150 מ""ל",אמיליה קוסמטיקס בע'\'\מ,IL,תיאדנט מי פה,מיליליטרים,150.00,"100 מ""ל",false,1,13.90,9.27,true,1,
7290105360250,false,קפסולות 09 עשיר וארומטי למכונת נספרסו עלית 10יח',הנסיך- מפעל לייצור ט,IL,קפסולות קפה,גרמים,50.00,100 גרם,false,0,14.90,29.80,true,1,
7290105360328,false,קפסולות אספרסו חזק למכונות נספרסו 10 יח',הנסיך- מפעל לייצור ט,IL,קפסולות מס' 10,גרמים,50.00,100 גרם,false,0,14.90,29.80,true,1,
7290105360335,false,קפסולות אספרסו למכונות נספרסו 50 גר,הנסיך- מפעל לייצור ט,IL,קפסולות מס' 7,גרמים,50.00,100 גרם,false,0,14.90,29.80,true,1,
7290105362339,false,"שמנת לבישול 15% 250 מ""ל יטבתה מהדרין",שטראוס גרופ,IL,שמנת לבישול 15%,מיליליטרים,250.00,"100 מ""ל",false,0,7.60,3.04,true,1,
7290105364678,false,"אקטיביה משקה יוגורט בטעם אפרסק שטראוס 250 מ""ל",מיוצר עי קונדיטוריית,IL,משקה אקטיביה,מיליליטרים,250.00,"100 מ""ל",false,0,4.80,1.92,true,1,
7290105366023,false,סלט חצילים בטעם כבד אחלה 400 גרם,מיוצר עי קונדיטוריית,IL,חציל בטעם כבד,גרמים,400.00,100 גרם,false,0,14.90,3.73,true,1,
7290105366047,false,טחינה לבנה אחלה 400 גרם,מיוצר עי קונדיטוריית,IL,טחינה לבנה,גרמים,400.00,100 גרם,false,0,14.90,3.73,true,1,
7290105368331,false,מעדן מילקי בטעם תות עם קצפת,מחלבת אחיהוד,IL,מילקי טעם תות,מיליליטרים,170.00,"100 מ""ל",false,0,2.70,1.59,true,1,
7290105368904,false,"שמנת מתוקה להקצפה 32% שומן 250 מ""ל יוטבתה",שטראוס גרופ,IL,שמנת מתוקה32%,מיליליטרים,250.00,"100 מ""ל",false,0,6.90,2.76,true,1,
7290105368928,false,"שמנת 9% שומן 200 מ""ל יוטבתה",שטראוס גרופ,IL,שמנת 9% יטבתה,מיליליטרים,200.00,"100 מ""ל",false,0,2.90,1.45,true,1,
7290105430441,false,פלמוליב ס.נוזלי סחלב שחור 750 מל משאבה,הנסיך- מפעל לייצור ט,TR,סבון פלמוליב,מיליליטרים,750.00,"100 מ""ל",false,0,14.90,1.99,true,1,
7290105430458,false,"פלמוליב - תחליב רחצה נטורלס שקדים 750 מ""ל",הנסיך- מפעל לייצור ט,TR,סבון פלמוליב,מיליליטרים,750.00,"100 מ""ל",false,0,14.90,1.99,true,1,
7290105433985,false,ליידי ספיד סטיק פרש אסנס פריחת הדובדבן סטיק 65 גר,ליידי ספיד סטיק Lady Speed Stick,US,ליידי ספיד סטיק,גרמים,65.00,100 גרם,false,0,17.90,27.54,true,1,
7290105434050,false,ספיד סטיק - דאודורנט סטיק לגבר XL ירוק רגיולר 85 גרם,קולגייט פלמוליב,US,דאו. ספיד סטיק,יחידה,1.00,יחידה,false,0,17.90,17.90,true,1,
7290105434067,false,ספיד סטיק - דאודורנט סטיק לגבר XL אושן סרף 85 גרם,קולגייט פלמוליב,US,דאו. ספיד סטיק,יחידה,1.00,יחידה,false,0,17.90,17.90,true,1,
7290105436382,false,חטיף פרי תמרים קשיו ללא תוספת סוכר וגלוטן 5 יח,טבעית מוצרים מן הטבע בעמ,IL,חטיפי FREE,גרמים,125.00,100 גרם,false,0,14.90,11.92,true,1,
7290105439499,false,מאסטר שף מאסטר שף מיונז 480 גר כשלפ,רמיה סי.וי. הולנד,NL,מיונז מאסטר שף,גרמים,481.00,100 גרם,false,1,9.90,2.06,true,1,
7290105439505,false,מאסטר שף קרם בטעם מיונז לייט 479 גר כשלפ,רמיה סי.וי. הולנד,NL,ממרח מופחת,גרמים,521.00,100 גרם,false,1,10.90,2.09,true,1,
7290105439581,false,מנה מאסטר שף חרדל דיזיון צרפתי 370 גר,רמיה סי.וי.הולנד,FR,חרדל דיז'ון,גרמים,370.00,100 גרם,false,1,11.90,3.22,true,1,
7290105962331,false,סחוג תימני אדום חריף מאוד זהבי הכרם 220 גרם,אף.סי תבליני בגליל ב,IL,סחוג חריף זהבי,גרמים,220.00,100 גרם,false,0,9.90,4.50,true,1,
7290105965738,false,יוגורט לשתיה בטעם תות בננה267 ג' דנונה,מיוצר עי קונדיטוריית,IL,דנונה לשתיה,גרמים,267.00,100 גרם,false,0,3.90,1.46,true,1,
7290105966469,false,"חומץ בלסמי ממודנה יד מרדכי 250 מ""ל",אצטייה ג'וזפה קרמוני,IT,חומץ בלסמי,גרמים,250.00,100 גרם,false,0,13.90,5.56,true,1,
7290105968098,false,סלט קולסלאו אחלה 500 גרם,שטראוס גרופ סלטים,IL,סלט קולסלאו אחלה,גרמים,500.00,100 גרם,false,0,14.90,2.98,true,1,
7290105968654,false,רביולי בטטה פרווה פסטה נונה 400 ג',מיוצר עי קונדיטוריית,IL,רביולי בטטה 400ג,גרמים,400.00,100 גרם,false,0,18.90,4.73,true,1,
7290105968777,false,פריכיות 5 דגנים עם תחתית שוקולד מריר 70 גרם,"טחנת האבן תעשיות בע""",IL,פריכיות + שוקולד,גרמים,70.00,100 גרם,false,0,6.90,9.86,true,1,
7290106510012,false,שנק בטעם וניל (600גרם),עיני,IL,שנק בטעם וניל,גרמים,600.00,100 גרם,false,1,14.90,2.48,true,1,
7290106510029,false,שנק בטעם שוקולד(600גרם),עיני,IL,שנק בטעם שוקולד,גרמים,600.00,100 גרם,false,1,14.90,2.48,true,1,
7290106513013,false,רוגלך 700 גרם בילקע,,IL,רוגלך 700 גרם,גרמים,700.00,100 גרם,false,1,19.90,2.84,true,1,
7290106513075,false,רוגלך עלים 700 גרם בילקע,,IL,רוגלך עלים 700גר,גרמים,700.00,100 גרם,false,1,19.90,2.84,true,1,
7290106513082,false,עוגיות מלוחות 700 גרם בילקע,,IL,עוגיות 700גרם,גרמים,700.00,100 גרם,false,1,19.90,2.84,true,1,
7290106513099,false,עוגיות שוקוצ'יפס 700 גרם בילקע,,IL,עוגיות 700גרם,גרמים,700.00,100 גרם,false,1,19.90,2.84,true,1,
7290106513105,false,עוגיות ממולאות שוקולד 700 גרם בילקע,,IL,עוגיות 700גרם,גרמים,700.00,100 גרם,false,1,19.90,2.84,true,1,
7290106513129,false,עוגיות מרוקאיות 700 גרם בילקע,,IL,עוגיות 700גרם,גרמים,700.00,100 גרם,false,1,19.90,2.84,true,1,
7290106513136,false,עוגיות עם ריבה 700 גרם בילקע,,IL,עוגיות 700גרם,גרמים,700.00,100 גרם,false,1,19.90,2.84,true,1,
7290106513143,false,עוגיות בצק עלים 700 גרם בילקע,,IL,עוג.בצק עלים,גרמים,700.00,100 גרם,false,1,19.90,2.84,true,1,
7290106520066,false,"רבע לשבע שוקולד חלב במילוי אגוזים עלית 160 גרם בד""צ","הגביע מוצרי וופלים בע""\מ",IL,רבע לשבע 160 גרם,גרמים,160.00,100 גרם,false,0,9.90,6.19,true,1,
7290106520288,false,יוגורט פרו חלבון עם תות 2.4% שומן 150 ג' דנונה,"שטראוס בריאות בע""מ",IL,דנונה WOW תות,גרמים,150.00,100 גרם,false,1,4.50,3.00,true,1,
7290106520905,false,סלט טורקי אחלה 400 גרם,"שטראוס גרופ בע""\מ",IL,סלט טורקי,גרמים,400.00,100 גרם,false,0,14.90,3.73,true,1,
7290106520912,false,"שמנת 9% לבישול יטבתה 250 מ""ל מהדרין",שטראוס גרופ,IL,שמנת לבישול 9%,מיליליטרים,250.00,"100 מ""ל",false,0,7.60,3.04,true,1,
7290106524439,false,"תפוצ'יפס פופס 60 גרם ""עלית""","שטראוס פריטו ליי בע""\מ )",IL,תפוצ'יפס פופס,גרמים,60.00,100 גרם,false,1,3.50,5.83,true,1,
7290106525399,false,קפסולות 06 ברזיל למכונות נספרסו עלית 10יח',הנסיך- מפעל לייצור ט,IL,קפסולות קפה,גרמים,50.00,100 גרם,false,1,14.90,29.80,true,1,
7290106526822,false,פריכיות אורז חום מלא תחתית שוקולד חלב 80 גרם,"טחנת האבן תעשיות בע""",IL,פריכיות,גרמים,80.00,100 גרם,false,0,6.90,8.63,true,1,
7290106528567,false,"דוריטוס גריל 185 גרם ""עלית""","שטראוס פריטו ליי בע""\מ )",IL,דוריטוס גריל,גרמים,185.00,100 גרם,false,1,6.90,3.73,true,1,
7290106528628,false,"דוריטוס טבעי 185 גרם ""עלית""","שטראוס פריטו ליי בע""\מ )",IL,דוריטוס Dippas,גרמים,185.00,100 גרם,false,1,6.90,3.73,true,1,
7290106576919,false,גלידה קרמריה סורבה תות לימון 1.4 ליטר,גלידות נסטלה )נגה גלידות,IL,לח קרמריה,ליטרים,1.40,ליטר,false,0,16.90,12.07,true,1,
7290106576995,false,גלידה סורבה לה קרמריה תות מנגו לייט 1.4 ל' נסטלה,גלידות נסטלה )נגה גלידות,IL,לה קרמריה לייט,ליטרים,1.40,ליטר,false,0,16.90,12.07,true,1,
7290106577039,false,גלידה לה קרמריה שוקו וניל פליק 1.4 ל' נסטלה,תות תעשיות מזון (201,IL,לא קרמריה,ליטרים,1.40,ליטר,false,0,16.90,12.07,true,1,
7290106663503,false,קונפיטורה לייט תות יד מרדכי 230 גרם,אף.סי תבליני בגליל ב,IL,קונפיטורה תות,גרמים,230.00,100 גרם,false,0,12.90,5.61,true,1,
7290106664555,false,"רוטב שמנת עם עגבניות 9% שומן 250 מ""ל יוטבתה",שטראוס גרופ,IL,רוטב שמנת,מיליליטרים,250.00,"100 מ""ל",false,1,9.70,3.88,true,1,
7290106667266,false,"דוריטוס חמוץ חריף 185 גרם ""עלית""","שטראוס פריטו ליי בע""\מ )",IL,דוריטוס,גרמים,185.00,100 גרם,false,1,6.90,3.73,true,1,
7290106668577,false,"מיץ לימון טיבעי 250 מ""ל יד מרדכי",האי נאם סי או אל.טי.,IT,מיץ לימון,גרמים,250.00,100 גרם,false,1,7.90,3.16,true,1,
7290106668713,false,יוגורט עם פירות יער 3% שומן 150 ג' דנונה,מיוצר עי קונדיטוריית,IL,דנונה פירות יער,גרמים,150.00,100 גרם,false,1,3.50,2.33,true,1,
7290106721913,false,מסטיק מאסט MUST ללא סוכר בטעם מנטה מרעננת,"שטראוס גרופ בע""מ",IL,מסטיק מרעננת,גרמים,66.00,100 גרם,false,1,8.90,13.48,true,1,
7290106721920,false,צנצנת מסטיק מאסט בטעם ספירמינט עדין 66 ג' עלית,"שטראוס גרופ בע""\מ.",IL,מסטיק ספירמינט,גרמים,66.00,100 גרם,false,1,8.90,13.48,true,1,
7290106726178,false,יוגורט PRO עם פירות יער 2.4% 10 גרם חלבון בגביע,מיוצר עי קונדיטוריית,IL,דנונה WOW פ.יער,גרמים,150.00,100 גרם,false,1,4.50,3.00,true,1,
7290106770577,false,גרוסליין- בלגה ממרח חלבה 350 גרם.,"אלמונדס בע""מ",IL,ממרח חלבה,גרמים,350.00,100 גרם,false,1,11.90,3.40,true,1,
7290106772472,false,גרוסליין- בלגה ממרח שוקולד 350 גרם,"אלמנדוס בע""מ",IL,ממרח אגוזי לוז,גרמים,350.00,100 גרם,false,1,11.90,3.40,true,1,
7290106774445,false,חמאת בוטנים טבעית 700 גר,,AR,חמאת בוטנים,גרמים,700.00,100 גרם,false,1,17.90,2.56,true,1,
7290107280020,false,שלישיית מטליות לחות לניקוי כללי סנו סושי 50 יחידות,טרופיקל דגיל- תעשיות,IL,מטליות לחות מארז,יחידה,1.00,יחידה,false,0,14.90,14.90,true,1,
7290107280099,false,שלישיית מגובנים נשטפים באסלה סופט סוד 48 יחידות,טרופיקל דגיל- תעשיות,IL,מגבוני נייר לחים,יחידה,1.00,יחידה,false,0,14.90,14.90,true,1,
7290107280389,false,"סנו - ג'ט מרסס לניקוי בחדר האמבטיה 750 מ""ל","איי, בי, אינבוו",IL,מתז ג'ט לאמבט,מיליליטרים,750.00,"100 מ""ל",false,0,9.90,1.32,true,1,
7290107280396,false,"סנו - ג'ט מרסס לניקוי יסודי במטבח 750 מ""ל","סנו מפעלי ברונוס בע""",IL,מתז ג'ט למטבח,מיליליטרים,750.00,"100 מ""ל",false,0,9.90,1.32,true,1,
7290107280402,false,סנו ג'יט ניקוי כללי ורצפות 2 ל',סנו ג'ט Jet,IL,ג'ט לניקוי כללי,ליטרים,2.00,ליטר,false,0,9.90,4.95,true,1,
7290107280563,false,ג'ל אוקסיג'ן בייבי סנו 3 ליטר,"איי, בי, אינבוו",IL,אוקסיג'ן בייבי,ליטרים,3.00,ליטר,false,0,24.90,8.30,true,1,
7290107280570,false,סנו - מקסימה ג'ל כביסה מרוכז לכביסה צבעונית 3 ליטר,מיוצר עי קונדיטוריית,IL,ג'ל כביסה,ליטרים,3.00,ליטר,false,0,24.90,8.30,true,1,
7290107280600,false,טבליות למדיח סנו ספארק 100 טבליות במארז,גרופה אינקו,PL,ספארק טב' למדיח,יחידה,1.00,יחידה,false,1,49.90,49.90,true,1,
7290107280655,false,"אבקת כביסה בייבי סנו מקסימה 3.25 ק""ג",סנו מקסימה,IL,מקסימה בייבי,קילוגרמים,3.25,"ק""ג",false,0,29.90,9.20,true,1,
7290107280716,false,מלח למדיח להגנה מפני אבנית סנו ספארק Spark,סנו ספארק,IL,ספארק מלח למדיח,קילוגרמים,2.00,"ק""ג",false,1,9.90,4.95,true,1,
7290107280761,false,נוזל לניקוי כלים בניחוח לימון רענן סנו ספארק Spark,מיוצר עי קונדיטוריית,IL,נוזל כלים לימון,ליטרים,1.00,ליטר,false,0,9.90,9.90,true,1,
7290107280822,false,סנו ריצפז פרש הום 2 ליטר בניחוח ספא,"סנו מפעלי ברונוס בע""\מ",IL,ריצפז פרש הום,ליטרים,2.00,ליטר,false,0,17.90,8.95,true,1,
7290107645591,false,אבקת מרק בטעם עוף 100% רכיבים טבעיים 400 גרם,יוניליוור ישראל מזון בע\,IL,מרק טעם עוף,גרמים,400.00,100 גרם,false,1,14.90,3.73,true,1,
7290107646062,false,אבקת מרק בצל רכיבים טבעיים קנור 400 ג',יוניליוור ישראל מזון בע\,IL,מרק בצל,גרמים,400.00,100 גרם,false,1,18.90,4.73,true,1,
7290107647731,false,קוקומן חום לבן בטעם שוקולד ווניל,יוניליוור ישראל מזון בעמ,IL,קוקומן חום לבן,גרמים,375.00,100 גרם,false,1,16.90,4.51,true,1,
7290107648943,false,"ברנפלקס קרנצ'ים מייפל תלמה 375 גרם בד""צ","יוניליוור שפע ישראל בע""\",IL,ברנפלקס קרנצ'ים,גרמים,375.00,100 גרם,false,1,19.90,5.31,true,1,
7290107879569,false,קרחון לה פרוטה שרבט מנגו מאגדת 5יח',גלידות נסטלה )נגה גלידות,IL,מאגדת לה פרוטה,גרמים,350.00,100 גרם,false,1,19.90,5.69,true,1,
7290107936309,false,דנונה יוגורט 7% יווני לבן 130 ג',"שטראוס בריאות בע""מ",IL,יוגורט יווני,גרמים,130.00,100 גרם,false,1,2.90,2.23,true,1,
7290107937542,false,משקה יוגורט אקטיביה עם תות 1.2% שומן,מיוצר עי קונדיטוריית,IL,משקה אקטביה תות,גרמים,265.00,100 גרם,false,1,4.80,1.81,true,1,
7290107937627,false,מסטיק מאסט Must קוביות ללא סוכר בטעם מנטה עדינה,אסקום קונפקשיין,DE,קוביות מסטיק,גרמים,58.00,100 גרם,false,1,8.90,15.34,true,1,
7290107937634,false,צנצנית מסטיק מאסט קוביות פפירמינט 58 ג' עלית,אסקום קונפקשיין,DE,קוביות מסטיק,גרמים,58.00,100 גרם,false,1,8.90,15.34,true,1,
7290107937641,false,צנצנת מסטיק בזוקה קוביות ללא סוכר,אסקום קונפקשיין,DE,קוביות מסטיק,גרמים,58.00,100 גרם,false,1,8.90,15.34,true,1,
7290107937856,false,קפסולות 11חזק למכונות נספרסו עלית 10יח',הנסיך- מפעל לייצור ט,IL,קפסולות עלית,גרמים,50.00,100 גרם,false,1,14.90,29.80,true,1,
7290107938396,false,שמיניית אקטימל תות דיסני בנים 108 גרם,מיוצר עי קונדיטוריית,IL,אקטימל תות 8יח',מיליליטרים,800.00,"100 מ""ל",false,1,19.90,2.49,true,1,
7290107945165,false,קונפיטורת משמש יד מרדכי 340 גרם,אף.סי תבליני בגליל ב,IL,קונפיטורת משמש,גרמים,340.00,100 גרם,false,1,12.90,3.79,true,1,
7290107950190,false,מעדן חלב דל קלוריות בטעם שוקולד מריר 0.5% שומן,מיוצר עי קונדיטוריית,IL,מעדן דיאט שוקולד,גרמים,130.00,100 גרם,false,1,2.90,2.23,true,1,
7290107950206,false,מעדן דיאט שוקולד שטראוס 130 גרם,מיוצר עי קונדיטוריית,IL,מעדן דיאט שוקולד,גרמים,130.00,100 גרם,false,1,2.90,2.23,true,1,
7290107951104,false,בפלות ופלים ארוכים בטעם שוקולד,"שטראוס גרופ בע""\מ",IL,בפלות טעם שוקולד,גרמים,200.00,100 גרם,false,1,3.90,1.95,true,1,
7290107951111,false,בפלות ופלים ארוכים בטעם לימון,"א.ג. גילרו בע""\מ",IL,בפלות בטעם לימון,גרמים,200.00,100 גרם,false,1,3.90,1.95,true,1,
7290107951715,false,צנצנת מסטיק מאסט קוביות בטעם ענבים 58 ג' עלית,אסקום קונפקשיין,IL,מסטיק קוביות,גרמים,58.00,100 גרם,false,1,8.90,15.34,true,1,
7290107953559,false,"מארז קפה טורקי עלית לדרך כשל""פ 168 גרם",הנסיך- מפעל לייצור ט,IL,קפה טורקי לדרך,גרמים,168.00,100 גרם,false,1,16.90,10.06,true,1,
7290107954709,false,"קונפיטורת פירות יער ""יד מרדכי"" 340 גר'","ב.א. מזון בע""\מ",IL,קונפיטורה פירות,גרמים,340.00,100 גרם,false,1,12.90,3.79,true,1,
7290107956710,false,מארז מיני מילקי 70 גרם 16 יחידות,"שטראוס גרופ בע""\מ",IL,מיני מילקי 16 יח,קילוגרמים,1.12,"ק""ג",false,1,19.90,17.77,true,1,
7290107956925,false,קפסולות 13 אוגנדה למכונת נספרסו עלית 10יח',שטראוס קפה בי.וי.,IL,קפסולות קפה,גרמים,50.00,100 גרם,false,1,14.90,29.80,true,1,
7290107956932,false,קפסולות אספרסו אידונזיה למכונות 50 גר,שטראוס קפה בי.וי.,IL,קפסולות אינדונזי,גרמים,50.00,100 גרם,false,1,14.90,29.80,true,1,
7290107956963,false,"דנונה וניל 3% תות מארז 12X100מ""ל",שטראוס מחלבות,IL,מארז דנונה תות,קילוגרמים,1.20,"ק""ג",false,1,17.90,14.92,true,1,
7290107973311,false,קולגייט מברשת שיניים 360 פחם זהב זוג,הנסיך- מפעל לייצור ט,CH,מברשות קולגייט,יחידה,1.00,יחידה,false,1,22.90,22.90,true,1,
7290107974301,false,ליידי ספיד סטיק - דאודורנט ג'ל לאישה אלוורה 45 גרם,ליידי ספיד סטיק Lady Speed Stick,US,ליידי ספיד סטיק,גרמים,45.00,100 גרם,false,1,17.90,39.78,true,1,
7290107974820,false,ממרח בטעם ספייסי מיונז מאסטר שף 250 גרם,רמיה סי.וי.הולנד,NL,ממרח מתובל ספייס,גרמים,250.00,100 גרם,false,1,6.90,2.76,true,1,
7290107974837,false,מנה מאסטר שף ממרח מתובל שום 246 גר,רמיה סי.וי.הולנד,NL,ממרח מתובל שום,גרמים,250.00,100 גרם,false,1,6.90,2.76,true,1,
7290107975346,false,ספיד סטיק - דאודורנט ג'ל לגבר כוח הטבע 85 גרם,קולגייט-פלמוליב,US,ספיד סטיק,גרמים,65.00,100 גרם,false,1,17.90,27.54,true,1,
7290107975360,false,ליידי ספיד סטיק פיור פרשנס ג'ל נשים 65ג',ליידי ספיד סטיק Lady Speed Stick,US,ליידי ספיד סטיק,גרמים,45.00,100 גרם,false,1,17.90,39.78,true,1,
7290107978019,false,מ.שיניים קולגייט 75*4 גר,,PL,מ.שיניים קולגייט,גרמים,300.00,100 גרם,false,1,29.90,9.97,true,1,
7290108194029,false,נרות הידורית לשמן פרפין,,IL,זוג נרות,יחידה,1.00,יחידה,false,1,29.90,29.90,true,1,
7290108194616,false,צימרוני אוזניים עץ100יח,,CN,צימרוני אוזניים,יחידה,1.00,יחידה,false,1,1.20,1.20,true,1,
7290108194623,false,מקלונים מעץ 300 יח,,CN,מקלונים מעץ,יחידה,1.00,יחידה,false,1,2.90,2.90,true,1,
7290108194647,false,צימרוני אוזניים פלסטיק,,CN,צימרוני אוזניים,יחידה,1.00,יחידה,false,1,3.90,3.90,true,1,
7290108194654,false,מקלות אוזניים פלסטיק 300,,CN,מקלות אוזניים,יחידה,1.00,יחידה,false,1,5.50,5.50,true,1,
7290108194661,false,מקלוני אוזניים לתינוק 55,,CN,מקלוני אוזניים,יחידה,1.00,יחידה,false,1,5.50,5.50,true,1,
7290108197884,false,מנג'טים צבעוניים מספר 2,"השלושה טריימארט בע""מ",CN,מנג'טים צבעוניים,יחידה,1.00,יחידה,false,1,4.50,4.50,true,1,
7290108350531,false,סנו ספארק נוזל כלים בניחוח קלאסי עם משאבה 1 ל',מיוצר עי קונדיטוריית,IL,ספארק לכלים,ליטרים,1.00,ליטר,false,1,9.90,9.90,true,1,
7290108350555,false,נוזל כלים סנו ספארק Spark היפואלרגני פריחת השקד,סנו ספארק,IL,ספארק לכלים,ליטרים,1.00,ליטר,false,1,9.90,9.90,true,1,
7290108350616,false,סנו - מקסימה מרכך כביסה מרוכז פריחה כחולה 1 ליטר,"סנו מפעלי ברונוס בע""\מ",IL,מרכך מקסימה,ליטרים,1.00,ליטר,false,1,14.90,14.90,true,1,
7290108350623,false,מרכך כביסה סופר מרוכז סופט סילק מקסימה 1 ל' סנו,"סנו מפעלי ברונוס בע""\מ",IL,מרכך מקסימה,ליטרים,1.00,ליטר,false,1,14.90,14.90,true,1,
7290108350739,false,משחת שיניים לילדים בטעם סוכריות ג'לי גילאי 2-6,טרופיקל דגיל תעשיות קוסמ,IL,משחה אורביטול,גרמים,70.00,100 גרם,false,1,6.90,9.86,true,1,
7290108351118,false,K4000 קוטל זבובים/יתושים,סנו מפעלי ברונוס בעמ,IL,קוטל זבוב/יתוש,מיליליטרים,750.00,"100 מ""ל",false,1,28.90,3.85,true,1,
7290108351149,false,ג'ל ניקוי כללי בתוספת אבקת סודה ריח כביסה סנו ג'ט 1.5 ליטר,"סנו מפעלי ברונוס בע""\מ",IL,סנו ג'ט פלוס,מיליליטרים,1500.00,"100 מ""ל",false,1,9.90,0.66,true,1,
7290108351507,false,מרכך כביסה אינספרישיין סנו מקסימה 4 ליטר,סנו מקסימה,IL,מרכך מקסימה,ליטרים,4.00,ליטר,false,1,19.80,4.95,true,1,
7290108351514,false,מרכך כביסה בלו בלוסום סנו מקסימה 4 ליטר,סנו מקסימה,IL,מרכך מקסימה,ליטרים,4.00,ליטר,false,1,19.80,4.95,true,1,
7290108351552,false,"סנו - ג'ט לניקוי כללי בתוספת חומץ בניחוח לבנדר 750 מ""ל","סנו מפעלי ברונוס בע""\מ",IL,סנו ג'ט עם חומץ,מיליליטרים,750.00,"100 מ""ל",false,1,9.90,1.32,true,1,
7290108351569,false,מבשם ומרכך למייבש כביסה Baby לתינוקות ולעור רגיש,"סנו מפעלי ברונוס בע""\מ",IL,מקסימה למייבש,מיליליטרים,750.00,"100 מ""ל",false,1,14.90,1.99,true,1,
7290108351583,false,"סנו - ג'ט פלוס חומץ ג'ל לניקוי אסלות לבנדר 750 מ""ל",טרופיקל דגיל תעשיות,IL,סנו ג'ט לאסלות,מיליליטרים,750.00,"100 מ""ל",false,1,9.90,1.32,true,1,
7290108351590,false,"סנופרש הום בלו בלוסון בניחוח מרכך כביסה 350 מ""ל",סנו פרש Fresh,IL,סנופרש בלוסם,מיליליטרים,350.00,"100 מ""ל",false,1,9.90,2.83,true,1,
7290108351606,false,מטהר אוויר בלו בלוסום סנו פרש הום 350 מל,סנו מפעלי ברונוס בעמ,IL,סנופרש הום,מיליליטרים,350.00,"100 מ""ל",false,1,9.90,2.83,true,1,
7290108351613,false,סנו ריצפז פרש הום 2 ליטר בניחוח מלון חלומי,"סנו מפעלי ברונוס בע""\מ",IL,ריצפז פרש הום,ליטרים,2.00,ליטר,false,1,17.90,8.95,true,1,
7290108351637,false,"אבקת כביסה מקסימה סמארט 5 ק""ג סנו",סנו מקסימה,IL,אבקת כביסה,קילוגרמים,5.00,"ק""ג",false,1,44.90,8.98,true,1,
7290108351675,false,גל כביסה סנו מקסימה מיקס אנד ווש 5 ל,סנו מפעלי ברונוס בעמ,IL,מקסימה ג'ל,ליטרים,5.00,ליטר,false,1,34.90,6.98,true,1,
7290108351682,false,גל כביסה סנו מקסימה ביו קולד ווטר 5 ל,"סנו מפעלי ברונוס בע""\מ",IL,מקסימה ג'ל,ליטרים,5.00,ליטר,false,1,34.90,6.98,true,1,
7290108351699,false,סנו - ג'ט מטליות לחות לניקוי כללי בתוספת חומץ לבנדר שלישיה,סנו מפעלי ברונוס על,IL,סנו ג'ט מטליות3*,יחידה,1.00,יחידה,false,1,17.90,17.90,true,1,
7290108351804,false,מרכך כביסה סופר מרוכז Gentl Breeze סנו מקסימה 1 ליטר,מיוצר עי קונדיטוריית,IL,מרכך מקסימה,ליטרים,1.00,ליטר,false,1,14.90,14.90,true,1,
7290108351811,false,מרכך כביסה סופר מרוכז Floral touch סנו מקסימה 1 ליטר,מיוצר עי קונדיטוריית,IL,מרכך מקסימה,ליטרים,1.00,ליטר,false,1,14.90,14.90,true,1,
7290108351835,false,מרכך כביסה Pure Sensation סנו מקסימה 4 ליטר,מיוצר עי קונדיטוריית,IL,מרכך מקסימה,ליטרים,4.00,ליטר,false,1,19.80,4.95,true,1,
7290108351934,false,סנובון סבון אסלה מוצק RINGS בניחוח לימון שלישיה,החברה הדרומית,PL,סבון אסלה 3 יח,גרמים,120.00,100 גרם,false,1,12.90,10.75,true,1,
7290108351941,false,סנובון סבון אסלה מוצק RINGS בניחוח יערות שלישיה,SWARZEDZ DRAMERSSA,PL,סבון אסלה 3 יח,גרמים,120.00,100 גרם,false,1,12.90,10.75,true,1,
7290108351965,false,סנו ג'ט סבון אסלה בחומץ שלישיה,סנו מפעלי ברונוס בעמ,IL,ג'ט סבון אסלה3יח,גרמים,165.00,100 גרם,false,1,9.90,6.00,true,1,
7290108351989,false,סנופרש הום מבשם לבית בניחוח מלון מפנק,מיוצר עי קונדיטוריית,IL,מבשם אוויר לבית,מיליליטרים,200.00,"100 מ""ל",false,1,9.90,4.95,true,1,
7290108352061,false,משחת שיניים Go White אורביט 145 גרם עם פחם,טרופיקל דגיל תעשיות קוסמ,IL,משחת אורביטול,גרמים,145.00,100 גרם,false,1,12.90,8.90,true,1,
7290108352108,false,משחת שיניים אורביטול רעננות חריפה 145 גר,טרופיקל דגיל תעשיות קוסמ,IL,משחת אורביטול,גרמים,145.00,100 גרם,false,1,12.90,8.90,true,1,
7290108352153,false,"סנובון נוזלי בניחוח לוטוס וסחלב סנו 750 מ""ל",מיוצר עי קונדיטוריית,IL,סנובון נוזלי,מיליליטרים,750.00,"100 מ""ל",false,1,9.90,1.32,true,1,
7290108352207,false,מקסימה 40 קפסולות לכביסה בניחוח fresh burst,"גליל כימיקלים, א.ת. צפונ",IL,מקסימה קפסולות,יחידה,1.00,יחידה,false,1,39.90,39.90,true,1,
7290108352214,false,סנו - מקסימה קפסולות כביסה בניחוח בריזה מרעננת 40 יח',טרופיקל דגיל תעשיות,IL,קפסולות לכביסה,יחידה,1.00,יחידה,false,1,39.90,39.90,true,1,
7290108352221,false,סנופרש הום מבשם נוזלי בניחוח מלון מפנק,סנו מפעלי ברונוס בעמ,IL,סנו פרש הום,מיליליטרים,350.00,"100 מ""ל",false,1,9.90,2.83,true,1,
7290108352252,false,נוזל לניקוי כלים מתאים לניקוי ירקות ופירות סנו ספארק,"סנו מפעלי ברונוס בע""\מ",IL,ספארק נוזל כלים,ליטרים,1.00,ליטר,false,1,9.90,9.90,true,1,
7290108352269,false,סנו מטליות לחיטוי ולניקוי בדלי 400 יחידו,החברה הדרומית,IL,מטליות לחיטוי,יחידה,1.00,יחידה,false,1,27.90,27.90,true,1,
7290108352320,false,"מבשם אויר סנו פרש הום בניחוח כותנה מלטפת 350 מ""ל",מיוצר עי קונדיטוריית,IL,סנופרש הום,מיליליטרים,350.00,"100 מ""ל",false,1,9.90,2.83,true,1,
7290108352337,false,"סנו - פרש מילוי למטהר אוויר מלון מפנק 250 מ""ל",מיוצר עי קונדיטוריית,IL,סנו פרש מילוי,מיליליטרים,250.00,"100 מ""ל",false,1,11.90,4.76,true,1,
7290108352344,false,"פרש מבשם אויר אוטומטי בניחוח לבנדר סנו 250 מ""ל",מיוצר עי קונדיטוריית,IL,סנו פרש מילוי,מיליליטרים,250.00,"100 מ""ל",false,1,11.90,4.76,true,1,
7290108352399,false,ריצפז פרש הום בניחוח מרכך כביסה פלורל טאצ',"סנו מפעלי ברונוס בע""\מ",IL,ריצפז פרש הום,ליטרים,2.00,ליטר,false,1,17.90,8.95,true,1,
7290108352450,false,ריצפז פרש הום בניחוח מרכך כביסה בלו בלוסום,סנו מפעלי ברונוס בעמ,IL,ריצפז פרש הום,ליטרים,2.00,ליטר,false,1,17.90,8.95,true,1,
7290108352511,false,"מקסימה לניקוי וחיטוי מכונת כביסה שקית 500 מ""ל","סנו מפעלי ברונוס בע""\מ",IL,מנקה מכונת כביסה,מיליליטרים,500.00,"100 מ""ל",false,1,11.90,2.38,true,1,
7290108352535,false,סנו - מקסימה דפי בישום לחים למייבש הכביסה בניחוח מרכך כביסה,טרופיגל דגיל תעשיות קוסמ,IL,דפי בישום למייבש,יחידה,1.00,יחידה,false,1,11.90,11.90,true,1,
7290108352566,false,מרכך כביסה בבישום עוצמתי 4 ל' סנו מקסינה,"סנו מפעלי ברונוס בע""\מ",IL,מקסימה מרכך JOY,ליטרים,4.00,ליטר,false,1,19.80,4.95,true,1,
7290108352634,false,סנו סופט - נייר טואלט חתוך במארז עשירייה,סנו,IL,נ.ט חתוך לשבת,יחידה,1.00,יחידה,false,1,14.90,14.90,true,1,
7290108352641,false,סנו סושי מטלית הפלא לניקוי כללי במארז שלישייה,סנו מפעלי ברונוס.,CN,מטליות הפלא 3 יח,יחידה,1.00,יחידה,false,1,14.90,14.90,true,1,
7290108352672,false,צמד מטליות הפלא לרצפה מיקרפייבר סנו סושי,סנו מפעלי ברונוס.,CN,מטליות לרצפה 2יח,יחידה,1.00,יחידה,false,1,18.90,18.90,true,1,
7290108352788,false,סנו סושי שקיות זיפר לאוכל L 20 יחידות,פיין ונטג,CN,שקיות מזון זיפר,יחידה,1.00,יחידה,false,1,9.90,9.90,true,1,
7290108352825,false,ספוג הפלא נירוסטה סנו סושי 3יח',ltdn s.k.a.tסנו מפעלי בר,CN,ספוג הפלא נירוסט,יחידה,1.00,יחידה,false,1,9.90,9.90,true,1,
7290108352863,false,סנו סושי שקיות צלייה 20יח' מידה L,סנו מפעלי ברונוס בעמ . ח,TR,שקיות צלייה,יחידה,1.00,יחידה,false,1,8.90,8.90,true,1,
7290108353068,false,ספוג הפלא נירוסטה עם סיבי קירצוף סנו סושי 2 יח',מיוצר עי קונדיטוריית,CN,כריות קרצוף 2 יח,יחידה,1.00,יחידה,false,1,9.90,9.90,true,1,
7290108353075,false,מפיות אירוח גדולות ועבות סנו סושי 50 יחידות,האנק טישו,PL,מפיות אירוח איכו,יחידה,1.00,יחידה,false,1,9.90,9.90,true,1,
7290108353099,false,ממחטות אף במארז ניילון סנו סופט 5 יח' * 100 דף,טרופיקל דגיל תעשיות,CN,ממחטות סופט מארז,יחידה,1.00,יחידה,false,1,11.50,11.50,true,1,
7290108353334,false,"שמפו למניעת קשקשים עם שמן עץ התה ואסאי 700 מ""ל כיף",קוסמופארם בעמ,IL,כיף שמפו,מיליליטרים,700.00,"100 מ""ל",false,1,9.90,1.41,true,1,
7290108353402,false,צמד מברשות שיניים עם סיבי פחם דקים במיוחד,יבואן ומשווק: ש. שסט,CN,מברשות שיניים,יחידה,1.00,יחידה,false,1,16.90,16.90,true,1,
7290108353419,false,צמד מברשות שיניים עם סיבי הלבנה ספירליים,החברה הדרומית,CN,מברשות שיניים,יחידה,1.00,יחידה,false,1,16.90,16.90,true,1,
7290108353433,false,שטיפת פה לרעננות מתמשכת מנטה עדין Protect & Fresh,"קוסמופארם בע""\מ",IL,שטיפת פה פרוטקט,מיליליטרים,500.00,"100 מ""ל",false,1,19.90,3.98,true,1,
7290108353440,false,אורביטול מברשות שיניים נאנו לחניכיים 2יח,החברה הדרומית,CN,מברשות שיניים2יח,יחידה,1.00,יחידה,false,1,27.90,27.90,true,1,
7290108353488,false,סנו - סנובון מעוצב בניחוח סחלב פראי,מיוצר עי קונדיטוריית,IL,סבון אסלה דיזיין,גרמים,55.00,100 גרם,false,1,6.90,12.55,true,1,
7290108353501,false,"שקיות אשפה ענקיות עם ידיות ענקיות 75*90 ס""מ סנו סושי 25 יחידות",טרופיקל דגיל תעשיות,TR,שקיות אשפה XXL,יחידה,1.00,יחידה,false,1,18.90,18.90,true,1,
7290108353549,false,נייר אפייה סנו סושי 100 יח,"טופ פלסט 2002 בע""\מ",IL,סנו סושי נייר,יחידה,1.00,יחידה,false,1,19.90,19.90,true,1,
7290108353648,false,סנו סושי - שקיות אוכל מנייר 70 יחידות,איי טיי אריזות טורקיה,TR,שקיות אוכל מנייר,יחידה,1.00,יחידה,false,1,8.90,8.90,true,1,
7290108353785,false,תחליב רחצה נקה 7 מרוקו בניחוח טונקה 750,"אמיליה קוסמטיקס בע""מ",IL,תחליב רחצה,מיליליטרים,750.00,"100 מ""ל",false,1,8.90,1.19,true,1,
7290108353792,false,"נקה 7 - תחליב רחצה יפן בניחוח פריחת הדובדבן 750 מ""ל","אמיליה קוסמטיקס בע""מ",IL,תחליב רחצה בניחו,מיליליטרים,750.00,"100 מ""ל",false,1,8.90,1.19,true,1,
7290108353808,false,"תחליב רחצה מדגסקר נקה 7 בניחוח אמבר 750 מ""ל","אמיליה קוסמטיקס בע""מ",IL,תחליב רחצה בניחו,מיליליטרים,750.00,"100 מ""ל",false,1,8.90,1.19,true,1,
7290108354270,false,מרכך כביסה מרוכז בבישום עוצמתי 1 ל' סנו מקסימה,מיוצר עי קונדיטוריית,IL,מרכך מקסימה,ליטרים,1.00,ליטר,false,1,14.90,14.90,true,1,
7290108354430,false,"שמפו כיף לשיקום והזנה שמן קוקוס וקרטין 700 מ""ל",קוסמופארם בעמ,IL,שמפו כיף,מיליליטרים,700.00,"100 מ""ל",false,1,9.90,1.41,false,1,
7290108354447,false,"מרכך כיף לשיקום והזנה שמן קוקוס וקרטין 700 מ""ל",גוד פוד פרודקטס S.p,IL,מרכך שיער כיף,מיליליטרים,700.00,"100 מ""ל",false,1,9.90,1.41,false,1,
7290108354492,false,"קרליין שמפו 10 לשיער שמן ארגן 700 מ""ל","קוסמופארם בע""\מ",IL,שמפו 10 ארגן,מיליליטרים,700.00,"100 מ""ל",false,1,11.90,1.70,true,1,
7290108354591,false,"תחליב רחצה בניחוח מי קקטוס ושמן באבאסו 750 מ""ל נקה 7","אמיליה קוסמטיקס בע""מ",IL,תחליב רחצה נקה 7,מיליליטרים,750.00,"100 מ""ל",false,1,8.90,1.19,true,1,
7290108354614,false,"מרכך בניחוח מי קקטוס ושמן באבאסו 750 מ""ל נקה 7","אמיליה קוסמטיקס בע""מ",IL,מרכך נקה 7 קקטוס,מיליליטרים,750.00,"100 מ""ל",false,1,8.90,1.19,true,1,
7290108354751,false,"סנו - ג'ט מרסס לניקוי כללי בתוספת אבקת סודה 750 מ""ל","סנו מפעלי ברונוס בע""\מ",IL,סנו ג'ט עם סודה,מיליליטרים,750.00,"100 מ""ל",false,1,9.90,1.32,true,1,
7290108355031,false,"נקה 7 אל סבון לילדים מיניונים 750 מ""ל",קוסמופארם בע'\'\מ,IL,אל סבון נקה7,מיליליטרים,750.00,"100 מ""ל",false,1,9.90,1.32,true,1,
7290108355147,false,"תחליב רחצה שמני הזנה נקה 7 750 מ""ל",טרופיקל דגיל תעשיות קוסמ,IL,תחליב רחצה נקה 7,מיליליטרים,750.00,"100 מ""ל",false,1,8.90,1.19,true,1,
7290108355154,false,"שמפו שמני הזנה נקה 7 750 מ""ל","אמיליה קוסמטיקס בע""מ",IL,שמפו נקה 7,מיליליטרים,750.00,"100 מ""ל",false,1,8.90,1.19,true,1,
7290108355260,false,"נקה 7-שמפו 3ב1 שמפו ג'ל רחצה וסבון פנים לגבר 750 מ""ל","אמיליה קוסמטיקס בע""מ",IL,נקה7 שמפו/לרחצה,מיליליטרים,750.00,"100 מ""ל",false,1,8.90,1.19,true,1,
7290108356021,false,כיף תחליב רחצה בניחוח גלידת קרם עוגיות,גוד פוד פרודקטס S.p,IL,כיף תחליב רחצה,מיליליטרים,700.00,"100 מ""ל",false,1,9.90,1.41,true,1,
7290108356106,false,כיף תחליב רחצה חלב שקדים 700 מל,החברה הדרומית,IL,כיף תחליב רחצה,מיליליטרים,700.00,"100 מ""ל",false,1,9.90,1.41,true,1,
7290108356113,false,"כיף תחליב רחצה דבש 700 מ""ל-מרכז",קוסמופארם בעמ,IL,כיף תחליב רחצה,מיליליטרים,700.00,"100 מ""ל",false,1,9.90,1.41,true,1,
7290108356120,false,"תחליב רחצה כיף קוקוס וניל 700 מ""ל",קוסמופארם,IL,כיף תחליב רחצה,מיליליטרים,700.00,"100 מ""ל",false,1,9.90,1.41,true,1,
7290108356137,false,"כיף - תחליב רחצה לבנדר 700 מ""ל",קוסמופארם,IL,כיף תחליב רחצה,מיליליטרים,700.00,"100 מ""ל",false,1,9.90,1.41,true,1,
7290108356168,false,"כיף - תחליב רחצה אוקיינוס 700 מ""ל",גוד פוד פרודקטס S.p,IL,כיף תחליב רחצה,מיליליטרים,700.00,"100 מ""ל",false,1,9.90,1.41,true,1,
7290108356175,false,כיף אל סבון אבטיח ומנטה 1 ליטר משאבה,טרופיקל דגיל תעשיות,IL,אל סבון כיף,ליטרים,1.00,ליטר,false,1,9.90,9.90,true,1,
7290108356182,false,כיף אל סבון תאנה ותה ירוק 1 ליטר משאבה,קוסמופארם בע'\'\מ,IL,אל סבון כיף,ליטרים,1.00,ליטר,false,1,9.90,9.90,true,1,
7290108356199,false,אל סבון כיף בניחוח אפרסק ופלפל שחור 1 ל,טרופיקל דגיל תעשיות,IL,אל סבון כיף,ליטרים,1.00,ליטר,false,1,9.90,9.90,true,1,
7290108356489,false,"כיף - תחליב רחצה אפרסק וחמאת מורומורו 700 מ""ל",קוסמופארם בעמ,IL,תחליב רחצה אפרסק,מיליליטרים,700.00,"100 מ""ל",false,1,9.90,1.41,true,1,
7290108356526,false,"קרליין - שמפו 10 לשיער יבש 700 מ""ל","קוסמופארם בע""\מ",IL,שמפו 10 קרליין,מיליליטרים,700.00,"100 מ""ל",false,1,11.90,1.70,true,1,
7290108356533,false,קרוליין 10 שמפו לשיער מתולתל 700 מל,"קוסמופארם בע""\מ",IL,שמפו 10 קרליין,מיליליטרים,700.00,"100 מ""ל",false,1,11.90,1.70,true,1,
7290108356557,false,"שמפו 10 לשיער למניעת קשקשים 700 מ""ל קרליין","קוסמופארם בע""\מ",IL,שמפו 10 קרליין,מיליליטרים,700.00,"100 מ""ל",false,1,11.90,1.70,true,1,
7290108356564,false,"קרליין - מרכך 10 לשיער רגיל 700 מ""ל","קוסמופארם בע""\מn\",IL,מרכך 10 קרליין,מיליליטרים,700.00,"100 מ""ל",false,1,11.90,1.70,true,1,
7290108356571,false,"קרליין - מרכך 10 לשיער יבש 700 מ""ל","קוסמופארם בע""\מ",IL,מרכך 10 קרליין,מיליליטרים,700.00,"100 מ""ל",false,1,11.90,1.70,true,1,
7290108356588,false,קרוליין 10 מרכך לשיער מתולתל 700 מל,"קוסמופארם בע""\מ",IL,מרכך 10 קרליין,מיליליטרים,700.00,"100 מ""ל",false,1,11.90,1.70,true,1,
7290108356854,false,מגבוני בייבי כיף בניוח עדין מארז חמישייה,קוסמופארם בעמ,IL,מגבוני בייבי כיף,יחידה,1.00,יחידה,false,1,19.90,19.90,true,1,
7290108356861,false,מגבוני בייבי כיף ללא בישום מארז חמישייה,קוסמופארם בעמ,IL,מגבוני בייבי כיף,יחידה,1.00,יחידה,false,1,19.90,19.90,true,1,
7290108357004,false,כיף שמפו ורד ושמן קוקוי לרכות וברק,טרופיקל דגיל תעשיות,IL,שמפו כיף,מיליליטרים,700.00,"100 מ""ל",false,1,9.90,1.41,true,1,
7290108357011,false,כיף קונדישינר לשיער שמן קוקוי 700 מל,טרופיקל דגיל תעשיות,IL,מרכך שיער כיף,מיליליטרים,700.00,"100 מ""ל",false,1,9.90,1.41,true,1,
7290108357028,false,"תחליב רחצה כיף ורד ושמן קוקוי 700 מ""ל",קוסמופארם בעמ,IL,כיף תחליב רחצה,מיליליטרים,700.00,"100 מ""ל",false,1,9.90,1.41,true,1,
7290108357042,false,"קרליין - נושם ביו דאודורנט רול און 75 מ""ל Citrus Blossoms לאישה","קוסמופארם בע""\מ",IL,דאו.רולאון ביו,מיליליטרים,75.00,"100 מ""ל",false,1,11.90,15.87,true,1,
7290108357059,false,"קרליין - נושם ביו דאודורנט רול און 75 מ""ל Secret Garden לאישה","קוסמופארם בע""\מ",IL,דאו.רול און ביו,מיליליטרים,75.00,"100 מ""ל",false,1,11.90,15.87,true,1,
7290108357073,false,"קרליין - נושם ביו דאודורנט ספריי 150 מ""ל Blossoms Citrus לאישה",קוסטר אירוסול,CZ,דאו.ספריי ביו,מיליליטרים,150.00,"100 מ""ל",false,1,11.90,7.93,true,1,
7290108357080,false,"קרליין - נושם ביו דאודורנט ספריי 150 מ""ל Secret Garden לאישה",קוסטר אירוסול,CZ,דאו.ספריי ביו,מיליליטרים,150.00,"100 מ""ל",false,1,11.90,7.93,true,1,
7290108357097,false,"קרליין - נושם ביו דאודורנט ספריי 150 מ""ל Velvet Rose לאישה",קוסטר אירוסול,CZ,דאו.ספריי ביו,מיליליטרים,150.00,"100 מ""ל",false,1,11.90,7.93,true,1,
7290108357110,false,"קרליין - נושם ביו דאודורנט רול און 75 מ""ל Valvet Rose לאישה","קוסמופארם בע""\מ",IL,דאו.רולאון ביו,מיליליטרים,75.00,"100 מ""ל",false,1,11.90,15.87,true,1,
7290108357189,false,"מבשם ומרכך למייבש הכביסה מקסימה פלורל 750 מ""ל סנו","סנו מפעלי ברונוס בע""\מ",IL,מקסימה למייבש,מיליליטרים,750.00,"100 מ""ל",false,1,14.90,1.99,true,1,
7290108357202,false,סנוקליר לניקוי בניחוח בלו בלוסום 1 ליטר,"סנו מפעלי ברונוס בע""\מ",IL,סנו קליר,ליטרים,1.00,ליטר,false,1,8.90,8.90,true,1,
7290108357226,false,"אוקסיגן POWER אבקה לכביסה לבנה והסרת כתמים 1.4 ק""ג סנו",החברה הדרומית,IL,אוקסיג'ן פאואר,קילוגרמים,1.40,"ק""ג",false,1,27.90,19.93,true,1,
7290108357233,false,סנוקליר מטליות לחות לניקוי והברקה 50יח,"סנו מפעלי ברונוס בע""\מ",IL,קליר מטליות לחות,יחידה,1.00,יחידה,false,1,10.90,10.90,true,1,
7290108357240,false,"אוקסיג'ן פאוור תוסף להסרת כתמים קשים 1.4 ק""ג",החברה הדרומית,IL,אוקסיג'ן פאואר,קילוגרמים,1.40,"ק""ג",false,1,27.90,19.93,true,1,
7290108357257,false,סנו - פרש מכשיר אוטומטי לבישום אוויר בתוספת מילוי אולטרא פרש,"יצרן מכשיר: זובלה, יצרן",CN,סנו פרש,מיליליטרים,250.00,"100 מ""ל",false,1,39.90,15.96,true,1,
7290108357264,false,"פרש אוטומטי מילוי בניחוח מרכך הכביסה אולטרה 375 מ""ל סנו",סנו מפעלי ברונוס בעמ,IL,סנו פרש מילוי,מיליליטרים,250.00,"100 מ""ל",false,1,11.90,4.76,true,1,
7290108357271,false,סנובון ג'ל לניקוי אסלות עם חמצן פעיל לניקוי עוצמתי,סנו מפעלי ברונוס בעמ,IL,סנובון עם חמצן,מיליליטרים,750.00,"100 מ""ל",false,1,8.90,1.19,true,1,
7290108357288,false,אקונומיקה ז'אוול בניחוח פריחה לבנה 4 ל' סנו,סנו ז'אוול Javel,IL,אקונומיקה ג'אוול,ליטרים,4.00,ליטר,false,1,15.90,3.98,true,1,
7290108357295,false,"מרסס אוקסיג'ן מסיר כתמים סנו לכביסה לבנה 750 מ""ל",החברה הדרומית,IL,אוקסיג'ן מסיר,מיליליטרים,750.00,"100 מ""ל",false,1,14.90,1.99,true,1,
7290108357417,false,"קרמה - קרם גוף קרמה ורד ווניל 500 מ""ל",טרופיקל דגיל תעשיות,IL,קרם גוף ורד ווני,מיליליטרים,500.00,"100 מ""ל",false,1,19.90,3.98,true,1,
7290108357707,false,"כיף שמפו לשיער רגיל- תפוח זרעי צ'יה 700 מ""ל",גוד פוד פרודקטס S.p,IL,כיף שמפו,מיליליטרים,700.00,"100 מ""ל",false,1,9.90,1.41,true,1,
7290108357714,false,"כיף שמפו לשיער יבש -רימונים ושמן ארגן 700 מ""ל",גוד פוד פרודקטס S.p,IL,כיף שמפו,מיליליטרים,700.00,"100 מ""ל",false,1,9.90,1.41,true,1,
7290108357745,false,"כיף שמפו ומרכך 700 מ""ל 2ב-1 תאנה ומנטה",גוד פוד פרודקטס S.p,IL,כיף 2in1 שמפו,מיליליטרים,700.00,"100 מ""ל",false,1,9.90,1.41,true,1,
7290108357769,false,"מרכך לשיער רגיל תפוח וזרעי צ'יה 700 מ""ל כיף",גוד פוד פרודקטס S.p,IL,כיף מרכך שיער,מיליליטרים,700.00,"100 מ""ל",false,1,9.90,1.41,true,1,
7290108357776,false,"כיף מרכך לשיער יבש -רימונים ושמן ארגן 700 מ""ל",גוד פוד פרודקטס S.p,IL,כיף מרכך שיער,מיליליטרים,700.00,"100 מ""ל",false,1,9.90,1.41,true,1,
7290108357837,false,כיף אל סבון 1 ליטר ג'נסינג שקית מילוי + פקק,"קוסמופארם בע""\מ",IL,כיף שקית מילוי,ליטרים,1.00,ליטר,false,1,7.90,7.90,true,1,
7290108357851,false,"כיף - ג'ל רחצה אליקסיר אוילס מועשר בשמן קוקוס 700 מ""ל","קוסמופארם בע""\מ",IL,כיף ג'ל רחצה,מיליליטרים,700.00,"100 מ""ל",false,1,9.90,1.41,true,1,
7290108357868,false,"כיף - ג'ל רחצה אליקסיר אויל מועשר בשמן מקדמיה 700 מ""ל","קוסמופארם בע""\מ",IL,כיף ג'ל רחצה,מיליליטרים,700.00,"100 מ""ל",false,1,9.90,1.41,true,1,
7290108357875,false,"כיף - שמפו לחות מוגברת עם אפרסק וחמאת מורומורו 700 מ""ל",קוסמופארם בעמ,IL,כיף שמפו אפרסק,מיליליטרים,700.00,"100 מ""ל",false,1,9.90,1.41,true,1,
7290108357882,false,"כיף - מרכך לחות מוגברת עם אפרסק וחמאת מורומורו 700 מ""ל",קוסמופארם בעמ,IL,כיף מרכך לשיער,מיליליטרים,700.00,"100 מ""ל",false,1,9.90,1.41,true,1,
7290108358117,false,"פרש הום מקלות ריחניים לבית בניחוח כביסה רעננה 100 מ""ל",החברה הדרומית,IL,מקלות ריחניים,מיליליטרים,100.00,"100 מ""ל",false,1,18.90,18.90,true,1,
7290108358124,false,דפי בישום לחים למייבש הכביסה בניחוח מרכך כביסה 20 יח' מקסימה,טרופיגל דגיל תעשיות קוסמ,IL,דפי בישום למייבש,יחידה,1.00,יחידה,false,1,11.90,11.90,true,1,
7290108359060,false,סנו סושי כריות הפלא רב תכלתיות *4 לשבת,סנו מפעלי ברונו בעמ,IL,כריות ניקוי לשבת,יחידה,1.00,יחידה,false,1,9.90,9.90,true,1,
7290108359077,false,סנו - סופט לושן ממחטות אף בקופסא 3 שכבות 120 יח',"סנו מפעלו ברונוס בע""\מ",EG,סופט לושן ממחטות,יחידה,1.00,יחידה,false,1,11.90,11.90,true,1,
7290108359084,false,סנו סושי כיסוי ניילון עם גומי 30 יחידות M,תאיזו ווילד,CN,כיסוי ניילון,יחידה,1.00,יחידה,false,1,11.90,11.90,true,1,
7290108359824,false,"כיף - בייבי כיף קרם 500 מ""ל",קוסמופארם בעמ,IL,קרם גוף בייבי,מיליליטרים,500.00,"100 מ""ל",false,1,19.90,3.98,true,1,
7290108359855,false,"שמפו אל דמע בייבי כיף+משאבה 750 מ""ל",גוד פוד פרודקטס S.p,IL,שמפו בייבי כיף,מיליליטרים,750.00,"100 מ""ל",false,1,17.90,2.39,true,1,
7290108359879,false,"אלסבון בייבי כיף+משאבה 750 מ""ל",קוסמופארם בעמ,IL,בייבי כיף אלסבון,מיליליטרים,750.00,"100 מ""ל",false,1,17.90,2.39,true,1,
7290108359985,false,סנו - ז'אוול מרסס קצף לניקוי וחינו בניחוח פריחה לבנה 1 ליטר,סנו ז'אוול Javel,IL,ג'אוול קצף ניקוי,ליטרים,1.00,ליטר,false,1,13.90,13.90,true,1,
7290108503647,false,"DAAWAT אורז בסמטי מהדרין ויליפוד 1 ק""ג",אל.טי.פודס בעמ,IN,אורז בסמטי,קילוגרמים,1.00,"ק""ג",false,1,12.90,12.90,true,1,
7290108507058,false,ביסקויט פריך בשוקולד חלב 100 גרם -קהילות,מודרן צ'יקולטה,TR,ביסקויט מצופה,גרמים,100.00,100 גרם,false,1,4.90,4.90,true,1,
7290108507645,false,ביסקויט פריך בשוקולד מריר 100 גרם -קהילות,מודרן צ'יקולטה,TR,ביסקויט בשוקולד,גרמים,100.00,100 גרם,false,1,4.90,4.90,true,1,
7290108507652,false,ביסקויט פריך בשוקולד לבן 100 גרם -קהילות,מודרן צ'יקולטה,TR,ביסקויט מצופנ,גרמים,100.00,100 גרם,false,1,4.90,4.90,true,1,
7290108508765,false,קונכיות פתיתים ויליפוד 400גרם,וילי פוד,TR,קונכיות פתיתים,גרמים,400.00,100 גרם,false,1,4.90,1.23,true,1,
7290108620023,false,יין קפיטל קברנה סובניון יבש אדום 750 מל,יקבי ציון,IL,יין קפיטל קברנה,מיליליטרים,750.00,"100 מ""ל",false,1,54.90,7.32,true,1,
7290108620030,false,יין קפיטל מרלו יבש אדום 750 מל,יקבי ציון,,יין קפיטל מרלו,יחידה,1.00,יחידה,false,0,54.90,54.90,true,1,
7290108620054,false,יין אסטייט קברנה סובניון יבש אדום 750 מל,יקבי ציון,IL,יין אסטייט קברנה,מיליליטרים,750.00,"100 מ""ל",false,1,36.90,4.92,true,1,
7290108620078,false,יין אסטייט מרלו יבש אדום 750 מל,יקבי ציון,IL,יין אסטייט מרלו,מיליליטרים,750.00,"100 מ""ל",false,1,36.90,4.92,true,1,
7290108620108,false,יין אימפריאל קברנה סובניון אדום 750 מל,יקבי ציון,IL,יין אימפריאל קבר,מיליליטרים,750.00,"100 מ""ל",false,1,26.90,3.59,true,1,
7290108620115,false,יין אימפריאל מרלו אדום יבש 750 מל,יקבי ציון,IL,יין אימפריאל מרל,מיליליטרים,750.00,"100 מ""ל",false,1,26.90,3.59,true,1,
7290108620122,false,יין אימפריאל קברנה מרלו אדום יבש 750 מל,יקבי ציון,IL,יין אימפריאל קבר,מיליליטרים,750.00,"100 מ""ל",false,1,26.90,3.59,true,1,
7290108620153,false,יין אסטייט קברנה סמי חצי מתוק אדום 750 מל,יקבי ציון,IL,יין אסטייט קברנה,מיליליטרים,750.00,"100 מ""ל",false,1,36.90,4.92,true,1,
7290108620177,false,"יין פאלאס בלנד אדום 750 מ""ל",יקבי ציון,IL,יין פאלאס בלנד א,מיליליטרים,750.00,"100 מ""ל",false,1,22.90,3.05,true,1,
7290108620214,false,"יין פאלאס בלנד לבן 750 מ""ל",יקבי ציון,IL,יין פאלאס בלנד ל,מיליליטרים,750.00,"100 מ""ל",false,1,22.90,3.05,true,1,
7290108620245,false,מיץ ענבים מובחר לבן 100% טבעי 1 ליטר,יקבי ציון,IL,תירוש לבן מובחר,ליטרים,1.00,ליטר,false,1,16.90,16.90,true,1,
7290108620351,false,"יין גן עדן מוסקט המבורג יקבי ציון 750 מ""ל",יקבי ציון,IL,יין גן עדן מוסקט,מיליליטרים,750.00,"100 מ""ל",false,1,19.90,2.65,true,1,
7290108620368,false,"יין גן עדן מוסקט אלכסנדרוני יקבי ציון 750 מ""ל",יקבי ציון,IL,יין גן עדן מוסקט,מיליליטרים,750.00,"100 מ""ל",false,1,19.90,2.65,true,1,
7290108620412,false,יין יבש קפיטל שער האריות,יקבי ציון,IL,יין יבש קפיטל,מיליליטרים,750.00,"100 מ""ל",false,1,54.90,7.32,true,1,
7290109354057,false,קרחון לה פרוטה שרבט אננס תפוז מאגדת 5 יח',תות תעשיות מזון (201,IL,מאגדת לה פרוטה,גרמים,350.00,100 גרם,false,1,19.90,5.69,true,1,
7290109580043,false,"שניצל תירס קלאסי זוגלובק 1.75 ק""ג",זוגלובק,IL,שניצל תירס 1.75ק,קילוגרמים,1.75,"ק""ג",false,1,49.90,28.51,true,1,
7290109580142,false,"נקניקיות מן הצומח זוגלובק 1.75 ק""ג בד""ץ",קריות זול,IL,נקניקיות מן הצומ,קילוגרמים,1.75,"ק""ג",false,1,49.90,28.51,true,1,
7290109580241,false,נאגטס מן הצומח זוגלובק 500 גרם,זוגלובק טבע,IL,נאגטס מן הצומח,קילוגרמים,0.50,"ק""ג",false,1,21.90,43.80,true,1,
7290109580302,false,מארז זוג תה מעושן 350+חזה עוף 350 זוגלובק,זוגלובק,IL,זוג תה מעושן+חזה,גרמים,700.00,100 גרם,false,1,26.90,3.84,true,1,
7290109580326,false,נקניקיות עוף זוגלובק 800 גרם בית יוסף,זוגלובק,IL,נקניקיות עוף,גרמים,800.00,100 גרם,false,1,19.90,2.49,true,1,
7290109580357,false,מארז זוג חרמון 300 +חרמון ברביקיו 300 גרם זוגלובק,זוגלובק,IL,זוג חרמון,גרמים,600.00,100 גרם,false,1,27.90,4.65,true,1,
7290109640198,false,מגורדת לפיצה ולאפיה 20% שומן 200 גרם - משומשו,וי גרדן,IL,מגורדת לפיצה,גרמים,200.00,100 גרם,false,1,19.90,9.95,true,1,
7290109640372,false,ממרח זיתים על בסיס קוקוס 9% שומן 200 גרם - משומשו,גן שמואל-תעשיות בריאות,IL,"ממרח ע""ב קוקוס",גרמים,200.00,100 גרם,false,1,14.90,7.45,true,1,
7290109640396,false,ממרח שום שמיר על בסיס קוקוס 9% שומן 200 גרם - משומשו,גן שמואל-תעשיות בריאות,IL,"ממרח ע""ב קוקוס",גרמים,200.00,100 גרם,false,1,14.90,7.45,true,1,
7290109640648,false,ממרח בטעם חמאה 150 גרם - משומשו,גן שמואל-תעשיות בריאות,IL,ממרח בטעם חמאה,גרמים,150.00,100 גרם,false,1,10.90,7.27,true,1,
7290109921372,false,אסטוניש משחה לניקוי תנורים וגריל+ספוג 250 גר',יעקובי אסטוניש,GB,משחת אסטוניש,מיליליטרים,250.00,"100 מ""ל",false,1,14.90,5.96,true,1,
7290110000288,false,"מיצוי מימי של שזיפים מיובשים 946 מ""ל",היל ויו פאקינג קומפני,XX,"מיץ שזיפים946מ""ל",מיליליטרים,946.00,"100 מ""ל",false,1,22.70,2.40,true,1,
7290110001438,false,איטריות דקיקות מקמח כוסמין מלא 200 גרם,גיי אפ פי ייצור מזון,IL,אטריות דקיקות,גרמים,200.00,100 גרם,false,1,8.90,4.45,true,1,
7290110001445,false,איטריות דקות מקמח כוסמין מלא 200 גרם,גיי אפ פי ייצור מזון,IL,אטריות דקות200ג,גרמים,200.00,100 גרם,false,1,8.90,4.45,true,1,
7290110001841,false,חמאת בוטנים טבעית 760 גר,בטר אנד דיפרנט,IL,תמאת בוטנים טבעי,גרמים,760.00,100 גרם,false,1,18.90,2.49,true,1,
7290110001902,false,חמאת בוטנים מתוקה 760 גר,בטר אנד דיפרנט,IL,חמאת בוטנים,גרמים,760.00,100 גרם,false,1,18.90,2.49,true,1,
7290110002206,false,שמן קוקוס מזוכך בטר אנד דיפרנט 500 מ''ל,"בטר אנד דיפרנט בע""מ",IL,שמן קוקוס 500 מ',מיליליטרים,500.00,"100 מ""ל",false,1,19.90,3.98,true,1,
7290110110369,false,"שישייה בירה קרלסברג LUMA בקבוק 330 מ""ל",מבשלות בירה בינלאומיות ב,IL,קרלסברג לומה 6יח,ליטרים,1.98,ליטר,false,1,34.90,17.62,true,1,
7290110113377,false,קוקה קולה מארז רביעיה 1X4 ליטר,החברה המרכזית לייצור משק,IL,קוקה קולה 4 יח,ליטרים,4.00,ליטר,false,1,21.90,5.48,true,1,
7290110113384,false,קוקה קולה זירו מארז רביעיה 1X4 ליטר,החברה המרכזית לייצור משק,IL,קולה זירו 4 יח,ליטרים,4.00,ליטר,false,1,21.90,5.48,true,1,
7290110114787,false,נביעות+ מים מינרליים בטעם תפוח 1.5 ליטר,נביעות טבע הגליל בעמ,IL,נביעות+תפוח,ליטרים,1.50,ליטר,false,0,8.50,5.67,true,1,
7290110114794,false,נביעות+ מים מינרליים בטעם אפרסק 1.5 ליטר,"נביעות טבע הגליל בע""\מ ,",IL,נביעות+אפרסק,ליטרים,1.50,ליטר,false,0,8.50,5.67,true,1,
7290110114800,false,נביעות+ מים מינרליים בטעם ענבים 1.5 ליטר,פארייפאבה אגרואינדוס,IL,נביעות+ענבים,ליטרים,1.50,ליטר,false,0,8.50,5.67,true,1,
7290110114855,false,"נביעות מים מינרליים, שישיה 6 * 1.5 ליטר פקדון",נביעות טבע הגליל בעמ,IL,מים נביעות1.5*6ל,ליטרים,9.00,ליטר,false,0,11.90,1.32,true,1,
7290110114893,false,פריגת סחוט טרי תפוז 2 ליטר,היינץ צפון אמריקה מק,IL,מיץ תפוזים,ליטרים,2.00,ליטר,false,0,24.90,12.45,true,1,
7290110114961,false,משקה קל תפוזים פריגת 1.5 ליטר,מבשלות בירה בינלאומיות ב,IL,פריגת תפוזים,ליטרים,1.50,ליטר,false,0,8.30,5.53,true,1,
7290110114985,false,משקה קל אשכוליות פריגת 1.5 ליטר,מבשלות בירה בינלאומיות ב,IL,פריגת אשכוליו,ליטרים,1.50,ליטר,false,0,8.30,5.53,true,1,
7290110115005,false,משקה קל ענבים פריגת 1.5 ליטר,מבשלות בירה בינלאומיות ב,IL,פריגת ענבים,ליטרים,1.50,ליטר,false,0,8.30,5.53,true,1,
7290110115036,false,משקה קל מנגו פריגת 1.5 ליטר,מבשלות בירה בינלאומיות ב,IL,פריגת מנגו,ליטרים,1.50,ליטר,false,0,8.30,5.53,true,1,
7290110115043,false,משקה קל לימונענע פריגת 1.5 ליטר,מבשלות בירה בינלאומיות ב,IL,"משק""ל פריגת",ליטרים,1.50,ליטר,false,0,8.30,5.53,true,1,
7290110115050,false,פריגת מיקס תות בננה 1.5 ליטר פיקדון,מבשלות בירה בינלאומיות ב,IL,פריגת תות בננ,ליטרים,1.50,ליטר,false,0,8.30,5.53,true,1,
7290110115081,false,פריגת צלול ענבים 1.5 ליטר פיקדון,"מבשלות בירה לישראל בע""\מ",IL,פריגת צלול ענ,ליטרים,1.50,ליטר,false,0,8.10,5.40,true,1,
7290110115104,false,פריגת צלול אפרסק 1.5 ליטר פיקדון,מבשלות בירה בינלאומיות ב,IL,פריגת צלול אפ,ליטרים,1.50,ליטר,false,0,8.10,5.40,true,1,
7290110115111,false,פריגת צלול אננס 1.5 ליטר פיקדון,"מבשלות בירה לישראל בע""\מ",IL,פריגת צלול אנ,ליטרים,1.50,ליטר,false,0,8.10,5.40,true,1,
7290110115128,false,פריגת צלול בטעם לימונענע 1.5 ליטר פיקדון,"מבשלות בירה לישראל בע""\מ",IL,פריגת צלול,ליטרים,1.50,ליטר,false,0,8.10,5.40,true,1,
7290110115203,false,קוקה קולה 1.5 ליטר פיקדון,החברה המרכזית לייצור משק,IL,קוקה קולה,ליטרים,1.50,ליטר,false,0,8.30,5.53,true,1,
7290110115210,false,דיאט קוקה קולה 1.5 ליטר פיקדון,החברה המרכזית לייצור משק,IL,קוקה קולה דיא,ליטרים,1.50,ליטר,false,0,7.80,5.20,true,1,
7290110115227,false,קוקה-קולה זירו בקבוק 1.5 ליטר,החברה המרכזית לייצור משק,IL,קוקה קולה זיר,ליטרים,1.50,ליטר,false,0,7.80,5.20,true,1,
7290110115234,false,קוקה-קולה זירו נטול בקבוק 1.5 ליטר,החברה המרכזית לייצור משק,IL,קולה זירו נטו,ליטרים,1.50,ליטר,false,0,7.80,5.20,true,1,
7290110115241,false,קוקה-קולה זירו לימון בקבוק 1.5 ליטר,החברה המרכזית לייצור משק,IL,קולה זירו לימ,ליטרים,1.50,ליטר,false,0,7.80,5.20,true,1,
7290110115265,false,ספרייט לימון ליים 1.5 ליטר-,החברה המרכזית לייצור משק,IL,ספרייט ליים,ליטרים,1.50,ליטר,false,0,8.30,5.53,true,1,
7290110115272,false,ZERO ספרייט 1.5 ליטר פיקדון,החברה המרכזית לייצור משק,IL,ספרייט זירו,ליטרים,1.50,ליטר,false,0,7.80,5.20,true,1,
7290110115302,false,משקה מוגז אורנג' זירו פאנטה 1.5 ליטר,החברה המרכזית לייצור משק,IL,פאנטה זירו או,ליטרים,1.50,ליטר,false,0,7.80,5.20,true,1,
7290110115319,false,פאנטה אקזוטיק 1.5 ליטר פיקדון,החברה המרכזית לייצור משק,IL,פאנטה אקזוטי,ליטרים,1.50,ליטר,false,0,8.30,5.53,true,1,
7290110115333,false,פאנטה תות 1.5 ליטר פיקדון,החברה המרכזית לייצור משק,IL,פאנטה תות,ליטרים,1.50,ליטר,false,0,8.30,5.53,true,1,
7290110115340,false,פאנטה ענבים 1.5 ליטר פיקדון,החברה המרכזית לייצור משק,IL,פאנטה ענבים,ליטרים,1.50,ליטר,false,0,8.30,5.53,true,1,
7290110115357,false,קינלי סודה 1.5 ליטר פיקדון,החברה המרכזית לייצור משק,IL,קינלי סודה,ליטרים,1.50,ליטר,false,0,3.90,2.60,true,1,
7290110115364,false,שישייה קוקה קולה 1.5 ליטר פיקדון,החברה המרכזית לייצור משק,IL,קוקה קולה1.5*6ל,ליטרים,9.00,ליטר,false,0,46.20,5.13,true,1,
7290110115371,false,דיאט קוקה קולה שישיות 1.5 ליטר פיקדון,החברה המרכזית לייצור משק,IL,קולה דיאט1.5*6ל,ליטרים,9.00,ליטר,false,0,43.90,4.88,true,1,
7290110115388,false,ספרייט ליים שישיות 1.5 ליטר פיקדון,החברה המרכזית לייצור משק,IL,ספרייט ליים1.5*6,ליטרים,9.00,ליטר,false,0,48.20,5.36,true,1,
7290110115395,false,ZERO ספרייט שישיות 1.5 ליטר פיקדון,החברה המרכזית לייצור משק,IL,ספרייט זירו1.5*6,ליטרים,9.00,ליטר,false,0,44.90,4.99,true,1,
7290110115401,false,קינלי סודה שישייה 1.5 ליטר פיקדון,החברה המרכזית לייצור משק,IL,קינלי סודה1.5*6ל,ליטרים,9.00,ליטר,false,0,14.90,1.66,true,1,
7290110115418,false,מארז שישייה קוקה קולה זירו 1.5 ל',החברה המרכזית לייצור משק,IL,קולה זירו1.5*6ל,ליטרים,9.00,ליטר,false,0,42.90,4.77,true,1,
7290110115449,false,אייס תה בטעם מנגו אננס 1.5ל' FUZE TEA,מבשלות בירה בינלאומיות ב,IL,תה מנגו אננס,ליטרים,1.50,ליטר,false,0,9.00,6.00,true,1,
7290110115456,false,"תה קר בטעם אפרסק 19 קלוריות ב- 100 מ""ל",מבשלות בירה בינלאומיות ב,IL,פיוז תה אפרסק,ליטרים,1.50,ליטר,false,0,8.50,5.67,true,1,
7290110115463,false,פיוז טי אפרסק 1.5 ליטר פיקדון,מבשלות בירה בינלאומיות ב,IL,פיוז תה אפרסק,ליטרים,1.50,ליטר,false,0,9.00,6.00,true,1,
7290110115494,false,תה קר בטעם ענבים פיוז טי 1.5 ליטר,מבשלות בירה בינלאומית בע,IL,פיוז תה ענבים,ליטרים,1.50,ליטר,false,0,9.00,6.00,true,1,
7290110115531,false,משקה מוגז תפוח זירו פאנטה 1.5 ליטר,החברה המרכזית לייצור משק,IL,פאנטה זירו תפ,ליטרים,1.50,ליטר,false,0,7.80,5.20,true,1,
7290110115593,false,פריגת אשכוליות 40% פחות סוכר 1.5 ליטר פיקדון,מבשלות בירה בינלאומיות ב,IL,פריגת אשכוליו,ליטרים,1.50,ליטר,false,0,7.80,5.20,true,1,
7290110115616,false,FUZE tea zero גרין אננס 1.5 ליטר פיקדון,מבשלות בירה בינלאומיות ב,IL,פיוז תה אננס,ליטרים,1.50,ליטר,false,1,8.50,5.67,true,1,
7290110115623,false,משקה פיוז טי זירו ZERO בטעם אפרסק,מבשלות בירה בינלאומיות ב,IL,פיוז תה אפרסק,ליטרים,1.50,ליטר,false,1,8.50,5.67,true,1,
7290110116125,false,"סירופ בטעם פטל פריגת 750 מ""ל",סירופ - גבעת חיים,IL,סירופ בטעם פטל,מיליליטרים,750.00,"100 מ""ל",false,1,21.90,2.92,true,1,
7290110116132,false,"סירופ בטעם לימון פריגת 750 מ""ל",סירופ - גבעת חיים,IL,סירופ בטעם לימון,מיליליטרים,750.00,"100 מ""ל",false,1,21.90,2.92,true,1,
7290110116149,false,"סירופ בטעם ענבים פריגת 750 מ""ל",סירופ - גבעת חיים,IL,סירופ בטעם ענבים,מיליליטרים,750.00,"100 מ""ל",false,1,21.90,2.92,true,1,
7290110116156,false,נביעות+רכיבי פרי מנגו-פסיפלורה 1.5 ליטר-,"נביעות טבע הגליל בע""\מ",IL,נביעות+פרי מנגו,ליטרים,1.50,ליטר,false,1,9.50,6.33,true,1,
7290110116217,false,נביעות+ סדרת 0 קלוריות אשכוליות 1.5 ליטר,"נביעות טבע הגליל בע""\מ",IL,נביעות+אשכולית,ליטרים,1.50,ליטר,false,1,9.50,6.33,true,1,
7290110116392,false,"סירופ בטעם תפוזים פריגת 750 מ""ל",סירופ - גבעת חיים,IL,סירופ תפוזים,מיליליטרים,750.00,"100 מ""ל",false,1,21.90,2.92,true,1,
7290110116552,false,ספרייט לימון היט 1.5 ליטר LIME פיקדון,החברה המרכזית לייצור משק,IL,ספרייט למון היט,ליטרים,1.50,ליטר,false,1,8.30,5.53,true,1,
7290110320683,false,שמיניית משקה יוגורט 1.5% טעם תות יופלה 107 גרם,מיוצר עי קונדיטוריית,IL,משקה יוגורט 8 יח,גרמים,856.00,100 גרם,false,1,15.90,1.86,true,1,
7290110320867,false,פתיתים גבינה חצי קשה מגורדת 28% שומן,תנובה מרכז שיתופי לש,IL,פתיתי עמק,גרמים,500.00,100 גרם,false,1,32.90,6.58,true,1,
7290110322014,false,טופו בטעם טבעי תנובה ALTERNATIVE,שוורצקוף& הנקל דיסלד,IL,טופו טבעי300 גרם,גרמים,300.00,100 גרם,false,1,11.80,3.93,true,1,
7290110322021,false,"תנובה טופו בזיליקום 300 גר' בד""צ",שוורצקוף& הנקל דיסלד,IL,טופו בזיליקום,גרמים,300.00,100 גרם,false,1,11.80,3.93,true,1,
7290110323097,false,מעדן גבינה עם תות 5% שומן 80 ג' תנובה,תנובה בעמ,IL,תאומים גביע 80גר,גרמים,80.00,100 גרם,false,1,1.90,2.38,true,1,
7290110323714,false,משקה קוקוס שקדים תנובה E אלטרנטיב,מיוצר עי קונדיטוריית,IL,משקה קוקוס שקדים,ליטרים,1.00,ליטר,false,1,11.50,11.50,true,1,
7290110324858,false,מעדן שקדים בטעם אגוזי לוז תנובה 125 גרם,מיוצר עי קונדיטוריית,IL,מעדן שקדים,גרמים,125.00,100 גרם,false,1,3.90,3.12,true,1,
7290110324926,false,משקה סויה ללא תוספת סוכר E אלטרנטיב,תנובה מרכז שיתופי לש,IL,"משקה סויה ללת""ס",ליטרים,1.00,ליטר,false,1,9.90,9.90,true,1,
7290110325084,false,מאגדת שמינייה מיני קרלו שוניל 8*100גרם,"תנובה בע""\מ",IL,מיני קרלו 8 יח,גרמים,800.00,100 גרם,false,1,13.90,1.74,true,1,
7290110325312,false,יופלה GO סויה 20 גרם חלבון בטעם תות תנובה 200 גרם,"תנובה בע""\מ",IL,מעדן סויה ביו,גרמים,200.00,100 גרם,false,1,5.90,2.95,true,1,
7290110325619,false,משקה שיבולת שועל תנובה E אלטרנטיב,מיוצר עי קונדיטוריית,IL,משקה שיבולת שועל,ליטרים,1.00,ליטר,false,1,11.50,11.50,true,1,
7290110325701,false,פיראוס צזיקי יווני 9% שומן בשיטת יצור מסורתית על בסיס יוגורט,גוד פוד פרודקטס S.p,IL,צזיקי יווני,גרמים,250.00,100 גרם,false,1,11.90,4.76,true,1,
7290110326210,false,יופלה און טופ פצפוצים תנובה 157 גרם,מיוצר עי קונדיטוריית,IL,יופלה און טופ,גרמים,157.00,100 גרם,false,1,4.70,2.99,true,1,
7290110326227,false,יופלה און טופ קורנפלקס תנובה 157 גרם,מיוצר עי קונדיטוריית,IL,יופלה און טופ,גרמים,157.00,100 גרם,false,1,4.70,2.99,true,1,
7290110326234,false,יופלה און טופ כוכבים תנובה 157 גרם,מיוצר עי קונדיטוריית,IL,יופלה און טופ,גרמים,157.00,100 גרם,false,1,4.70,2.99,true,1,
7290110326906,false,חלב נטול לקטוז 3% שומן תנובה 1 ליטר,מיוצר עי קונדיטוריית,IL,חלב נטול לקטוז,ליטרים,1.00,ליטר,false,1,7.50,7.50,true,1,
7290110326982,false,משקה חלב עם שוקולד קלאסי YOLO 1 ליטר,תנובה מרכז שיתופי לש,IL,יולו משקה חלב,ליטרים,1.00,ליטר,false,1,11.90,11.90,true,1,
7290110326999,false,"משקאות חלב+שוקולד קלאסי 340 מ""ל YOLO בקבוק.",תנובה חלב,IL,יולו משקה חלב,מיליליטרים,340.00,"100 מ""ל",false,1,6.50,1.91,true,1,
7290110327033,false,משקה סויה תנובה גו מועשר בחלבון במתיקות מופחתת,מיוצר עי קונדיטוריית,IL,משקה סויה מועשר,ליטרים,1.00,ליטר,false,1,11.50,11.50,true,1,
7290110328016,false,משקה סויה מועשר בחלבון בטעם אגוזי לוז 250 גרם,תנובה מרכז שיתופי לש,,משקה סויה,יחידה,1.00,יחידה,false,0,5.90,5.90,true,1,
7290110328610,false,משקה אורז ושקדים בריסטה אלטרנטיב 1 ליטר,תנובה Alternative,IL,משקה אורז ושקדים,ליטרים,1.00,ליטר,false,1,11.50,11.50,true,1,
7290110328627,false,יוגורט יופלה GO במרקם סמיך בטעם בננה קרמל 0%,מיוצר עי קונדיטוריית,IL,יוגורט גו קרמי,גרמים,200.00,100 גרם,false,1,5.50,2.75,true,1,
7290110328764,false,יוגורט יופלה GO במרקם סמיך עם תות 0%,מיוצר עי קונדיטוריית,IL,יוגורט גו קרמי,גרמים,200.00,100 גרם,false,1,5.50,2.75,true,1,
7290110328771,false,יוגורט יופלה GO במרקם סמיך עם פירות יער 0%,מיוצר עי קונדיטוריית,IL,יוגורט גו קרמי,גרמים,200.00,100 גרם,false,1,5.50,2.75,true,1,
7290110328788,false,יוגורט יופלה GO במרקם סמיך בטעם אפרסק 0%,תנובה מרכז שיתופי לש,IL,יוגורט גו סמיך,גרמים,200.00,100 גרם,false,1,5.50,2.75,true,1,
7290110328931,false,פתיתי גבינה צהובה למאפים 500 גרם השף הלבן,"תנובה בע""\מ",IL,פתיתי גבינה 500ג,גרמים,500.00,100 גרם,false,1,24.90,4.98,true,1,
7290110329136,false,מעדן חלב מעושר בחלבון בטעם שוקולד 120 ג' GO,תנובה מרכז שיתופי לש,IL,מעדן חלב גו,גרמים,120.00,100 גרם,false,1,4.50,3.75,true,1,
7290110329143,false,מעדן חלב מעושר בחלבון בטעם וניל גביע 120 ג' GO,תנובה מרכז שיתופי לש,IL,מעדן חלב גו,גרמים,120.00,100 גרם,false,1,4.50,3.75,true,1,
7290110329266,false,יוגורט תנובה מחלב עיזים מלא תנובה 140 ג',קריות זול,IL,יוגורט עיזים מלא,גרמים,140.00,100 גרם,false,1,5.50,3.93,true,1,
7290110329686,false,"משקה חלב גו בטעם עוגיות 340 מ""ל",מיוצר עי קונדיטוריית,IL,משקה חלב GO,מיליליטרים,340.00,"100 מ""ל",false,1,6.90,2.03,true,1,
7290110329716,false,משקה חלב קר בטעם קפוצ'ינו 230 גרם תנובה,תנובה מרכז שיתופי לש,IL,משקה קפה קר,גרמים,230.00,100 גרם,false,1,6.90,3.00,true,1,
7290110329730,false,"משקה חלב עם שוקולד וקפה בסגנון לאטה 2.7%  230 מ""ל תנובה",תנובה מרכז שיתופי לש,IL,משקה חלב שוקולד,גרמים,230.00,100 גרם,false,1,6.90,3.00,true,1,
7290110329792,false,יוגורט סויה BIO Alternative אפרסק 150 ג' תנובה,מיוצר עי קונדיטוריית,IL,מעדן סויה ביו,גרמים,150.00,100 גרם,false,1,4.50,3.00,true,1,
7290110329822,false,יוגורט סויה BIO Alternative פירות יער 150 ג' תנובה,מיוצר עי קונדיטוריית,IL,מעדן סויה ביו,גרמים,150.00,100 גרם,false,1,4.50,3.00,true,1,
7290110550219,false,מטבעות שוקולד לבן לאפיה 400 גרם עלית,"פוליבה בע""\מ",IL,מטבעות שוקולד,מיליליטרים,400.00,"100 מ""ל",false,1,27.90,6.98,true,1,
7290110552121,false,יוגורט 5% בתוספת סידן וויטמין D היוגורט הראשון שלי,תנובה מרכז שיתופי לש,IL,היוגורט הראשון,גרמים,100.00,100 גרם,false,1,2.20,2.20,true,1,
7290110552220,false,יוגורט PRO בטעם תות 0% סוכר לבן 20 גרם חלבון בגביע,"שטראוס בריאות בע""\מ",IL,דנונה פרו חלבון,גרמים,200.00,100 גרם,false,1,5.90,2.95,true,1,
7290110552237,false,יוגורט פרו בטעם אפרסק מנגו ללא סוכר 200 ג' דנונה,"שטראוס בריאות בע""\מ",IL,דנונה פרו חלבון,גרמים,200.00,100 גרם,false,1,5.90,2.95,true,1,
7290110553425,false,קפה נמס 200 גרם +20% תוספת עלית,שטראוס קפה בי.וי,IL,קפה נמס,גרמים,240.00,100 גרם,false,1,19.90,8.29,true,1,
7290110554095,false,דבש לחיץ 440 גרם,מכוורת יד מרדכי שטראוס ב,IL,דבש לחיץ,גרמים,440.00,100 גרם,false,1,21.90,4.98,true,1,
7290110554583,false,מארז חטיפי צ'יטוס פאפס בטעם גבינה - 10 יחידות,"שטראוס פריטו ליי בע""\מ )",IL,צ'יטוס פאפס 10יח,גרמים,200.00,100 גרם,false,1,11.90,5.95,true,1,
7290110555078,false,לאבנה עם שמן זית ועשבי תיבול שטראוס 250 גרם,"מחלבות בר בכפר בע""\מ",IL,לאבנה,גרמים,250.00,100 גרם,false,1,9.90,3.96,true,1,
7290110555092,false,לאבנה עם שמן זית וצ'ילי שטראוס 250 גרם,"מחלבות בר בכפר בע""\מ",IL,לאבנה,גרמים,250.00,100 גרם,false,1,9.90,3.96,true,1,
7290110555306,false,רבע לשבע טבעוני סינמון באן עלית 125 גרם,"הגביע מוצרי וופלים בע""\מ",IL,רב לשבע טבעוני,גרמים,125.00,100 גרם,false,1,9.90,7.92,true,1,
7290110556242,false,"שוקולד מריר פרווה 100 גר' בד""ץ תוצרת חוץ","שטראוס גרופ בע""מ.",FR,שוקולד פרה מריר,גרמים,100.00,100 גרם,false,1,4.90,4.90,true,1,
7290110557027,false,חומוס עשיר 50% טחינה גולמית 400 ג' אחלה,מיוצר עי קונדיטוריית,IL,חומוס עשיר 50% ט,גרמים,400.00,100 גרם,false,1,12.90,3.23,true,1,
7290110557102,false,מעדן חלב עם שוקולד מועשר בחלבון 150 ג' שטראוס,מיוצר עי קונדיטוריית,IL,מעדן שוקולד פרו,גרמים,150.00,100 גרם,false,1,4.50,3.00,true,1,
7290110557133,false,מעדן הגולן וניל 125 ג' שטראוס,מיוצר עי קונדיטוריית,IL,מעדן הגולן וניל,גרמים,125.00,100 גרם,false,1,2.80,2.24,true,1,
7290110557317,false,יוגורט בתוספת סידן וויטמין ד עם שיבולת שועל 100 ג' דנונה,תנובה מרכז שיתופי לש,IL,היוגורט הראשון,גרמים,100.00,100 גרם,false,1,2.20,2.20,true,1,
7290110557478,false,חומוס גלילי במרקם מעודן 600 גרם,"שטראוס גרופ בע""\מ",IL,חומוס גלילי,גרמים,600.00,100 גרם,false,1,10.90,1.82,true,1,
7290110558154,false,דנונה לייט אנד פרי עוגת תפוחים 150ג דנונה,"שטראוס בריאות בע""\מ",IL,דנונה לייט,גרמים,150.00,100 גרם,false,1,4.50,3.00,true,1,
7290110558222,false,"וואו יוגורט עם שכבה בטעם בנופי פאי 5.4%, 150ג דנונה","שטראוס בריאות בע""\מ",IL,דנונה WOW בנופי,גרמים,150.00,100 גרם,false,1,4.50,3.00,true,1,
7290110558239,false,"וואו יוגורט עם שכבה בטעם קראק פאי 5.4%, 150 ג דנונה","שטראוס בריאות בע""\מ",IL,דנונה WOW,גרמים,150.00,100 גרם,false,1,4.50,3.00,true,1,
7290110558253,false,דנונה שייק נונה ריפרש בננה אננס וצ'יה,"שטראוס בריאות בע""\מ",IL,יוגורט ריפרש,גרמים,250.00,100 גרם,false,1,4.90,1.96,true,1,
7290110558284,false,דנונה ביו מולטי שטראוס 200 גרם,"שטראוס בריאות בע""\מ",IL,דנונה ביו מולטי,גרמים,200.00,100 גרם,false,1,3.90,1.95,true,1,
7290110558314,false,דנונה פרו 20 גרם חלבון ללא סוכר פיסטוק 200 גרם,"שטראוס בריאות בע""\מ",IL,דנונה פרו,גרמים,200.00,100 גרם,false,1,5.90,2.95,true,1,
7290110559007,false,"שועועית חומה טעם הטבע קופסה, 380 גרם",קונסרב איטליה,IT,שעועית חומה,גרמים,380.00,100 גרם,false,1,5.90,1.55,true,1,
7290110559014,false,שעועית שחורה מבושלת טעם הטבע 380 גרם,קונסרב איטליה,IT,שעועית שחורה,גרמים,380.00,100 גרם,false,1,5.90,1.55,true,1,
7290110563462,false,חלב 2% דל לקטוז בבקבוק יטבתה 1 ליטר.,מחלבת יטבתה,IL,חלב נטול לקטוז,ליטרים,1.00,ליטר,false,1,7.80,7.80,true,1,
7290110564414,false,חומוס אחלה הסידרה המובחר 30% טחינה 600 גר',מיוצר עי קונדיטוריית,IL,חומוס 30% טחינה,גרמים,600.00,100 גרם,false,1,14.90,2.48,true,1,
7290110565435,false,"לימבו ג'לי פטל 125 גרם חלבי ""שטראוס""","שטראוס גרופ בע""\מ",IL,לימבו פטל,גרמים,125.00,100 גרם,false,1,1.90,1.52,true,1,
7290110565527,false,יוגורט PRO פרו 1.5% 20 גרם חלבון בגביע,"שטראוס בריאות בע""מ",IL,דנונה פרו חלבון,גרמים,200.00,100 גרם,false,1,5.90,2.95,true,1,
7290110565572,false,מארז קפה טורקי עלית לדרך עם הל 168 גרם,שטראוס קפה בי.וי.,IL,קפה טורקי לדרך,גרמים,168.00,100 גרם,false,1,16.90,10.06,true,1,
7290110566975,false,דנונה פרו יוגורט 0% תות עשיר בחלבון 200ג',"שטראוס בריאות בע""\מ",IL,דנונה פרו חלבון,גרמים,200.00,100 גרם,false,1,5.90,2.95,true,1,
7290110567057,false,צנצנת מסטיק מאסט קוביות מנטה חזקה 66 ג' עלית,אסקום קונפקשיין,DE,מסטיק מאסט,גרמים,66.00,100 גרם,false,1,8.90,13.48,true,1,
7290110568238,false,"קצפת צמחית 21% שומן 250 מ""ל יוטבתה",מחלבת יטבתה,IL,קצפת צמחית יטבתה,מיליליטרים,250.00,"100 מ""ל",false,1,7.90,3.16,true,1,
7290110568559,false,דוריטוס עלית מארז חמוץ חריף 10 יח' *25 ג',"שטראוס פריטו ליי בע""מ )פ",IL,דוריטוס 10 יח,גרמים,250.00,100 גרם,false,1,11.90,4.76,true,1,
7290110571184,false,עדשים חומות 380 גר שטראוס טעם הטבע,קונסרב איטליה,IT,עדשים חומות,גרמים,380.00,100 גרם,false,1,5.90,1.55,true,1,
7290110571382,false,מעדן חלב בטעם וניל מעושר בחלבון 150 ג' שטראוס,"שטראוס בריאות בע""\מ",IL,מעדן פרו,גרמים,150.00,100 גרם,false,1,4.50,3.00,true,1,
7290110571474,false,רבע לשבע טבעוני פופקורן עלית 125 גרם,"הגביע מוצרי וופלים בע""\מ",IL,רבע לשבע טבעוני,גרמים,125.00,100 גרם,false,1,9.90,7.92,true,1,
7290111343124,false,נייר טואלט לילי דאבל 24ג,חוגלה קימברלי,IL,נייר ט.לילי דאבל,מטרים,883.00,100 מטר,false,1,54.90,6.22,true,1,
7290111353383,false,מארז 100 סוכריות מנטוס שמחות בטעם תות 250 גרם,פרפטי ואן מלה ברדה,NL,מנטוס שמחות,גרמים,250.00,100 גרם,false,1,13.90,5.56,true,1,
7290111534010,false,פס גבינה שמנת פירורים קפולסקי 400 גרם,תופינים מקבוצת קפולסקי,IL,עוגת גבינה שמנת,גרמים,450.00,100 גרם,false,1,34.90,7.76,true,1,
7290111566271,false,חטיפי תירס טבעול 657 גרם,עיצובים 2020 (4.8),IL,חטיפי תירס טבעול,גרמים,657.00,100 גרם,false,1,29.90,4.55,true,1,
7290111566752,false,טבעול שניצל תירס 99 קלוריות 693 גרם,עיצובים 2020 (4.8),IL,שניצל תירס 99,גרמים,693.00,100 גרם,false,1,29.90,4.31,true,1,
7290111663093,false,מפיות פרינס סופיה 20 יחי,DOMOS,DE,מפיות פרינס,יחידה,1.00,יחידה,false,1,3.90,3.90,true,1,
7290111665073,false,מפיות פרינס 20 יח,DOMOS,DE,מפיות פרינס 20יח,יחידה,1.00,יחידה,false,1,3.90,3.90,true,1,
7290111665349,false,קש כפית 100 יחידות,,CN,קש כפית100יחידות,יחידה,1.00,יחידה,false,1,11.90,11.90,true,1,
7290111666445,false,מאפינס מוכסף 12 יח,,CN,מאפינס מוכסף,יחידה,1.00,יחידה,false,1,4.90,4.90,true,1,
7290111667541,false,קשים מנייר פסים צבעוני,,CN,קשים 50 יחידות,יחידה,1.00,יחידה,false,1,3.90,3.90,true,1,
7290111930898,false,חטיף פוף כוכבים גריל אמריקאי 40 גרם,פוף POOF,IL,פוף כוכבים גריל,גרמים,40.00,100 גרם,false,1,2.90,7.25,true,1,
7290111930904,false,חטיף פוף כוכבים בצל 40 גרם,פוף POOF,IL,פוף כוכבים בצל,גרמים,40.00,100 גרם,false,1,2.90,7.25,true,1,
7290111930911,false,חטיף פוף לבבות קלאסי 40 גרם,פוף POOF,IL,פוף לבבות רגיל,גרמים,40.00,100 גרם,false,1,2.90,7.25,true,1,
7290111930928,false,חטיף פוף לבבות גריל 40 גרם,פוף POOF,IL,פוף לבבות גריל,גרמים,40.00,100 גרם,false,1,2.90,7.25,true,1,
7290111930935,false,חטיף פוף טבעות קלאסי 40 גרם,פוף POOF,IL,פוף טבעות,גרמים,40.00,100 גרם,false,1,2.90,7.25,true,1,
7290111935527,false,"מ. שיניים קולגייט טוטל קלין מיניט -זוג כשל""פ2*100 גרם",קולגייט פלמוליב,PL,משחת קולגייט,מיליליטרים,200.00,"100 מ""ל",false,1,24.90,12.45,true,1,
7290111936296,false,"פלמוליב סבון נוזלי בניחוח סנסיישן מסאז' ,750 מ""ל",קולגייט פלמוליב,TR,סבון פלמוליב,מיליליטרים,750.00,"100 מ""ל",false,1,14.90,1.99,true,1,
7290111938481,false,"רוטב סויה בהירה מאסטר שף 300 מ""ל",מאסטר שף,TH,רוטב סויה בהירה,מיליליטרים,300.00,"100 מ""ל",false,1,8.50,2.83,true,1,
7290111939181,false,קוקי כיסוי ניילון עם גומי מיקס מידות,שסטוביץ,CN,ניילון נצמד,יחידה,1.00,יחידה,false,1,8.90,8.90,true,1,
7290112003973,false,"וניש אבקה ורודה מולטי פאואר 1.350 ק""ג א. חסכון חדש להלבנה",רקיט בנקיזר,IT,וניש גולד אבקה,קילוגרמים,1.35,"ק""ג",false,1,34.90,25.85,true,1,
7290112004413,false,"ספריי וניש קליה להסרת כתמים לבגדים לבנים 750 מ""ל",רקיט בנקיזר,PL,מסיר כתמים ספריי,מיליליטרים,750.00,"100 מ""ל",false,1,14.90,1.99,true,1,
7290112004970,false,פיניש אולטימייט קוואנטום 50 טבליות למדיח,רקיט בנקיזר,PL,פיניש אולטימייט,יחידה,1.00,יחידה,false,1,54.90,54.90,true,1,
7290112005052,false,וניש תוסף כביסה רב תכליתי לבגדים לבנים,קליה וניש Kalia Vanish,IT,וניש אבקה לכביסה,קילוגרמים,1.50,"ק""ג",false,1,38.90,25.93,true,1,
7290112005083,false,וניש תוסף כביסה רב תכליתי לכביסה צבעונית,קליה וניש Kalia Vanish,IT,וניש אבקה לכביסה,קילוגרמים,1.50,"ק""ג",false,1,38.90,25.93,true,1,
7290112192806,false,פרודונטקס זוג מ.שיניים אולטרא קלין 75 מל,גלקסוס סמית קליין,GB,2משחות פרודונטקס,מיליליטרים,150.00,"100 מ""ל",false,1,39.90,26.60,true,1,
7290112192813,false,פרודונטקס זוג מ.שיניים אוריגינל 75 מל,גלקסוס סמית קליין,GB,2משחות פרודונטקס,מיליליטרים,150.00,"100 מ""ל",false,1,39.90,26.60,true,1,
7290112197108,false,משחת סנסודיין 75*2מל,גלקסוסמית'\קליין קונסיומ,GB,2 משחות סנסודיין,מיליליטרים,150.00,"100 מ""ל",false,1,27.90,18.60,true,1,
7290112197115,false,משחת סנסודיין 75*2מל,גלקסוסמית'\קליין קונסיומ,GB,2 משחות סנסודיין,מיליליטרים,150.00,"100 מ""ל",false,1,27.90,18.60,true,1,
7290112332691,false,פינוקיות עוגיות קרם פסק זמן אגוזים 200 גרם,"הגביע מוצרי וופלים בע""\מ",IL,פינוקיות פסק זמן,גרמים,200.00,100 גרם,false,1,9.90,4.95,true,1,
7290112335111,false,מסטיק מאסט קוביות בזוקה ללא גלוטן 86 גר,אסקום קונפקשיין,DE,מאסט קוביות,גרמים,86.00,100 גרם,false,1,12.90,15.00,true,1,
7290112335494,false,הפריכיות הטעימות תפוחי אדמה בטעם פוטטוס,"פרח תעשיות מזון בע""\מ",IL,הפריכיות הטעימות,גרמים,135.00,100 גרם,false,1,9.90,7.33,true,1,
7290112335500,false,"פרכיות אנרג'י חומוס,אורז,עדשים שחורות וקינואה 135 גרם","פרח תעשיות מזון בע""\מ",IL,פריכיות טעימות,גרמים,135.00,100 גרם,false,1,9.90,7.33,true,1,
7290112336644,false,סוכריות מאסט ללא סוכר לימון 80 ג' עלית,שטראוס גרופ,PL,סוכריות מאסט,גרמים,80.00,100 גרם,false,1,6.90,8.63,true,1,
7290112336651,false,סוכריות מאסט ללא סוכר ריבת חלב 80 ג' עלית,שטראוס גרופ,PL,סוכריות מאסט,גרמים,80.00,100 גרם,false,1,6.90,8.63,true,1,
7290112336712,false,יוגורט PRO לבן 0% 21 גרם חלבון בגביע,"שטראוס בריאות בע""מ",IL,דנונה פרו 21,גרמים,200.00,100 גרם,false,1,5.90,2.95,true,1,
7290112337474,false,סוכריות מאסט ללא סוכר פטל לימון 80 ג' עלית,שטראוס גרופ,PL,סוכריות מאסט,גרמים,80.00,100 גרם,false,1,6.90,8.63,true,1,
7290112337481,false,סוכריות מאסט ללא סוכר קפצ''ינו 80 ג' עלית,שטראוס גרופ,PL,סוכריות מאסט,גרמים,80.00,100 גרם,false,1,6.90,8.63,true,1,
7290112339362,false,דנונה לייט אנד פריי בטעם קפוצ'ינו 150 גרם,"שטראוס בריאות בע""\מ",IL,דנונה לייט,גרמים,150.00,100 גרם,false,1,4.50,3.00,true,1,
7290112339867,false,גמדים לדרך גבינה לבנה עם מחית תות,"שטראוס בריאות בע""\מ",IL,גמדים לדרך,גרמים,100.00,100 גרם,false,1,5.90,5.90,true,1,
7290112339874,false,גמדים לדרך גבינה לבנה עם מחיות תות ובננה,"שטראוס בריאות בע""\מ",IL,גמדים לדרך,גרמים,100.00,100 גרם,false,1,5.90,5.90,true,1,
7290112340245,false,צנצנת מסטיק מאסט בטעם דובדבן 66 ג' עלית,"שטראוס גרופ בע""\מ",IL,מסטיק דובדבן,גרמים,66.00,100 גרם,false,1,8.90,13.48,true,1,
7290112340252,false,צנצנת מסטיק מאסט בטעם אבטיח מלון 66 ג' עלית,"שטראוס גרופ בע""\מ",IL,מסטיק אבטיח מלון,גרמים,66.00,100 גרם,false,1,8.90,13.48,true,1,
7290112340276,false,פינוקיות עוגיות קרם קפה 200 גרם,"הגביע מוצרי וופלים בע""\מ",IL,פינוקיות קרם קפה,גרמים,200.00,100 גרם,false,1,9.90,4.95,true,1,
7290112342270,false,קפה פלטינום אינטנס מחוזק ב- 10% אספרסו,שטראוס קפה בי.וי,IL,קפה פלטינום,גרמים,125.00,100 גרם,false,1,16.90,13.52,true,1,
7290112343260,false,"יטבתה רוטב שמנת קלאסי 9% שומן 260 מ""ל",שטראוס גרופ,IL,רוטב שמנת קלאסי,גרמים,260.00,100 גרם,false,1,9.70,3.73,true,1,
7290112343499,false,חטיף צ'יטוס פאפס אפוי בטעם גבינה,"שטראוס פריטו ליי בע""\מ )",IL,חטיף צ'יטוס puff,גרמים,55.00,100 גרם,false,1,2.90,5.27,true,1,
7290112344564,false,רביולי גבינה קלאסי שטראוס 400 ג',מיוצר עי קונדיטוריית,IL,רביולי גבינה,גרמים,400.00,100 גרם,false,1,18.90,4.73,true,1,
7290112344755,false,מילקי שוקולד 26% פחות סוכר 135 גרם,מיוצר עי קונדיטוריית,IL,מילקי,גרמים,135.00,100 גרם,false,1,2.70,2.00,true,1,
7290112344786,false,קפה פלטינום קלאסיק עלית 200 גרם,הנסיך- מפעל לייצור ט,IL,קפה נמס פלטינום,גרמים,200.00,100 גרם,false,1,24.90,12.45,true,1,
7290112346360,false,בפלות אחת אחת ופל בטעם שוקולד מצופה שוקולד,הגביע מוצרי וופלים ב,GR,בפלות אחת אחת,גרמים,180.00,100 גרם,false,1,11.90,6.61,true,1,
7290112346537,false,עוגיות פינוקיות בטעם טורטית 200 ג' עלית,"הגביע מוצרי ופלים בע""\מ",IL,פינוקיות טורטית,גרמים,200.00,100 גרם,false,1,9.90,4.95,true,1,
7290112347008,false,גמדים לדרך גבינה לבנה עם מחית תות ושיבולת שועל,מיוצר עי קונדיטוריית,IL,גמדים ארוחת בוקר,גרמים,100.00,100 גרם,false,1,5.90,5.90,true,1,
7290112348142,false,שעועית לבנה 380 גר' בקופסה טעם הטבע,שטראוס טעם הטבע,IT,שעועית לבנה,גרמים,380.00,100 גרם,false,1,5.90,1.55,true,1,
7290112348999,false,הפריכיות הטעימות תירס דקות אנרג'י 135 גרם,פרח תעשיות,IL,פריכיות תירס,גרמים,135.00,100 גרם,false,1,9.90,7.33,true,1,
7290112349538,false,קפה עלית טורקי 160 גרם,שטראוס קפה בי.וי.,IL,קפה טורקי עלית,גרמים,160.00,100 גרם,false,1,11.90,7.44,true,1,
7290112349736,false,בזיליקום רוטב עגבניות לפסטה יד מרדכי 350 גרם,אמיליאנה קונסרב סוסייטה,IT,רוטב עגבניות,גרמים,350.00,100 גרם,false,1,10.90,3.11,true,1,
7290112349743,false,ארביאטה רוטב עגבניות פיקנטי לפסטה 350 ג' יד מרדכי,אמיליאנה קונסרב סוסייטה,IT,רוטב עגבניות,גרמים,350.00,100 גרם,false,1,10.90,3.11,true,1,
7290112349750,false,פיצה רוטב עגבניות לפיצה יד מרדכי 350 גרם,אמיליאנה קונסרב סוסייטה,IT,רוטב עגבניות,גרמים,350.00,100 גרם,false,1,10.90,3.11,true,1,
7290112349897,false,מסטיק מאסט Must קוביות בטעם מנטה ללא סוכר,אסקום קונפקשיין,DE,מסטיק מאסט מנטה,גרמים,86.00,100 גרם,false,1,12.90,15.00,true,1,
7290112351258,false,עוגיית קקאו פינוקיות שחור לבן 200 גר,"הגביע מוצרי ופלים בע""\מ",IL,פינוקיות שחור לב,גרמים,200.00,100 גרם,false,1,9.90,4.95,true,1,
7290112351463,false,שלישיית סוכריות מאסט FRESH פטל לימון 45 ג' עלית,"הליקון גידה בע""\מ",TR,"סוכריות לל""ס",גרמים,45.00,100 גרם,false,1,7.90,17.56,true,1,
7290112351470,false,סוכריות ללא סוכר בטעם תות רימון מאסט פרש,"הליקון גידה בע""\מ",TR,"סוכריות לל""ס",גרמים,45.00,100 גרם,false,1,7.90,17.56,true,1,
7290112355027,false,דנונה פרו 20 גרם חלבון בטעם קרמל מלוח 200 גרם,"שטראוס בריאות בע""\מ",IL,דנונה פרו קרמל,גרמים,200.00,100 גרם,false,1,5.90,2.95,true,1,
7290112355102,false,גמדים סקוויז 100 גרם פאוץ סלט פירות 100 גרם,"שטראוס בריאות בע""\מ",IL,גמדים לדרך,גרמים,100.00,100 גרם,false,1,5.90,5.90,false,1,
7290112355263,false,רוטב שמנת עם שוקולד 9% שומן 260 ג' יטבתה,מחלבת יטבתה,IL,רוטב שמנת,גרמים,265.00,100 גרם,false,1,9.70,3.66,true,1,
7290112355386,false,יטבתה רוטב שמנת בטעם קרמל מלוח יטבתה 260 גרם,מחלבת יטבתה,IL,רוטב שמנת,גרמים,260.00,100 גרם,false,1,9.70,3.73,true,1,
7290112357045,false,עגבניות איטלקיות מרוסקות 390 גר' בקופסה טעם הטבע,שטראוס טעם הטבע,IT,עגבניות מרוסקות,גרמים,390.00,100 גרם,false,1,5.90,1.51,true,1,
7290112357069,false,מחית עגבניות איטלקיות בקופסה 500 גר' טעם הטבע,שטראוס טעם הטבע,IT,מחית עגבניות,גרמים,500.00,100 גרם,false,1,5.90,1.18,true,1,
7290112357083,false,טעם הטבע אפונה ירוקה 380 גרם קופסה,הדקלאים אגודת שיתופי,IT,אפונה ירוקה,גרמים,380.00,100 גרם,false,1,5.90,1.55,true,1,
7290112357106,false,שעועית אדומה 380 גר' בקופסה טעם הטבע,שטראוס טעם הטבע,IT,שעועית אדומה,גרמים,380.00,100 גרם,false,1,5.90,1.55,true,1,
7290112357113,false,גרגרי חומוס בקופסה 380 גר' טעם הטבע,שטראוס טעם הטבע,IT,גרגרי חומוס,גרמים,380.00,100 גרם,false,1,5.90,1.55,true,1,
7290112358219,false,רוטב צ'ילי מתוק יד מרדכי 300 גרם,אף.סי תבליני בגליל ב,IL,רוטב צ'ילי מתוק,גרמים,300.00,100 גרם,false,1,11.90,3.97,true,1,
7290112358240,false,רוטב גריל יד מרדכי 300 גרם,"בית אל מזון בע""מ",IL,רוטב גריל,גרמים,300.00,100 גרם,false,1,11.90,3.97,true,1,
7290112358554,false,מארז קפה נמס מנות אישיות לדרך 50.4 גר,שטראוס רומניה,RO,נמס לדרך מארז,גרמים,50.00,100 גרם,false,1,9.90,19.80,true,1,
7290112415400,false,עוגיות אלפחורס קפולסקי 280 גרם,תופינים מקבוצת קפולסקי,IL,עוגיות אלפחורס,גרמים,280.00,100 גרם,false,1,19.90,7.11,true,1,
7290112490032,false,"נמס בכוס טעם תירס קנור 31 גרם מארז זוגי בד""צ",יוניליוור ישראל מזון בעמ,IL,נמס בכוס תירס,גרמים,45.00,100 גרם,false,1,5.90,13.11,true,1,
7290112490216,false,מרק נמס בכוס בטעם עוף קנור 100% רכיבים טבעיים,יוניליוור ישראל מזון בעמ,IL,מרק נמס בכוס,גרמים,48.00,100 גרם,false,1,5.90,12.29,true,1,
7290112490230,false,מרק נמס בכוס אפונה קנור 100% רכיבים טבעיים,יוניליוור ישראל מזון בעמ,IL,מרק נמס בכוס,גרמים,50.00,100 גרם,false,1,5.90,11.80,true,1,
7290112490742,false,מרק עשיר פטריות עם גריסים רכיבים טבעיים 104 ג' קנור,יוניליוור ישראל מזון בע\,IL,מרק עשיר פטריות,גרמים,104.00,100 גרם,false,1,9.90,9.52,true,1,
7290112490896,false,"קנור רוטב צ'ילי חריף 370 מ""ל PAL",יוניליוור מזון,IL,רוטב צ'ילי חריף,גרמים,370.00,100 גרם,false,1,9.90,2.68,true,1,
7290112492593,false,תחליב רחצה פינוק בניחוח פינוק קלאסי 700,יוניליוור ישראל טיפוח אי,IL,תחליב רחצה פינוק,מיליליטרים,700.00,"100 מ""ל",false,1,9.90,1.41,true,1,
7290112492609,false,"תחליב רחצה פינוק 700 מ""ל לבנדר ווניל",יוניליוור ישראל טיפוח אי,IL,תחליב רחצה פינוק,מיליליטרים,700.00,"100 מ""ל",false,1,9.90,1.41,true,1,
7290112492746,false,"פינוק מרכך ללא דמעות לסירוק קל לילדים 700 מ""ל",יוניליוור ישראל טיפוח אי,IL,מרכך פינוק ילדים,מיליליטרים,700.00,"100 מ""ל",false,1,13.80,1.97,true,1,
7290112492753,false,"פינוק לילדים אל סבון לרחצה 700 מ""ל",יוניליוור ישראל טיפוח אי,IL,אל סבון לילדים,מיליליטרים,700.00,"100 מ""ל",false,1,13.80,1.97,true,1,
7290112492982,false,"אבקת מרק פטריות כשל""פ 100% רכיבים טבעיים 400 גרם",יוניליוור ישראל מזון בע\,IL,מרק פטריות,גרמים,400.00,100 גרם,false,1,18.90,4.73,true,1,
7290112493293,false,קנור - נמס ירקות וקרוטונים ר.טבעי 44 גרם,יוניליוור ישראל מזון בעמ,IL,נמס בכוס,גרמים,44.00,100 גרם,false,1,5.90,13.41,true,1,
7290112493316,false,מרק היום אפונה ר.טבעיים קנור 117 גרם,יוניליוור ישראל מזון בעמ,IL,מרק עשיר אפונה,גרמים,117.00,100 גרם,false,1,9.90,8.46,true,1,
7290112494795,false,בדין-ג'ל לכביסה לבנה וצבעונית בניחוח עדין כחול 2.5 ליטר,"זוהר דליה, קיבוץ דליה, 1",IL,בדין ג'ל כביסה,ליטרים,2.50,ליטר,false,1,27.90,11.16,true,1,
7290112494801,false,בדין-ג'ל לכביסה לבנה וצבעונית בניחוח עדין ורוד 2.5 ליטר,יוניליוור פארם,IL,בדין ג'ל כביסה,ליטרים,2.50,ליטר,false,1,27.90,11.16,true,1,
7290112494818,false,בדין-ג'ל לכביסה לבנה וצבעונית בייבי 2.5 ליטר,היינץ צפון אמריקה מק,IL,בדין ג'ל כביסה,ליטרים,2.50,ליטר,false,1,27.90,11.16,true,1,
7290112494993,false,דגני בוקר וניל 686ג' כריות,"יוניליוור שפע ישראל בע""\",IL,כריות וניל,גרמים,686.00,100 גרם,false,1,21.90,3.19,true,1,
7290112495006,false,כריות נוגט 686 גרם - קופסא,"יוניליוור ישראל מזון בע""",IL,כריות נוגט,גרמים,686.00,100 גרם,false,1,21.90,3.19,true,1,
7290112495020,false,כריות צוקולדה בדצ מאוחד 750 גר,"יוניליוור ישראל מזון בע""",IL,כריות צ'וקולדה,גרמים,686.00,100 גרם,false,1,21.90,3.19,true,1,
7290112495037,false,דגני בוקר בטעם שוקולד כדורים 375 ג' קוקומן,יוניליוור שפע ישראל בעמ,IL,קוקומן כדורים,גרמים,375.00,100 גרם,false,1,16.90,4.51,true,1,
7290112495044,false,ציפי (פצפוצים) גריין בדצ 500גר,"יוניליור שפע ישראל בע""\מ",IL,קוקומן פצפוצים,גרמים,375.00,100 גרם,false,1,16.90,4.51,true,1,
7290112495143,false,נשנושי קרקר קוקטייל מלוח בייגל בייגל 300 גרם,בייגל את בייגל מזון 198),IL,נשנושי קרקר,גרמים,300.00,100 גרם,false,1,11.50,3.83,true,1,
7290112495433,false,דגני דליפקאן תוספת אגוזי פקאן ושקדים 400 גר,"יוניליור שפע ישראל בע""\מ",IL,דגני בוקר דליפקא,גרמים,400.00,100 גרם,false,1,19.90,4.98,true,1,
7290112495754,false,"רטבי הלמנס לסלט 300 מ""ל אלף האיים",יוניליוור ישראל מזון בעמ,IL,רוטב אלף האיים,גרמים,305.00,100 גרם,false,1,9.90,3.25,true,1,
7290112495761,false,"הלמנס רוטב לחיץ אלף האיים לייט 290 מ""ל",יוניליוור ישראל מזון בעמ,IL,רוטב אלף האיים,גרמים,305.00,100 גרם,false,1,9.90,3.25,true,1,
7290112495785,false,רוטב לסלט שום הלמנס 300ג,יוניליוור ישראל מזון בעמ,IL,רוטב שום לסלט,גרמים,300.00,100 גרם,false,1,9.90,3.30,true,1,
7290112495815,false,"רוטב חרדל ודבש לייט הלמנס 305 גרם בד""צ.",יוניליוור ישראל מזון בעמ,IL,רוטב חרדל ודבש,גרמים,305.00,100 גרם,false,1,9.90,3.25,true,1,
7290112495938,false,"קרקר 6 דגנים בייגל בייגל 250 גרם בד""צ","מיוצר ע""\י קוד יצרן AF",IL,קרקר 6 דגנים,גרמים,250.00,100 גרם,false,1,7.90,3.16,true,1,
7290112496027,false,סירופ שוקולד אפיכל 580 גרם,יוניליוור ישראל מזון בע\,IL,סירופ בטעם שוקול,גרמים,580.00,100 גרם,false,1,10.90,1.88,true,1,
7290112496034,false,סירופ מייפל אפיכל 580 גרם,יוניליוור ישראל מזון בע\,IL,סירופ בטעם מייפל,גרמים,580.00,100 גרם,false,1,10.90,1.88,true,1,
7290112497369,false,"דאב - דאודורנט רול און לאישה טלק סופט 50 מ""ל","יוניליוור אנגליה, דרך קו",GB,דאו דאב רול און,מיליליטרים,50.00,"100 מ""ל",false,1,14.90,29.80,false,1,
7290112497505,false,וזלין תחליב גוף בתוספת אלוורה 600 מל,"יוניליוור, ג'פרסון סיטי,",US,קרם גוף ואזלין,מיליליטרים,600.00,"100 מ""ל",false,1,19.90,3.32,true,1,
7290112497710,false,פינוק בייבי שמפו אל דמע לתינוקות 700 מל,יוניליוור ישראלn\טיפוח א,IL,בייבי שמפו תינוק,מיליליטרים,700.00,"100 מ""ל",false,1,13.90,1.99,true,1,
7290112497727,false,פינוק בייבי אל סבון אל דמע לתינוקות 700,יוניליוור ישראלn\טיפוח א,IL,אל סבון בייבי,מיליליטרים,700.00,"100 מ""ל",false,1,13.90,1.99,true,1,
7290112498052,false,מאגדת פתית צ'יפס בטטה 21 גרם*4 יח',JLM גלובל פודסn37\ דרך א,GB,פתית צ'יפס 4 יח,גרמים,84.00,100 גרם,false,1,12.90,15.36,true,1,
7290112498267,false,פינוק אל סבון לידיים בניחוח פינוק קלאסי,קוסטר אירוסול ולף סנ,IL,אל סבון פינוק,מיליליטרים,950.00,"100 מ""ל",false,1,11.90,1.25,true,1,
7290112498281,false,"אל סבון לידיים בתוספת שמן קוקוס פינוק 950 מ""ל",יוניליוור ישראל טיפוח אי,IL,אל סבון פינוק,מיליליטרים,950.00,"100 מ""ל",false,1,11.90,1.25,true,1,
7290112498298,false,"אל סבון ליידים בתוספת שמן מרוקאי פינוק 950 מ""ל",קוסטר אירוסול ולף סנ,TR,אל סבון פינוק,מיליליטרים,950.00,"100 מ""ל",false,1,11.90,1.25,true,1,
7290112498922,false,מאגדת מיני מגנום לבן שטראוס 250 גרם,"מיוצר ע""\י גלידת שטראוס",IL,מאגדת מיני מגנום,גרמים,250.00,100 גרם,false,1,24.90,9.96,true,1,
7290112499196,false,גלידה בטעם החלב של הקורנפלקס 1.33 ל' קרמיסימו,"גלידת שטראוס בע""\מ, רחוב",IL,קרמיסימו ט. חלב,ליטרים,1.33,ליטר,false,1,19.90,14.96,true,1,
7290112499462,false,פינוק תחליב רחצה 700 בתוספת שמן קוקוס,יוניליוור ישראל טיפוח אי,IL,תחליב רחצה פינוק,מיליליטרים,700.00,"100 מ""ל",false,1,9.90,1.41,true,1,
7290112499943,false,מיני מאגדת מיני מגנום טעמים שונים וניל+שוקו,"מיוצר ע""\י גלידת שטראוס",IL,מאגדת מיני מגנום,גרמים,250.00,100 גרם,false,1,24.90,9.96,true,1,
7290114310215,false,"שמנת מתוקה 38% רמת הגולן 250 מ""ל ווסטהיים - מוצר בפיקוח",מילקו תעשיות בעמ,IL,שמנת מתוקה 38%,מיליליטרים,250.00,"100 מ""ל",false,1,6.20,2.48,true,1,
7290114600941,false,מאסטר שף מיונז הולנדי לחיץ 435 גרם,קפה לנדוור,NL,מיונז לחיץ,גרמים,435.00,100 גרם,false,1,11.90,2.74,true,1,
7290114600989,false,"רוטב אלף האיים מאסטר שף 250 מ""ל",קפה לנדוור,NL,רוטב אלף האיים,מיליליטרים,250.00,"100 מ""ל",false,1,8.90,3.56,true,1,
7290114604895,false,ממרח ספייסי לחיץ מאסטר שף 446 גרם,מאסטר שף,NL,ממרח ספייסי לחיץ,גרמים,446.00,100 גרם,false,1,11.90,2.67,true,1,
7290114604901,false,ממרח שום לחיץ מאסטר שף 444 גרם,מאסטר שף,NL,ממרח שום לחיץ,גרמים,444.00,100 גרם,false,1,11.90,2.68,true,1,
7290114604932,false,רוטב ברביקיו דבש מאסטר שף 520 גרם,רמיה סי.וי. הולנד,NL,רוטב ברביקיו דבש,גרמים,520.00,100 גרם,false,1,11.90,2.29,true,1,
7290114606530,false,רוטב בטעם מיונז וקטשופ מאסטר שף 515 גרם,מאסטר שף,NL,רוטב טעם מיונז,גרמים,515.00,100 גרם,false,1,11.90,2.31,true,1,
7290114606554,false,מיונז מופחת קלוריות בקבוק לחיץ,מאסטר שף,NL,ממרח מיונז לייט,גרמים,470.00,100 גרם,false,1,11.90,2.53,true,1,
7290114608701,false,"חטיף תפו""א בטעם גריל","מנה י.א בע""\מ",IL,חטיף פוף 15*8גרם,גרמים,120.00,100 גרם,false,1,9.90,8.25,true,1,
7290114659949,false,מסכה כירורגית חד פעמית מארז 50 יח',נ'יאנג יונג,CN,מסכת פנים חד פעמ,יחידה,1.00,יחידה,false,1,9.90,9.90,true,1,
7290115204056,false,"קטשופ מופחת סוכר אסם 690 גרם כשל""פ","אסם תעשיות בע""מ",IL,קטשופ מופחת סוכר,גרמים,690.00,100 גרם,false,1,9.90,1.43,true,1,
7290115230024,false,מטאטא מאי אקסטרה,,IL,מטאטא מאי אקסטרה,יחידה,1.00,יחידה,false,1,19.90,19.90,true,1,
7290115230031,false,מטאטא אקסטרה +מקל,ARIA YINHAI,CN,מטאטא אקסטרה,יחידה,1.00,יחידה,false,1,14.90,14.90,true,1,
7290115230482,false,מטאטא פרפקט מליציה,,IL,מטאטא פרפקט,יחידה,1.00,יחידה,false,1,21.90,21.90,true,1,
7290115403350,false,עוגיות רשת שוקו מסוכרות,ק.א. ומשווק בבלעדיות על,IL,עוגיות רשת שוקו,גרמים,450.00,100 גרם,false,1,14.90,3.31,true,1,
7290115403435,false,עוגיות מעמול תמר 500 גרם,שיבולים א.ד.ל )ק.א(,IL,עוגיות מעמול תמר,גרמים,500.00,100 גרם,false,1,14.90,2.98,true,1,
7290115403442,false,עוגיות ממולאות שוקולד,,IL,עוגיות ממולאות,גרמים,500.00,100 גרם,false,1,14.90,2.98,true,1,
7290115403459,false,עוגיות נסיכה בטעם תות 50,שיבולים א.ד.ל )ק.א(,IL,עוגיות נסיכה,גרמים,500.00,100 גרם,false,1,14.90,2.98,true,1,
7290115403466,false,עוגיות נסיכה מיקס 500 גר,שיבולים א.ד.ל )ק.א(,IL,עוגיות נסיכה,גרמים,500.00,100 גרם,false,1,14.90,2.98,true,1,
7290115403480,false,עוגיות בסגנון מרוקאי 500,,IL,עוגיות מרוקאי,גרמים,500.00,100 גרם,false,1,14.90,2.98,true,1,
7290115403510,false,עוגיות מגולגלות תמרים,,IL,עוגיות תמרים,גרמים,500.00,100 גרם,false,1,14.90,2.98,true,1,
7290115403527,false,עוגיות עינוגי תמרים 500ג,,IL,עינוגי תמרים,גרמים,500.00,100 גרם,false,1,14.90,2.98,true,1,
7290115405088,false,קינוח אישי קדאיף קפולסקי 200 גרם,קפולסקי אדל בעמ,IL,קינוח קדאיף,גרמים,200.00,100 גרם,false,1,13.90,6.95,true,1,
7290115405774,false,פחזניות ממולאות בטעם וניל קפולסקי 180 גרם,תופינים מקבוצת קפולס,IL,פחזניות וניל,גרמים,180.00,100 גרם,false,1,12.90,7.17,true,1,
7290115405781,false,פחזניות ממולאות בטעם שוקולד קפולסקי 180 גרם,תופינים מקבוצת קפולס,IL,פחזניות 180 גרם,גרמים,180.00,100 גרם,false,1,12.90,7.17,true,1,
7290115405798,false,פחזניות ממולאות בטעם ריבת חלב קפולסקי 180 גרם,קפולסקי אדל בעמ,IL,פחזניות ריבת חלב,גרמים,180.00,100 גרם,false,1,12.90,7.17,true,1,
7290115405804,false,פחזניות ממולאות בטעם תות קפולסקי 180 גרם,קפולסקי אדל בעמ,IL,פחזניות בטעם תות,גרמים,180.00,100 גרם,false,1,12.90,7.17,true,1,
7290115405811,false,קינוח אישי גבינה ופירורי עוגיות קפולסקי 200 גרם,תופינים מקבוצת קפולסקי,IL,קינוח אישי,גרמים,200.00,100 גרם,false,1,13.90,6.95,true,1,
7290115480009,false,"מרכך כביסה מרוכז פרש קונטרול ירוק 900 מ""ל סוד",הנקל סוד,IL,סוד מרכך פרש,מיליליטרים,900.00,"100 מ""ל",false,1,11.90,1.32,true,1,
7290115671339,false,מיני פינוקיות בראוניז בייגל בוטן עלית 180 ג' עלית,"הגביע מוצרי ופלים בע""\מ",IL,מיני פינוקיות,גרמים,180.00,100 גרם,false,1,9.90,5.50,true,1,
7290115671346,false,מיני פינוקיות טופי קרמל מלוח עלית 180 גרם,"הגביע מוצרי ופלים בע""\מ",IL,מיני פינוקיות,גרמים,180.00,100 גרם,false,1,9.90,5.50,true,1,
7290115671353,false,מיני פינוקיות עוגיות קקאו במילוי קרם בטעם וניל,"הגביע מוצרי ופלים בע""\מ",IL,מיני פינוקיות,גרמים,180.00,100 גרם,false,1,9.90,5.50,true,1,
7290115675559,false,מארז קפה טורקי לדרך 10 יחידות,שטראוס קפה בי.וי.,IL,מארז טורקי לדרך,גרמים,70.00,100 גרם,false,1,7.50,10.71,true,1,
7290115676037,false,דנונה ריפרש יוגורט עם תות ודומדמניות 1.6% שומן,מיוצר עי קונדיטוריית,IL,יוגורט דנונה,גרמים,250.00,100 גרם,false,1,4.90,1.96,true,1,
7290115676051,false,"משקה אקטיביה שיבולת שועל במתיקות מעודנת 250 מ""ל",מיוצר עי קונדיטוריית,IL,משקה אקטיביה,גרמים,265.00,100 גרם,false,1,4.80,1.81,true,1,
7290115677089,false,קונפיטורת תפוח וקינמון יד מרדכי 340 גרם,"בית אל מזון בע""מ",IL,קונפיטורה תפוח,גרמים,340.00,100 גרם,false,1,12.90,3.79,true,1,
7290115678376,false,מעדן הגולן שוקולד 125 גרם,מיוצר עי קונדיטוריית,IL,מעדן הגולן,גרמים,125.00,100 גרם,false,1,2.80,2.24,true,1,
7290115678383,false,מעדן הגולן שוקולד מריר 125 גרם,מיוצר עי קונדיטוריית,IL,מעדן הגולן,גרמים,125.00,100 גרם,false,1,2.80,2.24,true,1,
7290115678970,false,מארז סוכריות FRESH בטעם בזוקה עלית 3*15 ג',"הליקון גידה בע""\מ",TR,"סוכריות לל""ס",גרמים,45.00,100 גרם,false,1,7.90,17.56,true,1,
7290115720280,false,בריקס לגו סוריות בטעם פירות גרוס מארז 18 יחידות,גרוסליין,CN,סוכריות לגו,גרמים,216.00,100 גרם,false,1,17.90,8.29,true,1,
7290115720358,false,סוכריות גואל פופ מארז 18 יחי',גרוסליין,CN,סוכריות טבעת,גרמים,225.00,100 גרם,false,1,17.90,7.96,true,1,
7290115720464,false,סוכריות מוצץ גרוסליי 16*18גר,גרוסליין,BE,סוכריית מוצץ18יח,גרמים,105.00,100 גרם,false,1,17.90,17.05,true,1,
7290115720471,false,סוכריות משרוקית גרוס מארז 18 יחידות,גרוסליין,BE,סוכריית משרוקית,גרמים,170.00,100 גרם,false,1,17.90,10.53,true,1,
7290115720488,false,סוכריות ליפסטיק גרוס מארז 18 יחידות,גרוסליין,BE,סוכריית ליפסטיק,גרמים,170.00,100 גרם,false,1,17.90,10.53,true,1,
7290115720709,false,גואל פופ מארז מארז 18 יחידות,גרוסליין,CN,סוכ.טבעת 18 יח,גרמים,225.00,100 גרם,false,1,17.90,7.96,true,1,
7290115720778,false,דיפ אנד ליק סוכריות דובי על מקל 15 יח',גרוסליין,CN,סוכ.דיפ אנד ליק,גרמים,202.00,100 גרם,false,1,17.90,8.86,true,1,
7290115730944,false,כוס יהלום 25 יחידות,תבניכל,CN,כוס יהלום,יחידה,1.00,יחידה,false,1,6.80,6.80,true,1,
7290115731507,false,גביעי דוריקינו קטנים 12,,CN,גביעי דוריקינו,יחידה,1.00,יחידה,false,1,7.90,7.90,true,1,
7290115731521,false,גביעי אפולי קטנים 12 יחי,,CN,גביעי אפולי,יחידה,1.00,יחידה,false,1,7.90,7.90,true,1,
7290115731552,false,גביעי קוביקינו קטנים12יח,,CN,גביעי קוביקינו,יחידה,1.00,יחידה,false,1,7.90,7.90,true,1,
7290115733099,false,"כוסות ח""פ ספיר 75 יחידות",פלזית,IL,"כוסות ח""פ 75יח",יחידה,1.00,יחידה,false,1,7.90,7.90,true,1,
7290115733259,false,מאפינס צבעוני 20 יחידות,,CN,מאפינס צבעוני,יחידה,1.00,יחידה,false,1,9.90,9.90,true,1,
7290115736113,false,8 צלחות קטנות קרם כלנית,,IL,8 צלחות קטנות קר,יחידה,1.00,יחידה,false,1,9.90,9.90,true,1,
7290115736151,false,8 צלחות קטנות נצנץ זהב כ,,IL,8 צלחות קטנות נצ,יחידה,1.00,יחידה,false,1,9.90,9.90,true,1,
7290115736304,false,8 צלחות גדולות שחור כלני,,IL,8 צלחות גדולות ש,יחידה,1.00,יחידה,false,1,19.90,19.90,true,1,
7290115736380,false,8 צלחות בינוני קרם כלנית,,IL,8 צלחות בינוני ק,יחידה,1.00,יחידה,false,1,15.90,15.90,true,1,
7290115736427,false,8 צלחות בינוני נצנץ זהב,,IL,8 צלחות בינוני נ,יחידה,1.00,יחידה,false,1,15.90,15.90,true,1,
7290115736472,false,6 קסרול נצנץ קרם כלנית,,IL,6 קסרול נצנץ קרם,יחידה,1.00,יחידה,false,1,6.90,6.90,true,1,
7290115736489,false,6 קסרול שחור כלנית,,IL,6 קסרול שחור,יחידה,1.00,יחידה,false,1,6.90,6.90,true,1,
7290115736915,false,מגן ארונות מוכסף 30X200,תבניכל,CN,מגן ארונות מוכסף,יחידה,1.00,יחידה,false,1,4.90,4.90,true,1,
7290115737202,false,צמד קערות קרם כל,,IL,צמד קערות קרם,יחידה,1.00,יחידה,false,1,7.90,7.90,true,1,
7290115737219,false,צמד קערות שחור כל,,IL,צמד קערות שחור,יחידה,1.00,יחידה,false,1,7.90,7.90,true,1,
7290116290348,false,מקרון למילוי-סגול 12 יח',מייסטר,IL,מקרון למילוי12יח,גרמים,85.00,100 גרם,false,1,17.90,21.06,true,1,
7290116290812,false,קרם עוג.קרמל פרימיום450ג,מייסטר,IL,קרם עוג.קרמל,גרמים,450.00,100 גרם,false,1,34.90,7.76,true,1,
7290116291314,false,מקרון למילוי-קפה 6 יח',מייסטר,IL,מקרון למילוי6יח,גרמים,85.00,100 גרם,false,1,17.90,21.06,true,1,
7290116291680,false,קרם שוקולד לבן חלבי450ג,מייסטר,IL,קרם שוקולד לבן,גרמים,450.00,100 גרם,false,1,34.90,7.76,true,1,
7290116291758,false,קרם וניל איכותי 450 גרם,מייסטר,IL,קרם וניל איכותי,גרמים,450.00,100 גרם,false,1,34.90,7.76,true,1,
7290116291765,false,קרם בייגלה מלוח 450 גרם,מייסטר,IL,קרם בייגלה מלוח,גרמים,450.00,100 גרם,false,1,34.90,7.76,true,1,
7290116293226,false,קרם בואנו חלבי 450 גרם,מייסטר,IL,קרם בואנו חלבי,גרמים,450.00,100 גרם,false,1,34.90,7.76,true,1,
7290116293233,false,קרם בואנו קראנץ חלבי 450,מייסטר,IL,קרם בואנו קרנץ,גרמים,450.00,100 גרם,false,1,34.90,7.76,true,1,
7290116293240,false,קרם פררו לבן חלבי 450 גר,מייסטר,IL,קרם פררו לבן,גרמים,450.00,100 גרם,false,1,34.90,7.76,true,1,
7290116530062,false,רוטב ויניגרט לסלט הלמנס 295 גרם,יוניליוור ישראל מזון בע\,IL,רוטב ויניגרט,גרמים,295.00,100 גרם,false,1,9.90,3.36,true,1,
7290116530185,false,"קורנפלקס דלישקד קרמל מלוח 400 גרם בד""ץ","יוניליוור שפע ישראל בע""\",IL,דלישקד קרמל,גרמים,400.00,100 גרם,false,1,19.90,4.98,true,1,
7290116530215,false,דאודרנט סטיק לגבר דרק טמפטיישן 76 ג' אקס,יוניליוור פארם,US,דאו. סטיק אקס,גרמים,77.00,100 גרם,false,1,14.90,19.35,true,1,
7290116530222,false,דאודרנט סטיק לגבר אנרכי 76 ג' אקס,יוניליוור פארם,US,דאו.סטיק אקס,גרמים,77.00,100 גרם,false,1,14.90,19.35,true,1,
7290116530871,false,נשנושים מיקס בייגל בייגל 240 גרם,"דרך השוקולד ,1 צפת 13404",IL,חטיף נשנושים,גרמים,240.00,100 גרם,false,1,9.90,4.13,true,1,
7290116531083,false,"ברנפלקס ללא ת.סוכר בטעם דבש בתוספת שקדים, 400 גרם","יוניליוור שפע ישראל בע""\",IL,ברנפלקס טעם דבש,גרמים,400.00,100 גרם,false,1,19.90,4.98,true,1,
7290116532011,false,קליק אוקיי נוגט בציפוי שוקולד חלב 35 גרם,תות תעשיות מזון (2014) ב,IL,חטיף קליק נוגט,גרמים,35.00,100 גרם,false,1,3.90,11.14,true,1,
7290116532868,false,פינוק בייבי שמפו אל דמע לתינוקות 900 מל,יוניליוור ישראלn\טיפוח א,IL,בייבי שמפו,מיליליטרים,900.00,"100 מ""ל",false,1,17.90,1.99,true,1,
7290116532875,false,פינוק בייבי אל סבון לתינוקות 970 מל-משאבה,יוניליוור ישראלn\טיפוח א,IL,אל סבון לתינוק,מיליליטרים,900.00,"100 מ""ל",false,1,17.90,1.99,true,1,
7290116533032,false,"מארז זוג תחליב רחצה פינוק קלאסי 1400 מ""ל",יוניליוור ישראל טיפוח אי,IL,פינוק זוג ת.רחצה,מיליליטרים,1400.00,"100 מ""ל",false,1,19.80,1.41,true,1,
7290116930244,false,"שמיניית יוגורט תנובה 1.5% בד""צ 150 גרם",תנובה מרכז שיתופי לש,IL,מארז יוגורט,קילוגרמים,1.20,"ק""ג",false,1,14.90,12.42,true,1,
7290116930282,false,ארוחה בקטנה לאבנה עם קרקרים 150ג' תנובה,תנובה חלב,IL,לאבנה,גרמים,150.00,100 גרם,false,1,7.90,5.27,true,1,
7290116930459,false,"יופלה שייק מנגו בננה אננס וקוקוס 230 מ""ל",קבוצת המזון אקטשלאר,IL,יופלה שייק,מיליליטרים,230.00,"100 מ""ל",false,1,7.90,3.43,true,1,
7290116930701,false,מעדן חלב GO מועשר בחלבון בטעם קרמל מלוח,תנובה מרכז שיתופי לש,IL,מעדן חלב גו,גרמים,120.00,100 גרם,false,1,4.50,3.75,true,1,
7290116930718,false,מעדן תנובה דיאט בטעם שוקולד וקרמל מלוח 0% 150ג' תנובה,"תנובה בע""\מ",IL,מעדן תנובה דיאט,גרמים,150.00,100 גרם,false,1,3.50,2.33,true,1,
7290116931074,false,פרוסות טל העמק 32% שומן 300 גרם,"תנובה בע""\מ",IL,טל העמק32% 300גר,גרמים,300.00,100 גרם,false,1,24.90,8.30,true,1,
7290116931081,false,מעדן סויה - טופי קרמל 125 גרם אלטרנטיב,תנובה מרכז שיתופי לש,IL,מעדן סויה טופי,גרמים,125.00,100 גרם,false,1,3.90,3.12,true,1,
7290116931104,false,יופלה GO במרקם סמיך עם אננס 0% תנובה 200 גרם,תנובה חלב,IL,יופלה גו סמיך,גרמים,200.00,100 גרם,false,1,5.50,2.75,true,1,
7290117030929,false,תבניות אלומיניום 31-R 10,,IL,תבניות אלומיניום,יחידה,1.00,יחידה,false,1,6.90,6.90,true,1,
7290117030936,false,10תבניות אלומיניום 2-R,,IL,תבניות אלומיניום,יחידה,1.00,יחידה,false,1,6.90,6.90,true,1,
7290117030943,false,תבניות אלומ. עמוקות 64-R,,IL,תבניות אלומיניום,יחידה,1.00,יחידה,false,1,6.90,6.90,true,1,
7290117030950,false,5תבניות אלומיניום 99-R,,IL,תבניות אלומיניום,יחידה,1.00,יחידה,false,1,6.90,6.90,true,1,
7290117030967,false,תבניות אינגלייש 88-R,,IL,תבניות אלומיניום,יחידה,1.00,יחידה,false,1,6.90,6.90,true,1,
7290117030974,false,תבניות אלומ. טוסטר 29-R,,IL,תבניות אלומיניום,יחידה,1.00,יחידה,false,1,6.90,6.90,true,1,
7290117030981,false,תבניות אלומ. עגולות 60-C,,IL,תבניות אלומיניום,יחידה,1.00,יחידה,false,1,6.90,6.90,true,1,
7290117030998,false,תבניות אלומ.גדולות 10-C,,IL,תבניות אלומיניום,יחידה,1.00,יחידה,false,1,6.90,6.90,true,1,
7290117031506,false,כוסות נייר 40 יח' 8B,,CN,"כוסות ח""פ 40 יח",יחידה,1.00,יחידה,false,1,6.90,6.90,true,1,
7290117380192,false,חטיף פוף קראנץ בטעם גריל 60 גרם,מנה,IL,חטיף פוף קראנץ,גרמים,60.00,100 גרם,false,1,2.90,4.83,true,1,
7290117380215,false,חטיף פוף קראנץ בטעם טאקו 60 גרם,מנה,IL,חטיף פוף קראנץ',גרמים,60.00,100 גרם,false,1,2.90,4.83,true,1,
7290117380697,false,מארז קולגייט אופטיק 75X2,,PL,מארז קולגייט,מיליליטרים,150.00,"100 מ""ל",false,1,24.90,16.60,true,1,
7290589856775,false,נייס שבלולים לשיער,,IL,אביזרים לבית,יחידה,1.00,יחידה,false,0,5.90,5.90,true,1,
7296073126713,false,אובלטים קימל,,IL,אובלטים קימל,גרמים,300.00,100 גרם,false,0,7.90,2.63,true,1,
7296073126720,false,אובלטים שומשום,,IL,אובלטים שומשום,גרמים,300.00,100 גרם,false,0,7.90,2.63,true,1,
7296073126737,false,אובלטים מלוחים,,IL,אובלטים מלוחים,גרמים,300.00,100 גרם,false,0,7.90,2.63,true,1,
7296073126744,false,שקיות אשפה,,IL,שקיות אשפה,יחידה,1.00,יחידה,false,0,14.90,14.90,true,1,
7296073126751,false,שקיות אשפה,,IL,שקיות אשפה,יחידה,1.00,יחידה,false,0,15.90,15.90,true,1,
7296073126768,false,שקיות אשפה 75X90 יש 50X2,,IL,זוג שקיות אשפה,יחידה,1.00,יחידה,false,0,22.90,22.90,true,1,
7296073126775,false,שקיות אשפה,,IL,שקיות אשפה,יחידה,1.00,יחידה,false,0,24.90,24.90,true,1,
7296073126799,false,מארז שקיות אוכל,,IL,מארז שקיות אוכל,יחידה,1.00,יחידה,false,0,12.90,12.90,true,1,
7296073126812,false,שקיות הקפאה,,IL,שקיות הקפאה,יחידה,1.00,יחידה,false,0,9.90,9.90,true,1,
7296073127932,false,"פריכיות אורז ""יש"" 340גרם",בטר אנד דיפרנט,IL,פריכיות אורז34גר,גרמים,340.00,100 גרם,false,0,11.90,3.50,true,1,
7296073128175,false,"נייר טואלט פרימ"".יש32""גל",שניב תעשיות נייר,IL,נייר טואלט,מטרים,589.00,100 מטר,false,0,22.90,3.89,true,1,
7296073128182,false,"נייר טואלט ""יש"" 48גלילים",שניב תעשיות נייר,IL,נייר טואלט,מטרים,883.00,100 מטר,false,0,29.90,3.39,true,1,
7296073128755,false,"וופל בלגי ""יש"" 150 גרם",גילרו,IL,וופל בלגי,גרמים,150.00,100 גרם,false,0,2.90,1.93,true,1,
7296073128786,false,קרקר מלח 110 גרם,מגדנית הדר,IL,קרקר מלח,גרמים,110.00,100 גרם,false,0,2.90,2.64,true,1,
7296073128847,false,עוגיות סנדוויץ שוקו150גר,מגדנית הדר,IL,עוגיות סנדוויץ,גרמים,150.00,100 גרם,false,0,2.90,1.93,true,1,
7296073128854,false,עוגיות סנדוויץ תות 150גר,מגדנית הדר,IL,עוגיות סנדוויץ,גרמים,150.00,100 גרם,false,0,2.90,1.93,true,1,
7296073128861,false,עוגיות סנדוויץ וניל150גר,מגדנית הדר,IL,עוגיות סנדוויץ,גרמים,150.00,100 גרם,false,0,2.90,1.93,true,1,
7296073128908,false,"מיץ ענבים ""יש"" 1 ליטר",יקבי ארזה,IL,"מיץ ענבים ""יש""",ליטרים,1.00,ליטר,false,0,9.90,9.90,true,1,
7296073128915,false,יין לקידוש בציר 1 ליטר,יקבי ארזה,IL,יין אדום לקידוש,ליטרים,1.00,ליטר,false,0,12.90,12.90,true,1,
7296073129974,false,"סלט חומוס מזרחי ""יש"" 1קג",סלטי שמיר,IL,חומוס מזרחי,קילוגרמים,1.00,"ק""ג",false,0,9.90,9.90,true,1,
7296073132103,false,פתיתים אורז,,IL,פתיתים אורז,גרמים,500.00,100 גרם,false,0,2.90,0.58,true,1,
7296073132110,false,פתיתים קוסקוס,,IL,פתיתים קוסקוס,גרמים,500.00,100 גרם,false,0,2.90,0.58,true,1,
7296073133780,false,קמח יש,,IL,קמח יש,קילוגרמים,1.00,"ק""ג",false,0,2.90,2.90,true,1,
7296073133933,false,ספגטי,,TR,ספגטי,גרמים,500.00,100 גרם,false,0,2.90,0.58,true,1,
7296073133940,false,ספגטיני,,TR,ספגטיני,גרמים,500.00,100 גרם,false,0,2.90,0.58,true,1,
7296073133964,false,צינורות,,IL,צינורות,גרמים,500.00,100 גרם,false,0,2.90,0.58,true,1,
7296073133971,false,קונכיות,,TR,קונכיות,גרמים,500.00,100 גרם,false,0,2.90,0.58,true,1,
7296073133988,false,"ספירלה ""יש500""גר",,TR,"ספירלה ""יש500""גר",גרמים,500.00,100 גרם,false,0,2.90,0.58,true,1,
7296073133995,false,שמן זית כתית,,ES,שמן זית כתית,מיליליטרים,750.00,"100 מ""ל",false,0,27.90,3.72,true,1,
7296073134107,false,ממחטות אף דו שכבתי צץ רץ,שניב תעשיות נייר,IL,"ממחטות אף ""יש""",יחידה,1.00,יחידה,false,0,9.90,9.90,true,1,
7296073134121,false,נייר חתוך לשבת 100*10 יח,שניב תעשיות נייר,IL,נייר חתוך לשבת,יחידה,1.00,יחידה,false,0,11.90,11.90,true,1,
7296073134152,false,מפיות חד שכבתי יש 100 יח,שניב תעשיות נייר,IL,מפיות חד שכבתי,יחידה,1.00,יחידה,false,0,3.90,3.90,true,1,
7296073134503,false,"דבש ""יש"" 1 ק""ג",מכוורת עמק חפר,IL,דבש יש,קילוגרמים,1.00,"ק""ג",false,0,37.90,37.90,true,1,
7296073134527,false,"דבש ""יש"" 500 גרם",מכוורת עמק חפר,IL,דבש יש,גרמים,500.00,100 גרם,false,0,19.90,3.98,true,1,
7296073140511,false,"גביעי גלידה ""יש"" 105 גרם",גילרו,IL,גביעי גלידה,גרמים,105.00,100 גרם,false,0,6.90,6.57,true,1,
7296073141242,false,"סוכר ""יש"" 1 ק""ג",סוגת,IL,"סוכר ""יש"" 1 ק""ג",קילוגרמים,1.00,"ק""ג",false,0,3.90,3.90,true,1,
7296073142478,false,צ'יפס קלאסי יש 2.2קג,תפוגן,IL,צ'יפס קלאסי,קילוגרמים,2.20,"ק""ג",false,0,19.90,9.05,true,1,
7296073160960,false,מטיות ריצפה 4 יח,,IL,מטיות ריצפה 4 יח,יחידה,1.00,יחידה,false,0,7.90,7.90,true,1,
7296073160977,false,מטליות לניקוי,,IL,מטליות לניקוי,יחידה,1.00,יחידה,false,0,7.90,7.90,true,1,
7296073160984,false,גליל מטליות כללי,,IL,גליל מטליות כללי,יחידה,1.00,יחידה,false,0,14.90,14.90,true,1,
7296073160991,false,ננס כריות מתכת,,,ננס כריות מתכת,יחידה,1.00,יחידה,false,0,4.90,4.90,true,1,
7296073161004,false,צמר פלדה 5 יח,,IL,צמר פלדה 5 יח,יחידה,1.00,יחידה,false,0,3.50,3.50,true,1,
7296073161011,false,ספוג סקוטש 10 יח,,IL,ספוג סקוטש 10 יח,יחידה,1.00,יחידה,false,0,4.90,4.90,true,1,
7296073161042,false,סקוטש משובח 3 יח,,IL,סקוטש משובח 3 יח,יחידה,1.00,יחידה,false,0,5.90,5.90,true,1,
7296073161059,false,כרית יפנית 6 יח,,IL,כרית יפנית 6 יח,יחידה,1.00,יחידה,false,0,5.90,5.90,true,1,
7296073161066,false,ספוג פלא 6יח,,IL,ספוג פלא 6יח,יחידה,1.00,יחידה,false,0,6.90,6.90,true,1,
7296073162124,false,"קרקר שומשום ""יש"" 600 גרם",מגדנית הדר,IL,קרקר בקרטון 600ג,גרמים,600.00,100 גרם,false,0,9.90,1.65,true,1,
7296073162131,false,"קרקר בקרטון מלח""יש600""ג",מגדנית הדר,IL,קרקר 600 גרם,גרמים,600.00,100 גרם,false,0,9.90,1.65,true,1,
7296073187707,false,"פסטה מסולסלת""יש",,IL,"פסטה מסולסלת""יש",גרמים,500.00,100 גרם,false,0,2.90,0.58,true,1,
7296073225447,false,"קפה נמס ""יש""",,IL,"קפה נמס ""יש""",גרמים,200.00,100 גרם,false,0,12.90,6.45,true,1,
7296073237419,false,"חציל במיונז ""יש"" 900 גרם",סלטי שמיר,IL,חציל במיונז,גרמים,900.00,100 גרם,false,1,11.90,1.32,true,1,
7296073237433,false,"טחינה ""יש"" 900 גרם",סלטי שמיר,IL,טחינה 900 גרם,גרמים,900.00,100 גרם,false,1,11.90,1.32,true,1,
7296073249207,false,מטלית מיקרופייבר 4 יח,מ.א. ייצור ןיבוא מטליות,CN,מטלית מיקרופייבר,יחידה,1.00,יחידה,false,1,4.90,4.90,true,1,
7296073249214,false,מטלית מיקרופייבר לריצפה,מ.א. ייצור ןיבוא מטליות,CN,מטלית מיקרופייבר,יחידה,1.00,יחידה,false,1,13.90,13.90,true,1,
7296073260950,false,"קמח חיטה מנופה ""יש"" 1 קג",שטיבל,IL,"קמח מנופה1ק""ג",קילוגרמים,1.00,"ק""ג",false,1,4.90,4.90,true,1,
7296073272939,false,"אטריות דקות ""יש"" 400 גרם",שיבולים בני דרום,IL,"אטריות דקות""יש""",גרמים,400.00,100 גרם,false,1,3.90,0.98,true,1,
7296073295839,false,"איטריות דקיקות""יש"" 400ג'",שיבולים בני דרום,IL,איטריות דקיקות,גרמים,400.00,100 גרם,false,1,3.90,0.98,true,1,
7296073297116,false,"נוזל כלים ""יש"" צהוב 750","סאסאטק אגש""ח בע""מ",IL,נ.כלים צהוב,מיליליטרים,750.00,"100 מ""ל",false,1,5.90,0.79,true,1,
7296073297123,false,"נוזל כלים ""יש"" ירוק 750","סאסאטק אגש""ח בע""מ",IL,נ.כלים תפוח ירוק,מיליליטרים,750.00,"100 מ""ל",false,1,5.90,0.79,true,1,
7296073297130,false,"נוזל כלים ""יש"" ירוק 4 ל'","סאסאטק אגש""ח בע""מ",IL,נוזל כלים יש 4ל',ליטרים,4.00,ליטר,false,1,19.90,4.98,true,1,
7296073297147,false,שמפו רצפות סחלבים יש 4ל',"סאסאטק אגש""ח בע""מ",IL,שמפו רצפות 4ליטר,ליטרים,4.00,ליטר,false,1,9.90,2.48,true,1,
7296073297154,false,שמפו רצפות אורנים יש 4ל',"סאסאטק אגש""ח בע""מ",IL,שמפו רצפות 4ליטר,ליטרים,4.00,ליטר,false,1,9.90,2.48,true,1,
7296073297161,false,שמפו רצפות אוקיינוס יש 4,"סאסאטק אגש""ח בע""מ",IL,שמפו רצפות 4ליטר,ליטרים,4.00,ליטר,false,1,9.90,2.48,true,1,
7296073297178,false,אקונומיקה מבושמת יש 4 ל',"סאסאטק אגש""ח בע""מ",IL,אקונומיקה יש 4 ל,ליטרים,4.00,ליטר,false,1,6.90,1.73,true,1,
7296073297185,false,סבון נוזלי לידיים כחול,סאסא קוסמטיקס,IL,סבון נוזלי,מיליליטרים,1500.00,"100 מ""ל",false,1,9.90,0.66,true,1,
7296073297192,false,סבון נוזלי לידיים ורוד,סאסא קוסמטיקס,IL,סבון נוזלי,מיליליטרים,1500.00,"100 מ""ל",false,1,9.90,0.66,true,1,
7296073297208,false,סבון נוזלי לידיים לבן,סאסא קוסמטיקס,IL,סבון נוזלי,מיליליטרים,1500.00,"100 מ""ל",false,1,9.90,0.66,true,1,
7296073323815,false,מרכך כביסה כחול 4 ליטר,סאסאטק,IL,מרכך כביסה 4ליטר,ליטרים,4.00,ליטר,false,1,12.90,3.23,true,1,
7296073323822,false,מרכך כביסה ורוד 4 ליטר,סאסאטק,IL,מרכך כביסה4 ליטר,ליטרים,4.00,ליטר,false,1,12.90,3.23,true,1,
7296073323839,false,מרכך כביסה לבן 4 ליטר,סאסאטק,IL,מרכך כביסה 4ליטר,ליטרים,4.00,ליטר,false,1,12.90,3.23,true,1,
7296073323846,false,מ.כביסה מרוכז יש כחול 1ל,סאסאטק,IL,מ.כביסה מרוכז 1ל,ליטרים,1.00,ליטר,false,1,8.90,8.90,true,1,
7296073323853,false,מ.כביסה מרוכז יש ורוד 1ל,סאסאטק,IL,מ.כביסה מרוכז 1ל,ליטרים,1.00,ליטר,false,1,8.90,8.90,true,1,
7296073323860,false,מ.כביסה מרוכז יש סגול 1ל,סאסאטק,IL,מ.כביסה מרוכז,ליטרים,1.00,ליטר,false,1,8.90,8.90,true,1,
7296073324881,false,"8 מפות ניילון ח""פ יש עבה",טופ פלסט,IL,מפות ניילון 8 יח,יחידה,1.00,יחידה,false,1,8.90,8.90,true,1,
7296073324898,false,"6 מפות ניילון ח""פ יש עבה",טופ פלסט,IL,מפות ניילון 6 יח,יחידה,1.00,יחידה,false,1,8.90,8.90,true,1,
7296073328834,false,"טרופיקס ""יש"" 40 יחידות",דודו הדיל,IL,"טרופיקס ""יש"" 40",ליטרים,8.00,ליטר,false,1,32.90,4.11,true,1,
7296073328841,false,"משקה הקפאה ""יש"" 100*8 מל",דודו הדיל,IL,"משקה הקפאה ""יש""",מיליליטרים,800.00,"100 מ""ל",false,1,2.90,0.36,true,1,
7296073329527,false,"מפות ניילון ח""פ ""יש"" 6יח",טופ פלסט,IL,מפת ניילון 6יח,יחידה,1.00,יחידה,false,1,4.90,4.90,true,1,
7296073329534,false,"מפות ניילון ח""פ ""יש"" 8יח",טופ פלסט,IL,מפת ניילון 8 יח,יחידה,1.00,יחידה,false,1,4.90,4.90,true,1,
7296073339922,false,מרכך כביסה סגול 4 ליטר,סאסאטק,IL,מרכך כביסה 4ליטר,ליטרים,4.00,ליטר,false,1,12.90,3.23,true,1,
7296073339939,false,מ.כביסה מרוכז יש שחור 1ל,סאסאטק,IL,מרכך כביסה 1ליטר,ליטרים,1.00,ליטר,false,1,8.90,8.90,true,1,
7296073340980,false,מפת ניילון יש 45*1.35מטר,טופ פלסט,IL,"גליל מפה ""יש"" 45",מטרים,45.00,מטר,false,1,29.90,0.66,true,1,
7296073342151,false,"רדיד אלומיניום רחב ""יש""",טופ פלסט,IL,רדיד אלומיניום ר,מטרים,25.00,מטר,false,1,15.90,0.64,true,1,
7296073342168,false,"רדיד אלומיניום צר ""יש""",טופ פלסט,IL,רדיד אלומיניום,מטרים,30.00,מטר,false,1,14.90,0.50,true,1,
7296073344797,false,שקיות צליה יש גדול 5,,TR,שקיות צליה 5 יח',יחידה,1.00,יחידה,false,1,3.90,3.90,true,1,
7296073348108,false,מטבעות שוקולד חלב ברשת,כרמית,IL,מטבעות שוקולד,גרמים,432.00,100 גרם,false,1,29.90,6.92,true,1,
7296073348337,false,מגבוני נייר טואלט יש60*3,,IL,מגבוני נ.טואלט,יחידה,1.00,יחידה,false,1,11.90,11.90,true,1,
7296073349389,false,"מנקה חלונות ""יש"" 1 ליטר",קומפלקס כימיקלים,IL,מנקה חלונות 1 לי,ליטרים,1.00,ליטר,false,1,4.90,4.90,true,1,
7296073361466,false,מפת ניילון יש 50*1.52מטר,,IL,גליל מפת ניילון,מטרים,50.00,מטר,false,1,29.90,0.60,true,1,
7296073362005,false,"תמר מג'הול ""יש"" 1 ק""ג",משק צור מושב עין יהב,IL,"תמר ""יש"" 1 ק""ג",קילוגרמים,1.00,"ק""ג",false,1,19.90,19.90,true,1,
7296073365723,false,"טחינה ""יש"" 500 גרם",הנסיך,IL,"טחינה ""יש500""גרם",גרמים,500.00,100 גרם,false,1,8.90,1.78,true,1,
7296073367680,false,"מסיר שומנים ""יש"" 1 ליטר",קומפלקס כימיקלים בעמ,IL,"מסיר שומנים""יש",ליטרים,1.00,ליטר,false,1,11.90,11.90,true,1,
7296073369332,false,"קמח מלא מנופה ""יש"" 1 ק""ג",שטיבל,IL,קמח מלא,קילוגרמים,1.00,"ק""ג",false,1,5.90,5.90,true,1,
7296073369349,false,קמח כוסמין מנופה יש 1 קג,שטיבל,IL,קמח כוסמין,קילוגרמים,1.00,"ק""ג",false,1,7.90,7.90,true,1,
7296073369998,false,"גפרורים ענקיים ""יש""",,SE,"גפרורים ענקיים """,יחידה,1.00,יחידה,false,1,3.90,3.90,true,1,
7296073370000,false,"מארז גפרורים ""יש"" 10 יח'",,SE,גפרורים יש,יחידה,1.00,יחידה,false,1,2.90,2.90,true,1,
7296073380177,false,מארז שקיות אוכל יש 150*2,בריזה,IL,מארז שקיות אוכל,יחידה,1.00,יחידה,false,1,5.90,5.90,true,1,
7296073389293,false,גפילטע פיש ירושלמי 560 ג,דג טעים,IL,גפילטעפיש 560 גר,גרמים,560.00,100 גרם,false,1,12.90,2.30,true,1,
7296073389309,false,גפילטע פיש הונגרי560 ג,דג טעים,IL,גפילטעפיש 560 גר,גרמים,560.00,100 גרם,false,1,12.90,2.30,true,1,
7296073389835,false,"צ'יפס אמריקאי ""יש 1.8ק""ג",תפוגן,IL,ציפס אמריקאי,קילוגרמים,1.80,"ק""ג",false,1,19.90,11.06,true,1,
7296073389842,false,"צ'יפס זיגזג ""יש"" 1.8 ק""ג",תפוגן,IL,"צ'יפס זיגזג ""יש""",קילוגרמים,1.80,"ק""ג",false,1,19.90,11.06,true,1,
7296073391722,false,"שמפו לשיער רגיל ""יש"" 700",טאהא קימיה,TR,שמפו קוקוס,מיליליטרים,700.00,"100 מ""ל",false,1,7.90,1.13,true,1,
7296073391739,false,"שמפו לשיער שמן ""יש"" 700",טאהא קימיה,TR,שמפו לשיער שמן,מיליליטרים,700.00,"100 מ""ל",false,1,7.90,1.13,true,1,
7296073391746,false,"שמפו לשיער יבש ""יש"" 700",טאהא קימיה,TR,"שמפו לשיער ""יש""",מיליליטרים,700.00,"100 מ""ל",false,1,7.90,1.13,true,1,
7296073391753,false,"שמפו לשיער צבוע ""יש"" 700",טאהא קימיה,TR,"שמפו לשיער ""יש""",מיליליטרים,700.00,"100 מ""ל",false,1,7.90,1.13,true,1,
7296073391760,false,"שמפו לשיער פגום ""יש"" 700",טאהא קימיה,TR,שמפו לשיער פגום,מיליליטרים,700.00,"100 מ""ל",false,1,7.90,1.13,true,1,
7296073391777,false,"תחליב רחצה ""יש"" ורדים",טאהא קימיה,TR,"תחליב רחצה ""יש""",מיליליטרים,700.00,"100 מ""ל",false,1,7.90,1.13,true,1,
7296073391784,false,"3ב1- שמפו מרכך וג'ל ""יש""",טאהא קימיה,TR,3ב1- שמפו מרכך ו,מיליליטרים,700.00,"100 מ""ל",false,1,7.90,1.13,true,1,
7296073391791,false,"תחליב רחצה ""יש"" וניל שקד",טאהא קימיה,TR,"תחליב רחצה ""יש""",מיליליטרים,700.00,"100 מ""ל",false,1,7.90,1.13,true,1,
7296073391807,false,"תחליב רחצה ""יש"" כותנה",טאהא קימיה,TR,"תחליב רחצה ""יש""",מיליליטרים,700.00,"100 מ""ל",false,1,7.90,1.13,true,1,
7296073391845,false,שלישיית מברשות שיניים יש,באנאט,TR,מארז מברשות שיני,יחידה,1.00,יחידה,false,1,5.90,5.90,true,1,
7296073392804,false,סילאן טבעי 100% 900 גרם,משק צור,IL,סילאן טבעי,גרמים,900.00,100 גרם,false,1,17.90,1.99,true,1,
7296073392811,false,סילאן לחיץ 350 גרם,משק צור,IL,סילאן לחיץ,גרמים,350.00,100 גרם,false,1,12.90,3.69,true,1,
7296073395232,false,חטיף חיטה גריל יש 70 גרם,מנה,IL,חטיף חיטה גריל,גרמים,70.00,100 גרם,false,1,1.90,2.71,true,1,
7296073395249,false,חטיף חיטה ברביקיו יש 70ג,מנה,IL,חטיף חיטה ברביקי,גרמים,70.00,100 גרם,false,1,1.90,2.71,true,1,
7296073395256,false,חטיף חיטה פלאפל יש 70גרם,מנה,IL,חטיף חיטה פלאפל,גרמים,70.00,100 גרם,false,1,1.90,2.71,true,1,
7296073395263,false,חטיף חיטה פיצה יש 70 גרם,מנה,IL,חטיף טעם פיצה,גרמים,70.00,100 גרם,false,1,1.90,2.71,true,1,
7296073395836,false,"מרכך לשיער שמן ""יש"" 700",טאהא קימיה,TR,"מרכך שיער ""יש""",מיליליטרים,700.00,"100 מ""ל",false,1,7.90,1.13,true,1,
7296073395843,false,"מרכך לשיער צבוע ""יש"" 700",טאהא קימיה,TR,"מרכך שיער ""יש""",מיליליטרים,700.00,"100 מ""ל",false,1,7.90,1.13,true,1,
7296073395850,false,"מרכך לשיער פגום ""יש"" 700",טאהא קימיה,TR,"מרכך שיער ""יש""",מיליליטרים,700.00,"100 מ""ל",false,1,7.90,1.13,true,1,
7296073395867,false,"מרכך לשיער רגיל ""יש"" 700",טאהא קימיה,TR,מרכך לשיער,מיליליטרים,700.00,"100 מ""ל",false,1,7.90,1.13,true,1,
7296073395874,false,"מרכך לשיער יבש ""יש"" 700",טאהא קימיה,TR,"מרכך שיער ""יש""",מיליליטרים,700.00,"100 מ""ל",false,1,7.90,1.13,true,1,
7296073395904,false,מברשת שיניים פרימיום יש,באנאט,TR,מברשת שיניים,יחידה,1.00,יחידה,false,1,5.90,5.90,true,1,
7296073395911,false,מברשת שיניים פרימיום יש,באנאט,IL,מברשת שיניים,יחידה,1.00,יחידה,false,1,5.90,5.90,true,1,
7296073395928,false,תרסיס מתיר קשרים לילד יש,בי.אף.אף,TR,תרסיס מתיר קשרים,מיליליטרים,400.00,"100 מ""ל",false,1,9.90,2.48,true,1,
7296073395935,false,קרם מתיר קשרים לילדים,בי.אף.אף,TR,קרם מתיר קשרים,מיליליטרים,400.00,"100 מ""ל",false,1,9.90,2.48,true,1,
7296073395942,false,"שמפו לילדים ""יש"" 1 ליטר",בי.אף.אף,TR,"שמפו לילדים ""יש""",ליטרים,1.00,ליטר,false,1,12.90,12.90,true,1,
7296073395959,false,מרכך שיער לילדים יש 1ל,בי.אף.אף,TR,מרכך שיער לילדים,ליטרים,1.00,ליטר,false,1,12.90,12.90,true,1,
7296073398899,false,"שלוקונים חטיפי משקה ""יש""",דודו הדיל,IL,שלוקונים חטיפי מ,ליטרים,2.10,ליטר,false,1,9.90,4.71,true,1,
7296073400646,false,עוג.כעכים מלוחים 910ג,גידרון,IL,כעכים מלוחים,גרמים,910.00,100 גרם,false,1,14.90,1.64,true,1,
7296073401346,false,"מרסס מסיר אבנית ""יש"" 1ל",סאסאטק,IL,מסיר אבנית 1 ליט,ליטרים,1.00,ליטר,false,1,7.90,7.90,true,1,
7296073401353,false,"מרסס מסיר עובש ""יש"" 1 לי",סאסאטק,IL,מסיר עובש 1ליטר,ליטרים,1.00,ליטר,false,1,7.90,7.90,true,1,
7296073401360,false,"מרסס אקונומיקה""יש"" 1ליטר",סאסאטק,IL,מרסס אקונומיקה,ליטרים,1.00,ליטר,false,1,7.90,7.90,true,1,
7296073401377,false,"ניקוי כללי ""יש"" 1 ליטר",סאסאטק,IL,ניקוי כללי 1 ליט,ליטרים,1.00,ליטר,false,1,7.90,7.90,true,1,
7296073401582,false,מארז קפה שחור יש 100*4 ג,רוני רג'ואן ושות,IL,קפה שחור 4יח,גרמים,400.00,100 גרם,false,1,17.90,4.48,true,1,
7296073401599,false,"קפה טורקי שחור""יש100""ג",רוני רג'ואן ושות',IL,קפה שחור100גרם,גרמים,100.00,100 גרם,false,1,5.90,5.90,true,1,
7296073402275,false,"דבש לחיץ ""יש"" 250 גרם",מכוורת עמק חפר,IL,דבש לחיץ250גרם,גרמים,250.00,100 גרם,false,1,12.90,5.16,true,1,
7296073402930,false,"שקיות אשפה יש 90*75 ס""מ",טופ פלסט,IL,שקיות אשפה,יחידה,1.00,יחידה,false,1,9.90,9.90,true,1,
7296073402947,false,"שקיות אשפה יש 70*55 ס""מ",טופ פלסט,IL,שקיות אשפה,יחידה,1.00,יחידה,false,1,9.90,9.90,true,1,
7296073403395,false,"מגבות נייר ""יש"" 6 גלילים",שניב,IL,מגבות יש,מטרים,21.00,מטר,false,1,14.90,0.71,true,1,
7296073408857,false,"שקדי מרק ""יש"" 600 גרם",מנה,IL,"שקדי מרק ""יש""",גרמים,600.00,100 גרם,false,1,8.80,1.47,true,1,
7296073413547,false,"נוזל כלים 24% לימון ""יש""",סאסא טק,IL,נוזל כלים1.6ליטר,ליטרים,1.60,ליטר,false,1,9.90,6.19,true,1,
7296073413554,false,"נוזל כלים24% תפוח ""יש""",סאסא טק,IL,נוזל כלים1.6ליטר,ליטרים,1.60,ליטר,false,1,9.90,6.19,true,1,
7296073413561,false,"נוזל כלים 24% לבנדר ""יש""",סאסא טק,IL,נוזל כלים1.6ליטר,ליטרים,1.60,ליטר,false,1,9.90,6.19,true,1,
7296073413790,false,"ממרח שוקולד ""יש"" 850 גרם",אר גי אם תעשיות,IL,ממרח שוקולד 850ג,גרמים,850.00,100 גרם,false,1,9.90,1.16,true,1,
7296073413813,false,שוקולד צ'יפס יש 500 גרם,מיה,IL,שוקולד ציפס500ג,גרמים,500.00,100 גרם,false,1,12.90,2.58,true,1,
7296073414421,false,"חיתולי בייבי ""יש"" 3-50",DPL,IL,"חיתולי בייבי ""יש",יחידה,1.00,יחידה,false,1,24.90,24.90,true,1,
7296073414742,false,מיץ ענבים אדום 1 ליטר,כרם מהדרין,IL,מיץ ענבים 1 ליטר,ליטרים,1.00,ליטר,false,1,11.90,11.90,true,1,
7296073415190,false,"שעועית בואקום ""יש"" 1 ק""ג",מיה,IL,שעועית בואקום1קג,קילוגרמים,1.00,"ק""ג",false,1,14.90,14.90,true,1,
7296073415206,false,גריסי פנינה בואקום יש 1ק,מיה,IL,"גריסי פנינה 1ק""ג",קילוגרמים,1.00,"ק""ג",false,1,11.90,11.90,true,1,
7296073415213,false,חומוס גדול בואקום יש 1קג,מיה,IL,"חומוס גדול 1 ק""ג",קילוגרמים,1.00,"ק""ג",false,1,14.90,14.90,true,1,
7296073415220,false,"אורז פרסי בואקום 1 ק""ג",מיה,IL,"אורז פרסי 1 ק""ג",קילוגרמים,1.00,"ק""ג",false,1,9.90,9.90,true,1,
7296073415237,false,אורז בסמטי בואקום יש 1קג,מיה,IL,"אורז בסמטי 1 ק""ג",קילוגרמים,1.00,"ק""ג",false,1,12.90,12.90,true,1,
7296073415855,false,לחם אחיד פרוס 750 גרם,דגנית עין בר,,לחם אחיד פרוס,יחידה,1.00,יחידה,false,0,4.90,4.90,true,1,
7296073415862,false,"מארז פיתות ""יש"" 10יחידות",דגנית עין בר,,פיתות 10יחידות,יחידה,1.00,יחידה,false,0,7.90,7.90,true,1,
7296073416142,false,מב.שיניים ורוד ילדים 2-5,,TR,מב.שיניים ורוד ל,יחידה,1.00,יחידה,false,1,3.90,3.90,true,1,
7296073416159,false,מב.שיניים כחול ילדים 2-5,,IL,מב.שיניים כחול י,יחידה,1.00,יחידה,false,1,3.90,3.90,true,1,
7296073416166,false,מב.שיניים ורוד לילדים +5,,TR,מב.שיניים ורוד ל,יחידה,1.00,יחידה,false,1,4.90,4.90,true,1,
7296073416173,false,מב.שיניים כחול לילדים +5,,TR,מב.שיניים כחול ל,יחידה,1.00,יחידה,false,1,4.90,4.90,true,1,
7296073417026,false,"חטיף תפו""א טעם ברביקיו",חטיפי העמק,IL,"חטיף תפו""א",גרמים,50.00,100 גרם,false,1,1.90,3.80,true,1,
7296073419006,false,"אלכוג'ל לידיים 100 מ""ל",,TR,"אלכוג'ל 100מ""ל",מיליליטרים,100.00,"100 מ""ל",false,1,5.90,5.90,true,1,
7296073420736,false,חליטת קמומיל 25 שקיקים,תה עדנים,IL,חליטת קמומיל,גרמים,32.00,100 גרם,false,1,9.90,30.94,true,1,
7296073420743,false,חליטת לימונית לואיזה 25,תה עדנים,IL,חליטת לימונית,גרמים,37.00,100 גרם,false,1,9.90,26.76,true,1,
7296073420767,false,חליטת קמומיל נענע 25 שק,תה עדנים,IL,קמומיל נענע,גרמים,37.00,100 גרם,false,1,9.90,26.76,true,1,
7296073420781,false,תה ירוק נענע 25 שקיקים,תה עדנים,IL,תה ירוק נענע,יחידה,1.00,יחידה,false,1,12.90,12.90,true,1,
7296073420798,false,תה ירוק לימונית לואיזה 2,תה עדנים,IL,תה ירוק לימונית,יחידה,1.00,יחידה,false,1,12.90,12.90,true,1,
7296073420804,false,תה נענע 25 שקיקים,תה עדנים,IL,תה נענע,גרמים,37.00,100 גרם,false,1,9.90,26.76,true,1,
7296073427032,false,מארז מגבונים 72*6 דף,"טרופיקל דגיל בע""מ",IL,מארז מגבונים,יחידה,1.00,יחידה,false,1,19.90,19.90,true,1,
7296073427049,false,מטליות לחות לריצפה 10 יח,"טרופיקל דגיל בע""מ",IL,מט. לחות לריצפה,יחידה,1.00,יחידה,false,1,6.90,6.90,true,1,
7296073427063,false,"מטליות לחות לניקוי ""יש""","טרופיקל דגיל בע""מ",IL,מטליות לחות 50יח,יחידה,1.00,יחידה,false,1,4.90,4.90,true,1,
7296073427261,false,משחת החתלה לתינוק 110 גר,בי.אף.אף,TR,משחת החתלה לתינו,גרמים,110.00,100 גרם,false,1,9.90,9.00,true,1,
7296073427285,false,"אל סבון לתינוק 750 מ""ל",בי.אף.אף,TR,אל סבון לתינוק,מיליליטרים,750.00,"100 מ""ל",false,1,9.90,1.32,true,1,
7296073427292,false,שמפו לתינוק אל דמע 750 מ,בי.אף.אף,TR,"שמפו אל דמע750מ""",מיליליטרים,750.00,"100 מ""ל",false,1,9.90,1.32,true,1,
7296073441274,false,"שוקולד חלב ""יש"" 100 גרם",כרמית,IL,שוקולד חלב,גרמים,100.00,100 גרם,false,1,2.90,2.90,true,1,
7296073441304,false,שוקולד מריר יש 100*5 גרם,כרמית,IL,מאגדת שוקולד,גרמים,500.00,100 גרם,false,1,11.90,2.38,true,1,
7296073441564,false,"סטייק צ'יפס ""יש"" 1.8 ק""ג",תפוגן,IL,סטייק צ'יפס,קילוגרמים,1.80,"ק""ג",false,1,19.90,11.06,true,1,
7296073445418,false,תבניות אפיה רוסטר עבות,טופ פלסט,IL,תבניות אפיה,יחידה,1.00,יחידה,false,1,8.90,8.90,true,1,
7296073445425,false,תבניות אפיה לחלה 4 יח,טופ פלסט,IL,תבניות אפיה 4יח,יחידה,1.00,יחידה,false,1,8.90,8.90,true,1,
7296073445432,false,"תבניות אפיה גדולות ח""פ",טופ פלסט,IL,תבניות אפיה 2יח,יחידה,1.00,יחידה,false,1,8.90,8.90,true,1,
7296073445449,false,תבניות אפיה בינוניות 3יח,טופ פלסט,IL,תבניות אפיה 3יח,יחידה,1.00,יחידה,false,1,8.90,8.90,true,1,
7296073445456,false,תבניות אפיה משפחתיות 4יח,טופ פלסט,IL,תבניות אפיה 4יח,יחידה,1.00,יחידה,false,1,8.90,8.90,true,1,
7296073445623,false,"פתיבר וניל ""יש"" 110 גרם",פפושדו,IL,פתיבר וניל110גרם,גרמים,110.00,100 גרם,false,1,2.90,2.64,true,1,
7296073445630,false,"פתיבר שוקו ""יש"" 110 גרם",פפושדו,IL,פתיבר שוקו 110ג,גרמים,110.00,100 גרם,false,1,2.90,2.64,true,1,
7296073445647,false,ביסקוויט חצי מצופה 175 ג,הגביע,IL,ביסקוויט 175 גרם,גרמים,175.00,100 גרם,false,1,4.90,2.80,true,1,
7296073447078,false,טחינה שומשום מלא 500 גרם,אר גי אם תעשיות,IL,טחינה שומשום500ג,גרמים,500.00,100 גרם,false,1,9.90,1.98,true,1,
7296073447085,false,"טחינה שומשום 1 ק""ג",אר גי אם תעשיות,IL,"טחינה שומשום 1ק""",קילוגרמים,1.00,"ק""ג",false,1,15.90,15.90,true,1,
7296073449584,false,מלפפון במלח 560 גרם7-9,בית השיטה,IL,מלפפון במלח,גרמים,560.00,100 גרם,false,1,4.90,0.88,true,1,
7296073449591,false,מלפפון חומץ 560 ג 7-9,בית השיטה,IL,מלפפון בחומץ,גרמים,560.00,100 גרם,false,1,4.90,0.88,true,1,
7296073449607,false,מלפפון במלח 560 גרם10-12,בית השיטה,IL,מלפפון במלח,גרמים,560.00,100 גרם,false,1,5.90,1.05,true,1,
7296073449614,false,מלפפון בחומץ 10-12 560גר,בית השיטה,IL,מלפפון בחומץ,גרמים,560.00,100 גרם,false,1,5.90,1.05,true,1,
7296073449621,false,מלפפון במלח560גר,בית השיטה,IL,מלפפונים במלח,גרמים,560.00,100 גרם,false,1,7.70,1.38,true,1,
7296073449638,false,מלפפון בחומץ 560 13-17,בית השיטה,IL,מלפפון בחומץ,גרמים,560.00,100 גרם,false,1,7.70,1.38,true,1,
7296073449645,false,מלפפון במלח 560 גרם18-25,,IL,מלפפונים המלח,גרמים,560.00,100 גרם,false,1,8.80,1.57,true,1,
7296073449652,false,מלפפון בחומץ 560ג 18-25,בית השיטה,IL,מלפפון בחומץ,גרמים,560.00,100 גרם,false,1,8.80,1.57,true,1,
7296073450221,false,"פתי בר שוקו ""יש"" 500 גרם","אם החיטה בע""\מ",IL,פתי בר 500 גרם,גרמים,500.00,100 גרם,false,1,7.90,1.58,true,1,
7296073450238,false,"פתי בר וניל ""יש"" 500 גרם","אם החיטה בע""\מ",IL,פתי בר 500 גרם,גרמים,500.00,100 גרם,false,1,7.90,1.58,true,1,
7296073450924,false,"פתיתים מסולסלים לל""ג 400",מסימוזירו,IT,"פתיתים לל""ג 400ג",גרמים,400.00,100 גרם,false,1,17.90,4.48,true,1,
7296073450948,false,"פתיתים כוכבים לל""ג 400 ג",מסימוזירו,IT,"פתיתים לל""ג 400ג",גרמים,400.00,100 גרם,false,1,17.90,4.48,true,1,
7296073459385,false,ממתק חמוץ תות 20 גרם,טאייש,TR,ממתק חמוץ תות,גרמים,20.00,100 גרם,false,1,0.90,4.50,true,1,
7296073459392,false,ממתק חמוץ קולה 20 גרם,טאייש,TR,ממתק חמוץ קולה,גרמים,20.00,100 גרם,false,1,0.90,4.50,true,1,
7296073459408,false,ממתק חמוץ תפוח 20 גרם,טאייש,TR,ממתק חמוץ תפוח,גרמים,20.00,100 גרם,false,1,0.90,4.50,true,1,
7296073459415,false,ממתק חמוץ פירות 20גרם,טאייש,TR,ממתק חמוץ פירות,גרמים,20.00,100 גרם,false,1,0.90,4.50,true,1,
7296073484295,false,"אבקת סוכר ""יש"" 500 גרם",מיה,IL,א.סוכר 500 גרם,גרמים,500.00,100 גרם,false,1,5.90,1.18,true,1,
7296073484301,false,"שוקולד צ'יפס צימקאו""יש""",מיה,IL,ש.צ'יפס 500 גרם,גרמים,500.00,100 גרם,false,1,9.90,1.98,true,1,
7296073484318,false,"קוואקר עבה ""יש"" 700 גרם",מיה,IL,קוואקר עבה 700גר,גרמים,700.00,100 גרם,false,1,11.90,1.70,true,1,
7296073485155,false,אבקת קארי בשקית 80 גרם,תבליני יונה,IL,אבקת קארי 80 גרם,גרמים,80.00,100 גרם,false,1,2.90,3.63,true,1,
7296073485162,false,גריל דג בשקית 80 גרם,תבליני יונה,IL,גריל דג 80 גרם,גרמים,80.00,100 גרם,false,1,2.90,3.63,true,1,
7296073485179,false,חוויג' למרק בשקית 80 גרם,תבליני יונה,IL,חוויג' 80 גרם,גרמים,80.00,100 גרם,false,1,2.90,3.63,true,1,
7296073485186,false,קינמון טחון בשקית 80 גרם,תבליני יונה,IL,קינמון בשקית 80ג,גרמים,80.00,100 גרם,false,1,2.90,3.63,true,1,
7296073485193,false,אבקת שום בשקית 80 גרם,תבליני יונה,IL,אבקת שום 80גרם,גרמים,80.00,100 גרם,false,1,2.90,3.63,true,1,
7296073485209,false,גריל עוף בשקית 80 גרם,תבליני יונה,IL,גריל עוף 80גרם,גרמים,80.00,100 גרם,false,1,2.90,3.63,true,1,
7296073485216,false,זנגוויל בשקית 50 גרם,תבליני יונה,IL,זנגוויל 50גרם,גרמים,50.00,100 גרם,false,1,3.90,7.80,true,1,
7296073485223,false,תיבול לפרגיות בשקית 80 ג,תבליני יונה,IL,תבלין לפרגיות,גרמים,80.00,100 גרם,false,1,2.90,3.63,true,1,
7296073485254,false,פלפל לבן בשקית 50 גרם,תבליני יונה,IL,פלפל לבן 50 גרם,גרמים,50.00,100 גרם,false,1,3.90,7.80,true,1,
7296073485261,false,פלפל שחור גרוס בשקית50ג,תבליני יונה,IL,פלפל שחור גרוס,גרמים,50.00,100 גרם,false,1,3.90,7.80,true,1,
7296073485278,false,פלפל שחור טחון בשקית50ג,תבליני יונה,IL,פלפל שחור טחון,גרמים,50.00,100 גרם,false,1,3.90,7.80,true,1,
7296073485285,false,פפריקה חריפה בשקית 80 גר,תבליני יונה,IL,פפריקה חריפה 80ג,גרמים,80.00,100 גרם,false,1,2.90,3.63,true,1,
7296073485292,false,פפריקה מתוקה בשקית 80 גר,תבליני יונה,IL,פפריקה מתוקה 80ג,גרמים,80.00,100 גרם,false,1,2.90,3.63,true,1,
7296073485308,false,שום גבישי בשקית 50 גרם,תבליני יונה,IL,שום גבישי 50 גרם,גרמים,50.00,100 גרם,false,1,2.90,5.80,true,1,
7296073485315,false,כמון טחון בשקית 80 גרם,תבליני יונה,IL,כמון בשקית,גרמים,80.00,100 גרם,false,1,2.90,3.63,true,1,
7296073485322,false,כורכום בשקית 80 גרם,תבליני יונה,IL,כורכום בשקית80גר,גרמים,80.00,100 גרם,false,1,2.90,3.63,true,1,
7296073485346,false,גריל דג במיכל 80 גרם,תבליני יונה,IL,גריל דג במיכל80ג,גרמים,80.00,100 גרם,false,1,4.90,6.13,true,1,
7296073485377,false,קינמון טחון במיכל 80 גרם,תבליני יונה,IL,קינמון טחון 80 ג,גרמים,80.00,100 גרם,false,1,4.90,6.13,true,1,
7296073485407,false,אבקת גריל עוף במיכל 80 ג,תבליני יונה,IL,א.גריל עוף במיכל,גרמים,80.00,100 גרם,false,1,4.90,6.13,true,1,
7296073485452,false,תבלין לפרגיות במיכל 80 ג,תבליני יונה,IL,תבלין לפרגיות,גרמים,80.00,100 גרם,false,1,4.90,6.13,true,1,
7296073485483,false,תבלין על האש במיכל 80 גר,תבליני יונה,IL,תבלין על האש,גרמים,80.00,100 גרם,false,1,4.90,6.13,true,1,
7296073485513,false,פלפל שחור גרוס במיכל80ג,תבליני יונה,IL,פלפל שחור גרוס,גרמים,80.00,100 גרם,false,1,5.90,7.38,true,1,
7296073485520,false,פלפל שחור טחון במיכל80ג,תבליני יונה,IL,פלפל שחור טחון,גרמים,80.00,100 גרם,false,1,5.90,7.38,true,1,
7296073485537,false,פפריקה חריפה במיכל 80 גר,תבליני יונה,IL,פפריקה חריפה 80ג,גרמים,80.00,100 גרם,false,1,4.90,6.13,true,1,
7296073485544,false,פפריקה מתוקה במיכל 80 גר,תבליני יונה,IL,פפריקה מתוקה 80ג,גרמים,80.00,100 גרם,false,1,4.90,6.13,true,1,
7296073485568,false,תבלין לשווארמה במיכל 80ג,תבליני יונה,IL,תבלין לשווארמה,גרמים,80.00,100 גרם,false,1,4.90,6.13,true,1,
7296073485599,false,כמון במיכל 80 גרם,תבליני יונה,IL,כמון במיכל80גרם,גרמים,80.00,100 גרם,false,1,4.90,6.13,true,1,
7296073485605,false,כורכום במיכל 80 גרם,תבליני יונה,IL,כורכוםבמיכל80גרם,גרמים,80.00,100 גרם,false,1,4.90,6.13,true,1,
7296073496397,false,"קרם קרקר ""יש"" 1 ק""ג",אפיפית,IL,"קרם קרקר 1 ק""ג",קילוגרמים,1.00,"ק""ג",false,1,16.90,16.90,true,1,
7296073496403,false,"קרקר שומשום ""יש"" 1 ק""ג",אפיפית,IL,"קרקר שומשום ""יש""",קילוגרמים,1.00,"ק""ג",false,1,16.90,16.90,true,1,
7296073496571,false,"ג'ל רחצה ""יש"" מועשר בשמן",טאהא קימיה,TR,"ג'ל רחצה ""יש""",מיליליטרים,700.00,"100 מ""ל",false,1,7.90,1.13,true,1,
7296073496588,false,"ג'ל רחצה ""יש"" אבוקדו",טאהא קימיה,TR,"ג'ל רחצה ""יש""",מיליליטרים,700.00,"100 מ""ל",false,1,7.90,1.13,true,1,
7296073496595,false,"ג'ל רחצה ""יש"" מקרמיה",מבשלות בירה ישראל,TR,"ג'ל רחצה ""יש""",מיליליטרים,700.00,"100 מ""ל",false,1,7.90,1.13,true,1,
7296073497066,false,פדים להסרת איפור 80*3 יח,IPAK,TR,פדים להסרת איפור,יחידה,1.00,יחידה,false,1,14.90,14.90,true,1,
7296073497073,false,"צמר גפן ""יש"" 100 גרם",IPAK,CN,צמר גפן,יחידה,1.00,יחידה,false,1,3.90,3.90,true,1,
7296073497080,false,מקלוני אוזניים לתינוק,קנגמין,CN,מקלוני אוזניים,יחידה,1.00,יחידה,false,1,4.90,4.90,true,1,
7296073497097,false,מקלוני צמר גפן עץ 200 יח,קנגמין,CN,מקלוני צמר גפן ע,יחידה,1.00,יחידה,false,1,2.90,2.90,true,1,
7296073497110,false,מקלוני צמר גפן עץ 100 יח,קנגמין,CN,מקלוני צמר גפן ע,יחידה,1.00,יחידה,false,1,1.00,1.00,true,1,
7296073497127,false,מד חום דיגיטלי,ונזו יוסו מדיקל,CN,מד חום דיגיטלי,יחידה,1.00,יחידה,false,1,14.90,14.90,true,1,
7296073514510,false,מארז 4 בקבוקים לתינוק יש,קוזי,CN,מארז בקבוקים,יחידה,1.00,יחידה,false,1,14.90,14.90,true,1,
7296073516316,false,אננס חתוך בסירופ יש 565ג,FRUITCANNING KUIBURI,TH,אננס חתוך 565גרם,גרמים,565.00,100 גרם,false,1,5.90,1.04,true,1,
7296073516323,false,אננס פרוס בסירופ יש 565ג,FRUITCANNING KUIBURI,TH,אננס פרוס565גרם,גרמים,565.00,100 גרם,false,1,6.90,1.22,true,1,
7296073516330,false,קוקטיל פירות טרופי 565 ג,FRUITCANNING KUIBURI,TH,קוקטייל פירות,גרמים,565.00,100 גרם,false,1,7.90,1.40,true,1,
7296073526346,false,ביסקויט בצורת חיות 180 ג,אפיפית,IL,ביסקויט גן חיות,גרמים,180.00,100 גרם,false,1,2.90,1.61,true,1,
7296073526353,false,חטיפי קרקר מלח יש 180 גר,אפיפית,IL,חטיפי קרקר 180ג,גרמים,180.00,100 גרם,false,1,2.90,1.61,true,1,
7296073526360,false,חטיף קרקר שומשום יש 180ג,אפיפית,IL,חטיף קרקר 180גרם,גרמים,180.00,100 גרם,false,1,2.90,1.61,true,1,
7296073527657,false,בקר טחון קפוא 500 גרם,גלאט עוף,IL,בקר טחון 500 גרם,גרמים,500.00,100 גרם,false,1,39.90,7.98,true,1,
7296073528937,false,"כפפות ניטריל ""יש"" מידה M",,CN,"כפפות ח""פ 100יח",יחידה,1.00,יחידה,false,1,24.90,24.90,true,1,
7296073528944,false,"כפפות ניטריל ""יש"" מידה L",,CN,"כפפות ח""פ 100יח",יחידה,1.00,יחידה,false,1,24.90,24.90,true,1,
7296073528951,false,"כפפות ניטריל ""יש""מידה XL",,CN,"כפפות ח""פ",יחידה,1.00,יחידה,false,1,24.90,24.90,true,1,
7296073530329,false,גבינה צהובה 28% 500 גרם,SPOLDZIELNIA,PL,גבינה צהובה 500ג,גרמים,500.00,100 גרם,false,1,14.90,2.98,true,1,
7296073530961,false,פפריקה מתוקה בשמן צנצנת,תבליני יונה,IL,פפריקה מתוקה בשמ,גרמים,80.00,100 גרם,false,1,4.90,6.13,true,1,
7296073551737,false,"מזלג שקוף ""יש"" 50 יחידות",TRWP,TR,מזלג שקוף,יחידה,1.00,יחידה,false,1,7.90,7.90,true,1,
7296073551744,false,"מזלג קרם ""יש"" 50 יחידות",TRWP,TR,מזלג קרם,יחידה,1.00,יחידה,false,1,7.90,7.90,true,1,
7296073551751,false,"מזלג לבן ""יש"" 50 יחידות",TRWP,TR,מזלג לבן,יחידה,1.00,יחידה,false,1,7.90,7.90,true,1,
7296073551768,false,"מזלג כסף ""יש"" 50 יחידות",TRWP,TR,מזלג כסף,יחידה,1.00,יחידה,false,1,7.90,7.90,true,1,
7296073551775,false,"מזלג זהב ""יש"" 50 יחידות",TRWP,TR,מזלג זהב,יחידה,1.00,יחידה,false,1,7.90,7.90,true,1,
7296073551782,false,"כף שקוף ""יש"" 50 יחידות",TRWP,TR,כף שקוף,יחידה,1.00,יחידה,false,1,7.90,7.90,true,1,
7296073551799,false,"כף קרם ""יש"" 50 יחידות",TRWP,TR,כף קרם,יחידה,1.00,יחידה,false,1,7.90,7.90,true,1,
7296073551805,false,"כף לבן ""יש"" 50 יחידות",TRWP,TR,כף לבן,יחידה,1.00,יחידה,false,1,7.90,7.90,true,1,
7296073551812,false,"כף כסף ""יש"" 50 יחידות",TRWP,TR,כף כסף,יחידה,1.00,יחידה,false,1,7.90,7.90,true,1,
7296073551829,false,"כף זהב ""יש"" 50 יחידות",TRWP,TR,כף זהב,יחידה,1.00,יחידה,false,1,7.90,7.90,true,1,
7296073551836,false,"סכין שקוף ""יש"" 50 יחידות",TRWP,TR,סכין שקוף,יחידה,1.00,יחידה,false,1,7.90,7.90,true,1,
7296073551843,false,"סכין קרם ""יש"" 50 יחידות",TRWP,TR,סכין קרם,יחידה,1.00,יחידה,false,1,7.90,7.90,true,1,
7296073551850,false,"סכין לבן ""יש"" 50 יחידות",TRWP,TR,סכין לבן,יחידה,1.00,יחידה,false,1,7.90,7.90,true,1,
7296073551867,false,"סכין כסף ""יש"" 50 יחידות",TRWP,TR,סכין כסף,יחידה,1.00,יחידה,false,1,7.90,7.90,true,1,
7296073551874,false,"סכין זהב ""יש"" 50 יחידות",TRWP,TR,סכין זהב,יחידה,1.00,יחידה,false,1,7.90,7.90,true,1,
7296073551881,false,"כפית שקוף ""יש"" 50 יחידות",TRWP,TR,כפית שקוף,יחידה,1.00,יחידה,false,1,5.90,5.90,true,1,
7296073551898,false,"כפית קרם ""יש"" 50 יחידות",TRWP,TR,כפית קרם,יחידה,1.00,יחידה,false,1,5.90,5.90,true,1,
7296073551904,false,"כפית לבן ""יש"" 50 יחידות",TRWP,TR,כפית לבן,יחידה,1.00,יחידה,false,1,5.90,5.90,true,1,
7296073551911,false,"כפית כסף ""יש"" 50 יחידות",TRWP,TR,כפית כסף,יחידה,1.00,יחידה,false,1,5.90,5.90,true,1,
7296073551928,false,"כפית זהב ""יש"" 50 יחידות",TRWP,TR,כפית זהב,יחידה,1.00,יחידה,false,1,5.90,5.90,true,1,
7296073553335,false,"קרקר מלח ""יש"" 110 גרם",אפיפית,IL,"קרקר מלח ""יש""",גרמים,110.00,100 גרם,false,1,2.90,2.64,true,1,
7296073553342,false,קרקר שומשום 110 גרם,אפיפית,IL,קרקר שומשום,גרמים,110.00,100 גרם,false,1,2.90,2.64,true,1,
7296073553359,false,"פתיבר ""יש"" 110 גרם",אפיפית,IL,פתיבר,גרמים,110.00,100 גרם,false,1,2.90,2.64,true,1,
7296073553366,false,"פתיבר שוקו ""יש"" 110 גרם",אפיפית,IL,פתיבר,גרמים,110.00,100 גרם,false,1,2.90,2.64,true,1,
7296073554271,false,"אבקת אפיה ""יש"" 10*10 גרם",מיה,IL,אבקת אפיה,גרמים,100.00,100 גרם,false,1,1.50,1.50,true,1,
7296073554288,false,"סוכר וניל ""יש"" 10*10גרם",מיה,IL,סוכר וניל10*10 ג,גרמים,100.00,100 גרם,false,1,1.50,1.50,true,1,
7296073564577,false,"ופלים ""יש"" טעם שוקולד 20",מנעמים,IL,"ופלים ""יש""",גרמים,200.00,100 גרם,false,1,2.90,1.45,true,1,
7296073564775,false,"וופלים ""יש"" טעם לימון",מנעמים,IL,"וופלים ""יש""",גרמים,200.00,100 גרם,false,1,2.90,1.45,true,1,
7296073564782,false,וופל במילוי קרם אגוזים,מנעמים,IL,וופלים 200 גרם,גרמים,200.00,100 גרם,false,1,2.90,1.45,true,1,
7296073567462,false,"נרות חימום ""יש"" 4 שעות",השלושה,CN,נרות חימום,יחידה,1.00,יחידה,false,1,8.90,8.90,true,1,
7296073580515,false,פלאנקן לחמין,גלאט עוף,IL,פלאנקן לחמין,קילוגרמים,0.00,"ק""ג",true,1,99.90,99.90,true,1,
7296073592792,false,"חיתולי בייבי שלב ""NB1יש""",PAKTEN,TR,"חיתולי בייבי ""יש",יחידה,1.00,יחידה,false,1,27.90,27.90,true,1,
7296073592808,false,"חיתולי בייבי שלב 2 ""יש""",PAKTEN,TR,"חיתולי בייבי ""יש",יחידה,1.00,יחידה,false,1,27.90,27.90,true,1,
7296073592815,false,"חיתולי בייבי שלב 3 ""יש""",PAKTEN,TR,"חיתולי בייבי ""יש",יחידה,1.00,יחידה,false,1,27.90,27.90,true,1,
7296073592822,false,"חיתולי בייבי שלב 4 ""יש""",PAKTEN,TR,"חיתולי בייבי ""יש",יחידה,1.00,יחידה,false,1,27.90,27.90,true,1,
7296073592839,false,"חיתולי בייבי שלב+4 ""יש""",PAKTEN,TR,"חיתולי בייבי ""יש",יחידה,1.00,יחידה,false,1,27.90,27.90,true,1,
7296073592846,false,"חיתולי בייבי שלב 5 ""יש""",PAKTEN,TR,"חיתולי בייבי ""יש",יחידה,1.00,יחידה,false,1,27.90,27.90,true,1,
7296073592853,false,"חיתולי בייבי שלב 6 ""יש""",PAKTEN,TR,"חיתולי בייבי ""יש",יחידה,1.00,יחידה,false,1,27.90,27.90,true,1,
7296102061855,false,מטאטא ביאנקו BIANCO,,IL,מטאטא ביאנקו + מ,יחידה,1.00,יחידה,false,1,22.90,22.90,true,1,
7296102242711,false,יעה מפואר +מקל,אייפלסט,IL,יעה מפואר +מקל,יחידה,1.00,יחידה,false,1,14.90,14.90,true,1,
7296155150698,false,דלי פיה סופר,YIWU-KAI-WUN,CN,דלי פיה,יחידה,1.00,יחידה,false,1,12.90,12.90,true,1,
7296155152449,false,מגב יציקה שקוף 7296155152449,קוצ'ינה,CN,מגב יציקה+מקל,יחידה,1.00,יחידה,false,1,29.90,29.90,true,1,
7296168001390,false,אציטון 100 גרם,איתן ספקים E,IL,אציטון,מיליליטרים,100.00,"100 מ""ל",false,0,3.90,3.90,true,1,
7296168018244,false,צמרוני אוזניים צבעוניים אקולוגים,,,צמרוני אוזניים,יחידה,1.00,יחידה,false,0,5.90,5.90,true,1,
7296168018251,false,צמרוני אוזניים צבעוניים אקולוגים,קנגמין,CN,מקלוני אוזניים,יחידה,1.00,יחידה,false,1,5.90,5.90,true,1,
7296168158766,false,"אלכוהול 70% 100 מ""ל",ש.שוורץ,CN,אלכוהול 70%,מיליליטרים,100.00,"100 מ""ל",false,1,9.90,9.90,true,1,
7297292000310,false,בד צח סריגית רך ועדין 18 יח',כ.כיפות שיווק וסחר,IL,סריגית (בדית),יחידה,1.00,יחידה,false,0,6.90,6.90,true,1,
7297292000426,false,בדי טהרה היגיינים 18 יחי,,IL,בדי טהרה,יחידה,1.00,יחידה,false,1,8.90,8.90,true,1,
7297395000026,false,בדי בדיקה טהרה 60 יחידות,חן המעין בעמ,IL,בדית שלישייה,יחידה,1.00,יחידה,false,0,13.50,13.50,true,1,
7297507980000,false,רפידות הנקה אוליטה 30 יח,"מיס שריתה בע""מ",TH,רפידות הנקה,יחידה,1.00,יחידה,false,1,14.90,14.90,true,1,
7297507980017,false,רפידות הנקה אוליטה 30 יח,"מיס שריתה בע""מ",TH,רפידות הנקה,יחידה,1.00,יחידה,false,1,9.90,9.90,true,1,
7297507980024,false,בדי בדיקה לבן 18 יחידות,"מיס שריתה בע""מ",TH,בדי בדיקה,יחידה,1.00,יחידה,false,1,8.90,8.90,true,1,
7297507980093,false,ליפה רחצה 1 יחידה,"מיס שריתה בע""מ",TH,ליפה רחצה,יחידה,1.00,יחידה,false,1,8.90,8.90,true,1,
7297507980109,false,"בקבוק שתיה לתינוק 240 מ""ל שלישיה ""טריו""",מיס שריתה,TH,בקבוק לתינוק3יח,יחידה,1.00,יחידה,false,1,18.90,18.90,true,1,
7297507980116,false,מחזיק מוצץ טבעת סיליקון,"מיס שריתה בע""מ",TH,מחזיק מוצץ,יחידה,1.00,יחידה,false,1,12.90,12.90,true,1,
7297507980291,false,"משחת נעלים +ספוג "" שחור "" 60 מ""ל","מיס שריתה בע""מ",TH,משחת נעליים,מיליליטרים,60.00,"100 מ""ל",false,1,3.90,6.50,true,1,
7297507980314,false,"נוזל לצחצוח נעלים "" שחור "" 80 מ""ל","מיס שריתה בע""מ",TH,נוזל נעליים,יחידה,1.00,יחידה,false,1,3.90,3.90,true,1,
7297507980376,false,מבריק נעליים דו צדדי 1 י,"מיס שריתה בע""מ",TH,מבריק נעליים,יחידה,1.00,יחידה,false,1,5.90,5.90,true,1,
7297507980390,false,"בקבוק שתיה לתינוק עם ידית ""דואט"" 300 מ""ל","מיס שריתה בע""מ",TH,בקבוק לתינוק,יחידה,1.00,יחידה,false,1,15.90,15.90,true,1,
7297507980406,false,"בקבוק שתיה לתינוק 250 מ""ל ""מיתר""","מיס שריתה בע""מ",TH,בקבוק לתינוק,מיליליטרים,250.00,"100 מ""ל",false,1,6.90,2.76,true,1,
7297507980604,false,מוצץ אורטודנטי אופל S 2י,"מיס שריתה בע""מ",TH,מוצץ,יחידה,1.00,יחידה,false,1,14.90,14.90,true,1,
7297507980611,false,"מוצץ סילקון אורטודנטי ""אופל"" בינוני 2 יח'","מיס שריתה בע""מ",TH,מוצץ אוטודנטי,יחידה,1.00,יחידה,false,1,14.90,14.90,true,1,
7297507980628,false,"מוצץ סילקון אורטודנטי ""אופל"" גדול 2 יח'","מיס שריתה בע""מ",TH,מוצץ אורטודנטי,יחידה,1.00,יחידה,false,1,14.90,14.90,true,1,
7297507980673,false,סינר מיקרופייבר לילדים גדול 2 יח',"מיס שריתה בע""מ",TH,זוג סינר,יחידה,1.00,יחידה,false,1,22.90,22.90,true,1,
7297507980680,false,"סכיני גילוח חד פעמיים , פס ריכוך אלוורה - 5 יחי",.,IL,סכיני גילוח,יחידה,1.00,יחידה,false,1,4.50,4.50,true,1,
7297507980697,false,קיסמי שיניים דנטליים 1 י,"מיס שריתה בע""מ",TH,קיסמי שיניים,יחידה,1.00,יחידה,false,1,8.90,8.90,true,1,
7297507980727,false,"בקבוק ספורט פיה נשלפת ""בלט""","מיס שריתה בע""מ",TH,בקבוק ספורט,יחידה,1.00,יחידה,false,1,11.90,11.90,true,1,
7297507980765,false,פטמה צרה לבקבוק 3 יחי חור : X,"מיס שריתה בע""מ",TH,פטמה צרה,יחידה,1.00,יחידה,false,1,4.90,4.90,true,1,
7297507980796,false,"מברשת לניקוי בקבוק ""אלפיסה""","מיס שריתה בע""מ",TH,מברשת ניקוי,יחידה,1.00,יחידה,false,1,4.90,4.90,true,1,
7297507980802,false,מברשת ניקוי בקבוק ופטמות,"מיס שריתה בע""מ",TH,מברשת ניקוי בקבו,יחידה,1.00,יחידה,false,1,12.90,12.90,true,1,
7297507980840,false,מחזיק מוצץ קליפס 1 יחידה,"מיס שריתה בע""מ",TH,מחזיק מוצץ,יחידה,1.00,יחידה,false,1,19.90,19.90,true,1,
7297507980871,false,"מוצץ גומי עגול ""פנינה"" בינוני 2 יח'","מיס שריתה בע""מ",TH,מוצץ עגול,יחידה,1.00,יחידה,false,1,16.90,16.90,true,1,
7297507980956,false,מוצץ סימטרי ברקת M 2 יחי,"מיס שריתה בע""מ",TH,מוצץ,יחידה,1.00,יחידה,false,1,20.90,20.90,true,1,
7297507981038,false,אלכוהול 70% אוליטה 100 מ,"מיס שריתה בע""מ",TH,אלכוהול,מיליליטרים,100.00,"100 מ""ל",false,1,4.90,4.90,true,1,
7297507981052,false,תופסנים לעגלה אוליטה 2יח,"מיס שריתה בע""מ",TH,תופסנים לעגלה,יחידה,1.00,יחידה,false,1,34.90,34.90,true,1,
7297507981144,false,רצועות שעווה אוליטה 50 י,"מיס שריתה בע""מ",TH,רצועות שעווה,יחידה,1.00,יחידה,false,1,14.90,14.90,true,1,
7297507981182,false,"בקבוק שתיה לתינוק 240 מ""ל ""צליל גדול""","מיס שריתה בע""מ",TH,בקבוק שתיה,מיליליטרים,240.00,"100 מ""ל",false,1,7.90,3.29,true,1,
7297507981199,false,"בקבוק שתיה לתינוק 120 מ""ל ""צליל קטן""","מיס שריתה בע""מ",TH,בקבוק לתינוק,מיליליטרים,120.00,"100 מ""ל",false,1,7.90,6.58,true,1,
7297507981236,false,"בקבוק שתיה לתינוק 250 מ""ל שלישיה ""אקורד""","מיס שריתה בע""מ",TH,שלישיית בקבוקים,יחידה,1.00,יחידה,false,1,16.90,16.90,true,1,
7297507981243,false,מחזיק מוצץ קליפס+חוט יחי,,CN,מחזיק מוצץ,יחידה,1.00,יחידה,false,1,36.90,36.90,true,1,
7297507981298,false,שפתון וזלין אליטה 15 ג',,IL,שפתון וזלין,גרמים,10.00,100 גרם,false,1,5.90,59.00,true,1,
7297507981342,false,"מוצץ סיליקון אורטודנטי "" קרט "" קטן 4 יח'","מיס שריתה בע""מ",TH,מוצץ אורטודנטי,יחידה,1.00,יחידה,false,1,20.90,20.90,true,1,
7297507981403,false,רפידות הנקה 60 יחידות,,CN,רפידות הנקה60יח,יחידה,1.00,יחידה,false,1,24.90,24.90,true,1,
7297507981427,false,קיסמי שיניים עם חוט דנטל,,CN,קיסמי שיניים,יחידה,1.00,יחידה,false,1,9.90,9.90,true,1,
7297507981472,false,מלבין טליתות ובגדי צמר 3,,BE,מלבין טליתות,יחידה,1.00,יחידה,false,1,34.90,34.90,true,1,
7297507981496,false,סכיני גילוח 3יח,.,CN,סכיני גילוח 3יח,יחידה,1.00,יחידה,false,1,14.90,14.90,true,1,
7297507981656,false,"שמן לתינוק אוליטה 400 מ""","מיס שריתה בע""מ",IL,שמן לתינוק,מיליליטרים,400.00,"100 מ""ל",false,1,15.90,3.98,true,1,
7297507981700,false,מברשת שיניים סיליקון .,"מיס שריתה בע""מ",TH,מברשת שיניים,יחידה,1.00,יחידה,false,1,17.90,17.90,true,1,
7312040017683,false,"אבסולוט וודקה, 700 מ''ל","איי, בי, אינבוו",SE,וודקה אבסולוט,מיליליטרים,700.00,"100 מ""ל",false,0,64.90,9.27,true,1,
7380580005255,false,נייס שבלולים לשיער,,IL,אביזרים לבית,יחידה,1.00,יחידה,false,0,7.90,7.90,true,1,
7480588956563,false,נייס שבלולים לשיער,,IL,אביזרים לבית,יחידה,1.00,יחידה,false,0,9.90,9.90,true,1,
7501064191398,false,שישיית בירה קורונה אקסטרא *355 מל,קריניציה ויטמינה אס,MX,בירה קורונה 6 יח,ליטרים,2.13,ליטר,false,1,34.90,16.38,true,1,
7509546057545,false,ליידי ספיד סטיק פרו 5 סטיק 45 גרם,קולגייט פלמוליב,US,ליידי ספיד סטיק,גרמים,45.00,100 גרם,false,1,17.90,39.78,true,1,
7509546063515,false,ליידי ספיד סטיק -סטיק פרו 5 ספריי 150 מל,קולגייט פלמוליב,RU,דאו.ליידי ס.סטיק,מיליליטרים,150.00,"100 מ""ל",false,1,12.90,8.60,true,1,
7509546666846,false,"קולגייט טוטאל משחת שיניים פחם 75 מ""ל",קולגייט פלמוליב,MX,טוטאל פחם,מיליליטרים,75.00,"100 מ""ל",false,1,19.90,26.53,true,1,
7610008056874,false,חטיף שוקולד במילוי 100 ג,שוקולה קמיל בלוך,CH,חטיף שוקולד,גרמים,100.00,100 גרם,false,1,14.90,14.90,true,1,
7610008060086,false,חטיף שוקולד מריר במילוי,שוקולה קמיל בלוך,CH,חטיף שוקולד מריר,גרמים,400.00,100 גרם,false,1,59.90,14.98,true,1,
7610100034084,false,מיונז טומי בשפורפרת 265 גרם,נסטלה שוויץ ס.א,CH,מיונז טומי,גרמים,265.00,100 גרם,false,1,9.90,3.74,true,1,
7622010001858,false,עוגיות אוראו ממולאות קרם וניל 176 גרם.,פי אר ג'\יי אס אי מנדלז,UA,עוגיות אוראו,גרמים,176.00,100 גרם,false,1,7.90,4.49,true,1,
7622201808631,false,אוראו מיני עוגיות ממולאות קרם וניל 67גרם,פי.טי. מונדלז אינדונ,ID,עוגיות אוראו מינ,גרמים,67.00,100 גרם,false,1,6.90,10.30,true,1,
7622300315283,false,אוראו עוגיות ממולאות קרם וניל 154 גרם,"מונדלז CR פרודקשיין,",CZ,עוגיות אוראו,גרמים,154.00,100 גרם,false,1,5.90,3.83,true,1,
7622300761363,false,עוגיות מיני אוראו במילוי קרם בטעם שוקולד בכוס,פי.טי. מונדלז אינדונ,ID,עוגיות מיני אורא,גרמים,67.00,100 גרם,false,0,6.90,10.30,true,1,
7690589856667,false,נייס שבלולים לשיער,,IL,אביזרים לבית,יחידה,1.00,יחידה,false,0,12.90,12.90,true,1,
7702018978106,false,"ג'ילט - דאודורנט ג'ל לגבר ארטיק אייס 70 מ""ל",פרוקטר אנד גמבל,PL,דאו.קליר ג'ל,מיליליטרים,70.00,"100 מ""ל",false,0,15.90,22.71,true,1,
7702018978120,false,"ג'ילט - דאודורנט ג'ל לגבר קול וייב 70 מ""ל",פרוקטר אנד גמבל,PL,דאו.קליר ג'ל,מיליליטרים,70.00,"100 מ""ל",false,0,15.90,22.71,true,1,
7790040420076,false,מיני אלפחורס בון בון 117 גר,ארקור,AR,אלפחורס עוגיות ב,גרמים,117.00,100 גרם,false,1,7.90,6.75,true,1,
7790040423022,false,עוגיית אלפחורס בונבון במיולי קרם בוטנים 19.5 גר',ארקור,AR,אלפא חורס,גרמים,19.00,100 גרם,false,1,1.90,10.00,true,1,
7790580315986,false,סוכריות ממולאות תות 453ג' מהדרין,,AR,סוכריות ממולאות,גרמים,470.00,100 גרם,false,0,14.90,3.17,true,1,
7891024124826,false,קולגייט משחת אופטיק ספרקלינג וייט 75מל,הנסיך- מפעל לייצור ט,BR,משחת קולגייט,מיליליטרים,75.00,"100 מ""ל",false,0,14.90,19.87,true,1,
7891024130063,false,"קולגייט מי פה פלאקס ללא אלכוהול 500 מ""ל מהדרין",קולגייט- פלמוליב,BR,פלקס שטיפה,מיליליטרים,500.00,"100 מ""ל",false,0,22.90,4.58,true,1,
7900250001006,false,NICE אביזרי שיער,,IL,אביזרים לבית,יחידה,1.00,יחידה,false,0,15.90,15.90,true,1,
7900250001013,false,מברשת שיער פן רחבה,,IL,אביזרים לבית,יחידה,1.00,יחידה,false,0,19.90,19.90,true,1,
8000380192243,false,וופלים לואקר מקסי בטעם אגוז 200 גר',לואקר Loacker,AT,וופל אגוז לואקר,גרמים,200.00,100 גרם,false,1,11.90,5.95,true,1,
8000380192250,false,וופלים לואקר מקסי בטעם שוקולד 200 גר',לואקר Loacker,AT,וופל שוקולד,גרמים,200.00,100 גרם,false,1,11.90,5.95,true,1,
8000380198221,false,"וופל לואקר מקסי דאבל שוקולד 200 גרם בד""צ",לואקר Loacker,AT,וופל דאבל שוקולד,גרמים,200.00,100 גרם,false,1,11.90,5.95,true,1,
8001090016003,false,"טבליות למדיח פיירי 84 יחידות בד""צ",פרוקטר אנד גמבל,BE,פיירי טבליות,יחידה,1.00,יחידה,false,1,53.90,53.90,true,1,
8001090156839,false,פמפרס בייבי דריי מידה 4 86 יח,פרוקטר & גמבל,TR,פמפרס אריזת ענק,יחידה,1.00,יחידה,false,1,67.90,67.90,true,1,
8001090184412,false,"פיירי נוזל לניקוי כלים לימון שקוף, 900 מ""ל",פרוקטר אנד גמבל,GB,פיירי לכלים,מיליליטרים,900.00,"100 מ""ל",false,1,11.90,1.32,true,1,
8001090368553,false,פמפרס בייבי דריי מידה 6 68 יח,פרוקטר & גמבל,TR,פמפרס אריזת ענק,יחידה,1.00,יחידה,false,1,67.90,67.90,true,1,
8001090379337,false,פמפרס פרימיום קר חיתולים שלב 3 40 יח VP,פרוקטר אנד גמבל,PL,פמפרס פרימיום,יחידה,1.00,יחידה,false,1,29.90,29.90,true,1,
8001090379368,false,פמפרס פרימיום קר חיתולים שלב 4 34 יח VP,פרוקטר אנד גמבל,PL,פמפרס פרימיום,יחידה,1.00,יחידה,false,1,29.90,29.90,true,1,
8001090379399,false,פמפרס פרימיום קר חיתולים שלב 5 30 יח VP,פרוקטר אנד גמבל,PL,פמפרס פרימיום,יחידה,1.00,יחידה,false,1,29.90,29.90,true,1,
8001090832450,false,"שמפו פנטן הנוסחה הקלאסית 660 מ""ל",פרוקטר אנד גמבל,RO,שמפו פנטן,מיליליטרים,660.00,"100 מ""ל",false,1,19.90,3.02,true,1,
8001090832535,false,"שמפו פנטן שמן מרוקאי משקם 660 מ""ל",פרוקטר אנד גמבל,RO,שמפו פנטן,מיליליטרים,660.00,"100 מ""ל",false,1,19.90,3.02,true,1,
8001090832573,false,"שמפו פנטן לחות מוגברת 660 מ""ל",פרוקטר אנד גמבל,RO,שמפו פנטן,מיליליטרים,660.00,"100 מ""ל",false,1,19.90,3.02,true,1,
8001090832610,false,"שמפו פנטן למגע רך כמשי 660 מ""ל",פרוקטר אנד גמבל,RO,שמפו פנטן,מיליליטרים,660.00,"100 מ""ל",false,1,19.90,3.02,true,1,
8001090832818,false,מרכך פנטן הנוסחה הקלאסית לשיער רגיל ומעורב,פרוקטר אנד גמבל,RO,מרכך פנטן,מיליליטרים,660.00,"100 מ""ל",false,1,19.90,3.02,true,1,
8001090832894,false,מרכך לשיער חלש ופגום לחות מוגברת,פרוקטר אנד גמבל,RO,מרכך פנטן,מיליליטרים,660.00,"100 מ""ל",false,1,19.90,3.02,true,1,
8001090832931,false,"פנטן 660 מ""ל קונדישינר למגע רך כמשי",פרוקטר אנד גמבל,RO,מרכך פנטן,מיליליטרים,660.00,"100 מ""ל",false,1,19.90,3.02,true,1,
8001090833280,false,גל כביסה אריאל בניחוח הרים 5.005 ליטר,פרוקטור אנד גמבל,FR,אריאל ג'ל כביסה,ליטרים,5.00,ליטר,false,1,47.90,9.58,true,1,
8001841053684,false,תחבושות אולוויז עבה לונג פלוס 12 יחידות,פרוקטר אנד גמבל )ראה קוד,UA,תחבושות אולוויז,יחידה,1.00,יחידה,false,1,9.90,9.90,true,1,
8001841053806,false,תחבושות היגייניות אולוויז מקסי עבה לילה,פרוקטר אנד גמבל,DE,תחבושות אולוויז,יחידה,1.00,יחידה,false,1,9.90,9.90,true,1,
8001841062624,false,פמפרס מגבונים לחים ללא בישום רביעייה,פרוקטר אנד גמבל.,DE,מגבוני פמפרס 4יח,יחידה,1.00,יחידה,false,1,15.90,15.90,true,1,
8001841077949,false,מארז מגבוני פמפרס בניחוח מרענן - רביעייה,פרוקטר אנד גמבל,DE,מגבוני פמפרס 4יח,יחידה,1.00,יחידה,false,1,15.90,15.90,true,1,
8001841105093,false,פמפרס פרימיום קר חיתולים שלב 6 26 יח VP,פרוקטר אנד גמבל,US,פמפרס,יחידה,1.00,יחידה,false,1,29.90,29.90,true,1,
8001841625362,false,"נוזל כלים בניחוח לימון פלטינום 780 מ""ל פיירי",פרוקטר אנד גמבל,GB,פיירי נוזל כלים,מיליליטרים,780.00,"100 מ""ל",false,1,11.90,1.53,true,1,
8001841669519,false,קפסולות לכביסה ALL IN ONE אריאל 55 יחידות,פרוקטר אנד גמבל,FR,קפסולות לכביסה,יחידה,1.00,יחידה,false,1,54.90,54.90,true,1,
8003440997833,false,מסטיק פיור פרש 100 יח בשקית בטעם פירות מנטה,פרפטי ואן מלה ברדה,TR,מסטיק מנטוס,גרמים,200.00,100 גרם,false,1,18.90,9.45,true,1,
8005200256587,false,נסטי - תה קר בטעם אפרסק 1.5 ליטר,מפעל סאנפלגרינו S.P.A,IT,נסטי בטעם אפר,ליטרים,1.50,ליטר,false,0,7.90,5.27,true,1,
8005200286584,false,נסטי- תה קר - בטעם מנגו אננס 1.5 ליטר,מפעל סאנפלגרינו S.P.A,IT,נסטי מנגו אננ,ליטרים,1.50,ליטר,false,0,7.90,5.27,true,1,
8008857300238,false,פסטה רגיה 23 גליל תומר 500 גרם,פאסטופיציו אנטוניו,IT,פסטה גליל,גרמים,500.00,100 גרם,false,1,4.50,0.90,true,1,
8008857300603,false,פסטה רגיה 60 קונכיה 500 גרם,פאסטופיציו אנטוניו,IT,פסטה קונכיה,גרמים,500.00,100 גרם,false,1,4.50,0.90,true,1,
8008857300634,false,פסטה רגיה 19 תלתל תומר 500 גרם,פאסטופיציו אנטוניו,IT,פסטה תלתל,גרמים,500.00,100 גרם,false,1,4.50,0.90,true,1,
8032573170035,false,יין מוסקטו טרה סינה 750 מל,יקבי קנטינה,IT,יין מוסקטו,מיליליטרים,750.00,"100 מ""ל",false,0,28.90,3.85,true,1,
8076800195132,false,ברילה - צ.א בבטה מס13 500 גרם,ברילה גי.אי.אר פרטלי ס.פ,IT,אטריות בבטה,גרמים,500.00,100 גרם,false,0,5.90,1.18,true,1,
8076802085936,false,ברילה פסטה צ.ק. קונצילה ריגטה חדש,ברילה גי.אי.אר פרטלי ס.פ,IT,קונצ'יליה,גרמים,500.00,100 גרם,false,0,5.90,1.18,true,1,
8076808060654,false,פסטה פרפלה מספר 65 ברילה 500 גרם,ברילה גי.אי.אר פרטלי ס.פ,IT,פסטה פרפלה ברילה,גרמים,500.00,100 גרם,false,0,5.90,1.18,true,1,
8076809523738,false,דפי לזניה ברילה 500 גרם,ברילה גי.אי.אר פרטלי ס.פ,IT,לזניה ברילה,גרמים,500.00,100 גרם,false,0,18.90,3.78,true,1,
8410076600622,false,חטיפי גרנולה קראנצ'י עם שוקולד מריר נייצ'ר ואלי 210 גרם,ג'נרל מילס סאן אדריאן,ES,נייצר וואלי שוקו,גרמים,210.00,100 גרם,false,0,12.90,6.14,true,1,
8410104045111,false,"פיניש מלח למדיח כלים 2ק""ג",רקיט בנקיזר,IL,מלח למדיח,קילוגרמים,2.00,"ק""ג",false,0,12.90,6.45,true,1,
8412131400154,false,מתלה למגב ומטאטא,,IL,מתלה למגב ומטאטא,יחידה,1.00,יחידה,false,1,14.90,14.90,true,1,
8420822130624,false,"ספריי סופר מסיר כתמים 750מ""ל יעקבי",קה לורדה,ES,מסיר כתמים,מיליליטרים,750.00,"100 מ""ל",false,1,14.90,1.99,true,1,
8683130025581,false,"מרכך כביסה מרוכז אקסטרה ענבר בדין 960 מ""ל",יבוא ושיווק: יוניליוור י,TR,מרכך בדין אקסטרה,מיליליטרים,960.00,"100 מ""ל",false,1,14.90,1.55,true,1,
8690558037225,false,מיץ תפוזים טבעי 1 ליטר - קרטון,דימס,TR,מיץ תפוזים 1 לי,ליטרים,1.00,ליטר,false,1,15.90,15.90,true,1,
8690637555084,false,"מרכך כביסה מרוכז אקסטרה פריחת התפוז בדין 960 מ""ל",יוניליוור סנאיי וי טיקאר,TR,מרכך בדין אקסטרא,מיליליטרים,960.00,"100 מ""ל",false,0,14.90,1.55,true,1,
8690637704277,false,"שמפו ומרכך לשיער רגיל 600 מ""ל דאב",יונילוור - תורכיה,TR,שמפו דאב,מיליליטרים,600.00,"100 מ""ל",false,0,15.90,2.65,true,1,
8690637704291,false,שמפו לשיקום אינטנסיבי לשיער פגום,יוניליוור טורקיה. אז,TR,דאב שמפו משקם,מיליליטרים,600.00,"100 מ""ל",false,0,15.90,2.65,true,1,
8690637704376,false,"שמפו לטיפוח יום יומי דאב 600 מ""ל",יוניליוור סנאיי וי טיקאר,TR,שמפו דאב,מיליליטרים,600.00,"100 מ""ל",false,0,15.90,2.65,true,1,
8690637704413,false,מרכך לשיקום אינטנסיבי לשיער פגום,יוניליוור טורקיה. אז,TR,דאב מרכך משקם,מיליליטרים,600.00,"100 מ""ל",false,0,15.90,2.65,true,1,
8690637704437,false,שמפו עם שמני הזנה לטיפוח לשיער יבש,יוניליוור סנאיי וי טיקאר,TR,שמפו דאב,מיליליטרים,600.00,"100 מ""ל",false,0,15.90,2.65,true,1,
8690637704451,false,מרכך עם שמני הזנה לטיפוח לשיער יבש,יוניליוור טורקיה. אז,TR,דאב מרכך,מיליליטרים,600.00,"100 מ""ל",false,0,15.90,2.65,true,1,
8690637871061,false,"דאב שמפו עם שמן אבוקדו ותמצית קלנדולה 600 מ""ל",יונילוור - תורכיה,TR,שמפו דאב,מיליליטרים,600.00,"100 מ""ל",false,1,15.90,2.65,true,1,
8690637946318,false,"מרכך כביסה בדין מרוכז אקסטרה בייבי טלק 960 מ""ל",יוניליוור סנאיי וי טיקאר,TR,מרכך בדין בייבי,מיליליטרים,960.00,"100 מ""ל",false,1,14.90,1.55,true,1,
8690637971310,false,"מרכך כביסה מרוכז אקסטרה בניחוח יערת הדבש בדין 960 מ""ל",יוניליוור סנאיי וי טיקאר,TR,בדין מרכך אקסטרה,מיליליטרים,960.00,"100 מ""ל",false,1,14.90,1.55,true,1,
8690784614771,false,דאק כדוריות ניקוי אסלה בניחוח רענן,דאופלור אס.פי.אי כונ,PL,דאק סבון אסלה,יחידה,1.00,יחידה,false,1,7.90,7.90,true,1,
8690784711777,false,דאק סבון אקטיבי בתוספת אקונומיקה מקציפה בניחוח ים,דאופלור אס.פי.אי כונ,PL,דאק סבון אסלה,יחידה,1.00,יחידה,false,1,7.90,7.90,true,1,
8693495041461,false,קולגייט זוג מברשות שיניים סלים סופט פחם,הנסיך- מפעל לייצור ט,CN,זוג מברשות,יחידה,1.00,יחידה,false,0,26.90,26.90,true,1,
8693495051002,false,קולגייט מברשת שיניים מיניונים 6+ לילדים,קולגייט פלמוליב,CN,מברשת קולגייט,יחידה,1.00,יחידה,false,1,9.90,9.90,true,1,
8693495053693,false,מברשות 360 קולגייט 4 יח,,CN,מברשות 360 4 יח,יחידה,1.00,יחידה,false,1,32.90,32.90,true,1,
8697409840454,false,מברשת מגהץ איטלקית,,IL,מברשת מגהץ,יחידה,1.00,יחידה,false,1,7.90,7.90,true,1,
8697409840577,false,מטאטא שרובר צבעוני,קוצ'ינה,CN,שרובר צבעוני,יחידה,1.00,יחידה,false,0,12.90,12.90,true,1,
8697425880090,false,"מגב שיש איכותי 20 ס""מ",,IL,מגב חלון פלורה,יחידה,1.00,יחידה,false,0,5.90,5.90,true,1,
8697425880502,false,מגב רצפה איכותי+מקל,,TR,מגב+מקל,יחידה,1.00,יחידה,false,1,14.90,14.90,true,1,
8697425881158,false,יעה+גומי איטליה איכותי,קוצ'ינה,CN,יעה +גומי,יחידה,1.00,יחידה,false,1,5.90,5.90,true,1,
8710428005755,false,תרכובת מזון לתינוקות על בסיס חלבון סויה איזומיל שלב 1,"אבוט מעבדות רפואיות בע""מ",NL,סימילאק צמחי,גרמים,400.00,100 גרם,false,0,39.90,9.98,true,1,
8710428005762,false,תרכובת מזון לתינוקות על בסיס חלבון סויה איזומיל טף שלב 2,"אבוט מעבדות רפואיות בע""מ",NL,סימילאק צמחי,גרמים,400.00,100 גרם,false,0,39.90,9.98,true,1,
8710502194825,false,מרבה - עוגיות שוקוצ'יפס כשר למהדרין 150 גרם,מרבה הולנד,NL,עוגיות שוקוצ'יפס,גרמים,150.00,100 גרם,false,1,6.90,4.60,true,1,
8710847973970,false,"תחליב רחצה דאב אלוורה מי עץ שדר, 750 מ""ל","יוניליוור גרמניה, Gmbh &",DE,תחליב רחצה דאב,מיליליטרים,750.00,"100 מ""ל",false,1,15.90,2.12,true,1,
8710908404184,false,"דאב דאו ספריי אורגינל 50 מ""ל*-ללא אלומני","פרמול איטליה, קומון",IT,דאודורנט דאב,מיליליטרים,150.00,"100 מ""ל",false,1,14.90,9.93,true,1,
8712561594608,false,"דאב תחליב רחיצה להזנה עמוקה 750 מ""ל","יוניליוור גרמניה, Gmbh &",DE,תחליב רחצה דאב,מיליליטרים,750.00,"100 מ""ל",false,1,15.90,2.12,true,1,
8712561611411,false,"תחליב רחצה בניחוח מלפפון ותה ירוק דאב 750 מ""ל","יוניליוור גרמניה, Gmbh &",DE,תחליב רחצה דאב,מיליליטרים,750.00,"100 מ""ל",false,1,15.90,2.12,true,1,
8712561626286,false,"תחליב רחצה דאב זוהר כמשי 750 מ""ל",יוניליוור גרמניה (בו,DE,תחליב רחצה דאב,מיליליטרים,750.00,"100 מ""ל",false,1,15.90,2.12,true,1,
8714789177229,false,רבעיית מברשות שיניים קולגייט אקסטרה קלין 1 יחידה,הנסיך- מפעל לייצור ט,CN,4 מברשות שיניים,יחידה,1.00,יחידה,false,0,9.90,9.90,true,1,
8714789402918,false,נוזל לניקוי כללי ורצפות בניחוח פרחי בר אג'קס 1.5 ליטר,הנסיך- מפעל לייצור ט,GR,אג'קס לניקוי,ליטרים,1.50,ליטר,false,0,15.90,10.60,true,1,
8714789402932,false,נוזל לניקוי כללי ורצפות בניחוח ורדי בוקר אג'קס 1.5 ליטר,הנסיך- מפעל לייצור ט,GR,אג'קס לניקוי,ליטרים,1.50,ליטר,false,0,15.90,10.60,true,1,
8714789450315,false,פלמוליב נוזל כלים לימון 1.5 ליטר,הנסיך- מפעל לייצור ט,GR,פלמוליב לכלים,ליטרים,1.50,ליטר,false,0,12.90,8.60,true,1,
8714789529561,false,"משחת שיניים סנסטיב פרו ריליף להלבנה קולגייט 75 מ""ל",קולגייט-פלמוליב,BR,משחת קולגייט,מיליליטרים,75.00,"100 מ""ל",false,0,22.90,30.53,true,1,
8714789582764,false,אג'קס ספריי לניקוי חלונות ומשטחים,הנסיך- מפעל לייצור ט,GR,מרסס לחלונות,מיליליטרים,750.00,"100 מ""ל",false,0,14.90,1.99,true,1,
8714789834467,false,פלמוליב נוזל לניקוי כלים קלאסי 1.5 ליטר,קולגייט-פלמוליב,GR,פלמוליב לכלים,ליטרים,1.50,ליטר,false,0,12.90,8.60,true,1,
8714789930848,false,"משחת שיניים אופטיק וייט הלבנה מיידית קולגייט 75 מ""ל",הנסיך- מפעל לייצור ט,PL,משחת קולגייט,מיליליטרים,75.00,"100 מ""ל",false,0,14.90,19.87,true,1,
8714789966403,false,ליידי ספיד סטיק פרו ג'ל 65 גרם,קולגייט פלמוליב,US,ליידי ספיד סטיק,גרמים,65.00,100 גרם,false,1,17.90,27.54,true,1,
8717163647240,false,"אקס דאודורנט ספריי גוף לגבר שוקולד 150 מ""ל",יוניליוור גרמניה (בו,TR,אקס ספריי,מיליליטרים,150.00,"100 מ""ל",false,1,9.90,6.60,true,1,
8717163655764,false,"רקסונה - דאודורנט ספריי לאישה שוואר פרש 150 מ""ל","קוסטר אירוסול, גבזה 4140",TR,דאודורנט רקסונה,מיליליטרים,150.00,"100 מ""ל",false,1,13.90,9.27,true,1,
8717163655825,false,"רקסונה דאו' ספריי לנשים בניחוח כותנה, 150 מ""ל","קוסטר אירוסול, גבזה 4140",TR,דאודורנט רקסונה,מיליליטרים,150.00,"100 מ""ל",false,1,13.90,9.27,true,1,
8717163714850,false,"דאו דאב ספריי קוקוס ויסמין 150 מ""ל","קוסטר אירוסול, גבזה 4140",TR,דאודורנט דאב,מיליליטרים,150.00,"100 מ""ל",false,1,14.90,9.93,true,1,
8718951076372,false,"קולגייט משחת שיניים תמציות צמחים לשיניים 100 מ""ל",קולגייט פלמוליב,PL,משחת קולגייט,מיליליטרים,100.00,"100 מ""ל",false,1,8.90,8.90,true,1,
8718951076402,false,"קולגייט משחת שיניים הרבל להלבנה 100 מ""ל",קולגייט פלמוליב,BR,משחת שיניים הרבל,מיליליטרים,100.00,"100 מ""ל",false,1,8.90,8.90,true,1,
8718951166561,false,משחת שיניים לרעננות מוגברת max fresh cooling crystals,הנסיך- מפעל לייצור ט,PL,משחת קולגייט מקס,מיליליטרים,125.00,"100 מ""ל",false,1,14.90,11.92,true,1,
8718951170445,false,"קולגייט סמיילס משחת שיניים ילדים גילאי 2-5 50 מ""ל",קולגייט פלמוליב,PL,קולגייט סמיילס,מיליליטרים,50.00,"100 מ""ל",false,1,9.90,19.80,true,1,
8718951236790,false,"קולגייט טוטאל משחת שיניים קלין מינט לפה בריא 100 מ""ל",קולגייט פלמוליב,PL,קולגייט טוטל,מיליליטרים,100.00,"100 מ""ל",false,1,14.90,14.90,true,1,
8718951236806,false,"קולגייט טוטאל הלבנה משחת שיניים המסייעת בהסרת כתמים 100 מ""ל",קולגייט Colgate,PL,קולגייט טוטל,מיליליטרים,100.00,"100 מ""ל",false,1,14.90,14.90,true,1,
8718951240742,false,"קולגייט טוטאל משחת שיניים פסים מרעננים 100 מ""ל",קולגייט פלמוליב,PL,קולגייט טוטל,מיליליטרים,100.00,"100 מ""ל",false,1,14.90,14.90,true,1,
8718951264618,false,"קולגייט אופטיק וייט פחם צ'רקול משחת שיניים, 75 מ""ל",קולגייט-פלמוליב,PL,משחת קולגייט,מיליליטרים,75.00,"100 מ""ל",false,1,22.90,30.53,true,1,
8718951288492,false,"משחת שיניים מרידול בי טיוב מארז 2*75 מ""ל",קולגייט פלמוליב,PL,משחת מרידול 2 יח,מיליליטרים,150.00,"100 מ""ל",false,1,24.90,16.60,true,1,
8718951315303,false,"קולגייט אדומה משחת שיניים להגנה מפני עששת 2*100 מ""ל",קולגייט-פלמוליב,PL,משחת קולגייט 2יח,מיליליטרים,200.00,"100 מ""ל",false,1,16.90,8.45,true,1,
8718951338128,false,"ליידי ספיד סטיק רול און שאוור פרש 50 מ""ל",קולגייט פלמוליב,IT,דאודורנט רול און,מיליליטרים,50.00,"100 מ""ל",false,1,12.90,25.80,true,1,
8718951385290,false,נוזל לניקוי כללי ורצפות אג'קס 2 ליטר,קולגייט פלמוליב,GR,אג'קס ניקוי כללי,ליטרים,2.00,ליטר,false,1,19.90,9.95,true,1,
8718951409798,false,זוג מברשות שיניים מקס וויט פחם קולגייט,הנסיך- מפעל לייצור ט,CN,מברשת שיניים פחם,יחידה,1.00,יחידה,false,1,24.90,24.90,true,1,
8718951415836,false,קולגייט מי פה פלאקס פחם לחיוך לבן 500 מל,קולגייט Colgate,PL,קולגייט מי פה,מיליליטרים,500.00,"100 מ""ל",false,1,29.90,5.98,true,1,
8718951428492,false,"פלמוליב סבון רחצה לגבר 4ב1 מועשר בפחם 750 מ""ל",שסטוביץ,TR,סבון רחצה לגבר,מיליליטרים,750.00,"100 מ""ל",false,1,14.90,1.99,true,1,
8718951433120,false,קולגייט טוטאל משחת שיניים לילדים לגילאי,קולגייט פלמוליב,PL,משחת קולגייט ילד,מיליליטרים,50.00,"100 מ""ל",false,1,14.90,29.80,true,1,
8718951461444,false,"זוג משחת שיניים טוטאל הלבנה ביטיו *100 מ""ל קולגייט",קולגייט פלמוליב,PL,משחת טוטל 2 יח,מיליליטרים,200.00,"100 מ""ל",false,1,27.90,13.95,true,1,
8718951477384,false,"קולגייט משחת שיניים טוטאל ג'ל מתקדם פיור 75 מ""ל",קולגייט פלמוליב,PL,משחת טוטאל ג'ל,מיליליטרים,75.00,"100 מ""ל",false,1,19.90,26.53,true,1,
8719200998001,false,מרגרינה לאפיה ובישול בלי מלח 200 ג' בלו בנד,יוניליוור ישראל מזון בע\,IL,מרגרינה בלובנד,גרמים,200.00,100 גרם,false,1,4.20,2.10,true,1,
8719200998018,false,מחמאה מרגרינה בטעם חמאה בלובנד 200 גרם,"מיוצר ע""\י יוניליוור ישר",IL,מחמאה מרגרינה,גרמים,200.00,100 גרם,false,1,4.30,2.15,true,1,
8719200998032,false,"מרגרינה מזולה גלורי טעם חמאה 250גר 8 יחידות - כשל""פ","מיוצר ע""\י יוניליוור ישר",IL,מזולה טעם חמאה,גרמים,250.00,100 גרם,false,1,9.80,3.92,true,1,
8720181045912,false,"אקס דאודורנט ספריי גוף אפריקה 150 מ""ל","יוניליוור אנגליה, דרך קו",TR,אקס ספריי,מיליליטרים,150.00,"100 מ""ל",false,1,9.90,6.60,true,1,
8720181046605,false,דאב - דאודורנט ספריי לאישה אורגינל כחול 150מל,"יוניליוור אנגליה, דרך קו",TR,דאודורנט דאב,מיליליטרים,150.00,"100 מ""ל",false,1,14.90,9.93,true,1,
8720181046612,false,"דאב - דאודורנט רול און לאישה אורגינל 50 מ""ל","יוניליוור אנגליה, דרך קו",GB,דאב רול און,מיליליטרים,50.00,"100 מ""ל",false,1,14.90,29.80,true,1,
8720181090202,false,"תחליב רחצה דאב עם שמן זית, 750 מ""ל","יוניליוור גרמניה, Gmbh &",DE,תחליב רחצה דאב,מיליליטרים,750.00,"100 מ""ל",false,1,15.90,2.12,true,1,
8720181090219,false,תחליב רחצה רימונים ותמצית פרח היביסקוס,"יוניליוור גרמניה, Gmbh &",DE,תחליב רחצה דאב,מיליליטרים,750.00,"100 מ""ל",false,1,15.90,2.12,true,1,
8720182253194,false,סבון מוצק דאב מלפפונים ותה ירוק שישיית,יוניליוור,DE,סבון מוצק 6יח,גרמים,540.00,100 גרם,false,1,12.90,2.39,true,1,
8720182256362,false,שישיית סבון מוצק דאב קלאסי 540 גר',יוניליוור,DE,סבון מוצק 6יח,גרמים,540.00,100 גרם,false,1,12.90,2.39,true,1,
8850389105825,false,משקה אלוורה בטעם ענבים סאפה 1 ליטר,סאפה פובליק קומפני לימיט,TH,סאפה ענבים,ליטרים,1.00,ליטר,false,0,11.00,11.00,true,1,
8850389105832,false,סאפה משקה אלוורה בטעם תפוח עם קוביות אלוורה 1 ליטר,סאפה פובליק קומפני לימיט,TH,סאפה תפוחים,ליטרים,1.00,ליטר,false,0,11.00,11.00,true,1,
8850389105849,false,סאפה משקה אלוורה מופחת קלוריות בטעם אפרסק 1 ליטר,סאפה פובליק קומפני לימיט,TH,סאפה אפרסק,ליטרים,1.00,ליטר,false,0,11.00,11.00,true,1,
8850389115336,false,משקה אלוורה בטעם מלון סאפה 1 ליטר,סאפה פובליק קומפני לימיט,TH,משקה אלוורה,ליטרים,1.00,ליטר,false,1,11.00,11.00,true,1,
8888111030053,false,"מיץ אננס SW טבעי מארז 240X4מ""ל פרימיום",אקו - ביט,PH,מארז מיץ אננס,מיליליטרים,960.00,"100 מ""ל",false,1,14.90,1.55,true,1,
9000101418163,false,שלישיית סבון אסלה בניחוח מתחלף תפוח ירוק ברף,ברף Bref,RS,ברף לאסלה 3 יח,גרמים,150.00,100 גרם,false,1,14.90,9.93,true,1,
9000101520965,false,"סבון אסלה בניחוח מתחלף לוטוס עדין במבוק, 3 יחידות",ברף Bref,RS,ברף לאסלה 3 יח,גרמים,150.00,100 גרם,false,1,14.90,9.93,true,1,
9001616202186,false,"בקבוק לתינוק 330 מ""ל 4+ חודשים Easy Active",טרופיקל דגיל תעשיות,AT,מאמ בקבוק,יחידה,1.00,יחידה,false,0,27.80,27.80,true,1,
9001616203305,false,זוג פטמות X לבקבוק 6+ חודשים,מאם Mam,HU,פיטמה למזון סמיך,יחידה,1.00,יחידה,false,0,24.90,24.90,true,1,
9001616203367,false,מאם זוג פטמות מס 2 זרימה בינונית,General,AT,פטמה לבקבוק,יחידה,1.00,יחידה,false,0,24.90,24.90,true,1,
9001616203626,false,מאם זוג פטמות מס 3 זרימה מהירה,General,AT,מאמ פטמות,יחידה,1.00,יחידה,false,0,24.90,24.90,true,1,
9001616205774,false,מאם אנימלס מוצצי סיליקון 0-6 תכלת,אלפא,HU,מוצץ מאמ,יחידה,1.00,יחידה,false,0,32.80,32.80,true,1,
9001616669903,false,"בקבוק לתינוק ללא ביספנול 0+ מאם 160 מ""ל",מאם Mam,HU,מאמ בקבוק,יחידה,1.00,יחידה,false,0,34.90,34.90,true,1,
9001616681363,false,"בקבוק לתינוק אנטי קוליק מאמ 260 מ""ל",General,HU,בקבוק אנטי קוליק,מיליליטרים,260.00,"100 מ""ל",false,1,27.80,10.69,true,1,
9001616702716,false,זוג מוצצים סיליקון זוהרים בלילה מאמ +6 ורוד,General,HU,זוג מוצצים +6 זו,יחידה,1.00,יחידה,false,1,32.80,32.80,true,1,
9001616702921,false,מאם בקבוק אנטי קוליק 260 מל לבן,General,HU,בקבוק אנטי קוליק,יחידה,1.00,יחידה,false,1,27.80,27.80,true,1,
9001616702983,false,"בקבוק לתינוק מאמ 330 מ""ל",General,HU,בקבוק תינוק סגול,מיליליטרים,330.00,"100 מ""ל",false,1,27.80,8.42,true,1,
9001616702990,false,"בקבוק לתינוק מאמ 330 מ""ל",General,HU,בקבוק תינוק ירו,מיליליטרים,330.00,"100 מ""ל",false,1,27.80,8.42,true,1,
9001616703027,false,בקבוק האכלה לתינוק מ,General,AT,בקבוק תינוק אפור,מיליליטרים,330.00,"100 מ""ל",false,1,27.80,8.42,true,1,
9005800317014,false,"ניוואה סקראב אורז עור עדין פטל 75 מ""ל",אלפא,DE,פילינג אורז לעור,מיליליטרים,75.00,"100 מ""ל",false,1,19.90,26.53,true,1,
9044400851672,false,סוכריות פז סוגים שונים + 3 מילויים,פז פרודקשיין יורו,HU,בובת פז ט.פירות,יחידה,1.00,יחידה,false,1,9.90,9.90,true,1,
9044400885578,false,סוכ.פז מילוי ט.פירות68גר,סוכריות פז,HU,סוכריות פז מילוי,גרמים,68.00,100 גרם,false,1,7.90,11.62,true,1,
9843022871156,false,נר הבדלה דקורטיבי,,CN,נר הבדלה,יחידה,1.00,יחידה,false,1,17.90,17.90,true,1,
