code,internal_code,name,manufacturer_name,manufacture_country,manufacturer_item_description,unit_qty,quantity,unit_of_measure,weighted,qty_in_package,price,unit_of_measure_price,allow_discount,status,item_id
103,true,לחמניה בריאות,,,לחמניה בריאות,יח',1.00,יח',false,,3.20,3.2000,true,1,2400
116,true,פלסטונים,,,פלסטונים,יחידה,0.00,יחידה,false,,4.90,0.0000,true,1,17982
119,true,גפרורים,,,גפרורים,יחידה,0.00,יחידה,false,,4.90,0.0000,true,1,15799
161,true,קישוא עגול,,,קישוא עגול,קילוגרמים,1.00,"ק""ג",true,,12.90,12.9000,true,1,50711
163,true,פטריות שמפיניון תפזו,,,פטריות שמפיניון תפזו,קילוגרמים,1.00,"ק""ג",true,,39.90,39.9000,true,1,50712
173,true,דלעת ערמונים,,,דלעת ערמונים,קילוגרמים,1.00,"ק""ג",true,,11.90,11.9000,true,1,50714
301,true,בקבוק ריק חוזר בירה,,,בקבוק ריק חוזר בירה,יחידה,0.00,יחידה,false,,1.20,0.0000,true,1,6864
374,true,פטריות שמפניון,,,פטריות שמפניון,יח',1.00,יח',false,,8.90,8.9000,true,1,50715
393,true,לחם חיטה,,,לחם חיטה,יח',1.00,יח',false,,11.00,11.0000,true,1,2407
493,true,פריט מבצע ב-10ש`ח,,,פריט מבצע ב-10ש`ח,יחידה,0.00,יחידה,false,,10.00,0.0000,true,1,27528
505,true,כלי בית טקסטיל,,,כלי בית טקסטיל,יחידה,0.00,יחידה,false,,44.90,0.0000,true,1,27533
572,true,קופון מצטרף חדש למוע,,,קופון מצטרף חדש למוע,יחידה,0.00,יחידה,false,,0.01,0.0000,true,1,34419
996,true,חלה קלועה,,,חלה קלועה,יח',1.00,יח',false,,11.90,11.9000,true,1,2420
998,true,חלה מתוקה קלועה,,,חלה מתוקה קלועה,יח',1.00,יח',false,,11.90,11.9000,true,1,2422
1009,true,בגט שלם,,,בגט שלם,יח',1.00,יח',false,,4.90,4.9000,true,1,2426
1014,true,בגט רוסטיק,,,בגט רוסטיק,יח',1.00,יח',false,,8.50,8.5000,true,1,2428
1028,true,חצי בגט,,,חצי בגט,יח',1.00,יח',false,,3.50,3.5000,true,1,2431
1043,true,כרוב לבן כשר,,,כרוב לבן כשר,קילוגרמים,1.00,"ק""ג",true,,14.90,14.9000,true,1,47682
1058,true,חלה רגילה/חלה ציפורי,,,חלה רגילה/חלה ציפורי,גרמים,500.00,100 גרם,false,,5.17,0.0103,true,1,4440
1074,true,כרוב אדום כשר,,,כרוב אדום כשר,קילוגרמים,1.00,"ק""ג",true,,14.90,14.9000,true,1,47683
1079,true,מיני סופגניה בודדת,,,מיני סופגניה בודדת,יחידה,0.00,יחידה,false,,3.30,0.0000,true,1,2438
1091,true,צנונית בייבי,,,צנונית בייבי,גרמים,400.00,100 גרם,false,,5.90,0.0148,true,1,35536
1095,true,בייבי בטטה,,,בייבי בטטה,יח',1.00,יח',false,,6.90,6.9000,true,1,50718
1103,true,לחמניה אצבע (6500),,,לחמניה אצבע (6500),יח',1.00,יח',false,,2.90,2.9000,true,1,33967
1212,true,לחמנית כריך/ביס/לבן/,,,לחמנית כריך/ביס/לבן/,יח',1.00,יח',false,,2.50,2.5000,true,1,2442
1214,true,לחמניה לוסי לבנה,,,לחמניה לוסי לבנה,יחידה,0.00,יחידה,false,,2.00,0.0000,true,1,4445
1216,true,לחמנית אצבע/מיוחדת,,,לחמנית אצבע/מיוחדת,יחידה,0.00,יחידה,false,,2.00,0.0000,true,1,4447
1217,true,לחמניה שמינייה /עגול,,,לחמניה שמינייה /עגול,יחידה,0.00,יחידה,false,,2.90,0.0000,true,1,4448
1475,true,עגבניות מגי (שקיל),,,עגבניות מגי (שקיל),קילוגרמים,1.00,"ק""ג",true,,13.90,13.9000,true,1,125945
1476,true,לימון סיני,,,לימון סיני,קילוגרמים,1.00,"ק""ג",true,,12.90,12.9000,true,1,50725
1486,true,פומלה אדומה,,,פומלה אדומה,קילוגרמים,1.00,"ק""ג",true,,7.90,7.9000,true,1,50730
1488,true,אשכולית אדומה,,,אשכולית אדומה,קילוגרמים,1.00,"ק""ג",true,,5.90,5.9000,true,1,50731
1494,true,תפו`א לבן תפזורת,,,תפו`א לבן תפזורת,קילוגרמים,1.00,"ק""ג",true,,4.90,4.9000,true,1,50736
1495,true,תפו`א אדום תפזורת,,,תפו`א אדום תפזורת,קילוגרמים,1.00,"ק""ג",true,,4.90,4.9000,true,1,50737
1500,true,פלפל כתום,,,פלפל כתום,קילוגרמים,1.00,"ק""ג",true,,9.90,9.9000,true,1,50740
1501,true,עגבניות,,,עגבניות,קילוגרמים,1.00,"ק""ג",true,,6.90,6.9000,true,1,50741
1502,true,מלפפונים,,,מלפפונים,קילוגרמים,1.00,"ק""ג",true,,5.90,5.9000,true,1,50742
1503,true,גזר ארוז,,,גזר ארוז,קילוגרמים,1.00,"ק""ג",true,,3.90,3.9000,true,1,50743
1504,true,סלק,,,סלק,קילוגרמים,1.00,"ק""ג",true,,3.90,3.9000,true,1,50744
1505,true,כרוב לבן,,,כרוב לבן,קילוגרמים,1.00,"ק""ג",true,,3.90,3.9000,true,1,50745
1506,true,כרוב אדום,,,כרוב אדום,קילוגרמים,1.00,"ק""ג",true,,5.90,5.9000,true,1,50746
1507,true,כרובית,,,כרובית,קילוגרמים,1.00,"ק""ג",true,,8.90,8.9000,true,1,50747
1509,true,כרובית אלמוג,,,כרובית אלמוג,יח',1.00,יח',false,,9.90,9.9000,true,1,124597
1510,true,קישואים,,,קישואים,קילוגרמים,1.00,"ק""ג",true,,7.90,7.9000,true,1,50748
1511,true,חצילים,,,חצילים,קילוגרמים,1.00,"ק""ג",true,,6.90,6.9000,true,1,50749
1513,true,פלפל ירוק,,,פלפל ירוק,קילוגרמים,1.00,"ק""ג",true,,7.90,7.9000,true,1,50750
1514,true,פלפל בהיר,,,פלפל בהיר,קילוגרמים,1.00,"ק""ג",true,,8.90,8.9000,true,1,50751
1515,true,פלפל חריף,,,פלפל חריף,קילוגרמים,1.00,"ק""ג",true,,7.90,7.9000,true,1,50752
1516,true,פלפל אדום,,,פלפל אדום,קילוגרמים,1.00,"ק""ג",true,,9.90,9.9000,true,1,50753
1517,true,פלפל רומרו,,,פלפל רומרו,קילוגרמים,1.00,"ק""ג",true,,12.90,12.9000,true,1,50754
1518,true,מלון,,,מלון,קילוגרמים,1.00,"ק""ג",true,,7.90,7.9000,true,1,50755
1519,true,בצל יבש,,,בצל יבש,קילוגרמים,1.00,"ק""ג",true,,4.90,4.9000,true,1,50756
1521,true,קולורבי,,,קולורבי,קילוגרמים,1.00,"ק""ג",true,,6.90,6.9000,true,1,50757
1522,true,חסה ערבית,,,חסה ערבית,יח',1.00,יח',false,,4.90,4.9000,true,1,50758
1527,true,פטרוזיליה גומי,,,פטרוזיליה גומי,יח',1.00,יח',false,,3.50,3.5000,true,1,35537
1528,true,כוסברה גומי,,,כוסברה גומי,יח',1.00,יח',false,,3.50,3.5000,true,1,35538
1529,true,שמיר גומי,,,שמיר גומי,יח',1.00,יח',false,,3.50,3.5000,true,1,35539
1530,true,נענע גומי,,,נענע גומי,יח',1.00,יח',false,,3.50,3.5000,true,1,35540
1531,true,לפת,,,לפת,קילוגרמים,1.00,"ק""ג",true,,6.90,6.9000,true,1,50761
1535,true,תפו`א אדום ארוז,,,תפו`א אדום ארוז,קילוגרמים,1.00,"ק""ג",true,,4.90,4.9000,true,1,50764
1540,true,חזרת,,,חזרת,קילוגרמים,1.00,"ק""ג",false,,39.90,39.9000,true,1,50767
1541,true,ארטישוק,,,ארטישוק,קילוגרמים,1.00,"ק""ג",true,,18.90,18.9000,true,1,50768
1545,true,שום ארוז ייבוא יח',,,שום ארוז ייבוא יח',יח',1.00,יח',false,,4.90,4.9000,true,1,50772
1547,true,שומר,,,שומר,קילוגרמים,1.00,"ק""ג",true,,6.90,6.9000,true,1,50774
1548,true,תות שדה ביח',,,תות שדה ביח',יח',1.00,יח',false,,23.90,23.9000,true,1,47815
1550,true,תפו`א לבן ארוז,,,תפו`א לבן ארוז,קילוגרמים,1.00,"ק""ג",true,,3.90,3.9000,true,1,50775
1551,true,לימון,,,לימון,קילוגרמים,1.00,"ק""ג",true,,7.90,7.9000,true,1,50776
1552,true,תפוז,,,תפוז,קילוגרמים,1.00,"ק""ג",true,,5.90,5.9000,true,1,50777
1553,true,ענב לבן,,,ענב לבן,קילוגרמים,1.00,"ק""ג",true,,29.90,29.9000,true,1,50778
1555,true,תפוז ארוז,,,תפוז ארוז,קילוגרמים,1.00,"ק""ג",true,,4.90,4.9000,true,1,50780
1556,true,בננה מובחרת,,,בננה מובחרת,קילוגרמים,1.00,"ק""ג",true,,6.90,6.9000,true,1,50781
1557,true,צנון,,,צנון,קילוגרמים,1.00,"ק""ג",true,,6.90,6.9000,true,1,50782
1558,true,אשכולית צהובה,,,אשכולית צהובה,קילוגרמים,1.00,"ק""ג",true,,5.90,5.9000,true,1,50783
1560,true,דלעת ארוזה,,,דלעת ארוזה,קילוגרמים,1.00,"ק""ג",true,,9.90,9.9000,true,1,50785
1561,true,תפוח עץ זהוב,,,תפוח עץ זהוב,קילוגרמים,1.00,"ק""ג",true,,9.90,9.9000,true,1,50786
1562,true,תפוח עץ יונתן,,,תפוח עץ יונתן,קילוגרמים,1.00,"ק""ג",true,,9.90,9.9000,true,1,50787
1563,true,תפוח עץ חרמון,,,תפוח עץ חרמון,קילוגרמים,1.00,"ק""ג",true,,9.90,9.9000,true,1,50788
1564,true,תפוח עץ סמיט,,,תפוח עץ סמיט,קילוגרמים,1.00,"ק""ג",true,,9.90,9.9000,true,1,50789
1568,true,רימון,,,רימון,קילוגרמים,1.00,"ק""ג",true,,9.90,9.9000,true,1,50792
1570,true,קלמנטינה,,,קלמנטינה,קילוגרמים,1.00,"ק""ג",true,,5.90,5.9000,true,1,50793
1571,true,פלפל שושקה,,,פלפל שושקה,קילוגרמים,1.00,"ק""ג",true,,12.90,12.9000,true,1,50794
1572,true,אבוקדו מובחר,,,אבוקדו מובחר,קילוגרמים,1.00,"ק""ג",true,,7.90,7.9000,true,1,50795
1574,true,בטטה מתוקה,,,בטטה מתוקה,קילוגרמים,1.00,"ק""ג",true,,8.90,8.9000,true,1,50797
1576,true,אגס,,,אגס,קילוגרמים,1.00,"ק""ג",true,,11.90,11.9000,true,1,50798
1577,true,אגס נאשי,,,אגס נאשי,קילוגרמים,1.00,"ק""ג",true,,16.90,16.9000,true,1,50799
1581,true,פלפל צהוב,,,פלפל צהוב,קילוגרמים,1.00,"ק""ג",true,,9.90,9.9000,true,1,50800
1588,true,תירס ארוז,,,תירס ארוז,קילוגרמים,1.00,"ק""ג",true,,9.90,9.9000,true,1,50804
1590,true,משורית סרט 1590 ממ,,,פומלה,קילוגרמים,1.00,"ק""ג",true,,7.90,7.9000,true,1,50805
1591,true,ענב אדום,,,ענב אדום,קילוגרמים,1.00,"ק""ג",true,,29.90,29.9000,true,1,50806
1595,true,חציל בלדי,,,חציל בלדי,קילוגרמים,1.00,"ק""ג",true,,7.90,7.9000,true,1,50809
1601,true,סלרי חתוך ליח,,,סלרי חתוך ליח,יח',1.00,יח',false,,6.90,6.9000,true,1,47684
1603,true,אבוקדו ברשת,,,אבוקדו ברשת,קילוגרמים,1.00,"ק""ג",true,,10.90,10.9000,true,1,50811
1604,true,אפרסמון,,,אפרסמון,קילוגרמים,1.00,"ק""ג",true,,14.90,14.9000,true,1,50812
1605,true,גויאבה,,,גויאבה,קילוגרמים,1.00,"ק""ג",true,,19.90,19.9000,true,1,50813
1607,true,תפו`א קטן אפיה ארוז,,,תפו`א קטן אפיה ארוז,קילוגרמים,1.00,"ק""ג",true,,3.90,3.9000,true,1,50815
1608,true,זנגוויל\גינגיר תפזור,,,זנגוויל\גינגיר תפזור,קילוגרמים,1.00,"ק""ג",true,,22.90,22.9000,true,1,50816
1610,true,שרי אשכולות לקג,,,שרי אשכולות לקג,קילוגרמים,1.00,"ק""ג",true,,18.90,18.9000,true,1,50817
1611,true,תפוח עץ זהוב ברשת,,,תפוח עץ זהוב ברשת,קילוגרמים,1.00,"ק""ג",true,,9.90,9.9000,true,1,64511
1613,true,דלורית,,,דלורית,קילוגרמים,1.00,"ק""ג",true,,5.90,5.9000,true,1,50819
1615,true,בצל אדום,,,בצל אדום,קילוגרמים,1.00,"ק""ג",true,,6.90,6.9000,true,1,50821
1616,true,כוסברה כשר,,,כוסברה כשר,יח',1.00,יח',false,,5.90,5.9000,true,1,47685
1617,true,אננס,,,אננס,יח',1.00,יח',false,,37.90,37.9000,true,1,50822
1618,true,אפרסמון קרמבו,,,אפרסמון קרמבו,קילוגרמים,1.00,"ק""ג",true,,15.90,15.9000,true,1,50823
1619,true,פומלית,,,פומלית,קילוגרמים,1.00,"ק""ג",true,,5.90,5.9000,true,1,50824
1620,true,קיווי,,,קיווי,קילוגרמים,1.00,"ק""ג",true,,15.90,15.9000,true,1,50825
1628,true,צנון לבן,,,צנון לבן,קילוגרמים,1.00,"ק""ג",true,,14.90,14.9000,true,1,609199
1632,true,קישוא זוקיני ירוק,,,קישוא זוקיני ירוק,קילוגרמים,1.00,"ק""ג",true,,11.90,11.9000,true,1,50827
1634,true,פפאיה,,,פפאיה,קילוגרמים,1.00,"ק""ג",true,,19.90,19.9000,true,1,50828
1639,true,דלעת אקזוטית,,,דלעת אקזוטית,קילוגרמים,1.00,"ק""ג",true,,11.90,11.9000,true,1,50832
1645,true,תפוח עץ גלה,,,תפוח עץ גלה,קילוגרמים,1.00,"ק""ג",true,,9.90,9.9000,true,1,50833
1646,true,סלרי ראש,,,סלרי ראש,יח',1.00,יח',false,,5.90,5.9000,true,1,48488
1670,true,"בטטה קסביה (תפו""א יר",,,"בטטה קסביה (תפו""א יר",קילוגרמים,1.00,"ק""ג",true,,15.90,15.9000,true,1,50841
1682,true,פסיפלורה יח',,,פסיפלורה יח',גרמים,300.00,100 גרם,false,,17.90,0.0597,true,1,50844
1683,true,תפוח עץ פינק קריפס,,,תפוח עץ פינק קריפס,קילוגרמים,1.00,"ק""ג",true,,13.90,13.9000,true,1,50845
1688,true,דלעת יפנית,,,דלעת יפנית,קילוגרמים,1.00,"ק""ג",true,,14.90,14.9000,true,1,50846
1708,true,גזר תפזורת,,,גזר תפזורת,קילוגרמים,1.00,"ק""ג",true,,4.90,4.9000,true,1,50856
1840,true,ברוקולי,,,ברוקולי,קילוגרמים,1.00,"ק""ג",true,,9.90,9.9000,true,1,50874
1841,true,תפוח פינק קריפס מאר,,,תפוח פינק קריפס מאר,גרמים,600.00,100 גרם,false,,16.90,0.0282,true,1,50875
1845,true,שעועית ירוקה יח`,,,שעועית ירוקה יח`,יח',1.00,יח',false,,16.90,16.9000,true,1,46545
1883,true,שום יבש תפזורת,,,שום יבש תפזורת,קילוגרמים,1.00,"ק""ג",true,,22.90,22.9000,true,1,50879
1941,true,ענב שחור,,,ענב שחור,קילוגרמים,1.00,"ק""ג",true,,29.90,29.9000,true,1,50890
1993,true,שרי תמר תפזורת,,,שרי תמר תפזורת,קילוגרמים,1.00,"ק""ג",true,,22.90,22.9000,true,1,81340
3500,true,עוף טרי שלם,,,עוף טרי שלם,קילוגרמים,1.00,"ק""ג",true,,18.90,18.9000,true,1,26496
3501,true,כרעיים עוף טרי,,,כרעיים עוף טרי,קילוגרמים,1.00,"ק""ג",true,,26.90,26.9000,true,1,26497
3502,true,חזה עוף טרי,,,חזה עוף טרי,קילוגרמים,1.00,"ק""ג",true,,31.90,31.9000,true,1,26498
3506,true,גרון הודו זכר טרי,,,גרון הודו זכר טרי,קילוגרמים,1.00,"ק""ג",true,,29.90,29.9000,true,1,26500
3507,true,שניצל עוף פרוס טרי,,,שניצל עוף פרוס טרי,קילוגרמים,1.00,"ק""ג",true,,34.90,34.9000,true,1,26501
3508,true,כנפים הודו טרי,,,כנפים הודו טרי,קילוגרמים,1.00,"ק""ג",true,,17.90,17.9000,true,1,26502
3511,true,חזה הודו טרי,,,חזה הודו טרי,קילוגרמים,1.00,"ק""ג",true,,33.90,33.9000,true,1,26503
3517,true,שוקיים פטם טרי,,,שוקיים פטם טרי,קילוגרמים,1.00,"ק""ג",true,,28.90,28.9000,true,1,26508
3520,true,ירכיים עוף טרי,,,ירכיים עוף טרי,קילוגרמים,1.00,"ק""ג",true,,26.90,26.9000,true,1,26509
3522,true,שוארמה פרגיות טרי,,,שוארמה פרגיות טרי,קילוגרמים,1.00,"ק""ג",true,,54.90,54.9000,true,1,26510
3534,true,סטייק פרגית טרי,,,סטייק פרגית טרי,קילוגרמים,1.00,"ק""ג",true,,49.90,49.9000,true,1,26516
3535,true,פילה עוף טרי,,,פילה עוף טרי,קילוגרמים,1.00,"ק""ג",true,,34.90,34.9000,true,1,26517
3546,true,בשר עוף טרי טחון,,,בשר עוף טרי טחון,קילוגרמים,1.00,"ק""ג",true,,36.90,36.9000,true,1,26520
6164,true,אגוז מלך קלוף,,,אגוז מלך קלוף,קילוגרמים,1.00,"ק""ג",true,,89.00,89.0000,true,1,31573
6175,true,שישיית מי עדן 1.5 ל,,,שישיית מי עדן 1.5 ל,יחידה,0.00,יחידה,false,,0.01,0.0000,true,1,422783
6302,true,6 יח' שליש בגט,,,6 יח' שליש בגט,יח',1.00,יח',false,,15.90,15.9000,true,1,2471
6305,true,10 יח' פטיט פאן,,,10 יח' פטיט פאן,יח',1.00,יח',false,,13.90,13.9000,true,1,2474
6669,true,פאקן טבעי,,,פאקן טבעי,קילוגרמים,1.00,"ק""ג",true,,129.00,129.0000,true,1,31575
6683,true,חמניות קלופות,,,חמניות קלופות,קילוגרמים,1.00,"ק""ג",true,,45.00,45.0000,true,1,31576
6751,true,מנצ`יס,,,מנצ`יס,קילוגרמים,1.00,"ק""ג",true,,55.00,55.0000,true,1,31577
7147,true,תערובת פיצוחים,,,תערובת פיצוחים,קילוגרמים,1.00,"ק""ג",true,,89.00,89.0000,true,1,31578
7208,true,שקד טבעי ענק,,,שקד טבעי ענק,קילוגרמים,1.00,"ק""ג",true,,89.00,89.0000,true,1,31579
7444,true,חמצוצים לק`ג,,,חמצוצים לק`ג,קילוגרמים,1.00,"ק""ג",true,,46.00,46.0000,true,1,31582
7664,true,שרי תמר תפזורת לובלו,,,שרי תמר תפזורת לובלו,קילוגרמים,1.00,"ק""ג",true,,22.90,22.9000,true,1,50907
8625,true,פרלינים במשקל,,,פרלינים במשקל,קילוגרמים,1.00,"ק""ג",true,,89.00,89.0000,true,1,31590
9999,true,פיקדון בקבוקים,,,פיקדון בקבוקים,יחידה,0.00,יחידה,false,,0.30,0.0000,true,1,75
2105015,true,רבע כבש חלק קפוא מחפ,,,רבע כבש חלק קפוא מחפ,קילוגרמים,1.00,"ק""ג",true,,99.90,99.9000,true,1,552427
5678585,true,ענב סקרלוטה,,,ענב סקרלוטה,קילוגרמים,1.00,"ק""ג",true,,29.90,29.9000,true,1,50921
12295973,false,רוקולה 100 גר בוסת,,,רוקולה 100 גר בוסת,יח',1.00,יח',false,,9.90,9.9000,true,1,47691
32147230,false,"מיץ לימון משומר 200מ""ל(לימונית אקסטרא)",ג'נרל מילס סאן אדריא,CH,מיץ לימון סיצילייה 2,מיליליטרים,200.00,"100 מ""ל",false,,6.90,0.0345,true,1,5443
40084107,false,ביצת שוקולד הפתעה קינדר,פרדי קונדטוריה אס פי,IT,ביצת הפתעה קינדר 20,גרמים,20.00,100 גרם,false,,6.90,0.3450,true,1,41431
40111216,false,באונטי חטיף קוקוס ושוקולד 57ג',"נארז ע""י : א.ג. גילר",NL,חטיף שוקולד באונטי 5,גרמים,57.00,100 גרם,false,,3.90,0.0684,true,1,20592
42299363,false,"ניוואה - דאודורנט רול און לגבר פרש פאוור 50 מ""ל",ביירסדורץ,DE,ניוואה דאודורנט רול,מיליליטרים,50.00,"100 מ""ל",false,,14.90,0.2980,true,1,51016
59039549,false,ווג פריזון מנטול חפיסה,Unknown,PL,ווג קופסא בודדת פריס,יחידה,0.00,יחידה,false,,37.50,0.0000,false,1,4095
72917367,false,טעמי חטיף במילוי קרם נוגט וקרמל,"שטראוס גרופ בע""מ",IL,טעמי 40 גר',גרמים,40.00,100 גרם,false,,3.90,0.0975,true,1,22136
72940754,false,"מילקי מעדן וניל עם קצפת שטראוס 133 מ""ל","שטראוס גרופ בע""\מ",IL,"מילקי וניל 170 מ""ל",מיליליטרים,170.00,"100 מ""ל",false,,3.00,0.0176,true,1,23202
72940761,false,"מילקי מעדן שוקולד עם קצפת שטראוס 133 מ""ל",מיוצר עי קונדיטוריית,IL,מילקי שוקולד מהדרין,מיליליטרים,170.00,"100 מ""ל",false,,3.00,0.0176,true,1,23203
72940952,false,מעדן מילקי בטעם שוקולד עם אקסטרה קצפת,"שטראוס גרופ בע""\מ",IL,מילקי אקסטראה קצפת מ,מיליליטרים,110.00,"100 מ""ל",false,,3.80,0.0345,true,1,23204
72940976,false,סלט כרוב אדום אחלה 250 גרם,מיוצר עי קונדיטוריית,IL,אחלה סלט כרוב אדום,גרמים,250.00,100 גרם,false,,8.30,0.0332,true,1,23205
72940983,false,סלט חומוס 250 גר אחל,אחלה - שטראוס,IL,אחלה חומוס 250ג,גרמים,250.00,100 גרם,false,,6.90,0.0276,true,1,23206
72941041,false,מעדן מילקי מיני בטעם שוקולד עם קצפת,"שטראוס גרופ בע""\מ",IL,מיני מילקי שוקולד 70,מיליליטרים,70.00,"100 מ""ל",false,,2.60,0.0371,true,1,23207
72961209,false,**תנובה שמנת חמוצה 15% 200מל,תנובה מרכז שיתופי לש,IL,"שמנת חמוצהבד""צ תנובה",מיליליטרים,200.00,"100 מ""ל",false,,2.40,0.0120,true,1,25682
72961223,false,"גילה 3% תנובה 200 מ""ל",תנובה מרכז שיתופי לש,IL,"גיל 3% בד""צ 200 מ""ל",מיליליטרים,200.00,"100 מ""ל",false,,1.51,0.0076,true,1,25684
72961506,false,יוגורט עם תות 1.5% שומן 125 ג' פרילי,מיוצר עי קונדיטוריית,IL,פרילי תות 1.5% 125מל,מיליליטרים,125.00,"100 מ""ל",false,,3.70,0.0296,true,1,25685
72961520,false,"פרילי יוגורט עם אננס 1.5% תנובה 125 מ""ל",מיוצר עי קונדיטוריית,IL,פרילי אננס 1.5% 125מ,מיליליטרים,125.00,"100 מ""ל",false,,3.70,0.0296,true,1,25687
72961544,false,"באדי יוגורט בטעם תות שדה 3% תנובה 125 מ""ל",מחלבת אלון תבור,IL,באדי תות 125מל,מיליליטרים,125.00,"100 מ""ל",false,,2.90,0.0232,true,1,25688
72963753,false,שמנת אורגינל של פעם 27% שומן 200 ג' תנובה,תנובה מרכז שיתופי לש,IL,תנובה שמנת של פעם 27,מיליליטרים,200.00,"100 מ""ל",false,,4.20,0.0210,true,1,25693
72964132,false,פרילי טבע יוגורט עם גרנולה 200 גרם,מיוצר עי קונדיטוריית,IL,פרילי טבע עם גרנולה,מיליליטרים,200.00,"100 מ""ל",false,,4.90,0.0245,true,1,25695
72964422,false,יוגורט פרחים 4.5% שומן 200 גרם,מחלבת תנובה,IL,תנובה יוגורט פרחים 4,מיליליטרים,200.00,"100 מ""ל",false,,2.90,0.0145,true,1,25696
72983997,false,קופסה גולף גולד ארוך בוקס,דובק,,גולף גולד ארוך,יחידה,0.00,יחידה,false,,29.90,0.0000,false,1,4539
72986240,false,באדי מעדן חלב בטעם שוקולד תנובה 125 גרם,מחלבת אלון תבור,IL,באדי שוקו בדץ 125מל,מיליליטרים,125.00,"100 מ""ל",false,,2.90,0.0232,true,1,25698
72986370,false,"גלידת בן & ג'ריס פיינטים וניל 500מ""ל",מוצרי איכות אמריקאיים,IL,גלידת פיינטים וניל צ,מיליליטרים,420.00,"100 מ""ל",false,,17.50,0.0417,true,1,14336
72986424,false,"גלידת בן & ג'ריס פיינטים קרם עוגיות 500מ""ל",מוצרי איכות אמריקאיים בע,IL,גלידת פיינטים קרם עו,מיליליטרים,420.00,"100 מ""ל",false,,17.50,0.0417,true,1,14337
72986448,false,"גלידת בן & ג'ריס פיינטים טופי קראנץ 500מ""ל",מוצרי איכות אמריקאיים בע,IL,גלידת טופי קרנץ,מיליליטרים,420.00,"100 מ""ל",false,,17.50,0.0417,true,1,14338
72986455,false,"ניו יורק סופר גלידת שוקולד, חתיכות פאדג' ואגוזים",מוצרי איכות אמריקאיים בע,IL,גלידת פיינטים ניו-יו,מיליליטרים,420.00,"100 מ""ל",false,,17.50,0.0417,true,1,14339
72986479,false,"צ'אנקי מנקי גלידת וניל, בננות, חתיכות פאדג' ואגוזים",מוצרי איכות אמריקאיים בע,IL,גלידת פיינטים צאנקי,מיליליטרים,420.00,"100 מ""ל",false,,17.50,0.0417,true,1,14340
72991008,false,חטיף פסק זמן במילוי ופל מגולגל 45 גרם,"שטראוס גרופ בע""מ",IL,"פסק זמן קלאסי בד""צ",גרמים,45.00,100 גרם,false,,4.90,0.1089,true,1,22142
72991374,false,סיגריות טיים רד חפיס,דובק,IL,טיים רד,יחידה,0.00,יחידה,false,,28.90,0.0000,false,1,4541
72991381,false,סיגריות טיים 100 RED בודד,דובק,IL,טיים רד ארוך,יחידה,0.00,יחידה,false,,28.90,0.0000,false,1,4542
72991497,false,סיגריות נובלס פילטר בודד,קריות זול,IL,נובלס ורג'יניה פילטר,יחידה,0.00,יחידה,false,,28.90,0.0000,false,1,4551
72993637,false,מעדן חלב בטעם שוקולד 125 ג' דני,"שטראוס גרופ בע""\מ",IL,דני מהדרין שוקו בודד,מיליליטרים,125.00,"100 מ""ל",false,,3.10,0.0248,true,1,23211
72994061,false,חטיף פסק זמן GOOD גלילית לבן 40 גרם,שולן צ'\יקולטה גידה סאן.,TR,פסק זמן 36גר,גרמים,36.00,100 גרם,false,,4.90,0.1361,true,1,22146
76136184,false,סיגריות פאל מל סלימס כחול בודד,Unknown,CH,פאל מאל בלו סופרסלימ,יחידה,0.00,יחידה,false,,29.00,0.0000,false,1,4102
80001287,false,וופל חטיף לואקר אגוז 38 גר',ליימן מותגים,AT,חטיף גרדנה אגוז 38 ג,גרמים,38.00,100 גרם,false,,3.50,0.0921,true,1,12528
80001461,false,חטיף גרנדה שוקולד 38 גרם,"א. לואקר קונפקט בע""מ",AT,'חטיף גרדנה שוקולד 3,גרמים,38.00,100 גרם,false,,3.50,0.0921,true,1,12530
80001911,false,וופל גרדנה במילוי קרם אגוזי לוז ובציפוי שוקולד לבן,ליימן מותגים,AT,חטיף גרדנה 38 גרם.,גרמים,38.00,100 גרם,false,,3.50,0.0921,true,1,12535
80083764,false,גנדולה עוגיות דגנים ש.שועל אורגני 250,תות תעשיות מזון (201,IT,גנדולה - עוגיות דגני,גרמים,250.00,100 גרם,false,,14.90,0.0596,true,1,113166
80136194,false,חטיפי הפי היפו Happy Hippo במילוי קרם חלבי ואגוזי לוז,קינדר Kinder,DE,הפי היפו 5*20ג,גרמים,102.00,100 גרם,false,,12.90,0.1265,true,1,41441
80176800,false,נוטלה ממרח שוקולד 750 גרם,פררו תעשיות איטליה ס,IT,ממרח שוקולד נוטלה 75,גרמים,750.00,100 גרם,false,,26.90,0.0359,true,1,41443
80177173,false,ממרח שוקולד נוטלה 350 גרם,פררו - אלבה,IT,ממרח נוטלה קקאו עם א,גרמים,350.00,100 גרם,false,,15.90,0.0454,true,1,41444
80177609,false,אצבעות שוקולד קינדר Kinder ארבע יחידות,פררו - אלבה,IT,קינדר אצבעות שוק.חלב,גרמים,50.00,100 גרם,false,,4.90,0.0980,true,1,41446
80761761,false,קינדר בואנו לבן בודד 39 גרם,ליימן שליסל,PL,קינדר בואנו לבן 39ג,גרמים,43.00,100 גרם,false,,4.20,0.0977,true,1,41449
80762362,false,מנטוס גומי לעיסה ללא סוכר בטעם מנטה-אקליפטוס,פרפטי ואן מלה,TR,מנטוס וויט מסטיק בטע,גרמים,60.00,100 גרם,false,,9.90,0.1650,true,1,12538
80773429,false,מנטוס בקבוק מעוגל - מסטיק ללא סוכר בטעם תות 60 גרם,"פרפטי ואן מלה ג'\ידה,סאן",TR,מסטיק מנטוס בקבוק בט,גרמים,60.00,100 גרם,false,,10.90,0.1817,true,1,12546
80773443,false,מנטוס בקבוק מעוגל - מסטיק ללא סוכר בטעם מנטה 60 גרם,"פרפטי ואן מלה ג'\ידה,סאן",TR,מסטיק מנטוס בקבוק בט,גרמים,60.00,100 גרם,false,,10.90,0.1817,true,1,12547
80780595,false,מסטיק מנטוס ביג בבקבוק מעוגל טעם מנטה-עדינה 90 ג',פרפטי ואן מלה,TR,מסטיק מנטוס ביג בבקב,גרמים,90.00,100 גרם,false,,16.30,0.1811,true,1,12549
80790990,false,מסטיק מנטוס בבקבוק מעוגל בטעם פירות -מנטה 60 ג',"פרפטי ואן מלה ג'\ידה,סאן",TR,מסטיק מנטוס בקבוק בט,גרמים,60.00,100 גרם,false,,10.90,0.1817,true,1,12551
80794233,false,מסטיק מנטוס ביג בבקבוק מעוגל טעם מנטה 90 ג',פרפטי ואן מלה הולנד,TR,מסטיק מנטוס ביג בבקב,גרמים,90.00,100 גרם,false,,16.30,0.1811,true,1,12553
80862130,false,"מנטוס מסטיק פיור פרש - אבטיח 28 גרם (14 יח') חת""ס",פרפטי ואן מלה ברדה,TR,מסטיק מנטוס פיור פרש,גרמים,28.00,100 גרם,false,,4.50,0.1607,true,1,131612
80864295,false,סוכריות פיור וויט טעם מנטה עדינה 60 ג' מנטוס,"פרפטי ואן מלה ג'ידה,סאן",TR,מנטוס פיור וויט ללא,גרמים,60.00,100 גרם,false,,10.90,0.1817,true,1,269248
80874652,false,קינדר קארדס 120 גרם - בודד,פררו,IT,קינדר קארדס חטיף בוד,גרמים,25.60,100 גרם,false,,3.90,0.1523,true,1,36253
80896081,false,מנטוס בקבוק מעוגל - מסטיק ללא סוכר בטעם אבטיח 60 גרם,"פרפטי ואן מלה ג'\ידה,סאן",TR,מסטיק מנטוס בקבוק בט,גרמים,60.00,100 גרם,false,,10.90,0.1817,true,1,12570
80913467,false,מנטוס בקבוק מעוגל - מסטיק ללא סוכר בטעם מנטה,פרפטי ואן מלה הולנד,TR,מסטיק מנטוס בקבוק בט,גרמים,60.00,100 גרם,false,,10.90,0.1817,true,1,12572
80945468,false,סוכריות פיור וויט טעם מנטה מתוקה 60 ג' מנטוס,"פרפטי ואן מלה ג'ידה,סאן",TR,מנטוס פיור וויט ללא,גרמים,60.00,100 גרם,false,,10.90,0.1817,true,1,269249
80954521,false,"מנטוס מסטיק פיור פרש - תות 28 גרם (14 יח') חת""ס",פרפטי ואן מלה ברדה,TR,מסטיק מנטוס פיור פרש,גרמים,28.00,100 גרם,false,,4.50,0.1607,true,1,131613
80986348,false,סוכריות פיור וויט טעם מנטה 60 ג' מנטוס,"פרפטי ואן מלה ג'ידה,סאן",TR,מנטוס פיור וויט ללא,גרמים,60.00,100 גרם,false,,10.90,0.1817,true,1,269234
80995128,false,מנטוס בקבוק עגול בטעם הדרים בתוספת ויטמינים 60 גרם,פרפטי ואן מלה הולנד,TR,מסטיק מנטוס ויטמין ל,גרמים,60.00,100 גרם,false,,10.90,0.1817,true,1,582685
87108538,false,סוכריות בטעם תות מנטוס 37.5 גרם,הדקלאים אגודת שיתופי,NL,מנטוס תות בגליל 37.5,גרמים,37.50,100 גרם,false,,2.90,0.0773,true,1,12585
87108651,false,סוכריות בטעם מנטה מנטוס 4*37.5 גרם,הדקלאים אגודת שיתופי,NL,סוכריות מנטוס מנטה 1,גרמים,150.00,100 גרם,false,,10.90,0.0727,true,1,12586
87311396,false,מנטוס ריינבאוו סוכריות לעיסה בטעמי פירות,פרפטי ואן מלה ברדה,NL,מנטוס סוכריות גליל,גרמים,37.00,100 גרם,false,,2.90,0.0784,true,1,12591
90087011,false,מיץ תפוחים 100% קרטונית ראוך,Rauch fruchtsafte gm,HU,מיץ תפוחים 1 ליטר,ליטרים,1.00,ליטר,false,,11.50,11.5000,true,1,24890
90087769,false,מיץ אננס 100% קרטונית ראוך,Rauch fruchtsafte gm,HU,מיץ אננס 1ל 100%,ליטרים,1.00,ליטר,false,,11.50,11.5000,true,1,24894
90087974,false,"חומץ תפוחים 5% 750 מֿֿֿֿ""ל 12X",ראוך פרוכטסאפה,AT,חומץ תפוחים 5% תומר,מיליליטרים,750.00,"100 מ""ל",false,,12.90,0.0172,true,1,24896
90162602,false,רד בול משקה אנרגיה פקדון 30 אג,רד בול ג'י.אם.בי. אץ,IL,משקה אנרגיה RED BULL,מיליליטרים,250.00,"100 מ""ל",false,,5.90,0.0236,true,1,5222
198888886,false,עיגול אגורות,,,עיגול אגורות,יחידה,0.00,יחידה,false,,1.00,0.0000,true,1,47109
8112100298,false,"שמן שומשום טהור מזרח ומערב 185 מ""ל",Flavor full foods in,TW,שמן שומשום טהור לא מ,מיליליטרים,185.00,"100 מ""ל",false,,14.90,0.0805,true,1,47519
9800800056,false,חטיף שוקולד עם מקלות לחם אנד גו,פררו - אלבה,DE,ממרח נוטלה & GO,גרמים,52.00,100 גרם,false,,5.90,0.1135,true,1,41454
10900145015,false,L דיימונד שקיות אשפה חזקות במיוחד 10 יח,דיימונד,ZA,שקיות אשפה חזקות במי,גרמים,325.00,100 גרם,false,,12.90,0.0397,true,1,365737
11182700954,false,קינג קול שעועית שחורה 439 גרם,האנאובר פודס קורפורשיין,US,שעועית שחורה 232 גרם,גרמים,439.00,100 גרם,false,,9.90,0.0226,true,1,36840
11210000094,false,"רוטב ""טבסקו"" על בסיס פלפל אדום 60 מ""ל",מקאילהייני אייבורי,US,טבסקו,מיליליטרים,60.00,"100 מ""ל",false,,10.90,0.1817,true,1,37908
11210006508,false,רוטב פלפל הבנרו חריף טבסקו 60 מל,מקאילהייני Mc.Ilhenn,US,רוטב טבסקו הבנרו 60,מיליליטרים,60.00,"100 מ""ל",false,,14.90,0.2483,true,1,37911
11210007253,false,"רוטב-טבסקו שום ופלפל 60 מ""ל",מקאילהייני אייבורי,US,רוטב טבסקו שום,מיליליטרים,60.00,"100 מ""ל",false,,10.90,0.1817,true,1,37913
11210009387,false,"רוטב ""טבסקו"" על בסיס פלפל ירוק חריף 60 מ""ל",מקאילהייני אייבורי,US,רוטב ירוק 60 מל,מיליליטרים,60.00,"100 מ""ל",false,,10.90,0.1817,true,1,37914
11210607040,false,"רוטב ""טבסקו"" על בסיס פלפל צ'יפוטלי [בטעם מעושן] 60 מ""ל",מקאילהייני Mc.Ilhenn,US,טבסקו פלפל צפוטלי חר,מיליליטרים,60.00,"100 מ""ל",false,,10.90,0.1817,true,1,37915
11210698055,false,רוטב טבסקו סרירציה 566 גרם,מקאילהייני קו,US,רוטב טבסקו סרירצ'ה,מיליליטרים,566.00,"100 מ""ל",false,,28.90,0.0511,true,1,37916
13628609388,false,חומץ בלסמי מובחר 500מל,MONARI FEDERZONI,IT,חומץ בלסמי כשר ירוק,מיליליטרים,500.00,"100 מ""ל",false,,25.00,0.0500,true,1,5447
16000185517,false,דגני בוקר פייבר וואן עתירי סובין FIBRE1,בטר אנד דיפרנט,US,פייבר1- דגני בוקר עת,גרמים,555.00,100 גרם,false,,24.90,0.0449,true,1,256290
16000423534,false,חטיפי גרנולה קראנצ'י עם שיבולת שועל ושוקולד מריר נייצ'ר ואלי 5*42 גרם,ג'נרל מילס סאן אדריאן,ES,חטיף קראנצי שיבולת ש,גרמים,210.00,100 גרם,false,,19.50,0.0929,true,1,12597
16000548404,false,חטיפי גרנולה קראנצ'י עם שיבולת שועל ודבש נייצ'ר ואלי 5*42 גרם,ג'נרל מילס סאן אדריאן,ES,חטיף קראנצי גרנולה ש,גרמים,210.00,100 גרם,false,,19.50,0.0929,true,1,12601
16000548503,false,חטיפי גרנולה קראנצ'י עם מייפל וסוכר חום נייצ'ר ואלי 5*42 גרם,ג'נרל מילס סאן אדריאן,ES,חטיף קראנצי גרנולה מ,גרמים,210.00,100 גרם,false,,19.50,0.0929,true,1,12603
16000548602,false,חטיפי גרנולה קראנצ'י קינמון נייצ'ר ואלי 5*24 גרם,ג'נרל מילס סאן אדריאן,ES,חטיף שיבולת שועל מלא,גרמים,210.00,100 גרם,false,,19.50,0.0929,true,1,12604
16000548909,false,חטיפי גרנולה קראנצ'י במגוון טעמים נייצ'ר ואלי 5*42 גרם,ג'נרל מילס סאן אדריאן,ES,חטיף קראנצי גרנולה מ,גרמים,210.00,100 גרם,false,,19.50,0.0929,true,1,12606
16229924263,false,"ארוי-די קרם קוקוס 250 מ""ל",תאי אגרי פוד פובליק קו'\,TH,"קרם קוקוס 250 מ""ל.",מיליליטרים,250.00,"100 מ""ל",false,,9.90,0.0396,true,1,3347
18000701223,false,"פילסברי, עוגה בטעם שוקולד, תערובת להכנת עוגה בטעם שוקולד. 500 גרם",הדקלאים אגודת שיתופי,IL,תערובת לעוגת שוק.דוי,גרמים,500.00,100 גרם,false,,16.90,0.0338,true,1,12608
18000703494,false,"פילסברי, עוגה בטעם וניל, תערובת להכנת עוגה בטעם וניל. 500 גרם.",הדקלאים אגודת שיתופי,IL,תערובת לעוגת וניל פר,גרמים,517.00,100 גרם,false,,16.90,0.0327,true,1,12609
18000766413,false,"פילסברי, עוגה בטעם שוקולד, תערובת להכנת עוגה בטעם שוקולד. 550 גרם.",הדקלאים אגודת שיתופי,IL,תערובת לעוגת בראוניס,גרמים,550.00,100 גרם,false,,16.90,0.0307,true,1,12611
21723339994,false,"רוטב דגים 300מ""ל (טיפרוס) (כ)",טאנג סאנג ראר קי,TH,טיפרוס רוטב דגים מזר,מיליליטרים,300.00,"100 מ""ל",false,,9.90,0.0330,true,1,47520
25675120006,false,חמצוצים 4 צבעים טעמים טבעי 100 גרם,פאסין ב.ו,NL,חמצוצים חמצוצים טבעי,גרמים,100.00,100 גרם,false,,8.90,0.0890,true,1,3758
25675120068,false,מקלות חמצוצים בטעם קולה פשקז 100 גרם,פשקז Paskesz,NL,חמצוצים מקלות קולה 1,גרמים,100.00,100 גרם,false,,8.90,0.0890,true,1,3762
31200001597,false,חמוציות אושן ספריי קליית גת בשקית 170 גרם,אושן ספריי,US,חמוציות ממותקות ומיו,גרמים,170.00,100 גרם,false,,9.90,0.0582,true,1,12615
34000148301,false,הרשי נטיפי שוקולד מריר לאפייה 340 גר,ליימן מותגים,US,הרשי נטיפי אפייה שוק,גרמים,340.00,100 גרם,false,,18.90,0.0556,true,1,12621
34000196173,false,הרשי טבלה XL בטעם שוקולד לבן עם שברי עוגיות 113 גרם,ליימן מותגים,US,הרשיז קוקיס אנד קרים,גרמים,113.00,100 גרם,false,,7.90,0.0699,true,1,12622
36000183399,false,בגד ים חד פעמי ליטל סווימרס M 7-15 kg,חוגלה קימברלי,CZ,האגיס בגד ים חד פעמי,יחידה,0.00,יחידה,false,,33.90,0.0000,true,1,8779
36000516876,false,ממחטות נייר קלינקס לושן 3 שכבות 75 דף,חוגלה קימברלי,US,קלינקס לושן תלת שכבת,יחידה,0.00,יחידה,false,,10.90,0.0000,true,1,8787
37600207188,false,חמאת בוטנים קלאסי סקיפי 462 גרם,חברת המזון אלגוד,US,סקיפי חמאת בוטנים קל,גרמים,462.00,100 גרם,false,,17.90,0.0387,true,1,5226
37600207256,false,חמאת בוטנים עם שברי בוטנים סקיפי 462 גרם,חברת המזון אלגוד,US,סקיפי חמאת בוטנים עם,גרמים,462.00,100 גרם,false,,17.90,0.0387,true,1,5227
38000232152,false,פרינגלס חטיפי תפוח אדמה בטעם ברביקיו 158 גרם,פרינגלס מנופקצ'ורינג קומ,US,פרינגלס ביג ברביקיו,גרמים,158.00,100 גרם,false,,8.90,0.0563,true,1,52778
38000232176,false,פרינגלס ביג שמנת בצל 158 גרם,פרינגלס מנופקצ'ורינג קונ,US,פרינגלס ביג שמנת בצל,גרמים,158.00,100 גרם,false,,8.90,0.0563,true,1,52779
38000232183,false,פרינגלס ביג אורגינל 149 גרם,פרינגלס מנופקצ'ורינג קונ,US,פרינגלס ביג אורגינל,גרמים,158.00,100 גרם,false,,8.90,0.0563,true,1,52780
40000514510,false,M&M אריזה קטנה's בוטנים אריזה קטנה 49 גרם,M&M אם אנד אם,US,בוטנים 49 גרם M&M עד,גרמים,49.00,100 גרם,false,,4.90,0.1000,true,1,20649
41500007007,false,חרדל צהוב פרנצס קלאסי לחיץ 226 גרם,פרנצ'ס,US,חרדל צהוב קלאסי 226,גרמים,226.00,100 גרם,false,,12.90,0.0571,true,1,511973
42400108153,false,דגני בוקר צבעוניים בטעם פירות טוטי פרוטיס,פוסט ארצות הברית,US,דגני פרוטיס פוסט 354,גרמים,354.00,100 גרם,false,,23.80,0.0672,true,1,119526
46214372250,false,"עוגיות שטרודל פריכות תפו""ע וצימוקים",מרבה Merba,NL,מרבה עוגיות שטרודל פ,גרמים,225.00,100 גרם,false,,9.90,0.0440,true,1,21194
46214731552,false,עוגיות שוקולד צ'יפס 37% גודיס 225 גרם,קריניציה ויטמינה אס,NL,מרבה עוגיות שוקולד צ,גרמים,225.00,100 גרם,false,,9.90,0.0440,true,1,21196
50000168583,false,"מזון חתולים פריסקיז אקסטרא קראנץ 1.43 ק""ג",פריסקיז,US,פריסקיז אקסטרא קראננ,קילוגרמים,1.42,"ק""ג",false,,38.90,27.3944,true,1,155685
50000237951,false,פריסקיז פארטי מיקס מיקס גריל קראנץ10*60גרם,נסטלה פורינה פטקר ארצות,US,פריסקיז פארטי מיקס מ,גרמים,60.00,100 גרם,false,,11.90,0.1983,true,1,552020
50000574414,false,פריסקיז פארטי מיקס פיקניק קראנץ 60 גרם,נסטלה פורינה פטקר ארצות,US,פריסקיז פארטי מיקס פ,גרמים,60.00,100 גרם,false,,11.90,0.1983,true,1,552022
50000574438,false,פריסקיז פארטי מיקס מעדני ים קראנץ10*60גרם,נסטלה פורינה פטקר ארצות,US,פריסקיז פארטי מיקס מ,גרמים,60.00,100 גרם,false,,11.90,0.1983,true,1,552023
50000578238,false,פריסקיז פארטי מיקס קרייזי צ'יז10*500.59גרם,נסטלה פורינה פטקר ארצות,US,פריסקיז פארטי מיקס ק,גרמים,60.00,100 גרם,false,,11.90,0.1983,true,1,552024
51500255162,false,"חמאת בוטנים לל""ג JIF אריזת 454ג'",ג'י.אס.קיי קונסיומר,US,חמאת בוטנים קלאסית 4,גרמים,454.00,100 גרם,false,,17.90,0.0394,true,1,5451
52100006260,false,אבקת שום מקורמיק 88 גרם,מקרומיק,US,אבקת שום 88 גרם McCo,גרמים,88.00,100 גרם,false,,28.90,0.3284,true,1,511734
54881008174,false,תה אחמד ארל גריי 100 שקיקים,תה אחמד Ahmad tea,AE,תה ארל גריי אחמד 100,גרמים,180.00,100 גרם,false,,14.90,0.0828,true,1,126448
55369902564,false,אפלסנקס רביעיות רסק תפוחי עץ ללא תוספת סוכר עברית,ליייהי אורצ'רדס,CA,אפלסנקס רסק תפוחי עץ,גרמים,452.00,100 גרם,false,,13.90,0.0308,true,1,36858
64144090013,false,פאם תרסיס על בסיס שמן קנולה בטעם חמאה,קונאגרה פודס,US,תרסיס שמן פאם חמאה 1,מיליליטרים,148.00,"100 מ""ל",false,,17.90,0.1209,true,1,12638
64144090020,false,"ספריי שמן PAM בטעם שמן זית 141 מ""ל",קונאגרה פודס,US,תרסיס שמן זית פאם 14,גרמים,148.00,100 גרם,false,,17.90,0.1209,true,1,12639
64144090051,false,"ספריי שמן PAM קנולה אורגינל 148 מ""ל",קונאגרה פודס,US,תרסיס שמן קנולה פאם,מיליליטרים,148.00,"100 מ""ל",false,,17.90,0.1209,true,1,12640
70177077563,false,תה ארל גריי 25 שקיות טוינינגס 50 גר,אר. טווינינגס אנד קומפני,PL,טווינינג ארל גריי 50,גרמים,50.00,100 גרם,false,,18.90,0.3780,true,1,13666
70177077693,false,תה אנגליש ברקפסט 25 שקיות טוינינגס 50 גר,אר. טווינינגס אנד קומפני,PL,טווינינג אינגליש ברק,גרמים,50.00,100 גרם,false,,18.90,0.3780,true,1,13667
72600062306,false,הרס חטיף במבה בטעם גבינה 198 גרם,הר פודס,US,הר חטיף גבינת 198 גר,גרמים,198.00,100 גרם,false,,19.90,0.1005,true,1,162346
76840001774,false,"גלידה עוגיות חלב עם חתיכות פאדג בן וג'ירי 500 מ""ל",מוצרי איכות אמריקאיים בע,IL,גלידת פיינטים שוק' צ,מיליליטרים,420.00,"100 מ""ל",false,,17.50,0.0417,true,1,76792
76840002542,false,"גלידת בן & ג'ריס פיינט נטפליקס וצ'ילד 500מ""ל",מוצרי איכות אמריקאיים בע,IL,גלידת פיינטים נטפליק,מיליליטרים,420.00,"100 מ""ל",false,,17.50,0.0417,true,1,76793
76840100156,false,"בן אנד גריס גלידת צרי גרסיה 500 מ""ל",מוצרי איכות אמריקאיים בע,IL,בן&גרי גלידה צרי גרס,גרמים,473.00,100 גרם,false,,17.50,0.0370,true,1,14353
76840100583,false,"גלידת וניל עם בצק עוגיות בן וג'ירי 473 מ""ל",מוצרי איכות אמריקאיים בע,IL,גלידה וניל +בצק עוגי,מיליליטרים,473.00,"100 מ""ל",false,,17.50,0.0370,true,1,14354
76840400218,false,"גלידה בן&ג'ריס תות שדה ועוגת גבינה 500מ""ל",מוצרי איכות אמריקאיים בע,IL,בן&גריס גלידה תות שד,מיליליטרים,475.00,"100 מ""ל",false,,17.50,0.0368,true,1,14367
77245110610,false,סוכריות מאסט ללא סוכר בטעם מנטה 80 ג'עלית,MIESZKO S.A - MS. JO,PL,סוכריות מאסט ללא סוכ,גרמים,80.00,100 גרם,false,,8.90,0.1113,true,1,22151
77975010167,false,סניידרס חטיף מקלוני חיטה בתוספת דבש 340.2 גרם,סניידרס אוף האנובר,US,טוויסטס דבש 340 גר'.,גרמים,340.00,100 גרם,false,,15.90,0.0468,true,1,12641
77975022757,false,בייגלה בסגנון אמריקאי 382 גרם סניידרס,סניידרס אוף האנובר,US,סניידרס בייגלה אמריק,גרמים,382.00,100 גרם,false,,15.90,0.0416,true,1,12642
77975094631,false,סניידרס סנדוויץ' בייגלה במילוי קרם בטעם צ'דר 226 גרם,סניידרס לאנס,US,סניידרס בייגלה סנדוו,גרמים,266.00,100 גרם,false,,15.90,0.0598,true,1,146191
77975094761,false,סניידרס חטיפים על בסיס קמח חיטה בטעם גבינת צ'דר,סניידרס אוף האנובר,US,סניידרס צ'דר 340 גרם,גרמים,340.00,100 גרם,false,,15.90,0.0468,true,1,146192
77975094778,false,שברי בייגלה סניידרס בטעם דבש חרדל 340 גר,סניידרס אוף האנובר,US,סניידרס שברי בייגלה,גרמים,340.00,100 גרם,false,,15.90,0.0468,true,1,193956
77975095133,false,שברי בייגלה בטעם פיקנטי 318 ג' סניידרס,סניידרס Snyder's,US,בייגלה סניידרס פיקנט,גרמים,318.00,100 גרם,false,,15.90,0.0500,true,1,582700
77975095164,false,שברי בייגלה בטעם פרמז'ן ושום 318 ג' סניידרס,סניידרס,US,בייגלה סניידרס בטעם,גרמים,318.00,100 גרם,false,,15.90,0.0500,true,1,582701
611745285432,false,שלישיית מגבות מטבח,,,סט 3 מגבות מטבח,יחידה,0.00,יחידה,false,,14.90,0.0000,true,1,70780
613008753320,false,"אריזונה ג'ינסנג ודבש בקבוק 450 מ""ל.",אריזונה Arizona,BG,אריזונה ג'נסנג ודבש,מיליליטרים,450.00,"100 מ""ל",false,,8.30,0.0184,true,1,39372
628154383659,false,דגני בוקר פרוטי פבלס פוסט 311 גרם,פוסט ארצות הברית,US,דגני בוקר פרוטי פבלס,גרמים,311.00,100 גרם,false,,23.80,0.0765,true,1,382909
693493126281,false,מארז שלישיית קפה טורקי טחון 100ג' קסטל,,,קפה טורקי קלוי וטחון,גרמים,300.00,100 גרם,false,,14.90,0.0497,true,1,254566
728229123590,false,טרה אורגינל חטיף על בסיס ירקות שורש בטעם טבעי 110 גרם,הונדורס צ'יפס יצור א,HN,טרה צ'יפס ירקות שורש,גרמים,110.00,100 גרם,false,,15.50,0.1409,true,1,5478
728229123613,false,טרה חטיף על בסיס תפוח אדמה כחול בטעם טבעי 110 גרם,היין סלסטיאל גרופ,US,טרה צ'יפס חטיף ירקות,גרמים,50.00,100 גרם,false,,15.50,0.3100,true,1,5479
768404001640,false,"גלידה בן&ג'ריס קפה משפחתית 500מ""ל",מוצרי איכות אמריקאיים בע,IL,גלידה פיינטס קפה 473,מיליליטרים,473.00,"100 מ""ל",false,,17.50,0.0370,true,1,14377
786150000274,false,"בירה לף בראון בקבוק 330 מ""ל","אינבב, ברוורייפליין",BE,בירה חזקה לף בראון 3,מיליליטרים,330.00,"100 מ""ל",false,,9.90,0.0300,true,1,371719
787269088481,false,עגבניות צ'רי לובלו,יגור חקלאות ועסקים,IL,עגבניות שרי לובלו,גרמים,700.00,100 גרם,false,,16.90,0.0241,true,1,199385
835811001676,false,"תבנית אלומיניום גדולה 32*26 ס""מ - 9 יח'",הנמל,IL,תבנית גדולה 9 יח. R-,יחידה,0.00,יחידה,false,,11.90,0.0000,true,1,7448
835811001713,false,נילון נצמד 150 מטר רוחב 30 סמ,ווינפאק סחר בעמ,IL,נילון ניצמד 150 מ' ר,מטרים,150.00,מטר,false,,17.90,0.1193,true,1,7451
835811001959,false,תבניות אלומיניום עבות במיוחד 41*30 רוסטר בינוני,הנמל,,תבנית אלומניום עבה ר,יחידה,0.00,יחידה,false,,9.90,0.0000,true,1,7471
835811003427,false,"צלחות גדול מקנה סוכר 1 ק""ג כ-67 יח` הנמל",,,צלחות גדול מקנה סוכר,יחידה,0.00,יחידה,false,,34.90,0.0000,true,1,586305
835811003588,false,צלחות קלאסי גדול לבן 65 יח' הנמל,,,צלחות קלאסי לבן גדול,יחידה,0.00,יחידה,false,,34.90,0.0000,true,1,367145
835811003595,false,צלחות קלאסי קטן לבן 65 יח' הנמל,,,צלחות קלאסי לבן קטן,יחידה,0.00,יחידה,false,,24.90,0.0000,true,1,367131
835811004059,false,צלחות מרובעות גדול מדקל 10 יח,,,צלחות מרובעות גדול מ,יח',10.00,יח',false,,16.90,1.6900,true,1,228921
835811004066,false,צלחות מרובעות קטנות,,,צלחות מרובעות קטנות,יח',10.00,יח',false,,12.90,1.2900,true,1,228936
835811004073,false,צלחות מרובעות ענק מדקל 10 יח,,,צלחות מרובעות ענק מד,יח',10.00,יח',false,,16.90,1.6900,true,1,228906
835811004523,false,קשים מיוחדים לשייק הנמל 75 יחידות,,CN,הנמל קשים מיוחדים לש,יח',75.00,יח',false,,9.90,0.1320,true,1,7519
835811005339,false,זוג שקיות אוכל ארוז בקרטון הנמל,,,זוג שקיות אוכל הנמל,יח',300.00,יח',false,,8.90,0.0297,true,1,7549
835811005728,false,עלים לקרמשניט הנמל 400 גרם,"רונית מאפים בע""מ",IL,עלים לקרמשניט 400 גר,גרמים,400.00,100 גרם,false,,18.90,0.0472,true,1,7565
835811005810,false,מגש הכסף תבנית מרובע קטן +מכסה 10 יח`,הנמל,IL,תבנית אלומיניום מרוב,יחידה,0.00,יחידה,false,,11.90,0.0000,true,1,7567
835811005933,false,מגש הכסף תבנית אלומ` ענק 5 יח`,ווינפאק,,תבנית ענקית 5 יח. R-,יחידה,0.00,יחידה,false,,11.90,0.0000,true,1,7569
835811005940,false,מגש הכסף תבנית אלומ` גדולה + מכסה 8 יח`,,IL,תבנית גדולה עם מכסה,יחידה,0.00,יחידה,false,,11.90,0.0000,true,1,7570
835811005957,false,מגש הכסף תבנית אלומ` 90 + מכסה 8 יח`,יבוא ושיווק: הנמל אר,IL,תבנית מלבנית עם מכסה,יחידה,0.00,יחידה,false,,11.90,0.0000,true,1,7571
835811006435,false,מגש הכסף תבנית מלבן עמוק + מכסה 9 יח`,,IL,תבנית מלבנית עמוקה ע,יחידה,0.00,יחידה,false,,11.90,0.0000,true,1,7602
835811006497,false,אבקת סוכר 500 גרם הנמל,ר.ס. חברה ליבוא ויצו,IL,אבקת סוכר 500 גר,גרמים,500.00,100 גרם,false,,8.90,0.0178,true,1,7605
835811008989,false,"כוסות משקה חם קרטון 355 מ""ל",הנמל,,כוסות קרטון 12 אוז 5,יחידה,0.00,יחידה,false,,19.90,0.0000,true,1,7678
835811008996,false,"כוסות חד פעמי קרטון 295 מ""ל",הנמל,CN,כוסות קרטון 10 אוז,יחידה,0.00,יחידה,false,,15.90,0.0000,true,1,7679
839762000658,false,איילנד גויאבה המשקה של חופי סיני 1 ליטר,The Egyptian Co. for,EG,איילנד נקטר גויאבה 1,ליטרים,1.00,ליטר,false,,11.50,11.5000,true,1,39376
841058006633,false,"אדג' ג'יל גילוח מועשר בשיבולת שועל 198 מ""ל",אנרג'ייזר,US,ג'ל גילוח אדג' מועשר,מיליליטרים,198.00,"100 מ""ל",false,,15.90,0.0803,true,1,115224
851621000043,false,"בירה blanc 1664 בקבוק 330 מ""ל",,,בירה BLANC בקבוק 330,מיליליטרים,330.00,"100 מ""ל",false,,7.80,0.0236,true,1,493666
851621000050,false,בירה חיטה בטעם הדרים 1664 בלאנק - שישייה,קרלסברג ספליי קומפאני פו,PL,בירה BLANC שישיה 330,ליטרים,1.98,ליטר,false,,41.70,21.0606,true,1,76746
877300007455,false,פפריקה מרוקאית 400 ג,,,פפריקה מרוקאית 400 ג,גרמים,400.00,100 גרם,false,,17.90,0.0447,true,1,34822
877300007714,false,כורכום טחון 400 גרם,,,כורכום טחון 400גר,גרמים,400.00,100 גרם,false,,17.90,0.0447,true,1,34823
877300007752,false,פפריקה מתוקה 400 גר,,,פפריקה מתוקה 400גר,גרמים,400.00,100 גרם,false,,17.90,0.0447,true,1,34826
884912102102,false,דגני בוקר פוסט סלקט אוכמניות 382 גר,הנסיך- מפעל לייצור ט,US,דגני בוקר אוכמניות ג,גרמים,382.00,100 גרם,false,,22.90,0.0599,true,1,43071
884912111715,false,דגני פוסט האני קומב 354 גר,פוסט ארצות הברית,US,-פוסט- האני קומב 354,גרמים,354.00,100 גרם,false,,23.80,0.0672,true,1,90049
884912116505,false,דגני בננה נאט קראנץ' Banana Nut Crunch,פוסט ארצות הברית,US,פוסט בננה נאט קראנץ,גרמים,439.00,100 גרם,false,,22.90,0.0522,true,1,20467
884912117625,false,דגני שלווה מצופים בדבש Golden Crisp,הנסיך- מפעל לייצור ט,US,פוסט גולדן קריספי 42,גרמים,420.00,100 גרם,false,,23.80,0.0567,true,1,43073
884912126115,false,גרייט גריינס דגני בוקר עם פירות יבשים פוסט 453 גרם,הנסיך- מפעל לייצור ט,US,דגני בוקר גרייט גריי,גרמים,453.00,100 גרם,false,,22.90,0.0506,true,1,20468
884912359155,false,דגני בוקר האני באנצ'ס האני רוסטד פוסט 340 גרם,פוסט ארצות הברית,US,דגני בוקר שיבולת שוע,גרמים,340.00,100 גרם,false,,17.90,0.0526,true,1,371894
884912359162,false,האני באנצ' דגני בוקר עם שקדים פוסט 411 גרם,פוסט ארצות הברית,US,דגני בוקר שיבולת שוע,גרמים,340.00,100 גרם,false,,17.90,0.0526,true,1,371880
884912359421,false,דגני בוקר האני באנצ'ס מייפל ופקאן פוסט 340 גרם,פוסט ארצות הברית,US,דגני בוקר שיבולת שוע,גרמים,340.00,100 גרם,false,,17.90,0.0526,true,1,371909
884912359483,false,דגני בוקר האני באנצס תות 312 ג' POST,פוסט ארצות הברית,US,דגני בוקר שיבולת שוע,גרמים,311.00,100 גרם,false,,17.90,0.0576,true,1,371910
884912365200,false,דגני בוקר אוראו שחור ולבן 311 גרם,פוסט ארצות הברית,US,דגני בוקר עם פירורי,גרמים,311.00,100 גרם,false,,22.90,0.0736,true,1,552932
3010470155299,false,פריסקיז Friskies פטה בקר וירקות,ניו פטפוד איטליה,IT,פריסקיז פטה בקר וירק,גרמים,400.00,100 גרם,false,,9.90,0.0248,true,1,18380
3010470158221,false,פריסקיז פ.עוף וירקות400ג,ניו פטפוד איטליה,IT,פריסקיז פטה עוף וירק,גרמים,400.00,100 גרם,false,,9.90,0.0248,true,1,18381
3014260201753,false,סכיני גילוח ג'ילט בלו 2 להבים - מארז 5 יח',פרוקטר אנד גמבל,PL,סכיני גילוח חד פעמיי,יחידה,0.00,יחידה,false,,12.90,0.0000,true,1,26754
3045206360609,false,"דזיטול נוזל מחטא בגדים בכביסה, 1 ליטר",רלוי,ES,דזיטול נוזל מחטא בגד,מיליליטרים,1.00,"100 מ""ל",false,,23.90,23.9000,true,1,387780
3046920028004,false,לינדט שוקולד אקסלנס מריר 70% 100 גר,לינדט ושפרונגלי קילשברג,FR,לינדט אקסלנס 70% 100,גרמים,100.00,100 גרם,false,,14.90,0.1490,true,1,13704
3046920028363,false,לינדט אקסלנס 85% מוצקי קקאו 100 גרם,לינדט ושפרונגלי קילשברג,FR,לינדט אקסלנס 85% 100,גרמים,100.00,100 גרם,false,,14.90,0.1490,true,1,13705
3046920029674,false,שוקולד לינדט אקסלנס סולט 100 גרם,לינדט ושפרונגלי קילשברג,DE,לינדט אקסלנס עם שבבי,גרמים,100.00,100 גרם,false,,14.90,0.1490,true,1,13710
3046920029681,false,לינדט שוקולד אקסלנס מילד 85% קקאו 100 גר,לינדט ושפרונגלי,DE,לינדט אקסלנס מילד 85,גרמים,100.00,100 גרם,false,,14.90,0.1490,true,1,90130
3046920029759,false,לינדט אקסלנס 90% מוצקי קקאו 100 גרם,לינדט ושפרונגלי קילשברג,DE,לינדט אקסלנס 90% 100,גרמים,100.00,100 גרם,false,,14.90,0.1490,true,1,13711
3059943015104,false,"אירוויק מבשם אויר נטול גז בניחוח פריסיה ויסמין 345 מ""ל",איירוויק Air Wick,PL,איירוויק ספריי נטול,מיליליטרים,345.00,"100 מ""ל",false,,14.90,0.0432,true,1,20777
3059943016507,false,"אירוויק ספריי בניחוח לבנדר וקמומיל 240 מ""ל",איירוויק Air Wick,GB,איירויק ספריי לבנדר,מיליליטרים,240.00,"100 מ""ל",false,,9.90,0.0413,true,1,20779
3068320014067,false,מים מינרלים אוויאן 750 מל,קריניציה ויטמינה אס,FR,מים מינרלים טבעיים מ,מיליליטרים,750.00,"100 מ""ל",false,,9.90,0.0132,true,1,29637
3068320017846,false,מים מינרלים אוויאן 1 ליטר,קריניציה ויטמינה אס,FR,מים מינרלים טבעיים מ,ליטרים,1.00,ליטר,false,,12.90,12.9000,true,1,29638
3073781161663,false,גבינה מותכת 18.5% שומן לה וואש קירי,לה וואש קירי La Vache qui rit,FR,גבינת לה וואש קירי 8,גרמים,128.00,100 גרם,false,,11.90,0.0930,true,1,167439
3073781161700,false,מותכת לה וואש קירי 32יח,פרומאג'רי בל דום סאם,FR,גבינה מותכת לה וואש,גרמים,480.00,100 גרם,false,,38.90,0.0810,true,1,167454
3073781162790,false,גבינה מותכת בייבי בל 120 גרם,מחלבות בל,FR,בייבי בל 24% אדום 12,גרמים,120.00,100 גרם,false,,22.90,0.1908,true,1,466834
3161911229199,false,חמאה צרפתית רכה למריחה אל & ויר 250 גרם,אלל אה וויר,FR,אלוויר חמאה רכה 250ג,גרמים,250.00,100 גרם,false,,21.90,0.0876,true,1,16716
3161911366429,false,חמאה צרפתית מלוחה רכה למריחה אלוויר 250 גר',ארזינא,FR,אלוויר חמאה רכה מלוח,גרמים,250.00,100 גרם,false,,21.90,0.0876,true,1,16718
3161911393210,false,אלוויר חמאת נורמנדי מלוחה 200 גרם,אלוויר,FR,חמאת נורמנדי מלוחה 2,גרמים,200.00,100 גרם,false,,21.90,0.1095,true,1,434067
3162330060479,false,בירה SAER BRAU 6*250,,,בירה SAER BRAU 6*250,ליטרים,1.50,ליטר,false,,14.90,9.9333,true,1,584220
3175460000864,false,גבינת בורסאן טבעי 150 גר,Unknown,FR,גבינת בורסאן טבעי 15,גרמים,150.00,100 גרם,false,,22.90,0.1527,true,1,16724
3178530402353,false,עוגות מיני מדלן קלאסי סאן מישל 175 גרם,סאן מישל ביסוויט,FR,עוגיות רכות מיני מדל,גרמים,175.00,100 גרם,false,,12.90,0.0737,true,1,16727
3178530407938,false,עוגיות מיני מדליין עם שוקוצ'יפס סאן מישל 175 גרם,סן מישל St Michel,FR,עוגיות שוקולד צ'יפס,גרמים,175.00,100 גרם,false,,12.90,0.0737,true,1,16729
3178530417340,false,בראוניז שוקולד סאן מישל 210 גרם,סן מישל,FR,בראוניז שוקולד סאן מ,גרמים,210.00,100 גרם,false,,16.90,0.0805,true,1,302590
3245412211393,false,שוקולד חלב מעולה קרפ,,FR,שוקולד חלב מעולה קרפ,גרמים,300.00,100 גרם,false,,7.90,0.0263,true,1,493015
3245412211409,false,שוקולד חלב מעולה עם,,FR,שוקולד חלב מעולה עם,גרמים,300.00,100 גרם,false,,15.90,0.0530,true,1,491645
3254550033279,false,גבינת קממבר 250 גרם סנט מר,איסיני סנט מור,FR,גבינת קממבר 250 גרם,גרמים,250.00,100 גרם,false,,30.90,0.1236,true,1,16735
3270190111108,false,קרפור מוזלי פירות 7,,,קרפור מוזלי פירות 7,גרמים,750.00,100 גרם,false,,15.90,0.0212,true,1,562911
3270190151654,false,שוקולד מריר מעולה עם,,FR,שוקולד מריר מעולה עם,גרמים,100.00,100 גרם,false,,5.90,0.0590,true,1,491701
3270190174936,false,שוקולד חלב עם תכולת,,FR,שוקולד חלב עם תכולת,גרמים,100.00,100 גרם,false,,5.90,0.0590,true,1,491729
3387390320244,false,פיטנס דגני בוקר מחיטה מלאה עם פירות נסטלה 375 גרם,נסטלה צרפת איטנקורט,FR,פיטנס פירות דגני עם,גרמים,375.00,100 גרם,false,,19.90,0.0531,true,1,18382
3387390525960,false,קראנץ' דגני בוקר עם שוקולד חלב נסטלה 500 גרם,הנסיך- מפעל לייצור ט,FR,דגני קראנץ' נסטלה 50,גרמים,500.00,100 גרם,false,,22.90,0.0458,true,1,18383
3387390730852,false,פיטנס דגנים מחיטה מלאה ואורז נסטלה 375 גרם,נסטלה צרפת איטנקורט,FR,דגני פיטנס נסטלה 375,גרמים,375.00,100 גרם,false,,19.90,0.0531,true,1,18384
3560070230778,false,קרפור-תה אנגלי שחור,,,קרפור-תה אנגלי שחור,גרמים,50.00,100 גרם,false,,6.90,0.1380,true,1,584517
3560070232963,false,קרפור-חליטת פירות יע,,,קרפור-חליטת פירות יע,גרמים,40.00,100 גרם,false,,6.90,0.1725,true,1,584427
3560070249343,false,קרפור- שוקולד חלב עם,,FR,קרפור- שוקולד חלב עם,גרמים,100.00,100 גרם,false,,5.90,0.0590,true,1,601812
3560070415755,false,קרפור-תה ירוק 25 יחי,,,קרפור-תה ירוק 25 יחי,גרמים,32.50,100 גרם,false,,7.90,0.2431,true,1,584310
3560070582884,false,קרפור סטייליס עם שוק,,,קרפור סטייליס עם שוק,גרמים,300.00,100 גרם,false,,8.90,0.0297,true,1,562865
3560070669981,false,שוקולד מריר מעולה 80,,FR,שוקולד מריר מעולה 80,גרמים,80.00,100 גרם,false,,4.90,0.0613,true,1,491592
3560070701407,false,שוקולד מריר מעולה עם,,FR,שוקולד מריר מעולה עם,גרמים,100.00,100 גרם,false,,5.90,0.0590,true,1,491702
3560070720859,false,שוקולד מריר מעולה 72,,FR,שוקולד מריר מעולה 72,גרמים,80.00,100 גרם,false,,4.90,0.0613,true,1,491673
3560070800353,false,קרפור הוני בולז 375,,,קרפור הוני בולז 375,גרמים,375.00,100 גרם,false,,6.90,0.0184,true,1,562959
3560070826186,false,קרפור מוזלי שוקולד ו,,,קרפור מוזלי שוקולד ו,גרמים,750.00,100 גרם,false,,14.90,0.0199,true,1,562895
3560070888108,false,קרפור-תה שחור בטעם ל,,,קרפור-תה שחור בטעם ל,גרמים,40.00,100 גרם,false,,6.90,0.1725,true,1,584487
3560070888139,false,קרפור-תה שחור בטעם פ,,,קרפור-תה שחור בטעם פ,גרמים,42.50,100 גרם,false,,6.90,0.1624,true,1,584472
3560070888153,false,קרפור-תה ירוק בטעם ל,,,קרפור-תה ירוק בטעם ל,גרמים,40.00,100 גרם,false,,6.90,0.1725,true,1,584502
3560070928194,false,קרפור-חליטת לואיזה 2,,,קרפור-חליטת לואיזה 2,גרמים,32.50,100 גרם,false,,6.90,0.2123,true,1,584368
3560071005191,false,קרפור -שוקולד לבן עם,,FR,קרפור -שוקולד לבן עם,גרמים,100.00,100 גרם,false,,5.90,0.0590,true,1,601841
3560071006327,false,שוקולד מריר מעולה קר,,FR,שוקולד מריר מעולה קר,גרמים,200.00,100 גרם,false,,5.90,0.0295,true,1,491674
3560071013127,false,קרפור סטייליס עם שוק,,,קרפור סטייליס עם שוק,גרמים,300.00,100 גרם,false,,8.90,0.0297,true,1,562896
3560071013196,false,קרפור סטייליס בטעם ט,,,קרפור סטייליס בטעם ט,גרמים,500.00,100 גרם,false,,9.90,0.0198,true,1,562880
3560071015725,false,קרפור פיברה עם 5 פיר,,,קרפור פיברה עם 5 פיר,גרמים,500.00,100 גרם,false,,11.90,0.0238,true,1,562943
3560071081256,false,קרפור-תה שחור 20 יחי,,,קרפור-תה שחור 20 יחי,גרמים,36.00,100 גרם,false,,9.90,0.2750,true,1,584250
3560071081263,false,קרפור-תה ירוק סיני 2,,,קרפור-תה ירוק סיני 2,גרמים,36.00,100 גרם,false,,9.90,0.2750,true,1,584280
3560071081270,false,קרפור-תה ירוק נענע 2,,,קרפור-תה ירוק נענע 2,גרמים,36.00,100 גרם,false,,9.90,0.2750,true,1,584265
3560071090821,false,קרפור שוקו בולז 375,,,קרפור שוקו בולז 375,גרמים,375.00,100 גרם,false,,6.90,0.0184,true,1,562928
3560071188689,false,בירה Walberg 6*250 מ,,,בירה Walberg 6*250 מ,ליטרים,1.50,ליטר,false,,17.90,11.9333,true,1,584191
3560071431914,false,קפסולות קפה קרפור עו,,FR,קפסולות קפה קרפור עו,גרמים,52.00,100 גרם,false,,6.90,0.1327,true,1,563955
3560071432003,false,קפסולות קפה קרפור עו,,FR,קפסולות קפה קרפור עו,גרמים,52.00,100 גרם,false,,6.90,0.1327,true,1,563986
3560071432065,false,קפסולות קפה קרפור עו,,FR,קפסולות קפה קרפור עו,גרמים,52.00,100 גרם,false,,6.90,0.1327,true,1,563988
3560071432157,false,קפסולות קפה וניל קרפ,,FR,קפסולות קפה וניל קרפ,גרמים,52.00,100 גרם,false,,6.90,0.1327,true,1,563990
3560071432188,false,קפסולות קפה קרמל קרפ,,FR,קפסולות קפה קרמל קרפ,גרמים,52.00,100 גרם,false,,6.90,0.1327,true,1,563991
3560071432218,false,קפסולות קפה אגוז קרפ,,FR,קפסולות קפה אגוז קרפ,גרמים,52.00,100 גרם,false,,6.90,0.1327,true,1,563992
3560071432249,false,קפסולות קפה ברזיל קר,,FR,קפסולות קפה ברזיל קר,גרמים,52.00,100 גרם,false,,6.90,0.1327,true,1,563993
3560071432270,false,קפסולות קפה קולומביה,,FR,קפסולות קפה קולומביה,גרמים,52.00,100 גרם,false,,6.90,0.1327,true,1,563994
3560071432300,false,קפסולות קפה אתיופיה,,FR,קפסולות קפה אתיופיה,גרמים,52.00,100 גרם,false,,6.90,0.1327,true,1,563995
3560071432362,false,קפסולות קפה קניה קרפ,,FR,קפסולות קפה קניה קרפ,גרמים,52.00,100 גרם,false,,6.90,0.1327,true,1,563997
3560071432393,false,קפסולות קפה קוסטה רי,,FR,קפסולות קפה קוסטה רי,גרמים,52.00,100 גרם,false,,6.90,0.1327,true,1,563998
3560071432515,false,קפסולות קפה קרפור עו,,FR,קפסולות קפה קרפור עו,גרמים,52.00,100 גרם,false,,6.90,0.1327,true,1,563999
3560071442545,false,בירה SAER BRAU 6*250,,,בירה SAER BRAU 6*250,ליטרים,1.50,ליטר,false,,14.90,9.9333,true,1,584235
3574660089547,false,טמפונים נורמל קלאסי אובה 32 יחידות,ג'\ונסון אנד ג'\ונסון,GR,טמפון קלאסי נורמל או,יחידה,0.00,יחידה,false,,21.90,0.0000,true,1,21210
3574660115154,false,או-בה טמפונים קלאסי סופר 32יח',ג'\ונסון אנד ג'\ונסון,GR,אובה קלאסי סופר אובה,יחידה,0.00,יחידה,false,,21.90,0.0000,true,1,21215
3574661003924,false,שטיפת פה טוטאל קר בטעם מנטה צלול,ג'\ונסון אנד ג'\ונסון,IT,מי פה טוטאל קאר ליסט,מיליליטרים,500.00,"100 מ""ל",false,,19.90,0.0398,true,1,29396
3574661114637,false,ליסטרין שטיפת פה קול מינט טעם מעודן 500,ג'\ונסון אנד ג'\ונסון,IT,מי פה זירו ליסטרין 5,מיליליטרים,500.00,"100 מ""ל",false,,22.90,0.0458,true,1,29401
3574661363998,false,"מי פה ליסטרין תה ירוק 500 מ""ל",ג'\ונסון אנד ג'\ונסון,IT,מי פה תה ירוק ליסטרי,מיליליטרים,500.00,"100 מ""ל",false,,19.90,0.0398,true,1,29413
3574661401140,false,"שטיפת פה ליסטרין נייטלי ריסיט 400 מ""ל",ניאופארם,IT,מי פה ליסטרין למניעת,מיליליטרים,400.00,"100 מ""ל",false,,22.90,0.0572,true,1,29414
3574661419435,false,תחבושות הגייניות וניה מקסי 12 יחידות,Johnson Vania - BL,BE,תחבושות הגייניות מקס,יחידה,0.00,יחידה,false,,23.90,0.0000,true,1,534714
3574661485201,false,טמפונים אובה סופר 32 יח' פרוקומפורט,Johnson Toilet-IT,FR,אובה פרוקומפורט סופר,יחידה,0.00,יחידה,false,,21.90,0.0000,true,1,499345
3574661485218,false,טמפונים נורמל אובה 32 יח' פרוקומפורט,"ש. שסטוביץ בע""\מ",FR,אובה פרוקומפורט נורמ,יחידה,0.00,יחידה,false,,21.90,0.0000,true,1,499331
3574661491806,false,מי פה אדבנס וויט מנטה מסירה כתמים קשים,ג'\ונסון אנד ג'\ונסון,IT,מי פה אדוונס וויאט מ,מיליליטרים,500.00,"100 מ""ל",false,,19.90,0.0398,true,1,132493
3574661552811,false,מגן תחתון קרפרי כותון אוורירי 56 יחידות,הדקלאים אגודת שיתופי,GR,קרפרי כותון אוורירי,יחידה,0.00,יחידה,false,,15.90,0.0000,true,1,65874
3574661554877,false,מגן תחתון קרפרי כותון מבושם 56 יחידות,הנסיך- מפעל לייצור ט,GR,קרפרי כותון מבושם 56,יחידה,0.00,יחידה,false,,15.90,0.0000,true,1,65771
3574661650029,false,ליסטרין שטיפת פה להגנה על החניכיים בטעם מעודן,ג'\ונסון אנד ג'\ונסון,IT,שטיפת פה להגנה על הח,מיליליטרים,500.00,"100 מ""ל",false,,19.90,0.0398,true,1,365022
3574669907729,false,גונסונס בייבי שמפו לתינוק 750 מל,גונסון אנד גונסון,IT,ג'ונסונס בייבי שמפו,מיליליטרים,750.00,"100 מ""ל",false,,23.90,0.0319,true,1,497560
3600522344070,false,לוריאל - אלביב מסכה קולור פרוטקט 300,"לוריאל ישראל בע""מ",DE,מסכת שיער אלביב קולו,מיליליטרים,300.00,"100 מ""ל",false,,24.90,0.0830,true,1,12176
3600523642489,false,מסכת הזנה אינטנסיבית 6 שמנים לשיער יבש,לוריאל - אלביב Elvive,DE,מסכה לשיער 6 שמנים א,מיליליטרים,300.00,"100 מ""ל",false,,24.90,0.0830,true,1,12279
3600523651870,false,שמפו לחיזוק סיב השערה לכל סוגי השיער,לוריאל - אלביב Elvive,TR,שמפו ארגנין אלביב 55,מיליליטרים,550.00,"100 מ""ל",false,,14.90,0.0271,true,1,12283
3600523651900,false,מרכך לחיזוק סיב השערה לכל סוגי השיער,לוריאל - אלביב Elvive,TR,מרכך ארגנין אלביב 55,מיליליטרים,550.00,"100 מ""ל",false,,14.90,0.0271,true,1,12285
3600523652259,false,"לוריאל - אלביב מרכך קולור פרוטקט 550 מ""ל",קוסמטיקס,TR,מרכך קולור אלביב 550,מיליליטרים,550.00,"100 מ""ל",false,,14.90,0.0271,true,1,12289
3600523652280,false,"לוריאל אלביב שמפו מועשר ב 6 שמנים, 550 מ""ל",לוריאל - אלביב Elvive,TR,שמפו 6 שמנים אלביב 5,מיליליטרים,550.00,"100 מ""ל",false,,14.90,0.0271,true,1,12292
3600523782567,false,"לוריאל - אלביב שמפו דרים לונג 500 מ""ל",קוסמטיקס,FR,שמפו דרים לונג אלביב,מיליליטרים,500.00,"100 מ""ל",false,,14.90,0.0298,true,1,12297
3600523782581,false,מרכך מתיר קשרים לשיער ארוך ופגום Dream Long,לוריאל - אלביב Elvive,FR,מרכך דרים לונג אלביב,מיליליטרים,500.00,"100 מ""ל",false,,14.90,0.0298,true,1,12299
3600523823604,false,לוריאל - דרמו היאלורון אקספרט לילה,לוריאל פרודקשן דויטשלנד,DE,קרם לחות לילה + חומצ,מיליליטרים,50.00,"100 מ""ל",false,,49.90,0.9980,true,1,461939
3600524051334,false,"לוריאל - אלביב מרכך היאלורונית 400 מ""ל",לוריאל,FR,אלביב מרכך היאלורוני,מיליליטרים,400.00,"100 מ""ל",false,,13.90,0.0348,true,1,529527
3600524055400,false,לוריאל - אלביב שמפו היאלורונית 500 מ''ל,לוריאל,FR,אלביב שמפו היאלורוני,מיליליטרים,400.00,"100 מ""ל",false,,14.90,0.0373,true,1,529541
3600541253667,false,"גרנייה - דאודורנט ספריי לאישה אינביזיבל BWC (ורוד) 150 מ""ל","לוריאל ישראל בע""מ",FR,דאודורנט ספריי אינבי,מיליליטרים,150.00,"100 מ""ל",false,,10.00,0.0667,true,1,12383
3607343817547,false,"אדידס - דאודורנט ספריי לגבר קליימקול 150 מ""ל",קולפ,PT,דאודורנט ספריי לגבר,מיליליטרים,150.00,"100 מ""ל",false,,12.90,0.0860,true,1,111241
3608580071389,false,ממרח ערמונים 370 גרם BONNE MAMAN,בון מאמא,FR,ממרח ערמונים 370 גרם,גרמים,370.00,100 גרם,false,,19.90,0.0538,true,1,501774
3608580730255,false,קונפיטורה בטעם משמש 370 גר BONNE MAMAN,בון ממן,FR,קונפיטורה משמש 370 ג,גרמים,370.00,100 גרם,false,,19.90,0.0538,true,1,43087
3608580730279,false,קונפיטורת מרמלדה תפוזים 370 גרם,,FR,מרמלדת תפוזים 370 גר,גרמים,370.00,100 גרם,false,,19.90,0.0538,true,1,501746
3614223736003,false,"אדידס - דאודורנט ספריי לגבר אדיפיור 150 מ""ל",איגפק אס.איי,PT,דאודורנט ספריי לגבר,מיליליטרים,150.00,"100 מ""ל",false,,12.90,0.0860,true,1,111243
3616180424887,false,קרפור הום -30 מפיות,,,קרפור הום -30 מפיות,יחידה,0.00,יחידה,false,,5.90,0.0000,true,1,593610
3616180424931,false,קרפור הום -30 מפיות,,,קרפור הום -30 מפיות,יחידה,0.00,יחידה,false,,5.90,0.0000,true,1,593611
3616180425099,false,קרפור הום -30 מפיות,,,קרפור הום -30 מפיות,יחידה,0.00,יחידה,false,,5.90,0.0000,true,1,593614
3616180425174,false,קרפור הום -30 מפיות,,,קרפור הום -30 מפיות,יחידה,0.00,יחידה,false,,5.90,0.0000,true,1,593618
3616180425198,false,קרפור הום -30 מפיות,,,קרפור הום -30 מפיות,יחידה,0.00,יחידה,false,,5.90,0.0000,true,1,593620
3800020423578,false,חטיף שוקולד חלב צאנקי 40 ג' קיט קט,נסטלה בולגריה A.D,BG,קיט קט צאנקי 40 גרם,גרמים,40.00,100 גרם,false,,3.90,0.0975,true,1,41928
3800020472712,false,חטיף קיט קאט צאנקי פופקורן 42 ג',ליימן מותגים,BG,קיט קט צ'אנקי פופקו,גרמים,42.00,100 גרם,false,,3.90,0.0929,true,1,513187
3838824127200,false,פלטה סמי קיט 5-68 ערמונים בינוני,שוורצקופף והנקל,SI,סמי קיט חום כהה 3-0,יחידה,0.00,יחידה,false,,15.00,0.0000,true,1,7910
3838824127248,false,פלטה סמי קיט חום בהיר 5-0 צבע שיער,שוורצקופף והנקל,SI,סמי קיט חום בהיר 5-0,יחידה,0.00,יחידה,false,,15.00,0.0000,true,1,7912
3838824127262,false,פלטה סמי קיט בלונד כהה 6-0 צבע שיער,שוורצקופף והנקל,SI,סמי קיט בלונד כהה 6-,יחידה,0.00,יחידה,false,,15.00,0.0000,true,1,7913
4000417022004,false,ריטר ספורט שוקולד חלב מעולה עם צימוקים ואגוזי לוז 100 גרם,ריטר ספורט Ritter sport,DE,שוקולד ריטר ספורט חל,גרמים,100.00,100 גרם,false,,8.90,0.0890,true,1,12660
4000417025005,false,שוקולד מריר במילוי מרציפן ריטר ספורט 100 גרם,ריטר ספורט Ritter sport,DE,שוקולד ריטר ספורט מר,גרמים,100.00,100 גרם,false,,8.90,0.0890,true,1,12663
4000417026002,false,שוקולד ריטר ספורט פרלין 100 גרם חלב נוכרי,ריטר ספורט Ritter sport,DE,שוקולד חלב ממולא קרם,גרמים,100.00,100 גרם,false,,8.90,0.0890,true,1,12664
4000417101211,false,גלילי וופל עם קרם אגוזי לוז בציפוי שוקולד חלב,אמיצ'לי Amicelli,AT,גלילי וופל עם קרם אג,גרמים,150.00,100 גרם,false,,17.90,0.1193,true,1,347762
4000417222008,false,שוקולד ריטר ספורט חלב+שברי אגוזים 100 גרם חלב נוכרי,ריטר ספורט Ritter sport,DE,ריטר שוקולד ספורט חל,גרמים,100.00,100 גרם,false,,8.90,0.0890,true,1,12669
4000417224002,false,"ריטר ספורט טבלת שוקולד מריר אגוזים, 100 גרם",ריטר ספורט Ritter sport,DE,שוקולד ריטר ספורט מר,גרמים,100.00,100 גרם,false,,9.90,0.0990,true,1,12670
4000417294005,false,שוקולד ריטר מוס קקאו 100 גרם חלב נוכרי,ריטר ספורט Ritter sport,DE,שוקולד חלב קרם קקאו,גרמים,100.00,100 גרם,false,,8.90,0.0890,true,1,12675
4001518003800,false,טורינוס מקלות פריכים עם פלפל ומלח 125 גרם,גריסון,DE,מקלות מאפים עם מלח ו,גרמים,125.00,100 גרם,false,,14.90,0.1192,true,1,161121
4001518106112,false,טורינוס מקלות פריכים עם רוזמרין 125 גרם,גריסון,DE,מקלות מאפים עם רוזמר,גרמים,125.00,100 גרם,false,,14.90,0.1192,true,1,161122
4002448017684,false,"סיליט באנג ספריי ניקוי כללי מסיר אבנית 750 מ""ל",הדקלאים אגודת שיתופי,PL,סיליט באנג ספריי רב,מיליליטרים,750.00,"100 מ""ל",false,,14.90,0.0199,true,1,20799
4002720005736,false,מליטה קפה לפילטר פרימיום 250 גרם,המאפיה של הרמן,DE,מליטה פרימיום קפה פי,גרמים,250.00,100 גרם,false,,17.90,0.0716,true,1,5576
4005808670314,false,"קרם לחות לפנים לעור רגיל - מעורב ניוואה 50 מ""ל",ניוואה Nivea,PL,ניוואה קרם יום מעניק,גרמים,50.00,100 גרם,false,,39.90,0.7980,true,1,51050
4005900036506,false,"ניוואה - דאודורנט רול און לגבר שקוף בלק 50 מ""ל",טרופיקל דגיל תעשיות,DE,דאו' רולאון לגבר בלק,מיליליטרים,40.00,"100 מ""ל",false,,14.90,0.3725,true,1,51111
4008287058161,false,בירה קרומבאכר פילס 4.8% שישיה 6 * 330 מל,מנדלז סי.אר. פרודקשן,DE,בירה קרומבכר פילס שי,ליטרים,1.98,ליטר,false,,30.90,15.6061,true,1,194376
4008287058222,false,"בירה קרומבאכר פילס 330 מ""ל",מבשלת קרומבאכר,DE,קרומבאכר בירה פילס ב,מיליליטרים,330.00,"100 מ""ל",false,,10.00,0.0303,true,1,227049
4008287762020,false,בירה קרומבאכר חיטה 0.50 ליטר בקבוק,קרומבכר בראורי,DE,בירה קרומבאכר חיטה 5,מיליליטרים,500.00,"100 מ""ל",false,,10.20,0.0204,true,1,412544
4008287905786,false,בירה קרומבאכר חיטה 5.3% פחית 500 מל,מנדלז סי.אר. פרודקשן,DE,בירה קרומבכר חיטה בפ,מיליליטרים,500.00,"100 מ""ל",false,,10.20,0.0204,true,1,421211
4008400230726,false,ביצת שוקולד הפתעה קינדר ענקית 100ג' בנים,קינדר Kinder,BE,ביצת הפתעה קינדר מקס,גרמים,100.00,100 גרם,false,,23.90,0.2390,true,1,41458
4009300522935,false,תה ירוק פומפדור לימונית ולואיזה 20 יחידות,"איטיליאן פוד, אס.פי.",DE,פומפדור תה ירוק לימו,גרמים,30.00,100 גרם,false,,16.90,0.5633,true,1,21312
4009300524588,false,חליטת צמחים פומפדור פירות יער 20 יחידות,פומפדור Pompadour,DE,פומפדור חליטת פירות,גרמים,60.00,100 גרם,false,,15.90,0.2650,true,1,21314
4009300528845,false,תה ירוק פומפדור לימונית ודבש 20 יחידות,פומפדור Pompadour,DE,פומפדור תה ירוק לימו,גרמים,30.00,100 גרם,false,,19.00,0.6333,true,1,21323
4009309022399,false,כרוב כבוש אורגני 670 גרם,נטורפוד,DE,כרוב כבוש אורגני 670,גרמים,670.00,100 גרם,false,,15.90,0.0237,true,1,113378
4009900379564,false,מסטיק הובה בובה Hubba Bubba טייפ בטעם פירות,הובה בובה Hubba Bubba,GB,הובה בובה טייפ פירות,גרמים,56.00,100 גרם,false,,6.50,0.1161,true,1,20658
4009900402965,false,אורביט וויט בטעם פירות בקבוקון 46מלבניות,ריגלי פולין,PL,אורביט וויט פירות בק,גרמים,64.00,100 גרם,false,,10.50,0.1641,true,1,20665
4009900403023,false,אורביט וויט בטעם מנטה בקבוקון 46 מלבניות,"ב.א מזון בע""מ",PL,אורביט וויט מנטה בקב,גרמים,64.00,100 גרם,false,,10.50,0.1641,true,1,20666
4009900406918,false,מסטיק הובה בובה טייפ טריפל מיקס 56ג',הובה בובה Hubba Bubba,GB,הובה בובה טייפ טריפל,גרמים,56.00,100 גרם,false,,6.50,0.1161,true,1,20669
4009900455299,false,"סוכרית ג'לי אדומה 174 גרם ""סקיטלס""",ריגלי ממתקים,CZ,סקיטלס פירות 174 גר,גרמים,174.00,100 גרם,false,,7.90,0.0454,true,1,20680
4009900479998,false,אורביט וויט אוכמניות בקבוקון 46 מלבניות,ריגלי פולין,PL,אורביט מסטיק בקבוקון,גרמים,64.00,100 גרם,false,,10.50,0.1641,true,1,20686
4009900482417,false,מסטיק אורביט פירות מנטה בקבוקון באבל מינט 45יח,ריגלי פולין,PL,אורביט באבל מינט בקב,גרמים,64.00,100 גרם,false,,10.50,0.1641,true,1,20688
4009900483803,false,מסטיק איירובס מנטה אקליפטוס בקבוקון 60יח',איירוויבס Airwaves,PL,אירוויבז בקבוק M מנט,גרמים,84.00,100 גרם,false,,12.50,0.1488,true,1,20689
4009900491044,false,מסטיק איירובס אוכמניות בקבוקון 60יח',איירוויבס Airwaves,PL,אירוויבז בקבוק M מנט,גרמים,84.00,100 גרם,false,,12.50,0.1488,true,1,20703
4009900496247,false,"מסטיק אורביט לל""ס מלבניות בקבוק בבלימנט 60 יח",אורביט Orbit,PL,אורביט בבלמינט בקבוק,גרמים,84.00,100 גרם,false,,12.50,0.1488,true,1,20704
4009900509770,false,אורביט באריזת בקבוק בטעם תות 60 יח',אורביט Orbit,GB,אורביט באריזת בקבוק,יחידה,0.00,יחידה,false,,12.50,0.0000,true,1,20712
4009900531122,false,"מסטיק בטעם מנטה ספירמינט, 64 ג' פרופשיונל אורפיט",מרס נדרלנד,PL,אורביט פרופשייונל ספ,גרמים,64.00,100 גרם,false,,10.50,0.1641,true,1,20725
4009900531573,false,סוכריות סקיטלס סמודיס בטעמי יוגורט ופירות,סקיטלס Skittles,CZ,סקיטלס סמודיס 174 גר,גרמים,174.00,100 גרם,false,,7.90,0.0454,true,1,20726
4009900532327,false,סוכריות סקיטלס סמודיס בטעמי יוגורט ופירות,ריגלי ממתקים,CZ,סוכריות סקיטלס סמודי,גרמים,38.00,100 גרם,false,,3.50,0.0921,true,1,20727
4009900535519,false,מסטיק אורביט רפרשרס ספירמינט ללא סוכר 15.6גר',אורביט,PL,אורביט רפרשרס אריזה,גרמים,15.00,100 גרם,false,,3.90,0.2600,true,1,126622
4009900535823,false,מסטיק אורביט רפרשרס באבלמינט ללא סוכר 15.6גר',אורביט,PL,אורביט רפרשרס באבלמי,גרמים,15.00,100 גרם,false,,3.90,0.2600,true,1,126624
4009900536288,false,מסטיק אורביט רפרשרס פפרמינט בקבוקון ללא סוכר 67 גר',מרס ריגלי קונפקשונרי,PL,מסטיק אורביט רפרשרס,גרמים,67.00,100 גרם,false,,11.90,0.1776,true,1,156088
4009900536486,false,מסטיק אורביט רפרשרס באבלמינט בקבוקון ללא סוכר 67 גר',מרס ריגלי קונפקשונרי,PL,מסטיק אורביט רפרשרס,גרמים,67.00,100 גרם,false,,11.90,0.1776,true,1,126638
4009900539340,false,סוכריות סקיטלס ג'יינט סאוור 141 גרם,מרס ריגלי קונפקשונרי,CZ,סוכריות סקיטלס ענקיו,גרמים,141.00,100 גרם,false,,7.90,0.0560,true,1,339933
4009900539401,false,מסטיק פייב באונס בטעם מנטה HP,Unknown,PL,מסטיק בטעם מנטה פייב,גרמים,14.40,100 גרם,false,,3.90,0.2708,true,1,365299
4009900539432,false,מסטיק פייב באונס בטעם אבטיח HP,Unknown,PL,מסטיק בטעם אבטיח פיי,גרמים,14.40,100 גרם,false,,3.90,0.2708,true,1,464800
4009900539685,false,"מסטיק פייב באונס בטעם מנטה בקבוקון, 61.8 גרם",ריגלי בעמ רוסיה,PL,מסטיק בטעם מנטה ללא,גרמים,61.80,100 גרם,false,,11.90,0.1926,true,1,365193
4009900539746,false,"מסטיק פייב באונס בטעם אבטיח בקבוקון, 61.8 גרם",ריגלי בעמ רוסיה,PL,מסטיק בטעם אבטיח ללא,גרמים,31.80,100 גרם,false,,11.90,0.3742,true,1,365207
4011800528416,false,קורני חטיף דגנים עם בוטנים מתוק-מלוח*6,שוורטאוור וורקה,DE,חטיף בייס סויט סולט,גרמים,150.00,100 גרם,false,,11.90,0.0793,true,1,13733
4011800567613,false,מאגדת קורני מילק דרק & ואיט 120 גרם,מיוצר עי קונדיטוריית,DE,חטיף דגנים סנדוויץ ש,גרמים,120.00,100 גרם,false,,11.90,0.0992,true,1,13736
4011800628512,false,חטיף קורני שוקולד חלב 6 יח 150 גר,מיוצר עי קונדיטוריית,DE,חטיף דגנים עם שוקולד,גרמים,150.00,100 גרם,false,,11.90,0.0793,true,1,13741
4011800632519,false,"מארז חטיפי שוקולד חלב וקוקוס ""קורני""",מיוצר עי קונדיטוריית,DE,חטיף דגנים עם שוקולד,גרמים,150.00,100 גרם,false,,11.90,0.0793,true,1,13744
4011800633516,false,קורני שוקולד מריר מעולה 58% קקאו 6*1,שוורטאוור וורקה,DE,חטיף דגנים שוקולד מר,גרמים,138.00,100 גרם,false,,11.90,0.0862,true,1,13745
4011800636517,false,קורני פרי שוקולד חלב מעולה ללא סוכר 6*1,מיוצר עי קונדיטוריית,DE,חטיף דגנים פרי עם שו,גרמים,120.00,100 גרם,false,,11.90,0.0992,true,1,13747
4013227013414,false,פינה קולדה Surfers pina colada,קוימנס רויאל,DE,"פינה קולדה 700 מ""ל",מיליליטרים,700.00,"100 מ""ל",false,,40.20,0.0574,true,1,7285
4014400900217,false,בונבונריית מרסי מבחר ממתקי שוקולד 400 גרם,קריניציה ויטמינה אס,DE,בונבונירה מרסי 400 ג,גרמים,400.00,100 גרם,false,,45.90,0.1147,true,1,12694
4014400901191,false,בונבונריית מרסי מבחר ממתקי שוקולד 250 גרם,ליימן מותגים,DE,בונבונירה מרסי 250 ג,גרמים,250.00,100 גרם,false,,24.90,0.0996,true,1,12696
4014400903409,false,בונבוניירה שוקולד אגוזים טופיפי 250 גרם,קריניציה ויטמינה אס,DE,טופיפי 250גר',גרמים,250.00,100 גרם,false,,20.90,0.0836,true,1,12699
4014400904277,false,סוכריות בטעם מנטה אייס פרש סטורק 425 גרם,תות ממתקי איכות,DE,סוכריות אייס פרש 425,גרמים,425.00,100 גרם,false,,14.90,0.0351,true,1,12700
4014400904376,false,סוכריות טופי בטעם שוקולד סטורק 325 גרם,קריניציה ויטמינה אס,DE,סוכ.שטורק שוקולדן 32,גרמים,325.00,100 גרם,false,,14.90,0.0458,true,1,12703
4014400909692,false,וורטרס אורגינל סוכריות חמאה ללא סוכר בטעם קפוצי'ינו בקופסה 42 גרם,קריניציה ויטמינה אס,DE,וורטרס סוכריות קפה ל,גרמים,42.00,100 גרם,false,,5.90,0.1405,true,1,12706
4014400910063,false,סוכריות חמאה וורטרס אורגינל 135 גרם,וורטר'ס אורגינל,DE,סוכריות חמאה וורטר 1,גרמים,135.00,100 גרם,false,,8.90,0.0659,true,1,12708
4014400914924,false,"סוכריות בטעם קפה וורטר אורגינל לל""ס 80 גרם",קריניציה ויטמינה אס,DE,80 סוכריות קפה וורטר,גרמים,80.00,100 גרם,false,,8.90,0.1113,true,1,12714
4014400920857,false,וורטר אורגינל ללא סוכר בטעם שוקולד-שקית 70 גרם,קריניציה ויטמינה אס,DE,וורטרס ללא סוכר טעם,גרמים,70.00,100 גרם,false,,8.90,0.1271,true,1,12717
4014400923711,false,בונבוניירה שוקולד אגוזים טופיפי 125 גרם,ליימן מותגים,DE,טופיפי בונבונירה שוק,גרמים,125.00,100 גרם,false,,11.90,0.0952,true,1,12718
4015000519915,false,"פה - דאודורנט ספריי לאישה פינק פרדייס 200 מ""ל",שוורצקופף והנקל,TR,דאו' ספריי פינק פרדי,מיליליטרים,200.00,"100 מ""ל",false,,9.90,0.0495,true,1,7950
4015000615921,false,"פה - דאודורנט ספריי לגבר ספורט 200 מ""ל",שוורצקופף והנקל,TR,דאו' ספריי פה לגבר 2,מיליליטרים,200.00,"100 מ""ל",false,,9.90,0.0495,true,1,7973
4015400564034,false,מגן תחתון אולוויז מגה פק לונג פלוס 58 יחידות,פרוקטר אנד גמבל,DE,מגן תחתון לונג פלוס,יחידה,0.00,יחידה,false,,18.90,0.0000,true,1,26863
4015400564454,false,מגני תחתון אולוויז לארג' עם ניחוח מגה פק,פרוקטר אנד גמבל,DE,מגן תחתון לארג מגה פ,יחידה,0.00,יחידה,false,,18.90,0.0000,true,1,26867
4015400690313,false,טמפונים פרל רגולר טמפקס קומפאק 18 יח,פרוקטר אנד גמבל,HU,טמפון פרל רגולר טמפק,יחידה,0.00,יחידה,false,,19.90,0.0000,true,1,26903
4015400746812,false,מגני תחתון אולוויז נורמל עם ניחוח מגה פק,פרוקטר אנד גמבל,UA,מגן תחתון מגה פק נור,יחידה,0.00,יחידה,false,,18.90,0.0000,true,1,26929
4015400990482,false,"אבקת כביסה אריאל קולור 3 ק""ג",פרוקטר אנד גמבל,TR,אבקת כביסה אריאל קול,קילוגרמים,3.00,"ק""ג",false,,34.90,11.6333,true,1,26943
4015600762780,false,שמפו וקונדישינר יומיומי למניעת קשקשים הנוסחה הקלאסית 2in1,פרוקטר אנד גמבל,RO,שמפו 2-ב1הד&שולדרס 5,מיליליטרים,500.00,"100 מ""ל",false,,18.90,0.0378,true,1,26969
4017100198151,false,בלזן היט ביסקוויט עם מלית קרם בטעם וניל (41%) 220 גרם,הדקלאים אגודת שיתופי,PL,היט עוגיות סנדביץ בט,גרמים,220.00,100 גרם,false,,8.90,0.0405,true,1,41940
4017100210105,false,וופל מגולגל מצופה שוקולד מריר בלזן 100 גרם,הדקלאים אגודת שיתופי,DE,בלזן גלילי וופל מריר,גרמים,100.00,100 גרם,false,,10.90,0.1090,true,1,41941
4017100219900,false,בלזן וופלטן וופל מגולגל מצופה שוקולד חלב 100 גרם,הדקלאים אגודת שיתופי,DE,בלזן גלילי וופל חלב,גרמים,100.00,100 גרם,false,,10.90,0.1090,true,1,41946
4017100364112,false,בלזן היט בסקוויט סנדביץ עם מלית קרם בטעם שוקולד קקאו (41%) 220 גרם,הדקלאים אגודת שיתופי,PL,היט עוגיות סנדביץ בט,גרמים,220.00,100 גרם,false,,8.90,0.0405,true,1,41951
4018722102656,false,ספגטי כוסמין אורגני 500 גרם,אלב גולד,DE,אלב גולד - ספגטי כוס,גרמים,500.00,100 גרם,false,,14.90,0.0298,true,1,113418
4018722343141,false,פסטה פנה אורגנית כוס,אלב גולד,DE,אלב גולד - פנה כוסמי,גרמים,500.00,100 גרם,false,,21.90,0.0438,true,1,113482
4018722343158,false,אלב גולד פוזילי כוסמ,אלב גולד,DE,אלב גולד - פוזלי כוס,גרמים,500.00,100 גרם,false,,21.90,0.0438,true,1,113483
4022025001905,false,יין בלו ווין מבעבע זהב כשר 750 מל,היי סישל סוהן טראבן,DE,בלו וויין מבעבע זהב,מיליליטרים,750.00,"100 מ""ל",false,,55.90,0.0745,true,1,41598
4022025261002,false,יין בלו ווין גוורצטרמינר 750 מל,לנגוט טראבן,DE,יין בלו נאן בלו וויי,מיליליטרים,750.00,"100 מ""ל",false,,50.90,0.0679,true,1,41605
4022025290408,false,יין בלו ווין פינק רו,יקב רמת הגולן,DE,יין בלו וויין פינק 7,מיליליטרים,750.00,"100 מ""ל",false,,50.90,0.0679,true,1,41606
4025700001962,false,מילקה טבלת שוקולד לבן 100 גרם,פי אר ג'יי אס סי מונ,HU,מילקה שוקולד לבן 100,גרמים,100.00,100 גרם,false,,6.90,0.0690,true,1,72555
4033100014529,false,סיגריות אל די סלים בודד,Unknown,TR,אל.די סלימס,יחידה,0.00,יחידה,false,,27.00,0.0000,false,1,4127
4052197000017,false,"בירה בנדיקטינר חיטה לא מסוננת 500 מ""ל",בנדיקטינר וויצבראו,DE,בירה בנדיקטינר 500 מ,מיליליטרים,500.00,"100 מ""ל",false,,9.90,0.0198,true,1,91
4052197002806,false,"מארז בירה בנדיקטינר 4*500 מ""ל פחית",בנדיקטינר וויצבראו,DE,בנדיקטינר מארז בירה,ליטרים,2.00,ליטר,false,,34.00,17.0000,true,1,96
4065698201166,false,דונאטס מילקה - מארז 148,,DE,זוג דונאטס מילקה,גרמים,146.00,100 גרם,false,,15.90,0.1089,true,1,247167
4065698201173,false,דונאטס אוראו סינגל,,,דונאטס אוראו יחידה,גרמים,73.00,100 גרם,false,,7.90,0.1082,true,1,247153
4067700014849,false,ליקר ייגרמייסטר כשר,מסט-יגרמייסטר,DE,ליקר ייגרמייסטר 700,מיליליטרים,700.00,"100 מ""ל",false,,84.90,0.1213,true,1,7287
4079400330129,false,"בירה פילסנר וולטרס 4.9% 500 מ""ל בפחית",,,בירה וולטרס פחית 4.9,מיליליטרים,500.00,"100 מ""ל",false,,6.90,0.0138,true,1,48880
4084500853836,false,"נוזל כלים פיירי ורדים ומשי 515 מ""ל בד""צ",פרוקטר אנד גמבל,GB,פיירי נוזל כלים ורדי,מיליליטרים,515.00,"100 מ""ל",false,,9.90,0.0192,true,1,27096
4100130937163,false,בירה בקס שישייה 6*275 מל,"איי, בי, אינבוו",DE,"בירה בקס 6* 275 מ""ל",ליטרים,1.65,ליטר,false,,24.90,15.0909,true,1,9960
4600659010854,false,"וודקה סטוליצ'ניה 700 מ""ל",איי. אס. לטבייאס בלזם,LV,וודקה סטוליצ'ניה 700,מיליליטרים,700.00,"100 מ""ל",false,,60.90,0.0870,true,1,7288
4603400000043,false,"וודקה רוסקיי סטנדרט 700 מ""ל",רוסקי סטנדרט וודקה,RU,רוסקי סטנדרט 700מ'ל,מיליליטרים,700.00,"100 מ""ל",false,,69.90,0.0999,true,1,11174
4603400000180,false,"וודקה סטנדרט פלטינום 700 מ""ל",RUSSIAN STANDART,RU,וודקה פלטינום 700מ'ל,מיליליטרים,700.00,"100 מ""ל",false,,89.90,0.1284,true,1,11175
4640018993350,false,פיניש קוואנטום קפסולות ג'ל למדיח כלים לימון 30 יח',רקיט בנקיזר,PL,פיניש קוואנטום לימון,יחידה,0.00,יחידה,false,,40.90,0.0000,true,1,68878
4640018993398,false,פיניש קוואנטום 60 יח' קפסולות ג'ל למדיח כלים,רקיט בנקיזר,PL,פיניש קוואנטום למדיח,יחידה,0.00,יחידה,false,,59.90,0.0000,true,1,68880
4710068003313,false,"מאסטר קפה אמריקאנו פחית 240 מ""ל",מאיטה פוד אינדוסטריא,TW,מאסטר קפה אמריקנו בל,מיליליטרים,240.00,"100 מ""ל",false,,5.90,0.0246,true,1,241329
4796019790013,false,"גרין קוקו - שמן קוקוס אורגני 300 מ""ל",כפרי בריא,,גרין קוקו - שמן קוקו,מיליליטרים,300.00,"100 מ""ל",false,,17.90,0.0597,true,1,112835
4820080720584,false,"וודקה חלבני 700 מ""ל דאר קלסיק 700מל כ",NATIONAL ALCOHOL COM,,וודקה חלבני דאר קלסי,מיליליטרים,700.00,"100 מ""ל",false,,60.90,0.0870,true,1,11185
4860009000014,false,מיץ רימונים 100% סחוט ללא תוספת סוכר,Aromaproduct ltd,,תומר מיץ רימונים גרו,ליטרים,1.00,ליטר,false,,17.90,17.9000,true,1,24919
4860019001346,false,בורז'ומי מים מינרליים טבעיים 500מ'ל חדש,אי די אס בורגומי,,בורז'ומי מים מינרליי,מיליליטרים,500.00,"100 מ""ל",false,,7.90,0.0158,true,1,11191
4860019001414,false,"בקבוק מים בוז'ורמי 750 מ""ל",אי.די.אס בורג'יומי,GE,בורז'ומי מים מינרלים,מיליליטרים,750.00,"100 מ""ל",false,,7.90,0.0105,true,1,11193
4891228430047,false,שיק אקזקטה 2 רגיש סכיני גילוח לגבר,אנרג'יזר Energizer,CN,סכיני גילוח אקזקטה 2,יחידה,0.00,יחידה,false,,24.90,0.0000,true,1,21334
4891228430061,false,סכיני גילוח שיק אקזקטה 2 לנשים ורוד 10 יח',הנסיך- מפעל לייצור ט,CN,סכיני גילוח לאישה שי,יחידה,0.00,יחידה,false,,23.90,0.0000,true,1,21336
4895060592307,false,סוכריות נטורל בטעמים בקבוק NUGGELS,איתן-מזון,CN,פלורידה סוכריות נאגט,גרמים,43.00,100 גרם,false,,6.90,0.1605,true,1,13027
4903001904192,false,"רוטב סויה יאמסה פרימיום 500 מ""ל",הדקלאים אגודת שיתופי,JP,רוטב סויה יאמאסה פרמ,מיליליטרים,500.00,"100 מ""ל",false,,17.90,0.0358,true,1,12720
4903001925784,false,"רוטב סויה יאמאסה פרמיום דל מלח 500 מ""ל",הדקלאים אגודת שיתופי,JP,רוטב סויה יאמאסה דל,מיליליטרים,500.00,"100 מ""ל",false,,17.90,0.0358,true,1,12722
4987176071545,false,מברשות שיניים אורל בי שישייה,,IN,שישיית מברשות שיניים,יחידה,0.00,יחידה,false,,14.90,0.0000,true,1,358552
5000127533196,false,קלוגס וורייטי שמינייה 191 גרם,חברת קלוגס בריטניה,GB,דגני בוקר ווראייטי ק,גרמים,191.00,100 גרם,false,,22.90,0.1199,true,1,5249
5000157143365,false,מתבל בטעם מיונז וקטשופ היינץ 425 גרם,"פודליצקי ספ.ז.או.או,",PL,מתבל בטעם מיונז וקטש,מיליליטרים,425.00,"100 מ""ל",false,,14.90,0.0351,true,1,5250
5000159538626,false,טוויקס מארז חטיף 50 גרם חמישייה,טוויקס Twix,NL,חטיף טוויקס מארז 5*2,גרמים,250.00,100 גרם,false,,10.90,0.0436,true,1,167408
5000189974579,false,מארז מיני חטיפי קיט קט Kit Kat,נסטלה גרמניה,DE,קיט קט מיני 200 גרם,גרמים,200.00,100 גרם,false,,10.00,0.0500,true,1,41959
5000204114867,false,"גלייד ארוסול בניחוח וניל 300 מ""ל",coster aerosol vail,TR,גלייד ארוסול בניחוח,מיליליטרים,300.00,"100 מ""ל",false,,7.90,0.0263,true,1,5635
5000204151022,false,"פלדג' אירוסול לניקוי רהיטים לבנדר 250 מ""ל","אס.סי ג'\ונסון, אירופלנט",NL,פלדג' אירוסול לניקוי,מיליליטרים,250.00,"100 מ""ל",false,,14.90,0.0596,true,1,399925
5000204153729,false,מטהר אוויר גלייד מילוי אוטומטי לבנדר וניל,המאפיה של הרמן,TR,גלייד מילוי אוטומטי,מיליליטרים,269.00,"100 מ""ל",false,,15.90,0.0591,true,1,97918
5000204153903,false,מטהר אוויר גלייד מילוי אוטומטי מרכך כביסה,"קוסטר אירוסול ואלף סאן,",TR,גלייד מילוי אוטומטי,מיליליטרים,269.00,"100 מ""ל",false,,15.90,0.0591,true,1,97904
5000204243000,false,"נוזל לאסלה אפרסק על חלל 750 מ""ל דאק",טואלט דאק (ג'ונסון),NL,דאק ג'ל נוזל לאסלה,מיליליטרים,750.00,"100 מ""ל",false,,9.90,0.0132,true,1,382664
5000204661392,false,"קיווי אקסטרא לארג' שחור(גדול) 100מ""ל",המאפיה של הרמן,ID,קיווי משחת נעליים בק,מיליליטרים,100.00,"100 מ""ל",false,,10.50,0.1050,true,1,5659
5000394140820,false,שישיות סוללות AA פלוס פאוור דורסל,דורסל,BE,סוללות דורסל שישיות,יחידה,0.00,יחידה,false,,21.90,0.0000,true,1,371630
5000394141209,false,שישיות סוללות AAA פלוס פאוור דורסל,דיפלומט,BE,סוללות דורסל שישיות,יחידה,0.00,יחידה,false,,21.90,0.0000,true,1,371631
5000394203921,false,זוג סוללות ליתיום 2032 דורסל,דורסל Duracell,CN,דורסל זוג סוללות לית,יחידה,0.00,יחידה,false,,19.90,0.0000,true,1,27136
5000396037531,false,מקוויטיס ביסקוויט מצופה שוקולד חלב 200 גרם,ברנדס סרטרה נשיונל,GB,מקוויטיס מצופה שוקול,גרמים,200.00,100 גרם,false,,10.90,0.0545,true,1,24576
5010026515919,false,מוזלי קריספי נאטי מורנפלייק 650 גרם,מורנפלייק Mornflake,GB,מוזלי קריספי אגוזים,גרמים,650.00,100 גרם,false,,24.90,0.0383,true,1,198625
5010026519368,false,מורנפלייק שיבולת שועל בשקית 500 גר,,,פתיתי שיבולת שועל -,גרמים,500.00,100 גרם,false,,7.90,0.0158,true,1,160360
5010038454831,false,"בקבוק בירה בלומון 330 מ""ל","מבשלת סטרופראמן בע""\מ ,",CZ,בירה בלו מון 5.4% 33,מיליליטרים,330.00,"100 מ""ל",false,,12.90,0.0391,true,1,7295
5010182998847,false,דאק נוזל לניקוי אסלות בניחוח ים 750 מל,מיוצר עי קונדיטוריית,NL,דאק ג'ל נוזל לניקוי,מיליליטרים,750.00,"100 מ""ל",false,,9.90,0.0132,true,1,5676
5010182998861,false,דאק נוזל לניקוי אסלות בניחוח רענן 750 מל,מיוצר עי קונדיטוריית,NL,דאק ג'ל נוזל לניקוי,מיליליטרים,750.00,"100 מ""ל",false,,9.90,0.0132,true,1,5677
5010327000046,false,וויסקי גרנט'ס סקוטי,"וויליאם גראנט ובניו בע""\",GB,וויסקי גרנטס,מיליליטרים,750.00,"100 מ""ל",false,,70.90,0.0945,true,1,7296
5010391100703,false,ליקר דרמבו קלאסי 40%,גרנט'ס (William Gran,GB,"ליקר דרמבוי 700 מ""ל",מיליליטרים,700.00,"100 מ""ל",false,,140.20,0.2003,true,1,400024
5010677551281,false,בקרדי בריזר לימון 275 בקבוק,בקרדי בריזר Bacardi Breezer,BE,בקרדי בריזר לימון 27,מיליליטרים,275.00,"100 מ""ל",false,,13.90,0.0505,true,1,9278
5010677552387,false,"בקרדי בריזר אננס 275 מ""ל בקבוק",בקרדי בריזר Bacardi Breezer,BE,בקרדי בריזר אננס.,מיליליטרים,275.00,"100 מ""ל",false,,13.90,0.0505,true,1,9280
5010677554398,false,"בקרדי בריזר אבטיח 275 מ""ל בקבוק",בקרדי בריזר Bacardi Breezer,BE,בקרדי בריזר אבטיח,מיליליטרים,275.00,"100 מ""ל",false,,13.90,0.0505,true,1,9281
5010677714006,false,"גין בומבאי ספייר 700 מ""ל",ג'ון דיואר ובניו,ES,גין בומביי ספייר 700,מיליליטרים,700.00,"100 מ""ל",false,,119.90,0.1713,true,1,13365
5010677850100,false,וודקה גריי גוס בקבוק,בקרדי מרטיני,FR,"גריי גוס 700 מ""ל",מיליליטרים,700.00,"100 מ""ל",false,,110.90,0.1584,true,1,13366
5011157630281,false,אורז לבן ארוך בסמטי טילדה Tilda,אלסקה/ טילדה,GB,טילדה אורז הימשלי בס,קילוגרמים,1.00,"ק""ג",false,,24.90,24.9000,true,1,21355
5011417552247,false,"אירוויק מבשם אויר נטול גז בניחוח פשתן ופרחי לילך 345 מ""ל",איירוויק Air Wick,PL,איירוויק ספריי נטול,מיליליטרים,345.00,"100 מ""ל",false,,14.90,0.0432,true,1,20829
5014271300429,false,"מעדן משמש 100% פרי סנטדלפור 284 גרם לל""ס",סאן דלפור - שמבור,FR,סאן דלפור מעדן משמש,גרמים,284.00,100 גרם,false,,20.90,0.0736,true,1,16763
5014271310428,false,מעדן דובדבנים שחורים ללא תוספת סוכר 284 גרם,סאן דלפור - שמבור,FR,סאן דלפור מעדן דובדב,גרמים,284.00,100 גרם,false,,20.90,0.0736,true,1,16764
5014271330426,false,מעדן אוכמניות כחולות ללא תוספת סוכר 284 גרם,סאן דלפור - שמבור,FR,סאן דלפור מעדן אוכמנ,גרמים,284.00,100 גרם,false,,20.90,0.0736,true,1,16765
5014271350424,false,מעדן ארבעה פירות ללא תוספת סוכר 284 גרם,סאן דלפור - שמבור,FR,סאן דלפור מעדן ארבע,גרמים,284.00,100 גרם,false,,20.90,0.0736,true,1,16766
5014271360423,false,"מעדן תפוזים לל""ס סאן דלפור 284 גרם",סאן דלפור - שמבור,FR,סאן דלפור מעדן תפוז,גרמים,284.00,100 גרם,false,,20.90,0.0736,true,1,16767
5014271370422,false,מעדן אפרסקים ללא תוספת סוכר 284 גרם,סאן דלפור - שמבור,FR,סאן דלפור מעדן אפרסק,גרמים,284.00,100 גרם,false,,20.90,0.0736,true,1,16768
5014271400426,false,"מעדן בטעם תות שדה לל""ס סאן דלפור 284 גרם",סאן דלפור - שמבור,FR,סאן דלפור מעדן תות ש,גרמים,284.00,100 גרם,false,,20.90,0.0736,true,1,16771
5014271795980,false,מעדן חמוציות ואוכמניות ללא תוספת סוכר 284 גרם,סנדלפור St.dalfour,FR,סאן דלפור מעדן חמוצי,גרמים,284.00,100 גרם,false,,20.90,0.0736,true,1,16776
5024546366609,false,"וויסקי 700 מ""ל LAUDERS SCOTCH",מקדוף אינטרנשנל דיסט,GB,וויסקי לאודרס 700מל,מיליליטרים,700.00,"100 מ""ל",false,,100.90,0.1441,true,1,134
5029053002408,false,נייר טואלט קלינקס פרימיום לבן - מארז 9 גלילים,קימברלי קלארק ישראל,IL,נייר טואלט קליניקס ל,מטרים,275.00,מטר,false,,32.90,0.1196,true,1,8795
5029053002439,false,נייר טואלט קלינקס פרימיום צהוב - מארז 9 גלילים,חוגלה קימברלי,GB,נייר טואלט קליניקס צ,מטרים,243.00,מטר,false,,32.90,0.1354,true,1,8796
5029053032658,false,שמיניית ממחטות טישו קלינקס 9 יחידות,חוגלה קימברלי,IT,ממחטות טישו טו גו ק,יחידה,0.00,יחידה,false,,8.90,0.0000,true,1,8802
5029053510828,false,קוטקס - תחבושות אולטרה סופר + כנפיים 22 יח',קימברלי קלארק,CZ,תחבושת אולטרה סופר+כ,יחידה,0.00,יחידה,false,,18.90,0.0000,true,1,8805
5029053535227,false,קוטקס טמפון עם מוליך נורמל 16 יחידות,קימברלי קלארק,CZ,טמפון עם מוליך נורמל,יחידה,0.00,יחידה,false,,21.90,0.0000,true,1,8820
5029054220085,false,האגיס - מגבוני האגיס אקסטרה קר לא מבושם 56 יח' * 4,קימברלי קלארק,IL,האגיס אקסטרה קר מגבו,יחידה,0.00,יחידה,false,,27.90,0.0000,true,1,8825
5035766044673,false,"סטרונגבואו גולד, סיידר תפוחים אלכוהולי, בקבוק 330 מ''ל",סטרונגבאו Strongbow,BE,סטרונגבאו סיידר תפוח,מיליליטרים,330.00,"100 מ""ל",false,,7.90,0.0239,true,1,9283
5053827215862,false,קלוגס קוקו פופס שוקו 500ג',קלוגס מניופקטורינג אספנה,GB,דגני בוקר קוקו פופס,גרמים,500.00,100 גרם,false,,18.90,0.0378,true,1,84825
5060200671009,false,מטריה מאמי קליפ,,,מטריה מאמי קליפ,יחידה,0.00,יחידה,false,,29.90,0.0000,true,1,31067
5060517886486,false,"משקה אנרגיה מונסטר אנרג'י בפחית 500 מ""ל",מונסטר אנרג'י Monster Energy,RS,מונסטר אנרג'י פחית 5,מיליליטרים,500.00,"100 מ""ל",false,,6.90,0.0138,true,1,6795
5060751218173,false,"משקה אנרגיה מונסטר אנרג'י piplin punch בפחית 500 מ""ל",מונסטר אנרג'י לימטד,RS,מונסטר פייפלין פאנץ',מיליליטרים,500.00,"100 מ""ל",false,,6.90,0.0138,true,1,426420
5099864006377,false,תחליף חלב מהדרין שלב 1 סימילאק אדוונס 90,אבוט מעבדות רפואיות,ES,"סימילאק מהדרין בד""צ",גרמים,900.00,100 גרם,false,,75.90,0.0843,true,1,29437
5099864006384,false,סימילאק למהדרין שלב 2 אריזת חיסכון 900 ג.,אבוט מעבדות רפואיות,ES,"סימילאק מהדרין בד""צ",גרמים,900.00,100 גרם,false,,75.90,0.0843,true,1,29438
5099864006391,false,סימילאק למהדרין שלב 3 אריזת חיסכון 900 ג,אבוט מעבדות רפואיות,ES,"סימילאק מהדרין בד""צ",גרמים,900.00,100 גרם,false,,75.90,0.0843,true,1,29439
5201004021328,false,קפריס רולס גלילי וופל במילוי קרם אגוזי לוז וקקאו,אי. ג'יי פאפאדופולוס,GR,קפריס רולס קלאסיק 11,גרמים,115.00,100 גרם,false,,8.90,0.0774,true,1,135766
5201340003385,false,TRATA טונה מעושנת שמן סויה 160 גרם,נורט אגיאוסי קנריס,GR,טונה מעושנת בשמן צמח,גרמים,160.00,100 גרם,false,,15.90,0.0994,true,1,236074
5201340026704,false,טונה מעושנת פיקנטי 160 ג' TRATA,נורט אגיאוסי קנריס,GR,טונה מעושנת פיקנטי 1,גרמים,160.00,100 גרם,false,,15.90,0.0994,true,1,236089
5201940010110,false,זיתים שחורים קלמטה וילי פוד 250 גרם,סיוארס אס.איי,GR,זיתים שחורים קלמטה ו,גרמים,250.00,100 גרם,false,,14.90,0.0596,true,1,2841
5202300014496,false,ספריי לשיער חזק במיוחד וולה פלקס Wella flex,פרוקטר אנד גמבל,DE,אקסטרה סטרונג וולה פ,מיליליטרים,250.00,"100 מ""ל",false,,30.00,0.1200,true,1,27154
5203819014205,false,"אוזו מלטמי 38% 0.700 מ""ל",אגדת,IL,אוזו מלטמי 38%,מיליליטרים,700.00,"100 מ""ל",false,,70.20,0.1003,true,1,529448
5208049002473,false,קנט ארוך קופסא בודדת,Unknown,TR,קנט ארוך קופסא בודדת,יחידה,0.00,יחידה,false,,36.00,0.0000,false,1,214883
5208049006624,false,פאל מאל אקסטרה סילבר קופסה,Unknown,DE,פאל מאל אקסטרה סילבר,יחידה,0.00,יחידה,false,,27.50,0.0000,false,1,546126
5391523057929,false,סימילאק גולד שלב 1 תרכובת מזון על בסיס חלב,אבוט מעבדות רפואיות,IE,סימילאק גולדשלב 1 7,גרמים,700.00,100 גרם,false,,70.90,0.1013,true,1,29446
5391523057936,false,סימילאק גולד שלב 2 תרכובת מזון על בסיס חלב,אבוט מעבדות רפואיות,IE,סימילאק גולד שלב 2,גרמים,700.00,100 גרם,false,,70.90,0.1013,true,1,29447
5391523057943,false,סימילאק גולד שלב 3 תרכובת מזון על בסיס חלב,אבוט מעבדות רפואיות,IE,סימילאק גולד שלב 3 7,גרמים,700.00,100 גרם,false,,70.90,0.1013,true,1,29448
5391523058063,false,סימילאק אדבנס פלוס 1 תרכובת מזון על בסיס חלב,טרופיקל דגיל תעשיות,IE,סימילאק אדוואנס פלוס,גרמים,700.00,100 גרם,false,,64.90,0.0927,true,1,29449
5391523058070,false,סימילאק אדבנס פלוס 3 תרכובת מזון על בסיס חלב,טרופיקל דגיל תעשיות,IE,סימילאק אדוונס פלוס,גרמים,700.00,100 גרם,false,,64.90,0.0927,true,1,29450
5391523058087,false,סימילאק אדבנס פלוס 2 תרכובת מזון על בסיס חלב,טרופיקל דגיל תעשיות,IE,סימילאק אדוואנס פלוס,גרמים,700.00,100 גרם,false,,64.90,0.0927,true,1,29451
5410076933129,false,אריאל אבקת כביסה שושן צחור 3 קג,פרוקטר אנד גמבל,CZ,אריאל שושן צחור שקית,קילוגרמים,3.00,"ק""ג",false,,34.90,11.6333,true,1,27227
5410091648176,false,"פה - דאודורנט רול און לאישה פינק פרדייס 50 מ""ל",שוורצקופף והנקל,DE,דאו' רול און פינק פר,מיליליטרים,50.00,"100 מ""ל",false,,9.90,0.1980,true,1,8054
5410103161617,false,קרם יום עם פעולה משולשת Triple active לעור יבש ועדין,"לוריאל ישראל בע""מ",DE,דרמו פעולה משולשת יב,מיליליטרים,50.00,"100 מ""ל",false,,45.90,0.9180,true,1,12484
5410126116953,false,ממרח ביסקוויט קרמל לוטוס 400 גרם,לוטוס בייקרי בלגיה נ,BE,לוטוס ממרח ביסקוויט,גרמים,400.00,100 גרם,false,,20.90,0.0522,true,1,5272
5410126666038,false,"ביסקוויט קרמל לוטוס 279 גרם בד""צ",לוטוס ביקרי נ.וי.,BE,עוגיות לוטוס 279 גרם,גרמים,279.00,100 גרם,false,,12.90,0.0462,true,1,5273
5410126716016,false,"עוגיות לוטוס ביסקויט קרמל בד""צ 250 גרם",לוטוס ביקרי בלגיה,BE,ביסקוויט בטעם קרמל ל,גרמים,250.00,100 גרם,false,,11.90,0.0476,true,1,5274
5410126726947,false,ממרח ביסקוויט קרמל קראנץ' לוטוס 380 גרם,לוטוס בייקרי בלגיה נ,BE,לוטוס קראנץ ממרח עוג,גרמים,380.00,100 גרם,false,,20.90,0.0550,true,1,5275
5410228267515,false,"שישיית בירה לאגר באדוויזר 6*330 מ""ל",באדווייזר Budweiser,GB,בירה באדוויזר שישייה,ליטרים,1.98,ליטר,false,,30.90,15.6061,true,1,7308
5410291021991,false,ממרח אגוזי לוז עם קקאו צוקטה 700 גרם,צ'וקטה Chocketa,BE,צ`וקטה ממרח אגוזי לו,גרמים,700.00,100 גרם,false,,19.90,0.0284,true,1,41962
5410291022011,false,ממרח אגוזי לוז עם קקאו 350 גרם חלב נכרי,צ'וקטה Chocketa,BE,צ`וקטה ממרח אגוזי לו,גרמים,350.00,100 גרם,false,,11.90,0.0340,true,1,41963
5410316983693,false,"סמירנוף אייס בקבוק 275 מ""ל",סמירנוף אייס Smirnoff ice,IT,סמירנוף אייס בודד,מיליליטרים,275.00,"100 מ""ל",false,,12.90,0.0469,true,1,6812
5411188081852,false,אלפרו משקה סויה בטעם וניל 1 ל',הנסיך- מפעל לייצור ט,BE,אלפרו משקה סויה בטעם,יחידה,0.00,יחידה,false,,14.10,0.0000,true,1,21357
5411188094159,false,רביעיית מעדן סויה שוקו מריר אלפרו 125 גרם,הנסיך- מפעל לייצור ט,BE,אלפרו מעדן סויה שוק.,מיליליטרים,500.00,"100 מ""ל",false,,16.90,0.0338,true,1,21358
5411188096108,false,"שמנת לבישול ע""ב סויה 250 מ""ל אלפרו",אלפרו C.V.A,BE,אלפרו סויה לבישול 25,מיליליטרים,250.00,"100 מ""ל",false,,9.90,0.0396,true,1,21360
5411188110835,false,אלפרו חלב סויה שקדים וניל 1ל',הנסיך- מפעל לייצור ט,BE,אלפרו משקה שקדים 1 ל,ליטרים,1.00,ליטר,false,,15.50,15.5000,true,1,21363
5411188112549,false,משקה קוקוס אלפרו 1 ליטר משקה אורז 1 ליטר,הנסיך- מפעל לייצור ט,BE,אלפרו משקה אורז 1ל,ליטרים,1.00,ליטר,false,,15.50,15.5000,true,1,21366
5411188112709,false,"משקה קוקוס אלפרו 1 ליטר משקה שקדים לל""ס",הנסיך- מפעל לייצור ט,BE,אלפרו משקה שקדים ללא,יחידה,0.00,יחידה,false,,15.50,0.0000,true,1,21367
5411188115366,false,משקה קוקוס אלפרו 1 ליטר משקה שיבולת שועל 1 ליטר,הנסיך- מפעל לייצור ט,BE,אלפרו משקה שיבולת שו,יחידה,0.00,יחידה,false,,15.50,0.0000,true,1,21369
5411188115472,false,משקה סויה אלפרו 1 ליטר,הנסיך- מפעל לייצור ט,BE,אלפרו משקה סויה 1 לי,ליטרים,1.00,ליטר,false,,14.10,14.1000,true,1,94393
5411188120742,false,משקה קוקוס אלפרו 1 ליטר שקדים וניל 1 ל',הנסיך- מפעל לייצור ט,BE,אלפרו משקה שקדים בטע,ליטרים,1.00,ליטר,false,,15.50,15.5000,true,1,21376
5411188121923,false,"משקה סויה מועשר סידן אלפרו 3*250 מ""ל",הנסיך- מפעל לייצור ט,BE,אלפרו סויה סידן שלש,מיליליטרים,750.00,"100 מ""ל",false,,14.90,0.0199,true,1,21378
5411188121978,false,"משקה סויה בטעם שוקולד 3 * 250 מ""ל אלפרו",אלפרו סי.וי. איי,BE,אלפרו סויה שוקו סיד,מיליליטרים,750.00,"100 מ""ל",false,,15.50,0.0207,true,1,21379
5411188122586,false,"משקה שקדים אלפרו 250 מ""ל",אלפרו C.V.A,BE,אלפרו משקה שקדים 250,מיליליטרים,250.00,"100 מ""ל",false,,6.50,0.0260,true,1,21381
5411188122661,false,אלפרו משקה שקדים לא קלויים ללא תוספת סוכר 1 ל',אלפרו C.V.A,BE,אלפרו משקה שקדים לא,יחידה,0.00,יחידה,false,,15.50,0.0000,true,1,21382
5411188124689,false,משקה אלפרו שיבולת שועל ללא סוכר 1 ליטר,אלפרו C.V.A,BE,אלפרו משקה שיבולת שו,יחידה,0.00,יחידה,false,,15.50,0.0000,true,1,122417
5411188134985,false,אלפרו 3.5% NOT M*LK שיבולת שועל 1 ליטר בית יוסף,הנסיך- מפעל לייצור ט,BE,אלפרו 3.5% שומן NOT,ליטרים,1.00,ליטר,false,,14.10,14.1000,true,1,195400
5411188135005,false,אלפרו 1.8% NOT M*LK שיבולת שועל 1 ליטר בית יוסף,הנסיך- מפעל לייצור ט,BE,אלפרו 1.8% שומן NOT,ליטרים,1.00,ליטר,false,,14.10,14.1000,true,1,199649
5411188513483,false,"סויה לבישול 14% שומן אלפרו 250 מ""ל",אלפרו C.V.A,BE,אלפרו סויה לבישול 14,מיליליטרים,250.00,"100 מ""ל",false,,9.90,0.0396,true,1,346614
5411188543398,false,משקה סויה ללא סוכר אלפרו 1 ליטר,הנסיך- מפעל לייצור ט,BE,אלפרו משקה סויה ללא,ליטרים,1.00,ליטר,false,,14.10,14.1000,true,1,97142
5413149655522,false,"אבקת כביסה שושן צחור 1.25 ק""ג אריאל",פרוקטר אנד גמבל,TR,אריאל אבקת כביסה שוש,קילוגרמים,1.25,"ק""ג",false,,17.90,14.3200,true,1,27237
5413548040479,false,בונבוניירה רפאלו 240 גרם,ליימן-שליסל,PL,בונבוניירה רפאלו 240,גרמים,240.00,100 גרם,false,,24.90,0.1037,true,1,41462
5413548280189,false,קינדר שוקו בון 1 יחידות 125 גרם,פררו - אלבה,BE,קינדר שוקו בון 125ג,גרמים,125.00,100 גרם,false,,13.90,0.1112,true,1,41463
5601008200444,false,עוגיות גודיס טבעות מצופות שוקולד חלב מרבה 150 גרם,הנסיך- מפעל לייצור ט,PT,גודיס עוגיות טבעת מצ,גרמים,150.00,100 גרם,false,,6.90,0.0460,true,1,21388
5601008200451,false,עוגיות גודיס טבעות מצופות שוקולד מריר מרבה 150 גרם,מרבה Merba,PT,גודיס עוגיות טבעת מצ,גרמים,150.00,100 גרם,false,,6.90,0.0460,true,1,21389
5601008200468,false,עוגיות גודיס טבעות מצופות שוקולד לבו מרבה 150 גרם,קריניציה ויטמינה אס,PT,גודיס עוגיות טבעת מצ,גרמים,150.00,100 גרם,false,,6.90,0.0460,true,1,21390
5601217129420,false,וולייט דפים למניעת העברת צבע 20 יחידות,רקיט בן קיזר,IT,וולייט דפים 20 יח',יחידה,0.00,יחידה,false,,19.90,0.0000,true,1,20850
5604912415058,false,סרדינים פורטוס בשמן חמניות חריף 125 גרם,פורטוס Porthos,PT,סרדינים בשמן חמניה ח,גרמים,125.00,100 גרם,false,,5.90,0.0472,true,1,5278
5701932026964,false,"הוטפופ גרעיני תירס להכנת פופקורן במיקרוגל בטעם טבעי, בתוספת מלח, 600 גרם",ליימן מותגים,US,הוט פופ .פופקורן עם,גרמים,600.00,100 גרם,false,,14.90,0.0248,true,1,12728
5701932026971,false,הוטפופ גרעיני תירס להכנת פופקורן במיקרוגל בטעם חמאה 600 גרם,ליימן מותגים,US,הוט פופ פופקורן בטעם,גרמים,600.00,100 גרם,false,,14.90,0.0248,true,1,12729
5701932026995,false,"הוטפופ גרעיני תירס להכנת פופקורן במיקרוגל בטעם טבעי מופחת שומן, 510 גרם",קריניציה ויטמינה אס,US,הוט פופ פופקורן לייט,גרמים,510.00,100 גרם,false,,14.90,0.0292,true,1,12730
5740900403215,false,ממרח מחמאת לורפק עם מלח 250 ג',ארלה פודס אמבה,DK,ממרח לורפק עם מלח 25,גרמים,250.00,100 גרם,false,,13.90,0.0556,true,1,23224
5740900403222,false,ממרח לורפק חמאה עם מלח מופחת שומן 250 ג,ארלה פודס אמבה,DK,ממרח לורפק עם מלח מו,גרמים,250.00,100 גרם,false,,13.90,0.0556,true,1,23225
5740900403239,false,ממרח לורפק ללא תוספת מלח 250 גר,ארלה פודס אמבה,DK,ממרח לורפק ללא מלח 2,גרמים,250.00,100 גרם,false,,13.90,0.0556,true,1,23226
5740900403246,false,ממרח לורפק ללא תוספת מלח 500 גר,ארלה פודס אמבה,DK,ממרח לורפק ללא מלח 5,גרמים,500.00,100 גרם,false,,30.30,0.0606,true,1,23227
5740900403253,false,ממרח מחמאת לורפק עם מלח 500 ג',ארלה פודס אמבה,DK,ממרח לורפק עם מלח 50,גרמים,500.00,100 גרם,false,,30.30,0.0606,true,1,23228
5740900403260,false,ממרח מחמאת לורפק ללא מלח 27% פחות שומן,ארלה פודס אמבה,DK,ממרח לורפק ללא מלח מ,גרמים,250.00,100 גרם,false,,13.90,0.0556,true,1,23229
5765220190140,false,עטרות נייר אפייה 1.5 130 יח',,,עטרות נייר לאפייה 1.,יח',130.00,יח',false,,3.50,0.0269,true,1,123075
5765220190157,false,עטרות נייר אפייה 2- 130 יחידות,,,עטרות נייר לאפייה 2,יח',130.00,יח',false,,4.90,0.0377,true,1,123088
5765220190171,false,עטרות נייר אפייה 5 -130 יחידות,,,עטרות נייר לאפייה 4,יח',130.00,יח',false,,5.50,0.0423,true,1,123102
5765220190188,false,עטרות נייר אפייה 5 -130 יחידות,,,עטרות נייר לאפייה 5,יח',130.00,יח',false,,5.90,0.0454,true,1,123103
5765220190539,false,סביבון קפיץ אורות מנגן,,,סביבון קפיץ אורות מנ,יחידה,0.00,יחידה,false,,15.90,0.0000,true,1,107812
5765571206613,false,נר נשמה 9 ימים בפלסטיק,,,נר נשמה 9 ימים בפלסט,יחידה,0.00,יחידה,false,,9.90,0.0000,true,1,580118
5900017062419,false,"ניוואה - תחליב רחצה ורדים ושמן שקדים 750 מ""ל",ביירסדורף,DE,ניוואה תחליב רחצה בנ,מיליליטרים,750.00,"100 מ""ל",false,,16.90,0.0225,true,1,322963
5900020012814,false,דגנים תפוחים בטעם שוקולד נסקוויק נסטלה 500 גרם,מיוצר עי קונדיטוריית,PL,דגני בוקר נסקוויק נס,גרמים,500.00,100 גרם,false,,24.90,0.0498,true,1,18386
5900020015174,false,פיטנס חטיפי אנרגיה דגנים בטעם שוקולד נסטלה 6*23.5 גרם,מיוצר עי קונדיטוריית,PL,פיטנס חטיף דגנים שוק,גרמים,141.00,100 גרם,false,,9.80,0.0695,true,1,18387
5900020018908,false,פיטנס חטיפי אנרגיה דגנים בטעם קרם עוגיות נסטלה 6*23.5 גרם,מיוצר עי קונדיטוריית,PL,פיטנס חטיף דגנים קרם,גרמים,141.00,100 גרם,false,,9.80,0.0695,true,1,18388
5900020020710,false,נסטלה - קראנץ' שוקו וניל חטיף דגנים 25 גרם * 6,נסטלה פולין ברים,PL,חטיף דגנים קראנץ בר,גרמים,150.00,100 גרם,false,,9.80,0.0653,true,1,18390
5900020022325,false,חטיף סיני מיניס Cini Minis בטעם קינמון - 6 במארז,נסטלה פולין דגני בוק,PL,חטיף דגנים סיני מיני,גרמים,150.00,100 גרם,false,,9.80,0.0653,true,1,18393
5900020024770,false,פיטנס - דליס חטיף דגנים שוקולד אגוז 22.50 גרם * 6,נסטלה פולין ברים,PL,פיטנס בר דליס שוקולד,גרמים,135.00,100 גרם,false,,9.80,0.0726,true,1,18394
5900020024817,false,פיטנס דליס Fitness Delice חטיף דגנים עם שוקולד לבן,נסטלה פולין ברים,PL,פיטנס בר דליס שוקולד,גרמים,135.00,100 גרם,false,,9.80,0.0726,true,1,18395
5900020025647,false,חטיף דגנים פיטנס שוקולד חלב 135 גרם מארז 6 יחידות,מיוצר עי קונדיטוריית,PL,פיטנס בר דליס שוקולד,גרמים,135.00,100 גרם,false,,9.80,0.0726,true,1,18397
5900020026552,false,דגני בוקר האני נאט צ'יריוס בטעם דבש ושקדים,נסטלה צרפת איטנקורט,FR,האני נאט ציריוס נסטל,גרמים,625.00,100 גרם,false,,24.90,0.0398,true,1,18402
5900020029669,false,פיטנס - חטיף דגנים פירות יער 23.50 גרם * 6,נסטלה פולין דגני בוק,PL,פיטנס חטיף דגנים פיר,גרמים,141.00,100 גרם,false,,9.80,0.0695,true,1,18404
5900020031877,false,נסטלה האני ציריוס חטיף דגני בוקר שישייה,נסטלה פולין דגני בוק,PL,חטיף דגנים צ'יריוס ה,גרמים,132.00,100 גרם,false,,9.80,0.0742,true,1,18406
5900020032454,false,מארז חטיף פיטנס עוגיות 8 X 23.5 גרם,נסטלה פולין ברים,PL,חטיף דגנים עוגיות פ,גרמים,188.00,100 גרם,false,,9.80,0.0521,true,1,169365
5900020032539,false,מארז חטיף פיטנס שוקולד 8 X 23.5 גרם,נסטלה פולין ברים,PL,חטיף דגנים שוקולד פ,גרמים,188.00,100 גרם,false,,9.80,0.0521,true,1,169379
5900020033314,false,חטיף דגני בוקר Lion בטעם קרמל ושוקולד על קרם חלב,נסטלה פולין דגני בוק,PL,חטיף דגנים ליון נסטל,גרמים,150.00,100 גרם,false,,9.80,0.0653,true,1,18407
5900020034021,false,חטיף דגנים פיטנס שוקולד בננה 141 גרם,מיוצר עי קונדיטוריית,PL,פיטנס חטיף דגנים שוק,גרמים,141.00,100 גרם,false,,9.80,0.0695,true,1,18408
5900020034991,false,דגני בוקר צדפים בטעם שוקולד 450 ג' קראנץ',סי. פי. פולין,PL,קראנץ' צדפים בטעם שו,גרמים,450.00,100 גרם,false,,24.90,0.0553,true,1,18409
5900020036407,false,ליון דגני בוקר שוקולד וקרמל נסטלה 480 גרם,נסטלה פולין דגני בוק,PL,דגני בוקר שוקולד וקר,גרמים,480.00,100 גרם,false,,24.90,0.0519,true,1,66919
5900020037916,false,דגני בוקר שיבולת שועל צ'ריוס 375ג',ג'נרל מילס סאן אדריא,PL,צ'יריוס שיבולת שועל,גרמים,375.00,100 גרם,false,,15.90,0.0424,true,1,172689
5900020039590,false,פיטנס חטיף דגנים קלאסי פרווה 8 6*23.5 ג,נסטלה פולין דגני בוק,PL,פיטנס חטיף דגנים קלא,גרמים,141.00,100 גרם,false,,9.80,0.0695,true,1,241682
5900020039620,false,פיטנס חטיף דגנים שקדים ודבש פרווה 8 6*23 ג,נסטלה פולין ברים,PL,חטיף דגנים שקדים ודב,גרמים,141.00,100 גרם,false,,9.80,0.0695,true,1,241668
5900020041142,false,קורנפלקס פיטנס 500 ג' אסם,נסטלה צרפת איטנקורט,PL,קורנפלקס פיטנס 500גר,גרמים,500.00,100 גרם,false,,12.90,0.0258,true,1,592922
5900627063233,false,טבליות למדיח הכל ב-1 פיניש מקס 50 יחידות,רקיט בנקיזר,PL,50 יח AIO טבליות פינ,גרמים,800.00,100 גרם,false,,39.90,0.0499,true,1,20865
5901414200411,false,בלזן היט מיני ביסקוויט סנדוויץ' עם מילוי קרם בטעם שוקולד 130 גרם,ליימן שליסל,PL,היט מיניס קרם קקאו 1,גרמים,130.00,100 גרם,false,,6.30,0.0485,true,1,41972
5902198160403,false,XL משקה אנרגיה מוגז ללא סוכר עד 10 קלוריות לפחית 250 מל,"טמפו משקאות בע""\מ",IL,אקס אל משקה אנרגיה ט,מיליליטרים,250.00,"100 מ""ל",false,,4.50,0.0180,true,1,9288
5902768862553,true,עוגיות בוגטי שוקולד,,,עוגיות בוגטי שוקולד,גרמים,155.00,100 גרם,false,,5.90,0.0381,true,1,49852
5902768862683,true,עוגיות טוויט שוקולד,,,עוגיות טוויט שוקולד,גרמים,155.00,100 גרם,false,,5.90,0.0381,true,1,49853
5902768865677,true,עוגיות שוקולד צ'יפס,,,עוגיות שוקולד צ'יפס,גרמים,150.00,100 גרם,false,,5.90,0.0393,true,1,49855
5904941750312,false,"משקה אנרגיה BLU מוחיטו בודד 250 מ""ל",אקו - ביט,PL,בלו בודד מוחיטו 250,מיליליטרים,250.00,"100 מ""ל",false,,4.50,0.0180,true,1,1813
5904941751302,false,"משקה אנרגיה בלו 250 מ""ל- בודד",אקו - ביט,PL,בלו משקה אנרגיה 250,מיליליטרים,250.00,"100 מ""ל",false,,4.50,0.0180,true,1,1814
5904941751715,false,"משקה אנרגיה בלו קרנברי 250 מ""ל -בודד",אקו - ביט,PL,בלו משקה אנרגיה קרנב,מיליליטרים,250.00,"100 מ""ל",false,,4.50,0.0180,true,1,1816
5904941751920,false,בלו משקה אנרגיה דיי חצי מכמות הקלו250 מל,אקו - ביט,PL,בלו משקה אנרגיה דיי,מיליליטרים,250.00,"100 מ""ל",false,,4.50,0.0180,true,1,1819
5906485301012,false,"משקה אנרגיה XL פחית 250 מ""ל","טמפו משקאות בע""מ",IL,אקס אל משקה אנרגיה 2,מיליליטרים,250.00,"100 מ""ל",false,,4.50,0.0180,true,1,9289
5941021001674,false,טבלת שוקולד היידי גראנדור 80% 80 ג',היידי שוקולד בירונטי,,טבלת היידי גראנדור 8,גרמים,80.00,100 גרם,false,,9.90,0.1238,true,1,461882
5997321701806,false,אבקה למניעת אבנית במכונת כביסה 2 ב-1,רקיט בנקיזר פולין,PL,"קלגון אבקה 1 ק""ג",קילוגרמים,1.00,"ק""ג",false,,30.90,30.9000,true,1,20868
6008165274629,false,פאל מאל כחול ארוך סטרים פילטר חפיסה,יושלם,TR,פאל מאל כחול ארוך סט,יחידה,0.00,יחידה,false,,29.00,0.0000,false,1,4172
6111094000013,false,"קוסקוס דארי בינוני תומר 1 ק""ג",דארי קוספאט אס. איי. או,MA,קוסקוס בינוני דארי 1,קילוגרמים,1.00,"ק""ג",false,,17.90,17.9000,true,1,24920
6111094000198,false,קוסקוס דארי בינוני 350 גרם,דארי קוספאט אס. איי. או,MA,קוסקוס דק דארי 350 ג,גרמים,350.00,100 גרם,false,,8.10,0.0231,true,1,24921
6111094000228,false,"קוסקוס דארי דק תומר 1 ק""ג",דארי קוספאט אס. איי. או,MA,"קוסקוס דק דארי 1 ק""ג",קילוגרמים,1.00,"ק""ג",false,,17.90,17.9000,true,1,24922
6111094000242,false,תומר קוסקוס דארי דק 500גר,דארי קוספאט אס. איי. או,MA,קוסקוס דק דארי 500 ג,גרמים,500.00,100 גרם,false,,10.00,0.0200,true,1,24923
6111094000259,false,קוסקוס דארי בינוני 500ג'18X,דארי קוספאט אס. איי. או,MA,קוסקוס בינוני דארי 5,גרמים,500.00,100 גרם,false,,10.00,0.0200,true,1,24924
6111094000808,false,"קוסקוס דארי בינוני תומר 1 ק""ג + 10% תוספת",דארי קוספטה אל-זהרה,MA,קוסקוס בינוני דארי 1,קילוגרמים,1.10,"ק""ג",false,,17.90,16.2727,true,1,24925
6224009175192,false,"תות שדה 1 ק""ג קפוא ב",O.K FRUIT,EG,"תות שדה 1 ק""ג קפוא ב",קילוגרמים,1.00,"ק""ג",false,,14.90,14.9000,true,1,51498
6855762001338,false,כובע חורף,,,כובע חורף,יחידה,0.00,יחידה,false,,9.90,0.0000,true,1,31080
6910191800287,false,אצות נורי בלו 10 דף (ננגטונג),ננטונג היידה אקווטוק,CN,אצות נורי לסושי מזרח,גרמים,25.00,100 גרם,false,,11.90,0.4760,true,1,47530
6912977000140,false,"אטריות שעועית דקות לל""ג מזרח מערב 250ג'",יאנטאי ינסידה לנוגקא,CN,אטריות שעועית ללא גל,גרמים,250.00,100 גרם,false,,8.90,0.0356,true,1,47531
6920072208378,false,מתקן כביסה כחול מבריק,,,מתקן לייבוש כביסה,יחידה,0.00,יחידה,false,,119.90,0.0000,true,1,585106
6920190014417,false,מפיות שולחן מקושטות,,,מפיות שולחן מקושטות,יח',20.00,יח',false,,3.90,0.1950,true,1,13105
6928209130646,false,סמרטוט מיקרופייבר חל,,,סמרטוט מיקרופייבר חל,יחידה,0.00,יחידה,false,,11.00,0.0000,true,1,27843
6936745600783,false,"חומץ אורז מזרח מערב 500 מ""ל",דאנינג יוה פודס קו,CN,"חומץ אורז 500 מ""ל (ד",גרמים,500.00,100 גרם,false,,14.90,0.0298,true,1,47535
6951097101139,false,"כוס מאג קליר ניו בלינק 300 מ""ל",,,מאג קליר ניו בלינק 3,יחידה,0.00,יחידה,false,,5.90,0.0000,true,1,28008
6951097101672,false,מאג נבאדה(6 סט),,,מאג נבאדה(6 סט),יחידה,0.00,יחידה,false,,29.90,0.0000,true,1,28010
6956907413617,false,ג'ל לחיטוי ידיים 500,,,ג'ל לחיטוי ידיים 500,מיליליטרים,500.00,"100 מ""ל",false,,14.90,0.0298,true,1,84874
6964965789018,false,צעיפים,,,צעיפים,יחידה,0.00,יחידה,false,,19.90,0.0000,true,1,31120
7038516140418,false,ג'ורדן מברשת שיניים טוטאל קלין מדיום רביעייה,ג'ורדן Jordan,MY,מב.שיניים טוטאל קלין,יחידה,0.00,יחידה,false,,10.00,0.0000,true,1,5710
7046110064047,false,מארז זוג מברשת שיניים ג'ורדן ילדים 6-9,דנטלון,MY,ג'ורדן מארז מברשת שי,יחידה,0.00,יחידה,false,,17.40,0.0000,true,1,5720
7046110075562,false,גורדן משחת שיניים לשיניים קבועות 50 מל,דנטלון,SE,מש.שיניים לשיניים קב,מיליליטרים,50.00,"100 מ""ל",false,,11.90,0.2380,true,1,5727
7180589856540,false,נייס שבלולים לשיער,,IL,נייס שבלולים לשיער,יחידה,0.00,יחידה,false,,3.90,0.0000,true,1,33942
7262626088173,false,גרבי אנגורה נשים,,,גרבי אנגורה נשים,יחידה,0.00,יחידה,false,,9.90,0.0000,true,1,119475
7262626088197,false,טייץ טרמי צבעוני מלא,,,טייץ טרמי צבעוני,יחידה,0.00,יחידה,false,,29.90,0.0000,true,1,101330
7262626088296,false,מטריה סיליקון עם הדפ,,,מטריה סיליקון עם הדפ,יחידה,0.00,יחידה,false,,39.90,0.0000,true,1,299374
7262626088319,false,כובע חורף נשים פונפו,,,כובע חורף נשים פונפו,יחידה,0.00,יחידה,false,,29.90,0.0000,true,1,596472
7271730901261,false,ווקי מאק ארוחת אטריות עם גבינה 156 גרם,ניו וורלד פסטה קומפנ,US,ארוחת אטריות וואקי מ,גרמים,156.00,100 גרם,false,,10.90,0.0699,true,1,36885
7290000000104,false,חבילת כוסברה טריה,ביכורי השקמה,,סנדוויץ' עובד,יחידה,0.00,יחידה,false,,5.00,0.0000,true,1,34410
7290000000626,false,ברוקולי ארוז במגשית,,,ברוקולי ארוז במגשית,יח',1.00,יח',false,,9.90,9.9000,true,1,282724
7290000000978,true,חסה כשר,,,חסה כשר,יח',1.00,יח',false,,6.90,6.9000,true,1,47692
7290000000985,true,פטרוזיליה כשר,,,פטרוזיליה כשר,יח',1.00,יח',false,,5.90,5.9000,true,1,47693
7290000001193,false,בונז'ור בייבי חליות,,,בונז'ור בייבי חליות,גרמים,70.00,100 גרם,false,,2.40,0.0343,true,1,33968
7290000001579,true,סלרי אמריקאי כשר,,,סלרי אמריקאי כשר,יח',1.00,יח',false,,6.90,6.9000,true,1,47695
7290000001586,true,שמיר כשר,,,שמיר כשר,יח',1.00,יח',false,,5.90,5.9000,true,1,47696
7290000001593,true,נענע כשר,,,נענע כשר,יח',1.00,יח',false,,5.90,5.9000,true,1,47697
7290000001609,true,מנגולד כשר,,,מנגולד כשר,יח',1.00,יח',false,,6.90,6.9000,true,1,47698
7290000002571,false,חמוצים 2,,,חמוצים 2,קילוגרמים,1.00,"ק""ג",true,,59.00,59.0000,true,1,51296
7290000002889,false,גורגונזולה פיקנטי/דו,,,גבינות שמנת שום שמיר,קילוגרמים,1.00,"ק""ג",true,,50.00,50.0000,true,1,14551
7290000003503,false,כנפיים עוף טרי,,,כנפיים עוף טרי,קילוגרמים,1.00,"ק""ג",true,,10.90,10.9000,true,1,26499
7290000003836,false,שניצל פרימיום עוף טר,,,שניצל פרימיום עוף טר,קילוגרמים,1.00,"ק""ג",true,,39.90,39.9000,true,1,132877
7290000004006,false,קאשקבל משולשים גד 26,,,קאשקבל משולשים גד 26,קילוגרמים,1.00,"ק""ג",true,,138.00,138.0000,true,1,14559
7290000004444,false,שקיות גופיה 20 מקרו,,,שקיות גופיה 20 מקרו,יחידה,0.00,יחידה,false,,0.10,0.0000,true,1,532603
7290000004969,false,גבינות שמנת טבעי גד,,,גבינות שמנת טבעי גד,קילוגרמים,1.00,"ק""ג",true,,50.00,50.0000,true,1,14573
7290000004976,false,גבינות שמנת זיתים גד,,,גבינות שמנת זיתים גד,קילוגרמים,1.00,"ק""ג",true,,50.00,50.0000,true,1,14574
7290000004991,false,מארז תרומה אגרות פתח,,,מארז תרומה אגרות פתח,יחידה,0.00,יחידה,false,,10.00,0.0000,true,1,192262
7290000005025,false,בייגל בטעמים,,,בייגל בטעמים,יח',1.00,יח',false,,4.90,4.9000,true,1,36125
7290000008955,false,חמניות קלויות,,,חמניות קלויות,קילוגרמים,1.00,"ק""ג",true,,41.00,41.0000,true,1,31592
7290000009350,false,בשר טחון טרי,,,בשר טחון טרי,קילוגרמים,1.00,"ק""ג",true,,37.90,37.9000,true,1,547292
7290000009352,false,בשר טחון פרימיום טרי,,,בשר טחון פרימיום טרי,קילוגרמים,1.00,"ק""ג",true,,49.90,49.9000,true,1,547560
7290000009354,false,צלעות בקר טרי,,,צלעות בקר טרי,קילוגרמים,1.00,"ק""ג",true,,59.90,59.9000,true,1,547741
7290000009358,false,כתף בקר טרי,,,כתף בקר טרי,קילוגרמים,1.00,"ק""ג",true,,64.90,64.9000,true,1,547841
7290000009362,false,צלי כתף טרי,,,צלי כתף טרי,קילוגרמים,1.00,"ק""ג",true,,89.90,89.9000,true,1,548003
7290000009366,false,פילה מדומה טרי,,,פילה מדומה טרי,קילוגרמים,1.00,"ק""ג",true,,74.90,74.9000,true,1,547859
7290000009370,false,שריר טרי,,,שריר טרי,קילוגרמים,1.00,"ק""ג",true,,59.90,59.9000,true,1,548148
7290000009374,false,אנטריקוט טרי,,,אנטריקוט טרי,קילוגרמים,1.00,"ק""ג",true,,129.90,129.9000,true,1,548556
7290000009375,false,אנטריקוט חלק טרי,,,אנטריקוט חלק טרי,קילוגרמים,1.00,"ק""ג",true,,139.90,139.9000,true,1,548574
7290000009389,false,אסאדו טרי,,,אסאדו טרי,קילוגרמים,1.00,"ק""ג",true,,69.90,69.9000,true,1,548659
7290000009395,false,אסאדו ע.ע. טרי,,,אסאדו ע.ע. טרי,קילוגרמים,1.00,"ק""ג",true,,69.90,69.9000,true,1,548728
7290000009397,false,אוסובוקו טרי,,,אוסובוקו טרי,קילוגרמים,1.00,"ק""ג",true,,64.90,64.9000,true,1,548365
7290000009399,false,סינטה טרי,,,סינטה טרי,קילוגרמים,1.00,"ק""ג",true,,129.90,129.9000,true,1,548791
7290000009456,false,צוואר עגל טרי,,,צוואר עגל טרי,קילוגרמים,1.00,"ק""ג",true,,54.90,54.9000,true,1,560845
7290000009462,false,צוואר ע.ע טרי,,,צוואר ע.ע טרי,קילוגרמים,1.00,"ק""ג",true,,49.90,49.9000,true,1,560545
7290000009464,false,אנטריקוט ע.ע טרי,,,אנטריקוט ע.ע טרי,קילוגרמים,1.00,"ק""ג",true,,94.90,94.9000,true,1,560590
7290000009466,false,חזה בקר טרי,,,חזה בקר טרי,קילוגרמים,1.00,"ק""ג",true,,54.90,54.9000,true,1,560635
7290000009480,false,עצמות מח חלק טרי,,,עצמות מח חלק טרי,קילוגרמים,1.00,"ק""ג",true,,24.90,24.9000,true,1,561253
7290000009481,false,כתף ע.ע כשר,,,כתף ע.ע כשר,קילוגרמים,1.00,"ק""ג",true,,49.90,49.9000,true,1,561499
7290000010250,false,5 יח' בייגלה בטעמים,,,5 יח' בייגלה בטעמים,יח',1.00,יח',false,,17.90,17.9000,true,1,53983
7290000011040,false,5 יח' לחמניה קשר,,,5 יח' לחמניה קשר,יח',1.00,יח',false,,13.90,13.9000,true,1,2485
7290000011593,false,שזיף,,,שזיף,קילוגרמים,1.00,"ק""ג",true,,19.90,19.9000,true,1,50908
7290000014510,false,חסה עגולה,,,חסה עגולה,יח',1.00,יח',false,,6.90,6.9000,true,1,50909
7290000015544,false,קולורבי אורגני,,,קולורבי אורגני,קילוגרמים,1.00,"ק""ג",true,,9.90,9.9000,true,1,607313
7290000020311,false,גד קממבר צאן משולשים,,,קממבר צאן גד 20% במש,קילוגרמים,1.00,"ק""ג",true,,137.00,137.0000,true,1,14593
7290000021003,false,עוף טרי שלם,,,עוף טרי שלם,קילוגרמים,1.00,"ק""ג",true,,18.90,18.9000,true,1,26522
7290000023007,false,"ברנדי שטוק 84 37 % 750 מ""ל","יקבי ברקן בע""ם",IL,"ברנדי שטוק 84 750 מ""",מיליליטרים,750.00,"100 מ""ל",false,,70.90,0.0945,true,1,9296
7290000023083,false,ערק אשקלון בקבוק 700,"יקבי ברקן בע""\מ",IL,"ערק אשקלון 700 מ""ל כ",מיליליטרים,700.00,"100 מ""ל",false,,50.90,0.0727,true,1,9297
7290000023809,false,"יין קלאסיק קברנה סוביניון ברקן 750 מ""ל",יקבי ברקן שיווק והפצה בע,IL,קלאסיק קברנה סובניון,מיליליטרים,750.00,"100 מ""ל",false,,32.90,0.0439,true,1,9310
7290000023977,false,"יין קלאסיק מרלו ברקן 750 מ""ל",יקבי ברקן שיווק והפצה בע,IL,קלאסיק מרלו 750מל.,מיליליטרים,750.00,"100 מ""ל",false,,32.90,0.0439,true,1,9317
7290000024202,false,"יין רזרב קברנה סוביניון ברקן 750 מ""ל",ברקן שיווק והפצה בעמ,IL,קברנה סוביניון רזרבד,מיליליטרים,750.00,"100 מ""ל",false,,42.90,0.0572,true,1,9320
7290000024219,false,"יין רזרב אמרלד ריזלינג ברקן 750 מ""ל",יקבי ברקן,IL,אמרלד ריזלינג רזרבד,מיליליטרים,750.00,"100 מ""ל",false,,42.90,0.0572,true,1,9321
7290000024240,false,יין רזרב שרדונה 750 מל שביעית,ביבקבי ברקן שיווק וה,IL,"שרדונה רזרבד 750 מ""ל",מיליליטרים,750.00,"100 מ""ל",false,,42.90,0.0572,true,1,9323
7290000024530,false,"יין אדום מתוק לקידוש סגל 750 מ""ל","כרמי צבי - אחים סגל בע""\",IL,"גליה מתוק 750 מ""ל",מיליליטרים,750.00,"100 מ""ל",false,,13.90,0.0185,true,1,9329
7290000024561,false,"יין אסמבלאז' איתן 2011 ברקן 750 מ""ל",יקבי ברקן,IL,ברקן אסמבלאז' איתן 7,מיליליטרים,750.00,"100 מ""ל",false,,66.90,0.0892,true,1,9331
7290000025786,false,דניס נקי טרי,,,דניס נקי טרי,קילוגרמים,1.00,"ק""ג",true,,69.90,69.9000,true,1,47882
7290000026813,false,אמנון טרי נקי,,,אמנון טרי נקי,קילוגרמים,1.00,"ק""ג",true,,36.90,36.9000,true,1,47885
7290000027995,false,פילה סלמון טרי,,,פילה סלמון טרי,קילוגרמים,1.00,"ק""ג",true,,99.90,99.9000,true,1,47905
7290000032665,false,רוטב עגבניות פריזה 28% בריקס מרוכז מאוד580 גר',זנלכל,,רוטב עגבניות 28% ברי,גרמים,580.00,100 גרם,false,,7.52,0.0130,true,1,8614
7290000035324,false,בולגרית חלב נוכרי פי,,,בולגרית חלב נוכרי פי,קילוגרמים,1.00,"ק""ג",true,,41.00,41.0000,true,1,25614
7290000040042,false,יופלה יוגורט תות 3% שומן 150 גרם,תנובה חלב,IL,יופלה תות שובב 3% 15,מיליליטרים,150.00,"100 מ""ל",false,,5.20,0.0347,true,1,25700
7290000040080,false,יופלה יוגורט אפרסק %3 גביע 150 גרם,תנובה חלב,IL,יופלה אפרסק מאוהב 3%,מיליליטרים,150.00,"100 מ""ל",false,,5.20,0.0347,true,1,25702
7290000040301,false,תנובה עין גדי קממבר מחלב בקר 24% שומן,תנובה מרכז שיתופי לש,IL,תנובה גבינת קממבר עי,גרמים,125.00,100 גרם,false,,16.90,0.1352,true,1,25703
7290000040318,false,גבינת ברי 24% קולאז עדי תנובה 125 ג',תנובה מרכז שיתופי לש,IL,תנובה גבינת ברי 24%,גרמים,125.00,100 גרם,false,,18.90,0.1512,true,1,25704
7290000040462,false,טוסטי גבינה בסגנון אמריקאי אדם 23% תנובה 200 גרם,תנובה מרכז שיתופי לש,IL,טוסטי טעם אדם 22% 20,גרמים,200.00,100 גרם,false,,16.90,0.0845,true,1,25706
7290000040974,false,חלב דל לקטוז 2% תנובה קרטון 1 ליטר,תנובה מרכז שיתופי לש,IL,חלב תנובה קרטון דל ל,ליטרים,1.00,ליטר,false,,7.10,7.1000,true,1,25707
7290000041407,false,"גיל קטן 3% תנובה 125 מ""ל בד""ץ",תנובה מרכז שיתופי לש,IL,"גיל 3% בד""צ 125 מ""ל",מיליליטרים,125.00,"100 מ""ל",false,,0.90,0.0072,true,1,25708
7290000041858,false,"שמנת חמוצה 15% מועשרת יטבתה 200 מ""ל",שטראוס גרופ,IL,יטבתה שמנת חמוצה 15%,מיליליטרים,200.00,"100 מ""ל",false,,2.70,0.0135,true,1,23230
7290000041865,false,"לבן 4.5% שומן מהדרין ""יטבתה""",שטראוס גרופ,IL,יטבתה לבן 4.5% 200מל,מיליליטרים,200.00,"100 מ""ל",false,,2.50,0.0125,true,1,23231
7290000042015,false,"חלב שתייה תנובה בד""צ בשקית 1 ליטר",תנובה מרכז שיתופי לש,IL,חלב תנובה טרי שקית,יחידה,0.00,יחידה,false,,5.43,0.0000,true,1,25712
7290000042435,false,חלב דל שומן בקרטון+פקק תנובה 1 ליטר,תנובה מרכז שיתופי לש,IL,חלב תנובה בקרטון 1%,ליטרים,1.00,ליטר,false,,5.86,5.8600,true,1,25718
7290000042640,false,"חלב תנובה עמיד 3% קרטון 250 מ""ל",תנובה מרכז שיתופי לש,IL,חלב תנובה עמיד 3% מה,מיליליטרים,250.00,"100 מ""ל",false,,2.90,0.0116,true,1,25723
7290000042855,false,"שוקו בשקית 250 מ""ל ""יטבתה""",שטראוס גרופ,IL,יטבתה שוקו שקית 225,מיליליטרים,225.00,"100 מ""ל",false,,2.90,0.0129,true,1,23235
7290000043012,false,"שוקו עמיד 2% בקרטון 250 מ""ל תנובה",תנובה מרכז שיתופי לש,IL,שוק שוקו עמיד 2% בקר,מיליליטרים,250.00,"100 מ""ל",false,,4.90,0.0196,true,1,25725
7290000043814,false,השף הלבן שמנת להקצפה 38% שומן 250 מל - מוצר בפיקוח,תנובה מרכז שיתופי לש,IL,שף לבן שמנת לקצפת עמ,מיליליטרים,250.00,"100 מ""ל",false,,6.47,0.0259,true,1,25728
7290000043890,false,תנובה רויון לבן מחלב מפסוטר 1.5%,תנובה מרכז שיתופי לש,IL,ריויון 1.5% 1ל,ליטרים,1.00,ליטר,false,,11.90,11.9000,true,1,25729
7290000043944,false,כד יוגורט תנובה 4% שומן 1.5 ליטר,מיוצר עי קונדיטוריית,IL,יוגורט כדים תנובה 1.,ליטרים,1.50,ליטר,false,,17.30,11.5333,true,1,25730
7290000044712,false,יוגורט עם תות 1.5% שומן 500 ג' פרילי,מיוצר עי קונדיטוריית,IL,פרילי תות 1.5% 500מל,מיליליטרים,500.00,"100 מ""ל",false,,10.90,0.0218,true,1,25734
7290000044880,false,באדי יוגורט תות 3% שומן 500 ג' תנובה,מיוצר עי קונדיטוריית,IL,באדי תות 3% 500מל,מיליליטרים,500.00,"100 מ""ל",false,,9.50,0.0190,true,1,25736
7290000045573,false,גבינת מותכת משולשים 25% שומן 200 ג' נעמה,תנובה חלב,IL,נעמה גבינת מותכת 25%,גרמים,200.00,100 גרם,false,,14.90,0.0745,true,1,25738
7290000045580,false,גבינה מותכת נעמה חורש תנובה 240 גרם,תנובה מרכז שיתופי לש,IL,נעמה גבינת מותכת 25%,גרמים,240.00,100 גרם,false,,17.90,0.0746,true,1,25739
7290000045771,false,יוגורט לבן 4% תנובה 3 ליטר,תנובה מרכז שיתופי לש,IL,יוגורט כדים תנובה 3,ליטרים,3.00,ליטר,false,,29.90,9.9667,true,1,25740
7290000045917,false,תנובה פרומעז גבינה מותכת מחלב עיזים 23% שומן,תנובה חלב,IL,תנובה גבינת פרומעז 2,גרמים,200.00,100 גרם,false,,24.90,0.1245,true,1,25741
7290000046020,false,גלבוע גבינה שמנה במש,תנובה מרכז שיתופי לש,IL,גלבוע 22% במשקל,קילוגרמים,1.00,"ק""ג",true,,42.58,42.5800,true,1,25620
7290000046327,false,גלבוע גבינה צהובה פרוסה 22% תנובה 200 גרם,תנובה מרכז שיתופי לש,IL,גלבוע גבינה פרוסה 22,גרמים,200.00,100 גרם,false,,12.60,0.0630,true,1,25742
7290000046662,false,גב.קשה סקנדינבית31%משקל,תנובה מרכז שיתופי לש,IL,סקנדינבית חריץ מעדני,קילוגרמים,1.00,"ק""ג",true,,76.00,76.0000,true,1,25628
7290000047546,false,השף הלבן כנען גבינה לבנה דלת נתרן 5% תנובה 500 גרם,תנובה מרכז שיתופי לש,IL,שף לבן כנען 5% 500ג,גרמים,500.00,100 גרם,false,,25.10,0.0502,true,1,25743
7290000047730,false,סלמון פילה מעושן מצו,,,סלמון פילה מעושן מצו,קילוגרמים,1.00,"ק""ג",true,,189.00,189.0000,true,1,16495
7290000048185,false,גבינה לבנה 5% תנובה 250 גרם מהדרין,מיוצר עי קונדיטוריית,IL,גבינה לבנה רכה 5% תנ,גרמים,250.00,100 גרם,false,,4.98,0.0199,true,1,25746
7290000048192,false,גבינה לבנה 9% תנובה 250 גרם מהדרין,מחלבת אלון תבור,IL,גבינה לבנה רכה 9% בד,גרמים,250.00,100 גרם,false,,5.00,0.0200,true,1,25747
7290000048307,false,גבינת קוטג' עם זיתים 5% תנובה 250 גרם,מיוצר עי קונדיטוריית,IL,קוטג תנובה עם זיתים,גרמים,250.00,100 גרם,false,,5.70,0.0228,true,1,25748
7290000048413,false,פיראוס חמד גבינה מלוחה 16% שומן,תנובה מרכז שיתופי לש,IL,פיראוס חמד 16% 250ג,גרמים,250.00,100 גרם,false,,18.90,0.0756,true,1,25749
7290000048437,false,פיראוס צפתית 5% שומן 200 גרם,פארייפאבה אגרואינדוס,IL,פיראוס צפתית 5% 200,גרמים,200.00,100 גרם,false,,14.90,0.0745,true,1,25750
7290000049458,false,גבינת פטה עיזים 16% גביע פיראוס 250 ג',תנובה מרכז שיתופי לש,IL,פיראוס בולגרית עיזים,גרמים,250.00,100 גרם,false,,27.90,0.1116,true,1,25753
7290000050447,false,"יוגורט ביו בטעם תות YYY יופלה 500 מ""ל",מיוצר עי קונדיטוריית,IL,יופלהYYY תות 3% 500מ,מיליליטרים,500.00,"100 מ""ל",false,,12.95,0.0259,true,1,25757
7290000050454,false,יוגורט יופלה אפרסק 3% שומן 500 גרם,מיוצר עי קונדיטוריית,IL,יופלהYYY אפרסק 3% 50,מיליליטרים,500.00,"100 מ""ל",false,,12.95,0.0259,true,1,25758
7290000051307,false,"מארז הפסקת אוכל עם דגני עוגי ומשקה חלב עמיד בטעם וניל 150 מ""ל",תנובה מרכז שיתופי לש,IL,חלב תנובה הפ.אוכל עו,מיליליטרים,150.00,"100 מ""ל",false,,9.90,0.0660,true,1,25763
7290000051349,false,חלבה,,,חלבה,קילוגרמים,1.00,"ק""ג",true,,41.00,41.0000,true,1,31595
7290000051376,false,יוגורט יופלה דיאט אננס 0% שומן 150 גרם,תנובה מרכז שיתופי לש,IL,יופלה דיאט אננס ספור,מיליליטרים,150.00,"100 מ""ל",false,,5.10,0.0340,true,1,25765
7290000051431,false,פירות אקזוטיים,,,פירות אקזוטיים,קילוגרמים,1.00,"ק""ג",true,,92.00,92.0000,true,1,31596
7290000051462,false,מוסקט אניס,,,מוסקט אניס,קילוגרמים,1.00,"ק""ג",true,,154.00,154.0000,true,1,31597
7290000051710,false,פיראוס גבינת לאבנה אסלית על בסיס יוגורט תנובה 263 גרם,"תנובה, מחלבת אלון תב",IL,פיראוס לאבנה עם שמן,גרמים,263.00,100 גרם,false,,13.90,0.0529,true,1,25767
7290000052311,false,גבינה צהובה עמק לייט 15% שומן 200 גרם,תנובה מרכז שיתופי לש,IL,עמק מהדרין 15% 200 ג,גרמים,200.00,100 גרם,false,,16.90,0.0845,true,1,25772
7290000052649,false,גבינת לאבנה 5% שומן 500 ג' פיראוס,תנובה מרכז שיתופי לש,IL,פיראוס לאבנה 5% 500ג,גרמים,500.00,100 גרם,false,,19.90,0.0398,true,1,25774
7290000052717,false,גבינת קוטג' שום שמיר 5% תנובה 250 גרם,מיוצר עי קונדיטוריית,IL,קוטג תנובה עם שום שמ,גרמים,250.00,100 גרם,false,,5.70,0.0228,true,1,25776
7290000055015,false,פיראוס גבינת פטה כבשים 5% תנובה 250 גרם,תנובה מרכז שיתופי לש,IL,פיראוס גבינת פטה כבש,גרמים,250.00,100 גרם,false,,26.90,0.1076,true,1,25786
7290000055329,false,"משקה בוקר יוגורט 1.5% בטעם תות מלון יופלה 250 מ""ל",תנובה מרכז שיתופי לש,IL,יופלה משקה יוגורט תו,מיליליטרים,250.00,"100 מ""ל",false,,5.50,0.0220,true,1,25788
7290000055336,false,"משקה יוגורט 1.5% בטעם בננה אפרסק יופלה 250 מ""ל",תנובה מרכז שיתופי לש,IL,יופלה משקה יוגורט בנ,מיליליטרים,250.00,"100 מ""ל",false,,5.50,0.0220,true,1,25789
7290000055343,false,משקה יוגורט יופלה פירות טרופיים 250 גרם,תנובה מרכז שיתופי לש,IL,יופלה משקה יוגורט טר,מיליליטרים,250.00,"100 מ""ל",false,,5.50,0.0220,true,1,25790
7290000055893,false,חמאה משמנת מפוסטרת 200גרם 82% כ.מהדרין - מוצר בפיקוח,תנובה מרכז שיתופי לש,IL,חמאה מהדרין תנובה 20,גרמים,200.00,100 גרם,false,,8.20,0.0410,true,1,25796
7290000056081,false,מארז יוגורט פרילי טבע 6*200 גרם,מיוצר עי קונדיטוריית,IL,"פרילי טבע 6*200 מ""ל",קילוגרמים,1.20,"ק""ג",false,,22.90,19.0833,true,1,25798
7290000056272,false,גבינה לבנה 5% עם זיתים ירוקים 250 ג' תנובה,תנובה מרכז שיתופי לש,IL,תנובה גבינה לבנה עם,גרמים,250.00,100 גרם,false,,5.90,0.0236,true,1,25799
7290000056845,false,תנובה חלב טרי 3% שומן 1.5 ליטר - מוצר בפיקוח,פארייפאבה אגרואינדוס,IL,חלב תנובה בקרטון 3%,ליטרים,1.50,ליטר,false,,9.34,6.2267,true,1,25804
7290000056883,false,שמיניית יוגורט יופלה 3% טעמים שונים 150 גרם,תנובה מרכז שיתופי לש,IL,יופלה טעמים משתנים 3,קילוגרמים,1.20,"ק""ג",false,,31.90,26.5833,true,1,25805
7290000056890,false,שמיניית דיאט יופלה 0% טעמים שונים 150 גרם,מיוצר עי קונדיטוריית,IL,יופלה דיאט טעמים שונ,קילוגרמים,1.20,"ק""ג",false,,31.90,26.5833,true,1,25806
7290000056906,false,מאגדת לבן טבעי 1.5% שומן 8 יח' * 150 ג' יופלה,מחלבת אלון תבור,IL,יופלה לבן 1.5% 8*150,ליטרים,1.20,ליטר,false,,18.50,15.4167,true,1,25807
7290000056951,false,"תנובה, השף הלבן, שמנת לבישול 15% שומן 500 מל",תנובה מרכז שיתופי לש,IL,שף לבן שמנת לבישול +,מיליליטרים,500.00,"100 מ""ל",false,,16.60,0.0332,true,1,25809
7290000057088,false,עמק גבינה צהובה פרוסה דק דק 28% תנובה 200 גרם,תנובה מרכז שיתופי לש,IL,עמק דק דק 28% 200גר,גרמים,200.00,100 גרם,false,,16.90,0.0845,true,1,25812
7290000057118,false,גבינה צהובה עמק 28% שומן ואקום 400 גרם,תנובה מרכז שיתופי לש,IL,עמק סמי 28% 400 גר,גרמים,400.00,100 גרם,false,,21.90,0.0547,true,1,25813
7290000057132,false,יוגורט תנובה טבעי 1.5% גביע 200 גרם,מחלבת אלון תבור,IL,תנובה יוגורט טבעי 1.,מיליליטרים,200.00,"100 מ""ל",false,,3.50,0.0175,true,1,25814
7290000057149,false,יוגורט תנובה טבעי 3% גביע 200 גרם,מיוצר עי קונדיטוריית,IL,תנובה יוגורט טבעי 3%,גרמים,200.00,100 גרם,false,,3.50,0.0175,true,1,25815
7290000057552,false,יופלה דיאט עוגת גבינה ותות 0% גביע 150ג',תנובה חלב,IL,יופלה דיאט ע.גבינה ו,מיליליטרים,150.00,"100 מ""ל",false,,5.10,0.0340,true,1,25818
7290000058030,false,"שמיניית יופלה שטוזים משקה יוגורט תות 100 מ""ל",מיוצר עי קונדיטוריית,IL,יופלה שטוזים משקה יו,מיליליטרים,800.00,"100 מ""ל",false,,21.90,0.0274,true,1,25820
7290000058047,false,שמנת להקצפה 38% 500מל מהדרין עמיד השף הלבן,תנובה מרכז שיתופי לש,IL,שף לבן שמנת מתוקה מה,מיליליטרים,500.00,"100 מ""ל",false,,12.94,0.0259,true,1,25821
7290000058979,false,גיל בטעם תות 3% שומן 125 ג' תנובה,תנובה מרכז שיתופי לש,IL,"גיל בטעם תות בד""צ 3%",גרמים,125.00,100 גרם,false,,1.60,0.0128,true,1,25827
7290000060071,false,אוסם - חטיפי פריכונים מאורז מלא קלוי 80גר,"פרח תעשיות מזון בע""מ.",IL,חטיפי פריכונים מאורז,גרמים,80.00,100 גרם,false,,7.90,0.0988,true,1,18415
7290000060088,false,בייגלה מקלות מלוחים אסם 400 גרם,מיוצר עי קונדיטוריית,IL,בייגלה אסם מקלות מלו,גרמים,400.00,100 גרם,false,,9.90,0.0248,true,1,18416
7290000060163,false,פסטה אסם אטריות דקות 400גר,"אסם תעשיות בע""מ",IL,אטריות דקות אסם 400,גרמים,400.00,100 גרם,false,,5.00,0.0125,true,1,18419
7290000060200,false,פסטה אסם פתיתים אפויים קוסקוס 500גר,"אסם תעשיות בע""מ",IL,פתיתים אפויים קוסקוס,גרמים,500.00,100 גרם,false,,6.90,0.0138,true,1,18420
7290000060217,false,פסטה מקרוני מספר 7 אסם 500 גרם,קריות זול,IT,פסטה מקרוני אסם 500,גרמים,500.00,100 גרם,false,,5.90,0.0118,true,1,18421
7290000060248,false,פסטה אסם פתיתים תלתלים 500 גר',קריות זול,IT,פסטה תלתלים אסם 500,גרמים,500.00,100 גרם,false,,5.90,0.0118,true,1,18422
7290000060316,false,פרפקטו ספגטי מס' 8 אסם 500 גרם,אסם פרפקטו,IT,פסטה ספגטי פרפקטו 50,גרמים,500.00,100 גרם,false,,6.90,0.0138,true,1,18424
7290000060323,false,פסטה פרפקטו ספגטיני (2) 500 גרם,קריות זול,IT,פסטה ספגטיני פרפקטו,גרמים,500.00,100 גרם,false,,6.90,0.0138,true,1,18425
7290000060330,false,פרפקטו פרפקטו ספיראלי גירף 500 גר,אסם פרפקטו,IT,פסטה ספירלי פרפקטו 5,גרמים,500.00,100 גרם,false,,6.90,0.0138,true,1,18426
7290000060408,false,פסטה אסם פתיתים אפויים טבעות 500 גר,"אסם השקעות בע""\מ",IL,פתיתים אפויים טבעות,גרמים,500.00,100 גרם,false,,6.90,0.0138,true,1,18428
7290000060415,false,"פסטה פרפקטו לאזניה 500 ג' ""אסם""",אסם פרפקטו,IT,לזאניה פרפקטו 500 ג,גרמים,500.00,100 גרם,false,,12.90,0.0258,true,1,18429
7290000060576,false,פתיתים אפויים כוכבים אסם 500 גרם,"אסם השקעות בע""\מ",IL,פתיתים אפויים כוכבים,גרמים,500.00,100 גרם,false,,6.90,0.0138,true,1,18435
7290000060781,false,פסטה אסם פתיתים מסולסלים 500גר,קריות זול,IT,פסטה מסולסלים אסם 50,גרמים,500.00,100 גרם,false,,5.90,0.0118,true,1,18436
7290000060828,false,פסטה קרניים בינוניות אסם 500 גרם,קריות זול,IT,פסטה קרניים בינוניות,גרמים,500.00,100 גרם,false,,5.90,0.0118,true,1,18437
7290000060842,false,פסטה אסם פתיתים צדפים גדולים 500גר,קריות זול,IT,פסטה צדפים גדולים אס,גרמים,500.00,100 גרם,false,,5.90,0.0118,true,1,18438
7290000060880,false,פסטה ספגטי מספר 8 אסם 500 גרם,קריות זול,IT,ספגטי אסם 500 גרם,גרמים,500.00,100 גרם,false,,5.90,0.0118,true,1,18441
7290000060903,false,פסטה אסם פתיתים אפויים אורז 500גר,"אסם השקעות בע""\מ",IL,פתיתים אפויים אורז א,גרמים,500.00,100 גרם,false,,6.90,0.0138,true,1,18442
7290000060958,false,פסטה אסם אטריות בינוניות 400 גרם,"אסם השקעות בע""\מ",IL,אטריות בינוניות אסם,גרמים,400.00,100 גרם,false,,5.00,0.0125,true,1,18444
7290000060965,false,פסטה אסם אטריות רחבות 400גר,"אסם השקעות בע""\מ",IL,אטריות רחבות אסם 400,גרמים,400.00,100 גרם,false,,5.00,0.0125,true,1,18445
7290000061025,false,בולגרית המושבה 5% במ,,,בולגרית המושבה 5% במ,קילוגרמים,1.00,"ק""ג",true,,50.00,50.0000,true,1,14795
7290000061061,false,קרקר חיטה עם בצל אסם,"אסם השקעות בע""\מ",IL,אסם קרקר בצל 250גרם,גרמים,250.00,100 גרם,false,,9.90,0.0396,true,1,18447
7290000061063,false,קש המושבה 9% במשקל,,,קש המושבה 9% במשקל,קילוגרמים,1.00,"ק""ג",true,,54.00,54.0000,true,1,14797
7290000061214,false,פתיתים אפויים קוסקוס עם בצל אסם 500 גרם,"אסם השקעות בע""\מ",IL,פתיתים קוסקוס בצל אס,גרמים,500.00,100 גרם,false,,6.90,0.0138,true,1,18450
7290000061245,false,עוגיות שוקוצ'יפס במילוי שוקולד אסם 220 גרם,מיוצר עי קונדיטוריית,IL,אסם עוגיות שוקוצ'יפס,גרמים,220.00,100 גרם,false,,9.90,0.0450,true,1,18451
7290000061450,false,פתיתים אפויים קוסקוס 3 צבעים אסם 500 גרם,"אסם השקעות בע""\מ",IL,פתיתים קוסקוס 3 צבעי,גרמים,500.00,100 גרם,false,,6.90,0.0138,true,1,18453
7290000061520,false,גבינת שמנת בטעמים המ,,,גבינת שמנת בטעמים המ,קילוגרמים,1.00,"ק""ג",true,,34.00,34.0000,true,1,14809
7290000061764,false,קפה נמס מגורען רד מאג 200 גרם,נסטלה ספרד קפה,ES,נס קפה רד מאג טעם חד,גרמים,200.00,100 גרם,false,,19.90,0.0995,true,1,18454
7290000062952,false,אוסם - מיני קרוטונים למרק ולסלט 250 גרם,עינת תעשיות מזון אגו,IL,מיני קרוטונים למרק ו,גרמים,250.00,100 גרם,false,,13.90,0.0556,true,1,18460
7290000063102,false,קמח עוגה תופח מאליו אסם 350 גרם,"אסם השקעות בע""\מ",IL,קמח תופח קטן אסם 350,גרמים,350.00,100 גרם,false,,4.90,0.0140,true,1,18463
7290000063140,false,שקדי מרק רכיבים טבעיים בשקית 400 ג' אסם,"אסם תעשיות בע""מ",IL,שקדי מרק רכיבים טבעי,גרמים,400.00,100 גרם,false,,9.80,0.0245,true,1,18465
7290000063157,false,"קמח עוגה תופח מאליו אסם 1 ק""ג","אסם השקעות בע""\מ",IL,קמח עוגה תופח מאליו,קילוגרמים,1.00,"ק""ג",false,,7.90,7.9000,true,1,18466
7290000064758,false,קוסקוס בינוני אמיתי אסם 350 ג',"מיוצר ע""י קוד יצרן K",IL,קוסקוס אמיתי אסם 350,גרמים,350.00,100 גרם,false,,7.90,0.0226,true,1,18476
7290000064871,false,"אוסם - מנה חמה פירה תפו""א עם בצל 56 גרם","אסם תעשיות בע""מ",IL,"מנה חמה פירה תפו""א ו",גרמים,56.00,100 גרם,false,,5.90,0.1054,true,1,18477
7290000065090,false,מיני קרוטונים מתובלים למרק ולסלט אסם 400 גרם,עינת תעשיות מזון אגו,IL,מיני קרוטונים למרק ו,גרמים,400.00,100 גרם,false,,20.90,0.0522,true,1,18478
7290000065335,false,אוסם - מנה חמה פירה עם ירקות 55 גרם,"אסם תעשיות בע""מ",IL,מנה חמה פירה וירקות,גרמים,55.00,100 גרם,false,,5.90,0.1073,true,1,18480
7290000065540,false,אוסם - מנה חמה פסטה מוקרמת בטעם עוף 55 גרם,"אסם תעשיות בע""מ",IL,מנה חמה פסטה מוקרמת,גרמים,55.00,100 גרם,false,,5.90,0.1073,true,1,18481
7290000065557,false,אוסם - מנה חמה קוסקוס עם ירקות 84 גרם,"אסם תעשיות מזון בע""מ",IL,מנה חמה קוסקוס וירקו,גרמים,84.00,100 גרם,false,,5.90,0.0702,true,1,18482
7290000065977,false,חטיפי פריכונים תירס שומשום אסם 80 גרם,"פרח תעשיות מזון בע""מ.",IL,חטיפי פריכונים תירס,גרמים,80.00,100 גרם,false,,7.90,0.0988,true,1,18488
7290000066134,false,ביסלי חטיף בטעם פלאפל אסם 70 גרם,"אסם השקעות בע""\מ",IL,ביסלי פלאפל 70גרם,גרמים,70.00,100 גרם,false,,3.90,0.0557,true,1,18489
7290000066141,false,ביסלי חטיף בטעם גריל אסם 70 גרם,"אסם השקעות בע""\מ",IL,ביסלי גריל 70 גר'.,גרמים,70.00,100 גרם,false,,3.90,0.0557,true,1,18490
7290000066172,false,ביסלי חטיף בטעם פיצה אסם 70 גרם,"אסם השקעות בע""\מ",IL,ביסלי פיצה 70גרם,גרמים,70.00,100 גרם,false,,3.90,0.0557,true,1,18493
7290000066196,false,ביסלי חטיף בטעם גריל אסם 200 גרם,מיוצר עי קונדיטוריית,IL,ביסלי גריל 200גרם,גרמים,200.00,100 גרם,false,,6.90,0.0345,true,1,18495
7290000066226,false,ביסלי חטיף בטעם פיצה אסם 200 גרם,מיוצר עי קונדיטוריית,IL,ביסלי טעם פיצה 200גר,גרמים,200.00,100 גרם,false,,6.90,0.0345,true,1,18498
7290000066295,false,במבה מתוקה מחומרים טבעיים 30 גרם,מיוצר עי קונדיטוריית,IL,במבה מתוקה מחומרים ט,גרמים,30.00,100 גרם,false,,2.90,0.0967,true,1,18500
7290000066318,false,במבה חטיף בוטנים אסם 80 גרם,"אסם השקעות בע""\מ",IL,במבה קלאסי 80 גרם,גרמים,80.00,100 גרם,false,,4.50,0.0563,true,1,18502
7290000066332,false,אפרופו חטיף תירס אסם 50 גרם,מיוצר עי קונדיטוריית,IL,אפרופו 50 גרם,גרמים,50.00,100 גרם,false,,5.00,0.1000,true,1,18503
7290000066349,false,אפרופו חטיף תירס אסם 100 גרם,מיוצר עי קונדיטוריית,IL,אפרופו 100גרם,גרמים,100.00,100 גרם,false,,8.90,0.0890,true,1,18504
7290000066431,false,פופקו חטיף פופקורן בטעם חמאה ודבש אסם 80 גרם,מיוצר עי קונדיטוריית,IL,פופקו חמאה ודבש 80גר,גרמים,80.00,100 גרם,false,,4.90,0.0613,true,1,18505
7290000067407,false,פרורית מתובלת בשקית 200 גרם,עינת תעשיות מזון אגו,IL,פירורית מתובל שקית 2,גרמים,200.00,100 גרם,false,,6.50,0.0325,true,1,18512
7290000067544,false,פירורית זהב פירורי לחם אסם 200 גרם,עינת תעשיות מזון אגו,IL,אסם פירורית פירורי ל,גרמים,200.00,100 גרם,false,,6.50,0.0325,true,1,18514
7290000067599,false,מנה חמה ספגטי ברוטב בולונז אסם 65 גרם,"אסם השקעות בע""\מ",IL,מנה חמה ספגטי בולונז,גרמים,65.00,100 גרם,false,,5.90,0.0908,true,1,18518
7290000068138,false,אינסטנט פודינג בטעם וניל אסם 80 גרם,מיוצר עי קונדיטוריית,IL,אסם פודינג אינסטנט ו,גרמים,80.00,100 גרם,false,,5.50,0.0688,true,1,18524
7290000068282,false,מנה חמה תפוח אדמה עם ירקות כשלפ 44גר,"אסם השקעות בע""\מ",IL,מנה חמה פירה וירקות,גרמים,47.00,100 גרם,false,,5.90,0.1255,true,1,18532
7290000068332,false,גד קממבר בקר משולשים,,,קממבר בקר משולש גד 2,קילוגרמים,1.00,"ק""ג",true,,125.00,125.0000,true,1,14596
7290000068343,false,אסם פריכונים פרוסות קלויות מלא,"פרח תעשיות מזון בע""מ.",IL,פריכונים מאורז מלא א,גרמים,140.00,100 גרם,false,,6.90,0.0493,true,1,18534
7290000068701,false,אסם שקדי מרק רכיבים טבע.מיכל 400 גרם,"אסם תעשיות בע""מ",IL,שקדי מרק במיכל אסם 4,גרמים,400.00,100 גרם,false,,15.90,0.0398,true,1,18535
7290000068770,false,במבה יום הולדת חטיף בוטנים אסם 80 גרם,"אסם השקעות בע""\מ",IL,במבה יום הולדת 80גרם,גרמים,80.00,100 גרם,false,,4.50,0.0563,true,1,18536
7290000068787,false,במבה יום הולדת חטיף בוטנים אסם 25 גרם,מיוצר עי קונדיטוריית,IL,במבה יום הולדת 25גרם,גרמים,25.00,100 גרם,false,,2.50,0.1000,true,1,18537
7290000069258,false,פסטה פרפקטו פנה ריגאטה 500 ג' אסם,קריות זול,IT,פנה ריגאטה פרפקטו 50,גרמים,500.00,100 גרם,false,,6.90,0.0138,true,1,18541
7290000069364,false,פריכונים מאורז מלא ללא תוספת סוכר אסם 140 גרם,"פרח תעשיות מזון בע""מ.",IL,פריכונים מאורז מלא ל,גרמים,140.00,100 גרם,false,,6.90,0.0493,true,1,18542
7290000070308,false,אבקת מרק עוף אמיתי בשרי אסם 400 גרם,"אסם השקעות בע""\מ",IL,מרק עוף אמיתי אסם 40,גרמים,400.00,100 גרם,false,,16.90,0.0422,true,1,18552
7290000070353,false,אבקת מרק בצל רכיבים טבעיים אסם 400 גרם,"אסם השקעות בע""\מ",IL,אבקת מרק בצל רכיבים,גרמים,400.00,100 גרם,false,,19.90,0.0497,true,1,18554
7290000072241,false,"רוטב פיצה 290 מ""ל-בקבוק","אסם השקעות בע""\מ",IL,אסם רוטב פיצה 290מל,מיליליטרים,290.00,"100 מ""ל",false,,9.90,0.0341,true,1,18568
7290000072623,false,קטשופ אסם בקבוק לחיץ 750 גרם,"אסם תעשיות בע""מ",IL,אסם קטשופ בקבוק לחיץ,גרמים,750.00,100 גרם,false,,8.90,0.0119,true,1,18570
7290000072630,false,קטשופ אסם חריף 750 גרם-בקבוק,"אסם תעשיות בע""מ",IL,אסם קטשופ חריף 750 ג,גרמים,750.00,100 גרם,false,,11.90,0.0159,true,1,18571
7290000072753,false,קפה נמס מגורען טסטרס צ'ויס 200 גרם-,נסטלה קוריאה - קפה,KR,נס קפה טייסטרס צ'ויס,גרמים,200.00,100 גרם,false,,29.90,0.1495,true,1,18573
7290000072760,false,נסקפה טייסטרס צויס 100 גר אוריגנל,נסטלה קוריאה - קפה,KR,טייסטרס צ'וייס 100גר,גרמים,100.00,100 גרם,false,,27.90,0.2790,true,1,18574
7290000072777,false,קפה נמס מגורען נטול קפאין טסטרס צ'ויס 200 גרם,נסטלה קוריאה - קפה,KR,טייסטרס צוייס נטול ק,גרמים,200.00,100 גרם,false,,36.90,0.1845,true,1,18575
7290000072784,false,קפה טייסטר צויס נטול קופאין 100 גר',נסטלה קוריאה - קפה,KR,טייסטרס צוייס נטול ק,גרמים,100.00,100 גרם,false,,29.90,0.2990,true,1,18576
7290000072968,false,דגני בוקר סיני מיניס חיטה מלאה וקינמון נסטלה 500 גרם,נסטלה פולין דגני בוק,PL,סיני מיניס דגני נסטל,גרמים,500.00,100 גרם,false,,14.90,0.0298,true,1,18581
7290000073125,false,מנה חמה פסטה ברוטב עגבניות אסם 62 גרם,"אסם השקעות בע""\מ",IL,מנה חמה פסטה עם עגבנ,גרמים,62.00,100 גרם,false,,5.90,0.0952,true,1,18582
7290000073330,false,קשיו ענק קלוי,,,קשיו ענק קלוי,קילוגרמים,1.00,"ק""ג",true,,92.00,92.0000,true,1,31602
7290000073415,false,אוסם - מנה חמה פסטה ברוטב פיצה 61 גרם,"אסם השקעות בע""\מ",IL,מנה חמה פסטה ברוטב פ,גרמים,61.00,100 גרם,false,,5.90,0.0967,true,1,18583
7290000073699,false,סלט חומוס צבר 150 גרם,סלטי צבר,IL,צבר חומוס חלק 150ג,גרמים,150.00,100 גרם,false,,5.50,0.0367,true,1,19637
7290000073750,false,מנה חמה נודלס אטר+ירקות טעם עוף 70 גרם,PUB FOODS PRESIDENT THAI,TH,מנה חמה נודלס בטעם ע,גרמים,70.00,100 גרם,false,,5.90,0.0843,true,1,18585
7290000073767,false,מנה חמה נודלס אטר.+ירקות טעם בקר 70 גרם,PUB FOODS PRESIDENT THAI,TH,מנה חמה נודלס בטעם ב,גרמים,70.00,100 גרם,false,,5.90,0.0843,true,1,18586
7290000073774,false,מנה חמה נודלס אטר+ירקות טעם צילי 70 גרם,טאי רזידנט,TH,מנה חמה נודלס בטעם פ,גרמים,70.00,100 גרם,false,,5.90,0.0843,true,1,18587
7290000074153,false,ביסקוויט פתי בר שוקולד אסם 500 גרם,מיוצר עי קונדיטוריית,IL,אסם פתי בר שוקו 500ג,גרמים,500.00,100 גרם,false,,13.90,0.0278,true,1,18591
7290000074184,false,ביסקויט פתיבר קלאסי 500 גרם,"אסם השקעות בע""\מ",IL,אסם פתי בר 500גרם.,גרמים,500.00,100 גרם,false,,10.90,0.0218,true,1,18593
7290000074245,false,אוסם - קרם קרקר אסם 250 גרם,"אסם השקעות בע""\מ",IL,אסם קרם קרקר 250גרם,גרמים,250.00,100 גרם,false,,8.90,0.0356,true,1,18594
7290000074252,false,קרקר שומשון אסם 250 גרם,"אסם השקעות בע""\מ",IL,אסם קרקר שומשום 250ג,גרמים,250.00,100 גרם,false,,9.90,0.0396,true,1,18595
7290000074276,false,קרקר פיקנטי טבעון 250 ג' אסם,"אסם השקעות בע""\מ",IL,טבעון קרקר פיקנטי 25,גרמים,250.00,100 גרם,false,,9.90,0.0396,true,1,18596
7290000074375,false,אוסם - קרקר זהב 150 גרם,"אסם השקעות בע""\מ",IL,אסם קרקר זהב 150גרם,גרמים,150.00,100 גרם,false,,7.50,0.0500,true,1,18599
7290000074481,false,לחמית אגוזים אסם 160 גרם,"אסם השקעות בע""\מ",IL,לחמית אגוזים 160גרם,גרמים,160.00,100 גרם,false,,9.90,0.0619,true,1,18601
7290000074696,false,אסם קרם קרקר 4*1קג ח,"אסם השקעות בע""\מ",IL,אסם קרם קרקר 1קג,קילוגרמים,1.00,"ק""ג",false,,22.90,22.9000,true,1,18603
7290000074764,false,קרקר הזהב אסם 900 גרם,"אסם השקעות בע""\מ",IL,קרקר זהב אסם 900 גרם,גרמים,900.00,100 גרם,false,,22.90,0.0254,true,1,18607
7290000075204,false,אוסם - לחמית חיטה מלאה 250 גרם,"אסם השקעות בע""\מ",IL,לחמית חיטה מלאה 250ג,גרמים,250.00,100 גרם,false,,8.90,0.0356,true,1,18611
7290000075693,false,עוגת הבית שמרים בריוש שוקולד אסם 360 גרם,מיוצר עי קונדיטוריית,IL,עוגת שמרים בריוש שוק,גרמים,360.00,100 גרם,false,,15.90,0.0442,true,1,18612
7290000075761,false,עוגיות קוקיס מיסטר ש,,,גרעין אבטיח קלוי,קילוגרמים,1.00,"ק""ג",true,,61.00,61.0000,true,1,31604
7290000076133,false,בייגלה שמיניות קטנות עם מלח אסם 400 גרם,"אסם השקעות בע""\מ",IL,בייגלה אסם שמיניות ק,גרמים,400.00,100 גרם,false,,9.90,0.0248,true,1,18614
7290000076188,false,תבלינים קבוצה 4,,,תבלינים קבוצה 4,קילוגרמים,1.00,"ק""ג",true,,103.00,103.0000,true,1,31605
7290000076478,false,דלעת מקולפת טבעי,,,דלעת מקולפת טבעי,קילוגרמים,1.00,"ק""ג",true,,60.00,60.0000,true,1,31606
7290000076546,false,שקד ספרדי קלוי,,,שקד ספרדי קלוי,קילוגרמים,1.00,"ק""ג",true,,98.00,98.0000,true,1,31609
7290000076553,false,צנובר,,,צנובר,קילוגרמים,1.00,"ק""ג",true,,205.00,205.0000,true,1,31610
7290000076645,false,טוסטעים פת קלויה חיטה מלאה אסם 100 גרם,ון דר מולן האלום,NL,טוסטעים חיטה מלאה אס,גרמים,100.00,100 גרם,false,,9.90,0.0990,true,1,18616
7290000076744,false,בונדוק קלוי,,,בונדוק קלוי,קילוגרמים,1.00,"ק""ג",true,,130.00,130.0000,true,1,31614
7290000076867,false,שקד מלובן,,,שקד מלובן,קילוגרמים,1.00,"ק""ג",true,,120.00,120.0000,true,1,31616
7290000076881,false,פקאן סיני,,,פקאן סיני,קילוגרמים,1.00,"ק""ג",true,,119.00,119.0000,true,1,31617
7290000077017,false,עוגיות קרמוגית במילוי קרם שוקולד אסם 200 גרם,מיוצר עי קונדיטוריית,IL,אסם קרמוגית במילוי ש,גרמים,200.00,100 גרם,false,,10.90,0.0545,true,1,18618
7290000077024,false,פיסטוק ענק קלוי,,,פיסטוק ענק קלוי,קילוגרמים,1.00,"ק""ג",true,,97.00,97.0000,true,1,31618
7290000077253,false,אוסם - לחמית כפרית עם דגנים מלאים 190 גרם,"אסם השקעות בע""\מ",IL,לחמית כפרית 190גרם,גרמים,190.00,100 גרם,false,,9.90,0.0521,true,1,18619
7290000077475,false,בוטנים קלויים,,,בוטנים קלויים,קילוגרמים,1.00,"ק""ג",true,,37.00,37.0000,true,1,31635
7290000077482,false,גרעין לבן קלוי,,,גרעין לבן קלוי,קילוגרמים,1.00,"ק""ג",true,,45.00,45.0000,true,1,31636
7290000077772,false,קבוקים,,,קבוקים,קילוגרמים,1.00,"ק""ג",true,,35.00,35.0000,true,1,31641
7290000077789,false,תאנים מיובשות,,,תאנים מיובשות,קילוגרמים,1.00,"ק""ג",true,,52.00,52.0000,true,1,31642
7290000077796,false,שזיף ללא גרעינים,,,שזיף ללא גרעינים,קילוגרמים,1.00,"ק""ג",true,,45.00,45.0000,true,1,31643
7290000077857,false,צימוק לבן,,,צימוק לבן,קילוגרמים,1.00,"ק""ג",true,,37.00,37.0000,true,1,31645
7290000077864,false,משמש אוזבקי,,,משמש אוזבקי,קילוגרמים,1.00,"ק""ג",true,,55.00,55.0000,true,1,31646
7290000077987,false,אננס פלחים,,,אננס פלחים,קילוגרמים,1.00,"ק""ג",true,,35.00,35.0000,true,1,31648
7290000078014,false,שזיפים אמריקאים,,,שזיפים אמריקאים,קילוגרמים,1.00,"ק""ג",true,,45.00,45.0000,true,1,31649
7290000078212,false,קרוטונים מתובלים למרק אסם 250 גרם,עינת תעשיות מזון אגו,IL,קרוטונים מתובלים אסם,גרמים,250.00,100 גרם,false,,13.90,0.0556,true,1,18622
7290000078380,false,תמר מג`הול ענק,,,תמר מג`הול ענק,קילוגרמים,1.00,"ק""ג",true,,44.00,44.0000,true,1,31655
7290000078397,false,זנגויל מסוכר,,,זנגויל מסוכר,קילוגרמים,1.00,"ק""ג",true,,41.00,41.0000,true,1,31656
7290000078601,false,קשיו טבעי,,,קשיו טבעי,קילוגרמים,1.00,"ק""ג",true,,85.00,85.0000,true,1,31660
7290000078694,false,פירות טרופיים,,,פירות טרופיים,קילוגרמים,1.00,"ק""ג",true,,80.00,80.0000,true,1,31662
7290000078762,false,אוסם - חטיפי פריכונים מאורז מלא בטעם דבש 80גר,סנורייס בלגיום אן. ו,GB,חטיפי פריכונים אורז,גרמים,80.00,100 גרם,false,,7.90,0.0988,true,1,18624
7290000078786,false,תבלינים קבוצה 1,,,תבלינים קבוצה 1,קילוגרמים,1.00,"ק""ג",true,,57.00,57.0000,true,1,31664
7290000078793,false,תבלין קבוצה 3,,,תבלין קבוצה 3,קילוגרמים,1.00,"ק""ג",true,,72.00,72.0000,true,1,31665
7290000079412,false,אמנטל נעם מהדרין במש,,,אמנטל נעם מהדרין במש,קילוגרמים,1.00,"ק""ג",true,,61.00,61.0000,true,1,6289
7290000080758,false,אוסם - טוסטעים פת קלוי 100 גרם,ון דר מולן האלום,NL,טוסטעים פת קלוי אסם,גרמים,100.00,100 גרם,false,,9.90,0.0990,true,1,18627
7290000080765,false,טוסטעים פת קלויה עם שומשום אסם 100 גרם,ון דר מולן האלום,NL,טוסטעים פת קלויה עם,גרמים,100.00,100 גרם,false,,9.90,0.0990,true,1,18628
7290000081663,false,"בייגלה טבעות שומשום אסם 300 גרם בד""ץ",מיוצר עי קונדיטוריית,IL,בייגלה אסם טבעות שומ,גרמים,300.00,100 גרם,false,,9.90,0.0330,true,1,18630
7290000085159,false,פרורי ביסקוויט בטעם וניל הדר 250 גרם,גטניו אם החיטה,IL,פרורי ביסקוויט וניל,גרמים,300.00,100 גרם,false,,5.90,0.0197,true,1,162703
7290000085180,false,גטניו פתי בר וניל 470 גרם,"אחים גטניו בע""מ",IL,גטניו - פתיבר וניל 4,גרמים,470.00,100 גרם,false,,9.90,0.0211,true,1,41215
7290000089274,false,נקניק מעושן מעדנייה,,,נקניק מעושן מעדנייה,קילוגרמים,1.00,"ק""ג",true,,41.90,41.9000,true,1,18247
7290000095408,false,נעם 28% חריץ מעדניה,,,נעם 28% חריץ מעדניה,קילוגרמים,1.00,"ק""ג",true,,44.79,44.7900,true,1,6293
7290000100081,false,לחמניה קשר/קלועה,,,לחמניה קשר/קלועה,יח',1.00,יח',false,,2.90,2.9000,true,1,33994
7290000100128,false,פירות קפואים תות סנפרוסט 300 ג',"סנפרוסט בע""מ",IL,סדרת פירות קפואים-תו,גרמים,300.00,100 גרם,false,,12.90,0.0430,true,1,25432
7290000100135,false,פירות קפואים סנפרוסט דובדבן 300 גר,"סנפרוסט בע""מ",IL,סדרת פירות קפואים-דו,גרמים,300.00,100 גרם,false,,12.90,0.0430,true,1,25433
7290000100300,false,לחם מחמצת טוסקני כפר,,,לחם מחמצת טוסקני כפר,גרמים,530.00,100 גרם,false,,16.90,0.0319,true,1,53831
7290000100301,false,לחם מחמצת טוסקני לבן,,,לחם מחמצת טוסקני לבן,גרמים,530.00,100 גרם,false,,16.90,0.0319,true,1,53952
7290000101132,false,לקט קטניות לחמין סנפרוסט 800 גר,"סנפרוסט בע""\מ",IL,לקט קטניות לחמין 800,גרמים,800.00,100 גרם,false,,17.90,0.0224,true,1,25454
7290000101934,false,מיקס פירות יער מוקפאות 300 ג' סנפרוסט,"סנפרוסט בע""\מ",IL,מיקס פירות יער 300 ג,גרמים,300.00,100 גרם,false,,12.90,0.0430,true,1,25457
7290000101941,false,אננס חתוך מוקפא סנפרוסט 300ג',"סנפרוסט בע""\מ",IL,אננס מוקפא 300 גרם,גרמים,300.00,100 גרם,false,,12.90,0.0430,true,1,275642
7290000101958,false,מנגו חתוך מוקפא סנפרוסט 300ג',"סנפרוסט בע""\מ",IL,מנגו מוקפא 300 גרם,גרמים,300.00,100 גרם,false,,12.90,0.0430,true,1,25458
7290000103457,false,"מיני כרובית 600 גרם ""סנפרוסט""","סנפרוסט בע""\מ",IL,מיני כרובית 600 גרם,גרמים,600.00,100 גרם,false,,15.90,0.0265,true,1,25470
7290000103471,false,מיני ברוקולי סנפרוסט 600 גרם,"סנפרוסט בע""\מ",IL,סנפרוסט מיני ברוקולי,גרמים,600.00,100 גרם,false,,15.90,0.0265,true,1,25471
7290000104072,false,עדשים ירוקות מבושלות מוקפאות 800 ג' סנפרוסט,"איי, בי, אינבוו",IL,סנפרוסט עדשים ירוקות,גרמים,800.00,100 גרם,false,,17.90,0.0224,true,1,25499
7290000104188,false,שעועית אדומה מוקפאת מבושלת מוכנה לאכילה,"סנפרוסט בע""\מ",IL,סנפרוסט שעועית אדומה,גרמים,800.00,100 גרם,false,,15.90,0.0199,true,1,25500
7290000104201,false,אפונה עדינה קפואה 600 גרם סנפרוסט,"איי, בי, אינבוו",IL,אפונה עדינה סנפרוסט,גרמים,600.00,100 גרם,false,,16.90,0.0282,true,1,25501
7290000104218,false,סנפרוסט במיה 600 גרם,"איי, בי, אינבוו",IL,סנפרוסט במיה 600גר,גרמים,600.00,100 גרם,false,,15.90,0.0265,true,1,25502
7290000104676,false,אפונה קפואה סנפרוסט 800 גרם,"איי, בי, אינבוו",IL,אפונת גינה סנפרוסט 8,גרמים,800.00,100 גרם,false,,14.90,0.0186,true,1,25505
7290000104683,false,שעועית ירוקה שלמה סנפרוסט 800 גרם,"סנפרוסט בע""\מ",IL,שעועית שלמה סנפרוסט,גרמים,800.00,100 גרם,false,,19.90,0.0249,true,1,25506
7290000104690,false,תירס גרעינים 800 גרם סנפרוסט,"איי, בי, אינבוו",IL,תירס גרעינים 800גר,גרמים,800.00,100 גרם,false,,16.90,0.0211,true,1,25507
7290000104706,false,גזר גמדי סנפרוסט 800 גרם,"סנפרוסט בע""\מ",IL,גזר גמדי 800 גרם,גרמים,800.00,100 גרם,false,,14.90,0.0186,true,1,25508
7290000104713,false,פול ירוק סנפרוסט 800 גרם,"איי, בי, אינבוו",IL,פול ירוק 800גר,גרמים,800.00,100 גרם,false,,20.90,0.0261,true,1,25509
7290000104720,false,שעועית ירוקה חתוכה סנפרוסט 800 גרם,"סנפרוסט בע""\מ",IL,שעועית ירוקה חתוכה ס,גרמים,800.00,100 גרם,false,,16.90,0.0211,true,1,25510
7290000104737,false,שעועית צהובה חתוכה סנפרוסט 800 גרם,"סנפרוסט בע""\מ",IL,שעועית צהובה חתוכה ס,גרמים,800.00,100 גרם,false,,16.90,0.0211,true,1,25511
7290000104751,false,"כרוב ניצנים 800 גרם ""סנפרוסט""","איי, בי, אינבוו",IL,כרוב ניצנים 800גר,גרמים,800.00,100 גרם,false,,19.90,0.0249,true,1,25513
7290000104768,false,תרד עלים סנפרוסט 800 ג ',"איי, בי, אינבוו",IL,תרד עלים 800 גרם,גרמים,800.00,100 גרם,false,,19.90,0.0249,true,1,25514
7290000104775,false,תרד מדליונים סנפרוסט 800 גרם,"איי, בי, אינבוו",IL,תרד מדליונים 800גר,גרמים,800.00,100 גרם,false,,21.90,0.0274,true,1,25515
7290000104799,false,שעועית לבנה מבושלת סנפרוסט 800 גרם,"איי, בי, אינבוו",IL,שעועית לבנה מבושלת 8,גרמים,800.00,100 גרם,false,,14.90,0.0186,true,1,25516
7290000104805,false,גרגירי חומוס מבושלים סנפרוסט 800 גרם,"איי, בי, אינבוו",IL,גרגירי חומוס קפוא 80,גרמים,800.00,100 גרם,false,,14.90,0.0186,true,1,25517
7290000104829,false,קלחי תירס חתוכים סנפרוסט 1 קילו,"סנפרוסט בע""\מ",IL,"קלחוני תירס 1 ק""ג",קילוגרמים,1.00,"ק""ג",false,,19.90,19.9000,true,1,25518
7290000104836,false,שעועית ירוקה עדינה שלמה סנפרוסט 600 גרם,"סנפרוסט בע""\מ",IL,שעועית עדינה שלמה סנ,גרמים,600.00,100 גרם,false,,21.90,0.0365,true,1,25519
7290000104874,false,ירקות לקוסקוס של אמא סנפרוסט 800ג',"סנפרוסט בע""\מ",IL,לקט קוסקוס 800גר,גרמים,800.00,100 גרם,false,,21.90,0.0274,true,1,25521
7290000104881,false,לקט אפונה וגזר סנפרוסט 800 גרם,"איי, בי, אינבוו",IL,אפונה וגזר 800 גרם ס,גרמים,800.00,100 גרם,false,,14.90,0.0186,true,1,25522
7290000104911,false,לקט נורמנדי סנפרוסט 800 גרם,"איי, בי, אינבוו",IL,לקט נורמנדי 800גר,גרמים,800.00,100 גרם,false,,17.90,0.0224,true,1,25524
7290000105145,false,צלעות מחפוד קפוא מס`,,,צלעות מחפוד קפוא מס`,קילוגרמים,1.00,"ק""ג",true,,49.90,49.9000,true,1,46811
7290000105190,false,פילה מדומה מחפוד קפו,,,פילה מדומה מחפוד קפו,קילוגרמים,1.00,"ק""ג",true,,63.90,63.9000,true,1,46815
7290000105220,false,שריר בשר מס' 8 מחפוד,,,שריר בשר מס' 8 מחפוד,קילוגרמים,1.00,"ק""ג",true,,63.90,63.9000,true,1,46818
7290000105466,false,לשון בקר קפוא מחפוד,,,לשון בקר קפוא מחפוד,קילוגרמים,1.00,"ק""ג",true,,64.90,64.9000,true,1,46826
7290000106526,false,ירקות מעורבים מוקפאים חגיגה ירוקה להקפצה,"איי, בי, אינבוו",IL,סנפרוסט חגיגה ירוקה,גרמים,800.00,100 גרם,false,,19.90,0.0249,true,1,25529
7290000107165,false,חטיף סויה אדממה סנפרוסט 400 גרם,"איי, בי, אינבוו",IL,פולי סויה אדממה קפוא,גרמים,400.00,100 גרם,false,,13.90,0.0348,true,1,25531
7290000107189,false,תחתיות ארטישוק סנפרוסט 400 גרם,"איי, בי, אינבוו",IL,תחתיות ארטישוק 400גר,גרמים,400.00,100 גרם,false,,19.90,0.0497,true,1,25532
7290000107295,false,תפרחות ברוקולי סנפרוסט 800 גרם,"איי, בי, אינבוו",IL,תפרחות ברוקולי 800ג,גרמים,800.00,100 גרם,false,,24.90,0.0311,true,1,25533
7290000111353,false,"מיונז אמיתי תלמה 1 ק""ג",יוניליוור ישראל מזון בע\,IL,"מיונז 1 ק""ג",קילוגרמים,1.00,"ק""ג",false,,16.90,16.9000,true,1,10096
7290000112220,false,טחינה גולמית שומשום טהור בארכה 500 גרם,"רושדי תעשיות מזון בע""\מ",IL,בארכה טחינה 100% שומ,גרמים,500.00,100 גרם,false,,13.90,0.0278,true,1,18631
7290000112237,false,"טחינה גולמית שומשום טהור בארכה 1 ק""ג","רושדי תעשיות מזון בע""\מ",IL,בארכה טחינה 100% שומ,קילוגרמים,1.00,"ק""ג",false,,22.90,22.9000,true,1,18632
7290000121017,false,שומרון גבינה מותכת 7% 120 גרם,שלושת האופים,IL,מון בלאן שומרון 7% 1,גרמים,120.00,100 גרם,false,,11.90,0.0992,true,1,16779
7290000121093,false,גבינה מותכת לייט בטעם שוויצרי 7% מון בלאן 120 גר',האי נאם סי או אל.טי.,IL,מון בלאן שויצרית 7%,גרמים,120.00,100 גרם,false,,11.90,0.0992,true,1,16783
7290000121109,false,גבינה מותכת לייט עם זיתים 7% מון בלאן 120 גרם,האי נאם סי או אל.טי.,IL,מון בלאן זיתים 7% 12,גרמים,120.00,100 גרם,false,,11.90,0.0992,true,1,16784
7290000121154,false,גבינה מותכת לייט עם סלמון 7% מון בלאן 120 גרם,האי נאם סי או אל.טי.,IL,מון בלאן סלמון 7% 12,גרמים,120.00,100 גרם,false,,10.90,0.0908,true,1,16786
7290000133148,false,צפתית רכה5% שומרון מ,,,צפתית רכה5% שומרון מ,קילוגרמים,1.00,"ק""ג",true,,49.00,49.0000,true,1,14752
7290000133645,false,שלישיית משחת שיניים סודה אורביטול 145 גרם,טרופיקל דגיל תעשיות קוסמ,IL,משחת שיניים אורביטול,גרמים,435.00,100 גרם,false,,16.90,0.0389,true,1,29664
7290000134147,false,טעם וריח מוסקט טחון מיכל 40גר,"תבליני טעם וריח בע""מ",IL,טעם וריח מוסקט טחון,גרמים,40.00,100 גרם,false,,12.90,0.3225,true,1,42364
7290000134352,false,קינמון טחון בקופ' 90 גר' טעם וריח,"תבליני טעם וריח בע""מ",IL,טעם וריח קימנון טחון,גרמים,80.00,100 גרם,false,,9.00,0.1125,true,1,42368
7290000134826,false,זעתר מעורב בקופ' 100 גר' טעם וריח,"תבליני טעם וריח בע""מ",IL,תבלין זעתר טעם וריח,גרמים,100.00,100 גרם,false,,9.00,0.0900,true,1,42379
7290000134833,false,כמון טחון בקופ' 100 גר' טעם וריח,"תבליני טעם וריח בע""מ",IL,טעם וריח ת.כמון במיכ,גרמים,100.00,100 גרם,false,,9.00,0.0900,true,1,42380
7290000134840,false,כורכום טחון בקופ' 100 גר' טעם וריח,"תבליני טעם וריח בע""מ",IL,טעם וריח ת.כורכום במ,גרמים,100.00,100 גרם,false,,9.00,0.0900,true,1,42381
7290000134857,false,פפריקה מתוקה בקופ' 100 גר' טעם וריח,"תבליני טעם וריח בע""מ",IL,טעם וריח ת.פפריקה מת,גרמים,100.00,100 גרם,false,,9.00,0.0900,true,1,42382
7290000134864,false,פפריקה חריפה בקופ' 100 גר' טעם וריח,"תבליני טעם וריח בע""\מ",IL,תבלין פפריקה חריפה ט,גרמים,100.00,100 גרם,false,,9.00,0.0900,true,1,42383
7290000134871,false,פלפל שחור טחון בקופ' 100 גר' טעם וריח,"תבליני טעם וריח בע""מ",IL,טעם וריח ת. פלפל שחו,גרמים,100.00,100 גרם,false,,13.90,0.1390,true,1,42384
7290000134970,false,חוואיג' בקופ' 100 גר' טעם וריח,"תבליני טעם וריח בע""מ",IL,תבלין חוואייג טעם ור,גרמים,100.00,100 גרם,false,,9.00,0.0900,true,1,42385
7290000134987,false,פלפל שחור גרוס בקופ' 90 גר' טעם וריח,"תבליני טעם וריח בע""מ",IL,טעם וריח פלפל שחור ג,גרמים,90.00,100 גרם,false,,13.90,0.1544,true,1,42386
7290000135045,false,"XL TEN משקה אנרגיה פתוח ללא סוכר 250 מ""ל","טמפו משקאות בע""\מ",IL,אקס אל TEN פחית תפוח,מיליליטרים,250.00,"100 מ""ל",false,,4.50,0.0180,true,1,9352
7290000135052,false,"XL TEN משקה אנרגיה מנגו ללא סוכר 250 מ""ל","טמפו משקאות בע""\מ",IL,אקס אל TEN פחית מנגו,מיליליטרים,250.00,"100 מ""ל",false,,4.50,0.0180,true,1,9353
7290000135068,false,חזה עוף פרוס (שניצל),,,חזה עוף פרוס (שניצל),קילוגרמים,1.00,"ק""ג",true,,34.90,34.9000,true,1,56708
7290000135113,false,משקה אנרגיה XL TEN ללא סוכר בטעם נענע ליים,"טמפו משקאות בע""\מ",IL,פחית XL TEN נענע ליי,מיליליטרים,250.00,"100 מ""ל",false,,4.50,0.0180,true,1,9354
7290000136172,false,סבן אפ בקבוק 1.5 ליט,"טמפו משקאות בע""\מ",IL,סבן אפ 1.5 ליטר,ליטרים,1.50,ליטר,false,,7.90,5.2667,true,1,246135
7290000136240,false,סודה 1.5 ליטר שישייה בודד,"טמפו משקאות בע""\מ",IL,טמפו סודה 1.5 ליטר,ליטרים,1.50,ליטר,false,,2.90,1.9333,true,1,245530
7290000136288,false,"סירופ בטעם תפוחים ג'ויסר סיידר הגליל 330 מ""ל","טמפו משקאות בע""\מ",IL,סיידר הגליל JUICER ס,מיליליטרים,330.00,"100 מ""ל",false,,13.30,0.0403,true,1,497617
7290000136486,false,משקה בטעם אשכוליות דיאט תריסר 1.5 ל' ג'אמפ,"טמפו משקאות בע""\ם.",IL,ג`אמפ דיאט אשכוליות,ליטרים,1.50,ליטר,false,,7.90,5.2667,true,1,245473
7290000136516,false,משקה בטעם מנגו פסיפלורה תריסר 1.5 ל' ג'אמפ,טמפו משקאות בעמ,IL,ג`אמפ פסיפלורה 1.5 ל,ליטרים,1.50,ליטר,false,,7.90,5.2667,true,1,245428
7290000136523,false,משקה בטעם ענבים תריסר 1.5 ל' ג'אמפ,"טמפו משקאות בע""\ם.",IL,ג`אמפ ענבים 1.5 ליטר,ליטרים,1.50,ליטר,false,,7.90,5.2667,true,1,245458
7290000136561,false,משקה בטעם תות בננה תריסר 1.5 ל' ג'אמפ,"טמפו משקאות בע""\מ",IL,ג`אמפ תות בננה 1.5 ל,ליטרים,1.50,ליטר,false,,7.90,5.2667,true,1,245459
7290000136585,false,משקה בטעם תפוזים תריסר 1.5 ל' ג'אמפ,"טמפו משקאות בע""\ם.",IL,ג`אמפ תפוז 1.5 ליטר,ליטרים,1.50,ליטר,false,,7.90,5.2667,true,1,245443
7290000136646,false,בירה נשר מאלט ללא אלכוהול 1.5 ליטר,"טמפו משקאות בע""\מ",IL,נשר מאלט 1.5 ליטר,ליטרים,1.50,ליטר,false,,8.90,5.9333,true,1,245221
7290000136653,false,דיאט נשר מאלט ללא אלכוהול 1.5 ליטר,"טמפו משקאות בע""\מ",IL,נשר מאלט דיאט 1.5 לי,ליטרים,1.50,ליטר,false,,8.90,5.9333,true,1,245236
7290000136660,false,סודה טמפו ליטר וחצי,טמפו,IL,טמפו סודה 1.5 ליטר,ליטרים,1.50,ליטר,false,,2.90,1.9333,true,1,245967
7290000136677,false,פפסי קולה פיקדון 1.5 ליטר,טמפו,IL,פפסי קולה 1.5 ליטר,ליטרים,1.50,ליטר,false,,7.90,5.2667,true,1,246217
7290000136684,false,פפסי מקס משקה מוגז דל קלוריות בטעם קולה,טמפו,IL,פפסי מקס 1.5 ליטר,ליטרים,1.50,ליטר,false,,7.90,5.2667,true,1,246246
7290000136691,false,מארז שישייה סבן אפ 1.5 ל',סבן אפ 7up,IL,סבן אפ 6*1.5 ליטר,ליטרים,9.00,ליטר,false,,38.90,4.3222,true,1,246120
7290000136790,false,שישיית מי סודה טמפו 1.5 ליטר,"טמפו משקאות בע""\מ",IL,טמפו סודה 6*1.5 ליטר,ליטרים,9.00,ליטר,false,,17.70,1.9667,true,1,245515
7290000136813,false,סודה בטעם אננס מארז רביעייה 1.5 ל' טמפו,טמפו משקאות בע''מn\,IL,טמפו סודה אננס 1.5 ל,ליטרים,6.00,ליטר,false,,11.50,1.9167,true,1,245560
7290000136820,false,סודה בטעם פירות יער מארז ריבעיה * 1.5 ל' טמפו,טמפו משקאות בע''מn\,IL,טמפו סודה פירות יער,ליטרים,6.00,ליטר,false,,11.50,1.9167,true,1,245576
7290000136844,false,מארז מים מזוככים אקווה נובה שישיית 2 ליטר,"טמפו משקאות בע""\מ",IL,אקווה נובה 6*2 ליטר,ליטרים,12.00,ליטר,false,,11.90,0.9917,true,1,245303
7290000136851,false,סבן אפ פיקדון 1.5 ליטר,טמפו,IL,סבן אפ 1.5 ליטר,ליטרים,1.50,ליטר,false,,7.90,5.2667,true,1,246188
7290000136868,false,סאן בנדטו - מים מינרלים - מארז שישיית 1.5 ליטר,אקווה מינרלה סאן בנדטו ב,IT,מים סאן בנדטו 6* 1.5,ליטרים,9.00,ליטר,false,,17.70,1.9667,true,1,245331
7290000136875,false,שישיית מים מינרליים מוגזים סן בנדטו 1.5 ליטר,סאן בנדטו San Benedetto,IT,סאן בנדטו מים מינרלי,ליטרים,9.00,ליטר,false,,17.90,1.9889,true,1,245487
7290000136905,false,סודה טמפו אננס 1.5 ליטר-,,IL,טמפו סודה אננס 1.5 ל,ליטרים,1.50,ליטר,false,,3.80,2.5333,true,1,275669
7290000136929,false,סודה טמפו אפרסק 1.5 ליטר-,,IL,טמפו סודה אפרסק 1.5,ליטרים,1.50,ליטר,false,,3.80,2.5333,true,1,246075
7290000136936,false,סבן אפ דיאט בקבוק 1.,טמפו,IL,סבן אפ דיאט 1.5 ליטר,ליטרים,1.50,ליטר,false,,7.60,5.0667,true,1,246105
7290000144160,false,"שמן זית כתית מעולה ארומתי עץ הזית 750 מ""ל","מרקאולאו, ספרד.אבסה,",IT,שמן זית כתית מעולה א,מיליליטרים,750.00,"100 מ""ל",false,,33.90,0.0452,true,1,29333
7290000144467,false,שמן חמניות מועשר בנוגדי חמצון 1 ל' עץ הזית,"נארז ע""י : א.ג. גילר",GR,שמן חמניות בריאות מה,ליטרים,1.00,ליטר,false,,15.90,15.9000,true,1,29336
7290000144474,false,שמן עץ הזית קנולה 1 ליטר בריאות מהטבע,שמן תעשיות בעמ,EE,שמן קנולה בריאות עץ,ליטרים,1.00,ליטר,false,,15.90,15.9000,true,1,29337
7290000146645,false,הוואי - סבון מוצק שחור מסתורי 100 גרם רביעייה,טרופיקל דגיל קוסמטיק,IL,סבון מוצק שחור מסתור,גרמים,400.00,100 גרם,false,,11.90,0.0298,true,1,8077
7290000146652,false,הוואי - סבון מוצק ורוד רומנטי 100 גרם רביעייה,טרופיקל דגיל קוסמטיק,PL,סבון מוצק ורוד הוואי,גרמים,400.00,100 גרם,false,,11.90,0.0298,true,1,8078
7290000146669,false,הוואי - סבון מוצק שמיים כחולים 100 גרם רביעייה,טרופיקל דגיל קוסמטיק,IL,סבון מוצק שמיים כחול,גרמים,400.00,100 גרם,false,,11.90,0.0298,true,1,8079
7290000146676,false,הוואי - סבון מוצק לגבר 100 גרם רביעייה,טרופיקל דגיל קוסמטיק,PL,סבון מוצק לגבר הוואי,גרמים,400.00,100 גרם,false,,11.90,0.0298,true,1,8080
7290000146683,false,הוואי - סבון מוצק אפקט דאודורנט 100 גרם רביעייה,טרופיקל דגיל קוסמטיק,PL,סבון מוצק אפקט דאודו,גרמים,400.00,100 גרם,false,,11.90,0.0298,true,1,8081
7290000146928,false,"משחת שיניים לילדים בטעם ענבים טום וג'רי 50 מ""ל",טרופיקל דגיל קוסמטיק,IL,משחת שיניים טעם ענבי,מיליליטרים,50.00,"100 מ""ל",false,,6.90,0.1380,true,1,8085
7290000146997,false,משחת שיניים לילדים מסטיק טום וג'רי 50 מל,טרופיקל דגיל קוסמטיק,IL,משחת שיניים טום וגרי,מיליליטרים,50.00,"100 מ""ל",false,,6.90,0.1380,true,1,8086
7290000148380,false,פיסטוקים קלוים קליית גת 200 גרם,"ג'י אנד ג'י בע""מ",IL,פיסטוק קלוי 200 גרם,גרמים,200.00,100 גרם,false,,21.50,0.1075,true,1,12732
7290000148618,false,קשיו מטוגן שקית קליית גת 200 גרם,"ג'י אנד ג'י בע""מ",IL,אגוז קשיו מטוגן 200,גרמים,200.00,100 גרם,false,,18.00,0.0900,true,1,12734
7290000148748,false,קליית גת גרעיני חמניה קלויים ומומלחים200,"ג'י אנד ג'י בע""מ",IL,גרעיני חמניה 200 גרם,גרמים,200.00,100 גרם,false,,6.90,0.0345,true,1,12735
7290000149615,false,רביעיית סבון מוצק קלאסי לתינוק נקה 7 4*100 גרם,גליל כימיקלים בעממשו,IL,אלסבון מוצק לתינוק נ,גרמים,400.00,100 גרם,false,,10.90,0.0273,true,1,29671
7290000149905,false,טקסטיל נוזל לכביסה עדינה נקה 1 ליטר,מיוצר עי קונדיטוריית,IL,טקסטיל שמפו-1 ליטר נ,ליטרים,1.00,ליטר,false,,14.90,14.9000,true,1,29675
7290000149943,false,"טקסטיל אבקת כביסה ביד נקה 1 ק""ג",קריות זול,IL,טקסטיל שמפו-שקית 1 ק,קילוגרמים,1.00,"ק""ג",false,,14.90,14.9000,true,1,29676
7290000152288,false,עוף טוב נקניקיות עוף מיס לוסי 400 גרם,מוצרי עוף טוב (2001) בע\,IL,עוף טוב נקניקיות עוף,גרמים,400.00,100 גרם,false,,14.90,0.0373,true,1,19661
7290000152943,false,מארז פסטרמה כפרית וסלמי כפרי עוף טוב 2*350 גרם,מוצרי עוף טוב (2001) בע\,IL,עוף טוב סלמי פסטרמה,גרמים,700.00,100 גרם,false,,21.90,0.0313,true,1,19664
7290000158105,false,שניצל עוף מיני דינוזאור ללא אנטיביוטיקה מ100% ר.טבעי,"מוצרי עוף טוב (2001) בע""",IL,עוף טוב שניצל עוף מי,גרמים,700.00,100 גרם,false,,24.90,0.0356,true,1,19683
7290000169538,false,"נמס בכוס עגבניות וקרוטונים מרק כשרות בד""ץ 62 ג' קנור",יוניליוור ישראל מזון בע\,IL,נמס בכוס עגבניות וקר,גרמים,62.00,100 גרם,false,,6.90,0.1113,true,1,10270
7290000170053,false,"שוקולד פרה חלב 100 גרם בד""צ לל""ג","שטראוס גרופ בע""\מ.",IL,שוקולד חלב פרה 100 ג,גרמים,100.00,100 גרם,false,,5.20,0.0520,true,1,22161
7290000174723,false,שוקולית אבקה להכנת משקה שוקו 500 גרם,הנסיך- מפעל לייצור ט,IL,שוקולית 500 גרם,גרמים,500.00,100 גרם,false,,12.90,0.0258,true,1,22169
7290000176079,false,קפה עלית טורקי עם הל 100 גרם,הנסיך- מפעל לייצור ט,IL,טורקי עלית קפה עם הל,גרמים,100.00,100 גרם,false,,8.90,0.0890,true,1,22172
7290000176116,false,"קפה טורקי עלית וואקום 1 ק""ג",הנסיך- מפעל לייצור ט,IL,טורקי עלית 1קג,קילוגרמים,1.00,"ק""ג",false,,77.90,77.9000,true,1,22174
7290000176413,false,קפה נמס אבקתי עלית 50 ג',הנסיך- מפעל לייצור ט,IL,עלית נמס 50 גר',גרמים,50.00,100 גרם,false,,8.90,0.1780,true,1,22177
7290000176420,false,קפה נמס פחית עלית 200 גרם,שטראוס קפה בי.וי,IL,קפה נמס עלית פחית 20,גרמים,200.00,100 גרם,false,,19.90,0.0995,true,1,22178
7290000176468,false,קפה נמס נטול קפאין 50 ג' קפה האג,"איי, בי, אינבוו",IL,האג קפה נטול קפאין 5,גרמים,50.00,100 גרם,false,,10.90,0.2180,true,1,22179
7290000178707,false,תפוצ'יפס בטעם טבעי 50 גרם,"שטראוס פריטו ליי בע""\מ )",IL,תפוציפס טבעי 50 גרם,גרמים,50.00,100 גרם,false,,3.90,0.0780,true,1,24149
7290000178721,false,תפוצ'יפס בטעם טבעי 200 גרם,"שטראוס פריטו ליי בע""\מ )",IL,תפוציפס טבעי 200 גרם,גרמים,200.00,100 גרם,false,,10.90,0.0545,true,1,24151
7290000180212,false,שוקולוד פרה מריר אגוזים 100ג' עלית,"שטראוס גרופ בע""מ",IL,פרה שוקולד מריר ושבר,גרמים,100.00,100 גרם,false,,4.90,0.0490,true,1,22188
7290000185224,false,סילאן בקבוק לחיץ תמר כנרת 650 גר,תמר כנרת,IL,סילאן בקבוק לחיץ תמר,גרמים,650.00,100 גרם,false,,13.90,0.0214,true,1,46615
7290000185330,false,סילאן טבעי תמר כנרת 900 גר,טעמי הגליל,IL,סילאן טבעי תמר כנרת,גרמים,900.00,100 גרם,false,,23.90,0.0266,true,1,102467
7290000185590,false,סילאן טבעי בבקבוק לחיץ 650 גרם,"טעמי הגליל בע""\מ עבור וי",IL,סילאן 100% תמרים טבע,גרמים,635.00,100 גרם,false,,19.90,0.0313,true,1,566444
7290000186030,false,מארז רביעייה מגבוני בתחליב וויטמין E האגיס,קימברלי קלארק,IL,האגיס בייבי ספא מגבו,יחידה,0.00,יחידה,false,,27.90,0.0000,true,1,8829
7290000186535,false,נייר טואלט תלת שכבתי לבן לילי 32 יחידות,לילי נייר טואלט חוגלה,IL,לילי נייר טואלט טריו,מטרים,537.00,מטר,false,,44.90,0.0836,true,1,8835
7290000187860,false,מגבוני טואלט לחים לילי דיספנסר 40יח',עלבד משואות יצחק בעמ,IL,לילי נייר טואלט לח ד,יחידה,0.00,יחידה,false,,8.90,0.0000,true,1,8847
7290000187921,false,נייר טואלט דו שכבתי לבן לילי 32 יחידות,לילי נייר טואלט חוגלה,IL,"נייר טואלט ""לילי"" לב",מטרים,588.00,מטר,false,,41.90,0.0713,true,1,8850
7290000187938,false,לילי - נייר טואולט נייר טואלט פסטל 32 יח',לילי נייר טואלט חוגלה,IL,"נייר טואלט ""לילי"" פס",מטרים,588.00,מטר,false,,42.90,0.0730,true,1,8851
7290000187952,false,נייר טואלט תלת שכבתי ורוד לילי 32 יחידות,לילי נייר טואלט חוגלה,IL,נייר טאולט לילי טריו,מטרים,537.00,מטר,false,,44.90,0.0836,true,1,8852
7290000188270,false,קליניקס ממחטות אף אולטרא סופט 2*80 דף,חוגלה קימברלי,IL,קליניקס ממחטות אף או,יחידה,0.00,יחידה,false,,17.90,0.0000,true,1,8857
7290000188355,false,מגבות מטבח ניקול לבנה שישייה,קימברלי-קלארק,IL,מגבות מטבח ניקול לבנ,מטרים,64.80,מטר,false,,13.90,0.2145,true,1,8858
7290000188553,false,קוטקס מגן תחתון יאנג ביג 60 יחידות,קימברלי קלארק,CN,מגן תחתון סילק נורמל,יחידה,0.00,יחידה,false,,17.90,0.0000,true,1,8863
7290000188591,false,קוטקס מגן תחתון יאנג ביג 60 יחידות,קימברלי קלארק,CN,מגן תחתון סילק יאנג,יחידה,0.00,יחידה,false,,17.90,0.0000,true,1,8865
7290000189079,false,"ניקול תבניות אינגליש חזקות ועבות מארז, 7 יח'",ניקול,CN,ניקול תבניות אינגליש,יחידה,0.00,יחידה,false,,10.90,0.0000,true,1,8870
7290000189192,false,סופר מטלית מטליות נייר רב פעמיות ניקול 64 יחידות,קימברלי קלארק,IL,ניקול מטלית חכמה יומ,יח',64.00,יח',false,,18.90,0.2953,true,1,8872
7290000189260,false,תבניות מלבניות עבות וחזקות ניקול 5 יחידות,ניקול,CN,ניקול תבניות מלבניות,יחידה,0.00,יחידה,false,,10.90,0.0000,true,1,8877
7290000189277,false,תבניות מלבניות עבות וחזקות ניקול 3 יחידות,ניקול,CN,ניקול תבניות מלבניות,יחידה,0.00,יחידה,false,,10.90,0.0000,true,1,8878
7290000189499,false,תבניות אפיה עגולות מקרטון ניקול 3 יחידות,"דוקארט בעמ, קיבוץ כפ",IL,ניקול תבנית אפייה מק,יחידה,0.00,יחידה,false,,10.90,0.0000,true,1,8882
7290000189550,false,"שקיות אשפה ענקיות עם שרוך 78 * 90 ס""מ ניקול 2 * 10 יחידות",חוגלה קימברלי,IL,אשפתון זוג ענק 20,יחידה,0.00,יחידה,false,,25.90,0.0000,true,1,8885
7290000189598,false,מטליות לחות חד פעמיות לניקוי כללי 50 יח' ניקול,עלבד משואות יצחק בעמ,IL,מטליות לחות חד פעמיו,יחידה,0.00,יחידה,false,,10.90,0.0000,true,1,8886
7290000189659,false,מטליות לחות לרצפה ניקול 10 יח'-מרכז,עלבד משואות יצחק בעמ,IL,ניקול מטליות לחות לר,יחידה,0.00,יחידה,false,,10.90,0.0000,true,1,8888
7290000189871,false,"שקיות אשפה עם שרוך 52 * 65 ס""מ ניקול 55 שקיות",חוגלה קימברלי,IL,אשפתון 55 שקיות,יחידה,0.00,יחידה,false,,19.90,0.0000,true,1,8895
7290000190068,false,מפיות נייר ניקול 100 יחידות,חוגלה קימברלי,IL,מפיות לבן ניקול 100,יחידה,0.00,יחידה,false,,7.90,0.0000,true,1,8897
7290000191539,false,חמישיית ממחטות טישו צבועני לילי 100 יחידות,חוגלה קימברלי,IL,לילי צבעוני חמישיה-9,יחידה,0.00,יחידה,false,,12.90,0.0000,true,1,8916
7290000191645,false,"חיתולים האגיס ליטל בייביס ניו בורן שלב 1 עד 4 ק""ג",קימברלי קלארק ארהב,US,האגיס רך נולד NB יח',יחידה,0.00,יחידה,false,,32.90,0.0000,true,1,8920
7290000191652,false,שלישיית ממחטות אולטרה סופט קלינקס 90 יחידות,חוגלה קימברלי,IL,קלינקס קלאסיק ניילון,יחידה,0.00,יחידה,false,,11.90,0.0000,true,1,8921
7290000191966,false,נייר טואלט לילי לח נטורל קר 48 דפים,עלבד משואות יצחק בעמ,IL,לילי נייר טואלט לח נ,יחידה,0.00,יחידה,false,,8.90,0.0000,true,1,8925
7290000192581,false,מגבת נייר גליל כפול ניקול 12=6 גליל,קימברלי-קלארק,IL,מגבת כפולה ניקול 6=1,מטרים,129.70,מטר,false,,21.90,0.1689,true,1,8926
7290000193014,false,מגן תחתון פדיות אינטרלוד לילי 50 יחידות,חוגלה קימברלי,CZ,מגן תחתון אינטרלוד ל,יחידה,0.00,יחידה,false,,9.90,0.0000,true,1,8927
7290000193083,false,נובה-לי תחבושות היגייניות לילי 28 יחידות,חוגלה קימברלי,CZ,תחבושות נובה לי לילי,יחידה,0.00,יחידה,false,,9.90,0.0000,true,1,8929
7290000193205,false,תחבושות עם כנפיים ללילה נטורל לילי 20 יחידות,חוגלה קימברלי,BE,תחבושות אולטרה לילה,יחידה,0.00,יחידה,false,,15.90,0.0000,true,1,8932
7290000193540,false,מגן תחתון לונג נטורל לילי 52 יחידות,חוגלה קימברלי,ES,מגן תחתון נטורל לונג,יחידה,0.00,יחידה,false,,15.90,0.0000,true,1,8936
7290000193649,false,תחבושות עם כנפיים נורמל פלוס לילי 24 יחידות,חוגלה קימברלי,ES,תחבושות נטורל אולטרה,יחידה,0.00,יחידה,false,,15.90,0.0000,true,1,8938
7290000193656,false,תחבושות עם כנפיים סופר פלוס לילי 24 יחידות,חוגלה קימברלי,ES,תחבושות נטורל אולטרה,יחידה,0.00,יחידה,false,,15.90,0.0000,true,1,8939
7290000193793,false,לילי תחבושות אינטימי נורמל אולט' 24 יח',חוגלה קימברלי,ES,תחבושות נטורל אולטרה,יחידה,0.00,יחידה,false,,15.90,0.0000,true,1,8944
7290000194185,false,עוף מספר 2 קפוא חלק,,,עוף מספר 2 קפוא חלק,קילוגרמים,1.00,"ק""ג",true,,27.90,27.9000,true,1,46839
7290000194208,false,כרעיים עוף חלק רב מח,,,כרעיים עוף חלק רב מח,קילוגרמים,1.00,"ק""ג",true,,33.90,33.9000,true,1,46840
7290000194239,false,מחפוד-חזה עוף קפוא מ,,,מחפוד-חזה עוף קפוא מ,קילוגרמים,1.00,"ק""ג",true,,33.90,33.9000,true,1,46841
7290000194253,false,כנפיים עוף קפוא ארוז,,,כנפיים עוף קפוא ארוז,קילוגרמים,1.00,"ק""ג",true,,13.90,13.9000,true,1,46842
7290000194260,false,מחפוד-שוקיים עוף קפו,,,מחפוד-שוקיים עוף קפו,קילוגרמים,1.00,"ק""ג",true,,35.90,35.9000,true,1,46843
7290000194345,false,שניצל עוף ארוז מחפוד,,,שניצל עוף ארוז מחפוד,קילוגרמים,1.00,"ק""ג",true,,34.90,34.9000,true,1,46848
7290000194635,false,שניצל עוף טרי מחפוד,,,שניצל עוף טרי מחפוד,קילוגרמים,1.00,"ק""ג",true,,36.90,36.9000,true,1,46858
7290000194837,false,ניקול - שקיות מזון + ידיות קשירה אקסטרה לארג' 200 יח',ניקול,CN,ניקול שקיות מזון עם,יחידה,0.00,יחידה,false,,12.90,0.0000,true,1,8951
7290000195216,false,נייר אפייה בשקית ניקול 50 יחידות,ניקול,IL,ניקול נייר אפייה בשק,יחידה,0.00,יחידה,false,,10.90,0.0000,true,1,8958
7290000195537,false,האגיס - מגבוני האגיס דיילי קר לא מבושם 64 יח' * 4,חוגלה קימברלי,IL,מגבוני האגיס דיילי ק,יחידה,0.00,יחידה,false,,20.90,0.0000,true,1,8964
7290000195773,false,האגיס - מגבוני האגיס סנסטיב קר לא מבושם 64 יח' * 4,חוגלה קימברלי,IL,מגבוני האגיס סנסטיב,יחידה,0.00,יחידה,false,,20.90,0.0000,true,1,8968
7290000196039,false,"מפות שולחן איריס ח""פ ניקול 2 יח'",חוגלה קימברלי,IL,ניקול מפות שולחן זוג,יחידה,0.00,יחידה,false,,10.90,0.0000,true,1,8970
7290000196063,false,לחם מחמצת מאפית 500,,,לחם מחמצת מאפית 500,יח',1.00,יח',false,,17.90,17.9000,true,1,453543
7290000196343,false,מפת שולחן מהודרת ניקול 1 יחידה,חוגלה קימברלי,IL,מפת שולחן מהודרת ניק,יחידה,0.00,יחידה,false,,12.90,0.0000,true,1,8971
7290000196763,false,"שקיות אשפה חזקות במיוחד עם שרוך 52 * 65 ס""מ ניקול 40 יחידות",חוגלה קימברלי,IL,ניקול השקית החזקה,יחידה,0.00,יחידה,false,,23.90,0.0000,true,1,8974
7290000197029,false,שקיות ריצ'רץ' רב תכליתיות ניקול 12 יחידות,קריות זול,IL,ניקול שקיות ניילון ר,יחידה,0.00,יחידה,false,,13.40,0.0000,true,1,8978
7290000197081,false,ניקול ניילון נצמד 150 מטר+מתקן לחיתוך קל,חוגלה קימברלי,IL,ניילונית נצמד ניקול,מטרים,150.00,מטר,false,,32.90,0.2193,true,1,8979
7290000197326,false,רדיד אלומניום ניקול זוגי 30X7.5מ',חוגלה קימברלי,IL,ניקול רדיד אלומיניום,מטרים,15.00,מטר,false,,11.90,0.7933,true,1,8988
7290000197432,false,שקיות אוכל סנדביצ'ון ניקול מארז 150X2יח',אשלפסט תעשיות בעמ,IL,ניקול שקיות אוכל זוג,יחידה,0.00,יחידה,false,,13.90,0.0000,true,1,8993
7290000197456,false,חיתולים פרידום דריי שלב 4 האגיס 44 יחידות,קימברלי קלארק ישראל,IL,האגיס פרידום דריי של,יחידה,0.00,יחידה,false,,45.90,0.0000,true,1,8994
7290000197463,false,חיתולים פרידום דריי שלב +4 האגיס 40 יחידות,קימברלי קלארק ישראל,IL,האגיס פרידום דריי של,יחידה,0.00,יחידה,false,,45.90,0.0000,true,1,8995
7290000197470,false,שקיות רב שימושיות מתכלות ניקול 250 יחידות,אשלפסט תעשיות בעמ,IL,"ניקול שקיות רב""ש 250",יחידה,0.00,יחידה,false,,14.90,0.0000,true,1,8996
7290000197548,false,חיתולים פרידום דריי שלב 5 האגיס 36 יחידות,קימברלי קלארק ישראל,IL,האגיס פרידום דריי של,יחידה,0.00,יחידה,false,,45.90,0.0000,true,1,8999
7290000197654,false,ניקול אשפתון שקיות אשפה ענקיות 45 יח',חוגלה קימברלי,IL,אשפתון שקיות אשפה ענ,יחידה,0.00,יחידה,false,,22.90,0.0000,true,1,9000
7290000197678,false,חיתולי האגיס פרידום דריי שלב 6 30 יחידות,קימברלי קלארק ישראל,IL,האגיס פרידום דריי ש,יחידה,0.00,יחידה,false,,45.90,0.0000,true,1,9001
7290000197753,false,ניילון נצמד אנטי בטקריאלי ניקול 30X2מ',חוגלה קימברלי,CN,ניקול ניילונית זוג,מטרים,60.00,מטר,false,,11.90,0.1983,true,1,9003
7290000197876,false,תבניות אלומיניום קטנות עם מכסה ניקול 4 יחידות,חוגלה קימברלי,CN,ניקול תבנית אלומיניו,יחידה,0.00,יחידה,false,,9.90,0.0000,true,1,9005
7290000197883,false,תבנית אלומיניום 100 גדולה ניקול 4 יחידות,חוגלה קימברלי,CN,ניקול תבניות אלומיני,יחידה,0.00,יחידה,false,,9.90,0.0000,true,1,9006
7290000197951,false,תבניות אלומיניום ענקיות ניקול 3 יחידות,חוגלה קימברלי,CN,ניקול תבנית אלומיניו,יחידה,0.00,יחידה,false,,9.90,0.0000,true,1,9007
7290000197982,false,רדיד אלומיניום עבה 45 ניקול 7.5 מ' זוגי,ניקול,IL,ניקול רדיד אלומיניום,מטרים,15.00,מטר,false,,19.90,1.3267,true,1,9008
7290000197999,false,רדיד אלומיניום עבה ניקול זוגי 30X7.5מ',קריות זול,IL,ניקול רדיד אלומיניום,מטרים,15.00,מטר,false,,16.90,1.1267,true,1,9009
7290000199313,false,קוטקס יאנג תחבושות עם כנפיים נורמל חדש30,חוגלה קימברלי,CZ,תחבושות קוטקס יאנג 2,יחידה,0.00,יחידה,false,,18.90,0.0000,true,1,9011
7290000201832,false,טיטולים פרימיום שלב 3 50 יחידות,חוגלה קימברלי,IL,טיטולים פרימיום שלב,יחידה,0.00,יחידה,false,,33.90,0.0000,true,1,9019
7290000201849,false,טיטולים פרימיום שלב 4 42 יח' (8-14),חוגלה קימברלי,IL,טיטולים פרימיום שלב,יחידה,0.00,יחידה,false,,33.90,0.0000,true,1,9020
7290000201856,false,טיטולים פרימיום שלב4+ 38 יחידות .,חוגלה קימברלי,IL,טיטולים פרימיום שלב,יחידה,0.00,יחידה,false,,33.90,0.0000,true,1,9021
7290000201863,false,טיטולים פרימיום שלב 5 34 יחידות,חוגלה קימברלי,IL,טיטולים פרימיום שלב,יחידה,0.00,יחידה,false,,33.90,0.0000,true,1,9022
7290000204086,false,ניקול כרית קרצוף מארז שלישייה,חוגלה קימברלי,US,ניקול כרית קרצוף,יחידה,0.00,יחידה,false,,10.90,0.0000,true,1,9040
7290000204147,false,רביעיית כרית יפנית עבה ניקול 4 יחידות,פלסטו פוליש (ברקן),IL,כריות יפניות 2 ב 1 ר,יחידה,0.00,יחידה,false,,10.90,0.0000,true,1,9041
7290000204215,false,שישיית כרית יפנית ניקול 6 יחידות,פלסטו פוליש (ברקן),IL,ניקול כריות יפניות 6,יחידה,0.00,יחידה,false,,10.90,0.0000,true,1,9042
7290000204253,false,מטליות רב שימושיות לניקיון ניקול 9 יחידות,נועם אורים-קיבוץ אור,IL,מטלית רב שימושית תשע,יחידה,0.00,יחידה,false,,9.90,0.0000,true,1,9044
7290000204307,false,ניקול מטליות רב שימושיות בגליל 40 יח',נועם אורים-קיבוץ אור,IL,מטליות ניקול 40 רב ש,יחידה,0.00,יחידה,false,,20.90,0.0000,true,1,9045
7290000204611,false,שישיית ספוגית הקסם ניקול 6 יחידות,חוגלה קימברלי,US,ניקול ספוגית הקסם*6,יחידה,0.00,יחידה,false,,10.90,0.0000,true,1,9047
7290000205526,false,פיסגה נוזל ריחני לשטיפת רצפות סנו 2 ליטר,"סנו מפעלי ברונוס בע""",IL,פיסגה שטיפת רצפות 2,ליטרים,2.00,ליטר,false,,12.90,6.4500,true,1,29678
7290000205762,false,חיתולי האגיס אקסטרה קר מידה 3 48 יחידות,חוגלה קימברלי,IL,האגיס אקסטרה קייר מי,יחידה,0.00,יחידה,false,,51.90,0.0000,true,1,9048
7290000205915,false,חיתולי האגיס אקסטרה קייר מידה 4 40 יחידות,חוגלה קימברלי,IL,האגיס אקסטרה קייר מי,יחידה,0.00,יחידה,false,,51.90,0.0000,true,1,9049
7290000207063,false,רסק עגבניות פריכוז 28% 240 גרם יכין,היינץ צפון אמריקה מק,IL,רוטב עגבניות פריכוז,גרמים,240.00,100 גרם,false,,3.90,0.0162,true,1,8616
7290000207162,false,רוטב עגבניות מרכיב טבעי 100 ג' יכין,"זנלכל בע""\מ",IL,רוטב עגבניות 100 גרם,גרמים,100.00,100 גרם,false,,2.50,0.0250,true,1,8619
7290000207438,false,עגבניות 2.5 A קוביות 850 גרם יכין,"זנלכל בע""\מ",IL,עגבניות לקוביות יכין,גרמים,800.00,100 גרם,false,,9.90,0.0124,true,1,8620
7290000207764,false,חטיף יפני,,,חטיף יפני,קילוגרמים,1.00,"ק""ג",true,,67.00,67.0000,true,1,31673
7290000208022,false,עגבניות מרוסקות פריכוז 800 ג' יכין,"זנלכל בע""\מ",IL,עגבניות מרוסקות יכין,גרמים,800.00,100 גרם,false,,9.90,0.0124,true,1,8623
7290000208077,false,אפונת גינה רגילה 550 גרם יכין,"זנלכל בע""\מ",IL,אפונת גינה גדולה L י,גרמים,335.00,100 גרם,false,,8.90,0.0266,true,1,8625
7290000208114,false,"אפונה וגזר יכין A2 פ""ק בית יוסף","זנלכל בע""\מ",IL,אפונת גינה וגזר יכין,גרמים,330.00,100 גרם,false,,8.90,0.0270,true,1,8628
7290000208138,false,סירופ דיאט בטעם ענבים יכין 1 ליטר,"זנלכל בע""\מ",IL,סירופ דייאט ענבים יכ,ליטרים,1.00,ליטר,false,,16.90,16.9000,true,1,8630
7290000208145,false,גרעיני תירס מתוק לייט 550 גרם יכין,"זנלכל בע""\מ",IL,גרעיני תירס לייט יכי,גרמים,335.00,100 גרם,false,,9.90,0.0296,true,1,8631
7290000208213,false,שעועית לבנה אפויה A2 ברוטב עגבניות יכין 560ג',היינץ צפון אמריקה מק,IL,שעועית לבנה ברוטב עג,גרמים,355.00,100 גרם,false,,8.90,0.0251,true,1,8633
7290000208220,false,"שעועית צ'לי יכין פ""ק A2 בית יוסף",היינץ צפון אמריקה מק,IL,שעועית צילי חריף יכי,גרמים,355.00,100 גרם,false,,9.90,0.0279,true,1,8634
7290000208244,false,"בסיס לשקשוקה יכין A2 פ""ק בית יוסף","זנלכל בע""מ",IL,A2 בסיס עגבניות לשקש,גרמים,570.00,100 גרם,false,,10.90,0.0191,true,1,8635
7290000208329,false,גרעיני תירס מתוק 550 גרם יכין,"זנלכל בע""\מ",IL,גרעיני תירס מתוק יכי,גרמים,335.00,100 גרם,false,,8.90,0.0266,true,1,8639
7290000208336,false,רסק יכין 240גר 22% יכין בית יוסף,"זנלכל בע""\מ",IL,רוטב עגבניות יכין 24,גרמים,240.00,100 גרם,false,,4.50,0.0188,true,1,8640
7290000208343,false,עגבניות מרוסקות שום יכין A2.5 בית יוסף,היינץ צפון אמריקה מק,IL,עגבניות מרוסקות שום,גרמים,800.00,100 גרם,false,,9.90,0.0124,true,1,8641
7290000208350,false,עגבניות מרוסקות בצל 850 גר יכין A 2.5,זנלכל,IL,עגבניות מרוסקות עם ב,גרמים,800.00,100 גרם,false,,9.90,0.0124,true,1,8642
7290000208367,false,עגבניות מרוסקות בתוספת בזיליקום 800 ג' יכין,זנלכל,IL,עגבניות מרוסקות בזיל,גרמים,800.00,100 גרם,false,,9.90,0.0124,true,1,8643
7290000208404,false,A2 פול מצרי 550 גרם יכין,"זנלכל בע""\מ",IL,פול מצרי יכין 550 גר,גרמים,350.00,100 גרם,false,,8.90,0.0254,true,1,8644
7290000208428,false,גרגרי חומוס שלם 550 גרם יכין,"זנלכל בע""\מ",IL,חומוס שלם יכין 550 ג,גרמים,290.00,100 גרם,false,,8.90,0.0307,true,1,8645
7290000208480,false,גרעיני תירס מתוק בטעם חמאה 550 גרם יכין,"זנלכל בע""\מ",IL,גרעיני תירס בטעם חמא,גרמים,335.00,100 גרם,false,,9.90,0.0296,true,1,8648
7290000208534,false,גרעיני תירס מתוק לילדים 550 גרם יכין,"זנלכל בע""\מ",IL,גרעיני תירס קיד מתוק,גרמים,335.00,100 גרם,false,,9.90,0.0296,true,1,8650
7290000208855,false,רוטב לפסטה קלאסי 240 גרם יכין,"זנלכל בע""\מ",IL,רוטב לפסטה קלאסי יכי,גרמים,260.00,100 גרם,false,,5.50,0.0212,true,1,8653
7290000208893,false,גרעיני תירס מתוק לייט 400 גרם יכין,היינץ צפון אמריקה מק,IL,תירס לייט יכין 400 ג,גרמים,400.00,100 גרם,false,,6.90,0.0173,true,1,8654
7290000208930,false,עגבניות מרוסקות בתוספת שום 240 גרם יכין,"זנלכל בע""מ",IL,עגבניות מרוסקות עם ש,גרמים,260.00,100 גרם,false,,5.50,0.0212,true,1,8655
7290000208947,false,עגבניות מרוסקות יכין 260 גרם,היינץ צפון אמריקה מק,IL,עגבניות מרוסקות יכין,יחידה,260.00,יחידה,false,,5.50,0.0212,true,1,8656
7290000208978,false,רסק עגבניות פריכוז 28% 100 גרם יכין,היינץ צפון אמריקה מק,IL,רוטב עגבניות פריכוז,גרמים,100.00,100 גרם,false,,2.90,0.0290,true,1,8657
7290000209012,false,חומץ 1ליטר יכין הדרים,"זנלכל בע""\מ",IL,חומץ הדרים 5% יכין 1,ליטרים,1.00,ליטר,false,,5.90,5.9000,true,1,8659
7290000209043,false,מיץ לימון לתיבול יכין 1 ליטר,היינץ צפון אמריקה מק,IL,מיץ לימון משומר יכין,ליטרים,1.00,ליטר,false,,4.90,4.9000,true,1,8660
7290000209173,false,חומצה אצטית למזון 5% יכין 1 ליטר,"זנלכל בע""\מ",IL,חומץ סינטטי 5% יכין,ליטרים,1.00,ליטר,false,,4.70,4.7000,true,1,8661
7290000209371,false,תירס מתוק יכין 200 גרם מארז 3 יח',היינץ צפון אמריקה מק,IL,תירס שלישיה יכין 3*1,גרמים,495.00,100 גרם,false,,14.90,0.0301,true,1,8669
7290000209388,false,תירס מתוק לייט יכין 200 גרם מארז 3 יח',"זנלכל בע""\מ",IL,תירס לייט שלישיה יכי,גרמים,420.00,100 גרם,false,,14.90,0.0355,true,1,8670
7290000209524,false,סירופ דיאט בטעם פטל יכין 1 ליטר,"זנלכל בע""\מ",IL,סירופ דייאט פטל יכין,ליטרים,1.00,ליטר,false,,16.90,16.9000,true,1,8673
7290000209722,false,רסק עגבניות 28% פריכוז 580 גרם יכין,"זנלכל בע""\מ",IL,רוטב עגבניות מרוכז מ,גרמים,580.00,100 גרם,false,,9.90,0.0171,true,1,8681
7290000209944,false,רוטב לעגבניות בסיס לשקשוקה 240 ג' יכין,"זנלכל בע""\מ",IL,רוטב לעגבניות לשקשוק,גרמים,260.00,100 גרם,false,,5.50,0.0212,true,1,8684
7290000209951,false,רוטב עגבניות לפיצה 260 גרם יכין,"זנלכל בע""\מ",IL,רוטב עגבניות לפיצה י,מיליליטרים,260.00,"100 מ""ל",false,,5.50,0.0212,true,1,8685
7290000209968,false,רוטב עגבניות ללזניה יכין 240 גרם,"זנלכל בע""\מ",IL,רוטב ללזניה יכין 240,גרמים,260.00,100 גרם,false,,5.50,0.0212,true,1,8686
7290000210469,false,עגבניות שלמות יכין A2.5 בית יוסף,זנלכל,IL,עגבניות שלמות יכין 8,גרמים,800.00,100 גרם,false,,9.90,0.0124,true,1,8687
7290000211169,false,"אורז תאילנדי אחד אחד סוגת 1 ק""ג",האי נאם סי או אל.טי.,IL,אורז תאילנדי 1 ק'ג,קילוגרמים,1.00,"ק""ג",false,,6.90,6.9000,true,1,17300
7290000211312,false,סוגת אורז מלא פרסי אחד אחד 1 קג,האי נאם סי או אל.טי.,IL,אורז מלא אחד אחד 1קג,קילוגרמים,1.00,"ק""ג",false,,7.90,7.9000,true,1,17301
7290000211374,false,"קמח חיטה מלא סוגת 1 ק""ג",טחנת קמח דגן-שטיבל,IL,"קמח מלא סוגת 1 ק""ג",קילוגרמים,1.00,"ק""ג",false,,6.90,6.9000,true,1,17302
7290000211442,false,"סוגת אורז פרסי קלאסי שקית 1 ק""ג",האי נאם סי או אל.טי.,IL,סוגת אורז פרסי קלאסי,קילוגרמים,1.00,"ק""ג",false,,10.90,10.9000,true,1,17304
7290000211503,false,סוכר לבן ארוז בשקית,"סוגת תעשיות בע""\מ",IL,"סוכר סוגת לבן 1 ק""ג",קילוגרמים,1.00,"ק""ג",false,,4.50,4.5000,true,1,17305
7290000211626,false,"סוגת אורז חיש 1 ק""ג","סוגת תעשיות בע""\מ",IL,"אורז חיש 1 ק""ג",קילוגרמים,1.00,"ק""ג",false,,9.90,9.9000,true,1,17306
7290000211985,false,"סוגת אורז עגול ריזוטו 1 ק""ג","סוגת תעשיות בע""\מ",IL,סוגת אורז עגול 1קג,קילוגרמים,1.00,"ק""ג",false,,11.90,11.9000,true,1,17308
7290000212173,false,וופל טעם שוקולד מנעמ,קריות זול,,ופל שוקו מנעמים 500,גרמים,500.00,100 גרם,false,,9.90,0.0198,true,1,36045
7290000212579,false,וופלים מצופים מנעמים 800 גרם מארז 40 יחידות,מנעמים,IL,ופל מצופה שוקולד מנע,גרמים,800.00,100 גרם,false,,16.90,0.0211,true,1,36047
7290000212975,false,"וופלים שוקולד מנעמים 1 ק""ג",מנעמים,,"ופל שוקו מנעמים 1 ק""",קילוגרמים,1.00,"ק""ג",false,,16.90,16.9000,true,1,36049
7290000226514,false,עוגת דובוש טעם ריבת חלב קפולסקי 450 גרם,תופינים מקבוצת קפולסקי,IL,עוגת היום- דובוש ריב,גרמים,450.00,100 גרם,false,,40.90,0.0909,true,1,39919
7290000226545,false,"עוגת טורט היער השחור קפולסקי 1 ק""ג",קפולסקי שיווק וקמעונ,IL,עוגת טורט היער השחור,קילוגרמים,1.10,"ק""ג",false,,65.90,59.9091,true,1,39921
7290000226552,false,קפולסקי עוגת טורט ריבת חלב+ קוקוס קפוא,קפולסקי שיווק וקמעונ,IL,עוגת טורט ריבת חלב ע,קילוגרמים,1.00,"ק""ג",false,,65.90,65.9000,true,1,39922
7290000226569,false,"עוגת טורט קצפת שוקולד קפולסקי 1 ק""ג",תופינים מקבוצת קפולסקי,IL,עוגת טורט קצפת שוקול,קילוגרמים,1.00,"ק""ג",false,,65.90,65.9000,true,1,39923
7290000226576,false,"עוגת טורט מצופה שוקולד קפולסקי 1 ק""ג",תופינים מקבוצת קפולסקי,IL,עוגת טורט מצופה שוקו,קילוגרמים,1.00,"ק""ג",false,,65.90,65.9000,true,1,39924
7290000238029,false,"בצק עלים צרפתי מרודד מעדנות 1 ק""ג",מיוצר עי קונדיטוריית,IL,"בצק עלים 1ק""ג",קילוגרמים,1.00,"ק""ג",false,,17.90,17.9000,true,1,35608
7290000238036,false,מלאווח בקופסא מעדנות 700 גרם,מיוצר עי קונדיטוריית,IL,מעדנות מלווח 700גר,גרמים,700.00,100 גרם,false,,15.90,0.0227,true,1,35609
7290000238173,false,בורקס גבינה מעדנות 800 גרם,מיוצר עי קונדיטוריית,IL,בורקס גבינה מעדנות 8,גרמים,800.00,100 גרם,false,,19.90,0.0249,true,1,35610
7290000243566,false,"שמן קנולה בריאות 750 מ""ל",סקנולה,EE,שמן קנולה בריאות עץ,מיליליטרים,750.00,"100 מ""ל",false,,11.90,0.0159,true,1,29343
7290000244051,false,"הוואי שלישיית סבון נוזלי משב טרופי 500 מ""ל",טרופיקל דגיל,IL,סבון נוזלי טרופי הוו,ליטרים,1.50,ליטר,false,,14.90,9.9333,true,1,8087
7290000244761,false,"קרם ידיים ולווטה 100 מ""ל",טרופיקל דגיל קוסמטיק,IL,"קרם ולוטה 80 מ""ל",מיליליטרים,100.00,"100 מ""ל",false,,6.90,0.0690,true,1,8092
7290000245089,false,סוד סופט מרכך כביסה סגול 4 ליטר,"הנקל סוד בע""מ",IL,מרכך כביסה סוד סגול,ליטרים,4.00,ליטר,false,,16.90,4.2250,true,1,34874
7290000245157,false,סוד סופט מרכך כביסה סנסיישן 4 ליטר,"הנקל סוד בע""\מ",IL,מרכך כביסה סוד סנסיי,ליטרים,4.00,ליטר,false,,16.90,4.2250,true,1,34875
7290000245478,false,"אבקת כביסה לבגדי תינוקות 1.25 ק""ג סוד","הנקל סוד בע""מ",IL,סוד א.כ בייבי 1.25קג,קילוגרמים,1.25,"ק""ג",false,,12.90,10.3200,true,1,34882
7290000245782,false,סוד סופט מרכך כביסה ורוד 4 ליטר,"הנקל סוד בע""\מ",IL,מרכך כביסה סוד ורוד,ליטרים,4.00,ליטר,false,,16.90,4.2250,true,1,34889
7290000245799,false,סוד סופט מרכך כביסה כחול 4 ליטר,"הנקל סוד בע""\מ",IL,מרכך כביסה סוד כחול,ליטרים,4.00,ליטר,false,,16.90,4.2250,true,1,34890
7290000253220,false,שוקולד צ'יפס חום אופנהיימר 260 גר',אופנהיימר,IL,שוקולד צ'יפס אופנהיי,גרמים,260.00,100 גרם,false,,10.90,0.0419,true,1,24583
7290000253251,false,שוקולד צ'יפס לבן אופנהיימר 250 גרם,אופנהיימר,IL,שוקולד צ'יפס לבן אופ,גרמים,250.00,100 גרם,false,,10.90,0.0436,true,1,24584
7290000253374,false,מיני שוקולד צ'יפס 250 גרם- 66% מוצקי קקאו,אופנהיימר,IL,מיני שוקולד צ'יפס או,גרמים,250.00,100 גרם,false,,14.90,0.0596,true,1,585328
7290000254066,false,פילה אמנון 5-7 קפוא,,,פילה אמנון 5-7 קפוא,קילוגרמים,1.00,"ק""ג",true,,27.90,27.9000,true,1,582319
7290000262031,false,נייר טואלט מולט לב 32 גלילים,קימברלי-קלארק,IL,נייר טואלט מולט לב 3,מטרים,563.00,מטר,false,,32.90,0.0584,true,1,9050
7290000263359,false,חיתולים ליטל בייביז מידה 1 האגיס 40 יחידות,קימברלי קלארק שיווק,IL,האגיס אקסטרא קייר של,יחידה,0.00,יחידה,false,,32.90,0.0000,true,1,9066
7290000264752,false,רדיד אלומיניום זוג עם הטבעה ניקול,חוגלה קימברלי,IL,ניקול רדיד אלומיניום,מטרים,15.00,מטר,false,,11.90,0.7933,true,1,9075
7290000267500,false,קליפות הדר מצופות שוקולד מריר שקדיה 200 גרם,"דין שיווק וקלייה בע""",IL,קליפות הדר בציפוי שו,גרמים,200.00,100 גרם,false,,10.90,0.0545,true,1,4607
7290000272467,false,עסיס פטל דיאט סירופ 1 ליטר,בית-השיטה עסיס תעשיות מז,IL,סירופ דיאט פטל עסיס,ליטרים,1.00,ליטר,false,,16.90,16.9000,true,1,18637
7290000272696,false,עסיס מיץ לימון טבעי משומר 1 ל' אסם,בית-השיטה עסיס תעשיות מז,IL,מיץ לימון משומר עסיס,ליטרים,1.00,ליטר,false,,9.50,9.5000,true,1,18638
7290000272726,false,חומץ רכיבים רכיבים טבעיים 5% עסיס 1 ליטר,בית-השיטה עסיס תעשיות מז,IL,חומץ טבעי 5% עסיס 1,ליטרים,1.00,ליטר,false,,5.90,5.9000,true,1,18639
7290000286228,false,ספוגיות לניקוי כללי סנו סושי 6 יחידות,סנו מפעלי ברונו בעמ,IL,סנו סושי שישיות כריו,יחידה,0.00,יחידה,false,,11.90,0.0000,true,1,29679
7290000286297,false,"אנטי קאלק מסיר אבנית מקומקום סנו 700 מ""ל",סנו מפעלי ברונוס בעמ,IL,סנו מסיר אבן מקומקום,מיליליטרים,700.00,"100 מ""ל",false,,10.90,0.0156,true,1,29680
7290000286534,false,פילה מדומה מוכשר קפו,,,פילה מדומה מוכשר קפו,קילוגרמים,1.00,"ק""ג",true,,39.90,39.9000,true,1,566962
7290000286594,false,אבקה לניקוי במיכל לימון X סנו 600 גרם,סנו מפעלי ברונוס בעמ,IL,סנו X לימון במיכל 60,גרמים,600.00,100 גרם,false,,9.90,0.0165,true,1,29690
7290000286631,false,"סנו אבקה לניקוי ומירוק בריח לימון 600 מ""ל",קריות זול,IL,סנו X לימון מילוי 60,גרמים,600.00,100 גרם,false,,7.50,0.0125,true,1,29691
7290000286761,false,ניילון נצמד סנו סושי פלסטיק מארז 30X2 מ',מיוצר עי קונדיטוריית,CN,סנו סושי פלסטיק נצמד,מטרים,60.00,מטר,false,,11.90,0.1983,true,1,29692
7290000286824,false,פילה דג נסיכת הנילוס,,,פילה דג נסיכת הנילוס,קילוגרמים,1.00,"ק""ג",true,,39.90,39.9000,true,1,567142
7290000286891,false,"נוזל ריצפה מגן קריסטל 1 ליטר ""סנו""","סנו מפעלי ברונוס בע""",IL,סנו מגן קריסטל 1 לי,ליטרים,1.00,ליטר,false,,22.90,22.9000,true,1,29694
7290000286945,false,"נוזל+אקדח לניקוי רהיט ""סנו""","סנו מפעלי ברונוס בע""\מ",IL,"סנו רהיט נוזל 500 מ""",מיליליטרים,500.00,"100 מ""ל",false,,24.90,0.0498,true,1,29698
7290000287102,false,"ספריי שמפו לניקוי שטיחים סנו 600 מ""ל",מיוצר עי קונדיטוריית,IL,סנו שמפו שטיחים אירו,מיליליטרים,600.00,"100 מ""ל",false,,21.90,0.0365,true,1,29700
7290000287195,false,"סנו רהיט ספריי עשיר בווקס להברקה 305 מ""ל",מיוצר עי קונדיטוריית,IL,סנו רהיט ספריי עשיר,מיליליטרים,305.00,"100 מ""ל",false,,14.90,0.0489,true,1,29701
7290000287430,false,סנובון צבעוני לאסלה בריח לימון שלישייה,סנו מפעלי ברונו בעמ,IL,סנובון שלישיה צבעוני,גרמים,165.00,100 גרם,false,,11.90,0.0721,true,1,29705
7290000287492,false,"סנובון נוזל לניקוי אסלות בריח לימון סנו 750 מ""ל","סנו מפעלי ברונוס בע""מ",IL,סנובון נוזלי בניחוח,מיליליטרים,750.00,"100 מ""ל",false,,9.90,0.0132,true,1,29707
7290000288024,false,סנו - ז'אוול אקונומיקה בריח לימון 4 ליטר,"סנו מפעלי ברונוס בע""מ",IL,סנו ז'אוול בריח לימו,ליטרים,4.00,ליטר,false,,16.90,4.2250,true,1,29715
7290000288048,false,סנו זאוול מרסס מונבלאן 1 ליטר,"סנו מפעלי ברונוס בע""מ",IL,סנו ג'אוול מרסס אילנ,ליטרים,1.00,ליטר,false,,17.90,17.9000,true,1,29717
7290000288352,false,"קוטל חרקים וזוחלים K-300 סנו 630 מ""ל","סנו מפעלי ברונוס בע""מ",IL,K - 300,מיליליטרים,630.00,"100 מ""ל",false,,20.90,0.0332,true,1,29724
7290000288642,false,מקסימה מרכך כביסה סנסיטיב בייבי סנו 4 ליטר,"סנו מפעלי ברונוס בע""\מ",IL,מרכך כביסה סנו מקסימ,ליטרים,4.00,ליטר,false,,22.90,5.7250,true,1,29730
7290000288659,false,"סנו - די רולאון דוחה יתושים ג'ונגל 50 מ""ל",טרופיקל דגיל תעשיות,IL,"סנו די ג'ונגל 50 מ""ל",מיליליטרים,50.00,"100 מ""ל",false,,19.90,0.3980,true,1,29732
7290000288727,false,סנו מקסימה אבקת כביסה מאסק מילוי 1.25,קריות זול,IL,סנו מקסימה מאסק 1.25,קילוגרמים,1.25,"ק""ג",false,,14.90,11.9200,true,1,29733
7290000289069,false,סנו - ז'אוול מרסס קצף ניקוי בתוספת אקונומיקה בריח לימון 1 ליטר,"סנו מפעלי ברונוס בע""מ",IL,סנו ג'אוול מרסס לימו,ליטרים,1.00,ליטר,false,,17.90,17.9000,true,1,29737
7290000289380,false,"סנו - ז'אוול לניקוי אסלות לימון 750 מ""ל",סנו מפעלי ברונוס בעמ,IL,סנו ג'אוול לימון לני,מיליליטרים,750.00,"100 מ""ל",false,,11.90,0.0159,true,1,29738
7290000289472,false,סנו סושי שקיות אשפה - 50 יחידות,מיוצר עי קונדיטוריית,IL,סנו סושי שקיות HD 76,יחידה,0.00,יחידה,false,,20.90,0.0000,true,1,29740
7290000289496,false,"סנו - ז'אוול ג'ל קרם לניקוי כללי לימון 750 מ""ל","סנו מפעלי ברונוס בע""\מ",IL,סנו ג'אוול ג'ל קרם ל,מיליליטרים,750.00,"100 מ""ל",false,,11.90,0.0159,true,1,29741
7290000289595,false,"אורביטול משחת שיניים לילדים בטעם תות שדה 145 מ""ל",טרופיקל דגיל תעשיות קוסמ,IL,משחה לילדים טעם תות,מיליליטרים,145.00,"100 מ""ל",false,,7.90,0.0545,true,1,29743
7290000289748,false,"מסיר שומנים לתנורים פורטה פלוס סנו 750 מ""ל","סנו מפעלי ברונוס בע""\מ",IL,סנו פורטה פלוס לתנור,מיליליטרים,750.00,"100 מ""ל",false,,14.90,0.0199,true,1,29746
7290000289885,false,"מטהר אוויר ענק אושנבריז סנו פרש 375 מ""ל","סנו מפעלי ברונוס בע""\מ",IL,סנו פרש ענק אושן כחו,מיליליטרים,375.00,"100 מ""ל",false,,10.90,0.0291,true,1,29747
7290000291857,false,פוליויקס נוזל רצפות בניחוח גולדן סאנרייז סנו 2 ליטר,סנו פוליויקס,IL,סנו פוליווקס לוטוס 2,ליטרים,2.00,ליטר,false,,20.90,10.4500,true,1,29750
7290000292137,false,"נוזל לניקוי וטיפול מוצרי עור סנו 500 מ""ל",מיוצר עי קונדיטוריית,IL,נוזל ניקוי וטיפול במ,מיליליטרים,500.00,"100 מ""ל",false,,30.90,0.0618,true,1,29755
7290000292311,false,פוליויקס נוזל רצפות בניחוח סחלבים סנו 2 ליטר,"סנו מפעלי ברונוס בע""\מ",IL,סנו פוליווקס סחלבים,ליטרים,2.00,ליטר,false,,20.90,10.4500,true,1,29756
7290000292687,false,סנובון מוצק לניקוי אסלה קלאסיק כחול סנו 3 יחידות,מיוצר עי קונדיטוריית,IL,סנובון כחול שלישיה,גרמים,165.00,100 גרם,false,,16.90,0.1024,true,1,29763
7290000292915,false,"תרסיס לניקוי כללי רסס ונגב סנו 750 מ""ל","סנו מפעלי ברונוס בע""\מ",IL,סנו רסס ונגב אקדח 75,מיליליטרים,750.00,"100 מ""ל",false,,12.90,0.0172,true,1,29765
7290000293073,false,מקסימה מרכך כביסה ביו לבן סנו 4 ליטר,"סנו מפעלי ברונוס בע""\מ",IL,מרכך כביסה סנו מקסימ,ליטרים,4.00,ליטר,false,,22.90,5.7250,true,1,29767
7290000293530,false,סנו פרש סופג לחות שקית מילוי 340 גרם,סנו מפעלי ברונו בעמ,IL,מילוי סופג לחות,מיליליטרים,340.00,"100 מ""ל",false,,12.90,0.0379,true,1,29770
7290000293837,false,"קרמה מן דאודורנט ג'ל אנטיפרספירנט 70 מ""ל",קוסמופארם בעמ,IL,דאודורנט ג'ל קרמה מן,מיליליטרים,70.00,"100 מ""ל",false,,13.90,0.1986,true,1,29773
7290000293943,false,"מרסס לבן מסיר אבנית 1 ליטר אנטי קאלק ""סנו""",מיוצר עי קונדיטוריית,IL,סנו אנטי קאלק+מתז 1,ליטרים,1.00,ליטר,false,,19.90,19.9000,true,1,29775
7290000294780,false,אקונומיקה סמיכה בריח לימון סנו ז'אוול 4 ליטר,"סנו מפעלי ברונוס בע""מ",IL,סנו ז'אוול סמיכה 4 ל,ליטרים,4.00,ליטר,false,,16.90,4.2250,true,1,29781
7290000295121,false,מטליות זיגזג סנו סושי לניקוי רצפות 3יח',קריות זול,IL,מטלית זיגזג 3יח,יחידה,0.00,יחידה,false,,11.90,0.0000,true,1,29782
7290000295299,false,סנו סושי כריות הפלא רב תכלתיות רביעייה,סנו מפעלי ברונו בעמ,IL,כריות יפניות סנו סוש,יחידה,0.00,יחידה,false,,11.90,0.0000,true,1,29783
7290000295404,false,שקיות אשפה עם שרוך 54 * 65 סנו סושי 60 יחידות,מיוצר עי קונדיטוריית,IL,שקיות אשפה נשלפות סנ,יחידה,0.00,יחידה,false,,22.90,0.0000,true,1,29788
7290000295503,false,זוג שקיות מזון טבע 19*25 סנו סושי 150 יחידות,"אשפלסט תעשיות בע""מ",CN,סנו סושי צמד שקיות א,יחידה,0.00,יחידה,false,,14.90,0.0000,true,1,29789
7290000295558,false,"רדיד אלומיניום רוחב 30 ס""מ סנו סושי 2 יח' 7.5 מטר",מולינו ניקולי s.p.a,TR,צמד רדיד אלומיניום ק,מטרים,15.00,מטר,false,,11.90,0.7933,true,1,29791
7290000295565,false,"רדיד אלומיניום רוחב 45 ס""מ סנו 2 יח' 7.5 מטר",בורסה פאזרי,TR,רדיד אלומיניום רחב ב,מטרים,15.00,מטר,false,,16.90,1.1267,true,1,29792
7290000295572,false,"מארז זוגי מנקה אסלות 00 סנו 750 מ""ל",מיוצר עי קונדיטוריית,IL,מנקה אסלות 00 צמד,ליטרים,1.50,ליטר,false,,17.90,11.9333,true,1,29793
7290000295794,false,ספוגיות מתכת אל חלד לניקוי סנו 3 יחידות,סנו,,ספוגיות אל חלד זוג,יחידה,0.00,יחידה,false,,12.90,0.0000,true,1,29796
7290000295824,false,"רדיד אלומיניום 30 ס""מ רוחב סנו סושי 100 מטר",מולינו ניקולי s.p.a,TR,סנו סושי רדיד אלומינ,מטרים,100.00,מטר,false,,56.90,0.5690,true,1,29797
7290000300900,false,שניצל תירס מרכיבים טבעיים טבעול 750 גרם,עיצובים 2020 (4.8),IL,שניצל תירס טבעול רכי,גרמים,750.00,100 גרם,false,,21.90,0.0292,true,1,19702
7290000313160,false,זהבה ושלושת הדובים עוגיות בטעם שוקולד אסם 350 גרם,"הגביע מוצרי וופלים בע""\מ",IL,חברים זהבה ושלושת הד,גרמים,250.00,100 גרם,false,,8.50,0.0340,true,1,18640
7290000313184,false,עוגיות חברים גן חיות וניל אסם 250 גר',"הגביע מוצרי וופלים בע""\מ",IL,חברים ביסקויט גן חיו,גרמים,250.00,100 גרם,false,,8.50,0.0340,true,1,18641
7290000313290,false,אסם נודלס נודלס אטריות מסולסלות 200גר,תאי פרזידנט פוד בנגק,TH,נודלס אטריות מסולסלו,יחידה,200.00,יחידה,false,,8.90,0.0445,true,1,18643
7290000318127,false,"נקניקיות ביס 380 גרם ""יחיעם""",מעדני יחיעם 1993,IL,נקניקיות ביס 380 גרם,גרמים,380.00,100 גרם,false,,10.90,0.0287,true,1,15516
7290000318165,false,פסטרמה צלויה על גחלי,מעדני יחיעם,IL,פסט.צ.על גחלים יחיעם,קילוגרמים,1.00,"ק""ג",true,,75.00,75.0000,true,1,15485
7290000318288,false,פסטרמה חזה הודו בדבש,מעדני יחיעם,IL,פסט.הודו בדבש יחיעם,קילוגרמים,1.00,"ק""ג",true,,69.00,69.0000,true,1,15486
7290000318479,false,נקניק פרושוטו בקר יחיעם 100 גרם,תאי פרזידנט פוד פאבל,IL,פרושטו בקר יחיעם 100,גרמים,100.00,100 גרם,false,,26.90,0.2690,true,1,15523
7290000318677,false,נקניק סלמי סרוולט יחיעם 150 גרם,מעדני יחיעם 1993,IL,סלמי סרוולט 150גר יח,גרמים,150.00,100 גרם,false,,22.90,0.1527,true,1,15525
7290000318899,false,נקניק סלמי פיין יחיע,מעדני יחיעם,IL,נקניק סלמי פיין יחיע,קילוגרמים,1.00,"ק""ג",true,,46.00,46.0000,true,1,15499
7290000318929,false,סלמי צרפתי מובחר במשקל,מעדני יחיעם,IL,סלמי צרפתי יחיעם מעד,קילוגרמים,1.00,"ק""ג",true,,140.00,140.0000,true,1,15500
7290000318943,false,פסטרמה של פעם מעושן 1.5% יחיעם 200 גרם,תאי פרזידנט פוד פאבל,IL,פסטרמה של פעם 200 גר,גרמים,200.00,100 גרם,false,,21.90,0.1095,true,1,15532
7290000319124,false,סלמי סרוולט מאפ יחיעם 250 גרם,מעדני יחיעם 1993,IL,סלמי סרוולט 250 גרם,גרמים,250.00,100 גרם,false,,34.90,0.1396,true,1,15535
7290000319131,false,נקניקיות עוף יחיעם 400 גרם,מעדני יחיעם 1993,IL,נקניקיות עוף יחיעם 4,גרמים,400.00,100 גרם,false,,10.90,0.0273,true,1,15536
7290000319803,false,קבנוס קלאסי יחיעם 125 גרם,תאי פרזידנט פוד פאבל,IL,קבנוס קלאסי 125גר,גרמים,125.00,100 גרם,false,,10.90,0.0872,true,1,15551
7290000319834,false,קבנוס פפרוני קלאסי 125 גרם,תאי פרזידנט פוד פאבל,IL,יחיעם קבנוס פפרוני ק,גרמים,125.00,100 גרם,false,,10.90,0.0872,true,1,15552
7290000327075,false,שישיית מי סודה בטעם למון ליים טמפו 0.5 ליטר,"טמפו משקאות בע""\מ",IL,סודה בטעם למון ליים,ליטרים,3.00,ליטר,false,,14.90,4.9667,true,1,368499
7290000334684,false,תפוגן טבעות בצל 700 גרם,"תעשיות תפוגן בע""\מ",IL,טבעות בצל 700 גרם,גרמים,700.00,100 גרם,false,,17.90,0.0256,true,1,19716
7290000345215,false,תה כחול קלאסיק ויסוצקי 100 יחידות,מולינו ניקולי s.p.a,IL,תה ויסוצקי קלאסיק 10,גרמים,100.00,100 גרם,false,,15.90,0.1590,true,1,24590
7290000345260,false,תה קלאסיק מעטפות ויסוצקי 25 יחידות,מולינו ניקולי s.p.a,IL,תה ויסוצקי קלאסיק 25,גרמים,37.50,100 גרם,false,,6.90,0.1840,true,1,24591
7290000345277,false,תה ויסוצקי קלאסי אריזה ירוקה מרובעת (50שקיקים),מולינו ניקולי s.p.a,IL,תה ויסוצקי קלאסיק 1.,גרמים,75.00,100 גרם,false,,10.90,0.1453,true,1,24592
7290000345284,false,תה ויסוצקי קלאסי אריזה ירוקה מרובעת (100 שקיקים),מולינו ניקולי s.p.a,IL,תה ויסוצקי 1.5 קלאסי,גרמים,150.00,100 גרם,false,,15.90,0.1060,true,1,24593
7290000345291,false,תה ארל גריי ויסוצקי 25 יחידות,תה ויסוצקי,IL,תה ארל גריי 1.5/25,גרמים,37.50,100 גרם,false,,15.90,0.4240,true,1,24594
7290000345307,false,תה ארל גריי ויסוצקי 50 יחידות,מולינו ניקולי s.p.a,IL,תה ארל גריי 1.5/50,גרמים,75.00,100 גרם,false,,28.90,0.3853,true,1,24595
7290000345536,false,תה נענע ויסוצקי 25 יחידות,מולינו ניקולי s.p.a,IL,תה נענע 25 שקיות 1.5,גרמים,37.50,100 גרם,false,,17.90,0.4773,true,1,24596
7290000346120,false,חליטת קינמון הגן הקסום ויסוצקי 25 יחידות,תה ויסוצקי,IL,תה קסם הקנמון 25 שקי,גרמים,62.50,100 גרם,false,,17.90,0.2864,true,1,24602
7290000346137,false,חליטת הילולי פירות הגן הקסום ויסוצקי 25 יחידות,תה ויסוצקי,IL,תה הילולי פירות 25 ש,גרמים,62.50,100 גרם,false,,17.90,0.2864,true,1,24603
7290000346168,false,חליטת שומר הגן הקסום ויסוצקי 25 יחידות,תה ויסוצקי,IL,תה חליטת שומר גן קסו,גרמים,37.50,100 גרם,false,,17.90,0.4773,true,1,24606
7290000346199,false,חליטת פירות יער הגן הקסום ויסוצקי 25 יחידות,תה ויסוצקי,IL,תה פירות יער 25 שקיק,גרמים,67.50,100 גרם,false,,17.90,0.2652,true,1,24607
7290000346205,false,חליטת קמומיל הגן הקסום ויסוצקי 25 יחידות,תה ויסוצקי,IL,תה קמומיל 25 שקיקים,גרמים,37.50,100 גרם,false,,17.90,0.4773,true,1,24608
7290000346212,false,חליטת מנטה הגן הקסום ויסוצקי 25 יחידות,תה ויסוצקי,IL,תה מנטה 25 שקיקים,גרמים,50.00,100 גרם,false,,17.90,0.3580,true,1,24609
7290000346960,false,תה ויסוצקי נענע 1.7 גרם 50יח',בית ויסוצקי,IL,תה נענע 50 שקיקים 1.,גרמים,75.00,100 גרם,false,,28.90,0.3853,true,1,24613
7290000347738,false,תה ירוק נענע ויסוצקי 25 יחידות,תה ויסוצקי,IL,תה ירוק נענע 25 שקיק,גרמים,37.50,100 גרם,false,,23.90,0.6373,true,1,24614
7290000347752,false,תה ירוק לימונית ולואיזה 25 שקיקים *1.5 ג'' ויסוצקי,תה ויסוצקי,IL,תה ירוק לימונית ולוא,גרמים,37.50,100 גרם,false,,23.90,0.6373,true,1,24615
7290000358753,false,לשון בקר ארוז חלק קפ,,,לשון בקר ארוז חלק קפ,קילוגרמים,1.00,"ק""ג",true,,39.90,39.9000,true,1,96315
7290000363363,false,קבנוס נקניק מעושן יבש 160 גרם,הנסיך- מפעל לייצור ט,IL,קבנוס מיוחד 160 גרם,גרמים,160.00,100 גרם,false,,14.90,0.0931,true,1,25320
7290000363486,false,נקניק תה טירת צבי מע,טירת- צבי,IL,נקניק תה טירת צבי מע,קילוגרמים,1.00,"ק""ג",true,,50.00,50.0000,true,1,25288
7290000364261,false,"דקניקים, סלסולי פסטרמה כתף בקר מעושנת 120 גרם",הנסיך- מפעל לייצור ט,IL,סלסולי כתף בקר 120 ג,גרמים,120.00,100 גרם,false,,12.80,0.1067,true,1,25324
7290000364278,false,דקניקים סלסולי סלמי איטלקי משובח טירת צבי 120 גרם,הנסיך- מפעל לייצור ט,IL,סלסולי סלמי איטלקי מ,גרמים,120.00,100 גרם,false,,12.80,0.1067,true,1,25325
7290000364285,false,דקניקים סלסולי פסטרמה הודו טירת צבי 120 גרם,הנסיך- מפעל לייצור ט,IL,טירת צבי סלסולי פסטר,גרמים,120.00,100 גרם,false,,12.80,0.1067,true,1,25326
7290000364292,false,דקניקים סלסולי פסטרמה הודו על גחלים 1% טירת צבי 120 גרם,הנסיך- מפעל לייצור ט,IL,סלסולי פסטרמה גחלים,גרמים,120.00,100 גרם,false,,12.80,0.1067,true,1,25327
7290000364803,false,נקניקיות בקר אמריקאיות טירת צבי 500 גרם,הנסיך- מפעל לייצור ט,IL,נקניקיות קרנץ אמריקא,גרמים,500.00,100 גרם,false,,26.90,0.0538,true,1,25330
7290000364810,false,נקניקיות עגל 500 גרםטירת צבי,הנסיך- מפעל לייצור ט,IL,נקנקיות עגל 500 גרם,גרמים,500.00,100 גרם,false,,26.90,0.0538,true,1,25331
7290000364858,false,"נקניקיות עוף טרי טירת צבי 1 ק""ג",הנסיך- מפעל לייצור ט,IL,נקניקיות עוף טרי 1 ק,קילוגרמים,1.00,"ק""ג",false,,22.90,22.9000,true,1,25332
7290000364872,false,נקניקיות עוף טירת צבי 400 גרם,טיב טירת צבי 2000,IL,נקניקיות עוף 400 גרם,גרמים,400.00,100 גרם,false,,11.90,0.0298,true,1,25333
7290000367590,false,פסטרמה כפרית וסלמי פריזר כפרי טירת צבי 2*400 גרם,טיב טירת צבי 2000,IL,צמד כפרי נק.סלמי+פסט,גרמים,800.00,100 גרם,false,,25.40,0.0317,true,1,25336
7290000369365,false,מעדן גבינה בולגרית עם חציל 9% ניצן 200 גרם,גבינות אמיר ניצן בעמ,IL,ניצן גבינה מתובלת 9%,גרמים,200.00,100 גרם,false,,13.50,0.0675,true,1,6159
7290000369617,false,מעדן כדורי פטה בשמן מתובל ניצן 230 גרם,גבינות אמיר ניצן בעמ,IL,ניצן כדורי פטה בשמני,גרמים,150.00,100 גרם,false,,16.90,0.1127,true,1,6160
7290000369709,false,חמאה עירונית בתוספת ריחן ושום טרי גבינות ניצן 100 גרם,גבינות אמיר ניצן בעמ,IL,ניצן חמאה ט.שונים 10,גרמים,100.00,100 גרם,false,,12.90,0.1290,true,1,6161
7290000370161,false,גבינת צ'דר בשלה שקיל,,,גבינת צ'דר בשלה שקיל,קילוגרמים,1.00,"ק""ג",true,,95.00,95.0000,true,1,2779
7290000379142,false,לחם עינן מחיטה מלאה פרוס 750 גרם(מרובע),מאפיית שלמה א. אנג'\ל בע,IL,לחם עינן אנגל 750 גר,גרמים,750.00,100 גרם,false,,15.90,0.0212,true,1,35379
7290000379203,false,לחם עינן קל פרוס מחיטה מלאה אנג'ל 500 גרם,מאפיית שלמה א. אנג'\ל בע,IL,לחם עינן קל אנגל 500,גרמים,500.00,100 גרם,false,,15.90,0.0318,true,1,35381
7290000382210,false,שקיות גופיה ינות בית,,,שקיות גופיה ינות בית,יחידה,0.00,יחידה,false,,0.10,0.0000,true,1,48
7290000382227,false,שקיות גופיה מגה בעיר,,,שקיות גופיה מגה בעיר,יחידה,0.00,יחידה,false,,0.10,0.0000,true,1,49
7290000385738,false,מנצ`גו משולש. מע.,,,מנצ`גו משולש. מע.,קילוגרמים,1.00,"ק""ג",true,,173.00,173.0000,true,1,14614
7290000408316,false,יוגורט דנונה דל לקטוז 200 גרם,מיוצר עי קונדיטוריית,IL,דנונה טבעי 3% 200מל,מיליליטרים,200.00,"100 מ""ל",false,,3.90,0.0195,true,1,23238
7290000408354,false,יוגורט עם אורז מצופה שוקולד קקאו 175 ג' דנונה,"שטראוס בריאות בע""\מ",IL,דנונה קראנצ' פצפוצים,מיליליטרים,175.00,"100 מ""ל",false,,4.60,0.0263,true,1,23239
7290000410874,false,מעדני הטלה רבעי פרגי,,,רבעי פרגיות מלוח,קילוגרמים,1.00,"ק""ג",true,,49.90,49.9000,true,1,16589
7290000412139,false,נוזל רצפות בניחוח אורנים ריצפז 3 ליטר,"סנו מפעלי ברונוס בע""\מ",IL,ריצפז סנו אורן 3 ליט,ליטרים,3.00,ליטר,false,,15.90,5.3000,true,1,29798
7290000412481,false,נוזל לניקוי אסלות 00 סנו 1 ליטר,מיוצר עי קונדיטוריית,IL,מנקה אסלות 1 ליטר 00,ליטרים,1.00,ליטר,false,,7.90,7.9000,true,1,29800
7290000416021,false,ממרח בטעם שוקולד השחר חלבי 500,השחר העולה,IL,ממרח שוקולד השחר 500,גרמים,500.00,100 גרם,false,,12.90,0.0258,true,1,28854
7290000416045,false,"ממרח בטעם שוקולד השחר 1 ק""ג",השחר העולה תעשייות מ,IL,ממרח שוקולד השחר 1 ק,קילוגרמים,1.00,"ק""ג",false,,24.90,24.9000,true,1,28856
7290000416076,false,"צימקאו לאפייה וציפוי השחר 400 גרם כשל""פ",השחר העולה תעשייות מ,IL,צימקאו לאפיה 400 גר',גרמים,400.00,100 גרם,false,,10.90,0.0273,true,1,28857
7290000416618,false,"ממרח שוקולד פרווה השחר 400 גרם כשל""פ",השחר העולה תעשייות מ,IL,ממרח שוקולד פרווה הש,גרמים,400.00,100 גרם,false,,11.90,0.0298,true,1,28864
7290000416632,false,"ממרח שוקולד פרווה השחר 1 ק""ג כשל""פ",השחר העולה תעשית ממת,IL,ממרח שוקולד פרווה הש,קילוגרמים,1.00,"ק""ג",false,,23.90,23.9000,true,1,28865
7290000416878,false,קקאו השחר 500 גרם,השחר העולה תעשייות מ,IL,קקאו 500 גר',גרמים,500.00,100 גרם,false,,20.90,0.0418,true,1,28869
7290000418131,false,תחבושות טופ פד מקופלת 18 יח',מוצרי נייר עמיר,IL,תחבושות סופר מקופלת,יחידה,0.00,יחידה,false,,5.90,0.0000,true,1,29453
7290000419220,false,לנדוור כחול המקורי קפה טחון טורקי 3*100 גרם 16 יח',קפה לנדוור,IL,לנדוור כחול המקורי ק,גרמים,300.00,100 גרם,false,,17.90,0.0597,true,1,18646
7290000419374,false,שלישיית קפה טחון טורקי לנדוור 100 גרם,קפה לנדוור,IL,לנדוור לבוקר קפה טחו,גרמים,300.00,100 גרם,false,,17.90,0.0597,true,1,18647
7290000419923,false,לנדוור קפה אספרסו טחון בואקום 200 גר,קפה לנדוור,IL,לנדוור קפה אספרסו טח,גרמים,200.00,100 גרם,false,,19.90,0.0995,true,1,18650
7290000420325,false,"פופסטאר פופקורן למקירוגל בטעם טבעי 5 שקיות,500 גרם",פרסטון פארמס,US,פופסטאר פופקורן טבעי,גרמים,500.00,100 גרם,false,,11.90,0.0238,true,1,5730
7290000420332,false,פופסטאר פופקורן למיקרוגל בטעם חמאה 5 יחידות 500 גרם,פרסטון פארמס,US,פופסטאר פופקורן חמאה,גרמים,500.00,100 גרם,false,,11.90,0.0238,true,1,5731
7290000420417,false,גלילונית שקיות אשפה 52X65 עם שרוך 60 יחידות,"איטיליאן פוד, אס.פי.",IL,גלילונית שקיות אשפה,יחידה,0.00,יחידה,false,,17.90,0.0000,true,1,5732
7290000435251,false,סוכריות מיני משמחים עלה 500ג',הנמל,IL,מיני משמחים 500 גרם,גרמים,500.00,100 גרם,false,,14.90,0.0298,true,1,275670
7290000453019,false,שמרים טריים לאפייה שקית שמרית 50 ג',"פאקא תעשיות בע""\מ",IL,שמרית שמרים טריים לא,גרמים,50.00,100 גרם,false,,4.50,0.0900,true,1,23240
7290000453125,false,שמרית שמרים טריים לאפייה +משפר אפייה 100ג,"פאקא תעשיות בע""\מ",IL,שמרית שמרים טריים לא,גרמים,100.00,100 גרם,false,,7.70,0.0770,true,1,23241
7290000453408,false,בצק פיצה דק מצונן ומוכן לאפייה שמרית 415 גרם,"פאקא תעשיות בע""מ",FR,שמרית בצק פיצה דק מצ,גרמים,415.00,100 גרם,false,,17.50,0.0422,true,1,23242
7290000453422,false,בצק פילו מצונן ומוכן לאפייה שמרית 300 גרם,"פאקא תעשיות בע""מ",GR,שמרית בצק פילו מוכן,גרמים,300.00,100 גרם,false,,15.90,0.0530,true,1,23244
7290000453866,false,נטורינה תחליף מרגרינה לבישול ואפיה קוקוס שמרית 200 גרם,גרונבאנג- גרונדנסק א,DK,נטורינה קוקוס שטראוס,גרמים,200.00,100 גרם,false,,7.70,0.0385,true,1,23245
7290000453880,false,מרגרינה ללא מלח לאפיה ובישול שמרית 200גר,"פאקא תעשיות בע""מ",IL,מרגרינה ללא מלח לאפי,גרמים,200.00,100 גרם,false,,4.90,0.0245,true,1,23247
7290000453897,false,מרגרינה בטעם חמאה שמרית 200 גרם,גרונבאנג- גרונדנסק א,IL,מרגרינה בטעם חמאה 20,גרמים,200.00,100 גרם,false,,4.90,0.0245,true,1,23248
7290000455234,false,פילה אמנון 5-7 בוואק,,,פילה אמנון קפוא 5-7,קילוגרמים,1.00,"ק""ג",true,,29.90,29.9000,true,1,51456
7290000462141,false,סחוג אדום תימני מקורי חריף מאוד זהבי 150 גרם,קריניסה ויטמין אס אי,IL,סחוג אדום חריף מאוד,גרמים,150.00,100 גרם,false,,7.90,0.0527,true,1,23250
7290000462172,false,סחוג תימני ירוק חריף זהבי הכרם 150 גרם,קריניסה ויטמין אס אי,IL,סחוג ירוק חריף מאוד,גרמים,150.00,100 גרם,false,,7.90,0.0527,true,1,23252
7290000467153,false,מלך החומוס סמיר הגדול 400 גרם צבר,סלטי צבר,IL,צבר חומוס סמיר הגדול,גרמים,400.00,100 גרם,false,,13.90,0.0348,true,1,19728
7290000469715,false,חזה בקר מס' 3 חלק אר,,,חזה בקר מס' 3 חלק אר,קילוגרמים,1.00,"ק""ג",true,,31.90,31.9000,true,1,603006
7290000469746,false,פילה מדומה מס' 6 חלק,,,פילה מדומה מס' 6 חלק,קילוגרמים,1.00,"ק""ג",true,,37.90,37.9000,true,1,603063
7290000472821,false,גבינה צהובה 28% הר,,,גבינה צהובה 28% הר,קילוגרמים,1.00,"ק""ג",true,,31.00,31.0000,true,1,493888
7290000474090,false,"חלב בקרטון 1%- 1 ליטר בד""צ - מוצר בפיקוח",מילקו תעשיות בעמ,IL,טרה חלב בקרטון 1% 1ל,ליטרים,1.00,ליטר,false,,5.86,5.8600,true,1,6345
7290000474502,false,גבינה לבנה טרה 5% מרכיבים טבעיים,הפריט בפיקוח,IL,טרה גבינה לבנה 5% 25,גרמים,250.00,100 גרם,false,,4.98,0.0199,true,1,6354
7290000474540,false,טוב טעם גבינה לבנה 3% טרה 250 גרם,קריות זול,IL,טוב טעם גבינה 3% 250,גרמים,250.00,100 גרם,false,,11.50,0.0460,true,1,6355
7290000474830,false,נעם גבינה צהובה מגורדת 28% טרה 500 גרם,מילקו תעשיות בעמ,IL,נעם גבינה צהובה מגור,גרמים,500.00,100 גרם,false,,32.90,0.0658,true,1,6356
7290000478157,false,מעדני הטלה רבעי פרגי,,,רבעי פרגיות מתוק,קילוגרמים,1.00,"ק""ג",true,,49.90,49.9000,true,1,419353
7290000480107,false,קוואקר שיבולת שועל פחית 500 גרם,וולקרס סנקס לימיטד,GB,"קוואקר מהיר אטוס לל""",גרמים,500.00,100 גרם,false,,12.90,0.0258,true,1,24152
7290000480332,false,גד גבינת גאודה בקר מ,,,גאודה בקר משולש גד 3,קילוגרמים,1.00,"ק""ג",true,,114.00,114.0000,true,1,345947
7290000480349,false,גד גאודה עיזים משולש,,,גאודה עיזים משולש גד,קילוגרמים,1.00,"ק""ג",true,,137.00,137.0000,true,1,345933
7290000480442,false,קוואקר שיבולת שועל בשקית 500 גרם,פריטו ליי FRITO-LAY,IL,שיבולת שועל בשקית קו,גרמים,500.00,100 גרם,false,,9.90,0.0198,true,1,24153
7290000481029,false,פיתות בטעם ביתי 10 יחידו,דגנית עין בר תעשיות מזון,IL,פיתות 10 יחידות בטעם,קילוגרמים,1.00,"ק""ג",false,,10.90,10.9000,true,1,57429
7290000481043,true,עשיריית פיתות כוסמין,,,עשיריית פיתות כוסמין,גרמים,700.00,100 גרם,false,,14.90,0.0213,true,1,140132
7290000481074,false,לחם משלושה קמחים מלאים 750 גר,דגנית עין בר תעשיות מזון,IL,לחם טריו מלא דגנית 7,גרמים,750.00,100 גרם,false,,19.90,0.0265,true,1,530983
7290000481531,false,דגנית עין בר לחמניות אצבע מחיטה מלאה בשקית 750 ג',דגנית עין בר תעשיות מזון,IL,לחמניות 10 יחידות חי,גרמים,750.00,100 גרם,false,,13.90,0.0185,true,1,4462
7290000481883,false,דגנית עין בר מארז לחמניות 10 יח'*75 ג',דגנית עין בר תעשיות מזון,IL,10 לחמניות דגנית,גרמים,750.00,100 גרם,false,,13.90,0.0185,true,1,4466
7290000482019,false,שקיות לצליה קוקי 10 יחידות,"ש. שסטוביץ בע""מ",IL,שקיות קוקי רגיל 10יח,יחידה,0.00,יחידה,false,,11.90,0.0000,true,1,21407
7290000484747,false,עראק עלית 700 מל 40% כהל,יקב הגליל יוסף גולד ובניו,IL,"עלית הארק 40% 700 מ""",מיליליטרים,700.00,"100 מ""ל",false,,59.90,0.0856,true,1,28889
7290000490397,false,קרמבו מנבו וניל 480 ג',הגלידות של פלדמן,IL,מנבו 20 יחידות,גרמים,480.00,100 גרם,false,,32.90,0.0685,true,1,36058
7290000490601,false,גלידל וניל פלדמן מארז שמינייה,הגלידות של פלדמן,IL,גלידל מאגדת בטעם וני,גרמים,400.00,100 גרם,false,,31.90,0.0797,true,1,36059
7290000490625,false,שלגונים ציפוי שוקו מאגדת שמינייה 560 ג',הגלידות של פלדמן,IL,מאגדת שלגונים ציפוי,גרמים,560.00,100 גרם,false,,23.90,0.0427,true,1,73384
7290000490762,false,גלידל שוקו פלדמן מארז שמינייה,הגלידות של פלדמן,IL,גלידל מאגדת בטעם שוק,גרמים,400.00,100 גרם,false,,31.90,0.0797,true,1,36061
7290000493176,false,אסם אבקת רוטב צלי לבשר 22 ג',"אסם השקעות בע""\מ",IL,אסם אבקת רוטב צלי לב,גרמים,22.00,100 גרם,false,,3.90,0.1773,true,1,18680
7290000493183,false,אבקת רוטב פטריות לבשר-30 גרם,"אסם השקעות בע""\מ",IL,אסם אבקת רוטב פטריות,גרמים,30.00,100 גרם,false,,3.90,0.1300,true,1,18681
7290000496360,false,פילה בקלה דרום אפרי,,,פילה בקלה דרום אפרי,קילוגרמים,1.00,"ק""ג",true,,43.90,43.9000,true,1,210811
7290000504049,false,סוכרזית קלאסי קנקן 1200 טבליות,אף.סי תבליני בגליל ב,IL,סוכרזית קנקן 1200 טב,גרמים,984.00,100 גרם,false,,23.90,0.0243,true,1,22203
7290000504209,false,"סוכרזית דיאט טיפ נוזלי 220 מ""ל",אף.סי תבליני בגליל ב,IL,דיאט טיפ-ממתיק,מיליליטרים,220.00,"100 מ""ל",false,,14.90,0.0677,true,1,22204
7290000504278,false,ממתיק סוכרזית אריזת פטנט 700 טבליות,אף.סי תבליני בגליל ב,IL,סוכרזית פטנט 700 טבל,גרמים,574.00,100 גרם,false,,13.90,0.0242,true,1,22206
7290000518190,false,מתוק וקל סטיביה 100 יחידות,מתוק וקל,IL,מתוק וקל סטיביה 100,גרמים,80.00,100 גרם,false,,24.90,0.3112,true,1,15787
7290000518251,false,ממתיק זהב מתוק וקל 100 יחידות,קריות זול,IL,מתוק וקל זהב 100 שקי,גרמים,100.00,100 גרם,false,,11.90,0.1190,true,1,15790
7290000521008,false,יין אדום יבש של סגל750מל,"כרמי צבי - אחים סגל בע""\",IL,אדום יבש סגל.,מיליליטרים,750.00,"100 מ""ל",false,,21.90,0.0292,true,1,9380
7290000521015,false,"יין לבן יבש של סגל750מ""ל","מיוצר ע""י כרמי צבי-",IL,"לבן סגל 750 מ""ל",מיליליטרים,750.00,"100 מ""ל",false,,21.90,0.0292,true,1,9381
7290000521022,false,"של סגל, יין לבן חצי יבש 750 מ""ל","מיוצר ע""י כרמי צבי-",IL,סגל לבן חצי יבש 750,מיליליטרים,750.00,"100 מ""ל",false,,21.90,0.0292,true,1,9382
7290000522272,false,"שמנת לקפה רמת הגולן 10% 500 מ""ל עמידה",מחלבות רמת הגולן,IL,חלב הרים שמנת לקפה 1,מיליליטרים,500.00,"100 מ""ל",false,,8.90,0.0178,true,1,6364
7290000523125,false,מלח הארץ הים האדום 250 ג' עדין,"חברת מלח הארץ אילת בע""\מ",IL,מלח ים יבש הארץ 250,גרמים,250.00,100 גרם,false,,5.90,0.0236,true,1,24617
7290000523224,false,מלח הארץ הים האדום 500 ג' עדין,"חברת מלח הארץ אילת בע""\מ",IL,מלח ים יבש הארץ 500,גרמים,500.00,100 גרם,false,,7.90,0.0158,true,1,15457
7290000523521,false,מלח ים מלח הארץ 250 גרם מועשר ביוד,חברת מלח הארץ אילת ב,IL,מלח מעושר ביוד הארץ,גרמים,250.00,100 גרם,false,,5.90,0.0236,true,1,24618
7290000523804,false,"מלח עדין צנצנת 1 ק""ג מלח הארץ","חברת מלח הארץ אילת בע""\מ",IL,מלח עדין בצנצנת הארץ,קילוגרמים,1.00,"ק""ג",false,,7.50,7.5000,true,1,24619
7290000523811,false,"צנצנת מלח גס 1 ק""ג מלח הארץ","חברת מלח הארץ אילת בע""\מ",IL,מלח גס בצנצנת הארץ 1,קילוגרמים,1.00,"ק""ג",false,,7.50,7.5000,true,1,24620
7290000525969,false,מיץ תפוזים סחוט רכיבים טבעיים פרימור 1 ליטר,"גניר (1992) בע""מ",IL,פרימור מיץ תפוזים 1ל,ליטרים,1.00,ליטר,false,,15.90,15.9000,true,1,23256
7290000530048,false,נקניק סלמי פפרוני במ,זוגלובק,IL,סלמי פפרוני זוגלובק,קילוגרמים,1.00,"ק""ג",true,,60.00,60.0000,true,1,38879
7290000530086,false,נקניק סלמי מעושן זוגלובק 600 גרם,נקניק נהריה כשר זוגל,IL,סלמי מעושן 7000 א.מ.,גרמים,600.00,100 גרם,false,,33.00,0.0550,true,1,38915
7290000530109,false,קבנוס זוגי בואקום זוגלובק 180ג',נקניק נהריה כשר זוגל,IL,זוג קבנוס בוואקום 36,גרמים,360.00,100 גרם,false,,24.90,0.0692,true,1,38916
7290000530116,false,נקניק סלמי מעושן בשן 470 ג' זוגלובק,נקניק נהריה כשר זוגל,IL,סלמי מעושן בשן זוגלו,גרמים,470.00,100 גרם,false,,22.90,0.0487,true,1,38917
7290000530468,false,"נקניקיות וינר זוגלובק 1 ק""ג",זוגלובק,IL,נקניקיות וינר טרי 1ק,קילוגרמים,1.00,"ק""ג",false,,24.90,24.9000,true,1,38921
7290000530598,false,נקניקיות עוף וינר זוגלובק 500 גרם,נקניק נהריה כשר זוגל,IL,נקניקיות וינר טרי זו,גרמים,500.00,100 גרם,false,,11.90,0.0238,true,1,38924
7290000530703,false,פסטרמה חרמון כפרית ונקניק תה מעושן זוגלובק 2*400 גרם,נקניק נהריה כשר זוגל,IL,זוג תה 400 + חרמון 4,גרמים,800.00,100 גרם,false,,27.90,0.0349,true,1,38926
7290000532400,false,חזה הודו ברביקיו במשקל,זוגלובק,IL,ברביקיו חזה הודו זוג,קילוגרמים,1.00,"ק""ג",true,,80.00,80.0000,true,1,38891
7290000533353,false,"בצק עלים צרפתי 1 ק""ג זוגלובק",מאפיית אריאל וגידרון,IL,זוגלובק בצק עלים 1קג,קילוגרמים,1.00,"ק""ג",false,,13.80,13.8000,true,1,38931
7290000534718,false,חזה הודו תבור דל שומן מש,זוגלובק,IL,תבור חזה מעושן ד.ש.,קילוגרמים,1.00,"ק""ג",true,,80.00,80.0000,true,1,38898
7290000536316,false,"שניצל מן הצומח זוגלובק 1 ק""ג",נקניק נהריה כשר זוגל,IL,"שניצל מן הצומח 1 ק""ג",קילוגרמים,1.00,"ק""ג",false,,23.90,23.9000,true,1,38935
7290000536774,false,"נקניקיות מן הצומח זוגלובק 1ק""ג בד""צ",זוגלובק טבע,IL,"נקניקיה 1 ק""ג בד""ץ.",קילוגרמים,1.00,"ק""ג",false,,23.90,23.9000,true,1,38938
7290000537566,false,נקניקיות עוף טרי 400 ג' זוגלובק,נקניק נהריה כשר זוגל,IL,נקניקיות עוף טרי 400,גרמים,400.00,100 גרם,false,,11.50,0.0288,true,1,38943
7290000537603,false,"נקניקיות עוף זוגלובק 1 ק""ג",זוגלובק,IL,"נקנקיות עוף 1 ק""ג -ז",קילוגרמים,1.00,"ק""ג",false,,24.90,24.9000,true,1,38944
7290000538709,false,נקניק סלמי תה מעושן זוגלובק 200 גרם,זוגלובק,IL,תה מעושן 200 גרם,גרמים,200.00,100 גרם,false,,14.90,0.0745,true,1,38949
7290000552194,false,קישקע טיבון ויל 500 גרם,טיבון ויל אחזקות בעמ,IL,קישקע קפוא 500 גרם,גרמים,500.00,100 גרם,false,,12.90,0.0258,true,1,16793
7290000552569,false,סטייקבורגר בקר טיבון ויל 400 גרם,"טיבון ויל אחזקות בע""\מ",IL,סטייק בורגר 400 ג'-ט,גרמים,400.00,100 גרם,false,,17.90,0.0447,true,1,16794
7290000552927,false,עוף טחון טיבון ויל 500 גרם,"טיבון ויל אחזקות בע""\מ",IL,טחון עוף 500 גרם,גרמים,500.00,100 גרם,false,,12.90,0.0258,true,1,16796
7290000552934,false,בשר הודו טחון טיבון ויל 500 גרם,"טיבון ויל אחזקות בע""\מ",IL,טחון הודו 500 גרם,גרמים,500.00,100 גרם,false,,12.90,0.0258,true,1,16797
7290000552989,false,בשר טחון מובחר טיבון 500 ג',"טיבון ויל אחזקות בע""\מ",IL,בשר עגל טחון קפוא 50,גרמים,500.00,100 גרם,false,,21.90,0.0438,true,1,16798
7290000554402,false,מעדן חלב מלבי 5% גד 170 גרם,"מיוצר ע""\י קוד יצרן EDNK",IL,"גד מלבי 160 מ""ל",מיליליטרים,160.00,"100 מ""ל",false,,6.40,0.0400,true,1,14621
7290000554457,false,גבינה צפתית במליחות עדינה 5% גד 350 גרם,"מחלבות גד בע""\מ",IL,גד צפתית מיני 5% 350,גרמים,350.00,100 גרם,false,,21.90,0.0626,true,1,14622
7290000554532,false,גבינה צפתית מעודנת במלח ים 5% 200 ג' גד,הנסיך- מפעל לייצור ט,IL,גד צפתית מעודנת במלח,גרמים,200.00,100 גרם,false,,11.90,0.0595,true,1,14624
7290000554600,false,מוצרלה מגורדת 22 אחוז 300גרם גד מהדרין,מחלבות גד בעמ,IL,גד מוצרלה מגורדת %18,גרמים,300.00,100 גרם,false,,26.60,0.0887,true,1,14625
7290000554624,false,מעדן חלב ירח מתוק עם אורז 3% גד 150 גרם,"מיוצר ע""\י קוד יצרן EDNK",IL,גד ירח מתוק 150מל,גרמים,150.00,100 גרם,false,,6.40,0.0427,true,1,14626
7290000554686,false,גבינת לאבנה 5% שמן זית וזעתר גד 250 גרם,מחלבות גד בעמ,IL,גד לאבנה בשמן זית וז,גרמים,250.00,100 גרם,false,,15.50,0.0620,true,1,14627
7290000554822,false,ריקוטה גבינה לבנה בסגנון איטלקי 5% גד 250 גרם,מחלבות גד בעמ,IL,גד ריקוטה טבעי 5% 25,גרמים,250.00,100 גרם,false,,14.90,0.0596,true,1,14629
7290000554839,false,שמנת מתוקה קשה בסגנון איטלקי 40% שומן 250 ג' גד,מחלבות גד בעמ,IL,גד מסקרפונה 40% 250ג,גרמים,250.00,100 גרם,false,,22.90,0.0916,true,1,14630
7290000560540,false,אדג' ג'ל גילוח כתום לעור רגיש 198גרם,המאפיה של הרמן,US,ג'ל גילוח כתום לעור,מיליליטרים,200.00,"100 מ""ל",false,,15.90,0.0795,true,1,5741
7290000561158,false,תערובת אגוזים וחמוציות 150גר' שקית,,,תערובת בריאות 150 גר,גרמים,150.00,100 גרם,false,,14.90,0.0993,true,1,1423
7290000561202,false,גרעינים חמניה 200 גרם פיצוחי חממה,,,גרעין חמניה קלוי 200,גרמים,200.00,100 גרם,false,,6.90,0.0345,true,1,1427
7290000561233,false,בוטנים קלויים 200 גרם פיצוחי חממה,,,בוטן קלוי 200ג פיצוח,גרמים,200.00,100 גרם,false,,7.90,0.0395,true,1,1429
7290000561240,false,גרעיני דלעת 200 גרם פיצוחי חממה,,,גרעין דלעת קלוי 200ג,גרמים,200.00,100 גרם,false,,9.90,0.0495,true,1,1430
7290000561363,false,גרעיני אבטיח 200 גרם פיצוחי חממה,,,גרעין אבטיח קלוי 200,גרמים,200.00,100 גרם,false,,13.90,0.0695,true,1,1438
7290000561561,false,מנצ'יס 200 גרם פיצוחי חממה,,,פוסידון מנצ'יס 200ג,גרמים,200.00,100 גרם,false,,9.90,0.0495,true,1,1446
7290000561585,false,קבוקים 200 גרם פיצוחי חממה,,,קבוקים 200ג - חממה,גרמים,200.00,100 גרם,false,,6.90,0.0345,true,1,1448
7290000561714,false,צנובר 100 גרם פיצוחי חממה,,,צנובר 100 גרם,גרמים,100.00,100 גרם,false,,24.90,0.2490,true,1,1452
7290000561981,false,אגוזי מלך 200 גרם פיצוחי חממה,,,אגוז מלך 200ג,גרמים,200.00,100 גרם,false,,19.90,0.0995,true,1,1460
7290000574035,false,לחם אחיד פרוס 750גרם דגנית עין בר,יוניליוור גרמניה Gm,IL,לחם אחיד פרוס דגנית,גרמים,750.00,100 גרם,false,,7.11,0.0095,true,1,4472
7290000574141,false,לחם חיטה מלא 750ג' דגנית עין בר,דגנית עין בר תעשיות מזון,IL,לחם חיטה מלאה דגנית,גרמים,750.00,100 גרם,false,,14.90,0.0199,true,1,4478
7290000574172,false,לחם קל מחיטה מלאה 750 ג' דגנית עין בר,דגנית עין בר תעשיות מזון,IL,לחם קל חיטה מלאה דגנ,גרמים,750.00,100 גרם,false,,13.90,0.0185,true,1,4480
7290000599441,false,סחבות מגולגלות שייני,,,סחבות מגולגלות שייני,יחידה,0.00,יחידה,false,,10.90,0.0000,true,1,13409
7290000599472,false,שישיית כריות יפניות שייני,,IL,שישיית כריות יפניות,יחידה,0.00,יחידה,false,,7.90,0.0000,true,1,13448
7290000599847,false,רב מגבת מויסקו,מ.א,IL,רב מגבת מויסקו,יחידה,0.00,יחידה,false,,8.90,0.0000,true,1,13463
7290000614481,false,סטייק אנטריקוט חלק א,,,סטייק אנטריקוט חלק א,קילוגרמים,1.00,"ק""ג",true,,69.90,69.9000,true,1,581497
7290000614498,false,צלעות בקר (2) חלק א,,,צלעות בקר (2) חלק א,קילוגרמים,1.00,"ק""ג",true,,49.90,49.9000,true,1,581453
7290000614528,false,צלי כתף מס' 5 חלק אר,,,צלי כתף מס' 5 חלק אר,קילוגרמים,1.00,"ק""ג",true,,69.90,69.9000,true,1,289608
7290000614559,false,שריר הזרוע מס' 8 חלק,,,שריר הזרוע מס' 8 חלק,קילוגרמים,1.00,"ק""ג",true,,29.90,29.9000,true,1,289649
7290000614566,false,אסאדו מס' 9 חלק ארוז,,,אסאדו מס' 9 חלק ארוז,קילוגרמים,1.00,"ק""ג",true,,59.90,59.9000,true,1,289529
7290000614580,false,בשר לחמין חלק ארוז,,,בשר לחמין חלק ארוז,קילוגרמים,1.00,"ק""ג",true,,29.90,29.9000,true,1,289650
7290000644783,false,נתחי פילה סלמון קפוא קג,דגי תנובה,DK,דגי תנובה נתחי פילה,קילוגרמים,1.00,"ק""ג",true,,89.90,89.9000,true,1,26480
7290000646299,false,פילה נסיכת הנילוס 100% דג קפוא תנובה,MORE,IL,פילה נסיכה 100% דגי,קילוגרמים,1.00,"ק""ג",true,,54.90,54.9000,true,1,172038
7290000652177,false,נתחי פילה נסיכה 100% דג קפוא תנובה,דגי תנובה,IL,נתחי פילה נסיכה 100%,קילוגרמים,1.00,"ק""ג",true,,69.90,69.9000,true,1,93490
7290000652542,false,פילה אמנון קפוא 5-7 קג,דגי תנובה,IL,פילה אמנון 5-7 100%,קילוגרמים,1.00,"ק""ג",true,,34.90,34.9000,true,1,93475
7290000654546,false,פילה אמנון 7-9 100% דג תנובה,תנובה,CN,פילה אמנון 7-9 100%,קילוגרמים,1.00,"ק""ג",true,,34.90,34.9000,true,1,93477
7290000655376,false,פילה דניס קפוא תנובה,דגי תנובה,TR,פילה דניס קפוא,קילוגרמים,1.00,"ק""ג",true,,89.90,89.9000,true,1,26486
7290000659312,false,דגי תנובה פילה סלומון קפוא בוואקום,דגי תנובה,IL,דגי תנובה פילה סלמון,קילוגרמים,1.00,"ק""ג",true,,69.90,69.9000,true,1,26490
7290000662817,false,סלמון מעושן 100 גרם נורבגי מדג טרי,דגי תנובה,צ'ילה (TDE),סלמון מעושן פרוס 100,גרמים,100.00,100 גרם,false,,18.90,0.1890,true,1,139639
7290000663036,false,פילה אמנון קפוא ללא עור 100% דג תנובה,דגי תנובה,IL,פילה אמנון ללא עור 1,קילוגרמים,1.00,"ק""ג",true,,44.90,44.9000,true,1,172024
7290000663098,false,שווארמה ריב אנטריקות,תנובה בשר,IL,שווארמה אנטריקוט 300,גרמים,300.00,100 גרם,false,,35.90,0.1197,true,1,150353
7290000663111,false,רצועות ריב אנטריקוט בתיב,זוהר בשר,IL,רצועות אנטריקוט בתיב,גרמים,300.00,100 גרם,false,,35.90,0.1197,true,1,150355
7290000663128,false,רצועות אנטריקוט ריב בתיבול עדין,זוהר בשר,IL,רצועות אנטריקוט בתיב,גרמים,300.00,100 גרם,false,,35.90,0.1197,true,1,150356
7290000679370,false,גרון הודו נקבה ארוז,,,גרון הודו נקבה ארוז,קילוגרמים,1.00,"ק""ג",true,,29.90,29.9000,true,1,49888
7290000679440,false,"קמיל בלו משחת החתלה לתינוק ד""ר פישר 100 גרם",פישר מעבדות פרמצבטיות בע,IL,משחה לתינוק קמיל בלו,גרמים,100.00,100 גרם,false,,16.90,0.1690,true,1,29045
7290000679479,false,שווארמה הודו מחפוד ט,,,שווארמה הודו מחפוד ט,קילוגרמים,1.00,"ק""ג",true,,69.90,69.9000,true,1,49895
7290000680123,false,כנפיים עוף טרי ארוז,,,כנפיים עוף טרי ארוז,קילוגרמים,1.00,"ק""ג",true,,10.90,10.9000,true,1,49901
7290000680130,false,שוקיים עוף טרי ארוז,,,שוקיים עוף טרי ארוז,קילוגרמים,1.00,"ק""ג",true,,28.90,28.9000,true,1,49902
7290000680147,false,כרעיים עוף טרי ארוז,,,כרעיים עוף טרי ארוז,קילוגרמים,1.00,"ק""ג",true,,26.90,26.9000,true,1,49903
7290000680161,false,חזה עוף שלם טרי ארוז,,,חזה עוף שלם טרי ארוז,קילוגרמים,1.00,"ק""ג",true,,31.90,31.9000,true,1,49905
7290000680178,false,ירכיים עוף טרי ארוז,,,ירכיים עוף טרי ארוז,קילוגרמים,1.00,"ק""ג",true,,26.90,26.9000,true,1,49906
7290000680185,false,פילה עוף טרי ארוז,,,פילה עוף טרי ארוז,קילוגרמים,1.00,"ק""ג",true,,34.90,34.9000,true,1,49907
7290000680444,false,עוף שלם טרי ארוז,,,עוף שלם טרי ארוז,קילוגרמים,1.00,"ק""ג",true,,18.90,18.9000,true,1,49909
7290000680451,false,כבד עוף טרי ארוז.,,,כבד עוף טרי ארוז.,קילוגרמים,1.00,"ק""ג",true,,19.90,19.9000,true,1,49910
7290000680475,false,לבבות עוף טרי ארוז,,,לבבות עוף טרי ארוז,קילוגרמים,1.00,"ק""ג",true,,27.90,27.9000,true,1,49912
7290000680529,false,שניצל עוף טרי ארוז,,,שניצל עוף טרי ארוז,קילוגרמים,1.00,"ק""ג",true,,36.90,36.9000,true,1,49915
7290000680536,false,סטייק פרגית טרי כרע,,,סטייק פרגית טרי כרע,קילוגרמים,1.00,"ק""ג",true,,49.90,49.9000,true,1,49916
7290000681281,false,עוף טרי מחפוד ארוז-ק,,,עוף טרי מחפוד ארוז-ק,קילוגרמים,1.00,"ק""ג",true,,27.90,27.9000,true,1,49917
7290000681298,false,חזה עוף טרי מחפוד אר,,,חזה עוף טרי מחפוד אר,קילוגרמים,1.00,"ק""ג",true,,32.90,32.9000,true,1,49918
7290000681304,false,כרעיים עוף טרי מחפוד,,,כרעיים עוף טרי מחפוד,קילוגרמים,1.00,"ק""ג",true,,32.90,32.9000,true,1,49919
7290000681311,false,ירכיים עוף טרי מחפוד,,,ירכיים עוף טרי מחפוד,קילוגרמים,1.00,"ק""ג",true,,32.90,32.9000,true,1,49920
7290000681328,false,מחפוד שוקיים עוף טרי,,,מחפוד שוקיים עוף טרי,קילוגרמים,1.00,"ק""ג",true,,36.90,36.9000,true,1,49921
7290000681335,false,פרגיות עוף טרי מחפוד,,,פרגיות עוף טרי מחפוד,קילוגרמים,1.00,"ק""ג",true,,74.90,74.9000,true,1,49922
7290000681342,false,לבבות עוף טרי מחפוד,,,לבבות עוף טרי מחפוד,קילוגרמים,1.00,"ק""ג",true,,34.90,34.9000,true,1,49923
7290000681359,false,כבד עוף טרי ארוז מחפ,,,כבד עוף טרי ארוז מחפ,קילוגרמים,1.00,"ק""ג",true,,32.90,32.9000,true,1,49924
7290000681366,false,כנפיים עוף מחפוד ב-ק,,,כנפיים עוף מחפוד ב-ק,קילוגרמים,1.00,"ק""ג",true,,14.90,14.9000,true,1,49925
7290000681373,false,גרון עוף טרי מחפוד א,,,גרון עוף טרי מחפוד א,קילוגרמים,1.00,"ק""ג",true,,9.90,9.9000,true,1,49926
7290000681380,false,שניצל עוף טרי מחפוד,,,שניצל עוף טרי מחפוד,קילוגרמים,1.00,"ק""ג",true,,34.90,34.9000,true,1,49927
7290000688084,false,מי עדן פקק ספורטאים500מל,"מופק ממקור בזלתי עדן ,1",IL,מי עדן 1/2 ליטר ספור,מיליליטרים,500.00,"100 מ""ל",false,,2.90,0.0058,true,1,11459
7290000688114,false,מים מינרלים מי עדן 1.5 ליטר,מים מינרליים,IL,מי עדן 1.5 ליטר,ליטרים,1.50,ליטר,false,,3.60,2.4000,true,1,11460
7290000688381,false,שישיית מי עדן פקק ספורט 0.5 ליטר,"מופק ממקור בזלתי עדן ,1",IL,מי עדן פקק ספורט 6*5,ליטרים,3.00,ליטר,false,,13.90,4.6333,true,1,11463
7290000688466,false,מים מינרלים פקק ספור,מופק ממקור בזלתי עדן,IL,מי עדן ג'ים 750מל,מיליליטרים,750.00,"100 מ""ל",false,,2.90,0.0039,true,1,11465
7290000688503,false,"מים מינרלים פקק ספורט מי עדן 6*750 מ""ל","מופק ממקור בזלתי עדן ,1",IL,מי עדן ג'ים 6*750מל,ליטרים,4.50,ליטר,false,,15.90,3.5333,true,1,11466
7290000689024,false,כתף כבש שלם מחפוד.,,,כתף כבש שלם מחפוד.,קילוגרמים,1.00,"ק""ג",true,,109.90,109.9000,true,1,54342
7290000692203,false,נוזל לניקוי כללי ורצפות בניחוח לימון אג'קס 2 ליטר,הנסיך- מפעל לייצור ט,GR,אג'קס ניקוי כללי ורצ,ליטרים,2.00,ליטר,false,,22.90,11.4500,true,1,21411
7290000692210,false,נוזל לניקוי כללי ורצפות בניחוח לבנדר אג'קס 2 ליטר,הנסיך- מפעל לייצור ט,GR,אג'קס ניקוי כללי ורצ,ליטרים,2.00,ליטר,false,,22.90,11.4500,true,1,21412
7290000692227,false,נוזל כלים פלמוליב צילינדר קלאסי 1 ליטר,יבואן ומשווק: ש. שסט,GR,פלמוליב לכלים קלאסי-,יחידה,0.00,יחידה,false,,13.90,0.0000,true,1,21413
7290000740212,false,נקניקיות ג'מבו שקיל,,,נקניקיות ג'מבו שקיל,קילוגרמים,1.00,"ק""ג",true,,19.90,19.9000,true,1,38910
7290000803180,false,"מרידול - מי פה שטיפה דנטלית 400 מ""ל",קולגייט פלמוליב,CH,מי פה דנטלית מרידול,מיליליטרים,400.00,"100 מ""ל",false,,30.90,0.0772,true,1,21421
7290000835954,false,פילה אמנון 5-7 בוואק,,,פילה אמנון 5-7 בוואק,קילוגרמים,1.00,"ק""ג",true,,26.90,26.9000,true,1,71604
7290000835961,false,פילה אמנון 7-9 בוואק,,,פילה אמנון 7-9 בוואק,קילוגרמים,1.00,"ק""ג",true,,29.90,29.9000,true,1,71605
7290000900313,false,פסט. ספרדית ט.צבי מע,,,פסט. ספרדית ט.צבי מע,קילוגרמים,1.00,"ק""ג",true,,79.00,79.0000,true,1,25309
7290000910291,false,פלפל צ`ילי,,,פלפל צ`ילי,גרמים,100.00,100 גרם,false,,7.90,0.0790,true,1,46574
7290000977650,false,פיסטוק מקולף,,,פיסטוק מקולף,קילוגרמים,1.00,"ק""ג",true,,154.00,154.0000,true,1,31678
7290000978871,false,חמוציות ללא סוכר,דין שיווק,IL,חמוציות ללא סוכר,קילוגרמים,1.00,"ק""ג",true,,80.00,80.0000,true,1,31681
7290001041123,false,שקדים מולבנים פרוסים מיה 100 גרם,מיה תעשיות מזון מ.ת.מ. ב,IL,מיה שקד מולבן פרוס 1,גרמים,100.00,100 גרם,false,,10.90,0.1090,true,1,14846
7290001041147,false,חומוס גדול יבש מיה 1 ק'ג,מיה תעשיות מזון מ.ת.מ. ב,IL,חומוס 1 ק'ג,קילוגרמים,1.00,"ק""ג",false,,11.90,11.9000,true,1,14848
7290001041161,false,"שעועית לבנה יבשה מיה 1 ק""ג",מיה תעשיות מזון מ.ת.מ. ב,IL,שעועית 1 ק'ג,קילוגרמים,1.00,"ק""ג",false,,14.90,14.9000,true,1,14850
7290001041185,false,"פופקורן גרעינים מיה 1 ק""ג",מיה תעשיות מזון מ.ת.מ. ב,IL,פופקורן 1 ק'ג,קילוגרמים,1.00,"ק""ג",false,,9.90,9.9000,true,1,14852
7290001041192,false,"עדשים אדומים יבשים מיה 1 ק""ג",מיה תעשיות מזון מ.ת.מ. ב,IL,עדשים אדומות 1 ק'ג,קילוגרמים,1.00,"ק""ג",false,,10.90,10.9000,true,1,14853
7290001041208,false,"עדשים ירוקים יבשים מיה 1 ק""ג",מיה תעשיות מזון מ.ת.מ. ב,IL,עדשים ירוקות 1 ק'ג,קילוגרמים,1.00,"ק""ג",false,,12.90,12.9000,true,1,14854
7290001041215,false,"מיה חיטה 1 ק""ג",מיה תעשיות מזון מ.ת.מ. ב,IL,חיטה 1 ק'ג,קילוגרמים,1.00,"ק""ג",false,,6.90,6.9000,true,1,14855
7290001041222,false,"חומוס לבן ענק ק''ג מיה 1 ק""ג",מיה תעשיות מזון מ.ת.מ. ב,IL,חומוס לבן ענק 1 ק'ג,קילוגרמים,1.00,"ק""ג",false,,17.90,17.9000,true,1,14856
7290001041260,false,שומשום מיה 400 גרם,מיה תעשיות מזון מ.ת.מ. ב,IL,שומשום מיה 400 גרם,גרמים,400.00,100 גרם,false,,11.90,0.0298,true,1,14857
7290001041277,false,פירורי לחם רגיל מיה 400ג ',מיה תעשיות מזון מ.ת.מ. ב,IL,פרורי לחם 400 גרם,גרמים,400.00,100 גרם,false,,5.90,0.0148,true,1,14858
7290001041291,false,לקקן סוכריה על מקל 70יח',מיה תעשיות מזון מ.ת.מ. ב,IL,לקקנים סוכריות על מק,גרמים,70.00,100 גרם,false,,16.90,0.2414,true,1,14860
7290001041840,false,"שקדים טחונים 250ג' מיה בד""ץ כשל""פ",מיה תעשיות מזון מ.ת.מ. ב,IL,שקדים טחונים 250 גרם,גרמים,250.00,100 גרם,false,,18.90,0.0756,true,1,14874
7290001041994,false,"סוכר דמררה בצנצנת מיה 1 ק""ג",מיה תעשיות מזון מ.ת.מ. ב,IL,סוכר זהב דמררה צנצנת,קילוגרמים,1.00,"ק""ג",false,,9.90,9.9000,true,1,14883
7290001045169,false,מיץ תפוחי עץ צלול פרימור 1 ליטר,"גניר (1992) בע""מ",IL,פרימור מיץ תפוחים צל,ליטרים,1.00,ליטר,false,,15.90,15.9000,true,1,23257
7290001045688,false,"מיץ תפוזים סחוט פרימור 400 מ""ל",פרימור,IL,פרימור מיץ תפוזים 40,מיליליטרים,400.00,"100 מ""ל",false,,7.90,0.0197,true,1,23262
7290001121054,false,צמד חמד פסטרמה וסלמי יחיעם 700 גרם,תאי פרזידנט פוד פאבל,IL,יחיעם צמד חמד 700 גר,גרמים,700.00,100 גרם,false,,24.90,0.0356,true,1,15554
7290001121238,false,נקניק קורנדביף 4% יחיעם 180 גרם,מעדני יחיעם 1993,IL,יחיעם קורנד ביף 180,גרמים,180.00,100 גרם,false,,23.50,0.1306,true,1,15556
7290001121672,false,פסטרמה מעודנת בפפריקה 300 ג' יחיעם,מעדני יחיעם 1993,IL,פסטרמה הודו בפפריקה,גרמים,300.00,100 גרם,false,,19.90,0.0663,true,1,15557
7290001121849,false,פסטרמה ברביקיו יחיעם 250 גרם ר.טבעיים,מעדני יחיעם 1993,IL,יחיעם פסטרמה הודו טב,גרמים,250.00,100 גרם,false,,24.50,0.0980,true,1,15561
7290001123775,false,שווארמה אמיתית פרגיות טיבון ויל 500 גרם,"טיבול ויל אחזקות בע""",IL,שווארמה פרגיות 500 ג,גרמים,500.00,100 גרם,false,,19.90,0.0398,true,1,16803
7290001123782,false,שווארמה אמיתית הודו טיבון ויל 500 גרם,טיבון ויל - נטו,IL,שווארמה הודו 500 גרם,גרמים,500.00,100 גרם,false,,19.90,0.0398,true,1,16804
7290001136287,false,"שמפו לשיער רגיל בבושם פרחים נקה 7 750 מ""ל","אמיליה קוסמטיקס בע""מ",IL,שמפו רגיל ירוק נקה 7,מיליליטרים,750.00,"100 מ""ל",false,,8.90,0.0119,true,1,29802
7290001136294,false,"שמפו לשיער יבש בבישום פרחים נקה 7 750 מ""ל","אמיליה קוסמטיקס בע""מ",IL,שמפו יבש אדום נקה 7,מיליליטרים,750.00,"100 מ""ל",false,,8.90,0.0119,true,1,29803
7290001136362,false,נקה 7 תחליב רחצה אלוורה ארומה ירוק 1 ל',מיוצר בסין.יבוא ושיו,IL,תחליב רחצה אלוורה ות,יחידה,0.00,יחידה,false,,13.90,0.0000,true,1,29805
7290001136683,false,"מרכך לשיער רגיל בבושם פרחים נקה 7 750 מ""ל","אמיליה קוסמטיקס בע""מ",IL,מרכך רגיל ירוק נקה 7,מיליליטרים,750.00,"100 מ""ל",false,,8.90,0.0119,true,1,29807
7290001136799,false,נקה 7 תחליב רחצה ארומה ורוד יסמין 1 ל',מיוצר בסין.יבוא ושיו,IL,תחליב רחצה ורד ויסמי,יחידה,0.00,יחידה,false,,13.90,0.0000,true,1,29808
7290001136973,false,נקה 7 תחליב רחצה ארומה קמומיל לבן 1 ל',טרופיקל דגיל תעשיות,IL,תחליב רחצה קמומיל נק,יחידה,0.00,יחידה,false,,13.90,0.0000,true,1,29809
7290001178430,false,צלחות מהודרות 7.5 אי,,,צלחות מהודרות 7.5 אי,יחידה,0.00,יחידה,false,,14.90,0.0000,true,1,49510
7290001201510,false,תבנית ביצים מדיום 30 יח',לסר,IL,30 ביצים M מ.לסר,יחידה,0.00,יחידה,false,,27.87,0.0000,true,1,13622
7290001201589,false,ביצים ארוזות L 12 יחידות,"מ.לסר בע""מ",IL,12 ביצים L מ.לסר,יחידה,0.00,יחידה,false,,12.05,0.0000,true,1,13625
7290001201602,false,ביצים 18 יח גדול לסר,לסר,IL,18ביצים L מ.לסר,יחידה,0.00,יחידה,false,,18.07,0.0000,true,1,275701
7290001201657,false,ביצים אומגה M/30 בינוני ארוז,לסר,IL,30 ביצים M אומגה 3 מ,יחידה,0.00,יחידה,false,,41.90,0.0000,true,1,13631
7290001201824,false,תבנית ביצים 12 יח' לארג' אורגני,מ.לסר,IL,12 ביצים L אורגני מ,יחידה,0.00,יחידה,false,,21.90,0.0000,true,1,13634
7290001201862,false,ביצי חופש לארג' 12 יחידות,מ.לסר,IL,12 ביצים חופש L מ. ל,יחידה,0.00,יחידה,false,,17.90,0.0000,true,1,13637
7290001201893,false,ביצים אומגה M 12 יח,,,12 ביצים M אומגה 3,יחידה,0.00,יחידה,false,,16.90,0.0000,true,1,13639
7290001216040,false,טחינה גולמית שומשום טהור אל ארז 500 גרם,אגס ירוק מסחר ושירותים,IL,טחינה אל ארז 100% שו,גרמים,500.00,100 גרם,false,,15.90,0.0318,true,1,34849
7290001216057,false,"טחינה שומשום טהור אל ארז 1 ק""ג",אגס ירוק מסחר ושירותים,IL,טחינה אל ארז 100% שו,קילוגרמים,1.00,"ק""ג",false,,29.90,29.9000,true,1,34850
7290001216101,false,"טחינה שומשום מלא אל ארז 1 ק""ג",טחינה אל ארז,IL,טחינה אל ארז 100% שו,קילוגרמים,1.00,"ק""ג",false,,32.90,32.9000,true,1,544582
7290001216231,false,טחינה גולמית שומשום מלא אל ארז 500 גרם,אגס ירוק מסחר ושירותים,IL,טחינה מלאה 100% שומש,גרמים,500.00,100 גרם,false,,16.90,0.0338,true,1,34854
7290001230331,false,סיגריות כאמל בוקס חפ,Unknown,CH,כאמל בוקס קופסא בודד,יחידה,0.00,יחידה,false,,32.00,0.0000,false,1,4078
7290001231932,false,ווינסטון כחול בוקס חפיסה,Unknown,CH,וינסטון קופסא בודדת,יחידה,0.00,יחידה,false,,32.00,0.0000,false,1,4083
7290001235938,false,וינסטון כחול ארוך חפיסה,Unknown,CH,וינסטון קופסא בודדת,יחידה,0.00,יחידה,false,,32.00,0.0000,false,1,4085
7290001245699,false,אקונומיקה סמיכה בניחוח לימון 4 ל' טאצ',,IL,ג'ל אקונומיקה סמיכה,ליטרים,4.00,ליטר,false,,11.90,2.9750,true,1,37976
7290001245705,false,אקונומיקה מבושמת טאצ' 4 ליטר,סאסאטק,IL,אקונומיקה מבושמת 4 ל,ליטרים,4.00,ליטר,false,,10.90,2.7250,true,1,37977
7290001245712,false,אקונומיקה 4 ליטר טאצ,,,אקונומיקה טאצ' 4 ליט,ליטרים,4.00,ליטר,false,,10.90,2.7250,true,1,37978
7290001245729,false,ג'ל כביסה ירוקה טאצ 3 ליטר סלקט,,IL,ג'ל כביסה ירוק 3 ליט,ליטרים,1.00,ליטר,false,,17.90,17.9000,true,1,37979
7290001245736,false,ג'ל כביסה כחול טאצ' 3 ליטר סלקט,,IL,ג'ל כביסה כחול 3 ליט,ליטרים,1.00,ליטר,false,,17.90,17.9000,true,1,37980
7290001245798,false,נוזל כלים לימון טאצ' 18% 1.6 ליטר,,IL,נוזל כלים לימון 18%,ליטרים,1.60,ליטר,false,,10.90,6.8125,true,1,37982
7290001245828,false,נוזל כלים קלאסי טאצ' 18% 1.6 ליטר,,IL,נוזל כלים קלאסי 18%,ליטרים,1.60,ליטר,false,,10.90,6.8125,true,1,37984
7290001245835,false,נוזל רצפות אורנים 4 ל' טאצ,,IL,נוזל רצפות אורנים 4,ליטרים,4.00,ליטר,false,,13.90,3.4750,true,1,37985
7290001245842,false,נוזל רצפות מאסק 4 לי' טאצ',,,נוזל רצפות מאסק 4 לי,ליטרים,4.00,ליטר,false,,13.90,3.4750,true,1,37986
7290001245897,false,נוזל רצפות יסמין 4 לי' טאצ',,IL,נוזל רצפות יסמין 4 ל,ליטרים,4.00,ליטר,false,,13.90,3.4750,true,1,37991
7290001245958,false,מרכך כביסה ורוד טאצ' 4 ליטר,,IL,מרכך כביסה טאצ' ורוד,ליטרים,4.00,ליטר,false,,13.90,3.4750,true,1,37996
7290001245965,false,מרכך כביסה כחול טאצ' 4 ליטר,,IL,מרכך כביסה טאצ' כחול,ליטרים,4.00,ליטר,false,,13.90,3.4750,true,1,37997
7290001245972,false,מרכך כביסה לבן טאצ' 4 ליטר,,IL,מרכך כביסה טאצ' לבן,ליטרים,4.00,ליטר,false,,13.90,3.4750,true,1,37998
7290001245989,false,מרכך כביסה סגול טאצ' 4 ליטר,,IL,מרכך כביסה טאצ' סגול,ליטרים,4.00,ליטר,false,,13.90,3.4750,true,1,37999
7290001246054,false,פותח סתימות 1 ליטר טאצ,סאסאטק,IL,פותח סתימות 1 ליטר ט,ליטרים,1.00,ליטר,false,,13.90,13.9000,true,1,38000
7290001246061,false,מרכך מרוכז פרפיום פנטזי טאצ 1ל',סאסאטק,IL,מרכך פרימיום פנטזי 1,ליטרים,1.00,ליטר,false,,12.90,12.9000,true,1,38001
7290001246078,false,מרכך מרוכז פרפיום סנשואל טאצ' 1 ל',סאסאטק,IL,מרכך פרימיום סנשואל,ליטרים,1.00,ליטר,false,,12.90,12.9000,true,1,38002
7290001246085,false,טאצ' מרסס ניקוי חלונות 1 ליטר,,IL,תרסיס מנקה חלונות 1,ליטרים,1.00,ליטר,false,,5.90,5.9000,true,1,38003
7290001246092,false,"תרסיס מסיר שומנים 750 מ""ל טאצ.",סאסאטק,IL,תרסיס מסיר שומנים 75,מיליליטרים,750.00,"100 מ""ל",false,,12.90,0.0172,true,1,38004
7290001246108,false,"תרסיס מסיר אבנית 750 מ""ל טאצ'",,,תרסיס מסיר אבנית 750,מיליליטרים,750.00,"100 מ""ל",false,,12.90,0.0172,true,1,38005
7290001246351,false,נוזל רצפות לבנדר 4 לי' טאצ',,IL,נוזל רצפות לבנדר 4 ל,ליטרים,4.00,ליטר,false,,13.90,3.4750,true,1,38015
7290001246528,false,מרכך כביסה מרוכז פרפיום מיסטרי טאצ' 1 ל',סאסאטק,IL,מרכך כביסה מרוכז פרפ,ליטרים,1.00,ליטר,false,,12.90,12.9000,true,1,38018
7290001246634,false,"נוזל אסלות ע""ב חומצה 1 ליטר טאצ'",,,נוזל אסלות על בסיס ח,ליטרים,1.00,ליטר,false,,7.90,7.9000,true,1,38019
7290001246757,false,נוזל רצפות מלון בוטיק טאצ' 2 ליטר,,,נוזל רצפות מלון בוטי,ליטרים,2.00,ליטר,false,,17.90,8.9500,true,1,38020
7290001246764,false,נוזל רצפות ספא מפנק טאצ' 2 ליטר,,,נוזל רצפות ספא מפנק,ליטרים,2.00,ליטר,false,,17.90,8.9500,true,1,38021
7290001246801,false,נוזל רצפות פרקט 2 ליטר ט,,IL,נוזל רצפות פרקט טאצ',ליטרים,2.00,ליטר,false,,17.90,8.9500,true,1,38022
7290001246825,false,ג'ל כביסה ירוק 5 ליטר שנ,,IL,ג'ל כביסה ירוק טאצ',ליטרים,5.00,ליטר,false,,29.90,5.9800,true,1,311004
7290001246832,false,ג'ל כביסה כחול 5 ליטר שנ,,IL,ג'ל כביסה כחול טאצ',ליטרים,5.00,ליטר,false,,29.90,5.9800,true,1,311005
7290001247068,false,קרטונית נקטר ספרינג תות בננה 1 ליטר,יפאורה שותפות מובגלת לשיווק,IL,ספרינג תות בננה קרטו,ליטרים,1.00,ליטר,false,,6.90,6.9000,true,1,11480
7290001247082,false,מיץ עגבניות רכיבים טבעיים ספרינג 1 ליטר,יפאורה שותפות מובגלת לשיווק,IL,ספרינג עגבניות קרטונ,ליטרים,1.00,ליטר,false,,6.50,6.5000,true,1,11481
7290001247099,false,קרטונית נקטר ספרינג מנגו 1 ליטר,יפאורה שותפות מובגלת לשיווק,IL,ספרינג מנגו קרטונית,ליטרים,1.00,ליטר,false,,6.90,6.9000,true,1,11482
7290001247105,false,קרטונית נקטר ספרינג אפרסק 1 ליטר,יפאורה שותפות מובגלת לשיווק,IL,ספרינג נקטר אפרסק 1ל,ליטרים,1.00,ליטר,false,,6.90,6.9000,true,1,11483
7290001247112,false,קרטונית נקטר ספרינג לימונענע 1 ליטר,יפאורה שותפות מובגלת לשיווק,IL,ספרינג לימונענע קרטו,ליטרים,1.00,ליטר,false,,6.90,6.9000,true,1,11484
7290001247129,false,נקטר ספרינג תפוזים קרטונית 1 ל',יפאורה שותפות מובגלת לשיווק,IL,ספרינג תפוז קרטונית,ליטרים,1.00,ליטר,false,,6.90,6.9000,true,1,11485
7290001274422,false,שלגונים ציפוי בננה מאגדת שמינייה 560 ג',הגלידות של פלדמן,IL,מאגדת שלגונים ציפוי,גרמים,560.00,100 גרם,false,,23.90,0.0427,true,1,36063
7290001274941,false,"שמיניית גלידל פרי פטל ""פלדמן""",הגלידות של פלדמן,IL,פופסיקל בטעם פטל 8 י,גרמים,640.00,100 גרם,false,,24.90,0.0389,true,1,36065
7290001305058,false,"פלמוליב - נטורלס תחליב רחצה חלב ודבש 500 מ""ל",הנסיך- מפעל לייצור ט,TR,סבון נוזלי חלב ודבש,מיליליטרים,500.00,"100 מ""ל",false,,15.90,0.0318,true,1,21424
7290001305188,false,"נוזל לניקוי כלים בריח לימון פלמוליב 750 מ""ל",יבואן ומשווק: ש. שסט,GR,פלמוליב לכלים פריחת,מיליליטרים,750.00,"100 מ""ל",false,,8.90,0.0119,true,1,21425
7290001343845,false,"גרנולה פירות 1 ק""ג - 845 - ורוד שקדיה",הנסיך- מפעל לייצור ט,IL,גרנולה שיבולת שועל ע,קילוגרמים,1.00,"ק""ג",false,,18.90,18.9000,true,1,4614
7290001407134,false,בארכה פרוסות חלווה שוקו וניל+פ.קקאו 400גר,רושדי תעשיות מזון בע,IL,פרוסות חלבה שוקו וני,גרמים,350.00,100 גרם,false,,14.30,0.0409,true,1,18689
7290001407547,false,טחינה גולמית משומשום מלא פי 6 בארכה 500ג',"רושדי תעשיות מזון בע""\מ",IL,בארכה טחינה שומשום מ,גרמים,500.00,100 גרם,false,,14.90,0.0298,true,1,18692
7290001407769,false,טחינה גולמית שומשום מלא בארכה 500 גרם,"רושדי תעשיות מזון בע""\מ",IL,בארכה טחינה עם שומשו,גרמים,500.00,100 גרם,false,,14.90,0.0298,true,1,18695
7290001407813,false,חלבה שאמית פיסטוק בקטנה בארכה 350ג',"רושדי תעשיות מזון בע""\מ",IL,חלבה שאמית וניל עם פ,גרמים,350.00,100 גרם,false,,14.90,0.0426,true,1,18696
7290001407820,false,חלווה שאמית וניל קלאסית בארכה 350ג',רושדי תעשיות מזון בע,IL,חלבה שאמית וניל בארכ,גרמים,350.00,100 גרם,false,,14.90,0.0426,true,1,18697
7290001407844,false,חלבה קלאסית בטעם וניל בארכה 350 גרם,"רושדי תעשיות מזון בע""\מ",IL,חלבה קלאסית וניל באר,גרמים,350.00,100 גרם,false,,14.30,0.0409,true,1,18699
7290001407936,false,בארכה-טחינה גולמית מעודנת בקבוק לחיץ 310 ג',"רושדי תעשיות מזון בע""\מ",IL,בארכה טחינה מעודנת 3,גרמים,310.00,100 גרם,false,,10.90,0.0352,true,1,18700
7290001419618,false,וופל בלגי עלמה שחור לבן וניל 200ג',"גילרו בע""מ",IL,וופל עלמה בלגי שוקו,גרמים,200.00,100 גרם,false,,2.90,0.0145,true,1,41238
7290001419779,false,וופל שוקו' עלמה קלאסי 200 גר,"גילרו בע""מ",IL,וופל עלמה קלאסי 200,גרמים,200.00,100 גרם,false,,2.90,0.0145,true,1,41239
7290001439074,false,ספוג שלישיית כדורי רחצה מוסקו,יושלם,,שלישיית כדור ליפה,יחידה,0.00,יחידה,false,,9.90,0.0000,true,1,14262
7290001439432,false,ספוג רחצה משולב מוסק,חוואנטן,CN,ג.ס ספוג ליפה,יחידה,0.00,יחידה,false,,10.90,0.0000,true,1,14264
7290001459935,false,"אפונה 800 גרם בד""ץ עדה חרדית",פספרוסט,BE,אפונה בלדי 800 גרם,גרמים,800.00,100 גרם,false,,11.90,0.0149,true,1,558481
7290001459942,false,"אפונה וגזר 800 גרם ארוז בד""ץ עדה חרדית",פספרוסט,BE,אפונה וקוביות גזר בל,גרמים,800.00,100 גרם,false,,11.90,0.0149,true,1,558524
7290001461105,false,לחם מחמצת לבן (ברקוד,פילסברי,,לחם מחמצת לבן,גרמים,530.00,100 גרם,false,,16.90,0.0319,true,1,2517
7290001461860,false,עשריית פיתות פילסברי,פילסברי,,עשיריית פיתות פילסבר,יח',1.00,יח',false,,12.90,12.9000,true,1,2521
7290001468678,false,מפת שולחן 137*274סמ,נ.ש.ם,,מפה חד פעמי,יחידה,0.00,יחידה,false,,10.90,0.0000,true,1,15863
7290001482186,false,אננס חתוך בסירופ קל ויליפוד 565 גרם,הנסיך- מפעל לייצור ט,TH,אננס חתוך ויליפוד 56,גרמים,565.00,100 גרם,false,,5.90,0.0104,true,1,2858
7290001485019,false,גבינת קרם שמנת טבעי 5% טרה 200 גרם,קריות זול,IL,טרה גבינת שמנת טבעי,גרמים,200.00,100 גרם,false,,11.90,0.0595,true,1,6366
7290001491010,false,תה ירוק יסמין ויסוצקי 25 יחידות,תה ויסוצקי,IL,תה ירוק עם יסמין T.T,גרמים,37.50,100 גרם,false,,23.90,0.6373,true,1,24622
7290001491096,false,תה ירוק בתוספת לימונית ולואיזה 50 שקיקים ויסוצקי,תה ויסוצקי,IL,תה ירוק בתוספת לימונ,גרמים,75.00,100 גרם,false,,45.90,0.6120,true,1,24623
7290001552025,false,קוסקוס של אמא פרבורגר 800 גרם,פרבורגר רויאל,IL,קוסקוס 800גר,גרמים,800.00,100 גרם,false,,14.90,0.0186,true,1,51500
7290001552049,false,קוסקוס מרוקאי קפוא 800 גר,מטעמי פאר,IL,מטעמי פאר קוסקוס מרו,גרמים,800.00,100 גרם,false,,14.90,0.0186,true,1,51501
7290001567555,false,פסטרמה מעודנת עם דבש 300 ג' יחיעם,מעדני יחיעם,IL,פסטרמה מעודנת עם דבש,גרמים,300.00,100 גרם,false,,19.90,0.0663,true,1,275702
7290001567708,false,נקניקיות וינר יחיעם 400 גרם,מעדני יחיעם,IL,נקניקיות עוף 400 גר`,גרמים,400.00,100 גרם,false,,9.90,0.0248,true,1,15564
7290001567760,false,פסטרמה של פעם יחיעם 300 גרם,מעדני יחיעם,IL,פסטרמה של פעם 300 גר,גרמים,300.00,100 גרם,false,,24.50,0.0817,true,1,15569
7290001567814,false,סלמי מעושן בסגנון איטלקי 300 ג' יחיעם,מעדני יחיעם,IL,סלמי מעושן בסגנון אי,גרמים,300.00,100 גרם,false,,19.90,0.0663,true,1,15574
7290001591703,false,קבב אנגוס עגול טיבון ויל 500 גרם,טיבון ויל,IL,קבב בקר אנגוס עגול ט,גרמים,500.00,100 גרם,false,,22.90,0.0458,true,1,375861
7290001591727,false,קבב על מקל 500 ג' טיבון ויל,טיבון ויל,IL,קבב בקר על מקל טיבון,גרמים,500.00,100 גרם,false,,22.90,0.0458,true,1,375863
7290001591734,false,נקניקיה מרגז בסגנון מרוקאי טיבון ויל 500 גרם,טיבון ויל,IL,נקניקיות מרגז בסגנון,גרמים,500.00,100 גרם,false,,22.90,0.0458,true,1,375864
7290001594179,false,"פאנטה אורנג' בבקבוק אישי 500 מ""ל",החברה המרכזית לייצור משקאות,IL,פאנטה אורנג' 500 בקב,מיליליטרים,500.00,"100 מ""ל",false,,6.90,0.0138,true,1,6838
7290001594230,false,קינלי סודה בבקבוק זכוכית,החברה המרכזית לייצור,IL,סודה קינלי 250 מ'ל,מיליליטרים,250.00,"100 מ""ל",false,,2.90,0.0116,true,1,6841
7290001594377,false,פריגת תפוזים 0.5 ליטר חייב בפקדון,מבשלות בירה בינלאומיות ב,IL,פריגת משקה תפוזים 50,מיליליטרים,500.00,"100 מ""ל",false,,6.50,0.0130,true,1,6846
7290001594810,false,"בירה שחורה מאלטי בקב' מארז 330X6מ""ל",החברה המרכזית לייצור משקאות,IL,מאלטי טובורג בקבוק 6,ליטרים,1.98,ליטר,false,,31.30,15.8081,true,1,6857
7290001594858,false,"שישייה בירה טובורג רד בקבוק 330 מ""ל",מבשלות בירה בינלאומיות ב,IL,טובורג רד בקבוק פקדו,ליטרים,1.98,ליטר,false,,43.90,22.1717,true,1,6859
7290001594865,false,"שישייה בירה קרלסברג בקבוק 330 מ""ל",מבשלות בירה בינלאומיות ב,IL,קרלסברג בירה בקבוק 6,ליטרים,1.98,ליטר,false,,39.90,20.1515,true,1,6860
7290001648643,false,מארז קפה טורקי כתר 100X3 גרם,רוני רג'ואן ושות,IL,כתר קפה טורקי 3*100ג,גרמים,300.00,100 גרם,false,,12.80,0.0427,true,1,20490
7290001648995,false,"מארז קפה טורקי ""רג'ואן"" 100X3 גרם",רוני רג'ואן ושות,IL,קפה רגואן 3*100גרם.,גרמים,100.00,100 גרם,false,,12.80,0.1280,true,1,20492
7290001670057,false,כפיות לבן 100 יחידות,הנמל אריזות ושיווק ב,IL,.סכום ח.פ.כפיות 100י,יחידה,0.00,יחידה,false,,12.90,0.0000,true,1,7723
7290001670064,false,סכינים חד פעמי לבן 100 יח',בי רייט,CN,סכינים 100יח,יחידה,0.00,יחידה,false,,12.90,0.0000,true,1,7724
7290001670071,false,כפות חד פעמי לבן 100 יח',הנמל אריזות ושיווק ב,IL,.סכום ח.פ.כפות 100יח,יחידה,0.00,יחידה,false,,12.90,0.0000,true,1,7725
7290001670255,false,כוס קרטון לשתייה חמה 50 יחידות,הנמל,,כוסות שתיה חמה 50 יח,יח',50.00,יח',false,,8.90,0.1780,true,1,7733
7290001670668,false,קרחונית שקיות להכנת קרח הנמל 12 יחידות,"איטיליאן פוד, אס.פי.",TR,קרחונית 12יח,יחידה,0.00,יחידה,false,,3.50,0.0000,true,1,7742
7290001696736,false,פקאן סיני 100 גרם פיצוחי חממה,,,פקאן סיני 100 גרם,גרמים,100.00,100 גרם,false,,17.90,0.1790,true,1,1468
7290001710111,false,נקניקיות מרגז ארוז 500 גר,לאטי עזרא גלם ודגים,IL,נקניקיות מרגז 500 גר,גרמים,500.00,100 גרם,false,,19.90,0.0398,true,1,16817
7290001710128,false,נקניקיות צוריסוס ארוז 500 גר,מעדני הטלה,,נקניקיות צוריסוס 500,גרמים,500.00,100 גרם,false,,19.90,0.0398,true,1,16818
7290001713150,false,סנט מוריץ מתז אקונומיקה Bleach קצף לימון 1 ליטר,קומפלקס כימיקלים בעמ,IL,אקונומיקה קצף ניקוי,ליטרים,1.00,ליטר,false,,9.90,9.9000,true,1,20089
7290001713167,false,סנט מוריץ - מרסס קצף ניקוי 1 ליטר סניטרי אפור,קומפלקס כימיקלים בעמ,IL,קצף לניקוי כלים סניט,ליטרים,1.00,ליטר,false,,9.90,9.9000,true,1,20090
7290001780428,false,גלידיאט שלגון מצופה נסטלה 312 גרם מארז 6 יחידות,גלידות נסטלה )נגה גלידות,IL,נסטלה לייט 6 שלגוני,גרמים,312.00,100 גרם,false,,27.90,0.0894,true,1,16093
7290001791349,false,פיסגה אקונומיקה ריחנית סנו 4 ליטר,"סנו מפעלי ברונוס בע""מ",IL,אקונומיקה ריחנית פסג,ליטרים,4.00,ליטר,false,,11.90,2.9750,true,1,29831
7290001791356,false,"פרש מבשם אויר אוטומטי בניחוח לבנדר סנו 250 מ""ל",סנו מפעלי ברונוס בעמ,IL,סנו פרש אוטומטיק ברי,גרמים,165.00,100 גרם,false,,13.90,0.0842,true,1,29832
7290001813454,false,"עוגיות חיוכים שוקולד עלית 900 גרם מארז 6 יחידות בד""צ",אפיפית נצרת תעשיות ב,IL,חיוכים חגיגה שוק 900,גרמים,900.00,100 גרם,false,,19.90,0.0221,true,1,22212
7290001817377,false,צ'יטוס חטיף איקס עיגול פיצה 60 גרם,"שטראוס פריטו ליי בע""\מ )",IL,ציטוס איקס עיגול 60ג,גרמים,60.00,100 גרם,false,,3.50,0.0583,true,1,24154
7290001817728,false,צ'יטוס אפוי כאפה בטעם קטשופ 55 גרם,"שטראוס פריטו ליי בע""\מ )",IL,ציטוס כאפה 55 גרם,גרמים,55.00,100 גרם,false,,3.50,0.0636,true,1,24156
7290001865439,false,פמילי אל סבון נוזלי בניחוח וניל 1 ליטר,אף.סי תבליני בגליל ב,IL,סבון נוזלי וניל + מש,יחידה,0.00,יחידה,false,,10.90,0.0000,true,1,5759
7290001865453,false,פמילי לקשרי 1 ליטר לבנדר ארומטי+משאבה,מיוצר עי קונדיטוריית,TR,סבון נוזלי לבנדר+ מש,יחידה,0.00,יחידה,false,,10.90,0.0000,true,1,5760
7290001867600,false,"תפו""א בייבי פרימיום",אראל תוצרת חקלאית בע,IL,"תפו""א בייבי פרימיום",קילוגרמים,1.00,"ק""ג",true,,6.90,6.9000,true,1,149723
7290001873441,false,המבורגר בלאק אנגוס 320 גרם,טיבון ויל אחזקות בעמ,IL,המבורגר בלאק אנגוס 3,גרמים,320.00,100 גרם,false,,24.90,0.0778,true,1,56865
7290001873458,false,סטייקבורגר בלאק אנגוס 320 גרם,טיבון ויל אחזקות בעמ,IL,סטייק בורגר בלאק אנג,גרמים,320.00,100 גרם,false,,24.90,0.0778,true,1,56866
7290001873489,false,קרפצ'יו בלאק אנגוס 120 ג,טיבון ויל אחזקות בעמ,IL,קרפצ'יו בלאק אנגוס 1,גרמים,120.00,100 גרם,false,,14.90,0.1242,true,1,56871
7290001901656,false,היימיש פיש הדג המיוחד 7 קציצות 600 גרם,דג טעים בעמ,IL,צנצנת דגים 7 יח היימ,גרמים,560.00,100 גרם,false,,11.90,0.0213,true,1,42724
7290001990117,false,שומשום סוגת 100 גרם,האי נאם סי או אל.טי.,IL,שומשום 100 גרם,גרמים,100.00,100 גרם,false,,3.90,0.0390,true,1,17312
7290001990148,false,"סוכר גולדן קלאסי בצנצנת סוגת 1 ק""ג",האי נאם סי או אל.טי.,IL,סוכר גולדן קלאסי בצנ,קילוגרמים,1.00,"ק""ג",false,,12.90,12.9000,true,1,17313
7290001990261,false,"סוגת חומוס 1 ק""ג","סוגת תעשיות בע""\מ",IL,"סוגת חומוס 1 ק""ג",קילוגרמים,1.00,"ק""ג",false,,14.90,14.9000,true,1,17314
7290001990278,false,"שעועית לבנה סוגת 1 ק""ג","סוגת תעשיות בע""\מ",IL,סוגת שעועית לבנה 1 ק,קילוגרמים,1.00,"ק""ג",false,,18.90,18.9000,true,1,17315
7290001990391,false,אפונה יבשה 1קג סוגת,"סוגת תעשיות בע""\מ",IL,"אפונה 1 ק""ג",קילוגרמים,1.00,"ק""ג",false,,11.90,11.9000,true,1,17317
7290001990407,false,"עדשים ירוקים 1 ק""ג סוגת","סוגת תעשיות בע""\מ",IL,עדשים ירוקים 1 קג,קילוגרמים,1.00,"ק""ג",false,,14.90,14.9000,true,1,17318
7290001990414,false,"עדשים אדומים 1 ק""ג סוגת","סוגת תעשיות בע""\מ",IL,סוגת עדשים אדומים 1,קילוגרמים,1.00,"ק""ג",false,,14.90,14.9000,true,1,17319
7290001990421,false,"פופקורן גרעינים סוגת 1 ק""ג","סוגת תעשיות בע""\מ",IL,"סוגת פופקורן 1 ק""ג",קילוגרמים,1.00,"ק""ג",false,,9.90,9.9000,true,1,17320
7290002000266,false,מגע המשי התפוח שעווה למיקרו 500ג' -חדש,המאפיה של הרמן,IL,שעווה תפוח לחימום במ,גרמים,500.00,100 גרם,false,,17.90,0.0358,true,1,5768
7290002002857,false,"מגע הדבש, ניירות להסרת שיער בשעווה, 50 יחידות","איטיליאן פוד, אס.פי.",IL,נייר להסרת שיער מגע,יחידה,0.00,יחידה,false,,18.90,0.0000,true,1,5776
7290002007487,false,צמר פלדה הנמל 100 גרם,"איטיליאן פוד, אס.פי.",IL,צמר פלדה 100 גר',גרמים,100.00,100 גרם,false,,3.90,0.0390,true,1,7762
7290002007890,false,כוסות שתייה קרה 100 יח` 200 PP מל`,אריזות מדף - פלזית,IL,כוס שתיה קרה 100 יח,יחידה,0.00,יחידה,false,,12.90,0.0000,true,1,7772
7290002007975,false,"צלחות קטנות ח""פ הנמל 50 יח'",אריזות מדף - פלזית,IL,צלחות קטן 50יח,יחידה,0.00,יחידה,false,,12.90,0.0000,true,1,7774
7290002007982,false,מזלגות חד פעמי 100 י,הנמל אריזות ושיווק ב,IL,מזלגות חד פעמי 100 י,יחידה,0.00,יחידה,false,,12.90,0.0000,true,1,7775
7290002007999,false,"צלחות גדולות ח""פ הנמל 50 יח'",אריזות מדף - פלזית,IL,צלחות גדול 50יח הנמל,יחידה,0.00,יחידה,false,,15.90,0.0000,true,1,7776
7290002008149,false,מדליק פחם מוצק הנמל אריזת 40יח',מ.א.יצור ויבוא מטליו,GB,מדליק פחם מוצק 40 קו,גרמים,300.00,100 גרם,false,,6.50,0.0217,true,1,7784
7290002008187,false,קשים מתקפלים לשתיה הנמל 40 יחידות,יבוא ושיווק: הנמל אריזות,CN,קש לשתיה מתקפל 40יח,יחידה,0.00,יחידה,false,,1.90,0.0000,true,1,7788
7290002008224,false,סוכריות לקישוט צבעונית הנמל 100 ג',ממתקי עלה בעמ,IL,קישוט לעוגה גליד.,גרמים,60.00,100 גרם,false,,5.90,0.0983,true,1,7789
7290002008347,false,קורנפלור 500 גרם הנמל,הנמל,IL,קורנפלור 500 גרם,גרמים,500.00,100 גרם,false,,6.90,0.0138,true,1,7794
7290002008507,false,נייר אפיה הנמל 50 יחידות,הנמל אריזות ושיווק ב,IL,נייר אפיה 50יח,יחידה,0.00,יחידה,false,,8.90,0.0000,true,1,7799
7290002008651,false,קמח תפוחי אדמה הנמל 500 גרם,ר.ס. חברה ליבוא וייצ,IL,קמח תפוח אדמה הנמל 5,גרמים,500.00,100 גרם,false,,5.90,0.0118,true,1,7803
7290002008743,false,סוכר וניל עשירייה הנמל 100 גרם,"מיוצר וארוז ע""י: ר.ס",IL,סוכר וניל 10*10 גרם,גרמים,100.00,100 גרם,false,,2.90,0.0290,true,1,7804
7290002008750,false,אבקת אפיה עשירייה הנמל 100 גרם,"מיוצר ע""י:ר.ס. חברה",IL,אבקת אפיה 10*10 גרם,גרמים,100.00,100 גרם,false,,2.90,0.0290,true,1,7805
7290002008989,false,קישקשים קשים לשתיה 225יח הנמל,שיווק: הנמל אריזות ושיוו,CN,קישקשים 225 יח,יחידה,0.00,יחידה,false,,9.90,0.0000,true,1,7814
7290002026341,false,צ'יפס אריסטו רגיל שקיות רשת,מוצרי איכות אמריקאיים,CA,אריסטו קראנץ-ציפס בט,גרמים,500.00,100 גרם,false,,14.90,0.0298,true,1,14386
7290002026440,false,פרצלס בייגלה בראנץ אנד קראנץ 280 ג',מוצרי איכות אמריקאיים בע,IL,פרצלס קפוא 280 גרם,גרמים,280.00,100 גרם,false,,10.90,0.0389,true,1,14390
7290002026587,false,וופל בלגי פרווה בראנץ אנד קראנץ 8 יח',בראנץ' אנד קראנץ Brunch& Crunch,BE,בראנץ אנד קראנץ וופל,גרמים,28.00,100 גרם,false,,13.90,0.4964,true,1,14391
7290002026778,false,"גלידה בן אנד גריס קון סוויט קון 500 מ""ל",מוצרי איכות אמריקאיים בע,IL,גלידת שמנת משובחת עם,מיליליטרים,500.00,"100 מ""ל",false,,17.50,0.0350,true,1,14392
7290002026914,false,"מאגדת גלידת בן& ג'ריס קלאסיק מיקס 400 מ""ל",מוצרי איכות אמריקאיים בע,IL,מאגדת קלאסיק מיקס 28,גרמים,288.00,100 גרם,false,,24.90,0.0865,true,1,14395
7290002043065,false,אקסטרה פריכיות אורז חום מלא בציפוי שוקולד מריר 70 גרם,נוהלס ג'\י אס סי.,BG,פריכוני אורז בציפוי,גרמים,70.00,100 גרם,false,,9.40,0.1343,true,1,101261
7290002043188,false,אקסטרה צ'יפס אורז חום מלא צ'ילי חריף 60 גרם,נוהלס ג'\י אס סי.,BG,אקסטרא צ'יפס אורז חו,גרמים,60.00,100 גרם,false,,8.50,0.1417,true,1,146286
7290002043232,false,אקסטרה ציפס משפחתי טקסס ברביקיו 120 גר,נוהלס ג'\י אס סי.,BG,חטיף צ'יפס משפחתי בט,גרמים,120.00,100 גרם,false,,12.50,0.1042,true,1,373798
7290002043591,false,אקסטרה צ'יפס אורז חום מלא פפריקה 120 גרם,נוהלס ג'\י אס סי.,BG,חטיף צ'יפס משפחתי בט,גרמים,120.00,100 גרם,false,,12.50,0.1042,true,1,373799
7290002043874,false,חטיף אורז אקסטרה קרמל בציפוי שוקולד לבן,,,אקסטרה חטיף אורז חום,גרמים,90.00,100 גרם,false,,13.90,0.1544,true,1,582667
7290002043898,false,חטיף אורז אקסטרה קוקוס בציפוי שוקולד לבן,,,אקסטרה חטיף אורז חום,גרמים,90.00,100 גרם,false,,13.90,0.1544,true,1,582669
7290002057017,false,זיתים נובו ענק A2 יבנה 330ג',שיוך למחסן 17,IL,זיתים נובו ענק קבוצת,גרמים,560.00,100 גרם,false,,8.90,0.0159,true,1,44703
7290002057031,false,זיתים מבוקעים פיקנטי קבוצת יבנה 340 גרם,קבוצת יבנה,IL,זיתים מבוקעים פיקנטי,גרמים,560.00,100 גרם,false,,8.90,0.0159,true,1,44704
7290002057093,false,זיתים מנזנילו גדול קבוצת יבנה 340 גרם,קבוצת יבנה,IL,זית מנזלינו גדול מנז,גרמים,540.00,100 גרם,false,,7.90,0.0146,true,1,44709
7290002057123,false,זיתים ירוקים מנזנילו קבוצת יבנה 560 גרם,קבוצת יבנה,IL,זיתים חרוזית ירוק קב,גרמים,275.00,100 גרם,false,,9.90,0.0360,true,1,44712
7290002057185,false,טבעות זיתים ירוקים קבוצת יבנה 560 גרם,קבוצת יבנה,IL,טבעות זיתים ירוקים ק,גרמים,540.00,100 גרם,false,,9.50,0.0176,true,1,44718
7290002057352,false,מלפפונים במלח ‏9‏-‏7‏ קבוצת יבנה 320 גרם,קבוצת יבנה מוצרי מזון,IL,מלפפונים במלח 7-9 ק,גרמים,560.00,100 גרם,false,,6.90,0.0123,true,1,44726
7290002057369,false,מלפפונים במלח ‏12‏-‏10‏ קבוצת יבנה 320 גרם,קבוצת יבנה,IL,מלפפון במלח 10-12 קב,גרמים,560.00,100 גרם,false,,7.90,0.0141,true,1,44727
7290002057376,false,מלפפונים במלח ‏17‏-‏13‏ קבוצת יבנה 320 גרם,קבוצת יבנה,IL,מלפפון במלח 13-17 קב,גרמים,560.00,100 גרם,false,,9.90,0.0177,true,1,44728
7290002057383,false,מלפפונים במלח ‏25‏-‏18‏ קבוצת יבנה 320 גרם,קבוצת יבנה,IL,מלפפון 18-25במלח קבו,גרמים,560.00,100 גרם,false,,12.90,0.0230,true,1,44729
7290002057451,false,מלפפונים בחומץ ‏9‏-‏7 קבוצת יבנה 290 גרם,קבוצת יבנה מוצרי מזון,IL,מלפפון בחומץ 7-9 קבו,גרמים,560.00,100 גרם,false,,6.90,0.0123,true,1,44732
7290002057468,false,מלפפון יבנה בחומץ בינוניים 10-12 290 גרם,קבוצת יבנה,IL,מלפפון בחומץ 10-12 ק,גרמים,560.00,100 גרם,false,,7.90,0.0141,true,1,44733
7290002057475,false,מלפפונים בחומץ ‏17‏-‏13 קבוצת יבנה 290 גרם,קבוצת יבנה,IL,מלפפון בחומץ 13-17 ק,גרמים,560.00,100 גרם,false,,9.90,0.0177,true,1,28075
7290002057604,false,פלפל חריף שיפקה קבוצת יבנה 225 גרם.,קבוצת יבנה,IL,פלפל חריף שיפקה קבוצ,גרמים,560.00,100 גרם,false,,5.90,0.0105,true,1,44734
7290002057628,false,טבעות זיתים מושחר קבוצת יבנה 275 גרם,קבוצת יבנה,IL,זיתים טבעות מושחר קב,גרמים,275.00,100 גרם,false,,8.90,0.0324,true,1,44736
7290002057734,false,זיתים חרוזית מושחר קבוצת יבנה 275 גרם,קבוצת יבנה,IL,זיתים חרוזית מושחר ק,גרמים,560.00,100 גרם,false,,8.90,0.0159,true,1,44741
7290002065555,false,שישיית לחמנייה הכי רכה בהפסקה אנג'ל 450 גרם,מאפיית שלמה א. אנג'\ל בע,IL,6 לחמניות רכות אנגל,גרמים,450.00,100 גרם,false,,11.50,0.0256,true,1,35425
7290002065616,false,לחם שיפון גרעינים פרוס אחדות 750 גרם,מאפיית שלמה א. אנג'\ל בע,IL,שיפון גרעינים אנגל 7,גרמים,750.00,100 גרם,false,,13.90,0.0185,true,1,35426
7290002065623,false,לחם שיפון של פעם כפרי פרוס אורנים 750 גרם,מאפיית שלמה א. אנג'\ל בע,IL,לחם שיפון כפרי אנגל,גרמים,750.00,100 גרם,false,,13.90,0.0185,true,1,35427
7290002077725,false,סלומון נורווגי מצונן דלידג 100ג',וי קינג V King,IL,סלמון מעושן 100 גרם,גרמים,100.00,100 גרם,false,,19.90,0.1990,true,1,16822
7290002079033,false,לחם דגנים לייט פרוס 500 גרם,מאפיית דוידוביץ ובניו בע,IL,לחם דגנים לייט ללא ת,גרמים,500.00,100 גרם,false,,13.90,0.0278,true,1,586792
7290002079156,false,פיתות דוידוביץ חמישי,מאפיית דוידוביץ ובני,IL,5 פיתות 500 גרם,גרמים,500.00,100 גרם,false,,8.90,0.0178,true,1,593477
7290002079354,false,פרורים מוזהבים שקית,,,פרורים מוזהבים שקית,גרמים,200.00,100 גרם,false,,5.00,0.0250,true,1,591199
7290002079361,false,לחמניות המבורגר חתוך 6+2*60 ג',מאפיית דוידוביץ ובני,IL,8 לחמניות המבורגר בס,גרמים,480.00,100 גרם,false,,16.90,0.0352,true,1,587707
7290002079927,false,לחם דגנים מלא דוידוב,מאפיית דוידוביץ ובני,IL,לחם דגנים מלא דוידוב,גרמים,750.00,100 גרם,false,,14.90,0.0199,true,1,587001
7290002079996,false,לחם אחיד קל פרוס 750 גרם,מאפיית דוידוביץ ובני,IL,לחם אחיד קל מאפיית ד,גרמים,750.00,100 גרם,false,,13.90,0.0185,true,1,587563
7290002105503,false,בורגר מזרחי קפוא גלאט 500ג' מחפוד,עוף ירושלים,IL,המבורגר טחון 500 גר,גרמים,500.00,100 גרם,false,,19.90,0.0398,true,1,47029
7290002105671,false,טחון עוף 500 גר' קפוא מחפוד,עוף ירושלים,IL,טחון עוף 500 גר מחפו,גרמים,500.00,100 גרם,false,,13.90,0.0278,true,1,47036
7290002105756,false,טחון בקר בתוספת חלבון מן הצומח מחפוד,עוף ירושלים,IL,"טחון בקר 1 ק""ג מחפוד",קילוגרמים,1.00,"ק""ג",false,,39.90,39.9000,true,1,47040
7290002107071,false,גבינת פטה עיזים מעודנת 16% משק צוריאל 200 גרם,מחלבת משק צוריאל,IL,צוריאל פטה עיזים מעו,גרמים,200.00,100 גרם,false,,26.10,0.1305,true,1,6374
7290002107385,false,גליל גבינת עיזים מה עז משק צוריאל 180 גרם,מחלבת משק צוריאל,IL,צוריאל גליל גבינת עי,גרמים,180.00,100 גרם,false,,21.90,0.1217,true,1,6375
7290002107491,false,גבינה לבנה מחלב עיזים למריחה 5% משק צוריאל 250 גרם,מחלבת משק צוריאל,IL,צוריאל גבינת עזים למ,גרמים,250.00,100 גרם,false,,15.90,0.0636,true,1,6376
7290002107798,false,גבינה בולגרית מעודנת 5% משק צוריאל 250 גרם,מחלבת משק צוריאל,IL,צוריאל בולגרית מעודנ,גרמים,250.00,100 גרם,false,,22.40,0.0896,true,1,6377
7290002109372,false,בורקס פילו אצבעות בולגרי 700 ג' שלושת האופים,שלושת האופים שגמור,IL,בורקס פילו אצבעות בו,גרמים,700.00,100 גרם,false,,19.90,0.0284,true,1,16825
7290002109488,false,קבב 100% אמיתי טיבון ויל 440 גרם,"טיבון ויל אחזקות בע""\מ",IL,קבב אמיתי 100% 440 ג,גרמים,440.00,100 גרם,false,,17.90,0.0407,true,1,16827
7290002111474,false,אפונה גדולה A2 פרי מבורך 600ג',"זנלכל בע""\מ",IL,אפונת גדולה פרי מבור,גרמים,335.00,100 גרם,false,,7.90,0.0236,true,1,8697
7290002111511,false,אפונת גינה וגזר פרי מבורך 550 גרם,"זנלכל בע""\מ",IL,אפונה וגזר פרי מבורך,גרמים,550.00,100 גרם,false,,7.90,0.0144,true,1,8699
7290002111634,false,חומוס שלם פרי מבורך 290 גרם,"זנלכל בע""\מ",IL,חומוס שלם פרי מבורך,גרמים,550.00,100 גרם,false,,8.90,0.0162,true,1,8700
7290002111764,false,שעועית לבנה ברוטב עגבניות פרי מבורך 580,"זנלכל בע""\מ",IL,שעועית לבנה ברוטב עג,גרמים,580.00,100 גרם,false,,8.90,0.0153,true,1,8704
7290002111825,false,גרעיני תירס מתוק 550 גרם פרי מבורך,"זנלכל בע""\מ",IL,גרעיני תירס מתוק פרי,גרמים,335.00,100 גרם,false,,7.90,0.0236,true,1,8706
7290002129455,false,פיצה איטלקית XL גדולה שלושת האופים 450 גרם,,IT,פיצה איטלקית 450 ג,גרמים,450.00,100 גרם,false,,19.90,0.0442,true,1,16829
7290002130567,false,דבש דבורים טהור פרחי בר יד מרדכי 350 גרם,מכוורת יד מרדכי שטראוס ב,IL,דבש טהור מפרחי בר בצ,גרמים,350.00,100 גרם,false,,18.90,0.0540,true,1,22223
7290002130574,false,דבש טהור מפרחי בר בזכוכית 500 ג' יד מרדכי,מכוורת יד מרדכי שטראוס ב,IL,דבש טהור מפרחי בר בצ,גרמים,500.00,100 גרם,false,,25.90,0.0518,true,1,22224
7290002130581,false,"דבש טהור יד מרדכי 1 ק""ג",מכוורת יד מרדכי שטראוס ב,IL,דבש טהור מפרחי בר בצ,קילוגרמים,1.00,"ק""ג",false,,45.70,45.7000,true,1,22225
7290002157953,false,מארז נתחי טונה בהירה בשמן קנולה - 4 יחידות,דיאמנט פוד פרודקט,IL,טונה בשמן קנולה וילי,גרמים,560.00,100 גרם,false,,18.90,0.0337,true,1,16833
7290002195054,false,המבורגר בלדי 400 גרם ארוז,יוליניבר,IL,המבורגר בלדי 400ג,גרמים,400.00,100 גרם,false,,12.90,0.0323,true,1,35294
7290002195078,false,קבב כבש בלדי קפוא 400 ג',בלדי,IL,בלדי קבב כבש 400 גר,גרמים,400.00,100 גרם,false,,12.90,0.0323,true,1,35295
7290002195085,false,קבב מזרחי בלדי 400 ג'- 8 יח',יוליניבר,IL,קבב מזרחי 400 גר בלד,גרמים,400.00,100 גרם,false,,12.90,0.0323,true,1,35296
7290002195092,false,קבב רומני 400 גרם בלדי,בלדי,IL,קבב רומני 400 גר',גרמים,400.00,100 גרם,false,,12.90,0.0323,true,1,35297
7290002253006,false,שום כתוש דורות בצנצנת 200 גרם,עיצובים 2020 (3.8),IL,דורות שום כתוש טרי 2,גרמים,200.00,100 גרם,false,,15.90,0.0795,true,1,19733
7290002253105,false,קוביות שום כתוש טרי דורות 80 גרם,עיצובים 2020 (3.8),IL,דורות מגשית קוביות ש,גרמים,80.00,100 גרם,false,,9.90,0.1238,true,1,19736
7290002253167,false,פטרוזיליה קצוצה דורות 70 גרם,עיצובים 2020 (3.8),IL,פטרוזליה טרייה קצוצה,גרמים,70.00,100 גרם,false,,10.50,0.1500,true,1,19738
7290002253174,false,קוביות שמיר קצוץ דורות 70 גרם,עיצובים 2020 (3.8),IL,שמיר טרי קצוץ 70 גרם,גרמים,70.00,100 גרם,false,,10.00,0.1429,true,1,19739
7290002253181,false,קוביות כוסברה קצוצה דורות 70 גרם,עיצובים 2020 (3.8),IL,כוסברה טריה קצוצה 70,גרמים,70.00,100 גרם,false,,10.00,0.1429,true,1,19740
7290002253235,false,דורות רוטב פסטו 160 גרם,עיצובים 2020 (3.8),IL,דורות רוטב פסטו 160,גרמים,160.00,100 גרם,false,,10.90,0.0681,true,1,19742
7290002253310,false,דורות שום צילי חריף קוביות תערובת 80 גר,עיצובים 2020 (3.8),IL,דורות שום צילי חריף,גרמים,80.00,100 גרם,false,,9.90,0.1238,true,1,193701
7290002255024,false,אגרול סיני בתוספת רו,,,אגרול סיני בתוספת רו,גרמים,800.00,100 גרם,false,,22.90,0.0286,true,1,51502
7290002255031,false,סיגרים במילוי בשר חט,חטיפי אלקיים בעמ,IL,סיגרים במילוי בשר חט,גרמים,800.00,100 גרם,false,,22.90,0.0286,true,1,51503
7290002255048,false,קובה למרק במילוי בשר,חטיפי אלקיים בעמ,IL,קובה למרק במילוי בשר,גרמים,800.00,100 גרם,false,,22.90,0.0286,true,1,51504
7290002255055,false,פלאפל חטיפי אלקיים 7,חטיפי אלקיים בעמ,IL,פלאפל חטיפי אלקיים 7,גרמים,700.00,100 גרם,false,,13.90,0.0199,true,1,51505
7290002255086,false,קובה ביתי במילוי בשר,חטיפי אלקיים בעמ,IL,קובה ביתי במילוי בשר,גרמים,700.00,100 גרם,false,,22.90,0.0327,true,1,51506
7290002255130,false,"סיגרים במילוי תפו""א",,,"סיגרים במילוי תפו""א",גרמים,800.00,100 גרם,false,,22.90,0.0286,true,1,51508
7290002255215,false,"עלי סיגר מרובע בד""צ",חטיפי אלקיים בעמ,IL,עלים לסיגר 500ג,גרמים,500.00,100 גרם,false,,9.90,0.0198,true,1,51511
7290002255222,false,"פסטל במילוי תפו""א חט",,,"פסטל במילוי תפו""א חט",גרמים,800.00,100 גרם,false,,22.90,0.0286,true,1,51512
7290002255284,false,"קובה חמוסטה בד""צ חטי",חטיפי אלקיים בעמ,IL,"קובה חמוסטה בד""צ חטי",גרמים,800.00,100 גרם,false,,22.90,0.0286,true,1,51513
7290002255475,false,פסטלים במילוי בשר בד,חטיפי אלקיים בעמ,IL,פסטלים במילוי בשר בד,גרמים,800.00,100 גרם,false,,22.90,0.0286,true,1,51515
7290002259640,false,דיימונד רדיד אלומיניום צר 30 ס''מ 7.5 מ'-,ריינולדס מוצרי צריכה,US,רדיד אלומיניום דאיימ,מטרים,7.60,מטר,false,,11.90,1.5658,true,1,3806
7290002259664,false,רדיד אלומיניום דיימונד גדול 60X0.60מ',ריינולדס מוצרי צריכה,US,רדיד אלומניום 30*60.,מטרים,60.90,מטר,false,,54.90,0.9015,true,1,3808
7290002263562,false,"מיץ לימוןLEMON TREE משומר 200 מ""ל",,IT,מיץ לימון משומר תבלי,מיליליטרים,200.00,"100 מ""ל",false,,6.90,0.0345,true,1,67259
7290002277248,false,גבינת מון בלאן עם זעתר 120ג',שלושת האופים,IL,גבינת מון בלאן זעתר,גרמים,120.00,100 גרם,false,,11.90,0.0992,true,1,597736
7290002278528,false,כריות ניקוי שבתכלין ביאנקו שייני 2 יחידות,מ.א ייצור ושיווק מטל,IL,כריות ניקוי כלים לשב,יחידה,0.00,יחידה,false,,7.90,0.0000,true,1,13474
7290002291046,false,המבורגר מסעדות 480 גרם הקצביה בלדי,יוליניבר,IL,בלדי המבורגר מסעדות,גרמים,480.00,100 גרם,false,,22.90,0.0477,true,1,35300
7290002317005,false,זיתים טבעות מושחר 560ג A2 מטולה,שימורי מוטולה בעמ,IL,טבעות זיתים מושחרים,גרמים,560.00,100 גרם,false,,10.90,0.0195,true,1,24402
7290002317081,false,זיתים נטולי גלעין +20% 670ג A2 מטולה,שימורי מוטולה בעמ,IL,זיתים נטולי גלעין 20,גרמים,670.00,100 גרם,false,,10.90,0.0163,true,1,24404
7290002317128,false,מלפפון 560ג במלח 10-12 A2 מטולה,שימורי מוטולה בעמ,IL,מלפפון במלח 10-12 מו,גרמים,560.00,100 גרם,false,,10.90,0.0195,true,1,24405
7290002317135,false,מלפפון 560ג במלח 13-17 A2 מטולה,שימורי מוטולה בעמ,IL,מלפפון במלח 13-17 מו,גרמים,560.00,100 גרם,false,,10.90,0.0195,true,1,24406
7290002317166,false,מלפפון 560ג בחומץ 10-12 A2 מטולה,שימורי מוטולה בעמ,IL,מלפפון בחומץ 10-12 מ,גרמים,560.00,100 גרם,false,,10.90,0.0195,true,1,24408
7290002317173,false,מלפפון בחומץ 13-17 560ג A2 מטולה,שימורי מוטולה בעמ,IL,מלפפון בחומץ 13-17 מ,גרמים,560.00,100 גרם,false,,10.90,0.0195,true,1,24409
7290002317265,false,מלפפון 650ג במלח +20% 7-9 A2 מטולה,שימורי מוטולה בעמ,IL,מלפפון במלח 20% 7-9,גרמים,670.00,100 גרם,false,,9.90,0.0148,true,1,24415
7290002317289,false,חצילים מוחמצים 560 גרם,שימורי מוטולה בעמ,IL,חצילים מוטולה 560 גר,גרמים,560.00,100 גרם,false,,9.90,0.0177,true,1,24416
7290002317296,false,פלפל חריף שיפקה 670ג 20%+A2 מטולה,שימורי מוטולה בעמ,IL,פלפל שיפקה + 20% מוט,גרמים,550.00,100 גרם,false,,9.90,0.0180,true,1,24417
7290002317319,false,מלפפון 650ג בחומץ +20% 7-9 A2 מטולה,שימורי מוטולה בעמ,IL,מלפפון בחומץ 7-9 20%,גרמים,670.00,100 גרם,false,,9.90,0.0148,true,1,24419
7290002317326,false,זיתים מנזולינו 12-15 +20% 670ג A2 מטולה,שימורי מוטולה בעמ,IL,זיתים מנזלינו 20% 12,גרמים,670.00,100 גרם,false,,9.90,0.0148,true,1,24420
7290002317357,false,פילפל שיפקה בצנצנת מ,שימורי מוטולה,IL,פילפל שיפקה בצנצנת מ,גרמים,630.00,100 גרם,false,,9.90,0.0157,true,1,24422
7290002317371,false,זיתים מושחר נטול גלעין 560ג A2 מטולה,שימורי מוטולה בעמ,IL,זיתים מושחרים נטולי,גרמים,560.00,100 גרם,false,,10.90,0.0195,true,1,24423
7290002317609,false,כרוב כבוש 560ג A2 מטולה,שימורי מוטולה בעמ,IL,כרוב כבוש מוטולה 560,גרמים,560.00,100 גרם,false,,6.90,0.0123,true,1,24434
7290002317616,false,זיתים מרינט 17-19 560ג A2 מטולה,שימורי מוטולה בעמ,IL,זיתים חתוכים מרינט 1,גרמים,560.00,100 גרם,false,,10.90,0.0195,true,1,24435
7290002317661,false,זיתים ירוק מנזנילו 560ג,שימורי מוטולה בעמ,IL,זיתים מנזלינו גדול מ,גרמים,560.00,100 גרם,false,,10.90,0.0195,true,1,24437
7290002317678,false,חרוזית צנצנת זיתים 560 ג' מוטולה,שימורי מוטולה בעמ,IL,זיתים נטולי גלעין צנ,גרמים,560.00,100 גרם,false,,10.90,0.0195,true,1,24438
7290002319016,false,אבקת אפיה עשיריות מיה 100 גרם,מיה תעשיות מזון מ.ת.מ. ב,IL,אבקת אפיה 10 יח' מיה,גרמים,100.00,100 גרם,false,,1.90,0.0190,true,1,14885
7290002319023,false,סוכר וניל עשיריות מיה 100 גרם,מיה תעשיות מזון מ.ת.מ. ב,IL,1/10 סוכר וניל,גרמים,100.00,100 גרם,false,,1.90,0.0190,true,1,14886
7290002319061,false,קוקוס טחון מיה 100 גרם,מיה תעשיות מזון מ.ת.מ. ב,IL,.קוקוס טחון 100 גר.,גרמים,100.00,100 גרם,false,,3.90,0.0390,true,1,14890
7290002319078,false,שומשום מיה 100 גרם,"מיה תעשיות מזון בע""מ",IL,שומשום 100ג,גרמים,100.00,100 גרם,false,,3.90,0.0390,true,1,14891
7290002319115,false,חומוס גדול יבש מיה 500 גר',מיה תעשיות מזון מ.ת.מ. ב,IL,חומוס גדול מיה 500 ג,גרמים,500.00,100 גרם,false,,8.90,0.0178,true,1,14894
7290002319122,false,גריסים יבשים מיה 500 גר',מיה תעשיות מזון מ.ת.מ. ב,IL,גריסים מיה 500 גרם,גרמים,500.00,100 גרם,false,,4.90,0.0098,true,1,14895
7290002319139,false,שעועית לבנה יבשה מיה 500 ג',מיה תעשיות מזון מ.ת.מ. ב,IL,שעועית מיה 500 גרם,גרמים,500.00,100 גרם,false,,7.90,0.0158,true,1,14896
7290002319146,false,שעועית אדומה מיה 500 גרם,מיה תעשיות מזון מ.ת.מ. ב,IL,שעועית אדומה מיה 500,גרמים,500.00,100 גרם,false,,8.90,0.0178,true,1,14897
7290002319160,false,אפונה ירוקה יבשה מיה 500 ג',מיה תעשיות מזון מ.ת.מ. ב,IL,אפונה יבשה מיה 500 ג,גרמים,500.00,100 גרם,false,,4.90,0.0098,true,1,14898
7290002319177,false,פופקורן גרעינים מיה 500 גר',מיה תעשיות מזון מ.ת.מ. ב,IL,פופקורן מיה 500 גרם,גרמים,500.00,100 גרם,false,,5.90,0.0118,true,1,14899
7290002319184,false,עדשים אדומים יבשים מיה 500 גר',מיה תעשיות מזון מ.ת.מ. ב,IL,עדשים אדומים מיה 500,גרמים,500.00,100 גרם,false,,8.90,0.0178,true,1,14900
7290002319191,false,עדשים ירוקים יבשים מיה 500 גר',מיה תעשיות מזון מ.ת.מ. ב,IL,עדשים ירוקים מיה 500,גרמים,500.00,100 גרם,false,,6.90,0.0138,true,1,14901
7290002319207,false,כוסמת מיה 500 גרם,מיה תעשיות מזון מ.ת.מ. ב,IL,כוסמת מיה 500 גרם,גרמים,500.00,100 גרם,false,,7.90,0.0158,true,1,14902
7290002319221,false,מיה חיטה 500 גרם,מיה תעשיות מזון מ.ת.מ. ב,IL,חיטה מיה 500 גרם,גרמים,500.00,100 גרם,false,,5.50,0.0110,true,1,14904
7290002319313,false,אורז פרסי מלא מיה 1,מיה תעשיות מזון מ.ת.מ. ב,IL,.אורז מלא 1קג,קילוגרמים,1.00,"ק""ג",false,,7.80,7.8000,true,1,14906
7290002319610,false,שקדים טחונים מיה 100 גרם,מיה תעשיות מזון מ.ת.מ. ב,IL,שקדים טחונים 100 גרם,גרמים,100.00,100 גרם,false,,10.90,0.1090,true,1,14922
7290002319771,false,"תמצית אפיה בטעם וניל מיה 50 מ""ל",מיה תעשיות מזון מ.ת.מ. ב,IL,תמצית אפיה וניל,מיליליטרים,50.00,"100 מ""ל",false,,2.90,0.0580,true,1,14933
7290002319788,false,"תמצית אפיה רום מיה 50 מ""ל",מיה תעשיות מזון מ.ת.מ. ב,IL,תמצית אפיה רום,מיליליטרים,60.00,"100 מ""ל",false,,2.90,0.0483,true,1,14934
7290002327042,false,"בורקס תפו""א 800 גר' שלושת האופים קהילות",שלושת האופים,IL,"בורקס תפו""א 800 ג",גרמים,800.00,100 גרם,false,,19.90,0.0249,true,1,16851
7290002327059,false,"בצק עלים 1 ק""ג שלושת האופים קהילות",שלושת האופים,IL,בצק עלים 1 ק`ג,קילוגרמים,1.00,"ק""ג",false,,19.90,19.9000,true,1,16852
7290002327073,false,בורקס גבינה 800 גר' שלושת האופים קהילות,שלושת האופים,IL,בורקס גבינה 800 גרם,גרמים,800.00,100 גרם,false,,19.90,0.0249,true,1,16854
7290002331025,false,"מים מינרלים נביעות ספורט 500 מ""ל פקדון",נביעות טבע הגליל בעמ,IL,נביעות 1/2 ליטר ספור,מיליליטרים,500.00,"100 מ""ל",false,,3.90,0.0078,true,1,6872
7290002331094,false,"מים מינרליים GO TO נביעות 755 מ""ל",נביעות טבע הגליל בעמ,IL,755מל מים מינרלים TO,מיליליטרים,755.00,"100 מ""ל",false,,3.90,0.0052,true,1,6873
7290002331322,false,שישיית מים נביעות 1.5 ליטר,נביעות טבע הגליל בעמ,IL,מי נביעות שישייה 1.5,ליטרים,9.00,ליטר,false,,10.90,1.2111,true,1,6882
7290002331360,false,"נביעות מים מינרליים טו גו מארז 500X6מ""ל",נביעות טבע,IL,נביעות TO GO שישייה,ליטרים,3.00,ליטר,false,,14.90,4.9667,true,1,6883
7290002331421,false,"שישיית מים מינרליים GO TO נביעות 755 מ""ל",נביעות טבע הגליל בעמ,IL,נביעות 6*755מל,ליטרים,4.53,ליטר,false,,16.90,3.7307,true,1,6884
7290002344032,false,סחבות מיקרופייבר מא,,,סחבות מיקרופייבר מא,יחידה,0.00,יחידה,false,,12.90,0.0000,true,1,516365
7290002345015,false,סינטה דק דק אל גאוצ'ו 250ג' מינוט,"טיבון ויל אחזקות בע""\מ",IL,סינטה דקדק 250 גרם,גרמים,250.00,100 גרם,false,,15.90,0.0636,true,1,16860
7290002345022,false,אנטריקוט דק דק מינוט סטייק אל גאוצ'ו 250 גרם,"טיבון ויל אחזקות בע""\מ",IL,אנטריקוט דקדק 250 ג,גרמים,250.00,100 גרם,false,,15.90,0.0636,true,1,16861
7290002348238,false,חתיכות אננס ויליגר 820 גרם,טיפקו,TH,לפתן אננס חתוך ויליג,גרמים,830.00,100 גרם,false,,6.90,0.0083,true,1,62010
7290002353836,false,סרדינים רוברט בשמן זית 115 גרם,קונסרבס פורטוגל נורטה,PT,סרדינים רוברט בשמן ז,גרמים,120.00,100 גרם,false,,8.90,0.0742,true,1,16871
7290002360124,false,חליטת צמחים ורד הבר והיביסקוס פומפדור 20 יחידות,TEEKANNE- POMPADOU,DE,פומפדור חליטת ורד הב,גרמים,30.00,100 גרם,false,,15.90,0.5300,true,1,21426
7290002360278,false,חליטת צמחים פומפדור מנטה 20 יחידות,"איטיליאן פוד, אס.פי.",DE,פומפדור חליטת מנטה 2,גרמים,45.00,100 גרם,false,,15.90,0.3533,true,1,21430
7290002360285,false,חליטת צמחים פומפדור קמומיל 20 יחידות,TEEKANNE- POMPADOU,DE,פומפדור חליטת קמומיל,גרמים,30.00,100 גרם,false,,15.90,0.5300,true,1,21431
7290002371526,false,דקניקים סלסולי פסטרמה שום וצילי פיקנטי טירת צבי 120 גרם,הנסיך- מפעל לייצור ט,IL,טירת צבי סלסולי פסטר,גרמים,120.00,100 גרם,false,,12.80,0.1067,true,1,25339
7290002371533,false,דקניקים סלסולי פסטרמה דבש טירת צבי 120 גרם,הנסיך- מפעל לייצור ט,IL,טירת צבי סלסולי פסטר,גרמים,120.00,100 גרם,false,,12.80,0.1067,true,1,25340
7290002371540,false,דקניקים קורנדביף ללא גלוטן טירת צבי 120 גרם,הנסיך- מפעל לייצור ט,IL,טירת צבי קורנדביף דק,גרמים,120.00,100 גרם,false,,12.80,0.1067,true,1,25341
7290002371854,false,נקניקיות עוף חריפות טירת צבי 2 * 500 גרם,הנסיך- מפעל לייצור ט,IL,נקניקיות עוף מתובלות,קילוגרמים,1.00,"ק""ג",false,,24.90,24.9000,true,1,25343
7290002371939,false,סרוולד בסגנון צרפתי דליקטיב 120 גרם,הנסיך- מפעל לייצור ט,IL,טירת צבי סרוולד צרפת,גרמים,120.00,100 גרם,false,,27.00,0.2250,true,1,25344
7290002374268,false,שמן חמניות מילומור 1 ליטר,שמן תעשיות,IL,שמן חמניות מילומור 1,ליטרים,1.00,ליטר,false,,9.90,9.9000,true,1,29347
7290002374312,false,"שמן קנולה מילומור 1 ל' עד""ח","נארז ע""י : א.ג. גילר",IL,שמן קנולה מילומור 1,ליטרים,1.00,ליטר,false,,11.90,11.9000,true,1,29348
7290002374640,false,שמן בריאות קנולה פלוס אומגה 3 עץ הזית 1 ליטר,שמן תעשיות,EE,שמן קנולה פלוס אומגה,ליטרים,1.00,ליטר,false,,16.90,16.9000,true,1,29350
7290002404590,false,"יין מרלו הראשית 750 מ""ל היוצר",יקבי ארזה,IL,יין היוצר בראשית רזר,מיליליטרים,750.00,"100 מ""ל",false,,37.90,0.0505,true,1,11869
7290002404828,false,מיץ ענבים תירוש יקב ארזה 1 ליטר,יקבי ארזה,IL,תירוש ארזה 1 ליטר,ליטרים,1.00,ליטר,false,,15.90,15.9000,true,1,11877
7290002404958,false,יין גינוסר ליטר -מתוק לקידוש 1 ליטר,יקבי ארזה,IL,גינוסר 1 ליטר,ליטרים,1.00,ליטר,false,,14.90,14.9000,true,1,11885
7290002461562,false,נקניקיות מיני מרגז 500 ג',מעדני הטלה והעגל,IL,נקניקיות מיני מרגז 5,גרמים,500.00,100 גרם,false,,24.90,0.0498,true,1,16891
7290002478416,false,קבב כבש טורקי 800 גר,מעדני הטלה והעגל,IL,קבב כבש טורקי 800 גר,גרמים,800.00,100 גרם,false,,45.90,0.0574,true,1,16893
7290002512004,false,מלוואח צנעני 900 גרם,צנעני מוצרי בצק,IL,צנעני מלווח 900 גרם,גרמים,900.00,100 גרם,false,,21.90,0.0243,true,1,51522
7290002512011,false,ג'חנון צנעני 900 גרם,צנעני מוצרי בצק,IL,צנעני גחנון 900 גרם,גרמים,900.00,100 גרם,false,,21.90,0.0243,true,1,51523
7290002512035,false,"בצק עלים צנעני 1 ק""ג",צנעני מוצרי בצק,IL,בצק עלים 1קג צנעני,קילוגרמים,1.00,"ק""ג",false,,17.90,17.9000,true,1,51524
7290002512066,false,גחנון אפוי צנעני 600 גרם,YOAL,IL,ג'חנון אפוי צנעני 65,גרמים,650.00,100 גרם,false,,20.90,0.0322,true,1,275751
7290002512257,false,מלווח מופחת שומן 700 גר,צנעני,IL,מלווח מופחת שומן 700,גרמים,700.00,100 גרם,false,,17.90,0.0256,true,1,51525
7290002512264,false,ג'חנון מופחת שומן 700 גרם צנעני,צנעני,IL,ג'חנון מופחת שומן 70,גרמים,700.00,100 גרם,false,,17.90,0.0256,true,1,51526
7290002517283,false,תבלין פלפל שחור גרוס 40 גר' מיכל,תות ממתקי איכות,IL,טעם וריח פלפל שחור ג,גרמים,40.00,100 גרם,false,,7.00,0.1750,true,1,42397
7290002517863,false,תבלין ציפורן טחון 80ג',"תבליני טעם וריח בע""מ",IL,תבלין ציפורן טחון טע,גרמים,40.00,100 גרם,false,,8.00,0.2000,true,1,42423
7290002581079,false,תן צ'אפ חטיף טבעות 50 גר',מיה תעשיות מזון מ.ת.מ. ב,IL,תן צאפ טבעות 50 גרם,גרמים,50.00,100 גרם,false,,4.20,0.0840,true,1,14948
7290002603481,false,פיצת השף מאיטליה CHEF שגב פסטו ועגבניות 200 גרם,האי נאם סי או אל.טי.,IT,פיצת השף מאיטליה CHE,גרמים,200.00,100 גרם,false,,16.90,0.0845,true,1,16902
7290002603498,false,פיצת השף מאיטליה אנטי פסטי 256 גרם,האי נאם סי או אל.טי.,IT,פיצת השף מאיטליה CHE,גרמים,220.00,100 גרם,false,,16.90,0.0768,true,1,16903
7290002603504,false,פיצת השף מאיטליה CHEF שגב עגבניות ובצל סגול 200 גרם,סוילה אס.אר.אל,IT,פיצת השף מאיטליה CHE,גרמים,200.00,100 גרם,false,,16.90,0.0845,true,1,16904
7290002608509,false,לחם מחמצת זיתי קלמנט,,,לחם מחמצת זיתי קלמנט,גרמים,530.00,100 גרם,false,,17.90,0.0338,true,1,53935
7290002608523,false,לחם מחמצת כוסמין (בר,פילסברי,,לחם מחמצת כוסמין,גרמים,530.00,100 גרם,false,,17.90,0.0338,true,1,53937
7290002628088,false,טחון הודו בלדי 500 גרם,בלדי,,טחון הודו קפוא 500 ג,גרמים,500.00,100 גרם,false,,10.90,0.0218,true,1,275972
7290002651116,false,גחנון חמסי 1 קג לא א,מאפיית אריאל,IL,"גחנון חמסי 1 ק""ג",קילוגרמים,1.00,"ק""ג",false,,15.90,15.9000,true,1,16907
7290002651123,false,מלאווח חמסי ארוז 1 ק,מאפיית אריאל,IL,"מלווח חמסי 1 ק""ג",קילוגרמים,1.00,"ק""ג",false,,15.90,15.9000,true,1,16908
7290002651253,false,גחנון אפוי חמסי 600 גרם,מעדני הטלה,IL,ג'חנון אפוי חמסי 60,גרמים,600.00,100 גרם,false,,15.90,0.0265,true,1,16909
7290002692393,false,שמן קנולה מזוכך מועשר עץ הזית 1 ליטר,שמן תעשיות בעמ,EE,שמן קנולה מועשר עץ ה,ליטרים,1.00,ליטר,false,,15.90,15.9000,true,1,29352
7290002692478,false,"שמן זית כתית מעולה קלאסי מעודן 750 מ""ל עץ הזית","מרקאולאו, ספרד.אבסה,",IT,שמן זית כתית מעולה מ,מיליליטרים,750.00,"100 מ""ל",false,,33.90,0.0452,true,1,29354
7290002692768,false,"תרסיס שמן קנולה מזוכך ללא תוספת גז עץ הזית 200 מ""ל",טרנסומס פוד איי בי,IT,תרסיס שמן קנולה עץ ה,מיליליטרים,200.00,"100 מ""ל",false,,15.90,0.0795,true,1,29357
7290002692775,false,"תרסיס שמן קנולה בטעם חמאה עץ הזית 200 מ""ל",קומפניה,IT,תרסיס שמן קנולה בטעם,מיליליטרים,200.00,"100 מ""ל",false,,15.90,0.0795,true,1,29358
7290002692782,false,"תרסיס שמן זית כתית מעולה ללא תוספת גז עץ הזית 150 מ""ל",י.ב טכנולוגיות אריזה,IT,תרסיס שמן זית עץ הזי,מיליליטרים,200.00,"100 מ""ל",false,,15.90,0.0795,true,1,29359
7290002703068,false,צנצנת דבש עין חרוד 1,עין חרוד,IL,צנצנת דבש עין חרוד 1,קילוגרמים,1.00,"ק""ג",false,,40.90,40.9000,true,1,47384
7290002703358,false,צנצנת דבש זכוכית 350 גרם,עין חרוד,IL,צנצנת דבש עין חרוד 3,גרמים,350.00,100 גרם,false,,15.90,0.0454,true,1,47390
7290002703426,false,דבש לחיץ בבקבוק עין חרוד 250 גרם,,,דבש לחיץ מכוורת 250,גרמים,250.00,100 גרם,false,,12.90,0.0516,true,1,47392
7290002703679,false,סילאן 100% טבעי עין,,,סילאן 100% טבעי עין,גרמים,900.00,100 גרם,false,,18.90,0.0210,true,1,47396
7290002715375,false,קבב יווני טיבון ויל 400 גרם,טיבון ויל אחזקות בעמ,IL,קבב יווני 400 גרם,גרמים,400.00,100 גרם,false,,17.90,0.0447,true,1,16916
7290002730262,false,"נוזל לניקוי כלים קלאסי פלמוליב 750 מ""ל",יבואן ומשווק: ש. שסט,GR,פלמוליב לכלים קלאסי,מיליליטרים,750.00,"100 מ""ל",false,,8.90,0.0119,true,1,21435
7290002730675,false,"קולגייט משחת שיניים אדומה משפחתי 100 מ""ל",קולגייט-פלמוליב,PL,משחת שיניים משפחתי ק,מיליליטרים,100.00,"100 מ""ל",false,,8.50,0.0850,true,1,21441
7290002730811,false,"משחת שיניים ג'ל פסים מרעננים קולגייט 100 מ""ל",הנסיך- מפעל לייצור ט,PL,משחת שיניים גל משפחת,מיליליטרים,100.00,"100 מ""ל",false,,13.10,0.1310,true,1,21442
7290002730941,false,כדורי צמר גפן בלונס 100 יחידות,הנסיך- מפעל לייצור ט,GR,צמר גפן פרוס בלונס 1,גרמים,100.00,100 גרם,false,,6.90,0.0690,true,1,21446
7290002730958,false,סבון מוצק בניחוח זיתים ואלוורה פלמוליב 4*100 גרם,הנסיך- מפעל לייצור ט,TR,סבון מוצק ירוק זית פ,גרמים,400.00,100 גרם,false,,16.90,0.0422,true,1,21447
7290002735007,false,"בצק עלים מרודד ינון 1 ק""ג",קפוא-זן,,"בצק עלים 1 ק""ג",קילוגרמים,1.00,"ק""ג",false,,13.90,13.9000,true,1,20419
7290002735014,false,מלוואח ארוז ינון 800 גר',ג'נרל מילס סאן אדריא,IL,ינון מלווח ארוז 800,גרמים,800.00,100 גרם,false,,13.90,0.0174,true,1,20420
7290002735021,false,ג'חנון קפוא ינון 750 גרם,ג'נרל מילס סאן אדריא,IL,ינון גחנון ארוז 750,גרמים,750.00,100 גרם,false,,13.90,0.0185,true,1,20421
7290002735113,false,בורקס גבינה ינון 800 גר,,,בורקס גבינה ינון 800,גרמים,800.00,100 גרם,false,,15.90,0.0199,true,1,20422
7290002735120,false,"בורקס תפו""א ינון 800 גר",,,"בורקס תפו""א ינון 800",גרמים,800.00,100 גרם,false,,13.90,0.0174,true,1,20423
7290002735274,false,ג'חנון אפוי ינון 600 גרם,ג'נרל מילס סאן אדריא,IL,ינון גחנון אפוי 600,גרמים,600.00,100 גרם,false,,14.90,0.0248,true,1,20426
7290002752332,false,"סוכריות מנטוס פירות בגליל, 37.5 גרם",הדקלאים אגודת שיתופי,NL,מנטוס .סוכריות פירות,גרמים,37.50,100 גרם,false,,2.90,0.0773,true,1,12744
7290002752349,false,סוכריות מנטוס מנטה 40יח' בגליל 38ג',פרפטי ואן מלה,NL,מנטוס סוכריות מנטה 3,גרמים,37.50,100 גרם,false,,2.90,0.0773,true,1,12745
7290002752493,false,רביעיה סוכריות מנטה 4* 16 ג' טיק טק,פררו - אלבה,ZA,טיק טק 1/4,גרמים,64.00,100 גרם,false,,11.50,0.1797,true,1,41465
7290002757139,false,מלוואח 700 גר' שלושת האופים קהילות,שלושת האופים,IL,שלושת האופים מלוואח,גרמים,700.00,100 גרם,false,,12.90,0.0184,true,1,16927
7290002757146,false,"קובה חמוסטה למרק שלושת האופים 1 ק""ג","שלושת האופים בע""\מ",IL,שלושת האופים קובה חמ,קילוגרמים,1.00,"ק""ג",false,,16.90,16.9000,true,1,16928
7290002757511,false,דלידג קציצות דג לבישול 750 גר קהילות,האי נאם סי או אל.טי.,IL,דלידג קציצות דג לביש,גרמים,750.00,100 גרם,false,,30.90,0.0412,true,1,16930
7290002757528,false,"בורקס פילו תפו""א 700גרם לנדא",שלושת האופים שגמור,IL,"בורקס פילו תפו""א 700",גרמים,700.00,100 גרם,false,,19.90,0.0284,true,1,16931
7290002757535,false,בורקס פילו אצבעות גבינה שלושת האופים 700 גרם,שלושת האופים שגמור,IL,בורקס פילו אצבעות גב,גרמים,700.00,100 גרם,false,,19.90,0.0284,true,1,16932
7290002768074,false,אל סבון נוזלי רגיל דרמפון 1 ליטר,"אמיליה קוסמטיקס בע""מ",IL,סבון נוזלי דרמופון 1,יחידה,0.00,יחידה,false,,16.90,0.0000,true,1,29846
7290002775010,false,מיני בורקס פילו גבינה שלושת האופים מהדרין 650 ג',שלושת האופים שגמור,IL,מיני בורקס פילו גבינ,גרמים,650.00,100 גרם,false,,19.90,0.0306,true,1,16941
7290002787884,false,"מקלות פילו תפו""א 600 גרם שלושת האופים",שגמור,IL,שלושת האופים מקלות פ,גרמים,600.00,100 גרם,false,,19.90,0.0332,true,1,16963
7290002787891,false,מקלות פילו תרד 600 גרם שלושת האופים,שגמור,IL,שלושת האופים מקלות ב,גרמים,600.00,100 גרם,false,,19.90,0.0332,true,1,16964
7290002793311,false,שירות והחלפה מילוי גז 60 סודהסטרים,סודה סטרים,IL,מילוי למכשיר 50,יחידה,0.00,יחידה,false,,60.00,0.0000,true,1,17526
7290002814054,false,סנט מוריץ מתז אנטרטיק מתז 1 ליטר,קומפלקס כימיקלים בעמ,IL,אנטרקטיק במתז 1 ליטר,ליטרים,1.00,ליטר,false,,9.90,9.9000,true,1,20102
7290002814160,false,מסיר שומנים סנט מוריץ 1ל,קומפלקס כימיקלים בעמ,IL,מסיר שומנים קר סנט מ,יחידה,0.00,יחידה,false,,18.90,0.0000,true,1,20106
7290002814290,false,קצף מרוכז blanco בניחוח לימון משמיד 99.9% חיידקים סנט מוריץ 1 ליטר,קומפלקס כימיקלים בעמ,IL,קצף מרוכז 1 ליטר בלנ,ליטרים,1.00,ליטר,false,,10.90,10.9000,true,1,83908
7290002814603,false,"סנט מוריץ - מרסס מסיר שומנים קר מבושם לימון 750 מ""ל",קומפלקס כימיקלים בעמ,IL,מסיר שומנים קר מבושם,מיליליטרים,750.00,"100 מ""ל",false,,12.90,0.0172,true,1,20118
7290002814931,false,סנט מוריץ שמפו רצפות בניחוח פרחים 4 ליטר - מרכז,קומפלקס כימיקלים בעמ,IL,חומר לניקוי רצפה 4 ל,ליטרים,4.00,ליטר,false,,10.90,2.7250,true,1,20122
7290002824183,false,"גבינה לבנה סקי 500 גרם 5% ""שטראוס"" -מוצר בפיקוח",מיוצר עי קונדיטוריית,IL,גבינה לבנה 5% סקי 50,גרמים,500.00,100 גרם,false,,9.50,0.0190,true,1,23264
7290002824466,false,יוגורט דנונה ביו לבן 0% שומן 200 גרם,"שטראוס בריאות בע""\מ",IL,דנונה יוגורט ביו 0%,מיליליטרים,200.00,"100 מ""ל",false,,3.90,0.0195,true,1,23265
7290002824640,false,"גבינת סקי 250 גרם 5% ""שטראוס"" -מוצר בפיקוח",מיוצר עי קונדיטוריית,IL,גבינה 5% סקי 250 גרם,גרמים,250.00,100 גרם,false,,4.98,0.0199,true,1,23266
7290002825722,false,סלט כרוב אדום אחלה 500 גרם,מיוצר עי קונדיטוריית,IL,אחלה כרוב אדום 500ג,גרמים,500.00,100 גרם,false,,14.10,0.0282,true,1,23268
7290002827306,false,נקניקיות עוף ירושלים מחפוד 400 ג',עוף ירושלים,IL,עוף ירושלים נקניקיות,גרמים,400.00,100 גרם,false,,10.90,0.0273,true,1,47063
7290002827337,false,נקניקיות עוף פיקנטי חריף 400 מחפוד,עוף ירושלים,IL,עוף ירושלים נקניקיות,גרמים,400.00,100 גרם,false,,10.90,0.0273,true,1,47066
7290002868996,false,"קוטג' 5% שומן, רכיבים טבעיים, 250 גרם",קריות זול,IL,טרה קוטג מועשר 5% 25,גרמים,250.00,100 גרם,false,,5.60,0.0224,true,1,6382
7290002871361,false,"בירה קרלסברג בקבוק 500 מ""ל חוזר",מבשלות בירה בינלאומיות ב,IL,קרלסברג בירה בק.חוזר,מיליליטרים,500.00,"100 מ""ל",false,,7.90,0.0158,true,1,6907
7290002881230,false,חתיכות אננס בסירופ קל תומר 850 גרם,"אניס פארם בע""מ",VN,אננס חתוך תומר 850 ג,גרמים,850.00,100 גרם,false,,9.90,0.0116,true,1,24946
7290002881254,false,קוקטייל פירות טרופיים בסירופ קל תומר 825 גרם,סאנרייז אגריקלטור,TH,קוקטייל טרופי תומר 8,גרמים,850.00,100 גרם,false,,9.90,0.0116,true,1,24948
7290002881261,false,"ליצ'י שלם 565 גרם ""תומר""",גיבונג אינדסקיאלס,CN,ליצי שלם תומר 565 גר,גרמים,565.00,100 גרם,false,,10.60,0.0188,true,1,24949
7290002881278,false,לפתן אפרסק חצאים תומ,Elbak s.a - greek ca,,אפרסק חצאים תומר 820,גרמים,820.00,100 גרם,false,,9.90,0.0121,true,1,24950
7290002881407,false,נודלס אטריות ביצים דק תומר 400ג',קריות זול,CN,נודלס דק תומר 400 גר,גרמים,400.00,100 גרם,false,,7.90,0.0198,true,1,24955
7290002881414,false,תומר-אטריות ביציםעבו,אופאל,CN,נודלס עבה תומר 400 ג,גרמים,400.00,100 גרם,false,,7.90,0.0198,true,1,24956
7290002881506,false,חמאת בוטנים תומר 510 ג',Niza s a,,חמאת בוטנים 510 גרם,גרמים,510.00,100 גרם,false,,12.40,0.0243,true,1,24960
7290002881513,false,חמאת בוטנים עם שברי בוטנים תמר 510 גר',Niza s a,,חמאת בוטנים עם שברי,גרמים,510.00,100 גרם,false,,12.40,0.0243,true,1,24961
7290002881612,false,לפתן דובדבנים חמוצים תומר 720 גרם,Fructo sliven jsc,BG,לפתן דובדבנים חמוצים,גרמים,700.00,100 גרם,false,,8.90,0.0127,true,1,24966
7290002881940,false,סרדינים מרוקאי בשמן חמניות 125ג' תומר,Union des pecheries,,סרדין מרוקאי בשמן תו,גרמים,125.00,100 גרם,false,,4.90,0.0392,true,1,24978
7290002900566,false,פסטרמה ברביקיו דל שומן טירת צבי 400 גרם,הנסיך- מפעל לייצור ט,IL,פסטרמה ברביקיו דל שו,גרמים,360.00,100 גרם,false,,27.90,0.0775,true,1,25347
7290002909972,false,שעועית ירוקה שלמה בלדי 800 גרם,פספרוסט,BE,שעועית ירוקה שלמה מו,גרמים,800.00,100 גרם,false,,11.90,0.0149,true,1,558642
7290002921240,false,"קרבונה שמפוזר לניקוי שטיחים וריפוד יעקבי 650 מ""ל",קרבונה Carbona,MX,שמפוזר מסיר כתים משט,מיליליטרים,650.00,"100 מ""ל",false,,27.90,0.0429,true,1,11293
7290002922117,false,מקלות קינמון וסוכר חום,"אקלר בע""מ",IL,מארז עוגיות אקלר 250,100 יח',250.00,100 יח',false,,23.90,0.0956,true,1,332570
7290002971955,false,קמח שטיבל חיטה לבן מנופה 1קג,טחנת קמח דגן-שטיבל,IL,קמח לבן 650 ללא צורך,קילוגרמים,1.00,"ק""ג",false,,8.50,8.5000,true,1,9224
7290002971962,false,"קמח שטיבל חיטה מלא ללא ניפוי 1 ק""ג",טחנת קמח דגן-שטיבל,IL,קמח מלא 100% ללא צור,קילוגרמים,1.00,"ק""ג",false,,7.90,7.9000,true,1,276469
7290002971986,false,קמח שיפון מלא 1 קג שטיבל ללא צורך בניפוי,טחנת קמח דגן-שטיבל,IL,קמח שיפון ללא צורך ב,קילוגרמים,1.00,"ק""ג",false,,7.90,7.9000,true,1,9225
7290002971993,false,"קמח כוסמין מס 14 ללא ניפוי 1 ק""ג",טחנת קמח דגן-שטיבל,IL,קמח כוסמין מלא ללא צ,קילוגרמים,1.00,"ק""ג",false,,13.90,13.9000,true,1,9226
7290002972365,false,קמח תופח שטיבל 13 ללא צורך בניפוי 1 קג,מיוצר עי קונדיטוריית,IL,קמח תופח ללא צורך בנ,קילוגרמים,1.00,"ק""ג",false,,8.50,8.5000,true,1,9228
7290002972426,false,"קמח חיטה 80% ללא ניפוי שטיבל 1ק""ג",טחנת קמח דגן-שטיבל,IL,קמח מלא 80% ללא צורך,קילוגרמים,1.00,"ק""ג",false,,8.50,8.5000,true,1,9229
7290002973812,false,קמח כוסמין 80% ללא צ,"שטיבל בע""\מ",IL,קמח כוסמין 80% ללא צ,קילוגרמים,1.00,"ק""ג",false,,14.90,14.9000,true,1,108299
7290002973829,false,"קמח כוסמין לבן ללא ניפוי שטיבל 1 ק""ג","שטיבל בע""מ",IL,קמח כוסמין לבן ללא צ,קילוגרמים,1.00,"ק""ג",false,,14.90,14.9000,true,1,108300
7290002974314,false,"קמח פיצה שטיבל 1 ק""ג",טחנת קמח דגן-שטיבל,IL,"קמח פיצה שטיבל 1 ק""ג",קילוגרמים,1.00,"ק""ג",false,,11.90,11.9000,true,1,547726
7290002974338,false,"קמח מניטובה מנופה ""0",טחנת קמח דגן-שטיבל,IL,"קמח מניטובה מנופה ""0",קילוגרמים,1.00,"ק""ג",false,,12.90,12.9000,true,1,212330
7290002974352,false,קמח מלא חיטה ישראלית,טחנת קמח דגן-שטיבל,IL,קמח רותה חיטה מלא שט,קילוגרמים,1.00,"ק""ג",false,,9.90,9.9000,true,1,540023
7290002986652,false,גטניו פתי בר שוקו 470 גרם,"אחים גטניו בע""מ",IL,גטניו - פתיבר שוקו 4,גרמים,470.00,100 גרם,false,,9.90,0.0211,true,1,41262
7290002987963,false,"סלט חומוס אחלה 1 ק""ג",מיוצר עי קונדיטוריית,IL,אחלה חומוס 1קג,קילוגרמים,1.00,"ק""ג",false,,13.90,13.9000,true,1,23269
7290003009183,false,"סירופ דיאט תפוחים פריגת 750 מ""ל",סירופ - גבעת חיים,IL,סירופ דיאט תפוחים פר,מיליליטרים,750.00,"100 מ""ל",false,,21.60,0.0288,true,1,6915
7290003009329,false,בוטנים אמריקאיים קליית גת 200 גרם,הדקלאים אגודת שיתופי,IL,בוטן אמריקאי מצופה 2,גרמים,200.00,100 גרם,false,,6.50,0.0325,true,1,12750
7290003009336,false,קבוקים קליית גת 200 גרם,הדקלאים אגודת שיתופי,IL,קבוקים מצופים 200 גר,גרמים,200.00,100 גרם,false,,6.50,0.0325,true,1,12751
7290003009596,false,"סירופ דיאט אשכוליות פריגת 750 מ""ל",סירופ - גבעת חיים,IL,סירופ דיאט אשכוליות,מיליליטרים,750.00,"100 מ""ל",false,,21.60,0.0288,true,1,6919
7290003009640,false,מיץ תפוזים סחוט רכיבים טבעיים פריגת 1 ליטר,פריגת מצוננים,IL,פריגת סחוט מיץ תפוזי,ליטרים,1.00,ליטר,false,,15.90,15.9000,true,1,6384
7290003013005,false,פתיליות עגולות לשמן 50 יחידות שלהבת,שלהבת,IL,פתיל צף עגול קטן,יחידה,0.00,יחידה,false,,3.50,0.0000,true,1,46498
7290003015627,false,"נוזל רצפות אפרסק 2 ליטר ""ריצפז פרש""","סנו מפעלי ברונוס בע""",IL,ריצפז פרש אפרסק 2 לי,ליטרים,2.00,ליטר,false,,18.90,9.4500,true,1,29857
7290003015641,false,"נוזל רצפות יסמין 2 ליטר ""ריצפז פרש""",קריות זול,IL,ריצפז פרש יסמין 2 לי,ליטרים,2.00,ליטר,false,,18.90,9.4500,true,1,29859
7290003015672,false,סנו סופט מפיות צבעוניות חלקות 50 יחידות,סנו סופט,IL,סנו סופט מפיות צבעונ,יחידה,0.00,יחידה,false,,7.90,0.0000,true,1,29860
7290003015917,false,סנומט רולון דוחה יתוש אישי עם אלוורה 50מ,סנומט,,סנומט מגן רולאון 50מ,מיליליטרים,50.00,"100 מ""ל",false,,19.90,0.3980,true,1,29861
7290003026227,false,"קמיל בלו שמפו לתינוק סנסיטיב אל דמע ד""ר פישר 1 ליטר",פישר מעבדות פרמצבטיות בע,IL,קמיל בלו סנסיטיב שמפ,יחידה,0.00,יחידה,false,,33.90,0.0000,true,1,29071
7290003029181,false,משקה יטבתה שוקו' בקבוק 1ל מהדרין,שטראוס גרופ,IL,יטבתה שוקו בקבוק 1ל,ליטרים,1.00,ליטר,false,,10.00,10.0000,true,1,23273
7290003029372,false,משקה חלב בטעם בננה יטבתה 1 ליטר,שטראוס גרופ,IL,יטבתה משקה חלב בננה,ליטרים,1.00,ליטר,false,,10.00,10.0000,true,1,23276
7290003029389,false,"משקה חלב בננה פקק ספורט 250 מ""ל יוטבתה",שטראוס גרופ,IL,יטבתה משקה חלב בננה+,מיליליטרים,250.00,"100 מ""ל",false,,5.50,0.0220,true,1,23277
7290003029433,false,"משקה יטבתה שוקו פקק 250 מ""ל מהדרין",שטראוס גרופ,IL,יטבתה שוקו +פקק 250,מיליליטרים,250.00,"100 מ""ל",false,,5.50,0.0220,true,1,23278
7290003029532,false,מוקה בבקבוק יטבתה 1 ליטר מהדרין,שטראוס גרופ,IL,יטבתה מוקה 1ל,ליטרים,1.00,ליטר,false,,10.00,10.0000,true,1,23280
7290003029792,false,"משקה יטבתה שוקו שקיות מהדרין מארז 225X8מ""ל",שטראוס גרופ,IL,יטבתה מהדרין שוקו שק,ליטרים,1.80,ליטר,false,,19.90,11.0556,true,1,23282
7290003029815,false,כד חלב 3% יטבתה 2 ליטר מהדרין,שטראוס גרופ,IL,חלב מועשר בכד2 ליטר,ליטרים,2.00,ליטר,false,,15.90,7.9500,true,1,23283
7290003029907,false,אייס קפה יטבתה 1 ליטר מהדרין,שטראוס גרופ,IL,יטבתה אייס קפה 1ל,ליטרים,1.00,ליטר,false,,10.00,10.0000,true,1,23285
7290003047642,false,תה שחור יילו לייבל 100*1.5 ג' שקיק ליפטון,"יונילוור רוסייה בע""מ",RU,תה ליפטון יילו לייבל,גרמים,150.00,100 גרם,false,,11.90,0.0793,true,1,10323
7290003072965,false,קבנוס חריף מעושן טירת צבי 120 גרם,טיב טירת צבי 2000,IL,קבנוס חריף מעושן 120,גרמים,120.00,100 גרם,false,,9.90,0.0825,true,1,137368
7290003072972,false,קבנוס בתיבול מעושן טירת צבי 120 גרם,טיב טירת צבי 2000,IL,קבנוס בתיבול שום 120,גרמים,120.00,100 גרם,false,,9.90,0.0825,true,1,137369
7290003102891,false,שקיות צליה הוסטס בקופסה 10יח',הוסטס,TR,שקיות צליה הוסטס 10י,יחידה,0.00,יחידה,false,,4.90,0.0000,true,1,876
7290003107216,false,קמח 1 קג שימורי איכ,טחנת קמח דגן לישראל,IL,"קמח לבן דגן 1 ק""ג",קילוגרמים,1.00,"ק""ג",false,,6.50,6.5000,true,1,9234
7290003107223,false,טחנת קמח דגן סולת 1קג,טחנת קמח דגן לישראל,IL,"סולת חיטה דגן 1 ק""ג",קילוגרמים,1.00,"ק""ג",false,,6.50,6.5000,true,1,9235
7290003107315,false,"סולת בד""צ ארוז 1 ק""ג",טחנת קמח דגן לישראל,IL,"סולת דגן 1 ק""ג",קילוגרמים,1.00,"ק""ג",false,,4.50,4.5000,true,1,9238
7290003107346,false,טחנת קמח דגן קמח 1 קג,טחנת קמח דגן לישראל,IL,קמח חיטה לבן דגן 1 ק,קילוגרמים,1.00,"ק""ג",false,,4.50,4.5000,true,1,9240
7290003119110,false,קוקה קולה שישייה 1.5,החברה המרכזית לייצור משקאות,IL,קוקה קולה 6*1.5ליטר,ליטרים,9.00,ליטר,false,,48.10,5.3444,true,1,6923
7290003126958,false,טופו גבינה גוש בואקום צוריאל 300 ג',א.י.ן תעשיות מזון בע,IL,צוריאל גבינה גוש טופ,גרמים,300.00,100 גרם,false,,12.90,0.0430,true,1,6389
7290003133123,false,לחם זהב עגול אוקראיני 750 ג',מאפיית דוידוביץ ובני,IL,לחם אוקראיני מיוחד ע,גרמים,750.00,100 גרם,false,,12.90,0.0172,true,1,586897
7290003133505,false,לחם שיפונטו דוידוביץ,דוידוביץ,IL,לחם שיפונטו דוידוביץ,גרמים,750.00,100 גרם,false,,12.90,0.0172,true,1,586867
7290003141159,false,יוגטה מרשמלו ממתק מוקצף בטעמי תות שדה ווניל 180 גרם,יוגוטה,IL,יוגטה מרשמלו 180 גר',גרמים,180.00,100 גרם,false,,6.90,0.0383,true,1,41979
7290003142422,false,גרעיני חמניה בשקית ללא מלח קליית גת 180 גרם,"ג'י אנד ג'י בע""מ",IL,גרעיני חמניה ללא מלח,גרמים,180.00,100 גרם,false,,6.90,0.0383,true,1,12759
7290003143139,false,סילאן תמרים קלית גת 900 ג',"טעמי הגליל בע""\מ",IL,קליית גת סילאן 900ג,גרמים,900.00,100 גרם,false,,13.90,0.0154,true,1,12765
7290003143146,false,ממרח תמרים קליית גת 450 גרם,הדקלאים אגודת שיתופי,IL,ממרח תמרים 450 גרם,גרמים,450.00,100 גרם,false,,6.50,0.0144,true,1,12766
7290003143337,false,סילאן רכיבים טבעיים לחיץ קליית גת 350 גרם,ליימן מותגים,IL,סילאן טבעי 350 גרם,גרמים,350.00,100 גרם,false,,13.90,0.0397,true,1,12770
7290003144419,false,סילאן טבעי קליית גת 710 גרם,"טעמי הגליל בע""\מ",IL,סילאן טבעי קלית גת 7,גרמים,710.00,100 גרם,false,,20.90,0.0294,true,1,12777
7290003145751,false,"קליית גת אגוזי קלויים, 200 גרם",הדקלאים אגודת שיתופי,IL,קשיו קלוי 200 גרם,גרמים,200.00,100 גרם,false,,19.90,0.0995,true,1,12786
7290003163939,false,מעדני הטלה נקניקיות,יושלם,,"נקניקיות גריל 1.5 ק""",קילוגרמים,1.50,"ק""ג",false,,24.90,16.6000,true,1,16993
7290003185726,false,קבב מזרחי טיבון ויל 500 גרם,טיבון ויל אחזקות בעמ,IL,קבב מזרחי 500 גרם,גרמים,500.00,100 גרם,false,,17.90,0.0358,true,1,16995
7290003189076,false,פיצרלה הצהובה הטובה מגורדת 22% כפיר 500 גרם,צי תעשיות מזון יבנה,IL,פיצרלה חלבון צמחי,גרמים,500.00,100 גרם,false,,19.90,0.0398,true,1,18258
7290003189144,false,"גבינה הולנדית 22% שומן 1 ק""ג כפיר",צי תעשיות מזון יבנה,IL,הולנדי כפיר חלבון צ,קילוגרמים,1.00,"100 ק""ג",false,,37.90,37.9000,true,1,18260
7290003208586,false,"וורמוט מרטיני לבן 750 מ""ל",מרטיני ורוסי,IT,מרטיני ביאנקו 750 מל,מיליליטרים,750.00,"100 מ""ל",false,,45.90,0.0612,true,1,13378
7290003220403,false,מעדני המלך- קרקר מלוח 110 גרם,מגדנית הדר,IL,מעדני המלך קרקר עם מ,גרמים,110.00,100 גרם,false,,2.90,0.0264,true,1,41269
7290003220410,false,קרקר שומשום 110 ג' נאפה מעדני מלך,מגדנית הדר,IL,מעדני המלך קרקר שומש,גרמים,110.00,100 גרם,false,,2.90,0.0264,true,1,41270
7290003220588,false,"רוטה צ'ילי מתוק ללא סוכר 700 מ""ל WOK",תאי פרידה אינדסטרי ב,TH,ווק רוטב צ'ילי מתוק,מיליליטרים,700.00,"100 מ""ל",false,,14.90,0.0213,true,1,275916
7290003220595,false,"ווק אורז לסושי 1 ק""ג WOK","מיה תעשיות מזון בע""מ",IL,אורז לסושי 1 ק'ג WOK,קילוגרמים,1.00,"ק""ג",false,,12.90,12.9000,true,1,275917
7290003220649,false,שמן שומשום 100% טהור150מ,הו צ'קינג הינג אוי פ,SG,שמן שומשום 100% טהור,מיליליטרים,150.00,"100 מ""ל",false,,15.90,0.1060,true,1,275920
7290003220755,false,"WOK רוטב סויה כהה 640 מ""ל",ליאנג סאנג האנד הואד,TH,ווק רוטב סויה כהה 64,מיליליטרים,640.00,"100 מ""ל",false,,15.90,0.0248,true,1,275940
7290003220779,false,"ווק אטריות אורז עובי 3 מ""מ 400 גרם",אסיאן סופירה פודס חב,TH,מקלוני אורז עובי 3 מ,גרמים,400.00,100 גרם,false,,10.90,0.0273,true,1,41281
7290003220977,false,עוגיות חצי ירח מצופה 175 נאפה מעדני מלך,מגדנית הדר,IL,מעדני מלך ירח חצי מצ,גרמים,175.00,100 גרם,false,,5.90,0.0337,true,1,147658
7290003229109,false,פסטרמה הודו בפפריקה טירת צבי 400 גרם,הנסיך- מפעל לייצור ט,IL,א.מ .פסטרמה בפפריקה,גרמים,400.00,100 גרם,false,,26.90,0.0672,true,1,25373
7290003229116,false,פסטרמה הודו בדבש שומן טירת צבי 400 גרם,הנסיך- מפעל לייצור ט,IL,א.מ פסטרמה בדבש 400,גרמים,400.00,100 גרם,false,,26.90,0.0672,true,1,25374
7290003229123,false,פסטרמה הודו על גחלים 2% טירת צבי 400 גרם,הנסיך- מפעל לייצור ט,IL,א.מ. פסטרמה על גחלים,גרמים,400.00,100 גרם,false,,26.90,0.0672,true,1,25375
7290003229147,false,נקניק סלמי איטלקי מעושן טירת צבי 300 גרם,הנסיך- מפעל לייצור ט,IL,סלמי בסגנון איטלקי 3,גרמים,300.00,100 גרם,false,,26.90,0.0897,true,1,25376
7290003229154,false,נקניק סלמי קוניאק טירת צבי 300 גרם,הנסיך- מפעל לייצור ט,IL,א.מ. סלמי קוניאק מוב,גרמים,300.00,100 גרם,false,,24.90,0.0830,true,1,25377
7290003229192,false,נקניק כתף בקר מעושן 2% טירת צבי 400 גרם,טיב טירת צבי 2000,IL,א.מ. כתף בקר מעושן 4,גרמים,400.00,100 גרם,false,,26.90,0.0672,true,1,25379
7290003229208,false,פסטרמה ספרדית 2% טירת צבי 360 גרם,טירת צבי - מדף,IL,פסטרמה ספרדית 2% 360,גרמים,360.00,100 גרם,false,,27.90,0.0775,true,1,25380
7290003229215,false,פסטרמה איטלקית 3.5% טירת צבי 360 גרם,טירת צבי - מדף,IL,פסטרמה איטלקית 360 ג,גרמים,360.00,100 גרם,false,,27.90,0.0775,true,1,25381
7290003287253,false,נקניקיות מרגז הקצביה 500 גרם בלדי,קרלו,IL,מרגז קצביה ארוז 600,גרמים,600.00,100 גרם,false,,28.90,0.0482,true,1,35309
7290003287284,false,קבב ביתי קצביה ארוז 600 ג' - 8 יח',בלדי,IL,קבב ביתי קצביה ארוז,גרמים,600.00,100 גרם,false,,28.90,0.0482,true,1,35311
7290003310555,false,"מאגדת טילון קרם עוגיות 4*100 מ""ל בן וג'ירי",מוצרי איכות אמריקאיים,IL,מאגדת טילון קרם עוגי,גרמים,400.00,100 גרם,false,,24.90,0.0622,true,1,14399
7290003318100,false,וופל בטעם שוקולד מנעמים 200 ג',מנעמים תעשיות מזון,IL,ופל שוקו מנעמים 200,גרמים,200.00,100 גרם,false,,4.30,0.0215,true,1,36050
7290003318131,false,ופל קלאסיק אגוז 200 גרם מנעמים,מנעמים תעשיות מזון,IL,ופל אגוז מנעמים 200,גרמים,200.00,100 גרם,false,,4.30,0.0215,true,1,36051
7290003318155,false,וופל טעם לימון מנעמים 200 ג',מנעמים תעשיות מזון,IL,ופל לימון מנעמים 200,גרמים,250.00,100 גרם,false,,4.30,0.0172,true,1,36052
7290003318599,false,וופלים וניל מנעמים 200 גרם,מנעמים תעשיות מזון,IL,ופל וניל מנעמים 200,גרמים,200.00,100 גרם,false,,4.30,0.0215,true,1,36054
7290003321155,false,יוגורט בר עם פקאן מצופה שוקולד 183 ג' דנונה,"שטראוס בריאות בע""\מ",IL,דנונה קראנצ' ששבי פק,מיליליטרים,183.00,"100 מ""ל",false,,4.60,0.0251,true,1,23286
7290003321292,false,גבינה לבנה 9% שומן 250 ג' שטראוס,מיוצר עי קונדיטוריית,IL,גבינה 9% סקי 250 גרם,גרמים,250.00,100 גרם,false,,5.00,0.0200,true,1,23287
7290003332007,false,קפה שחור עם הל 250 גרם,סובחי נחלה ובניו,IL,קפה נחלה סובחי 250ג,גרמים,250.00,100 גרם,false,,13.90,0.0556,true,1,33762
7290003332014,false,קפה נח'לה אדום עם הל500ג,קפה אל נח'לה,IL,קפה נחלה סובחי 500 ג,גרמים,500.00,100 גרם,false,,27.90,0.0558,true,1,33763
7290003332021,false,"קפה נחלה סובחי 1 ק""ג",,,"קפה נחלה סובחי 1 ק""ג",קילוגרמים,1.00,"ק""ג",false,,50.90,50.9000,true,1,33764
7290003332045,false,קפה נחלה אדום ללא הל 250ג',קפה אל נחלה,IL,קפה נחלה סובחי 250 ג,גרמים,250.00,100 גרם,false,,13.90,0.0556,true,1,33765
7290003387205,false,דאו' ספיד סטיק בסיסי ירוק רגיל לגבר 63ג',הנסיך- מפעל לייצור ט,US,דאו' סטיק ירוק לגבר,גרמים,63.00,100 גרם,false,,18.90,0.3000,true,1,21448
7290003387410,false,שלישיית פדים להסרת איפור בלונס 80 יחידות,ספטונה,GR,מגבונים להסרת איפור,יחידה,0.00,יחידה,false,,19.90,0.0000,true,1,21450
7290003401376,false,"קרם לחות ועיצוב לשיער אלוורה נטורל 400 מ""ל",מיוצר עי אמיליה קוסמ,IL,קרם לחות ועיצוב לשיע,מיליליטרים,400.00,"100 מ""ל",false,,19.90,0.0497,true,1,29864
7290003401642,false,"קרם לחות לתלתלים טבעיים נטורל פורמולה 400 מ""ל",מיוצר עי אמיליה קוסמ,IL,לחות לתלתול טבעי נטו,מיליליטרים,400.00,"100 מ""ל",false,,22.90,0.0572,true,1,29867
7290003411054,false,שקיות צליה גדול דליקטס רוסטי הנמל 5יח`,סאדאת איסטנבול,TR,שקיות רוסטי ענק 5 יח,יחידה,0.00,יחידה,false,,3.90,0.0000,true,1,7832
7290003411276,false,עמבה הודית מובחרת הנמל 600ג',טרופיקל דגיל תעשיות,IL,עמבה מובחרת 500 גרם,גרמים,500.00,100 גרם,false,,8.90,0.0178,true,1,7840
7290003411689,false,ליפתניות לבן 25 יחידות,הנמל אריזות ושיווק ב,IL,לפתניות 25 יח,יחידה,0.00,יחידה,false,,4.90,0.0000,true,1,7851
7290003411696,false,"מרקיות לבן ח""פ הנמל 25 יח'",פלסטכים תורכיה,IL,מרקיות חד פעמי 25 יח,יחידה,0.00,יחידה,false,,9.90,0.0000,true,1,7852
7290003411993,false,גפרורים הנמל 10 יחידות,"איטיליאן פוד, אס.פי.",SE,גפרורים 10 יחידות,יחידה,0.00,יחידה,false,,2.90,0.0000,true,1,7863
7290003427154,false,"שמן זית כתית מעולה טעם מעודן זיתא 750 מ""ל",זיתא תעשיות שמן זיתt\,IL,שמן זית כתית מעולה ז,מיליליטרים,750.00,"100 מ""ל",false,,33.90,0.0452,true,1,24627
7290003438006,false,ממרח אולביה פסטו וצנובר איטלקי 190ג',מיוצר עי קונדיטוריית,IL,אוליביה ממרח פסטו אי,גרמים,180.00,100 גרם,false,,13.90,0.0772,true,1,51976
7290003438013,false,ממרח זיתים ירוקים אוליביה 190 גרם,קריות זול,IL,אוליביה ממרח זיתים א,גרמים,190.00,100 גרם,false,,13.90,0.0732,true,1,51977
7290003438020,false,ממרח עגבניות מיובשות אוליביה 190 גרם,מיוצר עי קונדיטוריית,IL,אוליביה ממרח עגבניות,גרמים,190.00,100 גרם,false,,13.90,0.0732,true,1,51978
7290003438709,false,ממרח אולביה זיתים שחורים וירוקים 190 ג',גוד פוד פרודקטס S.p,IL,אוליביה ממרח זיתים ש,גרמים,190.00,100 גרם,false,,13.90,0.0732,true,1,51980
7290003444009,false,הרשי ריזס חטיף במילוי בוטנים 42 גרם,ליימן מותגים,US,ריזס שוקולד חלב במיל,גרמים,42.00,100 גרם,false,,3.90,0.0929,true,1,12525
7290003450602,false,חרדל אמיתי צהוב בקבוק לחיץ 255 גר,היינץ צפון אמריקה מקבוצת ה.י.היינץ,US,חרדל אמיתי צהוב בקבו,גרמים,255.00,100 גרם,false,,8.90,0.0349,true,1,5304
7290003461868,false,"חציל במיונז אסלי שמיר 1 ק""ג","סלטי שמיר 2006 בע""מ",IL,"חציל במיונז 1ק""ג",קילוגרמים,1.00,"ק""ג",false,,10.90,10.9000,true,1,17692
7290003514007,false,מנה שקדי מרק מנה 400 גרם,מנה Mana,IL,שקדי מרק מנה 400 גרם,גרמים,400.00,100 גרם,false,,9.90,0.0248,true,1,21452
7290003521166,false,"ד""ר פישר - סרקל קרם רוזמרין לילדים 325 מ""ל",פישר מעבדות פרמצבטיות בע,IL,סרקל קרם רוזמרין 325,מיליליטרים,325.00,"100 מ""ל",false,,24.90,0.0766,true,1,29079
7290003570164,false,מינוט שווארמה פרגית 300 גרם ארוז בלדי,"בלדי בע""\מ",IL,מינוט שוארמה פרגית 3,גרמים,300.00,100 גרם,false,,27.90,0.0930,true,1,35321
7290003570928,false,קבב בלדי קצביה ארוז קפוא 500ג',בלאדי,IL,קבב בלדי קצביה ארוז,גרמים,500.00,100 גרם,false,,28.90,0.0578,true,1,35325
7290003578078,false,קוקטייל פירות טרופי בסירופ קל ויליפוד 850 גרם,קריות זול,CN,לפתן קוקטיל טרופי פי,גרמים,850.00,100 גרם,false,,9.90,0.0116,true,1,2865
7290003578108,false,חתיכות אננס בסירופ קל וילי פוד 850 גרם,טקרנג פינאפל אינדסטר,TH,אננס חתוך ויליפוד 85,גרמים,490.00,100 גרם,false,,8.90,0.0182,true,1,2867
7290003578177,false,תירס צעיר שלם וילי פוד 210 גרם,מגסטיק פוד אידסטרי ק,TH,תירס גמדי שלם ויליפו,גרמים,210.00,100 גרם,false,,6.90,0.0329,true,1,2870
7290003578313,false,דובדבנים ללא חרצנים ויליפוד 680 גרם,דל מונטה היילס אס.אי,HR,דובדבנים חמוצים ללא,גרמים,350.00,100 גרם,false,,9.90,0.0283,true,1,2873
7290003578672,false,ויליפוד שמן חמניות 1 ליטר{בית יוסף},וילי פוד,TR,שמן חמניות 1 ליטר,ליטרים,1.00,ליטר,false,,12.90,12.9000,true,1,2876
7290003598311,false,מינוט סטייק חלק ריאה 300 ג',"בלדי בע""\מ",IL,מינוט סטייק 300 גר'/,גרמים,300.00,100 גרם,false,,35.90,0.1197,true,1,35327
7290003643004,false,"סוגת אורז בסמטי קלאסי 1 ק""ג",האי נאם סי או אל.טי.,IL,"סוגת אורז בסמטי 1 ק""",קילוגרמים,1.00,"ק""ג",false,,13.90,13.9000,true,1,17321
7290003643134,false,סוכר וניל סוגת 100 גרם מארז 10 יחידות,גוד פוד פרודקטס S.p,IL,סוגת סוכר וניל 10 יח,גרמים,100.00,100 גרם,false,,2.50,0.0250,true,1,17323
7290003643158,false,קורנפולר שקית 200 ג' סוגת,המאפיה של הרמן,IL,קונפלור 200 גרם,גרמים,200.00,100 גרם,false,,2.80,0.0140,true,1,17325
7290003643165,false,סוגת קורנפלור 500 גרם,"י. כהן בע""מ",IL,קונפלור 500 גרם,גרמים,500.00,100 גרם,false,,4.90,0.0098,true,1,17326
7290003643325,false,קוסקוס בינוני סוגת 350 גרם,"אסיף תעשיות מזון בע""\מ",IL,קוסקוס בינוני סוגת 3,גרמים,350.00,100 גרם,false,,4.90,0.0140,true,1,17329
7290003643387,false,"סוכר לבן בצנצנת 1 ק""ג סוגת",האי נאם סי או אל.טי.,IL,סוכר לבן בצנצנת סוגת,קילוגרמים,1.00,"ק""ג",false,,9.90,9.9000,true,1,17332
7290003643646,false,"סוכר דמררה קלאסי בצנצנת סוגת 1 ק""ג",האי נאם סי או אל.טי.,IL,סוכר דמררה בצנצנת חו,קילוגרמים,1.00,"ק""ג",false,,12.90,12.9000,true,1,17333
7290003643684,false,אפונה יבשה סוגת 500 גר',האי נאם סי או אל.טי.,IL,אפונה יבשה 500 גרם,גרמים,500.00,100 גרם,false,,5.90,0.0118,true,1,17334
7290003643707,false,סוגת גריסים 500 גרם,"סוגת תעשיות בע""מ",IL,סוגת גריסים 500גר,גרמים,500.00,100 גרם,false,,4.90,0.0098,true,1,17335
7290003643714,false,חומוס גרגירים 500 גרם סוגת,האי נאם סי או אל.טי.,IL,חומוס 500 גרם,גרמים,500.00,100 גרם,false,,7.90,0.0158,true,1,17336
7290003643738,false,סוגת חיטה 500 גרם,האי נאם סי או אל.טי.,IL,סוגת חיטה 500 גר,גרמים,500.00,100 גרם,false,,4.90,0.0098,true,1,17337
7290003643745,false,סוגת כוסמת 500 גרם,האי נאם סי או אל.טי.,IL,כוסמת 500 גרם,גרמים,500.00,100 גרם,false,,7.90,0.0158,true,1,17338
7290003643752,false,עדשים ירוקים יבש סוגת 500 גר',האי נאם סי או אל.טי.,IL,עדשים ירוקות 500 גרם,גרמים,500.00,100 גרם,false,,7.90,0.0158,true,1,17339
7290003643769,false,עדשים אדומים יבש סוגת 500 גר',"סוגת תעשיות בע""\מ",IL,עדשים אדומות 500 גרם,גרמים,500.00,100 גרם,false,,7.90,0.0158,true,1,17340
7290003643776,false,"פופקורן גרעינים סוגת 500 ג' כשל""פ",האי נאם סי או אל.טי.,IL,סוגת פופקורן 500 גרם,גרמים,500.00,100 גרם,false,,4.90,0.0098,true,1,17341
7290003643783,false,קוקוס טחון סוגת 100 גרם,האי נאם סי או אל.טי.,IL,קוקוס 100 גר,גרמים,100.00,100 גרם,false,,3.90,0.0390,true,1,17342
7290003643806,false,שעועית לבנה יבשה סוגת 500 ג',האי נאם סי או אל.טי.,IL,שעועית לבנה 500 גרם,גרמים,500.00,100 גרם,false,,10.90,0.0218,true,1,17343
7290003643813,false,שעועית אדומה יבשה סוגת 500 גר',האי נאם סי או אל.טי.,IL,שעועית אדומה 500 גרם,גרמים,500.00,100 גרם,false,,10.90,0.0218,true,1,17344
7290003681051,false,אגוזי פאקן סיני מסוכר 100 גר' מיה,מיה תעשיות מזון מ.ת.מ. ב,IL,אגוז פקאן סיני מסוכר,גרמים,100.00,100 גרם,false,,13.90,0.1390,true,1,14952
7290003681211,false,צנובר מיה 100 גרם,מיה תעשיות מזון מ.ת.מ. ב,IL,צנובר מיה 80 גרם,גרמים,80.00,100 גרם,false,,26.70,0.3337,true,1,14955
7290003681334,false,קוקוס טחון 400 גרם ב,מיה תעשיות מזון מ.ת.מ. ב,IL,קוקוס 400 גר. בדצ,גרמים,400.00,100 גרם,false,,11.90,0.0298,true,1,14962
7290003681365,false,קישוט לעוגה צבעוני בבצנצנת מיה 80 גרם,מיה תעשיות מזון מ.ת.מ. ב,IL,70 סוכריות קישוט לעו,גרמים,70.00,100 גרם,false,,4.90,0.0700,true,1,14964
7290003681532,false,דובדבנים מסוכרים 80 גרם מיה,מיה תעשיות מזון מ.ת.מ. ב,IL,דובדבן מסוכר 80 גרם,גרמים,80.00,100 גרם,false,,5.90,0.0738,true,1,14969
7290003681693,false,חומוס לבן ענק יבש מיה 500 גר',מיה תעשיות מזון מ.ת.מ. ב,IL,חומוס לבן ענק מיה 50,גרמים,500.00,100 גרם,false,,10.90,0.0218,true,1,14978
7290003681716,false,גריסי פנינה מיה 500 גרם,מיה תעשיות מזון מ.ת.מ. ב,IL,גריסי פנינה 500 גרם,גרמים,500.00,100 גרם,false,,4.90,0.0098,true,1,14979
7290003706167,false,בצל ירוק ארוז,,,בצל ירוק ארוז,יח',1.00,יח',false,,5.90,5.9000,true,1,35551
7290003726141,false,טופו משק גאיה גד 300 גרם,ג'נרל מילס סאן אדריא,IL,טופו משק גאיה 300ג,גרמים,300.00,100 גרם,false,,12.90,0.0430,true,1,14632
7290003726615,false,"טופו ויילר 300 גרם ""שטראוס""",הדקלאים אגודת שיתופי,IL,טופו ויילר 300 גרם.,גרמים,300.00,100 גרם,false,,9.80,0.0327,true,1,23289
7290003726776,false,שניצל טופו טעם עוף 420 גר,"פרה מזון בע""\מ",IL,שניצל טופו בטעם עוף,גרמים,420.00,100 גרם,false,,27.90,0.0664,true,1,553981
7290003726790,false,שניצל טופו טעם פיקנטי 420 גר,"פרה מזון בע""\מ",IL,שניצל טופו בטעם עוף,גרמים,420.00,100 גרם,false,,27.90,0.0664,true,1,553997
7290003864478,false,סרדינים בשמן צמחי פתח קל ויליפוד 110 גרם,גולדן פרייז קאנינג א,TH,סרדין בשמן צמחי וילי,גרמים,110.00,100 גרם,false,,5.30,0.0482,true,1,2882
7290003864485,false,סרדינים ברוטב עגבנ יות ויליפוד 110ג' פתח קל,גולדן פרייז קאנינג א,TH,סרדינים ברוטב עגבניו,גרמים,120.00,100 גרם,false,,5.30,0.0442,true,1,2883
7290003864492,false,סרדינים בשמן צמחי חריף פתח קל ויליפוד 110ג',גולדן פרייז קאנינג א,TH,סרדין בשמן צמחי חריף,גרמים,120.00,100 גרם,false,,5.30,0.0442,true,1,2884
7290003882922,false,עלי גפן ממולאים באורז וילי פוד 360 גרם,הזה פלאקספו פוד קו ב,CN,עלי גפן ממולאים באור,גרמים,360.00,100 גרם,false,,8.90,0.0247,true,1,2887
7290003903771,false,קפה נמס קפוצ'ינו רגיל 200 ג',שטראס קפה בי.וי,IL,עלית קפוצינו פחית 20,גרמים,200.00,100 גרם,false,,23.90,0.1195,true,1,22230
7290003976263,false,תרסיס די תיקן 300 מל מגיק טאצ,,,"די תיקן טאצ' 300 מ""ל",מיליליטרים,300.00,"100 מ""ל",false,,9.90,0.0330,true,1,70388
7290003976614,false,גל אקונומיקה סמיכה פרחים טאצ' לבנדר 4 ל',,IL,ג'ל אקונומיקה סמיכה,ליטרים,4.00,ליטר,false,,11.90,2.9750,true,1,94353
7290003989096,false,סלט חצילים פיקנטי אחלה 500 גרם,מיוצר עי קונדיטוריית,IL,אחלה חציל פיקנטי 500,גרמים,500.00,100 גרם,false,,15.60,0.0312,true,1,23292
7290003989539,false,לורנצו רביולי במילוי גבינה,מיוצר עי קונדיטוריית,IL,EAT GOOD רביולי גבינ,גרמים,400.00,100 גרם,false,,16.90,0.0422,true,1,23293
7290003989553,false,פסטה טורטליני גבינה ופטריות 400 גרם,מיוצר עי קונדיטוריית,IL,שטראוס טורטליני פטרי,גרמים,400.00,100 גרם,false,,16.90,0.0422,true,1,23294
7290004011284,false,ריצ בסיס להכנת קצפת 25% 212מל,ריצ' פרודקטס קורפריי,US,ריצ בסיס להכנת קצפת,מיליליטרים,212.00,"100 מ""ל",false,,6.90,0.0325,true,1,17026
7290004011338,false,"ספריי קצפת מתוקה מוכנה ריץ' 250 מ""ל",האי נאם סי או אל.טי.,IT,ריצ קצפת במיכל 250מל,מיליליטרים,250.00,"100 מ""ל",false,,9.90,0.0396,true,1,17028
7290004011796,false,קבבונים בקר קפוא אל גאוצ''ו 400ג',"טיבון ויל אחזקות בע""",IL,אל גאוצו קבבונים 400,גרמים,400.00,100 גרם,false,,21.90,0.0547,true,1,17035
7290004011802,false,נקניקיות צ'וריסוס אל גאוצ'ו 400 גר',טיבון ויל אחזקות בעמ,IL,טיבון ויל צוריסוס אל,גרמים,400.00,100 גרם,false,,23.90,0.0597,true,1,17036
7290004011819,false,המבורגר ריב אנטריקוט אל גאוצ'ו 360 גרם,האי נאם סי או אל.טי.,IL,אל גאוצו המבורגר ריב,גרמים,360.00,100 גרם,false,,21.90,0.0608,true,1,17037
7290004011826,false,מיני המבורגר ריב אנטריקוט,טיבון ויל אחזקות בעמ,IL,אל גאוצ'ו מיני המבור,גרמים,320.00,100 גרם,false,,21.90,0.0684,true,1,17038
7290004023041,false,"לחם שיפון ללא שמרים ד""ר מרק 750 גר'",המאפה של דר מרק בריא,IL,לחם שיפון מחמצת 750,גרמים,750.00,100 גרם,false,,13.90,0.0185,true,1,219764
7290004026776,false,לחם מחמצת אגוזים וצימוקים,פילסברי,,לחם מחמצת אגוזים וצי,גרמים,530.00,100 גרם,false,,17.90,0.0338,true,1,53939
7290004030018,false,"פריניב מיץ לימון סחוט פרי לתיבול 500 מ""ל",הנסיך- מפעל לייצור ט,IL,מיץ לימון סחוט פרי פ,מיליליטרים,500.00,"100 מ""ל",false,,6.90,0.0138,true,1,49403
7290004030216,false,משקה בטעם חמוציות 1 ליטר פריניב,פריניב בעמ,IL,פריניב נקטר חמוציות,ליטרים,1.00,ליטר,false,,12.70,12.7000,true,1,49410
7290004030445,false,מיץ תפוזים סחוט רכיבים טבעיים 1 ליטר פרי ניב,פריניב בעמ,IL,פרי ניב תפוז סחוט 1ל,ליטרים,1.00,ליטר,false,,13.90,13.9000,true,1,49421
7290004030544,false,משקה בטעם לימונדה לואיזה ולימון 1 ליטר פריניב,פרי ניב,IL,לימונדה לואיזה ולמון,יחידה,0.00,יחידה,false,,13.90,0.0000,true,1,49424
7290004030612,false,"מיץ תפוח, קיווי אגס ללא תוספת סוכר 1 ליטר פרי ניב",פריניב בעמ,IL,פרי ניב מיץ קיוי אגס,ליטרים,1.00,ליטר,false,,14.90,14.9000,true,1,49427
7290004030834,false,מיץ רימונים סחוט 100% רכיבים טבעיים פרי ניב 1 ליטר,פריניב בעמ,IL,מיץ סחוט רימונים 100,ליטרים,1.00,ליטר,false,,23.80,23.8000,true,1,49440
7290004043108,false,עדשי מ&מ'ס שוקולד 89 גרם,מרס,US,M&M עדשי שוקולד 89 ג,גרמים,89.00,100 גרם,false,,6.90,0.0775,true,1,20584
7290004043205,false,עדשי שוק.מ&מ'ס בוטנים90ג,מרס,US,M&M עדשי בוטנים 93 ג,גרמים,93.00,100 גרם,false,,6.90,0.0742,true,1,606565
7290004048679,false,"קובה למרק שלושת האופים 1 ק""ג","שלושת האופים בע""\מ",IL,קובה למרק 1 קג שלושת,קילוגרמים,1.00,"ק""ג",false,,16.90,16.9000,true,1,17039
7290004063016,false,מלח שולחן -מוצר בפיקוח,האי נאם סי או אל.טי.,IL,"מלח שולחן סלית 1 ק""ג",קילוגרמים,1.00,"ק""ג",false,,1.70,1.7000,true,1,15459
7290004063115,false,"מלח מטבח עבה להמלחת בשר ובישול 1 ק""ג",האי נאם סי או אל.טי.,IL,מלח מטבח גס לבישול כ,קילוגרמים,1.00,"ק""ג",false,,1.70,1.7000,true,1,15460
7290004064082,false,מטחנה מלח ים טבעי 250 גרם מלח הארץ,חברת מלח הארץ אילת ב,IL,מטחנה מלח ים טבעי,גרמים,250.00,100 גרם,false,,13.90,0.0556,true,1,24643
7290004064099,false,מטחנה מלח ים מהרי ההימלאיה מלח הארץ 100 גרם,"חברת מלח הארץ אילת בע""\מ",IL,מטחנה מלח מהרי ההימל,גרמים,250.00,100 גרם,false,,15.90,0.0636,true,1,15461
7290004064174,false,"תבלין מלח ההימלאיה דק בצנצנת 1 ק""ג","חברת מלח הארץ אילת בע""\מ",PK,מלח ההימלאיה דק בצנצ,קילוגרמים,1.00,"ק""ג",false,,16.90,16.9000,true,1,15462
7290004064280,false,מלח מופחת נתרן בצנצנת מלח הארץ 600 גרם,חברת מלח הארץ אילת ב,IL,מלח מופחת נתרן בצנצנ,גרמים,600.00,100 גרם,false,,15.90,0.0265,true,1,24648
7290004064303,false,מלח אטלנטי בצנצנת מלח הארץ 800 גרם,"חברת מלח הארץ אילת בע""\מ",FR,מלח אטלנטי בצנצנת הא,גרמים,800.00,100 גרם,false,,17.90,0.0224,true,1,15465
7290004064358,false,"מלח דק זורם בקלות מלח הארץ קרטון 1 ק""ג","חברת מלח הארץ אילת בע""\מ",IL,מלח דק זורם בקלות בק,קילוגרמים,1.00,"ק""ג",false,,4.90,4.9000,true,1,15466
7290004068028,false,"ציזיקי יוגורט לשתיה גד 500 מ""ל",מיוצר על ידי קוד יצר,IL,גד משקה צזיקי 2% 500,מיליליטרים,500.00,"100 מ""ל",false,,10.60,0.0212,true,1,14634
7290004068035,false,"יוגורט לשתייה איירן 3% גד 500 מ""ל","מיוצר ע""י קוד יצרן M",IL,גד משקה איירן בסגנון,גרמים,500.00,100 גרם,false,,8.50,0.0170,true,1,14635
7290004068172,false,"יוגורט עיזים בדלי 5% 600 מ""ל רובין",קוד יצרן MKN,IL,גד יוגורט עיזים 5% 6,מיליליטרים,600.00,"100 מ""ל",false,,18.50,0.0308,true,1,14636
7290004078942,false,ליידי ספיד סטיק - דאודורנט ג'ל לאישה 65 גרם,קולגייט-פלמוליב,US,דיאודורנט ג'ל מרענן,גרמים,65.00,100 גרם,false,,17.90,0.2754,true,1,21476
7290004119133,false,כד יוגורט תנובה 6.5% שומן 1.5 ליטר,מיוצר עי קונדיטוריית,IL,יוגורט כדים תנובה 7%,ליטרים,1.50,ליטר,false,,17.70,11.8000,true,1,25860
7290004119225,false,יופלה יוגורט אננס %3 גביע 150 גרם,תנובה מרכז שיתופי לש,IL,יופלה אננס 3% 150מל,גרמים,150.00,100 גרם,false,,5.20,0.0347,true,1,25861
7290004119928,false,מעדן חלב בטעם וניל 2% קרלו תנובה 125 גרם,מחלבת אלון תבור,IL,קרלו וניל 3% 125מל,מיליליטרים,125.00,"100 מ""ל",false,,2.90,0.0232,true,1,25863
7290004119973,false,קרלו מעדן שוקו רביעיה גביע 1.5% 125 גרם,תנובה מרכז שיתופי לש,IL,קרלו שוקולדה 3% 125מ,מיליליטרים,125.00,"100 מ""ל",false,,2.90,0.0232,true,1,25864
7290004120061,false,מעדן חלב בטעם שוקו וניל שוניל 2% קרלו 125 גרם,תנובה מרכז שיתופי לש,IL,קרלו שוניל 3% 125מל,מיליליטרים,125.00,"100 מ""ל",false,,2.90,0.0232,true,1,25865
7290004120566,false,פיראוס 24% גבינה בולגרית 250 גרם,תנובה חלב,IL,פיראוס בולגרית 24% 2,גרמים,250.00,100 גרם,false,,17.90,0.0716,true,1,25873
7290004120573,false,פיראוס 16% גבינה בולגרית 250 גרם,תנובה מרכז שיתופי לש,IL,פיראוס בולגרית בקר 1,גרמים,250.00,100 גרם,false,,17.90,0.0716,true,1,25874
7290004120634,false,גבינה פיראוס בולגרית 5% 250 גרם,תנובה מרכז שיתופי לש,IL,פיראוס בולגרית 5% 25,גרמים,250.00,100 גרם,false,,17.90,0.0716,true,1,25875
7290004120832,false,"חלב 2 ליטר 3% כד ""תנובה""- מוצר בפיקוח",תנובה מרכז שיתופי לש,IL,"חלב תנובה טרי 3% בד""",ליטרים,2.00,ליטר,false,,12.46,6.2300,true,1,25877
7290004121488,false,יופלה דיאט אפרסק 0% גביע 150 גרם,תנובה מרכז שיתופי לש,IL,יופלה דיאט אפרסק 0%,מיליליטרים,150.00,"100 מ""ל",false,,5.10,0.0340,true,1,25878
7290004121525,false,יופלה מאגדת פרי 4 תות 4 אפרסק 3% 8 יח'*150 ג',תנובה מרכז שיתופי לש,IL,יופלה אפרסק תות 3% 8,קילוגרמים,1.20,"ק""ג",false,,31.90,26.5833,true,1,25879
7290004121839,false,גבינת פטה כבשים 20% פיראוס 250 גרם,תנובה מרכז שיתופי לש,IL,פיראוס פטה כבשים 20%,גרמים,250.00,100 גרם,false,,26.90,0.1076,true,1,25881
7290004121853,false,גבינה בולגרית פיראוס 5% קוביות 200 גרם,תנובה מרכז שיתופי לש,IL,פיראוס בולגרית בקובי,גרמים,200.00,100 גרם,false,,20.90,0.1045,true,1,25882
7290004122119,false,פתיתי פרמזן לפסטה 23% השף הלבן 100 גרם,פ.פ.ח. שאביט,IL,שף לבן פתיתי פרמזן ל,גרמים,100.00,100 גרם,false,,10.90,0.1090,true,1,25884
7290004122195,false,גוש חלב גבינה צהובה פרוסה 28% תנובה 200 גרם,תנובה חלב,IL,גוש חלב פרוס 28% 200,גרמים,200.00,100 גרם,false,,14.90,0.0745,true,1,25885
7290004122270,false,עמק קלאסית פרוסות גבינה חצי קשה 28% 200 גרם,תנובה מרכז שיתופי לש,IL,עמק פרוס סגירה חוזרת,גרמים,200.00,100 גרם,false,,16.90,0.0845,true,1,25886
7290004122348,false,גבינת עמק לייט פרוס בקופסא 200 גרם,תנובה מרכז שיתופי לש,IL,עמק לייט 9% 200ג,גרמים,200.00,100 גרם,false,,17.90,0.0895,true,1,25887
7290004122676,false,גבינת חמד לייט 5% פיראוס 250 ג',"תנובה,מחלבת טנא נוגה",IL,פיראוס חמד לייט 5% 2,גרמים,250.00,100 גרם,false,,18.90,0.0756,true,1,25889
7290004122683,false,עמק חטיף אצבעות גבינה חצי קשה 28% שומן,תנובה מרכז שיתופי לש,IL,עמק אצבעות 172ג,גרמים,172.00,100 גרם,false,,16.70,0.0971,true,1,25890
7290004124205,false,יופלה דיאט יוגורט תות %0 גביע 150 גרם,תנובה מרכז שיתופי לש,IL,יופלה דיאט תות 0% 15,מיליליטרים,150.00,"100 מ""ל",false,,5.10,0.0340,true,1,25898
7290004124847,false,"קצפת צמחית השף הלבן 500 מ""ל תנובה",תנובה מרכז שיתופי לש,IL,שף לבן קצפת צמחית 24,מיליליטרים,500.00,"100 מ""ל",false,,14.90,0.0298,true,1,25900
7290004125370,false,"שמנת חמוצה 9% מופחתת שומן תנובה 200 מ""ל מהדרין",תנובה מרכז שיתופי לש,IL,תנובה שמנת מופחתת 9%,מיליליטרים,200.00,"100 מ""ל",false,,3.90,0.0195,true,1,25902
7290004125400,false,"אשל שלי מהדרין 200 מ""ל 4.5% ""תנובה""- מוצר בפיקוח",פארייפאבה אגרואינדוס,IL,"אשל 4.5% בד""צ מהדרין",מיליליטרים,200.00,"100 מ""ל",false,,1.69,0.0084,true,1,25903
7290004125417,false,"גיל 3% שלי 200 מ""ל ""תנובה"" -מוצר בפיקוח",תנובה מרכז שיתופי לש,IL,"גיל 3% בד""צ מהדרין",מיליליטרים,200.00,"100 מ""ל",false,,1.51,0.0076,true,1,25904
7290004125455,false,"שמנת חמוצה 200 מ""ל 15% ""תנובה"" -מוצר בפיקוח",תנובה מרכז שיתופי לש,IL,תנובה שמנת אורגינל מ,מיליליטרים,200.00,"100 מ""ל",false,,2.40,0.0120,true,1,25905
7290004125462,false,"שמנת חמוצה 15% תנובה 500 מ""ל מהדרין",תנובה מרכז שיתופי לש,IL,תנובה שמנת חמוצה 15%,מיליליטרים,500.00,"100 מ""ל",false,,6.00,0.0120,true,1,25906
7290004125509,false,"שמנת חמוצה 15% מועשרת תנובה 100 מ""ל",תנובה מרכז שיתופי לש,IL,תנובה שמנת חצי מנה 1,מיליליטרים,100.00,"100 מ""ל",false,,1.80,0.0180,true,1,25907
7290004125578,false,משקה סויה מעושר בסידן תנובה 1ל',תנובה מרכז שיתופי לש,IL,משקה סויה תנובה מועש,ליטרים,1.00,ליטר,false,,10.90,10.9000,true,1,25908
7290004125585,false,משקה סויה בטעם וניל תנובה 1 ליטר,תנובה מרכז שיתופי לש,IL,סויה תנובה משקה סויה,ליטרים,1.00,ליטר,false,,10.90,10.9000,true,1,25909
7290004125721,false,"השף הלבן שמנת עמידה לבישול 15% תנובה 250 מ""ל",תנובה מרכז שיתופי לש,IL,שף לבן שמנת לבישול 1,מיליליטרים,250.00,"100 מ""ל",false,,8.70,0.0348,true,1,25911
7290004125738,false,שמנת מתוקה להקצפה32% 250מל עמיד השף הלבן,תנובה מרכז שיתופי לש,IL,שף לבן שמנת להקצפה 3,מיליליטרים,250.00,"100 מ""ל",false,,6.80,0.0272,true,1,25912
7290004125776,false,גבינה צהובה עמק 28% 400 גרם בקופסא,תנובה חלב,IL,עמק גבינה קשה פרוסה,גרמים,400.00,100 גרם,false,,29.90,0.0747,true,1,25913
7290004126674,false,טל העמק פרוסות גבינה חצי קשה לייט %9 200 גרם בקופסא,תנובה מרכז שיתופי לש,IL,עמק טל לייט 9% 200ג,גרמים,200.00,100 גרם,false,,19.90,0.0995,true,1,25916
7290004126759,false,יוגורט דיאט יופלה פירות יער 150 גרם,תנובה חלב,IL,יופלה דיאט פירות יער,מיליליטרים,150.00,"100 מ""ל",false,,5.10,0.0340,true,1,25917
7290004126872,false,משקאות חלב תנובה שוקו בקבוק 250מל,תנובה חלב,IL,משקאות חלב תנובה שוק,מיליליטרים,250.00,"100 מ""ל",false,,5.90,0.0236,true,1,25918
7290004127077,false,קוטג תנובה 3% גביע 250 גרם מהדרין,מיוצר עי קונדיטוריית,IL,קוטג תנובה 3% 250 ג,גרמים,250.00,100 גרם,false,,5.50,0.0220,true,1,25919
7290004127329,false,קוטג תנובה גביע 250 גרם %5 ו.מהדרין,מיוצר עי קונדיטוריית,IL,קוטג' 5% תנובה מהדרי,גרמים,250.00,100 גרם,false,,5.50,0.0220,true,1,25920
7290004127336,false,קוטג תנובה גביע 250 גרם %9 ו.מהדרין,מיוצר עי קונדיטוריית,IL,קוטג' תנובה מהדרין 9,גרמים,250.00,100 גרם,false,,5.50,0.0220,true,1,25921
7290004127800,false,"גבינה לבנה 500 גרם 5% ""תנובה"" -מוצר בפיקוח",מיוצר עי קונדיטוריית,IL,תנובה גבינה לבנה 5%,גרמים,500.00,100 גרם,false,,9.96,0.0199,true,1,25923
7290004127817,false,גבינה לבנה 9% שומן 500 ג' תנובה,מיוצר עי קונדיטוריית,IL,תנובה גבינה לבנה 9%,גרמים,500.00,100 גרם,false,,9.20,0.0184,true,1,25924
7290004127862,false,**תנובה גבינה למריחה מהדרין 5% 750ג,תנובה מרכז שיתופי לש,IL,תנובה גבינה למריחה מ,גרמים,750.00,100 גרם,false,,14.90,0.0199,true,1,25925
7290004128333,false,לאבנה על בסיס יוגורט %9 שומן 500 ג' פיראוס,תנובה חלב,IL,פיראוס לאבנה גביע %9,גרמים,500.00,100 גרם,false,,19.90,0.0398,true,1,25928
7290004128340,false,קרם גבינת שמנת %5 בטעם טבעי 200 ג' תנובה,תנובה חלב,IL,תנובה קרם גבינת שמנת,גרמים,200.00,100 גרם,false,,12.00,0.0600,true,1,25929
7290004128364,false,קרם גבינת שמנת 5% עם זיתים ירוקים 200 ג' תנובה,"תנובה, מחלבת תל יוסף",IL,תנובה קרם גבינת שמנת,גרמים,200.00,100 גרם,false,,12.00,0.0600,true,1,25930
7290004128432,false,פתיתים מיוחדים לפיצה על בסיס גבינה 500 ג',תנובה חלב,IL,שף לבן פתיתי גבינה מ,גרמים,500.00,100 גרם,false,,21.90,0.0438,true,1,25931
7290004129101,false,גבינת שמנת 25% בטעם טבעי 225 ג' נפוליאון,תנובה מרכז שיתופי לש,IL,נפוליאון בטעם טבעי 2,גרמים,225.00,100 גרם,false,,12.90,0.0573,true,1,25932
7290004129118,false,גבינת שמנת 24% עם זיתים ירוקים 225 ג' נפוליאון,תנובה מרכז שיתופי לש,IL,נפוליאון בטעם זיתים,גרמים,225.00,100 גרם,false,,12.90,0.0573,true,1,25933
7290004129156,false,גבינת שמנת25% עם שום שמיר 225 ג' נפוליאון,תנובה מרכז שיתופי לש,IL,נפוליאון שום שמיר 25,גרמים,225.00,100 גרם,false,,12.90,0.0573,true,1,25934
7290004129545,false,גבינה לבנה 3% 250 גרם ועדת מהדרין,מחלבת אלון תבור,IL,גבינת מהדרין 3% תנוב,גרמים,250.00,100 גרם,false,,5.00,0.0200,true,1,25935
7290004129736,false,יוגורט במתיקות מעודנת 1.5% שומן 200 ג' יופלה,תנובה מרכז שיתופי לש,IL,יופלה קרם יוגרט מעוד,מיליליטרים,200.00,"100 מ""ל",false,,4.50,0.0225,true,1,25937
7290004129767,false,"3% 'יופלה לבן מארז שמינייה 1.2 ק""ג",מחלבת אלון תבור,IL,יופלה לבן מאגדת 3% 8,קילוגרמים,1.20,"ק""ג",false,,18.50,15.4167,true,1,25938
7290004130794,false,משקה סויה במתיקות מופחתת תנובה 1 ליטר,תנובה מרכז שיתופי לש,IL,סויה תנובה טבעי במתי,ליטרים,1.00,ליטר,false,,10.50,10.5000,true,1,25941
7290004130916,false,יוגורט יופלה פירות יער בשמנת 3% 150 גרם,תנובה מרכז שיתופי לש,IL,יופלה בטעם פירות יער,גרמים,150.00,100 גרם,false,,5.20,0.0347,true,1,25942
7290004131074,false,"חלב 1 ליטר 3% קרטון ""תנובה""- מוצר בפיקוח",תנובה מרכז שיתופי לש,IL,חלב תנובה הומוגני מה,ליטרים,1.00,ליטר,false,,6.23,6.2300,true,1,25944
7290004131456,false,יוגורט ביו 1.5% שומן 200 ג' יופלה,מיוצר עי קונדיטוריית,IL,יופלה לבן 1.5% 200מל,מיליליטרים,200.00,"100 מ""ל",false,,3.90,0.0195,true,1,25949
7290004131814,false,גבינה צפתית 5% מעודנת 200 ג' פיראוס,פארייפאבה אגרואינדוס,IL,פיראוס צפתית מעודנת,גרמים,200.00,100 גרם,false,,14.90,0.0745,true,1,25952
7290004132552,false,משקה סויה בטעם טבעי לייט תנובה 1 ליטר,תנובה מרכז שיתופי לש,IL,סויה תנובה לייט בטעם,ליטרים,1.00,ליטר,false,,10.50,10.5000,true,1,25959
7290004132712,false,חטיף אצבעות גבינת מוצרלה 20% 172 ג' עמק,תנובה מרכז שיתופי לש,IL,עמק אצבעות מוצרלה 20,גרמים,174.00,100 גרם,false,,16.70,0.0960,true,1,25961
7290004133511,false,יופלה מאגדת לבן 1.5% מעודן 8 יח' * 150 ג',מחלבת אלון תבור,IL,יופלה לבן מעודן 1.5%,ליטרים,1.20,ליטר,false,,21.50,17.9167,true,1,25966
7290004134945,false,יוגורט מוקה 3% שומן 150 ג' יופלה,תנובה מרכז שיתופי לש,IL,יופלה מוקה 3% 150מל,גרמים,150.00,100 גרם,false,,5.20,0.0347,true,1,25971
7290004135058,false,שמיניית קרלו מיני שוקולד 100 גרם מהדרין,תנובה מרכז שיתופי לש,IL,קרלו מהדרין מיני שוק,מיליליטרים,800.00,"100 מ""ל",false,,13.90,0.0174,true,1,25973
7290004135072,false,"מעדן חלב מיני שוקולדה 1.5% מהדרין קרלו 8*100 מ""ל",תנובה מרכז שיתופי לש,IL,קרלו מיני שוקולד בדץ,מיליליטרים,800.00,"100 מ""ל",false,,13.90,0.0174,true,1,25974
7290004135225,false,מעדן חלב דל קלוריות בטעם שוקולד 0.2שומ,תנובה מרכז שיתופי לש,IL,מעדן תנובה דיאט שוקו,מיליליטרים,150.00,"100 מ""ל",false,,3.90,0.0260,true,1,25976
7290004135614,false,גבינה בולגרית מעודנת 5% פיראוס 250 גרם,תנובה חלב,IL,פיראוס בולגרית מעודנ,גרמים,250.00,100 גרם,false,,21.90,0.0876,true,1,25978
7290004136154,false,"משקה חלב אייס קפה תנובה בבקבוק 340 מ""ל",גוד פוד פרודקטס S.p,IL,משקאות חלב תנובה איי,מיליליטרים,340.00,"100 מ""ל",false,,6.90,0.0203,true,1,25981
7290004136598,false,מארז הפסקת אוכל עם קורנפלקס ומשקה חלב עמיד בטעם וניל,פארייפאבה אגרואינדוס,IL,מארז הפסקת אוכל חלב,גרמים,150.00,100 גרם,false,,9.90,0.0660,true,1,25985
7290004136857,false,מעדן גלי פטל תנובה 125 גרם,תנובה מרכז שיתופי לש,IL,ג'לי תנובה פטל 125מל,מיליליטרים,125.00,"100 מ""ל",false,,2.50,0.0200,true,1,25986
7290004136864,false,מעדן ג'לי בטעם אננס עם חתיכות תנובה 125 גרם,תנובה חלב,IL,ג'לי תנובה אננס עם ח,מיליליטרים,125.00,"100 מ""ל",false,,2.90,0.0232,true,1,25987
7290004136871,false,מעדן ג'לי בטעם אפרסק עם חתיכות תנובה 125 גרם,תנובה מרכז שיתופי לש,IL,ג'לי תנובה אפרסק עם,מיליליטרים,125.00,"100 מ""ל",false,,2.90,0.0232,true,1,25988
7290004137021,false,"שמנת עמידה לבישול מופחת שומן 10% השף הלבן 250 מ""ל",תנובה מרכז שיתופי לש,IL,שף לבן שמנת לבישול 1,מיליליטרים,250.00,"100 מ""ל",false,,8.40,0.0336,true,1,25990
7290004137311,false,עמק לייט משפחתית 9% 400ג-ועדת מהדרין,תנובה חלב,IL,עמק לייט משפחתית 9%,גרמים,400.00,100 גרם,false,,32.90,0.0822,true,1,25991
7290004137809,false,פיראוס לאבנה 5% גביע 250 גרם,"תנובה, מחלבת אלון תב",IL,פיראוס לאבנה 5% 250ג,גרמים,250.00,100 גרם,false,,11.90,0.0476,true,1,25992
7290004199579,false,פלסטר מעורב 100 יח' - SUNNY PLASTER,הדקלאים אגודת שיתופי,CN,סאני פלסטר אינטרסן 1,יחידה,0.00,יחידה,false,,9.90,0.0000,true,1,896
7290004199784,false,כפפות S לטקס עם איבוק עדין 100 יח- SAFE TOUCH,סייף טאצ,TH,כפפות לאטקס סייף טאצ,יחידה,0.00,יחידה,false,,22.90,0.0000,true,1,71370
7290004199791,false,כפפות M לטקס עם איבוק עדין 100 יח- SAFE TOUCH,סייף טאצ,TH,כפפות לאטקס סייף טאצ,יחידה,0.00,יחידה,false,,22.90,0.0000,true,1,71371
7290004200244,false,שקית פרסים,,,פרסים רמה 3,יחידה,0.00,יחידה,false,,9.50,0.0000,true,1,32225
7290004219277,false,אנשובי ארוך בצנצנת ויליפוד 80 גרם,קונסרבאס פרדו,IT,פילה אנשובי אמיתי אר,גרמים,78.00,100 גרם,false,,10.90,0.1397,true,1,2889
7290004219284,false,אנשובי עגול בצנצנת ויליפוד 80 גרם,קונסרבאס פרדו,IT,אנשובי עגול בצנצנת ו,גרמים,80.00,100 גרם,false,,14.90,0.1863,true,1,2890
7290004225285,false,גבינה בסגנון דנאבלו 100 ג',האי נאם סי או אל.טי.,DK,סגנון דנאבלו 100 גרם,גרמים,100.00,100 גרם,false,,9.90,0.0990,true,1,17040
7290004230333,false,"מקלות בורקס פילו תפו""א שגב 600 גר",שלושת האופים שגמור,IL,שגב מקלות בורקס פילו,גרמים,600.00,100 גרם,false,,19.90,0.0332,true,1,17061
7290004230364,false,שגב מקלות בורקס פילו גבינה צרפתי 600 גר,שלושת האופים שגמור,IL,שגב מקלות בורקס פילו,גרמים,600.00,100 גרם,false,,19.90,0.0332,true,1,17064
7290004230371,false,מקלות בורקס פילו פיצה 600 גרם לנדא,שלושת האופים שגמור,IL,שלושת האופים מקלות ב,גרמים,600.00,100 גרם,false,,19.90,0.0332,true,1,17065
7290004230944,false,מקלות פילו גבינה 600 גר' שלושת האופים לנדא,שלושת האופים שגמור,IL,מקלות בורקס פילו גבי,גרמים,600.00,100 גרם,false,,19.90,0.0332,true,1,17067
7290004324605,false,גבינה מותכת למריחה בטעם רוקפור 7% מון בלאן 120 ג',האי נאם סי או אל.טי.,IL,מון בלאן רוקפור 7% 1,גרמים,120.00,100 גרם,false,,9.90,0.0825,true,1,17083
7290004324858,false,קבב כבש טיבון ויל 500 גרם,"טיבון ויל אחזקות בע""",IL,קבב כבש 500 גרם,גרמים,500.00,100 גרם,false,,17.90,0.0358,true,1,17084
7290004492274,false,בייגלה טבעות מלוחות בייגל בייגל 400 גרם,יוניליוור מזון,IL,טבעות מלוחות 400 גר,גרמים,400.00,100 גרם,false,,9.90,0.0248,true,1,10385
7290004494131,false,יין דלתון קברנה סוביניון גליל,"יקב דלתון בע""\מ",IL,"קברנה דלתון 750 מ""ל",מיליליטרים,750.00,"100 מ""ל",false,,58.90,0.0785,true,1,7321
7290004537241,false,אפונת גינה שדה בשקית,בסט מייסטר,IL,אפונת גינה קפואה 800,גרמים,800.00,100 גרם,false,,13.90,0.0174,true,1,51530
7290004537258,false,אפונה וגזר 800 גר שד,,,אפונה וגזר 800 גר שד,גרמים,800.00,100 גרם,false,,13.90,0.0174,true,1,51531
7290004537265,false,אפונה עדינה קפואה 60,,,אפונה עדינה קפואה 60,גרמים,600.00,100 גרם,false,,14.90,0.0248,true,1,51532
7290004537326,false,לקט ירקות מעורבים קפ,,,לקט ירקות העונה 800,גרמים,800.00,100 גרם,false,,13.90,0.0174,true,1,51537
7290004537333,false,חומוס גרגירים 800 גר,,,חומוס גרגירים 800 גר,גרמים,800.00,100 גרם,false,,13.90,0.0174,true,1,51538
7290004537340,false,גזר גמדי 800גרם שדה,,,גזר גמדי 800גרם שדה,גרמים,800.00,100 גרם,false,,13.90,0.0174,true,1,51539
7290004584351,false,גבינה לבנה סימפוניה עם תוספות 200 ג' חמישית 200,"שטראוס בריאות בע""\מ",IL,סימפוניה חמישית 200ג,גרמים,200.00,100 גרם,false,,10.00,0.0500,true,1,23296
7290004584528,false,יוגורט דנונה ביו לבן 1.7% שומן 200 גרם,מיוצר עי קונדיטוריית,IL,דנונה יוגורט טבעי 1.,מיליליטרים,200.00,"100 מ""ל",false,,3.90,0.0195,true,1,23297
7290004585907,false,דני ועדן וניל 1.5% 125ג' שטראוס,מיוצר עי קונדיטוריית,IL,דני וניל מהדרין 130מ,מיליליטרים,130.00,"100 מ""ל",false,,3.10,0.0238,true,1,23298
7290004603175,false,מלח הים האדום גס מלח הארץ 500 גרם,"חברת מלח הארץ אילת בע""\מ",IL,מלח ים האדום גס הארץ,גרמים,500.00,100 גרם,false,,7.90,0.0158,true,1,24650
7290004639006,false,קוסקוס ביתי מוקפא 800 גר,מטעמי פאר,IL,קוסקוס ביתי קפוא,גרמים,800.00,100 גרם,false,,14.90,0.0186,true,1,51541
7290004731410,false,"שלישיית כריות קרצוף ירוקות סנו סושי 25X10.6 ס""מ",קריות זול,IL,כרית קרצוף סנו סושי,יחידה,0.00,יחידה,false,,9.90,0.0000,true,1,29880
7290004731519,false,"מקסימה מרכך ומבשם כביסה למייבש סנסיטיב סנו 750 מ""ל",סנו מקסימה,IL,סנו מקסימה למייבש סנ,מיליליטרים,750.00,"100 מ""ל",false,,17.90,0.0239,true,1,29882
7290004731564,false,"מקסימה מבשם ומרכך למייבש הכביסה בלו בלוסום 750 מ""ל",סנו מקסימה,IL,סנו מקסימה מבשם ומרכ,מיליליטרים,750.00,"100 מ""ל",false,,17.90,0.0239,true,1,29884
7290004737900,false,חלב כחוש מרוכז וממותק בתוספת שמן צמחי ויליפוד 397 גרם,יו.איי.בי מאריג'אמפו,LT,וילי פוד חלב מרוכז מ,גרמים,397.00,100 גרם,false,,9.90,0.0249,true,1,2897
7290004762056,false,שקדי מרק חטיפים מן ה,,IL,שקדי מרק חטיפים מן ה,גרמים,400.00,100 גרם,false,,9.90,0.0248,true,1,565388
7290004762063,false,פתיתים אפויים עגולים,,,פתיתים אפויים עגולים,גרמים,500.00,100 גרם,false,,4.90,0.0098,true,1,591349
7290004762827,false,"קרוטונים למרק בטעם שום בצל, 250 גרם",חטיפים מן הטבע,,קרוטונים למרק שקית,גרמים,250.00,100 גרם,false,,9.90,0.0396,true,1,591290
7290004923099,false,שישיית מים עין גדי 2 ליטר,עין גדי מיים מינרלים,IL,עין גדי מים מינרלים,ליטרים,12.00,ליטר,false,,10.90,0.9083,true,1,11522
7290005008184,false,"סבון נוזלי בניחוח חלב שקדים פלמוליב 500 מ""ל",הנסיך- מפעל לייצור ט,TR,סבון נוזלי חלב שקדים,מיליליטרים,500.00,"100 מ""ל",false,,15.90,0.0318,true,1,21479
7290005008481,false,ספיד סטיק - דאודורנט ג'ל לגבר ספורט 85 גרם,הנסיך- מפעל לייצור ט,US,דאודורנט ג'ל ספורט ס,גרמים,85.00,100 גרם,false,,19.90,0.2341,true,1,21481
7290005040993,false,ערמונים קלויים וקלופים,,,ערמונים קלויים קלופי,יח',1.00,יח',false,,4.90,4.9000,true,1,50926
7290005041167,false,מעדני הטלה קבב גמבו,מעדני הטלה והעגל,IL,קבב גמבו עגל וכבש 1,קילוגרמים,1.00,"ק""ג",false,,45.90,45.9000,true,1,17088
7290005041198,false,מעדני הטלה קבב ביתי,לאטי עזרא גלם ודגים,IL,"קבב ביתי 1ק""ג",קילוגרמים,1.00,"ק""ג",false,,45.90,45.9000,true,1,17089
7290005041402,false,שיפודי שווארמה פרגיות 600 גרם,מעדני הטלה והעגל,IL,שיפודי שוארמה פרגית,גרמים,600.00,100 גרם,false,,55.90,0.0932,true,1,276054
7290005084355,false,סנסודין משחת שיניים דואל קר פלואוריד 75,גלקסו סמית קליין,GB,משחת שיניים דואל קר,מיליליטרים,75.00,"100 מ""ל",false,,21.90,0.2920,true,1,3820
7290005113222,false,זיתים קוקטייל וגמבה יבנה 350ג',קבוצת יבנה,IL,זיתים מיקס יבנה 540,גרמים,340.00,100 גרם,false,,9.90,0.0291,true,1,44748
7290005174513,false,חציל אחלה במיונז 500 ג' אחלה+ 33% תוספת,מיוצר עי קונדיטוריית,IL,חציל במיונז אחלה 500,גרמים,500.00,100 גרם,false,,15.90,0.0318,true,1,23299
7290005174551,false,סלט חומוס עם צנוברים 125 ג' אחלה,מיוצר עי קונדיטוריית,IL,אחלה חומוס 125ג,גרמים,125.00,100 גרם,false,,4.90,0.0392,true,1,23300
7290005174568,false,סלט חצילים במיונז אחלה 125 גרם,"שטראוס גרופ בע""\מ",IL,אחלה חציל במיונז 125,גרמים,125.00,100 גרם,false,,4.90,0.0392,true,1,23301
7290005174575,false,טחינה אחלה יום יום משובחת 125ג',מיוצר עי קונדיטוריית,IL,אחלה טחינה 125גר,גרמים,125.00,100 גרם,false,,4.90,0.0392,true,1,23302
7290005197758,false,"עוגיות חיוכים שוקולד עלית 150 גרם בד""צ",אפיפית נצרת תעשיות ב,IL,חיוכים של שוקו,גרמים,150.00,100 גרם,false,,4.90,0.0327,true,1,22238
7290005199288,false,מסטיק MUST בטעם פטל לימון ללא סוכר 28 גרם,"שטראוס גרופ בע""מ",IL,מאסט פטל לימון 28 גר,גרמים,28.00,100 גרם,false,,4.10,0.1464,true,1,22241
7290005199738,false,גומי מאסט בטעם פפרמינט ריח פה נעים פליפטופ 28 ג' עלית,"שטראוס גרופ בע""מ",IL,מאסט ריח פה נעים 28ג,גרמים,28.00,100 גרם,false,,4.10,0.1464,true,1,22245
7290005200786,false,תפוצ'יפס בטעם שמנת בצל עלית 50 גרם,"שטראוס פריטו ליי בע""\מ )",IL,תפוציפס שמנת ובצל 50,גרמים,50.00,100 גרם,false,,3.90,0.0780,true,1,24159
7290005201882,false,קפה טורקי בצלופן עלית 200 גרם,הנסיך- מפעל לייצור ט,IL,טורקי עלית 200 גר',גרמים,200.00,100 גרם,false,,14.90,0.0745,true,1,22249
7290005287206,false,רביעיית טונה בשמן סטארקיסט 160 גרם,"סטארקיסט פודור בע""מ",VN,טונה בשמן סטארקיסט ר,גרמים,640.00,100 גרם,false,,24.90,0.0389,true,1,26654
7290005287251,false,רביעיית טונה במים סטארקיסט 160 גרם,"סטארקיסט פודור בע""מ",VN,טונה במים סטארקיסט ר,גרמים,640.00,100 גרם,false,,24.90,0.0389,true,1,26657
7290005296246,false,"פותח סתימות דריין אאוט 946 מ""ל יעקבי",יוליניבר,US,יעקבי פותח סתימות אק,מיליליטרים,946.00,"100 מ""ל",false,,26.90,0.0284,true,1,11301
7290005296260,false,"אסטוניש ספריי רסס ונגב לניקוי כללי יעקבי 750 מ""ל",יעקובי אסטוניש,GB,אסטוניש רסס ונגב 750,מיליליטרים,750.00,"100 מ""ל",false,,11.90,0.0159,true,1,11302
7290005326387,false,עגבניות מיובשות בשמן זית אוליביה 270 גרם,אוליביה,IL,עגבניות מיובשות בשמן,גרמים,280.00,100 גרם,false,,17.90,0.0639,true,1,51983
7290005326523,false,ממרח פסטו פטרוזיליה ונענע אוליביה 180 גרם,אוליביה,IL,אוליביה ממרח פסטו פט,גרמים,180.00,100 גרם,false,,13.90,0.0772,true,1,51984
7290005326585,false,ממרח אוליביה פסטו בזיליקום 180 ג',"אוליביה גורמה בע""מ",IL,אוליביה פסטו בזיליקו,גרמים,180.00,100 גרם,false,,12.90,0.0717,true,1,25998
7290005384851,false,וילי פוד מיץ לימון בדץ 200מל,קריות זול,IT,מיץ לימון משומר וילי,מיליליטרים,200.00,"100 מ""ל",false,,2.90,0.0145,true,1,2902
7290005403972,false,תחתיות ארטישוק 400 גרם שדה בשקית,,,תחתיות ארטישוק 400 ג,גרמים,400.00,100 גרם,false,,16.50,0.0413,true,1,51543
7290005403989,false,במיה קפואה 600 גרם ש,,,במיה קפואה 600 גרם ש,גרמים,600.00,100 גרם,false,,11.90,0.0198,true,1,51544
7290005423055,false,סנו פורטה פלוס מתז בניחות לימון 1 ל',"סנו מפעלי ברונוס בע""\מ",IL,מתז פורטה פלוס בניחו,ליטרים,1.00,100 ליטר,false,,17.90,17.9000,true,1,29896
7290005423086,false,מטהר אוויר סנומוד פר,סנו מפעלי ברונוס בעמ,IL,מטהרי אויר סנומוד PA,מיליליטרים,150.00,"100 מ""ל",false,,11.90,0.0793,true,1,29897
7290005423253,false,"סנו - מקסימה מרסס למייבש כביסה אולטרה פרש 750 מ""ל","סנו מפעלי ברונוס בע""\מ",IL,סנו מקסימה למייבש או,מיליליטרים,750.00,"100 מ""ל",false,,17.90,0.0239,true,1,29899
7290005423567,false,מטליות ניקוי רב שימושיות בגליל סנו סושי 40 יחידות,אסותא תעשיות אלבד בע,IL,סנו סושי מטלית לכל 3,יחידה,0.00,יחידה,false,,20.00,0.0000,true,1,29910
7290005423635,false,ריצפז נוזל רצפות דוחה תיקנים סנו 2 ליטר,מיוצר עי קונדיטוריית,IL,נוזל לניקוי רצפות דו,ליטרים,2.00,ליטר,false,,21.90,10.9500,true,1,29911
7290005423734,false,מרכך כביסה מרוכז אולטרא פרש סנו מקסימה 4 ליטר,"סנו מפעלי ברונוס בע""\מ",IL,מרכך כביסה סנו מקסימ,ליטרים,4.00,ליטר,false,,22.90,5.7250,true,1,29912
7290005423871,false,שלישיית משחת שיניים מנטול אורביטול 145 גרם,טרופיקל דגיל תעשיות קוסמ,IL,משחת שיניים אורביטול,גרמים,435.00,100 גרם,false,,16.90,0.0389,true,1,29914
7290005423888,false,"אל סבון נוזלי מעורב כיף 3*500 מ""ל",טרופיקל דגיל תעשיות,IL,שלישיית אלסבון מעורב,ליטרים,1.50,ליטר,false,,19.90,13.2667,true,1,29915
7290005424021,false,"סנופרש הום מנטרל ריחות רעים 350 מ""ל",סנו fresh,IL,פרש הום מנטרל ריחות,מיליליטרים,350.00,"100 מ""ל",false,,15.90,0.0454,true,1,594717
7290005424113,false,מטליות רצפה סנו סושי 4 יחידות,סנו סושי,IL,סנו סושי מטליות רצפה,יחידה,0.00,יחידה,false,,12.90,0.0000,true,1,29918
7290005424311,false,"קוטל חרקים רב קוטל K סנו 500 מ""ל",מיוצר עי קונדיטוריית,IL,סנו K רב קוטל,מיליליטרים,475.00,"100 מ""ל",false,,19.90,0.0419,true,1,29920
7290005424700,false,סנו - פורטה פלוס מרסס מסיר שומנים 1 ליטר,"סנו מפעלי ברונוס בע""\מ",IL,פורטה פלוס - קצף ברי,מיליליטרים,1.00,"100 מ""ל",false,,17.90,17.9000,true,1,29927
7290005424755,false,מטליות ריצפז פלוס לחות לניקוי רצפות דוחה תיקנים 10 יח' סנו,סנו מפעלי ברונוס בעמ,IL,ריצפז פלוס מטליות לח,יחידה,0.00,יחידה,false,,14.90,0.0000,true,1,29928
7290005424762,false,ריצפז פלוס ווקס נוזל להברקת רצפות דוחה תיקנים סנו 2 ליטר,"סנו מפעלי ברונוס בע""\מ",IL,ריצפז פלוס ווקס דוחה,ליטרים,2.00,ליטר,false,,28.90,14.4500,true,1,29929
7290005424915,false,"סנומוד מבשם אויר בניחוח לבנדר פטצ'ולי סנו 150 מ""ל",סנו מפעלי בורונוס בע,IL,סנומוד לבנדר פצ'ולי,מיליליטרים,150.00,"100 מ""ל",false,,11.90,0.0793,true,1,29934
7290005425073,false,"מטהר אויר בניחוח יסמין ועץ סאנדלווד סנו 300 מ""ל","סנו מפעלי ברונוס בע""\מ",IL,דואופרש יסמין עץ סאנ,מיליליטרים,300.00,"100 מ""ל",false,,11.90,0.0397,true,1,29938
7290005425127,false,"חיטוי משטחים 99.9% מתז לשומנים ואבנית 750 מ""ל","סנו מפעלי ברונוס בע""\מ",IL,מתז 99.9% מנקה שומני,מיליליטרים,750.00,"100 מ""ל",false,,12.90,0.0172,true,1,276099
7290005425646,false,קליר נוזל לניקוי חלונות רב תכליתי סנו 1 ליטר,"סנו מפעלי ברונוס בע""\מ",IL,סנוקליר נוזל רב תכלי,יחידה,0.00,יחידה,false,,11.90,0.0000,true,1,29949
7290005425714,false,"שמפו שטיחים סנו פלוס 600 מ""ל","סנו מפעלי ברונוס בע""\מ",IL,סנו שמפו שטיחים פלוס,מיליליטרים,600.00,"100 מ""ל",false,,26.90,0.0448,true,1,29950
7290005426193,false,ספוגית הפלא סנו סושי 6 יחידות,טרופיקל דגיל תעשיות,IL,סנו סושי ספוג הפלא,יחידה,0.00,יחידה,false,,11.90,0.0000,true,1,29959
7290005426568,false,"קרמה - קרם לחות לשיער רגיל 400 מ""ל",טרופיקל דגיל תעשיות,IL,קרם לחות לשיער רגיל,מיליליטרים,400.00,"100 מ""ל",false,,19.90,0.0497,true,1,29966
7290005427633,false,"כיף גל לשיער לשיער חזק במיוחד 1 ק""ג",קוסמופארם,IL,ג'ל לשיער לשיער חזק,קילוגרמים,1.00,"ק""ג",false,,19.90,19.9000,true,1,29994
7290005427725,false,"חמישיית מגבונים מבושם ""ליטופים""",טרופיקל דגיל קוסמטיק,IL,ליטופים מגבונים מבוש,יחידה,0.00,יחידה,false,,18.90,0.0000,true,1,29995
7290005427978,false,"תחליב רחצה לפנים פילינג קרמה 180 מ""ל",גוד פוד פרודקטס S.p,IL,תחליב רחצה לפנים קרמ,מיליליטרים,180.00,"100 מ""ל",false,,13.90,0.0772,true,1,30006
7290005427985,false,"קרמה תחליב רחצה לפנים בתוספת גרגירי פילינג 180 מ""ל",גוד פוד פרודקטס S.p,IL,תחליב רחצה לפנים בתו,מיליליטרים,180.00,"100 מ""ל",false,,13.90,0.0772,true,1,30007
7290005428845,false,מפיות סנו סופט 33*33 100 יחידות,"חי מוצרי נייר בע""מ",IL,סנו סופט מפיות 33*33,יחידה,0.00,יחידה,false,,7.90,0.0000,true,1,30008
7290005429279,false,סנו מקסימה קומפקט קומפקט אפקט גאוול 6 ק,סנו מפעלי ברונוס בעמ,IL,אבקת כביסה סנו מקסימ,קילוגרמים,6.00,"ק""ג",false,,49.90,8.3167,true,1,30016
7290005429286,false,"אבקת כביסה מקסימה ביו 6 ק""ג סנו",סנו מקסימה,IL,אבקת כביסה סנו מקסימ,קילוגרמים,6.00,"ק""ג",false,,49.90,8.3167,true,1,30017
7290005430602,false,"סנו אוקסיג'ן ספריי להסרת כתמים עם חמצן פעיל 750 מ""ל","סנו מפעלי ברונוס בע""",IL,סנו אוקסיג'ן מסיר כת,מיליליטרים,750.00,"100 מ""ל",false,,17.90,0.0239,true,1,30021
7290005431159,false,תותים בקצפת לייט עדן קינוחים 80 גרם,עדן קינוחים,IL,תותים בקצפת לייט 80,גרמים,80.00,100 גרם,false,,7.20,0.0900,true,1,253337
7290005431883,false,מלבי חלבי עדן קינוחים 165 גרם,עדן קינוחים Eden,IL,עדן מלבי חלבי 165 גר,גרמים,165.00,100 גרם,false,,7.20,0.0436,true,1,26009
7290005431906,false,קדאיף עדן קינוחים 82 גרם,עדן קינוחים Eden,IL,עדן קדאיף 82 גרם,גרמים,82.00,100 גרם,false,,7.20,0.0878,true,1,26011
7290005431913,false,עוגת גבינה פירורים עדן קינוחים 92 גרם,עדן קינוחים Eden,IL,קינוחי עדן עוגת גבינ,גרמים,92.00,100 גרם,false,,7.20,0.0783,true,1,26012
7290005431920,false,עוגת גבינה פירורים לייט עדן קינוחים 78 גרם,עדן קינוחים Eden,IL,עדן עוגת גבינה פירור,גרמים,78.00,100 גרם,false,,7.20,0.0923,true,1,26013
7290005431937,false,טירמיסו עדן קינוחים 82 גרם,עדן קינוחים Eden,IL,עדן טירמיסו 82 גרם,גרמים,82.00,100 גרם,false,,7.20,0.0878,true,1,26014
7290005437069,false,"שמן זית למאור בד""ץ טעמן 1 ליטר",מוצרי יסוד - טעמן,IL,שמן זית מאור 1 ליטר,ליטרים,1.00,ליטר,false,,17.90,17.9000,true,1,9592
7290005559587,false,מאפה נקניקיה בבצק מעדנות 800ג',מיוצר עי קונדיטוריית,IL,מאפה נקניקיות 800גר,גרמים,800.00,100 גרם,false,,29.90,0.0374,true,1,35615
7290005559709,false,בורקס פיצה מעדנות 700 גרם,"מעדנות בע""\מ",IL,בורקס פיצה 700 גרם,גרמים,700.00,100 גרם,false,,24.90,0.0356,true,1,35617
7290005559907,false,פיצה משפחתית 100% גבינה מעדנות 500 גרם,מיוצר עי קונדיטוריית,IL,פיצה משפחתית גבינה 5,גרמים,500.00,100 גרם,false,,15.90,0.0318,true,1,35620
7290005559914,false,פיצה משפחתית עם 100% גבינה בתוספת זיתים מעדנות 550 גרם,מיוצר עי קונדיטוריית,IL,פיצה משפחתית זיתים 5,גרמים,550.00,100 גרם,false,,15.90,0.0289,true,1,35621
7290005559990,false,בצק פילאס תורכי מעדנות 600 גרם,מיוצר עי קונדיטוריית,IL,בצק פילאס תורכי מעדנ,גרמים,600.00,100 גרם,false,,19.90,0.0332,true,1,35625
7290005576010,false,חסה גלאט עלים - יח',רביבים,IL,חסה מהדרין,יח',1.00,יח',false,,7.90,7.9000,true,1,44786
7290005576027,false,פטרוזיליה גלאט עלים - יח,רביבים,IL,פטרוזיליה גלאט עלים,יח',1.00,יח',false,,6.90,6.9000,true,1,44787
7290005576034,false,כוסברה גלאט עלים - יח',רביבים,IL,כוסברה מהדרין,יח',1.00,יח',false,,6.90,6.9000,true,1,44788
7290005576041,false,שמיר גלאט יחידה,ביכורי השקמה,IL,שמיר מהדרין,יח',1.00,יח',false,,6.90,6.9000,true,1,44789
7290005576065,false,סלרי גלאט יחידה,ביכורי השקמה,IL,סלרי מהדרין,יח',1.00,יח',false,,7.90,7.9000,true,1,44791
7290005576072,false,סלק עלים גלאט עלים,רביבים,IL,מנגולד מהדרין,יח',1.00,יח',false,,7.90,7.9000,true,1,44792
7290005576089,false,בצל ירוק גלאט יחידה,ביכורי השקמה,IL,בצל ירוק מהדרין,יח',1.00,יח',false,,7.90,7.9000,true,1,44793
7290005576249,false,לקט קלאסי ירקות מהדרין 350 גר',רביבים,IL,לקט קלאסי 350 גרם,גרמים,350.00,100 גרם,false,,13.90,0.0397,true,1,44802
7290005576614,false,סלק מבושל קלוף ומוכן לאכילה,ביכורי השקמה,IL,סלק בוואקום גלאט עלי,יח',1.00,יח',false,,7.90,7.9000,true,1,44811
7290005591761,false,דבש טהור מפרחי בר בלחיץ 400 ג' יד מרדכי,מכוורת יד מרדכי שטראוס ב,IL,דבש טהור מפרחי בר בל,גרמים,400.00,100 גרם,false,,20.90,0.0522,true,1,22250
7290005610011,false,תפוחי אדמה אדום ארוז,אראל תוצרת חקלאית בע,IL,תפו`א אדום דוד משה,קילוגרמים,1.00,"ק""ג",true,,5.90,5.9000,true,1,50916
7290005610127,false,תפוח אדמה גורמה דוד משה,אראל תוצרת חקלאית בע,IL,תפו`א גורמה לבן דוד,קילוגרמים,1.00,"ק""ג",true,,7.90,7.9000,true,1,50918
7290005610196,false,תפוח אדמה לבןבייבי גורמה,אראל תוצרת חקלאית בע,IL,תפו`א בייבי גורמה,קילוגרמים,1.00,"ק""ג",true,,6.90,6.9000,true,1,50919
7290005838002,false,מעדן גבינה ויוגורט בטעם וניל 88 ג' דניאלה,"שטראוס בריאות בע""מ",IL,דניאלה מעדן גבינה 15,מיליליטרים,150.00,"100 מ""ל",false,,4.10,0.0273,true,1,23304
7290005838613,false,"סקי וניל בודד 125 גרם ""שטראוס""","שטראוס בריאות בע""\מ",IL,גבינה וניל 3% סקי 12,גרמים,125.00,100 גרם,false,,3.90,0.0312,true,1,23305
7290005838972,false,גבינת יום יום 5% שטראוס 125ג',מיוצר עי קונדיטוריית,IL,גבינת יום יום 5% סקי,גרמים,125.00,100 גרם,false,,3.70,0.0296,true,1,23306
7290005839078,false,שמיניית יוגורט לבן 3% ביו דנונה 150 גרם,מיוצר עי קונדיטוריית,IL,דנונה ביו מארז חסכון,קילוגרמים,1.20,"ק""ג",false,,17.90,14.9167,true,1,23307
7290005839108,false,גבינה לבנה סימפוניה עם תוספות 200 ג'+זיתים 5%,"שטראוס בריאות בע""\מ",IL,סימפוניה עם זיתים 5%,גרמים,200.00,100 גרם,false,,10.00,0.0500,true,1,23308
7290005839313,false,"מילקי טופ מגולגלת שטראוס 170 מ""ל",מיוצר עי קונדיטוריית,IL,מילקי טופ מגולגלת 14,מיליליטרים,142.00,"100 מ""ל",false,,4.90,0.0345,true,1,23309
7290005896453,false,"בירה מכבי 7.9%, בירה חזקה, בקבוק חוזר 500 מ''ל",טמפו משקאות בע''מ,IL,בירה מכבי 7.9 בקבוק,מיליליטרים,500.00,"100 מ""ל",false,,8.50,0.0170,true,1,9398
7290005896460,false,"בירה איגל לאגר חזקה 7.8% 500 מ""ל פחית",טמפו,IL,איגל בירה חזקה 7.8%,מיליליטרים,500.00,"100 מ""ל",false,,6.90,0.0138,true,1,9399
7290005896637,false,סאן בנדטו - מים מינרלים טבעיים מהאלפים 1.5 ליטר,אקווה מינרלה סאן בנדטו ב,IT,סאן בנדטו 1.5 ליטר,ליטרים,1.50,ליטר,false,,4.50,3.0000,true,1,9401
7290005901362,false,קבב רומני מעדני המנג,,,קבב רומני מעדני המנג,גרמים,400.00,100 גרם,false,,12.90,0.0323,true,1,51547
7290005901409,false,"""טעים טעים"" נקניקיות",,,"""טעים טעים"" נקניקיות",גרמים,500.00,100 גרם,false,,28.90,0.0578,true,1,51551
7290005901447,false,"""טעים טעים"" שווארמה",,,"""טעים טעים"" שווארמה",גרמים,300.00,100 גרם,false,,26.90,0.0897,true,1,51555
7290005901454,false,סטייק מינוט טעים טעי,,,סטייק מינוט טעים טעי,גרמים,300.00,100 גרם,false,,35.90,0.1197,true,1,51556
7290005901980,false,"""טעים טעים"" נקניקיות",,,"""טעים טעים"" נקניקיות",גרמים,500.00,100 גרם,false,,28.90,0.0578,true,1,51557
7290005938245,false,ממרח פסטו קלאסי פרסקו 220ג' מצונן,מיוצר עי פרסקו חצבה,IL,פרסקו ממרח מצונן פסט,גרמים,220.00,100 גרם,false,,17.90,0.0814,true,1,17092
7290005966033,false,"יין לבן הר חרמון 750 מ""ל",יקבי רמת הגולן קצרין,IL,יקבי רמת הגולן הר חר,מיליליטרים,750.00,"100 מ""ל",false,,35.90,0.0479,true,1,41612
7290005992575,false,בולגרית למריחה 5% 250 גרם - רבנות,מחלבות גד בעמ,IL,גד בולגרית למריחה 5%,גרמים,250.00,100 גרם,false,,17.00,0.0680,true,1,14644
7290005992735,false,לאבנה טבעית 5% 250 גר' - רבנות,הנסיך- מפעל לייצור ט,IL,גד לאבנה 5% 250ג,גרמים,250.00,100 גרם,false,,13.50,0.0540,true,1,14646
7290005996078,false,סרוולט בסגנון הונגרי יחיעם 125 גרם,מעדני יחיעם,IL,סלמי סרוולט הונגרי 1,גרמים,125.00,100 גרם,false,,27.90,0.2232,true,1,60237
7290006065018,false,אמנון 7-9 80% דג קפו,,,אמנון 7-9 80% דג קפו,קילוגרמים,1.00,"ק""ג",true,,34.90,34.9000,true,1,482700
7290006065179,false,סטייק טונה קפוא בואק,,,סטייק טונה קפוא בואק,קילוגרמים,1.00,"ק""ג",true,,39.90,39.9000,true,1,134712
7290006065391,false,פילה דג נסיכת הנילו,,,פילה דג נסיכת הנילו,קילוגרמים,1.00,"ק""ג",true,,43.90,43.9000,true,1,192382
7290006065599,false,פילה בקלה מרלוזה ארג,,,פילה בקלה מרלוזה ארג,קילוגרמים,1.00,"ק""ג",true,,37.90,37.9000,true,1,192397
7290006129345,false,אנטריקוט דק דק חלק 3,,,אנטריקוט דק דק חלק 3,גרמים,300.00,100 גרם,false,,34.90,0.1163,true,1,2360
7290006185501,false,"פנינה רוזנבלום -אל סבון נוזלי ורוד,1 ליטר",פנינה רוזנבלום,IL,אל סבון נוזלי ורוד פ,יחידה,0.00,יחידה,false,,8.90,0.0000,true,1,18136
7290006185518,false,"פנינה רוזנבלום -אל סבון נוזלי כחול,1 ליטר",פנינה רוזנבלום,IL,אל סבון נוזלי כחול פ,יחידה,0.00,יחידה,false,,8.90,0.0000,true,1,18137
7290006199027,false,מאגדת גלידל וניל מצופה סורבה תות שדה [8],הגלידות של פלדמן,IL,גלידל מאגדת בטעם תות,גרמים,600.00,100 גרם,false,,31.90,0.0532,true,1,36066
7290006199218,false,"שמיניית גלידל אייס מוקה ""פלדמן""",הגלידות של פלדמן,IL,גלידל מאגדת בטעם איי,גרמים,400.00,100 גרם,false,,31.90,0.0797,true,1,36067
7290006241191,false,אגוזי מלך קליית גת 150 גר,הדקלאים אגודת שיתופי,US,אגוזי מלך 150 גרם קל,גרמים,150.00,100 גרם,false,,17.50,0.1167,true,1,12801
7290006241504,false,"משקה תפוזים קפוא פריגת 340 מ""ל",פריגת מצוננים,IL,קפוא תפוזים 340 גרם,גרמים,340.00,100 גרם,false,,13.90,0.0409,true,1,6393
7290006241511,false,"משקה לימונענע מרוכז קפוא פריגת 280 מ""ל",היינץ צפון אמריקה מק,IL,קפוא לימון נענע 340,גרמים,340.00,100 גרם,false,,13.90,0.0409,true,1,6394
7290006251107,false,תה צ'אי מסאלה ויסוצקי 25 יחידות,מולינו ניקולי s.p.a,IL,תה מסאלה ויסוצקי 2/2,גרמים,50.00,100 גרם,false,,18.90,0.3780,true,1,24651
7290006251275,false,תה ירוק סיני קלאסי ויסוצקי 25 יחידות,תה ויסוצקי,IL,תה ירוק סיני,גרמים,37.50,100 גרם,false,,23.90,0.6373,true,1,24653
7290006251374,false,תה ירוק לימונית וג'ינג'ר ויסוצקי 25 יחידות,תה ויסוצקי,IL,תה ירוק לימונית וג'י,גרמים,25.00,100 גרם,false,,23.90,0.9560,true,1,24656
7290006251589,false,תה ירוק עם עלי נענע 50 שקיקים ויסוצקי,בית ויסוצקי,IL,תה ירוק עם עלי נענע,גרמים,75.00,100 גרם,false,,45.90,0.6120,true,1,24657
7290006256089,false,"יין אדום קברנה סוביניון גאטו נגרו 750 מ""ל",פינקה לה סליה,AR,גאטו נגרו קברנה סובי,מיליליטרים,750.00,"100 מ""ל",false,,39.90,0.0532,true,1,329254
7290006256102,false,"יין אדום מרלו גאטו נגרו 750 מ""ל",פינקה לה סליה,AR,גאטו נגרו מרלו 750 מ,מיליליטרים,750.00,"100 מ""ל",false,,39.90,0.0532,true,1,7411
7290006256775,false,"יין גאטו נגרו מלבק 750 מ""ל",פינקה לה סליה,AR,גאטו נגרו מלבק 750 מ,מיליליטרים,750.00,"100 מ""ל",false,,39.90,0.0532,true,1,394371
7290006265548,false,נבטים סינים מרינה ארוז 360ג',"מרינה פטריות הגליל בע""מ",IL,נבטים סינים,יח',1.00,יח',false,,6.90,6.9000,true,1,41524
7290006265890,false,נבטי גרעיני חמניה יח,"מרינה פטריות הגליל בע""מ",IL,נבטי חמניה יח,יח',1.00,יח',false,,8.90,8.9000,true,1,35554
7290006271174,false,ג'חנון לאפיה בתנור מעדנות 700 גרם,מיוצר עי קונדיטוריית,IL,גחנון לאפיה בתנור מע,גרמים,700.00,100 גרם,false,,16.90,0.0241,true,1,35626
7290006271181,false,ג'חנון אפוי למיקרוגל מעדנות 750 גרם,מיוצר עי קונדיטוריית,IL,מעדנות גחנון אפוי 75,גרמים,750.00,100 גרם,false,,21.90,0.0292,true,1,35627
7290006271648,false,מיני בורקס תפוחי אדמה מעדנות 800 גרם,"מעדנות בע""\מ",IL,מיני בורקס תפו`א 800,גרמים,800.00,100 גרם,false,,19.90,0.0249,true,1,35631
7290006271655,false,מיני בורקס גבינה מעדנות 800 גרם,מיוצר עי קונדיטוריית,IL,מיני בורקס גבינה 800,גרמים,800.00,100 גרם,false,,19.90,0.0249,true,1,35632
7290006272072,false,חטיפי פיצה גבינה מעדנות 650 גרם,"מעדנות בע""\מ",IL,חטיפי פיצה מעדנות 65,גרמים,650.00,100 גרם,false,,29.90,0.0460,true,1,35635
7290006306296,false,רביולי במילוי גבינה לילדים פסטה נונה גד 400 גרם,דורום תעשיות מזון ופסטה,IL,פסטה נונה פסטה נונה,גרמים,400.00,100 גרם,false,,25.90,0.0647,true,1,14653
7290006306302,false,רביולי במילוי גבינות פרמזן ריקוטה 400 ג' פסטה נונה,דורום תעשיות מזון ופסטה,IL,פסטה נונה ריביולי פר,גרמים,400.00,100 גרם,false,,25.90,0.0647,true,1,14654
7290006306319,false,רביולי נונה במילוי בטטה 400 גרם,דורום תעשיות מזון ופסטה,IL,פסטה נונה פסטה נונה,גרמים,400.00,100 גרם,false,,25.90,0.0647,true,1,14655
7290006306326,false,רביולי במילוי פטריות וגבינת פרמזן פסטה נונה 400 ג',דורום תעשיות מזון ופסטה,IL,פסטה נונה ריביולי פט,גרמים,400.00,100 גרם,false,,25.90,0.0647,true,1,14656
7290006322104,false,לחם ריחיים קל פרוס 500גר,מאפיית דוידוביץ ובניו בע,IL,לחם ריחיים מלא דוידו,גרמים,500.00,100 גרם,false,,13.90,0.0278,true,1,586777
7290006322111,false,לחמניות ריחיים 80*6 גרם,מאפיית דוידוביץ ובניו בע,IL,6 לחמניות ריחיים מאפ,גרמים,450.00,100 גרם,false,,12.90,0.0287,true,1,587621
7290006322128,false,לחמניות קלות 6 יח בחבילה,מאפיית דוידוביץ ובניו בע,IL,6 לחמניות קלות מאפיי,גרמים,450.00,100 גרם,false,,12.90,0.0287,true,1,587592
7290006322470,false,לחם תשעה דגנים דוידו,מאפיית דוידוביץ ובניו בע,IL,לחם 9 דגנים קל קמח ו,גרמים,500.00,100 גרם,false,,13.90,0.0278,true,1,586691
7290006322487,false,לחם קוביות קמח מלא 750גר,מאפיית דוידוביץ ובני,IL,לחם קוביות קמח מלא ד,גרמים,750.00,100 גרם,false,,14.90,0.0199,true,1,586926
7290006322838,false,לחם מקמח מלא דוידובי,מאפיית דוידוביץ ובניו בע,IL,לחם 100% מלא דוידובי,גרמים,750.00,100 גרם,false,,14.90,0.0199,true,1,586971
7290006342645,false,טורטיה גדולה שקדיה 840 גרם 12 יחידות,אלקטי קוראבייכיסיגיד,TR,טורטייה 840 גרם,גרמים,840.00,100 גרם,false,,14.90,0.0177,true,1,4638
7290006374738,false,קונפיטורית תות 340 גר' יד מרדכי,אף.סי תבליני בגליל ב,IL,קונפיטורת תות יד מור,גרמים,340.00,100 גרם,false,,9.90,0.0291,true,1,22257
7290006449955,false,מלפפון בייבי מארז,"מרינה פטריות הגליל בע""מ",IL,מלפפון בייבי,יח',1.00,יח',false,,8.90,8.9000,true,1,189646
7290006492432,false,גבינת מוצרלה בייבי 18% גד 150 גרם,מחלבות גד בעמ,IL,גד בייבי מוצרלה 150ג,גרמים,170.00,100 גרם,false,,14.90,0.0876,true,1,14662
7290006492616,false,גבינה בולגרית פרוסות 5% 250 ג' גד,DSH עבור מחלבות גד ב,IL,גד בולגרית פרוסות 5%,גרמים,250.00,100 גרם,false,,28.90,0.1156,true,1,14663
7290006492630,false,גבינת פרומעז עיזים 22% גד 180 גרם,מחלבות גד בעמ,IL,גד גבינת גליל גד עזי,גרמים,180.00,100 גרם,false,,24.50,0.1361,true,1,14664
7290006492685,false,גבינת לאבנה 5% מחלב עזים גד 250 גרם,מחלבות גד בעמ,IL,גד לאבנה עזים 3% 250,גרמים,250.00,100 גרם,false,,18.50,0.0740,true,1,14666
7290006492852,false,גבינת עיזים למריחה 5% שומן 250 ג' גד,גבינות מדף,IL,גד גבינת עיזים למריח,גרמים,250.00,100 גרם,false,,17.80,0.0712,true,1,14667
7290006494917,false,טוסו וופל קלאסי במילוי שוקולד 200 גרם,"איטיליאן פוד, אס.פי.",IL,טוסו וופל טעם שוקולד,גרמים,180.00,100 גרם,false,,10.50,0.0583,true,1,5813
7290006494924,false,טוסו וופל קלאסי במילוי קרם לימון 200 גרם,"גילרו בע""מ",IL,מרמולייט ופל בטעם לי,גרמים,180.00,100 גרם,false,,10.50,0.0583,true,1,5814
7290006511157,false,"פטריות שלמות ויליפוד 400 גרם בד""ץ",אוקצ'מפס אס.איי אויי,PL,פטריות שלמות שמפיניו,גרמים,230.00,100 גרם,false,,6.90,0.0300,true,1,2906
7290006511751,false,פטריות שמפניון חתוך ויליפוד 290X3 ג' בד”צ,לוטס,NL,פטריות חתוכות ויליפו,גרמים,870.00,100 גרם,false,,11.90,0.0137,true,1,2909
7290006567048,false,פתיתי קוסקוס ישראלי אסם 350 גרם,"מיוצר ע""י קוד יצרן K",IL,קוסקוס ישראלי בשקית,גרמים,350.00,100 גרם,false,,7.90,0.0226,true,1,18705
7290006618085,false,"אסטוניש תרסיס ניקוי אמבטיה וכיורים יעקבי 750 מ""ל",יעקובי אסטוניש,GB,אסטוניש מרסס לאמבט 7,מיליליטרים,750.00,"100 מ""ל",false,,11.90,0.0159,true,1,11312
7290006618146,false,"מדליק פחמים נוזלי הפי יעקבי 500 מ""ל",תות תעשיות מזון (201,NL,הפי-מדליק פחמים 500,מיליליטרים,500.00,"100 מ""ל",false,,13.90,0.0278,true,1,11314
7290006644480,false,תפוזינה תפוזים 0.5 ליטר,יפאורה שותפות מובגלת לשיווק,IL,משקה תפוזים Move תפו,מיליליטרים,500.00,"100 מ""ל",false,,5.40,0.0108,true,1,11535
7290006644510,false,"מיץ ענבים 500 מ""ל תפוזינה",יפאורה שותפות מובגלת לשיווק,IL,משקה ענבים Move תפוז,מיליליטרים,500.00,"100 מ""ל",false,,5.40,0.0108,true,1,11538
7290006652027,false,במבה חטיף בוטנים אסם 20*15 גרם,מיוצר עי קונדיטוריית,IL,במבה יום הולדת מאח.1,גרמים,300.00,100 גרם,false,,23.90,0.0797,true,1,18710
7290006653765,false,פרפקטו פסטה פטוצ'יני אסם 500 גרם,אסם פרפקטו,IT,פטוציני פרפקטו 500 ג,גרמים,500.00,100 גרם,false,,6.90,0.0138,true,1,18712
7290006653819,false,פתיתי קוסקוס דק 350 גרם,"מיוצר ע""י קוד יצרן K",IL,קוסקוס דק בשקית אסם,גרמים,350.00,100 גרם,false,,7.90,0.0226,true,1,18713
7290006664051,false,"אקטימל לבן 1.51 ק""ג מארז 14 יחידות",מיוצר עי קונדיטוריית,IL,אקטימל טבעי 14*100מל,ליטרים,1.40,ליטר,false,,29.90,21.3571,true,1,23313
7290006664310,false,גבינה לבנה 3% שומן 250 ג' שטראוס,מיוצר עי קונדיטוריית,IL,גבינה 3% סקי 250 גרם,גרמים,250.00,100 גרם,false,,5.00,0.0200,true,1,23316
7290006664402,false,גבינה לבנה סקי 5% שומן 750 גרם,מיוצר עי קונדיטוריית,IL,שטראוס גבינה 5% 750ג,גרמים,750.00,100 גרם,false,,13.60,0.0181,true,1,23317
7290006664532,false,יוגורט עם תות 3% שומן 150 ג' דנונה,מיוצר עי קונדיטוריית,IL,דנונה תות 3% 150מל,גרמים,150.00,100 גרם,false,,4.10,0.0273,true,1,23318
7290006664655,false,"אקטימל לבן טבעי מארז 100X8 מ""ל",מיוצר עי קונדיטוריית,IL,אקטימל טבעי 8*100מל,מיליליטרים,800.00,"100 מ""ל",false,,19.90,0.0249,true,1,23320
7290006664693,false,יוגורט עם אפרסק 3% שומן 150 ג' דנונה,מיוצר עי קונדיטוריית,IL,דנונה אפרסק 3% 150מל,גרמים,150.00,100 גרם,false,,4.10,0.0273,true,1,23321
7290006664990,false,"יוגורט דנונה ביו לבן 1.7% שומן 8*150 מ""ל",מיוצר עי קונדיטוריית,IL,דנונה ביו מארז חיסכו,קילוגרמים,1.20,"ק""ג",false,,17.90,14.9167,true,1,23323
7290006704016,false,בזיליקום ארוז יחידה,,,בזיליקום ארוז יחידה,יח',1.00,יח',false,,5.90,5.9000,true,1,35555
7290006704511,false,"תפו""א גמדי אדום למיקרו מרינה 750ג'","מרינה פטריות הגליל בע""מ",IL,תפוא ננסי מיקרוגל,גרמים,750.00,100 גרם,false,,6.90,0.0092,true,1,35558
7290006704771,false,עולש אנדיב,,,עולש אנדיב,יח',1.00,יח',false,,12.90,12.9000,true,1,50928
7290006739131,false,בצק גולמי פילו זוגלובק 500ג',מאפיית אריאל,IL,זוגלובק בצק פילו 500,גרמים,500.00,100 גרם,false,,12.90,0.0258,true,1,38968
7290006739346,false,נקניקיות פרגיות טרי 400 גרם זוגלובק,נקניק נהריה כשר זוגל,IL,נקניקיות פרגיות טרי,גרמים,400.00,100 גרם,false,,13.90,0.0348,true,1,38973
7290006739407,false,שניצל תירס לייט זוגלובק 600 גרם,נקניק נהריה כשר זוגל,IL,שניצל תירס לייט 630,גרמים,600.00,100 גרם,false,,21.90,0.0365,true,1,38975
7290006739414,false,נקניק סלמי קוניאק זוגלובק 300 גרם,נקניק נהריה כשר זוגל,IL,סלמי קוניאק זוגלובק,גרמים,300.00,100 גרם,false,,26.90,0.0897,true,1,38976
7290006739421,false,נקניק סלמי מעושן איטלקי זוגלובק 300 גרם,נקניק נהריה כשר זוגל,IL,סלמי מעושן איטלקי ז,גרמים,300.00,100 גרם,false,,26.90,0.0897,true,1,38977
7290006739445,false,שניצל תירס קלאסי 750 ג' זוגלובק,נקניק נהריה כשר זוגל,IL,שניצל תירס קלאסי 750,גרמים,750.00,100 גרם,false,,21.90,0.0292,true,1,38978
7290006739544,false,נקניק כתף בקר 3% 300 גרם,זוגלובק,IL,כתף בקר זוגלובק 300,גרמים,300.00,100 גרם,false,,29.90,0.0997,true,1,38979
7290006742292,false,פסטרמה הודו בדבש 330 ג' זוגלובק,נקניק נהריה כשר זוגל,IL,פסטרממיה בדבש 1% 330,גרמים,330.00,100 גרם,false,,27.90,0.0845,true,1,39001
7290006742315,false,פסטרמה חזה הודו ברביקיו 2% זוגלובק 330 גרם,נקניק נהריה כשר זוגל,IL,חזה הודו ברביקיו 1%,גרמים,330.00,100 גרם,false,,27.90,0.0845,true,1,39003
7290006764072,false,"בירה גולדסטאר בקבוק 500 מ""ל חוזר","טמפו משקאות בע""\מ",IL,גולדסטאר בירה בק חוז,מיליליטרים,500.00,"100 מ""ל",false,,7.90,0.0158,true,1,9418
7290006764096,false,"בירה איגל 500 מ""ל 3.8% בקבוק חוזר","טמפו משקאות בע""\מ",IL,בירה איגל בקבוק 500,מיליליטרים,500.00,"100 מ""ל",false,,5.50,0.0110,true,1,9419
7290006764157,false,"בירה גולדסטאר Unfiltered, בירה לא מסוננת, בקבוק חוזר 500 מ""ל",טמפו משקאות בע''מ,IL,בירה גולדסטאר לא מסו,מיליליטרים,500.00,"100 מ""ל",false,,7.90,0.0158,true,1,111346
7290006764478,false,"בירה נשר מאלט בקבוק זכוכית 330 מ""ל","טמפו משקאות בע""מ",IL,נשר מאלט 330מל,מיליליטרים,330.00,"100 מ""ל",false,,5.30,0.0161,true,1,9425
7290006764485,false,"בירה שחורה נשר מאלט שישייה ח""פ 330*6 מ''ל","טמפו משקאות בע""\ם.",IL,נשר מאלט 6*330מל,ליטרים,1.98,ליטר,false,,31.90,16.1111,true,1,9426
7290006764737,false,בירה נשר מאלט דלת קלוריות ללא אלכוהול 500 מל,"טמפו משקאות בע""\ם.",IL,נשר מאלט דיאט בקבוק,מיליליטרים,500.00,"100 מ""ל",false,,4.90,0.0098,true,1,9430
7290006765000,false,טורטיה מקמח מלא שקדיה 540 גרם,אלקטי קוראבייכיסיגיד,TR,8 טורטיות חיטה מלאה,גרמים,540.00,100 גרם,false,,9.90,0.0183,true,1,4646
7290006784865,false,סנט מוריץ לניקוי משטחי מטבחים מרוכז ועוצמתי 1ל',קומפלקס כימיקלים בעמ,IL,ניקוי משטחי מטבח סנט,ליטרים,1.00,ליטר,false,,11.90,11.9000,true,1,20134
7290006788405,false,"קרליין - נושם אקטיב דאודורנט רול און לאישה ברודו 75 מ""ל",מיוצר עי : אמיליה קוסמטי,IL,דאו רול און נושם אקט,מיליליטרים,75.00,"100 מ""ל",false,,12.90,0.1720,true,1,30051
7290006788443,false,"קרליין - נושם אוקסיג'ן דאודורנט רול און לאישה סגול 75 מ""ל","אמיליה קוסמטיקס בע""מ",IL,דאו' רולאון נושם אוק,גרמים,75.00,100 גרם,false,,12.90,0.1720,true,1,30055
7290006788467,false,"קרליין - נושם אקטיב דאודורנט ספריי לאישה בורדו 200 מ""ל",מיוצר עי : אמיליה קוסמטי,IL,דאו' תרסיס נושם בורד,מיליליטרים,200.00,"100 מ""ל",false,,12.90,0.0645,true,1,30057
7290006788481,false,"קרליין - נושם סאן רייס דאודורנט ספריי לאישה כתום 200 מ""ל",מיוצר עי : אמיליה קוסמטי,IL,דאו' תרסיס נושם כתום,מיליליטרים,200.00,"100 מ""ל",false,,12.90,0.0645,true,1,30059
7290006788498,false,"קרליין - נושם פיור דאודורנט ספריי לאישה ורוד 200 מ""ל",מיוצר עי : אמיליה קוסמטי,IL,דאו' תרסיס נושם ורוד,מיליליטרים,200.00,"100 מ""ל",false,,12.90,0.0645,true,1,30060
7290006788504,false,"קרליין - נושם אוקסיג'ן דאודורנט ספריי לאישה סגול 200 מ""ל",מיוצר עי : אמיליה קוסמטי,IL,דאו' תרסיס נושם סגול,מיליליטרים,200.00,"100 מ""ל",false,,12.90,0.0645,true,1,30061
7290006789617,false,"קרם לחות לתלתול טבעי לשיער גלי עד מתולתל 10 קרליין 400 מ""ל",מיוצר עי : אמיליה קוסמטי,IL,קרם לחות לתלתלים טבע,מיליליטרים,400.00,"100 מ""ל",false,,14.90,0.0373,true,1,30067
7290006789655,false,"קרם לחות לסירוק קל לשיער מתולתל ומקורזל 10 קרליין 400 מ""ל",מיוצר עי : אמיליה קוסמטי,IL,קרם לחות לבניית תלתל,מיליליטרים,400.00,"100 מ""ל",false,,14.90,0.0373,true,1,30071
7290006805850,false,פילסברי פנקייק תערובת להכנת חביתיות,הדקלאים אגודת שיתופי,IL,תערובת להכנת פנקייקס,גרמים,500.00,100 גרם,false,,16.90,0.0338,true,1,12804
7290006855183,false,ברבריא חטיף תמרים שומשום אגוז מלך 30*4,טבעית מוצרים מן הטבע בעמ,IL,ברבריא חטיף תמרים אג,גרמים,120.00,100 גרם,false,,14.90,0.1242,true,1,24990
7290006855190,false,חטיף תמרים ואגוזי מלך עם בננה ללא תוספת סוכר,טבעית מוצרים מן הטבע בעמ,IL,ברבריא חטיף תמר אגוז,גרמים,120.00,100 גרם,false,,14.90,0.1242,true,1,207875
7290006855206,false,חטיף בר שזיפים קוקוס ואוכמניות מארז 120 גרם,טבעית מוצרים מן הטבע,IL,ברבריא חטיף תמר שקדי,גרמים,120.00,100 גרם,false,,14.90,0.1242,true,1,24991
7290006855244,false,ברבריא חטיף אגוזים שקדים וצימוקים 30*4,טבעית מוצרים מן הטבע בעמ,IL,ברבריא חטיף שקדים צי,גרמים,120.00,100 גרם,false,,14.90,0.1242,true,1,24992
7290006866363,false,מיץ סחוט אשכוליות אדומות פרימור 1 ליטר,"גניר (1992) בע""מ",IL,פרימור מיץ אשכולית א,ליטרים,1.00,ליטר,false,,15.90,15.9000,true,1,23324
7290006908360,false,שקד קלוי 150 גר' פיצוחי חממה,בוטנת,,שקד קלוי 150 גר` פיצ,גרמים,150.00,100 גרם,false,,14.90,0.0993,true,1,1476
7290006908377,false,שקד טבעי 150 גר פיצוחי חממה,בוטנת,,שקד טבעי 150 גר` פיצ,גרמים,150.00,100 גרם,false,,13.90,0.0927,true,1,1477
7290006908384,false,פיסטוק חלבי 150 גר' פיצוחי חמהה,בוטנת,,פיסטוק חלבי 150 גרם,גרמים,150.00,100 גרם,false,,17.90,0.1193,true,1,1478
7290006908391,false,קאשיו קלוי 150 גר' פיצוחי חממה,בוטנת,,קשיו קלוי 150 גר` פי,גרמים,150.00,100 גרם,false,,17.90,0.1193,true,1,1479
7290006908414,false,גרעיני חמניה 400 גרם פיצוחי חממה,,,חמנייה 400 גרם,גרמים,400.00,100 גרם,false,,10.90,0.0273,true,1,1480
7290006920829,false,"תחליפי גבינ""צ צ'דר פרוס 350 גר'",צי תעשיות מזון יבנה,IL,כפיר צדר פרוס 350 גר,גרמים,350.00,100 גרם,false,,15.90,0.0454,true,1,18274
7290006920836,false,"תחליפי גבינ""צ מעושן פרוס 350 גר'",צי תעשיות מזון יבנה,IL,מעושן פרוס כפיר 350,גרמים,350.00,100 גרם,false,,15.90,0.0454,true,1,18275
7290006983152,false,קרוטונים מתובלים למרק אסם 400 גרם,עינת תעשיות מזון אגו,IL,קרוטונים מתובלים אסם,גרמים,400.00,100 גרם,false,,17.90,0.0447,true,1,18716
7290006983176,false,אוסם - לחמית שיפון 250 גרם,"אסם השקעות בע""\מ",IL,לחמית שיפון אסם 250,גרמים,230.00,100 גרם,false,,8.90,0.0387,true,1,18717
7290006983206,false,תערובת להכנת פלפל קלי קלות 180 גרם,"אסם השקעות בע""\מ",IL,תערובת פלאפל בקלי קל,גרמים,180.00,100 גרם,false,,9.50,0.0528,true,1,18718
7290006983763,false,עוגת הבית שוקולד 400 גרם אסם.,מיוצר עי קונדיטוריית,IL,עוגת הבית שוקולד 400,גרמים,400.00,100 גרם,false,,11.90,0.0298,true,1,18721
7290006983787,false,עוגת הבית שוקולד צ'יפס אסם 400 גרם,מיוצר עי קונדיטוריית,IL,עוגת הבית שוקוציפס 4,גרמים,400.00,100 גרם,false,,11.90,0.0298,true,1,18723
7290006983794,false,עוגת הבית בטעם תפוז אסם 400 גרם,מיוצר עי קונדיטוריית,IL,עוגת הבית תפוז 400גר,גרמים,400.00,100 גרם,false,,11.90,0.0298,true,1,18724
7290006992161,false,מטרנה - דייסת קורנפלור פרוביוטי 200 גרם,מולינו ניקולי s.p.a,IL,מטרנה דייסת קורנפלור,גרמים,200.00,100 גרם,false,,13.50,0.0675,true,1,18726
7290006992208,false,מטרנה דייסת 8 דגנים מעורבים 200 גרם,מטרנה תעשיות ש.מ,IL,מטרנה דייסת דגנים פר,גרמים,200.00,100 גרם,false,,13.50,0.0675,true,1,18729
7290006992390,false,"מטרנה - דייסת וניל פרוביוטי כשל""פ 200 גרם",מולינו ניקולי s.p.a,IL,מטרנה דייסת וניל פרו,גרמים,200.00,100 גרם,false,,13.50,0.0675,true,1,18730
7290008000826,false,"משחת שיניים לילדים בטעם פירות לגילאים 2-6 כצט 50 מ""ל",כצט נוביס,IL,משחת שיניים ברבי ליל,מיליליטרים,50.00,"100 מ""ל",false,,10.90,0.2180,true,1,3834
7290008101318,false,קריספ פירורי לחם זהוב 300 גרם מיימונס,א.ל ייצור ושיווק תבל,IL,פירורי לחם זהוב קלאס,גרמים,300.00,100 גרם,false,,6.90,0.0230,true,1,463644
7290008102469,false,קריספ פירורי לחם זהוב 800 גרם מיימונס,מימונס,IL,פירורי לחם זהוב קלאס,גרמים,800.00,100 גרם,false,,12.90,0.0161,true,1,463687
7290008104050,false,"שטיפת אינטימית לקטופיל פמינה 220 מ""ל",כצט נוביס סעמ,IL,סבון שטיפה אינטימית,מיליליטרים,220.00,"100 מ""ל",false,,23.90,0.1086,true,1,3839
7290008116534,false,ליסטרין שטיפת פה קול מינט 250 מל,ג'\ונסון אנד ג'\ונסון,IT,קולמינט מי פה ליסטרי,מיליליטרים,250.00,"100 מ""ל",false,,17.90,0.0716,true,1,29473
7290008116541,false,"שטיפת פה ליסטרין קול מינט 500 מ""ל",ג'\ונסון אנד ג'\ונסון,IT,מי פה ליסטרין בטעם מ,מיליליטרים,500.00,"100 מ""ל",false,,22.90,0.0458,true,1,29474
7290008116565,false,ליסטרין שטיפת פה פרש 500 מל,ג'\ונסון אנד ג'\ונסון,IT,מי פה פרש ליסטרין 50,מיליליטרים,500.00,"100 מ""ל",false,,22.90,0.0458,true,1,29476
7290008154222,false,שניצלונים עוף טוב 700 גרם,"מוצרי עוף טוב (2001) בע""",IL,שניצלונים עוף טוב 70,גרמים,700.00,100 גרם,false,,12.90,0.0184,true,1,19769
7290008257411,false,"סינר מגבת עבה + תיק תק, אפשרות לשני גדלים בפתח הצוואר",אריסטוקרט,TH,סינר מגבת עבה לא לבן,יחידה,0.00,יחידה,false,,14.90,0.0000,true,1,1188
7290008257527,false,מטלית מקרופייבר לרצפה- שלישייה בקופסה,,IL,אריסטוקרט מטלית מיקר,יחידה,0.00,יחידה,false,,14.90,0.0000,true,1,1191
7290008268455,false,קיווי ישראלי בראשית,בראשית,IL,קיווי ארוז בראשית,יח',1.00,יח',false,,11.90,11.9000,true,1,257684
7290008300308,false,מפת שולחן 45 מטר 1 יח,בריזה,IL,45 מפת שולחן ניילון,יחידה,0.00,יחידה,false,,35.90,0.0000,true,1,275843
7290008300551,false,שקיות אשפה 75*90 שחו,,,שקיות אשפה 75*90 שחו,יחידה,0.00,יחידה,false,,14.90,0.0000,true,1,43408
7290008300599,false,70*50 'שקיות אשפה שר,,,70*50 'שקיות אשפה שר,יחידה,0.00,יחידה,false,,14.90,0.0000,true,1,275846
7290008300605,false,90*75 'שקיות אשפה 50,בריזה,IL,90*75 'שקיות אשפה 50,יחידה,0.00,יחידה,false,,9.90,0.0000,true,1,275847
7290008300629,false,שקיות אוכל בקופסא של,,,שקיות אוכל בקופסא של,יחידה,0.00,יחידה,false,,11.90,0.0000,true,1,43410
7290008343466,false,בצק פילו 500 גרם שלושת האופים,שלושת האופים שגמור,IL,בצק פילו 500 גרם,גרמים,500.00,100 גרם,false,,14.50,0.0290,true,1,17112
7290008343558,false,"סיגרים בשר שלושת האופים 1 ק""ג","שלושת האופים בע""\מ",IL,סיגרים בשר 1 ק`ג שלו,קילוגרמים,1.00,"ק""ג",false,,16.90,16.9000,true,1,17116
7290008343565,false,"סיגרים תפו""א 1 ק""ג שלושת האופים","שלושת האופים בע""\מ",IL,סיגרים תפו`א 1 ק`ג ש,קילוגרמים,1.00,"ק""ג",false,,16.90,16.9000,true,1,17117
7290008343572,false,"אגרול סיני 1 ק""ג שלושת האופים","שלושת האופים בע""\מ",IL,אגרול סיני 1 ק`ג שלו,קילוגרמים,1.00,"ק""ג",false,,16.90,16.9000,true,1,17118
7290008343602,false,"קובה בשר 1 ק""ג שלושת האופים","שלושת האופים בע""\מ",IL,קובה בשר 1 ק`ג שלושת,קילוגרמים,1.00,"ק""ג",false,,16.90,16.9000,true,1,17119
7290008343619,false,"פסטלים תפו""א שלושת האופים 1 ק""ג","שלושת האופים בע""\מ",IL,פסטלים תפו`א שלושת ה,קילוגרמים,1.00,"ק""ג",false,,16.90,16.9000,true,1,17120
7290008343626,false,"כדורי פלאפל 1 ק""ג שלושת האופים","שלושת האופים בע""\מ",IL,כדורי פלאפל 1 ק`ג של,קילוגרמים,1.00,"ק""ג",false,,19.90,19.9000,true,1,17121
7290008344258,false,המבורגר מזרחי טיבון ויל 400 גרם,"טיבון ויל אחזקות בע""\מ",IL,המבורגר מזרחי 400 ג',גרמים,400.00,100 גרם,false,,17.90,0.0447,true,1,17126
7290008344272,false,המבורגר 100% טיבון ויל 400 גרם,טיבון ויל אחזקות בעמ,IL,המבורגר 100% 400 ג'-,גרמים,400.00,100 גרם,false,,17.90,0.0447,true,1,17128
7290008345583,false,איקרה ביתית ורוד 300 גרם דלידג,כלורוקס אוקלנד,IL,300 איקרה ביתית ורוד,גרמים,300.00,100 גרם,false,,19.90,0.0663,true,1,17133
7290008347211,false,אצבעות דג מצופות דלידג 700 גרם,אף.סי תבליני בגליל ב,IL,דלידג אצבעות דג 700,גרמים,700.00,100 גרם,false,,19.90,0.0284,true,1,17134
7290008409049,false,שניצלונים בציפוי שומשום מיני מיני דק מאמא עוף 500 גרם,תנובה גליל שותפות מוגבלת,IL,מאמא עוף מיני דק שני,גרמים,500.00,100 גרם,false,,24.90,0.0498,true,1,25546
7290008409100,false,אצבעות שניצל בציפוי שומשום מאמא עוף 700 גרם,תנובה גליל שותפות מוגבלת,IL,אצבעות שניצל ציפוי ש,גרמים,700.00,100 גרם,false,,30.90,0.0441,true,1,25547
7290008409216,false,מאמא עוף קפוא שניצל דק פריך 700 גרם,תנובה גליל,IL,מאמא עוף קפוא שניצל,גרמים,700.00,100 גרם,false,,35.90,0.0513,true,1,25549
7290008409223,false,שניצל דק דק מתובל מאמא עוף 700 גרם,תנובה גליל שותפות מוגבלת,IL,שניצל דק מתובל מאמא,גרמים,700.00,100 גרם,false,,35.90,0.0513,true,1,25550
7290008409315,false,שניצלונים בציפוי פריך מיני מיני דק מאמא עוף 500 גרם,תנובה גליל,IL,מאמא עוף מיני דק שני,גרמים,500.00,100 גרם,false,,24.90,0.0498,true,1,25553
7290008409407,false,שניצל דק צ'יפס מאמא עוף 700 גרם,תנובה גליל שותפות מוגבלת,IL,מאמא עוף שניצל דק צי,גרמים,700.00,100 גרם,false,,35.90,0.0513,true,1,25559
7290008409551,false,שניצל עוף אמיתי בציפוי מעודן 700 ג' מאמא עוף,תנובה גליל שותפות מוגבלת,IL,שניצל עוף אמיתי בציפ,גרמים,700.00,100 גרם,false,,34.90,0.0499,true,1,25565
7290008409568,false,שניצל עוף אמיתי בציפוי שבבי ציפס 700 גר,תנובה גליל שותפות מוגבלת,IL,שניצל ציפס אמיתי מאמ,גרמים,700.00,100 גרם,false,,34.90,0.0499,true,1,25566
7290008409582,false,שניצל עוף אמיתי בציפוי ביתי מאמא עוף 700 גרם,תנובה גליל שותפות מוגבלת,IL,שניצל אמיתי בציפוי ב,גרמים,700.00,100 גרם,false,,34.90,0.0499,true,1,25568
7290008409605,false,כוכבי עוף בציפוי מעודן מאמא עוף 700 גרם,תנובה גליל שותפות מוגבלת,IL,כוכבי עוף בציפוי מעו,גרמים,700.00,100 גרם,false,,30.90,0.0441,true,1,25569
7290008415514,false,צבר חומוס עם חריף עגול 150 גרם,סלטי צבר,IL,צבר סלט חומוס עם חרי,גרמים,150.00,100 גרם,false,,4.90,0.0327,true,1,19773
7290008443616,false,"מרכך לשיער יבש אדום נקה 7 750 מ""ל","אמיליה קוסמטיקס בע""מ",IL,מרכך לשיער יבש אדום,מיליליטרים,750.00,"100 מ""ל",false,,8.90,0.0119,true,1,30083
7290008443647,false,"מרכך לשיער מתולתל סגול, 750 מ""ל נקה 7","אמיליה קוסמטיקס בע""מ",IL,מרכך לשיער מתולתל סג,מיליליטרים,750.00,"100 מ""ל",false,,8.90,0.0119,true,1,30086
7290008461238,false,"סרדינים בשמן חמניות ופלפל חריף רוברט 84 גרם, 115 גרם","רמירז, מטוסינוס",PT,סרדינים רוברט בשמן ח,גרמים,115.00,100 גרם,false,,6.90,0.0600,true,1,17139
7290008464024,false,"בירה גולדסטאר Unfiltered, בירה לא מסוננת, פחית 500 מ""ל","טמפו משקאות בע""מ",IL,גולדסטאר לא מסונן פח,מיליליטרים,500.00,"100 מ""ל",false,,8.90,0.0178,true,1,9435
7290008464130,false,"בירה גולדסטאר Unfiltered, בירה לא מסוננת, מארז שישייה, בקבוק 330 מ""ל",טמפו,IL,גולדסטאר לא מסונן 6*,ליטרים,1.98,ליטר,false,,36.90,18.6364,true,1,9437
7290008464468,false,"בירה גולדסטאר, פחית 500 מ""ל","טמפו משקות בע""\מ",IL,"גולדסטאר פחית 500מ""ל",מיליליטרים,500.00,"100 מ""ל",false,,7.90,0.0158,true,1,9449
7290008464475,false,"בירה מכבי, פחית 500 מ""ל","טמפו משקאות בע""\מ",IL,"מכבי פחית 500מ""ל",מיליליטרים,500.00,"100 מ""ל",false,,6.90,0.0138,true,1,9450
7290008464604,false,"בירה הייניקן פחית 500 מ""ל",טמפו משקאות בע''מ,NL,הייניקן בירה פח 500מ,מיליליטרים,500.00,"100 מ""ל",false,,12.50,0.0250,true,1,9458
7290008464673,false,"בירה גולדסטאר SLOWBREW פחית 10%, 500 מ""ל","טמפו משקאות בע""\מ",IL,גולדסטאר SLOWBREW 10,מיליליטרים,500.00,"100 מ""ל",false,,8.90,0.0178,true,1,9460
7290008464703,false,"שישיית בירה מכבי בקבוק 330 מ""ל",טמפו משקאות בע''מ,IL,בירה מכבי מארז 6 *33,ליטרים,1.98,ליטר,false,,34.90,17.6263,true,1,9463
7290008464741,false,"בירה גולדסטאר, מארז שישייה, בקבוק 330 מ''ל","טמפו משקאות בע""\מ",IL,"גולדסטאר ח""פ בקבוק 6",ליטרים,1.98,ליטר,false,,37.90,19.1414,true,1,9465
7290008464796,false,"בירה היינקן, מארז שישייה, בקבוק 330 מ''ל",טמפו משקאות בע''מ,IL,"הייניקן בקבוק ח""פ 6*",ליטרים,1.98,ליטר,false,,38.90,19.6465,true,1,9468
7290008464987,false,שישיית מי סודה טמפו 1.5 ליטר,"טמפו משקאות בע""מ",IL,טמפו סודה 6*1.5 ליטר,ליטרים,9.00,ליטר,false,,14.90,1.6556,true,1,9472
7290008466639,false,רוגלך ירושלמי ברליס,,,רוגלך ירושלמי ברליס,גרמים,300.00,100 גרם,false,,19.90,0.0663,true,1,332716
7290008470766,false,מסטיק אורביט סטיקס פפרמינט שמינייה,ריגלי צרפת,FR,אורביט סטיקס בטעם פפ,יחידה,0.00,יחידה,false,,14.00,0.0000,true,1,20767
7290008634663,false,בקבוק גדול-שלישיה במבצע,R.B.P. Co Lt,TH,שלישיית בקבוקים גדול,יחידה,0.00,יחידה,false,,16.90,0.0000,true,1,907
7290008634700,false,כפפות XL לטקס עם איבוק עדין 100 יח- SAFE TOUCH,סייף טאצ,TH,כפפות לאטקס סייף טאצ,יחידה,0.00,יחידה,false,,22.90,0.0000,true,1,71373
7290008636018,false,כפתורי שוקולד שמינייה מיה 240 גרם,מיה תעשיות מזון בעמ,IL,1/8 כפתורי שוקולד 30,גרמים,30.00,100 גרם,false,,9.90,0.3300,true,1,15004
7290008636995,false,גרעיני דלעת קלופים מיה 100 גרם,מיה תעשיות מזון מ.ת.מ. ב,IL,מיה גרעיני דלעת קלופ,גרמים,100.00,100 גרם,false,,6.90,0.0690,true,1,15026
7290008644112,false,סלט מטבוחה יום יום אחלה 125 גרם,"שטראוס גרופ בע""\מ",IL,אחלה מטבוחה 125ג,גרמים,125.00,100 גרם,false,,4.90,0.0392,true,1,23325
7290008644235,false,עלי בייבי שטראוס 120 גרם,שטראוס בריאות ירקות טריי,IL,עלי בייבי 120 ג ירקו,גרמים,120.00,100 גרם,false,,10.50,0.0875,true,1,23326
7290008644945,false,לקט לסלט המושבה שטראוס 450 גרם,שטראוס בריאות ירקות טריי,IL,סלט המושבה 450 ג ירק,גרמים,450.00,100 גרם,false,,11.90,0.0264,true,1,23328
7290008693134,false,מעדן גבינה ויוגורט בטעם תות 5% שומן 88 ג' דניאלה,"שטראוס בריאות בע""מ",IL,דניאלה תות מעדן גבינ,מיליליטרים,150.00,"100 מ""ל",false,,4.10,0.0273,true,1,23330
7290008713900,false,לחם שיפון עגול פרוס אנג'ל 750 גרם,מאפיית אנג'\ל אורנים מאפ,IL,לחם שיפון עגול אנגל,גרמים,750.00,100 גרם,false,,13.90,0.0185,true,1,35468
7290008739955,false,נרות שולחן/חמסה ריחנ,,,נר LOVE,יחידה,0.00,יחידה,false,,10.00,0.0000,true,1,14276
7290008745239,false,תפוצ'יפס קראנצ' בטעם טבעי עלית 50 גרם,"שטראוס פריטו ליי בע""\מ )",IL,תפוציפס קראנץ טבעי 5,גרמים,50.00,100 גרם,false,,3.90,0.0780,true,1,24161
7290008747547,false,תפוצ'יפס קראנץ' בטעם טבעי עלית 200 גרם,"שטראוס פריטו ליי בע""\מ )",IL,תפוציפס קראנץ טבעי 2,גרמים,200.00,100 גרם,false,,10.90,0.0545,true,1,24163
7290008750264,false,"מסטיק מאסט ציקלס דובדבן 28 גרם לל""ס מגדים","שטראוס גרופ בע""מ",IL,מאסט דובדבן 28ג,גרמים,28.00,100 גרם,false,,4.10,0.1464,true,1,22268
7290008752244,false,תפוצ'יפס קראנץ' בטעם גריל עלית 50 גרם,"שטראוס פריטו ליי בע""\מ )",IL,תפוציפס קראנץ גריל 5,גרמים,50.00,100 גרם,false,,3.90,0.0780,true,1,24165
7290008753111,false,תפוצ'יפס קראנץ' בטעם מקסיקני עלית 50 גרם,"שטראוס פריטו ליי בע""\מ )",IL,תפוציפס מקסיקני 50גר,גרמים,50.00,100 גרם,false,,3.90,0.0780,true,1,24166
7290008754040,false,ממרח בטעם שוקולד פרה מגדים עלית 850 גרם,שטראוס גרופ,IL,ממרח פרה שוקולד 850,גרמים,850.00,100 גרם,false,,14.90,0.0175,true,1,22276
7290008754415,false,גומי מאסט בטעם ספירמינט עדין פליפטופ 28 ג' עלית,"שטראוס גרופ בע""מ",IL,מאסט מנטה עדין 28 גר,גרמים,28.00,100 גרם,false,,4.10,0.1464,true,1,22277
7290008775816,false,ערגליות עוגיות במילוי שוקולד אסם 300 גרם,מיוצר עי קונדיטוריית,IL,ערגליות שוקולד 300 ג,גרמים,300.00,100 גרם,false,,9.90,0.0330,true,1,18733
7290008775823,false,ערגליות עוגיות תות שדה אסם 300 גרם,מיוצר עי קונדיטוריית,IL,ערגליות תות שדה 300,גרמים,300.00,100 גרם,false,,9.90,0.0330,true,1,18734
7290008792264,false,מפיות טישיו טאצ' 100יח',"שניב תעשיות נייר בע""",IL,מפיות טאצ' 100,יחידה,0.00,יחידה,false,,4.90,0.0000,true,1,24454
7290008801157,false,"יין מרלו סלקטד כרמל כרמל 750 מ""ל",כרמל מזרחי,IL,יין סלקטד מרלו 750 מ,מיליליטרים,750.00,"100 מ""ל",false,,29.90,0.0399,true,1,514
7290008801522,false,יין קינג דויד קונקורד אדום מתוק 750 מל,אגודת הכורמים הקואופרטיב,IL,יין קונקורד קינג דיו,מיליליטרים,750.00,"100 מ""ל",false,,21.90,0.0292,true,1,520
7290008801546,false,יין מוסקט מתוק קינג דיוויד יקבי כרמל,אגודת הכורמים הקואופרטיב,IL,יין קונקורד קינג דיו,מיליליטרים,750.00,"100 מ""ל",false,,21.90,0.0292,true,1,522
7290008801843,false,"יין קברנה סוביניון סלקטד כרמל 750 מ""ל","כד בני דרום בע""מ",IL,יין סלקטד קברנה סובנ,מיליליטרים,750.00,"100 מ""ל",false,,29.90,0.0399,true,1,523
7290008801850,false,סלקטד אמרלד ריזלינג לבן חצי יבש 750 מל,אגודת הכורמים הקואופרטיב,IL,יין סלקטד אמרלד ריזל,מיליליטרים,750.00,"100 מ""ל",false,,29.90,0.0399,true,1,524
7290008802291,false,יין מרלו פרייבט קולקשן יקבי כרמל,אגודת הכורמים הקואופרטיב,IL,"יין P.C מרלו 750מ""",מיליליטרים,750.00,"100 מ""ל",false,,32.50,0.0433,true,1,525
7290008802512,false,"יין וינו אדום ""כרמל מזרחי""","כד בני דרום בע""מ",IL,יין וינו אדום יבש,מיליליטרים,750.00,"100 מ""ל",false,,21.90,0.0292,true,1,526
7290008802895,false,יין קברנה סוביניון פרייבט קולקשן יקבי כרמל,אגודת הכורמים הקאופורטיב,IL,יין P.C קברנה סובי,מיליליטרים,750.00,"100 מ""ל",false,,32.50,0.0433,true,1,528
7290008804745,false,יין גוורצטרמינר סדרה אזורית יקבי כרמל,אגודת הכורמים הקואופרטיב,IL,גוורצטרמינר סדרה אזו,מיליליטרים,750.00,"100 מ""ל",false,,59.90,0.0799,true,1,540
7290008805520,false,"יין קברנה/סוביניון סלקטד כרמל 750 מ""ל","כד בני דרום בע""מ",IL,יין סלקטד קברנה סובנ,מיליליטרים,750.00,"100 מ""ל",false,,29.90,0.0399,true,1,545
7290008830676,false,תערובת מן הטבע יחידה,"דין שיווק וקלייה בע""",IL,"פריט מבצע 5 ש""ח",יחידה,0.00,יחידה,false,,5.00,0.0000,true,1,31683
7290008830690,false,מובחרים מן הטבע יחידה,"דין שיווק וקלייה בע""",IL,"פריט מבצע 10 ש""ח.",יחידה,0.00,יחידה,false,,10.00,0.0000,true,1,31684
7290008849609,false,רוטב לעוף שום דבש אוליביה 330 גרם,אוליביה גורמה (1996),IL,רוטב שום דבש אוליבי,גרמים,330.00,100 גרם,false,,12.90,0.0391,true,1,3506
7290008849661,false,אוליביה ממרח עגבניות מיובשות פיקנטי 180 גרם,טרופיקל דגיל תעשיות,IL,אוליביה ממרח עגבניות,גרמים,180.00,100 גרם,false,,12.90,0.0717,true,1,26018
7290008849753,false,רוטב טריאקי עשיר אוליביה 300 מל,מיוצר עי קונדיטוריית,IL,רוטב טריאקי עשיר אול,מיליליטרים,300.00,"100 מ""ל",false,,12.90,0.0430,true,1,51990
7290008849777,false,רוטב צ'ילי מתוק אוליביה 345 גרם,קריות זול,IL,אוליביה רוטב צילי מת,גרמים,350.00,100 גרם,false,,12.90,0.0369,true,1,51991
7290008849838,false,טפנד זיתים אוליביה 190 גר',"אוליביה גורמה בע""מ",IL,אוליביה טפנד זיתים 1,גרמים,180.00,100 גרם,false,,12.90,0.0717,true,1,26020
7290008909853,false,"קוקה קולה זירו בקבוק 500 מ""ל.",החברה המרכזית לייצור משקאות,IL,קוקה קולה זירו 500 מ,מיליליטרים,500.00,"100 מ""ל",false,,6.90,0.0138,true,1,7005
7290008945202,false,גלילונית שקיות אשפה ענק 90/75 50 יח,"קילט ניהול פרוייקטים בע""מ",IL,גלילונית לאשפה משרדי,יחידה,0.00,יחידה,false,,12.90,0.0000,true,1,5822
7290008975551,false,תחליף חלב מטרנה מהדרין שלב 3 חלבי 700 גרם,מולינו ניקולי s.p.a,IL,מטרנה מהדרין שלב 3,גרמים,700.00,100 גרם,false,,49.90,0.0713,true,1,18738
7290009018004,false,פיקדון בקבוק/פחית בו,Unknown,,פיקדון בקבוק/פחית בו,יחידה,0.00,יחידה,false,,0.30,0.0000,true,1,66
7290009018011,false,פיקדון בקבוק/פחיות ש,,,פיקדון בקבוק/פחיות ש,יחידה,0.00,יחידה,false,,1.80,0.0000,true,1,64
7290009018264,false,פיקדון בקבוק/פחית רב,,,פיקדון בקבוק/פחית רב,יחידה,0.00,יחידה,false,,1.20,0.0000,true,1,105
7290009164664,false,לחמניית דגנים,,,לחמניית דגנים,יח',1.00,יח',false,,3.90,3.9000,true,1,2572
7290010002023,false,כורכום הודי טחון תבליני מימון 100 גרם,א.ל ייצור ושיווק תבלינים,IL,מימון כורכום הודי טח,גרמים,100.00,100 גרם,false,,11.90,0.1190,true,1,245
7290010002047,false,תבלין מלח לימון תבליני מימון 200 גרם,א.ל ייצור ושיווק תבלינים,IL,מימון מלח לימון במיכ,גרמים,200.00,100 גרם,false,,9.50,0.0475,true,1,247
7290010002061,false,פלפל לבן טחון תבליני מימון 100 גרם,א.ל ייצור ושיווק תבל,IL,מימון פלפל לבן טחון,גרמים,100.00,100 גרם,false,,17.50,0.1750,true,1,249
7290010002078,false,פלפל שחור טחון תבליני מימון 100 גרם,א.ל ייצור ושיווק תבלינים,IL,מימון פלפל שחור טחון,גרמים,100.00,100 גרם,false,,14.50,0.1450,true,1,250
7290010002092,false,תבלין פלפל שחור גרוס דק תבליני מימון 90,א.ל ייצור ושיווק תבלינים,IL,מימון פלפל שחור גרוס,גרמים,90.00,100 גרם,false,,14.50,0.1611,true,1,252
7290010002108,false,תבלין פלפל שחור גרוס גס תבליני מימון 90,א.ל ייצור ושיווק תבלינים,IL,מימון פלפל שחור גרוס,גרמים,90.00,100 גרם,false,,14.50,0.1611,true,1,253
7290010002122,false,פפריקה הונגרית מתוקה תבליני מימון 100 גרם,א.ל ייצור ושיווק תבלינים,IL,מימון פפריקה הונגרית,גרמים,100.00,100 גרם,false,,11.90,0.1190,true,1,255
7290010002146,false,פפריקה מרוקאית מתוקה תבליני מימון 100 גרם,א.ל ייצור ושיווק תבלינים,IL,מימון פפריקה מרוקאית,גרמים,100.00,100 גרם,false,,11.90,0.1190,true,1,257
7290010002191,false,תבלין מקלות קינמון תבליני מימון 50 גרם,א.ל ייצור ושיווק תבל,IL,מימון מקלות קינמון ב,גרמים,70.00,100 גרם,false,,9.50,0.1357,true,1,259
7290010002207,false,תבלין קינמון טחון תבליני מימון 100 גרם,א.ל ייצור ושיווק תבלינים,IL,מימון קינמון טחון במ,גרמים,100.00,100 גרם,false,,9.50,0.0950,true,1,260
7290010002214,false,תבלין צ'ילי גרוס תבליני מימון 80 גרם,א.ל ייצור ושיווק תבלינים,IL,מימון צילי גרוס 80 ג,גרמים,80.00,100 גרם,false,,11.90,0.1488,true,1,261
7290010002320,false,תיבול לגריל עוף תבליני מימון 100 גרם,א.ל ייצור ושיווק תבלינים,IL,מימון תיבול לגריל עו,גרמים,100.00,100 גרם,false,,11.90,0.1190,true,1,267
7290010002344,false,תבלין לדג תבליני מימון 100 גרם.,א.ל ייצור ושיווק תבלינים,IL,מימון תיבול לדג 100,גרמים,100.00,100 גרם,false,,11.90,0.1190,true,1,269
7290010002351,false,זעתר ושומשום תבליני מימון 100 גרם,א.ל ייצור ושיווק תבלינים,IL,מימון זעתר ושומשום 1,גרמים,100.00,100 גרם,false,,11.90,0.1190,true,1,270
7290010002368,false,תערובת חווויג' תבליני מימון 100 גרם,א.ל ייצור ושיווק תבלינים,IL,מימון תערובת חווג` ל,גרמים,100.00,100 גרם,false,,11.90,0.1190,true,1,271
7290010002382,false,תבלין אורגנו תבליני מימון 40 גרם,א.ל ייצור ושיווק תבלינים,IL,מימון אורגנו במיכל 4,גרמים,40.00,100 גרם,false,,9.50,0.2375,true,1,273
7290010002436,false,תבלין פטרוזיליה תבליני מימון 25 גרם,א.ל ייצור ושיווק תבל,IL,מימון פטרוזיליה במיכ,גרמים,25.00,100 גרם,false,,9.50,0.3800,true,1,277
7290010002481,false,תבלין שום טחון תבליני מימון 100 גרם,א.ל ייצור ושיווק תבלינים,IL,מימון שום טחון במיכל,גרמים,100.00,100 גרם,false,,14.50,0.1450,true,1,280
7290010002498,false,תבלין שום גבישי תבליני מימון 120 גרם,א.ל ייצור ושיווק תבלינים,IL,מימון שום גבישי 120,גרמים,120.00,100 גרם,false,,14.50,0.1208,true,1,281
7290010002597,false,כוסברה ירוקה תבליני מימון 30 גרם,א.ל ייצור ושיווק תבלינים,IL,מימון כוסברה ירוקה ב,גרמים,20.00,100 גרם,false,,9.50,0.4750,true,1,282
7290010002658,false,פלפל יבש מתוק תבליני מימון 150 גרם,א.ל ייצור ושיווק תבל,IL,מימון פלפל יבש מתוק,גרמים,150.00,100 גרם,false,,15.90,0.1060,true,1,283
7290010002696,false,אקסטרה צ'יפס אורז חום מלא שמנת בצל 60 גרם,נוהלס ג'י אס סי.,BG,אקסטרא צ'יפס אורז חו,גרמים,60.00,100 גרם,false,,8.50,0.1417,true,1,463701
7290010002986,false,פרימיום פפריקה חריפה אש 100 גרם,א.ל. ייצור ושיווק תבליני,IL,תערובת חריפה אש מימ,גרמים,100.00,100 גרם,false,,16.90,0.1690,true,1,273728
7290010003051,false,פפריקה הונגרית מתוקה תבליני מימון 400 גרם,א.ל ייצור ושיווק תבלינים,IL,מימון פפריקה הונגרית,גרמים,400.00,100 גרם,false,,24.90,0.0622,true,1,285
7290010003075,false,פפריקה מרוקאית מתוקה תבליני מימון 400 גרם,א.ל ייצור ושיווק תבלינים,IL,מימון פפריקה מרוקאית,גרמים,400.00,100 גרם,false,,24.90,0.0622,true,1,286
7290010003693,false,פפריקה מתוקה בשקית תבליני מימון 80 גרם,א.ל ייצור ושיווק תבל,IL,מימון פפריקה מתוקה ש,גרמים,80.00,100 גרם,false,,5.90,0.0738,true,1,291
7290010003709,false,פלפל שחור טחון בשקית תבליני מימון 50 גרם,א.ל ייצור ושיווק תבל,IL,מימון פלפל שחור טחון,גרמים,50.00,100 גרם,false,,7.90,0.1580,true,1,292
7290010003754,false,כמון טחון בשקית תבליני תבליני מימון 50 גרם,א.ל ייצור ושיווק תבל,IL,מימון כמון טחון שקית,גרמים,50.00,100 גרם,false,,5.90,0.1180,true,1,293
7290010003761,false,כורכום טחון בשקית תבליני מימון 80 גרם,א.ל ייצור ושיווק תבל,IL,מימון כורכום טחון שק,גרמים,80.00,100 גרם,false,,5.90,0.0738,true,1,294
7290010003778,false,תיבול לגריל עוף בשקית תבליני מימון 80 גרם,א.ל ייצור ושיווק תבל,IL,מימון תיבול לגריל עו,גרמים,80.00,100 גרם,false,,5.90,0.0738,true,1,295
7290010003792,false,מלח לימון בשקית תבליני מימון 100 גרם,א.ל ייצור ושיווק תבל,IL,מימון מלח לימון שקית,גרמים,100.00,100 גרם,false,,5.90,0.0590,true,1,297
7290010003808,false,זעתר ושמשום בשקית תבליני מימון 80 גרם,א.ל ייצור ושיווק תבל,IL,מימון זעתר ושומשום ש,גרמים,80.00,100 גרם,false,,5.90,0.0738,true,1,298
7290010003822,false,פפריקה חריפה בשקית תבליני מימון 80 גרם,א.ל ייצור ושיווק תבל,IL,מימון פפריקה חריפה ש,גרמים,80.00,100 גרם,false,,5.90,0.0738,true,1,300
7290010003839,false,קינמון טחון בשקית תבליני מימון 80 גרם,א.ל ייצור ושיווק תבל,IL,מימון קינמון טחון שק,גרמים,80.00,100 גרם,false,,5.90,0.0738,true,1,301
7290010003846,false,אורגנו בשקית תבליני מימון 20 גרם,א.ל ייצור ושיווק תבל,IL,מימון אורגנו שקית 20,גרמים,20.00,100 גרם,false,,5.90,0.2950,true,1,302
7290010004348,false,פפריקה מתוקה תבליני מימון 250 גרם,א.ל ייצור ושיווק תבל,IL,מימון פ פריקה מתוקה,גרמים,250.00,100 גרם,false,,21.90,0.0876,true,1,326
7290010045006,false,עוגיות חמאה פריכות 200 גרם לחמי,קונדטוריות לחמי,IL,עוגיות חמאה פריכות ל,גרמים,200.00,100 גרם,false,,18.90,0.0945,true,1,24676
7290010045013,false,עוגיות חמאה צרפתיות 200 גרם לחמי,קונדטוריות לחמי,IL,עוגיות עם חמאה וסוכר,גרמים,200.00,100 גרם,false,,18.90,0.0945,true,1,24677
7290010045051,false,עוגיות מלבן שקדים 200 גרם לחמי,קונדטוריות לחמי,IL,עוגיות מלבן שקדים לח,גרמים,200.00,100 גרם,false,,18.90,0.0945,true,1,24679
7290010060597,false,"סרקל שמפו דר' פישר 1.250 מ""ל",פישר תעשיות,IL,סרקל שמפו לילדים 1.2,ליטרים,1.25,ליטר,false,,31.90,25.5200,true,1,320235
7290010065318,false,מחית תפוח עץ ג'וניור פרינוק 190 גרם,פרוטה פודווין איי.אס,CZ,מחית פרינוק גוניור ת,גרמים,190.00,100 גרם,false,,6.90,0.0363,true,1,3524
7290010065349,false,מחית סלט פירות ג'וניור פרינוק 190 גרם,פרוטה פודווין איי.אס,CZ,מחית פרינוק גוניור ס,גרמים,190.00,100 גרם,false,,6.90,0.0363,true,1,3527
7290010065745,false,מחית לפתן פירות ג'וניור פרינוק 190 גרם,פרוטה פודווין איי.אס,CZ,פרינוק ג'וניור לפתן,גרמים,190.00,100 גרם,false,,6.90,0.0363,true,1,3535
7290010066513,false,נתחי טונה בשמן צמחי רביעיה *158ג' פילטונה,תעשיות פילטונה,IL,נתחי טונה בשמן צמחי,גרמים,632.00,100 גרם,false,,22.90,0.0362,true,1,26586
7290010066575,false,נתחי טונה במים רביעיה *158ג' פילטונה,תעשיות פילטונה,IL,נתחי טונה במים פילטו,גרמים,632.00,100 גרם,false,,22.90,0.0362,true,1,26588
7290010066582,false,נתחי טונה בשמן קנולה רביעיה * 158 ג' פילטונה,תעשיות פילטונה,IL,נתחי טונה בשמן קנולה,גרמים,632.00,100 גרם,false,,22.90,0.0362,true,1,26589
7290010066599,false,מארז רביעיית טונה בשמן זית 4*160 גרם,תעשיות פילטונה,IL,נתחי טונה בשמן זית פ,גרמים,632.00,100 גרם,false,,26.90,0.0426,true,1,26590
7290010116980,false,אבקת שוקולית שקית עלית 850 ג',הנסיך- מפעל לייצור ט,IL,שוקולית 850 גרם,גרמים,850.00,100 גרם,false,,14.90,0.0175,true,1,22290
7290010117864,false,דוריטוס חטיף תירס בטעם חריף אש עלית 70 גרם,"שטראוס פריטו ליי בע""\מ )",IL,דוריטוס חריף אש 70 ג,גרמים,70.00,100 גרם,false,,3.90,0.0557,true,1,24173
7290010118328,false,תפוצ'יפס בטעם טבעי עלית מארז 6*40 גרם,שטראוס פריטו ליי (מל,IL,תפוצ'יפס טבעי 6*40 ג,גרמים,240.00,100 גרם,false,,12.90,0.0538,true,1,24177
7290010124107,false,סטייקבורגר זהב 400 גרם הקצביה בלדי,בלדי,IL,סטייק בורגר 400 גרם,גרמים,400.00,100 גרם,false,,15.90,0.0398,true,1,35346
7290010124503,false,שומן כבש מעובד ארוז בלדי 200גר,בלדי,IL,שומן כבש 200 גר',גרמים,200.00,100 גרם,false,,11.90,0.0595,true,1,35350
7290010129003,false,עוגיות אוזניים 600 גרם,ק.א. ומשווק בבלעדיות על,IL,עוגיות אוזניים 600גר,גרמים,600.00,100 גרם,false,,18.90,0.0315,true,1,20153
7290010129010,false,עוג.כתר במילוי ריבה 600ג,ק.א. ומשווק בבלעדיות על,IL,עוגיות ריבה 600גר,גרמים,600.00,100 גרם,false,,18.90,0.0315,true,1,20154
7290010129027,false,עוגיות מרוקאיות 600 גרם,ק.א. ומשווק בבלעדיו על י,IL,עוגיות מרוקאיות 600,גרמים,600.00,100 גרם,false,,18.90,0.0315,true,1,20155
7290010129164,false,עוג.מרוקאיות ללא סוכר300,שיבולים א.ד.ל,IL,דולצה ויטה עוגיות מר,גרמים,300.00,100 גרם,false,,19.90,0.0663,true,1,20162
7290010129287,false,עוגיות שיבולת שועל 600 ג,מיוצר על ידי ק.א. ומשווק,IL,עוגיות גרנולה 600 גר,גרמים,600.00,100 גרם,false,,18.90,0.0315,true,1,20168
7290010129294,false,עוגיות חמאה 600 גרם,דולצ'ה ויטה,IL,עוגיות חמאה 600 גרם,גרמים,600.00,100 גרם,false,,17.90,0.0298,true,1,20169
7290010129300,false,עוגיות רייף מרוקאיות 350 גרם,קונדטוריית אנגל,IL,עוגיות רייף מרוקאיות,גרמים,350.00,100 גרם,false,,17.90,0.0511,true,1,20170
7290010129324,false,עוגיות מעמול 600 גרם,ק.א. ומשווק בבלעדיות על,IL,עוגיות מעמול 600 גרם,גרמים,600.00,100 גרם,false,,18.90,0.0315,true,1,20172
7290010129348,false,עוגיות בטעם שוקולד 600גר,ק.א. ומשווק בבלעדיות על,IL,עוגיות ממולאות בטעם,גרמים,600.00,100 גרם,false,,18.90,0.0315,true,1,20173
7290010129553,false,עוגיות רולדה תמרים 600 גרם,ק.א. ומשווק בבלעדיות על,IL,עוגיות רולדה תמרים 6,גרמים,600.00,100 גרם,false,,18.90,0.0315,true,1,20179
7290010129652,false,עוגיות לקפה דולצ'ה ו,קונדטוריית אנגל,IL,עוגיות לקפה דולצ'ה ו,גרמים,350.00,100 גרם,false,,17.90,0.0511,true,1,20186
7290010129676,false,עוגיות מרוקאיות ארוך 350 גרם,קונדטוריית אנגל,IL,עוגיות מרוקאיות ארוך,גרמים,350.00,100 גרם,false,,17.90,0.0511,true,1,20188
7290010129720,false,עוגיות שמרים קינמון 400 גרם דולצה ויטה,שיבולים א.ד.ל,IL,עוגיות שמרים שניק קי,גרמים,400.00,100 גרם,false,,11.90,0.0298,true,1,20191
7290010129959,false,עוגיות שמרים 400 גרם דולצה ויטה,קונדטוריית אנגל,IL,עוגיות שמרים רוגלעך,גרמים,400.00,100 גרם,false,,11.90,0.0298,true,1,20202
7290010153503,false,שעועית בובס יבשה מיה 400 גר',מיה תעשיות מזון מ.ת.מ. ב,IL,שעועית ענק 400 גרם,גרמים,400.00,100 גרם,false,,10.90,0.0273,true,1,15031
7290010153510,false,בורגול יבש מיה 500 גר',מיה תעשיות מזון מ.ת.מ. ב,IL,בורגול מיה 500 גרם,גרמים,500.00,100 גרם,false,,5.50,0.0110,true,1,15032
7290010153527,false,ג'ריש מיה 500 גרם,מיה תעשיות מזון מ.ת.מ. ב,IL,גריש 500 גרם,גרמים,500.00,100 גרם,false,,4.90,0.0098,true,1,15033
7290010153534,false,קמח תירס מיה 400 גרם,מיה תעשיות מזון מ.ת.מ. ב,IL,קמח תירס מיה 400 גרם,גרמים,400.00,100 גרם,false,,5.90,0.0148,true,1,15034
7290010153541,false,שיבולת שועל קוואקר מהיר הכנה מיה 500 גר',מיה תעשיות מזון מ.ת.מ. ב,IL,קוואקר מהיר להכנה מי,גרמים,500.00,100 גרם,false,,6.70,0.0134,true,1,15035
7290010153688,false,חומץ רכיבים טבעיים 1 ליטר,פרידמן תעשיות חומץ ו,IL,חומץ טבעי מיה 1 ליטר,ליטרים,1.00,ליטר,false,,5.90,5.9000,true,1,15039
7290010153725,false,קונפיטורה דובדבן מיה 340 גרם,מיה תעשיות מזון מ.ת.מ. ב,IL,מיה קונפיטורה דובדבנ,גרמים,340.00,100 גרם,false,,8.90,0.0262,true,1,15042
7290010153770,false,ציפוי לשניצל פיקנטי מיה 500 גרם,מיה תעשיות מזון מ.ת.מ. ב,IL,ציפוי לשניצל פיקנטי,גרמים,500.00,100 גרם,false,,8.90,0.0178,true,1,15046
7290010153787,false,ציפוי לשניצל עם שום מיה 500 גרם,מיה תעשיות מזון מ.ת.מ. ב,IL,ציפוי לשניצל עם שום,גרמים,500.00,100 גרם,false,,8.90,0.0178,true,1,15047
7290010153794,false,ציפוי לשניצל עם עשבי תיבול מיה 500 גרם,מיה תעשיות מזון מ.ת.מ. ב,IL,ציפוי לשניצל עם עשבי,גרמים,500.00,100 גרם,false,,8.90,0.0178,true,1,15048
7290010153800,false,ציפוי לשניצל עם תיבול עדין מיה 500 גרם,מיה תעשיות מזון מ.ת.מ. ב,IL,ציפוי לשניצל עם תיבו,גרמים,500.00,100 גרם,false,,8.90,0.0178,true,1,15049
7290010153817,false,ריבת חלב אמיתי מיה 400 גרם,מיה תעשיות מזון מ.ת.מ. ב,IL,ריבת חלב מיה 400 גרם,גרמים,400.00,100 גרם,false,,12.50,0.0313,true,1,15050
7290010153879,false,ריבת חלב מרוכזת בטעם שמנת מיה 400 גר',מיה תעשיות מזון מ.ת.מ. ב,IL,ריבת חלב בטעם שמנת 4,גרמים,400.00,100 גרם,false,,12.50,0.0313,true,1,15056
7290010154005,false,סחוג תימני יוחאי ביטון 250 גרם,תבליני יוחאי ביטון,IL,סחוג תימני ירוק 250,גרמים,250.00,100 גרם,false,,13.90,0.0556,true,1,17143
7290010154012,false,לימון בלאדי כבוש תבליני ביטון 250 גרם,תבליני יוחאי ביטון,IL,לימון כבוש 250 ביטון,גרמים,250.00,100 גרם,false,,13.90,0.0556,true,1,17144
7290010154241,false,סלט חזרת ריף ביטון 250 ג',תבליני יוחאי ביטון,IL,סלט חזרת ביטון 250 ג,גרמים,250.00,100 גרם,false,,13.90,0.0556,true,1,17147
7290010154265,false,פלפל צ'ומה תבליני ביטון 250 גרם,תבליני יוחאי ביטון,IL,פלפל צ`ומה ביטון 250,גרמים,250.00,100 גרם,false,,13.90,0.0556,true,1,17148
7290010154418,false,סחוג אדום תבליני ביטון 130 גרם,תבליני יוחאי ביטון,IL,יוחאי ביטון סחוג אדו,גרמים,130.00,100 גרם,false,,8.90,0.0685,true,1,17153
7290010154678,false,אריסה מרוקאית תבליני ביטון 250 גרם,תבליני יוחאי ביטון,IL,יוחאי ביטון אריסה מר,גרמים,250.00,100 גרם,false,,13.90,0.0556,true,1,17158
7290010154685,false,סלט שום כתוש 250 ג' ביטון יוחאי,תבליני יוחאי ביטון,IL,סלט שום כתוש 250 גר',גרמים,250.00,100 גרם,false,,13.90,0.0556,true,1,17159
7290010192007,false,פטרוזיליה,,,פטרוזיליה,יח',1.00,יח',false,,3.50,3.5000,true,1,35563
7290010192014,false,שמיר,,,שמיר,יח',1.00,יח',false,,3.50,3.5000,true,1,35564
7290010192021,false,כוסברה ארוז,,,כוסברה,יח',1.00,יח',false,,3.50,3.5000,true,1,35565
7290010192038,false,שורש פטרוזיליה ארוז,,,שורש פטרוזיליה ארוז,יח',1.00,יח',false,,5.90,5.9000,true,1,35566
7290010192045,false,נענע יחידה,,,נענע יחידה,יח',1.00,יח',false,,3.50,3.5000,true,1,35567
7290010192052,false,סלרי עלים (אמריקאי),,,סלרי עלים (אמריקאי),יח',1.00,יח',false,,5.90,5.9000,true,1,35568
7290010192069,false,סלרי ראש יחידה,קטיף.,IL,סלרי ראש ארוז,יח',1.00,יח',false,,5.90,5.9000,true,1,35569
7290010192083,false,מנגולד ארוז,,,מנגולד ארוז,יח',1.00,יח',false,,6.90,6.9000,true,1,35570
7290010195268,false,פופקורן פופסטאר חמישייה מופחת שומן טבעי,פופ סטאר,US,פופסטאר פופקורן מופח,גרמים,425.00,100 גרם,false,,11.90,0.0280,true,1,5843
7290010237579,false,משקה סבן אפ קוול 500,"טמפו משקאות בע""מ",IL,סבן אפ 500 מ'ל,מיליליטרים,500.00,"100 מ""ל",false,,4.90,0.0098,true,1,9478
7290010237685,false,"הייניקן בירה צואר ארוך 330מ""ל",טמפו משקאות בע''מ,IL,היינקן בירה צואר ארו,מיליליטרים,330.00,"100 מ""ל",false,,10.30,0.0312,true,1,9483
7290010237890,false,"בירה הייניקן בקבוק 500 מ""ל חוזר",טמפו משקאות בע''מ,IL,הייניקן בירה בקבוק ח,מיליליטרים,500.00,"100 מ""ל",false,,8.50,0.0170,true,1,9488
7290010259823,false,מנת השף 70 גרם ויליפוד מרק עם נודלס בטעם עוף,נמצ'או(תאילנד) בעמ,TH,נודלס בטעם עוף מנת ה,גרמים,70.00,100 גרם,false,,4.90,0.0700,true,1,2925
7290010259830,false,מנת השף נודלס בסגנון סיני פיקנטי וילי פוד 70 גרם,נמצ'או(תאילנד) בעמ,TH,נודלס בטעם סיני פיקנ,גרמים,70.00,100 גרם,false,,4.90,0.0700,true,1,2926
7290010259847,false,מנת השף מרק עם נודלס בטעם תירס ויליפוד 70 גרם,קריות זול,TH,נודלס טעם תירס מנת ה,גרמים,70.00,100 גרם,false,,4.90,0.0700,true,1,2927
7290010259854,false,מנת השף מרק עם נודלס בטעם פטריות ויליפוד 70 גרם,נמצ'או(תאילנד) בעמ,TH,נודלס בטעם פטריות מנ,גרמים,70.00,100 גרם,false,,4.90,0.0700,true,1,2928
7290010259861,false,מנת השף מרק עם נודלס בטעם ירקות ויליפוד 70 גרם,קריות זול,TH,נודלס בטעם ירקות מנת,גרמים,70.00,100 גרם,false,,4.90,0.0700,true,1,2929
7290010259977,false,שמן קנולה מזוכך ויליפוד 1 ליטר,בונגי פולין אס.פי.זד,PL,שמן קנולה ויליפוד 1,ליטרים,1.00,ליטר,false,,10.90,10.9000,true,1,2933
7290010259991,false,צנימים מיוחדים בטעם טבעי 250 ג',קריות זול,PT,"צנימים בד""ץ וילי פוד",גרמים,250.00,100 גרם,false,,7.90,0.0316,true,1,2934
7290010279227,false,זיקוק 15 סמ 80 בקרטון 6 יחידות,,CN,זיקוק 15 ס`מ 6 יח`,יחידה,0.00,יחידה,false,,14.00,0.0000,true,1,32247
7290010429554,false,"שמן זית כתית מעולה יד מרדכי 2 קלאסי, 750 מ""ל",מכוורת יד מרדכי שטראוס ב,IL,שמן זית כתית מעולה 2,מיליליטרים,750.00,"100 מ""ל",false,,33.90,0.0452,true,1,22295
7290010439102,false,סט 3 מגבות מטבח,,,סט 3 מגבות מטבח,יחידה,0.00,יחידה,false,,12.90,0.0000,true,1,28085
7290010439287,false,מגבת ענק חלק 550 גר מנהטן,,,מגבת גוף ענק חלק,יחידה,0.00,יחידה,false,,39.90,0.0000,true,1,15468
7290010472390,false,מארז 8 יחידות מעדן דני בטעם שוקולד 1.5%,מיוצר עי קונדיטוריית,IL,מארז דני שוקולד 8*,מיליליטרים,1000.00,"100 מ""ל",false,,14.90,0.0149,true,1,23335
7290010513703,false,צ'ופסטיקס צפצפה - 20 יחידות,גולין פנגזו,IL,צ'ופסטיקס צפצפה מזרח,יחידה,0.00,יחידה,false,,6.90,0.0000,true,1,556925
7290010513727,false,פנקו פרורי לחם 200 גרם (קינגדאו),קינגדאו גוניון פודס,CN,פנקו פרורי לחם יפניי,גרמים,200.00,100 גרם,false,,7.90,0.0395,true,1,47536
7290010548514,false,קוביות עשבי תיבול לבישול איטלקי דורות 70 גרם,עיצובים 2020 (3.8),IL,דורות עשבי תיבול לבי,גרמים,70.00,100 גרם,false,,10.00,0.1429,true,1,19778
7290010617180,false,"זוג מוצצים סיליקון אורטו-'L""מרכז""",אריסטוקרט,TH,זוג מוצץ סיליקון מעו,יחידה,0.00,יחידה,false,,15.90,0.0000,true,1,1214
7290010617258,false,מוצץ סיליקון קטן לרך נולד פרח זוגי,אריסטוקרט,TH,מוצץ קצר,יחידה,0.00,יחידה,false,,16.50,0.0000,true,1,1218
7290010627004,false,טחינה גולמית מסורתית ירושלים 500 ג',"בראשית ירושלים בע""מ",IL,טחינה ירושלים 500 גר,גרמים,500.00,100 גרם,false,,14.90,0.0298,true,1,24681
7290010627844,false,טחינה גולמית שומשום מלא ירושלים 500גרם,"טחינה ירושליים בע""מ",IL,טחינה ירושלים 500 מל,גרמים,500.00,100 גרם,false,,14.90,0.0298,true,1,24684
7290010632534,false,כוסות + מכסים - מארז 6 יח',מולינו ניקולי s.p.a,CN,נובי -כוס ומכסה 6 יח,יחידה,0.00,יחידה,false,,29.90,0.0000,true,1,929
7290010650019,false,אנדיב בלגי אמיתי חוות תקוע,מרינה פטריות הגליל,IL,עולש אנדיב בלגי חוות,יח',1.00,יח',false,,13.90,13.9000,true,1,47825
7290010650033,false,בצלצלי שאלוט תקוע אר,חוות פטריות תקוע,NL,בצלצלי שאלוט,גרמים,350.00,100 גרם,false,,14.90,0.0426,true,1,50931
7290010650354,false,שורש כורכום טרי חוות תקוע 120 גרם,פסטה לנסי,IL,שורש כורכום טרי,יח',1.00,יח',false,,14.90,14.9000,true,1,49827
7290010650408,false,בצלצלי פנינה תקוע יח,פסטה לנסי,IL,בצלצלי פנינה תקוע,גרמים,500.00,100 גרם,false,,12.40,0.0248,true,1,42321
7290010650415,false,עגבניות מיובשות 200 גרם תקוע,חוות פטריות תקוע,TR,עגבניות לחות 200 גר',גרמים,200.00,100 גרם,false,,13.90,0.0695,true,1,50943
7290010690138,false,ברוקולי ארוז גן ירוק,חקלאי,IL,ברוקולי ארוז,יח',1.00,יח',false,,9.90,9.9000,true,1,41536
7290010711031,false,מברשת אבק גדולה 1522,מ.א. ייצור ויבוא מטליות,TR,מברשת אבק גדולה 1522,יחידה,0.00,יחידה,false,,14.90,0.0000,true,1,13482
7290010711208,false,שייני גליל מטליות צהוב 33 יח',נועם אורים תעשיות בע,IL,SHINY גליל מטליות 33,יחידה,0.00,יחידה,false,,19.00,0.0000,true,1,13489
7290010711543,false,כף אשפה + גומי SHINY,שייני Shiny,IT,כף אשפה + גומי SHINY,יחידה,0.00,יחידה,false,,5.90,0.0000,true,1,13498
7290010711550,false,דלי שטיפה עם פיה ( 1,,IL,דלי שטיפה עם פיה ( 1,יחידה,0.00,יחידה,false,,11.90,0.0000,true,1,13499
7290010711864,false,מטאטא משובח,,TR,מטאטא משובח,יחידה,0.00,יחידה,false,,22.90,0.0000,true,1,13504
7290010711901,false,מטליות מיקרו רצפה שייני,מ.א ייצור ושיווק מטל,CN,שייני מטליות מיקרופי,יחידה,0.00,יחידה,false,,15.90,0.0000,true,1,13505
7290010711918,false,שייני מטליות מיקרופייבר לניקוי כללי חמישיה,נועם אורים,IL,מ.א מטליות מיקרופייב,יחידה,0.00,יחידה,false,,6.90,0.0000,true,1,13506
7290010711932,false,מטליות רב שימושיות פרימיום שייני 9 יחידות,נועם אורים תעשיות בע,IL,מארז 9 מטליות שייני.,יחידה,0.00,יחידה,false,,6.90,0.0000,true,1,13507
7290010718634,false,"פנינה רוזנבלום -אל סבון נוזלי לבן,1 ליטר",פנינה רוזנבלום,IL,אל סבון נוזלי לבן פנ,יחידה,0.00,יחידה,false,,8.90,0.0000,true,1,18146
7290010720163,false,נבטי ברוקולי אורגניים,,IL,נבטי ברוקולי אורגני,יח',1.00,יח',false,,11.90,11.9000,true,1,47218
7290010748891,false,אפקטיב קר קרם גוף מולטי ויטמין לעור רגיל יבש ח 7,פישר מעבדות פרמצבטיות בע,IL,אפקטיב קר ק.גוף רגיל,מיליליטרים,700.00,"100 מ""ל",false,,33.90,0.0484,true,1,29120
7290010760749,false,"מארז שישיית לחמניות כשל""פ",מאפיית אריאל,IL,לחמניות במארז שישיה,גרמים,360.00,100 גרם,false,,16.90,0.0469,true,1,51572
7290010766697,false,רוטב שקשוקה אוליביה 415 גרם,קריות זול,IL,אוליביה רוטב שקשוקה,גרמים,415.00,100 גרם,false,,12.90,0.0311,true,1,51995
7290010766949,false,ממרח תחתיות ארטישוק 180ג' אוליביה,אוליביה,IL,אוליביה ממרח ארטישוק,גרמים,180.00,100 גרם,false,,13.90,0.0772,true,1,51997
7290010838219,false,ממתיק על בסיס צמח הסטיביה - שקיות,"קיפל טבליות וממתיקים בע""מ",IL,סטיביה 100 שקיות,גרמים,100.00,100 גרם,false,,27.90,0.2790,true,1,5846
7290010838431,false,ג'ל לניקוי מתקדם בניחוח ים - מארז זוג,מיוצר עי קונדיטוריית,NL,דאק ג'ל נוזל 750 זוג,ליטרים,1.50,ליטר,false,,15.90,10.6000,true,1,5848
7290010849789,false,יין מבעבע קאווה די מארמו Cave Di Marmo,קאויקיולי,ES,קוויקיולי קאווה די מ,מיליליטרים,750.00,"100 מ""ל",false,,24.90,0.0332,true,1,7347
7290010883356,false,כפפות אלוורה רב שימושיות גדולות L סנו סושי,סנו סושי,CN,סנו סושי זוג כפפות א,יחידה,0.00,יחידה,false,,9.90,0.0000,true,1,30109
7290010883363,false,כפפות אלוורה רב שימושיות קטנות S סנו סושי,האי נאם סי או אל.טי.,CN,סנו סושי זוג כפפות א,יחידה,0.00,יחידה,false,,9.90,0.0000,true,1,30110
7290010886210,false,"סט 4 זיקוק עבה צבועני 18 ס""מ",,,סט 4 זיקוק עבה צבעונ,יחידה,0.00,יחידה,false,,19.00,0.0000,true,1,32255
7290010931330,false,סלט מטבוחה אחלה 500 גרם,מיוצר עי קונדיטוריית,IL,אחלה מטבוחה 500ג,גרמים,500.00,100 גרם,false,,14.50,0.0290,true,1,23337
7290010945146,false,קוטג' 3% מועשר בסידן טרה 250 ג' מהדרין,קריות זול,IL,טרה קוטג מועשר 3% 25,גרמים,250.00,100 גרם,false,,5.60,0.0224,true,1,6413
7290010945306,false,חלב בקרטון 3% 2 ליטר טרה,הפריט בפיקוח,IL,טרה חלב בקרטון 3% 2,ליטרים,2.00,ליטר,false,,12.46,6.2300,true,1,6414
7290010945450,false,גבינה לבנה 3% 250 גר מועשר בסידן וויטמין,הפריט בפיקוח,IL,טרה גבינה לבנה מהדרי,גרמים,250.00,100 גרם,false,,4.98,0.0199,true,1,6416
7290010945481,false,גבינה לבנה טרה 5% מרכיבים טבעיים,הפריט בפיקוח,IL,טרה גבינה לבנה 5% 50,גרמים,500.00,100 גרם,false,,9.96,0.0199,true,1,6417
7290011015862,false,"פריגת סירופ דיאט לימונענע 750 מ""ל",סירופ - גבעת חיים,IL,סירופ דיאט לימונענע,מיליליטרים,750.00,"100 מ""ל",false,,21.60,0.0288,true,1,7010
7290011017866,false,קוקה קולה קלאסי בפחית,החברה המרכזית לייצור משקאות,IL,קוקה קולה פחית סליק,מיליליטרים,330.00,"100 מ""ל",false,,5.50,0.0167,true,1,7031
7290011017873,false,"פחיות קוקה קולה זירו 330 מ""ל",החברה המרכזית לייצור משקאות,IL,ZERO קולה פחית סליק,מיליליטרים,330.00,"100 מ""ל",false,,5.50,0.0167,true,1,7032
7290011018368,false,ויינשטפן בירת חיטה לא מסוננת,"ויינשטפן, ת.ד 1155 פ",DE,ויינשטפן בירה לבנה 6,ליטרים,1.98,ליטר,false,,71.70,36.2121,true,1,7049
7290011018443,false,"פנטה אורנג פחית סליק 330 מ""ל",החברה המרכזית לייצור משקאות,IL,פאנטה אורנג פחית סלי,מיליליטרים,330.00,"100 מ""ל",false,,5.50,0.0167,true,1,7053
7290011064075,false,מעדן לבנה מסבחה -אבו גוש 200 גרם,גבינות אמיר ניצן בעמ,IL,ניצן אבו גוש מעדן לא,גרמים,200.00,100 גרם,false,,13.10,0.0655,true,1,6163
7290011064099,false,ירקות או פרות ממולאים במעדן גבינה ניצן 125 גרם,גבינות אמיר ניצן בעמ,IL,נועם פלפלוני שרי ממו,גרמים,125.00,100 גרם,false,,19.90,0.1592,true,1,6164
7290011110000,false,חסה רומית שלמה יחידה,יגור חקלאות ועסקים,IL,חסה רומית שלמה,גרמים,430.00,100 גרם,false,,9.90,0.0230,true,1,47830
7290011110024,false,חסה סלנובה יח,,,חסה סלנובה,יח',1.00,יח',false,,12.90,12.9000,true,1,47832
7290011110031,false,לבבות חסה,,,לבבות חסה,יח',1.00,יח',false,,10.90,10.9000,true,1,47833
7290011110048,false,פלפל סוויט בייט,,,פלפל סוויט בייט,גרמים,220.00,100 גרם,false,,9.90,0.0450,true,1,234253
7290011110055,false,שעועית ירוקה טרייה יחידה,משק יגור,IL,פלפל רומרו מארז,יח',1.00,יח',false,,9.90,9.9000,true,1,234254
7290011110079,false,בזיליקום.,,,בזיליקום.,יח',1.00,יח',false,,6.90,6.9000,true,1,47835
7290011110093,false,עלי מנגולד,,,מנגולד,גרמים,250.00,גרם,false,,7.90,0.0316,true,1,47837
7290011110116,false,תרד ניו-זילנדי,,,תרד ניו-זילנדי,גרמים,200.00,גרם,false,,9.90,0.0495,true,1,47839
7290011110130,false,רוקולה גדול,,,רוקולה,יח',1.00,יח',false,,9.90,9.9000,true,1,47841
7290011110215,false,מלפפון בייבי,,,מלפפון בייבי,גרמים,350.00,100 גרם,false,,9.90,0.0283,true,1,234255
7290011115173,false,נקה 7 ארומה סבון נוזלי וניל 1 ל',טרופיקל דגיל תעשיות,IL,תחליב רחצה וניל שקד,יחידה,0.00,יחידה,false,,13.90,0.0000,true,1,30127
7290011115258,false,אל סבון מוצק מבושם בניחוח עדין קלאסיק - מארז רביעיה,"גליל כימיכלים בע""מ",IL,סבון מוצק ירוק נקה 7,גרמים,400.00,100 גרם,false,,10.90,0.0273,true,1,30130
7290011115289,false,אל סבון מוצק מבושם בניחוח עדין קלאסיק - מארז רביעיה,"גליל כימיכלים בע""מ",IL,סבון מוצק לילך נקה 7,גרמים,400.00,100 גרם,false,,10.90,0.0273,true,1,30133
7290011126209,false,הגן הקסום תה טעם תפוח וקינמון סיידר ויסוצקי 25 יח',תה ויסוצקי,IL,תה הגן הקסום תפוח וק,גרמים,55.00,100 גרם,false,,17.90,0.3255,true,1,24685
7290011126452,false,הגן הקסום תה בטעם קמומיל ונענע ויסוצקי 25 יחידות,תה ויסוצקי,IL,תה קמומיל ונענע 1.5ג,גרמים,37.50,100 גרם,false,,17.90,0.4773,true,1,24693
7290011126469,false,חליטת צמחים וקמומיל הגן הקסום ויסוצקי 25 יחידות,תה ויסוצקי,IL,תה קמומיל ודבש 1.5גר,גרמים,37.50,100 גרם,false,,17.90,0.4773,true,1,24694
7290011126957,false,תה ירוק ויסוצקי ארל גריי 25 שקיקים,ויסוצקי ירוק,IL,תה ירוק ארל גריי T.T,גרמים,37.50,100 גרם,false,,23.90,0.6373,true,1,24699
7290011131050,false,גרנולה בתוספת פקאן 1 קילו גרין,ויטליאה ניקולה דו,MK,גרנולה פקאן גרין 1 ק,קילוגרמים,1.00,"ק""ג",false,,19.90,19.9000,true,1,13809
7290011131371,false,"מוזלי שקדים ואגוזים 1 ק""ג גרין",ויטליאה ניקולה דו,MK,מיזלי קראנצ' שקדים ג,קילוגרמים,1.00,"ק""ג",false,,24.90,24.9000,true,1,13815
7290011131388,false,מיזלי 1 קג קרנצ תפוח&קינמ,ויטליאה ניקולה דו,MK,מיזלי קראנצ' תפוח קי,קילוגרמים,1.00,"ק""ג",false,,24.90,24.9000,true,1,13816
7290011131395,false,"מוזלי בתוספת 30% פירות 1 ק""ג גרין",ויטליאה ניקולה דו,MK,מיזלי קראנצ' 30% פיר,קילוגרמים,1.00,"ק""ג",false,,24.90,24.9000,true,1,13817
7290011131654,false,מוזלי קראנצ'י ביג מיקס עם פירות ואגוזים,ויטליה ניקולא דו,MK,מיזלי ביג מיקס גרין,קילוגרמים,1.00,"ק""ג",false,,24.90,24.9000,true,1,13820
7290011131968,false,"גרנולה בתוספת שקדים ואגוזים גרין 1 ק""ג",ויטליה ניקולא דו,MK,גרנולה אגוזים בתוספת,קילוגרמים,1.00,"ק""ג",false,,19.90,19.9000,true,1,13824
7290011131975,false,גרנולה בתוספת פירות מיובשים ומסוכרים,ויטליאה ניקולה דו,MK,גרנולה פירות בתוספת,קילוגרמים,1.00,"ק""ג",false,,19.90,19.9000,true,1,13825
7290011133375,false,בירה שנדי בתוספת משקה אפרסק - שישייה,"טמפו משקאות בע""מ",IL,מכבי שנדי אפרסק בקבו,ליטרים,1.98,ליטר,false,,30.90,15.6061,true,1,9505
7290011148911,false,פלפלים מתוקים טינקרב,מרינה פטריות הגליל,IL,פלפלים מתוקים טינקרב,גרמים,300.00,100 גרם,false,,9.90,0.0330,true,1,35573
7290011148942,false,שרי עגבניות - מיקס,,,שרי עגבניות - מיקס,יח',1.00,יח',false,,11.90,11.9000,true,1,35574
7290011153885,false,נייר אכיל ממותג דיסני,שמחה זה אנחנו,,נייר אכיל לעוגה ממות,יחידה,0.00,יחידה,false,,16.00,0.0000,true,1,32257
7290011194215,false,מעדן גבינה ויוגורט בטעם בננה 5% שומן 88 ג' דניאלה,"שטראוס בריאות בע""מ",IL,"דניאלה בננה 150 מ""ל",מיליליטרים,150.00,"100 מ""ל",false,,4.10,0.0273,true,1,23338
7290011194246,false,קוטג' 5% עם סידן 250 ג' שטראוס,מיוצר עי קונדיטוריית,IL,קוטג שטראוס 5% עם סי,גרמים,250.00,100 גרם,false,,5.90,0.0236,true,1,23339
7290011223038,false,בונומי עלים לקרמשניט שכבות אפויות מבצק עלים 300 גרם,בונומי ס.פ.א,IT,בונומי עלים לקרמשניט,גרמים,300.00,100 גרם,false,,14.90,0.0497,true,1,5854
7290011236649,false,"נטיפי שוקולד ציפס אמיתי 300 גר' 54% מוצקי קקאו (בד""ץ)",קריות זול,IL,שוקולד צ'יפס בלגי שק,גרמים,300.00,100 גרם,false,,9.90,0.0330,true,1,4656
7290011240837,false,"יין שאטו דה למר מרלו יקבי ציון 750 מ""ל",יקבי ציון,IL,יין שאטו דה למר מרלו,מיליליטרים,750.00,"100 מ""ל",false,,19.90,0.0265,true,1,11986
7290011249748,false,רולים גלילי ופל במילוי קרם שוקולד 100 ג' עלמה,"גילרו בע""מ",IL,גילרו רולים שוקו 100,גרמים,100.00,100 גרם,false,,3.90,0.0390,true,1,41309
7290011249755,false,רולים גלילי ופל במילוי קרם אגוזים 100 ג' עלמה,"גילרו בע""מ",IL,רולים אגוז 100 גרם,גרמים,100.00,100 גרם,false,,3.90,0.0390,true,1,41310
7290011254018,false,שעועית מש מיה 500 גר',מיה תעשיות מזון מ.ת.מ. ב,IL,שעועית מש 500 גרם,גרמים,500.00,100 גרם,false,,8.90,0.0178,true,1,15062
7290011254032,false,קינואה מיה 500 גרם,מיה תעשיות מזון מ.ת.מ. ב,IL,קינואה 500 גרם,גרמים,500.00,100 גרם,false,,12.90,0.0258,true,1,15064
7290011254254,false,נטיפי שוקולד צ'יפס בטעם שוקולד מיה 300 גרם,"מיה תעשיות מזון בע""מ",IL,שוקולד ציפס 300גר,גרמים,300.00,100 גרם,false,,8.90,0.0297,true,1,15084
7290011254469,false,סוכריות ללא תוספת סוכר בטעם לימון מיה 80 גרם,מיה תעשיות מזון מ.ת.מ. ב,IL,סוכריות ללא סוכר לימ,גרמים,80.00,100 גרם,false,,5.90,0.0738,true,1,15093
7290011254476,false,סוכריות ללא תוספת סוכר בטעם תפוז מיה 80 גרם,מיה תעשיות מזון מ.ת.מ. ב,IL,סוכריות ללא סוכר תפו,גרמים,80.00,100 גרם,false,,5.90,0.0738,true,1,15094
7290011254490,false,סוכריות ללא תוספת סוכר בטעם פירות יער מיה 80 גרם,מיה תעשיות מזון מ.ת.מ. ב,IL,סוכריות ללא סוכר טעם,גרמים,80.00,100 גרם,false,,5.90,0.0738,true,1,15096
7290011254728,false,ג'לטין טהור בקרטוני מיה 25 גרם,מיה תעשיות מזון מ.ת.מ. ב,IL,ג'לטין טהור 25 גר' ב,גרמים,25.00,100 גרם,false,,9.90,0.3960,true,1,15103
7290011254766,false,"שעועית לוביה יבשה מיה 400 גר'בד""צ",מיה תעשיות מזון מ.ת.מ. ב,IL,שעועית לוביה 400 גרם,גרמים,400.00,100 גרם,false,,8.90,0.0223,true,1,15105
7290011254773,false,שעועית ארגנטינאית מיה 500 גרם,מיה תעשיות מזון מ.ת.מ. ב,IL,שעועית ארגנטינאית 50,גרמים,500.00,100 גרם,false,,8.90,0.0178,true,1,15106
7290011254780,false,"שעועית ארגנטינאית יבשה מיה 1 ק""ג",מיה תעשיות מזון מ.ת.מ. ב,IL,מיה שעועית ארגנטינאי,קילוגרמים,1.00,"ק""ג",false,,15.90,15.9000,true,1,15107
7290011312381,false,פטריות חורש למנגל 320 ג',"מרינה פטריות הגליל בע""מ",IL,פורטבלה על אש מרינה,גרמים,300.00,100 גרם,false,,15.90,0.0530,true,1,46583
7290011378257,false,חטיף חלבה בטעם וניל ללא תוספת סוכר בתוספת פיסטוק ופקאן,"רושדי תעשיות מזון בע""\מ",IL,בארכה חטיף חלבה פקאן,גרמים,120.00,100 גרם,false,,11.90,0.0992,true,1,18742
7290011378769,false,חטיף חלווה וניל בארכה 126 גרם מארז 7 יחידות,"רושדי תעשיות מזון בע""\מ",IL,בארכה בקטנה מאגדת ונ,גרמים,120.00,100 גרם,false,,11.90,0.0992,true,1,18746
7290011378776,false,חטיף חלווה פיסטוק בארכה 126 גרם מארז 7 יחידות,"רושדי תעשיות מזון בע""\מ",IL,בארכה בקטנה מאגדת פי,גרמים,120.00,100 גרם,false,,11.90,0.0992,true,1,18747
7290011379018,false,מארז משפחתי שמפיניון 500 ג' מרינה,מרינה פטריות הגליל,IL,פטריות צמד חמד,גרמים,500.00,100 גרם,false,,15.90,0.0318,true,1,41538
7290011438142,false,"משקה יטבתה אייס קפה בבקבוק אישי 350 מ""ל",שטראוס גרופ,IL,יטבתה אייס קפה בבקבו,מיליליטרים,350.00,"100 מ""ל",false,,6.50,0.0186,true,1,23345
7290011447267,false,מטרנה פרימיום חלבי שלב 1 700 גרם חיסכון,מטרנה תעשיות ש.מ,IL,מטרנה חלבי שלב 1 70,גרמים,700.00,100 גרם,false,,48.90,0.0699,true,1,18755
7290011447281,false,מטרנה פרימיום חלבי שלב 2 700 גרם חיסכון,מטרנה תעשיות ש.מ,IL,מטרנה חלבי שלב 2 70,גרמים,700.00,100 גרם,false,,48.90,0.0699,true,1,18756
7290011447304,false,מטרנה פרימיום חלבי שלב 3 700 גרם חיסכון,מטרנה תעשיות ש.מ,IL,מטרנה חלבי שלב 3 12*,גרמים,700.00,100 גרם,false,,48.90,0.0699,true,1,18757
7290011447359,false,תחליף חלב מטרנה מהדרין שלב 1 חלבי 700 גרם,מולינו ניקולי s.p.a,IL,מטרנה מהדרין שלב 1,גרמים,700.00,100 גרם,false,,49.90,0.0713,true,1,18759
7290011447373,false,תחליף חלב מטרנה מהדרין שלב 2 חלבי 700 גרם,מטרנה תעשיות ש.מ,IL,מטרנה מהדרין שלב 2,גרמים,700.00,100 גרם,false,,49.90,0.0713,true,1,18760
7290011461058,false,גומא - מקלות ריחניים,יושלם,,גומא - מקלות ריחניים,יחידה,0.00,יחידה,false,,20.00,0.0000,true,1,14277
7290011499051,false,פטה כבשים מסורתית 20% בגביע 250 גרם - רובין,MKN עבור מחלבות גד ב,IL,גד פטה כבשים גביע 20,גרמים,250.00,100 גרם,false,,26.90,0.1076,true,1,14669
7290011499105,false,בולגרית מסורתית 5% 250 גרם -רבנות,ג'נרל מילס סאן אדריא,IL,גד בולגרית 5% 250ג,גרמים,250.00,100 גרם,false,,23.90,0.0956,true,1,14670
7290011499112,false,בולגרית מסורתית 16% 250 גרם - רבנות,"מיוצר ע""י dsh",IL,גד בולגרית 16% 250ג,גרמים,250.00,100 גרם,false,,23.90,0.0956,true,1,14671
7290011499129,false,בולגרית מעודנת קוביות קטנות 5% 200 גרם - רבנות,קוד יצרן DSH,IL,גד בולגרית מעודנת קו,גרמים,200.00,100 גרם,false,,22.90,0.1145,true,1,14672
7290011499303,false,פטה עיזים מעודנת 5% בגביע 250 גרם - רבנות,ג'נרל מילס סאן אדריא,IL,פטה עיזים מעודנת 5%,גרמים,250.00,100 גרם,false,,33.10,0.1324,true,1,14675
7290011499327,false,גבינה בולגרית מעודנת 5% 250 גרם - רבנות,מיוצר על ידי DSH עבו,IL,גד בולגרית בקר מעודנ,גרמים,250.00,100 גרם,false,,23.90,0.0956,true,1,14676
7290011499341,false,גבינת קשקבל ארוז 26 אחוז 250גרם גד,הנסיך- מפעל לייצור ט,IL,קשקבל מחלבות גד 200,גרמים,250.00,100 גרם,false,,28.50,0.1140,true,1,14678
7290011499365,false,גד חלומי 24% 200 גרם רובין,"מחלבות גד בע""\מ",IL,גד חלומי 24% 200ג,גרמים,200.00,100 גרם,false,,22.40,0.1120,true,1,14680
7290011499419,false,גבינה במרקם שמנת בטעם טבעי 5% ניו יורק,גבינות מדף,IL,גבינה במרקם שמנת 5%,גרמים,200.00,100 גרם,false,,12.30,0.0615,true,1,14682
7290011499525,false,גבינת לאבנה דרוזית 9% גד 500 גרם,מחלבות גד בעמ,IL,גד לאבנה דרוזית 9% 5,גרמים,500.00,100 גרם,false,,21.90,0.0438,true,1,14683
7290011499624,false,שמנת 30% ניו יורק טבעי 200 גרם רבנות,גבינות מדף,IL,גד ניו יורק גבינת שמ,גרמים,200.00,100 גרם,false,,14.10,0.0705,true,1,14685
7290011499846,false,גבינת ריקוטה פרסקה 9% גד 300 גרם,מחלבות גד בעמ,IL,גד ריקוטה פרסקה 5% 3,גרמים,300.00,100 גרם,false,,18.50,0.0617,true,1,14696
7290011505417,false,נובי כוס אימון עם פי,,,נובי כוס אימון עם פי,יחידה,0.00,יחידה,false,,25.90,0.0000,true,1,946
7290011505585,false,טוליפס סט סינרים לתי,,,טוליפס סט סינרים לתי,יחידה,0.00,יחידה,false,,39.90,0.0000,true,1,953
7290011505806,false,קיסמי שיניים דנטאליים מפלסטיק 200 יחידות בחבית,הוסטס Hostess,CN,קיסמי שיניים פלסטיק,יחידה,0.00,יחידה,false,,9.90,0.0000,true,1,965
7290011515683,false,מאגדת טילון אקסטרים וניל נסטלה 6 יחידות,תות תעשיות מזון (201,IL,אקסטרים וניל מאגדת 6,גרמים,432.00,100 גרם,false,,33.90,0.0785,true,1,16108
7290011515911,false,שלגונים מופחתי קלוריות בטעם ריבת חלב - 6 יח',גלידות נסטלה )נגה גלידות,IL,מאגדת לייט ריבת חלב,גרמים,312.00,100 גרם,false,,27.90,0.0894,true,1,16109
7290011518561,false,"אקטימל תות 1.51 ק""ג מארז 14 יחידות",מיוצר עי קונדיטוריית,IL,אקטימל תות משפחתי 14,ליטרים,1.40,ליטר,false,,29.90,21.3571,true,1,23350
7290011525729,false,שמפו לתינוק קמיל בלו סנסטיב לפני השינה עם לבנדר וקמומיל,פישר מעבדות פרמצבטיות בע,IL,קמיל בלו סנסיטיב לפנ,יחידה,0.00,יחידה,false,,33.90,0.0000,true,1,29137
7290011530488,false,שייק איט 450 גר saturday מיקס פירות קפוא,"הבו-קדו בע""מ",IL,שייק איט(3*150 גר')-,גרמים,450.00,100 גרם,false,,30.90,0.0687,true,1,107995
7290011530525,false,מיקס פירות קפואים שייק איט צהוב - 3*150 ג',"הבו-קדו בע""מ",IL,שייק איט יום שלישי 4,גרמים,450.00,100 גרם,false,,30.90,0.0687,true,1,72950
7290011530549,false,מיקס פירות קפואים שייק איט ורוד - 3*150 ג',"הבו-קדו בע""מ",IL,שייק איט יום ראשון 4,גרמים,450.00,100 גרם,false,,30.90,0.0687,true,1,72952
7290011530730,false,מיקס פירות קפואים שייק איט חום - 3*150 ג',"הבו-קדו בע""מ",IL,שייק איט יום חמישי 4,גרמים,450.00,100 גרם,false,,30.90,0.0687,true,1,72953
7290011530945,false,קרפצ'יו עגל פרימיום 210 גרם בלדי,בלדי,IL,קרפציו עגל 210 גר',גרמים,210.00,100 גרם,false,,40.90,0.1948,true,1,35352
7290011553456,false,קרוטונים למרק שקית,,,קרוטונים למרק שקית,גרמים,400.00,100 גרם,false,,14.90,0.0373,true,1,591306
7290011575007,false,"הפי מרסס שומר ברק למקלחון 750 מ""ל",יעקובי הפי,DE,הפי-מרסס לאמבט חדש 7,מיליליטרים,750.00,"100 מ""ל",false,,18.90,0.0252,true,1,11324
7290011587093,false,תירס גמדי שלם במי מלח480,פוג'אן טונגפה,CN,תירס גמדי תומר 400 ג,גרמים,400.00,100 גרם,false,,5.90,0.0148,true,1,25016
7290011587444,false,מוזלי קראנצי בתוספת פירות ויטליה 600 גרם,Vitalia nikola ltd,MK,מוזלי קראנצי פירות ת,גרמים,600.00,100 גרם,false,,13.90,0.0232,true,1,25027
7290011587468,false,מוזלי קראנצי בתוספת אגוזים ויטליה 600 גרם,Vitalia nikola ltd,MK,מוזלי קראנצ + אגוז ת,גרמים,600.00,100 גרם,false,,13.90,0.0232,true,1,25029
7290011593087,false,"שמן זית כתית מעולה 750 מ""ל סבא חביב",סאן אויל עיבוד ושיוו,IL,סבא חביב שמן זית כתי,מיליליטרים,750.00,"100 מ""ל",false,,30.90,0.0412,true,1,275090
7290011593742,false,"שמן זית פיקואל 750 מ""ל סבא חביב",,,שמן זית פיקואל הסדרה,מיליליטרים,750.00,"100 מ""ל",false,,42.90,0.0572,true,1,573857
7290011598211,false,"סנו - אנטי קאלק מרסס ניקוי כללי 4 ב-1 700 מ""ל",מיוצר עי קונדיטוריית,IL,מנקה כללי אנטיקאלק 7,מיליליטרים,700.00,"100 מ""ל",false,,17.90,0.0256,true,1,30144
7290011598259,false,"פרש מטהר אוויר אוטומטי בניחוח מאסק סנו 250 מ""ל",סנו מפעלי ברונוס בעמ,IL,סנו פרש אוטומטיק מאס,מיליליטרים,250.00,"100 מ""ל",false,,13.90,0.0556,true,1,30145
7290011598372,false,מטלית מיקרופייבר פרופשיונל לרצפה סנו סושי,סנו סושי,IL,סנו סושי מטלית מיקרו,יחידה,0.00,יחידה,false,,12.90,0.0000,true,1,30147
7290011598402,false,מקסימה מרכך כביסה ארומתרפי מאסק סנו 4 ליטר,"סנו מפעלי ברונוס בע""\מ",IL,מרכך כביסה סנו מקסימ,ליטרים,4.00,ליטר,false,,22.90,5.7250,true,1,30148
7290011599836,false,משפר אפיה טבעי 100 ג' רובינפלד,"סופר קמח רובינפלד בע""מ",IL,משפר אפיה רובינפלד 1,גרמים,100.00,100 גרם,false,,10.90,0.1090,true,1,36817
7290011607197,false,"קולון 101 אבקת כביסה 5 ק""ג",רקיט בנקיזר,IL,"קולון 101 5 ק""ג",קילוגרמים,5.00,"ק""ג",false,,39.90,7.9800,true,1,20888
7290011615260,false,"טורטייה 20 ס""מ קוטר וילי פוד 540 גר",מוטלוקל גידה סאנאי ט,TR,"עלי טורטיה בד""ץ וילי",גרמים,540.00,100 גרם,false,,8.90,0.0165,true,1,2944
7290011615277,false,"עלי טורטיוה קמח חיטה 25ס""מ 12יח' ויליפוד 840 ג'",מוטלוקל גידה סאנאי ט,TR,"עלי טורטיה בד""ץ וילי",גרמים,840.00,100 גרם,false,,14.90,0.0177,true,1,2945
7290011618483,false,רייד קוטל יתושים חשמלי - 90 לילות,"איטיליאן פוד, אס.פי.",CN,רייד קוטל יתושים חשמ,יחידה,0.00,יחידה,false,,43.90,0.0000,true,1,5893
7290011622428,false,כתמטמינים-חטיף בריאות לתינוקות וילדים 45 ג',מיוצר עבור גולדן האר,IL,כתמטמינים-חטיף בריאו,גרמים,100.00,100 גרם,false,,5.90,0.0590,true,1,3591
7290011659073,false,מגשית קוביות שום כתו,,,קוביות שום קפוא 80 ג,גרמים,80.00,100 גרם,false,,9.90,0.1238,true,1,163996
7290011723200,false,טחינה הר ברכה 100% שומשום טהור 500 גר,טחינה הר ברכה בעמ,IL,טחינה הר ברכה טחינה,גרמים,500.00,100 גרם,false,,19.90,0.0398,true,1,41319
7290011765095,false,קרמה מן גל גילוח אלוורה ירוק 200 מל,טרופיקל דגיל תעשיות,TR,ג'ל גילוח לעור עדין,מיליליטרים,200.00,"100 מ""ל",false,,10.90,0.0545,true,1,30152
7290011765408,false,"בוב ספוג שמפו ומרכך לשיער לסירוק קל כיף 750 מ""ל",קוסמופארם בע''מ,IL,שמפו+מרכך כיף בוב ספ,מיליליטרים,750.00,"100 מ""ל",false,,11.90,0.0159,true,1,30166
7290011765446,false,משחת שיניים לילדים בוב ספוג בטעם מיץ ענבים עם פלואוריד למניעת עששת,טרופיקל דגיל תעשיות קוסמ,IL,משחת שיניים בוב ספוג,מיליליטרים,50.00,"100 מ""ל",false,,7.90,0.1580,true,1,30169
7290011765620,false,"נוזל כלים סנו גרין פאוור אקולוגי 750 מ""ל",סנו מפעלי ברונוס בעמ,IL,"נוזל כלים 750 מ""ל GR",מיליליטרים,750.00,"100 מ""ל",false,,9.90,0.0132,true,1,71667
7290011800840,false,רפי כהן סלט טחינה בלאדי צבר 400 גרם,רפי כהן / צבר,IL,צבר רפי כהן טחינה בל,גרמים,400.00,100 גרם,false,,15.40,0.0385,true,1,19791
7290011877088,false,"רדיד אלומיניום רוחב 30 ס""מ, 18 מיקרון - מארז זוג",בורסה פאזרי,TR,סנו סושי צמד רדידי א,מטרים,15.00,מטר,false,,16.90,1.1267,true,1,30172
7290011877859,false,סנו אינסטלטור חדש פותח סתימות 200ג',מיוצר עי קונדיטוריית,IL,סנו אינסטלטור פותח ס,מיליליטרים,200.00,"100 מ""ל",false,,15.90,0.0795,true,1,30182
7290011877866,false,"מקסימה אבקת כביסה בניחוח מאסק סנו 6 ק""ג","סנו מפעלי ברונוס בע""\מ",IL,אבקת כביסה סנו מקסימ,קילוגרמים,6.00,"ק""ג",false,,49.90,8.3167,true,1,30183
7290011947309,false,זיתים מצוננים סורי מבוקע ולימון כבוש זיתא 230 ג',זיתא – י.ט.ב תעשיות,IL,זית סורי מבוקע עם לי,גרמים,215.00,100 גרם,false,,13.90,0.0647,true,1,24705
7290011947316,false,זיתא זיתי קלמטה בשמן זית כתית מעולה 215ג,זיתא - י.ט.ב תעשיות,IL,זיתי קלמטה זיתא 215,גרמים,215.00,100 גרם,false,,13.90,0.0647,true,1,24706
7290011947743,false,זיתים זיתא מיקס זית ירוק וזית קלמטה 215 גרם,זיתא - י.ט.ב תעשיות,IL,מיקס זית ירוק וזית ק,גרמים,215.00,100 גרם,false,,13.90,0.0647,true,1,24727
7290011947781,false,מיקס זית ירוק וזית קלמטה ללא גלעין עם שמן זית כתית מעולה,זיתא - י.ט.ב תעשיות,IL,מיקס זית ירוק קלמטה,גרמים,190.00,100 גרם,false,,13.90,0.0732,true,1,126281
7290011947798,false,זית קלמטה ללא גלעין עם שמן זית כתית מעולה,זיתא - י.ט.ב תעשיות,IL,זית קלמטה ללא גלעין,גרמים,190.00,100 גרם,false,,13.90,0.0732,true,1,126282
7290011947903,false,מיקס זיתים יווני זיתא 215 גרם,זיתא - י.ט.ב תעשיות,IL,זיתים מיקס ייווני זי,גרמים,215.00,100 גרם,false,,13.90,0.0647,true,1,212316
7290011964658,false,מלח לימון בקופ' 170 גר' טעם וריח,"תבליני טעם וריח בע""מ",IL,תבלין מלח לימון טעם,גרמים,170.00,100 גרם,false,,10.00,0.0588,true,1,42434
7290011964702,false,שווארמה ללא מונסודיום 100 גרם מיכל גדול,"תבליני טעם וריח בע""מ",IL,תבלין לשווארמה ללא מ,גרמים,100.00,100 גרם,false,,9.70,0.0970,true,1,42437
7290012019258,false,מחית תפוחי עץ רביעיה 4 * 113 ג' תומר,אינדיאן סאמר קו אופ אינק,US,"רסק תפו""ע מחית תפוחי",גרמים,452.00,100 גרם,false,,10.90,0.0241,true,1,25060
7290012019265,false,רביעיית מחית תפוח עץ ללא תוספת סוכר תומר 113 גרם,אינדיאן סאמר קו אופ אינק,US,"מחית תפו""ע ללא סוכר",גרמים,452.00,100 גרם,false,,10.90,0.0241,true,1,25061
7290012022203,false,פריכיות קליליות חיטה,דילייט 2005,IL,קליליות חיטה מלאה די,גרמים,100.00,100 גרם,false,,13.90,0.1390,true,1,31554
7290012022227,false,קליליות חיטה בטעם טבעי,דילייט 2005,IL,קליליות בטעם טבעי די,גרמים,60.00,100 גרם,false,,11.70,0.1950,true,1,31555
7290012022272,false,פריכיות קליליות קידס,דילייט 2005,IL,פריכיות קליליות קידס,יחידה,0.00,יחידה,false,,11.90,0.0000,true,1,31556
7290012025495,false,"שמיר טחינה אסלי 1 ק""ג","סלטי שמיר 2006 בע""מ",IL,"טחינה אסלי 1 ק""ג",קילוגרמים,1.00,"ק""ג",false,,13.90,13.9000,true,1,17727
7290012086113,false,עגבניות שרי צימן קופסא 500ג',מרינה,IL,עגבניות שרי,גרמים,500.00,100 גרם,false,,9.90,0.0198,true,1,50950
7290012116025,false,שמפו פיית הפרפרים לסירוק קל מכיל רוזמרין,קוסמופארם בע'\'\מ,IL,שמפו כיף פיות 750 מל,מיליליטרים,750.00,"100 מ""ל",false,,11.90,0.0159,true,1,30189
7290012116063,false,"כיף אל סבון פיות בתמציות קמומיל 750 מ""ל",טרופיקל דגיל תעשיות,IL,אל סבון כיף פיות בתמ,מיליליטרים,750.00,"100 מ""ל",false,,11.90,0.0159,true,1,30191
7290012116360,false,פוליויקס נוזל לניקוי רצפות גרניט פורצלן סנו 2 ליטר,"מפעלי סנו ברונוס בע""",IL,סנו פוליוקס גרניט פו,ליטרים,2.00,ליטר,false,,20.90,10.4500,true,1,30196
7290012116537,false,"מקסימה אבקת כביסה בניחוח מאסק סנו 2.5 ק""ג",טרופיקל דגיל תעשיות,IL,אבקת כביסה סנו מקסימ,קילוגרמים,2.50,"ק""ג",false,,22.90,9.1600,true,1,30197
7290012116612,false,אורביטול מברשת שיניים מארז 4 יח',ג'נרל מילס סאן אדריא,CN,מארז מברשות שיניים א,יחידה,0.00,יחידה,false,,11.90,0.0000,true,1,30200
7290012117091,false,"אבקת כביסה סנסיטיב סנו מקסימה 6 ק""ג",סנו מקסימה,IL,אבקת כביסה סנו מקסימ,קילוגרמים,6.00,"ק""ג",false,,49.90,8.3167,true,1,30212
7290012117275,false,"קליר שקית מילוי לניקוי חלונות סנו 750 מ""ל",טרופיקל דגיל תעשיות,IL,סנוקליר שקית מילוי 7,מיליליטרים,750.00,"100 מ""ל",false,,6.90,0.0092,true,1,30215
7290012117350,false,"נוזל רצפות לילך 2 ליטר ""ריצפז פרש""","סנו מפעלי ברונוס בע""\מ",IL,ריצפז פרש לילך לבנדר,ליטרים,2.00,ליטר,false,,18.90,9.4500,true,1,30216
7290012117428,false,"ג'ל רחצה ושמפו מעיינות מנטה קרמה מן 700 מ""ל",טרופיקל דגיל תעשיות,IL,שמפו וג'ל רחצה לגבר,מיליליטרים,700.00,"100 מ""ל",false,,18.90,0.0270,true,1,30222
7290012117534,false,מרכך כביסה מרוכז תכלת קול סנו מקסימה 1 ליטר,"סנו מפעלי ברונוס בע""\מ",IL,סנו מקסימה מרכך קומפ,יחידה,0.00,יחידה,false,,18.90,0.0000,true,1,30225
7290012117541,false,מרכך כביסה מרוכז צהוב סנו מקסימה 1 ליטר,סנו מפעלי ברונוס בעמ,IL,סנו מקסימה מרכך קומפ,יחידה,0.00,יחידה,false,,18.90,0.0000,true,1,30226
7290012117558,false,מקסימה מרכך כביסה מרוכז ורוד בניחוח מאסק סנו 1 ליטר,"סנו מפעלי ברונוס בע""\מ",IL,סנו מקסימה מרכך קומפ,יחידה,0.00,יחידה,false,,18.90,0.0000,true,1,30227
7290012117572,false,כפפות לטקס M סנו סושי 100 יחידות,סנו סושי,TH,M סנו סושי כפפות לטק,יחידה,0.00,יחידה,false,,44.90,0.0000,true,1,30229
7290012117589,false,כפפות לטקס גדולות L סנו סושי 100 יחידות,סנו סושי,TH,L סנו סושי כפפות לטק,יחידה,0.00,יחידה,false,,44.90,0.0000,true,1,30230
7290012117732,false,מקסימה מרכך כביסה ארומתרפי קול סנו 4 ליטר,"סנו מפעלי ברונוס בע""\מ",IL,מרכך כביסה סנו מקסימ,ליטרים,4.00,ליטר,false,,22.90,5.7250,true,1,30235
7290012191053,true,המנגליסט גפרור ארוך,,,המנגליסט גפרור ארוך,יחידה,0.00,יחידה,false,,5.90,0.0000,true,1,150002
7290012191084,false,אריזת גפרורים 10 קופסאות,,IN,המנגליסט גפרורים עשי,יחידה,0.00,יחידה,false,,2.90,0.0000,true,1,7888
7290012191091,false,מדליק פחמים המנגליסט,,IL,מדליק פחמים המנגליסט,יחידה,0.00,יחידה,false,,4.90,0.0000,true,1,66308
7290012193125,false,ממתיק על בסיס סוכרלוז - טבליות,"קיפל טבליות וממתיקים בע""מ",CN,מרמולייט סוכרלוז 150,גרמים,150.00,100 גרם,false,,23.90,0.1593,true,1,5901
7290012226021,false,נקניק סלמי מעושן פראג זוגלובק 400 גרם,נקניק נהריה כשר זוגל,IL,סלמי מעושן פראג יבש,גרמים,400.00,100 גרם,false,,16.90,0.0422,true,1,39013
7290012226120,false,"קבנוס 135 גרם ""זוגלובק""",נקניק נהריה כשר זוגל,IL,*מבצע* זוגלובק קבנוס,גרמים,135.00,100 גרם,false,,9.90,0.0733,true,1,39014
7290012226939,false,קבנוס עם צ'ילי חריף זוגלובק 135 גרם,נקניק נהריה כשר זוגל,IL,*מבצע* זוגלובק קבנוס,גרמים,135.00,100 גרם,false,,9.90,0.0733,true,1,39023
7290012227912,false,קבנוס מעודן זוגלובק 135 גרם,זוגלובק,IL,*מבצע* קבנוס מעודן,גרמים,135.00,100 גרם,false,,9.90,0.0733,true,1,39058
7290012227974,false,פסטרמה הודו בדבש טהור דק דק דק,זוגלובק,IL,זוגלובק פסטרמה בדבש,גרמים,120.00,100 גרם,false,,11.90,0.0992,true,1,39059
7290012227981,false,פסטרמה דק דק ברביקיו 120 ג' זוגלובק,זוגלובק,IL,פסטרמה ברביקיו זוגלו,גרמים,120.00,100 גרם,false,,11.90,0.0992,true,1,39060
7290012227998,false,פסטרמה דק דק חזה בקר 120 ג' זוגלובק,זוגלובק,IL,זוגלובק חזה בקר 12,גרמים,120.00,100 גרם,false,,12.90,0.1075,true,1,39061
7290012228261,false,נקנקיות קנקרס הודו ועוף ריינהולד'ס זוגלובק 300 ג',זוגלובק,IL,נקנקיות הודו קנקרס ר,גרמים,300.00,100 גרם,false,,19.90,0.0663,true,1,39071
7290012228278,false,נקנקיות בוקוורסט עוף ובקר ריינהולד'ס 310 ג' זוגלובק,זוגלובק,IL,נקנקיות בוקוורסט הוד,גרמים,300.00,100 גרם,false,,19.90,0.0663,true,1,39072
7290012260827,false,שערות קדאיף מזאווי 4,"ממתקי מזוואי בע""מ",IL,שערות קדאיף 475 גרם,גרמים,475.00,100 גרם,false,,13.90,0.0293,true,1,49353
7290012295256,false,ברוקולי ארוז במגשית,,,ברוקולי ארוז במגשית,יח',1.00,יח',false,,9.90,9.9000,true,1,47711
7290012313141,false,מלפפונים פרוסות במלח קבוצת יבנה 330 גרם,אף.סי תבליני בגליל ב,IL,פרוסות מלפפון במלח י,גרמים,540.00,100 גרם,false,,6.50,0.0120,true,1,44755
7290012313240,false,מיקס זית ירוק וקלמטה קבוצת יבנה 560 גרם,קבוצת יבנה,IL,מיקס זית ירוק וקלמטה,גרמים,560.00,100 גרם,false,,10.90,0.0195,true,1,120134
7290012372117,false,קמח מלא 100% רובינפלד,"סופר קמח רובינפלד בע""מ",IL,קמח חיטה מלא 100% רו,קילוגרמים,1.00,"ק""ג",false,,10.90,10.9000,true,1,36819
7290012372124,false,"קמח מנופה כוסמין מלא רוביפנלד 1 ק""ג","סופר קמח רובינפלד בע""מ",IL,קמח כוסמין 100% רובי,קילוגרמים,1.00,"ק""ג",false,,16.90,16.9000,true,1,396471
7290012372155,false,"קמח מנופה כוסמין 80% רוביפנלד 1 ק""ג","סופר קמח רובינפלד בע""מ",IL,קמח כוסמין 80% רובינ,קילוגרמים,1.00,"ק""ג",false,,16.90,16.9000,true,1,36821
7290012372209,false,קמח חיטה לבן מנופה רובינפלד,,IL,קמח חיטה לבן מנופה ר,קילוגרמים,1.00,"ק""ג",false,,7.90,7.9000,true,1,396431
7290012372247,false,"קמח מנופה כוסמין לבן רוביפנלד 1 ק""ג","סופר קמח רובינפלד בע""מ",IL,קמח כוסמין לבן רובינ,קילוגרמים,1.00,"ק""ג",false,,16.90,16.9000,true,1,396485
7290012404955,false,נקטר חמוציות ספרינג קולקשן 1.25 ליטר,יפאורה שותפות מובגלת לשיווק,IL,ספרינג נקטר חמוציות,ליטרים,1.25,ליטר,false,,12.50,10.0000,true,1,11628
7290012454172,false,סוכריות ללא תוספת סוכר בטעם תות מיה 80 גרם,מיה תעשיות מזון מ.ת.מ. ב,IL,סוכריות ללא סוכר בטע,גרמים,80.00,100 גרם,false,,5.90,0.0738,true,1,15124
7290012454608,false,תן צ'אפ חטיף גלגלים 50 גר',מיה תעשיות מזון מ.ת.מ. ב,IL,תן צ'אפ גלגלים 50 גר,גרמים,50.00,100 גרם,false,,3.90,0.0780,true,1,15134
7290012522581,false,טבעול שניצל תירס ללא גלוטן טבעול 664 גרם,עיצובים 2020 (4.8),IL,טבעול שניצל תירס ללא,גרמים,664.00,100 גרם,false,,19.90,0.0300,true,1,19801
7290012576362,false,יין ספיישל רזרב קברנה סוביניון 750 מל,יקבי ברקן שיווק והפצה בע,IL,קברנה סוביניון ספייש,מיליליטרים,750.00,"100 מ""ל",false,,59.90,0.0799,true,1,368752
7290012576379,false,יין ספיישל רזרב מרלו 750 מל,יקבי ברקן שיווק והפצה בע,IL,מרלו ספיישל רזרב 750,מיליליטרים,750.00,"100 מ""ל",false,,59.90,0.0799,true,1,368753
7290012576607,false,"יין קברנה סוביניון פרמייר מלבק אדום ברקן 750 מ""ל","ברקן שיווק והפצה בע""",IL,ברקן יין פרמייר אדום,מיליליטרים,750.00,"100 מ""ל",false,,26.90,0.0359,true,1,9531
7290012642586,false,ערמונים קלופים תומר 100 ג',Tangshan huiyuan foo,CN,ערמונים קלופים וקלוי,גרמים,100.00,100 גרם,false,,5.90,0.0590,true,1,25081
7290012645112,false,יוגורט עיזים 2.8% בדלי חלב הארץ 750 גרם,מחלבות סוסיא,IL,יוגורט עיזים בדלי 75,מיליליטרים,750.00,"100 מ""ל",false,,18.90,0.0252,true,1,23358
7290012645389,false,יוגורט עיזים 3.7%בבקבוק חלב הארץ 1 ליטר,מחלבות סוסיא,IL,חלב הארץ יוגורט ביו,ליטרים,1.00,ליטר,false,,21.90,21.9000,true,1,23367
7290012803055,false,סוכרלוז מרמולייט- 100שקיות אישיות,"קיפל טבליות וממתיקים בע""מ",IL,מרמולייט סוכרלוז 100,גרמים,100.00,100 גרם,false,,19.90,0.1990,true,1,5913
7290012803215,false,וופל בלגי בטעם שוקולד ללא תוספת סוכר,בטר אנד דיפרנט,IL,טוסו וופל בלגי שוקול,גרמים,200.00,100 גרם,false,,9.50,0.0475,true,1,5917
7290012803222,false,טוסו ופל בסגנון בלגי בטעם לימון ללא תוספת סוכר 200 גרם,בטר אנד דיפרנט,IL,טוסו וופל בלגי לימון,גרמים,200.00,100 גרם,false,,9.50,0.0475,true,1,5918
7290012803772,false,טוסו שוקולד חלב ללא תוספת סוכר 100 גרם,אלטינמארקה גידה סאן,TR,טוסו שוקלד חלב 100ג,גרמים,100.00,100 גרם,false,,8.90,0.0890,true,1,5933
7290012803789,false,טוסו שוקולד מריר עם אגוזים ללא תוספת סוכר 100 גרם,האי נאם סי או אל.טי.,TR,טוסו שוקלד מריר ואגו,גרמים,100.00,100 גרם,false,,8.90,0.0890,true,1,5934
7290012823251,false,כיף אל סבון יסמין לבנדר 1 ליטר משאבה,קוסמופארם בע'\'\מ,IL,אל סבון יסמין לבנדר,ליטרים,1.00,ליטר,false,,12.90,12.9000,true,1,30268
7290012823381,false,מקסימה מרכך כביסה מרוכז סנסטיב בייבי סנו 1 ליטר,"סנו מפעלי ברונוס בע""\מ",IL,סנו מקסימה סנסטיב מר,יחידה,0.00,יחידה,false,,18.90,0.0000,true,1,30270
7290012823398,false,מטליות חד פעמיות לניקוי הרצפה בניחוח מרכך כביסה 10יח' סנו,סנו מפעלי ברונו בעמ,IL,ריצפז מטליות לחות בנ,יחידה,0.00,יחידה,false,,11.90,0.0000,true,1,30271
7290012823558,false,"מטליות לחות לרצפה 40*70 ס""מ סנו סושי 10 יחידות",סנו מפעלי ברונוס בעמ,IL,סנו סושי מטליות ענק,יחידה,0.00,יחידה,false,,10.90,0.0000,true,1,30275
7290012823565,false,פוליויקס מטליות ענק לחות לפרקט סנו 10 יחידות,דינאמיק תעשיות,IL,פוליויקס פרקט מטליות,יחידה,0.00,יחידה,false,,14.90,0.0000,true,1,30276
7290012823916,false,גל כביסה סנו מקסימ מרוכז קריסטל נואר 5 ל,"סנו מפעלי ברונוס בע""\מ",IL,מקסימה ג'ל כביסה קרי,ליטרים,5.00,ליטר,false,,47.90,9.5800,true,1,30291
7290012823923,false,"מרכך כביסה מרוכז פרפיום גולדן מקסימה 750 מ""ל",סנו מפעלי ברונוס בעמ,IL,סנו מקסימה מרכך פרפי,מיליליטרים,750.00,"100 מ""ל",false,,18.90,0.0252,true,1,30292
7290012823947,false,"סנו - מרכך כביסה מרוכז פרפיום קריסטל נואר 750 מ""ל",מיוצר עי קונדיטוריית,IL,סנו מקסימה מרכך פרפי,מיליליטרים,750.00,"100 מ""ל",false,,18.90,0.0252,true,1,30294
7290012838026,false,עוגיות מלוחות עדי 35,,,עוגיות מלוחות עדי 35,גרמים,350.00,100 גרם,false,,15.90,0.0454,true,1,380174
7290012850011,false,מחית ביליבד תפוחי עץ 190ג',נאופארם,IL,בי לאב מחית תפוח עץ,גרמים,190.00,100 גרם,false,,5.90,0.0311,true,1,29509
7290012850035,false,מחית בוליווד תפוח ואפרסק 190 גרם,NOVOFRUCHT SK S.R.O,SK,תפוח ואפרסק 190גרם B,גרמים,190.00,100 גרם,false,,5.90,0.0311,true,1,29510
7290012884986,false,תפוגן ציפס לתנור עד 4% שומן 1.5 קג,"תעשיות תפוגן בע""\מ",IL,תפוגן ציפס לתנור עד,קילוגרמים,1.50,"ק""ג",false,,24.90,16.6000,true,1,19811
7290012901355,false,דודלס ארוחת אטריות עם גבינה 206 גרם,האי נאם סי או אל.טי.,US,דודלס ארוחת איטריות,גרמים,206.00,100 גרם,false,,10.90,0.0529,true,1,36890
7290012901973,false,"שעועית אדומה, 400 גרם גאלה",יורוקום אס.אר.אל,IT,שעועית אדומה 400 גרם,גרמים,400.00,100 גרם,false,,9.90,0.0248,true,1,182008
7290012921025,false,"בקבוק בירה מלכה בהירה 330 מ""ל","בירה מלכה בע""מ",IL,מלכה בוטיק בירה בהיר,מיליליטרים,330.00,"100 מ""ל",false,,12.90,0.0391,true,1,7350
7290012921032,false,"בקבוק בירה מלכה אדמונית 330 מ""ל","בירה מלכה בע""מ",IL,מלכה בוטיק בירה אדמו,מיליליטרים,330.00,"100 מ""ל",false,,12.90,0.0391,true,1,7351
7290012931062,false,אטבי כביסה הדור החדש,מ.א ייצור ושיווק מטל,CN,אטבי הדור החדש 10יח,יחידה,0.00,יחידה,false,,7.90,0.0000,true,1,13511
7290012931611,false,כריות ברזל לקרצוף חזק שייני 3 יחידות,מ.א ייצור ושיווק מטל,CN,כריות ברזל שלישייה,יחידה,0.00,יחידה,false,,5.90,0.0000,true,1,13522
7290012936944,false,אגוז מוסקט טחון תבליני מימון 40 גרם,א.ל ייצור ושיווק תבלינים,IL,מימון אגוז מוסקט טחו,גרמים,40.00,100 גרם,false,,14.50,0.3625,true,1,356
7290012938405,false,"רדיד אלומיניום עבה במיוחד לבישול,אפייה והקפאה.",ריינולדס,CN,דאיימונד נייר כסף 87,מטרים,7.60,מטר,false,,17.50,2.3026,true,1,3876
7290012938580,false,"סנסודיין משחת שיניים להלבנה עדינה 75 מ""ל",גלקסוסמית'\קליין קונסיומ,GB,משחת שיניים הלבנה עד,מיליליטרים,75.00,"100 מ""ל",false,,21.90,0.2920,true,1,3878
7290012938597,false,"סנסודיין משחת שיניים רפיד רליף 75 מ""ל","סמיתקליין ביצ'ם בע""מ",GB,משחת שיניים רפיד רלי,מיליליטרים,75.00,"100 מ""ל",false,,24.90,0.3320,true,1,3879
7290012938740,false,"משחת שיניים פרש מינט מנטה 75מ""ל סנסודיין",גלקסו סמית קליין,GB,משחת שיניים פרש מינט,מיליליטרים,75.00,"100 מ""ל",false,,21.90,0.2920,true,1,3881
7290012962684,false,"הוסטס שקיות צליה ג'מבו 50X35 ס""מ בקופסה 5 יח'",הוסטס Hostess,TR,שקיות צליה ג`מבו 5 י,יחידה,0.00,יחידה,false,,4.90,0.0000,true,1,979
7290012962806,false,נשכן סיליקון רך טולי,,,נשכן סיליקון רך טולי,יחידה,0.00,יחידה,false,,12.90,0.0000,true,1,984
7290012983153,false,סילאן טבעי בקבוק לחיץ תמר כנרת 400 גר,מנדלז סי.אר. פרודקשן,IL,"סילאן טבעי 400 ג""ר",גרמים,400.00,100 גרם,false,,16.80,0.0420,true,1,102429
7290012996672,false,סבון אסלה + בושם ל24 שעות ביום הפי,יוליניבר,IT,הפי סבון אסלה מבושם,מיליליטרים,80.00,"100 מ""ל",false,,8.40,0.1050,true,1,11342
7290013027399,false,לחם קמח מלא קל בתוספת שיפון 750 ג' אנג'ל,מאפיית שלמה א. אנג'\ל בע,IL,לחם 100 בתוספת שיפון,גרמים,750.00,100 גרם,false,,13.90,0.0185,true,1,35487
7290013083661,false,"מטרנה אקסטרה קר שלב 1 חסכון 700 גרם תמ""ל",מטרנה תעשיות ש.מ,IL,מטרנה אקסטרה קר חסכו,גרמים,700.00,100 גרם,false,,58.90,0.0841,true,1,18764
7290013083678,false,תחליף חלב מטרנה אקסטרה קר שלב 2 700 גרם,מולינו ניקולי s.p.a,IL,מטרנה אקסטרה קר שלב,גרמים,700.00,100 גרם,false,,58.90,0.0841,true,1,18765
7290013083685,false,תחליף חלב מטרנה אקסטרה קר שלב 3 חסכון 700 גרם,מטרנה תעשיות ש.מ,IL,מטרנה אקסטרה קר שלב,גרמים,700.00,100 גרם,false,,58.90,0.0841,true,1,18766
7290013117212,false,בורקס פילו במילוי גבינה מעדנות 600 גר,מיוצר עי קונדיטוריית,IL,בורקס פילו גבינה מעד,גרמים,600.00,100 גרם,false,,18.90,0.0315,true,1,35642
7290013117229,false,"בורקס פילו במילוי תפו""א מעדנות 600 גר",מיוצר עי קונדיטוריית,IL,בורקס פילו תפוא מעדנ,גרמים,600.00,100 גרם,false,,18.90,0.0315,true,1,35643
7290013117243,false,בורקס פילו בולגרית מעדנות 600 גרם,מיוצר עי קונדיטוריית,IL,בורקס פילו בולגרית מ,גרמים,600.00,100 גרם,false,,18.90,0.0315,true,1,35645
7290013117410,false,בצק פריך מרודד למאפים מתוקים 900 ג' מעדנות,מיוצר עי קונדיטוריית,IL,מעדנות בצק פריך מרוד,גרמים,900.00,100 גרם,false,,19.90,0.0221,true,1,35647
7290013117427,false,בצק פריך מרודד למאפים מלוחים מעדנות 2*450 גרם,מיוצר עי קונדיטוריית,IL,מעדנות בצק פריך מרוד,גרמים,900.00,100 גרם,false,,19.90,0.0221,true,1,35648
7290013121028,false,לחם לבן 500 גרם ללא גלוטן גרין לייט,אביב קונדיטוריה מעול,IL,לחם לבן ללא גלוטן גר,גרמים,500.00,100 גרם,false,,17.90,0.0358,true,1,49715
7290013121103,false,רביעיית לחמניות סנדויץ ללא גלוטן 460 גרם,אביב קונדיטוריה מעול,IL,שליש בגט 4 יחידות גר,גרמים,400.00,100 גרם,false,,16.40,0.0410,true,1,49719
7290013121127,false,לחמניות מיני ללא גלוטן גרין לייט 6 יחידות,אביב קונדיטוריה מעול,IL,לחמניות מיני ללא גלו,גרמים,480.00,100 גרם,false,,15.90,0.0331,true,1,49721
7290013121158,false,לחמניות סנדוויץ ללא גלוטן גרין לייט 4 * 115 גרם,אביב קונדיטוריה מעול,IL,רביעיית לחמניות סנדב,גרמים,460.00,100 גרם,false,,17.90,0.0389,true,1,49724
7290013121165,false,לחמניות נקניקיה ללא גלוטן גרין לייט 6 * 77 גרם,אביב קונדיטוריה מעול,IL,"לחמניות נקניקיה כשל""",גרמים,460.00,100 גרם,false,,17.90,0.0389,true,1,49725
7290013144157,false,תערובת להכנת סחלב 130גרם,א.ל ייצור ושיווק תבלינים,IL,מימונס סחלב 130 גרם,גרמים,130.00,100 גרם,false,,10.90,0.0838,true,1,15349
7290013144171,false,מיימונס תערובת עוגת שוקולד 560 גרם.,א.ל ייצור ושיווק תבלינים,IL,תערובת עוגת שוקולד 5,גרמים,560.00,100 גרם,false,,15.90,0.0284,true,1,15351
7290013144195,false,מיימונס תערובת כדורי שוקולד 500 גרם.,א.ל ייצור ושיווק תבלינים,IL,תערובת כדורי שוקולד,גרמים,500.00,100 גרם,false,,15.90,0.0318,true,1,15353
7290013144218,false,מיימונס תערובת עוגת וניל 560 גרם.,א.ל ייצור ושיווק תבלינים,IL,תערובת עוגת וניל 560,גרמים,560.00,100 גרם,false,,15.90,0.0284,true,1,15355
7290013144232,false,מיימונס פודינג בטעם וניל 80 גרם,א.ל ייצור ושיווק תבלינים,IL,פודינג וניל מימונס 8,גרמים,80.00,100 גרם,false,,4.90,0.0613,true,1,15357
7290013144393,false,"תמצית בטעם וניל מימונס 50 מ""ל",א.ל ייצור ושיווק תבלינים,IL,תמצית בטעם וניל 50גר,גרמים,50.00,100 גרם,false,,4.50,0.0900,true,1,15366
7290013144409,false,תמצית בטעם רום מימונס 50 גרם,א.ל ייצור ושיווק תבלינים,IL,תמצית בטעם רום 50גר,מיליליטרים,50.00,"100 מ""ל",false,,4.50,0.0900,true,1,15367
7290013144508,false,"תמצית בטעם ורדים מיימונס 50 מ""ל",מיוצר עי קונדיטוריית,IL,תמצית בטעם ורדים 50ג,מיליליטרים,50.00,"100 מ""ל",false,,8.90,0.1780,true,1,15370
7290013144515,false,מיימונס צבע מאכל צהוב 50 גרם,א.ל ייצור ושיווק תבלינים,IL,צבע מאכל צהוב 50גר,גרמים,50.00,100 גרם,false,,4.50,0.0900,true,1,15371
7290013144539,false,צבע מאכל אדום מימונס 50 גרם,א.ל ייצור ושיווק תבלינים,IL,צבע מאכל אדום 50גר,גרמים,50.00,100 גרם,false,,4.50,0.0900,true,1,15373
7290013144560,false,מיימונס צבע מאכל כחול 50 גרם,א.ל ייצור ושיווק תבלינים,IL,צבע מאכל כחול 50גר,גרמים,50.00,100 גרם,false,,4.50,0.0900,true,1,15374
7290013144614,false,"מיימונס סירופ מייפל אמיתי 100% מקנדה 236 מ""ל",הנסיך- מפעל לייצור ט,DK,סירופ מייפל אמיתי 10,מיליליטרים,236.00,"100 מ""ל",false,,30.90,0.1309,true,1,15375
7290013144812,false,אבקת אייס קפה וניל 320 גרם מימונס,מימונס אפייה,IL,אייס קפה וניל 320 גר,גרמים,320.00,100 גרם,false,,17.90,0.0559,true,1,519664
7290013144911,false,מימונס מיקס שוקולד צ'יפס מריר וחלב 250 גרם,אינטרגטה תעשיות מזון 19),IL,מיקס שוקולד צ'יפס מר,גרמים,250.00,100 גרם,false,,14.90,0.0596,true,1,581784
7290013145024,false,מיימונס אגוז מלך טחון 100 גרם,א.ל ייצור ושיווק תבלינים,IL,מימונס אגוז מלך טחון,גרמים,100.00,100 גרם,false,,13.90,0.1390,true,1,15383
7290013145031,false,אגוזי לוז מסוכרים מיימונס 100 גרם,א.ל ייצור ושיווק תבלינים,IL,מימונס ברס אגוזי לוז,גרמים,100.00,100 גרם,false,,12.90,0.1290,true,1,15384
7290013145062,false,"סירופ מייפל אמיתי 100% מימונס 187 מ""ל",מימונס אפייה,CA,סירופ מייפל אמיתי %1,מיליליטרים,187.00,"100 מ""ל",false,,19.90,0.1064,true,1,15387
7290013145079,false,שקד רכיבים טבעיים גרוס מיימונס 100 גרם,מימונס אפייה,IL,מימונס שקד טבעי גרוס,גרמים,100.00,100 גרם,false,,12.90,0.1290,true,1,15388
7290013145109,false,שקד מולבון טחון מימונס 100 גרם,א.ל ייצור ושיווק תבלינים,IL,מימונס שקד מולבן טחו,גרמים,100.00,100 גרם,false,,12.90,0.1290,true,1,15390
7290013145192,false,שומשום מיימונס 100 גרם,א.ל ייצור ושיווק תבלינים,IL,שומשום 100גר,גרמים,100.00,100 גרם,false,,4.90,0.0490,true,1,15397
7290013145215,false,שומשום מימונס 400 גרם,א.ל ייצור ושיווק תבלינים,IL,שומשום 400גר,גרמים,400.00,100 גרם,false,,14.90,0.0373,true,1,15398
7290013145246,false,גרעין חמניה מקולף מיימונס 100 גרם,א.ל ייצור ושיווק תבלינים,IL,מימונס גרעין חמניה מ,גרמים,100.00,100 גרם,false,,5.30,0.0530,true,1,15399
7290013145277,false,עלים לקרמשניט מימונס 300 גרם,מימונס אפייה,IT,עלים לקרמשניט 300 גר,גרמים,300.00,100 גרם,false,,15.90,0.0530,true,1,15400
7290013145390,false,מימונס שוקולד צ'יפס מהדרין 250 גר,אינטרגטה תעשיות מזון 19),IL,מימונס שוקולד ציפס מ,גרמים,250.00,100 גרם,false,,8.90,0.0356,true,1,15402
7290013145437,false,שוקולד מריר מעולה ציפס מימונס 250 ג',אינטרגטה תעשיות מזון 19),IL,מימונס שוקולד ציפס 4,גרמים,250.00,100 גרם,false,,12.90,0.0516,true,1,15405
7290013145444,false,שוקולד מריר מעולה ציפס 66% מימונס 250 ג',המאפיה של הרמן,IL,מימונס שוקולד ציפס 6,גרמים,250.00,100 גרם,false,,14.90,0.0596,true,1,15406
7290013145451,false,אבקת קקאו מימונס 150 ג',מיוצר עי קונדיטוריית,IL,מימונס קקאו 150 גר,גרמים,150.00,100 גרם,false,,8.90,0.0593,true,1,15407
7290013145536,false,סוכריות לקישוט בטעם שוקולד מיימונס 85 גרם,א.ל ייצור ושיווק תבלינים,IL,סוכריות בטעם שוקולד,גרמים,90.00,100 גרם,false,,5.50,0.0611,true,1,15410
7290013145574,false,מיימונס ערכה לקישוט 100 גרם,א.ל ייצור ושיווק תבלינים,IL,ערכה לקישוט 100 גרם.,גרמים,100.00,100 גרם,false,,10.80,0.1080,true,1,15412
7290013145628,false,סוכריות צבעוניות לקישוט מימונס 200 גרם,א.ל ייצור ושיווק תבלינים,IL,סוכריות צבעוניות לקי,גרמים,200.00,100 גרם,false,,8.90,0.0445,true,1,15414
7290013145710,false,מיימונס דובדבנים מסוכרים 100 גרם,א.ל ייצור ושיווק תבלינים,IL,דובדבנים מסוכרים 100,גרמים,100.00,100 גרם,false,,9.90,0.0990,true,1,15420
7290013145796,false,"רביעיית צבעי מאכל גל 4*25 מ""ל",מימונס אפייה,IL,מארז צבעי ג'ל למאכל,מיליליטרים,100.00,"100 מ""ל",false,,49.90,0.4990,true,1,482556
7290013145833,false,פודינג שוקולד אמיתי מימונס 80 גרם,א.ל ייצור ושיווק תבלינים,IL,מימונס פודינג שוקולד,גרמים,95.00,100 גרם,false,,3.90,0.0411,true,1,15427
7290013145840,false,סוכר וניל מיימונס 10 יחידות,א.ל ייצור ושיווק תבלינים,IL,מימונס סוכר וניל 10*,גרמים,100.00,100 גרם,false,,2.50,0.0250,true,1,15428
7290013145857,false,אבקת אפיה מיימונס 10 יחידות,מימונס אפייה,IL,אבקת אפיה 10* 10 גרם,גרמים,100.00,100 גרם,false,,2.50,0.0250,true,1,15429
7290013145864,false,אבקת ג'לטין טהור מיימונס 28 גרם,א.ל ייצור ושיווק תבלינים,IL,מימונס ג`לטין טהור א,גרמים,28.00,100 גרם,false,,10.90,0.3893,true,1,15430
7290013145871,false,שמרים יבשים סטיק מימונס 5*11 ג',מימונס אפייה,IL,מימונס שמרים יבשים 5,גרמים,55.00,100 גרם,false,,10.50,0.1909,true,1,15431
7290013145901,false,סודה לשתיה מיימונס 100 גרם,א.ל ייצור ושיווק תבלינים,IL,סודה לשתיה 100 גרם,גרמים,100.00,100 גרם,false,,2.00,0.0200,true,1,15432
7290013145949,false,אבקת סוכר פטנט מימונס 250 גרם,א.ל ייצור ושיווק תבלינים,IL,אבקת סוכר באריזת פטנ,גרמים,250.00,100 גרם,false,,15.90,0.0636,true,1,15435
7290013145956,false,שמרים יבשים בוואקום מיימונס 500 גרם,הנסיך- מפעל לייצור ט,CN,מימונס שמרים יבשים ב,גרמים,500.00,100 גרם,false,,12.90,0.0258,true,1,15436
7290013145963,false,שמרים יבשים בוואקום מיימונס 125 גרם,מימונס אפייה,CN,מימונס שמרים יבשים ב,גרמים,125.00,100 גרם,false,,5.50,0.0440,true,1,15437
7290013145970,false,קורנפלור מימונס בשקית 200 ג',א.ל ייצור ושיווק תבלינים,IL,מימונס קורנפלור 200,גרמים,200.00,100 גרם,false,,3.90,0.0195,true,1,15438
7290013146243,false,פודינג בטעם וניל מיממונס 320 גרם,,IL,פודינג בטעם וניל 320,גרמים,320.00,100 גרם,false,,18.90,0.0591,true,1,547634
7290013146304,false,קורנפלור 500 גרם מימונס.,א.ל ייצור ושיווק תבלינים,IL,מימונס קורנפלור 500,גרמים,500.00,100 גרם,false,,6.90,0.0138,true,1,15450
7290013146410,false,נשיקות לקישוט צבע כחול מימונס 60 גרם,רות פטיפורים,IL,נשיקות לקישוט צבע כח,יחידה,0.00,יחידה,false,,15.90,0.0000,true,1,66784
7290013146656,false,כוכבים תכלת ירוק לבן לקישוט 60 גרם,"מימונס אפיה בע""מ",IL,כוכבים צבעוניים לקיש,יחידה,0.00,יחידה,false,,11.90,0.0000,true,1,66801
7290013146663,false,אטריות צבעוניות לקישוט מימונס 55 גרם,"מימונס אפיה בע""מ",IL,קונפטי לקישוט צבעוני,גרמים,55.00,100 גרם,false,,11.90,0.2164,true,1,66802
7290013146724,false,אבקת אייס קפה 350 גרם מימונס,מימונס אפייה,IL,אייס קפה להכנה ביתית,גרמים,350.00,100 גרם,false,,17.90,0.0511,true,1,273661
7290013146762,false,"קצפת לזילוף 24% שומן מימונס 200 מ""ל",מוצרי קפוא זן,BG,קצפת לזילוף 24% שומן,גרמים,500.00,100 גרם,false,,6.90,0.0138,true,1,221223
7290013146854,false,קוקוס לבן טחון מימונס 400 ג',א.ל ייצור ושיווק תבלינים,IL,מיימונס קוקוס לבן טח,גרמים,400.00,100 גרם,false,,14.90,0.0373,true,1,15454
7290013156006,false,עוגיות כעכים לקפה מרוקאיות 200גר,אלף נשיקות,IL,עוגיות מרוקאיות גיק,גרמים,350.00,100 גרם,false,,16.90,0.0483,true,1,332699
7290013156822,false,עוגיות רייף גיקובס 3,אלף נשיקות,IL,עוגיות רייף גיקובס 3,גרמים,350.00,100 גרם,false,,16.90,0.0483,true,1,332700
7290013156846,false,עוגיות מלוחות גיקובס,אלף נשיקות,IL,עוגיות מלוחות גיקובס,גרמים,350.00,100 גרם,false,,16.90,0.0483,true,1,332677
7290013156914,false,עוגיות כעך טוניסאי 350גר,אלף נשיקות,IL,עוגיות כעך טוניסאי ג,גרמים,350.00,100 גרם,false,,16.90,0.0483,true,1,332678
7290013156921,false,"אצבעות מתוקות ללת""ס350ג",אלף נשיקות,IL,"עוגיות מרוקאיות לל""",גרמים,350.00,100 גרם,false,,16.90,0.0483,true,1,332701
7290013203182,false,שרי מנומר -ליקופן,,,שרי מנומר -ליקופן,גרמים,200.00,100 גרם,false,,9.90,0.0495,true,1,50951
7290013220042,false,מיקס טרופי קפוא 500 גרם,א.מ שרון,PL,מיקס טרופי 400 גרם ב,גרמים,400.00,100 גרם,false,,19.90,0.0497,true,1,51620
7290013220103,false,דובדבן ללא חרצן קפוא500ג,א.מ שרון,PL,דובדבן קפוא 500 גרם,גרמים,500.00,100 גרם,false,,19.90,0.0398,true,1,51622
7290013220134,false,מיקס פירות שדה קפוא 500 גר,א.צלוביץ,PL,פירות יער 500 גרם בק,גרמים,500.00,100 גרם,false,,19.90,0.0398,true,1,51625
7290013220929,false,אוכמניות כחולות 400 גרם,א.צלוביץ,PL,אוכמנית כחולות 400,גרמים,400.00,100 גרם,false,,19.90,0.0497,true,1,51632
7290013262066,false,מכסה ל510 520,,,מכסה ל510 520,יחידה,0.00,יחידה,false,,6.90,0.0000,true,1,37116
7290013268020,false,מקסימה מרכך כביסה מרוכז בניחוח אולטרא פרש סנו 1 ליטר,"סנו מפעלי ברונוס בע""\מ",IL,סנו מקסימה אולטרא פר,יחידה,0.00,יחידה,false,,18.90,0.0000,true,1,30296
7290013268037,false,מקסימה מרכך כביסה מרוכז בניחוח לבנדר פצ'ולי סנו 1 ליטר,"סנו מפעלי ברונוס בע""\מ",IL,סנו מקסימה פצ'ולי מר,יחידה,0.00,יחידה,false,,18.90,0.0000,true,1,30297
7290013268204,false,מגבונים לניקוי וחיטוי מושב האסלה 20 יח' סנו,טרופיקל דגיל- תעשיות,IL,מגבונים לניקוי וחיטו,יחידה,0.00,יחידה,false,,7.90,0.0000,true,1,30300
7290013268372,false,פוליויקס נוזל לניקוי פרקט סנו 2 ליטר,סנו פוליויקס,IL,סנו פוליויקס פרקט עם,ליטרים,2.00,ליטר,false,,21.90,10.9500,true,1,67674
7290013268839,false,פוליויקס פרקט-תרכיז ריחני לניקוי רצפות עץ,"סנו מפעלי ברונוס בע""\מ",IL,סנו פוליויקס פרקט בנ,ליטרים,2.00,ליטר,false,,21.90,10.9500,true,1,30329
7290013268884,false,"נוזל רצפות מאסק 2 ליטר ""ריצפז פרש""",מיוצר עי קונדיטוריית,IL,ריצפז פרש מאסק 2 ליט,ליטרים,2.00,ליטר,false,,18.90,9.4500,true,1,30331
7290013268891,false,אוקסיג'ן ג'ל ללא אקונומיקה עם חמצן פעיל סנו 3 ליטר,"סנו מפעלי ברונוס בע""\מ",IL,סנו אוקסיג'ן 3 ליטר,ליטרים,3.00,ליטר,false,,30.90,10.3000,true,1,30332
7290013268907,false,ג'ל כביסה ביו בטמפרטורות נמוכות,"סנו מפעלי ברונוס בע""\מ",IL,מקסימה ג'ל כביסה ביו,ליטרים,3.00,ליטר,false,,33.90,11.3000,true,1,30333
7290013268983,false,מרכך כביסה סופר מרוכז בבישום עוצמתי סנו מקסימה 1 ל',"סנו מפעלי ברונוס בע""\מ",IL,מקסימה מרכך כביסה בב,יחידה,0.00,יחידה,false,,18.90,0.0000,true,1,174962
7290013268990,false,מרכך כביסה מרוכז לבן ביו סנו מקסימה 1 ליטר,"סנו מפעלי ברונוס בע""\מ",IL,סנו מקסימה מרכך מרוכ,יחידה,0.00,יחידה,false,,18.90,0.0000,true,1,30336
7290013269263,false,ג'ל כביסה מרוכז מקסימה בבישום קריסטל נואר,סנו מפעלי ברונוס בעמ,IL,מקסימה גל כביסה קריס,ליטרים,3.00,ליטר,false,,33.90,11.3000,true,1,30343
7290013269287,false,סנו - מקסימה ג'ל כביסה מרוכז מאסק 3 ליטר,"סנו מפעלי ברונוס בע""\מ",IL,מקסימה מאסק גל כביסה,ליטרים,3.00,ליטר,false,,33.90,11.3000,true,1,30344
7290013269300,false,ניילון נצמד פלוס סנו סושי 150 מטר,"מיוצר בהונג קונג, סי",IL,סנו סושי פלסטיק נצמד,מטרים,150.00,מטר,false,,23.90,0.1593,true,1,30345
7290013269621,false,ריצפז פרש לניקוי רצפות בניחוח מלון בוטיק,מיוצר עי קונדיטוריית,IL,ריצפז פרש הום בניחוח,ליטרים,2.00,ליטר,false,,21.90,10.9500,true,1,30351
7290013269645,false,ריצפז פרש מטליות לחות לריצפה בניחוח מאסק 10 יחידות,סנו מפעלי ברונוס בעמ,IL,ריצפז פרש מטליות לחו,יחידה,0.00,יחידה,false,,11.90,0.0000,true,1,30353
7290013269652,false,פוליויקס נוזל לניקוי רצפות גרניט פורצלן סנו 2 ליטר,סנו פוליויקס,IL,פוליויקס גרניט פורצל,ליטרים,2.00,ליטר,false,,20.90,10.4500,true,1,30354
7290013269669,false,ריצפז בניחוח פנטזיה לניקוי הרצפה,"סנו מפעלי ברונוס בע""",IL,ריצפז פנטזיה 3ל,ליטרים,3.00,ליטר,false,,12.90,4.3000,true,1,30355
7290013269690,false,סנובון /פיסגה ג'ל בניחוח לימון-מרכז,Nicolas polandמשווק,PL,סנובון ג'ל אסלה לימו,מיליליטרים,55.00,"100 מ""ל",false,,6.90,0.1255,true,1,30356
7290013269850,false,נייר אפיה אקולוגי סנו סושי 50 יחידות,מולינו ניקולי s.p.a,IL,סנו סושי נייר אפיה א,יחידה,0.00,יחידה,false,,14.90,0.0000,true,1,30362
7290013269911,false,"סנו K-333 קוטל חרקים ללא ריח 750מ""ל","סנו מפעלי ברונוס בע""",IL,333 - k,מיליליטרים,750.00,"100 מ""ל",false,,30.90,0.0412,true,1,30365
7290013276124,false,"בקבוק בירה נגב אמבר אייל 330 מ""ל",הכרם משקאות חריפים בעמ,IL,בירה נגב אמבר אייל ח,מיליליטרים,330.00,"100 מ""ל",false,,12.90,0.0391,true,1,7356
7290013284310,false,רוטב פסטה לילדים פריניר 240 גרם,פריניר ( הדס 1987) ב,IL,רוטב לפסטה לילדים פר,גרמים,240.00,100 גרם,false,,4.90,0.0204,true,1,41332
7290013284662,false,רוטב פיצה פיתה לילדים 240 ג' פריניר,פריניר ( הדס 1987) ב,IL,רוטב פיצה פיתה פריני,גרמים,240.00,100 גרם,false,,4.90,0.0204,true,1,41333
7290013310163,false,מדליק פחם מוצק LIGHT EASY 40 יחידות,הדקלאים אגודת שיתופי,DE,איזילייט מדליק פחם מ,יחידה,0.00,יחידה,false,,6.50,0.0000,true,1,1000
7290013310637,false,נובי5523-מברשת ניצמדת לניקוי פטמות ובקבוקים,נובי Nuby,CN,מברשת לניקוי בקבוקים,יחידה,0.00,יחידה,false,,39.90,0.0000,true,1,466373
7290013358356,false,מאסטר שף - פירורי לחם מוזהבים 320 גרם,מנה י.א בעמ,IL,מאסטר שף פירורי לחם,גרמים,350.00,100 גרם,false,,6.90,0.0197,true,1,21499
7290013358363,false,מאסטר שף פרורי לחם פנקו עבים בסגנון יפני 300 גר,קריניציה ויטמינה אס,IL,מאסטר שף פירורי לחם,גרמים,300.00,100 גרם,false,,9.90,0.0330,true,1,21500
7290013358370,false,פנקו פירורי לחם מאסטר שף בטעם שום 300 גרם,"מיוצר ע""י מנה י.א בע",IL,מאסטר שף פירורי לחם,גרמים,300.00,100 גרם,false,,9.90,0.0330,true,1,21501
7290013358417,false,מאסטר שף אסייאתי רוטב טריאקי 300 מל כשלפ,קריניציה ויטמינה אס,TH,מאסטר שף אסייאתי רוט,מיליליטרים,300.00,"100 מ""ל",false,,12.90,0.0430,true,1,21504
7290013358530,false,מאסטר שף אסייאתי רוטב צ'ילי מתוק 700 מל כשלפ,קריניציה ויטמינה אס,TH,מאסטר שף רוטב צ'ילי,מיליליטרים,700.00,"100 מ""ל",false,,12.90,0.0184,true,1,21514
7290013358547,false,מאסטר שף אסייאתי רוטב צ'ילי חריף 700 מל כשלפ,קי.אר.אס. ספייסי פוד,TH,מאסטר שף רוטב צ'ילי,מיליליטרים,700.00,"100 מ""ל",false,,12.90,0.0184,true,1,21515
7290013412966,false,רבעיית מגבונים תולי 72*4 יחידות,DPL,IL,תולי מגבונים לחים 4*,יחידה,0.00,יחידה,false,,9.90,0.0000,true,1,29526
7290013424921,false,קיווי פרוסות קפוא פי,בינזו לונגשינטיאנרן,PL,קיווי פרוס קפוא 500,גרמים,500.00,100 גרם,false,,12.90,0.0258,true,1,151053
7290013424938,false,קוביות פסיפלורה קפוא,א.מ שרון,PL,קוביות פסיפלורה קפוא,גרמים,500.00,100 גרם,false,,16.90,0.0338,true,1,151081
7290013424945,false,מנגו קפוא 500 ג' פילד גוד,סאפו דקלאק טריידינג,PL,קוביות מנגו קפוא 500,גרמים,500.00,100 גרם,false,,12.90,0.0258,true,1,151082
7290013424952,false,אננס קפוא 500 ג' פילד גוד,סאפו דקלאק טריידינג,PL,אננס חתוך קפוא 500 ג,גרמים,500.00,100 גרם,false,,12.90,0.0258,true,1,151054
7290013424976,false,תות שדה שלם קפוא 500 ג' פילד גוד,אלפה פרוסט,PL,תות שדה שלם קפוא 500,גרמים,500.00,100 גרם,false,,12.90,0.0258,true,1,151068
7290013472199,false,ערמונים קלופים וקלויים 105 גרם,בייג'גג פוינונג,CN,וילי פוד ערמונים 100,גרמים,100.00,100 גרם,false,,5.90,0.0590,true,1,2961
7290013525253,false,שמיר טחינה מיוחדת 16,"סלטי שמיר 2006 בע""מ",IL,שמיר טחינה מיוחדת 16,גרמים,160.00,100 גרם,false,,5.90,0.0369,true,1,17731
7290013525260,false,שמיר חציל במיונז 160,"סלטי שמיר 2006 בע""מ",IL,שמיר חציל במיונז 160,גרמים,160.00,100 גרם,false,,5.90,0.0369,true,1,17732
7290013525710,false,חומוס עם טחינה 160 גרם,"סלטי שמיר 2006 בע""מ",IL,שמיר חומוס עם טחינה,גרמים,160.00,100 גרם,false,,5.90,0.0369,true,1,17735
7290013525727,false,חומוס עם רוטב מסבחה 160 גרם,סלטי שמיר,IL,שמיר חומוס עם רוטב מ,גרמים,160.00,100 גרם,false,,5.90,0.0369,true,1,17736
7290013525741,false,חומוס עם רוטב חריף 160 גרם,"סלטי שמיר 2006 בע""מ",IL,שמיר חומוס עם רוטב ח,גרמים,160.00,100 גרם,false,,5.90,0.0369,true,1,17738
7290013525789,false,אריסה מרוקאית שמיר 150 גר',"סלטי שמיר 2006 בע""מ",IL,שמיר אריסה מרוקאית ח,גרמים,150.00,100 גרם,false,,8.90,0.0593,true,1,17739
7290013525796,false,סחוג תימני שמיר 150 גר',"סלטי שמיר 2006 בע""מ",IL,שמיר סחוג תימני 150ג,גרמים,150.00,100 גרם,false,,8.90,0.0593,true,1,17740
7290013525802,false,סחוג תימני אדום 150 גר' שמיר,"סלטי שמיר 2006 בע""מ",IL,שמיר סחוג אדום 150ג,גרמים,150.00,100 גרם,false,,8.90,0.0593,true,1,17741
7290013525819,false,סלט שום כתוש שמיר 15,"סלטי שמיר 2006 בע""מ",IL,שמיר שום כתוש 150ג,גרמים,150.00,100 גרם,false,,8.90,0.0593,true,1,17742
7290013531582,false,מארז זיתים ירוקים מגולענים יכין 200 גרם,פרופר,IL,זיתים חרוזית מגולעני,גרמים,600.00,100 גרם,false,,11.90,0.0198,true,1,8737
7290013531759,false,שעועית אפויה במים יכין 330 גרם,"זנלכל בע""\מ",IL,שעועית אפויה במים יכ,גרמים,550.00,100 גרם,false,,9.90,0.0180,true,1,8746
7290013534057,false,"צ'יפס בטטה טבעי מיה 100ג' 'כשל""פ",מיה תעשיות מזון מ.ת.מ. ב,IL,מיה ציפס בטטה טבעי 1,גרמים,100.00,100 גרם,false,,8.90,0.0890,true,1,15138
7290013580009,false,המבורגר זהב 400 גרם הקצביה בלדי,בלדי,IL,המבורגר זהב 400 גרם,גרמים,400.00,100 גרם,false,,15.90,0.0398,true,1,35355
7290013581648,false,אל מטאדור מינוט סטייק 250 גרם בלדי,בלדי,IL,מינוט סטייק אל מטאד,גרמים,250.00,100 גרם,false,,17.90,0.0716,true,1,107903
7290013585257,false,ספרייט זירו בבקבוק אישי,החברה המרכזית לייצור משקאות,IL,ZERO ספרייט 0.5 ל,מיליליטרים,500.00,"100 מ""ל",false,,6.80,0.0136,true,1,7085
7290013585387,false,קוקה קולה זירו בקבוק,החברה המרכזית לייצור משקאות,IL,קולה זירו 1 ליטר,ליטרים,1.00,ליטר,false,,6.90,6.9000,true,1,7095
7290013585394,false,קוקה קולה 1ליטר בודד,החברה המרכזית לייצור משקאות,IL,קוקה קולה 1 ליטר,ליטרים,1.00,ליטר,false,,7.50,7.5000,true,1,7096
7290013608260,false,מיץ רימונים 100%מיץ סחוט טרי מצונן 1ליט,"גניר (1992) בע""מ",IL,פרימור מיץ רימונים ס,יחידה,0.00,יחידה,false,,22.90,0.0000,true,1,23372
7290013608482,false,נקטר מנגו פרימור 1 ליטר,דיפלומט,IL,נקטר מנגו פרימור 1 ל,ליטרים,1.00,ליטר,false,,8.50,8.5000,true,1,51596
7290013608550,false,נקטר תפוזים פרימור 1 ליטר,סטאר סנקס,IL,נקטר תפוזים פרימור 1,ליטרים,1.00,ליטר,false,,8.50,8.5000,true,1,51600
7290013608673,false,נקטר תפוחי עץ פרימור 1 ליטר,סטאר סנקס,IL,נקטר תפוחי עץ פרימור,יחידה,0.00,יחידה,false,,8.50,0.0000,true,1,51607
7290013675545,false,"שניצל כלי תחבורה ""מאמא עוף"" 700 גרם",תנובה גליל שותפות מוגבלת,IL,שניצל כלי תחבורה 700,גרמים,700.00,100 גרם,false,,30.90,0.0441,true,1,25598
7290013677211,false,תן צ'אפ כריות בטעם קטשופ מיה 50 גרם,מיה תעשיות מזון מ.ת.מ. ב,IL,תן צ'אפ כריות בטעם ק,גרמים,50.00,100 גרם,false,,3.90,0.0780,true,1,15159
7290013677426,false,תן צ'אפ גלגלים צ'ילי מיה 50 גרם,מיה תעשיות מזון,IL,תן צ'אפ קטשופ 60 גרם,גרמים,60.00,100 גרם,false,,3.50,0.0583,true,1,15177
7290013677846,false,"כוסמת מיה 1 ק""ג",מיה תעשיות מזון מ.ת.מ. ב,IL,כוסמת 1 ק'ג,קילוגרמים,1.00,"ק""ג",false,,12.90,12.9000,true,1,15193
7290013702036,false,"שוופס ווטר 500 מ""ל- אפרסק",יפאורה שותפות מובגלת לשיווק,IL,שוופס אפרסק ווטר 0.5,מיליליטרים,500.00,"100 מ""ל",false,,5.50,0.0110,true,1,11633
7290013702050,false,"שוופס ווטר 500 מ""ל- ענבים",יפאורה תבורי,IL,שוופס ענבים ווטר 0.5,מיליליטרים,500.00,"100 מ""ל",false,,5.50,0.0110,true,1,11635
7290013702883,false,"שוופס מוגז פינק למונייד 500 מ""ל",יפאורה שותפות מובגלת לשיווק,IL,משקה פינק למונייד שו,מיליליטרים,500.00,"100 מ""ל",false,,5.90,0.0118,true,1,11657
7290013724946,false,שקדים בשוקולד מריר 140 גר שקדיה,"דין שיווק וקלייה בע""",IL,שקדים בציפוי שוקלד מ,גרמים,140.00,100 גרם,false,,10.90,0.0779,true,1,4677
7290013724960,false,שקדים בציפוי שוקולד בקופסא שקדיה 140 גרם,"דין שיווק וקלייה בע""",IL,שקדים בציפוי שוקולד,גרמים,140.00,100 גרם,false,,10.90,0.0779,true,1,4679
7290013724991,false,אגוזי לוז בציפוי שוקולד בקופסא שקדיה 140 גרם,"דין שיווק וקלייה בע""",IL,אגוזי לוז בציפוי שוק,גרמים,140.00,100 גרם,false,,10.90,0.0779,true,1,4682
7290013787392,false,רביולי גבינות קלאסי 330 גרם ריקו בית יוסף,דודו איטליאן פרודקטס בע\,IL,רביולי גבינות קלאסי,גרמים,330.00,100 גרם,false,,24.90,0.0755,true,1,94287
7290013787408,false,רביולי בטטה 330 גרם ריקו בית יוסף,דודו איטליאן פרודקטס בע\,IL,רביולי בטטה ריקו 330,גרמים,330.00,100 גרם,false,,24.90,0.0755,true,1,94288
7290013787415,false,רביולי ריקוטה תרד 330 גרם ריקו בית יוסף,דודו איטליאן פרודקטס בע\,IL,רביולי ריקוטה תרד 33,גרמים,330.00,100 גרם,false,,24.90,0.0755,true,1,94289
7290013848017,false,תרסיס ניקוי והברקת נירוסטה,"סנו מפעלי ברונוס בע""מ",IL,ניקוי והברקה נירוסטה,מיליליטרים,500.00,"100 מ""ל",false,,20.90,0.0418,true,1,30367
7290013848383,false,קרמה מן גל רחצה אקטיב בלוק 700 מל לגבר,טרופיקל דגיל תעשיות,IL,ג'ל רחצה אנטי בלוק ק,מיליליטרים,700.00,"100 מ""ל",false,,18.90,0.0270,true,1,30374
7290013848758,false,מקסימה גל כביסה מרוכז בייבי 3ליטר סנסטיב,"סנו מפעלי ברונוס בע""\מ",IL,סנו מקסימה ג'ל כביסה,ליטרים,3.00,ליטר,false,,36.90,12.3000,true,1,30393
7290013875396,false,מטאטא פואטה,,,מטאטא פואטה,יחידה,0.00,יחידה,false,,15.90,0.0000,true,1,51945
7290013883407,false,"דזיטול מרסס לחיטוי כללי יעקבי 750 מ""ל",יעקבי - דזיטול Desytol,ES,דזיטול מחטא ומשמיד ח,מיליליטרים,700.00,"100 מ""ל",false,,11.90,0.0170,true,1,11353
7290013906052,false,נקניקיות פרגיות טירת צבי 300 גרם,הנסיך- מפעל לייצור ט,IL,טירת צבי נקניקיות פר,גרמים,300.00,100 גרם,false,,11.80,0.0393,true,1,25384
7290013906205,false,פסטרמה עם שום וצילי טירת צבי 400 ג',הנסיך- מפעל לייצור ט,IL,טירת צבי פסטרמה שום,גרמים,400.00,100 גרם,false,,26.90,0.0672,true,1,25385
7290013906212,false,"נקנקיות וינר טירת 1 ק""ג טירת צבי",הנסיך- מפעל לייצור ט,IL,טירת צבי נקניקיות וי,קילוגרמים,1.00,"ק""ג",false,,22.90,22.9000,true,1,25386
7290013906441,false,קבנוס טירת צבי 120 גרם,הנסיך- מפעל לייצור ט,IL,טירת צבי קבנוס 120 ג,גרמים,120.00,100 גרם,false,,9.90,0.0825,true,1,25397
7290013906458,false,קבנוס בטעם פיקנטי טירת צבי 120 גרם,הנסיך- מפעל לייצור ט,IL,טירת צבי קבנוס פיקנט,גרמים,120.00,100 גרם,false,,9.90,0.0825,true,1,25398
7290013906489,false,חטיפי מיני קבנוס טירת צבי 120 גרם,הנסיך- מפעל לייצור ט,IL,טירת צבי חטיפי מיני,גרמים,120.00,100 גרם,false,,9.90,0.0825,true,1,25399
7290013906519,false,פרושוטו בקר טירת צבי 100 גרם,הנסיך- מפעל לייצור ט,IL,טירת צבי פרשוטו בקר,גרמים,100.00,100 גרם,false,,24.90,0.2490,true,1,25401
7290013906687,false,פסט' צמד כפרית ברביקיו ודבש 300X2ג' טירת צבי,הנסיך- מפעל לייצור ט,IL,טירת צבי צמד כפרית ב,גרמים,600.00,100 גרם,false,,24.90,0.0415,true,1,25403
7290013906694,false,נקניקיות שקית קילו וחצי טירת צבי,הנסיך- מפעל לייצור ט,IL,"נקניקיות עוף 1.5 ק""ג",קילוגרמים,1.50,"100 ק""ג",false,,34.90,23.2667,true,1,340278
7290013906700,false,"נקניקיות הודו טירת צבי כשרות הרב מחפוד 1.5 ק""ג",טיב טירת צבי 2000,IL,"נקניקיות הודו 1.5 ק""",קילוגרמים,1.50,"100 ק""ג",false,,35.90,23.9333,true,1,340264
7290014002197,false,חליטת קמומיל ולימונית הגן הקסום ויסוצקי 25 יחידות,תה ויסוצקי,IL,תה חליטת קמומיל ולימ,גרמים,37.50,100 גרם,false,,17.90,0.4773,true,1,24743
7290014002203,false,חליטת לימונית ולואיזה הגן הקסום ויסוצקי 25 יחידות,תה ויסוצקי,IL,תה חליטת לימונית ולו,גרמים,37.50,100 גרם,false,,17.90,0.4773,true,1,24744
7290014002944,false,גן קסום חליטת פירות וצמחים חמדת שקד 25 שקיקים,תה ויסוצקי,IL,תה גן קסום חליטת חמא,גרמים,62.50,100 גרם,false,,17.90,0.2864,true,1,24756
7290014046016,false,פסטרמה של פעם דל שומן 2% רכיבים טבעיים,מעדני יחיעם,IL,יחיעם פסטרמה הודו 10,גרמים,250.00,100 גרם,false,,24.90,0.0996,true,1,15583
7290014046474,false,"נקניקיות עוף יחיעם 1.5 ק""ג",מעדני יחיעם,IL,יחיעם נקניקיות עוף 1,קילוגרמים,1.50,"ק""ג",false,,27.90,18.6000,true,1,15589
7290014046580,false,"פסטרמה מעודנת על האש 300 גרם ""יחיעם""",מעדני יחיעם 1993,IL,יחיעם פסטרמה מעודנת,גרמים,300.00,100 גרם,false,,19.90,0.0663,true,1,15596
7290014046757,false,סלמי תה מעדני יחיעם,מעדני יחיעם,IL,סלמי תה `שרולה` 300,גרמים,300.00,100 גרם,false,,19.90,0.0663,true,1,15601
7290014059085,false,"משחת שיניים סנסודיין 75 מ""ל פרימיום לשיקום והגנה","סמית קליין ביצ'ם בע""",GB,משחה לשיקום והגנה סנ,מיליליטרים,75.00,"100 מ""ל",false,,24.90,0.3320,true,1,3897
7290014059436,false,"משחת שיניים סנסודיין 75 מ""ל פרימיום לשיקום והגנה מלבינה 75 מ""ל","סמית קליין ביצ'ם בע""",GB,משחת שיניים לשיקום ס,מיליליטרים,75.00,"100 מ""ל",false,,24.90,0.3320,true,1,3903
7290014066380,false,לנדוור-קפסולות אספרסו סופרימו(10) - 10יח'12X יח,קפה לנדוור,IL,לנדוור קפה אספרסו סו,יחידה,0.00,יחידה,false,,14.90,0.0000,true,1,47
7290014066441,false,לנדוור-קפסולות אספרסו נטול קפאין(07) - 10יח'12X יח,קפה לנדוור,IL,לנדוור קפסולות אספרס,יחידה,0.00,יחידה,false,,14.90,0.0000,true,1,65026
7290014079076,false,נבטי אלפלפא מרינה,"מרינה פטריות הגליל בע""מ",IL,נבטי אלפלפא,יח',1.00,יח',false,,6.90,6.9000,true,1,41540
7290014079236,false,פטריות פורטובלה צעירות מרינה,מרינה פטריות הגליל,IL,פטריות מיני חורש,יח',1.00,יח',false,,8.90,8.9000,true,1,41541
7290014079847,false,פטריות בייבי בלה צמד מרינה,"מרינה פטריות הגליל בע""מ",IL,פטריות בייבי בלה מאר,יח',1.00,יח',false,,14.90,14.9000,true,1,41546
7290014083806,false,עוגיות בטעם חמאה 350 גרם בפח,וילי פוד,PT,וילי פוד עוגיות בטעם,גרמים,350.00,100 גרם,false,,11.90,0.0340,true,1,2989
7290014094345,false,גרעיני חמניה קלופים ששון הקולה בקופסא 200 גרם,"דין שיווק וקלייה בע""",US,ששון הקולה גרעיני חמ,גרמים,300.00,100 גרם,false,,9.90,0.0330,true,1,4702
7290014095861,false,שיבולת שועל דקה בשקית שקדיה 500 גרם,"דין שיווק וקלייה בע""",IL,שיבולת שועל דקה קווא,גרמים,500.00,100 גרם,false,,4.90,0.0098,true,1,4742
7290014095946,false,משוקלדים פקאן בשוקולד מריר 140 גרם,"שקדיה גבע תעשיות בע""",IL,פקאן בציפוי שוקולד מ,גרמים,140.00,100 גרם,false,,10.90,0.0779,true,1,4743
7290014204560,false,"סבון נוזלי שלישיה 500 מ""ל פנינה רוזנבלום",פ.רוזנבלום כללי,IL,סבון נוזלי פנינה רוז,ליטרים,1.50,ליטר,false,,10.90,7.2667,true,1,18183
7290014217140,false,"מיכל ראס אל חנות 100 גר' ""טעם וריח""","תבליני טעם וריח בע""מ",IL,תבלין ראס אל חנות טע,גרמים,100.00,100 גרם,false,,9.00,0.0900,true,1,42447
7290014217225,false,גריל עוף בקופ' 120 גר' טעם וריח,"תבליני טעם וריח בע""מ",IL,טעם וריח גריל עוף מי,גרמים,120.00,100 גרם,false,,10.80,0.0900,true,1,42451
7290014217348,false,"מיכל צ'ילי כתוש 70 גר' ""טעם וריח""","תבליני טעם וריח בע""מ",IL,תבליני טעם וריח צילי,גרמים,70.00,100 גרם,false,,10.80,0.1543,true,1,42455
7290014218932,false,חטיפי פיצה בתוספ זיתים בשקית מעדנות 710 גרם,מיוצר עי קונדיטוריית,IL,חטיפי פיצה בתוספת זי,גרמים,710.00,100 גרם,false,,27.90,0.0393,true,1,35701
7290014256620,false,"יין מבעבע קריניאנו באזז יקבי כרמל 750 מ""ל",יקבי כרמל Carmel Winery,IL,יין באזז קריניאנו 75,מיליליטרים,750.00,"100 מ""ל",false,,27.90,0.0372,true,1,564
7290014256637,false,"יין מבעבע מוסקטו באזז יקבי כרמל 750 מ""ל",יקבי כרמל Carmel Winery,IL,יין באזז מוסקטו 750מ,מיליליטרים,750.00,"100 מ""ל",false,,27.90,0.0372,true,1,565
7290014258723,false,תרכובת מזון צמחי לתינוקות מגיל 0 עד גיל שנה,מטרנה תעשיות ש.מ,IL,מטרנה צמחי מגיל 0-12,גרמים,700.00,100 גרם,false,,68.90,0.0984,true,1,18781
7290014258730,false,תרכובת מזון צמחי לתינוקות מגיל 12 חודשים ואילך,מטרנה תעשיות ש.מ,IL,מטרנה צמחי מגיל שנה,גרמים,700.00,100 גרם,false,,63.90,0.0913,true,1,18782
7290014298217,false,בקבוק 620 פתיחת לחיצה,,,בקבוק שתיה קטן 350 מ,יחידה,0.00,יחידה,false,,24.90,0.0000,true,1,14286
7290014298996,false,בקבוק תרמי 500 מ''ל מוסקו,,,בקבוק טרמי,יחידה,0.00,יחידה,false,,49.90,0.0000,true,1,14297
7290014325036,false,סוכריות ג'לי עטופות שמחות מיה 600 גרם,מיה תעשיות מזון מ.ת.מ. ב,IL,ג'לי שמחות 600 גרם,גרמים,600.00,100 גרם,false,,18.90,0.0315,true,1,15196
7290014325043,false,"פודינג וניל 1 ק""ג שקית",מיה תעשיות מזון מ.ת.מ. ב,IL,מיה פודינג וניל 1 ק`,קילוגרמים,1.00,"ק""ג",false,,17.90,17.9000,true,1,15197
7290014397286,false,מרכך כביסה מרוכז חלב ודבש סנו מקסימה 1 ליטר,סנו-מקסימה,IL,סנו מקסימה קר מרכך מ,ליטרים,1.00,ליטר,false,,18.90,18.9000,true,1,30422
7290014397453,false,סנו אוקסיגן גל מסיר כתמים כביסה לבנה 3 ל,סנו אוקסיג'ן,IL,סנו אוקסיג'ן לכביסה,ליטרים,3.00,ליטר,false,,30.90,10.3000,true,1,30426
7290014397514,false,"מבשם אויר סנו פרש הום בניחוח כותנה מלטפת 350 מ""ל","סנו מפעלי ברונוס בע""",IL,סנו פרש הום כותנה מל,מיליליטרים,350.00,"100 מ""ל",false,,11.90,0.0340,true,1,30429
7290014397705,false,פוליויקס נוזל לניקוי פרקט סנו 2 ליטר,סנו פוליויקס,IL,פוליויקס פרקט בניחוח,ליטרים,2.00,ליטר,false,,21.90,10.9500,true,1,30442
7290014397767,false,סנו ריצפז פרש הום 2 ליטר בניחוח כותנה-מרכז,"סנו מפעלי ברונוס בע""",IL,ריצפז פרש הום כותנה,ליטרים,2.00,ליטר,false,,21.90,10.9500,true,1,30448
7290014397781,false,סנו ריצפז פרש הום 2 ליטר בניחוח סבון,סנו פרש Fresh,IL,ריצפז פרש הום סבון מ,ליטרים,2.00,ליטר,false,,21.90,10.9500,true,1,30450
7290014397873,false,מרכך כביסה בבישום עוצמתי ג'נטל בריז,סנו מפעלי ברונוס בעמ,IL,מרכך כביסה סנו מקסימ,ליטרים,4.00,ליטר,false,,22.90,5.7250,true,1,30456
7290014435704,false,סלמון מעושן שמיר 100 גרם,שבעת הימים - שמיר,IL,סלמון מעושן סלטי שמי,גרמים,100.00,100 גרם,false,,23.90,0.2390,true,1,17749
7290014435803,false,מטיאס הולנדי (פרובנציאל) עם בצל בשמן 180 גרם,שבעת הימים - שמיר,IL,מטיאס הולנדי פרובנצי,גרמים,180.00,100 גרם,false,,18.90,0.1050,true,1,17751
7290014435810,false,נתחי הרינג כבוש עם בצל במרינת חמוץ מתוק שמיר 220 גרם,שבעת הימים - שמיר,IL,הרינג כבוש עם בצל במ,גרמים,180.00,100 גרם,false,,18.90,0.1050,true,1,17752
7290014435827,false,פילה מקרל מעושן בשמן ויטהול 180 גר,שבעת הימים - שמיר,IL,פילה מקרל מעושן בשמן,גרמים,180.00,100 גרם,false,,24.90,0.1383,true,1,17753
7290014435834,false,מקרל מעושן פרוס בשמן שמיר 180 גרם,שבעת הימים - שמיר,IL,מקרל מעושן פרוס בשמן,גרמים,180.00,100 גרם,false,,24.90,0.1383,true,1,17754
7290014435841,false,פילה הרינג עם בצל בשמן מטיאס הולנדי שמיר 200 גרם,סלטי שמיר 2006 בעמ,IL,פילה מטיאס הולנדי  ב,גרמים,180.00,100 גרם,false,,18.90,0.1050,true,1,17755
7290014455245,false,גבינת גרנה פדנו משולש 29% 200 גרם בית יוסף,מחלבת סוציאלה מנטובה,IT,גד גרנה פדנו משולש כ,גרמים,200.00,100 גרם,false,,25.90,0.1295,true,1,14699
7290014455252,false,גבינה קשה מגורדת גרנה פדנו 29% שומן,מחלבות גד שיווק 1992,IT,גד גרנה פדנו מגורד כ,גרמים,100.00,100 גרם,false,,12.90,0.1290,true,1,14700
7290014455320,false,גבינה כדורי מוצרלה פרסקה גד 100ג',מחלבות גד בעמ,IL,גד כדור מוצרלה פרסקה,גרמים,100.00,100 גרם,false,,10.40,0.1040,true,1,14703
7290014455467,false,ירח מתוק מעדן חלב 2% ושיבולת שועל גד 150ג',גבינות מדף,IL,גד מעדן שיבולת שועל,מיליליטרים,150.00,"100 מ""ל",false,,6.40,0.0427,true,1,14708
7290014459137,false,"תפוגן סטייק צ'יפס 1.5 ק""ג אסם","תעשיות תפוגן בע""\מ",IL,תפוגן סטייק ציפס 1.5,קילוגרמים,1.50,"ק""ג",false,,23.90,15.9333,true,1,19821
7290014459373,false,"צ'יפס קראנצ'י לתנור קפוא תפוגן 1.5ק""ג","תעשיות תפוגן בע""\מ",IL,תפוגן ציפס קראנצי 1.,קילוגרמים,1.50,"ק""ג",false,,24.90,16.6000,true,1,19826
7290014459472,false,"צ'יפס קפוא תפוגן 2 ק""ג כשל""פ","תעשיות תפוגן בע""מ",IL,תפוגן צ`יפס קלאסי 2,קילוגרמים,2.00,"ק""ג",false,,24.90,12.4500,true,1,19828
7290014459632,false,"תפוגן צ'יפס טוגן 1.5 ק""ג",עיצובים 2020 (4.5),IL,"טוגן 1.5 ק""ג",קילוגרמים,1.50,"ק""ג",false,,16.90,11.2667,true,1,19831
7290014466463,false,"יין הר חרמון מסקטו עברית 750 מ""ל",יקבי רמת הגולן קצרין,IL,יקבי רמת הגולן הר חר,מיליליטרים,750.00,"100 מ""ל",false,,35.90,0.0479,true,1,41650
7290014471429,false,"מוזלי עם פירות 1 ק""ג - 429 סגול שקדיה","דין שיווק וקלייה בע""",IL,מוזלי פירות עם פירות,קילוגרמים,1.00,"ק""ג",false,,18.90,18.9000,true,1,4747
7290014471436,false,"מוזלי צימוקים תפוח קינמון וגרעיני חמניה 1 ק""ג כחול שקדיה","דין שיווק וקלייה בע""",IL,מוזלי צימוקים תפוח ק,קילוגרמים,1.00,"ק""ג",false,,18.90,18.9000,true,1,4748
7290014501829,false,"יין גליל קברנה סוביניון 750 מ""ל",יקב הרי גליל,IL,הרי גליל קברנה סובינ,מיליליטרים,750.00,"100 מ""ל",false,,65.20,0.0869,true,1,603233
7290014525016,false,עשיריית חטיף סלים פרוט מרבה יוגורט תות סלים דליס 18.2 גרם,סלים דליס Slim Delis,ES,חטיף בטעם יוגורט תות,גרמים,180.00,100 גרם,false,,10.90,0.0606,true,1,21532
7290014525023,false,חטיף בריאות יוגורט במילוי פירות יער 182ג,סלים דליס Slim Delis,ES,חטיף פירות יער סלים,גרמים,215.00,100 גרם,false,,10.90,0.0507,true,1,21533
7290014525290,false,חטיפי סלים דליס קריספי תות מרבה 125 גרם,סלים דליס Slim Delis,NL,חטיף מרבה קריספי תות,גרמים,125.00,100 גרם,false,,10.90,0.0872,true,1,21546
7290014525306,false,חטיפי סלים דליס קריספי אוכמניות מרבה 125 גרם,סלים דליס Slim Delis,NL,חטיף מרבה קריספי אוכ,גרמים,125.00,100 גרם,false,,10.90,0.0872,true,1,21547
7290014525313,false,חטיפי סלים דליס קריספי שוקולד מרבה 125 גרם,סלים דליס Slim Delis,NL,חטיף מרבה קריספי שוק,גרמים,125.00,100 גרם,false,,10.90,0.0872,true,1,21548
7290014636378,false,סט מצעים זוגי סטאן ר,,,סט מצעים זוגי סטאן ר,יחידה,0.00,יחידה,false,,99.90,0.0000,true,1,28135
7290014636545,false,שלישית מגבות מטבח ג'קרד,,,שלישית מגבות מטבח פס,יחידה,0.00,יחידה,false,,19.90,0.0000,true,1,343198
7290014636682,false,מגבת פנים חלקה 550 גרם,,,מגבת פנים,יחידה,0.00,יחידה,false,,19.90,0.0000,true,1,28143
7290014673359,false,מלח לימון תבליני מימון 400 גרם,א.ל ייצור ושיווק תבל,IL,מלח לימון 400 גר,גרמים,400.00,100 גרם,false,,21.90,0.0547,true,1,361
7290014673373,false,פפריקה הונגרית חריפה תבליני מימון 250 גרם,א.ל ייצור ושיווק תבל,IL,מימון פפריקה הונגרית,גרמים,250.00,100 גרם,false,,21.90,0.0876,true,1,363
7290014673380,false,כמון טחון תבליני מימון 250 גרם,א.ל ייצור ושיווק תבל,IL,מימון כמון טחון 250,גרמים,250.00,100 גרם,false,,21.90,0.0876,true,1,364
7290014673403,false,פלפל שחור טחון תבליני מימון 250 גרם,א.ל ייצור ושיווק תבל,IL,מימון פלפל שחור טחון,גרמים,250.00,100 גרם,false,,30.00,0.1200,true,1,366
7290014673434,false,פלפל שחור גרוס דק שקית תבליני מימון 80גרם,א.ל ייצור ושיווק תבל,,פלפל שחור גרוס דק בש,גרמים,80.00,100 גרם,false,,8.90,0.1113,true,1,368
7290014674004,false,קריספ פירורי לחם שומשום ומלח ים 300 גרם מיימונס,א.ל ייצור ושיווק תבל,IL,פירורי לחם עם שומשום,גרמים,300.00,100 גרם,false,,7.90,0.0263,true,1,463658
7290014692299,false,גבינת ברי EURO CHEESE ויליפוד 125 גרם,יורו צ'יז Euro Cheese,DK,גבינת ברי 125 גרם EU,גרמים,125.00,100 גרם,false,,14.90,0.1192,true,1,2993
7290014692305,false,גבינת קממבר EURO CHEESE ויליפוד 125 גרם,הנסיך- מפעל לייצור ט,DK,גבינת קממבר 125 גרם,גרמים,125.00,100 גרם,false,,14.90,0.1192,true,1,2994
7290014692541,false,צהובה מגורדת גולדן 500 גרם ויליפוד,ג.וילי פוד אינטרנשיו,IL,גולדן צהובה מגורדת 5,גרמים,500.00,100 גרם,false,,15.90,0.0318,true,1,3000
7290014731189,false,כפיות איכותי 100 יח',רם,,כפיות P.P לבן 100 יח,יח',100.00,יח',false,,6.90,0.0690,true,1,542079
7290014731264,false,ספלאש כוסות 180CC לשתייה קרה 100 יחידות,רם,IL,כוסות לשתיה קרה חד פ,יח',100.00,יח',false,,6.90,0.0690,true,1,28144
7290014748613,false,מקלוני דגים בציפוי צ'יפס דג טוב 600 גרם,מוצרי עוף טוב (2001) בע\,IL,דג טוב מקלוני דגים ב,גרמים,600.00,100 גרם,false,,28.90,0.0482,true,1,19882
7290014748651,false,פילה אמנון מצופה נתח שלם דג טוב 360 גרם,מוצרי עוף טוב (2001) בע\,IL,דג טוב פילה אמנון מצ,גרמים,360.00,100 גרם,false,,32.90,0.0914,true,1,19884
7290014749078,false,עוף טוב מקלוני קבנוס 200 גר',עוף טוב,IL,עוף טוב מקלוני קבנוס,גרמים,200.00,100 גרם,false,,17.90,0.0895,true,1,19896
7290014749245,false,ספיישל רצועות שניצל שומשום עוף טוב 600 גרם,מוצרי עוף טוב (2001) בע\,IL,רצועות שניצל שומשום,גרמים,600.00,100 גרם,false,,30.90,0.0515,true,1,66803
7290014749764,false,עוף טוב שניצל עוף ביתי עדין כזה 700 גרם,מוצרי עוף טוב (2001) בע\,IL,שניצל עוף ביתי כזה ע,גרמים,700.00,100 גרם,false,,38.90,0.0556,true,1,66770
7290014758100,false,מאגדת יוגורט ביו 3% שומן 8 יח' *150ג' תנובה,מיוצר עי קונדיטוריית,IL,יוגורט תנובה 3% 8*15,קילוגרמים,1.20,"ק""ג",false,,16.90,14.0833,true,1,26027
7290014758117,false,מאגדת יוגורט ביו 1.5% שומן 8 יח' *150 ג' תנובה,מיוצר עי קונדיטוריית,IL,יוגורט תנובה 1.5% 8*,קילוגרמים,1.20,"ק""ג",false,,16.90,14.0833,true,1,26028
7290014758681,false,קוטג תנובה 1% גביע 250 גרם,מיוצר עי קונדיטוריית,IL,קוטג תנובה 1% 250ג,גרמים,250.00,100 גרם,false,,5.50,0.0220,true,1,26034
7290014759084,false,גבינת שמנת נפוליאון 16% מופחת שומן תנובה 225 גרם,תנובה מרכז שיתופי לש,IL,נפוליאון 16% 225גר,גרמים,225.00,100 גרם,false,,12.90,0.0573,true,1,26035
7290014759237,false,יוגורט תנובה 6.5% כד 3 ליטר,,,יוגורט כדים תנובה בי,ליטרים,3.00,ליטר,false,,30.30,10.1000,true,1,26036
7290014759534,false,גבינה בולגרית למריחה טבעי 5% 200 ג' פיראוס,"תנובה, מחלבת תל יוסף",IL,פיראוס בולגרית למריח,גרמים,200.00,100 גרם,false,,14.90,0.0745,true,1,26039
7290014759701,false,"מאגדת שמינייה יופלה מעודן בד""צ בנגיעות וניל",עדן קינוחים בעמ,IL,יופלה יוגורט מעודן ט,קילוגרמים,1.20,"ק""ג",false,,21.50,17.9167,true,1,26041
7290014759909,false,פטה עיזים 5% פיראוס גביע 250 גרם,"תנובה, מחלבת טנא נוג",IL,פיראוס פטה עזים פירא,גרמים,250.00,100 גרם,false,,28.90,0.1156,true,1,26042
7290014759978,false,גבינת קצקבל גלעד 27% תנובה 200 גרם,תנובה חלב,IL,גבינות תנובה קצקבל פ,גרמים,200.00,100 גרם,false,,24.90,0.1245,true,1,26044
7290014759985,false,גבינת פרמזן גבע 23% תנובה 200 גרם,תנובה חלב,IL,גבינה קשה מחלב בקר 2,גרמים,200.00,100 גרם,false,,23.90,0.1195,true,1,26045
7290014759992,false,גבינת רוקפור גליל פלח 140 ג' תנובה,"תנובה, מחלבת תל יוסף",IL,גבינות תנובה רוקפור,גרמים,140.00,100 גרם,false,,18.90,0.1350,true,1,26046
7290014760134,false,"מעדן סויה בטעם וניל תנובה 125 מ""ל",תנובה Alternative,IL,גביע מעדן סויה בטעם,גרמים,125.00,100 גרם,false,,4.40,0.0352,true,1,26047
7290014760141,false,משקה שקדים תנובה E אלטרנטיב,תנובה Alternative,IL,תנובה משקה שקדים טרי,יחידה,0.00,יחידה,false,,13.50,0.0000,true,1,26048
7290014760448,false,גבינה צהובה גלבוע 400 גרם 22% שומן תנובה,מיוצר בסין.יבוא ושיו,IL,גלבוע 22% 400 גרם,גרמים,400.00,100 גרם,false,,25.10,0.0628,true,1,26051
7290014760912,false,פרוסות גבינה 28% שומן 400 ג' גוש חלב,תנובה מרכז שיתופי לש,IL,גוש חלב 28% מהדרין 4,גרמים,400.00,100 גרם,false,,26.90,0.0672,true,1,26055
7290014761056,false,מעדן שוקולד חלב יולו תנובה 123 גרם,מיוצר עי קונדיטוריית,IL,יולו שוקולד חלב מעול,גרמים,122.00,100 גרם,false,,5.10,0.0418,true,1,26057
7290014761063,false,מעדן שוקולד מריר יולו תנובה 123 גרם,מיוצר עי קונדיטוריית,IL,יולו שוקולד מריר מעו,גרמים,122.00,100 גרם,false,,5.10,0.0418,true,1,26058
7290014761070,false,מעדן שוקולד לבן יולו תנובה 123 גרם,מיוצר עי קונדיטוריית,IL,יולו שוקולד לבן מעול,גרמים,122.00,100 גרם,false,,5.10,0.0418,true,1,26059
7290014761193,false,יוגורט עם פירות יער 1.5% שומן 125 ג' פרילי,תנובה מרכז שיתופי לש,IL,פרילי פירות יער 1.5%,גרמים,125.00,100 גרם,false,,3.70,0.0296,true,1,26060
7290014761414,false,יולו מעדן שכבות שוקולד חלב ולבן 123 גר,מיוצר עי קונדיטוריית,IL,יולו מעדן שכבות שוקו,גרמים,122.00,100 גרם,false,,5.10,0.0418,true,1,26068
7290014762756,false,גבינת שמנת נפוליאון 16% עם בצל תנובה 225 גרם,תנובה חלב,IL,נפוליאון 16% עם בצל,גרמים,225.00,100 גרם,false,,12.90,0.0573,true,1,26087
7290014762800,false,מעדן סויה שוקולד גביע 125 גרם אלטרנטיב,תנובה מרכז שיתופי לש,IL,גביע מעדן סויה בטעם,גרמים,125.00,100 גרם,false,,4.40,0.0352,true,1,26092
7290014762831,false,גבינת שמנת נפוליאון 16% עם פלפל חלפיניו תנובה 225 גרם,תנובה מרכז שיתופי לש,IL,גבינת שמנת נפוליאון,גרמים,225.00,100 גרם,false,,12.90,0.0573,true,1,26093
7290014762909,false,פתיתי מוצרלה השף הלבן 10% תוספת מתנה,"תנובה, מחלבת תל יוסף",IL,פתיתי מוצרלה 200 גר`,גרמים,200.00,100 גרם,false,,15.90,0.0795,true,1,26097
7290014762947,false,לאבנה גלילית 11% שומן 750 ג' פיראוס,תנובה,IL,לאבנה גלילית פיראוס,גרמים,750.00,100 גרם,false,,23.90,0.0319,true,1,26099
7290014763272,false,יוגורט סויה BIO לשתייה תות ובננה אלטרנטיב,תות תעשיות מזון (201,IL,משקה סויה ביו עם תות,מיליליטרים,250.00,"100 מ""ל",false,,6.20,0.0248,true,1,26104
7290014791091,false,"שוויפס לימונייד 500 מ""ל",יפאורה שותפות מובגלת לשיווק,IL,משקה למונייד שוופס 5,מיליליטרים,500.00,"100 מ""ל",false,,5.90,0.0118,true,1,11662
7290014791725,false,"שוויפס תפוחים מוגז 500 מ""ל",יפאורה שותפות מובגלת לשיווק,IL,משקה מוגז תפוחים שוו,מיליליטרים,500.00,"100 מ""ל",false,,5.90,0.0118,true,1,11680
7290014855434,false,מגבונים בייביסיטר פרפורמנס מבושם רביעיה,בייביסיטר Babysitter,IL,בייביסיטר פרפורמנס מ,יחידה,0.00,יחידה,false,,15.90,0.0000,true,1,29540
7290014855458,false,מגבוני בייביסיטר פרפורמנס ללא בישום מארז 72X4יח',בייביסיטר Babysitter,IL,מגבוני בייבי פרפורמנ,יחידה,0.00,יחידה,false,,15.90,0.0000,true,1,29541
7290014860070,false,"מקלוני אורז ללא גלוטן 5 מ""מ 454גר' (אור)",ניינטי נודל קו,TH,"מקלוני אורז 5 מ""מ לל",גרמים,454.00,100 גרם,false,,10.90,0.0240,true,1,47537
7290014860988,false,"שימורי קרם קוקוס 17% 400 מ""ל (TCC) כשר",theppadungporn cocon,TH,שימורי קרם קוקוס 17%,מיליליטרים,400.00,"100 מ""ל",false,,9.90,0.0248,true,1,47540
7290014901247,false,"שמפו קרטין לאחר החלקה ועיצוב בחום סטייל 750 מ""ל",א.ל. ארמן ייצור תמרו,IL,שמפו קרטין סטייל 750,מיליליטרים,750.00,"100 מ""ל",false,,24.90,0.0332,true,1,3923
7290014901308,false,"סנסודיין משחת שיניים להגנה מלאה 75 מ""ל - סדרת פרמיום","סמית קליין ביצ'ם בע""",GB,משחת שיניים הגנה מלא,מיליליטרים,75.00,"100 מ""ל",false,,24.90,0.3320,true,1,3927
7290014905160,false,"הפי מטהר אוויר פניני ריח בניחוחות, 130 גרם",יוליניבר,IT,הפי פניני ריח תפוז\ו,גרמים,130.00,100 גרם,false,,11.90,0.0915,true,1,11370
7290014905696,false,"נוזל כלים הפי מרוכז 24% לימון 750 מ""ל",יעקובי הפי,IL,הפי לכלים צהוב לימון,מיליליטרים,750.00,"100 מ""ל",false,,7.90,0.0105,true,1,11381
7290014905733,false,"הפי פרפקט לניקוי שמשות 750 מ""ל",יעקובי הפי,TR,הפי מרסס לניקוי חלונ,מיליליטרים,750.00,"100 מ""ל",false,,7.50,0.0100,true,1,11383
7290014910461,false,"ערק יודה 700 מ""ל כשל",בני בהיג'\ קעואר לתעשייה,IL,"ערק יודה 700 מ""ל כשל",מיליליטרים,700.00,"100 מ""ל",false,,60.90,0.0870,true,1,11226
7290014940901,false,לחם פשוט מלא אנג'ל 750 גרם,מאפיית שלמה א. אנג'\ל בע,IL,לחם פשוט מלא אנגל 75,גרמים,750.00,100 גרם,false,,11.90,0.0159,true,1,35497
7290014945654,false,מדליק עץ ופחמים שיינ,מ.א.יצור ויבוא מטליו,DE,מדליק עץ ופחמים שיינ,יחידה,0.00,יחידה,false,,5.90,0.0000,true,1,13558
7290014945739,false,שייני ניילון נצמד 150 מ',,IL,שייני ניילון נצמד 15,יחידה,0.00,יחידה,false,,17.90,0.0000,true,1,13561
7290014945890,false,מברשת שטיחים,,,מברשת שטיחים,יחידה,0.00,יחידה,false,,14.90,0.0000,true,1,553318
7290015009461,false,שימורי שעועית שחורה במי מלח,יורקום סרל,IT,שעועית שחורה במי מלח,גרמים,240.00,100 גרם,false,,9.90,0.0413,true,1,444452
7290015014168,false,בייבי מיקס רמי לוי,,,עלי בייבי,גרמים,120.00,100 גרם,false,,7.90,0.0658,true,1,47718
7290015014182,false,לבבות קיסר בנספק רמי לוי,קטיף.,IL,לבבות חסה,יח',1.00,יח',false,,9.90,9.9000,true,1,47720
7290015014458,false,מרווה רמי לוי,,,מרווה (בוסתן),יח',1.00,יח',false,,6.90,6.9000,true,1,47726
7290015014465,false,רוזמרין רמילוי,,,רוזמרין (בוסתן),יח',1.00,יח',false,,6.90,6.9000,true,1,47727
7290015014472,false,קורנית(בוסתן),,,קורנית(בוסתן),יח',1.00,יח',false,,4.90,4.9000,true,1,47728
7290015014663,false,שיבה,,,שיבה,יח',1.00,יח',false,,6.90,6.9000,true,1,47735
7290015033084,false,קוסקוס חיטה בינוני ד,,IL,קוסקוס חיטה בינוני ד,גרמים,350.00,100 גרם,false,,5.90,0.0169,true,1,591497
7290015039246,false,נתחי טונה בשמן צמחי רביעיה * 160 ג' וילי פוד,וילי פוד,TH,טונה בהירה בשמן וילי,גרמים,640.00,100 גרם,false,,21.40,0.0334,true,1,3012
7290015039253,false,עלי גפן במי מלח ויליפוד 620 גרם,קוראהן פזלרמה וי דיס,TR,עלי גפן במי במלח ויל,גרמים,620.00,100 גרם,false,,8.90,0.0144,true,1,3013
7290015039338,false,נתחי טונה במי מלח רביעיה * 160 ג' וילי פוד,וילי פוד,TH,טונה במי מלח ויליפוד,גרמים,640.00,100 גרם,false,,21.40,0.0334,true,1,3014
7290015129121,false,אטריות קונג'אק בתוספת טפיוקה בצורת נודלס,הוויזאי וואנגייה פוד,CN,סקיני פסטה קונג'אק ב,גרמים,270.00,100 גרם,false,,11.90,0.0441,true,1,343840
7290015139250,false,"שוקולד מריר פצפוצי אורז כרמית 85 גרם לל""ס","כרמית תעשיות ממתקים בע""\",IL,חופשי שוקולד מריר עם,גרמים,85.00,100 גרם,false,,5.90,0.0694,true,1,38651
7290015139267,false,שוקולד מריר עם שקדים ללא תוספת סוכר וסטהיים,"כרמית תעשיות ממתקים בע""\",IL,חופשי שוקולד מריר עם,גרמים,85.00,100 גרם,false,,5.90,0.0694,true,1,38652
7290015150088,false,מחית עגבניות קלה גרנד איטליה 700 גרם,שוורצקוף& הנקל דיסלד,IT,מחית עגבניות בלה איט,גרמים,700.00,100 גרם,false,,11.90,0.0170,true,1,24780
7290015150118,false,שלישיית עגבניות חתוכות דק גרנד איטליה 400 גרם,אמיליאנה קונסרב ס.פ.,IT,עגבניות חתוכות דק בל,גרמים,400.00,100 גרם,false,,16.90,0.0422,true,1,24783
7290015150200,false,עגבניות חתוכות דק גרנד איטליה ויסוצקי,HIQ FOOD PRODUCTS,IT,עגבניות חתוכות דק ו,גרמים,400.00,100 גרם,false,,5.90,0.0148,true,1,24784
7290015155847,false,מחית סלט פירות חטיפטף ללא תוספת סוכר,פרוטה פודיווין איי.א,CZ,פאוץ' פרינוק מחית סל,גרמים,120.00,100 גרם,false,,5.90,0.0492,true,1,3659
7290015156769,false,מחית פרינוק פאוץ' תפוח ואוכמניות 120 גרם,פרוטה פודווין איי.אס,CZ,פאוץ' פרינוק תפוח וא,גרמים,120.00,100 גרם,false,,5.90,0.0492,true,1,3664
7290015156776,false,מחית פירות טרופיים חטיפטף ללא תוספת סוכר,פרוטה פודווין איי.אס,CZ,פאוץ' פרינוק פירות ט,גרמים,120.00,100 גרם,false,,5.90,0.0492,true,1,3665
7290015156813,false,פאוץ' מחית פירות מעורבים פרינוק 120 גרם,פרוטה פודווין איי.אס,CZ,פאוץ' פרינוק פירות מ,גרמים,120.00,100 גרם,false,,5.90,0.0492,true,1,3667
7290015178174,false,ממרח אוליביה - פסטו בטעם פרמז'ן 180 גרם,יוניליוור גרמניה Gm,IL,אוליביה פסטו פרמז'ן,גרמים,180.00,100 גרם,false,,12.90,0.0717,true,1,118956
7290015178181,false,ממרח ארטישוק ברוזמרין אוליביה 180 גרם,יוניליוור גרמניה Gm,IL,אוליביה ארטישוק ברוז,גרמים,180.00,100 גרם,false,,12.90,0.0717,true,1,118941
7290015178198,false,ממרח אוליביה - חצילים שרופים 180 גרם,אוליביה בעמ,IL,אוליביה ממרח חצילים,גרמים,180.00,100 גרם,false,,12.90,0.0717,true,1,118942
7290015178273,false,רוטב מרינדה לעוף בגריל אוליביה 270 גר,אוליביה,IL,רוטב מרינדה לעוף בגר,גרמים,320.00,100 גרם,false,,12.90,0.0403,true,1,585313
7290015193559,false,מעדני המלך אובלטים מלוחים 300 גרם,אם החיטה,IL,אובלטים מלח 300 גר',גרמים,300.00,100 גרם,false,,9.90,0.0330,true,1,41386
7290015193566,false,מעדני המלך אובלטים שומשום 300 גרם,אם החיטה,IL,אובלטים שומשום 300 ג,גרמים,300.00,100 גרם,false,,9.90,0.0330,true,1,41387
7290015193634,false,אובלטים דקיקים קימל מעדני המלך 300 גר',אם החיטה,IL,אובלטים קימל 300 גרם,גרמים,300.00,100 גרם,false,,9.90,0.0330,true,1,41391
7290015193832,false,קרקר עם שומשום ארומה 300 גרם,פפושדו,IL,ארומה קרקר עם שומשום,גרמים,300.00,100 גרם,false,,8.70,0.0290,true,1,41393
7290015251204,false,"נובו שלישיית סבון ידיים ורוד 500מ""ל",סאסאטק,IL,סבון ידיים ורוד נובו,ליטרים,1.50,ליטר,false,,9.90,6.6000,true,1,38082
7290015282000,false,איקרא אדומה SEVEN SEAS 200 גרם,שבעת הימים - שמיר,IL,איקרה אדומה סלטי שמי,גרמים,200.00,100 גרם,false,,13.90,0.0695,true,1,17760
7290015282390,false,סלט תורכי 200 גרם שמיר,"סלטי שמיר 2006 בע""מ",IL,סלט תורכי 200 ג שמיר,גרמים,200.00,100 גרם,false,,12.90,0.0645,true,1,17776
7290015282581,false,חומוס אבו גוש עם חריף שמיר 200 גרם,"סלטי שמיר 2006 בע""מ",IL,חומוס אבו גוש עם חרי,גרמים,200.00,100 גרם,false,,10.90,0.0545,true,1,17779
7290015282598,false,חומוס מסעדות גורמה שמיר 200 גרם,"סלטי שמיר 2006 בע""מ",IL,חומוס מסעדות שמיר 20,גרמים,200.00,100 גרם,false,,10.90,0.0545,true,1,17780
7290015282604,false,טחינה מיוחדת גורמה שמיר 200 גרם,"סלטי שמיר 2006 בע""מ",IL,טחינה מיוחדת שמיר 20,גרמים,200.00,100 גרם,false,,10.90,0.0545,true,1,17781
7290015282611,false,סלט ביצים גורמה שמיר 200 גרם,"סלטי שמיר 2006 בע""מ",IL,סלט ביצים 200ג,גרמים,200.00,100 גרם,false,,17.90,0.0895,true,1,17782
7290015282628,false,חציל בטעם כבד גורמה שמיר 200 גרם,"סלטי שמיר 2006 בע""מ",IL,חציל בטעם כבד סלטי ש,גרמים,200.00,100 גרם,false,,12.90,0.0645,true,1,17783
7290015282635,false,חומוס מסבחה גורמה שמיר 200 גרם,"סלטי שמיר 2006 בע""מ",IL,חומוס מסבחה שמיר 200,גרמים,200.00,100 גרם,false,,10.90,0.0545,true,1,17784
7290015282642,false,חומוס אבו גוש גורמה שמיר 200 גרם,"סלטי שמיר 2006 בע""מ",IL,חומוס אבו גוש שמיר 2,גרמים,200.00,100 גרם,false,,10.90,0.0545,true,1,17785
7290015282673,false,חציל במיונז ביתי גורמה שמיר 200 גרם,"סלטי שמיר 2006 בע""מ",IL,חציל במיונז ביתי שמי,גרמים,200.00,100 גרם,false,,10.90,0.0545,true,1,17787
7290015282680,false,קישוא בטעם כבד גורמה שמיר 200 גרם,"סלטי שמיר 2006 בע""מ",IL,קישוא בטעם כבד סלטי,גרמים,200.00,100 גרם,false,,12.90,0.0645,true,1,17788
7290015282697,false,כרוב אדום שמיר גורמה 200גר,"סלטי שמיר 2006 בע""מ",IL,סלט כרוב אדום 200ג ש,גרמים,200.00,100 גרם,false,,12.90,0.0645,true,1,17789
7290015282727,false,גזר מרוקאי ברוטב פיקנטי אסלי שמיר 200 ג',"סלטי שמיר 2006 בע""מ",IL,גזר מרוקאי ברוטב פיק,גרמים,200.00,100 גרם,false,,12.90,0.0645,true,1,17791
7290015282734,false,מטבוחה ביתית גורמה שמיר 200 גרם,"סלטי שמיר 2006 בע""מ",IL,מטבוחה ביתית.,גרמים,200.00,100 גרם,false,,12.90,0.0645,true,1,17792
7290015282741,false,חציל תאילנדי אסלי שמיר 200 ג',"סלטי שמיר 2006 בע""מ",IL,חציל תילאנדי סלטי שמ,גרמים,200.00,100 גרם,false,,12.90,0.0645,true,1,17793
7290015282796,false,"סלט תפו""א שמיר במיונז 200ג'","סלטי שמיר 2006 בע""מ",IL,סלט תפוח אדמה 200 ג,גרמים,200.00,100 גרם,false,,12.90,0.0645,true,1,17798
7290015299190,false,פלסטרים 100 יח פארמה,הנגזו זונגפו,CN,פלסטר 100 יח',יחידה,0.00,יחידה,false,,8.90,0.0000,true,1,41840
7290015324007,false,פלפל שחור גרוס 80 גר' טעם וריח,"תבליני טעם וריח בע""מ",IL,טעם וריח פלפל שחור ג,גרמים,80.00,100 גרם,false,,9.90,0.1238,true,1,42464
7290015324014,false,"פלפל שחור טחון בשקית 80 גרם ""טעם וריח""","תבליני טעם וריח בע""מ",IL,טעם וריח פלפל שחור ט,גרמים,80.00,100 גרם,false,,9.90,0.1238,true,1,42465
7290015324045,false,תבלין פפריקה חריפה 80 גר' שק',"תבליני טעם וריח בע""מ",IL,תבלין פפריקה חריפה ב,גרמים,80.00,100 גרם,false,,6.50,0.0813,true,1,42467
7290015324052,false,פפריקה מתוקה 80 גר' טעם וריח,"תבליני טעם וריח בע""מ",IL,טעם וריח פפריקה מתוק,גרמים,80.00,100 גרם,false,,6.50,0.0813,true,1,42468
7290015324076,false,זעתר מעורב 80 גר' טעם וריח,"תבליני טעם וריח בע""מ",IL,טעם וריח זעתר שקית 8,גרמים,80.00,100 גרם,false,,6.00,0.0750,true,1,42470
7290015324113,false,טעם וריח בהרט שקית 8,"תבליני טעם וריח בע""מ",IL,טעם וריח בהרט שקית 8,גרמים,80.00,100 גרם,false,,6.00,0.0750,true,1,42474
7290015324151,false,חוואיג' למרק 80 גר' טעם וריח,"תבליני טעם וריח בע""מ",IL,תבלין חוויאג למרק ב,גרמים,80.00,100 גרם,false,,6.00,0.0750,true,1,42476
7290015324175,false,תיבול לשווארמה 80 גר' טעם וריח,"תבליני טעם וריח בע""מ",IL,תערובת תיבול לשווארמ,גרמים,80.00,100 גרם,false,,7.00,0.0875,true,1,42478
7290015324748,false,"מחית שום וג`ינגר `טעם וריח', 210 גרם",ליני קאטייאמה פודסטאפס ב,CN,מחית שום וג'ינג'ר 21,גרמים,210.00,100 גרם,false,,13.90,0.0662,true,1,437169
7290015328517,false,נרונים 4 שעות 72 יח',,,נרונים 4 שעות 72 יח',יחידה,0.00,יחידה,false,,21.90,0.0000,true,1,13235
7290015328647,false,נר נשמה בפח 24 שעות,,,נר נשמה בפח 24 שעות,יחידה,0.00,יחידה,false,,1.90,0.0000,true,1,13244
7290015328739,false,האשפתון 75*65 2 גליל,,,האשפתון 75*65 2 גליל,יח',30.00,יח',false,,10.90,0.3633,true,1,13253
7290015328814,false,צימרוני אוזניים 300 יחידות,,,צימרוני אוזניים לירו,יחידה,0.00,יחידה,false,,3.90,0.0000,true,1,13259
7290015347273,false,נטיפי שוקולד אמיתי לאפיה 250 גר',מיה תעשיות מזון מ.ת.מ. ב,IL,נטיפי שוקולד מריר לא,גרמים,250.00,100 גרם,false,,9.90,0.0396,true,1,15223
7290015347464,false,מיה קינואה מעורבת 400 גרם,מיה תעשיות מזון מ.ת.מ. ב,IL,מיה קינואה מעורבת 50,גרמים,400.00,100 גרם,false,,14.90,0.0373,true,1,15236
7290015347488,false,"סוכר דמררה חום שקית מיה 1 ק""ג",מיה תעשיות מזון מ.ת.מ. ב,IL,סוכר דמררה בשקית מיה,קילוגרמים,1.00,"ק""ג",false,,8.90,8.9000,true,1,15238
7290015347990,false,מארז שמיניית עדשי שוקולד מיה 160 גרם,מיה תעשיות מזון בעמ,IL,עדשי שוקולד מיה 8*20,גרמים,160.00,100 גרם,false,,9.90,0.0619,true,1,15254
7290015348096,false,"למברוסקו רוזה 750 מ""ל ""אמיליאנו""",גאטטיקו איטליה,IL,למברוסקו אמיליאנו רו,מיליליטרים,750.00,"100 מ""ל",false,,24.90,0.0332,true,1,9544
7290015366663,false,"משחת שיניים מנטה עדין אקווה פרש 100 מ""ל",גלקסוסמיתקליין,SK,מש.שיניים מנטה עדין,גרמים,100.00,100 גרם,false,,7.90,0.0790,true,1,3963
7290015366670,false,משחת שיניים הגנה משולשת מנטה מרענן,גלקסוסמיתקליין,SK,מש.שיניים מנטה אקווה,גרמים,100.00,100 גרם,false,,7.90,0.0790,true,1,3964
7290015395045,false,"קינואה בשקית שקדיה 400 גרם בד""ץ","שקדיה גבע תעשיות בע""",IL,קינואה שקדיה 400 גרם,גרמים,400.00,100 גרם,false,,9.90,0.0248,true,1,4791
7290015437431,false,רכז רימונים 100% טבעי 420 גר,AROMA PRODUCT ITD,GE,רכז רימונים תומר 42,גרמים,420.00,100 גרם,false,,19.90,0.0474,true,1,98317
7290015603546,false,"שימורי קרם קוקוס 17-19% 400 מ""ל (ASIATIC)(כ)",אסיאטיק אגרו אינדסטר,TH,שימורי קרם קוקוס 17-,מיליליטרים,400.00,"100 מ""ל",false,,8.90,0.0223,true,1,47550
7290015603560,false,"שימורי קרם קוקוס 20-22% 400 מ""ל (ASIATIC)(כ)",אסיאטיק אגרו אינדוסטרי,TH,שימורי קרם קוקוס 20-,מיליליטרים,400.00,"100 מ""ל",false,,9.90,0.0248,true,1,47551
7290015603584,false,ג'ינגר לבן כבוש ללא מונוסודיום 190 גרם (כ),לאיווי איפנג פודס קו,CN,ג'ינג'ר לבן כבוש ללא,גרמים,160.00,100 גרם,false,,7.90,0.0494,true,1,47552
7290015603591,false,גינגר ורוד כבוש ללא מונוסודיום 160 גרם,ננטונג הידה אקוטיק פ,CN,ג'ינג'ר ורוד כבוש לל,גרמים,160.00,100 גרם,false,,7.90,0.0494,true,1,551904
7290015603638,false,"אורז קלרוז 1 ק""ג (כ) (Minh)",מינה פונג גרין אגריק,VN,אורז עגול קלרוז לסוש,קילוגרמים,1.00,"ק""ג",false,,11.90,11.9000,true,1,47553
7290015644297,false,שישיית לחמניות פשוט מלא אנג'ל 450 גרם,מאפיית שלמה א. אנג'\ל בע,IL,6 לחמניות פשוט מלא א,יחידה,0.00,יחידה,false,,11.50,0.0000,true,1,35498
7290015652254,false,גרעיני חמניה קלויים 400 גרם ששון הקלה,"דין שיווק וקלייה בע""",IL,גרעיני חמניה קלויים,גרמים,400.00,100 גרם,false,,10.00,0.0250,true,1,4812
7290015652261,false,בוטנים קלויים ששון הקולה 350 גרם,"דין שיווק וקלייה בע""",IL,בוטנים קלויים ששון ה,גרמים,300.00,100 גרם,false,,10.00,0.0333,true,1,4813
7290015652285,false,אגוזים קלופים ששון הקולה 250 גרם,"שקדיה גבע תעשיות בע""",IL,אגוזים קלופים 250 גר,גרמים,250.00,100 גרם,false,,20.00,0.0800,true,1,4815
7290015652308,false,מנצ'ס ששון הקולה 400 גרם,"דין שיווק וקלייה בע""",,מנצ'ס ששון הקולה 300,גרמים,300.00,100 גרם,false,,10.00,0.0333,true,1,4817
7290015652315,false,חמוציות מסוכרות ששון הקולה 300 גרם,"דין שיווק וקלייה בע""",IL,חמוציות מסוכרות ששון,גרמים,300.00,100 גרם,false,,10.00,0.0333,true,1,4818
7290015652322,false,בוטנים אמריקאיים מצופים 400 גר ששון הקלה,"דין שיווק וקלייה בע""",IL,בוטנים אמריקאים מצופ,גרמים,400.00,100 גרם,false,,10.00,0.0250,true,1,4819
7290015652407,false,פיסטוק קלוי ששון הקולה 250 גרם,"דין שיווק וקלייה בע""",IL,פיסטוק קלוי ששון הקו,גרמים,250.00,100 גרם,false,,20.00,0.0800,true,1,4826
7290015733120,false,מטרנה גולד שלב 1 תרכובת מזון על בסיס חלבי,נסטלה,IL,מטרנה גולד שלב אחד 7,גרמים,700.00,100 גרם,false,,75.90,0.1084,true,1,18788
7290015733205,false,תרכובת מזון לתינוקות חלבי שלב 1 אקסטרה קר מהדרין,נסטלה,IL,מטרנה אקסטרה קר מהדר,גרמים,700.00,100 גרם,false,,59.90,0.0856,true,1,18791
7290015733229,false,תרכובת מזון לתינוקות חלבי שלב 2 אקסטרה קר מהדרין,מטרנה,IL,מטרנה אקסטרה קר מהדר,גרמים,700.00,100 גרם,false,,59.90,0.0856,true,1,18792
7290015733243,false,מטרנה אקסטרה קייר מהדרין שלב 3 700 גרם,מטרנה תעשיות ש.מ.,IL,מטרנה אקסטרה קר מהדר,גרמים,700.00,100 גרם,false,,59.90,0.0856,true,1,18793
7290015733427,false,מטרנה דייסת גם וגם וניל פרו12*300ג 2019,מולינו ניקולי s.p.a,IL,מטרנה דייסת גם וגם ו,גרמים,300.00,100 גרם,false,,17.90,0.0597,true,1,53857
7290015733977,false,תרכובת מזון קומפורט על בסיס חלבי דל לקטוז,מטרנה תעשיות ש.מ.,IL,מטרנה קומפורט 700 גר,גרמים,700.00,100 גרם,false,,59.90,0.0856,true,1,140682
7290015766005,false,עגבניות שרי וויטני,אראל תוצרת חקלאית בע,IL,שרי וויטני יחידה,גרמים,500.00,100 גרם,false,,9.90,0.0198,true,1,50953
7290015766029,false,עגבניות שרי כתומות 4,אראל תוצרת חקלאית בע,IL,שרי כתום יח',גרמים,460.00,100 גרם,false,,9.90,0.0215,true,1,50954
7290015781008,false,"יין VISION מרלו אדום טפרברג 750 מ""ל","יקב טפרברג 1870 בע""מ",IL,ויז'ן מרלו,מיליליטרים,750.00,"100 מ""ל",false,,39.90,0.0532,true,1,11821
7290015781015,false,"יין VISION מלבק טפרברג 750 מ""ל","יקב טפרברג 1870 בע""מ",IL,ויז'ן מלבק,מיליליטרים,750.00,"100 מ""ל",false,,39.90,0.0532,true,1,11822
7290015781091,false,"יין VISION קברנה סוביניון טפרברג 750 מ""ל","יקב טפרברג 1870 בע""מ",IL,ויז'ן קברנה סובניון,מיליליטרים,750.00,"100 מ""ל",false,,39.90,0.0532,true,1,11825
7290015781107,false,"סנגובזה אימפרשיאון 750 מ""ל","יקב טפרברג 1870 בע""מ",IL,אימפרשן סנגובזה 750מ,מיליליטרים,750.00,"100 מ""ל",false,,49.90,0.0665,true,1,11826
7290015781121,false,"יין IMPRESSION קברנה סוביניון יבש טפרברג 750 מ""ל","יקב טפרברג 1870 בע""מ",IL,אימפרשן קברנה סובניו,מיליליטרים,750.00,"100 מ""ל",false,,49.90,0.0665,true,1,11828
7290015781152,false,"יין IMPRESSION רוזה טפרברג 750 מ""ל","יקב טפרברג 1870 בע""מ",IL,אימפרשן יין רוזה,מיליליטרים,750.00,"100 מ""ל",false,,49.90,0.0665,true,1,11831
7290015781282,false,"יין IMPRESSION גוורצטרמינר טפרברג 750 מ""ל",יקב טפרברג 1870,IL,אימפרשן גוורצטרמינר,מיליליטרים,750.00,"100 מ""ל",false,,49.90,0.0665,true,1,11835
7290015781299,false,"יין VISION שיראז אדום טפרברג 750 מ""ל","יקב טפרברג 1870 בע""מ",IL,ויז'ן שיראז,מיליליטרים,750.00,"100 מ""ל",false,,39.90,0.0532,true,1,11836
7290015856713,false,סנקסו חטיף אפונה אפוי עם אריסה 50 גרם,אפיפית נצרת (1971) ב,IL,חטיף אפונה אפוי עם א,גרמים,50.00,100 גרם,false,,5.90,0.1180,true,1,112807
7290015858106,false,"ממרח פסטו ביתי 180 גרם ""עללחם""","מדשא תעשיות מזון בע""\מ",IL,ממרח פסטו ביתי עללחם,גרמים,180.00,100 גרם,false,,16.90,0.0939,true,1,23384
7290015858113,false,"ממרח עגבניות מיובשות 180 גרם ""טריטרי""","מדשא תעשיות מזון בע""\מ",IL,ממרח עגבניות מיובשות,גרמים,180.00,100 גרם,false,,16.90,0.0939,true,1,23385
7290015858151,false,ממרח שום 180 גרם עללחם בית יוסף,מדשא תעשיות מזון בעמ,IL,ממרח שום עללחם 180 ג,גרמים,180.00,100 גרם,false,,16.90,0.0939,true,1,563538
7290015858229,false,"טפנד זיתי קלמטה 180 גרם ""עללחם""","מדשא תעשיות מזון בע""\מ",IL,ממרח טפנד זיתי קלמטה,גרמים,180.00,100 גרם,false,,16.90,0.0939,true,1,23389
7290015858243,false,ממרח צימיצורי עללחם 180 גרם,"מדשא תעשיות מזון בע""\מ",IL,ממרח צימיצורי עללחם,גרמים,180.00,100 גרם,false,,16.90,0.0939,true,1,23390
7290015872096,false,חומוס סלטי שמיר 700 גרם,"סלטי שמיר 2006 בע""מ",IL,חומוס אסלי שמיר 700,גרמים,700.00,100 גרם,false,,8.90,0.0127,true,1,17803
7290015951869,false,"יין הר חרמון רוזה 750 מ""ל",מיוצר וממולא על ידי יקב,IL,יקבי רמת הגולן הר חר,מיליליטרים,750.00,"100 מ""ל",false,,35.90,0.0479,true,1,41663
7290015968133,false,אטב פרמיום כחול/לבן הוסטס 48 יח,H.J.E,CN,אטב פרימיום כחול/לבן,יחידה,0.00,יחידה,false,,14.90,0.0000,true,1,1031
7290015968782,false,פדים להסרת איפור 3*80 יחידות,F.H.P CO.LT,CN,פדים להסרת איפור במא,יחידה,0.00,יחידה,false,,16.90,0.0000,true,1,1046
7290016006025,false,שוופס סודה 0.50 ליטר בקבוק,יפאורה תבורי בעמ,IL,שוופס סודה 500מל,מיליליטרים,500.00,"100 מ""ל",false,,3.90,0.0078,true,1,11695
7290016006148,false,"שוופס מוגז עדין ענבים בקבוק 500מ""ל",יפאורה שותפות מובגלת לשיווק,IL,משקה מוגז ענבים שוופ,מיליליטרים,500.00,"100 מ""ל",false,,5.90,0.0118,true,1,11699
7290016006292,false,נקטר מנגו בננה מלון קרטונית 1 ל' ספרינג,יפאורה שותפות מובגלת לשיווק,IL,ספרינג מנגו בננה מלו,יחידה,0.00,יחידה,false,,6.90,0.0000,true,1,11705
7290016006346,false,שוופס סודה 0.5 ליטר מארז שישייה,יפאורה שותפות מובגלת לשיווק,IL,שוופס סודה שישייה 0.,ליטרים,3.00,ליטר,false,,13.90,4.6333,true,1,11708
7290016047301,false,קמח רב תכליתי ללא גלוטן - שי של הטבע,אופק מן הטבע,IL,קמח רב תכליתי שי של,גרמים,500.00,100 גרם,false,,24.90,0.0498,true,1,307531
7290016087123,false,רוטב מתובל לפסטה בסגנון קלאסי פריניר 240 גרם,פריניר,IL,רוטב עגבניות מתובל ל,גרמים,240.00,100 גרם,false,,4.90,0.0204,true,1,41398
7290016087147,false,רוטב עגבניות מתובל לפיצה מרגריטה 240 גרם,פריניר,IL,רוטב עגבניות מתובל ל,גרמים,240.00,100 גרם,false,,4.90,0.0204,true,1,41399
7290016087222,false,רוטב עגבניות מרוכז לשקשוקה פריניר 230 גרם,פריניר ( הדס 1987) ב,IL,ברוטב עגבניות מרוכז,גרמים,240.00,100 גרם,false,,4.90,0.0204,true,1,41403
7290016087239,false,רוטב עגבניות מרוכז לשקשוקה פיקנטי פריניר 230 גרם,פרי ניב,IL,רוטב עגבניות לשקשוקה,גרמים,240.00,100 גרם,false,,4.90,0.0204,true,1,41404
7290016096217,false,רביעיית נתחי טונה קט,,,רביעיית נתחי טונה קט,גרמים,560.00,100 גרם,false,,21.90,0.0391,true,1,26596
7290016096491,false,נתחי טונה בהירה בשמן צמחי שלישיה *80ג' פילטונה,תעשיות פילטונה,IL,נתחי טונה בשמן צמחי,גרמים,240.00,100 גרם,false,,11.90,0.0496,true,1,26600
7290016096675,false,שלישיה פיל טונה בשמן,,IL,טונה בשמן זית פילטונ,גרמים,240.00,100 גרם,false,,17.90,0.0746,true,1,26605
7290016096811,false,רביעיית ממרח טונה פילטונה 160 גר'*4,תעשיות פילטונה,IL,ממרח טונה פילטונה רב,גרמים,160.00,100 גרם,false,,19.90,0.1244,true,1,117590
7290016096934,false,מארז זוגות סלט טונה 2*160 ג' פילטונה,תעשיות פילטונה,IL,סלט טונה 2 יח' פילטו,גרמים,320.00,100 גרם,false,,11.90,0.0372,true,1,167481
7290016098181,false,עוגיות אותיות 200 גרם גלילית,,,ביסקוויט אותיות אלף-,גרמים,200.00,100 גרם,false,,4.90,0.0245,true,1,106970
7290016104271,false,ריבת חלב בצנצנת 20% חלב,פוליבה,IL,ריבת חלב 340 גר`,גרמים,340.00,100 גרם,false,,12.90,0.0379,true,1,13280
7290016104417,false,ריבה בטעם תות שדה 850 גרם פוליבה,,IL,"ריבה בטעם תות 850 ג""",גרמים,850.00,100 גרם,false,,13.90,0.0164,true,1,13284
7290016104615,false,סילאן סירופ תמרים פוליבה צנצנת 900 ג',,,סילאן תמרים 900 גרם,גרמים,900.00,100 גרם,false,,12.90,0.0143,true,1,13287
7290016104868,false,סירופ מייפל פוליבה 700 גר',פוליבה,IL,סירופ בטעם מייפל 700,גרמים,700.00,100 גרם,false,,12.90,0.0184,true,1,13294
7290016104875,false,סירופ שוקולד פוליבה 700ג',פוליבה,IL,סירופ בטעם שוקולד 70,גרמים,700.00,100 גרם,false,,12.90,0.0184,true,1,13295
7290016117417,false,כרית יפנית 6 יח,,,כרית יפנית 6 יח,יחידה,0.00,יחידה,false,,8.90,0.0000,true,1,516351
7290016136142,false,תערובת להכנת פנקייק ללא גלוטן 400 גר,"אשבל -מזון פונקציונלי בע""מ",IL,תערובת להכנת פנקייק,גרמים,400.00,100 גרם,false,,19.90,0.0497,true,1,40073
7290016144000,false,"קמח חיטה מלאה נפלאות 80% 1 ק""ג","קמח מלכים בע""\מ",IL,קמח חיטה 80% נפלאות,קילוגרמים,1.00,"ק""ג",false,,9.90,9.9000,true,1,47378
7290016144017,false,"קמח מלא נפלאות 100% ללא ניפוי 1 ק""ג",קמח מלכים,IL,קמח חיטה מלאה 100% נ,קילוגרמים,1.00,"ק""ג",false,,9.90,9.9000,true,1,47379
7290016144024,false,"קמח כוסמין מלא נפלאות 100% 1 ק""ג","קמח מלכים בע""מ",IL,קמח כוסמין מלא 100%,קילוגרמים,1.00,"ק""ג",false,,14.90,14.9000,true,1,47380
7290016144031,false,קמח חיטה לבן מנופה נפלאות,קמח מלכים,IL,קמח נפלאות חיטה לבן,קילוגרמים,1.00,"ק""ג",false,,6.90,6.9000,true,1,47381
7290016144048,false,"קמח כוסמין לבן נפלאות 1 ק""ג","קמח מלכים בע""מ",IL,קמח כוסמין לבן נפלאו,קילוגרמים,1.00,"ק""ג",false,,16.90,16.9000,true,1,47382
7290016150117,false,סלק אדום מבושל 500 ג' בוואקום,ג'ואבג'י יואייבי,LE,מעדן סלק בוואקום 500,גרמים,500.00,100 גרם,false,,5.90,0.0118,true,1,47242
7290016162264,false,עוגת גבינה רנסנס קפולסקי 450 גרם,קפולסקי שיווק וקמעונ,IL,עוגת גבינה רנסנס 450,גרמים,450.00,100 גרם,false,,40.90,0.0909,true,1,39967
7290016188608,false,GIACOBAZZI למברוסקו לבן חצי יבש יקבי כרמל,יקב גאקובזי,IT,למברוסקו לבן חצי יבש,מיליליטרים,750.00,"100 מ""ל",false,,24.90,0.0332,true,1,615
7290016197488,false,מטליות מיקרופייבר למשטחים ניקול 3יח',חוגלה קימברלי,CN,מטלית קסם לשיש מארז,יחידה,0.00,יחידה,false,,11.90,0.0000,true,1,9092
7290016197495,false,ניקול זוג מטליות הקסם מיקרופייבר לרצפה,חוגלה קימברלי,CN,מטלית קסם לרצפה מארז,יחידה,0.00,יחידה,false,,16.90,0.0000,true,1,9093
7290016197839,false,ניקול השקית החזקה 20 יח' XL,"אשפלסט תעשיות בע""מ",IL,ניקול השקית החזקה XL,יחידה,0.00,יחידה,false,,25.90,0.0000,true,1,9099
7290016197877,false,שקיות אשפה לפחים בינוניים עם שרוך 50 * 53 ניקול 50 יחידות,"אשפלסט תעשיות בע""מ",IL,שקית לפחי מטבח קטנים,יחידה,0.00,יחידה,false,,21.90,0.0000,true,1,9101
7290016217759,false,חציל מרוקאי 200גרם גורמה,"סלטי שמיר 2006 בע""מ",IL,חצילים בסגנון מרוקאי,גרמים,200.00,100 גרם,false,,12.90,0.0645,true,1,17812
7290016217971,false,נסיכת הנילוס מעושנת שמיר 100 גרם,שבעת הימים - שמיר,IL,נסיכת הנילום מעושנת,גרמים,100.00,100 גרם,false,,23.90,0.2390,true,1,17814
7290016217988,false,גרבלקס-סלמון כבוש שמיר 100 גרם,"סלטי שמיר 2006 בע""מ",IL,דגים גרבדלקס 100גר,גרמים,100.00,100 גרם,false,,23.90,0.2390,true,1,17815
7290016233384,false,גפילטע פיש 7 קציצות תומר 555 גרם,דג טעים ירושלים,IL,גפילטא פיש 7 קציצות,גרמים,555.00,100 גרם,false,,14.90,0.0268,true,1,25182
7290016246025,false,בארכה מיקס פינוקיות חלווה ללא סוכר 10*20ג,"רושדי תעשיות מזון בע""\מ",IL,בארכה פנוקיות חלבה ל,גרמים,200.00,100 גרם,false,,11.90,0.0595,true,1,18797
7290016246445,false,בארכה טחינה גולמית מעודנת שומשום מלא 310 גם,"רושדי תעשיות מזון בע""\מ",IL,בארכה טחינה גולמית מ,גרמים,310.00,100 גרם,false,,10.90,0.0352,true,1,18803
7290016273090,false,סוכריה על מקל בטעם תות בננה 31 גרם,אוריגינל גורמה,US,סוכרית לוליפופ על מק,גרמים,31.00,100 גרם,false,,5.50,0.1774,true,1,4006
7290016304404,false,לחם קוביות 100% כוסמין 600 גרם,מאפיית דוידוביץ ובניו בע,IL,לחם מלא כוסמין 100%,גרמים,600.00,100 גרם,false,,14.90,0.0248,true,1,586956
7290016304596,false,לחמניות לסנדביץ 75 גרם,מאפית דוידוביץ ובניו,IL,10 לחמניות לסנדוויץ,גרמים,750.00,100 גרם,false,,16.90,0.0225,true,1,587968
7290016319309,false,סבון נוזלי מאסק קלאסי+משאבה פמלי 1 ל,הנסיך- מפעל לייצור ט,IL,אל סבון מאסק+משאבה פ,ליטרים,1.00,ליטר,false,,10.90,10.9000,true,1,6018
7290016320343,false,"דאק נוזל ג'ל לניקוי מתקדם בניחות לבנדר זוג * 750 מ""ל",אס. סי. ג'\ונסון מידרכט,NL,דאק ג'ל נוזל לניקוי,ליטרים,1.50,ליטר,false,,15.90,10.6000,true,1,6035
7290016321678,false,מגבונים לחים בניחוח מרענן עם תמציות קמומיל ואלוורה,עלבד משואות יצחק,IL,פרשוואנס רביעייה נטו,יחידה,0.00,יחידה,false,,15.90,0.0000,true,1,6049
7290016329278,false,קמיל בלו מגבונים מילוי 64 יח רביעייה,פישר מעבדות פרמצבטיות בע,IL,מגבוני קמיל 64 יח` מ,יחידה,0.00,יחידה,false,,19.90,0.0000,true,1,29269
7290016334036,false,עירית רמי לוי,,,עירית (בוסתן),יח',1.00,יח',false,,6.90,6.9000,true,1,47737
7290016334166,false,לוף רגיל ארוז ליח,,,לוף רגיל ארוז ליח,יח',1.00,יח',false,,7.90,7.9000,true,1,47741
7290016334500,false,לבבות חסה זוגות בשקי,,,לבבות חסה זוגות בשקי,יח',1.00,יח',false,,9.90,9.9000,true,1,47746
7290016334654,false,תרד ניו זילנדי רמי לוי,,,תרד ניו-זילנדי,גרמים,300.00,100 גרם,false,,12.90,0.0430,true,1,47748
7290016334784,false,ג'ינג'ר ארוז ברכת קטיף 200 גרם,,,ג'ינג'ר ארוז 200 גרם,יח',1.00,יח',false,,11.90,11.9000,true,1,47753
7290016334975,false,אספרגוס רמי לוי,,,אספרגוס ארוז,יח',1.00,יח',false,,29.90,29.9000,true,1,47755
7290016370300,false,זית קלמטה שלם צנצנת יבנה,קוזט אס.אי. פיין פודס,GR,זית קלמטה שלם בצנצנת,גרמים,560.00,100 גרם,false,,14.90,0.0266,true,1,119934
7290016370959,false,חציל קלוי (פירה) בצנצנת קבוצת יבנה 530 גרם,תאי פרזידנט פוד פאבל,GR,חציל קלוי על האש בצנ,גרמים,580.00,100 גרם,false,,9.90,0.0171,true,1,44758
7290016370973,false,פלפל קלוי (גמביה) בצנצנת קבוצת יבנה 390 גרם,קוזט אס.אי. פיין פודס,GR,פלפל קלוי על האש בצ,גרמים,580.00,100 גרם,false,,9.90,0.0171,true,1,44759
7290016372342,false,עגבניות חתוך קוביות גראנד איטליה מארז 400X3ג',גרנד איטליה Grand Italia,IT,עגבניות חתוכות לקובי,גרמים,400.00,100 גרם,false,,16.90,0.0422,true,1,24809
7290016372489,false,ויסוצקי חליטת ג'ינג'ר ולימון סודות הצמחים 25 שקיקים,תה ויסוצקי,IL,סודות הצמחים ג'ינג'ר,גרמים,30.00,100 גרם,false,,17.90,0.5967,true,1,24817
7290016372496,false,חליטת פירות וצמחים בטעם ג'ינג'ר ודבש -אפקט הג'ינג'ר,תה ויסוצקי,IL,סודות הצמחים ג'ינג'ר,גרמים,30.00,100 גרם,false,,17.90,0.5967,true,1,24818
7290016387339,false,מטליות מיקרופייבר ג'מבו לרצפה זוג,,CN,2 מטליות מיקרופייבר,יחידה,0.00,יחידה,false,,16.90,0.0000,true,1,13575
7290016387483,false,כריות יפניות דו צדדיות שייני 3 יחידות,,IL,3 כריות יפניות דו צד,יחידה,0.00,יחידה,false,,6.50,0.0000,true,1,13576
7290016387698,false,כריות יפניות פנינה עדינות,,CN,כריות יפניות דו צדדי,יחידה,0.00,יחידה,false,,6.50,0.0000,true,1,13578
7290016387742,false,מטליות מיקרו לניקיון יבש,מ.א,CN,מטליות מיקרופייבר לנ,יחידה,0.00,יחידה,false,,11.90,0.0000,true,1,13581
7290016437645,false,חיתולי האגיס פרידום דריי pants מידה 5 34 יחידות,קימברלי קלארק צ'כיה,CZ,האגיס פרידום דריי 32,יחידה,0.00,יחידה,false,,46.90,0.0000,true,1,9112
7290016437652,false,חיתולי האגיס פרידום דריי pants מידה 6 30 יחידות,קימברלי קלארק צ'כיה,CZ,האגיס פרידום דריי 26,יחידה,0.00,יחידה,false,,46.90,0.0000,true,1,9113
7290016440652,false,תערובת פרוסות ירקות חמוצים מעדני עופר 500 גרם,מוצרי קפוא זן,,תערובת פרוסות ירקות,גרמים,500.00,100 גרם,false,,19.90,0.0398,true,1,221061
7290016440881,false,ירקות חמוצים בטעם ביתי מעדני עופר 500 גרם,מוצרי קפוא זן,,ירקות חמוצים בטעם טב,גרמים,500.00,100 גרם,false,,19.90,0.0398,true,1,221075
7290016440928,false,ירקות כבושים חמוץ מתוק מעדני עופר 500 גרם,מוצרי קפוא זן,IL,ירקות כבושים חמוץ מת,גרמים,500.00,100 גרם,false,,19.90,0.0398,true,1,221076
7290016446050,false,רביולי בטעם גבינה קפ,פסטלונה,IL,רביולי בטעם גבינה קפ,גרמים,360.00,100 גרם,false,,21.90,0.0608,true,1,164036
7290016446319,false,רביולי בטעם תרד קפוא,פסטלונה,IL,רביולי בטעם תרד קפוא,גרמים,360.00,100 גרם,false,,24.90,0.0692,true,1,164050
7290016509786,false,פרסיל גל לכביסה לבנה וצבעונית-ירוק 2.5 ל,"הנקל סוד בע""\מ",IL,פרסיל ג'ל 2.5 ליטר י,ליטרים,2.50,ליטר,false,,34.90,13.9600,true,1,34913
7290016509809,false,ג'ל מרוכז לכביסה קולור 2.5 ל' פרסיל,"הנקל סוד בע""\מ",IL,פרסיל ג'ל 2.5 ליטר ק,ליטרים,2.50,ליטר,false,,34.90,13.9600,true,1,34915
7290016509823,false,ג'ל לכביסה לבנה וצבעונית בניחוח רענן,"הנקל סוד בע""\מ",IL,פרסיל ג'ל 2.5 ליטר ב,ליטרים,2.50,ליטר,false,,34.90,13.9600,true,1,34917
7290016509830,false,ג'ל כביסה לבגדי תינוקות ובעלי עור רגיש Sensitive,"הנקל סוד בע""\מ",IL,פרסיל ג'ל 2.5 ליטר ב,ליטרים,2.50,ליטר,false,,34.90,13.9600,true,1,34918
7290016509847,false,פרסיל ג'ל לכביסה כהה בלאק 2.5 ליטר,"הנקל סוד בע""\מ",IL,פרסיל ג'ל 2.5 ליטר ב,ליטרים,2.50,ליטר,false,,34.90,13.9600,true,1,34919
7290016513684,false,"כיסונים כפרי במילוי בשר הודו, 750 גרם","אימפריאל הזרב פוד בע""מ",IL,כיסונים כפריים במילו,גרמים,0.75,100 גרם,false,,29.90,39.8667,true,1,541852
7290016566178,false,בקבוק שתיה אישי 500,,,בקבוק שתיה אישי 500,יחידה,0.00,יחידה,false,,29.90,0.0000,true,1,14317
7290016584004,false,חטיפוני גזר 130 גרם,"מרינה פטריות הגליל בע""מ",IL,חטיפוני גזר 130 גרם,גרמים,150.00,100 גרם,false,,5.90,0.0393,true,1,41553
7290016584011,false,חטיפוני גזר 350 גרם גיזרונים,"מרינה פטריות הגליל בע""מ",IL,חטיפוני גזר 350 גרם,גרמים,350.00,100 גרם,false,,11.90,0.0340,true,1,41554
7290016682038,false,"מיץ תפוזים סחוט 100% טבעי. מפוסטר, מקורר",פרי ניב,IL,"מיץ תפוזים 400 מ""ל פ",מיליליטרים,400.00,"100 מ""ל",false,,9.50,0.0238,true,1,49448
7290016682168,false,"פריניב מיץ תפוזים ולנסיה סחוט 100% 400 מ""ל",פרי ניב,IL,מיץ תפוזים סחוט וולנ,מיליליטרים,400.00,"100 מ""ל",false,,8.90,0.0223,true,1,165270
7290016682199,false,פריניב שייק תות בננה מופחת סוכר 1 ליטר,פריניב בעמ,IL,שייק תות בננה מופחת,יחידה,0.00,יחידה,false,,16.90,0.0000,true,1,49460
7290016682243,false,פריניב אשכולית אדומה סחוט 100% 1 ליטר,פריניב,IL,פרי ניב מיץ אשכולית,ליטרים,2.00,ליטר,false,,16.90,8.4500,true,1,49461
7290016682328,false,מיץ תפוזים 100% מרכז פריניב 2 ליטר,פרי ניב,IL,פרי ניב מיץ תפוזים ט,ליטרים,2.00,ליטר,false,,20.60,10.3000,true,1,244001
7290016682342,false,מיץ תפוזים וולנסיה פרי ניב 2 ליטר-,פרי ניב,IL,פרי ניב מיץ 100% טבע,ליטרים,2.00,ליטר,false,,26.60,13.3000,true,1,244029
7290016682359,false,מיץ תפוזים שמוטי פרי ניב 2 ליטר-,פרי ניב,IL,פרי ניב מיץ 100% טבע,ליטרים,2.00,ליטר,false,,26.60,13.3000,true,1,244043
7290016682373,false,משקה קל לימונדה בלאדי 2 ליטר פריניב,פריניב,IL,פרי ניב סחוט לימונדה,ליטרים,2.00,ליטר,false,,18.80,9.4000,true,1,244072
7290016693041,false,"יין אמירים רזרב קברנה 750 מ""ל!.",יקבי ארזה,IL,יין אמירים קברנה 750,מיליליטרים,750.00,"100 מ""ל",false,,17.90,0.0239,true,1,11921
7290016693065,false,"יין אמירים רזרב רוזה 750 מ""ל.",יקבי ארזה,IL,יין אמירים רזרב רוזה,מיליליטרים,750.00,"100 מ""ל",false,,17.90,0.0239,true,1,11923
7290016693072,false,"יין אמירים רזרב ריזלינג 750 מ""ל",יקבי ארזה,IL,יין אמירים ריזלינג 7,מיליליטרים,750.00,"100 מ""ל",false,,17.90,0.0239,true,1,11924
7290016693546,false,"יין קברנה עונות ארזה 750 מ""ל",יקבי ארזה,IL,יין עונות קברנה 750,מיליליטרים,750.00,"100 מ""ל",false,,30.90,0.0412,true,1,11932
7290016693560,false,"סדרת עונות קברנה מרלו 750 מ""ל",יקבי ארזה,IL,יין עונות קברנה מרלו,מיליליטרים,750.00,"100 מ""ל",false,,30.90,0.0412,true,1,11934
7290016693966,false,מיץ ענבים לקידוש 75,,,מיץ ענבים לקידוש 75,מיליליטרים,750.00,"100 מ""ל",false,,11.50,0.0153,true,1,129949
7290016717631,false,יין מוסקטו בעל חוזק אלכוהול נמוך פרייבט קולקשן,אגודת הכורמים הקואופרטיב,IL,יין P.C מוסקטו יין,מיליליטרים,750.00,"100 מ""ל",false,,32.50,0.0433,true,1,637
7290016717754,false,"יין ישן נושן יקבי כרמל 750 מ""ל ^^^",אגודת הכורמים הקואופרטיב,IL,"ישן נושן 750מ""ל.",מיליליטרים,750.00,"100 מ""ל",false,,18.90,0.0252,true,1,638
7290016717976,false,"יין סלקטד באז אפרסק כרמל 750 מ""ל",כרמל מזרחי,IL,יין באזז ספארקלינג א,מיליליטרים,750.00,"100 מ""ל",false,,27.90,0.0372,true,1,70200
7290016866643,false,פרודונטקס מ.שיניים אקסטרה פרש 75 מל,פרודונטקס Parodontax,SK,מש.שיניים פרש פרודונ,מיליליטרים,75.00,"100 מ""ל",false,,31.90,0.4253,true,1,4030
7290016866650,false,"פרודונטקס - משחת שיניים אוריג'ינל 75 מ""ל",פרודונטקס Parodontax,SK,מש.שיניים אוריגינל פ,מיליליטרים,75.00,"100 מ""ל",false,,31.90,0.4253,true,1,4031
7290016866667,false,"פרודונטקס - משחת שיניים ללא פלאוריד 75 מ""ל",פרודונטקס Parodontax,SK,מש.שיניים פלאוריד פר,מיליליטרים,75.00,"100 מ""ל",false,,31.90,0.4253,true,1,4032
7290016866674,false,"פרודונטקס - משחת שיניים מלבינה 75 מ""ל",פרודונטקס Parodontax,SK,"מש.שיניים מ""לבינה פר",מיליליטרים,75.00,"100 מ""ל",false,,31.90,0.4253,true,1,4033
7290016867008,false,"לחם כוסמין מחמצת ד""ר מרק",המאפה של דר' מארק,IL,לחם כוסמין מחמצת 700,גרמים,700.00,100 גרם,false,,17.90,0.0256,true,1,219734
7290016867039,false,"מארז פיתות קלות כוסמין בתוספת מחמצת 6 יחידות ד""ר מרק",המאפה של דר מרק בריא,IL,פיתות קלות כוסמין בת,גרמים,324.00,100 גרם,false,,14.90,0.0460,true,1,219810
7290016867046,false,"מארז פיתות קלות כוסמין במתיקות מעודנת 6 יחידות ד""ר מרק",המאפה של דר מרק בריא,IL,פיתות קלות כוסמין במ,גרמים,303.00,100 גרם,false,,14.90,0.0492,true,1,219811
7290016867053,false,לחם קל כוסמין בתוספת מחמצת 450 גרם,המאפה של דר מרק בריא,IL,לחם קל כוסמין בתוספת,גרמים,450.00,100 גרם,false,,18.90,0.0420,true,1,219749
7290016867114,false,לחם כוסמין קל מלא 500 גר',המאפה של דר מרק בריא,IL,לחם כוסמין קל מלא 50,גרמים,500.00,100 גרם,false,,17.90,0.0358,true,1,219735
7290016867145,false,"מארז פיתות קלות קמח מלא 6 יחידות ד""ר מרק",המאפה של דר' מארק,IL,פיתות קלות קמח מלא 3,גרמים,360.00,100 גרם,false,,13.90,0.0386,true,1,219826
7290016867152,false,"מארז פיתות קלות כוסמין 5 יחידות ד""ר מרק",המאפה של דר מרק בריא,IL,פיתות קלות כוסמין 29,גרמים,292.00,100 גרם,false,,13.90,0.0476,true,1,219812
7290016867176,false,"מארז לחמניות קלות כוסמין שומשום במתיקות מעודמת 5 יחידות ד""ר מרק",המאפה של דר מרק,IL,לחמניות ק. כוסמין שו,גרמים,300.00,100 גרם,false,,13.90,0.0463,true,1,219780
7290016867237,false,"לחם קל כוסמין במתיקות מעודנת ד""ר מרק",המאפה של דר מרק בריא,IL,לחם קל כוסמין במתיקו,גרמים,400.00,100 גרם,false,,18.90,0.0472,true,1,219750
7290016883176,false,"מוזלי פתיתי שיבולת שועל עם שוקולד מריר ושבבי קוקוס 1 ק""ג","דין שיווק וקלייה בע""",MK,מוזלי 47% דגנים מלאי,קילוגרמים,1.00,"ק""ג",false,,18.90,18.9000,true,1,208323
7290016967074,false,לחם חיטה מלאה עם גרעינים ודגנים,מאפיית שלמה א. אנג'\ל בע,IL,חיטה מלאה אנגל 750 ג,גרמים,750.00,100 גרם,false,,16.90,0.0225,true,1,35503
7290016998207,false,לקט קסם השדה נטורזה,,,לקט קסם השדה 350 גר,גרמים,350.00,100 גרם,false,,10.90,0.0311,true,1,156353
7290016998238,false,כרוב לבן קצוץ נטורזה,,,כרוב לבן קצוץ 400 גר,גרמים,400.00,100 גרם,false,,8.90,0.0223,true,1,156355
7290016998245,false,מיקס שורשים נטורזה 4,,,מיקס שורשים 400 גר,גרמים,400.00,100 גרם,false,,9.90,0.0248,true,1,156356
7290016998269,false,לקט קולסלאו נטורזה 4,,,לקט קולסלאו 400 גר,גרמים,400.00,100 גרם,false,,7.90,0.0198,true,1,156358
7290016998276,false,גזר חתוך דק נטורזה 2,,,גזר חתוך דק 250 גר,גרמים,250.00,100 גרם,false,,6.90,0.0276,true,1,156359
7290016998320,false,לבבות קיסר נטורזה יח,נטורזה,IL,לבבות קיסר מארז,יח',1.00,יח',false,,11.90,11.9000,true,1,156364
7290017031705,false,"סנסודיין משחת שיניים קלין & פרש 75 מ""ל",גלקסוס סמית קליין,SK,משחת שיניים קלין&פרש,מיליליטרים,75.00,"100 מ""ל",false,,21.90,0.2920,true,1,4049
7290017058689,false,זית שחור טבעי תומר 4,מסנוי גידה רעהס,TR,זית שחור טבעי תומר 4,גרמים,400.00,100 גרם,false,,14.90,0.0373,true,1,25204
7290017062693,false,מרכך כביסה מרוכז לבן 1*5 ליטר טאצ,סאסאטק,IL,מרכך כביסה מרוכז טאצ,ליטרים,1.00,ליטר,false,,12.90,12.9000,true,1,119646
7290017062730,false,"נוזל כלים לבנדר 36% 750 מ""ל טא'צ+משאבה",,IL,נוזל כלים לבנדר 36%,מיליליטרים,750.00,"100 מ""ל",false,,8.90,0.0119,true,1,109945
7290017062747,false,"נ.כלים 36% תפוח טאצ' +משאבה 750 מ""ל",,IL,נוזל כלים תפוח 36% 7,מיליליטרים,750.00,"100 מ""ל",false,,8.90,0.0119,true,1,109946
7290017062754,false,"נ.כלים 36% לימון טאצ' +משאבה 750 מ""ל",,IL,נוזל כלים לימון 36%,מיליליטרים,750.00,"100 מ""ל",false,,8.90,0.0119,true,1,111333
7290017065007,false,פרוסות גבינה מוצרלה חצי קשה 22% שומן 200 ג' גד,מחלבות גד בעמ,IL,מוצרלה פרוסה חצי קש,גרמים,200.00,100 גרם,false,,19.60,0.0980,true,1,14718
7290017065137,false,ריקוטה למריחה 5% טבעית 200 גרם - רובין,האי נאם סי או אל.טי.,IL,גבינה ריקוטה למריחה,גרמים,200.00,100 גרם,false,,10.90,0.0545,true,1,14721
7290017065236,false,גבינה בולגרית מעודנת 24% גד 250 גרם,הנסיך- מפעל לייצור ט,IL,בולגרית מעודנת 24% 2,גרמים,250.00,100 גרם,false,,23.90,0.0956,true,1,14728
7290017065434,false,פרוסות גבינה גאודה הולנדית חצי קשה 200 גרם בית יוסף,מחלבות גד בעמ,NL,גד פרוסות גאודה 200,גרמים,200.00,100 גרם,false,,22.90,0.1145,true,1,14737
7290017065441,false,גבינה גאודה עיזים פרוסה הולנדית 200 גר',גבינות מדף,NL,גד פרוסות גאודה עיזי,גרמים,200.00,100 גרם,false,,33.80,0.1690,true,1,14738
7290017065731,false,גבינת שמנת 30% ניו יורק +כמהין 200 גרם רבנות,פ.פ.ח. שאביט,IL,גבינת שמנת ניו יורק,גרמים,200.00,100 גרם,false,,14.10,0.0705,true,1,150340
7290017065786,false,"גבינת צ`דר מחלבות גד , 210 גרם","מחלבות גד בע""\מ",GB,גבינה אנגלית קשה צ'ד,גרמים,210.00,100 גרם,false,,21.90,0.1043,true,1,305975
7290017068350,false,עדשים שחורות בלוגה מיה 500 גרם,מיה,IL,עדשים שחורות בלוגה מ,גרמים,500.00,100 גרם,false,,7.90,0.0158,true,1,336849
7290017068367,false,שמרים בוואקום 125 גרם,מיה,IL,מיה שמרים בוואקום 12,גרמים,125.00,100 גרם,false,,4.90,0.0392,true,1,15280
7290017068374,false,שמרים יבשים בואקום מיה 500 גרם,angle yeast co ltd,IL,מיה שמרים בוואקום 50,גרמים,500.00,100 גרם,false,,10.90,0.0218,true,1,15281
7290017068893,false,ג'לי דגיגים בציפוי סוכר 350 גרם,מיה תעשיות מזון בעמ,IL,ג'לי דגיגים בציפוי ס,גרמים,350.00,100 גרם,false,,14.90,0.0426,true,1,332787
7290017068909,false,ג'לי לבבות בציפוי שמן 350 גרם,מיה תעשיות מזון בעמ,IL,ג'לי לבבות מיה 350 ג,גרמים,350.00,100 גרם,false,,14.90,0.0426,true,1,96010
7290017068916,false,ג'לי טבעות בציפוי סוכר 350 גרם,מיה תעשיות מזון בעמ,IL,ג'לי טבעות בציפוי סו,גרמים,350.00,100 גרם,false,,14.90,0.0426,true,1,96011
7290017068923,false,ג'ליבינס קרנבל מיה 350 גרם,מיה תעשיות מזון בעמ,IL,ג'לי בינס קרנבל מיה,גרמים,350.00,100 גרם,false,,14.90,0.0426,true,1,332788
7290017068978,false,שיבולת שועל מלאה להכנה מהירה מיה 500 גרם,מיה,IL,שיבולת שועל מלאה להכ,קילוגרמים,1.00,"ק""ג",false,,9.90,9.9000,true,1,502028
7290017068985,false,שיבולת שועל מלאה עבה מיה 500 גרם,מיה,IL,שיבולת שועל מלאה עבה,קילוגרמים,1.00,"ק""ג",false,,9.90,9.9000,true,1,502001
7290017088075,false,בייביסיטר - חיתולי סטנדרט מידה 4+ - 40 יח',די.פי.אל תעשיות מוצרים ח,IL,חיתולי ביייביסיטר סט,יח',40.00,יח',false,,34.90,0.8725,true,1,515930
7290017088099,false,בייביסיטר - חיתולי סטנדרט מידה 6 - 30 יח',די.פי.אל תעשיות מוצרים ח,IL,חיתולי ביייביסיטר סט,יח',34.00,יח',false,,34.90,1.0265,true,1,515932
7290017088105,false,טיטולי בייביסיטר מידה 3 38 יח,די.פי.אל תעשיות מוצר,IL,ביייביסיטר נוחות מיד,יח',40.00,יח',false,,34.90,0.8725,true,1,29557
7290017088112,false,טיטלי בייביסיטר מידה 4 36 י ח,די.פי.אל תעשיות מוצר,IL,ביייביסיטר נוחות מיד,יח',36.00,יח',false,,34.90,0.9694,true,1,29558
7290017088129,false,טיטולי בייביסיטר מידה 4+ 34 יח,די.פי.אל תעשיות מוצר,IL,ביייביסיטר נוחות מיד,יח',40.00,יח',false,,34.90,0.8725,true,1,29559
7290017088631,false,רבעיית מגבונים תולי ללא בישום 72*4 יחידות,DPL,IL,מגבון Tooly רביעייה,יחידה,0.00,יחידה,false,,9.90,0.0000,true,1,64130
7290017088815,false,בריז תחבושות לבריחת שתן נורמל 12 יח,ניאופארם,IT,תחבושות Breeze לבריח,יח',12.00,יח',false,,18.90,1.5750,true,1,162789
7290017088877,false,BREEZE תחתונים לבריחת שתן מידה XL יח' 14,ניאופארם,IT,תחתונים סופגים Breez,יח',14.00,יח',false,,74.90,5.3500,true,1,162965
7290017088914,false,מגבונים בייביסיטר מבושם 66X6 יח',די.פי.אל,IL,מגבונים מבושם בייביס,יחידה,0.00,יחידה,false,,16.90,0.0000,true,1,102825
7290017088983,false,חיתולי בייביסיטר ניו בורן מידה 2 38 יחי',די.פי.אל תעשיות מוצרים ח,IL,חיתולי בייביסיטר NB,יחידה,0.00,יחידה,false,,29.90,0.0000,true,1,228780
7290017094199,false,סלט קוביות חציל ברוטב שמיר 200 גרם,"סלטי שמיר 2006 בע""מ",IL,מעדן חצילים שמיר 200,גרמים,200.00,100 גרם,false,,10.90,0.0545,true,1,146205
7290017105048,false,שלישיית טבעות זיתים זיתים יכין 200 גרם,יכין,IL,טבעות ירוקים זיתים י,גרמים,200.00,100 גרם,false,,11.90,0.0595,true,1,73853
7290017105468,false,מארז שלישייה אפונה קטנה יכין 3*200 גר,קשקמט קונסרב הונגריה,IL,אפונה יכין 3*120 גרם,גרמים,360.00,100 גרם,false,,13.90,0.0386,true,1,8760
7290017105550,false,רביעיית רסק עגבניות 100% יכין 4X100 גרם,היינץ צפון אמריקה מק,IL,מאגדת רסק עגבניות יכ,גרמים,400.00,100 גרם,false,,11.90,0.0298,true,1,8761
7290017105895,false,גרגרי חומוס להכנת חומוס משובח יכין 560 ג,זנלכל,IL,גרגרי חומוס מסעדות י,גרמים,550.00,100 גרם,false,,9.90,0.0180,true,1,85174
7290017121048,false,"פלפל צ'ומה 250 גרם ""עללחם""","מדשא תעשיות מזון בע""\מ",IL,ממרח פלפל צ'ומה עללח,גרמים,250.00,100 גרם,false,,14.90,0.0596,true,1,23392
7290017121086,false,"אריסה ביתית מתוקה עללחם, 250 גרם","מדשא תעשיות מזון בע""\מ",IL,אריסה מתוקה ביתית על,גרמים,250.00,100 גרם,false,,14.90,0.0596,true,1,333539
7290017121093,false,"אריסה חריפה 250 גרם ""עללחם""","מדשא תעשיות מזון בע""\מ",IL,ממרח אריסה חריפה עלל,גרמים,250.00,100 גרם,false,,14.90,0.0596,true,1,23393
7290017140063,false,"קמח עדשים אדומות לל""ג 500 גרם",אופק מן הטבע,,קמח עדשים אדומות שי,גרמים,500.00,100 גרם,false,,15.90,0.0318,true,1,307490
7290017140254,false,קמח כוסמת ירוקה 500 גרם,,IL,קמח כוסמת ירוקה שי ש,גרמים,500.00,100 גרם,false,,15.90,0.0318,true,1,307489
7290017140308,false,קמח שקדים-שי של הטבע,אופק מן הטבע,IL,קמח שקדים שי של הטבע,גרמים,500.00,100 גרם,false,,24.90,0.0498,true,1,318170
7290017142111,false,פתיתי טונה בשמן זית טו גו עץ הזית 85 גרם,"יוניקורד ח.צ בע""מ",TH,פתיתי טונה בהירה בשמ,גרמים,85.00,100 גרם,false,,9.90,0.1165,true,1,29368
7290017142128,false,"שמן זית כתית מעולה קלאסי עץ הזית 750 מ""ל",שמן תעשיות בעמ,IT,שמן זית כתית מעולה ק,מיליליטרים,750.00,"100 מ""ל",false,,33.90,0.0452,true,1,29369
7290017142159,false,"שלישיית נתחי טונה בהירה בשמן זית 80 גרם ""עץ הזית""",יוניקורד ח.צ בעמ,TH,נתחי טונה בהירה בשמן,גרמים,240.00,100 גרם,false,,23.90,0.0996,true,1,29370
7290017142166,false,"פילה טונה פרוס עם שמן זית 120 גרם ""עץ הזית""","יוניקורד ח.צ בע""מ",TH,פילה טונה פרוס עם בש,גרמים,120.00,100 גרם,false,,14.90,0.1242,true,1,29371
7290017142180,false,פילה פרוס ושמן זית בנגיעות טעם לימון ופלפל שחור,"יוניקורד ח.צ בע""מ",TH,פילה טונה פרוס זית ל,גרמים,120.00,100 גרם,false,,14.90,0.1242,true,1,29372
7290017142203,false,"פילה טונה פרוס עם שמן זית בטעם מעושן 120 גרם ""עץ הזית""","יוניקורד ח.צ בע""מ",TH,פילה טונה פרוס עם בש,גרמים,120.00,100 גרם,false,,14.90,0.1242,true,1,29373
7290017142234,false,"פתיתי טונה בהירה בשמן זית מעושן ""עץ הזית""","יוניקורד ח.צ בע""מ",TH,פתיתי טונה בהירה בשמ,גרמים,85.00,100 גרם,false,,9.90,0.1165,true,1,29374
7290017142258,false,טונה בשמן זית עץ הזית 100 גרם,,,טונה בהירה בשמן זית,גרמים,100.00,100 גרם,false,,7.90,0.0790,true,1,29376
7290017142289,false,"תרסיס שמן חמניות לל""ת גז עץ הזית 200מ""ל",י.ב טכנולוגיות אריזה בעמ,IT,תרסיס שמן חמניות עץ,מיליליטרים,200.00,"100 מ""ל",false,,15.90,0.0795,true,1,29378
7290017142395,false,"LUNCH TO GO פסטה עם טונה בשמן זית 160 גרם ""עץ הזית""",יוניקורד ח.צ בעמ,TH,פסטה עם טונה בשמן זי,גרמים,160.00,100 גרם,false,,13.90,0.0869,true,1,29387
7290017142401,false,"LUNCH TO GO קינואה לבנה ואדומה טונה בשמן זית 160 גרם ""עץ הזית""",ג'נרל מילס סאן אדריא,TH,קינואה לבנה ואדומה ע,גרמים,160.00,100 גרם,false,,13.90,0.0869,true,1,105532
7290017142418,false,"LUNCH TO GO אורז עם עדשים טונה בשמן זית 160 גרם ""עץ הזית""",יוניקורד ח.צ בעמ,TH,אורז עדשים עם טונה ב,גרמים,160.00,100 גרם,false,,13.90,0.0869,true,1,29388
7290017142500,false,תרסיס שמן זית כתית מעולה בטעם שום 150מל,קומטמפ קומפניה פורטו,IT,תרסיס שמן זית כתית ב,מיליליטרים,150.00,"100 מ""ל",false,,19.90,0.1327,true,1,525368
7290017142623,false,"תרסיס שמן זית בטעם צ'ילי עץ הזית 150 מ""ל",קומטמפ קומפניה פורטו,IT,תרסיס שמן זית כתית ב,מיליליטרים,150.00,"100 מ""ל",false,,19.90,0.1327,true,1,525370
7290017217307,false,נרות חימום ריחניים בניחות ורדים 50יח',הוסטס,CN,נרות חימום ריחניים ב,יחידה,0.00,יחידה,false,,12.90,0.0000,true,1,533461
7290017217420,false,סבון אסלה מבושם בניח,הוסטס,CN,סבון אסלה מבושם בניח,יחידה,0.00,יחידה,false,,11.90,0.0000,true,1,529406
7290017217437,false,סבון לאסלה פרחים 50*3 גר,JIANGBEI NINGBO,CN,סבון אסלה מבושם בניח,יחידה,0.00,יחידה,false,,11.90,0.0000,true,1,529407
7290017232218,false,לחם קלאסי מופחת פחמימות איטסיין 430 גרם,,IL,לחם eatsane קלאסי דו,גרמים,430.00,100 גרם,false,,24.90,0.0579,true,1,587207
7290017232225,false,לחם גלילי מופחת פחמימות איטסיין 450 גרם,דבידוביץ,IL,לחם eatsane גלילי 45,גרמים,450.00,100 גרם,false,,24.90,0.0553,true,1,587236
7290017232263,false,לחם איטסיין מחמצת 430ג,דוידוביץ,IL,לחם עם מחמצת איטסיין,גרמים,430.00,100 גרם,false,,29.90,0.0695,true,1,595797
7290017266046,false,מארז וופל קראנצ' אישי 30 יחידות עלמה,"גילרו בע""מ",IL,חטיף וופל קראנצ במיל,גרמים,600.00,100 גרם,false,,17.90,0.0298,true,1,41407
7290017266725,false,מארז וופל במילוי קרם בטעם שוקולד 12 גרם*40 יח',"גילרו בע""מ",IL,חטיף וופל קראנצ' במ,גרמים,480.00,100 גרם,false,,17.90,0.0373,true,1,112437
7290017289588,false,אינספייר בלנד לבן יבש 750 מל,יקב טפרברג 1870 בעמ,IL,אינספייר בלנד לבן יב,מיליליטרים,750.00,"100 מ""ל",false,,74.90,0.0999,true,1,531686
7290017289601,false,"יין IMPRESSION בלנד לבן 150 שנה טפרברג 750 מ""ל",יקב טפרברג 1870 בעמ,IL,IMPRESSION בלנד לבן,מיליליטרים,750.00,"100 מ""ל",false,,49.90,0.0665,true,1,513403
7290017304885,false,לחם שיפון מחיטה מלאה ללא תוספת סוכר 750 ג' אנג'ל,מאפיית שלמה א. אנג'\ל בע,IL,לחם שיפון וחיטה מלאה,גרמים,750.00,100 גרם,false,,16.90,0.0225,true,1,35509
7290017374390,false,סט שרותים מיוחד PINA,,IT,סט לשרותים TORINO (,יחידה,0.00,יחידה,false,,24.90,0.0000,true,1,13586
7290017440323,false,"ד""ר פישר - קידס שמפו + מרכך ויטמינים 750 מ""ל","ד""ר פישר Dr fischer",IL,"ד""ר פישר שמפו+מרכך ק",מיליליטרים,750.00,"100 מ""ל",false,,16.90,0.0225,true,1,29322
7290017440682,false,ד.פישר בלונד שמפו לשיער בהיר,"ד""ר פישר Dr fischer",IL,"שמפו בלונד 400 מ""ל",מיליליטרים,400.00,"100 מ""ל",false,,29.90,0.0747,true,1,123760
7290017457727,false,"סוד כחול מרכך כביסה מרוכז20%+בישום 900 מ""ל",הנקל סוד,IL,מרכך כביסה מרוכז סוד,מיליליטרים,900.00,"100 מ""ל",false,,9.50,0.0106,true,1,34937
7290017457734,false,"סוד ורוד מרכך כביסה מרוכז20%+בישום 900 מ""ל",הנקל סוד,IL,מרכך כביסה מרוכז סוד,מיליליטרים,900.00,"100 מ""ל",false,,9.50,0.0106,true,1,34938
7290017457871,false,סוד ג'ל כביסה טוטל ורוד 4 לי,הנקל סוד,IL,ג'ל כביסה סוד ירוק 4,ליטרים,4.00,ליטר,false,,34.90,8.7250,true,1,74024
7290017457925,false,סוד מרכך כביסה מרוכז פרש קונטרול ורוד,הנקל סוד,IL,מרכך כביסה מרוכז סוד,מיליליטרים,900.00,"100 מ""ל",false,,9.50,0.0106,true,1,110274
7290017457932,false,סוד מרכך כביסה מרוכז פרש קונטרול כחול,הנקל סוד,IL,מרכך כביסה מרוכז סוד,מיליליטרים,900.00,"100 מ""ל",false,,9.50,0.0106,true,1,110261
7290017477169,false,קשיו קלוי 250 גרם ששון הקולה,"דין שיווק וקלייה בע""",IL,קשיו קלוי ששון הקולה,גרמים,250.00,100 גרם,false,,20.00,0.0800,true,1,4898
7290017513829,false,תה ירוק לימונית ג'ינג'ר 25 שקיקים בתוספת ויטמין Cּּ+D,ויסוצקי ירוק,IL,תה ירוק לימונית ג'ינ,גרמים,37.50,100 גרם,false,,23.90,0.6373,true,1,106943
7290017589565,false,"ברקן, גוורצטרמינר לבן חצי יבש 750 מל",יקבי ברקן שיווק והפצ,IL,"קלאסיק גוורץ 750 מ""ל",מיליליטרים,750.00,"100 מ""ל",false,,32.90,0.0439,true,1,9556
7290017589633,false,"רזרב גולד אדישיין קברנה סוביניון 750 מ""ל",יקבי ברקן Barkan,IL,יין רזרב קברנה גולד,מיליליטרים,750.00,"100 מ""ל",false,,48.90,0.0652,true,1,9557
7290017595023,false,כוסיות לנרונים עם סיליקון,,,כוסית זכוכית עם סילי,יחידה,0.00,יחידה,false,,2.90,0.0000,true,1,46516
7290017599267,false,סוכרלוז 120 שקיות ממתיק שולחני,סוכרזית Sucrazit,IL,סוכרזית סוכרלוז ממתי,גרמים,120.00,100 גרם,false,,24.90,0.2075,true,1,555908
7290017599274,false,סוכרזית סטיוויה 120 שקיות,ביסקול בע''מ,IL,סוכרזית סטיוויה ממת,גרמים,120.00,100 גרם,false,,24.90,0.2075,true,1,553564
7290017617046,false,נתחי טונה בשמן זית כתית מעולה רביעיה * 140 ג',סטארקיסט,TR,טונה בשמן זית סטארקי,גרמים,560.00,100 גרם,false,,24.90,0.0445,true,1,26714
7290017617084,false,סטארקיסט מיקס טוגו טונה עם שעועית 185 גרם,דרדנל אונוסטאס גידה,TR,סטארקיסט מיקס 185 גר,גרמים,185.00,100 גרם,false,,12.90,0.0697,true,1,294993
7290017617091,false,סטארקיסט מיקס טוגו טונה עם פתיתים 185 גרם,דרדנל אוננטאס גידה,TR,סטארקיסט מיקס 185 גר,גרמים,185.00,100 גרם,false,,12.90,0.0697,true,1,243209
7290017617107,false,סטארקיסט מיקס טוגו טונה עם 4 דגנים 185 גרם,"איטיליאן פוד, אס.פי.",TR,סטארקיסט מיקס 185 גר,גרמים,185.00,100 גרם,false,,12.90,0.0697,true,1,243223
7290017618111,false,עוגיות מלבן שקדים עם טריפל שוקולד 180 גר',קונדטוריות לחמי,IL,עוגיות מלבן שקדים עם,גרמים,180.00,100 גרם,false,,18.90,0.1050,true,1,24850
7290017619378,false,מפיץ ריח עם מקלות 12,,,מפיץ ריח עם מקלות 12,מיליליטרים,120.00,"100 מ""ל",false,,39.90,0.3325,true,1,213091
7290017637150,false,"נובו ג'ל אלכוהול משאבה 500 מ""ל",שניב תעשיות נייר,IL,ג'ל אלכוהול נובו 500,מיליליטרים,500.00,"100 מ""ל",false,,19.90,0.0398,true,1,55924
7290017637587,false,קרם לתלתלים מושלמים 200 מל בוגנים,סאסא קוסמטיקס,IL,קרם CURLS לתלתלים מו,מיליליטרים,200.00,"100 מ""ל",false,,27.90,0.1395,true,1,452010
7290017637594,false,שמפו יומיומי זיכרונות מתוקים 500 מל,סאסא קוסמטיקס,IL,שמפו שיער רגיל MB S,מיליליטרים,500.00,"100 מ""ל",false,,24.90,0.0498,true,1,452083
7290017637600,false,מרכך יומיומי זיכרונות מתוקים 500 מל,סאסא קוסמטיקס,IL,מרכך לשיער רגיל MB,מיליליטרים,500.00,"100 מ""ל",false,,24.90,0.0498,true,1,452084
7290017637617,false,מסיכת הזנה לשיער מיקי בוגנים 250 מל,סאסא קוסמטיקס,IL,מסיכת הזמנה לשיער MB,מיליליטרים,250.00,"100 מ""ל",false,,27.90,0.1116,true,1,452024
7290017637631,false,מרכך יומיומי יסמין קסום 500 מל בוגנים,סאסא קוסמטיקס,IL,מרכך לשיער רגיל 500,מיליליטרים,500.00,"100 מ""ל",false,,24.90,0.0498,true,1,451996
7290017641997,false,"שוקולד מריר עם שברי אגוזי לוז פרימיום 70% לל""ס כרמית","כרמית תעשיות ממתקים בע""\",IL,שוקולד מריר מעולה עם,גרמים,100.00,100 גרם,false,,9.90,0.0990,true,1,364461
7290017647425,false,"יין גמלא קברנה סוביניון שנת 2018 750 מ""ל",יקבי רמת הגולן,IL,יין גמלא קברנה סובינ,מיליליטרים,750.00,"100 מ""ל",false,,67.90,0.0905,true,1,87420
7290017682099,false,מקל מטאטא טיטניוום,,,מקל טיטניום 1.3 מטר,יחידה,0.00,יחידה,false,,5.90,0.0000,true,1,51946
7290017682334,false,מטאטא ריץ' + מקל 1.5,,TR,מטאטא ריץ' RICH,יחידה,0.00,יחידה,false,,17.90,0.0000,true,1,553131
7290017682501,false,מטליות מיקרו חלונות ומסכ,מ.א,CN,מטליות מיקרו להברקת,יחידה,0.00,יחידה,false,,9.90,0.0000,true,1,108073
7290017682648,true,מגב PVC - ONE חד להב,,,מגב PVC - ONE חד להב,יחידה,0.00,יחידה,false,,19.90,0.0000,true,1,553233
7290017682945,true,מגב SILICONE - ONE ח,,,מגב SILICONE - ONE ח,יחידה,0.00,יחידה,false,,24.90,0.0000,true,1,76713
7290017715346,false,זית שחור טאסוס 400 גרם,מסנוי גידה רעהס,TR,זית שחור טאסוס תומר,גרמים,400.00,100 גרם,false,,14.90,0.0373,true,1,25216
7290017715407,false,זיתים שחורים עם פלפל חריף,מסנוי גידה רעהס,TR,זית שחור עם פלפל חרי,גרמים,400.00,100 גרם,false,,14.90,0.0373,true,1,25217
7290017715537,false,שעועית לבנה אפויה ברוטב עגבניות 550 ג' תומר,,HU,שימורי שעועית אפויה,גרמים,580.00,100 גרם,false,,4.90,0.0084,true,1,25223
7290017715735,false,A2 זית סורי מבוקע תומר 560 גרם,עדן,IL,זית סורי מבוקע תומר,גרמים,560.00,100 גרם,false,,9.90,0.0177,true,1,66709
7290017724003,false,עוגיות גרסיני אקלר 2,אקלר,IL,עוגיות גרסיני אקלר 2,גרמים,250.00,100 גרם,false,,23.90,0.0956,true,1,332657
7290017724027,false,עוגיות אלפחורס 300 גרם,"אקלר בע""מ",IL,עוגיות אלפא חורס אקל,גרמים,300.00,100 גרם,false,,23.90,0.0797,true,1,332538
7290017724034,false,עוגיות ריבה בטעם תות250ג,אקלר,IL,עוגיות סנדוויץ ריבה,גרמים,250.00,100 גרם,false,,23.90,0.0956,true,1,332539
7290017724041,false,עוגיות תותי פרוטי 200גרם,אקלר,IL,עוגיות תותי פרוטי אק,גרמים,200.00,100 גרם,false,,23.90,0.1195,true,1,332540
7290017724102,false,סיגרים תמרים אקלר 200 גרם,אקלר,IL,עוגיות סיגרים תמרים/,גרמים,250.00,100 גרם,false,,23.90,0.0956,true,1,332587
7290017724140,false,עוגיות שושנים אקלר 200 גרם,אקלר,IL,עוגיות שושנים אקלר 2,גרמים,200.00,100 גרם,false,,23.90,0.1195,true,1,332556
7290017724164,false,עוגיות אוזניים ללא סוכר אקלר 200 גרם,אקלר,IL,"עוגיות אוזניים לל""תס",גרמים,200.00,100 גרם,false,,23.90,0.1195,true,1,332659
7290017724171,false,עוגיות סנדביץ ריבה ללא סוכר אקלר 200 גרם,אקלר,IL,עוגיות סנדוויץ ריבה,גרמים,250.00,100 גרם,false,,23.90,0.0956,true,1,332660
7290017724201,false,עוגיות ואן גוך ללא סוכר אקלר 200 גרם,אקלר,IL,"עוגיות ואן גוך לל""תס",גרמים,200.00,100 גרם,false,,23.90,0.1195,true,1,332661
7290017724218,false,"מעדן תמר אגוז ללת""ס200גר",אקלר,IL,"עוגיות מעדן תמר לל""ת",גרמים,250.00,100 גרם,false,,23.90,0.0956,true,1,332680
7290017724232,false,עוגיות שומשומית 200 גרם,אקלר,IL,עוגיות שומשומית אקלר,גרמים,200.00,100 גרם,false,,23.90,0.1195,true,1,332643
7290017724263,false,"עוגיות בטהובן ללת""ס300גר",אקלר,IL,"עוגיות בטהובן לל""תס",גרמים,300.00,100 גרם,false,,23.90,0.0797,true,1,400521
7290017724270,false,"עוגיות אשכול ללת""ס 200גר",,IL,עוגיות אשכול בריאות,גרמים,200.00,100 גרם,false,,23.90,0.1195,true,1,332682
7290017724287,false,אקלר פקאן ללא סוכר 200 גרם,"אקלר בע""מ",IL,עוגיות אצבעות פקאן ל,גרמים,250.00,100 גרם,false,,23.90,0.0956,true,1,332683
7290017724300,false,עוגיות גרנולה אקלר 200 גרם,אקלר,IL,עוגיות גרנולה אקלר 2,גרמים,200.00,100 גרם,false,,23.90,0.1195,true,1,332663
7290017746128,false,מיני פיתות קלאסי50*10 גר,מאפיית דוידוביץ ובני,IL,פיתות ביס 10 יח' מאפ,גרמים,500.00,100 גרם,false,,12.90,0.0258,true,1,587880
7290017746135,false,מארז 10 פיתות ביס כוסמין,מאפיית דוידוביץ ובני,IL,10 מיני פיתות כוסמין,גרמים,500.00,100 גרם,false,,13.90,0.0278,true,1,588027
7290017746197,false,לחמניות המבורגר 6יחידות,מאפיית דוידוביץ ובניו בע,IL,6 לחמניות המבורגר מא,גרמים,600.00,100 גרם,false,,16.90,0.0282,true,1,587750
7290017746258,true,פרנה לחם מרוקאי מסור,,,פרנה לחם מרוקאי מסור,גרמים,400.00,100 גרם,false,,13.90,0.0348,true,1,588070
7290017746272,false,4 יח' פיתה בצל מנקיש,,,4 יח' פיתה בצל מנקיש,גרמים,480.00,100 גרם,false,,19.90,0.0415,true,1,597444
7290017746289,false,פיתה זעתר 4 יחידות 4,,,4 יח' פיתה זעתר מנקי,גרמים,480.00,100 גרם,false,,19.90,0.0415,true,1,595840
7290017812069,false,יין אמרלד ריזלינג שרדונה אקסלנס Excellence,יקבי כרמל Carmel Winery,IL,אקסלנס ריזלינג שרדונ,מיליליטרים,750.00,"100 מ""ל",false,,25.90,0.0345,true,1,642
7290017812380,false,תירוש מיץ ענבים אדום,,,תירוש מיץ ענבים אדום,מיליליטרים,750.00,"100 מ""ל",false,,12.90,0.0172,true,1,649
7290017812571,false,מיץ ענבים תירוש אדום 100% טבעי כרמל 1 ליטר,יקבי כרמל Carmel Winery,IL,תירוש מיץ ענבים אדום,ליטרים,1.00,ליטר,false,,19.90,19.9000,true,1,53392
7290017812588,false,מיץ ענבים תירוש לבן 100% טבעי כרמל 1 ליטר,יקבי כרמל Carmel Winery,IL,תירוש מיץ ענבים לבן,ליטרים,1.00,ליטר,false,,19.90,19.9000,true,1,53405
7290017812618,false,מיץ ענבים תירוש אדום רוזה כרמל 1 ליטר,כרמל מזרחי,IL,מיץ ענבים רוזה תירוש,ליטרים,1.00,ליטר,false,,19.90,19.9000,true,1,70214
7290017812656,false,"תירוש אדום מיץ ענבים מבעבע כרמל 750 מ""ל",ג'\קובז'\י איי.אי פיגלי,IL,תירוש אדום מבעבע יקב,מיליליטרים,750.00,"100 מ""ל",false,,20.90,0.0279,true,1,194322
7290017812663,false,"תירוש לבן מיץ ענבים מבעבע כרמל 750 מ""ל",ג'\קובז'\י איי.אי פיגלי,IL,תירוש לבן מבעבע יקבי,מיליליטרים,750.00,"100 מ""ל",false,,20.90,0.0279,true,1,194336
7290017812861,false,יין וינו לבן יקבי כרמל,כרמל מזרחי,IL,יין וינו לבן יבש יקב,מיליליטרים,750.00,"100 מ""ל",false,,21.90,0.0292,true,1,194282
7290017812977,false,"יין קריניאנו סלקטדאננס באז כרמל 750 מ""ל",כרמל מזרחי,IL,יין באזז אננס יקבי כ,מיליליטרים,750.00,"100 מ""ל",false,,27.90,0.0372,true,1,167279
7290017816012,false,קרם קרקר כוסמין מקור הכוסמין 250 גר,מגדנית הדר,IL,קרם קרקר מקור הכוסמי,גרמים,250.00,100 גרם,false,,14.90,0.0596,true,1,307604
7290017864259,false,בזיליקום 100ג רמי לוי,,,בזיליקום יח',גרמים,100.00,100 גרם,false,,9.90,0.0990,true,1,78318
7290017864549,false,עלי רוקולה 250ג רמי לוי,,,בייבי רוקולה,גרמים,250.00,100 גרם,false,,14.90,0.0596,true,1,78217
7290017864556,false,בייבי תרד 250ג רמי לוי,,,בייבי תרד,גרמים,150.00,100 גרם,false,,9.90,0.0660,true,1,78320
7290017864594,false,שיני שום קלופים רמי,,,שיני שום צנצנת,גרמים,140.00,100 גרם,false,,9.90,0.0707,true,1,78321
7290017871462,false,טוסו חטיף פצפוצי אורז מצופה שוקולד מריר ללא תוספת סוכר,תות תעשיות מזון (2014) ב,IL,טוסו חטיף פצפוצי אור,גרמים,0.00,גרם,false,,16.90,0.0000,true,1,6061
7290017872001,false,"קרם החתלה פרשוואנס שמן זית ופרופוליס 100 סמ""ק",פרש-וואנס,IL,משחת החתלה פרשוואנס,מיליליטרים,100.00,"100 מ""ל",false,,12.50,0.1250,true,1,72346
7290017872070,false,מארז מגבונים לחים בניחוח מרענן פרש וואנס שלישייה,"ווטנפס בע""\מn\",IL,פרשוואנס מגבונים מאר,יחידה,0.00,יחידה,false,,12.90,0.0000,true,1,495938
7290017872179,false,טוסו - עוגיות טחינה ללא סוכר 200 גרם,"הגביע מוצרי וופלים בע""\מ",IL,עוגיות טחינה טוסו 20,גרמים,200.00,100 גרם,false,,14.90,0.0745,true,1,75401
7290017872193,false,טוסו עוגיות שקדים וקינמון ללא סוכר 200 גרם,"הגביע מוצרי וופלים בע""\מ",IL,עוגיות שקדים וקינמון,גרמים,200.00,100 גרם,false,,14.90,0.0745,true,1,75403
7290017888019,false,"משקה תפוח רימון סלק גינגיר פרות &ווג 350 מ""ל",פרוט אנד וג' Fruit & Veg,IL,פרוט & וג' תפוח רימו,מיליליטרים,330.00,"100 מ""ל",false,,7.90,0.0239,true,1,11765
7290017888026,false,"משקה אננס תפוח גזר פרות & ווג 350 מ""ל",פרוט אנד וג' Fruit & Veg,IL,פרוט & וג' אננס תפוח,מיליליטרים,330.00,"100 מ""ל",false,,7.90,0.0239,true,1,11766
7290017888033,false,"משקה בננה מלון נענע פרות &ווג 350 מ""ל",פרוט אנד וג' Fruit & Veg,IL,פרוט & וג' בננה מלון,מיליליטרים,330.00,"100 מ""ל",false,,7.90,0.0239,true,1,11767
7290017888644,false,"משקה אננס בננה כורכום פרות & ווג 350 מ""ל",פרוט אנד וג' Fruit & Veg,IL,פרוט & וג' אננס בננה,גרמים,330.00,100 גרם,false,,7.90,0.0239,true,1,60948
7290017888910,false,"תפוזינה לימונענע 500 מ""ל","יפאורה תבורי בע""מ",,משקה לימונענע Move ת,מיליליטרים,500.00,"100 מ""ל",false,,5.40,0.0108,true,1,156185
7290017888972,false,בקבוק מי עדן פקק ספורט 1 ליטר,"מופק ממקור בזלתי עדן ,1",IL,מי עדן פקק ספורט 1 ל,ליטרים,1.00,ליטר,false,,4.90,4.9000,true,1,76942
7290017894119,false,פוזילי אורז תירס דגש 400 גרם,אנדריאני,IL,דגש פוזלי אורז תירס,גרמים,400.00,100 גרם,false,,9.90,0.0248,true,1,113152
7290017917283,false,"מגבוני קמיל בלו ד""ר פישר ללא בישום רביעי",פישר מעבדות פרמצבטיות,IL,מגבוני קמיל 64 יח` מ,יחידה,0.00,יחידה,false,,19.90,0.0000,true,1,123653
7290017928036,false,מקלות גריסיני שומשום מאיר בייגל 175 גרם,מאיר את בייגל,IL,מקלות גריסיני שומשום,גרמים,175.00,100 גרם,false,,11.90,0.0680,true,1,5348
7290017928098,false,שטוחלה מלח מאיר בייגל 330 גרם,מאיר את בייגל,IL,בייגלה שטוח מלח מאיר,גרמים,330.00,100 גרם,false,,11.90,0.0361,true,1,223012
7290017928432,false,מקלות גריסיני קראנץ' פרג מאיר בייגל 175 גרם,מאיר את בייגל,IL,גריסיני קראנץ' פרג מ,גרמים,175.00,100 גרם,false,,11.90,0.0680,true,1,5357
7290017928524,false,בייגלה שטוח ניגובים מלח 330 ג' מאיר בייגל,מאיר את בייגל,IL,בייגלה שטוח ניגובים,גרמים,300.00,100 גרם,false,,11.90,0.0397,true,1,229301
7290017928616,false,מאיר בייגל שטוחהלה שומשום 300 גר',מאיר את בייגל,IL,שטוחלה שומשום מאיר ב,גרמים,300.00,100 גרם,false,,11.90,0.0397,true,1,5360
7290017928661,false,מאיר בייגל -סמאש-שבורים בטעם צ'דר 300 גרם,מאיר בייגל,BG,שברי בייגלה בטעם צ'ד,גרמים,300.00,100 גרם,false,,12.90,0.0430,true,1,131025
7290017928722,false,בייגלה שטוח ניגובים שומשום 300 ג' מאיר בייגל,מאיר את בייגל,IL,בייגלה שטוח ניגובים,גרמים,300.00,100 גרם,false,,11.90,0.0397,true,1,229287
7290017928746,false,פירורי בייגלה מאיר בייגל 200 גרם,מאיר בייגל,IL,פירורי בייגלה מאיר ב,גרמים,200.00,100 גרם,false,,6.90,0.0345,true,1,366277
7290017928807,false,בייגלה אצבעות שומשום מאיר בייגל 300 גרם,מאיר את בייגל,IL,אצבעות שומשום מאיר ב,גרמים,300.00,100 גרם,false,,11.90,0.0397,true,1,5363
7290017941219,false,WIZ כפות עבות במיוחד שקוף 40 יח',,,כפות 40 יח' עבה במיו,יחידה,0.00,יחידה,false,,7.90,0.0000,true,1,137934
7290017941226,false,מזלגות 40 יח' עבה במ,,,מזלגות 40 יח' עבה במ,יחידה,0.00,יחידה,false,,7.90,0.0000,true,1,137952
7290017941233,false,WIZ סכינים עבות במיוחד שקוף 40 יח',,,סכינים 40 יח' עבה במ,יחידה,0.00,יחידה,false,,7.90,0.0000,true,1,137935
7290017941257,false,WIZ כפות עבות במיוחד קרם 40 יח',,,כפות 40 יח' עבה במיו,יחידה,0.00,יחידה,false,,7.90,0.0000,true,1,137937
7290017941264,false,מזלגות 40 יח' עבה במ,,,מזלגות 40 יח' עבה במ,יחידה,0.00,יחידה,false,,7.90,0.0000,true,1,137938
7290017941271,false,WIZ סכינים עבים במיוחד קרם 40 יח',,,סכינים 40 יח' עבה אי,יחידה,0.00,יחידה,false,,7.90,0.0000,true,1,137939
7290017941288,false,נר נשמה 24 שעות,,,נר נשמה 24 שעות,יחידה,0.00,יחידה,false,,1.90,0.0000,true,1,187816
7290017941301,false,נר נשמה 48 שעות בזכו,,,נר נשמה 48 שעות בזכו,יחידה,0.00,יחידה,false,,4.90,0.0000,true,1,187830
7290017941318,false,נר נשמה 72 שעות בזכו,,,נר נשמה 72 שעות בזכו,יחידה,0.00,יחידה,false,,5.50,0.0000,true,1,187844
7290017941332,false,נרונים 66 יח' 6 שעות,,,נרונים 66 יח' 6 שעות,יחידה,0.00,יחידה,false,,24.90,0.0000,true,1,202858
7290017941349,false,WIZ נרונים שבת 72 יחידות,,,נרונים 72 יח' 4 שעות,יחידה,0.00,יחידה,false,,21.90,0.0000,true,1,202859
7290017941363,false,להבונים 50 יח' 4 שעו,,,להבונים 50 יח' 4 שעו,יחידה,0.00,יחידה,false,,10.90,0.0000,true,1,202860
7290017941370,false,להבונים 50 יח' 3 שעו,,,להבונים 50 יח' 3 שעו,יחידה,0.00,יחידה,false,,9.90,0.0000,true,1,187860
7290017941387,false,להבונים בקופסא 100 י,,,להבונים בקופסא 100 י,יחידה,0.00,יחידה,false,,22.90,0.0000,true,1,202875
7290017941400,false,כוסות 4OZ אספרסו 50,,,כוסות 4OZ אספרסו 50,יחידה,0.00,יחידה,false,,9.90,0.0000,true,1,172607
7290017941455,false,כוסות 9oz לשתיה חמה,,,כוסות 9oz לשתיה חמה,יחידה,0.00,יחידה,false,,14.90,0.0000,true,1,155534
7290017941462,false,כוסות שתיה חמה 8B י,,,כוסות שתיה חמה 8B י,יחידה,0.00,יחידה,false,,9.90,0.0000,true,1,146230
7290017941615,false,רדיד אלומניום כוכבים,,,רדיד אלומניום כוכבים,מטרים,60.00,מטר,false,,24.90,0.4150,true,1,137250
7290017941707,false,זוג מפות אירוח 120*1,,,זוג מפות אירוח 120*1,יחידה,0.00,יחידה,false,,7.90,0.0000,true,1,187876
7290017941790,false,ניילון נצמד 30*30 עם,,,ניילון נצמד 30*30 עם,מטרים,30.00,מטר,false,,8.90,0.2967,true,1,187861
7290017941820,false,כוסות שתיה קרה כחול,,,כוסות שתיה קרה כחול,יחידה,0.00,יחידה,false,,13.90,0.0000,true,1,128513
7290017941899,false,קערת פלסטיק עגולה ענ,,,קערת פלסטיק עגולה ענ,יחידה,0.00,יחידה,false,,9.90,0.0000,true,1,128557
7290017941905,false,קיסמים במלחיה 300 יח,,,קיסמים במלחיה 300 יח,יחידה,0.00,יחידה,false,,2.90,0.0000,true,1,140503
7290017941929,false,"שיפודי יקטורי 18 ס""מ",,,"שיפודי יקטורי 18 ס""מ",יחידה,0.00,יחידה,false,,7.90,0.0000,true,1,140520
7290017941967,false,שקיות אוכל XL 300 י,,,שקיות אוכל XL 300 י,יחידה,0.00,יחידה,false,,8.90,0.0000,true,1,176643
7290017941998,false,שיפודים רחבים לקבב 9,,,שיפודים רחבים לקבב 9,יחידה,0.00,יחידה,false,,5.90,0.0000,true,1,140521
7290017947105,false,לחם אנג'ל בסגנון אמריקה 500 גרם,מאפיית שלמה א. אנג'\ל בע,IL,לחם בסגנון אמריקה אנ,גרמים,500.00,100 גרם,false,,14.90,0.0298,true,1,35510
7290017947372,true,חלה מתוקה ארוזה אנגל,,,חלה מתוקה ארוזה אנגל,גרמים,500.00,100 גרם,false,,15.90,0.0318,true,1,67245
7290017947464,false,שמיניית פיתות כוסמין אנג'ל 8*50 גרם,מאפיית שלמה א.אנג'\ל בע\,IL,שמיניית פיתות כוסמין,גרמים,400.00,100 גרם,false,,15.90,0.0398,true,1,99986
7290017947495,false,6 לחמניות כוסמין 450 גרם אנג'ל,מאפיית שלמה א.אנג'\ל,IL,6 לחמניות כוסמין אנג,גרמים,450.00,100 גרם,false,,15.90,0.0353,true,1,116740
7290017947891,false,לחם אנג'ל כוסמין וחיטה מלאה 750 גרם,מאפיית שלמה א. אנג'\ל בע,IL,לחם כוסמין וחיטה מלא,גרמים,750.00,100 גרם,false,,16.90,0.0225,true,1,35511
7290017947921,true,מארז לחמניות המבורגר,,,מארז לחמניות המבורגר,גרמים,450.00,100 גרם,false,,14.90,0.0331,true,1,73613
7290017947938,false,מיני לחמניות המבורגר בסגנון אמריקה 400 ג' אנג'ל,מאפיית שלמה א. אנג'\ל בע,IL,8 לחמניות המבורגר בס,גרמים,4000.00,100 גרם,false,,14.90,0.0037,true,1,117296
7290017974873,false,כיסונים למרק במילוי בשר הודו 750 גרם,"אימפריאל הזרב פוד בע""מ",IL,כיסונים למרק במילוי,גרמים,0.75,100 גרם,false,,29.90,39.8667,true,1,541867
7290018023006,false,סבא חביב זית קלמטה 215 גרם,,IL,זית קלמטה סבא חביב 2,גרמים,215.00,100 גרם,false,,11.90,0.0553,true,1,53361
7290018023013,false,זית סורי שבור סבא חביב 215 גרם,,IL,זיתים סורי שבור סבא,גרמים,215.00,100 גרם,false,,10.90,0.0507,true,1,53362
7290018023495,false,טחינה גולמית 500ג' סבא חביב,מ.א ושות',IL,טחינה גולמית סבא חבי,גרמים,500.00,100 גרם,false,,14.90,0.0298,true,1,530102
7290018045084,false,BON&BON דגנים במילוי קרם בטעם בראוניז 480 גרם,monday,DE,דגנים במילוי קרם ברא,גרמים,480.00,100 גרם,false,,23.90,0.0498,true,1,302787
7290018045497,false,בון בון דגנים במילוי קרם שוקולד 480 גרם,מונדיי Monday,DE,דגנים במילוי קרם שוק,גרמים,480.00,100 גרם,false,,23.90,0.0498,true,1,302788
7290018045503,false,דגני בוקר הלו קיטי לבבות 311 גר MONDAY,נורדגטריידה,DE,דגני חיטה ואורז בטעם,גרמים,311.00,100 גרם,false,,25.90,0.0833,true,1,593827
7290018045695,false,דגנים במילוי קרם קרמל מלוח 480 ג' BON & BON,מונדיי Monday,DE,דגנים במילוי קרם קרמ,גרמים,480.00,100 גרם,false,,23.90,0.0498,true,1,302789
7290018045893,false,בון בון דגנים במילוי קרם נוגט 480 גרם,מונדיי Monday,DE,דגנים במילוי קרם נוג,גרמים,480.00,100 גרם,false,,23.90,0.0498,true,1,302790
7290018071205,false,כפפות ניטרו V כחולות אלסטיות S ללא אבקה 100 יחידות,סייף טאצ,CN,כפפות ניטרו-V כחולות,יחידה,0.00,יחידה,false,,19.90,0.0000,true,1,411280
7290018071229,false,כפפות ניטרו V כחולות אלסטיות L ללא אבקה 100 יחידות,סייף טאצ,CN,כפפות ניטרו-V כחולות,יחידה,0.00,יחידה,false,,19.90,0.0000,true,1,411282
7290018071236,false,כפפות ניטרו V כחולות אלסטיות XL ללא אבקה 100 יחידות,סייף טאצ,CN,כפפות ניטרו-V כחולות,יחידה,0.00,יחידה,false,,19.90,0.0000,true,1,411283
7290018091074,false,בצק עוגיות שוקולד צ'יפס 300 גרם מעדנות,תנובה מעדנות,IL,בצק עוגיות שוקולד צ',גרמים,300.00,100 גרם,false,,16.90,0.0563,true,1,423070
7290018091616,false,מקלות פילו גבינה מעדנות 450 גרם,מיוצר עי קונדיטוריית,IL,מקלות פילו גבינה 450,גרמים,450.00,100 גרם,false,,14.90,0.0331,true,1,83843
7290018091876,false,"מאפה פילו גבינה, 320 גרם מעדנות","מעדנות בע""\מ",IL,מאפה פילו גבינה 320,גרמים,320.00,100 גרם,false,,21.90,0.0684,true,1,423014
7290018098486,false,פיצה מרגריטה מקמח כוסמין טבעוני 350 גרם פרווה,"אופק מן הטבע בע""\מ",IL,פיצה משפחתית מרגריטה,גרמים,350.00,100 גרם,false,,21.90,0.0626,true,1,502098
7290018098578,false,המבורגר טבעוני ביף פ,"אופק מן הטבע בע""\מ",IL,המבורגר 230 גרם BEEF,גרמים,230.00,100 גרם,false,,21.90,0.0952,true,1,502055
7290018131879,false,אקסטרים טילון חלב בדצ מאגדת 6*72 גרם נסטלה,גלידות נסטלה )נגה גלידות,IL,אקסטרים מאגדת טילון,גרמים,432.00,100 גרם,false,,36.90,0.0854,true,1,162108
7290018131893,false,אקסטרים טילון פקאן בדצ מאגדת 6*72 גרם נסטלה,גלידות נסטלה )נגה גלידות,IL,אקסטרים מאגדת טילון,גרמים,432.00,100 גרם,false,,36.90,0.0854,true,1,162109
7290018131954,false,קרחון שרבט פרווה לה פרוטה תות שדה ושוקולד מריר,נגה גלידות שותפות מוגבלת,IL,לה פרוטה מאגדת בטעם,גרמים,350.00,100 גרם,false,,30.90,0.0883,true,1,135665
7290018132388,false,מטרנה גולד שלב 2 תרכובת מזון על בסיס חלבי,מטרנה תעשיות ש.מ.,IL,מטרנה גולד בדץ שלב 2,גרמים,700.00,100 גרם,false,,75.90,0.1084,true,1,531790
7290018156124,false,"אל סבון קמיל צבעוני ד""ר פישר שלישיה* 500 מ""ל",פישר תעשיות,IL,"אל סבון קמיל 500 מ""ל",ליטרים,1.50,ליטר,false,,19.90,13.2667,true,1,123682
7290018165447,false,"יין רזרב GOLD מרלו ברקן 750 מ""ל",יקבי ברקן שיווק והפצה בע,IL,יין רזרב גולד מרלו 7,מיליליטרים,750.00,"100 מ""ל",false,,48.90,0.0652,true,1,121643
7290018213094,true,מטאטא לילי LILI,,,מטאטא לילי LILI,יחידה,0.00,יחידה,false,,17.90,0.0000,true,1,76714
7290018213100,false,דלי מגבונים לניקוי כללי שייני focus,,IL,דלי מגבונים לניקוי ו,יחידה,0.00,יחידה,false,,24.90,0.0000,true,1,102812
7290018213216,false,סט שירותים אורבן שחור,,,סט שרותים אורבן URBA,יחידה,0.00,יחידה,false,,10.90,0.0000,true,1,553446
7290018213247,false,מטליות לחות לריצפה שייני 10יחידות,מ.א,IL,מטליות לרצפה בניחוח,יח',10.00,יח',false,,8.90,0.8900,true,1,76733
7290018213339,false,מארז 4 כריות יפניות + וו תלייה HOOK,מ.א. מטליות,CN,מארז 4 כריות יפניות+,יחידה,0.00,יחידה,false,,11.90,0.0000,true,1,544026
7290018236635,false,צ'ונגו-פופקורן מצופה עוף טוב 600 גרם,מוצרי עוף טוב (2001) בע\,IL,צ'ונגו פופקורן מצופה,גרמים,600.00,100 גרם,false,,30.90,0.0515,true,1,122858
7290018237281,false,עוף טוב נקניק סלמי ירדן 550 גר,מוצרי עוף טוב (2001) בע\,IL,נקניק סלמי ירדן עוף,גרמים,550.00,100 גרם,false,,21.90,0.0398,true,1,218554
7290018237373,false,עוף טוב פסטרמה צרובה על הגריל נתח שלם 8*300 גרם,מוצרי עוף טוב (2001) בע\,IL,פסטרמה צרובה על הגרי,גרמים,300.00,100 גרם,false,,27.90,0.0930,true,1,186515
7290018237397,false,עוף טוב פסטרמה מקורמלת נתח שלם 8*300 גרם,מוצרי עוף טוב (2001) בע\,IL,פסטרמה מקורמלת נתח ש,גרמים,300.00,100 גרם,false,,27.90,0.0930,true,1,186516
7290018237410,false,עוף טוב פסטרמה במעשנה נתח שלם 8*300 גרם,מוצרי עוף טוב (2001) בע\,IL,פסטרמה במעשנה נתח של,גרמים,300.00,100 גרם,false,,27.90,0.0930,true,1,186517
7290018237496,false,פסטרמה בדבש דק דק עוף טוב 200 גרם,עיצובים 2020 (4.9),IL,עוף טוב דק דק פסטרמה,גרמים,220.00,100 גרם,false,,21.90,0.0995,true,1,275144
7290018237922,false,שניצלונים ציפוי צ'יפס עוף טוב 700 גרם,מוצרי עוף טוב (2001) בע\,IL,שניצלונים ציפוי ציפס,גרמים,700.00,100 גרם,false,,12.90,0.0184,true,1,524970
7290018237960,false,עוף טוב כתף בקר עסיסי 265 גרם,עיצובים 2020 (4.9),IL,כתף בקר עסיסי עוף טו,גרמים,265.00,100 גרם,false,,24.90,0.0940,true,1,550953
7290018249123,false,"סוויטאנגו אינסטנט פודינג וניל, 50 גרם",מתבל תעשיות מזון,IL,כמו סוכר אינסטנט פוד,גרמים,50.00,100 גרם,false,,11.90,0.2380,true,1,81357
7290018249802,false,ממתיק סוויטאנגו צנצנת 280 גרם,מתבל תעשיות מזון,IL,כמו סוכר באריזת צנצנ,קילוגרמים,280.00,"ק""ג",false,,27.90,0.0996,true,1,81359
7290018294208,false,"סלקטדאדום ישראלי יבש כרמל 750 מ""ל","כד בני דרום בע""מ",IL,יין אדום ישראלי סלקט,מיליליטרים,750.00,"100 מ""ל",false,,29.90,0.0399,true,1,202460
7290018294352,false,"ארק יקבי כרמל 700 מ""",יקבי כרמל Carmel Winery,ES,"ארק יקבי כרמל 700 מ""",מיליליטרים,700.00,"100 מ""ל",false,,55.20,0.0789,true,1,347870
7290018294895,false,"יין מונלייט מוסקטו ורוד מבעבע 750 מ""ל",יקבי כרמל Carmel Winery,IL,יין מונלייט לבן יקבי,מיליליטרים,750.00,"100 מ""ל",false,,34.90,0.0465,true,1,530832
7290018294901,false,"יין מונלייט אדום יבש 750 מ""ל כרמל",יקבי כרמל Carmel Winery,IL,יין מונלייט אדום יבש,מיליליטרים,750.00,"100 מ""ל",false,,34.90,0.0465,true,1,530833
7290018294918,false,מונלייט מוסקטו רוזה מתוק מבעבע 750מל,יקבי כרמל Carmel Winery,IL,יין מונלייט סמוק מבע,מיליליטרים,750.00,"100 מ""ל",false,,34.90,0.0465,true,1,530834
7290018333044,false,"שלוקים-משקה קל בטעם ענבים קש 18 יח' 200 מ""ל","כרמית מזון בע""\מ",IL,שלוקים בטעם ענבים 20,גרמים,200.00,100 גרם,false,,21.90,0.1095,true,1,400601
7290018343340,false,"ד""ר פישר - שמפו משקם לאחר החלקה ללא תוספת מלח 400 מ""ל",פישר מעבדות פרמצבטיות,IL,שמפו משקם לאחר החלקה,מיליליטרים,400.00,"100 מ""ל",false,,39.90,0.0997,true,1,123764
7290018343364,false,"ד""ר פישר - מסכת הזנה משקמת לאחר החלקה ללא תוספת מלח 300 מ""ל",פישר מעבדות פרמצבטיות,IL,מסכה הזנה משקמת לאחר,מיליליטרים,300.00,"100 מ""ל",false,,39.90,0.1330,true,1,123790
7290018343692,false,פישר אלכוג'ל פרמה וויפס  70% אלכוהול – 60מגבונים,פישר תעשיות,IL,אלכוג'ל פרמה וויפס 7,יחידה,0.00,יחידה,false,,24.90,0.0000,true,1,123877
7290018344125,false,חטיף חלבון אגוזי לוז קקאו טבע ירוק 50 גר,ממתקי השלום,IL,חטיף חלבון אגוזי לוז,גרמים,50.00,100 גרם,false,,9.90,0.1980,true,1,230348
7290018359129,false,פולפה עגבניות חתוכות מקולפות דק יכין 690 גרם,אמיליאנה קונסרב,IT,פאסאטה מחית עגבניות,גרמים,690.00,100 גרם,false,,8.90,0.0129,true,1,135509
7290018359334,false,רכז עגבניות טבעי פריכוז שף יכין 580 גרם,זנלכל,IL,רכז עגבניות טבעי פרי,גרמים,580.00,100 גרם,false,,9.90,0.0171,true,1,105406
7290018359495,false,תירס מהשדה בלי תוספת סוכר יכין 550 גרם,היינץ צפון אמריקה מק,IL,תירס מהשדה בלי תוספת,גרמים,550.00,100 גרם,false,,8.90,0.0162,true,1,105431
7290018359686,false,יכין חומוס גדול 550 גר A2,היינץ צפון אמריקה מק,IL,חומוס ענק יכין 550 ג,גרמים,550.00,100 גרם,false,,9.90,0.0180,true,1,207969
7290018359716,false,רוטב עגבניות פיצה טוסקנה 240 גרם יכין,"זנלכל בע""\מ",IL,רוטב פיצה טוסקנה יכי,גרמים,240.00,100 גרם,false,,5.50,0.0229,true,1,146795
7290018359853,false,עדשים שחורות יכין 400 גרם,"זנלכל בע""מ",IL,עדשים שחורות יכין 40,גרמים,400.00,100 גרם,false,,7.90,0.0198,true,1,207955
7290018359884,false,פולפה ליקופן טבעית 2*400 גרם יכין,זנלכל,IL,פולפה ליקופן טבעית י,גרמים,800.00,100 גרם,false,,16.90,0.0211,true,1,313653
7290018359938,false,"רוטב עגבניות לשקשוקה יכין, 400 גרם",זנלכל,IL,רוטב עגבניות לשקשוקה,גרמים,400.00,100 גרם,false,,11.90,0.0298,true,1,513266
7290018359945,false,רוטב עגבניות פיקנטי מפלפלים וירקות יכין 400 גרם,זנלכל,IL,חאריפה - רוטב פיקנטי,גרמים,400.00,100 גרם,false,,11.90,0.0298,true,1,513267
7290018359969,false,רוטב עגבניות לפיצה יכין 400 גרם,זנלכל,IL,רוטב עגבניות לפיצה י,גרמים,400.00,100 גרם,false,,11.90,0.0298,true,1,513269
7290018380871,false,פטיסון כבוש 670 גרם תומר,Polan polsko francus,MD,פטיסון כבוש שלם תומר,גרמים,670.00,100 גרם,false,,12.90,0.0193,true,1,372796
7290018400456,false,סמודיז עם פיטאיה סנפרוסט 300 גר,סנפרוסט,,שייק smoothie עם פיט,גרמים,300.00,100 גרם,false,,12.90,0.0430,true,1,377288
7290018400470,false,כרישה חתוכה מוקפאת 600 גרם סנפרוסט,"סנפרוסט בע""מ",IL,כרישה חתוכה קפואה סנ,גרמים,600.00,100 גרם,false,,14.90,0.0248,true,1,543435
7290018440223,false,תה צ'אי מסאלה 25 שקיקים ויסוצקי,תה ויסוצקי,IL,חווית הצ'אי- מסאלה ע,גרמים,50.00,100 גרם,false,,19.90,0.3980,true,1,237916
7290018440230,false,תה צ'אי ורדים 25 שקיקים ויסוצקי,תה ויסוצקי,IL,חווית הצ'אי- ורדים 2,גרמים,50.00,100 גרם,false,,19.90,0.3980,true,1,237930
7290018440247,false,תה צ'אי שקדים0 25 שקיקים ויסוצקי,תה ויסוצקי,IL,חווית הצ'אי- שקדים 2,גרמים,50.00,100 גרם,false,,19.90,0.3980,true,1,237931
7290018440254,false,תה צ'אי קרמל מלוח 25 שקיקים ויסוצקי,תה ויסוצקי,IL,חווית הצ'אי- קרמל מל,גרמים,50.00,100 גרם,false,,19.90,0.3980,true,1,237945
7290018440445,false,טונה קאלוו בשמן זית 160 גר,"קאלוו קונסרבס ס.ל.יו. ,",ES,נתחי טונה בהירה בשמן,גרמים,160.00,100 גרם,false,,16.90,0.1056,true,1,494983
7290018440490,false,סלט טונה קאלוו עם קוסקוס 150 גר,"קאלוו קונסרבס ס.ל.יו. ,",ES,סלט טונה עם ירקות וק,גרמים,150.00,100 גרם,false,,14.90,0.0993,true,1,533246
7290018440513,false,סלט קליפורנייה קאלוו עם טונה 150 גר,"קאלוו קונסרבס ס.ל.יו. ,",ES,סלט טונה עם ירקות בס,גרמים,150.00,100 גרם,false,,14.90,0.0993,true,1,533248
7290018441626,false,גלידת פיינטים מנטה עוגיות 430 ג' בן וג'ירי,מוצרי איכות אמריקאיים בע,IL,גלידת שמנת בטעם מנטה,גרמים,430.00,100 גרם,false,,17.50,0.0407,true,1,323290
7290018443231,false,פרחי כרובית 400 גר -,,,פרחי כרובית 400 גר -,גרמים,400.00,100 גרם,false,,11.90,0.0298,true,1,451526
7290018443545,false,פלפל צילי אדום 200 גרם,,,פלפל צ'ילי 200 גרם,גרמים,200.00,100 גרם,false,,10.90,0.0545,true,1,543839
7290018468302,false,נקניקיה טבעונית בסגנון מרגז טירת צבי 400 ג,טירת צבי - מדף,IL,נקניקיות צמחוניות בס,גרמים,400.00,100 גרם,false,,39.90,0.0997,true,1,443999
7290018468401,false,פסטרמה צמחונית בטעם גריל 100 גר טירת צבי,טיב טירת צבי 2000,IL,פסטרמה צמחונית בטעם,גרמים,120.00,100 גרם,false,,15.90,0.1325,true,1,570733
7290018468425,false,נקניק טבעוני בטעם פיקנטי 100 גרם טירת צבי,טיב טירת צבי 2000,IL,נקניק טבעוני בטעם מע,גרמים,100.00,100 גרם,false,,15.90,0.1590,true,1,570735
7290018471029,false,"סודה בטעם לימון - מארז 6 בקבוקים 500 מ""ל",יפאורה תבורי בעמ,IL,שוופס סודה לימון שיש,ליטרים,3.00,ליטר,false,,13.90,4.6333,true,1,110131
7290018471197,false,פרוט & ווג' תפוח בננה מלון נענע 1 ליטר,פרוט אנד וג' Fruit & Veg,IL,פרוט ווג תפוח בננה מ,ליטרים,1.00,ליטר,false,,13.50,13.5000,true,1,142607
7290018471210,false,קרטונית נקטר ספרינג תפוח סברס 1 ליטר,"יפאורה תבורי בע""\מ",IL,קרטונית אגס תפוח וסב,ליטרים,1.00,ליטר,false,,6.90,6.9000,true,1,143906
7290018471463,false,תפוזינה נקטר תפוז מנגו קרטונית 1 ליטר,"יפאורה תבורי בע""\מ",IL,נקטר תפוזינה ENJOY ב,ליטרים,1.00,ליטר,false,,6.90,6.9000,true,1,161667
7290018471470,false,תפוזינה נקטר תפוז פסיפלורה קרטונית 1 ליטר,"יפאורה תבורי בע""\מ",IL,נקטר תפוזינה ENJOY ב,ליטרים,1.00,ליטר,false,,6.90,6.9000,true,1,161668
7290018471487,false,תפוזינה נקטר תפוז אננס קרטונית 1 ליטר,"יפאורה תבורי בע""\מ",IL,נקטר תפוזינה ENJOY ב,ליטרים,1.00,ליטר,false,,6.90,6.9000,true,1,161669
7290018471494,false,תפוזינה משקה תפוז גזר קרטונית 1 ליטר,"יפאורה תבורי בע""\מ",IL,נקטר תפוזינה ENJOY ב,ליטרים,1.00,ליטר,false,,6.90,6.9000,true,1,161670
7290018471906,false,שוופס מוגז פירות לימונדה ורודה 1.5 ליטר פיקדון,"יפאורה תבורי בע""\מ",IL,שוופס מוגז לימונדה ו,ליטרים,1.50,ליטר,false,,9.50,6.3333,true,1,246303
7290018471913,false,משקה מוגז פירות תפוחים שוופס 1.5 ליטר,"יפאורה תבורי בע""\מ",IL,שוופס פרוטס תפוחים 1,ליטרים,1.50,ליטר,false,,9.50,6.3333,true,1,246304
7290018471920,false,שוופס מוגז פירות ענבים 1.5 ליטר פיקדון,"יפאורה תבורי בע""\מ",IL,שוופס ענבים מוגז 1.5,ליטרים,1.50,ליטר,false,,9.50,6.3333,true,1,246318
7290018471937,false,שוופס מוגז פירות תות ליים 1.5 ליטר פיקדון,"יפאורה תבורי בע""\מ",IL,שוופס מוגז פירות תות,ליטרים,1.50,ליטר,false,,9.50,6.3333,true,1,246319
7290018471944,false,שוופס מוגז פירות לימונייד 1.5 ליטר פיקדון,"יפאורה תבורי בע""\מ",IL,שוופס מוגז למונייד 1,ליטרים,1.50,ליטר,false,,9.50,6.3333,true,1,246333
7290018471951,false,שוופס מוגז פירות אשכולית אדומה 1.5 ליטר פיקדון,"יפאורה תבורי בע""\מ",IL,שוופס פרוטס אשכולית,ליטרים,1.50,ליטר,false,,9.50,6.3333,true,1,246347
7290018493144,false,קמיל קלין &נוריש אל סבון מועשר בשמן ארגן 1 ליטר,פישר מעבדות פרמצבטיות,IL,אל סבון ארגאן סגול,ליטרים,1.00,ליטר,false,,15.90,15.9000,true,1,129493
7290018493977,false,קמיל לניקוי והרגעת העור מועשר בשיבולת שועל 1 ל',פישר מעבדות פרמצבטיות,IL,אל סבון ניקיון ולחות,ליטרים,1.00,ליטר,false,,15.90,15.9000,true,1,229152
7290018500231,false,לחם פרוס וויקאנד אנג'ל 750 גרם,מאפיית אנג'ל,IL,לחם וויקאנד אנג'ל 75,גרמים,750.00,100 גרם,false,,18.90,0.0252,true,1,494955
7290018500361,false,"לחם שחור פרוס 900 גרם ""אנג'ל"" -מוצר בפיקוח",מאפיית שלמה א. אנג'\ל בע,IL,לחם אחיד פרוס מאפיית,גרמים,900.00,100 גרם,false,,8.32,0.0092,true,1,520516
7290018500385,true,חלה רגילה אנגל 650 ג,,,חלה רגילה אנגל 650 ג,גרמים,650.00,100 גרם,false,,6.50,0.0100,true,1,554042
7290018500392,true,חלה קלועה אנגל 650 ג,,,חלה קלועה אנגל 650 ג,גרמים,650.00,100 גרם,false,,6.50,0.0100,true,1,554027
7290018540329,false,שקית פיתה פיתה בלדי 800 ג' אנג'ל,מאפיית שלמה א. אנג'\ל בע,IL,פיתה פיתה אנגל 880 ג,יח',10.00,יח',false,,12.90,1.2900,true,1,133601
7290018540817,false,ארטיזנל לחם מחמצת כוסמין אנג'ל 500 גרם,מאפיית אורנים,IL,לחם ארטיזנל כוסמין א,גרמים,500.00,100 גרם,false,,18.90,0.0378,true,1,385699
7290018540831,false,ארטיזנל לחם מחמצת חיטה מלאה ודגנים אנג'ל 500 גרם,מאפיית אורנים,IL,לחם מחמצת חיטה מלאה,גרמים,500.00,100 גרם,false,,18.90,0.0378,true,1,386566
7290018564684,false,ממרח פסטו בזיליקום ואגוזים 200 גרם,,,ממרח פסטו בזיליקום ו,גרמים,200.00,100 גרם,false,,11.90,0.0595,true,1,367199
7290018571064,false,"מקלוני טופי 400 גרם ""מיה""",מיה תעשיות מזון בעמ,TR,מקלוני טופי מיה 450,גרמים,450.00,100 גרם,false,,14.90,0.0331,true,1,139779
7290018571408,false,מיה לקקנים מולטיקולור תותי פרוטי 220 גרם,מיה,IL,לקקנים מולטיקולור תו,גרמים,220.00,100 גרם,false,,9.90,0.0450,true,1,332816
7290018571507,false,סוכריות ויטמין סי לילדים דובונים יד למעלה 175 גרם מיה פלוס,מיה תעשיות מזון בעמ,IL,סוכריות ויטמין C ליל,גרמים,175.00,100 גרם,false,,39.90,0.2280,true,1,567260
7290018571521,false,סוכריות מולטי ויטמין ילדים דובונים יד למעלה 175 גרם מיה פלוס,מיה תעשיות מזון בעמ,IL,סוכריות מולטי ויטמין,גרמים,175.00,100 גרם,false,,39.90,0.2280,true,1,567262
7290018571538,false,סוכריות חורף פרופוליס אכיניציה ילדים דובונים יד למעלה 175 גרם מיה פלוס,מיה תעשיות מזון בעמ,IL,סוכריות חורף פרופולי,גרמים,175.00,100 גרם,false,,39.90,0.2280,true,1,567263
7290018571644,false,סוכריות ג'לי ללא סוכר מולטי ויטמין בשילוב תוספת ביוטין,מיה תעשיות מזון בעמ,IL,סוכריות קוסמטיקה מבו,גרמים,210.00,100 גרם,false,,39.90,0.1900,true,1,567269
7290018571699,false,"קמח שקדים 250 גרם כשל""פ עד""ח",מיה תעשיות מזון בעמ,IL,קמח שקדים מיה 250 גר,גרמים,250.00,100 גרם,false,,25.90,0.1036,true,1,408150
7290018571712,false,"אורז פרסי 1 ק""ג מיה.",מיה,IL,"אורז פרסי 1 ק""ג",קילוגרמים,1.00,"ק""ג",false,,10.90,10.9000,true,1,501918
7290018571729,false,"אורז ריזוטו עגול 1 ק""ג מיה.",מיה,IL,אורז ריזווטו עגול 1,קילוגרמים,1.00,"ק""ג",false,,9.90,9.9000,true,1,501973
7290018571736,false,אורז בסמטי הודי 1ק''ג,מיה,IL,"אורז בסמטי 1 ק""ג",קילוגרמים,1.00,"ק""ג",false,,11.90,11.9000,true,1,501959
7290018571743,false,"אורז פרסי מלא 1 ק""ג",מיה,IL,"אורז מלא 1 ק""ג",קילוגרמים,1.00,"ק""ג",false,,9.90,9.9000,true,1,501974
7290018626016,false,צלחות וינטג' גדולות,,,צלחות וינטג' גדולות,יחידה,0.00,יחידה,false,,17.90,0.0000,true,1,150978
7290018626108,false,קערות אובליות שקוף 5,,,קערות אובליות שקוף 5,יחידה,0.00,יחידה,false,,10.90,0.0000,true,1,137297
7290018626184,false,צלחות וינטג' ענקיות,,,צלחות וינטג' ענקיות,יחידה,0.00,יחידה,false,,21.90,0.0000,true,1,150963
7290018626207,false,קינוחית אישית מאפינס,,,קינוחית אישית מאפינס,יחידה,0.00,יחידה,false,,12.50,0.0000,true,1,143361
7290018626337,false,קערות וינטג' 10 יח',,,קערות וינטג' 10 יח',יחידה,0.00,יחידה,false,,14.90,0.0000,true,1,151023
7290018626351,false,צלחות וינטג' ענקיות,,,צלחות וינטג' ענקיות,יחידה,0.00,יחידה,false,,21.90,0.0000,true,1,150964
7290018626399,false,אובלים וינטג' 10 יח',,,אובלים וינטג' 10 יח',יחידה,0.00,יחידה,false,,9.90,0.0000,true,1,152486
7290018626405,false,צלחות וינטג' ענקיות,,,צלחות וינטג' ענקיות,יחידה,0.00,יחידה,false,,21.90,0.0000,true,1,150965
7290018626412,false,צלחות וינטג' גדולות,,,צלחות וינטג' גדולות,יחידה,0.00,יחידה,false,,17.90,0.0000,true,1,150981
7290018626436,false,קערות וינטג' 10 יח',,,קערות וינטג' 10 יח',יחידה,0.00,יחידה,false,,14.90,0.0000,true,1,151025
7290018626504,false,שקיות L שרוך 80 יח',,,שקיות L שרוך 80 יח',יחידה,0.00,יחידה,false,,22.90,0.0000,true,1,144801
7290018626511,false,שקיות L שרוך 50 יח',,,שקיות L שרוך 50 יח',יחידה,0.00,יחידה,false,,14.90,0.0000,true,1,144802
7290018626528,false,ניילון נצמד 30*150 ע,,,ניילון נצמד 30*150 ע,מטרים,150.00,מטר,false,,18.90,0.1260,true,1,164087
7290018626573,false,ניילון נצמד 40*100 ע,,,ניילון נצמד 40*100 ע,מטרים,100.00,מטר,false,,18.90,0.1890,true,1,164088
7290018626603,false,צימרונים לאוזנים לתי,,,צימרונים לאוזנים לתי,יחידה,0.00,יחידה,false,,4.50,0.0000,true,1,194786
7290018626658,false,מארז תבניות רוסטר שט,,,מארז תבניות רוסטר שט,יחידה,0.00,יחידה,false,,14.90,0.0000,true,1,299149
7290018626726,false,מארז צלחות 12+12 נק,,,מארז צלחות 12+12 נק,יחידה,0.00,יחידה,false,,49.90,0.0000,true,1,223725
7290018626771,false,קערות אובליות נקודות,,,קערות אובליות נקודות,יחידה,0.00,יחידה,false,,11.90,0.0000,true,1,224688
7290018626801,false,מגש עגול מחולק ל-6 ק,,,מגש עגול מחולק ל-6 ק,יחידה,0.00,יחידה,false,,8.90,0.0000,true,1,224704
7290018626818,false,מגש איכותי עגול קטן,,,מגש איכותי עגול קטן,יחידה,0.00,יחידה,false,,4.90,0.0000,true,1,224705
7290018626856,false,כוסות ליקר 50 יח' WI,,,כוסות ליקר 50 יח' WI,יחידה,0.00,יחידה,false,,8.90,0.0000,true,1,224720
7290018626863,false,כוסות ליקר 20 יח' WI,,,כוסות ליקר 20 יח' WI,יחידה,0.00,יחידה,false,,7.90,0.0000,true,1,224747
7290018626887,false,WIZ כוסות יהלום שחור 40 יח',,,כוסות P.P יהלום שוחר,יחידה,0.00,יחידה,false,,9.90,0.0000,true,1,194852
7290018626894,false,WIZ כוסות יהלום כסף 40 יח',,,כוסות P.P יהלום כסף,יחידה,0.00,יחידה,false,,9.90,0.0000,true,1,194853
7290018626917,false,מפיות תלת שכבתיות 20,,,מפיות תלת שכבתיות 20,יחידה,0.00,יחידה,false,,4.90,0.0000,true,1,217428
7290018652657,false,פרוייקט סער-מאגת לייט מנגו נסטלה 6*52 גרם,גלידות נסטלה,IL,מאגדת מנגו-יוגורט לי,גרמים,312.00,100 גרם,false,,29.90,0.0958,true,1,452343
7290018652671,false,"לה קרמריה שוקולד וניל 1.4 ליטר [תו אי""ל]",גלידות נסטלה,IL,גלידת שוקו וניל מופח,גרמים,0.00,100 גרם,false,,22.90,0.0000,true,1,348529
7290018652886,false,שלגונים בשומן צמחי בטעמי שוקו ובננה מצופים צימקאו,גלידות נסטלה,IL,מאגדת שוקו בננה 8 יח,גרמים,476.00,100 גרם,false,,28.90,0.0607,true,1,355268
7290018720011,false,ביסקוויט קרנבל חיות בטעם וניל 250 ג' מעדני מלך,הגביע מוצרי וופלים,IL,מעדני המלך קרנבל חיו,גרמים,250.00,100 גרם,false,,5.90,0.0236,true,1,147671
7290018720028,false,קרנבל אותיות ביסקוויט בטעם חמאה 250 ג' מעדני מלך,הגביע מוצרי וופלים,IL,מעדני המלך אותיות 25,גרמים,250.00,100 גרם,false,,5.90,0.0236,true,1,147672
7290018720103,false,"אפיפיות וופל בטעם שוקו לל""ס הדר 250 גרם","א.ג גילרו בע""\מ",IL,אפיפיות בטעם שוקו לל,גרמים,250.00,100 גרם,false,,6.90,0.0276,true,1,237972
7290018720110,false,מעדני המלך- יאמי עוגיות ממולאות בקרם אגוזים 30% 150 גרם,"הגביע מוצרי ופלים בע""\מ",IL,עוגיות ממולאות בקרם,גרמים,150.00,100 גרם,false,,6.90,0.0460,true,1,230486
7290018720219,false,פצפוצי אורז ללא סוכר מעדני מלך 250 גרם,אשבל מזון פונקציונלי,IL,פיצפוצי אורז ללא סוכ,גרמים,250.00,100 גרם,false,,12.90,0.0516,true,1,539383
7290018720226,false,פצפוצי אורז מעדני מלך 250 גרם,אשבל מזון פונקציונלי,IL,פיצפוצי אורז עם סוכר,גרמים,250.00,100 גרם,false,,12.90,0.0516,true,1,539368
7290018777275,false,חטיף חלבון בטעם עוגיות וניל 50 ג' VEG PROTEIN,"ממתקי השלום בעולם בע""\מ\",IL,חטיף חלבון וניל עוגי,גרמים,50.00,100 גרם,false,,9.90,0.1980,true,1,276948
7290018792858,false,אבקת קקאו טבעי 500 גרם,,GH,אבקת קקאו דל שומן 50,גרמים,500.00,100 גרם,false,,25.90,0.0518,true,1,566415
7290018795385,false,חסה לליק מהדרין קמעונאי,"מרינה פטריות הגליל בע""מ",IL,חסה לליק,יח',1.00,יח',false,,12.90,12.9000,true,1,277740
7290018795842,false,שיני שום קלופות 500ג מרינה,מרינה,IL,שיני שום קלופות 500,גרמים,500.00,100 גרם,false,,18.90,0.0378,true,1,528687
7290018818275,false,פיצה קונו מרגריטה 26,,,פיצה קונו מרגריטה 26,גרמים,260.00,100 גרם,false,,14.90,0.0573,true,1,461771
7290018835012,false,באר אקסטרה בציפוי שוקולד חלב 5 יח 90 גר,,,אקסטרה חטיף אורז חום,גרמים,90.00,100 גרם,false,,13.90,0.1544,true,1,582670
7290018835029,false,מרק בטעם עוף פרווה 400 ג,תבליני מימון,IL,מרק בטעם עוף פרווה ת,גרמים,400.00,100 גרם,false,,15.90,0.0398,true,1,539336
7290018886144,false,מפיות תלת שכבתיות 20,,,מפיות תלת שכבתיות 20,יחידה,0.00,יחידה,false,,4.90,0.0000,true,1,217479
7290018886205,false,WIZ סכינים עבות קרם 50 יח',,,סכינים עבות 50 יח',יחידה,0.00,יחידה,false,,9.90,0.0000,true,1,194817
7290018886212,false,מזלגות עבות 50 יח',,,מזלגות עבות 50 יח',יחידה,0.00,יחידה,false,,9.90,0.0000,true,1,194818
7290018886229,false,WIZ מזלגות עבים קרם 50 יח',,,מזלגות עבות 50 יח',יחידה,0.00,יחידה,false,,9.90,0.0000,true,1,194819
7290018886236,false,כפות עבות 50 יח' שק,,,כפות עבות 50 יח' שק,יחידה,0.00,יחידה,false,,9.90,0.0000,true,1,194820
7290018886243,false,כפות עבות 50 יח' קר,,,כפות עבות 50 יח' קר,יחידה,0.00,יחידה,false,,9.90,0.0000,true,1,194821
7290018886304,false,פת דגנים סגנון שוודי,סונקו,PL,פת דגנים סגנון שוודי,גרמים,340.00,100 גרם,false,,11.90,0.0350,true,1,223237
7290018886311,false,מאפים סגנון שוודי 170 גר,,,פת דגנים סגנון שוודי,גרמים,170.00,100 גרם,false,,7.90,0.0465,true,1,223208
7290018886328,false,פת דגנים שיפון מאפים,סונקו,PL,פת דגנים שיפון 340 ג,גרמים,340.00,100 גרם,false,,11.90,0.0350,true,1,225915
7290018886342,false,פת דגנים 7 דגנים 340גר',סונקו,PL,פת דגנים 7 דגנים 340,גרמים,340.00,100 גרם,false,,11.90,0.0350,true,1,225916
7290018886373,false,סכינים מהודרים פנינה,,,סכינים מהודרים פנינה,יחידה,0.00,יחידה,false,,6.90,0.0000,true,1,290235
7290018886410,false,מזלגות מהודרים פנינה,,,מזלגות מהודרים פנינה,יחידה,0.00,יחידה,false,,6.90,0.0000,true,1,290293
7290018886434,false,מזלגות מהודרים כסף 1,,,מזלגות מהודרים כסף 1,יחידה,0.00,יחידה,false,,6.90,0.0000,true,1,290279
7290018886458,false,כפות מהודרות פנינה 1,,,כפות מהודרות פנינה 1,יחידה,0.00,יחידה,false,,6.90,0.0000,true,1,290295
7290018886465,false,כפות מהודרות זהב 10,,,כפות מהודרות זהב 10,יחידה,0.00,יחידה,false,,6.90,0.0000,true,1,290309
7290018886496,false,כפיות מהודרות פנינה,,,כפיות מהודרות פנינה,יחידה,0.00,יחידה,false,,5.90,0.0000,true,1,290166
7290018886601,false,כוסות דמוי שיש 40 יח,,,כוסות דמוי שיש 40 יח,יחידה,0.00,יחידה,false,,8.90,0.0000,true,1,194835
7290018886632,false,כוסות דמוי שיש 40 יח,,,כוסות דמוי שיש 40 יח,יחידה,0.00,יחידה,false,,8.90,0.0000,true,1,194838
7290018886991,false,שמן קנולה מזוכך 1לי- בית יוסף,סקנולה,EE,שמן קנולה אלומות 1 ל,ליטרים,1.00,ליטר,false,,10.90,10.9000,true,1,214803
7290018893005,false,"חטיפי בייגלה אפוי בטעם חרדל ודבש, 160 גרם",צ'וקטה Chocketa,RO,בייגלה שטוח בתוספת ח,גרמים,200.00,100 גרם,false,,6.90,0.0345,true,1,280673
7290018893036,false,צ'וקטה ביסקוויט בטעם שוקוטלד במילוי קרם בטעם וניל 176 גרם,צ'וקטה Chocketa,ES,ביסקוויטי סנדוויץ בט,גרמים,176.00,100 גרם,false,,6.90,0.0392,true,1,307530
7290018893104,false,צ'וקטה עוגויות ביסקוויט מצופה שוקולד מריר 100 גרם,דיסטרופר אוליבייר,BE,צ'וקטה עוגיות מצופות,גרמים,100.00,100 גרם,false,,7.90,0.0790,true,1,437237
7290018893135,false,מקלות אפויים בתוספת מלח Salty,צ'וקטה Chocketa,US,צ'וקטה גריסיני מלח 1,גרמים,120.00,100 גרם,false,,8.90,0.0742,true,1,530130
7290018893142,false,צ'וקטה גריסיני בתוספת שמן זית 120 גרם,צ'וקטה Chocketa,US,צ'וקטה גריסיני שמן ז,גרמים,120.00,100 גרם,false,,8.90,0.0742,true,1,530131
7290018893258,false,צ'וקטה עוגות אישיות במילוי קרם קרמל ובציפוי בטעם שוקולד 300 גרם,פרדי קונדיטוריה אס.פ,IT,צ'וקטה עוגות אישיות,גרמים,300.00,100 גרם,false,,12.90,0.0430,true,1,200573
7290018893319,false,צ'וקטה שוקולד מריר בלגי 85% 100 גרם משולש K,צ'וקטה Chocketa,BE,צ'וקטה שוקולד מריר מ,גרמים,100.00,100 גרם,false,,8.90,0.0890,true,1,530116
7290018893456,false,צ'וקטה עוגות אישיות במילוי קרם ובציפוי בטעם שוקולד 300 גרם,"פרדי קונדיטוריה אס,פי.אי",IT,צ'וקטה עוגות אישיות,יחידה,300.00,יחידה,false,,12.90,0.0430,true,1,200545
7290018893487,false,צ'וקטה עוגות אישיות עם קוקוס-מארז עשירייה,פרדי קונדטוריה אס פי,IT,צ'וקטה עוגות אישיות,גרמים,350.00,100 גרם,false,,12.90,0.0369,true,1,225710
7290018893500,false,צ'וקטה עוגיות סנדביץ שוקו 180 גרם חלב נכרי,צ'וקטה,ES,צ'וקטה עוגיות סנדביץ,גרמים,180.00,100 גרם,false,,4.90,0.0272,true,1,437196
7290018893616,false,שישיית שוקולד מריר 48% צ'וקטה 100 גרם,איברקקאו,ES,שישיית צוקטה שוקולד4,גרמים,600.00,100 גרם,false,,20.90,0.0348,true,1,253404
7290018893647,false,עוגיות סנדוויץ במילוי קרם וניל בציפוי שוקולד 150 גרם צ'וקטה,צ'וקטה Chocketa,ES,עוגיות סנדויץ' מצופו,גרמים,150.00,100 גרם,false,,7.90,0.0527,true,1,307474
7290018893654,false,חטיפי בייגלה דקיקים ופריכים מלח צ'וקטה 200 ג',צ'וקטה Chocketa,RO,צ'וקטה חטיף בייגלה ב,גרמים,200.00,100 גרם,false,,6.90,0.0345,true,1,225679
7290018893708,false,עוגיות סנדוויץ' במילוי קרם בטעם שוקולד,צ'וקטה Chocketa,ES,צ'וקטה עוגיות סנדביץ,גרמים,250.00,100 גרם,false,,7.90,0.0316,true,1,437238
7290018893746,false,צ'וקטה בייגלה עגבניות ועשבי תיבול 180 גרם,SC ALKA TRADING CO S,RO,צ'וקטה בייגלה עגבניו,גרמים,180.00,100 גרם,false,,6.90,0.0383,true,1,566298
7290018893753,false,צוקטה וופל חמאה בטעם לימון 100 גרם,שסטוביץ,BE,צ'וקטה וופל חמאה בטע,גרמים,100.00,100 גרם,false,,10.00,0.1000,true,1,566313
7290018893807,false,צ'וקטה - שוקולד מריר שלישייה 3 * 100 גרם,אייברקקאו אס אי. יו,ES,מארז שוקולד מריר 60%,גרמים,300.00,100 גרם,false,,12.90,0.0430,true,1,307433
7290018893814,false,חמישיית שוקולד מריר 48% צ'וקטה 100 גרם,הדקלאים אגודת שיתופי,ES,צ'וקטה שוקולד 48% 5*,גרמים,500.00,100 גרם,false,,18.90,0.0378,true,1,241289
7290018893852,false,חטיפי בייגלה דקיקים ופריכים שומשום צ'וקטה 200 ג',צ'וקטה Chocketa,RO,צ'וקטה חטיף בייגלה ב,גרמים,200.00,100 גרם,false,,6.90,0.0345,true,1,225680
7290018893937,false,לוקיטוס סוכריות ג'לי בטעמי פירות 300 גרם,לאבדס,GR,לוקיטוס סוכריות ג'לי,גרמים,300.00,100 גרם,false,,9.90,0.0330,true,1,582903
7290018893951,false,צ'וקטה עוגיות וופל חמאה קינמון 100 גרם,צ'וקטה,BE,צ'וקטה וופל חמאה בטע,גרמים,100.00,100 גרם,false,,10.00,0.1000,true,1,566314
7290018894019,false,עוגות אישיות במילוי קרם חלבי ובציפוי קרם קקאו,בלקוני Balconi,IT,עוגות אישיות מיקס מק,גרמים,350.00,100 גרם,false,,14.90,0.0426,true,1,449436
7290018894804,false,וופלים במילוי קרם אגוזי לוז - חלבי,בלקוני Balconi,IT,וופל במילוי קרם אגוז,גרמים,175.00,100 גרם,false,,7.90,0.0451,true,1,449587
7290018921067,false,"ד""ר פישר - אפקטיב קר תחליב רחצה שמן שקדים 700 מ""ל",פישר מעבדות פרמצבטיות בע,IL,תחליב רחצה לגוף מועש,מיליליטרים,700.00,"100 מ""ל",false,,16.90,0.0241,true,1,283485
7290018921456,false,"ד""ר פישר - אפקטיב קר תחליב רחצה שמן כותנה 700 מ""ל",פישר מעבדות פרמצבטיות בע,IL,תחליב רחצה לגוף מועש,מיליליטרים,700.00,"100 מ""ל",false,,16.90,0.0241,true,1,283499
7290018921654,false,"ד""ר פישר - אפקטיב קר תחליב רחצה תמצית לוונדר 700 מ""ל",פישר מעבדות פרמצבטיות בע,IL,תחליב רחצה לגוף מועש,מיליליטרים,700.00,"100 מ""ל",false,,16.90,0.0241,true,1,283500
7290018925065,false,מיץ פרימור תפוזים סחוט 2 ליטר-,"גניר (1992) בע""מ",IL,פרימור מיץ תפוזים סח,ליטרים,2.00,ליטר,false,,27.90,13.9500,true,1,265791
7290018925096,false,משקה קל תפוזים פרימור 1.5 ליטר,פרימור,IL,פרימור משקה קל תפוזי,ליטרים,1.50,ליטר,false,,8.90,5.9333,true,1,245025
7290018925102,false,משקה קל ענבים פרימור 1.5 ליטר,פרימור,IL,פרימור משקה קל ענבים,ליטרים,1.50,ליטר,false,,8.90,5.9333,true,1,245041
7290018925126,false,משקה קל תפוחי עץ פרימור 1.5 ליטר,פרימור,IL,פרימור משקה קל תפוחי,ליטרים,1.50,ליטר,false,,8.90,5.9333,true,1,245026
7290018925133,false,פרימור משקה קל מנגו ‏5‏.‏1‏ ליטר,פרימור,IL,פרימור משקה קל מנגו,ליטרים,1.50,ליטר,false,,8.90,5.9333,true,1,245097
7290018925140,false,משקה קל אשכוליות פרימור 1.5 ליטר,פרימור,IL,פרימור משקה קל אשכול,ליטרים,1.50,ליטר,false,,8.90,5.9333,true,1,245042
7290018925157,false,משקה קל לימונים פרימור 1.5 ליטר,פרימור,IL,פרימור משקה קל לימונ,ליטרים,1.50,ליטר,false,,8.90,5.9333,true,1,245056
7290018925164,false,משקה קל תות בננה פרימור 1.5 ליטר,פרימור,IL,פרימור משקה קל תות ב,ליטרים,1.50,ליטר,false,,8.90,5.9333,true,1,245027
7290018929032,false,150 שקיות סנדוויץ' H,,,150 שקיות סנדוויץ' H,100 יח',450.00,100 יח',false,,9.90,0.0220,true,1,544165
7290018989081,false,יכין חומוס הבית להכנת חומוס טרי 410 גי,זנלכל,IL,חומוס הבית יכין 400,גרמים,400.00,100 גרם,false,,7.90,0.0198,true,1,510826
7290018989135,false,סירופ בטעם פטל יכין 1 ליטר,"זנלכל בע""\מ",IL,סירופ בטעם פטל יכין,יחידה,0.00,יחידה,false,,18.90,0.0000,true,1,515836
7290019014010,false,טאצ' נוזל רצפות לגונה 4 ליטר,,IL,נוזל רצפות לגונה טאצ,ליטרים,4.00,ליטר,false,,13.90,3.4750,true,1,304725
7290019014041,false,טאצ' נוזל רצפות 2 ליטר פסגה מושלגת,,,נוזל רצפות פסגה מושל,ליטרים,2.00,ליטר,false,,17.90,8.9500,true,1,304753
7290019014065,false,טאצ' נוזל רצפות 2 ליטר ערפילי שחר,,,נוזל רצפות ערפילי שח,ליטרים,2.00,ליטר,false,,17.90,8.9500,true,1,304754
7290019014072,false,טאצ' נוזל רצפות 2 ליטר שקיעה קסומה,סאסאטק,IL,נוזל רצפות דיונה פרא,ליטרים,2.00,ליטר,false,,17.90,8.9500,true,1,304796
7290019014089,false,טאצ' נוזל רצפות 2 ליטר דיונה פראית,,,נוזל רצפות דיונה פרא,ליטרים,2.00,ליטר,false,,17.90,8.9500,true,1,304768
7290019031000,false,WIZ מארז חמישיית ניי,,,WIZ מארז חמישיית ניי,יחידה,0.00,יחידה,false,,10.90,0.0000,true,1,299202
7290019031017,false,נר הבדלה צהוב,,,נר הבדלה צהוב,יחידה,0.00,יחידה,false,,8.90,0.0000,true,1,399650
7290019031031,false,להבונים ריחניים מנגו,,,להבונים ריחניים מנגו,יחידה,0.00,יחידה,false,,11.90,0.0000,true,1,399692
7290019031062,false,תבנית R-2 מלבנית 7 י,,,תבנית R-2 מלבנית 7 י,יחידה,0.00,יחידה,false,,9.90,0.0000,true,1,366244
7290019031079,false,תבנית R-29 מרובעת קט,,,תבנית R-29 מרובעת קט,יחידה,0.00,יחידה,false,,9.90,0.0000,true,1,366245
7290019031086,false,תבנית R-31 גדולה 7 י,,,תבנית R-31 גדולה 7 י,יחידה,0.00,יחידה,false,,9.90,0.0000,true,1,366246
7290019031109,false,תבנית R-88 אינגליש 1,,,תבנית R-88 אינגליש 1,יחידה,0.00,יחידה,false,,9.90,0.0000,true,1,366248
7290019031123,false,WIZ תבניות אלומיניום עגול 5 יח חזקות,,,תבנית אלומינים A-14,יחידה,0.00,יחידה,false,,9.90,0.0000,true,1,366250
7290019031154,false,מגבת ענק איכותית 76*,,,מגבת ענק איכותית 76*,יחידה,0.00,יחידה,false,,49.90,0.0000,true,1,373706
7290019031185,false,כפפות לטקס 100 יח' M,,,כפפות לטקס 100 יח' M,יחידה,0.00,יחידה,false,,30.90,0.0000,true,1,338682
7290019031192,false,כפפות לטקס 100 יח' L,,,כפפות לטקס 100 יח' L,יחידה,0.00,יחידה,false,,30.90,0.0000,true,1,338667
7290019031222,false,כוסות 12OZ לשתייה חמ,,,כוסות 12OZ לשתייה חמ,יחידה,0.00,יחידה,false,,11.90,0.0000,true,1,382140
7290019031307,false,לפתניות לבנות 25 יח',,,לפתניות לבנות 25 יח',יחידה,0.00,יחידה,false,,5.90,0.0000,true,1,351102
7290019031314,false,קערות אובליות לבנות,,,קערות אובליות לבנות,יחידה,0.00,יחידה,false,,6.90,0.0000,true,1,351116
7290019031338,false,"צלחות קטנות 7"" לבנות",,,"צלחות קטנות 7"" לבנות",יחידה,0.00,יחידה,false,,8.90,0.0000,true,1,351131
7290019031345,false,צלחות גדולות 9 לבן 2,,,צלחות גדולות 9 לבן 2,יחידה,0.00,יחידה,false,,12.90,0.0000,true,1,307560
7290019031352,false,"צלחות ענקיות 10"" לבנ",,,"צלחות ענקיות 10"" לבנ",יחידה,0.00,יחידה,false,,23.90,0.0000,true,1,351145
7290019031369,false,"צלחות גדולות 9"" קרם",,,"צלחות גדולות 9"" קרם",יחידה,0.00,יחידה,false,,14.90,0.0000,true,1,351146
7290019031376,false,סבון ידיים אוקיינוס,,,סבון ידיים אוקיינוס,ליטרים,1.00,100 ליטר,false,,9.90,9.9000,true,1,350968
7290019031390,false,סבון ידיים אביבי 1 ל,,,סבון ידיים אביבי 1 ל,ליטרים,1.00,100 ליטר,false,,9.90,9.9000,true,1,350970
7290019031420,false,אל סבון נוזלי שלישיי,,,אל סבון נוזלי שלישיי,מיליליטרים,500.00,"100 מ""ל",false,,11.90,0.0238,true,1,381770
7290019031444,false,אשפתון 65X54 XL חזקו,,,אשפתון 65X54 XL חזקו,יחידה,0.00,יחידה,false,,17.90,0.0000,true,1,430884
7290019031543,false,שמן זית כתית מעולה א,,,שמן זית כתית מעולה א,מיליליטרים,750.00,"100 מ""ל",false,,29.90,0.0399,true,1,381561
7290019031581,false,מארז 10 גביעיים + מכ,,,מארז 10 גביעיים + מכ,ליטרים,500.00,ליטר,false,,9.90,0.0198,true,1,369155
7290019031604,false,מארז 5 מכלים + מכסים,,,מארז 5 מכלים + מכסים,ליטרים,1.00,ליטר,false,,9.90,9.9000,true,1,369170
7290019031642,false,WIZ צלחות ענקיות שקו,,,WIZ צלחות ענקיות שקו,יחידה,0.00,יחידה,false,,21.90,0.0000,true,1,542002
7290019031659,false,WIZ צלחות גדולות  שק,,,WIZ צלחות גדולות  שק,יחידה,0.00,יחידה,false,,13.90,0.0000,true,1,542017
7290019031666,false,WIZ צלחות קטנות שקופ,,,WIZ צלחות קטנות שקופ,יחידה,0.00,יחידה,false,,9.90,0.0000,true,1,542018
7290019031673,false,"WIZ מרקיות שקופות 7""",,,"WIZ מרקיות שקופות 7""",יחידה,0.00,יחידה,false,,9.90,0.0000,true,1,542033
7290019031710,false,מגשי דקל מלבניים 5 י,,,מגשי דקל מלבניים 5 י,יחידה,0.00,יחידה,false,,13.90,0.0000,true,1,564776
7290019031833,false,"WIZ צלחות לבנות 9"" מ",,,"WIZ צלחות לבנות 9"" מ",יחידה,0.00,יחידה,false,,34.90,0.0000,true,1,564896
7290019035060,false,חצאי משמש קפוא פילד,דה נייל אג'יפטיאן פו,PL,חצאי משמש קפוא 500 ג,גרמים,500.00,100 גרם,false,,12.90,0.0258,true,1,230417
7290019056027,false,שוופס מוגז פירות תפוחים ללא סוכר 1.5 ליטר פיקדון,"יפאורה תבורי בע""\מ",IL,שוופס מוגז פירות תפו,ליטרים,1.50,ליטר,false,,8.50,5.6667,true,1,246348
7290019056034,false,שוופס מוגז פירות אננס ללא סוכר 1.5 ליטר פיקדון,"יפאורה תבורי בע""מ",IL,שוופס מוגז פירות אננ,ליטרים,1.50,ליטר,false,,8.50,5.6667,true,1,246362
7290019056058,false,שוופס מוגז עדין תפוח ליים 1.5 ליטר פיקדון,"יפאורה תבורי בע""\מ",IL,שוופס מוגז עדין תפוח,ליטרים,1.50,ליטר,false,,8.50,5.6667,true,1,245501
7290019056065,false,שוופס מוגז עדין פירות יער 1.5 ליטר פיקדון,"יפאורה תבורי בע""\מ",IL,שוופס מוגז עדין פירו,ליטרים,1.50,ליטר,false,,8.50,5.6667,true,1,245516
7290019056072,false,שוופס מוגז עדין אננס 1.5 ליטר פיקדון,"יפאורה תבורי בע""מ",IL,שוופס מוגז עדין אננס,ליטרים,1.50,ליטר,false,,8.50,5.6667,true,1,245544
7290019056089,false,שוופס מוגז עדין ענבי ריזלינג 1.5 ליטר פיקדון,"יפאורה תבורי בע""\מ",IL,שוופס מוגז עדין טעם,ליטרים,1.50,ליטר,false,,8.50,5.6667,true,1,245545
7290019056096,false,שוופס מוגז עדין אפרסק 1.5 ליטר פיקדון,"יפאורה תבורי בע""\מ",IL,שוופס מוגז עדין אפרס,ליטרים,1.50,ליטר,false,,8.50,5.6667,true,1,245561
7290019056119,false,שוופס סודה 1.5 ליטר פיקדון,"יפאורה תבורי בע""\מ",IL,שוופס סודה 1.5ליטר,ליטרים,1.50,ליטר,false,,3.50,2.3333,true,1,245289
7290019056164,false,שוופס סודה 1.5 ליטר רביעייה פיקדון,"יפאורה תבורי בע""\מ",IL,שוופס סודה 4*1.5ליטר,ליטרים,6.00,ליטר,false,,12.10,2.0167,true,1,245317
7290019056171,false,שוופס סודה לימון 1.5 ליטר רביעייה פיקדון,"יפאורה תבורי בע""\מ",IL,שוופס סודה לימון 4*1,ליטרים,6.00,ליטר,false,,12.10,2.0167,true,1,245359
7290019056232,false,משקה מוגז בטעם ליים מוחיטו 1.5 ל' שוופס,"יפאורה תבורי בע""\מ",IL,שוופס ליים מוחיטו 1.,ליטרים,1.50,ליטר,false,,9.50,6.3333,true,1,245562
7290019056249,false,שוופס מים בטעמים ענבים 1.5 ליטר פיקדון,"יפאורה תבורי בע""מ",IL,שוופס וואטר ענבים 1.,ליטרים,1.50,ליטר,false,,8.50,5.6667,true,1,245193
7290019056256,false,שוופס מים בטעמים תפוחים 1.5 ליטר פיקדון,"יפאורה תבורי בע""מ",IL,שוופס וואטר בטעם תפו,ליטרים,1.50,ליטר,false,,8.50,5.6667,true,1,245207
7290019056263,false,שוופס מים בטעמים אפרסק 1.5 ליטר פיקדון,"יפאורה תבורי בע""מ",IL,שוופס וואטר אפרסק 1.,ליטרים,1.50,ליטר,false,,8.50,5.6667,true,1,245222
7290019056270,false,שוופס מים בטעמים פירות יער 1.5 ליטר פיקדון,"יפאורה תבורי בע""\מ",IL,שוופס וואטר פירות יע,ליטרים,1.50,ליטר,false,,8.50,5.6667,true,1,251129
7290019056294,false,שוופס ג'ינג'ר אייל 1.5 ליטר פיקדון,"יפאורה תבורי בע""\מ",IL,שוופס ג'ינג'ר אייל 1,ליטרים,1.50,ליטר,false,,12.50,8.3333,true,1,246445
7290019056300,false,משקה בטעם ביטר לימון 1.5 ל' שוויפס,"יפאורה תבורי בע""\מ",IL,שוופס ביטר לימון 1.5,ליטרים,1.50,ליטר,false,,12.50,8.3333,true,1,246446
7290019056317,false,שוופס ראשן 1.5 ליטר פיקדון,"יפאורה תבורי בע""\מ",IL,שוופס ראשן 1.5 ליטר,ליטרים,1.50,ליטר,false,,12.50,8.3333,true,1,246447
7290019056324,false,שוופס טוניק 1.5 ליטר פיקדון,"יפאורה תבורי בע""\מ",IL,שוופס מי טוניק 1.5 ל,ליטרים,1.50,ליטר,false,,12.50,8.3333,true,1,246461
7290019056331,false,שוופס טוניק ללא סוכר 1.5 ליטר פיקדון,"יפאורה תבורי בע""מ",IL,שוופס טוניק ללא סוכר,ליטרים,1.50,ליטר,false,,11.90,7.9333,true,1,246462
7290019056355,false,תפוזינה לימונדה MIX לימונענע 1.5 ליטר,"יפאורה תבורי בע""\מ",IL,תפוזינה לימונדה נענע,ליטרים,1.50,ליטר,false,,8.50,5.6667,true,1,244536
7290019056362,false,תפוזינה ענבים 1.5 ליטר פיקדון,"יפאורה תבורי בע""\מ",IL,תפוזינה ענבים 1.5 לי,ליטרים,1.50,ליטר,false,,8.50,5.6667,true,1,244705
7290019056379,false,תפוזינה תפוזים 1.5 ליטר פיקדון,"יפאורה תבורי בע""\מ",IL,תפוזינה תפוזים 1.5 ל,ליטרים,1.50,ליטר,false,,8.50,5.6667,true,1,244776
7290019056386,false,פתוזינה אשכולית 1.5 ליטר פיקדון,"יפאורה תבורי בע""\מ",IL,תפוזינה אשכוליות 1.5,ליטרים,1.50,ליטר,false,,8.50,5.6667,true,1,244807
7290019056393,false,תפוזינה תות בננה 1.5 ליטר פיקדון,"יפאורה תבורי בע""\מ",IL,תפוזינה תות בננה 1.5,ליטרים,1.50,ליטר,false,,8.50,5.6667,true,1,244823
7290019056409,false,תפוזינה מנגו 1.5 ליטר פיקדון,"יפאורה תבורי בע""\מ",IL,תפוזינה מנגו עסיסי 1,ליטרים,1.50,ליטר,false,,8.50,5.6667,true,1,244838
7290019056416,false,מיץ בטעם לימונדה ורודה 1.5 ל' תפוזינה,"יפאורה תבורי בע""\מ",IL,תפוזינה לימונדה 1.5,ליטרים,1.50,ליטר,false,,8.50,5.6667,true,1,244839
7290019056423,false,מיץ בטעם תפוח רענן 1.5ל' תפוזינה,"יפאורה תבורי בע""\מ",IL,תפוזינה תפוח רענן 1.,ליטרים,1.50,ליטר,false,,8.50,5.6667,true,1,244905
7290019056430,false,תפוזינה תפוזים לייט 1.5 ליטר פיקדון,"יפאורה תבורי בע""\מ",IL,תפוזינה תפוז 1.5 ליט,ליטרים,1.50,ליטר,false,,7.90,5.2667,true,1,244945
7290019056508,false,פרוט ווטר ענבים 1.5 ליטר פיקדון,"יפאורה תבורי בע""\מ",IL,פרוט ווטר ענבים 1.5,ליטרים,1.50,ליטר,false,,8.90,5.9333,true,1,245083
7290019056515,false,פרוט ווטר אננס 1.5 ליטר פיקדון,"יפאורה תבורי בע""\מ",IL,פרוט ווטר אננס 1.5 ל,ליטרים,1.50,ליטר,false,,8.90,5.9333,true,1,245124
7290019056522,false,פרוט ווטר תות 1.5 ליטר פיקדון,"יפאורה תבורי בע""\מ",IL,פרוט ווטר תות 1.5 לי,ליטרים,1.50,ליטר,false,,8.90,5.9333,true,1,245151
7290019056539,false,פרוט ווטר אפרסק 1.5 ליטר פיקדון,"יפאורה תבורי בע""\מ",IL,פרוט ווטר אפרסק 1.5,ליטרים,1.50,ליטר,false,,8.90,5.9333,true,1,245152
7290019056546,false,פרוט ווטר אבטיח 1.5 ליטר פיקדון,"יפאורה תבורי בע""\מ",IL,פרוט ווטר אבטיח 1.5,ליטרים,1.50,ליטר,false,,8.90,5.9333,true,1,245166
7290019056553,false,שישיית מים מינרלים עין גדי 2 ליטר,עין גדי מים מינרליים,IL,עין גדי מים מינרלים,ליטרים,12.00,ליטר,false,,13.30,1.1083,true,1,246716
7290019056560,false,עין גדי 2 ליטר בק' בודד פיקדון,עין גדי מיים מינרלים,IL,עין גדי מים מינרלים,ליטרים,2.00,ליטר,false,,3.50,1.7500,true,1,246730
7290019056577,false,משקה קל מנגו ספרינג 1.5 ליטר,"יפאורה תבורי בע""\מ",IL,ספרינג מנגו 1.5 ליטר,ליטרים,1.50,ליטר,false,,8.50,5.6667,true,1,244306
7290019056584,false,משקה קל תפוזים ספרינג 1.5 ליטר,"יפאורה תבורי בע""\מ",IL,ספרינג תפוזים 1.5 לי,ליטרים,1.50,ליטר,false,,8.50,5.6667,true,1,244349
7290019056591,false,משקה קל ענבים ספרינג 1.5 ליטר,"יפאורה תבורי בע""\מ",IL,ספרינג ענבים 1.5 ליט,ליטרים,1.50,ליטר,false,,8.50,5.6667,true,1,244376
7290019056607,false,משקה קל תפוחים ספרינג 1.5 ליטר,"יפאורה תבורי בע""\מ",IL,ספרינג תפוחים 1.5 לי,ליטרים,1.50,ליטר,false,,8.50,5.6667,true,1,244377
7290019056614,false,משקה קל אפרסק ספרינג 1.5 ליטר,"יפאורה תבורי בע""\מ",IL,ספרינג אפרסק 1.5 ליט,ליטרים,1.50,ליטר,false,,8.50,5.6667,true,1,244391
7290019056621,false,משקה קל פירות טרופיים ספרינג 1.5 ליטר,"יפאורה תבורי בע""\מ",IL,ספרינג פירות טרופיים,ליטרים,1.50,ליטר,false,,8.50,5.6667,true,1,244405
7290019056638,false,משקה קל תות בננה ספרינג 1.5 ליטר,"יפאורה תבורי בע""\מ",IL,ספרינג תות בננה 1.5,ליטרים,1.50,ליטר,false,,8.50,5.6667,true,1,244406
7290019056645,false,משקה קל אגס תפוח סברס ספרינג 1.5 ליטר,"יפאורה תבורי בע""\מ",IL,ספרינג אגס סברס תפוח,ליטרים,1.50,ליטר,false,,8.50,5.6667,true,1,244436
7290019056652,false,משקה קל אננס בננה ספרינג 1.5 ליטר,"יפאורה תבורי בע""\מ",IL,ספרינג אננס בננה 1.5,ליטרים,1.50,ליטר,false,,8.50,5.6667,true,1,244499
7290019056669,false,משקה קל תפוחים דיאט ספרינג 1.5 ליטר,"יפאורה תבורי בע""\מ",IL,ספרינג תפוחים דיאט 1,ליטרים,1.50,ליטר,false,,7.90,5.2667,true,1,244500
7290019056676,false,משקה קל אשכולית אננס דיאט ספרינג 1.5 ליטר,"יפאורה תבורי בע""\מ",IL,ספרינג דיאט אשכוליות,ליטרים,1.50,ליטר,false,,7.90,5.2667,true,1,275601
7290019056720,false,קריסטל מיץ ענבים 2 ליטר פיקדון,"יפאורה תבורי בע""\מ",IL,קריסטל מיץ ענבים 2 ל,ליטרים,2.00,ליטר,false,,7.90,3.9500,true,1,246476
7290019056737,false,קריסטל מיץ אשכוליטרות 2 ליטר,"יפאורה תבורי בע""\מ",IL,קריסטל מיץ אשכוליות,ליטרים,2.00,ליטר,false,,7.90,3.9500,true,1,246490
7290019056744,false,קריסטל מיץ תפוזים 2 ליטר פיקדון,"יפאורה תבורי בע""\מ",IL,קריסטל מיץ תפוזים 2,ליטרים,2.00,ליטר,false,,7.90,3.9500,true,1,246504
7290019056768,false,קריסטל מיץ מנגו 2 ליטר פיקדון,"יפאורה תבורי בע""\מ",IL,קריסטל מיץ מנגו 2 לי,ליטרים,2.00,ליטר,false,,7.90,3.9500,true,1,246519
7290019056775,false,קריסטל מוגז ענבים 2 ליטר פיקדון,"יפאורה תבורי בע""\מ",IL,קריסטל ענבים מוגז 2,ליטרים,2.00,ליטר,false,,7.90,3.9500,true,1,246533
7290019056782,false,משקה מוגז בטעם לימון ליים 2 ל' קריסטל,"יפאורה תבורי בע""\מ",IL,קריסטל למון ליים 2 ל,ליטרים,2.00,ליטר,false,,7.90,3.9500,true,1,246534
7290019056799,false,קריסטל מוגז אקזוטי 2 ליטר פיקדון,"יפאורה תבורי בע""\מ",IL,קריסטל אקזוטי 2 ליטר,ליטרים,2.00,ליטר,false,,7.90,3.9500,true,1,246561
7290019056805,false,קריסטל מוגז תפוחים 2 ליטר פיקדון,"יפאורה תבורי בע""\מ",IL,משקה מוגז קריסטל תפו,ליטרים,2.00,ליטר,false,,7.90,3.9500,true,1,246562
7290019056812,false,קריסטל מוגז מנטה 2 ליטר פיקדון,"יפאורה תבורי בע""\מ",IL,קריסטל מנטה 2 ליטר,ליטרים,2.00,ליטר,false,,7.90,3.9500,true,1,246576
7290019056829,false,קריסטל מוגז תפוזים 2 ליטר פיקדון,"יפאורה תבורי בע""\מ",IL,קריסטל תפוזים 2 ליטר,ליטרים,2.00,ליטר,false,,7.90,3.9500,true,1,246590
7290019056836,false,קריסטל מוגז תות 2 ליטר פיקדון,"יפאורה תבורי בע""\מ",IL,תות קריסטל 2 ליטר,ליטרים,2.00,ליטר,false,,7.90,3.9500,true,1,246591
7290019056843,false,קריסטל מוגז קולה 2 ליטר פיקדון,"יפאורה תבורי בע""\מ",IL,קריסטל קולה 2 ליטר,ליטרים,2.00,ליטר,false,,7.90,3.9500,true,1,246606
7290019056959,false,מי עדן 1.5 ליטר בק' בודד פיקדון,"מופק ממקור בזלתי עדן ,1",IL,מי עדן 1.5 ליטר,ליטרים,1.50,ליטר,false,,3.90,2.6000,true,1,275602
7290019056973,false,שישיית מי עדן 1.5 ליטר משפחתי,"מופק ממקור בזלתי עדן ,1",IL,מי עדן 6*1.5 ליטר,ליטרים,9.00,ליטר,false,,12.90,1.4333,true,1,246634
7290019075103,false,קמיל בלו אקסטרה סופט שמפו לתינוק 1 ליטר,פישר מעבדות פרמצבטיות בע,IL,קמיל בלו אקסטרה סופט,ליטרים,1000.00,100 ליטר,false,,32.90,0.0329,true,1,540007
7290019075899,false,קמיל בלו אקסטרה סופט אל סבון לתינוק 1 ליטר,פישר מעבדות פרמצבטיות בע,IL,קמיל בלו אקסטרה סופט,ליטרים,1000.00,100 ליטר,false,,32.90,0.0329,true,1,540008
7290019153313,false,"משקהתפוח חמוציות אוכמניות 350 מ""ל פרות & ווג",יפאורה תבורי בעמ,IL,פרוט & וג' תפוח חמוצ,מיליליטרים,330.00,"100 מ""ל",false,,7.90,0.0239,true,1,497239
7290019153344,false,מיץ בטעם סנגרייה 1.5 ל' תפוזינה,"יפאורה תבורי בע""\מ",IL,תפוזינה סנגריה 1.5 ל,ליטרים,1.50,ליטר,false,,8.50,5.6667,true,1,472015
7290019153351,false,מיץ בטעם פינק אוזו 1.5 ל' תפוזינה,"יפאורה תבורי בע""\מ",IL,תפוזינה פינק אוזו 1.,ליטרים,1.50,ליטר,false,,8.50,5.6667,true,1,472016
7290019167037,false,תותים בקצפת עדן קינוחים 82 גרם,עדן קינוחים Eden,IL,תותים בקצפת 82 גרם,גרמים,82.00,100 גרם,false,,7.20,0.0878,true,1,613901
7290019204008,false,עוף טוב פסטרמה ארבעה פלפלים 350 גרם,עיצובים 2020 (4.9),IL,פסטרמה ארבעה פלפלים,גרמים,350.00,100 גרם,false,,24.90,0.0711,true,1,550955
7290019204305,false,חזה הודו פסטרמה ברביקיו 350 גר',עיצובים 2020 (4.9),IL,פסטרמה ברביקיו עוף ט,גרמים,350.00,100 גרם,false,,24.90,0.0711,true,1,550924
7290019230007,false,חלה קמח כוסמין ספיישל בייקרי,ספיישל בייקרי,IL,חלה כוסמין ארוזה ביי,גרמים,500.00,100 גרם,false,,15.90,0.0318,true,1,251371
7290019230021,false,חלה קונדיטור מאפיית הלמנס,ספיישל בייקרי,IL,חלה גדולה ארוזה בייק,גרמים,500.00,100 גרם,false,,13.90,0.0278,true,1,251386
7290019232094,false,חליטת פירות וצמחים אפרסק הגן הקסום ויסוצקי 25 יחידות,תה ויסוצקי,IL,חליטת פירות וצמחים ב,גרמים,37.50,100 גרם,false,,17.90,0.4773,true,1,504575
7290019232155,false,"חליטת ""לילה טוב"" קמומיל לבנדר ו25 שקיקים ויסוצקי",תה ויסוצקי,IL,לילה טוב חליטת קמומי,גרמים,37.50,100 גרם,false,,22.90,0.6107,true,1,591422
7290019232162,false,"חליטת ""לילה טוב"" קמומיל מליסה 25 שקיקים ויסוצקי",תה ויסוצקי,IL,לילה טוב חליטת קמומי,גרמים,37.50,100 גרם,false,,22.90,0.6107,true,1,591423
7290019232179,false,חליטת לילה טוב נענע 25 שקיקים ויסוצקי,תה ויסוצקי,IL,תה ויסוצקי ירוק נענ,גרמים,37.50,100 גרם,false,,22.90,0.6107,true,1,591424
7290019232186,false,תה ירוק לימונית לואיזהSTAY WELL 25 שקיקים ויסוצקי,תה ויסוצקי,IL,תה ירוק לימונית לואי,גרמים,37.50,100 גרם,false,,22.90,0.6107,true,1,591425
7290019233008,false,רוטב עגבניות עם קוביות ארטישוק ושמן זית 420ג ויסוצקי,דליציה דורה אס.אר.אל,IT,רוטב עגבניות עם קובי,גרמים,420.00,100 גרם,false,,13.90,0.0331,true,1,544465
7290019233015,false,רוטב שקשוקה תבשיל ירקות עם שמן זית כתית מעולה 420ג זיתא,זיתא,IT,שקשוקה ירוקה תבשיל י,גרמים,420.00,100 גרם,false,,13.90,0.0331,true,1,544495
7290019233022,false,שקשוקה חצילים רוטב עגבניות עם קוביות חצילים צלויים,דליציה דורה אס.אר.אל,IT,רוטב עגבניות לשקשוקה,גרמים,420.00,100 גרם,false,,13.90,0.0331,true,1,544480
7290019233039,false,שקשוקה קלאסית- רוטב עגבניות עם קוביות פלפלים צלויים,דליציה דורה אס.אר.אל,IT,רוטב עגבניות לשקשוקה,גרמים,420.00,100 גרם,false,,13.90,0.0331,true,1,495147
7290019245001,false,שמן קנולה אלומות 1 ל,סקנולה,EE,שמן קנולה אלומות 1 ל,ליטרים,1.00,ליטר,false,,10.90,10.9000,true,1,423308
7290019267737,true,חלה וויזניץ 500 גרם,,,חלה וויזניץ 500 גרם,יח',1.00,יח',false,,17.90,17.9000,true,1,594480
7290019297161,false,טורטיה ראפ מקמח תירס שקדיה 450 גרם,דין שיווק,TR,טורטיות ראפ מקמח תיר,גרמים,540.00,100 גרם,false,,9.90,0.0183,true,1,4911
7290019297543,false,חמאת בוטנים שקדיה 510 גרם,דין שיווק,IN,חמאת בוטנים שקדיה 51,גרמים,510.00,100 גרם,false,,9.90,0.0194,true,1,4926
7290019302315,false,"ייו buzz אבטיח מלון 750 מ""ל",יקבי כרמל,IL,יין באזז אבטיח ומלון,מיליליטרים,750.00,"100 מ""ל",false,,27.90,0.0372,true,1,530848
7290019302414,false,מארז בירה רביעיה בלו,,,מארז בירה רביעיה בלו,ליטרים,1.32,ליטר,false,,51.10,38.7121,true,1,509455
7290019308188,false,ציפס קלאסי בסט צ'יפס,גרין האוס,EG,"צ'יפס קלאסי 1.5 ק""ג",קילוגרמים,1.50,"ק""ג",false,,19.90,13.2667,true,1,595677
7290019393016,false,"קמח חיטה לבן ללא צורך בניפוי 1 ק""ג האופה",טבע ירוק,IL,קמח חיטה לבן מנופה,קילוגרמים,1.00,"ק""ג",false,,8.90,8.9000,true,1,575115
7290019393023,false,האופה- קמח חיטה 80% ללא צורך בניפוי 1 קג,,IL,קמח חיטה 80% מנופה ה,קילוגרמים,1.00,"ק""ג",false,,10.90,10.9000,true,1,575159
7290019393047,false,האופה קמח כוסמין לבן ללא צורך בניפוי 1קג,,IL,קמח כוסמין לבן מנופה,קילוגרמים,1.00,"ק""ג",false,,16.90,16.9000,true,1,575100
7290019393061,false,"קמח כוסמין 100% ללא צורך בניפוי 1 ק""ג האופה",,IL,קמח כוסמין מלא מנופה,קילוגרמים,1.00,"ק""ג",false,,16.90,16.9000,true,1,575014
7290022005074,false,רוטב עגבניות שרי קלאסי 400 גרם,תבליני מימון,IL,רוטב עגבניות שרי קלא,גרמים,400.00,100 גרם,false,,14.90,0.0373,true,1,585502
7290022005081,false,רוטב עגבניות שרי ארביאטה 400 גרם,תבליני מימון,IL,רוטב עגבניות שרי ארב,גרמים,400.00,100 גרם,false,,14.90,0.0373,true,1,378
7290022005104,false,רוטב עגבניות שרי בזיליקום 400 גרם,תבליני מימון,IL,רוטב עגבניות שרי בזי,גרמים,400.00,100 גרם,false,,14.90,0.0373,true,1,379
7290022005111,false,רוטב עגבניות שרי לפיצה 400 גרם,תבליני מימון,IL,רוטב עגבניות שרי לפי,גרמים,400.00,100 גרם,false,,14.90,0.0373,true,1,380
7290100240144,false,"תרסיס ריחני למייבש ורוד בדין 500 מ""ל","זוהר דליה, קיבוץ דליה, 1",IL,בדין תרסיס למייבש כב,מיליליטרים,500.00,"100 מ""ל",false,,16.90,0.0338,true,1,10439
7290100245231,false,נמס בכוס מרק בטעם עוף עם אטריות ושקדי מרק-2 שקיות,יוניליוור ישראל מזון בע\,IL,נמס בכוס ועוד טעם עו,גרמים,50.00,100 גרם,false,,6.90,0.1380,true,1,10462
7290100412435,false,קוויק מטליות לחות 99.9% לניקוי כללי בריח פרחי בר 50 יחידות,האי נאם סי או אל.טי.,IL,מגבונים לניקוי וחיטו,יחידה,0.00,יחידה,false,,8.90,0.0000,true,1,29582
7290100412459,false,קוויק מטליות לחות 99.9% לניקוי שירותים ומקלחות בריח לוונדר 50 יחידות,די.פי.אל,IL,מגבונים לניקוי וחיטו,יחידה,0.00,יחידה,false,,8.90,0.0000,true,1,29584
7290100412466,false,מגבונים קוויק לניקוי וחיטוי רצפות בניחוח לימון 10 יח',די.פי.אל,IL,מגבונים לניקוי רצפות,יח',10.00,יח',false,,9.90,0.9900,true,1,29585
7290100412718,false,"תרחיץ פנים קלאסק מאסק דר עור 150 מ""ל","אמיליה קוסמטיקס בע""מ",IL,דר' עור ג'ל ניקוי פנ,מיליליטרים,150.00,"100 מ""ל",false,,24.90,0.1660,true,1,29588
7290100412831,false,תחליב רחצה אנטי אייג'ינג בניחוח וניל טרופי,"אמיליה קוסמטיקס בע""מ",IL,תחליב רחצה אנטי איגי,מיליליטרים,700.00,"100 מ""ל",false,,15.90,0.0227,true,1,29599
7290100570074,false,אביזרי מטבח ב-4.99,,,אביזרי מטבח ב-4.99,יחידה,0.00,יחידה,false,,4.90,0.0000,true,1,34268
7290100570234,false,אביזרי מטבח,,,אביזרי מטבח,יחידה,0.00,יחידה,false,,12.90,0.0000,true,1,34270
7290100572368,false,אביזרי מטבח,,,אביזרי מטבח,יחידה,0.00,יחידה,false,,19.90,0.0000,true,1,34279
7290100572702,false,אביזרי מטבח ב-11.00,,,אביזרי מטבח ב-11.00,יחידה,0.00,יחידה,false,,10.90,0.0000,true,1,34282
7290100573402,false,אביזרי מטבח,,,אביזרי מטבח,יחידה,0.00,יחידה,false,,14.90,0.0000,true,1,34285
7290100658338,false,"נוזל לניקוי כלים אוקסי פלוס פלמוליב 750 מ""ל",הנסיך- מפעל לייצור ט,GR,פלמוליב לכלים אוקסי-,מיליליטרים,750.00,"100 מ""ל",false,,8.90,0.0119,true,1,21569
7290100659090,false,פרי חטיפים ללא גלוטן ותוספת סוכר מארז 5 תמרים וקינמון,טבעית מוצרים מן הטבע בעמ,IL,פרי חטיפים ללא סוכר,גרמים,100.00,100 גרם,false,,14.90,0.1490,true,1,21570
7290100680650,false,מנה חמה נודלס-אטריות ירקות טעם תאילנדי אסם 76 ג',PUB FOODS PRESIDENT THAI,TH,מנה חמה נודלס תאילנד,גרמים,76.00,100 גרם,false,,5.90,0.0776,true,1,18809
7290100680667,false,מנה חמה נודלס-אטריות+ירקות טעם סצ'ואן,PUB FOODS PRESIDENT THAI,TH,מנה חמה נודלס ירקות,גרמים,76.00,100 גרם,false,,5.90,0.0776,true,1,18810
7290100680711,false,פירורית זהב אסם זהב 350ג',עינת תעשיות מזון אגו,IL,אסם פירורית זהב 350,גרמים,350.00,100 גרם,false,,8.90,0.0254,true,1,18811
7290100680728,false,פירורית רגילה שקית 350 גרם,מיוצר עי קונדיטוריית,IL,פירורית רגילה שקית 3,גרמים,350.00,100 גרם,false,,7.90,0.0226,true,1,18812
7290100681015,false,אינסטנט פודינג בטעם ריבת חלב אסם 84 גרם,מיוצר עי קונדיטוריית,IL,אסם פודינג אינסטנט ר,גרמים,84.00,100 גרם,false,,5.50,0.0655,true,1,18814
7290100681138,false,מארז אפרופו חטיף תירס 3 יחידות,"אסם השקעות בע""\מ",IL,אפרופו מאח 3*50 גר',גרמים,150.00,100 גרם,false,,12.90,0.0860,true,1,18816
7290100681503,false,עסיס סירופ לימונענע דיאטטי 1 ליטר,בית-השיטה עסיס תעשיות מז,IL,סירופ דיאט לימונענע,ליטרים,1.00,ליטר,false,,16.90,16.9000,true,1,18818
7290100683880,false,פירה אסם ללא צורך בבישול 260 גרם,"אסם השקעות בע""\מ",IL,פירה אסם 260 גרם,גרמים,260.00,100 גרם,false,,13.90,0.0535,true,1,18826
7290100684139,false,פסטה מיני מקרוני אסם 500 גרם,פסטה זארה,IL,מיני מקרוני אסם 500,גרמים,500.00,100 גרם,false,,5.90,0.0118,true,1,18827
7290100685136,false,"אבקת מרק בטעם עוף אסם 1 ק""ג","אסם השקעות בע""\מ",IL,מרק בטעם עוף אסם 1 ק,קילוגרמים,1.00,"ק""ג",false,,14.90,14.9000,true,1,18833
7290100685334,false,אבקת מרק עוף אמיתי בשרי רכיבים טבעיים אסם 400 גרם,"אסם השקעות בע""\מ",IL,מרק עוף מרכיבים טבעי,גרמים,400.00,100 גרם,false,,19.90,0.0497,true,1,18835
7290100685341,false,אבקת מרק טעם עוף זך רכיבים טבעיים אסם 400 גרם,"אסם השקעות בע""\מ",IL,מרק זך טעם עוף רכיבי,גרמים,400.00,100 גרם,false,,13.90,0.0348,true,1,18836
7290100686164,false,מארז מולטיפק ביסלי ברביקיו 6 יח 35 גר יח,מיוצר עי קונדיטוריית,IL,ביסלי ברביקיו מאח.8,גרמים,210.00,100 גרם,false,,9.90,0.0471,true,1,18843
7290100686171,false,מארז מולטיפק ביסלי גריל 6 יח 35 גר ליח,"אסם השקעות בע""\מ",IL,ביסלי גריל מאח.8 6*3,גרמים,210.00,100 גרם,false,,9.90,0.0471,true,1,18844
7290100689301,false,אבקת מרק בטעם עוף זך עדיף אסם 400 גרם,"אסם השקעות בע""\מ",IL,מרק בטעם עוף זך אסם,גרמים,400.00,100 גרם,false,,13.90,0.0348,true,1,18854
7290100700006,false,"סוגת חיטה 1 ק""ג","סוגת תעשיות בע""\מ",IL,"סוגת חיטה 1 ק""ג",קילוגרמים,1.00,"ק""ג",false,,8.90,8.9000,true,1,17348
7290100700020,false,סוגת גריסי פנינה 500 גרם,האי נאם סי או אל.טי.,IL,סוגת גריסי פנינה 500,גרמים,500.00,100 גרם,false,,4.90,0.0098,true,1,17349
7290100700075,false,פירורי לחם מוזהבים סוגת 200 גרם,"סוגת תעשיות בע""\מ",IL,פירורי לחם מוזהבים ש,גרמים,200.00,100 גרם,false,,3.90,0.0195,true,1,17350
7290100700266,false,פירורי לחם לבנים סוגת 200 גרם,"סוגת תעשיות בע""מ",IL,סוגת פרורי לחם לבן 2,גרמים,200.00,100 גרם,false,,3.90,0.0195,true,1,17352
7290100700273,false,קינואה לבנה 500 ג סו,האי נאם סי או אל.טי.,IL,קינואה סוגת 500 גרם,גרמים,500.00,100 גרם,false,,12.80,0.0256,true,1,17353
7290100700310,false,"סוגת כוסמת סוגת 1ק""ג","סוגת תעשיות בע""מ",IL,כוסמת 1 ק'ג,קילוגרמים,1.00,"ק""ג",false,,14.90,14.9000,true,1,17355
7290100700334,false,קינואה לבנה 1 קג סוג,"סוגת תעשיות בע""מ",IL,סוגת קינואה 1קג,קילוגרמים,1.00,"ק""ג",false,,19.90,19.9000,true,1,17357
7290100700372,false,"סוגת אורז בסמטי מלא 1 ק""ג",האי נאם סי או אל.טי.,IL,אורז בסמטי מלא 1 ק'ג,קילוגרמים,1.00,"ק""ג",false,,10.00,10.0000,true,1,17359
7290100700389,false,"אורז אדום 1 ק""ג ""סוגת""","סוגת תעשיות בע""\מ",IL,אורז אדום 1 ק'ג,קילוגרמים,1.00,"ק""ג",false,,12.90,12.9000,true,1,17360
7290100700396,false,"סוגת אורז יסמין קלאסי 1 ק""ג",האי נאם סי או אל.טי.,IL,סוגת אורז יסמין קלאס,קילוגרמים,1.00,"ק""ג",false,,11.90,11.9000,true,1,17361
7290100700402,false,"סוגת חומוס ענק 1 ק""ג",סוגת תעשיות בעמ,IL,חומוס ענק 1 ק'ג,קילוגרמים,1.00,"ק""ג",false,,19.90,19.9000,true,1,17362
7290100700563,false,"סוגת אורז מיקס קלאסי 1 ק""ג",סוגת תעשיות בעמ,IL,אורז מיקס קלאסי 1 ק',קילוגרמים,1.00,"ק""ג",false,,12.90,12.9000,true,1,17366
7290100700587,false,"בורגול ""סוגת"" 500 גרם",האי נאם סי או אל.טי.,IL,סוגת בורגול 500 גר,גרמים,500.00,100 גרם,false,,5.90,0.0118,true,1,17367
7290100701157,false,"אורז להכנת סושי סוגת 1 ק""ג","סוגת תעשיות בע""\מ",IL,אורז סושי 1 קג,קילוגרמים,1.00,"ק""ג",false,,11.90,11.9000,true,1,17370
7290100701300,false,קינואה אדומה סוגת 500 גרם,"סוגת תעשיות בע""\מ",IL,סוגת קינואה אדומה 50,גרמים,500.00,100 גרם,false,,12.80,0.0256,true,1,17371
7290100701386,false,קמח לחלה קמח חיטה לבן שטיבל,"שטיבל בע""מ - טחנות ק",IL,"קמח לחלה סוגת 1 ק""ג",קילוגרמים,1.00,"ק""ג",false,,6.90,6.9000,true,1,17376
7290100701409,false,קמח תירס סוגת 500 גר,מולינו פילה ספא,IL,קמח תירס סוגת 500 גר,גרמים,500.00,100 גרם,false,,7.90,0.0158,true,1,17377
7290100701454,false,גרישה בורגול דק סוגת 500 גרם,"סוגת תעשיות בע""\מ",IL,גרישה 500 גרם,גרמים,500.00,100 גרם,false,,5.90,0.0118,true,1,17379
7290100701577,false,קמח לחם קמח חיטה לבן שטיבל,טחנות קמח שטיבל באר שבע,IL,קמח לחם מועשר בויטמי,קילוגרמים,1.00,"ק""ג",false,,6.90,6.9000,true,1,17380
7290100701874,false,"קמח כוסמין מלא סוגת 1 ק""ג",טחנות קמח שטיבל באר,IL,"קמח כוסמין סוגת 1 ק""",קילוגרמים,1.00,"ק""ג",false,,15.90,15.9000,true,1,17384
7290100701881,false,קמח פיצה ופוקצ'ה- קמח חיטה לבן בהיר שטיבל,"שטיבל בע""\מ - טחנת קמח",IL,קמח פיצה ופוקצה סוגת,קילוגרמים,1.00,"ק""ג",false,,6.90,6.9000,true,1,17385
7290100702260,false,קוסקוס דק סוגת 350 גרם,"אסיף תעשיות מזון בע""\מ",IL,קוסקוס דק סוגת 350 ג,גרמים,350.00,100 גרם,false,,4.90,0.0140,true,1,17390
7290100702277,false,קוסקוס עבה סוגת 350 גרם,"אסיף תעשיות מזון בע""",IL,קוסקוס עבה סוגת 350,גרמים,350.00,100 גרם,false,,4.90,0.0140,true,1,17391
7290100702284,false,קוסקוס מלא סוגת 350 גרם,"אסיף תעשיות מזון בע""",IL,קוסקוס מלא סוגת 350,גרמים,350.00,100 גרם,false,,4.90,0.0140,true,1,17392
7290100702383,false,קמח תופח מס' 13 סוגת,"שטיבל בע""\מ - טחנות קמח",IL,"קמח תופח סוגת 1 ק""ג",קילוגרמים,1.00,"ק""ג",false,,6.90,6.9000,true,1,17395
7290100702611,false,פתיתים אפויים אורז סוגת 500 גרם,"אסיף תעשיות מזון בע""\מ",IL,פתיתים אפויים אורז ס,גרמים,500.00,100 גרם,false,,4.90,0.0098,true,1,17404
7290100702628,false,פתיתים אפויים קוסקוס סוגת 500 גרם,"אסיף תעשיות מזון בע""\מ",IL,פתיתים אפויים קוסקוס,גרמים,500.00,100 גרם,false,,4.90,0.0098,true,1,17405
7290100702635,false,פתיתים אפויים כוכבים סוגת 500 גרם,"אסיף תעשיות מזון בע""",IL,פתיתים אפויים כוכבים,גרמים,500.00,100 גרם,false,,4.90,0.0098,true,1,17406
7290100702741,false,"סוכר חום בהיר בצנצנת סוגת 1 ק""ג",סוגת תעשיות בעמ,IL,סוכר חום בהיר בצנצנת,קילוגרמים,1.00,"ק""ג",false,,12.90,12.9000,true,1,17415
7290100702987,false,שיבולת שועל פתיתים סוגת 500 גרם,סוגת תעשיות,,פתיתי שיבולת שועל סו,גרמים,500.00,100 גרם,false,,5.90,0.0118,true,1,17432
7290100702994,false,סוכר דמררה קלאסי בשקית סוגת 500 גרם,"סוגת תעשיות בע""מ",IL,סוכר דמררה בשקית סוג,גרמים,500.00,100 גרם,false,,6.90,0.0138,true,1,17433
7290100703007,false,"עדשים שחורות בלוגה 500 גרם ""סוגת""",האי נאם סי או אל.טי.,IL,סוגת עדשים שחורות בל,גרמים,500.00,100 גרם,false,,8.90,0.0178,true,1,17434
7290100703564,false,"פתיתי שיבולת שועל עבה 500 גרם ""סוגת""",,,שיבולת שועל עבה סוגת,גרמים,500.00,100 גרם,false,,5.90,0.0118,true,1,17458
7290100703625,false,קמח חיטה לבן ללא צורך בניפוי,"שטיבל בע""מ",IL,קמח לבן ללא ניפוי סו,קילוגרמים,1.00,"ק""ג",false,,7.90,7.9000,true,1,17461
7290100703632,false,קמח חיטה מלא ללא צורך בניפוי,"שטיבל בע""מ",IL,קמח מלא ללא ניפוי סו,קילוגרמים,1.00,"ק""ג",false,,7.90,7.9000,true,1,17462
7290100703649,false,"קמח חיטה 80% ללא צורך בניפוי סוגת 1 ק""ג","שטיבל בע""מ",IL,קמח מלא חיטה 80% ללא,קילוגרמים,1.00,"ק""ג",false,,7.90,7.9000,true,1,17463
7290100703861,false,"תערובת קסם לחלה ללא צורך בניפוי סוגת 1 ק""ג","שטיבל בע""\מ - טחנות קמח",IL,קמח תערובת קסם לחלה,קילוגרמים,1.00,"ק""ג",false,,7.90,7.9000,true,1,17469
7290100703922,false,פופקורן להכנה במיקרוגל בטעם טבעי - מארז 6 שקיות,סוגת,IL,מארז פופקורן למיקרוג,גרמים,540.00,100 גרם,false,,9.90,0.0183,true,1,17474
7290100704516,false,חומוס מיני סוגת 500 גרם,"סוגת תעשיות בע""\מ",IL,חומוס מיני 500 גרם,גרמים,500.00,100 גרם,false,,5.90,0.0118,true,1,133553
7290100704578,false,"קמח כוסמין לבן תופח סוגת 1 ק""ג","שטיבל בע""\מ - טחנת קמח",IL,קמח כוסמין לבן סוגת,קילוגרמים,1.00,"ק""ג",false,,15.90,15.9000,true,1,146834
7290100704608,false,שעועית לבנה עדינה סוגת 500 גרם,"סוגת תעשיות בע""\מ",IL,שעועית לבנה עדינה 50,גרמים,500.00,100 גרם,false,,6.90,0.0138,true,1,186890
7290100704622,false,סוכר דמררה דק דק בצנצנת סוגת 500 גרם,"סוגת תעשיות בע""\מ",IL,סוכר דמררה דק דק בצנ,גרמים,500.00,100 גרם,false,,7.90,0.0158,true,1,237585
7290100704684,false,"קמח שמרים כוסמין סוגת רב תכליתי 1 ק""ג סוגת",סוגת,IL,קמח שמרים כוסמין רב,קילוגרמים,1.00,"ק""ג",false,,19.90,19.9000,true,1,395728
7290100850909,false,דוריטוס נאצ'ו מקסיקני 70 גרם,"שטראוס פריטו ליי בע""\מ",IL,דוריטוס נאצו מקסיקני,גרמים,70.00,100 גרם,false,,3.90,0.0557,true,1,24180
7290100850916,false,דוריטוס חמוץ חריף מעודן 70 גרם כשר לפסח,"שטראוס פריטו ליי בע""\מ )",IL,דוריטוס חמוץ חריף 70,גרמים,70.00,100 גרם,false,,3.90,0.0557,true,1,24181
7290100850923,false,דוריטוס בטעם גריל 70 גרם,"שטראוס פריטו ליי בע""\מ )",IL,דוריטוס גריל 70 גרם,גרמים,70.00,100 גרם,false,,3.90,0.0557,true,1,24182
7290100850930,false,דוריטוס בטעם טבעי 70 גרם,"שטראוס פריטו ליי בע""\מ )",IL,דוריטוס טבעי 70 גרם,גרמים,70.00,100 גרם,false,,3.90,0.0557,true,1,24183
7290100858592,false,אבקת קקאו עלית שקית 150 ג',הנסיך- מפעל לייצור ט,IL,עלית קקאו 150ג,גרמים,150.00,100 גרם,false,,9.90,0.0660,true,1,22366
7290100921609,false,סוד סבון לאסלה 4 כדוריות בניחוח אוקיינוס 50 ג',"הנקל סוד בע""\מ",RS,סוד סבון 4 כדוריות ל,גרמים,50.00,100 גרם,false,,8.90,0.1780,true,1,34953
7290100921623,false,מנקה אסלה סוד 4 כדוריות נתלה אקונומיקה נתלה 50 ג',"הנקל סוד בע""\מ",HU,סוד סבון 4 כדוריות ל,גרמים,50.00,100 גרם,false,,8.90,0.1780,true,1,34955
7290100922569,false,קרם לטיפוח עוד הידיים והגוף- מארז שלישייה,טרופיקל דגיל,IL,80*3 ולוטה קרם ידיים,מיליליטרים,300.00,"100 מ""ל",false,,19.90,0.0663,true,1,8169
7290100924464,false,כדוריות סבון נתלה לאסלה עם אקונומיקה - 3 יח',הנקל סוד,HU,סוד סבון 4 כדוריות ל,גרמים,150.00,100 גרם,false,,16.90,0.1127,true,1,34969
7290100924631,false,מרכך כביסה מרוכז לבגדי תינוקות ובעלי עור רגיש,"הנקל סוד בע""\מ",IL,מרכך כביסה סוד מרוכז,מיליליטרים,900.00,"100 מ""ל",false,,9.50,0.0106,true,1,34978
7290100926147,false,אבקת כביסה פרסיל קולור שקית 2.5 קג,"הנקל סוד בע""מ",IL,אבקת כביסה פרסיל קול,קילוגרמים,2.50,"ק""ג",false,,26.90,10.7600,true,1,35028
7290100926598,false,"פרסיל אבקת כביסה 5 ק""ג",פרסיל Persil,IL,פרסיל אבקת כביסה 5 ק,קילוגרמים,5.00,"ק""ג",false,,43.90,8.7800,true,1,35035
7290101110811,false,גלידל שלגון בטעם וניל מצופה סורבה פסיפלורה - 8 יח',הגלידות של פלדמן,IL,גלידל מאגדת בטעם פסי,גרמים,600.00,100 גרם,false,,31.90,0.0532,true,1,36070
7290101112228,false,גלידל פרי קרחון מופחת קלוריות בטעם אננס - 8 יח',הגלידות של פלדמן,IL,פופסיקל בטעם אננס 8,גרמים,640.00,100 גרם,false,,24.90,0.0389,true,1,36076
7290101112921,false,גלידל פרי קרחון מופחת קלוריות פירות טרופיים - 8 יח',הגלידות של פלדמן,IL,פופסיקל בטעם פירות ט,גרמים,640.00,100 גרם,false,,24.90,0.0389,true,1,36087
7290101113584,false,מאגדת טילונים שוקולד לבן עם ליבת שוקולד יולו 5 יח',הגלידות של פלדמן,IL,מאגדת טילון YOLO בט,גרמים,400.00,100 גרם,false,,24.90,0.0622,true,1,149952
7290101113591,false,מאגדת טילונים יולי 5 יחידות שוקולד לבן ועוגיות,הגלידות של פלדמן,IL,מאגדת טילון YOLO בט,גרמים,400.00,100 גרם,false,,24.90,0.0622,true,1,149939
7290101113751,false,מאגדת שלגון קרמל ושוקולד בלונדי רביעיה * 50 ג' יולו,הגלידות של פלדמן,IL,מאגדת רביעייה שלגון,גרמים,200.00,100 גרם,false,,19.90,0.0995,true,1,361156
7290101412946,false,מנגל נירוסטה כפול על,,,מנגל כפול 30/79 ס`מ,יחידה,0.00,יחידה,false,,99.90,0.0000,true,1,50424
7290101453888,false,נר מספר - 1 (1X12X60),סודי,CN,נר מספר 1,יחידה,0.00,יחידה,false,,4.50,0.0000,true,1,32284
7290101453918,false,נר מספר - 4 (1X12X60),סודי,CN,נר מספר 4,יחידה,0.00,יחידה,false,,4.50,0.0000,true,1,32287
7290101459880,false,נרות אותיות- יום הול,,,נרות אותיות- יום הול,יחידה,0.00,יחידה,false,,9.90,0.0000,true,1,32486
7290101488316,false,ליידי ספיד סטיק - דאודורנט סטיק לאישה ללא סימן ורוד סטיק 65 גרם,ליידי ספיד סטיק Lady Speed Stick,US,דאו' ללא סימן ורוד ל,מיליליטרים,65.00,"100 מ""ל",false,,19.30,0.2969,true,1,21579
7290101488323,false,ליידי ספיד סטיק - דאודורנט סטיק לאישה ללא סימן ירוק סטיק 65 גרם,ליידי ספיד סטיק Lady Speed Stick,US,דאו' ללא סימן ירוק ל,גרמים,65.00,100 גרם,false,,19.30,0.2969,true,1,21580
7290101551027,false,קפסולות קפה אספרסו חזק במיוחד 14 עלית 10 יח',הנסיך- מפעל לייצור ט,IL,קפסולות אספרסו 14 למ,גרמים,50.00,100 גרם,false,,16.90,0.3380,true,1,22374
7290101551300,false,סילאן טבעי ללא תוספת סוכר בקבוק לחיץ,מכוורת יד מרדכי שטראוס ב,IL,סילאן טבעי לחיץ יד מ,גרמים,380.00,100 גרם,false,,15.60,0.0411,true,1,22377
7290101551539,false,יוגורט PRO בטעם אפרסק 0% 20 גרם חלבון בגביע,"שטראוס בריאות בע""מ",IL,דנונה פרו 20 אפרסק 2,גרמים,200.00,100 גרם,false,,5.90,0.0295,true,1,23398
7290101551577,false,קוואקר שיבות שועל פחית מארז 2*500 גר',FRITO-LAY TRADING CO,GB,זוג קוואקר פחית שיבו,קילוגרמים,1.00,"ק""ג",false,,19.90,19.9000,true,1,24187
7290101551584,false,תפוצ'יפס קידס מארז 10 יח' * 20 ג',"שטראוס פריטו ליי בע""מ )פ",IL,מארז תפוצ'יפס קידס 1,גרמים,200.00,100 גרם,false,,14.10,0.0705,true,1,24188
7290101551614,false,חטיף צ'יטוס קראנץ בטעם גבינה - מארז 8 יח',"שטראוס פריטו ליי בע""מ )פ",IL,מארז צ'יטוס קראנצ' ג,גרמים,240.00,100 גרם,false,,15.20,0.0633,true,1,24190
7290101551638,false,חטיף צ'יטוס כאפה בטעם קטשופ - מארז 10 יח',"שטראוס פריטו ליי בע""מ )פ",IL,מארז צ'יטוס כאפה 10*,גרמים,200.00,100 גרם,false,,14.10,0.0705,true,1,24192
7290101551645,false,מארז ציטוס טעם פיצה איקס עיגול 10* 20 גר,"שטראוס פריטו ליי בע""מ )פ",IL,מארז צ'יטוס איקס עיג,גרמים,200.00,100 גרם,false,,14.10,0.0705,true,1,24193
7290101863410,false,"סיליט באנג ספריי ניקוי עוצמתי מכיל אקונומיקה 750 מ""ל",סיליט באנג Cillit Bang,PL,סיליט באנג ספריי אקו,מיליליטרים,750.00,"100 מ""ל",false,,14.90,0.0199,true,1,20903
7290101864127,false,"ספריי להסרת כתמים 750 מ""ל וניש קליה",קליה וניש Kalia Vanish,IL,קליה אוקסי ספריי 750,מיליליטרים,750.00,"100 מ""ל",false,,16.90,0.0225,true,1,20907
7290101865261,false,"פיניש נוזל הברקה למדיח 800 מ""ל",רקיט בנקיזר,PL,פיניש הברקה 800 מל,מיליליטרים,800.00,"100 מ""ל",false,,19.90,0.0249,true,1,20914
7290101866633,false,וניש קליה גל להסרת כתמים 3 ליטר אוקסיפרש,קליה וניש Kalia Vanish,IL,וניש קליה ג'ל 3 ליטר,ליטרים,3.00,ליטר,false,,29.90,9.9667,true,1,20920
7290101866787,false,וניש קליה נוזל מסיר כתמים לכביסה לבנה 3 ליטר,קליה וניש Kalia Vanish,IL,וניש נוזל מסיר כתמים,ליטרים,3.00,ליטר,false,,29.90,9.9667,true,1,20923
7290101869733,false,פיניש ג'ל למדיח כלים בניחוח לימון 1 ליטר ALL IN 1,רקיט בנקיזר,PL,ג'ל 1 ליטר לימון AIO,ליטרים,1.00,ליטר,false,,42.90,42.9000,true,1,20958
7290101982470,false,ממתק רולר 30 מל' בטעמים,טייפן פאן טיים,CN,ממתק רולר 30 גרם,גרמים,30.00,100 גרם,false,,5.90,0.1967,true,1,32510
7290101985365,false,בקבוק אלומיניום גדול,,,בקבוק אלומיניום גדול,יחידה,0.00,יחידה,false,,22.50,0.0000,true,1,32565
7290101987284,false,ספל בקופסאת מתנה -מי,,,ספל בקופסאת מתנה -מי,יחידה,0.00,יחידה,false,,29.00,0.0000,true,1,32583
7290101999720,false,נרות מטה לבבות פו,,,נרות מטה לבבות פו,יחידה,0.00,יחידה,false,,7.50,0.0000,true,1,32820
7290102030330,false,תפוצ'יפס קראנצ' בטעם מקסיקני 200 גרם,"שטראוס פריטו ליי בע""\מ )",IL,תפוצ'יפס קראנץ מקסיק,גרמים,200.00,100 גרם,false,,10.90,0.0545,true,1,24201
7290102031276,false,מארז 8 יחידות אקטימל משקה יוגורט בטעם תות בננה,מיוצר עי קונדיטוריית,IL,אקטימל תות בננה 8*10,מיליליטרים,800.00,"100 מ""ל",false,,19.90,0.0249,true,1,23419
7290102032334,false,אבקה להכנת משקה קפה בטעם וניל,שטראוס קפה בי.וי,IL,קפה נמס עלית בטעם ונ,גרמים,200.00,100 גרם,false,,19.90,0.0995,true,1,22380
7290102060764,false,מרידול מברשת שיניים אריזת זוג,יבואן ומשווק: ש. שסט,CH,זוג מברשות שיניים עד,יחידה,0.00,יחידה,false,,35.90,0.0000,true,1,21581
7290102060979,false,"אלמקס משחת שיניים למניעת עששת 100מ""ל",יבואן ומשווק: ש. שסט,PL,משחת שיניים משפחתי א,מיליליטרים,100.00,"100 מ""ל",false,,18.90,0.1890,true,1,21583
7290102062195,false,"משחת שיניים לילדים לגילאי 6-12 אלמקס 75 מ""ל",יבואן ומשווק: ש. שסט,PE,אלמקס משחת שיניים אל,מיליליטרים,75.00,"100 מ""ל",false,,15.90,0.2120,true,1,21586
7290102300822,false,גבינה צ'דר אנגלית כתומה 200 גרם,דאולי צ'יסמייקרס,GB,סיימן גבינת צדר אנגל,גרמים,200.00,100 גרם,false,,23.90,0.1195,true,1,17180
7290102300860,false,"גבינת צ'דר אנגלית לבן, 200 גרם",דאוליי צ'יסמייקרס,GB,שביק גבינת צדר אנגלי,גרמים,200.00,100 גרם,false,,23.90,0.1195,true,1,17181
7290102302246,false,גבינת גאודה הולנדית 200 גרם,מיוצר עי קונדיטוריית,NL,גבינת גאודה 200 גר',גרמים,200.00,100 גרם,false,,22.90,0.1145,true,1,17187
7290102302864,false,גבינה הולנדית עם פסטו ירוק 34%,הנרי ויליך Henri Willig,NL,גבינה הולנדית חצי קש,גרמים,200.00,100 גרם,false,,29.90,0.1495,true,1,427153
7290102302888,false,גבינת גאודה כמון 200 גרם,מיוצר עי קונדיטוריית,NL,גבינה הולנדית עם כמו,גרמים,200.00,100 גרם,false,,29.90,0.1495,true,1,427138
7290102390427,false,יוגורט ביו עם קציפת תות 3% שומן 150 ג' מולר,מולר Muller,IL,מולר פרופ תות 3% 150,גרמים,150.00,100 גרם,false,,5.30,0.0353,true,1,6444
7290102390465,false,יוגורט ביו עם קציפת אפרסק ופסיפלורה 3% שומן 150 ג' מולר,מולר Muller,IL,מולר פרופ אפרסק פסיפ,גרמים,150.00,100 גרם,false,,5.30,0.0353,true,1,6445
7290102390489,false,יוגורט ביו עם קציפת לימון 3% שומן 150 ג' מולר,מולר Muller,IL,מולר פרופ לימון 3% 1,גרמים,150.00,100 גרם,false,,5.30,0.0353,true,1,6447
7290102391844,false,יוגורט ביו עם קציפת פירות יער3% שומן 150 ג' מולר,מולר Muller,IL,מולר פרופ לבן+קציפת,גרמים,150.00,100 גרם,false,,5.30,0.0353,true,1,6454
7290102392049,false,גבינה לאפיה תבור ללא תוספת מלח 5% משק צוריאל 500 גרם,מחלבת משק צוריאל,IL,צוריאל תבור 5% 500ג,גרמים,500.00,100 גרם,false,,24.90,0.0498,true,1,6456
7290102392094,false,חלב עיזים 3.7% בקרטון משק צוריאל 1 ליטר,מילקו תעשיות בעמ,IL,צוריאל חלב עיזים 1ל,ליטרים,1.00,ליטר,false,,16.50,16.5000,true,1,6457
7290102393039,false,"יוגורט ביו קרמי מיקס פצפוצי שוקולד 7.6% מולר 170 מ""ל",קריות זול,IL,מולר מיקס בתוספת פצפ,מיליליטרים,170.00,"100 מ""ל",false,,6.20,0.0365,true,1,6473
7290102393169,false,"יוגורט סימפלי פרוט בטעם תות 3% מולר 150 מ""ל",מולר Muller,IL,מולר סימפלי פרוט תות,גרמים,150.00,100 גרם,false,,5.10,0.0340,true,1,6480
7290102393176,false,סימפלי פרוט יוגורט אפרסק 3% שומן 150 ג' מולר,מילקו תעשיות בעמ,IL,מולר סימפלי פרוט אפר,גרמים,150.00,100 גרם,false,,5.10,0.0340,true,1,6481
7290102393190,false,"יוגורט סימפלי פרוט בטעם פירות יער 3% מולר 150 מ""ל",מילקו תעשיות בעמ,IL,מולר סימפלי פרוט פיר,גרמים,150.00,100 גרם,false,,5.10,0.0340,true,1,6482
7290102393299,false,יוגורט עיזים לשתייה 3% משק צוריאל 500 גרם,מיוצר עי קוד יצרן HG,IL,צוריאל יוגורט עיזים,מיליליטרים,500.00,"100 מ""ל",false,,12.50,0.0250,true,1,6484
7290102393947,false,סימפלי פרוט יוגורט בטעם קיווי 3% שומן 150 ג' מולר,מילקו תעשיות בעמ,IL,מולר סימפלי פרוט קיו,מיליליטרים,150.00,"100 מ""ל",false,,5.10,0.0340,true,1,6490
7290102394081,false,"יוגורט ביו קרמי מיקס קורנפלקס מצופה שוקולד מולר 170 מ""ל",מילקו תעשייה בעמ,IL,מולר מיקס קורנפקלס מ,גרמים,170.00,100 גרם,false,,6.20,0.0365,true,1,6492
7290102394258,false,גליל גבינת עיזים מה עז 9% משק צוריאל 180 גרם,מחלבת משק צוריאל,IL,צוריאל מה עז 9% 180ג,גרמים,180.00,100 גרם,false,,21.90,0.1217,true,1,6494
7290102394463,false,נעם גבינה צהובה פרוסה ואקום 28% טרה 500 גרם,Unknown,IL,נעם גבינה צהובה וואק,גרמים,500.00,100 גרם,false,,28.90,0.0578,true,1,6501
7290102394821,false,נעם גבינה צהובה פרוסה 28% טרה 200 גרם,מילקו תעשיות בעמ,IL,נעם גבינה צהובה דק ד,גרמים,200.00,100 גרם,false,,17.20,0.0860,true,1,6505
7290102394845,false,נעם גבינה צהובה לייט פרוסה דק דק 9% טרה 200 גרם,מילקו תעשיות בעמ,IL,נעם גבינה צהובה דק ד,גרמים,200.00,100 גרם,false,,17.90,0.0895,true,1,6506
7290102395101,false,ממרח גבינה ושוקולד מוו טרה 200 גרם,מילקו תעשיות בעמ,IL,מוו ממרח גבינה ושוקו,גרמים,200.00,100 גרם,false,,11.90,0.0595,true,1,6509
7290102395217,false,מאגדת שמיניה מולר במתיקות מעודנת 1.2% 8*150 ג',מולר Muller,IL,מולר ביאנקו במתיקות,קילוגרמים,1.20,"ק""ג",false,,19.50,16.2500,true,1,6513
7290102395224,false,שמיניית יוגורט ביו ביאנקו 1.7% מולר 150 גרם,מולר Muller,IL,מולר נטורל 1.7% 8*15,קילוגרמים,1.20,"ק""ג",false,,18.50,15.4167,true,1,6514
7290102395231,false,שמיניית יוגורט ביו ביאנקו 2.8% מולר 150 גרם,מולר Muller,IL,מולר נטורל 2.8% 8*15,קילוגרמים,1.20,"ק""ג",false,,18.50,15.4167,true,1,6515
7290102395262,false,מארז 8 גביעים יוגורט בטעם תות שדה ואפרסק 3% Simply Fruit,מולר Muller,IL,מולר תות שדה ואפרסק,קילוגרמים,1.20,"ק""ג",false,,31.90,26.5833,true,1,6516
7290102395378,false,נעם גבינה צהובה פרוסה ואקום 28% טרה 360 גרם,טרה,IL,נעם גבינה צהובה ואקו,גרמים,360.00,100 גרם,false,,20.90,0.0581,true,1,6518
7290102395439,false,מארז 8 גביעים יוגורט בטעם פירות יער וקיווי 3% Simply Fruit,מילקו תעשיות בעמ,IL,מולר סימפלי פירות יע,קילוגרמים,1.20,"ק""ג",false,,31.90,26.5833,true,1,6520
7290102395446,false,מעדן חלב בטעם וניל עם קצפת 123 ג' טרה,Unknown,IL,מוו וניל קצפת 123מל,מיליליטרים,123.00,"100 מ""ל",false,,3.10,0.0252,true,1,6521
7290102395477,false,מעדן חלב בטעם שוקולד עם קצפת 123 ג' טרה,Unknown,IL,מוו שוקולד קצפת 123מ,מיליליטרים,123.00,"100 מ""ל",false,,3.10,0.0252,true,1,6524
7290102395521,false,"שמנת לבישול 15% שומן 500 מ""ל טרה",מילקו תעשיות בעמ,IL,טרה שמנת לבישול 15%+,מיליליטרים,500.00,"100 מ""ל",false,,17.50,0.0350,true,1,6525
7290102396399,false,שמיניית מעדן שוקולד מוו 1.5% טרה 100 גרם,Unknown,IL,מוו מעדן שוקולד 100*,גרמים,800.00,100 גרם,false,,14.20,0.0177,true,1,6542
7290102396405,false,שמיניית מעדן וניל מוו 1.5% טרה 100 גרם,Unknown,IL,מוו מעדן וניל 100*8,גרמים,800.00,100 גרם,false,,14.20,0.0177,true,1,6543
7290102396580,false,מעדן מוו שוקולד ומוס שוקולד טרה 118 גרם,טרה,IL,מוו מעדן שוקולד ומוס,גרמים,118.00,100 גרם,false,,3.10,0.0263,true,1,6551
7290102396597,false,מעדן מוו וניל ומוס שוקולד טרה 118 גרם,טרה,IL,מוו מעדן וניל ומוס ש,גרמים,118.00,100 גרם,false,,3.10,0.0263,true,1,6552
7290102396665,false,נעם גבינה צהובה דק דק 15% טרה 200 גרם,מילקו תעשיות בעמ,IL,גבנ`צ דקדק פתח סגור,גרמים,200.00,100 גרם,false,,16.90,0.0845,true,1,6555
7290102396672,false,"גבנ""צ דק דק נעם פתיחה חוזרת 9% 360 גרם",מילקו תעשיות בעמ,IL,נעם צהובה דק דק 9% 3,גרמים,360.00,100 גרם,false,,27.90,0.0775,true,1,6556
7290102396719,false,יוגורט סימפלי תות 0% מולר 150 גרם,מולר Muller,IL,מולר סימפלי פרוט תות,גרמים,170.00,100 גרם,false,,5.10,0.0300,true,1,6558
7290102396740,false,מארז 8 גביעים יוגורט בטעם תות שדה ואפרסק 0% Simply Fruit,מילקו תעשיות בעמ,IL,מולר סימפלי פרוט 0%,קילוגרמים,1.20,"ק""ג",false,,31.90,26.5833,true,1,6561
7290102397204,false,"גבנ""צ דק דק נעם פתיחה חוזרת 22% 200 גרם",מילקו תעשיות בעמ,IL,נעם צהובה דק דק 22%,גרמים,200.00,100 גרם,false,,16.90,0.0845,true,1,6582
7290102397310,false,מעדן מיני בטעם שוקולד קצפת מוו מאגדת 8 יח' * 70 ג',מילקו תעשיות בעמ,IL,מאגדת שמינייה מיני מ,מיליליטרים,944.00,"100 מ""ל",false,,12.50,0.0132,true,1,6586
7290102397334,false,גבינה בולגרית גלילית 5% משק צוריאל 250 גרם,מחלבת משק צוריאל,IL,בולגרית 5% 250 גר` ב,גרמים,250.00,100 גרם,false,,22.40,0.0896,true,1,6588
7290102397464,false,יוגורט ביו בתוספת גרעינים אגוזים וחמוציות 170 ג' מולר,מולר Muller,IL,מולר יוגורט נטורל +,גרמים,150.00,100 גרם,false,,6.20,0.0413,true,1,6597
7290102397600,false,מיקס יוגורט בתוספת שקדים ובוטנים מקורמלים 170 ג' מולר,מילקו תעשייה בעמ,IL,מולר מיקס שקדים ובוט,גרמים,168.00,100 גרם,false,,6.20,0.0369,true,1,6607
7290102397617,false,יוגורט ביו קרמי עם כדורים מצופים שוקולד חום לבן,מולר Muller,IL,מולר מיקס קליק 168 ג,גרמים,168.00,100 גרם,false,,6.20,0.0369,true,1,6608
7290102397679,false,קוטג' וחצי 5% מהדרין טרה 375 גרם,מילקו,IL,קוטג' וחצי 5% 375 גר,גרמים,375.00,100 גרם,false,,7.20,0.0192,true,1,6611
7290102397747,false,פרוסות גבינת מוצרלה נעם מחלב בקר 22%,טרה,IL,מוצרלה נעם רכיבים ט,גרמים,200.00,100 גרם,false,,19.90,0.0995,true,1,6617
7290102397891,false,גבינה מותכת משק צוריאל 100 גרם,משק צוריאל,IL,רביעייה גבינה מותכת,גרמים,100.00,100 גרם,false,,7.90,0.0790,true,1,6624
7290102398065,false,חלב טרה בקרטון 2 ליטר מהדרין 3% - מוצר בפיקוח,הפריט בפיקוח,IL,טרה חלב קרטון 3% מהד,יחידה,0.00,יחידה,false,,12.46,0.0000,true,1,6633
7290102398072,false,"חלב קרטון 3%-1 ליטר "" טרה"" -מוצר פיקוח",הפריט בפיקוח,IL,טרה חלב בקרטון 3% 1ל,ליטרים,1.00,ליטר,false,,6.23,6.2300,true,1,6634
7290102398331,false,חלב מועשר דל לקטוז 2% שומן טרה 1 ליטר,Unknown,IL,חלב מועשר 1 ליטר דל,ליטרים,1.00,ליטר,false,,7.70,7.7000,true,1,6652
7290102398553,false,משקה חלב בטעם שוקו 2% XL אריזה משפחתית,מילקו תעשיות בעמ,IL,שוקו טרה בבקבוק 1.5,ליטרים,1.50,ליטר,false,,16.90,11.2667,true,1,6666
7290102398560,false,שוקו טרה מועשר בבקבוק 1 ליטר,מילקו תעשיות בעמ,IL,שוקו טרה מועשר בבקבו,ליטרים,1.00,ליטר,false,,12.20,12.2000,true,1,6667
7290102398577,false,משקה חלב בטעם שוקו 2% בבקבוק אישי,מילקו תעשיות בעמ,IL,שוקו טרה מועשר בבקבו,מיליליטרים,250.00,"100 מ""ל",false,,5.80,0.0232,true,1,6668
7290102398614,false,משקה חלב בטעם בננה טרה 1 ליטר,מילקו תעשיות בעמ,IL,משקה חלב בטעם בננה 1,ליטרים,1.00,ליטר,false,,12.20,12.2000,true,1,6669
7290102398638,false,משקה חלב בטעם מוקה טרה 1 ליטר,מילקו תעשיות בעמ,IL,משקה חלב בטעם מוקה 1,ליטרים,1.00,ליטר,false,,12.20,12.2000,true,1,6670
7290102398669,false,משקה חלב אייס קפוצ'ינו טרה 1 ליטר,מילקו תעשיות בעמ,IL,אייס קפוצ'ינו מווו ט,ליטרים,1.00,ליטר,false,,12.20,12.2000,true,1,81508
7290102398782,false,משקה סויה קלאסי משק צוריאל 1 ליטר,מחלבת משק צוריאל,IT,משקה סויה קלאסי משק,ליטרים,1.00,ליטר,false,,9.90,9.9000,true,1,6676
7290102398805,false,משקה סויה בטעם וניל משק צוריאל 1 ליטר,מחלבת משק צוריאל,IT,משקה סויה בטעם וניל,ליטרים,1.00,ליטר,false,,9.90,9.9000,true,1,6678
7290102398836,false,משקה שקדים קלאסי משק צוריאל 1 ליטר,מחלבת משק צוריאל,IT,משקה שקדים קלאסי משק,ליטרים,1.00,ליטר,false,,12.90,12.9000,true,1,6680
7290102399048,false,פרוסות גבינת קשקבל נעם 200 ג' טרה,מילקו,IL,קשקבל נעם פתיחה חוזר,גרמים,200.00,100 גרם,false,,23.00,0.1150,true,1,6687
7290102399635,false,"מולר פרופ יוגורט ביו עם קציפת קוקוס ואננס 150 מ""ל",מולר Muller,IL,מעדן מולר פרופ קוקוס,גרמים,150.00,100 גרם,false,,5.30,0.0353,true,1,82664
7290102399697,false,סימפלי פרוט מנגו 1.5% שומן 150 ג' מולר,מילקו תעשיות בעמ,IL,מולר סימפלי פרוט 1.5,מיליליטרים,150.00,"100 מ""ל",false,,5.10,0.0340,true,1,6735
7290102399772,false,מולר ספרדבל-ממרח חמאת מולר במליחות עדינה 250 גרם,G Weihenstephan Molkerei,DE,מולר ממרח חמאה במליח,גרמים,250.00,100 גרם,false,,16.90,0.0676,true,1,79454
7290102399796,false,מעדן יוגורט לבן מועשר בחלבון 200 ג' מולר אקטיב,מולר Muller,IL,יוגורט חלבון לבן 250,גרמים,200.00,100 גרם,false,,6.20,0.0310,true,1,75435
7290102399802,false,יוגורט עם תות מולר אקטיב מועשר בחלבון 200 גר',מולר Muller,IL,יוגורט חלבון תות 20,גרמים,200.00,100 גרם,false,,6.20,0.0310,true,1,75436
7290102399819,false,יוגורט עם פירות יער מולר אקטיב מועשר בחלבון 200 גר',מולר Muller,IL,יוגורט חלבון פ.יער 2,גרמים,200.00,100 גרם,false,,6.20,0.0310,true,1,75437
7290102840182,false,פודינג שוקולד פרווה 85גר,מיה תעשיות מזון מ.ת.מ. ב,IL,פודינג שוקולד 85 ג,גרמים,85.00,100 גרם,false,,3.80,0.0447,true,1,15284
7290102840199,false,ג'לי משמש פרווה 85 גרם,מיה תעשיות מזון מ.ת.מ. ב,IL,גלי משמש 85 ג,גרמים,90.00,100 גרם,false,,3.90,0.0433,true,1,15285
7290103121600,false,"ספיד סטיק - דאודורנט ספריי לגבר 24/7 קול פיוזן 150 מ""ל",קולגייט פלמוליב,RU,ספיד סטיק ספריי -כתו,מיליליטרים,165.00,"100 מ""ל",false,,16.50,0.1000,true,1,21594
7290103124601,false,"תחליב רחצה נוזל חלב ודבש משאבה 750מ""ל פלמוליב",הנסיך- מפעל לייצור ט,TR,תחליב רחצה חלב ודבש,מיליליטרים,750.00,"100 מ""ל",false,,19.90,0.0265,true,1,21601
7290103126797,false,"קולגייט משחת שיניים סנסיטיב פרו ריליף 75 מ""ל",הנסיך- מפעל לייצור ט,BR,סנסטיב פרו רילף קולג,מיליליטרים,110.00,"100 מ""ל",false,,21.90,0.1991,true,1,21605
7290103128739,false,מקלוני כותנה לתינוק בלונס 50 יחידות,הנסיך- מפעל לייצור ט,GR,בלונס צימרוני אוזניי,יחידה,0.00,יחידה,false,,6.90,0.0000,true,1,21610
7290103129408,false,ליידי ספיד סטיק - דאודורנט סטיק לאישה פרש אסנס פריחת הפרדס 65 גרם,ליידי ספיד סטיק Lady Speed Stick,US,דאו' פריחת הפרדס ליי,גרמים,65.00,100 גרם,false,,19.30,0.2969,true,1,21617
7290103400194,false,"כרוב לבן 400 גר בד""צ ירקות שטראוס",שטראוס בריאות ירקות טריי,IL,כרוב לבן 400 ג בדצ י,גרמים,400.00,100 גרם,false,,9.30,0.0233,true,1,23422
7290103400231,false,"גזר מגורד שטראוס 400 גרם בד""צ",שטראוס בריאות ירקות טריי,IL,גזר גוליאן בדצ 400גר,גרמים,400.00,100 גרם,false,,9.30,0.0233,true,1,23423
7290103401429,false,קפה קצב ברזילאי אוריגינס 200 גר,הנסיך- מפעל לייצור ט,IL,קפה אוריגינס קצב ברז,גרמים,200.00,100 גרם,false,,19.90,0.0995,true,1,22394
7290103404758,false,סלט כרוב אדום במיונז אחלה 120 גרם,מיוצר עי קונדיטוריית,IL,אחלה כרוב אדום 120ג,גרמים,120.00,100 גרם,false,,5.50,0.0458,true,1,23427
7290103408206,false,עלי חסה ערבית שטופים שטראוס 250 גרם,שטראוס בריאות ירקות טריי,IL,עלי חסה ערבית שטופים,גרמים,250.00,100 גרם,false,,10.50,0.0420,true,1,23430
7290103700225,false,רדיד אלומניום רוחב 45 עובי 14 מיקרון,שניב תעשיות,,טאצ רדיד אלומיניום ר,יחידה,0.00,יחידה,false,,16.90,0.0000,true,1,24459
7290103700386,false,טאצ כריות יפניות מארז שישיה,"שניב תעשיות נייר בע""",IL,טאצ' כריות יפניות 6י,יחידה,0.00,יחידה,false,,9.90,0.0000,true,1,24461
7290103700393,false,טאצ' כריות יפניות עבות עם תעלות 4 יח',"שניב תעשיות נייר בע""",IL,טאצ' כריות יפניות עב,יחידה,0.00,יחידה,false,,8.90,0.0000,true,1,24462
7290103700652,false,טאצ' ספוג הפלא מארז שישייה,"שניב תעשיות נייר בע""",IL,טאצ' ספוג הפלא 6יח,יחידה,0.00,יחידה,false,,9.90,0.0000,true,1,24463
7290103700997,false,נייר טואלט לובלי 40 גלילים,,IL,לאבלי נייר טואלט 40,מטרים,716.00,מטר,false,,38.90,0.0543,true,1,24466
7290103701017,false,נייר אפייה נשלף טאצ 50 יחידות כשלפ,"שניב תעשיות נייר בע""",IL,טאצ' נייר אפייה נשלף,יחידה,0.00,יחידה,false,,9.90,0.0000,true,1,24467
7290103701093,false,טאצ' מטליות מיקרופייבר לרצפה 2 יח',"שניב תעשיות נייר בע""",IL,טאצ מטליות מקרופייבר,יחידה,0.00,יחידה,false,,13.90,0.0000,true,1,24470
7290103701130,false,טאצ' מטליות מיקרופייבר לניקוי כללי 7 יח',שניב,IL,טאצ מטליות מקרופייבר,יחידה,0.00,יחידה,false,,13.90,0.0000,true,1,24471
7290103701147,false,טאצ רדיד אלומיניום 200 מטר,שניב תעשיות,,טאצ רדידי אלומיניום,מטרים,60.90,מטר,false,,35.90,0.5895,true,1,24472
7290103701161,false,ניילון נצמד 150 מטר טאצ',שניב תעשיות,IL,טאצ נילון נצמד 150 מ,מטרים,150.00,מטר,false,,24.90,0.1660,true,1,24473
7290103702212,false,טאצ' ממחטות כיס רגיל10יח,"שניב תעשיות נייר בע""",IL,טאצ ממחטות כיס,יחידה,0.00,יחידה,false,,6.90,0.0000,true,1,24478
7290103702229,false,טאצ מפות שולחן שמינייה עבות במיוחד,"שניב תעשיות נייר בע""",,טאצ מפות עבות במיוחד,יחידה,0.00,יחידה,false,,8.90,0.0000,true,1,24479
7290103702236,false,טאצ מפות שולחן שישייה עבות במיוחד,"שניב תעשיות נייר בע""",,טאצ מפות עבות במיוחד,יחידה,0.00,יחידה,false,,8.90,0.0000,true,1,24480
7290103702298,false,טאצ' אשפתון עבה בגליל 77*90 50 יח',"שניב תעשיות נייר בע""",,טאצ אשפתון בגליל 50,יחידה,0.00,יחידה,false,,15.90,0.0000,true,1,24484
7290103702304,false,טאצ אשפתון עבה במיוחד 35 יחידות,"שניב תעשיות נייר בע""",,טאצ אשפתון בגליל 35,יחידה,0.00,יחידה,false,,15.90,0.0000,true,1,24485
7290103702328,false,טאצ אשפתון עבה וחזק במיוחד 25 יחידות,"שניב תעשיות נייר בע""",,טאצ אשפתון בגליל 25,יחידה,0.00,יחידה,false,,15.90,0.0000,true,1,24487
7290103702540,false,נייר טואלט מהדרות כדור פורח 30 גלילים טאצ',טאץ' Touch,IL,נייר טואלט 30 יח' מ,יחידה,0.00,יחידה,false,,23.90,0.0000,true,1,66139
7290103702779,false,מפיות שולחן איכותיות 150 יח',שניב,IL,מפיות אירוח טאצ` 15,יחידה,0.00,יחידה,false,,8.90,0.0000,true,1,24495
7290103703219,false,דלי מטליות לחות לניקוי כללי בניחוח לימון טאצ',,,טאצ' מטליות לחות לני,יחידה,0.00,יחידה,false,,20.90,0.0000,true,1,38136
7290103703226,false,טאצ מטליות לחות לניקוי כללי,,IL,טאצ' מטליות לחות לני,יח',50.00,יח',false,,7.90,0.1580,true,1,24500
7290103703233,false,מטליות טאצ' לחות תפוח לניקוי כללי דלי,,,טאצ' מטליות לחות לני,יחידה,0.00,יחידה,false,,20.90,0.0000,true,1,38137
7290103703240,false,טאצ' מטליות לחות לניקוי רצפות,,IL,טאצ' מטליות לחות לרי,יח',10.00,יח',false,,9.90,0.9900,true,1,24501
7290103703370,false,טאצ מגבוני טואלט לחים מארז שלישייה,,IL,טאצ' מגבוני נייר טוא,יח',3.00,יח',false,,14.90,4.9667,true,1,24502
7290103703394,false,טאצ' ניילון נצמד זוגות,,,טאצ' ניילון נצמד זוג,יחידה,0.00,יחידה,false,,9.90,0.0000,true,1,24503
7290103703455,false,טאצ' ספוג לניקוי כתמים שלישיה,שניב תעשיות נייר,IL,טאצ' ספוג מבריק הפלא,גרמים,50.00,100 גרם,false,,9.90,0.1980,true,1,24504
7290103703738,false,טאצ' מפות עבות במיוח,,,טאצ' מפות עבות במיוח,מטרים,45.00,מטר,false,,30.90,0.6867,true,1,24507
7290103703745,false,טאצ מפות עבות 45 מטר בגליל,,,טאצ' מפות עבות 45 מט,מטרים,45.00,מטר,false,,18.90,0.4200,true,1,24508
7290103703899,false,מפיות טאצ 80 יחי' צבעים כהים חד שכבתיות,,IL,מפיות טאצ' 80 יחידות,יחידה,0.00,יחידה,false,,4.90,0.0000,true,1,115211
7290103704155,false,נייר מגבת טאצ' 6 גלילים מהדורת 2021,"שניב תעשיות נייר בע""",IL,מגבות נייר 6 גלילים,מטרים,63.00,מטר,false,,10.90,0.1730,true,1,180531
7290103704162,false,נייר טואלט טאצ' 32 גלילים מהדורה 2021,"שניב תעשיות נייר בע""",IL,נייר טואלט טאצ' 32 ג,יח',0.00,יח',false,,28.90,0.0000,true,1,147571
7290103704179,false,מגבת נייר למטבח טאצ' 8 יח',,,מגבות נייר 8 גלילים,מטרים,83.00,מטר,false,,13.90,0.1675,true,1,179305
7290103704186,false,מגבות מטבח כפול טאצ`מהדורת 2021 6 יחידות,,IL,מגבות טאצ' גליל כפול,יחידה,0.00,יחידה,false,,19.90,0.0000,true,1,304682
7290103704575,false,נייר טואלט טאצ' פרימיום 48 גלילים,,,נייר טואלט טאצ' 48 י,יחידה,0.00,יחידה,false,,39.90,0.0000,true,1,147585
7290103704681,false,טאצ' שקיות קוקי גדולות 10 יח',,,שקיות קוקי 10 יח' טא,יחידה,0.00,יחידה,false,,4.90,0.0000,true,1,529860
7290103704766,false,נייר טואלט 24 גליל כפול מהדורת פרח סגול,"שניב תעשיות נייר בע""\מ",IL,נייר טואלט 24 גליל,יחידה,0.00,יחידה,false,,42.90,0.0000,true,1,467607
7290103746001,false,ממחטות טאצ' 5*100 צץ רץ (19*195),"שניב תעשיות נייר בע""",IL,ממחטות טאצ' חמישייה,יחידה,0.00,יחידה,false,,11.90,0.0000,true,1,24517
7290104005176,false,חגורות גברים,,,חגורות גברים,יחידה,0.00,יחידה,false,,19.90,0.0000,true,1,31322
7290104061417,false,סלט חומוס עם טחינה אחלה 400 גרם,"שטראוס גרופ בע""\מ",IL,אחלה חומוס טחינה 400,גרמים,400.00,100 גרם,false,,9.90,0.0248,true,1,23432
7290104061431,false,סלט חומוס עם צנובר אחלה 400 גרם,"שטראוס גרופ בע""\מ",IL,אחלה חומוס צנובר 400,גרמים,400.00,100 גרם,false,,10.90,0.0273,true,1,23434
7290104061448,false,סלט חומוס עם חריף אחלה 400 גרם,מיוצר עי קונדיטוריית,IL,אחלה חומוס חריף 400ג,גרמים,400.00,100 גרם,false,,10.90,0.0273,true,1,23435
7290104062599,false,מארז 8 יחידות מעדן גמדים בטעמי תות ובננה,"שטראוס בריאות בע""\מ",IL,גמדים תות בננה 8*100,מיליליטרים,800.00,"100 מ""ל",false,,19.80,0.0248,true,1,23436
7290104065187,false,אבקה להכנת משקה קפה בטעם מוקה,STRAUSS-ISRAEL,IL,קפה נמס עלית בטעם מו,גרמים,200.00,100 גרם,false,,19.90,0.0995,true,1,22422
7290104065934,false,עלי רוקט שטראוס 150 גרם,שטראוס בריאות ירקות טריי,IL,שטראוס עלי רוקט 150ג,גרמים,150.00,100 גרם,false,,10.50,0.0700,true,1,23437
7290104066566,false,טחינה משומשום מלא אח,מיוצר עי קונדיטוריית,IL,אחלה טחינה 500ג,גרמים,500.00,100 גרם,false,,14.40,0.0288,true,1,23439
7290104067693,false,אחלה חומוס עם חריף 150 גרם,מיוצר עי קונדיטוריית,IL,אחלה חומוס עם חריף 1,גרמים,150.00,100 גרם,false,,5.90,0.0393,true,1,23442
7290104068539,false,מאסט פליפטופ מלון ואבטיח ללא גרעינים,"שטראוס גרופ בע""מ",IL,מאסט מלון ואבטיח 28ג,גרמים,28.00,100 גרם,false,,4.10,0.1464,true,1,22428
7290104068546,false,גומי מאסט בטעם לימון קולה ללא סוכר 28 ג' עלית,"שטראוס גרופ בע""מ",IL,מאסט קולה 28 גרם,גרמים,28.00,100 גרם,false,,4.10,0.1464,true,1,22429
7290104500572,false,אפרופו חטיף תירס איטליאנו אסם 50 גרם,מיוצר עי קונדיטוריית,IL,אפרופו איטלקי 36*50ג,גרמים,50.00,100 גרם,false,,5.00,0.1000,true,1,18857
7290104501661,false,אינסטנט פודינג בטעם וניל צרפתי אסם 80 גרם,מיוצר עי קונדיטוריית,IL,אסם פודינג בטעם וניל,גרמים,80.00,100 גרם,false,,5.50,0.0688,true,1,18858
7290104504228,false,מיני דובונים אסם 100 גרם מארז 5 יחידות,"אסם השקעות בע""\מ",IL,דובונים קדמ.מארז אחי,גרמים,100.00,100 גרם,false,,13.90,0.1390,true,1,18863
7290104508202,false,גביעי גלידה אמריקאים אסם 120 גרם 24 יחידות,"גילרו בע""מ",IL,גביעי גלידה אמריקאים,גרמים,120.00,100 גרם,false,,12.90,0.1075,true,1,18870
7290104508943,false,במבה חטיף בוטנים אסם 200 גרם,"אסם השקעות בע""\מ",IL,במבה קלאסי 18*200 גר,גרמים,200.00,100 גרם,false,,8.90,0.0445,true,1,18872
7290104570131,false,תמר מג'הול ששון ושות,אושן ספריי,IL,"תמר מג'הול 1 ק""ג",קילוגרמים,1.00,"ק""ג",false,,17.90,17.9000,true,1,42940
7290104570162,false,תמרים כבושים 500גרם בית שאן,תמר העמקים בית שאן,IL,תמר כבוש 500 גרם,גרמים,500.00,100 גרם,false,,9.90,0.0198,true,1,42941
7290104720499,false,מארז 8 יחידות מעדן דני בטעם וניל 1.5%,מיוצר עי קונדיטוריית,IL,מארז דני וניל 8*125,מיליליטרים,125.00,"100 מ""ל",false,,14.90,0.1192,true,1,23444
7290104721533,false,רצועות פלפלים קלויים אחלה 400 ג',מיוצר עי קונדיטוריית,IL,אחלה פלפלים קלויים 4,גרמים,400.00,100 גרם,false,,15.90,0.0398,true,1,23446
7290104721762,false,מארז שלשות קפה טורקי עלית 85 ג',שטראוס גרופ,IL,טורקי עלית 3*85 גר'.,גרמים,255.00,100 גרם,false,,18.90,0.0741,true,1,22433
7290104721953,false,לקט מסולסלים ירקות שטראוס 350 גרם,שטראוס בריאות ירקות טריי,IL,לקט מסולסלים ירקות 3,גרמים,350.00,100 גרם,false,,13.50,0.0386,true,1,23447
7290104722530,false,תפוצ'יפס בטעם שמנת בצל עלית 200 גרם,"שטראוס פריטו ליי בע""\מ )",IL,תפוציפס שמנת בצל 200,גרמים,200.00,100 גרם,false,,10.90,0.0545,true,1,24224
7290104726262,false,רביעייה מעדן דני שוקולד דיסני לבנים 125 גרם,מיוצר עי קונדיטוריית,IL,דני שוקולד לשתייה מא,מיליליטרים,500.00,"100 מ""ל",false,,11.40,0.0228,true,1,23454
7290104726712,false,מארז 8 יחידות מעדן מילקי בטעם שוקולד עם קצפת,"שטראוס גרופ בע""\מ",IL,מילקי שמינייה מארז 8,קילוגרמים,1.06,"ק""ג",false,,20.90,19.7170,true,1,23455
7290104728310,false,"שמנת מתוקה עמידה 38% שומן ""יטבתה"" -מוצר בפיקוח",שטראוס גרופ,IL,יטבתה שמנת עמידה לקצ,מיליליטרים,250.00,"100 מ""ל",false,,6.47,0.0259,true,1,23460
7290104960239,false,"תחליב רחצה נקה 7 ארומה לבן 750 מ""ל",טרופיקל דגיל תעשיות קוסמ,IL,תחליב רחצה קמומיל נק,מיליליטרים,750.00,"100 מ""ל",false,,11.90,0.0159,true,1,30466
7290104960338,false,"נקה 7 תחליב רחצה ארומה אלוורה ותה ירוק 750מ""ל",טרופיקל דגיל תעשיות קוסמ,IL,תחליב רחצה אלוורה ות,מיליליטרים,750.00,"100 מ""ל",false,,11.90,0.0159,true,1,30469
7290104961540,false,דאודורנט ספריי גוף טיטניום מטאל Titanium Metal,אמיליה קוסמטיקס,IL,טיטניום דאודורנט ספר,מיליליטרים,150.00,"100 מ""ל",false,,11.90,0.0793,true,1,30489
7290104961878,false,"שמפו לשיער קרטין אינטנס פורמולה 400 מ""ל נטורל",נטורל פורמולה Natural Formula,IL,קרטין אינטנס שמפו נט,מיליליטרים,400.00,"100 מ""ל",false,,30.90,0.0772,true,1,30491
7290104961892,false,מסכת קרטין טהור לשיער שעבר החלקה או עיצוב בחום,נטורל פורמולה Natural Formula,IL,מסכת קרטין אינטנס נט,מיליליטרים,350.00,"100 מ""ל",false,,39.90,0.1140,true,1,30493
7290104962073,false,דאודורנט ספריי גוף טיטניום גולד Titanium Gold,"אמיליה קוסמטיקס בע""מ",IL,דאו' ספריי גולד טיטנ,מיליליטרים,180.00,"100 מ""ל",false,,15.90,0.0883,true,1,30501
7290104963223,false,סופטקר - אל סבון עדין לתינוק לעור רגיש 1 ליטר,קוסמופארם בע'\'\מ,IL,סופטקר אלסבון קלאסי,יחידה,0.00,יחידה,false,,17.90,0.0000,true,1,30534
7290104963650,false,נקה 7 שמפו אל דמע סופטקר 1 ליטר,קוסמופארם בע'\'\מ,IL,סופטקר שמפו אלדמע 1,ליטרים,1.00,ליטר,false,,17.90,17.9000,true,1,30536
7290104964350,false,אל סבון עשיר בלחות בניחוח פרחי מים - מארז 3 יח',נקה 7,IL,סבון נוזלי פרחי מים,ליטרים,1.50,ליטר,false,,19.90,13.2667,true,1,30551
7290104965654,false,קרליין נושם דאו סטיק סוויט קיס לנערות 50,מיוצר עי : אמיליה קוסמטי,IL,דאודורנט סטיק נושם ל,מיליליטרים,50.00,"100 מ""ל",false,,14.90,0.2980,true,1,231697
7290105180209,false,בקבוק שלישיה גדול איכותי ועמיד במיוחד סדרות שונות,אריסטוקרט,IL,שלישיית בקבוקים ללא,יחידה,0.00,יחידה,false,,18.00,0.0000,true,1,1258
7290105180377,false,מוצץ סיליקון צבעוני רביעייה בינוני-מרכז,אריסטוקרט,TH,מוצץ סיליקון שלישייה,יחידה,0.00,יחידה,false,,16.00,0.0000,true,1,1274
7290105180384,false,מוצץ סיליקון צבעוני שלישייה גדול,אריסטוקרט,TH,מוצץ סיליקון שלישייה,יחידה,0.00,יחידה,false,,16.00,0.0000,true,1,1275
7290105360250,false,קפסולות 09 עשיר וארומטי למכונת נספרסו עלית 10יח',הנסיך- מפעל לייצור ט,IL,עלית קפסולות מקיאטו,גרמים,50.00,100 גרם,false,,16.90,0.3380,true,1,22450
7290105360328,false,קפסולות אספרסו חזק למכונות נספרסו 10 יח',הנסיך- מפעל לייצור ט,IL,עלית קפסולות אספרסו,גרמים,50.00,100 גרם,false,,16.90,0.3380,true,1,22451
7290105360335,false,קפסולות אספרסו למכונות נספרסו 50 גר,הנסיך- מפעל לייצור ט,IL,עלית קפסולות אספרסו,גרמים,50.00,100 גרם,false,,16.90,0.3380,true,1,22452
7290105360755,false,"שמן זית 3 חזק 750 מ""ל יד מרדכי",מכוורת יד מרדכי שטראוס ב,IL,שמן זית 3 חזק כתית י,מיליליטרים,750.00,"100 מ""ל",false,,33.90,0.0452,true,1,22455
7290105360762,false,"שמן זית 1 עדין 750 מ""ל יד מרדכי",מכוורת יד מרדכי שטראוס ב,IL,שמן זית 1 עדין כתית,מיליליטרים,750.00,"100 מ""ל",false,,33.90,0.0452,true,1,22456
7290105360878,false,תפוציפס טבעי 50 גרם מארז רביעייה,"שטראוס פריטו ליי בע""\מ )",IL,תפוציפס מארז 4*50ג,גרמים,200.00,100 גרם,false,,11.90,0.0595,true,1,24233
7290105362339,false,"שמנת לבישול 15% 250 מ""ל יטבתה מהדרין",שטראוס גרופ,IL,יטבתה שמנת לבישול 15,מיליליטרים,250.00,"100 מ""ל",false,,8.40,0.0336,true,1,23465
7290105363602,false,מקלות כיף כף קלאסי עלית 40 גרם,שולן צ'\יקולטה גידה סאן.,TR,כיף כף מקלות קלאסי 4,גרמים,40.00,100 גרם,false,,5.20,0.1300,true,1,22461
7290105364289,false,מקלות כיף כף פצפוצים עלית 40 גרם,שולן צ'\יקולטה גידה סאן.,TR,כיף כף מקלות פצפוצים,גרמים,40.00,100 גרם,false,,5.20,0.1300,true,1,22462
7290105364302,false,"עלית חטיף שוקולד כיף כף מקלות אגוזים, 40 גרם",שולן צ'\יקולטה גידה סאן.,TR,כיף כף מקלות אגוזים,גרמים,42.00,100 גרם,false,,5.20,0.1238,true,1,22463
7290105366023,false,סלט חצילים בטעם כבד אחלה 400 גרם,מיוצר עי קונדיטוריית,IL,אחלה חציל בטעם כבד 4,גרמים,400.00,100 גרם,false,,15.90,0.0398,true,1,23468
7290105366047,false,טחינה לבנה אחלה 400 גרם,מיוצר עי קונדיטוריית,IL,אחלה טחינה לבנה 400ג,גרמים,400.00,100 גרם,false,,15.90,0.0398,true,1,23470
7290105368225,false,חומוס עם פלפל שיפקה אחלה 400 ג',מיוצר עי קונדיטוריית,IL,אחלה חומוס פלפל שיפק,גרמים,400.00,100 גרם,false,,10.90,0.0273,true,1,23484
7290105368331,false,מעדן מילקי בטעם תות עם קצפת,מחלבת אחיהוד,IL,"מילקי תות 170 מ""ל",מיליליטרים,170.00,"100 מ""ל",false,,3.00,0.0176,true,1,23486
7290105368904,false,"שמנת מתוקה להקצפה 32% שומן 250 מ""ל יוטבתה",שטראוס גרופ,IL,יטבתה שמנת עמידה לקצ,מיליליטרים,250.00,"100 מ""ל",false,,7.90,0.0316,true,1,23495
7290105368928,false,"שמנת 9% שומן 200 מ""ל יוטבתה",שטראוס גרופ,IL,יטבתה שמנת 9% 200מל,מיליליטרים,200.00,"100 מ""ל",false,,3.10,0.0155,true,1,23496
7290105369130,false,סימפוניה גבינת שמנת בצל ירוק 5% שטראוס 200 גרם,"שטראוס בריאות בע""\מ",IL,סימפוניה שטראוס בצל,גרמים,200.00,100 גרם,false,,10.00,0.0500,true,1,23499
7290105430458,false,תחליב רחצה מועשר בשקדים וקרם לחות Naturals משאבה,הנסיך- מפעל לייצור ט,TR,תחליב רחצה שקדים משא,מיליליטרים,750.00,"100 מ""ל",false,,19.90,0.0265,true,1,21621
7290105430496,false,ליידי ספיד סטיק סטיינגארד ספריי,קולגייט-פלמוליב,RU,ספיד סטיק ספריי סטיי,מיליליטרים,65.00,"100 מ""ל",false,,16.50,0.2538,true,1,21625
7290105434067,false,ספיד סטיק - דאודורנט סטיק לגבר XL אושן סרף 85 גרם,קולגייט פלמוליב,US,ספיד סטיק כחול אושיי,גרמים,85.00,100 גרם,false,,19.90,0.2341,true,1,21645
7290105500151,false,וודקה פינלנדיה בקבוק,"אלטיה קורפ, הלסינקי,",FI,וודקה פינלנדיה 700 מ,מיליליטרים,700.00,"100 מ""ל",false,,60.90,0.0870,true,1,13396
7290105500236,false,וויסקי ג'ק דניאלס מס' 7 Brand No,ג'ק דניאלס Jack Daniel's,US,גק דניאלס וויסקי 700,מיליליטרים,700.00,"100 מ""ל",false,,99.90,0.1427,true,1,13397
7290105500953,false,"וויסקי ג'ק דניאלס דבש 700 מ""ל",ג'ק דניאל'ס,BE,ג'ק נדיאלס וויסקי דב,מיליליטרים,700.00,"100 מ""ל",false,,99.90,0.1427,true,1,13401
7290105691248,false,אסם חטיפי פריכונים טורטייה תירס 60 גרם,"פרח תעשיות מזון בע""מ.",IL,חטיפי פריכונים טורטי,גרמים,60.00,100 גרם,false,,7.50,0.1250,true,1,18884
7290105691897,false,קוסקוס עם חיטה מלאה אסם 350 גרם,"מיוצר ע""י קוד יצרן K",IL,קוסקוס עם חיטה מלאה,גרמים,350.00,100 גרם,false,,8.90,0.0254,true,1,18889
7290105693341,false,מארז עשיריית במבה אסם 25*10 גרם,"אסם השקעות בע""\מ",IL,במבה מאח.15 10*25גרם,גרמים,250.00,100 גרם,false,,14.90,0.0596,true,1,18898
7290105693457,false,עוגת הבית דמקה שוקו וניל אסם 320 גרם,מיוצר עי קונדיטוריית,IL,עוגת הבית דמקה שוקו,גרמים,320.00,100 גרם,false,,11.90,0.0372,true,1,18899
7290105695024,false,פתיתים אפויים אורז עם אטריות אסם 500 גרם,"אסם השקעות בע""\מ",IL,פתיתים אפויים אורז ע,גרמים,500.00,100 גרם,false,,6.90,0.0138,true,1,18907
7290105695321,false,עוגת הבית בראוניס פאדג' אסם 380 גרם,מיוצר עי קונדיטוריית,IL,הבית עוגות בראוניס פ,גרמים,380.00,100 גרם,false,,15.90,0.0418,true,1,18910
7290105808554,false,כובע הלו קיטי,,,כובע הלו קיטי,יחידה,0.00,יחידה,false,,19.90,0.0000,true,1,31329
7290105962331,false,סחוג תימני אדום חריף מאוד זהבי הכרם 220 גרם,קריניסה ויטמין אס אי,IL,סחוג חריף מאוד זהבי,גרמים,220.00,100 גרם,false,,10.90,0.0495,true,1,23501
7290105964564,false,סלט חומוס אחלה 400גר,מיוצר עי קונדיטוריית,IL,אחלה חומוס אחלה 400ג,גרמים,400.00,100 גרם,false,,8.20,0.0205,true,1,23506
7290105965738,false,יוגורט לשתיה בטעם תות בננה267 ג' דנונה,מיוצר עי קונדיטוריית,IL,דנונה משקה תות בננה,גרמים,267.00,100 גרם,false,,4.90,0.0184,true,1,23512
7290105966469,false,"חומץ בלסמי ממודנה יד מרדכי 250 מ""ל",אצטייה ג'וזפה קרמוני,IT,חומץ בלסמי יד מרדכי,גרמים,250.00,100 גרם,false,,13.90,0.0556,true,1,22495
7290105968098,false,"סלט קולסלאו 500 גרם ""אחלה""",שטראוס גרופ סלטים,IL,אחלה קולסלאו 500ג,גרמים,500.00,100 גרם,false,,15.90,0.0318,true,1,23518
7290105968654,false,רביולי בטטה פרווה פסטה נונה 400 ג',מיוצר עי קונדיטוריית,IL,שטראוס רביולי בטטה 4,גרמים,400.00,100 גרם,false,,16.90,0.0422,true,1,23519
7290106520066,false,"רבע לשבע שוקולד חלב במילוי אגוזים עלית 160 גרם בד""צ","הגביע מוצרי וופלים בע""\מ",IL,רבע לשבע 160 גרם,גרמים,160.00,100 גרם,false,,9.80,0.0613,true,1,22502
7290106520912,false,"שמנת 9% לבישול יטבתה 250 מ""ל מהדרין",שטראוס גרופ,IL,יטבתה שמנת לבישול 9%,מיליליטרים,250.00,"100 מ""ל",false,,8.40,0.0336,true,1,23530
7290106521049,false,אחלה טעמי השוק קוביות סלק 400 גר,מיוצר עי קונדיטוריית,IL,אחלה קוביות סלק 400,גרמים,400.00,100 גרם,false,,15.90,0.0398,true,1,23532
7290106521926,false,קפה טורקי בצלופן עלית 150 גרם,שטראוס קפה בי.ויn\.,IL,קפה טורקי עלית 150 ג,גרמים,150.00,100 גרם,false,,12.90,0.0860,true,1,22510
7290106524439,false,"תפוצ'יפס פופס 60 גרם ""עלית""","שטראוס פריטו ליי בע""\מ )",IL,תפוציפס פופס 60 גרם,גרמים,60.00,100 גרם,false,,3.90,0.0650,true,1,24243
7290106525320,false,אבקת שוקולית לאפייה קופסא 500ג' עלית,הנסיך- מפעל לייצור ט,IL,שוקולית לאפיה 500גר,גרמים,500.00,100 גרם,false,,14.90,0.0298,true,1,22517
7290106525405,false,קפסולות למכונת נספרסו נטול קפאין,שטראוס קפה בי.וי.,IL,עלית קפסולות נטול למ,גרמים,50.00,100 גרם,false,,16.90,0.3380,true,1,22520
7290106526822,false,פריכיות אורז חום מלא תחתית שוקולד חלב 80 גרם,"טחנת האבן תעשיות בע""",IL,פריכיות עם תחתית שוק,גרמים,80.00,100 גרם,false,,8.30,0.1038,true,1,22527
7290106528567,false,"דוריטוס גריל 185 גרם ""עלית""","שטראוס פריטו ליי בע""\מ )",IL,דוריטוס גריל 185 גר`,גרמים,185.00,100 גרם,false,,8.20,0.0443,true,1,24249
7290106528628,false,"דוריטוס טבעי 185 גרם ""עלית""","שטראוס פריטו ליי בע""\מ )",IL,דוריטוס טבעי 185 גר`,גרמים,185.00,100 גרם,false,,8.20,0.0443,true,1,24250
7290106528949,false,לקט ערוגות 450 גרם שטראוס,שטראוס בריאות ירקות טריי,IL,לקט ערוגות,גרמים,450.00,100 גרם,false,,12.10,0.0269,true,1,23539
7290106571921,false,עוגיות פיטנס עוגיות חמוציות 180 גר',מיוצר עי קונדיטוריית,IL,פיטנס עוגיות חמוציות,גרמים,180.00,100 גרם,false,,11.90,0.0661,true,1,18928
7290106572027,false,אוסם - לחמית חמישה דגנים 190 גרם,"אסם השקעות בע""\מ",IL,לחמית חמישה דגנים אס,גרמים,190.00,100 גרם,false,,8.90,0.0468,true,1,18930
7290106572065,false,חטיפי פריכונים טורטיה חמוץ מתוק 60 גרם,"פרח תעשיות מזון בע""מ",IL,טורטיה בטעם תירס חמו,גרמים,60.00,100 גרם,false,,7.50,0.1250,true,1,18931
7290106572959,false,מארז אפרופו חטיף תירס 5 יחידות,"אסם השקעות בע""\מ",IL,אפרופו קלאסי מאח.8 5,גרמים,75.00,100 גרם,false,,12.90,0.1720,true,1,18935
7290106573598,false,צבר חומוס לבנוני 400 גרם,סלטי צבר,IL,צבר חומוס לבנוני 400,גרמים,400.00,100 גרם,false,,11.90,0.0298,true,1,19923
7290106573628,false,צבר חומוס עם טחינה 400 גרם,סלטי צבר,IL,צבר חומוס עם טחינה 4,גרמים,400.00,100 גרם,false,,11.90,0.0298,true,1,19924
7290106573642,false,חומוס צנוברים צבר 400 גרם,סלטי צבר,IL,צבר חומוס צנובר 400,גרמים,400.00,100 גרם,false,,11.90,0.0298,true,1,19925
7290106574793,false,עוגת הבית בטעם שוקו-שוקוצ'יפס 350 ג' אסם,מיוצר עי קונדיטוריית,IL,עוגת הבית שוקו שוקוצ,גרמים,350.00,100 גרם,false,,11.90,0.0340,true,1,18950
7290106574953,false,בייגלה שטוחים כעכים שטוחים עם שומשום,מיוצר עי קונדיטוריית,IL,אסם בייגלה שטוחים שו,גרמים,300.00,100 גרם,false,,10.90,0.0363,true,1,18951
7290106574977,false,בייגלה שטוחים כעכים שטוחים עם מלח,מיוצר עי קונדיטוריית,IL,אסם בייגלה שטוחים עם,גרמים,300.00,100 גרם,false,,10.90,0.0363,true,1,18952
7290106575011,false,פתיתים אפויים קוסקוס מחיטה מלאה אסם 400 גרם,"אסם השקעות בע""\מ",IL,פתיתים אפויים חיטה מ,גרמים,400.00,100 גרם,false,,6.90,0.0173,true,1,18953
7290106575257,false,עוגת הבית סופלה בטעם שוקולד 340 ג' אסם,מיוצר עי קונדיטוריית,IL,עוגת הבית סופלה בטעם,גרמים,340.00,100 גרם,false,,11.90,0.0350,true,1,18955
7290106575431,false,עוגת הבית סופלה בטעם שוקוניל 340 ג' אסם,מיוצר עי קונדיטוריית,IL,עוגת הבית סופלה בטעם,גרמים,340.00,100 גרם,false,,11.90,0.0350,true,1,18959
7290106576513,false,סלט חומוס צבר 400 גר,סלטי צבר,IL,צבר חומוס 400 גרם,גרמים,400.00,100 גרם,false,,8.90,0.0223,true,1,19929
7290106576537,false,חומוס מסעדות צבר 700 גרם,סלטי צבר,IL,צבר חומוס מסעדה 700,גרמים,700.00,100 גרם,false,,10.90,0.0156,true,1,19930
7290106576797,false,"לה קרמריה גלידת וניל איטלקי כשל""פ 1.4ל'",תות תעשיות מזון (201,IL,לה קרמריה וניל איטלק,ליטרים,1.40,ליטר,false,,22.90,16.3571,true,1,16147
7290106576810,false,גלידה לה קרמריה ריבת חלב 1.4 ל' נסטלה,לה קרמריה- נסטלה,IL,לה קרמריה ריבת חלב 1,ליטרים,1.40,ליטר,false,,22.90,16.3571,true,1,16148
7290106576834,false,גלידה לה קרמריה פונטש בננה1.4 ל' נסטלה,תות תעשיות מזון (201,IL,גלידה קרמריה פונטש ב,ליטרים,1.40,ליטר,false,,22.90,16.3571,true,1,16149
7290106576858,false,גלידה לה קרמריה תותים בשמנת 1.4 ל' נסטלה,גלידות נסטלה )נגה גלידות,IL,גלידה קרמריה תותים ב,ליטרים,1.40,ליטר,false,,22.90,16.3571,true,1,16150
7290106576919,false,גלידה קרמריה סורבה תות לימון 1.4 ליטר,גלידות נסטלה )נגה גלידות,IL,גלידה קרמריה סורבה ת,ליטרים,1.40,ליטר,false,,22.90,16.3571,true,1,16152
7290106576957,false,"לה קרמריה גלידת שוקו וניל פליק פרווה כשל""פ 1.4",תות תעשיות מזון (201,IL,גלידה קרמריה פרווה ש,ליטרים,1.40,ליטר,false,,22.90,16.3571,true,1,16154
7290106576971,false,גלידה לה קרמריה שוקולד בלגי 1.4 ל' נסטלה,תות תעשיות מזון (201,IL,לה קרמריה שוקולד בלג,ליטרים,1.40,ליטר,false,,22.90,16.3571,true,1,16155
7290106576995,false,גלידה סורבה לה קרמריה תות מנגו לייט 1.4 ל' נסטלה,גלידות נסטלה )נגה גלידות,IL,לה קרמריה לייט סורבה,ליטרים,1.40,ליטר,false,,22.90,16.3571,true,1,16156
7290106577039,false,גלידה לה קרמריה שוקו וניל פליק 1.4 ל' נסטלה,תות תעשיות מזון (201,IL,לה קרמריה שוקו וניל,ליטרים,1.40,ליטר,false,,22.90,16.3571,true,1,16157
7290106577527,false,סלט קולסלאו כרוב לבן וגזר 400 ג' צבר,סלטי צבר,IL,צבר מרובע קולסלו 400,גרמים,400.00,100 גרם,false,,12.90,0.0323,true,1,19936
7290106577541,false,כרוב אדום מרובע 400 ג' צבר,סלטי צבר,IL,צבר מרובע כרוב אדום,גרמים,400.00,100 גרם,false,,12.50,0.0313,true,1,19937
7290106577572,false,מטבוחה אמיתית מרובע 400 ג' צבר,סלטי צבר,IL,צבר מרובע מטבוחה 40,גרמים,400.00,100 גרם,false,,12.90,0.0323,true,1,19938
7290106578692,false,ביסלי במבה מיקס מהדורת אליפות אסם 80 גרם,פרו מן יו פתרונות אר,IL,במבה ביסלי מיקס 36*8,גרמים,80.00,100 גרם,false,,4.50,0.0563,true,1,18974
7290106578821,false,עוגת הבית שמרים קלאסית שוקולד אסם 350 גרם,מיוצר עי קונדיטוריית,IL,עוגת הבית שמרים קלאס,גרמים,350.00,100 גרם,false,,16.90,0.0483,true,1,18975
7290106639812,false,כוס אפרופו,,,כוס אפרופו,יחידה,0.00,יחידה,false,,6.90,0.0000,true,1,289839
7290106652996,false,מקלות כיף כף קוקוס עלית 40 גרם,סולן בעבור שטראוס,TR,כיף כף מקלות קוקוס 4,גרמים,40.00,100 גרם,false,,5.20,0.1300,true,1,581200
7290106654099,false,מילקי CAKE עוגות אישיות במילוי קרם חלב,בובארד איטליה אס.פי.איי,IT,עוגות אישיות מילקי ק,גרמים,272.00,100 גרם,false,,20.70,0.0761,true,1,23543
7290106656734,false,"עוגיות חיוכים וניל עלית 600 גרם בד""צ",אפיפית נצרת תעשיות ב,IL,"חיוכים וניל בד""צ 600",גרמים,600.00,100 גרם,false,,17.90,0.0298,true,1,22554
7290106658479,false,עלית וופל בטעם טורטית אגוזים 40ג,"שטראוס גרופ בע""\מ",IL,עלית וופל בטעם טורטי,גרמים,40.00,100 גרם,false,,3.90,0.0975,true,1,22559
7290106663503,false,קונפיטורה לייט תות יד מרדכי 230 גרם,אף.סי תבליני בגליל ב,IL,קונפיטורת לייט תות 2,גרמים,230.00,100 גרם,false,,11.90,0.0517,true,1,22594
7290106666788,false,עלית - סוכריות נוסטלגיה דבש ממולאות 80 גרם,שטראוס גרופ,PL,סוכריות נוסטלגיה דבש,גרמים,80.00,100 גרם,false,,6.20,0.0775,true,1,22612
7290106667266,false,"דוריטוס חמוץ חריף 185 גרם ""עלית""","שטראוס פריטו ליי בע""\מ )",IL,דוריטוס חמוץ חריף 18,גרמים,185.00,100 גרם,false,,8.20,0.0443,true,1,24303
7290106668577,false,"מיץ לימון טיבעי 250 מ""ל יד מרדכי",האי נאם סי או אל.טי.,IT,מיץ לימון טבעי יד מר,מיליליטרים,250.00,"100 מ""ל",false,,7.80,0.0312,true,1,22618
7290106668713,false,יוגורט עם פירות יער 3% שומן 150 ג' דנונה,מיוצר עי קונדיטוריית,IL,דנונה פירות יער3% 15,מיליליטרים,150.00,"100 מ""ל",false,,4.10,0.0273,true,1,23579
7290106669857,false,קפסולות אספרסו בטעם וניל עלית 10 יחידות,הנסיך- מפעל לייצור ט,IL,עלית קפסולות בטעם ונ,גרמים,50.00,100 גרם,false,,16.90,0.3380,true,1,22631
7290106720626,false,צ'יטוס קראנצ' בטעם גבינה - חלבי,"שטראוס פריטו ליי בע""\מ )",IL,ציטוס גבינה 80 גרם,גרמים,80.00,100 גרם,false,,4.90,0.0613,true,1,24306
7290106721913,false,מסטיק מאסט MUST ללא סוכר בטעם מנטה מרעננת,"שטראוס גרופ בע""מ",IL,מאסט צנצנת ריח פה צ',גרמים,66.00,100 גרם,false,,10.50,0.1591,true,1,22645
7290106721920,false,צנצנת מסטיק מאסט בטעם ספירמינט עדין 66 ג' עלית,"שטראוס גרופ בע""\מ.",IL,מאסט צנצנת ספירמינט,גרמים,66.00,100 גרם,false,,10.50,0.1591,true,1,22646
7290106723689,false,עלי תרד בייבי שטראוס 200 גרם,שטראוס בריאות ירקות טריי,IL,שטראוס תרד בייבי 200,גרמים,200.00,100 גרם,false,,10.40,0.0520,true,1,23586
7290106725867,false,"סירופ מייפל טבעי 189 מ""ל ""יד מרדכי""",קוסלסי פוד,CA,יד מרדכי סירופ מייפל,מיליליטרים,189.00,"100 מ""ל",false,,30.90,0.1635,true,1,22681
7290106725874,false,"סירופ מייפל טבעי 236 מ""ל ""יד מרדכי""",יד מרדכי,CA,יד מרדכי סירופ מייפל,מיליליטרים,236.00,"100 מ""ל",false,,39.90,0.1691,true,1,22682
7290106727984,false,"כיף כף פצפצים בגביע 135 גרם ""עלית""",שולן צ'\יקולטה גידה סאן.,TR,כיף כף פצפצים 135 גר,גרמים,135.00,100 גרם,false,,10.40,0.0770,true,1,22685
7290106729650,false,יוגורט עם תות מאגדת 8 יח' * 150ג' דנונה,"שטראוס גרופ בע""\מ",IL,דנונה יוגורט תות 8יח,קילוגרמים,1.20,"ק""ג",false,,26.10,21.7500,true,1,23611
7290107280013,false,"חמישיית מגבונים ל.מבושם ""ליטופים""",טרופיקל דגיל קוסמטיק,IL,ליטופים מגבונים ללא,יחידה,0.00,יחידה,false,,18.90,0.0000,true,1,30562
7290107280020,false,שלישיית מטליות לחות לניקוי כללי סנו סושי 50 יחידות,טרופיקל דגיל- תעשיות,IL,סנו סושי מגבונים לני,יחידה,0.00,יחידה,false,,19.90,0.0000,true,1,30563
7290107280068,false,סנו סושי תבנית אלומיניום ענק א.לארג 2 יח,סנו מפעלי ברונוס בעמ,CN,2 תבניות אלומיניום X,יחידה,0.00,יחידה,false,,9.90,0.0000,true,1,30566
7290107280082,false,מארז 7 תבניות אלומיניום מוארכות לאפייה אינגליש קייק,סנו מפעלי ברונוס בעמ,CN,7 תבניות אינגליש קיי,יחידה,0.00,יחידה,false,,9.90,0.0000,true,1,30568
7290107280112,false,נייר טואלט סופט סילק 24 גליל,"סנו מפעלי ברונוס בע""\מ",IL,סנו סופט נייר טואלט,מטרים,441.00,מטר,false,,25.90,0.0587,true,1,30571
7290107280389,false,"סנו - ג'ט מרסס לניקוי בחדר האמבטיה 750 מ""ל","איי, בי, אינבוו",IL,סנו ג'ט מתז לאמבט 75,מיליליטרים,750.00,"100 מ""ל",false,,12.90,0.0172,true,1,30577
7290107280396,false,"סנו - ג'ט מרסס לניקוי יסודי במטבח 750 מ""ל","סנו מפעלי ברונוס בע""",IL,סנו ג'ט מתז למטבח 75,מיליליטרים,750.00,"100 מ""ל",false,,12.90,0.0172,true,1,30578
7290107280563,false,ג'ל אוקסיג'ן בייבי סנו 3 ליטר,"איי, בי, אינבוו",IL,סנו ג'ל אוקסיג'ן ביי,ליטרים,3.00,ליטר,false,,30.90,10.3000,true,1,30587
7290107280570,false,סנו - מקסימה ג'ל כביסה מרוכז לכביסה צבעונית 3 ליטר,מיוצר עי קונדיטוריית,IL,מקסימה ג'ל כביסה מיק,ליטרים,3.00,ליטר,false,,33.90,11.3000,true,1,30588
7290107280587,false,שלישיית סנובון מוצק דאבל אקשן פריחה ורודה 55 גרם,סנו מפעלי ברונו בעמ,IL,סנובון דאבל אקשן בני,גרמים,165.00,100 גרם,false,,11.90,0.0721,true,1,30589
7290107280600,false,טבליות למדיח סנו ספארק 100 טבליות במארז,גרופה אינקו,PL,סנו ספארק טבליות למד,יחידה,0.00,יחידה,false,,60.90,0.0000,true,1,30591
7290107280709,false,"סנו ספארק נוזל הברקה למדיח 700 מ""ל","סנו מפעלי ברונוס בע""\מ",IL,סנו ספארק נוזל הברקה,מיליליטרים,700.00,"100 מ""ל",false,,14.90,0.0213,true,1,30597
7290107280716,false,מלח למדיח להגנה מפני אבנית סנו ספארק Spark,סנו ספארק,IL,סנו ספארק מלח למדיח,קילוגרמים,2.00,"ק""ג",false,,12.90,6.4500,true,1,30598
7290107280723,false,נוזל לניקוי כלים סנו ספארק Spark בניחוח לימון רענן,סנו כימיקלים,IL,סנו ספארק נוזל לניקו,מיליליטרים,700.00,"100 מ""ל",false,,9.90,0.0141,true,1,30599
7290107280730,false,נוזל לניקוי כלים סנו ספארק Spark בניחוח לבנדר,מיוצר עי קונדיטוריית,IL,סנו ספארק נוזל לניקו,מיליליטרים,700.00,"100 מ""ל",false,,9.90,0.0141,true,1,30601
7290107280747,false,נוזל לניקוי כלים סנו ספארק Spark קלאסי,סנו כימיקלים,IL,סנו ספארק נוזל לניקו,מיליליטרים,700.00,"100 מ""ל",false,,9.90,0.0141,true,1,30602
7290107280754,false,נוזל כלים סנו ספארק Spark היפואלרגני פריחת השקד,סנו ספארק,IL,ספארק נוזל לכלים עדי,מיליליטרים,700.00,"100 מ""ל",false,,9.90,0.0141,true,1,30603
7290107280761,false,נוזל לניקוי כלים בניחוח לימון רענן סנו ספארק Spark,מיוצר עי קונדיטוריית,IL,ספארק נוזל לכלים לימ,יחידה,0.00,יחידה,false,,11.90,0.0000,true,1,30604
7290107340243,false,מטען בית אייפון,,,מטען בית אייפון,יחידה,0.00,יחידה,false,,39.90,0.0000,true,1,424593
7290107340526,false,מטען בית טייפ סי,,,מטען בית טייפ סי,יחידה,0.00,יחידה,false,,39.90,0.0000,true,1,424595
7290107341363,false,כבל מיקרו imx.,,,כבל מיקרו,יחידה,0.00,יחידה,false,,19.90,0.0000,true,1,424597
7290107341370,false,כבל טפייסי imx,,,כבל טייפ סי,יחידה,0.00,יחידה,false,,19.90,0.0000,true,1,424598
7290107440745,false,כפפות נשים,,,כפפות נשים,יחידה,0.00,יחידה,false,,19.90,0.0000,true,1,31334
7290107646383,false,סיף מטליות לחות לניקוי רצפות בניחוח לימו,עלבד משואות יצחק בעמ,IL,סיף מטליות לחות לניק,יחידה,0.00,יחידה,false,,11.90,0.0000,true,1,10624
7290107647656,false,מאגדת מיני סולרו קוקוס אננס 245 ג',"מיוצר ע""\י גלידת שטראוס",IL,מאגדת מיני סולרו קוק,גרמים,245.00,100 גרם,false,,21.90,0.0894,true,1,4390
7290107740098,false,"מטרפה נירוסטה 30 ס""מ",,,"מטרפה נירוסטה 30 ס""מ",יחידה,0.00,יחידה,false,,19.90,0.0000,true,1,127111
7290107740982,false,רולר דבק לבגדים כולל,,,רולר דבק לבגדים כולל,יחידה,0.00,יחידה,false,,11.90,0.0000,true,1,127338
7290107741620,false,מועך תפו`א,,,מועך תפו`א,יחידה,0.00,יחידה,false,,12.00,0.0000,true,1,127340
7290107743440,false,מועך פירה ניקל גדול,,,מועך פירה ניקל גדול,יחידה,0.00,יחידה,false,,17.90,0.0000,true,1,135017
7290107743587,false,מסננת נירוסטה ידית ע,,,מסננת נירוסטה ידית ע,יחידה,0.00,יחידה,false,,19.90,0.0000,true,1,127113
7290107744126,false,"סלסלת מעמד לכוסות ח""פ יח",,IL,מתקן לכוסות דנטל (75,יחידה,0.00,יחידה,false,,9.90,0.0000,true,1,129140
7290107745642,false,שקית זילוף,,,שקית זילוף,יחידה,0.00,יחידה,false,,10.90,0.0000,true,1,186997
7290107745949,false,כפיות גלידה סילבר 6 יח',,,כפיות גלידה סילבר,יחידה,0.00,יחידה,false,,9.90,0.0000,true,1,127096
7290107746144,false,רשת לכביסה 55/45,,,רשת לכביסה 55/45,יחידה,0.00,יחידה,false,,9.90,0.0000,true,1,135021
7290107747967,false,סט 3 סכינים,,,סט 3 סכינים,יחידה,0.00,יחידה,false,,16.90,0.0000,true,1,127115
7290107749886,false,נטלה נירוסטה,,,נטלה נירוסטה,יחידה,0.00,יחידה,false,,22.90,0.0000,true,1,187313
7290107871990,false,"פסטה צינורות 500 גרם ""אסם""",פסטה זארה,IT,פסטה צינורות אסם 500,גרמים,500.00,100 גרם,false,,5.90,0.0118,true,1,19001
7290107874502,false,ביסלי גריל קדמ. מארז אחיד 10 4*55 גרם,מיוצר עי קונדיטוריית,IL,ביסלי גריל 4*55 גרם,גרמים,220.00,100 גרם,false,,12.90,0.0586,true,1,19023
7290107875004,false,פופקורן חמאה ודבש מארז12*20גר',אסם,IL,פופקו חמאה ודבש מארז,גרמים,240.00,100 גרם,false,,18.90,0.0787,true,1,19028
7290107875271,false,ביסלי ברביקיו קדמ. מארז אחיד10 4*55 גרם,"אסם השקעות בע""\מ",IL,ביסלי ברבקיו מארז 4*,גרמים,220.00,100 גרם,false,,12.90,0.0586,true,1,19034
7290107875820,false,קרוטונים אפויים בתיבול ביתי אוסם 180 ג',עינת תעשיות מזון,IL,קרוטונים אפויים בתיב,גרמים,180.00,100 גרם,false,,10.90,0.0606,true,1,19039
7290107877619,false,מארז במבה במילוי קרם נוגט 5*30ג' אסם,"אסם השקעות בע""\מ",IL,במבה במילוי קרם נוגט,גרמים,150.00,100 גרם,false,,13.90,0.0927,true,1,19069
7290107879132,false,פריכיות פיטנס מיני פריכיות שוקולד חלב 22 ג',כרמית,IL,מיני פריכיות שוקולד,גרמים,22.00,100 גרם,false,,4.90,0.2227,true,1,19954
7290107879521,false,קרחוני לה פרוטה La Frutta תות שדה - 5 יח',גלידות נסטלה )נגה גלידות,IL,לה פרוטה תות 5 יח,גרמים,350.00,100 גרם,false,,23.90,0.0683,true,1,16190
7290107879569,false,קרחון לה פרוטה שרבט מנגו מאגדת 5יח',גלידות נסטלה )נגה גלידות,IL,לה פרוטה מנגו 5 יח,גרמים,350.00,100 גרם,false,,23.90,0.0683,true,1,16191
7290107930321,false,קונפיטורת יד מרדכי דובדובן 340 גרם,"בית אל מזון בע""מ",IL,יד מרדכי קונפיטורה ד,גרמים,340.00,100 גרם,false,,9.90,0.0291,true,1,22702
7290107931397,false,כיף כף פצפוצים במילוי שוקולד 40 גרם,שולן צ'\יקולטה גידה סאן.,TR,כיף כף פצפצים 40גר`,גרמים,40.00,100 גרם,false,,5.20,0.1300,true,1,22710
7290107932080,false,חלב מועשר יוטבתה בבקבוק 3% 1 ליטר,מחלבת יטבתה,IL,יטבתה חלב בבקבוק 3%,ליטרים,1.00,ליטר,false,,8.10,8.1000,true,1,23624
7290107932134,false,חלב מועשר יוטבתה בבקבוק 1% 1 ליטר,מחלבת יטבתה,IL,יטבתה חלב בבקבוק 1%,ליטרים,1.00,ליטר,false,,8.10,8.1000,true,1,23626
7290107933155,false,לקט סלנובה שטראוס 200 גרם,שטראוס בריאות ירקות טריי,IL,לקט סלנובה 200 גרם,גרמים,200.00,100 גרם,false,,13.50,0.0675,true,1,23627
7290107933193,false,שטראוס סלק מבושל בוו,לס לגוסודה סנצונוניו,IL,שטראוס סלק מבושל בוו,גרמים,500.00,100 גרם,false,,7.90,0.0158,true,1,23628
7290107934473,false,שמינייה יוגורט לבן אקטיביה 1.5% דנונה 150 גרם,"שטראוס גרופ בע""\מ",IL,אקטיביה מארז מיוחד 1,קילוגרמים,1.20,"ק""ג",false,,20.90,17.4167,true,1,23641
7290107936309,false,דנונה יוגורט 7% יווני לבן 130 ג',"שטראוס בריאות בע""מ",IL,דנונה יווני לבן 130,גרמים,130.00,100 גרם,false,,3.50,0.0269,true,1,23647
7290107936958,false,עד חצות ביסקוויט אצבעות שוקולד 125 גרם,ביסקוויטס טור ד'\אלבון,FR,עד חצות אצבעות 125 ג,גרמים,125.00,100 גרם,false,,9.90,0.0792,true,1,22747
7290107936965,false,עיגולים עד חצות עם שוקולד חלב 225 גר,ביסקווטרי עוגיות סנט,FR,עד חצות עיגולים 225,גרמים,125.00,100 גרם,false,,12.90,0.1032,true,1,22748
7290107937542,false,משקה יוגורט אקטיביה עם תות 1.2% שומן,מיוצר עי קונדיטוריית,IL,משקה אקטיביה תות 1.2,מיליליטרים,265.00,"100 מ""ל",false,,5.20,0.0196,true,1,23652
7290107937627,false,מסטיק מאסט Must קוביות ללא סוכר בטעם מנטה עדינה,אסקום קונפקשיין,DE,צנצנת קוביות ספירמינ,גרמים,58.00,100 גרם,false,,10.50,0.1810,true,1,22758
7290107937634,false,צנצנית מסטיק מאסט קוביות פפירמינט 58 ג' עלית,אסקום קונפקשיין,DE,צנצנת קוביות פפירמינ,גרמים,58.00,100 גרם,false,,10.50,0.1810,true,1,22759
7290107937641,false,צנצנת מסטיק בזוקה קוביות ללא סוכר,אסקום קונפקשיין,DE,צנצנת קוביות בזוקה 5,גרמים,58.00,100 גרם,false,,10.50,0.1810,true,1,22760
7290107937856,false,קפסולות 11חזק למכונות נספרסו עלית 10יח',הנסיך- מפעל לייצור ט,IL,עלית קפסולות בטעם נס,גרמים,50.00,100 גרם,false,,16.90,0.3380,true,1,22763
7290107938396,false,שמיניית אקטימל תות דיסני בנים 108 גרם,מיוצר עי קונדיטוריית,IL,דנונה Actimel בנים ב,גרמים,864.00,100 גרם,false,,19.90,0.0230,true,1,23658
7290107939027,false,גזר דק דק שטראוס 250 גרם,שטראוס בריאות ירקות טריי,IL,גזרדק דק 250 גרם בד`,גרמים,250.00,100 גרם,false,,8.30,0.0332,true,1,23662
7290107940030,false,חומוס אחלה 650 גרם,שטראוס גרופ,IL,חומוס אחלה 650 גר,גרמים,650.00,100 גרם,false,,8.90,0.0137,true,1,23675
7290107941259,false,עדשים ירוקות מבושלות שטראוס 475 גרם,הורקסה לס לגונס דה ס,ES,עדשים ירוקות מבושלות,גרמים,475.00,100 גרם,false,,11.90,0.0251,true,1,23690
7290107941273,false,חומוס מבושל שטראוס 475 גרם,הורקסה לס לגונס דה ס,ES,חומוס מבושל 475 גרם,גרמים,475.00,100 גרם,false,,11.90,0.0251,true,1,23692
7290107943192,false,"שמנת חמוצה מהערבה 27% שומן 200 מ""ל יטבתה",מחלבת יטבתה,IL,יטבתה שמנת 27% 200מ,מיליליטרים,200.00,"100 מ""ל",false,,4.10,0.0205,true,1,23719
7290107944472,false,סימפוניה גבינה במרקם שמנת 5% שום שמיר,"שטראוס בריאות בע""\מ",IL,סימפוניה 5% שום שמיר,גרמים,200.00,100 גרם,false,,10.00,0.0500,true,1,23726
7290107945165,false,קונפיטורת משמש יד מרדכי 340 גרם,אף.סי תבליני בגליל ב,IL,יד מרדכי קונפיטורת מ,גרמים,340.00,100 גרם,false,,9.90,0.0291,true,1,22831
7290107950190,false,מעדן חלב דל קלוריות בטעם שוקולד מריר 0.5% שומן,מיוצר עי קונדיטוריית,IL,מעדן דיאט שוקולד מרי,גרמים,130.00,100 גרם,false,,3.70,0.0285,true,1,23786
7290107950206,false,מעדן חלב דל קלוריות בטעם שוקולד 0% שומן,מיוצר עי קונדיטוריית,IL,מעדן דיאט שוקולד % 0,גרמים,130.00,100 גרם,false,,3.70,0.0285,true,1,23787
7290107951104,false,בפלות ופלים ארוכים בטעם שוקולד,"שטראוס גרופ בע""\מ",IL,בפלות 200 גרם שוקולד,גרמים,200.00,100 גרם,false,,4.10,0.0205,true,1,22867
7290107951715,false,צנצנת מסטיק מאסט קוביות בטעם ענבים 58 ג' עלית,אסקום קונפקשיין,IL,מאסט צנצנת קוביות ענ,גרמים,58.00,100 גרם,false,,10.50,0.1810,true,1,22883
7290107953559,false,"מארז קפה טורקי עלית לדרך כשל""פ 168 גרם",הנסיך- מפעל לייצור ט,IL,קפה טורקי לדרך 168 ג,גרמים,168.00,100 גרם,false,,17.90,0.1065,true,1,22894
7290107954709,false,"קונפיטורת פירות יער ""יד מרדכי"" 340 גר'","ב.א. מזון בע""\מ",IL,יד מרדכי קונפיטורת פ,גרמים,340.00,100 גרם,false,,9.90,0.0291,true,1,22915
7290107954976,false,"משקה יטבתה חלבון פרו קפה 350מ""ל",מחלבת יטבתה,DE,משקה פרו בטעם קפה יט,מיליליטרים,350.00,"100 מ""ל",false,,7.30,0.0209,true,1,23853
7290107956901,false,קפסולות בטעם אגוזים למכונת נספרסו עלית 10 יחידות,שטראוס קפה בי.וי.,IL,עלית קפסולות אספרסו,גרמים,150.00,100 גרם,false,,16.90,0.1127,true,1,22957
7290107956925,false,קפסולות 13 אוגנדה למכונת נספרסו עלית 10יח',שטראוס קפה בי.וי.,IL,עלית קפסולות אוגנדה,גרמים,50.00,100 גרם,false,,16.90,0.3380,true,1,22958
7290107956932,false,קפסולות אספרסו אידונזיה למכונות 50 גר,שטראוס קפה בי.וי.,IL,עלית קפסולות אידונזי,גרמים,50.00,100 גרם,false,,16.90,0.3380,true,1,22959
7290107957069,false,"מסטיק ע""למה ""בטעם אוכניות 66 גרם צנצנת ""עלית""","שטראוס גרופ בע""\מ",IL,מסטיק עלמה בטעם אוכמ,גרמים,66.00,100 גרם,false,,10.50,0.1591,true,1,22964
7290107957076,false,"מסטיק ""עלמה"" בטעם ספירמנט 66 גרם צנצנת ""עלית""","שטראוס גרופ בע""\מ",IL,מסטיק עמלה בטעם ספיר,גרמים,66.00,100 גרם,false,,10.50,0.1591,true,1,22965
7290107957113,false,גבינת סימפוניה 5% עם זיתים פיקנטים 200 גרם,"שטראוס בריאות בע""\מ",IL,סימפוניה עם זיתים פי,גרמים,200.00,100 גרם,false,,10.00,0.0500,true,1,23869
7290107957991,false,מילקי CAKE מיניס קרם חלב בציפוי שוקולד חלב שקית 16X9ג',בובארד איטליה אס.פי.איי,IT,"מילקי מייניס 9*16 מ""",גרמים,144.00,100 גרם,false,,14.50,0.1007,true,1,23886
7290107958035,false,יוגורט במתיקות מעודנת 2% ללא תוספת סוכר- מארז 8 יח,"שטראוס בריאות בע""\מ",IL,8 דנונה מתיקות מעודנ,קילוגרמים,1.20,"ק""ג",false,,19.40,16.1667,true,1,23887
7290107958639,false,"מטבוחה מרוקאית חריפה 400 גרם ""אחלה""",מיוצר עי קונדיטוריית,IL,אחלה מטבוחה מרוקאית,גרמים,400.00,100 גרם,false,,15.90,0.0398,true,1,23893
7290107962162,false,צעיף אקרילן שחור,,,צעיף,יחידה,0.00,יחידה,false,,9.90,0.0000,true,1,31351
7290107971744,false,"קולגייט - מי פה טוטל ירוק ספרמינט 500 מ""ל",יבואן ומשווק: ש. שסט,PL,קולגייט מי פה טוטל י,מיליליטרים,500.00,"100 מ""ל",false,,30.90,0.0618,true,1,21689
7290107973311,false,קולגייט מברשת שיניים 360 פחם זהב זוג,הנסיך- מפעל לייצור ט,CN,קולגייט מברשת שיניים,יחידה,0.00,יחידה,false,,24.90,0.0000,true,1,21702
7290107973861,false,מאסטר שף עגבניות קצוצות דק שלישיה 400ג*3 כשלפ,קונסרזיו קאסאלאסקו ד,IT,עגבניות קצוצות דק מא,קילוגרמים,1.20,"ק""ג",false,,15.90,13.2500,true,1,21709
7290107974066,false,"עלי טורטיה קמח מלא 20ס""מ 8יח' מאסטר שף 320ג'",אלקאטי קורביישיסי גי,ES,עלי טורטיה קמח מלא מ,גרמים,320.00,100 גרם,false,,9.90,0.0309,true,1,21714
7290107974073,false,מנה עלי טורטיה קמח לבן מ.שף 20 סמ 320 גר,אלקאטי קורביישיסי גי,ES,עלי טורטיה קמח לבן מ,גרמים,320.00,100 גרם,false,,9.90,0.0309,true,1,21715
7290107974080,false,מנה עלי טורטיה קמח לבן מ.שף 25 סמ 840 גר,הדקלאים אגודת שיתופי,TR,עלי טורטיה קמח לבן מ,גרמים,820.00,100 גרם,false,,16.90,0.0206,true,1,21716
7290107974301,false,ליידי ספיד סטיק - דאודורנט ג'ל לאישה אלוורה 45 גרם,ליידי ספיד סטיק Lady Speed Stick,US,דיאודורנט ג'ל אלוורה,גרמים,65.00,100 גרם,false,,17.90,0.2754,true,1,21717
7290107974806,false,"מאסטר שף - אורז בסמטי 1 ק""ג",דווה סינג שיהם סינג,IN,אורז בסמטי מאסטר שף,קילוגרמים,1.00,"ק""ג",false,,12.90,12.9000,true,1,21724
7290107974813,false,"אורז יסמין 1 ק""ג מאסטר שף",טאומי אינטרפרייד,TH,אורז יסמין מאסטר שף,קילוגרמים,1.00,"ק""ג",false,,12.90,12.9000,true,1,21725
7290107974820,false,ממרח בטעם ספייסי מיונז מאסטר שף 250 גרם,רמיה סי.וי.הולנד,NL,מאסטר שף ממרח מתובל,גרמים,252.00,100 גרם,false,,7.90,0.0313,true,1,21726
7290107975346,false,ספיד סטיק - דאודורנט ג'ל לגבר כוח הטבע 85 גרם,קולגייט-פלמוליב,US,דאו' ג'ל כח הטבע אול,גרמים,65.00,100 גרם,false,,19.90,0.3062,true,1,21733
7290107976916,false,"סבון ידיים משאבה פלמוליב זיתים 300 מ""ל",פלמוליב Palmolive,IT,פלמוליב סבון ידיים ח,מיליליטרים,300.00,"100 מ""ל",false,,9.90,0.0330,true,1,21759
7290107977456,false,"פלמוליב - ג'ל רחצה ושמפו ספורט לגבר 750 מ""ל",קולגייט פלמוליב,TR,פלמוליב לגבר 2 ב-1 ג,מיליליטרים,750.00,"100 מ""ל",false,,19.90,0.0265,true,1,203439
7290107978330,false,מאסטר שף איטריות דקות 400 גרם,הדקלאים אגודת שיתופי,PL,איטריות דקות מאסטר ש,גרמים,400.00,100 גרם,false,,5.90,0.0148,true,1,21764
7290107978347,false,איטריות בינוניות מאסטר שף 400 גרם,הדקלאים אגודת שיתופי,PL,איטריות בינוניות מאס,גרמים,400.00,100 גרם,false,,5.90,0.0148,true,1,21765
7290107978453,false,חטיף בטעם גריל קראנצ,קראנצ'וס,IL,קראנצו'ס גריל 55 גרם,גרמים,55.00,100 גרם,false,,3.90,0.0709,true,1,21768
7290107978637,false,"מרידול משחת שיניים 75 מ""ל כשל""פ-מרכז",קולגייט פלמוליב,PL,משחת שיניים מרידול 7,מיליליטרים,75.00,"100 מ""ל",false,,19.90,0.2653,true,1,21770
7290107979184,false,"תבניות אלומיניום פלוס נייר אפייה 32/26 ס""מ L",HAI PLASTIC,CN,קוקי תבנית אלומניום,יחידה,0.00,יחידה,false,,11.90,0.0000,true,1,21778
7290108070316,false,חבילת בלונים (50 יח') פסטל בסטרים,,IL,שקית 50 פסטל,יחידה,0.00,יחידה,false,,11.90,0.0000,true,1,33099
7290108350128,false,סנו סושי שקיות אשפה חזקות במיוחד 40 יח',מיוצר עי קונדיטוריית,IL,סנו סושי שקיות חזקות,יחידה,0.00,יחידה,false,,24.90,0.0000,true,1,30611
7290108350180,false,סנו סושי מפיות מודפסות 100 יח',חי מוצרי נייר בעמ,IL,סנו סושי מפיות מודפס,יחידה,0.00,יחידה,false,,7.90,0.0000,true,1,30616
7290108350203,false,"סנו סושי כריות קרצוף+ספוג מקציף 6 יחידות 12X9 ס""מ",סנו סושי,US,כריות קרצוף עם ספוג,יחידה,0.00,יחידה,false,,9.90,0.0000,true,1,30618
7290108350258,false,נייר טואלט דו שכבתי ארוך פי 3 - מארז 12 גלילים,מפעלי ברונוס בעמ,IL,סופט נייר טואלט גליל,מטרים,180.00,מטר,false,,42.90,0.2383,true,1,30621
7290108350531,false,סנו ספארק נוזל כלים בניחוח קלאסי עם משאבה 1 ל',מיוצר עי קונדיטוריית,IL,סנו ספארק משאבה בניח,ליטרים,1.00,ליטר,false,,11.90,11.9000,true,1,30627
7290108350555,false,נוזל כלים סנו ספארק Spark היפואלרגני פריחת השקד,סנו ספארק,IL,סנו ספארק משאבה בניח,ליטרים,1.00,ליטר,false,,11.90,11.9000,true,1,30629
7290108350586,false,נוזל לניקוי כלים סנו ספארק Spark בניחוח לימון רענן,"סנו מפעלי ברונוס בע""\מ",IL,ספארק נוזל כלים בניח,ליטרים,1.50,ליטר,false,,14.90,9.9333,true,1,30631
7290108350616,false,סנו - מקסימה מרכך כביסה מרוכז פריחה כחולה 1 ליטר,"סנו מפעלי ברונוס בע""\מ",IL,מרכך כביסה מקסימה סו,יחידה,0.00,יחידה,false,,18.90,0.0000,true,1,30634
7290108350623,false,מרכך כביסה סופר מרוכז סופט סילק מקסימה 1 ל' סנו,"סנו מפעלי ברונוס בע""\מ",IL,מרכך כביסה מקסימה סו,יחידה,0.00,יחידה,false,,18.90,0.0000,true,1,30635
7290108350692,false,"אבקת כביסה בלאק מקסימה 6 ק""ג",סנו מפעלי ברונוס בעמ,IL,אבקת כביסה סנו מקסימ,קילוגרמים,6.00,"ק""ג",false,,49.90,8.3167,true,1,30640
7290108351033,false,"WHITE POWDER - בושם לאישה א.ד.פ 50 מ""ל",,IL,"בושם לאישה 50 מ""ל wh",יחידה,0.00,יחידה,false,,79.90,0.0000,true,1,609271
7290108351149,false,ג'ל ניקוי כללי בתוספת אבקת סודה ריח כביסה סנו ג'ט 1.5 ליטר,"סנו מפעלי ברונוס בע""\מ",IL,סנו ג`ט פלוס לניקוי,יחידה,0.00,יחידה,false,,12.90,0.0000,true,1,30666
7290108351156,false,ג'ל ניקוי כללי בתוספת חומץ בריח לבנדר סנו ג'ט 1.5 ליטר,"סנו מפעלי ברונוס בע""\מ",IL,סנו ג`ט פלוס לניקוי,יחידה,0.00,יחידה,false,,12.90,0.0000,true,1,30667
7290108351507,false,מרכך כביסה אינספרישיין סנו מקסימה 4 ליטר,סנו מקסימה,IL,מרכך כביסה סנו מקסימ,ליטרים,4.00,ליטר,false,,22.90,5.7250,true,1,30669
7290108351514,false,מרכך כביסה בלו בלוסום סנו מקסימה 4 ליטר,סנו מקסימה,IL,מרכך כביסה סנו מקסימ,ליטרים,4.00,ליטר,false,,22.90,5.7250,true,1,30670
7290108351552,false,"סנו - ג'ט לניקוי כללי בתוספת חומץ בניחוח לבנדר 750 מ""ל","סנו מפעלי ברונוס בע""\מ",IL,סנו ג'ט מתז חומץ 750,מיליליטרים,750.00,"100 מ""ל",false,,12.90,0.0172,true,1,30674
7290108351583,false,"סנו - ג'ט פלוס חומץ ג'ל לניקוי אסלות לבנדר 750 מ""ל",טרופיקל דגיל תעשיות,IL,סנו ג'ט+לניקוי אסלות,מיליליטרים,750.00,"100 מ""ל",false,,11.90,0.0159,true,1,30676
7290108351590,false,"סנופרש הום בלו בלוסון בניחוח מרכך כביסה 350 מ""ל",סנו פרש Fresh,IL,סנו פרש BLUE BLOSSOM,מיליליטרים,350.00,"100 מ""ל",false,,11.90,0.0340,true,1,30677
7290108351606,false,מטהר אוויר בלו בלוסום סנו פרש הום 350 מל,סנו מפעלי ברונוס בעמ,IL,סנו פרש הום סופט סיל,מיליליטרים,350.00,"100 מ""ל",false,,11.90,0.0340,true,1,30678
7290108351613,false,סנו ריצפז פרש הום 2 ליטר בניחוח מלון חלומי,"סנו מפעלי ברונוס בע""\מ",IL,ריצפז פרש הום מלון ח,ליטרים,2.00,ליטר,false,,21.90,10.9500,true,1,30679
7290108351668,false,מטליות לחות לניקוי כללי בתוספת חומץ בניחוח לבנדר,טרופיקל דיגל- תעשיות,IL,סנו ג'ט מטליות לחות,יח',50.00,יח',false,,9.90,0.1980,true,1,30684
7290108351705,false,פניני בישום 275 גרם מקסימה,inc prodacts smart value,IL,פניני בישום לכביסה כ,גרמים,275.00,100 גרם,false,,19.90,0.0724,true,1,30688
7290108351712,false,פניני בישום לכביסה 275 ג' מקסימה,inc prodacts smart value,IL,פניני בישום LOVELY ו,גרמים,275.00,100 גרם,false,,19.90,0.0724,true,1,30689
7290108351729,false,נ.לניקוי אסלות סנו גרין פאוור אקולוגי750,מיוצר עי קונדיטוריית,IL,נוזל לניקוי אסלה 750,מיליליטרים,750.00,"100 מ""ל",false,,9.90,0.0132,true,1,71668
7290108351736,false,נ.לניקוי חלונותסנו גרין פאוור אקולוגי750,סנו מפעלי ברונוס בעמ,IL,"נוזל חלונות 750 מ""ל",מיליליטרים,750.00,"100 מ""ל",false,,11.90,0.0159,true,1,71669
7290108351781,false,ג'ל לניקוי אסלות + חומץ ומלח לימון בריח הדרים,"סנו מפעלי ברונוס בע""",IL,סנו ג'ט+לניקוי אסלות,מיליליטרים,750.00,"100 מ""ל",false,,11.90,0.0159,true,1,30692
7290108351804,false,מרכך כביסה סופר מרוכז Gentl Breeze סנו מקסימה 1 ליטר,מיוצר עי קונדיטוריית,IL,סנו מקסימה מרכך כביס,יחידה,0.00,יחידה,false,,18.90,0.0000,true,1,30693
7290108351811,false,מרכך כביסה סופר מרוכז Floral touch סנו מקסימה 1 ליטר,מיוצר עי קונדיטוריית,IL,סנו מקסימה מרכך כביס,יחידה,0.00,יחידה,false,,18.90,0.0000,true,1,30694
7290108351835,false,מרכך כביסה Pure Sensation סנו מקסימה 4 ליטר,מיוצר עי קונדיטוריית,IL,מרכך כביסה סנו מקסימ,ליטרים,4.00,ליטר,false,,22.90,5.7250,true,1,30695
7290108351859,false,"סנו מקסימה בושם מרוכז לכביסה FOREVER ורוד 600 מ""ל",סנו מקסימה,IL,מקסימה בושם מרוכז לכ,יחידה,0.00,יחידה,false,,21.90,0.0000,true,1,30697
7290108351866,false,"סנו מקסימה בושם מרוכז לכביסה FOREVER בורדו 600 מ""ל",סנו מקסימה,IL,מקסימה בושם מרוכז לכ,מיליליטרים,600.00,"100 מ""ל",false,,21.90,0.0365,true,1,30698
7290108351934,false,סנובון סבון אסלה מוצק RINGS בניחוח לימון שלישיה,החברה הדרומית,PL,סנובון סבון אסלה מוצ,יחידה,0.00,יחידה,false,,13.90,0.0000,true,1,30702
7290108351941,false,סנובון סבון אסלה מוצק RINGS בניחוח יערות שלישיה,SWARZEDZ DRAMERSSA,PL,סנובון סבון אסלה מוצ,יחידה,0.00,יחידה,false,,13.90,0.0000,true,1,30703
7290108351965,false,סנו ג'ט סבון אסלה בחומץ שלישיה,סנו מפעלי ברונוס בעמ,IL,ג'ט סבון אסלה חומץ ו,יחידה,0.00,יחידה,false,,11.90,0.0000,true,1,30705
7290108351972,false,סנופרש הום מבשם לבית בניחוח מלון בוטיק,מיוצר עי קונדיטוריית,IL,סנו פרש הום יבש לבית,יחידה,200.00,יחידה,false,,11.90,0.0595,true,1,30706
7290108351989,false,סנופרש הום מבשם לבית בניחוח מלון מפנק,מיוצר עי קונדיטוריית,IL,סנו פרש הום יבש לבית,יחידה,200.00,יחידה,false,,11.90,0.0595,true,1,30707
7290108351996,false,"חיטוי בייבי 99.9% לחיטוי וניקוי בסביבת תינוקות 750 מ""ל","סנו מפעלי ברונוס בע""\מ",IL,מתז בייבי 99.9% לחיט,מיליליטרים,750.00,"100 מ""ל",false,,12.90,0.0172,true,1,30708
7290108352009,false,סנו ספארק קפסולות למדיח כלים 50 יחידות,טרופיקל דגיל תעשיות,PL,קפסולות למדיח ספארק,יח',50.00,יח',false,,40.90,0.8180,true,1,66334
7290108352115,false,סנובון ווייב לאסלה בתוספת אקונומיקהה 45X3ג',סנו,IL,סנובון עם אקונומיקה,גרמים,135.00,100 גרם,false,,11.90,0.0881,true,1,30711
7290108352146,false,"סנובון נוזלי בניחוח מנגוליה ונרולי סנו 750 מ""ל",סנו מפעלי ברונוס בעמ,IL,סנובון נוזלי בניחוח,מיליליטרים,750.00,"100 מ""ל",false,,11.90,0.0159,true,1,70276
7290108352207,false,מקסימה 40 קפסולות לכביסה בניחוח fresh burst,"גליל כימיקלים, א.ת. צפונ",IL,קפס' כביסה בניחוח פל,גרמים,840.00,100 גרם,false,,35.90,0.0427,true,1,70278
7290108352214,false,סנו - מקסימה קפסולות כביסה בניחוח בריזה מרעננת 40 יח',טרופיקל דגיל תעשיות,IL,קפסולות כביסה בניחוח,גרמים,840.00,100 גרם,false,,35.90,0.0427,true,1,70279
7290108352252,false,נוזל לניקוי כלים מתאים לניקוי ירקות ופירות סנו ספארק,"סנו מפעלי ברונוס בע""\מ",IL,ספארק נוזל לכלים 1,יחידה,0.00,יחידה,false,,11.90,0.0000,true,1,90307
7290108352269,false,סנו מטליות לחיטוי ולניקוי בדלי 400 יחידו,החברה הדרומית,IL,מטליות לחיטוי ולניקו,יחידה,0.00,יחידה,false,,30.90,0.0000,true,1,66321
7290108352290,false,שלישיית מטליות לחיטוי ולניקוי יסודי לחדר האמבטיה סדרת 99.9%,מיוצר עי קונדיטוריית,IL,שלישיית מטליות לחיטו,יחידה,0.00,יחידה,false,,17.90,0.0000,true,1,60035
7290108352320,false,"מבשם אויר סנו פרש הום בניחוח כותנה מלטפת 350 מ""ל",מיוצר עי קונדיטוריית,IL,סנו פרש הום מלון בוט,מיליליטרים,350.00,"100 מ""ל",false,,11.90,0.0340,true,1,73776
7290108352337,false,"סנו - פרש מילוי למטהר אוויר מלון מפנק 250 מ""ל",מיוצר עי קונדיטוריית,IL,סנו פרש הום אוטומטיק,גרמים,250.00,100 גרם,false,,13.90,0.0556,true,1,73777
7290108352399,false,ריצפז פרש הום בניחוח מרכך כביסה פלורל טאצ',"סנו מפעלי ברונוס בע""\מ",IL,ריצפז פרש הום פלורל,ליטרים,2.00,ליטר,false,,21.90,10.9500,true,1,302988
7290108352412,false,"סנו - פרש הום מבשם לבית ולטקסטיל ורד אנגלי ועלים 300 מ""ל",מיוצר עי קונדיטוריית,IL,סנו פרש הום מטהר אוי,מיליליטרים,300.00,"100 מ""ל",false,,12.90,0.0430,true,1,83587
7290108352450,false,ריצפז פרש הום בניחוח מרכך כביסה בלו בלוסום,סנו מפעלי ברונוס בעמ,IL,ריצפז פרש הום בניחוח,ליטרים,2.00,ליטר,false,,21.90,10.9500,true,1,104641
7290108352474,false,"סנומוד מטהר אוויר ליידי קוקו סנו 150 מ""ל","סנו מפעלי ברונוס בע""\מ",IL,מטהר אוויר סנומוד לי,מיליליטרים,150.00,"100 מ""ל",false,,11.90,0.0793,true,1,136374
7290108352535,false,סנו - מקסימה דפי בישום לחים למייבש הכביסה בניחוח מרכך כביסה,טרופיגל דגיל תעשיות קוסמ,IL,דפי בישום לחים למייב,יחידה,0.00,יחידה,false,,12.90,0.0000,true,1,231966
7290108352566,false,מרכך כביסה בבישום עוצמתי 4 ל' סנו מקסינה,"סנו מפעלי ברונוס בע""\מ",IL,מרכך JOY בבישום עוצמ,ליטרים,4.00,ליטר,false,,22.90,5.7250,true,1,231897
7290108352573,false,מרכך כביסה סנו מקסימה בבישום עוצמתי 4 ליטר,"סנו מפעלי ברונוס בע""\מ",IL,מרכך כביסה CALM בבי,ליטרים,4.00,ליטר,false,,22.90,5.7250,true,1,382790
7290108352672,false,צמד מטליות הפלא לרצפה מיקרפייבר סנו סושי,סנו מפעלי ברונוס.,CN,סנו סושי זוג מטלית ה,יחידה,0.00,יחידה,false,,19.90,0.0000,true,1,30719
7290108352689,false,כריות קרצוף ללכלוך קשה סנו סושי 9 יחידות,טרופיקל דגיל תעשיות,US,כריות קרצוף ללכלוך ק,יחידה,0.00,יחידה,false,,9.90,0.0000,true,1,30720
7290108352795,false,סנו סושי שקיות M זיפר 50 יחידות,פיין ונטג,CN,סנו סושי שקיות זיפר,יחידה,0.00,יחידה,false,,12.90,0.0000,true,1,30725
7290108352801,false,"שקיות אשפה לפחים קטנים 45 * 56 ס""מ סנו סושי 100 יחידות","סנו מפעלי ברונוס בע""מ",IL,סנו סושי 100 שקיות א,יח',100.00,יח',false,,19.90,0.1990,true,1,30726
7290108352849,false,שלישיית מטליות הפלא לניקוי כללי דקור סנו סושי,טרופיקל דגיל תעשיות,CN,סנו סושי מטלית הפלא,יחידה,0.00,יחידה,false,,14.90,0.0000,true,1,104603
7290108352863,false,סנו סושי שקיות צלייה 20יח' מידה L,סנו מפעלי ברונוס בעמ . ח,TR,סנו סושי-20 שקיות צל,יחידה,0.00,יחידה,false,,7.90,0.0000,true,1,30731
7290108352870,false,סנו סושי שקיות צלייה 10יח' מידה XL,סנו מפעלי ברונוס בעמ . ח,IL,סנו סושי-10 שקיות צל,יחידה,0.00,יחידה,false,,7.90,0.0000,true,1,30732
7290108352894,false,סנו סושי מפת שולחן חגיגית,שואוגאנג,CN,סנוסושי מפת שולחן חג,יחידה,0.00,יחידה,false,,7.90,0.0000,true,1,30734
7290108353006,false,סנו סושי - שקיות אוכל נקשרות 250 יחידות XL,מיוצר עי קונדיטוריית,IL,סנו סושי 250 שקיות א,יחידה,0.00,יחידה,false,,13.90,0.0000,true,1,30745
7290108353037,false,"תבניות אפיה עגולות מנייר קוטר 21 ס""מ",מיוצר עי קונדיטוריית,CN,סנו-סושי-4 תבניות אפ,יחידה,0.00,יחידה,false,,12.90,0.0000,true,1,30748
7290108353068,false,ספוג הפלא נירוסטה עם סיבי קירצוף סנו סושי 2 יח',מיוצר עי קונדיטוריית,IL,סנו סושי-כרית קרצוף,יח',3.00,יח',false,,9.90,3.3000,true,1,30751
7290108353334,false,"שמפו למניעת קשקשים עם שמן עץ התה ואסאי 700 מ""ל כיף",קוסמופארם בעמ,IL,שמפו למניעת קשקשים ע,מיליליטרים,700.00,"100 מ""ל",false,,11.90,0.0170,true,1,30755
7290108353372,false,אורביטול צמד מברשות שיניים 12000 סיבי פחם,"קוסמופארם בע""\מ",IL,אורביטול מברשת שיניי,יחידה,0.00,יחידה,false,,30.90,0.0000,true,1,539735
7290108353501,false,"שקיות אשפה ענקיות עם ידיות ענקיות 75*90 ס""מ סנו סושי 25 יחידות",טרופיקל דגיל תעשיות,TR,שקיות אשפה עם ידיות,יחידה,0.00,יחידה,false,,19.90,0.0000,true,1,30764
7290108353525,false,סנו סושי - תבניות אלומיניום עם ידיות אחיזה,קריניסה ויטמין אס אי,CN,סנו סושי 4 תבניות אל,יחידה,0.00,יחידה,false,,12.90,0.0000,true,1,30766
7290108353532,false,"שקיות אשפה חזקות עם שרוך לארג' 54 * 65 ס""מ סנו סושי 100 יחידות",סנו סושי,IL,שקיות אשפה בגליל סנו,יחידה,0.00,יחידה,false,,30.90,0.0000,true,1,30767
7290108353549,false,נייר אפייה סנו סושי 100 יח,"טופ פלסט 2002 בע""\מ",IL,נייר אפיה סנו סושי 1,יחידה,0.00,יחידה,false,,19.90,0.0000,true,1,30768
7290108353556,false,נייר טואלט סנו סופט שלוש שכבות 32 גלילים,טרופיקל דגיל תעשיות,IL,נייר טואלט סנו סופט,יחידה,0.00,יחידה,false,,44.90,0.0000,true,1,71386
7290108353563,false,צלחות מקנה סוכר טבעי סנו סושי - 10'' *25,הנסיך- מפעל לייצור ט,IL,צלחות ק.סוכר סנו סוש,יחידה,0.00,יחידה,false,,21.90,0.0000,true,1,74984
7290108353570,false,סנו סושי צלחות קטנות 25 יח',סנו,IL,צלחות ק.סוכר סנו סוש,יחידה,0.00,יחידה,false,,11.90,0.0000,true,1,74985
7290108353648,false,סנו סושי - שקיות אוכל מנייר 70 יחידות,איי טיי אריזות טורקיה,TR,סנו סושי 70 שקיות או,יחידה,0.00,יחידה,false,,10.90,0.0000,true,1,83589
7290108353686,false,מטלית חלומית לרצפה סנו סושי 1 יחידה,נינגבו סנבנג,CN,סנו סושי מטלית לריצפ,יחידה,0.00,יחידה,false,,12.90,0.0000,true,1,104628
7290108353693,false,"צלחות מעוטרות מקנה סוכר בקוטר 19 ס""מ",סנו סושי,IL,צלחות ק.סוכר סנו סוש,יחידה,0.00,יחידה,false,,16.90,0.0000,true,1,74988
7290108353761,false,"תחליב רחצה זן, בניחוח קשמיר 600 מ""ל קרימה","קוסמופארם בע""\מ",IL,קרמה תחליב רחצה ספא,מיליליטרים,600.00,"100 מ""ל",false,,18.90,0.0315,true,1,545698
7290108353792,false,"תחליב רחצה יפן נקה 7 בניחוח פריחת הדובדבן 750 מ""ל","אמיליה קוסמטיקס בע""מ",IL,תחליב רחצה יפן פריחת,מיליליטרים,750.00,"100 מ""ל",false,,11.90,0.0159,true,1,106155
7290108353907,false,"קרמה - דאודורנט רול און לאישה קרמה קלאסי 75 מ""ל","קוסמופארם בע""\מ",IL,דאודורנט רול און קלא,מיליליטרים,75.00,"100 מ""ל",false,,12.90,0.1720,true,1,92192
7290108354065,false,קרמה מן גל רחצה פילינג 700 מל לגבר,קוסמופארם בע'\'\מ,IL,ג'ל רחצה פילינג קרמה,מיליליטרים,700.00,"100 מ""ל",false,,18.90,0.0270,true,1,307559
7290108354164,false,"כיף שלישיית אל סבון קטיפתי מועשר בשמנים 3*500 מ""ל",טרופיקל דגיל תעשיות,IL,כיף שלישיית אלסבון ק,ליטרים,1.50,ליטר,false,,19.90,13.2667,true,1,119618
7290108354225,false,"סנו מדיק היגניק ג'ל לניקוי ידיים 100 מ""ל",טרופיקל דגיל תעשיות,CN,סנו מדיק ג'ל לניקוי,מיליליטרים,100.00,"100 מ""ל",false,,9.90,0.0990,true,1,97718
7290108354270,false,מרכך כביסה מרוכז בבישום עוצמתי 1 ל' סנו מקסימה,מיוצר עי קונדיטוריית,IL,מרכך בבישום עוצמתי מ,ליטרים,1.00,ליטר,false,,18.90,18.9000,true,1,231869
7290108354430,false,"שמפו כיף לשיקום והזנה שמן קוקוס וקרטין 700 מ""ל",קוסמופארם בעמ,IL,שמפו כיף לשיקום והזנ,מיליליטרים,700.00,"100 מ""ל",false,,11.90,0.0170,true,1,131278
7290108354447,false,"מרכך כיף לשיקום והזנה שמן קוקוס וקרטין 700 מ""ל",גוד פוד פרודקטס S.p,IL,מרכך כיף לשיקום והזנ,מיליליטרים,700.00,"100 מ""ל",false,,11.90,0.0170,true,1,131293
7290108354461,false,קרליין 10 שמפו חימר לכל סוגי השיער 700 מ,החברה הדרומית,IL,שמפו קרליין 10 חימר,מיליליטרים,700.00,"100 מ""ל",false,,13.90,0.0199,true,1,594747
7290108354478,false,קרליין 10 מרכך חימר לכל סוגי השיער 700 מ,החברה הדרומית,IL,מרכך קרליין 10 חימר,מיליליטרים,700.00,"100 מ""ל",false,,13.90,0.0199,true,1,594748
7290108354485,false,"קרליין מרכך 10 לשיער שמן ארגן 700 מ""ל","קוסמופארם בע""\מ",IL,מרכך לשיער ארגן קר,מיליליטרים,700.00,"100 מ""ל",false,,13.90,0.0199,true,1,361329
7290108354492,false,"קרליין שמפו 10 לשיער שמן ארגן 700 מ""ל","קוסמופארם בע""\מ",IL,שמפו לשיער רגיל קרלי,מיליליטרים,700.00,"100 מ""ל",false,,13.90,0.0199,true,1,361315
7290108354591,false,"תחליב רחצה בניחוח מי קקטוס ושמן באבאסו 750 מ""ל נקה 7","אמיליה קוסמטיקס בע""מ",IL,תחליב רחצה ביו נקה,מיליליטרים,750.00,"100 מ""ל",false,,11.90,0.0159,true,1,495518
7290108354607,false,"שמפו בניחוח מי קקטוס ושמן באבאסו 750 מ""ל נקה 7","אמיליה קוסמטיקס בע""מ",IL,שמפו ביו נקה 7 750 מ,מיליליטרים,750.00,"100 מ""ל",false,,8.90,0.0119,true,1,495502
7290108354614,false,"מרכך בניחוח מי קקטוס ושמן באבאסו 750 מ""ל נקה 7","אמיליה קוסמטיקס בע""מ",IL,מרכך לשיער ביו נקה 7,מיליליטרים,750.00,"100 מ""ל",false,,8.90,0.0119,true,1,495503
7290108354911,false,"שמפו, ג'ל רחצה וגילוח מועשר בתמצית אלוורה",טרופיקל דגיל תעשיות,IL,שמפו ג'ל רחצה וגילו,מיליליטרים,700.00,"100 מ""ל",false,,18.90,0.0270,true,1,67136
7290108355000,false,"שמפו מיניונים לילדים נקה 7 750 מ""ל",אמיליה קוסמטיקס,IL,שמפו מיניונים נקה 7,מיליליטרים,750.00,"100 מ""ל",false,,11.90,0.0159,true,1,30776
7290108355031,false,"נקה 7 אל סבון לילדים מיניונים 750 מ""ל",קוסמופארם בע'\'\מ,IL,אל סבון מיניונים נקה,מיליליטרים,750.00,"100 מ""ל",false,,11.90,0.0159,true,1,30779
7290108355062,false,"קרם לחות מקצועית עם קרטין נטורל 400 מ""ל",אמיליה קוסמטיקס,IL,לחות מקצועית עם קרטי,מיליליטרים,400.00,"100 מ""ל",false,,30.90,0.0772,true,1,30781
7290108355147,false,"תחליב רחצה שמני הזנה נקה 7 750 מ""ל",טרופיקל דגיל תעשיות קוסמ,IL,תחליב רחצה שמני הזנה,מיליליטרים,750.00,"100 מ""ל",false,,11.90,0.0159,true,1,30788
7290108355161,false,"מרכך שיער שמני הזנה 750 מ""ל נקה 7","אמיליה קוסמטיקס בע""מ",IL,מרכך שמני הזנה נקה 7,מיליליטרים,750.00,"100 מ""ל",false,,8.90,0.0119,true,1,30790
7290108355451,false,"קרמה - דאודורנט רול און לאישה קרמה ורד ווניל 75 מ""ל","קוסמופארם בע""\מ",IL,דאודורנט רול און ורד,מיליליטרים,75.00,"100 מ""ל",false,,12.90,0.1720,true,1,92193
7290108355543,false,דאודורנט ספריי קרמה בניחוח נרולי ומגנוליה,מיוצר עי : אמיליה קוסמטי,IL,דאודורנט ספריי ReFre,מיליליטרים,150.00,"100 מ""ל",false,,12.90,0.0860,true,1,218610
7290108355949,false,"תחליב רחצה קרמה נרולי ומנגוליה 700 מ""ל",קוסמופארם בעמ,IL,קרמה תחליב רחצה נרול,מיליליטרים,700.00,"100 מ""ל",false,,16.90,0.0241,true,1,90324
7290108356113,false,"כיף תחליב רחצה דבש 700 מ""ל-מרכז",קוסמופארם בעמ,IL,תחליב רחצה דבש כיף 7,מיליליטרים,700.00,"100 מ""ל",false,,11.90,0.0170,true,1,30826
7290108356120,false,"תחליב רחצה כיף קוקוס וניל 700 מ""ל",קוסמופארם,IL,תחליב רחצה קוקוס וני,מיליליטרים,700.00,"100 מ""ל",false,,11.90,0.0170,true,1,30827
7290108356137,false,"כיף - תחליב רחצה לבנדר 700 מ""ל",קוסמופארם,IL,תחליב רחצה לבנדר כיף,מיליליטרים,700.00,"100 מ""ל",false,,11.90,0.0170,true,1,30828
7290108356151,false,"תחליב רחצה כיף מאסק יסמין 700 מ""ל",גוד פוד פרודקטס S.p,IL,תחליב רחצה מאסק יסמי,מיליליטרים,700.00,"100 מ""ל",false,,11.90,0.0170,true,1,30829
7290108356168,false,"כיף - תחליב רחצה אוקיינוס 700 מ""ל",גוד פוד פרודקטס S.p,IL,תחליב רחצה אוקיינוס,מיליליטרים,700.00,"100 מ""ל",false,,11.90,0.0170,true,1,30830
7290108356298,false,"כיף - מוס רחצה בניחוח קרם עוגיות 150 מ""ל",קוסטר אירוסול,IL,מוס רחצה בניחוח קרם,מיליליטרים,200.00,"100 מ""ל",false,,12.90,0.0645,true,1,231803
7290108356359,false,"קרמה - מן קרם לחות לגוף לאחר גילוח 400 מ""ל",קוסמופארם בעמ,IL,קרם לחות לאחר גילוח,מיליליטרים,400.00,"100 מ""ל",false,,24.90,0.0622,true,1,65389
7290108356489,false,"כיף - תחליב רחצה אפרסק וחמאת מורומורו 700 מ""ל",קוסמופארם בעמ,IL,תחליב רחצה אפרסק וחמ,מיליליטרים,700.00,"100 מ""ל",false,,11.90,0.0170,true,1,384786
7290108356519,false,קרליין שמפו 10למניעת קשקשים 700מל,"קוסמופארם בע""\מ",IL,שמפו לשיער בתוספת שמ,מיליליטרים,700.00,"100 מ""ל",false,,13.90,0.0199,true,1,303625
7290108356526,false,"קרליין - שמפו 10 לשיער יבש 700 מ""ל","קוסמופארם בע""\מ",IL,שמפו לשיער יבש קרליי,מיליליטרים,700.00,"100 מ""ל",false,,13.90,0.0199,true,1,303639
7290108356540,false,"שמפו 10 לשיער צבוע 700 מ""ל קרליין","קוסמופארם בע""\מ",IL,שמפו לשיער צבוע קרלי,מיליליטרים,700.00,"100 מ""ל",false,,13.90,0.0199,true,1,303654
7290108356557,false,"שמפו 10 לשיער למניעת קשקשים 700 מ""ל קרליין","קוסמופארם בע""\מ",IL,שמפו למניעת קשקשים ק,מיליליטרים,700.00,"100 מ""ל",false,,13.90,0.0199,true,1,303668
7290108356564,false,"קרליין - מרכך 10 לשיער רגיל 700 מ""ל","קוסמופארם בע""\מn\",IL,מרכך לשיער רגיל קרלי,מיליליטרים,700.00,"100 מ""ל",false,,13.90,0.0199,true,1,303682
7290108356571,false,"קרליין - מרכך 10 לשיער יבש 700 מ""ל","קוסמופארם בע""\מ",IL,מרכך לשיער יבש קרליי,מיליליטרים,700.00,"100 מ""ל",false,,13.90,0.0199,true,1,303696
7290108356809,false,סבון בוטני ורד ומרווה לניקוי וטיפוח הידיים טבעוני 1 ל' כיף,קוסמופארם בע'\'\מ,IL,סבון בוטני לניקוי יד,ליטרים,1.00,ליטר,false,,15.90,15.9000,true,1,542151
7290108356816,false,"סבון בוטני גרניום ופטצ'ולי לניקוי וטיפוח הידיים, טבעוני 1 ל' כיף",קוסמופארם בע'\'\מ,IL,סבון בוטני גרניום לנ,ליטרים,1.00,ליטר,false,,15.90,15.9000,true,1,542166
7290108357004,false,כיף שמפו ורד ושמן קוקוי לרכות וברק,טרופיקל דגיל תעשיות,IL,כיף שמפו לשיער ורד ו,מיליליטרים,700.00,"100 מ""ל",false,,11.90,0.0170,true,1,30831
7290108357011,false,כיף קונדישינר לשיער שמן קוקוי 700 מל,טרופיקל דגיל תעשיות,IL,כיף מרכך לשיער ורד ו,מיליליטרים,700.00,"100 מ""ל",false,,11.90,0.0170,true,1,30832
7290108357028,false,"תחליב רחצה כיף ורד ושמן קוקוי 700 מ""ל",קוסמופארם בעמ,IL,כיף תחליב רחצה ורד ו,מיליליטרים,700.00,"100 מ""ל",false,,11.90,0.0170,true,1,30833
7290108357080,false,"קרליין - נושם ביו דאודורנט ספריי 150 מ""ל Secret Garden לאישה",קוסטר אירוסול,IL,דיאודורנט ספריי בניח,מיליליטרים,150.00,"100 מ""ל",false,,12.90,0.0860,true,1,384912
7290108357196,false,"ג'ט פלוס לניקוי כללי בתוספת תמצית עץ התה 750 מ""ל סנו",מיוצר עי קונדיטוריית,IL,סנו ג'ט פלוס לניקוי,מיליליטרים,750.00,"100 מ""ל",false,,12.90,0.0172,true,1,180754
7290108357202,false,סנוקליר לניקוי בניחוח בלו בלוסום 1 ליטר,"סנו מפעלי ברונוס בע""\מ",IL,סנו קליר אקדח בניחוח,ליטרים,1.00,ליטר,false,,11.90,11.9000,true,1,136892
7290108357233,false,סנוקליר מטליות לחות לניקוי והברקה 50יח,"סנו מפעלי ברונוס בע""\מ",IL,מטליות לחות לניקוי ו,יחידה,0.00,יחידה,false,,12.90,0.0000,true,1,346068
7290108357240,false,"אוקסיג'ן פאוור תוסף להסרת כתמים קשים 1.4 ק""ג",החברה הדרומית,IL,אוקסיג'ן אבקה תוסף ל,קילוגרמים,1.40,"ק""ג",false,,29.90,21.3571,true,1,346430
7290108357264,false,"פרש אוטומטי מילוי בניחוח מרכך הכביסה אולטרה 375 מ""ל סנו",סנו מפעלי ברונוס בעמ,IL,מבשם לבית בניחוח אול,גרמים,250.00,100 גרם,false,,13.90,0.0556,true,1,497440
7290108357271,false,סנובון ג'ל לניקוי אסלות עם חמצן פעיל לניקוי עוצמתי,סנו מפעלי ברונוס בעמ,IL,סנובון ג'ל לניקוי אס,מיליליטרים,750.00,"100 מ""ל",false,,11.90,0.0159,true,1,497481
7290108357288,false,אקונומיקה ז'אוול בניחוח פריחה לבנה 4 ל' סנו,סנו ז'אוול Javel,IL,סנו ז'אוול בניחוח פר,ליטרים,4.00,ליטר,false,,16.90,4.2250,true,1,351075
7290108357295,false,"מרסס אוקסיג'ן מסיר כתמים סנו לכביסה לבנה 750 מ""ל","סנו מפעלי ברונוס בע""\מ",IL,מרסס אוקסיג'ן מסיר כ,מיליליטרים,750.00,"100 מ""ל",false,,17.90,0.0239,true,1,497467
7290108357301,false,"סנו - K300 קוטל חרקים תיקנים ונמלים 300 מ""ל","סנו מפעלי ברונוס בע""\מ",IL,סנו קיי-301 צהוב 300,מיליליטרים,300.00,"100 מ""ל",false,,12.90,0.0430,true,1,495558
7290108357394,false,"תחליב רחצה קרמה חלב ודבש 700 מ""ל",קוסמופארם בע'\'\מ,IL,קרמה תחליב רחצה חלב,מיליליטרים,700.00,"100 מ""ל",false,,16.90,0.0241,true,1,136866
7290108357400,false,"תחליב רחצה קרמה לבנדר ואקליפטוס 700 מ""ל",קוסמופארם בעמ,IL,קרמה תחליב רחצה לבנד,מיליליטרים,700.00,"100 מ""ל",false,,16.90,0.0241,true,1,90325
7290108357417,false,"קרמה - קרם גוף קרמה ורד ווניל 500 מ""ל",טרופיקל דגיל תעשיות,IL,קרם גוף קרמה ורד וונ,מיליליטרים,500.00,"100 מ""ל",false,,24.90,0.0498,true,1,102587
7290108357424,false,"קרם גוף קרמה נרולי ומגנוליה 500 מ""ל",קוסמופארם בע'\'\מ,IL,קרם גוף קרמה נרולי ו,מיליליטרים,500.00,"100 מ""ל",false,,24.90,0.0498,true,1,102588
7290108357493,false,"תחליב רחצה קרמה וניל ופלפל ורוד 700 מ""ל",גוד פוד פרודקטס S.p,IL,קרמה תחליב רחצה וניל,מיליליטרים,700.00,"100 מ""ל",false,,16.90,0.0241,true,1,136841
7290108357509,false,"קרם גוף קרמה וניל ופלפל ורוד 500 מ""ל",טרופיקל דגיל תעשיות,IL,קרם גוף קרמה וניל ופ,מיליליטרים,500.00,"100 מ""ל",false,,24.90,0.0498,true,1,161919
7290108357707,false,"כיף שמפו לשיער רגיל- תפוח זרעי צ'יה 700 מ""ל",גוד פוד פרודקטס S.p,IL,שמפו לשיער רגיל תפוח,מיליליטרים,700.00,"100 מ""ל",false,,11.90,0.0170,true,1,30835
7290108357745,false,שמפו ומרכך 2 ב-1 תאנה ומנטה לכל סוגי השיער,גוד פוד פרודקטס S.p,IL,שמפו ומרכך תאנה ומנט,מיליליטרים,700.00,"100 מ""ל",false,,11.90,0.0170,true,1,30838
7290108357769,false,"מרכך לשיער רגיל תפוח וזרעי צ'יה 700 מ""ל כיף",גוד פוד פרודקטס S.p,IL,מרכך לשיער רגיל תפוח,מיליליטרים,700.00,"100 מ""ל",false,,11.90,0.0170,true,1,30840
7290108357776,false,"כיף מרכך לשיער יבש -רימונים ושמן ארגן 700 מ""ל",גוד פוד פרודקטס S.p,IL,מרכך לשיער יבש רימונ,מיליליטרים,700.00,"100 מ""ל",false,,11.90,0.0170,true,1,30841
7290108357851,false,"כיף - ג'ל רחצה אליקסיר אוילס מועשר בשמן קוקוס 700 מ""ל","קוסמופארם בע""\מ",IL,ג'ל רחצה מועשר בשמן,מיליליטרים,700.00,"100 מ""ל",false,,12.90,0.0184,true,1,304406
7290108357875,false,"כיף - שמפו לחות מוגברת עם אפרסק וחמאת מורומורו 700 מ""ל",קוסמופארם בעמ,IL,שמפו לחות מוגברת אפר,מיליליטרים,700.00,"100 מ""ל",false,,11.90,0.0170,true,1,384758
7290108357882,false,"כיף - מרכך לחות מוגברת עם אפרסק וחמאת מורומורו 700 מ""ל",קוסמופארם בעמ,IL,מרכך לחות מוגברת אפר,מיליליטרים,700.00,"100 מ""ל",false,,11.90,0.0170,true,1,384772
7290108358087,false,"תחליב רחצה קרמה מאסק 700 מ""ל",גוד פוד פרודקטס S.p,IL,קרמה תחליב רחצה מאסק,מיליליטרים,700.00,"100 מ""ל",false,,16.90,0.0241,true,1,106129
7290108358094,false,"קרמה - תחליב רחצה חמאת שיאה וקוקוי 500 מ""ל","קוסמופארם בע""\מn\",IL,תחליב רחצה חמאת שיאה,מיליליטרים,500.00,"100 מ""ל",false,,12.90,0.0258,true,1,231939
7290108359015,false,סושי שקיות זיפר עם סליידר 20 יח מדיום,החברה הדרומית,CN,שקיות זיפר עם סליידר,יחידה,0.00,יחידה,false,,14.90,0.0000,true,1,307366
7290108359060,false,סנו סושי כריות הפלא רב תכלתיות *4 לשבת,סנו מפעלי ברונו בעמ,IL,כריות ניקוי לשבת 4 י,יחידה,0.00,יחידה,false,,11.90,0.0000,true,1,236381
7290108359077,false,סנו - סופט לושן ממחטות אף בקופסא 3 שכבות 120 יח',"סנו מפעלו ברונוס בע""\מ",EG,ממחטות אף בקופסא 3 ש,יחידה,0.00,יחידה,false,,12.90,0.0000,true,1,307393
7290108359084,false,סנו סושי כיסוי ניילון עם גומי 30 יחידות M,תאיזו ווילד,IL,סנו סושי כיסוי ניילו,יחידה,0.00,יחידה,false,,11.90,0.0000,true,1,570113
7290108359114,false,סנו סושי – 10 חמגשית אלומיניום עם מכסה,סנו סושי,IL,סנו סושי חמגשית אלומ,יחידה,0.00,יחידה,false,,10.90,0.0000,true,1,497603
7290108359121,false,סנו סושי שקיות אשפה חזקות במיוחד 100 יח' L,סנו סושי,IL,שקיות אשפה חזקות במי,יחידה,0.00,יחידה,false,,59.90,0.0000,true,1,346655
7290108359145,false,סנו סושי דפי ספוג הפלא12,קריות זול,CN,סנו סושי דפי ספוג הפ,יחידה,0.00,יחידה,false,,11.90,0.0000,true,1,565714
7290108359169,false,"תבנית אלומיניום עגולה 628 ס""מ יחי סנו סושי","אופל אריזות בע""\מ",IL,סנו סושי-6 תבניות אל,יחידה,0.00,יחידה,false,,11.90,0.0000,true,1,566634
7290108359176,false,סנו סופט ממחטות אף תלת שכבתיות עשירות בלחות,החברה הדרומית,IL,סנו סופט ממחטות אף ת,יח',200.00,יח',false,,13.90,0.0695,true,1,586262
7290108359190,false,סנו סושי מגבות הפלא 4=12 גליל ארוך פי 3,החברה הדרומית,IL,סנו סושי מגבות הפלא,יחידה,0.00,יחידה,false,,24.90,0.0000,true,1,588515
7290108359824,false,"כיף - בייבי כיף קרם 500 מ""ל",קוסמופארם בעמ,IL,קרם גוף HYDROMOIST ב,מיליליטרים,500.00,"100 מ""ל",false,,21.90,0.0438,true,1,30844
7290108359831,false,"כיף - בייבי כיף שמן 500 מ""ל","מיוצר ומשווק ע""י קוס",IL,שמן גוף בייבי כיף 50,מיליליטרים,500.00,"100 מ""ל",false,,21.90,0.0438,true,1,30845
7290108359862,false,בייבי כיף אל סבון 1 ליטר,בייבי כיף Baby,IL,אלסבון HYDROMOIST ב,ליטרים,1.00,ליטר,false,,18.90,18.9000,true,1,30848
7290108359893,false,"תחליב רחצה בייבי כיף+משאבה 750 מ""ל",גוד פוד פרודקטס S.p,IL,תחליב רחצה HYDROMOIS,מיליליטרים,750.00,"100 מ""ל",false,,15.90,0.0212,true,1,30851
7290108359985,false,סנו - ז'אוול מרסס קצף לניקוי וחינו בניחוח פריחה לבנה 1 ליטר,סנו ז'אוול Javel,IL,אקונומיקה מרסס עם ממ,ליטרים,1.00,ליטר,false,,17.90,17.9000,true,1,351269
7290108500677,false,כבד דג שיבוט בשמן דג וילי פוד 115 גרם,"איטיליאן פוד, אס.פי.",IS,כבד דג שיבוט בשמן וי,גרמים,115.00,100 גרם,false,,8.90,0.0774,true,1,3046
7290108501360,false,גבינת צ'דר בשלה ויליפוד 200 גרם,ווייקה פארמס,GB,גבינת צ'דר בשלה 200,גרמים,200.00,100 גרם,false,,17.90,0.0895,true,1,3073
7290108501407,false,גבינת צ'דר מיושנת ויליפוד 200 גרם,וויקה פארמס אל.טי.די,GB,גבינת צ'דר מיושנת 20,גרמים,200.00,100 גרם,false,,17.90,0.0895,true,1,3076
7290108501490,false,גבינת מוצרלה פרוסות 150גרם RO CHEESE,ג.וילי פוד אינטרנשיונל ב,IL,גבינה מוצרלה פרוסות,גרמים,150.00,100 גרם,false,,12.90,0.0860,true,1,3084
7290108502305,false,גבינת גרנה פדנו משולש ויליפוד 150 גרם,וילי פוד,IT,גבינת גרנה פדנו משול,גרמים,150.00,100 גרם,false,,16.90,0.1127,true,1,3133
7290108502862,false,מלפפונים כבושים במלח 18-25 קטנים ויליפוד 600 גרם,זיתור סאן גידה סני וטיקר,TR,מלפפונים כבושים במלח,גרמים,600.00,100 גרם,false,,8.90,0.0148,true,1,3170
7290108503043,false,תפוחונים חטיף פלחים מיובשים מארז 22X4ג',הביי דונגפנג פוד קו. בעמ,CN,מארז רביעייה תפוחוני,גרמים,88.00,100 גרם,false,,12.90,0.1466,true,1,3181
7290108503067,false,פרמז'נו משולש ויליפוד 150 גרם,וילי פוד,IT,פרמז'נו משולש 150 גר,גרמים,150.00,100 גרם,false,,13.90,0.0927,true,1,3183
7290108503791,false,ניוקי תפוח אדמה 3 צבעים 500 גרם (ללא גלוטן),סיימה אלימנטרי,IT,ניוקי תפוחי אדמה 3 צ,גרמים,500.00,100 גרם,false,,11.90,0.0238,true,1,142136
7290108504279,false,קשקבל \איבריקו\ מנצ'גו צ'אנק 150 גרם,ג.וילי פוד אינטרנשיו,ES,קשקבל צ'אנק 150 גר'.,גרמים,150.00,100 גרם,false,,16.90,0.1127,true,1,3243
7290108504293,false,מנצ'גו צ'אנק ויליפוד 150 גרם,ג.וילי פוד אינטרנשיו,ES,מנצ'גו צ'אנק 150 גר',גרמים,150.00,100 גרם,false,,16.90,0.1127,true,1,3245
7290108504699,false,רביעיית טונה בשמן קנולה פתח קל ויליפוד 4*160 גרם,גולדן פרייז קאנינג אל טי,TH,נתחי טונה בשמן קנולה,גרמים,640.00,100 גרם,false,,21.40,0.0334,true,1,3262
7290108504934,false,"דפי אורז למילוי 22 ס""מ 300 גרם בית יוסף",וילי פוד - מנת השף,VN,דפי אורז למילוי קוטר,גרמים,300.00,100 גרם,false,,9.90,0.0330,true,1,364147
7290108505733,false,צמות-גבינה חצי קשה 25% שומן 200 גרם,סאסו פטוראגס קומטויס אף,TR,צמות גבינה חצי קשה 2,גרמים,200.00,100 גרם,false,,12.90,0.0645,true,1,73315
7290108506495,false,"כנאפה מאפה בצק ""שערות"" קדאיף וגבינה",ארמה גרופ,TR,כנאפה קפוא 192.5 גרם,גרמים,192.50,100 גרם,false,,12.90,0.0670,true,1,65444
7290108506501,false,אצבעות בצק פילו ממולאות גבינה 500 ג' ויליפוד,סיהאן גידה,TR,אצבעות בצק פילו ממול,גרמים,500.00,100 גרם,false,,15.90,0.0318,true,1,372742
7290108506969,false,מאפה בורקס מים תורכי גבינה ויליפוד 300 גרם,וילי פוד,TR,מ.בורקס מים תורכי גב,גרמים,300.00,100 גרם,false,,12.90,0.0430,true,1,73287
7290108507010,false,מאפה בורקס מים תורכי תרד וגבינה ויליפוד 300 גרם,וילי פוד,TR,מ.בורקס מים תורכי תר,גרמים,300.00,100 גרם,false,,12.90,0.0430,true,1,73288
7290108507058,false,ביסקויט פריך בשוקולד חלב 100 גרם -קהילות,מודרן צ'יקולטה,TR,ביסקויט פריך בשוקולד,גרמים,100.00,100 גרם,false,,6.90,0.0690,true,1,333886
7290108507942,false,ירקות גינה+טונה 160 גרם בית יוסף,גולדן פרייז קאנינג אל טי,TR,ירקות גינה עם טונה 1,גרמים,160.00,100 גרם,false,,11.90,0.0744,true,1,168439
7290108509250,false,"אנטיפסטי ארטישוק+עגבניות מיובשות וצלפים בשמן חמניות 380 מ""ל",אלימנטוס אי קונסרבס דל א,IT,אנטיפסטי ארטישוק עג,גרמים,580.00,100 גרם,false,,21.90,0.0378,true,1,168411
7290108509267,false,ארוחת פסטה עם רוטב גבינה ויליפוד 206 גרם,הנסיך- מפעל לייצור ט,UA,ארוחת פסטה עם רוטב ג,גרמים,206.00,100 גרם,false,,7.90,0.0383,true,1,194227
7290108509588,false,גבינה פטה 24% עם עשבי תיבול 153 גרם ויליפוד,,GR,גבינה מלוחה עם עשבי,גרמים,153.00,100 גרם,false,,15.90,0.1039,true,1,594222
7290108509595,false,גבינה פטה 24% עגבניות מיובשות וריחן 153 גרם ויליפוד,,GR,גבינה מלוחה עם עגבני,גרמים,153.00,100 גרם,false,,15.90,0.1039,true,1,594223
7290108509618,false,זיתים ירוקים על הגריל מגולענים 730 גר,,TR,זיתים ירוקים על הגרי,גרמים,730.00,100 גרם,false,,19.90,0.0273,true,1,215547
7290108509625,false,זיתים ירוקים ופלפל על הגריל מגולענים במרינדה 730 גרם ויליפוד,,TR,זיתים ירוקים ופלפל,גרמים,730.00,100 גרם,false,,19.90,0.0273,true,1,215561
7290108509700,false,"אורז פרסי DAAWAT מהדרין 1 ק""ג",אל.טי.פודס לימיטד,IN,"אורז פרסי 1 ק""ג DAAW",קילוגרמים,1.00,"ק""ג",false,,9.90,9.9000,true,1,239826
7290108509755,false,EURO גבינת חלומי 23% שומן 250 גרם,סאסו פטוראגס קומטויס אף,CY,גבינת חלומי יורו 25,גרמים,250.00,100 גרם,false,,24.90,0.0996,true,1,588147
7290108509939,false,פרוסות פילה טונה בשמן זית כתית מעולה,וילי פוד,TH,פרוסות פילה טונה 120,גרמים,120.00,100 גרם,false,,12.90,0.1075,true,1,291668
7290108509960,false,נתחי טונה בהירה בשמן זית כתית מעולה - מארז 3 יח',וילי פוד,TH,שלישיית נתחי טונה בה,גרמים,240.00,100 גרם,false,,14.90,0.0621,true,1,291654
7290108970692,false,מטריית מתקפלת אוטומטית,,,מטריה מתקפלת אוטומטי,גרמים,421.00,100 גרם,false,,39.90,0.0948,true,1,101667
7290109071985,false,כפפות גבר,,,כפפות גבר,יחידה,0.00,יחידה,false,,29.90,0.0000,true,1,31373
7290109351025,false,מלך החומוס חומוסטחינה 40% טחינה גולמית,סלטי צבר,IL,מלך החומוס חומוס טחי,גרמים,400.00,100 גרם,false,,13.90,0.0348,true,1,19956
7290109351971,false,פריכיות דגנים פיטנס מצופות שוקולד חלב,פרח תעשיות,IL,בר פריכיות שוקולד חל,גרמים,84.00,100 גרם,false,,12.90,0.1536,true,1,19961
7290109354057,false,קרחוני לה פרוטה La Frutta בטעמי אננס תפוז- 5 יח',תות תעשיות מזון (201,IL,"מאגדת 5 י""ח לה פרוטה",גרמים,350.00,100 גרם,false,,23.90,0.0683,true,1,16204
7290109354101,false,"לחמית ללא גלוטן 200 גר' ""אסם""","אסם תעשיות בע""מ",IL,לחמית ללא גלוטן 200,גרמים,200.00,100 גרם,false,,9.90,0.0495,true,1,19149
7290109492414,false,סכיני מטבח שישייה שח,,,סכיני מטבח שישיה שח,יחידה,0.00,יחידה,false,,11.90,0.0000,true,1,127998
7290109580043,false,"שניצל תירס קלאסי זוגלובק 1.75 ק""ג",זוגלובק,IL,זוגלובק שניצל תירס 1,קילוגרמים,1.75,"ק""ג",false,,49.90,28.5143,true,1,107943
7290109580067,false,"טחון וונדרס 0% בשר , טבעוני","וונדרס ע""י זוגלובק 2000",IL,טחון מן הצומח וונדרס,גרמים,340.00,100 גרם,false,,29.90,0.0879,true,1,143149
7290109580098,false,קבנוס בטעם סרירצ'ה זוגלובק 135 גרם,זוגלובק,IL,*מבצע* קבנוס בטעם סר,גרמים,135.00,100 גרם,false,,9.90,0.0733,true,1,371149
7290109580104,false,רוסטביף פרימיום זוגלובק 150 גרם,זוגלובק,IL,רוסטביף זוגלובק פרמי,גרמים,150.00,100 גרם,false,,24.90,0.1660,true,1,144734
7290109580111,false,צלעות אסאדו מעושנות פרימיום זוגלובק 120 גרם,זוגלובק,IL,צלעות אסאדו מעושנות,גרמים,180.00,100 גרם,false,,24.90,0.1383,true,1,345849
7290109580159,false,פסטרמה בנוסח טוסקנה פרימיום זוגלובק 180 גרם,זוגלובק,IL,פסטרמה בנוסח טוסקנה,גרמים,180.00,100 גרם,false,,24.90,0.1383,true,1,144737
7290109580166,false,סרוולד קלאסי פרימיום זוגלובק 150 גרם,זוגלובק,IL,סרוולד קלאסי זוגלובק,גרמים,150.00,100 גרם,false,,24.90,0.1660,true,1,144738
7290109580227,false,נקניקיות עוף ובקר בסגנון ברלינאי קאריוורסט,זוגלובק,IL,נקנקיות ריינהולד'ס ק,גרמים,300.00,100 גרם,false,,19.90,0.0663,true,1,277158
7290109580241,false,נאגטס מן הצומח זוגלובק 500 גרם,זוגלובק טבע,IL,נאגטס מן הצומח זוגלו,גרמים,500.00,100 גרם,false,,19.90,0.0398,true,1,495327
7290109580319,false,"בורגר וונדרס 0% בשר , טבעוני",זוגלובק וונדרס Wonders,IL,בורגר מן הצומח וונדר,גרמים,280.00,100 גרם,false,,29.90,0.1068,true,1,303871
7290109580432,false,פסטרמה חזה הודו מעושן דק דק זוגלובק 120 גרם,זוגלובק,IL,פסטרמה אקסטרה מעושנת,גרמים,120.00,100 גרם,false,,13.50,0.1125,true,1,495750
7290109580449,false,סלמי בטעם כמהין פרימיום 180 ג' זוגלובק,זוגלובק,IL,סלמי בטעם כמהין פרימ,גרמים,180.00,100 גרם,false,,24.90,0.1383,true,1,495300
7290109920146,false,"דורגול מסיר אבנית מקומקומים 750 מ""ל",יעקובי דורגול,CH,דורגול מסיר אבן לקומ,מיליליטרים,750.00,"100 מ""ל",false,,18.90,0.0252,true,1,11394
7290109920313,false,"אסטוניש מרסס לניקוי חלונות 750 מ""ל",יעקבי- אסטוניש Astonish,GB,אסטוניש מרסס מבריק ש,מיליליטרים,750.00,"100 מ""ל",false,,11.90,0.0159,true,1,11396
7290109920627,false,"אסטוניש קרם ואקונומיקה לניקוי אמבטיות 500 מ""ל",יעקובי אסטוניש,GB,"אסטוניש קרם 500 מ""ל",מיליליטרים,500.00,"100 מ""ל",false,,12.90,0.0258,true,1,11402
7290109921372,false,אסטוניש משחה לניקוי תנורים וגריל+ספוג 250 גרם,יעקובי אסטוניש,GB,משחת אסטוניש+ספוג 25,גרמים,250.00,100 גרם,false,,18.90,0.0756,true,1,11419
7290109921488,false,"דורגול לניקוי וחיטוי מכונת הכביסה יעקבי 500 מ""ל",יעקובי דורגול,DE,דורגול לניקוי וחיטוי,מיליליטרים,500.00,"100 מ""ל",false,,30.90,0.0618,true,1,11421
7290109921587,false,רצפות גרניט פורצלן ייבוש מהיר ללא סימנים,וונדפוט,BE,יעקבי רצפות גרניט פו,ליטרים,1.25,ליטר,false,,14.90,11.9200,true,1,11424
7290109923031,false,"אסטוניש מרסס פרימיום ארומטיק למקלחון 750 מ""ל",יעקובי אסטוניש,GB,אסטוניש פרימיום ארומ,מיליליטרים,750.00,"100 מ""ל",false,,14.90,0.0199,true,1,381193
7290110058814,false,שלישית ביצי שוקולד (חלב ישראל) סמיילי (3X24),שמחה זה אנחנו,IT,שלישיית ביצי שוקולד,גרמים,60.00,100 גרם,false,,12.90,0.2150,true,1,33412
7290110058869,false,שלישית ביצי שוקולד (חלב ישראל) סמי הכבאי (3X24),שמחה זה אנחנו,IT,שלישיית ביצי שוקולד,גרמים,60.00,100 גרם,false,,12.90,0.2150,true,1,33417
7290110110277,false,"סומרסבי סיידר תפוחים אלכוהולי 4*300 מ""ל","קרלסברג קרואטיה , יב",HR,רביעיית סמרסבי סיידר,ליטרים,1.32,ליטר,false,,36.90,27.9545,true,1,7177
7290110110369,false,"שישייה בירה קרלסברג LUMA בקבוק 330 מ""ל",מבשלות בירה בינלאומיות ב,IL,שישיית בירה קרלסברג,ליטרים,1.98,ליטר,false,,35.90,18.1313,true,1,76747
7290110110659,false,"ספרייט לימון ליים פחית 330מ""ל",החברה המרכזית לייצור משק,IL,סליק ספרייט חדש 330,מיליליטרים,330.00,"100 מ""ל",false,,5.50,0.0167,true,1,7196
7290110113377,false,מארז רביעיית קוקה קולה 1 ליטר,החברה המרכזית לייצור משק,IL,מארז רביעיות קוקה קו,ליטרים,4.00,ליטר,false,,29.90,7.4750,true,1,133990
7290110113384,false,קוקה קולה זירו מארז רביעיה 1X4 ליטר,החברה המרכזית לייצור משק,IL,מארז רביעיות קוקה קו,ליטרים,4.00,ליטר,false,,28.90,7.2250,true,1,133991
7290110114787,false,נביעות+ מים מינרליים בטעם תפוח 1.5 ליטר,נביעות טבע הגליל בעמ,IL,נביעות + תפוח 1.5 לי,ליטרים,1.50,ליטר,false,,8.90,5.9333,true,1,244071
7290110114794,false,נביעות+ מים מינרליים בטעם אפרסק 1.5 ליטר,"נביעות טבע הגליל בע""\מ ,",IL,נביעות + אפרסק 1.5 ל,ליטרים,1.50,ליטר,false,,8.90,5.9333,true,1,244086
7290110114800,false,נביעות+ מים מינרליים בטעם ענבים 1.5 ליטר,"נביעות טבע הגליל בע""\מ",IL,נביעות + ענבים 1.5 ל,ליטרים,1.50,ליטר,false,,8.90,5.9333,true,1,244101
7290110114855,false,"נביעות מים מינרליים, שישיה 6 * 1.5 ליטר פקדון",נביעות טבע הגליל בעמ,IL,מי נביעות שישייה 1.5,ליטרים,9.00,ליטר,false,,12.50,1.3889,true,1,244168
7290110114886,false,פריגת סחוט טרי קלמנטינה 2 ליטר,פריגת מצוננים,IL,פריגת משקה קלמנטינה,ליטרים,2.00,ליטר,false,,23.80,11.9000,true,1,243902
7290110114893,false,פריגת סחוט טרי תפוז 2 ליטר,פריגת מצוננים,IL,פריגת סחוט תפוזים 2,ליטרים,2.00,ליטר,false,,23.80,11.9000,true,1,243929
7290110114916,false,מיץ סחוט לימונענע פריגת 2 ליטר,פריגת מצוננים,IL,פריגת סחוט לימונענע,ליטרים,2.00,ליטר,false,,29.20,14.6000,true,1,243972
7290110114954,false,מיץ תפוזים מתקתקים פריגת 2 ליטר,פריגת מצוננים,IL,מיץ תפוזים מתקתק 100,ליטרים,2.00,ליטר,false,,22.20,11.1000,true,1,243973
7290110114961,false,משקה קל תפוזים פריגת 1.5 ליטר,מבשלות בירה בינלאומיות ב,IL,פריגת תפוזים 1.5 ליט,ליטרים,1.50,ליטר,false,,8.90,5.9333,true,1,244182
7290110114985,false,משקה קל אשכוליות פריגת 1.5 ליטר,מבשלות בירה בינלאומיות ב,IL,פריגת אשכולית 1.5 לי,ליטרים,1.50,ליטר,false,,8.90,5.9333,true,1,244197
7290110114992,false,משקה קל לייט אשכוליות פריגת 1.5 ליטר,מבשלות בירה בינלאומיות ב,IL,פריגת דיאט אשכולית 1,ליטרים,1.50,ליטר,false,,8.50,5.6667,true,1,244211
7290110115005,false,משקה קל ענבים פריגת 1.5 ליטר,מבשלות בירה בינלאומיות ב,IL,פריגת ענבים 1.5 ליטר,ליטרים,1.50,ליטר,false,,8.90,5.9333,true,1,244238
7290110115012,false,מיץ ענבים בניחוח מרלו 1.5 ל' פריגת,פריגת,IL,פריגת ענבים בניחוח מ,ליטרים,1.50,ליטר,false,,8.90,5.9333,true,1,244239
7290110115029,false,"פריגת משק""ל תפוח 1.5 ליטר פיקדון",מבשלות בירה בינלאומיות ב,IL,פריגת תפוחים 1.5 ליט,ליטרים,1.50,ליטר,false,,8.90,5.9333,true,1,244305
7290110115036,false,משקה קל מנגו פריגת 1.5 ליטר,מבשלות בירה בינלאומיות ב,IL,פריגת מנגו 1.5 ליטר,ליטרים,1.50,ליטר,false,,8.90,5.9333,true,1,244320
7290110115043,false,משקה קל לימונענע פריגת 1.5 ליטר,מבשלות בירה בינלאומיות ב,IL,פריגת לימונענע 1.5 ל,ליטרים,1.50,ליטר,false,,8.90,5.9333,true,1,244334
7290110115050,false,פריגת מיקס תות בננה 1.5 ליטר פיקדון,מבשלות בירה בינלאומיות ב,IL,פריגת מיקס תות בננה,ליטרים,1.50,ליטר,false,,8.90,5.9333,true,1,244335
7290110115067,false,פריגת אפרסק 1.5 ליטר פיקדון,מבשלות בירה בינלאומיות ב,IL,פריגת אפרסק 1.5 ליטר,ליטרים,1.50,ליטר,false,,8.90,5.9333,true,1,244435
7290110115074,false,פריגת תפוח דובדבן 1.5 ליטר פיקדון,מבשלות בירה בינלאומיות ב,IL,פריגת דובדבן 1.5 ליט,ליטרים,1.50,ליטר,false,,8.90,5.9333,true,1,244450
7290110115081,false,פריגת צלול ענבים 1.5 ליטר פיקדון,"מבשלות בירה לישראל בע""\מ",IL,פריגת צלול ענבים 1.5,ליטרים,1.50,ליטר,false,,8.50,5.6667,true,1,244479
7290110115098,false,פריגת צלול תפוחים 1.5 ליטר פיקדון,"מבשלות בירה לישראל בע""\מ",IL,פריגת צלול תפוח 1.5,ליטרים,1.50,ליטר,false,,8.50,5.6667,true,1,244480
7290110115104,false,פריגת צלול אפרסק 1.5 ליטר פיקדון,מבשלות בירה בינלאומיות ב,IL,פריגת צלול אפרסק 1.5,ליטרים,1.50,ליטר,false,,8.50,5.6667,true,1,244495
7290110115111,false,פריגת צלול אננס 1.5 ליטר פיקדון,"מבשלות בירה לישראל בע""\מ",IL,פריגת צלול אננס 1.5,ליטרים,1.50,ליטר,false,,8.50,5.6667,true,1,244496
7290110115180,false,מים מינרלים נביעות 1.5 ליטר,"נביעות טבע הגליל בע""",IL,נביעות 1.5 ליטר,ליטרים,1.50,ליטר,false,,3.70,2.4667,true,1,286252
7290110115203,false,קוקה קולה 1.5 ליטר פיקדון,החברה המרכזית לייצור משק,IL,קוקה קולה 1.5 ליטר,ליטרים,1.50,ליטר,false,,8.90,5.9333,true,1,244516
7290110115210,false,דיאט קוקה קולה 1.5 ליטר פיקדון,החברה המרכזית לייצור משק,IL,דיאט קוקה קולה 1.5 ל,ליטרים,1.50,ליטר,false,,8.50,5.6667,true,1,244517
7290110115227,false,קוקה-קולה זירו בקבוק 1.5 ליטר,החברה המרכזית לייצור משק,IL,קוקה קולה זירו בקבוק,ליטרים,1.50,ליטר,false,,8.90,5.9333,true,1,244518
7290110115234,false,קוקה-קולה זירו נטול בקבוק 1.5 ליטר,החברה המרכזית לייצור משק,IL,קולה ZERO נטול 1.5 ל,ליטרים,1.50,ליטר,false,,8.90,5.9333,true,1,244519
7290110115241,false,קוקה-קולה זירו לימון בקבוק 1.5 ליטר,החברה המרכזית לייצור משק,IL,קולה ZERO לימון 1.5,ליטרים,1.50,ליטר,false,,8.90,5.9333,true,1,244533
7290110115265,false,ספרייט לימון ליים 1.5 ליטר-,החברה המרכזית לייצור משק,IL,ספרייט 1.5 ליטר LIME,ליטרים,1.50,ליטר,false,,8.90,5.9333,true,1,244645
7290110115272,false,ZERO ספרייט זירו 1.5 ליטר פיקדון,החברה המרכזית לייצור משק,IL,ספרייט זירו 1.5 ליטר,ליטרים,1.50,ליטר,false,,8.50,5.6667,true,1,244646
7290110115296,false,משקה מוגז אורנג' פאנטה 1.5 ליטר,החברה המרכזית לייצור משק,IL,פאנטה אורנג' 1.5 ליט,ליטרים,1.50,ליטר,false,,8.90,5.9333,true,1,244689
7290110115302,false,משקה מוגז אורנג' זירו פאנטה 1.5 ליטר,החברה המרכזית לייצור משק,IL,פאנטה זירו בטעם אורנ,ליטרים,1.50,ליטר,false,,8.90,5.9333,true,1,244703
7290110115319,false,פאנטה אקזוטיק 1.5 ליטר פיקדון,החברה המרכזית לייצור משק,IL,פאנטה אקזוטיק 1.5 לי,ליטרים,1.50,ליטר,false,,8.90,5.9333,true,1,244719
7290110115333,false,פאנטה תות 1.5 ליטר פיקדון,החברה המרכזית לייצור משק,IL,פאנטה תות 1.5 ליטר,ליטרים,1.50,ליטר,false,,8.90,5.9333,true,1,244747
7290110115340,false,פאנטה ענבים 1.5 ליטר פיקדון,החברה המרכזית לייצור משק,IL,פאנטה ענבים 1.5 ליטר,ליטרים,1.50,ליטר,false,,8.90,5.9333,true,1,244748
7290110115357,false,קינלי סודה 1.5 ליטר פיקדון,החברה המרכזית לייצור משק,IL,קינלי סודה 1.5 ליטר,ליטרים,1.50,ליטר,false,,3.50,2.3333,true,1,244762
7290110115364,false,שישייה קוקה קולה 1.5 ליטר פיקדון,החברה המרכזית לייצור משק,IL,קוקה קולה 6*1.5 ליטר,ליטרים,9.00,ליטר,false,,49.90,5.5444,true,1,244535
7290110115371,false,דיאט קוקה קולה שישיות 1.5 ליטר פיקדון,החברה המרכזית לייצור משק,IL,קוקה קולה דיאט 6*1.,ליטרים,9.00,ליטר,false,,47.10,5.2333,true,1,244550
7290110115388,false,ספרייט ליים שישיות 1.5 ליטר פיקדון,החברה המרכזית לייצור משק,IL,ספרייט 6*1.5 ליטר L,ליטרים,9.00,ליטר,false,,49.90,5.5444,true,1,244660
7290110115395,false,ZERO ספרייט שישיות 1.5 ליטר פיקדון,החברה המרכזית לייצור משק,IL,ספרייט זירו 6* 1.5 ל,ליטרים,9.00,ליטר,false,,47.10,5.2333,true,1,244674
7290110115401,false,קינלי סודה שישייה 1.5 ליטר פיקדון,החברה המרכזית לייצור משק,IL,קינלי סודה 6*1.5 ליט,ליטרים,9.00,ליטר,false,,14.90,1.6556,true,1,271969
7290110115418,false,מארז שישייה קוקה קולה זירו 1.5 ל',החברה המרכזית לייצור משק,IL,קוקה קולה זירו שישיי,ליטרים,9.00,ליטר,false,,46.90,5.2111,true,1,244551
7290110115425,false,FUZE TEA גרין לימונענע -נענע 1.5 ליטר פיקדון,מבשלות בירה בינלאומיות ב,IL,פיוז טי לימון נענע 1,ליטרים,1.50,ליטר,false,,8.90,5.9333,true,1,244790
7290110115449,false,אייס תה בטעם מנגו אננס 1.5ל' FUZE TEA,מבשלות בירה בינלאומיות ב,IL,פיוז טי מנגו אננס 1.,ליטרים,1.50,ליטר,false,,9.50,6.3333,true,1,244805
7290110115456,false,"תה קר בטעם אפרסק 19 קלוריות ב- 100 מ""ל",מבשלות בירה בינלאומיות ב,IL,פיוז טי אפרסק 19 קל,ליטרים,1.50,ליטר,false,,8.90,5.9333,true,1,244806
7290110115463,false,פיוז טי אפרסק 1.5 ליטר פיקדון,מבשלות בירה בינלאומיות ב,IL,פיוז טי אפרסק 1.5 לי,ליטרים,1.50,ליטר,false,,9.50,6.3333,true,1,244821
7290110115531,false,משקה מוגז תפוח זירו פאנטה 1.5 ליטר,החברה המרכזית לייצור משק,IL,פאנטה זירו בטעם תפוח,ליטרים,1.50,ליטר,false,,8.90,5.9333,true,1,244704
7290110115593,false,פריגת אשכוליות 40% פחות סוכר 1.5 ליטר פיקדון,מבשלות בירה בינלאומיות ב,IL,משקה קל בטעם אשכוליו,ליטרים,1.50,ליטר,false,,8.50,5.6667,true,1,244465
7290110115609,false,פריגת ענבים 40% פחות סוכר 1.5 ליטר פיקדון,מבשלות בירה בינלאומיות ב,IL,משקה קל בטעם ענבים 4,ליטרים,1.50,ליטר,false,,8.50,5.6667,true,1,244481
7290110115616,false,FUZE tea zero גרין אננס 1.5 ליטר פיקדון,מבשלות בירה בינלאומיות ב,IL,פיוז טי ZERO גרין אנ,ליטרים,1.50,ליטר,false,,8.90,5.9333,true,1,321521
7290110115869,false,קוקה קולה זירו 1.5 ליטר פיקדון,תות תעשיות מזון (201,IL,קוקה קולה זירו בקבוק,ליטרים,1.50,ליטר,false,,8.90,5.9333,true,1,573650
7290110116064,false,פאנטה ZERO פירות ירוק 1.5 ליטר פיקדון,החברה המרכזית לייצור משק,IL,פאנטה זירו 1.5 ליטר,ליטרים,1.50,ליטר,false,,8.90,5.9333,true,1,443089
7290110116125,false,"סירופ בטעם פטל פריגת 750 מ""ל",סירופ - גבעת חיים,IL,סירופ פריגת טעם פטל,מיליליטרים,750.00,"100 מ""ל",false,,18.90,0.0252,true,1,497318
7290110116149,false,"סירופ בטעם ענבים פריגת 750 מ""ל",סירופ - גבעת חיים,IL,סירופ פריגת טעם ענבי,מיליליטרים,750.00,"100 מ""ל",false,,18.90,0.0252,true,1,497320
7290110116156,false,נביעות+רכיבי פרי מנגו-פסיפלורה 1.5 ליטר-,"נביעות טבע הגליל בע""\מ",IL,נביעות+ פרי בטעם מנג,ליטרים,1.50,ליטר,false,,8.90,5.9333,true,1,539628
7290110116170,false,נביעות+רכיבי פרי אננס-קוקוס 1.5 ליטר-,"נביעות טבע הגליל בע""\מ",IL,נביעות+ פרי בטעם אננ,ליטרים,1.50,ליטר,false,,8.90,5.9333,true,1,539613
7290110116194,false,נביעות+ סדרת 0 קלוריות לימון-ליים 1.5 ליטר,"נביעות טבע הגליל בע""\מ",IL,נביעות+ לימון ליים 0,ליטרים,1.50,ליטר,false,,9.90,6.6000,true,1,539673
7290110116217,false,נביעות+ סדרת 0 קלוריות אשכוליות 1.5 ליטר,"נביעות טבע הגליל בע""\מ",IL,נביעות+ אשכולית 0 קל,ליטרים,1.50,ליטר,false,,8.90,5.9333,true,1,539674
7290110116316,false,"קוקה קולה חג שמח, שישיה 6 * 1.5 ליטר",החברה המרכזית לייצור משק,IL,קוקה קולה 6*1.5 ליטר,ליטרים,9.00,ליטר,false,,49.90,5.5444,true,1,381273
7290110116392,false,"סירופ בטעם תפוזים פריגת 750 מ""ל",סירופ - גבעת חיים,IL,סירופ בטעם תפוזים 75,מיליליטרים,750.00,"100 מ""ל",false,,18.90,0.0252,true,1,539705
7290110116491,false,פריגת סחוט מיקס אפרסק משמש 1ליטר,פריגת מצוננים,IL,פריגת סחוט MIX אפרסק,ליטרים,1.00,ליטר,false,,14.90,14.9000,true,1,563836
7290110116507,false,פריגת סחוט מיקס אננס בננה אגס 1ליטר,פריגת מצוננים,IL,פריגת סחוט MIX אננס,ליטרים,1.00,ליטר,false,,14.90,14.9000,true,1,563837
7290110116521,false,"פריגת סחוט מיקס אפרסק משמש 400 מ""ל",פריגת,IL,פריגת סחוט MIX אפרסק,מיליליטרים,400.00,"100 מ""ל",false,,8.90,0.0223,true,1,582759
7290110320591,false,גבינה בולגרית במרקם מעודן 16% פיראוס,תנובה חלב,IL,בולגרית 16% במרקם מע,גרמים,250.00,100 גרם,false,,21.90,0.0876,true,1,26174
7290110320683,false,שמיניית משקה יוגורט 1.5% טעם תות יופלה 107 גרם,מיוצר עי קונדיטוריית,IL,משקה יופלה שמיניה בט,מיליליטרים,856.00,"100 מ""ל",false,,17.90,0.0209,true,1,26180
7290110320850,false,פתיתים גבינה חצי קשה מגורדת 28% שומן,תנובה מרכז שיתופי לש,IL,עמק פתיתים 200 גרם,גרמים,200.00,100 גרם,false,,14.90,0.0745,true,1,26190
7290110320867,false,פתיתים גבינה חצי קשה מגורדת 28% שומן,תנובה מרכז שיתופי לש,IL,עמק פתיתים למאפים 28,גרמים,500.00,100 גרם,false,,35.90,0.0718,true,1,26191
7290110320935,false,גבינת מוצרלה תנובה 150ג' פרוסות,תנובה מרכז שיתופי לש,IL,פרוסות מוצרלה 150 גר,גרמים,150.00,100 גרם,false,,15.90,0.1060,true,1,26196
7290110321277,false,קוטג' בקטנה 5% תנובה 100 גרם מהדרין,פארייפאבה אגרואינדוס,IL,קוטג' תנובה בקטנה 5,גרמים,100.00,100 גרם,false,,2.50,0.0250,true,1,26222
7290110321284,false,קוטג' בקטנה 9% תנובה 100 גרם מהדרין,פארייפאבה אגרואינדוס,IL,קוטג' תנובה בקטנה 9,גרמים,100.00,100 גרם,false,,2.50,0.0250,true,1,26223
7290110321604,false,קוביות פיראוס בולגרית מעודנת 5% 200 גרם - רבנות,תנובה חלב,IL,פיראוס קוביות בולגרי,גרמים,200.00,100 גרם,false,,19.90,0.0995,true,1,26239
7290110321680,false,יוגורט GO בטעם תות 20 גרם חלבון בגביע,מיוצר עי קונדיטוריית,IL,יופלה גו בטעם תות 20,גרמים,200.00,100 גרם,false,,5.00,0.0250,true,1,26245
7290110321697,false,יוגורט GO בטעם אפרסק 20 גרם חלבון בגביע,מיוצר עי קונדיטוריית,IL,יופלה גו בטעם אפרסק,מיליליטרים,200.00,"100 מ""ל",false,,5.00,0.0250,true,1,26246
7290110321703,false,יוגורט עם פירות יער בתוספת חלבוני חלב 2% שומן,מיוצר עי קונדיטוריית,IL,יופלה גו בטעם פרות י,מיליליטרים,200.00,"100 מ""ל",false,,5.00,0.0250,true,1,26247
7290110322038,false,"תנובה טופו פיקנטי 300 גר' בד""צ",שוורצקוף& הנקל דיסלד,IL,טופו פיקנטי 300 גרם,גרמים,300.00,100 גרם,false,,12.90,0.0430,true,1,26268
7290110322946,false,יופלה טיוב יוגורט במרקם חלק בטעם תות בננה כשרות רבנות 348 ג',תנובה חלב,IL,יופלה טיוב יוגורט במ,מיליליטרים,348.00,"100 מ""ל",false,,11.90,0.0342,true,1,26290
7290110323097,false,מעדן גבינה עם תות 5% שומן 80 ג' תנובה,תנובה בעמ,IL,תאומים 80 גרם גביע ב,גרמים,80.00,100 גרם,false,,2.00,0.0250,true,1,26297
7290110323301,false,טל העמק בסגנון אמנטל 32% שומן 200 גרם,עמק - תנובה,IL,גבינת עמק טל 32% שומ,גרמים,200.00,100 גרם,false,,19.90,0.0995,true,1,26313
7290110323585,false,יופלה יוגורט עם דובדבן מופחת קלוריות 200 ג' GO,יופלה Yoplait,IL,יופלה GO לייט עם דוב,גרמים,200.00,100 גרם,false,,5.00,0.0250,true,1,26331
7290110323592,false,יופלה יוגורט עם אפרסק מופחת קלוריות 200 ג' GO,יופלה Yoplait,IL,יופלה GO לייט עם אפר,גרמים,200.00,100 גרם,false,,5.00,0.0250,true,1,26332
7290110323714,false,משקה קוקוס שקדים תנובה E אלטרנטיב,מיוצר עי קונדיטוריית,IL,תנובה משקה קוקוס שקד,יחידה,0.00,יחידה,false,,13.50,0.0000,true,1,26343
7290110323998,false,מאגדת שמינייה מיני קרלו קצפת 8*77 ג',תנובה מרכז שיתופי לש,IL,מאגדת 8 מיני קרלו ק,גרמים,616.00,100 גרם,false,,12.50,0.0203,true,1,174429
7290110324353,false,יוגורט GO לייט בטעם אננס 20 גרם חלבון בגביע,"תנובה בע""\מ",IL,יופלה גו לייט בטעם א,גרמים,200.00,100 גרם,false,,5.00,0.0250,true,1,26384
7290110324551,false,יופלה טיוב יוגורט במרקם חלק תות כשרות מהדרין,"תנובה בע""\מ",IL,יופלה טיוב יוגורט במ,מיליליטרים,348.00,"100 מ""ל",false,,11.90,0.0342,true,1,26402
7290110324711,false,ממרח סויה 9% שומן בטעם טבעי תנובה 250 גרם,מיוצר עי קונדיטוריית,IL,ממרח סויה 9% בטעם טב,גרמים,250.00,100 גרם,false,,8.90,0.0356,true,1,26411
7290110324841,false,מעדן שקדים עם שוקולד מריר תנובה 125 גרם,מיוצר עי קונדיטוריית,IL,מעדן שקדים עם שוקולד,גרמים,125.00,100 גרם,false,,4.50,0.0360,true,1,26421
7290110324858,false,מעדן שקדים בטעם אגוזי לוז תנובה 125 גרם,תנובה Alternative,IL,מעדן שקדים בטעם אגוז,גרמים,125.00,100 גרם,false,,4.50,0.0360,true,1,26422
7290110324872,false,גבינה צהובה גלבוע 5% שומן 200 גרם,גלבוע - תנובה,IL,גלבוע גבינה פרוסה 5%,גרמים,200.00,100 גרם,false,,18.90,0.0945,true,1,26423
7290110324926,false,משקה סויה ללא תוספת סוכר E אלטרנטיב,תנובה מרכז שיתופי לש,IL,משקה סויה ללא תוספת,יחידה,0.00,יחידה,false,,10.90,0.0000,true,1,26426
7290110325084,false,מאגדת שמינייה מיני קרלו שוניל 8*100גרם,"תנובה בע""\מ",IL,מאגדת שמינייה מיני ק,מיליליטרים,800.00,"100 מ""ל",false,,13.90,0.0174,true,1,26435
7290110325114,false,"משקה יוגורט יופלה גו לייט תות בננה 250 מ""ל - רבנות",מיוצר עי קונדיטוריית,IL,יופלה משקה יוגורט גו,מיליליטרים,250.00,"100 מ""ל",false,,6.50,0.0260,true,1,26438
7290110325305,false,יופלה GO סויה 20 גרם חלבון במתיקות מעודנת תנובה 200 גרם,מיוצר עי קונדיטוריית,IL,יופלה סויה גו 20 גרם,גרמים,200.00,100 גרם,false,,5.00,0.0250,true,1,26442
7290110325312,false,יופלה GO סויה 20 גרם חלבון בטעם תות תנובה 200 גרם,"תנובה בע""\מ",IL,יופלה סויה גו 20 גרם,גרמים,200.00,100 גרם,false,,5.00,0.0250,true,1,26443
7290110325510,false,יופלה טיוב יוגורט במרקם חלק בטעם וניל-יוניקור,"תנובה בע""\מ",IL,יופלה טיוב יוגורט במ,מיליליטרים,348.00,"100 מ""ל",false,,11.90,0.0342,true,1,26448
7290110325619,false,משקה שיבולת שועל תנובה E אלטרנטיב,מיוצר עי קונדיטוריית,IL,תנובה משקה שיבולת שו,יחידה,0.00,יחידה,false,,13.50,0.0000,true,1,26452
7290110325893,false,משקה חלב GO מועשר בחלבון בטעם אייס קפה,מיוצר עי קונדיטוריית,IL,משקה תנובה GO אייס ק,גרמים,340.00,100 גרם,false,,7.90,0.0232,true,1,26471
7290110326173,false,יולו COOKIES שוקולדלבן בטעם קרם עוגיות+עוגיות ונטיפי שוקולד 120 ג',תנובה חלב,IL,יולו קוקיז ש.לבן בטע,גרמים,120.00,100 גרם,false,,4.80,0.0400,true,1,70961
7290110326210,false,יופלה און טופ פצפוצים תנובה 157 גרם,מיוצר עי קונדיטוריית,IL,יופלה און טופ פצפוצי,גרמים,157.00,100 גרם,false,,4.90,0.0312,true,1,62286
7290110326227,false,יופלה און טופ קורנפלקס תנובה 157 גרם,מיוצר עי קונדיטוריית,IL,יופלה און טופ קורנפל,גרמים,157.00,100 גרם,false,,4.90,0.0312,true,1,62287
7290110326234,false,יופלה און טופ כוכבים תנובה 157 גרם,מיוצר עי קונדיטוריית,IL,יופלה און טופ כוכבים,גרמים,157.00,100 גרם,false,,4.90,0.0312,true,1,62288
7290110326241,false,יופלה און טופ גרנולה תנובה 157 גרם,מיוצר עי קונדיטוריית,IL,יופלה און טופ גרנולה,יחידה,157.00,יחידה,false,,4.90,0.0312,true,1,62289
7290110326906,false,חלב נטול לקטוז 3% שומן תנובה 1 ליטר,מיוצר עי קונדיטוריית,IL,חלב נטול לקטוז 3% שו,ליטרים,1.00,ליטר,false,,7.90,7.9000,true,1,117334
7290110327279,false,גבינת שמנת בסגנון טוסקנה נפוליאון 24% שומן 225 ג',תנובה מרכז שיתופי לש,IL,נפוליאון טוסקנה 25%,גרמים,225.00,100 גרם,false,,12.90,0.0573,true,1,94183
7290110327514,false,alternative משקה שיבולת שועל בטעם אגוזי לוז תנובה 1 ליטר,תנובה מרכז שיתופי לש,IL,משקה שיבולת שועל בטע,יחידה,0.00,יחידה,false,,13.50,0.0000,true,1,189660
7290110327545,false,יופלה און טופ בטעם תות בתוספת פצפוצים מצופים שוקולד 157 גרם,מיוצר עי קונדיטוריית,IL,יופלה און טופ בטעם ת,גרמים,157.00,100 גרם,false,,4.90,0.0312,true,1,117439
7290110327637,false,יוגורט דיאט יופלה קיווי 0% שומן 150 ג' יופלה,תנובה מרכז שיתופי לש,IL,יופלה דיאט בטעם קיוו,מיליליטרים,150.00,"100 מ""ל",false,,5.10,0.0340,true,1,117414
7290110327828,false,חטיף חלבון GO - חמאת בוטנים 60 ג' חלב נוכרי - רבנות,"בלמונט קונפקציות בע""\מ.",US,GO חטיף חלבון עם חמא,גרמים,60.00,100 גרם,false,,11.90,0.1983,true,1,168725
7290110328016,false,משקה סויה מועשר בחלבון בטעם אגוזי לוז 250 גרם,תנובה מרכז שיתופי לש,IL,משקה סויה מעושר בחלב,גרמים,250.00,100 גרם,false,,5.90,0.0236,true,1,130997
7290110328023,false,משקה סויה מועשר בחלבון בטעם קפה 250 גרם,תנובה מרכז שיתופי לש,IL,משקה סויה מעושר בחלב,גרמים,250.00,100 גרם,false,,5.90,0.0236,true,1,130998
7290110328054,false,מעדן סויה תות ש.שועל170ג,"תנובה בע""\מ",IL,מעדן GO סויה מועשר ב,גרמים,200.00,100 גרם,false,,5.90,0.0295,true,1,151144
7290110328436,false,פלח גאודה בטעם מעודן עיזים 29% קולקשין,"תנובה בע""\מ",IL,פלח גאודה עיזים בטעם,גרמים,150.00,100 גרם,false,,20.90,0.1393,true,1,150924
7290110328627,false,יוגורט יופלה GO במרקם סמיך בטעם בננה קרמל 0%,מיוצר עי קונדיטוריית,IL,יוגורט גו סמיך 0% בנ,גרמים,200.00,100 גרם,false,,5.00,0.0250,true,1,174400
7290110328641,false,טופו טבעי 500 גרם 2 ALTERNATIVE יחידות *250 גרם,תנובה חלב,IL,טופו טבעי 2 יחידות,גרמים,500.00,100 גרם,false,,17.90,0.0358,true,1,197170
7290110328764,false,יוגורט יופלה GO במרקם סמיך עם תות 0%,מיוצר עי קונדיטוריית,IL,יוגורט גו סמיך 0% תו,גרמים,200.00,100 גרם,false,,5.00,0.0250,true,1,174415
7290110328771,false,יוגורט יופלה GO במרקם סמיך עם פירות יער 0%,מיוצר עי קונדיטוריית,IL,יוגורט גו סמיך 0% פי,גרמים,200.00,100 גרם,false,,5.00,0.0250,true,1,174401
7290110328788,false,יוגורט יופלה GO במרקם סמיך בטעם אפרסק 0%,תנובה מרכז שיתופי לש,IL,יוגורט גו סמיך 0% אפ,גרמים,200.00,100 גרם,false,,5.00,0.0250,true,1,174386
7290110329136,false,מעדן חלב מעושר בחלבון בטעם שוקולד 120 ג' GO,תנובה מרכז שיתופי לש,IL,מעדן חלב גו בטעם שוק,גרמים,120.00,100 גרם,false,,4.60,0.0383,true,1,255581
7290110329143,false,מעדן חלב מעושר בחלבון בטעם וניל גביע 120 ג' GO,תנובה מרכז שיתופי לש,IL,מעדן חלב גו בטעם וני,גרמים,120.00,100 גרם,false,,4.60,0.0383,true,1,255540
7290110329303,false,פרוסות בטעם צהובה קלאסית אלטרנטיב 200 גר,תנובה Alternative,IL,פרוסות צהובה קלאסית,גרמים,200.00,100 גרם,false,,21.90,0.1095,true,1,255608
7290110329709,false,יוגורט תנובה טבעי 0% גביע 200 גרם,מיוצר עי קונדיטוריית,IL,יוגורט טבעי תנובה 0%,גרמים,200.00,100 גרם,false,,3.50,0.0175,true,1,304165
7290110329716,false,משקה חלב קר בטעם קפוצ'ינו 230 גרם תנובה,תנובה מרכז שיתופי לש,IL,קפה קר בטעם קפוצ'ינו,מיליליטרים,230.00,"100 מ""ל",false,,6.90,0.0300,true,1,419880
7290110329723,false,משקה חלב קר בטעם לאטה 230 גרם תנובה,תנובה מרכז שיתופי לש,IL,קפה קר בטעם לאטה תנו,מיליליטרים,230.00,"100 מ""ל",false,,6.90,0.0300,true,1,422797
7290110329792,false,יוגורט סויה BIO Alternative אפרסק 150 ג' תנובה,מיוצר עי קונדיטוריית,IL,סויה BIO אפרסק גביע,גרמים,150.00,100 גרם,false,,4.90,0.0327,true,1,320773
7290110329808,false,יוגורט סויה BIO Alternative תות 150 ג' תנובה,מיוצר עי קונדיטוריית,IL,סויה BIO תות גביע 15,גרמים,150.00,100 גרם,false,,4.90,0.0327,true,1,320774
7290110329815,false,סויה BIO מתיקות מעודנת גביע 150 גרם אלטרנטיב,מיוצר עי קונדיטוריית,IL,סויה BIO מתיקות מעוד,גרמים,150.00,100 גרם,false,,4.90,0.0327,true,1,320775
7290110329822,false,יוגורט סויה BIO Alternative פירות יער 150 ג' תנובה,מיוצר עי קונדיטוריית,IL,סויה BIO פירות יער ג,גרמים,150.00,100 גרם,false,,4.90,0.0327,true,1,320776
7290110329846,false,יוגורט סויה BIO Alternative בטעם טבעי 150 ג' תנובה,תנובה Alternative,IL,סויה BIO טבעי גביע 1,גרמים,150.00,100 גרם,false,,4.90,0.0327,true,1,320777
7290110550394,false,PERFECT BITE שוקולד חלב במילוי קרם ושברי אגוזי לוז 234 גרם,"שטראוס גרופ בע""\מ",IL,מיני חטיפי שוקולד PE,גרמים,234.00,100 גרם,false,,19.90,0.0850,true,1,227331
7290110551254,false,נשנושי תירס 600 גרם טעם הטבע שטראוס,"מיוצר ע""\י או.וי אינטרנש",TH,נשנושי תירס 600 גרם,גרמים,600.00,100 גרם,false,,15.90,0.0265,true,1,559085
7290110552220,false,יוגורט PRO בטעם תות 0% סוכר לבן 20 גרם חלבון בגביע,"שטראוס בריאות בע""\מ",IL,דנונה PRO 20 גרם חלב,גרמים,200.00,100 גרם,false,,5.90,0.0295,true,1,303177
7290110552237,false,יוגורט פרו בטעם אפרסק מנגו ללא סוכר 200 ג' דנונה,"שטראוס בריאות בע""\מ",IL,דנונה PRO 20 גרם חלב,גרמים,200.00,100 גרם,false,,5.90,0.0295,true,1,303163
7290110553036,false,קריספס-פריכיות עם אפונה ובטטה סגולה בטעם בצל מקורמל,"פרח תעשיו מזון בע""מ",IL,פרכית חלבון בטטה סגו,גרמים,60.00,100 גרם,false,,9.90,0.1650,true,1,310388
7290110553098,false,מאגדת חטיפים אנרג'י מיקס צימוקים אגוזים 100X4 גרם,אנרג'י Energy - שטראוס,GB,מיקס מאגדת צימוקים א,גרמים,100.00,100 גרם,false,,17.90,0.1790,true,1,527622
7290110553135,false,נסקפה קפוצ'ינו סטיק וניל 130 ג' עלית,מוקטה אס.פי.,PL,נמס קפוצינו -אבקה לה,גרמים,130.00,100 גרם,false,,16.90,0.1300,true,1,581215
7290110553173,false,אנרגי פריכיות אורז בטעם קרמל 50 גרם,סאנורייס בלגיום,IL,פריכיות אורז בטעם קר,גרמים,40.00,100 גרם,false,,6.90,0.1725,true,1,572011
7290110553180,false,אנרגי פריכיות אורז בטעם תפוח קינמון 50 ג,סאנורייס בלגיום,IL,פריכיות עם תפוח וקינ,גרמים,40.00,100 גרם,false,,6.90,0.1725,true,1,572012
7290110554262,false,חלבית מלבין קפה חלבי 350 ג' עלית,מוקטה אס.פי.,PL,מלבין קפה חלבי 350 ג,גרמים,350.00,100 גרם,false,,17.60,0.0503,true,1,345961
7290110554545,false,קפסולת אספרסו לאפוגטו טעם קוקוס 50 ג' עלית,שטראוס קפה בי.וי.,IL,קפסולות קפה עלית לאפ,גרמים,50.00,100 גרם,false,,16.90,0.3380,true,1,451418
7290110554583,false,מארז חטיפי צ'יטוס פאפס בטעם גבינה - 10 יחידות,"שטראוס פריטו ליי בע""\מ )",IL,מארז צ'יטוס PUFFS בט,גרמים,200.00,100 גרם,false,,14.10,0.0705,true,1,279978
7290110554699,false,"קפה עולה קפסולות אספרסו קלייה איטית וכהה מאוד, 10 * 50 ג'",שטראוס קפה בי.וי.,IL,"שת""פ קפה 50 גרם עולה",גרמים,50.00,100 גרם,false,,19.90,0.3980,true,1,565834
7290110554705,false,קפסולות נספרסו לקפה יוניקו סדרת בתי הקלייה 10יח,שטראוס קפה בי.וי.,IL,"קפסולות שת""פ קפה 50",גרמים,50.00,100 גרם,false,,19.90,0.3980,true,1,565835
7290110554712,false,"קפסולות קפה אספרסו קלייה איטית ובהירה, 10 * 50 ג'",שטראוס קפה בי.וי.,IL,"שת""פ קפה 50 גרם נחת",גרמים,50.00,100 גרם,false,,19.90,0.3980,true,1,565836
7290110554729,false,קפסולות עלית אספרסו 04 תואמות למכונות NESPRESSO,שטראוס קפה בי.וי.,IL,עלית קפסולות אספרסו,גרמים,50.00,100 גרם,false,,16.90,0.3380,true,1,450063
7290110555009,false,זוג פסאטה מחית עגבניות חלקה יד מרדכי 700 גרם,אמיליאנה קונסרב ס.פ.,IT,פסאטה זוגות 700 גרם,גרמים,700.00,100 גרם,false,,11.90,0.0170,true,1,553520
7290110555603,false,ספלנדיד אבקה להכנת משקה בטעם שוקולטה,"ג'אלוסיס י. בע""\מ",GR,אבקה להכנת שוקולטה ס,גרמים,360.00,100 גרם,false,,24.00,0.0667,true,1,582888
7290110555665,false,קקאו דל שומן עלית בקופסא 220 גרם,"ג'אלוסיס י. בע""\מ",GR,אבקת קקאו דל שומן 22,גרמים,220.00,100 גרם,false,,18.90,0.0859,true,1,581365
7290110555788,false,נסקפה קפוצ'ינו פחית וניל 200 ג' עלית,מוקטה אס.פי.,PL,אבקה להכנת משקה קפה,גרמים,200.00,100 גרם,false,,24.90,0.1245,true,1,581321
7290110555795,false,נסקפה קפוצ'ינו פחית קלאסי 200 ג' עלית,מוקטה אס.פי.,PL,אבקה להכנת משקה קפה,גרמים,200.00,100 גרם,false,,24.90,0.1245,true,1,581306
7290110556242,false,"שוקולד מריר פרווה 100 גר' בד""ץ תוצרת חוץ","שטראוס גרופ בע""מ.",FR,שוקולד מריר מעולה 10,גרמים,100.00,100 גרם,false,,5.20,0.0520,true,1,558757
7290110557027,false,חומוס עשיר 50% טחינה גולמית 400 ג' אחלה,מיוצר עי קונדיטוריית,IL,חומוס הסדרה עשיר ב50,גרמים,400.00,100 גרם,false,,12.90,0.0323,true,1,253297
7290110557102,false,מעדן חלב עם שוקולד מועשר בחלבון 150 ג' שטראוס,מיוצר עי קונדיטוריית,IL,מעדן פרו חלב עם שוקו,גרמים,150.00,100 גרם,false,,5.80,0.0387,true,1,222062
7290110557133,false,מעדן הגולן וניל 125 ג' שטראוס,מיוצר עי קונדיטוריית,IL,מעדן הגולן מעדן חלב,גרמים,125.00,100 גרם,false,,2.90,0.0232,true,1,241249
7290110557645,false,מאגדת חטיפים אנרג'י מיקס צימוקים חמוציות 100X4 גרם,קונסרב איטליה,GB,מיקס מאגדת צימוקים ח,גרמים,100.00,100 גרם,false,,17.90,0.1790,true,1,527623
7290110558154,false,דנונה לייט אנד פרי עוגת תפוחים 150ג דנונה,"שטראוס בריאות בע""\מ",IL,דנונה לייט אנד פרי ת,גרמים,150.00,100 גרם,false,,4.90,0.0327,true,1,527261
7290110558284,false,דנונה ביו מולטי שטראוס 200 גרם,"שטראוס בריאות בע""\מ",IL,דנונה מולטי 3% שומן,מיליליטרים,200.00,"100 מ""ל",false,,4.40,0.0220,true,1,495354
7290110558314,false,דנונה פרו 20 גרם חלבון ללא סוכר פיסטוק 200 גרם,"שטראוס בריאות בע""\מ",IL,דנונה פרו ללא סוכר 2,גרמים,200.00,100 גרם,false,,5.90,0.0295,true,1,527275
7290110558741,false,"גמדים פאוץ תפוח בננה, 100 ג' שטראוס","שטראוס בריאות בע""\מ",IL,גמדים לדרך תפוח ובננ,גרמים,100.00,100 גרם,false,,5.90,0.0590,true,1,585003
7290110558918,false,עלי חסה קראנצ' שטופים,שטראוס בריאות ירקות טריי,IL,עלי חסה קראנצ שטופים,גרמים,150.00,100 גרם,false,,11.50,0.0767,true,1,560874
7290110559748,false,ריל מאגדת שקדים קוקוס ושוקולד מריר שטראוס 105 גרם,"ואמואליס פודס אס.איי,",GR,מאגדת חטיף Real אנר,גרמים,105.00,100 גרם,false,,15.90,0.1514,true,1,528060
7290110559755,false,ריל מאגדת בוטנים פיסטוק וחמוציות שטראוס 105 גרם,"ואמואליס פודס אס.איי,",GR,מאגדת חטיף Real אנר,גרמים,105.00,100 גרם,false,,15.90,0.1514,true,1,528074
7290110560300,false,"הפריכיות הטעימות חומוס, עדשים שחורות, קינואה ופלפל שחור",אנרג'י Energy - שטראוס,IL,פריכיות משולשות פלפל,גרמים,30.00,100 גרם,false,,5.20,0.1733,true,1,22987
7290110560317,false,"הפריכיות הטעימות חומוס, עדשים שחורות, קינואה ומלח ים","פרח תעשיו מזון בע""מ",IL,פריכיות משולשות מלח,גרמים,30.00,100 גרם,false,,5.20,0.1733,true,1,22988
7290110560324,false,"הפריכיות הטעימות תפו""א, אורז, אפונה ומלח ים","פרח תעשיו מזון בע""מ",IL,פריכיות משולשות אפונ,גרמים,30.00,100 גרם,false,,5.20,0.1733,true,1,22989
7290110561352,false,דנונה יוגורט ביו פרוביוטי 3% דל לקטוז 150ג',"שטראוס בריאות בע""\מ",IL,דנונה ביו דל לקטוז ב,גרמים,200.00,100 גרם,false,,4.10,0.0205,true,1,23925
7290110561604,false,מארז 8 יחידות מעדן גמדים בטעם תות בננה,"שטראוס בריאות בע""\מ",IL,שמיניית גמדים תות בנ,גרמים,800.00,100 גרם,false,,19.80,0.0248,true,1,23934
7290110563431,false,"משקה קפה קר בסגנון קלאסי 230 מ""ל 1.6% יוטבתה",האי נאם סי או אל.טי.,AT,יטבתה משקה קפה קר בס,מיליליטרים,230.00,"100 מ""ל",false,,7.90,0.0343,true,1,23938
7290110563448,false,"משקה קפה קר בסגנון מעודן 230 מ""ל 1.6% יוטבתה",האי נאם סי או אל.טי.,AT,יטבתה משקה קפה קר בס,מיליליטרים,230.00,"100 מ""ל",false,,7.90,0.0343,true,1,23939
7290110563462,false,חלב 2% דל לקטוז בבקבוק יטבתה 1 ליטר.,מחלבת יטבתה,IL,יטבתה חלב בבקבוק נטו,ליטרים,1.00,ליטר,false,,9.30,9.3000,true,1,23941
7290110564339,false,חומוס אחלה הסידרה המובחר 30% טחינה 400 גר',מיוצר עי קונדיטוריית,IL,חומוס הסדרה המובחרת,גרמים,400.00,100 גרם,false,,12.90,0.0323,true,1,23948
7290110564360,false,חומוס אחלה הסידרה המובחר 40% טחינה 400 גר',מיוצר עי קונדיטוריית,IL,חומוס אחלה עשיר ב 40,גרמים,400.00,100 גרם,false,,12.90,0.0323,true,1,23949
7290110564414,false,חומוס אחלה הסידרה המובחר 30% טחינה 600 גר',מיוצר עי קונדיטוריית,IL,חומוס הסדרה המובחרת,גרמים,600.00,100 גרם,false,,14.90,0.0248,true,1,23953
7290110564742,false,"משקה קפה קר בסגנון חזק 230 מ""ל 1.2% יוטבתה",האי נאם סי או אל.טי.,AT,יטבתה משקה קפה קר בס,מיליליטרים,230.00,"100 מ""ל",false,,7.90,0.0343,true,1,23959
7290110565435,false,"לימבו ג'לי פטל 125 גרם חלבי ""שטראוס""","שטראוס גרופ בע""\מ",IL,לימבו בטעם פטל 0% שו,גרמים,125.00,100 גרם,false,,2.50,0.0200,true,1,23964
7290110565527,false,יוגורט PRO פרו 1.5% 20 גרם חלבון בגביע,"שטראוס בריאות בע""מ",IL,דנונה PRO 20 גרם חלב,גרמים,200.00,100 גרם,false,,5.90,0.0295,true,1,23966
7290110566623,false,קפסולות קולומביה עלית 08 למכונת נספרסו מארז 5X10ג',שטראוס קפה בי.וי.,IL,עלית קפסולות קולומבי,גרמים,50.00,100 גרם,false,,16.90,0.3380,true,1,23036
7290110566975,false,דנונה פרו יוגורט 0% תות עשיר בחלבון 200ג',"שטראוס בריאות בע""\מ",IL,דנונה PRO 20 גרם חלב,גרמים,200.00,100 גרם,false,,5.90,0.0295,true,1,23976
7290110567057,false,צנצנת מסטיק מאסט קוביות מנטה חזקה 66 ג' עלית,אסקום קונפקשיין,DE,בוקסי מאסט מנטה אקלי,גרמים,66.00,100 גרם,false,,10.30,0.1561,true,1,23038
7290110568276,false,משקה וניל פרו Pro מועשר בחלבון 1.5%,מחלבת יטבתה,DE,משקה פרו וניל יטבתה,מיליליטרים,350.00,"100 מ""ל",false,,7.30,0.0209,true,1,23989
7290110568559,false,דוריטוס עלית מארז חמוץ חריף 10 יח' *25 ג',"שטראוס פריטו ליי בע""מ )פ",IL,מארז דוריטוס חמוץ חר,גרמים,250.00,100 גרם,false,,9.90,0.0396,true,1,24377
7290110568566,false,דוריטוס גריל עלית מארז 10 יח' *25 ג',"שטראוס פריטו ליי בע""מ )פ",IL,מארז דוריטוס גריל 10,גרמים,250.00,100 גרם,false,,9.90,0.0396,true,1,24378
7290110568627,false,עלית - פסק זמן רול שוקולד חלב עם קרם אגוזים 26 גרם,שולן צ'\יקולטה גידה סאן.,TR,פסק זמן רול ש.חלב עם,גרמים,28.00,100 גרם,false,,3.90,0.1393,true,1,62717
7290110568924,false,עלית - פסק זמן רול שוקולד חלב עם קרם חלב וקוקוס 26 גרם,שולן צ'\יקולטה גידה סאן.,TR,פסק זמן רול ש.חלב עם,גרמים,26.00,100 גרם,false,,3.90,0.1500,true,1,66048
7290110570125,false,"משקה קפה קר בטעם אייריש קרים230 מ""ל יוטבתה",אנסטל מילק kg,AT,קפה קר אייריש קרים 2,מיליליטרים,230.00,"100 מ""ל",false,,7.90,0.0343,true,1,561283
7290110570880,false,פולי אספרסו עשירים וארומטיים עוצמה 14 עלית 250 גרם,,IL,פולי אספרסו עשירים ו,גרמים,250.00,100 גרם,false,,21.90,0.0876,true,1,510512
7290110571375,false,"אנרג'י מיקס תערובת צימוקים, תמרים, טופי ושברי פקאן",אנרג'י Energy - שטראוס,GB,מיקס מאגדת צימוקים ת,גרמים,100.00,100 גרם,false,,17.90,0.1790,true,1,527624
7290110571382,false,מעדן חלב בטעם וניל מעושר בחלבון 150 ג' שטראוס,"שטראוס בריאות בע""\מ",IL,מעדן חלב מועשר בחלבו,גרמים,150.00,100 גרם,false,,5.00,0.0333,true,1,400332
7290110571405,false,עלית - מיני פינוקיות בגביע פסק זמן 180 גרם,"הגביע מוצרי ופלים בע""\מ",IL,מיני פינוקיות פסק זמ,גרמים,180.00,100 גרם,false,,10.90,0.0606,true,1,581185
7290110571412,false,מיני פינוקיות - פאדג' שוקולד בגביע 180 גרם,"הגביע מוצרי ופלים בע""\מ",IL,מיני פינוקיות בגביע,גרמים,180.00,100 גרם,false,,10.90,0.0606,true,1,581170
7290110572129,false,כיף כף מקלות שוקולד לבן 40 ג' עלית,סולן בעבור שטראוס,TR,כיף כף מקלות שוקולד,גרמים,40.00,100 גרם,false,,5.20,0.1300,true,1,584133
7290110572969,false,כיף כף פצפצים עקרם לבן 40ג' עלית,שולן צ'\יקולטה גידה סאן.,TR,כיף כף פצפצים קרם לב,גרמים,40.00,100 גרם,false,,5.20,0.1300,true,1,527461
7290110572976,false,כיף כף פצפצים בגביע במילוי קרם בטעם שוקולד לבן,שולן צ'\יקולטה גידה סאן.,TR,כיף כף פצפצים קרם לב,גרמים,135.00,100 גרם,false,,10.40,0.0770,true,1,527316
7290110576318,false,מאגדת שלישיית שוקולד אגוז לבן 300 ג' עלית,סמואה,FR,מארז שלישיית אגוז ל,גרמים,300.00,100 גרם,false,,23.10,0.0770,true,1,562534
7290110576370,false,מארז שלישייה שוקולד מריר חלבי עם אגוזי לוז,סמואה,FR,מארז שלישיית אגוז מ,גרמים,300.00,100 גרם,false,,23.10,0.0770,true,1,562535
7290110576752,false,טבלאות שוקולד ספלנדיד מריר 70% 100 ג' עלית,קימ'ס גריפלנן,BE,שוקולד ספלנדיד מריר,גרמים,100.00,100 גרם,false,,9.90,0.0990,true,1,581437
7290110576776,false,טבלאות שוקולד ספלנדיד מריר 85% 100 ג' עלית,קימ'ס גריפלנן,BE,שוקולד ספלנדיד מריר,גרמים,100.00,100 גרם,false,,9.90,0.0990,true,1,581438
7290110576790,false,גבינת סקי 3% בטעם מוקה 125 גרם,"שטראוס בריאות בע""\מ",IL,מעדן גבינה בטעם מוקה,גרמים,125.00,100 גרם,false,,3.90,0.0312,true,1,561312
7290110576851,false,"שמיניית משקה גמדים סלט פירות 108 מ""ל","שטראוס בריאות בע""\מ",IL,מארז גמדים לשתייה ס,מיליליטרים,864.00,"100 מ""ל",false,,19.90,0.0230,true,1,563186
7290110577711,false,"משקה שייק חלבון מי גבינה עם אפרסק ומנגו350מ""ל יטבתה",מחלבת יטבתה,IL,שייק חלבון whey אפרס,מיליליטרים,350.00,"100 מ""ל",false,,7.90,0.0226,true,1,581962
7290110577728,false,"משקה שייק חלבון מי גבינה עם פירות יער 350מ""ל יטבתה",מחלבת יטבתה,IL,שייק חלבון whey עם פ,מיליליטרים,350.00,"100 מ""ל",false,,7.90,0.0226,true,1,581918
7290111091520,false,"דר' עור תחליב רחצה קלאסי -קוקוס 700 מ""ל","אמיליה קוסמטיקס בע""מ",IL,תחליב רחצה קלאסי קוק,מיליליטרים,700.00,"100 מ""ל",false,,15.90,0.0227,true,1,29613
7290111093005,false,"I-CARE מג'להסרת איפור, 25 יח בפלופק",די.פי.אל תעשיות מוצר,IL,מגבונים להסרת איפור,יחידה,0.00,יחידה,false,,7.90,0.0000,true,1,29616
7290111093470,false,"קוויק מסיר הפלא ספוגית להסרת כתמים, 3 יחידות",,CN,קוויק מבריק פלא להסר,יחידה,0.00,יחידה,false,,10.90,0.0000,true,1,502138
7290111093982,false,"טרופיקל תחליב רחצה פסיפלורה ואינקה אינצ'י 700 מ""ל דר' עור","אמיליה קוסמטיקס בע""\מ",IL,תחליב רחצה פסיפלורה,מיליליטרים,700.00,"100 מ""ל",false,,15.90,0.0227,true,1,563610
7290111094392,false,"טרופיקל תחליב רחצה קוקוס וליים 700 מ""ל דר' עור","אמיליה קוסמטיקס בע""\מ",IL,תחליב רחצה קוקוס ולי,מיליליטרים,700.00,"100 מ""ל",false,,15.90,0.0227,true,1,563611
7290111095818,false,קוויק שקיות אשפה L חזקות במיוחד עם שרוך 40 יח',,TR,שקיות אשפה L עם שרו,יחידה,0.00,יחידה,false,,19.90,0.0000,true,1,29620
7290111096921,false,קוויק מגבונים לניקוי כללי בתוספת חומץ ומלח לימון 50 יח',די.פי.אל,IL,מטליות לחות לניקוי ב,יחידה,0.00,יחידה,false,,8.90,0.0000,true,1,242126
7290111097546,false,קוויק מגבונים 99.9% לניקוי כללי למשטחים בניחוח מרכך כביסה 50 יחידות,די.פי.אל,IL,קוויק מטליות לחות לנ,יחידה,0.00,יחידה,false,,8.90,0.0000,true,1,355189
7290111098536,false,מגבונים לחים לתינוק,,,מגבונים לחים לתינוק,יחידה,0.00,יחידה,false,,14.90,0.0000,true,1,396023
7290111285288,false,צלחת במבוק 23 סמ ספיידרמן,שמחה זה אנחנו,CN,צלחת במבוק 9 אנץ,יחידה,0.00,יחידה,false,,10.90,0.0000,true,1,33433
7290111285370,false,קערה במבוק ספידרמן יח,שמחה זה אנחנו,CN,קערה במבוק ספיידרמן.,יחידה,0.00,יחידה,false,,9.90,0.0000,true,1,33434
7290111340178,false,מטליות לחות ניקול לניקוי כללי בניחוח מרכך כביסה 50 יח',חוגלה קימברלי,IL,מטליות לחות לניקוי כ,יחידה,0.00,יחידה,false,,10.90,0.0000,true,1,9121
7290111340185,false,מטליות לחות רצפה ניחוח מרכך כביסה ניקול 10 יחידות,חוגלה קימברלי,IL,ניקול לחות לניקוי רצ,יחידה,0.00,יחידה,false,,10.90,0.0000,true,1,9122
7290111342004,false,נייר טואלט לילי לח קידס 56 דפים,חוגלה קימברלי,IL,לילי נייר טואלט לח ק,יחידה,0.00,יחידה,false,,8.90,0.0000,true,1,9154
7290111342042,false,ניקול כריות יפניות אנטיבקטריאלי 4 יחידות,פלסטו פוליש,IL,כריות יפניות אנטיבקט,יחידה,0.00,יחידה,false,,10.90,0.0000,true,1,9155
7290111342523,false,מפיות אירוח לשימוש יומיומי ניקול 100 יח,חוגלה קימברלי,IL,מפיות צבעוני ניקול 1,יחידה,0.00,יחידה,false,,7.90,0.0000,true,1,9159
7290111343117,false,"קלינקס לושן סופט פק זוגות 140 דף ""חדש""",קימברלי קלארק,IL,טישו לושן סופט קליני,יחידה,0.00,יחידה,false,,13.90,0.0000,true,1,110008
7290111343445,false,מגבוני ניקול לניקוי משטחים אנטיבקטריאלי 70% אלכוהול,חוגלה קימברלי,IL,מגבונים לחים לניקוי,יח',160.00,יח',false,,24.90,0.1556,true,1,68876
7290111343797,false,מטליות לחות לניקוי חלונות 48 יח' ניקול,חוגלה קימברלי,IL,ניקול מטליות לחות לנ,יח',50.00,יח',false,,9.90,0.1980,true,1,92356
7290111343827,false,ניקול מטליות רב שימושיות לניקוי וקרצוף 6 יח',UFO,IL,ניקול מטליות רב שימו,יח',9.00,יח',false,,9.90,1.1000,true,1,92369
7290111344138,false,"מטליות ניקול רב""ש אנטיבקטריאליות 6 יח",נ.אורים,IL,מטליות לחות אנטיבקטר,יח',0.00,יח',false,,12.90,0.0000,true,1,77683
7290111344206,false,האגיס נטורל קר מגבונים לחים בבישום עדין רביעייה,חוגלה קימברלי,IL,מגבוני האגיס נטורל ק,יחידה,0.00,יחידה,false,,20.90,0.0000,true,1,235822
7290111344459,false,קוטוקס תחבושות נייט אקסטרא לונג 20 יח',חוגלה קימברלי,CN,תחבושות נייט אקסטרא,יח',18.00,יח',false,,18.90,1.0500,true,1,224951
7290111344503,false,חיתולי האגיס אקסטרה קייר מידה +4 36 יח',חוגלה קימברלי,IL,האגיס אקסטרה קר מידה,יחידה,0.00,יחידה,false,,51.90,0.0000,true,1,154217
7290111344527,false,ניקול שקיות אשפה XXL לפחים ענקיים 20 יחי,קימברלי קלארק,IL,שקיות אשפה ניקול XXL,יחידה,0.00,יחידה,false,,25.90,0.0000,true,1,156222
7290111344558,false,ניקול 100 שקיות אשפה גדול +שרוך,חוגלה קימברלי,IL,שקיות אשפה נשלפות לא,יח',100.00,יח',false,,31.90,0.3190,true,1,280970
7290111344732,false,קלינקס - טיישו אלרג'י קומפורט ניילון זוגות 140 דף,קימברלי קלארק,IL,קלינקס אלרג'י קומפור,יחידה,0.00,יחידה,false,,13.90,0.0000,true,1,222636
7290111344824,false,מגן תחתון קוטקס אקסטרא אנטיבקטריאלי לארג',חוגלה,CN,מגיני תחתון אנטיבקטר,יחידה,0.00,יחידה,false,,17.90,0.0000,true,1,280875
7290111344831,false,קוטקס - מגיני יום אקסטרא פרוטקט נורמל ביג 60 יח',חוגלה קימברלי,CN,מגיני תחתון סופר פרו,יחידה,0.00,יחידה,false,,17.90,0.0000,true,1,280860
7290111345753,false,תחבושות נטורל דואו נורמל 24 יח' קוטקס,קריות זול,CZ,תחבושות כותנה נורמל,יחידה,0.00,יחידה,false,,18.90,0.0000,true,1,354430
7290111345760,false,תחבושות נטורל דואו סופר 18 יח' קוטקס,קריות זול,CZ,תחבושות כותנה סופר +,יחידה,0.00,יחידה,false,,18.90,0.0000,true,1,354431
7290111345777,false,תחבושת קוטקס כותנה לילה 16 יח' קוטקס,קריות זול,CZ,תחבושות כותנה נייט +,יחידה,0.00,יחידה,false,,18.90,0.0000,true,1,354432
7290111345814,false,נייר טואלט לילי נטורל קר 30 גלילים מהדורה,לילי נייר טואלט חוגלה,IL,נייר טואלט נטורל קר,יח',30.00,יח',false,,34.90,1.1633,true,1,280929
7290111350030,false,רסק תפוחי עץ טבעי בצנצנת 670 גרם קלית גת,"ג'י אנד ג'י בע""מ",IL,רסק תפוחי עץ טבעי קל,גרמים,670.00,100 גרם,false,,10.90,0.0163,true,1,12811
7290111350726,false,חטיף נאצוס הוטפופ בסגנון מקסיקני 322 גר,ליימן מותגים,US,הוטפופ נאצ'וס בסגנון,גרמים,322.00,100 גרם,false,,15.90,0.0494,true,1,12821
7290111352140,false,חמוציות מיובשות ברכז תפוחים קליית גת 150 גרם,קליית גת,IL,חמוציות מיובשות ברכז,גרמים,150.00,100 גרם,false,,11.90,0.0793,true,1,12835
7290111352973,false,יוגוטה קוביות חמוצות ממולאות בטעם פירות,יוגטה yogueta,TR,יוגטה קוביות חמוציות,גרמים,220.00,100 גרם,false,,6.90,0.0314,true,1,92035
7290111353055,false,"גומי דובי 200 גר' וסטהיים (כש""לפ בית יוסף)",טופגם תעשיות ממתקים,TR,יוגטה סוכריות גומי ד,גרמים,200.00,100 גרם,false,,8.90,0.0445,true,1,109797
7290111353109,false,"גומי נחש מבריק 200 גר' וסטהיים (כש""לפ בית יוסף).",טופגם תעשיות ממתקים,TR,יוגטה סוכריות גומי נ,גרמים,200.00,100 גרם,false,,8.90,0.0445,true,1,109798
7290111353437,false,חטיף בטטה ומלח ים 120 גרם הוט פופ,איץ.סיי גרופ אס.דה א,HN,הוטפופ ווגי' צ'יפס ח,גרמים,120.00,100 גרם,false,,13.90,0.1158,true,1,137517
7290111353451,false,חטיף בירקות שורש ומלח ים הוטפופ 120 גרם,איץ.סיי גרופ אס.דה א,HN,הוטפופ ווגי' צ'יפס ח,גרמים,120.00,100 גרם,false,,13.90,0.1158,true,1,134229
7290111353550,false,חמאת בוטנים טבעית קליית גת 300 גרם,J&G קיסריה,IL,חמאת בוטנים טבעית קל,גרמים,300.00,100 גרם,false,,14.90,0.0497,true,1,525327
7290111354748,false,כדורגל קליית גת מתנה,,CN,כדורגל קליית גת מתנה,יחידה,0.00,יחידה,false,,0.01,0.0000,true,1,571376
7290111534010,false,פס גבינה שמנת פירורים קפולסקי 400 גרם,תופינים מקבוצת קפולסקי,IL,פס גבינה שמנת ופירור,גרמים,450.00,100 גרם,false,,40.90,0.0909,true,1,39975
7290111564277,false,פריכיות דקות ונימוחות 3 דגנים פיטנס Fitness,פרח תעשיות בעמ,IL,פריכיות 3 דגנים דקות,גרמים,120.00,100 גרם,false,,10.90,0.0908,true,1,19223
7290111564291,false,פריכיות דקות ונימוחות 3 דגנים וקינואה פיטנס Fitness,פרח תעשיות בעמ,IL,פריכיות קינואה דקות,גרמים,120.00,100 גרם,false,,10.90,0.0908,true,1,19224
7290111566103,false,טבעול פלאפל מרכיבים ביתיים בלבד 590 גרם,עיצובים 2020 (4.8),IL,פלאפל מרכיבים ביתיים,גרמים,590.00,100 גרם,false,,30.90,0.0524,true,1,20015
7290111566127,false,מעדן אוראו קפוא בטעם וניל עם עוגיות בטעם שוקולד,ג'נרל מילס סאן אדריא,IT,אוראו מאגדת סנדביץ 6,גרמים,198.00,100 גרם,false,,21.90,0.1106,true,1,16232
7290111566240,false,שניצל דק מן הצומח בטעם צ'ילי חריף 700 גרם,עיצובים 2020 (4.8),IL,שניצל דק צמחוני בטע,גרמים,564.00,100 גרם,false,,30.90,0.0548,true,1,20017
7290111566271,false,חטיפי תירס טבעול 657 גרם,עיצובים 2020 (4.8),IL,חטיפי תירס טבעול 65,גרמים,657.00,100 גרם,false,,30.90,0.0470,true,1,20018
7290111566318,false,שניצל דק מן הצומח בטעם ביתי 700 גרם,עיצובים 2020 (4.8),IL,שניצל דק צמחוני בט,גרמים,564.00,100 גרם,false,,30.90,0.0548,true,1,20020
7290111566332,false,"נקניקיות וינר מן הצומח 680 גרם ""טבעול""",עיצובים 2020 (4.8),IL,נקניקיה וינר 680 גר,גרמים,680.00,100 גרם,false,,30.90,0.0454,true,1,20021
7290111566417,false,טבעול טחון מן הצומח משופר 400 גרם,עיצובים 2020 (4.8),IL,טחון מן הצומח 500,גרמים,500.00,100 גרם,false,,30.90,0.0618,true,1,20022
7290111566547,false,טבעול חזה בגריל צמחוני 99 קלוריות 560ג',עיצובים 2020 (4.8),IL,חזה בגריל מו הצומח,גרמים,560.00,100 גרם,false,,30.90,0.0552,true,1,20024
7290111566561,false,"שניצל ברוקולי 99 קלוריות 560 גר' ""טבעול""",עיצובים 2020 (4.8),IL,טבעול שניצל ברוקולי,גרמים,630.00,100 גרם,false,,30.90,0.0490,true,1,20025
7290111566585,false,"שניצל צמחוני 99 קלוריות 650 גר' ""טבעול""",עיצובים 2020 (4.8),IL,שניצל מן הצומח מופח,גרמים,650.00,100 גרם,false,,30.90,0.0475,true,1,20026
7290111566660,false,קציצות עדשים כתומות טבעול 530 גרם,עיצובים 2020 (4.8),IL,קציצות עדשים כתומות,גרמים,530.00,100 גרם,false,,30.90,0.0583,true,1,20027
7290111566714,false,טבעול המבורגר צמחוני 99 קלוריות 600 גרם,עיצובים 2020 (4.8),IL,המבורגר מן הצומח 6,גרמים,600.00,100 גרם,false,,30.90,0.0515,true,1,20029
7290111566752,false,טבעול שניצל תירס 99 קלוריות 693 גרם,עיצובים 2020 (4.8),IL,שניצל תירס לייט טבעו,גרמים,693.00,100 גרם,false,,30.90,0.0446,true,1,20031
7290111566776,false,"נקניקיות קוקטייל מן הצומח 680 גרם ""טבעול""",עיצובים 2020 (4.8),IL,נקנקיות קוקטייל מן,גרמים,680.00,100 גרם,false,,30.90,0.0454,true,1,20032
7290111568206,false,"מיקס ביסלי, אפרופו ופיצוחים מתובלים",פרו מן יו פתרונות אר,IL,ביסלי פארטי מיקס ברב,גרמים,150.00,100 גרם,false,,6.90,0.0460,true,1,19270
7290111568251,false,אטריות נודלס להקפצה אסם אסייתי 350 גר',תאי פרזידנטפוד,TH,נודלס אטריות להקפצה,גרמים,350.00,100 גרם,false,,8.90,0.0254,true,1,19271
7290111568275,false,אטריות נודלס אורז רחבות אסם אסייתי 300גרם,תאי פרזידנט,TH,נודלס אטריות אורז רח,גרמים,300.00,100 גרם,false,,8.90,0.0297,true,1,19272
7290111568466,false,רוטב אסייתי למוקפץ הסדרה האסייתית,אסיף תעשיות מזון בעמ,IL,אסם רוטב אסיאתי למוק,מיליליטרים,290.00,"100 מ""ל",false,,12.90,0.0445,true,1,19279
7290111870897,false,מרשמלו מסולסל ארוך בשקית 18 גר'-LOL,,CN,מרשמלו מסולסל ארוך 1,גרמים,432.00,100 גרם,false,,29.90,0.0692,true,1,231027
7290111870910,false,מרשמלו מסולסל ארוך 18 גר'- כוח פי גיי,,CN,מרשמלו מסולסל ארוך 1,גרמים,432.00,100 גרם,false,,29.90,0.0692,true,1,231011
7290111871061,false,מרשמלו מסולסל ארוך 18 גר'-סמי הכבאי,,CN,מרשמלו מסולסל ארוך 1,גרמים,432.00,100 גרם,false,,29.90,0.0692,true,1,231029
7290111879074,false,בקבוק טריטן מרובע 60,,,בקבוק טריטן מרובע 60,יחידה,0.00,יחידה,false,,24.90,0.0000,true,1,33441
7290111930805,false,קראנצ'וס טעם ברביקיו 55 גר',קראנצ'וס,IL,קראנצו'ס ברביקיו 55,גרמים,55.00,100 גרם,false,,3.90,0.0709,true,1,21786
7290111930850,false,קראנצ'וס טעם פיצה 55גר',קראנצ'וס,IL,קראנצו'ס פיצה 55 גרם,גרמים,55.00,100 גרם,false,,3.90,0.0709,true,1,21791
7290111930898,false,חטיף פוף כוכבים גריל אמריקאי 40 גרם,פוף POOF,IL,פוף כוכבים גריל אמרי,גרמים,40.00,100 גרם,false,,3.90,0.0975,true,1,21795
7290111930911,false,חטיף פוף לבבות קלאסי 40 גרם,פוף POOF,IL,פוף לבבות קלאסי 40 ג,גרמים,40.00,100 גרם,false,,3.90,0.0975,true,1,21797
7290111930928,false,חטיף פוף לבבות גריל 40 גרם,פוף POOF,IL,"פוף לבבות גריל 40 ג""",גרמים,40.00,100 גרם,false,,3.90,0.0975,true,1,21798
7290111932380,false,"מרידול משחת שיניים מארז 75X2מ""ל כשל""פ",GABA LOER GER,PL,מרידול משחות שיניים,גרמים,150.00,100 גרם,false,,29.90,0.1993,true,1,21814
7290111932502,false,"משחת שיניים קולגייט אופטיק וייט אקספרט וויט 75 מ""ל",קולגייט Colgate,MX,מש.שיניים אופטיק ויי,מיליליטרים,75.00,"100 מ""ל",false,,27.90,0.3720,true,1,21815
7290111933462,false,"רוטב צ'ילי מתוק מאסטר שף 300 מ""ל","סיטי פוד בע""מ",TH,רוטב צ'ילי מתוק 300,מיליליטרים,300.00,"100 מ""ל",false,,9.90,0.0330,true,1,21824
7290111933554,false,שלישייה עגבניות קוביות מאסטר שף 400 גרם,קונסוריזיו קאסאלסקו,IT,עגבניות קוביות מאסטר,קילוגרמים,1.20,"ק""ג",false,,15.90,13.2500,true,1,21829
7290111935527,false,"קולגייט זוג משחת שיניים טוטל קלין מינט 100 מ""ל",קולגייט פלמוליב,PL,קולגייט טוטל קלין מי,מיליליטרים,200.00,"100 מ""ל",false,,29.90,0.1495,true,1,21834
7290111935800,false,ליידי ספיד סטיק דרמה סטיק ויטמנין אי 45 גר',ליידי ספיד סטיק Lady Speed Stick,US,דאו' דרמה סטיק ויטמי,גרמים,45.00,100 גרם,false,,17.90,0.3978,true,1,21835
7290111935961,false,מאסטר שף מחית עגבניות 690 גרם,פראנו אנריקו ופיגלי,IT,מחית עגבניות מאסטר ש,גרמים,690.00,100 גרם,false,,10.50,0.0152,true,1,21843
7290111936296,false,"פלמוליב סבון נוזלי בניחוח סנסיישן מסאז' ,750 מ""ל",קולגייט פלמוליב,TR,פלמוליב ארומה סנסייש,מיליליטרים,750.00,"100 מ""ל",false,,19.90,0.0265,true,1,21849
7290111936487,false,"קולגייט זוג משחת שיניים טוטל קלין להלבנה 100 מ""ל",קולגייט,PL,קולגייט טוטל הלבנה ז,מיליליטרים,200.00,"100 מ""ל",false,,29.90,0.1495,true,1,21853
7290111936647,false,"משחת שיניים קולגייט מקס כחול 125 מ""ל*2 כשלפ",קולגייט פלמוליב,PL,קולגייט מקס זוג 2*12,מיליליטרים,250.00,"100 מ""ל",false,,29.90,0.1196,true,1,21854
7290111936784,false,פרי מארז חטיפים 5 יחידות תמרים ואגוזי לוז כשלפ,"טבעית מוצרים מהטבע בע""\מ",IL,פרי מארז חטיפים תמרי,גרמים,125.00,100 גרם,false,,14.90,0.1192,true,1,21855
7290111938481,false,"רוטב סויה בהירה מאסטר שף 300 מ""ל",מאסטר שף,TH,רוטב סויה בהירה מ.שף,מיליליטרים,300.00,"100 מ""ל",false,,10.90,0.0363,true,1,76700
7290111939136,false,קוקי נייר אפייה עגול קוטר 26,קוקי,IL,קוקי נייר אפייה עגול,יחידה,0.00,יחידה,false,,7.90,0.0000,true,1,102415
7290111939181,false,קוקי כיסוי ניילון עם גומי מיקס מידות,שסטוביץ,CN,קוקי ניילון נצמד עם,יחידה,0.00,יחידה,false,,9.90,0.0000,true,1,581947
7290111972409,true,וילון אמבטיה 240 מוד,,,וילון אמבטיה 240 מוד,יחידה,0.00,יחידה,false,,38.80,0.0000,true,1,128160
7290112000408,false,מנקה ומחטא עוצמתי לניקוי כללי בניחוח לימון,רקיט בנקיזר,US,תרסיס ניקוי וחיטוי ר,מיליליטרים,750.00,"100 מ""ל",false,,11.90,0.0159,true,1,21039
7290112000736,false,פיניש טבליות aio 80 יח אריזת חסכון,רקיט בנקיזר,PL,פיניש הכל ב-1 80 טבל,יחידה,0.00,יחידה,false,,59.90,0.0000,true,1,21045
7290112001238,false,"מנקה מכונת כביסה קולון לימון 250 מ""ל",רקיט בנקיזר,ES,מנקה מכונות כביסה קו,יחידה,0.00,יחידה,false,,19.90,0.0000,true,1,21060
7290112001900,false,פיניש ג'ל למדיח אקולוגי 1 ליטר,רקיט בנקיזר,PL,פיניש ג'ל 1 ליטר אקו,ליטרים,1.00,ליטר,false,,42.90,42.9000,true,1,21070
7290112001917,false,גל למדיח פיניש בניחוח מרענן 1 ל,רקיט בנקיזר,ES,פיניש ג'ל 1 ליטר בני,ליטרים,1.00,ליטר,false,,42.90,42.9000,true,1,21071
7290112002099,false,קולון גל כביסה מרוכז 2.5 ליטר קלאסי,רקיט בנקיזר,IL,קולון ג'ל 2.5 ליטר ב,ליטרים,2.50,ליטר,false,,24.90,9.9600,true,1,21073
7290112002105,false,קולון גל כביסה מרוכז 2.5 ליטר ניחוח לילך,רקיט בנקיזר,IL,קולון ג'ל 2.5 ליטר כ,ליטרים,2.50,ליטר,false,,24.90,9.9600,true,1,21074
7290112002112,false,ג'ל כביסה מרוכז קולון 101 בניחוח ורדים,רקיט בנקיזר,IL,קולון ג'ל 2.5 ליטר ב,ליטרים,2.50,ליטר,false,,24.90,9.9600,true,1,21075
7290112002143,false,ג'ל כביסה מרוכז קולון 101 בניחוח לילך,רקיט בנקיזר,IL,קולון ג'ל 4 ליטר ליל,ליטרים,4.00,ליטר,false,,34.90,8.7250,true,1,21078
7290112002167,false,קולון ג'ל כביסה בניחוח פריחה מרענן ירוק 4 ליטר,רקיט בנקיזר,IL,קולון ג'ל 4 ליטר בני,ליטרים,4.00,ליטר,false,,34.90,8.7250,true,1,21080
7290112002174,false,איירויק גל מוצק בניחוח לבנדר,רקיט בנקיזר,CN,איירוויק ג'ל מוצק בנ,יחידה,0.00,יחידה,false,,14.90,0.0000,true,1,21081
7290112002228,false,"איירוויק ג'ל פחית בניחוח לבנדר, 70 גרם",רקיט בנקיזר,CN,איירוויק ג'ל פחית בנ,יחידה,0.00,יחידה,false,,9.90,0.0000,true,1,21083
7290112002259,false,איירויק פחית גל בניחוח מרענן,רקיט בנקיזר,CN,איירוויק ג'ל פחית בנ,יחידה,0.00,יחידה,false,,9.90,0.0000,true,1,21084
7290112002457,false,דטול - שלישיית מגבונים לניקוי וחיטוי בניחוח לימון,רקיט בנקיזר,PL,דטול מגבונים לניקוי,יחידה,0.00,יחידה,false,,24.90,0.0000,true,1,21094
7290112002983,false,"סיליט באנג ניקוי כללי רכיבים טבעיים 750 מ""ל",רקיט בנקיזר,PL,סיליט חומצת לימון לנ,מיליליטרים,750.00,"100 מ""ל",false,,13.90,0.0185,true,1,85239
7290112003072,false,"קולון מבשם בדים משב רוח ים כחול 300 מ""ל",רקיט בנקיזר,ES,מבשם בדים משב רוח ים,מיליליטרים,300.00,"100 מ""ל",false,,24.90,0.0830,true,1,117502
7290112003188,false,קולון קפסולות גל לכביסה 60 יחידות,רקיט בנקיזר,IT,קולון קפסולות למכונת,יחידה,0.00,יחידה,false,,57.90,0.0000,true,1,106810
7290112003232,false,אבקת כביסה בניחוח לבנדר קולון 5 ק''ג,זוהר דליה,IL,אבקת כביסה קולון לבנ,קילוגרמים,5.00,"ק""ג",false,,39.90,7.9800,true,1,85357
7290112003249,false,אבקת כביסה בניחוח מאסק קולון 5 ק''ג,זוהר דליה,IL,אבקת כביסה קולון מאס,קילוגרמים,5.00,"ק""ג",false,,39.90,7.9800,true,1,85343
7290112003959,false,וניש מסיר כתמים אבקה לכביסה צבעונית 470 גרם,רקיט בנקיזר,IT,וניש מסיר כתמים אבקה,מיליליטרים,470.00,"100 מ""ל",false,,16.90,0.0360,true,1,197794
7290112003966,false,"אבקה להסרת כתמים לכביסה לבנה ""וניש גולד""",רקיט בנקיזר,IT,וניש מסיר כתמים אבקה,מיליליטרים,470.00,"100 מ""ל",false,,16.90,0.0360,true,1,197780
7290112003997,false,אבקת וניש להסרת כתמי,RECKITT BENCKISER It,IT,אבקה להסרת כתמים לבג,קילוגרמים,1.62,"ק""ג",false,,34.90,21.5432,true,1,365008
7290112004208,false,פיניש טבליות למדיח הכל ב 1 לימון 50 יחידות,רקיט בנקיזר,PL,טבליות למדיח כלים פי,גרמים,800.00,100 גרם,false,,39.90,0.0499,true,1,362662
7290112004772,false,אירוויק מילוי מבשם חשמלי כביסה באוויר,רקיט בנקיזר,GB,מילוי למבשם אוויר אי,מיליליטרים,19.00,"100 מ""ל",false,,16.90,0.8895,true,1,539750
7290112004963,false,"פיניש אולטימייט קפסולות לניקוי כלים במדיח, 25 יחידות",רקיט בנקיזר,PL,פיניש אולטימייט 25 י,יחידה,0.00,יחידה,false,,40.90,0.0000,true,1,544450
7290112004970,false,פיניש אולטימייט קוואנטום 50 טבליות למדיח,רקיט בנקיזר,IL,פיניש אולטימייט 50 י,יחידה,0.00,יחידה,false,,59.90,0.0000,true,1,544435
7290112190468,false,שמן זית ספרדי טבעי 7,,ES,"שמן זית 750 מ""ל G FO",מיליליטרים,750.00,"100 מ""ל",false,,30.90,0.0412,true,1,205335
7290112191274,false,טורטיה מקמח חיטה 780גרם 12 יחידות,,,12 טורטיות מקמח חיט,גרמים,780.00,100 גרם,false,,12.90,0.0165,true,1,49392
7290112195579,false,שמן זית כתית מעולה 7,אסאס דל סור,ES,שמן זית איטליה 750 מ,מיליליטרים,750.00,"100 מ""ל",false,,30.90,0.0412,true,1,266209
7290112197078,false,"סטייל - תחליב רחצה לניקוי וטיפוח הידיים חמאת שיאה 500 מ""ל",רנקסאן פלסטיק יאנגר,TR,תחליב רחצה לידיים סט,מיליליטרים,500.00,"100 מ""ל",false,,11.90,0.0238,true,1,373229
7290112330352,false,"יוגורט PRO בטעם וניל 0% , 20 גרם חלבון בגביע","שטראוס בריאות בע""\מ",IL,דנונה פרו 20 גר וניל,גרמים,200.00,100 גרם,false,,5.90,0.0295,true,1,23998
7290112330390,false,דנונה פרו פירות יער 20 גרם חלבון 0% שומן 200 גרם,"שטראוס בריאות בע""\מ",IL,דנונה פרו 20 גר פירו,גרמים,200.00,100 גרם,false,,5.90,0.0295,true,1,24000
7290112332585,false,פריכיות משולש תפוא אורז בתיבול סלק ומלח ים אנרג'י 30 גרם,"פרח תעשיו מזון בע""מ",IL,"פריכיות הטעימות תפו""",גרמים,30.00,100 גרם,false,,5.20,0.1733,true,1,23089
7290112332691,false,פינוקיות עוגיות קרם פסק זמן אגוזים 200 גרם,"הגביע מוצרי וופלים בע""\מ",IL,פינוקיות עוגיית קרם,גרמים,200.00,100 גרם,false,,11.50,0.0575,true,1,23091
7290112332899,false,עלית - צנצנת בזוקה פופים קלאסי 58 גרם,אסקום קונפקשיין,DE,מאסט בזוקה פופים קלא,גרמים,58.00,100 גרם,false,,10.50,0.1810,true,1,23095
7290112334596,false,שוקולית 935 גר עלית,שטראוס קפה בי.וי.,IL,אבקה להכנת שוקו 850,גרמים,935.00,100 גרם,false,,14.90,0.0159,true,1,586364
7290112334749,false,קפה טורקי בצלופן עלית 200 גרם+ 10% תוספת,שטראוס קפה בי.וי,IL,עלית טורקי שקית 200,גרמים,220.00,100 גרם,false,,14.90,0.0677,true,1,23097
7290112335487,false,הפריכיות הטעימות קצח ודגנים אנרג'י 135 גרם,"פרח תעשיות מזון בע""\מ",IL,פריכיות הטעימות קצח,גרמים,135.00,100 גרם,false,,7.90,0.0585,true,1,23105
7290112335494,false,הפריכיות הטעימות תפוחי אדמה בטעם פוטטוס,"פרח תעשיות מזון בע""\מ",IL,פריכיות הטעימות פוטט,גרמים,135.00,100 גרם,false,,7.90,0.0585,true,1,23106
7290112335500,false,"פרכיות אנרג'י חומוס,אורז,עדשים שחורות וקינואה 135 גרם","פרח תעשיות מזון בע""\מ",IL,פריכיות הטעימות עשיר,גרמים,135.00,100 גרם,false,,7.90,0.0585,true,1,23107
7290112336637,false,סוכריות מאסט Must ללא סוכר יוגורט תות ואוכניות,שטראוס גרופ,PL,"סוכריות מאסט לל""ס יו",גרמים,80.00,100 גרם,false,,8.90,0.1113,true,1,23118
7290112336651,false,סוכריות מאסט ללא סוכר ריבת חלב 80 ג' עלית,שטראוס גרופ,PL,סוכריות מאסט ללא סוכ,גרמים,80.00,100 גרם,false,,8.90,0.1113,true,1,23120
7290112336712,false,יוגורט PRO לבן 0% 21 גרם חלבון בגביע,"שטראוס בריאות בע""מ",IL,דנונה פרו 21 0% שומן,גרמים,200.00,100 גרם,false,,5.90,0.0295,true,1,24030
7290112337474,false,סוכריות מאסט ללא סוכר פטל לימון 80 ג' עלית,שטראוס גרופ,PL,"סוכריות מאסט לל""ס פט",גרמים,80.00,100 גרם,false,,8.90,0.1113,true,1,23123
7290112337481,false,סוכריות מאסט ללא סוכר קפצ''ינו 80 ג' עלית,שטראוס גרופ,PL,"סוכריות מאסט לל""ס קפ",גרמים,80.00,100 גרם,false,,8.90,0.1113,true,1,23124
7290112339171,false,מילקי מוס עם שוקולד וקצפת,מיוצר עי קונדיטוריית,IL,מילקי מוס 81 גרם.,גרמים,81.00,100 גרם,false,,3.50,0.0432,true,1,24039
7290112339362,false,דנונה לייט אנד פריי בטעם קפוצ'ינו 150 גרם,"שטראוס בריאות בע""\מ",IL,דנונה לייט אנד פריי,גרמים,150.00,100 גרם,false,,4.90,0.0327,true,1,24046
7290112339867,false,גמדים לדרך גבינה לבנה עם מחית תות,"שטראוס בריאות בע""\מ",IL,גמדים סקוויז בודד תו,גרמים,100.00,100 גרם,false,,5.90,0.0590,true,1,24059
7290112339874,false,גמדים לדרך גבינה לבנה עם מחיות תות ובננה,"שטראוס בריאות בע""\מ",IL,גמדים סקוויז בודד תו,גרמים,100.00,100 גרם,false,,5.90,0.0590,true,1,24060
7290112340122,false,הפריכיות הטעימות 3 דגנים אנרג'י 135 גרם,"פרח תעשיות מזון בע""\מ",IL,פריכיות הטעימות 3 דג,גרמים,135.00,100 גרם,false,,7.90,0.0585,true,1,23133
7290112340245,false,צנצנת מסטיק מאסט בטעם דובדבן 66 ג' עלית,"שטראוס גרופ בע""\מ",IL,צנצנת מאסט בטעם דובד,גרמים,66.00,100 גרם,false,,10.50,0.1591,true,1,23134
7290112340252,false,צנצנת מסטיק מאסט בטעם אבטיח מלון 66 ג' עלית,"שטראוס גרופ בע""\מ",IL,צנצנת מאסט בטעם אבטי,גרמים,66.00,100 גרם,false,,10.50,0.1591,true,1,23135
7290112340276,false,פינוקיות עוגיות קרם קפה 200 גרם,"הגביע מוצרי וופלים בע""\מ",IL,פינוקיות עוגיית קרם,גרמים,200.00,100 גרם,false,,11.50,0.0575,true,1,23137
7290112341686,false,שמינייה יוגורט לבן אקטיביה 3% דנונה 150 גרם.,מיוצר עי קונדיטוריית,IL,אקטיביה מארז 3% 8*15,קילוגרמים,1.20,"ק""ג",false,,20.90,17.4167,true,1,24074
7290112342102,false,סימפוניה גבינה במרקם שמנת בצל מקורמל 5%,"שטראוס בריאות בע""\מ",IL,סימפוניה 5% בצל מקור,גרמים,200.00,100 גרם,false,,10.00,0.0500,true,1,24082
7290112342270,false,קפה פלטינום אינטנס מחוזק ב- 10% אספרסו,שטראוס קפה בי.וי,IL,קפה פלטינום אינטנס 1,גרמים,125.00,100 גרם,false,,18.90,0.1512,true,1,23155
7290112343260,false,"יטבתה רוטב שמנת קלאסי 9% שומן 260 מ""ל",שטראוס גרופ,IL,יטבתה רוטב שמנת קלאס,גרמים,260.00,100 גרם,false,,9.90,0.0381,true,1,24089
7290112343420,false,"משקה חלב עם דגנים מלאים ובננה פרו יטבתה 350מ""ל",מחלבת יטבתה,IL,משקה יטבתה פרו 20 אר,מיליליטרים,350.00,"100 מ""ל",false,,7.90,0.0226,true,1,24092
7290112343499,false,חטיף צ'יטוס פאפס אפוי בטעם גבינה,"שטראוס פריטו ליי בע""\מ )",IL,ציטוס Puffs בטעם גבי,גרמים,55.00,100 גרם,false,,3.50,0.0636,true,1,225468
7290112344564,false,רביולי גבינה קלאסי שטראוס 400 ג',"שטראוס גרופ בע""\מ",IL,EAT GOOD רביולי גבינ,גרמים,400.00,100 גרם,false,,16.90,0.0422,true,1,24094
7290112344724,false,מעדן בטעם שוקולד בלונדי 170 ג' מילקי,מיוצר עי קונדיטוריית,IL,מילקי בטעם שוקולד בל,מיליליטרים,170.00,"100 מ""ל",false,,3.50,0.0206,true,1,24099
7290112344755,false,מילקי שוקולד 26% פחות סוכר 135 גרם,מיוצר עי קונדיטוריית,IL,מילקי עם 26% פחות סו,מיליליטרים,135.00,"100 מ""ל",false,,3.00,0.0222,true,1,118370
7290112344786,false,קפה פלטינום קלאסיק עלית 200 גרם,שטראוס קפה בי.וי.,IL,פלטינום קלאסיק עלית,גרמים,200.00,100 גרם,false,,19.90,0.0995,true,1,23166
7290112346360,false,בפלות אחת אחת ופל בטעם שוקולד מצופה שוקולד,הגביע מוצרי וופלים ב,GR,בפלות אחת אחת בציפוי,גרמים,180.00,100 גרם,false,,13.90,0.0772,true,1,23177
7290112346537,false,עוגיות פינוקיות בטעם טורטית 200 ג' עלית,"הגביע מוצרי ופלים בע""\מ",IL,פינוקיות עוגיות בטעם,גרמים,200.00,100 גרם,false,,11.50,0.0575,true,1,23178
7290112346629,false,דנונה בר יוגורט+קורנפלקס מצופה שוקולד חלב ולבן 172 גרם,"שטראוס בריאות בע""\מ",IL,דנונה קראנצ' עם קורנ,מיליליטרים,172.00,"100 מ""ל",false,,4.60,0.0267,true,1,77770
7290112346773,false,יוגורט בטעם וניל 0% לייט אנד פרי 10 גרם חלבון בגביע,מיוצר עי קונדיטוריית,IL,דנונה לייט אנד פריי,מיליליטרים,150.00,"100 מ""ל",false,,4.90,0.0327,true,1,126021
7290112346827,false,שמיניית אקטימל ויטמין C פטל 108 גרם,"שטראוס בריאות בע""\מ",IL,אקטימל ויטמין C פטל,מיליליטרים,800.00,"100 מ""ל",false,,19.90,0.0249,true,1,112385
7290112347008,false,גמדים לדרך גבינה לבנה עם מחית תות ושיבולת שועל,מיוצר עי קונדיטוריית,IL,גמדים ארוחת בוקר תות,גרמים,100.00,100 גרם,false,,5.90,0.0590,true,1,24124
7290112348142,false,שעועית לבנה 380 גר' בקופסה טעם הטבע,שטראוס טעם הטבע,IT,שעועית לבנה טעם הטבע,גרמים,380.00,100 גרם,false,,6.90,0.0182,true,1,69769
7290112349316,false,מסטיק בזוקה פופים ממולא בטעם תות ללא סוכר,אסקום קונפקשיין,DE,בזוקה ביג פופים בטעם,גרמים,86.00,100 גרם,false,,12.90,0.1500,true,1,64158
7290112349606,false,מעדן גבינה ויוגורט תות בננה 88 ג' דניאלה,"שטראוס בריאות בע""\מ",IL,דניאלה תות בננה 150,מיליליטרים,150.00,"100 מ""ל",false,,4.10,0.0273,true,1,303204
7290112349637,false,מעדן גבינה בטעם ענבים 88 ג' דניאלה,"שטראוס בריאות בע""\מ",IL,דניאלה ענבים 88 גרם,גרמים,88.00,100 גרם,false,,4.00,0.0455,true,1,24134
7290112349705,false,פומודורו רוטב עגבניות קלאסי לפסטה יד מרדכי 350 גרם,אמיליאנה קונסרב סוסייטה,IT,רוטב עגבניות פומודרו,גרמים,350.00,100 גרם,false,,11.90,0.0340,true,1,23185
7290112349736,false,בזיליקום רוטב עגבניות לפסטה יד מרדכי 350 גרם,אמיליאנה קונסרב סוסייטה,IT,רוטב עגבניות בזיליקו,גרמים,350.00,100 גרם,false,,11.90,0.0340,true,1,23186
7290112349750,false,פיצה רוטב עגבניות לפיצה יד מרדכי 350 גרם,אמיליאנה קונסרב סוסייטה,IT,רוטב עגבניות לפיצה 3,גרמים,350.00,100 גרם,false,,11.90,0.0340,true,1,23188
7290112349897,false,מסטיק מאסט Must קוביות בטעם מנטה ללא סוכר,אסקום קונפקשיין,DE,מאסט קוביות מנטה 86,גרמים,86.00,100 גרם,false,,12.90,0.1500,true,1,64159
7290112350275,false,קפסולות LUNGO למכונת נספרסו עלית 10 יחידות,שטראוס קפה בי.וי,IL,קפסולות LUNGO למכונו,גרמים,50.00,100 גרם,false,,16.90,0.3380,true,1,23189
7290112350312,false,קפסולות 15 קפה יותר למכונות נספרסו עלית 10יח',הנסיך- מפעל לייצור ט,IL,עלית קפסולות 15 למכ,גרמים,50.00,100 גרם,false,,16.90,0.3380,true,1,102321
7290112351067,false,סילאן טבעי 100% תמר מג'הול ללא תוספת סוכר,יד מרדכי,IL,סילאן טבעי לחיץ יד מ,גרמים,630.00,100 גרם,false,,23.90,0.0379,true,1,67275
7290112351104,false,שוקולד פרה ממולא פיצפוצי אורז 100 ג' עלית,"שטראוס גרופ בע""\מ",IL,שוקולד פרה פיצפוצי א,גרמים,100.00,100 גרם,false,,4.90,0.0490,true,1,74861
7290112351128,false,שוקולד פרה סוכריות קופצות וועסטהייים,"שטראוס גרופ בע""\מ",IL,שוקולד פרה חלב סוכרי,גרמים,100.00,100 גרם,false,,4.90,0.0490,true,1,177277
7290112351258,false,עוגיית קקאו פינוקיות שחור לבן 200 גר,"הגביע מוצרי ופלים בע""\מ",IL,פינוקיות עוגיית שחור,גרמים,200.00,100 גרם,false,,11.50,0.0575,true,1,93993
7290112351463,false,שלישיית סוכריות מאסט FRESH פטל לימון 45 ג' עלית,"הליקון גידה בע""\מ",TR,שלישיית סוכריות FRES,גרמים,45.00,100 גרם,false,,7.90,0.1756,true,1,101141
7290112351470,false,סוכריות ללא סוכר בטעם תות רימון מאסט פרש,"הליקון גידה בע""\מ",TR,שלישיית סוכריות FRES,גרמים,45.00,100 גרם,false,,7.90,0.1756,true,1,101142
7290112351524,false,עלי סלנובה 200 גר' שטראוס טעם הטבע,שטראוס בריאות ירקות טריי,IL,עלי סלנובה טעם הטבע,גרמים,200.00,100 גרם,false,,12.50,0.0625,true,1,83228
7290112354235,false,ברקטה פיצה - 2 יחידות במארז,סקרלינפיצה אס. אר. אל. א,IT,ברקטה פיצה שטראוס דל,גרמים,300.00,100 גרם,false,,25.90,0.0863,true,1,235515
7290112354945,false,תפוצ'יפס WAVY בטעם טבעי 50 גרם,שטראוס פריטו ליי בע”,IL,תפוצ'יפס wavy 50 גר,גרמים,50.00,100 גרם,false,,3.90,0.0780,true,1,585180
7290112354952,false,תפוצ'יפס WAVY בטעם פפריקה 50 גרם,שטראוס פריטו ליי בע”,IL,תפוצ'יפס wavy פפריקה,גרמים,50.00,100 גרם,false,,3.90,0.0780,true,1,585181
7290112355027,false,דנונה פרו 20 גרם חלבון בטעם קרמל מלוח 200 גרם,"שטראוס בריאות בע""\מ",IL,דנונה פרו 20 גר' בטע,גרמים,200.00,100 גרם,false,,5.90,0.0295,true,1,118399
7290112355102,false,גמדים סקוויז 100 גרם פאוץ סלט פירות 100 גרם,"שטראוס בריאות בע""\מ",IL,סקוויז גמדים לדרך סל,גרמים,100.00,100 גרם,false,,5.90,0.0590,true,1,125970
7290112355393,false,"יטבתה רוטב שמנת+בטטה 9% שומן 250 מ""ל",שטראוס גרופ,IL,רוטב שמנת עם בטטה 9%,גרמים,257.00,100 גרם,false,,9.90,0.0385,true,1,563171
7290112357045,false,עגבניות איטלקיות מרוסקות 390 גר' בקופסה טעם הטבע,שטראוס טעם הטבע,IT,עגבניות איטלקיות מרו,גרמים,390.00,100 גרם,false,,6.60,0.0169,true,1,69770
7290112357069,false,מחית עגבניות איטלקיות בקופסה 500 גר' טעם הטבע,שטראוס טעם הטבע,IT,מחית עגבניות איטלקיו,גרמים,500.00,100 גרם,false,,7.50,0.0150,true,1,69771
7290112357083,false,טעם הטבע אפונה ירוקה 380 גרם קופסה,שטראוס טעם הטבע,IT,אפונה ירוקה טעם הטבע,גרמים,380.00,100 גרם,false,,6.90,0.0182,true,1,213036
7290112357106,false,שעועית אדומה 380 גר' בקופסה טעם הטבע,שטראוס טעם הטבע,IT,שעועית אדומה טעם הטב,גרמים,380.00,100 גרם,false,,6.90,0.0182,true,1,69772
7290112357113,false,גרגרי חומוס בקופסה 380 גר' טעם הטבע,שטראוס טעם הטבע,IT,גרגרי חומוס טעם הטבע,גרמים,380.00,100 גרם,false,,6.90,0.0182,true,1,69773
7290112357892,false,סוכריות ללא סוכר בטעם מנטה מאסט פרש,"הליקון גידה בע""\מ",TR,שלישיית סוכריות FRES,גרמים,45.00,100 גרם,false,,7.90,0.1756,true,1,101144
7290112358004,false,פסק זמן קראנצ' עלית 32 גרם,שולן צ'\יקולטה גידה סאן.,TR,פסק זמן קראנץ' 32 גר,גרמים,32.00,100 גרם,false,,4.90,0.1531,true,1,137196
7290112358127,false,יוגורט PRO בטעם וניל עוגיות פלוס מגנזיום,מיוצר עי קונדיטוריית,IL,דנונה פרו 20 גר עם מ,גרמים,200.00,100 גרם,false,,6.80,0.0340,true,1,112411
7290112358219,false,רוטב צ'ילי מתוק יד מרדכי 300 גרם,אף.סי תבליני בגליל ב,IL,יד מורדכי רוטב צ'ילי,מיליליטרים,300.00,"100 מ""ל",false,,13.90,0.0463,true,1,90062
7290112358233,false,רוטב צ'ילי חריף יד מרדכי 300 גרם,"בית אל מזון בע""מ",IL,יד מורדכי רוטב צ'ילי,מיליליטרים,300.00,"100 מ""ל",false,,13.90,0.0463,true,1,135638
7290112358431,false,עד חצות דאבל ביסקוויט עם שוקולד חלב -8 אריזות אישיות,ביסקוויטס טור ד'\אלבון,FR,דאבל ביסקוויט עם שוק,גרמים,200.00,100 גרם,false,,12.90,0.0645,true,1,154067
7290112359384,false,עלית - קפה נמס אלפחורס ריבת חלב 100 גרם,שטראוס קפה בי.וי,IL,קפה נמס אלפחורס ריבת,גרמים,100.00,100 גרם,false,,14.90,0.1490,true,1,109784
7290112490209,false,נמס בכוס מרק עגבניות עם קרוטונים רכיבים טבעיים,יוניליוור ישראל מזון בעמ,IL,נמס בכוס מרק עגבניות,גרמים,56.00,100 גרם,false,,6.90,0.1232,true,1,10747
7290112491787,false,בייגלה דקים דקים עם שומשום בייגל בייגל 300 גרם,בייגל את בייגל מזון 198),IL,בייגלה דקים דקים עם,גרמים,300.00,100 גרם,false,,9.90,0.0330,true,1,10803
7290112492579,false,פינוק מרכך בתוספת שמן קוקוס 700 מל-חדש,יוניליוור ישראל טיפוח אי,IL,פינוק מרכך שמן קוקוס,מיליליטרים,700.00,"100 מ""ל",false,,11.90,0.0170,true,1,59969
7290112493088,false,נמס בכוס עדשים מרק רכיבים טבעיים קנור 54 ג',אתר חיפה אבקות - Foo,IL,נמס בכוס מרק עדשים ח,גרמים,54.00,100 גרם,false,,6.90,0.1278,true,1,10826
7290112493095,false,נמס בכוס מרק עגבניות חריף רכיבים טבעיים קנור 48 ג',אתר חיפה אבקות - Foo,IL,נמס בכוס מרק עגבניות,גרמים,48.00,100 גרם,false,,6.90,0.1438,true,1,10827
7290112493927,false,גלידה בטעם ריבת חלב 1.33ל' קרמיסימו,"גלידת שטראוס בע""\מ, רחוב",IL,קרמיסימו ריבת חלב 1.,ליטרים,1.33,ליטר,false,,18.90,14.2105,true,1,4412
7290112493934,false,גלידת וניל צרפתי קרמיסימו 1.33 ל,"גלידת שטראוס בע""\מ, רחוב",IL,קרמיסימו וניל 1.33 ל,ליטרים,1.33,ליטר,false,,18.90,14.2105,true,1,4413
7290112495976,false,פריכיות אורז בציפוי שוקולד חלב 35גר-חדש,"גוד פוד פרודקטס ,Sp.zo.o",PL,פתית פריכיות אורז מצ,גרמים,35.00,100 גרם,false,,3.90,0.1114,true,1,74845
7290112495983,false,פרכיות פתיתבציפוי שוקולד חלב ושבבי קרמל מלוח 39 גר',"גוד פוד פרודקטס ,Sp.zo.o",PL,פתית פריכיות תירס שו,גרמים,39.00,100 גרם,false,,3.90,0.1000,true,1,74846
7290112497031,false,רוטב עגבניות לקציצות קנור 415 גרם,יוניליוור מזון,IT,רוטב עגבניות לקציצות,גרמים,415.00,100 גרם,false,,12.90,0.0311,true,1,568578
7290112498267,false,פינוק אל סבון לידיים בניחוח פינוק קלאסי,קוסטר אירוסול ולף סנ,TR,אל סבון לידיים בניחו,מיליליטרים,950.00,"100 מ""ל",false,,11.90,0.0125,true,1,180920
7290112499462,false,פינוק תחליב רחצה 700 בתוספת שמן קוקוס,יוניליוור ישראל טיפוח אי,IL,תחליב רחצה בתוספת שמ,מיליליטרים,700.00,"100 מ""ל",false,,9.90,0.0141,true,1,169183
7290112960115,false,שקדי מרק אסם 30% קמח חיטה מלאה 350 גרם,אסם,IL,שקדי מרק 30% קמח חיט,גרמים,350.00,100 גרם,false,,9.80,0.0280,true,1,19294
7290112961372,false,פיטנס חטיפי פריכיות דקות קינמון 60 גרם,"פרח תעשיות מזון בע""\מ",IL,חטיפי פריכיות דקות ק,גרמים,60.00,100 גרם,false,,8.90,0.1483,true,1,19304
7290112961440,false,פיטנס חטיפי פריכיות שוקולד מריר 84 גרם,פרח תעשיות,IL,פיטנס בר פריכיות שוק,גרמים,84.00,100 גרם,false,,12.90,0.1536,true,1,66926
7290112961464,false,פיטנס חטיפי פריכיות דגנים וחומוס מתובלות,"פרח תעשיות מזון בע""\מ",IL,חטיפי פריכיות דקות מ,גרמים,60.00,100 גרם,false,,8.90,0.1483,true,1,19307
7290112962287,false,טבעול שווארמה טבעונית 6*450 גרם,"טבעול תעשיות מזון בע""\מ",IL,שווארמה טבעונית טבעו,גרמים,450.00,100 גרם,false,,30.90,0.0687,true,1,56393
7290112963918,false,פיטנס חטיפי קרקר דק רוזמרין 140 גרם,נסטלה Nestle,IL,פיטנס חטיפי קרקר דק,גרמים,140.00,100 גרם,false,,11.90,0.0850,true,1,19333
7290112964410,false,אסם רוטב אלף האיים חדש לסלט 290 גרם,"אסם תעשיות בע""מ",IL,אסם רוטב אלף האיים ל,מיליליטרים,290.00,"100 מ""ל",false,,9.90,0.0341,true,1,19346
7290112964434,false,אסם רוטב קיסר חדש לסלט 295 גרם,"אסם תעשיות בע""מ",IL,אסם רוטב קיסר לסלט 2,מיליליטרים,295.00,"100 מ""ל",false,,9.90,0.0336,true,1,19347
7290112964458,false,רוטב ויניגרט חדש לסלט 295 גרם אסם,"אסם תעשיות בע""מ",IL,אסם רוטב ויניגרט לסל,מיליליטרים,295.00,"100 מ""ל",false,,9.90,0.0336,true,1,19348
7290112964472,false,אסם רוטב שום חדש לסלט 290 גרם,"אסם תעשיות בע""מ",IL,אסם רוטב שום לסלט 29,מיליליטרים,295.00,"100 מ""ל",false,,9.90,0.0336,true,1,19349
7290112964564,false,"רוטב אלף האיים לייט לסלט אסם 295 מ""ל","אסם תעשיות בע""מ",IL,אסם רוטב אלף האיים ל,מיליליטרים,295.00,"100 מ""ל",false,,9.90,0.0336,true,1,19352
7290112964625,false,אסם רוטב שום לייט חדש לסלט 310 גרם,"אסם תעשיות בע""מ",IL,אסם רוטב שום לייט לס,מיליליטרים,295.00,"100 מ""ל",false,,9.90,0.0336,true,1,19355
7290112964724,false,המבורגר צמחוני עם המון חלבון 580 גר,מיוצר עי קונדיטוריית,IL,טבעול המבורגר טבעוני,גרמים,580.00,100 גרם,false,,30.90,0.0533,true,1,20060
7290112965264,false,אבקת מרק נמס אפונה אסם בדצ 52 גרם מארז זוגי,"אסם תעשיות בע""מ",IL,זוג מרק נמס אפונה בד,גרמים,30.00,100 גרם,false,,5.90,0.1967,true,1,19367
7290112965585,false,פרפקטו פסטה קסרצה אסם 500 גרם,אסם פרפקטו Perfecto,IT,פסטה קסרצה פרפקטו 50,גרמים,500.00,100 גרם,false,,6.90,0.0138,true,1,19375
7290112965660,false,פיטנס - חטיף מולטיגריין מלח פלפל 25 גרם,מיוצר עי קונדיטוריית,IL,פיטנס חטיף מולטיגריי,גרמים,25.00,100 גרם,false,,4.90,0.1960,true,1,118230
7290112965684,false,פיטנס - חטיף מולטיגריין עשבי תיבול 25 גרם,מיוצר עי קונדיטוריית,IL,פיטנס חטיף מולטיגריי,גרמים,25.00,100 גרם,false,,4.90,0.1960,true,1,118231
7290112965707,false,פיטנס - חטיף מולטיגריין צילי מעודן 25 גרם,"אסם השקעות בע""\מ",IL,פיטנס חטיף מולטיגריי,גרמים,25.00,100 גרם,false,,4.90,0.1960,true,1,118232
7290112965806,false,אוסם - ביסלי פריסטייל חמוץ חריף 60 גרם,"אסם תעשיות בע""מ",IL,ביסלי פריסטייל חמוץ,גרמים,60.00,100 גרם,false,,4.50,0.0750,true,1,180866
7290112965868,false,קרם קרקר במתיקות מעודנת אסם 250 גרם,"אסם תעשיות בע""מ",IL,אסם קרם קרקר במליחות,גרמים,250.00,100 גרם,false,,8.90,0.0356,true,1,19380
7290112965905,false,בייגלה שמיניות במליחות מעודנת אסם 400 גרם,מיוצר עי קונדיטוריית,IL,אסם בייגלה שמיניות ב,גרמים,400.00,100 גרם,false,,9.90,0.0248,true,1,19381
7290112965943,false,טבעול נאגטס ירקות ירוקים 6*500גרם,"טבעול תעשיות מזון בע""\מ",IL,טבעול נאגטס ירקות יר,גרמים,500.00,100 גרם,false,,30.90,0.0618,true,1,116754
7290112965967,false,טבעול נאגטס ירקות כתומים 6*500גרם,"טבעול תעשיות מזון בע""\מ",IL,טבעול נאגטס ירקות כת,גרמים,500.00,100 גרם,false,,30.90,0.0618,true,1,116755
7290112965981,false,טבעול גורמה ארוחת דגנים 450 גרם,טבעול (מקבוצת אסם הש,IL,טבעול גורמה ארוחת דג,גרמים,450.00,100 גרם,false,,34.90,0.0776,true,1,531745
7290112966094,false,עוגת הבית תפוז מופחת סוכר אסם 400 גרם,מיוצר עי קונדיטוריית,IL,עוגת הבית תפוז מופחת,גרמים,400.00,100 גרם,false,,11.90,0.0298,true,1,19385
7290112966780,false,צבר טחינה בלאדי עם חציל קלוי 350 גרם,שוורצקוף& הנקל דיסלד,IL,צבר טחינה בלאדי עם ח,גרמים,350.00,100 גרם,false,,15.90,0.0454,true,1,20066
7290112966841,false,אינסטנט פודינג שוקולד מריר אסם 90 גרם,מיוצר עי קונדיטוריית,IL,אסם פודינג בטעם שוקו,גרמים,90.00,100 גרם,false,,5.50,0.0611,true,1,19398
7290112967138,false,בייגלה שמיניות ללא גלוטן אסם 250 גרם,מיוצר עי קונדיטוריית,IL,אסם בייגלה שמיניות ל,גרמים,250.00,100 גרם,false,,13.90,0.0556,true,1,19399
7290112967220,false,ביסלי מארז ברביקיו 20 גר'*10 יח' אסם,"אסם השקעות בע""\מ",IL,ביסלי ברביקיו מארז 1,גרמים,200.00,100 גרם,false,,13.90,0.0695,true,1,74910
7290112967244,false,ביסלי גריל מארז 20 גר'*10 יח' אסם,,,ביסלי גריל מארז 10*,גרמים,200.00,100 גרם,false,,13.90,0.0695,true,1,19401
7290112968203,false,צבר סלט טחינה בלאדי 6*250גרם,שוורצקוף& הנקל דיסלד,IL,סלט טחינה בלאדי צבר,גרמים,250.00,100 גרם,false,,10.90,0.0436,true,1,20072
7290112968449,false,סלט טחינה כרוב אדום 250 גרם,שוורצקוף& הנקל דיסלד,IL,סלט כרוב אדום צבר 25,גרמים,250.00,100 גרם,false,,10.90,0.0436,true,1,20075
7290112968524,false,צבר סלט חומוס גרגירים רכים 6*250גרם,שוורצקוף& הנקל דיסלד,IL,סלט חומוס סמיר צבר 2,גרמים,250.00,100 גרם,false,,10.90,0.0436,true,1,20077
7290112968685,false,חומוס גרגרים רכים בטבילה צבר 400 גרם,שוורצקוף& הנקל דיסלד,IL,חומוס גרגרים בטבילה,גרמים,400.00,100 גרם,false,,13.90,0.0348,true,1,20078
7290112968708,false,"שניצל תירס עדה חרדית טבעול 1.3 ק""ג","טבעול תעשיות מזון בע""\מ",IL,שניצל תירס עדה חרדי,קילוגרמים,1.30,"ק""ג",false,,40.90,31.4615,true,1,62027
7290112968807,false,פיטנס - קרקר דק סלק 140 גרם,מפעל אסם יקנעם,IL,פיטנס קרקר דק סלק 14,גרמים,140.00,100 גרם,false,,11.90,0.0850,true,1,126735
7290112968821,false,פיטנס - קרקר דק בטטה 140 גרם,מפעל אסם יקנעם,IL,פיטנס קרקר דק בטטה 1,גרמים,140.00,100 גרם,false,,11.90,0.0850,true,1,126736
7290112969248,false,אסם בישולים רוטב סילאן ובצל 335*9 גרם,"אסם תעשיות בע""מ",IL,אוסם בישולים רוטב סי,גרמים,335.00,100 גרם,false,,15.90,0.0475,true,1,122742
7290113190375,false,סילאן טבעי שקדיה 900 גרם,ג.מ. טעם הארץ,TR,סילאן סירופ תמרים טב,גרמים,900.00,100 גרם,false,,17.90,0.0199,true,1,208977
7290113192300,false,זיתים מושחרים חרוזית 275 גרם בית השיטה,בית השיטה,IL,זיתים חרוזית מושחר ב,גרמים,275.00,100 גרם,false,,9.90,0.0360,true,1,19424
7290113192317,false,טבעות זיתים מושחרים 280 גרם בית השיטה,בית השיטה,IL,טבעות זיתים מושחרים,גרמים,280.00,100 גרם,false,,10.90,0.0389,true,1,19425
7290113192324,false,זיתים ירוקים שלמים בינוניים בית השיטה,בית-השיטה עסיס תעשיות מז,IL,זית ירוק בית השיטה 3,גרמים,340.00,100 גרם,false,,8.90,0.0262,true,1,19426
7290113192331,false,זיתים ירוקים מנזנילו 340 גר' בית השיטה,בית-השיטה עסיס תעשיות מז,IL,זיתים ירוק גדול בית,גרמים,340.00,100 גרם,false,,8.90,0.0262,true,1,19427
7290113192348,false,בית השיטה זיתים ירוקים גדול מאודבטעם שום,בית-השיטה עסיס תעשיות מז,IL,זית ירוק שום 17-19בי,גרמים,560.00,100 גרם,false,,9.90,0.0177,true,1,19428
7290113192355,false,חרוזית זיתים ירוקים ללא גלעין 275 ג' בית השיטה,בית-השיטה עסיס תעשיות מז,IL,זיתים חרוזית ירוק בי,גרמים,275.00,100 גרם,false,,9.90,0.0360,true,1,19429
7290113192362,false,זיתים ירוקים טבעות A2 בית השיטה 280 גרם,בית-השיטה עסיס תעשיות מז,IL,טבעות זיתים ירוקים ב,גרמים,280.00,100 גרם,false,,10.90,0.0389,true,1,19430
7290113192386,false,בית השיטה זיתים ירוקים סורי מבוקע 340גרם,בית השיטה,IL,זית סורי מבוקע בית ה,גרמים,340.00,100 גרם,false,,11.90,0.0350,true,1,19432
7290113192393,false,בית השיטה קוקטייל זיתים א2 336 גרם,בית-השיטה עסיס תעשיות מז,IL,קוקטייל זיתים בית הש,גרמים,336.00,100 גרם,false,,10.90,0.0324,true,1,19433
7290113192478,false,בית השיטה מלפפונים במלח בינוני 10-12 320 גרם,בית-השיטה עסיס תעשיות מז,IL,מלפפון במלח 10-12 בי,גרמים,320.00,100 גרם,false,,7.90,0.0247,true,1,19441
7290113192485,false,בית השיטה מלפפונים בחומץ בינוני 10-12 290 גרם,בית-השיטה עסיס תעשיות מז,IL,מלפפון בחומץ 12-10 ב,גרמים,290.00,100 גרם,false,,7.90,0.0272,true,1,19442
7290113192492,false,בית השיטה מלפפונים בחומץ קטנים 1317 290 גרם,בית-השיטה עסיס תעשיות מז,IL,מלפפון בחומץ 13-17 ב,גרמים,290.00,100 גרם,false,,9.90,0.0341,true,1,19443
7290113192508,false,בית השיטה מלפפונים במלח קטן 1317 320 גרם,בית-השיטה עסיס תעשיות מז,IL,מלפפון במלח 13-17 בי,גרמים,320.00,100 גרם,false,,9.90,0.0309,true,1,19444
7290113192515,false,בית השיטה מלפפונים במלח קטן מאוד 1825 320 גרם,בית-השיטה עסיס תעשיות מז,IL,מלפפון במלח 18-25 בי,גרמים,320.00,100 גרם,false,,10.90,0.0341,true,1,19445
7290113192522,false,בית השיטה מלפפונים בחומץ קטן מאוד 1825 290 גרם,בית-השיטה עסיס תעשיות מז,IL,מלפפון בחומץ 18-25 ב,גרמים,290.00,100 גרם,false,,10.90,0.0376,true,1,19446
7290113192539,false,בית השיטה מלפפונים במלח גדול 79 320 גרם,בית-השיטה עסיס תעשיות מז,IL,מלפפון במלח 7-9 בית,גרמים,560.00,100 גרם,false,,6.90,0.0123,true,1,19447
7290113192546,false,"מלפפונים בחומץ רכיבים טבעיים 7-9 ""בית השיטה""",בית-השיטה עסיס תעשיות מז,IL,מלפפון בחומץ 7-9 בית,גרמים,560.00,100 גרם,false,,6.90,0.0123,true,1,19448
7290113192553,false,מלפפונים במלח 13-17 פיקנטי בית השיטה 320 גרם,בית-השיטה עסיס תעשיות מז,IL,מלפפון במלח בלדי 13-,גרמים,320.00,100 גרם,false,,10.90,0.0341,true,1,19449
7290113192560,false,בית השיטה פלפל שיפקה חריף כבוש 230 גרם,בית-השיטה עסיס תעשיות מז,IL,פלפל שיפקה בית השיטה,גרמים,230.00,100 גרם,false,,6.90,0.0300,true,1,19450
7290113192577,false,בית השיטה כרוב כבוש א2 12*430גרם חדש,"בית-השיטה תעשיות בע""\מ",IL,כרוב כבוש בית השיטה,יחידה,430.00,יחידה,false,,7.90,0.0184,true,1,19451
7290113192881,false,"טורטיה חיטה מופחת קלוריות, קוטר 20 ס""מ - 6 יח'",דין שיווק,TR,טורטיה חיטה מופחתת ק,גרמים,270.00,100 גרם,false,,9.90,0.0367,true,1,208662
7290113192997,false,בית השיטה זית מרוקאי 340 גרם*,"בית השיטה תעשיות בע""\מ",IL,זית מרוקאי בית השיטה,גרמים,340.00,100 גרם,false,,12.90,0.0379,true,1,111100
7290113193000,false,בית השיטה פלפל שיפקונית 230 גרם*,"בית השיטה תעשיות בע""\מ",IL,פלפל שיפקונית בית הש,גרמים,230.00,100 גרם,false,,11.90,0.0517,true,1,111101
7290113193017,false,בית השיטה חרוזית קוקטייל זיתים 275 גרם,"בית השיטה תעשיות בע""\מ",IL,בית השיטה קוקטייל זי,גרמים,275.00,100 גרם,false,,12.90,0.0469,true,1,111073
7290113193031,false,חרוזית קלמטה - זיתים שחורים ללא גלעין קלמטה,"בית השיטה תעשיות בע""\מ",IL,חרוזית קלמטה בית השי,גרמים,275.00,100 גרם,false,,12.90,0.0469,true,1,111074
7290113193321,false,"שמן זית כתית מעולה בית השיטה 750 מ""ל",אצטס אבסה אס. איי. יו.,IL,שמן זית כתית מעולה ב,מיליליטרים,750.00,"100 מ""ל",false,,30.90,0.0412,true,1,241369
7290113193888,false,חצילים מוחמצים בית השיטה 320 גרם,"בית השיטה תעשיות בע""\מ",IL,בית השיטה חצילים מוח,גרמים,320.00,100 גרם,false,,9.90,0.0309,true,1,180384
7290113195042,false,מלפפון חמוץ במלח כבישה ביתית בית השיטה 750 גר',שוורצקוף& הנקל דיסלד,IL,מלפפון מלח כבישה בית,גרמים,750.00,100 גרם,false,,24.90,0.0332,true,1,180399
7290113195066,false,חלבה טורקית בטעם וניל 400 גרם,ח. אל עקר,IL,חלבה טורקית בטעם וני,גרמים,400.00,100 גרם,false,,12.90,0.0323,true,1,209122
7290113195967,false,קוואקר שיבולת שועל פחית שקדיה 500 גרם,דין שיווק,IL,שיבולת שועל להכנה מי,גרמים,500.00,100 גרם,false,,9.90,0.0198,true,1,208609
7290113196414,false,"אורז בסמטי 1 ק""ג - שקדיה כחול מטאלי",דאבה סינג שאם סינג,IN,אורז בסמטי שקדיה 1 ק,קילוגרמים,1.00,"ק""ג",false,,9.90,9.9000,true,1,208755
7290113196513,false,פריכיות כוסמת בתוספת שקדים שקדיה 150 גרם,זנבר המכללה לטבעונות,IL,פריכיות כוסמת שקדים,גרמים,150.00,100 גרם,false,,11.90,0.0793,true,1,209218
7290113196933,false,מנה חמה אטריות אורז בטעם טום יאס שקדיה 70 גרם,טיאן האנג פוד ג'וינט,VN,מנה חמה אטריות אורז,גרמים,60.00,100 גרם,false,,7.90,0.1317,true,1,556803
7290113196957,false,חטיפי תירס [טורטיה]בטעם ברביקיו 300 גרם,אן וי רוגר,BE,חטיפי תירס טורטיה בט,גרמים,300.00,100 גרם,false,,13.90,0.0463,true,1,494819
7290113198562,false,סוכריות גומי בטעם תות שדה 200 ג' שקדיה,טופגאם תעשיות ממתקים,IL,סוכריות גומי בטעמי ת,גרמים,200.00,100 גרם,false,,9.90,0.0495,true,1,362941
7290113198579,false,סוכריות גומי דובונים בטעמי פירות 200 ג' שקדיה,טופגאם תעשיות ממתקים,IL,סוכריות גומי דובונים,גרמים,200.00,100 גרם,false,,9.90,0.0495,true,1,362942
7290113198586,false,סוכריות גומי מסוכרות בטעם אפרסק 200 ג' שקדיה,טופגאם תעשיות ממתקים,IL,סוכריות גומי מסוכר ב,גרמים,200.00,100 גרם,false,,9.90,0.0495,true,1,362943
7290113198593,false,סוכריות גומי מסוכרות בטעם בננה 200 ג' שקדיה,טופגאם תעשיות ממתקים,IL,סוכריות גומי מסוכר ב,גרמים,200.00,100 גרם,false,,9.90,0.0495,true,1,362944
7290113198609,false,סוכריות גומי נחשים בטעמי פירות 200 ג' שקדיה,טופגאם תעשיות ממתקים,IL,סוכריות גומי נחשים,גרמים,200.00,100 גרם,false,,9.90,0.0495,true,1,362945
7290113199682,false,גרנולה שיבולת שועל עם פירות יבשים ומסוכרים 500ג' שקדיה,,,גרנולה שיבולת שועל ע,גרמים,500.00,100 גרם,false,,12.90,0.0258,true,1,531831
7290113199699,false,מוזלי שיבולת שועל עם בוטנים אגוזי לוז ושקדים 500ג' שקדיה,,,מוזלי עם בוטנים אגוז,גרמים,500.00,100 גרם,false,,12.90,0.0258,true,1,531645
7290113199859,false,מגש אירוח סוכריות גומי 350 ג' שקדיה,טופגאם תעשיות ממתקים,IL,מגש אירוח סוכריות גו,גרמים,350.00,100 גרם,false,,14.90,0.0426,true,1,362977
7290113199897,false,סוכריות חמצוצים בטעם תות שדה 180 ג' שקדיה,טופגאם תעשיות ממתקים,IL,סוכריות חמצוצים בטעם,גרמים,180.00,100 גרם,false,,9.90,0.0550,true,1,362959
7290113199903,false,סוכריות חמצוצים בטעם תות בננה 180 ג' שקדיה,טופגאם תעשיות ממתקים,IL,סוכריות חמצוצים בטעם,גרמים,180.00,100 גרם,false,,9.90,0.0550,true,1,362960
7290113199910,false,סוכריות חמצוצים בטעם קולה 180 ג' שקדיה,טופגאם תעשיות ממתקים,IL,סוכריות חמצוצים בטעם,גרמים,180.00,100 גרם,false,,9.90,0.0550,true,1,362961
7290113199927,false,סוכריות חמצוצים בטעם פירות 180 ג' שקדיה,טופגאם תעשיות ממתקים,IL,סוכריות חמצוצים בטעם,גרמים,180.00,100 גרם,false,,9.90,0.0550,true,1,362962
7290113199934,false,סוכריות חמצוצים בטעם אוכמניות 180 ג' שקדיה,טופגאם תעשיות ממתקים,IL,סוכריות חמצוצים בטעם,גרמים,180.00,100 גרם,false,,9.90,0.0550,true,1,362963
7290113284517,false,נייר טואלט 32 גלילים BELISMO,,,נייר טואלט דו שכבתי,יחידה,0.00,יחידה,false,,29.90,0.0000,true,1,593885
7290113289048,false,WIZ צלחות קטנות אלגנט קרם 25 יח',,,צלחות קטנות אלגנט קר,יחידה,0.00,יחידה,false,,7.90,0.0000,true,1,217895
7290113289055,false,WIZ צלחות קטנות זהב 25 יח',,,צלחות קטנות אלגנט זה,יחידה,0.00,יחידה,false,,7.90,0.0000,true,1,217896
7290113289161,false,קערות ענקיות אלגנט ק,,,קערות ענקיות אלגנט ק,יחידה,0.00,יחידה,false,,9.90,0.0000,true,1,218011
7290113289178,false,קערות ענקיות אלגנט ז,,,קערות ענקיות אלגנט ז,יחידה,0.00,יחידה,false,,9.90,0.0000,true,1,218038
7290113289215,false,צלחות מתכלות יהלום ע,,,צלחות מתכלות יהלום ע,יחידה,0.00,יחידה,false,,19.90,0.0000,true,1,267553
7290113289222,false,מרקיות מתכלות יהלום,,,מרקיות מתכלות יהלום,יחידה,0.00,יחידה,false,,12.90,0.0000,true,1,267580
7290113289321,false,מגשי דקל מלבניים גדו,,,מגשי דקל מלבניים גדו,יחידה,0.00,יחידה,false,,12.90,0.0000,true,1,358667
7290113289345,false,צלחות דקל מרובעות גד,,,צלחות דקל מרובעות גד,יחידה,0.00,יחידה,false,,16.90,0.0000,true,1,358620
7290113289352,false,צלחות דקל מרובעות קט,,,צלחות דקל מרובעות קט,יחידה,0.00,יחידה,false,,12.90,0.0000,true,1,358636
7290113289369,false,מגשי דקל מלבניים קטנ,,,מגשי דקל מלבניים קטנ,יחידה,0.00,יחידה,false,,17.90,0.0000,true,1,358652
7290113289475,false,מפיות חד שכבתיות 80,,,מפיות חד שכבתיות 80,יחידה,0.00,יחידה,false,,4.90,0.0000,true,1,231390
7290113289505,false,רדיד אלומיניום כוכבי,,,רדיד אלומיניום כוכבי,יחידה,0.00,יחידה,false,,32.90,0.0000,true,1,299054
7290113289543,false,כוסות שקופות 150 יחי,,,כוסות שקופות 150 יחי,יחידה,0.00,יחידה,false,,14.90,0.0000,true,1,358044
7290113317123,false,מארז שלישיית ביצי שוקולד סמי הכבאי,שמחה זה אנחנו,IT,שלישיית ביצי שוקולד,יחידה,0.00,יחידה,false,,14.90,0.0000,true,1,406972
7290113463646,false,גבינה צהובה גאודה 28% פרוסה 400 גרם,,,פרוסות גבינה קשה מסו,גרמים,400.00,100 גרם,false,,13.60,0.0340,true,1,578806
7290113560109,false,פרודונטקס מ.שיניים בטעם צמחי 75 מל,פרודונטקס Parodontax,SK,משחת שיניים בטעם צמח,מיליליטרים,75.00,"100 מ""ל",false,,31.90,0.4253,true,1,121059
7290114151566,false,"שמפו לכל סוגי השיער בוטני 500 מ""ל",אף.סי תבליני בגליל ב,IL,Botany - שמפו לכל סו,מיליליטרים,500.00,"100 מ""ל",false,,22.90,0.0458,true,1,113466
7290114310215,false,"שמנת מתוקה 38% רמת הגולן 250 מ""ל ווסטהיים - מוצר בפיקוח",מילקו תעשיות בעמ,IL,שמנת מתוקה 38% בקבוק,מיליליטרים,250.00,"100 מ""ל",false,,6.47,0.0259,true,1,70617
7290114310222,false,חלב מועשר בסידן וויטמין Dי 3% 1.5 ל' טרה,מילקו תעשיות בעמ,IL,חלב מועשר בסידן 1.5,ליטרים,1.50,ליטר,false,,11.50,7.6667,true,1,82958
7290114310239,false,חלב נטול לקטוז מועשר בוויטמין D י 2% 1.5 ל' טרה,מילקו תעשיות בעמ,IL,חלב נטול לקטוז 1.5,ליטרים,1.50,ליטר,false,,11.50,7.6667,true,1,82945
7290114310338,false,צפתית מעודנת 5% בגביע 225 גרם משק צוריאל,מחלבת משק צוריאל,IL,צפתית מעודנת 5% משק,גרמים,225.00,100 גרם,false,,18.50,0.0822,true,1,121046
7290114310383,false,Muller Froop מולר יוגורט מוקצף בטעם וניל 90 גרם,מולר Muller,IL,יוגורט מוקצף בטעם ונ,גרמים,97.00,100 גרם,false,,5.30,0.0546,true,1,561803
7290114310390,false,מולר פרופ קציפת יוגורט בטעם בננה לוטי 97 גרם,מולר Muller,IL,יוגורט מוקצף בטעם בנ,גרמים,97.00,100 גרם,false,,5.30,0.0546,true,1,561834
7290114310536,false,יוגורט לייט מעושר חלבון 25 גרם חלבון וניל MULLER ACTIVE,מולר Muller,IL,מולר אקטיב לייט יוגו,גרמים,25.00,100 גרם,false,,6.20,0.2480,true,1,151760
7290114310550,false,גבינת פטה עיזים מעודנת 5% משק צוריאל 200 גרם,מחלבת משק צוריאל,IL,פטה עיזים מעודנת 5%,גרמים,200.00,100 גרם,false,,24.10,0.1205,true,1,151733
7290114310567,false,לאבנה עיזים 5% שומן 200 גרם,מחלבת משק צוריאל,IL,לאבנה עיזים 5% משק צ,גרמים,200.00,100 גרם,false,,14.60,0.0730,true,1,151708
7290114310574,false,גבינת קרם שמנת עיזים 5% 200 גרם צוריאל,מחלבת משק צוריאל,IL,גבינת קרם שמנת עיזים,גרמים,200.00,100 גרם,false,,14.60,0.0730,true,1,151635
7290114310611,false,"משקה חלב בננה בבקבוק פקק ספורט טרה 250 מ""ל",Unknown,IL,משקה חלב בננה בבקבוק,מיליליטרים,250.00,"100 מ""ל",false,,5.80,0.0232,true,1,176710
7290114310628,false,משקה חלב וניל ועוגיות בקבוק 1 ליטר,מילקו תעשיות בעמ,IL,משקה חלב וניל עוגיות,ליטרים,1.00,ליטר,false,,12.20,12.2000,true,1,159781
7290114310673,false,גבינת לאבנה 9% 250 גרם,Unknown,IL,לאבנה מחלב בקר 9% 25,גרמים,250.00,100 גרם,false,,12.50,0.0500,true,1,151786
7290114310895,false,"סימפלי פרוט יוגורט עם מנגו תות, שמיניה 8 * 150 גרם",מולר Muller,IL,מאגדת שמינייה סימפלי,קילוגרמים,1.20,"ק""ג",false,,31.90,26.5833,true,1,221809
7290114311014,false,"משקה חלב אייס קפוצ'ינו פקק ספורט טרה 250 מ""ל",מילקו תעשיות בעמ,IL,משקה חלב אייס קפוצ'י,מיליליטרים,250.00,"100 מ""ל",false,,5.80,0.0232,true,1,436874
7290114311021,false,"משקה חלב וניל עוגיות פקק ספורט טרה 250 מ""ל",מילקו תעשיות בעמ,IL,משקה חלב וניל עוגיות,מיליליטרים,250.00,"100 מ""ל",false,,5.80,0.0232,true,1,436888
7290114311038,false,"שמנת מתוקה 32% עמידה בבקבוק טרה 250 מ""ל",מילקו תעשיות בעמ,IL,שמנת מתוקה 32% בקבוק,מיליליטרים,250.00,"100 מ""ל",false,,7.20,0.0288,true,1,436860
7290114311069,false,יוגורט לבן מועשר בחלבון 0% שומן 200 גרם muller active,מולר Muller,IL,יוגורט בטעם טבעי 25,גרמים,200.00,100 גרם,false,,6.20,0.0310,true,1,369114
7290114311298,false,יוגורט מולר פרופ בטעם תות בננה מלון 150,מולר Muller,IL,מולר פרופ תות בננה מ,גרמים,150.00,100 גרם,false,,5.30,0.0353,true,1,531445
7290114311328,false,חלב מועשר דל לקטוז מעושר בויטמין Dי 2% שומן טרה 1 ליטר,ג'י.אר.אמ.גרופו אלימ,IL,חלב נטול לקטוז טרה 1,ליטרים,1.00,ליטר,false,,7.50,7.5000,true,1,543539
7290114311434,false,מולר אקטיב יוגורט חלבון קרמל מלוח 200 גרם,מולר Muller,IL,מולר אקטיב בטעם קרמל,גרמים,200.00,100 גרם,false,,6.20,0.0310,true,1,561773
7290114311441,false,מולר אקטיב יוגורט חלבון עוגיות חמאה 200 גרם,מולר Muller,IL,מולר אקטיב בטעם עוגי,גרמים,200.00,100 גרם,false,,6.20,0.0310,true,1,561788
7290114311502,false,משקה חלב בטעם סחלב בבקבוק 1 ליטר,מילקו תעשיות בעמ,IL,משקה חלב בטעם סחלב 1,ליטרים,1.00,ליטר,false,,12.20,12.2000,true,1,602963
7290114600927,false,עלי טורטייה חיטה מלאה מאסטר שף 320 גרם,אלקאטי קורביישיסי גי,ES,עלי טורטיה חיטה מלאה,גרמים,320.00,100 גרם,false,,9.90,0.0309,true,1,210009
7290114600996,false,"רוטב שום מאסטר שף 250 מ""ל",קפה לנדוור,NL,מאסטר שף רוטב שום 25,מיליליטרים,250.00,"100 מ""ל",false,,9.90,0.0396,true,1,86859
7290114602778,false,פרי סלייסים צ'יפס ירקות שורש 90 גרם,פלפר אפרטיבוס,ES,FREE סלייסים צ'יפס ב,גרמים,900.00,100 גרם,false,,14.90,0.0166,true,1,168539
7290114602785,false,פרי סלייסים צ'יפס בננה מלוח 90 גרם,פלפר אפרטיבוס,ES,FREE סלייסים צ'יפס ב,גרמים,900.00,100 גרם,false,,14.90,0.0166,true,1,168525
7290114603034,false,"פרי גרנולה אגוזים צימוקים וחמוציות, 300 ג'","אפקט טבעי בע""מ",IL,פרי גרנולה אגוזים צי,גרמים,300.00,100 גרם,false,,14.90,0.0497,true,1,117763
7290114603508,false,"רוטב להקצפה מאסטר שף 300 מ""ל",סיטי פוד,TH,מאסטר שף רוטב להקפצה,מיליליטרים,300.00,"100 מ""ל",false,,9.90,0.0330,true,1,111997
7290114603539,false,קרוטונים למרק שום בצל מאסטר שף 350 גרם,"עינת תעשיות מזון, אגשח ב",IL,מאסטר שף קרוטונים למ,גרמים,350.00,100 גרם,false,,19.90,0.0569,true,1,215714
7290114603768,false,"נוזל ניקוי שירותים אגקס 750 מ""ל*2 זוג",קולגייט פלמוליב,FR,אג'קס שירותים 750 מ',מיליליטרים,750.00,"100 מ""ל",false,,30.90,0.0412,true,1,87461
7290114604222,false,קולגייט אופטיק וייט אקסטרא זוג 75 מל,CP-Poland swidnica,PL,משחת שיניים אופטיק ו,מיליליטרים,150.00,"100 מ""ל",false,,44.90,0.2993,true,1,202816
7290114604857,false,"דפי אורז מאסטר שף קוטר 22 ס""מ 400 גרם",לוק הונג טריידינג פר,VN,דפי אורז קוטר 22 כשל,גרמים,400.00,100 גרם,false,,9.90,0.0248,true,1,135214
7290114604864,false,קוסקוס סולת דק מאסטר שף 350 גרם,דוידוביץ,IL,קוסקוס דק מאסטר שף 3,גרמים,350.00,100 גרם,false,,5.90,0.0169,true,1,210452
7290114604871,false,קוסקוס סולת בינוני מאסטר שף 350 גרם,דוידוביץ,IL,קוסקוס בינוני מאסטר,גרמים,350.00,100 גרם,false,,5.90,0.0169,true,1,210121
7290114604895,false,מאסטר שף ממרח לחיץ ספייסי לחיץ 446 גרם,מאסטר שף,NL,מאסטר שף ממרח ספייסי,גרמים,446.00,100 גרם,false,,13.90,0.0312,true,1,153743
7290114604901,false,ממרח שום לחיץ מאסטר שף 444 גרם,מאסטר שף,NL,מאסטר שף ממרח שום לח,גרמים,242.00,100 גרם,false,,13.90,0.0574,true,1,153744
7290114604949,false,מאסטר שף רוטב ברביקיו 524 גרם,רמיה סי.וי. הולנד,NL,מאסטר שף רוטב ברביקי,מיליליטרים,524.00,"100 מ""ל",false,,12.90,0.0246,true,1,153717
7290114605359,false,"פירסט סמייל רפידות הנקה לארג`, 50 יחידות",ש.שסטוביץ,CN,פירסט סמייל רפידות ה,יחידה,0.00,יחידה,false,,24.90,0.0000,true,1,179154
7290114606530,false,רוטב בטעם מיונז וקטשופ מאסטר שף 515 גרם,מאסטר שף,NL,מאסטר שף רוטב בטעם מ,גרמים,515.00,100 גרם,false,,13.90,0.0270,true,1,153745
7290114606547,false,מיונז פטריות כמהין לחיץ מאסטר שף 242 גרם,מאסטר שף,NL,מאסטר שף מיונז עם כמ,גרמים,242.00,100 גרם,false,,13.90,0.0574,true,1,153746
7290114606554,false,מיונז מופחת קלוריות בקבוק לחיץ,מאסטר שף,NL,מאסטר שף מיונז לייט,גרמים,470.00,100 גרם,false,,13.90,0.0296,true,1,153730
7290114606578,false,שקדי מרק מאסטר שף 400 גרם,שסטוביץ,IL,שקדי מרק מאסטר שף 40,גרמים,400.00,100 גרם,false,,10.90,0.0273,true,1,215700
7290114606592,false,מאסטר שף סויה מסורתית 46% פולי סויה 620 גרם,קריניציה ויטמינה אס,TH,מאסטר שף רוטב סויה מ,גרמים,620.00,100 גרם,false,,18.90,0.0305,true,1,602099
7290114607315,false,זוג משחת שיניים מקס וויט,קולגייט- פלמוליב,PL,מקס וויט מארז זוג 2*,מיליליטרים,250.00,"100 מ""ל",false,,29.90,0.1196,true,1,202802
7290114659949,true,מארז 50 מסכות כירוג,,,מארז 50 מסכות כירוג,יחידה,0.00,יחידה,false,,10.00,0.0000,true,1,82435
7290115071498,false,מטבעות שוקולד ברשת פי גיי 31 גר,Unknown,NL,מטבעות שוקולד ברשת 3,גרמים,31.00,100 גרם,false,,3.90,0.1258,true,1,125721
7290115071535,false,מטבעות שוקולד ברשת מפרץ הרפתקאות 31 גר,,NL,מטבעות שוקולד ברשת 3,גרמים,31.00,100 גרם,false,,3.90,0.1258,true,1,125725
7290115073676,true,מארז מסכות 3 שכבות צ,,,מארז מסכות 3 שכבות צ,יחידה,0.00,יחידה,false,,9.90,0.0000,true,1,84447
7290115075182,false,6 מטבעות שוקולד באריזת רשת 31 גר חד קרן,שמחה זה אנחנו,NL,מטבעות שוקולד ברשת 3,גרמים,31.00,100 גרם,false,,3.90,0.1258,true,1,125726
7290115077261,false,"בקבוק טריטן 500 מ""ל",,,"בקבוק טריטן 500 מ""ל",יחידה,0.00,יחידה,false,,24.90,0.0000,true,1,189966
7290115190014,false,סיגריות מרלבורו רד קצר בוקס,פיליפ מוריס,IL,סיגריות מרלבורו חפי,יחידה,0.00,יחידה,false,,36.50,0.0000,false,1,107758
7290115190076,false,סיגריות מרלבורו גולד ארוך 100 בוקס,פיליפ מוריס,TR,סיגריות מרלבורו חפי,יחידה,0.00,יחידה,false,,36.50,0.0000,false,1,116365
7290115190083,false,מרלבורו גולד קצר פאקט,פיליפ מוריס,IL,מרלבורו גולד פאקט 1,יחידה,0.00,יחידה,false,,346.00,0.0000,false,1,107839
7290115190090,false,סיגריות מרלבורו קצר בוקס בודד,פיליפ מוריס,US,סיגריות מרלבורו חפי,יחידה,0.00,יחידה,false,,36.50,0.0000,false,1,107786
7290115190137,false,סיגריות מרלבורו טאצ סילבר יחידה,פיליפ מוריס,IL,מרלבורו פיין טאצ בוד,יחידה,0.00,יחידה,false,,32.00,0.0000,false,1,107759
7290115190151,false,סיגריות מרלבורו טאצ גולד,פיליפ מוריס,IL,מרלבורו גולד טאצ בוד,יחידה,0.00,יחידה,false,,32.00,0.0000,false,1,107742
7290115190212,false,סיגריות פרלמנט בלו 100 BR בודד,פיליפ מוריס,PL,סיגריות פרלמנט (חפיס,יחידה,0.00,יחידה,false,,41.00,0.0000,false,1,107724
7290115190236,false,סיגריות פרלמנט קצר בלו בודד,פיליפ מוריס,IL,סיגריות פרלמנט (חפיס,יחידה,0.00,יחידה,false,,41.00,0.0000,false,1,107711
7290115190250,false,סיגריות פרלמנט קצר בודד,פיליפ מוריס,US,סיגריות פרלמנט (חפיס,יחידה,0.00,יחידה,false,,41.00,0.0000,false,1,100113
7290115190335,false,ל.מ.בלו לייבל ארוך בוקס חפיסה,פיליפ מוריס,TR,אל אם בלו ארוך,יחידה,0.00,יחידה,false,,32.00,0.0000,false,1,160614
7290115190359,false,סיגריות L.M בלו לייבל קצר,פיליפ מוריס,US,אל אם בלו לייבל קצר,יחידה,0.00,יחידה,false,,32.00,0.0000,false,1,100083
7290115190373,false,סיגריות ל.מ. קפסולהP,פיליפ מוריס,TR,אל אם פוב רד בודד,יחידה,0.00,יחידה,false,,32.00,0.0000,false,1,107744
7290115190397,false,סיגריות L.M קצר רד לייבל בודד,פיליפ מוריס,US,אל אם רד לייבל קצר,יחידה,0.00,יחידה,false,,32.00,0.0000,false,1,100068
7290115190458,false,סיגריות נקסט פיין אדג' בודד,פיליפ מוריס,TR,נקסט אדג` בודד,יחידה,0.00,יחידה,false,,27.00,0.0000,false,1,116367
7290115190465,false,סיגריות נקסט פיין אד,פיליפ מוריס,TR,נקסט פיין אדג` (פקט),יחידה,0.00,יחידה,false,,266.00,0.0000,false,1,122304
7290115190472,false,סיגריות נקסט פיין אדג',פיליפ מוריס,TR,נקסט פיין אדג` בודד,יחידה,0.00,יחידה,false,,27.00,0.0000,false,1,122318
7290115190496,false,סיגריות נקסט ארוך בודד,פיליפ מוריס,IL,סיגריות נקסט (בודד),יחידה,0.00,יחידה,false,,31.00,0.0000,false,1,133555
7290115190519,false,סיגריות נקסט פיין חפ,פיליפ מוריס,PL,סיגריות נקסט (בודד),יחידה,0.00,יחידה,false,,31.00,0.0000,false,1,107726
7290115190533,false,סיגריות נקסט ריסס 100 בודד,פיליפ מוריס,TR,סיגריות נקסט (בודד),יחידה,0.00,יחידה,false,,29.00,0.0000,false,1,116352
7290115190540,false,סיגריות נקסט ריסס קצ,פיליפ מוריס,TR,נקסט ריסס קצר פאקט 1,יחידה,0.00,יחידה,false,,281.00,0.0000,false,1,107871
7290115190557,false,סיגריות נקסט ריסס בודד,פיליפ מוריס,TR,סיגריות נקסט(בודד) ר,יחידה,0.00,יחידה,false,,29.00,0.0000,false,1,107727
7290115190595,false,סיגריות נקסט אוריגינ,פיליפ מוריס,PL,סיגריות נקסט(בודד),יחידה,0.00,יחידה,false,,31.00,0.0000,false,1,107698
7290115190892,false,סיגריות מרלבורו פיוז'ן קפסולה בודד,פיליפ מוריס,IL,סיגריות מרלבורו פיוז,יחידה,0.00,יחידה,false,,30.00,0.0000,false,1,180936
7290115190939,false,אל.אם קפסולות קליק חפיסה,פיליפ מוריס,TR,אל אם וייב קליק קפסו,יחידה,0.00,יחידה,false,,28.00,0.0000,false,1,238861
7290115190977,false,סיגריות מרלבורו טאץ אדום -בודד,פיליפ מוריס,TR,מרלבורו טאצ אדום בוד,יחידה,0.00,יחידה,false,,32.00,0.0000,false,1,533478
7290115200003,false,פתי בר פינוקי וניל אסם 220 גרם,תאי פרזידנט פוד פאבל,PL,פתי בר פינוקי וניל 2,גרמים,220.00,100 גרם,false,,10.90,0.0495,true,1,118040
7290115200027,false,אסם פתי בר פינוקים שוקו 220 גרם,קריות זול,PL,פתי בר פינוקי שוקו 2,גרמים,220.00,100 גרם,false,,10.90,0.0495,true,1,118041
7290115200713,false,במבה קלאסי מארז אחיד 8 50*5 ג',"אסם השקעות בע""\מ",IL,מארז במבה קלאסי אסם,גרמים,250.00,100 גרם,false,,11.90,0.0476,true,1,120220
7290115201031,false,אסם פתיבר דובוני שוקולד 175 גרם,טרופיקל דגיל תעשיות,PL,אסם פתיבר דובי שוקול,גרמים,175.00,100 גרם,false,,10.50,0.0600,true,1,152031
7290115201451,false,טבעול גורמה לביבות בטטה קארי 455 גרם,טבעול )מקבוצת אסם השקעות,IL,טבעול גורמה לביבות ב,גרמים,455.00,100 גרם,false,,34.90,0.0767,true,1,531730
7290115201680,false,ביסלי בטעם ברביקיו אסם 70 גרם,"אסם השקעות בע""\מ",IL,ביסלי ברביקיו 70 גרם,גרמים,70.00,100 גרם,false,,3.90,0.0557,true,1,125944
7290115201741,false,ביסלי בטעם בצל אסם 70 גרם,"אסם השקעות בע""\מ",IL,ביסלי בצל 70 גרם,גרמים,70.00,100 גרם,false,,3.90,0.0557,true,1,119564
7290115202786,false,מנה חמה פאוץ נודלס אטריות טעם בקר 70 גרם,תאי פרזידנט,TH,מנה חמה פאוצ' נדלסאט,גרמים,70.00,100 גרם,false,,4.90,0.0700,true,1,151925
7290115202816,false,מנה חמה פאוץ נודלס אטריות טעם עוף 70 גרם,תאי פרזידנט,TH,מנה חמה פאוצ' נדלסאט,גרמים,70.00,100 גרם,false,,4.90,0.0700,true,1,151926
7290115202847,false,מנה חמה פאוץ נודלס אטריות טעם עוף 70 גרם,תאי פרזידנט,TH,מנה חמה פאוצ' נדלסאט,גרמים,70.00,100 גרם,false,,4.90,0.0700,true,1,151927
7290115202939,false,מנה חמה רייס נודלס עוף פטריות אסם 50 גרם,מיוצר עי קונדיטוריית,TH,מנה חמה רייס נודלס ע,גרמים,50.00,100 גרם,false,,7.90,0.1580,true,1,252330
7290115203134,false,פופקו פופקורן במבה - פופקורן בציפוי קרמל ובוטנים,"אסם השקעות בע""\מ",IL,פופקו פופקורן במבה 4,גרמים,80.00,100 גרם,false,,4.90,0.0613,true,1,174174
7290115203172,false,במבה PRO מכיל 18 גרם חלבון בשקית,"אסם השקעות בע""\מ",IL,במבה אסם 80 גרם PRO,גרמים,80.00,100 גרם,false,,4.50,0.0563,true,1,527488
7290115203295,false,פרפקטו פסטה ריציאולי מהדורה 12*500גרם,אסם פרפקטו Perfecto,IT,פרפקטו פסטה ריציאולי,גרמים,400.00,100 גרם,false,,9.90,0.0248,true,1,151900
7290115204131,false,צבר סחוג ירוק 6*190גרם חדש,פרסקו,IL,סחוג ירוק המעדנייה ש,גרמים,190.00,100 גרם,false,,10.90,0.0574,true,1,396577
7290115204155,false,סחוג אדום המעדנייה ש,פרסקו,IL,סחוג אדום המעדנייה ש,גרמים,190.00,100 גרם,false,,10.90,0.0574,true,1,396578
7290115204261,false,אריסה חריפה המעדנייה,פרסקו,IL,אריסה חריפה המעדנייה,גרמים,190.00,100 גרם,false,,10.90,0.0574,true,1,396579
7290115205176,false,פיטנס - קרקר דק כפרי פיטנס 140 גרם,נסטלה Nestle,IL,פיטנס קרקר THIN כפרי,גרמים,140.00,100 גרם,false,,11.90,0.0850,true,1,247275
7290115205251,false,פריכיות קרמל מלוח פיטנס בר 84 גרם,פרח תעשיות,IL,בר פריכיות קרמל מלוח,גרמים,84.00,100 גרם,false,,12.90,0.1536,true,1,614199
7290115205312,false,קרקר פיטנס דק עם זיתי קלמטה ועשבי תיבול,"אסם השקעות בע""\מ",IL,פיטנס קרקר Thin Deli,גרמים,140.00,100 גרם,false,,11.90,0.0850,true,1,484642
7290115205527,false,פיטנס חטיף מולטיגריין עם עדשים 25 גרם,"אסם השקעות בע""\מ",IL,פיטנס חטיף מולטגריין,גרמים,25.00,100 גרם,false,,4.90,0.1960,true,1,495501
7290115205541,false,פיטנס חטיף מולטיגריין עם חומוס 25 גרם,"אסם השקעות בע""\מ",IL,פיטנס חטיף מולטיגריי,גרמים,25.00,100 גרם,false,,4.90,0.1960,true,1,495517
7290115205695,false,אסם בונזור בצק מצונן לפיצה 460 גרם,נסטלה סוויס )שוויץ(,CH,בצק מצונן לפיצה בונז,גרמים,460.00,100 גרם,false,,17.90,0.0389,true,1,300593
7290115205718,false,אסם בונזור בצק מצונן עלים 230 גרם,נסטלה סוויס )שוויץ(,CH,בצק עלים מצונן בונז',גרמים,230.00,100 גרם,false,,13.90,0.0604,true,1,300633
7290115205978,false,פתיבר ואצבעות שוקולד 180 גרם - רבנות,"t\ד""\ר ג'\רארד בע""\מn\",PL,פתי בר אצבעות שוקולד,גרמים,180.00,100 גרם,false,,10.90,0.0606,true,1,373104
7290115206531,false,אסם קרמוגית במילוי קרם בייגלה 12*200 גרם,אסם-נסטלה,IL,אסם קרמוגית במילוי ק,גרמים,200.00,100 גרם,false,,10.90,0.0545,true,1,268228
7290115207163,false,פרפקטו ניוקי בזיליקום ושום אסם 500 גרם,איטלניוקי,IT,ניוקי בזיליקום ושום,גרמים,500.00,100 גרם,false,,12.90,0.0258,true,1,300553
7290115207484,false,"""המעדניה"" צבר חציל על האש 400 גרם",ג'נרל מילס סאן אדריא,IL,חציל על האש היתר צבר,גרמים,400.00,100 גרם,false,,15.40,0.0385,true,1,319331
7290115207620,false,"רוטב בסגנון סויה קלאסי 290 מ""ל אסם","אסם השקעות בע""\מ",IL,אסם רוטב בסגנון סויה,מיליליטרים,320.00,"100 מ""ל",false,,12.90,0.0403,true,1,484299
7290115207811,false,"טבעול נקניקיות טבעוניות, 418 גרם","טבעול תעשיות מזון בע""\מ",IL,נקניקיות טבעוניות טב,גרמים,418.00,100 גרם,false,,34.90,0.0835,true,1,524998
7290115207941,false,סירופ אננס ויטמינצ'יק 1 ליטר,בית-השיטה עסיס תעשיות מז,IL,ויטמינצ'יק אננס 1 לי,ליטרים,1.00,ליטר,false,,19.90,19.9000,true,1,336317
7290115207965,false,סירופ מנגו אפרסק ויטמינצ'יק 1 ליטר,בית-השיטה עסיס תעשיות מז,IL,ויטמינצ'יק מנגו 1 לי,ליטרים,1.00,ליטר,false,,19.90,19.9000,true,1,336333
7290115207989,false,סירופ לימון ויטמינצ'יק 1 ליטר,בית-השיטה עסיס תעשיות מז,IL,ויטמינצ'יק לימון 1 ל,ליטרים,1.00,ליטר,false,,19.90,19.9000,true,1,336318
7290115208009,false,סירופ ענבים ויטמינצ'יק 1 ליטר,בית-השיטה עסיס תעשיות מז,IL,ויטמינצ'יק ענבים 1 ל,ליטרים,1.00,ליטר,false,,19.90,19.9000,true,1,336334
7290115208047,false,סירופ פטל ויטמינצ'יק 1 ליטר,בית-השיטה עסיס תעשיות מז,IL,ויטמינצ'יק פטל 1 ליט,ליטרים,1.00,ליטר,false,,19.90,19.9000,true,1,336319
7290115208061,false,סירופ תפוח ויטמינצ'יק 1 ליטר,בית השיטה עסיס תעשיות מז,IL,ויטמינצ'יק תפוח 1 לי,ליטרים,1.00,ליטר,false,,19.90,19.9000,true,1,336335
7290115208344,false,בייגלה כפיות שמנת בצל אסם 300 גרם,"אסם השקעות בע""\מ",IL,אסם בייגלה כפיות שמנ,גרמים,300.00,100 גרם,false,,10.90,0.0363,true,1,533506
7290115209174,false,במבה אורירית קלאסי 60 גר',אסם השקעות בעמ,IL,במבה אורירית 60 גרם,גרמים,80.00,100 גרם,false,,4.50,0.0563,true,1,547773
7290115209198,false,במבה אוורירית אסם 80 גרם,"אסם תעשיות בע""מ",IL,במבה אורירית 80 גרם,גרמים,80.00,100 גרם,false,,4.50,0.0563,true,1,495585
7290115403312,false,עוגיות מלוחות קריספי 450,,IL,עוגיות מלוחות קריספי,גרמים,450.00,100 גרם,false,,15.90,0.0353,true,1,443577
7290115403343,false,עוגיות פסים עלים מסוכרים,ק.א. ומשווק בבלעדיות על,IL,עוגיות פסים עלים מסו,גרמים,450.00,100 גרם,false,,15.90,0.0353,true,1,443579
7290115403411,false,עוגיות עינוגים אגוזים,,IL,עוגיות עינוגים בטעם,גרמים,500.00,100 גרם,false,,15.90,0.0318,true,1,443586
7290115403435,false,עוגיות מעמול תמר 500 גרם,שיבולים א.ד.ל )ק.א(,IL,עוגיות מעמול תמר אדל,גרמים,500.00,100 גרם,false,,15.90,0.0318,true,1,443588
7290115403459,false,עוגיות נסיכה בטעם תות 50,שיבולים א.ד.ל )ק.א(,IL,עוגיות נסיכה בטעם תו,גרמים,500.00,100 גרם,false,,15.90,0.0318,true,1,443590
7290115403466,false,עוגיות נסיכה מיקס 500 גר,שיבולים א.ד.ל )ק.א(,IL,עוגיות נסיכה מיקס אד,גרמים,500.00,100 גרם,false,,15.90,0.0318,true,1,443591
7290115403480,false,עוגיות בסגנון מרוקאי 500,,IL,עוגיות בסגנון מרוקאי,גרמים,500.00,100 גרם,false,,15.90,0.0318,true,1,443593
7290115403510,false,עוגיות מגולגלות תמרים,,IL,עוגיות מגולגלות תמרי,גרמים,500.00,100 גרם,false,,15.90,0.0318,true,1,443595
7290115403527,false,עוגיות עינוגי תמרים 500ג,,IL,עוגיות עינוגי תמרים,גרמים,500.00,100 גרם,false,,15.90,0.0318,true,1,443596
7290115403565,false,עוגיות קיפל וניל 500 גרם,,IL,עוגיות קיפל וניל אדל,גרמים,500.00,100 גרם,false,,15.90,0.0318,true,1,443600
7290115405088,false,קינוח אישי קדאיף קפולסקי 200 גרם,תופינים מקבוצת קפולסקי,IL,קינוח אישי קדאיף-200,גרמים,200.00,100 גרם,false,,14.90,0.0745,true,1,66587
7290115405774,false,פחזניות ממולאות בטעם וניל קפולסקי 180 גרם,תופינים מקבוצת קפולס,IL,פחזניות בטעם וניל תו,גרמים,180.00,100 גרם,false,,14.90,0.0828,true,1,474330
7290115405781,false,פחזניות ממולאות בטעם שוקולד קפולסקי 180 גרם,תופינים מקבוצת קפולס,IL,פחזניות בטעם שוקולד,גרמים,180.00,100 גרם,false,,14.90,0.0828,true,1,474344
7290115405798,false,פחזניות ממולאות בטעם ריבת חלב קפולסקי 180 גרם,קפולסקי אדל בעמ,IL,פחזניות בטעם ריבת חל,גרמים,180.00,100 גרם,false,,14.90,0.0828,true,1,474358
7290115410068,false,חציל במיונז סלטי היום 400 גרם,סלטי היום - קפוא זן,IL,חציל במיונז 400 גרם,גרמים,400.00,100 גרם,false,,10.90,0.0273,true,1,207749
7290115410075,false,טחינה סלטי היום 400 גרם,סלטי היום - קפוא זן,IL,טחינה 400 גרם סלטי ה,גרמים,400.00,100 גרם,false,,10.90,0.0273,true,1,207750
7290115410082,false,טורקי סלטי היום 400 גרם,סלטי היום - קפוא זן,IL,טורקי 400 גרם סלטי ה,גרמים,400.00,100 גרם,false,,10.90,0.0273,true,1,207751
7290115410099,false,מטבוחה סלטי היום 400 גרם,סלטי היום - קפוא זן,IL,מטבוחה 400 גרם סלטי,גרמים,400.00,100 גרם,false,,10.90,0.0273,true,1,207766
7290115410112,false,חומוס סלטי היום 400 גרם,סלטי היום - קפוא זן,IL,חומוס 400 גרם סלטי ה,גרמים,400.00,100 גרם,false,,10.90,0.0273,true,1,207735
7290115410150,false,כרוב אדום סלטי היום 400 גרם,סלטי היום - קפוא זן,IL,כרוב אדום 400 גרם סל,גרמים,400.00,100 גרם,false,,10.90,0.0273,true,1,352896
7290115410549,false,המעדניה חומוס ירושלים 250 גר',סלטי היום - קפוא זן,IL,חומוס מסעדות המעדניה,גרמים,250.00,100 גרם,false,,10.90,0.0436,true,1,207645
7290115410556,false,המעדניה חומוס מסבחה ירוק 250 גר',סלטי היום - קפוא זן,IL,חומוס מסבחה 250 גרם,גרמים,250.00,100 גרם,false,,10.90,0.0436,true,1,207672
7290115410563,false,המעדניה חומוס מסבחה חריף אדום 250 גר',סלטי היום - קפוא זן,IL,חומוס מסבחה חריף 250,גרמים,250.00,100 גרם,false,,10.90,0.0436,true,1,207686
7290115410587,false,טחינה לבנה 250 גרם המעדניה,סלטי היום - קפוא זן,IL,טחינה לבנה 250 גרם -,גרמים,250.00,100 גרם,false,,10.90,0.0436,true,1,207688
7290115410600,false,חציל במיונז 250 גרם המעדניה,סלטי היום - קפוא זן,IL,חציל במיונז 250 גרם-,גרמים,250.00,100 גרם,false,,10.90,0.0436,true,1,207703
7290115410655,false,מטבוחה 250 גרם המעדניה,סלטי היום - קפוא זן,IL,מטבוחה 250 גרם המעדנ,גרמים,250.00,100 גרם,false,,10.90,0.0436,true,1,207707
7290115411928,false,סלט תפוחי אדמה סלטי היום 400 גרם,סלטי היום - קפוא זן,IL,"תפו""א 400 גרם סלטי ה",גרמים,400.00,100 גרם,false,,10.90,0.0273,true,1,207767
7290115671155,false,שלישיית סוכריות מאסט FRESH ענבים 45 גרם,הליקון גידה,TR,שלישיית סוכריות בזוק,גרמים,45.00,100 גרם,false,,7.90,0.1756,true,1,310520
7290115671223,false,מסטיק מאסט פאן אבטיח מנגו צנצנת 58 גרם,אסקום קונפקשיין,DE,מסטיק קוביות ללא סוכ,גרמים,58.00,100 גרם,false,,10.50,0.1810,true,1,310561
7290115671339,false,מיני פינוקיות בראוניז בייגל בוטן עלית 180 ג' עלית,"הגביע מוצרי ופלים בע""\מ",IL,מיני פינוקיות בראוני,גרמים,180.00,100 גרם,false,,10.90,0.0606,true,1,193578
7290115671346,false,מיני פינוקיות טופי קרמל מלוח עלית 180 גרם,"הגביע מוצרי ופלים בע""\מ",IL,מיני פינוקיות במילוי,גרמים,180.00,100 גרם,false,,10.90,0.0606,true,1,193592
7290115671353,false,מיני פינוקיות עוגיות קקאו במילוי קרם בטעם וניל,"הגביע מוצרי ופלים בע""\מ",IL,מיני פינוקיות שחור ל,גרמים,180.00,100 גרם,false,,10.90,0.0606,true,1,291159
7290115671421,false,פולי אספרסו עשירים וארומטיים עוצמה 10 עלית 250 גרם,שטראוס קפה בי. וי.,IL,פולי אספרסו עשירים ו,גרמים,250.00,100 גרם,false,,21.90,0.0876,true,1,373271
7290115675559,false,מארז קפה טורקי לדרך 10 יחידות,שטראוס קפה בי.וי.,IL,מארז קפה טורקי לדרך,גרמים,70.00,100 גרם,false,,7.90,0.1129,true,1,126993
7290115675702,false,דגני בוקר קראנצ'ים שיבולת שועל עם פירות מיובשים,גלידות שטראוס,PL,דגני בוקר קוואקר שיב,גרמים,375.00,100 גרם,false,,19.90,0.0531,true,1,186459
7290115675986,false,דנונה יוגורט בר עם אגוזים מקורמלים 173 גרם,"שטראוס בריאות בע""\מ",IL,דנונה קראנצ' אגוזים,גרמים,173.00,100 גרם,false,,4.60,0.0266,true,1,126373
7290115676051,false,"משקה אקטיביה שיבולת שועל במתיקות מעודנת 250 מ""ל",מיוצר עי קונדיטוריית,IL,משקה אקטיביה עם שיבו,גרמים,265.00,100 גרם,false,,5.20,0.0196,true,1,227932
7290115676082,false,משקה דנונה פרו 20 יוגורט תות 255 ג' רבנות,"שטראוס בריאות בע""\מ.",IL,משקה יוגורט עם חלבון,גרמים,255.00,100 גרם,false,,7.20,0.0282,true,1,164667
7290115676099,false,משקה דנונה פרו 20 יוגורט וניל 255 ג' רבנות,"שטראוס בריאות בע""\מ.",IL,משקה יוגורט עם חלבון,גרמים,265.00,100 גרם,false,,7.20,0.0272,true,1,164630
7290115677966,false,ממרח אבוקדו טעם הטבע 200 גרם,ג'י. אר. סימפלוט,MX,ממרח אבוקדו אחלה 200,גרמים,200.00,100 גרם,false,,14.90,0.0745,true,1,218527
7290115678376,false,מעדן הגולן שוקולד 125 גרם,מיוצר עי קונדיטוריית,IL,מעדן הגולן מעדן חלב,גרמים,125.00,100 גרם,false,,2.90,0.0232,true,1,195602
7290115678383,false,מעדן הגולן שוקולד מריר 125 גרם,מיוצר עי קונדיטוריית,IL,מעדן הגולן מעדן חלב,גרמים,125.00,100 גרם,false,,2.90,0.0232,true,1,195616
7290115678598,false,חסה אייסברג שטראוס טעם הטבע,שטראוס בריאות ירקות טריי,IL,חסה אייסברג חיתוך גס,גרמים,300.00,100 גרם,false,,9.90,0.0330,true,1,230252
7290115679960,false,ציטוס פופקורן בטעם טבעי 60 ג 24 יח,"שטראוס פריטו ליי בע""\מ )",IL,ציטוס פופקורן בטעם ט,גרמים,60.00,100 גרם,false,,3.90,0.0650,true,1,228026
7290116243986,false,אצבעות שוקולד ממולא בקרם חלב עם מדבקות 50 גרם - ברבי,Unknown,UA,אצבעות שוקולד ממולא,גרמים,50.00,100 גרם,false,,4.90,0.0980,true,1,485306
7290116244006,false,אצבעות שוקולד ממולא בקרם חלב עם מדבקות 50 גרם - מפרץ הרפתקאות,Unknown,UA,אצבעות שוקולד ממולא,גרמים,50.00,100 גרם,false,,4.90,0.0980,true,1,485321
7290116244037,false,חד קרן אצבעות שוקולד חלב 84 גרם,סטילנד שוקולד,NL,אצבעות שוקולד חלב חד,גרמים,84.00,100 גרם,false,,7.90,0.0940,true,1,351424
7290116244044,false,מיניונים אצבעות שוקולד חלב 84 גרם,,NL,אצבעות שוקולד חלב מי,גרמים,84.00,100 גרם,false,,7.90,0.0940,true,1,351425
7290116244051,false,אצבעות שוקולד חלב 84 גרם LOL,סטילנד שוקולד,NL,אצבעות שוקולד חלב 84,גרמים,84.00,100 גרם,false,,7.90,0.0940,true,1,351426
7290116244068,false,אצבעות שוקולד חלב 84 גר'-כוח פי גיי,סטילנד שוקולד,NL,אצבעות שוקולד חלב כו,גרמים,84.00,100 גרם,false,,7.90,0.0940,true,1,351427
7290116244075,false,סמי הכבאי אצבעות שוקולד חלב 84 גרם,סטילנד שוקולד,NL,אצבעות שוקולד חלב סמ,גרמים,84.00,100 גרם,false,,7.90,0.0940,true,1,351428
7290116244082,false,מפרץ הרפתקאות אצבעות שוקולד חלב 84 גרם,סטילנד שוקולד,NL,אצבעות שוקולד חלב מפ,גרמים,84.00,100 גרם,false,,7.90,0.0940,true,1,351429
7290116270715,false,פילה ברבוניה ארוז בו,,,פילה ברבוניה ארוז בו,יחידה,0.00,יחידה,false,,24.90,0.0000,true,1,374497
7290116531496,false,קינמונים דגנים פריכים מצופים 375 גרם,"נאוג'\אזיס נווזיס ,UAB ג",LT,דגני בוקר קינמונים ת,גרמים,375.00,100 גרם,false,,19.90,0.0531,true,1,370786
7290116531564,false,מאגדת פתית פריכיות תירס דקות עם קינואה ובזיליקום 150 ג',גוד פוד פרודקטס,PL,מאגדת פריכיות תירס ד,גרמים,150.00,100 גרם,false,,14.90,0.0993,true,1,318653
7290116532769,false,גרנולה פרוטאין גרנולה חלבון תפוח וקינמון תלמה 300 גרם,חטיפי העמק,IL,גרנולה פרוטאין בתוספ,גרמים,300.00,100 גרם,false,,16.90,0.0563,true,1,496614
7290116533063,false,דגני בוקר שוגי קרטיב ענבים 400 גרם,"יוניליוור שפע ישראל בע""\",IL,שוגי דגני בוקר בטעם,גרמים,400.00,100 גרם,false,,19.90,0.0497,true,1,496628
7290116930015,false,חטיף חלבון GO קרמל ח.בוטנים קריספי 20 גרם חלבון,"בלמונט קונפקציות בע""\מ.",US,חטיף חלבון בטעם קרמל,גרמים,60.00,100 גרם,false,,11.90,0.1983,true,1,385549
7290116930282,false,ארוחה בקטנה לאבנה עם קרקרים 150ג' תנובה,תנובה חלב,IL,לאבנה 9% שומן עם קרק,גרמים,150.00,100 גרם,false,,7.90,0.0527,true,1,530335
7290116930435,false,יוגורט יופלה GO במרקם סמיך עם דובדבן 0%,תנובה מרכז שיתופי לש,IL,יוגורט גו סמיך 0% דו,גרמים,200.00,100 גרם,false,,5.00,0.0250,true,1,447393
7290116930459,false,"יופלה שייק מנגו בננה אננס וקוקוס 230 מ""ל",קבוצת המזון אקטשלאר,IL,יופלה SHAKE בננה אנ,מיליליטרים,230.00,"100 מ""ל",false,,7.90,0.0343,true,1,530418
7290116930466,false,"משקה SHAKE בננה מנגן פסיפלורה והל 230 מ""ל יופלה",קבוצת המזון אקטשלאר,IL,יופלה SHAKE מנגו בנ,מיליליטרים,230.00,"100 מ""ל",false,,7.90,0.0343,true,1,530419
7290116930480,false,"משקה SHAKE בננה קיווי תפוח 230 מ""ל יופלה",קבוצת המזון אקטשלאר,IL,יופלה SHAKE בננה קי,מיליליטרים,230.00,"100 מ""ל",false,,7.90,0.0343,true,1,530420
7290116930626,false,ארוחה בקטנה ציזיקי עם קרקרים 150ג' תנובה,תנובה חלב,IL,ציזיקי עם קרקרים תנו,גרמים,150.00,100 גרם,false,,7.90,0.0527,true,1,530336
7290116930657,false,"משקה חלב גו בטעם בננה תמר בתוספת שיבולת שועל במרקם חלק 340 מ""ל",תנובה מרכז שיתופי לש,IL,משקה GO בננה תמר עם,מיליליטרים,340.00,"100 מ""ל",false,,7.90,0.0232,true,1,584134
7290116930718,false,מעדן תנובה דיאט בטעם שוקולד וקרמל מלוח 0% 150ג' תנובה,"תנובה בע""\מ",IL,מעדן דיאט בטעם שוקו,גרמים,150.00,100 גרם,false,,3.90,0.0260,true,1,532255
7290116930954,false,יוגורט טעם פאי תפוחים 3% 150 ג' יופלה,"תנובה בע""\מ",IL,יופלה בטעם פאי תפוחי,מיליליטרים,150.00,"100 מ""ל",false,,5.20,0.0347,true,1,584087
7290116931012,false,יופלה דיאט 0% שומן תפוח וקינמון 150 גרם,תנובה מרכז שיתופי לש,IL,יופלה דיאט 0% שומן ת,מיליליטרים,150.00,"100 מ""ל",false,,5.10,0.0340,true,1,584102
7290116931159,false,יופלה דיאט 0% שומן תות בננה 150 גרם,תנובה מרכז שיתופי לש,IL,יופלה דיאט 0% שומן ת,מיליליטרים,150.00,"100 מ""ל",false,,5.10,0.0340,true,1,584118
7290116931289,false,יופלה גו במרקם סמיך אלפחורס 200מל,תנובה מרכז שיתופי לש,IL,יוגורט גו סמיך 0% אל,גרמים,200.00,100 גרם,false,,5.00,0.0250,true,1,581785
7290117131053,false,מברשת סיליקון ענק,,,מברשת סיליקון ענק,יחידה,0.00,יחידה,false,,14.90,0.0000,true,1,316167
7290117131060,false,מטרפה סיליקון,,,מטרפה סיליקון,יחידה,0.00,יחידה,false,,14.90,0.0000,true,1,316153
7290117260074,false,שעועית ירוקה חתוכה מוקפאת 800 ג' וילי פוד,,BE,שעועית ירוקה חתוכה מ,גרמים,800.00,100 גרם,false,,7.50,0.0094,true,1,540958
7290117260449,false,גבינה בולגרית מעודנת למריחה בטעם טבעי 5% שומן 200 ג' יורו,אם.בי.טורקיה,TR,גבינה בולגרית מעודנת,גרמים,200.00,100 גרם,false,,11.90,0.0595,true,1,532560
7290117260456,false,גבינה בולגרית מעודנת למריחה עם זיתים 5% שומן 200 ג' יורו,אם.בי.טורקיה,TR,גבינה בולגרית מעודנת,גרמים,200.00,100 גרם,false,,11.90,0.0595,true,1,532588
7290117260470,false,גבינה בולגרית מעודנת למריחה עם שום 5% שומן 200 ג' יורו,אם.בי.טורקיה,TR,גבינה בולגרית מעודנת,גרמים,200.00,100 גרם,false,,11.90,0.0595,true,1,532574
7290117260562,false,חמאה כפרית מסורתית בגביע,וילי פוד,TR,חמאה בגביע יורו 225,גרמים,225.00,100 גרם,false,,16.90,0.0751,true,1,584760
7290117260579,false,חטיף קראנצ'י על בסיס קמח עדשים בטעם שמנת חמוצה ובצל 80 ג',וילי פוד,LT,חטיף קראנצ'י על בסיס,גרמים,80.00,100 גרם,false,,7.90,0.0988,true,1,566488
7290117260586,false,חטיף קראנצ'י על בסיס קמח עדשים בטעם פלפל חלפיניו וליים 80 ג',וילי פוד,LT,חטיף קראנצ'י על בסיס,גרמים,80.00,100 גרם,false,,7.90,0.0988,true,1,566489
7290117260593,false,חטיף קראנצ'י על בסיס קמח עדשים בטעם צ'דר 80 ג',וילי פוד,LT,חטיף קראנצ'י על בסיס,גרמים,80.00,100 גרם,false,,7.90,0.0988,true,1,566490
7290117260685,false,תן בו וניל ציפויים בטעמים שונים 230 גרם,אלויראסמינדה,DK,תן בו בטעם וניל בציפ,גרמים,230.00,100 גרם,false,,19.90,0.0865,true,1,311700
7290117261101,false,זוג קינוחים בטעם שוקולד ואגוזי לוז 140 גרם,מונטרו,ES,זוג קינוחים בטעם שוק,גרמים,140.00,100 גרם,false,,10.90,0.0779,true,1,540927
7290117261347,false,תן בו בציפוי בטעם שוקולד לבן ופתיתי קוקו,אלויראסמינדה,DK,תן בו בציפוי בטעם שו,גרמים,300.00,100 גרם,false,,19.90,0.0663,true,1,445453
7290117261354,false,גבינת ריקוטה 200 גרם 5%שומן מחלבת אירופה,באלבן גידה סנאי,TR,גבינת ריקוטה 5% שומ,גרמים,200.00,100 גרם,false,,9.90,0.0495,true,1,527580
7290117261521,false,סלמון אטלנטי בשמן קנולה 120 גרם ויליפוד,קריות זול,LV,סלמון אטלנטי בשמן קנ,גרמים,120.00,100 גרם,false,,10.90,0.0908,true,1,563786
7290117261538,false,סלמון אטלנטי בשמן קנולה וצילי 120 גרם ויליפוד,קריות זול,LV,סלמון אטלנטי בשמן קנ,גרמים,120.00,100 גרם,false,,10.90,0.0908,true,1,563787
7290117261545,false,סלמון אטלנטי ברוטב טריאקי 120 גרם ויליפוד,קריות זול,LV,סלמון אטלנטי ברוטב ט,גרמים,120.00,100 גרם,false,,10.90,0.0908,true,1,563788
7290117261569,false,סלמון אטלנטי מעושן בשמן קנולה 120 גרם ויליפוד,קריות זול,LV,סלמון אטלנטי מעושן ב,גרמים,120.00,100 גרם,false,,10.90,0.0908,true,1,563790
7290117261705,false,חמאת עיזים 200 גרם ויליפוד,באלבן גידה סנאי,TR,חמאת עיזים 200 גרם,גרמים,200.00,100 גרם,false,,13.90,0.0695,true,1,563881
7290117261927,false,גבינת פקורינו מחלב כבשים צ'אנק 150 EURO CHEESE,ג.וילי פוד אינטרנשיונל ב,ES,גבינת פקורינו מחלב כ,גרמים,150.00,100 גרם,false,,19.90,0.1327,true,1,563852
7290117380154,false,"מאסטר שף רוטב אסיאתי עם סויה 260 מ""ל",רמייה,NL,רוטב אסיאתי עם סויה,מיליליטרים,264.00,"100 מ""ל",false,,9.90,0.0375,true,1,442560
7290117380215,false,חטיף פוף קראנץ בטעם טאקו 60 גרם,מנה,IL,פוף קראנצ בטעם טאקו,גרמים,60.00,100 גרם,false,,3.90,0.0650,true,1,331430
7290117380857,false,"מרבה סלים דליס פייבר עוגות אישיות בטעם לימון, 120 גרם",שסטוביץ,NL,סלים דליס פייבר - עו,גרמים,120.00,100 גרם,false,,10.90,0.0908,true,1,496585
7290117380871,false,סלים דליס פייבר עוגות אישיות בטעם אוכמניות 120 גרם,הלמה הלום,NL,סלים דליס פייבר - עו,גרמים,120.00,100 גרם,false,,10.90,0.0908,true,1,496586
7290117381205,false,"מאסטר שף שמן שומשום 370 מ""ל",מנה,,מאסטר שף שמן שומשום,מיליליטרים,370.00,"100 מ""ל",false,,22.90,0.0619,true,1,581800
7290117383728,false,"מארז זוג תחליב רחצה לומינוס  אבוקדו 750 מ""ל פלמוליב",קולגייט פלמוליב,TR,פלמוליב לומינוס אבוק,ליטרים,1500.00,100 ליטר,false,,30.00,0.0200,true,1,576666
7290117383735,false,"מארז זוג תחליב רחצה חימר ורדים *750 מ""ל פלמוליב",קולגייט פלמוליב,TR,פלמוליב חימר ורדים 7,ליטרים,1500.00,100 ליטר,false,,30.00,0.0200,true,1,576667
7290117383742,false,"מארז זוג ג'ל רחצה לגבר 750 מ""ל פלמוליב",קולגייט פלמוליב,TR,פלמוליב גבר מרענן 75,ליטרים,1500.00,100 ליטר,false,,30.00,0.0200,true,1,576668
7290117383780,false,מארז זוג סבון גוף ארומה מסאז' גרגירי פילינג,קולגייט פלמוליב,TR,פלמוליב ארומה מסאג',ליטרים,1500.00,100 ליטר,false,,30.00,0.0200,true,1,576669
7290117761052,false,מנקה חלונות 1 ליטר ז,,,מנקה חלונות 1 ליטר ז,ליטרים,1.00,ליטר,false,,14.90,14.9000,true,1,373201
7290117821381,false,ביצת הפתעה פלסטיק עם סוכריות קשות 10 גרם קפיץ,PAZARLAMA GIDA GLOBAL,TR,ביצת הפתעה פלסטיק עם,גרמים,10.00,100 גרם,false,,5.90,0.5900,true,1,530998
7290117821398,false,ביצת הפתעה פלסטיק עם סוכריות קשות 10 גרם כבאית,PAZARLAMA GIDA GLOBAL,TR,ביצת הפתעה פלסטיק עם,גרמים,10.00,100 גרם,false,,5.90,0.5900,true,1,530999
7290117821411,false,ביצת הפתעה פלסטיק עם סוכריות קשות 10 גרם דינוזאור,PAZARLAMA GIDA GLOBAL,TR,ביצת הפתעה פלסטיק עם,גרמים,10.00,100 גרם,false,,5.90,0.5900,true,1,531001
7290117821435,false,ביצת הפתעה פלסטיק עם סוכריות קשות 10 גרם חד קרן,PAZARLAMA GIDA GLOBAL,TR,ביצת הפתעה פלסטיק עם,גרמים,10.00,100 גרם,false,,5.90,0.5900,true,1,531002
7290117829615,false,צמר גפן מתוק בדלי 50,,,צמר גפן מתוק בדלי 50,גרמים,50.00,100 גרם,false,,10.00,0.2000,true,1,582649
7290117860045,false,שמפו תמציות אלוורה ותה ירוק לשיער רגיל,"טרופיקל דגיל בע""\מ",IL,שמפו מטפח לשיער רגיל,מיליליטרים,700.00,"100 מ""ל",false,,14.90,0.0213,true,1,573861
7290117860083,false,"הוואי קרם רחצה יוגורט בניחוח אירוס זהוב ודבש 700 מ""ל","טרופיקל דגיל בע""\מ",IL,תחליב רחצה בניחוח אי,מיליליטרים,700.00,"100 מ""ל",false,,14.90,0.0213,true,1,577606
7290117860090,false,מרכך תמציות אלוורה ותה ירוק לשיער רגיל,"טרופיקל דגיל בע""\מ",IL,מרכך מטפח לשיער רגיל,מיליליטרים,700.00,"100 מ""ל",false,,14.90,0.0213,true,1,573862
7290117860144,false,הוואי שמפו פירות אקזוטיים וקלנדולה 700,"טרופיקל דגיל בע""\מ",IL,שמפו נגד קשקשים הווא,מיליליטרים,700.00,"100 מ""ל",false,,14.90,0.0213,true,1,573863
7290117860182,false,"הוואי - תחליב רחצה בניחוח מגנוליה ושמן שקדים 700 מ""ל","טרופיקל דגיל בע""\מ",IL,תחליב רחצה בניחוח מג,מיליליטרים,700.00,"100 מ""ל",false,,14.90,0.0213,true,1,577608
7290117860199,false,שמפו שמן ורד הבר ושמן מקדמיה לשיער יבש,"טרופיקל דגיל בע""\מ",IL,שמפו לשיער יבש הוואי,מיליליטרים,700.00,"100 מ""ל",false,,14.90,0.0213,true,1,573864
7290117860236,false,"הוואי - קרם רחצה בניחוח ויולה ורודה 700 מ""ל","טרופיקל דגיל בע""\מ",IL,תחליב רחצה בניחוח וי,מיליליטרים,700.00,"100 מ""ל",false,,14.90,0.0213,true,1,577609
7290117860243,false,"הוואי - מרכך מעניק לחות לשיער יבש 700 מ""ל","טרופיקל דגיל בע""\מ",IL,מרכך לשיער יבש הוואי,מיליליטרים,700.00,"100 מ""ל",false,,14.90,0.0213,true,1,573865
7290117860298,false,שמפו קומפלקס קרטין לשיער עדין או חלש,"טרופיקל דגיל בע""\מ",IL,שמפו קרטין מחזק הווא,מיליליטרים,700.00,"100 מ""ל",false,,14.90,0.0213,true,1,579802
7290117860342,false,מרכך קומפלקס קרטין לשיער עדין או חלש,"טרופיקל דגיל בע""\מ",IL,מרכך קרטין מחזק הווא,מיליליטרים,700.00,"100 מ""ל",false,,14.90,0.0213,true,1,579803
7290117860380,false,"תחליב רחצה יוגורט בניחוח אלוורה 700 מ""ל הוואי","טרופיקל דגיל בע""\מ",IL,תחליב רחצה יוגורט בנ,מיליליטרים,700.00,"100 מ""ל",false,,14.90,0.0213,true,1,577612
7290117860496,false,"הוואי שמפו + מרכך 2 ב-1 לגבר 700 מ""ל-חדש","טרופיקל גליל בע""מ",IL,שמפו לגבר + מרכך 2ב-,מיליליטרים,700.00,"100 מ""ל",false,,14.90,0.0213,true,1,573868
7290117860595,false,הוואי מרכך לילדים רוזמרין מנגו ומשמש 700,"טרופיקל דגיל בע""\מ",IL,מרכך הוואי מתיר קשרי,מיליליטרים,700.00,"100 מ""ל",false,,14.90,0.0213,true,1,579804
7290117860649,false,הוואי שמפו קרטין קיק ללא סולפטים 700 מל,"טרופיקל דגיל בע""\מ",IL,שמפו ללא סולפטים הוו,מיליליטרים,700.00,"100 מ""ל",false,,14.90,0.0213,true,1,579805
7290117860694,false,הוואי מרכך קרטין קיק ללא סולפטים 700 מל,"טרופיקל דגיל בע""\מ",IL,מרכך ללא סולפטים הוו,מיליליטרים,700.00,"100 מ""ל",false,,14.90,0.0213,true,1,579806
7290117860748,false,הוואי שמפו תמצית יסמין מעניק נפח 700 מל,"טרופיקל דגיל בע""\מ",IL,שמפו מעניק נפח הוואי,מיליליטרים,700.00,"100 מ""ל",false,,14.90,0.0213,true,1,579807
7290117860793,false,הוואי מרכך תמצית יסמין מעניק נפח 700 מל,"טרופיקל דגיל בע""\מ",IL,מרכך מעניק נפח הוואי,מיליליטרים,700.00,"100 מ""ל",false,,14.90,0.0213,true,1,579808
7290117860847,false,"הוואי רעננות מושלמת לגבר לשיער, גוף, פנים וזקן","טרופיקל גליל בע""מ",IL,שמפו 4 ב 1 לגבר רעננ,מיליליטרים,700.00,"100 מ""ל",false,,14.90,0.0213,true,1,579809
7290117860892,false,"הוואי - תחליב רחצה יוגורט בניחוח וניל ודבש 700 מ""ל","טרופיקל דגיל בע""\מ",IL,תחליב רחצה יוגורט בנ,מיליליטרים,700.00,"100 מ""ל",false,,14.90,0.0213,true,1,577613
7290117860991,false,"תחליב רחצה יוגורט בניחוח שקדים 700 מ""ל הוואי","טרופיקל דגיל בע""\מ",IL,תחליב רחצה יוגורט בנ,מיליליטרים,700.00,"100 מ""ל",false,,14.90,0.0213,true,1,577615
7290117900932,false,גרעין אבטיח קלוי 130 גרם,דין שיווק וקלייה בעמ,IL,גרעיני אבטיח קלויים,גרמים,130.00,100 גרם,false,,10.90,0.0838,true,1,500560
7290117900956,false,תערובת פיצוחים קלויים ששון הקולה 180 גרם,"שקדיה גבע תעשיות בע""",IL,תערובת פיצוחים קלויי,גרמים,180.00,100 גרם,false,,15.90,0.0883,true,1,500562
7290117900963,false,בוטנים קלויים ששון ה,דין שיווק וקלייה בעמ,IL,בוטנים קלויים 270 גר,גרמים,270.00,100 גרם,false,,10.90,0.0404,true,1,500563
7290117900970,false,שקדים קלויים ששון הקולה 180 גם,דין שיווק וקלייה בעמ,IL,שקד קלוי 180 גרם,גרמים,180.00,100 גרם,false,,15.90,0.0883,true,1,500564
7290117900987,false,אגוז פקאן קלוף ששון הקולה 140 גרם,"שקדיה גבע תעשיות בע""",IL,פקאן קלוף 140 גרם,גרמים,140.00,100 גרם,false,,15.90,0.1136,true,1,500565
7290117900994,false,פקאן סיני מסוכר ששון הקולה 140 גרם,"שקדיה גבע תעשיות בע""",IL,פקאן סיני מסוכר 140,גרמים,140.00,100 גרם,false,,15.90,0.1136,true,1,500566
7290117901007,false,פיסטוקים קלויים ששון הקולה 130 גרם,"שקדיה גבע תעשיות בע""",IL,פיסטוק קלוי 130 גרם,גרמים,130.00,100 גרם,false,,15.90,0.1223,true,1,500567
7290117901014,false,קשיו קלוי ששון הקולה 160 גרם,"שקדיה גבע תעשיות בע""",IL,קשיו קלוי 160 גרם,גרמים,160.00,100 גרם,false,,15.90,0.0994,true,1,500568
7290117901021,false,קבוקים בוטנים מצופים עם שומשום 220 גרם,"שקדיה גבע תעשיות בע""",IL,קבוקים בוטנים מצופים,גרמים,220.00,100 גרם,false,,10.90,0.0495,true,1,500569
7290117901038,false,אגוזי מלך קלופים ששון הקולה 190 גרם,"שקדיה גבע תעשיות בע""",IL,אגוז מלך קלוף 190 גר,גרמים,190.00,100 גרם,false,,15.90,0.0837,true,1,500570
7290117901243,false,ממרח פלפלים אדומים קלווים בתוספת ארטישוק שקדיה 290 גרם,קרס סר-קאן גידה לטד,TR,ממרח ארטישוק ופלפלים,גרמים,290.00,100 גרם,false,,14.90,0.0514,true,1,583747
7290118420378,false,פתיבר פינוקים בטעם תותים בשמנת - חלבי,קריות זול,PL,פתי בר פינוקים תותים,גרמים,220.00,100 גרם,false,,10.90,0.0495,true,1,568504
7290118420415,false,אסם קטשופ קלאסי היתר מכירה 750 גרם,"אסם תעשיות מזון בע""מ",IL,.אסם קטשופ בקבוק לחי,גרמים,750.00,100 גרם,false,,8.90,0.0119,true,1,609126
7290118520016,false,קרפור-דבש פרחים טהור,,,קרפור-דבש פרחים טהור,קילוגרמים,1.00,"ק""ג",false,,17.90,17.9000,true,1,584653
7290589856775,false,נייס שבלולים לשיער,,IL,נייס שבלולים לשיער,יחידה,0.00,יחידה,false,,5.90,0.0000,true,1,33943
7290900010367,false,טורטייה שמינייה משקל נקי 360 ג' Avel,Turka Invest,PL,טורטייה אבאל 360 גרם,גרמים,360.00,100 גרם,false,,8.90,0.0247,true,1,48909
7293556389962,true,שום לבן (סולו) ארוז,,,שום לבן (סולו) ארוז,גרמים,250.00,100 גרם,false,,9.90,0.0396,true,1,84590
7296021103889,false,קערה 30 ס'מ נירוסטה,,,קערה 30 ס'מ נירוסטה,יחידה,0.00,יחידה,false,,39.90,0.0000,true,1,372812
7296021124938,false,לוח חיתוך סט 2 יח',,,קרש חיתוך - זוג,יחידה,0.00,יחידה,false,,39.90,0.0000,true,1,45148
7296021129940,false,צנצנות מלח ופלפל זכו,ade,CN,צנצנת מלח ופלפל עם י,יחידה,0.00,יחידה,false,,7.90,0.0000,true,1,370933
7296021131394,false,סכין מולטי משוננת מ,,,סכין מולטי משוננת מ,יחידה,0.00,יחידה,false,,19.90,0.0000,true,1,28481
7296021133664,false,קולפן Y ידית שחורה נ,KIS CHINA,CN,ידית שחורה נעמן Y קו,יחידה,0.00,יחידה,false,,9.90,0.0000,true,1,45200
7296021133671,false,סכין מריחה ידית שחור,KIS CHINA,CN,סכין למריחה ידית שחו,יחידה,0.00,יחידה,false,,9.90,0.0000,true,1,45201
7296021136917,false,תבנית CS לאפיה אינגל,,,תבנית CS לאפיה אינגל,יחידה,0.00,יחידה,false,,144.90,0.0000,true,1,369583
7296021141003,false,"מועך תפו""א ידית משול",,,"מועך תפו""א ידית משול",יחידה,0.00,יחידה,false,,21.90,0.0000,true,1,371371
7296021141850,false,פורס ביצים יחיד,,,פורס ביצים יחיד,יחידה,0.00,יחידה,false,,17.90,0.0000,true,1,371958
7296021145179,false,מכסה זכוכית מחוסם 4,,,מכסה זכוכית מחוסם 4,יחידה,0.00,יחידה,false,,35.90,0.0000,true,1,45260
7296021160875,false,מספריים למטבח עם מגנ,,,מספריים למטבח עם מגנ,יחידה,0.00,יחידה,false,,25.50,0.0000,true,1,372782
7296021169922,false,פותחן בקבוקים STAINL,,,פותחן בקבוקים STAINL,יחידה,0.00,יחידה,false,,16.00,0.0000,true,1,371929
7296021170676,false,פותחן שימורים פרפר י,KIS CHINA,CN,פותחן שימורים פרפר י,יחידה,0.00,יחידה,false,,33.90,0.0000,true,1,371974
7296021171031,false,קולפנים סט (3) בדיספ,,,סט 3 קולפנים,יחידה,0.00,יחידה,false,,16.90,0.0000,true,1,372017
7296021191848,false,מחבת יציקה עמוקה + מ,,,מחבת יציקה עמוקה + מ,יחידה,0.00,יחידה,false,,459.90,0.0000,true,1,370123
7296021261510,false,סיר יציקה עם ידית אפ,,,סיר יציקה עם ידית אפ,יחידה,0.00,יחידה,false,,459.90,0.0000,true,1,370167
7296021261527,false,סיר יציקה עם ידית אפ,,,סיר יציקה עם ידית אפ,יחידה,0.00,יחידה,false,,599.90,0.0000,true,1,370168
7296021261534,false,סיר יציקה עם ידית אפ,,,סיר יציקה עם ידית אפ,יחידה,0.00,יחידה,false,,699.90,0.0000,true,1,370196
7296021261541,false,סיר יציקה עם ידית אפ,,,סיר יציקה עם ידית אפ,יחידה,0.00,יחידה,false,,849.90,0.0000,true,1,370197
7296021269011,false,מאג ג'מבו 650 מל קרמ,,,"מאג ג'מבו 650 מ""ל רק",יחידה,0.00,יחידה,false,,19.90,0.0000,true,1,484271
7296021269035,false,כוסות קרמיקה14*7.4 R,,,כוסות קרמיקה14*7.4 R,יחידה,0.00,יחידה,false,,14.90,0.0000,true,1,584697
7296021669507,false,מזרק לעוגה+אביזרים patisserie,נעמן,,מזרק לעוגה+אביזרים,יחידה,0.00,יחידה,false,,18.90,0.0000,true,1,45601
7296051081676,false,מתקן כביסה מתכת,,,מתקן כביסה מתכת,יחידה,0.00,יחידה,false,,69.90,0.0000,true,1,43105
7296102210710,false,סט 4 קופסאות מרובע,,,סט 4 קופסאות מרובע,יחידה,0.00,יחידה,false,,19.90,0.0000,true,1,330348
7296102210727,false,סט 4 קופסאות עגול,,,סט 4 קופסאות עגול,יחידה,0.00,יחידה,false,,19.90,0.0000,true,1,330349
7296102521731,false,סט 4 קופסאות פלסטיק,,,סט 4 קופסאות פלסטיק,יחידה,0.00,יחידה,false,,19.90,0.0000,true,1,243640
7296102521748,false,סט 4 קופסאות פלסטיק,,,סט 4 קופסאות פלסטיק,יחידה,0.00,יחידה,false,,19.90,0.0000,true,1,243641
7296102521755,false,סט 4 קופסאות פלסטיק,,,סט 4 קופסאות פלסטיק,יחידה,0.00,יחידה,false,,19.90,0.0000,true,1,243656
7296102521779,false,סט 4 קופסאות פלסטיק,,,סט 4 קופסאות פלסטיק,יחידה,0.00,יחידה,false,,19.90,0.0000,true,1,260141
7296102831557,false,סט 4 צלחות עמוקות תמ,,,סט 4 צלחות עמוקות תמ,יחידה,0.00,יחידה,false,,15.00,0.0000,true,1,329858
7296102831564,false,"סט 4 צלחות שטוחות 22.5 ס""מ",,,סט 4 צלחות שטוחות תמ,יחידה,0.00,יחידה,false,,15.00,0.0000,true,1,329872
7297028161575,false,קרסוליות גבר (10 ) לבן/שחור/מעורב,,,עשיריית גרבי גרב,יחידה,0.00,יחידה,false,,29.90,0.0000,true,1,224485
7297028161582,false,קרסוליות נשים (10 )שחור/לבן/מעורב,,,עשיריית גרבי נשים,יחידה,0.00,יחידה,false,,29.90,0.0000,true,1,224486
7297094020622,true,סט זוגי משולב תחרה,,,סט זוגי משולב תחרה,יחידה,0.00,יחידה,false,,90.00,0.0000,true,1,52583
7297094020691,false,"שמיכת ויולט כבש יחיד 150/200 ס""מ רומנטקס",,,שמיכת ויולט כבש יחיד,יחידה,0.00,יחידה,false,,70.90,0.0000,true,1,43693
7297478002572,false,גרבי תינוקות,,,גרבי תינוקות,יחידה,0.00,יחידה,false,,14.90,0.0000,true,1,256855
7297478003517,false,גרבי ילדים שלישייה,,,גרבי ילדים שלישייה,יחידה,0.00,יחידה,false,,12.90,0.0000,true,1,243970
7297488097995,false,דגש-גרנולה דבש 250 גרם,תות תעשיות מזון (201,IL,דגש גרנולה דבש 250 ג,גרמים,250.00,100 גרם,false,,16.70,0.0668,true,1,112761
7297488098169,false,"קמח תירס ללא גלוטן דג""ש","תבליני העליון בע""מ",IL,דגש קמח תירס ללא גלו,גרמים,500.00,100 גרם,false,,10.90,0.0218,true,1,112877
7297488098190,false,0 קמח אורז מלא ללא גלוטן,אף.סי תבליני בגליל ב,FR,דגש קמח אורז מלא ללא,גרמים,500.00,100 גרם,false,,13.90,0.0278,true,1,112905
7297488098220,false,קמח תפוח אדמה ללא גלוטן,תות תעשיות מזון (201,IL,"דגש קמח תפו""א ללא גל",גרמים,500.00,100 גרם,false,,11.90,0.0238,true,1,112906
7297588028455,false,מטריה סיליקון חצי אוטומטית חלק,,,מטריה סיליקון חצי או,יחידה,0.00,יחידה,false,,39.90,0.0000,true,1,101670
7298171037731,false,כובע חצי מיני+מיקי,,,כובע חצי מיני+מיקי,יחידה,0.00,יחידה,false,,19.90,0.0000,true,1,31451
7298171100695,false,כפפות ילדים קליפס,,,כפפות ילדים קליפס,יחידה,0.00,יחידה,false,,9.90,0.0000,true,1,31517
7298171185470,false,גרבי בנים מיקי מאוס,,,גרבי בנים מיקי מאוס,יחידה,0.00,יחידה,false,,19.90,0.0000,true,1,271823
7298171185487,false,גרבי בנים מיקי מאוס,,,גרבי בנים מיקי מאוס,יחידה,0.00,יחידה,false,,19.90,0.0000,true,1,271838
7298171185524,false,גרבי בנים מגבת מיקי,,,גרבי בנים מגבת מיקי,יחידה,0.00,יחידה,false,,19.90,0.0000,true,1,271794
7312040017683,false,"אבסולוט וודקה, 700 מ''ל",חברת אבסולוט,SE,אבסולוט וודקה 700 מל,מיליליטרים,700.00,"100 מ""ל",false,,60.90,0.0870,true,1,33782
7380580005255,false,נייס שבלולים לשיער,,IL,נייס שבלולים לשיער,יחידה,0.00,יחידה,false,,7.90,0.0000,true,1,33951
7394376620294,false,אוטלי משקה שיבולת שועל בטעם וניל 1 ליטר,איי אם פי אס איי תעש,NL,משקה שיבולת שועל וני,ליטרים,1.00,ליטר,false,,15.90,15.9000,true,1,581556
7450014901320,false,נעלי בית חורף נשים,,,נעלי בית חורף נשים,יחידה,0.00,יחידה,false,,39.90,0.0000,true,1,31534
7450026800437,false,נעלי בית חורף גברים,,,נעלי בית חורף גברים,יחידה,0.00,יחידה,false,,39.90,0.0000,true,1,31542
7450026800499,false,נעלי בית חורף גברים,,,נעלי בית חורף גברים,יחידה,0.00,יחידה,false,,39.90,0.0000,true,1,31546
7480588956563,false,נייס שבלולים לשיער,,IL,נייס שבלולים לשיער,יחידה,0.00,יחידה,false,,9.90,0.0000,true,1,33953
7501013122039,false,ג'ומקס מיץ מנגו קרטונית ליטר תריסר,חומקס קומר קומרסאליזדורה,MX,ג'ומקס נקטר מנגו קרט,ליטרים,1.00,ליטר,false,,10.50,10.5000,true,1,39420
7501013122053,false,ג'ומקס מיץ אפרסק קרטונית ליטר תריסר,חומקס קומר קומרסאליזדורה,MX,ג'ומקס נקטר אפרסק קר,ליטרים,1.00,ליטר,false,,10.50,10.5000,true,1,39421
7501013122190,false,ג'ומקס מיץ תפוחים קרטונית ליטר תריסר,חומקס קומר קומרסאליזדורה,MX,ג'ומקס משקה תפוחים ק,ליטרים,1.00,ליטר,false,,10.50,10.5000,true,1,39423
7501013122992,false,ג'ומקס מיץ קוקוס אננס קרטונית ליטר תריסר,חומקס קומר קומרסאליזדורה,MX,ג'ומקס משקה קוקוס אנ,ליטרים,1.00,ליטר,false,,10.50,10.5000,true,1,39424
7501049936945,false,"שישיית בירה סול בקבוק 330 מ""ל",היינקן,NL,מארז שישייה בירה סול,ליטרים,1.98,ליטר,false,,36.90,18.6364,true,1,70239
7501064191398,false,שישיית בירה קורונה אקסטרא *355 מל,קריניציה ויטמינה אס,MX,קורונה מארז שישיה 6*,ליטרים,2.13,ליטר,false,,38.90,18.2629,true,1,29641
7509546057545,false,ליידי ספיד סטיק פרו 5 סטיק 45 גרם,קולגייט פלמוליב,US,דיאודורנט סטיק פרו 5,גרמים,45.00,100 גרם,false,,17.90,0.3978,true,1,387656
7509546061160,false,"משחת שיניים לילדים מיניונים 2-5 75 מ""ל קולגייט",קולגייט פלמוליב,PL,משחת שיניים קולגייט,מיליליטרים,75.00,"100 מ""ל",false,,15.90,0.2120,true,1,449800
7509546061672,false,דאודורנט סטיק אקסטרים אינטנס,קולגייט פלמוליב,US,דאודורנט ספיד סטיק,גרמים,50.00,100 גרם,false,,19.90,0.3980,true,1,565127
7610113011652,false,בריזר - משקה כוהלי מוגז בטעם תפוח,בקרדי בריזר Bacardi Breezer,BE,בקרדי בריזר תפוח 275,מיליליטרים,275.00,"100 מ""ל",false,,13.90,0.0505,true,1,82187
7610243004463,false,"דורגול - מרסס להסרת אבנית במקלחון 600 מ""ל",יעקבי- דורגול Durgol,CH,דורגול מסיר אבן מרסס,יחידה,0.00,יחידה,false,,19.90,0.0000,true,1,11428
7610400068505,false,לינדט לינדור בונבוניירה שוקולד חלב 200 גרם,לינדט ושפרונגלי קילשברג,CH,לינדור בונבוניירה חל,גרמים,200.00,100 גרם,false,,22.90,0.1145,true,1,13835
7610400068529,false,לינדט לינדור בונבוניירה כדורי שוקולד מטעמים 200 גרם,לינדט ושפרונגלי קילשברג,CH,לינדור בונבוניירה אס,גרמים,200.00,100 גרם,false,,22.90,0.1145,true,1,13836
7610400075787,false,לינדט לה גרנד שוקולד חלב אגוז 150 גרם,לינדט ושפרונגלי קילשברג,CH,לינדט לה גרנד חלב עם,גרמים,150.00,100 גרם,false,,23.90,0.1593,true,1,13841
7610400085946,false,לינדט לגרנד דארק אלמונד סולט 150 גרם,לינדט ושפרונגלי קילשברג,CH,לינדט לה גרנד ד.אלמו,גרמים,150.00,100 גרם,false,,23.90,0.1593,true,1,13845
7610400091060,false,שוקולד מריר לינדט אקסלנס בתוספת תפוז ושקדים,לינדט ושפרונגלי קילש,CH,לינדט מריר אקסלנס תפ,גרמים,100.00,100 גרם,false,,14.90,0.1490,true,1,72913
7613030979647,false,דגני בוקר טריקס פירות עולם היורה 480 ג',ג'נרל מילס סאן אדריא,CL,דגני בוקר טריקס 480,גרמים,480.00,100 גרם,false,,24.90,0.0519,true,1,19454
7613031608850,false,פיטנס דגנים מחיטה מלאה ואורז נסטלה 625 גרם,נסטלה צרפת איטנקורט,FR,דגני בוקר פיטנס נסטל,גרמים,625.00,100 גרם,false,,27.90,0.0446,true,1,19459
7613032045753,false,פיטנס - דגני בוקר שוקולד 375 גרם,נסטלה צרפת איטנקורט,FR,דגני פיטנס שוקולד נס,גרמים,375.00,100 גרם,false,,19.90,0.0531,true,1,19460
7613033548192,false,פיטנס - דגני בוקר שוקולד מריר 375 גרם,נסטלה צרפת איטנקורט,FR,דגני בוקר פיטנס שוקו,גרמים,375.00,100 גרם,false,,19.90,0.0531,true,1,19477
7613034146656,false,פורינה ONE מיני בוגר בקר 1.5קג,נסטלה פורינה איטליה,US,פורינה ONE כלב מיני,קילוגרמים,1.50,"ק""ג",false,,59.90,39.9333,true,1,19492
7613035514430,false,ONE סלמון לחתול בוגר 3 ק,נסטלה פורינה צרפת,FR,פורינה ONE חתול בוגר,קילוגרמים,3.00,"ק""ג",false,,119.00,39.6667,true,1,19500
7613035514560,false,מזון לחתול מעוקר עם בקר פורינה ONE,נסטלה פורינה צרפת,FR,פורינה ONE חתול סטרי,קילוגרמים,3.00,"ק""ג",false,,119.00,39.6667,true,1,19501
7613035548374,false,דגני בוקר גולדן מיניס מחיטה מלאה ותירס,נסטלה פולין דגני בוק,FR,דגני בוקר גולדן מיני,גרמים,570.00,100 גרם,false,,14.90,0.0261,true,1,19502
7613035622623,false,פיטנס - גרנולה שקדים ודבש 300 גרם,שוורצקוף& הנקל דיסלד,LT,פיטנס גרנולה שקדים ו,גרמים,300.00,100 גרם,false,,14.90,0.0497,true,1,19505
7613035635845,false,פיטנס גרנולה שוקולד 14*300 גרם,שוורצקוף& הנקל דיסלד,LT,פיטנס גרנולה שוקולד,גרמים,300.00,100 גרם,false,,14.90,0.0497,true,1,19506
7613035807778,false,פרפקטו רוטב עגבניות לבולונז אסם 400 גרם,אסם פרפקטו Perfecto,ES,פרפקטו רוטב עגבניות,גרמים,400.00,100 גרם,false,,9.90,0.0248,true,1,19509
7613035809857,false,פרפקטו רוטב עגבניות לפסטה ולבישול אסם 400 גרם,אסם פרפקטו Perfecto,ES,פרפקטו רוטב עגבניות,גרמים,400.00,100 גרם,false,,9.90,0.0248,true,1,19512
7613036105545,false,"דוגלי גזע קטן 4*3 קילו ""אסם""",נסטלה פורינה באק הונ,HU,דוגלי בטעם בקר גזע ק,קילוגרמים,3.00,"ק""ג",false,,49.90,16.6333,true,1,19519
7613036105576,false,דוגלי עוף לכלבים בוגרים,נסטלה פורינה פטקר הו,HU,"דוגלי בוגר עוף 3 ק""ג",קילוגרמים,3.00,"ק""ג",false,,43.90,14.6333,true,1,19520
7613036105606,false,דוגלי בקר לכלבים בוגרים,נסטלה פורינה פטקר הו,HU,דוגלי בוגר בקר 4*3קג,קילוגרמים,3.00,"ק""ג",false,,43.90,14.6333,true,1,19521
7613036105637,false,"דוגלי עוף לכלבים בוגרים 12 ק""ג",נסטלה פורינה באק הונ,HU,"דוגלי בוגר עוף 12 ק""",קילוגרמים,12.00,"ק""ג",false,,112.00,9.3333,true,1,19522
7613036105651,false,"דוגלי בקר לכלבים בוגרים 12 ק""ג",נסטלה פורינה באק הונ,HU,"דוגלי בוגר בקר 12 ק""",קילוגרמים,12.00,"ק""ג",false,,112.00,9.3333,true,1,19523
7613036251389,false,"דוגלי בקר לכלבים פעילים 12 ק""ג",נסטלה פורינה באק הונ,,דוגלי אקטיב 12קג,קילוגרמים,12.00,"ק""ג",false,,112.00,9.3333,true,1,19526
7613036387798,false,פיטנס דגנים מלאים ואורז פתיתים ויוגורט 350ג',נסטלה צרפת איטנקורט,FR,דגני פיטנס יוגורט נס,גרמים,375.00,100 גרם,false,,19.90,0.0531,true,1,19532
7613036710879,false,מארז מיני חטיפי קיט קט צ'אנקי Kit Kat Chanky,נסטלה גרמניה,DE,קיט קט צ'אנקי מיני 1,גרמים,194.00,100 גרם,false,,10.00,0.0515,true,1,42081
7613036737623,false,קראנץ' רולס נסטלה 410 גרם,"אסם תעשיות בע""מ",FR,דגני בוקר קראנץ מקס,גרמים,410.00,100 גרם,false,,24.90,0.0607,true,1,19537
7613036880534,false,גרבר מחית ירקות מעורבים מטרנה 190 גר',נסטלה פולסקה אס.איי,PL,גרבר מחית מרק ירקות,גרמים,190.00,100 גרם,false,,5.90,0.0311,true,1,19542
7613036976695,false,פריסקיז - פאוץ בקר ברוטב 85 גרם,נסטלה פורינה הונגריה,HU,פריסקיז פאוצ' בקר 85,גרמים,85.00,100 גרם,false,,4.90,0.0576,true,1,19547
7613036976718,false,פריסקיז פאוצ' ברווז ברוטב 26*85גרם,נסטלה פורינה הונגריה,HU,פריסקיז פאוצ' ברווז,גרמים,85.00,100 גרם,false,,4.90,0.0576,true,1,19548
7613037012095,false,פיטנס סופר גרנולה שוקולד קינואה ושקדים 300 גרם,NESTLE WATERS,BE,פיטנס גרנולה שוקולד,גרמים,300.00,100 גרם,false,,14.90,0.0497,true,1,19549
7613037012200,false,גרבר מחית תפוח גזר ומנגו 90 גרם פאוץ,"מפעל סברס, נסטלה ספרד ס.",PL,פאוץ' גרבר מחית בטעם,גרמים,90.00,100 גרם,false,,5.90,0.0656,true,1,19550
7613037276091,false,נסטלה מיקס מיני אריזות דגני בוקר 200 גרם,נסטלה Nestle,FR,מיקס מיני אריזות דגנ,גרמים,200.00,100 גרם,false,,16.90,0.0845,true,1,19555
7613037686906,false,פיטנס שקדים ודבש 355 גרם מופחת סוכר,נסטלה צרפת איטנקורט,FR,פיטנס שקדים ודבש נסט,גרמים,355.00,100 גרם,false,,19.90,0.0561,true,1,19556
7613037687132,false,דגני בוקר פיטנס שקדים ודבש 585 גרם,נסטלה צרפת איטנקורט,FR,דגני פיטנס שקדים ודב,גרמים,585.00,100 גרם,false,,26.90,0.0460,true,1,19557
7613038268262,false,דגני בוקר צ'יריוס דבש ושקדים במתיקות מעודנת,נסטלה פולין דגני בוק,FR,האני נאט ציריוס מופח,גרמים,410.00,100 גרם,false,,19.90,0.0485,true,1,19558
7613038451954,false,דגני בוקר שוקולד מופחת סוכר 410 ג' קראנץ',נסטלה צרפת איטנקורט,FR,קראנץ שוקולד מופחת ס,גרמים,410.00,100 גרם,false,,19.90,0.0485,true,1,19559
7613039771174,false,טבעול סנסשיונל מינס טחון צמחוני 400 גרם,ג'נרל מילס סאן אדריא,CZ,טחון צמחוני טבעוני,גרמים,400.00,100 גרם,false,,30.90,0.0772,true,1,110757
7613039879382,false,גרבר - מחית תפוחי עץ 190 גרם,נסטלה פולסקה אס.איי,PL,גרבר מחית תפוחי עץ 1,גרמים,190.00,100 גרם,false,,5.90,0.0311,true,1,192637
7613039880807,false,גרבר מחית תפוח וגזר 190 גרם,נסטלה פולסקה אס.איי,PL,גרבר מחית תפוח גזר 1,גרמים,190.00,100 גרם,false,,5.90,0.0311,true,1,263069
7613039881521,false,גרבר מחית מרק מנגו 190 גרם,נסטלה פולסקה אס.איי,PL,גרבר מחית מנגו 190,גרמים,190.00,100 גרם,false,,5.90,0.0311,true,1,141004
7613287008497,false,סטארבקס - פולי קפה פייק פלייס 450 גרם,נסטלה נספרסו,PT,סטארבקס פולי קפה פיי,גרמים,450.00,100 גרם,false,,49.90,0.1109,true,1,165593
7613287121783,false,סמארטיס מיני 16*187 גרם,נסטלה גרמניה,DE,סמרטיס מיני 187 גרם,גרמים,187.00,100 גרם,false,,10.00,0.0535,true,1,513284
7613287155832,false,גרבר מחית תפוחי עץ 90 גרם פאוץ,"מפעל סברס, נסטלה ספרד ס.",ES,מחית תפוח פאוץ גרבר,גרמים,90.00,100 גרם,false,,5.90,0.0656,true,1,141042
7613287155894,false,"גרבר מחית אפרסק פאוץ כשל""פ 90 גרם","מפעל סברס, נסטלה ספרד ס.",ES,מחית אפרסק גרבר פאוץ,גרמים,90.00,100 גרם,false,,5.90,0.0656,true,1,139217
7613287182326,false,ויטמינציק מחית בננה תפוח 110 גרם,"נסטלה ספרד ס.א, מפעל",ES,פאוץ בננה תפוח ויטמי,גרמים,110.00,100 גרם,false,,4.90,0.0445,true,1,204505
7613287182425,false,ויטמינציק מחית תפוח בננה ותות 110 גרם,"טרופיקל דגיל בע""מ אז",ES,פאוץ תפוח בננה ותות,גרמים,110.00,100 גרם,false,,4.90,0.0445,true,1,204507
7613287302373,false,סטארבקס קפסולות איטליאן סטייל רוסט 56 גרם,נסטלה שוויץ - קפה,PT,קפסולות סטארבקס איטל,גרמים,56.00,100 גרם,false,,21.90,0.3911,true,1,155254
7613287325822,false,אוסם - דיפ אנד ספרד מטבל מיקס 295 גרם,נסטלה,PL,רוטב מיקס לחיץ אסם 2,גרמים,295.00,100 גרם,false,,14.90,0.0505,true,1,248549
7613287325952,false,אוסם - דיפ אנד ספרד מטבל ברבקיו 345 גרם,דפטונה פולין,PL,רוטב ברביקיו לחיץ אס,גרמים,345.00,100 גרם,false,,14.90,0.0432,true,1,248507
7613287394323,false,דגני בוקר מולטי צ'יריוס 600 גרם,נסטלה פולין דגני בוק,GB,מולטי צ'יריוס 100% ד,גרמים,600.00,100 גרם,false,,20.90,0.0348,true,1,176357
7613287476494,false,אוסם - דיפ אנד ספרד מיונז בסגנון צרפתי 280 גרם,נסטלה פולין,PL,מיונז לחיץ אסם 280 ג,גרמים,280.00,100 גרם,false,,14.90,0.0532,true,1,248535
7613287476678,false,דגני בוקר סינימיניס צ'ורוס נסטלה 360 ג',נסטלה אוונקה,PT,סינימיניס צ'ורוס 360,גרמים,360.00,100 גרם,false,,14.90,0.0414,true,1,189326
7613287821348,false,נתחוני עוף טבעוני סנסשיונל טבעול 350 גרם,ג'נרל מילס סאן אדריא,CZ,נתחוני עוף טבעוני סנ,גרמים,350.00,100 גרם,false,,29.90,0.0854,true,1,270144
7622010001858,false,עוגיות אוראו ממולאות קרם וניל 176 גרם.,פי אר ג'\יי אס אי מנדלז,UA,עוגיות אוראו סנדביץ,גרמים,176.00,100 גרם,false,,8.90,0.0506,true,1,5130
7622201137052,false,אוראו מיני קוקיס - עוגיות שוקולד צ'יפס ותחתית מצופה שוקולד חלב,מונדלז אספנה גלטאס פ,ES,מיני קוקיז מילקה 110,גרמים,110.00,100 גרם,false,,7.90,0.0718,true,1,248319
7622201139278,false,גבינת שמנת 27% שומן 150 ג' פילדלפיה,מיודלז אספניה פרודוק,ES,פילדלפיה גבינת שמנת,גרמים,150.00,100 גרם,false,,11.90,0.0793,true,1,17216
7622201502515,false,עוגיות מילקה קוקי לופ שוקולד צ'יפס,גיורי קייקס קייאפטי,HU,קוקי לופ מילקה 132 ג,גרמים,110.00,100 גרם,false,,12.90,0.1173,true,1,248399
7622201798154,false,גבינת שמנת לייט מופחתת שומן 13% שומן,מיודלז אספניה פרודוק,ES,פילדלפיה גבינת שמנת,גרמים,150.00,100 גרם,false,,11.90,0.0793,true,1,228687
7622201802363,false,מילקה טבלת שוקולד חלב וצימוקים ואגוזים 100ג',מנדלז דויצ'\לנד סנקס פרו,DE,מילקה שוקולד חלב עם,גרמים,100.00,100 גרם,false,,6.90,0.0690,true,1,195255
7622201802394,false,שוקולד מילקה חלב מסרונים 100 גרם,מנדלז דויצ'\לנד סנקס פרו,DE,מילקה שוקולד חלב 100,גרמים,100.00,100 גרם,false,,6.90,0.0690,true,1,195240
7622201808631,false,אוראו מיני עוגיות ממולאות קרם וניל 67גרם,פי.טי. מונדלז אינדונ,ID,אוראו מיני כוסות בטע,גרמים,67.00,100 גרם,false,,7.90,0.1179,true,1,202592
7622201813390,false,עוגיות מילקה וואפל במילוי קרם קקאו 150 ג,מונדליז סי.אר. ביסקוויט,CZ,מילקה וואפל במילוי ק,גרמים,150.00,100 גרם,false,,10.90,0.0727,true,1,178207
7622201819170,false,שוקולד מילקה דרק שקדים 85 גרם.,מונדלז דויטשלנד סנאק,DE,מילקה דארק שקדים 85,גרמים,85.00,100 גרם,false,,7.90,0.0929,true,1,238914
7622201819552,false,מילקה דארק שוקולד 85 גרם חדש,מונדלז דויטשלנד סנאק,DE,מילקה דארק 85 גרם,גרמים,85.00,100 גרם,false,,7.90,0.0929,true,1,238929
7622210137234,false,עוגיות אוראו עם דאבל קרים וניל 170 גר,מונדלייז,ES,עוגיות סנדביץ אוראו,גרמים,170.00,100 גרם,false,,8.90,0.0524,true,1,5134
7622210453327,false,עוגיות שוקוצ'יפס במילוי שוקולד סנסיישן,מנדלז פולסקה פרודקשן,PL,מילקה סנסיישן 156 גר,גרמים,156.00,100 גרם,false,,10.90,0.0699,true,1,5138
7622210464729,false,אוראו גולדן עוגיות וניל במילוי קרם וניל,מונדלייז,CZ,עוגיות אוראו גולדן 1,גרמים,154.00,100 גרם,false,,7.90,0.0513,true,1,5140
7622210637994,false,מיני עוגיות אוראו קראנצ'י בייטס אורגינל,מונדלז אספניה ג'לאטס,ES,קראנצ'י בייטס אוראו,גרמים,110.00,100 גרם,false,,7.90,0.0718,true,1,248372
7622300270506,false,מילקה גריינס - עוגיות שיבולת שועל מצופות שוקולד 168 ג',מונדלז פולסקה פרודקש,PL,מילקה גריינס עוגיות,גרמים,168.00,100 גרם,false,,10.90,0.0649,true,1,5158
7622300489427,false,עוגיות אוראו בציפוי בטעם שוקולד לבן 246 גרם,מנדלז אספנה גאלטס פר,ES,אוראו פאג שוקולד לבן,גרמים,246.00,100 גרם,false,,15.90,0.0646,true,1,5163
7622300489434,false,עוגיות אוראו בציפוי שוקולד חלב 246 גרם,מנדלז אספנה גאלטס פר,ES,אוראו פאג שוקולד חלב,גרמים,246.00,100 גרם,false,,15.90,0.0646,true,1,5164
7622300503079,false,עוגיות ביסקוויט מצופה שוקולד חלב מילקה 200 גרם,מונדלז פולסקה פרודקש,PL,מילקה מוו - ביסקוויט,גרמים,200.00,100 גרם,false,,10.90,0.0545,true,1,5167
7622300617820,false,מילקה שוקולד חלב במילוי קרם חלב ווניל ושבבי עוגיות אוראו 100 גרם,מנדלז דויצ'\לנד סנקס פרו,DE,מילקה שוקולד אוראו 1,גרמים,100.00,100 גרם,false,,6.90,0.0690,true,1,5168
7630311507016,false,סטארבקס קפסולות קפה סאני דיי 10יח,נסטלה שוויץ - קפה,CH,סטארבקס קפסולות סאני,גרמים,57.00,100 גרם,false,,21.90,0.3842,true,1,495599
7630477891592,false,סטארבקס קפסולות קפה האוס בלנד 10 יחידות,נסטלה שוויץ - קפה,CH,קפסולות האוס בלנד סט,גרמים,57.00,100 גרם,false,,21.90,0.3842,true,1,115875
7630477891639,false,סטארבקס קפסולות קפה ורונה 10 יחידות,נסטלה שוויץ - קפה,CH,סטארבקס קפסולות ורונ,גרמים,55.00,100 גרם,false,,21.90,0.3982,true,1,104277
7630477891653,false,סטארבקס קפסולות קפה אספרסו נטול 10 יחידו,נסטלה שוויץ - קפה,CH,סטארבקס קפסולות אספר,גרמים,57.00,100 גרם,false,,21.90,0.3842,true,1,104262
7630477891677,false,סטארבקס קפסולות קפה פייק פלייס 10 יחידות,נסטלה שוויץ - קפה,CH,קפס' פייק פלייס סטאר,גרמים,53.00,100 גרם,false,,21.90,0.4132,true,1,115876
7630477891691,false,סטארבקס קפסולות קפה קולמביה 10 יחידות,נסטלה שוויץ - קפה,CH,סטארבקס קפסולות קולו,גרמים,57.00,100 גרם,false,,21.90,0.3842,true,1,104278
7630477891738,false,סטארבקס קפסולות קפה אספרסו בלונד 10 יחיד,נסטלה שוויץ - קפה,CH,סטארבקס קפסולות אספר,גרמים,53.00,100 גרם,false,,21.90,0.4132,true,1,104263
7690589856667,false,נייס שבלולים לשיער,,IL,נייס שבלולים לשיער,יחידה,0.00,יחידה,false,,12.90,0.0000,true,1,33954
7702018321520,false,דאודורנט סטיק לגבר Pro G Arctic ice,תות ממתקי איכות,US,דאודורנט אנטיפרספירנ,גרמים,50.00,100 גרם,false,,21.90,0.4380,true,1,27328
7702018321582,false,דאודורנט סטיק לגבר Pro G Cool Wave,פרוקטר אנד גמבל,US,דאודורנט סטיק מתקדם,מיליליטרים,50.00,"100 מ""ל",false,,21.90,0.4380,true,1,27329
7702018471423,false,גילט פיוזן סטארט סכיני גילוח 4יח,פרןקטר אנד גמבל ברלי,PL,ג'ילט פיוז'ן רביעיות,יחידה,0.00,יחידה,false,,44.90,0.0000,true,1,76396
7702018980833,false,"ג'ילט ג'ל גילוח סירייס מועשר בלחות - 200 מ""ל",פרוקטר אנד גמבל,GB,ג'ל גילוח סירייס מעו,מיליליטרים,200.00,"100 מ""ל",false,,14.90,0.0745,true,1,27384
7702024074625,false,פיטנס - חטיפי קרקר חיטה מלאה 234 גרם,קומסטיבלס לה רוזה אס.איי,CO,פיטנס חטיפי קרקר חיט,גרמים,234.00,100 גרם,false,,11.90,0.0509,true,1,19563
7702174066631,false,לקקן יוגטה פין פופ במילוי מסטיק 170 גר,הדקלאים אגודת שיתופי,EC,יוגטה פינפופ לקקן 10,גרמים,180.00,100 גרם,false,,7.90,0.0439,true,1,42084
7702174068826,false,יוגטה מבחר סוכריות לקקן קשות ממולאות טופי בטעמי יוגורט ופירות 204 גרם,יוגטה yogueta,CO,יוגטה לקקן חדש 12יח,גרמים,216.00,100 גרם,false,,9.90,0.0458,true,1,42087
7702174068833,false,יוגטה סוכריות קשות על מקל ממולאות טופי בטעמי גלידת פירות 12 יח' 204 גרם,ליימן שליסל,CO,'לקקן יוגטה אייס קרי,גרמים,216.00,100 גרם,false,,9.90,0.0458,true,1,42088
7702174070201,false,יוגטה לקקן בטעם מסטיק ממולא טופי בטעם תות 12 יח' 204 גרם,ליימן שליסל,CO,לקקן בטעם מסטיק ממול,גרמים,216.00,100 גרם,false,,9.90,0.0458,true,1,42089
7702174073783,false,סוכריות על מקל בטעם קולה במילוי גומי לעיסה,הדקלאים אגודת שיתופי,CO,לקקן פינפופ קולה 10,גרמים,180.00,100 גרם,false,,7.90,0.0439,true,1,42090
7750526001786,false,אינקה ציפס ירוקות שורש אוריגינל 142גר,Global Gourmet Produ,US,INKA CHIPS חטיף צ'יפ,גרמים,142.00,100 גרם,false,,14.90,0.1049,true,1,183783
7790040420076,false,מיני אלפחורס בון בון 117 גר,ארקור,AR,אלפחורס עוגיות סנדבי,גרמים,117.00,100 גרם,false,,8.90,0.0761,true,1,113761
7790040423022,false,עוגיית אלפחורס בונבון במיולי קרם בוטנים 19.5 גר',ארקור,AR,בון בון סנדוויץ אלפח,גרמים,19.50,100 גרם,false,,1.90,0.0974,true,1,463979
7790580315986,false,סוכריות ממולאות תות 453ג' מהדרין,,AR,סוכריות ממולאות תות,גרמים,470.00,100 גרם,false,,14.90,0.0317,true,1,13318
7790580412654,false,מארז בון בון צהוב 270 גרם,ארקור,MX,בון בון צהוב 270 גרם,גרמים,270.00,100 גרם,false,,18.90,0.0700,true,1,13327
7790580419738,false,ביצי שוקולד במילוי קרם בוטנים,,,ביצי שוקולד בון בון,גרמים,156.00,100 גרם,false,,12.90,0.0827,true,1,129950
7791875005353,false,ריבת חלב הוואנה דוצה דה לצה 450 גרם,מיגה פוד קומרס,ES,הוואנה ריבת חלב 450,גרמים,450.00,100 גרם,false,,19.90,0.0442,true,1,312443
7792860006218,false,סוכריות לקקנים בייבי דול Baby Doll לריטר,גוד פוד פרודקטס S.p,AR,בייבי דול לקקן 20גר,גרמים,24.00,100 גרם,false,,2.50,0.1042,true,1,13847
7800601801104,false,נר הבדלה פירמידה דקורטיבי,,,נר הבדלה פירמידה דקו,יחידה,0.00,יחידה,false,,16.90,0.0000,true,1,13337
7804414000877,false,יין מרלו דון חוליו ה,צ'ילה לואיס פיליפה אדוארדס,CL,דון חולין מרלו,מיליליטרים,750.00,"100 מ""ל",false,,28.90,0.0385,true,1,7369
7804414000884,false,"דון חוליו שרדונה 750 מ""ל",צ'ילה לואיס פיליפה אדוארדס,CL,דון חוליו שרדונה 750,מיליליטרים,750.00,"100 מ""ל",false,,28.90,0.0385,true,1,7370
7860001950017,false,מועך שום בורג,,,מועך שום בורג,יחידה,0.00,יחידה,false,,9.90,0.0000,true,1,34290
7860001953698,false,רולר לניקוי,,,רולר לניקוי,יחידה,0.00,יחידה,false,,9.90,0.0000,true,1,34356
7870681145276,false,מארז 6 קופסאות,,,מארז 6 קופסאות,יחידה,0.00,יחידה,false,,14.90,0.0000,true,1,500794
7870681145344,false,מארז 5 קופסאות,,,מארז 5 קופסאות,יחידה,0.00,יחידה,false,,14.90,0.0000,true,1,500795
7891024027998,false,קולגייט מי פה טוטאל הגנה מפני אבן 500 מל,קולגייט- פלמוליב,BR,קולגייט מי פה טוטל ס,מיליליטרים,500.00,"100 מ""ל",false,,30.90,0.0618,true,1,514297
7900250001006,false,NICE אביזרי שיער,,IL,אביזרי שיער,יחידה,0.00,יחידה,false,,15.90,0.0000,true,1,33955
8000020000365,false,"וורמוט צינזנו ביאנקו 750 מ""ל",דויד קמפרי,IT,וורמוט צינזנו ביאנקו,מיליליטרים,750.00,"100 מ""ל",false,,34.90,0.0465,true,1,51416
8000070003798,false,קפסולות אספרסו לוואצה דליסיוזו 8 16 יח,לאוג'י לוואצה אס.פי.אי,IT,קפסולת LAVAZZA DELIZ,גרמים,120.00,100 גרם,false,,29.90,0.2492,true,1,555502
8000070003811,false,קפסולות אספרסו לוואצה פסיונלה 11 16 יח,לואיג'י לוואצה,IT,קפסולת LAVAZZA PASSI,גרמים,120.00,100 גרם,false,,29.90,0.2492,true,1,555503
8000070003842,false,קפסולות קרמוסו7 נ.קופאין,לווצה טורינו,IT,קפסולת LAVAZZA DEKCR,גרמים,120.00,100 גרם,false,,29.90,0.2492,true,1,555504
8000070003880,false,קפסולות קפה קרמה דולצ'ה AMM6 לוואצה 120ג',לווצה טורינו,IT,קפסולת LAVAZZA CREMA,גרמים,120.00,100 גרם,false,,29.90,0.2492,true,1,555505
8000070003972,false,קפסולות קפה סואבה 5 112,לאוג'י לוואצה אס.פי.אי,IT,קפסולת LAVAZZA DEKCR,גרמים,120.00,100 גרם,false,,29.90,0.2492,true,1,555506
8000070010680,false,קפסולות אספרסו לוואצה NCC מותאמות למכונו,לאוג'י לוואצה אס.פי.אי,IT,לוואצ'ה קפסולות קפה,גרמים,50.00,100 גרם,false,,17.90,0.3580,true,1,252645
8000070081000,false,לוואצה הורמוניקו מס' 8קפסולות לקפה 50 גרם,לאוג'\י לוואצה אס.פי.אי,IT,לוואצ'ה קפסולות קפה,גרמים,50.00,100 גרם,false,,17.90,0.3580,true,1,42092
8000070081109,false,קפסולות לוואצה ריקו נטולקפאין 6 נספרס 50,לאוג'\י לוואצה אס.פי.אי,IT,לוואצ'ה קפסולות קפה,גרמים,50.00,100 גרם,false,,17.90,0.3580,true,1,42094
8000380003723,false,וופל אגוזים בציפוי שוקולד לואקר 100 גרם,קריניציה ויטמינה אס,IT,גרנד פטיסרי ופל אגוז,גרמים,100.00,100 גרם,false,,11.90,0.1190,true,1,12842
8000380004669,false,וופל לואקר סנדוויץ קוביות ושוקולד 200ג',"א. לואקר, קונפקט ג'י",AT,לואקר וופל סנדוויץ',גרמים,200.00,100 גרם,false,,12.90,0.0645,true,1,12847
8000380004676,false,קוביות וופל סנדוויץ Sandwich עם וניל וחלב,"א. לואקר, קונפקט ג'י",AT,לואקר וופל קרם וניל,גרמים,200.00,100 גרם,false,,12.90,0.0645,true,1,12848
8000380004911,false,קוביות וופל קואדרטיני Quadratini קרם אגוזים,קריניציה ויטמינה אס,AT,וופל קואדרטיני אגוז,גרמים,250.00,100 גרם,false,,13.90,0.0556,true,1,12850
8000380004966,false,וופל קוארדטיני לואקר קוביות שוקולד 250ג',קריניציה ויטמינה אס,AT,וופל קואדרטיני קקאו,גרמים,250.00,100 גרם,false,,13.90,0.0556,true,1,12853
8000380007219,false,וופלים בטעם אגוזים לואקר 175 גרם,ליימן מותגים,AT,וופל לואקר אגוז 175,גרמים,175.00,100 גרם,false,,10.50,0.0600,true,1,12859
8000380007257,false,וופל גרדנה אגוזים לואקר 200 גרם,קריניציה ויטמינה אס,IT,.וופל מצופה שוקולד ג,גרמים,200.00,100 גרם,false,,13.90,0.0695,true,1,12861
8000380007264,false,וופלים בטעם קקאו לואקר 175 גרם,קריניציה ויטמינה אס,AT,וופל לואקר קקאו 175,גרמים,175.00,100 גרם,false,,10.50,0.0600,true,1,12862
8000380007271,false,וופל במילוי קרם חלב לואקר 175 גרם,ליימן מותגים,AT,וופל לואקר חלב 175 ג,גרמים,175.00,100 גרם,false,,10.50,0.0600,true,1,12863
8000380142484,false,קוביות וופל קואדרטיני Quadratini בטעם שוקולד מריר,"אינסטנטה בע""מ",AT,וופל קואדרטיני שוקול,גרמים,250.00,100 גרם,false,,13.90,0.0556,true,1,12866
8000380144044,false,גרדנה וופל מצופה שוקולד חלב לואקר 200 גרם,"א. לואקר , AG/SpA, ו",IT,וופל גרדנה שוקולד 20,גרמים,200.00,100 גרם,false,,13.90,0.0695,true,1,12868
8000380180721,false,לואקר וופל קקאו במילוי קרם חלבי 175 גר,קריניציה ויטמינה אס,AT,וופל לואקר קלאסיק שו,גרמים,175.00,100 גרם,false,,10.50,0.0600,true,1,12891
8000380180745,false,וופל קוביות קקאו במילוי קרם חלב לואקר 250 גרם,"א. לואקר, קונפקט ג'י",AT,וופל קואדרטיני לואקר,גרמים,250.00,100 גרם,false,,13.90,0.0556,true,1,12892
8000380187119,false,עוגיות במילוי קרם אגוזי לוז לואקר 100 גר,לואקר Loacker,AT,עוגיות לואקר אגוזי ל,גרמים,100.00,100 גרם,false,,13.90,0.1390,true,1,109339
8000380187300,false,עוגיות חמאה עם שוקולד חלב לואקר 120 גר,לואקר Loacker,AT,עוגיות לואקר פתיתי ש,גרמים,120.00,100 גרם,false,,13.90,0.1158,true,1,109342
8000380192243,false,וופלים לואקר מקסי בטעם אגוז 200 גר',לואקר Loacker,AT,וופל לואקר מקסי אגוז,גרמים,200.00,100 גרם,false,,12.90,0.0645,true,1,12901
8000380206896,false,וופל גרדנה חמאת בוטנים לואקר 200 גרם,ליימן מותגים,IT,לואקר גרדנה חמאת בוט,גרמים,200.00,100 גרם,false,,13.90,0.0695,true,1,519847
8000392503136,false,פומפה+מקל,מ.א ייצור ושיווק מטל,CN,פומפה+מקל,יחידה,0.00,יחידה,false,,8.50,0.0000,true,1,13593
8000500023624,false,חטיפי הפי היפו Happy Hippo במילוי קרם חלב וקקאו,פררו - אלבה,IT,הפי היפו 5*20ג,גרמים,102.00,100 גרם,false,,12.90,0.1265,true,1,41472
8000500023976,false,בונבוניירת רפאלו פררו 150 גרם,פררו - אלבה,PL,בונבוניירת רפאלו 150,גרמים,150.00,100 גרם,false,,15.90,0.1060,true,1,41473
8000500026731,false,שוקולד ביצי הפתעה קינדר שלישייה,פררו אס.פי.אי,IT,קינדר ביצי שוקולד 3*,גרמים,60.00,100 גרם,false,,15.90,0.2650,true,1,41474
8000500028124,false,קינדר גוי ביצת הפתעה מארז שלישיה,ליימן שליסל,ZA,קינדר ג'וי 3*20 גרם,גרמים,60.00,100 גרם,false,,15.90,0.2650,true,1,593725
8000500029350,false,מארז וופל מצופה 3יח' *43 גרם קינדר בואנו,פררו - אלבה,PL,קינדר בואנו 3*43 גרם,גרמים,129.00,100 גרם,false,,10.90,0.0845,true,1,41475
8000500032237,false,בונבונרייה פררו רושר 375 גרם,פררו - אלבה,IT,רושר 375 גרם,גרמים,375.00,100 גרם,false,,45.90,0.1224,true,1,41476
8000500037874,false,בונבונרייה פררו רושר 200 גרם,פררו - אלבה,IT,בונבוניירת רושר 200ג,גרמים,200.00,100 גרם,false,,27.90,0.1395,true,1,41478
8000500071083,false,אצבעות שוקולד קינדר Kinder שש עשרה יחידות,פררו - אלבה,IT,קינדר אצבעות שוקולד,גרמים,200.00,100 גרם,false,,12.90,0.0645,true,1,41480
8000500094976,false,"בונבוניירה פררו רושר רושה קונוס, 212 גרם T17X4",רושר,IT,פררו רושר קונוס 212.,גרמים,212.00,100 גרם,false,,40.90,0.1929,true,1,41482
8000500121436,false,מארז קינדר בואנו Kinder Bueno לבן שלוש יחידות,פררו - אלבה,PL,קינדר בואנו לבן 3*43,גרמים,117.00,100 גרם,false,,10.90,0.0932,true,1,41484
8000500227848,false,נוטלה - בי רדי אצבעות ביסקוויט במילוי שוקולד 6 יח' * 22 גרם,פררו,IT,'וופל מלוח במילוי ממ,גרמים,132.00,100 גרם,false,,12.90,0.0977,true,1,41499
8000500249352,false,קינדר בואנו מיני מיקס שקית 205 ג',פררו - אלבה,PL,קינדר בואנו מיני מיק,יחידה,0.00,יחידה,false,,19.90,0.0000,true,1,41507
8000500256213,false,קינדר שוקולד מיני בשקית.,פררו - אלבה,IT,פרר-קינדר שוקולד מינ,גרמים,120.00,100 גרם,false,,10.90,0.0908,true,1,41509
8000500267103,false,קינדר דליס עוגת ספוג קקאו במילוי חלבי*10,קינדר Kinder,IT,פררו-קינדר דליס עשיר,יחידה,0.00,יחידה,false,,19.90,0.0000,true,1,41513
8000500269169,false,קינדר קארדס Kinder Cards - חמישייה,קריות זול,IT,קינדר קארדס 128 גרם,גרמים,128.00,100 גרם,false,,12.90,0.1008,true,1,119883
8000500310397,true,ביסקוויטים במילוי נו,,,ביסקוויטים במילוי נו,גרמים,166.00,100 גרם,false,,14.90,0.0898,true,1,595915
8000500366073,true,ביסקוויטים במילוי נו,,,ביסקוויטים במילוי נו,גרמים,276.00,100 גרם,false,,21.90,0.0793,true,1,595900
8000798000307,false,מברשת מגהץ איכותית (,מ.א. ייצור ויבוא מטליות,,מברשת מגהץ איכותית (,יחידה,0.00,יחידה,false,,5.90,0.0000,true,1,13598
8000798000925,false,מטאטא רך שיער איטלקי עבה,,IT,מטאטא יהלום,יחידה,0.00,יחידה,false,,12.90,0.0000,true,1,13603
8000798038034,false,כף אשפה מתקפל ( איטל,שייני Shiny,IT,כף אשפה מתקפל ( איטל,יחידה,0.00,יחידה,false,,12.90,0.0000,true,1,13606
8001003100164,false,יוגטה סוכריות ג'לי בטעמי פירות 450 גרם,יוגטה yogueta,IT,יוגטה סוכריות ג'לי פ,גרמים,450.00,100 גרם,false,,9.90,0.0220,true,1,42105
8001090222725,false,"הרבל אסנסס - שמפו שמן מורינגה 400 מ""ל",הרבל אסנס Herbal Essences,FR,שמפו שמן מורינגה הרב,מיליליטרים,400.00,"100 מ""ל",false,,14.90,0.0373,true,1,27408
8001090222756,false,"הרבל אסנסס - מרכך שמן מורינגה 400 מ""ל",הרבל אסנס Herbal Essences,FR,מרכך שמן מורינגה הרב,מיליליטרים,400.00,"100 מ""ל",false,,14.90,0.0373,true,1,27409
8001090222879,false,"הרבל אסנסס - מרכך שיקום שמן ארגן 400 מ""ל",הרבל אסנס Herbal Essences,FR,מרכך שיקום שמן ארגן,מיליליטרים,400.00,"100 מ""ל",false,,14.90,0.0373,true,1,27411
8001090336491,false,פמפרס בייבי דריי חיתולים מידה +4 31 יח,פרוקטר אנד גמבל,DE,פמפרס בייבי דריי מיד,יחידה,0.00,יחידה,false,,31.90,0.0000,true,1,27416
8001090364104,false,"משחת שיניים אורל בי G&E אורגינל 75 מ""ל",פרוקטר אנד גמבל,DE,אורל בי משחה G&E - ר,מיליליטרים,75.00,"100 מ""ל",false,,15.90,0.2120,true,1,192911
8001090364159,false,"משחת שיניים אורל בי G&E רעננות מוגברת 75 מ""ל",פרוקטר אנד גמבל,DE,אורל בי משחה G&E - ר,מיליליטרים,75.00,"100 מ""ל",false,,15.90,0.2120,true,1,192925
8001090364203,false,"משחת שיניים אורל בי G&E להלבנה עדינה 75 מ""ל",פרוקטר אנד גמבל,DE,אורל בי משחה G&E - ל,מיליליטרים,75.00,"100 מ""ל",false,,15.90,0.2120,true,1,192926
8001090379368,false,פמפרס פרימיום קר חיתולים שלב 4 34 יח VP,פרוקטר אנד גמבל,PL,חיתולי פמפרס פרימיום,יחידה,0.00,יחידה,false,,31.90,0.0000,true,1,27428
8001090832856,false,"פנטן 660 מ""ל קונדישינר מרוקאי משקם",פרוקטר אנד גמבל,RO,מרכך שמן מרוקאי משקם,מיליליטרים,660.00,"100 מ""ל",false,,19.90,0.0302,true,1,68885
8001090891273,false,לנור כדוריות בושם בניחוח סחלב 210 גרם,פרוקטר אנד גמבל,US,לנור כדוריות הבושם ב,גרמים,210.00,100 גרם,false,,27.90,0.1329,true,1,105545
8001100059266,false,שקיות פרוסות ריבועי פלוקו במילוי קרם וניל וחלב 250 ג',,,וואפל קוביות BALOCCO,גרמים,250.00,100 גרם,false,,12.90,0.0516,true,1,145085
8001160001892,false,"משקה אנרגיה גטורייד ספורט תפוז אדום 500מ""ל",אקווה מינרלה סאן בנדטו,IT,גטורייד ספורט תפוז א,מיליליטרים,500.00,"100 מ""ל",false,,10.40,0.0208,true,1,39436
8001620011935,false,"סן בנדטו- מים מינרלים מוגז - מארז שישיית 500 מ""ל",אקווה מינרלה סאן בנד,IT,סאן בנדטו מוגז 6*500,ליטרים,3.00,ליטר,false,,11.90,3.9667,true,1,9562
8001620015612,false,"משקה פירות פרוטה-גזר תפוז לימון 400 מ""ל סאן בנדטו",אקווה מינרלה סאן בנדטו ב,IT,סן בנדטו בטעם גזר תפ,מיליליטרים,400.00,"100 מ""ל",false,,7.50,0.0188,true,1,146767
8001841006710,false,לנור כדוריות הריח בניחוח רענן 210 גרם,פרוקטר אנד גמבל,US,לנור כדוריות הבושם ב,גרמים,210.00,100 גרם,false,,27.90,0.1329,true,1,105546
8001841470252,false,נוזל ניקוי כלים פייר,,,נוזל ניקוי כלים פייר,מיליליטרים,500.00,"100 מ""ל",false,,9.90,0.0198,true,1,585165
8001841470290,false,נוזל ניקוי כלים פייר,,,נוזל ניקוי כלים פייר,מיליליטרים,750.00,"100 מ""ל",false,,13.90,0.0185,true,1,585121
8001841625188,false,סבון כלים פלטינום לימון X3 פעולות להסרת שומנים,פרוקטר אנד גמבל,GB,פיירי נוזל כלים פלטי,מיליליטרים,515.00,"100 מ""ל",false,,9.90,0.0192,true,1,73915
8001841625362,false,"נוזל כלים בניחוח לימון פלטינום 780 מ""ל פיירי",פרוקטר אנד גמבל,GB,פיירי נוזל כלים פלטי,מיליליטרים,780.00,"100 מ""ל",false,,12.90,0.0165,true,1,452398
8001841625461,false,סבון כלים פלטינום X3 פעולות להסרת שומנים,פרוקטר אנד גמבל,GB,פיירי נוזל כלים פלטי,מיליליטרים,515.00,"100 מ""ל",false,,9.90,0.0192,true,1,73917
8001841663654,false,"פיירי נוזל כלים אקסטרה 650 מ""ל - צהוב",פרוקטר אנד גמבל,CZ,פיירי נוזל כלים 650,מיליליטרים,650.00,"100 מ""ל",false,,9.90,0.0152,true,1,547206
8001841664866,false,"פנטן - שמפו סופר פוד 400 מ""ל",,,"שמפו פאנטן 400 מ""ל",מיליליטרים,400.00,"100 מ""ל",false,,14.90,0.0373,true,1,601564
8001841664903,false,"שמפו פאנטן 400 מ""ל",,,"שמפו פאנטן 400 מ""ל",מיליליטרים,400.00,"100 מ""ל",false,,14.90,0.0373,true,1,601565
8001841665139,false,"שמפו פאנטן 400 מ""ל",,,"שמפו פאנטן 400 מ""ל",מיליליטרים,400.00,"100 מ""ל",false,,14.90,0.0373,true,1,606808
8001841665498,false,"שמפו פאנטן 400 מ""ל",,,"שמפו פאנטן 400 מ""ל",מיליליטרים,400.00,"100 מ""ל",false,,14.90,0.0373,true,1,601567
8001841665696,false,"שמפו פאנטן 400 מ""ל",,,"שמפו פאנטן 400 מ""ל",מיליליטרים,400.00,"100 מ""ל",false,,14.90,0.0373,true,1,601568
8001841665856,false,"שמפו פאנטן 400 מ""ל",,,"שמפו פאנטן 400 מ""ל",מיליליטרים,400.00,"100 מ""ל",false,,14.90,0.0373,true,1,601569
8001841810461,false,"שמפו פאנטן 400 מ""ל",,,"שמפו פאנטן 400 מ""ל",מיליליטרים,400.00,"100 מ""ל",false,,14.90,0.0373,true,1,601570
8001943549122,false,"צ'וקטה מטבעות שוקולד חלב, 40 גרם",ואל קור קורסניני אס אנ ס,IT,צ`וקטה מטבעות שוקולד,גרמים,40.00,100 גרם,false,,3.90,0.0975,true,1,42111
8002205319835,false,מזון לחתולים בוגרים בטעם סלמון פורינה ONE,נסטלה פורינה צרפת,FR,פורינה ONE חתול בוגר,גרמים,800.00,100 גרם,false,,45.90,0.0574,true,1,19565
8002205319903,false,מזון לחתולים בוגרים בטעם עוף פורינה ONE,נסטלה פורינה צרפת,FR,פורינה ONE חתול בוגר,גרמים,800.00,100 גרם,false,,45.90,0.0574,true,1,19566
8002267015263,false,שלישייה ביצת הפתעה מאשה והדוב צ'וקטה 20 גרם,צ'וקטה Chocketa,IT,צ'וקטה מארז 3 יח' בי,יח',60.00,יח',false,,11.90,0.1983,true,1,530159
8002267016475,false,ביצת שוקולד הפתעה בוב הבנאי שלישייה 60 ג,מולינו ניקולי s.p.a,IT,צ'וקטה ביצת הפתעה בו,יח',60.00,יח',false,,11.90,0.1983,true,1,42115
8002450201008,false,"רספברי ספרקלטיני 750 מ""ל",איטליה בוסקה,IT,ורדי ספרקלטיני כשר 7,מיליליטרים,750.00,"100 מ""ל",false,,24.90,0.0332,true,1,7385
8002450206003,false,ורדי רימונים ספרקלטיני,"איי, בי, אינבוו",IT,ורדי ספרקלטיני רימון,מיליליטרים,750.00,"100 מ""ל",false,,24.90,0.0332,true,1,7392
8003340091280,false,לינדט לינדור בונבוניירה 60% מוצקי קקאו 200 גרם,לינדט ושפרונגלי קילשברג,IT,בונבוניירות לינדור 6,גרמים,200.00,100 גרם,false,,22.90,0.1145,true,1,13850
8003477500044,false,פרימלוצ'י ספגטי מס 4 500 גר,,,"פרימלוצ'י ספגטי מ""ס",גרמים,500.00,100 גרם,false,,5.90,0.0118,true,1,562487
8003477500051,false,פרימלוצ'י ספגטי מס' 5 500 גר,,,"פרימלוצ'י ספגטי מ""ס",גרמים,500.00,100 גרם,false,,5.90,0.0118,true,1,562488
8003477500327,false,פרימלוצ'י קורנטי 500 גר,,,פרימלוצ'י קורנטי 500,גרמים,500.00,100 גרם,false,,5.90,0.0118,true,1,562489
8003477500556,false,פרימלוצ'י פוסילי 500 גר,,,פרימלוצ'י פוסילי 500,גרמים,500.00,100 גרם,false,,5.90,0.0118,true,1,562835
8003477500594,false,פרימלוצ'י פנה ריגאטי 500 גר,,,פרימלוצ'י פנה ריגאטה,גרמים,500.00,100 גרם,false,,5.90,0.0118,true,1,562836
8003753158617,false,אילי קפסולות אספרסו לונגו קלאסיקו 10 יח' 57 גרם,ג'ייקובס דאו אגרבטס פר א,FR,אילי קפסולות אספרסו,גרמים,57.00,100 גרם,false,,24.90,0.4368,true,1,364313
8004030102033,false,טונה בשמן זית עם מיץ לימון ופלפל שחור - מארז 3 יח',בולטון אלימנטרי,IT,טונה בשמן עם לימון ו,גרמים,240.00,100 גרם,false,,27.90,0.1162,true,1,21891
8004030103399,false,ריו מרה טונה בשמן זית רביעיות 4*56גרם,BOLTON GROUP- RIO,IT,טונה בשמן זית ריו מר,גרמים,320.00,100 גרם,false,,30.90,0.0966,true,1,129815
8004030177000,false,טונה בשמן זית וצ'ילי ריו מרה מארז 80X3 גר',ריו מארה Rio Mare,IT,טונה בשמן זית עם צ'י,גרמים,240.00,100 גרם,false,,27.90,0.1162,true,1,21893
8004030344938,false,"ריו מרה טונה בשמן זית 3X80 גרם מתכון חדש כשל""פ","בולטון אלימנטרי בע""\מ",IT,טונה בשמן זית ריו מר,גרמים,240.00,100 גרם,false,,27.90,0.1162,true,1,21896
8004030845046,false,טונה עם ירקות בתוספת עם אורז ריו מרה אינסלטיסימי 160 ג',בולטון אלימנטרי,IT,אינסלטיסימי אורז עם,גרמים,160.00,100 גרם,false,,16.90,0.1056,true,1,21900
8004030860001,false,ירקות עם קוקוס וטונה ריו מרה אינסלטיסימי 160 ג',"בולטון אלימנטרי בע""\מ",IT,קוסקוס וטונה ריו מרה,גרמים,160.00,100 גרם,false,,16.90,0.1056,true,1,21901
8004800000064,false,לאגו פלאסיר- גלילי ופל קרם קקאו בציפוי ש.חלב - 100 ג',לגו גרופ ס.פ.א.,IT,גלילי ופל במילוי קרם,גרמים,100.00,100 גרם,false,,10.90,0.1090,true,1,564466
8004800000071,false,לאגו פלאסיר- גלילי ופל במילוי קרם אגוזי לוז שוקולד חלב - 100 ג',לגו גרופ ס.פ.א.,IT,לאגו פלאסיר- גלילי ו,גרמים,100.00,100 גרם,false,,10.90,0.1090,true,1,566735
8004800004819,false,לאגו פלאסיר גלילי וופל קרם פסיפלורה 100 גרם,לגו גרופ ס.פ.א.,IT,לאגו פלאסיר- וופלים,גרמים,110.00,100 גרם,false,,10.90,0.0991,true,1,566737
8004800004826,false,לאגו פלאסיר - וופלים במילוי קרם קוקוס שוקולד מריר - 98ג,לגו גרופ ס.פ.א.,IT,ופלים במילוי קרם קוק,גרמים,98.00,100 גרם,false,,10.90,0.1112,true,1,564467
8004800005502,false,וופל מיני רול גלילי ופל במילוי קרם קקאו- 125 ג' לאגו,לגו גרופ ס.פ.א.,IT,לאגו מיני רול- גלילי,גרמים,125.00,100 גרם,false,,9.90,0.0792,true,1,566705
8004800005519,false,וופל רול גלילי במילוי קרם אגוזי לוז- 125 ג' לאגו,לגו גרופ ס.פ.א.,IT,לאגו מיני רול- גלילי,גרמים,125.00,100 גרם,false,,9.90,0.0792,true,1,566706
8005200286584,false,נסטי- תה קר - בטעם מנגו אננס 1.5 ליטר,מפעל סאנפלגרינו S.P.A,IT,נסטי מנגו אננס 1.5 ל,ליטרים,1.50,ליטר,false,,8.90,5.9333,true,1,246275
8005200316588,false,תה קר דיאט בטעם אפרסק נסטי 1.5 ליטר,מפעל סאנפלגרינו s.p.a,IT,נסטי דיאט אפרסק 1.5,ליטרים,1.50,ליטר,false,,8.50,5.6667,true,1,246289
8005803010357,false,גריסיני קלאסי - מקלות אפויים עם שמן זית ומלח,"אינסטנטה בע""מ",IT,גריסיני בטעם קלאסי 1,גרמים,125.00,100 גרם,false,,8.50,0.0680,true,1,12908
8006540027042,false,"לנור מרכך כביסה בניחוח פרחי בר 897 מ""ל",פרוקטר אנד גמבל,FR,לנור מרכך מרוכז בניח,מיליליטרים,900.00,"100 מ""ל",false,,15.90,0.0177,true,1,303791
8006540091937,false,לנור כדוריות הבושם בניחוח אריאל 210 גרם,פטר קרמר עבור פרוקטור אנ,US,לנור כדוריות הבושם ב,גרמים,210.00,100 גרם,false,,27.90,0.1329,true,1,230714
8006540106709,false,אולוויז - מגן תחתון נורמל 58 יח',,,מגן תחתון מגה פק נור,יחידה,0.00,יחידה,false,,17.90,0.0000,true,1,583206
8006540112823,false,"לנור מרכך כביסה מרוכז בניחוח האוקיינוס 900 מ""ל",פרוקטר אנד גמבל,FR,לנור מרכך מרוכז בניח,מיליליטרים,900.00,"100 מ""ל",false,,15.90,0.0177,true,1,169060
8006540476451,false,"שמפו פאנטן 400 מ""ל",,,"שמפו פאנטן 400 מ""ל",מיליליטרים,400.00,"100 מ""ל",false,,14.90,0.0373,true,1,601571
8006540491539,false,"נוזל כלים פיירי פלטינום אוריגינל 780 מ""ל",פרוקטר אנד גמבל,GB,פיירי נוזל כלים פלטי,מיליליטרים,780.00,"100 מ""ל",false,,12.90,0.0165,true,1,452302
8006540495216,false,"לנור מרכך כביסה מרוכז בניחוח אמאטיסט 900 מ""ל",פרוקטר אנד גמבל,FR,לנור מרכך מרוכז בניח,מיליליטרים,900.00,"100 מ""ל",false,,15.90,0.0177,true,1,514524
8006540592496,false,תחבושות אולוויז אולטרא כפול לילה 20 יח,פרוקטר & גמבל,HU,תחבושות אולוויז כחול,100 יח',16.00,100 יח',false,,18.90,1.1812,true,1,543669
8006540628737,false,שמפו הד שולדרס קלאסי,,,שמפו הד שולדרס קלאסי,מיליליטרים,350.00,"100 מ""ל",false,,16.90,0.0483,true,1,555724
8006540690260,false,"שמפו פאנטן 400 מ""ל",,,"שמפו פאנטן 400 מ""ל",מיליליטרים,400.00,"100 מ""ל",false,,14.90,0.0373,true,1,601573
8008245004847,true,ממרח אגוזי לוז וקקאו,,,ממרח אגוזי לוז וקקאו,גרמים,300.00,100 גרם,false,,14.90,0.0497,true,1,128644
8008245004861,true,ממרח אגוזי לוז עם חל,,,ממרח אגוזי לוז עם חל,גרמים,300.00,100 גרם,false,,14.90,0.0497,true,1,128645
8008857310343,false,"פסטה רג'ייה 1 ק""ג",,,"פסטה רג'ייה 1 ק""ג",קילוגרמים,1.00,"ק""ג",false,,10.00,10.0000,true,1,477267
8008857601052,false,פסטה לזניה דפים רג'יה 500ג',פסטה רג'יה Pasta Reggia,IT,לזניה רג'יה 105 500,גרמים,500.00,100 גרם,false,,8.90,0.0178,true,1,25227
8008912010072,false,ליגורי- לינגוויני מספר 7 500גר,מנז'\ אנד גאסר ס.פ.א,IT,פסטה לינגוויני מספר,גרמים,500.00,100 גרם,false,,7.90,0.0158,true,1,494997
8008912010270,false,LIGUORI פסטה קסרצ'ה מספר 27 500 גרם,מנז'\ אנד גאסר ס.פ.א,IT,פסטה קסרצ'ה מספר 27,גרמים,500.00,100 גרם,false,,7.90,0.0158,true,1,495015
8008912010300,false,LIGUORI פסטה פרפלה 500 גרם מספר 30,מנז'\ אנד גאסר ס.פ.א,IT,פסטה פרפלה מספר 30 -,גרמים,500.00,100 גרם,false,,7.90,0.0158,true,1,494998
8008912010317,false,LIGUORI פסטה פוזילי 500 גרם מספר 31,מנז'\ אנד גאסר ס.פ.א,IT,פסטה פוזלי מספר 31 -,גרמים,500.00,100 גרם,false,,7.90,0.0158,true,1,494999
8008912010331,false,פסטה ניוקטי סרדי בצורת קונכיות מס' 33,מנז'\ אנד גאסר ס.פ.א,IT,פסטה ניוקטי סרדי בצו,גרמים,500.00,100 גרם,false,,7.90,0.0158,true,1,573884
8008912010423,false,LIGUORI פסטה פנה ריגטה 500 גרם מספר 42,מנז'\ אנד גאסר ס.פ.א,IT,פסטה פנה ריגטה מספר,גרמים,500.00,100 גרם,false,,7.90,0.0158,true,1,495000
8023788030610,false,שוקולד חלב 300 גרם,,,שוקולד חלב 300 גרם,גרמים,300.00,100 גרם,false,,17.90,0.0597,true,1,540312
8023788030627,false,שוקולד מריר מעולה 3,,,שוקולד מריר מעולה 3,גרמים,300.00,100 גרם,false,,17.90,0.0597,true,1,540297
8023788030634,false,שוקולד חלב עם שברי א,,,שוקולד חלב עם שברי א,גרמים,300.00,100 גרם,false,,17.90,0.0597,true,1,540313
8023788030658,false,עוגיות מלוחות בטעם ט,,,עוגיות מלוחות בטעם ט,גרמים,400.00,100 גרם,false,,12.90,0.0323,true,1,573617
8023788030665,false,עוגיות מלוחות בטעם ב,,,עוגיות מלוחות בטעם ב,גרמים,400.00,100 גרם,false,,12.90,0.0323,true,1,573618
8023788030672,false,עוגיות מלוחות בתוספת,,,עוגיות מלוחות בתוספת,גרמים,400.00,100 גרם,false,,12.90,0.0323,true,1,573619
8023788030689,false,עוגיות מלוחות בטעם ע,,,עוגיות מלוחות בטעם ע,גרמים,400.00,100 גרם,false,,12.90,0.0323,true,1,573906
8032880800243,false,פיקניק הפתעה - אגוזי לוז ומקלות אפויים,"הוסטה איטליה, ס.ר.ל.",IT,פיקניק הפתעה 50ג,גרמים,50.00,100 גרם,false,,6.70,0.1340,true,1,12916
8033413430708,false,ליקר למונצ'ילו וילה מסה,וילה מאסה,DE,ליקר לימונצ'לו וילה,מיליליטרים,700.00,"100 מ""ל",false,,90.20,0.1289,true,1,7400
8076800105735,false,"ברילה פנה ריגטה 1 ק""ג קופסה",שסטוביץ,IT,פנה ריגטה בקופסה ברי,קילוגרמים,1.00,"ק""ג",false,,12.90,12.9000,true,1,539291
8076800105988,false,ברילה פוזילי בקופסה 1 קג,ברילה גי.אי.אר פרטלי ס.פ,IT,פוזלי בקופסה ברילה 1,קילוגרמים,1.00,"ק""ג",false,,12.90,12.9000,true,1,539306
8076800195019,false,ברילה - צ.א ספגטי מס1 קפליני 500 גרם,ברילה גי.אי.אר פרטלי ס.פ,IT,ספגטי קפליני מס' 1 ב,גרמים,500.00,100 גרם,false,,6.90,0.0138,true,1,21904
8076800195033,false,ברילה - צ.א ספגטיני מס3 חדש 500 גרם,ברילה גי.אי.אר פרטלי ס.פ,IT,ספגטי מס' 3 ברילה 50,גרמים,500.00,100 גרם,false,,6.90,0.0138,true,1,21905
8076800195057,false,ברילה - צ.א ספגטי מס5 חדש 500 גרם,ברילה גי.אי.אר פרטלי ס.פ,IT,ספגטיני מס' 5 ברילה,גרמים,500.00,100 גרם,false,,6.90,0.0138,true,1,21906
8076800315097,false,פסטה מקרוני בוקטיני מספר 9 ברילה 500 גרם,ברילה גי.אי.אר פרטלי ס.פ,IT,ספגטי בוקטיני מס' 9,גרמים,500.00,100 גרם,false,,6.90,0.0138,true,1,21908
8076802085738,false,ברילה צ.ק פנה רגטה מס' 73 500 גרם,ברילה גי.אי.אר פרטלי ס.פ,IT,פנה רגטה מס' 73 בריל,גרמים,500.00,100 גרם,false,,6.90,0.0138,true,1,21911
8076802085981,false,ברילה - צ.ק פוזילי חדש 500 גרם,ברילה גי.אי.אר פרטלי ס.פ,IT,פסטה פוזילי 98 ברילה,גרמים,500.00,100 גרם,false,,6.90,0.0138,true,1,21914
8076808050440,false,פסטה מקרוני מספר 44 ברילה 500 גרם,ברילה Barilla,IT,פסטה מקרוני מס' 44 ב,גרמים,500.00,100 גרם,false,,6.90,0.0138,true,1,21915
8076808060654,false,פסטה פרפלה מספר 65 ברילה 500 גרם,ברילה גי.אי.אר פרטלי ס.פ,IT,פסטה פרפלה 65 ברילה,גרמים,500.00,100 גרם,false,,6.90,0.0138,true,1,21916
8076808070882,false,פסטה ברילה קנלוני מס'88 250ג',פאסטיפיקו ריגו אס.אר,IT,קנלוני ברילה 250 גרם,גרמים,250.00,100 גרם,false,,14.90,0.0596,true,1,21917
8076808150072,false,ברילה - צ.א ספגטוני מס7 חדש 500 גרם,ברילה גי.אי.אר פרטלי ס.פ,IT,ספגטי מס' 7 ברילה 50,גרמים,500.00,100 גרם,false,,6.90,0.0138,true,1,21918
8076809501415,false,ברילה קנלוני/פנה 500 ג' מצה פנה טרקולור 500 גרם,"ש. שסטוביץ בע""\מ",IT,ברילה פסטה פנה טריקו,גרמים,500.00,100 גרם,false,,14.90,0.0298,true,1,21919
8076809512268,false,פסטה גירנדולה טורסדס מספר 34 ברילה 500 גרם,ברילה גי.אי.אר פרטלי ס.פ,IT,פסטה גירנדולה מס' 34,גרמים,500.00,100 גרם,false,,6.90,0.0138,true,1,21920
8076809513388,false,רוטב לפסטה ארביאטה ברילה 400 גרם,ברילה גי.אי.אר פרטלי ס.פ,IT,ברילה רוטב ארביאטה 4,גרמים,400.00,100 גרם,false,,14.90,0.0373,true,1,21921
8076809513395,false,ברילה פומודורו רוטב עגבניות קלאסי 400 גר,ברילה גי.אי.אר פרטלי ס.פ,IT,ברילה רוטב פורמודרו,גרמים,400.00,100 גרם,false,,14.90,0.0373,true,1,21922
8076809513654,false,בסיס רוטב עגבניות לבולונז ברילה 400 גרם,ברילה גי.אי.אר פרטלי ס.פ,IT,ברילה רוטב עגבניות ל,גרמים,400.00,100 גרם,false,,14.90,0.0373,true,1,21924
8076809513692,false,רוטב עגבניות נפולטנה בתוספת ירקות,ברילה גי.אי.אר פרטלי ס.פ,IT,ברילה רוטב נפוליטנה,גרמים,400.00,100 גרם,false,,14.90,0.0373,true,1,21925
8076809513739,false,ברילה רוטב עגבניות עם בזיליקום 400 גרם,ברילה גי.אי.אר פרטלי ס.פ,IT,ברילה רוטב בזיליקום,גרמים,400.00,100 גרם,false,,14.90,0.0373,true,1,21927
8076809514774,false,ברילה איטריות ביצים פפרדלה 250ג',ברילה גי.אי.אר פרטלי ס.פ,IT,ברילה פפרדלה ביצים 2,גרמים,250.00,100 גרם,false,,18.90,0.0756,true,1,21929
8076809523561,false,רוטב עגבניות עם עשבי תיבול 400 ג' ברילה,ברילה גי.אי.אר פרטלי ס.פ,IT,ברילה רוטב פסטה טוסק,גרמים,400.00,100 גרם,false,,14.90,0.0373,true,1,21932
8076809523738,false,דפי לזניה ברילה 500 גרם,ברילה גי.אי.אר פרטלי ס.פ,IT,לזניה ברילה 500 גרם,גרמים,500.00,100 גרם,false,,23.90,0.0478,true,1,21935
8076809529419,false,ספגטי מחיטה מלאה מס' 5 500 ג' ברילה,ברילה גי. אי. אר פרט,IT,ספגטי מחיטה מלאה ברי,גרמים,500.00,100 גרם,false,,14.90,0.0298,true,1,21936
8076809529433,false,פסטה פנה ריגטה חיטה מלאה ברילה 500 גרם,"ש. שסטוביץ בע""\מ",IT,פנה רגטה מחיטה מלאה,גרמים,500.00,100 גרם,false,,14.90,0.0298,true,1,21937
8076809545457,false,ברילה אטריות ללא גלוטן 400 ג' צינורות 400 ג',ברילה ג'.אי.אר פרטלי,IT,ברילה צינורות עבה קמ,גרמים,400.00,100 גרם,false,,14.90,0.0373,true,1,21941
8121300208780,false,טרוביה תחליף סוכר לכל מטרה 360 גרם,טרוביה Truvia,US,תחליף סוכר לכל מטרה,גרמים,360.00,100 גרם,false,,34.90,0.0969,true,1,561023
8410076600622,false,חטיפי גרנולה קראנצ'י עם שוקולד מריר נייצ'ר ואלי 210 גרם,ג'נרל מילס סאן אדריאן,ES,חטיף קראנצי שבבי שוק,גרמים,210.00,100 גרם,false,,19.50,0.0929,true,1,12921
8410076610379,false,"חטיף בוטנים, חלבון סויה ושוקולד מריר עם ציפוי בטעם שוקולד",סריילטו ספיין פודס,ES,פרוטאין בוטנים ושבבי,גרמים,160.00,100 גרם,false,,22.90,0.1431,true,1,12928
8410104039134,false,"מנקה ומחדש מדיח כלים פיניש 250 מ""ל",הדקלאים אגודת שיתופי,PL,פיניש מנקה ומחדש מדי,מיליליטרים,250.00,"100 מ""ל",false,,14.90,0.0596,true,1,21103
8410104044916,false,פיניש אבקה למדיח 2.7 לימון,רקיט בנקיזר,PL,אבקה למדיח כלים פיני,קילוגרמים,2.70,"ק""ג",false,,43.90,16.2593,true,1,21104
8410104045111,false,"פיניש מלח למדיח כלים 2ק""ג",רקיט בנקיזר,IL,"פיניש מלח למדיח 2 ק""",קילוגרמים,2.00,"ק""ג",false,,14.90,7.4500,true,1,21105
8410104437268,false,פיניש דאו ציטרופרש מנטה,רקיט בנקיזר,HU,פיניש מפיג ריחות ציט,יחידה,0.00,יחידה,false,,14.90,0.0000,true,1,21111
8410376044393,false,עוגיות סנדוויץ וניל ללא תוספת סוכר 210,גולון,ES,עוגיות סנדוויץ' עם ק,גרמים,210.00,100 גרם,false,,17.90,0.0852,true,1,18323
8410376064438,false,"גולון-פינאס ביסקויט שוקו חלב ללת""ס 150ג",,ES,ביסקוויט ללא תוספות,גרמים,150.00,100 גרם,false,,16.90,0.1127,true,1,480552
8411514802608,false,חול חתולים סניקט אלוורה 4 לי',טולסה,,חול חתולים סניקט עם,ליטרים,4.00,ליטר,false,,19.90,4.9750,true,1,16054
8420708018817,false,גב.מנצ'גו כבשים36% 150גר,האי נאם סי או אל.טי.,ES,גבינה מנצ`גו 150 גר`,גרמים,150.00,100 גרם,false,,28.90,0.1927,true,1,17232
8420822130624,false,"ספריי סופר מסיר כתמים 750מ""ל יעקבי",קה לורדה,ES,ספריי סופר מסיר כתמי,מיליליטרים,750.00,"100 מ""ל",false,,18.90,0.0252,true,1,304005
8423207206488,false,סלים דליס חטיף דגנים מצופה שוקולד חלב מרבה 6*20 גרם,אף.סי תבליני בגליל ב,ES,סלים דליס חטיף דגנים,גרמים,120.00,100 גרם,false,,10.90,0.0908,true,1,21956
8423207206495,false,סלים דליס חטיף דגנים מצופה שוקולד מריר מרבה 6*20 גרם,אף.סי תבליני בגליל ב,ES,סלים דליס חטיף דגנים,גרמים,120.00,100 גרם,false,,10.90,0.0908,true,1,21957
8423207207362,false,חטיפי סלים דליס שוקולד לבן מרבה 6 יחידות,ביסנצ'ורי אס.אל.יו,ES,סלים דליס חטיף דגנים,גרמים,120.00,100 גרם,false,,10.90,0.0908,true,1,21960
8423207208680,false,חטיף דגנים שוקולד סלים דליס לילדים מרבה 6 יחידות,ביסנצ'ורי אס.אל.יו,ES,סלים דליס קידס בציפו,גרמים,121.00,100 גרם,false,,10.90,0.0901,true,1,21964
8423207208697,false,חטיפי סלים דליס לילדים שוקולד לבן מרבה 6 יחידות,ביסנצ'ורי אס.אל.יו,ES,סלים דליס קידס עוגיו,גרמים,120.00,100 גרם,false,,10.90,0.0908,true,1,21965
8423207208703,false,חטיפי סלים דליס שוקולד מריר מרבה 6 יחידות,ביסנצ'ורי אס.אל.יו,ES,סלים דליס אקסטרא חטי,גרמים,120.00,100 גרם,false,,10.90,0.0908,true,1,21966
8423207208871,false,פריכיות תירס בטעם טבעי סלים דליס 130 גרם,ביסנצ'ורי אס.אל.יו,ES,פריכיות תירס בטעם טב,גרמים,130.00,100 גרם,false,,8.90,0.0685,true,1,3705
8423207208888,false,פריכיות תירס בטעם עגבניות ועשבי תיבול סלים דליס 123 ג',ביסנצ'ורי אס.אל.יו,ES,פריכיות תירס בטעם עג,גרמים,123.00,100 גרם,false,,8.90,0.0724,true,1,3706
8423207208895,false,פריכיות תירס בטעם זיתים ועירית סלים דליס 123 ג',ביסנצורי אס.אל.יו. ג,ES,פריכיות תירס זיתים ו,גרמים,123.00,100 גרם,false,,8.90,0.0724,true,1,3707
8423207209748,false,חטיף דגנים מלאים שוקולד מריר נגיעות תפוז,ביסנצ'ורי אס.אל.יו,ES,סלים דליס חטיף דגנים,גרמים,120.00,100 גרם,false,,10.90,0.0908,true,1,21967
8423207209885,false,מרבה חטיפי סלים דליס מהדורה מיוחדת שוקולד חלב,סלים דליס Slim Delis,ES,סלים דליס אקסטרא חטי,גרמים,120.00,100 גרם,false,,10.90,0.0908,true,1,21968
8423207210287,false,מרבה סלים דליס שוקולד לבן בטעם יוגורט 120 ג',סלים דליס Slim Delis,ES,סלים דליס חטיף דגנים,גרמים,120.00,100 גרם,false,,10.90,0.0908,true,1,21969
8423207210928,false,חטיף דגנים מצופה שוקולד חלב ואגוזי לוז - 5 במארז,נוטרישן אנד סנטה קוב,ES,סלים דליס טופינג בטע,גרמים,90.00,100 גרם,false,,10.90,0.1211,true,1,87039
8423207210942,false,חטיף דגנים מצופה שוקולד לבן ופירות יער,נוטרישן אנד סנטה קוב,ES,סלים דליס טופינג פיר,גרמים,90.00,100 גרם,false,,10.90,0.1211,true,1,87040
8423207210980,false,סלים דליס טופינג קליפת תפוז 90 גרם,נוטרישן אנד סנטה קוב,ES,סלים דליס טופינג קלי,גרמים,90.00,100 גרם,false,,10.90,0.1211,true,1,87054
8424842050016,false,צ'יפס בטעם כמהין 125 גרם רביו,רובין,FR,חטיף צ'יפס בטעם כמהי,גרמים,130.00,100 גרם,false,,12.90,0.0992,true,1,335326
8424842050030,false,צ'יפס בטעם מלח הימלאי 125 גרם רביו,רובין,FR,חטיף צ'יפס עם שמן זי,גרמים,125.00,100 גרם,false,,12.90,0.1032,true,1,335327
8424842050085,false,צ'יפס בטעם חרדל ודבש 125 גרם רביו,רובין,FR,חטיף צ'יפס דבש וחרדל,גרמים,125.00,100 גרם,false,,12.90,0.1032,true,1,335328
8427030007281,false,סימילאק גולד קומפורט 1 תרכובת מזון על בסיס חלב,סימילאק Similac,ES,סימילאק גולד קומפורט,גרמים,820.00,100 גרם,false,,101.90,0.1243,true,1,348946
8427030007298,false,סימילאק גולד קומפורט 2 תרכובת מזון על בסיס חלב,אבוט לבורטוריס ס.א.,ES,סימילאק גולד קומפורט,גרמים,820.00,100 גרם,false,,101.90,0.1243,true,1,348947
8431876245530,false,קרפור - חלב סויה עשי,,,קרפור - חלב סויה עשי,ליטרים,1.00,ליטר,false,,5.90,5.9000,true,1,609752
8431876245547,false,קרפור - חלב סויה עש,,,קרפור - חלב סויה עש,ליטרים,1.00,ליטר,false,,6.90,6.9000,true,1,609722
8431876245561,false,קרפור - חלב סויה עשי,,,קרפור - חלב סויה עשי,ליטרים,1.00,ליטר,false,,5.90,5.9000,true,1,609643
8431876245578,false,קרפור - חלב סויה ללא,,,קרפור - חלב סויה ללא,ליטרים,1.00,ליטר,false,,5.90,5.9000,true,1,609658
8431876289558,false,קרפור - חלב שיבולת ש,,,קרפור - חלב שיבולת ש,ליטרים,1.00,ליטר,false,,7.90,7.9000,true,1,609612
8431876289565,false,קרפור - חלב שיבולת ש,,,קרפור - חלב שיבולת ש,ליטרים,1.00,ליטר,false,,8.90,8.9000,true,1,609471
8431876289572,false,קרפור - חלב שקדים עש,,,קרפור - חלב שקדים עש,ליטרים,1.00,ליטר,false,,7.90,7.9000,true,1,609707
8431876289589,false,קרפור - חלב שקדים לל,,,קרפור - חלב שקדים לל,ליטרים,1.00,ליטר,false,,7.90,7.9000,true,1,609501
8431876289596,false,קרפור - חלב שקדים עש,,,קרפור - חלב שקדים עש,ליטרים,1.00,ליטר,false,,7.90,7.9000,true,1,609737
8431876289602,false,קרפור - חלב אורז עשי,,,קרפור - חלב אורז עשי,ליטרים,1.00,ליטר,false,,6.90,6.9000,true,1,609692
8431876293272,false,קרפור - חלב סויה ללא,,,קרפור - חלב סויה ללא,ליטרים,1.00,ליטר,false,,6.90,6.9000,true,1,609552
8435495805199,false,"אבקת כביסה תינוקלין שקית 3 ק""ג.",מולינו ניקולי s.p.a,TR,אבקת כביסה תינוקלין,קילוגרמים,3.00,"ק""ג",false,,40.90,13.6333,true,1,42121
8436575292205,false,ארטיק חמשושים מאגדת 15*12 גר',גלידות נסטלה )נגה גלידות,IL,מאגדת חמשושים אננס מ,גרמים,180.00,100 גרם,false,,19.90,0.1106,true,1,16256
8445290427120,false,דגני פיטנס Fitness שוקולד מריר ובננה,נסטלה צרפת איטנקורט,FR,פיטנס שוקולד מריר נה,גרמים,330.00,100 גרם,false,,19.90,0.0603,true,1,567824
8485818700014,false,משקפיים בנרתיק,,,משקפיים,יחידה,0.00,יחידה,false,,19.90,0.0000,true,1,31552
8594403707977,false,"בירה באדוויזר לאגר פחית 500 מ""ל","מיוצר ע""\י מבשלת טוכרn\",CZ,"באדוויזר לאגר 500 מ""",מיליליטרים,330.00,"100 מ""ל",false,,8.90,0.0270,true,1,583078
8682655100292,false,קערה פלסטיק 2 צבעים 3 ליטר,,,קערה פלסטיק 2 גוונים,יחידה,0.00,יחידה,false,,16.90,0.0000,true,1,135046
8682655100513,false,מארז 3 קופסאות איחסון איכותיות,,,מארז 3 קופסאות פלסטי,יחידה,0.00,יחידה,false,,19.90,0.0000,true,1,243626
8682655100650,false,קופסא פלסטיק לדגנים,,,קופסא פלסטיק לדגנים,ליטרים,0.00,ליטר,false,,26.90,0.0000,true,1,213783
8683130025581,false,"מרכך כביסה מרוכז אקסטרה ענבר בדין 960 מ""ל",יבוא ושיווק: יוניליוור י,TR,בדין אקסטרא ענבר-960,מיליליטרים,960.00,"100 מ""ל",false,,15.90,0.0166,true,1,448939
8683323063024,false,יוגטה שטיחים בטעם תותי פרוטי 220 גרם,ליימן מותגים,TR,יוגטה חיספוסים שטיחי,גרמים,220.00,100 גרם,false,,6.90,0.0314,true,1,42132
8690504153740,false,גודייבה שוקולד מריר במילוי קרם גנאש 86 גרם,ביסקוט ביסקווי סילבר,TR,טבלת שוקולד מריר עם,גרמים,86.00,100 גרם,false,,13.90,0.1616,true,1,24874
8690526019154,false,אי טי אי - וופל קקאו במילוי קרם קקאו 142 גרם,מולינו ניקולי s.p.a,TR,וופל קקאו במילוי קרם,גרמים,142.00,100 גרם,false,,7.90,0.0556,true,1,456144
8690526019178,false,אי טי אי - וופל קקאו במילוי קרם קוקוס 142 גרם,מולינו ניקולי s.p.a,TR,וופל קקאו במילוי קרם,יחידה,0.00,יחידה,false,,7.90,0.0000,true,1,72296
8690536024025,false,קרפור -נייר טואלט דו,,,קרפור -נייר טואלט דו,יחידה,0.00,יחידה,false,,25.90,0.0000,true,1,610477
8690637505614,false,"מרכך כביסה בדין אקסטרה פינוק קוקוס 960 מ""ל",יוניליוור סנאיי וי טיקאר,TR,מרכך כביסה מרוכז בדי,מיליליטרים,960.00,"100 מ""ל",false,,15.90,0.0166,true,1,196738
8690637704376,false,"שמפו לטיפוח יום יומי דאב 600 מ""ל",יוניליוור סנאיי וי טיקאר,TR,שמפו יום יומי דאב 60,מיליליטרים,600.00,"100 מ""ל",false,,16.90,0.0282,true,1,10940
8690637858734,false,גל לנ.כללי סיף אקונומיקה בנ.לימון 750 מל,יוניליוור ניקיון,IL,סיף ג'ל אקונומיקה לי,מיליליטרים,750.00,"100 מ""ל",false,,12.90,0.0172,true,1,10956
8690637858758,false,פנטסטיק סיף גל אקונמיקה בריח אורנים 750,יונילוור - תורכיה,IL,סיף ג'ל אקונומיקה או,מיליליטרים,750.00,"100 מ""ל",false,,12.90,0.0172,true,1,10958
8690766156367,false,גודייבה שוקולד חלב מעולה 90 גרם,"אולקר מקבוצת פלאדיס,",TR,גודייבה שוקולד חלב מ,גרמים,90.00,100 גרם,false,,14.90,0.1656,true,1,89002
8690766156374,false,גודייבה שוקולד מריר מעולה 72% מוצקי קקאו 72גרם,"אולקר מקבוצת פלאדיס,",TR,גודייבה שוקולד מריר,גרמים,90.00,100 גרם,false,,14.90,0.1656,true,1,77458
8690766156381,false,גודייבה שוקולד מריר 90% מוצקי קקאו 90 גרם,"אולקר מקבוצת פלאדיס,",TR,גודייבה ש.מריר מעולה,גרמים,90.00,100 גרם,false,,14.90,0.1656,true,1,72837
8690766156404,false,שוקולד מריר מעולה גודייבה תפוז אדום 90 גרם,גודייבה,TR,גודייבה שוקולד מריר,גרמים,90.00,100 גרם,false,,14.90,0.1656,true,1,88988
8690777203012,false,פלפלים ירוקים כבושים לא חריפים סרה ויליפוד 600 גרם,יוליניבר,TR,פלפל ירוק כבוש סרה 6,גרמים,600.00,100 גרם,false,,10.90,0.0182,true,1,3297
8690777204071,false,פלפלים כבושים חריפים סרה 320 גרם,יוליניבר,TR,פלפל חריף סרה 640 גר,גרמים,640.00,100 גרם,false,,10.90,0.0170,true,1,3298
8690777206051,false,חציל קלוי על האש סרה ויליפוד 650 גרם,קוראהן פזלרמה וי דיס,TR,חציל קלוי על האש סרה,גרמים,650.00,100 גרם,false,,10.90,0.0168,true,1,3299
8690777221405,false,פלפל אדום קלוי סרה ויליפוד 650 גרם,קוראהן פזלרמה וי דיס,TR,פלפל אדום קלוי על הא,גרמים,650.00,100 גרם,false,,10.90,0.0168,true,1,3301
8690784516440,false,דאק נוזל לניקוי מתקדם בניחוח לבנדה בודד 750מל,"אס.סי.ג'\ונסון מידרכט, ה",NL,דאק ג'ל נוזל לניקוי,מיליליטרים,750.00,"100 מ""ל",false,,9.90,0.0132,true,1,6113
8690946270074,false,פסטה ספגטי 500 גרם B,,,פסטה ספגטי 500 גרם B,גרמים,500.00,100 גרם,false,,3.90,0.0078,true,1,573955
8690946270111,false,פסטה פוזלי 500 גרם B,,,פסטה פוזלי 500 גרם B,גרמים,500.00,100 גרם,false,,3.90,0.0078,true,1,573956
8690946272207,false,פסטה פנה 500 גרם BAH,,,פסטה פנה 500 גרם BAH,גרמים,500.00,100 גרם,false,,3.90,0.0078,true,1,573958
8690946272320,false,פסטה מקרוני 500 גרם,,,פסטה מקרוני 500 גרם,גרמים,500.00,100 גרם,false,,3.90,0.0078,true,1,573959
8691058141238,false,ערמונים שלמים קלויים וקלופים 100 ג' Avel,,,AVEL ערמונים שלמים ק,גרמים,100.00,100 גרם,false,,4.90,0.0490,true,1,48917
8691459106300,false,קופסא 450 LOCKFIT,,,קופסא 450 LOCKFIT,יחידה,0.00,יחידה,false,,5.40,0.0000,true,1,127865
8691459106409,false,קופסא 1000 LOCKFIT,,,קופסא 1000 LOCKFIT,יחידה,0.00,יחידה,false,,10.90,0.0000,true,1,127866
8691900174049,false,קוטקס תחבושות אולטרה לונג 18 יח',חוגלה קימברלי,CZ,תחבושות קוטקס long 1,100 יח',18.00,100 יח',false,,16.90,0.9389,true,1,516486
8691900174056,false,קוטקס תחבושות אולטרה לילה 16 י',חוגלה קימברלי,CZ,תחבושות קוטקס לילה,100 יח',16.00,100 יח',false,,16.90,1.0562,true,1,516472
8693495051002,false,קולגייט מברשת שיניים מיניונים 6+ לילדים,קולגייט פלמוליב,CN,קולגייט מברשת ילדים,יחידה,0.00,יחידה,false,,9.90,0.0000,true,1,21983
8694732005116,false,סבון אסלה כחול שלישי,,,סבון אסלה כחול שלישי,יחידה,0.00,יחידה,false,,10.90,0.0000,true,1,567430
8697530910743,false,סיגריות פאל מאל כחול קצר מטאליק,Unknown,TR,פאל מאל בלו,יחידה,0.00,יחידה,false,,29.00,0.0000,false,1,4191
8697530910750,false,סיגריות פאל מאל כחול ארוך האוס,Unknown,TR,פאל מאל בלו ארוך,יחידה,0.00,יחידה,false,,29.00,0.0000,false,1,4192
8697530910781,false,סיגריות פאל מאל אדום מטאליק,גלוברנדס,TR,פאל מאל רד,יחידה,0.00,יחידה,false,,29.00,0.0000,false,1,4195
8697530911276,false,סיגריות קנט קצר חפיס,גלוברנדס,TR,קנט קצר קופסא בודדת,יחידה,0.00,יחידה,false,,36.00,0.0000,false,1,4203
8697826469092,false,טורטיה קטנה שקדיה 540 גרם 12 יחידות,דין שיווק,TR,טורטיה 540 גרם tort,גרמים,540.00,100 גרם,false,,8.90,0.0165,true,1,4959
8710428005762,false,תרכובת מזון לתינוקות על בסיס חלבון סויה איזומיל טף שלב 2,"אבוט מעבדות רפואיות בע""מ",NL,סימילאק צמחי שלב 2,גרמים,400.00,100 גרם,false,,44.90,0.1122,true,1,29631
8710428017024,false,פדיאשור השלמה תזונתית בטעם שוקולד 850 גר,פדיאשור Pediasure,NL,משקה להשלמה תזונתית,גרמים,850.00,100 גרם,false,,79.90,0.0940,true,1,349003
8710502064814,false,עוגיות מרבה שוקולד ציפס במרקם רך 175 גר,בנקטבקריי מרבה בי.וי,NL,מרבה עוגיות שוקוציפס,גרמים,175.00,100 גרם,false,,9.90,0.0566,true,1,21992
8710502139017,false,עוגיות מרבה טריפל שוקולד שוקוצ'יפס 180ג',בנקטבקריי מרבה בי.וי,NL,מרבה עוגיות טריפל שו,גרמים,180.00,100 גרם,false,,9.90,0.0550,true,1,21993
8710502260032,false,מרבה עוגיות שוקוצ'יפס 150גרם,בנקטבקריי מרבה בי.וי,NL,מרבה עוגיות שוקולד צ,גרמים,150.00,100 גרם,false,,5.90,0.0393,true,1,21997
8710502470028,false,עוגיות שוקולד צ'יפס ממולאות בקרם נוגט,"מרבה בע""\מ",NL,מרבה עוגיות נוגטלי 1,גרמים,160.00,100 גרם,false,,9.90,0.0619,true,1,22001
8710732227133,false,מצת CRICKET בליסטר,סווידיש מאצ',NL,מצת CRICKET בליסטר,יחידה,0.00,יחידה,false,,8.00,0.0000,false,1,103311
8710732228918,false,מצת לסיגריה cricket יח,MATCH SWEDISH,NL,מצת CRICKET.,יחידה,0.00,יחידה,false,,5.00,0.0000,false,1,103297
8710732229908,false,מצת cricket לגז קטן *,,CN,מצת CRICKET גריל קצר,יחידה,0.00,יחידה,false,,13.50,0.0000,false,1,103376
8710800027573,false,סוכריות מיני בטעם פירות מנטוס 178 גרם,פרפטי ואן מלה ברדה,NL,מיני מנטוס שקית,גרמים,178.00,100 גרם,false,,12.90,0.0725,true,1,12945
8711000362570,false,קפסולות קפה תואמות נספרסו פורזה 9 ל'אור 10 יחידות,מאיר בייגל,FR,לור קפסולות קפה אספר,גרמים,52.00,100 גרם,false,,18.90,0.3635,true,1,5182
8711000371183,false,ג'ייקובס קפסולות קפה אספרסו אינטסו עוצמה 10,ג'ייקובס דאו אגברטס צרפת,FR,ג'ייקובס קפסולות קפה,גרמים,52.00,100 גרם,false,,15.90,0.3058,true,1,5189
8711000371206,false,ג'ייקובס קפסולות קפה אספרסו ריסטרטו עוצמה 12,ג'ייקובס דאו אגברטס צרפת,FR,ג'ייקובס קפסולות קפה,גרמים,52.00,100 גרם,false,,15.90,0.3058,true,1,5190
8712400802499,false,תרכובת מזון המשך לפעוטות על בסיס חלב שלב 1,נוטרישיה קאלק ב. ו.,NL,נוטרילון שלב 1- 800,גרמים,800.00,100 גרם,false,,64.90,0.0811,true,1,5212
8712400802512,false,תרכובת מזון המשך לפעוטות על בסיס חלב שלב 2,נוטרישיה קאלק ב. ו.,NL,נוטרילון שלב 2- 800,גרמים,800.00,100 גרם,false,,64.90,0.0811,true,1,5214
8712400802536,false,תרכובת מזון המשך לפעוטות על בסיס חלב שלב 3,נוטרישיה קאלק ב. ו.,NL,נוטרילון שלב 3- 800,גרמים,800.00,100 גרם,false,,64.90,0.0811,true,1,5216
8714599410530,false,גייקובס קרונינג שקית רפיל 200 גרם,ג'יי.די.אי.,UA,גייקובס קפה נמס 200ג,גרמים,200.00,100 גרם,false,,19.90,0.0995,true,1,5196
8714599412336,false,קפה נמס בריסטה אמריקנו קלוי וטחון 160 ג' ג'ייקובס,ג'\ייקובס דאו אגברטס רוס,RU,ג'ייקובס בריסטה אמרי,גרמים,160.00,100 גרם,false,,26.90,0.1681,true,1,251344
8714599513781,false,"קפה נמס מיובש בהקפאה זהב צנצנת ג'ייקובס 200 גרם לל""ס",אל.אל. סי ג''יקובס ד,RU,קפה ג'יקובס גולד 200,גרמים,200.00,100 גרם,false,,26.90,0.1345,true,1,5200
8714599513835,false,גי'קובס קרונונג נייט אנד דיי - נטול קופיאין,ג'ייקובס Jacobs,DE,קפה ג`יקובס נטול קופ,גרמים,200.00,100 גרם,false,,33.90,0.1695,true,1,5202
8714599513866,false,"קפה נמס מיובש בהקפאה קרונג צנצנת ג'ייקובס 200 גרם לל""ס",אל.אל.סי גייקובס דאו,RU,קפה ג'יקובס קרונונג,גרמים,200.00,100 גרם,false,,26.90,0.1345,true,1,5203
8714789177229,false,רבעיית מברשות שיניים קולגייט אקסטרה קלין 1 יחידה,הנסיך- מפעל לייצור ט,CN,מב.שיניים אקסטרא קלי,יחידה,0.00,יחידה,false,,9.90,0.0000,true,1,22007
8714789218465,false,מברשת שיניים 360 סופט קולגייט 2 יחידות,הנסיך- מפעל לייצור ט,CN,זוג מברשות שיניים 36,יחידה,0.00,יחידה,false,,24.90,0.0000,true,1,22011
8714789402918,false,נוזל לניקוי כללי ורצפות בניחוח פרחי בר אג'קס 1.5 ליטר,הנסיך- מפעל לייצור ט,GR,חגיגת הפרחים אדום אג,ליטרים,1.50,ליטר,false,,19.90,13.2667,true,1,22016
8714789402970,false,נוזל לניקוי כללי ורצפות בניחוח פרחי אביב אגק'ס 1.5 ליטר,הנסיך- מפעל לייצור ט,GR,אג'קס חגיגת הפרחים י,ליטרים,1.50,ליטר,false,,19.90,13.2667,true,1,22018
8714789450315,false,פלמוליב נוזל כלים לימון 1.5 ליטר,הנסיך- מפעל לייצור ט,GR,פלמוליב שקוף לימון 1,ליטרים,1.50,ליטר,false,,15.90,10.6000,true,1,22020
8714789529561,false,"משחת שיניים סנסטיב פרו ריליף להלבנה קולגייט 75 מ""ל",קולגייט-פלמוליב,BR,מש.שיניים סנסטיב הלב,גרמים,75.00,100 גרם,false,,21.90,0.2920,true,1,22024
8714789582764,false,"אג'קס ספריי חלונות פעולה משולשת 750מ""ל",קולגייט-פלמוליב,GR,אגקס חלונות 750מל,מיליליטרים,750.00,"100 מ""ל",false,,14.90,0.0199,true,1,22026
8714789797786,false,"פלמוליב נוזל לניקוי כלים גריז בלסטר 750 מ""ל",יבואן ומשווק: ש. שסט,GR,פלמוליב לכלים 4ב1 כ,מיליליטרים,750.00,"100 מ""ל",false,,8.90,0.0119,true,1,22033
8714789834467,false,פלמוליב נוזל לניקוי כלים קלאסי 1.5 ליטר,קולגייט-פלמוליב,GR,פלמוליב נוזל כלים 1.,ליטרים,1.50,ליטר,false,,15.90,10.6000,true,1,22038
8714789930848,false,"משחת שיניים אופטיק וייט הלבנה מיידית קולגייט 75 מ""ל",הנסיך- מפעל לייצור ט,PL,משחת שיניים אופטיק ו,מיליליטרים,75.00,"100 מ""ל",false,,19.90,0.2653,true,1,22044
8715700419732,false,מתבל עגבניות היינץ 700 גרם,ה.י. היינץ,NL,היינץ קטשופ 700 גרם,גרמים,700.00,100 גרם,false,,9.90,0.0141,true,1,5416
8717163655825,false,"רקסונה דאו' ספריי לנשים בניחוח כותנה, 150 מ""ל","קוסטר אירוסול, גבזה 4140",GB,רקסונה ספריי כותנה 1,מיליליטרים,150.00,"100 מ""ל",false,,13.90,0.0927,true,1,73802
8718114734484,false,מיונז מאילי 320 גר צ,יונילבר צרפת,FR,מיונז מיילי 320 גרם,גרמים,320.00,100 גרם,false,,13.90,0.0434,true,1,17249
8718692619456,false,בר משקאות ספיריט לבן+ בקבוק 1 ל' ומיכל הגזה 60 ל',סודהסטרים sodastream,,מכשיר ספיריט לבן,יחידה,0.00,יחידה,false,,549.90,0.0000,true,1,17567
8718951030169,false,"קולגייט סנסיטיב הלבנה המסייעת בהגנה לשיניים רגישות 75 מ""ל",קולגייט Colgate,PL,משחת קולגייט סנסטיב,מיליליטרים,75.00,"100 מ""ל",false,,17.90,0.2387,true,1,64074
8718951030206,false,"קולגייט סנסיטיב פרוטקשן משחת שיניים לשיניים רגישות 75 מ""ל",קולגייט-פלמוליב,PL,משחת קולגייט סנסטיב,מיליליטרים,75.00,"100 מ""ל",false,,17.90,0.2387,true,1,64075
8718951093331,false,מרידול זוג מברשות שיניים אקסטרה סופט,קולגייט פלמוליב,CH,מברשת שיניים מרידול,יחידה,0.00,יחידה,false,,35.90,0.0000,true,1,22060
8718951166288,false,"משחת שיניים קולגייט מקס וייט 125 מ""ל",הנסיך- מפעל לייצור ט,PL,קולגייט משחת שיניים,מיליליטרים,125.00,"100 מ""ל",false,,17.90,0.1432,true,1,22072
8718951175600,false,"משחת שיניים קולגייט אוטאל קליין מינט 75 מ""ל",שסטוביץ,PL,קולגייט משחת שיניים,מיליליטרים,75.00,"100 מ""ל",false,,12.90,0.1720,true,1,112562
8718951236790,false,"קולגייט טוטאל משחת שיניים קלין מינט לפה בריא 100 מ""ל",קולגייט פלמוליב,PL,משחת שיניים קלין מינ,מיליליטרים,100.00,"100 מ""ל",false,,16.90,0.1690,true,1,22088
8718951236806,false,"קולגייט טוטאל הלבנה משחת שיניים המסייעת בהסרת כתמים 100 מ""ל",קולגייט Colgate,PL,מש.שיניים להלבנה קול,מיליליטרים,100.00,"100 מ""ל",false,,16.90,0.1690,true,1,22089
8718951240742,false,"קולגייט טוטאל משחת שיניים פסים מרעננים 100 מ""ל",קולגייט פלמוליב,PL,מש.שיניים פסים מרעננ,גרמים,128.00,100 גרם,false,,16.90,0.1320,true,1,22091
8718951264618,false,"קולגייט אופטיק וייט פחם צ'רקול משחת שיניים, 75 מ""ל",קולגייט-פלמוליב,PL,קולגייט אופטיק וייט,מיליליטרים,75.00,"100 מ""ל",false,,27.90,0.3720,true,1,63846
8718951286733,false,"קולגייט אופטיק וייט לסטינג וייט משחת שיניים 75 מ""ל",קולגייט Colgate,PL,קולגייט אופטיק וייט,מיליליטרים,75.00,"100 מ""ל",false,,27.90,0.3720,true,1,224869
8718951315303,false,"קולגייט אדומה משחת שיניים להגנה מפני עששת 2*100 מ""ל",קולגייט-פלמוליב,PL,משחת שיניים קולגייט,מיליליטרים,200.00,"100 מ""ל",false,,19.90,0.0995,true,1,85383
8718951334090,false,"סופלין מרכך כביסה מרוכז כחול 650 מ""ל",סופלין Soupline,GR,סופלין מרכך כביסה מר,מיליליטרים,650.00,"100 מ""ל",false,,11.90,0.0183,true,1,63947
8718951334120,false,"סופלין מרכך כביסה מרוכז לבנדר 650 מ""ל",שסטוביץ,GR,סופלין מרכך כביסה מר,מיליליטרים,650.00,"100 מ""ל",false,,11.90,0.0183,true,1,63948
8718951334151,false,"סופלין מרכך כביסה מרוכז היפואלרגני 650 מ""ל",SAS-VA COLGATE-PALMOLIVE,FR,סופלין מרכך כביסה מר,מיליליטרים,650.00,"100 מ""ל",false,,11.90,0.0183,true,1,495803
8718951338395,false,מרסס אגקס טריגר פיור הום סמבוק שחור 500,קולגייט פלמוליב,GR,אגקס טריגר פיור הום,מיליליטרים,500.00,"100 מ""ל",false,,13.90,0.0278,true,1,105883
8718951345119,false,נוזל לניקוי רצפות וכללי היביסקוס 2 ליטר,הנסיך- מפעל לייצור ט,GR,אג'קס ניקוי כללי עוצ,ליטרים,2.00,ליטר,false,,22.90,11.4500,true,1,122976
8718951370135,false,"סבון נוזלי ארומה סנסיישן גלואו 750 מ""ל פלמוליב",קולגייט פלמוליב,TR,פלמוליב ג'ל רחצה ארו,מיליליטרים,750.00,"100 מ""ל",false,,19.90,0.0265,true,1,203425
8718951381292,false,"משחת שיניים מקס דיטוקס פואם קולגייט 125 מ""ל",קולגייט Colgate,PL,קולגייט משחת שיניים,מיליליטרים,125.00,"100 מ""ל",false,,17.90,0.1432,true,1,121544
8718951382718,false,"פלמוליב ג'ל רחצה חימר התחדשות 750 מ""ל",קולגייט פלמוליב,TR,ג'ל רחצה חימר התחדשו,מיליליטרים,750.00,"100 מ""ל",false,,19.90,0.0265,true,1,105844
8718951382787,false,"משחת שיניים אופטיק וויט חימר ומינרלים 75 מ""ל קולגייט",קולגייט Colgate,PL,משחת שיניים אופטיק ו,מיליליטרים,75.00,"100 מ""ל",false,,27.90,0.3720,true,1,341329
8718951385290,false,נוזל לניקוי כללי ורצפות אג'קס 2 ליטר,קולגייט פלמוליב,GR,אג'קס ניקוי כללי עוצ,ליטרים,2.00,ליטר,false,,22.90,11.4500,true,1,139361
8718951409798,false,זוג מברשות שיניים מקס וויט פחם קולגייט,הנסיך- מפעל לייצור ט,PL,קולגייט מברשת שיניים,יחידה,0.00,יחידה,false,,24.90,0.0000,true,1,168384
8718951431614,false,"סבון רחצה פלמוליב סו פירם מינרלים משאבה 750 מ""ל",קולגייט פלמוליב,TR,ג'ל רחצה פלמוליב So,מיליליטרים,750.00,"100 מ""ל",false,,19.90,0.0265,true,1,224883
8718951433120,false,קולגייט טוטאל משחת שיניים לילדים לגילאי,קולגייט פלמוליב,PL,משחת שיניים קולגייט,מיליליטרים,50.00,"100 מ""ל",false,,17.90,0.3580,true,1,539765
8718951443358,false,"סבון ידיים פלמוליב מארז שלישייה 900 מ""ל",CP - Turkey+60,TR,פלמוליב סבון ידיים ה,מיליליטרים,900.00,"100 מ""ל",false,,24.90,0.0277,true,1,168484
8718951446564,false,"סבון נוזלי מומנטס עץ אלגום ולבנדר 500 מ""ל פלמוליב",שסטוביץ,TR,סבון נוזלי מומנטס עץ,מיליליטרים,500.00,"100 מ""ל",false,,15.90,0.0318,true,1,416877
8718951461444,false,"זוג משחת שיניים טוטאל הלבנה ביטיו *100 מ""ל קולגייט",קולגייט פלמוליב,PL,משחת שיניים קולגייט,מיליליטרים,200.00,"100 מ""ל",false,,29.90,0.1495,true,1,375741
8718951470538,false,קולגייט משחת שיניים מקס פרש ביטיוב 125*2 כשלפ,קולגייט פלמוליב,PL,משחת שיניים קולגייט,מיליליטרים,250.00,"100 מ""ל",false,,29.90,0.1196,true,1,375755
8718951498754,false,שישיית מברשות שיניים סופר פלקסי קולגייט,קולגייט פלמוליב,VN,מברשת שיניים פלקסי פ,יחידה,0.00,יחידה,false,,17.90,0.0000,true,1,516943
8719200997998,false,מרגרינה למריחה בישול וטיגון 200 ג' בלו בנד,אתר חיפה מרגרינה - F,IL,בלו בנד לבישול וטיגו,גרמים,200.00,100 גרם,false,,4.90,0.0245,true,1,11119
8719200998001,false,מרגרינה לאפיה ובישול בלי מלח 200 ג' בלו בנד,יוניליוור ישראל מזון בע\,IL,בלו בנד ללא מלח 200,גרמים,200.00,100 גרם,false,,4.90,0.0245,true,1,11120
8719200998018,false,מחמאה מרגרינה בטעם חמאה בלובנד 200 גרם,"מיוצר ע""\י יוניליוור ישר",IL,מחמאה מרגרינה בטעם ח,גרמים,200.00,100 גרם,false,,4.90,0.0245,true,1,11121
8719200998049,false,"מרגרינה מזולה גלורי רגיל 250גר 8 יחידות -כשל""פ","מיוצר ע""\י יוניליוור ישר",IL,מזולה בטעם טבעי 250,גרמים,250.00,100 גרם,false,,9.90,0.0396,true,1,11124
8719200998094,false,"מרגרינה מזולה לאפיה ללא תוספת מלח 200גר - 40 יח' -כשל""פ","מיוצר ע""\י יוניליוור ישר",IL,מזולה מרגרינה לאפייה,גרמים,200.00,100 גרם,false,,6.90,0.0345,true,1,11129
8719200998100,false,מרגרינה מזולה לאפיה טעם חמאה 200גר - 40 יח',פארייפאבה אגרואינדוס,IL,מזולה מרגרינה לאפייה,גרמים,200.00,100 גרם,false,,6.90,0.0345,true,1,11130
8723400756552,false,מארז סוכריות מנטוס Mentos ריינבואו,פרפטי ואן מלה ברדה,NL,RAINBOW רביעית סוכרי,גרמים,150.00,100 גרם,false,,10.90,0.0727,true,1,12950
8801055707966,false,קפה טייסטר צו'יס נס קפה בריסטה 180ג',נסטלה קוריאה - קפה,KR,נס קפה טייסטרס צ'ויס,גרמים,180.00,100 גרם,false,,29.90,0.1661,true,1,19579
8801055709427,false,קפה נמס טסטר'ס צ'ויס אלטה ריקה 100 גרם,נסטלה קוריאה - קפה,KR,נסקפה טייסטרס צ'ויס,גרמים,100.00,100 גרם,false,,23.90,0.2390,true,1,248465
8801055709458,false,אבקה להכנת משקה קפה בטעם קפוצ'ינו קרמל,נסטלה קוריאה - קפה,IL,נסקפה קפוצ'ינו קרמל,גרמים,170.00,100 גרם,false,,18.90,0.1112,true,1,499983
8801055709465,false,אבקה להכנת משקה קפה בטעם קפוצ'ינו וניל,נסטלה קוריאה - קפה,KR,נסקפה קפוצ'ינו וניל,גרמים,185.00,100 גרם,false,,18.90,0.1022,true,1,371026
8801055709489,false,אבקה להכנת משקה קפה בטעם קפוצ'ינו אגוזים,נסטלה קוריאה - קפה,IL,נסקפה קפוצ'ינו אגוזי,גרמים,185.00,100 גרם,false,,18.90,0.1022,true,1,371041
8803733180788,false,"קופסא 807 -470 מ""ל עם מכסה ורוד/כחול/צהוב",,,"קופסא807 -470מ""ל L&L",יחידה,0.00,יחידה,false,,29.90,0.0000,true,1,43136
8803733180986,false,קופסאת 809 1.3 ליטר,,,קופסאת 809 1.3 ליטר,יחידה,0.00,יחידה,false,,49.90,0.0000,true,1,43138
8803733181525,false,"קופסא 850 מ""ל (24 יח",,,"קופסא 850 מ""ל 815M",יחידה,0.00,יחידה,false,,36.90,0.0000,true,1,43140
8803733181716,false,קופסא 1.4 ליטר 817H,,,קופסא 1.4 ליטר 817H,יחידה,0.00,יחידה,false,,45.90,0.0000,true,1,43143
8803733181785,false,קופסא 1 ליטר 817 L&,,,קופסא 1 ליטר 817 L&,ליטרים,1.00,ליטר,false,,38.90,38.9000,true,1,43144
8803733182218,false,קופסא 1.2 ליטר 822D עם מכסה ורוד/כחול/צהוב,,,קופסא 1.2 ליטר - L,יחידה,0.00,יחידה,false,,42.90,0.0000,true,1,43145
8803733182577,false,קופסא 2.3 ליטר 825 L,,,קופסא 2.3 ליטר 825 L,יחידה,0.00,יחידה,false,,61.90,0.0000,true,1,43147
8803733813020,false,קופסת ואקום לקמח 813,,,קופסת ואקום לקמח 813,יחידה,0.00,יחידה,false,,59.90,0.0000,true,1,43156
8809168840471,false,חטיף אצות מיובשות 9*4.5 גרם,ג'י וואן גלובול נאט,KR,חטיף אצות מיובשות 9,גרמים,4.50,100 גרם,false,,24.90,5.5333,true,1,407479
8850206250592,false,רוטב צ'ילי סריראצ'ה 540 גרם (מזרח ומערב),יאן וואל יון קו.לטד,TH,רוטב צ'ילי סיראצ'ה מ,גרמים,540.00,100 גרם,false,,19.90,0.0369,true,1,407451
8850389105825,false,משקה אלוורה בטעם ענבים סאפה 1 ליטר,סאפה פובליק קומפני לימיט,TH,סאפה משקה אלוורה ענב,ליטרים,1.00,ליטר,false,,13.50,13.5000,true,1,39444
8850389105832,false,סאפה משקה אלוורה בטעם תפוח עם קוביות אלוורה 1 ליטר,סאפה פובליק קומפני לימיט,TH,סאפה משקה אלוורה תפו,ליטרים,1.00,ליטר,false,,13.50,13.5000,true,1,39445
8850389105849,false,סאפה משקה אלוורה מופחת קלוריות בטעם אפרסק 1 ליטר,סאפה פובליק קומפני לימיט,TH,סאפה משקה אלוורה אפר,ליטרים,1.00,ליטר,false,,13.50,13.5000,true,1,39446
8850389115336,false,משקה אלוורה בטעם מלון סאפה 1 ליטר,סאפה פובליק קומפני לימיט,TH,סאפה משקה מלון 1ל,ליטרים,1.00,ליטר,false,,13.50,13.5000,true,1,39452
8850632604259,false,"יוגטה, חיספוסים, ממתק חמוץ בצורת מקלות בטעם תות שדה,50 גרם",ג'נרל קנדי בעמ,TH,יוגטה חיספוסים מקלות,גרמים,50.00,100 גרם,false,,3.90,0.0780,true,1,42180
8850632604266,false,"יוגטה, ממתק חמוץ בצורת מקלות בטעם קולה, 50 גרם",ג'נרל קנדי בעמ,TH,יוגטה חיספוסים מקלות,גרמים,50.00,100 גרם,false,,3.90,0.0780,true,1,42181
8850632604372,false,"יוגטה, חיספוסים בצורת שטיח בטעם תות שדה 50 גרם",ג'נרל קנדי בעמ,TH,יוגטה ממתק תות שדה ב,גרמים,50.00,100 גרם,false,,3.90,0.0780,true,1,42182
8850632604402,false,יוגטה חיספוסים בטעם מעורב תות שדה אבטיח ענבים בננה 50 גרם,"ג'נרל קנדי בע""מ",TH,יוגטה ממתק תות ענבים,גרמים,50.00,100 גרם,false,,3.90,0.0780,true,1,42183
8858271002887,false,רוטב טריאקי 250 מ'ל - מקסצ'אפ,דאנינג יוה פודס קו,TH,רוטב טריאקי MAXCHUP,מיליליטרים,250.00,"100 מ""ל",false,,10.90,0.0436,true,1,47572
8858271005451,false,"רוטב סויה פורמולה 1 - 250 מ""ל מקסצ'אפ",yan wal yun corpara,TH,רוטב סויה בהיר-פורמו,מיליליטרים,700.00,"100 מ""ל",false,,9.90,0.0141,true,1,552703
8888021200256,false,סוללות אנרג'ייזר AA מקס 8 יחידות,יצרן: אנרג'ייזר סינג,SG,AAאנרג'ייזר סוללות מ,יחידה,0.00,יחידה,false,,24.90,0.0000,true,1,6140
8901314308443,false,קולגייט מברשת שיניים זי זג מארז שישיה סנסטיב,,IN,מברשת שיניים שישייה,יחידה,0.00,יחידה,false,,12.90,0.0000,true,1,384841
8901314525055,false,רביעיית מברשת שיניים,,,רביעיית מברשת שיניים,יחידה,0.00,יחידה,false,,14.90,0.0000,true,1,365899
8901537024014,false,"אורז בסמטי מובחר 1 ק""ג - דוואט) יורה דיעה",הנסיך- מפעל לייצור ט,IN,וילי פוד אורז בסמטי,גרמים,1000.00,100 גרם,false,,12.90,0.0129,true,1,3315
8901537076679,false,"אורז בסמטי חום מהדרין ויליפוד 1 ק""ג",האי נאם סי או אל.טי.,IN,אורז בסמטי חום מלא 1,קילוגרמים,1.00,"ק""ג",false,,13.90,13.9000,true,1,3316
8934868127130,false,"Sunlight נוזל כלים 750 מ""ל +משאבה",,,נוזל כלים סאן בניחוח,מיליליטרים,750.00,"100 מ""ל",false,,9.90,0.0132,true,1,159843
9000101372878,false,קפסולות דיסקס לניקוי כביסה לבנה וצבעונית Deep Clean,פרסיל Persil,HU,פרסיל דיסקס לכביסה ל,יח',22.00,יח',false,,34.90,1.5864,true,1,177477
9000101380255,false,פרסיל דיסקס לכביסה ניקיון היגייני 22 יחידות,פרסיל Persil,HU,פרסיל דיסקס לכביסה ל,יח',22.00,יח',false,,34.90,1.5864,true,1,199477
9000101512526,false,פרסיל - פאוור קאפס קפסולות ג'ל מרוכזות לכביסה 26 יח',קריות זול,RS,פרסיל פאוור קאפס לכב,יח',26.00,יח',false,,34.90,1.3423,true,1,475106
9000101515596,false,קפסולות ג'ל מרוכזות לכביסה צבעונית 56 יח' פרסיל,הנקל סוד,RS,פרסיל פאוור קאפס קפס,יחידה,0.00,יחידה,false,,58.90,0.0000,true,1,213812
9000101537550,false,פרסיל קאפסולות לכביסה לבנה וצבעונית 52 יח',הנקל סוד,HU,פרסיל פאוור קאפס קפס,יחידה,0.00,יחידה,false,,58.90,0.0000,true,1,459912
9000101537581,false,פרסיל פאוור קאפס קפסולות כביסה צבעונית 52 יח',הנקל סוד,HU,פרסיל פאוור קאפס קפס,יחידה,0.00,יחידה,false,,58.90,0.0000,true,1,459913
9001616202100,false,מוצץ לתינוק ללא ביספנול 6+ מאם 2 יחידות,General,HU,מוצץ לתינוק,יח',2.00,יח',false,,34.90,17.4500,true,1,1083
9001616202360,false,זוג מוצצי סיליקון זוהר בחושך 6+ חודשים Original Night,מאם Mam,HU,זוג מוצצים סיליקון 6,יח',2.00,יח',false,,34.90,17.4500,true,1,1091
9001616620065,false,זוג מוצצי סיליקון 6+חודשים Hebrew Sayings,מאם Mam,HU,זוג מוצצים סיליקון 6,יח',2.00,יח',false,,34.90,17.4500,true,1,115345
9001616702969,false,"בקבוק תינוק 270 מ""ל סגול",General,HU,"בקבוק תינוק 270 מ""ל",יחידה,0.00,יחידה,false,,34.90,0.0000,true,1,1129
9002975393836,false,סוכריות גילי הריבו האפי קולה 70 גרם,"האריבו , ג'\י.אם.בי.אייץ",AT,סוכריות גומי בטעם קו,גרמים,70.00,100 גרם,false,,6.90,0.0986,true,1,158062
9002975393843,false,סוכריות גילי הריבו גולדברס 70 גרם,"האריבו , ג'\י.אם.בי.אייץ",AT,סוכריות גומי בטעמי פ,גרמים,70.00,100 גרם,false,,6.90,0.0986,true,1,158063
9002975393850,false,סוכריות גילי הריבו וורמס 70 גרם,"האריבו , ג'\י.אם.בי.אייץ",AT,סוכריות גומי בטעמי פ,גרמים,70.00,100 גרם,false,,6.90,0.0986,true,1,158064
9008700155458,false,נקטר גויאבה 1 ליטר ראוך,ראוך פרוכטסאפטה,AT,נקטר גויאבה 1 ליטר,ליטרים,1.00,ליטר,false,,11.20,11.2000,true,1,25270
9044400851672,false,סוכריות פז סוגים שונים + 3 מילויים,פז פרודקשיין יורו,HU,פז דמויות מתחלפות 25,גרמים,25.50,100 גרם,false,,10.90,0.4275,true,1,501732
9310072028743,false,טים טם ביסקוויט במילוי שוקולד 200 גרם,"ארנוטס ביסקוויטס בע""",AU,טים טם אוריגינל 200,גרמים,200.00,100 גרם,false,,19.90,0.0995,true,1,13878
9310072028750,false,טים טם Tim Tam וופל שוקולד ציפוי כפול,"ארנוטס ביסקוויטס בע""",AU,טים טם קרם דאבל 200,גרמים,200.00,100 גרם,false,,19.90,0.0995,true,1,13879
9322969000015,false,פריכיות תירס בטעם אורגינל ריל פודס 150 ג',אף.סי תבליני בגליל ב,AU,פריכיות תירס בטעם או,גרמים,150.00,100 גרם,false,,12.80,0.0853,true,1,6146
9322969000022,false,"ריל פוד פריכיות תירס עם סויה וזרעי פשתן, ללא גלוטן 150 גרם",אף.סי תבליני בגליל ב,AU,פריכיות תירס עם סויה,גרמים,150.00,100 גרם,false,,12.80,0.0853,true,1,6147
9720188050109,false,ממרח על בסיס סויה בסגנון גבינה טופוטי 225 גרם,טופוטי ברנדס אינק.ג',IL,טופוטי ממרח טופו בטע,גרמים,225.00,100 גרם,false,,19.90,0.0884,true,1,6762
9720188060108,false,ממרח על בסיס סויה בסגון שמנת טופוטי 340 גרם,טופוטי ברנדס אינק.ג',IL,טופוטי ממרח טופו בטע,גרמים,340.00,100 גרם,false,,19.90,0.0585,true,1,6763
9771565025005,false,עיתון מעריב סוף השבוע,,IL,`מעריב סופהשבוע`,יחידה,0.00,יחידה,false,,20.00,0.0000,true,1,35800
9771565038319,false,עיתון ידיעות אחרונות,,,ידיעות אחרונות יום א,יחידה,0.00,יחידה,false,,0.50,0.0000,true,1,9995
9771565038326,false,עיתון ידיעות אחרונות,,,ידיעות אחרונות יום ב,יחידה,0.00,יחידה,false,,0.50,0.0000,true,1,9996
9771565038333,false,עיתון ידיעות אחרונות,,,ידיעות אחרונות יום ג,יחידה,0.00,יחידה,false,,0.50,0.0000,true,1,9997
9771565038357,false,עיתון ידיעות אחרונות,,,ידיעות אחרונות יום ה,יחידה,0.00,יחידה,false,,0.50,0.0000,true,1,9999
9771565051066,false,עיתון ידיעות אחרונות,ידיעות אחרונות,,ידיעות אחרונות יום ו,יחידה,0.00,יחידה,false,,12.00,0.0000,true,1,10011
