code,internal_code,name,manufacturer_name,manufacture_country,manufacturer_item_description,unit_qty,quantity,unit_of_measure,weighted,qty_in_package,price,unit_of_measure_price,allow_discount,status,item_id
102,true,100 יח* סינרים,,,100 יח* סינרים,יחידה,0.00,יחידה,false,,29.90,0.0000,true,1,27019
163,true,פטריות שמפיניון תפזו,,,פטריות שמפיניון תפזו,קילוגרמים,1.00,"ק""ג",true,,39.90,39.9000,true,1,51513
164,true,פטריות חורש תפזורת,,,פטריות חורש תפזורת,קילוגרמים,1.00,"ק""ג",true,,39.90,39.9000,true,1,51514
301,true,בקבוק ריק חוזר בירה,,,בקבוק ריק חוזר בירה,יחידה,0.00,יחידה,false,,1.20,0.0000,true,1,7024
374,true,פטריות שמפניון,,,פטריות שמפניון,יח',1.00,יח',false,,9.90,9.9000,true,1,51516
401,true,פיתה (1461303),,,פיתה (1461303),יח',1.00,יח',false,,2.00,2.0000,true,1,2408
519,true,מעורב בבגט,,,מעורב בבגט,יחידה,0.00,יחידה,false,,25.00,0.0000,true,1,197803
998,true,חלה מתוקה קלועה,,,חלה מתוקה קלועה,יח',1.00,יח',false,,12.90,12.9000,true,1,2420
1009,true,בגט שלם,,,בגט שלם,יח',1.00,יח',false,,5.50,5.5000,true,1,2424
1014,true,בגט רוסטיק,,,בגט רוסטיק,יח',1.00,יח',false,,8.90,8.9000,true,1,2426
1020,true,שליש בגט,,,שליש בגט,יח',1.00,יח',false,,3.00,3.0000,true,1,2428
1028,true,חצי בגט,,,חצי בגט,יח',1.00,יח',false,,3.90,3.9000,true,1,2429
1058,true,חלה רגילה/חלה ציפורי,,,חלה רגילה/חלה ציפורי,,500.00,100 גרם,false,,5.17,1.0340,true,1,4512
1073,true,סופגניה גדולה בודדת,,,סופגניה גדולה בודדת,יחידה,0.00,יחידה,false,,3.90,0.0000,true,1,52002
1074,true,כרוב אדום כשר,,,כרוב אדום כשר,קילוגרמים,1.00,"ק""ג",true,,14.90,14.9000,true,1,48498
1079,true,מיני סופגניה בודדת,,,מיני סופגניה בודדת,יחידה,0.00,יחידה,false,,3.30,0.0000,true,1,52003
1091,true,צנונית בייבי,,,צנונית בייבי,,400.00,100 גרם,false,,6.90,1.7250,true,1,36175
1095,true,בייבי בטטה,,,בייבי בטטה,יח',1.00,יח',false,,7.90,7.9000,true,1,51519
1486,true,פומלה אדומה,,,פומלה אדומה,קילוגרמים,1.00,"ק""ג",true,,7.90,7.9000,true,1,51532
1488,true,אשכולית אדומה,,,אשכולית אדומה,קילוגרמים,1.00,"ק""ג",true,,6.90,6.9000,true,1,51533
1494,true,תפו`א לבן תפזורת,,,תפו`א לבן תפזורת,קילוגרמים,1.00,"ק""ג",true,,4.90,4.9000,true,1,51538
1495,true,תפו`א  אדום תפזורת,,,תפו`א  אדום תפזורת,קילוגרמים,1.00,"ק""ג",true,,4.90,4.9000,true,1,51539
1500,true,פלפל כתום,,,פלפל כתום,קילוגרמים,1.00,"ק""ג",true,,9.90,9.9000,true,1,51542
1501,true,עגבניות,,,עגבניות,קילוגרמים,1.00,"ק""ג",true,,7.90,7.9000,true,1,51543
1502,true,מלפפונים,,,מלפפונים,קילוגרמים,1.00,"ק""ג",true,,6.90,6.9000,true,1,51544
1503,true,גזר ארוז,,,גזר ארוז,קילוגרמים,1.00,"ק""ג",true,,4.90,4.9000,true,1,51545
1504,true,סלק,,,סלק,קילוגרמים,1.00,"ק""ג",true,,4.90,4.9000,true,1,51546
1505,true,כרוב לבן,,,כרוב לבן,קילוגרמים,1.00,"ק""ג",true,,4.90,4.9000,true,1,51547
1506,true,כרוב אדום,,,כרוב אדום,קילוגרמים,1.00,"ק""ג",true,,6.90,6.9000,true,1,51548
1507,true,כרובית,,,כרובית,קילוגרמים,1.00,"ק""ג",true,,9.90,9.9000,true,1,51549
1510,true,קישואים,,,קישואים,קילוגרמים,1.00,"ק""ג",true,,7.90,7.9000,true,1,51551
1511,true,חצילים,,,חצילים,קילוגרמים,1.00,"ק""ג",true,,7.90,7.9000,true,1,51552
1513,true,פלפל ירוק,,,פלפל ירוק,קילוגרמים,1.00,"ק""ג",true,,9.90,9.9000,true,1,51553
1514,true,פלפל בהיר,,,פלפל בהיר,קילוגרמים,1.00,"ק""ג",true,,9.90,9.9000,true,1,51554
1515,true,פלפל חריף,,,פלפל חריף,קילוגרמים,1.00,"ק""ג",true,,9.90,9.9000,true,1,51555
1516,true,פלפל אדום,,,פלפל אדום,קילוגרמים,1.00,"ק""ג",true,,9.90,9.9000,true,1,51556
1518,true,מלון,,,מלון,קילוגרמים,1.00,"ק""ג",true,,6.90,6.9000,true,1,51558
1519,true,בצל יבש,,,בצל יבש,קילוגרמים,1.00,"ק""ג",true,,4.90,4.9000,true,1,51559
1521,true,קולורבי,,,קולורבי,קילוגרמים,1.00,"ק""ג",true,,7.90,7.9000,true,1,51560
1522,true,חסה ערבית,,,חסה ערבית,יח',1.00,יח',false,,4.90,4.9000,true,1,51561
1528,true,כוסברה גומי,,,כוסברה גומי,יח',1.00,יח',false,,3.50,3.5000,true,1,36177
1535,true,תפו`א אדום ארוז,,,תפו`א אדום ארוז,קילוגרמים,1.00,"ק""ג",true,,4.90,4.9000,true,1,51568
1542,true,ערמונים,,,ערמונים,קילוגרמים,1.00,"ק""ג",true,,17.90,17.9000,true,1,51573
1545,true,שום ארוז ייבוא יח',,,שום ארוז ייבוא יח',יח',1.00,יח',false,,5.90,5.9000,true,1,51576
1547,true,שומר,,,שומר,קילוגרמים,1.00,"ק""ג",true,,5.90,5.9000,true,1,51578
1550,true,תפו`א לבן ארוז,,,תפו`א לבן ארוז,קילוגרמים,1.00,"ק""ג",true,,4.90,4.9000,true,1,51579
1551,true,לימון,,,לימון,קילוגרמים,1.00,"ק""ג",true,,7.90,7.9000,true,1,51580
1552,true,תפוז,,,תפוז,קילוגרמים,1.00,"ק""ג",true,,5.90,5.9000,true,1,51581
1553,true,ענב לבן,,,ענב לבן,קילוגרמים,1.00,"ק""ג",true,,29.90,29.9000,true,1,51582
1556,true,בננה מובחרת,,,בננה מובחרת,קילוגרמים,1.00,"ק""ג",true,,7.90,7.9000,true,1,51585
1558,true,אשכולית צהובה,,,אשכולית צהובה,קילוגרמים,1.00,"ק""ג",true,,6.90,6.9000,true,1,51587
1560,true,דלעת ארוזה,,,דלעת ארוזה,קילוגרמים,1.00,"ק""ג",true,,9.90,9.9000,true,1,51589
1561,true,תפוח עץ זהוב,,,תפוח עץ זהוב,קילוגרמים,1.00,"ק""ג",true,,9.90,9.9000,true,1,51590
1562,true,תפוח עץ יונתן,,,תפוח עץ יונתן,קילוגרמים,1.00,"ק""ג",true,,9.90,9.9000,true,1,51591
1563,true,תפוח עץ חרמון,,,תפוח עץ חרמון,קילוגרמים,1.00,"ק""ג",true,,9.90,9.9000,true,1,51592
1564,true,תפוח עץ סמיט,,,תפוח עץ סמיט,קילוגרמים,1.00,"ק""ג",true,,9.90,9.9000,true,1,51593
1568,true,רימון,,,רימון,קילוגרמים,1.00,"ק""ג",true,,9.90,9.9000,true,1,51596
1570,true,קלמנטינה,,,קלמנטינה,קילוגרמים,1.00,"ק""ג",true,,6.90,6.9000,true,1,51597
1572,true,אבוקדו מובחר,,,אבוקדו מובחר,קילוגרמים,1.00,"ק""ג",true,,9.90,9.9000,true,1,51599
1573,true,מנגו,,,מנגו,קילוגרמים,1.00,"ק""ג",true,,13.90,13.9000,true,1,51600
1574,true,בטטה מתוקה,,,בטטה מתוקה,קילוגרמים,1.00,"ק""ג",true,,9.90,9.9000,true,1,51601
1576,true,אגס,,,אגס,קילוגרמים,1.00,"ק""ג",true,,12.90,12.9000,true,1,51602
1581,true,פלפל צהוב,,,פלפל צהוב,קילוגרמים,1.00,"ק""ג",true,,9.90,9.9000,true,1,51605
1583,true,נקטרינה,,,נקטרינה,קילוגרמים,1.00,"ק""ג",true,,8.90,8.9000,true,1,51606
1588,true,תירס ארוז,,,תירס ארוז,קילוגרמים,1.00,"ק""ג",true,,9.90,9.9000,true,1,51609
1590,true,פומלה,,,פומלה,קילוגרמים,1.00,"ק""ג",true,,7.90,7.9000,true,1,51610
1591,true,ענב אדום,,,ענב אדום,קילוגרמים,1.00,"ק""ג",true,,22.90,22.9000,true,1,51611
1603,true,אבוקדו ברשת,,,אבוקדו ברשת,קילוגרמים,1.00,"ק""ג",true,,9.90,9.9000,true,1,51616
1604,true,אפרסמון,,,אפרסמון,קילוגרמים,1.00,"ק""ג",true,,10.90,10.9000,true,1,51617
1607,true,תפו`א קטן אפיה ארוז,,,תפו`א קטן אפיה ארוז,קילוגרמים,1.00,"ק""ג",true,,3.90,3.9000,true,1,51620
1610,true,שרי אשכולות לקג,,,שרי אשכולות לקג,קילוגרמים,1.00,"ק""ג",true,,19.90,19.9000,true,1,51622
1613,true,דלורית,,,דלורית,קילוגרמים,1.00,"ק""ג",true,,6.90,6.9000,true,1,51624
1615,true,בצל אדום,,,בצל אדום,קילוגרמים,1.00,"ק""ג",true,,6.90,6.9000,true,1,51626
1616,true,כוסברה כשר,,,כוסברה כשר,יח',1.00,יח',false,,5.90,5.9000,true,1,48500
1618,true,אפרסמון קרמבו,,,אפרסמון קרמבו,קילוגרמים,1.00,"ק""ג",true,,16.90,16.9000,true,1,51628
1619,true,פומלית,,,פומלית,קילוגרמים,1.00,"ק""ג",true,,5.90,5.9000,true,1,51629
1620,true,קיווי,,,קיווי,קילוגרמים,1.00,"ק""ג",true,,16.90,16.9000,true,1,51630
1645,true,תפוח עץ גלה,,,תפוח עץ גלה,קילוגרמים,1.00,"ק""ג",true,,9.90,9.9000,true,1,51639
1683,true,תפוח עץ פינק קריפס,,,תפוח עץ פינק קריפס,קילוגרמים,1.00,"ק""ג",true,,12.90,12.9000,true,1,51650
1708,true,גזר תפזורת,,,גזר תפזורת,קילוגרמים,1.00,"ק""ג",true,,4.90,4.9000,true,1,51660
1841,true,תפוח פינק קריפס  מאר,,,תפוח פינק קריפס  מאר,,600.00,100 גרם,false,,16.90,2.8167,true,1,51679
1847,true,גזר צבעוני,,,גזר צבעוני,יח',1.00,יח',false,,9.90,9.9000,true,1,42459
1859,true,שיבה ליח',,,שיבה ליח',יח',1.00,יח',false,,4.90,4.9000,true,1,36181
1883,true,שום יבש תפזורת,,,שום יבש תפזורת,קילוגרמים,1.00,"ק""ג",true,,22.90,22.9000,true,1,51683
1988,true,כרובית ארוזה,,,כרובית ארוזה,יח',1.00,יח',false,,12.90,12.9000,true,1,51714
2000,true,"בורקס גבינה/תפו""א",,,"בורקס גבינה/תפו""א",קילוגרמים,1.00,"ק""ג",true,,43.00,43.0000,true,1,34599
2001,true,*מבצע* בורקס תורכי ב,,,*מבצע* בורקס תורכי ב,קילוגרמים,1.00,"ק""ג",true,,35.00,35.0000,true,1,2440
2026,true,קוקיס חלבי,,,קוקיס חלבי,קילוגרמים,1.00,"ק""ג",true,,49.00,49.0000,true,1,77634
3500,true,עוף טרי שלם,,,עוף טרי שלם,קילוגרמים,1.00,"ק""ג",true,,19.90,19.9000,true,1,27022
3501,true,כרעיים עוף טרי,,,כרעיים עוף טרי,קילוגרמים,1.00,"ק""ג",true,,27.90,27.9000,true,1,27023
3502,true,חזה עוף טרי,,,חזה עוף טרי,קילוגרמים,1.00,"ק""ג",true,,31.90,31.9000,true,1,27024
3506,true,גרון הודו זכר טרי,,,גרון הודו זכר טרי,קילוגרמים,1.00,"ק""ג",true,,29.90,29.9000,true,1,27026
3507,true,שניצל עוף פרוס טרי,,,שניצל עוף פרוס טרי,קילוגרמים,1.00,"ק""ג",true,,37.90,37.9000,true,1,27027
3517,true,שוקיים פטם טרי,,,שוקיים פטם טרי,קילוגרמים,1.00,"ק""ג",true,,32.90,32.9000,true,1,27034
3522,true,שוארמה פרגיות טרי,,,שוארמה פרגיות טרי,קילוגרמים,1.00,"ק""ג",true,,59.90,59.9000,true,1,27036
3546,true,בשר עוף טרי טחון,,,בשר עוף טרי טחון,קילוגרמים,1.00,"ק""ג",true,,36.90,36.9000,true,1,27045
4015,true,קוקוס ראש,,,קוקוס ראש,יח',1.00,יח',false,,5.90,5.9000,true,1,51720
5504,true,דונאטס בטעמים מצופה,,,דונאטס בטעמים מצופה,,45.00,100 גרם,false,,6.90,15.3333,true,1,52004
8888,true,פיקדון זיכוי לקוח,,,פיקדון זיכוי לקוח,יחידה,0.00,יחידה,false,,0.30,0.0000,true,1,35182
9999,true,פיקדון בקבוקים,,,פיקדון בקבוקים,יחידה,0.00,יחידה,false,,0.30,0.0000,true,1,74
5678585,true,ענב סקרלוטה,,,ענב סקרלוטה,קילוגרמים,1.00,"ק""ג",true,,22.90,22.9000,true,1,51735
32147230,false,מיץ לימון סיצילייה 2,,,מיץ לימון סיצילייה 2,מיליליטרים,200.00,"100 מ""ל",false,,6.90,3.4500,true,1,5498
40111216,false,חטיף שוקולד באונטי 5,,,חטיף שוקולד באונטי 5,,57.00,100 גרם,false,,4.50,7.8947,true,1,20910
50398904,false,קרם חמצן 6% אינדולה,,,קרם חמצן 6% אינדולה,מיליליטרים,60.00,"100 מ""ל",false,,4.50,7.5000,true,1,8077
59068907,false,פאל מאל כחול דמי סלי,,,פאל מאל כחול דמי סלי,יחידה,0.00,יחידה,false,,27.00,0.0000,false,1,4147
72940754,false,"מילקי וניל 170 מ""ל",,,"מילקי וניל 170 מ""ל",מיליליטרים,170.00,"100 מ""ל",false,,2.90,1.7059,true,1,23642
72940761,false,מילקי שוקולד מהדרין,,,מילקי שוקולד מהדרין,מיליליטרים,170.00,"100 מ""ל",false,,2.90,1.7059,true,1,23643
72940952,false,מילקי אקסטראה קצפת מ,,,מילקי אקסטראה קצפת מ,מיליליטרים,110.00,"100 מ""ל",false,,3.90,3.5455,true,1,23644
72941041,false,מיני מילקי שוקולד 70,,,מיני מילקי שוקולד 70,מיליליטרים,70.00,"100 מ""ל",false,,2.50,3.5714,true,1,23647
72945308,false,שמרית קוביות שמרים ל,,,שמרית קוביות שמרים ל,,50.00,100 גרם,false,,4.00,8.0000,true,1,23648
72961506,false,פרילי תות 1.5% 125מל,,,פרילי תות 1.5% 125מל,מיליליטרים,125.00,"100 מ""ל",false,,3.90,3.1200,true,1,26185
72961520,false,פרילי אננס 1.5% 125מ,,,פרילי אננס 1.5% 125מ,מיליליטרים,125.00,"100 מ""ל",false,,3.90,3.1200,true,1,26187
72961544,false,באדי תות 125מל,,,באדי תות 125מל,מיליליטרים,125.00,"100 מ""ל",false,,3.50,2.8000,true,1,26188
72986370,false,גלידת פיינטים וניל צ,,,גלידת פיינטים וניל צ,מיליליטרים,420.00,"100 מ""ל",false,,24.90,5.9286,true,1,14676
72986424,false,גלידת פיינטים קרם עו,,,גלידת פיינטים קרם עו,מיליליטרים,420.00,"100 מ""ל",false,,24.90,5.9286,true,1,14677
72986448,false,גלידת טופי קרנץ,,,גלידת טופי קרנץ,מיליליטרים,420.00,"100 מ""ל",false,,24.90,5.9286,true,1,14678
72986455,false,גלידת פיינטים ניו-יו,,,גלידת פיינטים ניו-יו,מיליליטרים,420.00,"100 מ""ל",false,,24.90,5.9286,true,1,14679
72986479,false,גלידת פיינטים צאנקי,,,גלידת פיינטים צאנקי,מיליליטרים,420.00,"100 מ""ל",false,,24.90,5.9286,true,1,14680
72989425,false,גלידת פיינטים שוקולד,,,גלידת פיינטים שוקולד,מיליליטרים,500.00,"100 מ""ל",false,,24.90,4.9800,true,1,14682
72993637,false,דני מהדרין שוקו בודד,,,דני מהדרין שוקו בודד,מיליליטרים,125.00,"100 מ""ל",false,,2.90,2.3200,true,1,23651
80042563,false,רסק עגבניות פאסטה מו,,,רסק עגבניות פאסטה מו,,700.00,100 גרם,false,,11.90,1.7000,true,1,52627
80050025,false,טיק טק תפוז,,,טיק טק תפוז,,16.00,100 גרם,false,,3.90,24.3750,true,1,42371
80050124,false,טיק טק סוכריות,,,טיק טק סוכריות,,16.00,100 גרם,false,,3.90,24.3750,true,1,42372
80052760,false,חטיף קינדר בואנו שוק,,,חטיף קינדר בואנו שוק,,43.00,100 גרם,false,,3.90,9.0698,true,1,42378
80136194,false,הפי היפו 5*20ג,,,הפי היפו 5*20ג,,102.00,100 גרם,false,,13.90,13.6275,true,1,42379
80177173,false,ממרח נוטלה קקאו עם א,,,ממרח נוטלה קקאו עם א,,350.00,100 גרם,false,,14.90,4.2571,true,1,42382
80177616,false,אצבעות שוקולד קינדר,,,אצבעות שוקולד קינדר,,100.00,100 גרם,false,,8.40,8.4000,true,1,42385
80761761,false,קינדר בואנו לבן 39ג,,,קינדר בואנו לבן 39ג,,43.00,100 גרם,false,,3.90,9.0698,true,1,42387
80762362,false,מנטוס וויט מסטיק בטע,,,מנטוס וויט מסטיק בטע,,60.00,100 גרם,false,,10.90,18.1667,true,1,12852
80773429,false,מסטיק מנטוס בקבוק בט,,,מסטיק מנטוס בקבוק בט,,60.00,100 גרם,false,,10.90,18.1667,true,1,12860
80776307,false,מסטיק מנטוס ביג בקבו,,,מסטיק מנטוס ביג בקבו,,90.00,100 גרם,false,,18.90,21.0000,true,1,12862
80790990,false,מסטיק מנטוס בקבוק בט,,,מסטיק מנטוס בקבוק בט,,60.00,100 גרם,false,,10.90,18.1667,true,1,12865
80828174,false,מסטיק מנטוס ויט טעם,,,מסטיק מנטוס ויט טעם,,60.00,100 גרם,false,,10.90,18.1667,true,1,12876
80850885,false,מנטוס וויט מסטיק בטע,,,מנטוס וויט מסטיק בטע,,60.00,100 גרם,false,,10.90,18.1667,true,1,12881
80874652,false,קינדר קארדס חטיף בוד,,,קינדר קארדס חטיף בוד,,25.60,100 גרם,false,,3.90,15.2344,true,1,36915
80913467,false,מסטיק מנטוס בקבוק בט,,,מסטיק מנטוס בקבוק בט,,60.00,100 גרם,false,,10.90,18.1667,true,1,12888
80945468,false,מנטוס פיור וויט ללא,,,מנטוס פיור וויט ללא,,60.00,100 גרם,false,,10.90,18.1667,true,1,180291
80954521,false,מסטיק מנטוס פיור פרש,,,מסטיק מנטוס פיור פרש,,28.00,100 גרם,false,,5.50,19.6429,true,1,92718
80986348,false,מנטוס פיור וויט ללא,,,מנטוס פיור וויט ללא,,60.00,100 גרם,false,,10.90,18.1667,true,1,180292
80995128,false,מסטיק מנטוס ויטמין ל,,,מסטיק מנטוס ויטמין ל,,60.00,100 גרם,false,,10.90,18.1667,true,1,293943
87108538,false,מנטוס תות בגליל 37.5,,,מנטוס תות בגליל 37.5,,37.50,100 גרם,false,,3.90,10.4000,true,1,12901
87108651,false,סוכריות מנטוס מנטה 1,,,סוכריות מנטוס מנטה 1,,150.00,100 גרם,false,,11.30,7.5333,true,1,12902
87108712,false,סוכריות מנטוס פירות,,,סוכריות מנטוס פירות,,150.00,100 גרם,false,,11.30,7.5333,true,1,12903
90087974,false,חומץ תפוחים 5% תומר,,,חומץ תפוחים 5% תומר,מיליליטרים,750.00,"100 מ""ל",false,,13.80,1.8400,true,1,25369
90162602,false,משקה אנרגיה RED BULL,,,משקה אנרגיה RED BULL,מיליליטרים,250.00,"100 מ""ל",false,,6.90,2.7600,true,1,5265
198888886,false,עיגול אגורות,,,עיגול אגורות,יחידה,0.00,יחידה,false,,1.00,0.0000,true,1,47931
9800800056,false,ממרח נוטלה & GO,,,ממרח נוטלה & GO,,52.00,100 גרם,false,,5.90,11.3462,true,1,42393
11210000094,false,טבסקו,,,טבסקו,מיליליטרים,60.00,"100 מ""ל",false,,12.90,21.5000,true,1,38779
13300002865,false,ציפוי עוגה פאן פטי ש,,,ציפוי עוגה פאן פטי ש,,442.00,100 גרם,false,,17.90,4.0498,true,1,240418
16000185517,false,פייבר1- דגני בוקר עת,,,פייבר1- דגני בוקר עת,,555.00,100 גרם,false,,24.90,4.4865,true,1,175703
16000548503,false,חטיף קראנצי גרנולה מ,,,חטיף קראנצי גרנולה מ,,210.00,100 גרם,false,,19.90,9.4762,true,1,12919
16229924263,false,"קרם קוקוס 250 מ""ל.",,,"קרם קוקוס 250 מ""ל.",מיליליטרים,250.00,"100 מ""ל",false,,10.90,4.3600,true,1,3396
18000701223,false,תערובת לעוגת שוק.דוי,,,תערובת לעוגת שוק.דוי,,500.00,100 גרם,false,,19.90,3.9800,true,1,12924
18000703494,false,תערובת לעוגת וניל פר,,,תערובת לעוגת וניל פר,,517.00,100 גרם,false,,19.90,3.8491,true,1,12925
18000766413,false,תערובת לעוגת בראוניס,,,תערובת לעוגת בראוניס,,550.00,100 גרם,false,,19.90,3.6182,true,1,12927
31200001597,false,חמוציות ממותקות ומיו,,,חמוציות ממותקות ומיו,,170.00,100 גרם,false,,11.90,7.0000,true,1,12931
37600207287,false,סקיפי חמאת בוטנים עם,,,סקיפי חמאת בוטנים עם,,462.00,100 גרם,false,,18.90,4.0909,true,1,5271
38000232152,false,פרינגלס ביג ברביקיו,,,פרינגלס ביג ברביקיו,,158.00,100 גרם,false,,8.90,5.6329,true,1,27247
38000232176,false,פרינגלס ביג שמנת בצל,,,פרינגלס ביג שמנת בצל,,158.00,100 גרם,false,,8.90,5.6329,true,1,27249
38000232183,false,פרינגלס ביג אורגינל,,,פרינגלס ביג אורגינל,,158.00,100 גרם,false,,8.90,5.6329,true,1,27250
38527591060,false,דגני בוקר מרובעים קו,,,דגני בוקר מרובעים קו,,412.00,100 גרם,false,,20.90,5.0728,true,1,24617
39000008006,false,אורטגה טאקו מקסיקני,,,אורטגה טאקו מקסיקני,,164.00,100 גרם,false,,21.90,13.3537,true,1,37684
40000514480,false,עדשי שוקולד M&M שוקו,,,עדשי שוקולד M&M שוקו,,48.00,100 גרם,false,,5.90,12.2917,true,1,20966
40000514510,false,בוטנים 49 גרם M&M עד,,,בוטנים 49 גרם M&M עד,,49.00,100 גרם,false,,5.90,12.0408,true,1,20967
46214731552,false,מרבה עוגיות שוקולד צ,,,מרבה עוגיות שוקולד צ,,225.00,100 גרם,false,,7.90,3.5111,true,1,21526
50000084500,false,פריסקיז מעדני השף מנ,,,פריסקיז מעדני השף מנ,קילוגרמים,1.43,"ק""ג",false,,38.90,27.2028,true,1,18618
50000100347,false,פריסקיז מעדני החתול,,,פריסקיז מעדני החתול,קילוגרמים,1.40,"ק""ג",false,,38.90,27.7857,true,1,18620
50000170180,false,פריסקיז פריים פילה ע,,,פריסקיז פריים פילה ע,,156.00,100 גרם,false,,7.50,4.8077,true,1,18622
50000225224,false,פריסקיז פריים פילה ה,,,פריסקיז פריים פילה ה,,156.00,100 גרם,false,,7.50,4.8077,true,1,18623
52100041155,false,תערובת תיבול מלח הימ,,,תערובת תיבול מלח הימ,,184.00,100 גרם,false,,27.90,15.1630,true,1,246923
54881000062,false,תה שחור לימונית וקמו,,,תה שחור לימונית וקמו,,695.00,100 גרם,false,,10.90,1.5683,true,1,88036
54881016001,false,תה 4 סוגי חליטות פרי,,,תה 4 סוגי חליטות פרי,,695.00,100 גרם,false,,10.90,1.5683,true,1,88040
55500012046,false,כלורקס קלין אפ 946 מ,,,כלורקס קלין אפ 946 מ,מיליליטרים,946.00,"100 מ""ל",false,,20.90,2.2093,true,1,3413
70177077693,false,טווינינג אינגליש ברק,,,טווינינג אינגליש ברק,,50.00,100 גרם,false,,19.90,39.8000,true,1,14006
76840100156,false,בן&גרי גלידה צרי גרס,,,בן&גרי גלידה צרי גרס,,473.00,100 גרם,false,,24.90,5.2643,true,1,14697
76840100583,false,גלידה וניל +בצק עוגי,,,גלידה וניל +בצק עוגי,מיליליטרים,473.00,"100 מ""ל",false,,24.90,5.2643,true,1,14698
76840400218,false,בן&גריס גלידה תות שד,,,בן&גריס גלידה תות שד,מיליליטרים,475.00,"100 מ""ל",false,,24.90,5.2421,true,1,14711
77975036983,false,סניידרס מטבל סלסה חר,,,סניידרס מטבל סלסה חר,,439.00,100 גרם,false,,17.90,4.0774,true,1,12961
77975094631,false,סניידרס בייגלה סנדוו,,,סניידרס בייגלה סנדוו,,266.00,100 גרם,false,,15.90,5.9774,true,1,105898
611745285685,true,אבוקדו בשל יח,,,אבוקדו בשל יח,,470.00,100 גרם,false,,9.90,2.1064,true,1,51736
628154383659,false,דגני בוקר פרוטי פבלס,,,דגני בוקר פרוטי פבלס,,311.00,100 גרם,false,,23.90,7.6849,true,1,216313
633016004030,false,מיני ברוקולי פרחים א,,,מיני ברוקולי פרחים א,,680.00,100 גרם,false,,26.90,3.9559,true,1,201624
634065851149,false,כבל  אוקס,,,כבל  אוקס,יחידה,0.00,יחידה,false,,19.90,0.0000,true,1,226626
634065859329,false,אוזנייה שחורה,,,אוזנייה שחורה,יחידה,0.00,יחידה,false,,29.90,0.0000,true,1,226627
645173911038,false,מלפפונים קורנישון מי,,,מלפפונים קורנישון מי,,720.00,100 גרם,false,,11.90,1.6528,true,1,25373
651080161510,false,פלקרס קיסם עם חוט ג',,,פלקרס קיסם עם חוט ג',יחידה,0.00,יחידה,false,,9.90,0.0000,true,1,5525
768404001640,false,גלידה פיינטס קפה 473,,,גלידה פיינטס קפה 473,מיליליטרים,473.00,"100 מ""ל",false,,24.90,5.2643,true,1,14721
818570007066,false,וטקינס וניל  טהור  2,,,וטקינס וניל  טהור  2,מיליליטרים,29.00,"100 מ""ל",false,,33.90,116.8966,true,1,14034
835811001676,false,תבנית גדולה 9 יח. R-,,,תבנית גדולה 9 יח. R-,יחידה,0.00,יחידה,false,,13.90,0.0000,true,1,7620
835811004219,false,מפות שולחן 8 מטר עבה,,,מפות שולחן 8 מטר עבה,מטרים,8.00,מטר,false,,17.50,2.1875,true,1,7684
835811005728,false,עלים לקרמשניט 400 גר,,,עלים לקרמשניט 400 גר,,400.00,100 גרם,false,,18.90,4.7250,true,1,7737
835811005810,false,תבנית אלומיניום מרוב,,,תבנית אלומיניום מרוב,יחידה,0.00,יחידה,false,,13.90,0.0000,true,1,7739
835811006497,false,אבקת סוכר 500 גר,,,אבקת סוכר 500 גר,,500.00,100 גרם,false,,8.90,1.7800,true,1,7777
835811008699,false,כפות 50 יח שקוף עבה,,,כפות 50 יח שקוף עבה,יחידה,0.00,יחידה,false,,17.90,0.0000,true,1,7835
835811008958,false,כפיות 50 יח שקוף עבה,,,כפיות 50 יח שקוף עבה,יחידה,0.00,יחידה,false,,17.90,0.0000,true,1,7848
856591000109,false,עבדי עוגיות מזרחיות,,,עבדי עוגיות מזרחיות,,400.00,100 גרם,false,,18.90,4.7250,true,1,25023
859547004329,false,ספוג ניקוי כלים בצבע,,,ספוג ניקוי כלים בצבע,,34.00,100 גרם,false,,18.90,55.5882,true,1,206464
884912117625,false,פוסט גולדן קריספי 42,,,פוסט גולדן קריספי 42,,420.00,100 גרם,false,,23.90,5.6905,true,1,43991
884912359162,false,דגני בוקר שיבולת שוע,,,דגני בוקר שיבולת שוע,,340.00,100 גרם,false,,23.90,7.0294,true,1,212619
884912359414,false,דגני בוקר שיבולת שוע,,,דגני בוקר שיבולת שוע,,340.00,100 גרם,false,,23.90,7.0294,true,1,212620
884912365200,false,דגני בוקר עם פירורי,,,דגני בוקר עם פירורי,,311.00,100 גרם,false,,23.90,7.6849,true,1,269530
3010470155299,false,פריסקיז פטה בקר וירק,,,פריסקיז פטה בקר וירק,,400.00,100 גרם,false,,10.90,2.7250,true,1,18644
3014260201753,false,סכיני גילוח חד פעמיי,,,סכיני גילוח חד פעמיי,יחידה,0.00,יחידה,false,,14.80,0.0000,true,1,27281
3014260228842,false,קצף גילוח רגיל ג'ילט,,,קצף גילוח רגיל ג'ילט,מיליליטרים,200.00,"100 מ""ל",false,,15.90,7.9500,true,1,27290
3014260289287,false,סכיני גילוח לאישה בל,,,סכיני גילוח לאישה בל,יחידה,0.00,יחידה,false,,17.90,0.0000,true,1,27310
3045206360609,false,דזיטול נוזל מחטא בגד,,,דזיטול נוזל מחטא בגד,מיליליטרים,1.00,"100 מ""ל",false,,25.90,2590.0000,true,1,218050
3073781162790,false,בייבי בל 24% אדום 12,,,בייבי בל 24% אדום 12,,120.00,100 גרם,false,,23.90,19.9167,true,1,237427
3161911229199,false,אלוויר חמאה רכה 250ג,,,אלוויר חמאה רכה 250ג,,250.00,100 גרם,false,,23.90,9.5600,true,1,16943
3178530402353,false,עוגיות רכות מיני מדל,,,עוגיות רכות מיני מדל,,175.00,100 גרם,false,,13.90,7.9429,true,1,16954
3178530407938,false,עוגיות שוקולד צ'יפס,,,עוגיות שוקולד צ'יפס,,175.00,100 גרם,false,,13.90,7.9429,true,1,16956
3178530417340,false,בראוניז שוקולד סאן מ,,,בראוניז שוקולד סאן מ,,210.00,100 גרם,false,,18.90,9.0000,true,1,190170
3270190111108,false,קרפור מוזלי פירות 7,,,קרפור מוזלי פירות 7,,750.00,100 גרם,false,,15.90,2.1200,true,1,277146
3270190151654,false,שוקולד מריר מעולה עם,,FR,שוקולד מריר מעולה עם,,100.00,100 גרם,false,,5.90,5.9000,true,1,242269
3270190174936,false,שוקולד חלב עם תכולת,,FR,שוקולד חלב עם תכולת,,100.00,100 גרם,false,,5.90,5.9000,true,1,242286
3387390525960,false,דגני קראנץ' נסטלה 50,,,דגני קראנץ' נסטלה 50,,500.00,100 גרם,false,,26.90,5.3800,true,1,18647
3387390730852,false,דגני פיטנס נסטלה 375,,,דגני פיטנס נסטלה 375,,375.00,100 גרם,false,,22.90,6.1067,true,1,18648
3560070701407,false,שוקולד מריר מעולה עם,,FR,שוקולד מריר מעולה עם,,100.00,100 גרם,false,,5.90,5.9000,true,1,242270
3560070720859,false,שוקולד מריר מעולה 72,,FR,שוקולד מריר מעולה 72,,80.00,100 גרם,false,,4.90,6.1250,true,1,242271
3560070826186,false,קרפור מוזלי שוקולד ו,,,קרפור מוזלי שוקולד ו,,750.00,100 גרם,false,,14.90,1.9867,true,1,277148
3560071013196,false,קרפור סטייליס בטעם ט,,,קרפור סטייליס בטעם ט,,500.00,100 גרם,false,,9.90,1.9800,true,1,277131
3560071016074,false,קרפור קורונפלקס 500,,,קרפור קורונפלקס 500,,500.00,100 גרם,false,,6.90,1.3800,true,1,277182
3560071341947,false,שמן זית כתית מעולה ב,,FR,שמן זית כתית מעולה ב,מיליליטרים,750.00,"100 מ""ל",false,,11.50,1.5333,true,1,276163
3560071431914,false,קפסולות קפה קרפור עו,,FR,קפסולות קפה קרפור עו,,52.00,100 גרם,false,,6.90,13.2692,true,1,278069
3560071432003,false,קפסולות קפה קרפור עו,,FR,קפסולות קפה קרפור עו,,52.00,100 גרם,false,,6.90,13.2692,true,1,278115
3560071432249,false,קפסולות קפה ברזיל קר,,FR,קפסולות קפה ברזיל קר,,52.00,100 גרם,false,,6.90,13.2692,true,1,278122
3560071432393,false,קפסולות קפה קוסטה רי,,FR,קפסולות קפה קוסטה רי,,52.00,100 גרם,false,,6.90,13.2692,true,1,278127
3574661554877,false,קרפרי כותון מבושם 56,,,קרפרי כותון מבושם 56,יחידה,0.00,יחידה,false,,15.90,0.0000,true,1,21626
3608580730231,false,קונפיטורה תות 370 גר,,,קונפיטורה תות 370 גר,,370.00,100 גרם,false,,20.90,5.6486,true,1,20782
3614222348559,false,ספריי גוף לגבר קינג,,,ספריי גוף לגבר קינג,מיליליטרים,150.00,"100 מ""ל",false,,17.90,11.9333,true,1,5606
3800020403631,false,קיט קט צ'אנקי חמאת ב,,,קיט קט צ'אנקי חמאת ב,,42.00,100 גרם,false,,3.90,9.2857,true,1,42858
3838824127163,false,סמי קיט בלונד כסוף 1,,,סמי קיט בלונד כסוף 1,יחידה,0.00,יחידה,false,,15.00,0.0000,true,1,8084
3838824127224,false,סמי קיט חום בינוני 4,,,סמי קיט חום בינוני 4,יחידה,0.00,יחידה,false,,15.00,0.0000,true,1,8086
3838824193915,false,סמי קיט שחור 1-0פאלט,,,סמי קיט שחור 1-0פאלט,יחידה,0.00,יחידה,false,,15.00,0.0000,true,1,8105
4000417101211,false,גלילי וופל עם קרם אג,,,גלילי וופל עם קרם אג,,150.00,100 גרם,false,,19.90,13.2667,true,1,204652
4009900402965,false,אורביט וויט פירות בק,,,אורביט וויט פירות בק,,64.00,100 גרם,false,,10.90,17.0313,true,1,20983
4009900403023,false,אורביט וויט מנטה בקב,,,אורביט וויט מנטה בקב,,64.00,100 גרם,false,,10.90,17.0313,true,1,20984
4009900420129,false,אורביט פרופשייונל פפ,,,אורביט פרופשייונל פפ,,64.00,100 גרם,false,,10.90,17.0313,true,1,20991
4009900426039,false,בקבוקון בקבוקון מסטי,,,בקבוקון בקבוקון מסטי,,64.00,100 גרם,false,,10.90,17.0313,true,1,20993
4009900426121,false,בקבוקון בקבוקון מסטי,,,בקבוקון בקבוקון מסטי,,64.00,100 גרם,false,,10.90,17.0313,true,1,20994
4009900531122,false,אורביט פרופשייונל ספ,,,אורביט פרופשייונל ספ,,64.00,100 גרם,false,,10.90,17.0313,true,1,21043
4009900535519,false,אורביט רפרשרס אריזה,,,אורביט רפרשרס אריזה,,15.00,100 גרם,false,,4.90,32.6667,true,1,88158
4009900535823,false,אורביט רפרשרס באבלמי,,,אורביט רפרשרס באבלמי,,15.00,100 גרם,false,,4.90,32.6667,true,1,88160
4009900539746,false,מסטיק בטעם אבטיח ללא,,,מסטיק בטעם אבטיח ללא,,31.80,100 גרם,false,,12.90,40.5660,true,1,210130
4009900540551,false,אורביט רפרשרס טרופיק,,,אורביט רפרשרס טרופיק,,67.00,100 גרם,false,,12.90,19.2537,true,1,204378
4011100001220,false,מרס מיני 403 גרם,,,מרס מיני 403 גרם,,403.00,100 גרם,false,,24.90,6.1787,true,1,21046
4011100002227,false,חטיף באונטי מיני 403,,,חטיף באונטי מיני 403,,403.00,100 גרם,false,,24.90,6.1787,true,1,21047
4011800567613,false,חטיף דגנים סנדוויץ ש,,,חטיף דגנים סנדוויץ ש,,120.00,100 גרם,false,,14.90,12.4167,true,1,14075
4011800633516,false,חטיף דגנים שוקולד מר,,,חטיף דגנים שוקולד מר,,138.00,100 גרם,false,,14.90,10.7971,true,1,14084
4011800636517,false,חטיף דגנים פרי עם שו,,,חטיף דגנים פרי עם שו,,120.00,100 גרם,false,,14.90,12.4167,true,1,14086
4014400904390,false,סוכריות וולמליש 325ג,,,סוכריות וולמליש 325ג,,325.00,100 גרם,false,,18.80,5.7846,true,1,13017
4014400914696,false,80 סוכריות חמאה וורט,,,80 סוכריות חמאה וורט,,80.00,100 גרם,false,,9.50,11.8750,true,1,13026
4014400923711,false,טופיפי בונבונירה שוק,,,טופיפי בונבונירה שוק,,125.00,100 גרם,false,,13.90,11.1200,true,1,13031
4015400564034,false,מגן תחתון לונג פלוס,,,מגן תחתון לונג פלוס,יחידה,0.00,יחידה,false,,18.90,0.0000,true,1,27391
4015400598381,false,קוואטרו לונג פלוס או,,,קוואטרו לונג פלוס או,יחידה,0.00,יחידה,false,,42.00,0.0000,true,1,27404
4015400598411,false,קוואטרו לילה אולוויז,,,קוואטרו לילה אולוויז,יחידה,0.00,יחידה,false,,42.00,0.0000,true,1,27405
4015400690405,false,טמפון פרל סופר טמפקס,,,טמפון פרל סופר טמפקס,יחידה,0.00,יחידה,false,,24.90,0.0000,true,1,27432
4015400746812,false,מגן תחתון מגה פק נור,,,מגן תחתון מגה פק נור,יחידה,0.00,יחידה,false,,18.90,0.0000,true,1,27457
4017100364112,false,היט עוגיות סנדביץ בט,,,היט עוגיות סנדביץ בט,,220.00,100 גרם,false,,8.90,4.0455,true,1,42884
4025700001962,false,מילקה שוקולד לבן 100,,,מילקה שוקולד לבן 100,,100.00,100 גרם,false,,6.90,6.9000,true,1,5136
4033100024146,false,*מבצע* וינסטון קופסא,,,*מבצע* וינסטון קופסא,יחידה,0.00,יחידה,false,,30.50,0.0000,false,1,4183
4045787068221,false,פרוטאין קולור 1 שחור,,,פרוטאין קולור 1 שחור,מיליליטרים,60.00,"100 מ""ל",false,,14.90,24.8333,true,1,8198
4066600999614,false,בירה פאולנר בקבוק 50,,,בירה פאולנר בקבוק 50,מיליליטרים,500.00,"100 מ""ל",false,,12.90,2.5800,true,1,9465
4084500065536,false,קרם לחות מוגברת פנטן,,,קרם לחות מוגברת פנטן,מיליליטרים,300.00,"100 מ""ל",false,,24.90,8.3000,true,1,27598
4260147890513,false,אטריות ביצים דקות במ,,,אטריות ביצים דקות במ,,500.00,100 גרם,false,,12.90,2.5800,true,1,4667
4640018993343,false,פיניש קוואנטום למדיח,,,פיניש קוואנטום למדיח,יחידה,0.00,יחידה,false,,43.90,0.0000,true,1,21125
4640018993398,false,פיניש קוואנטום למדיח,,,פיניש קוואנטום למדיח,יחידה,0.00,יחידה,false,,62.90,0.0000,true,1,21128
4710068001692,false,מאסטר קפה לאטה פחית,,,מאסטר קפה לאטה פחית,מיליליטרים,240.00,"100 מ""ל",false,,6.60,2.7500,true,1,40311
4796019790020,false,גרין קוקו - שמן קוקו,,,גרין קוקו - שמן קוקו,מיליליטרים,500.00,"100 מ""ל",false,,25.90,5.1800,true,1,75063
4891228430061,false,סכיני גילוח לאישה שי,,,סכיני גילוח לאישה שי,יחידה,0.00,יחידה,false,,30.90,0.0000,true,1,21671
4903001925784,false,רוטב סויה יאמאסה דל,,,רוטב סויה יאמאסה דל,מיליליטרים,500.00,"100 מ""ל",false,,18.90,3.7800,true,1,13035
5000157143365,false,מתבל בטעם מיונז וקטש,,,מתבל בטעם מיונז וקטש,מיליליטרים,425.00,"100 מ""ל",false,,15.90,3.7412,true,1,5293
5000159407236,false,חטיף מרס 51 גרם,,,חטיף מרס 51 גרם,,51.00,100 גרם,false,,4.50,8.8235,true,1,21059
5000159409179,false,סניקרס מיני 403 גרם,,,סניקרס מיני 403 גרם,,403.00,100 גרם,false,,24.90,6.1787,true,1,21060
5000159452663,false,חטיף מרס מארז 5*2 22,,,חטיף מרס מארז 5*2 22,,225.00,100 גרם,false,,12.90,5.7333,true,1,122301
5000159538640,false,חטיף באונטי מארז 5*2,,,חטיף באונטי מארז 5*2,,285.00,100 גרם,false,,12.90,4.5263,true,1,122303
5000189974579,false,קיט קט מיני 200 גרם,,,קיט קט מיני 200 גרם,,200.00,100 גרם,false,,10.00,5.0000,true,1,42892
5000204658187,false,קיווי נוזל נעליים שח,,,קיווי נוזל נעליים שח,מיליליטרים,75.00,"100 מ""ל",false,,13.30,17.7333,true,1,5710
5000394137486,false,סוללות דורסל רבעיות,,,סוללות דורסל רבעיות,יחידה,0.00,יחידה,false,,23.90,0.0000,true,1,212515
5000394137516,false,סוללות דורסל רבעיות,,,סוללות דורסל רבעיות,יחידה,0.00,יחידה,false,,23.90,0.0000,true,1,212516
5000394141209,false,סוללות דורסל שישיות,,,סוללות דורסל שישיות,יחידה,0.00,יחידה,false,,24.90,0.0000,true,1,212498
5010182997253,false,רייד ארוסול קוטל ג'ו,,,רייד ארוסול קוטל ג'ו,מיליליטרים,300.00,"100 מ""ל",false,,17.90,5.9667,true,1,5724
5010677551281,false,בקרדי בריזר לימון 27,,,בקרדי בריזר לימון 27,מיליליטרים,275.00,"100 מ""ל",false,,14.90,5.4182,true,1,9470
5010677551397,false,בקרדי בריזר ליים,,,בקרדי בריזר ליים,מיליליטרים,275.00,"100 מ""ל",false,,14.90,5.4182,true,1,9471
5010677552387,false,בקרדי בריזר אננס.,,,בקרדי בריזר אננס.,מיליליטרים,275.00,"100 מ""ל",false,,14.90,5.4182,true,1,9472
5010677554398,false,בקרדי בריזר אבטיח,,,בקרדי בריזר אבטיח,מיליליטרים,275.00,"100 מ""ל",false,,14.90,5.4182,true,1,9473
5029053510828,false,תחבושת אולטרה סופר+כ,,,תחבושת אולטרה סופר+כ,יחידה,0.00,יחידה,false,,19.90,0.0000,true,1,8990
5060250343741,false,הרשיז ראונדס קוקיס א,,,הרשיז ראונדס קוקיס א,,96.00,100 גרם,false,,11.90,12.3958,true,1,236234
5060250343765,false,ריזס ראונדס בוטנים 6,,,ריזס ראונדס בוטנים 6,,96.00,100 גרם,false,,11.90,12.3958,true,1,236235
5060517886486,false,מונסטר אנרג'י פחית 5,,,מונסטר אנרג'י פחית 5,מיליליטרים,500.00,"100 מ""ל",false,,7.90,1.5800,true,1,6954
5201004020338,false,קפריס רולס קלאסיק 40,,,קפריס רולס קלאסיק 40,,400.00,100 גרם,false,,19.90,4.9750,true,1,14104
5201004021328,false,קפריס רולס קלאסיק 11,,,קפריס רולס קלאסיק 11,,115.00,100 גרם,false,,9.90,8.6087,true,1,96595
5203064007625,false,תומר עוגיות שוקו צ'י,,,תומר עוגיות שוקו צ'י,,180.00,100 גרם,false,,10.90,6.0556,true,1,181711
5203064007649,false,תומר עוגיות שוקו צ'י,,,תומר עוגיות שוקו צ'י,,180.00,100 גרם,false,,10.90,6.0556,true,1,181713
5208049002473,false,*מבצע* קנט ארוך קופס,,,*מבצע* קנט ארוך קופס,יחידה,0.00,יחידה,false,,34.50,0.0000,false,1,156558
5391523058070,false,סימילאק אדוונס פלוס,,,סימילאק אדוונס פלוס,,700.00,100 גרם,false,,65.90,9.4143,true,1,29987
5391523058087,false,סימילאק אדוואנס פלוס,,,סימילאק אדוואנס פלוס,,700.00,100 גרם,false,,65.90,9.4143,true,1,29988
5410076933129,false,אריאל שושן צחור שקית,,,אריאל שושן צחור שקית,קילוגרמים,3.00,"ק""ג",false,,38.90,12.9667,true,1,27756
5410126116953,false,לוטוס ממרח ביסקוויט,,,לוטוס ממרח ביסקוויט,,400.00,100 גרם,false,,23.90,5.9750,true,1,5316
5410126666038,false,עוגיות לוטוס 279 גרם,,,עוגיות לוטוס 279 גרם,,279.00,100 גרם,false,,16.90,6.0573,true,1,5317
5410126716016,false,ביסקוויט בטעם קרמל ל,,,ביסקוויט בטעם קרמל ל,,250.00,100 גרם,false,,11.90,4.7600,true,1,5318
5410291022011,false,צ`וקטה ממרח אגוזי לו,,,צ`וקטה ממרח אגוזי לו,,350.00,100 גרם,false,,11.90,3.4000,true,1,42896
5410316983693,false,סמירנוף אייס בודד,,,סמירנוף אייס בודד,מיליליטרים,275.00,"100 מ""ל",false,,13.90,5.0545,true,1,6972
5411188110835,false,אלפרו משקה שקדים 1 ל,,,אלפרו משקה שקדים 1 ל,ליטרים,1.00,ליטר,false,,15.90,15.9000,true,1,22539
5411188115366,false,אלפרו משקה שיבולת שו,,,אלפרו משקה שיבולת שו,יחידה,0.00,יחידה,false,,15.90,0.0000,true,1,22543
5411188115472,false,אלפרו משקה סויה 1 לי,,,אלפרו משקה סויה 1 לי,ליטרים,1.00,ליטר,false,,15.90,15.9000,true,1,57494
5411188134985,false,אלפרו 3.5% שומן NOT,,,אלפרו 3.5% שומן NOT,ליטרים,1.00,ליטר,false,,13.90,13.9000,true,1,143464
5411188135005,false,אלפרו 1.8% שומן NOT,,,אלפרו 1.8% שומן NOT,ליטרים,1.00,ליטר,false,,13.90,13.9000,true,1,146413
5411188543398,false,אלפרו משקה סויה ללא,,,אלפרו משקה סויה ללא,ליטרים,1.00,ליטר,false,,15.90,15.9000,true,1,57960
5413149922907,false,אריאל אבקת כביסה קול,,,אריאל אבקת כביסה קול,קילוגרמים,5.00,"ק""ג",false,,57.90,11.5800,true,1,27775
5413149922938,false,אריאל אבקת כביסה שוש,,,אריאל אבקת כביסה שוש,קילוגרמים,5.00,"ק""ג",false,,57.90,11.5800,true,1,27776
5601008200444,false,גודיס עוגיות טבעת מצ,,,גודיס עוגיות טבעת מצ,,150.00,100 גרם,false,,6.90,4.6000,true,1,21703
5601008200468,false,גודיס עוגיות טבעת מצ,,,גודיס עוגיות טבעת מצ,,150.00,100 גרם,false,,6.90,4.6000,true,1,21705
5701932026971,false,הוט פופ פופקורן בטעם,,,הוט פופ פופקורן בטעם,,600.00,100 גרם,false,,16.90,2.8167,true,1,13042
5701932026995,false,הוט פופ פופקורן לייט,,,הוט פופ פופקורן לייט,,510.00,100 גרם,false,,16.90,3.3137,true,1,13043
5711953106590,false,ארלה גבינת שמנת שום,,,ארלה גבינת שמנת שום,,200.00,100 גרם,false,,16.90,8.4500,true,1,23662
5711953148347,false,גבינת שמנת טבעי ארלה,,,גבינת שמנת טבעי ארלה,,300.00,100 גרם,false,,23.90,7.9667,true,1,275926
5740900403215,false,ממרח לורפק עם מלח 25,,,ממרח לורפק עם מלח 25,,250.00,100 גרם,false,,19.90,7.9600,true,1,23665
5740900403222,false,ממרח לורפק עם מלח מו,,,ממרח לורפק עם מלח מו,,250.00,100 גרם,false,,19.90,7.9600,true,1,23666
5740900403253,false,ממרח לורפק עם מלח 50,,,ממרח לורפק עם מלח 50,,500.00,100 גרם,false,,29.90,5.9800,true,1,23669
5740900403260,false,ממרח לורפק ללא מלח מ,,,ממרח לורפק ללא מלח מ,,250.00,100 גרם,false,,19.90,7.9600,true,1,23670
5900020012814,false,דגני בוקר נסקוויק נס,,,דגני בוקר נסקוויק נס,,500.00,100 גרם,false,,27.90,5.5800,true,1,18650
5900020015174,false,פיטנס חטיף דגנים שוק,,,פיטנס חטיף דגנים שוק,,141.00,100 גרם,false,,17.90,12.6950,true,1,18651
5900020018908,false,פיטנס חטיף דגנים קרם,,,פיטנס חטיף דגנים קרם,,141.00,100 גרם,false,,17.90,12.6950,true,1,18652
5900020020710,false,חטיף דגנים קראנץ בר,,,חטיף דגנים קראנץ בר,,150.00,100 גרם,false,,16.90,11.2667,true,1,18654
5900020025647,false,פיטנס בר דליס שוקולד,,,פיטנס בר דליס שוקולד,,135.00,100 גרם,false,,17.90,13.2593,true,1,18661
5900020026552,false,האני נאט ציריוס נסטל,,,האני נאט ציריוס נסטל,,625.00,100 גרם,false,,27.90,4.4640,true,1,18666
5900020032539,false,חטיף דגנים  שוקולד פ,,,חטיף דגנים  שוקולד פ,,188.00,100 גרם,false,,16.90,8.9894,true,1,123823
5900020033314,false,חטיף דגנים ליון נסטל,,,חטיף דגנים ליון נסטל,,150.00,100 גרם,false,,16.90,11.2667,true,1,18672
5900020034021,false,פיטנס חטיף דגנים שוק,,,פיטנס חטיף דגנים שוק,,141.00,100 גרם,false,,16.90,11.9858,true,1,18673
5900020034991,false,קראנץ' צדפים בטעם שו,,,קראנץ' צדפים בטעם שו,,450.00,100 גרם,false,,27.90,6.2000,true,1,18674
5900020039620,false,חטיף דגנים שקדים ודב,,,חטיף דגנים שקדים ודב,,141.00,100 גרם,false,,17.90,12.6950,true,1,170401
5902768862553,true,עוגיות בוגטי שוקולד,,,עוגיות בוגטי שוקולד,,155.00,100 גרם,false,,5.90,3.8065,true,1,52555
5902768862683,true,עוגיות טוויט שוקולד,,,עוגיות טוויט שוקולד,,155.00,100 גרם,false,,5.90,3.8065,true,1,52556
5902768865677,true,עוגיות שוקולד צ'יפס,,,עוגיות שוקולד צ'יפס,,150.00,100 גרם,false,,5.90,3.9333,true,1,52558
5904941750312,false,בלו בודד מוחיטו 250,,,בלו בודד מוחיטו 250,מיליליטרים,250.00,"100 מ""ל",false,,4.50,1.8000,true,1,1809
5904941751302,false,בלו משקה אנרגיה 250,,,בלו משקה אנרגיה 250,מיליליטרים,250.00,"100 מ""ל",false,,4.50,1.8000,true,1,1810
5904941751715,false,בלו משקה אנרגיה קרנב,,,בלו משקה אנרגיה קרנב,מיליליטרים,250.00,"100 מ""ל",false,,4.50,1.8000,true,1,1812
5906485301012,false,אקס אל משקה אנרגיה 2,,,אקס אל משקה אנרגיה 2,מיליליטרים,250.00,"100 מ""ל",false,,4.90,1.9600,true,1,9481
5941021011147,false,טבלת היידי גראנדור פ,,,טבלת היידי גראנדור פ,,100.00,100 גרם,false,,11.90,11.9000,true,1,236012
6111094000198,false,קוסקוס דק דארי 350 ג,,,קוסקוס דק דארי 350 ג,,350.00,100 גרם,false,,8.90,2.5429,true,1,25394
6111094000808,false,קוסקוס בינוני דארי 1,,,קוסקוס בינוני דארי 1,קילוגרמים,1.10,"ק""ג",false,,17.90,16.2727,true,1,25398
6820180058110,false,כף אשפה פלסטיק,,,כף אשפה פלסטיק,יחידה,0.00,יחידה,false,,6.90,0.0000,true,1,200471
6902176502491,false,סלק  אדום בוואקום 50,,,סלק  אדום בוואקום 50,,500.00,100 גרם,false,,5.90,1.1800,true,1,249012
6910191800287,false,אצות נורי לסושי מזרח,,,אצות נורי לסושי מזרח,,25.00,100 גרם,false,,11.90,47.6000,true,1,48345
6920190410011,false,נייר מאפינס לאפייה ו,,,נייר מאפינס לאפייה ו,יחידה,0.00,יחידה,false,,12.90,0.0000,true,1,13423
6980531007584,false,קולפן מטאלי איכותי,,,קולפן מטאלי איכותי,יחידה,0.00,יחידה,false,,25.90,0.0000,true,1,261647
7271730901261,false,ארוחת אטריות וואקי מ,,,ארוחת אטריות וואקי מ,,156.00,100 גרם,false,,11.90,7.6282,true,1,37726
7290000000978,true,חסה כשר,,,חסה כשר,יח',1.00,יח',false,,6.90,6.9000,true,1,48507
7290000000985,true,פטרוזיליה כשר,,,פטרוזיליה כשר,יח',1.00,יח',false,,5.90,5.9000,true,1,48508
7290000001524,true,בצל ירוק כשר,,,בצל ירוק כשר,יח',1.00,יח',false,,6.90,6.9000,true,1,48509
7290000001586,true,שמיר כשר,,,שמיר כשר,יח',1.00,יח',false,,5.90,5.9000,true,1,48511
7290000001593,true,נענע כשר,,,נענע כשר,יח',1.00,יח',false,,5.90,5.9000,true,1,48512
7290000001609,true,מנגולד כשר,,,מנגולד כשר,יח',1.00,יח',false,,6.90,6.9000,true,1,48513
7290000002021,false,רוגלך פרווה,,,רוגלך פרווה,קילוגרמים,1.00,"ק""ג",true,,43.00,43.0000,true,1,2452
7290000002022,false,פרווה ביס שוקולד/מאפ,,,פרווה ביס שוקולד/מאפ,קילוגרמים,1.00,"ק""ג",true,,43.00,43.0000,true,1,2453
7290000003835,false,סטייק פרגית פרוס טרי,,,סטייק פרגית פרוס טרי,קילוגרמים,1.00,"ק""ג",true,,59.90,59.9000,true,1,93897
7290000004444,false,שקיות גופיה  20 מקרו,,,שקיות גופיה  20 מקרו,יחידה,0.00,יחידה,false,,0.10,0.0000,true,1,252901
7290000009350,false,בשר טחון טרי,,,בשר טחון טרי,קילוגרמים,1.00,"ק""ג",true,,37.90,37.9000,true,1,264998
7290000009359,false,כתף חלק טרי,,,כתף חלק טרי,קילוגרמים,1.00,"ק""ג",true,,64.90,64.9000,true,1,265491
7290000009366,false,פילה מדומה טרי,,,פילה מדומה טרי,קילוגרמים,1.00,"ק""ג",true,,74.90,74.9000,true,1,265458
7290000009367,false,פילה מדומה חלק טרי,,,פילה מדומה חלק טרי,קילוגרמים,1.00,"ק""ג",true,,74.90,74.9000,true,1,265655
7290000009375,false,אנטריקוט חלק טרי,,,אנטריקוט חלק טרי,קילוגרמים,1.00,"ק""ג",true,,129.90,129.9000,true,1,266020
7290000009396,false,אסאדו ע.ע חלק טרי,,,אסאדו ע.ע חלק טרי,קילוגרמים,1.00,"ק""ג",true,,69.90,69.9000,true,1,266193
7290000011593,false,שזיף,,,שזיף,קילוגרמים,1.00,"ק""ג",true,,19.90,19.9000,true,1,51722
7290000021003,false,עוף טרי שלם,,,עוף טרי שלם,קילוגרמים,1.00,"ק""ג",true,,19.90,19.9000,true,1,27047
7290000023809,false,קלאסיק קברנה סובניון,,,קלאסיק קברנה סובניון,מיליליטרים,750.00,"100 מ""ל",false,,35.50,4.7333,true,1,9502
7290000024523,false,תירוש של סגל 1 ליטר,,,תירוש של סגל 1 ליטר,ליטרים,1.00,ליטר,false,,15.90,15.9000,true,1,9520
7290000026806,false,קרפיון נקי טרי,,,קרפיון נקי טרי,קילוגרמים,1.00,"ק""ג",true,,37.90,37.9000,true,1,48737
7290000032665,false,רוטב עגבניות 28% ברי,,,רוטב עגבניות 28% ברי,,580.00,100 גרם,false,,8.50,1.4655,true,1,8788
7290000040042,false,יופלה תות שובב 3% 15,,,יופלה תות שובב 3% 15,מיליליטרים,150.00,"100 מ""ל",false,,5.50,3.6667,true,1,26200
7290000040066,false,יופלה דובדבן פראי 3%,,,יופלה דובדבן פראי 3%,מיליליטרים,150.00,"100 מ""ל",false,,5.50,3.6667,true,1,26201
7290000040080,false,יופלה אפרסק מאוהב 3%,,,יופלה אפרסק מאוהב 3%,מיליליטרים,150.00,"100 מ""ל",false,,5.50,3.6667,true,1,26202
7290000040974,false,חלב תנובה קרטון דל ל,,,חלב תנובה קרטון דל ל,ליטרים,1.00,ליטר,false,,7.50,7.5000,true,1,26207
7290000041445,false,"קוטג' 5% תנובה בד""צ",,,"קוטג' 5% תנובה בד""צ",,250.00,100 גרם,false,,5.70,2.2800,true,1,26209
7290000042435,false,חלב תנובה בקרטון 1%,,,חלב תנובה בקרטון 1%,ליטרים,1.00,ליטר,false,,5.86,5.8600,true,1,26218
7290000042855,false,יטבתה שוקו שקית 225,,,יטבתה שוקו שקית 225,מיליליטרים,225.00,"100 מ""ל",false,,2.90,1.2889,true,1,23676
7290000043012,false,שוק שוקו עמיד 2% בקר,,,שוק שוקו עמיד 2% בקר,מיליליטרים,250.00,"100 מ""ל",false,,4.90,1.9600,true,1,26225
7290000043814,false,שף לבן שמנת לקצפת עמ,,,שף לבן שמנת לקצפת עמ,מיליליטרים,250.00,"100 מ""ל",false,,6.47,2.5880,true,1,26228
7290000043890,false,ריויון 1.5% 1ל,,,ריויון 1.5% 1ל,ליטרים,1.00,ליטר,false,,11.50,11.5000,true,1,26229
7290000044880,false,באדי תות 3% 500מל,,,באדי תות 3% 500מל,מיליליטרים,500.00,"100 מ""ל",false,,9.50,1.9000,true,1,26236
7290000046327,false,גלבוע גבינה פרוסה 22,,,גלבוע גבינה פרוסה 22,,200.00,100 גרם,false,,13.30,6.6500,true,1,26242
7290000047546,false,שף לבן כנען 5% 500ג,,,שף לבן כנען 5% 500ג,,500.00,100 גרם,false,,24.90,4.9800,true,1,26243
7290000047942,false,תנובה גבינה לבנה 9%,,,תנובה גבינה לבנה 9%,,250.00,100 גרם,false,,4.80,1.9200,true,1,26245
7290000048185,false,גבינה לבנה רכה 5% תנ,,,גבינה לבנה רכה 5% תנ,,250.00,100 גרם,false,,4.98,1.9920,true,1,26246
7290000048192,false,גבינה לבנה רכה 9% בד,,,גבינה לבנה רכה 9% בד,,250.00,100 גרם,false,,4.80,1.9200,true,1,26247
7290000048413,false,פיראוס חמד 16% 250ג,,,פיראוס חמד 16% 250ג,,250.00,100 גרם,false,,19.90,7.9600,true,1,26249
7290000048437,false,פיראוס צפתית 5% 200,,,פיראוס צפתית 5% 200,,200.00,100 גרם,false,,14.90,7.4500,true,1,26250
7290000050447,false,יופלהYYY תות 3% 500מ,,,יופלהYYY תות 3% 500מ,מיליליטרים,500.00,"100 מ""ל",false,,13.80,2.7600,true,1,26257
7290000051307,false,חלב תנובה הפ.אוכל עו,,,חלב תנובה הפ.אוכל עו,מיליליטרים,150.00,"100 מ""ל",false,,9.90,6.6000,true,1,26263
7290000051376,false,יופלה דיאט אננס ספור,,,יופלה דיאט אננס ספור,מיליליטרים,150.00,"100 מ""ל",false,,5.50,3.6667,true,1,26265
7290000051710,false,פיראוס לאבנה עם שמן,,,פיראוס לאבנה עם שמן,,263.00,100 גרם,false,,14.90,5.6654,true,1,26267
7290000052311,false,עמק מהדרין 15% 200 ג,,,עמק מהדרין 15% 200 ג,,200.00,100 גרם,false,,16.20,8.1000,true,1,26272
7290000052946,false,יופלה בדץ מעודן 8*15,,,יופלה בדץ מעודן 8*15,ליטרים,1.20,ליטר,false,,21.90,18.2500,true,1,26277
7290000053981,false,מאגדת יופלה תות ואפר,,,מאגדת יופלה תות ואפר,קילוגרמים,1.20,"ק""ג",false,,26.90,22.4167,true,1,26280
7290000055329,false,יופלה משקה יוגורט תו,,,יופלה משקה יוגורט תו,מיליליטרים,250.00,"100 מ""ל",false,,6.50,2.6000,true,1,26288
7290000055336,false,יופלה משקה יוגורט בנ,,,יופלה משקה יוגורט בנ,מיליליטרים,250.00,"100 מ""ל",false,,6.50,2.6000,true,1,26289
7290000055343,false,יופלה משקה יוגורט טר,,,יופלה משקה יוגורט טר,מיליליטרים,250.00,"100 מ""ל",false,,6.50,2.6000,true,1,26290
7290000055893,false,חמאה מהדרין תנובה 20,,,חמאה מהדרין תנובה 20,,200.00,100 גרם,false,,7.88,3.9400,true,1,26296
7290000056883,false,יופלה טעמים משתנים 3,,,יופלה טעמים משתנים 3,קילוגרמים,1.20,"ק""ג",false,,30.90,25.7500,true,1,26305
7290000056906,false,יופלה לבן 1.5% 8*150,,,יופלה לבן 1.5% 8*150,ליטרים,1.20,ליטר,false,,17.90,14.9167,true,1,26307
7290000056951,false,שף לבן שמנת לבישול +,,,שף לבן שמנת לבישול +,מיליליטרים,500.00,"100 מ""ל",false,,16.90,3.3800,true,1,26309
7290000057088,false,עמק דק דק 28% 200גר,,,עמק דק דק 28% 200גר,,200.00,100 גרם,false,,16.90,8.4500,true,1,26312
7290000057118,false,עמק  סמי  28% 400 גר,,,עמק  סמי  28% 400 גר,,400.00,100 גרם,false,,22.90,5.7250,true,1,26313
7290000057132,false,תנובה יוגורט טבעי 1.,,,תנובה יוגורט טבעי 1.,מיליליטרים,200.00,"100 מ""ל",false,,3.50,1.7500,true,1,26314
7290000057149,false,תנובה יוגורט טבעי 3%,,,תנובה יוגורט טבעי 3%,,200.00,100 גרם,false,,3.50,1.7500,true,1,26315
7290000058030,false,יופלה שטוזים משקה יו,,,יופלה שטוזים משקה יו,מיליליטרים,800.00,"100 מ""ל",false,,20.90,2.6125,true,1,26320
7290000058047,false,שף לבן שמנת מתוקה מה,,,שף לבן שמנת מתוקה מה,מיליליטרים,500.00,"100 מ""ל",false,,12.94,2.5880,true,1,26321
7290000058979,false,"גיל בטעם תות בד""צ 3%",,,"גיל בטעם תות בד""צ 3%",,125.00,100 גרם,false,,1.90,1.5200,true,1,26327
7290000060071,false,חטיפי פריכונים מאורז,,,חטיפי פריכונים מאורז,,80.00,100 גרם,false,,8.90,11.1250,true,1,18681
7290000060200,false,פתיתים אפויים קוסקוס,,,פתיתים אפויים קוסקוס,,500.00,100 גרם,false,,7.90,1.5800,true,1,18686
7290000060217,false,פסטה מקרוני אסם 500,,,פסטה מקרוני אסם 500,,500.00,100 גרם,false,,6.90,1.3800,true,1,18687
7290000060248,false,פסטה תלתלים אסם 500,,,פסטה תלתלים אסם 500,,500.00,100 גרם,false,,6.90,1.3800,true,1,18688
7290000060316,false,פסטה ספגטי פרפקטו 50,,,פסטה ספגטי פרפקטו 50,,500.00,100 גרם,false,,7.90,1.5800,true,1,18690
7290000060330,false,פסטה ספירלי פרפקטו 5,,,פסטה ספירלי פרפקטו 5,,500.00,100 גרם,false,,7.90,1.5800,true,1,18692
7290000060415,false,לזאניה פרפקטו  500 ג,,,לזאניה פרפקטו  500 ג,,500.00,100 גרם,false,,15.90,3.1800,true,1,18695
7290000060576,false,פתיתים אפויים כוכבים,,,פתיתים אפויים כוכבים,,500.00,100 גרם,false,,7.90,1.5800,true,1,18701
7290000060880,false,ספגטי אסם 500 גרם,,,ספגטי אסם 500 גרם,,500.00,100 גרם,false,,6.90,1.3800,true,1,18707
7290000060903,false,פתיתים אפויים אורז א,,,פתיתים אפויים אורז א,,500.00,100 גרם,false,,7.90,1.5800,true,1,18708
7290000060958,false,אטריות בינוניות אסם,,,אטריות בינוניות אסם,,400.00,100 גרם,false,,7.90,1.9750,true,1,18710
7290000061085,false,אסם רוטב צ'ילי מתוק,,,אסם רוטב צ'ילי מתוק,מיליליטרים,290.00,"100 מ""ל",false,,12.90,4.4483,true,1,18714
7290000061108,false,רוטב טריאקי אסם 290,,,רוטב טריאקי אסם 290,מיליליטרים,290.00,"100 מ""ל",false,,12.90,4.4483,true,1,18715
7290000061450,false,פתיתים קוסקוס 3 צבעי,,,פתיתים קוסקוס 3 צבעי,,500.00,100 גרם,false,,7.90,1.5800,true,1,18719
7290000061764,false,נס קפה רד מאג טעם חד,,,נס קפה רד מאג טעם חד,,200.00,100 גרם,false,,23.90,11.9500,true,1,18720
7290000062952,false,מיני קרוטונים למרק ו,,,מיני קרוטונים למרק ו,,250.00,100 גרם,false,,16.90,6.7600,true,1,18726
7290000063133,false,שקדי מרק רכיבים טבעי,,,שקדי מרק רכיבים טבעי,,100.00,100 גרם,false,,6.50,6.5000,true,1,18730
7290000063157,false,קמח עוגה תופח מאליו,,,קמח עוגה תופח מאליו,קילוגרמים,1.00,"ק""ג",false,,10.00,10.0000,true,1,18732
7290000064758,false,קוסקוס אמיתי אסם 350,,,קוסקוס אמיתי אסם 350,,350.00,100 גרם,false,,8.90,2.5429,true,1,18742
7290000064871,false,"מנה חמה פירה תפו""א ו",,,"מנה חמה פירה תפו""א ו",,56.00,100 גרם,false,,6.90,12.3214,true,1,18743
7290000065063,false,פילה סלמון  1400-100,,,פילה סלמון  1400-100,קילוגרמים,1.00,"ק""ג",true,,64.90,64.9000,true,1,52259
7290000065090,false,מיני קרוטונים למרק ו,,,מיני קרוטונים למרק ו,,400.00,100 גרם,false,,27.00,6.7500,true,1,18744
7290000065557,false,מנה חמה קוסקוס וירקו,,,מנה חמה קוסקוס וירקו,,84.00,100 גרם,false,,6.90,8.2143,true,1,18748
7290000066141,false,ביסלי גריל 70 גר'.,,,ביסלי גריל 70 גר'.,,70.00,100 גרם,false,,4.90,7.0000,true,1,18756
7290000066196,false,ביסלי גריל 200גרם,,,ביסלי גריל 200גרם,,200.00,100 גרם,false,,7.90,3.9500,true,1,18761
7290000066264,false,דובונים 40גרם,,,דובונים 40גרם,,40.00,100 גרם,false,,5.50,13.7500,true,1,18765
7290000066295,false,במבה מתוקה מחומרים ט,,,במבה מתוקה מחומרים ט,,30.00,100 גרם,false,,2.90,9.6667,true,1,18766
7290000066318,false,במבה קלאסי 80 גרם,,,במבה קלאסי 80 גרם,,80.00,100 גרם,false,,4.90,6.1250,true,1,18768
7290000066332,false,אפרופו 50 גרם,,,אפרופו 50 גרם,,50.00,100 גרם,false,,5.50,11.0000,true,1,18769
7290000066431,false,פופקו חמאה ודבש 80גר,,,פופקו חמאה ודבש 80גר,,80.00,100 גרם,false,,5.90,7.3750,true,1,18771
7290000067407,false,פירורית מתובל שקית 2,,,פירורית מתובל שקית 2,,200.00,100 גרם,false,,6.50,3.2500,true,1,18778
7290000067544,false,אסם פירורית פירורי ל,,,אסם פירורית פירורי ל,,200.00,100 גרם,false,,6.50,3.2500,true,1,18780
7290000067599,false,מנה חמה ספגטי בולונז,,,מנה חמה ספגטי בולונז,,65.00,100 גרם,false,,6.90,10.6154,true,1,18784
7290000068138,false,אסם פודינג אינסטנט ו,,,אסם פודינג אינסטנט ו,,80.00,100 גרם,false,,6.50,8.1250,true,1,18790
7290000068701,false,שקדי מרק במיכל אסם 4,,,שקדי מרק במיכל אסם 4,,400.00,100 גרם,false,,16.90,4.2250,true,1,18801
7290000068770,false,במבה יום הולדת 80גרם,,,במבה יום הולדת 80גרם,,80.00,100 גרם,false,,4.90,6.1250,true,1,18802
7290000068787,false,במבה יום הולדת 25גרם,,,במבה יום הולדת 25גרם,,25.00,100 גרם,false,,2.90,11.6000,true,1,18803
7290000069364,false,פריכונים מאורז מלא ל,,,פריכונים מאורז מלא ל,,140.00,100 גרם,false,,7.90,5.6429,true,1,18808
7290000069609,false,אסם חטיפי קרקר זעתר,,,אסם חטיפי קרקר זעתר,,300.00,100 גרם,false,,12.90,4.3000,true,1,18811
7290000069715,false,אסם חטיפי קרקר מלוח,,,אסם חטיפי קרקר מלוח,,300.00,100 גרם,false,,12.90,4.3000,true,1,18813
7290000070322,false,אבקת מרק פטריות רכיב,,,אבקת מרק פטריות רכיב,,400.00,100 גרם,false,,29.50,7.3750,true,1,18819
7290000070919,false,בייגלה אסם רשתות מלח,,,בייגלה אסם רשתות מלח,,400.00,100 גרם,false,,14.90,3.7250,true,1,18828
7290000071008,false,בייגלה אסם שטוחים מל,,,בייגלה אסם שטוחים מל,,60.00,100 גרם,false,,3.90,6.5000,true,1,18829
7290000072623,false,אסם קטשופ בקבוק לחיץ,,,אסם קטשופ בקבוק לחיץ,,750.00,100 גרם,false,,11.90,1.5867,true,1,18836
7290000072630,false,אסם קטשופ חריף 750 ג,,,אסם קטשופ חריף 750 ג,,750.00,100 גרם,false,,11.90,1.5867,true,1,18837
7290000072753,false,נס קפה טייסטרס צ'ויס,,,נס קפה טייסטרס צ'ויס,,200.00,100 גרם,false,,32.90,16.4500,true,1,18839
7290000072784,false,טייסטרס צוייס נטול ק,,,טייסטרס צוייס נטול ק,,100.00,100 גרם,false,,30.10,30.1000,true,1,18842
7290000072968,false,סיני מיניס דגני נסטל,,,סיני מיניס דגני נסטל,יחידה,500.00,יחידה,false,,27.90,0.0558,true,1,18847
7290000073125,false,מנה חמה פסטה עם עגבנ,,,מנה חמה פסטה עם עגבנ,,62.00,100 גרם,false,,6.90,11.1290,true,1,18848
7290000074184,false,אסם פתי בר 500גרם,,,אסם פתי בר 500גרם,,500.00,100 גרם,false,,10.90,2.1800,true,1,18859
7290000074245,false,אסם קרם קרקר 250גרם,,,אסם קרם קרקר 250גרם,,250.00,100 גרם,false,,10.90,4.3600,true,1,18860
7290000074276,false,טבעון קרקר פיקנטי 25,,,טבעון קרקר פיקנטי 25,,250.00,100 גרם,false,,10.90,4.3600,true,1,18862
7290000074481,false,לחמית אגוזים 160גרם,,,לחמית אגוזים 160גרם,,160.00,100 גרם,false,,11.90,7.4375,true,1,18867
7290000074696,false,אסם קרם קרקר 1קג,,,אסם קרם קרקר 1קג,קילוגרמים,1.00,"ק""ג",false,,24.90,24.9000,true,1,18869
7290000074764,false,קרקר זהב אסם 900 גרם,,,קרקר זהב אסם 900 גרם,,900.00,100 גרם,false,,24.90,2.7667,true,1,18873
7290000075204,false,לחמית חיטה מלאה 250ג,,,לחמית חיטה מלאה 250ג,,250.00,100 גרם,false,,9.90,3.9600,true,1,18877
7290000075693,false,עוגת שמרים בריוש שוק,,,עוגת שמרים בריוש שוק,,360.00,100 גרם,false,,15.90,4.4167,true,1,18878
7290000077253,false,לחמית כפרית 190גרם,,,לחמית כפרית 190גרם,,190.00,100 גרם,false,,11.90,6.2632,true,1,18885
7290000078762,false,חטיפי פריכונים אורז,,,חטיפי פריכונים אורז,,80.00,100 גרם,false,,8.90,11.1250,true,1,18890
7290000100300,false,לחם מחמצת טוסקני כפר,,,לחם מחמצת טוסקני כפר,,530.00,100 גרם,false,,17.90,3.3774,true,1,2505
7290000103860,false,סנפרוסט מרק עדשים קפ,,,סנפרוסט מרק עדשים קפ,,572.00,100 גרם,false,,19.90,3.4790,true,1,25991
7290000104201,false,אפונה עדינה סנפרוסט,,,אפונה עדינה סנפרוסט,,600.00,100 גרם,false,,19.90,3.3167,true,1,25997
7290000104713,false,פול ירוק 800גר,,,פול ירוק 800גר,,800.00,100 גרם,false,,26.90,3.3625,true,1,26005
7290000104720,false,שעועית ירוקה חתוכה ס,,,שעועית ירוקה חתוכה ס,,800.00,100 גרם,false,,20.90,2.6125,true,1,26006
7290000104775,false,תרד מדליונים 800גר,,,תרד מדליונים 800גר,,800.00,100 גרם,false,,27.90,3.4875,true,1,26011
7290000104805,false,גרגירי חומוס קפוא 80,,,גרגירי חומוס קפוא 80,,800.00,100 גרם,false,,20.90,2.6125,true,1,26013
7290000104881,false,אפונה וגזר 800 גרם ס,,,אפונה וגזר 800 גרם ס,,800.00,100 גרם,false,,17.90,2.2375,true,1,26018
7290000107165,false,פולי סויה אדממה קפוא,,,פולי סויה אדממה קפוא,,400.00,100 גרם,false,,14.90,3.7250,true,1,26027
7290000107295,false,תפרחות ברוקולי 800ג,,,תפרחות ברוקולי 800ג,,800.00,100 גרם,false,,28.90,3.6125,true,1,26029
7290000111063,false,מיונז אמיתי 250 ג צנ,,,מיונז אמיתי 250 ג צנ,,250.00,100 גרם,false,,8.90,3.5600,true,1,10386
7290000111186,false,מיונז אמיתי תלמה 500,,,מיונז אמיתי תלמה 500,,500.00,100 גרם,false,,10.40,2.0800,true,1,10389
7290000111353,false,מיונז 1 קג,,,מיונז 1 קג,קילוגרמים,1.00,"ק""ג",false,,17.90,17.9000,true,1,10391
7290000111360,false,חרדל אמיתי 250 גרם מ,,,חרדל אמיתי 250 גרם מ,,250.00,100 גרם,false,,7.90,3.1600,true,1,10392
7290000112220,false,בארכה טחינה 100% שומ,,,בארכה טחינה 100% שומ,,500.00,100 גרם,false,,15.90,3.1800,true,1,18897
7290000112497,false,מרק עשיר עוף עם אטרי,,,מרק עשיר עוף עם אטרי,,68.00,100 גרם,false,,11.90,17.5000,true,1,10395
7290000112503,false,מרק עשיר ירקות קנור,,,מרק עשיר ירקות קנור,,61.00,100 גרם,false,,11.90,19.5082,true,1,10396
7290000116204,false,מרק דגש עוף קנור 1 ק,,,מרק דגש עוף קנור 1 ק,קילוגרמים,1.00,"ק""ג",false,,16.90,16.9000,true,1,10410
7290000116884,false,רוטב ברביקיו קנור 20,,,רוטב ברביקיו קנור 20,מיליליטרים,200.00,"100 מ""ל",false,,13.90,6.9500,true,1,10411
7290000116945,false,רוטב סויה קנור 300מל,,,רוטב סויה קנור 300מל,מיליליטרים,300.00,"100 מ""ל",false,,13.90,4.6333,true,1,10413
7290000117720,false,מרק נמס בכוס פטריות,,,מרק נמס בכוס פטריות,,43.00,100 גרם,false,,7.90,18.3721,true,1,10419
7290000118277,false,קנור קניידלך 2* 65 ג,,,קנור קניידלך 2* 65 ג,,130.00,100 גרם,false,,12.90,9.9231,true,1,10423
7290000121031,false,מון בלאן גבינת חתול,,,מון בלאן גבינת חתול,,120.00,100 גרם,false,,11.90,9.9167,true,1,17011
7290000121093,false,מון בלאן שויצרית 7%,,,מון בלאן שויצרית 7%,,120.00,100 גרם,false,,12.90,10.7500,true,1,17014
7290000121109,false,מון בלאן זיתים 7% 12,,,מון בלאן זיתים 7% 12,,120.00,100 גרם,false,,12.90,10.7500,true,1,17015
7290000129457,false,רוטב פטריות 28גר,,,רוטב פטריות 28גר,,28.00,100 גרם,false,,5.50,19.6429,true,1,10457
7290000134352,false,טעם וריח קימנון טחון,,,טעם וריח קימנון טחון,,80.00,100 גרם,false,,11.80,14.7500,true,1,43311
7290000134871,false,טעם וריח ת. פלפל שחו,,,טעם וריח ת. פלפל שחו,,100.00,100 גרם,false,,16.90,16.9000,true,1,43327
7290000134970,false,תבלין חוואייג טעם ור,,,תבלין חוואייג טעם ור,,100.00,100 גרם,false,,10.80,10.8000,true,1,43328
7290000135045,false,אקס אל TEN פחית תפוח,,,אקס אל TEN פחית תפוח,מיליליטרים,250.00,"100 מ""ל",false,,4.90,1.9600,true,1,9544
7290000135052,false,אקס אל TEN פחית מנגו,,,אקס אל TEN פחית מנגו,מיליליטרים,250.00,"100 מ""ל",false,,4.90,1.9600,true,1,9545
7290000135342,false,"סודה טמפו 500 מ""ל בק",,,"סודה טמפו 500 מ""ל בק",מיליליטרים,500.00,"100 מ""ל",false,,3.90,0.7800,true,1,134435
7290000135465,false,מארז תריסר סודה טמפו,,,מארז תריסר סודה טמפו,ליטרים,6.00,100 ליטר,false,,30.90,515.0000,true,1,130995
7290000136141,false,פפסי קולה 1.5 ליטר,,,פפסי קולה 1.5 ליטר,ליטרים,1.50,ליטר,false,,8.50,5.6667,true,1,172323
7290000136165,false,מירינדה 1.5 ליטר,,,מירינדה 1.5 ליטר,ליטרים,1.50,ליטר,false,,8.50,5.6667,true,1,172277
7290000136189,false,סבן אפ דיאט 1.5 ליטר,,,סבן אפ דיאט 1.5 ליטר,ליטרים,1.50,ליטר,false,,8.50,5.6667,true,1,172261
7290000136295,false,סיידר הגליל JUICER ס,,,סיידר הגליל JUICER ס,מיליליטרים,330.00,"100 מ""ל",false,,13.60,4.1212,true,1,243906
7290000136523,false,ג`אמפ ענבים 1.5 ליטר,,,ג`אמפ ענבים 1.5 ליטר,ליטרים,1.50,ליטר,false,,7.90,5.2667,true,1,172086
7290000136561,false,ג`אמפ תות בננה 1.5 ל,,,ג`אמפ תות בננה 1.5 ל,ליטרים,1.50,ליטר,false,,7.90,5.2667,true,1,172087
7290000136585,false,ג`אמפ תפוז 1.5 ליטר,,,ג`אמפ תפוז 1.5 ליטר,ליטרים,1.50,ליטר,false,,7.90,5.2667,true,1,172070
7290000136646,false,נשר מאלט 1.5 ליטר,,,נשר מאלט 1.5 ליטר,ליטרים,1.50,ליטר,false,,9.50,6.3333,true,1,171978
7290000136653,false,נשר מאלט דיאט 1.5 לי,,,נשר מאלט דיאט 1.5 לי,ליטרים,1.50,ליטר,false,,9.50,6.3333,true,1,171979
7290000136660,false,טמפו סודה 1.5 ליטר,,,טמפו סודה 1.5 ליטר,ליטרים,1.50,ליטר,false,,4.50,3.0000,true,1,172191
7290000136677,false,פפסי קולה 1.5 ליטר,,,פפסי קולה 1.5 ליטר,ליטרים,1.50,ליטר,false,,8.50,5.6667,true,1,172324
7290000136684,false,פפסי מקס 1.5 ליטר,,,פפסי מקס 1.5 ליטר,ליטרים,1.50,ליטר,false,,8.50,5.6667,true,1,172340
7290000136790,false,טמפו סודה 6*1.5 ליטר,,,טמפו סודה 6*1.5 ליטר,ליטרים,9.00,ליטר,false,,19.60,2.1778,true,1,172117
7290000136844,false,אקווה נובה 6*2 ליטר,,,אקווה נובה 6*2 ליטר,ליטרים,12.00,ליטר,false,,12.90,1.0750,true,1,172007
7290000136851,false,סבן אפ 1.5 ליטר,,,סבן אפ 1.5 ליטר,ליטרים,1.50,ליטר,false,,8.50,5.6667,true,1,172309
7290000136868,false,מים סאן בנדטו 6* 1.5,,,מים סאן בנדטו 6* 1.5,ליטרים,9.00,ליטר,false,,19.70,2.1889,true,1,172022
7290000136875,false,סאן בנדטו מים מינרלי,,,סאן בנדטו מים מינרלי,ליטרים,9.00,ליטר,false,,20.90,2.3222,true,1,172101
7290000136936,false,סבן אפ דיאט 1.5 ליטר,,,סבן אפ דיאט 1.5 ליטר,ליטרים,1.50,ליטר,false,,8.10,5.4000,true,1,172263
7290000137513,false,קרמיסימו גלידונית ש.,,,קרמיסימו גלידונית ש.,,700.00,100 גרם,false,,50.90,7.2714,true,1,4276
7290000143293,false,מרכך הוואי ילדים מתי,,,מרכך הוואי ילדים מתי,מיליליטרים,700.00,"100 מ""ל",false,,10.90,1.5571,true,1,8249
7290000144160,false,שמן זית כתית מעולה א,,,שמן זית כתית מעולה א,מיליליטרים,750.00,"100 מ""ל",false,,35.90,4.7867,true,1,29868
7290000144467,false,שמן חמניות בריאות מה,,,שמן חמניות בריאות מה,ליטרים,1.00,ליטר,false,,16.90,16.9000,true,1,29871
7290000144474,false,שמן קנולה בריאות עץ,,,שמן קנולה בריאות עץ,ליטרים,1.00,ליטר,false,,16.90,16.9000,true,1,29872
7290000146928,false,משחת שיניים טעם ענבי,,,משחת שיניים טעם ענבי,מיליליטרים,50.00,"100 מ""ל",false,,7.90,15.8000,true,1,8260
7290000146997,false,משחת שיניים טום וגרי,,,משחת שיניים טום וגרי,מיליליטרים,50.00,"100 מ""ל",false,,7.90,15.8000,true,1,8261
7290000152943,false,עוף טוב סלמי פסטרמה,,,עוף טוב סלמי פסטרמה,,700.00,100 גרם,false,,30.90,4.4143,true,1,19928
7290000169538,false,נמס בכוס עגבניות וקר,,,נמס בכוס עגבניות וקר,,62.00,100 גרם,false,,7.90,12.7419,true,1,10565
7290000169798,false,עוגי מופחת סוכר 20%,,,עוגי מופחת סוכר 20%,,500.00,100 גרם,false,,23.90,4.7800,true,1,10569
7290000174723,false,שוקולית 500 גרם,,,שוקולית 500 גרם,,500.00,100 גרם,false,,13.90,2.7800,true,1,22562
7290000176079,false,טורקי עלית קפה עם הל,,,טורקי עלית קפה עם הל,,100.00,100 גרם,false,,10.50,10.5000,true,1,22565
7290000176413,false,עלית נמס 50 גר',,,עלית נמס 50 גר',,50.00,100 גרם,false,,10.40,20.8000,true,1,22570
7290000176420,false,קפה נמס עלית פחית 20,,,קפה נמס עלית פחית 20,,200.00,100 גרם,false,,22.90,11.4500,true,1,22571
7290000176468,false,האג קפה נטול קפאין 5,,,האג קפה נטול קפאין 5,,50.00,100 גרם,false,,10.90,21.8000,true,1,22572
7290000178707,false,תפוציפס טבעי 50 גרם,,,תפוציפס טבעי 50 גרם,,50.00,100 גרם,false,,4.30,8.6000,true,1,24620
7290000178721,false,תפוציפס טבעי 200 גרם,,,תפוציפס טבעי 200 גרם,,200.00,100 גרם,false,,10.90,5.4500,true,1,24622
7290000185590,false,סילאן 100% תמרים טבע,,,סילאן 100% תמרים טבע,,635.00,100 גרם,false,,19.90,3.1339,true,1,280206
7290000188591,false,מגן תחתון סילק יאנג,,,מגן תחתון סילק יאנג,יחידה,0.00,יחידה,false,,19.90,0.0000,true,1,9054
7290000189079,false,ניקול תבניות אינגליש,,,ניקול תבניות אינגליש,יחידה,0.00,יחידה,false,,12.90,0.0000,true,1,9059
7290000189116,false,ניקול תבניות עגולות,,,ניקול תבניות עגולות,יחידה,0.00,יחידה,false,,12.90,0.0000,true,1,9060
7290000189192,false,ניקול מטלית חכמה יומ,,,ניקול מטלית חכמה יומ,יח',64.00,יח',false,,19.90,0.3109,true,1,9061
7290000189482,false,ניקול תבנית אפייה מק,,,ניקול תבנית אפייה מק,יחידה,0.00,יחידה,false,,10.90,0.0000,true,1,9070
7290000189550,false,אשפתון זוג ענק 20,,,אשפתון זוג ענק 20,יחידה,0.00,יחידה,false,,26.90,0.0000,true,1,9074
7290000189659,false,ניקול מטליות לחות לר,,,ניקול מטליות לחות לר,יחידה,0.00,יחידה,false,,12.90,0.0000,true,1,9077
7290000191652,false,קלינקס קלאסיק ניילון,,,קלינקס קלאסיק ניילון,יחידה,0.00,יחידה,false,,11.90,0.0000,true,1,9110
7290000193205,false,תחבושות אולטרה לילה,,,תחבושות אולטרה לילה,יחידה,0.00,יחידה,false,,18.50,0.0000,true,1,9121
7290000193472,false,מגן תחתון נטורל נורמ,,,מגן תחתון נטורל נורמ,יחידה,0.00,יחידה,false,,18.50,0.0000,true,1,9123
7290000193540,false,מגן תחתון נטורל לונג,,,מגן תחתון נטורל לונג,יחידה,0.00,יחידה,false,,18.50,0.0000,true,1,9125
7290000195773,false,מגבוני האגיס סנסטיב,,,מגבוני האגיס סנסטיב,יחידה,0.00,יחידה,false,,19.90,0.0000,true,1,9157
7290000196039,false,ניקול מפות שולחן זוג,,,ניקול מפות שולחן זוג,יחידה,0.00,יחידה,false,,12.90,0.0000,true,1,9159
7290000197456,false,האגיס פרידום דריי של,,,האגיס פרידום דריי של,יחידה,0.00,יחידה,false,,46.90,0.0000,true,1,9183
7290000197463,false,האגיס פרידום דריי של,,,האגיס פרידום דריי של,יחידה,0.00,יחידה,false,,46.90,0.0000,true,1,9184
7290000197470,false,"ניקול שקיות רב""ש 250",,,"ניקול שקיות רב""ש 250",יחידה,0.00,יחידה,false,,14.90,0.0000,true,1,9185
7290000197678,false,האגיס פרידום דריי  ש,,,האגיס פרידום דריי  ש,יחידה,0.00,יחידה,false,,46.90,0.0000,true,1,9190
7290000197753,false,ניקול ניילונית זוג,,,ניקול ניילונית זוג,מטרים,60.00,מטר,false,,12.90,0.2150,true,1,9192
7290000197999,false,ניקול רדיד אלומיניום,,,ניקול רדיד אלומיניום,מטרים,15.00,מטר,false,,17.90,1.1933,true,1,9198
7290000199313,false,תחבושות קוטקס יאנג 2,,,תחבושות קוטקס יאנג 2,יחידה,0.00,יחידה,false,,19.90,0.0000,true,1,9200
7290000204611,false,ניקול ספוגית הקסם*6,,,ניקול ספוגית הקסם*6,יחידה,0.00,יחידה,false,,12.90,0.0000,true,1,9236
7290000207063,false,רוטב עגבניות פריכוז,,,רוטב עגבניות פריכוז,,240.00,100 גרם,false,,4.90,2.0417,true,1,8790
7290000207162,false,רוטב עגבניות 100 גרם,,,רוטב עגבניות 100 גרם,,100.00,100 גרם,false,,2.50,2.5000,true,1,8793
7290000207438,false,עגבניות לקוביות יכין,,,עגבניות לקוביות יכין,,800.00,100 גרם,false,,10.90,1.3625,true,1,8794
7290000208022,false,עגבניות מרוסקות יכין,,,עגבניות מרוסקות יכין,,800.00,100 גרם,false,,10.90,1.3625,true,1,8797
7290000208145,false,גרעיני תירס לייט יכי,,,גרעיני תירס לייט יכי,,335.00,100 גרם,false,,10.90,3.2537,true,1,8805
7290000208213,false,שעועית לבנה ברוטב עג,,,שעועית לבנה ברוטב עג,,355.00,100 גרם,false,,9.90,2.7887,true,1,8807
7290000208312,false,גרעיני תירס מתוק יכי,,,גרעיני תירס מתוק יכי,,400.00,100 גרם,false,,7.90,1.9750,true,1,8812
7290000208329,false,גרעיני תירס מתוק יכי,,,גרעיני תירס מתוק יכי,,335.00,100 גרם,false,,9.90,2.9552,true,1,8813
7290000208336,false,רוטב עגבניות יכין 24,,,רוטב עגבניות יכין 24,,240.00,100 גרם,false,,5.50,2.2917,true,1,8814
7290000208404,false,פול מצרי יכין 550 גר,,,פול מצרי יכין 550 גר,,350.00,100 גרם,false,,8.90,2.5429,true,1,8818
7290000208428,false,חומוס שלם יכין 550 ג,,,חומוס שלם יכין 550 ג,,290.00,100 גרם,false,,9.90,3.4138,true,1,8819
7290000208800,false,תירס קיד מתוק יכין 4,,,תירס קיד מתוק יכין 4,,400.00,100 גרם,false,,6.90,1.7250,true,1,8826
7290000208893,false,תירס לייט יכין 400 ג,,,תירס לייט יכין 400 ג,,400.00,100 גרם,false,,6.90,1.7250,true,1,8828
7290000209371,false,תירס שלישיה יכין 3*1,,,תירס שלישיה יכין 3*1,,495.00,100 גרם,false,,15.90,3.2121,true,1,8843
7290000209388,false,תירס לייט שלישיה יכי,,,תירס לייט שלישיה יכי,,420.00,100 גרם,false,,15.90,3.7857,true,1,8844
7290000209722,false,רוטב עגבניות מרוכז מ,,,רוטב עגבניות מרוכז מ,,580.00,100 גרם,false,,10.90,1.8793,true,1,8855
7290000209951,false,רוטב עגבניות לפיצה י,,,רוטב עגבניות לפיצה י,מיליליטרים,260.00,"100 מ""ל",false,,6.50,2.5000,true,1,8859
7290000211169,false,אורז תאילנדי 1 ק'ג,,,אורז תאילנדי 1 ק'ג,קילוגרמים,1.00,"ק""ג",false,,7.50,7.5000,true,1,17552
7290000211442,false,סוגת אורז פרסי קלאסי,,,סוגת אורז פרסי קלאסי,קילוגרמים,1.00,"ק""ג",false,,11.50,11.5000,true,1,17556
7290000211503,false,"סוכר סוגת לבן 1 ק""ג",,,"סוכר סוגת לבן 1 ק""ג",קילוגרמים,1.00,"ק""ג",false,,4.90,4.9000,true,1,17557
7290000211626,false,"אורז חיש 1 ק""ג",,,"אורז חיש 1 ק""ג",קילוגרמים,1.00,"ק""ג",false,,11.90,11.9000,true,1,17558
7290000211985,false,סוגת אורז עגול 1קג,,,סוגת אורז עגול 1קג,קילוגרמים,1.00,"ק""ג",false,,10.90,10.9000,true,1,17560
7290000238029,false,"בצק עלים 1ק""ג",,,"בצק עלים 1ק""ג",קילוגרמים,1.00,"ק""ג",false,,23.90,23.9000,true,1,36247
7290000238036,false,מעדנות מלווח 700גר,,,מעדנות מלווח 700גר,,700.00,100 גרם,false,,17.90,2.5571,true,1,36248
7290000238173,false,בורקס גבינה מעדנות 8,,,בורקס גבינה מעדנות 8,,800.00,100 גרם,false,,22.90,2.8625,true,1,36249
7290000238180,false,"בורקס תפו""א 800גר",,,"בורקס תפו""א 800גר",,800.00,100 גרם,false,,21.90,2.7375,true,1,36250
7290000245294,false,אבקת כביסה פרסיל 2.5,,,אבקת כביסה פרסיל 2.5,קילוגרמים,2.50,"ק""ג",false,,26.90,10.7600,true,1,35521
7290000253220,false,שוקולד צ'יפס אופנהיי,,,שוקולד צ'יפס אופנהיי,,260.00,100 גרם,false,,13.90,5.3462,true,1,25062
7290000262413,false,האגיס אקסטרה קייר מי,,,האגיס אקסטרה קייר מי,יחידה,0.00,יחידה,false,,57.90,0.0000,true,1,9245
7290000272467,false,סירופ דיאט פטל עסיס,,,סירופ דיאט פטל עסיס,ליטרים,1.00,ליטר,false,,16.90,16.9000,true,1,18903
7290000272696,false,מיץ לימון משומר עסיס,,,מיץ לימון משומר עסיס,ליטרים,1.00,ליטר,false,,11.90,11.9000,true,1,18904
7290000272726,false,חומץ טבעי 5% עסיס 1,,,חומץ טבעי 5% עסיס 1,ליטרים,1.00,ליטר,false,,7.50,7.5000,true,1,18905
7290000286228,false,סנו סושי שישיות כריו,,,סנו סושי שישיות כריו,יחידה,0.00,יחידה,false,,12.90,0.0000,true,1,30226
7290000286297,false,סנו מסיר אבן מקומקום,,,סנו מסיר אבן מקומקום,מיליליטרים,700.00,"100 מ""ל",false,,11.90,1.7000,true,1,30227
7290000286549,false,סנו סושי מטליות לכל,,,סנו סושי מטליות לכל,יחידה,0.00,יחידה,false,,12.90,0.0000,true,1,30235
7290000286761,false,סנו סושי פלסטיק נצמד,,,סנו סושי פלסטיק נצמד,מטרים,60.00,מטר,false,,12.90,0.2150,true,1,30239
7290000286945,false,"סנו רהיט נוזל 500 מ""",,,"סנו רהיט נוזל 500 מ""",מיליליטרים,500.00,"100 מ""ל",false,,26.90,5.3800,true,1,30245
7290000286947,false,פילה דג סלמון נורווג,,,פילה דג סלמון נורווג,קילוגרמים,1.00,"ק""ג",true,,89.90,89.9000,true,1,284202
7290000287102,false,סנו שמפו שטיחים אירו,,,סנו שמפו שטיחים אירו,מיליליטרים,600.00,"100 מ""ל",false,,22.90,3.8167,true,1,30247
7290000288024,false,סנו ז'אוול בריח לימו,,,סנו ז'אוול בריח לימו,ליטרים,4.00,ליטר,false,,17.90,4.4750,true,1,30262
7290000288086,false,אבקת ניקוי ג'אוול לי,,,אבקת ניקוי ג'אוול לי,,600.00,100 גרם,false,,12.90,2.1500,true,1,30266
7290000288352,false,K - 300,,,K - 300,מיליליטרים,630.00,"100 מ""ל",false,,22.90,3.6349,true,1,30271
7290000289069,false,סנו ג'אוול מרסס לימו,,,סנו ג'אוול מרסס לימו,ליטרים,1.00,ליטר,false,,19.90,19.9000,true,1,30284
7290000292557,false,סנומט 45 נוזל מילוי,,,סנומט 45 נוזל מילוי,יחידה,0.00,יחידה,false,,19.90,0.0000,true,1,30309
7290000292687,false,סנובון כחול שלישיה,,,סנובון כחול שלישיה,,165.00,100 גרם,false,,17.90,10.8485,true,1,30311
7290000293073,false,מרכך כביסה סנו מקסימ,,,מרכך כביסה סנו מקסימ,ליטרים,4.00,ליטר,false,,23.90,5.9750,true,1,30315
7290000293561,false,סנו מסיר עובש 750מל,,,סנו מסיר עובש 750מל,מיליליטרים,750.00,"100 מ""ל",false,,15.90,2.1200,true,1,30319
7290000293943,false,סנו אנטי קאלק+מתז  1,,,סנו אנטי קאלק+מתז  1,ליטרים,1.00,ליטר,false,,20.90,20.9000,true,1,30323
7290000294575,false,סנו רב מגבת,,,סנו רב מגבת,מטרים,13.80,מטר,false,,12.90,0.9348,true,1,30327
7290000294780,false,סנו ז'אוול סמיכה 4 ל,,,סנו ז'אוול סמיכה 4 ל,ליטרים,4.00,ליטר,false,,17.90,4.4750,true,1,30329
7290000295299,false,כריות יפניות סנו סוש,,,כריות יפניות סנו סוש,יחידה,0.00,יחידה,false,,12.90,0.0000,true,1,30331
7290000295404,false,שקיות אשפה נשלפות סנ,,,שקיות אשפה נשלפות סנ,יחידה,0.00,יחידה,false,,23.90,0.0000,true,1,30336
7290000295503,false,סנו סושי צמד שקיות א,,,סנו סושי צמד שקיות א,יחידה,0.00,יחידה,false,,15.90,0.0000,true,1,30337
7290000295565,false,רדיד אלומיניום רחב ב,,,רדיד אלומיניום רחב ב,מטרים,15.00,מטר,false,,16.90,1.1267,true,1,30340
7290000295572,false,מנקה אסלות 00 צמד,,,מנקה אסלות 00 צמד,ליטרים,1.50,ליטר,false,,19.90,13.2667,true,1,30341
7290000295794,false,ספוגיות אל חלד זוג,,,ספוגיות אל חלד זוג,יחידה,0.00,יחידה,false,,14.90,0.0000,true,1,30344
7290000300900,false,שניצל תירס טבעול רכי,,,שניצל תירס טבעול רכי,,750.00,100 גרם,false,,27.90,3.7200,true,1,19954
7290000307046,false,אפונה וגזר פרי הגליל,,,אפונה וגזר פרי הגליל,,550.00,100 גרם,false,,8.90,1.6182,true,1,8452
7290000313160,false,חברים זהבה ושלושת הד,,,חברים זהבה ושלושת הד,,250.00,100 גרם,false,,9.50,3.8000,true,1,18906
7290000313184,false,חברים ביסקויט גן חיו,,,חברים ביסקויט גן חיו,,250.00,100 גרם,false,,9.50,3.8000,true,1,18907
7290000313290,false,נודלס אטריות מסולסלו,,,נודלס אטריות מסולסלו,יחידה,200.00,יחידה,false,,10.90,0.0545,true,1,18909
7290000318127,false,נקניקיות ביס 380 גרם,,,נקניקיות ביס 380 גרם,,380.00,100 גרם,false,,11.40,3.0000,true,1,15882
7290000318479,false,פרושטו בקר יחיעם 100,,,פרושטו בקר יחיעם 100,,100.00,100 גרם,false,,30.90,30.9000,true,1,15889
7290000318677,false,סלמי סרוולט 150גר יח,,,סלמי סרוולט 150גר יח,,150.00,100 גרם,false,,26.90,17.9333,true,1,15891
7290000319131,false,נקניקיות עוף יחיעם 4,,,נקניקיות עוף יחיעם 4,,400.00,100 גרם,false,,11.40,2.8500,true,1,15902
7290000334325,false,תפוגן ציפס למיקרו מא,,,תפוגן ציפס למיקרו מא,,375.00,100 גרם,false,,15.90,4.2400,true,1,19966
7290000334684,false,טבעות בצל 700 גרם,,,טבעות בצל 700 גרם,,700.00,100 גרם,false,,19.90,2.8429,true,1,19968
7290000339887,false,משחת כלים לימון 3.5,,,משחת כלים לימון 3.5,קילוגרמים,3.50,"ק""ג",false,,27.90,7.9714,true,1,10595
7290000342856,false,בדין מרכך כביסה כחול,,,בדין מרכך כביסה כחול,ליטרים,4.00,ליטר,false,,20.90,5.2250,true,1,10598
7290000345215,false,תה ויסוצקי קלאסיק 10,,,תה ויסוצקי קלאסיק 10,,100.00,100 גרם,false,,20.90,20.9000,true,1,25069
7290000345291,false,תה ארל גריי 1.5/25,,,תה ארל גריי 1.5/25,,37.50,100 גרם,false,,17.90,47.7333,true,1,25073
7290000345307,false,תה ארל גריי 1.5/50,,,תה ארל גריי 1.5/50,,75.00,100 גרם,false,,30.90,41.2000,true,1,25074
7290000346137,false,תה הילולי פירות 25 ש,,,תה הילולי פירות 25 ש,,62.50,100 גרם,false,,17.90,28.6400,true,1,25082
7290000347738,false,תה ירוק נענע 25 שקיק,,,תה ירוק נענע 25 שקיק,,37.50,100 גרם,false,,23.90,63.7333,true,1,25093
7290000363899,false,נקניקיות פיקנטיות 40,,,נקניקיות פיקנטיות 40,,400.00,100 גרם,false,,11.90,2.9750,true,1,25816
7290000364261,false,סלסולי כתף בקר 120 ג,,,סלסולי כתף בקר 120 ג,,120.00,100 גרם,false,,16.80,14.0000,true,1,25819
7290000364278,false,סלסולי סלמי איטלקי מ,,,סלסולי סלמי איטלקי מ,,120.00,100 גרם,false,,16.80,14.0000,true,1,25820
7290000364285,false,טירת צבי סלסולי פסטר,,,טירת צבי סלסולי פסטר,,120.00,100 גרם,false,,16.80,14.0000,true,1,25821
7290000364803,false,נקניקיות קרנץ אמריקא,,,נקניקיות קרנץ אמריקא,,500.00,100 גרם,false,,30.90,6.1800,true,1,25825
7290000364858,false,נקניקיות עוף טרי 1 ק,,,נקניקיות עוף טרי 1 ק,קילוגרמים,1.00,"ק""ג",false,,30.90,30.9000,true,1,25827
7290000364872,false,נקניקיות עוף 400 גרם,,,נקניקיות עוף 400 גרם,,400.00,100 גרם,false,,12.90,3.2250,true,1,25828
7290000364957,false,נקנקיות מיני - מיני,,,נקנקיות מיני - מיני,,700.00,100 גרם,false,,26.90,3.8429,true,1,25829
7290000367590,false,צמד כפרי נק.סלמי+פסט,,,צמד כפרי נק.סלמי+פסט,,800.00,100 גרם,false,,27.90,3.4875,true,1,25831
7290000379258,false,חלת קונדיטורית אנגל,,,חלת קונדיטורית אנגל,,500.00,100 גרם,false,,15.90,3.1800,true,1,36016
7290000382210,false,שקיות גופיה ינות בית,,,שקיות גופיה ינות בית,יחידה,0.00,יחידה,false,,0.10,0.0000,true,1,28
7290000408354,false,דנונה קראנצ' פצפוצים,,,דנונה קראנצ' פצפוצים,מיליליטרים,175.00,"100 מ""ל",false,,4.90,2.8000,true,1,23680
7290000412481,false,מנקה אסלות 1 ליטר 00,,,מנקה אסלות 1 ליטר 00,ליטרים,1.00,ליטר,false,,8.90,8.9000,true,1,30348
7290000416021,false,ממרח שוקולד השחר 500,,,ממרח שוקולד השחר 500,,500.00,100 גרם,false,,15.90,3.1800,true,1,29383
7290000416045,false,ממרח שוקולד השחר 1 ק,,,ממרח שוקולד השחר 1 ק,קילוגרמים,1.00,"ק""ג",false,,27.90,27.9000,true,1,29385
7290000416618,false,ממרח שוקולד פרווה הש,,,ממרח שוקולד פרווה הש,,400.00,100 גרם,false,,12.90,3.2250,true,1,29393
7290000416632,false,ממרח שוקולד פרווה הש,,,ממרח שוקולד פרווה הש,קילוגרמים,1.00,"ק""ג",false,,27.90,27.9000,true,1,29394
7290000419220,false,לנדוור כחול המקורי ק,,,לנדוור כחול המקורי ק,,300.00,100 גרם,false,,18.90,6.3000,true,1,21723
7290000419374,false,לנדוור לבוקר קפה טחו,,,לנדוור לבוקר קפה טחו,,300.00,100 גרם,false,,18.90,6.3000,true,1,21724
7290000420325,false,פופסטאר פופקורן טבעי,,,פופסטאר פופקורן טבעי,,500.00,100 גרם,false,,17.90,3.5800,true,1,5785
7290000420332,false,פופסטאר פופקורן חמאה,,,פופסטאר פופקורן חמאה,,500.00,100 גרם,false,,17.90,3.5800,true,1,5786
7290000420417,false,גלילונית שקיות אשפה,,,גלילונית שקיות אשפה,יחידה,0.00,יחידה,false,,23.90,0.0000,true,1,5787
7290000435251,false,מיני משמחים 500 גרם,,,מיני משמחים 500 גרם,,500.00,100 גרם,false,,18.70,3.7400,true,1,182542
7290000450209,false,טונה בשמן פוסידון  1,,,טונה בשמן פוסידון  1,,108.00,100 גרם,false,,6.90,6.3889,true,1,17020
7290000453385,false,פאקא שמרים יבשים 500,,,פאקא שמרים יבשים 500,,500.00,100 גרם,false,,13.90,2.7800,true,1,22587
7290000453415,false,שמרית בצק עלים מצונן,,,שמרית בצק עלים מצונן,,300.00,100 גרם,false,,16.90,5.6333,true,1,23684
7290000453422,false,שמרית בצק פילו מוכן,,,שמרית בצק פילו מוכן,,300.00,100 גרם,false,,16.90,5.6333,true,1,23685
7290000453866,false,נטורינה קוקוס שטראוס,,,נטורינה קוקוס שטראוס,,200.00,100 גרם,false,,8.50,4.2500,true,1,23686
7290000461625,false,ביגלה 8 8 400גר,,,ביגלה 8 8 400גר,,400.00,100 גרם,false,,11.90,2.9750,true,1,10601
7290000461700,false,ביגלה שמיניות גדולות,,,ביגלה שמיניות גדולות,,400.00,100 גרם,false,,13.90,3.4750,true,1,10603
7290000461793,false,ביגלה ארוך ארוך דל ש,,,ביגלה ארוך ארוך דל ש,,150.00,100 גרם,false,,6.90,4.6000,true,1,10606
7290000462141,false,סחוג אדום חריף מאוד,,,סחוג אדום חריף מאוד,,150.00,100 גרם,false,,8.90,5.9333,true,1,23691
7290000474090,false,טרה חלב בקרטון 1% 1ל,,,טרה חלב בקרטון 1% 1ל,ליטרים,1.00,ליטר,false,,5.86,5.8600,true,1,6462
7290000474373,false,טרה שמנת חמוצה 15% 2,,,טרה שמנת חמוצה 15% 2,מיליליטרים,200.00,"100 מ""ל",false,,2.40,1.2000,true,1,6468
7290000474502,false,טרה גבינה לבנה 5% 25,,,טרה גבינה לבנה 5% 25,,250.00,100 גרם,false,,4.98,1.9920,true,1,6471
7290000474540,false,טוב טעם גבינה 3% 250,,,טוב טעם גבינה 3% 250,,250.00,100 גרם,false,,11.50,4.6000,true,1,6472
7290000480107,false,"קוואקר מהיר אטוס לל""",,,"קוואקר מהיר אטוס לל""",,500.00,100 גרם,false,,14.90,2.9800,true,1,24623
7290000480442,false,שיבולת שועל בשקית קו,,,שיבולת שועל בשקית קו,,500.00,100 גרם,false,,14.50,2.9000,true,1,24624
7290000481043,true,עשיריית פיתות כוסמין,,,עשיריית פיתות כוסמין,,700.00,100 גרם,false,,16.90,2.4143,true,1,100434
7290000481531,false,לחמניות 10 יחידות חי,,,לחמניות 10 יחידות חי,,750.00,100 גרם,false,,14.90,1.9867,true,1,4536
7290000481883,false,10 לחמניות דגנית,,,10 לחמניות דגנית,,750.00,100 גרם,false,,14.90,1.9867,true,1,4540
7290000482019,false,שקיות קוקי רגיל 10יח,,,שקיות קוקי רגיל 10יח,יחידה,0.00,יחידה,false,,14.90,0.0000,true,1,21729
7290000484747,false,"עלית הארק 40% 700 מ""",,,"עלית הארק 40% 700 מ""",מיליליטרים,700.00,"100 מ""ל",false,,60.90,8.7000,true,1,29418
7290000493176,false,אסם אבקת רוטב צלי לב,,,אסם אבקת רוטב צלי לב,,22.00,100 גרם,false,,3.90,17.7273,true,1,18939
7290000493183,false,אסם אבקת רוטב פטריות,,,אסם אבקת רוטב פטריות,,30.00,100 גרם,false,,3.90,13.0000,true,1,18940
7290000496360,false,פילה  בקלה דרום אפרי,,,פילה  בקלה דרום אפרי,קילוגרמים,1.00,"ק""ג",true,,43.90,43.9000,true,1,153812
7290000504261,false,כמו סוכר ממתיק אבקתי,,,כמו סוכר ממתיק אבקתי,,100.00,100 גרם,false,,26.90,26.9000,true,1,22598
7290000518176,false,מתוק וקל ענק 250 שקי,,,מתוק וקל ענק 250 שקי,,250.00,100 גרם,false,,19.90,7.9600,true,1,16156
7290000523125,false,מלח ים יבש הארץ 250,,,מלח ים יבש הארץ 250,,250.00,100 גרם,false,,6.90,2.7600,true,1,17562
7290000523224,false,מלח ים יבש הארץ 500,,,מלח ים יבש הארץ 500,,500.00,100 גרם,false,,8.90,1.7800,true,1,17563
7290000523804,false,מלח עדין בצנצנת הארץ,,,מלח עדין בצנצנת הארץ,קילוגרמים,1.00,"ק""ג",false,,7.50,7.5000,true,1,17566
7290000530086,false,סלמי מעושן 7000 א.מ.,,,סלמי מעושן 7000 א.מ.,,600.00,100 גרם,false,,37.90,6.3167,true,1,39819
7290000530116,false,סלמי מעושן בשן זוגלו,,,סלמי מעושן בשן זוגלו,,470.00,100 גרם,false,,27.90,5.9362,true,1,39821
7290000530468,false,נקניקיות וינר טרי 1ק,,,נקניקיות וינר טרי 1ק,קילוגרמים,1.00,"ק""ג",false,,32.90,32.9000,true,1,39825
7290000530703,false,זוג תה 400 + חרמון 4,,,זוג תה 400 + חרמון 4,,800.00,100 גרם,false,,34.90,4.3625,true,1,39830
7290000531977,false,זוגלובק בורקס גבינה,,,זוגלובק בורקס גבינה,,800.00,100 גרם,false,,16.90,2.1125,true,1,39833
7290000533353,false,זוגלובק בצק עלים 1קג,,,זוגלובק בצק עלים 1קג,קילוגרמים,1.00,"ק""ג",false,,16.90,16.9000,true,1,39835
7290000537566,false,נקניקיות עוף טרי 400,,,נקניקיות עוף טרי 400,,400.00,100 גרם,false,,14.90,3.7250,true,1,39847
7290000537603,false,"נקנקיות עוף 1 ק""ג -ז",,,"נקנקיות עוף 1 ק""ג -ז",קילוגרמים,1.00,"ק""ג",false,,32.90,32.9000,true,1,39848
7290000538709,false,תה מעושן 200 גרם,,,תה מעושן 200 גרם,,200.00,100 גרם,false,,15.90,7.9500,true,1,39853
7290000552569,false,סטייק בורגר 400 ג'-ט,,,סטייק בורגר 400 ג'-ט,,400.00,100 גרם,false,,19.90,4.9750,true,1,17025
7290000554457,false,גד צפתית מיני 5% 350,,,גד צפתית מיני 5% 350,,350.00,100 גרם,false,,20.90,5.9714,true,1,14967
7290000554532,false,גד צפתית מעודנת במלח,,,גד צפתית מעודנת במלח,,200.00,100 גרם,false,,15.90,7.9500,true,1,14969
7290000554624,false,גד ירח מתוק 150מל,,,גד ירח מתוק 150מל,,150.00,100 גרם,false,,6.50,4.3333,true,1,14971
7290000554686,false,גד לאבנה בשמן זית וז,,,גד לאבנה בשמן זית וז,,250.00,100 גרם,false,,15.50,6.2000,true,1,14972
7290000554839,false,גד מסקרפונה 40% 250ג,,,גד מסקרפונה 40% 250ג,,250.00,100 גרם,false,,21.90,8.7600,true,1,14975
7290000561158,false,תערובת בריאות 150 גר,,,תערובת בריאות 150 גר,,150.00,100 גרם,false,,11.90,7.9333,true,1,1442
7290000561202,false,גרעין חמניה קלוי 200,,,גרעין חמניה קלוי 200,,200.00,100 גרם,false,,6.90,3.4500,true,1,1446
7290000561363,false,גרעין אבטיח קלוי 200,,,גרעין אבטיח קלוי 200,,200.00,100 גרם,false,,14.90,7.4500,true,1,1456
7290000561561,false,פוסידון מנצ'יס 200ג,,,פוסידון מנצ'יס 200ג,,200.00,100 גרם,false,,9.90,4.9500,true,1,1463
7290000561578,false,בוטן אמריקאי 200ג,,,בוטן אמריקאי 200ג,,200.00,100 גרם,false,,6.90,3.4500,true,1,1464
7290000561981,false,אגוז מלך 200ג,,,אגוז מלך 200ג,,200.00,100 גרם,false,,23.90,11.9500,true,1,1476
7290000574028,false,לחם אחיד פרוס מועשר,,,לחם אחיד פרוס מועשר,,750.00,100 גרם,false,,8.90,1.1867,true,1,4545
7290000574035,false,לחם אחיד פרוס דגנית,,,לחם אחיד פרוס דגנית,,750.00,100 גרם,false,,7.11,0.9480,true,1,4546
7290000574141,false,לחם חיטה מלאה דגנית,,,לחם חיטה מלאה דגנית,,750.00,100 גרם,false,,15.90,2.1200,true,1,4553
7290000574172,false,לחם קל חיטה מלאה דגנ,,,לחם קל חיטה מלאה דגנ,,750.00,100 גרם,false,,15.90,2.1200,true,1,4555
7290000574257,false,לחם שחור פרוס קל דגנ,,,לחם שחור פרוס קל דגנ,,750.00,100 גרם,false,,15.80,2.1067,true,1,4557
7290000574455,false,לחם חיטה מלא+כוסמין,,,לחם חיטה מלא+כוסמין,,750.00,100 גרם,false,,15.90,2.1200,true,1,4567
7290000611183,false,פילה סלמון נורבגי קפ,,,פילה סלמון נורבגי קפ,קילוגרמים,1.00,"ק""ג",true,,84.90,84.9000,true,1,121220
7290000611853,false,כנפיים עוף טרי ארוז,,,כנפיים עוף טרי ארוז,קילוגרמים,1.00,"ק""ג",true,,11.90,11.9000,true,1,38814
7290000628194,false,שריר הזרוע 8 חלק ברז,,,שריר הזרוע 8 חלק ברז,קילוגרמים,1.00,"ק""ג",true,,39.90,39.9000,true,1,52353
7290000644783,false,דגי תנובה נתחי פילה,,,דגי תנובה נתחי פילה,קילוגרמים,1.00,"ק""ג",true,,89.90,89.9000,true,1,56562
7290000652177,false,נתחי פילה נסיכה 100%,,,נתחי פילה נסיכה 100%,קילוגרמים,1.00,"ק""ג",true,,69.90,69.9000,true,1,56577
7290000654546,false,פילה אמנון 7-9 100%,,,פילה אמנון 7-9 100%,קילוגרמים,1.00,"ק""ג",true,,39.90,39.9000,true,1,56549
7290000663036,false,פילה אמנון ללא עור 1,,,פילה אמנון ללא עור 1,קילוגרמים,1.00,"ק""ג",true,,44.90,44.9000,true,1,125743
7290000663135,false,קוביות סלמון 300 גרם,,,קוביות סלמון 300 גרם,,300.00,100 גרם,false,,32.90,10.9667,true,1,147366
7290000663166,false,פילה הייק דרום אפריק,,,פילה הייק דרום אפריק,קילוגרמים,1.00,"ק""ג",true,,49.90,49.9000,true,1,147352
7290000680130,false,שוקיים עוף טרי ארוז,,,שוקיים עוף טרי ארוז,קילוגרמים,1.00,"ק""ג",true,,32.90,32.9000,true,1,50688
7290000680185,false,פילה עוף טרי ארוז,,,פילה עוף טרי ארוז,קילוגרמים,1.00,"ק""ג",true,,37.90,37.9000,true,1,50693
7290000680451,false,כבד עוף טרי ארוז.,,,כבד עוף טרי ארוז.,קילוגרמים,1.00,"ק""ג",true,,23.90,23.9000,true,1,50696
7290000688084,false,מי עדן 1/2 ליטר ספור,,,מי עדן 1/2 ליטר ספור,מיליליטרים,500.00,"100 מ""ל",false,,2.90,0.5800,true,1,11760
7290000688381,false,מי עדן פקק ספורט 6*5,,,מי עדן פקק ספורט 6*5,ליטרים,3.00,ליטר,false,,14.90,4.9667,true,1,11764
7290000692456,false,אגקס חלונות זוג,,,אגקס חלונות זוג,ליטרים,1.50,ליטר,false,,27.90,18.6000,true,1,21738
7290000910291,false,פלפל צ`ילי,,,פלפל צ`ילי,,100.00,100 גרם,false,,7.90,7.9000,true,1,47438
7290001041154,false,גריסים 1 ק'ג,,,גריסים 1 ק'ג,קילוגרמים,1.00,"ק""ג",false,,9.20,9.2000,true,1,15200
7290001041178,false,"אפונה 1 ק""ג",,,"אפונה 1 ק""ג",קילוגרמים,1.00,"ק""ג",false,,9.80,9.8000,true,1,15202
7290001041208,false,עדשים ירוקות 1 ק'ג,,,עדשים ירוקות 1 ק'ג,קילוגרמים,1.00,"ק""ג",false,,13.90,13.9000,true,1,15205
7290001121054,false,יחיעם צמד חמד 700 גר,,,יחיעם צמד חמד 700 גר,,700.00,100 גרם,false,,24.90,3.5571,true,1,15920
7290001121238,false,יחיעם קורנד ביף 180,,,יחיעם קורנד ביף 180,,180.00,100 גרם,false,,26.90,14.9444,true,1,15922
7290001121672,false,פסטרמה הודו בפפריקה,,,פסטרמה הודו בפפריקה,,300.00,100 גרם,false,,24.90,8.3000,true,1,15923
7290001123775,false,שווארמה פרגיות 500 ג,,,שווארמה פרגיות 500 ג,,500.00,100 גרם,false,,26.90,5.3800,true,1,17034
7290001123782,false,שווארמה הודו 500 גרם,,,שווארמה הודו 500 גרם,,500.00,100 גרם,false,,26.90,5.3800,true,1,17035
7290001136294,false,שמפו יבש אדום נקה 7,,,שמפו יבש אדום נקה 7,מיליליטרים,750.00,"100 מ""ל",false,,12.90,1.7200,true,1,30351
7290001136683,false,מרכך רגיל ירוק נקה 7,,,מרכך רגיל ירוק נקה 7,מיליליטרים,750.00,"100 מ""ל",false,,12.90,1.7200,true,1,30355
7290001136973,false,תחליב רחצה קמומיל נק,,,תחליב רחצה קמומיל נק,יחידה,0.00,יחידה,false,,16.60,0.0000,true,1,30357
7290001201510,false,30 ביצים M  מ.לסר,,,30 ביצים M  מ.לסר,יחידה,0.00,יחידה,false,,27.87,0.0000,true,1,13961
7290001201602,false,18ביצים L  מ.לסר,,,18ביצים L  מ.לסר,יחידה,0.00,יחידה,false,,18.07,0.0000,true,1,182556
7290001201824,false,12 ביצים L  אורגני מ,,,12 ביצים L  אורגני מ,יחידה,0.00,יחידה,false,,23.90,0.0000,true,1,13973
7290001201862,false,12 ביצים חופש L מ. ל,,,12 ביצים חופש L מ. ל,יחידה,0.00,יחידה,false,,19.90,0.0000,true,1,13976
7290001201893,false,12 ביצים M  אומגה 3,,,12 ביצים M  אומגה 3,יחידה,0.00,יחידה,false,,18.90,0.0000,true,1,13978
7290001231932,false,*מבצע* וינסטון קופסא,,,*מבצע* וינסטון קופסא,יחידה,0.00,יחידה,false,,30.50,0.0000,false,1,4134
7290001245705,false,אקונומיקה מבושמת 4 ל,,,אקונומיקה מבושמת 4 ל,ליטרים,4.00,ליטר,false,,10.90,2.7250,true,1,38854
7290001246061,false,מרכך פרימיום פנטזי 1,,,מרכך פרימיום פנטזי 1,ליטרים,1.00,ליטר,false,,13.90,13.9000,true,1,38878
7290001246337,false,ג'ל אסלות אורנים טאצ,,,ג'ל אסלות אורנים טאצ,מיליליטרים,750.00,"100 מ""ל",false,,10.90,1.4533,true,1,38890
7290001246528,false,מרכך כביסה מרוכז פרפ,,,מרכך כביסה מרוכז פרפ,ליטרים,1.00,ליטר,false,,13.90,13.9000,true,1,38895
7290001247082,false,ספרינג עגבניות קרטונ,,,ספרינג עגבניות קרטונ,ליטרים,1.00,ליטר,false,,6.90,6.9000,true,1,11781
7290001247112,false,ספרינג לימונענע קרטו,,,ספרינג לימונענע קרטו,ליטרים,1.00,ליטר,false,,6.90,6.9000,true,1,11784
7290001247129,false,ספרינג תפוז קרטונית,,,ספרינג תפוז קרטונית,ליטרים,1.00,ליטר,false,,6.90,6.9000,true,1,11785
7290001274262,false,שלגון לוקס 85 גרם,,,שלגון לוקס 85 גרם,,85.00,100 גרם,false,,9.50,11.1765,true,1,238268
7290001274293,false,סנקור XL ארוך 70 גרם,,,סנקור XL ארוך 70 גרם,,70.00,100 גרם,false,,7.90,11.2857,true,1,238183
7290001305058,false,סבון נוזלי חלב ודבש,,,סבון נוזלי חלב ודבש,מיליליטרים,500.00,"100 מ""ל",false,,17.90,3.5800,true,1,21746
7290001327180,false,קרמיסימו וניל ציפ 1.,,,קרמיסימו וניל ציפ 1.,ליטרים,1.33,ליטר,false,,21.90,16.4662,true,1,4279
7290001327791,false,קרמיסימו עוגיות 1.33,,,קרמיסימו עוגיות 1.33,ליטרים,1.33,ליטר,false,,21.90,16.4662,true,1,4283
7290001407547,false,בארכה טחינה שומשום מ,,,בארכה טחינה שומשום מ,,500.00,100 גרם,false,,16.90,3.3800,true,1,18951
7290001419618,false,וופל עלמה בלגי שוקו,,,וופל עלמה בלגי שוקו,,200.00,100 גרם,false,,3.90,1.9500,true,1,42174
7290001419779,false,וופל עלמה קלאסי 200,,,וופל עלמה קלאסי 200,,200.00,100 גרם,false,,3.90,1.9500,true,1,42175
7290001459942,false,אפונה וקוביות גזר בל,,,אפונה וקוביות גזר בל,,800.00,100 גרם,false,,11.90,1.4875,true,1,273653
7290001485019,false,טרה גבינת שמנת טבעי,,,טרה גבינת שמנת טבעי,,200.00,100 גרם,false,,11.90,5.9500,true,1,6482
7290001491096,false,תה ירוק בתוספת לימונ,,,תה ירוק בתוספת לימונ,,75.00,100 גרם,false,,47.90,63.8667,true,1,25098
7290001567708,false,נקניקיות עוף 400 גר`,,,נקניקיות עוף 400 גר`,,400.00,100 גרם,false,,11.40,2.8500,true,1,15930
7290001567791,false,פסטרמה רומנית 250 גר,,,פסטרמה רומנית 250 גר,,250.00,100 גרם,false,,30.90,12.3600,true,1,15938
7290001567814,false,סלמי מעושן בסגנון אי,,,סלמי מעושן בסגנון אי,,300.00,100 גרם,false,,28.90,9.6333,true,1,15940
7290001591710,false,המבורגר אנגוס טיבון,,,המבורגר אנגוס טיבון,,600.00,100 גרם,false,,24.90,4.1500,true,1,213909
7290001594025,false,קוקה קולה קלאסי 350,,,קוקה קולה קלאסי 350,מיליליטרים,350.00,"100 מ""ל",false,,6.90,1.9714,true,1,6988
7290001594155,false,קוקה קולה 500מל,,,קוקה קולה 500מל,מיליליטרים,500.00,"100 מ""ל",false,,7.90,1.5800,true,1,6996
7290001594179,false,פאנטה אורנג' 500 בקב,,,פאנטה אורנג' 500 בקב,מיליליטרים,500.00,"100 מ""ל",false,,7.90,1.5800,true,1,6998
7290001594230,false,סודה קינלי 250 מ'ל,,,סודה קינלי 250 מ'ל,מיליליטרים,250.00,"100 מ""ל",false,,3.90,1.5600,true,1,7001
7290001594377,false,פריגת משקה תפוזים 50,,,פריגת משקה תפוזים 50,מיליליטרים,500.00,"100 מ""ל",false,,7.50,1.5000,true,1,7006
7290001594810,false,מאלטי טובורג בקבוק 6,,,מאלטי טובורג בקבוק 6,ליטרים,1.98,ליטר,false,,31.30,15.8081,true,1,7017
7290001594865,false,קרלסברג בירה בקבוק 6,,,קרלסברג בירה בקבוק 6,ליטרים,1.98,ליטר,false,,45.90,23.1818,true,1,7020
7290001670057,false,.סכום ח.פ.כפיות 100י,,,.סכום ח.פ.כפיות 100י,יחידה,0.00,יחידה,false,,13.90,0.0000,true,1,7895
7290001696736,false,פקאן סיני 100 גרם,,,פקאן סיני 100 גרם,,100.00,100 גרם,false,,17.90,17.9000,true,1,1483
7290001696989,false,בוטנת גרעינים שחורים,,,בוטנת גרעינים שחורים,,200.00,100 גרם,false,,7.50,3.7500,true,1,1485
7290001780800,false,קראנץ' ליבת נוגט,,,קראנץ' ליבת נוגט,יחידה,0.00,יחידה,false,,10.50,0.0000,true,1,16467
7290001791349,false,אקונומיקה ריחנית פסג,,,אקונומיקה ריחנית פסג,ליטרים,4.00,ליטר,false,,11.90,2.9750,true,1,30379
7290001813454,false,חיוכים חגיגה שוק 900,,,חיוכים חגיגה שוק 900,,900.00,100 גרם,false,,20.90,2.3222,true,1,22604
7290001813478,false,חיוכים חגיגה וניל 90,,,חיוכים חגיגה וניל 90,,900.00,100 גרם,false,,20.90,2.3222,true,1,22605
7290001867600,false,"תפו""א בייבי  פרימיום",,,"תפו""א בייבי  פרימיום",קילוגרמים,1.00,"ק""ג",true,,7.90,7.9000,true,1,109252
7290001975992,false,"בירה ויינשטפן 330 מ""",,,"בירה ויינשטפן 330 מ""",מיליליטרים,330.00,"100 מ""ל",false,,14.20,4.3030,true,1,226864
7290001990094,false,סוכר חום בצנצנת קלאס,,,סוכר חום בצנצנת קלאס,קילוגרמים,1.00,"ק""ג",false,,15.90,15.9000,true,1,17570
7290001990148,false,סוכר גולדן קלאסי בצנ,,,סוכר גולדן קלאסי בצנ,קילוגרמים,1.00,"ק""ג",false,,13.90,13.9000,true,1,17572
7290001990414,false,סוגת עדשים אדומים 1,,,סוגת עדשים אדומים 1,קילוגרמים,1.00,"ק""ג",false,,15.90,15.9000,true,1,17578
7290001990421,false,"סוגת פופקורן 1 ק""ג",,,"סוגת פופקורן 1 ק""ג",קילוגרמים,1.00,"ק""ג",false,,11.90,11.9000,true,1,17579
7290002007241,false,סודה לשתיה 50 גרם,,,סודה לשתיה 50 גרם,,50.00,100 גרם,false,,2.50,5.0000,true,1,7926
7290002007357,false,שקיות לצליה דליקטס מ,,,שקיות לצליה דליקטס מ,יחידה,0.00,יחידה,false,,5.90,0.0000,true,1,7929
7290002007890,false,כוס שתיה קרה 100 יח,,,כוס שתיה קרה 100 יח,יחידה,0.00,יחידה,false,,12.90,0.0000,true,1,7945
7290002007999,false,צלחות גדול 50יח הנמל,,,צלחות גדול 50יח הנמל,יחידה,0.00,יחידה,false,,16.90,0.0000,true,1,7949
7290002008149,false,מדליק פחם מוצק 40 קו,,,מדליק פחם מוצק 40 קו,,300.00,100 גרם,false,,6.90,2.3000,true,1,7957
7290002008187,false,קש לשתיה מתקפל 40יח,,,קש לשתיה מתקפל 40יח,יחידה,0.00,יחידה,false,,2.50,0.0000,true,1,7961
7290002008347,false,קורנפלור 500 גרם,,,קורנפלור 500 גרם,,500.00,100 גרם,false,,6.90,1.3800,true,1,7967
7290002008743,false,סוכר וניל 10*10 גרם,,,סוכר וניל 10*10 גרם,,100.00,100 גרם,false,,3.50,3.5000,true,1,7977
7290002026587,false,בראנץ אנד קראנץ וופל,,,בראנץ אנד קראנץ וופל,,28.00,100 גרם,false,,17.90,63.9286,true,1,14735
7290002057093,false,זית מנזלינו גדול מנז,,,זית מנזלינו גדול מנז,,540.00,100 גרם,false,,8.90,1.6481,true,1,53050
7290002057123,false,זיתים חרוזית ירוק קב,,,זיתים חרוזית ירוק קב,,275.00,100 גרם,false,,10.90,3.9636,true,1,53052
7290002057451,false,מלפפון בחומץ 7-9 קבו,,,מלפפון בחומץ 7-9 קבו,,560.00,100 גרם,false,,7.90,1.4107,true,1,53061
7290002057475,false,מלפפון בחומץ 13-17 ק,,,מלפפון בחומץ 13-17 ק,,560.00,100 גרם,false,,10.90,1.9464,true,1,53063
7290002057482,false,מלפפון בחומץ 18-25 ק,,,מלפפון בחומץ 18-25 ק,,560.00,100 גרם,false,,12.90,2.3036,true,1,53064
7290002065555,false,6 לחמניות רכות אנגל,,,6 לחמניות רכות אנגל,,450.00,100 גרם,false,,11.90,2.6444,true,1,36055
7290002129455,false,פיצה איטלקית   450 ג,,,פיצה איטלקית   450 ג,,450.00,100 גרם,false,,21.90,4.8667,true,1,17064
7290002130567,false,דבש טהור מפרחי בר בצ,,,דבש טהור מפרחי בר בצ,,350.00,100 גרם,false,,20.90,5.9714,true,1,22615
7290002132011,false,עבדי עוגיות מזרחיות,,,עבדי עוגיות מזרחיות,,400.00,100 גרם,false,,18.90,4.7250,true,1,25100
7290002157953,false,טונה בשמן קנולה וילי,,,טונה בשמן קנולה וילי,,560.00,100 גרם,false,,21.90,3.9107,true,1,17069
7290002190516,false,ממרח ריבת חלב קומידה,,,ממרח ריבת חלב קומידה,,500.00,100 גרם,false,,15.50,3.1000,true,1,25405
7290002195054,false,המבורגר בלדי 400ג,,,המבורגר בלדי 400ג,,400.00,100 גרם,false,,13.90,3.4750,true,1,35918
7290002195078,false,בלדי קבב כבש  400 גר,,,בלדי קבב כבש  400 גר,,400.00,100 גרם,false,,13.90,3.4750,true,1,35919
7290002195085,false,קבב מזרחי 400 גר בלד,,,קבב מזרחי 400 גר בלד,,400.00,100 גרם,false,,13.90,3.4750,true,1,35920
7290002195092,false,קבב רומני 400 גר',,,קבב רומני 400 גר',,400.00,100 גרם,false,,13.90,3.4750,true,1,35921
7290002253006,false,דורות שום כתוש טרי 2,,,דורות שום כתוש טרי 2,,200.00,100 גרם,false,,17.90,8.9500,true,1,19985
7290002253105,false,דורות מגשית קוביות ש,,,דורות מגשית קוביות ש,,80.00,100 גרם,false,,14.90,18.6250,true,1,19988
7290002253150,false,בזיליקום טרי קצוץ 70,,,בזיליקום טרי קצוץ 70,,70.00,100 גרם,false,,11.50,16.4286,true,1,19989
7290002253167,false,פטרוזליה טרייה קצוצה,,,פטרוזליה טרייה קצוצה,,70.00,100 גרם,false,,11.50,16.4286,true,1,19990
7290002255031,false,סיגרים במילוי בשר חט,,,סיגרים במילוי בשר חט,,800.00,100 גרם,false,,22.90,2.8625,true,1,52401
7290002255048,false,קובה למרק במילוי בשר,,,קובה למרק במילוי בשר,,800.00,100 גרם,false,,22.90,2.8625,true,1,52402
7290002255055,false,פלאפל חטיפי אלקיים 7,,,פלאפל חטיפי אלקיים 7,,700.00,100 גרם,false,,14.90,2.1286,true,1,52403
7290002255086,false,קובה ביתי במילוי בשר,,,קובה ביתי במילוי בשר,,700.00,100 גרם,false,,22.90,3.2714,true,1,52404
7290002317005,false,טבעות זיתים מושחרים,,,טבעות זיתים מושחרים,,560.00,100 גרם,false,,11.90,2.1250,true,1,24876
7290002317081,false,זיתים נטולי גלעין 20,,,זיתים נטולי גלעין 20,,670.00,100 גרם,false,,11.90,1.7761,true,1,24878
7290002317128,false,מלפפון במלח 10-12 מו,,,מלפפון במלח 10-12 מו,,560.00,100 גרם,false,,11.90,2.1250,true,1,24879
7290002317135,false,מלפפון במלח 13-17 מו,,,מלפפון במלח 13-17 מו,,560.00,100 גרם,false,,11.90,2.1250,true,1,24880
7290002317173,false,מלפפון בחומץ 13-17 מ,,,מלפפון בחומץ 13-17 מ,,560.00,100 גרם,false,,11.90,2.1250,true,1,24883
7290002317265,false,מלפפון במלח 20% 7-9,,,מלפפון במלח 20% 7-9,,670.00,100 גרם,false,,10.90,1.6269,true,1,24889
7290002317296,false,פלפל שיפקה + 20% מוט,,,פלפל שיפקה + 20% מוט,,550.00,100 גרם,false,,10.40,1.8909,true,1,24891
7290002317319,false,מלפפון בחומץ 7-9 20%,,,מלפפון בחומץ 7-9 20%,,670.00,100 גרם,false,,10.90,1.6269,true,1,24893
7290002317661,false,זיתים מנזלינו גדול מ,,,זיתים מנזלינו גדול מ,,560.00,100 גרם,false,,11.90,2.1250,true,1,24911
7290002317678,false,זיתים נטולי גלעין צנ,,,זיתים נטולי גלעין צנ,,560.00,100 גרם,false,,11.90,2.1250,true,1,24912
7290002319115,false,חומוס גדול מיה 500 ג,,,חומוס גדול מיה 500 ג,,500.00,100 גרם,false,,8.90,1.7800,true,1,15245
7290002319139,false,שעועית מיה 500 גרם,,,שעועית מיה 500 גרם,,500.00,100 גרם,false,,10.90,2.1800,true,1,15247
7290002327042,false,"בורקס תפו""א 800 ג",,,"בורקס תפו""א 800 ג",,800.00,100 גרם,false,,22.90,2.8625,true,1,17088
7290002327059,false,בצק עלים 1 ק`ג,,,בצק עלים 1 ק`ג,קילוגרמים,1.00,"ק""ג",false,,22.90,22.9000,true,1,17089
7290002327073,false,בורקס גבינה 800 גרם,,,בורקס גבינה 800 גרם,,800.00,100 גרם,false,,22.90,2.8625,true,1,17091
7290002331025,false,נביעות 1/2 ליטר ספור,,,נביעות 1/2 ליטר ספור,מיליליטרים,500.00,"100 מ""ל",false,,4.90,0.9800,true,1,7032
7290002331094,false,755מל מים מינרלים TO,,,755מל מים מינרלים TO,מיליליטרים,755.00,"100 מ""ל",false,,5.50,0.7285,true,1,7033
7290002331360,false,נביעות TO GO שישייה,,,נביעות TO GO שישייה,ליטרים,3.00,ליטר,false,,16.70,5.5667,true,1,7043
7290002331421,false,נביעות 6*755מל,,,נביעות 6*755מל,ליטרים,4.53,ליטר,false,,20.40,4.5033,true,1,7044
7290002331483,false,נביעות בייבי 320*6 מ,,,נביעות בייבי 320*6 מ,ליטרים,1.92,ליטר,false,,15.90,8.2813,true,1,7046
7290002331490,false,נביעות 1 ליטר,,,נביעות 1 ליטר,ליטרים,1.00,ליטר,false,,4.20,4.2000,true,1,7047
7290002344056,false,מטליות מיקרופייבר  מ,,,מטליות מיקרופייבר  מ,יחידה,0.00,יחידה,false,,14.90,0.0000,true,1,248290
7290002374268,false,שמן חמניות מילומור 1,,,שמן חמניות מילומור 1,ליטרים,1.00,ליטר,false,,11.90,11.9000,true,1,29883
7290002374312,false,שמן קנולה מילומור 1,,,שמן קנולה מילומור 1,ליטרים,1.00,ליטר,false,,11.90,11.9000,true,1,29884
7290002374640,false,שמן קנולה פלוס אומגה,,,שמן קנולה פלוס אומגה,ליטרים,1.00,ליטר,false,,17.90,17.9000,true,1,29886
7290002517863,false,תבלין ציפורן טחון טע,,,תבלין ציפורן טחון טע,,40.00,100 גרם,false,,9.40,23.5000,true,1,43366
7290002542506,false,קורונה בירה בקבוק 35,,,קורונה בירה בקבוק 35,מיליליטרים,355.00,"100 מ""ל",false,,9.90,2.7887,true,1,30188
7290002542865,false,בירה הוגרדן -שישיה *,,,בירה הוגרדן -שישיה *,ליטרים,1.98,ליטר,false,,49.90,25.2020,true,1,148470
7290002543237,false,קורנפלקס קלוגס 750 ג,,,קורנפלקס קלוגס 750 ג,,750.00,100 גרם,false,,16.90,2.2533,true,1,5333
7290002603498,false,פיצת השף מאיטליה CHE,,,פיצת השף מאיטליה CHE,,220.00,100 גרם,false,,18.90,8.5909,true,1,17141
7290002692393,false,שמן קנולה מועשר עץ ה,,,שמן קנולה מועשר עץ ה,ליטרים,1.00,ליטר,false,,16.90,16.9000,true,1,29888
7290002703068,false,צנצנת דבש עין חרוד 1,,,צנצנת דבש עין חרוד 1,קילוגרמים,1.00,"ק""ג",false,,45.90,45.9000,true,1,48199
7290002703310,false,צנצנת דבש עין חרוד 5,,,צנצנת דבש עין חרוד 5,,500.00,100 גרם,false,,23.90,4.7800,true,1,48204
7290002730941,false,צמר גפן פרוס בלונס 1,,,צמר גפן פרוס בלונס 1,,100.00,100 גרם,false,,6.90,6.9000,true,1,21766
7290002735007,false,"בצק עלים 1 ק""ג",,,"בצק עלים 1 ק""ג",קילוגרמים,1.00,"ק""ג",false,,14.90,14.9000,true,1,52427
7290002735014,false,ינון מלווח ארוז 800,,,ינון מלווח ארוז 800,,800.00,100 גרם,false,,14.90,1.8625,true,1,52428
7290002735021,false,ינון גחנון ארוז 750,,,ינון גחנון ארוז 750,,750.00,100 גרם,false,,14.90,1.9867,true,1,52429
7290002735113,false,בורקס גבינה ינון 800,,,בורקס גבינה ינון 800,,800.00,100 גרם,false,,16.90,2.1125,true,1,52430
7290002735120,false,"בורקס תפו""א ינון 800",,,"בורקס תפו""א ינון 800",,800.00,100 גרם,false,,14.90,1.8625,true,1,52431
7290002735274,false,ינון גחנון אפוי 600,,,ינון גחנון אפוי 600,,600.00,100 גרם,false,,16.90,2.8167,true,1,52432
7290002752332,false,מנטוס .סוכריות פירות,,,מנטוס .סוכריות פירות,,37.50,100 גרם,false,,3.90,10.4000,true,1,13057
7290002752349,false,מנטוס סוכריות מנטה 3,,,מנטוס סוכריות מנטה 3,,37.50,100 גרם,false,,3.90,10.4000,true,1,13058
7290002752493,false,טיק טק 1/4,,,טיק טק 1/4,,64.00,100 גרם,false,,10.90,17.0313,true,1,42404
7290002753223,false,טיק טק תפוז 4/1,,,טיק טק תפוז 4/1,,64.00,100 גרם,false,,10.90,17.0313,true,1,42405
7290002757139,false,שלושת האופים מלוואח,,,שלושת האופים מלוואח,,700.00,100 גרם,false,,14.90,2.1286,true,1,17166
7290002757511,false,דלידג קציצות דג לביש,,,דלידג קציצות דג לביש,,750.00,100 גרם,false,,35.90,4.7867,true,1,17169
7290002757535,false,בורקס פילו אצבעות גב,,,בורקס פילו אצבעות גב,,700.00,100 גרם,false,,21.90,3.1286,true,1,17171
7290002757542,false,איטריות קדאיף 400 גר,,,איטריות קדאיף 400 גר,,400.00,100 גרם,false,,21.90,5.4750,true,1,17172
7290002757665,false,קבב מזרחי 400 גרם,,,קבב מזרחי 400 גרם,,400.00,100 גרם,false,,12.90,3.2250,true,1,17173
7290002757672,false,המבורגר 400גרם נטו,,,המבורגר 400גרם נטו,,400.00,100 גרם,false,,12.90,3.2250,true,1,17174
7290002768074,false,סבון נוזלי דרמופון 1,,,סבון נוזלי דרמופון 1,יחידה,0.00,יחידה,false,,18.90,0.0000,true,1,30394
7290002787198,false,טונה בשמן קנולה וילי,,,טונה בשמן קנולה וילי,,140.00,100 גרם,false,,6.90,4.9286,true,1,182794
7290002787891,false,שלושת האופים מקלות ב,,,שלושת האופים מקלות ב,,600.00,100 גרם,false,,21.90,3.6500,true,1,17204
7290002824183,false,גבינה לבנה 5% סקי 50,,,גבינה לבנה 5% סקי 50,,500.00,100 גרם,false,,9.50,1.9000,true,1,23705
7290002824466,false,דנונה יוגורט ביו 0%,,,דנונה יוגורט ביו 0%,מיליליטרים,200.00,"100 מ""ל",false,,3.70,1.8500,true,1,23706
7290002824640,false,גבינה 5% סקי 250 גרם,,,גבינה 5% סקי 250 גרם,,250.00,100 גרם,false,,4.98,1.9920,true,1,23707
7290002825722,false,אחלה כרוב אדום 500ג,,,אחלה כרוב אדום 500ג,,500.00,100 גרם,false,,15.90,3.1800,true,1,23709
7290002827306,false,עוף ירושלים נקניקיות,,,עוף ירושלים נקניקיות,,400.00,100 גרם,false,,11.90,2.9750,true,1,47885
7290002827320,false,עוף ירושלים נקניקיות,,,עוף ירושלים נקניקיות,,400.00,100 גרם,false,,17.90,4.4750,true,1,47887
7290002827337,false,עוף ירושלים נקניקיות,,,עוף ירושלים נקניקיות,,400.00,100 גרם,false,,11.90,2.9750,true,1,47888
7290002868996,false,טרה קוטג מועשר 5% 25,,,טרה קוטג מועשר 5% 25,,250.00,100 גרם,false,,5.50,2.2000,true,1,6498
7290002871248,false,בירה טובורג רד בקבוק,,,בירה טובורג רד בקבוק,מיליליטרים,500.00,"100 מ""ל",false,,8.90,1.7800,true,1,7066
7290002871361,false,קרלסברג בירה בק.חוזר,,,קרלסברג בירה בק.חוזר,מיליליטרים,500.00,"100 מ""ל",false,,8.90,1.7800,true,1,7067
7290002881216,false,"רסק תפו""ע דיאט תפוחי",,,"רסק תפו""ע דיאט תפוחי",,700.00,100 גרם,false,,12.90,1.8429,true,1,25420
7290002881230,false,אננס חתוך תומר 850 ג,,,אננס חתוך תומר 850 ג,,850.00,100 גרם,false,,9.90,1.1647,true,1,25421
7290002881742,false,לבבות דקל פרוסות תומ,,,לבבות דקל פרוסות תומ,,400.00,100 גרם,false,,9.90,2.4750,true,1,25445
7290002881940,false,סרדין מרוקאי בשמן תו,,,סרדין מרוקאי בשמן תו,,125.00,100 גרם,false,,6.90,5.5200,true,1,25453
7290002881957,false,סרדין מרוקאי חריף תו,,,סרדין מרוקאי חריף תו,,125.00,100 גרם,false,,6.90,5.5200,true,1,25454
7290002900566,false,פסטרמה ברביקיו דל שו,,,פסטרמה ברביקיו דל שו,,360.00,100 גרם,false,,29.90,8.3056,true,1,25842
7290002909996,false,שעועית צהובה שלמה בל,,,שעועית צהובה שלמה בל,,800.00,100 גרם,false,,11.90,1.4875,true,1,273745
7290002921349,false,סופר גלו 3 זוגי,,,סופר גלו 3 זוגי,יחידה,0.00,יחידה,false,,15.90,0.0000,true,1,11596
7290002929642,false,טונה בשמן ויליגר רבי,,,טונה בשמן ויליגר רבי,,560.00,100 גרם,false,,21.90,3.9107,true,1,17222
7290002971962,false,קמח מלא 100% ללא צור,,,קמח מלא 100% ללא צור,קילוגרמים,1.00,"ק""ג",false,,9.90,9.9000,true,1,182976
7290002971993,false,קמח כוסמין מלא ללא צ,,,קמח כוסמין מלא ללא צ,קילוגרמים,1.00,"ק""ג",false,,15.90,15.9000,true,1,9421
7290002972365,false,קמח תופח ללא צורך בנ,,,קמח תופח ללא צורך בנ,קילוגרמים,1.00,"ק""ג",false,,9.90,9.9000,true,1,9423
7290002972426,false,קמח מלא 80% ללא צורך,,,קמח מלא 80% ללא צורך,קילוגרמים,1.00,"ק""ג",false,,9.90,9.9000,true,1,9424
7290002973676,false,קמח לחלה ללא צורך בנ,,,קמח לחלה ללא צורך בנ,קילוגרמים,1.00,"ק""ג",false,,9.90,9.9000,true,1,66578
7290002987963,false,אחלה חומוס 1קג,,,אחלה חומוס 1קג,קילוגרמים,1.00,"ק""ג",false,,14.90,14.9000,true,1,23710
7290003011087,false,אלסקה אורז בסמטי אלפ,,,אלסקה אורז בסמטי אלפ,קילוגרמים,1.00,"ק""ג",false,,10.90,10.9000,true,1,4694
7290003015641,false,ריצפז פרש יסמין 2 לי,,,ריצפז פרש יסמין 2 לי,ליטרים,2.00,ליטר,false,,19.90,9.9500,true,1,30407
7290003029181,false,יטבתה שוקו בקבוק 1ל,,,יטבתה שוקו בקבוק 1ל,ליטרים,1.00,ליטר,false,,12.90,12.9000,true,1,23714
7290003029372,false,יטבתה משקה חלב בננה,,,יטבתה משקה חלב בננה,ליטרים,1.00,ליטר,false,,12.90,12.9000,true,1,23717
7290003029389,false,יטבתה משקה חלב בננה+,,,יטבתה משקה חלב בננה+,מיליליטרים,250.00,"100 מ""ל",false,,5.90,2.3600,true,1,23718
7290003029433,false,יטבתה שוקו +פקק 250,,,יטבתה שוקו +פקק 250,מיליליטרים,250.00,"100 מ""ל",false,,5.90,2.3600,true,1,23719
7290003029532,false,יטבתה מוקה 1ל,,,יטבתה מוקה 1ל,ליטרים,1.00,ליטר,false,,12.90,12.9000,true,1,23721
7290003029792,false,יטבתה מהדרין שוקו שק,,,יטבתה מהדרין שוקו שק,ליטרים,1.80,ליטר,false,,20.90,11.6111,true,1,23723
7290003029815,false,חלב מועשר בכד2 ליטר,,,חלב מועשר בכד2 ליטר,ליטרים,2.00,ליטר,false,,15.90,7.9500,true,1,23724
7290003029907,false,יטבתה אייס קפה 1ל,,,יטבתה אייס קפה 1ל,ליטרים,1.00,ליטר,false,,12.90,12.9000,true,1,23726
7290003054657,false,חרדל דיג'ון אקסטרא פ,,,חרדל דיג'ון אקסטרא פ,,370.00,100 גרם,false,,12.50,3.3784,true,1,5342
7290003072859,false,רוסטביף טירת צבי 120,,,רוסטביף טירת צבי 120,,120.00,100 גרם,false,,23.90,19.9167,true,1,25867
7290003102136,false,צמר גפן כוטון סופט 1,,,צמר גפן כוטון סופט 1,,100.00,100 גרם,false,,5.90,5.9000,true,1,879
7290003102891,false,שקיות צליה הוסטס 10י,,,שקיות צליה הוסטס 10י,יחידה,0.00,יחידה,false,,5.90,0.0000,true,1,888
7290003107223,false,"סולת חיטה דגן 1 ק""ג",,,"סולת חיטה דגן 1 ק""ג",קילוגרמים,1.00,"ק""ג",false,,6.90,6.9000,true,1,9430
7290003107315,false,"סולת  דגן 1 ק""ג",,,"סולת  דגן 1 ק""ג",קילוגרמים,1.00,"ק""ג",false,,4.50,4.5000,true,1,9433
7290003107346,false,קמח חיטה לבן דגן 1 ק,,,קמח חיטה לבן דגן 1 ק,קילוגרמים,1.00,"ק""ג",false,,4.50,4.5000,true,1,9435
7290003126958,false,צוריאל גבינה גוש טופ,,,צוריאל גבינה גוש טופ,,300.00,100 גרם,false,,12.90,4.3000,true,1,6505
7290003141159,false,יוגטה מרשמלו 180 גר',,,יוגטה מרשמלו 180 גר',,180.00,100 גרם,false,,8.90,4.9444,true,1,42912
7290003144419,false,סילאן טבעי קלית גת 7,,,סילאן טבעי קלית גת 7,,710.00,100 גרם,false,,29.90,4.2113,true,1,13091
7290003185726,false,קבב מזרחי 500 גרם,,,קבב מזרחי 500 גרם,,500.00,100 גרם,false,,19.90,3.9800,true,1,17238
7290003217014,false,5 פיתות מזרחיות תנעמ,,,5 פיתות מזרחיות תנעמ,,500.00,100 גרם,false,,7.90,1.5800,true,1,4578
7290003220588,false,ווק רוטב צ'ילי מתוק,,,ווק רוטב צ'ילי מתוק,מיליליטרים,700.00,"100 מ""ל",false,,17.80,2.5429,true,1,182722
7290003220717,false,אצות נורי סילוור 10,,,אצות נורי סילוור 10,,25.00,100 גרם,false,,12.90,51.6000,true,1,182728
7290003220946,false,ווק דפי אורז 300 ג,,,ווק דפי אורז 300 ג,,300.00,100 גרם,false,,14.90,4.9667,true,1,42220
7290003229109,false,א.מ .פסטרמה בפפריקה,,,א.מ .פסטרמה בפפריקה,,400.00,100 גרם,false,,29.90,7.4750,true,1,25869
7290003229116,false,א.מ פסטרמה בדבש 400,,,א.מ פסטרמה בדבש 400,,400.00,100 גרם,false,,29.90,7.4750,true,1,25870
7290003229123,false,א.מ. פסטרמה על גחלים,,,א.מ. פסטרמה על גחלים,,400.00,100 גרם,false,,29.90,7.4750,true,1,25871
7290003229154,false,א.מ. סלמי קוניאק מוב,,,א.מ. סלמי קוניאק מוב,,300.00,100 גרם,false,,29.90,9.9667,true,1,25873
7290003229215,false,פסטרמה איטלקית 360 ג,,,פסטרמה איטלקית 360 ג,,360.00,100 גרם,false,,29.90,8.3056,true,1,25877
7290003251308,false,"אציטון משובח  100 מ""",,,"אציטון משובח  100 מ""",מיליליטרים,100.00,"100 מ""ל",false,,4.90,4.9000,true,1,21507
7290003268252,false,לחם חיטה מלא ללא גרע,,,לחם חיטה מלא ללא גרע,,750.00,100 גרם,false,,14.90,1.9867,true,1,4582
7290003321155,false,דנונה קראנצ' ששבי פק,,,דנונה קראנצ' ששבי פק,מיליליטרים,183.00,"100 מ""ל",false,,4.90,2.6776,true,1,23727
7290003321292,false,גבינה 9% סקי 250 גרם,,,גבינה 9% סקי 250 גרם,,250.00,100 גרם,false,,4.80,1.9200,true,1,23728
7290003411689,false,לפתניות 25 יח,,,לפתניות 25 יח,יחידה,0.00,יחידה,false,,5.90,0.0000,true,1,8024
7290003411993,false,גפרורים 10 יחידות,,,גפרורים 10 יחידות,יחידה,0.00,יחידה,false,,2.90,0.0000,true,1,8036
7290003438709,false,אוליביה ממרח זיתים ש,,,אוליביה ממרח זיתים ש,,190.00,100 גרם,false,,14.90,7.8421,true,1,52976
7290003461677,false,"חומוס אסלי 1 ק""ג",,,"חומוס אסלי 1 ק""ג",קילוגרמים,1.00,"ק""ג",false,,11.90,11.9000,true,1,17965
7290003461868,false,"חציל במיונז 1ק""ג",,,"חציל במיונז 1ק""ג",קילוגרמים,1.00,"ק""ג",false,,10.90,10.9000,true,1,17966
7290003521166,false,סרקל קרם רוזמרין 325,,,סרקל קרם רוזמרין 325,מיליליטרים,325.00,"100 מ""ל",false,,26.90,8.2769,true,1,29612
7290003550753,false,טונה בהירה בשמן פוסי,,,טונה בהירה בשמן פוסי,,308.00,100 גרם,false,,21.90,7.1104,true,1,17265
7290003578177,false,תירס גמדי שלם ויליפו,,,תירס גמדי שלם ויליפו,,210.00,100 גרם,false,,7.90,3.7619,true,1,2862
7290003598267,false,פולי סויה מקולפים אד,,,פולי סויה מקולפים אד,,400.00,100 גרם,false,,11.90,2.9750,true,1,182780
7290003598311,false,מינוט סטייק 300 גר'/,,,מינוט סטייק 300 גר'/,,300.00,100 גרם,false,,35.90,11.9667,true,1,35952
7290003643004,false,"סוגת אורז בסמטי 1 ק""",,,"סוגת אורז בסמטי 1 ק""",קילוגרמים,1.00,"ק""ג",false,,14.90,14.9000,true,1,17580
7290003643134,false,סוגת סוכר וניל 10 יח,,,סוגת סוכר וניל 10 יח,,100.00,100 גרם,false,,2.90,2.9000,true,1,17582
7290003643158,false,קונפלור 200 גרם,,,קונפלור 200 גרם,,200.00,100 גרם,false,,3.90,1.9500,true,1,17584
7290003643325,false,קוסקוס בינוני סוגת 3,,,קוסקוס בינוני סוגת 3,,350.00,100 גרם,false,,5.90,1.6857,true,1,17588
7290003643387,false,סוכר לבן בצנצנת סוגת,,,סוכר לבן בצנצנת סוגת,קילוגרמים,1.00,"ק""ג",false,,8.90,8.9000,true,1,17591
7290003643646,false,סוכר דמררה בצנצנת חו,,,סוכר דמררה בצנצנת חו,קילוגרמים,1.00,"ק""ג",false,,13.90,13.9000,true,1,17592
7290003643684,false,אפונה יבשה 500 גרם,,,אפונה יבשה 500 גרם,,500.00,100 גרם,false,,6.90,1.3800,true,1,17593
7290003643707,false,סוגת גריסים 500גר,,,סוגת גריסים 500גר,,500.00,100 גרם,false,,5.90,1.1800,true,1,17594
7290003643714,false,חומוס 500 גרם,,,חומוס 500 גרם,,500.00,100 גרם,false,,8.90,1.7800,true,1,17595
7290003643738,false,סוגת חיטה 500 גר,,,סוגת חיטה 500 גר,,500.00,100 גרם,false,,5.90,1.1800,true,1,17596
7290003643745,false,כוסמת 500 גרם,,,כוסמת 500 גרם,,500.00,100 גרם,false,,7.90,1.5800,true,1,17597
7290003643752,false,עדשים ירוקות 500 גרם,,,עדשים ירוקות 500 גרם,,500.00,100 גרם,false,,8.90,1.7800,true,1,17598
7290003643769,false,עדשים אדומות 500 גרם,,,עדשים אדומות 500 גרם,,500.00,100 גרם,false,,8.90,1.7800,true,1,17599
7290003643776,false,סוגת פופקורן 500 גרם,,,סוגת פופקורן 500 גרם,,500.00,100 גרם,false,,5.90,1.1800,true,1,17600
7290003643806,false,שעועית לבנה 500 גרם,,,שעועית לבנה 500 גרם,,500.00,100 גרם,false,,11.90,2.3800,true,1,17602
7290003643813,false,שעועית אדומה 500 גרם,,,שעועית אדומה 500 גרם,,500.00,100 גרם,false,,11.90,2.3800,true,1,17603
7290003681334,false,קוקוס 400 גר. בדצ,,,קוקוס 400 גר. בדצ,,400.00,100 גרם,false,,13.90,3.4750,true,1,15313
7290003706167,false,בצל ירוק ארוז,,,בצל ירוק ארוז,יח',1.00,יח',false,,5.90,5.9000,true,1,36190
7290003706440,false,בייבי מיקס נספק,,,בייבי מיקס נספק,יח',1.00,יח',false,,9.90,9.9000,true,1,36191
7290003781652,false,צלפים במלח ויליפוד 3,,,צלפים במלח ויליפוד 3,,350.00,100 גרם,false,,10.50,3.0000,true,1,2872
7290003807178,false,רוטב סויה בסגנון סינ,,,רוטב סויה בסגנון סינ,מיליליטרים,300.00,"100 מ""ל",false,,13.90,4.6333,true,1,10672
7290003882922,false,עלי גפן ממולאים באור,,,עלי גפן ממולאים באור,,360.00,100 גרם,false,,9.90,2.7500,true,1,2879
7290003903788,false,עלית קפוצינו טעם וני,,,עלית קפוצינו טעם וני,,200.00,100 גרם,false,,25.90,12.9500,true,1,22625
7290003989096,false,אחלה חציל פיקנטי 500,,,אחלה חציל פיקנטי 500,,500.00,100 גרם,false,,16.90,3.3800,true,1,23733
7290003989539,false,EAT GOOD רביולי גבינ,,,EAT GOOD רביולי גבינ,,400.00,100 גרם,false,,21.90,5.4750,true,1,23734
7290003989553,false,שטראוס טורטליני פטרי,,,שטראוס טורטליני פטרי,,400.00,100 גרם,false,,21.90,5.4750,true,1,23735
7290004011284,false,ריצ בסיס להכנת קצפת,,,ריצ בסיס להכנת קצפת,מיליליטרים,212.00,"100 מ""ל",false,,8.90,4.1981,true,1,17269
7290004011338,false,ריצ קצפת במיכל 250מל,,,ריצ קצפת במיכל 250מל,מיליליטרים,250.00,"100 מ""ל",false,,9.90,3.9600,true,1,17271
7290004011345,false,קצפת ריץ במיכל פרווה,,,קצפת ריץ במיכל פרווה,מיליליטרים,238.00,"100 מ""ל",false,,9.90,4.1597,true,1,17272
7290004011819,false,אל גאוצו המבורגר ריב,,,אל גאוצו המבורגר ריב,,360.00,100 גרם,false,,26.90,7.4722,true,1,17280
7290004011826,false,אל גאוצ'ו מיני המבור,,,אל גאוצ'ו מיני המבור,,320.00,100 גרם,false,,26.90,8.4062,true,1,17281
7290004014407,false,פינאטבאטר M&M עדשי ש,,,פינאטבאטר M&M עדשי ש,,46.00,100 גרם,false,,5.90,12.8261,true,1,21080
7290004030100,false,מיץ תפוזים סחוט וולנ,,,מיץ תפוזים סחוט וולנ,ליטרים,1.00,ליטר,false,,15.90,15.9000,true,1,50216
7290004030445,false,פרי ניב תפוז סחוט 1ל,,,פרי ניב תפוז סחוט 1ל,ליטרים,1.00,ליטר,false,,13.90,13.9000,true,1,50230
7290004030544,false,לימונדה לואיזה ולמון,,,לימונדה לואיזה ולמון,יחידה,0.00,יחידה,false,,13.90,0.0000,true,1,50233
7290004030612,false,פרי ניב מיץ קיוי אגס,,,פרי ניב מיץ קיוי אגס,ליטרים,1.00,ליטר,false,,14.90,14.9000,true,1,50236
7290004030834,false,מיץ סחוט רימונים 100,,,מיץ סחוט רימונים 100,ליטרים,1.00,ליטר,false,,23.80,23.8000,true,1,50249
7290004063016,false,"מלח שולחן סלית 1 ק""ג",,,"מלח שולחן סלית 1 ק""ג",קילוגרמים,1.00,"ק""ג",false,,1.90,1.9000,true,1,15823
7290004063115,false,מלח מטבח גס לבישול כ,,,מלח מטבח גס לבישול כ,קילוגרמים,1.00,"ק""ג",false,,1.90,1.9000,true,1,15824
7290004064358,false,מלח דק זורם בקלות בק,,,מלח דק זורם בקלות בק,קילוגרמים,1.00,"ק""ג",false,,5.20,5.2000,true,1,17617
7290004064389,false,מלח הימלאיה דק מלחיי,,,מלח הימלאיה דק מלחיי,,250.00,100 גרם,false,,11.90,4.7600,true,1,94501
7290004102326,false,תרד לא שטוף,,,תרד לא שטוף,,180.00,100 גרם,false,,11.90,6.6111,true,1,36192
7290004119225,false,יופלה אננס 3% 150מל,,,יופלה אננס 3% 150מל,,150.00,100 גרם,false,,5.50,3.6667,true,1,26361
7290004119973,false,קרלו שוקולדה 3% 125מ,,,קרלו שוקולדה 3% 125מ,מיליליטרים,125.00,"100 מ""ל",false,,3.50,2.8000,true,1,26364
7290004120061,false,קרלו שוניל 3% 125מל,,,קרלו שוניל 3% 125מל,מיליליטרים,125.00,"100 מ""ל",false,,3.50,2.8000,true,1,26365
7290004120573,false,פיראוס בולגרית בקר 1,,,פיראוס בולגרית בקר 1,,250.00,100 גרם,false,,22.90,9.1600,true,1,26374
7290004120634,false,פיראוס בולגרית 5% 25,,,פיראוס בולגרית 5% 25,,250.00,100 גרם,false,,22.90,9.1600,true,1,26375
7290004120832,false,"חלב תנובה טרי 3% בד""",,,"חלב תנובה טרי 3% בד""",ליטרים,2.00,ליטר,false,,12.46,6.2300,true,1,26377
7290004121488,false,יופלה דיאט אפרסק 0%,,,יופלה דיאט אפרסק 0%,מיליליטרים,150.00,"100 מ""ל",false,,5.50,3.6667,true,1,26378
7290004121853,false,פיראוס בולגרית בקובי,,,פיראוס בולגרית בקובי,,200.00,100 גרם,false,,21.90,10.9500,true,1,26382
7290004122119,false,שף לבן פתיתי פרמזן ל,,,שף לבן פתיתי פרמזן ל,,100.00,100 גרם,false,,12.90,12.9000,true,1,26384
7290004122195,false,גוש חלב פרוס 28% 200,,,גוש חלב פרוס 28% 200,,200.00,100 גרם,false,,13.90,6.9500,true,1,26385
7290004122270,false,עמק פרוס סגירה חוזרת,,,עמק פרוס סגירה חוזרת,,200.00,100 גרם,false,,16.40,8.2000,true,1,26386
7290004122348,false,עמק לייט 9% 200ג,,,עמק לייט 9% 200ג,,200.00,100 גרם,false,,16.90,8.4500,true,1,26387
7290004122676,false,פיראוס חמד לייט 5% 2,,,פיראוס חמד לייט 5% 2,,250.00,100 גרם,false,,19.90,7.9600,true,1,26389
7290004122683,false,עמק אצבעות 172ג,,,עמק אצבעות 172ג,,172.00,100 גרם,false,,16.90,9.8256,true,1,26390
7290004124847,false,שף לבן קצפת צמחית 24,,,שף לבן קצפת צמחית 24,מיליליטרים,500.00,"100 מ""ל",false,,17.50,3.5000,true,1,26400
7290004125370,false,תנובה שמנת מופחתת 9%,,,תנובה שמנת מופחתת 9%,מיליליטרים,200.00,"100 מ""ל",false,,3.90,1.9500,true,1,26402
7290004125400,false,"אשל 4.5% בד""צ מהדרין",,,"אשל 4.5% בד""צ מהדרין",מיליליטרים,200.00,"100 מ""ל",false,,1.69,0.8450,true,1,26403
7290004125417,false,"גיל 3% בד""צ מהדרין",,,"גיל 3% בד""צ מהדרין",מיליליטרים,200.00,"100 מ""ל",false,,1.51,0.7550,true,1,26404
7290004125455,false,תנובה שמנת אורגינל מ,,,תנובה שמנת אורגינל מ,מיליליטרים,200.00,"100 מ""ל",false,,2.40,1.2000,true,1,26405
7290004125462,false,תנובה שמנת חמוצה 15%,,,תנובה שמנת חמוצה 15%,מיליליטרים,500.00,"100 מ""ל",false,,6.00,1.2000,true,1,26406
7290004125509,false,תנובה שמנת חצי מנה 1,,,תנובה שמנת חצי מנה 1,מיליליטרים,100.00,"100 מ""ל",false,,1.80,1.8000,true,1,26407
7290004125578,false,משקה סויה תנובה מועש,,,משקה סויה תנובה מועש,ליטרים,1.00,ליטר,false,,11.90,11.9000,true,1,26408
7290004125585,false,סויה תנובה משקה סויה,,,סויה תנובה משקה סויה,ליטרים,1.00,ליטר,false,,11.90,11.9000,true,1,26409
7290004125721,false,שף לבן שמנת לבישול 1,,,שף לבן שמנת לבישול 1,מיליליטרים,250.00,"100 מ""ל",false,,8.90,3.5600,true,1,26411
7290004125738,false,שף לבן שמנת להקצפה 3,,,שף לבן שמנת להקצפה 3,מיליליטרים,250.00,"100 מ""ל",false,,6.90,2.7600,true,1,26412
7290004125776,false,עמק גבינה קשה פרוסה,,,עמק גבינה קשה פרוסה,,400.00,100 גרם,false,,29.90,7.4750,true,1,26413
7290004126674,false,עמק טל לייט 9% 200ג,,,עמק טל לייט 9% 200ג,,200.00,100 גרם,false,,18.90,9.4500,true,1,26416
7290004126872,false,משקאות חלב תנובה שוק,,,משקאות חלב תנובה שוק,מיליליטרים,250.00,"100 מ""ל",false,,5.90,2.3600,true,1,26418
7290004127329,false,קוטג' 5% תנובה מהדרי,,,קוטג' 5% תנובה מהדרי,,250.00,100 גרם,false,,5.70,2.2800,true,1,26420
7290004127336,false,קוטג' תנובה מהדרין 9,,,קוטג' תנובה מהדרין 9,,250.00,100 גרם,false,,5.70,2.2800,true,1,26421
7290004127800,false,תנובה גבינה לבנה 5%,,,תנובה גבינה לבנה 5%,,500.00,100 גרם,false,,9.96,1.9920,true,1,26423
7290004127817,false,תנובה גבינה לבנה 9%,,,תנובה גבינה לבנה 9%,,500.00,100 גרם,false,,9.50,1.9000,true,1,26424
7290004127862,false,תנובה גבינה למריחה מ,,,תנובה גבינה למריחה מ,,750.00,100 גרם,false,,14.90,1.9867,true,1,26425
7290004128432,false,שף לבן פתיתי גבינה מ,,,שף לבן פתיתי גבינה מ,,500.00,100 גרם,false,,22.70,4.5400,true,1,26431
7290004129101,false,נפוליאון בטעם טבעי 2,,,נפוליאון בטעם טבעי 2,,225.00,100 גרם,false,,14.90,6.6222,true,1,26432
7290004129156,false,נפוליאון שום שמיר 25,,,נפוליאון שום שמיר 25,,225.00,100 גרם,false,,14.90,6.6222,true,1,26434
7290004130794,false,סויה תנובה טבעי במתי,,,סויה תנובה טבעי במתי,ליטרים,1.00,ליטר,false,,11.90,11.9000,true,1,26441
7290004131074,false,חלב תנובה הומוגני מה,,,חלב תנובה הומוגני מה,ליטרים,1.00,ליטר,false,,6.23,6.2300,true,1,26444
7290004131456,false,יופלה לבן 1.5% 200מל,,,יופלה לבן 1.5% 200מל,מיליליטרים,200.00,"100 מ""ל",false,,4.50,2.2500,true,1,26449
7290004131531,false,משקה חלב תנובה שוקו,,,משקה חלב תנובה שוקו,ליטרים,1.00,ליטר,false,,13.50,13.5000,true,1,26451
7290004131814,false,פיראוס צפתית מעודנת,,,פיראוס צפתית מעודנת,,200.00,100 גרם,false,,14.90,7.4500,true,1,26452
7290004132552,false,סויה תנובה לייט בטעם,,,סויה תנובה לייט בטעם,ליטרים,1.00,ליטר,false,,11.90,11.9000,true,1,26459
7290004132712,false,עמק אצבעות מוצרלה 20,,,עמק אצבעות מוצרלה 20,,174.00,100 גרם,false,,16.90,9.7126,true,1,26461
7290004133511,false,יופלה לבן מעודן 1.5%,,,יופלה לבן מעודן 1.5%,ליטרים,1.20,ליטר,false,,21.90,18.2500,true,1,26466
7290004135058,false,קרלו מהדרין מיני שוק,,,קרלו מהדרין מיני שוק,מיליליטרים,800.00,"100 מ""ל",false,,13.90,1.7375,true,1,26473
7290004135225,false,מעדן תנובה דיאט שוקו,,,מעדן תנובה דיאט שוקו,מיליליטרים,150.00,"100 מ""ל",false,,4.50,3.0000,true,1,26476
7290004135614,false,פיראוס בולגרית מעודנ,,,פיראוס בולגרית מעודנ,,250.00,100 גרם,false,,21.90,8.7600,true,1,26478
7290004136598,false,מארז הפסקת אוכל חלב,,,מארז הפסקת אוכל חלב,,150.00,100 גרם,false,,9.90,6.6000,true,1,26485
7290004136857,false,ג'לי תנובה פטל 125מל,,,ג'לי תנובה פטל 125מל,מיליליטרים,125.00,"100 מ""ל",false,,2.90,2.3200,true,1,26486
7290004136864,false,ג'לי תנובה אננס עם ח,,,ג'לי תנובה אננס עם ח,מיליליטרים,125.00,"100 מ""ל",false,,2.90,2.3200,true,1,26487
7290004136871,false,ג'לי תנובה אפרסק עם,,,ג'לי תנובה אפרסק עם,מיליליטרים,125.00,"100 מ""ל",false,,2.90,2.3200,true,1,26488
7290004137021,false,שף לבן שמנת לבישול 1,,,שף לבן שמנת לבישול 1,מיליליטרים,250.00,"100 מ""ל",false,,8.90,3.5600,true,1,26490
7290004137311,false,עמק לייט משפחתית 9%,,,עמק לייט משפחתית 9%,,400.00,100 גרם,false,,30.90,7.7250,true,1,26491
7290004137809,false,פיראוס לאבנה 5% 250ג,,,פיראוס לאבנה 5% 250ג,,250.00,100 גרם,false,,13.90,5.5600,true,1,26492
7290004200244,false,פרסים רמה 3,,,פרסים רמה 3,יחידה,0.00,יחידה,false,,9.50,0.0000,true,1,32848
7290004225285,false,סגנון דנאבלו 100 גרם,,,סגנון דנאבלו 100 גרם,,100.00,100 גרם,false,,10.90,10.9000,true,1,17283
7290004537241,false,אפונת גינה קפואה 800,,,אפונת גינה קפואה 800,,800.00,100 גרם,false,,11.90,1.4875,true,1,52434
7290004537258,false,אפונה וגזר 800 גר שד,,,אפונה וגזר 800 גר שד,,800.00,100 גרם,false,,12.90,1.6125,true,1,52435
7290004537272,false,פול קפוא 800גר שדה ב,,,פול קפוא 800גר שדה ב,,800.00,100 גרם,false,,17.90,2.2375,true,1,52437
7290004537357,false,גרעיני תירס 800 גר ש,,,גרעיני תירס 800 גר ש,,800.00,100 גרם,false,,12.90,1.6125,true,1,52444
7290004584306,false,גמדים תות בננה 4*100,,,גמדים תות בננה 4*100,מיליליטרים,400.00,"100 מ""ל",false,,11.90,2.9750,true,1,23736
7290004584351,false,סימפוניה חמישית 200ג,,,סימפוניה חמישית 200ג,,200.00,100 גרם,false,,12.50,6.2500,true,1,23737
7290004584528,false,דנונה יוגורט טבעי 1.,,,דנונה יוגורט טבעי 1.,מיליליטרים,200.00,"100 מ""ל",false,,3.70,1.8500,true,1,23738
7290004585907,false,דני וניל מהדרין 130מ,,,דני וניל מהדרין 130מ,מיליליטרים,130.00,"100 מ""ל",false,,2.90,2.2308,true,1,23739
7290004731519,false,סנו מקסימה למייבש סנ,,,סנו מקסימה למייבש סנ,מיליליטרים,750.00,"100 מ""ל",false,,18.90,2.5200,true,1,30430
7290004731564,false,סנו מקסימה מבשם ומרכ,,,סנו מקסימה מבשם ומרכ,מיליליטרים,750.00,"100 מ""ל",false,,18.90,2.5200,true,1,30432
7290004872250,false,אבטיח שרבט,,,אבטיח שרבט,,540.00,100 גרם,false,,6.90,1.2778,true,1,16474
7290004944056,false,חציל במיונז 400גר,,,חציל במיונז 400גר,,400.00,100 גרם,false,,10.90,2.7250,true,1,17977
7290005040993,false,ערמונים קלויים קלופי,,,ערמונים קלויים קלופי,יח',1.00,יח',false,,4.50,4.5000,true,1,51740
7290005174513,false,חציל במיונז אחלה 500,,,חציל במיונז אחלה 500,,500.00,100 גרם,false,,16.90,3.3800,true,1,23740
7290005174551,false,אחלה חומוס 125ג,,,אחלה חומוס 125ג,,125.00,100 גרם,false,,5.90,4.7200,true,1,23741
7290005174575,false,אחלה טחינה 125גר,,,אחלה טחינה 125גר,,125.00,100 גרם,false,,5.90,4.7200,true,1,23743
7290005197758,false,חיוכים של שוקו,,,חיוכים של שוקו,,150.00,100 גרם,false,,5.50,3.6667,true,1,22632
7290005199288,false,מאסט פטל לימון 28 גר,,,מאסט פטל לימון 28 גר,,28.00,100 גרם,false,,4.50,16.0714,true,1,22635
7290005200786,false,תפוציפס שמנת ובצל 50,,,תפוציפס שמנת ובצל 50,,50.00,100 גרם,false,,4.30,8.6000,true,1,24630
7290005287206,false,טונה בשמן סטארקיסט ר,,,טונה בשמן סטארקיסט ר,,640.00,100 גרם,false,,26.90,4.2031,true,1,27173
7290005287251,false,טונה במים סטארקיסט ר,,,טונה במים סטארקיסט ר,,640.00,100 גרם,false,,26.90,4.2031,true,1,27176
7290005326585,false,אוליביה פסטו בזיליקו,,,אוליביה פסטו בזיליקו,,180.00,100 גרם,false,,12.90,7.1667,true,1,26498
7290005403972,false,תחתיות ארטישוק 400 ג,,,תחתיות ארטישוק 400 ג,,400.00,100 גרם,false,,17.90,4.4750,true,1,52447
7290005403989,false,במיה קפואה 600 גרם ש,,,במיה קפואה 600 גרם ש,,600.00,100 גרם,false,,11.90,1.9833,true,1,52448
7290005423055,false,מתז פורטה פלוס בניחו,,,מתז פורטה פלוס בניחו,ליטרים,1.00,100 ליטר,false,,19.90,1990.0000,true,1,30445
7290005423833,false,סנו פוליויקס פרקט 2,,,סנו פוליויקס פרקט 2,ליטרים,2.00,ליטר,false,,22.90,11.4500,true,1,30463
7290005423918,false,מרכך כביסה סנו מקסימ,,,מרכך כביסה סנו מקסימ,ליטרים,4.00,ליטר,false,,24.90,6.2250,true,1,30466
7290005424762,false,ריצפז פלוס ווקס דוחה,,,ריצפז פלוס ווקס דוחה,ליטרים,2.00,ליטר,false,,30.90,15.4500,true,1,30479
7290005425202,false,אבקת כביסה סנו מקסימ,,,אבקת כביסה סנו מקסימ,קילוגרמים,2.50,"ק""ג",false,,28.90,11.5600,true,1,30492
7290005425646,false,סנוקליר נוזל רב תכלי,,,סנוקליר נוזל רב תכלי,יחידה,0.00,יחידה,false,,12.90,0.0000,true,1,30499
7290005426230,false,סנו סושי מטלית הפלא,,,סנו סושי מטלית הפלא,יחידה,0.00,יחידה,false,,13.90,0.0000,true,1,30511
7290005427107,false,סנו סושי מגבות הפלא,,,סנו סושי מגבות הפלא,מטרים,63.50,מטר,false,,12.90,0.2031,true,1,30528
7290005431883,false,עדן מלבי חלבי 165 גר,,,עדן מלבי חלבי 165 גר,,165.00,100 גרם,false,,7.50,4.5455,true,1,26509
7290005431906,false,עדן קדאיף 82 גרם,,,עדן קדאיף 82 גרם,,82.00,100 גרם,false,,7.50,9.1463,true,1,26511
7290005431913,false,קינוחי עדן עוגת גבינ,,,קינוחי עדן עוגת גבינ,,92.00,100 גרם,false,,7.50,8.1522,true,1,26512
7290005431920,false,עדן עוגת גבינה פירור,,,עדן עוגת גבינה פירור,,78.00,100 גרם,false,,7.50,9.6154,true,1,26513
7290005559709,false,בורקס פיצה 700 גרם,,,בורקס פיצה 700 גרם,,700.00,100 גרם,false,,27.90,3.9857,true,1,36256
7290005559907,false,פיצה משפחתית גבינה 5,,,פיצה משפחתית גבינה 5,,500.00,100 גרם,false,,23.90,4.7800,true,1,36259
7290005559914,false,פיצה משפחתית זיתים 5,,,פיצה משפחתית זיתים 5,,550.00,100 גרם,false,,23.90,4.3455,true,1,36260
7290005559990,false,בצק פילאס תורכי מעדנ,,,בצק פילאס תורכי מעדנ,,600.00,100 גרם,false,,28.90,4.8167,true,1,36264
7290005591761,false,דבש טהור מפרחי בר בל,,,דבש טהור מפרחי בר בל,,400.00,100 גרם,false,,26.90,6.7250,true,1,22644
7290005610127,false,תפו`א גורמה  לבן דוד,,,תפו`א גורמה  לבן דוד,קילוגרמים,1.00,"ק""ג",true,,7.90,7.9000,true,1,51732
7290005838002,false,דניאלה מעדן גבינה 15,,,דניאלה מעדן גבינה 15,מיליליטרים,150.00,"100 מ""ל",false,,4.30,2.8667,true,1,23745
7290005839078,false,דנונה ביו מארז חסכון,,,דנונה ביו מארז חסכון,קילוגרמים,1.20,"ק""ג",false,,17.90,14.9167,true,1,23748
7290005839108,false,סימפוניה עם זיתים 5%,,,סימפוניה עם זיתים 5%,,200.00,100 גרם,false,,12.50,6.2500,true,1,23749
7290005839313,false,מילקי טופ מגולגלת 14,,,מילקי טופ מגולגלת 14,מיליליטרים,142.00,"100 מ""ל",false,,5.00,3.5211,true,1,23750
7290005854040,false,אסקימו משמש,,,אסקימו משמש,יחידה,0.00,יחידה,false,,1.90,0.0000,true,1,4309
7290005896439,false,מכבי בקבוק חוזר 500,,,מכבי בקבוק חוזר 500,מיליליטרים,500.00,"100 מ""ל",false,,6.90,1.3800,true,1,9595
7290005896453,false,בירה מכבי 7.9 בקבוק,,,בירה מכבי 7.9 בקבוק,מיליליטרים,500.00,"100 מ""ל",false,,8.90,1.7800,true,1,9596
7290005896460,false,איגל בירה חזקה 7.8%,,,איגל בירה חזקה 7.8%,מיליליטרים,500.00,"100 מ""ל",false,,6.90,1.3800,true,1,9597
7290005902048,false,מטאטא גומי `רב מגב,,,מטאטא גומי `רב מגב,יחידה,0.00,יחידה,false,,59.90,0.0000,true,1,48404
7290005902505,false,רב מגב 2 גומי טבעי,,,רב מגב 2 גומי טבעי,יחידה,0.00,יחידה,false,,62.90,0.0000,true,1,217940
7290005938245,false,פרסקו ממרח מצונן פסט,,,פרסקו ממרח מצונן פסט,,220.00,100 גרם,false,,19.90,9.0455,true,1,17335
7290005966033,false,יקבי רמת הגולן הר חר,,,יקבי רמת הגולן הר חר,מיליליטרים,750.00,"100 מ""ל",false,,33.90,4.5200,true,1,42555
7290005992018,false,גד יוגורט עיזים 3% 5,,,גד יוגורט עיזים 3% 5,מיליליטרים,500.00,"100 מ""ל",false,,13.90,2.7800,true,1,14986
7290006065018,false,אמנון 7-9 80% דג קפו,,,אמנון 7-9 80% דג קפו,קילוגרמים,1.00,"ק""ג",true,,34.90,34.9000,true,1,240759
7290006065049,false,פילה באס יפני 7-9 20,,,פילה באס יפני 7-9 20,קילוגרמים,1.00,"ק""ג",true,,41.90,41.9000,true,1,141178
7290006065179,false,סטייק טונה קפוא בואק,,,סטייק טונה קפוא בואק,קילוגרמים,1.00,"ק""ג",true,,39.90,39.9000,true,1,95601
7290006065599,false,פילה בקלה מרלוזה ארג,,,פילה בקלה מרלוזה ארג,קילוגרמים,1.00,"ק""ג",true,,37.90,37.9000,true,1,141179
7290006129345,false,אנטריקוט דק דק חלק 3,,,אנטריקוט דק דק חלק 3,,300.00,100 גרם,false,,34.90,11.6333,true,1,2361
7290006229427,false,"סאן בנדטו 6*500 מ""ל",,,"סאן בנדטו 6*500 מ""ל",ליטרים,3.00,ליטר,false,,13.90,4.6333,true,1,9612
7290006229588,false,איגל בירה פחית זהב 5,,,איגל בירה פחית זהב 5,מיליליטרים,500.00,"100 מ""ל",false,,6.90,1.3800,true,1,9613
7290006241191,false,אגוזי מלך 150 גרם קל,,,אגוזי מלך 150 גרם קל,,150.00,100 גרם,false,,17.90,11.9333,true,1,13114
7290006251275,false,תה ירוק סיני,,,תה ירוק סיני,,37.50,100 גרם,false,,23.90,63.7333,true,1,25120
7290006251374,false,תה ירוק לימונית וג'י,,,תה ירוק לימונית וג'י,,25.00,100 גרם,false,,23.90,95.6000,true,1,25123
7290006265548,false,נבטים סינים,,,נבטים סינים,יח',1.00,יח',false,,6.90,6.9000,true,1,42467
7290006271648,false,מיני בורקס תפו`א 800,,,מיני בורקס תפו`א 800,,800.00,100 גרם,false,,22.90,2.8625,true,1,36270
7290006272072,false,חטיפי פיצה מעדנות 65,,,חטיפי פיצה מעדנות 65,,650.00,100 גרם,false,,33.90,5.2154,true,1,36274
7290006272430,false,בצק עלים חמאה 600 גר,,,בצק עלים חמאה 600 גר,,600.00,100 גרם,false,,30.90,5.1500,true,1,36276
7290006342645,false,טורטייה 840 גרם,,,טורטייה 840 גרם,,840.00,100 גרם,false,,15.90,1.8929,true,1,4711
7290006449955,false,מלפפון בייבי,,,מלפפון בייבי,יח',1.00,יח',false,,9.90,9.9000,true,1,139142
7290006494917,false,טוסו וופל טעם שוקולד,,,טוסו וופל טעם שוקולד,,180.00,100 גרם,false,,12.50,6.9444,true,1,5868
7290006511157,false,פטריות שלמות שמפיניו,,,פטריות שלמות שמפיניו,,230.00,100 גרם,false,,7.90,3.4348,true,1,2898
7290006511751,false,פטריות חתוכות ויליפו,,,פטריות חתוכות ויליפו,,870.00,100 גרם,false,,13.00,1.4943,true,1,2901
7290006532008,false,צ'יפס טעים טעים 1.8,,,צ'יפס טעים טעים 1.8,קילוגרמים,1.80,"ק""ג",false,,24.90,13.8333,true,1,52462
7290006582799,false,ג'ינג'ר מסוכר 200 גר,,,ג'ינג'ר מסוכר 200 גר,,200.00,100 גרם,false,,14.90,7.4500,true,1,68894
7290006618085,false,אסטוניש מרסס לאמבט 7,,,אסטוניש מרסס לאמבט 7,מיליליטרים,750.00,"100 מ""ל",false,,14.90,1.9867,true,1,11613
7290006652027,false,במבה יום הולדת מאח.1,,,במבה יום הולדת מאח.1,,300.00,100 גרם,false,,24.90,8.3000,true,1,18969
7290006664037,false,גמדים ארוחת בוקר 4*1,,,גמדים ארוחת בוקר 4*1,מיליליטרים,400.00,"100 מ""ל",false,,11.90,2.9750,true,1,23753
7290006664051,false,אקטימל טבעי 14*100מל,,,אקטימל טבעי 14*100מל,ליטרים,1.40,ליטר,false,,33.90,24.2143,true,1,23754
7290006664310,false,גבינה 3% סקי 250 גרם,,,גבינה 3% סקי 250 גרם,,250.00,100 גרם,false,,4.80,1.9200,true,1,23757
7290006664402,false,שטראוס גבינה 5% 750ג,,,שטראוס גבינה 5% 750ג,,750.00,100 גרם,false,,14.25,1.9000,true,1,23758
7290006664532,false,דנונה תות 3% 150מל,,,דנונה תות 3% 150מל,,150.00,100 גרם,false,,3.90,2.6000,true,1,23759
7290006664655,false,אקטימל טבעי 8*100מל,,,אקטימל טבעי 8*100מל,מיליליטרים,800.00,"100 מ""ל",false,,22.90,2.8625,true,1,23761
7290006664693,false,דנונה אפרסק 3% 150מל,,,דנונה אפרסק 3% 150מל,,150.00,100 גרם,false,,3.90,2.6000,true,1,23762
7290006664990,false,דנונה ביו מארז חיסכו,,,דנונה ביו מארז חיסכו,קילוגרמים,1.20,"ק""ג",false,,17.90,14.9167,true,1,23764
7290006704016,false,בזיליקום ארוז יחידה,,,בזיליקום ארוז יחידה,יח',1.00,יח',false,,5.90,5.9000,true,1,36194
7290006704092,false,מרווה יחידה,,,מרווה יחידה,יח',1.00,יח',false,,5.90,5.9000,true,1,42472
7290006704108,false,קורנית /טימין  יח',,,קורנית /טימין  יח',יח',1.00,יח',false,,5.90,5.9000,true,1,42473
7290006704511,false,תפוא ננסי מיקרוגל,,,תפוא ננסי מיקרוגל,,750.00,100 גרם,false,,6.90,0.9200,true,1,36197
7290006739292,false,פסטרמה תבור 330גר,,,פסטרמה תבור 330גר,,330.00,100 גרם,false,,33.90,10.2727,true,1,39875
7290006739414,false,סלמי קוניאק זוגלובק,,,סלמי קוניאק זוגלובק,,300.00,100 גרם,false,,32.00,10.6667,true,1,39880
7290006739445,false,שניצל תירס קלאסי 750,,,שניצל תירס קלאסי 750,,750.00,100 גרם,false,,24.90,3.3200,true,1,39882
7290006741363,false,"זוגלובק בורקס תפו""א",,,"זוגלובק בורקס תפו""א",,800.00,100 גרם,false,,16.90,2.1125,true,1,39895
7290006742278,false,פסטרממיה צלויה על לב,,,פסטרממיה צלויה על לב,,330.00,100 גרם,false,,33.90,10.2727,true,1,39904
7290006742292,false,פסטרממיה בדבש 1% 330,,,פסטרממיה בדבש 1% 330,,330.00,100 גרם,false,,33.90,10.2727,true,1,39905
7290006742315,false,חזה הודו ברביקיו 1%,,,חזה הודו ברביקיו 1%,,330.00,100 גרם,false,,33.90,10.2727,true,1,39907
7290006764065,false,נשר מאלט בקבוק פקדון,,,נשר מאלט בקבוק פקדון,מיליליטרים,500.00,"100 מ""ל",false,,5.50,1.1000,true,1,9615
7290006764072,false,גולדסטאר בירה בק חוז,,,גולדסטאר בירה בק חוז,מיליליטרים,500.00,"100 מ""ל",false,,7.90,1.5800,true,1,9616
7290006764485,false,נשר מאלט 6*330מל,,,נשר מאלט 6*330מל,ליטרים,1.98,ליטר,false,,32.90,16.6162,true,1,9624
7290006765000,false,8 טורטיות חיטה מלאה,,,8 טורטיות חיטה מלאה,,540.00,100 גרם,false,,11.90,2.2037,true,1,4716
7290006788061,false,מרכך לשיער רגיל קרלי,,,מרכך לשיער רגיל קרלי,מיליליטרים,700.00,"100 מ""ל",false,,13.90,1.9857,true,1,30588
7290006788436,false,דאו' רולאון נושם פיו,,,דאו' רולאון נושם פיו,,75.00,100 גרם,false,,12.90,17.2000,true,1,30605
7290006788467,false,דאו' תרסיס נושם בורד,,,דאו' תרסיס נושם בורד,מיליליטרים,200.00,"100 מ""ל",false,,12.90,6.4500,true,1,30608
7290006788498,false,דאו' תרסיס נושם ורוד,,,דאו' תרסיס נושם ורוד,מיליליטרים,200.00,"100 מ""ל",false,,12.90,6.4500,true,1,30611
7290006822192,false,אושן ספרי דיאט חמוצי,,,אושן ספרי דיאט חמוצי,ליטרים,1.00,ליטר,false,,12.90,12.9000,true,1,7128
7290006908384,false,פיסטוק חלבי 150 גרם,,,פיסטוק חלבי 150 גרם,,150.00,100 גרם,false,,18.90,12.6000,true,1,1490
7290006908391,false,קשיו קלוי 150 גר` פי,,,קשיו קלוי 150 גר` פי,,150.00,100 גרם,false,,17.90,11.9333,true,1,1491
7290006983763,false,עוגת הבית שוקולד 400,,,עוגת הבית שוקולד 400,,400.00,100 גרם,false,,14.90,3.7250,true,1,18980
7290006983787,false,עוגת הבית שוקוציפס 4,,,עוגת הבית שוקוציפס 4,,400.00,100 גרם,false,,14.90,3.7250,true,1,18982
7290006983794,false,עוגת הבית תפוז 400גר,,,עוגת הבית תפוז 400גר,,400.00,100 גרם,false,,14.90,3.7250,true,1,18983
7290006992161,false,מטרנה דייסת קורנפלור,,,מטרנה דייסת קורנפלור,,200.00,100 גרם,false,,15.90,7.9500,true,1,18985
7290008101318,false,פירורי לחם זהוב קלאס,,,פירורי לחם זהוב קלאס,,300.00,100 גרם,false,,6.90,2.3000,true,1,236512
7290008101356,false,פירורי לחם פנקו זהוב,,,פירורי לחם פנקו זהוב,,300.00,100 גרם,false,,9.90,3.3000,true,1,240692
7290008154222,false,שניצלונים עוף טוב 70,,,שניצלונים עוף טוב 70,,700.00,100 גרם,false,,19.90,2.8429,true,1,20021
7290008175173,false,חמאה מפינלנד 200גר',,,חמאה מפינלנד 200גר',,200.00,100 גרם,false,,10.90,5.4500,true,1,2902
7290008268301,false,אוכמניות,,,אוכמניות,,120.00,100 גרם,false,,11.90,9.9167,true,1,48663
7290008340618,false,סלמון 100 מעושן מצונ,,,סלמון 100 מעושן מצונ,,100.00,100 גרם,false,,20.90,20.9000,true,1,17352
7290008343466,false,בצק פילו 500 גרם,,,בצק פילו 500 גרם,,500.00,100 גרם,false,,21.90,4.3800,true,1,17355
7290008344272,false,המבורגר 100% 400 ג'-,,,המבורגר 100% 400 ג'-,,400.00,100 גרם,false,,19.90,4.9750,true,1,17371
7290008345583,false,300 איקרה ביתית ורוד,,,300 איקרה ביתית ורוד,,300.00,100 גרם,false,,20.90,6.9667,true,1,17376
7290008409100,false,אצבעות שניצל ציפוי ש,,,אצבעות שניצל ציפוי ש,,700.00,100 גרם,false,,37.90,5.4143,true,1,26045
7290008409315,false,מאמא עוף מיני דק שני,,,מאמא עוף מיני דק שני,,500.00,100 גרם,false,,24.90,4.9800,true,1,26051
7290008409551,false,שניצל עוף אמיתי בציפ,,,שניצל עוף אמיתי בציפ,,700.00,100 גרם,false,,39.90,5.7000,true,1,26063
7290008409582,false,שניצל אמיתי בציפוי ב,,,שניצל אמיתי בציפוי ב,,700.00,100 גרם,false,,39.90,5.7000,true,1,26066
7290008415071,false,צבר חומוס עם טחינה 1,,,צבר חומוס עם טחינה 1,,150.00,100 גרם,false,,5.90,3.9333,true,1,20024
7290008443616,false,מרכך לשיער יבש אדום,,,מרכך לשיער יבש אדום,מיליליטרים,750.00,"100 מ""ל",false,,12.90,1.7200,true,1,30634
7290008453868,false,פרנה מאמא רביעיה,,,פרנה מאמא רביעיה,יחידה,0.00,יחידה,false,,17.90,0.0000,true,1,21489
7290008464222,false,מכבי 7.9 פחית 500 מל,,,מכבי 7.9 פחית 500 מל,מיליליטרים,500.00,"100 מ""ל",false,,8.90,1.7800,true,1,9638
7290008464468,false,"גולדסטאר פחית 500מ""ל",,,"גולדסטאר פחית 500מ""ל",מיליליטרים,500.00,"100 מ""ל",false,,8.90,1.7800,true,1,9649
7290008464604,false,הייניקן בירה פח 500מ,,,הייניקן בירה פח 500מ,מיליליטרים,500.00,"100 מ""ל",false,,13.90,2.7800,true,1,9658
7290008464741,false,"גולדסטאר ח""פ בקבוק 6",,,"גולדסטאר ח""פ בקבוק 6",ליטרים,1.98,ליטר,false,,40.90,20.6566,true,1,9665
7290008464796,false,"הייניקן בקבוק ח""פ 6*",,,"הייניקן בקבוק ח""פ 6*",ליטרים,1.98,ליטר,false,,46.90,23.6869,true,1,9668
7290008470759,false,אורביט סטיקס ספירמינ,,,אורביט סטיקס ספירמינ,יחידה,0.00,יחידה,false,,15.40,0.0000,true,1,21084
7290008500128,false,עוגת שמרים טעם שוקול,,,עוגת שמרים טעם שוקול,,500.00,100 גרם,false,,26.90,5.3800,true,1,104788
7290008500142,false,"עוגת שמרים טעם תפו""ע",,,"עוגת שמרים טעם תפו""ע",,480.00,100 גרם,false,,26.90,5.6042,true,1,158403
7290008500159,false,עוגת שמרים טעם גבינה,,,עוגת שמרים טעם גבינה,,480.00,100 גרם,false,,26.90,5.6042,true,1,104790
7290008644112,false,אחלה מטבוחה 125ג,,,אחלה מטבוחה 125ג,,125.00,100 גרם,false,,5.90,4.7200,true,1,23766
7290008670142,false,רקנאטי יסמין אדום 75,,,רקנאטי יסמין אדום 75,מיליליטרים,750.00,"100 מ""ל",false,,38.90,5.1867,true,1,42569
7290008690713,false,אושן ספרי חמוציות 1ל,,,אושן ספרי חמוציות 1ל,ליטרים,1.00,ליטר,false,,12.90,12.9000,true,1,7149
7290008693134,false,דניאלה תות מעדן גבינ,,,דניאלה תות מעדן גבינ,מיליליטרים,150.00,"100 מ""ל",false,,4.30,2.8667,true,1,23771
7290008713900,false,לחם שיפון עגול אנגל,,,לחם שיפון עגול אנגל,,750.00,100 גרם,false,,14.90,1.9867,true,1,36097
7290008745239,false,תפוציפס קראנץ טבעי 5,,,תפוציפס קראנץ טבעי 5,,50.00,100 גרם,false,,4.30,8.6000,true,1,24632
7290008747547,false,תפוציפס קראנץ טבעי 2,,,תפוציפס קראנץ טבעי 2,,200.00,100 גרם,false,,10.90,5.4500,true,1,24634
7290008750264,false,מאסט דובדבן 28ג,,,מאסט דובדבן 28ג,,28.00,100 גרם,false,,4.50,16.0714,true,1,22662
7290008753111,false,תפוציפס מקסיקני 50גר,,,תפוציפס מקסיקני 50גר,,50.00,100 גרם,false,,4.30,8.6000,true,1,24637
7290008754415,false,מאסט מנטה עדין 28 גר,,,מאסט מנטה עדין 28 גר,,28.00,100 גרם,false,,4.50,16.0714,true,1,22671
7290008754422,false,מאסט מנטה קלאסי 28ג,,,מאסט מנטה קלאסי 28ג,,28.00,100 גרם,false,,4.50,16.0714,true,1,22672
7290008757072,false,שוופס פחית תות 330 מ,,,שוופס פחית תות 330 מ,מיליליטרים,330.00,"100 מ""ל",false,,4.50,1.3636,true,1,11858
7290008757980,false,ספרינג רימונים 1ל,,,ספרינג רימונים 1ל,ליטרים,1.00,ליטר,false,,6.90,6.9000,true,1,11876
7290008775816,false,ערגליות שוקולד 300 ג,,,ערגליות שוקולד 300 ג,,300.00,100 גרם,false,,11.90,3.9667,true,1,18992
7290008792264,false,מפיות טאצ' 100,,,מפיות טאצ' 100,יחידה,0.00,יחידה,false,,5.90,0.0000,true,1,24929
7290008802512,false,יין וינו אדום יבש,,,יין וינו אדום יבש,מיליליטרים,750.00,"100 מ""ל",false,,23.90,3.1867,true,1,531
7290008909853,false,קוקה קולה זירו 500 מ,,,קוקה קולה זירו 500 מ,מיליליטרים,500.00,"100 מ""ל",false,,7.90,1.5800,true,1,7165
7290008909884,false,קוקה קולה ZERO קלאסי,,,קוקה קולה ZERO קלאסי,מיליליטרים,350.00,"100 מ""ל",false,,6.90,1.9714,true,1,7168
7290008975551,false,מטרנה מהדרין  שלב 3,,,מטרנה מהדרין  שלב 3,,700.00,100 גרם,false,,54.90,7.8429,true,1,18997
7290009018004,false,פיקדון בקבוק/פחית בו,,,פיקדון בקבוק/פחית בו,יחידה,0.00,יחידה,false,,0.30,0.0000,true,1,64
7290009018011,false,פיקדון בקבוק/פחיות ש,,,פיקדון בקבוק/פחיות ש,יחידה,0.00,יחידה,false,,1.80,0.0000,true,1,62
7290009018264,false,פיקדון בקבוק/פחית רב,,,פיקדון בקבוק/פחית רב,יחידה,0.00,יחידה,false,,1.20,0.0000,true,1,104
7290009023480,false,פיקדון בקבוק 12 יח,,,פיקדון בקבוק 12 יח,יחידה,0.00,יחידה,false,,3.60,0.0000,true,1,50075
7290010002023,false,מימון כורכום הודי טח,,,מימון כורכום הודי טח,,100.00,100 גרם,false,,12.90,12.9000,true,1,251
7290010002061,false,מימון פלפל לבן טחון,,,מימון פלפל לבן טחון,,100.00,100 גרם,false,,18.40,18.4000,true,1,255
7290010002078,false,מימון פלפל שחור טחון,,,מימון פלפל שחור טחון,,100.00,100 גרם,false,,15.20,15.2000,true,1,256
7290010002092,false,מימון פלפל שחור גרוס,,,מימון פלפל שחור גרוס,,90.00,100 גרם,false,,15.20,16.8889,true,1,258
7290010002108,false,מימון פלפל שחור גרוס,,,מימון פלפל שחור גרוס,,90.00,100 גרם,false,,15.20,16.8889,true,1,259
7290010002139,false,מימון פפריקה הונגרית,,,מימון פפריקה הונגרית,,100.00,100 גרם,false,,12.90,12.9000,true,1,262
7290010002146,false,מימון פפריקה מרוקאית,,,מימון פפריקה מרוקאית,,100.00,100 גרם,false,,12.90,12.9000,true,1,263
7290010002214,false,מימון צילי גרוס 80 ג,,,מימון צילי גרוס 80 ג,,80.00,100 גרם,false,,12.90,16.1250,true,1,267
7290010002375,false,מימון קארי 100 גרם,,,מימון קארי 100 גרם,,100.00,100 גרם,false,,12.90,12.9000,true,1,277
7290010002429,false,מימון עלי דפנה במיכל,,,מימון עלי דפנה במיכל,,20.00,100 גרם,false,,10.00,50.0000,true,1,281
7290010002498,false,מימון שום גבישי 120,,,מימון שום גבישי 120,,120.00,100 גרם,false,,15.20,12.6667,true,1,286
7290010003693,false,מימון פפריקה מתוקה ש,,,מימון פפריקה מתוקה ש,,80.00,100 גרם,false,,6.50,8.1250,true,1,296
7290010003709,false,מימון פלפל שחור טחון,,,מימון פלפל שחור טחון,,50.00,100 גרם,false,,8.30,16.6000,true,1,297
7290010003754,false,מימון כמון טחון שקית,,,מימון כמון טחון שקית,,50.00,100 גרם,false,,6.50,13.0000,true,1,298
7290010003778,false,מימון תיבול לגריל עו,,,מימון תיבול לגריל עו,,80.00,100 גרם,false,,6.50,8.1250,true,1,300
7290010003792,false,מימון מלח לימון שקית,,,מימון מלח לימון שקית,,100.00,100 גרם,false,,6.50,6.5000,true,1,302
7290010004348,false,מימון פ פריקה מתוקה,,,מימון פ פריקה מתוקה,,250.00,100 גרם,false,,23.00,9.2000,true,1,331
7290010045006,false,עוגיות חמאה פריכות ל,,,עוגיות חמאה פריכות ל,,200.00,100 גרם,false,,18.90,9.4500,true,1,25143
7290010045051,false,עוגיות מלבן שקדים לח,,,עוגיות מלבן שקדים לח,,200.00,100 גרם,false,,18.90,9.4500,true,1,25146
7290010045068,false,עוגיות הנסיכה לחמי 2,,,עוגיות הנסיכה לחמי 2,,250.00,100 גרם,false,,18.90,7.5600,true,1,25147
7290010060597,false,סרקל שמפו לילדים 1.2,,,סרקל שמפו לילדים 1.2,ליטרים,1.25,ליטר,false,,32.90,26.3200,true,1,196066
7290010065349,false,מחית פרינוק גוניור ס,,,מחית פרינוק גוניור ס,,190.00,100 גרם,false,,6.90,3.6316,true,1,3575
7290010065745,false,פרינוק ג'וניור לפתן,,,פרינוק ג'וניור לפתן,,190.00,100 גרם,false,,6.90,3.6316,true,1,3583
7290010066025,false,טונה בשמן פילטונה 15,,,טונה בשמן פילטונה 15,,170.00,100 גרם,false,,6.90,4.0588,true,1,133905
7290010066513,false,נתחי טונה בשמן צמחי,,,נתחי טונה בשמן צמחי,,632.00,100 גרם,false,,23.90,3.7816,true,1,27104
7290010066582,false,נתחי טונה בשמן קנולה,,,נתחי טונה בשמן קנולה,,632.00,100 גרם,false,,23.90,3.7816,true,1,27107
7290010116980,false,שוקולית 850 גרם,,,שוקולית 850 גרם,,850.00,100 גרם,false,,18.90,2.2235,true,1,22684
7290010118328,false,תפוצ'יפס טבעי 6*40 ג,,,תפוצ'יפס טבעי 6*40 ג,,240.00,100 גרם,false,,13.90,5.7917,true,1,24648
7290010129003,false,עוגיות אוזניים 600גר,,,עוגיות אוזניים 600גר,,600.00,100 גרם,false,,20.90,3.4833,true,1,20423
7290010129010,false,עוגיות ריבה 600גר,,,עוגיות ריבה 600גר,,600.00,100 גרם,false,,20.90,3.4833,true,1,20424
7290010129553,false,עוגיות רולדה תמרים 6,,,עוגיות רולדה תמרים 6,,600.00,100 גרם,false,,20.90,3.4833,true,1,20450
7290010129652,false,עוגיות לקפה דולצ'ה ו,,,עוגיות לקפה דולצ'ה ו,,350.00,100 גרם,false,,19.90,5.6857,true,1,20458
7290010153916,false,אורז ריזוטו עגול 1 ק,,,אורז ריזוטו עגול 1 ק,קילוגרמים,1.00,"ק""ג",false,,9.80,9.8000,true,1,15410
7290010154005,false,סחוג תימני ירוק 250,,,סחוג תימני ירוק 250,,250.00,100 גרם,false,,14.90,5.9600,true,1,17387
7290010154012,false,לימון כבוש 250 ביטון,,,לימון כבוש 250 ביטון,,250.00,100 גרם,false,,14.90,5.9600,true,1,17388
7290010154029,false,250 אריסה מתוקה ביטו,,,250 אריסה מתוקה ביטו,,250.00,100 גרם,false,,14.90,5.9600,true,1,17389
7290010154265,false,פלפל צ`ומה ביטון 250,,,פלפל צ`ומה ביטון 250,,250.00,100 גרם,false,,14.90,5.9600,true,1,17392
7290010154418,false,יוחאי ביטון סחוג אדו,,,יוחאי ביטון סחוג אדו,,130.00,100 גרם,false,,8.90,6.8462,true,1,17397
7290010154678,false,יוחאי ביטון אריסה מר,,,יוחאי ביטון אריסה מר,,250.00,100 גרם,false,,14.90,5.9600,true,1,17402
7290010154685,false,סלט שום כתוש 250 גר',,,סלט שום כתוש 250 גר',,250.00,100 גרם,false,,14.90,5.9600,true,1,17403
7290010173044,false,הרי גליל מרלו 2007 7,,,הרי גליל מרלו 2007 7,מיליליטרים,750.00,"100 מ""ל",false,,33.90,4.5200,true,1,42574
7290010173068,false,הרי גליל קברנה סובינ,,,הרי גליל קברנה סובינ,מיליליטרים,750.00,"100 מ""ל",false,,33.90,4.5200,true,1,42575
7290010192007,false,פטרוזיליה,,,פטרוזיליה,יח',1.00,יח',false,,3.90,3.9000,true,1,36202
7290010192014,false,שמיר,,,שמיר,יח',1.00,יח',false,,3.90,3.9000,true,1,36203
7290010192021,false,כוסברה,,,כוסברה,יח',1.00,יח',false,,3.90,3.9000,true,1,36204
7290010192038,false,שורש פטרוזיליה ארוז,,,שורש פטרוזיליה ארוז,יח',1.00,יח',false,,5.90,5.9000,true,1,36205
7290010192045,false,נענע יחידה,,,נענע יחידה,יח',1.00,יח',false,,3.90,3.9000,true,1,36206
7290010192052,false,סלרי עלים (אמריקאי),,,סלרי עלים (אמריקאי),יח',1.00,יח',false,,5.90,5.9000,true,1,36207
7290010192083,false,מנגולד ארוז,,,מנגולד ארוז,יח',1.00,יח',false,,6.90,6.9000,true,1,36209
7290010195268,false,פופסטאר פופקורן מופח,,,פופסטאר פופקורן מופח,,425.00,100 גרם,false,,17.90,4.2118,true,1,5897
7290010237777,false,מכבי שנדי בקבוק בודד,,,מכבי שנדי בקבוק בודד,מיליליטרים,330.00,"100 מ""ל",false,,6.50,1.9697,true,1,9686
7290010237890,false,הייניקן בירה בקבוק ח,,,הייניקן בירה בקבוק ח,מיליליטרים,500.00,"100 מ""ל",false,,9.90,1.9800,true,1,9688
7290010259823,false,נודלס בטעם עוף מנת ה,,,נודלס בטעם עוף מנת ה,,70.00,100 גרם,false,,5.90,8.4286,true,1,2917
7290010259847,false,נודלס טעם תירס מנת ה,,,נודלס טעם תירס מנת ה,,70.00,100 גרם,false,,5.90,8.4286,true,1,2919
7290010259861,false,נודלס בטעם ירקות מנת,,,נודלס בטעם ירקות מנת,,70.00,100 גרם,false,,5.90,8.4286,true,1,2921
7290010259991,false,"צנימים בד""ץ וילי פוד",,,"צנימים בד""ץ וילי פוד",,250.00,100 גרם,false,,8.50,3.4000,true,1,2926
7290010429554,false,שמן זית כתית מעולה 2,,,שמן זית כתית מעולה 2,מיליליטרים,750.00,"100 מ""ל",false,,38.90,5.1867,true,1,22689
7290010471669,false,דנונה קראנצ' יוגורט,,,דנונה קראנצ' יוגורט,מיליליטרים,175.00,"100 מ""ל",false,,4.90,2.8000,true,1,23772
7290010472390,false,מארז  דני  שוקולד 8*,,,מארז  דני  שוקולד 8*,מיליליטרים,1000.00,"100 מ""ל",false,,16.90,1.6900,true,1,23776
7290010627004,false,טחינה ירושלים 500 גר,,,טחינה ירושלים 500 גר,,500.00,100 גרם,false,,17.90,3.5800,true,1,25148
7290010650071,false,פטריות שיטאקי  מיובש,,,פטריות שיטאקי  מיובש,,25.00,100 גרם,false,,9.90,39.6000,true,1,51746
7290010650231,false,פטריות מאיטאקי מיובש,,,פטריות מאיטאקי מיובש,יח',1.00,יח',false,,11.90,11.9000,true,1,51751
7290010650255,false,לקט פטריות מיובשות ל,,,לקט פטריות מיובשות ל,,40.00,100 גרם,false,,16.90,42.2500,true,1,51752
7290010650804,false,לקט פתיתים ופטריות,,,לקט פתיתים ופטריות,יח',1.00,יח',false,,15.90,15.9000,true,1,51760
7290010777099,false,8 פיתות במרקם מיוחד,,,8 פיתות במרקם מיוחד,,800.00,100 גרם,false,,12.50,1.5625,true,1,21491
7290010777150,false,8 פיתות בריבוע חיטה,,,8 פיתות בריבוע חיטה,,500.00,100 גרם,false,,15.90,3.1800,true,1,21492
7290010777297,false,10 פיתות ביס,,,10 פיתות ביס,קילוגרמים,1.00,"ק""ג",false,,15.90,15.9000,true,1,21497
7290010777358,false,8 פיתות כוסמין מלא 1,,,8 פיתות כוסמין מלא 1,,400.00,100 גרם,false,,17.90,4.4750,true,1,21500
7290010777488,false,פיתה מחמצת מקמח מלא,,,פיתה מחמצת מקמח מלא,יחידה,0.00,יחידה,false,,16.90,0.0000,true,1,232698
7290010777525,false,פיתות קוסמין-פיתה אק,,,פיתות קוסמין-פיתה אק,,50.00,100 גרם,false,,16.90,33.8000,true,1,232683
7290010931330,false,אחלה מטבוחה 500ג,,,אחלה מטבוחה 500ג,,500.00,100 גרם,false,,16.90,3.3800,true,1,23778
7290010945146,false,טרה קוטג מועשר 3% 25,,,טרה קוטג מועשר 3% 25,,250.00,100 גרם,false,,5.50,2.2000,true,1,6527
7290010945450,false,טרה גבינה לבנה מהדרי,,,טרה גבינה לבנה מהדרי,,250.00,100 גרם,false,,4.98,1.9920,true,1,6530
7290011017866,false,קוקה קולה פחית סליק,,,קוקה קולה פחית סליק,מיליליטרים,330.00,"100 מ""ל",false,,5.50,1.6667,true,1,7191
7290011017873,false,ZERO קולה פחית סליק,,,ZERO קולה פחית סליק,מיליליטרים,330.00,"100 מ""ל",false,,5.50,1.6667,true,1,7192
7290011115166,false,תחליב רחצה לבנדר נקה,,,תחליב רחצה לבנדר נקה,יחידה,0.00,יחידה,false,,16.60,0.0000,true,1,30677
7290011126209,false,תה הגן הקסום תפוח וק,,,תה הגן הקסום תפוח וק,,55.00,100 גרם,false,,17.90,32.5455,true,1,25152
7290011126469,false,תה קמומיל ודבש 1.5גר,,,תה קמומיל ודבש 1.5גר,,37.50,100 גרם,false,,17.90,47.7333,true,1,25161
7290011131050,false,גרנולה פקאן גרין 1 ק,,,גרנולה פקאן גרין 1 ק,קילוגרמים,1.00,"ק""ג",false,,28.60,28.6000,true,1,14148
7290011131371,false,מיזלי קראנצ' שקדים ג,,,מיזלי קראנצ' שקדים ג,קילוגרמים,1.00,"ק""ג",false,,28.90,28.9000,true,1,14154
7290011131395,false,מיזלי קראנצ' 30% פיר,,,מיזלי קראנצ' 30% פיר,קילוגרמים,1.00,"ק""ג",false,,28.90,28.9000,true,1,14156
7290011148911,false,פלפלים מתוקים טינקרב,,,פלפלים מתוקים טינקרב,,300.00,100 גרם,false,,9.90,3.3000,true,1,36212
7290011194215,false,"דניאלה בננה 150 מ""ל",,,"דניאלה בננה 150 מ""ל",מיליליטרים,150.00,"100 מ""ל",false,,4.30,2.8667,true,1,23779
7290011194246,false,קוטג שטראוס 5% עם סי,,,קוטג שטראוס 5% עם סי,,250.00,100 גרם,false,,6.00,2.4000,true,1,23780
7290011236649,false,שוקולד צ'יפס בלגי שק,,,שוקולד צ'יפס בלגי שק,,300.00,100 גרם,false,,10.90,3.6333,true,1,4721
7290011379018,false,פטריות צמד חמד,,,פטריות צמד חמד,,500.00,100 גרם,false,,16.90,3.3800,true,1,42481
7290011435226,false,דבש מפרחי בר לחיץ 65,,,דבש מפרחי בר לחיץ 65,,650.00,100 גרם,false,,40.90,6.2923,true,1,22690
7290011438142,false,יטבתה אייס קפה בבקבו,,,יטבתה אייס קפה בבקבו,מיליליטרים,350.00,"100 מ""ל",false,,6.90,1.9714,true,1,23786
7290011499051,false,גד פטה כבשים גביע 20,,,גד פטה כבשים גביע 20,,250.00,100 גרם,false,,27.70,11.0800,true,1,15014
7290011499112,false,גד בולגרית 16% 250ג,,,גד בולגרית 16% 250ג,,250.00,100 גרם,false,,23.90,9.5600,true,1,15016
7290011499327,false,גד בולגרית בקר מעודנ,,,גד בולגרית בקר מעודנ,,250.00,100 גרם,false,,23.90,9.5600,true,1,15021
7290011499365,false,גד חלומי 24% 200ג,,,גד חלומי 24% 200ג,,200.00,100 גרם,false,,23.90,11.9500,true,1,15025
7290011499419,false,גבינה במרקם  שמנת 5%,,,גבינה במרקם  שמנת 5%,,200.00,100 גרם,false,,11.90,5.9500,true,1,15027
7290011499624,false,גד ניו יורק גבינת שמ,,,גד ניו יורק גבינת שמ,,200.00,100 גרם,false,,13.90,6.9500,true,1,15030
7290011499846,false,גד ריקוטה פרסקה 5% 3,,,גד ריקוטה פרסקה 5% 3,,300.00,100 גרם,false,,18.90,6.3000,true,1,15041
7290011570507,false,קמח נטול גלוטן כרגיל,,,קמח נטול גלוטן כרגיל,,450.00,100 גרם,false,,19.90,4.4222,true,1,25483
7290011587093,false,תירס גמדי תומר 400 ג,,,תירס גמדי תומר 400 ג,,400.00,100 גרם,false,,6.90,1.7250,true,1,25491
7290011593087,false,סבא חביב שמן זית כתי,,,סבא חביב שמן זית כתי,מיליליטרים,750.00,"100 מ""ל",false,,30.90,4.1200,true,1,182404
7290011598402,false,מרכך כביסה סנו מקסימ,,,מרכך כביסה סנו מקסימ,ליטרים,4.00,ליטר,false,,23.90,5.9750,true,1,30699
7290011599836,false,משפר אפיה רובינפלד 1,,,משפר אפיה רובינפלד 1,,100.00,100 גרם,false,,10.90,10.9000,true,1,37658
7290011607180,false,"קולון 101 1.25 ק""ג",,,"קולון 101 1.25 ק""ג",קילוגרמים,1.25,"ק""ג",false,,16.90,13.5200,true,1,21209
7290011765095,false,ג'ל גילוח לעור עדין,,,ג'ל גילוח לעור עדין,מיליליטרים,200.00,"100 מ""ל",false,,11.90,5.9500,true,1,30703
7290011765613,false,סנו מתז מסיר עובש בנ,,,סנו מתז מסיר עובש בנ,ליטרים,13.00,ליטר,false,,19.90,1.5308,true,1,30722
7290011800840,false,צבר רפי כהן טחינה בל,,,צבר רפי כהן טחינה בל,,400.00,100 גרם,false,,16.90,4.2250,true,1,20043
7290011877156,false,סנו פרש ענק מאסק 375,,,סנו פרש ענק מאסק 375,מיליליטרים,375.00,"100 מ""ל",false,,11.90,3.1733,true,1,30727
7290011877859,false,סנו אינסטלטור פותח ס,,,סנו אינסטלטור פותח ס,מיליליטרים,200.00,"100 מ""ל",false,,15.90,7.9500,true,1,30735
7290011964702,false,תבלין לשווארמה ללא מ,,,תבלין לשווארמה ללא מ,,100.00,100 גרם,false,,9.70,9.7000,true,1,43380
7290012001994,false,חרדל דיגון גרעינים 3,,,חרדל דיגון גרעינים 3,,350.00,100 גרם,false,,13.90,3.9714,true,1,5376
7290012019258,false,"רסק תפו""ע מחית תפוחי",,,"רסק תפו""ע מחית תפוחי",,452.00,100 גרם,false,,11.90,2.6327,true,1,25534
7290012022227,false,קליליות בטעם טבעי די,,,קליליות בטעם טבעי די,,60.00,100 גרם,false,,12.90,21.5000,true,1,32179
7290012025839,false,שמיר מטבוחה אסלי 400,,,שמיר מטבוחה אסלי 400,,400.00,100 גרם,false,,10.90,2.7250,true,1,18003
7290012086113,false,עגבניות שרי,,,עגבניות שרי,,500.00,100 גרם,false,,9.90,1.9800,true,1,51763
7290012116360,false,סנו פוליוקס גרניט פו,,,סנו פוליוקס גרניט פו,ליטרים,2.00,ליטר,false,,22.90,11.4500,true,1,30750
7290012116537,false,אבקת כביסה סנו מקסימ,,,אבקת כביסה סנו מקסימ,קילוגרמים,2.50,"ק""ג",false,,28.90,11.5600,true,1,30751
7290012117435,false,שמפו וג'ל רחצה אלוור,,,שמפו וג'ל רחצה אלוור,מיליליטרים,700.00,"100 מ""ל",false,,19.90,2.8429,true,1,30777
7290012117534,false,סנו מקסימה מרכך קומפ,,,סנו מקסימה מרכך קומפ,יחידה,0.00,יחידה,false,,19.90,0.0000,true,1,30779
7290012117558,false,סנו מקסימה מרכך קומפ,,,סנו מקסימה מרכך קומפ,יחידה,0.00,יחידה,false,,19.90,0.0000,true,1,30781
7290012117565,false,סנו סושי 100 כפפות ל,,,סנו סושי 100 כפפות ל,יחידה,0.00,יחידה,false,,44.90,0.0000,true,1,30782
7290012117589,false,L סנו סושי כפפות לטק,,,L סנו סושי כפפות לטק,יחידה,0.00,יחידה,false,,44.90,0.0000,true,1,30784
7290012212154,false,מלפפון במלח קטן בצנצ,,,מלפפון במלח קטן בצנצ,,560.00,100 גרם,false,,13.90,2.4821,true,1,236840
7290012227325,false,זוגלובק סלמי מעושן ד,,,זוגלובק סלמי מעושן ד,,120.00,100 גרם,false,,14.90,12.4167,true,1,39940
7290012227912,false,קבנוס מעודן  זוגלובק,,,קבנוס מעודן  זוגלובק,,135.00,100 גרם,false,,12.90,9.5556,true,1,39962
7290012227974,false,זוגלובק פסטרמה בדבש,,,זוגלובק פסטרמה בדבש,,120.00,100 גרם,false,,14.90,12.4167,true,1,39963
7290012227981,false,פסטרמה ברביקיו זוגלו,,,פסטרמה ברביקיו זוגלו,,120.00,100 גרם,false,,14.90,12.4167,true,1,39964
7290012227998,false,זוגלובק  חזה בקר  12,,,זוגלובק  חזה בקר  12,,120.00,100 גרם,false,,14.90,12.4167,true,1,39965
7290012228261,false,נקנקיות הודו קנקרס ר,,,נקנקיות הודו קנקרס ר,,300.00,100 גרם,false,,21.90,7.3000,true,1,39975
7290012313141,false,פרוסות מלפפון במלח י,,,פרוסות מלפפון במלח י,,540.00,100 גרם,false,,6.50,1.2037,true,1,53070
7290012372209,false,קמח חיטה לבן מנופה ר,,,קמח חיטה לבן מנופה ר,קילוגרמים,1.00,"ק""ג",false,,7.90,7.9000,true,1,219980
7290012372247,false,קמח כוסמין לבן רובינ,,,קמח כוסמין לבן רובינ,קילוגרמים,1.00,"ק""ג",false,,16.90,16.9000,true,1,220008
7290012522581,false,טבעול שניצל תירס ללא,,,טבעול שניצל תירס ללא,,664.00,100 גרם,false,,30.90,4.6536,true,1,20053
7290012588242,false,כדורגל מים מינרליים,,,כדורגל מים מינרליים,ליטרים,3.00,ליטר,false,,13.90,4.6333,true,1,40332
7290012803352,false,רייד תרסיס קוטל מעופ,,,רייד תרסיס קוטל מעופ,מיליליטרים,300.00,"100 מ""ל",false,,17.90,5.9667,true,1,5975
7290012803765,false,טוסו שוקלד מריר 100ג,,,טוסו שוקלד מריר 100ג,,100.00,100 גרם,false,,12.50,12.5000,true,1,5986
7290012823398,false,ריצפז מטליות לחות בנ,,,ריצפז מטליות לחות בנ,יחידה,0.00,יחידה,false,,12.90,0.0000,true,1,30826
7290012884986,false,תפוגן ציפס לתנור עד,,,תפוגן ציפס לתנור עד,קילוגרמים,1.50,"ק""ג",false,,30.90,20.6000,true,1,20063
7290012901355,false,דודלס ארוחת איטריות,,,דודלס ארוחת איטריות,,206.00,100 גרם,false,,11.90,5.7767,true,1,37731
7290012901973,false,שעועית אדומה 400 גרם,,,שעועית אדומה 400 גרם,,400.00,100 גרם,false,,10.90,2.7250,true,1,133285
7290012938405,false,דאיימונד נייר כסף 87,,,דאיימונד נייר כסף 87,מטרים,7.60,מטר,false,,19.70,2.5921,true,1,3925
7290012962929,false,כפפות ניטריל סייף טא,,,כפפות ניטריל סייף טא,יחידה,0.00,יחידה,false,,29.90,0.0000,true,1,223821
7290013027399,false,לחם 100 בתוספת שיפון,,,לחם 100 בתוספת שיפון,,750.00,100 גרם,false,,15.90,2.1200,true,1,36114
7290013038432,false,אקווה נובה 2 ליטר,,,אקווה נובה 2 ליטר,ליטרים,2.00,ליטר,false,,4.90,2.4500,true,1,9739
7290013083678,false,מטרנה אקסטרה קר שלב,,,מטרנה אקסטרה קר שלב,,700.00,100 גרם,false,,61.90,8.8429,true,1,19024
7290013117212,false,בורקס פילו גבינה מעד,,,בורקס פילו גבינה מעד,,600.00,100 גרם,false,,22.90,3.8167,true,1,36281
7290013117229,false,בורקס פילו תפוא מעדנ,,,בורקס פילו תפוא מעדנ,,600.00,100 גרם,false,,22.90,3.8167,true,1,36282
7290013117243,false,בורקס פילו בולגרית מ,,,בורקס פילו בולגרית מ,,600.00,100 גרם,false,,22.90,3.8167,true,1,36284
7290013117526,false,מעדנות בצק שמרים למא,,,מעדנות בצק שמרים למא,,900.00,100 גרם,false,,26.90,2.9889,true,1,36290
7290013121028,false,לחם לבן ללא גלוטן גר,,,לחם לבן ללא גלוטן גר,,500.00,100 גרם,false,,19.90,3.9800,true,1,53223
7290013121158,false,רביעיית לחמניות סנדב,,,רביעיית לחמניות סנדב,,460.00,100 גרם,false,,19.90,4.3261,true,1,53228
7290013144171,false,תערובת עוגת שוקולד 5,,,תערובת עוגת שוקולד 5,,560.00,100 גרם,false,,17.50,3.1250,true,1,15709
7290013144195,false,תערובת כדורי שוקולד,,,תערובת כדורי שוקולד,,500.00,100 גרם,false,,17.50,3.5000,true,1,15711
7290013144201,false,תערובת פנקייק 400גר,,,תערובת פנקייק 400גר,,400.00,100 גרם,false,,17.50,4.3750,true,1,15712
7290013144232,false,פודינג וניל 85 גרם,,,פודינג וניל 85 גרם,,80.00,100 גרם,false,,6.90,8.6250,true,1,15715
7290013144393,false,תמצית בטעם וניל 50גר,,,תמצית בטעם וניל 50גר,,50.00,100 גרם,false,,4.90,9.8000,true,1,15724
7290013144409,false,תמצית בטעם רום 50גר,,,תמצית בטעם רום 50גר,מיליליטרים,50.00,"100 מ""ל",false,,4.90,9.8000,true,1,15725
7290013144515,false,צבע מאכל צהוב 50גר,,,צבע מאכל צהוב 50גר,,50.00,100 גרם,false,,5.20,10.4000,true,1,15729
7290013144539,false,צבע מאכל אדום 50גר,,,צבע מאכל אדום 50גר,,50.00,100 גרם,false,,5.20,10.4000,true,1,15731
7290013144751,false,מימונס סירופ בטעם מי,,,מימונס סירופ בטעם מי,מיליליטרים,500.00,"100 מ""ל",false,,14.90,2.9800,true,1,15734
7290013144980,false,תרסיס שמן קונולה מימ,,,תרסיס שמן קונולה מימ,,170.00,100 גרם,false,,16.90,9.9412,true,1,15738
7290013145024,false,מימונס אגוז מלך טחון,,,מימונס אגוז מלך טחון,,100.00,100 גרם,false,,14.90,14.9000,true,1,15741
7290013145031,false,מימונס ברס אגוזי לוז,,,מימונס ברס אגוזי לוז,,100.00,100 גרם,false,,13.90,13.9000,true,1,15742
7290013145055,false,פרג שלם 100גר,,,פרג שלם 100גר,,100.00,100 גרם,false,,6.90,6.9000,true,1,15744
7290013145109,false,מימונס שקד מולבן טחו,,,מימונס שקד מולבן טחו,,100.00,100 גרם,false,,13.90,13.9000,true,1,15748
7290013145116,false,מימונס שקד מולבן מקל,,,מימונס שקד מולבן מקל,,100.00,100 גרם,false,,13.90,13.9000,true,1,15749
7290013145130,false,מימונס שקד מולבן חצו,,,מימונס שקד מולבן חצו,,100.00,100 גרם,false,,13.90,13.9000,true,1,15751
7290013145161,false,מימונס פקאן מסוכר 10,,,מימונס פקאן מסוכר 10,,100.00,100 גרם,false,,18.90,18.9000,true,1,15753
7290013145178,false,קוקוס טחון לבן 100 ג,,,קוקוס טחון לבן 100 ג,,100.00,100 גרם,false,,5.90,5.9000,true,1,15754
7290013145192,false,שומשום 100גר,,,שומשום 100גר,,100.00,100 גרם,false,,6.90,6.9000,true,1,15755
7290013145215,false,שומשום 400גר,,,שומשום 400גר,,400.00,100 גרם,false,,16.90,4.2250,true,1,15756
7290013145277,false,עלים לקרמשניט 300 גר,,,עלים לקרמשניט 300 גר,,300.00,100 גרם,false,,18.90,6.3000,true,1,15758
7290013145390,false,מימונס שוקולד ציפס מ,,,מימונס שוקולד ציפס מ,,250.00,100 גרם,false,,9.90,3.9600,true,1,15760
7290013145529,false,מימונס סוכריות צבעונ,,,מימונס סוכריות צבעונ,,90.00,100 גרם,false,,6.90,7.6667,true,1,15767
7290013145536,false,סוכריות בטעם שוקולד,,,סוכריות בטעם שוקולד,,90.00,100 גרם,false,,6.90,7.6667,true,1,15768
7290013145567,false,מיני מיני עדשים 90גר,,,מיני מיני עדשים 90גר,,90.00,100 גרם,false,,11.90,13.2222,true,1,15769
7290013145574,false,ערכה לקישוט 100 גרם.,,,ערכה לקישוט 100 גרם.,,100.00,100 גרם,false,,11.90,11.9000,true,1,15770
7290013145628,false,סוכריות צבעוניות לקי,,,סוכריות צבעוניות לקי,,200.00,100 גרם,false,,9.90,4.9500,true,1,15772
7290013145840,false,מימונס סוכר וניל 10*,,,מימונס סוכר וניל 10*,,100.00,100 גרם,false,,3.50,3.5000,true,1,15786
7290013145857,false,אבקת אפיה 10* 10 גרם,,,אבקת אפיה 10* 10 גרם,,100.00,100 גרם,false,,3.50,3.5000,true,1,15787
7290013145918,false,אבקת סוכר 100 גרם,,,אבקת סוכר 100 גרם,,100.00,100 גרם,false,,2.90,2.9000,true,1,15791
7290013145963,false,מימונס שמרים יבשים ב,,,מימונס שמרים יבשים ב,,125.00,100 גרם,false,,5.90,4.7200,true,1,15795
7290013145970,false,מימונס קורנפלור 200,,,מימונס קורנפלור 200,,200.00,100 גרם,false,,4.90,2.4500,true,1,15796
7290013146724,false,אייס קפה להכנה ביתית,,,אייס קפה להכנה ביתית,,350.00,100 גרם,false,,19.90,5.6857,true,1,181847
7290013203182,false,שרי מנומר -ליקופן,,,שרי מנומר -ליקופן,,200.00,100 גרם,false,,9.90,4.9500,true,1,51764
7290013268037,false,סנו מקסימה פצ'ולי מר,,,סנו מקסימה פצ'ולי מר,יחידה,0.00,יחידה,false,,19.90,0.0000,true,1,30852
7290013268884,false,ריצפז פרש מאסק 2 ליט,,,ריצפז פרש מאסק 2 ליט,ליטרים,2.00,ליטר,false,,19.90,9.9500,true,1,30887
7290013268907,false,מקסימה ג'ל כביסה ביו,,,מקסימה ג'ל כביסה ביו,ליטרים,3.00,ליטר,false,,35.90,11.9667,true,1,30889
7290013268983,false,מקסימה מרכך כביסה בב,,,מקסימה מרכך כביסה בב,יחידה,0.00,יחידה,false,,19.90,0.0000,true,1,127941
7290013268990,false,סנו מקסימה מרכך מרוכ,,,סנו מקסימה מרכך מרוכ,יחידה,0.00,יחידה,false,,19.90,0.0000,true,1,30892
7290013269003,false,סנו מקסימה קר בייבי,,,סנו מקסימה קר בייבי,ליטרים,1.00,ליטר,false,,20.90,20.9000,true,1,30893
7290013269645,false,ריצפז פרש מטליות לחו,,,ריצפז פרש מטליות לחו,יחידה,0.00,יחידה,false,,12.90,0.0000,true,1,30909
7290013269850,false,סנו סושי נייר אפיה א,,,סנו סושי נייר אפיה א,יחידה,0.00,יחידה,false,,17.90,0.0000,true,1,30918
7290013358363,false,מאסטר שף  פירורי לחם,,,מאסטר שף  פירורי לחם,,300.00,100 גרם,false,,10.50,3.5000,true,1,21821
7290013358530,false,מאסטר שף רוטב צ'ילי,,,מאסטר שף רוטב צ'ילי,מיליליטרים,700.00,"100 מ""ל",false,,13.90,1.9857,true,1,21835
7290013358547,false,מאסטר שף רוטב צ'ילי,,,מאסטר שף רוטב צ'ילי,מיליליטרים,700.00,"100 מ""ל",false,,13.90,1.9857,true,1,21836
7290013412966,false,תולי מגבונים לחים 4*,,,תולי מגבונים לחים 4*,יחידה,0.00,יחידה,false,,11.90,0.0000,true,1,30063
7290013424945,false,קוביות מנגו קפוא 500,,,קוביות מנגו קפוא 500,,500.00,100 גרם,false,,12.90,2.5800,true,1,110502
7290013424976,false,תות שדה שלם קפוא 500,,,תות שדה שלם קפוא 500,,500.00,100 גרם,false,,12.90,2.5800,true,1,110488
7290013531117,false,רוטב לפסטה לילדים יכ,,,רוטב לפסטה לילדים יכ,,260.00,100 גרם,false,,6.50,2.5000,true,1,8902
7290013531582,false,זיתים חרוזית מגולעני,,,זיתים חרוזית מגולעני,,600.00,100 גרם,false,,11.90,1.9833,true,1,8912
7290013531759,false,שעועית אפויה במים יכ,,,שעועית אפויה במים יכ,,550.00,100 גרם,false,,10.90,1.9818,true,1,8921
7290013580009,false,המבורגר זהב 400 גרם,,,המבורגר זהב 400 גרם,,400.00,100 גרם,false,,19.90,4.9750,true,1,35989
7290013585233,false,פחית סליק 330 מל ZER,,,פחית סליק 330 מל ZER,מיליליטרים,330.00,"100 מ""ל",false,,5.50,1.6667,true,1,7243
7290013585387,false,קולה זירו 1 ליטר,,,קולה זירו 1 ליטר,ליטרים,1.00,ליטר,false,,7.90,7.9000,true,1,7255
7290013585394,false,קוקה קולה 1 ליטר,,,קוקה קולה 1 ליטר,ליטרים,1.00,ליטר,false,,7.90,7.9000,true,1,7256
7290013608260,false,פרימור מיץ רימונים ס,,,פרימור מיץ רימונים ס,יחידה,0.00,יחידה,false,,22.90,0.0000,true,1,23815
7290013608864,false,פרימור משקה פירות הד,,,פרימור משקה פירות הד,ליטרים,1.00,ליטר,false,,15.90,15.9000,true,1,53923
7290013675545,false,שניצל כלי תחבורה 700,,,שניצל כלי תחבורה 700,,700.00,100 גרם,false,,37.90,5.4143,true,1,26096
7290013677822,false,גריסי פנינה 1 ק'ג,,,גריסי פנינה 1 ק'ג,קילוגרמים,1.00,"ק""ג",false,,10.90,10.9000,true,1,15542
7290013725752,false,אטריות ביצים צרות לה,,,אטריות ביצים צרות לה,,400.00,100 גרם,false,,6.90,1.7250,true,1,4746
7290013883407,false,דזיטול מחטא ומשמיד ח,,,דזיטול מחטא ומשמיד ח,מיליליטרים,700.00,"100 מ""ל",false,,19.90,2.8429,true,1,11654
7290013906441,false,טירת צבי קבנוס 120 ג,,,טירת צבי קבנוס 120 ג,,120.00,100 גרם,false,,10.90,9.0833,true,1,25893
7290013906489,false,טירת צבי חטיפי מיני,,,טירת צבי חטיפי מיני,,120.00,100 גרם,false,,9.90,8.2500,true,1,25895
7290013906687,false,טירת צבי צמד כפרית ב,,,טירת צבי צמד כפרית ב,,600.00,100 גרם,false,,28.90,4.8167,true,1,25899
7290013906694,false,"נקניקיות עוף 1.5 ק""ג",,,"נקניקיות עוף 1.5 ק""ג",קילוגרמים,1.50,"100 ק""ג",false,,35.90,2393.3333,true,1,202655
7290014002203,false,תה חליטת לימונית ולו,,,תה חליטת לימונית ולו,,37.50,100 גרם,false,,17.90,47.7333,true,1,25211
7290014002944,false,תה גן קסום חליטת חמא,,,תה גן קסום חליטת חמא,,62.50,100 גרם,false,,17.90,28.6400,true,1,25223
7290014046016,false,יחיעם פסטרמה הודו 10,,,יחיעם פסטרמה הודו 10,,250.00,100 גרם,false,,30.90,12.3600,true,1,15954
7290014046047,false,יחיעם צמד פסטרמה 600,,,יחיעם צמד פסטרמה 600,,600.00,100 גרם,false,,25.90,4.3167,true,1,15957
7290014046474,false,יחיעם נקניקיות עוף 1,,,יחיעם נקניקיות עוף 1,קילוגרמים,1.50,"ק""ג",false,,33.60,22.4000,true,1,15960
7290014046580,false,יחיעם פסטרמה מעודנת,,,יחיעם פסטרמה מעודנת,,300.00,100 גרם,false,,24.90,8.3000,true,1,15966
7290014046757,false,סלמי תה `שרולה` 300,,,סלמי תה `שרולה` 300,,300.00,100 גרם,false,,24.90,8.3000,true,1,15971
7290014059085,false,משחה לשיקום והגנה סנ,,,משחה לשיקום והגנה סנ,מיליליטרים,75.00,"100 מ""ל",false,,25.90,34.5333,true,1,3946
7290014066526,false,לנדוור קפסולות אספרס,,,לנדוור קפסולות אספרס,יחידה,0.00,יחידה,false,,16.90,0.0000,true,1,21858
7290014066533,false,לנדוור קפסולות אספרס,,,לנדוור קפסולות אספרס,יחידה,0.00,יחידה,false,,16.90,0.0000,true,1,21859
7290014079014,false,לבבות קיסר,,,לבבות קיסר,,300.00,100 גרם,false,,10.90,3.6333,true,1,36215
7290014083806,false,וילי פוד עוגיות בטעם,,,וילי פוד עוגיות בטעם,,350.00,100 גרם,false,,13.90,3.9714,true,1,2981
7290014094352,false,ששון הקולה אגוז מלך,,,ששון הקולה אגוז מלך,,200.00,100 גרם,false,,16.90,8.4500,true,1,4766
7290014094659,false,אגוז לוז טבעי 250 גר,,,אגוז לוז טבעי 250 גר,,250.00,100 גרם,false,,24.90,9.9600,true,1,4790
7290014094895,false,אגוז מלך 150גר ששון,,,אגוז מלך 150גר ששון,,150.00,100 גרם,false,,10.90,7.2667,true,1,4797
7290014095946,false,פקאן בציפוי שוקולד מ,,,פקאן בציפוי שוקולד מ,,140.00,100 גרם,false,,11.90,8.5000,true,1,4801
7290014217065,false,טעם וריח אורגנו מיכל,,,טעם וריח אורגנו מיכל,,30.00,100 גרם,false,,10.10,33.6667,true,1,43387
7290014217157,false,תבלין תערובת תיבול ט,,,תבלין תערובת תיבול ט,,120.00,100 גרם,false,,11.80,9.8333,true,1,43391
7290014217171,false,תבלין בתיבול גריל דג,,,תבלין בתיבול גריל דג,,100.00,100 גרם,false,,11.80,11.8000,true,1,43393
7290014217225,false,טעם וריח גריל עוף מי,,,טעם וריח גריל עוף מי,,120.00,100 גרם,false,,10.80,9.0000,true,1,43394
7290014217263,false,תבלין תיבול פרגית טע,,,תבלין תיבול פרגית טע,,100.00,100 גרם,false,,11.90,11.9000,true,1,43395
7290014217355,false,תבלין אבקת קרי טעם ו,,,תבלין אבקת קרי טעם ו,,100.00,100 גרם,false,,11.80,11.8000,true,1,43399
7290014217362,false,תערובת תיבול קציצות,,,תערובת תיבול קציצות,,100.00,100 גרם,false,,11.80,11.8000,true,1,43400
7290014218932,false,חטיפי פיצה בתוספת זי,,,חטיפי פיצה בתוספת זי,,710.00,100 גרם,false,,35.90,5.0563,true,1,36340
7290014258730,false,מטרנה צמחי מגיל שנה,,,מטרנה צמחי מגיל שנה,,700.00,100 גרם,false,,70.90,10.1286,true,1,19041
7290014397514,false,סנו פרש הום כותנה מל,,,סנו פרש הום כותנה מל,מיליליטרים,350.00,"100 מ""ל",false,,12.90,3.6857,true,1,30986
7290014397781,false,ריצפז פרש הום סבון מ,,,ריצפז פרש הום סבון מ,ליטרים,2.00,ליטר,false,,22.90,11.4500,true,1,31007
7290014397873,false,מרכך כביסה סנו מקסימ,,,מרכך כביסה סנו מקסימ,ליטרים,4.00,ליטר,false,,23.90,5.9750,true,1,31013
7290014435704,false,סלמון מעושן סלטי שמי,,,סלמון מעושן סלטי שמי,,100.00,100 גרם,false,,23.90,23.9000,true,1,18023
7290014455252,false,גד גרנה פדנו מגורד כ,,,גד גרנה פדנו מגורד כ,,100.00,100 גרם,false,,12.90,12.9000,true,1,15045
7290014455320,false,גד כדור מוצרלה פרסקה,,,גד כדור מוצרלה פרסקה,,100.00,100 גרם,false,,10.90,10.9000,true,1,15048
7290014459373,false,תפוגן ציפס קראנצי 1.,,,תפוגן ציפס קראנצי 1.,קילוגרמים,1.50,"ק""ג",false,,28.90,19.2667,true,1,20078
7290014459472,false,תפוגן צ`יפס קלאסי 2,,,תפוגן צ`יפס קלאסי 2,קילוגרמים,2.00,"ק""ג",false,,29.90,14.9500,true,1,20080
7290014459632,false,"טוגן 1.5 ק""ג",,,"טוגן 1.5 ק""ג",קילוגרמים,1.50,"ק""ג",false,,17.90,11.9333,true,1,20083
7290014471412,false,מוזלי בוטנים אגוזים,,,מוזלי בוטנים אגוזים,קילוגרמים,1.00,"ק""ג",false,,19.90,19.9000,true,1,4804
7290014472235,false,פקאן סיני מסוכר בקופ,,,פקאן סיני מסוכר בקופ,,200.00,100 גרם,false,,24.90,12.4500,true,1,4820
7290014472990,false,ממרח 100% שקדים שקדי,,,ממרח 100% שקדים שקדי,,300.00,100 גרם,false,,33.90,11.3000,true,1,4846
7290014636545,false,שלישית מגבות מטבח פס,,,שלישית מגבות מטבח פס,יחידה,0.00,יחידה,false,,19.90,0.0000,true,1,203456
7290014636675,false,מגבת גוף מנהטן 70*13,,,מגבת גוף מנהטן 70*13,יחידה,0.00,יחידה,false,,34.90,0.0000,true,1,15837
7290014636682,false,מגבת פנים,,,מגבת פנים,יחידה,0.00,יחידה,false,,19.90,0.0000,true,1,15838
7290014673434,false,פלפל שחור גרוס דק בש,,,פלפל שחור גרוס דק בש,,80.00,100 גרם,false,,9.30,11.6250,true,1,373
7290014692299,false,גבינת ברי 125 גרם EU,,,גבינת ברי 125 גרם EU,,125.00,100 גרם,false,,19.90,15.9200,true,1,2985
7290014731028,false,כוסות 50 יחידות שתיה,,,כוסות 50 יחידות שתיה,יח',50.00,יח',false,,10.90,0.2180,true,1,47521
7290014731264,false,כוסות לשתיה קרה חד פ,,,כוסות לשתיה קרה חד פ,יח',100.00,יח',false,,7.90,0.0790,true,1,53136
7290014749740,false,שניצל ביתי טאץ' מתוב,,,שניצל ביתי טאץ' מתוב,,600.00,100 גרם,false,,45.90,7.6500,true,1,20142
7290014749764,false,שניצל עוף ביתי כזה ע,,,שניצל עוף ביתי כזה ע,,700.00,100 גרם,false,,45.90,6.5571,true,1,20143
7290014749849,false,שניצל עוף דקיק בציפו,,,שניצל עוף דקיק בציפו,,720.00,100 גרם,false,,41.20,5.7222,true,1,115837
7290014758100,false,יוגורט תנובה 3% 8*15,,,יוגורט תנובה 3% 8*15,קילוגרמים,1.20,"ק""ג",false,,17.90,14.9167,true,1,26528
7290014758117,false,יוגורט תנובה 1.5% 8*,,,יוגורט תנובה 1.5% 8*,קילוגרמים,1.20,"ק""ג",false,,17.90,14.9167,true,1,26529
7290014759084,false,נפוליאון 16% 225גר,,,נפוליאון 16% 225גר,,225.00,100 גרם,false,,14.90,6.6222,true,1,26536
7290014759978,false,גבינות תנובה קצקבל פ,,,גבינות תנובה קצקבל פ,,200.00,100 גרם,false,,27.90,13.9500,true,1,26545
7290014759985,false,גבינה קשה מחלב בקר 2,,,גבינה קשה מחלב בקר 2,,200.00,100 גרם,false,,26.90,13.4500,true,1,26546
7290014759992,false,גבינות תנובה רוקפור,,,גבינות תנובה רוקפור,,140.00,100 גרם,false,,18.90,13.5000,true,1,26547
7290014760141,false,תנובה משקה שקדים טרי,,,תנובה משקה שקדים טרי,יחידה,0.00,יחידה,false,,14.50,0.0000,true,1,26549
7290014760448,false,גלבוע 22% 400 גרם,,,גלבוע 22% 400 גרם,,400.00,100 גרם,false,,24.90,6.2250,true,1,26552
7290014760912,false,גוש חלב 28% מהדרין 4,,,גוש חלב 28% מהדרין 4,,400.00,100 גרם,false,,26.90,6.7250,true,1,26556
7290014761056,false,יולו שוקולד חלב מעול,,,יולו שוקולד חלב מעול,,122.00,100 גרם,false,,4.90,4.0164,true,1,26558
7290014761063,false,יולו שוקולד מריר מעו,,,יולו שוקולד מריר מעו,,122.00,100 גרם,false,,4.90,4.0164,true,1,26559
7290014761070,false,יולו שוקולד לבן מעול,,,יולו שוקולד לבן מעול,,122.00,100 גרם,false,,4.90,4.0164,true,1,26560
7290014761414,false,יולו מעדן שכבות שוקו,,,יולו מעדן שכבות שוקו,,122.00,100 גרם,false,,4.90,4.0164,true,1,26569
7290014762800,false,גביע מעדן סויה בטעם,,,גביע מעדן סויה בטעם,,125.00,100 גרם,false,,3.90,3.1200,true,1,26593
7290014762831,false,גבינת שמנת נפוליאון,,,גבינת שמנת נפוליאון,,225.00,100 גרם,false,,14.90,6.6222,true,1,26594
7290014855434,false,בייביסיטר פרפורמנס מ,,,בייביסיטר פרפורמנס מ,יחידה,0.00,יחידה,false,,17.90,0.0000,true,1,30077
7290014905160,false,הפי פניני ריח תפוז\ו,,,הפי פניני ריח תפוז\ו,,130.00,100 גרם,false,,15.90,12.2308,true,1,11671
7290014905733,false,הפי מרסס לניקוי חלונ,,,הפי מרסס לניקוי חלונ,מיליליטרים,750.00,"100 מ""ל",false,,9.90,1.3200,true,1,11684
7290014940901,false,לחם פשוט מלא אנגל 75,,,לחם פשוט מלא אנגל 75,,750.00,100 גרם,false,,15.90,2.1200,true,1,36124
7290014949744,false,אוטן ספריי טרופי יבש,,,אוטן ספריי טרופי יבש,מיליליטרים,100.00,"100 מ""ל",false,,21.70,21.7000,true,1,6037
7290015009256,false,רוטב סלסה רגיל סבורי,,,רוטב סלסה רגיל סבורי,,454.00,100 גרם,false,,21.90,4.8238,true,1,239659
7290015009409,false,זיתים שחורים זן טאטו,,,זיתים שחורים זן טאטו,,250.00,100 גרם,false,,20.30,8.1200,true,1,98719
7290015129251,false,סקיני - פסטה פטוצ'ינ,,,סקיני - פסטה פטוצ'ינ,,270.00,100 גרם,false,,11.90,4.4074,true,1,75335
7290015150088,false,מחית עגבניות בלה איט,,,מחית עגבניות בלה איט,,700.00,100 גרם,false,,12.90,1.8429,true,1,25247
7290015150118,false,עגבניות חתוכות דק בל,,,עגבניות חתוכות דק בל,,400.00,100 גרם,false,,19.90,4.9750,true,1,25250
7290015253277,false,"פחם איכותי 2 ק""ג",,,"פחם איכותי 2 ק""ג",קילוגרמים,2.00,"ק""ג",false,,14.90,7.4500,true,1,91020
7290015282000,false,איקרה אדומה סלטי שמי,,,איקרה אדומה סלטי שמי,,200.00,100 גרם,false,,13.90,6.9500,true,1,18034
7290015282581,false,חומוס אבו גוש עם חרי,,,חומוס אבו גוש עם חרי,,200.00,100 גרם,false,,10.90,5.4500,true,1,18053
7290015282598,false,חומוס מסעדות,,,חומוס מסעדות,,200.00,100 גרם,false,,10.90,5.4500,true,1,18054
7290015282628,false,חציל בטעם כבד סלטי ש,,,חציל בטעם כבד סלטי ש,,200.00,100 גרם,false,,12.90,6.4500,true,1,18057
7290015282635,false,חומוס מסבחה,,,חומוס מסבחה,,200.00,100 גרם,false,,10.90,5.4500,true,1,18058
7290015282642,false,חומוס אבו גוש,,,חומוס אבו גוש,,200.00,100 גרם,false,,10.90,5.4500,true,1,18059
7290015282673,false,חציל במיונז ביתי,,,חציל במיונז ביתי,,200.00,100 גרם,false,,10.90,5.4500,true,1,18061
7290015282741,false,חציל תילאנדי סלטי שמ,,,חציל תילאנדי סלטי שמ,,200.00,100 גרם,false,,12.90,6.4500,true,1,18067
7290015324052,false,טעם וריח פפריקה מתוק,,,טעם וריח פפריקה מתוק,,80.00,100 גרם,false,,7.90,9.8750,true,1,43411
7290015324069,false,טעם וריח גריל עוף שק,,,טעם וריח גריל עוף שק,,80.00,100 גרם,false,,7.90,9.8750,true,1,43412
7290015324090,false,טעם וריח כמון שקית 8,,,טעם וריח כמון שקית 8,,80.00,100 גרם,false,,7.90,9.8750,true,1,43415
7290015324106,false,טעם וריח כורכום שקית,,,טעם וריח כורכום שקית,,80.00,100 גרם,false,,7.90,9.8750,true,1,43416
7290015324113,false,טעם וריח בהרט שקית 8,,,טעם וריח בהרט שקית 8,,80.00,100 גרם,false,,6.00,7.5000,true,1,43417
7290015324151,false,תבלין חוויאג למרק  ב,,,תבלין חוויאג למרק  ב,,80.00,100 גרם,false,,6.00,7.5000,true,1,43419
7290015328531,false,להבונים 50 יח' 3 שעו,,,להבונים 50 יח' 3 שעו,יחידה,0.00,יחידה,false,,10.90,0.0000,true,1,13566
7290015328692,false,מנורת לד 12 וולט,,,מנורת לד 12 וולט,יחידה,0.00,יחידה,false,,9.90,0.0000,true,1,13578
7290015328814,false,צימרוני אוזניים לירו,,,צימרוני אוזניים לירו,יחידה,0.00,יחידה,false,,3.90,0.0000,true,1,13588
7290015350150,false,סגל אדום חצי יבש 750,,,סגל אדום חצי יבש 750,מיליליטרים,750.00,"100 מ""ל",false,,22.90,3.0533,true,1,57090
7290015366663,false,מש.שיניים מנטה עדין,,,מש.שיניים מנטה עדין,,100.00,100 גרם,false,,7.90,7.9000,true,1,4012
7290015366670,false,מש.שיניים מנטה אקווה,,,מש.שיניים מנטה אקווה,,100.00,100 גרם,false,,7.90,7.9000,true,1,4013
7290015572033,false,שרי צהוב,,,שרי צהוב,יח',1.00,יח',false,,9.90,9.9000,true,1,51766
7290015603522,false,נוזל אגוזי קוקוס 5-7,,,נוזל אגוזי קוקוס 5-7,מיליליטרים,400.00,"100 מ""ל",false,,6.90,1.7250,true,1,48364
7290015603546,false,שימורי קרם קוקוס 17-,,,שימורי קרם קוקוס 17-,מיליליטרים,400.00,"100 מ""ל",false,,8.90,2.2250,true,1,48365
7290015603560,false,שימורי קרם קוקוס 20-,,,שימורי קרם קוקוס 20-,מיליליטרים,400.00,"100 מ""ל",false,,9.90,2.4750,true,1,48366
7290015652261,false,בוטנים קלויים ששון ה,,,בוטנים קלויים ששון ה,,300.00,100 גרם,false,,10.00,3.3333,true,1,4871
7290015652278,false,תערובת פיצוחים ששון,,,תערובת פיצוחים ששון,,250.00,100 גרם,false,,20.00,8.0000,true,1,4872
7290015652292,false,קבוקים עם שומשום ששו,,,קבוקים עם שומשום ששו,,400.00,100 גרם,false,,10.00,2.5000,true,1,4873
7290015652308,false,מנצ'ס ששון הקולה 300,,,מנצ'ס ששון הקולה 300,,300.00,100 גרם,false,,10.00,3.3333,true,1,4874
7290015652315,false,חמוציות מסוכרות ששון,,,חמוציות מסוכרות ששון,,300.00,100 גרם,false,,10.00,3.3333,true,1,4875
7290015652322,false,בוטנים אמריקאים מצופ,,,בוטנים אמריקאים מצופ,,400.00,100 גרם,false,,10.00,2.5000,true,1,4876
7290015652407,false,פיסטוק קלוי ששון הקו,,,פיסטוק קלוי ששון הקו,,250.00,100 גרם,false,,20.00,8.0000,true,1,4883
7290015733229,false,מטרנה אקסטרה קר מהדר,,,מטרנה אקסטרה קר מהדר,,700.00,100 גרם,false,,64.90,9.2714,true,1,19051
7290015733427,false,מטרנה דייסת גם וגם ו,,,מטרנה דייסת גם וגם ו,,300.00,100 גרם,false,,21.90,7.3000,true,1,19053
7290015766005,false,שרי וויטני יחידה,,,שרי וויטני יחידה,,500.00,100 גרם,false,,9.90,1.9800,true,1,51767
7290015781152,false,אימפרשן יין רוזה,,,אימפרשן יין רוזה,מיליליטרים,750.00,"100 מ""ל",false,,49.90,6.6533,true,1,12138
7290015781299,false,ויז'ן שיראז,,,ויז'ן שיראז,מיליליטרים,750.00,"100 מ""ל",false,,39.90,5.3200,true,1,12143
7290015855082,false,ברוקולי מיני,,,ברוקולי מיני,יח',1.00,יח',false,,9.90,9.9000,true,1,36216
7290015855143,false,שום קלוף,,,שום קלוף,,170.00,100 גרם,false,,12.90,7.5882,true,1,50129
7290015855181,false,ג'ינג'ר ארוז,,,ג'ינג'ר ארוז,יח',1.00,יח',false,,9.90,9.9000,true,1,50130
7290015855938,false,עלי בייבי 250 גר' אד,,,עלי בייבי 250 גר' אד,,300.00,100 גרם,false,,11.90,3.9667,true,1,105449
7290015858113,false,ממרח עגבניות מיובשות,,,ממרח עגבניות מיובשות,,180.00,100 גרם,false,,16.90,9.3889,true,1,23828
7290015858229,false,ממרח טפנד זיתי קלמטה,,,ממרח טפנד זיתי קלמטה,,180.00,100 גרם,false,,16.90,9.3889,true,1,23832
7290016087147,false,רוטב עגבניות מתובל ל,,,רוטב עגבניות מתובל ל,,240.00,100 גרם,false,,5.90,2.4583,true,1,42337
7290016087192,false,עגבניות מרוסקות מרוכ,,,עגבניות מרוסקות מרוכ,,230.00,100 גרם,false,,5.50,2.3913,true,1,42338
7290016087222,false,ברוטב עגבניות מרוכז,,,ברוטב עגבניות מרוכז,,240.00,100 גרם,false,,5.90,2.4583,true,1,42341
7290016087239,false,רוטב עגבניות לשקשוקה,,,רוטב עגבניות לשקשוקה,,240.00,100 גרם,false,,5.90,2.4583,true,1,42342
7290016096675,false,טונה בשמן זית פילטונ,,,טונה בשמן זית פילטונ,,240.00,100 גרם,false,,17.90,7.4583,true,1,27124
7290016104868,false,סירופ בטעם מייפל 700,,,סירופ בטעם מייפל 700,,700.00,100 גרם,false,,12.90,1.8429,true,1,13623
7290016197488,false,מטלית קסם לשיש מארז,,,מטלית קסם לשיש מארז,יחידה,0.00,יחידה,false,,11.90,0.0000,true,1,9281
7290016197839,false,ניקול השקית החזקה XL,,,ניקול השקית החזקה XL,יחידה,0.00,יחידה,false,,26.90,0.0000,true,1,9288
7290016217742,false,חציל בטחינה סלטי שמי,,,חציל בטחינה סלטי שמי,,200.00,100 גרם,false,,10.90,5.4500,true,1,18085
7290016246018,false,בארכה מיקס פינוקיות,,,בארכה מיקס פינוקיות,,200.00,100 גרם,false,,13.90,6.9500,true,1,19056
7290016246209,false,בארכה חטיף חלבה וניל,,,בארכה חטיף חלבה וניל,,100.00,100 גרם,false,,3.90,3.9000,true,1,19059
7290016246445,false,בארכה טחינה גולמית מ,,,בארכה טחינה גולמית מ,,310.00,100 גרם,false,,12.90,4.1613,true,1,19063
7290016273090,false,סוכרית לוליפופ על מק,,,סוכרית לוליפופ על מק,,31.00,100 גרם,false,,5.50,17.7419,true,1,4055
7290016277630,false,צנובר טבעי 150 גרם ש,,,צנובר טבעי 150 גרם ש,,150.00,100 גרם,false,,30.90,20.6000,true,1,70872
7290016321883,false,פרשוואנס נייר טואלט,,,פרשוואנס נייר טואלט,יחידה,0.00,יחידה,false,,15.90,0.0000,true,1,6106
7290016321890,false,פרשוואנס נייר טואלט,,,פרשוואנס נייר טואלט,יחידה,0.00,יחידה,false,,15.90,0.0000,true,1,6107
7290016334500,false,לבבות חסה זוגות בשקי,,,לבבות חסה זוגות בשקי,יח',1.00,יח',false,,9.90,9.9000,true,1,48561
7290016370300,false,זית קלמטה שלם בצנצנת,,,זית קלמטה שלם בצנצנת,,560.00,100 גרם,false,,14.90,2.6607,true,1,81862
7290016440881,false,ירקות חמוצים בטעם טב,,,ירקות חמוצים בטעם טב,,500.00,100 גרם,false,,20.90,4.1800,true,1,160230
7290016440911,false,מלפפונים ביתיים כבוש,,,מלפפונים ביתיים כבוש,,500.00,100 גרם,false,,20.90,4.1800,true,1,160215
7290016509342,false,סוד מארז שלישיה כדור,,,סוד מארז שלישיה כדור,,150.00,100 גרם,false,,21.90,14.6000,true,1,35549
7290016509830,false,פרסיל ג'ל 2.5 ליטר ב,,,פרסיל ג'ל 2.5 ליטר ב,ליטרים,2.50,ליטר,false,,36.90,14.7600,true,1,35560
7290016510324,false,תחליב רחצה לגבר אירי,,,תחליב רחצה לגבר אירי,מיליליטרים,700.00,"100 מ""ל",false,,10.90,1.5571,true,1,8295
7290016564006,false,מבריקל הפלא,,,מבריקל הפלא,יחידה,0.00,יחידה,false,,10.90,0.0000,true,1,48587
7290016682182,false,שייק תמר בננה מופחת,,,שייק תמר בננה מופחת,יחידה,0.00,יחידה,false,,16.90,0.0000,true,1,50268
7290016682359,false,פרי ניב מיץ 100% טבע,,,פרי ניב מיץ 100% טבע,ליטרים,2.00,ליטר,false,,26.60,13.3000,true,1,171320
7290016682373,false,פרי ניב סחוט לימונדה,,,פרי ניב סחוט לימונדה,ליטרים,2.00,ליטר,false,,18.80,9.4000,true,1,171321
7290016682397,false,נקטר חמוציות פריניב,,,נקטר חמוציות פריניב,ליטרים,2.00,ליטר,false,,19.80,9.9000,true,1,171322
7290016717044,false,"יין באזז מנגו 750 מ""",,,"יין באזז מנגו 750 מ""",מיליליטרים,750.00,"100 מ""ל",false,,31.90,4.2533,true,1,632
7290016866643,false,מש.שיניים פרש פרודונ,,,מש.שיניים פרש פרודונ,מיליליטרים,75.00,"100 מ""ל",false,,32.90,43.8667,true,1,4079
7290016867114,false,לחם כוסמין קל מלא 50,,,לחם כוסמין קל מלא 50,,500.00,100 גרם,false,,17.90,3.5800,true,1,159580
7290016867152,false,פיתות קלות כוסמין 29,,,פיתות קלות כוסמין 29,,292.00,100 גרם,false,,13.90,4.7603,true,1,159631
7290016867176,false,לחמניות ק. כוסמין שו,,,לחמניות ק. כוסמין שו,,300.00,100 גרם,false,,13.90,4.6333,true,1,159611
7290016867237,false,לחם קל כוסמין במתיקו,,,לחם קל כוסמין במתיקו,,400.00,100 גרם,false,,18.90,4.7250,true,1,159581
7290016882407,false,מחית חצילים קלויים ג,,,מחית חצילים קלויים ג,,550.00,100 גרם,false,,12.50,2.2727,true,1,153031
7290016967074,false,חיטה מלאה אנגל 750 ג,,,חיטה מלאה אנגל 750 ג,,750.00,100 גרם,false,,17.90,2.3867,true,1,36130
7290016998184,false,עלי חסה ערבית שטופה,,,עלי חסה ערבית שטופה,,250.00,100 גרם,false,,10.90,4.3600,true,1,114579
7290016998207,false,לקט קסם השדה 350 גר,,,לקט קסם השדה 350 גר,,350.00,100 גרם,false,,10.90,3.1143,true,1,114581
7290016998238,false,כרוב לבן קצוץ 400 גר,,,כרוב לבן קצוץ 400 גר,,400.00,100 גרם,false,,8.90,2.2250,true,1,114583
7290016998245,false,מיקס שורשים 400 גר,,,מיקס שורשים 400 גר,,400.00,100 גרם,false,,9.90,2.4750,true,1,114584
7290016998269,false,לקט קולסלאו 400 גר,,,לקט קולסלאו 400 גר,,400.00,100 גרם,false,,7.90,1.9750,true,1,114586
7290016998276,false,גזר חתוך דק 250 גר,,,גזר חתוך דק 250 גר,,250.00,100 גרם,false,,6.90,2.7600,true,1,114587
7290016998283,false,לקט סלנובה 200 גר,,,לקט סלנובה 200 גר,,200.00,100 גרם,false,,11.90,5.9500,true,1,114588
7290016998320,false,לבבות קיסר  מארז,,,לבבות קיסר  מארז,יח',1.00,יח',false,,11.90,11.9000,true,1,114592
7290016998368,false,לקט ירקות למוקפץ 500,,,לקט ירקות למוקפץ 500,,500.00,100 גרם,false,,12.90,2.5800,true,1,114596
7290017062747,false,נוזל כלים תפוח 36% 7,,,נוזל כלים תפוח 36% 7,מיליליטרים,750.00,"100 מ""ל",false,,9.90,1.3200,true,1,72027
7290017062754,false,נוזל כלים לימון 36%,,,נוזל כלים לימון 36%,מיליליטרים,750.00,"100 מ""ל",false,,9.90,1.3200,true,1,72025
7290017065007,false,מוצרלה פרוסה  חצי קש,,,מוצרלה פרוסה  חצי קש,,200.00,100 גרם,false,,19.90,9.9500,true,1,15065
7290017065212,false,קרם מסקרפונה להקצפה,,,קרם מסקרפונה להקצפה,,250.00,100 גרם,false,,21.90,8.7600,true,1,15074
7290017065731,false,גבינת שמנת ניו יורק,,,גבינת שמנת ניו יורק,,200.00,100 גרם,false,,13.90,6.9500,true,1,109820
7290017088075,false,חיתולי ביייביסיטר סט,,,חיתולי ביייביסיטר סט,יח',40.00,יח',false,,37.90,0.9475,true,1,248193
7290017088112,false,ביייביסיטר נוחות מיד,,,ביייביסיטר נוחות מיד,יח',36.00,יח',false,,34.90,0.9694,true,1,30095
7290017088136,false,ביייביסיטר נוחות מיד,,,ביייביסיטר נוחות מיד,יח',40.00,יח',false,,34.90,0.8725,true,1,30097
7290017088143,false,ביייביסיטר נוחות מיד,,,ביייביסיטר נוחות מיד,יח',40.00,יח',false,,34.90,0.8725,true,1,30098
7290017088631,false,מגבון Tooly רביעייה,,,מגבון Tooly רביעייה,יחידה,0.00,יחידה,false,,11.90,0.0000,true,1,30104
7290017088914,false,מגבונים מבושם בייביס,,,מגבונים מבושם בייביס,יחידה,0.00,יחידה,false,,17.90,0.0000,true,1,65373
7290017088983,false,חיתולי בייביסיטר  NB,,,חיתולי בייביסיטר  NB,יחידה,0.00,יחידה,false,,30.90,0.0000,true,1,165063
7290017094861,false,חומוס עם רוטב מסבחה,,,חומוס עם רוטב מסבחה,,400.00,100 גרם,false,,10.90,2.7250,true,1,18102
7290017105048,false,טבעות ירוקים זיתים י,,,טבעות ירוקים זיתים י,,200.00,100 גרם,false,,11.90,5.9500,true,1,8926
7290017105895,false,גרגרי חומוס מסעדות י,,,גרגרי חומוס מסעדות י,,550.00,100 גרם,false,,10.90,1.9818,true,1,8947
7290017142005,false,שמן קוקוס אורגני כתי,,,שמן קוקוס אורגני כתי,מיליליטרים,320.00,"100 מ""ל",false,,31.90,9.9687,true,1,29897
7290017142128,false,שמן זית כתית מעולה ק,,,שמן זית כתית מעולה ק,מיליליטרים,750.00,"100 מ""ל",false,,35.90,4.7867,true,1,29905
7290017142159,false,נתחי טונה בהירה בשמן,,,נתחי טונה בהירה בשמן,,240.00,100 גרם,false,,24.90,10.3750,true,1,29906
7290017142166,false,פילה טונה פרוס עם בש,,,פילה טונה פרוס עם בש,,120.00,100 גרם,false,,15.90,13.2500,true,1,29907
7290017142180,false,פילה טונה פרוס זית ל,,,פילה טונה פרוס זית ל,,120.00,100 גרם,false,,15.90,13.2500,true,1,29908
7290017142203,false,פילה טונה פרוס עם בש,,,פילה טונה פרוס עם בש,,120.00,100 גרם,false,,15.90,13.2500,true,1,29909
7290017142340,false,שמן זרעי ענבים מזוכך,,,שמן זרעי ענבים מזוכך,ליטרים,1.00,ליטר,false,,31.90,31.9000,true,1,29918
7290017142388,false,שמן חמניות פלוס אומג,,,שמן חמניות פלוס אומג,ליטרים,1.00,ליטר,false,,16.90,16.9000,true,1,29922
7290017142395,false,פסטה עם טונה בשמן זי,,,פסטה עם טונה בשמן זי,,160.00,100 גרם,false,,14.90,9.3125,true,1,29923
7290017142487,false,בורגול עם טונה גרגיר,,,בורגול עם טונה גרגיר,,160.00,100 גרם,false,,14.90,9.3125,true,1,119934
7290017304885,false,לחם שיפון וחיטה מלאה,,,לחם שיפון וחיטה מלאה,,750.00,100 גרם,false,,17.90,2.3867,true,1,36137
7290017457727,false,מרכך כביסה מרוכז סוד,,,מרכך כביסה מרוכז סוד,מיליליטרים,900.00,"100 מ""ל",false,,9.90,1.1000,true,1,35581
7290017477169,false,קשיו קלוי ששון הקולה,,,קשיו קלוי ששון הקולה,,250.00,100 גרם,false,,20.00,8.0000,true,1,4948
7290017513782,false,בייגלה מצופה שוקולד,,,בייגלה מצופה שוקולד,,140.00,100 גרם,false,,7.90,5.6429,true,1,65016
7290017617046,false,טונה בשמן זית סטארקי,,,טונה בשמן זית סטארקי,,560.00,100 גרם,false,,29.90,5.3393,true,1,27233
7290017617084,false,סטארקיסט מיקס 185 גר,,,סטארקיסט מיקס 185 גר,,185.00,100 גרם,false,,13.90,7.5135,true,1,207313
7290017617107,false,סטארקיסט מיקס 185 גר,,,סטארקיסט מיקס 185 גר,,185.00,100 גרם,false,,13.90,7.5135,true,1,171072
7290017647470,false,הר חרמון מג'נטה 2019,,,הר חרמון מג'נטה 2019,מיליליטרים,750.00,"100 מ""ל",false,,33.90,4.5200,true,1,76654
7290017677804,false,קיקומן רוטב סויה ללא,,,קיקומן רוטב סויה ללא,מיליליטרים,444.00,"100 מ""ל",false,,21.90,4.9324,true,1,5391
7290017715346,false,זית שחור טאסוס תומר,,,זית שחור טאסוס תומר,,400.00,100 גרם,false,,16.90,4.2250,true,1,25692
7290017715834,false,זית נובו מבוקע ג.מאו,,,זית נובו מבוקע ג.מאו,,560.00,100 גרם,false,,11.50,2.0536,true,1,25711
7290017812380,false,תירוש מיץ ענבים אדום,,,תירוש מיץ ענבים אדום,מיליליטרים,750.00,"100 מ""ל",false,,12.90,1.7200,true,1,655
7290017812878,false,יין רוזה אקסלנס יקבי,,,יין רוזה אקסלנס יקבי,מיליליטרים,750.00,"100 מ""ל",false,,28.90,3.8533,true,1,142646
7290017812977,false,יין באזז אננס יקבי כ,,,יין באזז אננס יקבי כ,מיליליטרים,750.00,"100 מ""ל",false,,31.90,4.2533,true,1,122226
7290017871998,false,פודינג אינסטנט בטעם,,,פודינג אינסטנט בטעם,,30.00,100 גרם,false,,10.90,36.3333,true,1,74869
7290017928036,false,מקלות גריסיני שומשום,,,מקלות גריסיני שומשום,,175.00,100 גרם,false,,11.90,6.8000,true,1,5392
7290017928661,false,שברי בייגלה בטעם צ'ד,,,שברי בייגלה בטעם צ'ד,,300.00,100 גרם,false,,13.90,4.6333,true,1,92140
7290017928807,false,אצבעות שומשום מאיר ב,,,אצבעות שומשום מאיר ב,,300.00,100 גרם,false,,11.90,3.9667,true,1,5407
7290017941158,false,סכינים עבות 100 יח',,,סכינים עבות 100 יח',יחידה,0.00,יחידה,false,,12.90,0.0000,true,1,102958
7290017941288,false,נר נשמה 24 שעות,,,נר נשמה 24 שעות,יחידה,0.00,יחידה,false,,2.50,0.0000,true,1,137819
7290017941400,false,כוסות 4OZ אספרסו 50,,,כוסות 4OZ אספרסו 50,יחידה,0.00,יחידה,false,,10.90,0.0000,true,1,126143
7290017941455,false,כוסות 9oz לשתיה חמה,,,כוסות 9oz לשתיה חמה,יחידה,0.00,יחידה,false,,14.90,0.0000,true,1,114006
7290017941615,false,רדיד אלומניום כוכבים,,,רדיד אלומניום כוכבים,מטרים,60.00,מטר,false,,28.90,0.4817,true,1,97829
7290017941677,false,מארז תבניות רוסטר בנ,,,מארז תבניות רוסטר בנ,יחידה,0.00,יחידה,false,,14.90,0.0000,true,1,97831
7290017941691,false,מפת שולחן מהודרת 270,,,מפת שולחן מהודרת 270,יחידה,0.00,יחידה,false,,9.90,0.0000,true,1,137852
7290017941714,false,שקיות רב שימושיות זו,,,שקיות רב שימושיות זו,יחידה,0.00,יחידה,false,,9.90,0.0000,true,1,129230
7290017941790,false,ניילון נצמד 30*30 עם,,,ניילון נצמד 30*30 עם,מטרים,30.00,מטר,false,,9.90,0.3300,true,1,137838
7290017941905,false,קיסמים במלחיה 300 יח,,,קיסמים במלחיה 300 יח,יחידה,0.00,יחידה,false,,3.90,0.0000,true,1,100782
7290017941929,false,"שיפודי יקטורי 18 ס""מ",,,"שיפודי יקטורי 18 ס""מ",יחידה,0.00,יחידה,false,,7.90,0.0000,true,1,100799
7290017946764,false,מנקה מכונת כביסה,,,מנקה מכונת כביסה,,150.00,100 גרם,false,,21.90,14.6000,true,1,84905
7290017947105,false,לחם בסגנון אמריקה אנ,,,לחם בסגנון אמריקה אנ,,500.00,100 גרם,false,,15.90,3.1800,true,1,36138
7290017947457,false,חלה ארוזה של שבת כוס,,,חלה ארוזה של שבת כוס,,500.00,100 גרם,false,,19.90,3.9800,true,1,217591
7290017947464,false,שמיניית פיתות כוסמין,,,שמיניית פיתות כוסמין,,400.00,100 גרם,false,,17.90,4.4750,true,1,62428
7290017947495,false,6 לחמניות כוסמין אנג,,,6 לחמניות כוסמין אנג,,450.00,100 גרם,false,,16.90,3.7556,true,1,78786
7290017947891,false,לחם כוסמין וחיטה מלא,,,לחם כוסמין וחיטה מלא,,750.00,100 גרם,false,,17.90,2.3867,true,1,36149
7290017947921,true,מארז לחמניות המבורגר,,,מארז לחמניות המבורגר,,450.00,100 גרם,false,,15.90,3.5333,true,1,36150
7290017947938,false,8 לחמניות המבורגר בס,,,8 לחמניות המבורגר בס,,4000.00,100 גרם,false,,15.90,0.3975,true,1,79269
7290018043196,false,חטיף חלבון בטעם שוקו,,,חטיף חלבון בטעם שוקו,,60.00,100 גרם,false,,13.90,23.1667,true,1,219852
7290018091272,false,בצק עוגיות טריפל שוק,,,בצק עוגיות טריפל שוק,,300.00,100 גרם,false,,16.90,5.6333,true,1,226221
7290018091838,false,חטיפי בורקס מבצק פיל,,,חטיפי בורקס מבצק פיל,,600.00,100 גרם,false,,24.90,4.1500,true,1,87731
7290018098585,false,קציצות 300 גרם BEEF,,,קציצות 300 גרם BEEF,,300.00,100 גרם,false,,22.90,7.6333,true,1,244927
7290018131251,false,אקסטרים מטבע שוקולד,,,אקסטרים מטבע שוקולד,יחידה,0.00,יחידה,false,,9.90,0.0000,true,1,16511
7290018131855,false,אקסטרים מאגדת טילון,,,אקסטרים מאגדת טילון,,432.00,100 גרם,false,,37.90,8.7731,true,1,118559
7290018249222,false,אבקה כמו סוכר 100 גר,,,אבקה כמו סוכר 100 גר,קילוגרמים,100.00,"ק""ג",false,,14.90,0.1490,true,1,49710
7290018249802,false,כמו סוכר באריזת צנצנ,,,כמו סוכר באריזת צנצנ,קילוגרמים,280.00,"ק""ג",false,,28.90,0.1032,true,1,49711
7290018359334,false,רכז עגבניות טבעי פרי,,,רכז עגבניות טבעי פרי,,580.00,100 גרם,false,,10.90,1.8793,true,1,67765
7290018359495,false,תירס מהשדה בלי תוספת,,,תירס מהשדה בלי תוספת,,550.00,100 גרם,false,,10.90,1.9818,true,1,67790
7290018359686,false,חומוס ענק יכין 550 ג,,,חומוס ענק יכין 550 ג,,550.00,100 גרם,false,,9.90,1.8000,true,1,152082
7290018359860,false,רסק עגבניות ליקופן י,,,רסק עגבניות ליקופן י,,400.00,100 גרם,false,,10.00,2.5000,true,1,194087
7290018359877,false,רסק עגבניות טבעי יכי,,,רסק עגבניות טבעי יכי,,600.00,100 גרם,false,,17.90,2.9833,true,1,194088
7290018359952,false,רוטב עגבניות לפסטה י,,,רוטב עגבניות לפסטה י,,400.00,100 גרם,false,,13.90,3.4750,true,1,247597
7290018376416,false,פילה ברבוניה ארוז 40,,,פילה ברבוניה ארוז 40,,400.00,100 גרם,false,,29.90,7.4750,true,1,285207
7290018440209,false,חטיף בייגלה אפוי בצי,,,חטיף בייגלה אפוי בצי,,140.00,100 גרם,false,,7.90,5.6429,true,1,112808
7290018440490,false,סלט טונה עם ירקות וק,,,סלט טונה עם ירקות וק,,150.00,100 גרם,false,,15.90,10.6000,true,1,253440
7290018441626,false,גלידת שמנת בטעם מנטה,,,גלידת שמנת בטעם מנטה,,430.00,100 גרם,false,,24.90,5.7907,true,1,196780
7290018471463,false,נקטר תפוזינה ENJOY ב,,,נקטר תפוזינה ENJOY ב,ליטרים,1.00,ליטר,false,,6.90,6.9000,true,1,118239
7290018471470,false,נקטר תפוזינה ENJOY ב,,,נקטר תפוזינה ENJOY ב,ליטרים,1.00,ליטר,false,,6.90,6.9000,true,1,118240
7290018471494,false,נקטר תפוזינה ENJOY ב,,,נקטר תפוזינה ENJOY ב,ליטרים,1.00,ליטר,false,,6.90,6.9000,true,1,118242
7290018471906,false,שוופס מוגז לימונדה ו,,,שוופס מוגז לימונדה ו,ליטרים,1.50,ליטר,false,,9.50,6.3333,true,1,172384
7290018471920,false,שוופס ענבים מוגז 1.5,,,שוופס ענבים מוגז 1.5,ליטרים,1.50,ליטר,false,,9.50,6.3333,true,1,172399
7290018471937,false,שוופס מוגז פירות תות,,,שוופס מוגז פירות תות,ליטרים,1.50,ליטר,false,,9.50,6.3333,true,1,172400
7290018471951,false,שוופס פרוטס אשכולית,,,שוופס פרוטס אשכולית,ליטרים,1.50,ליטר,false,,9.50,6.3333,true,1,172415
7290018493069,false,קרם ידיים אפקטיב קר,,,קרם ידיים אפקטיב קר,מיליליטרים,100.00,"100 מ""ל",false,,16.90,16.9000,true,1,234123
7290018493977,false,אל סבון ניקיון ולחות,,,אל סבון ניקיון ולחות,ליטרים,1.00,ליטר,false,,16.90,16.9000,true,1,165374
7290018500231,false,לחם וויקאנד אנג'ל 75,,,לחם וויקאנד אנג'ל 75,,750.00,100 גרם,false,,19.90,2.6533,true,1,242858
7290018500361,false,לחם אחיד פרוס מאפיית,,,לחם אחיד פרוס מאפיית,,900.00,100 גרם,false,,8.32,0.9244,true,1,249082
7290018500385,true,חלה רגילה אנגל 650 ג,,,חלה רגילה אנגל 650 ג,,650.00,100 גרם,false,,6.50,1.0000,true,1,270359
7290018500392,true,חלה קלועה אנגל 650 ג,,,חלה קלועה אנגל 650 ג,,650.00,100 גרם,false,,6.50,1.0000,true,1,270360
7290018540329,false,פיתה פיתה אנגל 880 ג,,,פיתה פיתה אנגל 880 ג,יח',10.00,יח',false,,13.90,1.3900,true,1,94538
7290018540817,false,לחם ארטיזנל כוסמין א,,,לחם ארטיזנל כוסמין א,,500.00,100 גרם,false,,19.90,3.9800,true,1,217243
7290018540824,false,לחם מחמצת כפרי artis,,,לחם מחמצת כפרי artis,,500.00,100 גרם,false,,19.90,3.9800,true,1,217257
7290018571545,false,סוכריות כורכומין מבו,,,סוכריות כורכומין מבו,,210.00,100 גרם,false,,39.90,19.0000,true,1,280970
7290018571620,false,סוכריות מולטי ויטמין,,,סוכריות מולטי ויטמין,,240.00,100 גרם,false,,39.90,16.6250,true,1,280973
7290018571668,false,סוכריות C+D + אבץ מש,,,סוכריות C+D + אבץ מש,,210.00,100 גרם,false,,39.90,19.0000,true,1,280977
7290018626085,false,לפתניות 4.5 שקוף 50,,,לפתניות 4.5 שקוף 50,יחידה,0.00,יחידה,false,,9.90,0.0000,true,1,97862
7290018626108,false,קערות אובליות שקוף 5,,,קערות אובליות שקוף 5,יחידה,0.00,יחידה,false,,11.90,0.0000,true,1,97863
7290018626283,false,פיצה מרגריטה 350 גרם,,,פיצה מרגריטה 350 גרם,,350.00,100 גרם,false,,12.90,3.6857,true,1,142318
7290018626306,false,פיצה מרגריטה פיטריות,,,פיצה מרגריטה פיטריות,,400.00,100 גרם,false,,12.90,3.2250,true,1,146472
7290018626535,false,שקיות נייר לכריכים 5,,,שקיות נייר לכריכים 5,יחידה,0.00,יחידה,false,,8.90,0.0000,true,1,110459
7290018652039,false,לה קרמריה קרמל מלוח,,,לה קרמריה קרמל מלוח,ליטרים,1.40,ליטר,false,,25.90,18.5000,true,1,118562
7290018652688,false,גלידת בטעמי פירות טר,,,גלידת בטעמי פירות טר,ליטרים,1.40,100 ליטר,false,,25.90,1850.0000,true,1,204912
7290018703311,false,חטיף חלבון בטעם קרם,,,חטיף חלבון בטעם קרם,,60.00,100 גרם,false,,13.90,23.1667,true,1,221946
7290018860991,false,אטריות ביצים רחבות מ,,,אטריות ביצים רחבות מ,,400.00,100 גרם,false,,9.90,2.4750,true,1,269515
7290018886175,false,כפיות עבות 50 יח'  ש,,,כפיות עבות 50 יח'  ש,יחידה,0.00,יחידה,false,,10.90,0.0000,true,1,143034
7290018886182,false,כפיות עבות 50 יח'  ק,,,כפיות עבות 50 יח'  ק,יחידה,0.00,יחידה,false,,10.90,0.0000,true,1,143035
7290018886212,false,מזלגות עבות 50 יח',,,מזלגות עבות 50 יח',יחידה,0.00,יחידה,false,,10.90,0.0000,true,1,143038
7290018886236,false,כפות עבות 50 יח'  שק,,,כפות עבות 50 יח'  שק,יחידה,0.00,יחידה,false,,10.90,0.0000,true,1,143040
7290018886243,false,כפות עבות 50 יח'  קר,,,כפות עבות 50 יח'  קר,יחידה,0.00,יחידה,false,,10.90,0.0000,true,1,143041
7290018886519,false,כפיות מהודרות כסף 10,,,כפיות מהודרות כסף 10,יחידה,0.00,יחידה,false,,6.90,0.0000,true,1,186405
7290018886991,false,שמן קנולה אלומות 1 ל,,,שמן קנולה אלומות 1 ל,ליטרים,1.00,ליטר,false,,11.90,11.9000,true,1,156479
7290018893142,false,צ'וקטה גריסיני שמן ז,,,צ'וקטה גריסיני שמן ז,,120.00,100 גרם,false,,8.90,7.4167,true,1,251027
7290018893500,false,צ'וקטה עוגיות סנדביץ,,,צ'וקטה עוגיות סנדביץ,,180.00,100 גרם,false,,5.90,3.2778,true,1,229336
7290018893746,false,צ'וקטה בייגלה עגבניו,,,צ'וקטה בייגלה עגבניו,,180.00,100 גרם,false,,7.90,4.3889,true,1,280088
7290018893852,false,צ'וקטה חטיף בייגלה ב,,,צ'וקטה חטיף בייגלה ב,,200.00,100 גרם,false,,7.90,3.9500,true,1,162924
7290018894019,false,עוגות אישיות מיקס מק,,,עוגות אישיות מיקס מק,,350.00,100 גרם,false,,15.90,4.5429,true,1,233084
7290018894217,false,עוגות אישיות מיקס מק,,,עוגות אישיות מיקס מק,,350.00,100 גרם,false,,15.90,4.5429,true,1,233098
7290018925065,false,פרימור מיץ תפוזים סח,,,פרימור מיץ תפוזים סח,ליטרים,2.00,ליטר,false,,27.90,13.9500,true,1,179107
7290018989005,false,פולפה טבעית יכין  3*,,,פולפה טבעית יכין  3*,קילוגרמים,1.20,"ק""ג",false,,17.90,14.9167,true,1,194073
7290019014041,false,נוזל רצפות פסגה מושל,,,נוזל רצפות פסגה מושל,ליטרים,2.00,ליטר,false,,18.90,9.4500,true,1,191126
7290019014058,false,נוזל רצפות פלגי מים,,,נוזל רצפות פלגי מים,ליטרים,2.00,ליטר,false,,18.90,9.4500,true,1,209431
7290019031062,false,תבנית R-2 מלבנית 7 י,,,תבנית R-2 מלבנית 7 י,יחידה,0.00,יחידה,false,,9.90,0.0000,true,1,210556
7290019031109,false,תבנית R-88 אינגליש 1,,,תבנית R-88 אינגליש 1,יחידה,0.00,יחידה,false,,9.90,0.0000,true,1,210560
7290019031116,false,תבנית R-99 ענקית 3 י,,,תבנית R-99 ענקית 3 י,יחידה,0.00,יחידה,false,,9.90,0.0000,true,1,210561
7290019031123,false,תבנית אלומינים A-14,,,תבנית אלומינים A-14,יחידה,0.00,יחידה,false,,9.90,0.0000,true,1,210562
7290019031185,false,כפפות לטקס 100 יח' M,,,כפפות לטקס 100 יח' M,יחידה,0.00,יחידה,false,,32.90,0.0000,true,1,201861
7290019031192,false,כפפות לטקס 100 יח' L,,,כפפות לטקס 100 יח' L,יחידה,0.00,יחידה,false,,32.90,0.0000,true,1,201862
7290019031222,false,כוסות 12OZ לשתייה חמ,,,כוסות 12OZ לשתייה חמ,יחידה,0.00,יחידה,false,,12.90,0.0000,true,1,216026
7290019031307,false,לפתניות לבנות 25 יח',,,לפתניות לבנות 25 יח',יחידה,0.00,יחידה,false,,6.90,0.0000,true,1,205691
7290019031314,false,קערות אובליות לבנות,,,קערות אובליות לבנות,יחידה,0.00,יחידה,false,,7.90,0.0000,true,1,205692
7290019031321,false,"מרקיות 7"" לבנות 25 י",,,"מרקיות 7"" לבנות 25 י",יחידה,0.00,יחידה,false,,10.90,0.0000,true,1,205706
7290019031338,false,"צלחות קטנות 7"" לבנות",,,"צלחות קטנות 7"" לבנות",יחידה,0.00,יחידה,false,,9.90,0.0000,true,1,205707
7290019031345,false,צלחות גדולות 9 לבן 2,,,צלחות גדולות 9 לבן 2,יחידה,0.00,יחידה,false,,12.90,0.0000,true,1,192008
7290019031383,false,סבון ידיים מאסק 1 לי,,,סבון ידיים מאסק 1 לי,ליטרים,1.00,100 ליטר,false,,10.90,1090.0000,true,1,205662
7290019031420,false,אל סבון נוזלי שלישיי,,,אל סבון נוזלי שלישיי,מיליליטרים,500.00,"100 מ""ל",false,,11.90,2.3800,true,1,215902
7290019031543,false,שמן זית כתית מעולה א,,,שמן זית כתית מעולה א,מיליליטרים,750.00,"100 מ""ל",false,,30.90,4.1200,true,1,215862
7290019031659,false,WIZ צלחות גדולות  שק,,,WIZ צלחות גדולות  שק,יחידה,0.00,יחידה,false,,15.90,0.0000,true,1,260788
7290019031666,false,WIZ צלחות קטנות שקופ,,,WIZ צלחות קטנות שקופ,יחידה,0.00,יחידה,false,,10.90,0.0000,true,1,260789
7290019031673,false,"WIZ מרקיות שקופות 7""",,,"WIZ מרקיות שקופות 7""",יחידה,0.00,יחידה,false,,10.90,0.0000,true,1,260790
7290019031680,false,WIZ קערות אובליות שק,,,WIZ קערות אובליות שק,יחידה,0.00,יחידה,false,,9.90,0.0000,true,1,260791
7290019031697,false,WIZ לפתניות שקופות 2,,,WIZ לפתניות שקופות 2,יחידה,0.00,יחידה,false,,6.90,0.0000,true,1,260807
7290019056034,false,שוופס מוגז פירות אננ,,,שוופס מוגז פירות אננ,ליטרים,1.50,ליטר,false,,8.90,5.9333,true,1,172417
7290019056065,false,שוופס מוגז עדין פירו,,,שוופס מוגז עדין פירו,ליטרים,1.50,ליטר,false,,8.90,5.9333,true,1,172118
7290019056089,false,שוופס מוגז עדין טעם,,,שוופס מוגז עדין טעם,ליטרים,1.50,ליטר,false,,8.90,5.9333,true,1,172135
7290019056096,false,שוופס מוגז עדין אפרס,,,שוופס מוגז עדין אפרס,ליטרים,1.50,ליטר,false,,8.90,5.9333,true,1,172136
7290019056119,false,שוופס סודה 1.5ליטר,,,שוופס סודה 1.5ליטר,ליטרים,1.50,ליטר,false,,4.50,3.0000,true,1,172008
7290019056126,false,שוופס סודה לימון 1.5,,,שוופס סודה לימון 1.5,ליטרים,1.50,ליטר,false,,4.50,3.0000,true,1,172432
7290019056133,false,שוופס סודה נענע ליים,,,שוופס סודה נענע ליים,ליטרים,1.50,ליטר,false,,4.50,3.0000,true,1,172433
7290019056164,false,שוופס סודה 4*1.5ליטר,,,שוופס סודה 4*1.5ליטר,ליטרים,6.00,ליטר,false,,12.50,2.0833,true,1,172023
7290019056171,false,שוופס סודה לימון 4*1,,,שוופס סודה לימון 4*1,ליטרים,6.00,ליטר,false,,12.50,2.0833,true,1,172038
7290019056201,false,שוופס פירות יער סודה,,,שוופס פירות יער סודה,ליטרים,6.00,ליטר,false,,12.50,2.0833,true,1,172071
7290019056232,false,שוופס ליים מוחיטו 1.,,,שוופס ליים מוחיטו 1.,ליטרים,1.50,ליטר,false,,9.50,6.3333,true,1,172137
7290019056256,false,שוופס וואטר בטעם תפו,,,שוופס וואטר בטעם תפו,ליטרים,1.50,ליטר,false,,8.90,5.9333,true,1,171964
7290019056270,false,שוופס וואטר פירות יע,,,שוופס וואטר פירות יע,ליטרים,1.50,ליטר,false,,8.90,5.9333,true,1,173947
7290019056300,false,שוופס ביטר לימון 1.5,,,שוופס ביטר לימון 1.5,ליטרים,1.50,ליטר,false,,12.50,8.3333,true,1,172462
7290019056317,false,שוופס ראשן 1.5 ליטר,,,שוופס ראשן 1.5 ליטר,ליטרים,1.50,ליטר,false,,12.50,8.3333,true,1,172463
7290019056324,false,שוופס מי טוניק 1.5 ל,,,שוופס מי טוניק 1.5 ל,ליטרים,1.50,ליטר,false,,12.50,8.3333,true,1,172464
7290019056355,false,תפוזינה לימונדה נענע,,,תפוזינה לימונדה נענע,ליטרים,1.50,ליטר,false,,8.90,5.9333,true,1,171581
7290019056379,false,תפוזינה תפוזים 1.5 ל,,,תפוזינה תפוזים 1.5 ל,ליטרים,1.50,ליטר,false,,8.90,5.9333,true,1,171689
7290019056409,false,תפוזינה מנגו עסיסי 1,,,תפוזינה מנגו עסיסי 1,ליטרים,1.50,ליטר,false,,8.90,5.9333,true,1,171725
7290019056515,false,פרוט ווטר אננס 1.5 ל,,,פרוט ווטר אננס 1.5 ל,ליטרים,1.50,ליטר,false,,9.50,6.3333,true,1,171907
7290019056522,false,פרוט ווטר תות 1.5 לי,,,פרוט ווטר תות 1.5 לי,ליטרים,1.50,ליטר,false,,9.50,6.3333,true,1,171921
7290019056546,false,פרוט ווטר אבטיח 1.5,,,פרוט ווטר אבטיח 1.5,ליטרים,1.50,ליטר,false,,9.50,6.3333,true,1,171936
7290019056553,false,עין גדי מים מינרלים,,,עין גדי מים מינרלים,ליטרים,12.00,ליטר,false,,13.70,1.1417,true,1,172589
7290019056584,false,ספרינג תפוזים 1.5 לי,,,ספרינג תפוזים 1.5 לי,ליטרים,1.50,ליטר,false,,8.90,5.9333,true,1,171470
7290019056591,false,ספרינג ענבים 1.5 ליט,,,ספרינג ענבים 1.5 ליט,ליטרים,1.50,ליטר,false,,8.90,5.9333,true,1,171484
7290019056607,false,ספרינג תפוחים 1.5 לי,,,ספרינג תפוחים 1.5 לי,ליטרים,1.50,ליטר,false,,8.90,5.9333,true,1,171485
7290019056621,false,ספרינג פירות טרופיים,,,ספרינג פירות טרופיים,ליטרים,1.50,ליטר,false,,8.90,5.9333,true,1,171500
7290019056638,false,ספרינג תות בננה 1.5,,,ספרינג תות בננה 1.5,ליטרים,1.50,ליטר,false,,8.90,5.9333,true,1,171501
7290019056645,false,ספרינג אגס סברס תפוח,,,ספרינג אגס סברס תפוח,ליטרים,1.50,ליטר,false,,8.90,5.9333,true,1,171523
7290019056652,false,ספרינג אננס בננה 1.5,,,ספרינג אננס בננה 1.5,ליטרים,1.50,ליטר,false,,8.90,5.9333,true,1,171542
7290019056720,false,קריסטל מיץ ענבים 2 ל,,,קריסטל מיץ ענבים 2 ל,ליטרים,2.00,ליטר,false,,7.90,3.9500,true,1,172479
7290019056737,false,קריסטל מיץ אשכוליות,,,קריסטל מיץ אשכוליות,ליטרים,2.00,ליטר,false,,7.90,3.9500,true,1,172480
7290019056768,false,קריסטל מיץ מנגו 2 לי,,,קריסטל מיץ מנגו 2 לי,ליטרים,2.00,ליטר,false,,7.90,3.9500,true,1,172496
7290019056782,false,קריסטל למון ליים 2 ל,,,קריסטל למון ליים 2 ל,ליטרים,2.00,ליטר,false,,7.90,3.9500,true,1,172498
7290019056805,false,משקה מוגז קריסטל תפו,,,משקה מוגז קריסטל תפו,ליטרים,2.00,ליטר,false,,7.90,3.9500,true,1,172513
7290019056812,false,קריסטל מנטה 2 ליטר,,,קריסטל מנטה 2 ליטר,ליטרים,2.00,ליטר,false,,7.90,3.9500,true,1,172527
7290019056836,false,תות קריסטל 2 ליטר,,,תות קריסטל 2 ליטר,ליטרים,2.00,ליטר,false,,7.90,3.9500,true,1,172544
7290019056959,false,מי עדן 1.5 ליטר,,,מי עדן 1.5 ליטר,ליטרים,1.50,ליטר,false,,3.90,2.6000,true,1,182500
7290019056973,false,מי עדן 6*1.5 ליטר,,,מי עדן 6*1.5 ליטר,ליטרים,9.00,ליטר,false,,13.90,1.5444,true,1,172560
7290019074090,false,קמיל בלו אקסטרה סופט,,,קמיל בלו אקסטרה סופט,מיליליטרים,500.00,"100 מ""ל",false,,24.90,4.9800,true,1,259181
7290019153269,false,שוופס סודה אננס 4*1.,,,שוופס סודה אננס 4*1.,ליטרים,6.00,ליטר,false,,12.50,2.0833,true,1,231005
7290019153313,false,פרוט & וג' תפוח חמוצ,,,פרוט & וג' תפוח חמוצ,מיליליטרים,330.00,"100 מ""ל",false,,7.90,2.3939,true,1,243720
7290019245001,false,שמן קנולה אלומות 1 ל,,,שמן קנולה אלומות 1 ל,ליטרים,1.00,ליטר,false,,11.90,11.9000,true,1,226318
7290019297543,false,חמאת בוטנים שקדיה 51,,,חמאת בוטנים שקדיה 51,,510.00,100 גרם,false,,11.90,2.3333,true,1,4975
7290019297628,false,שקד טבעי 150 גרם ששו,,,שקד טבעי 150 גרם ששו,,150.00,100 גרם,false,,13.90,9.2667,true,1,4981
7290019303701,false,פינוקיות שומשום מיקס,,,פינוקיות שומשום מיקס,,220.00,100 גרם,false,,18.90,8.5909,true,1,278248
7290022005562,false,פירורי לחם עם שום קר,,,פירורי לחם עם שום קר,,300.00,100 גרם,false,,7.90,2.6333,true,1,236541
7290100240144,false,בדין תרסיס למייבש כב,,,בדין תרסיס למייבש כב,מיליליטרים,500.00,"100 מ""ל",false,,18.90,3.7800,true,1,10734
7290100240632,false,פתית 6 דגנים תלמה 25,,,פתית 6 דגנים תלמה 25,,250.00,100 גרם,false,,17.90,7.1600,true,1,10736
7290100240656,false,פתית שיפון תלמה 300,,,פתית שיפון תלמה 300,,300.00,100 גרם,false,,17.90,5.9667,true,1,10737
7290100243671,false,בדין אקסטרא כחול-960,,,בדין אקסטרא כחול-960,מיליליטרים,960.00,"100 מ""ל",false,,15.90,1.6563,true,1,10748
7290100245231,false,נמס בכוס ועוד טעם עו,,,נמס בכוס ועוד טעם עו,,50.00,100 גרם,false,,7.90,15.8000,true,1,10757
7290100680650,false,מנה חמה נודלס תאילנד,,,מנה חמה נודלס תאילנד,,76.00,100 גרם,false,,6.90,9.0789,true,1,19069
7290100680711,false,אסם פירורית זהב 350,,,אסם פירורית זהב 350,,350.00,100 גרם,false,,9.90,2.8286,true,1,19071
7290100680728,false,פירורית רגילה שקית 3,,,פירורית רגילה שקית 3,,350.00,100 גרם,false,,8.90,2.5429,true,1,19072
7290100681138,false,אפרופו מאח 3*50 גר',,,אפרופו מאח 3*50 גר',,150.00,100 גרם,false,,12.90,8.6000,true,1,19076
7290100681503,false,סירופ דיאט לימונענע,,,סירופ דיאט לימונענע,ליטרים,1.00,ליטר,false,,16.90,16.9000,true,1,19078
7290100684139,false,מיני מקרוני אסם 500,,,מיני מקרוני אסם 500,,500.00,100 גרם,false,,6.90,1.3800,true,1,19087
7290100685341,false,מרק זך טעם עוף רכיבי,,,מרק זך טעם עוף רכיבי,,400.00,100 גרם,false,,18.90,4.7250,true,1,19096
7290100687109,false,במבה במילוי קרם נוגט,,,במבה במילוי קרם נוגט,,60.00,100 גרם,false,,4.90,8.1667,true,1,19107
7290100689301,false,מרק בטעם עוף זך אסם,,,מרק בטעם עוף זך אסם,,400.00,100 גרם,false,,15.90,3.9750,true,1,19114
7290100700006,false,"סוגת חיטה 1 ק""ג",,,"סוגת חיטה 1 ק""ג",קילוגרמים,1.00,"ק""ג",false,,8.90,8.9000,true,1,17622
7290100700020,false,סוגת גריסי פנינה 500,,,סוגת גריסי פנינה 500,,500.00,100 גרם,false,,6.90,1.3800,true,1,17623
7290100700075,false,פירורי לחם מוזהבים ש,,,פירורי לחם מוזהבים ש,,200.00,100 גרם,false,,3.90,1.9500,true,1,17624
7290100700334,false,סוגת קינואה 1קג,,,סוגת קינואה 1קג,קילוגרמים,1.00,"ק""ג",false,,28.90,28.9000,true,1,17631
7290100700396,false,סוגת אורז יסמין קלאס,,,סוגת אורז יסמין קלאס,קילוגרמים,1.00,"ק""ג",false,,12.90,12.9000,true,1,17635
7290100700402,false,חומוס ענק 1 ק'ג,,,חומוס ענק 1 ק'ג,קילוגרמים,1.00,"ק""ג",false,,20.90,20.9000,true,1,17636
7290100700563,false,אורז מיקס קלאסי 1 ק',,,אורז מיקס קלאסי 1 ק',קילוגרמים,1.00,"ק""ג",false,,13.90,13.9000,true,1,17640
7290100700587,false,סוגת בורגול 500 גר,,,סוגת בורגול 500 גר,,500.00,100 גרם,false,,6.90,1.3800,true,1,17641
7290100701409,false,קמח תירס סוגת 500 גר,,,קמח תירס סוגת 500 גר,,500.00,100 גרם,false,,7.90,1.5800,true,1,17651
7290100701454,false,גרישה 500 גרם,,,גרישה 500 גרם,,500.00,100 גרם,false,,6.90,1.3800,true,1,17653
7290100701577,false,קמח לחם מועשר בויטמי,,,קמח לחם מועשר בויטמי,קילוגרמים,1.00,"ק""ג",false,,7.90,7.9000,true,1,17654
7290100701881,false,קמח פיצה ופוקצה סוגת,,,קמח פיצה ופוקצה סוגת,קילוגרמים,1.00,"ק""ג",false,,7.90,7.9000,true,1,17659
7290100702383,false,"קמח תופח סוגת 1 ק""ג",,,"קמח תופח סוגת 1 ק""ג",קילוגרמים,1.00,"ק""ג",false,,7.90,7.9000,true,1,17669
7290100702628,false,פתיתים אפויים קוסקוס,,,פתיתים אפויים קוסקוס,,500.00,100 גרם,false,,4.90,0.9800,true,1,17679
7290100702635,false,פתיתים אפויים כוכבים,,,פתיתים אפויים כוכבים,,500.00,100 גרם,false,,4.90,0.9800,true,1,17680
7290100702987,false,פתיתי שיבולת שועל סו,,,פתיתי שיבולת שועל סו,,500.00,100 גרם,false,,7.90,1.5800,true,1,17706
7290100703007,false,סוגת עדשים שחורות בל,,,סוגת עדשים שחורות בל,,500.00,100 גרם,false,,8.90,1.7800,true,1,17708
7290100703564,false,שיבולת שועל עבה סוגת,,,שיבולת שועל עבה סוגת,,500.00,100 גרם,false,,7.90,1.5800,true,1,17732
7290100703649,false,קמח מלא חיטה 80% ללא,,,קמח מלא חיטה 80% ללא,קילוגרמים,1.00,"ק""ג",false,,8.90,8.9000,true,1,17737
7290100703915,false,מארז פופקורן למיקרוג,,,מארז פופקורן למיקרוג,,540.00,100 גרם,false,,14.90,2.7593,true,1,17747
7290100703922,false,מארז פופקורן למיקרוג,,,מארז פופקורן למיקרוג,,540.00,100 גרם,false,,14.90,2.7593,true,1,17748
7290100704615,false,סוכר לבן דק דק בצנצנ,,,סוכר לבן דק דק בצנצנ,,500.00,100 גרם,false,,8.50,1.7000,true,1,169229
7290100850909,false,דוריטוס נאצו מקסיקני,,,דוריטוס נאצו מקסיקני,,70.00,100 גרם,false,,3.90,5.5714,true,1,24651
7290100850916,false,דוריטוס חמוץ חריף 70,,,דוריטוס חמוץ חריף 70,,70.00,100 גרם,false,,3.90,5.5714,true,1,24652
7290100858592,false,עלית קקאו 150ג,,,עלית קקאו 150ג,,150.00,100 גרם,false,,9.90,6.6000,true,1,22764
7290101112440,false,גרניטה חלבי אייס קפו,,,גרניטה חלבי אייס קפו,,80.00,100 גרם,false,,3.50,4.3750,true,1,170277
7290101112464,false,גרניטה חלבי אייס וני,,,גרניטה חלבי אייס וני,,80.00,100 גרם,false,,3.50,4.3750,true,1,170292
7290101113157,false,גלידל חלבי וניל עוגי,,,גלידל חלבי וניל עוגי,,672.00,100 גרם,false,,27.90,4.1518,true,1,36739
7290101113584,false,מאגדת טילון  YOLO בט,,,מאגדת טילון  YOLO בט,,400.00,100 גרם,false,,27.90,6.9750,true,1,109457
7290101113591,false,מאגדת טילון  YOLO בט,,,מאגדת טילון  YOLO בט,,400.00,100 גרם,false,,27.90,6.9750,true,1,109444
7290101113751,false,מאגדת רביעייה שלגון,,,מאגדת רביעייה שלגון,,200.00,100 גרם,false,,20.90,10.4500,true,1,208712
7290101113768,false,מאגדת רביעייה שלגון,,,מאגדת רביעייה שלגון,,200.00,100 גרם,false,,20.90,10.4500,true,1,208713
7290101113904,false,מנבו וניל 12 יח 288,,,מנבו וניל 12 יח 288,,288.00,100 גרם,false,,24.90,8.6458,true,1,284921
7290101459880,false,נרות אותיות- יום הול,,,נרות אותיות- יום הול,יחידה,0.00,יחידה,false,,9.90,0.0000,true,1,33109
7290101488323,false,דאו' ללא סימן ירוק ל,,,דאו' ללא סימן ירוק ל,,65.00,100 גרם,false,,21.90,33.6923,true,1,21909
7290101551263,false,סילאן טבעי יד מרדכי,,,סילאן טבעי יד מרדכי,,700.00,100 גרם,false,,21.90,3.1286,true,1,22774
7290101551539,false,דנונה פרו 20 אפרסק 2,,,דנונה פרו 20 אפרסק 2,,200.00,100 גרם,false,,6.20,3.1000,true,1,23841
7290101864127,false,קליה אוקסי ספריי 750,,,קליה אוקסי ספריי 750,מיליליטרים,750.00,"100 מ""ל",false,,16.90,2.2533,true,1,21228
7290101866633,false,וניש קליה ג'ל 3 ליטר,,,וניש קליה ג'ל 3 ליטר,ליטרים,3.00,ליטר,false,,29.90,9.9667,true,1,21241
7290101866787,false,וניש נוזל מסיר כתמים,,,וניש נוזל מסיר כתמים,ליטרים,3.00,ליטר,false,,29.90,9.9667,true,1,21244
7290101869757,false,איירוויק מבשם אויר מ,,,איירוויק מבשם אויר מ,יחידה,0.00,יחידה,false,,44.90,0.0000,true,1,21281
7290101980674,false,בלונים 10 שיש /שקית,,,בלונים 10 שיש /שקית,יחידה,0.00,יחידה,false,,8.90,0.0000,true,1,33119
7290101985365,false,בקבוק אלומיניום גדול,,,בקבוק אלומיניום גדול,יחידה,0.00,יחידה,false,,22.50,0.0000,true,1,33188
7290101999720,false,נרות מטה לבבות פו,,,נרות מטה לבבות פו,יחידה,0.00,יחידה,false,,7.50,0.0000,true,1,33443
7290102030330,false,תפוצ'יפס קראנץ מקסיק,,,תפוצ'יפס קראנץ מקסיק,,200.00,100 גרם,false,,10.90,5.4500,true,1,24673
7290102031276,false,אקטימל תות בננה 8*10,,,אקטימל תות בננה 8*10,מיליליטרים,800.00,"100 מ""ל",false,,22.90,2.8625,true,1,23862
7290102062195,false,אלמקס משחת שיניים אל,,,אלמקס משחת שיניים אל,מיליליטרים,75.00,"100 מ""ל",false,,15.90,21.2000,true,1,21915
7290102300822,false,סיימן גבינת צדר אנגל,,,סיימן גבינת צדר אנגל,,200.00,100 גרם,false,,27.90,13.9500,true,1,17424
7290102302246,false,גבינת גאודה 200 גר',,,גבינת גאודה 200 גר',,200.00,100 גרם,false,,24.90,12.4500,true,1,17431
7290102390427,false,מולר פרופ תות 3% 150,,,מולר פרופ תות 3% 150,,150.00,100 גרם,false,,5.50,3.6667,true,1,6560
7290102390489,false,מולר פרופ לימון 3% 1,,,מולר פרופ לימון 3% 1,,150.00,100 גרם,false,,5.50,3.6667,true,1,6563
7290102391844,false,מולר פרופ לבן+קציפת,,,מולר פרופ לבן+קציפת,,150.00,100 גרם,false,,5.50,3.6667,true,1,6570
7290102392094,false,צוריאל חלב עיזים 1ל,,,צוריאל חלב עיזים 1ל,ליטרים,1.00,ליטר,false,,16.90,16.9000,true,1,6573
7290102392254,false,טרה חלב 1% 2ל,,,טרה חלב 1% 2ל,ליטרים,2.00,ליטר,false,,11.72,5.8600,true,1,6576
7290102393039,false,מולר מיקס בתוספת פצפ,,,מולר מיקס בתוספת פצפ,מיליליטרים,170.00,"100 מ""ל",false,,5.90,3.4706,true,1,6589
7290102393176,false,מולר סימפלי פרוט אפר,,,מולר סימפלי פרוט אפר,,150.00,100 גרם,false,,5.50,3.6667,true,1,6597
7290102393268,false,טרה גבינה לבנה אריזת,,,טרה גבינה לבנה אריזת,,750.00,100 גרם,false,,14.90,1.9867,true,1,6599
7290102393947,false,מולר סימפלי פרוט קיו,,,מולר סימפלי פרוט קיו,מיליליטרים,150.00,"100 מ""ל",false,,5.50,3.6667,true,1,6606
7290102394463,false,נעם גבינה צהובה וואק,,,נעם גבינה צהובה וואק,,500.00,100 גרם,false,,27.90,5.5800,true,1,6617
7290102394821,false,נעם גבינה צהובה דק ד,,,נעם גבינה צהובה דק ד,,200.00,100 גרם,false,,15.90,7.9500,true,1,6621
7290102394845,false,נעם גבינה צהובה דק ד,,,נעם גבינה צהובה דק ד,,200.00,100 גרם,false,,16.90,8.4500,true,1,6622
7290102395224,false,מולר נטורל 1.7% 8*15,,,מולר נטורל 1.7% 8*15,קילוגרמים,1.20,"ק""ג",false,,18.50,15.4167,true,1,6630
7290102395231,false,מולר נטורל 2.8% 8*15,,,מולר נטורל 2.8% 8*15,קילוגרמים,1.20,"ק""ג",false,,18.50,15.4167,true,1,6631
7290102395262,false,מולר תות שדה ואפרסק,,,מולר תות שדה ואפרסק,קילוגרמים,1.20,"ק""ג",false,,31.90,26.5833,true,1,6632
7290102395446,false,מוו וניל קצפת 123מל,,,מוו וניל קצפת 123מל,מיליליטרים,123.00,"100 מ""ל",false,,3.50,2.8455,true,1,6637
7290102395477,false,מוו שוקולד קצפת 123מ,,,מוו שוקולד קצפת 123מ,מיליליטרים,123.00,"100 מ""ל",false,,3.50,2.8455,true,1,6640
7290102396399,false,מוו מעדן שוקולד 100*,,,מוו מעדן שוקולד 100*,,800.00,100 גרם,false,,13.90,1.7375,true,1,6658
7290102396405,false,מוו מעדן וניל 100*8,,,מוו מעדן וניל 100*8,,800.00,100 גרם,false,,13.90,1.7375,true,1,6659
7290102396436,false,מוו מעדן שוקולד 1.5%,,,מוו מעדן שוקולד 1.5%,,125.00,100 גרם,false,,3.50,2.8000,true,1,6662
7290102396443,false,מוו מעדן וניל 1.5% 1,,,מוו מעדן וניל 1.5% 1,,125.00,100 גרם,false,,3.50,2.8000,true,1,6663
7290102396580,false,מוו מעדן שוקולד ומוס,,,מוו מעדן שוקולד ומוס,,118.00,100 גרם,false,,3.50,2.9661,true,1,6667
7290102396597,false,מוו מעדן וניל ומוס ש,,,מוו מעדן וניל ומוס ש,,118.00,100 גרם,false,,3.50,2.9661,true,1,6668
7290102396665,false,גבנ`צ דקדק פתח סגור,,,גבנ`צ דקדק פתח סגור,,200.00,100 גרם,false,,16.90,8.4500,true,1,6671
7290102396672,false,נעם צהובה דק דק 9% 3,,,נעם צהובה דק דק 9% 3,,360.00,100 גרם,false,,27.90,7.7500,true,1,6672
7290102397204,false,נעם צהובה דק דק 22%,,,נעם צהובה דק דק 22%,,200.00,100 גרם,false,,16.90,8.4500,true,1,6698
7290102397310,false,מאגדת שמינייה מיני מ,,,מאגדת שמינייה מיני מ,מיליליטרים,944.00,"100 מ""ל",false,,12.90,1.3665,true,1,6702
7290102397464,false,מולר יוגורט נטורל +,,,מולר יוגורט נטורל +,,150.00,100 גרם,false,,5.90,3.9333,true,1,6713
7290102397600,false,מולר מיקס שקדים ובוט,,,מולר מיקס שקדים ובוט,,168.00,100 גרם,false,,5.90,3.5119,true,1,6723
7290102397617,false,מולר מיקס קליק 168 ג,,,מולר מיקס קליק 168 ג,,168.00,100 גרם,false,,5.90,3.5119,true,1,6724
7290102397679,false,קוטג' וחצי 5% 375 גר,,,קוטג' וחצי 5% 375 גר,,375.00,100 גרם,false,,7.90,2.1067,true,1,6727
7290102397730,false,גבינת אמנטל נעם פתיח,,,גבינת אמנטל נעם פתיח,,200.00,100 גרם,false,,17.90,8.9500,true,1,6732
7290102397747,false,מוצרלה נעם  רכיבים ט,,,מוצרלה נעם  רכיבים ט,,200.00,100 גרם,false,,18.90,9.4500,true,1,6733
7290102397891,false,רביעייה גבינה מותכת,,,רביעייה גבינה מותכת,,100.00,100 גרם,false,,7.50,7.5000,true,1,6740
7290102398065,false,טרה חלב קרטון 3% מהד,,,טרה חלב קרטון 3% מהד,יחידה,0.00,יחידה,false,,12.46,0.0000,true,1,6749
7290102398331,false,חלב מועשר  1 ליטר דל,,,חלב מועשר  1 ליטר דל,ליטרים,1.00,ליטר,false,,7.90,7.9000,true,1,6768
7290102398560,false,שוקו טרה מועשר בבקבו,,,שוקו טרה מועשר בבקבו,ליטרים,1.00,ליטר,false,,11.90,11.9000,true,1,6783
7290102398577,false,שוקו טרה מועשר בבקבו,,,שוקו טרה מועשר בבקבו,מיליליטרים,250.00,"100 מ""ל",false,,5.90,2.3600,true,1,6784
7290102398614,false,משקה חלב בטעם בננה 1,,,משקה חלב בטעם בננה 1,ליטרים,1.00,ליטר,false,,11.90,11.9000,true,1,6785
7290102398782,false,משקה סויה קלאסי משק,,,משקה סויה קלאסי משק,ליטרים,1.00,ליטר,false,,10.90,10.9000,true,1,6793
7290102398836,false,משקה שקדים קלאסי משק,,,משקה שקדים קלאסי משק,ליטרים,1.00,ליטר,false,,11.90,11.9000,true,1,6797
7290102399772,false,מולר ממרח חמאה במליח,,,מולר ממרח חמאה במליח,,250.00,100 גרם,false,,18.90,7.5600,true,1,6860
7290102399789,false,מולר ממרח חמאה ללא מ,,,מולר ממרח חמאה ללא מ,,250.00,100 גרם,false,,18.90,7.5600,true,1,6861
7290102399796,false,יוגורט חלבון לבן 250,,,יוגורט חלבון לבן 250,,200.00,100 גרם,false,,6.90,3.4500,true,1,6862
7290102399819,false,יוגורט חלבון פ.יער 2,,,יוגורט חלבון פ.יער 2,,200.00,100 גרם,false,,6.90,3.4500,true,1,6864
7290102399857,false,יוגורט מולר אקטיב לי,,,יוגורט מולר אקטיב לי,,150.00,100 גרם,false,,6.50,4.3333,true,1,6867
7290103124588,false,תחליב רחצה ארומה סגו,,,תחליב רחצה ארומה סגו,מיליליטרים,750.00,"100 מ""ל",false,,21.90,2.9200,true,1,21928
7290103129378,false,דאו' ג'ל X5 לגבר ספי,,,דאו' ג'ל X5 לגבר ספי,,51.00,100 גרם,false,,29.90,58.6275,true,1,21944
7290103129392,false,דאו' פרח הפרזיה לייד,,,דאו' פרח הפרזיה לייד,,65.00,100 גרם,false,,21.90,33.6923,true,1,21945
7290103404758,false,אחלה כרוב אדום 120ג,,,אחלה כרוב אדום 120ג,,120.00,100 גרם,false,,5.50,4.5833,true,1,23870
7290103700195,false,טאצ רדיד אלומיניום ק,,,טאצ רדיד אלומיניום ק,מטרים,15.00,מטר,false,,11.80,0.7867,true,1,24933
7290103700393,false,טאצ' כריות יפניות עב,,,טאצ' כריות יפניות עב,יחידה,0.00,יחידה,false,,9.90,0.0000,true,1,24937
7290103701017,false,טאצ' נייר אפייה נשלף,,,טאצ' נייר אפייה נשלף,יחידה,0.00,יחידה,false,,10.90,0.0000,true,1,24943
7290103701093,false,טאצ מטליות מקרופייבר,,,טאצ מטליות מקרופייבר,יחידה,0.00,יחידה,false,,14.90,0.0000,true,1,24946
7290103701130,false,טאצ מטליות מקרופייבר,,,טאצ מטליות מקרופייבר,יחידה,0.00,יחידה,false,,14.90,0.0000,true,1,24947
7290103702212,false,טאצ ממחטות כיס,,,טאצ ממחטות כיס,יחידה,0.00,יחידה,false,,6.90,0.0000,true,1,24954
7290103702229,false,טאצ מפות עבות במיוחד,,,טאצ מפות עבות במיוחד,יחידה,0.00,יחידה,false,,9.80,0.0000,true,1,24955
7290103702298,false,טאצ אשפתון בגליל 50,,,טאצ אשפתון בגליל 50,יחידה,0.00,יחידה,false,,16.90,0.0000,true,1,24960
7290103702540,false,נייר טואלט  30 יח' מ,,,נייר טואלט  30 יח' מ,יחידה,0.00,יחידה,false,,23.90,0.0000,true,1,24968
7290103703219,false,טאצ' מטליות לחות לני,,,טאצ' מטליות לחות לני,יחידה,0.00,יחידה,false,,20.90,0.0000,true,1,39030
7290103703226,false,טאצ' מטליות לחות לני,,,טאצ' מטליות לחות לני,יח',50.00,יח',false,,8.90,0.1780,true,1,24979
7290103703370,false,טאצ' מגבוני נייר טוא,,,טאצ' מגבוני נייר טוא,יח',3.00,יח',false,,15.90,5.3000,true,1,24981
7290103703394,false,טאצ' ניילון נצמד זוג,,,טאצ' ניילון נצמד זוג,יחידה,0.00,יחידה,false,,10.90,0.0000,true,1,24982
7290103703738,false,טאצ' מפות עבות במיוח,,,טאצ' מפות עבות במיוח,מטרים,45.00,מטר,false,,33.90,0.7533,true,1,24986
7290103704155,false,מגבות נייר 6 גלילים,,,מגבות נייר 6 גלילים,מטרים,63.00,מטר,false,,10.90,0.1730,true,1,132159
7290103704193,false,מגבות טאצ' גליל כפול,,,מגבות טאצ' גליל כפול,יחידה,0.00,יחידה,false,,26.90,0.0000,true,1,191082
7290103704575,false,נייר טואלט טאצ' 48 י,,,נייר טואלט טאצ' 48 י,יחידה,0.00,יחידה,false,,39.90,0.0000,true,1,107196
7290103746001,false,ממחטות טאצ' חמישייה,,,ממחטות טאצ' חמישייה,יחידה,0.00,יחידה,false,,12.90,0.0000,true,1,24996
7290104061417,false,אחלה חומוס טחינה 400,,,אחלה חומוס טחינה 400,,400.00,100 גרם,false,,11.90,2.9750,true,1,23875
7290104061424,false,אחלה חומוס זעתר 400,,,אחלה חומוס זעתר 400,,400.00,100 גרם,false,,11.90,2.9750,true,1,23876
7290104061431,false,אחלה חומוס צנובר 400,,,אחלה חומוס צנובר 400,,400.00,100 גרם,false,,11.90,2.9750,true,1,23877
7290104062599,false,גמדים תות בננה 8*100,,,גמדים תות בננה 8*100,מיליליטרים,800.00,"100 מ""ל",false,,18.90,2.3625,true,1,23879
7290104066566,false,אחלה טחינה 500ג,,,אחלה טחינה 500ג,,500.00,100 גרם,false,,16.90,3.3800,true,1,23882
7290104068546,false,מאסט קולה 28 גרם,,,מאסט קולה 28 גרם,,28.00,100 גרם,false,,4.50,16.0714,true,1,22828
7290104500572,false,אפרופו איטלקי 36*50ג,,,אפרופו איטלקי 36*50ג,,50.00,100 גרם,false,,5.50,11.0000,true,1,19117
7290104501661,false,אסם פודינג בטעם וניל,,,אסם פודינג בטעם וניל,,80.00,100 גרם,false,,6.50,8.1250,true,1,19118
7290104508943,false,במבה קלאסי 18*200 גר,,,במבה קלאסי 18*200 גר,,200.00,100 גרם,false,,10.90,5.4500,true,1,19132
7290104721762,false,טורקי עלית 3*85 גר'.,,,טורקי עלית 3*85 גר'.,,255.00,100 גרם,false,,19.90,7.8039,true,1,22832
7290104726262,false,דני שוקולד לשתייה מא,,,דני שוקולד לשתייה מא,מיליליטרים,500.00,"100 מ""ל",false,,11.90,2.3800,true,1,23897
7290104961250,false,תחליב רחצה וניל מאסק,,,תחליב רחצה וניל מאסק,מיליליטרים,750.00,"100 מ""ל",false,,12.90,1.7200,true,1,31037
7290104965647,false,דאו' רול און נושם לב,,,דאו' רול און נושם לב,מיליליטרים,50.00,"100 מ""ל",false,,12.90,25.8000,true,1,127900
7290105360250,false,עלית קפסולות מקיאטו,,,עלית קפסולות מקיאטו,,50.00,100 גרם,false,,18.90,37.8000,true,1,22849
7290105360335,false,עלית קפסולות אספרסו,,,עלית קפסולות אספרסו,,50.00,100 גרם,false,,18.90,37.8000,true,1,22851
7290105362339,false,יטבתה שמנת לבישול 15,,,יטבתה שמנת לבישול 15,מיליליטרים,250.00,"100 מ""ל",false,,8.90,3.5600,true,1,23908
7290105363602,false,כיף כף מקלות קלאסי 4,,,כיף כף מקלות קלאסי 4,,40.00,100 גרם,false,,5.50,13.7500,true,1,22860
7290105364289,false,כיף כף מקלות פצפוצים,,,כיף כף מקלות פצפוצים,,40.00,100 גרם,false,,5.50,13.7500,true,1,22861
7290105364302,false,כיף כף מקלות אגוזים,,,כיף כף מקלות אגוזים,,42.00,100 גרם,false,,5.50,13.0952,true,1,22862
7290105366023,false,אחלה חציל בטעם כבד 4,,,אחלה חציל בטעם כבד 4,,400.00,100 גרם,false,,16.90,4.2250,true,1,23911
7290105368331,false,"מילקי תות 170 מ""ל",,,"מילקי תות 170 מ""ל",מיליליטרים,170.00,"100 מ""ל",false,,2.90,1.7059,true,1,23929
7290105369130,false,סימפוניה שטראוס בצל,,,סימפוניה שטראוס בצל,,200.00,100 גרם,false,,12.50,6.2500,true,1,23942
7290105431868,false,פלמוליב סבון נוזלי ס,,,פלמוליב סבון נוזלי ס,מיליליטרים,500.00,"100 מ""ל",false,,17.90,3.5800,true,1,21960
7290105500151,false,וודקה פינלנדיה 700 מ,,,וודקה פינלנדיה 700 מ,מיליליטרים,700.00,"100 מ""ל",false,,70.90,10.1286,true,1,13727
7290105691224,false,חטיפי פריכונים טורטי,,,חטיפי פריכונים טורטי,,60.00,100 גרם,false,,8.10,13.5000,true,1,19143
7290105691248,false,חטיפי פריכונים טורטי,,,חטיפי פריכונים טורטי,,60.00,100 גרם,false,,8.10,13.5000,true,1,19144
7290105691934,false,"קמח שמרים אסם 1 ק""ג",,,"קמח שמרים אסם 1 ק""ג",קילוגרמים,1.00,"ק""ג",false,,11.90,11.9000,true,1,19150
7290105693457,false,עוגת הבית דמקה שוקו,,,עוגת הבית דמקה שוקו,,320.00,100 גרם,false,,14.90,4.6563,true,1,19159
7290105695321,false,הבית עוגות בראוניס פ,,,הבית עוגות בראוניס פ,,380.00,100 גרם,false,,19.50,5.1316,true,1,19170
7290105962331,false,סחוג חריף מאוד זהבי,,,סחוג חריף מאוד זהבי,,220.00,100 גרם,false,,13.90,6.3182,true,1,23944
7290105966469,false,חומץ בלסמי יד מרדכי,,,חומץ בלסמי יד מרדכי,,250.00,100 גרם,false,,15.90,6.3600,true,1,22894
7290105968654,false,שטראוס רביולי בטטה 4,,,שטראוס רביולי בטטה 4,,400.00,100 גרם,false,,21.90,5.4750,true,1,23962
7290106520066,false,רבע לשבע 160 גרם,,,רבע לשבע 160 גרם,,160.00,100 גרם,false,,11.90,7.4375,true,1,22901
7290106520912,false,יטבתה שמנת לבישול 9%,,,יטבתה שמנת לבישול 9%,מיליליטרים,250.00,"100 מ""ל",false,,8.90,3.5600,true,1,23973
7290106521926,false,קפה טורקי עלית 150 ג,,,קפה טורקי עלית 150 ג,,150.00,100 גרם,false,,12.90,8.6000,true,1,22909
7290106525368,false,רבע לשבע אין סייד או,,,רבע לשבע אין סייד או,,125.00,100 גרם,false,,11.90,9.5200,true,1,22917
7290106526822,false,פריכיות עם תחתית שוק,,,פריכיות עם תחתית שוק,,80.00,100 גרם,false,,8.90,11.1250,true,1,22926
7290106528628,false,דוריטוס טבעי 185 גר`,,,דוריטוס טבעי 185 גר`,,185.00,100 גרם,false,,7.90,4.2703,true,1,24723
7290106571921,false,פיטנס עוגיות חמוציות,,,פיטנס עוגיות חמוציות,,180.00,100 גרם,false,,12.70,7.0556,true,1,19188
7290106572027,false,לחמית חמישה דגנים אס,,,לחמית חמישה דגנים אס,,190.00,100 גרם,false,,9.90,5.2105,true,1,19190
7290106572065,false,טורטיה בטעם תירס חמו,,,טורטיה בטעם תירס חמו,,60.00,100 גרם,false,,8.10,13.5000,true,1,19191
7290106573277,false,אסם קריספי טאפאס זית,,,אסם קריספי טאפאס זית,,150.00,100 גרם,false,,12.90,8.6000,true,1,19200
7290106574120,false,גומיגם 90גר.,,,גומיגם 90גר.,,90.00,100 גרם,false,,7.50,8.3333,true,1,16529
7290106574953,false,אסם בייגלה שטוחים שו,,,אסם בייגלה שטוחים שו,,300.00,100 גרם,false,,11.90,3.9667,true,1,19211
7290106574977,false,אסם בייגלה שטוחים עם,,,אסם בייגלה שטוחים עם,,300.00,100 גרם,false,,11.90,3.9667,true,1,19212
7290106576513,false,צבר חומוס 400 גרם,,,צבר חומוס 400 גרם,,400.00,100 גרם,false,,9.90,2.4750,true,1,20180
7290106576537,false,צבר חומוס מסעדה 700,,,צבר חומוס מסעדה 700,,700.00,100 גרם,false,,10.90,1.5571,true,1,20181
7290106576834,false,גלידה קרמריה פונטש ב,,,גלידה קרמריה פונטש ב,ליטרים,1.40,ליטר,false,,25.90,18.5000,true,1,16536
7290106576858,false,גלידה קרמריה תותים ב,,,גלידה קרמריה תותים ב,ליטרים,1.40,ליטר,false,,25.90,18.5000,true,1,16537
7290106576957,false,גלידה קרמריה פרווה ש,,,גלידה קרמריה פרווה ש,ליטרים,1.40,ליטר,false,,25.90,18.5000,true,1,16541
7290106576995,false,לה קרמריה לייט סורבה,,,לה קרמריה לייט סורבה,ליטרים,1.40,ליטר,false,,25.90,18.5000,true,1,16543
7290106577039,false,לה קרמריה שוקו וניל,,,לה קרמריה שוקו וניל,ליטרים,1.40,ליטר,false,,25.90,18.5000,true,1,16544
7290106577282,false,צבר מרובע טחינה 400ג,,,צבר מרובע טחינה 400ג,,400.00,100 גרם,false,,13.50,3.3750,true,1,20182
7290106577527,false,צבר מרובע קולסלו 400,,,צבר מרובע קולסלו 400,,400.00,100 גרם,false,,13.50,3.3750,true,1,20187
7290106577541,false,צבר מרובע כרוב אדום,,,צבר מרובע כרוב אדום,,400.00,100 גרם,false,,13.50,3.3750,true,1,20188
7290106577572,false,צבר מרובע מטבוחה  40,,,צבר מרובע מטבוחה  40,,400.00,100 גרם,false,,13.50,3.3750,true,1,20189
7290106578692,false,במבה ביסלי מיקס 36*8,,,במבה ביסלי מיקס 36*8,,80.00,100 גרם,false,,4.90,6.1250,true,1,19234
7290106652996,false,כיף כף מקלות קוקוס 4,,,כיף כף מקלות קוקוס 4,,40.00,100 גרם,false,,5.50,13.7500,true,1,292752
7290106654099,false,עוגות אישיות מילקי ק,,,עוגות אישיות מילקי ק,,272.00,100 גרם,false,,20.90,7.6838,true,1,23986
7290106662025,false,תפוציפס טבעי מלח פלפ,,,תפוציפס טבעי מלח פלפ,,50.00,100 גרם,false,,4.30,8.6000,true,1,24752
7290106663503,false,קונפיטורת לייט תות 2,,,קונפיטורת לייט תות 2,,230.00,100 גרם,false,,13.90,6.0435,true,1,22993
7290106664555,false,יטבתה רוטב שמנת עם ע,,,יטבתה רוטב שמנת עם ע,מיליליטרים,250.00,"100 מ""ל",false,,11.50,4.6000,true,1,24018
7290106668713,false,דנונה פירות יער3% 15,,,דנונה פירות יער3% 15,מיליליטרים,150.00,"100 מ""ל",false,,3.90,2.6000,true,1,24022
7290106720626,false,ציטוס  גבינה 80 גרם,,,ציטוס  גבינה 80 גרם,,80.00,100 גרם,false,,4.90,6.1250,true,1,24779
7290106721913,false,מאסט צנצנת ריח פה צ',,,מאסט צנצנת ריח פה צ',,66.00,100 גרם,false,,10.90,16.5152,true,1,23044
7290106721920,false,מאסט צנצנת ספירמינט,,,מאסט צנצנת ספירמינט,,66.00,100 גרם,false,,10.90,16.5152,true,1,23045
7290106727984,false,כיף כף פצפצים 135 גר,,,כיף כף פצפצים 135 גר,,135.00,100 גרם,false,,11.90,8.8148,true,1,23084
7290107280020,false,סנו סושי מגבונים לני,,,סנו סושי מגבונים לני,יחידה,0.00,יחידה,false,,21.90,0.0000,true,1,31121
7290107280099,false,סנו סופט מגבוני טואל,,,סנו סופט מגבוני טואל,יחידה,0.00,יחידה,false,,16.90,0.0000,true,1,31127
7290107280396,false,סנו ג'ט מתז למטבח 75,,,סנו ג'ט מתז למטבח 75,מיליליטרים,750.00,"100 מ""ל",false,,13.90,1.8533,true,1,31136
7290107280570,false,מקסימה ג'ל כביסה מיק,,,מקסימה ג'ל כביסה מיק,ליטרים,3.00,ליטר,false,,35.90,11.9667,true,1,31146
7290107280723,false,סנו ספארק נוזל לניקו,,,סנו ספארק נוזל לניקו,מיליליטרים,700.00,"100 מ""ל",false,,9.90,1.4143,true,1,31157
7290107280747,false,סנו ספארק נוזל לניקו,,,סנו ספארק נוזל לניקו,מיליליטרים,700.00,"100 מ""ל",false,,9.90,1.4143,true,1,31160
7290107280761,false,ספארק נוזל לכלים לימ,,,ספארק נוזל לכלים לימ,יחידה,0.00,יחידה,false,,12.90,0.0000,true,1,31162
7290107341356,false,כבל אייפון,,,כבל אייפון,יחידה,0.00,יחידה,false,,19.90,0.0000,true,1,220785
7290107341370,false,כבל  טייפ סי,,,כבל  טייפ סי,יחידה,0.00,יחידה,false,,19.90,0.0000,true,1,226633
7290107342070,false,אוזניות חיבור ישיר א,,,אוזניות חיבור ישיר א,יחידה,0.00,יחידה,false,,49.90,0.0000,true,1,226653
7290107646154,false,חטיף קוקומן פצפוצים,,,חטיף קוקומן פצפוצים,,126.00,100 גרם,false,,13.90,11.0317,true,1,10911
7290107646925,false,ברנפלקס אקסטרה פייבר,,,ברנפלקס אקסטרה פייבר,,410.00,100 גרם,false,,24.90,6.0732,true,1,10930
7290107647731,false,קוקומן חום לבן 20% ת,,,קוקומן חום לבן 20% ת,,375.00,100 גרם,false,,22.90,6.1067,true,1,10951
7290107647823,false,"ברנפלקס תלמה בד""ץ 50",,,"ברנפלקס תלמה בד""ץ 50",,500.00,100 גרם,false,,24.90,4.9800,true,1,10959
7290107649100,false,בייגלה טבעות שומשום,,,בייגלה טבעות שומשום,,300.00,100 גרם,false,,11.90,3.9667,true,1,10991
7290107871990,false,פסטה צינורות אסם 500,,,פסטה צינורות אסם 500,,500.00,100 גרם,false,,6.90,1.3800,true,1,19261
7290107874502,false,ביסלי גריל 4*55 גרם,,,ביסלי גריל 4*55 גרם,,220.00,100 גרם,false,,12.90,5.8636,true,1,19283
7290107875271,false,ביסלי ברבקיו מארז 4*,,,ביסלי ברבקיו מארז 4*,,220.00,100 גרם,false,,12.90,5.8636,true,1,19294
7290107879521,false,לה פרוטה תות 5 יח,,,לה פרוטה תות 5 יח,,350.00,100 גרם,false,,27.90,7.9714,true,1,16577
7290107879569,false,לה פרוטה מנגו 5 יח,,,לה פרוטה מנגו 5 יח,,350.00,100 גרם,false,,27.90,7.9714,true,1,16578
7290107930321,false,יד מרדכי קונפיטורה ד,,,יד מרדכי קונפיטורה ד,,340.00,100 גרם,false,,13.90,4.0882,true,1,23101
7290107931397,false,כיף כף פצפצים 40גר`,,,כיף כף פצפצים 40גר`,,40.00,100 גרם,false,,5.50,13.7500,true,1,23109
7290107932080,false,יטבתה חלב בבקבוק 3%,,,יטבתה חלב בבקבוק 3%,ליטרים,1.00,ליטר,false,,7.90,7.9000,true,1,24067
7290107936309,false,דנונה יווני לבן 130,,,דנונה יווני לבן 130,,130.00,100 גרם,false,,3.50,2.6923,true,1,24090
7290107936965,false,עד חצות עיגולים 225,,,עד חצות עיגולים 225,,125.00,100 גרם,false,,14.90,11.9200,true,1,23147
7290107937542,false,משקה אקטיביה תות 1.2,,,משקה אקטיביה תות 1.2,מיליליטרים,265.00,"100 מ""ל",false,,5.50,2.0755,true,1,24095
7290107937641,false,צנצנת קוביות בזוקה 5,,,צנצנת קוביות בזוקה 5,,58.00,100 גרם,false,,10.90,18.7931,true,1,23159
7290107937856,false,עלית קפסולות בטעם נס,,,עלית קפסולות בטעם נס,,50.00,100 גרם,false,,18.90,37.8000,true,1,23162
7290107938396,false,דנונה Actimel בנים ב,,,דנונה Actimel בנים ב,,864.00,100 גרם,false,,22.90,2.6505,true,1,24101
7290107940030,false,חומוס אחלה 650 גר,,,חומוס אחלה 650 גר,,650.00,100 גרם,false,,9.90,1.5231,true,1,24118
7290107944472,false,סימפוניה 5% שום שמיר,,,סימפוניה 5% שום שמיר,,200.00,100 גרם,false,,12.50,6.2500,true,1,24169
7290107951111,false,בפלות בטעם לימון עלי,,,בפלות בטעם לימון עלי,,200.00,100 גרם,false,,4.90,2.4500,true,1,23268
7290107951715,false,מאסט צנצנת קוביות ענ,,,מאסט צנצנת קוביות ענ,,58.00,100 גרם,false,,10.90,18.7931,true,1,23283
7290107954976,false,משקה פרו בטעם קפה יט,,,משקה פרו בטעם קפה יט,מיליליטרים,350.00,"100 מ""ל",false,,6.90,1.9714,true,1,24296
7290107956925,false,עלית קפסולות אוגנדה,,,עלית קפסולות אוגנדה,,50.00,100 גרם,false,,18.90,37.8000,true,1,23358
7290107956932,false,עלית קפסולות אידונזי,,,עלית קפסולות אידונזי,,50.00,100 גרם,false,,18.90,37.8000,true,1,23359
7290107957991,false,"מילקי מייניס 9*16 מ""",,,"מילקי מייניס 9*16 מ""",,144.00,100 גרם,false,,14.90,10.3472,true,1,24329
7290107958035,false,8 דנונה מתיקות מעודנ,,,8 דנונה מתיקות מעודנ,קילוגרמים,1.20,"ק""ג",false,,18.90,15.7500,true,1,24330
7290107973861,false,עגבניות קצוצות דק מא,,,עגבניות קצוצות דק מא,קילוגרמים,1.20,"ק""ג",false,,17.90,14.9167,true,1,22038
7290107974066,false,עלי טורטיה קמח מלא מ,,,עלי טורטיה קמח מלא מ,,320.00,100 גרם,false,,11.90,3.7188,true,1,22043
7290107974073,false,עלי טורטיה קמח לבן מ,,,עלי טורטיה קמח לבן מ,,320.00,100 גרם,false,,11.90,3.7188,true,1,22044
7290107974806,false,אורז בסמטי מאסטר שף,,,אורז בסמטי מאסטר שף,קילוגרמים,1.00,"ק""ג",false,,12.90,12.9000,true,1,22053
7290107975544,false,קולגייט מ.שיניים סמי,,,קולגייט מ.שיניים סמי,מיליליטרים,50.00,"100 מ""ל",false,,12.90,25.8000,true,1,22066
7290107978101,false,אופטיק וייט אקסטרה פ,,,אופטיק וייט אקסטרה פ,מיליליטרים,75.00,"100 מ""ל",false,,31.90,42.5333,true,1,22091
7290107978453,false,קראנצו'ס גריל 55 גרם,,,קראנצו'ס גריל 55 גרם,,55.00,100 גרם,false,,3.90,7.0909,true,1,22097
7290108070316,false,שקית 50 פסטל,,,שקית 50 פסטל,יחידה,0.00,יחידה,false,,11.90,0.0000,true,1,33722
7290108201871,false,קולון ג'ל קאפס 42,,,קולון ג'ל קאפס 42,יחידה,0.00,יחידה,false,,42.90,0.0000,true,1,21332
7290108350128,false,סנו סושי שקיות חזקות,,,סנו סושי שקיות חזקות,יחידה,0.00,יחידה,false,,26.90,0.0000,true,1,31169
7290108351118,false,K4000,,,K4000,מיליליטרים,750.00,"100 מ""ל",false,,32.90,4.3867,true,1,31222
7290108351156,false,סנו ג`ט פלוס לניקוי,,,סנו ג`ט פלוס לניקוי,יחידה,0.00,יחידה,false,,13.90,0.0000,true,1,31225
7290108351552,false,סנו ג'ט מתז חומץ 750,,,סנו ג'ט מתז חומץ 750,מיליליטרים,750.00,"100 מ""ל",false,,13.90,1.8533,true,1,31232
7290108351606,false,סנו פרש הום סופט סיל,,,סנו פרש הום סופט סיל,מיליליטרים,350.00,"100 מ""ל",false,,12.90,3.6857,true,1,31237
7290108351613,false,ריצפז פרש הום מלון ח,,,ריצפז פרש הום מלון ח,ליטרים,2.00,ליטר,false,,22.90,11.4500,true,1,31238
7290108351811,false,סנו מקסימה מרכך כביס,,,סנו מקסימה מרכך כביס,יחידה,0.00,יחידה,false,,19.90,0.0000,true,1,31257
7290108351835,false,מרכך כביסה סנו מקסימ,,,מרכך כביסה סנו מקסימ,ליטרים,4.00,ליטר,false,,23.90,5.9750,true,1,31259
7290108352207,false,קפס' כביסה בניחוח פל,,,קפס' כביסה בניחוח פל,,840.00,100 גרם,false,,37.90,4.5119,true,1,31285
7290108352344,false,סנו פרש הום אוטומטיק,,,סנו פרש הום אוטומטיק,,250.00,100 גרם,false,,14.90,5.9600,true,1,31296
7290108352481,false,מטהר אוויר סנומוד טר,,,מטהר אוויר סנומוד טר,מיליליטרים,150.00,"100 מ""ל",false,,12.90,8.6000,true,1,97096
7290108352566,false,מרכך JOY בבישום עוצמ,,,מרכך JOY בבישום עוצמ,ליטרים,4.00,ליטר,false,,23.90,5.9750,true,1,167312
7290108352702,false,שלישיית מגבוני טואלט,,,שלישיית מגבוני טואלט,יחידה,0.00,יחידה,false,,16.90,0.0000,true,1,31313
7290108352825,false,סנו סושי-ספוג הפלא נ,,,סנו סושי-ספוג הפלא נ,יח',3.00,יח',false,,11.90,3.9667,true,1,31319
7290108353075,false,סנו סושי 50 מפיות אי,,,סנו סושי 50 מפיות אי,יחידה,0.00,יחידה,false,,11.90,0.0000,true,1,31343
7290108353099,false,סנו סופט 500 ממחטות,,,סנו סופט 500 ממחטות,יחידה,0.00,יחידה,false,,13.90,0.0000,true,1,31345
7290108353334,false,שמפו למניעת קשקשים ע,,,שמפו למניעת קשקשים ע,מיליליטרים,700.00,"100 מ""ל",false,,12.90,1.8429,true,1,31346
7290108353440,false,צמד מברשות  שיניים 1,,,צמד מברשות  שיניים 1,יחידה,0.00,יחידה,false,,32.90,0.0000,true,1,151597
7290108353501,false,שקיות אשפה עם ידיות,,,שקיות אשפה עם ידיות,יחידה,0.00,יחידה,false,,20.90,0.0000,true,1,31356
7290108353532,false,שקיות אשפה בגליל סנו,,,שקיות אשפה בגליל סנו,יחידה,0.00,יחידה,false,,33.90,0.0000,true,1,31359
7290108353549,false,נייר אפיה סנו סושי 1,,,נייר אפיה סנו סושי 1,יחידה,0.00,יחידה,false,,21.90,0.0000,true,1,31360
7290108353679,false,סנו סושי 10 מפות ניי,,,סנו סושי 10 מפות ניי,יחידה,0.00,יחידה,false,,21.90,0.0000,true,1,31368
7290108354270,false,מרכך בבישום עוצמתי מ,,,מרכך בבישום עוצמתי מ,ליטרים,1.00,ליטר,false,,19.90,19.9000,true,1,167298
7290108354829,false,קרם ידיים קרמה ורד ו,,,קרם ידיים קרמה ורד ו,מיליליטרים,100.00,"100 מ""ל",false,,10.90,10.9000,true,1,59943
7290108355000,false,שמפו מיניונים נקה 7,,,שמפו מיניונים נקה 7,מיליליטרים,750.00,"100 מ""ל",false,,12.90,1.7200,true,1,31380
7290108355031,false,אל סבון מיניונים נקה,,,אל סבון מיניונים נקה,מיליליטרים,750.00,"100 מ""ל",false,,12.90,1.7200,true,1,31383
7290108355062,false,לחות מקצועית עם קרטי,,,לחות מקצועית עם קרטי,מיליליטרים,400.00,"100 מ""ל",false,,32.90,8.2250,true,1,31385
7290108356168,false,תחליב רחצה אוקיינוס,,,תחליב רחצה אוקיינוס,מיליליטרים,700.00,"100 מ""ל",false,,13.90,1.9857,true,1,31441
7290108356489,false,תחליב רחצה אפרסק וחמ,,,תחליב רחצה אפרסק וחמ,מיליליטרים,700.00,"100 מ""ל",false,,13.90,1.9857,true,1,216798
7290108357288,false,סנו ז'אוול בניחוח פר,,,סנו ז'אוול בניחוח פר,ליטרים,4.00,ליטר,false,,17.90,4.4750,true,1,205677
7290108359114,false,סנו סושי חמגשית אלומ,,,סנו סושי חמגשית אלומ,יחידה,0.00,יחידה,false,,12.90,0.0000,true,1,243863
7290108359824,false,קרם גוף HYDROMOIST ב,,,קרם גוף HYDROMOIST ב,מיליליטרים,500.00,"100 מ""ל",false,,22.90,4.5800,true,1,31463
7290108359855,false,שמפו אלדמע בייבי כיף,,,שמפו אלדמע בייבי כיף,מיליליטרים,750.00,"100 מ""ל",false,,16.90,2.2533,true,1,31466
7290108507058,false,ביסקויט פריך בשוקולד,,,ביסקויט פריך בשוקולד,,100.00,100 גרם,false,,7.90,7.9000,true,1,200200
7290108507065,false,גבינת פרמגיאנו רגיאנ,,,גבינת פרמגיאנו רגיאנ,,100.00,100 גרם,false,,14.90,14.9000,true,1,104896
7290108507942,false,ירקות גינה עם טונה 1,,,ירקות גינה עם טונה 1,,160.00,100 גרם,false,,13.90,8.6875,true,1,123113
7290108509229,false,חטיף אורז אפוי לתינו,,,חטיף אורז אפוי לתינו,,50.00,100 גרם,false,,12.90,25.8000,true,1,187071
7290108509359,false,פופקורן בציפוי בטעם,,,פופקורן בציפוי בטעם,,90.00,100 גרם,false,,8.90,9.8889,true,1,192357
7290108509731,false,איירן משקה יוגורט בס,,,איירן משקה יוגורט בס,ליטרים,1.00,100 ליטר,false,,16.90,1690.0000,true,1,212981
7290109351025,false,מלך החומוס חומוס טחי,,,מלך החומוס חומוס טחי,,400.00,100 גרם,false,,14.90,3.7250,true,1,20207
7290109351971,false,בר פריכיות שוקולד חל,,,בר פריכיות שוקולד חל,,84.00,100 גרם,false,,15.90,18.9286,true,1,20212
7290109352916,false,בר פריכיות שוקולד לב,,,בר פריכיות שוקולד לב,,84.00,100 גרם,false,,15.90,18.9286,true,1,20216
7290109354996,false,אסם פתי בר ללא גלוטן,,,אסם פתי בר ללא גלוטן,,200.00,100 גרם,false,,10.90,5.4500,true,1,19414
7290109355504,false,קראנץ' וניל ליבת נוג,,,קראנץ' וניל ליבת נוג,,72.00,100 גרם,false,,10.50,14.5833,true,1,16602
7290109580159,false,פסטרמה בנוסח טוסקנה,,,פסטרמה בנוסח טוסקנה,,180.00,100 גרם,false,,26.90,14.9444,true,1,104659
7290109580166,false,סרוולד קלאסי זוגלובק,,,סרוולד קלאסי זוגלובק,,150.00,100 גרם,false,,26.90,17.9333,true,1,104660
7290109580432,false,פסטרמה אקסטרה מעושנת,,,פסטרמה אקסטרה מעושנת,,120.00,100 גרם,false,,14.90,12.4167,true,1,243209
7290109920603,false,אסטוניש קרם מטבח 500,,,אסטוניש קרם מטבח 500,מיליליטרים,500.00,"100 מ""ל",false,,14.90,2.9800,true,1,11702
7290109921334,false,יעקבי דפי כביסה אידא,,,יעקבי דפי כביסה אידא,יחידה,0.00,יחידה,false,,16.90,0.0000,true,1,11719
7290109921488,false,דורגול לניקוי וחיטוי,,,דורגול לניקוי וחיטוי,מיליליטרים,500.00,"100 מ""ל",false,,32.90,6.5800,true,1,11722
7290109921853,false,המשחה המקורית לניקוי,,,המשחה המקורית לניקוי,,150.00,100 גרם,false,,18.90,12.6000,true,1,210486
7290110058814,false,שלישיית ביצי שוקולד,,,שלישיית ביצי שוקולד,,60.00,100 גרם,false,,14.90,24.8333,true,1,34035
7290110110369,false,שישיית בירה קרלסברג,,,שישיית בירה קרלסברג,ליטרים,1.98,ליטר,false,,37.70,19.0404,true,1,7339
7290110110574,false,פחית סליק קולה ZERO,,,פחית סליק קולה ZERO,מיליליטרים,330.00,"100 מ""ל",false,,5.50,1.6667,true,1,7350
7290110114787,false,נביעות + תפוח 1.5 לי,,,נביעות + תפוח 1.5 לי,ליטרים,1.50,ליטר,false,,9.50,6.3333,true,1,171336
7290110114794,false,נביעות + אפרסק 1.5 ל,,,נביעות + אפרסק 1.5 ל,ליטרים,1.50,ליטר,false,,9.50,6.3333,true,1,171337
7290110114855,false,מי נביעות שישייה 1.5,,,מי נביעות שישייה 1.5,ליטרים,9.00,ליטר,false,,14.90,1.6556,true,1,171367
7290110114893,false,פריגת סחוט תפוזים 2,,,פריגת סחוט תפוזים 2,ליטרים,2.00,ליטר,false,,29.20,14.6000,true,1,171271
7290110114961,false,פריגת תפוזים 1.5 ליט,,,פריגת תפוזים 1.5 ליט,ליטרים,1.50,ליטר,false,,9.90,6.6000,true,1,171381
7290110114985,false,פריגת אשכולית 1.5 לי,,,פריגת אשכולית 1.5 לי,ליטרים,1.50,ליטר,false,,9.90,6.6000,true,1,171383
7290110114992,false,פריגת דיאט אשכולית 1,,,פריגת דיאט אשכולית 1,ליטרים,1.50,ליטר,false,,9.90,6.6000,true,1,171397
7290110115005,false,פריגת ענבים 1.5 ליטר,,,פריגת ענבים 1.5 ליטר,ליטרים,1.50,ליטר,false,,9.90,6.6000,true,1,171424
7290110115036,false,פריגת מנגו 1.5 ליטר,,,פריגת מנגו 1.5 ליטר,ליטרים,1.50,ליטר,false,,9.90,6.6000,true,1,171467
7290110115043,false,פריגת לימונענע 1.5 ל,,,פריגת לימונענע 1.5 ל,ליטרים,1.50,ליטר,false,,9.90,6.6000,true,1,171468
7290110115050,false,פריגת מיקס תות בננה,,,פריגת מיקס תות בננה,ליטרים,1.50,ליטר,false,,9.90,6.6000,true,1,171469
7290110115081,false,פריגת צלול ענבים 1.5,,,פריגת צלול ענבים 1.5,ליטרים,1.50,ליטר,false,,9.90,6.6000,true,1,171519
7290110115180,false,נביעות 1.5 ליטר,,,נביעות 1.5 ליטר,ליטרים,1.50,ליטר,false,,4.20,2.8000,true,1,185323
7290110115203,false,קוקה קולה 1.5 ליטר,,,קוקה קולה 1.5 ליטר,ליטרים,1.50,ליטר,false,,8.90,5.9333,true,1,171559
7290110115227,false,קוקה קולה זירו בקבוק,,,קוקה קולה זירו בקבוק,ליטרים,1.50,ליטר,false,,8.90,5.9333,true,1,171561
7290110115241,false,קולה ZERO לימון 1.5,,,קולה ZERO לימון 1.5,ליטרים,1.50,ליטר,false,,8.90,5.9333,true,1,171576
7290110115265,false,ספרייט 1.5 ליטר LIME,,,ספרייט 1.5 ליטר LIME,ליטרים,1.50,ליטר,false,,8.90,5.9333,true,1,171622
7290110115272,false,ספרייט זירו 1.5 ליטר,,,ספרייט זירו 1.5 ליטר,ליטרים,1.50,ליטר,false,,8.90,5.9333,true,1,171623
7290110115289,false,ספרייט 19 קלוריות לי,,,ספרייט 19 קלוריות לי,ליטרים,1.50,ליטר,false,,8.90,5.9333,true,1,171638
7290110115302,false,פאנטה זירו בטעם אורנ,,,פאנטה זירו בטעם אורנ,ליטרים,1.50,ליטר,false,,9.90,6.6000,true,1,171655
7290110115357,false,קינלי סודה 1.5 ליטר,,,קינלי סודה 1.5 ליטר,ליטרים,1.50,ליטר,false,,5.50,3.6667,true,1,171688
7290110115364,false,קוקה קולה 6*1.5 ליטר,,,קוקה קולה 6*1.5 ליטר,ליטרים,9.00,ליטר,false,,49.90,5.5444,true,1,171578
7290110115371,false,קוקה קולה דיאט  6*1.,,,קוקה קולה דיאט  6*1.,ליטרים,9.00,ליטר,false,,49.90,5.5444,true,1,171579
7290110115388,false,ספרייט  6*1.5 ליטר L,,,ספרייט  6*1.5 ליטר L,ליטרים,9.00,ליטר,false,,49.90,5.5444,true,1,171639
7290110115401,false,קינלי סודה 6*1.5 ליט,,,קינלי סודה 6*1.5 ליט,ליטרים,9.00,ליטר,false,,14.90,1.6556,true,1,181208
7290110115418,false,קוקה קולה זירו שישיי,,,קוקה קולה זירו שישיי,ליטרים,9.00,ליטר,false,,49.90,5.5444,true,1,171580
7290110115463,false,פיוז טי אפרסק 1.5 לי,,,פיוז טי אפרסק 1.5 לי,ליטרים,1.50,ליטר,false,,9.50,6.3333,true,1,171707
7290110115586,false,משקה קל בטעם תפוזים,,,משקה קל בטעם תפוזים,ליטרים,1.50,ליטר,false,,9.90,6.6000,true,1,171520
7290110115593,false,משקה קל בטעם אשכוליו,,,משקה קל בטעם אשכוליו,ליטרים,1.50,ליטר,false,,9.90,6.6000,true,1,171521
7290110115869,false,קוקה קולה זירו בקבוק,,,קוקה קולה זירו בקבוק,ליטרים,1.50,ליטר,false,,8.90,5.9333,true,1,286360
7290110116194,false,נביעות+ לימון ליים 0,,,נביעות+ לימון ליים 0,ליטרים,1.50,ליטר,false,,9.90,6.6000,true,1,258990
7290110116316,false,קוקה קולה 6*1.5 ליטר,,,קוקה קולה 6*1.5 ליטר,ליטרים,9.00,ליטר,false,,49.90,5.5444,true,1,215717
7290110116385,false,סליק זירו  מרשמלו 33,,,סליק זירו  מרשמלו 33,מיליליטרים,330.00,"100 מ""ל",false,,5.50,1.6667,true,1,260650
7290110320591,false,בולגרית 16% במרקם מע,,,בולגרית 16% במרקם מע,,250.00,100 גרם,false,,21.90,8.7600,true,1,26673
7290110320850,false,עמק פתיתים  200 גרם,,,עמק פתיתים  200 גרם,,200.00,100 גרם,false,,15.90,7.9500,true,1,26689
7290110320867,false,עמק פתיתים למאפים 28,,,עמק פתיתים למאפים 28,,500.00,100 גרם,false,,34.90,6.9800,true,1,26690
7290110320935,false,פרוסות מוצרלה 150 גר,,,פרוסות מוצרלה 150 גר,,150.00,100 גרם,false,,17.90,11.9333,true,1,26695
7290110321031,false,יופלה גו 200 גרם תנו,,,יופלה גו 200 גרם תנו,,200.00,100 גרם,false,,5.90,2.9500,true,1,26703
7290110321277,false,קוטג' תנובה בקטנה  5,,,קוטג' תנובה בקטנה  5,,100.00,100 גרם,false,,2.60,2.6000,true,1,26721
7290110321284,false,קוטג' תנובה בקטנה  9,,,קוטג' תנובה בקטנה  9,,100.00,100 גרם,false,,2.60,2.6000,true,1,26722
7290110321604,false,פיראוס קוביות בולגרי,,,פיראוס קוביות בולגרי,,200.00,100 גרם,false,,21.90,10.9500,true,1,26738
7290110321697,false,יופלה גו בטעם  אפרסק,,,יופלה גו בטעם  אפרסק,מיליליטרים,200.00,"100 מ""ל",false,,5.90,2.9500,true,1,26745
7290110321703,false,יופלה גו בטעם פרות י,,,יופלה גו בטעם פרות י,מיליליטרים,200.00,"100 מ""ל",false,,5.90,2.9500,true,1,26746
7290110321789,false,גבינת מסקרפונה 38% ש,,,גבינת מסקרפונה 38% ש,,250.00,100 גרם,false,,20.90,8.3600,true,1,26752
7290110322014,false,טופו טבעי 300 גרם,,,טופו טבעי 300 גרם,,300.00,100 גרם,false,,12.90,4.3000,true,1,26765
7290110322946,false,יופלה טיוב יוגורט במ,,,יופלה טיוב יוגורט במ,מיליליטרים,348.00,"100 מ""ל",false,,12.50,3.5920,true,1,26789
7290110323301,false,גבינת עמק טל 32% שומ,,,גבינת עמק טל 32% שומ,,200.00,100 גרם,false,,18.90,9.4500,true,1,26812
7290110323585,false,יופלה GO לייט עם דוב,,,יופלה GO לייט עם דוב,,200.00,100 גרם,false,,5.90,2.9500,true,1,26830
7290110323592,false,יופלה GO לייט עם אפר,,,יופלה GO לייט עם אפר,,200.00,100 גרם,false,,5.90,2.9500,true,1,26831
7290110324353,false,יופלה גו לייט בטעם א,,,יופלה גו לייט בטעם א,,200.00,100 גרם,false,,5.90,2.9500,true,1,26883
7290110324711,false,ממרח סויה 9% בטעם טב,,,ממרח סויה 9% בטעם טב,,250.00,100 גרם,false,,9.90,3.9600,true,1,26913
7290110324728,false,ממרח סויה 9% עם שום,,,ממרח סויה 9% עם שום,,250.00,100 גרם,false,,9.90,3.9600,true,1,26914
7290110324841,false,מעדן שקדים עם שוקולד,,,מעדן שקדים עם שוקולד,,125.00,100 גרם,false,,4.90,3.9200,true,1,26923
7290110324858,false,מעדן שקדים בטעם אגוז,,,מעדן שקדים בטעם אגוז,,125.00,100 גרם,false,,4.90,3.9200,true,1,26924
7290110324872,false,גלבוע גבינה פרוסה 5%,,,גלבוע גבינה פרוסה 5%,,200.00,100 גרם,false,,18.90,9.4500,true,1,26925
7290110324926,false,משקה סויה ללא תוספת,,,משקה סויה ללא תוספת,יחידה,0.00,יחידה,false,,11.90,0.0000,true,1,26930
7290110325305,false,יופלה סויה גו 20 גרם,,,יופלה סויה גו 20 גרם,,200.00,100 גרם,false,,5.90,2.9500,true,1,26949
7290110325312,false,יופלה סויה גו 20 גרם,,,יופלה סויה גו 20 גרם,,200.00,100 גרם,false,,5.90,2.9500,true,1,26950
7290110325619,false,תנובה משקה שיבולת שו,,,תנובה משקה שיבולת שו,יחידה,0.00,יחידה,false,,14.50,0.0000,true,1,26959
7290110325879,false,פתיתי גאודה 200 גרם,,,פתיתי גאודה 200 גרם,,200.00,100 גרם,false,,16.90,8.4500,true,1,26980
7290110325893,false,משקה תנובה GO אייס ק,,,משקה תנובה GO אייס ק,,340.00,100 גרם,false,,7.90,2.3235,true,1,26982
7290110326210,false,יופלה און טופ פצפוצי,,,יופלה און טופ פצפוצי,,157.00,100 גרם,false,,5.90,3.7580,true,1,26993
7290110326227,false,יופלה און טופ קורנפל,,,יופלה און טופ קורנפל,,157.00,100 גרם,false,,5.90,3.7580,true,1,26994
7290110326241,false,יופלה און טופ גרנולה,,,יופלה און טופ גרנולה,יחידה,157.00,יחידה,false,,5.90,0.0376,true,1,26996
7290110326333,false,פרוסות גבינה סקנדינב,,,פרוסות גבינה סקנדינב,,170.00,100 גרם,false,,18.90,11.1176,true,1,118904
7290110327033,false,משקה סויה תנובה GO מ,,,משקה סויה תנובה GO מ,יחידה,0.00,יחידה,false,,14.50,0.0000,true,1,57350
7290110327514,false,משקה שיבולת שועל בטע,,,משקה שיבולת שועל בטע,יחידה,0.00,יחידה,false,,14.50,0.0000,true,1,139156
7290110327545,false,יופלה און טופ בטעם ת,,,יופלה און טופ בטעם ת,,157.00,100 גרם,false,,5.90,3.7580,true,1,79352
7290110327798,false,GO חטיף חלבון בטעם ש,,,GO חטיף חלבון בטעם ש,,60.00,100 גרם,false,,12.90,21.5000,true,1,123318
7290110327828,false,GO חטיף חלבון עם חמא,,,GO חטיף חלבון עם חמא,,60.00,100 גרם,false,,12.90,21.5000,true,1,123321
7290110328016,false,משקה סויה מעושר בחלב,,,משקה סויה מעושר בחלב,,250.00,100 גרם,false,,6.90,2.7600,true,1,92126
7290110328092,false,פיראוס פטה יוונית קו,,,פיראוס פטה יוונית קו,,150.00,100 גרם,false,,19.90,13.2667,true,1,144890
7290110328627,false,יוגורט גו סמיך 0% בנ,,,יוגורט גו סמיך 0% בנ,,200.00,100 גרם,false,,5.90,2.9500,true,1,127468
7290110328764,false,יוגורט גו סמיך 0% תו,,,יוגורט גו סמיך 0% תו,,200.00,100 גרם,false,,5.90,2.9500,true,1,127469
7290110328771,false,יוגורט גו סמיך 0% פי,,,יוגורט גו סמיך 0% פי,,200.00,100 גרם,false,,5.90,2.9500,true,1,127470
7290110328788,false,יוגורט גו סמיך 0% אפ,,,יוגורט גו סמיך 0% אפ,,200.00,100 גרם,false,,5.90,2.9500,true,1,127471
7290110329136,false,מעדן חלב גו בטעם שוק,,,מעדן חלב גו בטעם שוק,,120.00,100 גרם,false,,4.90,4.0833,true,1,175474
7290110329143,false,מעדן חלב גו בטעם וני,,,מעדן חלב גו בטעם וני,,120.00,100 גרם,false,,4.90,4.0833,true,1,175460
7290110329716,false,קפה קר בטעם קפוצ'ינו,,,קפה קר בטעם קפוצ'ינו,מיליליטרים,230.00,"100 מ""ל",false,,7.90,3.4348,true,1,225559
7290110329723,false,קפה קר בטעם לאטה תנו,,,קפה קר בטעם לאטה תנו,מיליליטרים,230.00,"100 מ""ל",false,,7.90,3.4348,true,1,226092
7290110329730,false,קפה קר בטעם לאטה שוק,,,קפה קר בטעם לאטה שוק,מיליליטרים,230.00,"100 מ""ל",false,,7.90,3.4348,true,1,226109
7290110329808,false,סויה BIO תות גביע 15,,,סויה BIO תות גביע 15,,150.00,100 גרם,false,,4.70,3.1333,true,1,196227
7290110329846,false,סויה BIO טבעי גביע 1,,,סויה BIO טבעי גביע 1,,150.00,100 גרם,false,,4.70,3.1333,true,1,196230
7290110550226,false,מטבעות שוקולד מריר ל,,,מטבעות שוקולד מריר ל,,400.00,100 גרם,false,,31.90,7.9750,true,1,225952
7290110550363,false,משולש קינואה ומלח ים,,,משולש קינואה ומלח ים,,65.00,100 גרם,false,,10.90,16.7692,true,1,193145
7290110552220,false,דנונה PRO 20 גרם חלב,,,דנונה PRO 20 גרם חלב,,200.00,100 גרם,false,,6.20,3.1000,true,1,190460
7290110552237,false,דנונה PRO 20 גרם חלב,,,דנונה PRO 20 גרם חלב,,200.00,100 גרם,false,,6.20,3.1000,true,1,190446
7290110554422,false,רוטב עגבניות ופלפלים,,,רוטב עגבניות ופלפלים,,350.00,100 גרם,false,,11.90,3.4000,true,1,204379
7290110554583,false,מארז צ'יטוס PUFFS בט,,,מארז צ'יטוס PUFFS בט,,200.00,100 גרם,false,,13.90,6.9500,true,1,183819
7290110554729,false,עלית קפסולות אספרסו,,,עלית קפסולות אספרסו,,50.00,100 גרם,false,,18.90,37.8000,true,1,233171
7290110555306,false,רבע לשבע טבעוני סינמ,,,רבע לשבע טבעוני סינמ,,120.00,100 גרם,false,,11.90,9.9167,true,1,228774
7290110555665,false,אבקת קקאו דל שומן 22,,,אבקת קקאו דל שומן 22,,220.00,100 גרם,false,,18.90,8.5909,true,1,292889
7290110556242,false,שוקולד מריר מעולה 10,,,שוקולד מריר מעולה 10,,100.00,100 גרם,false,,5.70,5.7000,true,1,273816
7290110557027,false,חומוס הסדרה עשיר ב50,,,חומוס הסדרה עשיר ב50,,400.00,100 גרם,false,,14.90,3.7250,true,1,174738
7290110557102,false,מעדן פרו חלב עם שוקו,,,מעדן פרו חלב עם שוקו,,150.00,100 גרם,false,,5.90,3.9333,true,1,160853
7290110557133,false,מעדן הגולן מעדן חלב,,,מעדן הגולן מעדן חלב,,125.00,100 גרם,false,,3.50,2.8000,true,1,170164
7290110557478,false,חומוס גלילי אחלה  60,,,חומוס גלילי אחלה  60,,600.00,100 גרם,false,,13.90,2.3167,true,1,217046
7290110558314,false,דנונה פרו ללא סוכר 2,,,דנונה פרו ללא סוכר 2,,200.00,100 גרם,false,,6.20,3.1000,true,1,250197
7290110558666,false,דניאלה בטעם תפוח 88,,,דניאלה בטעם תפוח 88,,88.00,100 גרם,false,,4.30,4.8864,true,1,275825
7290110560317,false,פריכיות משולשות מלח,,,פריכיות משולשות מלח,,30.00,100 גרם,false,,5.90,19.6667,true,1,23389
7290110560324,false,פריכיות משולשות אפונ,,,פריכיות משולשות אפונ,,30.00,100 גרם,false,,5.90,19.6667,true,1,23390
7290110561352,false,דנונה ביו דל לקטוז ב,,,דנונה ביו דל לקטוז ב,,200.00,100 גרם,false,,3.90,1.9500,true,1,24368
7290110561604,false,שמיניית גמדים תות בנ,,,שמיניית גמדים תות בנ,,800.00,100 גרם,false,,18.90,2.3625,true,1,24377
7290110563431,false,יטבתה משקה קפה קר בס,,,יטבתה משקה קפה קר בס,מיליליטרים,230.00,"100 מ""ל",false,,7.90,3.4348,true,1,24381
7290110563448,false,יטבתה משקה קפה קר בס,,,יטבתה משקה קפה קר בס,מיליליטרים,230.00,"100 מ""ל",false,,7.90,3.4348,true,1,24382
7290110563462,false,יטבתה חלב בבקבוק נטו,,,יטבתה חלב בבקבוק נטו,ליטרים,1.00,ליטר,false,,8.90,8.9000,true,1,24384
7290110564339,false,חומוס הסדרה המובחרת,,,חומוס הסדרה המובחרת,,400.00,100 גרם,false,,14.90,3.7250,true,1,24391
7290110564360,false,חומוס אחלה עשיר ב 40,,,חומוס אחלה עשיר ב 40,,400.00,100 גרם,false,,14.90,3.7250,true,1,24392
7290110564414,false,חומוס הסדרה המובחרת,,,חומוס הסדרה המובחרת,,600.00,100 גרם,false,,16.90,2.8167,true,1,24396
7290110564742,false,יטבתה משקה קפה קר בס,,,יטבתה משקה קפה קר בס,מיליליטרים,230.00,"100 מ""ל",false,,7.90,3.4348,true,1,24402
7290110565435,false,לימבו בטעם פטל 0% שו,,,לימבו בטעם פטל 0% שו,,125.00,100 גרם,false,,2.50,2.0000,true,1,24407
7290110565527,false,דנונה PRO 20 גרם חלב,,,דנונה PRO 20 גרם חלב,,200.00,100 גרם,false,,6.20,3.1000,true,1,24409
7290110566623,false,עלית קפסולות קולומבי,,,עלית קפסולות קולומבי,,50.00,100 גרם,false,,18.90,37.8000,true,1,23437
7290110566975,false,דנונה PRO 20 גרם חלב,,,דנונה PRO 20 גרם חלב,,200.00,100 גרם,false,,6.20,3.1000,true,1,24419
7290110568238,false,קצפת צימחית 21% במתי,,,קצפת צימחית 21% במתי,מיליליטרים,250.00,"100 מ""ל",false,,8.90,3.5600,true,1,24431
7290110568276,false,משקה פרו  וניל יטבתה,,,משקה פרו  וניל יטבתה,מיליליטרים,350.00,"100 מ""ל",false,,6.90,1.9714,true,1,24432
7290110570224,false,משקה קפה קר בטעם עוג,,,משקה קפה קר בטעם עוג,מיליליטרים,230.00,"100 מ""ל",false,,7.90,3.4348,true,1,243181
7290110571382,false,מעדן חלב מועשר בחלבו,,,מעדן חלב מועשר בחלבו,,150.00,100 גרם,false,,5.50,3.6667,true,1,221632
7290110571474,false,רבע לשבע טבעוני פופק,,,רבע לשבע טבעוני פופק,,125.00,100 גרם,false,,11.90,9.5200,true,1,261824
7290110571481,false,קפה נמס עלית 200 גרם,,,קפה נמס עלית 200 גרם,,200.00,100 גרם,false,,22.90,11.4500,true,1,243568
7290110572129,false,כיף כף מקלות שוקולד,,,כיף כף מקלות שוקולד,,40.00,100 גרם,false,,5.50,13.7500,true,1,295125
7290110572969,false,כיף כף פצפצים קרם לב,,,כיף כף פצפצים קרם לב,,40.00,100 גרם,false,,5.50,13.7500,true,1,250279
7290110572976,false,כיף כף פצפצים קרם לב,,,כיף כף פצפצים קרם לב,,135.00,100 גרם,false,,11.90,8.8148,true,1,250212
7290110576370,false,מארז שלישיית אגוז  מ,,,מארז שלישיית אגוז  מ,,300.00,100 גרם,false,,26.90,8.9667,true,1,276772
7290110576387,false,מארז שלישיית אגוז  ח,,,מארז שלישיית אגוז  ח,,300.00,100 גרם,false,,26.90,8.9667,true,1,276773
7290110576752,false,שוקולד ספלנדיד מריר,,,שוקולד ספלנדיד מריר,,100.00,100 גרם,false,,12.90,12.9000,true,1,292933
7290110576868,false,גמדים סלט פירות רביע,,,גמדים סלט פירות רביע,מיליליטרים,400.00,"100 מ""ל",false,,11.90,2.9750,true,1,277465
7290111093982,false,תחליב רחצה פסיפלורה,,,תחליב רחצה פסיפלורה,מיליליטרים,700.00,"100 מ""ל",false,,21.90,3.1286,true,1,277748
7290111097041,false,בייביסיטר מגבונים לח,,,בייביסיטר מגבונים לח,יחידה,0.00,יחידה,false,,22.90,0.0000,true,1,136924
7290111098536,false,מגבונים לחים לתינוק,,,מגבונים לחים לתינוק,יחידה,0.00,יחידה,false,,14.90,0.0000,true,1,219910
7290111285462,false,כוס במבוק ספיידרמן,,,כוס במבוק ספיידרמן,יחידה,0.00,יחידה,false,,8.90,0.0000,true,1,34058
7290111340185,false,ניקול לחות לניקוי רצ,,,ניקול לחות לניקוי רצ,יחידה,0.00,יחידה,false,,12.90,0.0000,true,1,9311
7290111342059,false,מטליות לחות אנטיבקטר,,,מטליות לחות אנטיבקטר,יחידה,0.00,יחידה,false,,13.90,0.0000,true,1,9345
7290111343797,false,ניקול מטליות לחות לנ,,,ניקול מטליות לחות לנ,יח',50.00,יח',false,,10.90,0.2180,true,1,55475
7290111344206,false,מגבוני האגיס נטורל ק,,,מגבוני האגיס נטורל ק,יחידה,0.00,יחידה,false,,19.90,0.0000,true,1,168649
7290111344459,false,תחבושות נייט אקסטרא,,,תחבושות נייט אקסטרא,יח',18.00,יח',false,,19.90,1.1056,true,1,162584
7290111344503,false,האגיס אקסטרה קר מידה,,,האגיס אקסטרה קר מידה,יחידה,0.00,יחידה,false,,57.90,0.0000,true,1,113025
7290111344855,false,מגיני תחתון סופר פרו,,,מגיני תחתון סופר פרו,יחידה,0.00,יחידה,false,,19.90,0.0000,true,1,184274
7290111346293,false,מגבות מטבח ניקול לבנ,,,מגבות מטבח ניקול לבנ,מטרים,64.80,מטר,false,,12.90,0.1991,true,1,234325
7290111352140,false,חמוציות מיובשות ברכז,,,חמוציות מיובשות ברכז,,150.00,100 גרם,false,,11.90,7.9333,true,1,13148
7290111353079,false,סוכריות גומי דובונים,,,סוכריות גומי דובונים,,180.00,100 גרם,false,,10.90,6.0556,true,1,84631
7290111353123,false,יוגטה סוכריות גומי נ,,,יוגטה סוכריות גומי נ,,200.00,100 גרם,false,,10.90,5.4500,true,1,71856
7290111563492,false,צבר מרובע  מטבוחה חר,,,צבר מרובע  מטבוחה חר,,400.00,100 גרם,false,,13.50,3.3750,true,1,20256
7290111564291,false,פריכיות קינואה דקות,,,פריכיות קינואה דקות,,120.00,100 גרם,false,,11.90,9.9167,true,1,19482
7290111564666,false,כדורי בשר 500 גרם,,,כדורי בשר 500 גרם,,630.00,100 גרם,false,,35.90,5.6984,true,1,20262
7290111565038,false,לה קרמריה  בטעם וניל,,,לה קרמריה  בטעם וניל,ליטרים,1.40,ליטר,false,,25.90,18.5000,true,1,16614
7290111566240,false,שניצל דק צמחוני  בטע,,,שניצל דק צמחוני  בטע,,564.00,100 גרם,false,,35.90,6.3652,true,1,20269
7290111566752,false,שניצל תירס לייט טבעו,,,שניצל תירס לייט טבעו,,693.00,100 גרם,false,,35.90,5.1804,true,1,20283
7290111568251,false,נודלס אטריות להקפצה,,,נודלס אטריות להקפצה,,350.00,100 גרם,false,,10.90,3.1143,true,1,19530
7290111568275,false,נודלס אטריות אורז רח,,,נודלס אטריות אורז רח,,300.00,100 גרם,false,,10.90,3.6333,true,1,19531
7290111930805,false,קראנצו'ס ברביקיו 55,,,קראנצו'ס ברביקיו 55,,55.00,100 גרם,false,,3.90,7.0909,true,1,22115
7290111930898,false,פוף כוכבים גריל אמרי,,,פוף כוכבים גריל אמרי,,40.00,100 גרם,false,,4.90,12.2500,true,1,22124
7290111930911,false,פוף לבבות קלאסי 40 ג,,,פוף לבבות קלאסי 40 ג,,40.00,100 גרם,false,,4.90,12.2500,true,1,22126
7290111930928,false,"פוף לבבות גריל 40 ג""",,,"פוף לבבות גריל 40 ג""",,40.00,100 גרם,false,,4.90,12.2500,true,1,22127
7290111938481,false,רוטב סויה בהירה מ.שף,,,רוטב סויה בהירה מ.שף,מיליליטרים,300.00,"100 מ""ל",false,,11.90,3.9667,true,1,22198
7290112000828,false,מגבונים אנטי בקטריאל,,,מגבונים אנטי בקטריאל,יח',60.00,יח',false,,12.90,0.2150,true,1,21369
7290112001436,false,פיניש מנקה מדיח בניח,,,פיניש מנקה מדיח בניח,מיליליטרים,250.00,"100 מ""ל",false,,15.90,6.3600,true,1,21383
7290112001764,false,וולייט מרכך כביסה בל,,,וולייט מרכך כביסה בל,ליטרים,1.20,ליטר,false,,17.90,14.9167,true,1,21387
7290112002099,false,קולון ג'ל 2.5 ליטר ב,,,קולון ג'ל 2.5 ליטר ב,ליטרים,2.50,ליטר,false,,26.90,10.7600,true,1,21395
7290112002112,false,קולון ג'ל 2.5 ליטר ב,,,קולון ג'ל 2.5 ליטר ב,ליטרים,2.50,ליטר,false,,26.90,10.7600,true,1,21397
7290112002136,false,קולון ג'ל 4 ליטר רגי,,,קולון ג'ל 4 ליטר רגי,ליטרים,4.00,ליטר,false,,37.90,9.4750,true,1,21399
7290112002143,false,קולון ג'ל 4 ליטר ליל,,,קולון ג'ל 4 ליטר ליל,ליטרים,4.00,ליטר,false,,37.90,9.4750,true,1,21400
7290112002167,false,קולון ג'ל 4 ליטר בני,,,קולון ג'ל 4 ליטר בני,ליטרים,4.00,ליטר,false,,37.90,9.4750,true,1,21402
7290112004413,false,מסיר כתמים ספריי כבי,,,מסיר כתמים ספריי כבי,מיליליטרים,750.00,"100 מ""ל",false,,16.90,2.2533,true,1,213759
7290112330352,false,דנונה פרו 20 גר וניל,,,דנונה פרו 20 גר וניל,,200.00,100 גרם,false,,6.20,3.1000,true,1,24441
7290112330390,false,דנונה פרו 20 גר פירו,,,דנונה פרו 20 גר פירו,,200.00,100 גרם,false,,6.20,3.1000,true,1,24443
7290112332585,false,"פריכיות הטעימות תפו""",,,"פריכיות הטעימות תפו""",,30.00,100 גרם,false,,5.90,19.6667,true,1,23492
7290112332691,false,פינוקיות עוגיית קרם,,,פינוקיות עוגיית קרם,,200.00,100 גרם,false,,12.90,6.4500,true,1,23495
7290112332899,false,מאסט בזוקה פופים קלא,,,מאסט בזוקה פופים קלא,,58.00,100 גרם,false,,10.90,18.7931,true,1,23499
7290112334749,false,עלית טורקי שקית 200,,,עלית טורקי שקית 200,,220.00,100 גרם,false,,15.90,7.2273,true,1,23501
7290112335487,false,פריכיות הטעימות קצח,,,פריכיות הטעימות קצח,,135.00,100 גרם,false,,13.90,10.2963,true,1,23509
7290112336613,false,עד חצות סנדוויץ' 135,,,עד חצות סנדוויץ' 135,,135.00,100 גרם,false,,10.90,8.0741,true,1,23525
7290112336644,false,"סוכריות מאסט לל""ס לי",,,"סוכריות מאסט לל""ס לי",,80.00,100 גרם,false,,8.90,11.1250,true,1,23528
7290112336712,false,דנונה פרו 21 0% שומן,,,דנונה פרו 21 0% שומן,,200.00,100 גרם,false,,6.20,3.1000,true,1,24475
7290112339362,false,דנונה לייט אנד פריי,,,דנונה לייט אנד פריי,,150.00,100 גרם,false,,4.90,3.2667,true,1,24491
7290112339867,false,גמדים סקוויז בודד תו,,,גמדים סקוויז בודד תו,,100.00,100 גרם,false,,6.50,6.5000,true,1,24504
7290112339874,false,גמדים סקוויז בודד תו,,,גמדים סקוויז בודד תו,,100.00,100 גרם,false,,6.50,6.5000,true,1,24505
7290112340122,false,פריכיות הטעימות 3 דג,,,פריכיות הטעימות 3 דג,,135.00,100 גרם,false,,13.90,10.2963,true,1,23542
7290112342102,false,סימפוניה 5% בצל מקור,,,סימפוניה 5% בצל מקור,,200.00,100 גרם,false,,12.50,6.2500,true,1,24527
7290112343260,false,יטבתה רוטב שמנת קלאס,,,יטבתה רוטב שמנת קלאס,,260.00,100 גרם,false,,11.50,4.4231,true,1,24534
7290112343420,false,משקה יטבתה פרו 20 אר,,,משקה יטבתה פרו 20 אר,מיליליטרים,350.00,"100 מ""ל",false,,7.90,2.2571,true,1,24537
7290112343499,false,ציטוס Puffs בטעם גבי,,,ציטוס Puffs בטעם גבי,,55.00,100 גרם,false,,3.50,6.3636,true,1,162746
7290112344564,false,EAT GOOD רביולי גבינ,,,EAT GOOD רביולי גבינ,,400.00,100 גרם,false,,21.90,5.4750,true,1,24539
7290112344724,false,מילקי בטעם שוקולד בל,,,מילקי בטעם שוקולד בל,מיליליטרים,170.00,"100 מ""ל",false,,3.90,2.2941,true,1,24544
7290112344755,false,מילקי עם 26% פחות סו,,,מילקי עם 26% פחות סו,מיליליטרים,135.00,"100 מ""ל",false,,2.90,2.1481,true,1,80312
7290112344786,false,פלטינום קלאסיק עלית,,,פלטינום קלאסיק עלית,,200.00,100 גרם,false,,30.90,15.4500,true,1,23576
7290112346537,false,פינוקיות עוגיות בטעם,,,פינוקיות עוגיות בטעם,,200.00,100 גרם,false,,12.90,6.4500,true,1,23589
7290112346629,false,דנונה קראנצ' עם קורנ,,,דנונה קראנצ' עם קורנ,מיליליטרים,172.00,"100 מ""ל",false,,4.90,2.8488,true,1,24559
7290112346773,false,דנונה לייט אנד פריי,,,דנונה לייט אנד פריי,מיליליטרים,150.00,"100 מ""ל",false,,4.90,3.2667,true,1,87606
7290112347008,false,גמדים ארוחת בוקר תות,,,גמדים ארוחת בוקר תות,,100.00,100 גרם,false,,6.50,6.5000,true,1,24576
7290112349606,false,דניאלה תות בננה 150,,,דניאלה תות בננה 150,מיליליטרים,150.00,"100 מ""ל",false,,4.30,2.8667,true,1,190474
7290112349750,false,רוטב עגבניות לפיצה 3,,,רוטב עגבניות לפיצה 3,,350.00,100 גרם,false,,11.90,3.4000,true,1,23610
7290112350275,false,קפסולות LUNGO למכונו,,,קפסולות LUNGO למכונו,,50.00,100 גרם,false,,18.90,37.8000,true,1,23614
7290112351067,false,סילאן טבעי לחיץ יד מ,,,סילאן טבעי לחיץ יד מ,,630.00,100 גרם,false,,24.90,3.9524,true,1,23616
7290112351258,false,פינוקיות עוגיית שחור,,,פינוקיות עוגיית שחור,,200.00,100 גרם,false,,12.90,6.4500,true,1,57142
7290112351463,false,שלישיית סוכריות FRES,,,שלישיית סוכריות FRES,,45.00,100 גרם,false,,8.90,19.7778,true,1,63737
7290112351470,false,שלישיית סוכריות FRES,,,שלישיית סוכריות FRES,,45.00,100 גרם,false,,8.90,19.7778,true,1,63738
7290112353887,false,קפה קר יטבתה בטעם אג,,,קפה קר יטבתה בטעם אג,מיליליטרים,230.00,"100 מ""ל",false,,7.90,3.4348,true,1,53975
7290112355027,false,דנונה פרו 20 גר' בטע,,,דנונה פרו 20 גר' בטע,,200.00,100 גרם,false,,6.20,3.1000,true,1,80328
7290112355102,false,סקוויז גמדים לדרך סל,,,סקוויז גמדים לדרך סל,,100.00,100 גרם,false,,5.90,5.9000,true,1,87578
7290112355775,false,סימפוניה עירית 200 ג,,,סימפוניה עירית 200 ג,,200.00,100 גרם,false,,12.50,6.2500,true,1,250198
7290112357175,false,קפסולות BOOST למכונו,,,קפסולות BOOST למכונו,,50.00,100 גרם,false,,18.90,37.8000,true,1,23625
7290112357892,false,שלישיית סוכריות FRES,,,שלישיית סוכריות FRES,,45.00,100 גרם,false,,8.90,19.7778,true,1,63739
7290112358127,false,דנונה פרו 20 גר עם מ,,,דנונה פרו 20 גר עם מ,,200.00,100 גרם,false,,6.50,3.2500,true,1,74636
7290112358219,false,יד מורדכי רוטב צ'ילי,,,יד מורדכי רוטב צ'ילי,מיליליטרים,300.00,"100 מ""ל",false,,14.90,4.9667,true,1,53718
7290112358431,false,דאבל ביסקוויט עם שוק,,,דאבל ביסקוויט עם שוק,,200.00,100 גרם,false,,14.90,7.4500,true,1,112899
7290112490209,false,נמס בכוס מרק עגבניות,,,נמס בכוס מרק עגבניות,,56.00,100 גרם,false,,7.90,14.1071,true,1,11012
7290112490216,false,נמס בכוס בטעם עוף קר,,,נמס בכוס בטעם עוף קר,יחידה,48.00,יחידה,false,,7.90,0.1646,true,1,11013
7290112490230,false,נמס בכוס אפונה רכיבי,,,נמס בכוס אפונה רכיבי,,50.00,100 גרם,false,,7.90,15.8000,true,1,11014
7290112490650,false,קונפיטורה 778 תות שד,,,קונפיטורה 778 תות שד,,340.00,100 גרם,false,,15.90,4.6765,true,1,11020
7290112490735,false,מרק היום מרק עגבניות,,,מרק היום מרק עגבניות,,105.00,100 גרם,false,,12.50,11.9048,true,1,161039
7290112490742,false,מרק היום מרק פטריות,,,מרק היום מרק פטריות,,104.00,100 גרם,false,,12.50,12.0192,true,1,161040
7290112491787,false,בייגלה דקים דקים עם,,,בייגלה דקים דקים עם,,300.00,100 גרם,false,,11.90,3.9667,true,1,11062
7290112492579,false,פינוק מרכך שמן קוקוס,,,פינוק מרכך שמן קוקוס,מיליליטרים,700.00,"100 מ""ל",false,,11.90,1.7000,true,1,11082
7290112492593,false,פינוק תחליב רחצה קלא,,,פינוק תחליב רחצה קלא,מיליליטרים,700.00,"100 מ""ל",false,,10.90,1.5571,true,1,11083
7290112492944,false,מרק עוף לתיבול והעשר,,,מרק עוף לתיבול והעשר,,400.00,100 גרם,false,,19.90,4.9750,true,1,11099
7290112492968,false,מרק קנור בצל 400 גרם,,,מרק קנור בצל 400 גרם,,400.00,100 גרם,false,,15.90,3.9750,true,1,11100
7290112493095,false,נמס בכוס מרק עגבניות,,,נמס בכוס מרק עגבניות,,48.00,100 גרם,false,,7.90,16.4583,true,1,11108
7290112493927,false,קרמיסימו ריבת חלב 1.,,,קרמיסימו ריבת חלב 1.,ליטרים,1.33,ליטר,false,,21.90,16.4662,true,1,4463
7290112493934,false,קרמיסימו וניל 1.33 ל,,,קרמיסימו וניל 1.33 ל,ליטרים,1.33,ליטר,false,,21.90,16.4662,true,1,4464
7290112494221,false,קליק ביסקוויט 65 גרם,,,קליק ביסקוויט 65 גרם,,65.00,100 גרם,false,,6.90,10.6154,true,1,11126
7290112494238,false,קליק כדורים חלב 65 ג,,,קליק כדורים חלב 65 ג,,65.00,100 גרם,false,,6.90,10.6154,true,1,11127
7290112494313,false,קליק קורנפלקס 65 גרם,,,קליק קורנפלקס 65 גרם,,65.00,100 גרם,false,,6.90,10.6154,true,1,11132
7290112494993,false,"כריות וניל תלמה בד""ץ",,,"כריות וניל תלמה בד""ץ",,686.00,100 גרם,false,,30.90,4.5044,true,1,11150
7290112495006,false,"כריות נוגט תלמה בד""ץ",,,"כריות נוגט תלמה בד""ץ",,686.00,100 גרם,false,,27.90,4.0671,true,1,11151
7290112495020,false,כריות צוקולדה תלמה ב,,,כריות צוקולדה תלמה ב,,686.00,100 גרם,false,,30.90,4.5044,true,1,11153
7290112495044,false,קוקומן פצפוצים תלמה,,,קוקומן פצפוצים תלמה,,375.00,100 גרם,false,,22.90,6.1067,true,1,11155
7290112495105,false,נשנושים שמנת בצל 260,,,נשנושים שמנת בצל 260,,260.00,100 גרם,false,,11.90,4.5769,true,1,11156
7290112495112,false,נשנושים זעתר 260 גרם,,,נשנושים זעתר 260 גרם,,260.00,100 גרם,false,,11.90,4.5769,true,1,11157
7290112495143,false,נשנושים קוקטייל מלוח,,,נשנושים קוקטייל מלוח,,300.00,100 גרם,false,,13.90,4.6333,true,1,11159
7290112495228,false,קורנפלקס דבש תלמה תל,,,קורנפלקס דבש תלמה תל,,448.00,100 גרם,false,,18.90,4.2187,true,1,11163
7290112495280,false,ריבועי ברנפלקס קינמו,,,ריבועי ברנפלקס קינמו,,400.00,100 גרם,false,,24.90,6.2250,true,1,11166
7290112495433,false,"דליפקאן תלמה בד""ץ 40",,,"דליפקאן תלמה בד""ץ 40",,400.00,100 גרם,false,,24.90,6.2250,true,1,11168
7290112495754,false,רוטב אלף האיים הלמנס,,,רוטב אלף האיים הלמנס,,305.00,100 גרם,false,,10.50,3.4426,true,1,11178
7290112495785,false,רוטב שום הלמנס 300 ג,,,רוטב שום הלמנס 300 ג,,300.00,100 גרם,false,,10.50,3.5000,true,1,11180
7290112495792,false,רוטב שום לייט הלמנס,,,רוטב שום לייט הלמנס,,300.00,100 גרם,false,,12.90,4.3000,true,1,282160
7290112495822,false,"כריות בלאק תלמה בד""ץ",,,"כריות בלאק תלמה בד""ץ",,686.00,100 גרם,false,,30.90,4.5044,true,1,11183
7290112497994,false,גרנולה PROTEIN בתוספ,,,גרנולה PROTEIN בתוספ,,300.00,100 גרם,false,,16.90,5.6333,true,1,145531
7290112498007,false,גרנולה PROTEIN בתוספ,,,גרנולה PROTEIN בתוספ,,300.00,100 גרם,false,,16.90,5.6333,true,1,169626
7290112498441,false,טעמים מהמזרח רוטב רו,,,טעמים מהמזרח רוטב רו,,370.00,100 גרם,false,,13.90,3.7568,true,1,281668
7290112498915,false,מאגדת מיני מגנום שקד,,,מאגדת מיני מגנום שקד,,310.00,100 גרם,false,,30.90,9.9677,true,1,123609
7290112498922,false,מאגדת מיני מגנום לבן,,,מאגדת מיני מגנום לבן,,310.00,100 גרם,false,,30.90,9.9677,true,1,123610
7290112499127,false,שלגון גלידה שוקולד ל,,,שלגון גלידה שוקולד ל,,77.00,100 גרם,false,,10.50,13.6364,true,1,191545
7290112499189,false,קרמיסימו חד קרן בטעמ,,,קרמיסימו חד קרן בטעמ,ליטרים,1.33,ליטר,false,,21.90,16.4662,true,1,257446
7290112499462,false,תחליב רחצה בתוספת שמ,,,תחליב רחצה בתוספת שמ,מיליליטרים,700.00,"100 מ""ל",false,,10.90,1.5571,true,1,123668
7290112499639,false,טילון סופר מגנום וני,,,טילון סופר מגנום וני,יחידה,0.00,יחידה,false,,10.50,0.0000,true,1,4467
7290112499677,false,מגנום שוקולד לבן ADR,,,מגנום שוקולד לבן ADR,יחידה,0.00,יחידה,false,,10.50,0.0000,true,1,4470
7290112499776,false,מאגדת גודיז שלגון אי,,,מאגדת גודיז שלגון אי,,240.00,100 גרם,false,,30.90,12.8750,true,1,4477
7290112499929,false,מגנום שוקולד,,,מגנום שוקולד,,90.00,100 גרם,false,,10.50,11.6667,true,1,4486
7290112499936,false,מגנום שקדים מובחרים,,,מגנום שקדים מובחרים,,90.00,100 גרם,false,,10.50,11.6667,true,1,4487
7290112499943,false,מגנום מאגדת מיני שוק,,,מגנום מאגדת מיני שוק,,250.00,100 גרם,false,,30.90,12.3600,true,1,4488
7290112960856,false,אקסטרים מטבע שוקולד,,,אקסטרים מטבע שוקולד,,115.00,100 גרם,false,,9.90,8.6087,true,1,16626
7290112961266,false,בייגלה כפיות בסגנון,,,בייגלה כפיות בסגנון,,300.00,100 גרם,false,,11.90,3.9667,true,1,19560
7290112961327,false,אסם בייגלה כפיות פיז,,,אסם בייגלה כפיות פיז,,300.00,100 גרם,false,,11.90,3.9667,true,1,19562
7290112961372,false,חטיפי פריכיות דקות ק,,,חטיפי פריכיות דקות ק,,60.00,100 גרם,false,,8.90,14.8333,true,1,19563
7290112961464,false,חטיפי פריכיות דקות מ,,,חטיפי פריכיות דקות מ,,60.00,100 גרם,false,,8.90,14.8333,true,1,19566
7290112962287,false,שווארמה טבעונית טבעו,,,שווארמה טבעונית טבעו,,450.00,100 גרם,false,,35.90,7.9778,true,1,20308
7290112964410,false,אסם רוטב אלף האיים ל,,,אסם רוטב אלף האיים ל,מיליליטרים,290.00,"100 מ""ל",false,,12.90,4.4483,true,1,19607
7290112964434,false,אסם רוטב קיסר לסלט 2,,,אסם רוטב קיסר לסלט 2,מיליליטרים,295.00,"100 מ""ל",false,,12.90,4.3729,true,1,19608
7290112964458,false,אסם רוטב ויניגרט לסל,,,אסם רוטב ויניגרט לסל,מיליליטרים,295.00,"100 מ""ל",false,,12.90,4.3729,true,1,19609
7290112964502,false,אסם רוטב אלף האיים ל,,,אסם רוטב אלף האיים ל,מיליליטרים,600.00,"100 מ""ל",false,,18.90,3.1500,true,1,19611
7290112965103,false,קוסקוס עם ירקות אסם,,,קוסקוס עם ירקות אסם,,146.00,100 גרם,false,,12.90,8.8356,true,1,19620
7290112965226,false,אורז סיני עם נודלס א,,,אורז סיני עם נודלס א,,130.00,100 גרם,false,,12.90,9.9231,true,1,19626
7290112965240,false,זוג מרק נמס עגבניות,,,זוג מרק נמס עגבניות,,60.00,100 גרם,false,,6.90,11.5000,true,1,19627
7290112965288,false,זוג מרק נמס ירקות בד,,,זוג מרק נמס ירקות בד,,30.00,100 גרם,false,,6.90,23.0000,true,1,19629
7290112965325,false,אורז ספרדי אסם 140 ג,,,אורז ספרדי אסם 140 ג,,140.00,100 גרם,false,,12.90,9.2143,true,1,19631
7290112965707,false,פיטנס חטיף מולטיגריי,,,פיטנס חטיף מולטיגריי,,25.00,100 גרם,false,,5.80,23.2000,true,1,80162
7290112965943,false,טבעול נאגטס ירקות יר,,,טבעול נאגטס ירקות יר,,500.00,100 גרם,false,,35.90,7.1800,true,1,78799
7290112966445,false,במבה מתוקה אריזה גדו,,,במבה מתוקה אריזה גדו,,100.00,100 גרם,false,,8.90,8.9000,true,1,19656
7290112967244,false,ביסלי גריל מארז 10*,,,ביסלי גריל מארז 10*,,200.00,100 גרם,false,,12.50,6.2500,true,1,19670
7290112968807,false,פיטנס קרקר דק סלק 14,,,פיטנס קרקר דק סלק 14,,140.00,100 גרם,false,,12.90,9.2143,true,1,88261
7290112968821,false,פיטנס קרקר דק בטטה 1,,,פיטנס קרקר דק בטטה 1,,140.00,100 גרם,false,,12.90,9.2143,true,1,88262
7290113190757,false,חלבה תלתלים בטעם וני,,,חלבה תלתלים בטעם וני,,300.00,100 גרם,false,,14.90,4.9667,true,1,252058
7290113190771,false,חלבה מסולסלת בטעם שו,,,חלבה מסולסלת בטעם שו,,300.00,100 גרם,false,,14.90,4.9667,true,1,4990
7290113192171,false,מיקס אגוזים שקדים וח,,,מיקס אגוזים שקדים וח,,150.00,100 גרם,false,,14.90,9.9333,true,1,72824
7290113192201,false,תערובת להכנת סחלב 50,,,תערובת להכנת סחלב 50,,500.00,100 גרם,false,,13.90,2.7800,true,1,204022
7290113192331,false,זיתים ירוק גדול בית,,,זיתים ירוק גדול בית,,340.00,100 גרם,false,,11.50,3.3824,true,1,19705
7290113192355,false,זיתים חרוזית ירוק בי,,,זיתים חרוזית ירוק בי,,275.00,100 גרם,false,,10.90,3.9636,true,1,19707
7290113192362,false,טבעות זיתים ירוקים ב,,,טבעות זיתים ירוקים ב,,280.00,100 גרם,false,,11.90,4.2500,true,1,19708
7290113192393,false,קוקטייל זיתים בית הש,,,קוקטייל זיתים בית הש,,336.00,100 גרם,false,,12.90,3.8393,true,1,19711
7290113192478,false,מלפפון במלח 10-12 בי,,,מלפפון במלח 10-12 בי,,320.00,100 גרם,false,,8.90,2.7813,true,1,19719
7290113192546,false,מלפפון בחומץ 7-9 בית,,,מלפפון בחומץ 7-9 בית,,560.00,100 גרם,false,,7.90,1.4107,true,1,19726
7290113192560,false,פלפל שיפקה בית השיטה,,,פלפל שיפקה בית השיטה,,230.00,100 גרם,false,,8.90,3.8696,true,1,19728
7290113192881,false,טורטיה חיטה מופחתת ק,,,טורטיה חיטה מופחתת ק,,270.00,100 גרם,false,,10.00,3.7037,true,1,152516
7290113193031,false,חרוזית קלמטה בית השי,,,חרוזית קלמטה בית השי,,275.00,100 גרם,false,,15.90,5.7818,true,1,73239
7290113193406,false,טבעות קוקטיל זיתים ב,,,טבעות קוקטיל זיתים ב,,560.00,100 גרם,false,,10.70,1.9107,true,1,73252
7290113194632,false,שקדיה ממרח 100% שקדי,,,שקדיה ממרח 100% שקדי,,500.00,100 גרם,false,,49.90,9.9800,true,1,152690
7290113195271,false,ממרח פלפלים פיקנטיים,,,ממרח פלפלים פיקנטיים,,360.00,100 גרם,false,,11.90,3.3056,true,1,153047
7290113195424,false,אטריות אורז דקות 5 מ,,,אטריות אורז דקות 5 מ,,400.00,100 גרם,false,,9.90,2.4750,true,1,153003
7290113196414,false,אורז בסמטי שקדיה 1 ק,,,אורז בסמטי שקדיה 1 ק,קילוגרמים,1.00,"ק""ג",false,,10.50,10.5000,true,1,152571
7290113197176,false,חמאת בוטנים טבעית עם,,,חמאת בוטנים טבעית עם,,510.00,100 גרם,false,,15.90,3.1176,true,1,272340
7290113198067,false,פקאן מצופה שוקולד לב,,,פקאן מצופה שוקולד לב,,150.00,100 גרם,false,,15.90,10.6000,true,1,152867
7290113198562,false,סוכריות גומי בטעמי ת,,,סוכריות גומי בטעמי ת,,200.00,100 גרם,false,,10.90,5.4500,true,1,209294
7290113198579,false,סוכריות גומי דובונים,,,סוכריות גומי דובונים,,200.00,100 גרם,false,,10.90,5.4500,true,1,209295
7290113198586,false,סוכריות גומי מסוכר ב,,,סוכריות גומי מסוכר ב,,200.00,100 גרם,false,,10.90,5.4500,true,1,209296
7290113198593,false,סוכריות גומי מסוכר ב,,,סוכריות גומי מסוכר ב,,200.00,100 גרם,false,,10.90,5.4500,true,1,209297
7290113198609,false,סוכריות גומי  נחשים,,,סוכריות גומי  נחשים,,200.00,100 גרם,false,,10.90,5.4500,true,1,209298
7290113199934,false,סוכריות חמצוצים בטעם,,,סוכריות חמצוצים בטעם,,180.00,100 גרם,false,,10.90,6.0556,true,1,209304
7290113285293,false,כפפות ניטריל כחולות,,,כפפות ניטריל כחולות,יחידה,0.00,יחידה,false,,27.90,0.0000,true,1,187389
7290113289116,false,קערות אלגנט זהב 25 י,,,קערות אלגנט זהב 25 י,יחידה,0.00,יחידה,false,,6.90,0.0000,true,1,158330
7290113289185,false,קערות ענקיות אלגנט כ,,,קערות ענקיות אלגנט כ,יחידה,0.00,יחידה,false,,10.90,0.0000,true,1,158389
7290113289192,false,צלחות מתכלות יהלום ק,,,צלחות מתכלות יהלום ק,יחידה,0.00,יחידה,false,,10.90,0.0000,true,1,179630
7290113289208,false,צלחות מתכלות יהלום ג,,,צלחות מתכלות יהלום ג,יחידה,0.00,יחידה,false,,14.90,0.0000,true,1,179646
7290113289222,false,מרקיות מתכלות יהלום,,,מרקיות מתכלות יהלום,יחידה,0.00,יחידה,false,,13.90,0.0000,true,1,179674
7290113289567,false,צלחות מתכלות קטנות ק,,,צלחות מתכלות קטנות ק,יחידה,0.00,יחידה,false,,21.90,0.0000,true,1,179632
7290113289611,false,כפפות ויטריל כחולות,,,כפפות ויטריל כחולות,יחידה,0.00,יחידה,false,,21.90,0.0000,true,1,244583
7290113469952,false,גבינה צהובה גאודה 28,,,גבינה צהובה גאודה 28,,300.00,100 גרם,false,,15.90,5.3000,true,1,240041
7290114310215,false,שמנת מתוקה 38% בקבוק,,,שמנת מתוקה 38% בקבוק,מיליליטרים,250.00,"100 מ""ל",false,,6.47,2.5880,true,1,81551
7290114310239,false,חלב נטול לקטוז  1.5,,,חלב נטול לקטוז  1.5,ליטרים,1.50,ליטר,false,,11.90,7.9333,true,1,6916
7290114310536,false,מולר אקטיב לייט יוגו,,,מולר אקטיב לייט יוגו,,25.00,100 גרם,false,,6.50,26.0000,true,1,111000
7290114310567,false,לאבנה עיזים 5% משק צ,,,לאבנה עיזים 5% משק צ,,200.00,100 גרם,false,,14.90,7.4500,true,1,110948
7290114310611,false,משקה חלב בננה בבקבוק,,,משקה חלב בננה בבקבוק,מיליליטרים,250.00,"100 מ""ל",false,,5.90,2.3600,true,1,129312
7290114311014,false,משקה חלב אייס קפוצ'י,,,משקה חלב אייס קפוצ'י,מיליליטרים,250.00,"100 מ""ל",false,,5.90,2.3600,true,1,229210
7290114311021,false,משקה חלב וניל עוגיות,,,משקה חלב וניל עוגיות,מיליליטרים,250.00,"100 מ""ל",false,,5.90,2.3600,true,1,229224
7290114311038,false,שמנת מתוקה 32% בקבוק,,,שמנת מתוקה 32% בקבוק,מיליליטרים,250.00,"100 מ""ל",false,,6.90,2.7600,true,1,229196
7290114311069,false,יוגורט בטעם טבעי 25,,,יוגורט בטעם טבעי 25,,200.00,100 גרם,false,,6.50,3.2500,true,1,211229
7290114311076,false,חמאה צהובה עם שום מו,,,חמאה צהובה עם שום מו,,200.00,100 גרם,false,,11.90,5.9500,true,1,226063
7290114311083,false,חמאה צהובה עם מלח מו,,,חמאה צהובה עם מלח מו,,200.00,100 גרם,false,,11.90,5.9500,true,1,226064
7290114311298,false,מולר פרופ תות בננה מ,,,מולר פרופ תות בננה מ,,150.00,100 גרם,false,,5.50,3.6667,true,1,251963
7290114311304,false,מולר פרופ מנגו פסיפל,,,מולר פרופ מנגו פסיפל,,150.00,100 גרם,false,,5.50,3.6667,true,1,251964
7290114311458,false,קרטון חלב מועשר ויטמ,,,קרטון חלב מועשר ויטמ,ליטרים,1.00,ליטר,false,,8.90,8.9000,true,1,278024
7290114600941,false,מאסטר שף מאסטר שף  מ,,,מאסטר שף מאסטר שף  מ,,435.00,100 גרם,false,,14.90,3.4253,true,1,22213
7290114603041,false,פרי גרנולה בוטנים אג,,,פרי גרנולה בוטנים אג,,300.00,100 גרם,false,,15.90,5.3000,true,1,79689
7290114603591,false,פוף PLAY בטעם קטשופ,,,פוף PLAY בטעם קטשופ,,40.00,100 גרם,false,,4.90,12.2500,true,1,22221
7290114604901,false,מאסטר שף ממרח שום לח,,,מאסטר שף ממרח שום לח,,242.00,100 גרם,false,,14.90,6.1570,true,1,112636
7290114606530,false,מאסטר שף רוטב בטעם מ,,,מאסטר שף רוטב בטעם מ,,515.00,100 גרם,false,,14.90,2.8932,true,1,112637
7290114606547,false,מאסטר שף מיונז עם כמ,,,מאסטר שף מיונז עם כמ,,242.00,100 גרם,false,,14.90,6.1570,true,1,112638
7290115073232,false,קופסת אוכל קליפסים -,,,קופסת אוכל קליפסים -,יחידה,0.00,יחידה,false,,26.90,0.0000,true,1,139933
7290115190014,false,סיגריות מרלבורו  חפי,,,סיגריות מרלבורו  חפי,יחידה,0.00,יחידה,false,,36.50,0.0000,false,1,70085
7290115190076,false,*מבצע* סיגריות מרלבו,,,*מבצע* סיגריות מרלבו,יחידה,0.00,יחידה,false,,32.00,0.0000,false,1,78434
7290115190090,false,*מבצע* סיגריות מרלבו,,,*מבצע* סיגריות מרלבו,יחידה,0.00,יחידה,false,,32.00,0.0000,false,1,70103
7290115190137,false,*מבצע* מרלבורו פיין,,,*מבצע* מרלבורו פיין,יחידה,0.00,יחידה,false,,28.00,0.0000,false,1,70087
7290115190151,false,*מבצע* מרלבורו גולד,,,*מבצע* מרלבורו גולד,יחידה,0.00,יחידה,false,,28.00,0.0000,false,1,70070
7290115190199,false,*מבצע* סיגריות פרלמנ,,,*מבצע* סיגריות פרלמנ,יחידה,0.00,יחידה,false,,38.00,0.0000,false,1,114973
7290115190212,false,*מבצע* סיגריות פרלמנ,,,*מבצע* סיגריות פרלמנ,יחידה,0.00,יחידה,false,,38.00,0.0000,false,1,70053
7290115190236,false,*מבצע* סיגריות פרלמנ,,,*מבצע* סיגריות פרלמנ,יחידה,0.00,יחידה,false,,38.00,0.0000,false,1,70039
7290115190250,false,*מבצע* סיגריות פרלמנ,,,*מבצע* סיגריות פרלמנ,יחידה,0.00,יחידה,false,,38.00,0.0000,false,1,62579
7290115190335,false,*מבצע* אל אם בלו ארו,,,*מבצע* אל אם בלו ארו,יחידה,0.00,יחידה,false,,28.00,0.0000,false,1,117462
7290115190359,false,*מבצע* אל אם בלו ליי,,,*מבצע* אל אם בלו ליי,יחידה,0.00,יחידה,false,,28.00,0.0000,false,1,62564
7290115190397,false,*מבצע* אל אם רד לייב,,,*מבצע* אל אם רד לייב,יחידה,0.00,יחידה,false,,28.00,0.0000,false,1,62534
7290115190519,false,*מבצע* סיגריות נקסט,,,*מבצע* סיגריות נקסט,יחידה,0.00,יחידה,false,,27.00,0.0000,false,1,70055
7290115190557,false,*מבצע* סיגריות נקסט(,,,*מבצע* סיגריות נקסט(,יחידה,0.00,יחידה,false,,27.00,0.0000,false,1,70056
7290115190595,false,סיגריות נקסט(בודד),,,סיגריות נקסט(בודד),יחידה,0.00,יחידה,false,,31.50,0.0000,false,1,70040
7290115190892,false,סיגריות מרלבורו פיוז,,,סיגריות מרלבורו פיוז,יחידה,0.00,יחידה,false,,30.00,0.0000,false,1,132526
7290115200003,false,פתי בר פינוקי וניל 2,,,פתי בר פינוקי וניל 2,,220.00,100 גרם,false,,9.90,4.5000,true,1,79955
7290115200027,false,פתי בר פינוקי שוקו 2,,,פתי בר פינוקי שוקו 2,,220.00,100 גרם,false,,9.90,4.5000,true,1,79956
7290115200713,false,מארז במבה קלאסי אסם,,,מארז במבה קלאסי אסם,,250.00,100 גרם,false,,12.90,5.1600,true,1,82112
7290115201031,false,אסם פתיבר דובי שוקול,,,אסם פתיבר דובי שוקול,,175.00,100 גרם,false,,11.90,6.8000,true,1,111150
7290115202939,false,מנה חמה רייס נודלס ע,,,מנה חמה רייס נודלס ע,,50.00,100 גרם,false,,8.90,17.8000,true,1,174356
7290115203172,false,במבה אסם 80 גרם PRO,,,במבה אסם 80 גרם PRO,,80.00,100 גרם,false,,4.90,6.1250,true,1,250293
7290115203486,false,אסם פירורית בטעם ביס,,,אסם פירורית בטעם ביס,,200.00,100 גרם,false,,6.50,3.2500,true,1,117965
7290115204056,false,אסם קטשופ מופחת סוכר,,,אסם קטשופ מופחת סוכר,,690.00,100 גרם,false,,10.90,1.5797,true,1,119029
7290115205176,false,פיטנס קרקר THIN כפרי,,,פיטנס קרקר THIN כפרי,,140.00,100 גרם,false,,12.90,9.2143,true,1,172849
7290115205312,false,פיטנס קרקר Thin Deli,,,פיטנס קרקר Thin Deli,,140.00,100 גרם,false,,12.90,9.2143,true,1,241204
7290115205541,false,פיטנס חטיף מולטיגריי,,,פיטנס חטיף מולטיגריי,,25.00,100 גרם,false,,5.80,23.2000,true,1,243078
7290115205978,false,פתי בר אצבעות שוקולד,,,פתי בר אצבעות שוקולד,,180.00,100 גרם,false,,9.90,5.5000,true,1,213153
7290115207163,false,ניוקי בזיליקום ושום,,,ניוקי בזיליקום ושום,,500.00,100 גרם,false,,14.90,2.9800,true,1,189214
7290115207507,false,צבר סלט טורקי 360 גר,,,צבר סלט טורקי 360 גר,,360.00,100 גרם,false,,16.90,4.6944,true,1,194352
7290115207668,false,אסם רוטב בסגנון סויה,,,אסם רוטב בסגנון סויה,מיליליטרים,680.00,"100 מ""ל",false,,17.80,2.6176,true,1,241055
7290115208009,false,ויטמינצ'יק ענבים 1 ל,,,ויטמינצ'יק ענבים 1 ל,ליטרים,1.00,ליטר,false,,23.50,23.5000,true,1,201089
7290115208047,false,ויטמינצ'יק פטל 1 ליט,,,ויטמינצ'יק פטל 1 ליט,ליטרים,1.00,ליטר,false,,23.50,23.5000,true,1,201074
7290115208061,false,ויטמינצ'יק תפוח 1 לי,,,ויטמינצ'יק תפוח 1 לי,ליטרים,1.00,ליטר,false,,23.50,23.5000,true,1,201075
7290115208344,false,אסם בייגלה כפיות שמנ,,,אסם בייגלה כפיות שמנ,,300.00,100 גרם,false,,11.90,3.9667,true,1,253674
7290115209198,false,במבה אורירית 80 גרם,,,במבה אורירית 80 גרם,,80.00,100 גרם,false,,4.90,6.1250,true,1,243109
7290115403299,false,עוגיות פרפריות אדל 4,,,עוגיות פרפריות אדל 4,,450.00,100 גרם,false,,17.90,3.9778,true,1,231157
7290115403312,false,עוגיות מלוחות קריספי,,,עוגיות מלוחות קריספי,,450.00,100 גרם,false,,17.90,3.9778,true,1,231159
7290115403350,false,עוגיות רשת שוקו מסוכ,,,עוגיות רשת שוקו מסוכ,,450.00,100 גרם,false,,17.90,3.9778,true,1,231162
7290115403404,false,עוגיות פרפריות שוקו,,,עוגיות פרפריות שוקו,,450.00,100 גרם,false,,17.90,3.9778,true,1,231167
7290115403459,false,עוגיות נסיכה בטעם תו,,,עוגיות נסיכה בטעם תו,,500.00,100 גרם,false,,17.90,3.5800,true,1,231172
7290115403480,false,עוגיות בסגנון מרוקאי,,,עוגיות בסגנון מרוקאי,,500.00,100 גרם,false,,17.90,3.5800,true,1,231175
7290115403510,false,עוגיות מגולגלות תמרי,,,עוגיות מגולגלות תמרי,,500.00,100 גרם,false,,17.90,3.5800,true,1,231177
7290115410068,false,חציל במיונז 400 גרם,,,חציל במיונז 400 גרם,,400.00,100 גרם,false,,10.90,2.7250,true,1,151902
7290115410082,false,טורקי 400 גרם סלטי ה,,,טורקי 400 גרם סלטי ה,,400.00,100 גרם,false,,10.90,2.7250,true,1,151918
7290115410099,false,מטבוחה 400 גרם סלטי,,,מטבוחה 400 גרם סלטי,,400.00,100 גרם,false,,10.90,2.7250,true,1,151919
7290115410112,false,חומוס 400 גרם סלטי ה,,,חומוס 400 גרם סלטי ה,,400.00,100 גרם,false,,10.90,2.7250,true,1,151888
7290115410556,false,חומוס מסבחה 250 גרם,,,חומוס מסבחה 250 גרם,,250.00,100 גרם,false,,10.90,4.3600,true,1,151851
7290115410563,false,חומוס מסבחה חריף 250,,,חומוס מסבחה חריף 250,,250.00,100 גרם,false,,10.90,4.3600,true,1,151852
7290115410587,false,טחינה לבנה 250 גרם -,,,טחינה לבנה 250 גרם -,,250.00,100 גרם,false,,10.90,4.3600,true,1,151854
7290115410600,false,חציל במיונז 250 גרם-,,,חציל במיונז 250 גרם-,,250.00,100 גרם,false,,10.90,4.3600,true,1,151870
7290115670707,false,אנרג'י גרנולה שיבולת,,,אנרג'י גרנולה שיבולת,,400.00,100 גרם,false,,14.90,3.7250,true,1,117055
7290115671155,false,שלישיית סוכריות בזוק,,,שלישיית סוכריות בזוק,,45.00,100 גרם,false,,8.90,19.7778,true,1,193201
7290115671162,false,סוכריות ג'לי מסוכרות,,,סוכריות ג'לי מסוכרות,,540.00,100 גרם,false,,22.90,4.2407,true,1,112846
7290115675559,false,מארז קפה טורקי לדרך,,,מארז קפה טורקי לדרך,,70.00,100 גרם,false,,7.90,11.2857,true,1,88567
7290115675986,false,דנונה קראנצ' אגוזים,,,דנונה קראנצ' אגוזים,,173.00,100 גרם,false,,4.90,2.8324,true,1,87945
7290115676082,false,משקה יוגורט עם חלבון,,,משקה יוגורט עם חלבון,,255.00,100 גרם,false,,7.50,2.9412,true,1,120209
7290115676099,false,משקה יוגורט עם חלבון,,,משקה יוגורט עם חלבון,,265.00,100 גרם,false,,7.50,2.8302,true,1,120171
7290115676273,false,עלית קקאו 500 גרם +1,,,עלית קקאו 500 גרם +1,,500.00,100 גרם,false,,26.10,5.2200,true,1,112860
7290115678376,false,מעדן הגולן מעדן חלב,,,מעדן הגולן מעדן חלב,,125.00,100 גרם,false,,3.50,2.8000,true,1,143588
7290115678383,false,מעדן הגולן מעדן חלב,,,מעדן הגולן מעדן חלב,,125.00,100 גרם,false,,3.50,2.8000,true,1,143602
7290116530109,false,קליק חטיף נוגט מצופה,,,קליק חטיף נוגט מצופה,,35.00,100 גרם,false,,5.80,16.5714,true,1,128758
7290116530147,false,תחליב רחצה בניחוח שי,,,תחליב רחצה בניחוח שי,מיליליטרים,700.00,"100 מ""ל",false,,10.90,1.5571,true,1,123682
7290116530871,false,חטיף נשנושים מיקס+בי,,,חטיף נשנושים מיקס+בי,,240.00,100 גרם,false,,11.90,4.9583,true,1,258694
7290116531083,false,דגני בוקר ברנפלקס לל,,,דגני בוקר ברנפלקס לל,,500.00,100 גרם,false,,24.90,4.9800,true,1,194633
7290116531243,false,שמפו ומרכך 2 ב-1 למנ,,,שמפו ומרכך 2 ב-1 למנ,מיליליטרים,700.00,"100 מ""ל",false,,13.90,1.9857,true,1,179093
7290116531496,false,דגני בוקר קינמונים ת,,,דגני בוקר קינמונים ת,,375.00,100 גרם,false,,22.90,6.1067,true,1,212057
7290116531519,false,קוקומן בטעם שוקו בננ,,,קוקומן בטעם שוקו בננ,,375.00,100 גרם,false,,22.90,6.1067,true,1,194538
7290116531557,false,מאגדת פריכיות דקות ע,,,מאגדת פריכיות דקות ע,,150.00,100 גרם,false,,15.90,10.6000,true,1,195705
7290116531793,false,רוטב לסלט קיסר הלמנס,,,רוטב לסלט קיסר הלמנס,,295.00,100 גרם,false,,12.90,4.3729,true,1,282175
7290116531816,false,תחליב רחצה בניחוח שי,,,תחליב רחצה בניחוח שי,מיליליטרים,700.00,"100 מ""ל",false,,10.90,1.5571,true,1,179771
7290116532219,false,קורנפלקס תות תלמה 44,,,קורנפלקס תות תלמה 44,,448.00,100 גרם,false,,18.90,4.2187,true,1,230783
7290116532462,false,גלידת שמנת קליק בטעם,,,גלידת שמנת קליק בטעם,מיליליטרים,520.00,"100 מ""ל",false,,18.90,3.6346,true,1,246413
7290116532721,false,רוטב לסלט לימון וזעת,,,רוטב לסלט לימון וזעת,,295.00,100 גרם,false,,9.90,3.3559,true,1,280459
7290116532738,false,רוטב לסלט בזיליקום ו,,,רוטב לסלט בזיליקום ו,,295.00,100 גרם,false,,9.90,3.3559,true,1,280474
7290116532769,false,גרנולה פרוטאין בתוספ,,,גרנולה פרוטאין בתוספ,,300.00,100 גרם,false,,16.90,5.6333,true,1,243498
7290116532882,false,נשנושים איירביס חטיף,,,נשנושים איירביס חטיף,,155.00,100 גרם,false,,11.90,7.6774,true,1,291940
7290116532899,false,נשנושים איירביס חטיף,,,נשנושים איירביס חטיף,,155.00,100 גרם,false,,11.90,7.6774,true,1,291941
7290116532905,false,נשנושים איירביס חטיף,,,נשנושים איירביס חטיף,,155.00,100 גרם,false,,11.90,7.6774,true,1,291942
7290116533032,false,מארז זוג תחליב רחצה,,,מארז זוג תחליב רחצה,ליטרים,1.40,ליטר,false,,20.90,14.9286,true,1,246333
7290116533063,false,שוגי דגני בוקר בטעם,,,שוגי דגני בוקר בטעם,,400.00,100 גרם,false,,23.90,5.9750,true,1,243499
7290116930282,false,לאבנה 9% שומן עם קרק,,,לאבנה 9% שומן עם קרק,,150.00,100 גרם,false,,7.90,5.2667,true,1,251179
7290116930626,false,ציזיקי עם קרקרים תנו,,,ציזיקי עם קרקרים תנו,,150.00,100 גרם,false,,7.90,5.2667,true,1,251193
7290116931104,false,יופלה גו במרקם סמיך,,,יופלה גו במרקם סמיך,,200.00,100 גרם,false,,5.90,2.9500,true,1,260592
7290117260685,false,תן בו בטעם וניל בציפ,,,תן בו בטעם וניל בציפ,,230.00,100 גרם,false,,19.90,8.6522,true,1,193640
7290117261354,false,גבינת ריקוטה  5% שומ,,,גבינת ריקוטה  5% שומ,,200.00,100 גרם,false,,9.90,4.9500,true,1,250320
7290117261385,false,גבינת פטה לייט  8% ש,,,גבינת פטה לייט  8% ש,,500.00,100 גרם,false,,28.90,5.7800,true,1,250349
7290117261569,false,סלמון אטלנטי מעושן ב,,,סלמון אטלנטי מעושן ב,,120.00,100 גרם,false,,10.90,9.0833,true,1,277932
7290117261774,false,כדורי גבינת בייבי מו,,,כדורי גבינת בייבי מו,,150.00,100 גרם,false,,14.90,9.9333,true,1,283857
7290117761052,false,מנקה חלונות 1 ליטר ז,,,מנקה חלונות 1 ליטר ז,ליטרים,1.00,ליטר,false,,14.90,14.9000,true,1,213224
7290117860083,false,תחליב רחצה בניחוח אי,,,תחליב רחצה בניחוח אי,מיליליטרים,700.00,"100 מ""ל",false,,15.90,2.2714,true,1,290390
7290117860199,false,שמפו לשיער יבש הוואי,,,שמפו לשיער יבש הוואי,מיליליטרים,700.00,"100 מ""ל",false,,15.90,2.2714,true,1,287041
7290117860236,false,תחליב רחצה בניחוח וי,,,תחליב רחצה בניחוח וי,מיליליטרים,700.00,"100 מ""ל",false,,15.90,2.2714,true,1,290393
7290117860243,false,מרכך לשיער יבש הוואי,,,מרכך לשיער יבש הוואי,מיליליטרים,700.00,"100 מ""ל",false,,15.90,2.2714,true,1,287042
7290117860281,false,ג'ל רחצה לגבר בניחוח,,,ג'ל רחצה לגבר בניחוח,מיליליטרים,700.00,"100 מ""ל",false,,15.90,2.2714,true,1,290394
7290117860298,false,שמפו קרטין מחזק הווא,,,שמפו קרטין מחזק הווא,מיליליטרים,700.00,"100 מ""ל",false,,15.90,2.2714,true,1,291620
7290117860496,false,שמפו לגבר + מרכך 2ב-,,,שמפו לגבר + מרכך 2ב-,מיליליטרים,700.00,"100 מ""ל",false,,15.90,2.2714,true,1,287045
7290117860748,false,שמפו מעניק נפח הוואי,,,שמפו מעניק נפח הוואי,מיליליטרים,700.00,"100 מ""ל",false,,15.90,2.2714,true,1,291625
7290117860793,false,מרכך מעניק נפח הוואי,,,מרכך מעניק נפח הוואי,מיליליטרים,700.00,"100 מ""ל",false,,15.90,2.2714,true,1,291626
7290117860892,false,תחליב רחצה יוגורט בנ,,,תחליב רחצה יוגורט בנ,מיליליטרים,700.00,"100 מ""ל",false,,15.90,2.2714,true,1,290397
7290117860991,false,תחליב רחצה יוגורט בנ,,,תחליב רחצה יוגורט בנ,מיליליטרים,700.00,"100 מ""ל",false,,15.90,2.2714,true,1,290399
7290117900963,false,בוטנים קלויים 270 גר,,,בוטנים קלויים 270 גר,,270.00,100 גרם,false,,10.90,4.0370,true,1,244491
7290117900970,false,שקד קלוי 180 גרם,,,שקד קלוי 180 גרם,,180.00,100 גרם,false,,15.90,8.8333,true,1,244492
7290117900994,false,פקאן סיני מסוכר 140,,,פקאן סיני מסוכר 140,,140.00,100 גרם,false,,15.90,11.3571,true,1,244494
7290117901052,false,שקד קלוף 180 גרם,,,שקד קלוף 180 גרם,,180.00,100 גרם,false,,15.90,8.8333,true,1,244500
7291008084915,false,תמר מג'הול  500גר,,,תמר מג'הול  500גר,,500.00,100 גרם,false,,10.00,2.0000,true,1,215555
7296102210710,false,סט 4 קופסאות מרובע,,,סט 4 קופסאות מרובע,יחידה,0.00,יחידה,false,,19.90,0.0000,true,1,198742
7297488099760,false,דגש עוגיות בטעם חלבה,,,דגש עוגיות בטעם חלבה,,250.00,100 גרם,false,,25.90,10.3600,true,1,75321
7500162900000,false,"בירה סול 330 מ""ל בוד",,,"בירה סול 330 מ""ל בוד",מיליליטרים,330.00,"100 מ""ל",false,,6.90,2.0909,true,1,178960
7501013122190,false,ג'ומקס משקה תפוחים ק,,,ג'ומקס משקה תפוחים ק,ליטרים,1.00,ליטר,false,,10.90,10.9000,true,1,40357
7501049936945,false,מארז שישייה בירה סול,,,מארז שישייה בירה סול,ליטרים,1.98,ליטר,false,,40.90,20.6566,true,1,9760
7501064191398,false,קורונה מארז שישיה 6*,,,קורונה מארז שישיה 6*,ליטרים,2.13,ליטר,false,,39.90,18.7324,true,1,30189
7509546666846,false,קולגייט טוטאל משחת ש,,,קולגייט טוטאל משחת ש,מיליליטרים,75.00,"100 מ""ל",false,,21.90,29.2000,true,1,123057
7610008059073,false,טבלת רגוסה קלאסי חדש,,,טבלת רגוסה קלאסי חדש,,100.00,100 גרם,false,,16.90,16.9000,true,1,236135
7610100034084,false,מיונז טומי 265 גרם,,,מיונז טומי 265 גרם,,265.00,100 גרם,false,,15.90,6.0000,true,1,13152
7610243004463,false,דורגול מסיר אבן מרסס,,,דורגול מסיר אבן מרסס,יחידה,0.00,יחידה,false,,27.70,0.0000,true,1,11729
7610400014649,false,לינדט לינדור שוק.חלב,,,לינדט לינדור שוק.חלב,,100.00,100 גרם,false,,17.90,17.9000,true,1,14170
7613030979647,false,דגני בוקר טריקס 480,,,דגני בוקר טריקס 480,,480.00,100 גרם,false,,27.90,5.8125,true,1,19733
7613032045753,false,דגני פיטנס שוקולד נס,,,דגני פיטנס שוקולד נס,,375.00,100 גרם,false,,22.90,6.1067,true,1,19739
7613035379817,false,דנטלייף גזע קטן 7 6*,,,דנטלייף גזע קטן 7 6*,,690.00,100 גרם,false,,14.90,2.1594,true,1,174326
7613035622623,false,פיטנס גרנולה שקדים ו,,,פיטנס גרנולה שקדים ו,,300.00,100 גרם,false,,15.90,5.3000,true,1,19784
7613035635845,false,פיטנס גרנולה שוקולד,,,פיטנס גרנולה שוקולד,,300.00,100 גרם,false,,15.90,5.3000,true,1,19785
7613035807778,false,פרפקטו רוטב עגבניות,,,פרפקטו רוטב עגבניות,,400.00,100 גרם,false,,10.90,2.7250,true,1,19788
7613037686906,false,פיטנס שקדים ודבש נסט,,,פיטנס שקדים ודבש נסט,,355.00,100 גרם,false,,22.90,6.4507,true,1,19844
7613038451954,false,קראנץ שוקולד מופחת ס,,,קראנץ שוקולד מופחת ס,,410.00,100 גרם,false,,22.90,5.5854,true,1,19849
7613039547731,false,פאוץ' גרבר מחית תפוח,,,פאוץ' גרבר מחית תפוח,,90.00,100 גרם,false,,6.90,7.6667,true,1,72305
7613287182326,false,פאוץ בננה תפוח ויטמי,,,פאוץ בננה תפוח ויטמי,,110.00,100 גרם,false,,5.90,5.3636,true,1,149815
7613287325808,false,רוטב איולי שום לחיץ,,,רוטב איולי שום לחיץ,,295.00,100 גרם,false,,15.90,5.3898,true,1,173148
7613287325853,false,רוטב ספייסי איולי לח,,,רוטב ספייסי איולי לח,,295.00,100 גרם,false,,15.90,5.3898,true,1,173150
7613287394323,false,מולטי צ'יריוס 100% ד,,,מולטי צ'יריוס 100% ד,,600.00,100 גרם,false,,22.90,3.8167,true,1,129011
7613287476678,false,סינימיניס צ'ורוס 360,,,סינימיניס צ'ורוס 360,,360.00,100 גרם,false,,27.90,7.7500,true,1,138913
7622010001858,false,עוגיות אוראו  סנדביץ,,,עוגיות אוראו  סנדביץ,,176.00,100 גרם,false,,9.90,5.6250,true,1,5168
7622201139278,false,פילדלפיה גבינת שמנת,,,פילדלפיה גבינת שמנת,,150.00,100 גרם,false,,15.90,10.6000,true,1,17463
7622201502515,false,קוקי לופ מילקה 132 ג,,,קוקי לופ מילקה 132 ג,,110.00,100 גרם,false,,14.90,13.5455,true,1,173076
7622201521493,false,גבינת שמנת עם שום וע,,,גבינת שמנת עם שום וע,,150.00,100 גרם,false,,15.90,10.6000,true,1,253322
7622201798154,false,פילדלפיה גבינת שמנת,,,פילדלפיה גבינת שמנת,,150.00,100 גרם,false,,15.90,10.6000,true,1,165009
7622201802363,false,מילקה שוקולד חלב עם,,,מילקה שוקולד חלב עם,,100.00,100 גרם,false,,6.90,6.9000,true,1,143357
7622201802394,false,מילקה שוקולד חלב 100,,,מילקה שוקולד חלב 100,,100.00,100 גרם,false,,6.90,6.9000,true,1,143358
7622201808631,false,אוראו מיני כוסות בטע,,,אוראו מיני כוסות בטע,,67.00,100 גרם,false,,9.90,14.7761,true,1,148604
7622201813390,false,מילקה וואפל במילוי ק,,,מילקה וואפל במילוי ק,,150.00,100 גרם,false,,14.90,9.9333,true,1,130486
7622201819552,false,מילקה דארק  85 גרם,,,מילקה דארק  85 גרם,,85.00,100 גרם,false,,7.90,9.2941,true,1,169599
7622210137234,false,עוגיות סנדביץ אוראו,,,עוגיות סנדביץ אוראו,,170.00,100 גרם,false,,9.90,5.8235,true,1,5172
7622210453327,false,מילקה סנסיישן 156 גר,,,מילקה סנסיישן 156 גר,,156.00,100 גרם,false,,14.90,9.5513,true,1,5176
7622210637994,false,קראנצ'י בייטס אוראו,,,קראנצ'י בייטס אוראו,,110.00,100 גרם,false,,10.90,9.9091,true,1,173049
7622300270506,false,מילקה גריינס עוגיות,,,מילקה גריינס עוגיות,,168.00,100 גרם,false,,14.90,8.8690,true,1,5200
7622300489427,false,אוראו פאג שוקולד לבן,,,אוראו פאג שוקולד לבן,,246.00,100 גרם,false,,17.90,7.2764,true,1,5205
7622300503079,false,מילקה מוו - ביסקוויט,,,מילקה מוו - ביסקוויט,,200.00,100 גרם,false,,14.90,7.4500,true,1,5209
7622300617820,false,מילקה שוקולד אוראו 1,,,מילקה שוקולד אוראו 1,,100.00,100 גרם,false,,6.90,6.9000,true,1,5210
7630311507016,false,סטארבקס קפסולות סאני,,,סטארבקס קפסולות סאני,,57.00,100 גרם,false,,22.90,40.1754,true,1,243123
7630477891592,false,קפסולות האוס בלנד סט,,,קפסולות האוס בלנד סט,,57.00,100 גרם,false,,22.90,40.1754,true,1,77920
7630477891691,false,סטארבקס קפסולות קולו,,,סטארבקס קפסולות קולו,,57.00,100 גרם,false,,22.90,40.1754,true,1,66672
7638900248357,false,אנרג'ייזר סוללות 203,,,אנרג'ייזר סוללות 203,יחידה,0.00,יחידה,false,,19.90,0.0000,true,1,6166
7702024074625,false,פיטנס חטיפי קרקר חיט,,,פיטנס חטיפי קרקר חיט,,234.00,100 גרם,false,,12.90,5.5128,true,1,19853
7702174066631,false,יוגטה פינפופ לקקן 10,,,יוגטה פינפופ לקקן 10,,180.00,100 גרם,false,,11.90,6.6111,true,1,43026
7702174073783,false,לקקן פינפופ קולה 10,,,לקקן פינפופ קולה 10,,180.00,100 גרם,false,,11.90,6.6111,true,1,43032
7790040420076,false,אלפחורס עוגיות סנדבי,,,אלפחורס עוגיות סנדבי,,117.00,100 גרם,false,,8.90,7.6068,true,1,75817
7792860006218,false,בייבי דול לקקן 20גר,,,בייבי דול לקקן 20גר,,24.00,100 גרם,false,,2.90,12.0833,true,1,14187
7891024124826,false,מש.שיניים אופטיק ווי,,,מש.שיניים אופטיק ווי,מיליליטרים,75.00,"100 מ""ל",false,,21.90,29.2000,true,1,22233
8000070081000,false,לוואצ'ה קפסולות קפה,,,לוואצ'ה קפסולות קפה,,50.00,100 גרם,false,,17.90,35.8000,true,1,43034
8000215204219,false,משקה אורז אורגני 1 ל,,,משקה אורז אורגני 1 ל,ליטרים,1.00,ליטר,false,,13.90,13.9000,true,1,75153
8000215204653,false,משקה סויה 1 ליטר  -,,,משקה סויה 1 ליטר  -,ליטרים,1.00,ליטר,false,,11.90,11.9000,true,1,75157
8000215204677,false,משקה שיבולת שועל אור,,,משקה שיבולת שועל אור,ליטרים,1.00,ליטר,false,,13.90,13.9000,true,1,199994
8000380003723,false,גרנד פטיסרי ופל אגוז,,,גרנד פטיסרי ופל אגוז,,100.00,100 גרם,false,,12.90,12.9000,true,1,13157
8000380003761,false,גרנד פטיסרי ופל קוקו,,,גרנד פטיסרי ופל קוקו,,100.00,100 גרם,false,,12.90,12.9000,true,1,13159
8000380004676,false,לואקר וופל קרם וניל,,,לואקר וופל קרם וניל,,200.00,100 גרם,false,,13.90,6.9500,true,1,13163
8000380004911,false,וופל קואדרטיני אגוז,,,וופל קואדרטיני אגוז,,250.00,100 גרם,false,,14.90,5.9600,true,1,13165
8000380004966,false,וופל קואדרטיני קקאו,,,וופל קואדרטיני קקאו,,250.00,100 גרם,false,,14.90,5.9600,true,1,13168
8000380007219,false,וופל לואקר אגוז 175,,,וופל לואקר אגוז 175,,175.00,100 גרם,false,,12.90,7.3714,true,1,13174
8000380153534,false,טורטינה לבן 125 גרם,,,טורטינה לבן 125 גרם,,125.00,100 גרם,false,,17.90,14.3200,true,1,13193
8000380180721,false,וופל לואקר קלאסיק שו,,,וופל לואקר קלאסיק שו,,175.00,100 גרם,false,,12.90,7.3714,true,1,13206
8000380187249,false,עוגיות לואקר שקדים 1,,,עוגיות לואקר שקדים 1,,100.00,100 גרם,false,,15.90,15.9000,true,1,71486
8000500023624,false,הפי היפו 5*20ג,,,הפי היפו 5*20ג,,102.00,100 גרם,false,,13.90,13.6275,true,1,42411
8000500023976,false,בונבוניירת רפאלו 150,,,בונבוניירת רפאלו 150,,150.00,100 גרם,false,,16.90,11.2667,true,1,42412
8000500026731,false,קינדר ביצי שוקולד 3*,,,קינדר ביצי שוקולד 3*,,60.00,100 גרם,false,,16.00,26.6667,true,1,42413
8000500029350,false,קינדר בואנו 3*43 גרם,,,קינדר בואנו 3*43 גרם,,129.00,100 גרם,false,,10.50,8.1395,true,1,42414
8000500037874,false,בונבוניירת רושר 200ג,,,בונבוניירת רושר 200ג,,200.00,100 גרם,false,,27.90,13.9500,true,1,42417
8000500071083,false,קינדר אצבעות שוקולד,,,קינדר אצבעות שוקולד,,200.00,100 גרם,false,,12.90,6.4500,true,1,42419
8000500121436,false,קינדר בואנו לבן 3*43,,,קינדר בואנו לבן 3*43,,117.00,100 גרם,false,,10.50,8.9744,true,1,42423
8000500249352,false,קינדר בואנו מיני מיק,,,קינדר בואנו מיני מיק,יחידה,0.00,יחידה,false,,19.90,0.0000,true,1,42446
8000500256213,false,פרר-קינדר שוקולד מינ,,,פרר-קינדר שוקולד מינ,,120.00,100 גרם,false,,10.90,9.0833,true,1,42448
8000500267103,false,פררו-קינדר דליס עשיר,,,פררו-קינדר דליס עשיר,יחידה,0.00,יחידה,false,,21.90,0.0000,true,1,42452
8000500269169,false,קינדר קארדס 128 גרם,,,קינדר קארדס 128 גרם,,128.00,100 גרם,false,,12.90,10.0781,true,1,81811
8000500353738,false,טיק טק בטעם מנטה חזק,,,טיק טק בטעם מנטה חזק,,64.00,100 גרם,false,,10.90,17.0313,true,1,241809
8000570283607,false,מרטיני אסטי מבעבע 75,,,מרטיני אסטי מבעבע 75,מיליליטרים,750.00,"100 מ""ל",false,,79.90,10.6533,true,1,13737
8001003100164,false,יוגטה סוכריות ג'לי פ,,,יוגטה סוכריות ג'לי פ,,450.00,100 גרם,false,,11.90,2.6444,true,1,43047
8001090184412,false,פיירי נוזל כלים  לימ,,,פיירי נוזל כלים  לימ,מיליליטרים,900.00,"100 מ""ל",false,,14.90,1.6556,true,1,233710
8001090222725,false,שמפו שמן מורינגה הרב,,,שמפו שמן מורינגה הרב,מיליליטרים,400.00,"100 מ""ל",false,,14.90,3.7250,true,1,27939
8001090222756,false,מרכך שמן מורינגה הרב,,,מרכך שמן מורינגה הרב,מיליליטרים,400.00,"100 מ""ל",false,,14.90,3.7250,true,1,27940
8001090379368,false,חיתולי פמפרס פרימיום,,,חיתולי פמפרס פרימיום,יחידה,0.00,יחידה,false,,35.90,0.0000,true,1,27959
8001090832573,false,שמפו לחות מוגברת פנט,,,שמפו לחות מוגברת פנט,מיליליטרים,660.00,"100 מ""ל",false,,22.90,3.4697,true,1,28013
8001090832818,false,מרכך נוסחה קלאסית פנ,,,מרכך נוסחה קלאסית פנ,מיליליטרים,660.00,"100 מ""ל",false,,22.90,3.4697,true,1,28014
8001090832894,false,מרכך לחות מוגברת פנט,,,מרכך לחות מוגברת פנט,מיליליטרים,660.00,"100 מ""ל",false,,22.90,3.4697,true,1,28016
8001090833167,false,אריאל ג'ל כביסה ניחו,,,אריאל ג'ל כביסה ניחו,ליטרים,2.37,ליטר,false,,34.90,14.7257,true,1,28018
8001090833198,false,אריאל ג'ל כביסה ניחו,,,אריאל ג'ל כביסה ניחו,ליטרים,2.37,ליטר,false,,34.90,14.7257,true,1,28019
8001090899194,false,תחבושות פלטינום נורמ,,,תחבושות פלטינום נורמ,יחידה,0.00,יחידה,false,,23.90,0.0000,true,1,28030
8001090899286,false,תחבושות פלטינום לילה,,,תחבושות פלטינום לילה,יחידה,0.00,יחידה,false,,23.90,0.0000,true,1,28033
8001100059259,false,וואפל קוביות BALOCCO,,,וואפל קוביות BALOCCO,,250.00,100 גרם,false,,13.90,5.5600,true,1,104970
8001620011935,false,סאן בנדטו מוגז 6*500,,,סאן בנדטו מוגז 6*500,ליטרים,3.00,ליטר,false,,13.90,4.6333,true,1,9764
8001620015629,false,משקה פירות פרוטה בטע,,,משקה פירות פרוטה בטע,מיליליטרים,400.00,"100 מ""ל",false,,7.50,1.8750,true,1,178748
8001620018408,false,סן בנדטו מנגו תפוח פ,,,סן בנדטו מנגו תפוח פ,מיליליטרים,400.00,"100 מ""ל",false,,7.50,1.8750,true,1,193497
8001841053806,false,תחבושות עבה לילה אול,,,תחבושות עבה לילה אול,יחידה,0.00,יחידה,false,,13.90,0.0000,true,1,28049
8001841625188,false,פיירי נוזל כלים פלטי,,,פיירי נוזל כלים פלטי,מיליליטרים,515.00,"100 מ""ל",false,,10.90,2.1165,true,1,28063
8001841625362,false,פיירי נוזל כלים פלטי,,,פיירי נוזל כלים פלטי,מיליליטרים,780.00,"100 מ""ל",false,,14.90,1.9103,true,1,233711
8001841625508,false,פיירי נוזל כלים פלטי,,,פיירי נוזל כלים פלטי,ליטרים,1.01,ליטר,false,,18.90,18.7129,true,1,28066
8001841663692,false,פיירי נוזל כלים  לימ,,,פיירי נוזל כלים  לימ,מיליליטרים,900.00,"100 מ""ל",false,,12.90,1.4333,true,1,248260
8001841941929,false,אולוויז וליו פק לילה,,,אולוויז וליו פק לילה,יחידה,0.00,יחידה,false,,23.90,0.0000,true,1,210661
8002205319903,false,פורינה ONE חתול בוגר,,,פורינה ONE חתול בוגר,,800.00,100 גרם,false,,46.90,5.8625,true,1,19856
8002267015263,false,צ'וקטה מארז 3 יח' בי,,,צ'וקטה מארז 3 יח' בי,יח',60.00,יח',false,,12.90,0.2150,true,1,251042
8002267016475,false,צ'וקטה ביצת הפתעה בו,,,צ'וקטה ביצת הפתעה בו,יח',60.00,יח',false,,12.90,0.2150,true,1,43057
8002270436581,false,סאן פלגרינו מים מוגז,,,סאן פלגרינו מים מוגז,ליטרים,3.00,ליטר,false,,32.70,10.9000,true,1,9770
8003012013589,false,קפסולות טרדיזיון גרי,,,קפסולות טרדיזיון גרי,,55.00,100 גרם,false,,9.90,18.0000,true,1,187025
8003753900438,false,אילי אספרסו טחון בפח,,,אילי אספרסו טחון בפח,,250.00,100 גרם,false,,45.90,18.3600,true,1,22241
8004030344938,false,טונה בשמן זית ריו מר,,,טונה בשמן זית ריו מר,,240.00,100 גרם,false,,28.90,12.0417,true,1,22252
8004030845046,false,אינסלטיסימי אורז עם,,,אינסלטיסימי אורז עם,,160.00,100 גרם,false,,17.90,11.1875,true,1,22256
8004800000064,false,גלילי ופל במילוי קרם,,,גלילי ופל במילוי קרם,,100.00,100 גרם,false,,10.90,10.9000,true,1,278468
8005110002243,false,תרכיז MUTTI עגבניות,,,תרכיז MUTTI עגבניות,,185.00,100 גרם,false,,8.90,4.8108,true,1,64280
8005110170300,false,עגבניות MUTTI מרוסקו,,,עגבניות MUTTI מרוסקו,קילוגרמים,1.20,"ק""ג",false,,17.90,14.9167,true,1,52631
8005200256587,false,נסטי אפרסק 1.5 ליטר,,,נסטי אפרסק 1.5 ליטר,ליטרים,1.50,ליטר,false,,8.90,5.9333,true,1,172355
8005200316588,false,נסטי דיאט אפרסק 1.5,,,נסטי דיאט אפרסק 1.5,ליטרים,1.50,ליטר,false,,11.50,7.6667,true,1,172370
8006540112823,false,לנור מרכך מרוכז בניח,,,לנור מרכך מרוכז בניח,מיליליטרים,900.00,"100 מ""ל",false,,16.90,1.8778,true,1,123595
8008245004861,true,ממרח אגוזי לוז עם חל,,,ממרח אגוזי לוז עם חל,,300.00,100 גרם,false,,17.90,5.9667,true,1,90051
8008857310343,false,"פסטה רג'ייה 1 ק""ג",,,"פסטה רג'ייה 1 ק""ג",קילוגרמים,1.00,"ק""ג",false,,10.90,10.9000,true,1,239500
8008857601052,false,דפי לזניה לה פסטה 50,,,דפי לזניה לה פסטה 50,,500.00,100 גרם,false,,10.90,2.1800,true,1,25724
8008912010300,false,פסטה פרפלה מספר 30 -,,,פסטה פרפלה מספר 30 -,,500.00,100 גרם,false,,8.90,1.7800,true,1,242889
8023788030610,false,שוקולד חלב  300 גרם,,,שוקולד חלב  300 גרם,,300.00,100 גרם,false,,17.90,5.9667,true,1,259460
8023788030634,false,שוקולד חלב עם שברי א,,,שוקולד חלב עם שברי א,,300.00,100 גרם,false,,18.90,6.3000,true,1,259462
8023788030658,false,עוגיות מלוחות בטעם ט,,,עוגיות מלוחות בטעם ט,,400.00,100 גרם,false,,12.90,3.2250,true,1,286343
8023788030665,false,עוגיות מלוחות בטעם ב,,,עוגיות מלוחות בטעם ב,,400.00,100 גרם,false,,12.90,3.2250,true,1,286344
8023788030672,false,עוגיות מלוחות בתוספת,,,עוגיות מלוחות בתוספת,,400.00,100 גרם,false,,12.90,3.2250,true,1,286345
8023788030689,false,עוגיות מלוחות בטעם ע,,,עוגיות מלוחות בטעם ע,,400.00,100 גרם,false,,12.90,3.2250,true,1,286763
8032880800243,false,פיקניק הפתעה 50ג,,,פיקניק הפתעה 50ג,,50.00,100 גרם,false,,9.90,19.8000,true,1,13231
8076800105735,false,פנה ריגטה בקופסה ברי,,,פנה ריגטה בקופסה ברי,קילוגרמים,1.00,"ק""ג",false,,12.90,12.9000,true,1,258650
8076800105988,false,פוזלי בקופסה ברילה 1,,,פוזלי בקופסה ברילה 1,קילוגרמים,1.00,"ק""ג",false,,12.90,12.9000,true,1,258665
8076800195019,false,ספגטי קפליני מס' 1 ב,,,ספגטי קפליני מס' 1 ב,,500.00,100 גרם,false,,6.90,1.3800,true,1,22260
8076800195033,false,ספגטי מס' 3 ברילה 50,,,ספגטי מס' 3 ברילה 50,,500.00,100 גרם,false,,6.90,1.3800,true,1,22261
8076800195057,false,ספגטיני מס' 5 ברילה,,,ספגטיני מס' 5 ברילה,,500.00,100 גרם,false,,6.90,1.3800,true,1,22262
8076800195132,false,ספגטי בבטה מס' 13 בר,,,ספגטי בבטה מס' 13 בר,,500.00,100 גרם,false,,6.90,1.3800,true,1,22263
8076808060654,false,פסטה פרפלה 65 ברילה,,,פסטה פרפלה 65 ברילה,,500.00,100 גרם,false,,6.90,1.3800,true,1,22270
8076808150072,false,ספגטי מס' 7 ברילה 50,,,ספגטי מס' 7 ברילה 50,,500.00,100 גרם,false,,6.90,1.3800,true,1,22272
8076809501415,false,ברילה פסטה פנה טריקו,,,ברילה פסטה פנה טריקו,,500.00,100 גרם,false,,14.90,2.9800,true,1,22273
8076809513654,false,ברילה רוטב עגבניות ל,,,ברילה רוטב עגבניות ל,,400.00,100 גרם,false,,16.90,4.2250,true,1,22278
8076809514774,false,ברילה פפרדלה ביצים 2,,,ברילה פפרדלה ביצים 2,,250.00,100 גרם,false,,18.90,7.5600,true,1,22283
8410076610379,false,פרוטאין בוטנים ושבבי,,,פרוטאין בוטנים ושבבי,,160.00,100 גרם,false,,26.90,16.8125,true,1,13243
8410076621009,false,חטיף פייבר 1 בטעם קר,,,חטיף פייבר 1 בטעם קר,,120.00,100 גרם,false,,14.90,12.4167,true,1,80235
8410104045111,false,"פיניש מלח למדיח 2 ק""",,,"פיניש מלח למדיח 2 ק""",קילוגרמים,2.00,"ק""ג",false,,16.90,8.4500,true,1,21436
8410128783587,false,ויוה סוי שיבולת שועל,,,ויוה סוי שיבולת שועל,ליטרים,1.00,ליטר,false,,11.90,11.9000,true,1,252536
8410128785734,false,ויוה סוי סויה בריסטה,,,ויוה סוי סויה בריסטה,ליטרים,1.00,ליטר,false,,11.90,11.9000,true,1,279618
8410376047509,false,טוסטדה ללא תוספת סוכ,,,טוסטדה ללא תוספת סוכ,,400.00,100 גרם,false,,15.60,3.9000,true,1,240216
8420822130600,false,ספריי סופר מסיר שומנ,,,ספריי סופר מסיר שומנ,מיליליטרים,750.00,"100 מ""ל",false,,18.90,2.5200,true,1,190808
8423207209748,false,סלים דליס חטיף דגנים,,,סלים דליס חטיף דגנים,,120.00,100 גרם,false,,11.90,9.9167,true,1,22323
8424842050016,false,חטיף צ'יפס בטעם כמהי,,,חטיף צ'יפס בטעם כמהי,,130.00,100 גרם,false,,13.90,10.6923,true,1,200704
8424842201340,false,חטיף צ'יפס רביו 130,,,חטיף צ'יפס רביו 130,,130.00,100 גרם,false,,13.90,10.6923,true,1,200707
8437000906209,false,8 טורטיות חיטה תומר,,,8 טורטיות חיטה תומר,,325.00,100 גרם,false,,8.90,2.7385,true,1,25743
8683130008355,false,מיונז עם שום הלמנס 4,,,מיונז עם שום הלמנס 4,,400.00,100 גרם,false,,15.90,3.9750,true,1,281846
8683323063024,false,יוגטה חיספוסים שטיחי,,,יוגטה חיספוסים שטיחי,,220.00,100 גרם,false,,6.90,3.1364,true,1,43075
8690531032377,false,פלפל שיפקונית במי מל,,,פלפל שיפקונית במי מל,,340.00,100 גרם,false,,10.00,2.9412,true,1,16434
8690637555084,false,בדין אקסטרה לבן 960,,,בדין אקסטרה לבן 960,מיליליטרים,960.00,"100 מ""ל",false,,15.90,1.6563,true,1,11220
8690637704277,false,שמפו יום יומי 2ב1 דא,,,שמפו יום יומי 2ב1 דא,מיליליטרים,600.00,"100 מ""ל",false,,19.90,3.3167,true,1,11243
8690637704376,false,שמפו יום יומי דאב 60,,,שמפו יום יומי דאב 60,מיליליטרים,600.00,"100 מ""ל",false,,19.90,3.3167,true,1,11245
8690637842382,false,מגנום דאבל פרי יער A,,,מגנום דאבל פרי יער A,יחידה,0.00,יחידה,false,,10.50,0.0000,true,1,4497
8690637842399,false,מיני מגנום דאבל  פרי,,,מיני מגנום דאבל  פרי,,329.00,100 גרם,false,,33.90,10.3040,true,1,4498
8690637858734,false,סיף ג'ל אקונומיקה לי,,,סיף ג'ל אקונומיקה לי,מיליליטרים,750.00,"100 מ""ל",false,,12.90,1.7200,true,1,11261
8690637858758,false,סיף ג'ל אקונומיקה או,,,סיף ג'ל אקונומיקה או,מיליליטרים,750.00,"100 מ""ל",false,,12.90,1.7200,true,1,11263
8690637989629,false,שלגון דאבל דולצ'ה גו,,,שלגון דאבל דולצ'ה גו,,63.00,100 גרם,false,,10.50,16.6667,true,1,101377
8690637994029,false,בדין אקסטרא מכך כביס,,,בדין אקסטרא מכך כביס,ליטרים,1.44,ליטר,false,,21.90,15.2083,true,1,94049
8690637994036,false,בדין אקסטרא מרכך כבי,,,בדין אקסטרא מרכך כבי,ליטרים,1.44,ליטר,false,,21.90,15.2083,true,1,94050
8690777204071,false,פלפל חריף סרה 640 גר,,,פלפל חריף סרה 640 גר,,640.00,100 גרם,false,,13.90,2.1719,true,1,3345
8690777221405,false,פלפל אדום קלוי על הא,,,פלפל אדום קלוי על הא,,650.00,100 גרם,false,,13.90,2.1385,true,1,3348
8690946270074,false,פסטה ספגטי 500 גרם B,,,פסטה ספגטי 500 גרם B,,500.00,100 גרם,false,,3.90,0.7800,true,1,287677
8690946270111,false,פסטה פוזלי 500 גרם B,,,פסטה פוזלי 500 גרם B,,500.00,100 גרם,false,,3.90,0.7800,true,1,287678
8690946270241,false,פסטה קונכיות גדולות,,,פסטה קונכיות גדולות,,500.00,100 גרם,false,,3.90,0.7800,true,1,287679
8690946272207,false,פסטה פנה 500 גרם BAH,,,פסטה פנה 500 גרם BAH,,500.00,100 גרם,false,,3.90,0.7800,true,1,287680
8690946272320,false,פסטה מקרוני 500 גרם,,,פסטה מקרוני 500 גרם,,500.00,100 גרם,false,,3.90,0.7800,true,1,287681
8691900174049,false,תחבושות קוטקס long 1,,,תחבושות קוטקס long 1,100 יח',18.00,100 יח',false,,17.90,99.4444,true,1,248333
8691900174056,false,תחבושות קוטקס לילה,,,תחבושות קוטקס לילה,100 יח',16.00,100 יח',false,,17.90,111.8750,true,1,248334
8697530910743,false,*מבצע* פאל מאל בלו,,,*מבצע* פאל מאל בלו,יחידה,0.00,יחידה,false,,27.50,0.0000,false,1,4242
8697826469092,false,טורטיה  540 גרם tort,,,טורטיה  540 גרם tort,,540.00,100 גרם,false,,10.00,1.8519,true,1,5008
8710502064814,false,מרבה עוגיות שוקוציפס,,,מרבה עוגיות שוקוציפס,,175.00,100 גרם,false,,7.90,4.5143,true,1,22352
8710502139017,false,מרבה עוגיות טריפל שו,,,מרבה עוגיות טריפל שו,,180.00,100 גרם,false,,7.90,4.3889,true,1,22354
8710502279010,false,מרבה עוגיות שוקולד צ,,,מרבה עוגיות שוקולד צ,,175.00,100 גרם,false,,7.90,4.5143,true,1,96066
8710732228918,false,מצת CRICKET.,,,מצת CRICKET.,יחידה,0.00,יחידה,false,,5.00,0.0000,false,1,65785
8710800961310,false,מנטוס 1/4 תות,,,מנטוס 1/4 תות,,150.00,100 גרם,false,,11.30,7.5333,true,1,13262
8711327475618,false,גלידת שמנת בטעם וניל,,,גלידת שמנת בטעם וניל,מיליליטרים,304.00,"100 מ""ל",false,,22.90,7.5329,true,1,118863
8712400802512,false,נוטרילון שלב 2- 800,,,נוטרילון שלב 2- 800,,800.00,100 גרם,false,,69.90,8.7375,true,1,5257
8712561646024,false,תחליב רחצה קרם פיסטו,,,תחליב רחצה קרם פיסטו,מיליליטרים,750.00,"100 מ""ל",false,,21.90,2.9200,true,1,205968
8714599513835,false,קפה ג`יקובס נטול קופ,,,קפה ג`יקובס נטול קופ,,200.00,100 גרם,false,,40.90,20.4500,true,1,5245
8714599513866,false,קפה ג'יקובס קרונונג,,,קפה ג'יקובס קרונונג,,200.00,100 גרם,false,,29.90,14.9500,true,1,5246
8714789402970,false,אג'קס חגיגת הפרחים י,,,אג'קס חגיגת הפרחים י,ליטרים,1.50,ליטר,false,,21.90,14.6000,true,1,22379
8714789930848,false,משחת שיניים אופטיק ו,,,משחת שיניים אופטיק ו,מיליליטרים,75.00,"100 מ""ל",false,,21.90,29.2000,true,1,22405
8715700419732,false,היינץ קטשופ 700 גרם,,,היינץ קטשופ 700 גרם,,700.00,100 גרם,false,,14.90,2.1286,true,1,5460
8715700423906,false,מתבל עגבניות היינץ 2,,,מתבל עגבניות היינץ 2,,555.00,100 גרם,false,,11.90,2.1441,true,1,5468
8717163647226,false,ספריי גוף בלאק אקס 1,,,ספריי גוף בלאק אקס 1,מיליליטרים,150.00,"100 מ""ל",false,,15.90,10.6000,true,1,11405
8717163647240,false,ספריי גוף שוקולד אקס,,,ספריי גוף שוקולד אקס,מיליליטרים,150.00,"100 מ""ל",false,,15.90,10.6000,true,1,11407
8717163714850,false,דאו' ספריי אוריגינל,,,דאו' ספריי אוריגינל,מיליליטרים,150.00,"100 מ""ל",false,,14.90,9.9333,true,1,179470
8718951030169,false,משחת קולגייט סנסטיב,,,משחת קולגייט סנסטיב,מיליליטרים,75.00,"100 מ""ל",false,,19.90,26.5333,true,1,22414
8718951030206,false,משחת קולגייט סנסטיב,,,משחת קולגייט סנסטיב,מיליליטרים,75.00,"100 מ""ל",false,,19.90,26.5333,true,1,22415
8718951044913,false,משחת שיניים הלבנה מר,,,משחת שיניים הלבנה מר,מיליליטרים,75.00,"100 מ""ל",false,,22.90,30.5333,true,1,22417
8718951166561,false,קולגייט משחת שיניים,,,קולגייט משחת שיניים,מיליליטרים,125.00,"100 מ""ל",false,,19.90,15.9200,true,1,22437
8718951170445,false,קולגייט סמיילס משחת,,,קולגייט סמיילס משחת,מיליליטרים,50.00,"100 מ""ל",false,,12.90,25.8000,true,1,22439
8718951175600,false,קולגייט משחת שיניים,,,קולגייט משחת שיניים,מיליליטרים,75.00,"100 מ""ל",false,,14.90,19.8667,true,1,74775
8718951236790,false,משחת שיניים קלין מינ,,,משחת שיניים קלין מינ,מיליליטרים,100.00,"100 מ""ל",false,,18.90,18.9000,true,1,22450
8718951264618,false,קולגייט אופטיק וייט,,,קולגייט אופטיק וייט,מיליליטרים,75.00,"100 מ""ל",false,,31.90,42.5333,true,1,22455
8718951338395,false,אגקס טריגר פיור הום,,,אגקס טריגר פיור הום,מיליליטרים,500.00,"100 מ""ל",false,,15.90,3.1800,true,1,68266
8718951412378,false,משחת שיניים מרידול נ,,,משחת שיניים מרידול נ,מיליליטרים,75.00,"100 מ""ל",false,,25.90,34.5333,true,1,248440
8719128117249,false,סירופ פפסי מקס סודה,,,סירופ פפסי מקס סודה,מיליליטרים,440.00,"100 מ""ל",false,,22.90,5.2045,true,1,116859
8719200998001,false,בלו בנד ללא מלח 200,,,בלו בנד ללא מלח 200,,200.00,100 גרם,false,,4.90,2.4500,true,1,5470
8719200998018,false,מחמאה מרגרינה בטעם ח,,,מחמאה מרגרינה בטעם ח,,200.00,100 גרם,false,,5.50,2.7500,true,1,5471
8719200998032,false,מזולה בטעם חמאה 250,,,מזולה בטעם חמאה 250,,250.00,100 גרם,false,,10.90,4.3600,true,1,5473
8720181201332,false,סבון מוצק גרגירים דא,,,סבון מוצק גרגירים דא,,400.00,100 גרם,false,,17.90,4.4750,true,1,248244
8723400756552,false,RAINBOW רביעית סוכרי,,,RAINBOW רביעית סוכרי,,150.00,100 גרם,false,,11.30,7.5333,true,1,13265
8801055707966,false,נס קפה טייסטרס צ'ויס,,,נס קפה טייסטרס צ'ויס,,180.00,100 גרם,false,,32.90,18.2778,true,1,19867
8801055708772,false,נס קפה טייסטרס צ'ויס,,,נס קפה טייסטרס צ'ויס,,250.00,100 גרם,false,,32.90,13.1600,true,1,19869
8801055709458,false,נסקפה קפוצ'ינו קרמל,,,נסקפה קפוצ'ינו קרמל,,170.00,100 גרם,false,,20.50,12.0588,true,1,244250
8801055709489,false,נסקפה קפוצ'ינו אגוזי,,,נסקפה קפוצ'ינו אגוזי,,185.00,100 גרם,false,,20.50,11.0811,true,1,212195
8809168840471,false,חטיף אצות מיובשות 9,,,חטיף אצות מיובשות 9,,4.50,100 גרם,false,,24.90,553.3333,true,1,223327
8850180040028,false,קמח טמפורה להכנת בלי,,,קמח טמפורה להכנת בלי,,500.00,100 גרם,false,,10.90,2.1800,true,1,48370
8850389105825,false,סאפה משקה אלוורה ענב,,,סאפה משקה אלוורה ענב,ליטרים,1.00,ליטר,false,,13.90,13.9000,true,1,40383
8850389105832,false,סאפה משקה אלוורה תפו,,,סאפה משקה אלוורה תפו,ליטרים,1.00,ליטר,false,,13.90,13.9000,true,1,40384
8850389105849,false,סאפה משקה אלוורה אפר,,,סאפה משקה אלוורה אפר,ליטרים,1.00,ליטר,false,,13.90,13.9000,true,1,40385
8850389115336,false,סאפה משקה מלון 1ל,,,סאפה משקה מלון 1ל,ליטרים,1.00,ליטר,false,,13.90,13.9000,true,1,40391
8850632604372,false,יוגטה ממתק תות שדה ב,,,יוגטה ממתק תות שדה ב,,50.00,100 גרם,false,,4.90,9.8000,true,1,43125
8858271004300,false,רוטב טריאקי MAXCHUP,,,רוטב טריאקי MAXCHUP,מיליליטרים,700.00,"100 מ""ל",false,,11.90,1.7000,true,1,48397
8901537024014,false,וילי פוד אורז בסמטי,,,וילי פוד אורז בסמטי,,1000.00,100 גרם,false,,14.90,1.4900,true,1,3364
9000101418163,false,ברף בניחוח מתחלף תפו,,,ברף בניחוח מתחלף תפו,,150.00,100 גרם,false,,21.90,14.6000,true,1,239130
9000101512526,false,פרסיל פאוור קאפס לכב,,,פרסיל פאוור קאפס לכב,יח',26.00,יח',false,,36.90,1.4192,true,1,239046
9002859073298,false,גונץ כדורגל שוקולד ב,,,גונץ כדורגל שוקולד ב,,100.00,100 גרם,false,,9.90,9.9000,true,1,255147
9002859105753,false,ארנבי שוקולד חלב ברש,,,ארנבי שוקולד חלב ברש,,100.00,100 גרם,false,,9.90,9.9000,true,1,255164
9002975393836,false,סוכריות גומי בטעם קו,,,סוכריות גומי בטעם קו,,70.00,100 גרם,false,,7.90,11.2857,true,1,115460
9002975393843,false,סוכריות גומי בטעמי פ,,,סוכריות גומי בטעמי פ,,70.00,100 גרם,false,,7.90,11.2857,true,1,115461
9002975393850,false,סוכריות גומי בטעמי פ,,,סוכריות גומי בטעמי פ,,70.00,100 גרם,false,,7.90,11.2857,true,1,115462
9005835312626,false,קלרו טבליות למדיח כל,,,קלרו טבליות למדיח כל,יחידה,0.00,יחידה,false,,49.90,0.0000,true,1,11747
9044400851672,false,פז דמויות מתחלפות 25,,,פז דמויות מתחלפות 25,,25.50,100 גרם,false,,11.90,46.6667,true,1,244761
9120025834723,false,חטיף אוראו מצונן 120,,,חטיף אוראו מצונן 120,,120.00,100 גרם,false,,14.90,12.4167,true,1,261505
9120025839896,false,חטיף מילקה מצונן 128,,,חטיף מילקה מצונן 128,,128.00,100 גרם,false,,14.90,11.6406,true,1,262045
9310072028750,false,טים טם קרם דאבל 200,,,טים טם קרם דאבל 200,,200.00,100 גרם,false,,20.90,10.4500,true,1,14219
9771565051066,false,ידיעות אחרונות יום ו,,,ידיעות אחרונות יום ו,יחידה,0.00,יחידה,false,,12.00,0.0000,true,1,10304
