code,internal_code,name,manufacturer_name,manufacture_country,manufacturer_item_description,unit_qty,quantity,unit_of_measure,weighted,qty_in_package,price,unit_of_measure_price,allow_discount,status,item_id
13906687,false,טירת צבי צמד כפרית ב,,,טירת צבי צמד כפרית ב,גרמים,600.00,100 גרם,false,,29.90,0.0498,true,1,181599
40111216,false,באונטי חטיף קוקוס ושוקולד 57ג',"נארז ע""י : א.ג. גילר",,באונטי חטיף 57 גרם,גרמים,57.00,100 גרם,false,,3.90,0.0684,true,1,37414
40345123,false,סמרטיז גליל סוכריות כפתורים 38 ג',נסטלה Nestle,,סמרטיז גליל סוכריות,יחידה,0.00,יחידה,false,,4.50,0.0000,true,1,52197
42134978,false,סרגל מרציפן סנטה ארסמי כאסטן 100 גר,Erasmi & Carstens Gm,,סרגל מרציפן סנטה 100,גרמים,100.00,100 גרם,false,,12.90,0.1290,true,1,194121
42135012,false,סרגל איש קרח נוגט 100 ג CARSTEN,Erasmi & Carstens Gm,,סרגל איש קרח נוגט 10,גרמים,100.00,100 גרם,false,,12.90,0.1290,true,1,194122
42299363,false,"ניוואה - דאודורנט רול און לגבר פרש פאוור 50 מ""ל",ביירסדורף,,ניוואה דאודורנט רול,מיליליטרים,50.00,"100 מ""ל",false,,13.90,0.2780,true,1,139365
50158935,false,דטול נוזל חיטוי אנטי,רקיט בנקיזר,,דטול נוזל חיטוי אנטי,מיליליטרים,750.00,"100 מ""ל",false,,24.90,0.0332,true,1,45484
50398904,false,"קרם חמצן 6% אינדולה 60 מ""ל",גדעון קוסמטיקס,,"אינדולה חמצן 6% 60מ""",יחידה,0.00,יחידה,false,,5.90,0.0000,true,1,156005
50398911,false,"קרם חמצן 9% בקבוק 60 מ""ל",שוורצקופ,,"אינדולה חמצן 9% 60מ""",יחידה,0.00,יחידה,false,,5.90,0.0000,true,1,156006
54051140,false,מעדן סויה טעם וניל אלפרו רביעיה * 125 ג',הנסיך- מפעל לייצור ט,,אלפרו מעדן סויה בטעם,גרמים,500.00,100 גרם,false,,17.00,0.0340,true,1,140947
54051157,false,מעדן סויה טעם שוקו אלפרו רביעיה 125 ג',קריות זול,,אלפרו מעדן סויה 500,גרמים,500.00,100 גרם,false,,17.20,0.0344,true,1,53836
59079798,false,"רקסונה - דאודורנט רול און לאישה אנטי פרספירנט שאוור 50 מ""ל","יוניליוור אנגליה, דרך קו",,רקסונה דאודורנט רול,יחידה,0.00,יחידה,false,,14.90,0.0000,true,1,148468
72940754,false,"מילקי מעדן וניל עם קצפת שטראוס 133 מ""ל","שטראוס גרופ בע""\מ",,"מילקי וניל 137 מ""ל",מיליליטרים,137.00,"100 מ""ל",false,,2.90,0.0212,true,1,42816
72940761,false,"מילקי מעדן שוקולד עם קצפת שטראוס 133 מ""ל",מיוצר עי קונדיטוריית,,מילקי שוקולד מהדרין,מיליליטרים,170.00,"100 מ""ל",false,,2.90,0.0171,true,1,44249
72940952,false,מעדן מילקי בטעם שוקולד עם אקסטרה קצפת,"שטראוס גרופ בע""\מ",,מילקי פי 2 קצפת מהדר,מיליליטרים,110.00,"100 מ""ל",false,,3.70,0.0336,true,1,42046
72945308,false,קוביית שמרים טריים לאפיה שמרית 50 גרם,"פאקא תעשיות בע""\מ",,שמרית קוביות שמרים ל,יחידה,0.00,יחידה,false,,3.50,0.0000,true,1,42873
72961506,false,יוגורט עם תות 1.5% שומן 125 ג' פרילי,מיוצר עי קונדיטוריית,,פרילי תות גביע 125 ג,מיליליטרים,125.00,"100 מ""ל",false,,3.50,0.0280,true,1,44251
72961520,false,"פרילי יוגורט עם אננס 1.5% תנובה 125 מ""ל",מיוצר עי קונדיטוריית,,פרילי אננס גביע 125,מיליליטרים,125.00,"100 מ""ל",false,,3.50,0.0280,true,1,41787
72961544,false,"באדי יוגורט בטעם תות שדה 3% תנובה 125 מ""ל",מחלבת אלון תבור,,באדי יוגרט תות גביע,גרמים,125.00,100 גרם,false,,3.10,0.0248,true,1,42874
72963746,false,"שמנת 15% שומן 200 מ""ל תנובה",תנובה חלב,,שמנת 15% 200מל,מיליליטרים,200.00,"100 מ""ל",false,,2.40,0.0120,true,1,43315
72964422,false,יוגורט פרחים 4.5% שומן 200 גרם,מחלבת תנובה,,יוגורט פרחים גביע 20,מיליליטרים,200.00,"100 מ""ל",false,,2.60,0.0130,true,1,42907
72986233,false,באדי מעדן וניל גביע 1.5%שומן 125 גרם בדצ,מחלבת אלון תבור,,באדי מעדן וניל גביע,מיליליטרים,125.00,"100 מ""ל",false,,3.10,0.0248,true,1,43316
72986240,false,באדי מעדן חלב בטעם שוקולד תנובה 125 גרם,מחלבת אלון תבור,,באדי מעדן שוקו גביע,מיליליטרים,125.00,"100 מ""ל",false,,3.10,0.0248,true,1,44256
72986370,false,"גלידת בן & ג'ריס פיינטים וניל 500מ""ל",מוצרי איכות אמריקאיים,,גלידת פיינטים וניל צ,יחידה,420.00,יחידה,false,,23.90,0.0569,true,1,30547
72986424,false,"גלידת בן & ג'ריס פיינטים קרם עוגיות 500מ""ל",מוצרי איכות אמריקאיים בע,,גלידת פיינטים קרם עו,יחידה,420.00,יחידה,false,,23.90,0.0569,true,1,30539
72986448,false,"גלידת בן & ג'ריס פיינטים טופי קראנץ 500מ""ל",מוצרי איכות אמריקאיים בע,,גלידה BEN JERGS,יחידה,420.00,יחידה,false,,23.90,0.0569,true,1,63456
72986455,false,"גלידה בן& ג'ריס ניו יורק סופר פאדג' צ'אנק 500 מ""ל",מוצרי איכות אמריקאיים בע,,גלידת פיינטים ניו-יו,יחידה,420.00,יחידה,false,,23.90,0.0569,true,1,63213
72986479,false,"גלידה שוקולד אגוז עם בננות בן וג'ירי 500 מ""ל",מוצרי איכות אמריקאיים בע,,גלידת פיינטים צאנקי,יחידה,420.00,יחידה,false,,23.90,0.0569,true,1,63993
72989425,false,"גלידת בן & ג'ריס פיינטים שוקולד בראוניז 500מ""ל",מוצרי איכות אמריקאיים בע,,גלידת פיינטים שוקולד,יחידה,500.00,יחידה,false,,23.90,0.0478,true,1,63994
72991886,false,"גלידת דולצ'ה בטעם ריבת חלב עם פאדג' בן וג'ירי 500 מ""ל",מוצרי איכות אמריקאיים בע,,גלידת בן&גריס פיינט,יחידה,750.00,יחידה,false,,23.90,0.0319,true,1,63995
72993637,false,מעדן חלב בטעם שוקולד 125 ג' דני,"שטראוס גרופ בע""\מ",,דני מהדרין שוקו בודד,מיליליטרים,125.00,"100 מ""ל",false,,2.50,0.0200,true,1,42821
72994061,false,חטיף פסק זמן GOOD גלילית לבן 40 גרם,שולן צ'\יקולטה גידה סאן.,,פסק זמן טו גוד 36 גר,יחידה,0.00,יחידה,false,,5.00,0.0000,true,1,127221
80001027,false,לואקר טורטינה שוקולד חלב,"כד בני דרום בע""מ",,טורטינה שוקולד חלב 2,יחידה,0.00,יחידה,false,,4.00,0.0000,true,1,42882
80001287,false,וופל חטיף לואקר אגוז 38 גר',ליימן מותגים,,גרדנה אגוז 38 גרם,יחידה,0.00,יחידה,false,,4.00,0.0000,true,1,41704
80001461,false,חטיף גרדנה שוקולד 38 גרם,"א. לואקר קונפקט בע""מ",,גרדנה שוקולד 38 גרם,יחידה,0.00,יחידה,false,,4.00,0.0000,true,1,41896
80001485,false,חטיף גרדנה קוקוס 38 גרם,קריניציה ויטמינה אס,,גרדנה קוקוס 38 גרם,יחידה,0.00,יחידה,false,,4.00,0.0000,true,1,42937
80001911,false,וופל גרדנה במילוי קרם אגוזי לוז ובציפוי שוקולד לבן,ליימן מותגים,,גרדנה שוקולד לבן במי,יחידה,0.00,יחידה,false,,4.00,0.0000,true,1,116487
80052760,false,קינדר בואנו Kinder Bueno עם חלב ואגוזי לוז,פררו - אלבה,,בואנו חטיף,יחידה,0.00,יחידה,false,,4.20,0.0000,true,1,56743
80136194,false,חטיפי הפי היפו Happy Hippo במילוי קרם חלבי ואגוזי לוז,קינדר Kinder,,קינדר הפי היפו אגוזי,יחידה,0.00,יחידה,false,,13.00,0.0000,true,1,129220
80176800,false,נוטלה ממרח שוקולד 750 גרם,פררו תעשיות איטליה ס,,ממרח שוקולד נוטלה 75,גרמים,750.00,100 גרם,false,,24.90,0.0332,true,1,43364
80177173,false,ממרח שוקולד נוטלה 350 גרם,פררו - אלבה,,ממרח שוקולד נוטלה 35,גרמים,350.00,100 גרם,false,,13.90,0.0397,true,1,41986
80177609,false,אצבעות שוקולד קינדר Kinder ארבע יחידות,פררו - אלבה,,קינדר אצבעות שוק.חלב,יחידה,0.00,יחידה,false,,4.40,0.0000,true,1,166751
80177616,false,אצבעות שוקולד קינדר Kinder שמונה יחידות,פררו - אלבה,,קינדר 100 גרם,גרמים,100.00,100 גרם,false,,7.90,0.0790,true,1,41723
80310167,false,קינדר מקסי מאגדת שישיה,קינדר,,קינדר מקסי שישייה 12,גרמים,126.00,100 גרם,false,,9.90,0.0786,true,1,140975
80761761,false,קינדר בואנו לבן בודד 39 גרם,ליימן שליסל,,קינדר בואנו לבן 39 ג,יחידה,0.00,יחידה,false,,4.20,0.0000,true,1,56781
80773429,false,מנטוס בקבוק מעוגל - מסטיק ללא סוכר בטעם תות 60 גרם,"פרפטי ואן מלה ג'\ידה,סאן",,מנטוס פיור פרש בקבוק,יחידה,0.00,יחידה,false,,9.90,0.0000,true,1,131096
80773443,false,מנטוס בקבוק מעוגל - מסטיק ללא סוכר בטעם מנטה 60 גרם,"פרפטי ואן מלה ג'\ידה,סאן",,מנטוס מדיום בבקבוק מ,יחידה,0.00,יחידה,false,,9.90,0.0000,true,1,123929
80776307,false,מסטיק מנטוס ביג בבקבוק מעוגל טעם פירות מנטה 90 ג',פרפטי ואן מלה הולנד,,מנטוס ביג בקבוק מעוג,יחידה,0.00,יחידה,false,,16.90,0.0000,true,1,123923
80780595,false,מסטיק מנטוס ביג בבקבוק מעוגל טעם מנטה-עדינה 90 ג',פרפטי ואן מלה הולנד,,מנטוס ביג בקבוק מעוג,יחידה,0.00,יחידה,false,,16.90,0.0000,true,1,123924
80790990,false,מסטיק מנטוס בבקבוק מעוגל בטעם פירות -מנטה 60 ג',"פרפטי ואן מלה ג'\ידה,סאן",,מנטוס מדיום בבקבוק מ,יחידה,0.00,יחידה,false,,9.90,0.0000,true,1,123930
80794233,false,מסטיק מנטוס ביג בבקבוק מעוגל טעם מנטה 90 ג',פרפטי ואן מלה הולנד,,מנטוס ביג בקבוק מעוג,יחידה,0.00,יחידה,false,,16.90,0.0000,true,1,123925
80831402,false,סוכריות מנטוס מנטה עדינה 30 יח' ללא סוכר CLEAN BREATH,פרפטי ואן מלה,,סוכרית מנטוס מנטה עד,יחידה,0.00,יחידה,false,,6.90,0.0000,true,1,153895
80843184,false,מנטוס מסטיק פיור פרש בטעם ענבים 60גר,פרפטי ואן מלה הולנד,,מנטוס מדיום בבקבוק מ,יחידה,0.00,יחידה,false,,9.90,0.0000,true,1,175686
80854753,false,סוכריות מנטוס מנטה 30 יח' ללא סוכר CLEAN BREATH,פרפטי ואן מלה,,סוכרית מנטוס מנטה לל,יחידה,0.00,יחידה,false,,6.90,0.0000,true,1,153896
80862260,false,מסטיק מנטוס פיור וויט מנטה מתוקה 150 גר,"פרפטי ואן מלה ג'ידה,סאן",,מנטוס פיור וויט טעם,גרמים,150.00,100 גרם,false,,16.90,0.1127,true,1,187972
80864295,false,סוכריות פיור וויט טעם מנטה עדינה 60 ג' מנטוס,"פרפטי ואן מלה ג'ידה,סאן",,מנטוס בטעם מנטה עדינ,יחידה,0.00,יחידה,false,,9.90,0.0000,true,1,178804
80896081,false,מנטוס בקבוק מעוגל - מסטיק ללא סוכר בטעם אבטיח 60 גרם,"פרפטי ואן מלה ג'\ידה,סאן",,מנטוס פיור פרש בקבוק,יחידה,0.00,יחידה,false,,9.90,0.0000,true,1,131097
80913467,false,מנטוס בקבוק מעוגל - מסטיק ללא סוכר בטעם מנטה,פרפטי ואן מלה הולנד,,מנטוס מדיום בבקבוק מ,יחידה,0.00,יחידה,false,,9.90,0.0000,true,1,123931
80926481,false,מסטיק מנטוס פיור פרש בבקבוק בינוני בטעם אבטיח 90ג',"פרפטי ואן מלה ג'ידה,סאן",,מנטוס פיור פרש בקבוק,יחידה,0.00,יחידה,false,,16.90,0.0000,true,1,137829
80945468,false,סוכריות פיור וויט טעם מנטה מתוקה 60 ג' מנטוס,"פרפטי ואן מלה ג'ידה,סאן",,מנטוס בבקבוק בטעם מנ,יחידה,0.00,יחידה,false,,9.90,0.0000,true,1,178803
80974215,false,מסטיק מנטוס פיור פרש בבקבוק ביג בטעם תות 90ג',"פרפטי ואן מלה ג'ידה,סאן",,מנטוס פיור פרש בקבוק,יחידה,0.00,יחידה,false,,16.90,0.0000,true,1,137826
80979128,false,מנטוס מסטיק בקבוק מעוגל בטעם דובדבן,פרפטי ואן מלה הולנד,,מנטוס מדיום בבקבוק מ,יחידה,0.00,יחידה,false,,9.90,0.0000,true,1,175685
80986348,false,סוכריות פיור וויט טעם מנטה 60 ג' מנטוס,"פרפטי ואן מלה ג'ידה,סאן",,מנטוס בבקבוק בטעם מנ,יחידה,0.00,יחידה,false,,9.90,0.0000,true,1,178806
87108538,false,סוכריות בטעם תות מנטוס 37.5 גרם,הדקלאים אגודת שיתופי,,מנטוס תות בגליל 37.5,יחידה,0.00,יחידה,false,,3.50,0.0000,true,1,42427
87108651,false,סוכריות בטעם מנטה מנטוס 4*37.5 גרם,הדקלאים אגודת שיתופי,,מנטוס מנטה 150 גרם,גרמים,150.00,100 גרם,false,,11.00,0.0733,true,1,43002
87108712,false,סוכריות בטעם פירות מנטוס 4*37.5 גרם,פרפטי ואן מלה ברדה,,מנטוס 1/4 פירות 150,גרמים,150.00,100 גרם,false,,11.00,0.0733,true,1,42428
87311396,false,מנטוס ריינבאוו סוכריות לעיסה בטעמי פירות,פרפטי ואן מלה ברדה,,מנטוס ריינבואו גליל,יחידה,0.00,יחידה,false,,3.50,0.0000,true,1,57357
90034107,false,"בירה שטיגל גולדברו 500 מ""ל",מבשלת שטיגל,,"בירה ""שטיגל"" גולדברו",מיליליטרים,500.00,"100 מ""ל",false,,10.90,0.0218,true,1,116794
90087011,false,מיץ תפוחים 100% קרטונית ראוך,Rauch fruchtsafte gm,,מיץ תפוחים 1 ליטר,ליטרים,1.00,ליטר,false,,13.90,13.9000,true,1,121666
90087271,false,נקטר אוכמניות 1 ליטר קרטונית ראוך,Rauch fruchtsafte gm,,נקטר אוכמניות 1 ליטר,ליטרים,1.00,ליטר,false,,13.90,13.9000,true,1,121667
90087547,false,מיץ עגבניות 1 ליטר ראוך קרטונית,Rauch fruchtsafte gm,,ראוך מיץ עגבניות 1 ל,ליטרים,1.00,ליטר,false,,11.90,11.9000,true,1,138630
90087974,false,חומץ טבעי מתפוחים 750 מל,ראוך פרוכטסאפה,,"חומץ תפוחים 5% 750 """,מיליליטרים,750.00,"100 מ""ל",false,,13.10,0.0175,true,1,43289
90162602,false,רד בול משקה אנרגיה פקדון 30 אג,רד בול ג'י.אם.בי. אץ,,רד בול משקה אנרגיה 2,מיליליטרים,250.00,"100 מ""ל",false,,6.90,0.0276,true,1,107603
96033531,false,"דאו דאב רול און רימונים ולואיזה 50 מ""ל",יוניליוור פארם,,דאב רולאון רימונים 5,יחידה,0.00,יחידה,false,,17.90,0.0000,true,1,190062
96137130,false,"דאודורנט דאב רול און אגס ואלוורה 150 מ""ל",יוניליוור פיליפינים,,דאב דאודרנט רול און,מיליליטרים,50.00,"100 מ""ל",false,,17.90,0.3580,true,1,190061
6102521076,false,צלחת מנה עיקרית 24.5,,,צלחת מנה עיקרית 24.5,יחידה,0.00,יחידה,false,,7.90,0.0000,true,1,163966
8112100298,false,"שמן שומשום טהור מזרח ומערב 185 מ""ל",Flavor full foods in,,מזרח ומערב יבוא שמן,מיליליטרים,185.00,"100 מ""ל",false,,14.90,0.0805,true,1,81624
8395274056,false,מארז פיקניק מושלם ל,,,מארז פיקניק מושלם ל,יחידה,0.00,יחידה,false,,69.90,0.0000,true,1,188817
8421363063,false,בובת TY עיניים גדולות(S)אשר החתול עם קרן,שמחה זה אנחנו,,בובת TY עיניים גדולו,יחידה,0.00,יחידה,false,,24.90,0.0000,true,1,161265
8421367825,false,בובת TY- עיניים גדול,,,בובת TY- עיניים גדול,יחידה,0.00,יחידה,false,,69.90,0.0000,true,1,161272
8421425044,false,בובת TY עיניים גדולו,,,בובת TY עיניים גדולו,יחידה,0.00,יחידה,false,,19.90,0.0000,true,1,161275
8421425082,false,בובת TY עיניים גדולו,,,בובת TY עיניים גדולו,יחידה,0.00,יחידה,false,,19.90,0.0000,true,1,161277
8421425129,false,בובת TY עיניים גדולו,,,בובת TY עיניים גדולו,יחידה,0.00,יחידה,false,,19.90,0.0000,true,1,161278
8421425136,false,בובת TY עיניים גדולו,,,בובת TY עיניים גדולו,יחידה,0.00,יחידה,false,,19.90,0.0000,true,1,161279
9702537630,false,צלחת מנה עיקרית,KUTAHYA,,צלחת מנה עיקרית,יחידה,0.00,יחידה,false,,7.90,0.0000,true,1,193875
9800800056,false,חטיף שוקולד עם מקלות לחם אנד גו,פררו - אלבה,,נוטלה טו גו,יחידה,0.00,יחידה,false,,5.90,0.0000,true,1,109259
11182700923,false,קינג קול שעועית אדומה בהירה 439 גרם,הנובר פודס,,קינג קול שעועית אדומ,גרמים,439.00,100 גרם,false,,9.90,0.0226,true,1,147011
11210000094,false,"רוטב ""טבסקו"" על בסיס פלפל אדום 60 מ""ל",מקאילהייני אייבורי,,טבסקו,יחידה,0.00,יחידה,false,,11.00,0.0000,true,1,28349
11210000216,false,"בלאדי מרי מיקס טבסקו 946 מ""ל",מקאילהייני Mc.Ilhenn,,בלאדי מרי מיקס 946 מ,מיליליטרים,946.00,"100 מ""ל",false,,29.90,0.0316,true,1,139281
11210002500,false,"רוטב טבסקו באפאלו 150 מ""ל","ניצן מותגי מזון בע""מ",,טבסקו רוטב כנפי באפא,מיליליטרים,150.00,"100 מ""ל",false,,22.90,0.1527,true,1,63554
11210007253,false,"רוטב ""טבסקו"" על בסיס פלפל אדום ושום 60 מ""ל",מקאילהייני אייבורי,,רוטב טבסקו שום,יחידה,0.00,יחידה,false,,11.00,0.0000,true,1,28385
11210009387,false,"רוטב ""טבסקו"" על בסיס פלפל ירוק חריף 60 מ""ל",מקאילהייני אייבורי,,רוטב ירוק 60 מל,יחידה,0.00,יחידה,false,,11.00,0.0000,true,1,28372
11210607040,false,"רוטב ""טבסקו"" על בסיס פלפל צ'יפוטלי [בטעם מעושן] 60 מ""ל",מקאילהייני Mc.Ilhenn,,טבסקו פלפל צפוטלי חר,יחידה,0.00,יחידה,false,,11.00,0.0000,true,1,28382
11210618503,false,"רוטב טבסקו על בסיס פלפל סקורפיון 60מ""ל",מק. אילהיני קו,,"טבסקו סקורפיון 60 מ""",יחידה,0.00,יחידה,false,,15.90,0.0000,true,1,153638
11210698055,false,רוטב טבסקו סרירציה 566 גרם,מק. אילהיני קו,,טבסקו סרירצ'ה 566 גר,גרמים,566.00,100 גרם,false,,28.90,0.0511,true,1,139238
16000185517,false,דגני בוקר פייבר וואן עתירי סובין FIBRE1,בטר אנד דיפרנט,,פייבר וואן 555 גרם,גרמים,555.00,100 גרם,false,,25.00,0.0450,true,1,189198
16000281684,false,חטיפי גרנולה קראנצ'י עם פקאן נייצ'ר ואלי 5*42 גרם,ליימן מותגים,,קראנצי חטיף גרנולה פ,גרמים,210.00,100 גרם,false,,20.00,0.0952,true,1,37144
16000423534,false,חטיפי גרנולה קראנצ'י עם שיבולת שועל ושוקולד מריר נייצ'ר ואלי 5*42 גרם,ג'נרל מילס סאן אדריאן,,קראנצי ש.שועל שוקולד,גרמים,210.00,100 גרם,false,,20.00,0.0952,true,1,36700
16000548404,false,חטיפי גרנולה קראנצ'י עם שיבולת שועל ודבש נייצ'ר ואלי 5*42 גרם,ג'נרל מילס סאן אדריאן,,קראנצי חטיף גרנולה ש,גרמים,210.00,100 גרם,false,,20.00,0.0952,true,1,37145
16000548503,false,חטיפי גרנולה קראנצ'י עם מייפל וסוכר חום נייצ'ר ואלי 5*42 גרם,ג'נרל מילס סאן אדריאן,,קראנצי חטיף גרנולה ו,גרמים,210.00,100 גרם,false,,20.00,0.0952,true,1,36890
16000548602,false,חטיפי גרנולה קראנצ'י קינמון נייצ'ר ואלי 5*24 גרם,ג'נרל מילס סאן אדריאן,,קראנצי חטיף גרנולה ק,גרמים,210.00,100 גרם,false,,20.00,0.0952,true,1,36666
16000548909,false,חטיפי גרנולה קראנצ'י במגוון טעמים נייצ'ר ואלי 5*42 גרם,ג'נרל מילס סאן אדריאן,,קראנצי חטיף גרנולה מ,גרמים,210.00,100 גרם,false,,20.00,0.0952,true,1,36989
17252500004,false,בוסקו סירופ שוקולד 624 גרם,בוסקו פרודקטס,,בוסקו סירופ שוקולד 6,גרמים,432.00,100 גרם,false,,19.90,0.0461,true,1,167847
18000701223,false,"פילסברי, עוגה בטעם שוקולד, תערובת להכנת עוגה בטעם שוקולד. 500 גרם",הדקלאים אגודת שיתופי,,תערובת עוגת שוקולד 5,גרמים,550.00,100 גרם,false,,16.90,0.0307,true,1,36635
18000703517,false,"פילסברי, עוגה בטעם שוקולד וניל, תערובת להכנת עוגה בטעם וניל. 550 גרם.",הדקלאים אגודת שיתופי,,תערובת עוגת שיש 550,גרמים,550.00,100 גרם,false,,16.90,0.0307,true,1,36990
18000766413,false,"פילסברי, עוגה בטעם שוקולד, תערובת להכנת עוגה בטעם שוקולד. 550 גרם.",הדקלאים אגודת שיתופי,,תערובת עוגת בראוניס,גרמים,550.00,100 גרם,false,,16.90,0.0307,true,1,36800
21723758887,false,רוטב דגים טיפארוס 700 מל,Tang sang hah co. lt,,מזרח ומערב יבוא טיפא,מיליליטרים,700.00,"100 מ""ל",false,,14.00,0.0200,true,1,89780
22200956932,false,דאודורנט ספיד סטיק גל 24/7 כחול 85 גר,הנסיך- מפעל לייצור ט,,ספיד סטיק 24/7 גל כח,גרמים,51.00,100 גרם,false,,24.90,0.4882,true,1,44608
27379005658,false,עוגת שמרים מיני פנטו,BISCOTTIFICIO PRIMAV,,סוויט איטליה פנתוני,גרמים,100.00,100 גרם,false,,12.90,0.1290,true,1,44739
30000315989,false,קוואקר פרוטאין חמוציות ושקדים 372 גרם,קוואקר אוטס קומפני,,קוואקר פרוטאין חמוצי,גרמים,372.00,100 גרם,false,,24.90,0.0669,true,1,144888
31290140107,false,גודייבה אצבעות שוקולד 72% 90 גרם,"אולקר מקבוצת פלאדיס, ציק",,ויסוצקי שוקולד 72% G,יחידה,0.00,יחידה,false,,15.90,0.0000,true,1,155347
31290140176,false,שוקולוד מריר בתוספת שקדים שוקולד גודייבה פינגרס,"אולקר מקבוצת פלאדיס, ציק",,ויסוצקי שוקולד מריר,יחידה,0.00,יחידה,false,,15.90,0.0000,true,1,155348
31290140237,false,שוקולד חלב שוקולד גודייבה פינגרס,"אולקר מקבוצת פלאדיס, ציק",,ויסוצקי שוקולד חלב G,יחידה,0.00,יחידה,false,,15.90,0.0000,true,1,155350
33617000026,false,קרקר ואזה 203-275 גרם מקמח מלא 260,כלורוקס אוקלנד,,וואזה מקמח מלא 260 ג,גרמים,260.00,100 גרם,false,,13.00,0.0500,true,1,72979
33617322616,false,פת פריכה מקמח שיפון ואזה 270 גרם,כלורוקס אוקלנד,,ואזה קלה מקמח שיפון,גרמים,270.00,100 גרם,false,,13.90,0.0515,true,1,68753
33617340610,false,קרקר ואזה 203-275 גרם מקמח שיפון 275,כלורוקס אוקלנד,,ואזה פת פריכה מקמח ש,גרמים,275.00,100 גרם,false,,13.90,0.0505,true,1,68755
34000148301,false,הרשי נטיפי שוקולד מריר לאפייה 340 גר,ליימן מותגים,,הרשי נטיפי שוקולד מר,גרמים,340.00,100 גרם,false,,19.90,0.0585,true,1,124567
34000196173,false,הרשי טבלה XL בטעם שוקולד לבן עם שברי עוגיות 113 גרם,ליימן מותגים,,הרשיז קוקיס אנד קרים,גרמים,113.00,100 גרם,false,,8.90,0.0788,true,1,106384
34000442652,false,ריזס טבלה בטעם שוקולד ממולאת קרם בוטנים 120 גרם,ליימן מותגים,,הרשי ריזיס אקסטרא לא,גרמים,120.00,100 גרם,false,,8.90,0.0742,true,1,106385
34000470563,false,ריסז מיניס באריזה משפחתית 215 גרם,ליימן מותגים,,ריסז מיניס באריזה מש,גרמים,215.00,100 גרם,false,,19.90,0.0926,true,1,144288
34000544028,false,סוכריות ארוכות בטעם תות טוויזלרס Twizzlers,ליימן מותגים,,טוויזלרס - ממתק בטעם,גרמים,198.00,100 גרם,false,,8.90,0.0449,true,1,77371
34000544431,false,ממתקי הרשיז טוויזלרס טעם דובדבן 172 גרם,ליימן מותגים,,טוויזלרס דובדבן 172,גרמים,172.00,100 גרם,false,,8.90,0.0517,true,1,157913
35000458476,false,קולגייט מברשת שיניים ילדים מארז רביעייה,קולגייט פלמוליב,,קולגייט מברשת ילדים,יחידה,0.00,יחידה,false,,29.90,0.0000,true,1,145168
35000689535,false,מברשת שיניים קולגייט מקס וייט סופט זוג,קולגייט-פלמוליב,,קולגייט מברשת מקס וי,יחידה,2.00,יחידה,false,,24.90,12.4500,true,1,45294
36000516876,false,ממחטות נייר קלינקס לושן 3 שכבות 75 דף,חוגלה קימברלי,,קלינקס לושן שלש שכבו,יחידה,75.00,יחידה,false,,10.90,0.1453,true,1,148154
37600207188,false,חמאת בוטנים קלאסי סקיפי 462 גרם,חברת המזון אלגוד,,סקיפי חמאת בוטנים קל,גרמים,462.00,100 גרם,false,,19.90,0.0431,true,1,78704
37600207256,false,חמאת בוטנים סקיפי עם שברי בוטנים 462 גרם,חברת המזון אלגוד,,סקיפי חמאת בוטנים עם,גרמים,462.00,100 גרם,false,,19.90,0.0431,true,1,78705
37977005455,false,מאם מחזיק מוצץ כחול,General,,MAM מחזיק מוצץ BOY,יחידה,0.00,יחידה,false,,29.90,0.0000,true,1,85923
38000138638,false,חטיף צ'יפס פרינגלס פיצה 158 גרם,פרינגלס מנופקצ'ורינג קונ,,פרינגלס פיצה 158 גרם,גרמים,158.00,100 גרם,false,,8.90,0.0563,true,1,120398
38000138720,false,חטיף צ'יפס פרינגלס ראנץ 158 גרם,פרינגלס מנופקצ'ורינג קונ,,פרינגלס ראנץ 158 גרם,גרמים,158.00,100 גרם,false,,8.90,0.0563,true,1,135090
38000183690,false,חטיף צ'יפס פרינגלס מידי ברביקיו 71 גרם,פרינגלס מנופקצ'ורינג,,חטיף פרינגלס ברביקיו,יחידה,0.00,יחידה,false,,4.90,0.0000,true,1,132511
38000232152,false,פרינגלס חטיפי תפוח אדמה בטעם ברביקיו 158 גרם,פרינגלס מנופקצ'ורינג קומ,,פרינגלס ברביקיו 158,גרמים,158.00,100 גרם,false,,8.90,0.0563,true,1,151258
38000232169,false,פרינגלס מידי אורגינל 67 גרם.,פרינגלס מנופקצ'ורינג קונ,,פרינגלס חטיף אורגינל,יחידה,0.00,יחידה,false,,4.90,0.0000,true,1,151259
38000232176,false,פרינגלס ביג שמנת בצל 158 גרם,פרינגלס מנופקצ'ורינג קונ,,פרינגלס שמנת בצל 158,גרמים,158.00,100 גרם,false,,8.90,0.0563,true,1,151260
38000232183,false,פרינגלס ביג אורגינל 149 גרם,פרינגלס מנופקצ'ורינג קונ,,פרינגלס אורגינל גלקס,גרמים,149.00,100 גרם,false,,8.90,0.0597,true,1,151261
38000845253,false,חטיף צ'יפס פרינגלס מידי שמנת בצל 71 גרם,פרינגלס מנופקצ'ורינג קונ,,חטיף פרינגלס שמנת בצ,יחידה,0.00,יחידה,false,,4.90,0.0000,true,1,113388
38527591053,false,קואקר דגנים מרובעים שיבולת שועל וקינמון,קוואקר אוטס קומפני,,קוואקר מרובעים קינמו,גרמים,412.00,100 גרם,false,,19.90,0.0483,true,1,52176
38527591060,false,דגני קוואקר מרובעים Quaker Squares עם סוכר חום,קוואקר אוטס קומפני,,קוואקר מרובעים דגני,גרמים,412.00,100 גרם,false,,19.90,0.0483,true,1,44973
38900779238,false,מיץ אננס דול רביעיות 4*250 מל,דול פיליפינים אינק,,דול מיץ אננס 4*250 מ,מיליליטרים,250.00,"100 מ""ל",false,,19.90,0.0796,true,1,53627
38900779245,false,מיץ אננס דולי ללא סו,,,דול משקה אננס פחית 2,מיליליטרים,250.00,"100 מ""ל",false,,6.00,0.0240,true,1,53628
39000008006,false,אורטגה טאקו מקסיקני 12 יחידות 164 גרם,בי אנד ג'י,,אורטגה טאקו מקסיקני,יחידה,12.00,יחידה,false,,22.90,1.9083,true,1,147016
39000008051,false,טורטיה אורטגה ארוחת טאקו קיט,בי אנד ג'י,,אורטגה טאקו דינר קיט,גרמים,283.00,100 גרם,false,,29.90,0.1057,true,1,147017
39000008907,false,אורטגו רוטב טאקו מיילד 226 גרם,בי אנד ג'י,,אורטגה רוטב לטאקו מי,יחידה,0.00,יחידה,false,,17.90,0.0000,true,1,167968
39047001152,false,ווקרס עוגיות חמאה פינגרס 150 גרם,,,ווקרס עוגיות חמאה פי,גרמים,150.00,100 גרם,false,,21.90,0.1460,true,1,118296
39047005013,false,ווקרס עוגיות חמאה דגיסטיף 150 גרם,,,ווקרס עוגיות חמאה דג,גרמים,150.00,100 גרם,false,,21.90,0.1460,true,1,118246
39047010208,false,"ווקרס עוגיות חמאה עגולות לל""ג 140 גרם",,,ווקרס עוגיות חמאה עג,גרמים,140.00,100 גרם,false,,28.90,0.2064,true,1,168580
39047010215,false,"ווקרס עוגיות חמאה ש.ציפס לל""ג 140 גרם",,,ווקרס עוגיות חמאה שו,גרמים,140.00,100 גרם,false,,28.90,0.2064,true,1,168581
39047010222,false,"ווקרס ביסקוויט גינגר לימון לל""ג 140 גרם",,,ווקרס ביסקוויט עם ג',גרמים,140.00,100 גרם,false,,28.90,0.2064,true,1,168582
39047050716,false,ווקרס ביסקוויט עם שו,,,ווקרס ביסקוויט עם שו,גרמים,150.00,100 גרם,false,,21.90,0.1460,true,1,168598
39047050747,false,ווקרס עוגיות טופי פקאן 150 גרם,,,ווקרס טופי פקאן 150,גרמים,150.00,100 גרם,false,,21.90,0.1460,true,1,168599
40000512943,false,סוכריות אם אנד אמס M&M שוקולד חלב,M&M אם אנד אם,,מ&מ שוקולד 300 גרם,גרמים,300.00,100 גרם,false,,20.90,0.0697,true,1,133538
40000513568,false,סוכריות אם אנד אמס M&M שוקולד חלב,M&M אם אנד אם,,אמ אנד אמז שוקו 156,גרמים,156.00,100 גרם,false,,11.90,0.0763,true,1,125196
40000513629,false,M&M's חמאת בוטנים אריזה גדולה 152 גרם,מארס,,אמ אנד אמז חמאת בוטנ,גרמים,142.00,100 גרם,false,,11.90,0.0838,true,1,125198
40000514480,false,M&M אריזה קטנה's שוקולד אריזה קטנה 48 גרם,M&M אם אנד אם,,אם אנד אמז שוקולד 48,יחידה,0.00,יחידה,false,,5.00,0.0000,true,1,120052
40000514510,false,M&M אריזה קטנה's בוטנים אריזה קטנה 49 גרם,M&M אם אנד אם,,אמ אנ אמ בוטנים 49 ג,יחידה,0.00,יחידה,false,,5.00,0.0000,true,1,116607
41143028681,false,צימוקים בקופסא סאן מייד 400 גר',,,צימוקים בקופסא 400 ג,גרמים,400.00,100 גרם,false,,24.90,0.0622,true,1,162514
42400108153,false,דגני בוקר צבעוניים בטעם פירות טוטי פרוטיס,פוסט ארצות הברית,,חטיף דגני ממתוקים בט,גרמים,354.00,100 גרם,false,,21.90,0.0619,true,1,162503
46214372250,false,"עוגיות שטרודל פריכות תפו""ע וצימוקים",קריות זול,,עוגיות שטרודל פריכות,גרמים,225.00,100 גרם,false,,9.90,0.0440,true,1,45265
46214731552,false,עוגיות שוקולד צ'יפס 37% גודיס 225 גרם,קריניציה ויטמינה אס,,עוגיות שוקולד ציפס מ,גרמים,225.00,100 גרם,false,,9.90,0.0440,true,1,45266
50000015474,false,"מזון חתולים פריסקיז מעדני הים 1.43 ק""ג",פריסקיז,,"פריסקיז דגים 1.42 ק""",קילוגרמים,1.42,"ק""ג",false,,39.90,28.0986,true,1,170747
50000084500,false,מזון יבש לחתול בטעם נתחי ברביקיו פריסקיז Friskies,נסטלה פורינה USA מק,,פריסקיז מעדני השף 1.,קילוגרמים,1.43,"ק""ג",false,,39.90,27.9021,true,1,37806
50000100347,false,"פריסקיז - מעדני החתול מועשר בחלב 1.40 ק""ג",נסטלה פורינה USA מק,,פריסקיז מעדני החתול,קילוגרמים,1.40,"ק""ג",false,,39.90,28.5000,true,1,53753
50000168583,false,"מזון חתולים פריסקיז אקסטרא קראנץ 1.43 ק""ג","פורינה ארה""\ב",,פריסקיז אקסטרא קראנץ,קילוגרמים,1.43,"ק""ג",false,,39.90,27.9021,true,1,170751
50000225224,false,מזול חתולים פריסקיז פילה הודו ברוטב 156 גרם,נסטלה פורינה USA קר,,פריסקיז פריים פילה ה,גרמים,156.00,100 גרם,false,,6.90,0.0442,true,1,113024
50000237951,false,פריסקיז פארטי מיקס מיקס גריל קראנץ10*60גרם,נסטלה פורינה פטקר ארצות,,פריסקיז פארטי מיקס ג,יחידה,0.00,יחידה,false,,11.90,0.0000,true,1,189339
50000445691,false,מזול חתולים פריסקיז עוף וסלמון ברוטב 156 גרם,נסטלה פורינה USA קר,,פריסקיז נתחי עוף וסל,גרמים,156.00,100 גרם,false,,6.90,0.0442,true,1,83708
50000571987,false,פירסקיז נתחי עוף ברוטב 156 ג',נסטלה פורינה USA קר,,פריסקיז נתחי עוף ברו,גרמים,156.00,100 גרם,false,,6.90,0.0442,true,1,57675
50000574414,false,"""פריסקיז פארטי מיקס פיקניק קראנץ 60 גרם",נסטלה פורינה פטקר ארצות,,פריסקיז פארטי מיקס פ,יחידה,0.00,יחידה,false,,11.90,0.0000,true,1,189341
50000574438,false,"""פריסקיז פארטי מיקס מעדני ים קראנץ 60 גרם",נסטלה פורינה פטקר ארצות,,פריסקיז פארטי מיקס מ,יחידה,0.00,יחידה,false,,11.90,0.0000,true,1,189342
50000578238,false,"""פריסקיז פארטי מיקס קרייזי צ'יז 60 גרם",נסטלה פורינה פטקר ארצות,,פריסקיז פארטי מיקס ק,יחידה,0.00,יחידה,false,,11.90,0.0000,true,1,189343
52100070865,false,"תמצית וניל טהור מקורמיק 29 מ""ל",מקורמיק האנט ואלי,,תמצית וניל טהור 29 ג,יחידה,0.00,יחידה,false,,30.90,0.0000,true,1,138673
52100070995,false,תמצית בטעם וניל מקורמיק 59 גרם,מקורמיק,,תמצית טעם וניל 28.3,יחידה,0.00,יחידה,false,,10.90,0.0000,true,1,138668
54881008167,false,תה אינגליש ברקפסט 100 שקיות AHMAD TEA,תה אחמד Ahmad tea,,תה אינגליש ברק 100 ש,גרמים,200.00,100 גרם,false,,16.90,0.0845,true,1,43589
54881008174,false,תה אחמד ארל גריי 100 שקיקים,תה אחמד Ahmad tea,,תה ארל גריי 100 שק,יחידה,100.00,יחידה,false,,16.90,0.1690,true,1,38670
54881008181,false,תה אחמד אינגליש 100 שקיקים,תה אחמד Ahmad tea,,תה אינגליש 100 שק,יחידה,100.00,יחידה,false,,16.90,0.1690,true,1,38427
55369901673,false,אפלסנקס רביעיות רסק תפוחי עץ אפרסק ללא תוספת סוכר,ליייהי אורצ'רדס,,אפלסנקס אפרסק ללא סו,יחידה,0.00,יחידה,false,,14.90,0.0000,true,1,147020
55369902557,false,אפלסנקס רביעיות רסק תפוחי עץ ממותק בסגנון ביתי עברית,ליהי אורצ'דאניק,,אפלסנקס הום סטייל רב,יחידה,0.00,יחידה,false,,14.90,0.0000,true,1,147022
55369903295,false,אפלסנקס צנצנת  רסק תפוחי עץ ללא תוספת סוכר 652 גרם עברית,לייהי אורצ'רדס,,אפלסנקס ללא סוכר צנצ,גרמים,625.00,100 גרם,false,,14.90,0.0238,true,1,147025
56594009998,false,ניוואה סבון מוצק מטפח קרם קר רביעייה,ביירסדורף,,ניוואה סבון מוצק 4*1,יחידה,0.00,יחידה,false,,15.90,0.0000,true,1,188959
64144090013,false,פאם תרסיס על בסיס שמן קנולה בטעם חמאה,קונאגרה פודס,,שמן חמאה ספריי 141 ג,גרמים,141.00,100 גרם,false,,20.00,0.1418,true,1,53227
64144090020,false,"ספריי שמן PAM בטעם שמן זית 141 מ""ל",קונאגרה פודס,,תרסיס שמן פאם שמן זי,גרמים,141.00,100 גרם,false,,20.00,0.1418,true,1,53932
64144090051,false,"ספריי שמן PAM קנולה אורגינל 148 מ""ל",קונאגרה פודס,,תרסיס שמן פאם קנולה,מיליליטרים,148.00,"100 מ""ל",false,,20.00,0.1351,true,1,99672
70080000016,false,חרדל אמריקאי פלוכמן Plochman's,"פלוקמן בע""מ",,חרדל אמרקאי 297 גרם,גרמים,297.00,100 גרם,false,,11.00,0.0370,true,1,117840
70177077563,false,תה ארל גריי 25 שקיות טוינינגס 50 גר,אר. טווינינגס אנד קומפני,,ארל גריי 50 גרם,יחידה,0.00,יחידה,false,,18.90,0.0000,true,1,135228
70177078744,false,תה אינגליש ברקפסט נטול קפאין 25 שקיקי,טווינינגס Twinings,,תה אינגלש ברקפסט,יחידה,0.00,יחידה,false,,21.90,0.0000,true,1,139625
70177086664,false,תה ירוק טהור 25 שק TWININGS,אר. טווינינגס אנד קומפני,,טוינינגס תה ירוק 50,יחידה,0.00,יחידה,false,,19.90,0.0000,true,1,135218
70177173166,false,תה יסמין ירוק 25 שקיקים TWININGS,אר. טווינינגס אנד קומפני,,גרין ג'סמין 45 גרם,יחידה,0.00,יחידה,false,,19.90,0.0000,true,1,135223
70177177683,false,חליטה קמומיל האני 30 גרם טווינינג,אר. טווינינגס אנד קומפני,,חליטת קמומיל האני 30,יחידה,0.00,יחידה,false,,16.90,0.0000,true,1,135241
70177177737,false,חליטה פיור קמומיל 20 גרם טווינינג,אר. טווינינגס אנד קומפני,,חליטת פיור קמומיל 20,יחידה,0.00,יחידה,false,,16.90,0.0000,true,1,135244
70177177744,false,חליטה פיור פפרמינט 40 גרם טווינינג,טוינינג,,חליטת פיור פפרמינט 4,יחידה,0.00,יחידה,false,,16.90,0.0000,true,1,135245
70221011116,false,טובלרון - שוקולד חלב 100 גרם,טובלרון Toblerone,,טובלרון חלב 100 גרם,גרמים,100.00,100 גרם,false,,12.00,0.1200,true,1,46750
72600007130,false,הר חטיף תפוח אדמה חלפניו חריף 170 גרם,הר פודס,,הר חטיף תפוח אדמה חל,גרמים,170.00,100 גרם,false,,19.90,0.1171,true,1,147031
72600062290,false,הר חטיף גבינה חלפניו חריף 198 גרם,הר פודס,,הר חטיף גבינה בטעם ג,גרמים,198.00,100 גרם,false,,21.90,0.1106,true,1,147028
72600062306,false,חטיף הר פודס בטעם גבינה 198 גרם,הר פודס,,הר חטיף גבינה 198 גר,גרמים,198.00,100 גרם,false,,21.90,0.1106,true,1,147027
72600062320,false,הר חטיף גבינה בטעם פיצה 198 גרם,הר פודסn\,,הר חטיף גבינה בטעם פ,גרמים,198.00,100 גרם,false,,21.90,0.1106,true,1,147029
76808009347,false,עוגיות בטעם חמאה 180 גרם,,,עוגיות בטעם חמאה 180,גרמים,180.00,100 גרם,false,,15.90,0.0883,true,1,188803
76808009354,false,עוגיות קקאו שוקולד חלב ומריר 200 גרם,,,עוגיות קקאו עם שוקול,גרמים,200.00,100 גרם,false,,15.90,0.0795,true,1,188806
76840001767,false,"גלידה בן &ג'ריס וניל עוגיות חמאת בוטנים 500 מ""ל",מוצרי איכות אמריקאיים בע,,גלידת וניל עם עוגיות,יחידה,0.00,יחידה,false,,23.90,0.0000,true,1,152294
76840002351,false,גלידה גימי סמור עם מרשמלו קלוי פירורי שוקולד בן וג'ירי 428 ג',מוצרי איכות אמריקאיי,,גלידת פיינטGimme s'm,גרמים,420.00,100 גרם,false,,23.90,0.0569,true,1,182209
76840100156,false,"בן אנד גריס גלידת צרי גרסיה 500 מ""ל",מוצרי איכות אמריקאיים בע,,גלידת פיינט צ'רי גרס,יחידה,0.00,יחידה,false,,23.90,0.0000,true,1,182210
76840100583,false,גלידה וניל +בצק עוגיות ושוקולד צי'פס 473ג,מוצרי איכות אמריקאיים בע,,גלידה וניל +בצק עוגי,גרמים,473.00,100 גרם,false,,23.90,0.0505,true,1,62387
76840400218,false,"גלידה בן&ג'ריס תות שדה ועוגת גבינה 500מ""ל",מוצרי איכות אמריקאיים בע,,בן&גריס גלידה תות שד,מיליליטרים,475.00,"100 מ""ל",false,,23.90,0.0503,true,1,73985
77245110610,false,סוכריות מאסט ללא סוכר בטעם מנטה 80 ג'עלית,MIESZKO S.A - MS. JO,,סוכריות MUST ללא סוכ,יחידה,0.00,יחידה,false,,6.90,0.0000,true,1,41702
77975010167,false,סניידרס חטיף מקלוני חיטה בתוספת דבש 340.2 גרם,סניידרס אוף האנובר,,חטיף מקלוני חיטה בתו,גרמים,340.00,100 גרם,false,,15.90,0.0468,true,1,126989
77975034071,false,סניידרס חטיף בייגלה ניברלס 255.2 גרם,ליימן מותגים,,סניידרס ניבלרס ביסונ,גרמים,255.00,100 גרם,false,,15.90,0.0624,true,1,179803
77975036976,false,מטבל עגבניות בחריפות עדינה סניידרס 439 ג',סניידרס אוף האנובר,,סניידרס מטבל עגבניות,גרמים,439.00,100 גרם,false,,16.90,0.0385,true,1,111997
77975093085,false,"בייגלה מצופה כעכים בציפוי שוקולד חלב, 141 ג סניידרס",סניידרס Snyder's,,חטיף בייגלה סניידרס,גרמים,141.00,100 גרם,false,,16.90,0.1199,true,1,190529
77975093108,false,"בייגלה מצופה כעכים בציפוי בטעם שוקולד לבן, 141 ג סניידרס",סניידרס Snyder's,,חטיף בייגלה סניידרס,גרמים,141.00,100 גרם,false,,16.90,0.1199,true,1,190530
77975094624,false,"סניידרס סנדוויץ בייגלה במילוי חמאת בוטנים , 226 ג'",סניידרס Snyder's,,סניידרס שברי בייגלה,גרמים,283.50,100 גרם,false,,15.90,0.0561,true,1,159046
77975094631,false,סניידרס סנדוויץ' בייגלה במילוי קרם בטעם צ'דר 226 גרם,ליימן מותגים,,סניידר בייגלה סנדווי,גרמים,226.00,100 גרם,false,,15.90,0.0704,true,1,159047
77975094761,false,סניידרס חטיפים על בסיס קמח חיטה בטעם גבינת צ'דר,סניידרס אוף האנובר,,סניידרס בטעם צדר 340,גרמים,340.00,100 גרם,false,,15.90,0.0468,true,1,172999
77975094778,false,סניידרס שברי בייגל בטעם דבש וחרדל 340 גר,סניידרס אוף האנובר,,סניידרס שברי בייגלה,גרמים,340.00,100 גרם,false,,15.90,0.0468,true,1,174460
80432402931,false,"וויסקי סקוטי, שיבאס ריגאל 12 שנה, 700 מ''ל",מזקקת האחים שיבאס,,וויסקי שיבאס ריגאל 1,מיליליטרים,750.00,"100 מ""ל",false,,129.90,0.1732,true,1,97274
84380987649,false,"וודקה פרבדה 700 מ""ל",,,"וודקה פרבדה 750 מ""ל",מיליליטרים,750.00,"100 מ""ל",false,,99.90,0.1332,true,1,149078
89397344362,false,רוטב דיניקולה פסטה בטעם מרינדה 737 גרם,ג'יאובני פוד אינק,,דיניקולה רוטב פסטה מ,גרמים,737.00,100 גרם,false,,18.90,0.0256,true,1,147039
89744770073,false,יין ריוניטה סנגריה ל,,,ריוניטה סנגריה לבנה,מיליליטרים,250.00,"100 מ""ל",false,,8.90,0.0356,true,1,191401
89744770394,false,יין ריוניטה למברוסקו,,,ריוניטה למברוסקו אמי,מיליליטרים,250.00,"100 מ""ל",false,,8.90,0.0356,true,1,191402
305210256712,false,וזלין לשפתיים אורגינל 0.25 אונקיה,"יוניליוור ג'ונסבורו,",,וזלין מיני לשפתיים א,יחידה,0.00,יחידה,false,,9.90,0.0000,true,1,146057
305210416383,false,"ואזלין קרם גוף לגבר נספג במהירות 600 מ""ל","יוניליוור, ג'פרסון סיטי,",,וזלין תחליב גוף לגבר,מיליליטרים,600.00,"100 מ""ל",false,,23.90,0.0398,true,1,128784
305210464728,false,וזלין מיני לשפתיים בטעם קרם ברולה,"יונילוור ארה""ב - HPC",,וזלין מיני לשפתיים ק,יחידה,0.00,יחידה,false,,9.90,0.0000,true,1,146060
305213079004,false,"תחליב גוף להזנה עמוקה צהוב וזלין 600 מ""ל","יוניליוור, ג'פרסון סיטי,",,וזלין תחליב גוף צהוב,מיליליטרים,600.00,"100 מ""ל",false,,23.90,0.0398,true,1,128785
308910525744,false,אטריות אורז דקות 454 גרם ורמיצ'לי (כ),ליאן תאי רייס,,אטריות אורז דקות ורמ,גרמים,454.00,100 גרם,false,,10.90,0.0240,true,1,149646
350007641028,false,משחת שיניים קולגייט משחה 2ב1 הלבנה 130 גרם,קולגייט Colgate,,קולגייט משחה 2ב 1 הל,יחידה,0.00,יחידה,false,,22.90,0.0000,true,1,166338
608614255474,false,"מסיר כל כתם 60 מ""ל",,,"מסיר כל כתם 60 מ""ל",יחידה,0.00,יחידה,false,,12.90,0.0000,true,1,181884
608614319633,false,חבילת שבבים ספאן,,,חבילת שבבים ספאן,יחידה,0.00,יחידה,false,,44.90,0.0000,true,1,171348
613008742409,false,בקבוק אריזונה אפרסק 1 ליטר,"נטורלה גטרנק בע""\מn\",,אריזונה 1 ליטר אפרסק,ליטרים,1.00,ליטר,false,,11.90,11.9000,true,1,174868
628154383659,false,דגני בוקר פרוטי פבלס פוסט 311 גרם,פוסט ארצות הברית,,פרוטי פבלס דגני בוקר,גרמים,311.00,100 גרם,false,,20.90,0.0672,true,1,189204
633824111838,false,"וודקה וואן גוך בטעם אננס, 750 מ''ל",מזקקת קוימאנס טילבורג,,"ואן גוך אננס 750 מ""ל",מיליליטרים,750.00,"100 מ""ל",false,,139.90,0.1865,true,1,61484
633824913432,false,"וודקה וואן גוך בטעם אסאי בלוברי, 750 מ''ל",מזקקת קוימאנס טילבורג,,ואן גוך וודקה אסאי ב,מיליליטרים,750.00,"100 מ""ל",false,,139.90,0.1865,true,1,61486
639138513238,false,פילה הרינג מעושן צ'צ'יק 190 גרם,רוג'ין פיש,,פילה הרינג מעושן 190,גרמים,200.00,100 גרם,false,,20.00,0.1000,true,1,105577
643540759924,false,מברשת שיניים סט דיסנ,,,מברשת שיניים סט דיסנ,יחידה,0.00,יחידה,false,,16.90,0.0000,true,1,156431
645173911038,false,קורנישון מלפפוןן מיני 720 גרם - תומר,קלמן אינדיה פי וי סי,,קורנישון מיני 720 גר,גרמים,720.00,100 גרם,false,,9.90,0.0138,true,1,26226
663701708158,false,אוזניות דרגו פרימיום,,,אוזניות דרגו פרימיום,יחידה,0.00,יחידה,false,,15.00,0.0000,true,1,177231
663701708189,false,דרגו הולדר לנייד מדב,,,דרגו הולדר לנייד מדב,יחידה,0.00,יחידה,false,,19.90,0.0000,true,1,177240
663701708301,false,דרגו מטען קיר טייפ ס,,,דרגו מטען קיר טייפ ס,יחידה,0.00,יחידה,false,,29.90,0.0000,true,1,177167
663701709056,false,ראש מטען כפול,,,ראש מטען כפול,יחידה,0.00,יחידה,false,,24.90,0.0000,true,1,177181
673324216473,false,מגבת 40*60,,,מגבת 40*60,יחידה,0.00,יחידה,false,,8.90,0.0000,true,1,188714
673324216503,false,מגבת 90*150,,,מגבת 90*150,יחידה,0.00,יחידה,false,,49.90,0.0000,true,1,188717
693493027335,false,שקיות אוכל מארז שליש,,,שקיות אוכל מארז שליש,יחידה,0.00,יחידה,false,,7.90,0.0000,true,1,179712
693493065351,false,מלפפון בייבי משק פר,Unknown,,מלפפון בייבי,יחידה,0.00,יחידה,false,,8.90,0.0000,true,1,174633
693493082013,false,"שקית קרח 2 ק""ג אקסטר",,,"שקית קרח 2 ק""ג אקסטר",קילוגרמים,2.00,"ק""ג",false,,9.90,4.9500,true,1,153941
693493138994,false,אחלה בוטנים 100 גרם,,,אחלה בוטנים 100 גרם,יחידה,0.00,יחידה,false,,5.90,0.0000,true,1,182615
693493139007,false,"אחלה תפו""א ברביקיו 1",,,"אחלה תפו""א ברביקיו 1",יחידה,0.00,יחידה,false,,5.90,0.0000,true,1,182618
693493139014,false,"אחלה תפו""א צינורית 1",,,"אחלה תפו""א צינורית 1",יחידה,0.00,יחידה,false,,5.90,0.0000,true,1,182616
693493139021,false,אחלה דלוקס טבעי 100,,,אחלה דלוקס טבעי 100,יחידה,0.00,יחידה,false,,5.90,0.0000,true,1,182619
693493139038,false,אחלה חיטה מתוקה 100,,,אחלה חיטה מתוקה 100,יחידה,0.00,יחידה,false,,5.90,0.0000,true,1,182617
707596280204,false,יין בלו נאן רוזה 750,bluenun,,בלו נאן פינק,יחידה,750.00,יחידה,false,,44.90,0.0599,true,1,84405
710535495539,false,"Avel – אורז בסמטי 96% 1 ק""ג",,,"אבאל אורז בסמטי 1 ק""",קילוגרמים,1.00,"ק""ג",false,,11.90,11.9000,true,1,171693
713153980463,false,מפצל למצית 3 יציאות,,,מפצל למצית 3 יציאות,יחידה,0.00,יחידה,false,,26.90,0.0000,true,1,192351
713153980531,false,ג'ילדה לרכב צהובה סט,,,ג'ילדה לרכב צהובה סט,יחידה,0.00,יחידה,false,,10.00,0.0000,true,1,192354
713153980548,false,ג'ילדה לרכב צהובה סט,,,ג'ילדה לרכב צהובה סט,יחידה,0.00,יחידה,false,,12.90,0.0000,true,1,192355
721733000722,false,"טקילה פטרון רפוסדו 700 מ""ל",,,פטרון רפוסדו טקילה,מיליליטרים,700.00,"100 מ""ל",false,,199.90,0.2856,true,1,137985
721733000739,false,פטרון סילבר טקילה מארז TIN 2016) ) 700,פטרון דיסטרליס,,פטרון סילבר טקילה 70,מיליליטרים,700.00,"100 מ""ל",false,,179.90,0.2570,true,1,116910
728229123590,false,טרה אורגינל חטיף על בסיס ירקות שורש בטעם טבעי 110 גרם,הונדורס צ'יפס יצור א,,טרה ציפס חטיף אורגינ,גרמים,110.00,100 גרם,false,,15.90,0.1445,true,1,37917
728229123613,false,טרה חטיף על בסיס תפוח אדמה כחול בטעם טבעי 110 גרם,היין סלסטיאל גרופ,,טרה ציפס ירקות טבעי,גרמים,110.00,100 גרם,false,,15.90,0.1445,true,1,38546
728229123811,false,טרה חטיף על בסיס ירקות שורש בתיבול ים תיכוני 110 גרם,הונדורס צ'יפס יצור א,,טרה ציפס ירקות טבעי,גרמים,110.00,100 גרם,false,,15.90,0.1445,true,1,37918
728229124764,false,טרה חטיף על בסיס בטטה עם מלח ים 110 גרם,היין פיוצ'ור נטורל פ,,טרה בטטה עם מלח ים 1,גרמים,110.00,100 גרם,false,,15.90,0.1445,true,1,182266
728229130154,false,טרה חטיף על בסיס בטטה וסלק בטעם טבעי 110 גרם,הונדורס צ'יפס יצור א,,טרה ציפס חטיף בטטה ו,גרמים,110.00,100 גרם,false,,15.90,0.1445,true,1,37919
728229130444,false,"חטיף על בסיס ירקות שורש עם בטטה, תפו""א כחול וסלק",היין סלסטיאל גרופ,,חטיף צ'יפס מירקות אק,גרמים,110.00,100 גרם,false,,15.90,0.1445,true,1,38547
734756000020,false,רוטב ברביקיו אורגינל 510 גרם,,,סטאבס רוטב ברביקיו א,גרמים,510.00,100 גרם,false,,28.90,0.0567,true,1,167989
753182340302,false,אבקת וואסבי 35 גרם (קינגדאוו) (כ),מזרח ומערב,,מזרח ומערב יבוא קינג,יחידה,0.00,יחידה,false,,12.40,0.0000,true,1,96537
768404001640,false,"גלידה בן&ג'ריס קפה משפחתית 500מ""ל",מוצרי איכות אמריקאיים בע,,גלידה פיינטס קפה 473,יחידה,473.00,יחידה,false,,23.90,0.0505,true,1,33267
769904000607,false,שקדי מרק משובח 200 גרם כשלפ,גיי אפ פי ייצור מזון,,שקדי מרק ברפוד 200 ג,גרמים,200.00,100 גרם,false,,11.90,0.0595,true,1,151008
769904000997,false,שקדי מרק ללא גלוטן200גרם,דגש- דוכן גן שמואל,,דגש שקדי מרק ללא גלו,גרמים,200.00,100 גרם,false,,17.90,0.0895,true,1,53011
786150000281,false,"שישייה בירה לף בראון בקבוק 330X6 מ""ל","אינבב, ברוורייפליין",,לף בראון שישייה 330,מיליליטרים,330.00,"100 מ""ל",false,,49.90,0.1512,true,1,186605
811250030255,false,עמבה לשוארמה 500 גרם,,,עמבה לשוארמה 500 גרם,גרמים,500.00,100 גרם,false,,12.90,0.0258,true,1,186384
811250031474,false,בזיליקום 30 גרם,,,בזיליקום 30 גרם,יחידה,0.00,יחידה,false,,12.90,0.0000,true,1,170286
811250031511,false,רוזמרין 40 גרם,,,רוזמרין 40 גרם,יחידה,0.00,יחידה,false,,12.90,0.0000,true,1,170284
833949000264,false,"סירופ מייפל אמיתי 100% אורגני 250 מ""ל",דיקסר קוויבק,,סירופ מייפל אמיתי 10,יחידה,0.00,יחידה,false,,34.90,0.0000,true,1,85142
835811000464,false,"תמצית מטעם רום 250 מ""ל הנמל",,,תמצית בטעם רום 250 מ,מיליליטרים,250.00,"100 מ""ל",false,,10.90,0.0436,true,1,145687
835811000471,false,"תמצית מטעם וניל 250 מ""ל",,,תמצית בטעם וניל 250,מיליליטרים,250.00,"100 מ""ל",false,,10.90,0.0436,true,1,145688
835811001119,false,מיני עדשים 200 גרם בצנצנת לעוגה,,,מיני עדשים 200 גרם ב,גרמים,200.00,100 גרם,false,,13.90,0.0695,true,1,160541
835811001140,false,שומשום 400 גרם הנמל,הנמל אריזות.,,שומשום הנמל 400 גרם,גרמים,400.00,100 גרם,false,,9.90,0.0248,true,1,153282
835811004417,false,ריבת חלב הנמל 340 גר,,,ריבת חלב 340 גרם,גרמים,340.00,100 גרם,false,,12.90,0.0379,true,1,137955
835811005728,false,עלים לעוגת קרמשניט 400 גרם,"רונית מאפים בע""מ",,עלים לקרמשניט 400 גר,גרמים,400.00,100 גרם,false,,18.00,0.0450,true,1,70846
835811006497,false,אבקת סוכר 500 גרם הנמל,ר.ס. חברה ליבוא וייצ,,אבקת סוכר 500 גרם,גרמים,500.00,100 גרם,false,,6.90,0.0138,true,1,107800
835811007494,false,גלטין טהור מדגים 2 יח` 14 X גר`,גואנגדונג מיניאנג,,'ג'לטין הנמל 28 גר,יחידה,0.00,יחידה,false,,10.90,0.0000,true,1,42963
839762000641,false,משקה איילנד מנגו נקטר 1 ל',"פאראגאלה,דה אג'יפשן",,איילנד מנגו בקבוק לי,ליטרים,1.00,ליטר,false,,13.90,13.9000,true,1,29508
839762000658,false,איילנד גויאבה המשקה של חופי סיני 1 ליטר,The Egyptian Co. for,,איילנד גויאבה בקבוק,ליטרים,1.00,ליטר,false,,13.90,13.9000,true,1,59091
850006036028,false,מאפה חיטה מקלונים בטעם סלק בצל 400 ג' עבאדי,עבאדי,,עבאדי מאפה חיטה מקלו,גרמים,400.00,100 גרם,false,,17.90,0.0447,true,1,190184
850018558280,false,נייר מגבת אמריקאי כפול שישייה ר.שמאי,,,WAVE נייר מגבת כפול,יחידה,0.00,יחידה,false,,24.90,0.0000,true,1,194679
851621000050,false,בירה חיטה בטעם הדרים 1664 בלאנק - שישייה,קרלסברג ספליי קומפאני פו,,שישיית 1664 בלאנק 33,יחידה,6.00,יחידה,false,,44.90,7.4833,true,1,155923
856591000109,false,עבאדי עוגיות מזרחיות פריך במיוחד 400 גרם,מאפיית יוסף ושמחה עבאדי,,עבדי עוגיות מזרחיות,גרמים,400.00,100 גרם,false,,17.90,0.0447,true,1,42314
856591000949,false,"מאפה חיטה מלוח ""קטנטנים"" עבאדי 350 גרם",עבאדי,,עבאדי - מאפה חיטה מל,גרמים,350.00,100 גרם,false,,21.90,0.0626,true,1,191090
856591000970,false,מאפה חיטה עבאדי מקלונים בטעם חריף 400 גר,עבאדי,,עבאדי מאפה חיטה מקלו,גרמים,400.00,100 גרם,false,,17.90,0.0447,true,1,190185
859547004466,false,קירצוף וספוג ניקוי SCRUB DADDY,סקראב דאבי,,ספוג ניקוי SCRUB MOM,יחידה,0.00,יחידה,false,,17.90,0.0000,true,1,189082
876153002266,false,קסטלו דל פוג'יו מוסק,,,קסטלו דל פוג'יו מוסק,מיליליטרים,750.00,"100 מ""ל",false,,44.90,0.0599,true,1,191405
876153002662,false,יין קסטלו דל פוגי רו,,,קסטלו דל פוג'יו רוזה,מיליליטרים,750.00,"100 מ""ל",false,,44.90,0.0599,true,1,191406
876153004109,false,יין קסטלו דל פוגי סמ,,,קסטלו דל פוג'יו סווי,מיליליטרים,750.00,"100 מ""ל",false,,44.90,0.0599,true,1,191407
877300000081,false,פלפל שחור טחון צנצנת,,,פלפל שחור טחון צנצנת,יחידה,0.00,יחידה,false,,11.90,0.0000,true,1,120751
877300001019,false,כוסברה טחון 120גרם,נפטון Neptune,,כוסברה טחון 120גרם,יחידה,0.00,יחידה,false,,11.90,0.0000,true,1,120734
877300001040,false,כורכום טחון 150 גרם,נפטון Neptune,,כורכום טחון 150 גרם,יחידה,0.00,יחידה,false,,11.90,0.0000,true,1,120735
877300001057,false,נפטון פלפל לבן טחון,,,פלפל לבן טחון צנצנת,יחידה,0.00,יחידה,false,,11.90,0.0000,true,1,67211
877300001071,false,שום גבישי דק 150 גרם,נפטון מוצרי מזון,,שום גבישי דק 150 גר,יחידה,0.00,יחידה,false,,11.90,0.0000,true,1,131739
877300001163,false,נפטון פפריקה חריפה 1,נפטון Neptune,,פפריקה חריפה 150 גר,יחידה,0.00,יחידה,false,,11.90,0.0000,true,1,120738
877300001200,false,עלי דפנה 20 גרם,נפטון Neptune,,עלי דפנה 20 גרם,יחידה,0.00,יחידה,false,,11.90,0.0000,true,1,120739
877300001248,false,פפריקה מתוקה מרוקאית בשמן,נפטון Neptune,,פפריקה מתוקה מרוקאית,יחידה,0.00,יחידה,false,,11.90,0.0000,true,1,131378
877300001330,false,תערובת תיבול חוויאג' למרק,נפטון Neptune,,תבלין חוויאג' למרק,יחידה,0.00,יחידה,false,,11.90,0.0000,true,1,131740
877300001347,false,תבלין סטייק 150 גרם,,,תבלין סטייק 150 גרם,יחידה,0.00,יחידה,false,,11.90,0.0000,true,1,67234
877300001392,false,תערובת תיבול לגריל עוף,נפטון Neptune,,תבלין גריל עוף 150,יחידה,0.00,יחידה,false,,11.90,0.0000,true,1,131380
877300001866,false,נפטון תערובת תיבול פ,,,תבלין פילדלפיה 150,גרמים,150.00,100 גרם,false,,11.90,0.0793,true,1,120776
877300004577,false,כמון טחון 50 גרם שקי,נפטון Neptune,,כמון טחון 50 גרם שקי,יחידה,0.00,יחידה,false,,4.90,0.0000,true,1,173621
877300005369,false,תבלין שווארמה,,,תבלין שווארמה,קילוגרמים,1.00,"ק""ג",true,,60.00,60.0000,true,1,172337
877300009848,false,מלח לימון 150 גרם נפ,,,מלח לימון 150 גרם,יחידה,0.00,יחידה,false,,11.90,0.0000,true,1,141908
884912359162,false,האני באנצ' דגני בוקר עם שקדים פוסט 411 גרם,פוסט ארצות הברית,,האני באנצס שקדים 340,גרמים,340.00,100 גרם,false,,21.90,0.0644,true,1,190118
884912359421,false,דגני בוקר האני באנצ'ס מייפל ופקאן פוסט 340 גרם,פוסט ארצות הברית,,האני באנצס מייפל ופק,גרמים,340.00,100 גרם,false,,21.90,0.0644,true,1,190121
884912359483,false,דגני בוקר האני באנצ'ס תות פוסט 311 גרם,פוסט ארצות הברית,,האני באנצס תות 311 ג,גרמים,311.00,100 גרם,false,,21.90,0.0704,true,1,190122
884912365200,false,דגני בוקר אוראו 311 גרם מתכון חדש,פוסט ארצות הברית,,דגני בוקר עם פירורי,גרמים,311.00,100 גרם,false,,22.90,0.0736,true,1,192684
1010164700004,false,נייר 1200 תעשיתי כרמ,,,נייר תעשייתי,יחידה,0.00,יחידה,false,,59.90,0.0000,true,1,141938
1070980473667,false,סט צלחות 26 חלק,,,סט צלחות 26 חלק,יחידה,0.00,יחידה,false,,199.90,0.0000,true,1,189563
2900068040775,false,"פילסבורי בורקס תפו""א",,,"פילסבורי בורקס תפו""א",קילוגרמים,1.00,"ק""ג",true,,39.90,39.9000,true,1,107577
3010470155299,false,פריסקיז Friskies פטה בקר וירקות,ניו פטפוד איטליה,,פריסקיז פטה בקר וירק,גרמים,400.00,100 גרם,false,,11.90,0.0298,true,1,123311
3010470158221,false,פריסקיז פ.עוף וירקות400ג,ניו פטפוד איטליה,,פריסקיז פטה עוף וירק,גרמים,400.00,100 גרם,false,,11.90,0.0298,true,1,123312
3028130076457,false,קוניאק קמוס וי.סי.או,,,קוניאק קמוס VSOP 700,מיליליטרים,700.00,"100 מ""ל",false,,179.90,0.2570,true,1,181245
3028130077751,false,"קוניאק VS קמוס 700 מ""ל",,,קוניאק קמוס VS 700 מ,מיליליטרים,700.00,"100 מ""ל",false,,139.90,0.1999,true,1,181246
3035540001740,false,ליקר פסואה פסיפלורה700מל,רמי קואנטרו,,ליקר פסואה פסיפלורה,יחידה,0.00,יחידה,false,,89.90,0.0000,true,1,192235
3035542004206,false,ליקר תפוזים קואנטרו700מל,רמי קואנטרו,,"קואנטרו 700מ""ל",מיליליטרים,700.00,"100 מ""ל",false,,109.90,0.1570,true,1,183805
3045200760009,false,"דזיטול נוזל מחטא בגדים בכביסה 500 מ""ל",יעקובי,,דזיטול מחטא בגדים 50,יחידה,0.00,יחידה,false,,14.90,0.0000,true,1,136123
3046920028721,false,שוק.מריר לינדט 99% 50גרם,לינדט ושפרונגלי קילשברג,,לינדט אקסלנס 99% קקא,יחידה,0.00,יחידה,false,,16.00,0.0000,true,1,120051
3046920028752,false,שוקולד לינדט אקסלנס מינט 100 גרם,לינדט ושפרונגלי קילשברג,,לינדט אקסלנס מריר מנ,גרמים,100.00,100 גרם,false,,16.00,0.1600,true,1,36783
3046920029674,false,שוקולד לינדט אקסלנס סולט 100 גרם,לינדט ושפרונגלי קילשברג,,לינדט אקסלנס עם שבבי,גרמים,100.00,100 גרם,false,,16.00,0.1600,true,1,43420
3046920029681,false,לינדט שוקולד אקסלנס מילד 85% קקאו 100 גר,לינדט ושפרונגלי,,לינדט אקסלנס 85 % 10,גרמים,100.00,100 גרם,false,,16.00,0.1600,true,1,157440
3059940007768,false,"מבשם אוויר אירוויק ספריי וניל אורכידאה 240 מ""ל",איירוויק Air Wick,,איירויק ספריי וניל 2,מיליליטרים,240.00,"100 מ""ל",false,,9.90,0.0413,true,1,81227
3059943015104,false,"אירוויק מבשם אויר נטול גז בניחוח פריסיה ויסמין 345 מ""ל",איירוויק Air Wick,,"אירוויק 345 מ""ל נטול",מיליליטרים,345.00,"100 מ""ל",false,,14.90,0.0432,true,1,37125
3059943016507,false,"אירוויק ספריי בניחוח לבנדר וקמומיל 240 מ""ל",איירוויק Air Wick,,איירויק ספריי לבנדר,מיליליטרים,240.00,"100 מ""ל",false,,9.90,0.0413,true,1,81198
3059943016569,false,"מבשם אוויר אירוויק ספריי פרסיה ויסמין 240 מ""ל",איירוויק Air Wick,,איירויק ספריי פריסיה,מיליליטרים,240.00,"100 מ""ל",false,,9.90,0.0413,true,1,81195
3059944021197,false,"ויט קרם להסרת שיער לעור רגיש (אריזת חיסכון) 400 מ""ל",רקיט בנקיזר צרפת,,קרם הסרת שיער לעור ר,מיליליטרים,400.00,"100 מ""ל",false,,49.90,0.1247,true,1,36841
3073780839631,false,גבינת קירי 6 יח' 100 ג',"מפעלי גבינות ""ביל",,גבינה קירי 6 יח 100,גרמים,100.00,100 גרם,false,,11.90,0.1190,true,1,75284
3073780894326,false,גבינה קירי 12 יח' 200 ג',"מפעלי גבינות ""ביל",,גבינת קירי 12יח 200,גרמים,200.00,100 גרם,false,,24.90,0.1245,true,1,75283
3073781123562,false,גבינת אבו אלולד 336 ג',,,גבינת אבו אלולד 24 י,גרמים,336.00,100 גרם,false,,19.90,0.0592,true,1,188529
3073781161663,false,גבינה מותכת 18.5% שומן לה וואש קירי,לה וואש קירי La Vache qui rit,,גבינה לוואש קירי כשר,גרמים,128.00,100 גרם,false,,11.90,0.0930,true,1,182533
3073781161687,false,גבינה מותכת לוואש קירי 256 גרם,פרומאג'רי בל דום סאם,,גבינה לוואש קירי כשר,גרמים,256.00,100 גרם,false,,22.90,0.0895,true,1,182534
3073781161700,false,מותכת לה וואש קירי 32יח,פרומאג'רי בל דום סאם,,גבינה לוואש קירי כשר,גרמים,480.00,100 גרם,false,,37.90,0.0790,true,1,182535
3073781162790,false,גבינה מותכת בייבי בל 120 גרם,מחלבות בל,,בייבי בל אדום 28% 12,גרמים,120.00,100 גרם,false,,21.90,0.1825,true,1,188342
3147690014607,false,יין פורט קאלווארש 750 מל,ברדינה,,יין פורט קאלווארש 75,מיליליטרים,750.00,"100 מ""ל",false,,59.90,0.0799,true,1,192309
3161911229199,false,חמאה צרפתית רכה למריחה אל & ויר 250 גרם,אלל אה וויר,,אלוויר חמאה רכה 250ג,גרמים,250.00,100 גרם,false,,21.90,0.0876,true,1,121387
3161911364531,false,"חמאת ""נורמנדי אלוויר",אלוויר,,אלוויר חמאת נורמנדי,גרמים,200.00,100 גרם,false,,15.90,0.0795,true,1,174627
3161911366429,false,חמאה צרפתית מלוחה רכה למריחה אלוויר 250 גר',אלוויר,,אלוויר חמאה רכה מלוח,גרמים,250.00,100 גרם,false,,21.90,0.0876,true,1,121388
3175460000017,false,גבינת בורסאן שום ועשבי תיבול 150 גר,השחר,,בורסאן גבינת שום 40%,גרמים,200.00,100 גרם,false,,21.90,0.1095,true,1,119067
3175460030083,false,גבינת בורסאן בצל ועירית 150 גר,השחר,,בורסאן בצל ועירית 40,גרמים,150.00,100 גרם,false,,21.90,0.1460,true,1,123372
3178530402278,false,"עוגיות פצפוצי קרמל, 150 גרם",סן מישל St Michel,,עוגיות גאלט חמאה,יחידה,0.00,יחידה,false,,14.90,0.0000,true,1,146075
3178530411478,false,ביסקוויטים גאלט עם חמאה ומלח ים,סן מישל St Michel,,גאלט חמאה קלאסי 150,גרמים,150.00,100 גרם,false,,14.90,0.0993,true,1,146078
3185130000124,false,קרמאן דאלזאס בלאן דה,צרפת פפאפנהיים,,קרמאן ד'אלזאס בלאן,יחידה,0.00,יחידה,false,,69.90,0.0000,true,1,192296
3228022910023,false,חמאת צרפתית פרזידנט 200 גרם,סוסייטה בארייר דה אי,,פרזידנט חמאה צרפתית,גרמים,200.00,100 גרם,false,,14.90,0.0745,true,1,121501
3245990969419,false,"קוניאק הנסי 700 מ""ל V.S.O.P",jas hennessy,,קוניאק הנסי V.S.O.P,מיליליטרים,700.00,"100 מ""ל",false,,249.90,0.3570,true,1,142666
3253928094003,false,סל כביסה 55 טרצו לבן,,,סל כביסה 55 טרצו לבן,יחידה,0.00,יחידה,false,,49.90,0.0000,true,1,158502
3254550033279,false,גבינת קממבר 250 גרם סנט מר,איסיני סנט מור,,גבינת קממבר 250 גרם,יחידה,0.00,יחידה,false,,37.90,0.0000,true,1,119220
3263289990203,false,יין גיי פי שנה שרדונ,,,יין לבן יבש שרדונה J,מיליליטרים,750.00,"100 מ""ל",false,,39.90,0.0532,true,1,122968
3263289998711,false,ייין גיי פי שנה שירא,,,יין אדום יבש שיראז J,מיליליטרים,750.00,"100 מ""ל",false,,39.90,0.0532,true,1,122964
3328640121976,false,"ויסקי היילנד קווין בלנדד 700 מ""ל",פונט סלאם וולנסיה,,ויסקי היילנד קווין ב,מיליליטרים,700.00,"100 מ""ל",false,,69.90,0.0999,true,1,116602
3387390320244,false,פיטנס דגני בוקר מחיטה מלאה עם פירות נסטלה 375 גרם,נסטלה צרפת איטנקורט,,פיטנס פירות 375 גרם,גרמים,375.00,100 גרם,false,,19.90,0.0531,true,1,37264
3387390525960,false,קראנץ' דגני בוקר עם שוקולד חלב נסטלה 500 גרם,הנסיך- מפעל לייצור ט,,קראנץ' 500 גרם,גרמים,500.00,100 גרם,false,,22.90,0.0458,true,1,36792
3500610085338,false,גיי פי שנה לבן מבעבע 750 מל,LANDIRAS JP CHENET,,J.P יין לבן מבעבע 75,מיליליטרים,750.00,"100 מ""ל",false,,39.90,0.0532,true,1,107656
3500610096174,false,מבעבע בלאן פוסי אייס רוזה חצי יבש 750 מ,GCF,,יין מבעבע בלאן פוסי,יחידה,0.00,יחידה,false,,49.90,0.0000,true,1,130341
3516664460007,false,שמרים חבשים - בן רגע,,,שמרים חבשים - בן רגע,גרמים,500.00,100 גרם,false,,14.90,0.0298,true,1,132367
3523230025638,false,"גבינת עיזים בושה טבעי, 125 גרם",אוריאל,,גבינת עיזים בושה טבע,גרמים,125.00,100 גרם,false,,22.90,0.1832,true,1,119074
3523230032278,false,גבינת עיזים למריחה 150 גרם,אוריאל,,גבינת עיזים למריחה 1,יחידה,0.00,יחידה,false,,24.90,0.0000,true,1,119222
3523230045827,false,גבינת סנט מור עיזים160גר,סואניון,,גבינת סנט מור עזים ב,גרמים,160.00,100 גרם,false,,28.90,0.1806,true,1,190536
3535926001000,false,יין לואי זאדו שרדונה,,,לואי ז'אדו שרדונה,מיליליטרים,750.00,"100 מ""ל",false,,129.90,0.1732,true,1,179155
3560237535418,false,כוס זכוכית בנדיגו 21,,,כוס זכוכית בנדיגו 21,יחידה,0.00,יחידה,false,,4.90,0.0000,true,1,183282
3560238930175,false,מחבט יתושים (145370),,,מחבט יתושים (145370),יחידה,0.00,יחידה,false,,24.90,0.0000,true,1,192893
3560239281139,false,סלסלה פוליקרבונט 8 ל,,,סלסלה פוליקרבונט 8 ל,יחידה,0.00,יחידה,false,,39.90,0.0000,true,1,183291
3563490014898,false,ריין דיז'ון חרדל דיז'ון 265 גרם,ריין דיז'ון reine dijon,,ריין דה דיז'ון חרדל,גרמים,265.00,100 גרם,false,,13.90,0.0525,true,1,99467
3574660058857,false,גונסונס בייבי שמן 500 מל חדש,גונסון אנד גונסון,,גונסונס בייבי שמן 50,מיליליטרים,500.00,"100 מ""ל",false,,31.90,0.0638,true,1,144585
3574660464337,false,מגני תחתון קרפרי נורמל אוורירי מבושם,ג'\ונסון אנד ג'\ונסון,,קרפרי מגן תחתון אוור,יחידה,76.00,יחידה,false,,24.90,0.3276,true,1,45047
3574660464368,false,קרפרי מגן תחתון אוורירי אלוורה 76 יח'',גונסון אנד גונסון,,קרפרי מגן תחתון אוור,יחידה,76.00,יחידה,false,,24.90,0.3276,true,1,45211
3574660464429,false,מגני תחתון קרפרי נורמל אוורירי עם מעטפת כותנה,ג'\ונסון אנד ג'\ונסון,,קרפרי מגן תחתון אוור,יחידה,76.00,יחידה,false,,24.90,0.3276,true,1,45212
3574661003924,false,שטיפת פה טוטאל קר בטעם מנטה צלול,ג'\ונסון אנד ג'\ונסון,,*מבצע* ליסטרין מי פה,יחידה,0.00,יחידה,false,,16.90,0.0000,true,1,165805
3574661487618,false,קרפרי מגן תחתון מקסי לארג'' מבושם 48 יח'',ג'ויה מעבדות לקוסמטי,,קרפרי מקסי לארג' מבו,יחידה,48.00,יחידה,false,,20.00,0.4167,true,1,147804
3574661487625,false,מגן תחתון קרפרי מקסי לארג 48 יחידות,הדקלאים אגודת שיתופי,,קרפרי מקסי לארג 48 י,יחידה,48.00,יחידה,false,,20.00,0.4167,true,1,147763
3574661487632,false,מגני תחתון פלוס לארג' בניחוח עדין L,ג'\ונסון אנד ג'\ונסון,,קרפרי מגן תחתון לארג,יחידה,64.00,יחידה,false,,24.90,0.3891,true,1,148816
3574661491806,false,מי פה אדבנס וויט מנטה מסירה כתמים קשים,ג'\ונסון אנד ג'\ונסון,,*מבצע* ליסטרין מי פה,יחידה,0.00,יחידה,false,,16.90,0.0000,true,1,172410
3574661501901,false,שטיפה אינטימית יומיומית מכיל תה ירוק ואלוורה,קולגייט פלמוליב,,קרפרי שטיפה אינטימית,יחידה,0.00,יחידה,false,,19.90,0.0000,true,1,146019
3574661552576,false,קרפרי מגן תחתון רגיל טנגה לבן 56 יח חדש,הדקלאים אגודת שיתופי,,קרפרי מגן תחתון רגיל,יחידה,58.00,יחידה,false,,20.00,0.3448,true,1,164279
3574661552804,false,מגן תחתון קרפרי אלוורה 56 יחידות,הדקלאים אגודת שיתופי,,קרפרי אוורירי עם אלו,יחידה,58.00,יחידה,false,,20.00,0.3448,true,1,159743
3574661554884,false,קרפרי מגן תחתון רגיל טנגה מבושם 56 יח,הדקלאים אגודת שיתופי,,קרפרי רגיל-טנגה מבוש,יחידה,58.00,יחידה,false,,20.00,0.3448,true,1,158024
3574669908146,false,גונסונס בייבי תחליב לפני שינה 500 מל חדש,ג'ונסונס Johnson's,,גונסונס בייבי תחליב,מיליליטרים,500.00,"100 מ""ל",false,,26.90,0.0538,true,1,144592
3574669908245,false,"ג'ונסונס מרכך טיפות של ברק 500 מ""ל חדש",ג'ונסונס Johnson's,,גונסונס מרכך טיפות ש,מיליליטרים,500.00,"100 מ""ל",false,,21.90,0.0438,true,1,144577
3574669908443,false,ג'ונסון בייבי אל סבון וקצף אמבט 750 חדש,Johnson Toilet-IT,,גונסון ביביי אל סבון,מיליליטרים,750.00,"100 מ""ל",false,,21.90,0.0292,true,1,144572
3574669908481,false,גונסונס בייבי אל סבון אמבט 750 מל חדש,ג'ונסונס Johnson's,,גונסון בייבי אל סבון,מיליליטרים,750.00,"100 מ""ל",false,,21.90,0.0292,true,1,144573
3574669908665,false,גונסונס בייבי אל סבון לפני השינה 750 מל,גונסון אנד גונסון,,גונסון בייבי אל סבון,מיליליטרים,750.00,"100 מ""ל",false,,21.90,0.0292,true,1,144570
3585240000364,false,"ברנדי 700 מ""ל BOSSARD XO",,,ברנדי XO BOSSARD,יחידה,0.00,יחידה,false,,149.90,0.0000,true,1,151230
3600522344070,false,לוריאל - אלביב מסכה קולור פרוטקט 300,"לוריאל ישראל בע""מ",,מסכת אלביב קולור 300,מיליליטרים,300.00,"100 מ""ל",false,,34.90,0.1163,true,1,73240
3600522550129,false,קרם אנטי-אייג'ינג יום אייג' ספשיאליסט +45,"קרלסרו, גרמניה",,אייג ספשליסט יום 45,יחידה,0.00,יחידה,false,,59.90,0.0000,true,1,116685
3600522550167,false,קרם אנטי-אייג'ינג לילה אייג' ספשיאליסט +45,"קרלסרו, גרמניה",,אייג ספשליסט לילה 45,יחידה,0.00,יחידה,false,,49.90,0.0000,true,1,116686
3600522632436,false,קרם אנטי-אייג'ינג לילה אייג' ספשיאליסט +55,"קרלסרו, גרמניה",,אייג ספשליסט לילה 55,יחידה,0.00,יחידה,false,,49.90,0.0000,true,1,116688
3600523642489,false,מסכת הזנה אינטנסיבית 6 שמנים לשיער יבש,לוריאל - אלביב Elvive,,אלביב מסכה 6 שמנים 3,מיליליטרים,300.00,"100 מ""ל",false,,34.90,0.1163,true,1,141177
3600523651870,false,שמפו לחיזוק סיב השערה לכל סוגי השיער,לוריאל - אלביב Elvive,,לוריאל אלביב שמפו אר,מיליליטרים,550.00,"100 מ""ל",false,,16.90,0.0307,true,1,133513
3600523651900,false,מרכך לחיזוק סיב השערה לכל סוגי השיער,לוריאל - אלביב Elvive,,לוריאל אלביב מרכך אר,מיליליטרים,550.00,"100 מ""ל",false,,16.90,0.0307,true,1,133514
3600523652242,false,"לוריאל - אלביב שמפו קולור פרוטקט 550 מ""ל",לוריאל - אלביב Elvive,,לוריאל אלביב שמפו קו,מיליליטרים,550.00,"100 מ""ל",false,,16.90,0.0307,true,1,133523
3600523652259,false,"לוריאל - אלביב מרכך קולור פרוטקט 550 מ""ל",קוסמטיקס,,לוריאל אלביב מרכך קו,מיליליטרים,550.00,"100 מ""ל",false,,16.90,0.0307,true,1,133524
3600523755806,false,"לוריאל - אלביב שמפו קוקוס 550 מ""ל",קוסמטיקס,,אלביב שמפו קוקוס 550,מיליליטרים,550.00,"100 מ""ל",false,,16.90,0.0307,true,1,148210
3600523782567,false,"לוריאל - אלביב שמפו דרים לונג 500 מ""ל",לוריאל - אלביב Elvive,,אלביב שמפו דרים לונג,מיליליטרים,500.00,"100 מ""ל",false,,16.90,0.0338,true,1,144637
3600523782574,false,מסכה לשיער לוריאל אלביב דרים לונג 300 מל,לוריאל - אלביב Elvive,,אלביב מסכה דרים לונג,יחידה,0.00,יחידה,false,,34.90,0.0000,true,1,144630
3600523782581,false,מרכך מתיר קשרים לשיער ארוך ופגום Dream Long,לוריאל - אלביב Elvive,,אלביב מרכך דרים לונג,מיליליטרים,500.00,"100 מ""ל",false,,18.90,0.0378,true,1,144638
3600523944156,false,צבע לשיער אקסלנס קול קרם 5.11 קרם חום אפרפר קר,לוריאל פריז,,אקסלנס קול 5.11 חום,מיליליטרים,192.00,"100 מ""ל",false,,39.90,0.2078,true,1,179294
3600524051570,false,לוריאל - אלביב מסכה היאלורונית 300 מ''ל,DEUT PRODUKTION L\'OREAL,,אלביב מסכה היאלורוני,יחידה,0.00,יחידה,false,,34.90,0.0000,true,1,193009
3600541029323,false,גרנייה אסנשיאל מסיר איפור 2 ב- 1,SOPROCOS סופרוקוס,,אסנשיאל מסיר איפור 2,מיליליטרים,200.00,"100 מ""ל",false,,24.90,0.1245,true,1,80333
3600541740006,false,"גרנייה - דאודורנט ספריי לאישה אקשן קונטרול 72 שעות 150 מ""ל","לוריאל ישראל בע""מ",,גרנייה דאו 5 פרוטקשי,יחידה,0.00,יחידה,false,,13.90,0.0000,true,1,113297
3600541928169,false,"גרנייה פיור פחם ג'ל ניקוי 150 מ""ל","קרלסרו, גרמניה",,גרנייה פיור פחם גל נ,מיליליטרים,100.00,"100 מ""ל",false,,34.90,0.3490,true,1,115067
3600541928275,false,מי פנים מיסלריים דו-פאזיים מסיר איפור עמיד במים,"קוסמופול, פולין",,גרנייה מים מיסלריים,יחידה,0.00,יחידה,false,,34.90,0.0000,true,1,120540
3600541937475,false,גרניה פיור גרגרים מסיכה לעור מעורב עד שמן,לוריאל,,גרנייה פיור ניקוי 3-,יחידה,150.00,יחידה,false,,34.90,0.2327,true,1,115064
3600542309974,false,"גרנייה - דאודורנט רול און לאישה מגנזיום 50 מ""ל",סופרוקוס,,גרנייה מינרל רול און,יחידה,0.00,יחידה,false,,13.90,0.0000,true,1,164094
3600542310444,false,"גרנייה - דאודורנט ספריי לאישה מגנזיום 150 מ""ל",סופרוקוס,,גרנייה מינרל דאו ספר,יחידה,0.00,יחידה,false,,13.90,0.0000,true,1,164095
3600542385091,false,"גרנייה - דאודורנט רול און לאישה אקשן קונטרול 72 שעות 50 מ""ל",קוסמופול,,גרנייה דאו רול אקשן,יחידה,0.00,יחידה,false,,13.90,0.0000,true,1,165291
3600542385220,false,"גרנייה - דאודורנט רול און לאישה פרוטקשן 6 פלורל (סגול) 50 מ""ל",גרנייה Garnier,,גרנייה דאודורנט רול,יחידה,0.00,יחידה,false,,13.90,0.0000,true,1,164122
3600542385251,false,"גרנייה - דאודורנט רול און לאישה פרוטקשן 6 כותנה (ורוד) 50 מ""ל",גרנייה Garnier,,גרנייה דאודורנט רול,יחידה,0.00,יחידה,false,,13.90,0.0000,true,1,164119
3600542385268,false,"גרנייה - דאודורנט רול און לאישה אינביזיבל BWC (ורוד) 50 מ""ל",לוריאל ישראל קוסמטיקס בע,,גרנייה מיניראל ביוטי,יחידה,0.00,יחידה,false,,13.90,0.0000,true,1,164123
3600542385275,false,"גרנייה - דאודורנט רול און לאישה פיור אקטיב 50 מ""ל",גרנייה Garnier,,גרנייה דאודורנט רול,יחידה,0.00,יחידה,false,,13.90,0.0000,true,1,164124
3600542397926,false,"גרנייה - דאודורנט ספריי לאישה פרוטקשן 6 כותנה (ורוד) 150 מ""ל","קוסמופול, פולין",,גרנייה דאו ספרי פרו,יחידה,0.00,יחידה,false,,13.90,0.0000,true,1,165293
3600542412773,false,גרניה פיור אקטיב פיל אוף פחם מסכה 50 מל,סופרוריאל אולניי,,גרנייה פיור פיל אוף,יחידה,0.00,יחידה,false,,34.90,0.0000,true,1,184961
3600542431828,false,גרנייה - קולור נטורלס 1 שחור טבעי חדש,לוריאל ישראל קוסמטיקס בע,,קולור נטורלס 1 שחור,יחידה,0.00,יחידה,false,,19.90,0.0000,true,1,182450
3600542431859,false,גרנייה - קולור נטורלס 5 חום טבעי חדש,לוריאל ישראל קוסמטיקס בע,,קולור נטורלס 5 חום ט,יחידה,0.00,יחידה,false,,19.90,0.0000,true,1,182453
3600542431866,false,גרנייה קולור נטורלס צבע לשיער חום בהיר 6,גרנייה Garnier,,קולור נטורלס 6 חום ב,יחידה,0.00,יחידה,false,,19.90,0.0000,true,1,182454
3600542431880,false,גרנייה - קולור נטורלס 8 בלונד בהיר חדש,לוריאל ישראל קוסמטיקס בע,,קולור נטורלס 8בלונד,יחידה,0.00,יחידה,false,,19.90,0.0000,true,1,182456
3600542431910,false,גרנייה - קולור נטורלס 2.1 שחור כחול חדש,לוריאל ישראל קוסמטיקס בע,,קולור נטורלס 2.1 שחו,יחידה,0.00,יחידה,false,,19.90,0.0000,true,1,182459
3600542431927,false,גרנייה - קולור נטורלס 8.1 בלונד אפרפר בהיר חדש,לוריאל ישראל קוסמטיקס בע,,קולור נטורלס 8.1 בלו,יחידה,0.00,יחידה,false,,19.90,0.0000,true,1,182460
3600542432023,false,גרנייה - קולור נטורלס 2 שחור מעודן חדש,קוסמופול,,קולור נטורלס 2שחור מ,יחידה,0.00,יחידה,false,,19.90,0.0000,true,1,182470
3600542432061,false,גרנייה - קולור נטורלס 7.1 בלונד טבעי אפרפר חדש,קוסמופול,,קולור נטורלס 7.1 בלו,יחידה,0.00,יחידה,false,,19.90,0.0000,true,1,182474
3607340717635,false,אדידס גל רחצה לגבר אייס דייב 400 מל,קוטי ס.פ,,אדידס אייס דייב ג'ל,יחידה,0.00,יחידה,false,,11.90,0.0000,true,1,134410
3607345264356,false,"אדידס בודי ספריי לגבר דינמיק פולס, ללא אלומיניום, 150 מל",COLEPCCL,,אדידס דאו ספריי גוף,מיליליטרים,150.00,"100 מ""ל",false,,17.90,0.1193,true,1,37438
3607347415343,false,אדידס רול קונטרול קול&קר,,,אדידס נשים רול און ק,יחידה,0.00,יחידה,false,,13.90,0.0000,true,1,144983
3607347918981,false,"אדידס - דאודורנט רול און לאישה קול אנד קר 6 ב-1 50 מ""ל",דנשר,,אדידס נשים רול און 6,יחידה,0.00,יחידה,false,,13.90,0.0000,true,1,144985
3608580730279,false,בון מן מרמלדת תפוזים 370 גר,,,מרמלדת תפוזים 370 גר,גרמים,370.00,100 גרם,false,,19.90,0.0538,true,1,162504
3608580730286,false,קונפיטורה בון ממאן ארבע עונות 370 גר',אנדרוס,,בון מאמא קונפיטורה 4,גרמים,370.00,100 גרם,false,,19.90,0.0538,true,1,108819
3608580730323,false,קונפיטורה בטעם פטל 370 גר BONNE MAMAN,אנדורס,,בון מאמא קונפיטורה פ,גרמים,370.00,100 גרם,false,,19.90,0.0538,true,1,108820
3614221653715,false,"אדידס קליימקול ג'ל רחצה, 400 מ""ל",קוטי ס.פ,,אדידס קליימקול ג'ל ר,יחידה,0.00,יחידה,false,,11.90,0.0000,true,1,134412
3614223736003,false,"אדידס - דאודורנט ספריי לגבר אדיפיור 150 מ""ל",איגפק אס.איי,,דאו ספריי לגבר אדיפי,יחידה,0.00,יחידה,false,,13.90,0.0000,true,1,160548
3614223736485,false,"אדידס דאודורנט ספריי לגבר אדיפיור 200מ""ל",אדידס Adidas,,אדידס דאו ספריי לגבר,מיליליטרים,200.00,"100 מ""ל",false,,17.90,0.0895,true,1,134048
3614224050986,false,"אדידס - דאודורנט ספריי לגבר אדיפאוור 72 שעות 150 מ""ל","ב.א מזון בע""מ",,דאו ספריי לגבר אדיפו,יחידה,0.00,יחידה,false,,13.90,0.0000,true,1,160549
3614224051235,false,אדידס דאודורנט ספריי גברים אדיפוואר 200מל,אדידס Adidas,,אדידס דאודורנט גברים,מיליליטרים,200.00,"100 מ""ל",false,,17.90,0.0895,true,1,143171
3661163970448,false,"אדידס דאודורנט ספריי מקס פרש לגברים 200 מ""ל",מיוצר עי קונדיטוריית,,אדידס דאודורנט ספריי,מיליליטרים,200.00,"100 מ""ל",false,,17.90,0.0895,true,1,36974
3661163990545,false,"אדידס דאודורנט ספריי לגברים אקשיין 200 מ""ל",מיוצר עי קונדיטוריית,,אדידס דאודורנט ספריי,מיליליטרים,200.00,"100 מ""ל",false,,17.90,0.0895,true,1,37291
3661163991580,false,"אדידס - דאודורנט ספריי לאישה קול אנד קר 6 ב-1 150 מ""ל",מיוצר עי קונדיטוריית,,אדידס דאו דריי מקס א,מיליליטרים,200.00,"100 מ""ל",false,,17.90,0.0895,true,1,81247
3665468301723,false,אירוויק באז מבשם ומנטרל ריחות בניחוח לילות לבנים 237 מ'ל,רקיט בנקיזר,,איירוויק מבשם אוויר,מיליליטרים,345.00,"100 מ""ל",false,,14.90,0.0432,true,1,191381
3701086303562,false,יין ולאס פויזן רוזה,,,ולאס פויזן רוזה 750,מיליליטרים,750.00,"100 מ""ל",false,,79.90,0.1065,true,1,181364
3701086304309,false,יין ולאס לקוק סירה ב,,,לה קוק סירה בלאק - י,מיליליטרים,750.00,"100 מ""ל",false,,79.90,0.1065,true,1,191409
3701086305719,false,יין ואלס לה קוק מלבק,,,ולאס לה קוק מלבק 750,מיליליטרים,750.00,"100 מ""ל",false,,79.90,0.1065,true,1,181369
3701086306730,false,יין ואלס לה קוק שרדו,,,ולאס לה קוק שרדונה 7,מיליליטרים,750.00,"100 מ""ל",false,,79.90,0.1065,true,1,181370
3760027608869,false,ולאס דום דו פונט קבר,TIFFON,,ולאס דום דו פונט קבר,מיליליטרים,750.00,"100 מ""ל",false,,39.90,0.0532,true,1,181372
3760040427836,false,רוזה וינייה דה ניקול,צרפת פול מאס,,רוזה וינייה דה ניקול,יחידה,0.00,יחידה,false,,59.90,0.0000,true,1,115420
3760235771010,false,"יין דומיין דה בומון שאבלי 750 מ""ל",יקב רמת הגולן,,דומיין דה בומון שאבל,יחידה,0.00,יחידה,false,,109.90,0.0000,true,1,185364
3800020472712,false,חטיף קיט קאט צאנקי פופקורן 42 ג',ליימן מותגים,,קיט קט צ'אנקי פופקור,יחידה,0.00,יחידה,false,,4.50,0.0000,true,1,178686
3800034966122,false,מטהר אוייר ברפיום 68 מ''ל,,,HOME PERFUME 85 ML -,יחידה,0.00,יחידה,false,,18.90,0.0000,true,1,115029
3800034966139,false,בקבוק מקלות הום פרפי,,,בקבוק HOME PERFUME,מיליליטרים,150.00,"100 מ""ל",false,,39.90,0.2660,true,1,115030
3800034977807,false,"בקבוק ריח מקלות 50 מ""ל אריון",,,"בקבוק מקלות 50 מ""ל",יחידה,0.00,יחידה,false,,12.90,0.0000,true,1,178993
3800034979030,false,"בקבוק ריח מקלות 50 מ""ל אריון",,,"בקבוק מקלות 50 מ""ל",יחידה,0.00,יחידה,false,,12.90,0.0000,true,1,178994
3838824127224,false,פלטה סמי קיט חום בינוני 4-0 צבע שיער,שוורצקופף והנקל,,פאלטה חום בינוני 4-0,יחידה,0.00,יחידה,false,,20.00,0.0000,true,1,37444
3838824127361,false,פלטה סמי קיט ערמונים בינוני5-68 צבע שיער,שוורצקופף והנקל,,פאלטה ערמונים בינוני,יחידה,0.00,יחידה,false,,20.00,0.0000,true,1,37577
3838824128887,false,פאלטה - דלוקס שמני הזנה שוקולטה 3-65,הנקל סוד,,פאלטה דלוקס שמני הזנ,יחידה,0.00,יחידה,false,,30.00,0.0000,true,1,37173
3838824193915,false,צבע לשיער 1-0 שחור סמי קיט פאלטה,שוורצקופף והנקל,,פאלט שחור  1-0 סמי,יחידה,0.00,יחידה,false,,20.00,0.0000,true,1,37299
3838824332130,false,צבע שיער פאלטה סמי קיט 3-68 מהגוני כהה,שוורצקופף והנקל,,פלטה סמי-קיט 3-68 מה,יחידה,0.00,יחידה,false,,20.00,0.0000,true,1,126897
4000269003756,false,"ליקר קסו קסו תות שמנת 700 מ""ל",,,קסו קסו ליקר תות שמנ,יחידה,0.00,יחידה,false,,89.90,0.0000,true,1,190445
4000417019004,false,שוקולד חלב אגוזי לוז שלמים ריטר ספורט 100 גרם,ריטר ספורט Ritter sport,,שוקולד ריטר חלב אגוז,גרמים,100.00,100 גרם,false,,10.90,0.1090,true,1,37455
4000417023001,false,ריטר ספורט שוקולד חלב מעולה עם שקדים שלמים,ריטר ספורט Ritter sport,,ריטר ספורט שוק.חלב ו,גרמים,100.00,100 גרם,false,,10.90,0.1090,true,1,37176
4000417025005,false,שוקולד מריר במילוי מרציפן ריטר ספורט 100 גרם,ריטר ספורט Ritter sport,,ריטר ספורט שוק.מריר,גרמים,100.00,100 גרם,false,,9.10,0.0910,true,1,37342
4000417026002,false,שוקולד ריטר ספורט פרלין 100 גרם חלב נוכרי,ריטר ספורט Ritter sport,,ריטר ספורט שוקולד פר,גרמים,100.00,100 גרם,false,,9.10,0.0910,true,1,37401
4000417101211,false,גלילי וופל עם קרם אגוזי לוז בציפוי שוקולד חלב,אמיצ'לי Amicelli,,אמיצ'לי גלילי וופל ע,גרמים,150.00,100 גרם,false,,18.90,0.1260,true,1,181068
4000417211002,false,שוקולד חלב מעולה ממולא קרם קרמל מוקצף ושברי שקדים מומלחים,ריטר ספורט Ritter sport,,ריטר ספורט מוס קרמל,גרמים,100.00,100 גרם,false,,9.10,0.0910,true,1,116489
4000417212009,false,ריטר ספורט שוקולד מריר מעולה עם שקדים קצוצים וקליפות תפוז מסוכרות,ריטר ספורט Ritter sport,,ריטר מריר עם שקדים ק,גרמים,100.00,100 גרם,false,,10.90,0.1090,true,1,139351
4000417222008,false,שוקולד ריטר ספורט חלב+שברי אגוזים 100 גרם חלב נוכרי,ריטר ספורט Ritter sport,,ריטר ספורט חלב עם שב,יחידה,0.00,יחידה,false,,9.10,0.0000,true,1,113706
4000417224002,false,"ריטר ספורט טבלת שוקולד מריר אגוזים, 100 גרם",ריטר ספורט Ritter sport,,שוקולד ריטר ספורט מר,גרמים,100.00,100 גרם,false,,10.90,0.1090,true,1,37711
4000417294005,false,ריטר שקולד חלב במילוי קרם קקאו מוקצף,ריטר ספורט Ritter sport,,ריטר שוקולד מוס קקאו,גרמים,100.00,100 גרם,false,,9.10,0.0910,true,1,60900
4000417707000,false,שוקולד חלב מעולה עם שברי קשיו קלוי ומומלח,ריטר ספורט Ritter sport,,שוקולד ריטר חלב קשיו,גרמים,100.00,100 גרם,false,,10.90,0.1090,true,1,169989
4000417708007,false,"שוקולד ריטר ספורט מריר שקד, 100 גרם",ריטר ספורט Ritter sport,,שוקולד ריטר מריר שקד,גרמים,100.00,100 גרם,false,,10.90,0.1090,true,1,169990
4000522009747,false,"מקלות בייגלה תפו""א צ'יו 80 גרם",טרופיקל דגיל תעשיות,,בייגלה ציו מקלות 80,יחידה,0.00,יחידה,false,,3.90,0.0000,true,1,108823
4000522061752,false,בייגלה צ'יו מקלות מלוחים 100 גרם,צ'יו Chio,,צ'יאו סטיקלטי מקלות,יחידה,0.00,יחידה,false,,3.90,0.0000,true,1,97689
4000539280726,false,שוקולד לינדט אקסלנס מילד 70% 100 גר,לינדט ושפרונגלי,,לינדט אקסלנס 70% 100,גרמים,100.00,100 גרם,false,,16.00,0.1600,true,1,190526
4000539280740,false,לינדט אקסלנס 78% מוצקי קקאו 100 גרם,לינדט ושפרונגלי קילשברג,,לינדט אקסלנס 78% 100,גרמים,100.00,100 גרם,false,,16.00,0.1600,true,1,191369
4000869032569,false,"הפי מבשם ומטהר אויר ורוד מוצק יעקבי 150 מ""ל",יעקובי הפי,,הפי פרש מטהר אוויר,גרמים,150.00,100 גרם,false,,6.00,0.0400,true,1,37363
4001507161948,false,קווקר פתיתי שיבולת שועל דקה 500 גר,פורטין מולנברקה ג'ב,,קווקר פתיתי שיבולת ש,גרמים,500.00,100 גרם,false,,6.90,0.0138,true,1,112423
4001518106112,false,טורינוס מקלות פריכים עם רוזמרין 125 גרם,גריסון,,טורינוס מקלות פריכים,גרמים,125.00,100 גרם,false,,15.90,0.1272,true,1,166757
4002448017684,false,"סיליט באנג ספריי ניקוי כללי מסיר אבנית 750 מ""ל",הדקלאים אגודת שיתופי,,סיליט באנג ספריי רב,מיליליטרים,750.00,"100 מ""ל",false,,13.90,0.0185,true,1,43469
4002575016253,false,מרציפן מצופה שוקולד זנטיס 100 גרם,הדקלאים אגודת שיתופי,,מרציפן 100 גר,גרמים,100.00,100 גרם,false,,9.10,0.0910,true,1,43470
4002590000039,false,סוכריות בטעם פירות הדר קלפני 150 גרם,ליימן מותגים,,סוכריות קלפני הדרים,גרמים,150.00,100 גרם,false,,10.10,0.0673,true,1,37402
4002590000046,false,סוכריות בטעם מנטה מרענן קלפני 150 גרם,ליימן מותגים,,סוכריות קלפני מרענן,גרמים,150.00,100 גרם,false,,10.10,0.0673,true,1,36985
4002590000633,false,קלפני סוכריות קשות בטעם פירות,ליימן מותגים,,סוכריות קלפני פירות,גרמים,150.00,100 גרם,false,,10.10,0.0673,true,1,43473
4002603087767,false,אייסקונפקט סילנדר 800ג',,,אייסקונפקט 800 גרם,גרמים,800.00,100 גרם,false,,44.90,0.0561,true,1,53633
4002720004371,false,קפה אספרסו קלוי וטחון 250 גרם BELLA CREMA,Melitta Kaffee GmbH,,מליטה קפה אספרסו קלו,גרמים,250.00,100 גרם,false,,24.90,0.0996,true,1,29958
4002720005736,false,מליטה קפה לפילטר פרימיום 250 גרם,המאפיה של הרמן,,מליטה פרימיום קפה פי,גרמים,250.00,100 גרם,false,,19.00,0.0760,true,1,37348
4003754081000,false,מרציפן חטיף 100 גר CARSTENS ERASMI,Erasmi & Carstens Gm,,מרציפן חטיף 100 גרם,יחידה,0.00,יחידה,false,,8.90,0.0000,true,1,61234
4004666107819,false,"מלרוד - מרסס לניקוי וטיהור המזגן 500 מ""ל",מלרוד,,מלרוד לניקוי וטיהור,מיליליטרים,500.00,"100 מ""ל",false,,26.90,0.0538,true,1,143343
4004666111656,false,"ג'ל פעיל להשמדת עובש 250 מ""ל מרלוד",מלרוד,,מלרוד ג'ל פעיל להשמד,מיליליטרים,250.00,"100 מ""ל",false,,29.90,0.1196,true,1,181230
4005808128631,false,ניוואה 500 גל רחצה לגבר תמציות ליים,ביירסדורף,,N SPORT SHOWER GEL B,מיליליטרים,500.00,"100 מ""ל",false,,14.90,0.0298,true,1,113001
4005808366392,false,שפתון ליובש כחול קלאסי לבלו 48 גרם,טרופיקל דגיל תעשיות,,לבלו שפתון כחול בליס,יחידה,0.00,יחידה,false,,9.90,0.0000,true,1,88552
4005808406029,false,"ניוואה - תחליב רחצה סופט 750 מ""ל",ביירסדורף,,ניואה קרם רחצה סופט,מיליליטרים,750.00,"100 מ""ל",false,,17.90,0.0239,true,1,138653
4005808502004,false,לבלו שפתון סופט ורוד בליסטר 5.5מל,ביירסדורף,,שפתון לבלו ורוד בשרי,יחידה,1.00,יחידה,false,,9.90,9.9000,true,1,147481
4005808515554,false,ניוואה סופט קרם רב שימושי מרקם עדין 300מ,HELLAS BEIERSDORF,,ניוואה קרם רב שימושי,מיליליטרים,300.00,"100 מ""ל",false,,29.90,0.0997,true,1,189806
4005808571246,false,ניוואה מסיר איפור לעיניים דאבל אפקט,HELLAS BEIERSDORF,,מסיר איפור לעיניים-,יחידה,0.00,יחידה,false,,39.90,0.0000,true,1,156286
4005808668847,false,"ניוואה תרחיץ פנים עדין לעור יבש 150 מ""ל",HELLAS BEIERSDORF,,ג'ל ניקוי לעור עדין,יחידה,0.00,יחידה,false,,16.90,0.0000,true,1,156287
4005808698103,false,ניוואה תחליב גוף סמוד לעור יבש 500 מל,בטר אנד דיפרנט,,ניוואה תחליב גוף SMO,מיליליטרים,500.00,"100 מ""ל",false,,27.90,0.0558,true,1,158173
4005808811519,false,"ניוואה ג'ל לניקוי פנים לעור רגיל, 150 מ""ל",HELLAS BEIERSDORF,,ג'ל ניקוי לעור רגיל/,יחידה,0.00,יחידה,false,,16.90,0.0000,true,1,156284
4005808813001,false,תחליב לחות לאחר גילוח ניוואה,ביירסדורף,,ניוואה לגבר תחליב לח,מיליליטרים,100.00,"100 מ""ל",false,,49.90,0.4990,true,1,77519
4005808813063,false,תחליב לחות לעור רגיש לאחר גילוח,בטר אנד דיפרנט,,"ניוואה א""ש קרם לחות",מיליליטרים,100.00,"100 מ""ל",false,,49.90,0.4990,true,1,70329
4005808817603,false,ג'ל גילוח עם אלוורה Protect & Care,ביירסדורף,,ג'ל גילוח ניוואה עדי,מיליליטרים,200.00,"100 מ""ל",false,,19.90,0.0995,true,1,77517
4005808847020,false,ניוואה ויסאז אקווה סנסיישן קרם לחות,ביירסדורץ,,אקווה סנסשיין -קרם ל,יחידה,0.00,יחידה,false,,69.90,0.0000,true,1,156279
4005808850723,false,לבלו שפתון תות בליסטר,טרופיקל דגיל תעשיות,,לבלו שפתון תות בליסט,יחידה,0.00,יחידה,false,,9.90,0.0000,true,1,77511
4005900036445,false,"ניוואה - דאודורנט רול און לאישה בלק&וויט פיור 50 מ""ל",ביירסדורף,,ניוואה דאודורנט רול,מיליליטרים,50.00,"100 מ""ל",false,,13.90,0.2780,true,1,139366
4005900036506,false,"ניוואה - דאודורנט רול און לגבר שקוף בלק 50 מ""ל",טרופיקל דגיל תעשיות,,ניוואה דאו.רולאון לג,מיליליטרים,50.00,"100 מ""ל",false,,13.90,0.2780,true,1,34854
4005900036568,false,ניוואה דאודורנט רולאון ספריי לאישה בלק אנד וויט 150 מ''ל,ביירסדורף AG,,ניוואה דאודורנט ספרי,מיליליטרים,150.00,"100 מ""ל",false,,13.90,0.0927,true,1,139367
4005900037909,false,"ניוואה - דאודורנט ספריי לאישה אינויזיבל פיור 150 מ""ל",ביירסדורץ,,ניוואה דאודורנט ספרי,מיליליטרים,150.00,"100 מ""ל",false,,13.90,0.0927,true,1,139360
4005900092403,false,"ניוואה קרם יום אנטי אייג' 35+ 50 מ""ל",ביירסדורף,,ניוואה קרם יום המסיי,יחידה,0.00,יחידה,false,,69.90,0.0000,true,1,156280
4005900092427,false,"ניוואה קרם לילה אנטי אייג' 35+ 50 מ""ל",ביירסדורף,,ניוואה קרם לילה מילו,יחידה,0.00,יחידה,false,,69.90,0.0000,true,1,156281
4005900138842,false,"ניוואה - תחליב רחצה סמוט 750 מ""ל",ניואה,,ניוואה תחליב רחצה 75,יחידה,0.00,יחידה,false,,17.90,0.0000,true,1,175645
4005900485243,false,"ניוואה - דאודורנט רול און לגבר דריי פרש 50 מ""ל",ביירסדורף,,ניוואה רול און דריי,מיליליטרים,50.00,"100 מ""ל",false,,13.90,0.2780,true,1,138593
4005900513069,false,"ניוואה - דאודורנט רול און לגבר דיפ 50 מ""ל",ביירסדורף,,ניוואה דאודורנט רולא,יחידה,0.00,יחידה,false,,13.90,0.0000,true,1,138490
4005900521262,false,"ג'ל רחצה לגבר פיור אימפקט ניוואה 500 מ""ל",ביירסדורף,,ניוואה ג'ל רחצה DEEP,מיליליטרים,500.00,"100 מ""ל",false,,14.90,0.0298,true,1,138493
4005900555915,false,"ניוואה - תחליב רחצה קוקוס וחוחובה 750 מ""ל",ביירסדורף AG,,ניוואה תחליב רחיצה 7,יחידה,0.00,יחידה,false,,17.90,0.0000,true,1,165170
4005900648181,false,"ניוואה - תחליב רחצה אלוורה 750 מ""ל",ביירסדורף AG,,ניוואה תחליב רחצה 75,יחידה,0.00,יחידה,false,,17.90,0.0000,true,1,175646
4005900730275,false,"ניוואה דאו ספריי לאשה בלק אנד וויט אימפקט 150 מ""ל",ביירסדורף AG,,ניוואה דאודורנט ספרי,מיליליטרים,150.00,"100 מ""ל",false,,13.90,0.0927,true,1,192141
4005900828088,false,"ניוואה - דאודורנט רול און לגבר פרש 50 מ""ל",טרופיקל דגיל תעשיות,,דאודורנט רולאון לגבר,מיליליטרים,50.00,"100 מ""ל",false,,13.90,0.2780,true,1,34840
4005900835642,false,"ניקוי פילינג מסכה לפנים 3 ב 1 150 מ""ל ניוואה",ניואה,,ניוואה ניקוי חימר 3,מיליליטרים,150.00,"100 מ""ל",false,,29.90,0.1993,true,1,186068
4005900874962,false,"ניוואה - דאודורנט רול און לגבר דיפ בלק 50 מ""ל",ביירסדורף AG,,ניוואה מן דאודורנט ר,יחידה,0.00,יחידה,false,,13.90,0.0000,true,1,188965
4006298004108,false,"בירה טוכר דונקל הפוויצן 500 מ""ל",מבשלת טוכר,,בירה טוכר דונקל הפוו,מיליליטרים,500.00,"100 מ""ל",false,,12.90,0.0258,true,1,155160
4006387084578,false,קנקן בריטה Marella כחול + פילטר Maxtra,בריטה Brita,,קנקן בריטה כחול מארי,יחידה,0.00,יחידה,false,,129.90,0.0000,true,1,133532
4006508177325,false,מטליות לניקוי משקפיים,סווירל Swirl,,מטליות לניקוי משקפיי,יחידה,0.00,יחידה,false,,12.90,0.0000,true,1,81919
4006814000751,false,סנטה בודד עם כובע 80 גר,WAWI GROUP,,סנטה בודד עם כובע 80,גרמים,80.00,100 גרם,false,,13.90,0.1738,true,1,127656
4006814011061,false,שוקולד סנטה קלאוז בו,WAWI Euro Gmbh,,סנטה בודד 60 ג' WAWI,גרמים,60.00,100 גרם,false,,4.90,0.0817,true,1,127755
4006814011108,false,שוקולד סנטה קלאוז בו,WAWI-EURO,,סנטה בודד 150 ג' WAW,גרמים,150.00,100 גרם,false,,8.90,0.0593,true,1,127756
4006814071003,false,שוקולד סנטה שקית 100,WAWI-EURO,,סנטה שקית 100 ג' WAW,גרמים,100.00,100 גרם,false,,9.90,0.0990,true,1,127757
4006814072000,false,שוקולד סנטה שקית 200,WAWI Euro Gmbh,,סנטה שקית 200 ג' WAW,גרמים,200.00,100 גרם,false,,14.90,0.0745,true,1,194127
4008102002867,false,גרגירים להכנת תה לימון מילפורד 400 גרם,ליימן מותגים,,מילפורד תה גרגרים בט,גרמים,400.00,100 גרם,false,,16.00,0.0400,true,1,53641
4009300522935,false,תה ירוק פומפדור לימונית ולואיזה 20 יחידות,"איטיליאן פוד, אס.פי.",,פומפדור תה ירוק לימו,יחידה,20.00,יחידה,false,,19.20,0.9600,true,1,45251
4009300524588,false,חליטת צמחים פומפדור פירות יער 20 יחידות,פומפדור Pompadour,,פומפדור חליטת פירות,יחידה,20.00,יחידה,false,,16.20,0.8100,true,1,45544
4009300525684,false,חליטת צמחים פומפדור ג'ינג'ר ולימון 20 יחידות,פומפדור Pompadour,,פומפדור חליטת לימון,יחידה,20.00,יחידה,false,,16.20,0.8100,true,1,29485
4009300528821,false,תה ירוק פומפדור ג'ינגר וקינמון 20 יחידות,פומפדור Pompadour,,פומפדור תה ירוק ג'נג,יחידה,0.00,יחידה,false,,19.20,0.0000,true,1,144059
4009300529514,false,תה חליטת פומפדור פירות אוכמניות 20 יח,TEEKANNE- POMPADOU,,פומפדור חליטת פירות,גרמים,45.00,גרם,false,,19.90,0.4422,true,1,189228
4009300529552,false,תה חליטת פומפדור פירות אפרסק 20 יח,TEEKANNE- POMPADOU,,פומפדור חליטת פירות,גרמים,45.00,גרם,false,,19.90,0.4422,true,1,189230
4009300529576,false,תה חליטת פומפדור פירות רימונים 20 יח,TEEKANNE- POMPADOU,,פומפדור חליטת פירות,יחידה,0.00,יחידה,false,,16.20,0.0000,true,1,178083
4009309740422,false,רסק תפוחים אורגני – נטורפוד 700 גרם,נטורפוד,,נטורפוד רסק תפוחים א,יחידה,0.00,יחידה,false,,18.90,0.0000,true,1,130903
4009900379564,false,מסטיק הובה בובה Hubba Bubba טייפ בטעם פירות,מרס ריגלי קונפקשונרי,,הובה בובה פירות טייפ,יחידה,0.00,יחידה,false,,6.60,0.0000,true,1,37723
4009900385824,false,מסטיק אורביט פפרמינט סטיקס משפחתי-חמישיות,ריגלי צרפת,,אורביט סטיקס פפרמינט,יחידה,0.00,יחידה,false,,10.00,0.0000,true,1,72364
4009900402965,false,אורביט וויט בטעם פירות בקבוקון 46מלבניות,ריגלי פולין,,אורביט וויט פירות בק,יחידה,0.00,יחידה,false,,10.90,0.0000,true,1,60384
4009900403023,false,אורביט וויט בטעם מנטה בקבוקון 46 מלבניות,"ב.א מזון בע""מ",,אורביט וויט מנטה בקב,יחידה,0.00,יחידה,false,,10.90,0.0000,true,1,60383
4009900420129,false,מסטיק אורביט פרופשנל פפרמינט בקבוקון 64 גר',מרס נדרלנד,,אורביט פרופשיונל פפר,יחידה,0.00,יחידה,false,,10.90,0.0000,true,1,139179
4009900426121,false,מסטיק אורביט איירוויז בקבוקון אוכמניות 64ג',איירוויבס Airwaves,,בקבוקון איירוויבז או,יחידה,0.00,יחידה,false,,10.90,0.0000,true,1,119536
4009900455299,false,"סוכרית ג'לי אדומה 174 גרם ""סקיטלס""",ריגלי ממתקים,,סקיטלס פירות 174 גרם,גרמים,174.00,100 גרם,false,,8.90,0.0511,true,1,97133
4009900465304,false,סוכריות סקיטלס פירות חמוצים 174 גרם,ריגלי ממתקים,,סקיטלס פירות חמוצים,גרמים,174.00,100 גרם,false,,8.90,0.0511,true,1,97134
4009900479998,false,אורביט וויט אוכמניות בקבוקון 46 מלבניות,ריגלי פולין,,אורביט מסטיק בקבוקון,יחידה,0.00,יחידה,false,,10.90,0.0000,true,1,97132
4009900482417,false,מסטיק אורביט פירות מנטה בקבוקון באבל מינט 45יח,ריגלי פולין,,אורביט באבל מינט בקב,יחידה,0.00,יחידה,false,,10.90,0.0000,true,1,69271
4009900483803,false,מסטיק איירובס מנטה אקליפטוס בקבוקון 60יח',איירוויבס Airwaves,,אירוובס בקבוק מנטה א,יחידה,0.00,יחידה,false,,13.00,0.0000,true,1,141154
4009900484060,false,מסטיק אורביט פרופשיונל בטעם מנטה ללא סוכר,ריגלי פולין,,אורביט פרופשיונל מנט,יחידה,60.00,יחידה,false,,13.00,0.2167,true,1,70672
4009900484091,false,מסטיק אורביט פרופשיונל בטעם מנטה ללא סוכר,ריגלי פולין,,אורביט פרופשיונל ספי,יחידה,0.00,יחידה,false,,13.00,0.0000,true,1,70673
4009900484305,false,מסטיק אורביט פרופשיונל סוויטמינט ביגי לבן 60יח',אורביט Orbit,,אורביט בקבוק חיסכון,יחידה,60.00,יחידה,false,,13.00,0.2167,true,1,70674
4009900487283,false,אורביט ילדים קלאסי סט' משפחתי-חמישיות,ריגלי צרפת,,אורביט סטיקס טעם פיר,יחידה,0.00,יחידה,false,,10.00,0.0000,true,1,72367
4009900491044,false,מסטיק איירובס אוכמניות בקבוקון 60יח',איירוויבס Airwaves,,אירוובס בקבוק אוכמני,יחידה,0.00,יחידה,false,,13.00,0.0000,true,1,141155
4009900509770,false,אורביט באריזת בקבוק בטעם תות 60 יח',אורביט Orbit,,אורביט בקבוק חיסכון,יחידה,60.00,יחידה,false,,13.00,0.2167,true,1,113199
4009900525138,false,"וויט גומי לעיסה בטעם תות ללא סוכר, 64 ג' אורפיט",ריגלי,,אורביט וויט תות בקבו,יחידה,0.00,יחידה,false,,10.90,0.0000,true,1,149306
4009900531122,false,"מסטיק בטעם מנטה ספירמינט, 64 ג' פרופשיונל אורפיט",מרס נדרלנד,,אורביט פרופשיונל ספי,יחידה,0.00,יחידה,false,,10.90,0.0000,true,1,139180
4009900531573,false,סוכריות סקיטלס סמודיס בטעמי יוגורט ופירות,סקיטלס Skittles,,סקיטלס סמודיס 174 גר,גרמים,174.00,100 גרם,false,,8.90,0.0511,true,1,143248
4009900532327,false,סוכריות סקיטלס סמודיס בטעמי יוגורט ופירות,ריגלי ממתקים,,סקיטלס סמודיס 38ג,יחידה,0.00,יחידה,false,,3.00,0.0000,true,1,143247
4009900534918,false,סקיטלס גאיינט פירות 141 גרם,ריגלי,,סקיטלס ג'יינט פירות,גרמים,141.00,100 גרם,false,,8.90,0.0631,true,1,177288
4009900536288,false,מסטיק אורביט רפרשרס פפרמינט בקבוקון ללא סוכר 67 גר',מרס ריגלי קונפקשונרי,,מסטיק אורביט רפרשרס,יחידה,0.00,יחידה,false,,11.90,0.0000,true,1,169475
4009900536486,false,מסטיק אורביט רפרשרס באבלמינט בקבוקון ללא סוכר 67 גר',מרס ריגלי קונפקשונרי,,מסטיק אורביט רפרשרס,יחידה,0.00,יחידה,false,,11.90,0.0000,true,1,169476
4009900539340,false,סוכריות סקיטלס ג'יינט סאוור 141 גרם,מרס ריגלי קונפקשונרי,,סקיטלס ג'יינט סאוור,גרמים,141.00,100 גרם,false,,8.90,0.0631,true,1,179894
4009900539685,false,"מסטיק פייב באונס בטעם מנטה בקבוקון, 61.8 גרם",ריגלי בעמ רוסיה,,מסטיק פייב באונס בטע,יחידה,0.00,יחידה,false,,11.90,0.0000,true,1,190562
4009900539746,false,"מסטיק פייב באונס בטעם אבטיח בקבוקון, 61.8 גרם",ריגלי בעמ רוסיה,,מסטיק פייב באונס בטע,יחידה,0.00,יחידה,false,,11.90,0.0000,true,1,190564
4011800290030,false,חטיף חלבון עם שוקולד חלב ללא תוספת סוכר,קורני,,קורני חלבון שוקו 50,יחידה,0.00,יחידה,false,,9.90,0.0000,true,1,189365
4011800528416,false,קורני חטיף דגנים עם בוטנים מתוק-מלוח*6,שוורטאוור וורקה,,קורני בייס סויט & סו,יחידה,6.00,יחידה,false,,12.90,2.1500,true,1,149304
4011800628512,false,חטיף קורני שוקולד חלב 6 יח 150 גר,מיוצר עי קונדיטוריית,,קורני חטיף דגנים עם,יחידה,6.00,יחידה,false,,12.90,2.1500,true,1,37492
4011800629519,false,"מארז חטיפי דגנים אגוזים ""קורני""",שוורטאוור וורקה,,קורני חטיף דגנים עם,יחידה,6.00,יחידה,false,,12.90,2.1500,true,1,37491
4011800630515,false,חטיף קורני שוקולד חלב ובננה 6 יח 150 גר,מיוצר עי קונדיטוריית,,קורני חטיף דגנים עם,יחידה,6.00,יחידה,false,,12.90,2.1500,true,1,37593
4011800633516,false,קורני שוקולד מריר מעולה 58% קקאו 6*1,שוורטאוור וורקה,,קורני חטיף דגנים עם,יחידה,6.00,יחידה,false,,12.90,2.1500,true,1,37191
4011800636517,false,קורני פרי שוקולד חלב מעולה ללא סוכר 6*1,מיוצר עי קונדיטוריית,,קורני פרי חטיף דגנים,יחידה,6.00,יחידה,false,,12.90,2.1500,true,1,37731
4013197767027,false,סוכריות קשות בטעם דובדבן,(EITAN (CHOCOTRADE,,סוכריות דובדבן 200 ג,גרמים,200.00,100 גרם,false,,10.90,0.0545,true,1,81234
4013227013414,false,פינה קולדה Surfers pina colada,קוימנס רויאל,,פינייה קולדה,יחידה,0.00,יחידה,false,,49.90,0.0000,true,1,107880
4014400900217,false,בונבונריית מרסי מבחר ממתקי שוקולד 400 גרם,קריניציה ויטמינה אס,,בונבונירה מרסי 400 ג,גרמים,400.00,100 גרם,false,,49.90,0.1247,true,1,37965
4014400901191,false,בונבונריית מרסי מבחר ממתקי שוקולד 250 גרם,אוגוסט שטורק,,בונבונירה מרסי 250 ג,גרמים,250.00,100 גרם,false,,25.00,0.1000,true,1,37416
4014400904277,false,סוכריות בטעם מנטה אייס פרש סטורק 425 גרם,תות ממתקי איכות,,סוכריות אייס פרש 425,גרמים,425.00,100 גרם,false,,14.90,0.0351,true,1,37968
4014400904307,false,סוכריות בטעם פירות קליפורניה סטורק 425 גרם,קריניציה ויטמינה אס,,סוכריות קליפרניה 425,גרמים,425.00,100 גרם,false,,14.90,0.0351,true,1,37197
4014400904376,false,סוכריות טופי בטעם שוקולד סטורק 325 גרם,קריניציה ויטמינה אס,,סוכריות שוקולדן 325ג,גרמים,325.00,100 גרם,false,,14.90,0.0458,true,1,37229
4014400904390,false,סוכריות טופי ממולא חלב סטורק 325 גרם,קריניציה ויטמינה אס,,סוכריות וולמליש 325ג,גרמים,325.00,100 גרם,false,,14.90,0.0458,true,1,37603
4014400910063,false,וורטרס אורגינל סוכריות חמאה בשקית,וורטר'ס אורגינל,,סוכריות וורטר 135 גר,גרמים,135.00,100 גרם,false,,9.90,0.0733,true,1,37379
4014400913910,false,וורטרס אורגינל סוכריות חמאה ממולאות קרם קרמל בשקית,תות ממתקי איכות,,סוכריות וורטר במילוי,גרמים,125.00,100 גרם,false,,9.90,0.0792,true,1,79213
4014400914696,false,וורטרס אורגינל סוכריות ללא סוכר 80 גרם,ליימן מותגים,,וורטר אורגינל סוכריו,יחידה,0.00,יחידה,false,,9.90,0.0000,true,1,53663
4014400914924,false,"סוכריות בטעם קפה וורטר אורגינל לל""ס 80 גרם",קריניציה ויטמינה אס,,וורטר אוריגינל סוכרי,יחידה,0.00,יחידה,false,,9.90,0.0000,true,1,37232
4014400923711,false,בונבוניירה שוקולד אגוזים טופיפי 125 גרם,ליימן מותגים,,"טופיפי 125 גרם כשל""פ",גרמים,125.00,100 גרם,false,,12.90,0.1032,true,1,120951
4014400925319,false,וורטרס אורגינל פופקורן קרמל 140 גרם,וורטרס Werther's,,וורטר פופקורן קרמל 1,גרמים,140.00,100 גרם,false,,14.90,0.1064,true,1,161662
4014400929010,false,וופל מיני קנופרס 200 גר 10 גר*20 יחידות,אוגוסט שטורק,,וופל מיני קנופרס 200,גרמים,200.00,100 גרם,false,,15.90,0.0795,true,1,187977
4014400931327,false,ורטרס אורגינל פופקורן עם קרמל זרעי דלעת 1/12,וורטרס Werther's,,וורטרס אורגינל פופקו,גרמים,140.00,100 גרם,false,,14.90,0.1064,true,1,187982
4014964117663,false,בירה קוסטריצה מיני חבית 5 ליטר,קוסטריצר,,בירה קוסטריצר מיני ח,ליטרים,5.00,ליטר,false,,109.90,21.9800,true,1,121956
4015000031394,false,"ספטיל - משחה להסרת כתמים 200 מ""ל",קריות זול,,"סיל ספטיל 200 מ""ל",מיליליטרים,200.00,"100 מ""ל",false,,13.90,0.0695,true,1,61269
4015000537049,false,"גליס מרכך ומשקם לשיער אקספרס שוורצקוף 200 מ""ל",שוורצקוף,,גליס מרכך שיער יבש א,יחידה,0.00,יחידה,false,,24.90,0.0000,true,1,174534
4015000615884,false,"פה - דאודורנט ספריי לאישה קריביין לימון 200 מ""ל",שוורצקופף והנקל,,פה דאודורנט קריביין,מיליליטרים,200.00,"100 מ""ל",false,,11.90,0.0595,true,1,43494
4015000615921,false,"פה - דאודורנט ספריי לגבר ספורט 200 מ""ל",שוורצקופף והנקל,,פה דאודורנט ספורט ספ,מיליליטרים,200.00,"100 מ""ל",false,,11.90,0.0595,true,1,37605
4015000940948,false,מרכך גליס Gliss שיקום נזק קיצוני אולטימט ריפייר,שוורצקוף Schwarzkopf,,גליס שיקום אולטימטיב,מיליליטרים,400.00,"100 מ""ל",false,,15.90,0.0398,true,1,155949
4015000940955,false,שמפו גליס Gliss שיקום נזק קיצוני אולטימט ריפייר,שוורצקופף והנקל,,גליס שמפו אולטימט רי,מיליליטרים,400.00,"100 מ""ל",false,,15.90,0.0398,true,1,37504
4015000976268,false,שמפו גליס Gliss למראה שיער מבריק Million Gloss,"הובי קוסמטיק, חברת ייצור",,גליס שמפו מיליון גלו,מיליליטרים,400.00,"100 מ""ל",false,,15.90,0.0398,true,1,78446
4015000976275,false,מרכך גליס Gliss למראה שיער מבריק Million Gloss,שוורצקופף והנקל,,גליס מרכך מיליון גלו,מיליליטרים,400.00,"100 מ""ל",false,,15.90,0.0398,true,1,78477
4015000995122,false,"דאודורנט פה ספריי כח המשיכה 200 מ""ל",שוורצקופף והנקל,,פה דאודורנט ספריי 20,מיליליטרים,200.00,"100 מ""ל",false,,11.90,0.0595,true,1,79576
4015000996204,false,"גליס שמפו אולטימט שמן אלקסייר 400 מ""ל",שוורצקופף והנקל,,גליס שמפו אלקסיר 400,מיליליטרים,400.00,"100 מ""ל",false,,15.90,0.0398,true,1,69439
4015000996273,false,"גליס מרכך אולטימטיב שמן אלקסייר 400 מ""ל","הובי קוסמטיק, חברת ייצור",,גליס קונדישינר אלקסי,מיליליטרים,400.00,"100 מ""ל",false,,15.90,0.0398,true,1,69438
4015000997430,false,פה דאודורנט ספריי אינויזיבל פאוור 200 מל,שוורצקופף והנקל,,פה דאודורנט בלתי נרא,מיליליטרים,200.00,"100 מ""ל",false,,11.90,0.0595,true,1,70696
4015100204087,false,סאיוס ספריי לשיער סלון פלאקס 250מל,הנקל סוד,,סאיוס סלון פלקס ספרי,יחידה,0.00,יחידה,false,,27.90,0.0000,true,1,156492
4015100325355,false,פלטה דלוקס קיט 4-0 חום בינוני עדין,שוורצקופף & הנקל דיסלדור,,פאלטה דלוקס קיט 0- 4,יחידה,0.00,יחידה,false,,30.00,0.0000,true,1,155947
4015400746812,false,מגני תחתון אולוויז נורמל עם ניחוח מגה פק,פרוקטר אנד גמבל,,אולוויז מגן תחתון נו,יחידה,80.00,יחידה,false,,19.90,0.2487,true,1,116502
4015600762742,false,שמפו יומיומי למניעת קשקשים הנוסחה הקלאסית,הד אנד שולדרס H&S,,הד אנד שולדרס שמפו 5,מיליליטרים,500.00,"100 מ""ל",false,,19.90,0.0398,true,1,69076
4015600762780,false,שמפו וקונדישינר יומיומי למניעת קשקשים הנוסחה הקלאסית 2in1,הד אנד שולדרס H&S,,הד אנד שולדרס שמפו 2,מיליליטרים,500.00,"100 מ""ל",false,,19.90,0.0398,true,1,69084
4015600762902,false,"האד אנד שולדרס שמפו מנטול 500 מ""ל",פרוקטל אנד גמבל,,הד אנד שולדרס שמפו מ,מיליליטרים,500.00,"100 מ""ל",false,,19.90,0.0398,true,1,69524
4015600766900,false,"שמפו ומרכ ך נגד קשקשים 500 מ""ל הד אנד שולדרס",פרוקטל אנד גמבל,,הד אנד שולדרס שמפו,מיליליטרים,500.00,"100 מ""ל",false,,19.90,0.0398,true,1,77656
4017100198151,false,בלזן היט ביסקוויט עם מלית קרם בטעם וניל (41%) 220 גרם,הדקלאים אגודת שיתופי,,היט עוגיות סנדביץ בט,גרמים,220.00,100 גרם,false,,8.90,0.0405,true,1,105275
4017100210105,false,גלילי וופל בלזן וופלטן שוקו' מריר 100ג',הדקלאים אגודת שיתופי,,בלזן גלילי וופל מריר,גרמים,125.00,100 גרם,false,,10.90,0.0872,true,1,104757
4017100219900,false,בלזן וופלטן וופל מגולגל מצופה שוקולד חלב 100 גרם,הדקלאים אגודת שיתופי,,בלזן גלילי וופל חלב,גרמים,100.00,100 גרם,false,,10.90,0.1090,true,1,37979
4017100290008,false,בלזן בסקויט חמאה מצופה שוקולד חלב 125 גרם,הדקלאים אגודת שיתופי,,לייבניז עוגיות שוק.ח,גרמים,125.00,100 גרם,false,,10.90,0.0872,true,1,37686
4017100291005,false,בלזן לייבניז בסקויט חמאה מצופה שוקולד מריר 125 גרם,הדקלאים אגודת שיתופי,,בלזן בסקויט מצופה שו,גרמים,125.00,100 גרם,false,,10.90,0.0872,true,1,37467
4017100364112,false,בלזן היט בסקוויט סנדביץ עם מלית קרם בטעם שוקולד קקאו (41%) 220 גרם,הדקלאים אגודת שיתופי,,היט עוגיות סנדביץ בט,גרמים,220.00,100 גרם,false,,8.90,0.0405,true,1,100810
4018722100188,false,אלב גולד-אטריות רחבות כוסמין וביצים 250 גרם,אלב גולד,,אלב גולד אטריות רחבו,גרמים,250.00,100 גרם,false,,16.90,0.0676,true,1,145735
4018722102656,false,ספגטי כוסמין אורגני 500 גרם,אלב גולד,,אלב גולד ספגטי כוסמי,גרמים,500.00,100 גרם,false,,19.90,0.0398,true,1,145738
4018722303459,false,אלב גולד - מקרוני כוסמין אורגני,אלב גולד,,אלב גולד מקרוני כוסמ,גרמים,250.00,100 גרם,false,,13.90,0.0556,true,1,145739
4022025250006,false,"יין ""בלו נאן"" אותנטיק",bluenun,,בלו נאן ריינהסן 750,מיליליטרים,750.00,"100 מ""ל",false,,44.90,0.0599,true,1,84207
4022025371039,false,בלו נאן מבעבע כחול ח,בלו נאן,,בלו נאן מבעבע כחול ח,יחידה,0.00,יחידה,false,,49.90,0.0000,true,1,141035
4022025372036,false,"בלו נאן מבעבע יבש מהדורת הזהב 750 מ""ל",,,בלו נאן יבש מבעבע מה,מיליליטרים,750.00,"100 מ""ל",false,,49.90,0.0665,true,1,84208
4022025390030,false,יין בלו נאן ריזלינג 750 מל,לנגוט,,בלו נאן ריזלינג 750,מיליליטרים,750.00,"100 מ""ל",false,,44.90,0.0599,true,1,122484
4023800122105,false,מרציפן לא מצופה 82 גרם,,,מרציפן לא מצופה 82 ג,יחידה,0.00,יחידה,false,,7.90,0.0000,true,1,157448
4023800231647,false,בונבוניירה מוצארט 200 גרם Mozartkugeln,,,בונ מוצרט קוגל 200 ג,גרמים,200.00,100 גרם,false,,27.90,0.1395,true,1,164293
4025700001962,false,מילקה טבלה 100 גר' לבן 1/22 (4248023),פי אר ג'יי אס סי מונ,,מילקה שוקולד לבן 100,גרמים,100.00,100 גרם,false,,8.00,0.0800,true,1,155420
4028208000284,false,נייר פילטר מספר 4 - BRIGITTA ובו 80 יחידות,Melitta Kaffee GmbH,,בריגיטה מספר 4 נייר,יחידה,80.00,יחידה,false,,12.20,0.1525,true,1,37688
4037719066009,false,סוכריות בצנצנת שי 996 גרם,,,סוכריות בצנצנת 966 ג,גרמים,966.00,100 גרם,false,,45.00,0.0466,true,1,37981
4052197000925,false,"בירה בנדקטינר כהה בקבוק 500 מ""ל",בנדיקטינר וויצבראו,,בירה בנדיטינר כהה דו,מיליליטרים,500.00,"100 מ""ל",false,,10.90,0.0218,true,1,114717
4061445096726,false,קפה דוידוף מגורען 100 גר RICH AROMA,"טשיבו, אספי.זד.או.או",,דוידוף קפה ריץ ארומה,גרמים,100.00,100 גרם,false,,22.90,0.2290,true,1,194447
4066600601920,false,פאולנר ביתר חיטה מעוננת 500 מל,פאולנר Paulaner,,בירה פואלנר פחית 500,מיליליטרים,500.00,"100 מ""ל",false,,12.90,0.0258,true,1,122396
4066600999614,false,"בירה פאולנר, בירת חיטה מעוננת, בקבוק 500 מ""ל",מבשלת פאולנר,,"בירה פאולנר 500 מ""ל",מיליליטרים,500.00,"100 מ""ל",false,,11.90,0.0238,true,1,134239
4067700014849,false,ליקר ייגרמייסטר כשר,פארייפאבה אגרואינדוס,,יגרמייסטר בקבוק חדש,יחידה,0.00,יחידה,false,,89.90,0.0000,true,1,120047
4079400182742,false,בירה וולטרס פילסנר ב,,,וולטרס בירה פילסנר ש,יחידה,6.00,יחידה,false,,29.90,4.9833,true,1,123886
4079400330129,false,"בירה פילסנר וולטרס 4.9% 500 מ""ל בפחית",,,וולטרס בירה פילסנר פ,מיליליטרים,500.00,"100 מ""ל",false,,5.90,0.0118,true,1,114724
4084500371453,false,"אבקת כביסה אלפיין 8 ק""ג טייד",פרוקטר אנד גמבל,,"טייד אלפיין 8 ק""ג",קילוגרמים,8.00,"ק""ג",false,,56.90,7.1125,true,1,97857
4084500739253,false,"אוראל בי משחת שיניים- להלבנה לובן מהודר 75 מ""ל",פרוקטר אנד גמבל,,אורל בי משחה WHITE D,יחידה,0.00,יחידה,false,,22.90,0.0000,true,1,175280
4084500853836,false,"נוזל כלים פיירי ורדים ומשי 515 מ""ל בד""צ",פרוקטר אנד גמבל,,פיירי נוזל כלים ורדי,מיליליטרים,515.00,"100 מ""ל",false,,10.90,0.0212,true,1,109094
4100130937163,false,בירה בקס שישייה 6*275 מל,"איי, בי, אינבוו",,שישיית בירה בקס 275,מיליליטרים,275.00,"100 מ""ל",false,,29.90,0.1087,true,1,113557
4100470106700,false,חומץ תפוחים אורגני 750 מל,נטורפוד,,נטורפוד חומץ תפוחים,יחידה,0.00,יחידה,false,,25.90,0.0000,true,1,130905
4102430000806,false,בירה ביטבורגר 5 ליטר חבית,ביטבורגר,,בירה ביטבורגר מיני ח,ליטרים,5.00,ליטר,false,,109.90,21.9800,true,1,194593
4105120623941,false,"בירה ויינשטפן בק' ח""פ 500 מ""ל","ויינשטפן, ת.ד 1155 פרייז",,"ויינשטפן 500 מ""ל",מיליליטרים,500.00,"100 מ""ל",false,,12.90,0.0258,true,1,126922
4210201193616,false,מב.שיניים חשמלית אורל בי מלחמת הכוכבים (סוללות)##,,,מברשת שיניים חשמלית,יחידה,0.00,יחידה,false,,36.90,0.0000,true,1,166645
4210201244486,false,אורל בי מברשת חשמלית נטענת לילדים-קארס,דיפלומט,,אורל בי מברשת חשמלית,יחידה,0.00,יחידה,false,,99.90,0.0000,true,1,154550
4260423410916,false,בירה גרמנית הופייגר חיטה 5 ליטר,,,הופייגר - חבית בירה,,5.00,1000ליטר,false,,99.90,19.9800,true,1,191249
4526858465007,false,טרמוס,,,טרמוס,יחידה,0.00,יחידה,false,,39.90,0.0000,true,1,189571
4600521002611,false,"ברנדי קווינט 5 שנים 500 מ""ל",KVINT,,ברנדי קווינט 5 שנים,מיליליטרים,500.00,"100 מ""ל",false,,64.90,0.1298,true,1,192198
4600682023524,false,בירה גורקובסקאיה בוהמיין פילס 440 מ,,,גורקובסקאיה בוהמיין,יחידה,0.00,יחידה,false,,8.90,0.0000,true,1,192195
4600682023654,false,בירה גורקובסקאיה וויזאן לא מסוננת 440 מ,,,גורקובסקאיה וויזאן ב,יחידה,0.00,יחידה,false,,8.90,0.0000,true,1,192196
4600682407096,false,"בירה בלטיקה מס 7 900 מ""ל פחית",BALTIKA,,בירה בלטיקה מס' 7 פ,מיליליטרים,900.00,"100 מ""ל",false,,14.90,0.0166,true,1,144065
4600682409458,false,"בירה בלטיקה מס 9 450 מ""ל פחית",BALTIKA,,בירה בלטיקה מס 9,מיליליטרים,450.00,"100 מ""ל",false,,8.90,0.0198,true,1,123690
4600682483472,false,"בירה זיטאסקי גוס 480 מ""ל",,,בירה זיטאסקי גוס,מיליליטרים,450.00,"100 מ""ל",false,,8.90,0.0198,true,1,123691
4602486002071,false,"וודקה בלנקאיה גולד 700 מ""ל",מזקקת גאורגייבסקי קר,,וודקה בלנקאיה גולד 7,מיליליטרים,700.00,"100 מ""ל",false,,59.90,0.0856,true,1,151086
4603400000043,false,"וודקה רוסקיי סטנדרט 700 מ""ל",רוסקי סטנדרט וודקה,,וודקה רוסקיה סטנדרט,מיליליטרים,700.00,"100 מ""ל",false,,74.90,0.1070,true,1,70821
4603400000203,false,וודקה רוסקי סטנדרט 1,,,וודקה רוסקי סטנדרט 1,ליטרים,1.00,ליטר,false,,109.90,109.9000,true,1,86342
4603514009277,false,"גין באריסטר יבש 700 מ""ל",לאדוגה גרופ,,ג'ין באריסטר יבש,יחידה,0.00,יחידה,false,,94.90,0.0000,true,1,168019
4603928000976,false,"בלוגה נובל וודקה 700 מ""ל+כוס הייבול",מרינסקי ליקרו-וודאצ'\ני,,בלוגה נובל וודקה 700,מיליליטרים,700.00,"100 מ""ל",false,,129.90,0.1856,true,1,84230
4603928000983,false,בלוגה נובל וודקה 1 ליטר,מרינסקי ליקרו-וודאצ'ני ז,,בלוגה נובל 1 ליטר,ליטרים,1.00,ליטר,false,,159.90,159.9000,true,1,148778
4607002990290,false,מלפפונים מוחמצים 680 גר D. Vanya,רוסקויי פולה אלבאשי,,מלפפונים מוחמצים 680,גרמים,680.00,100 גרם,false,,11.90,0.0175,true,1,139567
4607002990474,false,עגבניות מוחמצות דיאדיה וניה 680 גר,רוסקויי פולה אלבאשי,,עגבניות מחומצות 680,גרמים,680.00,100 גרם,false,,11.90,0.0175,true,1,139568
4607002990481,false,עגבניות במיץ עגבניות דיאדיה וניה 680 גרם,דדיה ואניה,,עגבניות במיץ עגבניות,גרמים,680.00,100 גרם,false,,11.90,0.0175,true,1,139569
4607002995752,false,אסורטי עגבניות/מלפפונים דיאדיה וניה 680,דדיה ואניה,,עגבניות ומלפפונים מו,גרמים,680.00,100 גרם,false,,11.90,0.0175,true,1,139571
4607002995868,false,"פלפלים ברוטב עגבניות ""לצ'ו""",דדיה ואניה,,"לצ""ו 680 גרם",גרמים,680.00,100 גרם,false,,11.90,0.0175,true,1,139570
4607002999187,false,קורנישונים צרפתי דיאדיה וניה 680 גרם,,,מלפפונים - קורנישוני,גרמים,680.00,100 גרם,false,,11.90,0.0175,true,1,163376
4607012351005,false,גרעיני חמניות מרטין ללא מלח 200 גרם,"נארז ע""י : א.ג. גילר",,מרטין גרעיני חמניות,גרמים,200.00,100 גרם,false,,12.90,0.0645,true,1,108813
4607012351999,false,גרעיני חמניות מרטין עם מלח 200 גרם,"נארז ע""י : א.ג. גילר",,גרעיני חמניות מרטין,גרמים,200.00,100 גרם,false,,12.90,0.0645,true,1,108814
4607109409619,false,פיניש ALL IN ONE MAX טבליות 25 יחידות,הדקלאים אגודת שיתופי,,פיניש 25 טבליות AIO,יחידה,25.00,יחידה,false,,24.90,0.9960,true,1,195496
4640018993343,false,פיניש קוואנטום קפסולות ג'ל למדיח כלים 30 יח',רקיט בנקיזר,,פיניש קוואנטום 30קפס,יחידה,0.00,יחידה,false,,39.90,0.0000,true,1,153597
4640018993398,false,פיניש קוואנטום 60 יח' קפסולות ג'ל למדיח כלים,רקיט בנקיזר,,פיניש קוואנטום 60 קפ,יחידה,0.00,יחידה,false,,59.90,0.0000,true,1,153600
4710068001692,false,"מאסטר קפה לאטה פחית 240 מ""ל",תאיט מרקטינג אנד דיסטריב,,מאסטר קפה לאטה פחית,מיליליטרים,240.00,"100 מ""ל",false,,7.00,0.0292,true,1,78746
4710068001715,false,"מאסטר קפה טירמיסו פחית 240 מ""ל",יוני פרזינדנט אנטרפר,,מאסטר קפה טרמיסו פחי,מיליליטרים,250.00,"100 מ""ל",false,,7.00,0.0280,true,1,78748
4710068001739,false,"מאסטר קפה קולומביאני 240 מ""ל",יוני פרזינדנט אנטרפר,,מאסטר קפה קולומביאני,מיליליטרים,250.00,"100 מ""ל",false,,7.00,0.0280,true,1,78747
4710068002798,false,מאסטר קפה וונילה פחית 240 מל,מאיטה פוד אינדוסטריאל קו,,מאסטר קפה וונילה פחי,מיליליטרים,240.00,"100 מ""ל",false,,7.00,0.0292,true,1,144603
4710964104916,false,"שמן שומשום טהור 370 מ""ל (כ)",פלייבור פול פודס טיי,,מזרח ומערב יבוא שמן,מיליליטרים,370.00,"100 מ""ל",false,,22.90,0.0619,true,1,174800
4710964170799,false,שומשום שחור קלוי 91 גרם,פלייבור פול פודס טיי,,שומשום שחור קלוי 91,גרמים,91.00,100 גרם,false,,16.90,0.1857,true,1,182423
4750142003426,false,"בירה פילסנר פחית 500 מ""ל אקסטרה",צ'סו אלוס,,בירה פילזנר אקסטרה פ,מיליליטרים,500.00,"100 מ""ל",false,,5.90,0.0118,true,1,155196
4750142005000,false,"בירה כהה בוהמיין צסו 568 מ""ל","""cesu alus""",,פחית בירה כהה בוהמיי,מיליליטרים,568.00,"100 מ""ל",false,,8.90,0.0157,true,1,188986
4750142016518,false,בירה צסו לא מסוננת 5.4% 568 מל,צ'סו אלוס,,בירה צ'סו 5.4% 568,מיליליטרים,568.00,"100 מ""ל",false,,8.90,0.0157,true,1,104199
4750142021505,false,"בירה PILSENER בהירה 4.7% פחית 500 מ""ל",צ'סו אלוס,,בירה פילזנר פחית 500,מיליליטרים,500.00,"100 מ""ל",false,,5.90,0.0118,true,1,104200
4750616000258,false,שפרוטים גדולים מעושנים בשמן צמחי,בריויאס וילניוס,,שפרוטים גדולים בשמן,גרמים,190.00,100 גרם,false,,9.90,0.0521,true,1,119984
4750616000593,false,דגי שפרוטים גדולים מעושנים,בריויאס וילניוס,,שפרוטים בשמן ריגה 19,גרמים,190.00,100 גרם,false,,9.90,0.0521,true,1,144967
4750616001194,false,שפרוטים מעושנים ריגה 240 גרם פ.ק,בריויאס וילניוס,,שפרוטים בשמן ריגה 24,גרמים,240.00,100 גרם,false,,9.90,0.0413,true,1,144968
4750616002276,false,קילקה עם צילי במיץ עגבניות 240 גר,בריויאס וילניוס,,קילקה עם צ'ילי במיץ,גרמים,240.00,100 גרם,false,,7.90,0.0329,true,1,155199
4750616002344,false,קילקה עם ירקות במיץ עגבניות 240 גר,בריויאס וילניוס,,קילקה עם ירקות במיץ,גרמים,240.00,100 גרם,false,,7.90,0.0329,true,1,155200
4770033227472,false,ברנדי גלורי אקס או,STUMBRAS,,ברנדי גלוריה XO,מיליליטרים,700.00,"100 מ""ל",false,,129.90,0.1856,true,1,192547
4770237055048,false,בסגנון שמנת 15% 350,,,"350 גר "" SMETANKA"" 1",יחידה,0.00,יחידה,false,,11.90,0.0000,true,1,180589
4770237055055,false,בסגנון שמנת 30% 200,,,"200 גר ""SMETANKA"" 30",יחידה,0.00,יחידה,false,,11.90,0.0000,true,1,180590
4770265046452,false,גבינה מותכת 28% סבליה 185 גר,,,גבינה מותכת 185 גר 2,יחידה,0.00,יחידה,false,,19.90,0.0000,true,1,180591
4770265219535,false,גבינה אנגולי מעושנת 150 גר גורמן,,,גבינה אנלוגי מעושנת,יחידה,0.00,יחידה,false,,11.90,0.0000,true,1,180613
4770275049603,false,בסגנון טבורוג סבליה,,,"טבורוג (אנלוגי) ""סבל",גרמים,370.00,100 גרם,false,,17.90,0.0484,true,1,185003
4770301235246,false,"בירה חיטה מייסטר 500 מ""ל פחית","""cesu alus""",,בירה ווללפאס אנגלמן,מיליליטרים,500.00,"100 מ""ל",false,,6.90,0.0138,true,1,192536
4770337046427,false,פרוסות גבינה 27% שומן 150 גרם MASSDAM,,,פרוסות גבינה 24.7%,גרמים,150.00,100 גרם,false,,17.90,0.1193,true,1,185000
4770337047431,false,תחליף גבינה 150 גר SVALIA,,,גבינה אנלוגי 150 גר,יחידה,0.00,יחידה,false,,11.90,0.0000,true,1,180620
4770337048377,false,פרוסות גבינה 27% שומן 150 גרם Vilnius,,,"פרוסות גבינה ""27.5%",גרמים,150.00,100 גרם,false,,17.90,0.1193,true,1,185001
4796019790013,false,"שמן קוקוס אורגני 300 מ""ל",כפרי בריא,,גרין קוקו שמן קוקוס,מיליליטרים,300.00,"100 מ""ל",false,,20.90,0.0697,true,1,130907
4796019790037,false,גרין קוקו - שמן קוקוס אורגני 1 ליטר,כפרי בריא,,גרין קוקו שמן קוקוס,ליטרים,1.00,ליטר,false,,55.90,55.9000,true,1,130909
4800888150080,false,"דאב - דאודורנט רול און לאישה פרש טאצ' מלפפונים 50 מ""ל",יוניליוור פיליפינים,,דאב דאו רול און מלפפ,יחידה,0.00,יחידה,false,,17.90,0.0000,true,1,64113
4800888209368,false,רקסונה - דאודורנט סטיק לגבר אקסטרא קול 50 גרם,רקסונה Rexona,,רקסונה מן סטיק אקסט,יחידה,0.00,יחידה,false,,14.90,0.0000,true,1,154286
4800888209405,false,רקסונה - דאודורנט סטיק לגבר קובלט דריי 50 גרם,רקסונה Rexona,,רקסונה מן סטיק קובל,יחידה,0.00,יחידה,false,,14.90,0.0000,true,1,154287
4800888209429,false,רקסונה - דאודורנט סטיק לאישה כותנה נשים 50 גרם,רקסונה Rexona,,רקסונה דואדורנט סטיק,יחידה,0.00,יחידה,false,,14.90,0.0000,true,1,155335
4800888219510,false,דאב - דאודורנט סטיק לאישה פרש מלפפונים 50 גרם,יוניליוור פיליפינים,,דאב דאודורנט סטיק מל,יחידה,0.00,יחידה,false,,17.90,0.0000,true,1,176251
4800888219527,false,דאב - דאודורנט סטיק לאישה ללא סימן אינביזיבל 50 גרם,יוניליוור,,דאב סטיק אינביזיבל 5,יחידה,0.00,יחידה,false,,17.90,0.0000,true,1,176252
4800888219534,false,דאב - דאודורנט סטיק לאישה אנטי פרספירמט 50 גרם,"חברת זולברג, גוברנור",,דאב דאו סטיק אורגינ,יחידה,0.00,יחידה,false,,17.90,0.0000,true,1,174332
4801234159856,false,גלייד מיני-ג'ל מפיץ ריח בניחוח מרכך כביסה 70 גרם,ג'ינסו ג'ונסון טונגד,,גלייד מיני גיל בניחו,יחידה,0.00,יחידה,false,,6.90,0.0000,true,1,86355
4810168001056,false,פילה דג הרינג מלוח מצונן בצנצנת חתיכות 260גרם,סנטה ברמור,,פילה דג הרינג מלוח מ,יחידה,0.00,יחידה,false,,18.90,0.0000,true,1,180630
4810168001933,false,מקלות סורימי בטעם סרטן קפוא 200 גרם,,,מקלות סורימי בטעם סר,יחידה,0.00,יחידה,false,,5.90,0.0000,true,1,180631
4810168001964,false,נתחי סורימי בטעם סרטן קפוא 200 גרם,,,נתחי סורימי בטעם סרט,יחידה,0.00,יחידה,false,,5.90,0.0000,true,1,180632
4810168004156,false,ביצי דג טרוטונית אטלנטי סלמון מעושן 180ג,,,ביצי דג טרוטונית אטל,יחידה,0.00,יחידה,false,,15.90,0.0000,true,1,180635
4810168018795,false,חתיכות פילה דג הרינג מלוח מצונן 200גרם,LTD BREMOR SANTA SD,,חתיכות פילה דג הרינג,יחידה,0.00,יחידה,false,,13.90,0.0000,true,1,180638
4810168024512,false,פילה דג הרינג מלוח מצונן עם תבלין בצנצנת חתיכות 260 גרם,LTD BREMOR SANTA SD,,פילה דג הרינג מלוח מ,יחידה,0.00,יחידה,false,,18.90,0.0000,true,1,180645
4820181420758,false,"וודקה נמירוף חיטה 700 מ""ל",,,וודקה נמירוף מחיטה מ,מיליליטרים,700.00,"100 מ""ל",false,,59.90,0.0856,true,1,125474
4820181420901,false,"וודקה נמירוף פלפל ודבש 700 מ""ל",,,וודקה נמירוף פלפל דב,מיליליטרים,700.00,"100 מ""ל",false,,59.90,0.0856,true,1,125078
4823077602863,false,"רושן סוכריות ג'לי ""קרייזי פצ'ולקה"" 200 גר",רושן,,"רושן סוכריות ג'לי ""ק",יחידה,0.00,יחידה,false,,6.90,0.0000,true,1,180482
4823077611933,false,אסורטי אליגנט 145 גר רושן,קייב קרמנציק,,בונבוניירה רושן אסור,יחידה,0.00,יחידה,false,,18.90,0.0000,true,1,180487
4823077613203,false,שוקולד רושן מריר + פונדוק שלם 90 גר רושן,רושן Roshen,,שוקולד רושן מריר עם,יחידה,0.00,יחידה,false,,7.90,0.0000,true,1,180490
4823077614675,false,ביסקוויט לקפה רושן בטעם חלב 185 גרם,קייב קרמנציק,,ביסקוויט לקפה רושן ב,יחידה,0.00,יחידה,false,,3.90,0.0000,true,1,180492
4823077614699,false,ביסקוויט לקפה רושן בטעם חמאה וניל 185 גרם,קייב קרמנציק,,ביסקוויט לקפה רושן ב,יחידה,0.00,יחידה,false,,3.90,0.0000,true,1,180493
4823077614767,false,שוקולד רושן חלב נוגט בטעם אגוזי לוז 90 גרם,רושן,,שוקולד רושן חלב נוגט,יחידה,0.00,יחידה,false,,4.90,0.0000,true,1,180494
4823077614804,false,שוקולד רושן חלב נוגט בטעם אוכמניות כחולות 90 גרם,רושן Roshen,,שוקולד רושן חלב נוגט,יחידה,0.00,יחידה,false,,4.90,0.0000,true,1,180495
4823077621642,false,חטיף שוקולד רושן בטעם שוקולד 72 גר,Unknown,,אישי וופל רושן בטעם,יחידה,0.00,יחידה,false,,3.90,0.0000,true,1,184979
4823077621659,false,חטיף שוקולד רושן בטעם אגוז 72 גר,Unknown,,אישי וופל רושן בטעם,יחידה,0.00,יחידה,false,,3.90,0.0000,true,1,184980
4823077625589,false,וופל וואפרס חלב רושן 216 גר,,,וופל רושן בטעם חלב 2,יחידה,0.00,יחידה,false,,6.90,0.0000,true,1,180515
4823077625626,false,וופל וואפרס אגוז רושן 216 גר,,,וופל רושן בטעם אגוז,יחידה,0.00,יחידה,false,,6.90,0.0000,true,1,180517
4823077626203,false,שוקולד רושן אורירי מריר 80 גרם,רושן Roshen,,שוקולד רושן אורירי מ,יחידה,0.00,יחידה,false,,6.90,0.0000,true,1,180519
4823077626227,false,שוקולד רושן אורירי חלב 80 גרם,רושן Roshen,,שוקולד רושן אורירי ח,יחידה,0.00,יחידה,false,,6.90,0.0000,true,1,180520
4823077626241,false,שוקולד רושן אורירי לבן קרמל 80 גרם,רושן,,שוקולד רושן אורירי ל,יחידה,0.00,יחידה,false,,6.90,0.0000,true,1,180521
4823077626364,false,שוקולד רושן אורירי לבן 80 גרם,רושן Roshen,,שוקולד רושן אורירי ל,יחידה,0.00,יחידה,false,,6.90,0.0000,true,1,180522
4823077631467,false,קרקר עם מלח ים רושן 168 גר HI DAY,רושן,,קרקר עם מלח ים רושן,יחידה,0.00,יחידה,false,,4.90,0.0000,true,1,180536
4823077631474,false,קרקר קלאסי רושן 168 גר HI DAY,רושן,,קרקר קלאסי רושן 168,יחידה,0.00,יחידה,false,,4.90,0.0000,true,1,180537
4823077632112,false,וופל רושן בטעם קקאו חלב 216 גרם,,,וופל רושן בטעם קקאו,יחידה,0.00,יחידה,false,,6.90,0.0000,true,1,180540
4823077632570,false,שוקולד רושן BRUT מריר 85 גרם,רושן,,שוקולד רושן מריר 85,יחידה,0.00,יחידה,false,,6.90,0.0000,true,1,180542
4823077632587,false,שוקולד רושן חלב עם שקד שלם 90 גר LACMI,רושן,,שוקולד רושן חלב עם ש,יחידה,0.00,יחידה,false,,7.90,0.0000,true,1,180543
4823077632594,false,שוקולד רושן חלב עם אגוז שלם 90 גר LACMI,רושן,,שוקולד רושן חלב עם א,יחידה,0.00,יחידה,false,,7.90,0.0000,true,1,180544
4823077633034,false,"גליליות וופל רושן ""קונאפטו"" קקאו 140 ג",רושן,,"ופל רול ""קונאפטו"" קק",יחידה,0.00,יחידה,false,,6.90,0.0000,true,1,180547
4823077633317,false,עוגיות שוקוצ'יפס LOVITA שוקולד עם חתיכות שוקולד 150 גרם,,,"עוגיות ""LOVITA"" שוקו",יחידה,0.00,יחידה,false,,6.90,0.0000,true,1,180549
4823077633324,false,עוגיות שוקוצ'יפס LOVITA עם חתיכות שוקולד 150 גרם,,,"עוגיות שוקוצ'יפס "" L",יחידה,0.00,יחידה,false,,6.90,0.0000,true,1,180550
4823077633348,false,עוגיות שוקוצ'יפס LOVITA עם חתיכות בוטנים 150 גרם,,,"עוגיות רושן ""LOVITA""",יחידה,0.00,יחידה,false,,6.90,0.0000,true,1,180552
4823077634178,false,עוגיות רושן LOVITA במילוי תפוח קינמון 168 גרם,,,עוגיות עם מילוי תפוח,יחידה,0.00,יחידה,false,,6.90,0.0000,true,1,180556
4823077634192,false,עוגיות רושן LOVITA במילוי דובדבן וניל 168 גרם,,,עוגיות עם מילוי דובד,יחידה,0.00,יחידה,false,,6.90,0.0000,true,1,180557
4823077634222,false,עוגיות Lovita ממולאות ג'לי תפוז מצופות צימקאו,רושן Roshen,,עוגיות תפוז 135 גר L,יחידה,0.00,יחידה,false,,6.90,0.0000,true,1,180558
4823077634246,false,עוגיות Lovita ממולאות ג'לי פטל מצופות צימקאו,רושן Roshen,,עוגיות פטל 135 גר LO,יחידה,0.00,יחידה,false,,6.90,0.0000,true,1,180559
4823077634277,false,עוגיות Lovita ממולאות ג'לי תות שדה מצופות צימקאו,רושן Roshen,,עוגיות תות שדה 135 ג,יחידה,0.00,יחידה,false,,6.90,0.0000,true,1,180560
4823077634406,false,"עוגות אישיות ""TOO COOL"" שוקולד 270 גר",,,"עוגות אישיות ""TOO CO",יחידה,0.00,יחידה,false,,13.90,0.0000,true,1,180561
4823077634413,false,עוגות אישיות TOO COOL תות שדה 270 גרם,,,"עוגות אישיות ""TOO CO",יחידה,0.00,יחידה,false,,13.90,0.0000,true,1,180562
4823077634420,false,"עוגות אישיות ""TOO COOL"" חלב 270 גר 6 יחידות",,,"עוגות אישיות ""TOO CO",יחידה,0.00,יחידה,false,,13.90,0.0000,true,1,180563
4823077634741,false,עוגיות רושן LOVITA במילוי תות שדה 168 גרם,,,עוגיות עם מילוי תות,יחידה,0.00,יחידה,false,,6.90,0.0000,true,1,180564
4823077636059,false,עוגיות קקאו דובדבן LOVITAי 420 גרם,,,עוגיות קקאו דובדבן 4,גרמים,420.00,100 גרם,false,,16.90,0.0402,true,1,184986
4823077636073,false,עוגיות תות שדה LOVITAי 420 גרם,,,עוגיות תות שדה 420 ג,גרמים,420.00,100 גרם,false,,16.90,0.0402,true,1,184983
4823077636097,false,עוגיות פטל LOVITAי 420 גרם,,,עוגיות פטל 420 גרם L,גרמים,420.00,100 גרם,false,,16.90,0.0402,true,1,184982
4823077636110,false,עוגיות תפוז LOVITAי 420 גרם,,,עוגיות תפוז 420 גרם,גרמים,420.00,100 גרם,false,,16.90,0.0402,true,1,184984
4840008017763,false,פרנזלוטה צנימים מיני עם צימוקים 200 גר,FRANZELUTA,,מיני צנימים עם צימוק,גרמים,200.00,100 גרם,false,,7.50,0.0375,true,1,118146
4840008018319,false,דובשניות עם שזיף 400 גרם פרנצלוטה,פרנזלוטה,,דובשניות עם שזיף 400,גרמים,400.00,100 גרם,false,,8.90,0.0223,true,1,126063
4840008028028,false,פרנזלוטה צנימים עם צימוקים 200 גרם,FRANZELUTA,,צנימים עם צימוקים 20,גרמים,200.00,100 גרם,false,,7.50,0.0375,true,1,118149
4840008031806,false,דובשניות טעם חלב מרוכז 400 גר פרנצלוטה,Franzeluta,,דובשניות בטעם חלב מר,גרמים,400.00,100 גרם,false,,8.90,0.0223,true,1,121969
4840048000299,false,"ברנדי בליי איסט 500 מ""ל מולדובה",,,ברנדי בליי איסט 500,מיליליטרים,500.00,"100 מ""ל",false,,59.90,0.1198,true,1,116950
4860004073105,false,יין קינזמראולי חצי מתוק 750 מל,GWS,,אולד טיבליסי קינדזמא,יחידה,0.00,יחידה,false,,34.90,0.0000,true,1,192218
4860009000014,false,מיץ רימונים 100% סחוט ללא תוספת סוכר,Aromaproduct ltd,,תומר מיץ רימונים גרו,ליטרים,1.00,ליטר,false,,22.90,22.9000,true,1,26224
4860019001346,false,בורז'ומי מים מינרליים טבעיים 500מ'ל חדש,אי די אס בורגומי,,"ברז'ומי מים 500 מ""ל",מיליליטרים,500.00,"100 מ""ל",false,,6.90,0.0138,true,1,70571
4891228430030,false,סכיני גילוח שיק אקזקטה 2 לעור רגיש ירוק 5 יח',אנרג'יזר Energizer,,שיק אקסטרא ס.ג 2ירו,יחידה,5.00,יחידה,false,,14.90,2.9800,true,1,112408
4891228430054,false,סכיני גילוח לנשים שיק אקזקטה 2 5 יח,שיק,,שיק אקסטרא ס.ג. 2ור,יחידה,5.00,יחידה,false,,14.90,2.9800,true,1,112409
4891228430061,false,סכיני גילוח שיק אקזקטה 2 לנשים ורוד 10 יח',הנסיך- מפעל לייצור ט,,שיק אקזקטא2 נשים 10,יחידה,10.00,יחידה,false,,24.90,2.4900,true,1,177574
4891228430085,false,סכיני גילוח שיק אקסטרים קומפורט לגבר 3 להבים 4 יחידות,אנרג'יזר Energizer,,שיק אקסטרים3 ס.גילוח,יחידה,4.00,יחידה,false,,19.90,4.9750,true,1,45512
4891228430092,false,סכיני גילוח שיק אקסטרים קומפורט לנשים 3 להבים 4 יחידות,אנרג'יזר Energizer,,שיק אקסטרים3 ס.גילוח,יחידה,4.00,יחידה,false,,19.90,4.9750,true,1,45651
4902430888332,false,מברשת שיניים אורל בי חמישייה,,,מברשת שיניים אורל בי,יחידה,0.00,יחידה,false,,9.90,0.0000,true,1,166648
4902765102233,false,תערובת תיבול פוריקקה,,,תערובת תיבול לאורז פ,יחידה,0.00,יחידה,false,,21.90,0.0000,true,1,182429
4903001904192,false,"רוטב סויה יאמסה פרימיום 500 מ""ל",הדקלאים אגודת שיתופי,,יאמסה רוטב סויה 500,מיליליטרים,500.00,"100 מ""ל",false,,18.90,0.0378,true,1,26251
4903001904208,false,רוטב סויה פרימיום יאמסה 1 ליטר,הדקלאים אגודת שיתופי,,יאמסה רוטב סויה פרימ,ליטרים,1.00,ליטר,false,,34.90,34.9000,true,1,26221
4903001925784,false,"רוטב סויה יאמאסה פרמיום דל מלח 500 מ""ל",הדקלאים אגודת שיתופי,,יאמאסה רוטב סויה פרי,מיליליטרים,500.00,"100 מ""ל",false,,18.90,0.0378,true,1,78299
4903001930993,false,"רוטב טריאקי יאמאסה 500 מ""ל",ליימן מותגים,,יאמאסה רוטב טריאקי 5,מיליליטרים,500.00,"100 מ""ל",false,,18.90,0.0378,true,1,111416
4996445000117,false,קינגדאו אטריות סובה,Qingdao Sun-growing,,קינגדאו אטריות סובה,גרמים,300.00,100 גרם,false,,11.90,0.0397,true,1,182420
5000111047364,false,רוטב ברביקיו דבש 465 גרם,היינץ,,HP ברביקיו דבש 465 ג,גרמים,465.00,100 גרם,false,,15.90,0.0342,true,1,127069
5000111047371,false,רוטב ברביקיו קלאסי 465 גרם,היינץ,,HP ברביקיו קלאסי 465,גרמים,465.00,100 גרם,false,,15.90,0.0342,true,1,127070
5000146057710,false,ספריי רב שימושי לחלונות ומשטחים ווינדולין Windolene,רקיט בנקיזר,,וינדולין ספריי 750 מ,מיליליטרים,750.00,"100 מ""ל",false,,8.90,0.0119,true,1,139090
5000146401568,false,וולייט דפים למניעת העברת צבע 10 דפים,רקיט בנקיזר,,לכביסה ווליט דפים שו,יחידה,10.00,יחידה,false,,14.90,1.4900,true,1,81269
5000146980322,false,קרם להסרת שיער לעור רגיל מועשר בחלב לוטוס ויסמין,רקיט בנקיזר צרפת,,ויט קרם הסרת שיער פר,יחידה,0.00,יחידה,false,,24.90,0.0000,true,1,37810
5000157143365,false,מתבל בטעם מיונז וקטשופ היינץ 425 גרם,"פודליצקי ספ.ז.או.או,",,היינץ מתבל בטעם מיונ,מיליליטרים,425.00,"100 מ""ל",false,,15.90,0.0374,true,1,150188
5000159407236,false,חטיף מרס שוקולד עם ק,מרס הולנד בי.וי.,,מרס חטיף שוקולד 51 ג,גרמים,51.00,100 גרם,false,,3.90,0.0765,true,1,37887
5000159452540,false,סניקרס מארז חטיף 50 גרם חמישייה,מרס הולנד בי.וי.,,מאגדת סניקרס חמישייה,יחידה,0.00,יחידה,false,,11.90,0.0000,true,1,154584
5000159452977,false,מיקס שקית מיניס 400 גרם מרס-באונטי-טוויק,מרס הולנד בי.וי.,,מיני מיקס 400 גרם,גרמים,400.00,100 גרם,false,,22.90,0.0572,true,1,75908
5000159459228,false,חטיף שוקולד טוויקס 50 ג',"נארז ע""י : א.ג. גילר",,טוויקס חטיף 50 גרם,גרמים,50.00,100 גרם,false,,3.90,0.0780,true,1,66583
5000159484695,false,גלידת טוויקס שמנת עם קרמל וביסקוויט מצופה 205 גרם,פלדמן,,מאגדת טוויקס,יחידה,0.00,יחידה,false,,24.90,0.0000,true,1,135133
5000159536400,false,טוויקס סטיקס 99 קלוריות 10 יחידות,מרס,,טוויקס סטיקס 99 קלור,יחידה,0.00,יחידה,false,,15.90,0.0000,true,1,174548
5000204048742,false,"קיווי לבישום נעלי ספורט 100 מ""ל",SC Jonson,,קיווי לבישום ספורט 1,יחידה,0.00,יחידה,false,,16.90,0.0000,true,1,178478
5000204114867,false,"גלייד ארוסול בניחוח וניל 300 מ""ל",coster aerosol vail,,גלייד ארוסול בניחוח,מיליליטרים,300.00,"100 מ""ל",false,,8.90,0.0297,true,1,149267
5000204114959,false,"גלייד ארוסול בניחוח פריחה בלבן 300 מ""ל","אס.סי ג'\ונסון,מידרכט, ה",,גלייד אורסול בניחוח,מיליליטרים,300.00,"100 מ""ל",false,,8.90,0.0297,true,1,150441
5000204115048,false,גלייד ארוסול מבשם אוויר בניחוח לבנדר,"אס.סי ג'\ונסון,מידרכט, ה",,גלייד אורסול בניחוח,מיליליטרים,300.00,"100 מ""ל",false,,8.90,0.0297,true,1,149268
5000204151022,false,"פלדג' אירוסול לניקוי רהיטים לבנדר 250 מ""ל","אס.סי ג'\ונסון, אירופלנט",,פלדג לניקוי רהיט בני,מיליליטרים,250.00,"100 מ""ל",false,,12.90,0.0516,true,1,153813
5000204153729,false,מטהר אוויר גלייד מילוי אוטומטי לבנדר וניל,המאפיה של הרמן,,גלייד ספריי אוטומטי,מיליליטרים,269.00,"100 מ""ל",false,,14.90,0.0554,true,1,157805
5000204153903,false,מטהר אוויר גלייד מילוי אוטומטי מרכך כביסה,"קוסטר אירוסול ואלף סאן,",,גלייד ספריי אוטומטי-,מיליליטרים,269.00,"100 מ""ל",false,,14.90,0.0554,true,1,157807
5000204155815,false,"גלייד מארז אוטומטי מרכך כביסה 269 מ""ל",,,גלייד מארז אוטומטי ב,גרמים,400.00,100 גרם,false,,45.00,0.1125,true,1,157803
5000204182057,false,מטהר אוויר גלייד מוצק בניחוח לבנדר,במה פולסקה אספי.זד.או.או,,גלייד ג'ל ריחני בניח,יחידה,0.00,יחידה,false,,14.90,0.0000,true,1,175300
5000204196689,false,"RAID מכשיר חשמלי +נוזל מילוי 90 לילות 2*36 מ""ל",Zobele Bulgaria,,רייד מכשיר חשמלי +נו,יחידה,0.00,יחידה,false,,39.90,0.0000,true,1,175295
5000204657883,false,קיווי משחת נעליים בקופסא חום 50 מל,ג' אל ראיה בוגור ג'א,,קיווי משחת נעליים חו,יחידה,0.00,יחידה,false,,7.90,0.0000,true,1,62905
5000204657913,false,קיווי משחת נעליים בקופסא שחור 50 מל,ג' אל ראיה בוגור,,קיווי משחת נעליים שח,יחידה,0.00,יחידה,false,,7.90,0.0000,true,1,33415
5000204658064,false,"ספוגית הברקה קיווי אקספרס שחור 6 מ""ל",המאפיה של הרמן,,קיווי ספוג אקספרס שח,יחידה,0.00,יחידה,false,,20.00,0.0000,true,1,33416
5000204658125,false,"קיווי נוזל נעליים קראון חום 75 מ""ל",אס' סי' ג'ונסון במה,,קיווי משחת נעליים קר,יחידה,0.00,יחידה,false,,15.00,0.0000,true,1,33418
5000204661392,false,"קיווי אקסטרא לארג' שחור(גדול) 100מ""ל",המאפיה של הרמן,,קיווי משחת נעליים בק,יחידה,0.00,יחידה,false,,10.00,0.0000,true,1,61011
5000204886566,false,"תרסיס מנקה, מזין ומגן על העץ עם שמן תפוז טבעי",Jonson ג'ונסון,,"פלדג 475 מ""ל ORANGE",יחידה,475.00,יחידה,false,,32.00,0.0674,true,1,37535
5000267023625,false,וויסקי ג'וני ווקר שחור 1 ליטר,ג'ון ווקר ובניו,,גוני ווקר בלק לייבל,ליטרים,1.00,ליטר,false,,169.90,169.9000,true,1,53762
5000267024202,false,וויסקי ג'וני ווקר שחור,אלכוהול (איי.בי.בי),,"בלאק לייבל 700 מ""ל",מיליליטרים,700.00,"100 מ""ל",false,,134.90,0.1927,true,1,61372
5000267024233,false,"וויסקי ג'וני בלאק לייבל עם פורר 700מ""ל",ג'וני ווקר Johnnie walker,,"בלאק לייבל 700 מ""ל",מיליליטרים,700.00,"100 מ""ל",false,,134.90,0.1927,true,1,60341
5000267107776,false,"גולד לייבל 700 מ""ל",,,"גולד לייבל 700 מ""ל",מיליליטרים,700.00,"100 מ""ל",false,,199.90,0.2856,true,1,63358
5000267114279,false,גוני ווקר כחול 40% 7,,,גוני ווקר כחול 40% 7,מיליליטרים,700.00,"100 מ""ל",false,,649.90,0.9284,true,1,85782
5000267117560,false,"וויסקי גוני ווקר גולד לייבל רזרב 750 מ""ל",ג'\ון ווקר ובניו,,"גולד לייבל 700 מ""ל",מיליליטרים,700.00,"100 מ""ל",false,,199.90,0.2856,true,1,96437
5000281040899,false,"רום קפטן מורגן וייט 750 מ""ל",קפטן מורגן Captain Morgan,,קפטן מורגן לבן 700 מ,מיליליטרים,700.00,"100 מ""ל",false,,99.90,0.1427,true,1,163475
5000289925440,false,גין גורדון בקבוק 700,אלכסנדר גורדון ושות',,"גין גורדון 700 מ""ל",יחידה,0.00,יחידה,false,,79.90,0.0000,true,1,125866
5000299604717,false,"וויסקי בלנטיינס הארד פייר 700 מ""ל",ג'\ורג'\ בלנטיין ובנו בע,,בלנטייניס הארד פיירד,מיליליטרים,700.00,"100 מ""ל",false,,119.90,0.1713,true,1,116384
5000329002193,false,משקה ג'ין ביפאיטר 70,פרנו ריקרד יורו,,"ביפאיטר ג'ין 700 מ""ל",מיליליטרים,700.00,"100 מ""ל",false,,99.90,0.1427,true,1,120063
5000394140899,false,סוללות AA דורסל פלוס - 8 יח',דורסל Duracell,,דורסול שמיניות AA פל,יחידה,0.00,יחידה,false,,19.90,0.0000,true,1,189072
5000394142190,false,סוללת דורסל V9 פלוס 1 יח,פרוקטר אנד גמבל,,סוללה דורסל V9 פלוס,יחידה,0.00,יחידה,false,,26.90,0.0000,true,1,192683
5000394203907,false,סוללות דורסל ליתיום זוג,דורסל Duracell,,דורסל סוללת ליתיום 2,יחידה,0.00,יחידה,false,,13.90,0.0000,true,1,136622
5000394203921,false,זוג סוללות ליתיום 2032 דורסל,דורסל Duracell,,דורסל סוללת ליתיום ז,יחידה,0.00,יחידה,false,,26.90,0.0000,true,1,136618
5000396037531,false,מקוויטיס ביסקוויט מצופה שוקולד חלב 200 גרם,ברנדס סרטרה נשיונל,,מקוויטיס ביסקוויט מצ,גרמים,200.00,100 גרם,false,,11.90,0.0595,true,1,126716
5000396037548,false,מקוויטיס ביסקוויט מצופה שוקולד מריר 200 גרם,ברנדס סרטרה נשיונל,,מקוויטיס ביסקוויט מצ,גרמים,200.00,100 גרם,false,,11.90,0.0595,true,1,126717
5000396037944,false,מקוויטיס ביסקוויט אורגינל 250 גרם,ברנדס סרטרה נשיונל,,מקוויטיס ביסקוויט קל,גרמים,250.00,100 גרם,false,,10.90,0.0436,true,1,126697
5010026515919,false,מוזלי קריספי נאטי מורנפלייק 650 גרם,מורנפלייק Mornflake,,מוזלי קריספי נאטי 65,יחידה,0.00,יחידה,false,,24.90,0.0000,true,1,169993
5010026515933,false,מורנפלייק מוזלי פירות ואגוזים 750 גרם,מורנינג פוד,,מוזלי קריספי פירות ו,יחידה,0.00,יחידה,false,,24.90,0.0000,true,1,169994
5010026515940,false,מורנפלייק מוזלי פרוטי 750 גרם,מורנפלייק Mornflake,,מוזלי קריספי פרוטי,יחידה,0.00,יחידה,false,,24.90,0.0000,true,1,169995
5010067322453,false,טרוביה תחליף אבקת סוכר 280 גרם,טרוביה Truvia,,טרוביה תחליף אבקת סו,גרמים,280.00,100 גרם,false,,34.90,0.1246,true,1,188324
5010182996799,false,ג'ל אסלה מנטרל ריחות בניחוח פרחי בר ורודים,דאופלור אס.פי.אי איט,,דאק ג'ל אסלה בניחוח,יחידה,55.00,יחידה,false,,11.00,0.2000,true,1,37622
5010182997253,false,רייד תרסיס קוטל ג'וקים/תיקנים 300 מל,אס.סי.ג'ונסון מידרכט,,רייד ארוסול קוטל ג'ו,מיליליטרים,300.00,"100 מ""ל",false,,12.90,0.0430,true,1,43542
5010182997338,false,דאק ג'ל לניקוי אסלות בניחוח רענן 55 מל,"איטיליאן פוד, אס.פי.",,ט.דאק ג'ל אסלה ניחוח,גרמים,55.00,100 גרם,false,,11.00,0.2000,true,1,37538
5010182997680,false,"ארוסול-קוטל זוחלים אדום 400 מ""ל",אס.סי.ג'ונסון מידרכט,,רייד ארוסול קוטל נמל,מיליליטרים,300.00,"100 מ""ל",false,,12.90,0.0430,true,1,43544
5010182997918,false,דאק ג'ל לניקוי אסלות בניחוח ים 55 מל,"איטיליאן פוד, אס.פי.",,ט.דאק ג'ל אסלה ניחוח,גרמים,55.00,100 גרם,false,,11.00,0.2000,true,1,37624
5010182998861,false,דאק נוזל לניקוי אסלות בניחוח רענן 750 מל,מיוצר עי קונדיטוריית,,ט דאק נוזל לאסלה 750,מיליליטרים,750.00,"100 מ""ל",false,,9.90,0.0132,true,1,38117
5010327000046,false,וויסקי גרנט'ס סקוטי,"וויליאם גראנט ובניו בע""\",,"גרנטס וויסקי 750 מ""ל",מיליליטרים,750.00,"100 מ""ל",false,,89.90,0.1199,true,1,80577
5010327324333,false,"סינגל מאלט סקוטי גלנפידיך 14 שנה 700 מ""ל",גרנט'ס,,וויסקי גלנפידיך 14 ב,יחידה,0.00,יחידה,false,,229.90,0.0000,true,1,162344
5010327325125,false,וויסקי גלנפידיך 15 שנה סולרה רזרב 750 מל,גרנט'ס (William Gran,,גלנפידיך 15 שנה סולר,מיליליטרים,750.00,"100 מ""ל",false,,279.90,0.3732,true,1,75483
5010327399614,false,"גלנפידיך 12 אמריקן אווק כשר 700 מ""ל",וויליאם גרנטס ובניו,,גלנפידיך 12 שנה אמרי,מיליליטרים,700.00,"100 מ""ל",false,,169.90,0.2427,true,1,192277
5010391100703,false,ליקר דרמבו קלאסי 40%,גרנט'ס (William Gran,,"דרמבוי 700 מ""ל",מיליליטרים,700.00,"100 מ""ל",false,,169.90,0.2427,true,1,109159
5010394984577,false,פדיגרי דנטאסטיקס כלב קטן 110 גרם (7 יח')BP29V,פדיגרי Pedigree,,דנטה סטיקס 110 גרם,גרמים,110.00,100 גרם,false,,11.90,0.1082,true,1,147650
5010494560282,false,וויסקי גלנמורנגי אוריגינל 10 שנים 700 מל,גלאנמורנג'\י דיסטילרי סק,,גלנמורג'י אוריג'ינל,מיליליטרים,700.00,"100 מ""ל",false,,149.90,0.2141,true,1,116390
5010677551281,false,"בקרדי בריזר לימון 275 מ""ל בקבוק",בקרדי בריזר Bacardi Breezer,,בקרדי בריזר לימון 27,מיליליטרים,275.00,"100 מ""ל",false,,14.00,0.0509,true,1,28509
5010677551397,false,"בקרדי בריזר לימון ליים 275 מ""ל",בקרדי בריזר Bacardi Breezer,,בקרדי בריזר בטעם לימ,מיליליטרים,275.00,"100 מ""ל",false,,14.00,0.0509,true,1,101961
5010677552387,false,"בקרדי בריזר אננס 275 מ""ל בקבוק",בקרדי בריזר Bacardi Breezer,,בקרדי בריזר אננס 275,מיליליטרים,275.00,"100 מ""ל",false,,14.00,0.0509,true,1,28490
5010677554398,false,"בקרדי בריזר אבטיח 275 מ""ל בקבוק",בקרדי בריזר Bacardi Breezer,,בקרדי בריזר אבטיח 27,מיליליטרים,275.00,"100 מ""ל",false,,14.00,0.0509,true,1,28510
5010677714006,false,"גין בומבאי ספייר 700 מ""ל",ג'ון דיואר ובניו,,ג'ין בומביי ספייר 70,מיליליטרים,700.00,"100 מ""ל",false,,124.90,0.1784,true,1,130852
5010677850100,false,וודקה גריי גוס בקבוק,בקרדי מרטיני,,וודקה גריי גוס 700 מ,מיליליטרים,700.00,"100 מ""ל",false,,124.90,0.1784,true,1,142336
5011007003227,false,וויסקי גיימיסון 1 ליטר,אייריש דיסטלריז,,וויסקי ג'יימסון 1 לי,ליטרים,1.00,ליטר,false,,129.90,129.9000,true,1,33731
5011013100132,false,"ויסקי בייליס אייריש קרים 750 מ""ל",r&a baileys,,בייליס אייריש קרם 75,מיליליטרים,750.00,"100 מ""ל",false,,109.90,0.1465,true,1,61391
5011013500680,false,"ליקר שרידנס 700 מ""ל",thomas sheridans,,"שרידנס 700 מ""ל",מיליליטרים,700.00,"100 מ""ל",false,,119.90,0.1713,true,1,69460
5011157671222,false,"טילדה אורז בסמטי חום מלא 1 ק""ג",טילדה Tilda,,טילדה אורז בסמטי חום,קילוגרמים,1.00,"ק""ג",false,,24.90,24.9000,true,1,178081
5011348008479,false,"בירה קינג גובלין 500 מ""ל",מבשלת וויצ'ווד,,בירה קינג גובלין 500,מיליליטרים,500.00,"100 מ""ל",false,,15.90,0.0318,true,1,155169
5011348012094,false,בירה פדיגרי 500מל בק,,,"פדיגרי בקבוק 500 מ""ל",מיליליטרים,500.00,"100 מ""ל",false,,15.90,0.0318,true,1,158398
5011348017112,false,"בירה הובגובלין פחית 500 מ""ל",,,בירה הובגובלין פחית,מיליליטרים,500.00,"100 מ""ל",false,,15.90,0.0318,true,1,155149
5011408027976,false,"ספריי לשיער רגיל לוריאל 400 מ""ל",לוריאל Loreal,,ספריי מייצב לשיער רג,מיליליטרים,400.00,"100 מ""ל",false,,39.90,0.0997,true,1,63566
5011408027990,false,ספרי עיצוב חזק מאוד לשיער Elnett,לוריאל Loreal,,אלנט ספריי לשיער חזק,יחידה,0.00,יחידה,false,,39.90,0.0000,true,1,95137
5011417539071,false,"הרפיק גיל לניקוי אסלות מסיר אבנית 750מ""ל",,,הרפיק נוזל לניקוי אס,מיליליטרים,750.00,"100 מ""ל",false,,10.90,0.0145,true,1,158988
5014271002675,false,מעדן פרי תפוח וקינמון סנדלפור 284 גרם,סאן דלפור - שמבור,,מעדן תפוח קינמון 284,גרמים,284.00,100 גרם,false,,19.90,0.0701,true,1,145153
5014271300429,false,"מעדן משמש 100% פרי סנטדלפור 284 גרם לל""ס",סאן דלפור - שמבור,,סן דלפו מעדן משמש לל,גרמים,284.00,100 גרם,false,,19.90,0.0701,true,1,31318
5014271310428,false,מעדן בטעם דובדבנים שחורים סאן דלפור 284 גרם,סאן דלפור - שמבור,,סן דלפו מעדן דבדבן ש,גרמים,284.00,100 גרם,false,,19.90,0.0701,true,1,38131
5014271330426,false,מעדן אוכמניות כחולות ללא תוספת סוכר 284 גרם,סאן דלפור - שמבור,,סן דלפו מעדן אוכמניו,גרמים,284.00,100 גרם,false,,19.90,0.0701,true,1,119076
5014271350424,false,מעדן ארבעה פירות ללא תוספת סוכר 284 גרם,סאן דלפור - שמבור,,סן דלפו מעדן ארבעה פ,גרמים,284.00,100 גרם,false,,19.90,0.0701,true,1,119077
5014271370422,false,מעדן אפרסקים ללא תוספת סוכר 284 גרם,סאן דלפור - שמבור,,סן דלפו מעדן אפרסק ל,גרמים,284.00,100 גרם,false,,19.90,0.0701,true,1,31319
5014271400426,false,"מעדן בטעם תות שדה לל""ס סאן דלפור 284 גרם",סאן דלפור - שמבור,,סן דלפו מעדן תות שדה,גרמים,284.00,100 גרם,false,,19.90,0.0701,true,1,38251
5014271795980,false,מעדן חמוציות ואוכמניות ללא תוספת סוכר 284 גרם,סנדלפור St.dalfour,,סן דלפו מעדן קרנברי,גרמים,284.00,100 גרם,false,,19.90,0.0701,true,1,119080
5014379009972,false,בירה לאגר באדוויזר פחית 500 מל,באדווייזר Budweiser,,בירה באדוויזר פחית 5,מיליליטרים,500.00,"100 מ""ל",false,,9.90,0.0198,true,1,146588
5029053002408,false,קלינקס - נייר טואולט קליניקס לבן 9 גלילים,קימברלי קלארק ישראל,,נייר טואלט קלינקס לב,יחידה,9.00,יחידה,false,,36.90,4.1000,true,1,38139
5029053002439,false,קלינקס - נייר טואולט קליניקס צהוב 9 גלילים,חוגלה קימברלי,,נייר טואולט קליניקס,יחידה,9.00,יחידה,false,,36.90,4.1000,true,1,158958
5029053039725,false,ממחטות נייר קלינקס נטורל פרש קופסה 72 דף,קימברלי קלארק,,קלינקס נטורל פרש קופ,יחידה,72.00,יחידה,false,,10.90,0.1514,true,1,179708
5029053510811,false,תחבושות נורמל פלוס עם כנפיים קוטקס 28 יחידות,קימברלי קלארק,,קוטקס תחבושות אולטרה,יחידה,28.00,יחידה,false,,18.90,0.6750,true,1,34463
5029053510828,false,תחבושות סופר פלוס עם כנפיים קוטקס 22יחידות,חוגלה קימברלי,,קוטקס תחבושות אולטרה,יחידה,24.00,יחידה,false,,18.90,0.7875,true,1,34464
5029053523446,false,קוטקס - תחבושות אולטרה נייט + כנפיים 20 יח',חוגלה קימברלי,,קוטקס תחבושות אולטרה,יחידה,20.00,יחידה,false,,18.90,0.9450,true,1,34465
5029053527581,false,האגיס תחתון ספיגה 4-7 בנות דריי נייטס 10 יחידות,חוגלה קימברלי,,האגיס דריי נייטס 7-4,יחידה,10.00,יחידה,false,,36.90,3.6900,true,1,53810
5029053527598,false,תחתוני ספיגה בנים לתופעת הרטבת לילה 8-15 האגיס,חוגלה קימברלי,,האגיס דריי נייטס 15-,יחידה,9.00,יחידה,false,,36.90,4.1000,true,1,53811
5029053527604,false,האגיס תחתון ספיגה 15-8 בנות דריי נייטס 9 יחידות,חוגלה קימברלי,,האגיס דריי נייטס 15-,יחידה,9.00,יחידה,false,,36.90,4.1000,true,1,53812
5029053535227,false,טמפון עם מוליך נורמל קוטקס 16 יחידות,חוגלה קימברלי,,קוטקס טמפון עם מוליך,יחידה,16.00,יחידה,false,,23.90,1.4937,true,1,38256
5029053538426,false,בגד ים חד פעמי ליטל סווימרס 12-18kg L,חוגלה קימברלי,,האגיס ליטל סווימרס ל,יחידה,11.00,יחידה,false,,29.90,2.7182,true,1,76902
5029053574103,false,האגיס פול אפס תח.גמילה יום בנות 20 יחידו,KC צ'כיה,,האגיס פול אפס לארג ב,יחידה,14.00,יחידה,false,,46.90,3.3500,true,1,170487
5029053574141,false,האגיס פול אפס תח.גמילה לילה בנות 18 יחיד,חוגלה,,האגיס פול אפס בנות ל,יחידה,12.00,יחידה,false,,46.90,3.9083,true,1,170489
5029053578309,false,קופסת ממחטות אולטרה סופט 48 דף קלינקס,קימברלי קלארק,,קלינקס אולטרה סופט ק,יחידה,72.00,יחידה,false,,8.90,0.1236,true,1,179709
5029054220085,false,האגיס - מגבוני האגיס אקסטרה קר לא מבושם 56 יח' * 4,חוגלה קימברלי,,האגיס מגבוני רך נולד,יחידה,0.00,יחידה,false,,26.90,0.0000,true,1,136346
5053827215862,false,קלוגס קוקו פופס שוקו 500ג',קלוגס מניופקטורינג אספנה,,קוקו פופס 500 גרם,גרמים,500.00,100 גרם,false,,19.90,0.0398,true,1,155427
5055966801012,false,וויסקי בושמילס אוריגינל 1 ליטר,,,בושמילס וויסקי אוריג,ליטרים,1.00,ליטר,false,,109.90,109.9000,true,1,121507
5060108450348,false,גינגר ביר פרימיום בק,פיבר טרי,,FEVER TREE גינגר ביר,מיליליטרים,200.00,"100 מ""ל",false,,8.90,0.0445,true,1,137311
5060517886486,false,"משקה אנרגיה מונסטר אנרג'י בפחית 500 מ""ל",מונסטר אנרג'י Monster Energy,,מונסטר אנרג'י פח 500,מיליליטרים,500.00,"100 מ""ל",false,,7.90,0.0158,true,1,149636
5060517886516,false,"משקה אנרגיה מונסטר אנרג'י זירו בפחית 500 מ""ל",מונסטר אנרג'י Monster Energy,,מונסטר אנרג'י זירו,מיליליטרים,500.00,"100 מ""ל",false,,7.90,0.0158,true,1,149637
5060639128051,false,"משקה אנרגיה מונסטר אולטרה בפחית 500 מ""ל",מונסטר אנרג'י לימטד,,מונסטר אולטרה פח 500,מיליליטרים,500.00,"100 מ""ל",false,,7.90,0.0158,true,1,157881
5060639129102,false,"משקה אנרגיה מונסטר אנרג'י מנגו בפחית 500 מ""ל",מונסטר אנרג'י Monster Energy,,מונסטר אנרג'י פח 500,מיליליטרים,500.00,"100 מ""ל",false,,7.90,0.0158,true,1,165656
5060751218173,false,"משקה אנרגיה מונסטר אנרג'י piplin punch בפחית 500 מ""ל",מונסטר אנרג'י לימטד,,מונסטר אנרג'י פחית 5,מיליליטרים,500.00,"100 מ""ל",false,,7.90,0.0158,true,1,189180
5060751219033,false,"משקה אנרגיה מונסטר אנרג'י זירו paradise בפחית 500 מ""ל",מונסטר אנרג'י לימטד,,מונסטר אנרג'י פחית 5,מיליליטרים,500.00,"100 מ""ל",false,,7.90,0.0158,true,1,189181
5099873006504,false,"וויסקי ג'ק דניאלס פייר 700 מ""ל",בראון פורמן,,וויסקי גק דניאלס פיי,מיליליטרים,700.00,"100 מ""ל",false,,129.90,0.1856,true,1,120064
5099873017623,false,"וויסקי גק דניאלס טנסי אפל 700 מ""ל",ג'ק דניאלס Jack Daniel's,,וויסקי גק דניאלס תפו,מיליליטרים,700.00,"100 מ""ל",false,,129.90,0.1856,true,1,162547
5200100943763,false,עוגיות סנדוויץ משיבו,Violanta Cookies S.A,,עוגיות סנדוויץ משיבו,גרמים,180.00,100 גרם,false,,12.90,0.0717,true,1,168483
5200100943787,false,עוגיות משיבולת שועל במילוי שוקולד מריר,Violanta Cookies S.A,,עוגיות סנדוויץ משיבו,גרמים,180.00,100 גרם,false,,12.90,0.0717,true,1,168484
5200100943800,false,עוגיות סובין שוקולד מריר 170 גר VIOLANTA,Violanta Cookies S.A,,עוגיות סובין במילוי,גרמים,170.00,100 גרם,false,,12.90,0.0759,true,1,168485
5201004020338,false,קפריס רולס קלאסיק 400 גרם,א.ג פאפאגופולוס,,קפריס רולס קלאסיק 40,גרמים,400.00,100 גרם,false,,19.90,0.0497,true,1,142703
5201004021328,false,קפריס רולס גלילי וופל במילוי קרם אגוזי לוז וקקאו,אי. ג'יי פאפאדופולוס,,כפריס גליליות ממולאו,גרמים,115.00,100 גרם,false,,8.90,0.0774,true,1,125398
5201178801047,false,"ניוואה קרם רב שימושי 150מ""ל",ביירסדורף,,"ניוואה קרם 150 מ""ל",גרמים,150.00,100 גרם,false,,19.90,0.1327,true,1,76732
5201178801054,false,"קרם רב שימושי ניוואה 250 מ""ל",טרופיקל דגיל תעשיות,,NIVEA CREAM 250ML,גרמים,250.00,100 גרם,false,,19.90,0.0796,true,1,147480
5201347400545,false,רצועות שעווה מוכנות לשימוש לפנים ולאזורים רגישים,רקיט בנקיזר צרפת,,ויט ארומטיק רצועות ש,יחידה,18.00,יחידה,false,,24.90,1.3833,true,1,53820
5201583042028,false,סוכ' ל.סוכר טופי פיר,LAVDAS,,טופי פירות ללא סוכר,גרמים,175.00,100 גרם,false,,15.90,0.0909,true,1,168516
5201583084035,false,סוכ.4 טעמים ללא סוכר,PALLAS,,סוכריות 4 טעמים ללא,גרמים,150.00,100 גרם,false,,12.90,0.0860,true,1,61416
5201583451516,false,חטיף שוקולד חלב עם ק,,,חטיף שוקולד חלב עם ק,יחידה,0.00,יחידה,false,,5.90,0.0000,true,1,127819
5201709114028,false,שוקולד איטליקי,,,שוקולד איטליקי,קילוגרמים,1.00,"ק""ג",true,,49.90,49.9000,true,1,154147
5202175001546,false,נאצוס בטעם ברביקיו 225 גר,אל סבור מקסיקן פוד,,נאצוס בטעם ברביקיו 2,גרמים,225.00,100 גרם,false,,10.90,0.0484,true,1,182426
5202175002581,false,עלי טורטיה 200 גר' 5 יח'.,S Foods Mexican Sabor El,,מזרח ומערב טורטיה 5,יחידה,0.00,יחידה,false,,7.90,0.0000,true,1,174797
5202390014192,false,גבינה צהובה טבעונית זיתים ויאו לייף 200 ג',פרוטרופיק סיה.,,צהובה טבעונית עם זית,יחידה,0.00,יחידה,false,,22.90,0.0000,true,1,134555
5202413007019,false,אוזו פלומארי כשר 700,Plomari ouzo distill,,אוזו פלומארי כשר 700,מיליליטרים,700.00,"100 מ""ל",false,,119.90,0.1713,true,1,140452
5202460005990,false,"סנטה קלאוס 1 ק""ג",,,"סנטה קלאוס 1 ק""ג",יחידה,0.00,יחידה,false,,59.90,0.0000,true,1,194172
5202460007611,false,סנטה קלאוס 60 ג',,,סנטה קלאוס 60 ג',יחידה,0.00,יחידה,false,,4.90,0.0000,true,1,147670
5202460007628,false,סנטה קלאוס 100 ג',,,סנטה קלאוס 100 ג',יחידה,0.00,יחידה,false,,6.90,0.0000,true,1,147671
5202460007833,false,שקית סנטה קלאוס 100,,,שקית סנטה קלאוס 100,יחידה,0.00,יחידה,false,,7.90,0.0000,true,1,179866
5202460044968,false,טבלאות שוקולד 85 גרם,,,טבלאות שוקולד 85 גרם,יחידה,0.00,יחידה,false,,5.90,0.0000,true,1,147682
5202460067806,false,כריסמס שוקולד מעורבב,,,כריסמס שוקולד מעורבב,גרמים,500.00,100 גרם,false,,29.90,0.0598,true,1,194175
5202795080709,false,אוזו מטקסה Ouzo Metaxa,פארייפאבה אגרואינדוס,,"אוזו מטקסה 750 מ""ל",מיליליטרים,750.00,"100 מ""ל",false,,95.90,0.1279,true,1,179696
5203819000062,false,אוזו מלטמי 40% 700 מ,,,אוזמו מלטמי 40% 700,מיליליטרים,700.00,"100 מ""ל",false,,79.90,0.1141,true,1,157853
5391523057929,false,סימילאק גולד שלב 1 תרכובת מזון על בסיס חלב,אבוט מעבדות רפואיות,,סימילאק גולד שלב 1 7,יחידה,0.00,יחידה,false,,69.90,0.0000,true,1,136032
5391523057936,false,סימילאק גולד שלב 2 תרכובת מזון על בסיס חלב,אבוט מעבדות רפואיות,,סימילאק גולד שלב 2 7,יחידה,0.00,יחידה,false,,69.90,0.0000,true,1,136033
5391523057943,false,סימילאק גולד שלב 3 תרכובת מזון על בסיס חלב,אבוט מעבדות רפואיות,,סימילאק גולד שלב 3 7,יחידה,0.00,יחידה,false,,69.90,0.0000,true,1,136034
5391523058063,false,סימילאק אדבנס פלוס 1 תרכובת מזון על בסיס חלב,אבוט מעבדות רפואיות,,סימילאק אדוונס פלוס,גרמים,700.00,100 גרם,false,,64.90,0.0927,true,1,135991
5391523058070,false,סימילאק אדבנס פלוס 3 תרכובת מזון על בסיס חלב,אבוט מעבדות רפואיות,,סימילאק אדוונס פלוס,גרמים,700.00,100 גרם,false,,64.90,0.0927,true,1,135992
5391523058087,false,סימילאק אדבנס פלוס 2 תרכובת מזון על בסיס חלב,טרופיקל דגיל תעשיות,,סימילאק אדוונס פלוס,גרמים,700.00,100 גרם,false,,64.90,0.0927,true,1,135993
5391523270021,false,"וויסקי אירי טילינג סמול באטש 700 מ""ל",טילינג,,ויסקי אירי טילינג סמ,יחידה,0.00,יחידה,false,,169.90,0.0000,true,1,151196
5410091648176,false,"פה - דאודורנט רול און לאישה פינק פרדייס 50 מ""ל",שוורצקופף והנקל,,פה דאודורנט רול און,מיליליטרים,50.00,"מ""ל",false,,11.90,0.2380,true,1,38181
5410091677992,false,"סאיוס - ספריי לשיער לייצוב מקסימלי 400 מ""ל",שוורצקופף והנקל,,סאיוס ספריי לשיער לי,מיליליטרים,400.00,"100 מ""ל",false,,30.00,0.0750,true,1,177988
5410091678012,false,"ספריי לשיער סאיוס לברק ועיצוב 400 מ""ל",הנקל סוד,,סאיוס ספריי לשיער לב,מיליליטרים,400.00,"100 מ""ל",false,,30.00,0.0750,true,1,66431
5410103161518,false,קרם יום עם פעולה משולשת לעור רגיל ומעורב,"לוריאל ישראל בע""מ",,דרמו פעולה משולשת רג,יחידה,0.00,יחידה,false,,49.90,0.0000,true,1,77147
5410103161617,false,קרם יום עם פעולה משולשת Triple active לעור יבש ועדין,"לוריאל ישראל בע""מ",,דרמו פעולה משולשת יב,יחידה,50.00,יחידה,false,,49.90,0.9980,true,1,77145
5410126006087,false,עוגיות לוטוס ארוזות בתפזורת 700 גרם,לוטוס ביקרי נ.וי.,,לוטוס עוגיות קרמל 70,גרמים,700.00,100 גרם,false,,26.00,0.0371,true,1,72457
5410126106022,false,מארז עוגיות לוטוס 250 גר*2,לוטוס ביקרי נ.וי.,,עוגיות לוטוס זוג 2*2,גרמים,500.00,100 גרם,false,,16.90,0.0338,true,1,181078
5410126106183,false,עוגיות לוטוס 50 יחידות ארוזות בנפרד 312 גרם,כלורוקס אוקלנד,,ביסקוויט קרמל 312 גר,יחידה,50.00,יחידה,false,,18.00,0.3600,true,1,45842
5410126116953,false,ממרח ביסקוויט קרמל לוטוס 400 גרם,לוטוס בייקרי בלגיה נ,,לוטוס ממרח ביסקוויט,גרמים,400.00,100 גרם,false,,23.00,0.0575,true,1,60433
5410126716016,false,"עוגיות לוטוס ביסקויט קרמל בד""צ 250 גרם",לוטוס ביקרי בלגיה,,ביסקוויט בטעם קרמל ל,גרמים,250.00,100 גרם,false,,12.90,0.0516,true,1,46393
5410228267515,false,"שישיית בירה לאגר באדוויזר 6*330 מ""ל",באדווייזר Budweiser,,בירה באדוויזר שישייה,יחידה,6.00,יחידה,false,,39.90,6.6500,true,1,146587
5410291021991,false,ממרח אגוזי לוז עם קקאוי 700 ג' צ'וקטה,צ'וקטה Chocketa,,צוקטה ממרח אגוזי לוז,גרמים,700.00,100 גרם,false,,18.90,0.0270,true,1,115281
5410291022011,false,ממרח אגוזי לוז עם קקאוי 350 ג' צ'וקטה,צ'וקטה Chocketa,,צוקטה ממרח אגוזי לוז,גרמים,350.00,100 גרם,false,,10.90,0.0311,true,1,115265
5410291022776,false,ממרח אגוזי לוז צ'וקטה 700 גרם פרווה,צ'וקטה Chocketa,,צוקטה ממרח אגוזי לוז,גרמים,700.00,100 גרם,false,,18.90,0.0270,true,1,120960
5410316983693,false,"סמירנוף אייס בקבוק 275 מ""ל",סמירנוף אייס Smirnoff ice,,סמירנוף אייס בודד,יחידה,275.00,יחידה,false,,11.90,0.0433,true,1,61442
5410769200088,false,"בירה מק שוף קטן 330 מ""ל בקבוק",פארייפאבה אגרואינדוס,,"בקבוק מק שוף 330 מ""",מיליליטרים,330.00,"100 מ""ל",false,,16.90,0.0512,true,1,119924
5411081006211,false,"בירה פילו 330 מ""ל",מבשלת קסטל ואן הונסב,,"בירה פילו 330 מ""ל",מיליליטרים,330.00,"100 מ""ל",false,,12.90,0.0391,true,1,155140
5411081008420,false,"בירה בירה שושנע קסטיל 330 מ""ל פחית",מבשלת קסטל ואן הונסברוק,,"בירה שושנע 330 מ""ל",מיליליטרים,330.00,"100 מ""ל",false,,12.90,0.0391,true,1,176261
5411188094159,false,רביעיית מעדן סויה שוקו מריר אלפרו 125 גרם,הנסיך- מפעל לייצור ט,,אלפרו מעדן סויה שוק.,גרמים,500.00,100 גרם,false,,17.20,0.0344,true,1,28529
5411188094173,false,רביעיה מעדן סויה טעם קרמל 125 ג' אלפרו,אלפרו,,אלפרו מעדן סויה בטעם,גרמים,500.00,100 גרם,false,,17.20,0.0344,true,1,194279
5411188096108,false,"אלפרו שמנת צמחית לבישול לייט 250מ""ל",אלפרו C.V.A,,אלפרו שמנת צמחית לבי,מיליליטרים,250.00,"100 מ""ל",false,,9.90,0.0396,true,1,28562
5411188110835,false,אלפרו חלב סויה שקדים וניל 1ל',הנסיך- מפעל לייצור ט,,אלפרו חלב שקדים 1 לי,ליטרים,1.00,ליטר,false,,13.90,13.9000,true,1,66018
5411188112549,false,משקה קוקוס אלפרו 1 ליטר משקה אורז 1 ליטר,הנסיך- מפעל לייצור ט,,אלפרו משקה אורז 1 לי,ליטרים,1.00,ליטר,false,,13.90,13.9000,true,1,77434
5411188112709,false,"משקה קוקוס אלפרו 1 ליטר משקה שקדים לל""ס",הנסיך- מפעל לייצור ט,,אלפרו משקה שקדים ללא,ליטרים,1.00,ליטר,false,,13.90,13.9000,true,1,97250
5411188115366,false,משקה קוקוס אלפרו 1 ליטר משקה שיבולת שועל 1 ליטר,הנסיך- מפעל לייצור ט,,אלפרו משקה שיבולת שו,ליטרים,1.00,ליטר,false,,13.90,13.9000,true,1,77433
5411188115434,false,אלפרו משקה בריסטה סויה 1 ליטר,אלפרו Alpro,,אלפרו משקה בריסטה סו,ליטרים,1.00,ליטר,false,,13.90,13.9000,true,1,187294
5411188115472,false,משקה סויה אלפרו 1 ליטר,הנסיך- מפעל לייצור ט,,אלפרו משקה סויה 1 לי,ליטרים,1.00,ליטר,false,,11.90,11.9000,true,1,158383
5411188118732,false,משקה אלפרו קוקוס ושקדים 1 ליטר,הנסיך- מפעל לייצור ט,,אלפרו משקה קוקוס שקד,ליטרים,1.00,ליטר,false,,13.90,13.9000,true,1,109222
5411188120742,false,משקה קוקוס אלפרו 1 ליטר שקדים וניל 1 ל',הנסיך- מפעל לייצור ט,,אלפרו משקה שקדים בטע,ליטרים,1.00,ליטר,false,,14.90,14.9000,true,1,109223
5411188121923,false,"משקה סויה מועשר סידן אלפרו 3*250 מ""ל",הנסיך- מפעל לייצור ט,,אלפרו סויה סידן 3*25,גרמים,750.00,100 גרם,false,,14.80,0.0197,true,1,131110
5411188121978,false,"משקה סויה בטעם שוקולד 3 * 250 מ""ל אלפרו",אלפרו סי.וי. איי,,אלפרו סויה 3*250 מל,גרמים,750.00,100 גרם,false,,14.80,0.0197,true,1,128813
5411188122586,false,"משקה שקדים אלפרו 250 מ""ל",הנסיך- מפעל לייצור ט,,אלפרו משקה שקדים 250,מיליליטרים,250.00,"100 מ""ל",false,,6.90,0.0276,true,1,123399
5411188124689,false,משקה אלפרו שיבולת שועל ללא סוכר 1 ליטר,אלפרו C.V.A,,אלפרו משקה שיבולת שו,ליטרים,1.00,ליטר,false,,13.90,13.9000,true,1,160985
5411188127697,false,אלפרו משקה בריסטה שיבולת שועל 1 ליטר,הנסיך- מפעל לייצור ט,,אלפרו בריסטה שיבולת,ליטרים,1.00,ליטר,false,,13.90,13.9000,true,1,158381
5411188129899,false,משקה אלפרו בריסטה שקדים 1 ליטר,הנסיך- מפעל לייצור ט,,אלפרו בריסטה שקדים 1,ליטרים,1.00,ליטר,false,,13.90,13.9000,true,1,158382
5411188133476,false,אלפרו משקה סויה שוקו+חלבון 250 גרם בית יוסף,אלפרו C.V.A,,אלפרו משקה סויה שוקו,מיליליטרים,250.00,"100 מ""ל",false,,7.90,0.0316,true,1,177274
5411188134985,false,אלפרו 3.5% NOT M*LK שיבולת שועל 1 ליטר בית יוסף,הנסיך- מפעל לייצור ט,,אלפרו 3.5% שומן משקה,ליטרים,1.00,ליטר,false,,14.90,14.9000,true,1,177277
5411188135005,false,אלפרו 1.8% NOT M*LK שיבולת שועל 1 ליטר בית יוסף,הנסיך- מפעל לייצור ט,,אלפרו 1.8% שומן שיבו,ליטרים,1.00,ליטר,false,,14.90,14.9000,true,1,177276
5411188300328,false,אלפרו סויה שוקו 1 ליטר * 8 יחי,הנסיך- מפעל לייצור ט,,אלפרו משקה סויה שוקו,מיליליטרים,1000.00,"100 מ""ל",false,,14.90,0.0149,true,1,78700
5411188543398,false,אלפרו משקה סויה ללא סוכר 1 ליטר,הנסיך- מפעל לייצור ט,,"אלפרו משקה סויה לל""ס",מיליליטרים,1000.00,"100 מ""ל",false,,11.90,0.0119,true,1,158384
5411616133245,false,בירה מרטנס פחית ירוק500מ,מבשלת מרטנס,,בירה מרטנס פילס לאגר,מיליליטרים,500.00,"100 מ""ל",false,,6.90,0.0138,true,1,61447
5411616148546,false,"בירה מרטינס גולד 500 מ""ל-פחית",מבשחת מרטנס,,בירה מרטנס גולד 6.5%,יחידה,0.00,יחידה,false,,6.90,0.0000,true,1,61448
5411663002846,false,"בירה Gulden Draak QUAD 10.5% מ""ל 330",Van steenberg,,בירה גולדן דראק 330,מיליליטרים,300.00,"100 מ""ל",false,,13.90,0.0463,true,1,104205
5412956120162,false,מקל סנטה קריסמס 100,,,מקל סנטה קריסמס 100,יחידה,0.00,יחידה,false,,29.90,0.0000,true,1,194131
5412956120711,false,בית של סנטה קריסמס 1,KIMS CHOCOLATES,,בית של סנטה קריסמס 1,יחידה,0.00,יחידה,false,,23.90,0.0000,true,1,194132
5412956213420,false,טבלת שוקולד מריר בלג,,,קאשט אורגני טב' שוקו,יחידה,0.00,יחידה,false,,13.90,0.0000,true,1,168507
5412956213437,false,טבלת שוקולד מריר בלג,,,קאשט אורגני טב' שוקו,יחידה,0.00,יחידה,false,,13.90,0.0000,true,1,168508
5412956213451,false,שוקולד מריר קאשט אורגני 57% דובדבן ושקד,KIMS,,קאשט אורגני טב' שוקו,יחידה,0.00,יחידה,false,,13.90,0.0000,true,1,168510
5412956214519,false,שוקולד מריר עם תפוז ושקדים 100 גרם,Kim's Chocolates NV,,CACHET טבלת שוקולד מ,גרמים,100.00,100 גרם,false,,9.90,0.0990,true,1,136538
5412956214526,false,שוקולד מריר עם אגס ושקדים 100 גרם,Kim's Chocolates NV,,CACHET טבלת שוקולד מ,גרמים,100.00,100 גרם,false,,9.90,0.0990,true,1,136539
5412956214540,false,שוקולד מריר עם גינגר ואוכמניות 100 גרם,Kim's Chocolates NV,,CACHET טבלת שוקולד מ,גרמים,100.00,100 גרם,false,,9.90,0.0990,true,1,136541
5412956214649,false,שוקולד מריר 85% קקאו 100 גרם,Kim's Chocolates NV,,CACHET טבלת שוקולד מ,גרמים,100.00,100 גרם,false,,9.90,0.0990,true,1,136542
5413121358694,false,שוקולד בלגי מריר משובח 85%פרסטיז 100 גרם,BCG,,פרסטיז בלגיאן שוק.מר,גרמים,100.00,100 גרם,false,,11.90,0.1190,true,1,45468
5413121359769,false,בלגיאן - צדפי שוקולד בלגי 195 גר,בי סי ג'י אולן,,צדפי שוקולד בלגי 195,גרמים,195.00,100 גרם,false,,17.90,0.0918,true,1,45704
5413149922938,false,"אריאל אבקת כביסה שושן צחור, 5 ק""ג",פרוקטר אנד גמבל,,אריאל אבקת כביסה שוש,קילוגרמים,5.00,"ק""ג",false,,49.90,9.9800,true,1,168160
5413548040479,false,בונבוניירה רפאלו 240 גרם,ליימן-שליסל,,בונבוניירה רפאלו 240,גרמים,240.00,100 גרם,false,,24.90,0.1037,true,1,58802
5420066384084,false,שוקולד מריר 72% ביאנקה 100 גר,,,ביאנקה שוקולד מריר 1,גרמים,100.00,100 גרם,false,,10.90,0.1090,true,1,124806
5449000000996,false,פחית קוקה קולה מאור הכשרות,קוקה קולה אירופה,,קוקה קולה פחית 330 מ,מיליליטרים,330.00,"100 מ""ל",false,,6.90,0.0209,true,1,194904
5449000131805,false,"פחית קוקה קולה זירו בעלז 330מ""ל",קוקה קולה,,קוקה קולה זירו פחית,מיליליטרים,330.00,"100 מ""ל",false,,6.90,0.0209,true,1,194903
5601008200444,false,עוגיות גודיס טבעות מצופות שוקולד חלב מרבה 150 גרם,הנסיך- מפעל לייצור ט,,גודיס עוגיות טבעת מצ,גרמים,150.00,100 גרם,false,,5.90,0.0393,true,1,46129
5601008200451,false,עוגיות גודיס טבעות מצופות שוקולד מריר מרבה 150 גרם,מרבה Merba,,גודיס עוגיות טבעת מצ,גרמים,150.00,100 גרם,false,,5.90,0.0393,true,1,46130
5601008200468,false,עוגיות גודיס טבעות מצופות שוקולד לבו מרבה 150 גרם,קריניציה ויטמינה אס,,גודיס עוגיות טבעת מצ,גרמים,150.00,100 גרם,false,,5.90,0.0393,true,1,45711
5601036205534,false,צבע לשיער אקסלנס קרם - 1 שחור,לוריאל Loreal,,אקסלנס צבע שיער שחור,יחידה,0.00,יחידה,false,,39.90,0.0000,true,1,31354
5601036205596,false,צבע לשיער אקסלנס קרם - 5.3 חום זהוב,לוריאל ישראל קוסמטיקס בע,,אקסלנס קרם חום זהוב,יחידה,0.00,יחידה,false,,39.90,0.0000,true,1,77253
5601036205626,false,צבע לשיער אקסלנס קרם - 6 בלונד כהה,לוריאל Loreal,,אקסלנס קרם בלונד כהה,יחידה,0.00,יחידה,false,,39.90,0.0000,true,1,31361
5601217129420,false,וולייט דפים למניעת העברת צבע 20 יחידות,רקיט בן קיזר,,וולייט דפים 20 יח',יחידה,0.00,יחידה,false,,19.90,0.0000,true,1,127196
5601766300011,false,קווינטה דה אלורנה קו,,,קווינטה דה אלורנה קו,יחידה,0.00,יחידה,false,,44.90,0.0000,true,1,192214
5601766300127,false,קווינטה דה אלורנה קו,,,קווינטה דה אלורנה קו,יחידה,0.00,יחידה,false,,44.90,0.0000,true,1,192215
5601996023780,false,"יין פורטה 6 רוזה 750 מ""ל",וידיגל,,יין פורטה 6 רוזה,יחידה,0.00,יחידה,false,,49.90,0.0000,true,1,157884
5601996355485,false,"יין פורטה 6 לבן 750 מ""ל",וידיגל,,יין פורטה 6 לבן,יחידה,0.00,יחידה,false,,49.90,0.0000,true,1,157885
5601996547897,false,"יין פורטה 6 אדום 750 מ""ל",וידיגל,,יין פורטה 6 אדום,יחידה,0.00,יחידה,false,,49.90,0.0000,true,1,157886
5604912415041,false,סרדינים בשמן חמניה פורטוס 125 גרם,קונסרבס פורטוגל נורטה לי,,סרדיני פורטוס בשמן ח,גרמים,125.00,100 גרם,false,,7.90,0.0632,true,1,135093
5604912415058,false,סרדינים פורטוס בשמן חמניות חריף 125 גרם,פורטוס Porthos,,סרדיני פורטוס בשמן ח,גרמים,125.00,100 גרם,false,,7.90,0.0632,true,1,135094
5604912425057,false,מקרלים בשמן חמניה חריף פורטוס 125 גרם,קונסרבס פורטוגל נורטה לי,,סטארקיסט מקרלים בשמן,גרמים,125.00,100 גרם,false,,7.90,0.0632,true,1,135085
5694230223312,false,כבד דג במיץ טבעי 121 גר BRIVAIS VILNIS,איי סי קורה אי .איץ.,,שימורי כבד דג במיץ ט,גרמים,121.00,100 גרם,false,,9.90,0.0818,true,1,144963
5694230223336,false,כבד דג מעושן 121 גר BRIVAIS VILNIS,איי סי קורה אי .איץ.,,שימורי כבד דג מעושן,גרמים,121.00,100 גרם,false,,9.90,0.0818,true,1,144965
5701215042391,false,גבינת קממברט 125גר',,,קממברט 125 גר,יחידה,0.00,יחידה,false,,19.90,0.0000,true,1,143163
5701397337759,false,בוטני צילי חריף 150,snack foods,,בוטני צילי חריף 150,גרמים,150.00,100 גרם,false,,11.90,0.0793,true,1,145184
5701932026964,false,"הוטפופ גרעיני תירס להכנת פופקורן במיקרוגל בטעם טבעי, בתוספת מלח, 600 גרם",ליימן מותגים,,פופקורן טעם מלח 600,גרמים,600.00,100 גרם,false,,15.90,0.0265,true,1,38115
5701932026971,false,הוטפופ גרעיני תירס להכנת פופקורן במיקרוגל בטעם חמאה 600 גרם,ליימן מותגים,,פופ קורן בטעם חמאה 6,גרמים,600.00,100 גרם,false,,15.90,0.0265,true,1,37762
5701932026995,false,"הוטפופ גרעיני תירס להכנת פופקורן במיקרוגל בטעם טבעי מופחת שומן, 510 גרם",קריניציה ויטמינה אס,,הוט פופ לייט בטעם טב,גרמים,510.00,100 גרם,false,,15.90,0.0312,true,1,38201
5704255122740,false,פחית מיקלר בורסט 330,ברודוג פי אל סי,,פחית מיקלר בורסט 330,יחידה,0.00,יחידה,false,,14.90,0.0000,true,1,192313
5708209201611,false,טורטיה מקמח חיטה 20 אנטיקה קנטינה 320 גרם,לייטון פודס-קנטינה,,עלי טורטייה (20) 340,גרמים,340.00,100 גרם,false,,17.90,0.0526,true,1,46053
5708209201628,false,טורטיה מקמח חיטה 25 אנטיקה קנטינה 370 גרם,ביופט,,עלי טורטייה (25) 370,גרמים,370.00,100 גרם,false,,20.00,0.0541,true,1,52277
5711953106583,false,גבינת שמנת בטעם טבעי 200 גרם ארלה,ארלה פודס אמבה,,ארלה גבינת שמנת טבעי,גרמים,200.00,100 גרם,false,,14.90,0.0745,true,1,147278
5711953106590,false,גבינת שמנת ארלה שמנת שום 200 גרם,ארלה פודס אמבה,,ארלה גבינת שמנת שום,גרמים,200.00,100 גרם,false,,14.90,0.0745,true,1,147279
5711953106606,false,גבינת שמנת עם תבלינים ועשבי תיבול 23.5%,ארלה פודס אמבה,,ארלה גבינת שמנת עשבי,גרמים,200.00,100 גרם,false,,14.90,0.0745,true,1,147280
5711953148347,false,גבינת שמנת בטעם טבעי 300 גרם ארלה,ארלה,,ארלה גבינת שמנת טבעי,גרמים,300.00,100 גרם,false,,25.90,0.0863,true,1,193148
5740900403215,false,ממרח מחמאת לורפק עם מלח 250 ג',ארלה פודס אמבה,,ממרח חמאה לורפק עם מ,גרמים,250.00,100 גרם,false,,16.90,0.0676,true,1,137083
5740900403222,false,ממרח לורפק חמאה עם מלח מופחת שומן 250 ג,ארלה פודס אמבה,,ממרח חמאה לורפק עם מ,גרמים,250.00,100 גרם,false,,16.90,0.0676,true,1,137087
5740900403239,false,ממרח לורפק ללא תוספת מלח 250 גר,ארלה פודס אמבה,,ממרח חמאה לורפק ללא,גרמים,250.00,100 גרם,false,,16.90,0.0676,true,1,137088
5740900403246,false,ממרח לורפק ללא תוספת מלח 500 גר,ארלה פודס אמבה,,ממרח חמאה לורפק ללא,גרמים,500.00,100 גרם,false,,27.90,0.0558,true,1,137089
5740900403253,false,ממרח מחמאת לורפק עם מלח 500 ג',ארלה פודס אמבה,,ממרח חמאה לורפק עם מ,גרמים,500.00,100 גרם,false,,27.90,0.0558,true,1,137090
5740900403260,false,ממרח מחמאת לורפק ללא מלח 27% פחות שומן,ארלה פודס אמבא,,ממרח חמאה לורפק ללא,גרמים,250.00,100 גרם,false,,16.90,0.0676,true,1,137091
5900020012814,false,דגנים תפוחים בטעם שוקולד נסקוויק נסטלה 500 גרם,מיוצר עי קונדיטוריית,,נסקוויק דגני בוקר 50,גרמים,500.00,100 גרם,false,,26.90,0.0538,true,1,43592
5900020018908,false,פיטנס חטיפי אנרגיה דגנים בטעם קרם עוגיות נסטלה 6*23.5 גרם,מיוצר עי קונדיטוריית,,פיטנס חטיף דגנים עוג,גרמים,141.00,100 גרם,false,,17.90,0.1270,true,1,58692
5900020020710,false,מארז חטיף דגנים קראנץ' בטעם שוקו וניל נסטלה,נסטלה פולין ברים,,קראנץ' בר שוקו וניל,גרמים,150.00,100 גרם,false,,17.90,0.1193,true,1,71673
5900020024770,false,פיטנס - דליס חטיף דגנים שוקולד אגוז 22.50 גרם * 6,נסטלה פולין ברים,,פיטנס בר דליס שוקולד,גרמים,135.00,100 גרם,false,,17.90,0.1326,true,1,103381
5900020024817,false,פיטנס דליס Fitness Delice חטיף דגנים עם שוקולד לבן,נסטלה פולין ברים,,פיטנס בר דליס שוקולד,יחידה,6.00,יחידה,false,,17.90,2.9833,true,1,103382
5900020026552,false,דגני בוקר האני נאט צ'יריוס בטעם דבש ושקדים,נסטלה צרפת איטנקורט,,האני נאט ציריוס חדש,גרמים,615.00,100 גרם,false,,26.90,0.0437,true,1,114162
5900020031877,false,נסטלה האני ציריוס חטיף דגני בוקר שישייה,נסטלה פולין דגני בוק,,צ'יריוס האני חטיף דג,גרמים,141.00,100 גרם,false,,17.90,0.1270,true,1,143364
5900020033314,false,חטיף דגני בוקר Lion בטעם קרמל ושוקולד על קרם חלב,נסטלה פולין דגני בוק,,ליון חטיף דגנים 25 ג,גרמים,141.00,100 גרם,false,,17.90,0.1270,true,1,137167
5900020034021,false,חטיף דגנים פיטנס שוקולד בננה 141 גרם,מיוצר עי קונדיטוריית,,פיטנס מארז חטיפים דג,יחידה,0.00,יחידה,false,,17.90,0.0000,true,1,143738
5900020036407,false,ליון דגני בוקר שוקולד וקרמל נסטלה 480 גרם,נסטלה פולין דגני בוק,,ליון דגני בוקר שוקול,גרמים,480.00,100 גרם,false,,26.90,0.0560,true,1,155389
5900020037916,false,דגני בוקר שיבולת שועל צ'ריוס 375ג',ג'נרל מילס סאן אדריא,,ציריוס שיבולת שועל 3,גרמים,375.00,100 גרם,false,,17.90,0.0477,true,1,165101
5900020039590,false,פיטנס חטיף דגנים קלאסי פרווה 8 6*23.5 ג,נסטלה פולין דגני בוק,,פיטנס חטיף דגנים קלא,יחידה,0.00,יחידה,false,,17.90,0.0000,true,1,175345
5900020039620,false,פיטנס חטיף דגנים שקדים ודבש פרווה 8 6*23 ג,נסטלה פולין ברים,,פיטנס חטיף דגנים שקד,יחידה,0.00,יחידה,false,,17.90,0.0000,true,1,175346
5900627040111,false,"הרפיק נוזל לאסלה בניתוח פריחה אביבית. 750 מ""ל",,,הרפיק גל ניקוי אסלות,מיליליטרים,750.00,"100 מ""ל",false,,10.90,0.0145,true,1,158156
5900627063233,false,טבליות למדיח הכל ב-1 פיניש מקס 50 יחידות,רקיט בנקיזר,,פיניש אלו מקס 50 טבל,יחידה,0.00,יחידה,false,,36.90,0.0000,true,1,112866
5900915027831,false,שוקולד קריסמס עם עדש,,,טב' שוקולד קריסמס עם,יחידה,0.00,יחידה,false,,6.90,0.0000,true,1,194134
5901041003003,false,וודקה בלוודר פרמיום,פולמוס ז'\ירארדוב דיסטיל,,"וודקה בלוודר 700 מ""ל",מיליליטרים,700.00,"100 מ""ל",false,,109.90,0.1570,true,1,70354
5901177157274,false,בונבוניירה עץ ירוק ו,,,בונ' ירוקה בצורת עץ,יחידה,0.00,יחידה,false,,16.90,0.0000,true,1,194140
5901177157281,false,בונבוניירה זהב בצורת,,,בונ' זהב בצורת עץ עם,יחידה,0.00,יחידה,false,,16.90,0.0000,true,1,194141
5901414200411,false,בלזן היט מיני ביסקוויט סנדוויץ' עם מילוי קרם בטעם שוקולד 130 גרם,ליימן שליסל,,היט מיניס קרם קקאו 1,גרמים,130.00,100 גרם,false,,7.00,0.0538,true,1,38434
5901832063766,false,לה ריב סט TOUCH OF O,,,לה ריב סט TOUCH OF O,יחידה,0.00,יחידה,false,,39.90,0.0000,true,1,150277
5901888020546,false,FREEYU חטיף דגנים עם קינואה ומלח ים 70 גרם,דנשר,,FREEYU חטיף דגנים עם,יחידה,0.00,יחידה,false,,12.90,0.0000,true,1,190501
5902198160403,false,XL משקה אנרגיה מוגז ללא סוכר עד 10 קלוריות לפחית 250 מל,"טמפו משקאות בע""\מ",,"אקס אל ten 250 מ""ל",מיליליטרים,250.00,"100 מ""ל",false,,5.00,0.0200,true,1,123862
5904941750312,false,"משקה אנרגיה BLU מוחיטו בודד 250 מ""ל",אקו - ביט,,בלו משקה אנרגיה מוחי,מיליליטרים,250.00,"100 מ""ל",false,,5.90,0.0236,true,1,67507
5904941751302,false,"משקה אנרגיה בלו 250 מ""ל- בודד",אקו - ביט,,בלו משקה אנרגיה 250,מיליליטרים,250.00,"100 מ""ל",false,,5.00,0.0200,true,1,53892
5904941751524,false,"משקה אנרגיה BLU DAY אבטיח בודד 250 מ""ל",אקו - ביט,,בלו משקה אנרגיה די א,מיליליטרים,250.00,"100 מ""ל",false,,5.90,0.0236,true,1,64405
5906485301012,false,"משקה אנרגיה XL פחית 250 מ""ל","טמפו משקאות בע""מ",,אקס אל משקה אנרגיה 2,מיליליטרים,250.00,"100 מ""ל",false,,5.00,0.0200,true,1,28523
5949152110821,false,"איירוויק מבשם אוויר ומנטרל ריחות – לילות לבנים 237 מ""ל",רקיט בנקיזר,,איירוויק מבשם אוויר,מיליליטרים,345.00,"100 מ""ל",false,,14.90,0.0432,true,1,191382
5998623526739,false,"יין הונגרי גוורצטרמינר 750 מ""ל כשר",דנוביאנה,,יין גוורצטרמינר הונ,מיליליטרים,750.00,"100 מ""ל",false,,39.90,0.0532,true,1,142348
6001067017530,false,מברשת שיניים קולגייט לילדים מגיל שנתיים עד חמש 1 יחידה,יבואן ומשווק: ש. שסט,,קולגייט מברשת ילדים,יחידה,1.00,יחידה,false,,13.90,13.9000,true,1,46566
6001106116385,false,דטול סבון מוצק אקטיב,,,דטול סבון מוצק אקטיב,יחידה,0.00,יחידה,false,,10.90,0.0000,true,1,166730
6001108093769,false,ליקר אמרולה בטעם וניל 700 מל,,,ליקר אמרולה בטעם וני,מיליליטרים,700.00,"100 מ""ל",false,,99.90,0.1427,true,1,163319
6111094000013,false,"קוסקוס דארי בינוני תומר 1 ק""ג",דארי קוספאט אס. איי. או,,תומר קוסקוס דק/בינונ,גרמים,1000.00,100 גרם,false,,19.90,0.0199,true,1,38289
6111094000198,false,קוסקוס דארי בינוני 350 גרם,דארי קוספאט אס. איי. או,,תומר קוסקוס דארי דק,גרמים,350.00,100 גרם,false,,7.90,0.0226,true,1,124821
6111094000228,false,"קוסקוס דארי דק תומר 1 ק""ג",דרי קוספט,,תומר קוסקוס תומר דק,גרמים,1000.00,100 גרם,false,,19.90,0.0199,true,1,38290
6111094000242,false,תומר קוסקוס דארי דק 500גר,דארי קוספאט אס. איי. או,,תומר קוסקוס דארי דק,גרמים,500.00,100 גרם,false,,10.90,0.0218,true,1,38436
6111094000259,false,קוסקוס דארי בינוני 500ג'18X,דארי קוספאט אס. איי. או,,תומר קוסקוס דארי בינ,גרמים,500.00,100 גרם,false,,10.90,0.0218,true,1,38291
6111130012475,false,צולה בשר 23*34*48 Y.,,,צולה בשר 23*34*48 Y.,יחידה,0.00,יחידה,false,,16.90,0.0000,true,1,187123
6118000240501,false,סרדינים מרוקאים בשמן סויה עם פלפל חריף - 125 גרם,דין שיווק,,סרדינים מרוקאים בשמן,גרמים,125.00,100 גרם,false,,4.90,0.0392,true,1,78010
6224000246068,false,סיר חשמלי,,,סיר חשמלי,יחידה,0.00,יחידה,false,,79.90,0.0000,true,1,178244
6224000246075,false,סיר חשמלי,,,סיר חשמלי,יחידה,0.00,יחידה,false,,79.90,0.0000,true,1,178245
6224000246389,false,סיר חשמאלי,,,סיר חשמאלי,יחידה,0.00,יחידה,false,,79.90,0.0000,true,1,178247
6224000246525,false,סיר קובני,,,סיר קובני,יחידה,0.00,יחידה,false,,29.09,0.0000,true,1,178255
6251023000568,false,ערק חדאד אלזהרה 750,,,ערק חדאד אלזהרה 750,מיליליטרים,750.00,"100 מ""ל",false,,149.90,0.1999,true,1,179266
6251580008137,false,בשר אקסטרא 340 גרם,,,בשר אקסטרא 340 גרם,גרמים,340.00,100 גרם,false,,14.90,0.0438,true,1,193993
6251883017348,false,שולחן מתקפל 1.80 מטר,,,שולחן מתקפל 1.80 מטר,יחידה,0.00,יחידה,false,,249.90,0.0000,true,1,192518
6253503249863,false,"אורז בסמתי 4 ק""ג",,,"אורז בסמתי 4 ק""ג",קילוגרמים,4.00,"ק""ג",false,,39.90,9.9750,true,1,179191
6253503961901,false,זנג'ביל בדבש לזיזה 9,,,זנג'ביל בדבש לזיזה 9,יחידה,0.00,יחידה,false,,14.90,0.0000,true,1,184148
6253503963318,false,טורטיה לזיזה 540 גרם,,,טורטיה לזיזה 540 גרם,גרמים,540.00,100 גרם,false,,11.90,0.0220,true,1,184161
6253503963325,false,טורטיה לזיזה 390 גרם,,,טורטיה לזיזה 390 גרם,גרמים,390.00,100 גרם,false,,9.90,0.0254,true,1,184162
6290050603908,false,קרם גבינה לזיזה 150,,,קרם גבינה לזיזה 150,גרמים,150.00,100 גרם,false,,4.90,0.0327,true,1,184146
6290050603915,false,חלב מרוכז לזיזה 390,,,חלב מרוכז לזיזה 390,גרמים,390.00,100 גרם,false,,9.90,0.0254,true,1,184137
6291107456041,false,לטאפה -פאכר לאישה 10,,,לטאפה -פאכר לאישה 10,יחידה,0.00,יחידה,false,,99.90,0.0000,true,1,172607
6295120041895,false,"נוזל לניקוי רצפות בניחוח אקוא דטול 3 ל""",,,דטול נוזל לניקוי רצפ,יחידה,0.00,יחידה,false,,34.90,0.0000,true,1,170860
6295120041956,false,"נוזל לניקוי רצפות בניחוח יסמין דטול 3 ל""",,,דטול נוזל לניקוי רצפ,יחידה,0.00,יחידה,false,,34.90,0.0000,true,1,170856
6295120042014,false,"נוזל לניקוי רצפות בניחוח לימון דטול 3 ל""",,,דטול נוזל לניקוי רצפ,יחידה,0.00,יחידה,false,,34.90,0.0000,true,1,181732
6295120042045,false,"נוזל לניקוי רצפות בניחוח אלעוד דטול 3 ל""",,,דטול נוזל לניקוי רצפ,יחידה,0.00,יחידה,false,,34.90,0.0000,true,1,170858
6295120042076,false,"נוזל לניקוי רצפות בניחוח אורנים דטול 3 ל""",,,דטול נוזל לניקוי רצפ,יחידה,0.00,יחידה,false,,34.90,0.0000,true,1,181733
6297000361154,false,סילאן תמרים אורגני 470 גרם,,,סילאן אורגני 470 גרם,גרמים,470.00,100 גרם,false,,14.90,0.0317,true,1,174873
6297000361314,false,מלית תמרים טבעית 1 ק,,,מלית תמרים טבעית 1 ק,קילוגרמים,1.00,"ק""ג",false,,19.90,19.9000,true,1,112583
6315280350153,false,מכשיר להכנת קרפ BENA,,,מכשיר להכנת קרפ BENA,יחידה,0.00,יחידה,false,,149.90,0.0000,true,1,192674
6521987897765,false,טחינה אלסולטאן 930 ג,,,טחינה אלסולטאן 930 ג,גרמים,930.00,100 גרם,false,,24.90,0.0268,true,1,172904
6910191800287,false,אצות נורי בלו 10 דף (ננגטונג),ננטונג היידה אקווטוק,,אצות נורי בלו 10 דף,גרמים,225.00,100 גרם,false,,12.90,0.0573,true,1,89838
6912977000140,false,אטריות שעועית 250 גר' ( Yantai)ללא גלוטן(כ),יאנטאי ינסידה לנוגקא,,מזרח ומערב יבוא ינאט,גרמים,250.00,100 גרם,false,,8.90,0.0356,true,1,96397
6920200924019,false,סט 18 חלק צלחות,,,סט 18 חלק צלחות,יחידה,0.00,יחידה,false,,149.90,0.0000,true,1,189587
6920210830058,false,סט קפה 12 חלק מזוהב,,,סט קפה 12 חלק מזוהב,יחידה,0.00,יחידה,false,,49.90,0.0000,true,1,189589
6920354822193,false,משחת שיניים נטורל הדרים אקליפטוס קולגייט 90 ג',קולגייט פלמוליב,,קולגיט נטרול משחת שי,יחידה,0.00,יחידה,false,,29.90,0.0000,true,1,175286
6920354822223,false,משחת שיניים נטורל גינגר קוקוס קולגייט 90 ג',קולגייט פלמוליב,,קולגיט נטרול משחת שי,יחידה,0.00,יחידה,false,,29.90,0.0000,true,1,175287
6920354824395,false,"קולגייט נטורל משחת שיניים חמוציות פחם 71 מ""ל",קולגייט פלמוליב,,קולגיט נטרול משחת שי,יחידה,0.00,יחידה,false,,29.90,0.0000,true,1,175288
6928128800033,false,מנקה מאייד (קרבורטור,,,מנקה מאייד (קרבורטור,יחידה,0.00,יחידה,false,,12.90,0.0000,true,1,192389
6931923200526,false,רשת למנגל גדול,,,רשת למנגל גדול,יחידה,0.00,יחידה,false,,19.90,0.0000,true,1,178269
6933960500089,false,קנפיו רצועות דלעת כבושות 100 גרם (קווינגזאו),Qingdao Sun-growing,,קנפיון רצועות דלעת כ,גרמים,100.00,100 גרם,false,,15.00,0.1500,true,1,93535
6934731200078,false,אטריות טריות דקות מזרח מערב 200 גרם,יאנטאי ינסידה לנוגקא,,אטריות טריות דקות 20,גרמים,200.00,100 גרם,false,,6.90,0.0345,true,1,182419
6934731210138,false,אטריות טריות עבות מזרח מערב 200 גרם,יאנטאי ינסידה לנוגקא,,אטריות טריות עבות 20,גרמים,200.00,100 גרם,false,,6.90,0.0345,true,1,142710
6936745600462,false,מזרח ומערב יבוא דאני,דאנינג יוה פודס קו,,מזרח ומערב יבוא דאני,מיליליטרים,500.00,"100 מ""ל",false,,21.90,0.0438,true,1,96515
6936745600783,false,"חומץ אורז מזרח מערב 500 מ""ל",דאנינג יוה פודס קו,,מזרח ומערב יבוא דאני,מיליליטרים,500.00,"100 מ""ל",false,,15.90,0.0318,true,1,83375
6940152200627,false,סוכר קנדל 100 גרם,,,סוכר קנדל 100 גרם,יחידה,0.00,יחידה,false,,4.90,0.0000,true,1,191114
6944683366159,false,ערמונים קלופים קלויים100,צ'נגדה שנליפוד,,ערמונים קלויים קלופי,יחידה,0.00,יחידה,false,,5.90,0.0000,true,1,107601
6957396122217,false,ספריי סקאי לרכב במג,,,ספריי סקאי לרכב במג,יחידה,0.00,יחידה,false,,12.90,0.0000,true,1,192399
6957396122218,false,מנקה ריפודים ומסיר כ,,,מנקה ריפודים ומסיר כ,יחידה,0.00,יחידה,false,,16.90,0.0000,true,1,192400
6957396122223,false,מנקה צמיגים לרכב ולא,,,מנקה צמיגים לרכב ולא,יחידה,0.00,יחידה,false,,16.90,0.0000,true,1,192402
6970137180088,false,קומקום תה זהב 1 ליטר,,,קומקום תה זהב 1 ליטר,יחידה,0.00,יחידה,false,,59.90,0.0000,true,1,193098
6974640730167,false,פטריות שיטאקה 100 גר (כ) (Zhejiang),CO FOOD FOREST .ZHEJIANG,,פטריות שיטאקה 100 גר,גרמים,100.00,100 גרם,false,,16.50,0.1650,true,1,189243
6976221325410,false,קומקום נירוסטה 1 לי,,,קומקום נירוסטה 1 לי,יחידה,0.00,יחידה,false,,44.90,0.0000,true,1,193110
7038513909018,false,גורדן קסמי שיניים פלואוריד/מינט,קלרו,,ג'ורדן קיסמי שיניים,יחידה,100.00,יחידה,false,,20.00,0.2000,true,1,81290
7046110071519,false,"ג'ורדן משחת שיניים לילדים( 2-6 ) 50מ""ל",דנטלון,,ג'ורדן משחת שיניים ל,יחידה,0.00,יחידה,false,,11.90,0.0000,true,1,157791
7046110075562,false,"ג'ורדן משחת שיניים לשיניים קבועות 6-12 50 מ""ל",דנטלון,,ג'ורדן משחת שיניים ל,יחידה,0.00,יחידה,false,,11.90,0.0000,true,1,157792
7200084965445,false,פילה ברבוניה 80% דג,,,פילה ברבוניה 80% דג,יחידה,0.00,יחידה,false,,24.90,0.0000,true,1,190575
7209000683043,false,"לפת צנצנת 1 ק""ג סלומה",,,"לפת צנצנת 1 ק""ג",קילוגרמים,1.00,"ק""ג",false,,19.90,19.9000,true,1,123174
7209000683050,false,"פלפל ירוק צנצנת 1 ק""ג סלומה",,,פלפל מתוק בצנצנת,יחידה,0.00,יחידה,false,,19.90,0.0000,true,1,123175
7209000683067,false,"חצילים צנצנת 1 ק""ג סלומה",,,חציל חמוץ בצנצנת,יחידה,0.00,יחידה,false,,29.90,0.0000,true,1,123176
7209000683074,false,"זיתים צנצנת 1 ק""ג סלומה",,,זיתים חמוצים בצנצנת,יחידה,0.00,יחידה,false,,29.90,0.0000,true,1,123177
7209000683081,false,"מלפפון צנצנת קטן 1 ק""ג סלומה",,,"מלפפונים צנצנת 1 ק""ג",קילוגרמים,1.00,"ק""ג",false,,29.90,29.9000,true,1,123178
7209000689038,false,"פקליס צנצנת 1 ק""ג סלומה",,,"פיקליס צנצנת 1 ק""ג",קילוגרמים,1.00,"ק""ג",false,,19.90,19.9000,true,1,123179
7290000000001,false,עגבניות,,,לימון,קילוגרמים,1.00,"ק""ג",true,,8.90,8.9000,true,1,36730
7290000000002,false,לחם אחיד כהה 750 גרם,אנג'ל,,תפוזים,קילוגרמים,1.00,"ק""ג",true,,5.90,5.9000,true,1,36801
7290000000003,false,"תפו""א לבן ארוז",,,"תפו""א לבן ארוז",קילוגרמים,1.00,"ק""ג",true,,3.90,3.9000,true,1,36867
7290000000004,false,לחמניית אצבע עם נקני,,,בצל יבש,קילוגרמים,1.00,"ק""ג",true,,3.90,3.9000,true,1,37397
7290000000005,false,פלפל נהריה,,,עגבניה,קילוגרמים,1.00,"ק""ג",true,,5.90,5.9000,true,1,45471
7290000000006,false,פלפל ירוק,,,כרובית,קילוגרמים,1.00,"ק""ג",true,,14.90,14.9000,true,1,37847
7290000000007,false,פלפל אדום,,,כרוב לבן,קילוגרמים,1.00,"ק""ג",true,,4.90,4.9000,true,1,52331
7290000000008,false,כרוב אדום,,,כרוב אדום,קילוגרמים,1.00,"ק""ג",true,,4.90,4.9000,true,1,49540
7290000000009,false,כרוב ירוק,,,בצל ירוק,יחידה,0.00,יחידה,false,,4.90,0.0000,true,1,52054
7290000000010,false,שום ארוז,,,שום ארוז,יחידה,0.00,יחידה,false,,8.90,0.0000,true,1,44386
7290000000011,false,פלפל חריף,,,פלפל חריף,קילוגרמים,1.00,"ק""ג",true,,8.90,8.9000,true,1,44496
7290000000012,false,פלפל אדום,,,פלפל אדום,קילוגרמים,1.00,"ק""ג",true,,9.90,9.9000,true,1,44757
7290000000013,false,פלפל ירוק,,,פלפל ירוק,קילוגרמים,1.00,"ק""ג",true,,9.90,9.9000,true,1,44455
7290000000014,false,שעועית ירוקה,,,עגבניות שרי,קילוגרמים,1.00,"ק""ג",true,,17.90,17.9000,true,1,44760
7290000000015,false,עיתון ידיעות שבת,,,מלפפון,קילוגרמים,1.00,"ק""ג",true,,6.90,6.9000,true,1,44512
7290000000016,false,תפוחי אדמה לבן,,,חסה,יחידה,0.00,יחידה,false,,4.90,0.0000,true,1,44518
7290000000017,false,סלרי עלים,,,סלרי עלים,יחידה,0.00,יחידה,false,,4.90,0.0000,true,1,44576
7290000000018,false,שום יבש תפזורת,ירק הגליל,,מלון,קילוגרמים,1.00,"ק""ג",true,,7.90,7.9000,true,1,45107
7290000000019,false,חציל חממה,ריץ',,חציל חממה,קילוגרמים,1.00,"ק""ג",true,,8.90,8.9000,true,1,44937
7290000000020,false,חסה מהדרין,,,מנדרינה,קילוגרמים,1.00,"ק""ג",true,,7.90,7.9000,true,1,44460
7290000000021,false,פטרוזיליה,,,פטרוזיליה,יחידה,0.00,יחידה,false,,3.90,0.0000,true,1,44465
7290000000022,false,סלרי עלים,,,שמיר,יחידה,0.00,יחידה,false,,3.90,0.0000,true,1,44895
7290000000023,false,כוסברה יח',,,כוסברה יח',יחידה,0.00,יחידה,false,,3.90,0.0000,true,1,45124
7290000000024,false,תירס מקולף,,,גזר ארוז,קילוגרמים,1.00,"ק""ג",true,,3.90,3.9000,true,1,45126
7290000000026,false,החזר פיקדון של מיחזור בקבוקים,,,חסה עגולה,יחידה,0.00,יחידה,false,,5.90,0.0000,true,1,44982
7290000000027,false,פומלה,,,פומלה,קילוגרמים,1.00,"ק""ג",true,,9.90,9.9000,true,1,44906
7290000000028,false,אשכולית לבנה,,,אשכולית לבנה,קילוגרמים,1.00,"ק""ג",true,,6.90,6.9000,true,1,45380
7290000000029,false,ענבים שחורים גדו,,,אשכולית אדומה,קילוגרמים,1.00,"ק""ג",true,,6.90,6.9000,true,1,45153
7290000000030,false,תפוח גרנד,,,תפוח גרנד,קילוגרמים,1.00,"ק""ג",true,,9.90,9.9000,true,1,45080
7290000000031,false,תפוח זהוב,,,תפוח זהוב,קילוגרמים,1.00,"ק""ג",true,,9.90,9.9000,true,1,45355
7290000000032,false,בטטה ירושלמית,,,תפוח יונתן,קילוגרמים,1.00,"ק""ג",true,,12.90,12.9000,true,1,45362
7290000000033,false,תפוח אדמה גורמה,,,תפוח חרמון,קילוגרמים,1.00,"ק""ג",true,,11.90,11.9000,true,1,44957
7290000000034,false,חסה ערבית,,,בטטה,קילוגרמים,1.00,"ק""ג",true,,9.90,9.9000,true,1,45205
7290000000035,false,תוספת שתיה בקירור,,,צנון בלדי,קילוגרמים,1.00,"ק""ג",true,,4.90,4.9000,true,1,45365
7290000000036,false,כרוב סיני,,,בננה,קילוגרמים,1.00,"ק""ג",true,,7.90,7.9000,true,1,45301
7290000000037,false,"תפו""א ירושלמי",,,"תפו""א ירושלמי",קילוגרמים,1.00,"ק""ג",true,,14.90,14.9000,true,1,45215
7290000000038,false,ברוקולי מגש,,,קיווי,קילוגרמים,1.00,"ק""ג",true,,15.90,15.9000,true,1,45216
7290000000039,false,שתיה קרה 1.5 ליטר,,,אגס,קילוגרמים,1.00,"ק""ג",true,,9.90,9.9000,true,1,45803
7290000000041,false,משלוח חינם (בקניה מע,,,סלק אדום,קילוגרמים,1.00,"ק""ג",true,,6.90,6.9000,true,1,52200
7290000000042,false,קישואים חממה,,,קישואים חממה,קילוגרמים,1.00,"ק""ג",true,,9.90,9.9000,true,1,45766
7290000000045,false,תפוח אדמה אדום,,,אבוקדו,קילוגרמים,1.00,"ק""ג",true,,11.90,11.9000,true,1,45771
7290000000047,false,חבילת נענע טריה,,,צנון,קילוגרמים,1.00,"ק""ג",true,,8.90,8.9000,true,1,45825
7290000000048,false,נענע,,,נענע,יחידה,0.00,יחידה,false,,3.90,0.0000,true,1,45267
7290000000049,false,כרישה (לוף פראסה),,,שומר,קילוגרמים,1.00,"ק""ג",true,,7.90,7.9000,true,1,45329
7290000000050,false,שרי תמר,,,שרי תמר,קילוגרמים,1.00,"ק""ג",true,,24.90,24.9000,true,1,53751
7290000000054,false,פלפל כתום,,,דלעת,קילוגרמים,1.00,"ק""ג",true,,9.90,9.9000,true,1,46033
7290000000055,false,סלק עלים,,,תות שדה,יחידה,0.00,יחידה,false,,19.90,0.0000,true,1,46128
7290000000056,false,משלוח בתוך העיר,,,ארטישוק,קילוגרמים,1.00,"ק""ג",true,,19.90,19.9000,true,1,45710
7290000000057,false,פלפל צהוב,,,פלפל צהוב,קילוגרמים,1.00,"ק""ג",true,,9.90,9.9000,true,1,45592
7290000000059,false,ברוקולי משקל,,,שעועית ירוקה,קילוגרמים,1.00,"ק""ג",true,,29.90,29.9000,true,1,45726
7290000000062,false,"תפו""א אדום ארוז",,,"תפו""א אדום ארוז",קילוגרמים,1.00,"ק""ג",true,,5.90,5.9000,true,1,46092
7290000000063,false,קלמנטינה,,,קלמנטינה,קילוגרמים,1.00,"ק""ג",true,,7.90,7.9000,true,1,46654
7290000000066,false,שזיף אדום,,,ענב לבן,קילוגרמים,1.00,"ק""ג",true,,19.90,19.9000,true,1,46099
7290000000067,false,ארטישוק ירושלמי,,,ארטישוק ירושלמי,קילוגרמים,1.00,"ק""ג",true,,14.90,14.9000,true,1,46301
7290000000069,false,ענבים ירוקים,,,שזיף אדום,קילוגרמים,1.00,"ק""ג",true,,19.90,19.9000,true,1,46335
7290000000070,false,פלפל שושקה ירוק/ אדו,,,ענב שחור,קילוגרמים,1.00,"ק""ג",true,,29.90,29.9000,true,1,46878
7290000000071,false,אבטיח,,,מנגו,קילוגרמים,1.00,"ק""ג",true,,14.90,14.9000,true,1,46519
7290000000072,false,תפוח עץ סטרקינג(חרמו,,,גויאבה,קילוגרמים,1.00,"ק""ג",true,,14.90,14.9000,true,1,46263
7290000000078,false,משלוח הסתדרות-שליח ח,,,קולורבי,קילוגרמים,1.00,"ק""ג",true,,9.90,9.9000,true,1,48942
7290000000079,false,מים 1.5 ליטר קר,,,דלורית,קילוגרמים,1.00,"ק""ג",true,,9.90,9.9000,true,1,48944
7290000000080,false,טרגון ארוז,ביכורי שדה דרום 2002,,רימונים,קילוגרמים,1.00,"ק""ג",true,,8.90,8.9000,true,1,53019
7290000000082,false,ברוקולי ארוז,,,ברוקולי ארוז,יחידה,0.00,יחידה,false,,8.90,0.0000,true,1,33133
7290000000083,false,אנונה,,,אנונה,קילוגרמים,1.00,"ק""ג",true,,29.90,29.9000,true,1,53067
7290000000085,false,ענבי טלי,,,ענבי טלי,קילוגרמים,1.00,"ק""ג",true,,29.90,29.9000,true,1,49753
7290000000086,false,תירס ארוז,,,תירס ארוז,קילוגרמים,1.00,"ק""ג",true,,8.90,8.9000,true,1,51062
7290000000087,false,מנגולד-סלק עלים,,,מנגולד-סלק עלים,יחידה,0.00,יחידה,false,,5.90,0.0000,true,1,51683
7290000000088,false,תפוזים,,,אננס,קילוגרמים,1.00,"ק""ג",true,,34.90,34.9000,true,1,51219
7290000000090,false,עיתון לאשה,,,סלרי ראש,יחידה,0.00,יחידה,false,,5.90,0.0000,true,1,53121
7290000000091,false,דמי משלוח - אתר אינטרנט,,,שורש פטרוזיליה,יחידה,0.00,יחידה,false,,5.90,0.0000,true,1,50026
7290000000092,false,פומלה לבנה,,,לוביה,קילוגרמים,1.00,"ק""ג",true,,29.90,29.9000,true,1,51296
7290000000093,false,משלוח קו קופה טלפוני,,,קרע בלדי,קילוגרמים,1.00,"ק""ג",true,,15.90,15.9000,true,1,51656
7290000000094,false,תפוח גאלה,,,תפוח גאלה,קילוגרמים,1.00,"ק""ג",true,,11.90,11.9000,true,1,49824
7290000000100,false,אבוקדו האס,,,אבוקדו האס,קילוגרמים,1.00,"ק""ג",true,,21.90,21.9000,true,1,44419
7290000000101,false,חבילת פיתות קטן 10 י,ביכורי השקמה,,חבילת פיתות קטן 10 י,יחידה,10.00,יחידה,false,,12.00,1.2000,true,1,44356
7290000000102,false,מי קוקוס אמפאווה+מוט,ביכורי השקמה,,פיתה דרוזית חבילה,יחידה,0.00,יחידה,false,,35.00,0.0000,true,1,53251
7290000000103,false,דבדבן טרי,ביכורי השקמה,,חלה רגילה,יחידה,0.00,יחידה,false,,6.26,0.0000,true,1,53252
7290000000116,false,תפוח עץ ירוק גרנד סמ,ביכורי השקמה,,פלפל שושקה,קילוגרמים,1.00,"ק""ג",true,,14.90,14.9000,true,1,72526
7290000000118,false,גזר תפזורת,ביכורי השקמה,,גזר תפזורת,קילוגרמים,1.00,"ק""ג",true,,2.90,2.9000,true,1,52087
7290000000132,false,תפוחי אדמה לבן תפזור,ביכורי השקמה,,חבילת לחמניות 10 יח',יחידה,10.00,יחידה,false,,12.00,1.2000,true,1,44759
7290000000135,false,אפרסמון קרמבו,ביכורי השקמה,,אפרסמון קרמבו,קילוגרמים,1.00,"ק""ג",true,,19.90,19.9000,true,1,71985
7290000000144,false,שעועית הילדה,ביכורי השקמה,,שזיף ירוק,קילוגרמים,1.00,"ק""ג",true,,18.90,18.9000,true,1,101878
7290000000164,false,מלון ספרדי,ביכורי השקמה,,מלון ספרדי,קילוגרמים,1.00,"ק""ג",true,,7.90,7.9000,true,1,156439
7290000000171,false,פטריות פורטבלו,ביכורי השקמה,,פטריות פורטבלו,קילוגרמים,1.00,"ק""ג",true,,34.90,34.9000,true,1,44935
7290000000172,false,קוקטייל צמחי בית קער,,,פלפל חריף אדום,קילוגרמים,1.00,"ק""ג",true,,7.50,7.5000,true,1,99327
7290000000194,false,"תפו""א לבן תפזורת",ביכורי השקמה,,"תפו""א לבן תפזורת",קילוגרמים,1.00,"ק""ג",true,,5.90,5.9000,true,1,44718
7290000000222,false,וטצינה מוסקובסקיה,ישרקו שיווק מותגי מז,,"זנגביל-ג""ינג""ר",קילוגרמים,1.00,"ק""ג",true,,9.90,9.9000,true,1,44731
7290000000228,false,"תפו""א קטן לאפייה",ישרקו שיווק מותגי מז,,"תפו""א קטן לאפייה",קילוגרמים,1.00,"ק""ג",true,,3.90,3.9000,true,1,44977
7290000000229,false,בצל אדום יבש,ישרקו שיווק מותגי מז,,בצל אדום יבש,קילוגרמים,1.00,"ק""ג",true,,7.90,7.9000,true,1,44682
7290000000230,false,רוסקי סרוולט,ישרקו שיווק מותגי מז,,גנגר תפזורת,קילוגרמים,1.00,"ק""ג",true,,23.90,23.9000,true,1,107935
7290000000232,false,לימון סיני,ביכורי השקמה,,בצל לאש,קילוגרמים,1.00,"ק""ג",true,,8.90,8.9000,true,1,45125
7290000000233,false,פטריות שמפיניון,ישרקו שיווק מותגי מז,,פטריות שמפיניון,קילוגרמים,1.00,"ק""ג",true,,29.90,29.9000,true,1,45139
7290000000234,false,סלה ביתי/הונגרי,ישרקו שיווק מותגי מז,,חציל בלדי,קילוגרמים,1.00,"ק""ג",true,,8.90,8.9000,true,1,52106
7290000000241,false,כרוב שטוח,,,כרוב שטוח,קילוגרמים,1.00,"ק""ג",true,,6.90,6.9000,true,1,44684
7290000000244,false,חצילים בלדי,ביכורי השקמה,,פומלית,קילוגרמים,1.00,"ק""ג",true,,6.90,6.9000,true,1,44733
7290000000251,false,שינקן פולני חצי,ישרקו שיווק מותגי מז,,תפוז ברשת,קילוגרמים,1.00,"ק""ג",true,,4.90,4.9000,true,1,44899
7290000000252,false,פטריות שמפניון א א,,,פטריות שמפניון א א,קילוגרמים,1.00,"ק""ג",true,,14.90,14.9000,true,1,101353
7290000000253,false,שינקן צועני,ישרקו שיווק מותגי מז,,אפרסמון,קילוגרמים,1.00,"ק""ג",true,,15.90,15.9000,true,1,44901
7290000000262,false,דלעת ערמונים,,,דלעת ערמונים,קילוגרמים,1.00,"ק""ג",true,,17.90,17.9000,true,1,107937
7290000000304,false,"תפו""א אדום תפזורת",,,"תפו""א אדום תפזורת",קילוגרמים,1.00,"ק""ג",true,,5.90,5.9000,true,1,113897
7290000000307,false,קישואים זוקיני ירוק,ביכורי השקמה,,קישואים זוקיני ירוק,קילוגרמים,1.00,"ק""ג",true,,11.90,11.9000,true,1,117815
7290000000333,false,פקדון בקבוק 30 אגורו,ביכורי השקמה,,פקדון בקבוק 30 אגורו,יחידה,0.00,יחידה,false,,0.30,0.0000,true,1,32826
7290000000369,false,עץ ריח (קשתים),Unknown,,מיני דונאטס,יחידה,0.00,יחידה,false,,4.90,0.0000,true,1,162251
7290000000370,false,דונאטס פרימיום (פילס,,,דונאטס פרימיום (פילס,יחידה,0.00,יחידה,false,,5.90,0.0000,true,1,162252
7290000000390,false,מארז שוופס סודה 250,"ולדמן ביח""ר לנקניק ו",,קישואים עגול,קילוגרמים,1.00,"ק""ג",true,,14.90,14.9000,true,1,45224
7290000000401,false,תמרים מגהול כחול 5 ק,"ולדמן ביח""ר לנקניק ו",,תמרים מגהול כחול 5 ק,קילוגרמים,5.00,"ק""ג",false,,100.00,20.0000,true,1,129369
7290000000403,false,"תמרים מג""הול כתום 5","ולדמן ביח""ר לנקניק ו",,"תמרים מג""הול כתום 5",קילוגרמים,5.00,"ק""ג",false,,120.00,24.0000,true,1,182153
7290000000524,false,מגש אובלי גדול כולל,מעדני מניה תעשיות בש,,בר 80 PET- בית קליה,יחידה,0.00,יחידה,false,,1.10,0.0000,true,1,130799
7290000000606,false,תמרים פרימיום 3.5 ק,משתנה,,תמרים פרימיום 3.5 ק,יחידה,0.00,יחידה,false,,150.00,0.0000,true,1,193992
7290000000607,false,תמרים פרימיום 3.5 ק,,,תמרים פרימיום 3.5 ק,יחידה,0.00,יחידה,false,,150.00,0.0000,true,1,182240
7290000000623,false,סלמי גביאזי בקר פרוס,קרלברג ייצור ושיווק,,"תמרים מג""הול זהב 5 ק",קילוגרמים,5.00,"ק""ג",false,,200.00,40.0000,true,1,182155
7290000000889,false,פטאיה,,,פטאיה,קילוגרמים,1.00,"ק""ג",true,,29.90,29.9000,true,1,58511
7290000001116,false,אגס אדום,,,אגס אדום,קילוגרמים,1.00,"ק""ג",true,,17.90,17.9000,true,1,44859
7290000001250,false,תפוח פינק לידי,,,תפוח פינק,קילוגרמים,1.00,"ק""ג",true,,14.90,14.9000,true,1,53289
7290000001274,false,שום תפזורת,,,שום תפזורת,קילוגרמים,1.00,"ק""ג",true,,19.90,19.9000,true,1,44508
7290000001306,false,ענב רד גלוב,,,ענב רד גלוב,קילוגרמים,1.00,"ק""ג",true,,17.90,17.9000,true,1,87801
7290000002035,false,פיתה לאפה 5 יח',Spomlek,,פיתה לאפה 5 יח',יחידה,5.00,יחידה,false,,15.00,3.0000,true,1,121521
7290000002505,false,יורוציז גאודה עיזים,,,יורוציז גאודה עיזים,קילוגרמים,1.00,"ק""ג",true,,129.00,129.0000,true,1,108165
7290000003148,false,שומרון צפתית רכה/עם,,,שומרון צפתית רכה/עם,קילוגרמים,1.00,"ק""ג",true,,59.00,59.0000,true,1,58363
7290000003467,false,אמנטלר,,,אמנטלר,קילוגרמים,1.00,"ק""ג",true,,75.00,75.0000,true,1,190139
7290000003894,false,שוקחה עזים פריקו,,,שוקחה עזים פריקו,קילוגרמים,1.00,"ק""ג",true,,140.00,140.0000,true,1,58398
7290000004177,false,יורוציז גבינה ברי צר,,,יורוציז גבינה ברי צר,קילוגרמים,1.00,"ק""ג",true,,110.00,110.0000,true,1,108166
7290000004503,false,קערה לפרות,,,קערה לפרות,יחידה,0.00,יחידה,false,,29.90,0.0000,true,1,189516
7290000006120,false,פלפלוני שרי ממולאים,,,ניצן טאפס שכונתי,קילוגרמים,1.00,"ק""ג",true,,190.00,190.0000,true,1,174059
7290000010755,false,דג אינטיאס טרי,,,שוקולד חלבגי,קילוגרמים,1.00,"ק""ג",true,,99.90,99.9000,true,1,44696
7290000010759,false,רחת חלבגי אקסטרא,,,רחת חלבגי אקסטרא,קילוגרמים,1.00,"ק""ג",true,,70.00,70.0000,true,1,113616
7290000012373,false,יורוציז גאודה פסטו י,,,יורוציז גאודה פסטו י,קילוגרמים,1.00,"ק""ג",true,,130.00,130.0000,true,1,108152
7290000012374,false,יורוציז גאודה פסטו א,,,יורוציז גאודה פסטו א,קילוגרמים,1.00,"ק""ג",true,,130.00,130.0000,true,1,108153
7290000012485,false,אריסה טוניסאית 500 ג,,,אריסה טוניסאית 500 ג,גרמים,500.00,100 גרם,false,,17.90,0.0358,true,1,80827
7290000012530,false,ישרקו גאודה עשבי תיב,,,ישרקו גאודה עשבי תיב,קילוגרמים,1.00,"ק""ג",true,,120.00,120.0000,true,1,111228
7290000013006,false,פסטרמה מקסיקנית זוגל,,,פסטרמה מקסיקנית זוגל,קילוגרמים,1.00,"ק""ג",true,,90.00,90.0000,true,1,58273
7290000013037,false,פסטרמה פרגיות על לבנ,,,פסטרמה פרגיות על לבנ,קילוגרמים,1.00,"ק""ג",true,,90.00,90.0000,true,1,58276
7290000013174,false,פסטרמה של פעם זוגלוב,,,פסטרמה של פעם זוגלוב,קילוגרמים,1.00,"ק""ג",true,,90.00,90.0000,true,1,58277
7290000013747,false,תה סלמי מפולפל זוגלו,,,תה סלמי מפולפל זוגלו,קילוגרמים,1.00,"ק""ג",true,,50.00,50.0000,true,1,63916
7290000013808,false,פסטרמה כרמל זוגלובק,,,פסטרמה כרמל זוגלובק,קילוגרמים,1.00,"ק""ג",true,,59.00,59.0000,true,1,157165
7290000013853,false,פסטרמה כרמל מפולפל ז,,,פסטרמה כרמל מפולפל ז,קילוגרמים,1.00,"ק""ג",true,,59.00,59.0000,true,1,157166
7290000014142,false,אריסה טוניסאית 200 ג,,,אריסה טוניסאית 200 ג,גרמים,200.00,100 גרם,false,,9.90,0.0495,true,1,80828
7290000015193,false,גאודה הולנדית לימונצ,,,גאודה הולנדית לימונצ,קילוגרמים,1.00,"ק""ג",true,,140.00,140.0000,true,1,191111
7290000017304,false,סלט איקרה לבנה במשקל,,,סלט איקרה לבנה במשקל,קילוגרמים,1.00,"ק""ג",true,,70.00,70.0000,true,1,174155
7290000017489,false,סלט איקרה ורוד במשקל,,,סלט איקרה ורוד במשקל,קילוגרמים,1.00,"ק""ג",true,,70.00,70.0000,true,1,174154
7290000018103,false,פסטרמה ברביקיו יחיעם,,,פסטרמה ברביקיו יחיעם,קילוגרמים,1.00,"ק""ג",true,,79.00,79.0000,true,1,58291
7290000018165,false,פסטרמה אמיתית צלויה,,,פסטרמה אמיתית צלויה,קילוגרמים,1.00,"ק""ג",true,,85.00,85.0000,true,1,97908
7290000018349,false,מעדן הודו יחיעם,,,מעדן הודו יחיעם,קילוגרמים,1.00,"ק""ג",true,,85.00,85.0000,true,1,116927
7290000018363,false,פסטרמה ברביקיו לבגט,,,פסטרמה ברביקיו לבגט,קילוגרמים,1.00,"ק""ג",true,,85.00,85.0000,true,1,125188
7290000018493,false,כתף בקר מפולפל יחיעם,,,כתף בקר מפולפל יחיעם,קילוגרמים,1.00,"ק""ג",true,,120.00,120.0000,true,1,58299
7290000018530,false,רוסטביף צלי בקר יחיע,,,רוסטביף צלי בקר יחיע,קילוגרמים,1.00,"ק""ג",true,,155.00,155.0000,true,1,98958
7290000018806,false,סלמי סרוולד יחיעם,,,סלמי סרוולד יחיעם,קילוגרמים,1.00,"ק""ג",true,,160.00,160.0000,true,1,58301
7290000018837,false,קורנביף יחיעם,,,קורנביף יחיעם,קילוגרמים,1.00,"ק""ג",true,,120.00,120.0000,true,1,33429
7290000018851,false,סלמי קוניאק יחיעם,,,סלמי קוניאק יחיעם,קילוגרמים,1.00,"ק""ג",true,,100.00,100.0000,true,1,97912
7290000018882,false,מעושן איטלקי יחיעם,,,מעושן איטלקי יחיעם,קילוגרמים,1.00,"ק""ג",true,,80.00,80.0000,true,1,58304
7290000018929,false,סלמי צרפתי יחיעם,,,סלמי צרפתי יחיעם,קילוגרמים,1.00,"ק""ג",true,,160.00,160.0000,true,1,58306
7290000019704,false,כתף בקר מעושן יחיעם,,,כתף בקר מעושן יחיעם,קילוגרמים,1.00,"ק""ג",true,,120.00,120.0000,true,1,58314
7290000019759,false,סלמי תה יחיעם,,,סלמי תה יחיעם,קילוגרמים,1.00,"ק""ג",true,,55.00,55.0000,true,1,79228
7290000019971,false,צלעות בקר על האש יחי,,,צלעות בקר על האש יחי,קילוגרמים,1.00,"ק""ג",true,,140.00,140.0000,true,1,67908
7290000020311,false,גד קממבר צאן משולשים,,,גד קממבר צאן משולשים,קילוגרמים,1.00,"ק""ג",true,,135.00,135.0000,true,1,58318
7290000020980,false,"מוצרלה בייבי 2 ק""ג",,,"מוצרלה בייבי 2 ק""ג",קילוגרמים,1.00,"ק""ג",true,,60.00,60.0000,true,1,161714
7290000020997,false,"מוצרלה כדורים 2 ק""ג",,,"מוצרלה כדורים 2 ק""ג",קילוגרמים,1.00,"ק""ג",true,,60.00,60.0000,true,1,161715
7290000021023,false,פסטרמה של פעם יחיעם,,,פסטרמה של פעם יחיעם,קילוגרמים,1.00,"ק""ג",true,,85.00,85.0000,true,1,58324
7290000021146,false,פסטרמה מעושנת יחיעם,,,פסטרמה מעושנת יחיעם,קילוגרמים,1.00,"ק""ג",true,,85.00,85.0000,true,1,97913
7290000022231,false,שאריות פסטרמה,,,שאריות פסטרמה,קילוגרמים,1.00,"ק""ג",true,,20.00,20.0000,true,1,53446
7290000023007,false,"ברנדי שטוק 84 37 % 750 מ""ל","יקבי ברקן בע""ם",,"ברנדי שטוק 84 750 מ""",מיליליטרים,750.00,"100 מ""ל",false,,79.90,0.1065,true,1,28534
7290000023083,false,ערק אשקלון 40% בקבוק,"יקבי ברקן בע""\מ",,"ערק אשקלון 700 מ""ל כ",מיליליטרים,700.00,"100 מ""ל",false,,62.90,0.0899,true,1,76932
7290000023809,false,"יין קלאסיק קברנה סוביניון ברקן 750 מ""ל",יקבי ברקן שיווק והפצה בע,,קלאסיק קברנה סוביניו,מיליליטרים,750.00,"100 מ""ל",false,,31.90,0.0425,true,1,79684
7290000023816,false,"יין קלאסיק אמרלד ריזלינג ברקן 750 מ""ל",יקבי ברקן שיווק והפצה בע,,קלאסיק אמרלד ריזלינג,מיליליטרים,750.00,"100 מ""ל",false,,31.90,0.0425,true,1,79687
7290000023830,false,יין קלאסיק שיראז רוזה 750 מל,יקבי ברקן שיווק והפצה בע,,קלאסיק רוזה,מיליליטרים,750.00,"100 מ""ל",false,,31.90,0.0425,true,1,79673
7290000023847,false,"יין קלאסיק שרדונה ברקן 750 מ""ל",יקבי ברקן שיווק והפצה בע,,קלאסיק שרדונה,מיליליטרים,750.00,"100 מ""ל",false,,31.90,0.0425,true,1,82085
7290000023977,false,"יין ברקן קלאסיק מרלו 750 מ""ל",יקבי ברקן שיווק והפצה בע,,ברקן קלאסיק מרלו,מיליליטרים,750.00,"100 מ""ל",false,,31.90,0.0425,true,1,79686
7290000024001,false,ישרקו ברי צרפתי,,,ישרקו ברי צרפתי,קילוגרמים,1.00,"ק""ג",true,,160.00,160.0000,true,1,83622
7290000024523,false,"תירוש של סגל ,מיץ ענבים , 1 ליטר",כרמי צבי - האחים סגל,,תירוש של סגל 1 ליטר,ליטרים,1.00,ליטר,false,,13.90,13.9000,true,1,141696
7290000025600,false,חריץ סקנדינבית,,,חריץ סקנדינבית,קילוגרמים,1.00,"ק""ג",true,,95.00,95.0000,true,1,118214
7290000026479,false,פילסבורי רוגלעך,,,פילסבורי רוגלעך,קילוגרמים,1.00,"ק""ג",true,,39.90,39.9000,true,1,138840
7290000026650,false,צפתית פיראוס 5% במשק,,,גבינה צפתית 5% 1 200,קילוגרמים,1.00,"ק""ג",true,,65.00,65.0000,true,1,58337
7290000030024,false,תה מעושן רחב זוגלובק,,,תה מעושן רחב זוגלובק,קילוגרמים,1.00,"ק""ג",true,,50.00,50.0000,true,1,58343
7290000030048,false,סלמי פפרוני זוגלובק,,,סלמי פפרוני זוגלובק,קילוגרמים,1.00,"ק""ג",true,,55.00,55.0000,true,1,58345
7290000030062,false,מעושן איטלקי זוגלובק,,,מעושן איטלקי בלוק זו,קילוגרמים,1.00,"ק""ג",true,,85.00,85.0000,true,1,58346
7290000030093,false,חרמון ברבקיו צלוי זו,,,חרמון ברבקיו צלוי זו,קילוגרמים,1.00,"ק""ג",true,,59.00,59.0000,true,1,157178
7290000030260,false,מורטדלה רחב זוגלובק,,,מורטדלה רחב זוגלובק,קילוגרמים,1.00,"ק""ג",true,,45.00,45.0000,true,1,58351
7290000030369,false,גולן חזה מעושן עם עו,,,גולן חזה מעושן עם עו,קילוגרמים,1.00,"ק""ג",true,,90.00,90.0000,true,1,58353
7290000030444,false,כתף בקר מעושן זוגלוב,,,כתף בקר מעושן חצוי ז,קילוגרמים,1.00,"ק""ג",true,,120.00,120.0000,true,1,58354
7290000031267,false,גאודה גלגל,,,גאודה גלגל,קילוגרמים,1.00,"ק""ג",true,,80.00,80.0000,true,1,192250
7290000031410,false,פסטרמה בדבש טהור זוג,,,פסטרמה בדבש טהור זוג,קילוגרמים,1.00,"ק""ג",true,,90.00,90.0000,true,1,58362
7290000031599,false,שוקחה גבינה גאודה עג,,,שוקחה גבינה גאודה עג,קילוגרמים,1.00,"ק""ג",true,,75.00,75.0000,true,1,58364
7290000032207,false,פול מצרי 580 ג' פרי זה,,,A2 פול פרי זה 350 גר,גרמים,350.00,100 גרם,false,,6.90,0.0197,true,1,117877
7290000032400,false,פסטרמה ברביקיו זוגלו,,,פסטרמה ברביקיו זוגלו,קילוגרמים,1.00,"ק""ג",true,,90.00,90.0000,true,1,58368
7290000032474,false,אפונת גינה גדולה 550 ג' פרי זה,זנלכל,,אפונה גדולה א-,גרמים,550.00,100 גרם,false,,6.90,0.0125,true,1,98934
7290000032511,false,אפונה וגזר 550 ג' פרי זה,,,אפונה וגזר א-2.,יחידה,0.00,יחידה,false,,6.90,0.0000,true,1,98935
7290000032634,false,חומוס שלם 550 ג' פרי זה,זנלכל,,A2 חומוס שלם 600 גרם,גרמים,600.00,100 גרם,false,,6.90,0.0115,true,1,84414
7290000032665,false,רוטב עגבניות 28% 580ג' פרי זה,,,רסק עגבניות 28% 580,גרמים,580.00,100 גרם,false,,8.90,0.0153,true,1,60818
7290000032726,false,חריסה 570 ג' פרי זה,,,A2 חריסה,גרמים,550.00,100 גרם,false,,7.90,0.0144,true,1,96416
7290000032764,false,שעועית לבנה ברוטב עגבניות 580 ג' פרי זה,זנלכל,,A2 שעועית לבנה ברוטב,גרמים,580.00,100 גרם,false,,6.90,0.0119,true,1,98936
7290000032825,false,גרעיני תירס מתוק 550 ג' פרי זה,General,,A2 גרעיני תירס מתוק,גרמים,550.00,100 גרם,false,,7.90,0.0144,true,1,92616
7290000033636,false,פסטרמה צלויה על לבני,,,פסטרמה צלויה על לבני,קילוגרמים,1.00,"ק""ג",true,,90.00,90.0000,true,1,58375
7290000033681,false,פסטרממיה מעושנת הבית,,,פסטרמה מעושנת הבית ז,קילוגרמים,1.00,"ק""ג",true,,90.00,90.0000,true,1,58376
7290000034124,false,זית שחור יבש,,,זית שחור יבש,קילוגרמים,1.00,"ק""ג",true,,40.00,40.0000,true,1,86977
7290000034718,false,תבור-חזה מעושן זוגלו,,,פסטרמה תבור זוגלובק,קילוגרמים,1.00,"ק""ג",true,,90.00,90.0000,true,1,58380
7290000034800,false,פסטרמה רומנית זוגלוב,,,פסטרמה רומנית זוגלוב,קילוגרמים,1.00,"ק""ג",true,,90.00,90.0000,true,1,58381
7290000034824,false,חרמון חזה מעושן זוגל,,,חרמון חזה מעושן זוגל,קילוגרמים,1.00,"ק""ג",true,,59.00,59.0000,true,1,58382
7290000035355,false,תנובה בולגרית מעודנת,,,תנובה בולגרית מעודנת,קילוגרמים,1.00,"ק""ג",true,,49.00,49.0000,true,1,58386
7290000036057,false,מרטדלה עם זיתים זוגל,,,מורטדלה עם זיתים זוג,קילוגרמים,1.00,"ק""ג",true,,45.00,45.0000,true,1,58389
7290000036144,false,קונדיטור קורנפלור שק,קריות זול,,קונדיטור קורנפלור שק,גרמים,200.00,100 גרם,false,,4.00,0.0200,true,1,54053
7290000037466,false,יורוציז גאודה כמון פ,,,יורוציז גאודה כמון פ,קילוגרמים,1.00,"ק""ג",true,,99.00,99.0000,true,1,108168
7290000038099,false,פסטרמה כפרית זוגלובק,,,פסטרמה כפרית זוגלובק,קילוגרמים,1.00,"ק""ג",true,,90.00,90.0000,true,1,58395
7290000039247,false,פסטרמה איטלקית זוגלו,,,פסטרמה איטלקית זוגלו,קילוגרמים,1.00,"ק""ג",true,,90.00,90.0000,true,1,83710
7290000040001,false,שומשום /חלביצה /בוטנ,,,שומשום /חלביצה /בוטנ,קילוגרמים,1.00,"ק""ג",true,,30.00,30.0000,true,1,115570
7290000040042,false,יופלה יוגורט תות %3 גביע 150 גרם,תנובה חלב,,יופלה יוגורט תות %3,מיליליטרים,150.00,"100 מ""ל",false,,5.20,0.0347,true,1,38311
7290000040066,false,יוגורט יופלה דובדבן 3% שומן 150 גרם,תנובה מרכז שיתופי לש,,יופלה יוגורט דובדבן,מיליליטרים,150.00,"100 מ""ל",false,,5.20,0.0347,true,1,37870
7290000040080,false,יופלה יוגורט אפרסק %3 גביע 150 גרם,תנובה בעמ,,יופלה יוגורט אפרסק %,מיליליטרים,150.00,"100 מ""ל",false,,5.20,0.0347,true,1,38494
7290000040301,false,תנובה עין גדי קממבר מחלב בקר 24% שומן,תנובה מרכז שיתופי לש,,קממבר עין גדי חפיסה,גרמים,125.00,100 גרם,false,,18.90,0.1512,true,1,38969
7290000040318,false,גבינת ברי 24% קולאז עדי תנובה 125 ג',תנובה מרכז שיתופי לש,,ברי עדי חפיסה 24% 1,גרמים,125.00,100 גרם,false,,19.40,0.1552,true,1,38970
7290000040404,false,פיתה בצק קפוא זעתר/ב,,,פיתה בצק קפוא זעתר/ב,יחידה,0.00,יחידה,false,,5.00,0.0000,true,1,114292
7290000040405,false,פיתה גבינה בולגרית,,,פיתה גבינה בולגרית,יחידה,0.00,יחידה,false,,6.00,0.0000,true,1,114293
7290000040406,false,פיתה בתוספת ירקות וב,,,פיתה בתוספת ירקות וב,יחידה,0.00,יחידה,false,,10.00,0.0000,true,1,114294
7290000040413,false,לחמניות אצבע קטן 100,,,לחמניות אצבע קטן 100,יחידה,0.00,יחידה,false,,2.00,0.0000,true,1,132132
7290000040974,false,חלב דל לקטוז 2% תנובה קרטון 1 ליטר,תנובה מרכז שיתופי לש,,חלב טרי דל לקטוז 1 ל,ליטרים,1.00,ליטר,false,,7.00,7.0000,true,1,43625
7290000041407,false,"גיל לבן 3% תנובה 125 מ""ל בד""צ",תנובה מרכז שיתופי לש,,"גיל גביע 125 מ""ל 3%",מיליליטרים,125.00,"100 מ""ל",false,,0.90,0.0072,true,1,81273
7290000041858,false,"שמנת חמוצה 15% יטבתה 200 מ""ל מהדרין",מחלבת יטבתה,,יטבתה שמנת חמוצה 15%,מיליליטרים,200.00,"100 מ""ל",false,,2.60,0.0130,true,1,38550
7290000041865,false,"לבן 4.5% שומן מהדרין ""יטבתה""",שטראוס גרופ,,יטבתה אשל 4.5% 200 מ,מיליליטרים,200.00,"100 מ""ל",false,,2.00,0.0100,true,1,38625
7290000042435,false,חלב דל שומן בקרטון+פקק תנובה 1 ליטר,תנובה מרכז שיתופי לש,,חלב תנובה טרי קרט+ פ,ליטרים,1.00,ליטר,false,,5.86,5.8600,true,1,43626
7290000042640,false,"חלב תנובה עמיד 3% קרטון 250 מ""ל",תנובה מרכז שיתופי לש,,חלב עמיד קרטון 250 מ,מיליליטרים,250.00,"100 מ""ל",false,,2.90,0.0116,true,1,38552
7290000042855,false,"שוקו בשקית 250 מ""ל ""יטבתה""",שטראוס גרופ,,יטבתה שוקו שקית 225,מיליליטרים,225.00,"100 מ""ל",false,,2.50,0.0111,true,1,54059
7290000043012,false,"שוקו עמיד 2% בקרטון 250 מ""ל תנובה",תנובה מרכז שיתופי לש,,שוק.שוקו עמיד 2% בקר,מיליליטרים,250.00,"100 מ""ל",false,,4.90,0.0196,true,1,38758
7290000043814,false,השף הלבן שמנת להקצפה 38% שומן 250 מל - מוצר בפיקוח,תנובה מרכז שיתופי לש,,שמנת להקצפה 38% 250,מיליליטרים,250.00,"100 מ""ל",false,,6.47,0.0259,true,1,38001
7290000043890,false,תנובה רויון לבן מחלב מפסוטר 1.5%,תנובה מרכז שיתופי לש,,רוויון קרטון 1 ליטר,ליטרים,1.00,ליטר,false,,11.50,11.5000,true,1,54061
7290000043944,false,כד יוגורט תנובה 4% שומן 1.5 ליטר,מיוצר עי קונדיטוריית,,יוגורט תנובה כד 1.5,ליטרים,1.50,ליטר,false,,17.40,11.6000,true,1,43628
7290000044712,false,יוגורט עם תות 1.5% שומן 500 ג' פרילי,מיוצר עי קונדיטוריית,,פרילי תות גביע 500 ג,גרמים,500.00,100 גרם,false,,10.50,0.0210,true,1,38002
7290000044880,false,באדי יוגורט תות 3% שומן 500 ג' תנובה,מיוצר עי קונדיטוריית,,באדי יוגורט תות גביע,מיליליטרים,500.00,"100 מ""ל",false,,9.30,0.0186,true,1,37924
7290000044954,false,ישראקו פרמזן רגאנו,,,ישראקו פרמזן רגאנו,קילוגרמים,1.00,"ק""ג",true,,150.00,150.0000,true,1,101955
7290000045005,false,המבורגר על האש ארוז.,,,המבורגר על האש ארוז.,קילוגרמים,1.00,"ק""ג",true,,49.90,49.9000,true,1,179071
7290000045009,false,נקניקיות מרגז קפוא,,,נקניקיות מרגז קפוא,קילוגרמים,1.00,"ק""ג",true,,49.90,49.9000,true,1,179069
7290000045010,false,נקניקיות צ'וריסוס,,,נקניקיות צ'וריסוס,קילוגרמים,1.00,"ק""ג",true,,49.90,49.9000,true,1,179070
7290000045012,false,קציצות הבית.,,,קציצות הבית.,קילוגרמים,1.00,"ק""ג",true,,49.90,49.9000,true,1,179068
7290000045013,false,קבב ביתי,,,קבב ביתי,קילוגרמים,1.00,"ק""ג",true,,49.90,49.9000,true,1,192188
7290000045282,false,נתחי פילה סלמון נורו,,,דלי דג מנות פילה סלמ,קילוגרמים,1.00,"ק""ג",true,,89.90,89.9000,true,1,129927
7290000045435,false,פילה מרלוזה ארגנטינא,,,פילה מרלוזה ארגנטינא,קילוגרמים,1.00,"ק""ג",true,,36.90,36.9000,true,1,177341
7290000045580,false,גבינה מותכת נעמה חורש תנובה 240 גרם,תנובה מרכז שיתופי לש,,נעמה חורש משולשים 24,גרמים,240.00,100 גרם,false,,17.80,0.0742,true,1,38629
7290000045771,false,יוגורט לבן 4% תנובה 3 ליטר,תנובה מרכז שיתופי לש,,יוגורט תנובה כד 3 לי,ליטרים,3.00,ליטר,false,,28.90,9.6333,true,1,38630
7290000045917,false,תנובה פרומעז גבינה מותכת מחלב עיזים 23% שומן,קריות זול,,פרומעז גבינת עזים גל,גרמים,200.00,100 גרם,false,,26.20,0.1310,true,1,43631
7290000046006,false,גבינה צהובה עמק בלוק,תנובה מרכז שיתופי לש,,תנובה עמק חריץ 28%,קילוגרמים,1.00,"ק""ג",true,,42.70,42.7000,true,1,129782
7290000046020,false,גלבוע גבינה שמנה במש,תנובה מרכז שיתופי לש,,גלבוע %22,קילוגרמים,1.00,"ק""ג",true,,42.58,42.5800,true,1,39121
7290000046327,false,גלבוע גבינה צהובה פרוסה 22% תנובה 200 גרם,תנובה מרכז שיתופי לש,,גלבוע פרוס 200 גרם %,גרמים,200.00,100 גרם,false,,14.60,0.0730,true,1,43633
7290000046549,false,גבינת מוצרלה 20% במשקל,תנובה מרכז שיתופי לש,,מוצרלה חריץ מהדרין 2,קילוגרמים,1.00,"ק""ג",true,,85.00,85.0000,true,1,38761
7290000046563,false,גב.קולאז' פרמזן 23%במשקל,תנובה מרכז שיתופי לש,,פרמזן גבע חריץ 23%,קילוגרמים,1.00,"ק""ג",true,,135.00,135.0000,true,1,38632
7290000047027,false,גב.קולאז' גלעד 27% במשקל,תנובה מרכז שיתופי לש,,קצקבל (גלעד) חריץ 28,קילוגרמים,1.00,"ק""ג",true,,145.00,145.0000,true,1,38004
7290000047034,false,גב.קולאז' רוקפור25%במשקל,תנובה מרכז שיתופי לש,,רוקפור (גליל) חריץ 2,קילוגרמים,1.00,"ק""ג",true,,140.00,140.0000,true,1,38763
7290000047485,false,גבינה בולגרית במשקל,תנובה מרכז שיתופי לש,,בולגרית פח 4 קג 24%,קילוגרמים,1.00,"ק""ג",true,,65.00,65.0000,true,1,39123
7290000047546,false,השף הלבן כנען גבינה לבנה דלת נתרן 5% תנובה 500 גרם,תנובה מרכז שיתופי לש,,כנען גבינה לבנה 5%,גרמים,500.00,100 גרם,false,,24.10,0.0482,true,1,54062
7290000048185,false,גבינה לבנה 5% תנובה 250 גרם מהדרין,מיוצר עי קונדיטוריית,,גבינה לבנה 5% 250 גר,גרמים,250.00,100 גרם,false,,4.98,0.0199,true,1,38505
7290000048192,false,גבינה לבנה 9% תנובה 250 גרם מהדרין,מחלבת אלון תבור,,גבינה לבנה 9% 250 גר,גרמים,250.00,100 גרם,false,,5.30,0.0212,true,1,38764
7290000048413,false,פיראוס חמד גבינה מלוחה 16% שומן,תנובה מרכז שיתופי לש,,פיראוס חמד שקית 250,גרמים,250.00,100 גרם,false,,18.40,0.0736,true,1,38506
7290000048437,false,פיראוס צפתית 5% שומן 200 גרם,פארייפאבה אגרואינדוס,,פיראוס צפתית גביע 20,גרמים,200.00,100 גרם,false,,15.10,0.0755,true,1,38633
7290000049458,false,גבינת פטה עיזים 16% גביע פיראוס 250 ג',תנובה מרכז שיתופי לש,,פיראוס פטה עזים 16%,גרמים,250.00,100 גרם,false,,28.30,0.1132,true,1,38507
7290000050447,false,"יוגורט ביו בטעם תות YYY יופלה 500 מ""ל",מיוצר עי קונדיטוריית,,יופלה תות 3% גביע 50,יחידה,500.00,יחידה,false,,13.60,0.0272,true,1,38007
7290000050454,false,יוגורט יופלה אפרסק 3% שומן 500 גרם,מיוצר עי קונדיטוריית,,יופלה אפרסק 3% גביע,מיליליטרים,500.00,"100 מ""ל",false,,13.60,0.0272,true,1,57579
7290000051307,false,"מארז הפסקת אוכל עם דגני עוגי ומשקה חלב עמיד בטעם וניל 150 מ""ל",תנובה מרכז שיתופי לש,,הפסקת אוכל דגני עוגי,מיליליטרים,150.00,"100 מ""ל",false,,9.50,0.0633,true,1,38769
7290000051352,false,חלב מלא בטעם של פעם 3.4% תנובה קרטון 1 ל',הרדוף תוצרת מזון אור,,חלב מלא בטעם של פעם,ליטרים,1.00,ליטר,false,,7.90,7.9000,true,1,38635
7290000051376,false,יוגורט יופלה דיאט אננס 0% שומן 150 גרם,תנובה מרכז שיתופי לש,,יופלה דיאט אננס גביע,מיליליטרים,150.00,"100 מ""ל",false,,5.20,0.0347,true,1,38866
7290000051956,false,טל העמק 9% חריץ במשקל,,,טל העמק חריץ במשקל 9,קילוגרמים,1.00,"ק""ג",true,,79.00,79.0000,true,1,58414
7290000052311,false,גבינה צהובה עמק לייט 15% שומן 200 גרם,תנובה מרכז שיתופי לש,,עמק לייט פרוס 200 גר,גרמים,200.00,100 גרם,false,,17.80,0.0890,true,1,37933
7290000052649,false,גבינת לאבנה 5% שומן 500 ג' פיראוס,תנובה מרכז שיתופי לש,,פיראוס לאבנה 5% גביע,גרמים,500.00,100 גרם,false,,19.90,0.0398,true,1,38637
7290000053219,false,טל העמק חריץ 32% במשקל,תנובה מרכז שיתופי לש,,חריץ טל העמק 32% שומ,קילוגרמים,1.00,"ק""ג",true,,75.00,75.0000,true,1,117480
7290000054570,false,גד גבינה מסקרפונה,,,גד גבינה מסקרפונה,קילוגרמים,1.00,"ק""ג",true,,60.00,60.0000,true,1,58422
7290000054754,false,גד מוצרלה במים בייבי,,,גד מוצרלה במים בייבי,קילוגרמים,1.00,"ק""ג",true,,95.00,95.0000,true,1,82009
7290000054792,false,גד בולגרית פח 5%,,,גד בולגרית פח 5%,קילוגרמים,1.00,"ק""ג",true,,65.00,65.0000,true,1,58425
7290000054815,false,גד מוצרלה 22%,,,גד מוצרלה 22%,קילוגרמים,1.00,"ק""ג",true,,85.00,85.0000,true,1,58426
7290000054891,false,גד בולגרית דלי 16%,,,גד בולגרית דלי 16%,קילוגרמים,1.00,"ק""ג",true,,65.00,65.0000,true,1,58427
7290000054969,false,גד גבינת שמנת 30%,,,גד גבינת שמנת 30%,קילוגרמים,1.00,"ק""ג",true,,50.00,50.0000,true,1,58430
7290000054976,false,גד גבינת שמנת 30% זי,,,גד גבינת שמנת 30% זי,קילוגרמים,1.00,"ק""ג",true,,50.00,50.0000,true,1,58431
7290000054983,false,גד גבינה לאבנה,,,גד גבינה לאבנה,קילוגרמים,1.00,"ק""ג",true,,45.00,45.0000,true,1,58432
7290000054990,false,גד מוצרלה במים כדורי,,,גד מוצרלה במים כדורי,קילוגרמים,1.00,"ק""ג",true,,95.00,95.0000,true,1,58433
7290000055015,false,פיראוס גבינת פטה כבשים 5% תנובה 250 גרם,תנובה מחלבת טנא נוגה,,פיראוס פטה כבשים 5%,גרמים,250.00,100 גרם,false,,29.90,0.1196,true,1,43642
7290000055329,false,"משקה בוקר יוגורט 1.5% בטעם תות מלון יופלה 250 מ""ל",תנובה מרכז שיתופי לש,,יופלה משקה יוגורט תו,יחידה,250.00,יחידה,false,,5.40,0.0216,true,1,54075
7290000055336,false,"משקה יוגורט 1.5% בטעם בננה אפרסק יופלה 250 מ""ל",תנובה מרכז שיתופי לש,,יופלה משקה יוגורט בנ,גרמים,250.00,100 גרם,false,,5.40,0.0216,true,1,54076
7290000055343,false,משקה יוגורט יופלה פירות טרופיים 250 גרם,תנובה מרכז שיתופי לש,,יופלה משקה יוגורט טר,מיליליטרים,250.00,"100 מ""ל",false,,5.40,0.0216,true,1,54077
7290000055350,false,גבינה צהובה חריץ עמק 28% במשקל,תנובה מרכז שיתופי לש,,גבינת עמק 28%,קילוגרמים,1.00,"ק""ג",true,,44.79,44.7900,true,1,108602
7290000055893,false,חמאה משמנת מפוסטרת 200גרם 82% כ.מהדרין - מוצר בפיקוח,תנובה מרכז שיתופי לש,,חמאה משמנת מפוסטרת 2,גרמים,200.00,100 גרם,false,,8.20,0.0410,true,1,179794
7290000056081,false,מארז יוגורט פרילי טבע 6*200 גרם,מיוצר עי קונדיטוריית,,מאגדת פרילי טבע 6 *,מיליליטרים,1200.00,"100 מ""ל",false,,23.00,0.0192,true,1,54081
7290000056883,false,שמיניית יוגורט יופלה 3% טעמים שונים 150 גרם,תנובה מרכז שיתופי לש,,מאג 8*150 גרם יופלה,גרמים,1200.00,100 גרם,false,,30.50,0.0254,true,1,54089
7290000056890,false,שמיניית דיאט יופלה 0% טעמים שונים 150 גרם,מיוצר עי קונדיטוריית,,מאג 8*150 גרם דיאט י,גרמים,1200.00,100 גרם,false,,30.50,0.0254,true,1,54090
7290000056906,false,מאגדת לבן טבעי 1.5% שומן 8 יח' * 150 ג' יופלה,מחלבת אלון תבור,,מאג 8*150ג יופלה לבן,מיליליטרים,1200.00,"100 מ""ל",false,,17.90,0.0149,true,1,54091
7290000056951,false,"תנובה, השף הלבן, שמנת לבישול 15% שומן 500 מל",תנובה מרכז שיתופי לש,,שמנת לבישול 15% 500,מיליליטרים,500.00,"100 מ""ל",false,,16.70,0.0334,true,1,54094
7290000057088,false,עמק גבינה צהובה פרוסה דק דק 28% תנובה 200 גרם,תנובה מרכז שיתופי לש,,עמק פרוס דק דק 200 ג,גרמים,200.00,100 גרם,false,,17.90,0.0895,true,1,54098
7290000057118,false,גבינה צהובה עמק 28% שומן ואקום 400 גרם,תנובה מרכז שיתופי לש,,עמק פרוס סמי מעדנייה,גרמים,400.00,100 גרם,false,,23.30,0.0583,true,1,54100
7290000057132,false,יוגורט תנובה טבעי 1.5% גביע 200 גרם,מחלבת אלון תבור,,יוגורט תנובה טבעי 1.,יחידה,200.00,יחידה,false,,3.00,0.0150,true,1,54101
7290000057149,false,יוגורט תנובה טבעי 3% גביע 200 גרם,מיוצר עי קונדיטוריית,,יוגורט תנובה טבעי 3%,מיליליטרים,200.00,"100 מ""ל",false,,3.00,0.0150,true,1,54102
7290000057552,false,יופלה דיאט עוגת גבינה ותות 0% גביע 150ג',תנובה בעמ,,יופלה דיאט עוגת גבינ,גרמים,150.00,100 גרם,false,,4.90,0.0327,true,1,59667
7290000058030,false,"שמיניית יופלה שטוזים משקה יוגורט תות 100 מ""ל",מיוצר עי קונדיטוריית,,יופלה משקה יוגורט תו,מיליליטרים,800.00,"100 מ""ל",false,,21.20,0.0265,true,1,54122
7290000058047,false,שמנת להקצפה 38% 500מל מהדרין עמיד השף הלבן,תנובה מרכז שיתופי לש,,שמנת להקצפה 38% 500מ,מיליליטרים,500.00,"100 מ""ל",false,,12.94,0.0259,true,1,92601
7290000058118,false,יעקבס גבינת קממברט 2,,,יעקבס גבינת קממברט 2,קילוגרמים,1.00,"ק""ג",true,,110.00,110.0000,true,1,105226
7290000058217,false,יעקבס גבינת לבנה עיז,,,יעקבס גבינת לבנה עיז,קילוגרמים,1.00,"ק""ג",true,,59.00,59.0000,true,1,105232
7290000058453,false,יעקבס גבינת קממברט א,,,יעקבס גבינת קממברט א,קילוגרמים,1.00,"ק""ג",true,,109.00,109.0000,true,1,105237
7290000058590,false,יעקבס גבינת מנצגו 30,,,יעקבס גבינת מנצגו 30,קילוגרמים,1.00,"ק""ג",true,,145.00,145.0000,true,1,105238
7290000058979,false,גיל בטעם תות 3% שומן 125 ג' תנובה,תנובה מרכז שיתופי לש,,גיל בטעם תות 3% 125,מיליליטרים,125.00,"100 מ""ל",false,,1.60,0.0128,true,1,71070
7290000058989,false,יעקבס קממברט בקר ביי,,,יעקבס קממברט בקר ביי,קילוגרמים,1.00,"ק""ג",true,,110.00,110.0000,true,1,111776
7290000060066,false,יורוציז גאודה צ'ילי,,,יורוציז גאודה צ'ילי,קילוגרמים,1.00,"ק""ג",true,,120.00,120.0000,true,1,108170
7290000060088,false,בייגלה מקלות מלוחים אסם 400 גרם,מיוצר עי קונדיטוריית,,בייגלה אסם מקלות מלו,גרמים,400.00,100 גרם,false,,10.90,0.0273,true,1,38518
7290000060200,false,פסטה אסם פתיתים אפויים קוסקוס 500גר,"אסם תעשיות בע""מ",,פסטה אסם פתיתים אפוי,גרמים,500.00,100 גרם,false,,8.90,0.0178,true,1,43646
7290000060217,false,פסטה מקרוני מספר 7 אסם 500 גרם,פסטה זארה,,פסטה אסם מקרוני 7 50,גרמים,500.00,100 גרם,false,,5.90,0.0118,true,1,38519
7290000060248,false,פסטה אסם פתיתים תלתלים 500 גר',קריות זול,,אסם פתיתים תלתלים 50,גרמים,500.00,100 גרם,false,,5.90,0.0118,true,1,38644
7290000060316,false,פרפקטו ספגטי מס' 8 אסם 500 גרם,אסם פרפקטו,,פרפקטו ספגטי 500 גרם,גרמים,500.00,100 גרם,false,,7.90,0.0158,true,1,39134
7290000060323,false,פסטה פרפקטו ספגטיני (2) 500 גרם,פסטה זארה,,פרפקטו ספגטיני 500 ג,גרמים,500.00,100 גרם,false,,7.90,0.0158,true,1,38062
7290000060330,false,פרפקטו פרפקטו ספיראלי גירף 500 גר,אסם פרפקטו,,פרפקטו פרפקטו ספיראל,גרמים,500.00,100 גרם,false,,7.90,0.0158,true,1,43647
7290000060408,false,פסטה אסם פתיתים אפויים טבעות 500 גר,"אסם השקעות בע""\מ",,פסטה אסם פתיתים אפוי,גרמים,500.00,100 גרם,false,,8.90,0.0178,true,1,38063
7290000060415,false,"פסטה פרפקטו לאזניה 500 ג' ""אסם""",אסם פרפקטו,,פרפקטו לזאניה 500 גר,גרמים,500.00,100 גרם,false,,14.90,0.0298,true,1,38520
7290000060576,false,פתיתים אפויים כוכבים אסם 500 גרם,"אסם השקעות בע""\מ",,פסטה אסם פתיתים אפוי,גרמים,500.00,100 גרם,false,,8.90,0.0178,true,1,38646
7290000060781,false,פסטה אסם פתיתים מסולסלים 500גר,קריות זול,,אסם פתיתים מסולסלים,גרמים,500.00,100 גרם,false,,5.90,0.0118,true,1,38011
7290000060828,false,פסטה קרניים בינוניות אסם 500 גרם,קריות זול,,אסם פתיתים קרניים 50,גרמים,500.00,100 גרם,false,,5.90,0.0118,true,1,43649
7290000060842,false,פסטה אסם פתיתים צדפים גדולים 500גר,פסטה זארה,,פסטה אסם פתיתים צדפי,גרמים,500.00,100 גרם,false,,5.90,0.0118,true,1,38875
7290000060880,false,פסטה ספגטי מספר 8 אסם 500 גרם,פסטה זארה,,פסטה אסם ספגטי 500 ג,גרמים,500.00,100 גרם,false,,5.90,0.0118,true,1,38647
7290000060903,false,פסטה אסם פתיתים אפויים אורז 500גר,"אסם השקעות בע""\מ",,פסטה אסם פתיתים אפוי,גרמים,500.00,100 גרם,false,,8.90,0.0178,true,1,38012
7290000060958,false,פסטה אסם אטריות בינוניות 400 גרם,"אסם השקעות בע""\מ",,אסם אטריות בינוניות,גרמים,400.00,100 גרם,false,,7.90,0.0198,true,1,38522
7290000060965,false,פסטה אסם אטריות רחבות 400גר,"אסם השקעות בע""\מ",,אסם אטריות רחבות 400,גרמים,400.00,100 גרם,false,,7.90,0.0198,true,1,38523
7290000060972,false,פסטה אסם אטריות דקיקות 400 גרם,פסטה זארה,,פסטה אסם אטריות דקיק,גרמים,400.00,100 גרם,false,,7.90,0.0198,true,1,38568
7290000061061,false,קרקר חיטה עם בצל אסם,"אסם השקעות בע""\מ",,קרקר בצל 250 גרם,גרמים,250.00,100 גרם,false,,10.90,0.0436,true,1,43650
7290000061108,false,"רוטב טריאקי 290 מ""ל-בקבוק","אסם השקעות בע""\מ",,"רוטב טריאקי 290 מ""ל",מיליליטרים,290.00,"100 מ""ל",false,,9.90,0.0341,true,1,26233
7290000061214,false,פתיתים אפויים קוסקוס עם בצל אסם 500 גרם,"אסם השקעות בע""\מ",,פסטה אסם פתיתים קוסק,גרמים,500.00,100 גרם,false,,7.90,0.0158,true,1,38013
7290000061358,false,כיס שקדים פרימיום,,,כיס שקדים פרימיום,קילוגרמים,1.00,"ק""ג",true,,49.90,49.9000,true,1,96773
7290000061543,false,מס 7 מוכשר,,,מס 7 מוכשר,קילוגרמים,1.00,"ק""ג",true,,33.90,33.9000,true,1,173416
7290000061764,false,קפה נמס מגורען רד מאג 200 גרם,נסטלה ספרד קפה,,רד מאג נסקפה 200 גרם,גרמים,200.00,100 גרם,false,,22.90,0.1145,true,1,38014
7290000062129,false,"אינסטנט פודינג בטעם וניל אסם 1 ק""ג","אסם השקעות בע""מ",,פודינג אינסטנט טעם ו,קילוגרמים,1.00,"ק""ג",false,,29.90,29.9000,true,1,38069
7290000062952,false,אוסם - מיני קרוטונים למרק ולסלט 250 גרם,עינת תעשיות מזון אגו,,אסם מיני קרוטונים למ,גרמים,250.00,100 גרם,false,,15.90,0.0636,true,1,39138
7290000063102,false,אסם קמח עוגה תופח מאליו 350 גרם,"אסם השקעות בע""\מ",,קמח תופח קטן 350 גרם,גרמים,350.00,100 גרם,false,,5.90,0.0169,true,1,38593
7290000063157,false,"קמח עוגה תופח מאליו אסם 1 ק""ג","אסם השקעות בע""\מ",,קמח תופח מאליו אסם 1,קילוגרמים,1.00,"ק""ג",false,,9.90,9.9000,true,1,38595
7290000064758,false,קוסקוס בינוני אמיתי אסם 350 ג',"מיוצר ע""י קוד יצרן K",,קוסקוס אמיתי בשקית 3,גרמים,350.00,100 גרם,false,,8.90,0.0254,true,1,38877
7290000064871,false,"אוסם - מנה חמה פירה תפו""א עם בצל 56 גרם","אסם השקעות בע""מ",,"מנה חמה פירה תפו""א ע",יחידה,0.00,יחידה,false,,7.90,0.0000,true,1,38685
7290000065090,false,מיני קרוטונים מתובלים למרק ולסלט אסם 400 גרם,עינת תעשיות מזון אגו,,מיני קורטונים למרק ו,גרמים,400.00,100 גרם,false,,27.90,0.0697,true,1,38018
7290000065335,false,אוסם - מנה חמה פירה עם ירקות 55 גרם,"אסם תעשיות בע""מ",,מנה חמה פירה עם ירקו,יחידה,0.00,יחידה,false,,7.90,0.0000,true,1,38019
7290000065540,false,אוסם - מנה חמה פסטה מוקרמת בטעם עוף 55 גרם,"אסם השקעות בע""מ",,מנה חמה פסטה מוקרמת,יחידה,0.00,יחידה,false,,7.90,0.0000,true,1,38072
7290000065557,false,אוסם - מנה חמה קוסקוס עם ירקות 84 גרם,"אסם תעשיות מזון בע""מ",,מנה חמה קוסקוס עם יר,יחידה,0.00,יחידה,false,,7.90,0.0000,true,1,38651
7290000065599,false,בלופיש פילה מרלוזה,,,בלופיש פילה מרלוזה,קילוגרמים,1.00,"ק""ג",true,,49.90,49.9000,true,1,184462
7290000065977,false,אסם חטיפי פריכונים תירס שומשום 80 גרם,"פרח תעשיות מזון בע""מ.",,חטיפי פריכונים תירס,יחידה,0.00,יחידה,false,,8.90,0.0000,true,1,39140
7290000066000,false,גב עוף.,,,גב עוף.,קילוגרמים,1.00,"ק""ג",true,,2.90,2.9000,true,1,108262
7290000066001,false,גרון עוף.,,,גרון עוף.,קילוגרמים,1.00,"ק""ג",true,,4.90,4.9000,true,1,108263
7290000066002,false,חזה עוף שלם,,,חזה עוף שלם,קילוגרמים,1.00,"ק""ג",true,,29.90,29.9000,true,1,108264
7290000066003,false,חזה עוף חצוי.,,,חזה עוף חצוי.,קילוגרמים,1.00,"ק""ג",true,,29.90,29.9000,true,1,108265
7290000066004,false,טחול עוף טרי.,,,טחול עוף טרי.,קילוגרמים,1.00,"ק""ג",true,,69.90,69.9000,true,1,108266
7290000066006,false,כבד עוף טרי,,,כבד עוף טרי,קילוגרמים,1.00,"ק""ג",true,,19.90,19.9000,true,1,108268
7290000066007,false,כנפיים עוף.,,,כנפיים עוף.,קילוגרמים,1.00,"ק""ג",true,,11.90,11.9000,true,1,108269
7290000066008,false,כרעיים עוף,,,כרעיים עוף,קילוגרמים,1.00,"ק""ג",true,,19.90,19.9000,true,1,108270
7290000066009,false,לב עוף טרי.,,,לב עוף טרי.,קילוגרמים,1.00,"ק""ג",true,,29.90,29.9000,true,1,108271
7290000066010,false,נתחי עוף לטחינה.,,,נתחי עוף לטחינה.,קילוגרמים,1.00,"ק""ג",true,,18.90,18.9000,true,1,108272
7290000066011,false,עוף מפורק.,,,עוף מפורק.,קילוגרמים,1.00,"ק""ג",true,,19.90,19.9000,true,1,108273
7290000066012,false,עוף שלם.,,,עוף שלם.,קילוגרמים,1.00,"ק""ג",true,,14.90,14.9000,true,1,108274
7290000066013,false,פילה עוף.,,,פילה עוף.,קילוגרמים,1.00,"ק""ג",true,,29.90,29.9000,true,1,108275
7290000066014,false,פרגית עוף.,,,פרגית עוף.,קילוגרמים,1.00,"ק""ג",true,,39.90,39.9000,true,1,108276
7290000066015,false,קורקבן עוף טרי.,,,קורקבן עוף טרי.,קילוגרמים,1.00,"ק""ג",true,,14.90,14.9000,true,1,108277
7290000066016,false,שוקיים עוף.,,,שוקיים עוף.,קילוגרמים,1.00,"ק""ג",true,,29.90,29.9000,true,1,108278
7290000066017,false,שניצל עוף פרימיום.,,,שניצל עוף פרימיום.,קילוגרמים,1.00,"ק""ג",true,,34.90,34.9000,true,1,108279
7290000066018,false,אשכי הודו טרי.,,,אשכי הודו טרי.,קילוגרמים,1.00,"ק""ג",true,,149.90,149.9000,true,1,108283
7290000066019,false,גרון הודו.,,,גרון הודו.,קילוגרמים,1.00,"ק""ג",true,,29.90,29.9000,true,1,108284
7290000066020,false,הודו אדום.,,,הודו אדום.,קילוגרמים,1.00,"ק""ג",true,,54.90,54.9000,true,1,108285
7290000066021,false,הודו שלם.,,,הודו שלם.,קילוגרמים,1.00,"ק""ג",true,,24.90,24.9000,true,1,108286
7290000066022,false,זנב הודו.,,,זנב הודו.,קילוגרמים,1.00,"ק""ג",true,,5.90,5.9000,true,1,108287
7290000066023,false,חזה הודו.,,,חזה הודו.,קילוגרמים,1.00,"ק""ג",true,,29.90,29.9000,true,1,108288
7290000066025,false,כנפיים הודו.,,,כנפיים הודו.,קילוגרמים,1.00,"ק""ג",true,,11.90,11.9000,true,1,108290
7290000066026,false,כפתורי הודו.,,,כפתורי הודו.,קילוגרמים,1.00,"ק""ג",true,,29.90,29.9000,true,1,108291
7290000066027,false,לב הודו טרי.,,,לב הודו טרי.,קילוגרמים,1.00,"ק""ג",true,,19.90,19.9000,true,1,108292
7290000066028,false,קורקבן הודו טרי.,,,קורקבן הודו טרי.,קילוגרמים,1.00,"ק""ג",true,,14.90,14.9000,true,1,108293
7290000066029,false,נתחי הודו לטחינה.,,,נתחי הודו לטחינה.,קילוגרמים,1.00,"ק""ג",true,,14.90,14.9000,true,1,108294
7290000066030,false,שווארמה הודו טרי.,,,שווארמה הודו טרי.,קילוגרמים,1.00,"ק""ג",true,,64.90,64.9000,true,1,108295
7290000066032,false,שוקיים הודו.,,,שוקיים הודו.,קילוגרמים,1.00,"ק""ג",true,,29.90,29.9000,true,1,108297
7290000066033,false,אוסובוקו כבש טרי,,,אוסובוקו כבש טרי,קילוגרמים,1.00,"ק""ג",true,,74.90,74.9000,true,1,108299
7290000066035,false,חזה כבש עם עצם.,,,חזה כבש עם עצם.,קילוגרמים,1.00,"ק""ג",true,,49.90,49.9000,true,1,108301
7290000066036,false,פנים כבש טרי.,,,פנים כבש טרי.,יחידה,0.00,יחידה,false,,49.90,0.0000,true,1,108302
7290000066037,false,זנב כבש טרי.,,,זנב כבש טרי.,קילוגרמים,1.00,"ק""ג",true,,39.90,39.9000,true,1,108303
7290000066038,false,לב כבש.,,,לב כבש.,קילוגרמים,1.00,"ק""ג",true,,29.90,29.9000,true,1,108304
7290000066039,false,כליות כבש טרי.,,,כליות כבש טרי.,קילוגרמים,1.00,"ק""ג",true,,29.90,29.9000,true,1,108305
7290000066040,false,כבד כבש טרי.,,,כבד כבש טרי,קילוגרמים,1.00,"ק""ג",true,,29.90,29.9000,true,1,108306
7290000066041,false,כבש מפורק.,,,כבש מפורק.,קילוגרמים,1.00,"ק""ג",true,,109.90,109.9000,true,1,108307
7290000066043,false,כתף כבש.,,,כתף כבש.,קילוגרמים,1.00,"ק""ג",true,,74.90,74.9000,true,1,108309
7290000066044,false,לייה כבש טרי.,,,לייה כבש טרי.,קילוגרמים,1.00,"ק""ג",true,,69.90,69.9000,true,1,108310
7290000066045,false,לשון כבש.,,,לשון כבש.,קילוגרמים,1.00,"ק""ג",true,,49.90,49.9000,true,1,108311
7290000066047,false,ניקור כבש.,,,ניקור כבש.,קילוגרמים,1.00,"ק""ג",true,,29.90,29.9000,true,1,108313
7290000066048,false,צוואר כבש.,,,צוואר כבש.,קילוגרמים,1.00,"ק""ג",true,,64.90,64.9000,true,1,108314
7290000066049,false,צלעות כבש טרי.,,,צלעות כבש טרי,קילוגרמים,1.00,"ק""ג",true,,109.90,109.9000,true,1,108315
7290000066050,false,ראש כבש טרי.,,,ראש כבש טרי.,קילוגרמים,1.00,"ק""ג",true,,24.90,24.9000,true,1,108316
7290000066051,false,שוק כבש.,,,שוק כבש.,קילוגרמים,1.00,"ק""ג",true,,69.90,69.9000,true,1,108317
7290000066054,false,אוסובוקו עגל טרי.,,,אוסובוקו עגל טרי,קילוגרמים,1.00,"ק""ג",true,,49.90,49.9000,true,1,108341
7290000066055,false,אנטריקוט עגלה.,,,אנטריקוט עגלה.,קילוגרמים,1.00,"ק""ג",true,,129.90,129.9000,true,1,108342
7290000066056,false,אנטריקוט מופשר.,,,אנטריקוט מופשר.,קילוגרמים,1.00,"ק""ג",true,,89.90,89.9000,true,1,108343
7290000066057,false,אנטריקוט עגל עם עצם.,,,אנטריקוט עגל עם עצם.,קילוגרמים,1.00,"ק""ג",true,,109.90,109.9000,true,1,108344
7290000066058,false,אסאדו עגל.,,,אסאדו עגל.,קילוגרמים,1.00,"ק""ג",true,,49.90,49.9000,true,1,108345
7290000066060,false,בשר עגל צעיר.,,,בשר עגל צעיר.,קילוגרמים,1.00,"ק""ג",true,,59.90,59.9000,true,1,108347
7290000066062,false,זנב עגל טרי.,,,זנב עגל טרי.,קילוגרמים,1.00,"ק""ג",true,,49.90,49.9000,true,1,108349
7290000066063,false,טחול עגל טרי.,,,טחול עגל טרי.,קילוגרמים,1.00,"ק""ג",true,,19.90,19.9000,true,1,108350
7290000066064,false,בשר בקר טחון טרי.,,,בשר בקר טחון טר,קילוגרמים,1.00,"ק""ג",true,,39.90,39.9000,true,1,108351
7290000066065,false,כבד עגל טרי,,,כבד עגל טרי,קילוגרמים,1.00,"ק""ג",true,,19.90,19.9000,true,1,108352
7290000066066,false,כליות עגל טרי.,,,כליות עגל טרי.,קילוגרמים,1.00,"ק""ג",true,,9.90,9.9000,true,1,108353
7290000066067,false,לב עגל טרי.,,,לב עגל טרי.,קילוגרמים,1.00,"ק""ג",true,,19.90,19.9000,true,1,108354
7290000066070,false,שפיץ עגל.,,,שפיץ עגל.,קילוגרמים,1.00,"ק""ג",true,,19.90,19.9000,true,1,108357
7290000066071,false,מוח עצם טרי.,,,מוח עצם טרי.,קילוגרמים,1.00,"ק""ג",true,,24.90,24.9000,true,1,108358
7290000066072,false,נתח קצבים.,,,נתח קצבים.,קילוגרמים,1.00,"ק""ג",true,,99.90,99.9000,true,1,108359
7290000066073,false,סינטה עגלה.,,,סינטה עגלה.,קילוגרמים,1.00,"ק""ג",true,,109.90,109.9000,true,1,108360
7290000066074,false,פילה עגלה.,,,פילה עגלה.,קילוגרמים,1.00,"ק""ג",true,,149.90,149.9000,true,1,108361
7290000066081,false,שאריות עוף,,,שאריות עוף,קילוגרמים,1.00,"ק""ג",true,,5.90,5.9000,true,1,109109
7290000066083,false,פיקאניה עגלה.,,,פיקאניה עגלה.,קילוגרמים,1.00,"ק""ג",true,,109.90,109.9000,true,1,110011
7290000066087,false,שווארמה עגל טרי.,,,שווארמה עגל טרי.,קילוגרמים,1.00,"ק""ג",true,,64.90,64.9000,true,1,125127
7290000066091,false,שפיץ שייטל.,,,שפיץ שייטל.,קילוגרמים,1.00,"ק""ג",true,,79.90,79.9000,true,1,122958
7290000066093,false,סטייק טומהוק.,,,סטייק טומהוק.,קילוגרמים,1.00,"ק""ג",true,,159.90,159.9000,true,1,132439
7290000066094,false,פלאנק סטייק.,,,פלאנק סטייק.,קילוגרמים,1.00,"ק""ג",true,,79.90,79.9000,true,1,134666
7290000066095,false,בריסקט עגל למעשנת.,,,בריסקט עגל למעשנת.,קילוגרמים,1.00,"ק""ג",true,,64.90,64.9000,true,1,134682
7290000066098,false,לחי עגל.,,,לחי עגל.,קילוגרמים,1.00,"ק""ג",true,,49.90,49.9000,true,1,148054
7290000066099,false,אסאדו טלה.,,,אסאדו טלה.,קילוגרמים,1.00,"ק""ג",true,,49.90,49.9000,true,1,142315
7290000066100,false,סטייק טיבון עגל.,,,סטייק טיבון עגל.,קילוגרמים,1.00,"ק""ג",true,,149.90,149.9000,true,1,142678
7290000066102,false,סטייק ניו יורק.,,,סטייק ניו יורק.,קילוגרמים,1.00,"ק""ג",true,,119.90,119.9000,true,1,146279
7290000066106,false,צלי כתף.,,,צלי כתף.,קילוגרמים,1.00,"ק""ג",true,,69.90,69.9000,true,1,156110
7290000066141,false,ביסלי חטיף בטעם גריל אסם 70 גרם,"אסם השקעות בע""\מ",,ביסלי טעם גריל 70 גר,יחידה,0.00,יחידה,false,,4.90,0.0000,true,1,38687
7290000066189,false,ביסלי חטיף בטעם פלאפל אסם 200 גרם,"אסם השקעות בע""\מ",,ביסלי גדול פלאפל 200,גרמים,200.00,100 גרם,false,,8.90,0.0445,true,1,38600
7290000066196,false,ביסלי חטיף בטעם גריל אסם 200 גרם,מיוצר עי קונדיטוריית,,ביסלי גדול טעם גריל,גרמים,200.00,100 גרם,false,,8.90,0.0445,true,1,43656
7290000066295,false,אסם במבה תות מחומרים טבעיים 30גר,מיוצר עי קונדיטוריית,,אסם במבה תות מחומרים,יחידה,0.00,יחידה,false,,3.50,0.0000,true,1,38602
7290000066302,false,שוקחה גבינה אמנטל פר,,,שוקחה גבינה אמנטל פר,קילוגרמים,1.00,"ק""ג",true,,89.00,89.0000,true,1,58444
7290000066318,false,במבה חטיף בוטנים אסם 80 גרם,"אסם השקעות בע""\מ",,במבה 80 גרם,יחידה,0.00,יחידה,false,,4.90,0.0000,true,1,38021
7290000066332,false,אפרופו חטיף תירס אסם 50 גרם,מיוצר עי קונדיטוריית,,אפרופו 50 גרם,יחידה,0.00,יחידה,false,,5.90,0.0000,true,1,38882
7290000066349,false,אפרופו חטיף תירס אסם 100 גרם,מיוצר עי קונדיטוריית,,אפרופו 100 גרם,גרמים,100.00,100 גרם,false,,9.90,0.0990,true,1,38076
7290000066431,false,פופקו חטיף פופקורן בטעם חמאה ודבש אסם 80 גרם,מיוצר עי קונדיטוריית,,פופקו חטיף 80 גרם,יחידה,0.00,יחידה,false,,5.90,0.0000,true,1,38077
7290000066778,false,דנבר סטייק.,,,דנבר סטייק.,קילוגרמים,1.00,"ק""ג",true,,119.90,119.9000,true,1,175313
7290000066779,false,משלוחים בת ים/ראשון,,,איירון סטייק.,קילוגרמים,1.00,"ק""ג",true,,119.90,119.9000,true,1,175314
7290000066783,false,פרגית עוף טרי לתנור,,,פרגית עוף טרי לתנור,קילוגרמים,1.00,"ק""ג",true,,37.90,37.9000,true,1,183750
7290000066784,false,קוקטייל כרעיים עוף ל,,,קוקטייל כרעיים עוף ל,קילוגרמים,1.00,"ק""ג",true,,34.90,34.9000,true,1,183799
7290000066786,false,פרוסות עגל לצליה,,,פרוסות עגל לצליה,קילוגרמים,1.00,"ק""ג",true,,64.90,64.9000,true,1,187743
7290000066787,false,גולש עגל,,,גולש עגל,קילוגרמים,1.00,"ק""ג",true,,64.90,64.9000,true,1,187744
7290000066790,false,בשר בקר טחון טרי.,,,בשר בקר טחון טרי.,קילוגרמים,1.00,"ק""ג",true,,39.90,39.9000,true,1,190241
7290000066791,false,טיבון טלה,,,טיבון טלה,קילוגרמים,1.00,"ק""ג",true,,99.90,99.9000,true,1,192487
7290000066793,false,סטייק פרגית עוף,,,סטייק פרגית עוף,קילוגרמים,1.00,"ק""ג",true,,54.90,54.9000,true,1,192249
7290000066797,false,נתח קצבים טלה.,,,נתח קצבים טלה.,קילוגרמים,1.00,"ק""ג",true,,99.90,99.9000,true,1,193863
7290000066798,false,גרון עוף מקוצב,,,גרון עוף מקוצב,קילוגרמים,1.00,"ק""ג",true,,9.90,9.9000,true,1,194908
7290000066802,false,ספריבס טלה.,,,ספריבס טלה.,קילוגרמים,1.00,"ק""ג",true,,59.90,59.9000,true,1,196263
7290000066807,false,פיקאניה עגלה אנגוס.,,,פיקאניה עגלה אנגוס.,קילוגרמים,1.00,"ק""ג",true,,129.90,129.9000,true,1,196156
7290000067407,false,פרורית מתובלת בשקית 200 גרם,עינת תעשיות מזון אגו,,פירורית מתובל שקית 2,גרמים,200.00,100 גרם,false,,6.90,0.0345,true,1,38820
7290000067544,false,פירורית זהב פירורי לחם אסם 200 גרם,עינת תעשיות מזון אגו,,פירורית זהב שקית 200,גרמים,200.00,100 גרם,false,,6.90,0.0345,true,1,54130
7290000067599,false,אוסם - מנה חמה ספגטי רוטב בולנז 65 גרם,"אסם השקעות בע""\מ",,מנה חמה ספגטי רוטב ב,יחידה,0.00,יחידה,false,,7.90,0.0000,true,1,38078
7290000068001,false,שיפודי פרגית קפוא אר,,,שיפודי פרגית קפוא אר,קילוגרמים,1.00,"ק""ג",true,,59.90,59.9000,true,1,108281
7290000068004,false,מוח כבש דבאח.,,,מוח כבש דבאח.,קילוגרמים,1.00,"ק""ג",true,,79.90,79.9000,true,1,108321
7290000068006,false,צלעות כבש דבאח.,,,צלעות כבש דבאח.,קילוגרמים,1.00,"ק""ג",true,,119.90,119.9000,true,1,108323
7290000068007,false,שקדי כבש דבאח.,,,שקדי כבש דבאח.,קילוגרמים,1.00,"ק""ג",true,,99.90,99.9000,true,1,108324
7290000068008,false,המבורגר על האש דבאח.,,,המבורגר על האש דבאח.,קילוגרמים,1.00,"ק""ג",true,,49.90,49.9000,true,1,108328
7290000068009,false,זנב עגל דבאח.,,,זנב עגל דבאח.,קילוגרמים,1.00,"ק""ג",true,,49.90,49.9000,true,1,108329
7290000068011,false,טחול ממולא דבאח.,,,טחול ממולא דבאח.,קילוגרמים,1.00,"ק""ג",true,,49.90,49.9000,true,1,108331
7290000068012,false,לשון עגל דבאח.,,,לשון עגל דבאח.,קילוגרמים,1.00,"ק""ג",true,,39.90,39.9000,true,1,108332
7290000068013,false,מוח עגל דבאח.,,,מוח עגל דבאח.,קילוגרמים,1.00,"ק""ג",true,,99.90,99.9000,true,1,108333
7290000068014,false,מוח עצם דבאח.,,,מוח עצם דבאח.,קילוגרמים,1.00,"ק""ג",true,,24.90,24.9000,true,1,108334
7290000068015,false,מרגז קפוא דבאח.,,,מרגז קפוא דבאח.,קילוגרמים,1.00,"ק""ג",true,,49.90,49.9000,true,1,108335
7290000068016,false,נקניקיות צ'וריסוס דב,,,נקניקיות צ'וריסוס דב,קילוגרמים,1.00,"ק""ג",true,,49.90,49.9000,true,1,108336
7290000068017,false,קבב ביתי דבאח.,,,קבב ביתי דבאח.,קילוגרמים,1.00,"ק""ג",true,,49.90,49.9000,true,1,108337
7290000068018,false,קבב דבאח.,,,קבב דבאח.,קילוגרמים,1.00,"ק""ג",true,,59.90,59.9000,true,1,108338
7290000068019,false,קציצות הבית דבאח.,,,קציצות הבית דבאח.,קילוגרמים,1.00,"ק""ג",true,,49.90,49.9000,true,1,108339
7290000068020,false,רגליים עגל דבאח.,,,רגליים עגל דבאח.,קילוגרמים,1.00,"ק""ג",true,,29.90,29.9000,true,1,108340
7290000068022,false,שקדי עגל דבאח.,,,שקדי עגל דבאח.,קילוגרמים,1.00,"ק""ג",true,,99.90,99.9000,true,1,111461
7290000068138,false,אינסטנט פודינג בטעם וניל אסם 80 גרם,מיוצר עי קונדיטוריית,,אסם פודינג אינסטנט ו,יחידה,0.00,יחידה,false,,5.50,0.0000,true,1,38022
7290000068190,false,אסם ג'לי תות שדה צבעים טבעיים 90 גרם,מיוצר עי קונדיטוריית,,ג'לי תות 85 גרם,יחידה,0.00,יחידה,false,,6.90,0.0000,true,1,38887
7290000068237,false,אבקה להכנת ג'לי בטעם פטל אסם 85 גרם,מיוצר עי קונדיטוריית,,ג'לי פטל 85 גרם,יחידה,0.00,יחידה,false,,6.90,0.0000,true,1,38888
7290000068343,false,אסם פריכונים פרוסות קלויות מלא,"פרח תעשיות מזון בע""מ.",,פירכונים מאורז מלא 1,גרמים,140.00,100 גרם,false,,8.90,0.0636,true,1,38209
7290000068701,false,אסם שקדי מרק רכיבים טבע.מיכל 400 גרם,"אסם תעשיות בע""מ",,אסם שקדי מרק במיכל 4,גרמים,400.00,100 גרם,false,,16.90,0.0422,true,1,38210
7290000068770,false,במבה יום הולדת חטיף בוטנים אסם 80 גרם,"אסם השקעות בע""\מ",,במבה יום הולדת 80 גר,יחידה,0.00,יחידה,false,,4.90,0.0000,true,1,38211
7290000069364,false,פריכונים מאורז מלא ללא תוספת סוכר אסם 140 גרם,"פרח תעשיות מזון בע""מ.",,פריכונים מאורז מלא ל,גרמים,140.00,100 גרם,false,,8.90,0.0636,true,1,38693
7290000069590,false,"סול ארוז 1ק""ג",,,"סול ארוז 1ק""ג",יחידה,0.00,יחידה,false,,39.90,0.0000,true,1,54711
7290000070145,false,ישרקו דנאבלו,,,ישרקו דנאבלו,קילוגרמים,1.00,"ק""ג",true,,85.00,85.0000,true,1,111233
7290000070308,false,אבקת מרק עוף אמיתי בשרי אסם 400 גרם,"אסם השקעות בע""\מ",,אבקת מרק עוף אמיתי 4,גרמים,400.00,100 גרם,false,,17.90,0.0447,true,1,43660
7290000070322,false,אבקת מרק פטריות רכיבים טבעיים אסם 400 גרם,"אסם השקעות בע""\מ",,מרק פטריות רכיבים טב,גרמים,400.00,100 גרם,false,,25.90,0.0647,true,1,38265
7290000070353,false,אבקת מרק בצל רכיבים טבעיים אסם 400 גרם,"אסם השקעות בע""\מ",,מרק בצל רכיבים טבעיי,גרמים,400.00,100 גרם,false,,25.90,0.0647,true,1,38607
7290000070711,false,"מרק בצל 1 ק""ג",,,"מרק בצל 1 ק""ג",קילוגרמים,1.00,"ק""ג",false,,59.90,59.9000,true,1,188607
7290000071008,false,אוסם - בייגלה שטוחים מלח 60 גרם,"אסם השקעות בע""\מ",,בייגלה אסם שטוחים מל,יחידה,0.00,יחידה,false,,4.50,0.0000,true,1,104762
7290000072067,false,במבה חטיף בוטנים במילוי קרם חלבה 60 גרם,מיוצר עי קונדיטוריית,,במבה במילוי קרם חלבה,יחידה,0.00,יחידה,false,,4.90,0.0000,true,1,38609
7290000072241,false,"רוטב פיצה 290 מ""ל-בקבוק","אסם השקעות בע""\מ",,רוטב פיצה-בקבוק 290,מיליליטרים,290.00,"100 מ""ל",false,,9.90,0.0341,true,1,26407
7290000072547,false,כיס פרלין פרימיום,,,כיס פרלין פרימיום,קילוגרמים,1.00,"ק""ג",true,,49.90,49.9000,true,1,105271
7290000072623,false,קטשופ אסם בקבוק לחיץ 750 גרם,"אסם השקעות בע""מ",,אסם קטשופ 750 גרם,גרמים,750.00,100 גרם,false,,11.90,0.0159,true,1,26408
7290000072630,false,קטשופ אסם חריף 750 גרם-בקבוק,"אסם השקעות בע""מ",,קטשופ חריף 750 גרם,גרמים,750.00,100 גרם,false,,14.90,0.0199,true,1,26243
7290000072753,false,קפה נמס מגורען טסטרס צ'ויס 200 גרם-,לוטה נסטלה קוריאה,,טייסטרס צויס 200 גרם,גרמים,200.00,100 גרם,false,,31.90,0.1595,true,1,38611
7290000072760,false,נסקפה טייסטרס צויס 100 גר אוריגנל,נסטלה קוריאה - קפה,,טייסטרס צויס 100 גרם,יחידה,0.00,יחידה,false,,25.90,0.0000,true,1,38218
7290000072777,false,קפה נמס מגורען נטול קפאין טסטרס צ'ויס 200 גרם,לוטה נסטלה קוריאה,,טייסטרס צויס נטול קפ,גרמים,200.00,100 גרם,false,,39.90,0.1995,true,1,38892
7290000072784,false,קפה טייסטר צויס נטול קופאין 100 גר',נסטלה קוריאה - קפה,,טייסטרס צויס נטול קפ,יחידה,0.00,יחידה,false,,26.90,0.0000,true,1,38824
7290000072968,false,דגני בוקר סיני מיניס חיטה מלאה וקינמון נסטלה 500 גרם,נסטלה פולין דגני בוק,,סיני מיניס 500 גרם,גרמים,500.00,100 גרם,false,,26.90,0.0538,true,1,38696
7290000073415,false,אוסם - מנה חמה פסטה ברוטב פיצה 61 גרם,"אסם השקעות בע""\מ",,מנה חמה פסטה ברוטב פ,יחידה,0.00,יחידה,false,,7.90,0.0000,true,1,39239
7290000073699,false,סלט חומוס סלטי צבר 1,סלטי צבר,,צבר חומוס חלק 150 גר,גרמים,150.00,100 גרם,false,,5.50,0.0367,true,1,58971
7290000073750,false,מנה חמה נודלס אטר+ירקות טעם עוף 70 גרם,PUB FOODS PRESIDENT THAI,,מנה חמה נודלס ט.עוף,יחידה,0.00,יחידה,false,,7.90,0.0000,true,1,38612
7290000073767,false,מנה חמה נודלס אטר.+ירקות טעם בקר 70 גרם,PUB FOODS PRESIDENT THAI,,מנה חמה נודלס ט.בקר,יחידה,0.00,יחידה,false,,7.90,0.0000,true,1,38893
7290000073774,false,מנה חמה נודלס אטר+ירקות טעם צילי 70 גרם,טאי רזידנט,,מנה חמה נודלס טעם צי,יחידה,0.00,יחידה,false,,7.90,0.0000,true,1,38698
7290000074153,false,ביסקוויט פתי בר שוקולד אסם 500 גרם,מיוצר עי קונדיטוריית,,אסם פתי בר שוקו 500,גרמים,500.00,100 גרם,false,,14.90,0.0298,true,1,38221
7290000074184,false,אוסם - פתי בר בינוני 500 גרם,"אסם השקעות בע""\מ",,אסם פתי בר בינוני 50,גרמים,500.00,100 גרם,false,,11.90,0.0238,true,1,43663
7290000074245,false,אוסם - קרם קרקר אסם 250 גרם,"אסם השקעות בע""\מ",,קרם קרקר אסם 250 גרם,גרמים,250.00,100 גרם,false,,9.90,0.0396,true,1,38615
7290000074252,false,קרקר שומשון אסם 250 גרם,"אסם השקעות בע""\מ",,קרקר אסם שומשום 250,גרמים,250.00,100 גרם,false,,9.90,0.0396,true,1,39241
7290000074276,false,קרקר פיקנטי טבעון 250 ג' אסם,"אסם השקעות בע""\מ",,טבעון קרקר פיקנטי 25,גרמים,250.00,100 גרם,false,,10.90,0.0436,true,1,38825
7290000074375,false,אוסם - קרקר זהב 150 גרם,"אסם השקעות בע""\מ",,קרקר זהב 150 גרם,גרמים,150.00,100 גרם,false,,7.90,0.0527,true,1,38616
7290000074406,false,יורוציז דנאבלו גבוה,,,יורוציז דנאבלו גבוה,קילוגרמים,1.00,"ק""ג",true,,80.00,80.0000,true,1,108171
7290000074481,false,לחמית אגוזים אסם 160 גרם,"אסם השקעות בע""\מ",,לחמית אגוזים 160 גרם,גרמים,160.00,100 גרם,false,,11.90,0.0744,true,1,38271
7290000074696,false,"קרם קרקר 1 ק""ג אוסם","אסם השקעות בע""\מ",,"קרם קרקר 1 ק""ג",יחידה,0.00,יחידה,false,,29.90,0.0000,true,1,38617
7290000074764,false,קרקר הזהב אסם 900 גרם,"אסם השקעות בע""\מ",,קרקר זהב 900 גרם,גרמים,900.00,100 גרם,false,,29.90,0.0332,true,1,38829
7290000075204,false,אוסם - לחמית חיטה מלאה 250 גרם,"אסם השקעות בע""\מ",,לחמית חיטה מלאה 250,גרמים,250.00,100 גרם,false,,9.90,0.0396,true,1,43667
7290000075693,false,עוגת הבית שמרים בריוש שוקולד אסם 360 גרם,מיוצר עי קונדיטוריית,,עוגת שמרים בריוש שוק,גרמים,360.00,100 גרם,false,,17.90,0.0497,true,1,39067
7290000076126,false,אוסם - בייגלה שמיניות קטנות 80 גרם,"אסם השקעות בע""\מ",,בייגלה אסם שמיניות ק,יחידה,0.00,יחידה,false,,4.50,0.0000,true,1,104763
7290000076133,false,בייגלה שמיניות קטנות עם מלח אסם 400 גרם,"אסם השקעות בע""\מ",,בייגלה אסם שמיניות ק,גרמים,400.00,100 גרם,false,,10.90,0.0273,true,1,38620
7290000076208,false,ברי פקאן משולש גד במ,,,גד ברי פקאן משולשים,קילוגרמים,1.00,"ק""ג",true,,149.00,149.0000,true,1,58460
7290000077017,false,עוגיות קרמוגית במילוי קרם שוקולד אסם 200 גרם,מיוצר עי קונדיטוריית,,קרמוגית במילוי שוקול,גרמים,200.00,100 גרם,false,,11.90,0.0595,true,1,38832
7290000077253,false,אוסם - לחמית כפרית עם דגנים מלאים 190 גרם,"אסם השקעות בע""\מ",,לחמית כפרית עם דגנים,גרמים,190.00,100 גרם,false,,11.90,0.0626,true,1,38833
7290000077925,false,אסם טוסטים צנימים עגולים חטה.מלא 125 גרם,ון דר מולן האלום,,טוסטעים עגול חיטה מל,גרמים,125.00,100 גרם,false,,10.90,0.0872,true,1,38725
7290000078212,false,קרוטונים מתובלים למרק אסם 250 גרם,עינת תעשיות מזון אגו,,קרוטונים מתובלים 250,גרמים,250.00,100 גרם,false,,15.90,0.0636,true,1,38726
7290000078762,false,אוסם - חטיפי פריכונים מאורז מלא בטעם דבש 80גר,סנורייס בלגיום אן. ו,,חטיפי פריכונים מאורז,יחידה,0.00,יחידה,false,,7.90,0.0000,true,1,38834
7290000079233,false,קרם קרקר דיאטטי דל נתרן 250 גרם,"אסם תעשיות בע""מ",,קרם דל נתרן 250 גרם,גרמים,250.00,100 גרם,false,,10.90,0.0436,true,1,38836
7290000079603,false,פטה עיזים מעודנת 5%,,,פטה עיזים מעודנת 5%,קילוגרמים,1.00,"ק""ג",true,,150.00,150.0000,true,1,173547
7290000080758,false,אוסם - טוסטעים פת קלוי 100 גרם,ון דר מולן האלום,,טוסטעים פת קלוי,יחידה,0.00,יחידה,false,,10.90,0.0000,true,1,38278
7290000080765,false,טוסטעים פת קלויה עם שומשום אסם 100 גרם,ון דר מולן האלום,,טוסטעים + שומשום,יחידה,0.00,יחידה,false,,10.90,0.0000,true,1,38279
7290000081663,false,"בייגלה טבעות שומשום אסם 300 גרם בד""ץ",מיוצר עי קונדיטוריית,,בייגלה אסם טבעות שומ,גרמים,300.00,100 גרם,false,,10.90,0.0363,true,1,39246
7290000081825,false,מס 5 מוכשר,,,מס 5 מוכשר,קילוגרמים,1.00,"ק""ג",true,,74.90,74.9000,true,1,173404
7290000082355,false,צ'דר טריפל,,,צ'דר טריפל,קילוגרמים,1.00,"ק""ג",true,,140.00,140.0000,true,1,132285
7290000082393,false,ברס בלו,,,ברס בלו,קילוגרמים,1.00,"ק""ג",true,,200.00,200.0000,true,1,146072
7290000085196,false,רוקפור גליל גד מע,,,גד רוקפור גליל,קילוגרמים,1.00,"ק""ג",true,,145.00,145.0000,true,1,56825
7290000085455,false,גד בולגרית מעודנת 24,,,גד בולגרית מעודנת 24,קילוגרמים,1.00,"ק""ג",true,,65.00,65.0000,true,1,90778
7290000085738,false,גד מנצגו משולשים,,,גד מנצגו משולשים,קילוגרמים,1.00,"ק""ג",true,,160.00,160.0000,true,1,58481
7290000085745,false,גד פקורינו משולשים,,,גד פקורינו משולשים,קילוגרמים,1.00,"ק""ג",true,,160.00,160.0000,true,1,56834
7290000089274,false,נקניק מעושן מעדנייה,,,כפיר מעושנת נקניק,קילוגרמים,1.00,"ק""ג",true,,50.00,50.0000,true,1,58486
7290000092247,false,גבינת חלומי גד,,,גבינת חלומי גד,קילוגרמים,1.00,"ק""ג",true,,120.00,120.0000,true,1,122550
7290000092667,false,גד בולגרית מסורתית,,,גד בולגרית מסורתית,קילוגרמים,1.00,"ק""ג",true,,65.00,65.0000,true,1,62807
7290000092872,false,גד צפתית רכה במים מל,,,גד צפתית רכה במים מל,קילוגרמים,1.00,"ק""ג",true,,70.00,70.0000,true,1,58498
7290000092889,false,גד גבינת שמנת שמיר 3,,,גד גבינת שמנת שמיר 3,קילוגרמים,1.00,"ק""ג",true,,50.00,50.0000,true,1,58499
7290000092902,false,גד גבינת שמנת ירקות,,,גד גבינת שמנת ירקות,קילוגרמים,1.00,"ק""ג",true,,50.00,50.0000,true,1,58501
7290000092957,false,גד פטה עיזים מסורתי,,,גד פטה עיזים מסורתי,קילוגרמים,1.00,"ק""ג",true,,125.00,125.0000,true,1,58503
7290000092964,false,גד פטה כבש,,,גד פטה כבש,קילוגרמים,1.00,"ק""ג",true,,109.00,109.0000,true,1,58504
7290000095050,false,יורוציז מאסדם פריסלנ,,,יורוציז מאסדם פריסלנ,קילוגרמים,1.00,"ק""ג",true,,89.00,89.0000,true,1,108157
7290000095081,false,יורוציז גאודה פריסלנ,,,יורוציז גאודה פריסלנ,קילוגרמים,1.00,"ק""ג",true,,89.00,89.0000,true,1,108158
7290000095408,false,נעם 28% חריץ מעדניה,,,"נעם גבנ""צ 28% שקיל",קילוגרמים,1.00,"ק""ג",true,,44.79,44.7900,true,1,194594
7290000095415,false,נעם 9% חריץ מעדניה-,,,"נעם גבנ""צ 9%",קילוגרמים,1.00,"ק""ג",true,,85.00,85.0000,true,1,194664
7290000095422,false,גבינת נועם 22% חריץ,,,"נעם גבנ""צ 22%",קילוגרמים,1.00,"ק""ג",true,,42.58,42.5800,true,1,65332
7290000100410,false,מאפה מלוח,,,מאפה מלוח,קילוגרמים,1.00,"ק""ג",true,,39.90,39.9000,true,1,58261
7290000100593,false,פרוסות אנטיפסטי לתנור סנפרוסט 600 גרם,"סנפרוסט בע""\מ",,פרוסות אנטיפסטי לתנו,יחידה,0.00,יחידה,false,,19.90,0.0000,true,1,165216
7290000100615,false,5 יח' חליות לחמניו,,,עוגיות קוקיס,קילוגרמים,1.00,"ק""ג",true,,49.90,49.9000,true,1,132137
7290000101000,false,קבוקים,,,קבוקים,קילוגרמים,1.00,"ק""ג",true,,30.00,30.0000,true,1,32298
7290000101001,false,בוטנים קלוי,,,בוטנים קלוי,קילוגרמים,1.00,"ק""ג",true,,40.00,40.0000,true,1,31889
7290000101002,false,שקד עם קליפה קלוי,,,שקד עם קליפה קלוי,קילוגרמים,1.00,"ק""ג",true,,50.00,50.0000,true,1,44357
7290000101003,false,חומוס קלוי,,,חומוס קלוי,קילוגרמים,1.00,"ק""ג",true,,30.00,30.0000,true,1,32302
7290000101004,false,שקדים קלוי,,,שקדים קלוי,קילוגרמים,1.00,"ק""ג",true,,70.00,70.0000,true,1,44390
7290000101005,false,תערובת אקסטרא,,,תערובת אקסטרא,קילוגרמים,1.00,"ק""ג",true,,70.00,70.0000,true,1,44524
7290000101006,false,בונדוק קלוי,,,בונדוק קלוי,קילוגרמים,1.00,"ק""ג",true,,70.00,70.0000,true,1,31890
7290000101008,false,קשיו קלוי,,,קשיו קלוי,קילוגרמים,1.00,"ק""ג",true,,70.00,70.0000,true,1,44359
7290000101009,false,גרעינים לבנים קלוי,,,גרעינים לבנים קלוי,קילוגרמים,1.00,"ק""ג",true,,40.00,40.0000,true,1,44421
7290000101010,false,"שקית אל- בד ""שפע ברכת השם""",,,בוטנים עם קליפה קלוי,קילוגרמים,1.00,"ק""ג",true,,25.00,25.0000,true,1,44360
7290000101011,false,פול קלוי,,,פול קלוי,קילוגרמים,1.00,"ק""ג",true,,50.00,50.0000,true,1,44835
7290000101012,false,פיסטוק חלבי קלוי,,,פיסטוק חלבי קלוי,קילוגרמים,1.00,"ק""ג",true,,70.00,70.0000,true,1,34579
7290000101013,false,גרעיני דבאח,,,גרעיני דבאח,קילוגרמים,1.00,"ק""ג",true,,20.00,20.0000,true,1,44836
7290000101014,false,אגוז פקאן קלוי,,,אגוז פקאן קלוי,קילוגרמים,1.00,"ק""ג",true,,80.00,80.0000,true,1,44391
7290000101016,false,בוטן אמריקאי,,,בוטן אמריקאי,קילוגרמים,1.00,"ק""ג",true,,30.00,30.0000,true,1,32300
7290000101017,false,פיסטוק חלבי מקולף,,,פיסטוק חלבי מקולף,קילוגרמים,1.00,"ק""ג",true,,150.00,150.0000,true,1,34606
7290000101018,false,פקאן סיני מסוכר,,,פקאן סיני מסוכר,קילוגרמים,1.00,"ק""ג",true,,100.00,100.0000,true,1,44579
7290000101021,false,אגוז מלך,,,אגוז מלך,קילוגרמים,1.00,"ק""ג",true,,50.00,50.0000,true,1,33965
7290000101022,false,פקאן טבעי,,,פקאן טבעי,קילוגרמים,1.00,"ק""ג",true,,80.00,80.0000,true,1,44580
7290000101024,false,אגוז ברזילאי,,,אגוז ברזילאי,קילוגרמים,1.00,"ק""ג",true,,80.00,80.0000,true,1,44581
7290000101025,false,שקד טבעי,,,שקד טבעי,קילוגרמים,1.00,"ק""ג",true,,60.00,60.0000,true,1,44361
7290000101026,false,שקד חצאים,,,שקד חצאים,קילוגרמים,1.00,"ק""ג",true,,60.00,60.0000,true,1,31898
7290000101027,false,שקד חתוך גפרורים,,,שקד חתוך גפרורים,קילוגרמים,1.00,"ק""ג",true,,60.00,60.0000,true,1,31899
7290000101028,false,שקד פרוסות,,,שקד פרוסות,קילוגרמים,1.00,"ק""ג",true,,60.00,60.0000,true,1,44393
7290000101030,false,שעועית לבנה,,,שעועית לבנה,קילוגרמים,1.00,"ק""ג",true,,10.00,10.0000,true,1,44582
7290000101031,false,פול ירוק,,,פול ירוק,קילוגרמים,1.00,"ק""ג",true,,15.00,15.0000,true,1,44394
7290000101032,false,שיבולת שועל עבה,,,שיבולת שועל עבה,קילוגרמים,1.00,"ק""ג",true,,10.00,10.0000,true,1,31904
7290000101033,false,עדשים אוסטרלים,,,עדשים אוסטרלים,קילוגרמים,1.00,"ק""ג",true,,10.00,10.0000,true,1,44395
7290000101034,false,שעועית שחורה,,,שעועית שחורה,קילוגרמים,1.00,"ק""ג",true,,15.00,15.0000,true,1,44525
7290000101035,false,עדשים קנדי גדול,,,עדשים קנדי גדול,קילוגרמים,1.00,"ק""ג",true,,10.00,10.0000,true,1,44642
7290000101036,false,חמנייה מקולפת,,,חמנייה מקולפת,קילוגרמים,1.00,"ק""ג",true,,25.00,25.0000,true,1,31900
7290000101037,false,גרעיני דלעת מקולפת,,,גרעיני דלעת מקולפת,קילוגרמים,1.00,"ק""ג",true,,40.00,40.0000,true,1,31902
7290000101039,false,עדשים אדומות,,,עדשים אדומות,קילוגרמים,1.00,"ק""ג",true,,10.00,10.0000,true,1,44423
7290000101040,false,שומשום אדום טורקי,,,שומשום אדום טורקי,קילוגרמים,1.00,"ק""ג",true,,20.00,20.0000,true,1,44470
7290000101041,false,בורגול דק,,,בורגול דק,קילוגרמים,1.00,"ק""ג",true,,7.00,7.0000,true,1,44526
7290000101042,false,בורגול בנוני,,,בורגול בנוני,קילוגרמים,1.00,"ק""ג",true,,7.00,7.0000,true,1,44424
7290000101043,false,פטריות שמפניון,סודות המזרח,,שעועית מאש,קילוגרמים,1.00,"ק""ג",true,,15.00,15.0000,true,1,34580
7290000101044,false,עדשים קנדי קטן,,,עדשים קנדי קטן,קילוגרמים,1.00,"ק""ג",true,,10.00,10.0000,true,1,44396
7290000101045,false,פשתן,,,פשתן,קילוגרמים,1.00,"ק""ג",true,,10.00,10.0000,true,1,31906
7290000101047,false,קוקוס טחון,,,קוקוס טחון,קילוגרמים,1.00,"ק""ג",true,,25.00,25.0000,true,1,32295
7290000101048,false,לוביה,,,לוביה,קילוגרמים,1.00,"ק""ג",true,,15.00,15.0000,true,1,31901
7290000101049,false,שעועית אדומה,,,שעועית אדומה,קילוגרמים,1.00,"ק""ג",true,,15.00,15.0000,true,1,44583
7290000101050,false,קינואה לבנה,,,קינואה לבנה,קילוגרמים,1.00,"ק""ג",true,,20.00,20.0000,true,1,44362
7290000101051,false,קינמון שלם,,,קינמון שלם,קילוגרמים,1.00,"ק""ג",true,,30.00,30.0000,true,1,44398
7290000101052,false,שום פרוס פליקס,,,שום פרוס פליקס,קילוגרמים,1.00,"ק""ג",true,,40.00,40.0000,true,1,44643
7290000101053,false,תבלין פלאפל,,,תבלין פלאפל,קילוגרמים,1.00,"ק""ג",true,,50.00,50.0000,true,1,44425
7290000101054,false,תבלין על האש,,,תבלין על האש,קילוגרמים,1.00,"ק""ג",true,,60.00,60.0000,true,1,44471
7290000101055,false,פלפל שחור גרוס,,,פלפל שחור גרוס,קילוגרמים,1.00,"ק""ג",true,,60.00,60.0000,true,1,44838
7290000101056,false,אבקת עמבה,,,אבקת עמבה,קילוגרמים,1.00,"ק""ג",true,,40.00,40.0000,true,1,44472
7290000101057,false,תבלין שווארמה,,,תבלין שווארמה,קילוגרמים,1.00,"ק""ג",true,,60.00,60.0000,true,1,44426
7290000101058,false,תבלין אורז רגיל,,,תבלין אורז רגיל,קילוגרמים,1.00,"ק""ג",true,,100.00,100.0000,true,1,44584
7290000101059,false,אגוז מוסקט טחון,,,אגוז מוסקט טחון,קילוגרמים,1.00,"ק""ג",true,,100.00,100.0000,true,1,44644
7290000101060,false,פלפל שחור טחון,,,פלפל שחור טחון,קילוגרמים,1.00,"ק""ג",true,,50.00,50.0000,true,1,44363
7290000101061,false,פלפל סודני גרוס,,,פלפל סודני גרוס,קילוגרמים,1.00,"ק""ג",true,,40.00,40.0000,true,1,44645
7290000101062,false,זנגביל טחון,,,זנגביל טחון,קילוגרמים,1.00,"ק""ג",true,,60.00,60.0000,true,1,44399
7290000101063,false,גריל עוף,,,גריל עוף,קילוגרמים,1.00,"ק""ג",true,,60.00,60.0000,true,1,44527
7290000101064,false,היל שלם קלוי,,,היל טחון,קילוגרמים,1.00,"ק""ג",true,,150.00,150.0000,true,1,31888
7290000101066,false,כמון טחון,,,כמון טחון,קילוגרמים,1.00,"ק""ג",true,,50.00,50.0000,true,1,32304
7290000101067,false,אגוז מוסקט שלם,,,אגוז מוסקט שלם,קילוגרמים,1.00,"ק""ג",true,,120.00,120.0000,true,1,44400
7290000101068,false,תבלין ירקות בתנור,,,תבלין ירקות בתנור,קילוגרמים,1.00,"ק""ג",true,,60.00,60.0000,true,1,44401
7290000101070,false,עגבניות שרי אשכולות,יושלם,,כורכום טחון,קילוגרמים,1.00,"ק""ג",true,,30.00,30.0000,true,1,44474
7290000101071,false,"חורנג""אן",,,"חורנג""אן",קילוגרמים,1.00,"ק""ג",true,,100.00,100.0000,true,1,44840
7290000101072,false,פרג שלם,,,פרג שלם,קילוגרמים,1.00,"ק""ג",true,,40.00,40.0000,true,1,44646
7290000101073,false,ציפורן שלם,,,ציפורן שלם,קילוגרמים,1.00,"ק""ג",true,,120.00,120.0000,true,1,44427
7290000101074,false,פלפל אנגלי טחון,,,פלפל אנגלי טחון,קילוגרמים,1.00,"ק""ג",true,,60.00,60.0000,true,1,44528
7290000101076,false,תבלין לפיצה,,,תבלין לפיצה,קילוגרמים,1.00,"ק""ג",true,,50.00,50.0000,true,1,44429
7290000101077,false,רוזמרין,,,רוזמרין,קילוגרמים,1.00,"ק""ג",true,,50.00,50.0000,true,1,44647
7290000101078,false,"קמומיל בבונג""",,,"קמומיל בבונג""",קילוגרמים,1.00,"ק""ג",true,,100.00,100.0000,true,1,44402
7290000101079,false,פלפל סודני שלם,,,פלפל סודני שלם,קילוגרמים,1.00,"ק""ג",true,,40.00,40.0000,true,1,44475
7290000101080,false,קינמון טחון,,,קינמון טחון,קילוגרמים,1.00,"ק""ג",true,,50.00,50.0000,true,1,44529
7290000101081,false,שום גבישי,,,שום גבישי,קילוגרמים,1.00,"ק""ג",true,,40.00,40.0000,true,1,44364
7290000101082,false,קימל שלם,,,קימל שלם,קילוגרמים,1.00,"ק""ג",true,,40.00,40.0000,true,1,44841
7290000101083,false,כוסברה טחונה,,,כוסברה טחונה,קילוגרמים,1.00,"ק""ג",true,,50.00,50.0000,true,1,44476
7290000101084,false,פפריקה חריפה,,,פפריקה חריפה,קילוגרמים,1.00,"ק""ג",true,,40.00,40.0000,true,1,44403
7290000101085,false,פלפל לבן טחון,,,פלפל לבן טחון,קילוגרמים,1.00,"ק""ג",true,,100.00,100.0000,true,1,44530
7290000101086,false,קארי,,,קארי,קילוגרמים,1.00,"ק""ג",true,,40.00,40.0000,true,1,44531
7290000101087,false,קצח,,,קצח,קילוגרמים,1.00,"ק""ג",true,,30.00,30.0000,true,1,44648
7290000101088,false,עלי מרווה,,,עלי מרווה,קילוגרמים,1.00,"ק""ג",true,,100.00,100.0000,true,1,44532
7290000101089,false,עלי נענע,,,עלי נענע,קילוגרמים,1.00,"ק""ג",true,,100.00,100.0000,true,1,44842
7290000101090,false,פלפל ארבעת העונות,,,פלפל ארבעת העונות,קילוגרמים,1.00,"ק""ג",true,,120.00,120.0000,true,1,44585
7290000101091,false,בהרט,,,בהרט,קילוגרמים,1.00,"ק""ג",true,,70.00,70.0000,true,1,44533
7290000101093,false,תבלין פילדלפיה,,,תבלין פילדלפיה,קילוגרמים,1.00,"ק""ג",true,,60.00,60.0000,true,1,44843
7290000101094,false,ינסון שלם,,,ינסון שלם,קילוגרמים,1.00,"ק""ג",true,,50.00,50.0000,true,1,44534
7290000101095,false,זעתר בלדי,,,זעתר בלדי,קילוגרמים,1.00,"ק""ג",true,,50.00,50.0000,true,1,44404
7290000101096,false,כוסברה שלמה,,,כוסברה שלמה,קילוגרמים,1.00,"ק""ג",true,,30.00,30.0000,true,1,44649
7290000101097,false,תבלין צ'יקן,,,"תבלין צ""יקן",קילוגרמים,1.00,"ק""ג",true,,50.00,50.0000,true,1,44405
7290000101098,false,גריל דג,,,גריל דג,קילוגרמים,1.00,"ק""ג",true,,60.00,60.0000,true,1,44586
7290000101099,false,ציפורן טחון,,,ציפורן טחון,קילוגרמים,1.00,"ק""ג",true,,110.00,110.0000,true,1,44430
7290000101101,false,היל שלם גמבו,,,היל שלם גמבו,קילוגרמים,1.00,"ק""ג",true,,200.00,200.0000,true,1,44844
7290000101102,false,ראס אלחנות,,,ראס אלחנות,קילוגרמים,1.00,"ק""ג",true,,100.00,100.0000,true,1,44478
7290000101104,false,היל שלם גמבו,,,היל שלם גמבו,קילוגרמים,1.00,"ק""ג",true,,150.00,150.0000,true,1,44650
7290000101106,false,פפריקה מתוקה בשמן,,,פפריקה מתוקה בשמן,קילוגרמים,1.00,"ק""ג",true,,40.00,40.0000,true,1,44431
7290000101107,false,תבלין קבב,,,תבלין קבב,קילוגרמים,1.00,"ק""ג",true,,100.00,100.0000,true,1,44432
7290000101108,false,פלפל אנגלי שלם,,,פלפל אנגלי שלם,קילוגרמים,1.00,"ק""ג",true,,60.00,60.0000,true,1,32306
7290000101109,false,אורגנו,,,אורגנו,קילוגרמים,1.00,"ק""ג",true,,40.00,40.0000,true,1,44365
7290000101110,false,טימין,,,טימין,קילוגרמים,1.00,"ק""ג",true,,80.00,80.0000,true,1,44406
7290000101114,false,תרומה לבית אלמוג שיל,,,עלי מיורן,קילוגרמים,1.00,"ק""ג",true,,80.00,80.0000,true,1,44480
7290000101117,false,בזיליקום,,,בזיליקום,קילוגרמים,1.00,"ק""ג",true,,70.00,70.0000,true,1,44587
7290000101118,false,זנגביל שלם,,,זנגביל שלם,קילוגרמים,1.00,"ק""ג",true,,60.00,60.0000,true,1,44434
7290000101119,false,חילבה שלם,,,חילבה שלם,קילוגרמים,1.00,"ק""ג",true,,30.00,30.0000,true,1,44366
7290000101120,false,כמון שלם,,,כמון שלם,קילוגרמים,1.00,"ק""ג",true,,50.00,50.0000,true,1,44367
7290000101121,false,פלפל שחור שלם,,,פלפל שחור שלם,קילוגרמים,1.00,"ק""ג",true,,40.00,40.0000,true,1,44536
7290000101123,false,מלח לימון,,,מלח לימון,קילוגרמים,1.00,"ק""ג",true,,20.00,20.0000,true,1,44481
7290000101125,false,עדשים שחורות,,,עדשים שחורות,קילוגרמים,1.00,"ק""ג",true,,15.00,15.0000,true,1,34588
7290000101127,false,חומוס,,,חומוס,קילוגרמים,1.00,"ק""ג",true,,10.00,10.0000,true,1,44482
7290000101128,false,אפונה חצאים,,,אפונה חצאים,קילוגרמים,1.00,"ק""ג",true,,10.00,10.0000,true,1,31903
7290000101129,false,שומשום לבן,,,שומשום לבן,קילוגרמים,1.00,"ק""ג",true,,20.00,20.0000,true,1,31907
7290000101131,false,כוסמת חומה,,,כוסמת חומה,קילוגרמים,1.00,"ק""ג",true,,15.00,15.0000,true,1,34583
7290000101135,false,פול מצרי קטן,,,פול מצרי קטן,קילוגרמים,1.00,"ק""ג",true,,7.00,7.0000,true,1,44653
7290000101136,false,שעועית בובס,,,שעועית בובס,קילוגרמים,1.00,"ק""ג",true,,15.00,15.0000,true,1,31905
7290000101137,false,תאנים,,,תאנים,קילוגרמים,1.00,"ק""ג",true,,50.00,50.0000,true,1,34589
7290000101139,false,משמש,,,משמש,קילוגרמים,1.00,"ק""ג",true,,50.00,50.0000,true,1,44537
7290000101140,false,צימוק גדול ג'מבו,,,צימוק גדול ג'מבו,קילוגרמים,1.00,"ק""ג",true,,50.00,50.0000,true,1,34587
7290000101142,false,תערובת אורז מרקש,,,תערובת אורז מרקש,קילוגרמים,1.00,"ק""ג",true,,69.00,69.0000,true,1,34585
7290000101145,false,תערובת אורז מדרס,,,תערובת אורז מדרס,קילוגרמים,1.00,"ק""ג",true,,70.00,70.0000,true,1,44655
7290000101146,false,זנגביל דל סוכר,,,זנגביל דל סוכר,קילוגרמים,1.00,"ק""ג",true,,50.00,50.0000,true,1,34581
7290000101148,false,מלח אטלנטי מתובל,,,מלח אטלנטי מתובל,קילוגרמים,1.00,"ק""ג",true,,50.00,50.0000,true,1,44656
7290000101150,false,חליטת פירות יער,,,חליטת פירות יער,קילוגרמים,1.00,"ק""ג",true,,70.00,70.0000,true,1,44539
7290000101151,false,תבלין סלט יווני,,,תבלין סלט יווני,קילוגרמים,1.00,"ק""ג",true,,70.00,70.0000,true,1,44409
7290000101153,false,קיווי מסוכר,,,קיווי מסוכר,קילוגרמים,1.00,"ק""ג",true,,50.00,50.0000,true,1,44484
7290000101156,false,אפונה מטוגנת,,,אפונה מטוגנת,קילוגרמים,1.00,"ק""ג",true,,30.00,30.0000,true,1,44658
7290000101157,false,תבלין שניצל,,,תבלין שניצל,קילוגרמים,1.00,"ק""ג",true,,60.00,60.0000,true,1,44846
7290000101159,false,פריקה,,,פריקה,קילוגרמים,1.00,"ק""ג",true,,15.00,15.0000,true,1,44590
7290000101161,false,תבלין חוויאג' למרק,,,"תבלין חוויאג"" למרק",קילוגרמים,1.00,"ק""ג",true,,50.00,50.0000,true,1,44591
7290000101163,false,מחלב,,,מחלב,קילוגרמים,1.00,"ק""ג",true,,200.00,200.0000,true,1,44369
7290000101165,false,תבלין קובה,,,תבלין קובה,קילוגרמים,1.00,"ק""ג",true,,70.00,70.0000,true,1,44540
7290000101167,false,קשיו טבעי,,,קשיו טבעי,קילוגרמים,1.00,"ק""ג",true,,60.00,60.0000,true,1,44370
7290000101168,false,פיסטוק חלבי טבעי,,,פיסטוק חלבי טבעי,קילוגרמים,1.00,"ק""ג",true,,60.00,60.0000,true,1,44593
7290000101169,false,גרעינים שחורים טבעי,,,גרעינים שחורים טבעי,קילוגרמים,1.00,"ק""ג",true,,15.00,15.0000,true,1,44438
7290000101173,false,עלי דפנה,,,עלי דפנה,קילוגרמים,1.00,"ק""ג",true,,50.00,50.0000,true,1,44410
7290000101175,false,גרעיני אבטיח קלוי,,,גרעיני אבטיח מלוח,קילוגרמים,1.00,"ק""ג",true,,50.00,50.0000,true,1,44660
7290000101176,false,כוכבי אניס,,,כוכבי אניס,קילוגרמים,1.00,"ק""ג",true,,120.00,120.0000,true,1,44847
7290000101177,false,חיטה לחמין,,,חיטה לחמין,קילוגרמים,1.00,"ק""ג",true,,10.00,10.0000,true,1,44661
7290000101179,false,קינמון שלם עגול 8 סמ,,,קינמון שלם עגול 8 סמ,קילוגרמים,1.00,"ק""ג",true,,50.00,50.0000,true,1,44372
7290000101180,false,אבקת שום,,,אבקת שום,קילוגרמים,1.00,"ק""ג",true,,40.00,40.0000,true,1,44486
7290000101184,false,מנצ'יס,,,מנצ'יס,קילוגרמים,1.00,"ק""ג",true,,30.00,30.0000,true,1,44848
7290000101186,false,לימון פרסי כהה,,,לימון פרסי כהה,קילוגרמים,1.00,"ק""ג",true,,80.00,80.0000,true,1,44411
7290000101197,false,"צ""אי מסאלה",,,"צ""אי מסאלה",קילוגרמים,1.00,"ק""ג",true,,100.00,100.0000,true,1,44413
7290000101198,false,מלח ים אטלנטי,,,מלח ים אטלנטי,קילוגרמים,1.00,"ק""ג",true,,40.00,40.0000,true,1,73892
7290000101200,false,תבלין לחמוצים,,,תבלין לחמוצים,קילוגרמים,1.00,"ק""ג",true,,70.00,70.0000,true,1,44487
7290000101201,false,סודה לשתייה,,,סודה לשתייה,קילוגרמים,1.00,"ק""ג",true,,10.00,10.0000,true,1,34605
7290000101205,false,חומוס ענק,,,חומוס ענק,קילוגרמים,1.00,"ק""ג",true,,15.00,15.0000,true,1,44443
7290000101206,false,תערובת גרמסלה,,,תערובת גרמסלה,קילוגרמים,1.00,"ק""ג",true,,80.00,80.0000,true,1,44596
7290000101207,false,תערובת אורז סיני,,,תערובת אורז סיני,קילוגרמים,1.00,"ק""ג",true,,70.00,70.0000,true,1,44414
7290000101208,false,תערובת שקשוקה,,,תערובת שקשוקה,קילוגרמים,1.00,"ק""ג",true,,60.00,60.0000,true,1,44374
7290000101209,false,תערובת חביתות,,,תערובת חביתות,קילוגרמים,1.00,"ק""ג",true,,80.00,80.0000,true,1,44849
7290000101213,false,אבקת בצל,,,אבקת בצל,קילוגרמים,1.00,"ק""ג",true,,50.00,50.0000,true,1,44664
7290000101214,false,תה ירוק,,,תה ירוק,קילוגרמים,1.00,"ק""ג",true,,50.00,50.0000,true,1,44375
7290000101215,false,תערובת אורז מקסיקני,,,תערובת אורז מקסיקני,קילוגרמים,1.00,"ק""ג",true,,70.00,70.0000,true,1,44416
7290000101216,false,תערובת אורז בדווי,,,תערובת אורז בדווי,קילוגרמים,1.00,"ק""ג",true,,70.00,70.0000,true,1,33117
7290000101217,false,פלפל לבן שלם,,,פלפל לבן שלם,קילוגרמים,1.00,"ק""ג",true,,120.00,120.0000,true,1,44417
7290000101218,false,פפריקה מעושנת,,,פפריקה מעושנת,קילוגרמים,1.00,"ק""ג",true,,50.00,50.0000,true,1,44541
7290000101220,false,תבלין מעורב ירושלמי,,,תבלין מעורב ירושלמי,קילוגרמים,1.00,"ק""ג",true,,50.00,50.0000,true,1,44665
7290000101222,false,תבלין רוסטביף,,,תבלין רוסטביף,קילוגרמים,1.00,"ק""ג",true,,60.00,60.0000,true,1,44543
7290000101224,false,עלי כוסברה,,,עלי כוסברה,קילוגרמים,1.00,"ק""ג",true,,90.00,90.0000,true,1,44666
7290000101227,false,פפריקה מתוקה גרוסה,,,פפריקה מתוקה גרוסה,קילוגרמים,1.00,"ק""ג",true,,40.00,40.0000,true,1,44598
7290000101228,false,סומק בלדי,,,סומק בלדי,קילוגרמים,1.00,"ק""ג",true,,50.00,50.0000,true,1,44445
7290000101229,false,שזיפים מגולענים,,,שזיפים,קילוגרמים,1.00,"ק""ג",true,,50.00,50.0000,true,1,44376
7290000101235,false,תערובת שום שמיר,,,תערובת שום שמיר,קילוגרמים,1.00,"ק""ג",true,,100.00,100.0000,true,1,70383
7290000101272,false,קשיו מסוכר,,,קשיו מסוכר,קילוגרמים,1.00,"ק""ג",true,,70.00,70.0000,true,1,73890
7290000101273,false,שקד מסוכר,,,שקד מסוכר,קילוגרמים,1.00,"ק""ג",true,,70.00,70.0000,true,1,73891
7290000101275,false,חליטת תה תות,,,חליטת תה תות,קילוגרמים,1.00,"ק""ג",true,,100.00,100.0000,true,1,104820
7290000101280,false,זופה,,,זופה,קילוגרמים,1.00,"ק""ג",true,,149.00,149.0000,true,1,104825
7290000101290,false,תורמוס מר,,,תורמוס מר,קילוגרמים,1.00,"ק""ג",true,,10.00,10.0000,true,1,174432
7290000101300,false,חמוציות,,,חמוציות,קילוגרמים,1.00,"ק""ג",true,,40.00,40.0000,true,1,44378
7290000101302,false,תירס פופקורן,,,תירס פופקורן,קילוגרמים,1.00,"ק""ג",true,,10.00,10.0000,true,1,132899
7290000101304,false,תבלין פסטה איטלקי,,,תבלין פסטה איטלקי,קילוגרמים,1.00,"ק""ג",true,,60.00,60.0000,true,1,44851
7290000101305,false,פלפל מתוק שלם,,,פלפל מתוק שלם,קילוגרמים,1.00,"ק""ג",true,,40.00,40.0000,true,1,44488
7290000101306,false,תבלין גולש,,,תבלין גולש,קילוגרמים,1.00,"ק""ג",true,,60.00,60.0000,true,1,44599
7290000101308,false,"זרעי צ""יה",,,"זרעי צ""יה",קילוגרמים,1.00,"ק""ג",true,,30.00,30.0000,true,1,44446
7290000101309,false,תערובת אורז בורה בור,,,תערובת אורז בורה בור,קילוגרמים,1.00,"ק""ג",true,,80.00,80.0000,true,1,44489
7290000101310,false,תערובת אורז מדגסקאר,,,תערובת אורז מדגסקאר,קילוגרמים,1.00,"ק""ג",true,,79.00,79.0000,true,1,44668
7290000101312,false,שומר שלם,,,שומר שלם,קילוגרמים,1.00,"ק""ג",true,,35.00,35.0000,true,1,44852
7290000101319,false,תבלין צ'מיצ'ורי,,,"תבלין צ""מיצ""ורי",קילוגרמים,1.00,"ק""ג",true,,80.00,80.0000,true,1,44418
7290000101321,false,תפוח עץ,,,תפוח עץ,קילוגרמים,1.00,"ק""ג",true,,50.00,50.0000,true,1,34584
7290000101322,false,אננס בטעמים,,,אננס בטעמים,קילוגרמים,1.00,"ק""ג",true,,40.00,40.0000,true,1,44545
7290000101326,false,פלפל חריף שלם,,,פלפל חריף שלם,קילוגרמים,1.00,"ק""ג",true,,40.00,40.0000,true,1,44379
7290000101327,false,פיקלס/לפת,,,פיקלס/לפת,קילוגרמים,1.00,"ק""ג",true,,30.00,30.0000,true,1,44555
7290000101331,false,קראנץ צ'ילי,,,קראנץ צ'ילי,קילוגרמים,1.00,"ק""ג",true,,50.00,50.0000,true,1,116869
7290000101334,false,"חליטת ג""ינג""ר ותפוח",,,"חליטת ג""ינג""ר ותפוח",קילוגרמים,1.00,"ק""ג",true,,70.00,70.0000,true,1,44854
7290000101337,false,שומשום שחור,,,שומשום שחור,קילוגרמים,1.00,"ק""ג",true,,80.00,80.0000,true,1,73097
7290000101339,false,בוטנים מולבנים טבעי,,,בוטנים מולבנים טבעי,קילוגרמים,1.00,"ק""ג",true,,25.00,25.0000,true,1,71984
7290000101343,false,חציל כבוש,,,חציל כבוש,קילוגרמים,1.00,"ק""ג",true,,40.00,40.0000,true,1,104826
7290000101413,false,רביולי,,,רביולי,קילוגרמים,1.00,"ק""ג",true,,60.00,60.0000,true,1,116864
7290000101414,false,חריף תאילנדי,,,חריף תאילנדי,קילוגרמים,1.00,"ק""ג",true,,60.00,60.0000,true,1,116865
7290000101418,false,צנובר סיני קטן,,,צנובר סיני קטן,קילוגרמים,1.00,"ק""ג",true,,150.00,150.0000,true,1,132368
7290000101512,false,קשיו קו,,,קשיו קו,קילוגרמים,1.00,"ק""ג",true,,80.00,80.0000,true,1,159092
7290000101515,false,פריקה שלמה,,,פריקה שלמה,קילוגרמים,1.00,"ק""ג",true,,15.00,15.0000,true,1,125129
7290000101516,false,משמש אוזביקי,,,משמש אוזביקי,קילוגרמים,1.00,"ק""ג",true,,60.00,60.0000,true,1,131571
7290000101517,false,צימוק אוזביקי טבעי,,,צימוק אוזביקי טבעי,קילוגרמים,1.00,"ק""ג",true,,60.00,60.0000,true,1,141910
7290000101701,false,חרוזית ירוק,,,חרוזית ירוק,קילוגרמים,1.00,"ק""ג",true,,50.00,50.0000,true,1,70682
7290000102001,false,קפה דבאח שחור,,,קפה דבאח שחור,קילוגרמים,1.00,"ק""ג",true,,60.00,60.0000,true,1,44383
7290000102002,false,קפה דבאח בינוני,,,קפה דבאח בינוני,קילוגרמים,1.00,"ק""ג",true,,60.00,60.0000,true,1,116922
7290000102005,false,קפה בתוספת הל דבאח,,,קפה בתוספת הל דבאח,קילוגרמים,1.00,"ק""ג",true,,60.00,60.0000,true,1,44384
7290000103001,false,בננה צ'יפס,,,בננה צ'יפס,קילוגרמים,1.00,"ק""ג",true,,30.00,30.0000,true,1,32299
7290000103003,false,אוכמניות,,,אוכמניות,קילוגרמים,1.00,"ק""ג",true,,40.00,40.0000,true,1,44447
7290000103005,false,צימוקים כהה,,,צימוקים כהה,קילוגרמים,1.00,"ק""ג",true,,40.00,40.0000,true,1,44856
7290000103007,false,פפיה,,,פפיה,קילוגרמים,1.00,"ק""ג",true,,35.00,35.0000,true,1,32296
7290000103008,false,צימוק קטן (פאנסי),,,צימוק קטן (פאנסי),קילוגרמים,1.00,"ק""ג",true,,40.00,40.0000,true,1,34586
7290000103009,false,אננס טבעות,,,אננס טבעות,קילוגרמים,1.00,"ק""ג",true,,40.00,40.0000,true,1,32297
7290000103010,false,תירס קלוי,,,תירס קלוי,קילוגרמים,1.00,"ק""ג",true,,50.00,50.0000,true,1,44493
7290000103011,false,אננס טבעי,,,אננס טבעי,קילוגרמים,1.00,"ק""ג",true,,100.00,100.0000,true,1,32301
7290000103015,false,פרג טחון,,,פרג טחון,קילוגרמים,1.00,"ק""ג",true,,50.00,50.0000,true,1,87410
7290000103017,false,מיאסי,,,מיאסי,קילוגרמים,1.00,"ק""ג",true,,50.00,50.0000,true,1,116315
7290000103285,false,פטינה ארלה,,,פטינה ארלה,קילוגרמים,1.00,"ק""ג",true,,39.90,39.9000,true,1,145689
7290000103433,false,"לקט ירקות לתנור 800 גרם ""סנפרוסט""","איי, בי, אינבוו",,סנפרוסט לקט ירקות לת,גרמים,800.00,100 גרם,false,,19.90,0.0249,true,1,114319
7290000103457,false,"מיני כרובית 600 גרם ""סנפרוסט""","סנפרוסט בע""\מ",,סנפרוסט מיני כרובית,גרמים,600.00,100 גרם,false,,16.90,0.0282,true,1,112970
7290000103471,false,מיני ברוקולי סנפרוסט 600 גרם,"סנפרוסט בע""\מ",,סנפרוסט מיני ברוקולי,גרמים,600.00,100 גרם,false,,16.90,0.0282,true,1,108644
7290000103730,false,לקט להקפצה עם פסטה פוזילי סנפרוסט 800 גרם,"איי, בי, אינבוו",,סנפרוסט לקט עם פסטה,גרמים,800.00,100 גרם,false,,19.90,0.0249,true,1,26253
7290000103815,false,לקט להקפצה בסגנון תאילנדי סנפרוסט 800 גרם,"סנפרוסט בע""\מ",,סנפרוסט לקט תאילנדי,גרמים,800.00,100 גרם,false,,19.90,0.0249,true,1,26244
7290000103822,false,ירקות שמלווים עוף סנפרוסט 800ג',"סנפרוסט בע""\מ",,סנפרוסט לקט לעוף 800,גרמים,800.00,100 גרם,false,,19.90,0.0249,true,1,26609
7290000104201,false,אפונה עדינה סנפרוסט 600 גרם,"איי, בי, אינבוו",,סנפרוסט אפונה עדינה,גרמים,600.00,100 גרם,false,,17.90,0.0298,true,1,28118
7290000104218,false,סנפרוסט במיה 600 גרם,"איי, בי, אינבוו",,סנפרוסט במיה 600 גרם,גרמים,600.00,100 גרם,false,,15.90,0.0265,true,1,26497
7290000104676,false,אפונה קפואה סנפרוסט 800 גרם,"איי, בי, אינבוו",,סנפרוסט אפונת גינה,גרמים,800.00,100 גרם,false,,15.90,0.0199,true,1,26340
7290000104676,false,אפונה קפואה סנפרוסט 800 גרם,"איי, בי, אינבוו",,סנפרוסט אפונת גינה,גרמים,800.00,100 גרם,false,,15.90,0.0199,true,1,181594
7290000104683,false,שעועית ירוקה שלמה סנפרוסט 800 גרם,"סנפרוסט בע""\מ",,סנפרוסט שעועית שלמה,גרמים,800.00,100 גרם,false,,19.90,0.0249,true,1,26259
7290000104690,false,תירס גרעינים 800 גרם סנפרוסט,"איי, בי, אינבוו",,סנפרוסט תירס גרעינים,גרמים,800.00,100 גרם,false,,15.90,0.0199,true,1,26396
7290000104706,false,גזר גמדי סנפרוסט 800 גרם,"סנפרוסט בע""\מ",,סנפרוסט גזר גמדי,גרמים,800.00,100 גרם,false,,15.90,0.0199,true,1,26341
7290000104713,false,פול ירוק סנפרוסט 800 גרם,"איי, בי, אינבוו",,סנפרוסט פול ירוק,גרמים,800.00,100 גרם,false,,25.90,0.0324,true,1,26342
7290000104720,false,שעועית ירוקה חתוכה סנפרוסט 800 גרם,"סנפרוסט בע""\מ",,סנפרוסט שעועית ירוקה,גרמים,800.00,100 גרם,false,,15.90,0.0199,true,1,26397
7290000104737,false,שעועית צהובה חתוכה סנפרוסט 800 גרם,"סנפרוסט בע""\מ",,סנפרוסט שעועית צהובה,גרמים,800.00,100 גרם,false,,15.90,0.0199,true,1,26260
7290000104744,false,כרובית סנפרוסט 800 גרם,"סנפרוסט בע""\מ",,סנפרוסט כרובית,גרמים,800.00,100 גרם,false,,21.90,0.0274,true,1,26398
7290000104751,false,"כרוב ניצנים 800 גרם ""סנפרוסט""","איי, בי, אינבוו",,סנפרוסט כרוב ניצנים,גרמים,800.00,100 גרם,false,,21.90,0.0274,true,1,26611
7290000104775,false,תרד מדליונים סנפרוסט 800 גרם,"איי, בי, אינבוו",,סנפרוסט תרד מדליונים,גרמים,800.00,100 גרם,false,,19.90,0.0249,true,1,28120
7290000104799,false,שעועית לבנה מבושלת סנפרוסט 800 גרם,"איי, בי, אינבוו",,סנפרוסט שעועית לבנה,גרמים,800.00,100 גרם,false,,16.90,0.0211,true,1,26498
7290000104805,false,גרגירי חומוס מבושלים סנפרוסט 800 גרם,"איי, בי, אינבוו",,סנפרוסט גרגירי חומוס,גרמים,800.00,100 גרם,false,,16.90,0.0211,true,1,26499
7290000104829,false,קלחי תירס חתוכים סנפרוסט 1 קילו,"איי, בי, אינבוו",,סנפרוסט קלחוני תירס,גרמים,1000.00,100 גרם,false,,16.90,0.0169,true,1,26612
7290000104836,false,שעועית ירוקה עדינה שלמה סנפרוסט 600 גרם,"סנפרוסט בע""\מ",,סנפרוסט שעועית עדינה,גרמים,600.00,100 גרם,false,,19.90,0.0332,true,1,26360
7290000104874,false,ירקות לקוסקוס של אמא סנפרוסט 800ג',"סנפרוסט בע""\מ",,סנפרוסט Z לקט קוסקוס,גרמים,800.00,100 גרם,false,,19.90,0.0249,true,1,26613
7290000104881,false,לקט אפונה וגזר סנפרוסט 800 גרם,"איי, בי, אינבוו",,סנפרוסט אפונה וגזר 8,גרמים,800.00,100 גרם,false,,15.90,0.0199,true,1,26247
7290000104904,false,לקט ירקות מעורבים סנפרוסט 800 גרם,"איי, בי, אינבוו",,סנפרוסט לקט ירקות מע,גרמים,800.00,100 גרם,false,,19.90,0.0249,true,1,26248
7290000104911,false,לקט נורמנדי סנפרוסט 800 גרם,"איי, בי, אינבוו",,סנפרוסט לקט נורמנדי,גרמים,800.00,100 גרם,false,,19.90,0.0249,true,1,26400
7290000105807,false,גבינת בלוז,,,גבינת בלוז,קילוגרמים,1.00,"ק""ג",true,,90.00,90.0000,true,1,145690
7290000106175,false,"לקט כפרי 2 ק""ג סנפרוסט","סנפרוסט בע""\מ",,סנפרוסט לקט כפרי 2 ק,קילוגרמים,2.00,"ק""ג",false,,38.80,19.4000,true,1,111731
7290000107295,false,תפרחות ברוקולי סנפרוסט 800 גרם,"איי, בי, אינבוו",,סנפרוסט תפרחות ברוקו,גרמים,800.00,100 גרם,false,,21.90,0.0274,true,1,28126
7290000107615,false,ירקות ואננס להקפצה מנה אסייתית צבעונית ועשירה,"איי, בי, אינבוו",,סנפרוסט אסייטית צבעו,גרמים,800.00,100 גרם,false,,19.90,0.0249,true,1,145029
7290000107743,false,משק צוריאל צפתית מעו,,,משק צוריאל צפתית מעו,קילוגרמים,1.00,"ק""ג",true,,65.00,65.0000,true,1,194666
7290000110094,false,בצל מטוגן,,,בצל מטוגן,קילוגרמים,1.00,"ק""ג",true,,50.00,50.0000,true,1,124494
7290000110844,false,"כיפלי בטעם גריל 70 גרם-בד""ץ",יוניליור ישראל מזון,,כיפלי גריל 70 גרם בד,יחידה,0.00,יחידה,false,,6.00,0.0000,true,1,38231
7290000110851,false,"כיפלי בטעם בצל 70 גרם-בד""ץ",יוניליוור מזון,,"כיפלי בצל בד""ץ 70 גר",יחידה,0.00,יחידה,false,,6.00,0.0000,true,1,38282
7290000111063,false,מיונז תלמה אמיתי250 גרם,יוניליוור ישראל מזון בע\,,מיונז תלמה קטן,גרמים,250.00,100 גרם,false,,8.00,0.0320,true,1,26459
7290000111117,false,בדין מרכך כביסה לבן 4 ליטר,יוניליור ישראל טיפוח איש,,בדין מרכך כביסה לבן,ליטרים,4.00,ליטר,false,,21.90,5.4750,true,1,38391
7290000111186,false,"מיונז אמיתי תלמה 500 גרם בד""צ",יוניליוור ישראל מזון בע\,,מיונז אמיתי 500 גרם,גרמים,500.00,100 גרם,false,,10.90,0.0218,true,1,26278
7290000111353,false,"מיונז אמיתי 1 ק""ג תלמה",יוניליוור ישראל מזון בע\,,מיונז 1 קג,גרמים,1000.00,100 גרם,false,,16.90,0.0169,true,1,26250
7290000111360,false,"חרדל אמיתי תלמה 250 גרם בד""צ",יוניליוור ישראל מזו,,חרדל אמיתי 250,גרמים,250.00,100 גרם,false,,7.00,0.0280,true,1,26267
7290000111384,false,חרדל אמיתי בצנצנת 550 ג' תלמה,יוניליוור ישראל מזו,,חרדל צנצנת,גרמים,550.00,100 גרם,false,,11.00,0.0200,true,1,26460
7290000112220,false,טחינה גולמית שומשום טהור בארכה 500 גרם,"רושדי תעשיות מזון בע""\מ",,טחינה בסיסית 500 גר',גרמים,500.00,100 גרם,false,,15.90,0.0318,true,1,28127
7290000112237,false,"טחינה גולמית שומשום טהור בארכה 1 ק""ג","רושדי תעשיות מזון בע""\מ",,טחינה גולמית 1 ק,גרמים,1000.00,100 גרם,false,,27.90,0.0279,true,1,26268
7290000112239,false,פקדון 1.20,,,פקדון 1.20,00000000000000000000,0.00,00000000000000000000,false,,1.20,0.0000,true,1,61081
7290000112497,false,מרק עשיר עוף אטריות קנור 75 גרם - שקיות,יוניליוור ישראל מזון בע\,,קנור מרק עשיר עוף+אי,יחידה,0.00,יחידה,false,,11.90,0.0000,true,1,39074
7290000112503,false,מרק עשיר ירקות קנור 69 גרם - שקיות,יוניליוור ישראל מזון בע\,,קנור מרק עשיר ירקות,יחידה,0.00,יחידה,false,,11.90,0.0000,true,1,43671
7290000112619,false,אבקת מרק עוף אמיתי קנור 400 ג' כשלפ,"יוניליוור ישראל מזון בע""",,מרק עוף לתיבול והעשר,גרמים,400.00,100 גרם,false,,17.90,0.0447,true,1,38727
7290000116204,false,"אבקת מרק דגש בטעם עוף 1ק""ג קנור",יוניליוור ישראל מזון בע\,,"מרק דגש 1 ק""ג",קילוגרמים,1.00,"ק""ג",false,,14.90,14.9000,true,1,38974
7290000116884,false,"רוטב ברביקיו קנור 300 גרם בד""צ",יוניליוור ישראל מזון בע\,,קנור רוטב ברביקיו 30,מיליליטרים,300.00,"100 מ""ל",false,,14.00,0.0467,true,1,26362
7290000116921,false,רוטב צ'ילי מתוק 340 גרם קנור,יוניליוור ישראל מזון בע\,,קנור רוטב צילי מתוק,מיליליטרים,340.00,"100 מ""ל",false,,14.00,0.0412,true,1,26269
7290000116945,false,"רוטב סויה קלאסי קנור בד""צ 350 גרם","יוניליוור ישראל מזון בע""",,קנור רוטב סויה 300 מ,מיליליטרים,300.00,"100 מ""ל",false,,14.00,0.0467,true,1,26363
7290000117720,false,נמס בכוס פטריות קנור 21.5 גרם מארז זוגי,יוניליוור ישראל מזון בע\,,נמס בכוס זוג פטריות,יחידה,0.00,יחידה,false,,6.90,0.0000,true,1,39080
7290000118277,false,כופתאות מצה להכנת מהירה 65 ג' קנור,יוניליוור ישראל מזון בע\,,קנור קניידלך 2* 65 ג,גרמים,130.00,100 גרם,false,,12.00,0.0923,true,1,38732
7290000120836,false,"מיונז אמיתי 394 גרם ""הלמנס""",קונפקו אינק' די.בי.א,,מיונז הלמנס 394 גרם,גרמים,394.00,100 גרם,false,,13.90,0.0353,true,1,26279
7290000120874,false,מיונז הלמנס לייט מופחת קלוריות 424ג,"יונילוור ארה""ב - HPC",,מיונז הלמנס לייט 424,גרמים,424.00,100 גרם,false,,13.90,0.0328,true,1,26364
7290000121031,false,החתול המחייך גבינה מותכת 14% מון בלאן 120 גרם,החתול המחייך,,מון בלאן גבינת חתול,גרמים,120.00,100 גרם,false,,10.10,0.0842,true,1,119082
7290000121093,false,גבינה מותכת לייט בטעם שוויצרי 7% מון בלאן 120 גר',האי נאם סי או אל.טי.,,מון בלאן שויצרית 7%,גרמים,120.00,100 גרם,false,,10.90,0.0908,true,1,119084
7290000121109,false,גבינה מותכת לייט עם זיתים 7% מון בלאן 120 גרם,האי נאם סי או אל.טי.,,מון בלאן זיתים 7% 12,גרמים,120.00,100 גרם,false,,10.90,0.0908,true,1,38350
7290000121239,false,מיוקל 5% שומן ללא כולסטרול תלמה 500ג',יוניליוור ישראל מזון בע\,,מיוקל 500 ג 5% שומן,גרמים,500.00,100 גרם,false,,14.00,0.0280,true,1,26501
7290000122830,false,"רוטב מקסיקני סצ'ואן קנור 300 מ""ל","יוניליוור ישראל מזון בע""",,"רוטב סצ'ואן 300 מ""ל",מיליליטרים,300.00,"100 מ""ל",false,,14.00,0.0467,true,1,26745
7290000123363,false,"צימקאו לציפוי ואפיה אפיכל 500 גרם בד""צ",אתר צפת ממרחים וצימא,,צמקאו לאכילה ציפוי ו,גרמים,500.00,100 גרם,false,,17.00,0.0340,true,1,38981
7290000124841,false,ורד הגליל שוקולד חלב מארז שלישיה 300 גרם,יוניליוור ישראל מזון בע\,,ורד הגליל שוק.חלב 3*,גרמים,300.00,100 גרם,false,,17.00,0.0567,true,1,38803
7290000125251,false,בדין שמפו לכביסה עדינה 2 ליטר,"זוהר דליה, קיבוץ דליה, 1",,בדין שמפו לכביסה עדי,ליטרים,2.00,ליטר,false,,24.00,12.0000,true,1,38804
7290000129457,false,אבקת רוטב פטריות קנור 28 ג' שקית,"יוניליוור ישראל מזון בע""",,רוטב פטריות 28גר,יחידה,0.00,יחידה,false,,5.00,0.0000,true,1,38806
7290000129785,false,בדין מרכך כביסה 4 ליטר ירוק,יוניליור ישראל טיפוח איש,,בדין ירוק 4 ליטר,ליטרים,4.00,ליטר,false,,21.90,5.4750,true,1,38807
7290000131122,false,"בצק עלים צרפתי שחף 1.5 ק""ג",מאפיית אריאל,,"בצק עלים שחף 1.5 ק""ג",גרמים,1500.00,100 גרם,false,,16.90,0.0113,true,1,26135
7290000133904,false,"מטהר אוויר דואופרש פסיפלורה תפוז סנו 300 מ""ל","סנו מפעלי ברונוס בע""מ",,דואופרש פסיפלורה ותפ,מיליליטרים,300.00,"100 מ""ל",false,,12.90,0.0430,true,1,46944
7290000135045,false,"XL TEN משקה אנרגיה פתוח ללא סוכר 250 מ""ל","טמפו משקאות בע""\מ",,"XL TEN תפוח 250 מ""ל",מיליליטרים,250.00,"100 מ""ל",false,,5.00,0.0200,true,1,143585
7290000135052,false,"XL TEN משקה אנרגיה מנגו ללא סוכר 250 מ""ל","טמפו משקאות בע""\מ",,"XL TEN מנגו 250 מ""ל",מיליליטרים,250.00,"100 מ""ל",false,,5.00,0.0200,true,1,143584
7290000135113,false,"משקה אנרגיה XL פחית ten נענע ליים 250 מ""ל","טמפו משקאות בע""\מ",,פחית XL TEN נענע ליי,מיליליטרים,250.00,"100 מ""ל",false,,5.00,0.0200,true,1,149200
7290000135324,false,פיראוס בולגרית מעודנ,,,פיראוס בולגרית מעודנ,קילוגרמים,1.00,"ק""ג",true,,49.00,49.0000,true,1,124229
7290000136172,false,סבן אפ 1.5 ליטר בודד,"טמפו משקאות בע""\מ",,סבן אפ 1.5 ליטר בודד,ליטרים,1.50,ליטר,false,,7.90,5.2667,true,1,181428
7290000136431,false,משקה בטעם אפרסק צלול תריסר 1.5 ל' ג'אמפ,"טמפו משקאות בע""\מ",,ג'אמפ אפרסק צלול 1.5,יחידה,0.00,יחידה,false,,8.90,0.0000,true,1,181437
7290000136455,false,משקה בטעם אשכוליות תריסר 1.5 ל' ג'אמפ,"טמפו משקאות בע""\ם.",,ג'אמפ אשכוליות 1.5 ת,יחידה,0.00,יחידה,false,,8.90,0.0000,true,1,181438
7290000136486,false,ג'אמפ משקה קל דיאט אשכוליות 1.5 ליטר,"טמפו משקאות בע""\ם.",,ג'אמפ דיאט אשכוליות,יחידה,0.00,יחידה,false,,8.90,0.0000,true,1,181439
7290000136516,false,משקה בטעם מנגו פסיפלורה תריסר 1.5 ל' ג'אמפ,טמפו משקאות בעמ,,ג'אמפ מנגו פסיפלורה,יחידה,0.00,יחידה,false,,8.90,0.0000,true,1,181440
7290000136523,false,משקה בטעם ענבים תריסר 1.5 ל' ג'אמפ,"טמפו משקאות בע""\ם.",,ג'אמפ ענבים 1.5 תריס,יחידה,0.00,יחידה,false,,8.90,0.0000,true,1,181441
7290000136561,false,משקה בטעם תות בננה תריסר 1.5 ל' ג'אמפ,"טמפו משקאות בע""\מ",,ג'אמפ תות בננה 1.5 ת,יחידה,0.00,יחידה,false,,8.90,0.0000,true,1,181442
7290000136585,false,משקה בטעם תפוזים תריסר 1.5 ל' ג'אמפ,"טמפו משקאות בע""\ם.",,ג'אמפ תפוזים 1.5 תר,יחידה,0.00,יחידה,false,,8.90,0.0000,true,1,181443
7290000136646,false,בירה נשר מאלט ללא אלכוהול 1.5 ליטר,"טמפו משקאות בע""\מ",,נשר מאלט 1.5 ליטר תר,יחידה,0.00,יחידה,false,,10.90,0.0000,true,1,181445
7290000136653,false,דיאט נשר מאלט ללא אלכוהול 1.5 ליטר,"טמפו משקאות בע""\מ",,דיאט נשר מאלט 1.5 לי,יחידה,0.00,יחידה,false,,10.90,0.0000,true,1,181446
7290000136660,false,סודה טמפו ליטר וחצי,טמפו,,סודה 1.5 ליטר בודד,ליטרים,1.50,ליטר,false,,3.20,2.1333,true,1,182078
7290000136677,false,פפסי קולה פיקדון 1.5 ליטר,טמפו,,פפסי 1.5 ליטר בודד,ליטרים,1.50,ליטר,false,,7.90,5.2667,true,1,181855
7290000136684,false,פפסי מקס משקה מוגז דל קלוריות בטעם קולה,טמפו,,פפסי מקס 1.5 ליטר בו,ליטרים,1.50,ליטר,false,,7.90,5.2667,true,1,181854
7290000136691,false,מארז שישייה סבן אפ 1.5 ל',סבן אפ 7up,,סבן אפ 1.5 ליטר שישי,יחידה,0.00,יחידה,false,,49.90,0.0000,true,1,181410
7290000136707,false,טמפו מירינדה 1.5 ליטר,טמפו,,מירינדה 1.5 ליטר בוד,ליטרים,1.50,ליטר,false,,5.90,3.9333,true,1,181857
7290000136769,false,מארז שישיה בטעם קולה 1.5 ל' פפסי,"טמפו משקאות בע""\מ",,פפסי 1.5 ליטר שישייה,יחידה,0.00,יחידה,false,,49.90,0.0000,true,1,181412
7290000136776,false,שישיית פפסי מקס דל קלוריות 1.5 ליטר,פפסי Pepsi,,פפסי מקס 1.5 ליטר שי,יחידה,0.00,יחידה,false,,48.90,0.0000,true,1,181413
7290000136783,false,מארז שישייה מרינדה 1.5 ל',"טמפו משקאות בע""\מ",,מירינדה 1.5 ליטר שיש,יחידה,0.00,יחידה,false,,49.90,0.0000,true,1,181414
7290000136790,false,שישיית מי סודה טמפו 1.5 ליטר,"טמפו משקאות בע""\מ",,סודה 1.5 ליטר שישייה,יחידה,0.00,יחידה,false,,17.90,0.0000,true,1,181415
7290000136837,false,רביעיית מי סודה נגיעות אפרסק טמפו 1.5 ליטר,טמפו משקאות בע''מn\,,סודה נגיעות אפרסק 1.,יחידה,0.00,יחידה,false,,12.90,0.0000,true,1,181419
7290000136851,false,סבן אפ פיקדון 1.5 ליטר,טמפו,,סבן אפ 1.5 ליטר בודד,ליטרים,1.50,ליטר,false,,7.90,5.2667,true,1,181856
7290000136868,false,סאן בנדטו - מים מינרלים - מארז שישיית 1.5 ליטר,אקווה מינרלה סאן בנדטו ב,,סן בנדטו 1.5 ליטר שי,יחידה,0.00,יחידה,false,,19.90,0.0000,true,1,181421
7290000136875,false,שישיית מים מינרליים מוגזים סן בנדטו 1.5 ליטר,סאן בנדטו San Benedetto,,סן בנדטו מוגז 1.5 לי,יחידה,0.00,יחידה,false,,19.90,0.0000,true,1,181422
7290000137513,false,גלידונית גלידה וניל בציפוי שוקולד 60 יח' קרמיסימו,"גלידת שטראוס בע""\מ, רחוב",,קרמיסימו גלידונית ש.,גרמים,700.00,100 גרם,false,,44.90,0.0641,true,1,28679
7290000137643,false,שלגוני טעמקור בטעם שוקו וניל שטראוס 8*50 גרם,"גלידת שטראוס בע""\מ, רחוב",,שלגוני טעמקור 8יח,יחידה,8.00,יחידה,false,,32.90,4.1125,true,1,26365
7290000143187,false,"הוואי שמפו 2 ב 1 לגבר 700 מ""ל",שוורצקוף& הנקל דיסלד,,הוואי שמפו לגבר 700,מיליליטרים,700.00,"100 מ""ל",false,,13.90,0.0199,true,1,38404
7290000143194,false,"הוואי שמפו+מרכך 2 ב 1 לשיער רגיל 700 מ""ל",טרופיקל דגיל בעמ,,הוואי שמפו+מרכך 700,מיליליטרים,700.00,"100 מ""ל",false,,13.90,0.0199,true,1,38405
7290000143262,false,"הוואי שמפו לילדים 700 מ""ל",שוורצקוף& הנקל דיסלד,,הוואי שמפו ילדים 700,מיליליטרים,700.00,"100 מ""ל",false,,13.90,0.0199,true,1,39262
7290000143293,false,"הוואי - מרכך ילדים מתיר קשרים 700 מ""ל",טרופיקל דגיל,,הוואי מרכך ילדים מתי,מיליליטרים,700.00,"100 מ""ל",false,,13.90,0.0199,true,1,39263
7290000144160,false,"שמן זית כתית ארומתי מודגש עץ הזית 750 מ""ל","מרקאולאו, ספרד.אבסה,",,שמן זית כתית מעולה א,מיליליטרים,750.00,"100 מ""ל",false,,33.60,0.0448,true,1,52340
7290000144474,false,שמן עץ הזית קנולה 1 ליטר בריאות מהטבע,שמן תעשיות בעמ,,שמן קנולה בריאות מהט,ליטרים,1.00,ליטר,false,,15.90,15.9000,true,1,28657
7290000146645,false,הוואי - סבון מוצק שחור מסתורי 100 גרם רביעייה,טרופיקל דגיל קוסמטיק,,הוואי רבעיה סבון מוצ,גרמים,400.00,100 גרם,false,,11.90,0.0298,true,1,39450
7290000146669,false,הוואי - סבון מוצק שמיים כחולים 100 גרם רביעייה,טרופיקל דגיל קוסמטיק,,הוואי רבעיה סבון מוצ,גרמים,400.00,100 גרם,false,,11.90,0.0298,true,1,39451
7290000146676,false,הוואי - סבון מוצק לגבר 100 גרם רביעייה,טרופיקל דגיל קוסמטיק,,הוואי רביעייה סבון מ,גרמים,400.00,100 גרם,false,,11.90,0.0298,true,1,38409
7290000146683,false,הוואי - סבון מוצק אפקט דאודורנט 100 גרם רביעייה,טרופיקל דגיל קוסמטיק,,הוואי רבעיה סבון מוצ,גרמים,400.00,100 גרם,false,,11.90,0.0298,true,1,39266
7290000146928,false,"משחת שיניים לילדים בטעם ענבים טום וג'רי 50 מ""ל",טרופיקל דגיל קוסמטיק,,טום וג'רי משחת שיניי,יחידה,50.00,יחידה,false,,6.90,0.1380,true,1,43682
7290000146997,false,משחת שיניים לילדים מסטיק טום וג'רי 50 מל,טרופיקל דגיל קוסמטיק,,טום וג'רי משחת שיניי,יחידה,0.00,יחידה,false,,6.90,0.0000,true,1,39268
7290000148380,false,פיסטוקים קלוים קליית גת 200 גרם,"ג'י אנד ג'י בע""מ",,פיסטוקים קלויים 200,גרמים,200.00,100 גרם,false,,22.90,0.1145,true,1,39269
7290000148489,false,"קליית גת גרעיני דלעת קלויים,200 גרם","ג'י אנד ג'י בע""מ",,גרעיני דלעת 200 גרם,גרמים,200.00,100 גרם,false,,9.90,0.0495,true,1,43683
7290000148748,false,קליית גת גרעיני חמניה קלויים ומומלחים200,"ג'י אנד ג'י בע""מ",,גרעיני חמניה 200 גרם,גרמים,200.00,100 גרם,false,,6.90,0.0345,true,1,38809
7290000149615,false,רביעיית סבון מוצק קלאסי לתינוק נקה 7 4*100 גרם,גליל כימיקלים בעממשו,,נקה 7 - לתינוק - רבי,יחידה,4.00,יחידה,false,,12.90,3.2250,true,1,54169
7290000149905,false,טקסטיל נוזל לכביסה עדינה נקה 1 ליטר,מיוצר עי קונדיטוריית,,טקסטיל שמפו 1 ליטר,מיליליטרים,1000.00,"100 מ""ל",false,,16.90,0.0169,true,1,54173
7290000150110,false,תבלין קבסה,,,תבלין קבסה,קילוגרמים,1.00,"ק""ג",true,,70.00,70.0000,true,1,31272
7290000150131,false,תבלין דג מבושל,,,תבלין דג מבושל,קילוגרמים,1.00,"ק""ג",true,,60.00,60.0000,true,1,44573
7290000150134,false,שומשום אדום קלוי,,,שומשום אדום קלוי,קילוגרמים,1.00,"ק""ג",true,,20.00,20.0000,true,1,44768
7290000150137,false,עגבניות מיובשות,,,עגבניות מיובשות,קילוגרמים,1.00,"ק""ג",true,,50.00,50.0000,true,1,53320
7290000150145,false,פירורי לחם מתובל,,,פירורי לחם מתובל,קילוגרמים,1.00,"ק""ג",true,,20.00,20.0000,true,1,58679
7290000150163,false,קוקטייל מרוקאי,,,קוקטייל מרוקאי,קילוגרמים,1.00,"ק""ג",true,,39.90,39.9000,true,1,107297
7290000150165,false,ינסון טחון,,,ינסון טחון,קילוגרמים,1.00,"ק""ג",true,,50.00,50.0000,true,1,59598
7290000150169,false,זעפרן תפזורת,,,זעפרן תפזורת,קילוגרמים,1.00,"ק""ג",true,,300.00,300.0000,true,1,59937
7290000150174,false,גרעיני אבטיח מחבת (,,,גרעיני אבטיח מחבת (,קילוגרמים,1.00,"ק""ג",true,,60.00,60.0000,true,1,143615
7290000150175,false,אגוז מקדמיה קלוי,,,אגוז מקדמיה קלוי,קילוגרמים,1.00,"ק""ג",true,,150.00,150.0000,true,1,31908
7290000150176,false,אגוז מקדמיה טבעי,,,אגוז מקדמיה טבעי,קילוגרמים,1.00,"ק""ג",true,,150.00,150.0000,true,1,116737
7290000150330,false,תמרים גמבו אקסטרא,,,תמרים גמבו אקסטרא,קילוגרמים,1.00,"ק""ג",true,,50.00,50.0000,true,1,144306
7290000150471,false,מלח הימלאיה,,,מלח הימלאיה,קילוגרמים,1.00,"ק""ג",true,,50.00,50.0000,true,1,151435
7290000150572,false,בורגול חום דק,,,בורגול חום דק,קילוגרמים,1.00,"ק""ג",true,,8.00,8.0000,true,1,78285
7290000150663,false,קינמון חצאים,,,קינמון חצאים,קילוגרמים,1.00,"ק""ג",true,,25.00,25.0000,true,1,138771
7290000150689,false,"קינמון עגול 20 ס""מ",,,קינמון עגול 20 סמ,קילוגרמים,1.00,"ק""ג",true,,50.00,50.0000,true,1,134571
7290000150810,false,קינאוה אדומה,,,קינאוה אדומה,קילוגרמים,1.00,"ק""ג",true,,20.00,20.0000,true,1,76406
7290000150813,false,רצועות קוקוס,,,רצועות קוקוס,קילוגרמים,1.00,"ק""ג",true,,50.00,50.0000,true,1,87601
7290000150815,false,בונדוק טבעי,,,בונדוק טבעי,קילוגרמים,1.00,"ק""ג",true,,60.00,60.0000,true,1,88339
7290000150816,false,גוג'י ברי,,,גוג'י ברי,קילוגרמים,1.00,"ק""ג",true,,80.00,80.0000,true,1,97915
7290000150817,false,חוויג קפה,,,חוויג קפה,קילוגרמים,1.00,"ק""ג",true,,79.00,79.0000,true,1,98820
7290000150820,false,רצועות קוקוס טבעי,,,רצועות קוקוס טבעי,קילוגרמים,1.00,"ק""ג",true,,50.00,50.0000,true,1,153045
7290000150823,false,זית סורי,,,זית סורי,קילוגרמים,1.00,"ק""ג",true,,30.00,30.0000,true,1,99972
7290000150828,false,טוסקנה,,,טוסקנה,קילוגרמים,1.00,"ק""ג",true,,70.00,70.0000,true,1,100268
7290000150832,false,זית מרוקאי,,,זית מרוקאי,קילוגרמים,1.00,"ק""ג",true,,40.00,40.0000,true,1,100476
7290000150835,false,משמש טבעי,,,משמש טבעי,קילוגרמים,1.00,"ק""ג",true,,60.00,60.0000,true,1,166424
7290000150849,false,פפריקה מתוקה יבשה,,,פפריקה מתוקה יבשה,קילוגרמים,1.00,"ק""ג",true,,40.00,40.0000,true,1,116668
7290000150852,false,*סוכר,,,*סוכר,קילוגרמים,1.00,"ק""ג",true,,2.00,2.0000,true,1,108672
7290000150854,false,*מלח גס,,,*מלח גס,קילוגרמים,1.00,"ק""ג",true,,0.90,0.9000,true,1,108675
7290000150855,false,*אורז,,,*אורז,קילוגרמים,1.00,"ק""ג",true,,3.90,3.9000,true,1,108676
7290000150864,false,מנגו טבעי,,,מנגו טבעי,קילוגרמים,1.00,"ק""ג",true,,100.00,100.0000,true,1,108795
7290000150871,false,חליטת טריפוקנה,,,חליטת טריפוקנה,קילוגרמים,1.00,"ק""ג",true,,70.00,70.0000,true,1,116446
7290000150873,false,חליטת תות,,,חליטת תות,קילוגרמים,1.00,"ק""ג",true,,70.00,70.0000,true,1,116448
7290000150874,false,חליטת ליצ'י,,,חליטת ליצ'י,קילוגרמים,1.00,"ק""ג",true,,70.00,70.0000,true,1,116449
7290000150875,false,חליטת תה ירוק הדרים,,,חליטת תה ירוק הדרים,קילוגרמים,1.00,"ק""ג",true,,70.00,70.0000,true,1,116450
7290000150888,false,שקדים מולבנים שלמים,,,שקדים מולבנים שלמים,קילוגרמים,1.00,"ק""ג",true,,60.00,60.0000,true,1,166434
7290000150889,false,כוסמת ירוקה,,,כוסמת ירוקה,קילוגרמים,1.00,"ק""ג",true,,15.00,15.0000,true,1,126930
7290000150911,false,תערובת פיצוחים טבעי,,,תערובת פיצוחים טבעי,קילוגרמים,1.00,"ק""ג",true,,60.00,60.0000,true,1,112518
7290000150919,false,תבלין תירס,,,תבלין תירס,קילוגרמים,1.00,"ק""ג",true,,60.00,60.0000,true,1,162194
7290000150987,false,ניצני ורדים אדום,,,ניצני ורדים אדום,קילוגרמים,1.00,"ק""ג",true,,200.00,200.0000,true,1,162501
7290000150999,false,שיבולת שועל דק,,,שיבולת שועל דק,קילוגרמים,1.00,"ק""ג",true,,10.00,10.0000,true,1,116676
7290000151000,false,מיקס פירות טבעי,,,מיקס פירות טבעי,קילוגרמים,1.00,"ק""ג",true,,60.00,60.0000,true,1,177350
7290000151001,false,פיצוחים קלויים ללא מ,,,פיצוחים קלויים ללא מ,קילוגרמים,1.00,"ק""ג",true,,70.00,70.0000,true,1,179125
7290000158105,false,שניצל עוף מיני דינוזאור ללא אנטיביוטיקה מ100% ר.טבעי,"מוצרי עוף טוב (2001) בע""",,עוף טוב שניצל עוף מי,גרמים,700.00,100 גרם,false,,32.90,0.0470,true,1,29550
7290000158657,false,קשה כבשים כמהין,,,קשה כבשים כמהין,קילוגרמים,1.00,"ק""ג",true,,199.00,199.0000,true,1,140139
7290000166605,false,סיף פנטסטיק ניקיון כללי יסמין 4ליטר,סיף פנטסטיק Cif Fantastic,,סיף נ.כללי יסמין 4 ל,ליטרים,4.00,ליטר,false,,21.90,5.4750,true,1,59290
7290000168173,false,"ברנפלקס קרנצ'ים תלמה בד""ץ 375 גרם",יוניליור ישראל מזון,,ברנפלקס קרנצים 375 ג,גרמים,375.00,100 גרם,false,,23.00,0.0613,true,1,64119
7290000169538,false,"נמס בכוס עגבניות וקרוטונים מרק כשרות בד""ץ 62 ג' קנור",יוניליוור ישראל מזון בע\,,נמס בכוס עגבניות וקר,יחידה,0.00,יחידה,false,,6.90,0.0000,true,1,69722
7290000169798,false,"עוגי מופחת סוכר 20% פצפוצי שוקו' 500ג' בד""צ","יוניליוור ישראל מזון בע""",,עוגי פחות סוכר 20% 5,גרמים,500.00,100 גרם,false,,19.90,0.0398,true,1,72951
7290000170150,false,בורגול עבה גס,,,בורגול עבה גס,קילוגרמים,1.00,"ק""ג",true,,7.00,7.0000,true,1,149233
7290000170500,false,חמוציות ברכז תפוח,,,חמוציות ברכז תפוח,קילוגרמים,1.00,"ק""ג",true,,50.00,50.0000,true,1,68910
7290000174723,false,שוקולית אבקה להכנת משקה שוקו 500 גרם,הנסיך- מפעל לייצור ט,,שוקולית 500 גרם,גרמים,500.00,100 גרם,false,,11.90,0.0238,true,1,39458
7290000176062,false,קפה טורקי בשקית 100 ג' עלית,שטראוס קפה בי.ויn\.,,טורקי עלית 100 גרם,יחידה,0.00,יחידה,false,,9.00,0.0000,true,1,79785
7290000176079,false,קפה עלית טורקי עם הל 100 גרם,הנסיך- מפעל לייצור ט,,טרוקי עלית קפה עם הל,גרמים,100.00,100 גרם,false,,8.90,0.0890,true,1,38914
7290000176413,false,קפה נמס אבקתי 50 ג' עלית,הנסיך- מפעל לייצור ט,,עלית נמס 50 גרם,יחידה,0.00,יחידה,false,,10.00,0.0000,true,1,38415
7290000176420,false,קפה נמס פחית עלית 200 גרם,שטראוס קפה בי.וי,,עלית נמס 200 גרם,גרמים,200.00,100 גרם,false,,19.90,0.0995,true,1,31831
7290000176468,false,קפה נמס נטול קפאין 50 ג' קפה האג,"איי, בי, אינבוו",,האג קפה נטול קפאין 5,יחידה,0.00,יחידה,false,,12.00,0.0000,true,1,34682
7290000178707,false,תפוצ'יפס בטעם טבעי 50 גרם,"שטראוס פריטו ליי בע""\מ )",,תפוצ'יפס טבעי 50 גרם,יחידה,0.00,יחידה,false,,3.90,0.0000,true,1,38418
7290000178721,false,תפוצ'יפס בטעם טבעי 200 גרם,"שטראוס פריטו ליי בע""\מ )",,תפוציפס טבעי 200גר,גרמים,200.00,100 גרם,false,,10.90,0.0545,true,1,39275
7290000186030,false,מגבוני האגיס תחליב דיספנסר רביעייה,האגיס-מגבונים,,מגבוני האגיס בייבי ס,יחידה,0.00,יחידה,false,,26.90,0.0000,true,1,134005
7290000186535,false,נייר טואלט תלת שכבתי לבן לילי 32 יחידות,לילי נייר טואלט חוגלה,,לילי נייר טואלט טריו,יחידה,32.00,יחידה,false,,46.90,1.4656,true,1,96675
7290000187921,false,נייר טואלט דו שכבתי לבן לילי 32 יחידות,לילי נייר טואלט חוגלה,,"נייר טואלט ""לילי"" לב",יחידה,32.00,יחידה,false,,39.90,1.2469,true,1,39277
7290000187938,false,לילי - נייר טואולט נייר טואלט פסטל 32 יח',לילי נייר טואלט חוגלה,,"נייר טואלט ""לילי"" פס",יחידה,32.00,יחידה,false,,39.90,1.2469,true,1,38526
7290000187952,false,נייר טואלט תלת שכבתי ורוד לילי 32 יחידות,לילי נייר טואלט חוגלה,,נייר טואלט לילי טריו,יחידה,32.00,יחידה,false,,46.90,1.4656,true,1,39278
7290000188553,false,קוטקס מגן תחתון יאנג ביג 60 יחידות,חוגלה קימברלי,,קוטקס מגן תחתון נורמ,יחידה,60.00,יחידה,false,,19.90,0.3317,true,1,34468
7290000188591,false,קוטקס מגן תחתון יאנג ביג 60 יחידות,חוגלה קימברלי,,קוטקס מ.תחתון סילק י,יחידה,60.00,יחידה,false,,19.90,0.3317,true,1,182671
7290000189192,false,סופר מטלית מטליות נייר רב פעמיות ניקול 64 יחידות,קימברלי קולומביה,,ניקול מטלית חכמה יומ,יחידה,64.00,יחידה,false,,16.90,0.2641,true,1,54278
7290000189598,false,מטליות לחות חד פעמיות לניקוי כללי 50 יח' ניקול,עלבד משואות יצחק בעמ,,מטליות לחות חד פעמיו,יחידה,50.00,יחידה,false,,10.90,0.2180,true,1,54283
7290000189734,false,מטליות לחות לניקוי פרקט ניקול 10 יחידות,עלבד משואות יצחק בעמ,,ניקול מטליות לחות לפ,יחידה,10.00,יחידה,false,,10.90,1.0900,true,1,81320
7290000190198,false,מטליות לחות לניקוי וחיטוי 99.9% ניקול 50 יחידה,עלבד משואות יצחק בעמ,,ניקול מטליות לחות לח,יחידה,0.00,יחידה,false,,10.90,0.0000,true,1,74097
7290000191101,false,סלט איקרה ורוד,,,סלט איקרה ורוד,קילוגרמים,1.00,"ק""ג",true,,70.00,70.0000,true,1,157526
7290000191171,false,קלינקס קולקשן ניילון אריזת זוג,חוגלה קימברלי,,קלינקס קולקשן זוג ני,גרמים,180.00,100 גרם,false,,9.90,0.0550,true,1,177595
7290000191225,false,חיתולים ליטל בייביז מידה 2 האגיס 46 יחידות,קימברלי קלארק שיווק,,האגיס חיתולי ם שלב 2,יחידה,46.00,יחידה,false,,33.90,0.7370,true,1,104308
7290000191393,false,מגבוני טישיו רכים שביעייה מולט 100X7יח',מולט,,ממחטות מולט 100 * 7,יחידה,7.00,יחידה,false,,17.90,2.5571,true,1,39279
7290000191539,false,חמישיית ממחטות טישו צבועני לילי 100 יחידות,חוגלה קימברלי,,לילי צבעוני חמישיה,יחידה,5.00,יחידה,false,,15.90,3.1800,true,1,67826
7290000191652,false,שלישיית ממחטות אולטרה סופט קלינקס 90 יחידות,חוגלה קימברלי,,קלינקס ממחטות טישו,יחידה,3.00,יחידה,false,,11.90,3.9667,true,1,34551
7290000191966,false,לילי נטורל קר נייר טואלט לח 48 דפים,עלבד משואות יצחק בעמ,,לילי נ.טואלט לח סנסט,יחידה,48.00,יחידה,false,,6.90,0.1438,true,1,145234
7290000192581,false,מגבת נייר גליל כפול ניקול 12=6 גליל,חוגלה קימברלי,,ניקול מגבת כפול 12=6,יחידה,0.00,יחידה,false,,21.90,0.0000,true,1,134425
7290000193014,false,מגן תחתון פדיות אינטרלוד לילי 50 יחידות,חוגלה קימברלי,,לילי מגיני יום אינטר,יחידה,50.00,יחידה,false,,9.90,0.1980,true,1,54291
7290000193076,false,"שלישיית מטליות לריצפה ""ניקול""",עופרטקס,,ניקול מטליות רצפה 3,יחידה,3.00,יחידה,false,,9.90,3.3000,true,1,88299
7290000193083,false,נובה-לי תחבושות היגייניות לילי 28 יחידות,חוגלה קימברלי,,לילי נובה לי 28 יח',יחידה,28.00,יחידה,false,,9.90,0.3536,true,1,54292
7290000193205,false,תחבושות עם כנפיים ללילה נטורל לילי 20 יחידות,חוגלה קימברלי,,לילי נטורל תחבושת לי,יחידה,20.00,יחידה,false,,14.90,0.7450,true,1,43690
7290000193540,false,מגן תחתון ארוך נטורל לילי 52 יחידות,חוגלה קימברלי,,לילי נטורל מגני תחתו,יחידה,52.00,יחידה,false,,14.90,0.2865,true,1,39460
7290000193618,false,לילי אינטימייט מגן תחתון נורמל 24 יח',חוגלה קימברלי,,לילי נטורל מגני תחתו,יחידה,62.00,יחידה,false,,14.90,0.2403,true,1,39280
7290000193649,false,תחבושות עם כנפיים נורמל פלוס לילי 24 יחידות,חוגלה קימברלי,,לילי נטורל תחבושות א,יחידה,24.00,יחידה,false,,14.90,0.6208,true,1,38994
7290000193656,false,תחבושות עם כנפיים סופר פלוס לילי 24 יחידות,חוגלה קימברלי,,לילי נטורל תחבושות א,יחידה,24.00,יחידה,false,,14.90,0.6208,true,1,38528
7290000197425,false,חיתולים פרידום דריי שלב 3 האגיס 52 יחידות,קימברלי קלארק ישראל,,האגיס פרידום דריי של,יחידה,54.00,יחידה,false,,42.90,0.7944,true,1,100838
7290000197456,false,חיתולים פרידום דריי שלב 4 האגיס 44 יחידות,קימברלי קלארק ישראל,,האגיס פרידום דרי,יחידה,44.00,יחידה,false,,42.90,0.9750,true,1,100839
7290000197463,false,חיתולים פרידום דריי שלב +4 האגיס 40 יחידות,קימברלי קלארק ישראל,,האגיס פרידום דריי של,יחידה,42.00,יחידה,false,,42.90,1.0214,true,1,100729
7290000197548,false,חיתולים פרידום דריי שלב 5 האגיס 36 יחידות,קימברלי קלארק ישראל,,האגיס פרידום דריי 36,יחידה,38.00,יחידה,false,,42.90,1.1289,true,1,100730
7290000197678,false,חיתולי האגיס פרידום דריי שלב 6 30 יחידות,קימברלי קלארק ישראל,,האגיס פרידום דריי של,יחידה,34.00,יחידה,false,,42.90,1.2618,true,1,100731
7290000198017,false,סלמי איטלקי מפולפל ז,,,סלמי איטלקי מפולפל ז,קילוגרמים,1.00,"ק""ג",true,,79.00,79.0000,true,1,144329
7290000198062,false,פסטרמה הודו אקסטרה מ,,,פסטרמה הודו אקסטרה מ,קילוגרמים,1.00,"ק""ג",true,,90.00,90.0000,true,1,181577
7290000198116,false,פסטרמה ברזילאית מעדנ,,,פסטרמה ברזילאית מעדנ,קילוגרמים,1.00,"ק""ג",true,,120.00,120.0000,true,1,190482
7290000199313,false,תחבושות עם כנפיים נורמל פלוס קוטקס 30 יחידות,חוגלה קימברלי,,קוטקס תחבושות יאנג 2,יחידה,28.00,יחידה,false,,18.90,0.6750,true,1,34474
7290000201795,false,"האגיס מגבונים לתינוק מבושם מארז, שלישיה * 64 יח'",חוגלה קימברלי,,מגבוני האגיס נטורל ק,יחידה,0.00,יחידה,false,,15.90,0.0000,true,1,131012
7290000201818,false,טיטולים פרימיום שלב 2 52 יחידות,חוגלה קימברלי,,טיטולים פרימיום שלב,יחידה,64.00,יחידה,false,,34.90,0.5453,true,1,100964
7290000201856,false,טיטולים פרימיום שלב4+ 38 יחידות .,חוגלה קימברלי,,טיטולים פרימיום שלב,יחידה,40.00,יחידה,false,,34.90,0.8725,true,1,100967
7290000201870,false,טיטולים פרימיום שלב 6 30 יחידות,חוגלה קימברלי,,טיטולים פרימיום שלב,יחידה,34.00,יחידה,false,,34.90,1.0265,true,1,100969
7290000201979,false,האגיס מגבונים ללא בישום רביעייה מהדורה,חוגלה קימברלי,,האגיס מגבונים לחים מ,יחידה,4.00,יחידה,false,,16.90,4.2250,true,1,107299
7290000204086,false,ניקול כרית קרצוף מארז שלישייה,חוגלה קימברלי,,ניקול כרית קרצוף 3יח,יחידה,3.00,יחידה,false,,10.90,3.6333,true,1,54314
7290000204147,false,רביעיית כרית יפנית עבה ניקול 4 יחידות,חוגלה קימברלי,,ניקול כריות יפניות 2,יחידה,4.00,יחידה,false,,10.90,2.7250,true,1,57897
7290000204215,false,שישיית כרית יפנית ניקול 6 יחידות,חוגלה קימברלי,,ניקול כריות יפניות ש,יחידה,6.00,יחידה,false,,10.90,1.8167,true,1,54315
7290000204253,false,מטליות רב שימושיות לניקיון ניקול 9 יחידות,נועם אורים-קיבוץ אור,,ניקול מטלית רב שימוש,יחידה,9.00,יחידה,false,,10.90,1.2111,true,1,54317
7290000204307,false,מטלית רב שימושית בגליל ניקול 40 יחידות,נועם אורים-קיבוץ אור,,מטליות ניקול 40 רב ש,יחידה,40.00,יחידה,false,,16.90,0.4225,true,1,54318
7290000204512,false,מטליות לחות לניקוי רצפה בריח לימון ניקול 10 יחידות,עלבד משואות יצחק בעמ,,ניקול מטליות לחות לר,יחידה,10.00,יחידה,false,,10.90,1.0900,true,1,120252
7290000205762,false,חיתולי האגיס אקסטרה קר מידה 3 48 יחידות,חוגלה קימברלי,,האגיס אקסטרה מידה 3,יחידה,0.00,יחידה,false,,49.90,0.0000,true,1,109132
7290000207063,false,רסק עגבניות פריכוז 28% 240 גרם יכין,היינץ צפון אמריקה מק,,רסק עגבניות פריכוז 2,גרמים,260.00,100 גרם,false,,5.90,0.0227,true,1,26536
7290000207162,false,רוטב עגבניות מרכיב טבעי 100 ג' יכין,"זנלכל בע""\מ",,רסק עגבניות מרכיב טב,גרמים,100.00,100 גרם,false,,2.50,0.0250,true,1,26425
7290000207438,false,עגבניות 2.5 A קוביות 850 גרם יכין,"זנלכל בע""\מ",,קוביות עגבניות,גרמים,800.00,100 גרם,false,,9.90,0.0124,true,1,28131
7290000208008,false,רסק פלפל חריף חריסה A2 יכין 550 ג',"זנלכל בע""\מ",,A2 חריסה,גרמים,570.00,100 גרם,false,,9.90,0.0174,true,1,26301
7290000208022,false,עגבניות 2.5 A מרוסקות 850 גרם יכין,"זנלכל בע""\מ",,2.5A עגבניות מרוסקות,גרמים,800.00,100 גרם,false,,9.90,0.0124,true,1,26537
7290000208077,false,אפונת גינה גדולה 550 גרם יכין,"זנלכל בע""\מ",,אפונה גדולה א-2,גרמים,550.00,100 גרם,false,,8.90,0.0162,true,1,26302
7290000208114,false,"אפונה וגזר יכין A2 פ""ק בית יוסף","זנלכל בע""\מ",,אפונה וגזר א2,גרמים,550.00,100 גרם,false,,8.90,0.0162,true,1,26286
7290000208138,false,סירופ דיאט בטעם ענבים יכין 1 ליטר,"זנלכל בע""\מ",,סירופ דיאט ענבים 1 ל,ליטרים,1.00,ליטר,false,,16.90,16.9000,true,1,26383
7290000208145,false,גרעיני תירס מתוק לייט 550 גרם יכין,"זנלכל בע""\מ",,A2 גרעיני תירס לייט,גרמים,550.00,100 גרם,false,,9.90,0.0180,true,1,26751
7290000208176,false,"תפוח אדמה יכין A2 פ""מ בית יוסף","זנלכל בע""מ",,"תפו""א קלופים א-2.",גרמים,550.00,100 גרם,false,,9.90,0.0180,true,1,26304
7290000208213,false,שעועית לבנה אפויה A2 ברוטב עגבניות יכין 560ג',היינץ צפון אמריקה מק,,A2 שעועית לבנה ברוטב,גרמים,580.00,100 גרם,false,,8.90,0.0153,true,1,26713
7290000208220,false,"שעועית צ'לי יכין פ""ק A2 בית יוסף",היינץ צפון אמריקה מק,,A2 שעועית צילי,גרמים,550.00,100 גרם,false,,9.90,0.0180,true,1,26305
7290000208244,false,"בסיס לשקשוקה יכין A2 פ""ק בית יוסף","זנלכל בע""מ",,A2 בסיס עגבניות לשקש,גרמים,570.00,100 גרם,false,,9.90,0.0174,true,1,26538
7290000208251,false,שעועית ירוקה חתוכה יכין 550 גרם,"זנלכל בע""מ",,שעועית ירוקה א2.,גרמים,550.00,100 גרם,false,,9.90,0.0180,true,1,26306
7290000208268,false,שעועית צהובה 560 גר יכין,קריות זול,,שעועית צהובה א-2.,גרמים,550.00,100 גרם,false,,9.90,0.0180,true,1,26307
7290000208312,false,גרעיני תירס מתוק בואקום יכין 400 גר',"זנלכל בע""\מ",,12OZ גרעיני תירס מתו,גרמים,325.00,100 גרם,false,,6.90,0.0212,true,1,26714
7290000208329,false,גרעיני תירס מתוק 550 גרם יכין,"זנלכל בע""\מ",,A2 גרעיני תירס מתוק,גרמים,550.00,100 גרם,false,,8.90,0.0162,true,1,26540
7290000208336,false,רסק יכין 240גר 22% יכין בית יוסף,"זנלכל בע""\מ",,רסק יכין 22% 260 גרם,גרמים,260.00,100 גרם,false,,4.50,0.0173,true,1,28132
7290000208343,false,עגבניות מרוסקות שום יכין A2.5 בית יוסף,היינץ צפון אמריקה מק,,עגבניות מרוסקות 800ג,גרמים,800.00,100 גרם,false,,9.90,0.0124,true,1,54321
7290000208350,false,עגבניות מרוסקות בצל 850 גר יכין A 2.5,זנלכל,,עגבניות מרוסקות עם ש,גרמים,800.00,100 גרם,false,,9.90,0.0124,true,1,60819
7290000208367,false,עגבניות מרוסקות בזיליקום יכין A2.5 בית יוסף,זנלכל,,עגבניות מרוסקות 800ג,גרמים,800.00,100 גרם,false,,9.90,0.0124,true,1,26308
7290000208404,false,A2 פול מצרי 550 גרם יכין,"זנלכל בע""\מ",,A2 פול מצרי ללא סוכר,גרמים,550.00,100 גרם,false,,8.90,0.0162,true,1,26715
7290000208428,false,חומוס יכין שלם 550 גר A/2,היינץ צפון אמריקה מק,,חומוס שלם ללא סוכר 5,גרמים,550.00,100 גרם,false,,8.90,0.0162,true,1,26287
7290000208459,false,"לקט אפונה, תפוחי אדמה וגזר יכין 550 גרם","זנלכל בע""\מ",,ירקות מעורבים,גרמים,600.00,100 גרם,false,,9.90,0.0165,true,1,26541
7290000208534,false,גרעיני תירס מתוק לילדים 550 גרם יכין,"זנלכל בע""\מ",,A2 גרעיני תירס קיד,גרמים,550.00,100 גרם,false,,9.90,0.0180,true,1,26309
7290000208855,false,רוטב לפסטה קלאסי 240 גרם יכין,"זנלכל בע""\מ",,רוטב עגבניות לפסטה 2,גרמים,260.00,100 גרם,false,,5.50,0.0212,true,1,26716
7290000208893,false,גרעיני תירס מתוק לייט 400 גרם יכין,היינץ צפון אמריקה מק,,תירס לייט ואקום 246,גרמים,246.00,100 גרם,false,,6.90,0.0280,true,1,28133
7290000208947,false,עגבניות מרוסקות 240 גרם יכין,היינץ צפון אמריקה מק,,עגבניות מרוסקות 260,גרמים,260.00,100 גרם,false,,5.50,0.0212,true,1,26289
7290000208978,false,רוטב עגבניות פריכוז יכין 100 גרם,"זנלכל בע""\מ",,רסק פריכוז %28 100 ג,גרמים,100.00,100 גרם,false,,3.50,0.0350,true,1,60820
7290000209012,false,חומץ 1ליטר יכין הדרים,"זנלכל בע""\מ",,חומץ הדרים 1 ליטר,ליטרים,1.00,ליטר,false,,6.90,6.9000,true,1,39464
7290000209029,false,חומץ הדרים 4 ל' יכין,,,חומץ הדרים 4 ליטר,ליטרים,4.00,ליטר,false,,22.90,5.7250,true,1,97101
7290000209043,false,מיץ לימון לתיבול יכין 1 ליטר,היינץ צפון אמריקה מק,,מיץ לימון משומר 1ליט,ליטרים,1.00,ליטר,false,,6.90,6.9000,true,1,39465
7290000209173,false,חומצה אצטית למזון 5% יכין 1 ליטר,"זנלכל בע""\מ",,חומץ סינטטי 1 ליטר,ליטרים,1.00,ליטר,false,,5.90,5.9000,true,1,38530
7290000209371,false,שלישיית תירס ואקום יכין 165 גרם,היינץ צפון אמריקה מק,,יכין תירס 3*340גר,גרמים,450.00,100 גרם,false,,14.90,0.0331,true,1,100353
7290000209388,false,תירס מתוק לייט יכין 200 גרם מארז 3 יח',"זנלכל בע""\מ",,יכין תירס 3*340גר,גרמים,140.00,100 גרם,false,,14.90,0.1064,true,1,100354
7290000209517,false,סירופ דיאט בטעם לימון יכין 1 ליטר,היינץ צפון אמריקה מק,,סירופ דיאט לימון 1 ל,ליטרים,1.00,ליטר,false,,16.90,16.9000,true,1,26545
7290000209524,false,סירופ דיאט בטעם פטל יכין 1 ליטר,"זנלכל בע""\מ",,סירופ דיאט פטל 1 ליט,ליטרים,1.00,ליטר,false,,16.90,16.9000,true,1,26719
7290000209531,false,סירופ דיאט בטעם אשכוליות יכין 1 ליטר,"זנלכל בע""\מ",,סירופ דיאט אשכוליות,ליטרים,1.00,ליטר,false,,16.90,16.9000,true,1,26314
7290000209555,false,סירופ דיאט בטעם תפוחים יכין 1 ליטר,"זנלכל בע""\מ",,"סירופ דיאט תפוח""ע 1",ליטרים,1.00,ליטר,false,,16.90,16.9000,true,1,26546
7290000209579,false,סירופ דיאט בטעם אננס יכין 1 ליטר,"זנלכל בע""\מ",,סירופ דיאט אננס 1 לי,ליטרים,1.00,ליטר,false,,16.90,16.9000,true,1,26387
7290000209708,false,עגבניות מרוסקות עם בזיליקום יכין 240 גרם,היינץ צפון אמריקה מק,,עגבניות מרוסקות בתוס,גרמים,260.00,100 גרם,false,,5.50,0.0212,true,1,26755
7290000209715,false,רסק עגבניות מרוכז 22% 570 גר',זנלכל,,A2 רסק עגבניות 22%-,גרמים,600.00,100 גרם,false,,7.00,0.0117,true,1,26720
7290000209722,false,רסק עגבניות 28% פריכוז 580 גרם יכין,"זנלכל בע""\מ",,A2 רסק עגבניות פריכו,גרמים,580.00,100 גרם,false,,10.90,0.0188,true,1,26435
7290000209906,false,עגבניות מרוסקות בתוספת בצל 240 גרם יכין,זנלכל,,עגבניות מרוסקות 260,גרמים,260.00,100 גרם,false,,5.50,0.0212,true,1,26436
7290000209913,false,עגבניות חתוכות לקוביות 240 גרם יכין,"זנלכל בע""\מ",,עגבניות קוביות 260 ג,גרמים,260.00,100 גרם,false,,5.50,0.0212,true,1,28137
7290000209944,false,רוטב לעגבניות בסיס לשקשוקה 240 ג' יכין,"זנלכל בע""\מ",,בסיס לעגבניות שקשוקה,גרמים,260.00,100 גרם,false,,5.50,0.0212,true,1,26315
7290000209951,false,רוטב עגבניות לפיצה 240 גרם יכין,"זנלכל בע""\מ",,יכין רוטב עגבניות לפ,גרמים,260.00,100 גרם,false,,5.50,0.0212,true,1,26756
7290000210360,false,גרעיני תירס מתוק פרי מבורך,,,תירס 3 קג A9 יכין,קילוגרמים,3.00,"ק""ג",false,,29.90,9.9667,true,1,26721
7290000210469,false,עגבניות שלמות יכין A2.5 בית יוסף,זנלכל,,עגבניות שלמות יכין 7,גרמים,800.00,100 גרם,false,,9.90,0.0124,true,1,26757
7290000210896,false,רוטב לפסטה בולונז 240 גרם יכין,"זנלכל בע""\מ",,יכין רוטב בולונז לפס,גרמים,260.00,100 גרם,false,,5.50,0.0212,true,1,26791
7290000211169,false,"אורז תאילנדי אחד אחד סוגת 1 ק""ג",האי נאם סי או אל.טי.,,סוגת אורז תאילנדי אח,קילוגרמים,1.00,"ק""ג",false,,6.90,6.9000,true,1,38895
7290000211312,false,סוגת אורז מלא פרסי אחד אחד 1 קג,האי נאם סי או אל.טי.,,סוגת אורז מלא פרסי א,קילוגרמים,1.00,"ק""ג",false,,7.90,7.9000,true,1,39531
7290000211374,false,"קמח חיטה מלא סוגת 1 ק""ג",טחנת קמח דגן-שטיבל,,"קמח מלא 1 ק""ג",קילוגרמים,1.00,"ק""ג",false,,7.90,7.9000,true,1,39389
7290000211442,false,"סוגת אורז פרסי קלאסי שקית 1 ק""ג",האי נאם סי או אל.טי.,,סוגת אורז פרסי קלאסי,גרמים,1000.00,100 גרם,false,,10.90,0.0109,true,1,39148
7290000211503,false,סוכר לבן ארוז בשקית,"סוגת תעשיות בע""\מ",,"סוכר סוגת 1 ק""ג",קילוגרמים,1.00,"ק""ג",false,,4.00,4.0000,true,1,54322
7290000211626,false,"אורז חיש 1 ק""ג סוגת","סוגת תעשיות בע""\מ",,"סוגת אורז חיש 1 ק""ג",קילוגרמים,1.00,"ק""ג",false,,11.10,11.1000,true,1,39532
7290000211985,false,"אורז ריזוטו עגול סוגת 1 ק""ג","סוגת תעשיות בע""\מ",,"סוגת אורז ריזוטו 1ק""",קילוגרמים,1.00,"ק""ג",false,,9.90,9.9000,true,1,38924
7290000218502,false,תערובת לחמין A-2 ויטה בדצ,"פרי הגליל בע""""מ",,2A חמין,גרמים,568.00,100 גרם,false,,9.90,0.0174,true,1,26439
7290000220004,false,אוזני המן,,,אוזני המן,קילוגרמים,1.00,"ק""ג",true,,39.90,39.9000,true,1,129708
7290000226444,false,פרוזן פילה אמנון 7-5,,,פרוזן פילה אמנון 7-5,קילוגרמים,1.00,"ק""ג",true,,29.90,29.9000,true,1,194678
7290000226514,false,עוגת דובוש טעם ריבת חלב קפולסקי 450 גרם,תופינים מקבוצת קפולסקי,,עוגת היום- דובוש ריב,גרמים,450.00,100 גרם,false,,38.90,0.0864,true,1,38446
7290000226545,false,"עוגת טורט היער השחור קפולסקי 1 ק""ג",קפולסקי שיווק וקמעונ,,עוגת טורט היער השחור,קילוגרמים,1.10,"ק""ג",false,,63.90,58.0909,true,1,39537
7290000226569,false,"עוגת טורט קצפת שוקולד קפולסקי 1 ק""ג",תופינים מקבוצת קפולסקי,,עוגת טורט קצפת שוקול,יחידה,1.00,יחידה,false,,63.90,63.9000,true,1,39538
7290000226576,false,"עוגת טורט מצופה שוקולד קפולסקי 1 ק""ג",תופינים מקבוצת קפולסקי,,עוגת טורט מצופה שוקו,יחידה,1.00,יחידה,false,,63.90,63.9000,true,1,39152
7290000234587,false,גבינת פרמזנו רגאנו ג,,,גבינת פרמזנו רגאנו ג,קילוגרמים,1.00,"ק""ג",true,,150.00,150.0000,true,1,135794
7290000238029,false,"בצק עלים צרפתי מרודד מעדנות 1 ק""ג",מיוצר עי קונדיטוריית,,מעדנות בצק עלים צרפת,יחידה,1.00,יחידה,false,,18.90,18.9000,true,1,26515
7290000238036,false,מלאווח בקופסא מעדנות 700 גרם,מיוצר עי קונדיטוריית,,מעדנות מלווח 700 גרם,גרמים,700.00,100 גרם,false,,15.90,0.0227,true,1,26550
7290000238173,false,בורקס גבינה מעדנות 800 גרם,מיוצר עי קונדיטוריית,,מעדנות בורקס גבינה 8,גרמים,800.00,100 גרם,false,,18.90,0.0236,true,1,28139
7290000238180,false,בורקס תפוחי אדמה מעדנות 800 גרם,מיוצר עי קונדיטוריית,,"מעדנות בורקס תפו""א 8",גרמים,800.00,100 גרם,false,,18.90,0.0236,true,1,26411
7290000240541,false,ריבועי בצק עלים מעדנות 800 גרם,מיוצר עי קונדיטוריית,,מעדנות ריבועי בצק בו,גרמים,800.00,100 גרם,false,,18.90,0.0236,true,1,26793
7290000244143,false,"הוואי - קרם לאחר גילוח 120 מ""ל",טרופיקל דגיל קוסמטיק,,הואי קרם לאחר גילוח,גרמים,120.00,100 גרם,false,,16.90,0.1408,true,1,38453
7290000244280,false,משחת גילוח 80 ג מקצי,טרופיקל דגיל,,משחת גלוח רגילה,יחידה,0.00,יחידה,false,,10.00,0.0000,true,1,39104
7290000245072,false,סוד מרכך כביסה בייבי סנסטיב 4 ליטר,"הנקל סוד בע""\מ",,סוד מרכך כביסה תינוק,ליטרים,4.00,ליטר,false,,18.90,4.7250,true,1,43699
7290000245089,false,סוד סופט מרכך כביסה סגול 4 ליטר,"הנקל סוד בע""מ",,סוד מרכך כביסה סגול,ליטרים,4.00,ליטר,false,,18.90,4.7250,true,1,43700
7290000245157,false,סוד סופט מרכך כביסה סנסיישן 4 ליטר,"הנקל סוד בע""\מ",,סוד מרכך כביסה סנסיי,ליטרים,4.00,ליטר,false,,18.90,4.7250,true,1,38454
7290000245294,false,"א.כ. פרסיל סופרא שקית 2.5 ק""ג","הנקל סוד בע""\מ",,פרסיל א.כביסה סופרא,קילוגרמים,2.50,"ק""ג",false,,25.00,10.0000,true,1,61579
7290000245782,false,סוד סופט מרכך כביסה ורוד 4 ליטר,"הנקל סוד בע""\מ",,סוד מרכך כביסה ורוד,ליטרים,4.00,ליטר,false,,18.90,4.7250,true,1,38899
7290000245799,false,סוד סופט מרכך כביסה כחול 4 ליטר,"הנקל סוד בע""\מ",,סוד מרכך כביסה כחול,ליטרים,4.00,ליטר,false,,18.90,4.7250,true,1,39107
7290000253220,false,שוקולד צ'יפס חום אופנהיימר 260 גר',אופנהיימר,,אופנהיימר שוק ציפס 2,גרמים,260.00,100 גרם,false,,11.90,0.0458,true,1,38537
7290000253251,false,שוקולד צ'יפס לבן אופנהיימר 250 גרם,אופנהיימר,,שוקולד ציפס לבן אופנ,גרמים,300.00,100 גרם,false,,11.90,0.0397,true,1,38900
7290000253558,false,חלת מרציפן אופנהיימר,אופנהיימר,,מרציפן חלה 50 גרם,יחידה,0.00,יחידה,false,,4.90,0.0000,true,1,142380
7290000253732,false,מרציפן מצופה שוקולד אופנהיימר 86 גר,אופנהיימר,,מרציפן מצופה שוקולד,יחידה,0.00,יחידה,false,,8.90,0.0000,true,1,142381
7290000253800,false,סוכריות לקישוט צבעוניות 90 גרם - צבעים טבעיים,אופנהיימר,,אופנהיימר סוכריות קי,יחידה,0.00,יחידה,false,,8.90,0.0000,true,1,129779
7290000258255,false,משולש גבינת גאודה 28,,,גאודה יעקבס,קילוגרמים,1.00,"ק""ג",true,,120.00,120.0000,true,1,143808
7290000258583,false,גבינת מנצ'גו קשה 30%,,,מנצגו יעקבס,קילוגרמים,1.00,"ק""ג",true,,159.00,159.0000,true,1,143813
7290000258651,false,מארז גרוייר יעקבס,,,מארז גרוייר יעקבס,קילוגרמים,1.00,"ק""ג",true,,129.00,129.0000,true,1,143817
7290000258736,false,משולש גבינת קשקבל צא,,,קשקבל יעקבס,קילוגרמים,1.00,"ק""ג",true,,159.00,159.0000,true,1,143815
7290000262161,false,נייר טואלט לב אדום 40 גלילים מולט,מולט / שמורת טבע,,נייר מולט 40 יח,יחידה,40.00,יחידה,false,,39.90,0.9975,true,1,148153
7290000262413,false,חיתולי האגיס אקסטרה קייר מידה 5 34 יחידות,חוגלה קימברלי,,האגיס אקסטרה מידה 5,יחידה,0.00,יחידה,false,,49.90,0.0000,true,1,109134
7290000263359,false,חיתולים ליטל בייביז מידה 1 האגיס 40 יחידות,קימברלי קלארק שיווק,,האגיס פיור נטורל שלב,יחידה,40.00,יחידה,false,,33.90,0.8475,true,1,39109
7290000267050,false,שקדים טבעיים טחונים השף 100 גרם,"דין שיווק וקליה בע""מ",,שקדיה שקד טבעי טחון,גרמים,100.00,100 גרם,false,,9.90,0.0990,true,1,78026
7290000267104,false,שקד מולבן גרוס/מרוסק 100 גרם,"דין שיווק וקליה בע""מ",,שקדיה שקד טבעי גרוס,גרמים,100.00,100 גרם,false,,9.90,0.0990,true,1,78024
7290000272443,false,סירופ דיאט בטעם תפוזים עסיס 1 ליטר,בית-השיטה עסיס תעשיות מז,,עסיס סירופ דיאט בטעם,ליטרים,1.00,ליטר,false,,19.90,19.9000,true,1,26552
7290000272696,false,מיץ לימון עסיס משומר 1 ליטר-בקבוק,בית-השיטה עסיס תעשיות מז,,עסיס מיץ לימון משומר,ליטרים,1.00,ליטר,false,,10.90,10.9000,true,1,39158
7290000272726,false,חומץ רכיבים רכיבים טבעיים 5% עסיס 1 ליטר,בית-השיטה עסיס תעשיות מז,,עסיס חומץ טבעי 5% 1,ליטרים,1.00,ליטר,false,,8.90,8.9000,true,1,38706
7290000281382,false,נתחי פילה דג סלמון ק,,,דלי דג מנות סלמון,קילוגרמים,1.00,"ק""ג",true,,89.90,89.9000,true,1,138132
7290000281429,false,סטיק טונה אדומה מעוב,,,סטיק טונה אדומה מעוב,קילוגרמים,1.00,"ק""ג",true,,64.90,64.9000,true,1,139541
7290000281436,false,סטייק דג טונה בהירה,,,סטייק דג טונה בהירה,קילוגרמים,1.00,"ק""ג",true,,64.90,64.9000,true,1,169532
7290000284316,false,קוקה -קולה בקבוק 1.5 ליטר,החברה המרכזית לייצור משקאות,,קוקה קולה 1.5 ליטר,ליטרים,1.50,ליטר,false,,8.90,5.9333,true,1,28140
7290000286035,false,צ'דר אנגלי,,,צ'דר אנגלי,קילוגרמים,1.00,"ק""ג",true,,100.00,100.0000,true,1,191110
7290000286228,false,ספוגיות לניקוי כללי סנו סושי 6 יחידות,סנו מפעלי ברונו בעמ,,סנו סושי שישיות,יחידה,6.00,יחידה,false,,10.90,1.8167,true,1,46524
7290000286237,false,פילה דג סלמון נורווג,,,פילה דג סלמון נורווג,קילוגרמים,1.00,"ק""ג",true,,89.90,89.9000,true,1,190434
7290000286299,false,פילה דג סלמון אטלנטי,,,פילה דג סלמון אטלנטי,קילוגרמים,1.00,"ק""ג",true,,79.90,79.9000,true,1,189352
7290000286549,false,מטליות לניקוי כללי סנו סושי 9 יחידות,נועם אורים תעשיות בע,,סנו סושי מטליות לכל,יחידה,9.00,יחידה,false,,11.90,1.3222,true,1,47074
7290000286594,false,אבקה לניקוי במיכל לימון X סנו 600 גרם,סנו מפעלי ברונוס בעמ,,סנו X לימון במיכל 60,גרמים,600.00,100 גרם,false,,9.90,0.0165,true,1,46608
7290000286631,false,"אבקה לניקוי ומירוק בריח לימון סנו 600 מ""ל",קריות זול,,סנו X לימון מילוי 60,גרמים,600.00,100 גרם,false,,6.90,0.0115,true,1,47075
7290000286907,false,"ספריי מסיר כתמים באירוסול ""סנו""",סנו מפעלי ברונוס בעמ,,סנוקל מסיר כתמים,גרמים,170.00,100 גרם,false,,24.90,0.1465,true,1,46840
7290000286909,false,פילה דג סלמון אטלנטי,,,פילה דג סלמון אטלנטי,קילוגרמים,1.00,"ק""ג",true,,79.90,79.9000,true,1,189205
7290000286921,false,"ספריי להסרת כתמים סנו קל 750 מ""ל",סנו מפעלי ברונוס בעמ,,"סנוקל רסס כבס 750מ""ל",מיליליטרים,750.00,"100 מ""ל",false,,14.90,0.0199,true,1,46610
7290000286971,false,גבינת ברי קמבוזולה ב,,,ישרקו קמבוזולה,קילוגרמים,1.00,"ק""ג",true,,190.00,190.0000,true,1,117860
7290000287102,false,"ספריי שמפו לניקוי שטיחים סנו 600 מ""ל",מיוצר עי קונדיטוריית,,סנו שמפו שטיחים אירו,מיליליטרים,600.00,"100 מ""ל",false,,22.90,0.0382,true,1,46952
7290000287195,false,"סנו רהיט לניקוי ושמירה על רהיטים 300 מ""ל",מיוצר עי קונדיטוריית,,סנו רהיט ספריי עשיר,מיליליטרים,305.00,"100 מ""ל",false,,14.90,0.0489,true,1,46841
7290000287409,false,"שלישיית סנובון תות לאסלה ""סנו""",סנו מפעלי ברונוס בעמ,,סנובון שלישיה תות 3*,יחידה,3.00,יחידה,false,,12.90,4.3000,true,1,46481
7290000287430,false,סנובון צבעוני לאסלה בריח לימון שלישייה,סנו מפעלי ברונו בעמ,,סנובון שלישיה צבעוני,יחידה,3.00,יחידה,false,,12.90,4.3000,true,1,54340
7290000287492,false,"סנובון נוזל לניקוי אסלות בריח לימון סנו 750 מ""ל","סנו מפעלי ברונוס בע""מ",,סנובון נוזלי בניחוח,מיליליטרים,750.00,"100 מ""ל",false,,10.90,0.0145,true,1,47077
7290000287621,false,"אנטי קאלק נוזל לניקוי אסלות סנו 750 מ""ל",מיוצר עי קונדיטוריית,,סנו אנטי קאלק W.C מנ,מיליליטרים,750.00,"100 מ""ל",false,,11.90,0.0159,true,1,46620
7290000288017,false,אקונומיקה בריח לימון סנו ז'אוול 1 ליטר,"סנו מפעלי ברונוס בע""",,סנו זאוול לימון 1ליט,מיליליטרים,1000.00,"100 מ""ל",false,,8.90,0.0089,true,1,46845
7290000288024,false,סנו - ז'אוול אקונומיקה בריח לימון 4 ליטר,"סנו מפעלי ברונוס בע""מ",,סנו זאוול בריח לימון,ליטרים,4.00,ליטר,false,,18.90,4.7250,true,1,47078
7290000288048,false,סנו זאוול מרסס מונבלאן 1 ליטר,"סנו מפעלי ברונוס בע""מ",,סנו ג'אוול מרסס לבנד,ליטרים,1.00,ליטר,false,,16.90,16.9000,true,1,45951
7290000288086,false,אבקת ניקוי עם אקונומיקה בריח לימון סנו ז'אוול 600 ג',מיוצר עי קונדיטוריית,,אבקת ניקוי ג'אוול לי,גרמים,600.00,100 גרם,false,,9.90,0.0165,true,1,46613
7290000288253,false,"קוטל חרקים מעופפים K-400 סנו 630 מ""ל",מיוצר עי קונדיטוריית,,מעופפים K-400,מיליליטרים,630.00,"100 מ""ל",false,,22.90,0.0363,true,1,52345
7290000288291,false,סנומט דוחה יתושים לוחיות אידוי 30 יחידות,טרופיקל דגיל תעשיות,,סנומט-30 טבליות,יחידה,30.00,יחידה,false,,13.90,0.4633,true,1,46622
7290000288352,false,"קוטל חרקים וזוחלים K-300 סנו 630 מ""ל","סנו מפעלי ברונוס בע""מ",,K - 300,מיליליטרים,630.00,"100 מ""ל",false,,23.90,0.0379,true,1,46847
7290000288383,false,"קוטל נמלים ותיקנים K-500 סנו 400 מ""ל",מיוצר עי קונדיטוריית,,נמלים K-500,מיליליטרים,405.00,"100 מ""ל",false,,24.90,0.0615,true,1,45952
7290000288390,false,"קוטל זבובים ויתושים K-600 סנו 500 מ""ל","סנו מפעלי ברונוס בע""מ",,מעופפים יבש K-600,מיליליטרים,475.00,"100 מ""ל",false,,22.90,0.0482,true,1,46848
7290000288420,false,"תרסיס דוחה יתושים סנו די 175 מ""ל",טרופיקל דגיל תעשיות,,סנו די-תרסיס,מיליליטרים,125.00,"100 מ""ל",false,,20.90,0.1672,true,1,46614
7290000289069,false,סנו - ז'אוול מרסס קצף ניקוי בתוספת אקונומיקה בריח לימון 1 ליטר,"סנו מפעלי ברונוס בע""מ",,סנו ג'אוול מרסס לימו,ליטרים,1.00,ליטר,false,,16.90,16.9000,true,1,47082
7290000289595,false,"אורביטול משחת שיניים לילדים בטעם תות שדה 145 מ""ל",טרופיקל דגיל תעשיות קוסמ,,אורביטול לילדים בטעם,מיליליטרים,100.00,"100 מ""ל",false,,9.90,0.0990,true,1,46626
7290000289748,false,"מסיר שומנים לתנורים פורטה פלוס סנו 750 מ""ל","סנו מפעלי ברונוס בע""\מ",,סנו פורטה פלוס לתנור,מיליליטרים,750.00,"100 מ""ל",false,,14.90,0.0199,true,1,46627
7290000291932,false,"סנובון נוזל לניקוי אסלה בניחוח לבנדר סנו 750 מ""ל","סנו מפעלי ברונוס בע""מ",,סנובון נוזלי בניחוח,מיליליטרים,750.00,"100 מ""ל",false,,10.90,0.0145,true,1,46960
7290000292007,false,K3 פיתיון ג'ל קוטל תיקנים (ג'וקים) בבית ובחצר,מיוצר עי קונדיטוריית,,סנו K3 פיתיון גל לקט,יחידה,0.00,יחידה,false,,49.90,0.0000,true,1,141285
7290000292311,false,פוליויקס נוזל רצפות בניחוח סחלבים סנו 2 ליטר,"סנו מפעלי ברונוס בע""\מ",,פוליוקס 2 ליטר סחלבי,ליטרים,2.00,ליטר,false,,21.90,10.9500,true,1,45955
7290000292557,false,סנומט מלוי נוזלי דוחה יתושים 45 לילות,טרופיקל דגיל תעשיות,,סנומט מלוי 45 לילות,יחידה,0.00,יחידה,false,,19.90,0.0000,true,1,46961
7290000292915,false,"תרסיס לניקוי כללי רסס ונגב סנו 750 מ""ל","סנו מפעלי ברונוס בע""\מ",,סנו רסס ונגב אקדח 60,מיליליטרים,600.00,"100 מ""ל",false,,13.90,0.0232,true,1,46854
7290000292939,false,אקווה בלו למיכל אסלה100ג,סנו מפעלי ברונוס בעמ,,סנו אקוה בלו,גרמים,180.00,100 גרם,false,,13.00,0.0722,true,1,46632
7290000293073,false,מקסימה מרכך כביסה ביו לבן סנו 4 ליטר,"סנו מפעלי ברונוס בע""\מ",,סנו מקסימה ביו לבן 4,ליטרים,4.00,ליטר,false,,22.90,5.7250,true,1,45957
7290000293561,false,"תרסיס להסרת כתמי עובש עם אקונומיקה סנו 750 מ""ל","סנו מפעלי ברונוס בע""\מ",,"סנו מסיר עובש 750 מ""",מיליליטרים,750.00,"100 מ""ל",false,,14.90,0.0199,true,1,46634
7290000293820,false,"קרמה מן שמפו וג'ל גל רחצה אקטיב בלוק 700מ""ל",גוד פוד פרודקטס S.p,,קרמה מן ג'ל רחצה אקט,מיליליטרים,700.00,"100 מ""ל",false,,17.90,0.0256,true,1,134782
7290000293837,false,"קרמה מן דאודורנט ג'ל אנטיפרספירנט 70 מ""ל",קוסמופארם בעמ,,קרמה מן דאודורנט גל,יחידה,0.00,יחידה,false,,13.90,0.0000,true,1,134783
7290000293943,false,"מרסס לבן מסיר אבנית 1 ליטר אנטי קאלק ""סנו""",מיוצר עי קונדיטוריית,,סנו אנטי קאלק+מתז 1ל,מיליליטרים,1000.00,"100 מ""ל",false,,19.90,0.0199,true,1,45959
7290000294391,false,נוזל לניקוי כללי בניחוח סחלבים סנו ג'ט 4 ליטר,סנו מפעלי ברונוס בעמ,,סנו ג'ט יכול הכל סחל,ליטרים,4.00,ליטר,false,,19.90,4.9750,true,1,45960
7290000294780,false,אקונומיקה סמיכה בריח לימון סנו ז'אוול 4 ליטר,"סנו מפעלי ברונוס בע""מ",,סנו זאוול סמיכה 4 לי,ליטרים,4.00,ליטר,false,,18.90,4.7250,true,1,46491
7290000295121,false,מטליות זיגזג סנו סושי לניקוי רצפות 3יח',קריות זול,,מטלית זיגזג 3יח,יחידה,3.00,יחידה,false,,11.90,3.9667,true,1,46636
7290000295367,false,"מקסימה אבקת כביסה אפקט ז'אוול סנו 2.5 ק""ג",סנו מקסימה,,סנו מקסימה אפקט ג'או,קילוגרמים,2.50,"ק""ג",false,,26.90,10.7600,true,1,46492
7290000300697,false,טריקולור בסירון,,,טריקולור בסירון,קילוגרמים,1.00,"ק""ג",true,,180.00,180.0000,true,1,173159
7290000300900,false,שניצל תירס מרכיבים טבעיים טבעול 750 גרם,עיצובים 2020 (4.8),,שניצל תירס טבע טבעול,גרמים,750.00,100 גרם,false,,29.90,0.0399,true,1,26637
7290000301539,false,גאודה עיזים סיימן,,,גאודה עיזים סיימן,קילוגרמים,1.00,"ק""ג",true,,140.00,140.0000,true,1,132261
7290000307015,false,אפונת גינה בינונית פרי הגליל 550 גרם,"פרי הגליל בע""""מ",,אפונת גינה גדול A2,גרמים,550.00,100 גרם,false,,7.90,0.0144,true,1,26798
7290000307046,false,אפונת גינה וגזר פרי הגליל 550 גרם,"פרי הגליל בע""""מ",,אפונה וגזר A2,גרמים,550.00,100 גרם,false,,7.90,0.0144,true,1,26639
7290000307237,false,גרעיני תירס מתוק פרי הגליל 550 גרם,"פרי הגליל בע""""מ",,תירס גרעינים 550 גרם,גרמים,550.00,100 גרם,false,,7.90,0.0144,true,1,26799
7290000307800,false,פול ירוק מוקפא פרי גליל 800ג',"פרי הגליל בע""""מ",,פרי הגליל פול 800גרם,גרמים,800.00,100 גרם,false,,14.90,0.0186,true,1,26349
7290000307985,false,גרעיני תירס מתוק ללא למלח 325 גרם פרי הגליל,"פרי הגליל בע""""מ",,גרעיני תירס מתוק,גרמים,325.00,100 גרם,false,,6.90,0.0212,true,1,26641
7290000311425,false,ופל מצופה עשיריות מן 220 גרם מארז 10 יחידות,תות ממתקי איכות,,וופל מצופה מן עשיריו,יחידה,0.00,יחידה,false,,7.90,0.0000,true,1,193385
7290000313160,false,זהבה ושלושת הדובים עוגיות בטעם שוקולד אסם 350 גרם,"הגביע מוצרי וופלים בע""\מ",,חברים זהבה ושלושת הד,גרמים,250.00,100 גרם,false,,8.90,0.0356,true,1,39300
7290000313184,false,עוגיות חברים ביסקויט גן חיות 250 גרם,"הגביע מוצרי וופלים בע""\מ",,חברים ביסקויט גן חיו,גרמים,250.00,100 גרם,false,,8.90,0.0356,true,1,38570
7290000313290,false,אסם נודלס נודלס איטריות מסולסלות 200גר,תאי פרזידנט פוד בנגק,,אסם נודלס נודלס איטר,גרמים,200.00,100 גרם,false,,10.90,0.0545,true,1,39552
7290000315126,false,קנור ציר עוף משחתי 300 ג,יוניליוור ישראל מזון בע\,,קנור ציר עוף משחתי 3,גרמים,300.00,100 גרם,false,,24.90,0.0830,true,1,39554
7290000315133,false,קנור ציר בקר משחתי 300ג,יוניליוור ישראל מזון בע\,,קנור ציר בקר משחתי 3,גרמים,300.00,100 גרם,false,,24.90,0.0830,true,1,38571
7290000318127,false,"נקניקיות ביס 380 גרם ""יחיעם""",מעדני יחיעם 1993,,נקניקיות ביס 380 גרם,גרמים,380.00,100 גרם,false,,14.00,0.0368,true,1,35230
7290000318677,false,נקניק סלמי סרוולט יחיעם 150 גרם,מעדני יחיעם 1993,,סלמי סרוולט 150גר יח,גרמים,150.00,100 גרם,false,,29.90,0.1993,true,1,35247
7290000318707,false,נקניק סלמי מעושן יחיעם 500 גרם,מעדני יחיעם 1993,,נקניק סלמי מעושן 500,גרמים,500.00,100 גרם,false,,33.90,0.0678,true,1,35249
7290000318738,false,נקניק עוף אריזה אדומה 450 ג' יחיעם,קריות זול,,נקניק עוף 450 גר,גרמים,450.00,100 גרם,false,,11.00,0.0244,true,1,35251
7290000318943,false,פסטרמה של פעם מעושן 1.5% יחיעם 200 גרם,תאי פרזידנט פוד פאבל,,פסטרמה של פעם 200 גר,גרמים,200.00,100 גרם,false,,24.00,0.1200,true,1,35258
7290000319063,false,כתף בקר מפולפל יחיעם 150 גרם,מעדני יחיעם,,כתף בקר מפולפל 150 ג,גרמים,150.00,100 גרם,false,,29.90,0.1993,true,1,132251
7290000319124,false,סלמי סרוולט מאפ יחיעם 250 גרם,מעדני יחיעם 1993,,סלמי סרוולט 250 גרם,גרמים,250.00,100 גרם,false,,39.90,0.1596,true,1,53185
7290000319131,false,נקניקיות עוף יחיעם 400 גרם,מעדני יחיעם 1993,,נקניקיות עוף 400ג,גרמים,400.00,100 גרם,false,,11.90,0.0298,true,1,54351
7290000319520,false,נקניק סלמי צרפתי יחיעם 100 גרם,מעדני יחיעם 1993,,סאלמי צרפתי יחיעם 10,גרמים,100.00,100 גרם,false,,20.10,0.2010,true,1,54356
7290000319803,false,קבנוס קלאסי יחיעם 125 גרם,תאי פרזידנט פוד פאבל,,קבנוס קלאסי 125 גרם,גרמים,125.00,100 גרם,false,,13.90,0.1112,true,1,102752
7290000319834,false,קבנוס פפרוני קלאסי 125 גרם,תאי פרזידנט פוד פאבל,,קבנוס פפרוני קלאסי 1,גרמים,125.00,100 גרם,false,,14.90,0.1192,true,1,102753
7290000319841,false,פסטרמה מהמעשנה במשקל,יחיעם,,פסטרמה המעשנה יחיעם,קילוגרמים,1.00,"ק""ג",true,,85.00,85.0000,true,1,189280
7290000319964,false,"נקנקיות עוף חריפות 1 ק""ג יחיעם",,,נקניקיות עוף חריפות,יחידה,0.00,יחידה,false,,23.00,0.0000,true,1,149276
7290000334042,false,"צ'יפס טוגן תפוגן 2 ק""ג","תעשיות תפוגן בע""מ",,"תפוגן טוגן 2ק""ג",קילוגרמים,2.00,"ק""ג",false,,22.90,11.4500,true,1,176761
7290000334325,false,ציפס למיקרו מארז שלישיה 125 ג' תפוגן,"תעשיות תפוגן בע""\מ",,תפוגן ציפס למיקרו מא,גרמים,380.00,100 גרם,false,,15.00,0.0395,true,1,26526
7290000334684,false,תפוגן טבעות בצל 700 גרם,"תעשיות תפוגן בע""\מ",,טבעות בצל 700 גרם,גרמים,700.00,100 גרם,false,,18.90,0.0270,true,1,26350
7290000334745,false,"אמריקאן צ'יפס תפוגן 1.5 ק""ג","תעשיות תפוגן בע""מ",,תפוגן צ'יפס אמירקן 1,קילוגרמים,1.50,"ק""ג",false,,25.90,17.2667,true,1,102744
7290000339191,false,אבקת הלבנה רן ללא כל,יוניליוור ניקיון,,אבקת הלבנה רן 350 גר,גרמים,350.00,100 גרם,false,,22.90,0.0654,true,1,43711
7290000339566,false,בדין מרכך כביסה ורוד 4 ליטר,יוניליור ישראל טיפוח איש,,בדין מרכך כביסה ורוד,ליטרים,4.00,ליטר,false,,21.90,5.4750,true,1,43712
7290000342832,false,בדין מרכך כביסה 4 ליטר צהוב,יוניליוור פארם,,בדין צהוב 4 ליטר,ליטרים,4.00,ליטר,false,,21.90,5.4750,true,1,38908
7290000342856,false,מרכך כביסה כחול בדין 4 ליטר,יוניליור ישראל טיפוח איש,,בדין מרכך כביסה כחול,ליטרים,4.00,ליטר,false,,21.90,5.4750,true,1,39303
7290000345048,false,תה ויסוצקי 74 - 125 גרם,תה ויסוצקי,,תה 74 125 גרם,גרמים,125.00,100 גרם,false,,14.00,0.1120,true,1,38909
7290000345055,false,תה עלים ארל גריי ויסוצקי 100 גרם,מולינו ניקולי s.p.a,,תה ארל גריי 100 גרם,יחידה,0.00,יחידה,false,,15.00,0.0000,true,1,39304
7290000345208,false,תה כחול קלאסיק ויסוצקי 25 יחידות,תה ויסוצקי,,תה ויסוצקי קלאסיק 25,יחידה,25.00,יחידה,false,,8.00,0.3200,true,1,38911
7290000345215,false,תה כחול קלאסיק ויסוצקי 100 יחידות,מולינו ניקולי s.p.a,,תה ויסוצקי קלאסיק 10,יחידה,100.00,יחידה,false,,23.00,0.2300,true,1,39548
7290000345260,false,תה קלאסיק מעטפות ויסוצקי 25 יחידות,מולינו ניקולי s.p.a,,תה ויסוצקי קלאסיק 1,יחידה,0.00,יחידה,false,,8.00,0.0000,true,1,39549
7290000345277,false,תה קלאסיק מעטפות ויסוצקי 50 יחידות,מולינו ניקולי s.p.a,,תה ויסוצקי קלאסיק 1.,יחידה,0.00,יחידה,false,,14.90,0.0000,true,1,39564
7290000345284,false,תה ויסוצקי קלאסי אריזה ירוקה מרובעת (100 שקיקים),מולינו ניקולי s.p.a,,תה ויסוצקי קלאסיק 10,יחידה,100.00,יחידה,false,,20.00,0.2000,true,1,38707
7290000345291,false,תה ארל גריי 25 שקיקים ויסוצקי,תה ויסוצקי,,תה ארל גריי,יחידה,0.00,יחידה,false,,16.00,0.0000,true,1,39565
7290000345307,false,תה ארל גריי 50 שקיקים ויסוצקי,מולינו ניקולי s.p.a,,תה ארל גריי 1.5/50,יחידה,0.00,יחידה,false,,29.90,0.0000,true,1,39550
7290000345536,false,תה נענע ויסוצקי 25 יחידות,מולינו ניקולי s.p.a,,תה נענע 25 שקיות 1.5,יחידה,25.00,יחידה,false,,16.90,0.6760,true,1,39113
7290000345666,false,תה אינגליש ברקפסט 25 שקיקים 2 גרם,ויסוצקי,,תה אינגליש ברפקסט,יחידה,0.00,יחידה,false,,17.00,0.0000,true,1,43715
7290000346021,false,חליטת קמומיל הגן הקסום ויסוצקי 50 יחידות,בית ויסוצקי,,תה קמומיל 50 שקיקים,יחידה,0.00,יחידה,false,,34.90,0.0000,true,1,38580
7290000346120,false,חליטת קינמון הגן הקסום ויסוצקי 25 יחידות,תה ויסוצקי,,קסם הקנמון 25 שקיקים,יחידה,0.00,יחידה,false,,17.90,0.0000,true,1,38709
7290000346137,false,חליטת הילולי פירות הגן הקסום ויסוצקי 25 יחידות,תה ויסוצקי,,הילולי פירות 25 שקיק,יחידה,0.00,יחידה,false,,17.90,0.0000,true,1,39114
7290000346144,false,הגן הקסום תה עינוגי התפוח ויסוצקי 25 יחידות,תה ויסוצקי,,תה עינוגי התפוח 25 ש,יחידה,25.00,יחידה,false,,17.90,0.7160,true,1,39624
7290000346168,false,הגן הקסום חליטת שומר ויסוצקי 25 יחידות,תה ויסוצקי,,תה חליטת שומר גן קסו,יחידה,25.00,יחידה,false,,17.90,0.7160,true,1,38710
7290000346199,false,חליטת פירות יער הגן הקסום ויסוצקי 25 יחידות,תה ויסוצקי,,תה פירות יער 25 שקיק,יחידה,0.00,יחידה,false,,17.90,0.0000,true,1,39625
7290000346205,false,חליטת קמומיל הגן הקסום ויסוצקי 25 יחידות,תה ויסוצקי,,תה קמומיל 25 שקיקים,יחידה,25.00,יחידה,false,,17.90,0.7160,true,1,38912
7290000346212,false,חליטת מנטה הגן הקסום ויסוצקי 25 יחידות,תה ויסוצקי,,תה מנטה 25 שקיקים,יחידה,25.00,יחידה,false,,17.90,0.7160,true,1,43716
7290000346229,false,הגן הקסום תה ורד הבר והיביסקוס ויסוצקי 25 יחידות,תה ויסוצקי,,תה ורד הבר והיביסקוס,יחידה,25.00,יחידה,false,,17.90,0.7160,true,1,39305
7290000346236,false,חליטת לואיזה וורבנה הגן הקסום ויסוצקי 25 יחידות,תה ויסוצקי,,תה לואיזה ורבנה 25 ש,יחידה,25.00,יחידה,false,,17.90,0.7160,true,1,39626
7290000346960,false,תה ויסוצקי נענע 1.7 גרם 50יח',בית ויסוצקי,,תה נענע 50 שקיקים 1.,יחידה,0.00,יחידה,false,,34.90,0.0000,true,1,39628
7290000347738,false,תה ירוק נענע ויסוצקי 25 יחידות,תה ויסוצקי,,תה ירוק נענע 25 שק,יחידה,25.00,יחידה,false,,24.90,0.9960,true,1,38712
7290000347752,false,תה ירוק לימונית ולואיזה 25 שקיקים *1.5 ג'' ויסוצקי,תה ויסוצקי,,תה ירוק לימונית ולוא,יחידה,25.00,יחידה,false,,24.90,0.9960,true,1,39117
7290000355412,false,עגבניות מרוסקות A2.5 ושום טל וטרי 800 גר',"מילוז(1989)בע""""מ",,עג.מרוסקות +שום 800,גרמים,800.00,100 גרם,false,,7.90,0.0099,true,1,26527
7290000355757,false,עגבניות מרוסקות טל וטרי 800 גרם,"מילוז(1989)בע""""מ",,עגבניות מרוסקות,גרמים,800.00,100 גרם,false,,7.90,0.0099,true,1,26474
7290000356227,false,מקרל מעושן גדול,,,מקרל מעושן גדול,קילוגרמים,1.00,"ק""ג",true,,85.00,85.0000,true,1,157155
7290000356289,false,פילה הרינג מעושן,,,פילה הרינג מעושן,קילוגרמים,1.00,"ק""ג",true,,55.00,55.0000,true,1,157159
7290000356418,false,פילה הרינג בשמן,,,פילה הרינג בשמן,קילוגרמים,1.00,"ק""ג",true,,45.00,45.0000,true,1,157123
7290000356470,false,מקרל פרוס בשמן,,,מקרל פרוס בשמן,קילוגרמים,1.00,"ק""ג",true,,85.00,85.0000,true,1,157136
7290000356630,false,פילה הרינג כבוש,,,פילה הרינג כבוש,קילוגרמים,1.00,"ק""ג",true,,45.00,45.0000,true,1,157125
7290000356715,false,סאלאקה מעושנת,,,סאלאקה מעושנת,קילוגרמים,1.00,"ק""ג",true,,70.00,70.0000,true,1,157172
7290000356951,false,פילה סלמון פרוס בעיש,,,פילה סלמון פרוס בעיש,קילוגרמים,1.00,"ק""ג",true,,180.00,180.0000,true,1,157139
7290000358883,false,מס' 8 חלק,,,מס' 8 חלק,קילוגרמים,1.00,"ק""ג",true,,29.90,29.9000,true,1,142860
7290000363899,false,נקניקיות פיקנטיות טירת צבי 400 גרם,טירת צבי - מדף,,טירת צבי נקניקיות פי,גרמים,400.00,100 גרם,false,,14.00,0.0350,true,1,39215
7290000364131,false,סלמי פריזר כפרי טירת 400 ג' צבי,טירת צבי,,טירת צבי נקניק פריזר,גרמים,400.00,100 גרם,false,,17.20,0.0430,true,1,38583
7290000364131,false,סלמי פריזר כפרי טירת 400 ג' צבי,טירת צבי,,טירת צבי נקניק פריזר,גרמים,400.00,100 גרם,false,,17.20,0.0430,true,1,181595
7290000364261,false,"דקניקים, סלסולי פסטרמה כתף בקר מעושנת 120 גרם",הנסיך- מפעל לייצור ט,,טירת צבי סלסולי כתף,גרמים,120.00,100 גרם,false,,15.00,0.1250,true,1,43721
7290000364278,false,דקניקים סלסולי סלמי איטלקי משובח טירת צבי 120 גרם,הנסיך- מפעל לייצור ט,,טירת צבי סלסולי סלמי,גרמים,120.00,100 גרם,false,,15.00,0.1250,true,1,39306
7290000364285,false,דקניקים סלסולי פסטרמה הודו טירת צבי 120 גרם,הנסיך- מפעל לייצור ט,,טירת צבי סלסולי פסטר,גרמים,120.00,100 גרם,false,,15.00,0.1250,true,1,43722
7290000364292,false,דקניקים סלסולי פסטרמה הודו על גחלים 1% טירת צבי 120 גרם,הנסיך- מפעל לייצור ט,,טירת צבי סלסולי פסטר,גרמים,120.00,100 גרם,false,,15.00,0.1250,true,1,39630
7290000364858,false,"נקניקיות עוף טרי טירת צבי 1 ק""ג",הנסיך- מפעל לייצור ט,,טירת צבי נקניקיות עו,קילוגרמים,1.00,"ק""ג",false,,30.30,30.3000,true,1,39018
7290000364872,false,נקניקיות עוף טירת צבי 400 גרם,טיב טירת צבי 2000,,טירת צבי נקניקיות עו,גרמים,400.00,100 גרם,false,,14.00,0.0350,true,1,38717
7290000364957,false,נקניקיות עוף מיני מיני טירת צבי 700 גרם,הנסיך- מפעל לייצור ט,,טירת צבי נקנקיות מינ,גרמים,700.00,100 גרם,false,,27.20,0.0389,true,1,39216
7290000367590,false,פסטרמה כפרית וסלמי פריזר כפרי טירת צבי 2*400 גרם,טיב טירת צבי 2000,,טירת צבי צמד כפרי נק,גרמים,800.00,100 גרם,false,,36.90,0.0461,true,1,38721
7290000367590,false,פסטרמה כפרית וסלמי פריזר כפרי טירת צבי 2*400 גרם,טיב טירת צבי 2000,,טירת צבי צמד כפרי נק,גרמים,800.00,100 גרם,false,,36.90,0.0461,true,1,181596
7290000369037,false,סלט קוביות בולגרית 200 ג' ניצן,גבינות אמיר ניצן בעמ,,סלט קוביות בולגרית 2,גרמים,200.00,100 גרם,false,,16.90,0.0845,true,1,174761
7290000369341,false,לבנה אבו גוש ירוק15%משקל,גבינות אמיר ניצן בעמ,,לבנה אבו גוש,קילוגרמים,1.00,"ק""ג",true,,55.00,55.0000,true,1,174054
7290000369617,false,מעדן כדורי פטה בשמן מתובל ניצן 230 גרם,גבינות אמיר ניצן בעמ,,כדורי מעדן גבינה 150,גרמים,150.00,100 גרם,false,,17.90,0.1193,true,1,107249
7290000369709,false,חמאה עירונית בתוספת ריחן ושום טרי גבינות ניצן 100 גרם,גבינות אמיר ניצן בעמ,,מעדן חמאה 100גרם,יחידה,0.00,יחידה,false,,12.90,0.0000,true,1,107248
7290000377209,false,בוטן מטוגן קליית גת 200 גרם,"ג'י אנד ג'י בע""מ",,בוטנים מטוגן 200 גרם,גרמים,200.00,100 גרם,false,,7.90,0.0395,true,1,38770
7290000377445,false,נש צ'אנס קליית גת 200 גרם,"ג'י אנד ג'י בע""מ",,נש צאנס בשקית 200 גר,גרמים,200.00,100 גרם,false,,9.90,0.0495,true,1,39220
7290000377452,false,גרעיני אבטיח קלויים ומלוחים קלית גת 200,הדקלאים אגודת שיתופי,,גרעיני אבטיח 200 גרם,גרמים,200.00,100 גרם,false,,12.00,0.0600,true,1,39633
7290000400717,false,תערובת סטייק מונטריא,,,תערובת סטייק מונטריא,קילוגרמים,1.00,"ק""ג",true,,80.00,80.0000,true,1,136021
7290000403443,false,סיימן גבינה קברה עיז,,,קברה עיזים חצי קשה,קילוגרמים,1.00,"ק""ג",true,,180.00,180.0000,true,1,132290
7290000403450,false,סיימן גבינה מנצ`גו ב,,,מנצגו בשלה,קילוגרמים,1.00,"ק""ג",true,,150.00,150.0000,true,1,132291
7290000407011,false,חלווה וניל קלאסית,,,חלווה וניל קלאסית,קילוגרמים,1.00,"ק""ג",true,,40.00,40.0000,true,1,58402
7290000407103,false,חלווה פיצוחים,,,חלווה פיצוחים,קילוגרמים,1.00,"ק""ג",true,,50.00,50.0000,true,1,58407
7290000407110,false,חלווה ללא סוכר,,,חלווה ללא סוכר,קילוגרמים,1.00,"ק""ג",true,,50.00,50.0000,true,1,85313
7290000408316,false,יוגורט דנונה דל לקטוז 200 גרם,מיוצר עי קונדיטוריית,,דנונה טבעי 3% 200 גר,גרמים,200.00,100 גרם,false,,3.50,0.0175,true,1,38771
7290000408354,false,יוגורט עם אורז מצופה שוקולד קקאו 175 ג' דנונה,"שטראוס בריאות בע""\מ",,דנונה בר פיצפוצים 17,מיליליטרים,175.00,"100 מ""ל",false,,4.50,0.0257,true,1,39310
7290000408437,false,גאודה עזים כמהין,,,גאודה עזים כמהין,קילוגרמים,1.00,"ק""ג",true,,200.00,200.0000,true,1,144281
7290000408857,false,גאודה עיזים בלו,,,גאודה עיזים בלו,קילוגרמים,1.00,"ק""ג",true,,180.00,180.0000,true,1,173162
7290000410348,false,מעדני הטלה רוסטביף ב,,,מעדני הטלה רוסטביף ב,קילוגרמים,1.00,"ק""ג",true,,59.90,59.9000,true,1,27219
7290000410874,false,מעדני הטלה רבעי פרגי,,,מעדני הטלה רבעי פרגי,קילוגרמים,1.00,"ק""ג",true,,49.90,49.9000,true,1,26767
7290000412481,false,נוזל לניקוי אסלות 00 סנו 1 ליטר,מיוצר עי קונדיטוריית,,סנו מנקה אסלות 1 ליט,ליטרים,1.00,ליטר,false,,7.90,7.9000,true,1,46792
7290000416021,false,ממרח בטעם שוקולד השחר חלבי 500,השחר העולה,,ממרח שחר 500 גרם,גרמים,500.00,100 גרם,false,,13.90,0.0278,true,1,39572
7290000416045,false,"ממרח בטעם שוקולד השחר 1 ק""ג",השחר העולה תעשייות מ,,"ממרח שחר 1 ק""ג",גרמים,1000.00,100 גרם,false,,24.90,0.0249,true,1,39221
7290000416618,false,"ממרח שוקולד פרווה השחר 400 גרם כשל""פ",השחר העולה תעשייות מ,,"ממרח שוקולד בד""צ 400",גרמים,400.00,100 גרם,false,,12.90,0.0323,true,1,38773
7290000416632,false,"ממרח שוקולד פרווה השחר 1 ק""ג כשל""פ",השחר העולה תעשייות מ,,"ממרח פרווה השחר 1ק""ג",קילוגרמים,1.00,"ק""ג",false,,24.90,24.9000,true,1,39022
7290000416809,false,ממרח חצי חצי נוגט אגוזים וקרם חלב השחר 350ג',השחר העולה תעשייות מ,,חצי חצי קרם מובחר למ,גרמים,350.00,100 גרם,false,,12.90,0.0369,true,1,129785
7290000416854,false,אבקת קקאו השחר העולה 150ג',השחר העולה תעשייות מ,,השחר קקאו 150ג,גרמים,150.00,100 גרם,false,,10.90,0.0727,true,1,39023
7290000416922,false,השחר ממרח חלב 350 גרם,השחר העולה תעשייות מ,,ממרח חלב 350 גרם,גרמים,350.00,100 גרם,false,,12.90,0.0369,true,1,129786
7290000419107,false,לנדוור קפה מקורי לבוקר טחון טורקי 100 גרם,"קפה לנדוור בע""\מ",,לנדוור כחול המקורי ט,גרמים,100.00,100 גרם,false,,7.90,0.0790,true,1,39313
7290000419374,false,לנדוור לבוקר קפה טחון טורקי 3*100 גרם 16 יח',קפה לנדוור,,לנדוור לבוקר קפה טור,גרמים,300.00,100 גרם,false,,19.90,0.0663,true,1,39314
7290000419893,false,לנדוור קפה שחור חזק טחון טורקי 100 גרם,מולינו ניקולי s.p.a,,לנדוור לבוקר 100ג,גרמים,100.00,100 גרם,false,,7.90,0.0790,true,1,39315
7290000419923,false,לנדוור קפה אספרסו טחון בואקום 200 גר,קפה לנדוור,,לנדוור אספרסו טחון ב,גרמים,200.00,100 גרם,false,,21.90,0.1095,true,1,39024
7290000420325,false,"פופסטאר פופקורן למקירוגל בטעם טבעי 5 שקיות,500 גרם",פרסטון פארמס,,פופ קורן טבעי למיקרו,גרמים,600.00,100 גרם,false,,17.00,0.0283,true,1,39576
7290000420332,false,פופסטאר פופקורן למיקרוגל בטעם חמאה 5 יחידות 500 גרם,פרסטון פארמס,,פופ קורן חמאה למיקרו,יחידה,5.00,יחידה,false,,17.00,3.4000,true,1,39577
7290000430102,false,קוביות קרח בשקית מיסטר אייס 2 קילו,"אייס (קיובס) בע""מ -",,"שקית קרח 2ק""ג",יחידה,0.00,יחידה,false,,9.90,0.0000,true,1,66197
7290000436616,false,דובשניות בשקית 180 גר',קריות זול,,ברמן דובשניות 180 גר,גרמים,180.00,100 גרם,false,,4.90,0.0272,true,1,59791
7290000442587,false,"קרם רב שימושי תוספת 33% גינקו 220 מ""ל.",כ.צ.ט,,גינקו קרם רב שימושי,גרמים,220.00,100 גרם,false,,21.90,0.0995,true,1,142376
7290000446523,false,ממרח בוטנים מתוק בטר אנד דיפרנט 350 גרם,בטר אנד דיפרנט,,חמאת בוטנים מתוקה 35,גרמים,350.00,100 גרם,false,,13.90,0.0397,true,1,150934
7290000446530,false,"ממרח בוטנים מתוק בטר אנד דיפרנט 1 ק""ג",בטר אנד דיפרנט,,חמאת בוטנים מתוקה 1,קילוגרמים,1.00,"ק""ג",false,,27.90,27.9000,true,1,150935
7290000446547,false,חמאת בוטנים טבעית בטר אנד דיפרנט 350 גרם,"בטר אנד דיפרנט בע""מ",,חמאת בוטנים טבעית 35,גרמים,350.00,100 גרם,false,,13.90,0.0397,true,1,150925
7290000446554,false,"חמאת בוטנים טבעית בטר אנד דיפרנט 1 ק""ג",בטר אנד דיפרנט B&D,,חמאת בוטנים טבעית 1,קילוגרמים,1.00,"ק""ג",false,,27.90,27.9000,true,1,150926
7290000446776,false,פיצפוצי אורז מלא ללא סוכר ומלח בשקית 450 גרם,בטר אנד דיפרנט,,פיצפוצי אורז מלא ללא,גרמים,450.00,100 גרם,false,,18.90,0.0420,true,1,150981
7290000446851,false,ממרח חלווה ודבש 350 ג' בי&די,,,ממרח חלבה 350 גרם,גרמים,350.00,100 גרם,false,,13.90,0.0397,true,1,194609
7290000449128,false,סיף פנטסטיק לימון ניקוי רב תכליתי 4ל',יוניליוור ישראל טיפוח אי,,סיף נ.כללי לימון 4 ל,ליטרים,4.00,ליטר,false,,21.90,5.4750,true,1,39578
7290000450209,false,פוסידון טונה בהירה בשמן 77 גרם,"מיוצר עי וליגר בעמ,",,ט' בשמן פו' (50) 110,גרמים,110.00,100 גרם,false,,5.90,0.0536,true,1,26353
7290000453019,false,שמרים טריים לאפייה שקית שמרית 50 ג',"פאקא תעשיות בע""\מ",,שמרית בשקית 50 גרם,גרמים,50.00,100 גרם,false,,4.50,0.0900,true,1,39579
7290000453125,false,שמרית שמרים טריים לאפיה +משפר אפיה 100ג,"פאקא תעשיות בע""\מ",,שמרית + משפר אפיה 10,גרמים,100.00,100 גרם,false,,7.60,0.0760,true,1,39318
7290000453408,false,בצק פיצה דק מצונן ומוכן לאפייה שמרית 415 גרם,"פאקא תעשיות בע""מ",,בצק פיצה דק מצונן ומ,גרמים,415.00,100 גרם,false,,16.90,0.0407,true,1,146339
7290000453415,false,בצק עלים מצונן ומוכן לאפייה שמרית 300 גרם,"פאקא תעשיות בע""מ",,בצק עלים מצונן מוכן,גרמים,300.00,100 גרם,false,,14.90,0.0497,true,1,146340
7290000453422,false,בצק פילו מצונן ומוכן לאפייה שמרית 300 גרם,"פאקא תעשיות בע""מ",,בצק פילו מוכן לאפייה,גרמים,300.00,100 גרם,false,,14.90,0.0497,true,1,146341
7290000453446,false,פיצה קראסט בצק שמרים מצונן להכנת פיצה ופוקצ'ה,"פאקא תעשיות בע""מ",,בצק להכנת פיצה קראסט,גרמים,500.00,100 גרם,false,,19.90,0.0398,true,1,187695
7290000453781,false,שמרים יבשים שמרית 125 גרם,"פאקא תעשיות בע""מ",,שמרית שמרים יבשים 12,גרמים,125.00,100 גרם,false,,6.90,0.0552,true,1,137159
7290000453798,false,שמרים יבשים אקטיביים שימרית 500 ג',"גי' בי' רכיבים בע""מ",,שמרית שמרים יבשים אק,גרמים,500.00,100 גרם,false,,14.90,0.0298,true,1,112853
7290000453866,false,נטורינה תחליף מרגרינה לבישול ואפיה קוקוס שמרית 200 גרם,גרונבאנג- גרונדנסק א,,נטורינה קוקוס 200 גר,גרמים,200.00,100 גרם,false,,7.90,0.0395,true,1,128831
7290000453897,false,מרגרינה בטעם חמאה שמרית 200 גרם,גרונבאנג- גרונדנסק א,,מרגרינה בטעם חמאה 20,גרמים,200.00,100 גרם,false,,4.90,0.0245,true,1,112662
7290000461047,false,סיימן ברי לה רוסטיק,,,ברי לרוסטיק,קילוגרמים,1.00,"ק""ג",true,,180.00,180.0000,true,1,132292
7290000461556,false,קוקיס שוקולד שוקולד,,,קוקיס שוקולד שוקולד,קילוגרמים,1.00,"ק""ג",true,,44.90,44.9000,true,1,167028
7290000461563,false,קוקיס שוקולד ציפס פר,,,קוקיס שוקולד ציפס פר,קילוגרמים,1.00,"ק""ג",true,,44.90,44.9000,true,1,167029
7290000461625,false,בייגלה שמיניות מלח בייגל בייגל 400 ג',בייגל את בייגל מזון 198),,בייגל בייגלה שמיניות,גרמים,400.00,100 גרם,false,,12.00,0.0300,true,1,38776
7290000461656,false,בייגלה מקלות מלוחים בייגל בייגל 400 גרם,בייגל את בייגל מזון 198),,בייגל בייגלה מקלות 4,גרמים,400.00,100 גרם,false,,12.00,0.0300,true,1,39637
7290000461700,false,בייגלה שמיניות גדולות מלוחות 400 גרם,בייגל את בייגל מזון 198),,בייגלה גדול גדול 400,גרמים,400.00,100 גרם,false,,14.00,0.0350,true,1,39638
7290000461724,false,בייגלה שמיניות גדולות שומשום בייגל בייגל,יוניליוור מזון,,ביגלה גדול גדול שומש,גרמים,400.00,100 גרם,false,,15.00,0.0375,true,1,39319
7290000461793,false,בייגלה ארוך ארוך סידרה ירוקה בייגל בייגל 150 גרם,בייגל את בייגל מזון 198),,בייגלה ארוך ארוך סיד,גרמים,150.00,100 גרם,false,,7.00,0.0467,true,1,38778
7290000462103,false,סחוג תימני אדום חריף עדין זהבי הכרם 150 גרם,קריניסה ויטמין אס אי,,סחוג אדום חריף עדין,גרמים,150.00,100 גרם,false,,7.90,0.0527,true,1,39639
7290000462141,false,סחוג אדום תימני מקורי חריף מאוד זהבי 150 גרם,קריניסה ויטמין אס אי,,סחוג אדום חריף מאוד,גרמים,150.00,100 גרם,false,,7.90,0.0527,true,1,38724
7290000462172,false,סחוג תימני ירוק חריף זהבי הכרם 150 גרם,קריניסה ויטמין אס אי,,סחוג ירוק חריף מאוד,גרמים,150.00,100 גרם,false,,7.90,0.0527,true,1,39863
7290000462310,false,סיימן סנט מור במשקל.,,,סנט מור,קילוגרמים,1.00,"ק""ג",true,,190.00,190.0000,true,1,132284
7290000462981,false,סחוג חריף אש זהבי 150 גרם,"זהבי הכרם בועז בע""מ-",,זחוק חריף אש 150 גר,גרמים,150.00,100 גרם,false,,8.90,0.0593,true,1,155821
7290000467153,false,מלך החומוס סמיר הגדול 400 גרם צבר,סלטי צבר,,צבר חומוס סמיר הגדול,גרמים,400.00,100 גרם,false,,15.90,0.0398,true,1,76538
7290000467320,false,מלך החומוס אבו מרוואן 400 גרם,סלטי צבר,,צבר חומוס אבו מרוואן,גרמים,400.00,100 גרם,false,,15.90,0.0398,true,1,76539
7290000474090,false,"חלב בקרטון 1%- 1 ליטר בד""צ - מוצר בפיקוח",מילקו תעשיות בעמ,,טרה חלב בקרטון 1% 1ל,ליטרים,1.00,ליטר,false,,5.86,5.8600,true,1,54379
7290000474373,false,"שמנת חמוצה 15% שומן 200 מ""ל טרה",קריות זול,,טרה שמנת חמוצה 15% 2,מיליליטרים,200.00,"100 מ""ל",false,,2.40,0.0120,true,1,54382
7290000474502,false,גבינה לבנה טרה 5% מרכיבים טבעיים,הפריט בפיקוח,,טרה גבינה לבנה 5% 25,גרמים,250.00,100 גרם,false,,4.98,0.0199,true,1,54385
7290000474540,false,טוב טעם גבינה לבנה 3% טרה 250 גרם,קריות זול,,טוב טעם גבינה 3% 250,גרמים,250.00,100 גרם,false,,11.90,0.0476,true,1,54386
7290000480107,false,קוואקר שיבולת שועל פחית 500 גרם,וולקרס סנקס לימיטד,,קוואקר שיבולת שועל פ,גרמים,500.00,100 גרם,false,,14.00,0.0280,true,1,45964
7290000480332,false,גד גבינת גאודה בקר מ,,,גד גבינת גאודה בקר מ,קילוגרמים,1.00,"ק""ג",true,,125.00,125.0000,true,1,187925
7290000480442,false,קוואקר שיבולת שועל בשקית 500 גרם,פריטו ליי FRITO-LAY,,קואקר שבולת שועל 500,גרמים,500.00,100 גרם,false,,14.00,0.0280,true,1,51874
7290000493183,false,אבקת רוטב פטריות לבשר-30 גרם,"אסם השקעות בע""\מ",,רוטב פיטריות 30גר,יחידה,0.00,יחידה,false,,4.90,0.0000,true,1,26604
7290000500661,false,מיניבאדי קלאסי,,,מיניבאדי קלאסי,קילוגרמים,1.00,"ק""ג",true,,49.90,49.9000,true,1,190961
7290000500685,false,מיניבאדי פיצה,,,מיניבאדי פיצה,קילוגרמים,1.00,"ק""ג",true,,49.90,49.9000,true,1,190963
7290000500692,false,מיניבאדי בצל,,,מיניבאדי בצל,קילוגרמים,1.00,"ק""ג",true,,49.90,49.9000,true,1,190964
7290000500995,false,ישרקו מאסדם הולנדי,,,ישרקו מאסדם הולנדי,קילוגרמים,1.00,"ק""ג",true,,80.00,80.0000,true,1,143243
7290000504025,false,ממתיק סוכרזית פטרייה עלית 300 גרם,אף.סי תבליני בגליל ב,,סוכרזית פטריה,גרמים,246.00,100 גרם,false,,10.00,0.0407,true,1,38850
7290000504049,false,סוכרזית קלאסי קנקן 1200 טבליות,אף.סי תבליני בגליל ב,,סוכרזית קנקן 1200 טב,גרמים,984.00,100 גרם,false,,23.00,0.0234,true,1,38788
7290000504209,false,"סוכרזית דיאט טיפ נוזלי 220 מ""ל",אף.סי תבליני בגליל ב,,דיאט טיפ-ממתיק,מיליליטרים,220.00,"100 מ""ל",false,,20.00,0.0909,true,1,34923
7290000504278,false,ממתיק סוכרזית אריזת פטנט 700 טבליות,אף.סי תבליני בגליל ב,,סוכרזית פטנט 700,יחידה,700.00,יחידה,false,,17.00,0.0243,true,1,39841
7290000513463,false,סניקרס באונטי טויקס,,,סניקרס באונטי טויקס,קילוגרמים,1.00,"ק""ג",true,,59.90,59.9000,true,1,123647
7290000518121,false,ממתיק מתוק וקל 50 יחידות,פתח תקווה,,מתוק וקל 50 שקיות,יחידה,0.00,יחידה,false,,5.90,0.0000,true,1,39235
7290000518152,false,ממתיק זהב מתוק וקל 50 שקיות,קריות זול,,מתוק וקל זהב 25 שקיו,יחידה,0.00,יחידה,false,,5.90,0.0000,true,1,38853
7290000518169,false,ממתיק מתוק וקל 1000 טבליות,קריות זול,,מתוק וקל 1000 טבליות,יחידה,1000.00,יחידה,false,,8.90,0.0089,true,1,111932
7290000518190,false,מתוק וקל סטיביה 100 יחידות,מתוק וקל,,מתוק וקל סטיביה 100,יחידה,0.00,יחידה,false,,24.90,0.0000,true,1,123753
7290000518220,false,ממתיק סוכרה דיאט 100 יחידות,פתח תקווה,,סוכרה דיאט 100 שקית,יחידה,0.00,יחידה,false,,26.90,0.0000,true,1,123754
7290000518237,false,סוכרה דיאט אבקה 100 גרם,מתוק וקל בעמ,,סוכרה דיאט אבקה 100,גרמים,100.00,100 גרם,false,,21.90,0.2190,true,1,123755
7290000518251,false,ממתיק זהב מתוק וקל 100 יחידות,קריות זול,,מתוק וקל זהב 100 שקי,יחידה,100.00,יחידה,false,,11.90,0.1190,true,1,111907
7290000521008,false,יין אדום יבש של סגל750מל,"כרמי צבי - אחים סגל בע""\",,"סגל אדום יבש 750 מ""",מיליליטרים,750.00,"100 מ""ל",false,,21.90,0.0292,true,1,90667
7290000521022,false,"של סגל, יין לבן חצי יבש 750 מ""ל","מיוצר ע""י כרמי צבי-",,סגל לבן חצי יבש 750,מיליליטרים,750.00,"100 מ""ל",false,,21.90,0.0292,true,1,90690
7290000523125,false,מלח הארץ הים האדום 250 ג' עדין,"חברת מלח הארץ אילת בע""\מ",,מלח הארץ ים יבש 250,גרמים,250.00,100 גרם,false,,5.90,0.0236,true,1,39867
7290000523224,false,מלח הארץ הים האדום 500 ג' עדין,"חברת מלח הארץ אילת בע""\מ",,מלח הארץ ים יבש 500,גרמים,500.00,100 גרם,false,,7.90,0.0158,true,1,43738
7290000523521,false,מלח ים מלח הארץ 250 גרם מועשר ביוד,חברת מלח הארץ אילת ב,,מלח הארץ מעושר ביוד,גרמים,250.00,100 גרם,false,,5.90,0.0236,true,1,38855
7290000523804,false,"מלח הים האדום דק בצנצנת 1 ק""ג","חברת מלח הארץ אילת בע""\מ",,"מלח עדין 1 ק""ג צנצנת",קילוגרמים,1.00,"ק""ג",false,,6.90,6.9000,true,1,39428
7290000523811,false,"צנצנת מלח גס 1 ק""ג מלח הארץ","חברת מלח הארץ אילת בע""\מ",,"צנצנת 1 ק""ג מלח גס",קילוגרמים,1.00,"ק""ג",false,,6.90,6.9000,true,1,39031
7290000525969,false,מיץ תפוזים סחוט רכיבים טבעיים פרימור 1 ליטר,"גניר (1992) בע""מ",,פרימור מיץ תפוזים 1ל,מיליליטרים,1000.00,"100 מ""ל",false,,16.90,0.0169,true,1,33827
7290000530024,false,נקניק תה מעושן רחב במשקל,זוגלובק,,תה מעושן רחב זוגלובק,קילוגרמים,1.00,"ק""ג",true,,50.00,50.0000,true,1,99757
7290000530086,false,נקניק סלמי מעושן זוגלובק 600 גרם,נקניק נהריה כשר זוגל,,סלמי מעושן 7000 600,גרמים,610.00,100 גרם,false,,29.90,0.0490,true,1,54400
7290000530109,false,קבנוס זוגי בואקום זוגלובק 180ג',נקניק נהריה כשר זוגל,,זוג קבנוס 180 גר' א.,גרמים,360.00,100 גרם,false,,29.90,0.0831,true,1,39320
7290000530116,false,נקניק סלמי מעושן בשן 470 ג' זוגלובק,נקניק נהריה כשר זוגל,,סלמי בשן 470 גר' א.מ,גרמים,485.00,100 גרם,false,,26.00,0.0536,true,1,39032
7290000530291,false,נקניק מבשר הודו קטן זוגלובק 750 גרם,נקניק נהריה כשר זוגל,,נקניק מבשר הודו קטן,גרמים,800.00,100 גרם,false,,19.90,0.0249,true,1,43739
7290000530413,false,המבורגר זהב זוגלובק 400 גרם,נקניק נהריה כשר זוגל,,המבורגר זהב 400 גרם,גרמים,400.00,100 גרם,false,,19.90,0.0497,true,1,26738
7290000530598,false,נקניקיות עוף וינר זוגלובק 500 גרם,נקניק נהריה כשר זוגל,,נקניקיות וינר 500 גר,גרמים,500.00,100 גרם,false,,13.90,0.0278,true,1,39321
7290000530604,false,נקניקיות וינר חריפות גוליבר 500ג זוגלובק,נקניק נהריה כשר זוגל,,נקניקיות חריפות 400,גרמים,500.00,100 גרם,false,,13.90,0.0278,true,1,39322
7290000530703,false,פסטרמה חרמון כפרית ונקניק תה מעושן זוגלובק 2*400 גרם,נקניק נהריה כשר זוגל,,ח.עוף והודו 400 גר+ס,גרמים,800.00,100 גרם,false,,25.90,0.0324,true,1,43741
7290000531601,false,סטייקבורגר זהב זוגלובק 400 גרם,נקניק נהריה כשר זוגל,,סטייקבורגר זהב 400 ג,גרמים,400.00,100 גרם,false,,19.90,0.0497,true,1,26932
7290000531977,false,בורקס גבינה זוגלובק 800 גרם,נקניק נהריה כשר זוגל,,בורקס גבינה 800 גר',גרמים,800.00,100 גרם,false,,16.90,0.0211,true,1,26933
7290000532479,false,"נקנקיות חריפות 1 ק""ג זוגלובק",זוגלובק,,נקניקיות חריפות מצונ,יחידה,1.00,יחידה,false,,25.90,25.9000,true,1,38792
7290000533353,false,"בצק עלים צרפתי 1 ק""ג זוגלובק",מאפיית אריאל וגידרון,,בצק עלים 1 קג מ.א. ז,יחידה,1.00,יחידה,false,,16.90,16.9000,true,1,26404
7290000536743,false,שניצלונים קריספי ט. תירס 500 גר' זוגלובק,נקניק נהריה כשר זוגל,,קריספי סטיקס תירס 50,גרמים,500.00,100 גרם,false,,14.90,0.0298,true,1,97350
7290000537566,false,נקניקיות עוף טרי 400 ג' זוגלובק,נקניק נהריה כשר זוגל,,נקניקיות עוף 400 גר',גרמים,400.00,100 גרם,false,,13.90,0.0348,true,1,54401
7290000538105,false,נקניק סלמי סרוולד 200 ג' זוגלובק,נקניק נהריה כשר זוגל,,סרבלד 200 א.מ. זוגלו,גרמים,200.00,100 גרם,false,,38.90,0.1945,true,1,39431
7290000538709,false,נקניק סלמי תה מעושן זוגלובק 200 גרם,זוגלובק,,זוגלובק תה מעושן,גרמים,200.00,100 גרם,false,,14.90,0.0745,true,1,43745
7290000552194,false,קישקע טיבון ויל 500 גרם,טיבון ויל אחזקות בעמ,,קישקע 500גרם,גרמים,500.00,100 גרם,false,,13.90,0.0278,true,1,26650
7290000552569,false,סטייקבורגר בקר טיבון ויל 400 גרם,"טיבון ויל אחזקות בע""\מ",,סטייק בורגר 400 גרם,גרמים,400.00,100 גרם,false,,20.90,0.0522,true,1,28155
7290000552934,false,בשר הודו טחון טיבון ויל 500 גרם,"טיבון ויל אחזקות בע""\מ",,טחון הודו 500 גרם,גרמים,500.00,100 גרם,false,,13.90,0.0278,true,1,26652
7290000554402,false,מעדן חלב מלבי גד 160 גרם,"מיוצר ע""\י קוד יצרן EDNK",,גד- מלבי 5%,יחידה,160.00,יחידה,false,,5.90,0.0369,true,1,52353
7290000554457,false,גבינה צפתית 5% 350 גרם - רבנות,"מחלבות גד בע""\מ",,גד צפתית מיני 5% 350,גרמים,350.00,100 גרם,false,,19.90,0.0569,true,1,46056
7290000554471,false,נקניק מוצרלה 22 אחוז 180גרם גד מהדרין,"מחלבות גד בע""\מ",,גד מוצרלה נקניק טבעי,גרמים,180.00,100 גרם,false,,15.90,0.0883,true,1,46793
7290000554532,false,גבינה צפתית מעודנת במלח ים 5% 200 ג' גד,הנסיך- מפעל לייצור ט,,גד צפתית מעודנת במלח,גרמים,200.00,100 גרם,false,,13.90,0.0695,true,1,47168
7290000554600,false,מוצרלה מגורדת 22 אחוז 300גרם גד מהדרין,מחלבות גד בעמ,,גד מוצרלה מגורדת %18,גרמים,300.00,100 גרם,false,,23.90,0.0797,true,1,47169
7290000554624,false,ירח מתוק מעדן חלב עם אורז 3% גד 150 גרם,"מיוצר ע""\י קוד יצרן EDNK",,גד ירח מתוק 150מל,מיליליטרים,150.00,"100 מ""ל",false,,5.90,0.0393,true,1,46991
7290000554686,false,גבינת לאבנה בתוספת שמן זית וזעתר 5% גד 250 גרם,מחלבות גד בעמ,,גד לאבנה בשמן זית וז,גרמים,250.00,100 גרם,false,,14.90,0.0596,true,1,46641
7290000554822,false,ריקוטה גבינה לבנה בסגנון איטלקי 5% גד 250 גרם,מחלבות גד בעמ,,גד ריקוטה טבעי 5% 25,גרמים,250.00,100 גרם,false,,13.00,0.0520,true,1,46642
7290000554839,false,מסקרפונה שמנת מתוקה קשה בסגנון איטלקי 40% גד 250 גרם,מחלבות גד בעמ,,גד מסקרפונה 43% 250,גרמים,250.00,100 גרם,false,,20.20,0.0808,true,1,47171
7290000560021,false,אדג' ג'ל ורוד נגד חתכים 198ג',המאפיה של הרמן,,אדג' ג'ל ורוד נגד חת,גרמים,200.00,100 גרם,false,,16.90,0.0845,true,1,38795
7290000560533,false,אדג' ג'ל ירוק לעור רגיל 198גרם,אס.סי ג'ונסון ובניו,,אדג' ג'ל ירוק לעור ר,גרמים,200.00,100 גרם,false,,16.90,0.0845,true,1,43747
7290000560540,false,אדג' ג'ל כתום לעור רגיש 198גרם,המאפיה של הרמן,,אדג' ג'ל כתום לעור ר,מיליליטרים,200.00,"100 מ""ל",false,,16.90,0.0845,true,1,38862
7290000567142,false,סלמי תה מפולפל יחיעם,,,סלמי תה מפולפל יחיעם,קילוגרמים,1.00,"ק""ג",true,,55.00,55.0000,true,1,106932
7290000572222,false,חלווה בלוק וניל אחוה 500 גרם,שוורצקוף& הנקל דיסלד,,רולדת חלבה 500 גר,גרמים,500.00,100 גרם,false,,11.90,0.0238,true,1,38998
7290000572543,false,חלוה בטעם שוקו וניל אחווה 400 גרם,אחדות ביחר לטחינה חל,,חלוה קקאו וניל 400 ג,גרמים,400.00,100 גרם,false,,11.90,0.0298,true,1,38927
7290000572628,false,חטיפי חלווה ללא סוכר בקופסא 250 גרם,שוורצקוף& הנקל דיסלד,,"חטיף חלווה לייט לל""ס",גרמים,300.00,100 גרם,false,,12.90,0.0430,true,1,39882
7290000572819,false,"אחוה טחינה גולמית 1 ק""ג בפלסטיק",אחדות ביחר לטחינה חל,,אחדות טחינה גולמית 1,קילוגרמים,1.00,"ק""ג",false,,21.90,21.9000,true,1,81374
7290000596862,false,סופגניה רגילה עם ריב,,,סופגניה רגילה עם ריב,יחידה,0.00,יחידה,false,,3.00,0.0000,true,1,147564
7290000599588,false,צמר פלדה 400 גרם shi,,,צמר פלדה 400 גרם shi,גרמים,400.00,100 גרם,false,,10.00,0.0250,true,1,100092
7290000599946,false,ספוג הפלא שייני 6 יחידות,מ.א ייצור ושיווק מטל,,6 ספוגי הפלא SHINY,יחידה,6.00,יחידה,false,,6.90,1.1500,true,1,112835
7290000599977,false,שייני כריות יפניות 9 יח',,,שייני כריות יפניות 9,יחידה,9.00,יחידה,false,,9.90,1.1000,true,1,112839
7290000604343,false,תמר דקל נור 400 גר,פרי וירק טמרה ושותפי,,דקל נור 400 גרם,גרמים,400.00,100 גרם,false,,9.90,0.0248,true,1,111822
7290000606233,false,מנצ'גו צ'ילי,,,מנצ'גו צ'ילי,קילוגרמים,1.00,"ק""ג",true,,160.00,160.0000,true,1,170027
7290000606873,false,"תמרים לחים בד""ץ 500גרם",הדיקלאים,,תמר חיאני 500 גרם,גרמים,500.00,100 גרם,false,,9.90,0.0198,true,1,123002
7290000617297,false,פילה דג בסה במשקל,,,פילה דג בסה במשקל,קילוגרמים,1.00,"ק""ג",true,,29.90,29.9000,true,1,140357
7290000617488,false,צ'דר מיושן,,,צ'דר מיושן,קילוגרמים,1.00,"ק""ג",true,,110.00,110.0000,true,1,132234
7290000644783,false,מנות פילה סלמון קפוא קג,דגי תנובה,,מנות סלומון ממותג שק,קילוגרמים,1.00,"ק""ג",true,,89.90,89.9000,true,1,76229
7290000652177,false,נתחי פילה נסיכה 100% דג קפוא תנובה,דגי תנובה,,נתחי פילה נסיכה במשק,קילוגרמים,1.00,"ק""ג",true,,74.90,74.9000,true,1,154801
7290000657866,false,דלי דג פילה אמנון 5-,דלידג,,דלי דג פילה אמנון 5-,קילוגרמים,1.00,"ק""ג",true,,29.90,29.9000,true,1,71491
7290000660101,false,שיפודי אנטריקוט .,,,שיפודי אנטריקוט .,קילוגרמים,1.00,"ק""ג",true,,99.90,99.9000,true,1,181215
7290000660103,false,אנטריקוט עגלה אנגוס,,,אנטריקוט עגלה אנגוס,קילוגרמים,1.00,"ק""ג",true,,169.90,169.9000,true,1,181355
7290000660106,false,שוק כנף עוף,,,שוק כנף עוף,קילוגרמים,1.00,"ק""ג",true,,14.90,14.9000,true,1,182377
7290000660107,false,שיפודי פילה עגל.,,,שיפודי פילה עגל.,קילוגרמים,1.00,"ק""ג",true,,119.90,119.9000,true,1,182543
7290000660108,false,שיפודי חזה עוף.,,,שיפודי חזה עוף.,קילוגרמים,1.00,"ק""ג",true,,29.90,29.9000,true,1,182584
7290000660109,false,שיפודי שווארמה הודו.,,,שיפודי שווארמה הודו.,קילוגרמים,1.00,"ק""ג",true,,69.90,69.9000,true,1,182585
7290000660110,false,שווארמה הודו חתוך.,,,שווארמה הודו חתוך.,קילוגרמים,1.00,"ק""ג",true,,69.90,69.9000,true,1,182586
7290000660772,false,מעורב ירושלמי.,,,מעורב ירושלמי.,קילוגרמים,1.00,"ק""ג",true,,59.90,59.9000,true,1,174009
7290000660773,false,רצועות חזה עוף להקפצ,,,רצועות חזה עוף להקפצ,קילוגרמים,1.00,"ק""ג",true,,29.90,29.9000,true,1,174010
7290000663135,false,קוביות סלומון קפוא 100% דג 300 גרם תנובה,"צ'\ילה, Ll MONTT, PUERTO",,קוביות סלמון קפוא 10,גרמים,300.00,100 גרם,false,,34.90,0.1163,true,1,174997
7290000680023,false,שייטל עגל טרי.,,,שייטל עגל טרי.,קילוגרמים,1.00,"ק""ג",true,,74.90,74.9000,true,1,166340
7290000680036,false,צלעות כתר טרי.,,,צלעות כתר טרי.,קילוגרמים,1.00,"ק""ג",true,,199.90,199.9000,true,1,120658
7290000680038,false,שיפודי פרגית טרי.,,,שיפודי פרגית טרי.,קילוגרמים,1.00,"ק""ג",true,,54.90,54.9000,true,1,120954
7290000680041,false,שיפודי טלה טרי.,,,שיפודי טלה טרי.,קילוגרמים,1.00,"ק""ג",true,,119.90,119.9000,true,1,132164
7290000680056,false,פרגית עוף עם עור,,,פרגית עוף עם עור,קילוגרמים,1.00,"ק""ג",true,,39.90,39.9000,true,1,192552
7290000680064,false,חטיפי אסאדו.,,,חטיפי אסאדו.,קילוגרמים,1.00,"ק""ג",true,,99.90,99.9000,true,1,148052
7290000680065,false,ספיידר סטייק.,,,ספיידר סטייק.,קילוגרמים,1.00,"ק""ג",true,,99.90,99.9000,true,1,148053
7290000680227,false,כנפיים עוף חצוי.,,,כנפיים עוף חצוי.,קילוגרמים,1.00,"ק""ג",true,,18.90,18.9000,true,1,173411
7290000688374,false,"מים מינרליים מי עדן בייבי 6*330 מ""ל","מופק ממקור בזלתי עדן ,1",,מי עדן בייבי 6* 250,מיליליטרים,250.00,"100 מ""ל",false,,14.90,0.0596,true,1,26939
7290000688381,false,שישיית מי עדן פקק ספורט 0.5 ליטר,"מופק ממקור בזלתי עדן ,1",,מי עדן פקק ספורט 6*,מיליליטרים,500.00,"100 מ""ל",false,,13.90,0.0278,true,1,26483
7290000688503,false,"מים מינרלים פקק ספורט מי עדן 6*750 מ""ל","מופק ממקור בזלתי עדן ,1",,מי עדן ג'ים 6* 750 מ,מיליליטרים,750.00,"100 מ""ל",false,,15.90,0.0212,true,1,26655
7290000688732,false,שישיית מי עדן 1.5 ליטר משפחתי,"מופק ממקור בזלתי עדן ,1",,מי עדן 6* 1.5 ליטר,ליטרים,1.50,ליטר,false,,12.90,8.6000,true,1,26940
7290000690376,false,אמנון שלם נקי בוואקו,,,אמנון שלם נקי בוואקו,קילוגרמים,1.00,"ק""ג",true,,22.90,22.9000,true,1,182265
7290000692203,false,נוזל לניקוי כללי ורצפות בניחוח לימון אג'קס 2 ליטר,הנסיך- מפעל לייצור ט,,אג'קס ניקוי כללי ורצ,ליטרים,2.00,ליטר,false,,22.90,11.4500,true,1,46794
7290000692210,false,נוזל לניקוי כללי ורצפות בניחוח לבנדר אג'קס 2 ליטר,הנסיך- מפעל לייצור ט,,אג'קס ניקוי כללי ורצ,ליטרים,2.00,ליטר,false,,22.90,11.4500,true,1,47176
7290000692456,false,אג'קס חלונות זוג 750*2 מל ספריי ורפיל,הנסיך- מפעל לייצור ט,,אגקס חלונות זוג,ליטרים,1.50,ליטר,false,,22.90,15.2667,true,1,54421
7290000706731,false,דלידג רצעות פילה הנס,,,דלידג רצעות פילה הנס,קילוגרמים,1.00,"ק""ג",true,,69.90,69.9000,true,1,71375
7290000710333,false,מעדני הטלה טבעות עגל,,,מעדני הטלה טבעות עגל,קילוגרמים,1.00,"ק""ג",true,,59.90,59.9000,true,1,26875
7290000713438,false,גאודה מיושנת גלגל,,,גאודה מיושנת גלגל,קילוגרמים,1.00,"ק""ג",true,,110.00,110.0000,true,1,132226
7290000713495,false,גאודה גלגל,,,גאודה גלגל,קילוגרמים,1.00,"ק""ג",true,,80.00,80.0000,true,1,132230
7290000713496,false,גאודה עיזים גלגל,,,גאודה עיזים גלגל,קילוגרמים,1.00,"ק""ג",true,,125.00,125.0000,true,1,132231
7290000713499,false,גאודה כמון גלגל,,,גאודה כמון גלגל,קילוגרמים,1.00,"ק""ג",true,,110.00,110.0000,true,1,132227
7290000713503,false,גאודה חרדל גלגל,,,גאודה חרדל גלגל,קילוגרמים,1.00,"ק""ג",true,,120.00,120.0000,true,1,132224
7290000713525,false,גאודה עם רוטב חריף ס,,,גאודה עם רוטב חריף ס,קילוגרמים,1.00,"ק""ג",true,,120.00,120.0000,true,1,132233
7290000715091,false,צ'דר אדום,,,צ'דר אדום,קילוגרמים,1.00,"ק""ג",true,,75.00,75.0000,true,1,190157
7290000715098,false,גאודה עם עגבניות ושו,,,גאודה עם עגבניות ושו,קילוגרמים,1.00,"ק""ג",true,,90.00,90.0000,true,1,190160
7290000719271,false,מיני קוקיס שוקו שוקו,,,מיני קוקיס שוקו שוקו,קילוגרמים,1.00,"ק""ג",true,,44.90,44.9000,true,1,167027
7290000719820,false,קוקיס סוכריות,,,קוקיס סוכריות,קילוגרמים,1.00,"ק""ג",true,,44.90,44.9000,true,1,167025
7290000750083,false,ממולא פלפל חריף,,,ממולא פלפל חריף,קילוגרמים,1.00,"ק""ג",true,,50.00,50.0000,true,1,73880
7290000750274,false,ממולא פלפל אדום,,,ממולא פלפל אדום,קילוגרמים,1.00,"ק""ג",true,,50.00,50.0000,true,1,87421
7290000750727,false,שבלול פילו תרד,,,שבלול פילו תרד,קילוגרמים,1.00,"ק""ג",true,,49.90,49.9000,true,1,96788
7290000750960,false,שיפקוניות פלפל נסי ח,,,שיפקוניות פלפל נסי ח,קילוגרמים,1.00,"ק""ג",true,,40.00,40.0000,true,1,72789
7290000770149,false,יורוציז דניש קומבי ו,,,יורוציז דניש קומבי ו,קילוגרמים,1.00,"ק""ג",true,,40.00,40.0000,true,1,108172
7290000770196,false,גבינת רולדה עם פחם,,,גבינת רולדה עם פחם,קילוגרמים,1.00,"ק""ג",true,,165.00,165.0000,true,1,190165
7290000775317,false,דלידג פילה זהבנון 1,דלידג,,דלידג פילה זהבנון 1,קילוגרמים,1.00,"ק""ג",false,,27.90,27.9000,true,1,26696
7290000803180,false,"מרידול-שטיפת פה דנטלית 400 מ""ל",קולגייט פלמוליב,,מרידול מי פה דנטלית,מיליליטרים,400.00,"100 מ""ל",false,,32.90,0.0822,true,1,39439
7290000804051,false,פילסברי בורקס גבינה,,,פילסברי בורקס גבינה,קילוגרמים,1.00,"ק""ג",true,,39.90,39.9000,true,1,96794
7290000804068,false,"פילסבורי בורקס תפו""א",,,"פילסבורי בורקס תפו""א",קילוגרמים,1.00,"ק""ג",true,,39.90,39.9000,true,1,96795
7290000804082,false,פילסבורי ביס שוקולד,,,פילסבורי ביס שוקולד,קילוגרמים,1.00,"ק""ג",true,,39.90,39.9000,true,1,96797
7290000804099,false,פילסבורי גביניות,,,פילסבורי גביניות,קילוגרמים,1.00,"ק""ג",true,,39.90,39.9000,true,1,96798
7290000804112,false,"פילסבורי כיס תפו""ע",,,"פילסבורי כיס תפו""ע",קילוגרמים,1.00,"ק""ג",true,,39.90,39.9000,true,1,96799
7290000804457,false,בורקס תורכי פיצה,,,בורקס תורכי פיצה,קילוגרמים,1.00,"ק""ג",true,,34.90,34.9000,true,1,96959
7290000805795,false,"חול חתולים יורוקיטי 10 ק""ג",שחם גבעת עדה,,"חול חתולים 10ק""ג",קילוגרמים,10.00,"ק""ג",false,,34.90,3.4900,true,1,46759
7290000805900,false,"מזון חתולים לה קט עוף 2.85 ק""ג","ביופט בע""מ",,לה קט עוף 2.85קג,קילוגרמים,2.85,"ק""ג",false,,79.90,28.0351,true,1,46710
7290000805924,false,"מזון חתולים לה קט דגים 2.85 ק""ג","ביופט בע""מ",,לה קט דגים 2.85קג,קילוגרמים,2.85,"ק""ג",false,,79.90,28.0351,true,1,46761
7290000830184,false,פילה לברק יפני 5-7,דלידג,,פילה לברק,קילוגרמים,1.00,"ק""ג",true,,54.90,54.9000,true,1,138014
7290000854401,false,זית יבש שחור צרפתי,,,זית יבש שחור צרפתי,קילוגרמים,1.00,"ק""ג",true,,40.00,40.0000,true,1,100927
7290000854432,false,זית שום ת.צרפת,,,זית שום ת.צרפת,קילוגרמים,1.00,"ק""ג",true,,40.00,40.0000,true,1,86916
7290000854760,false,זית אנדלוס,,,זית אנדלוס,קילוגרמים,1.00,"ק""ג",true,,40.00,40.0000,true,1,88544
7290000854791,false,תאסוס ת.יוון,,,תאסוס ת.יוון,קילוגרמים,1.00,"ק""ג",true,,50.00,50.0000,true,1,87425
7290000854807,false,קלמטה גדול,,,קלמטה גדול,קילוגרמים,1.00,"ק""ג",true,,50.00,50.0000,true,1,102282
7290000854814,false,זית שחור טבעי,,,זית שחור טבעי,קילוגרמים,1.00,"ק""ג",true,,50.00,50.0000,true,1,87423
7290000854845,false,זית ירוק ענק,,,זית ירוק ענק,קילוגרמים,1.00,"ק""ג",true,,50.00,50.0000,true,1,76546
7290000854944,false,קלמטה מגולען,,,קלמטה מגולען,קילוגרמים,1.00,"ק""ג",true,,50.00,50.0000,true,1,89392
7290000899055,false,אוזני המן,,,אוזני המן,קילוגרמים,1.00,"ק""ג",true,,39.90,39.9000,true,1,96842
7290000899741,false,נילס קוקיס מריר,,,נילס קוקיס מריר,קילוגרמים,1.00,"ק""ג",true,,44.90,44.9000,true,1,96852
7290000899772,false,נילס קוקיס שוקו,,,נילס קוקיס שוקו,קילוגרמים,1.00,"ק""ג",true,,44.90,44.9000,true,1,96960
7290000905094,false,צ'דר כתום,,,צ'דר כתום,קילוגרמים,1.00,"ק""ג",true,,60.00,60.0000,true,1,140143
7290000913551,false,פסטרמה כפרית טירת צבי 400 ג',טירת צבי,,טירת צבי פסטרמה כפרי,גרמים,400.00,100 גרם,false,,20.20,0.0505,true,1,39861
7290000913551,false,פסטרמה כפרית טירת צבי 400 ג',טירת צבי,,טירת צבי פסטרמה כפרי,גרמים,400.00,100 גרם,false,,20.20,0.0505,true,1,181597
7290000925853,false,פילה דג מרלוזה ארוז,,,פילה דג מרלוזה ארוז,קילוגרמים,1.00,"ק""ג",true,,34.90,34.9000,true,1,192454
7290000995410,false,נבטים סיניים נבטי העמק,נסטלה פורינה USA קר,,נבטים סיניים,יחידה,0.00,יחידה,false,,6.90,0.0000,true,1,54432
7290001045633,false,פרימור מיץ לימון ונענע סחוט טרי 400מל,פרימור,,פרימור מיץ לימון ונע,יחידה,400.00,יחידה,false,,8.90,0.0223,true,1,39335
7290001045657,false,פרימור מיץ תפוחים סחוט מקורר 400מל,פרימור,,פרימור מיץ תפוחים סח,יחידה,400.00,יחידה,false,,8.90,0.0223,true,1,40009
7290001045688,false,"מיץ תפוזים סחוט פרימור 400 מ""ל",פרימור,,פרימור מיץ תפוזים 40,יחידה,400.00,יחידה,false,,9.90,0.0248,true,1,40010
7290001121054,false,צמד חמד פסטרמה וסלמי יחיעם 700 גרם,תאי פרזידנט פוד פאבל,,יחיעם צמד חמד 700 גר,גרמים,700.00,100 גרם,false,,25.90,0.0370,true,1,54438
7290001121238,false,נקניק קורנדביף 4% יחיעם 180 גרם,מעדני יחיעם 1993,,יחיעם קורנד ביף 180,גרמים,180.00,100 גרם,false,,29.90,0.1661,true,1,54439
7290001121672,false,פסטרמה מעודנת בפפריקה 300 ג' יחיעם,מעדני יחיעם 1993,,פסטרמה הודו פיקנטית,גרמים,300.00,100 גרם,false,,26.00,0.0867,true,1,53183
7290001121795,false,נקניקיות עוף חריפות יחיעם 400 גרם,מעדני יחיעם,,נקניקיות עוף חריפות,גרמים,400.00,100 גרם,false,,13.90,0.0348,true,1,182608
7290001121849,false,פסטרמה ברביקיו יחיעם 250 גרם ר.טבעיים,מעדני יחיעם 1993,,יחיעם פסטרמה הודו טב,גרמים,250.00,100 גרם,false,,27.00,0.1080,true,1,63638
7290001121931,false,קבנוס מקסיקני דק דק יחיעם 125 גרם,מעדני יחיעם 1993,,יחיעם קבנוס מקסיקני,גרמים,125.00,100 גרם,false,,15.00,0.1200,true,1,53189
7290001121979,false,נקניק סלמי הרץ מעדני יחיעם 150 גרם,תאי פרזידנט פוד פאבל,,יחיעם סלמי הרץ 150 ג,גרמים,150.00,100 גרם,false,,29.90,0.1993,true,1,33422
7290001123775,false,שווארמה אמיתית פרגיות טיבון ויל 500 גרם,"טיבול ויל אחזקות בע""",,שווארמה פרגיות 500 ג,גרמים,500.00,100 גרם,false,,27.90,0.0558,true,1,26442
7290001123782,false,שווארמה אמיתית הודו טיבון ויל 500 גרם,טיבון ויל - נטו,,שווארמה הודו 500 גרם,גרמים,500.00,100 גרם,false,,27.90,0.0558,true,1,28165
7290001124536,false,ארוחת נודלס טעם תירס מג'יק 70 גרם,טאט הוי פוד בעמ,,מגיק טעם תירס בכוס 7,יחידה,0.00,יחידה,false,,5.90,0.0000,true,1,119086
7290001124611,false,שומן כבש טיבון ויל 200 גרם,טיבון ויל אחזקות בעמ,,שומן כבש 200 גרם,גרמים,200.00,100 גרם,false,,20.90,0.1045,true,1,26464
7290001136287,false,"שמפו לשיער רגיל בבושם פרחים נקה 7 750 מ""ל","אמיליה קוסמטיקס בע""מ",,נקה 7-שמפו רגיל ירוק,מיליליטרים,750.00,"100 מ""ל",false,,12.90,0.0172,true,1,54452
7290001136294,false,"שמפו לשיער יבש בבישום פרחים נקה 7 750 מ""ל","אמיליה קוסמטיקס בע""מ",,נקה 7-שמפו יבש אדום.,מיליליטרים,750.00,"100 מ""ל",false,,12.90,0.0172,true,1,54453
7290001136300,false,"נקה 7 שמפו ומרכך לסירוק קל 750 מ""ל",אמיליה קוסמטיקס בעמ,,נקה 7-שמפו סירוק קל,מיליליטרים,750.00,"100 מ""ל",false,,12.90,0.0172,true,1,54454
7290001136362,false,נקה 7 תחליב רחצה אלוורה ארומה ירוק 1 ל',מיוצר בסין.יבוא ושיו,,תחליב רחצה אלוורה ות,מיליליטרים,1000.00,"100 מ""ל",false,,13.90,0.0139,true,1,54456
7290001136683,false,"מרכך לשיער רגיל בבושם פרחים נקה 7 750 מ""ל","אמיליה קוסמטיקס בע""מ",,נקה 7-מרכך רגיל ירוק,מיליליטרים,750.00,"100 מ""ל",false,,12.90,0.0172,true,1,54458
7290001136799,false,נקה 7 תחליב רחצה ארומה ורוד יסמין 1 ל',מיוצר בסין.יבוא ושיו,,תחליב רחצה ורד ויסמי,מיליליטרים,1000.00,"100 מ""ל",false,,13.90,0.0139,true,1,54459
7290001136973,false,נקה 7 תחליב רחצה ארומה קמומיל לבן 1 ל',טרופיקל דגיל תעשיות,,תחליב רחצה קמומיל נק,מיליליטרים,1000.00,"100 מ""ל",false,,13.90,0.0139,true,1,54460
7290001184097,false,"קליאו קרם גוף כחול 400 מ""ל",,,קליאו קרם גוף קלאסי,מיליליטרים,400.00,"100 מ""ל",false,,15.00,0.0375,true,1,169542
7290001216040,false,טחינה גולמית שומשום טהור אל ארז 500 גרם,אגס ירוק מסחר ושירותים,,אל ארז טחינה 500 גרם,גרמים,500.00,100 גרם,false,,16.90,0.0338,true,1,63975
7290001216057,false,"טחינה שומשום טהור אל ארז 1 ק""ג",אגס ירוק מסחר ושירותים,,אל ארז טחינה 1קג,גרמים,500.00,100 גרם,false,,32.90,0.0658,true,1,63977
7290001216231,false,טחינה גולמית שומשום מלא אל ארז 500 גרם,אגס ירוק מסחר ושירותים,,טחינה שומשום מלא 0.5,גרמים,500.00,100 גרם,false,,18.90,0.0378,true,1,63976
7290001247068,false,קרטונית נקטר ספרינג תות בננה 1 ליטר,יפאורה שותפות מובגלת לשיווק,,ספרינג נקטר תות בננה,ליטרים,1.00,ליטר,false,,6.90,6.9000,true,1,26742
7290001247099,false,קרטונית נקטר ספרינג מנגו 1 ליטר,יפאורה שותפות מובגלת לשיווק,,ספרינג נקטר מנגו 1 ל,ליטרים,1.00,ליטר,false,,6.90,6.9000,true,1,26445
7290001247105,false,קרטונית נקטר ספרינג אפרסק 1 ליטר,יפאורה שותפות מובגלת לשיווק,,ספרינג נקטר אפרסק 1,ליטרים,1.00,ליטר,false,,6.90,6.9000,true,1,27058
7290001247112,false,קרטונית נקטר ספרינג לימונענע 1 ליטר,יפאורה שותפות מובגלת לשיווק,,ספרינג נקטר לימונענע,ליטרים,1.00,ליטר,false,,6.90,6.9000,true,1,26446
7290001247129,false,נקטר ספרינג תפוזים קרטונית 1 ל',יפאורה שותפות מובגלת לשיווק,,ספרינג נקטר תפוזים 1,ליטרים,1.00,ליטר,false,,6.90,6.9000,true,1,26659
7290001247143,false,קרטונית נקטר ספרינג תפוחים 1 ליטר,יפאורה שותפות מובגלת לשיווק,,ספרינג נקטר תפוחים 1,ליטרים,1.00,ליטר,false,,6.90,6.9000,true,1,26447
7290001258668,false,גבינת עז מה 5% יעקבס 250 גרם,גבינות משק יעקבס,,גבינת עז מה 250 גרם,יחידה,0.00,יחידה,false,,19.90,0.0000,true,1,105256
7290001258798,false,פטה כבשים יעקבס 250 גר,גבינות משק יעקבס,,גבינת פטה כבשים 250ג,גרמים,250.00,100 גרם,false,,22.90,0.0916,true,1,105251
7290001258972,false,גבינת חלומי בואקום 2,גבינות משק יעקבס,,גבינת חלומי 200גרם,יחידה,0.00,יחידה,false,,20.90,0.0000,true,1,105254
7290001327180,false,שטראוס קרמיסימו וניל ציפ 1.33 ליטר,"גלידת שטראוס בע""\מ, רחוב",,קרמיסימו וניל ציפ 1.,ליטרים,1.33,ליטר,false,,20.90,15.7143,true,1,28701
7290001327791,false,גלידת קרמיסימו וניל עוגיות חלבי,"גלידת שטראוס בע""\מ, רחוב",,קרמיסימו עוגיות 1.33,ליטרים,1.33,ליטר,false,,20.90,15.7143,true,1,28770
7290001343845,false,"גרנולה פירות 1 ק""ג - ורוד שקדיה","דין שיווק וקלייה בע""",,גרנולה טבעית עם תוספ,קילוגרמים,1.00,"ק""ג",false,,21.90,21.9000,true,1,77952
7290001407127,false,פרוסות חלבה קלאסית בטעם וניל בארכה 400 גרם,רושדי תעשיות מזון בע,,בארכה פרוסות חלבה ונ,גרמים,400.00,100 גרם,false,,13.90,0.0348,true,1,60663
7290001407134,false,בארכה פרוסות חלווה שוקו וניל+פ.קקאו 400גר,רושדי תעשיות מזון בע,,בארכה פרוסות חלבה שו,גרמים,400.00,100 גרם,false,,13.90,0.0348,true,1,60664
7290001407363,false,טחינה גולמית כד 450 גרם,General,,אלהילאל טחינה 450 גר,גרמים,450.00,100 גרם,false,,13.90,0.0309,true,1,26468
7290001407370,false,אלהילאל טחינה 900 גר,,,אלהילאל טחינה 900 גר,גרמים,900.00,100 גרם,false,,24.90,0.0277,true,1,26744
7290001407554,false,חלבה מיקס פיצוחים 400 ג' אלהלאל,,,פרוסות חלבה מיקס פיצ,יחידה,0.00,יחידה,false,,15.90,0.0000,true,1,101678
7290001407592,false,"בארכה טחינה גולמית פי 6 סידן 6*1 ק""ג",,,בארכה טחינה גולמית 1,גרמים,1000.00,100 גרם,false,,27.90,0.0279,true,1,174850
7290001407813,false,חלבה שאמית פיסטוק בקטנה בארכה 350ג',"רושדי תעשיות מזון בע""\מ",,חלבה שאמית פיסטוק בא,גרמים,350.00,100 גרם,false,,14.90,0.0426,true,1,40045
7290001407844,false,חלבה קלאסית בטעם וניל בארכה 350 גרם,"רושדי תעשיות מזון בע""\מ",,חלבה קלאסית וניל באר,גרמים,350.00,100 גרם,false,,13.90,0.0397,true,1,40046
7290001419618,false,וופל בלגי עלמה שחור לבן וניל 200ג',"גילרו בע""מ",,וופל בלגי שוקולד 200,גרמים,200.00,100 גרם,false,,4.90,0.0245,true,1,54488
7290001419779,false,"וופל קלאסי בטעם שוקולד ""עלמה"" 200 גרם","גילרו בע""מ",,וופל קלאסי 200 גרם,גרמים,200.00,100 גרם,false,,4.90,0.0245,true,1,54489
7290001419793,false,גביעי גלידה מגולגל עלמה גילרו 30 יח',"גילרו בע""מ",,רזיט גביעי גלידה מגו,יחידה,12.00,יחידה,false,,12.90,1.0750,true,1,104806
7290001419892,false,"ופל קלאסי בטעם לימון ""עלמה"" 200 גרם","גילרו בע""מ",,וופל קלאסי לימון 200,גרמים,200.00,100 גרם,false,,4.90,0.0245,true,1,54490
7290001461457,false,בגט רוסטיק קמח מלא ו,פילסברי,,בגט רוסטיק,יחידה,1.00,יחידה,false,,7.90,7.9000,true,1,53483
7290001461891,false,לחמניה יאמיז קמח מלא,פילסברי,,יאמיס מלא / שמינייה,יחידה,0.00,יחידה,false,,4.00,0.0000,true,1,96965
7290001468159,false,ריבת חלב 330 גרם נאמן,מ.א.מ השלושה,,טופ מותגים ריבת חלב,גרמים,330.00,100 גרם,false,,12.90,0.0391,true,1,46803
7290001468272,false,נאמן פלסטרים מעורב 50יח',QUEST,,פלסטר 30 יח',יחידה,30.00,יחידה,false,,6.90,0.2300,true,1,103897
7290001468661,false,"מסיר לק יסמין 180 מ""ל",מעבדות קליאו,,"מסיר לק יסמין 180 מ""",מיליליטרים,180.00,"100 מ""ל",false,,6.90,0.0383,true,1,150778
7290001468753,false,קמח תפוחי אדמה 500 ג' נאמן,תבליני ביטון,,קמח תפוחי אדמה 500 ג,גרמים,500.00,100 גרם,false,,5.90,0.0118,true,1,117956
7290001482186,false,אננס חתוך בסירופ קל ויליפוד 565 גרם,הנסיך- מפעל לייצור ט,,אננס חתוך 565גר,גרמים,565.00,100 גרם,false,,7.90,0.0140,true,1,139335
7290001482506,false,וילי פוד חומץ בלסמי בדץ 500מל,וילי פוד,,וילי פוד חומץ בלסמי,מיליליטרים,500.00,"100 מ""ל",false,,18.90,0.0378,true,1,47092
7290001485019,false,גבינת קרם שמנת טבעי 5% טרה 200 גרם,קריות זול,,טרה גבינת שמנת טבעי,גרמים,200.00,100 גרם,false,,11.90,0.0595,true,1,54498
7290001491010,false,תה ירוק יסמין ויסוצקי 25 יחידות,תה ויסוצקי,,תה ירוק יסמין 25 שקי,יחידה,25.00,יחידה,false,,24.90,0.9960,true,1,40047
7290001491096,false,תה ירוק בתוספת לימונית ולואיזה 50 שקיקים ויסוצקי,תה ויסוצקי,,תה ירוק בתוספת לימונ,יחידה,0.00,יחידה,false,,47.00,0.0000,true,1,39408
7290001501009,false,שירות החלפה מילוי גז,סודה סטרים,,החלפת מיכל גז סודה ג,יחידה,0.00,יחידה,false,,99.90,0.0000,true,1,61646
7290001505114,false,מברשת שירותים,,,מברשת שירותים,יחידה,0.00,יחידה,false,,10.00,0.0000,true,1,189042
7290001505115,false,כד עם ידית,,,כד עם ידית,יחידה,0.00,יחידה,false,,5.90,0.0000,true,1,189044
7290001567555,false,פסטרמה מעודנת עם דבש 300 ג' יחיעם,מעדני יחיעם,,פסטרמה מעודנת עם דבש,גרמים,300.00,100 גרם,false,,26.00,0.0867,true,1,119696
7290001567708,false,נקניקיות וינר יחיעם 400 גרם,מעדני יחיעם,,נקניקיות וינר 400גרם,גרמים,400.00,100 גרם,false,,13.90,0.0348,true,1,112278
7290001567760,false,פסטרמה של פעם יחיעם 300 גרם,מעדני יחיעם,,פסטרמה של פעם 300גרם,גרמים,300.00,100 גרם,false,,25.90,0.0863,true,1,113733
7290001567807,false,"כתף בקר מעושן לח""מ 250 גרם ""יחיעם""",מעדני יחיעם,,כתף בקר מעושן 250 גר,גרמים,250.00,100 גרם,false,,27.90,0.1116,true,1,113743
7290001567814,false,סלמי מעושן בסגנון איטלקי 300 ג' יחיעם,מעדני יחיעם,,סלמי מעושן בסגנון אי,גרמים,300.00,100 גרם,false,,21.90,0.0730,true,1,113736
7290001591710,false,המבורגר אנגוס טיבון ויל 600 גרם,טיבון ויל,,המבורגר אנגוס 500 גר,גרמים,500.00,100 גרם,false,,24.90,0.0498,true,1,181985
7290001594230,false,קינלי סודה בבקבוק זכוכית,החברה המרכזית לייצור,,קינלי סודה קלאסי 250,מיליליטרים,250.00,"100 מ""ל",false,,2.90,0.0116,true,1,27062
7290001594261,false,פריגת משקה דיאט אשכו,,,פריגת משקה דיאט אשכו,מיליליטרים,330.00,"100 מ""ל",false,,6.00,0.0182,true,1,175320
7290001594377,false,פריגת תפוזים 0.5 ליטר חייב בפקדון,מבשלות בירה בינלאומיות ב,,פריגת משקה בטעם תפוז,מיליליטרים,500.00,"100 מ""ל",false,,6.00,0.0120,true,1,26727
7290001594384,false,פריגת אשכוליות 0.5 ליטר חייב בפקדון,מבשלות בירה בינלאומיות ב,,פריגת משקה בטעם אשכו,מיליליטרים,500.00,"100 מ""ל",false,,6.00,0.0120,true,1,28174
7290001594568,false,"בירה בפחית קרלסברג 500 מ""ל",מבשלות בירה בינלאומיות ב,,"קרלסברג פחית 500 מ""ל",מיליליטרים,500.00,"100 מ""ל",false,,8.90,0.0178,true,1,61660
7290001594575,false,"בירה טובורג רד פחית 500 מ""ל",מבשלות בירה בינלאומיות ב,,"טובורג פחית 500 מ""ל",מיליליטרים,500.00,"100 מ""ל",false,,8.90,0.0178,true,1,61661
7290001594803,false,"בירה טובורג גרין מארז 330X6מ""ל",קרלסברג ישראל,,טובורג גרין בקבוק 6*,מיליליטרים,330.00,"100 מ""ל",false,,44.90,0.1361,true,1,54510
7290001594858,false,"שישייה בירה טובורג רד בקבוק 330 מ""ל",מבשלות בירה בינלאומיות ב,,"בירה טובורג 6 בק"" 33",מיליליטרים,330.00,"100 מ""ל",false,,39.90,0.1209,true,1,54512
7290001594865,false,"שישייה בירה קרלסברג בקבוק 330 מ""ל",מבשלות בירה בינלאומיות ב,,קרלסברג בירה בקבוק 6,יחידה,6.00,יחידה,false,,41.90,6.9833,true,1,54513
7290001670224,false,מלית פרג פוליבה 400 גרם,"פוליבה בע""מ",,מלית פרג 400 גרם,גרמים,400.00,100 גרם,false,,13.00,0.0325,true,1,39092
7290001690147,false,מון בלאן טעם טוב גבינה מותכת6% 120 גרם,שלושת האופים,,טעם טוב גבינה מותכת,גרמים,120.00,100 גרם,false,,10.90,0.0908,true,1,182418
7290001710111,false,נקניקיות מרגז ארוז 500 גר,לאטי עזרא גלם ודגים,,נקנקיות מרגז 500,גרמים,500.00,100 גרם,false,,22.90,0.0458,true,1,27034
7290001710128,false,נקניקיות צוריסוס ארוז 500 גר,מעדני הטלה,,מעדני הטלה נקניקיות,גרמים,500.00,100 גרם,false,,24.90,0.0498,true,1,26554
7290001710159,false,גולש עגל קפוא ארוז מ,לאטי עזרא גלם ודגים,,גולש עגל ארוז מוכשר,קילוגרמים,1.00,"ק""ג",true,,42.90,42.9000,true,1,106380
7290001710289,false,פרגיות ממולאות אורז אסי,מעדני הטלה והעגל,,מעדני הטלה רבעי פרגי,קילוגרמים,1.00,"ק""ג",true,,49.90,49.9000,true,1,182574
7290001710784,false,נקניקיות מיני צ'וריסו500,מעדני הטלה,,מעדני הטלה נקניקיות,גרמים,500.00,100 גרם,false,,24.90,0.0498,true,1,69396
7290001713020,false,שקיות אשפה 25 יחידות 75*85 סנט מוריץ,קומפלקס כימיקלים בעמ,,סנט מוריץ שקיות אשפה,יחידה,0.00,יחידה,false,,7.90,0.0000,true,1,171870
7290001713105,false,עלמה נייר אפיה 42*37 50 יח',קומפלקס כימיקלים,,עלמה נייר אפיה נשלף,יחידה,0.00,יחידה,false,,9.90,0.0000,true,1,175651
7290001713150,false,סנט מוריץ מתז אקונומיקה Bleach קצף לימון 1 ליטר,קומפלקס כימיקלים בעמ,,אקונומיקה קצף ניקוי,ליטרים,1.00,ליטר,false,,11.90,11.9000,true,1,140825
7290001713167,false,סנט מוריץ - מרסס קצף ניקוי 1 ליטר סניטרי אפור,קומפלקס כימיקלים בעמ,,קצף לניקוי כלים סניט,ליטרים,1.00,ליטר,false,,11.90,11.9000,true,1,140826
7290001713211,false,נוזל רצפות סופר מבושם מאסק 2.5 ליטר,ABC,,סנט מוריץ רצפות סופר,יחידה,0.00,יחידה,false,,13.90,0.0000,true,1,164301
7290001713228,false,מנקה רצפות סופר מבושם כחול 2.5 ל',ABC,,סנט מוריץ רצפות סופר,יחידה,0.00,יחידה,false,,13.90,0.0000,true,1,164302
7290001713242,false,עלמה שקיות אשפה 25 יחידות 75*90 עם ידית,אסיר פלסט,,עלמה שקיות אשפה 25 י,יחידה,0.00,יחידה,false,,14.90,0.0000,true,1,172408
7290001713358,false,שקיות אשפה עלמה 40 יחידות 52*65 בניחוח תות,אסיר פלסט,,שקיות אשפה עלמה 40 י,יחידה,40.00,יחידה,false,,14.90,0.3725,true,1,179703
7290001713433,false,הום מטליות לחות לניק,,,הום מטליות לחות לניק,יחידה,1.00,יחידה,false,,9.90,9.9000,true,1,181092
7290001713464,false,עלמה שקיות אשפה 100 יחידות 52*65 עם שרוך,קומפלקס כימיקלים,,עלמה שקיות אשפה 100,יחידה,0.00,יחידה,false,,22.90,0.0000,true,1,184829
7290001713501,false,"רדיד אלומיניום עלמה עבה 45 ס""מ 50 מ' סנט מוריץ",קומפלקס כימיקלים,,סנט מוריץ רדיד אלומי,יחידה,0.00,יחידה,false,,36.90,0.0000,true,1,183808
7290001713587,false,הום ג'ל אקונומיקה סמ,,,הום ג'ל אקונומיקה סמ,,4.00,4 ליטר,false,,13.90,3.4750,true,1,123173
7290001713617,false,הום כדוריות סבון לני,,,הום כדוריות סבון לני,יחידה,0.00,יחידה,false,,11.90,0.0000,true,1,178741
7290001713648,false,מרכך כביסה פיור בייבי ורוד 1 ליטר,"קומפלקס כימיקלים בע""",,pure מרכך כביסה ביי,ליטרים,1.00,ליטר,false,,13.90,13.9000,true,1,187357
7290001713761,false,הום כריות יפניות לקר,,,הום כריות יפניות לקר,יחידה,0.00,יחידה,false,,9.90,0.0000,true,1,175875
7290001713839,false,סנט מוריץ רב מגבת 700 גרם 250 דפים,,,סנט מוריץ רב מגבת 70,יחידה,0.00,יחידה,false,,17.90,0.0000,true,1,183809
7290001713891,false,עלמה מיקרופייבר חמישייה לניקוי חמישייה סנט מוריץ,קומפלקס כימיקלים,,מיקרופייבר חמישייה ל,יחידה,0.00,יחידה,false,,9.90,0.0000,true,1,148750
7290001713921,false,אקונומיקה bleach מבושמת 4 ל' סנט מוריץ,קומפלקס כימיקלים בעמ,,אקונומיקה מבושמת 4 ל,ליטרים,4.00,ליטר,false,,9.90,2.4750,true,1,155371
7290001713938,false,ניילון נצמד 150 מ' סנט מוריץ,קומפלקס כימיקלים,,עלמה ניילון נצמד 150,יחידה,0.00,יחידה,false,,19.90,0.0000,true,1,182121
7290001791349,false,פיסגה אקונומיקה ריחנית סנו 4 ליטר,"סנו מפעלי ברונוס בע""מ",,אקונומיקה ריחנית פסג,ליטרים,4.00,ליטר,false,,11.90,2.9750,true,1,47006
7290001813454,false,"עוגיות חיוכים שוקולד עלית 900 גרם מארז 6 יחידות בד""צ",אפיפית נצרת תעשיות ב,,חיוכים חגיגה שוק / ו,גרמים,900.00,100 גרם,false,,19.90,0.0221,true,1,30186
7290001813478,false,"עוגיות חיוכים וניל עלית 900 גרם מארז 6 יחידות בד""צ","אפיפית נצרת (1971) בע""\מ",,חיוכים חגיגה וניל 90,גרמים,900.00,100 גרם,false,,19.90,0.0221,true,1,43772
7290001817728,false,צ'יטוס אפוי כאפה בטעם קטשופ 55 גרם,"שטראוס פריטו ליי בע""\מ )",,ציטוס כאפה 55 גרם,יחידה,0.00,יחידה,false,,3.50,0.0000,true,1,39041
7290001835562,false,פרמיו בקר וכבד לכלב,,,פרמיו בקר וכבד לכלב,יחידה,0.00,יחידה,false,,5.90,0.0000,true,1,190584
7290001865439,false,פמילי אל סבון נוזלי בניחוח וניל 1 ליטר,אף.סי תבליני בגליל ב,,פמלי סבון נוזלי וניל,ליטרים,1.00,ליטר,false,,12.90,12.9000,true,1,39046
7290001865453,false,פמילי לקשרי 1 ליטר לבנדר ארומטי+משאבה,מיוצר עי קונדיטוריית,,פמלי סבון נוזלי לבנד,ליטרים,1.00,ליטר,false,,12.90,12.9000,true,1,39417
7290001865460,false,סבון נוזלי פמלי לקשרי זר פרחים לבנים 1 ל,אינטרקוסמא,,פמלי סבון נוזלי ליים,ליטרים,1.00,ליטר,false,,12.90,12.9000,true,1,39165
7290001873489,false,קרפצ'יו בלאק אנגוס 120 ג,טיבון ויל אחזקות בעמ,,BLACK ANGUS קרפצ'יו,גרמים,120.00,100 גרם,false,,16.90,0.1408,true,1,151393
7290001881224,false,קוביות אננס מאמא מרי,מאמא מרי,,אננס 300 גרם,גרמים,300.00,100 גרם,false,,14.90,0.0497,true,1,138664
7290001975992,false,"בירה ויינשטפן 330 מ""ל בקבוק",קרלסברג יבוא יצוא,,בירה ויינשטפיין בקבו,יחידה,0.00,יחידה,false,,14.00,0.0000,true,1,64611
7290001990117,false,שומשום סוגת 100 גרם,האי נאם סי או אל.טי.,,שומשום 100 גר,גרמים,100.00,100 גרם,false,,4.10,0.0410,true,1,39647
7290001990148,false,"סוכר גולדן קלאסי בצנצנת סוגת 1 ק""ג",האי נאם סי או אל.טי.,,סוכר גולדן קלאסי 1 ק,קילוגרמים,1.00,"ק""ג",false,,12.90,12.9000,true,1,39648
7290001990261,false,"סוגת חומוס 1 ק""ג","סוגת תעשיות בע""\מ",,"סוגת חומוס 1 ק""ג",קילוגרמים,1.00,"ק""ג",false,,14.90,14.9000,true,1,39170
7290001990278,false,"שעועית לבנה סוגת 1 ק""ג","סוגת תעשיות בע""\מ",,סוגת שעועית לבנה 1 ק,קילוגרמים,1.00,"ק""ג",false,,19.90,19.9000,true,1,40254
7290001990377,false,שעועית בובס 500 גרם סוגת,סוגת תעשיות בעמ,,סוגת שעועית בובס 500,גרמים,500.00,100 גרם,false,,11.90,0.0238,true,1,39722
7290001990391,false,אפונה יבשה 1קג סוגת,"סוגת תעשיות בע""\מ",,"סוגת אפונה 1 ק""ג",קילוגרמים,1.00,"ק""ג",false,,10.90,10.9000,true,1,39049
7290001990407,false,"סוגת עדשים ירוקים 1 ק""ג","סוגת תעשיות בע""\מ",,סוגת עדשים ירוקים 1,קילוגרמים,1.00,"ק""ג",false,,14.90,14.9000,true,1,39100
7290001990421,false,"פופקורן גרעינים סוגת 1 ק""ג","סוגת תעשיות בע""\מ",,"סוגת פופקורן 1 ק""ג",קילוגרמים,1.00,"ק""ג",false,,8.90,8.9000,true,1,40019
7290002007029,false,קוקוס טחון 100 ג' הנמל,יבוא ושיווק: הנמל אר,,קוקוס 100 גרם,יחידה,0.00,יחידה,false,,4.00,0.0000,true,1,39724
7290002007234,false,אבקת סוכר הנמל 100 גרם,"מיוצר וארוז ע""י: ר.ס",,אבקת סוכר 100 גרם,יחידה,0.00,יחידה,false,,1.90,0.0000,true,1,43781
7290002007395,false,דובדבנים מסוכרים 100 ג' הנמל,הדרום תעשיות מזון בע,,דובדבנים מסוכרים 100,גרמים,100.00,100 גרם,false,,8.00,0.0800,true,1,39650
7290002007401,false,קליפות הדרים מסוכרות 100 ג' הנמל,הדרום תעשיות מזון בע,,קליפות הדרים מסוכרות,יחידה,0.00,יחידה,false,,6.00,0.0000,true,1,40256
7290002007746,false,"צבע מאכל כחול 55 מ""ל הנמל",הנמל אריזות ושיווק ב,,"צבע מאכל כחול 55 מ""ל",יחידה,0.00,יחידה,false,,4.00,0.0000,true,1,39726
7290002007821,false,צבעי מאכל אדום הנמל,ממתקי עלה ייצור שיוו,,"צבע מאכל אדום 55 מ""ל",יחידה,0.00,יחידה,false,,4.00,0.0000,true,1,39652
7290002007852,false,"תמצית אפייה בטעמים שונים 55 מ""ל הנמל",ממתקי עלה יצור ושיוו,,הנמל תמצית אפייה בטע,יחידה,0.00,יחידה,false,,4.00,0.0000,true,1,40126
7290002008057,false,"תמצית אפייה בטעם רום 55 מ""ל הנמל",ממתקי עלה יצור שיווק,,תמצית אפייה בטעם רום,יחידה,0.00,יחידה,false,,4.00,0.0000,true,1,39653
7290002008491,false,סוכריות לקישוט שוקולד 100 ג' הנמל,ממתקי עלה יצור שיווק,,סוכריות מזרה שוקולד,גרמים,100.00,100 גרם,false,,5.00,0.0500,true,1,39176
7290002008743,false,סוכר וניל עשירייה הנמל 100 גרם,"מיוצר וארוז ע""י: ר.ס",,סוכר וניל 10*10 גרם,יחידה,10.00,יחידה,false,,2.90,0.2900,true,1,39656
7290002008750,false,אבקת אפיה עשירייה הנמל 100 גרם,"מיוצר ע""י:ר.ס. חברה",,אבקת אפיה 10*10 גרם,יחידה,10.00,יחידה,false,,2.90,0.2900,true,1,40131
7290002008828,false,סוכריות שוקולד לבן ג'מבו לקישוט הנמל 200ג' בדצ,ממתקי עלה ייצור שיוו,,סוכריות לעוגה גמבו ש,גרמים,200.00,100 גרם,false,,9.00,0.0450,true,1,40132
7290002008934,false,סוכריות צבעוניות לקישוט לעוגה 200 גר,ממתקי עלה יצור שיווק,,סוכריות צבעוניות לקי,גרמים,200.00,100 גרם,false,,10.00,0.0500,true,1,40133
7290002019787,false,רוטב עגבניות מרוכז מאוד 260 גרם פריניר,פריניר ( הדס 1987) ב,,פריניר רסק עגבניות 2,גרמים,260.00,100 גרם,false,,4.90,0.0188,true,1,119227
7290002019794,false,רוטב עגבניות מרוכז מאוד 100 גרם פריניר,פריניר ( הדס 1987) ב,,פריניר רסק עגבניות 2,גרמים,100.00,100 גרם,false,,1.90,0.0190,true,1,119228
7290002026341,false,צ'יפס אריסטו רגיל שקיות רשת,מוצרי איכות אמריקאיים,,צ'יפס אריסטו רגיל שק,יחידה,0.00,יחידה,false,,19.90,0.0000,true,1,120125
7290002026358,false,צ'יפס אריסטו זיג זג שקיות רשת,מוצרי איכות אמריקאיים,,צ'יפס אריסטו זיג זג,יחידה,0.00,יחידה,false,,19.90,0.0000,true,1,120117
7290002026365,false,טבעות בצל אריסטו קראנץ' 500 גרם,מוצרי איכות אמריקאיים,,טבעות בצל רשת,יחידה,0.00,יחידה,false,,13.90,0.0000,true,1,120118
7290002026884,false,"מאגדת גלידת בן& ג'ריס צאנקי מיקס 400 מ""ל",מוצרי איכות אמריקאיים בע,,צאנקי מיקס מאגדת רבי,גרמים,294.00,100 גרם,false,,27.90,0.0949,true,1,137509
7290002026914,false,"מאגדת גלידת בן& ג'ריס קלאסיק מיקס 400 מ""ל",מוצרי איכות אמריקאיים בע,,קלאסיק מיקס מאגדת רב,גרמים,288.00,100 גרם,false,,27.90,0.0969,true,1,137516
7290002040095,false,קוסקוס רגיל מארז 350X3ג' קוסקוס מזון,טרופיקל דגיל תעשיות,,קוסקוס מארז שלוש שקי,גרמים,1050.00,100 גרם,false,,13.90,0.0132,true,1,95882
7290002043072,false,אקסטרה פריכיות אורז חום מלא בציפוי שוקולד חלב 70 גרם,נוהלס ג'\י אס סי.,,אקסטרה פריכוני אורז,יחידה,0.00,יחידה,false,,7.90,0.0000,true,1,164213
7290002043188,false,אקסטרה צ'יפס אורז חום מלא צ'ילי חריף 60 גרם,נוהלס ג'\י אס סי.,,צ'יפס אורז חום מלא צ,יחידה,0.00,יחידה,false,,5.90,0.0000,true,1,164199
7290002050803,false,סוכריות גומי זארובי,זארובי,,רביעיית ממתקים 550 ג,גרמים,550.00,100 גרם,false,,29.90,0.0544,true,1,178575
7290002053354,false,אטריות נודלס סיני להקפצה אוריינט 300 גרם,טאביט ספ.ז.או.או,,אוריינט נודלס סיני 3,גרמים,300.00,100 גרם,false,,14.90,0.0497,true,1,39663
7290002057048,false,זית סורי מתובל בשמן קבוצת יבנה 560 גרם,קבוצת יבנה,,סורי מבוקע ‏2‏-‏A‏ י,גרמים,540.00,100 גרם,false,,10.90,0.0202,true,1,27159
7290002057062,false,זיתים מנזנילו ירוק בינוני קבוצת יבנה 340 גרם,קבוצת יבנה,,מנזנילו ירוק בינוני,גרמים,540.00,100 גרם,false,,7.90,0.0146,true,1,27160
7290002057093,false,זיתים מנזנילו גדול קבוצת יבנה 340 גרם,קבוצת יבנה,,זיתים מנזנילו גדול ‏,גרמים,540.00,100 גרם,false,,8.90,0.0165,true,1,26564
7290002057109,false,זיתים יבנה ירוקים גדולים מאוד שום מנזלינ,קבוצת יבנה,,מנזנילו גדול מאד ‏2‏,גרמים,540.00,100 גרם,false,,9.90,0.0183,true,1,26558
7290002057123,false,זיתים ירוקים מנזנילו קבוצת יבנה 560 גרם,קבוצת יבנה,,חרוזית ‏2‏-‏A‏ יבנה,גרמים,540.00,100 גרם,false,,9.90,0.0183,true,1,26840
7290002057130,false,זיתים חרוזית קבוצת יבנה 650 גרם,קבוצת יבנה,,חרוזית ‏43‏ או' יבנה,גרמים,1250.00,100 גרם,false,,19.90,0.0159,true,1,171682
7290002057154,false,"זיתים חרוזית קבוצת יבנה 1.5 ק""ג",קבוצת יבנה,,חרוזית ‏10‏-‏A‏ יבנה,גרמים,3000.00,100 גרם,false,,39.90,0.0133,true,1,27161
7290002057161,false,זיתים מרינט ביין גדול מאד קבוצת יבנה 340 גרם,קבוצת יבנה,,מרינט ביין גדול מאד,גרמים,560.00,100 גרם,false,,10.90,0.0195,true,1,26976
7290002057185,false,טבעות זיתים ירוקים קבוצת יבנה 560 גרם,קבוצת יבנה,,טבעות זיתים ירוקים ‏,גרמים,540.00,100 גרם,false,,9.90,0.0183,true,1,26842
7290002057314,false,"מלפפון במלח ‏20‏-‏15‏ ‏‏ 1.3 ק""ג ‏‏ יבנה",קבוצת יבנה,,מלפפון במלח ‏20‏-‏15,גרמים,1340.00,100 גרם,false,,14.90,0.0111,true,1,171676
7290002057352,false,מלפפונים במלח ‏9‏-‏7‏ קבוצת יבנה 320 גרם,קבוצת יבנה מוצרי מזון,,מלפפון במלח ‏9‏-‏7‏,גרמים,560.00,100 גרם,false,,6.90,0.0123,true,1,26977
7290002057369,false,מלפפונים במלח ‏12‏-‏10‏ קבוצת יבנה 320 גרם,קבוצת יבנה,,מלפפון 10-12 במלח,גרמים,540.00,100 גרם,false,,8.90,0.0165,true,1,27163
7290002057383,false,מלפפון יבנה במלח קטנים מאוד 18-25 320 גר יבנה,קבוצת יבנה,,מלפפון במלח ‏25‏-‏18,גרמים,540.00,100 גרם,false,,12.90,0.0239,true,1,26978
7290002057406,false,"מלפפון חומץ ‏36‏-‏30‏ ‏10‏-‏A‏ יבנה 3 ק""ג",קבוצת יבנה,,חומץ ‏36‏-‏30‏ ‏10‏-,גרמים,560.00,100 גרם,false,,21.90,0.0391,true,1,171678
7290002057413,false,"מלפפון חומץ ‏20‏-‏15‏ 1.3 ק""ג יבנה",קבוצת יבנה,,מלפפון בחומץ ‏20‏-‏1,גרמים,600.00,100 גרם,false,,14.90,0.0248,true,1,171679
7290002057437,false,פלפל שיפקונית קבוצת יבנה 225 גרם,קבוצת יבנה,,שיפקונית A-2,יחידה,0.00,יחידה,false,,10.90,0.0000,true,1,166378
7290002057451,false,מלפפונים בחומץ ‏9‏-‏7 קבוצת יבנה 290 גרם,קבוצת יבנה מוצרי מזון,,מלפפון בחומץ ‏9‏-‏7‏,גרמים,540.00,100 גרם,false,,6.90,0.0128,true,1,26843
7290002057468,false,מלפפון יבנה בחומץ בינוניים 10-12 290 גרם,קבוצת יבנה,,חומץ ‏12‏-‏10‏ ‏2‏-‏,גרמים,540.00,100 גרם,false,,8.90,0.0165,true,1,27127
7290002057475,false,מלפפונים בחומץ ‏17‏-‏13 קבוצת יבנה 290 גרם,קבוצת יבנה,,חומץ ‏17‏-‏13‏ ‏2‏A‏,גרמים,540.00,100 גרם,false,,9.90,0.0183,true,1,26844
7290002057482,false,מלפפונים קטנים בחומץ קבוצת יבנה 560 גרם,קבוצת יבנה,,מלפפון חמוץ ‏25‏-‏18,גרמים,540.00,100 גרם,false,,12.90,0.0239,true,1,26674
7290002057604,false,פלפל חריף שיפקה קבוצת יבנה 225 גרם.,קבוצת יבנה,,שיפקה ‏2‏-‏A‏ יבנה,גרמים,540.00,100 גרם,false,,6.90,0.0128,true,1,26567
7290002057734,false,זיתים חרוזית מושחר קבוצת יבנה 275 גרם,קבוצת יבנה,,חרוזית מושחר ‏2‏A‏ י,גרמים,540.00,100 גרם,false,,10.90,0.0202,true,1,28187
7290002061885,false,דפילטור אורנה 19 לנערות,אלפא קוסמטיקה,,דפילטור אורנה 19 לנע,גרמים,80.00,100 גרם,false,,15.00,0.1875,true,1,75410
7290002065555,false,שישיית לחמנייה הכי רכה בהפסקה אנג'ל 450 גרם,מאפיית שלמה א. אנג'\ל בע,,הלחמניה הכי רכה בהפס,גרמים,450.00,100 גרם,false,,12.90,0.0287,true,1,59836
7290002065616,false,לחם שיפון גרעינים פרוס אחדות 750 גרם,מאפיית שלמה א. אנג'\ל בע,,שיפון גרעינים 750 גר,גרמים,750.00,100 גרם,false,,12.90,0.0172,true,1,59754
7290002065623,false,לחם שיפון של פעם כפרי פרוס אורנים 750 גרם,מאפיית שלמה א. אנג'\ל בע,,לחם שיפון כפרי 750 ג,גרמים,750.00,100 גרם,false,,11.90,0.0159,true,1,59755
7290002075233,false,שוקולד אייסקונפקט 250 גרם,איישטי,,אייסקונפקט 250 גרם,גרמים,250.00,100 גרם,false,,20.00,0.0800,true,1,138195
7290002077268,false,מיני קציצות דג לבישול 500 גרם קהילות,האי נאם סי או אל.טי.,,דלידג מיני קציצות דג,גרמים,500.00,100 גרם,false,,19.90,0.0398,true,1,26846
7290002077725,false,סלומון נורווגי מצונן דלידג 100ג',וי קינג V King,,סלמון מעושן 100 ג,גרמים,100.00,100 גרם,false,,19.90,0.1990,true,1,119094
7290002079033,false,לחם דגנים לייט פרוס 500 גרם,מאפיית דוידוביץ ובניו בע,,לחם דגנים לייט פרוס,גרמים,500.00,100 גרם,false,,14.90,0.0298,true,1,81357
7290002079156,false,פיתות דוידוביץ חמישי,מאפיית דוידוביץ ובני,,פיתות 5יח,גרמים,500.00,100 גרם,false,,6.90,0.0138,true,1,81435
7290002079217,false,מחמצת עם אגוזים שיפון 650 ג',מאפיית דוידוביץ ובני,,מחמצת עם אגוזים שיפו,גרמים,500.00,100 גרם,false,,15.90,0.0318,true,1,81436
7290002079316,false,חלה רגילה פרוסה 500 גרם,מאפיית דוידוביץ ובני,,חלה פרוסה 500 גרם,גרמים,500.00,100 גרם,false,,10.90,0.0218,true,1,81358
7290002079361,false,לחמניות המבורגר חתוך 6+2*60 ג',מאפיית דוידוביץ ובני,,לחמניות המבורגר פרוס,גרמים,480.00,100 גרם,false,,16.90,0.0352,true,1,81360
7290002079477,false,לחם אחיד פרוס דוידוב,מאפיית דוידוביץ ובניו בע,,לחם אחיד פרוס 750 גר,גרמים,750.00,100 גרם,false,,7.91,0.0105,true,1,39210
7290002079613,false,דוידוביץ חלה קלועה מתוקה ארוזה 500 גרם,מאפיית דוידוביץ ובני,,חלה קלועה מתוקה ארוז,גרמים,500.00,100 גרם,false,,12.90,0.0258,true,1,192563
7290002079927,false,לחם דגנים מלא דוידוב,מאפיית דוידוביץ ובני,,לחם דגנים קמח מלא 75,גרמים,750.00,100 גרם,false,,14.90,0.0199,true,1,81802
7290002079996,false,לחם אחיד פרוס קל 750 גרם,מאפיית דוידוביץ ובני,,לחם אחיד קל פרוס 750,גרמים,750.00,100 גרם,false,,14.90,0.0199,true,1,81462
7290002107071,false,גבינת פטה עיזים מעודנת 16% משק צוריאל 200 גרם,מחלבת משק צוריאל,,צוריאל בולגרית עיזים,גרמים,200.00,100 גרם,false,,23.90,0.1195,true,1,54559
7290002107385,false,גליל גבינת עיזים מה עז משק צוריאל 180 גרם,מחלבת משק צוריאל,,צוריאל גליל גבינת עי,גרמים,180.00,100 גרם,false,,22.90,0.1272,true,1,54560
7290002107491,false,גבינה לבנה מחלב עיזים למריחה 5% משק צוריאל 250 גרם,מחלבת משק צוריאל,,צוריאל גבינת עזים למ,גרמים,250.00,100 גרם,false,,14.90,0.0596,true,1,54562
7290002107743,false,צפתית מעודנת5%משק צוריאל,מחלבת משק צוריאל,,משק צוריאל צפתית מעו,קילוגרמים,1.00,"ק""ג",true,,65.00,65.0000,true,1,65285
7290002107798,false,גבינה בולגרית מעודנת 5% משק צוריאל 250 גרם,מחלבת משק צוריאל,,צוריאל בולגרית מעודנ,גרמים,250.00,100 גרם,false,,21.90,0.0876,true,1,54564
7290002107965,false,גבינת טבורוג לאפיה 5% צוריאל 500ג',מחלבת משק צוריאל,,צוריאל טבורוג גבינה,גרמים,500.00,100 גרם,false,,23.90,0.0478,true,1,54565
7290002109372,false,בורקס פילו אצבעות בולגרי 700 ג' שלושת האופים,שלושת האופים שגמור,,בורקס פילו אצבעות בו,גרמים,700.00,100 גרם,false,,19.90,0.0284,true,1,29556
7290002129479,false,פיצה איטלקית דקה 320 ג' שלושת האופים,האי נאם סי או אל.טי.,,פיצה איטלקית דקה שלו,גרמים,320.00,100 גרם,false,,13.90,0.0434,true,1,129044
7290002129486,false,פיצה איטלקית דקה זיתים 340 ג' שלושת האופים,האי נאם סי או אל.טי.,,פיצה איטלקית דקה שלו,גרמים,340.00,100 גרם,false,,14.90,0.0438,true,1,187519
7290002130567,false,דבש דבורים טהור פרחי בר יד מרדכי 350 גרם,מכוורת יד מרדכי שטראוס ב,,דבש טהור מפרחי בר בז,גרמים,350.00,100 גרם,false,,22.90,0.0654,true,1,43803
7290002133131,false,גבינה ריקוטה 5% 250 גרם,מחלבת השומרון,,מחלבת שומרון ריקוטה,גרמים,250.00,100 גרם,false,,13.60,0.0544,true,1,34935
7290002133162,false,גבינה בולגרית 5% גבינות השומרון 250 גרם,מחלבת השומרון,,השומרון בולגרית גביע,גרמים,250.00,100 גרם,false,,19.20,0.0768,true,1,30841
7290002133506,false,יוגורט של פעם חלב עיזים 4% גבינות השומרון 400 גרם,מחלבת השומרון,,השומרון יוגורט של פע,גרמים,400.00,100 גרם,false,,12.00,0.0300,true,1,30843
7290002133537,false,יוגורט של פעם חלב עיזים 4% גבינות השומרון 180 גרם,מחלבת השומרון,,השומרון יוגורט של פע,גרמים,180.00,100 גרם,false,,6.90,0.0383,true,1,30845
7290002133551,false,גבינת לאבנה עם שמן זית וזעתר 5% השומרון 500 גרם,מחלבת השומרון,,השומרון לאבנה עם זעת,גרמים,500.00,100 גרם,false,,19.00,0.0380,true,1,30846
7290002133612,false,"יוגורט יווני אותנטי 8% גבינות השומרון 180 מ""ל",מחלבת השומרון,,השומרון יוגורט יווני,גרמים,180.00,100 גרם,false,,5.90,0.0328,true,1,30848
7290002133643,false,גבינת פטה צאן 22% גבינות השומרון 200 גרם,מחלבת השומרון,,השומרון פטה צאן 5% 2,גרמים,200.00,100 גרם,false,,20.20,0.1010,true,1,30849
7290002133889,false,גבינה בולגרית מעודנת 5% 250 גרם,מחלבת השומרון,,השומרון בולגרית מעוד,גרמים,250.00,100 גרם,false,,18.90,0.0756,true,1,30851
7290002157830,false,קוביות גולש עגל קפוא טיבון ויל 800 גרם,טיבון ויל - נטו,,קוביות גולש עגל 100%,יחידה,0.00,יחידה,false,,44.90,0.0000,true,1,119229
7290002157953,false,מארז נתחי טונה בהירה בשמן קנולה - 4 יחידות,דיאמנט פוד פרודקט,,טונה בשמן קנולה 4*14,יחידה,4.00,יחידה,false,,19.90,4.9750,true,1,119230
7290002157960,false,טונה ויליגר 392 גרם במים רביעייה,ויליגר,,ויליגר נתחי טונה בהי,יחידה,0.00,יחידה,false,,19.90,0.0000,true,1,175101
7290002190141,false,ריבת חלב קונדיטור 450גרם,Barhan gida sanayi v,,קונדיטור ריבת חלב בצ,גרמים,450.00,100 גרם,false,,15.90,0.0353,true,1,54578
7290002232964,false,ציפוי לשניצל פז טחון דק 500 גרם דגש,"תירפז בע""מ",,צפוי פז טחון דק- ללא,גרמים,600.00,100 גרם,false,,34.90,0.0582,true,1,57842
7290002239185,false,אפונת גינה קפואה פרי גליל 800 גרם,"פרי הגליל בע""""מ",,אפונה מוקפאת 800 גרם,גרמים,800.00,100 גרם,false,,12.90,0.0161,true,1,26985
7290002239215,false,אפונה וגזר פרי הגליל 800 גרם,"פרי הגליל בע""""מ",,אפונה וגזר 800 גרם,גרמים,800.00,100 גרם,false,,12.90,0.0161,true,1,26898
7290002239277,false,גזר גמדי קפוא פרי גליל 800ג',"פרי הגליל בע""""מ",,גזר גמדי 800 גרם,גרמים,800.00,100 גרם,false,,11.90,0.0149,true,1,26578
7290002239297,false,גזר גמדי 800 גרם,,,גזר גמדי 800 גרם,גרמים,800.00,100 גרם,false,,11.90,0.0149,true,1,98263
7290002239307,false,שעועית צהובה 800 ג ' פרי הגליל,"פרי הגליל בע""""מ",,שעועית צהובה 800 גרם,גרמים,800.00,100 גרם,false,,12.90,0.0161,true,1,26986
7290002239338,false,שעועית ירוקה פרי הגליל 800 גרם,"פרי הגליל בע""""מ",,שעועית ירוקה 800 גרם,גרמים,800.00,100 גרם,false,,12.90,0.0161,true,1,27133
7290002239369,false,שעועית ירוקה שלמה 800 גרם פרי הגליל,"פרי הגליל בע""""מ",,פרי הגליל שעועית שלמ,גרמים,800.00,100 גרם,false,,12.90,0.0161,true,1,27206
7290002239420,false,תירס גרעינים 800 ג ' פרי הגליל,"פרי הגליל בע""""מ",,תירס גרעינים 800 גרם,גרמים,800.00,100 גרם,false,,12.90,0.0161,true,1,26579
7290002253006,false,שום כתוש דורות בצנצנת 200 גרם,עיצובים 2020 (3.8),,דורות שום כתוש טרי 2,גרמים,200.00,100 גרם,false,,18.90,0.0945,true,1,26683
7290002253105,false,קוביות שום כתוש טרי דורות 80 גרם,עיצובים 2020 (3.8),,דורות מגשית קוביות ש,גרמים,80.00,100 גרם,false,,12.90,0.1613,true,1,27207
7290002253150,false,קוביות בזיליקום קצוץ דורות 70 גרם,עיצובים 2020 (3.8),,דורות בזיליקום טרי ק,יחידה,0.00,יחידה,false,,10.90,0.0000,true,1,27169
7290002253167,false,דורות פטרוזיליה קצוצה 70 גרם,עיצובים 2020 (3.8),,דורות פטרוזליה טרייה,יחידה,0.00,יחידה,false,,10.90,0.0000,true,1,54583
7290002253181,false,קוביות כוסברה קצוצה דורות 70 גרם,עיצובים 2020 (3.8),,דורות כוסברה טריה קצ,יחידה,0.00,יחידה,false,,10.90,0.0000,true,1,54585
7290002253198,false,ג'ינג'ר טרי כתוש במגשית 70 ג' דורות,עיצובים 2020 (3.8),,דורות גינגר טרי כתוש,יחידה,0.00,יחידה,false,,10.90,0.0000,true,1,54586
7290002253235,false,דורות רוטב פסטו 160 גרם,עיצובים 2020 (3.8),,דורות רוטב פסטו 160,גרמים,160.00,100 גרם,false,,12.90,0.0806,true,1,101044
7290002268239,false,"דלי טחינה הנסיך 3 ק""",,,"דלי טחינה הנסיך 3 ק""",קילוגרמים,3.00,"ק""ג",false,,69.90,23.3000,true,1,82107
7290002269984,false,"ספריי ME דאודורנט 175 מ""ל",אמיליה קוסמטיקס,,מי דאדוראנט תרסיס קל,מיליליטרים,175.00,"100 מ""ל",false,,22.90,0.1309,true,1,54590
7290002281405,false,זוג סלט סלמון מעושן פיקנטי ויליגר 2*160 גרם,"ויליגר תעשיות בע""\מ",,ויליגר סלט סלמון מעו,גרמים,320.00,100 גרם,false,,9.90,0.0309,true,1,139347
7290002281498,false,גבינה צהובה מגורדת על בסיס חלב 500 ג' ריץ,האי נאם סי או אל.טי.,,ריץ צהובה מגורדת 500,גרמים,500.00,100 גרם,false,,24.90,0.0498,true,1,139807
7290002304418,false,"מעדן ענבי ציון אוכמניות 1.2 ק""ג",ענבי ציון,,מעדן אוכמניות 1.200,גרמים,1200.00,100 גרם,false,,24.90,0.0207,true,1,118150
7290002304432,false,"מעדן ענבי ציון תות 1.20 ק""ג",ענבי ציון,,"מעדן תות 1.200 ק""ג",גרמים,1200.00,100 גרם,false,,24.90,0.0207,true,1,118151
7290002304463,false,מעדן ענבי ציון פרי היער1.2 קג,ענבי ציון,,מעדן פרי יער 1.200 ק,גרמים,1200.00,100 גרם,false,,24.90,0.0207,true,1,118152
7290002327028,false,ג'חנון תימני 3 האופים 650 גר',TLV צ'יף,,שלושת האופים גחנון 6,גרמים,650.00,100 גרם,false,,15.90,0.0245,true,1,54606
7290002327059,false,"בצק עלים 1 ק""ג שלושת האופים קהילות",שלושת האופים,,"בצק עלים 1ק""ג",יחידה,1.00,יחידה,false,,17.90,17.9000,true,1,54608
7290002327066,false,קונכיות בצק למילוי 625 גרם שלושת האופים,שלושת האופים,,קונכיות,גרמים,500.00,100 גרם,false,,21.90,0.0438,true,1,54609
7290002327073,false,בורקס גבינה 800 גר' שלושת האופים קהילות,שלושת האופים,,שלושת האופים בורקס ג,גרמים,800.00,100 גרם,false,,19.90,0.0249,true,1,54610
7290002327103,false,שלושת האופים ג'חנון תימני 900 גרם,אופרה,,שלושת האופים גחנון 1,יחידה,1.00,יחידה,false,,19.90,19.9000,true,1,54611
7290002327912,false,מיני בורקס גבינה 700 ג' שלושת האופים,שלושת האופים,,מיני בורקס גבינה 700,גרמים,700.00,100 גרם,false,,19.90,0.0284,true,1,54612
7290002327929,false,"מיני בורקס תפו""א 700 ג' שלושת האופים",TLV צ'יף,,"700 מיני בורקס תפו""א",גרמים,800.00,100 גרם,false,,17.90,0.0224,true,1,54613
7290002331094,false,"מים מינרליים GO TO נביעות 755 מ""ל",נביעות טבע הגליל בעמ,,"נביעות 755 מ""ל",מיליליטרים,755.00,"100 מ""ל",false,,4.00,0.0053,true,1,27297
7290002331322,false,שישיית מים נביעות 1.5 ליטר,נביעות טבע הגליל בעמ,,נביעות 6* 1.5 ליטר,ליטרים,1.50,ליטר,false,,13.90,9.2667,true,1,26590
7290002331360,false,"נביעות מים מינרליים טו גו מארז 500X6מ""ל",נביעות טבע,,"נביעות 6 * 500 מ""ל",מיליליטרים,500.00,"100 מ""ל",false,,16.10,0.0322,true,1,26591
7290002331421,false,"שישיית מים מינרליים GO TO נביעות 755 מ""ל",נביעות טבע הגליל בעמ,,"נביעות 6* 755 מ""ל",מיליליטרים,755.00,"100 מ""ל",false,,17.90,0.0237,true,1,54615
7290002331483,false,"שישיית נביעות אישי בייבי 320 מ""ל",נביעות טבע הגליל בעמ,,נביעות בייבי 6* 320,מיליליטרים,320.00,"100 מ""ל",false,,13.90,0.0434,true,1,73223
7290002345015,false,סינטה דק דק אל גאוצ'ו 250ג' מינוט,"טיבון ויל אחזקות בע""\מ",,*מבצע* סינטה אלגוצ'ו,גרמים,250.00,100 גרם,false,,16.90,0.0676,true,1,129522
7290002345022,false,אנטריקוט דק דק מינוט סטייק אל גאוצ'ו 250 גרם,"טיבון ויל אחזקות בע""\מ",,*מבצע* אנטריקוט אלגו,גרמים,250.00,100 גרם,false,,16.90,0.0676,true,1,129523
7290002345077,false,שניצל בקר מינוט אל גאוצ'ו קפוא 250 גר,"טיבון ויל אחזקות בע""\מ",,*מבצע* נטו שניצל בקר,גרמים,250.00,100 גרם,false,,16.90,0.0676,true,1,133430
7290002345121,false,אסאדו דקדק אל גאוצ'ו 250 גרם,"טיבון ויל אחזקות בע""\מ",,*מבצע* אסאדו דקדק 25,גרמים,250.00,100 גרם,false,,16.90,0.0676,true,1,165773
7290002348238,false,חתיכות אננס ויליגר 820 גרם,טיפקו,,אננס חתוך ויל' 820 ג,גרמים,830.00,100 גרם,false,,10.90,0.0131,true,1,119095
7290002353249,false,חרדל דיז'ון מיילי 345 גרם,מיוצר עי קונדיטוריית,,דיג'ונג מיילי 335 גר,גרמים,335.00,100 גרם,false,,21.90,0.0654,true,1,124525
7290002353836,false,סרדינים רוברט בשמן זית 115 גרם,קונסרבס פורטוגל נורטה,,סר' רוברט בשמן זית 1,גרמים,120.00,100 גרם,false,,8.90,0.0742,true,1,28200
7290002360278,false,חליטת צמחים פומפדור מנטה 20 יחידות,"איטיליאן פוד, אס.פי.",,פומפדור חליטת מנטה 2,יחידה,20.00,יחידה,false,,16.20,0.8100,true,1,47369
7290002360285,false,חליטת צמחים פומפדור קמומיל 20 יחידות,TEEKANNE- POMPADOU,,פומפדור חליטת קמומיל,יחידה,20.00,יחידה,false,,16.20,0.8100,true,1,47308
7290002371403,false,טירת צבי מארז זוגות 600 ג',טיב טירת צבי 2000,,טירת צבי מארז זוגות,גרמים,600.00,100 גרם,false,,28.00,0.0467,true,1,39785
7290002371526,false,דקניקים סלסולי פסטרמה שום וצילי פיקנטי טירת צבי 120 גרם,הנסיך- מפעל לייצור ט,,טירת צבי סלסולי פסטר,גרמים,120.00,100 גרם,false,,14.90,0.1242,true,1,75896
7290002371533,false,דקניקים סלסולי פסטרמה דבש טירת צבי 120 גרם,הנסיך- מפעל לייצור ט,,טירת צבי סלסולי פסטר,גרמים,120.00,100 גרם,false,,14.90,0.1242,true,1,75898
7290002371854,false,נקניקיות עוף חריפות טירת צבי 2 * 500 גרם,הנסיך- מפעל לייצור ט,,טירת צבי נקניקיות עו,קילוגרמים,1.00,"ק""ג",false,,31.50,31.5000,true,1,39292
7290002371939,false,סרוולד בסגנון צרפתי דליקטיב 120 גרם,הנסיך- מפעל לייצור ט,,טירת צבי סרוולד צרפת,גרמים,120.00,100 גרם,false,,26.90,0.2242,true,1,39496
7290002374268,false,שמן חמניות מילומור 1 ליטר,שמן תעשיות,,שמן חמניות מילומור 1,ליטרים,1.00,ליטר,false,,10.90,10.9000,true,1,82131
7290002374312,false,"שמן קנולה מילומור 1 ל' עד""ח","נארז ע""י : א.ג. גילר",,שמן קנולה מילומור 1,ליטרים,1.00,ליטר,false,,10.90,10.9000,true,1,47145
7290002407676,false,זיתים מעורבים 800 גר,,,זיתים מעורבים 800 גר,גרמים,800.00,100 גרם,false,,19.90,0.0249,true,1,179293
7290002410713,false,קישקע ממולא קפוא 500גרם,לאטי עזרא גלם ודגים,,מעדני הטלה קישקע ממו,גרמים,500.00,100 גרם,false,,10.90,0.0218,true,1,80674
7290002439240,false,עוגת פס גבינה אפוייה ריצ' 500ג',סהרון,,ריצ עוגת גבינה אפויה,גרמים,450.00,100 גרם,false,,36.90,0.0820,true,1,119254
7290002439998,false,קלאסיקו קבב בקר וכבש אלג,טיבון ויל - נטו,,אל גאוצו קלאסיקו קבב,יחידה,0.00,יחידה,false,,23.90,0.0000,true,1,119259
7290002448839,false,פרמיו סלמון ופורל לח,,,פרמיו סלמון ופורל לח,יחידה,0.00,יחידה,false,,5.90,0.0000,true,1,190585
7290002461562,false,מיני מרגז מעדני הטלה,מעדני הטלה והעגל,,מעדני הטלה נקניקיות,גרמים,500.00,100 גרם,false,,24.90,0.0498,true,1,26593
7290002478041,false,מעדני הטלה נקניקיות,,,מעדני הטלה נקניקיות,גרמים,400.00,100 גרם,false,,10.90,0.0273,true,1,27116
7290002487364,false,שלושת האופים ב. פילו גבינה זיתים 700 גר לנדא,שלושת האופים שגמור,,שלושת האופים ב. פילו,גרמים,700.00,100 גרם,false,,19.90,0.0284,true,1,54641
7290002488057,false,"תמר מגהול פרימיום 2 ק""",,,"תמרים מגהול 2 ק""ג",קילוגרמים,2.00,"ק""ג",false,,59.90,29.9500,true,1,183425
7290002488460,false,תמר מג'הול עסיסי 500 גר,,,תמר מגהול עסיסי 500,גרמים,500.00,100 גרם,false,,34.90,0.0698,true,1,191637
7290002507604,false,פיצה שגב השף מאיטליה 350 גרם,האי נאם סי או אל.טי.,,שגב פיצה השף מאיטליה,גרמים,320.00,100 גרם,false,,15.90,0.0497,true,1,152927
7290002515371,false,"קמיל בלו אל סבון לתינוקות ד""ר פישר 1 ליטר",פישר מעבדות פרמצבטיות בע,,קמיל בלו קלאסיק 1 לי,ליטרים,1.00,ליטר,false,,32.00,32.0000,true,1,43815
7290002542780,false,"שישייה בירה סטלה ארטואה בקבוק 330X6 מ""ל","אינבב, ברוורייפליין",,סטלה ארטואה שישייה 3,יחידה,0.00,יחידה,false,,39.90,0.0000,true,1,175738
7290002542865,false,"שישייה בירה הוגרדן בקבוק 330X6 מ""ל","אינבב, ברוורייפליין",,"הוגרדן שישייה 330 מ""",מיליליטרים,330.00,"100 מ""ל",false,,49.90,0.1512,true,1,176652
7290002543046,false,דגני בוקר קלוגס פרוסטיס 750 גרם,קלוג מנייופרטורינג א,,קלוגס פרוסטיס דגנים,גרמים,750.00,100 גרם,false,,21.90,0.0292,true,1,46084
7290002560135,false,נורמה ניילון נצמד 15,,,נורמה ניילון נצמד 15,יחידה,0.00,יחידה,false,,19.90,0.0000,true,1,141909
7290002560517,false,שקיות זיפר לארג 20 י,,,שקיות זיפר לארג 20 י,יחידה,0.00,יחידה,false,,7.90,0.0000,true,1,158388
7290002560524,false,נורמה נייר אפיה בגלי,,,נורמה נייר אפיה בגלי,יחידה,0.00,יחידה,false,,16.90,0.0000,true,1,170562
7290002603634,false,"פיצה משולש תפזורת בד""צ 80ג'",שלושת האופים,,פיצה משולש מרגריטה ת,יחידה,0.00,יחידה,false,,2.50,0.0000,true,1,182211
7290002603689,false,"מקלות בורקס פילו XL תפו""א שגב 450 גר",שלושת האופים שגמור,,"שגב מקלות פילו תפו""א",גרמים,450.00,100 גרם,false,,19.90,0.0442,true,1,130053
7290002603696,false,בורקס פילו שגב XL גבינה שגב 450 גרם לנדא,שלושת האופים שגמור,,שגב מקלות פילו גבינה,גרמים,450.00,100 גרם,false,,19.90,0.0442,true,1,130054
7290002608127,false,בייגל רומני פילסברי,פילסברי,,בייגל רומני,יחידה,0.00,יחידה,false,,4.50,0.0000,true,1,53490
7290002651116,false,גחנון חמסי ארוז 1 קג,מאפיית אריאל,,חמסי גחנון 1 קילו,יחידה,1.00,יחידה,false,,15.90,15.9000,true,1,26960
7290002651123,false,מלאווח חמסי ארוז 1 ק,מאפיית אריאל,,"חמסי מלווח 1 ק""ג",גרמים,1000.00,100 גרם,false,,15.90,0.0159,true,1,27236
7290002651253,false,גחנון אפוי חמסי 600 גרם,מעדני הטלה,,חמסי גחנון אפוי 6 יח,גרמים,600.00,100 גרם,false,,15.90,0.0265,true,1,27357
7290002692393,false,שמן קנולה מזוכך מועשר עץ הזית 1 ליטר,שמן תעשיות בעמ,,שמן קנולה מועשר עץ ה,ליטרים,1.00,ליטר,false,,15.90,15.9000,true,1,97299
7290002692478,false,"שמן זית כתית מעולה קלאסי מעודן 750 מ""ל עץ הזית","מרקאולאו, ספרד.אבסה,",,שמן זית כתית מעולה ק,מיליליטרים,750.00,"100 מ""ל",false,,33.60,0.0448,true,1,47384
7290002692768,false,"תרסיס שמן קנולה מזוכך ללא תוספת גז עץ הזית 200 מ""ל",טרנסומס פוד איי בי,,עץ הזית תרסיס מופחת,מיליליטרים,200.00,"100 מ""ל",false,,15.90,0.0795,true,1,47150
7290002707134,false,"קמח מפרץ 1 ק""ג",,,"קמח מפרץ 1 ק""ג",קילוגרמים,1.00,"ק""ג",false,,4.00,4.0000,true,1,46901
7290002707141,false,"סולת 1ק""ג",,,"סולת 1ק""ג",קילוגרמים,1.00,"ק""ג",false,,4.00,4.0000,true,1,47385
7290002707172,false,"סולת 1 ק""ג",,,"סולת 1 ק""ג",קילוגרמים,1.00,"ק""ג",false,,4.00,4.0000,true,1,33242
7290002715504,false,ארוחת נודלס בטעם עוף מג'יק 70 גרם,טאט הוי פוד בעמ,,מגיק טעם עוף בכוס 70,יחידה,0.00,יחידה,false,,5.90,0.0000,true,1,119099
7290002715511,false,ארוחת נודלס בטעם בשר מג'יק 70 גרם,טאט הוי פוד בעמ,,מגיק טעם בשר בכוס 70,יחידה,0.00,יחידה,false,,5.90,0.0000,true,1,119100
7290002715528,false,ארוחת נודלס בטעם ירקות מג'יק 70 גרם,טאט הוי פוד בעמ,,מגיק טעם ירקות בכוס,יחידה,0.00,יחידה,false,,5.90,0.0000,true,1,119101
7290002715580,false,ארוחת נודלס בטעם סיני חריף מג'יק 70 גרם,טאט הוי פוד בעמ,,מגיק טעם סיני בכוס 7,יחידה,0.00,יחידה,false,,5.90,0.0000,true,1,119102
7290002730262,false,"נוזל לניקוי כלים קלאסי פלמוליב 750 מ""ל",יבואן ומשווק: ש. שסט,,פלמוליב לכלים קלאסי,יחידה,750.00,יחידה,false,,9.90,0.0132,true,1,47151
7290002730538,false,פדיות להסרת איפור בלונס 80 יחידות,הנסיך- מפעל לייצור ט,,בלונס פדים להסרת איפ,יחידה,0.00,יחידה,false,,9.90,0.0000,true,1,46902
7290002730675,false,"קולגייט משחת שיניים אדומה משפחתי 100 מ""ל",קולגייט-פלמוליב,,קולגייט אדומה משחת,גרמים,100.00,100 גרם,false,,13.90,0.1390,true,1,52385
7290002730811,false,"משחת שיניים ג'ל פסים מרעננים קולגייט 100 מ""ל",הנסיך- מפעל לייצור ט,,קולגייט משחת שיניים,גרמים,100.00,100 גרם,false,,12.90,0.1290,true,1,47116
7290002730941,false,כדורי צמר גפן בלונס 100 יחידות,הנסיך- מפעל לייצור ט,,בלונס צמר גפן פרוס,גרמים,100.00,100 גרם,false,,6.90,0.0690,true,1,47152
7290002730958,false,סבון מוצק בניחוח זיתים ואלוורה פלמוליב 4*100 גרם,הנסיך- מפעל לייצור ט,,פלמוליב סבון מוצק  י,גרמים,400.00,100 גרם,false,,15.90,0.0398,true,1,47117
7290002750178,false,ג'בטה 180 כפרית,פילסברי,,גבטה 180 כפרית,יחידה,0.00,יחידה,false,,5.00,0.0000,true,1,96713
7290002752332,false,"סוכריות מנטוס פירות בגליל, 37.5 גרם",הדקלאים אגודת שיתופי,,מנטוס פירות בגליל 37,יחידה,0.00,יחידה,false,,3.50,0.0000,true,1,39347
7290002757139,false,מלאווח תימני מקורי 3 האופים 700 גר',שלושת האופים,,שלושת האופים מלוואח,גרמים,700.00,100 גרם,false,,15.90,0.0227,true,1,31320
7290002757146,false,"קובה חמוסטה למרק שלושת האופים 1 ק""ג","שלושת האופים בע""\מ",,שלושת האופים קובה חמ,יחידה,1.00,יחידה,false,,22.90,22.9000,true,1,54667
7290002757511,false,דלידג קציצות דג לבישול 750 גר קהילות,דלידג - נטו,,דלידג קציצות דג לביש,גרמים,750.00,100 גרם,false,,26.90,0.0359,true,1,28207
7290002757535,false,בורקס פילו אצבעות גבינה שלושת האופים 700 גרם,שלושת האופים שגמור,,בורקס פילו אצבעות גב,גרמים,700.00,100 גרם,false,,19.90,0.0284,true,1,54670
7290002757665,false,קבב מזרחי טיבון ויל 400 ג',טיבון ויל,,קבב מזרחי 400 גרם,גרמים,400.00,100 גרם,false,,11.90,0.0298,true,1,27240
7290002757672,false,המבורגר מזרחי טיבון ויל 400ג',טיבון ויל,,המבורגר 400גרם נטו,גרמים,400.00,100 גרם,false,,11.90,0.0298,true,1,26669
7290002757719,false,"בצק עלים 1 ק""ג סדרה אדומה [נטו]",אופרה,,"בצק עלים 1ק""ג",יחידה,1.00,יחידה,false,,14.90,14.9000,true,1,34302
7290002757733,false,ג'חנון 650 ג' שלושת האופים,אופרה,,שלושת האופים גחנון 6,גרמים,650.00,100 גרם,false,,11.90,0.0183,true,1,32755
7290002757757,false,מלוואח 700 ג' שלושת האופים,אופרה,,שלושת האופים מלוואח,גרמים,700.00,100 גרם,false,,13.90,0.0199,true,1,34350
7290002768074,false,אל סבון נוזלי רגיל דרמפון 1 ליטר,"אמיליה קוסמטיקס בע""מ",,דרמפון-סבון נוזלי לי,ליטרים,1.00,ליטר,false,,16.90,16.9000,true,1,54674
7290002769316,false,עוגות קראנץ' 500 גר',ר.כ עוגיות הזהב,,קראנץ שמרים 500 גרם,גרמים,500.00,100 גרם,false,,13.90,0.0278,true,1,70703
7290002769347,false,עוגיות מובחרות בדלי 600 גר' שיווק הזהב,עוגיות הזהב,,עוגיות בדלי הזהב 50,גרמים,700.00,100 גרם,false,,15.90,0.0227,true,1,181907
7290002769910,false,עוגיות מיוחדות ללא סוכר 300 גר',מאפיית ישראל חיפה,,עוגיות ללא תוספת סוכ,גרמים,350.00,100 גרם,false,,13.90,0.0397,true,1,181910
7290002775805,false,עוגת מוס גבינה פירורים חלבי,נטו,,ריצ עוגת מוס גבינה פ,גרמים,850.00,100 גרם,false,,69.90,0.0822,true,1,119108
7290002780045,false,"מלפפון בחומץ 30-36 3 ק""ג",בני דרום,,מלפפון בחומץ ‏36‏-‏3,יחידה,0.00,יחידה,false,,21.90,0.0000,true,1,176293
7290002782759,false,"פנינה קרם גוף רוזנבלום 400 מ""ל",פנינה רוזנבלום,,קרם גוף פנינה רוזנבל,יחידה,400.00,יחידה,false,,26.90,0.0672,true,1,39606
7290002787884,false,"מקלות פילו תפו""א 600 גרם שלושת האופים",שגמור,,שלושת האופים מקלות פ,יחידה,0.00,יחידה,false,,19.90,0.0000,true,1,119270
7290002787891,false,מקלות פילו תרד 600 גרם שלושת האופים,שגמור,,שלושת האופים מקלות ב,גרמים,650.00,100 גרם,false,,19.90,0.0306,true,1,119271
7290002814016,false,"מסיר שומנים מתז 750 מ""ל סנט מוריץ כשל""פ עד""ח","קומפלקס כימיקלים בע""",,מסיר שומנים סנט מורי,מיליליטרים,750.00,"100 מ""ל",false,,14.90,0.0199,true,1,81431
7290002814023,false,"אסלונית לניקוי אסלות סנט מוריץ 800 מ""ל",קומפלקס כימיקלים בעמ,,"מבהיק אסלות 750 מ""ל",מיליליטרים,750.00,"100 מ""ל",false,,7.90,0.0105,true,1,39351
7290002814054,false,סנט מוריץ מתז אנטרטיק מתז 1 ליטר,קומפלקס כימיקלים בעמ,,אנטרטיק 1 ליטר מתז,ליטרים,1.00,ליטר,false,,11.90,11.9000,true,1,140827
7290002814078,false,סנט מוריץ נוזל לניקוי אמבט אנטרטיק 1ל',"קומפלקס כימיקלים בע""",,נוזל לניקוי אמבט אנט,מיליליטרים,1000.00,"100 מ""ל",false,,10.00,0.0100,true,1,40610
7290002814122,false,"fashion no.9 ספריי אוויר 250 מ""ל סנט מוריץ",סורה קוסמטיקס,,fashion no.9 ספריי א,מיליליטרים,250.00,"100 מ""ל",false,,12.90,0.0516,true,1,188822
7290002814153,false,סנט מוריץ סבון אסלה שלישייה לימון,מיס פלורה,,סנט מוריץ סבון אסלה,יחידה,0.00,יחידה,false,,11.90,0.0000,true,1,189292
7290002814177,false,"נוזל כלים 18% בניחוח לימון 750 מ""ל",קומפלקס כימיקלים,,סנט מוריץ נוזל לניקו,יחידה,0.00,יחידה,false,,6.90,0.0000,true,1,177550
7290002814221,false,סנט מוריץ סבון אסלה שלישייה לבנדר,מיס פלורה,,סנט מוריץ סבון אסלה,יחידה,0.00,יחידה,false,,11.90,0.0000,true,1,189293
7290002814238,false,הום רדיד אלומיניום ז,,,הום רדיד אלומיניום ז,יחידה,0.00,יחידה,false,,12.90,0.0000,true,1,194509
7290002814252,false,נוזל רצפות אוקיינוס 2 ל',קומפלקס כימיקלים,,הום רדיד אלומיניום ז,יחידה,0.00,יחידה,false,,19.90,0.0000,true,1,194510
7290002814290,false,קצף מרוכז blanco בניחוח לימון משמיד 99.9% חיידקים סנט מוריץ 1 ליטר,קומפלקס כימיקלים בעמ,,קצף מרוכז 1 ליטרבניח,ליטרים,4.00,ליטר,false,,11.90,2.9750,true,1,153642
7290002814382,false,הום 60 שקיות לאשפה ע,,,הום 60 שקיות לאשפה ע,יחידה,0.00,יחידה,false,,16.90,0.0000,true,1,189279
7290002814399,false,הום ניילון נצמד 150,,,הום ניילון נצמד 150,יחידה,0.00,יחידה,false,,16.90,0.0000,true,1,194507
7290002814412,false,סנט מוריץ נוזל כלים 1.6 ליטר לימון ליים 18%,קומפלקס כימיקלים בעמ,,*מבצע* סנט מוריץ שמפ,ליטרים,1.50,ליטר,false,,9.90,6.6000,true,1,110299
7290002814436,false,סנט מוריץ נוזל כלים 1.6 ליטר לימון 18%,קומפלקס כימיקלים,,*מבצע* סנט מוריץ נוז,ליטרים,1.50,ליטר,false,,9.90,6.6000,true,1,111316
7290002814481,false,עלמה שקיות מזון בקופסא 150 יח' מארז שלישיה,קומפלקס כימיקלים בעמ,,עלמה שקיות מזון 3*15,יחידה,0.00,יחידה,false,,12.90,0.0000,true,1,162540
7290002814498,false,"נוזל לניקוי כללי תוספת חומץ 750 מ""ל סנטמ",קומפלקס כימיקלים,,סנט מוריץ מתז חומץ 7,מיליליטרים,750.00,"100 מ""ל",false,,9.90,0.0132,true,1,160577
7290002814504,false,סנט מוריץ מגבונים לרצפה 10 יח' עם חור בית מלון בוטיק,קומפלקס כימיקלים,,סנט מוריץ מגבונים לר,יחידה,0.00,יחידה,false,,9.90,0.0000,true,1,190787
7290002814528,false,נוזל לניקוי האסלה סנט מוריץ 1 ליטר,קומפלקס כימיקלים בעמ,,נוזל אסלות 1 ליטר,ליטרים,1.00,ליטר,false,,6.90,6.9000,true,1,40380
7290002814542,false,סנט מוריץ שקיות אשפה 75*90 -25 יח',קומפלקס כימיקלים בעמ,,סנט מוריץ שקיות אשפה,יחידה,0.00,יחידה,false,,12.90,0.0000,true,1,149684
7290002814580,false,טורנדו גרגירים לפתיחת סתימות 200 גרם,"קומפלקס כימיקלים בע""",,טורנדו לפתיחת סתימות,גרמים,200.00,100 גרם,false,,12.90,0.0645,true,1,122018
7290002814597,false,סנט מוריץ טורנדו נוזל לפתיחת סתימות 1 לי,קומפלקס כימיקלים,,טורנדו נוזל לפתיחת ס,ליטרים,1.00,ליטר,false,,19.90,19.9000,true,1,119814
7290002814603,false,"סנט מוריץ - מרסס מסיר שומנים קר מבושם לימון 750 מ""ל",קומפלקס כימיקלים בעמ,,מסיר שומנים קר מבושם,מיליליטרים,750.00,"100 מ""ל",false,,14.90,0.0199,true,1,128110
7290002814665,false,סנט מוריץ - מרסס מסיר עובש 1 ליטר,קומפלקס כימיקלים,,מתז מסיר עובש 1 ליטר,יחידה,0.00,יחידה,false,,11.90,0.0000,true,1,171354
7290002814702,false,הום 25 שקיות גופיה ל,,,הום 25 שקיות גופיה ל,יחידה,0.00,יחידה,false,,12.90,0.0000,true,1,189278
7290002814788,false,עלמה כיסוי ניילון עם גומי 33 יח',,,עלמה כיסוי ניילון עם,יחידה,0.00,יחידה,false,,9.90,0.0000,true,1,192889
7290002814825,false,סבון אסלה כדוריות שלישייה אוקיינוס כחול,"קומפלקס כימיקלים בע""",,סבון אסלה כדוריות של,יחידה,0.00,יחידה,false,,11.90,0.0000,true,1,148946
7290002814832,false,סבון אסלה סנט מוריץ כדוריות לוונדר 3 יח,"קומפלקס כימיקלים בע""",,סבון אסלה כדוריות של,יחידה,0.00,יחידה,false,,11.90,0.0000,true,1,148947
7290002814849,false,סנט מוריץ סבון אסלה שלישייה כחול אוקיינוס,רקסונה,,סנט מוריץ סבון אסלה,יחידה,0.00,יחידה,false,,11.90,0.0000,true,1,122260
7290002814870,false,"סנט מוריץ - מרסס מסיר שומנים קר מבושם לוונדר\פרחים 750 מ""ל",קומפלקס כימיקלים בעמ,,מסיר שומנים קר מבושם,מיליליטרים,750.00,"100 מ""ל",false,,14.90,0.0199,true,1,140333
7290002814887,false,מטליות רצפה לניקוי ובישום סנטמוריץ,קומפלקס כימיקלים,,עלמה מגבונים לחים לר,יחידה,0.00,יחידה,false,,9.90,0.0000,true,1,147667
7290002814931,false,סנט מוריץ שמפו רצפות בניחוח פרחים 4 ליטר - מרכז,קומפלקס כימיקלים בעמ,,סנט מוריץ חומר לניקו,ליטרים,4.00,ליטר,false,,12.90,3.2250,true,1,39353
7290002814948,false,סנט מוריץ מגבוני דלי לרצפה 50 יחידות עם חור,קומפלקס כימיקלים,,סנט מוריץ מגבוני דלי,יחידה,0.00,יחידה,false,,29.90,0.0000,true,1,190785
7290002814979,false,הום ניילון נצמד זוג,,,הום ניילון נצמד זוג,יחידה,0.00,יחידה,false,,10.90,0.0000,true,1,194508
7290002824183,false,"גבינה לבנה סקי 500 גרם 5% ""שטראוס"" -מוצר בפיקוח",מיוצר עי קונדיטוריית,,שטראוס גבינה לבנה 5%,גרמים,500.00,100 גרם,false,,9.50,0.0190,true,1,34918
7290002824466,false,יוגורט דנונה ביו לבן 0% שומן 200 גרם,"שטראוס בריאות בע""\מ",,דנונה יוגורט ביו 0%,גרמים,200.00,100 גרם,false,,3.50,0.0175,true,1,39354
7290002824640,false,"גבינת סקי 250 גרם 5% ""שטראוס"" -מוצר בפיקוח",מיוצר עי קונדיטוריית,,שטראוס גבינה 5% 250,גרמים,250.00,100 גרם,false,,4.98,0.0199,true,1,40435
7290002830184,false,פילה לברק קפוא במשקל.,יושלם,,דג פילה לברק נטו,קילוגרמים,1.00,"ק""ג",true,,52.90,52.9000,true,1,67902
7290002830948,false,גבינת עיזים מותכת 30% מון בלאן 120 גרם,סלס קרית מלאכי ישראל,,מון בלאן גבינת עיזים,גרמים,120.00,100 גרם,false,,10.90,0.0908,true,1,119112
7290002839071,false,תבליני גל צנצנת 120,,,תבליני גל צנצנת 120,גרמים,120.00,100 גרם,false,,10.00,0.0833,true,1,31428
7290002839163,false,תבלינים שונים,,,תבלינים שונים,גרמים,500.00,100 גרם,false,,19.90,0.0398,true,1,31432
7290002839262,false,"מלח לימון גל 1ק""ג",,,"מלח לימון גל 1ק""ג",גרמים,1000.00,100 גרם,false,,28.90,0.0289,true,1,31434
7290002839286,false,תבלינים 200גר,,,תבלינים 200גר,גרמים,200.00,100 גרם,false,,10.00,0.0500,true,1,31435
7290002842002,false,פתיתי שיבולת שועל קוואקר אנגלי מורנפלייק,מורנינג פוד,,מורנפלייק פתיתי שובל,גרמים,500.00,100 גרם,false,,9.90,0.0198,true,1,146226
7290002862031,false,אריסה 250מתובלת הררית,"הררית מזון בע""מ",,הררית אריסה פיקנטית,יחידה,0.00,יחידה,false,,13.90,0.0000,true,1,108371
7290002862093,false,חזרת 250 גרם,"הררית מזון בע""מ",,חזרת 250 גר,יחידה,0.00,יחידה,false,,12.90,0.0000,true,1,108374
7290002862277,false,לימון כבוש 200 גרם,הררית מזון בעמ,,ממרח לימון 200 גרם,גרמים,200.00,100 גרם,false,,14.90,0.0745,true,1,174072
7290002862376,false,מעדן עגבניות מיובשות200ג,הררית מזון בעמ,,מעדן עגבניות מיובשות,גרמים,200.00,100 גרם,false,,14.90,0.0745,true,1,174073
7290002862406,false,סחוג תימני 250 גרם,,,סחוג תימני 250 גרם,גרמים,250.00,100 גרם,false,,12.90,0.0516,true,1,108380
7290002868996,false,"קוטג' 5% שומן, רכיבים טבעיים, 250 גרם",קריות זול,,טרה קוטג מועשר 5% 25,גרמים,250.00,100 גרם,false,,6.20,0.0248,true,1,54696
7290002871248,false,"בירה טובורג רד בקבוק 500 מ""ל חוזר",מבשלות בירה בינלאומיות ב,,טובורג חצי ליטר,מיליליטרים,500.00,"100 מ""ל",false,,7.80,0.0156,true,1,61727
7290002871361,false,"בירה קרלסברג בקבוק 500 מ""ל חוזר",מבשלות בירה בינלאומיות ב,,קרלסברג חוזר,מיליליטרים,500.00,"100 מ""ל",false,,7.90,0.0158,true,1,61728
7290002881018,false,מעדן תות שדה סאן מורנו 284 גרם,קריות זול,,סן מורנו מעדן תות שד,גרמים,284.00,100 גרם,false,,14.00,0.0493,true,1,39356
7290002881209,false,רסק תפוחי עץ דיאט 700 ג' תומר,KONSERVENFABRIEK BALTUSSEN,,רסק תפוחי עץ דיאט 72,גרמים,720.00,100 גרם,false,,13.00,0.0181,true,1,27243
7290002881551,false,עלי גפן ממולאים באורז תומר 400 גרם,אסמה תורכיה,,עלי גפן ממולאים 400,גרמים,400.00,100 גרם,false,,10.00,0.0250,true,1,27284
7290002881742,false,לבבות דקל פרוסות תומר 400 גרם,Inaexpo,,לבבות דקל פרוסות 400,גרמים,400.00,100 גרם,false,,8.00,0.0200,true,1,26827
7290002881940,false,סרדינים מרוקאי בשמן חמניות 125ג' תומר,Union des pecheries,,סרדין מרוקאי בשמן 12,גרמים,125.00,100 גרם,false,,5.10,0.0408,true,1,26781
7290002921165,false,"חלב לניקוי רהיטי עור הזלין יעקבי 400 מ""ל",אסטוניש -לידס,,הזלין: חלב עור 250 מ,יחידה,250.00,יחידה,false,,36.90,0.1476,true,1,39514
7290002921233,false,"קרבונה ניקוי יבש לכתמים שומניים 200 מ""ל",מנדלז סי.אר. פרודקשן,,קרבונה כתמים,גרמים,170.00,100 גרם,false,,20.00,0.1176,true,1,40384
7290002921240,false,"קרבונה שמפוזר לניקוי שטיחים וריפוד יעקבי 650 מ""ל",קרבונה Carbona,,שמפוזר מסיר כתים משט,מיליליטרים,650.00,"100 מ""ל",false,,24.90,0.0383,true,1,40616
7290002929635,false,טונה ויליגר במים 140 גרם,"ויליגר תעשיות בע""מ",,ויליגר טונה בשמן 140,גרמים,140.00,100 גרם,false,,6.00,0.0429,true,1,119281
7290002929642,false,רביעיית טונה בשמן ויליגר 140 גרם,דיאמנט פוד פרודקט קו,,ויליגר טונה 4* 140 ג,יחידה,4.00,יחידה,false,,19.90,4.9750,true,1,119282
7290002954026,false,"שמן תירס ""שוקחה"" 3 ליטר",איי.די.אם אנטוורפאן. וי,,שוקחה שמן תירס 3 ליט,ליטרים,3.00,ליטר,false,,39.90,13.3000,true,1,40440
7290002954040,false,שמן תירס שוקחה 1 ליטר,לסיור,,שמן תירס שוקחה 1 לי,ליטרים,1.00,ליטר,false,,13.90,13.9000,true,1,130533
7290002954095,false,שמן תירס 5ל' שוקחה,,,שמן תירס 5 ליטר,ליטרים,5.00,ליטר,false,,69.90,13.9800,true,1,194719
7290002954187,false,"אורז יסמין 5 ק""ג שוקחה",בני ג'ורג' שוקחה חיפ,,שוקחה אורז יסמין 5 ק,קילוגרמים,5.00,"ק""ג",false,,49.90,9.9800,true,1,39969
7290002954200,false,"אורז יסמין 1 ק""ג שוקחה",בני ג'ורג' שוקחה חיפ,,שוקחה אורז יסמין 1 ק,קילוגרמים,1.00,"ק""ג",false,,10.90,10.9000,true,1,39612
7290002954330,false,"תה גרבה תפ""ז 1 ק""ג",,,"תה גרבה תפ""ז 1 ק""ג",קילוגרמים,1.00,"ק""ג",false,,39.90,39.9000,true,1,43831
7290002954354,false,"סמנה 1 ק""ג שוקחה",,,"שומן צמחי 1 ק""ג",קילוגרמים,1.00,"ק""ג",false,,24.90,24.9000,true,1,54702
7290002954361,false,פטריות שמפניון חתוכות 400 ג' שוקחה,,,פטריות שמפניון חתוכו,גרמים,400.00,100 גרם,false,,4.90,0.0123,true,1,27001
7290002954460,false,"Sunwhite אורז אוסטרלי עגול לסושי-1 ק""ג",בני ג'ורג' שוקחה חיפ,,Sunwhite אורז אוסטרל,קילוגרמים,1.00,"ק""ג",false,,10.90,10.9000,true,1,39971
7290002954477,false,"אורז עגול אוסטרלי 5 ק""ג סנוואיט",בני ג'ורג' שוקחה חיפ,,Sunwhite אורז אוסטרל,קילוגרמים,5.00,"ק""ג",false,,49.90,9.9800,true,1,40530
7290002954507,false,דבש טהור מפרחי בר 1,פייסה אס.אל,,דבש טהור מפרחי בר 1,קילוגרמים,1.00,"ק""ג",false,,39.90,39.9000,true,1,39613
7290002954545,false,מלבין קפה 400 ג' שוקחה,,,מלבין קפה 400 גרם,גרמים,400.00,100 גרם,false,,19.90,0.0497,true,1,39515
7290002954552,false,שוקחה שמן סויה 3 ליט,,,שוקחה שמן סויה 3 ליט,ליטרים,3.00,ליטר,false,,35.90,11.9667,true,1,178214
7290002971191,false,"קמח לבן שפם 1 ק""ג",,,"קמח לבן שפם 1 ק""ג",קילוגרמים,1.00,"ק""ג",false,,4.00,4.0000,true,1,151484
7290002987963,false,"סלט חומוס אחלה 1 ק""ג",מיוצר עי קונדיטוריית,,"חומוס אחלה 1 ק""ג",קילוגרמים,1.00,"ק""ג",false,,13.90,13.9000,true,1,81441
7290003009183,false,"סירופ דיאט תפוחים בקבוק 750 מ""ל",סירופ - גבעת חיים,,"תרכיז 750 מ""ל – דיאט",מיליליטרים,750.00,"100 מ""ל",false,,22.90,0.0305,true,1,26787
7290003009312,false,בוטן קלוי קליית גת 200 גרם,הדקלאים אגודת שיתופי,,בוטן קלוי 200 גרם,גרמים,200.00,100 גרם,false,,7.90,0.0395,true,1,40531
7290003009329,false,בוטנים אמריקאיים קליית גת 200 גרם,הדקלאים אגודת שיתופי,,בוטן אמריקאי 200 גרם,גרמים,200.00,100 גרם,false,,6.90,0.0345,true,1,39973
7290003009336,false,קבוקים קליית גת 200 גרם,הדקלאים אגודת שיתופי,,קבוקים 200 גרם,גרמים,200.00,100 גרם,false,,6.90,0.0345,true,1,39614
7290003009596,false,"סירופ דיאט אשכוליות בקבוק 750 מ""ל",סירופ - גבעת חיים,,"תרכיז 750 מ""ל – דיאט",מיליליטרים,750.00,"100 מ""ל",false,,22.90,0.0305,true,1,28213
7290003009640,false,מיץ תפוזים סחוט רכיבים טבעיים פריגת 1 ליטר,פריגת מצוננים,,פריגת סחוט מיץ תפוזי,מיליליטרים,1000.00,"100 מ""ל",false,,18.90,0.0189,true,1,54703
7290003015627,false,"נוזל רצפות אפרסק 2 ליטר ""ריצפז פרש""","סנו מפעלי ברונוס בע""",,ריצפז פרש אפרסק 2 לי,ליטרים,2.00,ליטר,false,,17.90,8.9500,true,1,47222
7290003015634,false,"נוזל רצפות פסיפלורה 2 ליטר ""ריצפז פרש""",סנו ריצפז,,ריצפז פרש פסיפלורה 2,ליטרים,2.00,ליטר,false,,17.90,8.9500,true,1,47615
7290003026036,false,"ד""ר פישר - קמיל בלו סנסיטיב אל סבון עדין לתינוק 1 ליטר",פישר מעבדות פרמצבטיות בע,,קמיל בלו סנסיטיב מוע,ליטרים,1.00,ליטר,false,,34.90,34.9000,true,1,43833
7290003026197,false,"קמיל בלו סנסטיב שמן טיפולי ד""ר פישר 500 מ""ל",פישר מעבדות פרמצבטיות בע,,קמיל בלו שמן טיפולי,מיליליטרים,520.00,"100 מ""ל",false,,30.00,0.0577,true,1,39615
7290003026227,false,"קמיל בלו שמפו לתינוק סנסיטיב אל דמע ד""ר פישר 1 ליטר",פישר מעבדות פרמצבטיות בע,,קמיל בלו סנסיטיב שמפ,ליטרים,1.00,ליטר,false,,34.90,34.9000,true,1,39516
7290003029181,false,משקה יטבתה שוקו' בקבוק 1ל מהדרין,שטראוס גרופ,,יטבתה שוקו בקבוק 1 ל,ליטרים,1.00,ליטר,false,,11.90,11.9000,true,1,40532
7290003029372,false,משקה חלב בטעם בננה יטבתה 1 ליטר,מחלבת יטבתה,,יטבתה משקה חלב בננה,ליטרים,1.00,ליטר,false,,11.90,11.9000,true,1,39518
7290003029389,false,"משקה חלב בננה פקק ספורט 250 מ""ל יוטבתה",מחלבת יטבתה,,יטבתה משקה חלב בננה+,מיליליטרים,250.00,"100 מ""ל",false,,5.20,0.0208,true,1,43834
7290003029433,false,"משקה יטבתה שוקו פקק 250 מ""ל מהדרין",מחלבת יטבתה,,יטבתה שוקו +פקק 250מ,מיליליטרים,250.00,"100 מ""ל",false,,5.20,0.0208,true,1,40442
7290003029532,false,מוקה בבקבוק יטבתה 1 ליטר מהדרין,שטראוס גרופ,,מוקה בקבוק 1 ליטר,ליטרים,1.00,ליטר,false,,11.90,11.9000,true,1,40443
7290003029792,false,"משקה יטבתה שוקו שקיות מהדרין מארז 225X8מ""ל",מחלבת יטבתה,,יטבתה מהדרין שוקו שק,ליטרים,1.80,ליטר,false,,19.90,11.0556,true,1,40690
7290003029815,false,כד חלב 3% יטבתה 2 ליטר מהדרין,שטראוס גרופ,,יטבתה חלב מועשר בכד,ליטרים,2.00,ליטר,false,,14.90,7.4500,true,1,39469
7290003029907,false,אייס קפה יטבתה 1 ליטר מהדרין,שטראוס גרופ,,יטבתה אייס קפה 1ל,ליטרים,1.00,ליטר,false,,11.90,11.9000,true,1,39521
7290003035946,false,מורטדלה 200 גרם,,,מורטדלה 200 גרם,גרמים,200.00,100 גרם,false,,4.90,0.0245,true,1,68626
7290003054220,false,מסטמכר לחם שיפון פומפרניקל 500ג,מסטמאכר ג'.אמ.בי.הי,,לחם שיפון פומפרניקל,גרמים,500.00,100 גרם,false,,13.80,0.0276,true,1,52398
7290003054657,false,חרדל ריין דיז'ון אקסטרה פורטה 370 גרם,מרום את קונפינו,,חרדל דיג'ון אקסטרא פ,גרמים,370.00,100 גרם,false,,12.90,0.0349,true,1,28937
7290003069682,false,בצק פילאס קפוא 500 גרם שלושת האופים,שלושת האופים שגמור,,בצק פילאס 500 גרם,גרמים,500.00,100 גרם,false,,19.90,0.0398,true,1,54712
7290003069705,false,"פיצה אישית גבינה דק 80 ג' תפזורת בד""צ",שגמור ייצור ושווק מוצרי,,פיצה גבינה תפזורת,יחידה,0.00,יחידה,false,,2.50,0.0000,true,1,119284
7290003072606,false,נקניקיות עוף מיני טירת צבי 350 גרם,הנסיך- מפעל לייצור ט,,נקנקיות עוף מיני 350,גרמים,350.00,100 גרם,false,,13.90,0.0397,true,1,139486
7290003072811,false,נקניקיות בראטוורסט מבשר בקר והודו,טיב טירת צבי 2000,,נקניקיות בראטוורסט 3,גרמים,320.00,100 גרם,false,,24.90,0.0778,true,1,146256
7290003072828,false,נקניקיות פרנקפורטר מבשר בקר,טיב טירת צבי 2000,,נקניקיות פרנקפורטר 3,גרמים,320.00,100 גרם,false,,24.90,0.0778,true,1,146257
7290003072835,false,נקניקיות קנאקוורסט טירת צבי 320 גרם,טיב טירת צבי 2000,,נקניקיות קנאקוורסט 3,גרמים,320.00,100 גרם,false,,24.90,0.0778,true,1,146258
7290003072965,false,קבנוס חריף מעושן טירת צבי 120 גרם,טיב טירת צבי 2000,,טירת צבי קבנוס חריף,גרמים,120.00,100 גרם,false,,10.90,0.0908,true,1,164149
7290003075102,false,רגב לאבנה בגביע 11% 1קג,מחלבת רג'ב,,רגב לאבנה בגביע 11%,יחידה,1.00,יחידה,false,,34.90,34.9000,true,1,40693
7290003075553,false,לבנה רג'ב 11% 500 גרם,מחלבת רג'\ב,,רגב לאבנה 11% 500 גר,גרמים,500.00,100 גרם,false,,21.90,0.0438,true,1,39522
7290003075607,false,רגב לאבנה בשקית 11%,מחלבת רג'ב,,רגב לאבנה בשקית 11%,יחידה,1.00,יחידה,false,,34.90,34.9000,true,1,39475
7290003102136,false,צמר גפן COTTON SOFT רפואי 100 גר' 3102136,הדקלאים אגודת שיתופי,,צמר גפן רפואי 100 גר,יחידה,0.00,יחידה,false,,4.90,0.0000,true,1,157651
7290003102280,false,צימרוני שסתום לתינוק טוליפס,LTD CO S.T.O,,טולפיס צימרוני שסתום,יחידה,55.00,יחידה,false,,3.90,0.0709,true,1,157734
7290003102891,false,שקיות צליה הוסטס 10 יח בקופסה,הוסטס,,שקיות צליה הוסטס 10,יחידה,0.00,יחידה,false,,6.90,0.0000,true,1,190393
7290003107247,false,שמרים יבשים אינסטנט33גרם,שטיבל,,שמרים יבשים 30 גרם,יחידה,0.00,יחידה,false,,7.90,0.0000,true,1,160726
7290003107353,false,שטיבל משפר אפייה ביתי 3 * 10 גרם,ט.ק דגן טכנולוגיות ב,,משפר אפיה ביתי,יחידה,0.00,יחידה,false,,7.90,0.0000,true,1,167109
7290003126712,false,יוגורט עיזים מחלב מלא 3.7% משק צוריאל 150 גרם,מחלבת משק צוריאל,,צוריאל יוגורט עיזים,יחידה,140.00,יחידה,false,,6.90,0.0493,true,1,54725
7290003126958,false,טופו גבינה גוש בואקום צוריאל 300 ג',א.י.ן תעשיות מזון בע,,צוריאל גבינה גוש טופ,גרמים,300.00,100 גרם,false,,12.90,0.0430,true,1,54726
7290003133123,false,לחם זהב עגול אוקראיני 750 ג',מאפיית דוידוביץ ובני,,לחם זהב עגול אוקראינ,גרמים,750.00,100 גרם,false,,14.90,0.0199,true,1,81406
7290003133505,false,לחם שיפונטו דוידוביץ,מאפיית דוידוביץ ובני,,לחם שיפונטו 750 גרם,גרמים,750.00,100 גרם,false,,15.90,0.0212,true,1,81443
7290003140237,false,"סילאן לחיץ קליית גת 360 גרם כשל""פ",ליימן מותגים,,קליית גת סילאן בבקבו,גרמים,360.00,100 גרם,false,,12.90,0.0358,true,1,99718
7290003141159,false,יוגטה מרשמלו ממתק מוקצף בטעמי תות שדה ווניל 180 גרם,מוטקה החולב,,יוגטה מרשמלו 180 גרם,גרמים,180.00,100 גרם,false,,6.90,0.0383,true,1,60322
7290003143139,false,סילאן תמרים קלית גת 900 ג',"טעמי הגליל בע""\מ",,קליית גת סילאן 900 ג,גרמים,900.00,100 גרם,false,,16.00,0.0178,true,1,66772
7290003143146,false,ממרח תמרים קליית גת 450 גרם,הדקלאים אגודת שיתופי,,קליית גת ממרח תמרים,גרמים,450.00,100 גרם,false,,7.00,0.0156,true,1,66771
7290003143276,false,יוגטה מרשמלו ממתק מוקצף בטעם תות שדה 180 גרם,תות ממתקי איכות,,יוגטה מרשמלו מגולגל,גרמים,180.00,100 גרם,false,,6.90,0.0383,true,1,72575
7290003143337,false,סילאן רכיבים טבעיים לחיץ קליית גת 350 גרם,ליימן מותגים,,סילאן טבעי 360 ג,גרמים,360.00,100 גרם,false,,19.90,0.0553,true,1,74867
7290003145751,false,"קליית גת אגוזי קלויים, 200 גרם",הדקלאים אגודת שיתופי,,קשיו קלוי 200 גרם,גרמים,200.00,100 גרם,false,,19.90,0.0995,true,1,39480
7290003163939,false,מעדני הטלה נקניקיות,מעדני הטלה,,מעדני הטלה נקניקיות,יחידה,0.00,יחידה,false,,29.90,0.0000,true,1,61737
7290003185719,false,קבב רומני טיבון ויל 500 גרם,טיבון ויל אחזקות בעמ,,קבב רומני 500 גרם,גרמים,500.00,100 גרם,false,,19.90,0.0398,true,1,26761
7290003185726,false,קבב מזרחי טיבון ויל 500 גרם,טיבון ויל אחזקות בעמ,,קבב מזרחי 500 גרם,גרמים,500.00,100 גרם,false,,19.90,0.0398,true,1,27006
7290003189076,false,פיצרלה הצהובה הטובה מגורדת 22% כפיר 500 גרם,צי תעשיות מזון יבנה,,כפיר פיצרלה מגורדת כ,גרמים,500.00,100 גרם,false,,20.00,0.0400,true,1,39528
7290003189205,false,הצהובה הטובה לייט קלאסית 9% כפיר 200 גרם,כפיר,,כפיר הצהובה הטובה לי,גרמים,200.00,100 גרם,false,,12.90,0.0645,true,1,39667
7290003208579,false,וודקה גריי גוס רגיל 1 ליטר,,,גריי גוס וודקה 1 ליט,ליטרים,1.00,ליטר,false,,159.90,159.9000,true,1,65265
7290003208586,false,"וורמוט מרטיני לבן 750 מ""ל",מרטיני ורוסי,,"מרטיני ביאנקו 750 מ""",מיליליטרים,750.00,"100 מ""ל",false,,49.90,0.0665,true,1,29581
7290003208609,false,"וורמוט מרטיני אדום מתוק 750 מ""ל",מרטיני ורוסי,,מרטיני רוסו 750 מל,מיליליטרים,750.00,"100 מ""ל",false,,49.90,0.0665,true,1,29583
7290003212965,false,עוגיות רוגלך הזהב במארז 400 גר',ר.כ עוגיות הזהב,,מובחרות שמרים 400 גר,גרמים,400.00,100 גרם,false,,13.90,0.0348,true,1,181913
7290003220465,false,פתי בר שוקו' מעדני המלך 500 גר',מגדנית הדר,,מעדני המלך פתיבר שוק,גרמים,500.00,100 גרם,false,,9.90,0.0198,true,1,124461
7290003224036,false,אוכמניות כחולות גולוביקה,מאמא מרי,,אוכמניות כחולות גולו,גרמים,700.00,100 גרם,false,,19.90,0.0284,true,1,60279
7290003224128,false,"כיסונים תפו""א 800 ג' מאמא מרי",מאמא מרי,,"כיסוני תפו""א 800 גרם",גרמים,800.00,100 גרם,false,,21.90,0.0274,true,1,60244
7290003224258,false,"כיסונים במילוי בשר בקר 1.5 ק""ג",מאמא מרי,,קרפלך כיסונים במילוי,יחידה,0.00,יחידה,false,,55.90,0.0000,true,1,175595
7290003224456,false,"כיסונים בשר סיבירסקי מאמא מרי 1 ק""ג",מאמא מרי,,כיסונים בשר סיבירסקי,קילוגרמים,1.00,"ק""ג",false,,29.90,29.9000,true,1,60248
7290003224463,false,"כיסונים בשר - אוקראינסקי 1 ק""ג",מאמא מרי,,"כיסונים בשר 1 ק""ג או",גרמים,1000.00,100 גרם,false,,29.90,0.0299,true,1,60249
7290003224654,false,מיקס פירות יער 380 גרם,מאמא מרי,,מיקס פירות יער קפוא,גרמים,300.00,100 גרם,false,,14.90,0.0497,true,1,60281
7290003224753,false,פירות יער דמדמניות אדומות 380 גר,מאמא מרי,,אוכמניות אדומות 380,גרמים,380.00,100 גרם,false,,12.90,0.0339,true,1,60283
7290003229109,false,פסטרמה הודו בפפריקה טירת צבי 400 גרם,הנסיך- מפעל לייצור ט,,טירת צבי א.מ .פסטרמה,גרמים,400.00,100 גרם,false,,31.80,0.0795,true,1,40073
7290003229116,false,פסטרמה הודו בדבש שומן טירת צבי 400 גרם,הנסיך- מפעל לייצור ט,,טירת צבי א.מ פסטרמה,גרמים,400.00,100 גרם,false,,31.80,0.0795,true,1,40548
7290003229154,false,נקניק סלמי קוניאק טירת צבי 300 גרם,הנסיך- מפעל לייצור ט,,טירת צבי סלמי קוניאק,גרמים,300.00,100 גרם,false,,28.30,0.0943,true,1,39743
7290003229208,false,פסטרמה ספרדית 2% טירת צבי 360 גרם,טירת צבי - מדף,,טירת צבי פסטרמה ספרד,גרמים,360.00,100 גרם,false,,31.80,0.0883,true,1,39744
7290003229215,false,פסטרמה איטלקית 3.5% טירת צבי 360 גרם,טירת צבי - מדף,,טירת צבי פסטרמה איטל,גרמים,360.00,100 גרם,false,,31.80,0.0883,true,1,43854
7290003229222,false,נקניק סלמי תה טירת צבי 300 גרם,הנסיך- מפעל לייצור ט,,טירת צבי סלמי תה 300,גרמים,300.00,100 גרם,false,,21.30,0.0710,true,1,40549
7290003258284,false,"קרם גוף מס' 3 350 מ""ל פנינה רוזנבלום",פנינה רוזנבלום,,קרם גוף פנינה 3מס,יחידה,400.00,יחידה,false,,26.90,0.0672,true,1,40076
7290003258406,false,"פנינה וואקס בריליאנטין לשיער 100 מ""ל",פנינה רוזנבלום,,וואקס בריליאנטין לשי,יחידה,100.00,יחידה,false,,16.90,0.1690,true,1,39490
7290003310555,false,"מאגדת טילון קרם עוגיות 4*100 מ""ל בן וג'ירי",מוצרי איכות אמריקאיים,,טילון קרם עוגיות מאג,יחידה,0.00,יחידה,false,,27.90,0.0000,true,1,137511
7290003321155,false,יוגורט בר עם פקאן מצופה שוקולד 183 ג' דנונה,"שטראוס בריאות בע""\מ",,"דנונה בר פקאן 183 מ""",מיליליטרים,183.00,"100 מ""ל",false,,4.50,0.0246,true,1,33597
7290003332007,false,קפה שחור עם הל 250 גרם,סובחי נחלה ובניו,,קפה נחלה 250 גרם,גרמים,250.00,100 גרם,false,,17.90,0.0716,true,1,47225
7290003332014,false,קפה נח'לה אדום עם הל500ג,קפה אל נח'לה,,קפה נחלה 500 גרם,גרמים,500.00,100 גרם,false,,29.90,0.0598,true,1,46154
7290003332021,false,"קפה נחלה סובחי 1 ק""ג",,,"קפה נחלה 1ק""ג",גרמים,1000.00,100 גרם,false,,59.90,0.0599,true,1,47226
7290003332045,false,קפה נחלה אדום ללא הל 250ג',קפה אל נחלה,,קפה נחלה 250 גרם,גרמים,250.00,100 גרם,false,,17.90,0.0716,true,1,47342
7290003400500,false,חטיף הרשי ריזס נאטרייגיס 47 גרם,ליימן מותגים,,חטיף קרמל ובוטנים נא,יחידה,0.00,יחידה,false,,4.90,0.0000,true,1,75951
7290003401420,false,"קרם לחות לשיער סיליקון כתום נטורל 400 מ""ל","אמיליה קוסמטיקס בע""מ",,קרם לחות קלאסי סיליק,מיליליטרים,400.00,"100 מ""ל",false,,19.90,0.0497,true,1,54755
7290003401642,false,"קרם לחות לתלתלים טבעיים נטורל פורמולה 400 מ""ל","אמיליה קוסמטיקס בע""מ",,ק.לחות מעצבת לתלתול,מיליליטרים,400.00,"100 מ""ל",false,,22.90,0.0572,true,1,54757
7290003402809,false,חטיף הרשי ריזס שוקולד לבן 39 גר,ליימן מותגים,,הרשיז ריזס לבן,יחידה,0.00,יחידה,false,,3.60,0.0000,true,1,141944
7290003411276,false,עמבה הודית מובחרת הנמל 600ג',טרופיקל דגיל תעשיות,,עמבה מובחרת 500 גרם,גרמים,500.00,100 גרם,false,,9.90,0.0198,true,1,27405
7290003411528,false,מלית קינמון פוליבה 450 גרם,"פוליבה בע""מ",,מלית קינמון 450 גרם,גרמים,450.00,100 גרם,false,,12.00,0.0267,true,1,39493
7290003414406,false,הרשי ריזס נטיפי אפייה בוטנים 283 גר',ליימן מותגים,,ריזס נטיפים לאפייה 2,גרמים,283.00,100 גרם,false,,15.90,0.0562,true,1,105372
7290003423909,false,חטיף קוקיס אנד קרים לבן 43 גרם,ליימן מותגים,,קוקיס אנד קרים לבן,יחידה,0.00,יחידה,false,,4.90,0.0000,true,1,75952
7290003427154,false,"שמן זית כתית מעולה טעם מעודן זיתא 750 מ""ל",זיתא תעשיות שמן זיתt\,,זיתא שמן זית כתית מע,מיליליטרים,750.00,"100 מ""ל",false,,39.90,0.0532,true,1,40079
7290003438013,false,ממרח זיתים ירוקים אוליביה 190 גרם,קריות זול,,ממרח זיתים אוליביה,גרמים,190.00,100 גרם,false,,13.90,0.0732,true,1,28216
7290003438020,false,ממרח עגבניות מיובשות אוליביה 190 גרם,מיוצר עי קונדיטוריית,,ממרח עגבניות עם אגוז,גרמים,190.00,100 גרם,false,,13.90,0.0732,true,1,28217
7290003438709,false,ממרח אולביה זיתים שחורים וירוקים 190 ג',גוד פוד פרודקטס S.p,,ממרח זיתים שחורים 19,גרמים,190.00,100 גרם,false,,13.90,0.0732,true,1,26762
7290003438990,false,עיטורי עגבניות מיובשות וזיתים אוליביה 280 ג',אוליביה גורמה בעמ,,עיטורי עגבניות מיובש,גרמים,280.00,100 גרם,false,,17.90,0.0639,true,1,27406
7290003444009,false,הרשי ריזס חטיף במילוי בוטנים 42 גרם,ליימן מותגים,,הרשיז ריזס רגיל,יחידה,0.00,יחידה,false,,3.90,0.0000,true,1,75954
7290003450602,false,חרדל אמיתי צהוב בקבוק לחיץ 255 גר,היינץ צפון אמריקה מקבוצת ה.י.היינץ,,חרדל אמיתי צהוב בקבו,גרמים,255.00,100 גרם,false,,11.00,0.0431,true,1,28580
7290003457861,false,"סולרו בטעם פירות טרופיים ""שטראוס""","מיוצר ע""\י גלידת שטראוס",,סולרו תות יחידתי,יחידה,0.00,יחידה,false,,10.90,0.0000,true,1,28963
7290003457991,false,טילון קורנטו וניל עם וופל ואגוזי לוז מסוכרים,"גלידת שטראוס בע""\מ, רחוב",,קורנטו קלאסיק בטעם ו,גרמים,300.00,100 גרם,false,,26.90,0.0897,true,1,26853
7290003514571,false,מנה פריכיות אורז עם מלח 100 גרם,מנה Mana,,פריכיות אורז עם מלח,יחידה,0.00,יחידה,false,,5.00,0.0000,true,1,47557
7290003521074,false,"ד""ר פישר - סרקל מרכך שיער לילדים 1 ליטר",פישר מעבדות פרמצבטיות בע,,סרקל מרכך שיער לילדי,ליטרים,1.00,ליטר,false,,29.90,29.9000,true,1,40708
7290003521166,false,"ד""ר פישר - סרקל קרם רוזמרין לילדים 325 מ""ל",פישר מעבדות פרמצבטיות בע,,סרקל קרם רוזמרין,גרמים,325.00,100 גרם,false,,26.00,0.0800,true,1,39671
7290003521197,false,"ד""ר פישר - סרקל תרסיס מתיר קשרים 340 מ""ל",פישר מעבדות פרמצבטיות בע,,סרקל מתיר קשרים 340,מיליליטרים,340.00,"100 מ""ל",false,,26.00,0.0765,true,1,39583
7290003521210,false,"סרקל מרכך לשיער לילדים ד""ר פישר 2 ליטר",פישר מעבדות פרמצבטיות,,סרקל מרכך שיער לילדי,ליטרים,2.00,ליטר,false,,39.90,19.9500,true,1,43863
7290003521463,false,"קמיל בלו שמפו לשיער אל דמע ד""ר פישר 2 ליטר",פישר מעבדות פרמצבטיות בע,,קמיל בלו שמפו שיער א,ליטרים,2.00,ליטר,false,,39.90,19.9500,true,1,41002
7290003524297,false,אספרגוס לבן שלם בצנצנת ויליגר 330 גרם,צ'אמפהאוס טרידייג קו,,אספרגוס שלם לבן בצנצ,גרמים,330.00,100 גרם,false,,11.90,0.0361,true,1,119119
7290003525478,false,סלט טונה ויליגר 160 גרם,"ויליגר, תעשיות בע""מ",,סלט טונה ויליגר 160,גרמים,160.00,100 גרם,false,,5.90,0.0369,true,1,119124
7290003525898,false,שלישיית סלט טונה ויליגר 160 גרם,נטו מלינדה,,סלט טונה 180 גרם,גרמים,480.00,100 גרם,false,,14.90,0.0310,true,1,119125
7290003525904,false,שלישיית סלט טונה פיקנטי ויליגר 160 גרם,ויליגר,,3 סלט טונה פיקנטי,גרמים,480.00,100 גרם,false,,14.90,0.0310,true,1,119126
7290003526444,false,אננס חתוך ויליגר 565 גרם,,,אננס חתוך ויליגר 565,גרמים,565.00,100 גרם,false,,6.90,0.0122,true,1,190337
7290003550753,false,רביעיית טונה בשמן פוסידון 108 גרם,"מיוצר עי וליגר בעמ,",,טונה פוסידון בשמן 4*,יחידה,4.00,יחידה,false,,21.90,5.4750,true,1,26854
7290003578108,false,חתיכות אננס בסירופ קל וילי פוד 850 גרם,קריות זול,,אננס חתיכות 850גרם,גרמים,850.00,100 גרם,false,,10.90,0.0128,true,1,187577
7290003578313,false,דובדבנים ללא חרצנים ויליפוד 680 גרם,דל מונטה היילס אס.אי,,דובדבנים חמוצים ללא,גרמים,680.00,100 גרם,false,,11.90,0.0175,true,1,28839
7290003578719,false,"ירקות כבושים ויליפוד 1.6 ק""ג",וילי פוד,,ירקות כבושים 1.7,גרמים,1600.00,100 גרם,false,,18.90,0.0118,true,1,54764
7290003583218,false,"גיגית עגולה 40 ס""מ",,,"גיגית עגולה 40 ס""מ",יחידה,0.00,יחידה,false,,19.90,0.0000,true,1,147325
7290003619702,false,"קלאסיק - דאודורנט ספריי יוניסקס 200 מ""ל",,,דואדורנט יוניסקס דאו,יחידה,0.00,יחידה,false,,12.90,0.0000,true,1,193206
7290003643004,false,"אורז בסמטי קלאסי סוגת 1 ק""ג",האי נאם סי או אל.טי.,,סוגת אורז בסמטי קלאס,קילוגרמים,1.00,"ק""ג",false,,14.90,14.9000,true,1,40746
7290003643134,false,סוכר וניל סוגת 100 גרם מארז 10 יחידות,גוד פוד פרודקטס S.p,,סוגת סוכר וניל 10 יח,יחידה,10.00,יחידה,false,,2.50,0.2500,true,1,40902
7290003643325,false,סוגת קוסקוס בינוני 350 גרם,"אסיף תעשיות מזון בע""\מ",,סוגת קוסקוס מזרחי 35,גרמים,350.00,100 גרם,false,,4.90,0.0140,true,1,39757
7290003643387,false,"סוכר לבן בצנצנת 1 ק""ג סוגת",האי נאם סי או אל.טי.,,"סוכר 1 ק""ג בצנצנת",קילוגרמים,1.00,"ק""ג",false,,7.90,7.9000,true,1,54765
7290003643646,false,"סוכר דמררה קלאסי בצנצנת סוגת 1 ק""ג",האי נאם סי או אל.טי.,,"סוכר דמררה 1 ק""ג בצ",קילוגרמים,1.00,"ק""ג",false,,12.90,12.9000,true,1,39758
7290003643684,false,אפונה יבשה סוגת 500 גר',האי נאם סי או אל.טי.,,סוגת אפונה 500 גרם,גרמים,500.00,100 גרם,false,,6.90,0.0138,true,1,39675
7290003643707,false,גריסים 500 גרם סוגת,"סוגת תעשיות בע""מ",,סוגת גריסים 500 גרם,גרמים,500.00,100 גרם,false,,4.90,0.0098,true,1,40083
7290003643714,false,חומוס גרגירים 500 גרם סוגת,האי נאם סי או אל.טי.,,סוגת חומוס 500 גרם,גרמים,500.00,100 גרם,false,,7.90,0.0158,true,1,39587
7290003643745,false,כוסמת סוגת 500 גרם,האי נאם סי או אל.טי.,,סוגת כוסמת 500 גר,גרמים,500.00,100 גרם,false,,7.90,0.0158,true,1,43868
7290003643752,false,עדשים ירוקים יבש סוגת 500 גר',האי נאם סי או אל.טי.,,סוגת עדשים ירוקים 50,גרמים,500.00,100 גרם,false,,7.90,0.0158,true,1,40904
7290003643776,false,"פופקורן גרעינים סוגת 500 ג' כשל""פ",האי נאם סי או אל.טי.,,סוגת פופקורן 500 גר,גרמים,500.00,100 גרם,false,,5.50,0.0110,true,1,43869
7290003643783,false,קוקוס טחון סוגת 100 גרם,האי נאם סי או אל.טי.,,קוקוס 100 גר,יחידה,0.00,יחידה,false,,4.10,0.0000,true,1,40747
7290003643806,false,שעועית לבנה יבשה סוגת 500 ג',האי נאם סי או אל.טי.,,סוגת שעועית לבנה 500,גרמים,500.00,100 גרם,false,,10.90,0.0218,true,1,39676
7290003643813,false,שעועית אדומה יבשה סוגת 500 גר',האי נאם סי או אל.טי.,,סוגת שעועית חומה 500,גרמים,500.00,100 גרם,false,,11.90,0.0238,true,1,41007
7290003643820,false,חומוס ענק יבש סוגת 500 גרם,"סוגת תעשיות בע""\מ",,סוגת חומוס ענק 500 ג,גרמים,500.00,100 גרם,false,,9.90,0.0198,true,1,39588
7290003715688,false,שקד מולבן גפרורים 10,זארובי,,שקד מולבן גפרורים 10,גרמים,100.00,100 גרם,false,,10.90,0.1090,true,1,178926
7290003715732,false,שקד גרוס 100 גרם,זארובי,,שקד גרוס 100 גרם,גרמים,100.00,100 גרם,false,,10.90,0.1090,true,1,178930
7290003715930,false,זארובי שומשום 100ג,,,שומשום 100 גרם,גרמים,100.00,100 גרם,false,,3.90,0.0390,true,1,178941
7290003715947,false,קוקוס 100 גרם,,,קוקוס 100 גרם,גרמים,100.00,100 גרם,false,,4.90,0.0490,true,1,178942
7290003726141,false,טופו אמיתי כפרי בריא 300 גרם,ג'נרל מילס סאן אדריא,,טופו משק גאיה 300 גר,גרמים,300.00,100 גרם,false,,13.90,0.0463,true,1,47232
7290003726592,false,טופו מתובל בפסטו במרקם קלאסי,"משק ויילר בע""\מ",,טופו ויילר בטעם פסטו,גרמים,300.00,100 גרם,false,,12.90,0.0430,true,1,144475
7290003726615,false,"טופו ויילר 300 גרם ""שטראוס""",הדקלאים אגודת שיתופי,,טופו ויילר 300 גרם,גרמים,300.00,100 גרם,false,,12.90,0.0430,true,1,144471
7290003726622,false,טופו פיקנטי 300 ג' משק ויילר,"משק ויילר בע""\מ",,טופו פיקנטי 300 גרם,גרמים,300.00,100 גרם,false,,13.90,0.0463,true,1,187696
7290003726875,false,טופו חומוס בתוספת פסטו ויילר 300 גרם,"משק ויילר בע""\מ",,טופו חומוס בתוספת פס,גרמים,300.00,100 גרם,false,,12.90,0.0430,true,1,187289
7290003744848,false,אובלטים גריל ברביקיו,,,אובלטים גריל ברבקיו,גרמים,300.00,100 גרם,false,,12.90,0.0430,true,1,39794
7290003744855,false,אובלטים עם שומשום 300 גר,"ברט בע""מ",,אובלטים מלוחים + שומ,גרמים,300.00,100 גרם,false,,12.90,0.0430,true,1,39590
7290003744862,false,אובלטים עם זעתר 300 גר,"ברט בע""מ",,אובלטים מלוחים + זעת,גרמים,300.00,100 גרם,false,,12.90,0.0430,true,1,40908
7290003781065,false,מלפפונים בחומץ קטנים מאוד וילי פוד 370 גרם,וילי פוד,,מלפפון בחומץ 690 גרם,גרמים,680.00,100 גרם,false,,12.90,0.0190,true,1,28924
7290003781652,false,צלפים במי מלח וילי פוד 230 גרם,קריות זול,,צלפים 370 גרם,גרמים,350.00,100 גרם,false,,10.10,0.0289,true,1,28840
7290003790830,false,פטריות שמפניון גדולו,,,פטריות שמפניון גדולו,יחידה,0.00,יחידה,false,,15.90,0.0000,true,1,163120
7290003804252,false,תיבולית קנור בנוסח הודי 72 גרם,יוניליוור ישראל מזון בע\,,תיבולית קנור בנוסח ה,יחידה,0.00,יחידה,false,,10.00,0.0000,true,1,40751
7290003804320,false,תיבולית שום ופטרוזיליה קנור 72 גרם,יוניליוור ישראל מזון בע\,,תיבולית קנור שום 72,יחידה,0.00,יחידה,false,,10.00,0.0000,true,1,41008
7290003804382,false,"תיבוליות פטריות קנור 72 גרם בד""צ",יוניליוור ישראל מזון בע\,,תיבולית קנור פטריות,יחידה,0.00,יחידה,false,,10.00,0.0000,true,1,39679
7290003805501,false,"פתית בסגנון שוודי תלמה בד""צ 300 גרם",יוניליוור ישראל מזון בע\,,פתית שבדי 300 גרם,גרמים,300.00,100 גרם,false,,14.90,0.0497,true,1,41011
7290003805587,false,"פתית חיטה מלאה בד""צ 250 גרם-קופסא",יוניליוור ישראל מזון בע\,,פתית חטיה מלאה 250 ג,גרמים,250.00,100 גרם,false,,14.90,0.0596,true,1,41013
7290003807178,false,"רוטב קנור סויה בסגנון סיני 300 מ""ל",יוניליוור ישראל מזון בע\,,רוטב סויה בסגנון סינ,יחידה,300.00,יחידה,false,,14.00,0.0467,true,1,26921
7290003807482,false,קנור רוטב טריאקי מופחת נתרן 370 גרם,יוניליוור ישראל מזון בע\,,"רוטב טריאקי 300 מ""ל",יחידה,300.00,יחידה,false,,14.00,0.0467,true,1,26922
7290003864478,false,סרדינים בשמן צמחי פתח קל ויליפוד 110 גרם,גולדן פרייז קאנינג א,,וילי פוד סרדין בשמן,גרמים,110.00,100 גרם,false,,4.90,0.0445,true,1,28583
7290003864485,false,סרדינים ברוטב עגבנ יות ויליפוד 110ג' פתח קל,גולדן פרייז קאנינג א,,וילי פוד סרדינים ברו,גרמים,110.00,100 גרם,false,,4.90,0.0445,true,1,28925
7290003864492,false,סרדינים בשמן צמחי חריף פתח קל ויליפוד 110ג',גולדן פרייז קאנינג א,,וילי פוד סרדין בשמן,גרמים,120.00,100 גרם,false,,4.90,0.0408,true,1,28779
7290003882922,false,עלי גפן ממולאים באורז וילי פוד 360 גרם,אף.סי תבליני בגליל ב,,עלי גפן ממולאים 400ג,גרמים,400.00,100 גרם,false,,9.90,0.0248,true,1,28854
7290003989539,false,לורנצו רביולי במילוי גבינה,מיוצר עי קונדיטוריית,,שטראוס רביולי גבינה,גרמים,400.00,100 גרם,false,,20.90,0.0522,true,1,40759
7290003989553,false,פסטה טורטליני גבינה ופטריות 400 גרם,מיוצר עי קונדיטוריית,,שטראוס רביולי טורטלי,גרמים,400.00,100 גרם,false,,19.90,0.0497,true,1,39805
7290004006440,false,בקבוק מעוצב עם ידיות,,,בקבוק מעוצב עם ידיות,יחידה,1.00,יחידה,false,,16.90,16.9000,true,1,157717
7290004011284,false,ריצ בסיס להכנת קצפת 25% 212מל,ריצ' פרודקטס קורפריי,,ריצ בסיס להכנת קצפת,יחידה,212.00,יחידה,false,,8.90,0.0420,true,1,119129
7290004011291,false,"קצפת ריץ' בסיס קרטונית 425 מ""ל",כלורוקס אוקלנד,,ריצ בסיס להכנת קצפת,יחידה,425.00,יחידה,false,,12.90,0.0304,true,1,119130
7290004011338,false,"ספריי קצפת מתוקה מוכנה ריץ' 250 מ""ל",האי נאם סי או אל.טי.,,ריצ קצפת במיכל 250מל,יחידה,250.00,יחידה,false,,15.60,0.0624,true,1,119131
7290004011345,false,"ספריי קצפת מתוקה מוכנה פרווה ריץ' 238 מ""ל",האי נאם סי או אל.טי.,,קצפת ריץ במיכל פרווה,יחידה,250.00,יחידה,false,,15.10,0.0604,true,1,119132
7290004011352,false,"שלישיית בסיס להכנת קצפת ריץ' 212 מ""ל",ריץ',,ריצ קצפת מארז 25% 3*,מיליליטרים,636.00,"100 מ""ל",false,,21.90,0.0344,true,1,187916
7290004011796,false,קבבונים בקר קפוא אל גאוצ''ו 400ג',"טיבון ויל אחזקות בע""",,אל גאוצו קבבונים 400,גרמים,400.00,100 גרם,false,,20.90,0.0522,true,1,26813
7290004011802,false,נקניקיות צ'וריסוס אל גאוצ'ו 400 גר',טיבון ויל אחזקות בעמ,,טיבון ויל צוריסוס אל,גרמים,400.00,100 גרם,false,,23.90,0.0597,true,1,119133
7290004011819,false,המבורגר ריב אנטריקוט אל גאוצ'ו 360 גרם,האי נאם סי או אל.טי.,,אל גאוצו המבורגר ריב,גרמים,360.00,100 גרם,false,,21.90,0.0608,true,1,29752
7290004011826,false,מיני המבורגר ריב אנטריקוט,טיבון ויל אחזקות בעמ,,אל גאוצו מיני המבורג,גרמים,320.00,100 גרם,false,,20.90,0.0653,true,1,29753
7290004014407,false,עדשי מ&מ'ס חמאת בוטנים46,מרס נדרלנד,,אם.אנד.אם חמאת בוטני,יחידה,0.00,יחידה,false,,5.00,0.0000,true,1,109555
7290004022309,false,עדשי מ&מ'ס חמאת בוטנים80,מרס,,אמ אנד אמז חמאת בוטנ,יחידה,0.00,יחידה,false,,6.90,0.0000,true,1,125191
7290004026462,false,פילסבורי גביניות,,,פילסבורי גביניות,קילוגרמים,1.00,"ק""ג",true,,39.90,39.9000,true,1,105261
7290004030216,false,משקה בטעם חמוציות 1 ליטר פריניב,הנסיך- מפעל לייצור ט,,נקטר חמוציות 1 ליטר,ליטרים,1.00,ליטר,false,,14.90,14.9000,true,1,116165
7290004030223,false,מיץ תפוחים סחוט רכיבים טבעיים 100% פרי ניב 1 ליטר,הנסיך- מפעל לייצור ט,,תפוח סחוט 100 1 ליטר,ליטרים,1.00,ליטר,false,,19.90,19.9000,true,1,116166
7290004030445,false,מיץ תפוזים סחוט רכיבים טבעיים 1 ליטר פרי ניב,הנסיך- מפעל לייצור ט,,מיץ תפוזים 100 סחוט,מיליליטרים,1000.00,"100 מ""ל",false,,14.90,0.0149,true,1,116171
7290004030544,false,משקה בטעם לימונדה לואיזה ולימון 1 ליטר פריניב,פריניב בעמ,,משקה קל לימונענע 1 ל,מיליליטרים,1000.00,"100 מ""ל",false,,14.90,0.0149,true,1,116172
7290004043108,false,עדשי מ&מ'ס שוקולד 89 גרם,מרס,,אמ אנד אמז שוקולד 89,יחידה,0.00,יחידה,false,,6.90,0.0000,true,1,125192
7290004043205,false,עדשי שוק.מ&מ'ס בוטנים90ג,מרס,,אמ אנד אמז בוטנים 93,יחידה,0.00,יחידה,false,,6.90,0.0000,true,1,125193
7290004048679,false,"קובה למרק 1 ק""ג שלושת האופים","שלושת האופים בע""\מ",,קובה למרק 1 קג שלושת,יחידה,1.00,יחידה,false,,22.90,22.9000,true,1,54792
7290004063016,false,"מלח שולחן דק סלית 1 ק""ג בדץ",האי נאם סי או אל.טי.,,"מלח שולחן 1 ק""ג",קילוגרמים,1.00,"ק""ג",false,,1.70,1.7000,true,1,39808
7290004063115,false,"מלח מטבח עבה להמלחת בשר ובישול 1 ק""ג 1ק""ג",האי נאם סי או אל.טי.,,"מלח גס בישול 1ק""ג",קילוגרמים,1.00,"ק""ג",false,,1.70,1.7000,true,1,70552
7290004064181,false,"תבלין מלח ההימלאיה גס בצנצנת 1 ק""ג","חברת מלח הארץ אילת בע""\מ",,מלח ההימלאיה גס בצנצ,קילוגרמים,1.00,"ק""ג",false,,16.90,16.9000,true,1,126764
7290004064198,false,מטחנת מלח ספייסי- אקסטרא תבלינים 115 ג',"מלח הארץ אילת בע""מ",,מטחנת מלח אקסטרא תבל,גרמים,115.00,100 גרם,false,,16.90,0.1470,true,1,137238
7290004064228,false,מלח במטחנה אקסטרא תבלינים שום ופלפל 125 גר',"חברת מלח הארץ אילת בע""\מ",,מטחנת מלח אקסטרא תבל,גרמים,115.00,100 גרם,false,,16.90,0.1470,true,1,137245
7290004064280,false,מלח מופחת נתרן בצנצנת מלח הארץ 600 גרם,חברת מלח הארץ אילת ב,,מלח הארץ מופחת נתרן,גרמים,600.00,100 גרם,false,,16.90,0.0282,true,1,144113
7290004064297,false,"מלח מועשר ביוד בצנצנת מלח הארץ 1 ק""ג","חברת מלח הארץ אילת בע""\מ",,מלח הארת מועשר ביוד,קילוגרמים,1.00,"ק""ג",false,,8.90,8.9000,true,1,144115
7290004064303,false,מלח אטלנטי בצנצנת מלח הארץ 800 גרם,"חברת מלח הארץ אילת בע""\מ",,מלח הארץ אטלנטי בצנצ,גרמים,800.00,100 גרם,false,,18.90,0.0236,true,1,144114
7290004064334,false,מלח פלוס שום מלחייה מלח הארץ 175 גרם,"חברת מלח הארץ אילת בע""\מ",,מלח פלוס שום מלחייה,גרמים,175.00,100 גרם,false,,13.90,0.0794,true,1,174860
7290004064358,false,"מלח דק זורם בקלות מלח הארץ קרטון 1 ק""ג","חברת מלח הארץ אילת בע""\מ",,מלח הארץ דק זורם בקל,יחידה,0.00,יחידה,false,,4.90,0.0000,true,1,149081
7290004064372,false,מטחנת מלח אקסטרא תבלינים איטלקי 105 גר,"חברת מלח הארץ בע""\מ",,מטחנת מלח אקסטרא תבל,גרמים,115.00,100 גרם,false,,16.90,0.1470,true,1,154016
7290004064389,false,מלח הימלאייה דק מלחייה 250 גרם,"חברת מלח הארץ אילת בע""\מ",,מלח הימלאיה דק מלחיי,גרמים,250.00,100 גרם,false,,10.90,0.0436,true,1,167018
7290004068011,false,"יוגורט כבשים בדלי 5 אחוז 60 מ""ל גד","מיוצר ע""י קוד יצרן M",,גד יוגורט כבשים 5% 6,מיליליטרים,600.00,"100 מ""ל",false,,17.20,0.0287,true,1,60060
7290004068028,false,"יוגורט צזיקי לשתיה 3.5% 500 מ""ל רובין",מיוצר על ידי קוד יצר,,גד משקה צזיקי 2% 500,מיליליטרים,500.00,"100 מ""ל",false,,9.90,0.0198,true,1,64714
7290004068035,false,"איירן יוגורט לשתייה 3% גד 500 מ""ל","מיוצר ע""י קוד יצרן M",,גד משקה איירן בסגנון,מיליליטרים,500.00,"100 מ""ל",false,,7.90,0.0158,true,1,63690
7290004068172,false,"יוגורט עיזים בדלי 5% 600 מ""ל רובין",קוד יצרן MKN,,גד יוגורט עיזים 5% 6,מיליליטרים,600.00,"100 מ""ל",false,,16.90,0.0282,true,1,63901
7290004078225,false,"שטיפת פה קולגייט פלקס מינט ירוק 500מ""ל",קולגייט- פלמוליב,,קולגייט מי פה פלקס ס,מיליליטרים,500.00,"100 מ""ל",false,,29.90,0.0598,true,1,47562
7290004078263,false,בלונס צמרוני אוזניים בקופסא זוג,ספטונה,,בלונס צמרונים בקופסא,יחידה,400.00,יחידה,false,,10.90,0.0273,true,1,47268
7290004078270,false,נוזל לניקוי כלים בריח לימון פלמוליב 1 ליטר,יבואן ומשווק: ש. שסט,,פלמוליב לכלים לימון-,ליטרים,1.00,ליטר,false,,13.90,13.9000,true,1,46197
7290004078942,false,ליידי ספיד סטיק - דאודורנט ג'ל לאישה 65 גרם,קולגייט-פלמוליב,,ליידי ספיד סטיק גל ב,יחידה,0.00,יחידה,false,,24.90,0.0000,true,1,47563
7290004091248,false,וזלין פטרוליום אינטנסיב קאר ג'ל 106 גר',יבואן ומשווק: ש. שסט,,וזלין אינטנסיב קאר פ,גרמים,106.00,100 גרם,false,,13.00,0.1226,true,1,41022
7290004091255,false,ג'ל פטרוליום טהור 100% וזלין 212 גרם,"יוניליוור ארה""ב, ג'ו",,ואזלין אינטנסיב קאר,מיליליטרים,225.00,"100 מ""ל",false,,19.90,0.0884,true,1,40191
7290004119010,false,גבינת שדה מותכת 25% תנובה 500 גרם,תנובה חלב,,שדה רמאדן חבילה 0.5,גרמים,500.00,100 גרם,false,,12.50,0.0250,true,1,40192
7290004119133,false,כד יוגורט תנובה 6.5% שומן 1.5 ליטר,מיוצר עי קונדיטוריית,,יוגורט תנובה 6.5% כד,ליטרים,1.50,ליטר,false,,17.80,11.8667,true,1,39809
7290004119225,false,יופלה יוגורט אננס %3 גביע 150 גרם,תנובה מרכז שיתופי לש,,יופלה יוגורט אננס %3,מיליליטרים,150.00,"100 מ""ל",false,,5.20,0.0347,true,1,40193
7290004119928,false,מעדן חלב בטעם וניל 2% קרלו תנובה 125 גרם,מחלבת אלון תבור,,קרלו מעדן וניל רביעי,יחידה,125.00,יחידה,false,,3.10,0.0248,true,1,40761
7290004119973,false,קרלו מעדן שוקו רביעיה גביע 1.5% 125 גרם,תנובה מרכז שיתופי לש,,קרלו מעדן שוקו רביעי,מיליליטרים,125.00,"100 מ""ל",false,,3.10,0.0248,true,1,39810
7290004120061,false,מעדן חלב בטעם שוקו וניל שוניל 2% קרלו 125 גרם,תנובה מרכז שיתופי לש,,קרלו שוניל 1.5% 125,יחידה,125.00,יחידה,false,,3.10,0.0248,true,1,43881
7290004120108,false,יוגורט יופלה דיאט דובדבן 0% שומן 150גרם,תנובה מרכז שיתופי לש,,יופלה דיאט יוגורט דו,מיליליטרים,150.00,"100 מ""ל",false,,5.20,0.0347,true,1,39811
7290004120566,false,פיראוס 24% גבינה בולגרית 250 גרם,תנובה חלב,,פיראוס בולגרית גביע,גרמים,250.00,100 גרם,false,,23.50,0.0940,true,1,41025
7290004120573,false,גבינה בולגרית 16% פיראוס 250 גרם,תנובה מרכז שיתופי לש,,פיראוס בולגרית גביע,גרמים,250.00,100 גרם,false,,23.50,0.0940,true,1,39812
7290004120634,false,גבינה בולגרית 5% פיראוס 250 גרם,תנובה מרכז שיתופי לש,,פיראוס בולגרית גביע,גרמים,250.00,100 גרם,false,,23.50,0.0940,true,1,40820
7290004120832,false,"חלב 2 ליטר 3% כד ""תנובה""- מוצר בפיקוח",תנובה מרכז שיתופי לש,,חלב תנובה טרי %3 כד,ליטרים,2.00,ליטר,false,,12.46,6.2300,true,1,81402
7290004121280,false,"שמנת חמוצה 9% חצי מנה תנובה 100 מ""ל",,,שמנת תנובה 9% חצי מ,גרמים,100.00,100 גרם,false,,1.20,0.0120,true,1,66028
7290004121488,false,יופלה דיאט אפרסק 0% גביע 150 גרם,תנובה מרכז שיתופי לש,,יופלה דיאט אפרסק 0%,מיליליטרים,150.00,"100 מ""ל",false,,5.20,0.0347,true,1,41026
7290004121754,false,יוגורט ביו עוגת גבינה ותות 3% יופלה 150 גרם,תנובה בעמ,,יופלה יוגורט עוגת גב,מיליליטרים,150.00,"100 מ""ל",false,,5.20,0.0347,true,1,40917
7290004121839,false,גבינת פטה כבשים 20% פיראוס 250 גרם,תנובה מרכז שיתופי לש,,פיראוס פטה כבשים 20%,גרמים,250.00,100 גרם,false,,29.90,0.1196,true,1,40195
7290004121853,false,גבינה בולגרית 5% קוביות פיראוס 200 גרם,תנובה מרכז שיתופי לש,,פיראוס קוביות בולגרי,גרמים,200.00,100 גרם,false,,20.90,0.1045,true,1,40822
7290004122119,false,פתיתי פרמזן 23% לפסטה השף הלבן 100 גרם,פ.פ.ח. שאביט,,פתיתי פרמזן לפסטה 10,גרמים,100.00,100 גרם,false,,13.60,0.1360,true,1,40198
7290004122195,false,גוש חלב גבינה צהובה פרוסה 28% תנובה 200 גרם,קריות זול,,גוש חלב פרוס 200 %28,גרמים,200.00,100 גרם,false,,14.30,0.0715,true,1,39599
7290004122348,false,גבינת עמק לייט פרוס בקופסא 200 גרם,תנובה מרכז שיתופי לש,,עמק לייט פרוס 200 גר,גרמים,200.00,100 גרם,false,,17.50,0.0875,true,1,41027
7290004122676,false,גבינת חמד לייט 5% פיראוס 250 ג',"תנובה,מחלבת טנא נוגה",,פיראוס חמד לייט 5%,גרמים,250.00,100 גרם,false,,18.40,0.0736,true,1,40200
7290004122683,false,עמק חטיף אצבעות גבינה חצי קשה 28% שומן,תנובה מרכז שיתופי לש,,אצבעות 28% חטיף גבינ,גרמים,172.00,100 גרם,false,,16.70,0.0971,true,1,40918
7290004124175,false,יופלה לבן 1.5% גביע 150 גר להחזרות בלבד,קריות זול,,יופלה לבן 1.5% 150מל,יחידה,150.00,יחידה,false,,2.00,0.0133,true,1,54804
7290004124205,false,יופלה דיאט יוגורט תות %0 גביע 150 גרם,תנובה מרכז שיתופי לש,,יופלה דיאט יוגורט תו,מיליליטרים,150.00,"100 מ""ל",false,,5.20,0.0347,true,1,39939
7290004125370,false,"שמנת חמוצה 9% מופחתת שומן תנובה 200 מ""ל מהדרין",תנובה מרכז שיתופי לש,,שמנת אורגינל 9% 200מ,גרמים,200.00,100 גרם,false,,3.80,0.0190,true,1,41030
7290004125400,false,"אשל שלי מהדרין 200 מ""ל 4.5% ""תנובה""- מוצר בפיקוח",פארייפאבה אגרואינדוס,,אשל 4.5% 200מל מהדרי,מיליליטרים,200.00,"100 מ""ל",false,,1.69,0.0084,true,1,41031
7290004125417,false,"גיל 3% שלי 200 מ""ל ""תנובה"" -מוצר בפיקוח",תנובה מרכז שיתופי לש,,גיל 3% 200מל מהדרין,מיליליטרים,200.00,"100 מ""ל",false,,1.51,0.0076,true,1,39940
7290004125455,false,"שמנת חמוצה 200 מ""ל 15% ""תנובה"" -מוצר בפיקוח",תנובה מרכז שיתופי לש,,שמנת אורגינל 15% 200,מיליליטרים,200.00,"100 מ""ל",false,,2.40,0.0120,true,1,40201
7290004125462,false,"שמנת חמוצה 15% תנובה 500 מ""ל מהדרין",תנובה מרכז שיתופי לש,,שמנת אורגינל 15% 500,מיליליטרים,500.00,"100 מ""ל",false,,6.00,0.0120,true,1,40920
7290004125509,false,"שמנת חמוצה 15% מועשרת תנובה 100 מ""ל",תנובה מרכז שיתופי לש,,שמנת אורגינל 15% חצי,מיליליטרים,100.00,"100 מ""ל",false,,1.90,0.0190,true,1,40921
7290004125578,false,משקה סויה מעושר בסידן תנובה 1ל',תנובה מרכז שיתופי לש,,משקה סויה מועשר 1 לי,ליטרים,1.00,ליטר,false,,9.90,9.9000,true,1,41164
7290004125585,false,משקה סויה בטעם וניל תנובה 1 ליטר,תנובה מרכז שיתופי לש,,משקה סויה וניל על הב,ליטרים,1.00,ליטר,false,,10.50,10.5000,true,1,39691
7290004125721,false,"השף הלבן שמנת עמידה לבישול 15% תנובה 250 מ""ל",תנובה מרכז שיתופי לש,,שמנת לבישול 15% 250,מיליליטרים,250.00,"100 מ""ל",false,,8.30,0.0332,true,1,43885
7290004125738,false,שמנת מתוקה להקצפה32% 250מל עמיד השף הלבן,תנובה מרכז שיתופי לש,,שמנת מתוקה להקצפה32%,מיליליטרים,250.00,"100 מ""ל",false,,7.40,0.0296,true,1,43886
7290004125776,false,גבינה צהובה עמק 28% 400 גרם בקופסא,קריות זול,,עמק פרוס 28% 400 גרם,גרמים,400.00,100 גרם,false,,29.40,0.0735,true,1,40923
7290004126674,false,טל העמק פרוסות גבינה חצי קשה לייט %9 200 גרם בקופסא,תנובה מרכז שיתופי לש,,טל העמק לייט %9 200,גרמים,200.00,100 גרם,false,,19.10,0.0955,true,1,39818
7290004126759,false,יוגורט דיאט יופלה פירות יער 150 גרם,תנובה בעמ,,יופלה דיאט פירות יער,מיליליטרים,150.00,"100 מ""ל",false,,5.20,0.0347,true,1,39819
7290004126872,false,משקאות חלב תנובה שוקו בקבוק 250מל,תנובה חלב,,שוקו תנובה בבקבוק 25,יחידה,250.00,יחידה,false,,5.60,0.0224,true,1,41165
7290004127077,false,קוטג תנובה 3% גביע 250 גרם מהדרין,מיוצר עי קונדיטוריית,,קוטג תנובה 3% גביע 2,גרמים,250.00,100 גרם,false,,5.80,0.0232,true,1,43887
7290004127329,false,קוטג תנובה גביע 250 גרם %5 ו.מהדרין,מיוצר עי קונדיטוריית,,קוטג תנובה גביע 250,גרמים,250.00,100 גרם,false,,5.80,0.0232,true,1,40925
7290004127336,false,קוטג תנובה גביע 250 גרם %9 ו.מהדרין,מיוצר עי קונדיטוריית,,קוטג תנובה גביע 250,גרמים,250.00,100 גרם,false,,5.80,0.0232,true,1,43888
7290004127800,false,"גבינה לבנה 500 גרם 5% ""תנובה"" -מוצר בפיקוח",מיוצר עי קונדיטוריית,,גבינה לבנה 5% 500 גר,גרמים,500.00,100 גרם,false,,9.96,0.0199,true,1,40202
7290004127817,false,גבינה לבנה 9% שומן 500 ג' תנובה,מיוצר עי קונדיטוריית,,גבינה לבנה 9% 500 גר,גרמים,500.00,100 גרם,false,,10.50,0.0210,true,1,43889
7290004127862,false,"גבינה לבנה 750 גרם 5% ""תנובה"" - מוצר בפיקוח",תנובה מרכז שיתופי לש,,גבינה לבנה 5% 750 גר,גרמים,750.00,100 גרם,false,,14.94,0.0199,true,1,40926
7290004127916,false,גבינה לבנה 0.5% שומן 500 ג' תנובה,תנובה מרכז שיתופי לש,,גבינה לבנה 0.5% 500,גרמים,500.00,100 גרם,false,,10.50,0.0210,true,1,40927
7290004128333,false,לאבנה על בסיס יוגורט %9 שומן 500 ג' פיראוס,קריות זול,,פיראוס לאבנה גביע 50,גרמים,500.00,100 גרם,false,,19.90,0.0398,true,1,40203
7290004128340,false,קרם גבינת שמנת %5 בטעם טבעי 200 ג' תנובה,קריות זול,,קרם גבינת שמנת %5 ב,גרמים,200.00,100 גרם,false,,11.50,0.0575,true,1,54808
7290004128432,false,פתיתים מיוחדים לפיצה על בסיס גבינה 500 ג',תנובה חלב,,פתיתים מיוחדים לפיצה,גרמים,600.00,100 גרם,false,,22.90,0.0382,true,1,40204
7290004129156,false,גבינת שמנת25% עם שום שמיר 225 ג' נפוליאון,תנובה מרכז שיתופי לש,,נפוליאון שום שמיר גב,גרמים,225.00,100 גרם,false,,13.90,0.0618,true,1,41167
7290004130695,false,משקאות חלב תנובה אייס קפה בבקבוק 1ל,תנובה מרכז שיתופי לש,,משקה אייס קפה תנובה,ליטרים,1.00,ליטר,false,,13.60,13.6000,true,1,40205
7290004130794,false,משקה סויה במתיקות מופחתת תנובה 1 ליטר,תנובה מרכז שיתופי לש,,משקה סויה טבעי במתיק,ליטרים,1.00,ליטר,false,,10.50,10.5000,true,1,39826
7290004130916,false,יוגורט יופלה פירות יער בשמנת 3% 150 גרם,תנובה מרכז שיתופי לש,,יופלה פירות יער בשמנ,מיליליטרים,150.00,"100 מ""ל",false,,5.20,0.0347,true,1,41170
7290004131074,false,"חלב 1 ליטר 3% קרטון ""תנובה""- מוצר בפיקוח",תנובה מרכז שיתופי לש,,חלב תנובה טרי1ל קרטו,ליטרים,1.00,ליטר,false,,6.23,6.2300,true,1,39693
7290004131432,false,יוגורט יופלה לבן ביו 3% 200 גרם,מיוצר עי קונדיטוריית,,יופלה לבן 3% גביע 20,מיליליטרים,200.00,"100 מ""ל",false,,3.90,0.0195,true,1,43893
7290004131456,false,יוגורט ביו 1.5% שומן 200 ג' יופלה,מיוצר עי קונדיטוריית,,יופלה לבן 1.5% גביע,יחידה,200.00,יחידה,false,,3.90,0.0195,true,1,40207
7290004131531,false,משקאות חלב תנובה שוקו בקבוק 1ל,פארייפאבה אגרואינדוס,,שוקו תנובה בקבוק 1 ל,ליטרים,1.00,ליטר,false,,13.60,13.6000,true,1,39945
7290004131814,false,גבינה צפתית 5% מעודנת 200 ג' פיראוס,פארייפאבה אגרואינדוס,,פיראוס צפתית 5% מעוד,גרמים,200.00,100 גרם,false,,15.10,0.0755,true,1,39947
7290004131845,false,גבינת לאבנה 9% שומן 750 ג' פיראוס,תנובה מרכז שיתופי לש,,פיראוס לאבנה 9% גביע,גרמים,750.00,100 גרם,false,,24.90,0.0332,true,1,43895
7290004132552,false,משקה סויה בטעם טבעי לייט תנובה 1 ליטר,תנובה מרכז שיתופי לש,,משקה סויה לייט בטעם,ליטרים,1.00,ליטר,false,,10.50,10.5000,true,1,41587
7290004132606,false,"קרלו מעדן חלב בטעם וניל 2% תנובה 8*100 מ""ל",תנובה מרכז שיתופי לש,,מאגדת קרלו מיני וניל,מיליליטרים,800.00,"100 מ""ל",false,,14.90,0.0186,true,1,39697
7290004132712,false,חטיף אצבעות גבינת מוצרלה 20% 172 ג' עמק,תנובה מרכז שיתופי לש,,חטיף אצבעות גבינת מו,גרמים,174.00,100 גרם,false,,16.70,0.0960,true,1,40209
7290004133511,false,יופלה מאגדת לבן 1.5% מעודן 8 יח' * 150 ג',מיוצר עי קונדיטוריית,,יופלה מאגדת שמיניה ל,ליטרים,1.20,ליטר,false,,21.20,17.6667,true,1,43896
7290004135058,false,שמיניית קרלו מיני שוקולד 100 גרם מהדרין,תנובה מרכז שיתופי לש,,מאגדת קרלו מיני שוקו,מיליליטרים,800.00,"100 מ""ל",false,,14.90,0.0186,true,1,40210
7290004135614,false,גבינה בולגרית מעודנת 5% פיראוס 250 גרם,תנובה חלב,,פיראוס בולגרית מעוד,גרמים,250.00,100 גרם,false,,23.50,0.0940,true,1,41591
7290004136154,false,"משקה חלב אייס קפה תנובה בבקבוק 340 מ""ל",גוד פוד פרודקטס S.p,,משקה אייס קפה תנובה,יחידה,340.00,יחידה,false,,6.90,0.0203,true,1,39830
7290004136598,false,מארז הפסקת אוכל עם קורנפלקס ומשקה חלב עמיד בטעם וניל,פארייפאבה אגרואינדוס,,מארז הפסקת אוכל חלב,מיליליטרים,150.00,"100 מ""ל",false,,9.50,0.0633,true,1,41592
7290004136857,false,מעדן גלי פטל תנובה 125 גרם,תנובה מרכז שיתופי לש,,ג'לי תנובה פטל,מיליליטרים,125.00,"100 מ""ל",false,,2.60,0.0208,true,1,54820
7290004136864,false,מעדן ג'לי בטעם אננס עם חתיכות תנובה 125 גרם,תנובה חלב,,ג'לי תנובה אננס עם ח,יחידה,125.00,יחידה,false,,2.90,0.0232,true,1,54821
7290004136871,false,מעדן ג'לי בטעם אפרסק עם חתיכות תנובה 125 גרם,תנובה מרכז שיתופי לש,,ג'לי תנובה אפרסק עם,מיליליטרים,125.00,"100 מ""ל",false,,2.90,0.0232,true,1,54822
7290004137021,false,"שמנת עמידה לבישול מופחת שומן 10% השף הלבן 250 מ""ל",תנובה מרכז שיתופי לש,,שמנת לבישול 10% 250,מיליליטרים,250.00,"100 מ""ל",false,,8.30,0.0332,true,1,41178
7290004137311,false,עמק לייט משפחתית 9% 400ג-ועדת מהדרין,תנובה חלב,,עמק לייט פרוס 400 גר,גרמים,400.00,100 גרם,false,,31.40,0.0785,true,1,40214
7290004146986,false,נקה 7 שמפו לשיער צבוע ומובהר 750 מל,אמיליה קוסמטיקס,,נקה 7-שמפו צבוע כתום,מיליליטרים,750.00,"100 מ""ל",false,,12.90,0.0172,true,1,54827
7290004165017,false,"רסק תפו""ע 600 גרם טבעי ללא סוכר יכין","זנלכל בע""\מ",,"רסק תפו""ע בלי סוכר 5",גרמים,560.00,100 גרם,false,,9.90,0.0177,true,1,26927
7290004199074,false,סאני פלסטר אינטרסן 5,סאני פלסטר,,פלסטר 50 יח',יחידה,0.00,יחידה,false,,6.90,0.0000,true,1,157689
7290004199203,false,קיסמי שיניים מבמבוק מלחיה 300 יחידות,הדקלאים אגודת שיתופי,,קיסמי שיניים מבמבוק,יחידה,0.00,יחידה,false,,3.90,0.0000,true,1,157657
7290004199241,false,נרות חימום חסידים 50 יחידות,חסידים,,נרות חימום חסידים 50,יחידה,0.00,יחידה,false,,12.90,0.0000,true,1,183756
7290004199579,false,פלסטר מעורב 100 יח' - SUNNY PLASTER,הדקלאים אגודת שיתופי,,פלסטר 100 יח' מעורב,יחידה,0.00,יחידה,false,,9.90,0.0000,true,1,157691
7290004199807,false,כפפות L לטקס עם איבוק עדין 100 יח- SAFE TOUCH,סייף טאצ,,כפפות לאטקס 100 יח',יחידה,0.00,יחידה,false,,19.90,0.0000,true,1,157687
7290004199821,false,אטבי כביסה סופר 24 יח',הוסטס,,אטבי כביסה סופר 24 י,יחידה,0.00,יחידה,false,,6.90,0.0000,true,1,157665
7290004225872,false,קרם קוקוס ויליגר 400 גרם,טקרנג פינאפלה אינדוס,,"קרם קוקוס 400 מ""ל",מיליליטרים,400.00,"100 מ""ל",false,,7.90,0.0198,true,1,124542
7290004228804,false,עלי בצק לסיגרים שלושת האופים 450 גרם.,"שלושת האופים בע""\מ",,עלי בצק למילוי סיגרי,גרמים,450.00,100 גרם,false,,12.90,0.0287,true,1,150272
7290004230081,false,קציצות עוף ברוטב עגבניות שגב 800 גרם,"טיבון ויל אחזקות בע""\מ",,שגב קציצות עוף ברוטב,גרמים,800.00,100 גרם,false,,23.90,0.0299,true,1,64722
7290004230104,false,קציצות בקר ברוטב עגבניות שגב,טיבון ויל אחזקות בעמ,,שגב קציצות בקר ברוטב,יחידה,0.00,יחידה,false,,23.90,0.0000,true,1,119291
7290004230364,false,שגב מקלות בורקס פילו גבינה צרפתי 600 גר,שלושת האופים שגמור,,שגב מקלות בורקס פילו,גרמים,600.00,100 גרם,false,,19.90,0.0332,true,1,64437
7290004230944,false,מקלות פילו גבינה 600 גר' שלושת האופים לנדא,שלושת האופים שגמור,,מקלות בורקס פילו גבי,גרמים,600.00,100 גרם,false,,19.90,0.0332,true,1,66913
7290004252069,false,וופל עדין טעם שוקולד 200 גרם,,,וופל עדין טעם שוקולד,גרמים,200.00,100 גרם,false,,4.90,0.0245,true,1,149156
7290004252151,false,וופל עדין 200 גרם אגוזים בד''ץ העדה החרדית,,,וופל עדין אגוזים 200,גרמים,200.00,100 גרם,false,,4.90,0.0245,true,1,177267
7290004252199,false,רול עדין גלילית במילוי קרם אגוזים 100 גרם,הגביע מוצרי ופלים,,רולעדין אגוזים 100 ג,יחידה,0.00,יחידה,false,,4.90,0.0000,true,1,177263
7290004256371,false,ריץ פרוס 400 ג' -צהובה פרוסה,מלקפול אלוורטוסקה,,ריץ' צהובה פרוסה 40,גרמים,400.00,100 גרם,false,,19.90,0.0497,true,1,145190
7290004258627,false,תרומת נרות חנוכה,,,תרומת נרות חנוכה,יחידה,0.00,יחידה,false,,10.00,0.0000,true,1,196185
7290004267285,false,עוגיות כרמל מצופה 600 גר' ברמן,ברמן שוקולד ועוגיות,,בר-מן עוגיות כרמל 60,גרמים,600.00,100 גרם,false,,12.90,0.0215,true,1,83751
7290004323882,false,טחון הודו אדום מתובל,"טיבון ויל אחזקות בע""\מ",,טחון הודו אדום 500 ג,גרמים,500.00,100 גרם,false,,14.90,0.0298,true,1,177650
7290004324858,false,קבב כבש טיבון ויל 500 גרם,"טיבון ויל אחזקות בע""",,קבב כבש 500גרם,גרמים,500.00,100 גרם,false,,19.90,0.0398,true,1,27545
7290004339401,false,המבורגר אורז עדשים 400גרם טבע דלי,טבע דלי,,המבורגר אורז עדשים 4,גרמים,400.00,100 גרם,false,,26.90,0.0672,true,1,105133
7290004339432,false,סייטן קפוא טבעי 500 גרם טבע דלי,טבע דלי בעמ,,סייטן קפוא טבעי 500,גרמים,500.00,100 גרם,false,,19.90,0.0398,true,1,105134
7290004339807,false,המבורגר כוסמת מש מונבט אורז מלא וצ'יה 400גר טבע דלי,טבע דלי בעמ,,המבורגר כוסמת אורז מ,גרמים,400.00,100 גרם,false,,26.90,0.0672,true,1,105167
7290004492762,false,"נשנושים תירס אפוי טעם טבעי בייגל בייגל 325 גרם בד""צ",בייגל את בייגל מזון 198),,נישנושים תירס 325 גר,גרמים,325.00,100 גרם,false,,15.00,0.0462,true,1,40311
7290004494919,false,יין כנען קברנה שיראז 750 מל דלתון,"יקב דלתון בע""מ",,כנען קברנה שיראז דלת,מיליליטרים,750.00,"100 מ""ל",false,,39.90,0.0532,true,1,63840
7290004502690,false,וודקה פינלנדיה 1 ליטר,,,וודקה פינלנדיה 1 ליט,ליטרים,1.00,ליטר,false,,109.90,109.9000,true,1,60340
7290004554330,false,שלגון אסקימו דובדבן שטראוס 75 גרם,"מיוצר ע""\י גלידת שטראוס",,אסקימו דובדבן,יחידה,0.00,יחידה,false,,2.90,0.0000,true,1,26862
7290004554354,false,גלידת פנטזיה שוקו וניל 1 ל' שטראוס,"גלידת שטראוס בע""\מ, רחוב",,פנטסיה שוקו וניל 900,יחידה,900.00,יחידה,false,,19.90,0.0221,true,1,28927
7290004554798,false,"שלגון מטרה פטל,לימון וענבים","מיוצר ע"" גלידת שטראו",,מטרה פטל לימון וענבי,יחידה,0.00,יחידה,false,,5.90,0.0000,true,1,26997
7290004554903,false,"גלידת פנטזיה שוקו וניל 900 מ""ל שטראוס","גלידת שטראוס בע""\מ, רחוב",,גלידת פנטזיה שוקו ונ,יחידה,900.00,יחידה,false,,19.90,0.0221,true,1,28782
7290004584351,false,גבינה לבנה סימפוניה עם תוספות 200 ג' חמישית 200,"שטראוס בריאות בע""\מ",,סימפוניה חמישית 200,גרמים,200.00,100 גרם,false,,10.90,0.0545,true,1,39707
7290004584528,false,יוגורט דנונה ביו לבן 1.7% שומן 200 גרם,מיוצר עי קונדיטוריית,,דנונה יוגורט טבעי 1.,גרמים,200.00,100 גרם,false,,3.50,0.0175,true,1,40315
7290004585907,false,דני ועדן וניל 1.5% 125ג' שטראוס,מיוצר עי קונדיטוריית,,דני וניל מהדרין 130,מיליליטרים,130.00,"100 מ""ל",false,,2.50,0.0192,true,1,41187
7290004603175,false,מלח הים האדום גס מלח הארץ 500 גרם,"חברת מלח הארץ אילת בע""\מ",,מלח הארץ מלחייה גס 5,גרמים,500.00,100 גרם,false,,7.90,0.0158,true,1,75081
7290004658953,false,יין סוביניון בלאן פרייבט קולקשן יקבי כרמל,"כד בני דרום בע""מ",,פי.סי סובניון בלאן 7,מיליליטרים,750.00,"100 מ""ל",false,,41.90,0.0559,true,1,61840
7290004658960,false,יין אמרלד ריזלינג פרייבט קולקשן יקבי כרמל,אגודת הכורמים הקואופרטיב,,פי.סי אמרלד ריזלינג,מיליליטרים,750.00,"100 מ""ל",false,,41.90,0.0559,true,1,194284
7290004685478,false,פיתות כוסמין 100% כוסמין 550 גרם,"מאפיית אורן משי בע""\מ",,פיתות כוסמין 10 יח',גרמים,550.00,100 גרם,false,,15.90,0.0289,true,1,188194
7290004731472,false,"אל סבון צבעוני כיף שלישיה* 500 מ""ל",טרופיקל דגיל תעשיות,,אלסבון כיף שלישיה צב,יחידה,3.00,יחידה,false,,19.90,6.6333,true,1,47034
7290004731519,false,"מקסימה מרכך ומבשם כביסה למייבש סנסיטיב סנו 750 מ""ל",סנו מקסימה,,סנו מקסימה למייבש סנ,מיליליטרים,750.00,"100 מ""ל",false,,18.90,0.0252,true,1,47426
7290004731564,false,"מקסימה מבשם ומרכך למייבש הכביסה בלו בלוסום 750 מ""ל",סנו מקסימה,,סנו מקסימה למייבש בל,יחידה,0.00,יחידה,false,,18.90,0.0000,true,1,125149
7290004737719,false,אספרגוס שלם מקולף בצנצנת ויליפוד 330 גרם,קריות זול,,אספרגוס שלם בצנצנת 3,גרמים,330.00,100 גרם,false,,10.90,0.0330,true,1,28969
7290004748005,false,מארז טרופית ענבים 20,,,מארז טרופית ענבים 20,מיליליטרים,200.00,"100 מ""ל",false,,34.90,0.1745,true,1,105416
7290004898762,false,דואדורנט קלאסיק דאו,,,דואדורנט קלאסיק דאו,יחידה,0.00,יחידה,false,,12.90,0.0000,true,1,193213
7290004955670,false,מנצ'יס 250 גרם זארובי,זארובי,,מנצ'יס 250 גרם,יחידה,0.00,יחידה,false,,9.90,0.0000,true,1,178872
7290005020162,false,וויסקי סקוטי בלנטייס פיינסט 700 מל,פרנו,,וויסקי בלנטיינ'ס 700,מיליליטרים,700.00,"100 מ""ל",false,,79.90,0.1141,true,1,141722
7290005020346,false,בקרדי קרטה בלנקה סופ,תאגיד בקרדי,,"בקרדי לבן 750 מ""ל",מיליליטרים,750.00,"100 מ""ל",false,,109.90,0.1465,true,1,29608
7290005041136,false,מעדני הטלה קבב גמבו,מעדני הטלה והעגל,,מעדני הטלה קבב גמבו,יחידה,0.00,יחידה,false,,45.90,0.0000,true,1,65968
7290005041167,false,מעדני הטלה קבב גמבו,מעדני הטלה והעגל,,מעדני הטלה קבב גמבו,יחידה,0.00,יחידה,false,,49.90,0.0000,true,1,65967
7290005041198,false,מעדני הטלה קבב ביתי,לאטי עזרא גלם ודגים,,מעדני הטלה קבב ביתי,גרמים,1000.00,100 גרם,false,,45.90,0.0459,true,1,65966
7290005068058,false,תירס קל מופחת קלוריות 550 ג' פרי הגליל,"פרי הגליל בע""""מ",,תירס קל מופחת קלוריו,גרמים,550.00,100 גרם,false,,7.90,0.0144,true,1,27070
7290005068492,false,לקט ירקות מעורבים 700 גרם פרי-גליל,"פרי הגליל בע""""מ",,לקט ירקות מעורבים,גרמים,700.00,100 גרם,false,,11.90,0.0170,true,1,27201
7290005078002,false,מלפפון 30-36 מלח A10,,,מלפפון 30-36 מלח A10,יחידה,0.00,יחידה,false,,17.90,0.0000,true,1,125044
7290005078095,false,חצילים 600גר עדן,,,חצילים A2 עדן,יחידה,0.00,יחידה,false,,6.90,0.0000,true,1,104868
7290005078194,false,פלפל חריף כבוש עדן,,,פלפל שיפקה A2 עדן,יחידה,0.00,יחידה,false,,6.90,0.0000,true,1,104869
7290005084355,false,"סנסודיין - משחת שיניים דואל קר זהב 75 מ""ל",גלקסו סמית קליין,,סנסודיין דואל קר 75,יחידה,0.00,יחידה,false,,21.90,0.0000,true,1,42198
7290005113222,false,זיתים קוקטייל וגמבה יבנה 350ג',קבוצת יבנה,,זיתים מיקס 560 גרם,גרמים,560.00,100 גרם,false,,9.90,0.0177,true,1,27203
7290005168253,false,"יין קליל דל אלכוהול יקבי ציון 750 מ""ל",יקבי ציון,,יין מתוק קליל 5% 750,מיליליטרים,750.00,"100 מ""ל",false,,15.90,0.0212,true,1,98876
7290005168284,false,"יין גן עדן יקבי ציון 750 מ""ל",יקבי ציון,,יין מתוק גן עדן 750מ,מיליליטרים,750.00,"100 מ""ל",false,,19.90,0.0265,true,1,98877
7290005174551,false,סלט חומוס עם צנוברים 125 ג' אחלה,מיוצר עי קונדיטוריית,,אחלה סלט חומוס יום י,גרמים,125.00,100 גרם,false,,4.90,0.0392,true,1,41057
7290005174568,false,סלט חצילים במיונז אחלה 125 גרם,מיוצר עי קונדיטוריית,,אחלה סלט חציל במיונז,גרמים,125.00,100 גרם,false,,4.60,0.0368,true,1,39996
7290005174575,false,טחינה אחלה יום יום משובחת 125ג',מיוצר עי קונדיטוריית,,אחלה סלט .טחינה 125,גרמים,125.00,100 גרם,false,,4.90,0.0392,true,1,43918
7290005175428,false,"קמח תירס לל""ג ריבארה 500 ג'",קריות זול,,וילי פוד קמח תירס לל,גרמים,500.00,100 גרם,false,,6.00,0.0120,true,1,54865
7290005175589,false,"קמח תירס ללא גלוטן וילי פוד 1 ק""ג",קריות זול,,וילי פוד קמח תירס לל,קילוגרמים,1.00,"ק""ג",false,,10.00,10.0000,true,1,54866
7290005197758,false,"עוגיות חיוכים שוקולד עלית 150 גרם בד""צ",אפיפית נצרת תעשיות ב,,חיוכים של שוקו,גרמים,150.00,100 גרם,false,,4.90,0.0327,true,1,40056
7290005199578,false,קפה פלטינום נטול קפאין עלית 200 גרם,שטראוס קפה בי.וי.,,עלית אוריגינס קפה נט,גרמים,200.00,100 גרם,false,,25.90,0.1295,true,1,43921
7290005199738,false,גומי מאסט בטעם פפרמינט ריח פה נעים פליפטופ 28 ג' עלית,"שטראוס גרופ בע""מ",,מאסט ריח פה נעים 28,יחידה,0.00,יחידה,false,,4.30,0.0000,true,1,54872
7290005200786,false,תפוצ'יפס בטעם שמנת בצל עלית 50 גרם,"שטראוס פריטו ליי בע""\מ )",,תפוציפס שמנת ובצל 50,יחידה,0.00,יחידה,false,,3.90,0.0000,true,1,41290
7290005201455,false,קפה נמס מגורען ארומה קלאסי עלית 200 גרם,"אינסטנטה בע""מ",,ארומה קפה נמס 200 גר,גרמים,200.00,100 גרם,false,,23.80,0.1190,true,1,39762
7290005201882,false,קפה טורקי בצלופן עלית 200 גרם,הנסיך- מפעל לייצור ט,,טורקי עלית 200 גרם,גרמים,200.00,100 גרם,false,,15.90,0.0795,true,1,40326
7290005271410,false,גליקסמן ביצים רגילות,גליקסמן שיווק ביצים,,גליקסמן ביצים רגילות,יחידה,12.00,יחידה,false,,12.05,1.0042,true,1,47439
7290005271427,false,גליקסמן ביצים רגילות,גליקסמן שיווק ביצים,,גליקסמן ביצים רגילות,יחידה,12.00,יחידה,false,,11.15,0.9292,true,1,48329
7290005271458,false,ביצים אורגניות לארג,גליקסמן שיווק ביצים,,ארוז אורגנית L 24-12,יחידה,0.00,יחידה,false,,21.90,0.0000,true,1,47118
7290005271465,false,ביצים מידיום אורגני 12 יח',גליקסמן שיווק ביצים,,ארוז אורגנית M 24-12,יחידה,12.00,יחידה,false,,20.90,1.7417,true,1,47500
7290005271656,false,גליקסמן ביצים אומגה,גליקסמן שיווק ביצים,,גליקסמן ביצים אומגה,יחידה,0.00,יחידה,false,,34.90,0.0000,true,1,135789
7290005271687,false,אריזון 12 ביצים L-אומגה 3 מעושרות,גליקסמן שיווק ביצים,,ארוז אומגה L 24-12,יחידה,0.00,יחידה,false,,17.90,0.0000,true,1,47120
7290005271755,false,ביצי חופש לארג 12 יח,גליקסמן שיווק ביצים,,ארוז חופש L 24-12,יחידה,0.00,יחידה,false,,18.20,0.0000,true,1,48331
7290005271786,false,ביצים ארוזות Mעטוף 3,גליקסמן שיווק ביצים,,ביצים ארוזות Mעטוף 3,יחידה,30.00,יחידה,false,,27.80,0.9267,true,1,79073
7290005271816,false,ביצים ארוזות S 30 יחידות,גליקסמן,,גליקסמן ביצים 30 יח,יחידה,0.00,יחידה,false,,16.90,0.0000,true,1,136068
7290005278037,false,"נקטר תות סחוט טרי 500 מ""",,,"תות שדה סחוט 500 מ""ל",מיליליטרים,500.00,"100 מ""ל",false,,9.90,0.0198,true,1,139860
7290005278068,false,מיץ בננה תפוז סחוט טרי 5,,,בננה תפוז סחוט 500 מ,מיליליטרים,500.00,"100 מ""ל",false,,9.90,0.0198,true,1,139862
7290005278099,false,"מיץ מנגו סחוט טרי 500 מ""",,,"מנגו סחוט טרי 500 מ""",מיליליטרים,500.00,"100 מ""ל",false,,9.90,0.0198,true,1,139865
7290005278105,false,מיץ אפרסק סחוט טרי 500 מ,,,"אפרסק סחוט 500 מ""ל",מיליליטרים,500.00,"100 מ""ל",false,,9.90,0.0198,true,1,139866
7290005278136,false,"מיץ תפוח סחוט טרי 500 מ""",,,תפוח מלא סחוט טרי 50,מיליליטרים,500.00,"100 מ""ל",false,,9.90,0.0198,true,1,153505
7290005278143,false,נקטר תות בננה סחוט טרי 5,,,תמר בננה סחוט 5600 מ,מיליליטרים,500.00,"100 מ""ל",false,,9.90,0.0198,true,1,139868
7290005278174,false,"לימונענע סחוט טרי 500 מ""",,,"לימונענע סחוט 500 מ""",מיליליטרים,500.00,"100 מ""ל",false,,9.90,0.0198,true,1,139869
7290005278228,false,פסיפלורה מנגו סחוט טרי 5,,,מנגו פסיפלורה סחוט 5,מיליליטרים,500.00,"100 מ""ל",false,,9.90,0.0198,true,1,139871
7290005278440,false,מיץ גזר תפוז סחוט טרי 50,,,"גזר תפוז סחוט 500 מ""",מיליליטרים,500.00,"100 מ""ל",false,,9.90,0.0198,true,1,139873
7290005287206,false,טונה סטארקיסט רביעיות בשמן 492 גרם,"סטארקיסט פודור בע""מ",,סטארקיסט טונה בשמן ב,גרמים,640.00,100 גרם,false,,29.90,0.0467,true,1,28588
7290005287251,false,רביעיית טונה במים סטארקיסט 160 גרם,"סטארקיסט פודור בע""מ",,סטארקיסט טונה במים ב,גרמים,640.00,100 גרם,false,,29.90,0.0467,true,1,29372
7290005287527,false,"סטארקיסט טונה בשמן עם לימון 160 גרם בד""צ","סטארקיסט פודור בע""מ",,סטארקיסט טונה בשמן ל,גרמים,160.00,100 גרם,false,,8.90,0.0556,true,1,54886
7290005287657,false,"סטארקיסט ממרח טונה 160 גרם בד""צ","סטארקיסט פודור בע""מ",,סטארקיסט ממרח טונה 1,גרמים,160.00,100 גרם,false,,7.90,0.0494,true,1,82150
7290005318009,false,לבנה 11% שומן 500 ג' ראמה,,,ראמה לאבנה 11% 500 ג,גרמים,500.00,100 גרם,false,,17.90,0.0358,true,1,47122
7290005318023,false,"לבנה בקופסא 11% שומן 1 ק""ג ראמה",,,ראמה לאבנה בקופסא 11,יחידה,1.00,יחידה,false,,32.90,32.9000,true,1,52424
7290005318047,false,גבינת ברינזה 400 ג' ראמה,,,גבינה ברינזה ראמה 40,גרמים,400.00,100 גרם,false,,26.90,0.0672,true,1,48332
7290005318092,false,גבינה מתוקה 6%,,,גבינה מתוקה 6%,יחידה,0.00,יחידה,false,,26.90,0.0000,true,1,48333
7290005318153,false,לאבנה אלהנא 500 גרם,,,לאבנה אלהנא 500 גרם,גרמים,500.00,100 גרם,false,,12.90,0.0258,true,1,102572
7290005318160,false,"לבנה 1 ק""ג אלהנא",,,"לבנה אלהנא 1ק""ג",יחידה,0.00,יחידה,false,,19.90,0.0000,true,1,52425
7290005318177,false,גבינת ברינזה 800 גרם,,,גבינת ברינזה 800 גרם,גרמים,800.00,100 גרם,false,,46.90,0.0586,true,1,47502
7290005326523,false,ממרח פסטו פטרוזיליה ונענע אוליביה 180 גרם,אוליביה,,אוליביה ממרח פסטו פט,יחידה,0.00,יחידה,false,,13.90,0.0000,true,1,105885
7290005418693,false,"קרם לחות לחיזוק נטורל פורמולה 400 מ""ל",נטורל,,ק.לחות מעצבת לשיער מ,מיליליטרים,400.00,"100 מ""ל",false,,22.90,0.0572,true,1,54892
7290005418716,false,"קרם לחות לבניית תלתלים עגולים נטורל פורמולה 400 מ""ל",מיוצר עי אמיליה קוסמ,,לחות לבניית תלתלים -,מיליליטרים,400.00,"100 מ""ל",false,,22.90,0.0572,true,1,54894
7290005423383,false,מטהר אוויר סנומוד גל,סנומוד,,סנומוד גלמור,מיליליטרים,150.00,"100 מ""ל",false,,11.90,0.0793,true,1,129682
7290005423734,false,מרכך כביסה מרוכז אולטרא פרש סנו מקסימה 4 ליטר,"סנו מפעלי ברונוס בע""\מ",,סנו מקסימה אולטרא פר,ליטרים,4.00,ליטר,false,,22.90,5.7250,true,1,47504
7290005424205,false,ריצפז פלוס נוזל לרצפה דוחה חרקים 4 ל',סנו,,ריצפז פלוס נוזל לרצפ,ליטרים,4.00,ליטר,false,,39.90,9.9750,true,1,48338
7290005424700,false,סנו - פורטה פלוס מרסס מסיר שומנים 1 ליטר,"סנו מפעלי ברונוס בע""\מ",,סנו מתז פורטה פלוס 1,יחידה,0.00,יחידה,false,,17.90,0.0000,true,1,135849
7290005424762,false,ריצפז פלוס ווקס נוזל להברקת רצפות דוחה תיקנים סנו 2 ליטר,"סנו מפעלי ברונוס בע""\מ",,ריצפז פלוס ווקס דוחה,ליטרים,2.00,ליטר,false,,23.90,11.9500,true,1,47449
7290005424809,false,כריות קרצוף ענקיות לניקוי כללי סנו סושי 3 יחידות,קריות זול,,סנו סושי סקוטש קרצוף,יחידה,3.00,יחידה,false,,9.90,3.3000,true,1,97879
7290005425110,false,"חיטוי משטחים 99.9% מתז מחטא ומשמיד 750 מ""ל","סנו מפעלי ברונוס בע""\מ",,סנו מתז לחיטוי משטחי,מיליליטרים,750.00,"100 מ""ל",false,,13.90,0.0185,true,1,141286
7290005425127,false,"חיטוי משטחים 99.9% מתז לשומנים ואבנית 750 מ""ל","סנו מפעלי ברונוס בע""\מ",,סנו מתז לחיטוי ולניק,מיליליטרים,750.00,"100 מ""ל",false,,13.90,0.0185,true,1,141287
7290005425196,false,"מקסימה אבקת כביסה סנסיטיב סנו 2.5 ק""ג",מיוצר עי קונדיטוריית,,סנו מקסימה סנסיטיב 2,קילוגרמים,2.50,"ק""ג",false,,26.90,10.7600,true,1,47806
7290005425202,false,אבקת כביסה ביו מקסימה לכתמים קשים,"סנו מפעלי ברונוס בע""\מ",,סנו מקסימה ביו 2.5 ק,קילוגרמים,2.50,"ק""ג",false,,26.90,10.7600,true,1,47507
7290005425646,false,קליר נוזל לניקוי חלונות רב תכליתי סנו 1 ליטר,"סנו מפעלי ברונוס בע""\מ",,סנוקליר נוזל רב תכלי,ליטרים,1.00,ליטר,false,,10.90,10.9000,true,1,46366
7290005426193,false,ספוגית הפלא סנו סושי 6 יחידות,טרופיקל דגיל תעשיות,,סנו סושי ספוג הפלא,יחידה,6.00,יחידה,false,,11.90,1.9833,true,1,47808
7290005426384,false,"סנומוד מבשם אויר מיס מיליון סטטוס סנו 150 מ""ל",סנו מפעלי ברונוס בעמ,,סנומוד מיס מיליון,מיליליטרים,150.00,"100 מ""ל",false,,11.90,0.0793,true,1,46368
7290005426568,false,"קרמה - קרם לחות לשיער רגיל 400 מ""ל",טרופיקל דגיל תעשיות,,לחות לשיער קרמה-רגיל,מיליליטרים,400.00,"100 מ""ל",false,,19.90,0.0497,true,1,48342
7290005426629,false,"סנו דואופרש אורן לוטוס ופרחי מים ודובדבן, 300 מ""ל",סנו fresh,,דואופרש לוטוס ופרחי,מיליליטרים,300.00,"100 מ""ל",false,,12.90,0.0430,true,1,52433
7290005426803,false,מקסימה מרכך כביסה פצ'ולי לבנדר סגול סנו 4 ליטר,סנו מקסימה,,מרכך כביסה סנו מקסימ,ליטרים,4.00,ליטר,false,,22.90,5.7250,true,1,47514
7290005426865,false,אורביטול - משחת שיניים לילדים בטעם מסטיק 70 גרם,טרופיקל דגיל תעשיות קוסמ,,אורביטול קיד בטעם מס,יחידה,0.00,יחידה,false,,9.90,0.0000,true,1,47132
7290005426940,false,"סנו K-300 מדביר חרקים 475 מ""ל",טרופיקל דגיל תעשיות,,פלוס 8 חודשים K300,מיליליטרים,400.00,"100 מ""ל",false,,24.90,0.0622,true,1,52434
7290005427633,false,"כיף גל לשיער לשיער חזק במיוחד 1 ק""ג",קוסמופארם,,ג'ל כיף חזק במיוחד ),קילוגרמים,1.00,"ק""ג",false,,22.90,22.9000,true,1,47655
7290005427732,false,אל סבון נוזלי בניחוח קמומיל כיף 2 ליטר,קוסמופארם,,כיף - אל סבון קמומיל,ליטרים,2.00,ליטר,false,,22.90,11.4500,true,1,47656
7290005427770,false,"קרמה - קרם לחות לשיער לגבר 400 מ""ל",טרופיקל דגיל תעשיות,,לחות לשיער לגבר,מיליליטרים,400.00,"100 מ""ל",false,,19.90,0.0497,true,1,47516
7290005427787,false,"קרמה - קרם לחות לשיער מתולתל 400 מ""ל",טרופיקל דגיל תעשיות,,לחות לשיער מתולתל קר,מיליליטרים,400.00,"100 מ""ל",false,,19.90,0.0497,true,1,48346
7290005427848,false,מטליות ניקוי רב שימושיות בגליל סנו סושי 40 יחידות,קריות זול,,סנו סושי מטלית לכל 3,יחידה,40.00,יחידה,false,,19.90,0.4975,true,1,47937
7290005427978,false,"תחליב רחצה לפנים פילינג קרמה 180 מ""ל",גוד פוד פרודקטס S.p,,קרמה תחליב רחצה לפני,מיליליטרים,180.00,"100 מ""ל",false,,16.90,0.0939,true,1,170103
7290005427985,false,"קרמה תחליב רחצה לפנים בתוספת גרגירי פילינג 180 מ""ל",גוד פוד פרודקטס S.p,,קרמה תחליב רחצה לפני,מיליליטרים,180.00,"100 מ""ל",false,,16.90,0.0939,true,1,170104
7290005429019,false,פיסגה נוזל לרצפות מבושם סנו 4 ליטר,סנו פיסגה,,פיסגה לרצפות מבושם 4,ליטרים,4.00,ליטר,false,,18.00,4.5000,true,1,47137
7290005429279,false,סנו מקסימה קומפקט קומפקט אפקט גאוול 6 ק,סנו מפעלי ברונוס בעמ,,סנו מקסימה אפקט ג'או,קילוגרמים,6.00,"ק""ג",false,,49.90,8.3167,true,1,46382
7290005429286,false,"אבקת כביסה ביו סנו מקסימה 6 ק""ג",סנו מקסימה,,סנו מקסימה ביו 6 קג,קילוגרמים,6.00,"ק""ג",false,,49.90,8.3167,true,1,47737
7290005430602,false,"סנו אוקסיג'ן ספריי להסרת כתמים עם חמצן פעיל 750 מ""ל","סנו מפעלי ברונוס בע""",,סנו אוקסיג'ן מסיר כת,מיליליטרים,750.00,"100 מ""ל",false,,19.90,0.0265,true,1,47941
7290005430671,false,פוליויקס נוזל לניקוי קרמיקה סנו 2 ליטר,סנו מפעלי ברונו בעמ,,סנו פוליווקס קרמיקה,ליטרים,2.00,ליטר,false,,21.90,10.9500,true,1,47662
7290005430862,false,מים מזוקקים סנו 4 ליטר,סנו,,מים מזוקקים 4ל,ליטרים,4.00,ליטר,false,,18.90,4.7250,true,1,47664
7290005430961,false,שמפו לכביסה עדינה ביד בד גארד סנו מקסימה 1 ליטר,יושלם,,מקסימה בד גארד נוזל,מיליליטרים,1000.00,"100 מ""ל",false,,16.90,0.0169,true,1,47665
7290005431234,false,מלבי בסירופ שושנים 1,,,מלבי 170 מל עדן קינו,מיליליטרים,160.00,"100 מ""ל",false,,4.50,0.0281,true,1,54899
7290005431883,false,מלבי חלבי עדן קינוחים 165 גרם,עדן קינוחים Eden,,מלבי חלבי 165 גרם.,גרמים,165.00,100 גרם,false,,7.30,0.0442,true,1,179435
7290005431906,false,קדאיף עדן קינוחים 82 גרם,עדן קינוחים Eden,,קדאיף 82 גרם,יחידה,0.00,יחידה,false,,7.30,0.0000,true,1,148939
7290005431913,false,עוגת גבינה פירורים עדן קינוחים 92 גרם,עדן קינוחים Eden,,עוגת גבינה פירורים 9,יחידה,0.00,יחידה,false,,7.30,0.0000,true,1,148940
7290005431920,false,עוגת גבינה פירורים לייט עדן קינוחים 78 גרם,עדן קינוחים Eden,,עוגת גבינה פירורים ל,יחידה,0.00,יחידה,false,,7.30,0.0000,true,1,148941
7290005431937,false,טירמיסו עדן קינוחים 82 גרם,עדן קינוחים Eden,,טירמיסו 82 גרם,יחידה,0.00,יחידה,false,,7.30,0.0000,true,1,148935
7290005431944,false,קדאיף מגזר ערבי 70 ג',,,קדאיף קינוח עדן,יחידה,0.00,יחידה,false,,4.10,0.0000,true,1,148942
7290005431968,false,מלבי שמנת עדן קינוחים 150 גרם,עדן קינוחים Eden,,מלבי שמנת 150 גרם,גרמים,150.00,100 גרם,false,,7.50,0.0500,true,1,156266
7290005477669,false,סבון נוזלי דרמפון מועשר לחות קרליין 1 ליטר,"אמיליה קוסמטיקס בע""מ",,דרמפון-ס.נוזלי מועשר,ליטרים,1.00,ליטר,false,,16.90,16.9000,true,1,54904
7290005500978,false,מסיר לק ריחני פנינה רוזנבלום 220 מ''ל,פנינה רוזנבלום,,פנינה מסיר לק ריחני,מיליליטרים,100.00,"100 מ""ל",false,,13.90,0.1390,true,1,40001
7290005509445,false,עוגיות מיני קוקיס חמאה בצנצנת כרמית 600 גרם,כרמית תעשיות ממתקים,,מיני קוקיס בטעם חמאה,גרמים,750.00,100 גרם,false,,18.90,0.0252,true,1,47621
7290005559587,false,מאפה נקניקיה בבצק מעדנות 800ג',"מעדנות בע""\מ",,מעדנות מאפה נקניקיות,גרמים,800.00,100 גרם,false,,22.90,0.0286,true,1,27073
7290005559709,false,בורקס פיצה מעדנות 700 גרם,מיוצר עי קונדיטוריית,,מעדנות בורקס פיצה 70,גרמים,700.00,100 גרם,false,,22.90,0.0327,true,1,27075
7290005559907,false,פיצה משפחתית 100% גבינה מעדנות 500 גרם,מיוצר עי קונדיטוריית,,מעדנות פיצה משפחתית,גרמים,500.00,100 גרם,false,,18.90,0.0378,true,1,27076
7290005559914,false,פיצה משפחתית עם 100% גבינה בתוספת זיתים מעדנות 550 גרם,מיוצר עי קונדיטוריית,,מעדנות פיצה משפחתית,גרמים,550.00,100 גרם,false,,18.90,0.0344,true,1,27504
7290005559990,false,בצק פילאס תורכי מעדנות 600 גרם,מיוצר עי קונדיטוריית,,מעדנות בצק פילאס תור,גרמים,600.00,100 גרם,false,,18.90,0.0315,true,1,26886
7290005591761,false,דבש טהור מפרחי בר בלחיץ 400 ג' יד מרדכי,מכוורת יד מרדכי שטרא,,דבש טהור מפרחי בר בל,גרמים,400.00,100 גרם,false,,26.00,0.0650,true,1,40407
7290005610509,false,צנונית ארוז דוד משה 500ג',ביכורי השקמה,,צנוניות מובחרות,יחידה,0.00,יחידה,false,,4.90,0.0000,true,1,106548
7290005651069,false,"מזון חתולים לה קט מיקס 2.85 ק""ג","ביופט בע""מ",,לה קט מיקס 2.85קג,קילוגרמים,2.85,"ק""ג",false,,79.90,28.0351,true,1,46385
7290005651366,false,"מזון לכלבים בונזו מזון כלבים כבד 3 ק""ג","ביופט בע""מ",,בונזו כבד 3קג,קילוגרמים,3.00,"ק""ג",false,,54.90,18.3000,true,1,47946
7290005651427,false,"בונזו מזון לכלבים מולטיפק 1.2 ק""ג מארז 3 יחידות",קריות זול,,שלישיות מעדני בונזו,גרמים,1.23,גרם,false,,19.90,16.1789,true,1,52444
7290005719318,false,לחמניות המבורגר מארז,פילסברי,,לחמניות המבורגר מארז,יחידה,0.00,יחידה,false,,12.00,0.0000,true,1,174517
7290005719462,false,עוגיות מנגלך טעם קינ,פילסברי,,מינגלעך קינמון 400 ג,גרמים,400.00,100 גרם,false,,19.90,0.0497,true,1,185826
7290005733109,false,מכונית עם שלט,General,,מכונית עם שלט,יחידה,0.00,יחידה,false,,64.90,0.0000,true,1,127790
7290005838002,false,מעדן גבינה ויוגורט בטעם וניל 88 ג' דניאלה,"שטראוס בריאות בע""מ",,דניאלה מעדן גבינה 15,מיליליטרים,150.00,"100 מ""ל",false,,4.10,0.0273,true,1,43933
7290005838613,false,"סקי וניל בודד 125 גרם ""שטראוס""","שטראוס בריאות בע""\מ",,שטראוס גבינת וניל 3%,גרמים,125.00,100 גרם,false,,3.90,0.0312,true,1,40063
7290005838972,false,גבינת יום יום 5% שטראוס 125ג',מיוצר עי קונדיטוריית,,שטראוס גבינת יום יום,גרמים,125.00,100 גרם,false,,3.30,0.0264,true,1,40064
7290005839078,false,שמיניית יוגורט לבן 3% ביו דנונה 150 גרם,מיוצר עי קונדיטוריית,,דנונה ביו מארז חסכון,יחידה,0.00,יחידה,false,,15.90,0.0000,true,1,40065
7290005839108,false,גבינה לבנה סימפוניה עם תוספות 200 ג'+זיתים 5%,"שטראוס בריאות בע""\מ",,סימפוניה עם זיתים 5%,גרמים,200.00,100 גרם,false,,10.90,0.0545,true,1,42204
7290005839313,false,"מילקי טופ מגולגלת שטראוס 170 מ""ל",מיוצר עי קונדיטוריית,,מילקי טופ מגולגלת 14,מיליליטרים,142.00,"100 מ""ל",false,,4.50,0.0317,true,1,42205
7290005896415,false,"בירה איגל לאגר פרימיום 5% 500 מ""ל פחית","טמפו משקאות בע""מ",,"בירה איגל 500מ""ל",מיליליטרים,500.00,"100 מ""ל",false,,7.90,0.0158,true,1,29017
7290005896453,false,"בירה מכבי 7.9%, בירה חזקה, בקבוק חוזר 500 מ''ל",פארייפאבה אגרואינדוס,,"מכבי 7.9 חוזר 500 מ""",מיליליטרים,500.00,"100 מ""ל",false,,7.50,0.0150,true,1,119768
7290005896460,false,"בירה איגל לאגר חזקה 7.8% 500 מ""ל פחית",טמפו,,בירה איגל שחורה 500,מיליליטרים,500.00,"100 מ""ל",false,,6.90,0.0138,true,1,128411
7290005896620,false,סאן בנדטו - מוגז עדין - 1.5 ליטר,אקווה מינרלה סאן בנד,,סאן בנדטו מים מינרלי,ליטרים,1.50,ליטר,false,,5.00,3.3333,true,1,61874
7290005896637,false,סאן בנדטו - מים מינרלים טבעיים מהאלפים 1.5 ליטר,אקווה מינרלה סאן בנדטו ב,,סן בנדטו 1.5 ליטר בו,ליטרים,1.50,ליטר,false,,4.50,3.0000,true,1,54925
7290005938238,false,ממרח צ'ימצ'ורי פרסקו 220ג' מצונן,"פרסקו חצבה 2006 בע""מ",,צימצורי 220 גרם מצונ,גרמים,220.00,100 גרם,false,,19.20,0.0873,true,1,119137
7290005938245,false,ממרח פסטו קלאסי פרסקו 220ג' מצונן,מיוצר עי פרסקו חצבה,,ממרח פסטו קלאסי 220,גרמים,220.00,100 גרם,false,,19.50,0.0886,true,1,119138
7290005938603,false,טפאנד זיתים ירוקים 220גר,נטו מלינדה,,טפנד ממרח זיתים שחור,גרמים,220.00,100 גרם,false,,18.90,0.0859,true,1,119139
7290005938627,false,ממרח עגבניות מיובשות פרסקו 220 גרם,פרסקו חצבה 2006 בעמ,,ממרח עגבניות מיובשות,גרמים,220.00,100 גרם,false,,17.60,0.0800,true,1,119141
7290005966033,false,"יין הר חרמון לבן 750 מ""ל",יקבי רמת הגולן קצרין,,יקבי רמת הגולן הר חר,יחידה,750.00,יחידה,false,,34.90,0.0465,true,1,54926
7290005966088,false,"יין הר חרמון אדום עברית 750 מ""ל",יקבי רמת הגולן קצרין,,יקבי רמת הגולן הר חר,מיליליטרים,750.00,"100 מ""ל",false,,34.90,0.0465,true,1,54927
7290005966347,false,יין גמלא סובניון בלנק 750 מל,יקבי רמת הגולן קצרין,,יקבי רמת הגולן גמלא,מיליליטרים,750.00,"100 מ""ל",false,,59.90,0.0799,true,1,141028
7290005992018,false,"יוגורט עיזים לשתיה 3% מחלבות גד 500 מ""ל","מיוצר ע""\י קוד יצרן MKN",,גד יוגורט עיזים 3% 5,מיליליטרים,500.00,"100 מ""ל",false,,12.90,0.0258,true,1,52447
7290005992575,false,גבינה בולגרית למריחה 5% גד 250 גרם,מחלבות גד בעמ,,גד בולגרית למריחה 5%,גרמים,250.00,100 גרם,false,,17.00,0.0680,true,1,46456
7290005992735,false,לאבנה טבעית 5% 250 גר' - רבנות,הנסיך- מפעל לייצור ט,,גד לאבנה 5% 250 גרם,גרמים,250.00,100 גרם,false,,12.90,0.0516,true,1,47745
7290005996078,false,סלמי סרוולט הונגרי יחיעם 150 גרם,מעדני יחיעם,,יחיעם סרוולט הונגרי,גרמים,125.00,100 גרם,false,,29.90,0.2392,true,1,153470
7290005996153,false,נקניקיות צרפתיות פרמיום יחיעם 280 גרם,מעדני יחיעם,,נקניקיות צרפתיות פרי,גרמים,280.00,100 גרם,false,,22.90,0.0818,true,1,149274
7290005996221,false,פסטרמה של פעם דקדק יחיעם 120 גרם,מעדני יחיעם,,יחיעם פסטרמה דק דק 1,גרמים,120.00,100 גרם,false,,13.90,0.1158,true,1,155008
7290005996238,false,פסטרמה בדבש דקדק יחיעם 120 גרם,מעדני יחיעם,,יחיעם פסטרמה בדבש דק,גרמים,120.00,100 גרם,false,,13.90,0.1158,true,1,155009
7290005996276,false,פסטרמה ברביקיו דקדק יחיעם 120 גרם,מעדני יחיעם,,יחיעם פסטרמה ברבקיו,גרמים,120.00,100 גרם,false,,13.90,0.1158,true,1,155010
7290005996740,false,סלמי פפרוני יחיעם 300 ג',מעדני יחיעם 1993,,סלמי פפרוני 300 גרם,גרמים,300.00,100 גרם,false,,24.90,0.0830,true,1,172390
7290006029072,false,מנצ'ס אלמנאר 300 ג',,,מנצס 400 גרם,גרמים,400.00,100 גרם,false,,14.90,0.0373,true,1,61878
7290006029126,false,מעורב אקסטרא 350 ג' אלמנאר,,,מעורב אקסטרא 350 גרם,גרמים,350.00,100 גרם,false,,17.90,0.0511,true,1,32618
7290006029225,false,גרעיני אבטיח 350 גרם,,,גרעיני אבטיח 350 גרם,גרמים,350.00,100 גרם,false,,21.90,0.0626,true,1,29840
7290006029256,false,פיסטוק חלבי 350 גרם,,,פיסטוק חלבי 350 גרם,גרמים,350.00,100 גרם,false,,33.90,0.0969,true,1,29841
7290006029263,false,בוטנים מקולפים 350 ג',,,בוטנים מקולפים 400 ג,גרמים,400.00,100 גרם,false,,14.90,0.0373,true,1,29868
7290006029270,false,גרעיני דלעת 350 גרם,,,גרעיני דלעת 350 גרם,גרמים,350.00,100 גרם,false,,18.90,0.0540,true,1,29842
7290006029287,false,קשיו 400 גרם,,,קשיו 400 גרם,גרמים,400.00,100 גרם,false,,33.90,0.0847,true,1,32619
7290006029416,false,בוטנים אמריקאים 350 ג' אלמנאר,,,בוטנים אמריקאים,גרמים,200.00,100 גרם,false,,11.00,0.0550,true,1,61879
7290006089380,false,גרעיני מעורב 500 גרם,,,גרעיני מעורב 500 גרם,גרמים,500.00,100 גרם,false,,9.90,0.0198,true,1,32621
7290006089465,false,פיקנטים 300 גרם,,,פיקנטים 300 גרם,גרמים,300.00,100 גרם,false,,14.90,0.0497,true,1,61880
7290006089687,false,איזודן מעורב מעולה 350ג',,,איזודן מעורב מעולה 3,גרמים,350.00,100 גרם,false,,23.90,0.0683,true,1,29869
7290006185204,false,"קרם לחות לשיער יבש 400 מ""ל פנינה רוזנבלום",א.ארמן,,קרם לחות לשיער יבש פ,מיליליטרים,400.00,"100 מ""ל",false,,17.90,0.0447,true,1,40411
7290006185501,false,"פנינה רוזנבלום -אל סבון נוזלי ורוד,1 ליטר",פנינה רוזנבלום,,פנינה - אל סבון נוזל,ליטרים,1.00,ליטר,false,,10.90,10.9000,true,1,43934
7290006185518,false,"פנינה רוזנבלום -אל סבון נוזלי כחול,1 ליטר",פנינה רוזנבלום,,פנינה אל סבון נוזלי,מיליליטרים,1000.00,"100 מ""ל",false,,10.90,0.0109,true,1,41301
7290006202017,false,חומוס זמאן אלעותמאני 400 ג',,,חומוס אלעותמאני 400,גרמים,400.00,100 גרם,false,,5.90,0.0148,true,1,141560
7290006202024,false,חומוס 180 ג' אלעותמאני,,,חומוס אלעותמאני 180,גרמים,180.00,100 גרם,false,,4.90,0.0272,true,1,141561
7290006202055,false,סלט כרוב 180 ג' אלעותמאני,,,סלט כרוב אדום אלעותמ,גרמים,180.00,100 גרם,false,,5.50,0.0306,true,1,141572
7290006202086,false,סחוג אלעותמאני 150 ג',,,סחוג' אלעותמאני 150,גרמים,150.00,100 גרם,false,,5.90,0.0393,true,1,141582
7290006202093,false,חצילים במיונז אלעותמאני 180 ג',,,סלט חצילים אלעותמאני,גרמים,200.00,100 גרם,false,,5.50,0.0275,true,1,141573
7290006202116,false,מסבחה 250 ג' אלעותמאני,,,מסבחה אלעותמאני 250,גרמים,250.00,100 גרם,false,,5.90,0.0236,true,1,141565
7290006202123,false,שום כתוש אלעותמאני 150 ג',,,שום כתוש אלעותמאני 1,גרמים,150.00,100 גרם,false,,5.90,0.0393,true,1,141583
7290006202154,false,"חומוס מאמא אלעותמאני 3 ק""ג",,,"חומוס אלעותמאני 3 ק""",קילוגרמים,3.00,"ק""ג",false,,34.90,11.6333,true,1,141566
7290006202178,false,סלט טורקי אלעותמאני 180 ג',,,סלט טורקי אלעותמאני,גרמים,200.00,100 גרם,false,,5.50,0.0275,true,1,141567
7290006202185,false,חומוס 700 ג' אלעותמאני,,,חומוס אלעותמאני 700,גרמים,700.00,100 גרם,false,,9.90,0.0141,true,1,141562
7290006202208,false,סלט טחינה 400 ג' אלעותמאני,,,טחינה אלעותמאני 400,גרמים,400.00,100 גרם,false,,14.90,0.0373,true,1,141568
7290006202215,false,תירס עם מיונז אלעותמאני 400 ג',,,סלט תירס ומיונז אלעו,גרמים,400.00,100 גרם,false,,9.90,0.0248,true,1,141575
7290006202222,false,סלט כרוב אלעותמאני 350 ג',,,סלט כרוב אדום אלעותמ,גרמים,400.00,100 גרם,false,,8.90,0.0223,true,1,141576
7290006202239,false,סלט טורקי 400 ג' אלעותמאני,,,סלט טורקי אלעותמאני,גרמים,400.00,100 גרם,false,,8.90,0.0223,true,1,141569
7290006202253,false,חצילים במיונז אלעותמאני 400 ג',,,סלט חצילים אלעותמאני,גרמים,400.00,100 גרם,false,,8.90,0.0223,true,1,141577
7290006202321,false,תירס עם מיונז אלעותמאני 250 ג',,,סלט תירס ומיונז אלעו,גרמים,250.00,100 גרם,false,,7.90,0.0316,true,1,141579
7290006202666,false,חומוס בלדי אלעותמאני 900 ג',,,חומוס בלדי אלעותמאני,גרמים,900.00,100 גרם,false,,12.90,0.0143,true,1,141585
7290006229427,false,סן בנדטו - מים מינרלים - מארז שישיית 500 מל,קריות זול,,"סאן בנדטו 6* 500 מ""ל",מיליליטרים,500.00,"100 מ""ל",false,,13.90,0.0278,true,1,61883
7290006229588,false,בירה איגל לאגר פרימיום חזקה 6.3% 500 מל,"טמפו משקאות בע""מ",,"בירה איגל 500 מ""ל",מיליליטרים,500.00,"100 מ""ל",false,,7.90,0.0158,true,1,28975
7290006232225,false,ספרי שמן חודר חלודה,,,ספרי שמן חודר חלודה,יחידה,0.00,יחידה,false,,16.90,0.0000,true,1,192416
7290006241214,false,שקד טבעי קליית גת 200 גרם,הדקלאים אגודת שיתופי,,שקד טבעי 200 גרם,גרמים,200.00,100 גרם,false,,19.90,0.0995,true,1,40068
7290006241511,false,"משקה לימונענע מרוכז קפוא פריגת 280 מ""ל",היינץ צפון אמריקה מק,,פריגת לימון נענע 340,גרמים,340.00,100 גרם,false,,13.90,0.0409,true,1,54939
7290006251107,false,תה צ'אי מסאלה ויסוצקי 25 יחידות,מולינו ניקולי s.p.a,,תה מסאלה ויסוצקי 25,יחידה,25.00,יחידה,false,,17.90,0.7160,true,1,40414
7290006251268,false,תה ירוק בטעם תפוח וקינמון ויסוצקי 25 יחידות,תה ויסוצקי,,תה ירוק תפוח וקינמון,יחידה,25.00,יחידה,false,,24.90,0.9960,true,1,40415
7290006251275,false,תה ירוק סיני קלאסי ויסוצקי 25 יחידות,תה ויסוצקי,,תה ירוק סיני 25 יח',יחידה,25.00,יחידה,false,,24.90,0.9960,true,1,40008
7290006251282,false,חליטת חמוציות הגן הקסום ויסוצקי 25 יחידות,תה ויסוצקי,,תה קרנברי הגן הקסום,יחידה,25.00,יחידה,false,,17.90,0.7160,true,1,39772
7290006251343,false,חליטת פסיפלורה מנגו הגן הקסום ויסוצקי 25 יחידות,תה ויסוצקי,,תהחליטה הגן הקסום פס,יחידה,25.00,יחידה,false,,17.90,0.7160,true,1,39773
7290006251374,false,תה ירוק לימונית וג'ינג'ר ויסוצקי 25 יחידות,תה ויסוצקי,,תה ירוק לימונית וגינ,יחידה,25.00,יחידה,false,,24.90,0.9960,true,1,42210
7290006251589,false,תה ירוק עם עלי נענע 50 שקיקים ויסוצקי,בית ויסוצקי,,תה ירוק עם עלי נענע,יחידה,50.00,יחידה,false,,47.00,0.9400,true,1,40069
7290006256089,false,"יין אדום קברנה סוביניון גאטו נגרו 750 מ""ל",פינקה לה סליה,,גאטו נגרו קברנה סובי,יחידה,0.00,יחידה,false,,39.90,0.0000,true,1,158373
7290006256102,false,"יין אדום מרלו גאטו נגרו 750 מ""ל",פינקה לה סליה,,גאטו נגרו מרלו כשר,יחידה,0.00,יחידה,false,,39.90,0.0000,true,1,158374
7290006265500,false,פטריות שמפיניון ארוז מרינה,"מרינה פטריות הגליל בע""מ",,שמפניון ארוז 250גר,גרמים,250.00,100 גרם,false,,9.90,0.0396,true,1,52450
7290006271174,false,ג'חנון לאפיה בתנור מעדנות 700 גרם,מיוצר עי קונדיטוריית,,מעדנות גחנון לאפיה ב,גרמים,700.00,100 גרם,false,,16.90,0.0241,true,1,27514
7290006271181,false,ג'חנון אפוי למיקרוגל מעדנות 750 גרם,מיוצר עי קונדיטוריית,,מעדנות גחנון אפוי 75,גרמים,750.00,100 גרם,false,,19.90,0.0265,true,1,27814
7290006271648,false,מיני בורקס תפוחי אדמה מעדנות 800 גרם,"מעדנות בע""\מ",,מעדנות מיני בורקס תפ,גרמים,800.00,100 גרם,false,,22.90,0.0286,true,1,27145
7290006271655,false,מיני בורקס גבינה מעדנות 800 גרם,מיוצר עי קונדיטוריית,,מעדנות מיני בורקס גב,גרמים,800.00,100 גרם,false,,22.90,0.0286,true,1,27588
7290006272072,false,חטיפי פיצה גבינה מעדנות 650 גרם,"מעדנות בע""\מ",,מעדנות חטיפי פיצה 65,גרמים,650.00,100 גרם,false,,29.90,0.0460,true,1,27082
7290006272430,false,בצק עלים חמאה מעדנות 600 גרם,מיוצר עי קונדיטוריית,,מעדנות בצק עלים חמאה,גרמים,600.00,100 גרם,false,,19.90,0.0332,true,1,27083
7290006322104,false,לחם ריחיים קל פרוס 500 ג',מאפיית דוידוביץ ובניו בע,,לחם ריחיים קל פרוס 5,גרמים,500.00,100 גרם,false,,11.90,0.0238,true,1,81817
7290006322111,false,לחמניות ריחיים 80*6 גרם,מאפיית דוידוביץ ובניו בע,,לחמניות ריחיים קלות,גרמים,400.00,100 גרם,false,,10.90,0.0273,true,1,81420
7290006322470,false,לחם תשעה דגנים דוידו,מאפיית דוידוביץ ובניו בע,,לחם קל 9 דגנים 500 ג,גרמים,500.00,100 גרם,false,,13.90,0.0278,true,1,81658
7290006322838,false,לחם מקמח מלא דוידובי,מאפיית דוידוביץ ובניו בע,,לחם %100 קמח מלא 750,גרמים,750.00,100 גרם,false,,13.90,0.0185,true,1,83793
7290006342645,false,טורטיה גדולה שקדיה 840 גרם 12 יחידות,אלקטי קוראבייכיסיגיד,,טורטיות 12 יח 840 גר,גרמים,840.00,100 גרם,false,,19.00,0.0226,true,1,78080
7290006362209,false,"יין דרך ארץ קברנה סוביניון 750 מ""ל",המאפיה של הרמן,,דרך ארץ קברנה סובניו,יחידה,750.00,יחידה,false,,31.90,0.0425,true,1,84605
7290006374660,false,שמן זית כתית לתיבול קלאסי יד מרדכי 1 ליטר,מכוורת יד מרדכי שטראוס ב,,יד מרדכי - שמן זית כ,ליטרים,1.00,ליטר,false,,50.00,50.0000,true,1,42214
7290006374738,false,קונפיטורית תות 340 גר' יד מרדכי,אף.סי תבליני בגליל ב,,יד מרדכי קונפיטורת ת,גרמים,340.00,100 גרם,false,,16.00,0.0471,true,1,40171
7290006439031,false,שמן קנולה שוקחה 1 לי,איי די אם אנטוורפ,,שמן קנולה שוקחה 1 ל,ליטרים,1.00,ליטר,false,,11.90,11.9000,true,1,152138
7290006439215,false,פיטריות שמפיניון שלמות,,,פטריות שלמות שוקחה 4,גרמים,400.00,100 גרם,false,,7.90,0.0198,true,1,101816
7290006439444,false,"אורז בסמתי ""גולד"" מוזהב 1 ק""ג שוקחה",צימאן לאל סאטיה-דלהי,,גולדן אורז בסמטי מוז,קילוגרמים,1.00,"ק""ג",false,,10.90,10.9000,true,1,47818
7290006439451,false,בארי גולדן אורז בסמט,צימאן לאל סאטיה-דלהי,,בארי גולדן אורז בסמט,קילוגרמים,5.00,"ק""ג",false,,49.90,9.9800,true,1,47243
7290006439642,false,אלבאן אבקת חלב,,,אלבאן אבקת חלב,יחידה,0.00,יחידה,false,,29.90,0.0000,true,1,60195
7290006453358,false,רוטב פיצה A9,,,רוטב פיצה A9,יחידה,0.00,יחידה,false,,21.00,0.0000,true,1,81822
7290006492432,false,גבינת מוצרלה בייבי 18% גד 150 גרם,מחלבות גד בעמ,,גד בייבי מוצרלה 150,גרמים,170.00,100 גרם,false,,14.90,0.0876,true,1,48633
7290006492616,false,גבינה בולגרית מעודנת פרוסות 5% גד 250 גרם,DSH עבור מחלבות גד ב,,גד בולגרית פרוסות 5%,גרמים,250.00,100 גרם,false,,25.90,0.1036,true,1,48635
7290006492630,false,גבינת פרומעז עיזים 22% גד 180 גרם,מחלבות גד בעמ,,גד גבינת גליל גד עזי,גרמים,180.00,100 גרם,false,,22.20,0.1233,true,1,48636
7290006492685,false,גבינת לאבנה עיזים 5% גד 250 גרם,מחלבות גד בעמ,,גד לאבנה עזים 3% 250,גרמים,250.00,100 גרם,false,,16.00,0.0640,true,1,47244
7290006492852,false,גבינת עיזים למריחה 5% 250 גרם רובין,קריות זול,,גד גבינת עיזים למריח,גרמים,250.00,100 גרם,false,,15.90,0.0636,true,1,47955
7290006492913,false,גבינת לאבנה ציזיקי 5% מחלבות גד 250 גרם,מחלבות גד בעמ,,גד לאבנה ציזיקי 250,גרמים,250.00,100 גרם,false,,13.00,0.0520,true,1,82237
7290006494917,false,טוסו וופל קלאסי במילוי שוקולד 200 גרם,"איטיליאן פוד, אס.פי.",,טוסו וופל טעם שוקולד,גרמים,200.00,100 גרם,false,,11.00,0.0550,true,1,40510
7290006511157,false,"פטריות שלמות ויליפוד 400 גרם בד""ץ",אוקצ'מפס אס.איי אויי,,וילי פוד פטריות שמפי,גרמים,400.00,100 גרם,false,,7.90,0.0198,true,1,28942
7290006511751,false,פטריות שמפניון חתוך ויליפוד 290X3 ג' בד”צ,לוטס,,וילי פוד פטריות שמפי,גרמים,870.00,100 גרם,false,,12.90,0.0148,true,1,149603
7290006546371,false,במיה 600 ג' פרי הגליל,"פרי הגליל בע""""מ",,במיה 600 גרם,גרמים,600.00,100 גרם,false,,16.90,0.0282,true,1,26968
7290006546388,false,תחתיות ארטישוק קפוא פרי הגליל 400ג',"פרי הגליל בע""""מ",,פרי הגליל תחתיות ארט,גרמים,400.00,100 גרם,false,,13.90,0.0348,true,1,27863
7290006546395,false,לקט העונה קפוא פרי הגליל 800ג',"פרי הגליל בע""""מ",,לקט העונה 800 גר,גרמים,800.00,100 גרם,false,,12.90,0.0161,true,1,81572
7290006546500,false,צ'יפס זיגזג פרי הגליל 800 גרם,"פרי הגליל בע""""מ",,25% ציפס בזיג זג 800,גרמים,800.00,100 גרם,false,,12.90,0.0161,true,1,81824
7290006546517,false,צי'פס סטייק קפוא פרי הגליל 800 ג',"פרי הגליל בע""""מ",,25% סטייק ציפס 800 ג,גרמים,800.00,100 גרם,false,,12.90,0.0161,true,1,81466
7290006546524,false,צי'פס מובחר קפוא פרי גליל 800 ג',"פרי הגליל בע""""מ",,ציפס מובחר 800 גרם,גרמים,800.00,100 גרם,false,,12.90,0.0161,true,1,85458
7290006567048,false,פתיתי קוסקוס ישראלי אסם 350 גרם,"מיוצר ע""י קוד יצרן K",,אסם קוסקוס ישראלי 35,גרמים,350.00,100 גרם,false,,8.90,0.0254,true,1,54989
7290006584427,false,בי.יו.דאו ספריי לאשה,"טאב קוסמטיקס בע""מ",,דואדורנט בי יו דאו ס,יחידה,0.00,יחידה,false,,12.90,0.0000,true,1,193208
7290006618078,false,"מרסס לניקוי יסודי מטבח אסטוניש 750 מ""ל",יעקובי אסטוניש,,אסטוניש מרסס ניקוי צ,יחידה,750.00,יחידה,false,,12.90,0.0172,true,1,40181
7290006618085,false,"אסטוניש תרסיס ניקוי אמבטיה וכיורים יעקבי 750 מ""ל",יעקובי אסטוניש,,אסטוניש מרסס לאמבט 7,מיליליטרים,750.00,"100 מ""ל",false,,12.90,0.0172,true,1,40182
7290006618610,false,הפי ספוגיות לניקוי כלים חלביים ובשריים יעקבי 6 יחידות,יעקובי,,6 ספוגיות חלבי-בשרי,יחידה,6.00,יחידה,false,,9.90,1.6500,true,1,40516
7290006652027,false,במבה חטיף בוטנים אסם 20*15 גרם,מיוצר עי קונדיטוריית,,מארז במבה 20יח',יחידה,20.00,יחידה,false,,24.90,1.2450,true,1,40520
7290006653765,false,פרפקטו פסטה פטוצ'יני אסם 500 גרם,אסם פרפקטו,,פרפקטו פטוציני 500 ג,גרמים,500.00,100 גרם,false,,7.90,0.0158,true,1,41204
7290006653819,false,פתיתי קוסקוס דק 350 גרם,"מיוצר ע""י קוד יצרן K",,אסם קוסקוס דק 350 גר,גרמים,350.00,100 גרם,false,,8.90,0.0254,true,1,43951
7290006660602,false,מי קוקוס אורגני גרין קוקו קרטונית 1 ליטר,תות תעשיות מזון (201,,גרין קוקו מי קוקוס א,ליטרים,1.00,ליטר,false,,20.90,20.9000,true,1,145771
7290006660794,false,אסותא אקונומיקה סמיכ,,,אסותא אקונומיקה סמיכ,ליטרים,4.00,ליטר,false,,12.90,3.2250,true,1,182294
7290006664037,false,גמדים דגנים ארוחת בוקר מארז 100X4ג',"שטראוס בריאות בע""\מ",,גמדים ארוחת בוקר 4*1,יחידה,4.00,יחידה,false,,10.90,2.7250,true,1,43953
7290006664051,false,"אקטימל לבן 1.51 ק""ג מארז 14 יחידות",מיוצר עי קונדיטוריית,,אקטימל טבעי 14* 100מ,ליטרים,1.40,ליטר,false,,29.90,21.3571,true,1,41205
7290006664402,false,גבינה לבנה סקי 5% שומן 750 גרם,מיוצר עי קונדיטוריית,,שטראוס גבינה 5% 750,גרמים,750.00,100 גרם,false,,14.25,0.0190,true,1,40185
7290006664532,false,יוגורט עם תות 3% שומן 150 ג' דנונה,מיוצר עי קונדיטוריית,,דנונה תות 3% 150 גרם,גרמים,150.00,100 גרם,false,,3.90,0.0260,true,1,40165
7290006664655,false,"אקטימל לבן טבעי מארז 100X8 מ""ל",מיוצר עי קונדיטוריית,,אקטימל שמינייה טבעי,מיליליטרים,800.00,"100 מ""ל",false,,19.90,0.0249,true,1,43954
7290006664693,false,יוגורט עם אפרסק 3% שומן 150 ג' דנונה,מיוצר עי קונדיטוריית,,דנונה ביו אפרסק 3% 1,גרמים,150.00,100 גרם,false,,3.90,0.0260,true,1,40186
7290006664990,false,"יוגורט דנונה ביו לבן 1.7% שומן 8*150 מ""ל",מיוצר עי קונדיטוריית,,דנונה ביו מארז חיסכו,יחידה,8.00,יחידה,false,,15.90,1.9875,true,1,40188
7290006681003,false,גלידה קרמיסימו סרבט תות לימון 650 גרם,"גלידת שטראוס בע""\מ, רחוב",,קרמיסימו תות לימון ס,ליטרים,1.33,ליטר,false,,20.90,15.7143,true,1,28955
7290006681065,false,"קסטה שוקו וניל ""שטראוס""","מיוצר ע""\י גלידת שטראוס",,טעמקור שוקו וניל,גרמים,100.00,100 גרם,false,,7.90,0.0790,true,1,29101
7290006681553,false,קרמבו בטעם וניל שטראוס 8 יחידות,"גלידת שטראוס בע""\מ",,שטראוס קרמבו ווניל 8,יחידה,8.00,יחידה,false,,14.90,1.8625,true,1,46464
7290006681560,false,קרמבו בטעם מוקה שטראוס 8 יחידות,"גלידת שטראוס בע""\מ",,שטראוס קרמבו מוקה 8י,יחידה,8.00,יחידה,false,,14.90,1.8625,true,1,52456
7290006681577,false,מאגדת קרחון אסקימו לימון דובדובן 10 יח' שטראוס,"מיוצר ע""\י גלידת שטראוס",,קרחון אסקימו 8 + 2,יחידה,10.00,יחידה,false,,16.90,1.6900,true,1,27555
7290006703903,false,מעדני הטלה טחון בקר,מעדני הטלה,,מעדני הטלה טחון בקר,יחידה,1.00,יחידה,false,,44.90,44.9000,true,1,27652
7290006724199,false,תבנית ביצים אורגניות תרייסר,חוות גבעות עולם,,תבנית ביצים אורגניות,יחידה,0.00,יחידה,false,,21.90,0.0000,true,1,106423
7290006739124,false,בצק עלים פילאס 500ג' זוגלובק,זוגלובק,,בצק פילאס גולמי 500,גרמים,500.00,100 גרם,false,,16.90,0.0338,true,1,75566
7290006739131,false,בצק גולמי פילו זוגלובק 500ג',מאפיית אריאל,,בצק פילו גולמי 500 ג,גרמים,500.00,100 גרם,false,,16.90,0.0338,true,1,75567
7290006739292,false,נקניק פסטרמה פרגיות ציפוי תירס,נקניק נהריה כשר זוגל,,פסטרמה הודו תבור 330,גרמים,330.00,100 גרם,false,,25.90,0.0785,true,1,42328
7290006739346,false,נקניקיות פרגיות טרי 400 גרם זוגלובק,נקניק נהריה כשר זוגל,,נקניקיות מבשר פרגיות,גרמים,400.00,100 גרם,false,,13.90,0.0348,true,1,40293
7290006739407,false,שניצל תירס לייט זוגלובק 600 גרם,נקניק נהריה כשר זוגל,,שניצל תירס 98 קל 630,גרמים,630.00,100 גרם,false,,29.00,0.0460,true,1,27138
7290006739414,false,נקניק סלמי קוניאק זוגלובק 300 גרם,נקניק נהריה כשר זוגל,,סלמי קוניאק 300 גר',גרמים,300.00,100 גרם,false,,25.90,0.0863,true,1,40527
7290006739421,false,נקניק סלמי מעושן איטלקי זוגלובק 300 גרם,נקניק נהריה כשר זוגל,,סלמי מעושן איטלקי 30,גרמים,300.00,100 גרם,false,,25.90,0.0863,true,1,40294
7290006739445,false,שניצל תירס קלאסי 750 ג' זוגלובק,נקניק נהריה כשר זוגל,,שניצל תירס קלאסי 750,גרמים,750.00,100 גרם,false,,24.90,0.0332,true,1,27139
7290006739544,false,נקניק כתף בקר 3% 300 גרם,זוגלובק,,כתף בקר 300 גר' א.מ.,גרמים,300.00,100 גרם,false,,33.00,0.1100,true,1,54998
7290006741363,false,בורקס תפוחי אדמה זוגלובק 800 גרם,מאפיית אריאל וגידרון,,בורקס תפוא 800 גר' ב,גרמים,800.00,100 גרם,false,,16.90,0.0211,true,1,27188
7290006742278,false,פסטרמה הודו צלויה על לבנים 330 ג' זוגלובק,נקניק נהריה כשר זוגל,,פסטרמה הודו בטעם צלי,גרמים,330.00,100 גרם,false,,25.90,0.0785,true,1,40167
7290006742292,false,פסטרמה הודו בדבש 330 ג' זוגלובק,נקניק נהריה כשר זוגל,,פסטרמה הודו בדבש טהו,גרמים,330.00,100 גרם,false,,25.90,0.0785,true,1,43960
7290006742315,false,פסטרמה חזה הודו ברביקיו 2% זוגלובק 330 גרם,נקניק נהריה כשר זוגל,,פסטרמה חזה הודו ברבק,גרמים,330.00,100 גרם,false,,25.90,0.0785,true,1,43961
7290006764058,false,"נשר בירה לבנה נשר בקבוק חוזר 500 מ""ל","טמפו משקאות בע""\מt\",,נשר בירה לבנה נשר בק,גרמים,500.00,100 גרם,false,,4.90,0.0098,true,1,28844
7290006764072,false,"בירה גולדסטאר בקבוק 500 מ""ל חוזר","טמפו משקאות בע""\מ",,"גולד סטאר 500מ""ל",מיליליטרים,500.00,"100 מ""ל",false,,7.90,0.0158,true,1,29379
7290006764096,false,"בירה איגל 3.8% בקבוק 500 מ""ל חוזר","טמפו משקאות בע""\מ",,איגל חוזר 3.8% 500 מ,מיליליטרים,500.00,"100 מ""ל",false,,6.50,0.0130,true,1,117711
7290006775016,false,עוגה מבית טוב 450 גרם תפוז,אחדות ביחר לטחינה חל,,עוגת תפוז 450 גרם,גרמים,450.00,100 גרם,false,,10.90,0.0242,true,1,43964
7290006775023,false,"עוגה מבית טוב"" 450 גרם אנגלית",אחדות ביחר לטחינה חל,,עוגה אנגלית 450 גרם,גרמים,450.00,100 גרם,false,,10.90,0.0242,true,1,41211
7290006775030,false,"עוגה מבית טוב"" 450 גרם שוקו-ציפס",אחדות ביחר לטחינה חל,,עוגת שוקו-ציפס 450 ג,גרמים,450.00,100 גרם,false,,10.90,0.0242,true,1,43965
7290006775047,false,"עוגה מבית טוב"" 450 גרם שוקולד",אחדות ביחר לטחינה חל,,עוגה בטעם שוקולד 450,גרמים,450.00,100 גרם,false,,10.90,0.0242,true,1,41452
7290006775054,false,עוגת שיש אחווה 450 ג' אחוה,אחדות ביחר לטחינה חל,,עוגת שיש 450 גרם,גרמים,450.00,100 גרם,false,,10.90,0.0242,true,1,42332
7290006775085,false,עוגת שמרים במילוי שוקולד אחוה,אחדות ביחר לטחינה חל,,עוגת שמרים במילוי קר,גרמים,400.00,100 גרם,false,,11.90,0.0298,true,1,39916
7290006775344,false,עוגת שמרים במילוי קרם קינמון אחוה 400 גרם,אחדות ביחר לטחינה חל,,עוגת שמרים במילוי קר,גרמים,400.00,100 גרם,false,,11.90,0.0298,true,1,41454
7290006775764,false,"עוגת שוקוצ'יפס לל""ס אחדות 400 גר'",אחדות ביחר לטחינה חל,,עוגת שוקוציפס ללא סו,גרמים,400.00,100 גרם,false,,12.90,0.0323,true,1,42333
7290006775801,false,עוגיות רוגלך שוקולד 400 גר' אחדות,אחדות ביחר לטחינה חל,,אחווה רוגעלך שוקולד,גרמים,400.00,100 גרם,false,,9.90,0.0248,true,1,81704
7290006775894,false,אחדות עוגת שיש ללא תוספת סוכר 400 גרם,"אחדות ביח""ר לטחינה ח",,עוגת שיש ללא תוספת ס,גרמים,400.00,100 גרם,false,,12.90,0.0323,true,1,39918
7290006784070,false,עלמה כריות קרצוף 2+1 יחידות,קומפלקס כימיקלים,,עלמה סקוטש 2+1,יחידה,0.00,יחידה,false,,8.90,0.0000,true,1,160211
7290006784186,false,כפפות ניטריל שחור ללא אבקה 100 יח' L עלמה,קומפלקס כימיקלים,,עלמה כפפות ניטריל שח,יחידה,0.00,יחידה,false,,24.90,0.0000,true,1,188233
7290006784193,false,כפפות ניטריל שחור ללא אבקה 100 יח' M עלמה,קומפלקס כימיקלים,,עלמה כפפות ניטריל שח,יחידה,0.00,יחידה,false,,24.90,0.0000,true,1,188234
7290006784230,false,כפפות ניטריל שחור ללא אבקה 100 יח' S עלמה,קומפלקס כימיקלים,,עלמה כפפות ניטריל שח,יחידה,0.00,יחידה,false,,24.90,0.0000,true,1,188235
7290006784346,false,"תרסיס לניקוי שטיחים סנט מוריץ 630 מ""ל",קומפלקס כימיקלים בעמ,,תרסיס לניקוי שטיחים,יחידה,630.00,יחידה,false,,16.90,0.0268,true,1,55003
7290006784360,false,חלונית סנט מוריץ לניקוי חלונות 1 ליטר,"קומפלקס כימיקלים בע""",,סנט מוריץ חלונית 1 ל,ליטרים,1.00,ליטר,false,,8.00,8.0000,true,1,40643
7290006784407,false,"PURE מבשם כביסה בניחוח מלון בוטיק 500 מ""ל",קומפלקס כימיקלים,,מבשם כביסה בניחוח מל,מיליליטרים,500.00,"100 מ""ל",false,,14.90,0.0298,true,1,176339
7290006784414,false,"PURE מבשם כביסה בניחוח מלון ספא 500 מ""ל",קומפלקס כימיקלים,,מבשם כביסה בניחוח מל,מיליליטרים,500.00,"100 מ""ל",false,,14.90,0.0298,true,1,176338
7290006784452,false,"PURE - מבשם כביסה מרסס בניחוח מלון רויאל 500 מ""ל",קומפלקס כימיקלים,,מבשם כביסה בניחוח מל,מיליליטרים,500.00,"100 מ""ל",false,,14.90,0.0298,true,1,176340
7290006784469,false,"PURE מבשם אוויר ניחוח חופשה במיקונוס 400 מ""ל",קומפלקס כימיקלים,,מבשם אוויר ניחוח חופ,מיליליטרים,400.00,"100 מ""ל",false,,11.90,0.0298,true,1,176336
7290006784483,false,"PURE מבשם אוויר ניחוח חופשה בסנט מוריץ 400 מ""ל",קומפלקס כימיקלים,,מבשם אוויר ניחוח חופ,מיליליטרים,400.00,"100 מ""ל",false,,11.90,0.0298,true,1,176337
7290006784506,false,"אוקסי מסיר כתמים 750 מ""ל",קומפלקס כימיקלים,,סנט מוריץ אוקסי מסיר,מיליליטרים,750.00,"100 מ""ל",false,,10.90,0.0145,true,1,123904
7290006784582,false,"מילוי מכשיר אוויר 250 מ""ל fashion no.6 סנט מוריץ",סורה קוסמטיקס,,fashion no.6 מילוי מ,מיליליטרים,250.00,"100 מ""ל",false,,12.90,0.0516,true,1,188827
7290006784643,false,"מילוי מכשיר אוויר 250 מ""ל fashion rose gold סנט מוריץ",קומפלקס כימיקלים בעמ,,fashion rose gold מי,מיליליטרים,250.00,"100 מ""ל",false,,12.90,0.0516,true,1,188830
7290006784773,false,"fashion 102 ספריי אוויר 250 מ""ל סנט מוריץ",קומפלקס כימיקלים בעמ,,"ספריי אוויר 250 מ""ל",מיליליטרים,250.00,"100 מ""ל",false,,12.90,0.0516,true,1,188821
7290006784780,false,"ספריי אוויר 250 מ""ל fashion black סנט מוריץ",קומפלקס כימיקלים בעמ,,fashion black ספריי,מיליליטרים,250.00,"100 מ""ל",false,,12.90,0.0516,true,1,188823
7290006784865,false,סנט מוריץ לניקוי משטחי מטבחים מרוכז ועוצמתי 1ל',קומפלקס כימיקלים בעמ,,סנט מוריץ לניקוי מטב,ליטרים,1.00,ליטר,false,,11.90,11.9000,true,1,139174
7290006788382,false,"דאודורנט סטיק סגול 50 מ""ל קרליין",אמיליה קוסמטיקס,,קרליין אוקסגן נושם ד,יחידה,0.00,יחידה,false,,16.90,0.0000,true,1,55019
7290006788399,false,"דאו רול און נושם סנסיטיב ירוק קרליין 75 מ""ל",אמיליה קוסמטיקס בעמ,,SESITIVE נושם רול או,יחידה,0.00,יחידה,false,,12.90,0.0000,true,1,55020
7290006788412,false,"קרליין - נושם אקווה דאודורנט רול און לאישה כחול 75 מ""ל",אמיליה קוסמטיקס בעמ,,קרליין נושם דאו רול,גרמים,75.00,100 גרם,false,,12.90,0.1720,true,1,55022
7290006788436,false,"קרליין - נושם פיור דאודורנט רול און לאישה ורוד 75 מ""ל","אמיליה קוסמטיקס בע""מ",,קרליין נושם דאו רול,יחידה,0.00,יחידה,false,,12.90,0.0000,true,1,55024
7290006788450,false,"קרליין - נושם סנסטיב דאודורנט ספריי לאישה ירוק 200 מ""ל",מיוצר עי : אמיליה קו,,SENSITIVE נושם ספריי,מיליליטרים,200.00,"100 מ""ל",false,,12.90,0.0645,true,1,55026
7290006788559,false,"טיטניום ICE דאודורנט תרסיס ספריי 180 מ""ל",אמיליה קוסמטיקס בעמ,,טיטניום דאודורנט ספר,מיליליטרים,200.00,"100 מ""ל",false,,22.90,0.1145,true,1,55032
7290006789631,false,קרליין קרם לחות לשיער רגיל 400 גרם,מיוצר עי : אמיליה קוסמטי,,קרם לחות נוסחה קלאסי,מיליליטרים,400.00,"100 מ""ל",false,,16.90,0.0422,true,1,55043
7290006789655,false,"קרם לחות לסירוק קל לשיער מתולתל ומקורזל 10 קרליין 400 מ""ל",מיוצר עי : אמיליה קוסמטי,,קרם לחות לבניית תלתל,מיליליטרים,400.00,"100 מ""ל",false,,16.90,0.0422,true,1,55045
7290006803009,false,המעיין סירופ ענבים 3,,,המעיין סירופ ענבים 3,ליטרים,3.00,ליטר,false,,39.90,13.3000,true,1,82061
7290006803016,false,המעיין סירופ תמרהנדי,,,המעיין סירופ תמרהנדי,ליטרים,3.00,ליטר,false,,39.90,13.3000,true,1,82358
7290006803085,false,המעיין סירופ פטל 3 ל,,,המעיין סירופ פטל 3 ל,ליטרים,3.00,ליטר,false,,39.90,13.3000,true,1,83039
7290006803184,false,מגש ג'לי 8 יחידות,,,מגש ג'לי 8 יחידות,יחידה,0.00,יחידה,false,,10.90,0.0000,true,1,142684
7290006804822,false,סופגניה בצק/לחמניה ה,,,סופגניה בצק/לחמניה ה,יחידה,0.00,יחידה,false,,3.00,0.0000,true,1,96963
7290006805362,false,חצי באגט מאפית,פילסברי,,חצי בגט,יחידה,0.00,יחידה,false,,3.50,0.0000,true,1,98443
7290006805850,false,פילסברי פנקייק תערובת להכנת חביתיות,הדקלאים אגודת שיתופי,,תערובת להכנת פנקייק,גרמים,500.00,100 גרם,false,,16.90,0.0338,true,1,42499
7290006805881,false,בייגל ירושלמי וינואז,פילסברי,,בגט וינואז /בייגלה/ש,יחידה,0.00,יחידה,false,,7.00,0.0000,true,1,132146
7290006806499,false,לחמנייה דגנים וגרעינ,,,לחמניה דגנים,יחידה,0.00,יחידה,false,,4.50,0.0000,true,1,96901
7290006822192,false,נקטר דיאט חמוציות אושן ספריי פריגת 1 ליטר,מבשלות בירה בינלאומיות ב,,אושן ספרי דיאט חמוצי,ליטרים,1.00,ליטר,false,,12.90,12.9000,true,1,27189
7290006855244,false,ברבריא חטיף שקדים צימוקים ודבש 120 גרם,טבעית מוצרים מן הטבע בעמ,,ברבריא אגוזים וצימוק,יחידה,4.00,יחידה,false,,17.90,4.4750,true,1,79050
7290006855251,false,ברבריא חטיף קשיו חמוציות וסילאן 120 גרם,טבעית מוצרים מן הטבע בעמ,,ברבריא קשיו אגוז מלך,יחידה,4.00,יחידה,false,,17.90,4.4750,true,1,79051
7290006866363,false,מיץ סחוט אשכוליות אדומות פרימור 1 ליטר,"גניר (1992) בע""מ",,פרימור מיץ אשכולית א,ליטרים,1.00,ליטר,false,,16.90,16.9000,true,1,41458
7290006866967,false,נקטר חמוציות פרימור 1 ליטר,סטאר סנקס,,פרימור חמוציות 1 ליט,ליטרים,1.00,ליטר,false,,9.90,9.9000,true,1,89220
7290006920843,false,"תחליפי גבינ""צ מוצרלה פרוס 350 גר'",צי תעשיות מזון יבנה,,מוצרלה פרוס 350 גרם,גרמים,350.00,100 גרם,false,,16.90,0.0483,true,1,161695
7290006940223,false,חלבה מוקצפת אלמחרום,,,חלבה מוקצפת אלמחרום,גרמים,500.00,100 גרם,false,,19.90,0.0398,true,1,123110
7290006963314,false,עוגת שטולן מייסטר קל,KuchenMeister GmbH,,עוגת שטולן קלאסית 75,יחידה,0.00,יחידה,false,,36.90,0.0000,true,1,194142
7290006963321,false,עוגת שטולן עם מרציפן,KuchenMeister GmbH,,עוגת שטולן עם מרציפן,יחידה,0.00,יחידה,false,,39.90,0.0000,true,1,194143
7290006963413,false,עוגת שטולן מייסטר עם,,,עוגת שטולן עם חמאה 5,יחידה,0.00,יחידה,false,,34.90,0.0000,true,1,194144
7290006963437,false,עוגת שטולן עם מרציפן,,,עוגת שטולן עם מרציפן,יחידה,0.00,יחידה,false,,29.90,0.0000,true,1,194146
7290006983152,false,קרוטונים מתובלים למרק אסם 400 גרם,עינת תעשיות מזון אגו,,קרוטונים מתובלים למר,גרמים,400.00,100 גרם,false,,19.90,0.0497,true,1,42501
7290006983176,false,אוסם - לחמית שיפון 250 גרם,"אסם השקעות בע""\מ",,לחמית שיפון 250 גרם,גרמים,230.00,100 גרם,false,,9.90,0.0430,true,1,43972
7290006983527,false,עוגת הבית תפוחי עץ ופירורים אסם 400 גרם,מיוצר עי קונדיטוריית,,הבית עוגת תפוחי-עץ ע,גרמים,400.00,100 גרם,false,,17.90,0.0447,true,1,42502
7290006983763,false,עוגת הבית שוקולד 400 גרם אסם.,מיוצר עי קונדיטוריית,,עוגת הבית שוקולד 400,גרמים,400.00,100 גרם,false,,14.90,0.0373,true,1,40273
7290006983770,false,עוגת הבית שיש אסם 400 גרם,מיוצר עי קונדיטוריית,,עוגת הבית שיש 400 גר,גרמים,400.00,100 גרם,false,,14.90,0.0373,true,1,41325
7290006983787,false,עוגת הבית שוקולד צ'יפס אסם 400 גרם,מיוצר עי קונדיטוריית,,עוגת הבית שוקוציפס 4,גרמים,400.00,100 גרם,false,,14.90,0.0373,true,1,40274
7290006983794,false,עוגת הבית בטעם תפוז אסם 400 גרם,מיוצר עי קונדיטוריית,,עוגת הבית תפוז 400גר,גרמים,400.00,100 גרם,false,,14.90,0.0373,true,1,41326
7290006992161,false,מטרנה - דייסת קורנפלור פרוביוטי 200 גרם,מולינו ניקולי s.p.a,,מטרנה דייסת קורנפלור,גרמים,200.00,100 גרם,false,,13.90,0.0695,true,1,40648
7290006992185,false,"מטרנה - דייסת אורז פרוביוטי כשל""פ 200 גרם",מולינו ניקולי s.p.a,,מטרנה דייסת אורז מטר,גרמים,200.00,100 גרם,false,,13.90,0.0695,true,1,40275
7290006992192,false,דייסה מטרנה סולת פרוביוטיקה,מטרנה תעשיות ש.מ,,מטרנה דייסת סולת 220,גרמים,200.00,100 גרם,false,,13.90,0.0695,true,1,41460
7290006992208,false,מטרנה דייסלה דגנים מעורבים 200 גרם,מטרנה תעשיות ש.מ,,מטרנה דייסת דגנים מע,גרמים,200.00,100 גרם,false,,13.90,0.0695,true,1,42503
7290006992390,false,"מטרנה - דייסת וניל פרוביוטי כשל""פ 200 גרם",מולינו ניקולי s.p.a,,"מטרנה דייסת וניל בד""",גרמים,200.00,100 גרם,false,,13.90,0.0695,true,1,41461
7290006992864,false,"לה קט חתלתולים 2.85 ק""ג",united pet food,,לה קט חתלתולים 2.85ק,קילוגרמים,2.85,"ק""ג",false,,79.90,28.0351,true,1,60110
7290008000239,false,"שטיפה אינטימית מועשר בלחות פמינה 220 מ""ל",פמינה,,פמינה מועשר בלחות 22,יחידה,220.00,יחידה,false,,22.90,0.1041,true,1,40649
7290008000246,false,"פמינה - שטיפה אינטימית מועשר באלוורה 220 מ""ל",פמינה,,פמינה מועשר באלוורה,יחידה,220.00,יחידה,false,,22.90,0.1041,true,1,41462
7290008000796,false,"סופרמן משחת שיניים לילדים בטעם פירות כצט 50 מ""ל",כצט נוביס,,סופרמן משחת שיניים ל,יחידה,50.00,יחידה,false,,11.90,0.2380,true,1,40650
7290008000826,false,"משחת שיניים לילדים בטעם פירות לגילאים 2-6 כצט 50 מ""ל",כצט נוביס,,ברבי משחת שיניים ליל,יחידה,50.00,יחידה,false,,11.90,0.2380,true,1,41327
7290008023542,false,שמפו לרצפות בניחוח יסמין סיף פנטסטיק 4 ליטר,יוניליוור ישראל טיפוח אי,,סיף פנטסטיק רצפות כת,ליטרים,4.00,ליטר,false,,19.90,4.9750,true,1,40277
7290008101264,false,זרעי צ'יה תבליני מימון 150 גרם,,,זרעי ציה 150 גרם,גרמים,150.00,100 גרם,false,,14.90,0.0993,true,1,134561
7290008116534,false,ליסטרין שטיפת פה קול מינט 250 מל,ג'\ונסון אנד ג'\ונסון,,ליסטרין קולמין 250 מ,יחידה,0.00,יחידה,false,,12.90,0.0000,true,1,178697
7290008116541,false,"שטיפת פה ליסטרין קול מינט 500 מ""ל",ג'\ונסון אנד ג'\ונסון,,*מבצע* ליסטרין מי פה,מיליליטרים,500.00,"100 מ""ל",false,,16.90,0.0338,true,1,160917
7290008116558,false,ליסטירין מי פה בטעם מנטה מרענן 250 מל,ג'\ונסון אנד ג'\ונסון,,ליסטרין פרשברוז 250,יחידה,0.00,יחידה,false,,12.90,0.0000,true,1,155900
7290008116565,false,ליסטרין שטיפת פה פרש 500 מל,ג'\ונסון אנד ג'\ונסון,,*מבצע* ליסטרין מי פה,מיליליטרים,500.00,"100 מ""ל",false,,16.90,0.0338,true,1,160918
7290008154222,false,שניצלונים עוף טוב 700 גרם,"מוצרי עוף טוב (2001) בע""",,שניצלונים עוף טוב 70,גרמים,700.00,100 גרם,false,,20.00,0.0286,true,1,27704
7290008175173,false,חמאה מפינלנד ללא מלח 200 גרם ויליפוד,ואליו אל.טי.די,,חמאה מקורית מפינלנד,גרמים,200.00,100 גרם,false,,11.90,0.0595,true,1,57823
7290008175814,false,וילי פוד פטריות שמפיניון חתוך בדץ 400ג,"אוקצ'מפ אס, איי אויי",,וילי פוד פיטריות שמפ,גרמים,400.00,100 גרם,false,,5.90,0.0148,true,1,28845
7290008190909,false,עוגיות מיני קוקיס שוקולד צ'יפס בצנצנת כרמית 600 גרם,כרמית תעשיות ממתקים,,מיני קוקיס שוקולד צי,גרמים,600.00,100 גרם,false,,18.90,0.0315,true,1,47918
7290008328593,false,פטריות חתוכות הולנדי,,,פטריות חתוכות הולנדי,קילוגרמים,3.00,"ק""ג",false,,29.90,9.9667,true,1,65748
7290008328661,false,חתיכות אננס יורופוד,,,חתיכות אננס יורופוד,קילוגרמים,3.00,"ק""ג",false,,29.90,9.9667,true,1,101415
7290008330107,false,בדין מרכך כביסה סגול 4 ליטר,יוניליור ישראל טיפוח איש,,בדין מרכך כבוסה סגול,ליטרים,4.00,ליטר,false,,21.90,5.4750,true,1,40390
7290008333115,false,אבקת ג'לטין טהור נטו 28 גרם,מאיר עזרא ובניו,,אבקת ג'לטין טהור נטו,יחידה,0.00,יחידה,false,,11.90,0.0000,true,1,119143
7290008343466,false,בצק פילו 500 גרם שלושת האופים,שלושת האופים שגמור,,בצק פילו 500 גרם,גרמים,500.00,100 גרם,false,,19.90,0.0398,true,1,55088
7290008343503,false,גחנון אפוי 650 גר' שלושת האופים קהילות,שלושת האופים,,שלושת האופים גחנון א,גרמים,650.00,100 גרם,false,,19.90,0.0306,true,1,55090
7290008343510,false,ג'חנון מיני אפוי למיקרו 3 האופים 650 ג',שלושת האופים ירכא,,שלושת האופים מיני גח,גרמים,650.00,100 גרם,false,,17.90,0.0275,true,1,34351
7290008343558,false,"סיגרים בשר 1 ק""ג שלושת האופים","שלושת האופים בע""\מ",,"סיגרים בשר 1 ק""ג שלו",יחידה,1.00,יחידה,false,,22.90,22.9000,true,1,55091
7290008343565,false,"סיגרים תפו""א 1 ק""ג שלושת האופים","שלושת האופים בע""\מ",,"סיגרים תפו""א 1 ק""ג ש",יחידה,1.00,יחידה,false,,22.90,22.9000,true,1,32095
7290008343572,false,"אגרול סיני 1 ק""ג שלושת האופים","שלושת האופים בע""\מ",,"אגרול סיני 1 ק""ג שלו",יחידה,1.00,יחידה,false,,22.90,22.9000,true,1,55092
7290008343602,false,"קובה בשר 1 ק""ג שלושת האופים","שלושת האופים בע""\מ",,"קובה בשר 1 ק""ג שלושת",יחידה,1.00,יחידה,false,,22.90,22.9000,true,1,31321
7290008343619,false,"פסטלים תפו""א שלושת האופים 1 ק""ג","שלושת האופים בע""\מ",,"פסטלים תפו""א שלושת ה",יחידה,1.00,יחידה,false,,22.90,22.9000,true,1,55093
7290008343626,false,"כדורי פלאפל 1 ק""ג שלושת האופים","שלושת האופים בע""\מ",,"כדורי פלאפל 1 ק""ג של",יחידה,1.00,יחידה,false,,22.90,22.9000,true,1,55094
7290008344258,false,המבורגר מזרחי טיבון ויל 400 גרם,"טיבון ויל אחזקות בע""\מ",,המבורגר מזרחי 400גרם,גרמים,400.00,100 גרם,false,,20.90,0.0522,true,1,27045
7290008344272,false,המבורגר 100% טיבון ויל 400 גרם,טיבון ויל אחזקות בעמ,,המבורגר 100% 400 גרם,גרמים,400.00,100 גרם,false,,20.90,0.0522,true,1,27707
7290008345576,false,סלט איקרה ביתית לבנה 300 גרם דלידג,כלורוקס אוקלנד,,איקרה ביתית לבנה 300,גרמים,300.00,100 גרם,false,,21.90,0.0730,true,1,119151
7290008345583,false,איקרה ביתית ורוד 300 גרם דלידג,כלורוקס אוקלנד,,איקרה ביתית ורוד 300,גרמים,300.00,100 גרם,false,,21.90,0.0730,true,1,119152
7290008409049,false,שניצלונים בציפוי שומשום מיני מיני דק מאמא עוף 500 גרם,תנובה גליל שותפות מוגבלת,,מאמא עוף מיני דק שני,גרמים,840.00,100 גרם,false,,22.90,0.0273,true,1,59903
7290008409100,false,אצבעות שניצל בציפוי שומשום מאמא עוף 700 גרם,תנובה גליל שותפות מוגבלת,,מאמאעוף אצבעות שניצל,גרמים,700.00,100 גרם,false,,36.90,0.0527,true,1,27181
7290008409216,false,מאמא עוף קפוא שניצל דק פריך 700 גרם,תנובה גליל,,מאמא עוף קפוא שניצל,גרמים,700.00,100 גרם,false,,36.90,0.0527,true,1,28267
7290008409315,false,שניצלונים בציפוי פריך מיני מיני דק מאמא עוף 500 גרם,תנובה גליל,,מאמא עוף מיני דק שני,גרמים,500.00,100 גרם,false,,22.90,0.0458,true,1,59902
7290008409407,false,שניצל דק צ'יפס מאמא עוף 700 גרם,תנובה גליל שותפות מוגבלת,,מאמא עוף שניצל דק צי,גרמים,700.00,100 גרם,false,,36.90,0.0527,true,1,27257
7290008409551,false,שניצל עוף אמיתי בציפוי מעודן 700 ג' מאמא עוף,תנובה גליל שותפות מוגבלת,,מאמאעוף שניצל עוף אמ,גרמים,700.00,100 גרם,false,,36.90,0.0527,true,1,27959
7290008409582,false,שניצל עוף אמיתי בציפוי ביתי מאמא עוף 700 גרם,תנובה גליל שותפות מוגבלת,,מאמאעוף שניצל אמיתי,גרמים,700.00,100 גרם,false,,36.90,0.0527,true,1,27711
7290008415071,false,צבר חומוס עם טחינה עגול 150 גרם,סלטי צבר,,צבר חומוס עם טחינה 1,גרמים,150.00,100 גרם,false,,5.90,0.0393,true,1,42568
7290008415514,false,צבר חומוס עם חריף עגול 150 גרם,סלטי צבר,,צבר חומוס עם חריף 15,גרמים,150.00,100 גרם,false,,5.90,0.0393,true,1,43985
7290008415576,false,צבר סלט חומוס 850 גרם,צבר,,צבר חומוס צבר 850 גר,גרמים,850.00,100 גרם,false,,14.90,0.0175,true,1,188530
7290008443647,false,"מרכך לשיער מתולתל סגול, 750 מ""ל נקה 7","אמיליה קוסמטיקס בע""מ",,נקה 7-מייצב מתולתל ס,מיליליטרים,750.00,"100 מ""ל",false,,12.90,0.0172,true,1,55102
7290008461221,false,סרדינים רוברט בשמן חמניות 115 גרם,יוליניבר,,סר' רוברט ש' חמנ 115,גרמים,115.00,100 גרם,false,,6.90,0.0600,true,1,27715
7290008461238,false,סרדינים בשמן חמניות ופלפל חריף רוברט 84 גרם,יוליניבר,,סר' רוברט ש' חמנ חרף,גרמים,115.00,100 גרם,false,,6.90,0.0600,true,1,119155
7290008461283,false,גבינת טריפל צ'דר חצי קשה הגבינות של נני 200 גרם,יוליניבר,,צ'דר טריפל 200 גרם,גרמים,200.00,100 גרם,false,,24.90,0.1245,true,1,139768
7290008462204,false,חרדל דיז'ון מקורי נטו מאי 380 גרם,יוליניבר,,חרדל דיזון מקורי 380,גרמים,380.00,100 גרם,false,,15.90,0.0418,true,1,27184
7290008462259,false,חרדל דיז'ון גרגירים מיילי 380 גרם,בונגראן,,דיג'ון גרגירים 380 ג,גרמים,380.00,100 גרם,false,,17.90,0.0471,true,1,119156
7290008464024,false,"בירה גולדסטאר Unfiltered, בירה לא מסוננת, פחית 500 מ""ל","טמפו משקאות בע""מ",,פחית גולדסטאר לא מסו,יחידה,0.00,יחידה,false,,8.90,0.0000,true,1,75097
7290008464130,false,"בירה גולדסטאר Unfiltered, בירה לא מסוננת, מארז שישייה, בקבוק 330 מ""ל",טמפו,,שישית גולד סטאר לא מ,יחידה,0.00,יחידה,false,,44.90,0.0000,true,1,64820
7290008464222,false,"בירה מכבי 7.9%, בירה חזקה, פחית 500 מ""ל","טמפו משקאות בע""\מ",,"בירה מכבי חזקה 500מ""",יחידה,0.00,יחידה,false,,7.90,0.0000,true,1,104895
7290008464345,false,"בירה גולדסטאר, בקבוק 330 מ''ל",פארייפאבה אגרואינדוס,,בירה גולדסטאר,מיליליטרים,330.00,"100 מ""ל",false,,6.90,0.0209,true,1,61966
7290008464468,false,"בירה גולדסטאר, פחית 500 מ""ל",פארייפאבה אגרואינדוס,,פחית גולד סטאר 500 מ,מיליליטרים,500.00,"100 מ""ל",false,,8.50,0.0170,true,1,29001
7290008464475,false,"בירה מכבי, פחית 500 מ""ל","טמפו משקאות בע""\מ",,"בירה מכבי 500 מ""ל",מיליליטרים,500.00,"100 מ""ל",false,,7.90,0.0158,true,1,28981
7290008464505,false,סאן בנדטו בקבוק פלסטיק 500מל,אקווה מינרלה סאן בנדטו ב,,סאן בנדטו בקבוק פלסט,מיליליטרים,500.00,"100 מ""ל",false,,4.00,0.0080,true,1,28982
7290008464604,false,"בירה הייניקן פחית 500 מ""ל",טמפו משקאות בע''מ,,"פחית היינקן 500 מ""ל",מיליליטרים,500.00,"100 מ""ל",false,,11.90,0.0238,true,1,141693
7290008464611,false,"הסודה של טמפו, מי סודה בגיזוז חזק, 275 מל",טמפו משקאות בעמ,,טמפו מי סודה בקבוק 2,מיליליטרים,275.00,"100 מ""ל",false,,5.00,0.0182,true,1,135426
7290008464673,false,"בירה גולדסטאר SLOWBREW פחית 10%, 500 מ""ל","טמפו משקאות בע""\מ",,"גולד סטאר פח 500 מ""ל",מיליליטרים,500.00,"100 מ""ל",false,,7.90,0.0158,true,1,141748
7290008464697,false,"בירה מכבי 7.9%, בירה חזקה, מארז שישייה, בקבוק 330 מ""ל",טמפו,,שישיית מכבי אלכוהול,יחידה,0.00,יחידה,false,,36.90,0.0000,true,1,89190
7290008464703,false,"שישיית בירה מכבי בקבוק 330 מ""ל",טמפו משקאות בע''מ,,"שישיית מכבי 330מ""ל",מיליליטרים,330.00,"100 מ""ל",false,,34.90,0.1058,true,1,29386
7290008464734,false,"שישיית בירה גולדסטאר לאגר SLOW BREW בקבוק 330 מ""ל",טמפו משקאות בע''מ,,גולד סטאר slow brew,יחידה,6.00,יחידה,false,,42.90,7.1500,true,1,122998
7290008464741,false,"בירה גולדסטאר, מארז שישייה, בקבוק 330 מ''ל","טמפו משקאות בע""\מ",,"שישיית גולד סטאר בק""",מיליליטרים,330.00,"100 מ""ל",false,,36.90,0.1118,true,1,28983
7290008464987,false,שישיית מי סודה טמפו 1.5 ליטר,"טמפו משקאות בע""מ",,טמפו סודה 6 *1.5 ליט,ליטרים,1.50,ליטר,false,,15.90,10.6000,true,1,28665
7290008470759,false,מסטיק אורביט סטיקס ספירמינט שמיניה,אורביט,,אורביט סטיקס ספירמינ,יחידה,8.00,יחידה,false,,15.00,1.8750,true,1,70671
7290008470766,false,שמינייה אורביט סטיקס בטעם פפרמינט,ריגלי צרפת,,אורביט סטיקס בטעם פפ,יחידה,8.00,יחידה,false,,15.00,1.8750,true,1,70670
7290008482578,false,פודינג אינסטנט וניל 80 גרם,י.כהן,,פודינג וניל 80 גרם,יחידה,0.00,יחידה,false,,4.90,0.0000,true,1,48970
7290008493413,false,פירורי לחם מאיר בייגל פירורי גריסיני 200 גרם,מאיר את ביגל,,מאיר בייגל פירורי גר,גרמים,200.00,100 גרם,false,,7.90,0.0395,true,1,52471
7290008493710,false,פירורי לחם מאיר בייגל פרורי גריסני זהב 200 גרם,מאיר את ביגל,,מאיר בייגל פרורי גרי,גרמים,200.00,100 גרם,false,,7.90,0.0395,true,1,99468
7290008500128,false,עוגת שמרים טעם שוקול,ב- פילסברי (ג'נל מיל,,עוגת שמרים פרימיום ש,יחידה,0.00,יחידה,false,,22.90,0.0000,true,1,166047
7290008500135,false,עוגת שמרים עם קינמון,ב- פילסברי (ג'נל מיל,,עוגת שמרים פרימיום ק,יחידה,0.00,יחידה,false,,22.90,0.0000,true,1,166048
7290008500142,false,עוגת שמרים פרימיום ת,ב- פילסברי (ג'נל מיל,,עוגת שמרים פרימיום ת,יחידה,0.00,יחידה,false,,22.90,0.0000,true,1,166049
7290008500159,false,עוגת שמרים פרימיום ג,ב- פילסברי (ג'נל מיל,,עוגת שמרים פרימיום ג,יחידה,0.00,יחידה,false,,22.90,0.0000,true,1,166050
7290008500166,false,עוגת שמרים פרימיום פ,ב- פילסברי (ג'נל מיל,,עוגת שמרים פרימיום פ,יחידה,0.00,יחידה,false,,22.90,0.0000,true,1,166051
7290008593007,false,לבנה גת 500 גרם 9%,,,לבנה גת 500 גרם 9%,גרמים,500.00,100 גרם,false,,13.90,0.0278,true,1,55107
7290008593076,false,יוגורט גת 3 ליטר,,,יוגורט גת 3 ליטר,ליטרים,3.00,ליטר,false,,29.90,9.9667,true,1,64471
7290008593137,false,טופ מרגרינה 200 ג' ג'ת,,,טופ מרגרינה גת 200 ג,גרמים,400.00,100 גרם,false,,4.50,0.0113,true,1,173997
7290008593168,false,גבינה מתוקה 400 גרם,,,גבינה מתוקה 400 גרם,גרמים,400.00,100 גרם,false,,24.90,0.0622,true,1,57739
7290008593205,false,יוגורט כבשים ג'ת 1.5 ל',,,יוגורט כבשים 1.50 ל,ליטרים,1.50,ליטר,false,,25.90,17.2667,true,1,55108
7290008593267,false,לבנה כדורים ג'ת 400 ג',,,לבנה כדורים 400 גרם,גרמים,400.00,100 גרם,false,,26.90,0.0672,true,1,141291
7290008593274,false,יוגורט 4% 1.5 ליטר,,,יוגורט 4% 1.5 ליטר,ליטרים,1.50,ליטר,false,,14.90,9.9333,true,1,157704
7290008593335,false,"לבן אפ ג'ת 330 מ""ל",,,"יוגורט אפ 330 מ""ל",יחידה,0.00,יחידה,false,,5.90,0.0000,true,1,31872
7290008593403,false,יוגרט עיזים ג'ת 1.5 ל',,,יוגורט עיזים 1.50 ל,ליטרים,1.50,ליטר,false,,25.90,17.2667,true,1,57693
7290008593458,false,יוגורט בטעם תות 1 ל' ג'ת,,,יוגורט תות 1 ליטר,ליטרים,1.00,ליטר,false,,14.90,14.9000,true,1,122243
7290008593496,false,מעדן יוגורט גרנולה חומציות וקשיו 170 ג' ג'ת,,,יוגורט גרנולה חמוציו,יחידה,0.00,יחידה,false,,5.90,0.0000,true,1,181359
7290008593595,false,גבינה מלוחה במי מלח ג'ת 400 ג',,,גבינה כחול במי מלח 4,גרמים,400.00,100 גרם,false,,24.90,0.0622,true,1,174636
7290008593632,false,"משקה בוקר בטעם תות ג'ת 250 מ""ל",,,משקה יוגורט בטעם תות,יחידה,0.00,יחידה,false,,5.90,0.0000,true,1,153490
7290008593649,false,ג'ת לבנה קופסא 500 ג,,,ג'ת לבנה קופסא 500 ג,גרמים,500.00,100 גרם,false,,13.90,0.0278,true,1,122246
7290008593700,false,גבינה ערבית ג'ת 700 ג',,,גבינה ערבית גת 800 ג,גרמים,800.00,100 גרם,false,,45.90,0.0574,true,1,76832
7290008593724,false,משקה כוסות תות 170 ג' ג'ת,,,כוסות תותי,יחידה,0.00,יחידה,false,,2.90,0.0000,true,1,163910
7290008593915,false,"איירן משקה יוגורט כוסות ג'ת 170 מ""ל",,,איירן משקה יוגורט 17,מיליליטרים,170.00,"100 מ""ל",false,,2.90,0.0171,true,1,159716
7290008593922,false,יוגורט עיזים ג'ת 3 ל',,,ג'ת יוגורט עזים 3 ל,ליטרים,3.00,ליטר,false,,45.90,15.3000,true,1,128072
7290008644112,false,סלט מטבוחה יום יום אחלה 125 גרם,"שטראוס גרופ בע""\מ",,אחלה מטבוחה 125 גרם,גרמים,125.00,100 גרם,false,,4.60,0.0368,true,1,41486
7290008644235,false,עלי בייבי שטראוס 120 גרם,שטראוס בריאות ירקות טריי,,שטראוס עלי בייבי 120,גרמים,120.00,100 גרם,false,,9.90,0.0825,true,1,33108
7290008644945,false,לקט לסלט המושבה שטראוס 450 גרם,שטראוס בריאות ירקות טריי,,סלט המושבה 450 ג ירק,גרמים,450.00,100 גרם,false,,12.10,0.0269,true,1,33112
7290008670005,false,"יין רקנאטי ""גליל עליון ""שרדונה",,,רקאנטי גליל עליון שר,מיליליטרים,700.00,"100 מ""ל",false,,59.90,0.0856,true,1,97576
7290008670135,false,רקנאטי גליל עליון סוביניון בלאן 750 מל,רקנאטי,,רקאנטי גליל עליון סו,מיליליטרים,700.00,"100 מ""ל",false,,59.90,0.0856,true,1,97577
7290008670302,false,"יין רקנאטי רזרב קברנה סוביניון 750 מ""ל",רקנאטי,,רקנאטי רזרב קברנה 20,יחידה,750.00,יחידה,false,,90.00,0.1200,true,1,84653
7290008670388,false,רקנאטי רוזה 2007 750 מל,רקנאטי,,רקנאטי רוזה,מיליליטרים,750.00,"100 מ""ל",false,,79.90,0.1065,true,1,97574
7290008670852,false,רקנאטי יונתן אדום 750 מל,רקנאטי,,רקאנטי יונתן אדום 75,יחידה,0.00,יחידה,false,,39.90,0.0000,true,1,123164
7290008670869,false,רקנאטי יונתן לבן 750 מל,רקנאטי,,רקאנטי יונתן לבן 750,יחידה,0.00,יחידה,false,,39.90,0.0000,true,1,123165
7290008670913,false,רקנאטי גליל עליון קברנה סובניון 750 מל,רקנאטי,,רקאנטי גליל עילון קב,מיליליטרים,750.00,"100 מ""ל",false,,59.90,0.0799,true,1,133947
7290008670920,false,יין רקנאטי גליל עליון מרלו 750 מל,,,רקנאטי גליל עליון מ,מיליליטרים,750.00,"100 מ""ל",false,,59.90,0.0799,true,1,130851
7290008670937,false,רקנאטי גליל עליון שיראז 2017 750 מל,,,רקנאטי גליל עליון שי,מיליליטרים,750.00,"100 מ""ל",false,,59.90,0.0799,true,1,132155
7290008690713,false,נקטר חמוציות אושן ספריי פריגת 1 ליטר,מבשלות בירה בינלאומיות ב,,אושן ספרי חמוציות 1,ליטרים,1.00,ליטר,false,,13.90,13.9000,true,1,27966
7290008693134,false,מעדן גבינה ויוגורט בטעם תות 5% שומן 88 ג' דניאלה,"שטראוס בריאות בע""מ",,דניאלה תות מעדן גבינ,מיליליטרים,150.00,"100 מ""ל",false,,4.10,0.0273,true,1,40763
7290008711845,false,קליאו ק.גוף סקין קר מועשר באבקת פנינה - ורוד,"ביסקול בע""מ",,קליאו קרם גוף מקורי,מיליליטרים,400.00,"100 מ""ל",false,,15.00,0.0375,true,1,169544
7290008713900,false,לחם שיפון עגול פרוס אנג'ל 750 גרם,מאפיית אנג'\ל אורנים מאפ,,לחם שיפון עגול 750 ג,גרמים,750.00,100 גרם,false,,11.90,0.0159,true,1,59753
7290008745239,false,תפוצ'יפס קראנצ' בטעם טבעי עלית 50 גרם,"שטראוס פריטו ליי בע""\מ )",,תפוציפס קראנץ טבעי 5,יחידה,0.00,יחידה,false,,3.90,0.0000,true,1,41488
7290008747547,false,תפוצ'יפס קראנץ' בטעם טבעי עלית 200 גרם,"שטראוס פריטו ליי בע""\מ )",,תפוציפס קראנץ טבעי 2,גרמים,200.00,100 גרם,false,,10.90,0.0545,true,1,42575
7290008750264,false,"מסטיק מאסט ציקלס דובדבן 28 גרם לל""ס מגדים","שטראוס גרופ בע""מ",,מאסט דובדבן 28ג,יחידה,0.00,יחידה,false,,4.30,0.0000,true,1,40765
7290008751902,false,"קפה שחור קלוי וטחון 1 ק""ג עילית",,,טורקי עלית 1קג,קילוגרמים,1.00,"ק""ג",false,,49.90,49.9000,true,1,58767
7290008752244,false,תפוצ'יפס קראנץ' בטעם גריל עלית 50 גרם,"שטראוס פריטו ליי בע""\מ )",,תפוציפס קראנץ גריל 5,יחידה,0.00,יחידה,false,,3.90,0.0000,true,1,41794
7290008753111,false,תפוצ'יפס קראנץ' בטעם מקסיקני עלית 50 גרם,"שטראוס פריטו ליי בע""\מ )",,תפוציפס מקסיקני 50 ג,יחידה,0.00,יחידה,false,,3.90,0.0000,true,1,40491
7290008754415,false,גומי מאסט בטעם ספירמינט עדין פליפטופ 28 ג' עלית,"שטראוס גרופ בע""מ",,מאסט מנטה עדין 28ג,יחידה,0.00,יחידה,false,,4.00,0.0000,true,1,40494
7290008754422,false,גומי מאסט בטעם פפרמינט קלאסי פליפטופ 28 ג' עלית,"שטראוס גרופ בע""מ",,מאסט מנטה קלאסי 28ג,יחידה,0.00,יחידה,false,,4.00,0.0000,true,1,41795
7290008757027,false,"שוופס טוניק 250 מ""ל זכוכית",יפאורה שותפות מובגלת לשיווק,,"שוופס טוניק 250 מ""ל",מיליליטרים,250.00,"100 מ""ל",false,,7.00,0.0280,true,1,81605
7290008775816,false,ערגליות עוגיות במילוי שוקולד אסם 300 גרם,מיוצר עי קונדיטוריית,,ערגליות שוקו 300 גרם,גרמים,300.00,100 גרם,false,,11.90,0.0397,true,1,40495
7290008775823,false,ערגליות עוגיות תות שדה אסם 300 גרם,מיוצר עי קונדיטוריית,,ערגליות תות 300 גרם,גרמים,300.00,100 גרם,false,,11.90,0.0397,true,1,40581
7290008801010,false,"יין קברנה סוביניון מרלו פרייוט קולקשן 750 מ""ל",אגודת הכורמים הקאופו,,פי.סי קברנה/מרלו 750,מיליליטרים,750.00,"100 מ""ל",false,,41.90,0.0559,true,1,55131
7290008801119,false,"יין סוביניון בלאן סלקטד כרמל 750 מ""ל",אגודת הכורמים הקואופרטיב,,סלקטד סוביניון בלאן,מיליליטרים,750.00,"100 מ""ל",false,,29.90,0.0399,true,1,194198
7290008801157,false,"יין מרלו סלקטד כרמל כרמל 750 מ""ל",כרמל מזרחי,,"סלקטד מרלו 750 מ""ל",מיליליטרים,750.00,"100 מ""ל",false,,29.90,0.0399,true,1,194199
7290008801478,false,"יין טופז זהב אדום מתוק, 750 מ""ל",כרמל מזרחי,,"יין טופז זהב 750 מ""ל",מיליליטרים,750.00,"100 מ""ל",false,,18.90,0.0252,true,1,61988
7290008801522,false,יין קינג דויד קונקורד אדום מתוק 750 מל,אגודת הכורמים הקואופרטיב,,קינג דוד קונקורד 750,מיליליטרים,750.00,"100 מ""ל",false,,19.90,0.0265,true,1,55135
7290008801546,false,יין מוסקט מתוק קינג דיוויד יקבי כרמל,אגודת הכורמים הקואופרטיב,,קינג דוד מוסקט מתוק,מיליליטרים,750.00,"100 מ""ל",false,,19.90,0.0265,true,1,61990
7290008801843,false,"יין קברנה סוביניון סלקטד כרמל 750 מ""ל","כד בני דרום בע""מ",,סלקטד קברנה סוביניון,מיליליטרים,750.00,"100 מ""ל",false,,29.90,0.0399,true,1,55136
7290008802291,false,יין מרלו פרייבט קולקשן יקבי כרמל,אגודת הכורמים הקואופרטיב,,"פי.סי מרלו 750 מ""ל",מיליליטרים,750.00,"100 מ""ל",false,,41.90,0.0559,true,1,61992
7290008802895,false,יין קברנה סוביניון פרייבט קולקשן יקבי כרמל,אגודת הכורמים הקאופורטיב,,פי.סי קברנה סוביניון,מיליליטרים,750.00,"100 מ""ל",false,,41.90,0.0559,true,1,61994
7290008804189,false,יין קברנה סוביניון גליל עליון סדרה אזורית יקבי כרמל,אגודת הכורמים הקואופרטיב,,אזורית קברנה סוביניו,מיליליטרים,750.00,"100 מ""ל",false,,59.90,0.0799,true,1,55139
7290008804332,false,שיראז אדום יבש פריווט קולקשיין 750מל,אגודת הכורמים הקואופרטיב,,"פי.סי שיראז 750 מ""ל",מיליליטרים,750.00,"100 מ""ל",false,,41.90,0.0559,true,1,61999
7290008805049,false,סלקטד זינפנדל כרמל מזרחי 750 מל,"כד בני דרום בע""מ",,כרמל סלקטד רוזה 750,מיליליטרים,750.00,"100 מ""ל",false,,29.90,0.0399,true,1,77170
7290008805384,false,סלקטד מוסקטו לבן מבעבע 750 מל 2016,אגודת הכורמים הקואופרטיב,,סלקטד ייו מוסקטו 750,מיליליטרים,750.00,"100 מ""ל",false,,29.90,0.0399,true,1,194184
7290008805520,false,"יין קברנה/סוביניון סלקטד כרמל 750 מ""ל","כד בני דרום בע""מ",,סלקטד קברנה/מרלו 750,מיליליטרים,750.00,"100 מ""ל",false,,29.90,0.0399,true,1,55141
7290008805964,false,יין קברנה שיראז גליל עליון סדרה אזורית יקבי כרמל,אגודת הכורמים הקואופרטיב,,אזורית קברנה שיראז 7,מיליליטרים,750.00,"100 מ""ל",false,,59.90,0.0799,true,1,62004
7290008806305,false,"שלגון פצפצים ""שטראוס""","מיוצר ע"" גלידת שטראו",,פצפצים תות בננה בציפ,יחידה,0.00,יחידה,false,,6.90,0.0000,true,1,27678
7290008806961,false,גלידה שוקולד שבבי שוקולד פרה 1.33 ל' קרמיסימו,"גלידת שטראוס בע""\מ, רחוב",,קרמיסימו שוקולד שבבי,ליטרים,1.33,ליטר,false,,20.90,15.7143,true,1,29047
7290008806985,false,נישנושים גלידה שוקו וניל בציפוי שוקולד 60 יח' קרמיסימו,"גלידת שטראוס בע""\מ, רחוב",,קרמיסימו נישנושים ש.,גרמים,630.00,100 גרם,false,,44.90,0.0713,true,1,29022
7290008807487,false,יין יוגב קברנה סובינ,יקבי בנימינה,,יוגב קברנה סוביניון,יחידה,750.00,יחידה,false,,45.00,0.0600,true,1,62014
7290008807494,false,יוגב בלד ארומטי 2008,בנימינה Binyamina,,יוגב בלנד ארומטי,יחידה,750.00,יחידה,false,,45.00,0.0600,true,1,62015
7290008830690,false,מובחרים מן הטבע יחידה,"דין שיווק וקלייה בע""",,סוכריות חמצוצים בטעם,גרמים,180.00,100 גרם,false,,9.90,0.0550,true,1,189085
7290008863087,false,עוגיות נשיקות 130 גר,קונדיטוריה וולפסון,,נשיקות,יחידה,0.00,יחידה,false,,19.90,0.0000,true,1,30374
7290008863179,false,עוגת אריסטוקרט 600גר,קונדיטוריה וולפסון,,עוגת קרמן וולפסון,גרמים,700.00,100 גרם,false,,59.90,0.0856,true,1,32667
7290008899451,false,בגט פיסל/מקלות ירושל,,,בגט פיסל/מקלות ירושל,יחידה,0.00,יחידה,false,,4.50,0.0000,true,1,96751
7290008899505,false,בגט לבן פילסברי 250,פילסברי,,בגט לבן,יחידה,1.00,יחידה,false,,5.00,5.0000,true,1,53454
7290008909860,false,קוקה קולה זירו בקבוק 1.5ל,החברה המרכזית לייצור משקאות,,קוקה קולה זירו בקבוק,ליטרים,1.50,ליטר,false,,8.90,5.9333,true,1,27424
7290008921022,false,יין תישבי פרנץ ריזלי,"יקבי הבארון בע""מ",,"פרנץ ריזלינג 750 מ""ל",מיליליטרים,750.00,"100 מ""ל",false,,44.90,0.0599,true,1,109884
7290008921121,false,יין תשבי סוביניון בל,יקבי הבארון – תשבי,,"סובניון בלאן 750 מ""ל",מיליליטרים,750.00,"100 מ""ל",false,,44.90,0.0599,true,1,139067
7290008921138,false,יין תשבי כחול לבן 75,"יקבי הבארון בע""מ",,יין תשבי כחול לבן 75,מיליליטרים,750.00,"100 מ""ל",false,,44.90,0.0599,true,1,134804
7290008921176,false,יין תשבי ויניארדס מר,"יקבי הבארון בע""מ",,"מרלו 750 מ""ל",מיליליטרים,750.00,"100 מ""ל",false,,44.90,0.0599,true,1,109887
7290008921190,false,"יין לבן אמרלד ריזלינג ""תשבי""",יקב תשבי,,"אמרלד ריזלינג 750 מ""",מיליליטרים,750.00,"100 מ""ל",false,,44.90,0.0599,true,1,109889
7290008921251,false,"יין אדום קברנה פרנק ""תשבי""",יושלם,,"קברנה פראנק 750 מ""ל",מיליליטרים,750.00,"100 מ""ל",false,,44.90,0.0599,true,1,109890
7290008921275,false,"יין אדום שיראז ""תשבי""",יושלם,,"תשבי שיראז 750 מ""ל",מיליליטרים,750.00,"100 מ""ל",false,,44.90,0.0599,true,1,109891
7290008921312,false,"קברנה סובניון 750 מ""ל תשבי אסטייט",יקבי הבארון – תשבי,,קברנה סוביניון אסטיי,מיליליטרים,750.00,"100 מ""ל",false,,89.90,0.1199,true,1,182215
7290008921336,false,יין תישבי אסטייט שרד,"יקבי הבארון בע""מ",,"שרדונה 750 מ""ל",מיליליטרים,750.00,"100 מ""ל",false,,59.90,0.0799,true,1,113753
7290008921572,false,יין ויוניה גוורצטרמי,יקבי תישבי,,יין תשבי ויוניה גוור,מיליליטרים,750.00,"100 מ""ל",false,,44.90,0.0599,true,1,129359
7290008921602,false,תשבי פטיט ורדו אסטיי,יקב התשבי,,פטיט ורדו אסטייט 750,מיליליטרים,750.00,"100 מ""ל",false,,89.90,0.1199,true,1,153503
7290008921633,false,יין אסטיין פינק סובי,יקבי הבארון,,אסטייט פינק סובניון,מיליליטרים,750.00,"100 מ""ל",false,,59.90,0.0799,true,1,142404
7290008921732,false,יין תשבי אסטייט רוזה,,,"רוזה 750 מ""ל",מיליליטרים,750.00,"100 מ""ל",false,,59.90,0.0799,true,1,187958
7290008940214,false,צידר אנגלי כתום 200 גרם,,,צ'ידר אנגלי כתם 200,גרמים,200.00,100 גרם,false,,21.90,0.1095,true,1,189003
7290008940221,false,צידר אנגלי כתום 200 גרם,,,צ'ידר אנגלי לבן 200,גרמים,200.00,100 גרם,false,,21.90,0.1095,true,1,189005
7290008961127,false,טושיונקה בקר רוסית 400 גרם,גוד פוד ג'.א'.ג'י. ב,,טושונקה רוסי 400 גרם,גרמים,400.00,100 גרם,false,,21.90,0.0547,true,1,143078
7290008961189,false,טושיונקה בקר פיקנטית 400 גרם,גוד פוד ג'.א'.ג'י. ב,,טושונקה פיקנטי 400 ג,גרמים,400.00,100 גרם,false,,21.90,0.0547,true,1,143085
7290008969208,false,שוקחה אננס חתוך 800,,,שוקחה אננס חתוך 800,גרמים,800.00,100 גרם,false,,9.90,0.0124,true,1,136237
7290008969840,false,אננס פרוסות בסירופ ש,,,אננס פרוסות בסירופ ש,גרמים,800.00,100 גרם,false,,9.90,0.0124,true,1,101107
7290008975780,false,"מזון לכלבים בונזו מזון כלבים גזע קטן 3 ק""ג","ביופט בע""מ",,"בונזו גזע קטן 3 ק""ג",קילוגרמים,3.00,"ק""ג",false,,54.90,18.3000,true,1,48147
7290008989091,false,שלישיית פירכוני אורז בטר אנד דיפרנט 310 גרם,"בטר אנד דיפרנט בע""מ",,פריכיות אורז 310 גרם,גרמים,310.00,100 גרם,false,,11.90,0.0384,true,1,150994
7290008989169,false,"אורז תפוח בשקית בטר אנד דיפרנט 500 גרם לל""ג",בטר אנד דיפרנט,,אורז תפוח 500 גרם בש,גרמים,500.00,100 גרם,false,,18.90,0.0378,true,1,150892
7290008989671,false,"ציפוי עדיף פריך ""ללא גלוטן"" בטר אנד דיפרנט 250 גרם",בטר אנד דיפרנט,,ציפוי עדיף פריך גס ל,גרמים,250.00,100 גרם,false,,9.90,0.0396,true,1,151001
7290010002009,false,תערובת לציפוי מאפים מלוחים מימון 130 גרם,תבליני מימון,,תערובת לציפוי מאפים,גרמים,130.00,100 גרם,false,,10.90,0.0838,true,1,175795
7290010002023,false,כורכום הודי טחון תבליני מימון 100 גרם,א.ל ייצור ושיווק תבלינים,,מימון כורכום הודי טח,גרמים,100.00,100 גרם,false,,10.90,0.1090,true,1,41493
7290010002030,false,תבלין כמון טחון תבליני מימון 100 גרם,א.ל ייצור ושיווק תבלינים,,מימון כמון במיכל 100,יחידה,0.00,יחידה,false,,10.90,0.0000,true,1,42582
7290010002047,false,תבלין מלח לימון תבליני מימון 200 גרם,א.ל ייצור ושיווק תבלינים,,מימון מלח לימון במיכ,גרמים,200.00,100 גרם,false,,9.90,0.0495,true,1,41494
7290010002078,false,פלפל שחור טחון תבליני מימון 100 גרם,א.ל ייצור ושיווק תבלינים,,מימון פלפל שחור טחון,יחידה,0.00,יחידה,false,,13.90,0.0000,true,1,41801
7290010002092,false,תבלין פלפל שחור גרוס דק תבליני מימון 90,א.ל ייצור ושיווק תבלינים,,מימון פלפל שחור גרוס,יחידה,0.00,יחידה,false,,13.90,0.0000,true,1,42583
7290010002108,false,תבלין פלפל שחור גרוס גס תבליני מימון 90,א.ל ייצור ושיווק תבלינים,,מימון פלפל שחור גרוס,יחידה,0.00,יחידה,false,,13.90,0.0000,true,1,41802
7290010002122,false,פפריקה הונגרית מתוקה תבליני מימון 100 גרם,א.ל ייצור ושיווק תבלינים,,מימון פפריקה הונגרית,גרמים,100.00,100 גרם,false,,10.90,0.1090,true,1,40106
7290010002139,false,פפריקה הונגרית חריפה תבליני מימון 100 גרם,א.ל ייצור ושיווק תבלינים,,מימון פפריקה הונגרית,גרמים,100.00,100 גרם,false,,10.90,0.1090,true,1,81536
7290010002146,false,פפריקה מרוקאית מתוקה תבליני מימון 100 גרם,א.ל ייצור ושיווק תבלינים,,מימון פפריקה מרוקאית,גרמים,100.00,100 גרם,false,,10.90,0.1090,true,1,40774
7290010002207,false,תבלין קינמון טחון תבליני מימון 100 גרם,א.ל ייצור ושיווק תבלינים,,מימון קינמון טחון במ,יחידה,0.00,יחידה,false,,8.90,0.0000,true,1,41803
7290010002214,false,תבלין צ'ילי גרוס תבליני מימון 80 גרם,א.ל ייצור ושיווק תבלינים,,מימון צילי גרוס 70 ג,יחידה,0.00,יחידה,false,,10.90,0.0000,true,1,40590
7290010002283,false,תיבול על האש תבליני מימון 100 גרם,א.ל ייצור ושיווק תבלינים,,מימון תבלין על האש ב,גרמים,100.00,100 גרם,false,,10.90,0.1090,true,1,41496
7290010002313,false,תבלין ראס אל חנות תבליני מימון 100 גרם,א.ל ייצור ושיווק תבלינים,,מימון ראס אל חנות 10,גרמים,100.00,100 גרם,false,,10.90,0.1090,true,1,43997
7290010002320,false,תבלין לגריל עוף תבליני מימון 100 גרם,א.ל ייצור ושיווק תבלינים,,מימון תיבול לגריל עו,יחידה,0.00,יחידה,false,,10.90,0.0000,true,1,42639
7290010002344,false,תבלין לדג תבליני מימון 100 גרם.,א.ל ייצור ושיווק תבלינים,,מימון תיבול לדג 100,יחידה,0.00,יחידה,false,,10.90,0.0000,true,1,41497
7290010002351,false,זעתר ושומשום תבליני מימון 100 גרם,א.ל ייצור ושיווק תבלינים,,מימון זעתר ושומשום,יחידה,0.00,יחידה,false,,10.90,0.0000,true,1,41498
7290010002368,false,תערובת חווויג' תבליני מימון 100 גרם,א.ל ייצור ושיווק תבלינים,,מימון תערובת חווג` ל,יחידה,0.00,יחידה,false,,10.90,0.0000,true,1,40107
7290010002382,false,תבלין אורגנו תבליני מימון 40 גרם,א.ל ייצור ושיווק תבלינים,,מימון אורגנו במיכל 4,יחידה,0.00,יחידה,false,,8.90,0.0000,true,1,40500
7290010002399,false,תבלין בזיליקום תבליני מימון 40 גרם,א.ל ייצור ושיווק תבלינים,,מימון בזיליקום 40 גר,יחידה,0.00,יחידה,false,,8.90,0.0000,true,1,43998
7290010002405,false,תבלין טימין הררי תבליני מימון 40 גרם,א.ל ייצור ושיווק תבל,,מימון טימין הררי במי,יחידה,0.00,יחידה,false,,8.90,0.0000,true,1,41806
7290010002429,false,עלי דפנה תבליני מימון 20 גרם צנצנת,א.ל ייצור ושיווק תבל,,מימון עלי דפנה במיכל,יחידה,0.00,יחידה,false,,8.90,0.0000,true,1,81537
7290010002443,false,תבלין רוזמרין תבליני מימון 40 גרם,א.ל ייצור ושיווק תבל,,מימון רוזמרין במיכל,יחידה,0.00,יחידה,false,,8.90,0.0000,true,1,40776
7290010002481,false,תבלין שום טחון תבליני מימון 100 גרם,א.ל ייצור ושיווק תבלינים,,מימון שום טחון במיכל,יחידה,0.00,יחידה,false,,13.90,0.0000,true,1,40501
7290010002498,false,תבלין שום גבישי תבליני מימון 120 גרם,א.ל ייצור ושיווק תבלינים,,מימון שום גבישי 120,גרמים,120.00,100 גרם,false,,13.90,0.1158,true,1,42640
7290010002696,false,אקסטרה צ'יפס אורז חום מלא שמנת בצל 60 גרם,נוהלס ג'י אס סי.,BG,אקסטרה צ'יפס אורז חו,גרמים,60.00,100 גרם,false,,6.90,0.1150,true,1,194929
7290010003051,false,פפריקה הונגרית מתוקה תבליני מימון 400 גרם,א.ל ייצור ושיווק תבלינים,,מימון פפריקה הונגרית,גרמים,400.00,100 גרם,false,,23.70,0.0592,true,1,40595
7290010003075,false,פפריקה מרוקאית מתוקה תבליני מימון 400 גרם,א.ל ייצור ושיווק תבלינים,,מימון פפריקה מרוקאית,גרמים,400.00,100 גרם,false,,23.70,0.0592,true,1,40502
7290010003693,false,פפריקה מתוקה בשקית תבליני מימון 80 גרם,א.ל ייצור ושיווק תבל,,מימון פפריקה מתוקה ש,יחידה,0.00,יחידה,false,,5.90,0.0000,true,1,75446
7290010003709,false,פלפל שחור טחון בשקית תבליני מימון 50 גרם,א.ל ייצור ושיווק תבל,,מימון פלפל שחור טחון,יחידה,0.00,יחידה,false,,7.90,0.0000,true,1,75458
7290010003754,false,כמון טחון בשקית תבליני תבליני מימון 50 גרם,א.ל ייצור ושיווק תבל,,מימון כמון טחון שקית,יחידה,0.00,יחידה,false,,5.90,0.0000,true,1,75447
7290010003761,false,כורכום טחון בשקית תבליני מימון 80 גרם,א.ל ייצור ושיווק תבל,,מימון כורכום טחון שק,יחידה,0.00,יחידה,false,,5.90,0.0000,true,1,75448
7290010003839,false,קינמון טחון בשקית תבליני מימון 80 גרם,א.ל ייצור ושיווק תבל,,מימון קינמון טחון שק,יחידה,0.00,יחידה,false,,5.90,0.0000,true,1,75453
7290010023141,false,תה לימונענע הגן הקסום ויסוצקי 25 יחידות,תה ויסוצקי,,תה לימונענע 25 יח',יחידה,25.00,יחידה,false,,17.90,0.7160,true,1,55155
7290010023943,false,חליטה מצמח הרויבוש Red tea בטעם קינמון ווניל,מולינו ניקולי s.p.a,,תה אדום קינמון וניל,יחידה,0.00,יחידה,false,,27.00,0.0000,true,1,40600
7290010050109,false,רוזמרין/עירית,,,עירית,יחידה,0.00,יחידה,false,,4.90,0.0000,true,1,101111
7290010051021,false,בזיליקום ארוז א.אדמה,,,בזיליקום 40 גרם,גרמים,40.00,100 גרם,false,,5.90,0.1475,true,1,88337
7290010051045,false,עלי בייבי ארוז א.אדמה,חקלאי,,עלי בייבי,יחידה,0.00,יחידה,false,,8.90,0.0000,true,1,101112
7290010051076,false,לבבות חסה ארוז א.אדמה,אדמה,,לבבות קיסר,יחידה,0.00,יחידה,false,,9.90,0.0000,true,1,99707
7290010051113,false,טימין - קורנית יח',,,קורנית 30 גרם,גרמים,30.00,100 גרם,false,,5.90,0.1967,true,1,88336
7290010051144,false,תרד עלים א.אדמה,אדמה,,תרד עלים א.אדמה,יחידה,0.00,יחידה,false,,9.90,0.0000,true,1,101974
7290010051199,false,שורש פטרוזיליה ארוז א.אדמה,אדמה,,שורש פטרוזליה,יחידה,0.00,יחידה,false,,4.90,0.0000,true,1,152974
7290010051205,false,סלרי עלים ארוז א.אדמה,אדמה,,סלרי עלים,יחידה,0.00,יחידה,false,,4.90,0.0000,true,1,152975
7290010051212,false,סלרי ראש א.אדמה,אדמה,,סלרי ראש,יחידה,0.00,יחידה,false,,3.90,0.0000,true,1,152976
7290010051267,false,לוף בשקית א.אדמה,אדמה,,לוף ארוז -כרישה,יחידה,0.00,יחידה,false,,6.90,0.0000,true,1,116805
7290010051281,false,רוקולה ארוז א.אדמה,ביכורי שדה דרום,,עלה רוקולה,יחידה,0.00,יחידה,false,,9.90,0.0000,true,1,106546
7290010051298,false,מנגולד עלי סלק א.אדמה,אדמה,,סלק עלים ארוז,יחידה,0.00,יחידה,false,,5.90,0.0000,true,1,100940
7290010051311,false,סלרי חתוך א.אדמה,,,סלרי קצוץ,יחידה,0.00,יחידה,false,,4.90,0.0000,true,1,179926
7290010051335,false,בצל ירוק ארוז א.אדמה,אדמה,,בצל ירוק ארוז,יחידה,0.00,יחידה,false,,4.90,0.0000,true,1,155751
7290010051373,false,לבבות חסה בשקית א.אדמה,,,לבבות חסה,יחידה,0.00,יחידה,false,,9.90,0.0000,true,1,145321
7290010051434,false,חסה סלנובה ארוז א.אדמה,ביכורי שדה דרום,,חסה סלנובה ארוז,יחידה,0.00,יחידה,false,,12.90,0.0000,true,1,155752
7290010051687,false,רוזמרין ארוז א.אדמה,אדמה,,רוזמרין 30 גרם,גרמים,30.00,100 גרם,false,,5.90,0.1967,true,1,88335
7290010065332,false,מחית תפוח עץ בננה ג'וניור פרינוק 190 גרם,פרוטה פודווין איי.אס,,"פרינוק גוניור תפ""ע ב",גרמים,760.00,100 גרם,false,,5.90,0.0078,true,1,41955
7290010065349,false,מחית סלט פירות ג'וניור פרינוק 190 גרם,פרוטה פודווין איי.אס,,מחית פרינוק גוניור ס,גרמים,190.00,100 גרם,false,,5.90,0.0311,true,1,44011
7290010065745,false,מחית לפתן פירות ג'וניור פרינוק 190 גרם,פרוטה פודווין איי.אס,,פרינוק לפתן 190 גרם,גרמים,190.00,100 גרם,false,,5.90,0.0311,true,1,41815
7290010066001,false,נתחי טונה עם שמן צמחי פילטונה 960 גרם,תעשיות פילטונה,,פילטונה טונה בשמן צמ,גרמים,960.00,100 גרם,false,,35.90,0.0374,true,1,69476
7290010066513,false,נתחי טונה בשמן צמחי רביעיה *158ג' פילטונה,תעשיות פילטונה,,פיל טונה נתחי טונה ב,יחידה,4.00,יחידה,false,,22.90,5.7250,true,1,69478
7290010066582,false,נתחי טונה בשמן קנולה רביעיה * 158 ג' פילטונה,תעשיות פילטונה,,פילטונה נתחי טונה בש,גרמים,640.00,100 גרם,false,,22.90,0.0358,true,1,69464
7290010066599,false,רביעיית נתחי טונה בשמן זית פילטונה 158X4 גרם,תעשיות פילטונה,,פיל טונה נתחי טונה ב,גרמים,640.00,100 גרם,false,,29.90,0.0467,true,1,69465
7290010066940,false,נתחי טונה במי מלח960ג,תעשיות פילטונה,,נתחי טונה בהירה במי,גרמים,960.00,100 גרם,false,,35.90,0.0374,true,1,119388
7290010112586,false,בסט קרם וויטמן 200 מ,,,בסט קרם וויטמן 200 מ,יחידה,0.00,יחידה,false,,14.90,0.0000,true,1,158942
7290010116980,false,אבקת שוקולית שקית עלית 850 ג',הנסיך- מפעל לייצור ט,,שוקולית 850 גרם,גרמים,850.00,100 גרם,false,,16.90,0.0199,true,1,40719
7290010117864,false,דוריטוס חטיף תירס בטעם חריף אש עלית 70 גרם,"שטראוס פריטו ליי בע""\מ )",,דוריטוס חריף אש 70 ג,יחידה,0.00,יחידה,false,,3.90,0.0000,true,1,41818
7290010117970,false,סבבה בוטנים קלויים מצופים - אריזה אישית,"שטראוס פריטו ליי בע""",,סבבה בוטנים אמריקאיי,יחידה,0.00,יחידה,false,,2.90,0.0000,true,1,142010
7290010118328,false,תפוצ'יפס בטעם טבעי עלית מארז 6*40 גרם,שטראוס פריטו ליי (מל,,תפוצ'יפס טבעי 6*40 ג,גרמים,240.00,100 גרם,false,,13.90,0.0579,true,1,40625
7290010154012,false,לימון בלאדי כבוש תבליני ביטון 250 גרם,תבליני ביטון יוחאי,,לימון כבוש 250 ביטון,גרמים,250.00,100 גרם,false,,13.90,0.0556,true,1,119159
7290010154029,false,אריסה מתוקה יוחאי ביטון 250 גרם,תבליני ביטון יוחאי,,250 אריסה מתוקה ביטו,גרמים,250.00,100 גרם,false,,13.90,0.0556,true,1,119160
7290010154036,false,עמבה תבליני ביטון 250 גרם,תבליני יוחאי ביטון,,עמבה ביטון 250 ג,גרמים,250.00,100 גרם,false,,13.90,0.0556,true,1,119161
7290010154241,false,סלט חזרת ריף ביטון 250 ג',תבליני ביטון יוחאי,,סלט חזרת 250 גרם,גרמים,250.00,100 גרם,false,,13.90,0.0556,true,1,119162
7290010154265,false,פלפל צ'ומה תבליני ביטון 250 גרם,תבליני יוחאי ביטון,,פלפל צומה ביטון 250,גרמים,250.00,100 גרם,false,,13.90,0.0556,true,1,119163
7290010154418,false,סחוג אדום תבליני ביטון 130 גרם,תבליני יוחאי ביטון,,יוחאי ביטון סחוג אדו,גרמים,150.00,100 גרם,false,,8.90,0.0593,true,1,119164
7290010154425,false,סחוג ירוק תבליני ביטון 130 גרם,תבליני יוחאי ביטון,,יוחאי ביטון סחוג ירו,גרמים,150.00,100 גרם,false,,8.90,0.0593,true,1,119165
7290010154548,false,ממרח שום טבעי יוחאי ביטון 235 גרם,תבליני ביטון יוחאי,,ממרח שום טבעי 235 ג,יחידה,0.00,יחידה,false,,13.90,0.0000,true,1,119308
7290010154678,false,אריסה מרוקאית תבליני ביטון 250 גרם,תבליני ביטון יוחאי,,יוחאי ביטון אריסה מר,גרמים,250.00,100 גרם,false,,13.90,0.0556,true,1,132706
7290010154685,false,סלט שום כתוש 250 ג' ביטון יוחאי,תבליני יוחאי ביטון,,סלט שום כתוש 250 גרם,גרמים,250.00,100 גרם,false,,13.90,0.0556,true,1,132707
7290010154692,false,סחוג אדום יוחאי ביטון 250 גרם,תבליני ביטון יוחאי,,סחוג אדום 250 גרם,גרמים,250.00,100 גרם,false,,13.90,0.0556,true,1,169540
7290010173068,false,יין בר הרי גליל קברנה סוביניון 750 מל,"כד בני דרום בע""מ",,הרי גליל קברנה סובינ,מיליליטרים,750.00,"100 מ""ל",false,,34.90,0.0465,true,1,31465
7290010173174,false,"יין אלון 2019 750 מ""ל הרי גליל",יקבי רמת הגולן,,הרי גליל אלון,יחידה,0.00,יחידה,false,,59.90,0.0000,true,1,55181
7290010173181,false,יין אלה הרי גליל 750 מל,יקבי רמת הגולן,,הרי גליל אלה,יחידה,0.00,יחידה,false,,59.90,0.0000,true,1,169977
7290010195268,false,פופקורן פופסטאר חמישייה מופחת שומן טבעי,פופ סטאר,,פופסטאר מופחת שומן ב,יחידה,5.00,יחידה,false,,17.00,3.4000,true,1,40959
7290010234769,false,"דאודורנט איזבלה ורוד 200 מ""ל פנינה רוזנבלום",פנינה רוזנבלום PR,,דאודורנט איזבלה ורוד,יחידה,150.00,יחידה,false,,15.90,0.1060,true,1,41824
7290010237685,false,"הייניקן בירה צואר ארוך 330מ""ל",טמפו משקאות בע''מ,,"היינקן 330מ""ל בקבוק",מיליליטרים,330.00,"100 מ""ל",false,,7.90,0.0239,true,1,28668
7290010237784,false,בירה שנדי בתוספת משקה לימון ליים - שישייה,"טמפו משקאות בע""\מ",,שנדי לימון ליים 330,מיליליטרים,330.00,"100 מ""ל",false,,32.90,0.0997,true,1,62043
7290010237890,false,"בירה הייניקן בקבוק 500 מ""ל חוזר",טמפו משקאות בע''מ,,"היינקן חוזר 500 מ""ל",מיליליטרים,500.00,"100 מ""ל",false,,8.90,0.0178,true,1,29064
7290010259007,false,"עוגיות איטלקיות מובחרות ויליפוד 1 ק""ג",דן קייק,,וילי פוד עוגיות בישק,גרמים,200.00,100 גרם,false,,5.90,0.0295,true,1,55187
7290010259311,false,חלב קוקוס ויליפוד 400ג',טאי קוקונט,,וילי פוד מי קוקוס בד,גרמים,400.00,100 גרם,false,,7.90,0.0198,true,1,48271
7290010259359,false,וילי פוד נודלס אטר.ביצים להקפצה בדץ 200ג,פוג'יאן לונגהאי אנלי,,וילי פוד נודלס אטר.ב,גרמים,200.00,100 גרם,false,,4.90,0.0245,true,1,46677
7290010259366,false,וילי פוד נודלס אטר.ביצים מסולסל בדץ 200ג,פוג'יאן לונגהאי אנלי,,וילי פוד נודלס אטר.ב,גרמים,200.00,100 גרם,false,,4.90,0.0245,true,1,46678
7290010259823,false,מנת השף-מרק עם נודלס בטעם עוף ויליפוד,נמצ'או(תאילנד) בעמ,,מנת השף מרק עם נודלס,יחידה,0.00,יחידה,false,,5.90,0.0000,true,1,48075
7290010259830,false,מנת השף נודלס בסגנון סיני פיקנטי וילי פוד 70 גרם,נמצ'או(תאילנד) בעמ,,מנת השף נודלס סיני פ,יחידה,0.00,יחידה,false,,5.90,0.0000,true,1,48000
7290010259854,false,מנת השף מרק עם נודלס בטעם פטריות ויליפוד 70 גרם,נמצ'או(תאילנד) בעמ,,מנת השף נודלס בטעם פ,יחידה,0.00,יחידה,false,,5.90,0.0000,true,1,48272
7290010259861,false,מנת השף מרק עם נודלס בטעם ירקות ויליפוד 70 גרם,קריות זול,,מנת השף מרק עם נודלס,יחידה,0.00,יחידה,false,,5.90,0.0000,true,1,52482
7290010259991,false,צנימים מיוחדים בטעם טבעי 250 ג',קריות זול,,וילי פוד צנימים בדץ,גרמים,250.00,100 גרם,false,,8.50,0.0340,true,1,55188
7290010300518,false,"קוואקר שבולת שועל, 500 גרם ""נאמן""",ר.ס.,,נאמן קוואקר שקית 500,גרמים,500.00,100 גרם,false,,8.90,0.0178,true,1,49320
7290010328239,false,טחינה גולמית מתובלת אחווה 500 ג',אחדות ביחר לטחינה חל,,טחינה אחוה מתובלת 50,גרמים,500.00,100 גרם,false,,11.90,0.0238,true,1,27982
7290010328246,false,טחינה גולמית שומשום מלא אחווה 500 ג',"אחדות ביח""ר לטחינה ח",,אחוה טחינה משומשום מ,גרמים,500.00,100 גרם,false,,10.90,0.0218,true,1,27768
7290010328253,false,טחינה גולמית משומשום טבעי אחווה 500 גרם,"אחדות ביח""ר לטחינה ח",,טחינה משומשטם טבעי 5,גרמים,500.00,100 גרם,false,,10.90,0.0218,true,1,27983
7290010328451,false,אחווה חלווה עם פולי קקאו 400 גר,אחדות ביחר לטחינה חל,,אחווה חלווה עם פולי,גרמים,400.00,100 גרם,false,,13.90,0.0348,true,1,84681
7290010328680,false,עוגה בטעם שוקולד עם שוקוצ'יפס מריר ולבן 450 גרם,אחדות ביחר לטחינה חל,,עוגה בטעם שוקלד שוקו,גרמים,450.00,100 גרם,false,,10.90,0.0242,true,1,99404
7290010329854,false,מיני קוקיס עוגיות בטעם חמאה ללא סוכר כרמית 600 גרם,כרמית,,מיני קוקיס בטעם חמאה,גרמים,700.00,100 גרם,false,,23.90,0.0341,true,1,48082
7290010329984,false,שוקולד כרמית ציפס מר,כרמית תעשיות ממתקים בעמ,,שוקולד צ'יפס 60% מוצ,גרמים,250.00,100 גרם,false,,12.90,0.0516,true,1,47409
7290010372829,false,אקונימיקה ריחנית גול,,,אקונומיקה ריחנית גול,ליטרים,4.00,ליטר,false,,9.90,2.4750,true,1,149536
7290010382811,false,"לחות קלילה לשיער מתולתל נטורל פורמולה, 400 מ""ל",נטורל,,קרם לחות קלילה תלתלי,מיליליטרים,400.00,"100 מ""ל",false,,22.90,0.0572,true,1,126272
7290010382828,false,"קרם לחות קלילה לשיער יבש נטורל פורמולה, 400 מ""ל",אמיליה קוסמטיקס בעמ,,קרם לחות קלילה-יבש/פ,מיליליטרים,400.00,"100 מ""ל",false,,22.90,0.0572,true,1,123007
7290010429684,false,דבש טהור פרחי בר יד מרדכי 700 גרם מארז זוגי,שטראוס גרופ,,מארז 2 דבשים מפרחי ב,גרמים,700.00,100 גרם,false,,36.90,0.0527,true,1,55196
7290010471669,false,יוגורט תות עם קורנפלקס מצופה שוקולד ללא גלוטן 3.9%,"שטראוס בריאות בע""\מ",,דנונה בר תות קורנפלק,מיליליטרים,175.00,"100 מ""ל",false,,4.50,0.0257,true,1,41826
7290010472307,false,"שמיניית משקה גמדים תות בננה דיסני 108 מ""ל",מיוצר עי קונדיטוריית,,גמדים לשתיה תות בננה,יחידה,800.00,יחידה,false,,20.00,0.0250,true,1,55198
7290010472390,false,מארז 8 יחידות מעדן דני בטעם שוקולד 1.5%,מיוצר עי קונדיטוריית,,מארז דני שוקו 8* 12,ליטרים,1.00,ליטר,false,,15.90,15.9000,true,1,41971
7290010483020,false,כירת בישול חשמלית יח,,,כירת בישול חשמלית יח,יחידה,0.00,יחידה,false,,125.00,0.0000,true,1,176405
7290010513727,false,פנקו פרורי לחם 200 גרם (קינגדאו),קינגדאו גוניון פודס,,מזרח ומערב יבוא קינג,גרמים,200.00,100 גרם,false,,7.90,0.0395,true,1,96525
7290010562442,false,פיצוחי אלמנאר מעורב,,,פיצוחי אלמנאר מעורב,גרמים,350.00,100 גרם,false,,13.90,0.0397,true,1,62059
7290010569052,false,"גלידה חלבי 5 טעמים פיסטוק, שוקו, וניל, קרמל,מוקה 2ל'","גלידת שטראוס בע""\מ, רחוב",,חלבי 5 פיסטוק שוקו,ליטרים,2.00,ליטר,false,,22.90,11.4500,true,1,29032
7290010632114,false,מוצץ סיל' אורט'-זוג בינוני ללא ביספנול A טוליפס,טוליפס Tulips,,מוצץ סילקון זוג בינו,יחידה,2.00,יחידה,false,,16.90,8.4500,true,1,157722
7290010632572,false,נובי478-נשכן שרשרת חרוזים,מולינו ניקולי s.p.a,,נשכן שרשרת חרוזים,יחידה,0.00,יחידה,false,,35.90,0.0000,true,1,157766
7290010632787,false,צימרוני אוזניים מעץ 300 יח,הדקלאים אגודת שיתופי,,צימרוני אוזניים עץ 3,יחידה,0.00,יחידה,false,,3.90,0.0000,true,1,157652
7290010672851,false,מאפין חמישיות שוקו שוקו,פילסברי,,מאפין חמישיות שוקו-ש,יחידה,5.00,יחידה,false,,12.90,2.5800,true,1,187706
7290010679010,false,קוקטייל פירות ים 500,,,קוקטייל פירות ים 500,גרמים,500.00,100 גרם,false,,24.90,0.0498,true,1,48088
7290010679034,false,בייבי שרימפס 500 גר,,,בייבי שרימפס 500 גר,גרמים,500.00,100 גרם,false,,29.90,0.0598,true,1,82195
7290010679140,false,מדג שרימפס טמפורה 25,,,מדג שרימפס טמפורה 25,גרמים,250.00,100 גרם,false,,24.90,0.0996,true,1,123243
7290010679416,false,שרימפס מקולף 41-50 5,,,שרימפס 41-50 מקולף 5,גרמים,500.00,100 גרם,false,,39.90,0.0798,true,1,82265
7290010679737,false,מדג שרימפס וייט 26-3,,,מדג שרימפס וייט 26-3,יחידה,0.00,יחידה,false,,92.90,0.0000,true,1,55224
7290010679829,false,שרימפס 16-20 מקולף 1,,,שרימפס 16-20 מקולף,קילוגרמים,1.00,"ק""ג",false,,115.90,115.9000,true,1,82423
7290010679935,false,פילה דג בסה 1 קג,,,"פילה בסה 1 ק""ג",יחידה,0.00,יחידה,false,,21.90,0.0000,true,1,123257
7290010711123,false,כריות מתכת שייני 4 יחידות,מ.א ייצור ושיווק מטל,,4 כריות מתכת SHINY,יחידה,0.00,יחידה,false,,5.90,0.0000,true,1,112836
7290010711543,false,כף אשפה + גומי SHINY,שייני Shiny,,כף אשפה +גומי,יחידה,0.00,יחידה,false,,4.90,0.0000,true,1,104466
7290010718634,false,"פנינה רוזנבלום -אל סבון נוזלי לבן,1 ליטר",פנינה רוזנבלום,,פנינה - אל סבון נוזל,מיליליטרים,1000.00,"100 מ""ל",false,,10.90,0.0109,true,1,40247
7290010748853,false,"ד""ר פישר - אפקטיב קר קרם ידיים סנסיטיב 150 מ""ל",פישר מעבדות פרמצבטיות בע,,אפקטיב קר ק.ידים עדי,מיליליטרים,150.00,"100 מ""ל",false,,15.90,0.1060,true,1,40639
7290010748860,false,"ד""ר פישר - אפקטיב קר קרם ידיים אינטנסיב 150 מ""ל",פישר מעבדות פרמצבטיות בע,,אפקטיב קר ק.ידיים יב,מיליליטרים,150.00,"100 מ""ל",false,,15.90,0.1060,true,1,41831
7290010760886,false,"בורקס גבינה כשל""פ 600 גרם",מאפיית אריאל,,"בורקס גבינה כשל""פ 60",גרמים,600.00,100 גרם,false,,21.90,0.0365,true,1,100227
7290010766949,false,ממרח תחתיות ארטישוק 180ג' אוליביה,אוליביה,,אוליביה ממרח ארטישוק,גרמים,180.00,100 גרם,false,,13.90,0.0772,true,1,28282
7290010766956,false,ממרח פלפלים מתוקים אדומים אוליביה 180 גרם,אוליביה גורמה בעמ,,אוליביה ממרח פלפלים,גרמים,180.00,100 גרם,false,,13.90,0.0772,true,1,27988
7290010791545,false,מזון חתולים לה קט דליקטס פטה כבד 85 גרם,"הייקיו, תאילנד",,לה קט פטה כבד עוף 85,יחידה,0.00,יחידה,false,,5.00,0.0000,true,1,48014
7290010814695,false,שוקולד מריר פרווה ללא תוספת סוכר כרמית 85 גרם,"כרמית תעשיות ממתקים בע""\",,"חופשי שוק.מריר לל""ס",יחידה,0.00,יחידה,false,,7.50,0.0000,true,1,47527
7290010814701,false,שוקולד חלב ללא תוספת סוכר וסטהיים,"כרמית תעשיות ממתקים בע""\",,חופשי שוק.חלב ללס 85,יחידה,0.00,יחידה,false,,7.50,0.0000,true,1,48154
7290010838219,false,ממתיק על בסיס צמח הסטיביה - שקיות,"קיפל טבליות וממתיקים בע""מ",,מרמולייט סטיביה 100,יחידה,0.00,יחידה,false,,34.90,0.0000,true,1,55241
7290010838424,false,ג'ל לניקוי מתקדם בניחוח רענן - מארז זוג,"איטיליאן פוד, אס.פי.",,טואלט דאק בניחוח רענ,ליטרים,1.50,ליטר,false,,18.90,12.6000,true,1,42790
7290010838431,false,דאק נוזל לניקוי אסלות זוג בניחוח ים 2*750 מל,מיוצר עי קונדיטוריית,,טואלט דאק 750 זוג כח,ליטרים,1.50,ליטר,false,,18.90,12.6000,true,1,40348
7290010849543,false,למברוסקו דונאטו רוסו 750 מל,קאויקיולי,,למברוסקו דונאטו רוסו,יחידה,750.00,יחידה,false,,29.90,0.0399,true,1,76093
7290010849550,false,למברוסקו דונאטו רוזטו750,קאויקיולי,,למברוסקו דונאטו רוזא,יחידה,750.00,יחידה,false,,29.90,0.0399,true,1,76094
7290010883356,false,כפפות אלוורה רב שימושיות גדולות L סנו סושי,סנו סושי,,סנו סושי זוג כפפות א,יחידה,2.00,יחידה,false,,12.90,6.4500,true,1,49343
7290010883363,false,כפפות אלוורה רב שימושיות קטנות S סנו סושי,האי נאם סי או אל.טי.,,סנו סושי זוג כפפות א,יחידה,2.00,יחידה,false,,12.90,6.4500,true,1,52501
7290010883370,false,כפפות אלוורה רב שימושיות בינוניות M סנו סושי,האי נאם סי או אל.טי.,,סנו סושי זוג כפפות א,יחידה,2.00,יחידה,false,,12.90,6.4500,true,1,52502
7290010903801,false,אצבעות שניצל בציפוי,,,אצבעות שניצל בציפוי,יחידה,0.00,יחידה,false,,32.90,0.0000,true,1,187552
7290010945146,false,קוטג' 3% מועשר בסידן טרה 250 ג' מהדרין,קריות זול,,טרה קוטג מועשר 3% 25,גרמים,250.00,100 גרם,false,,6.20,0.0248,true,1,55248
7290010945450,false,גבינה לבנה 3% 250 גר מועשר בסידן וויטמין,הפריט בפיקוח,,טרה גבינה לבנה מהדרי,גרמים,250.00,100 גרם,false,,4.98,0.0199,true,1,55251
7290010945481,false,גבינה לבנה טרה 5% מרכיבים טבעיים,הפריט בפיקוח,,טרה גבינה לבנה 5% 50,גרמים,500.00,100 גרם,false,,9.96,0.0199,true,1,55252
7290010955015,false,יין קינוח רימונים 500 מל,יקב רימון,,יין רמון קינוח 500 מ,מיליליטרים,500.00,"100 מ""ל",false,,74.90,0.1498,true,1,99379
7290010962044,false,פול מצרי 560 ג' עדן,,,פול מוצרי A2,יחידה,0.00,יחידה,false,,5.90,0.0000,true,1,104848
7290010962051,false,חומוס גרגירים 560 ג' עדן,,,חומוס גרגירים 560 גר,גרמים,560.00,100 גרם,false,,5.90,0.0105,true,1,176836
7290010962075,false,אפונה וגזר 550 ג' עדן,,,אפונה וגזר 550 גרם ע,גרמים,550.00,100 גרם,false,,5.90,0.0107,true,1,104851
7290010962082,false,גרעיני תירס מתוקה 560 ג' עדן,,,גרעיני תירס מתוק 550,גרמים,550.00,100 גרם,false,,6.90,0.0125,true,1,125046
7290010962112,false,חריסה 550גר עדן,,,רסק פלפל A2,יחידה,0.00,יחידה,false,,5.90,0.0000,true,1,126586
7290010962150,false,רסק עגבניות 580 גרם,,,רסק עגבניות 580 גרם,יחידה,0.00,יחידה,false,,6.90,0.0000,true,1,126587
7290010962198,false,שעועית אפוייה 570 גר,,,שעועית אפוייה 570 גר,גרמים,570.00,100 גרם,false,,5.90,0.0104,true,1,104876
7290010962303,false,אפונה גינה 600 ג' עדן,,,אפונה גינה A2 עדן,יחידה,0.00,יחידה,false,,5.90,0.0000,true,1,105427
7290011015862,false,"סירופ דיאט לימונענע פריגת 750 מ""ל",סירופ - גבעת חיים,,פריגת סירופ דיאט לימ,מיליליטרים,750.00,"100 מ""ל",false,,22.90,0.0305,true,1,27370
7290011015985,false,"סירופ בטעם דיאט אננס 750 מ""ל פריגת",סירופ - גבעת חיים,,פריגת סירופ דיאט אננ,מיליליטרים,750.00,"100 מ""ל",false,,22.90,0.0305,true,1,173694
7290011017866,false,קוקה קולה קלאסי בפחית,החברה המרכזית לייצור משקאות,,משקה קוקה קולה סליק,מיליליטרים,330.00,"100 מ""ל",false,,6.00,0.0182,true,1,62082
7290011017873,false,"פחיות קוקה קולה זירו 330 מ""ל",החברה המרכזית לייצור משקאות,,משקה קוקה קולה זירו,מיליליטרים,330.00,"100 מ""ל",false,,6.00,0.0182,true,1,29539
7290011018368,false,ויינשטפן בירת חיטה לא מסוננת,"ויינשטפן, ת.ד 1155 פ",,בירה ויינשטפיין שישי,יחידה,0.00,יחידה,false,,75.00,0.0000,true,1,64609
7290011018443,false,"פנטה אורנג פחית סליק 330 מ""ל",החברה המרכזית לייצור משקאות,,משקה פאנטה אורנג סלי,מיליליטרים,330.00,"100 מ""ל",false,,6.00,0.0182,true,1,65299
7290011026523,false,ק.ב סנסטיב לפני השינה אל דמע לבנדר קמומיל 500 מ,פישר מעבדות פרמצבטיות בע,,קמיל אלדמע לפני השינ,מיליליטרים,500.00,"100 מ""ל",false,,22.00,0.0440,true,1,44038
7290011026530,false,ק.ב סנסטיב אל סבון לבנדר קמומיל לפני השינה 500 מ,פישר מעבדות פרמצבטיות בע,,קמיל סבון בלו לפני ש,מיליליטרים,500.00,"100 מ""ל",false,,22.00,0.0440,true,1,44039
7290011051358,false,"שוופס סודה לימון זכוכית 250 מ""ל",יפאורה תבורי בעמ,,שוופס סודה לימון 250,מיליליטרים,250.00,"100 מ""ל",false,,5.00,0.0200,true,1,27225
7290011064020,false,בולגרית למריחה בטעמים 200 גר,גבינות אמיר ניצן בעמ,,בולגרית בעיר 200גרם,גרמים,200.00,100 גרם,false,,14.90,0.0745,true,1,107250
7290011064075,false,מעדן לבנה מסבחה -אבו גוש 200 גרם,גבינות אמיר ניצן בעמ,,לבנה אבו גוש 200 גרם,גרמים,200.00,100 גרם,false,,14.90,0.0745,true,1,124060
7290011064099,false,ירקות או פרות ממולאים במעדן גבינה ניצן 125 גרם,גבינות אמיר ניצן בעמ,,טאפס שכונתי 125גרם,גרמים,125.00,100 גרם,false,,19.90,0.1592,true,1,107251
7290011065416,false,פלפל שחור מטחנה מימונס 60 גרם,"א.ל ייצור ושיווק תבלינים בע""מ",,פלפל שחור מטחנה 60 ג,יחידה,0.00,יחידה,false,,17.90,0.0000,true,1,125668
7290011081492,false,גלידה בטעם שלושה שוקולדים 1.33ל' קרמיסימו,"גלידת שטראוס בע""\מ, רחוב",,קרמיסימו נוגט,ליטרים,1.33,ליטר,false,,20.90,15.7143,true,1,29067
7290011081690,false,קרמיסימו פרווה שוקו ציפ+וניל ציפ 1.33ל,"גלידת שטראוס בע""\מ, רחוב",,קרמיסימו פרווה שוקו,ליטרים,1.33,ליטר,false,,20.90,15.7143,true,1,29029
7290011115159,false,סבון מוצק מועשר בקרם לחות ניחוח פרחים נקה 7 4*100 גרם,גליל כימיקלים בעמ,,נקה 7-סבון מוצק לחות,יחידה,4.00,יחידה,false,,12.90,3.2250,true,1,55304
7290011115166,false,נקה 7 ארומה סבון נוזלי לבנדר 1 ל',טרופיקל דגיל תעשיות,,תחליב רחצה לבנדר נקה,מיליליטרים,1000.00,"100 מ""ל",false,,13.90,0.0139,true,1,55305
7290011115173,false,נקה 7 ארומה סבון נוזלי וניל 1 ל',טרופיקל דגיל תעשיות,,תחליב רחצה וניל שקד,מיליליטרים,1000.00,"100 מ""ל",false,,13.90,0.0139,true,1,55306
7290011115203,false,אל סבון מוצק מבושם בניחוח עדין קלאסיק - מארז רביעיה,טרופיקל דגיל תעשיות,,נקה 7-סבון מוצק ורוד,יחידה,4.00,יחידה,false,,12.90,3.2250,true,1,55307
7290011115241,false,אל סבון ארומטי מוצק ורוד ורד ויסמין - מארז רביעיה,"גליל כימיכלים בע""מ",,נקה 7-סבון מוצק ארומ,יחידה,4.00,יחידה,false,,12.90,3.2250,true,1,55308
7290011115272,false,אל סבון מוצק מועשר בקרם לחות צמחים - מארז רביעיה,קוסמופארם בע'\'\מ,,נקה 7-סבון מוצק לחות,יחידה,4.00,יחידה,false,,12.90,3.2250,true,1,55311
7290011115289,false,אל סבון מוצק מבושם בניחוח עדין קלאסיק - מארז רביעיה,"גליל כימיכלים בע""מ",,נקה 7- סבון מוצק ליל,יחידה,4.00,יחידה,false,,12.90,3.2250,true,1,55312
7290011115401,false,אל סבון ארומטי מוצק צהוב קמומיל - רביעייה,נקה 7,,סבון מוצק ארומה לבן,יחידה,4.00,יחידה,false,,12.90,3.2250,true,1,55316
7290011126209,false,הגן הקסום תה טעם תפוח וקינמון סיידר ויסוצקי 25 יח',תה ויסוצקי,,תה הגן הקסום תפוח וק,יחידה,0.00,יחידה,false,,17.90,0.0000,true,1,41928
7290011126216,false,תה רויבוש קלאסי ויסוצקי 25 יחידות,תה ויסוצקי,,תה אדום רויבוש קלאסי,יחידה,0.00,יחידה,false,,27.00,0.0000,true,1,40782
7290011126452,false,הגן הקסום תה בטעם קמומיל ונענע ויסוצקי 25 יחידות,תה ויסוצקי,,תה קמומיל ונענע 25 ש,יחידה,25.00,יחידה,false,,17.90,0.7160,true,1,42083
7290011126469,false,חליטת צמחים וקמומיל הגן הקסום ויסוצקי 25 יחידות,תה ויסוצקי,,תה קמומיל ודבש 1.5 ג,יחידה,25.00,יחידה,false,,17.90,0.7160,true,1,40973
7290011131395,false,"מוזלי בתוספת 30% פירות 1 ק""ג גרין",ויטליאה ניקולה דו,,ירוק מיזלי קראנצ' 30,קילוגרמים,1.00,"ק""ג",false,,25.40,25.4000,true,1,40355
7290011131654,false,מוזלי קראנצ'י ביג מיקס עם פירות ואגוזים,ויטליה ניקולא דו,,גרין מיזלי ביג מיקס,גרמים,1000.00,100 גרם,false,,27.90,0.0279,true,1,97356
7290011131968,false,"גרנולה בתוספת שקדים ואגוזים גרין 1 ק""ג",ויטליה ניקולא דו,,ירוק גרנולה בתוספת ש,קילוגרמים,1.00,"ק""ג",false,,25.40,25.4000,true,1,40356
7290011131975,false,גרנולה בתוספת פירות מיובשים ומסוכרים,ויטליאה ניקולה דו,,ירוק גרנולה בתוספת פ,קילוגרמים,1.00,"ק""ג",false,,25.40,25.4000,true,1,40357
7290011132507,false,סן בנדטו- מים מנרליים - מוגז עדין 500 מל,אקווה מינרלה סאן בנדטו ב,,סאן בנדטו מוגז עדין,מיליליטרים,500.00,"100 מ""ל",false,,3.90,0.0078,true,1,87750
7290011133368,false,בירה שנדי בתוספת משקה תפוח - שישייה,"טמפו משקאות בע""מ",,"שנדי תפוח 330 מ""ל בק",יחידה,0.00,יחידה,false,,32.90,0.0000,true,1,62091
7290011148591,false,כרובית ארוזה ליח 50,עטרה,,שיני שום שלוף 500 גר,יחידה,0.00,יחידה,false,,18.90,0.0000,true,1,190779
7290011154080,false,"תרכיז תפוחים צלול 500 מ""ל טעמי הגליל",טעמי הגליל,,תרכיז תפוחים צלול,יחידה,0.00,יחידה,false,,24.90,0.0000,true,1,153898
7290011174866,false,צ'יפס בטטה 700 גרם פרי הגליל,פרי הגליל,,צ'יפס בטטה 700 גרם,גרמים,700.00,100 גרם,false,,14.90,0.0213,true,1,120649
7290011194215,false,מעדן גבינה ויוגורט בטעם בננה 5% שומן 88 ג' דניאלה,"שטראוס בריאות בע""מ",,"דניאלה בננה 150 מ""ל",מיליליטרים,150.00,"100 מ""ל",false,,4.10,0.0273,true,1,42803
7290011194246,false,קוטג' 5% עם סידן 250 ג' שטראוס,מיוצר עי קונדיטוריית,,קוטג שטראוס 5% עם סי,גרמים,250.00,100 גרם,false,,5.80,0.0232,true,1,41937
7290011215347,false,גבטה 180 קפואה,,,גבטה 180 קפואה,יחידה,0.00,יחידה,false,,5.00,0.0000,true,1,96762
7290011223045,false,בונומי בישקוטים 200 גרם,בונומי ס.פ.א,,בונומי בישקוטים 200,גרמים,200.00,100 גרם,false,,8.00,0.0400,true,1,40977
7290011223243,false,"טואלט דאק ג'ל לאסלה בניחוח לבנדר 55 מ""ל","איטיליאן פוד, אס.פי.",,ט.דאק ג'ל אסלה ניחוח,יחידה,55.00,יחידה,false,,11.00,0.2000,true,1,41033
7290011236649,false,"נטיפי שוקולד ציפס אמיתי 300 גר' 54% מוצקי קקאו (בד""ץ)",קריות זול,,שקדיה שוקולד צ'יפס ב,גרמים,300.00,100 גרם,false,,11.90,0.0397,true,1,77973
7290011239213,false,חטיפים מתוקים -מחרום,בני ריאד מחרום,,חטיפי מחרום 100 גרם,גרמים,100.00,100 גרם,false,,5.00,0.0500,true,1,52511
7290011239237,false,חטיף אגוזים ישראלי 250גר,בני ריאד מחרום,IL,חטיף אגוזים ישראלי 2,גרמים,250.00,100 גרם,false,,14.90,0.0596,true,1,194595
7290011239336,false,חלבה מחרום ללא סוכר400ג,"בני ריאד מחרום בע""מ",,חלבה ללא תוספת סוכר,גרמים,400.00,100 גרם,false,,19.90,0.0497,true,1,149881
7290011239404,false,חטיפים שונים ארוזים330ג,"בני ריאד מחרום בע""מ",,חטיפים שונים ארוזים,גרמים,330.00,100 גרם,false,,14.90,0.0452,true,1,115571
7290011239657,false,רחת לוקום ארוז קוביות500,"בני ריאד מחרום בע""מ",,רחת לוקום ארוז קוביו,גרמים,500.00,100 גרם,false,,14.90,0.0298,true,1,115572
7290011240868,false,"יין מוסקטו אדום מבעבע יקבי ציון 750 מ""ל",יקבי ציון,,מוסקטו אדום,מיליליטרים,750.00,"100 מ""ל",false,,29.00,0.0387,true,1,98901
7290011242008,false,קפה טחון דבאח עם היל,,,קפה טחון דבאח עם היל,קילוגרמים,1.00,"ק""ג",false,,60.00,60.0000,true,1,48291
7290011242015,false,קפה טחון דבאח 500 גר,,,קפה טחון דבאח 500 גר,גרמים,500.00,100 גרם,false,,29.90,0.0598,true,1,52512
7290011242039,false,קפה טחון דבאח 250 גר,,,קפה טחון דבאח 250 גר,גרמים,250.00,100 גרם,false,,14.90,0.0596,true,1,49922
7290011242046,false,הום מטליות מיקרופייב,,,הום מטליות מיקרופייב,יחידה,0.00,יחידה,false,,9.90,0.0000,true,1,159690
7290011242053,false,הום 3 מטליות מיקרופי,,,הום 3 מטליות מיקרופי,יחידה,0.00,יחידה,false,,14.90,0.0000,true,1,159691
7290011242091,false,כוס לשתייה חמה 10 OZ,,,כוס לשתייה חמה 10 OZ,יחידה,0.00,יחידה,false,,12.90,0.0000,true,1,160570
7290011242114,false,GRILL מדליק פחמים,,,GRILL מדליק פחמים,גרמים,400.00,100 גרם,false,,6.90,0.0173,true,1,162743
7290011242121,false,נויה בייבי בייסיק מג,,,נויה בייבי בייסיק מג,יחידה,0.00,יחידה,false,,11.90,0.0000,true,1,163139
7290011242169,false,הום מרכך כביסה מרוכז,,,הום מרכך כביסה מרוכז,יחידה,0.00,יחידה,false,,13.90,0.0000,true,1,163159
7290011242176,false,הום מרכך כביסה מרוכז,,,הום מרכך כביסה מרוכז,יחידה,0.00,יחידה,false,,13.90,0.0000,true,1,163160
7290011242190,false,כוסמת 800 גרם,,,כוסמת 800 גרם,גרמים,800.00,100 גרם,false,,14.90,0.0186,true,1,52516
7290011242220,false,הום נוזל לניקוי רצפו,,,הום נוזל לניקוי רצפו,יחידה,0.00,יחידה,false,,12.90,0.0000,true,1,163165
7290011242237,false,עדשים 800 גרם,,,עדשים 800 גרם,גרמים,800.00,100 גרם,false,,9.90,0.0124,true,1,48389
7290011242244,false,עדשים ירוקות קטנות 8,,,עדשים ירוקות קטנות 8,גרמים,800.00,100 גרם,false,,9.90,0.0124,true,1,48295
7290011242251,false,עדשים ירוקות גדולות,,,עדשים ירוקות גדולות,גרמים,800.00,100 גרם,false,,9.90,0.0124,true,1,48161
7290011242268,false,עדשים אדומות 800 גרם,,,עדשים אדומות 800 גרם,גרמים,800.00,100 גרם,false,,9.90,0.0124,true,1,48162
7290011242275,false,גרעיני תירס פופקורן,,,גרעיני תירס פופקורן,גרמים,800.00,100 גרם,false,,9.90,0.0124,true,1,48163
7290011242282,false,גרעיני תורמוס 800 גר,,,גרעיני תורמוס 800 גר,גרמים,800.00,100 גרם,false,,9.90,0.0124,true,1,47543
7290011242299,false,גרעיני חיטה 800 גרם,,,גרעיני חיטה 800 גרם,גרמים,800.00,100 גרם,false,,9.90,0.0124,true,1,46808
7290011242329,false,גרעיני חומוס 800 גרם,,,גרעיני חומוס 800 גרם,גרמים,800.00,100 גרם,false,,9.90,0.0124,true,1,49928
7290011242336,false,גרעיני פול 700 גרם,,,גרעיני פול 700 גרם,גרמים,700.00,100 גרם,false,,14.90,0.0213,true,1,48478
7290011242350,false,הום ג'ל כביסה 3 ליטר,,,הום ג'ל כביסה 3 ליטר,יחידה,0.00,יחידה,false,,24.90,0.0000,true,1,163167
7290011242367,false,גרעיני שעועית לבנה 8,,,גרעיני שעועית לבנה 8,גרמים,800.00,100 גרם,false,,9.90,0.0124,true,1,48390
7290011242374,false,בורגול דק 800 גרם,,,בורגול דק 800 גרם,גרמים,800.00,100 גרם,false,,5.90,0.0074,true,1,48058
7290011242381,false,בורגול עבה 800 גרם,,,בורגול עבה 800 גרם,גרמים,800.00,100 גרם,false,,5.90,0.0074,true,1,47545
7290011242397,false,הום שקיות אשפה 25 שק,,,הום שקיות אשפה 25 שק,יחידה,0.00,יחידה,false,,9.90,0.0000,true,1,163163
7290011242435,false,פריקה 800 גרם,,,פריקה 800 גרם,גרמים,800.00,100 גרם,false,,14.90,0.0186,true,1,49929
7290011242459,false,הום מרכך כביסה 4 ליט,,,הום מרכך כביסה 4 ליט,יחידה,0.00,יחידה,false,,16.90,0.0000,true,1,163367
7290011242466,false,הום מרכך כביסה 4 ליט,,,הום מרכך כביסה 4 ליט,יחידה,0.00,יחידה,false,,16.90,0.0000,true,1,163368
7290011242473,false,הום מרכך כביסה 4 ליט,,,הום מרכך כביסה 4 ליט,יחידה,0.00,יחידה,false,,16.90,0.0000,true,1,163369
7290011242497,false,מארז קפסולות אספרסו,,,מארז קפסולות אספרסו,יחידה,0.00,יחידה,false,,17.90,0.0000,true,1,188833
7290011242503,false,הום נוזל לניקוי רצפו,,,הום נוזל לניקוי רצפו,יחידה,0.00,יחידה,false,,12.90,0.0000,true,1,165668
7290011242558,false,"מנגל עם רשת 60 ס""מ G",UNVER-BBQ,,"מנגל עם רשת 60 ס""מ G",יחידה,1.00,יחידה,false,,99.90,99.9000,true,1,188349
7290011242565,false,GRILL רשת לצליה 40*3,UNVER-BBQ,,GRILL רשת לצליה 40*3,יחידה,1.00,יחידה,false,,14.90,14.9000,true,1,186153
7290011242589,false,GRILL רשת לצליה 30*5,UNVER-BBQ,,GRILL רשת לצליה 30*5,יחידה,0.00,יחידה,false,,19.90,0.0000,true,1,186154
7290011242619,false,הום מגבונים לניקוי ב,,,הום מגבונים לניקוי ב,יחידה,0.00,יחידה,false,,24.90,0.0000,true,1,166878
7290011242626,false,צימוקים בהירים 300 ג,,,צימוקים בהירים 300 ג,יחידה,0.00,יחידה,false,,19.90,0.0000,true,1,129286
7290011242633,false,GRILL פחם מעץ טבעי פ,MAUROBERA,,GRILL פחם מעץ טבעי פ,יחידה,0.00,יחידה,false,,120.00,0.0000,true,1,170495
7290011242664,false,שקית מתנה קפה,,,שקית מתנה קפה,יחידה,0.00,יחידה,false,,3.00,0.0000,true,1,179656
7290011242701,false,מארז קפסולות קפה עם,,,מארז קפסולות קפה עם,גרמים,200.00,100 גרם,false,,17.90,0.0895,true,1,188834
7290011242749,false,אננס טבעי מיובש 200,,,אננס טבעי מיובש 200,יחידה,0.00,יחידה,false,,19.90,0.0000,true,1,129312
7290011242756,false,"קפה ירוק 2ק""ג",,,"קפה ירוק 2ק""ג",קילוגרמים,2.00,"ק""ג",false,,70.00,35.0000,true,1,52525
7290011242770,false,אננס מיובש בטעם מנגו,,,אננס מיובש בטעם מנגו,יחידה,0.00,יחידה,false,,9.90,0.0000,true,1,129313
7290011242787,false,רצועות קוקוס 200 גרם,,,רצועות קוקוס 200 גרם,יחידה,0.00,יחידה,false,,12.90,0.0000,true,1,129316
7290011242817,false,בוטנים קלויים עם קלי,,,בוטנים קלויים עם קלי,גרמים,400.00,100 גרם,false,,9.90,0.0248,true,1,79734
7290011242886,false,לחמניות רגילות 10 יח,,,לחמניות רגילות 10 יח,יחידה,0.00,יחידה,false,,12.90,0.0000,true,1,181959
7290011242947,false,מנגל עם רשת 80 סמ' G,UNVER-BBQ,,מנגל עם רשת 80 סמ' G,יחידה,0.00,יחידה,false,,119.90,0.0000,true,1,188350
7290011242954,false,מנגל עם רשת 40 סמ' G,UNVER-BBQ,,מנגל עם רשת 40 סמ' G,יחידה,0.00,יחידה,false,,44.90,0.0000,true,1,188031
7290011249212,false,וופל עלמה בלגי לימון 200 גר' ללא סוכר,"גילרו בע""מ",,וופל בלגי לימון 200,גרמים,200.00,100 גרם,false,,4.90,0.0245,true,1,55340
7290011249250,false,עלמה גביעי גלידה אמריקאי 24 יח',"גילרו בע""מ",,רזיט גביעי גלידה אמר,יחידה,24.00,יחידה,false,,11.90,0.4958,true,1,104809
7290011249748,false,רולים גלילי ופל במילוי קרם שוקולד 100 ג' עלמה,"גילרו בע""מ",,רולים שוקו 100 גרם,יחידה,0.00,יחידה,false,,4.90,0.0000,true,1,104802
7290011249755,false,רולים גלילי ופל במילוי קרם אגוזים 100 ג' עלמה,"גילרו בע""מ",,רולים אגוז 100 גרם,יחידה,0.00,יחידה,false,,4.90,0.0000,true,1,104803
7290011302900,false,ערמוני אלטאי פרימיום,,,ערמוני אלטאי פרימיום,יחידה,0.00,יחידה,false,,29.90,0.0000,true,1,97598
7290011302962,false,ערמונים טריים אלטאי,מוצר חקלאי טרי,,ערמוני אלטאי,יחידה,0.00,יחידה,false,,29.90,0.0000,true,1,98254
7290011332983,false,מגבונים לניקוי אף מגבונאף קמיל בלו- מארז שלישייה,פישר מעבדות פרמצבטיות בע,,מגבון אף קמיל בלו 3*,יחידה,90.00,יחידה,false,,22.90,0.2544,true,1,148838
7290011378028,false,חלבה קלאסית וניל ללא תוספת סוכר בארכה 350 גרם,"רושדי תעשיות מזון בע""\מ",,חלבה ללא סוכר משומשו,גרמים,350.00,100 גרם,false,,14.90,0.0426,true,1,173599
7290011378257,false,חטיף חלבה בטעם וניל ללא תוספת סוכר בתוספת פיסטוק ופקאן,"רושדי תעשיות מזון בע""\מ",,בארכה חטיף חלבה פקאן,גרמים,120.00,100 גרם,false,,11.90,0.0992,true,1,69808
7290011378349,false,חלבה קלאסית וניל 350 ג' אלהילאל,,,אלהילאל חלבה קלאסית,גרמים,350.00,100 גרם,false,,13.90,0.0397,true,1,40987
7290011378356,false,חלבה קלאסית שוקו וניל 350 ג' אלהילאל,,,אלהילאל חלבה קלאסית,גרמים,350.00,100 גרם,false,,13.90,0.0397,true,1,42058
7290011378363,false,חלבה קלאסית וניל 700 ג' אלהילאל,General,,חלבה קלאסית וניל 700,גרמים,700.00,100 גרם,false,,25.90,0.0370,true,1,42813
7290011378394,false,"חלבה נאבלסיה שוקו 1.3 ק""ג אלהילאל",,,אלהילאל חלבה קלאסית,קילוגרמים,1.30,"ק""ג",false,,39.90,30.6923,true,1,40367
7290011378400,false,"חלבה קלאסית וניל אלהילאל 1.3 ק""ג",,,אלהילאל חלבה קלאסית,קילוגרמים,1.30,"ק""ג",false,,39.90,30.6923,true,1,40368
7290011378776,false,חטיף חלווה פיסטוק בארכה 126 גרם מארז 7 יחידות,"רושדי תעשיות מזון בע""\מ",,בארכה חטיף חלבה פיסט,גרמים,120.00,100 גרם,false,,11.90,0.0992,true,1,58624
7290011378837,false,פרוסות חלבה פולי קקאו 400 ג' אלהילאל,,,פרוסות חלווה פולה קק,גרמים,400.00,100 גרם,false,,15.90,0.0398,true,1,65380
7290011379018,false,מארז משפחתי שמפיניון 500 ג' מרינה,מרינה פטריות הגליל,,מארז זוג פטריות מרינ,יחידה,0.00,יחידה,false,,15.90,0.0000,true,1,55350
7290011392055,false,אקווה פרש מברשת סופט פלקס 3 יחידות,גלקסוסמיתקליין,,אקווה פרש מב.פלקס של,יחידה,3.00,יחידה,false,,9.90,3.3000,true,1,151007
7290011431020,false,כוסות קרטון 10 OZ איכותי 50 יחי' שמאי,,,כוסות קרטון 10 OZ גד,יחידה,0.00,יחידה,false,,16.90,0.0000,true,1,125218
7290011431037,false,כוסות קרטון 12 OZ איכותי 50 יחי' שמאי,,,כוסות קרטון 12 OZ ענ,יחידה,0.00,יחידה,false,,19.90,0.0000,true,1,125219
7290011431198,false,"נייר כסף דמוי דימונד 200 שמאי כשל""פ עד""ח",,,שמאי נייר כסף 60.9 מ,יחידה,0.00,יחידה,false,,24.90,0.0000,true,1,129279
7290011431341,false,"מזלג איכותי שמאי 100 יחי' כשל""פ עד""ח",,,מזלג לבן ארוז 100 יח,יחידה,0.00,יחידה,false,,8.90,0.0000,true,1,125208
7290011431358,false,כפיות איכותי ר. שמאי 100 יחי' כשל''פ עד''ח,,,כפיות לבן ארוז 100 י,יחידה,0.00,יחידה,false,,5.90,0.0000,true,1,125209
7290011431372,false,"לפתניות צבעוני 25 יח' שמאי כשל""פ עד""ח",,,לפתניות צבעוני 25 יח,יחידה,0.00,יחידה,false,,4.90,0.0000,true,1,125220
7290011431389,false,"צלחות מרק צבעוני 25 יח' ר. שמאי עד""ח",,,צלחות מרק צבעוני 25,יחידה,0.00,יחידה,false,,9.90,0.0000,true,1,125221
7290011431396,false,"צלחות קטן צבעוני 25 יח' שמאי כשל""פ עד""ח",,,צלחות קטן צבעוני 25,יחידה,0.00,יחידה,false,,7.90,0.0000,true,1,125222
7290011431419,false,"צלחות גדול צבעוני 25 יח' שמאי כשל""פ עד""ח",,,צלחות גדול צבעוני 25,יחידה,0.00,יחידה,false,,12.90,0.0000,true,1,125223
7290011431426,false,"מגש אובלי צבעוני 25 יח' שמאי כשל""פ עד""ח",,,מגש אובלי צבעוני 25,יחידה,0.00,יחידה,false,,22.90,0.0000,true,1,125224
7290011431433,false,קעריות אובליות צבעוני שמאי 25 יח',,,קעריות אובלי צבעוני,יחידה,25.00,יחידה,false,,5.90,0.2360,true,1,124247
7290011431440,false,"נייר כסף שמאי עבה 50 מ' רוחב 45 ס""מ כשל""פ עד""ח",,,ר.שמאי נייר כסף עבה,יחידה,0.00,יחידה,false,,39.90,0.0000,true,1,144161
7290011431600,false,תבניות *פרימיום* גדול אמריקאי ארוז 4 יח' ר. שמאי,.,,מגש אלומיניום אמריקא,יחידה,4.00,יחידה,false,,9.90,2.4750,true,1,122789
7290011431624,false,תבניות *פרימיום* אינגליש ענק אמריקאי ארוז 4 יח' ר. שמאי,,,מגש אלומיניום אינגלי,יחידה,4.00,יחידה,false,,9.90,2.4750,true,1,122791
7290011431648,false,תבניות *פרימיום* אליפסה אמריקאי ארוז 5 יח' 1-2 ר. שמאי,.,,מגש אלומיניום אליפסה,יחידה,4.00,יחידה,false,,9.90,2.4750,true,1,122793
7290011431709,false,טישו לאף פרימיום מארז 100X5יח',,,שמאי נייר טישו חמישי,יחידה,5.00,יחידה,false,,9.90,1.9800,true,1,127502
7290011431808,false,מפות 45 מטר עבה מאוד כחול קריסטלי שמאי כשלפ עדח,,,שמאי - מפה גליל 45 מ,יחידה,0.00,יחידה,false,,39.90,0.0000,true,1,154941
7290011431815,false,מפות שמיניות עבה במיוחד קריסטלי כחול שמאי,,,מפות שמיניות עבה במי,יחידה,0.00,יחידה,false,,11.90,0.0000,true,1,154942
7290011431846,false,"מפות 45 מטר עבה כתום שמאי כשל""פ עד""ח",,,מפות 45 מטר עבה כתום,יחידה,0.00,יחידה,false,,19.90,0.0000,true,1,154943
7290011431860,false,"מפות עבות ח""פ ר. שמאי מארז 6יח' כשל""פ",,,שמאי - מפות 6 יחי' ע,יחידה,0.00,יחידה,false,,9.90,0.0000,true,1,136627
7290011431983,false,"כוסיות ליקר איכותי 40 יח' כשל""פ עד""ח שמאי",,,כוסיות ליקר איכותי 4,יחידה,0.00,יחידה,false,,6.90,0.0000,true,1,127314
7290011438142,false,"משקה יטבתה אייס קפה בבקבוק אישי 350 מ""ל",שטראוס גרופ,,יטבתה משקה אייס קפה,יחידה,350.00,יחידה,false,,6.30,0.0180,true,1,40460
7290011447748,false,"מזון לחתולים יבש עם דגי אוקיינוס וטונה סופר קט 3 ק""ג",קריות זול,,סופר קט בטעם דגי אוק,קילוגרמים,3.00,"ק""ג",false,,54.90,18.3000,true,1,49939
7290011447908,false,"מזון לחתולים מלא טעם עוף וכבד סופר קט 3 ק""ג",קריות זול,,סופר קט בטעם עוף וכב,קילוגרמים,3.00,"ק""ג",false,,54.90,18.3000,true,1,49940
7290011461058,false,גומא - מקלות ריחניים,יושלם,,מוסקו ריחניים ב 20 ש,יחידה,0.00,יחידה,false,,20.00,0.0000,true,1,55356
7290011468132,false,"דלי טחינה הנסיך 3 ק""",,,"דלי טחינה הנסיך 3 ק""",קילוגרמים,3.00,"ק""ג",false,,69.90,23.3000,true,1,29541
7290011468323,false,אמיר טחינה 450 גרם,,,אמיר טחינה 450 גרם,גרמים,450.00,100 גרם,false,,12.90,0.0287,true,1,125124
7290011468330,false,אמיר טחינה 900 גרם,,,אמיר טחינה 900 גרם,גרמים,900.00,100 גרם,false,,24.90,0.0277,true,1,125448
7290011468781,false,אל אמיר טחינה בקבוק,,,אל אמיר טחינה בקבוק,גרמים,300.00,100 גרם,false,,14.90,0.0497,true,1,175454
7290011473204,false,עדשים ירוקים אורגני 500 גרם,ארוז ע' תבואות,,תבואת בר עדשים ירוקי,יחידה,0.00,יחידה,false,,14.90,0.0000,true,1,105010
7290011473570,false,קמח חומוס טבעי 500 גרם תבואות,תבואות מוצרי מזון או,,תבואות קמח חומוס טבע,יחידה,0.00,יחידה,false,,13.90,0.0000,true,1,167888
7290011474447,false,קוואקר עבה טבעי 500 גרם תבאות,תבואות,,תבואות קוואקר עבה או,יחידה,0.00,יחידה,false,,7.50,0.0000,true,1,167895
7290011499051,false,פטה כבשים מסורתית 20% בגביע 250 גרם - רובין,MKN עבור מחלבות גד ב,,גד פטה כבשים גביע 20,גרמים,250.00,100 גרם,false,,23.90,0.0956,true,1,46832
7290011499112,false,בולגרית מסורתית 16% 250 גרם - רבנות,"מיוצר ע""י dsh",,גד בולגרית 16% 250 ג,גרמים,250.00,100 גרם,false,,21.90,0.0876,true,1,46833
7290011499129,false,גבינה בולגרית מעודנת קוביות קטנות 5% גד 200 גרם,קוד יצרן DSH,,גד בולגרית מעודנת קו,גרמים,200.00,100 גרם,false,,20.20,0.1010,true,1,46834
7290011499303,false,פטה עיזים מעודנת 5% בגביע 250 גרם - רבנות,ג'נרל מילס סאן אדריא,,גד בולגרית עזים מעוד,גרמים,250.00,100 גרם,false,,29.90,0.1196,true,1,52535
7290011499327,false,גבינה בולגרית מעודנת 5% 250 גרם - רבנות,מיוצר על ידי DSH עבו,,גד בולגרית בקר מעודנ,גרמים,250.00,100 גרם,false,,21.90,0.0876,true,1,82116
7290011499341,false,גבינת קשקבל ארוז 26 אחוז 250גרם גד,הנסיך- מפעל לייצור ט,,גד קשקבל ארוז 26% 20,גרמים,200.00,100 גרם,false,,28.90,0.1445,true,1,46909
7290011499365,false,גד חלומי 24% 200 גרם רובין,"מחלבות גד בע""\מ",,גד חלומי 24% 200ג,גרמים,200.00,100 גרם,false,,21.90,0.1095,true,1,46910
7290011499419,false,גבינה במרקם שמנת בטעם טבעי 5% ניו יורק,גבינות מדף,,גד גבינה במרקם שמנת,גרמים,200.00,100 גרם,false,,11.50,0.0575,true,1,132126
7290011499525,false,גבינת לאבנה דרוזית 9% גד 500 גרם,מחלבות גד בעמ,,גד לאבנה דרוזית 9% 5,גרמים,500.00,100 גרם,false,,19.90,0.0398,true,1,48415
7290011499624,false,שמנת 30% ניו יורק טבעי 200 גרם רבנות,גבינות מדף,,גד ניו יורק גבינת שמ,גרמים,200.00,100 גרם,false,,13.90,0.0695,true,1,46912
7290011499846,false,גבינת ריקוטה פרסקה 9% גד 300 גרם,מחלבות גד בעמ,,גד ריקוטה פרסקה 5% 3,גרמים,300.00,100 גרם,false,,17.20,0.0573,true,1,48501
7290011499853,false,שמנת 30% ניו יורק זיתים 200 גרם רובין,מחלבות גד (שיווק 199,,גד ניו יורק גבינת שמ,גרמים,200.00,100 גרם,false,,12.90,0.0645,true,1,48512
7290011505035,false,נובי5364 הנגיסון למזון טרי עם מכסה,נובי Nuby,,נובי הנגיסון למזון ט,יחידה,0.00,יחידה,false,,34.90,0.0000,true,1,157751
7290011505806,false,קיסמי שיניים דנטאליים מפלסטיק 200 יחידות בחבית,W.H.J.C. Co,,קיסמי שיניים דנטאליי,יחידה,0.00,יחידה,false,,8.90,0.0000,true,1,157659
7290011518561,false,"אקטימל תות 1.51 ק""ג מארז 14 יחידות",מיוצר עי קונדיטוריית,,אקטימל תות משפחתי 14,ליטרים,1.40,ליטר,false,,29.90,21.3571,true,1,42945
7290011524548,false,גרגירי חומוס פרי הגליל 800 גרם,"פרי הגליל בע""""מ",,פרי הגליל גרגירי חומ,גרמים,800.00,100 גרם,false,,11.90,0.0149,true,1,27502
7290011524555,false,שעועית לבנה אפויה 800 ג' פרי הגליל,"פרי הגליל בע""""מ",,פרי גליל שעועית לבנה,גרמים,800.00,100 גרם,false,,11.90,0.0149,true,1,81841
7290011524968,false,פולי סויה מוקפאים Green & Fresh,גרין אנד פרש Green & Fresh,,"פולי סויה קפוא 1ק""ג",קילוגרמים,1.00,"ק""ג",false,,15.90,15.9000,true,1,111353
7290011525712,false,"קמיל בלו אל סבון סנסיטיב לפני השינה ד""ר פישר 1 ליטר",פישר מעבדות פרמצבטיות בע,,קמיל בלו סנסיטיב לפנ,ליטרים,1.00,ליטר,false,,34.90,34.9000,true,1,42947
7290011525729,false,שמפו לתינוק קמיל בלו סנסטיב לפני השינה עם לבנדר וקמומיל,פישר מעבדות פרמצבטיות בע,,קמיל בלו סנסיטיב לפנ,ליטרים,1.00,ליטר,false,,34.90,34.9000,true,1,41050
7290011570132,false,"קמח ללא גלוטן גלעם 1 ק""ג-",אשבל מזון פונקציונלי,,קונדיטור קמח ללא גלו,קילוגרמים,1.00,"ק""ג",false,,16.90,16.9000,true,1,52542
7290011570507,false,קמח כרגיל ללא גלוטן 450 גרם,אשבל מזון פונקציונלי בע\,,אשבל קמח רב תכליתי -,גרמים,450.00,100 גרם,false,,19.90,0.0442,true,1,103825
7290011570644,false,קמח רב תכליתי ללא גלוטן אשבל 450 גרם,אשבל מזון פונקציונלי בע\,,אשבל קמח לחם ללא גלו,גרמים,500.00,100 גרם,false,,19.90,0.0398,true,1,103886
7290011570781,false,"קמח כרגיל ללא גלוטן בטעם וניל אשבל 1 ק""ג",אשבל מזון פונקציונלי בע\,,קמח כרגיל בטעם וניל,גרמים,450.00,100 גרם,false,,19.90,0.0442,true,1,116380
7290011570798,false,"קמח כרגיל ללא גלוטן בטעם שוקולד אשבל 1 ק""ג",אשבל מזון פונקציונלי בע\,,קמח כרגיל בטעם שוקול,גרמים,450.00,100 גרם,false,,19.90,0.0442,true,1,116381
7290011575250,false,מבריק וצובע נעליים הפי,יעקבי - הפי Hepi,,מבריק נעליים שחור הפ,יחידה,0.00,יחידה,false,,10.00,0.0000,true,1,81500
7290011587123,false,קרם קוקוס תומר 400 מ,Thai coconut co ltd,,קרם קוקוס 400 מל,גרמים,400.00,100 גרם,false,,10.00,0.0250,true,1,40468
7290011587697,false,ממרח עגבניות מיובשות פסטו תומר 340 ג',Sunto gida sun ve ti,,תומר ממרח עגבניות מי,גרמים,340.00,100 גרם,false,,14.00,0.0412,true,1,72542
7290011587857,false,עגבניות מיובשות בשמן חמניות ועשבי תיבול,סנטו דידה סאן,,עגבניות מיובשות מתוב,גרמים,250.00,100 גרם,false,,12.00,0.0480,true,1,72543
7290011598211,false,"סנו - אנטי קאלק מרסס ניקוי כללי 4 ב-1 700 מ""ל",מיוצר עי קונדיטוריית,,מנקה כללי אנטיקאלק 7,מיליליטרים,700.00,"100 מ""ל",false,,19.90,0.0284,true,1,47700
7290011598259,false,"פרש מטהר אוויר אוטומטי בניחוח מאסק סנו 250 מ""ל",סנו מפעלי ברונוס בעמ,,סנו פרש אוטומטיק מאס,מיליליטרים,250.00,"100 מ""ל",false,,15.90,0.0636,true,1,50189
7290011598365,false,רביעיית מטליות מיקרופייבר מקצועיות סנו סושי,סנו סושי,,סנו סושי מטליות מקרו,יחידה,4.00,יחידה,false,,14.90,3.7250,true,1,48647
7290011598402,false,מקסימה מרכך כביסה ארומתרפי מאסק סנו 4 ליטר,"סנו מפעלי ברונוס בע""\מ",,מרכך כביסה סנו מקסימ,ליטרים,4.00,ליטר,false,,22.90,5.7250,true,1,46917
7290011615260,false,"טורטייה 20 ס""מ קוטר וילי פוד 540 גר",מוטלוקל גידה סאנאי ט,,וילי פוד עלי טורטיה,גרמים,540.00,100 גרם,false,,11.00,0.0204,true,1,55379
7290011615277,false,"עלי טורטיוה קמח חיטה 25ס""מ 12יח' ויליפוד 840 ג'",מוטלוקאל גידה סאן טי,,וילי פוד עלי טורטיה,גרמים,840.00,100 גרם,false,,16.00,0.0190,true,1,50192
7290011615406,false,בולגרית בקוביות בשמן ותבלינים הבולגריה 325 ג' קוליוס,"קוליוס אס. איי, גריק",,הבולגריה בקוביות (בש,גרמים,325.00,100 גרם,false,,13.90,0.0428,true,1,48429
7290011622664,false,כתמטמינים - חטיף אצבעות טחינה אורז ותירס 45 גרם,אלס נוטרישן,,כתמטמינים טחינה 45 ג,יחידה,0.00,יחידה,false,,5.90,0.0000,true,1,124751
7290011668143,false,מסיכה משקמת ומטפחת לשיער צבוע ופגום,פנינה רוזנבלום PR,,"מסיכה משקמת 1 ק""ג פנ",גרמים,1000.00,100 גרם,false,,32.00,0.0320,true,1,42077
7290011668426,false,"מרכך אובלפיחה לשיער רגיל 750 מ""ל פנינה רוזנבלום",פנינה רוזנבלום,,מרכך אובלי יומי פנינ,מיליליטרים,750.00,"100 מ""ל",false,,12.90,0.0172,true,1,44071
7290011668457,false,"שמפו לשיער גלי שמן זית 750 מ""ל פנינה רוזנבלום",פנינה רוזנבלום,,שמפו שמן זית גלי פני,מיליליטרים,750.00,"100 מ""ל",false,,12.90,0.0172,true,1,44072
7290011668464,false,"מרכך שיער שמן זית לשיער מתולתל 750 מ""ל פנינה רוזנבלום",א.ל ארמן,,מרכך שמן זית מתולתל,יחידה,750.00,יחידה,false,,12.90,0.0172,true,1,44073
7290011687014,false,לחם פרנה עגול מאפית,,,פרנה,יחידה,0.00,יחידה,false,,15.90,0.0000,true,1,192443
7290011695286,false,קיסמים דנטלים עם מבר,YANGCHENG DILING,,קיסם הפלא 250 יח',יחידה,200.00,יחידה,false,,8.90,0.0445,true,1,82125
7290011695651,false,צנימים עגולים 300 גרם נאמן,S.P.A ניולט,,צנימים עגולים 300גרם,גרמים,300.00,100 גרם,false,,12.90,0.0430,true,1,47829
7290011695712,false,חמאת בוטנים עם שברי 510 ג' NEEMAN,SUPER NUTRI,,חמאת בוטנים גדול 510,גרמים,510.00,100 גרם,false,,11.90,0.0233,true,1,125137
7290011695972,false,טוסטים מלבנים בטעמים 100 גרם,NEWLAT,,טוסטים טעימים 100ג,גרמים,100.00,100 גרם,false,,7.90,0.0790,true,1,48255
7290011743833,false,"משחת שיניים סנסודיין פרונאמל 75 מ""ל",גלקסו סמית קליין,,סנסודיין משחת שיניים,יחידה,75.00,יחידה,false,,24.90,0.3320,true,1,41148
7290011765088,false,ג'ל גילוח לעור רגיל מנטול Cool,טרופיקל דגיל תעשיות,,גל גילוח קרמה קול 20,מיליליטרים,200.00,"100 מ""ל",false,,13.90,0.0695,true,1,52553
7290011765095,false,קרמה מן גל גילוח אלוורה ירוק 200 מל,טרופיקל דגיל תעשיות,,גל גילוח קרמה דליקט,מיליליטרים,200.00,"100 מ""ל",false,,13.90,0.0695,true,1,46927
7290011765118,false,קצף גילוח קרמה מן דליקט 200 מל,"אביאפ, איסטנבול, תור",,קצף גילוח קרמה דליקט,מיליליטרים,200.00,"100 מ""ל",false,,12.90,0.0645,true,1,48436
7290011765392,false,"בוב ספוג שמפו לשיער לסירוק קל כיף 750 מ""ל",טרופיקל דגיל תעשיות,,כיף בוב ספוג שמפו 75,מיליליטרים,750.00,"100 מ""ל",false,,12.90,0.0172,true,1,48663
7290011765408,false,"בוב ספוג שמפו ומרכך לשיער לסירוק קל כיף 750 מ""ל",קוסמופארם בע''מ,,כיף בוב ספוג שמפו+מר,מיליליטרים,750.00,"100 מ""ל",false,,12.90,0.0172,true,1,46929
7290011765446,false,משחת שיניים לילדים בוב ספוג בטעם מיץ ענבים עם פלואוריד למניעת עששת,טרופיקל דגיל תעשיות קוסמ,,אורביטול משחת שיניים,יחידה,0.00,יחידה,false,,9.90,0.0000,true,1,48665
7290011765613,false,סנו מסיר עובש בניחות לימון מתז 1 ל',"סנו מפעלי ברונוס בע""\מ",,סנו מסיר עובש 1 ליטר,ליטרים,1.00,ליטר,false,,18.90,18.9000,true,1,141290
7290011772055,false,נייר טואלט אסותא 32,,,אסותא נייר טואלט 32,יחידה,0.00,יחידה,false,,32.90,0.0000,true,1,162573
7290011772086,false,מגבות מטבח אסותא שיש,,,אסותא נייר מטבח שישי,יחידה,6.00,יחידה,false,,11.90,1.9833,true,1,181034
7290011800840,false,רפי כהן סלט טחינה בלאדי צבר 400 גרם,רפי כהן / צבר,,צבר רפי כהן טחינה בל,גרמים,400.00,100 גרם,false,,15.90,0.0398,true,1,40480
7290011876821,false,"אצבעות הודו ועוף שומשום 1ק""ג מאמא עוף",,,מאמאעוף אצבעות הודו,קילוגרמים,1.00,"ק""ג",false,,34.90,34.9000,true,1,89328
7290011877859,false,סנו אינסטלטור חדש פותח סתימות 200ג',מיוצר עי קונדיטוריית,,סנו אינסטלטור פותח ס,יחידה,200.00,יחידה,false,,14.90,0.0745,true,1,48668
7290011877866,false,"מקסימה אבקת כביסה בניחוח מאסק סנו 6 ק""ג","סנו מפעלי ברונוס בע""\מ",,אבקת כביסה מקסימה מא,קילוגרמים,6.00,"ק""ג",false,,49.90,8.3167,true,1,48521
7290011879617,false,סיר טיגון נירוסטה נש,,,סיר טיגון נירוסטה נש,יחידה,0.00,יחידה,false,,199.90,0.0000,true,1,176429
7290011923068,false,הצהובה הקלאסית פרוס תחליף שומן צמחי 200גר,,,פרוסות צהובה קלאסית,גרמים,200.00,100 גרם,false,,19.90,0.0995,true,1,179583
7290011923112,false,גבינת גוש בסגנון פטה יוונית טבעוני 200 ג,,,גוש בסגנון פטה יווני,גרמים,200.00,100 גרם,false,,19.90,0.0995,true,1,179585
7290011923273,false,טופו אורגני-ליב 300 גרם,א.י.ן תעשיות מזון בע,,טופו אורגני ליב,גרמים,300.00,100 גרם,false,,14.90,0.0497,true,1,105115
7290011923303,false,טופו טבעי 300גרם ליב,א.י.ן תעשיות מזון בע,,טופו טבעי 300גרם,גרמים,300.00,100 גרם,false,,13.90,0.0463,true,1,105116
7290011931162,false,סוכרלייט ממתיק נוזלי על בסיס סוכרלוז,אף.סי תבליני בגליל ב,,סוכרלייט נוזלי 220 מ,מיליליטרים,220.00,"100 מ""ל",false,,26.90,0.1223,true,1,41155
7290011942007,false,פיתה לבנונית גדול,,,פיתה לבנונית גדול,יחידה,0.00,יחידה,false,,16.90,0.0000,true,1,83660
7290011988432,false,KERATIN שמפו נגד קשק,,,KERATIN שמפו נגד קשק,מיליליטרים,1000.00,"100 מ""ל",false,,69.90,0.0699,true,1,136165
7290012000485,false,מי זהר אלזהראא 650 מ,,,מי זהר אלזהראא 650 מ,מיליליטרים,650.00,"100 מ""ל",false,,9.90,0.0152,true,1,55414
7290012000492,false,"מי וורדים 650 מ""ל אלזהראא",,,"מי ורדים 650 מ""ל",מיליליטרים,650.00,"100 מ""ל",false,,9.90,0.0152,true,1,64919
7290012000515,false,חומץ תפוחים טבעי 650,,,חומץ תפוחים טבעי 650,מיליליטרים,650.00,"100 מ""ל",false,,9.90,0.0152,true,1,55416
7290012000522,false,"סחלב אלזהראא 1 ק""ג",,,"סחלב אלזהראא 1 ק""ג",קילוגרמים,1.00,"ק""ג",false,,19.90,19.9000,true,1,117124
7290012000782,false,סחלב אלזהראא 500 גרם,,,סחלב אלזהראא 500 גרם,גרמים,500.00,100 גרם,false,,14.90,0.0298,true,1,179967
7290012001994,false,חרדל דיז'ון גרעינים 350 ג' ריין דיזון,ריין דיז'ון reine dijon,,חרדל דיגון גרעינים,גרמים,350.00,100 גרם,false,,13.90,0.0397,true,1,29092
7290012019258,false,מחית תפוחי עץ רביעיה 4 * 113 ג' תומר,אינדיאן סאמר קו אופ אינק,,"מחית תפו""ע 4*113גר",גרמים,452.00,100 גרם,false,,12.00,0.0265,true,1,27537
7290012019272,false,רביעיית מחית תפוח עץ וקינמון תומר 113 גרם,אינדיאן סאמר קו אופ אינק,,"מחית תפו""ע עם קינמון",יחידה,4.00,יחידה,false,,12.90,3.2250,true,1,28298
7290012019401,false,מיץ דובדבן 100% 1 ליטר תוצרת גרוזיה,Aromaproduct ltd,,מיץ דובדבן גיאורגיה,יחידה,0.00,יחידה,false,,22.90,0.0000,true,1,117992
7290012022203,false,פריכיות קליליות חיטה,דילייט 2005,,קליליות חיטה מלאה 10,גרמים,100.00,100 גרם,false,,14.00,0.1400,true,1,62131
7290012022227,false,קליליות חיטה בטעם טבעי,דילייט 2005,,קליליות בטעם טבעי,יחידה,0.00,יחידה,false,,11.60,0.0000,true,1,62132
7290012022272,false,פריכיות קליליות קידס,דילייט 2005,,קליליות קידס,יחידה,0.00,יחידה,false,,10.60,0.0000,true,1,105745
7290012052163,false,גרנולה מרכיבים טבעיים זרעים אגוזים ופירות 350 גרם,רפאלס,,גרנולה טבעית זרעים א,גרמים,350.00,100 גרם,false,,17.90,0.0511,true,1,76634
7290012052231,false,גרנולה חמוציות אוכמניות וקשיו 800 גרם,רפאלס,,רפאל גרנולה חמוציות,גרמים,800.00,100 גרם,false,,27.90,0.0349,true,1,76643
7290012052316,false,גרנולה תענוג - שפע פירות 1 קילו,רפאלס,,תענוג גרנולה פירות י,יחידה,0.00,יחידה,false,,24.90,0.0000,true,1,76647
7290012052330,false,גרנולה תענוג חלבה ותמרים 1 ק''ג,רפאלס,,תענוג גרנולה 1קג,גרמים,1000.00,100 גרם,false,,24.90,0.0249,true,1,76648
7290012052347,false,"גרנולה תענוג-צימוקים ושקדים ללא תוספת סוכר 1 ק""ג",רפאלס,,גרנולה תענוג תערובת,יחידה,0.00,יחידה,false,,24.90,0.0000,true,1,76650
7290012052354,false,גרנולה רפאל שוקולד ואגוזי לוז 350 גרם,רפאלס,,גרנולה רפאל שוקולד ו,גרמים,350.00,100 גרם,false,,17.90,0.0511,true,1,76638
7290012052897,false,חטיפי 7 דגנים בתוספת שוקולד מריר,רפאלס,,שבעה דגנים חטיף שוקו,גרמים,140.00,100 גרם,false,,11.90,0.0850,true,1,104776
7290012052903,false,7 דגנים - חטיף מיקס פירות 7 יח' 140 גרם,רפאלס,,שבעה דגנים חטיף מיקס,גרמים,140.00,100 גרם,false,,12.90,0.0921,true,1,104777
7290012099014,false,לפה לבנונית,,,לפה לבנונית,גרמים,600.00,100 גרם,false,,14.90,0.0248,true,1,47848
7290012116070,false,"אל סבון נוזלי פיות בתמציות אלוורה כיף 750 מ""ל",החברה הדרומית,,כיף פיות אלסבון אלוו,מיליליטרים,750.00,"100 מ""ל",false,,12.90,0.0172,true,1,52579
7290012116537,false,"מקסימה אבקת כביסה בניחוח מאסק סנו 2.5 ק""ג",טרופיקל דגיל תעשיות,,סנו מקסימה אבקת כביס,קילוגרמים,2.50,"ק""ג",false,,26.90,10.7600,true,1,48878
7290012116551,false,אנטי קאלק נוזל לניקוי כללי סנו 2 ליטר,מיוצר עי קונדיטוריית,,סנו אנטי קאלק 4 באחד,ליטרים,2.00,ליטר,false,,19.90,9.9500,true,1,50318
7290012116629,false,תחליב רול און דוחה יתושים לתינוקות ולילדים סנו די,מיוצר עי קונדיטוריית,,סנודי ילדים רולאון,יחידה,0.00,יחידה,false,,20.90,0.0000,true,1,52580
7290012116674,false,"דאודורנט גל קול 75 מ""ל קרמה מן",קוסמופארם,,קרמה מן דאודורנט גל,יחידה,0.00,יחידה,false,,13.90,0.0000,true,1,50319
7290012116681,false,דאודורנט ג'ל אנטיפרספירנט אקטיב בלוק Calm,קוסמופארם בעמ,,קרמה מן דאודורנט גל,יחידה,0.00,יחידה,false,,13.90,0.0000,true,1,47047
7290012117091,false,"אבקת כביסה סנסיטיב סנו מקסימה 6 ק""ג",סנו מקסימה,,אבקת -כביסה סנו מקסי,קילוגרמים,6.00,"ק""ג",false,,49.90,8.3167,true,1,47855
7290012117275,false,"קליר שקית מילוי לניקוי חלונות סנו 750 מ""ל",טרופיקל דגיל תעשיות,,סנוקליר שקית מילוי 7,מיליליטרים,750.00,"100 מ""ל",false,,6.90,0.0092,true,1,50321
7290012117350,false,"נוזל רצפות לילך 2 ליטר ""ריצפז פרש""","סנו מפעלי ברונוס בע""\מ",,ריצפז פרש לילך לבנדר,ליטרים,2.00,ליטר,false,,17.90,8.9500,true,1,47856
7290012117411,false,"שמפו וג'ל רחצה רויבוס 700 מ""ל ""קרמה""",קוסמופארם בע'\'\מ,,גל רחצה קרמה לגבר 70,מיליליטרים,700.00,"100 מ""ל",false,,17.90,0.0256,true,1,52586
7290012117428,false,"ג'ל רחצה ושמפו מעיינות מנטה קרמה מן 700 מ""ל",טרופיקל דגיל תעשיות,,שמפו גל רחצה קרמה לג,מיליליטרים,700.00,"100 מ""ל",false,,17.90,0.0256,true,1,48548
7290012117435,false,"קרמה - שמפו וג'ל רחצה 2 ב-1 אלוורה 700 מ""ל",טרופיקל דגיל תעשיות,,גל רחצה קרמה לגבר 70,מיליליטרים,700.00,"100 מ""ל",false,,17.90,0.0256,true,1,48549
7290012117732,false,מקסימה מרכך כביסה ארומתרפי קול סנו 4 ליטר,"סנו מפעלי ברונוס בע""\מ",,מרכך מקסימה קול 4 לי,ליטרים,4.00,ליטר,false,,22.90,5.7250,true,1,48812
7290012139482,false,בג עצם לחוצה מעושנת בציפוי עוף 3 מקט ח,PINGYANG LELE PET PR,,בונזו ג'וי עצם לחוצה,גרמים,160.00,100 גרם,false,,19.00,0.1188,true,1,48693
7290012139499,false,בג עצם לחוצה מעושנת בציפוי עוף 5 מקט ח,בונזו,,בונזו ג'וי עצם לחוצה,גרמים,165.00,100 גרם,false,,19.00,0.1152,true,1,82144
7290012139567,false,בונזו ג'וי ביסקוויט עוף 122 גרם,בונזו,,בונזו ג'וי ביסקוויט,יחידה,0.00,יחידה,false,,20.20,0.0000,true,1,47958
7290012159039,false,פטריות יער אורניה מצ,דליאן,,פטריות יער אורניה מצ,יחידה,0.00,יחידה,false,,10.90,0.0000,true,1,129474
7290012159053,false,פטריות יער שיטאקי כב,דליאן,,פטריות יער שיטאקי כב,יחידה,0.00,יחידה,false,,10.90,0.0000,true,1,129475
7290012159077,false,פטריות יער צדפה כבוד,דליאן,,פטריות יער צדפה כבוד,יחידה,0.00,יחידה,false,,10.90,0.0000,true,1,129477
7290012159411,false,כפרי וביתי לבבות דקל חתוך,יושלם,,כפרי וביתי לבבות דקל,גרמים,400.00,100 גרם,false,,8.90,0.0223,true,1,30354
7290012159480,false,יין לבן חצי יבש מבעבע גוטה דה מרוויה,,,קאווה גוטה 700מל,יחידה,700.00,יחידה,false,,27.90,0.0399,true,1,84741
7290012173882,false,זארובי-גרעינים שחורי,זארובי,,גרעינים שחורים 350 ג,יחידה,0.00,יחידה,false,,10.90,0.0000,true,1,178879
7290012173905,false,פיצוחים מעורב פרימיו,,,מעורב פרימיום 350 גר,יחידה,0.00,יחידה,false,,29.90,0.0000,true,1,178880
7290012191855,false,עשיריית גפרורים שמאי,,,ר.שמאי גפרור רגיל עש,יחידה,0.00,יחידה,false,,2.90,0.0000,true,1,144767
7290012191886,false,שמאי - גפרור ענק,,,שמאי - גפרור ענק,יחידה,0.00,יחידה,false,,6.90,0.0000,true,1,130268
7290012226014,false,נקניקיות וינר זוגלובק 800 גרם,נקניק נהריה כשר זוגל,,נקניקיות וינר 800 גר,גרמים,800.00,100 גרם,false,,21.90,0.0274,true,1,43069
7290012226021,false,נקניק סלמי מעושן פראג זוגלובק 400 גרם,נקניק נהריה כשר זוגל,,סלמי מעושן פראג 400,גרמים,400.00,100 גרם,false,,15.90,0.0398,true,1,42238
7290012226076,false,נקניק חרמון הודו ועוף זוגלובק 200 ג',זוגלובק,,זוגלובק חרמון 200 גר,גרמים,200.00,100 גרם,false,,16.00,0.0800,true,1,42378
7290012226120,false,"קבנוס 135 גרם ""זוגלובק""",נקניק נהריה כשר זוגל,,קבנוס 135 גר' זוגלוב,גרמים,135.00,100 גרם,false,,9.90,0.0733,true,1,55435
7290012226342,false,נקניקיה טבעונית למחבת או לתנור עשירה בחלבון,זוגלו'ס Zoglos,,נקניקיה טבעונית 460,גרמים,460.00,100 גרם,false,,28.90,0.0628,true,1,130813
7290012226922,false,קבנוס בטעם שום זוגלובק 135 גרם,נקניק נהריה כשר זוגל,,קבנוס עם שום 135 גר',גרמים,135.00,100 גרם,false,,9.90,0.0733,true,1,42379
7290012226939,false,קבנוס עם צ'ילי חריף זוגלובק 135 גרם,נקניק נהריה כשר זוגל,,קבנוס עם צ'ילי חריף,גרמים,135.00,100 גרם,false,,9.90,0.0733,true,1,42241
7290012226991,false,"נקניקיות עוף באריזת ג''מבו 1.5 ק""ג זוגלובק",נקניק נהריה כשר זוגל,,נקניקיות ג'מבו 1.5 ק,יחידה,1.50,יחידה,false,,26.70,17.8000,true,1,55437
7290012227172,false,חרמן הודו בדבש וברביקיו זוג במארז 600 ג' זוגלובק,נקניק נהריה כשר זוגל,,ח.עוף והודו בדבש 300,גרמים,600.00,100 גרם,false,,25.90,0.0432,true,1,55441
7290012227325,false,סלמי דק דק מעושן איטלקי 120 ג' זוגלובק,זוגלובק,,סלמי מעושן איטלקי 12,גרמים,120.00,100 גרם,false,,13.90,0.1158,true,1,129465
7290012227400,false,נקניקיות עוף זוגלובק 800 גרם,נקניק נהריה כשר זוגל,,נקניקיות עוף 800 גר',גרמים,800.00,100 גרם,false,,21.90,0.0274,true,1,65119
7290012227653,false,חרמון הודו ועוף ואקום,זוגלובק,,חרמון עוף והודו וואק,גרמים,400.00,100 גרם,false,,18.90,0.0472,true,1,107341
7290012227660,false,"סלמי תה מעושן בוואקום 400 גרם ""זוגלובק""",זוגלובק,,סלמי תה מעושן וואקום,גרמים,400.00,100 גרם,false,,18.90,0.0472,true,1,107342
7290012227691,false,סלמי תה פפרוני 360 ג',זוגלובק,,סלמי תה פפרוני 360,יחידה,0.00,יחידה,false,,18.90,0.0000,true,1,107344
7290012227912,false,קבנוס מעודן זוגלובק 135 גרם,זוגלובק,,קבנוס מעודן 135 גר',גרמים,135.00,100 גרם,false,,9.90,0.0733,true,1,113901
7290012227974,false,פסטרמה דק דק בדבש 120 ג' זוגלובק,זוגלובק,,פסטרמה הודו בדבש טהו,גרמים,200.00,100 גרם,false,,13.90,0.0695,true,1,129466
7290012227981,false,פסטרמה דק דק ברביקיו 120 ג' זוגלובק,זוגלובק,,פסטרמה ברביקיו 120 ג,גרמים,120.00,100 גרם,false,,13.90,0.1158,true,1,129467
7290012227998,false,פסטרמה דק דק חזה בקר 120 ג' זוגלובק,זוגלובק,,חזה בקר 120 גר' דק ד,גרמים,120.00,100 גרם,false,,13.90,0.1158,true,1,129490
7290012228124,false,קבנוס סטיקס עם נגיעות מלח ים סדרת ריינהולד'ס,זוגלובק,,קבנוסטיקס-חטיף קבנוס,יחידה,0.00,יחידה,false,,9.90,0.0000,true,1,134224
7290012228261,false,נקנקיות קנקרס הודו ועוף ריינהולד'ס זוגלובק 300 ג',זוגלובק,,קנקרס נקניקיה עוף וה,גרמים,300.00,100 גרם,false,,19.90,0.0663,true,1,121899
7290012228278,false,נקנקיות בוקוורסט עוף ובקר ריינהולד'ס 310 ג' זוגלובק,זוגלובק,,בוקוורסט נקניקיה עוף,גרמים,310.00,100 גרם,false,,19.90,0.0642,true,1,121900
7290012228728,false,קבנוס סטיקס בסגנון מקסיקני חריף סדרת ריינהולד'ס,זוגלובק,,זוגלובק קבנוס סטיקס,יחידה,0.00,יחידה,false,,9.90,0.0000,true,1,146410
7290012228797,false,"נקניקיות ביג קנקרס 500 גרם , זוגלובק",,,נקניקיות ביג קנקרס 5,גרמים,500.00,100 גרם,false,,13.90,0.0278,true,1,149129
7290012228971,false,סלמי תה פפרוני זוגלובק 180 ג',זוגלובק,,סלמי תה פפרוני 180 ג,גרמים,180.00,100 גרם,false,,14.90,0.0828,true,1,155048
7290012245336,false,"גולד צ'יפס סטייק 1.5 ק""ג גולד שארית",אגריסטו,,גולד סטייק צ'יפס 1.5,יחידה,0.00,יחידה,false,,19.90,0.0000,true,1,187549
7290012260827,false,שערות קדאיף מזאווי 4,"ממתקי מזוואי בע""מ",,קדאייף 475 גרם,גרמים,475.00,100 גרם,false,,14.90,0.0314,true,1,179764
7290012260889,false,בקלאווה מארז 12 יח 3,,,בקלאווה מארז 12 יח 3,גרמים,350.00,100 גרם,false,,19.90,0.0569,true,1,179765
7290012309878,false,חלבה פיסטוק 500 גרם ששון הקולה,ששון הקולה,,חלבה פיסטוק 500גר די,גרמים,500.00,100 גרם,false,,14.50,0.0290,true,1,77355
7290012322501,false,מגבונים אוונט שלישיי,פיליפס אוונט,,מגבונים אוונט שלישיי,יחידה,3.00,יחידה,false,,21.90,7.3000,true,1,189098
7290012352010,false,קרם לחות מזינה עם שמן ארגן מרוקאי לשיער יבש מאוד ופגום,נטורל פורמולה Natural Formula,,לחות+שמן ארגן לש.יבש,מיליליטרים,400.00,"100 מ""ל",false,,22.90,0.0572,true,1,55450
7290012352034,false,"נטורל - קרם לחות עם שמן אגוז מקדמיה לשיער מתולתל 400 מ""ל",נטורל פורמולה Natural Formula,,לחות+שמן אגוז לש.מתו,מיליליטרים,400.00,"100 מ""ל",false,,22.90,0.0572,true,1,55452
7290012367908,false,שמן טיפולי לתינוק בתוספת אלוורה Kamil Blue Sensitive,פישר מעבדות פרמצבטיות בע,,שמן תינוקות אלוורה פ,מיליליטרים,200.00,"100 מ""ל",false,,18.00,0.0900,true,1,40574
7290012404955,false,נקטר חמוציות ספרינג קולקשן 1.25 ליטר,יפאורה שותפות מובגלת לשיווק,,ספרינג קולקשן נקטר ח,ליטרים,1.25,ליטר,false,,12.90,10.3200,true,1,27580
7290012404993,false,נקטר דיאט חמוציות ספרינג קולקשן 1.25 ליטר,יפאורה שותפות מובגלת לשיווק,,ספרינג קולקשן נקטר ד,ליטרים,1.25,ליטר,false,,12.90,10.3200,true,1,27530
7290012413636,false,תה ירוק צ'אי מסאלה ויסוצקי 25 יחידות,ויסוצקי ירוק,,תה ירוק מסאלה 37.5 ג,יחידה,0.00,יחידה,false,,24.90,0.0000,true,1,41215
7290012413643,false,תה ירוק קמומיל 25 שקיקים ויסוצקי,ויסוצקי ירוק,,ויסוצקי תה ירוק קמומ,יחידה,25.00,יחידה,false,,24.90,0.9960,true,1,29543
7290012453168,false,תירס A9 עדן,,,תירס A9 עדן,קילוגרמים,2.52,"ק""ג",false,,25.90,10.2778,true,1,125047
7290012453410,false,זיתים חרוזית ירוק A2,,,זיתים חרוזית ירוק A2,יחידה,0.00,יחידה,false,,7.90,0.0000,true,1,176843
7290012453427,false,זיתים מנזלינו ירוק A,,,זיתים מנזלינו ירוק A,יחידה,0.00,יחידה,false,,6.90,0.0000,true,1,176844
7290012453434,false,זיתים טבעות ירוק A2,,,זיתים טבעות ירוק A2,יחידה,0.00,יחידה,false,,8.90,0.0000,true,1,176846
7290012453519,false,מלפפון בחומץ 7-9 20%,,,מלפפון בחומץ 7-9 20%,יחידה,0.00,יחידה,false,,6.90,0.0000,true,1,176838
7290012453540,false,מלפפון בחומץ 18/25 A,,,מלפפון בחומץ 18/25 A,יחידה,0.00,יחידה,false,,9.90,0.0000,true,1,176849
7290012491047,false,"שמפו קלנדולה אורגני אל דמע 400 מ""ל MOMMY CARE",מאמי קר Mommy Care,,שמפו קלנדולה,יחידה,0.00,יחידה,false,,33.90,0.0000,true,1,141062
7290012522581,false,טבעול שניצל תירס ללא גלוטן טבעול 664 גרם,עיצובים 2020 (4.8),,טבעול שניצל תירס ללא,גרמים,664.00,100 גרם,false,,29.90,0.0450,true,1,27878
7290012561337,false,כורכום טרי כתוש קפוא דורות 70 גר,מוצרי שום ותיבול דורות,,דורות כורכום טרי כתו,יחידה,0.00,יחידה,false,,10.90,0.0000,true,1,144109
7290012637117,false,חליטת צמחים בשקיקים,,,חליטת צמחים בשקיקים,יחידה,0.00,יחידה,false,,19.90,0.0000,true,1,77453
7290012637124,false,חליטת צמחים בשקיקים,,,חליטת צמחים בשקיקים,יחידה,0.00,יחידה,false,,19.90,0.0000,true,1,77455
7290012642036,false,"פסטה ""לה פסטה"" 400 ג' ספגטי 400 ג'",מוטלו,,לה פסטה 5 ספגטי 400,גרמים,400.00,100 גרם,false,,3.90,0.0097,true,1,193348
7290012642678,false,אננס בכוסות פלס. רביעיות 113 גר,FOODS HUIZIANG JIANGSU,,תומר אננס בכוסות פלס,גרמים,452.00,100 גרם,false,,11.00,0.0243,true,1,27883
7290012642685,false,אפרסק פירות בכוסות פלסטיק 4*113ג' תומר,תומר,,תומר אפרסק פירות בכו,יחידה,0.00,יחידה,false,,11.00,0.0000,true,1,27338
7290012642692,false,קוקטייל פירות בכוסות פלס. רביעיות 113 גר,FOODS HUIZIANG JIANGSU,,תומר קוקטייל פירות ב,גרמים,452.00,100 גרם,false,,11.00,0.0243,true,1,27339
7290012645020,false,"יוגורט עיזים טבעי בבקבוק חלב הארץ 500 מ""ל",מחלבת סוסיא,,בקבוק יוגורט עיזים ט,גרמים,500.00,100 גרם,false,,11.90,0.0238,true,1,73556
7290012645051,false,יוגורט עיזים חלב הארץ 350 גרם,חלב הארץ,,יוגורט עיזים בגביע 3,גרמים,350.00,100 גרם,false,,11.90,0.0340,true,1,153945
7290012645075,false,יוגורט כבשים יווני גביע 350 גרם חלב הארץ,חלב הארץ,,יוגורט כבשים בגביע 3,גרמים,350.00,100 גרם,false,,11.90,0.0340,true,1,173964
7290012645112,false,יוגורט עיזים 2.8% בדלי חלב הארץ 750 גרם,מחלבות סוסיא,,דלי יוגורט עיזים 750,גרמים,750.00,100 גרם,false,,19.90,0.0265,true,1,117548
7290012645129,false,יוגורט כבשים 5% בדלי חלב הארץ 750 גרם,מחלבות סוסיא,,דלי יוגורט כבשים 750,גרמים,750.00,100 גרם,false,,19.90,0.0265,true,1,117549
7290012645181,false,לאבנה עיזים 5% חלב הארץ 200 גרם,חלב הארץ,,לאבנה עיזים 5% 200 ג,גרמים,200.00,100 גרם,false,,13.90,0.0695,true,1,188387
7290012645280,false,יוגורט כבשים בסגנון יוני 5% חלב הארץ 150 גרם,מחלבות סוסיא,,גביע יוגורט כבשים בט,גרמים,150.00,100 גרם,false,,5.90,0.0393,true,1,179824
7290012645297,false,יוגורט עיזים ביו 2.8% טעם טבעי חלב הארץ 150 גרם,מחלבות סוסיא,,גביע יוגורט עיזים בט,גרמים,150.00,100 גרם,false,,5.60,0.0373,true,1,117543
7290012645389,false,יוגורט עיזים 3.7%בבקבוק חלב הארץ 1 ליטר,מחלבות סוסיא,,בקבוק יוגורט עיזים ט,קילוגרמים,1.00,"ק""ג",false,,22.90,22.9000,true,1,73561
7290012803222,false,טוסו ופל בסגנון בלגי בטעם לימון ללא תוספת סוכר 200 גרם,בטר אנד דיפרנט,,טוסו וופל בלגי לימון,גרמים,200.00,100 גרם,false,,11.00,0.0550,true,1,55491
7290012803314,false,ממתיק על בסיס סוכרלוז - טבליות,"קיפל טבליות וממתיקים בע""",,מרמולייט סוכרלוז 300,יחידה,300.00,יחידה,false,,42.90,0.1430,true,1,40579
7290012803321,false,מרמולייט סוכרלוז 200 שקיות אישיות,מרמולייט,,מרמולייט סוכרלוז 200,יחידה,200.00,יחידה,false,,55.00,0.2750,true,1,42337
7290012803765,false,טוסו שוקולד מריר ללא תוספת סוכר 100 גרם,אלטינמארקה גידה סאן,,טוסו שוק.מריר 100 גר,יחידה,0.00,יחידה,false,,13.00,0.0000,true,1,55493
7290012823398,false,מטליות חד פעמיות לניקוי הרצפה בניחוח מרכך כביסה 10יח' סנו,סנו מפעלי ברונו בעמ,,ריצפז מטליות לחות לנ,יחידה,10.00,יחידה,false,,13.90,1.3900,true,1,127782
7290012823404,false,מטהר אוויר פרש אוטומטיק יסמין וסנדלווד,סנו פרש Fresh,,סנו פרש אוטומטיק יסמ,יחידה,250.00,יחידה,false,,15.90,0.0636,true,1,55497
7290012823541,false,ריצפז פרש מטליות לחות לרצפה בניחוח לבנדר 10 יחידות,"סנו מפעלי ברונוס בע""\מ",,ריצפז פרש מטליות חד,יחידה,10.00,יחידה,false,,13.90,1.3900,true,1,50476
7290012823558,false,"מטליות לחות לרצפה 40*70 ס""מ סנו סושי 10 יחידות",סנו מפעלי ברונוס בעמ,,סנו סושי מטליות ענק,יחידה,10.00,יחידה,false,,11.90,1.1900,true,1,48756
7290012823589,false,ריצפז סנו פרש לימון 4 ב-1 2ליטר,סנו פרש Fresh,,ריצפז פרש לימון 2 לי,ליטרים,2.00,ליטר,false,,17.90,8.9500,true,1,48757
7290012864001,false,נבטי חמנייה ארוז א.אדמה,קרונוס,,נבטי העמק,יחידה,0.00,יחידה,false,,9.90,0.0000,true,1,101064
7290012864025,false,נבטי אלפא אלפא ארוז א.אדמה,קרלסברג יבוא יצוא,,אלפלפא נבטי העמק,יחידה,0.00,יחידה,false,,5.90,0.0000,true,1,100586
7290012884986,false,תפוגן ציפס לתנור עד 4% שומן 1.5 קג,"תעשיות תפוגן בע""\מ",,תפוגן ציפס לתנור עד,קילוגרמים,1.50,"ק""ג",false,,25.20,16.8000,true,1,67943
7290012901355,false,דודלס ארוחת אטריות עם גבינה 206 גרם,האי נאם סי או אל.טי.,,דודלס מקרוני גבינה א,יחידה,0.00,יחידה,false,,10.90,0.0000,true,1,136312
7290012901959,false,ארוחת אטריות עם גבינה מסולסלים 156 גרם,הנדריקס פודס,,ארוחת אטריות עם גבינ,גרמים,156.00,100 גרם,false,,10.90,0.0699,true,1,149882
7290012921087,false,"בירה מלכה בהירה 750 מ""ל","בירה מלכה בע""מ",,בירה מלכה בהירה 750,מיליליטרים,750.00,"100 מ""ל",false,,29.90,0.0399,true,1,162346
7290012931611,false,כריות ברזל לקרצוף חזק שייני 3 יחידות,מ.א ייצור ושיווק מטל,,שייני כריות ברזל לקר,יחידה,3.00,יחידה,false,,7.90,2.6333,true,1,116983
7290012931697,false,כפפות לטקס מידה סמול,,,שייני כפפות לטקס 100,יחידה,0.00,יחידה,false,,19.90,0.0000,true,1,108071
7290012931710,false,כפפות מנתחים L א- 100 יח',,,שייני כפפות לטקס 100,יחידה,100.00,יחידה,false,,19.90,0.1990,true,1,108073
7290012931727,false,כפפות לטקס מידה אקס,,,שייני כפפות לטקס 100,יחידה,100.00,יחידה,false,,19.90,0.1990,true,1,108074
7290012936838,false,תבלין הל טחון תבליני מימון 35 גרם,א.ל ייצור ושיווק תבל,,מימון הל טחון 35 גרם,יחידה,0.00,יחידה,false,,16.90,0.0000,true,1,81702
7290012936913,false,תבלין סומק תבליני מימון 45 גרם,א.ל ייצור ושיווק תבל,,סומק צנצנת זכוכית 40,יחידה,0.00,יחידה,false,,10.90,0.0000,true,1,81607
7290012936937,false,תבלינים בהרט בצנצנת 40 גרם,א.ל ייצור ושיווק תבל,,מימון בהרט 40 גרם,יחידה,0.00,יחידה,false,,10.90,0.0000,true,1,41230
7290012936944,false,אגוז מוסקט טחון 40 גרם תבליני מימון,א.ל ייצור ושיווק תבלינים,,מימון אגוז מוסקט טחו,יחידה,0.00,יחידה,false,,13.90,0.0000,true,1,164386
7290012938580,false,"סנסודיין - משחת שיניים הלבנה עדינה 75 מ""ל",גלקסוסמית'\קליין קונסיומ,,סנסודיין הלבנה עדינה,יחידה,0.00,יחידה,false,,21.90,0.0000,true,1,55521
7290012938740,false,משחת שיניים סנסודיין פרש מינט מנטה 75 מל,גלקסו סמית קליין,,סנסודיין פרש מינט 75,יחידה,0.00,יחידה,false,,21.90,0.0000,true,1,58245
7290012962134,false,קסמי שיניים מפלסטיק עם מברשת,הוסטס Hostess,,קיסמי שיניים מפלסטי,יחידה,0.00,יחידה,false,,8.90,0.0000,true,1,157667
7290012962165,false,כפפות משק בית איזי טאץ אינטרסאן,B.H.R. & P.P,,כפפות משק בית איזי ט,יחידה,0.00,יחידה,false,,6.90,0.0000,true,1,162374
7290012962448,false,"מדליק פחם נוזלי 250 מ""ל עם פקק ביטחון EASY LIGHT",איזי לייט Easy light,,מדליק פחם נוזלי 250,יחידה,0.00,יחידה,false,,12.90,0.0000,true,1,157671
7290012962561,false,קיסמי שיניים בחבית 500 יחידות,הוסטס Hostess,,קיסמי שיניים 500 יח',יחידה,0.00,יחידה,false,,3.90,0.0000,true,1,157660
7290013027399,false,לחם קמח מלא קל בתוספת שיפון 750 ג' אנג'ל,מאפיית שלמה א. אנג'\ל בע,,לחם אנג'ל 100 בתוספת,גרמים,750.00,100 גרם,false,,15.90,0.0212,true,1,59758
7290013027535,false,לחם שיפון קל 750 ג' אנג'ל,מאפיית שלמה א. אנג'ל,,לחם שיפון קל 500 גרם,גרמים,500.00,100 גרם,false,,11.90,0.0238,true,1,59759
7290013083661,false,"מטרנה אקסטרה קר שלב 1 חסכון 700 גרם תמ""ל",מטרנה תעשיות ש.מ,,מטרנה אקסטרא קר שלב,גרמים,700.00,100 גרם,false,,59.90,0.0856,true,1,40688
7290013083678,false,"מטרנה אקסטרה קר שלב 2 חסכון 700 גרם תמ""ל",מולינו ניקולי s.p.a,,מטרנה אקסטרא קר שלב,גרמים,700.00,100 גרם,false,,59.90,0.0856,true,1,42447
7290013083685,false,תחליף חלב מטרנה אקסטרה קר שלב 3 חסכון 700 גרם,מטרנה תעשיות ש.מ,,מטרנה אקסטרא קר שלב,גרמים,700.00,100 גרם,false,,59.90,0.0856,true,1,41378
7290013083999,false,חול יורוקיטי קריסטלי 3.8 ל',קינדאו,,"חול קריסטל 3.5 ק""ג",קילוגרמים,3.50,"ק""ג",false,,34.90,9.9714,true,1,52621
7290013117212,false,בורקס פילו במילוי גבינה מעדנות 600 גר,מיוצר עי קונדיטוריית,,מעדנות בורקס פילו גב,גרמים,600.00,100 גרם,false,,19.90,0.0332,true,1,28054
7290013117236,false,בורקס פילו פיצה מעדנות 600 גרם,מיוצר עי קונדיטוריית,,מעדנות בורקס פילו פי,גרמים,600.00,100 גרם,false,,21.90,0.0365,true,1,27390
7290013117243,false,בורקס פילו בולגרית מעדנות 600 גרם,מיוצר עי קונדיטוריית,,מעדנות בורקס פילו בו,גרמים,600.00,100 גרם,false,,19.90,0.0332,true,1,27897
7290013117410,false,בצק פריך מרודד למאפים מתוקים 900 ג' מעדנות,מיוצר עי קונדיטוריית,,מעדנות בצק פריך מרוד,גרמים,900.00,100 גרם,false,,18.90,0.0210,true,1,27637
7290013117427,false,בצק פריך מרודד למאפים מלוחים מעדנות 2*450 גרם,מיוצר עי קונדיטוריית,,מעדנות בצק פריך מרוד,גרמים,900.00,100 גרם,false,,18.90,0.0210,true,1,28057
7290013117526,false,בצק שמרים מרודד למאפים מתוקים מעדנות 900 גרם,"מעדנות בע""\מ",,מעדנות בצק שמרים למא,גרמים,900.00,100 גרם,false,,18.90,0.0210,true,1,27598
7290013121035,false,לחם פשתן ללא גלוטן 500 גר קפוא,אביב קונדיטוריה מעול,,לחם פישתן ללא גלוטן,גרמים,500.00,100 גרם,false,,17.90,0.0358,true,1,30934
7290013121042,false,לחם איטלקי ללא גלוטן 500 גר קפוא,אביב קונדיטוריה מעול,,לחם איטלקי ללא גלוטן,גרמים,500.00,100 גרם,false,,17.90,0.0358,true,1,55541
7290013121127,false,לחמניות מיני ללא גלוטן גרין לייט 6 יחידות,אביב קונדיטוריה מעול,,לחמניות מיני ללא גלו,גרמים,420.00,100 גרם,false,,16.90,0.0402,true,1,48023
7290013121158,false,לחמניות סנדוויץ ללא גלוטן גרין לייט 4 * 115 גרם,אביב קונדיטוריה מעול,,גרין לייט שליש באגט,גרמים,400.00,100 גרם,false,,16.90,0.0422,true,1,63069
7290013121165,false,לחמניות נקניקיה ללא גלוטן גרין לייט 6 * 77 גרם,אביב קונדיטוריה מעול,,גרין לייט לחמניות נק,גרמים,460.00,100 גרם,false,,16.90,0.0367,true,1,63070
7290013144171,false,מיימונס תערובת עוגת שוקולד 560 גרם.,א.ל ייצור ושיווק תבלינים,,תערובת עוגת שוקולד 5,גרמים,560.00,100 גרם,false,,17.90,0.0320,true,1,101199
7290013144195,false,מיימונס תערובת כדורי שוקולד 500 גרם.,א.ל ייצור ושיווק תבלינים,,תערובת כדורי שוקולד,גרמים,500.00,100 גרם,false,,17.90,0.0358,true,1,101201
7290013144201,false,מיימונס תערובת פנקייק 400 גרם,א.ל ייצור ושיווק תבלינים,,תערובת להכנת פנקייק,גרמים,400.00,100 גרם,false,,15.90,0.0398,true,1,101202
7290013144232,false,מיימונס פודינג בטעם וניל 80 גרם,א.ל ייצור ושיווק תבלינים,,פודינג וניל 85 גרם,יחידה,0.00,יחידה,false,,5.50,0.0000,true,1,101205
7290013144287,false,מיימונס ג'לי תות 85 גרם,א.ל ייצור ושיווק תבלינים,,ג'לי תות 85 גרם,יחידה,0.00,יחידה,false,,6.90,0.0000,true,1,101209
7290013144317,false,מימונס ג'וני גלילית וופל למילוי 18 יחידות,הגביע מוצרי וופלים ב,,ג'וני - גלילית וופל,יחידה,18.00,יחידה,false,,21.90,1.2167,true,1,101210
7290013144393,false,"תמצית בטעם וניל מימונס 50 מ""ל",א.ל ייצור ושיווק תבלינים,,תמצית בטעם וניל 50ג,יחידה,0.00,יחידה,false,,4.90,0.0000,true,1,101216
7290013144409,false,תמצית בטעם רום מימונס 50 גרם,א.ל ייצור ושיווק תבלינים,,תמצית בטעם רום 50 גר,יחידה,0.00,יחידה,false,,4.90,0.0000,true,1,101217
7290013144416,false,"תמצית בטעם שקדים מימונס 50 מ""ל",א.ל ייצור ושיווק תבלינים,,תמציתבטעם שקדים 50ג,יחידה,0.00,יחידה,false,,4.90,0.0000,true,1,101218
7290013144508,false,"תמצית בטעם ורדים מיימונס 50 מ""ל",מיוצר עי קונדיטוריית,,תמצית בטעם ורדים 50,יחידה,0.00,יחידה,false,,9.90,0.0000,true,1,101224
7290013144539,false,מימונס צבע מאכל אדום 50 גרם,א.ל ייצור ושיווק תבלינים,,צבע מאכל אדום 50גר,יחידה,0.00,יחידה,false,,4.30,0.0000,true,1,101227
7290013144614,false,"מיימונס סירופ מייפל אמיתי 100% מקנדה 236 מ""ל",הנסיך- מפעל לייצור ט,,סירופ מייפל אמיתי 10,מיליליטרים,236.00,"100 מ""ל",false,,39.90,0.1691,true,1,101230
7290013144805,false,אבקת אייס קפה דיאט 320 גרם מימונס,מימונס אפייה,IL,אייס קפה דיאט 245 גר,גרמים,245.00,100 גרם,false,,20.90,0.0853,true,1,194933
7290013144812,false,אבקת אייס קפה וניל 320 גרם מימונס,מימונס אפייה,IL,אייס וניל 320 גרם,גרמים,320.00,100 גרם,false,,17.90,0.0559,true,1,194934
7290013144911,false,מימונס מיקס שוקולד צ'יפס מריר וחלב 250 גרם,אינטרגטה תעשיות מזון 19),IL,מיקס שוקולד צ'יפס מר,גרמים,250.00,100 גרם,false,,14.90,0.0596,true,1,194935
7290013145055,false,פרג שלם מיימונס 100 גרם,א.ל ייצור ושיווק תבלינים,,פרג שלם 100גר,יחידה,0.00,יחידה,false,,6.90,0.0000,true,1,101237
7290013145109,false,שקד מולבון טחון מימונס 100 גרם,א.ל ייצור ושיווק תבלינים,,מימונס שקד מולבן טחו,גרמים,100.00,100 גרם,false,,13.90,0.1390,true,1,90844
7290013145116,false,מיימונס שקד מולבן מקלות 100 גרם.,א.ל ייצור ושיווק תבלינים,,מימונס שקד מולבן מקל,יחידה,0.00,יחידה,false,,13.90,0.0000,true,1,101239
7290013145123,false,מיימונס שקד מולבן פרוס 100 גרם,א.ל ייצור ושיווק תבלינים,,מימונס שקד מולבן פרו,יחידה,0.00,יחידה,false,,13.90,0.0000,true,1,101240
7290013145178,false,קוקוס טחון לבן מיימונס 100 גרם,א.ל ייצור ושיווק תבלינים,,קוקוס טחון לבן 100גר,גרמים,100.00,100 גרם,false,,4.90,0.0490,true,1,101245
7290013145192,false,שומשום מיימונס 100 גרם,א.ל ייצור ושיווק תבלינים,,שומשום 100גר,יחידה,0.00,יחידה,false,,5.90,0.0000,true,1,101246
7290013145215,false,שומשום מימונס 400 גרם,א.ל ייצור ושיווק תבלינים,,שומשום 400גר,גרמים,400.00,100 גרם,false,,16.90,0.0422,true,1,101247
7290013145246,false,גרעין חמניה מקולף מיימונס 100 גרם,א.ל ייצור ושיווק תבלינים,,מימונס גרעין חמניה מ,גרמים,100.00,100 גרם,false,,5.90,0.0590,true,1,91419
7290013145277,false,עלים לקרמשניט מימונס 300 גרם,מימונס אפייה,,עלים לקרמשניט 300 גר,גרמים,300.00,100 גרם,false,,16.90,0.0563,true,1,127399
7290013145390,false,מימונס שוקולד צ'יפס מהדרין 250 גר,אינטרגטה תעשיות מזון 19),,מימונס שוקולד ציפס מ,גרמים,250.00,100 גרם,false,,9.90,0.0396,true,1,101250
7290013145444,false,שוקולד מריר מעולה ציפס 66% מימונס 250 ג',המאפיה של הרמן,,מימונס שוקולד ציפס 6,גרמים,250.00,100 גרם,false,,15.90,0.0636,true,1,101254
7290013145529,false,סוכריות צבעוניות לקישוט מיימונס 90 גרם,א.ל ייצור ושיווק תבלינים,,מימונס סוכריות צבעונ,יחידה,0.00,יחידה,false,,5.90,0.0000,true,1,101255
7290013145536,false,סוכריות לקישוט בטעם שוקולד מיימונס 85 גרם,א.ל ייצור ושיווק תבלינים,,סוכריות בטעם שוקולד,יחידה,0.00,יחידה,false,,5.90,0.0000,true,1,101256
7290013145567,false,מיימונס מיני מיני עדשים 90 גרם.,א.ל ייצור ושיווק תבלינים,,מיני מיני עדשים 90גר,יחידה,0.00,יחידה,false,,10.50,0.0000,true,1,101258
7290013145628,false,סוכריות צבעוניות לקישוט מימונס 200 גרם,א.ל ייצור ושיווק תבלינים,,מימונס סוכריות צבעונ,גרמים,200.00,100 גרם,false,,8.90,0.0445,true,1,101261
7290013145710,false,מיימונס דובדבנים מסוכרים 100 גרם,א.ל ייצור ושיווק תבלינים,,דובדבנים מסוכרים 100,גרמים,100.00,100 גרם,false,,9.90,0.0990,true,1,101262
7290013145840,false,סוכר וניל מיימונס 10 יחידות,א.ל ייצור ושיווק תבלינים,,מימונס סוכר וניל 10*,יחידה,10.00,יחידה,false,,2.90,0.2900,true,1,101269
7290013145857,false,אבקת אפיה מיימונס 10 יחידות,מימונס אפייה,,מימונס אבקת אפיה 10*,גרמים,10.00,גרם,false,,2.90,0.2900,true,1,91420
7290013145918,false,אבקת סוכר מיימונס 100 גרם,א.ל ייצור ושיווק תבלינים,,אבקת סוכר 100 גרם,גרמים,100.00,100 גרם,false,,1.90,0.0190,true,1,101273
7290013145963,false,שמרים יבשים בוואקום מיימונס 125 גרם,מימונס אפייה,,מימונס שמרים יבשים ב,גרמים,125.00,100 גרם,false,,5.90,0.0472,true,1,101277
7290013146199,false,מלית קרם נוגט 350 גרם מימונס,אינטרגטה תעשיות מזון 19),,מימונס קרם נוגט 350,גרמים,350.00,100 גרם,false,,15.90,0.0454,true,1,144252
7290013146298,false,טארטלטים תחתיות בצק פריך אפויות למילוי מימונס 120 ג',א.ל ייצור ושיווק תבל,,מימונס טארטלטים מתוק,גרמים,120.00,100 גרם,false,,20.90,0.1742,true,1,115116
7290013146304,false,קורנפלור 500 גרם מימונס.,א.ל ייצור ושיווק תבלינים,,מימונס קורנפלור 500,גרמים,500.00,100 גרם,false,,6.90,0.0138,true,1,124369
7290013146403,false,סירופ בטעם קרמל מלוח מימונס 500 גרם,א.ל ייצור ושיווק תבלינים,,סירופ בטעם קרמל מלוח,גרמים,500.00,100 גרם,false,,16.90,0.0338,true,1,145962
7290013146427,false,נשיקות לקישוט צבע לבן מימונס 60 גרם,"מימונס אפיה בע""מ",,נשיקות לקישוט צבע לב,יחידה,0.00,יחידה,false,,14.90,0.0000,true,1,154383
7290013146663,false,אטריות צבעוניות לקישוט מימונס 55 גרם,"מימונס אפיה בע""מ",,אטריות צבעוניות לקיש,יחידה,0.00,יחידה,false,,11.90,0.0000,true,1,150848
7290013146670,false,סוכריות לב סגול ורוד לבן לקישוט 60 גרם,"מימונס אפיה בע""מ",,סוכריות לב סגול ורוד,יחידה,0.00,יחידה,false,,11.90,0.0000,true,1,150849
7290013146854,false,קוקוס לבן טחון מימונס 400 ג',א.ל ייצור ושיווק תבלינים,,מיימונס קוקוס לבן טח,גרמים,400.00,100 גרם,false,,15.90,0.0398,true,1,101285
7290013153593,false,תפוזים מתקתק 100% פריגת 1 ליטר,"גת גבעת חיים,",,תפוזים 100% מתקתקים,ליטרים,1.00,ליטר,false,,14.90,14.9000,true,1,178977
7290013220042,false,"מיקס טרופי קפוא א.מ.שרון שיווק 500 גר כשל""פ",א.צלוביץ,,מיקס טרופי 500 גרם,גרמים,500.00,100 גרם,false,,24.90,0.0498,true,1,159702
7290013220103,false,דובדבן ללא חרצן קפוא500ג,א.מ שרון,,דובדבן קפוא 500 גרם,גרמים,500.00,100 גרם,false,,24.90,0.0498,true,1,159696
7290013220127,false,דומדומנית שחורה קפוא500ג,א.מ שרון,,דומדמנית שחורה 500 ג,גרמים,500.00,100 גרם,false,,24.90,0.0498,true,1,159703
7290013220134,false,מיקס פירות שדה קפוא 500 גר,א.מ שרון,,מיקס פירות שדה 500 ג,גרמים,500.00,100 גרם,false,,24.90,0.0498,true,1,159704
7290013220301,false,פטל שחור 500 גרם,,,פטל שחור 500 גרם,גרמים,500.00,100 גרם,false,,24.90,0.0498,true,1,159705
7290013220318,false,חמוציות קפואות 400 גרם,א.מ שרון,,חמוצית גן 400 גרם,גרמים,400.00,100 גרם,false,,24.90,0.0622,true,1,159706
7290013220400,false,מיקס פירות יער 500 ג,,,מיקס פירות יער 500 ג,גרמים,500.00,100 גרם,false,,24.90,0.0498,true,1,159708
7290013220899,false,תות שדה קפוא 500 גרם,א.מ שרון,,תות שדה 500 גרם,גרמים,500.00,100 גרם,false,,24.90,0.0498,true,1,159709
7290013221001,false,אננס חתוך קפוא 500 גרם,א.צלוביץ,,אננס 500 גרם,גרמים,500.00,100 גרם,false,,24.90,0.0498,true,1,159711
7290013221018,false,מנגו חתוך קפוא 500 גרם,א.צלוביץ,,מנגו 500 גרם,גרמים,500.00,100 גרם,false,,24.90,0.0498,true,1,159712
7290013268242,false,תרכיז ריחני לניקוי רצפות בריח מלון מפנק ריצפז פרש,"סנו מפעלו ברונוס בע""\מ",,ריצפז פרש הום תרכיז,ליטרים,2.00,ליטר,false,,21.90,10.9500,true,1,148822
7290013268822,false,משחת שיניים אורביטול טריפל אקשן 145ג' PPM900,גוד פוד פרודקטס S.p,,משחת שיניים אורביטול,גרמים,145.00,100 גרם,false,,14.90,0.1028,true,1,52658
7290013268891,false,אוקסיג'ן ג'ל ללא אקונומיקה עם חמצן פעיל סנו 3 ליטר,"סנו מפעלי ברונוס בע""\מ",,סנו אוקסיג'ן 3 ליטר,ליטרים,3.00,ליטר,false,,29.90,9.9667,true,1,49257
7290013268938,false,סנובון סבון לאסלה בניחוח מאסק סנו 3*65 גרם,סנו סנובון,,סנובון שלישיה מאסק 3,גרמים,195.00,100 גרם,false,,12.90,0.0662,true,1,48194
7290013269621,false,ריצפז פרש לניקוי רצפות בניחוח מלון בוטיק,מיוצר עי קונדיטוריית,,ריצפז פרש הום מלון ב,ליטרים,2.00,ליטר,false,,21.90,10.9500,true,1,137954
7290013269638,false,ספוג הפלא אקסטרה Extra- מארז 6 יח',החברה הדרומית,,סנו סושי ספוג הפלא א,יחידה,6.00,יחידה,false,,11.90,1.9833,true,1,170140
7290013269645,false,ריצפז פרש מטליות לחות לריצפה בניחוח מאסק 10 יחידות,סנו מפעלי ברונוס בעמ,,ריצפז פרש מטליות רצפ,יחידה,10.00,יחידה,false,,13.90,1.3900,true,1,67504
7290013269652,false,פוליויקס נוזל לניקוי רצפות גרניט פורצלן סנו 2 ליטר,סנו כימיקלים,,פוליויקס גרניט פורצל,ליטרים,2.00,ליטר,false,,20.00,10.0000,true,1,55574
7290013269669,false,ריצפז בניחוח פנטזיה לניקוי הרצפה,"סנו מפעלי ברונוס בע""",,ריצפז פנטזיה 3ל,ליטרים,3.00,ליטר,false,,13.90,4.6333,true,1,60049
7290013269751,false,מטליות לחותריצפז פרש לניקוי ריצפה בניחות מלון בוטיק 10 יח' סנו,טרופיקל דגיל תעשיות,,ריצפז פרש מטליות לחו,יחידה,0.00,יחידה,false,,13.90,0.0000,true,1,141688
7290013269942,false,"סנו K מעופפים פירטרום 400 מ""ל",מיוצר עי קונדיטוריית,,מעופפים K-פירטרום,מיליליטרים,400.00,"100 מ""ל",false,,19.90,0.0497,true,1,52661
7290013284310,false,רוטב פסטה לילדים פריניר 240 גרם,פריניר ( הדס 1987) ב,,פריניר רוטב פסטה ליל,יחידה,0.00,יחידה,false,,5.50,0.0000,true,1,119326
7290013284662,false,רוטב פיצה פיתה לילדים 240 ג' פריניר,פריניר ( הדס 1987) ב,,פריניר רוטב פיצה-פית,יחידה,0.00,יחידה,false,,5.50,0.0000,true,1,119332
7290013310064,false,חוט דנטלי בטעם מנטה מצופה שעווה,הוסטס Hostess,,חוט דינטאלי רפואי עם,יחידה,0.00,יחידה,false,,6.90,0.0000,true,1,157663
7290013310279,false,כפית ארוכה וצבעונית נובי,נובי Nuby,,נובי כפית ארוכה וצבע,יחידה,3.00,יחידה,false,,24.90,8.3000,true,1,157757
7290013310385,false,כפפות ניטריל M כחולות ללא אבקה 80 יח' EASY TOUCH,איזי טאץ' Easy touch,,איזי טאץ כפפות ניטרי,יחידה,0.00,יחידה,false,,24.90,0.0000,true,1,186391
7290013310392,false,כפפות ניטריל L כחולות ללא אבקה 80 יח' EASY TOUCH,איזי טאץ' Easy touch,,איזי טאץ כפפות ניטרי,יחידה,0.00,יחידה,false,,24.90,0.0000,true,1,186393
7290013358356,false,מאסטר שף פירורי לחם מוזהבים 320 גרם,מנה י.א בעמ,,מאסטר שף פירורי לחם,גרמים,350.00,100 גרם,false,,6.90,0.0197,true,1,49198
7290013358363,false,מאסטר שף פרורי לחם פנקו עבים בסגנון יפני 300 גר,קריניציה ויטמינה אס,,מאסטר שף פירורי לחם,גרמים,300.00,100 גרם,false,,9.90,0.0330,true,1,49372
7290013358417,false,מאסטר שף אסייאתי רוטב טריאקי 300 מל כשלפ,קריניציה ויטמינה אס,,מאסטר שף אסייאתי רוט,מיליליטרים,300.00,"100 מ""ל",false,,13.90,0.0463,true,1,102455
7290013358448,false,"קרוטונים לסלט אקסטרה ארוכים בתיבול שום, בצל ופטרוזיליה",עינת תעשיות מזון אגו,,מאסטר שף קרוטונים לס,גרמים,200.00,100 גרם,false,,11.90,0.0595,true,1,70462
7290013358462,false,"מיני קרוטונים למרק בתיבול שום, בצל ופטרוזיליה","עינת תעשיות מזון, אגשח ב",,מאסטר שף מיני קרוטונ,גרמים,350.00,100 גרם,false,,18.90,0.0540,true,1,70463
7290013358486,false,מאסטר שף פירורים מוזהבים ללא צורך בביצה 300 ג,"מיוצר ע""י מנה י.א בע",,מאסטר שף פירורי לחם,גרמים,300.00,100 גרם,false,,6.90,0.0230,true,1,77670
7290013358530,false,מאסטר שף אסייאתי רוטב צ'ילי מתוק 700 מל כשלפ,קריניציה ויטמינה אס,,מאסטר שף אסייאתי רוט,מיליליטרים,700.00,"100 מ""ל",false,,14.90,0.0213,true,1,102728
7290013358578,false,מנה אסייאתי אטריות אורז רחבות 400 ג מ.שף,ליינג טונג רייספלוור,,מאסטר שף אסייאתי אטר,גרמים,400.00,100 גרם,false,,10.90,0.0273,true,1,102459
7290013358585,false,מנה אסייאתי נודלס ביצים להקפצה 400 מ.שף,הנסיך- מפעל לייצור ט,,מאסטר שף אסייאתי נוד,גרמים,400.00,100 גרם,false,,10.90,0.0273,true,1,102460
7290013358806,false,מנה מאגדת פריכיות אורז עם מלח 264 גרם,מנה Mana,,מנה מאגדת פריכיות עם,גרמים,264.00,100 גרם,false,,13.90,0.0527,true,1,72760
7290013361998,false,"סטייק צ'יפס 2 ק""ג פרי הגליל","פרי הגליל בע""""מ",,פרי הגליל סטייק ציפס,יחידה,2.00,יחידה,false,,24.90,12.4500,true,1,55597
7290013381675,false,"סירופ למלבי נאמן 750מ""ל",הילל תעשיות,,"סירופ מלבי 750 מ""ל",מיליליטרים,750.00,"100 מ""ל",false,,19.90,0.0265,true,1,57565
7290013381897,false,טורטיות מקמח חיטה 320 ג',GRAFER,,טורטיה מקמח חיטה 320,גרמים,320.00,100 גרם,false,,8.90,0.0278,true,1,115047
7290013381972,false,"סרדינים בשמן צמחי 125 ג' ""נאמן""",Erg Conserve Sarl,,סרדין בשמן צמחי 125,גרמים,125.00,100 גרם,false,,4.90,0.0392,true,1,102211
7290013381996,false,"סרדינים בשמן זית 125 גרם ""נאמן""",Erg Conserve Sarl,,סרדינים בשמן זית 125,גרמים,125.00,100 גרם,false,,4.90,0.0392,true,1,102218
7290013382252,false,קומקום חשמלי נשלף נב,,,קומקום חשמלי נשלף נב,יחידה,0.00,יחידה,false,,79.90,0.0000,true,1,176444
7290013382856,false,מנגל חשמלי נירוסטה T,,,מנגל חשמלי נירוסטה T,יחידה,0.00,יחידה,false,,139.90,0.0000,true,1,176471
7290013389381,false,"קמח תירס פולנטה מולינו 1 ק""ג",מולינו פילה,,תומר קמח תירס 1 קג,יחידה,0.00,יחידה,false,,12.00,0.0000,true,1,64255
7290013389398,false,"קמח תירס דק 1 ק""ג פולנטה",פיקטה piccata,,תומר קמח תירס דק 1 ק,יחידה,0.00,יחידה,false,,12.00,0.0000,true,1,63802
7290013389855,false,נודלס בטעם ירקות 65 גרם,,,תומר נודלס בטעם ירקו,יחידה,0.00,יחידה,false,,4.90,0.0000,true,1,175635
7290013389893,false,סרדין פילה מרוקאי בשמן תומר 125 ג',,,תומר פילה סרדין בשמן,גרמים,125.00,100 גרם,false,,9.00,0.0720,true,1,63796
7290013389909,false,פילה סרדין חריף 125 גרם,,,תומר פילה סרדין חריף,גרמים,125.00,100 גרם,false,,9.00,0.0720,true,1,63797
7290013430083,false,"בירה אלכסנדר בלונד בקבוק 330 מ""ל",מנדלז סי.אר. פרודקשן,,"אלכסנדר בלונד 330 מ""",מיליליטרים,330.00,"100 מ""ל",false,,14.90,0.0452,true,1,109538
7290013430090,false,בירה אלכסנדר אמברה AMBREE בירה ישראלית,מנדלז סי.אר. פרודקשן,,"אלכסנדר אמברה 330 מ""",מיליליטרים,330.00,"100 מ""ל",false,,14.90,0.0452,true,1,109539
7290013472892,false,בולגריה קוביות במי מלח - מרכיבי חלב ושומן צמחי,"קוליוס אס.איי, גריק",,בולגריה בקוביות 22%,גרמים,200.00,100 גרם,false,,10.90,0.0545,true,1,52669
7290013472908,false,הבולגריה בקוביות ויליפוד 400 גרם,וילי פוד,,הבולגריה בקוביות 23%,גרמים,400.00,100 גרם,false,,22.90,0.0572,true,1,49374
7290013473684,false,קירטין קונדישנר לשיע,,,קירטין קונדישנר לשיע,ליטרים,1.00,ליטר,false,,69.90,69.9000,true,1,120132
7290013492005,false,תפוח אדמה אדום למיקרו 600 ג',שרווין ווליאמס,,תפוח אדמה למיקרו 700,גרמים,500.00,100 גרם,false,,9.90,0.0198,true,1,88338
7290013531117,false,רוטב פסטה לילדים 240 גרם יכין,"זנלכל בע""\מ",,יכין רוטב פסטה לילדי,גרמים,260.00,100 גרם,false,,5.50,0.0212,true,1,27610
7290013531346,false,סירופ דיאט בטעם לימונענע יכין 1 ליטר,"זנלכל בע""\מ",,יכין סירופ דיאט לימו,ליטרים,1.00,ליטר,false,,16.90,16.9000,true,1,62873
7290013531377,false,תורמוס A2 יכין בית יוסף,היינץ צפון אמריקה מק,,תורמוס 265 גרם,גרמים,265.00,100 גרם,false,,9.90,0.0374,true,1,70613
7290013531490,false,שעועית לבנה אפויה יכין,זנלכל,,יכין פול מתובל שימור,גרמים,550.00,100 גרם,false,,9.90,0.0180,true,1,63245
7290013531612,false,רוטב לפסטה נפוליטנה יכין 240 גרם,זנלכל,,יכין רוטב נפוליטנה 2,גרמים,260.00,100 גרם,false,,5.50,0.0212,true,1,101359
7290013531629,false,רוטב לפסטה פומודורו 240 גרם יכין,היינץ צפון אמריקה מק,,יכין רוטב פומודורו פ,גרמים,260.00,100 גרם,false,,5.50,0.0212,true,1,101360
7290013531759,false,שעועית אפויה במים יכין 330 גרם,"זנלכל בע""\מ",,יכין שעועית אפויה במ,גרמים,330.00,100 גרם,false,,9.90,0.0300,true,1,100355
7290013540225,false,נתחי טונה קטנה 158*4 גרם,תעשיות פילטונה,,פרינס נתחי טונה בשמן,יחידה,4.00,יחידה,false,,21.90,5.4750,true,1,69467
7290013585233,false,"ספרייט זירו פחית סליק 330 מ""ל",החברה המרכזית לייצור משקאות,,משקה ספרייט זירו סלי,מיליליטרים,330.00,"100 מ""ל",false,,6.00,0.0182,true,1,101840
7290013585387,false,קוקה קולה זירו בקבוק,החברה המרכזית לייצור משקאות,,קולה זירו 1 ליטר,ליטרים,1.00,ליטר,false,,6.90,6.9000,true,1,101341
7290013585394,false,קוקה קולה 1ליטר בודד,החברה המרכזית לייצור משקאות,,קוקה קולה 1 ליטר,ליטרים,1.00,ליטר,false,,7.00,7.0000,true,1,101342
7290013608260,false,מיץ רימונים 100%מיץ סחוט טרי מצונן 1ליט,"גניר (1992) בע""מ",,פרימור מיץ מרוכז רימ,ליטרים,1.00,ליטר,false,,24.90,24.9000,true,1,78580
7290013608482,false,נקטר מנגו פרימור 1 ליטר,דיפלומט,,נקטר מנגו 1 ליטר .,ליטרים,1.00,ליטר,false,,8.90,8.9000,true,1,116190
7290013608550,false,נקטר תפוזים פרימור 1 ליטר,סטאר סנקס,,נקטר תפוז 1 ליטר .,ליטרים,1.00,ליטר,false,,8.90,8.9000,true,1,116191
7290013608635,false,משקה לימונים עם נענע פרימור 1 ליטר,סטאר סנקס,,נקטר לימון נענע 1 לי,ליטרים,1.00,ליטר,false,,8.90,8.9000,true,1,120908
7290013608673,false,נקטר תפוחי עץ פרימור 1 ליטר,סטאר סנקס,,משקה פרימור 1 ליטר ב,ליטרים,1.00,ליטר,false,,8.90,8.9000,true,1,116193
7290013608680,false,מיץ עגבניות פרימור 1 ליטר,סטאר סנקס,,נקטר עגבניות 1 ליטר,ליטרים,1.00,ליטר,false,,8.90,8.9000,true,1,116194
7290013652157,false,"ד""ר פישר - נטורל קר מגבונים להסרת איפור לעור רגיל יבש 30 יח' * 3",פישר מעבדות פרמצבטיות בע,,נטורל קר שלישיית מגב,יחידה,75.00,יחידה,false,,24.90,0.3320,true,1,60217
7290013652171,false,"ד""ר פישר - נטורל קר מגבונים להסרת איפור לעור שמן מעורב 30 יח' * 3",פישר מעבדות פרמצבטיות בע,,נטורל קר שלישיית מגב,יחידה,90.00,יחידה,false,,24.90,0.2767,true,1,57921
7290013652881,false,מרכך נטורל קר לשיער יבש ופגום חינה ושמן ארגאן,"ד""ר פישר Dr fischer",,נטורל קר מרכך שער יב,מיליליטרים,700.00,"100 מ""ל",false,,22.00,0.0314,true,1,150123
7290013652935,false,נטורל קר שמפו לשיער רגיל- יסמין ופרחי מגנוליה,"ד""ר פישר Dr fischer",,נטורל קר שמפו לשיער,מיליליטרים,700.00,"100 מ""ל",false,,22.00,0.0314,true,1,150125
7290013675194,false,שניצל אמיתי ביתי ללא גלוטן מאמא עוף 700 גרם,זנטי אס. אי לאלין,,מאמאעוף שניצל אמיתי,גרמים,700.00,100 גרם,false,,36.90,0.0527,true,1,107312
7290013675545,false,"שניצל כלי תחבורה ""מאמא עוף"" 700 גרם",תנובה גליל שותפות מוגבלת,,מאמא עוף שניצל כלי ת,גרמים,700.00,100 גרם,false,,36.90,0.0527,true,1,132466
7290013725653,false,"קרם קוקוס סו שף 400 מ""ל",,,גולד קרם קוקוס 400 מ,גרמים,400.00,100 גרם,false,,7.50,0.0188,true,1,78135
7290013771216,false,פטאקי 16% גבינות השומרון,מיוצר עי קונדיטוריית,,שומרון גבינת פטה יוו,גרמים,250.00,100 גרם,false,,13.90,0.0556,true,1,71376
7290013771384,false,יוגורט יווני השומרון,מיוצר עי קונדיטוריית,,יוגורט יווני 400 גרם,גרמים,400.00,100 גרם,false,,10.90,0.0273,true,1,118868
7290013847409,false,סטארקיסט לייט נתחי טונה בהירה במים ושמן קנולה עם לימון ופלפל חריף 140 גרם,סטארקיסט Starkist,,ס.ק לייט טונה 4% שומ,גרמים,140.00,100 גרם,false,,7.90,0.0564,true,1,133723
7290013847454,false,טונה סטארקיסט שמן קנולה רביעיות 4*160 גר,"טונה ויאטנם קו,. אל.טי.ד",,סטארקיסט טונה קנולה,גרמים,640.00,100 גרם,false,,25.90,0.0405,true,1,122048
7290013847553,false,נתחי טונה בהירה במים דל נתרן - מארז רביעיה,"סטארקיסט פודור בע""מ",,סטארקיסט טונה דל נתר,גרמים,160.00,100 גרם,false,,29.90,0.1869,true,1,111490
7290013847645,false,סטארקיסט טונה בשמן זית 80 גר' שלישיות,סטארקיסט Starkist,,סטארקיסט שלישיית טונ,יחידה,0.00,יחידה,false,,19.90,0.0000,true,1,142290
7290013847812,false,נתחי טונה בהירה בשמן זית כתית מעולה Yellowfin,סטארקיסט Starkist,,טונה ילופין בשמן זית,גרמים,140.00,100 גרם,false,,9.90,0.0707,true,1,131093
7290013848383,false,קרמה מן גל רחצה אקטיב בלוק 700 מל לגבר,טרופיקל דגיל תעשיות,,קרמה מן ג'ל רחצה אנט,מיליליטרים,700.00,"100 מ""ל",false,,17.90,0.0256,true,1,125650
7290013848727,false,מכשיר אוטומטי לבישום אוויר בתוספת מילוי SOFT HARMONY,"יצרן מכשיר: זובלה, שנזן,",,סנו פרש מכשיר אוטומט,יחידה,0.00,יחידה,false,,44.90,0.0000,true,1,127599
7290013848819,false,אל סבון כיף מוצק לוטוס מארז 100X4ג',קוסמופארם,,כיף סבון מוצק רביעיי,גרמים,400.00,100 גרם,false,,11.90,0.0298,true,1,32379
7290013848826,false,אל סבון מוצק קוקוס וניל - מארז רביעיה,קוסמופארם,,כיף סבון מוצק רביעיי,גרמים,400.00,100 גרם,false,,11.90,0.0298,true,1,55676
7290013883407,false,"דזיטול מרסס לחיטוי כללי יעקבי 750 מ""ל",יעקבי - דזיטול Desytol,,דזיטול מחטא ומשמיד ח,מיליליטרים,700.00,"100 מ""ל",false,,14.90,0.0213,true,1,60632
7290013903273,false,אדממה אורגני קפוא 400 גר,זהג'יאנג קינגסור פוד,,אדממה אורגני מוקפא,יחידה,0.00,יחידה,false,,11.90,0.0000,true,1,140779
7290013903327,false,טופו בטעם טבעי 500 גרם,"א.י.ן תעשיות בע""מ",,טופו 500 גרם ליב טבע,גרמים,500.00,100 גרם,false,,16.90,0.0338,true,1,142340
7290013903594,false,רסק תפוחים טבעי 670 גרם ליב,טעמי הגליל בעמ,,רסק תפוחים טבעי 670,גרמים,670.00,100 גרם,false,,11.90,0.0178,true,1,125964
7290013906205,false,פסטרמה עם שום וצילי טירת צבי 400 ג',הנסיך- מפעל לייצור ט,,טירת צבי פסטרמה שום,גרמים,400.00,100 גרם,false,,29.90,0.0747,true,1,34996
7290013906212,false,"נקנקיות וינר טירת 1 ק""ג טירת צבי",הנסיך- מפעל לייצור ט,,טירת צבי נקניקיות וי,יחידה,0.00,יחידה,false,,30.00,0.0000,true,1,64431
7290013906441,false,קבנוס טירת צבי 120 גרם,הנסיך- מפעל לייצור ט,,טירת צבי קבנוס 120 ג,גרמים,120.00,100 גרם,false,,10.90,0.0908,true,1,70864
7290013906458,false,קבנוס בטעם פיקנטי טירת צבי 120 גרם,הנסיך- מפעל לייצור ט,,טירת צבי קבנוס פיקנט,גרמים,120.00,100 גרם,false,,10.90,0.0908,true,1,70865
7290013906489,false,חטיפי מיני קבנוס טירת צבי 120 גרם,הנסיך- מפעל לייצור ט,,טירת צבי חטיפי מיני,גרמים,120.00,100 גרם,false,,10.90,0.0908,true,1,70866
7290013906687,false,פסט' צמד כפרית ברביקיו ודבש 300X2ג' טירת צבי,הנסיך- מפעל לייצור ט,,טירת צבי צמד כפרית ב,גרמים,600.00,100 גרם,false,,29.90,0.0498,true,1,104779
7290013906694,false,נקניקיות שקית קילו וחצי טירת צבי,הנסיך- מפעל לייצור ט,,טירת צבי נקניקיות עו,קילוגרמים,1.50,"ק""ג",false,,25.90,17.2667,true,1,184133
7290013927019,false,עוגיות דיקליות קינמון אחווה 400 ג',"אחדות ביח""ר לטחינה",,דקליות קינמון 400 גר,גרמים,400.00,100 גרם,false,,9.90,0.0248,true,1,42540
7290013927033,false,עוגיות מעמול במילוי תמרים ואגוזים אחווה 600 ג',אחוה,,מעמול במגש 600 גר,גרמים,600.00,100 גרם,false,,9.90,0.0165,true,1,42541
7290013927101,false,אחווה עוגה תפוחים ללא תוספת סוכר 450גר,אחדות ביחר לטחינה חל,,אחווה עוגה תפוחים ל,גרמים,450.00,100 גרם,false,,13.90,0.0309,true,1,57871
7290013927156,false,אחוה בטעם פירות יער ללא תוספת סוכר 450 גרם.,אחדות ביחר לטחינה חל,,אחוה עוגה בטעם פירות,גרמים,450.00,100 גרם,false,,13.90,0.0309,true,1,57870
7290013927514,false,אחוה רוגעלך קינמון במגש 400 גר,אחדות ביחר לטחינה חל,,אחווה רוגעלך קינמון,גרמים,400.00,100 גרם,false,,9.90,0.0248,true,1,130836
7290013927637,false,חלוה ללא תוספת סוכר במגש 400 גר' אחוה,אחדות ביחר לטחינה חל,,אחווה חלווה ללא סוכר,גרמים,400.00,100 גרם,false,,12.90,0.0323,true,1,139354
7290013927644,false,עוגיות כתר בטעם תות במגש 400 גר' אחווה,אחוה,,עוגיות כתר בטעם תות,גרמים,400.00,100 גרם,false,,9.90,0.0248,true,1,139342
7290013927804,false,"טחינה גולמית משומשום מלא אחוה 1 ק""ג",אחדות ביחר לטחינה חל,,אחדות טחינה משומשום,קילוגרמים,1.00,"ק""ג",false,,21.90,21.9000,true,1,146037
7290013927996,false,עוגת שמרים קרנץ בטעם שוקולד אחוה 400 גרם,אחדות ביחר לטחינה חל,,עוגת שמרים קרנץ בטעם,גרמים,400.00,100 גרם,false,,11.90,0.0298,true,1,153976
7290014002128,false,תה ירוק לימונית ומנטה 25 שקיקים ויסוצקי,ויסוצקי ירוק,,ויסוצקי תה ירוק לימו,יחידה,25.00,יחידה,false,,24.90,0.9960,true,1,29547
7290014002135,false,תה ירוק מיקס 5 טעמים ויסוצקי 25 יחידות,תה ויסוצקי,,ויסוצקי תה ירוק מיקס,יחידה,0.00,יחידה,false,,24.90,0.0000,true,1,59085
7290014002197,false,חליטת קמומיל ולימונית הגן הקסום ויסוצקי 25 יחידות,תה ויסוצקי,,ויסוצקי חליטת קמומיל,יחידה,25.00,יחידה,false,,17.90,0.7160,true,1,59106
7290014002203,false,חליטת לימונית ולואיזה הגן הקסום ויסוצקי 25 יחידות,תה ויסוצקי,,ויסוצקי חליטת לימוני,יחידה,0.00,יחידה,false,,17.90,0.0000,true,1,59103
7290014002944,false,גן קסום חליטת פירות וצמחים חמדת שקד 25 שקיקים,תה ויסוצקי,,גן קסום חליטת חמאת ש,יחידה,25.00,יחידה,false,,17.90,0.7160,true,1,87741
7290014002982,false,תה ירוק לימונית ולואיזה ויסוצקי 25 יחידות תוספת סטיביה,ויסוצקי ירוק,,ויסוצקי תה ירוק לימו,יחידה,25.00,יחידה,false,,24.90,0.9960,true,1,75885
7290014017115,false,קמח שיבולת שועל 500,,,קמח שיבולת שועל 500,יחידה,0.00,יחידה,false,,22.90,0.0000,true,1,177779
7290014027213,false,"ערק ג'בלנא 40% אלכוהול 700 מ""ל",משקאות ג'בלנא,,"ערק ג'בלנא 700 מ""ל",יחידה,0.00,יחידה,false,,55.90,0.0000,true,1,124872
7290014046016,false,פסטרמה של פעם דל שומן 2% רכיבים טבעיים,מעדני יחיעם,,יחיעם פסטרמה הודו 10,יחידה,0.00,יחידה,false,,25.90,0.0000,true,1,74958
7290014046047,false,צמד פסטרמות יחיעם 600 גרם,מעדני יחיעם 1993,,יחיעם צמד פסטרמה 600,גרמים,600.00,100 גרם,false,,29.90,0.0498,true,1,77401
7290014046474,false,"נקניקיות עוף 1.5 ק""ג יחיעם",מעדני יחיעם,,יחיעם נקניקיות עוף 1,קילוגרמים,1.50,"ק""ג",false,,29.90,19.9333,true,1,118180
7290014046580,false,"פסטרמה מעודנת על האש 300 גרם ""יחיעם""",מעדני יחיעם 1993,,פסטרמה מעודנת על גחל,גרמים,300.00,100 גרם,false,,25.90,0.0863,true,1,96652
7290014046757,false,סלמי תה מעדני יחיעם,מעדני יחיעם,,יחיעם סלמי תה 300 גר,גרמים,300.00,100 גרם,false,,25.90,0.0863,true,1,113737
7290014066441,false,לנדוור-קפסולות אספרסו נטול קפאין(07) - 10יח'12X יח,קפה לנדוור,,לנדוור קפסולות אספרס,יחידה,0.00,יחידה,false,,17.90,0.0000,true,1,153246
7290014066526,false,לנדוור-קפסולות אספרסו תערובת הבית(11) - 10יח'12X יח,קפה לנדוור,,לנדוור קפסולות אספרס,יחידה,0.00,יחידה,false,,17.90,0.0000,true,1,153252
7290014079847,false,פטריות בייבי בלה צמד מרינה,"מרינה פטריות הגליל בע""מ",,פיטריות פורטבילה צעי,יחידה,0.00,יחידה,false,,15.90,0.0000,true,1,118663
7290014083813,false,וילי פוד מריגה שפרוטים מעושנים בשמן 190ג,הנסיך- מפעל לייצור ט,,וילי פוד מריגה שפרוט,גרמים,190.00,100 גרם,false,,9.00,0.0474,true,1,65690
7290014095861,false,שיבולת שועל דקה בשקית שקדיה 500 גרם,"דין שיווק וקליה בע""מ",,קוואקר שיבולת שועל ד,גרמים,500.00,100 גרם,false,,6.90,0.0138,true,1,77970
7290014095960,false,שיבולת שועל עבה בשקית שקדיה 500 גרם,"דין שיווק וקליה בע""מ",,קוואקר שיבולת שועל ע,גרמים,500.00,100 גרם,false,,6.90,0.0138,true,1,77971
7290014204010,false,"מרכך לשיער צבוע 750 מ""ל פנינה רוזנבלום",פנינה רוזנבלום,,פנינה מרכך צבוע 750,יחידה,750.00,יחידה,false,,12.90,0.0172,true,1,29768
7290014204027,false,"שמפו לשיער חפיפה יומיומית 750 מ""ל פנינה רוזנבלום",פנינה רוזנבלום,,פנינה שמפו יומי 750,מיליליטרים,750.00,"100 מ""ל",false,,12.90,0.0172,true,1,60442
7290014204560,false,"פנינהרוזנבלום- סבון נוזלי לידיים שלישיה,3*500 מ""ל",פ.רוזנבלום כללי,,פנינה סבון נוזלי 3*5,יחידה,3.00,יחידה,false,,13.90,4.6333,true,1,74199
7290014204690,false,סבון משאבה ורוד 1 ליטר פנינה רוזנבלום,פנינה רוזנבלום,,פנינה סבון נוזלי משא,מיליליטרים,1000.00,"100 מ""ל",false,,10.90,0.0109,true,1,97280
7290014204706,false,סבון משאבה קורל 1 ליטר פנינה רוזנבלום,פנינה רוזנבלום,,פנינה סבון נוזלי משא,ליטרים,1.00,ליטר,false,,10.90,10.9000,true,1,97281
7290014218321,false,בורקס אישי יפו גבינה מעדנות 600 גרם,מיוצר עי קונדיטוריית,,מעדנות בורקס אישי גב,גרמים,600.00,100 גרם,false,,17.90,0.0298,true,1,108645
7290014218932,false,חטיפי פיצה בתוספ זיתים בשקית מעדנות 710 גרם,מיוצר עי קונדיטוריית,,חטיפי פיצה בתוספת זי,גרמים,710.00,100 גרם,false,,29.90,0.0421,true,1,143263
7290014256637,false,"יין מבעבע מוסקטו באזז יקבי כרמל 750 מ""ל",יקבי כרמל Carmel Winery,,"באז מוסקטו 750 מ""ל",מיליליטרים,750.00,"100 מ""ל",false,,24.90,0.0332,true,1,99794
7290014265066,false,יין הר עמשא לבן יתיר 750 מל,,,יתיר הר עמשא לבן 750,מיליליטרים,750.00,"100 מ""ל",false,,109.90,0.1465,true,1,193030
7290014298217,false,בקבוק שתיה קטן 350 מ,,,בקבוק שתייה קטן,יחידה,0.00,יחידה,false,,24.90,0.0000,true,1,126860
7290014298989,false,"בקבוק צמידים טריטן 750 מ""ל MOSCO",,,בקבוק שתייה ייחודי,יחידה,0.00,יחידה,false,,39.90,0.0000,true,1,126861
7290014359550,false,מגבת פנים,,,מגבת פנים,יחידה,0.00,יחידה,false,,12.90,0.0000,true,1,191050
7290014359567,false,מגבת גוף,,,מגבת גוף,יחידה,0.00,יחידה,false,,24.90,0.0000,true,1,191051
7290014397163,false,"מטהר אוויר פרש הום פריחת השקד, ורד אנגלי וכותנה",סנו מפעלי ברונוס בעמ,,סנו פרש מיכל מילוי ב,מיליליטרים,250.00,"100 מ""ל",false,,15.90,0.0636,true,1,128909
7290014397453,false,סנו אוקסיגן גל מסיר כתמים כביסה לבנה 3 ל,סנו אוקסיג'ן,,סנו אוקסיג'ן לכביסה,ליטרים,3.00,ליטר,false,,29.90,9.9667,true,1,66478
7290014397507,false,מבשם אויר סנו פרש הום בניחוח מאסק מעודן 350 מ''ל,מיוצר עי קונדיטוריית,,סנו פרש הום מאסק מעו,מיליליטרים,350.00,"100 מ""ל",false,,13.90,0.0397,true,1,62251
7290014397514,false,"מבשם אויר סנו פרש הום בניחוח כותנה מלטפת 350 מ""ל","סנו מפעלי ברונוס בע""",,סנו פרש הום כותנה מל,מיליליטרים,350.00,"100 מ""ל",false,,13.90,0.0397,true,1,62252
7290014397521,false,"מבשם אויר סנו פרש הום בניחוח לבנדר 350 מ""ל",סנו פרש Fresh,,סנו פרש הום לבנדר פר,מיליליטרים,350.00,"100 מ""ל",false,,13.90,0.0397,true,1,60448
7290014397538,false,"מבשם אויר סנו פרש הום בניחוח אביב 350 מ""ל",סנו מפעלי ברונוס בעמ,,סנו פרש הום סבון מפנ,מיליליטרים,350.00,"100 מ""ל",false,,13.90,0.0397,true,1,60447
7290014397767,false,סנו ריצפז פרש הום 2 ליטר בניחוח כותנה-מרכז,"סנו מפעלי ברונוס בע""",,ריצפז פרש הום כותנה,ליטרים,2.00,ליטר,false,,21.90,10.9500,true,1,68909
7290014397781,false,סנו ריצפז פרש הום 2 ליטר בניחוח סבון,סנו פרש Fresh,,ריצפז פרש הום סבון מ,ליטרים,2.00,ליטר,false,,21.90,10.9500,true,1,68689
7290014397873,false,מרכך כביסה Gentle Breeze סנו מקסימה 4 ליטר,סנו מפעלי ברונוס בעמ,,מקסימה gentle breeze,ליטרים,4.00,ליטר,false,,22.90,5.7250,true,1,148144
7290014424098,false,פראנס ביוטי שעווה ברולר-ורוד,נורוליס,,פראנס ביוטי שעווה בר,יחידה,0.00,יחידה,false,,14.90,0.0000,true,1,155029
7290014426061,false,משחת שיניים הלו קיטי בטעם ענבים לגיל 2-6,כצט נוביס,,הלו קיטי משחת שיניים,מיליליטרים,50.00,"100 מ""ל",false,,11.90,0.2380,true,1,62253
7290014426597,false,משחת שיניים לילדים כצט הלו קיטי 50 מל,יושלם,,משחת הלו קיטי מנטה 5,מיליליטרים,50.00,"100 מ""ל",false,,11.90,0.2380,true,1,71378
7290014455245,false,גבינת גרנה פדנו משולש 29% 200 גרם בית יוסף,מחלבת סוציאלה מנטובה,,גרנה פדנו משולש 200,גרמים,200.00,100 גרם,false,,24.90,0.1245,true,1,107702
7290014455252,false,גבינה קשה מגורדת גרנה פדנו 29% שומן,מחלבות גד שיווק 1992,,גרנה פדנו מגורד 100ג,יחידה,0.00,יחידה,false,,11.90,0.0000,true,1,107703
7290014455467,false,ירח מתוק מעדן חלב 2% ושיבולת שועל גד 150ג',גבינות מדף,,מעדן שיבולת שועל וחל,יחידה,150.00,יחידה,false,,5.90,0.0393,true,1,108753
7290014459137,false,"תפוגן סטייק צ'יפס 1.5 ק""ג אסם","תעשיות תפוגן בע""\מ",,תפוגן צ'יפס סטייק 1.,קילוגרמים,1.50,"ק""ג",false,,24.90,16.6000,true,1,71683
7290014459472,false,"צ'יפס קפוא תפוגן 2 ק""ג כשל""פ","תעשיות תפוגן בע""מ",,תפוגן צ'יפס קלאסי 2,קילוגרמים,2.00,"ק""ג",false,,29.90,14.9500,true,1,118042
7290014462847,false,תירס ארוז,,,תירס ארוז,קילוגרמים,1.00,"ק""ג",true,,9.90,9.9000,true,1,174265
7290014466128,false,"יין הר חרמון אינדיגו 750 מ""ל",מיוצר וממולא על ידי יקב,,יקבי רמת הגולן הר חר,מיליליטרים,750.00,"100 מ""ל",false,,34.90,0.0465,true,1,60909
7290014466609,false,יין מרלו גמלא 2020 750 מל,יקבי רמת הגולן קצרין,,גמלא מרלו עברית 12,יחידה,0.00,יחידה,false,,64.90,0.0000,true,1,110107
7290014466890,false,"יין גמלא השמורה קברנה מרלו 2020 750 מ""ל",יקבי רמת הגולן,,גמלא השומרה קברנה מר,יחידה,0.00,יחידה,false,,59.90,0.0000,true,1,141033
7290014471412,false,"מוזלי בוטנים אגוזים ושקדים 1 ק""ג - 412 ירוק שקדיה","דין שיווק וקלייה בע""",,דין מוזלי בוטנים אגו,גרמים,1000.00,100 גרם,false,,21.90,0.0219,true,1,77965
7290014471429,false,"מוזלי עם פירות 1 ק""ג - 429 סגול שקדיה","דין שיווק וקלייה בע""",,"דין מוזלי פירות 1 ק""",קילוגרמים,1.00,"ק""ג",false,,21.90,21.9000,true,1,77966
7290014471436,false,"מוזלי צימוקים תפוח קינמון וגרעיני חמניה 1 ק""ג כחול שקדיה","דין שיווק וקלייה בע""",,דין מוזלי צימוקים תפ,גרמים,400.00,100 גרם,false,,21.90,0.0547,true,1,77969
7290014471443,false,"גרנולה צימוקים אגוזים ושקדים1 ק""ג חדש - 443 כתום שקדיה (כתום)","דין שיווק וקלייה בע""",,"גרנולה אגוזים 1 ק""ג",קילוגרמים,1.00,"ק""ג",false,,21.90,21.9000,true,1,77955
7290014472464,false,קונפיטורה משמש 70% פרי 450 גרם,"דין שיווק וקליה בע""מ",,שקדיה קונפיטורה משמש,גרמים,450.00,100 גרם,false,,14.90,0.0331,true,1,78019
7290014501232,false,יין בר הרי גליל לבן 750 מל,יקבי רמת הגולן,,הרי גליל לבן 750 מל,מיליליטרים,750.00,"100 מ""ל",false,,34.90,0.0465,true,1,120977
7290014503137,false,"יין כנען אדום דלתון 750 מ""ל","יקב דלתון בע""\מ",,כנען אדום דלתון 2015,יחידה,0.00,יחידה,false,,39.90,0.0000,true,1,107923
7290014525177,false,חטיף סלים פרוט Slim fruit בטעם יוגורט ופירות יער,סלים דליס Slim Delis,,סלים פרוט דגנים יוגו,גרמים,182.00,100 גרם,false,,10.90,0.0599,true,1,75278
7290014525290,false,חטיפי סלים דליס קריספי תות מרבה 125 גרם,סלים דליס Slim Delis,,סלים דליס קריספי תות,גרמים,125.00,100 גרם,false,,10.90,0.0872,true,1,112816
7290014525306,false,חטיפי סלים דליס קריספי אוכמניות מרבה 125 גרם,סלים דליס Slim Delis,,סלים דליס קריספי אוכ,גרמים,125.00,100 גרם,false,,10.90,0.0872,true,1,112591
7290014525665,false,מרבה על חלל עוגיות קקאו וסוכריות שוק חלב 140 יח',"מרבה בע""\מ",,עוגיות קקאו עם סוכרי,גרמים,140.00,100 גרם,false,,10.90,0.0779,true,1,167903
7290014525672,false,מרבה על חלל עוגיות קקאו וסוכריות שוקולד חלב 140 גרם,"מרבה בע""\מ",,עוגיות עם סוכריות שו,גרמים,140.00,100 גרם,false,,10.90,0.0779,true,1,167904
7290014534650,false,"פסטה ""לה פסטה"" 400 ג' צינור 400 ג'",מוטלו,,לה פסטה צינור 400 ג,גרמים,400.00,100 גרם,false,,3.90,0.0097,true,1,193349
7290014534667,false,"פסטה ""לה פסטה"" 400 ג' קונכיה 400 ג'",מוטלו,,לה פסטה קונכיה 400 ג,גרמים,400.00,100 גרם,false,,3.90,0.0097,true,1,96502
7290014534674,false,"פסטה ""לה פסטה"" 400 ג' פרפר 400 ג'",מוטלו,,לה פסטה פרפר 400 ג,גרמים,400.00,100 גרם,false,,3.90,0.0097,true,1,193350
7290014534681,false,"פסטה ""לה פסטה"" 400 ג' בורג 400 ג'",מוטלו,,לה פסטה בורג 400 ג,גרמים,400.00,100 גרם,false,,3.90,0.0097,true,1,193351
7290014534698,false,"פסטה ""לה פסטה"" 400 ג' תלתל 400 ג'",מוטלו,,לה פסטה תלתל 400 גרם,גרמים,400.00,100 גרם,false,,3.90,0.0097,true,1,193352
7290014534704,false,"פסטה ""לה פסטה"" 400 ג' אטריות מרק 400 ג'",מוטלו,,לה פסטה אטריות מרק 4,גרמים,400.00,100 גרם,false,,3.90,0.0097,true,1,193353
7290014547353,false,סנסודין זוג מברשות שיניים דואלקר ירוק+יר,"L Co., Industrial Shummi",,זוג מברשות סנסודיין,יחידה,0.00,יחידה,false,,19.90,0.0000,true,1,153650
7290014648050,false,שעווה לה בילה למיקרו,,,שעווה לה בילה למיקרו,גרמים,500.00,100 גרם,false,,15.00,0.0300,true,1,114374
7290014648906,false,מסיר לק מהציפורניים,אקטיב,,LA BELLE מסיר לק 100,מיליליטרים,250.00,"100 מ""ל",false,,5.90,0.0236,true,1,136162
7290014673007,false,תערובת עשבי תיבול בסגנון ים תיכוני מימון 40 גרם,א.ל ייצור ושיווק תבל,,תערובת עשבי תיבול בס,יחידה,0.00,יחידה,false,,10.90,0.0000,true,1,175790
7290014673014,false,פלפל אנגלי שלם תבליני מימון 90 גרם,א.ל ייצור ושיווק תבל,,תבליני מימון פלפל אנ,יחידה,0.00,יחידה,false,,13.90,0.0000,true,1,100581
7290014673021,false,פלפל שחור שלם תבליני מימון 100 גרם,א.ל ייצור ושיווק תבל,,תבליני מימון פלפל שח,גרמים,100.00,100 גרם,false,,13.90,0.1390,true,1,100582
7290014673038,false,תערובת תיבול טוסקנה מימון 120 גרם,א.ל ייצור ושיווק תבל,,תערובת תיבול טוסקנה,גרמים,120.00,100 גרם,false,,10.90,0.0908,true,1,175791
7290014673045,false,תערובת תיבול לצ'יפס מימון 100 גרם,א.ל ייצור ושיווק תבל,,תערובת תיבול לצ'יפס,יחידה,0.00,יחידה,false,,10.90,0.0000,true,1,175792
7290014673052,false,תערובת תיבול לתפוחי אדמה מימון 120 גרם,א.ל ייצור ושיווק תבל,,תערובת תיבול לתפוחי,גרמים,120.00,100 גרם,false,,10.90,0.0908,true,1,175793
7290014673106,false,פפריקה אדומה גרוסה בשמן מימון 400 גרם,א.ל ייצור ושיווק תבל,,פפריקה אדומה גרוסה ב,גרמים,400.00,100 גרם,false,,26.90,0.0672,true,1,175796
7290014673359,false,מלח לימון תבליני מימון 400 גרם,א.ל ייצור ושיווק תבל,,מלח לימון 400 גר,גרמים,400.00,100 גרם,false,,21.90,0.0547,true,1,75459
7290014673366,false,כורכום טחון תבליני מימון 250 גרם,א.ל ייצור ושיווק תבל,,מימון כורכום טחון 25,גרמים,250.00,100 גרם,false,,20.90,0.0836,true,1,75460
7290014673380,false,כמון טחון תבליני מימון 250 גרם,א.ל ייצור ושיווק תבל,,מימון כמון טחון 250,גרמים,250.00,100 גרם,false,,20.90,0.0836,true,1,75462
7290014673434,false,פלפל שחור גרוס דק שקית תבליני מימון 80גרם,א.ל ייצור ושיווק תבל,,פלפל שחור גרוס דק שק,יחידה,0.00,יחידה,false,,8.90,0.0000,true,1,132428
7290014692305,false,גבינת קממבר EURO CHEESE ויליפוד 125 גרם,הנסיך- מפעל לייצור ט,,קסטלו קממבר 125ג,גרמים,125.00,100 גרם,false,,19.90,0.1592,true,1,72236
7290014692565,false,גרעיני תירס מתוק וילי פוד 320 גרם,אקו קונסרויפרי קי.אפ,,וילי פוד גרעיני תירס,גרמים,320.00,100 גרם,false,,5.90,0.0184,true,1,75160
7290014692817,false,גבינת מוצרלה מגורדתEURO CHEESE ויליפוד 200 גרם,הנסיך- מפעל לייצור ט,,סיי ציז מוצרלה מגורד,גרמים,200.00,100 גרם,false,,14.90,0.0745,true,1,72232
7290014725294,false,סוכרזית סוכרלוז סטיוויה 100 שקית,"סוכרזית בע""מ",,סוכרזית סוכרלוז מותר,גרמים,100.00,100 גרם,false,,21.90,0.2190,true,1,76860
7290014731264,false,ספלאש כוסות 180CC לשתייה קרה 100 יחידות,רם,,ספלאש כוסות לשתיה קר,יחידה,0.00,יחידה,false,,7.90,0.0000,true,1,122800
7290014747715,false,"ע.ט אצבעות שניצל שומשום 1 ק""ג",,,עוף טוב אצבעות שניצל,קילוגרמים,1.00,"ק""ג",false,,32.90,32.9000,true,1,173094
7290014748613,false,מקלוני דגים בציפוי צ'יפס דג טוב 600 גרם,מוצרי עוף טוב (2001) בע\,,דג טוב מקלוני דגים ב,גרמים,600.00,100 גרם,false,,29.90,0.0498,true,1,194694
7290014749764,false,עוף טוב שניצל עוף ביתי עדין כזה 700 גרם,מוצרי עוף טוב (2001) בע\,,שניצל עוף ביתי עדין,יחידה,0.00,יחידה,false,,39.90,0.0000,true,1,154014
7290014749887,false,שניצל דק ענק קריספי קלאסי עוף טוב 720 גרם,מוצרי עוף טוב (2001) בע\,,עוף טוב שניצל עוף דק,גרמים,720.00,100 גרם,false,,34.90,0.0485,true,1,172738
7290014758100,false,מאגדת יוגורט ביו 3% שומן 8 יח' *150ג' תנובה,מיוצר עי קונדיטוריית,,מאגדת יוגורט ביו 3%,ליטרים,1.20,ליטר,false,,16.90,14.0833,true,1,63077
7290014758117,false,מאגדת יוגורט ביו 1.5% שומן 8 יח' *150 ג' תנובה,מיוצר עי קונדיטוריית,,מאגדת יוגורט ביו 1.,ליטרים,1.20,ליטר,false,,16.20,13.5000,true,1,63076
7290014758148,false,פרוסות גבינה 22% שומן 400 ג' גלבוע,תנובה,,גלבוע פרוס סמי מעדני,גרמים,400.00,100 גרם,false,,22.00,0.0550,true,1,34183
7290014758162,false,חלב עיזים מלא 3.6% קרטון 1 ל' תנובה,הרדוף תוצרת מזון אור,,חלב עיזים קרטון 1 לי,ליטרים,1.00,ליטר,false,,14.90,14.9000,true,1,68732
7290014758681,false,קוטג תנובה 1% גביע 250 גרם,מיוצר עי קונדיטוריית,,קוטג תנובה 1% גביע 2,גרמים,250.00,100 גרם,false,,5.80,0.0232,true,1,29784
7290014759909,false,גבינה פטה עזים פיראוס 5% 250 גרם,"תנובה, מחלבת טנא נוג",,פטה עיזים 5% פיראוס,גרמים,250.00,100 גרם,false,,28.60,0.1144,true,1,75073
7290014759978,false,גבינת קצקבל גלעד 27% תנובה 200 גרם,תנובה חלב,,קצקבל גלעד 27% פלח 2,גרמים,200.00,100 גרם,false,,26.20,0.1310,true,1,72840
7290014759985,false,גבינת פרמזן גבע 23% תנובה 200 גרם,תנובה חלב,,פלח פרמזן גבע 23% 20,גרמים,200.00,100 גרם,false,,25.10,0.1255,true,1,72839
7290014759992,false,גבינת רוקפור גליל פלח 140 ג' תנובה,"תנובה, מחלבת תל יוסף",,פלח רוקפור גליל 27%,גרמים,140.00,100 גרם,false,,19.50,0.1393,true,1,72841
7290014760134,false,"מעדן סויה בטעם וניל תנובה 125 מ""ל",תנובה Alternative,,מעדן סויה בטעם וניל,מיליליטרים,125.00,"100 מ""ל",false,,4.10,0.0328,true,1,130513
7290014760141,false,משקה שקדים תנובה E אלטרנטיב,תנובה Alternative,,משקה שקדים טרי 1 ליט,ליטרים,1.00,ליטר,false,,12.50,12.5000,true,1,102596
7290014760912,false,פרוסות גבינה 28% שומן 400 ג' גוש חלב,תנובה מרכז שיתופי לש,,גוש חלב 28% 400 גרם,גרמים,400.00,100 גרם,false,,26.20,0.0655,true,1,78597
7290014761056,false,מעדן שוקולד חלב יולו תנובה 123 גרם,מיוצר עי קונדיטוריית,,YOLO מעדן שוקולד חלב,גרמים,123.00,100 גרם,false,,4.60,0.0374,true,1,98843
7290014761063,false,מעדן שוקולד מריר יולו תנובה 123 גרם,מיוצר עי קונדיטוריית,,YOLO מעדן שוקולד מרי,גרמים,123.00,100 גרם,false,,4.60,0.0374,true,1,98844
7290014761070,false,מעדן שוקולד לבן יולו תנובה 123 גרם,מיוצר עי קונדיטוריית,,YOLO מעדן שוקולד לבן,גרמים,123.00,100 גרם,false,,4.60,0.0374,true,1,98845
7290014761193,false,יוגורט עם פירות יער 1.5% שומן 125 ג' פרילי,תנובה מרכז שיתופי לש,,פרילי פירות יער 1.5%,גרמים,125.00,100 גרם,false,,3.50,0.0280,true,1,99250
7290014761414,false,יולו מעדן שכבות שוקולד חלב ולבן 123 גר,מיוצר עי קונדיטוריית,,YOLO מעדן שכבות שוקו,יחידה,0.00,יחידה,false,,4.60,0.0000,true,1,98848
7290014761438,false,פיראוס בולגרית קלאסית 24% סמי מעדניה 400,תנובה מרכז שיתופי לש,,בולגרית 24% סמי מעדנ,גרמים,400.00,100 גרם,false,,27.10,0.0678,true,1,97502
7290014761612,false,מעדן שכבות שוקולד מריר ולבן יולו 122 גרם,מיוצר עי קונדיטוריית,,YOLO מעדן שכבות שוקו,גרמים,123.00,100 גרם,false,,4.60,0.0374,true,1,101404
7290014762756,false,גבינת שמנת נפוליאון 16% עם בצל תנובה 225 גרם,תנובה חלב,,נפוליאון 16% עם בצל,גרמים,225.00,100 גרם,false,,13.90,0.0618,true,1,108647
7290014762800,false,מעדן סויה שוקולד גביע 125 גרם אלטרנטיב,תנובה מרכז שיתופי לש,,מעדן סויה שוקולד גבי,גרמים,125.00,100 גרם,false,,4.10,0.0328,true,1,125393
7290014762831,false,גבינת שמנת נפוליאון 16% עם פלפל חלפיניו תנובה 225 גרם,תנובה מרכז שיתופי לש,,נפוליאון עם חלפיניו,גרמים,225.00,100 גרם,false,,13.90,0.0618,true,1,139377
7290014762848,false,גבינה צהובה מגורדת 22% שומן 500 ג' פתיתי גלבוע,גלבוע - תנובה,,פתיתי גלבוע 22% 500,גרמים,500.00,100 גרם,false,,34.60,0.0692,true,1,124345
7290014762909,false,פתיתי מוצרלה השף הלבן 10% תוספת מתנה,"תנובה, מחלבת תל יוסף",,מוצרלה פתיתים 20% שו,גרמים,200.00,100 גרם,false,,18.90,0.0945,true,1,174436
7290014762947,false,לאבנה גלילית 11% שומן 750 ג' פיראוס,תנובה,,לאבנה גלילית 11%שומן,גרמים,150.00,100 גרם,false,,24.90,0.1660,true,1,111161
7290014763098,false,קרם גבינת שמנת 5% עם פלפל שום ובצל 200 ג' תנובה,תנובה,,קרם גבינת שמנת 5% עם,גרמים,200.00,100 גרם,false,,11.50,0.0575,true,1,112967
7290014763272,false,יוגורט סויה BIO לשתיה תות ובננה אלטרנטיב,תות תעשיות מזון (201,,יוגורט סויה לשתיה תו,גרמים,250.00,100 גרם,false,,6.20,0.0248,true,1,114331
7290014789913,false,עוגיות אוראו קרם בטעם וניל מארז 176 גרם,מונדלייז,,אוראו עוגיות 3*176 ג,גרמים,528.00,100 גרם,false,,26.00,0.0492,true,1,72612
7290014791626,false,שוופס סודה נענע ליים 250 מל זכוכית,יפאורה תבורי בעמ,,שוופס סודה נענע ליים,מיליליטרים,250.00,"100 מ""ל",false,,5.00,0.0200,true,1,102177
7290014803565,false,צנימים עגולים עם חיטה מלאה 300 גרם,NEWLAT,,צנימים עגולים חיטה מ,יחידה,0.00,יחידה,false,,13.90,0.0000,true,1,102226
7290014803794,false,ריבת חלב צנצנת 830 ג,מ.א.מ,,ריבת חלב צנצנת 830 ג,גרמים,830.00,100 גרם,false,,29.90,0.0360,true,1,110767
7290014860070,false,"מקלוני אורז ללא גלוטן 5 מ""מ 454גר' (אור)",ניינטי נודל קו,,מקלוני אורז ללא גלוט,גרמים,454.00,100 גרם,false,,10.90,0.0240,true,1,96526
7290014860155,false,מחצלת במבו שטוחה 24X24 ס'מ,גולין פנגזו,,מחצלת במבו שטוחה 24X,יחידה,0.00,יחידה,false,,7.90,0.0000,true,1,96530
7290014860247,false,שבבי אורז מרובעים ללא גלוטן 227 גרם (Oriental),ליאן תאי רייס,,מזרח ומערב יבוא שבבי,גרמים,227.00,100 גרם,false,,9.90,0.0436,true,1,96531
7290014860988,false,"שימורי קרם קוקוס 17% 400 מ""ל (TCC) כשר",Theppadungporn cocon,,מזרח ומערב יבוא חלב,גרמים,400.00,100 גרם,false,,9.90,0.0248,true,1,169519
7290014890145,false,גבינת שמנת טבעי 225 גרם יעקובס,גבינות משק יעקבס,,יעקבס שמנת טבעית 225,גרמים,225.00,100 גרם,false,,12.90,0.0573,true,1,122005
7290014890152,false,גבינת שמנת זיתים 225 גרם יעקובס,גבינות משק יעקבס,,יעקבס שמנת זיתים 225,גרמים,225.00,100 גרם,false,,12.90,0.0573,true,1,122006
7290014890169,false,גבינת שמנת שום שמיר 225 גרם יעקובס,גבינות משק יעקבס,,יעקבס שמנת שמיר 225,גרמים,225.00,100 גרם,false,,12.90,0.0573,true,1,122007
7290014890176,false,ריקוטה סגנון איטלק5% 250,גבינות משק יעקבס,,ריקוטה 250 גרם,גרמים,250.00,100 גרם,false,,12.90,0.0516,true,1,143800
7290014901254,false,"מרכך קרטין לאחר החלקה ועיצוב בחום סטייל 750 מ""ל",א.ל ארמן ייצור תמרוק,,מרכך קרטין 750,יחידה,0.00,יחידה,false,,22.90,0.0000,true,1,155471
7290014901261,false,"מסכה קרטין לאחר החלקה ועיצוב בחום סטייל 500 מ""ל",א.ל ארמן ייצור תמרוק,,מסכה קרטין 500,יחידה,0.00,יחידה,false,,32.90,0.0000,true,1,155472
7290014901308,false,משחת שיניים לשיניים רגישות Complete protection,"סמית קליין ביצ'ם בע""",,משחת סנסודיין הגנה מ,יחידה,0.00,יחידה,false,,24.90,0.0000,true,1,77545
7290014901315,false,סנסודיין משחה הגנה מלאה אקסטרה פרש 75 מל,"סמית קליין ביצ'ם בע""",,סנסודיין מ.שיניים הג,יחידה,0.00,יחידה,false,,24.90,0.0000,true,1,77544
7290014905160,false,"הפי מטהר אוויר פניני ריח בניחוחות, 130 גרם",יוליניבר,,הפי פניני ריח תפוז\ו,גרמים,130.00,100 גרם,false,,11.90,0.0915,true,1,72974
7290014905733,false,"הפי פרפקט לניקוי שמשות 750 מ""ל",יעקובי הפי,,"הפי לחלונות 750 מ""ל",מיליליטרים,750.00,"100 מ""ל",false,,7.90,0.0105,true,1,97479
7290014910515,false,שימורי דגים שפרוטים מעושנים בשמן צמחי 250 גרם,סיא אונדה,,שימורי דגים שפרוטים,יחידה,0.00,יחידה,false,,13.90,0.0000,true,1,129480
7290014940901,false,לחם פשוט מלא אנג'ל 750 גרם,מאפיית שלמה א. אנג'\ל בע,,לחם פשוט מלא,גרמים,750.00,100 גרם,false,,13.90,0.0185,true,1,105825
7290014945739,false,שייני ניילון נצמד 150 מ',,,ניילון נצמד 150 מ' S,יחידה,0.00,יחידה,false,,19.90,0.0000,true,1,112838
7290014947023,false,פריכיות כוסמין ללא מ,זן - בר,,פריכיות כוסמין ללא ת,גרמים,120.00,100 גרם,false,,9.90,0.0825,true,1,139998
7290014947047,false,פריכיות כוסמת עם מלח 175 גרם,זן בר המכללה לטבעונו,,זן-בר- פריכיות כוסמת,גרמים,160.00,100 גרם,false,,9.90,0.0619,true,1,108405
7290014947078,false,מיני פריכיות כוסמת ע,זן בר המכללה לטבעונו,,פריכיות כוסמות עם ממ,יחידה,0.00,יחידה,false,,5.90,0.0000,true,1,128761
7290014967458,false,קפסולות אספרסו מור ק,אספרסו מור,,מארז 10 קפסולות קפה,יחידה,0.00,יחידה,false,,11.90,0.0000,true,1,127426
7290014967762,false,מארז 100 קפסולות מיקס טעמים,אספרסו מור,,מארז 100 קפסולות קפה,יחידה,0.00,יחידה,false,,79.90,0.0000,true,1,120106
7290014974562,false,גביעי גלידה רגיל טילון עלמה גילרו 24 יח',"א.ג גילרו בע""\מ",,רזיט גביעי גלידה 24,יחידה,24.00,יחידה,false,,7.90,0.3292,true,1,123758
7290015008020,false,נרות נשמה פחית ר.שמאי 24 שעות,,,נרות נשמה 24 שעות- ר,יחידה,0.00,יחידה,false,,1.90,0.0000,true,1,126792
7290015008037,false,נרות חימום 50 יח' ר.שמאי,,,אקו - נריות חימום 50,יחידה,0.00,יחידה,false,,9.90,0.0000,true,1,126616
7290015008105,false,"צלחות קטן 50 יח' עבות במיוחד שמאי כשל""פ עד""ח",,,צלחות קטן עבות במיוח,יחידה,50.00,יחידה,false,,12.90,0.2580,true,1,122783
7290015008129,false,"לפתניות 25 יח' עבות במיוחד שמאי כשל""פ עד""ח",,,לפתניות עבות לבן 25,יחידה,25.00,יחידה,false,,4.90,0.1960,true,1,122785
7290015008273,false,"כוס פלסטיק איכותי 180 פסים ח""פ ר. שמאי 100יח'",,,כוסות פסים לשתיה קרה,יחידה,0.00,יחידה,false,,10.90,0.0000,true,1,122801
7290015008280,false,"נייר אפיה 50 דף שמאי נשלף אחד אחד כשל""פ עד""ח",,,נייר אפיה נשלף 50 דף,יחידה,50.00,יחידה,false,,7.90,0.1580,true,1,122795
7290015008341,false,מפות צלופן 35 מטר עבה מאוד אחת שתיים שמאי,,,ר.שמאי מפות צלופן עב,יחידה,0.00,יחידה,false,,49.90,0.0000,true,1,144159
7290015008372,false,"כוס קרטון לשתיה חמה 8OZ ח""פ 50יח'",,,כוסות לשתיה חמה 8B-,יחידה,0.00,יחידה,false,,9.90,0.0000,true,1,125212
7290015008594,false,נרות נשמה שבועי זכוכית אחת שתיים שמאי,,,נרות זכוכית שבועי- ר,יחידה,0.00,יחידה,false,,9.90,0.0000,true,1,127270
7290015008655,false,כפות קרם/שקוף ר.שמאי 50 יח',,,כפות קרם/שקוף ארוז 5,יחידה,0.00,יחידה,false,,7.90,0.0000,true,1,126307
7290015008662,false,מזלג קרם/שקוף ר.שמאי 50 יח',,,מזלג קרם ארוז 50 יח',יחידה,0.00,יחידה,false,,7.90,0.0000,true,1,126308
7290015008679,false,"סכין שקוף/קרם ארוז 50 יחי' כשל""פ",,,סכין קרם/שקוף ארוז 5,יחידה,0.00,יחידה,false,,7.90,0.0000,true,1,126309
7290015008686,false,כפיות קרם/שקוף ר.שמאי 50 יח',,,כפיות קרם/שקוף ארוז,יחידה,0.00,יחידה,false,,6.90,0.0000,true,1,126310
7290015008693,false,"צלחות ענק צבעוני 25 יח' שמאי כשל""פ עד""ח",,,צלחות ענק צבעוני 25,יחידה,0.00,יחידה,false,,16.90,0.0000,true,1,125225
7290015008822,false,"כוסות קרטון אספרסו 4OZ ח""פ 50יח'",,,כוסות קרטון 4 OZ אספ,יחידה,0.00,יחידה,false,,6.90,0.0000,true,1,125213
7290015008945,false,תבנית מאפינס אלומיניום ארוז שמאי 50 יח',,,שמאי - מאפינס אלומני,יחידה,0.00,יחידה,false,,12.90,0.0000,true,1,154947
7290015008976,false,מזון בקרטון H.D שמאי 150X3 יח',,,שקיות מזון בקרטון של,יחידה,0.00,יחידה,false,,9.90,0.0000,true,1,130269
7290015009010,false,מונטנייר חומץ יין אדום 500מל,מנדלז סי.אר. פרודקשן,,חומץ בן יין אדום 500,מיליליטרים,500.00,"100 מ""ל",false,,19.90,0.0398,true,1,152382
7290015009027,false,"חומץ בלסמי 500 מ""ל ""daniel""",אקובינל,,"חומץ בלסמי 500 מ""ל",מיליליטרים,500.00,"100 מ""ל",false,,21.90,0.0438,true,1,152384
7290015009188,false,"ניוקי תפוחי אדמה עם דלעת 300 גר' ""דניאל""",סיאמה אלימנטארי סרל,,ניוקי תפוחי אדמה עם,גרמים,300.00,100 גרם,false,,9.90,0.0330,true,1,152388
7290015009324,false,נאצו'ס תירס ברביקיו 200 גרם,אוקיי סנקס,,נאצ'וס ברביקיו 200 ג,גרמים,200.00,100 גרם,false,,13.90,0.0695,true,1,152436
7290015009331,false,נאצו'ס תירס חריף 200 גרם,מנדלז סי.אר. פרודקשן,,נאצ'וס חריף 200 גרם,גרמים,200.00,100 גרם,false,,13.90,0.0695,true,1,152437
7290015009553,false,"רוטב אקסטרא חריף מפלפל קרולינה ריפר 148 מ""ל",קאמוק,,רוטב אקסטרא חריף מפל,יחידה,0.00,יחידה,false,,19.90,0.0000,true,1,192317
7290015009591,false,"רוטב אקסטרא חריף מפלפל סקורפיון 148 מ""ל",קאמוק,,רוטב אקסטרא חריף מפל,יחידה,0.00,יחידה,false,,19.90,0.0000,true,1,192323
7290015009607,false,"רוטב אקסטרא חריף מפלפל נגה ג'ולוקיה 148 מ""ל",קאמוק,,רוטב אקסטרא חריף מפל,יחידה,0.00,יחידה,false,,19.90,0.0000,true,1,192426
7290015009614,false,"רוטב אקסטרא חריף פלפל סקוטש בונט 148 מ""ל",קאמוק,,רוטב אקסטרא חריף סקו,יחידה,0.00,יחידה,false,,19.90,0.0000,true,1,192427
7290015015004,false,תאנים מיובשות 400 גר,,,תאנים מיובשות 400 גר,יחידה,0.00,יחידה,false,,19.90,0.0000,true,1,129322
7290015015011,false,חמוציות ברכז תפוח 30,,,חמוציות ברכז תפוח 30,יחידה,0.00,יחידה,false,,19.90,0.0000,true,1,129323
7290015015028,false,צימוקים ג'אמבו 300 ג,,,צימוקים ג'אמבו 300 ג,יחידה,0.00,יחידה,false,,19.90,0.0000,true,1,129324
7290015015035,false,צימוקים כהים 300 גרם,,,צימוקים כהים 300 גרם,יחידה,0.00,יחידה,false,,19.90,0.0000,true,1,129325
7290015015042,false,בננה צ'יפס 200 גרם,,,בננה צ'יפס 200 גרם,יחידה,0.00,יחידה,false,,6.90,0.0000,true,1,129326
7290015015073,false,גרעיני חמניה קולפים,,,גרעיני חמניה קולפים,יחידה,0.00,יחידה,false,,9.90,0.0000,true,1,133569
7290015015097,false,גרעיני דלעת מקולפים,,,גרעיני דלעת מקולפים,יחידה,0.00,יחידה,false,,11.90,0.0000,true,1,133575
7290015015103,false,אגוז לוז (בונדוק) מק,,,אגוז לוז (בונדוק) מק,יחידה,0.00,יחידה,false,,14.90,0.0000,true,1,133576
7290015015127,false,שקדים מולבנים פרוסים,,,שקדים מולבנים פרוסים,יחידה,0.00,יחידה,false,,14.90,0.0000,true,1,133567
7290015015134,false,אגוזי מלך קלופים 20,,,אגוזי מלך קלופים 20,יחידה,0.00,יחידה,false,,9.90,0.0000,true,1,133571
7290015015141,false,שקדים מולבנים גפרורי,,,שקדים מולבנים גפרורי,יחידה,0.00,יחידה,false,,14.90,0.0000,true,1,133572
7290015015158,false,שקדים מולבנים חצאים,,,שקדים מולבנים חצאים,יחידה,0.00,יחידה,false,,14.90,0.0000,true,1,133568
7290015015165,false,שקדים מקולפים טבעי 2,,,שקדים מקולפים טבעי 2,יחידה,0.00,יחידה,false,,14.90,0.0000,true,1,133573
7290015015172,false,אגוז פקאן מקולף טבעי,,,אגוז פקאן מקולף טבעי,יחידה,0.00,יחידה,false,,29.90,0.0000,true,1,133577
7290015015196,false,אגוז פקאן סיני מסוכר,,,אגוז פקאן סיני מסוכר,יחידה,0.00,יחידה,false,,19.90,0.0000,true,1,133578
7290015015202,false,קשיו טבעי 250 גרם,,,קשיו טבעי 250 גרם,יחידה,0.00,יחידה,false,,19.90,0.0000,true,1,135455
7290015015226,false,צנובר 200 גרם,,,צנובר 200 גרם,יחידה,0.00,יחידה,false,,29.90,0.0000,true,1,133580
7290015015295,false,אגוז ברזילאי מקולף,,,אגוז ברזילאי מקולף,גרמים,100.00,100 גרם,false,,19.90,0.1990,true,1,133581
7290015015301,false,פירורי לחם מוזהבים ד,,,פירורי לחם מוזהבים ד,גרמים,200.00,100 גרם,false,,3.90,0.0195,true,1,143988
7290015015363,false,פירורי לחם מוזהבים ד,,,פירורי לחם מוזהבים ד,יחידה,0.00,יחידה,false,,9.90,0.0000,true,1,143989
7290015015400,false,קפה דבאח טחון בלי הי,,,קפה דבאח טחון בלי הי,קילוגרמים,1.00,"ק""ג",false,,60.00,60.0000,true,1,153940
7290015015455,false,"קמח חיטה מלאה 2 ק""ג",,,"קמח חיטה מלאה 2 ק""ג",קילוגרמים,2.00,"ק""ג",false,,12.00,6.0000,true,1,73885
7290015015899,false,הום 9 מטליות רב שימו,,,הום 9 מטליות רב שימו,יחידה,0.00,יחידה,false,,9.90,0.0000,true,1,162465
7290015015905,false,הום 40 מטליות אקולוג,,,הום 40 מטליות אקולוג,יחידה,0.00,יחידה,false,,19.90,0.0000,true,1,162463
7290015039338,false,נתחי טונה במי מלח רביעיה * 160 ג' וילי פוד,וילי פוד,,וילי פוד טונה בהירה,גרמים,640.00,100 גרם,false,,21.90,0.0342,true,1,100415
7290015039499,false,ויליפוד עוגיות חמאה איטלקיות מובחרות 1ק,טדסקו אס.אר.אל ויה ד,,ויליפוד עוגיות חמאה,גרמים,1000.00,100 גרם,false,,12.90,0.0129,true,1,98454
7290015129121,false,סקיני פסטה נודלס 270 גרם,הוויזאי וואנגייה פוד,,סקיני פסטה נודלס 270,גרמים,270.00,100 גרם,false,,13.90,0.0515,true,1,99573
7290015129145,false,אטריות קונג'אק בתוספת טפיוקה בצורת ספגטי,הוויזאי וואנגייה פוד,,סקיני פסטה ספגטי 270,גרמים,270.00,100 גרם,false,,13.90,0.0515,true,1,99575
7290015129251,false,איטריות קונגאק ללא גלוטן 270 גרם skinny,אף.סי תבליני בגליל ב,,סקיני פסטה פטוציני 2,גרמים,270.00,100 גרם,false,,13.90,0.0515,true,1,108409
7290015139250,false,"שוקולד מריר פצפוצי אורז כרמית 85 גרם לל""ס","כרמית תעשיות ממתקים בע""\",,חופשי שוקולד מריר עם,יחידה,0.00,יחידה,false,,7.50,0.0000,true,1,103981
7290015139267,false,שוקולד מריר עם שקדים ללא תוספת סוכר וסטהיים,"כרמית תעשיות ממתקים בע""\",,חופשי שוקולד מריר עם,יחידה,0.00,יחידה,false,,7.50,0.0000,true,1,103982
7290015150088,false,מחית עגבניות קלה גרנד איטליה 700 גרם,שוורצקוף& הנקל דיסלד,,גרנד איטליה עגבניות,גרמים,700.00,100 גרם,false,,13.90,0.0199,true,1,101890
7290015150118,false,שלישיית עגבניות חתוכות דק גרנד איטליה 400 גרם,אמיליאנה קונסרב ס.פ.,,עגבניות חתוכות דק 3*,קילוגרמים,1.20,"ק""ג",false,,19.90,16.5833,true,1,101891
7290015150583,false,תה ירוק לימון ודבש ויסוצקי 25 יחידות,ויסוצקי ירוק,,ויסוצקי תה ירוק לימו,יחידה,25.00,יחידה,false,,24.90,0.9960,true,1,106388
7290015150590,false,תה ירוק ג'ינג'ר חריף ויסוצקי 25 יחידות,ויסוצקי ירוק,,ויסוצקי תה ירוק ג'ינ,יחידה,25.00,יחידה,false,,24.90,0.9960,true,1,106391
7290015150903,false,תה ירוק קינמון ודבש ויסוצקי 25 יחידות,ויסוצקי ירוק,,ויסוצקי תה ירוק קינמ,יחידה,25.00,יחידה,false,,24.90,0.9960,true,1,114206
7290015155021,false,פרמיו חטיף דנטלי לכלב ננסי 110גרם,רונדו,,פרמיו דנטל מיני 110ג,גרמים,150.00,100 גרם,false,,9.90,0.0660,true,1,123475
7290015155250,false,פרמיו חטיף כריות סלמון 60 גר,פרמיו Premio,,פרמיו כריות סלמון 60,יחידה,0.00,יחידה,false,,9.90,0.0000,true,1,190587
7290015155823,false,מחית תפוחי עץ חטיפטף ללא תוספת סוכר,פרוטה פודווין איי.אס,,מחית פואץ' פרינוק תפ,יחידה,0.00,יחידה,false,,5.90,0.0000,true,1,124797
7290015155830,false,מחית תפוחי עץ ובננה חטיפטף ללא תוספת סוכר,פרוטה פודווין איי.אס,,מחית פואץ' פרינוק תפ,יחידה,0.00,יחידה,false,,5.90,0.0000,true,1,124798
7290015155847,false,מחית סלט פירות חטיפטף ללא תוספת סוכר,פרוטה פודווין איי.אס,,מחית פואץ' פרינוק סל,יחידה,0.00,יחידה,false,,5.90,0.0000,true,1,124799
7290015156776,false,מחית פירות טרופיים חטיפטף ללא תוספת סוכר,פרוטה פודווין איי.אס,,מחית פואץ' פרינוק פי,יחידה,0.00,יחידה,false,,5.90,0.0000,true,1,134417
7290015164818,false,רוטב קארי צהובה 400 גרם SUREE כשר,Theppadungporn cocon,,מזרח ומערב יבוא מחית,גרמים,400.00,100 גרם,false,,19.90,0.0497,true,1,161657
7290015164856,false,רוטב קארי אדומה 400 גרם SUREE כשר,טאפאדונגפורן קוקינט,,מזרח ומערב יבוא מחית,גרמים,400.00,100 גרם,false,,19.90,0.0497,true,1,96535
7290015325752,false,אסותא מגבונים לחים רביעיה,טרופיקל דגיל,,אסותא מגבוני רביעייה,יחידה,4.00,יחידה,false,,16.90,4.2250,true,1,121663
7290015350150,false,"יין אדום חצי יבש סגל 750 מ""ל","כרמי צבי - אחים סגל בע""\",,סגל אדום חצי יבש 750,מיליליטרים,750.00,"100 מ""ל",false,,21.90,0.0292,true,1,156102
7290015395045,false,"קינואה בשקית שקדיה 400 גרם בד""ץ","דין שיווק וקליה בע""מ",,שקדיה קינואה 400 ג,גרמים,400.00,100 גרם,false,,14.90,0.0373,true,1,97632
7290015410304,false,פיתות קמח מלא 10 יח',,,פיתה דרוזית,יחידה,0.00,יחידה,false,,19.90,0.0000,true,1,101457
7290015470094,false,טוסו שוקולד מריר תפוז ללא סוכר 100גרם,אלטינמארקה,,טוסו שוק.מריר ט.תפוז,יחידה,0.00,יחידה,false,,13.00,0.0000,true,1,127645
7290015470384,false,קרם ידיים מטפח אינטנסיב מועשר בשמן שקדים,אינטרקוסמא,,פנגל אינטנסיב ק.ידיי,יחידה,0.00,יחידה,false,,9.90,0.0000,true,1,107198
7290015470391,false,קרם ידיים מועשר בשמן זית לעור רגיל עד יבש,אינטרקוסמא,,פנגל ויטאליטי ק.ידיי,יחידה,0.00,יחידה,false,,9.90,0.0000,true,1,107199
7290015597326,false,מאגדת אסקימו אייס לייט 10 יח' שטראוס,"גלידת שטראוס בע""\מ, רחוב",,אסקימו מאגדת קלי קלו,יחידה,10.00,יחידה,false,,24.90,2.4900,true,1,108590
7290015603188,false,אטריות ביצים 454ג' (כ) (fu),פוגיאן לונגהי אנלידה אינ,,מזרח ומערב יבוא אטרי,גרמים,454.00,100 גרם,false,,10.90,0.0240,true,1,107622
7290015603195,false,איטריות בתוספת תרד 454 גרם,פוגיאן לונגהי אנלידה אינ,,איטריות בתוספת תרד 4,גרמים,454.00,100 גרם,false,,10.90,0.0240,true,1,102249
7290015603201,false,אטריות מחיטה מלאה 454ג' (כ) (fu),קסמיאן קסינגשנג פודסטטפס,,מזרח ומערב אטריות מח,יחידה,0.00,יחידה,false,,10.90,0.0000,true,1,104385
7290015603218,false,אטריות עם עגבניה מזרח מערב 454 גרם,פוגקן לונגהי אנלידה,,אטריות עגבניה 454 גר,גרמים,454.00,100 גרם,false,,10.90,0.0240,true,1,116648
7290015603232,false,איטריות בתוספת דלעת 454 גרם,פוגקן לונגהי אנלידה,,אטריות דלעת 454 גרם,גרמים,454.00,100 גרם,false,,10.90,0.0240,true,1,116650
7290015603522,false,"נוזל אגוזי קוקוס 5%-7% 400 מ""ל",אסי אטיק גרו אינדוסט,,נוזל אגוזי קוקוס 5-7,מיליליטרים,400.00,"100 מ""ל",false,,6.90,0.0173,true,1,182192
7290015603546,false,"שימורי קרם קוקוס 17-19% 400 מ""ל (ASIATIC)(כ)",אסיאטיק אגרו אינדסטר,,שימורי קרם קוקוס 400,מיליליטרים,400.00,"100 מ""ל",false,,8.90,0.0223,true,1,144925
7290015603560,false,"שימורי קרם קוקוס 20-22% 400 מ""ל (ASIATIC)(כ)",אסיאטיק אגרו אינדוסטרי,,"קרם קוקוס 22% 400 מ""",מיליליטרים,400.00,"100 מ""ל",false,,9.90,0.0248,true,1,108669
7290015603584,false,ג'ינגר לבן כבוש ללא מונוסודיום 160 גרם (כ),לאיווי איפנג פודס קו,,גינגר לבן כבוש ללא מ,גרמים,340.00,100 גרם,false,,7.90,0.0232,true,1,108875
7290015603591,false,גינגר ורוד כבוש ללא מונוסודיום 160 גרם,ננטונג הידה אקוטיק פ,,ג'ינגר ורוד כבוש ללא,גרמים,160.00,100 גרם,false,,7.90,0.0494,true,1,128391
7290015644426,false,"לחם צרפתי חיטה מלאה ודגנים 600 גרם ""אנג'ל""",מאפיית שלמה א. אנג'\ל בע,,לחם צרפתי חיטה מלאה,יחידה,0.00,יחידה,false,,16.90,0.0000,true,1,113180
7290015652254,false,גרעיני חמניה קלויים 400 גרם ששון הקלה,"דין שיווק וקלייה בע""",,גרעיני חמניה קלויים,גרמים,400.00,100 גרם,false,,10.00,0.0250,true,1,102493
7290015652261,false,בוטנים קלויים ששון הקולה 350 גרם,"דין שיווק וקלייה בע""",,בוטנים קלויים 300 גר,גרמים,300.00,100 גרם,false,,10.00,0.0333,true,1,102494
7290015652278,false,תערובת פיצוחים 250 גרם ששון הקולה,"דין שיווק וקליה בע""מ",,תערובת פיצוחים 250 ג,גרמים,250.00,100 גרם,false,,20.00,0.0800,true,1,102495
7290015652285,false,אגוזים קלופים 250 גרם ששון הקולה,"שקדיה גבע תעשיות בע""",,אגוזים קלופים 250 גר,גרמים,250.00,100 גרם,false,,20.00,0.0800,true,1,102496
7290015652292,false,קבוקים עם שומשום ששון הקולה 400 גרם,"דין שיווק וקלייה בע""",,קבוקים 500 גרם,גרמים,500.00,100 גרם,false,,10.00,0.0200,true,1,102497
7290015652308,false,מנצ'ס ששון הקולה 400 גרם,"דין שיווק וקלייה בע""",,מנצס 300 גרם,גרמים,300.00,100 גרם,false,,10.00,0.0333,true,1,102498
7290015652322,false,בוטנים אמריקאיים מצופים 400 גר ששון הקלה,"דין שיווק וקלייה בע""",,בוטנים אמריקאים מצופ,גרמים,500.00,100 גרם,false,,10.00,0.0200,true,1,102490
7290015652384,false,"קמח תירס ללא גלוטן עבה ששון הקולה 1 ק""ג",מולינו פיילה גלאסה,,קמח תירס ללא גלוטן ע,קילוגרמים,1.00,"ק""ג",false,,11.90,11.9000,true,1,106910
7290015652407,false,פיסטוק קלוי ששון הקולה 250 גרם,"דין שיווק וקלייה בע""",,פיסטוק קלוי 250 גרם,גרמים,250.00,100 גרם,false,,20.00,0.0800,true,1,110030
7290015673013,false,טחון מהצומח צליה גריל500,טבע דלי בעמ,,טחון לצלייה על הגריל,גרמים,500.00,100 גרם,false,,26.90,0.0538,true,1,105174
7290015673181,false,בורגר מהצומח עם ברוקולי קליפורניה 400 גר,טבע דלי,,בורגר על האש קליפורנ,גרמים,400.00,100 גרם,false,,26.90,0.0672,true,1,112779
7290015673198,false,המבורגר טקסס עם פטריות טבע דלי 400 גרם,טבע דלי בעמ,,בורגר על האש טקסס עם,גרמים,400.00,100 גרם,false,,26.90,0.0672,true,1,112780
7290015673594,false,קריספי טופו. נגיסי טופו ברוטב בוטנים וקארי,טבע דלי,,קריספי טופו נגיסי טו,יחידה,0.00,יחידה,false,,28.90,0.0000,true,1,140739
7290015733120,false,מטרנה גולד שלב 1 תרכובת מזון על בסיס חלבי,נסטלה,,מטרנה גולד שלב אחד 7,גרמים,700.00,100 גרם,false,,69.90,0.0999,true,1,133828
7290015733144,false,מטרנה גולד שלב 2 תרכובת מזון על בסיס חלבי,מטרנה,,מטרנה גולד שלב שתיים,גרמים,700.00,100 גרם,false,,69.90,0.0999,true,1,133829
7290015733427,false,מטרנה דייסת גם וגם וניל פרו12*300ג 2019,מולינו ניקולי s.p.a,,מטרנה דייסת גם וגם ו,גרמים,300.00,100 גרם,false,,17.90,0.0597,true,1,148914
7290015733465,false,דייסת מטרנה גם וגם קרנפלור פרו 300 גרם,מטרנה תעשיות ש.מ,,מטרנה דייסת גם וגם ק,גרמים,300.00,100 גרם,false,,17.90,0.0597,true,1,148904
7290015781008,false,"יין VISION מרלו אדום טפרברג 750 מ""ל","יקב טפרברג 1870 בע""מ",,"אימפריישן מרלו 750מ""",מיליליטרים,750.00,"100 מ""ל",false,,39.90,0.0532,true,1,105951
7290015781015,false,"יין VISION מלבק טפרברג 750 מ""ל","יקב טפרברג 1870 בע""מ",,"מלבק 750מ""ל",מיליליטרים,750.00,"100 מ""ל",false,,39.90,0.0532,true,1,105952
7290015781121,false,"יין IMPRESSION קברנה סוביניון יבש טפרברג 750 מ""ל","יקב טפרברג 1870 בע""מ",,אימפרשן קברנה סובניו,מיליליטרים,750.00,"100 מ""ל",false,,49.90,0.0665,true,1,105957
7290015781282,false,"יין IMPRESSION גוורצטרמינר טפרברג 750 מ""ל",יקב טפרברג 1870,,"גוורצטרמינר 750מ""ל",מיליליטרים,750.00,"100 מ""ל",false,,49.90,0.0665,true,1,105969
7290015781299,false,"יין VISION שיראז אדום טפרברג 750 מ""ל","יקב טפרברג 1870 בע""מ",,ויז'ן שיראז,מיליליטרים,750.00,"100 מ""ל",false,,39.90,0.0532,true,1,105961
7290015850407,false,שרימפס מבושל 26-30 1,,,שרימפס מבושל 26-30 1,קילוגרמים,1.00,"ק""ג",false,,84.90,84.9000,true,1,132772
7290015850421,false,שרימפס מבושל 16-20יח,,,שרימפס מבושל 16-20 1,קילוגרמים,1.00,"ק""ג",false,,109.90,109.9000,true,1,132773
7290015855013,false,פלפלים מתוקים בצבעים,,,פלפלים מתוקים בצבעים,יחידה,0.00,יחידה,false,,8.90,0.0000,true,1,103348
7290015855037,false,פלפל צילי חריף,,,פלפל צ'ילי,יחידה,0.00,יחידה,false,,9.90,0.0000,true,1,103313
7290015855181,false,ג'ינג'ר ארוז,,,גינג'יר,יחידה,0.00,יחידה,false,,11.90,0.0000,true,1,110702
7290015855228,false,אספרגוס א.אדמה,אדמה,,אספראגוס,יחידה,0.00,יחידה,false,,19.90,0.0000,true,1,110338
7290015855341,false,אנדיב לבן (עלוש),,,אנדיב לבן (עלוש),יחידה,0.00,יחידה,false,,9.90,0.0000,true,1,115475
7290015855358,false,בצלצלי שאלוט - ארוז,,,בצלצלי שאלוט 280 גרם,גרמים,280.00,100 גרם,false,,11.90,0.0425,true,1,132413
7290015855495,false,חסה לאליק,פריסלנד,,חסה לאליק,יחידה,0.00,יחידה,false,,11.90,0.0000,true,1,187827
7290015855938,false,עלי בייבי 250 גרם ארוז א.אדמה,,,עלי בייבי 250 גרם בש,יחידה,0.00,יחידה,false,,11.90,0.0000,true,1,172664
7290015856621,false,ביסקויט תירוש בטעם קרמל[לוטוס]175 גרם,אפיפית נצרת תעשיות ב,,בסקויט תירוש קרמל חצ,גרמים,175.00,100 גרם,false,,6.90,0.0394,true,1,171552
7290015856935,false,ביסקויט אקסטרא גליל טעם חמאה 400 גרם,הדר,,ביסקוויט אקסטרא בטעם,גרמים,400.00,100 גרם,false,,7.90,0.0198,true,1,175391
7290015858106,false,"ממרח פסטו ביתי 180 גרם ""עללחם""","מדשא תעשיות מזון בע""\מ",,פסטו ביתי עללחם 180,גרמים,180.00,100 גרם,false,,16.90,0.0939,true,1,147081
7290015858113,false,"ממרח עגבניות מיובשות 180 גרם ""טריטרי""","מדשא תעשיות מזון בע""\מ",,ממרח עגבניות מיובשות,גרמים,180.00,100 גרם,false,,16.90,0.0939,true,1,147082
7290015858175,false,ממרח פלפלים קלויים עללחם 180 גרם,"מדשא תעשיות מזון בע""\מ",,ממרח פלפלים קלויים 1,גרמים,180.00,100 גרם,false,,16.90,0.0939,true,1,173167
7290015858212,false,ממרח לימון כבוש 180 גרם עללחם,"מדשא תעשיות מזון בע""\מ",,ממרח לימון כבוש 180,גרמים,180.00,100 גרם,false,,16.90,0.0939,true,1,173166
7290015858229,false,"טפנד זיתי קלמטה 180 גרם ""עללחם""","מדשא תעשיות מזון בע""\מ",,טפנד זיתי קלמטה עללח,גרמים,180.00,100 גרם,false,,16.90,0.0939,true,1,147083
7290015858243,false,ממרח צימיצורי עללחם 180 גרם,"מדשא תעשיות מזון בע""\מ",,ממרח צימיצורי 180 גר,גרמים,180.00,100 גרם,false,,16.90,0.0939,true,1,173168
7290015858328,false,עללחם ממרח איולי פסטו 295 גרם,"מדשא תעשיות מזון בע""\מ",,איולי פסטו עללחם 295,גרמים,295.00,100 גרם,false,,16.90,0.0573,true,1,193144
7290015858441,false,עללחם ממרח איולי פלפלים 295 גרם,"מדשא תעשיות מזון בע""\מ",,איולי פלפלים עללחם 2,גרמים,295.00,100 גרם,false,,16.90,0.0573,true,1,193145
7290015858687,false,עללחם ממרח איולי שום 295 גרם,"מדשא תעשיות מזון בע""\מ",,איולי שום עללחם 295,גרמים,295.00,100 גרם,false,,16.90,0.0573,true,1,193147
7290015858694,false,עללחם ממרח איולי שום לימון 295 גרם,"מדשא תעשיות מזון בע""\מ",,איולי שום לימון עללח,גרמים,295.00,100 גרם,false,,16.90,0.0573,true,1,193146
7290015865692,false,תענוג פרי תות שדה 400 גר,קריות זול,,ענבי ציון-תנובה תענו,גרמים,400.00,100 גרם,false,,17.90,0.0447,true,1,182131
7290015865722,false,קונפיטורת תות שדה לייט 400 גרם,ענבי ציון,,ענבי ציון-תנובה קונפ,גרמים,400.00,100 גרם,false,,19.90,0.0497,true,1,182134
7290015886406,false,קירטין שמפו לשיער לא,,,קירטין שמפו לשיער לא,ליטרים,1.00,ליטר,false,,69.90,69.9000,true,1,120136
7290015888028,false,שוקחה אורז בסמתי ריה,ציימן לאל סטיה,,שוקחה אורז בסמתי ריה,קילוגרמים,1.00,"ק""ג",false,,10.90,10.9000,true,1,121888
7290015888042,false,אורז בסמתי 'ריהן' 5ק'ג,ציימן לאל סטיה,,"אורז בסמטי ריהן 5 ק""",קילוגרמים,5.00,"ק""ג",false,,49.90,9.9800,true,1,117159
7290015888196,false,שוקחה שמן חמניות 1 ל,"אל אל סי ""בונגי סי א",,שוקחה שמן חמניות 1 ל,ליטרים,1.00,ליטר,false,,11.90,11.9000,true,1,126698
7290015888219,false,שוקחה שמן חמניות 5 ל,,,שוקחה שמן חמניות 5 ל,ליטרים,5.00,ליטר,false,,59.90,11.9800,true,1,126700
7290015888301,false,שוקחה שמן חמניות 3 ל,אל אל סי פרייקלוטניא,,שוקחה שמן חמניות 3 ל,ליטרים,3.00,ליטר,false,,35.90,11.9667,true,1,138201
7290015888387,false,פול מצרי שוקחה 400 ג,,,שוקחה פול מצרי 400 ג,גרמים,400.00,100 גרם,false,,4.90,0.0123,true,1,153855
7290015888486,false,חצילים מקדוס במילוי,,,חצילים מקדוס במילוי,גרמים,600.00,100 גרם,false,,24.90,0.0415,true,1,172907
7290015888516,false,שוקחה שמן סויה 5 ליט,,,שוקחה שמן סויה 5 ליט,ליטרים,5.00,ליטר,false,,59.90,11.9800,true,1,178215
7290015951616,false,"יין סנגובזה גמלא 2019 750 מ""ל",יקבי רמת הגולן,,גמלא סנגוביזה 2015 7,מיליליטרים,700.00,"100 מ""ל",false,,59.90,0.0856,true,1,126597
7290015951869,false,"יין הר חרמון רוזה 750 מ""ל",מיוצר וממולא על ידי יקב,,"הר חרמון רוזה 750 מ""",מיליליטרים,750.00,"100 מ""ל",false,,34.90,0.0465,true,1,135580
7290015968010,false,כפפות ניטריל S שחורות סייף טאץ 100 יחידות,סייף טאץ' Safe Touch,,כפפות ניטריל שחורות,יחידה,0.00,יחידה,false,,26.90,0.0000,true,1,179921
7290015968102,false,קיסמי שיניים רפויים עם חוט דנטאלי 100 יחידות,W.H.J.C. Co,,קיסמי שיניים רפואיים,יחידה,0.00,יחידה,false,,14.90,0.0000,true,1,157668
7290015968300,false,נובי כוס הפלא עם מכסה,מולינו ניקולי s.p.a,,"נובי כוס הפלא 300 מ""",יחידה,0.00,יחידה,false,,39.90,0.0000,true,1,157707
7290015968782,false,פדים להסרת איפור במארז 80X3 יח',F.H.P CO.LT,,פדים להסרת איפור 3*8,יחידה,0.00,יחידה,false,,14.90,0.0000,true,1,157664
7290015968973,false,כפפות ניטריל M שחורות סייף טאץ 100 יחידות,סייף טאץ' Safe Touch,,כפפות ניטריל שחורות,יחידה,0.00,יחידה,false,,26.90,0.0000,true,1,179922
7290015968980,false,כפפות ניטריל L שחורות סייף טאץ 100 יחידות,סייף טאץ' Safe Touch,,כפפות ניטריל שחורות,יחידה,0.00,יחידה,false,,26.90,0.0000,true,1,179923
7290015968997,false,כפפות ניטריל XL שחורות סייף טאץ 100 יחידות,,,כפפות ניטריל שחורות,יחידה,0.00,יחידה,false,,26.90,0.0000,true,1,179924
7290015979559,false,חסה ערבית יחידה,,,חסה ערבית,יחידה,0.00,יחידה,false,,4.90,0.0000,true,1,152972
7290015979665,false,חסה עגולה,חקלאי,,חסה עגולה,יחידה,0.00,יחידה,false,,4.90,0.0000,true,1,152973
7290015995450,false,מחבת ערמונים,,,מחבת ערמונים,יחידה,0.00,יחידה,false,,34.90,0.0000,true,1,181067
7290015998444,false,מלפפון 30-36 חומץ A1,,,מלפפון 30-36 חומץ A1,יחידה,0.00,יחידה,false,,17.90,0.0000,true,1,137350
7290015998567,false,מלפפונים במלח 20% תוספת,,,מלפפון 7-9 20% מלח,יחידה,0.00,יחידה,false,,6.90,0.0000,true,1,176839
7290016006292,false,נקטר מנגו בננה מלון קרטונית 1 ל' ספרינג,יפאורה שותפות מובגלת לשיווק,,ספרינג נקטר מנגו בננ,ליטרים,1.00,ליטר,false,,6.90,6.9000,true,1,112126
7290016006346,false,שוופס סודה 0.5 ליטר מארז שישייה,יפאורה שותפות מובגלת לשיווק,,שוופס סודה שרינק 6*,מיליליטרים,500.00,"100 מ""ל",false,,14.90,0.0298,true,1,110931
7290016045888,false,מארז 6 פיתות כוסמין,,,מארז 6 פיתות כוסמין,יחידה,0.00,יחידה,false,,15.90,0.0000,true,1,166142
7290016083514,false,סופגניה,,,סופגניה,יחידה,0.00,יחידה,false,,3.00,0.0000,true,1,179082
7290016087123,false,רוטב מתובל לפסטה בסגנון קלאסי פריניר 240 גרם,פריניר,,פריניר רוטב עגבניות,גרמים,240.00,100 גרם,false,,5.50,0.0229,true,1,124792
7290016087147,false,רוטב עגבניות מתובל לפיצה מרגריטה 240 גרם,פריניר,,פריניר רוטב עגבניות,גרמים,240.00,100 גרם,false,,5.50,0.0229,true,1,124503
7290016087192,false,עגבניות מרוסקות מרוכזות 230 גרם פריניר,פריניר ( הדס 1987) ב,,פריניר עגבניות מרוסק,גרמים,230.00,100 גרם,false,,5.90,0.0257,true,1,127340
7290016087222,false,רוטב עגבניות מרוכז לשקשוקה פריניר 230 גרם,פריניר ( הדס 1987) ב,,פריניר רוטב עגבניות,גרמים,230.00,100 גרם,false,,5.50,0.0239,true,1,127348
7290016087239,false,רוטב עגבניות מרוכז לשקשוקה פיקנטי פריניר 230 גרם,פריניר,,פריניר רוטב עגבניות,גרמים,230.00,100 גרם,false,,5.50,0.0239,true,1,127349
7290016102123,false,קסרול שקוף קשיח בדול,,,שמאי - קסרול שקוף קש,יחידה,0.00,יחידה,false,,9.90,0.0000,true,1,127310
7290016102215,false,נריות 4 שעות אדום אחת שתיים שמאי 72 יח',,,שמאי - נריות 4 שעות,יחידה,0.00,יחידה,false,,25.00,0.0000,true,1,127278
7290016102239,false,נרות 48 שעות זכוכית אחת שתיים שמאי,,,שמאי - נר 48 שעות,יחידה,0.00,יחידה,false,,4.90,0.0000,true,1,127272
7290016102253,false,נרות 72 שעות זכוכית אחת שתיים שמאי,,,נר זכוכית 72 שעות- ר,יחידה,0.00,יחידה,false,,5.90,0.0000,true,1,127273
7290016102260,false,"כוסות קרטון 2OZ איכותי ח""פ 50 יח'",,,כוס קרטון 2.5 oz אספ,יחידה,0.00,יחידה,false,,5.90,0.0000,true,1,132369
7290016102307,false,ערכת מנגל חד פעמי אי,,,ערכת מנגל חד פעמי אי,יחידה,0.00,יחידה,false,,15.90,0.0000,true,1,122773
7290016102352,false,קערה אובלית לאירוח 11' קשיחה ושקופה שמאי כ-2 ל',,,שמאי - קערת אירוח או,יחידה,0.00,יחידה,false,,7.90,0.0000,true,1,126318
7290016102406,false,"קינוחית פרח כוס שקופה 20 יח' ר. שמאי כשל""פ עד""ח",,,שמאי - קינוחית פרח כ,יחידה,0.00,יחידה,false,,18.90,0.0000,true,1,144162
7290016102475,false,מפה אל-בד 120X270 לבן ראנר מודפס זהב/כסף שמאי,,,מפה אלבד ראנר לבן מו,יחידה,0.00,יחידה,false,,6.90,0.0000,true,1,130270
7290016102697,false,צלחות גדול שקוף קריסטל 25 יחי' שמאי כשלפ,,,צלחות גדול שקופות =ק,יחידה,0.00,יחידה,false,,16.90,0.0000,true,1,133094
7290016102703,false,צלחות שקופות קטנות שמאי 25 יחידות,,,צלחות קטן שקופות =קר,יחידה,0.00,יחידה,false,,9.90,0.0000,true,1,133095
7290016102727,false,לפתניות שקוף קריסטל 25 יחי' שמאי כשלפ,,,שמאי - לפתניות שקופו,יחידה,0.00,יחידה,false,,5.90,0.0000,true,1,133097
7290016102758,false,"מגשיות אובלי צבעוני עמוקות קשיחות ח""פ 12יח'",,,מגש אובלי צבעוני עמו,יחידה,0.00,יחידה,false,,13.90,0.0000,true,1,133102
7290016114300,false,נייר טואלט דו שכבתי אורך כפול לבן לילי 16 גלילים,לילי נייר טואלט חוגלה,,לילי נייר טואלט לבן,יחידה,16.00,יחידה,false,,36.90,2.3062,true,1,116695
7290016135541,false,פסטה ביצים 3 צבעים פוזילי 400 גר אוריינט,פ.פ.ה. טאביס,,פסטה פוזילי,יחידה,0.00,יחידה,false,,12.90,0.0000,true,1,165841
7290016136692,false,משחת שיניים הגנה משולשת מנטה מרענן- שלישייה,גלקסוסמיתקליין,,א.פרש מנטה שלישיה 10,יחידה,0.00,יחידה,false,,17.90,0.0000,true,1,121356
7290016136739,false,GFREE פתיתי פוזילי על בסיס קמח תירס וקמח,מאלינו אנדנני,,פסטה פוזילי ללא גלוט,גרמים,340.00,100 גרם,false,,12.90,0.0379,true,1,186321
7290016144000,false,"קמח חיטה מלאה נפלאות 80% 1 ק""ג","קמח מלכים בע""\מ",,"קמח חיטה שמונים 1 ק""",קילוגרמים,1.00,"ק""ג",false,,9.90,9.9000,true,1,153070
7290016144017,false,"קמח מלא נפלאות 100% ללא ניפוי 1 ק""ג",קמח מלכים,,"קמח חיטה מלאה 1 ק""ג",קילוגרמים,1.00,"ק""ג",false,,9.90,9.9000,true,1,153071
7290016144024,false,"קמח כוסמין מלא נפלאות 100% 1 ק""ג",קמח מלכים,,"קמח כוסמין מאה 1 ק""ג",קילוגרמים,1.00,"ק""ג",false,,14.90,14.9000,true,1,153073
7290016144048,false,"קמח כוסמין לבן נפלאות 1 ק""ג",קמח מלכים,,"קמח כוסמין לבן 1 ק""ג",קילוגרמים,1.00,"ק""ג",false,,16.90,16.9000,true,1,153074
7290016144055,false,"קמח כוסמין 80% נפלאות 1 ק""ג",קמח מלכים,,קמח כוסמין שמונים 1,קילוגרמים,1.00,"ק""ג",false,,14.90,14.9000,true,1,153075
7290016144079,false,"קמח חיטה כפרי נפלאות 1 ק""ג",קמח מלכים,,קמח חיטה כפרי,יחידה,0.00,יחידה,false,,9.90,0.0000,true,1,191231
7290016144093,false,נפלאות קמח לחם לבן מנופה 1 ק”ג,קמח מלכים,,קמח לחם,יחידה,0.00,יחידה,false,,7.90,0.0000,true,1,191229
7290016144116,false,"קמח תופח נפלאות, 1 ק""ג",קמח מלכים,,קמח תפוח,יחידה,0.00,יחידה,false,,8.90,0.0000,true,1,191230
7290016150117,false,סלק אדום מבושל 500 ג' בוואקום,ג'ואבג'י יואייבי,,סלק אדום מבושל,יחידה,0.00,יחידה,false,,8.90,0.0000,true,1,123205
7290016188585,false,GIACOBAZZI למברוסקו רוזה חצי יבש יקבי כרמל,יקב גאקובזי,,למברוסקו ג'קובזי רוז,מיליליטרים,750.00,"100 מ""ל",false,,24.90,0.0332,true,1,194203
7290016197488,false,מטליות מיקרופייבר למשטחים ניקול 3יח',חוגלה קימברלי,,ניקול מטלית הקסם לשי,יחידה,3.00,יחידה,false,,10.90,3.6333,true,1,110184
7290016197495,false,ניקול זוג מטליות הקסם מיקרופייבר לרצפה,חוגלה קימברלי,,ניקול מטלית הקסם לרצ,יחידה,2.00,יחידה,false,,16.90,8.4500,true,1,112586
7290016197624,false,תחבושות לנשים סופר דיפנד 8 יחידות,קימברלי קלארק,,דיפנד תחבושות אקסטרה,יחידה,0.00,יחידה,false,,22.90,0.0000,true,1,114290
7290016233711,false,"פסטה ""לה פסטה"" לינגוויני 400 גרם",,,לה פסטה לינגוויני 40,גרמים,400.00,100 גרם,false,,3.90,0.0097,true,1,132588
7290016245783,false,פיתה תימנית עבודת יד,מאפיית טעמי הכפר 201,,פיתות 10 יח',יחידה,0.00,יחידה,false,,14.90,0.0000,true,1,152665
7290016246025,false,בארכה מיקס פינוקיות חלווה ללא סוכר 10*20ג,"רושדי תעשיות מזון בע""\מ",,בארכה מיקס פינוקיות,100 יחידה,10.00,100 יחידה,false,,12.90,1.2900,true,1,113197
7290016246193,false,חטיף חלבה לוקמי 300 ג' אלהילאל,,,חלווה לוקמי 20 גרם,יחידה,0.00,יחידה,false,,16.90,0.0000,true,1,120627
7290016246209,false,"חטיף חלבה וניל 100 גרם ""בארכה""","רושדי תעשיות מזון בע""\מ",,בארכה חטיף חלבה וניל,גרמים,100.00,100 גרם,false,,3.80,0.0380,true,1,121305
7290016246445,false,בארכה טחינה גולמית מעודנת שומשום מלא 310 גם,"רושדי תעשיות מזון בע""\מ",,בארכה טחינה גולמית 3,גרמים,310.00,100 גרם,false,,12.90,0.0416,true,1,137172
7290016246452,false,טחינה גולמית מעודנת לימון שום בארכה 310ג',רושדי תעשיות מזון בע,,בארכה טחינה מעודנת ל,גרמים,310.00,100 גרם,false,,12.90,0.0416,true,1,137168
7290016246490,false,בארכה חלבה קלאסית 400 גרם,רושדי תעשיות מזון בע,,בארכה חלבה קלאסית 40,גרמים,400.00,100 גרם,false,,9.90,0.0248,true,1,138806
7290016276787,false,מעדן אננס 100% רכיבי פרי ללא סוכר שקדיה 284 ג',סיטי פודסטף,,שקדיה מעדן אננס 100%,גרמים,284.00,100 גרם,false,,13.90,0.0489,true,1,122375
7290016276794,false,מעדן פירות ללא סוכר שקדיה 284 ג',סיטי פודסטף,,שקדיה מעדן תפוז 100%,גרמים,284.00,100 גרם,false,,13.90,0.0489,true,1,122377
7290016276800,false,מעדן תפוח עץ 100% רכיבי פרי ללא סוכר שקדיה 284 ג',סיטי פודסטף,,שקדיה מעדן תפוח עץ 1,גרמים,284.00,100 גרם,false,,13.90,0.0489,true,1,122378
7290016284003,false,חסה הידרופונית רומית,מעיינות הזורע,,חסה הידרו רומית,יחידה,0.00,יחידה,false,,9.90,0.0000,true,1,156333
7290016284027,false,חסה מסולסלת יח הזורע,מעיינות הזורע,,חסה הידרו מסולסלת,יחידה,0.00,יחידה,false,,11.90,0.0000,true,1,164058
7290016284065,false,חסה הידרו לאליק,,,חסה הידרו,יחידה,0.00,יחידה,false,,8.90,0.0000,true,1,194938
7290016299878,false,"ARGANIA מסיכה טיפולית לשיער מעושר בחומצה האילרונית וקרטין ללא SLS 500 מ""ל",ארגניה יצור ושיווק,,ארגניה מסכת הילרונ,יחידה,0.00,יחידה,false,,49.90,0.0000,true,1,174531
7290016304404,false,לחם קוביות 100% כוסמין 600 גרם,מאפיית דוידוביץ ובניו בע,,לחם קוביות 100% כוסמ,גרמים,600.00,100 גרם,false,,14.90,0.0248,true,1,130051
7290016304596,false,לחמניות לסנדביץ 75 גרם,מאפיית דווידוביץ ובנ,,10 לחמניות מיוחדות ל,יחידה,0.00,יחידה,false,,16.90,0.0000,true,1,158000
7290016319309,false,סבון נוזלי מאסק קלאסי+משאבה פמלי 1 ל,הנסיך- מפעל לייצור ט,,פמלי אלסבון מאסק 1,ליטרים,1.00,ליטר,false,,12.90,12.9000,true,1,116734
7290016320343,false,"דאק נוזל ג'ל לניקוי מתקדם בניחות לבנדר זוג * 750 מ""ל",אס. סי. ג'\ונסון מידרכט,,דאק זוג נוזל ג'ל לני,ליטרים,1.50,ליטר,false,,18.90,12.6000,true,1,127185
7290016321661,false,פרש וואנס SENSITIVE מגבונים ללא בישום רביעייה 72 יחידות,עלבד משואות יצחק,,פרש וואנס קאר ללא בי,יחידה,4.00,יחידה,false,,16.90,4.2250,true,1,145231
7290016321678,false,מגבונים לחים בניחוח מרענן עם תמציות קמומיל ואלוורה,עלבד משואות יצחק,,פרש וואנס קאר עם ביש,יחידה,4.00,יחידה,false,,16.90,4.2250,true,1,145232
7290016321890,false,פרשוואנס נייר טואלט מתכלה למבוגרים -מארז שלישייה,עלבד משואות יצחק בעמ,,פרשוואנס נייר טואלט,יחידה,0.00,יחידה,false,,14.90,0.0000,true,1,144989
7290016329308,false,"ד""ר פישר - סרקל קרם רוזמרין לשיער מתולתל 325 מ""ל",פישר מעבדות פרמצבטיות בע,,סרקל קרם רוזמרין לשי,יחידה,0.00,יחידה,false,,26.00,0.0000,true,1,123941
7290016370270,false,זית קלמטה מגולען 560 ג' -יבנה,קבוצת יבנה,,חרוזית קלמטה A-2 יבנ,יחידה,0.00,יחידה,false,,11.90,0.0000,true,1,166349
7290016370317,false,זית קלמטה ללא גלעין 560 גרם צנצנת יבנה,קוזט אס.אי. פיין פודס,,זית קלמטה ללא גלעין,גרמים,560.00,100 גרם,false,,14.90,0.0266,true,1,166377
7290016370942,false,מיקס ירקות יווני בצנצנת קבוצת יבנה 300 גרם,קוזט אס.אי. פיין פודס,,מיקס ירקות יווני צנצ,גרמים,560.00,100 גרם,false,,10.90,0.0195,true,1,117986
7290016372373,false,רסק עגבניות ללא תוספת סוכר ומלח - מארז זוג,גרנד איטליה Grand Italia,,רסק עגבניות 140 גרם,גרמים,140.00,100 גרם,false,,7.90,0.0564,true,1,126734
7290016372458,false,חליטת לימונית ולואיזה הגן הקסום ויסוצקי 50 יחידות,תה ויסוצקי,,גן קסום לימונית ולוא,יחידה,0.00,יחידה,false,,34.90,0.0000,true,1,126767
7290016372489,false,ויסוצקי חליטת ג'ינג'ר ולימון סודות הצמחים 25 שקיקים,תה ויסוצקי,,סודות הצמחים חליטת ג,יחידה,0.00,יחידה,false,,23.90,0.0000,true,1,126759
7290016372496,false,חליטת פירות וצמחים בטעם ג'ינג'ר ודבש -אפקט הג'ינג'ר,תה ויסוצקי,,סודות הצמחים חליטת ג,יחידה,0.00,יחידה,false,,23.90,0.0000,true,1,126754
7290016372922,false,תה ירוק בטעם קינמון גינגיר וכורכום עם מאצה יפנית,ויסוצקי ירוק,,תה ירוק בטעם קינמון,יחידה,0.00,יחידה,false,,24.90,0.0000,true,1,137233
7290016387339,false,מטליות מיקרופייבר ג'מבו לרצפה זוג,,,מטליות מיקרופייבר ג',יחידה,0.00,יחידה,false,,17.90,0.0000,true,1,121844
7290016387841,false,אטבי כביסה JOY צבעוני שייני 50 יחידות,GUANGDONG,,50 אטבי ג'וי JOY צבע,יחידה,0.00,יחידה,false,,10.00,0.0000,true,1,127184
7290016387926,false,מפה נצמדת עם גומי היקפי 75*180,מ.א ייצור ושיווק מטל,,מפה נצמדת עם גומי הי,יחידה,0.00,יחידה,false,,19.90,0.0000,true,1,134493
7290016407020,false,קטשופ תלס 560 גרם,,,קטשופ תלס 560 גרם,גרמים,560.00,100 גרם,false,,6.90,0.0123,true,1,163858
7290016408133,false,טרליני כעכים בטעם בצל וזיתים 225 גר' - בדץ,אפוליה פוד,,טרליני כעכים בטעם בצ,גרמים,225.00,100 גרם,false,,8.90,0.0396,true,1,114472
7290016408294,false,"מרשמלו ורוד לבן וסטהיים 150 ג', 26 בקרטון",מנדלז סי.אר. פרודקשן,,כרמית מרשמלו ורוד לב,גרמים,150.00,100 גרם,false,,5.90,0.0393,true,1,118057
7290016408393,false,חטיף קרקר עם שומשום פניני 130 ג',דוויטה ג'יי.אס.סי,,חטיף קרקר עם שומשום,גרמים,130.00,100 גרם,false,,6.90,0.0531,true,1,116765
7290016408416,false,חטיף קרקר עם צ'ילי פיקנטי 130 גר,דנוויטה ג'\יי. אס. סי,,חטיף קרקר עם צ'ילי פ,גרמים,130.00,100 גרם,false,,6.90,0.0531,true,1,116767
7290016408423,false,חטיף קרקר עם זיתים שחורים ושום 130 גר,תות תעשיות מזון (201,,חטיף קרקר עם זיתים ש,גרמים,130.00,100 גרם,false,,6.90,0.0531,true,1,116768
7290016408447,false,קרקר עגבניות ובזיליקום כרמית 130 גרם,דנוויטה ג'\יי. אס. סי,,חטיף קרקר עם עגבניות,גרמים,130.00,100 גרם,false,,6.90,0.0531,true,1,116770
7290016408720,false,אגו מיקס בייגלה מצופה שוקולד לבן 55גר* 24 בקר',כרמית תעשיות ממתקים בעמ,,מיקסים בייגלה מצופה,יחידה,0.00,יחידה,false,,4.90,0.0000,true,1,124549
7290016408744,false,מרשמלו טוויסטר כרמית 150 גרם,"כרמית תעשיות ממתקים בע""\",,כרמית מרשמלו טוויסטר,גרמים,150.00,100 גרם,false,,5.90,0.0393,true,1,123476
7290016416992,false,עוגת דובוש בסקוויטים קפולסקי 400 גרם,תופינים מקבוצת קפולסקי,,עוגת דובוש בסקוויטים,גרמים,400.00,100 גרם,false,,39.90,0.0997,true,1,132778
7290016437607,false,קוטקס - תחתונים סופגים לנשים לאחר לידה לארג' 8 יח',חוגלה קימברלי,,קוטקס תחתונים אחר לי,יחידה,0.00,יחידה,false,,36.90,0.0000,true,1,161038
7290016437621,false,חיתולי האגיס פרידום דריי pants מידה 4 36 יחידות,קימברלי קלארק צ'כיה,,האגיס פרידום דריי פנ,יחידה,36.00,יחידה,false,,46.90,1.3028,true,1,121615
7290016437645,false,חיתולי האגיס פרידום דריי pants מידה 5 34 יחידות,קימברלי קלארק צ'כיה,,האגיס פרידום דריי פנ,יחידה,34.00,יחידה,false,,46.90,1.3794,true,1,121616
7290016437652,false,חיתולי האגיס פרידום דריי pants מידה 6 30 יחידות,קימברלי קלארק צ'כיה,,האגיס פרידום דריי פנ,יחידה,30.00,יחידה,false,,46.90,1.5633,true,1,121617
7290016509342,false,סוד מארז טריו כדוריות לאסלה כחול אקטיבי אקונומיקה,הנקל סוד,,סוד מארז כדוריות כחו,יחידה,0.00,יחידה,false,,14.90,0.0000,true,1,136146
7290016509786,false,פרסיל גל לכביסה לבנה וצבעונית-ירוק 2.5 ל,"הנקל סוד בע""\מ",,פרסיל ג'ל ירוק 2.5 ל,יחידה,0.00,יחידה,false,,34.90,0.0000,true,1,135351
7290016509809,false,ג'ל מרוכז לכביסה קולור 2.5 ל' פרסיל,"הנקל סוד בע""\מ",,פרסיל ג'ל קולור 2.5,יחידה,0.00,יחידה,false,,34.90,0.0000,true,1,135352
7290016509823,false,ג'ל לכביסה לבנה וצבעונית בניחוח רענן,"הנקל סוד בע""\מ",,פרסיל ג'ל בלו 2.5 לי,יחידה,0.00,יחידה,false,,34.90,0.0000,true,1,135353
7290016509830,false,ג'ל כביסה לבגדי תינוקות ובעלי עור רגיש Sensitive,"הנקל סוד בע""\מ",,פרסיל ג'ל בייבי 2.5,יחידה,0.00,יחידה,false,,34.90,0.0000,true,1,135354
7290016509847,false,פרסיל ג'ל לכביסה כהה בלאק 2.5 ליטר,"הנקל סוד בע""\מ",,פרסיל ג'ל בלאק 2.5 ל,ליטרים,2.50,ליטר,false,,34.90,13.9600,true,1,139034
7290016510324,false,"הוואי תחליב רחצה לגבר אריסטבבול 700 מ""ל",טרופיקל דגיל בעמ,,הוואי ס.נוזלי אירסיט,יחידה,0.00,יחידה,false,,13.90,0.0000,true,1,135318
7290016510331,false,"הוואי אל סבון לילדים בנות 700 מ""ל",טרופיקל דגיל,,הוואי אל סבון לילדים,יחידה,0.00,יחידה,false,,9.90,0.0000,true,1,155915
7290016523188,false,"סטימר לאידוי עץ ""10",Fujian fuzhou tian s,,סטימר עץ 10,יחידה,0.00,יחידה,false,,45.00,0.0000,true,1,118019
7290016523447,false,אטריות ביצים 300 ג' (כ) (fu),פוג'יאן לונגהי אנליד,,מזרח ומערב אטריות בי,גרמים,300.00,100 גרם,false,,7.90,0.0263,true,1,128392
7290016523454,false,אטריות עם תרד 300 ג' (כ) (fu),ZHONGSHI XIAMEN,,מזרח ומערב אטריות עם,גרמים,300.00,100 גרם,false,,7.90,0.0263,true,1,128393
7290016564006,false,מבריקל הפלא ספוגיות להסרת כתמים קשים ושומנים 3יח,,,מבריקל הפלא,יחידה,3.00,יחידה,false,,9.90,3.3000,true,1,117251
7290016564150,false,מטליות מייקרופייבר נשלפות 10 יח מבריקל,,,מבריקל מטליות מיקרופ,יחידה,0.00,יחידה,false,,11.90,0.0000,true,1,135778
7290016564235,false,זוג מטליות מייקרופייבר לרצפה מבריקל,,,מטליות מיקרופייבר לר,יחידה,0.00,יחידה,false,,16.90,0.0000,true,1,140305
7290016566468,false,בקבוק תרמי 800 מ''ל מוסקו,,,מוסקו בקבוק טרמי גדו,יחידה,0.00,יחידה,false,,79.90,0.0000,true,1,129737
7290016584011,false,חטיפוני גזר 350 גרם גיזרונים,"מרינה פטריות הגליל בע""מ",,חטיפי גזר 350 גרם,יחידה,0.00,יחידה,false,,11.90,0.0000,true,1,117896
7290016621358,false,"ד""ר פישר - קמיל אל סבון ניקיון והזנה ורוד 1 ליטר",פישר מעבדות פרמצבטיות בע,,קמיל אל סבון ניקיון,ליטרים,1.00,ליטר,false,,16.90,16.9000,true,1,122229
7290016667486,false,פריכיות כוסמת דל נתרן 130 ג',פרח תעשיות,,פריכיות כוסמת דל נתר,גרמים,130.00,100 גרם,false,,9.90,0.0762,true,1,134254
7290016667660,false,"טורטיה בתוספת קמח תירס 20 ס""מ 8 יחי",,,טורטיות בתוספת קמח ת,יחידה,0.00,יחידה,false,,9.90,0.0000,true,1,156050
7290016682335,false,מיץ תפוזים סחוט פריניב 2 ליטר,פרי ניב,,מיץ תפוזים 2 ליטר פר,ליטרים,2.00,ליטר,false,,24.90,12.4500,true,1,181714
7290016682359,false,מיץ תפוזים שמוטי פרי ניב 2 ליטר-,פרי ניב,,100% מיץ תפוזים סחוט,ליטרים,2.00,ליטר,false,,28.90,14.4500,true,1,181721
7290016682373,false,משקה קל לימונדה בלאדי 2 ליטר פריניב,פריניב,,משקה קל לימונדה בלאד,ליטרים,2.00,ליטר,false,,24.90,12.4500,true,1,181716
7290016682380,false,מיץ טבעי לימונדה ולואיזה פרי ניב 2 ליטר-,פרי ניב,,משקה קל לימונדה בטעם,ליטרים,2.00,ליטר,false,,24.90,12.4500,true,1,181719
7290016682397,false,מיץ חמוציות פרי ניב 2 ליטר-,פרי ניב,,מיץ חמוציות 2 ליטר,ליטרים,2.00,ליטר,false,,24.90,12.4500,true,1,181717
7290016682441,false,100% מיץ תפוזים מיוצר מרכז טבעי,פרי ניב,,מיץ תפוזים סחוט עשוי,ליטרים,1.00,ליטר,false,,13.90,13.9000,true,1,190566
7290016717044,false,"יין מוסקטו סלקטד באז כרמל 750 מ""ל",כרמל מזרחי,,"באזז מנגו 750 מ""ל",מיליליטרים,750.00,"100 מ""ל",false,,24.90,0.0332,true,1,140713
7290016717051,false,משקה Buzz מוגז בטעם רימון מבוסס יין אדום מתוק,יקבי כרמל Carmel Winery,,"באז רימון 750 מ""ל",מיליליטרים,750.00,"100 מ""ל",false,,24.90,0.0332,true,1,146401
7290016717099,false,"יין כרמל סלקטד אדום חצי יבש, 750 מ""ל",יקבי כרמל Carmel Winery,,סלקטד אדום חצי יבש 7,מיליליטרים,750.00,"100 מ""ל",false,,29.90,0.0399,true,1,118583
7290016717631,false,יין מוסקטו בעל חוזק אלכוהול נמוך פרייבט קולקשן,אגודת הכורמים הקואופרטיב,,"פי.סי מוסקטו 750 מ""ל",מיליליטרים,750.00,"100 מ""ל",false,,41.90,0.0559,true,1,129988
7290016717754,false,"יין ישן נושן יקבי כרמל 750 מ""ל ^^^",אגודת הכורמים הקואופרטיב,,"יין ישן נושן 750 מ""ל",מיליליטרים,750.00,"100 מ""ל",false,,19.90,0.0265,true,1,132438
7290016717976,false,"יין סלקטד באז אפרסק כרמל 750 מ""ל",כרמל מזרחי,,"באז אפרסק 750 מ""ל",מיליליטרים,750.00,"100 מ""ל",false,,24.90,0.0332,true,1,154139
7290016866643,false,פרודונטקס מ.שיניים אקסטרה פרש 75 מל,פרודונטקס Parodontax,,משחת פרודנטקס פרש 75,יחידה,0.00,יחידה,false,,29.90,0.0000,true,1,138864
7290016866650,false,"פרודונטקס - משחת שיניים אוריג'ינל 75 מ""ל",פרודונטקס Parodontax,,משחת פרודנטקס אוריג',יחידה,0.00,יחידה,false,,29.90,0.0000,true,1,138865
7290016866667,false,"פרודונטקס - משחת שיניים ללא פלאוריד 75 מ""ל",פרודונטקס Parodontax,,משחת פרודנטקס ללא פל,יחידה,0.00,יחידה,false,,29.90,0.0000,true,1,138866
7290016866674,false,"פרודונטקס - משחת שיניים מלבינה 75 מ""ל",פרודונטקס Parodontax,,משחת פרודנטקס מלבינה,יחידה,0.00,יחידה,false,,29.90,0.0000,true,1,138867
7290016866704,false,סטייל שמפו קרטין E 750 מל לשיקום שיער יב,סטייל Style,,שמפו קרטין+E,יחידה,0.00,יחידה,false,,22.90,0.0000,true,1,155469
7290016866711,false,סטייל מרכך קרטין E 750 מל לשיקום שיער יב,סטייל Style,,מרכך קרטין+E,יחידה,0.00,יחידה,false,,22.90,0.0000,true,1,155470
7290016866728,false,סטייל מסכה קרטין E 500 מל לשיקום שיער יב,סטייל Style,,מסכה קרטין +E,יחידה,0.00,יחידה,false,,32.90,0.0000,true,1,155473
7290016875003,false,יוגורט עזים 3ל' עז הרים,,,עז הרים יוגורט 3 ליט,ליטרים,3.00,ליטר,false,,36.90,12.3000,true,1,121235
7290016875034,false,גבינת עיזים 400 ג' עז הרים,,,עז הרים ג'יבני 400 ג,גרמים,400.00,100 גרם,false,,26.90,0.0672,true,1,121238
7290016875041,false,לבנה עיזים 500ג' עז הרים,,,עז הרים לבנה 500 גרם,גרמים,500.00,100 גרם,false,,21.90,0.0438,true,1,121239
7290016875058,false,לבנה עיזים כדורים 380 ג' עז הרים,,,עז הרים לבנה כדורים,גרמים,380.00,100 גרם,false,,29.90,0.0787,true,1,121240
7290016875065,false,יוגורט עזים 1.5ל' עז הרים,,,עז הרים יוגורט 1.50,ליטרים,1.50,ליטר,false,,21.90,14.6000,true,1,121236
7290016875089,false,לבנה עיזים 250 ג' עז הרים,,,לבנה עיזים 250 גרם,גרמים,250.00,100 גרם,false,,12.90,0.0516,true,1,142392
7290016875096,false,יוגורט עזים 1ל' עז הרים,,,יוגורט עז הרים 1 ליט,ליטרים,1.00,ליטר,false,,16.90,16.9000,true,1,144210
7290016883176,false,"מוזלי פתיתי שיבולת שועל עם שוקולד מריר ושבבי קוקוס 1 ק""ג","דין שיווק וקלייה בע""",,דין מוזלי פתיתי שיבו,יחידה,0.00,יחידה,false,,21.90,0.0000,true,1,129023
7290016898002,false,סיר אלומיניום גדול 5.4 ליטר*2 יח' שמאי,,,שמאי -זוג סירים גדול,יחידה,0.00,יחידה,false,,13.90,0.0000,true,1,127289
7290016898019,false,סיר אלומיניום בינוני ר.שמאי מארז 2יח',,,שמאי - זוג סיר אלומי,יחידה,0.00,יחידה,false,,11.90,0.0000,true,1,127290
7290016898026,false,סיר אלומיניום קטן 2.1 ליטר*2 יח' שמאי.,,,סיר אלומיניום קטן אר,יחידה,0.00,יחידה,false,,8.90,0.0000,true,1,127291
7290016898040,false,מכסה לסיר אלומיניום בינוני ר.שמאי מארז 2יח',,,מכסה לסיר אלומ'=בינו,יחידה,0.00,יחידה,false,,4.90,0.0000,true,1,127313
7290016898149,false,נרות מס' 4 אחת שתיים שמאי,,,שמאי - נרות מס' 4,יחידה,0.00,יחידה,false,,3.90,0.0000,true,1,127279
7290016898156,false,נרות מס' 6 אחת שתיים שמאי,,,שמאי - נרות מס' 6,יחידה,0.00,יחידה,false,,3.90,0.0000,true,1,127280
7290016898262,false,צלחות ענקיות עבות וקשיחות 66 יחידות,,,ר.שמאי צלחות ענקיות,יחידה,66.00,יחידה,false,,42.90,0.6500,true,1,129201
7290016898279,false,סלטיות גדולות צבעוני =מגוון צבעים= =ר. שמאי= 10 יח' כשל''פ עד''ח,,,שמאי - סלטיות גדולות,יחידה,0.00,יחידה,false,,10.90,0.0000,true,1,128793
7290016898309,false,מגש אובלי לאירוח בינוני שמאי,,,מגש לאירוח אובלי בינ,יחידה,0.00,יחידה,false,,9.90,0.0000,true,1,133112
7290016898590,false,תבניות פרימיום רוסטר ענק ארוז שמאי 3 יח',,,תבניות פרימיום רוסטר,יחידה,0.00,יחידה,false,,9.90,0.0000,true,1,136641
7290016898705,false,שקיות אוכל מנייר 50 יחידות,,,ר.שמאי שקיות נייר לכ,יחידה,0.00,יחידה,false,,7.90,0.0000,true,1,189454
7290016898842,false,מפיות מנוקדות שמאי 80 יחידות,,,מפיות 80 יח' מנוקדות,יחידה,0.00,יחידה,false,,5.90,0.0000,true,1,134819
7290016898941,false,מנג'ט לאפיה מס' 3 לבן שמאי 125 יח',,,שמאי - מנג'ט לעוגות,יחידה,0.00,יחידה,false,,4.90,0.0000,true,1,127335
7290016898965,false,מנג'ט לאפיה מס' 5 לבן שמאי 125 יח',,,שמאי - מנג'ט לבן מס',יחידה,0.00,יחידה,false,,4.90,0.0000,true,1,127337
7290016912616,false,סרקל שמפו לילדים לשיער בהיר - בלונדיני,פישר מעבדות פרמצבטיות,,סרקל בלונד שמפו 1 לי,ליטרים,1.00,ליטר,false,,29.90,29.9000,true,1,125157
7290016967074,false,לחם חיטה מלאה עם גרעינים ודגנים,מאפיית שלמה א. אנג'\ל בע,,לחם אנג'ל חיטה מלאה,יחידה,0.00,יחידה,false,,16.90,0.0000,true,1,120756
7290016980103,false,בייבי בטטה שקיל,אראל תוצרת חקלאית בע,,בייבי בטטה,יחידה,0.00,יחידה,false,,9.90,0.0000,true,1,184849
7290017023212,false,"שוויפס מוגז פירות תפוח מארז רביעייה* 330 מ""ל",יפאורה תבורי בעמ,,רביעיית פחיות שוופס,יחידה,0.00,יחידה,false,,13.90,0.0000,true,1,131018
7290017023229,false,רביעיית פחיות שוופס מוגז פירות תות ליים 330 מל.,יפאורה תבורי בעמ,,רביעיית פחיות שוופס,יחידה,0.00,יחידה,false,,13.90,0.0000,true,1,131019
7290017023236,false,רביעיית פחיות שוופס מוגז פירות ענבים 330 מל.,יפאורה תבורי בעמ,,רביעיית פחיות שוופס,יחידה,0.00,יחידה,false,,13.90,0.0000,true,1,131020
7290017023663,false,"שוופס מיץ פירות לימונייד פחית מארז 330X4מ""ל",יפאורה תבורי,,רביעיית פחיות שוופס,יחידה,0.00,יחידה,false,,13.90,0.0000,true,1,135350
7290017023809,false,"ספרינג אגס סברס תפוח רביעיה * 250 מ""ל","יפאורה תבורי בע""\מ",,רביעיית ספרינג 250 מ,יחידה,0.00,יחידה,false,,12.90,0.0000,true,1,143280
7290017023816,false,"ספרינג  פירות טרופיים 250 מ""ל רביעייה","יפאורה תבורי בע""\מ",,רביעיית ספרינג 250 מ,יחידה,0.00,יחידה,false,,12.90,0.0000,true,1,143281
7290017023823,false,"רביעיית ספרינג תות בננה 250 מ""ל","יפאורה תבורי בע""\מ",,רביעיית ספרינג 250 מ,יחידה,0.00,יחידה,false,,12.90,0.0000,true,1,143282
7290017023854,false,מי סודה בקבוקים אישיים - מארז 4 יח',יפאורה תבורי בעמ,,"שוופס סודה 250 מ""ל ר",יחידה,0.00,יחידה,false,,12.90,0.0000,true,1,139226
7290017023861,false,סודה בטעם לימון בקבוקים אישיים - מארז 4 יח',יפאורה תבורי בעמ,,שוופס סודה לימון 250,יחידה,0.00,יחידה,false,,12.90,0.0000,true,1,139227
7290017023878,false,סודה בטעם נענע ליים בקבוקים אישיים - מארז 4 יח',יפאורה תבורי בעמ,,שוופס סודה נענע ליים,יחידה,0.00,יחידה,false,,12.90,0.0000,true,1,139228
7290017031705,false,משחת שיניים סנסודיין הגנה מלאה רגיל,גלקסוס סמית קליין,,סנסודיין קלין & פרש,יחידה,0.00,יחידה,false,,21.90,0.0000,true,1,139537
7290017031859,false,"פרודונטקס - משחת שיניים אולטרא קלין 75 מ""ל","מאסטרפוד אוסטריה בע""מ",,פרדונטקס אלטרא קלין,יחידה,0.00,יחידה,false,,29.90,0.0000,true,1,189143
7290017058139,false,רביעיית מחית תפוח עץ ותות שדה תומר 113 גרם,אינדיאן סאמר קו אופ אינק,,רסק תפוח עץ עם תות ש,גרמים,452.00,100 גרם,false,,12.90,0.0285,true,1,129454
7290017058146,false,רסק תפוח עץ עם אפרסק 452 גר,אינדיאן סאמר קו אופ אינק,,רסק תפוח עץ עם אפרסק,גרמים,452.00,100 גרם,false,,12.90,0.0285,true,1,129455
7290017065007,false,פרוסות גבינה מוצרלה חצי קשה 22% שומן 200 ג' גד,מחלבות גד בעמ,,גד מוצרלה פרוסה 200,גרמים,200.00,100 גרם,false,,19.90,0.0995,true,1,121674
7290017065137,false,ריקוטה למריחה 5% טבעית 200 גרם - רובין,האי נאם סי או אל.טי.,,גד ריקוטה למריחה טבע,גרמים,200.00,100 גרם,false,,9.90,0.0495,true,1,128948
7290017065144,false,ריקוטה למריחה בתוספת בזיליקום 5% גד 200 גם,האי נאם סי או אל.טי.,,גד ריקוטה למריחה עם,גרמים,200.00,100 גרם,false,,9.90,0.0495,true,1,128949
7290017065212,false,גבינת קרם מסקרפונה מחלבות גד 250 גר,מיוצר עי קוד יצרן ED,,קרם מסקרפונה גד 250,גרמים,250.00,100 גרם,false,,21.90,0.0876,true,1,132808
7290017065236,false,גבינה בולגרית מעודנת 24% גד 250 גרם,הנסיך- מפעל לייצור ט,,גד בולגרית מעודנת 24,גרמים,250.00,100 גרם,false,,24.90,0.0996,true,1,132607
7290017065434,false,גבינה גאודה פרוסה הולנדית 200 גר',מחלבות גד בעמ,,גד פרוסות גאודה הולנ,גרמים,200.00,100 גרם,false,,19.90,0.0995,true,1,143428
7290017065441,false,גבינה גאודה עיזים פרוסה הולנדית 200 גר',גבינות מדף,,גד פרוסות גאודה עיחז,גרמים,200.00,100 גרם,false,,34.90,0.1745,true,1,143429
7290017065526,false,קוואטרו פורמאג'י 4 גבינות מגוררות 26%,"מחלבות גד בע""\מ",,קוואטרו פורמאג'י 300,גרמים,300.00,100 גרם,false,,29.90,0.0997,true,1,143436
7290017065588,false,יוגורט יווני 10% שומן 600 ג' גד,"מיוצר ע""\י קוד יצרן MKN",,יוגורט יווני 600 גרם,גרמים,600.00,100 גרם,false,,19.90,0.0332,true,1,153841
7290017065663,false,גבינת פטה עיזים מעודנת 16% גד 200 גרם,ג'נרל מילס סאן אדריא,,פטה עזים מעודנת 16%,גרמים,250.00,100 גרם,false,,29.90,0.1196,true,1,159008
7290017065731,false,גבינת שמנת 30% ניו יורק +כמהין 200 גרם רבנות,פ.פ.ח. שאביט,,גד גבינת שמנת ניו יו,גרמים,200.00,100 גרם,false,,12.90,0.0645,true,1,173121
7290017065786,false,"גבינת צ`דר מחלבות גד , 210 גרם","מחלבות גד בע""\מ",,צ'דר 210 גרם,גרמים,210.00,100 גרם,false,,22.90,0.1090,true,1,178701
7290017065861,false,קאצ'יו אה פפה-רוטב פקורינו 200 גרם גד,גבינות מדף,,קאצ'יו אה פפה- רוטב,גרמים,200.00,100 גרם,false,,15.90,0.0795,true,1,188746
7290017065878,false,רוטב לפסטה מק אנד צ'יז גד 200 גרם,גבינות מדף,,מק אנד צ'יז,גרמים,200.00,100 גרם,false,,15.90,0.0795,true,1,188748
7290017088051,false,בייביסיטר - חיתולי סטנדרט מידה 3 - 52 יח',די.פי.אל תעשיות מוצרים ח,,בייביסיטר סטנדרט מיד,יחידה,0.00,יחידה,false,,39.90,0.0000,true,1,152815
7290017088082,false,בייביסיטר - חיתולי סטנדרט מידה 5 - 36 יח',די.פי.אל תעשיות מוצרים ח,,בייביסטר סטנדרט מידה,יחידה,0.00,יחידה,false,,39.90,0.0000,true,1,152824
7290017088099,false,בייביסיטר - חיתולי סטנדרט מידה 6 - 30 יח',די.פי.אל תעשיות מוצרים ח,,בייביסטר סטנדרט מידה,יחידה,0.00,יחידה,false,,39.90,0.0000,true,1,152825
7290017088914,false,מגבונים בייביסיטר מבושם 66X6 יח',די.פי.אל,,מגבוני בייביסיטר מבו,יחידה,0.00,יחידה,false,,19.90,0.0000,true,1,161778
7290017100142,false,כוסיות יין 80CC ספלאש ארוז 50 יח',,,ר.שמאי כוסות יין ארו,יחידה,0.00,יחידה,false,,4.90,0.0000,true,1,144167
7290017105369,false,סירופ דיאט בטעם תה אפרסק יכין 1ליטר,זנלכל,,תה אפרסק דיאט 1 ליט,ליטרים,1.00,ליטר,false,,16.90,16.9000,true,1,143706
7290017105383,false,שלישיית תירס קיד יכין 3*200 גרם,זנלכל,,שלישיית תירס קיד 200,גרמים,600.00,100 גרם,false,,14.90,0.0248,true,1,146015
7290017105468,false,מארז שלישייה אפונה קטנה יכין 3*200 גר,קשקמט קונסרב הונגריה,,יכין אפונה 3* 200 גר,יחידה,0.00,יחידה,false,,14.90,0.0000,true,1,149103
7290017105895,false,גרגרי חומוס להכנת חומוס משובח יכין 560 ג,זנלכל,,גרגרי חומוס מסעדות י,גרמים,550.00,100 גרם,false,,9.90,0.0180,true,1,159694
7290017121048,false,"פלפל צ'ומה 250 גרם ""עללחם""","מדשא תעשיות מזון בע""\מ",,פלפל צ'ומה עללחם 25,גרמים,250.00,100 גרם,false,,13.90,0.0556,true,1,147084
7290017121086,false,"אריסה ביתית מתוקה עללחם, 250 גרם","מדשא תעשיות מזון בע""\מ",,אריסה ביתית מתוקה 25,גרמים,250.00,100 גרם,false,,13.90,0.0556,true,1,187290
7290017121093,false,"אריסה חריפה 250 גרם ""עללחם""","מדשא תעשיות מזון בע""\מ",,אריסה חריפה עללחם 2,גרמים,250.00,100 גרם,false,,13.90,0.0556,true,1,147085
7290017129495,false,אגו מיקס כדורי תירס מצופים שוקולד חלב כרמית 55 גרם,כרמית תעשיות ממתקים בעמ,,אגו מיקס כדורי תירס,יחידה,0.00,יחידה,false,,3.90,0.0000,true,1,129841
7290017129518,false,אגו מיקס כדורי תירס מצופים שוקולד חלב ולבן כרמית 55 גרם,כרמית,,אגו מיקס כדורי תירס,יחידה,0.00,יחידה,false,,3.90,0.0000,true,1,129843
7290017129754,false,"שוקולד מריר מעולה 70% מוצקי קקאו 100 גר בד""ץ","כרמית תעשיות ממתקים בע""\",,אגו שוקולד מריר פרימ,גרמים,100.00,100 גרם,false,,8.90,0.0890,true,1,134413
7290017129839,false,שוקולד פרימיום 70% מריר בטעם פטל כרמית 100 גרם,"כרמית תעשיות ממתקים בע""\",,אגו שוקולד פרימיום ב,גרמים,100.00,100 גרם,false,,7.90,0.0790,true,1,134416
7290017129846,false,עוגיות מיני קוקיס בטעם קרמל בצנצנת כרמית 600 גרם,קריות זול,,מיני קוקיס בטעם קרמל,גרמים,600.00,100 גרם,false,,18.90,0.0315,true,1,134912
7290017139784,false,וונדר וומן משחת שיניים,כ.צ.ט,,משחת שיניים וונדרוומ,יחידה,0.00,יחידה,false,,6.90,0.0000,true,1,193004
7290017142128,false,"שמן זית כתית מעולה קלאסי עץ הזית 750 מ""ל",שמן תעשיות בעמ,,שמן זית כתית מעולה ק,מיליליטרים,750.00,"100 מ""ל",false,,33.60,0.0448,true,1,130537
7290017142159,false,"שלישיית נתחי טונה בהירה בשמן זית 80 גרם ""עץ הזית""",הנסיך- מפעל לייצור ט,,עץ הזית נתחי טונה בש,גרמים,240.00,100 גרם,false,,23.90,0.0996,true,1,134807
7290017142180,false,פילה טונה בשמן זית בטעם לימון עם פלפל שחור 120 ג',"יוניקורד ח.צ בע""מ",,פילה טונה פרוס עם שמ,גרמים,120.00,100 גרם,false,,14.90,0.1242,true,1,143303
7290017142203,false,"פילה טונה פרוס עם שמן זית בטעם מעושן 120 גרם ""עץ הזית""","יוניקורד ח.צ בע""מ",,פילה טונה פרוס עם שמ,גרמים,120.00,100 גרם,false,,14.90,0.1242,true,1,143304
7290017142234,false,"פתיתי טונה בהירה בשמן זית מעושן ""עץ הזית""","יוניקורד ח.צ בע""מ",,פתיתי טונה בשמן זית,יחידה,0.00,יחידה,false,,9.90,0.0000,true,1,145456
7290017142289,false,"תרסיס שמן חמניות לל""ת גז עץ הזית 200מ""ל",י.ב טכנולוגיות אריזה בעמ,,עץ הזית תרסיס שמן חמ,מיליליטרים,200.00,"100 מ""ל",false,,15.90,0.0795,true,1,138779
7290017142340,false,שמן זרעי ענבים מזוכך 1 לי עץ הזית,אף.ג'\יי.סנצ'\ז סוקחורס,,שמן זרעי ענבים מזוכך,מיליליטרים,1000.00,"100 מ""ל",false,,29.90,0.0299,true,1,149105
7290017142388,false,שמן חמניות אומגה 3 פלוס 1 ליטר עץ הזית,שמן תעשיות בעמ,,שמן חמניות פלוס 1 לי,ליטרים,1.00,ליטר,false,,15.90,15.9000,true,1,145459
7290017142395,false,"LUNCH TO GO פסטה עם טונה בשמן זית 160 גרם ""עץ הזית""",יוניקורד ח.צ בעמ,,פסטה עם טונה בשמן ז,גרמים,160.00,100 גרם,false,,13.90,0.0869,true,1,149109
7290017142456,false,מארז נתחי טונה בהירה בשמן זית 2 * 160 ג' עץ הזית,יוניקורד ח.צ בעמ,,נתחי טונה בשמן זית ע,גרמים,320.00,100 גרם,false,,27.90,0.0872,true,1,149111
7290017142487,false,"LUNCH TO GO בורגול עם חומוס טונה בשמן זית 160 גרם ""עץ הזית""",יוניקורד ח.צ בעמ,,טו גו בורגול וגריגיר,גרמים,160.00,100 גרם,false,,13.90,0.0869,true,1,172921
7290017142500,false,תרסיס שמן זית כתית מעולה בטעם שום 150מל,קומטמפ קומפניה פורטו,,תרסיס שמן זית בטעם ש,מיליליטרים,150.00,"100 מ""ל",false,,17.90,0.1193,true,1,190485
7290017217321,false,נרות חימום ריחניים בניחות לוונדר 50יח',T.L.CO.LTD,,נרות חימום ריחניים ב,יחידה,0.00,יחידה,false,,14.90,0.0000,true,1,183765
7290017217550,false,נובי נשכן קור מחזיק,,,נובי נשכן קור מחזיק,יחידה,0.00,יחידה,false,,29.90,0.0000,true,1,157714
7290017232218,false,לחם קלאסי מופחת פחמימות איטסיין 430 גרם,,,לחם EATSANE קלאסי 43,יחידה,0.00,יחידה,false,,24.90,0.0000,true,1,192698
7290017232225,false,לחם גלילי מופחת פחמימות איטסיין 450 גרם,דבידוביץ,,לחם EATSANE גלילי 45,יחידה,0.00,יחידה,false,,24.90,0.0000,true,1,192699
7290017236544,false,אמה משחת כלים תפוח 3,,,אמה משחת כלים תפוח 3,קילוגרמים,3.50,"ק""ג",false,,22.90,6.5429,true,1,129702
7290017236551,false,משחה כלים אמה לימון,,,אמה משחת כלים לימון,קילוגרמים,3.50,"ק""ג",false,,22.90,6.5429,true,1,129703
7290017236568,false,אמה משחת כלים סמדר 3,,,אמה משחת כלים סמדר 3,קילוגרמים,3.50,"ק""ג",false,,22.90,6.5429,true,1,129704
7290017252308,false,עוגת אנגלית 270 גרם,,,עוגת אנגלית 270 גרם,גרמים,270.00,100 גרם,false,,5.90,0.0219,true,1,153476
7290017252315,false,עוגת שוקולד 270 גרם,,,עוגת שוקולד 270 גרם,גרמים,270.00,100 גרם,false,,5.90,0.0219,true,1,153471
7290017252322,false,עוגל'ה עוגת שיש 270 גרם,,,עוגת שיש 270 גרם,גרמים,270.00,100 גרם,false,,5.90,0.0219,true,1,153472
7290017252339,false,עוגת וניל 270 גרם,,,עוגת וניל 270 גרם,גרמים,270.00,100 גרם,false,,5.90,0.0219,true,1,153477
7290017252360,false,עוגת שוקוצי'נו 270 ג,,,עוגת שוקוצי'נו 270 ג,גרמים,270.00,100 גרם,false,,5.90,0.0219,true,1,153473
7290017252520,false,עוגל'ה שוקוציפס 270 גרם,,,עוגת שוקו צ'יפס 270,גרמים,270.00,100 גרם,false,,5.90,0.0219,true,1,153474
7290017266725,false,מארז וופל במילוי קרם בטעם שוקולד 12 גרם*40 יח',"גילרו בע""מ",,חטיף מיני קראנצ' 12,יחידה,0.00,יחידה,false,,16.90,0.0000,true,1,179694
7290017266909,false,וופלים מעולים במילוי קרם בטעם שוקולד SUNי 200 גרם,"גילרו בע""מ",,SUN וופלים במילוי קר,גרמים,200.00,100 גרם,false,,4.90,0.0245,true,1,190689
7290017289175,false,"יין ישראלי פטיט סירה אפרת 750 מ""ל",יקב טפרברג 1870 בעמ,,יין ישראלי פטיט סירה,יחידה,0.00,יחידה,false,,21.90,0.0000,true,1,141963
7290017289182,false,"יין ישראלי לבן חצי יבש אפרת 750 מ""ל",יקב טפרברג 1870 בעמ,,יין לבן חצי יבש ישרא,יחידה,0.00,יחידה,false,,21.90,0.0000,true,1,141964
7290017291499,false,בצל שיפודים,,,בצל שיפודים,יחידה,0.00,יחידה,false,,8.90,0.0000,true,1,194816
7290017297149,false,גרגירי חומוס להכנת חומוס ביתי פרי הגליל 550 גרם,"פרי הגליל בע""""מ",,גרגירי חומוס להכנת ח,גרמים,550.00,100 גרם,false,,7.90,0.0144,true,1,162497
7290017297194,false,לקט לקט ירקות לתנור פרי הגליל 800 ג',ויטה פרי גליל,,לקט ירקות לתנור 800,גרמים,800.00,100 גרם,false,,16.90,0.0211,true,1,162858
7290017297323,false,רוטב עגבניות מרוכז 100 גר' 22 BX טל וטרי,"מילוז(1989)בע""""מ",,רוטב עגבניות 100 גרם,גרמים,100.00,100 גרם,false,,2.00,0.0200,true,1,178072
7290017297330,false,"טל רוטב עגבניות מרוכז, 240 גרם",טל וטרי,IL,רוטב עגבניות 22BX טל,גרמים,240.00,100 גרם,false,,3.90,0.0162,true,1,194899
7290017297644,false,ברוקולי קפוא גרין אנד פרש 800 גר',גרין אנד פרש Green & Fresh,,ברוקלי 800 גרם GREEN,גרמים,800.00,100 גרם,false,,14.90,0.0186,true,1,178705
7290017303802,false,אריאל מלוואח 600 גרם,מאפיית אריאל,,אריאל מלוואח 600 גרם,גרמים,600.00,100 גרם,false,,21.90,0.0365,true,1,131382
7290017304885,false,לחם שיפון מחיטה מלאה ללא תוספת סוכר 750 ג' אנג'ל,מאפיית שלמה א. אנג'\ל בע,,לחם אנגל שיפון מלא,יחידה,0.00,יחידה,false,,16.90,0.0000,true,1,145704
7290017339610,false,חלה בריוש 6 כדורים ה,המחמצת,,חלה בריוש 600 גרם 6,גרמים,600.00,100 גרם,false,,16.90,0.0282,true,1,188866
7290017339627,false,חלת בריוש כתר המחמצת,המחמצת,,חלה כתר בריוש 600 גר,גרמים,600.00,100 גרם,false,,16.90,0.0282,true,1,188813
7290017396033,false,מארז בייגל רומני שומ,המחמצת,,מארז בייגל רומני שומ,יחידה,0.00,יחידה,false,,16.90,0.0000,true,1,188812
7290017396187,false,לחם קלמטה אובלי המחמ,המחמצת,,לחם קלמטה אובלי 600,גרמים,600.00,100 גרם,false,,16.90,0.0282,true,1,188809
7290017396217,false,לחם דגנים אובלי המחמ,המחמצת,,לחם דגנים אובלי 600,גרמים,600.00,100 גרם,false,,16.90,0.0282,true,1,188867
7290017396224,false,לחם כוסמין אובלי המח,המחמצת,,לחם כוסמין אובלי 600,גרמים,600.00,100 גרם,false,,16.90,0.0282,true,1,188807
7290017396286,false,המחמצת מארז בייגל יר,המחמצת,,המחמצת מארז בייגל יר,יחידה,0.00,יחידה,false,,16.90,0.0000,true,1,188811
7290017440231,false,סרקל שמפו לילדים לשיער מתולתל 1 ליטר,פישר מעבדות פרמצבטיות בע,,סרקל שמפו מתולתל 1 ל,יחידה,0.00,יחידה,false,,29.90,0.0000,true,1,137181
7290017440248,false,סרקל מרכך לילדים לשיער מתולתל 1 ליטר,פישר מעבדות פרמצבטיות בע,,סרקל מרכך מתולתל 1 ל,יחידה,0.00,יחידה,false,,29.90,0.0000,true,1,137182
7290017440323,false,"ד""ר פישר - קידס שמפו + מרכך ויטמינים 750 מ""ל","ד""ר פישר Dr fischer",,שמפו + מרכך קידס 750,מיליליטרים,750.00,"100 מ""ל",false,,16.90,0.0225,true,1,145583
7290017440682,false,ד.פישר בלונד שמפו לשיער בהיר,"ד""ר פישר Dr fischer",,"ד""ר פישר שמפו בלונד",יחידה,0.00,יחידה,false,,29.90,0.0000,true,1,149133
7290017440699,false,ד.פישר בלונד מרכך לשיער בהיר 400 מל,CHEMIPAL FISHER (BIO,,"ד""ר פישר מרכך בלונד",יחידה,0.00,יחידה,false,,29.90,0.0000,true,1,149136
7290017440798,false,ד.פישר סילבר מרכך לשיער כסוף 400 מל,קולגייט פלמוליב,,מרכך SILVER לשיער כס,יחידה,0.00,יחידה,false,,29.90,0.0000,true,1,143167
7290017457581,false,"מרכך כביסה סוד מרוכז קוקוס 900 מ""ל",הנקל סוד,,COCONUT WATER סוד מר,מיליליטרים,900.00,"100 מ""ל",false,,11.90,0.0132,true,1,147348
7290017457598,false,"מרכך כביסה סוד מרוכז סאמר בלוסום 900 מ""ל",הנקל סוד,,SUMMER BLOSSOM סוד מ,מיליליטרים,900.00,"100 מ""ל",false,,11.90,0.0132,true,1,147349
7290017457611,false,גל כביסה סוד טוטאל ירוק 2.5 ליטר,הנקל סוד,,סוד ג'ל כביסה ירוק,יחידה,0.00,יחידה,false,,24.90,0.0000,true,1,154605
7290017457727,false,"סוד כחול מרכך כביסה מרוכז20%+בישום 900 מ""ל",הנקל סוד,,סוד מרכך כביסה מרוכז,מיליליטרים,900.00,"100 מ""ל",false,,11.90,0.0132,true,1,146290
7290017457734,false,"סוד ורוד מרכך כביסה מרוכז20%+בישום 900 מ""ל",הנקל סוד,,סוד מרכך כביסה מרוכז,מיליליטרים,900.00,"100 מ""ל",false,,11.90,0.0132,true,1,146291
7290017457932,false,סוד מרכך כביסה מרוכז פרש קונטרול כחול,הנקל סוד,,סוד מרכך כביסה מרוכז,יחידה,0.00,יחידה,false,,11.90,0.0000,true,1,163228
7290017470146,false,שיפודים במבוק 30 ס''מ 100 יח' שמאי,,,שיפודי במבוק,יחידה,0.00,יחידה,false,,2.90,0.0000,true,1,159741
7290017470405,false,"מכסה למגש R2-90 ארוז =35= יח' (מ.מ) כשל""פ עד""ח ר. שמאי",,,ר.שמאי מכסים למגשי א,יחידה,0.00,יחידה,false,,14.90,0.0000,true,1,150071
7290017470498,false,קערה קלאסיק קרם שמאי 3 יח',,,שמאי - שלישיית קערת,יחידה,0.00,יחידה,false,,12.90,0.0000,true,1,146326
7290017470542,false,שקיות להכנת קוביות קרח ר. שמאי 12 יחידות,,,ר.שמאי שקיות להכנת ק,יחידה,0.00,יחידה,false,,4.90,0.0000,true,1,138556
7290017470689,false,קינוחית רוז שקופה 20 יח' ר. שמאי,,,שמאי - קינוחית רוז 2,יחידה,0.00,יחידה,false,,13.90,0.0000,true,1,138560
7290017470696,false,קינוחית כוכב שקופה 20 יח' ר. שמאי,,,שמאי - קינוחית כוכב,יחידה,0.00,יחידה,false,,13.90,0.0000,true,1,138561
7290017470702,false,מגש מחולק עגול גדול 6 תאים שמאי,,,ר.שמאי מגש מחולק עגו,יחידה,0.00,יחידה,false,,13.90,0.0000,true,1,138562
7290017470740,false,קערה לאירוח ענק 12' קשיחה ושקופה שמאי,,,ר.שמאי קערה לאירוח ק,יחידה,0.00,יחידה,false,,13.90,0.0000,true,1,138566
7290017470825,false,סכין מוכסף 40 י''ח קשיח ר. שמאי,,,סכין מוכסף ארוז 40י',יחידה,0.00,יחידה,false,,13.90,0.0000,true,1,138043
7290017513393,false,תה ירוק ספירולינה וצמחים ירוקים 25 שקי,תה ויסוצקי,,תה ירוק ספירולינה ו,יחידה,25.00,יחידה,false,,24.90,0.9960,true,1,146220
7290017513485,false,מחית עגבניות רוסטיקה גרנד איטליה 680 גרם,היצרן: ס.פ. פודנצנו -10,,מחית עגבניות רוסטיקה,גרמים,680.00,100 גרם,false,,13.90,0.0204,true,1,148127
7290017513775,false,פליפז בייגלה מצופה שוקולד חלב מקוויטיס 140 גרם,שוורצקוף& הנקל דיסלד,,פליפז בייגלה מצופה ש,גרמים,140.00,100 גרם,false,,8.90,0.0636,true,1,149064
7290017513782,false,פליפז בייגלה מצופה שוקולד מריר מקוויטיס 140 גרם,שוורצקוף& הנקל דיסלד,,פליפז בייגלה מצופה ש,גרמים,140.00,100 גרם,false,,8.90,0.0636,true,1,149065
7290017513850,false,תה ירוק נענע 25 שקיקים בתוספת ויטמינים Cּּ+D,ויסוצקי ירוק,,תה ירוק נענע בתוספת,יחידה,0.00,יחידה,false,,24.90,0.0000,true,1,158393
7290017599229,false,ממתיק סוכרלוז 200 טבליות סוכרזית,"סוכרזית בע""מ",,סוכרזית סוכרלח 200 ט,גרמים,370.00,100 גרם,false,,24.90,0.0673,true,1,179814
7290017599236,false,סוכריות סטיוויה 200 טבליות,סנו מפעלי ברונוס.,,סוכרזית סטיוויה 200,גרמים,370.00,100 גרם,false,,27.90,0.0754,true,1,179815
7290017599250,false,סוכרזית קלאסי 120 שקיות,ביסקול בע''מ,,סוכרזית קלסי 120 שקי,גרמים,100.00,100 גרם,false,,19.90,0.1990,true,1,190303
7290017599274,false,סוכרזית סטיוויה 120 שקיות,ביסקול בע''מ,,סוכרזית סטיוויה 120,גרמים,120.00,100 גרם,false,,39.90,0.3325,true,1,190304
7290017617138,false,רביעיית טונה סטארקיסט בשמן קנולה דל נתרן 160 גרם,"סטארקיסט פודור בע""מ",,סטארקיסט טונה דל נתר,גרמים,160.00,100 גרם,false,,29.90,0.1869,true,1,163250
7290017617411,false,סטארקיסט מיקס סלמון עם אורז מלא וירקות 160 גרם,גראאל אס איי,,סטארקיסט מיקס סלמון,יחידה,0.00,יחידה,false,,14.90,0.0000,true,1,189055
7290017617428,false,סטארקיסט מיקס סלמון עם פסטה ברוטב עגבניות 160 גרם,גראאל אס איי,,סטארקיסט מיקס סלמון,יחידה,0.00,יחידה,false,,14.90,0.0000,true,1,189056
7290017617435,false,סטארקיסט מיקס סלמון עם עדשים קינואה וירק 160 גרם,גראאל אס איי,,סטארקיסט מיקס סלמון,יחידה,0.00,יחידה,false,,14.90,0.0000,true,1,189053
7290017628073,false,ביצים חופש XL עטוף 20 יח,גליקסמן שיווק ביצים,,ביצי חופש XL תבנית 2,יחידה,0.00,יחידה,false,,34.90,0.0000,true,1,153666
7290017641188,false,קרקר עם שיפון מלא וסלק כרמית 130 גרם,דנוויטה ג'\יי. אס. סי,,חטיף קרקר עם שיפון מ,גרמים,130.00,100 גרם,false,,6.90,0.0531,true,1,143631
7290017641201,false,קרקר עם שיפון מלא וקייל 130 גר,דנוויטה ג'\יי. אס. סי,,חטיף קרקר עם שיפון מ,גרמים,130.00,100 גרם,false,,6.90,0.0531,true,1,143633
7290017647425,false,"יין גמלא קברנה סוביניון שנת 2018 750 מ""ל",יקבי רמת הגולן,,יין גמלא קברנה סובינ,יחידה,0.00,יחידה,false,,74.90,0.0000,true,1,158096
7290017647708,false,"רמת הגולן גמלא גוורצטרמינר, 750 מ""ל י יקב רמת הגולן",מיוצר וממולא על ידי יקב,,גמלא גוורצטרמינר 20,יחידה,0.00,יחידה,false,,64.90,0.0000,true,1,188180
7290017647722,false,"יין גמלא בלאנקו 20 עברית 750 מ""ל",יקבי רמת הגולן,,גמלא בלאנקו 20 עברית,יחידה,0.00,יחידה,false,,64.90,0.0000,true,1,188181
7290017662855,false,כבל טייפ סי 2 מטר,,,כבל טייפ סי 2 מטר,יחידה,0.00,יחידה,false,,34.90,0.0000,true,1,177238
7290017663005,false,מטען מהיר 25W,,,מטען מהיר 25W,יחידה,0.00,יחידה,false,,99.90,0.0000,true,1,177170
7290017675008,false,"טחינה גולמית 1 ק""ג שכם היונה",היונה,,טחינה היונה 900 גרם,גרמים,900.00,100 גרם,false,,24.90,0.0277,true,1,135331
7290017675015,false,טחינת היונה המקורית,,,טחינה היונה 450 גרם,גרמים,450.00,100 גרם,false,,12.90,0.0287,true,1,135332
7290017677804,false,"רוטב סויה ללא חומרים משמרים קיקומן 444 מ""ל",קיקומן פודז אינק,,"רוטב סויה 444 מ""ל",מיליליטרים,444.00,"100 מ""ל",false,,19.90,0.0448,true,1,178962
7290017682105,false,מקל מתכת 1.5מטר כחול,,,מקל מתכת 1.5 כחול,יחידה,0.00,יחידה,false,,5.90,0.0000,true,1,153415
7290017682334,false,מטאטא ריץ' + מקל 1.5,,,מטאטא ריץ' + מקל 1.5,יחידה,0.00,יחידה,false,,19.90,0.0000,true,1,152200
7290017682617,false,"מגב 40 ס""מ עם תפס להצמדה סחבה",,,מגב קלינג CLING עם ת,יחידה,0.00,יחידה,false,,16.90,0.0000,true,1,148597
7290017712239,false,פרמיו עם עוף במרקם פטה 150 גר,פרמיו Premio,,פרמיו פטה עוף לכלב 1,יחידה,0.00,יחידה,false,,4.90,0.0000,true,1,190597
7290017712260,false,פרמיו פטה סלמון לכלב 150ג',פרמיו Premio,,פרמיו פטה סלמון לכלב,יחידה,0.00,יחידה,false,,4.90,0.0000,true,1,190598
7290017712277,false,פרמיו עם כבש במרקם פטה 100 גר,פרמיו Premio,,פרמיו פטה כבש לכלב 1,יחידה,0.00,יחידה,false,,4.90,0.0000,true,1,190599
7290017712727,false,פרמיו גור חתולים בקר וכבד,פרמיו Premio,,פרמיו גור בקר וכבד 1,יחידה,0.00,יחידה,false,,4.90,0.0000,true,1,190600
7290017712758,false,פרמיו סלמון לחתול,פרמיו Premio,,פרמיו סלמון 100ג',יחידה,0.00,יחידה,false,,4.90,0.0000,true,1,190601
7290017712772,false,פרמיו ברק וכבד לחתול,פרמיו Premio,,פרמיו בקר וכבד 100ג',יחידה,0.00,יחידה,false,,4.90,0.0000,true,1,190602
7290017712789,false,פרמיו סטירליז עוף 100ג',,,פרמיו סטירליז עוף 10,יחידה,0.00,יחידה,false,,4.90,0.0000,true,1,190603
7290017712864,false,פרמיו מקלות סלמון לכלב,פרמיו Premio,,פרמיו מקלות סלמון 10,יחידה,0.00,יחידה,false,,14.90,0.0000,true,1,190604
7290017715353,false,"זיתים שחורים טאסוס 700 גרם ""תומר""",,,זית שחור טאטוס 700 ג,גרמים,700.00,100 גרם,false,,19.90,0.0284,true,1,146207
7290017746135,false,מארז 10 פיתות ביס כוסמין,מאפיית דוידוביץ ובני,,פיתה ביס כוסמין 50,יחידה,0.00,יחידה,false,,13.90,0.0000,true,1,162278
7290017746197,false,לחמניות המבורגר 6יחידות,מאפיית דוידוביץ ובניו בע,,המבורגר '5 100 גרם,יחידה,0.00,יחידה,false,,19.90,0.0000,true,1,192704
7290017812571,false,מיץ ענבים תירוש אדום 100% טבעי כרמל 1 ליטר,יקבי כרמל Carmel Winery,,תירוש אדום 1 ליטר,ליטרים,1.00,ליטר,false,,19.90,19.9000,true,1,150688
7290017812588,false,מיץ ענבים תירוש לבן 100% טבעי כרמל 1 ליטר,יקבי כרמל Carmel Winery,,תירוש לבן 1 ליטר,ליטרים,1.00,ליטר,false,,19.90,19.9000,true,1,194163
7290017812847,false,"יין פרנץ גוורצטרמינר סלקטד כרמל 750 מ""ל","כד בני דרום בע""מ",,קולומברד גוורצטרמינר,מיליליטרים,750.00,"100 מ""ל",false,,29.90,0.0399,true,1,194185
7290017812977,false,"יין קריניאנו סלקטדאננס באז כרמל 750 מ""ל",כרמל מזרחי,,"באז אננס 750 מ""ל",מיליליטרים,750.00,"100 מ""ל",false,,24.90,0.0332,true,1,174544
7290017871363,false,פמילי יהלום- פמלי סבון ידיים מועשר בשמן מקדמיה לניקוי וטיפוח עור הידיים,המאפיה של הרמן,,פמילי יהלום סבון ידי,יחידה,0.00,יחידה,false,,9.90,0.0000,true,1,153568
7290017871448,false,טוסו חטיף תמרים וקשיו ללא גלוטן וללא תוספת סוכר,תות תעשיות מזון (2014) ב,,טוסו חטיף תמרים וקשי,יחידה,0.00,יחידה,false,,16.90,0.0000,true,1,147511
7290017871950,false,פרשוואנס נייר טואלט לח מתכלה בניחוח לוונדר מארז שלישייה,עלבד משואות יצחק,,פרשוואנס נייר טואלט,יחידה,0.00,יחידה,false,,14.90,0.0000,true,1,166286
7290017872001,false,"קרם החתלה פרשוואנס שמן זית ופרופוליס 100 סמ""ק",גונסון,,קרם החתלה פרשוואנס ל,יחידה,0.00,יחידה,false,,12.90,0.0000,true,1,153821
7290017872018,false,"קרם החתלה פרשוואנס קמומיל וקלנדולה 100 סמ""ק",דנשר,,קרם החתלה פרשוואנס ל,יחידה,0.00,יחידה,false,,12.90,0.0000,true,1,153822
7290017872049,false,"פמלי אל סבון בניחוח לוונדר ארומטי- שלישייה 500 מ""ל",אברנסל קוסמטיקס,,פמלי אל סבון בניחוח,יחידה,3.00,יחידה,false,,15.90,5.3000,true,1,156132
7290017872056,false,פמלי אל סבון 3*1 הסדרה הלבנה-מעורב 500 גרם*3,אברנסל קוסמטיקס,,פמלי אל סבון 3*1 סדר,יחידה,3.00,יחידה,false,,15.90,5.3000,true,1,156133
7290017872063,false,פמלי אל סבון 3*1 ארומטרפי-מעורב 500 גרם*3,אברנסל קוסמטיקס,,פמלי אל סבון ארומתרפ,יחידה,3.00,יחידה,false,,15.90,5.3000,true,1,156134
7290017872070,false,מארז מגבונים לחים בניחוח מרענן פרש וואנס שלישייה,"ווטנפס בע""\מn\",,פרשוואנס מגבונים מאר,יחידה,0.00,יחידה,false,,11.90,0.0000,true,1,155849
7290017872179,false,טוסו - עוגיות טחינה ללא סוכר 200 גרם,"הגביע מוצרי וופלים בע""\מ",,טוסו עוגיות טחינה 20,גרמים,200.00,100 גרם,false,,19.90,0.0995,true,1,155856
7290017872193,false,טוסו עוגיות שקדים וקינמון ללא סוכר 200 גרם,"הגביע מוצרי וופלים בע""\מ",,טוסו עוגיות שקדים וק,גרמים,200.00,100 גרם,false,,19.90,0.0995,true,1,155858
7290017872285,false,טוסו חטיף קראנצ'י בטעם פירות יבשים 105 גר',תות ממתקי איכות,,טוסו חטיף קראנצ' בטע,יחידה,0.00,יחידה,false,,16.90,0.0000,true,1,155831
7290017872650,false,"פמלי יהלום-סבון ידיים עם שמן לבנדר 500 מ""ל",המאפיה של הרמן,,יהלום סבון ידיים מעו,יחידה,0.00,יחידה,false,,9.90,0.0000,true,1,161794
7290017872667,false,"פמלי יהלום-סבון ידיים עם שמן קמומיל 500 מ""ל",המאפיה של הרמן,,יהלום סבון ידיים מעו,יחידה,0.00,יחידה,false,,9.90,0.0000,true,1,161795
7290017872957,false,אדג' - מכשיר גילוח רב פעמי ידית + 3 סכינים לעור רגיש,General,,אדג מכשיר גילוח רב פ,יחידה,0.00,יחידה,false,,66.90,0.0000,true,1,187785
7290017873176,false,"סבון ידיים מועשר בשמן אבוקדו 500 מ""ל יהלום",טאהא,,תחליב רחצה לניקוי וט,יחידה,0.00,יחידה,false,,9.90,0.0000,true,1,181282
7290017873183,false,"סבון ידיים בניחות אשכולית אדומה 500 מ""ל יהלום",,,תחליב רחצה לניקוי וט,יחידה,0.00,יחידה,false,,9.90,0.0000,true,1,181283
7290017888095,false,"רביעיית פחיות שוופס מוגז עדין פירות יער 330 מ""ל.",יפאורה תבורי בעמ,,רביעיית פחיות שוופס,יחידה,4.00,יחידה,false,,13.90,3.4750,true,1,144395
7290017888101,false,"רביעיית פחיות שוופס מוגז עדין אפרסק 330 מ""ל.",יפאורה תבורי בעמ,,רביעיית פחיות שוופס,יחידה,4.00,יחידה,false,,13.90,3.4750,true,1,144396
7290017888347,false,מי עדן פקק ספורטאים 500,"מי עדן בע""מ",,מי עדן ספורט בקבוק ב,מיליליטרים,500.00,"100 מ""ל",false,,5.00,0.0100,true,1,152963
7290017888354,false,מים מינרליים בקבוק ס,מים מינרליים,,"מי עדן 750 מ""ל",מיליליטרים,750.00,"100 מ""ל",false,,5.00,0.0067,true,1,178102
7290017913148,false,אסותא מרכך כביסה סגו,טרופיקל דגיל,,אסותא מרכך כביסה 4 ל,ליטרים,4.00,ליטר,false,,14.90,3.7250,true,1,141807
7290017913179,false,אסותא מרכך כביסה ורו,טרופיקל דגיל,,אסותא מרכך כביסה 4 ל,ליטרים,4.00,ליטר,false,,14.90,3.7250,true,1,141810
7290017928012,false,מאיר בייגל - בייגלה גדול מלח 250 גרם,מאיר בייגל,,בייגלה גדול מלח 250,גרמים,250.00,100 גרם,false,,5.90,0.0236,true,1,166105
7290017928036,false,מקלות גריסיני שומשום מאיר בייגל 175 גרם,מאיר את בייגל,,מאיר בייגל מקלות גרי,גרמים,175.00,100 גרם,false,,11.90,0.0680,true,1,148639
7290017928043,false,מקלות גריסיני קראנץ' מלח מאיר בייגל 175 גרם,מאיר את בייגל,,מאיר בייגל גריסיני ק,גרמים,175.00,100 גרם,false,,11.90,0.0680,true,1,148640
7290017928074,false,שטוחלה מלח מאיר בייגל אריזה שקופה 250 גרם,מאיר בייגל,,בייגלה שטוחלה מלח 25,גרמים,250.00,100 גרם,false,,5.90,0.0236,true,1,166108
7290017928463,false,מאיר בייגל -סמאש-שבורים בטעם דבש חרדל ובצל 300 גרם,מאיר בייגל,,סמאש- שבורים בטעם דב,גרמים,300.00,100 גרם,false,,13.90,0.0463,true,1,166096
7290017928524,false,בייגלה שטוח ניגובים מלח 330 ג' מאיר בייגל,מאיר את בייגל,,בייגלה שטוח ניגובים,גרמים,330.00,100 גרם,false,,11.90,0.0361,true,1,179598
7290017928609,false,בייגלה טבעות שומשום מאיר בייגל 300 גרם,מאיר את בייגל,,מאיר בייגל טבעות שומ,גרמים,300.00,100 גרם,false,,11.90,0.0397,true,1,148633
7290017928616,false,מאיר בייגל שטוחהלה שומשום 300 גר',מאיר את בייגל,,מאיר בייגל שטוחלה שו,גרמים,300.00,100 גרם,false,,11.90,0.0397,true,1,148634
7290017928630,false,מקלות גריסיני קראנץ' פינוקים מאיר בייגל 175 גרם,מאיר את בייגל,,מאיר בייגל גריסיני ק,גרמים,175.00,100 גרם,false,,11.90,0.0680,true,1,148644
7290017928661,false,מאיר בייגל -סמאש-שבורים בטעם צ'דר 300 גרם,מאיר בייגל,,סמאש- שבורים בטעם צ',גרמים,300.00,100 גרם,false,,13.90,0.0463,true,1,166097
7290017928807,false,בייגלה אצבעות שומשום מאיר בייגל 300 גרם,מאיר את בייגל,,מאיר בייגל אצבעות שו,גרמים,300.00,100 גרם,false,,11.90,0.0397,true,1,148636
7290017928821,false,מאיר בייגל מקלות גריסיני קלאסי 200 גרם,מאיר את בייגל,,מאיר בייגל מקלות גרי,גרמים,200.00,100 גרם,false,,11.90,0.0595,true,1,148645
7290017946368,false,שלישיית כדוריות סבון לאסלה אוקיינוס סוד 50 גרם,הנקל סוד,,סוד כדריות לאסלה P.A,יחידה,0.00,יחידה,false,,14.90,0.0000,true,1,161812
7290017946399,false,"מרכך כביסה מרוכז ארומתרפי אדום 900 מ""ל סוד",הנקל סוד,,סוד מרכך מרוכז ארומת,יחידה,0.00,יחידה,false,,11.90,0.0000,true,1,182277
7290017946474,false,"הוואי תחליב רחצה סודות פולינזיה 700 מ""ל",טרופיקל דגיל בעמ,,הוואי ג'ל רחצה סודות,יחידה,0.00,יחידה,false,,9.90,0.0000,true,1,155913
7290017947105,false,לחם אנג'ל בסגנון אמריקה 500 גרם,מאפיית שלמה א. אנג'\ל בע,,לחם אמריקה,יחידה,0.00,יחידה,false,,14.90,0.0000,true,1,152077
7290017947464,false,שמיניית פיתות כוסמין אנג'ל 8*50 גרם,מאפיית שלמה א.אנג'\ל בע\,,8 פיתות מקמח כוסמין,גרמים,400.00,100 גרם,false,,15.90,0.0398,true,1,160816
7290017947891,false,לחם אנג'ל כוסמין וחיטה מלאה 750 גרם,מאפיית שלמה א. אנג'\ל בע,,לחם כוסמין וחיטה מלא,יחידה,0.00,יחידה,false,,16.90,0.0000,true,1,152078
7290017947921,false,לחמניות המבורגר בסגנון אמריקאי מארז 6 יח',מאפיית שלמה א. אנג'\ל בע,,6 המבורגר בשקית,יחידה,0.00,יחידה,false,,14.90,0.0000,true,1,152079
7290017947938,false,מיני לחמניות המבורגר בסגנון אמריקה 400 ג' אנג'ל,מאפיית שלמה א. אנג'\ל בע,,לחמניות המבורגר מיני,יחידה,0.00,יחידה,false,,14.90,0.0000,true,1,162525
7290017969121,false,כוסות שיש לבן זהב 40 יח' PP כשל''פ עד''ח אחת שתיים ר. שמאי,,,שמאי -כוסות -שיש-40,יחידה,0.00,יחידה,false,,8.90,0.0000,true,1,179095
7290017969152,false,ספוג הפלא קוביות ר.שמאי,,,ספוג הפלא קוביות שיש,יחידה,0.00,יחידה,false,,6.90,0.0000,true,1,159732
7290017969169,false,"צלחות ענק 10=מתכלות=20 יח' קנה סוכר עד""ח",,,שמאי - צלחות ענק מתכ,יחידה,0.00,יחידה,false,,17.90,0.0000,true,1,148245
7290017969190,false,"מרקיות 7=מתכלות=20 יח' קנה סוכר עד""ח",,,ר.שמאי מרקיות 7 מתכל,יחידה,0.00,יחידה,false,,9.90,0.0000,true,1,146312
7290017969305,false,"שיפודים במבוק עבים במיוחד 25ס""מ 4 מ""מ 80 יח'",,,שמאי שיפודים במבוק,יחידה,0.00,יחידה,false,,2.90,0.0000,true,1,174699
7290017969817,false,"כוסות 300 מ""ל דרינק ארוז 10 יחי' ר. שמאי",,,כוסות לונג קשיחות אר,יחידה,0.00,יחידה,false,,8.90,0.0000,true,1,150074
7290017969824,false,"גביעי יין קטנים מוכספים 100 מ""ל",,,שמאי - גביעי יין קטנ,יחידה,0.00,יחידה,false,,14.90,0.0000,true,1,151207
7290017969848,false,כוסות קוקטיל שקוף 60Z שמאי 6 יח',ר.שמאי,,ר.שמאי 6 כוסות קוקטי,יחידה,0.00,יחידה,false,,24.90,0.0000,true,1,151209
7290017969930,false,צלחות ענקיות צבעוני דגם רויאל 12 יח' ר. שמאי,,,שמאי - צלחות ענק 'רו,יחידה,0.00,יחידה,false,,13.90,0.0000,true,1,156317
7290017969978,false,כוסות מרוקאיות קרם 40 יח' 1-2 ר. שמאי,,,שמאי כוסות מרוקאיות,יחידה,0.00,יחידה,false,,9.90,0.0000,true,1,173535
7290018045084,false,BON&BON דגנים במילוי קרם בטעם בראוניז 480 גרם,monday,,דגנים BON&BON דגנים,גרמים,480.00,100 גרם,false,,22.90,0.0477,true,1,182000
7290018045497,false,בון בון דגנים במילוי קרם שוקולד 480 גרם,monday,,דגנים BON&BON דגנים,גרמים,480.00,100 גרם,false,,22.90,0.0477,true,1,182001
7290018045695,false,BON&BON דגנים במילוי קרם קרמל מלוח 480 גרם,monday,,דגנים BON&BON דגנים,גרמים,480.00,100 גרם,false,,22.90,0.0477,true,1,182002
7290018045893,false,בון בון דגנים במילוי קרם נוגט 480 גרם,monday,,דגנים BON&BON דגנים,גרמים,480.00,100 גרם,false,,22.90,0.0477,true,1,181999
7290018071205,false,כפפות ניטרו V כחולות אלסטיות S ללא אבקה 100 יחידות,סייף טאצ,,איזי טאץ' כפפות ניטר,יחידה,0.00,יחידה,false,,22.90,0.0000,true,1,173175
7290018071212,false,כפפות ניטרו V כחולות אלסטיות M ללא אבקה 100 יחידות,סייף טאצ,,איזי טאץ' כפפות ניטר,יחידה,0.00,יחידה,false,,22.90,0.0000,true,1,173176
7290018071229,false,כפפות ניטרו V כחולות אלסטיות L ללא אבקה 100 יחידות,סייף טאצ,,איזי טאץ ' כפפות ניט,יחידה,0.00,יחידה,false,,22.90,0.0000,true,1,173178
7290018071236,false,כפפות ניטרו V כחולות אלסטיות XL ללא אבקה 100 יחידות,סייף טאצ,,איזי טאץ' כפפות ניטר,יחידה,0.00,יחידה,false,,22.90,0.0000,true,1,173179
7290018071526,false,פלסטר נייר בגליל 9.1 מטר,,,פלסטר נייר בגליל 9.1,יחידה,0.00,יחידה,false,,9.90,0.0000,true,1,190573
7290018071571,false,פדים אובליים להסרת איפור 40 יח',,,פדים אובליים להסרת א,יחידה,40.00,יחידה,false,,7.90,0.1975,true,1,192253
7290018091074,false,בצק עוגיות שוקולד צ'יפס 300 גרם מעדנות,תנובה מעדנות,,בצק עוגיות שוקולד צ',גרמים,300.00,100 גרם,false,,16.90,0.0563,true,1,190420
7290018091234,false,פיצה מקסיקנית מעדנות 200 גרם,תנובה מעדנות,,פיצה מקסיקנית 260 גר,גרמים,260.00,100 גרם,false,,13.90,0.0535,true,1,160896
7290018091616,false,מקלות פילו גבינה מעדנות 450 גרם,מיוצר עי קונדיטוריית,,מקלות פילו גבינה 450,גרמים,450.00,100 גרם,false,,19.90,0.0442,true,1,156269
7290018091821,false,פיצה נפוליטנה מעדנות 200 גרם,תנובה מעדנות,,פיצה נפוליטנה 200 גר,גרמים,200.00,100 גרם,false,,13.90,0.0695,true,1,160897
7290018098240,false,מרק ירקות+חלבון ירוק,פרוטלנד,,מרק ירקות ירוק מן ה,גרמים,500.00,100 גרם,false,,16.90,0.0338,true,1,195340
7290018098257,false,מרק שעועית+חלבון ירו,פרוטלנד,,מרק שעועית ירוק מן,גרמים,500.00,100 גרם,false,,16.90,0.0338,true,1,195341
7290018098264,false,מרק מינסטרונה ירוק מ,,,מרק מינסטרונה ירוק מ,גרמים,500.00,100 גרם,false,,16.90,0.0338,true,1,195342
7290018156063,false,"ד""ר פישר - אולטרסול קידס סטיק לפנים לילדים 13 גרם",פישר מעבדות פרמצבטיות בע,,אולטרסול קידס סטיק,יחידה,0.00,יחידה,false,,39.90,0.0000,true,1,152585
7290018156124,false,"אל סבון קמיל צבעוני ד""ר פישר שלישיה* 500 מ""ל",פישר תעשיות,,אל סבון קמיל שלישייה,יחידה,0.00,יחידה,false,,19.90,0.0000,true,1,148832
7290018192658,false,מארז זוג פטריות פורטובלה ושמפיניון מרינה,"מרינה פטריות הגליל בע""מ",,צמד חמד איטלקי,יחידה,0.00,יחידה,false,,15.90,0.0000,true,1,162859
7290018194102,false,עארק טעם אשכולית אדו,,,גבלנה -ערק בטעמים-אש,מיליליטרים,700.00,"100 מ""ל",false,,49.90,0.0713,true,1,177414
7290018194256,false,"ערק ג'בלנא 16% בטעם לימון 700 מ""ל-בודד",,,גבלנה ערק בטעם לימון,מיליליטרים,700.00,"100 מ""ל",false,,49.90,0.0713,true,1,177413
7290018198056,false,תפוגן קוביות תפוחי אדמה 9*1.5קג,עיצובים 2020 (4.5),,תפוגן קוביות תפוחי א,קילוגרמים,1.50,"ק""ג",false,,24.90,16.6000,true,1,154051
7290018198148,false,"תפוגן צ'יפס קריספי קלאסי 1.25 ק""ג",עיצובים 2020 (4.5),,תפוגן קריספי צ'יפס ק,קילוגרמים,1.25,"ק""ג",false,,24.90,19.9200,true,1,172757
7290018198254,false,"תפוגן קריספי צ'יפס פוטטוס 1.25 ק""ג",עיצובים 2020 (4.5),,תפוגן קריספי צ'יפס פ,קילוגרמים,1.25,"ק""ג",false,,24.90,19.9200,true,1,172768
7290018204108,false,כוסות קרטון 16 איכותי 25 י'ח ר. שמאי,,,כוסות קרטון ענק 25 י,יחידה,0.00,יחידה,false,,14.90,0.0000,true,1,159722
7290018204184,false,מרקיות CLASSUC צבעוני 100 יח' ר. שמאי,,,שמאי - מרקיות Classi,יחידה,0.00,יחידה,false,,32.90,0.0000,true,1,156319
7290018204221,false,מפיות לבן אחת שתיים שמאי 150 יח',,,מפיות 150 יחידות לב,יחידה,0.00,יחידה,false,,6.90,0.0000,true,1,172861
7290018204283,false,כוסות יהלום בורדו / נחושת 40 ר. שמאי,,,כוסות יהלום 40 יח',יחידה,0.00,יחידה,false,,9.90,0.0000,true,1,159730
7290018204306,false,"כוסות שקוף סטריפס 10 יח' קשיחות במיוחד ר. שמאי כשל""פ עד""ח",,,כוסות שקוף בדולח / מ,יחידה,0.00,יחידה,false,,8.90,0.0000,true,1,159720
7290018204429,false,קעריות אובלי מתכלות שמאי 20 יח',,,שמאי -קעריות אובלי מ,יחידה,0.00,יחידה,false,,7.90,0.0000,true,1,165791
7290018204573,false,מנג'טים לאפיה צבעוניים 1.5 100 יח' PVC ר. שמאי,,,שמאי מנג'טים לאפיה צ,יחידה,0.00,יחידה,false,,4.90,0.0000,true,1,174723
7290018204597,false,מנג'טים לאפיה צבעוניים 3 100 יח' PVC ר. שמאי,,,שמאי מנג'טים לאפיה צ,יחידה,0.00,יחידה,false,,6.90,0.0000,true,1,174725
7290018204610,false,מנג'טים לאפיה צבעוניים מס' 5 שמאי 100 יח',,,שמאי מנג'טים לאפיה צ,יחידה,0.00,יחידה,false,,8.90,0.0000,true,1,174727
7290018204689,false,נייר אפיה בקופסא נשלף אחד אחד שמאי 100 יח',,,שמאי - נייר אפיה בק,יחידה,0.00,יחידה,false,,18.90,0.0000,true,1,165770
7290018204795,false,"מגשיות פרימיום אינגליש שחור זהב + מכסה 6+6 יח' 200 מ""ל עד""ח ר. שמאי",,,שמאי- מגשיות פרימיום,יחידה,0.00,יחידה,false,,14.90,0.0000,true,1,165781
7290018213704,false,"סבון ידיים נוזלי GOLD SHINY 500 מ""ל",,,סבון ידיים נוזלי גול,יחידה,0.00,יחידה,false,,9.90,0.0000,true,1,173701
7290018213711,false,"סבון ידיים נוזלי לבן 500 מ""ל Shiny",,,סבון ידיים נוזלי לבן,יחידה,0.00,יחידה,false,,9.90,0.0000,true,1,173702
7290018213865,false,כפפות חד פעמי שחורות,,,שייני כפפות TPE XL,יחידה,0.00,יחידה,false,,14.90,0.0000,true,1,177287
7290018219317,false,קשיו גדול קלוי 350 ג,זארובי,,קשיו גדול קלוי 350 ג,יחידה,0.00,יחידה,false,,28.90,0.0000,true,1,178884
7290018219362,false,תערובת תיבול מלח ורוזמרין במטחנה 100 ג' זארובי,,,תערובת תיבול מלח ורו,יחידה,0.00,יחידה,false,,12.90,0.0000,true,1,178888
7290018219553,false,מארז חגיגי סוכריות גומי 900 ג' זארובי,זארובי,,מארז חגיגי סוכריות ג,גרמים,900.00,100 גרם,false,,39.90,0.0443,true,1,178892
7290018219966,false,אנטי פסטי 65 ג' זארובי,,,אנטי פסטי 65 גרם,יחידה,0.00,יחידה,false,,12.90,0.0000,true,1,178916
7290018225172,false,שואב אבק ציקלון *TAG,,,שואב אבק ציקלון *TAG,יחידה,0.00,יחידה,false,,199.90,0.0000,true,1,194117
7290018225219,false,קומקום זכוכית נשלף פ,,,"קומקום זכוכית נשלף """,יחידה,0.00,יחידה,false,,69.90,0.0000,true,1,176601
7290018228074,false,כוס תרמית 380 מ”ל מוסקו,,,כוס נשיאה תרמית 380,יחידה,0.00,יחידה,false,,49.90,0.0000,true,1,166814
7290018237755,false,"שניצל עוף בציפוי שומשום ייעודי 1 ק""ג עוף טוב",,,עוף טוב שניצל עוף בצ,יחידה,0.00,יחידה,false,,32.90,0.0000,true,1,186050
7290018237922,false,עוף טוב שניצלונים ציפוי צ'יפס 700 גרם,מוצרי עוף טוב (2001) בע\,,שניצלוני צ'יפס 700 ג,גרמים,700.00,100 גרם,false,,20.00,0.0286,true,1,188981
7290018237939,false,עוף טוב שניצלונים ציפוי שומשום 700 גרם,מוצרי עוף טוב (2001) בע\,,שניצלונים שומשום 700,גרמים,700.00,100 גרם,false,,20.00,0.0286,true,1,188982
7290018249994,false,סוויטאנגו תחליף סוכר ממתיק 700 גר',מתבל תעשיות מזון,,SWRRTANGO אריזת צנצנ,גרמים,700.00,100 גרם,false,,56.90,0.0813,true,1,171727
7290018282267,false,noya baby מגבונים לח,,,noya baby מגבונים לח,יחידה,0.00,יחידה,false,,19.90,0.0000,true,1,160550
7290018282816,false,אסותא מגבונים להסרת,,,אסותא מגבונים להסרת,יחידה,0.00,יחידה,false,,16.90,0.0000,true,1,179122
7290018294918,false,מונלייט מוסקטו רוזה מתוק מבעבע 750מל,יקבי כרמל Carmel Winery,,מונלייט מוסקטו ורוד,מיליליטרים,750.00,"100 מ""ל",false,,36.90,0.0492,true,1,193015
7290018333952,false,חטיף אגוזים רפאלס וחמוציות בדצ 150 גר *12יח,כרמית תעשיות ממתקים,,חטיף אגוזים רפאלס וח,גרמים,150.00,100 גרם,false,,14.90,0.0993,true,1,175258
7290018333969,false,חטיף גרנולה רפאלס שקדים וטחינה בדצ 150 גר *12יח,כרמית תעשיות ממתקים,,חטיף גרנולה רפאלס שק,גרמים,150.00,100 גרם,false,,14.90,0.0993,true,1,175259
7290018343357,false,"ד""ר פישר SMOOTH & REPAIR מרכך משקם לאחר החלקה או עיצוב בחום",פישר מעבדות פרמצבטיות,,"ד""ר פישר מרכך משקם ל",יחידה,0.00,יחידה,false,,39.90,0.0000,true,1,161952
7290018359082,false,מחית תפוחי עץ לאפייה יכין 550 גרם,זנלכל,,מחית תפוחי עץ לאפיה,גרמים,550.00,100 גרם,false,,7.90,0.0144,true,1,153065
7290018359334,false,רכז עגבניות טבעי פריכוז שף יכין 580 גרם,זנלכל,,יכין רכז עגבניות טבע,גרמים,580.00,100 גרם,false,,11.90,0.0205,true,1,164026
7290018359495,false,תירס מהשדה בלי תוספת סוכר יכין 550 גרם,היינץ צפון אמריקה מק,,A2 גרעיני תירס בלי ת,גרמים,550.00,100 גרם,false,,9.90,0.0180,true,1,164019
7290018359686,false,יכין חומוס גדול 550 גר A2,היינץ צפון אמריקה מק,,חומוס ענק יכין 550 ג,גרמים,550.00,100 גרם,false,,9.90,0.0180,true,1,174446
7290018359860,false,רסק עגבניות ליקופן טבעי יכין 200 גר*2,זנלכל,,רסק עגבניות ליקופן ט,גרמים,400.00,100 גרם,false,,14.90,0.0373,true,1,188321
7290018359938,false,"רוטב עגבניות לשקשוקה יכין, 400 גרם",זנלכל,,רוטב עגבניות לשקשוקה,גרמים,400.00,100 גרם,false,,11.90,0.0298,true,1,189402
7290018359945,false,רוטב עגבניות פיקנטי מפלפלים וירקות יכין 400 גרם,זנלכל,,חאריפה- רוטב פיקנטי,גרמים,400.00,100 גרם,false,,11.90,0.0298,true,1,189405
7290018359952,false,רוטב עגבניות לפסטה 400 גרם יכין,זנלכל,,רוטב עגבניות לפסטה י,גרמים,400.00,100 גרם,false,,11.90,0.0298,true,1,189403
7290018367346,false,שומשום בטעם וואסבי 100 גרם,Flavor full foods in,,שומשום בטעם ווסאבי,יחידה,0.00,יחידה,false,,17.90,0.0000,true,1,174791
7290018376416,false,פילה דג ברבוניה קפוא,,,פילה דג ברבוניה קפוא,יחידה,0.00,יחידה,false,,24.90,0.0000,true,1,192729
7290018400661,false,לקט פאייה בסגנון ספרדי סנפרוסט 800 גרם,"סנפרוסט בע""\מ",,לקט פאייה בסגנון ספר,גרמים,800.00,100 גרם,false,,19.90,0.0249,true,1,176780
7290018440070,false,תרכיז עגבניות בשפורפרת 28BX בלה איטליה 200 ג',בלה איטליה Bella Italia,,תרכיז עגבניות בשפרפו,יחידה,0.00,יחידה,false,,7.90,0.0000,true,1,160799
7290018440193,false,פליפז בייגלה בציפוי קרם בטעם חמאת בוטנים מקוויטיס 140 גרם,שוורצקוף& הנקל דיסלד,,בייגלה בציפוי קרם בט,גרמים,140.00,100 גרם,false,,8.90,0.0636,true,1,166690
7290018440209,false,פליפז בייגלה בציפוי פאדג' לבן מקוויטיס 140 גרם,שוורצקוף& הנקל דיסלד,,בייגלה בציפוי פאדג',גרמים,140.00,100 גרם,false,,8.90,0.0636,true,1,166691
7290018440223,false,תה צ'אי מסאלה 25 שקיקים ויסוצקי,תה ויסוצקי,,צ'אי מסאלה,יחידה,25.00,יחידה,false,,21.90,0.8760,true,1,179874
7290018440230,false,תה צ'אי ורדים 25 שקיקים ויסוצקי,תה ויסוצקי,,צ'אי ורדים,יחידה,25.00,יחידה,false,,21.90,0.8760,true,1,179876
7290018440476,false,פליפז בייגלה מצופה בקרם עוגת גבינה ותותים מקוויטיס 140 גרם,אולקר מקבוצת פלאדיס,,פליפז- בייגלה מצופה,גרמים,140.00,100 גרם,false,,9.90,0.0707,true,1,179880
7290018471180,false,משקה פרוט& ווג' אננס תפוח גזר 1 ליטר,מיוצר עי קונדיטוריית,,פרוט & ווג' אננס תפו,ליטרים,1.00,ליטר,false,,12.90,12.9000,true,1,172889
7290018471197,false,פרוט & ווג' תפוח בננה מלון נענע 1 ליטר,פרוט אנד וג' Fruit & Veg,,פרוט & ווג' תפוח בננ,ליטרים,1.00,ליטר,false,,12.90,12.9000,true,1,172890
7290018471210,false,קרטונית נקטר ספרינג תפוח סברס 1 ליטר,"יפאורה תבורי בע""\מ",,ספרינג נקטר אגס תפוח,ליטרים,1.00,ליטר,false,,6.90,6.9000,true,1,172893
7290018471449,false,ספרינג שייק בננה תמר תפוז קרטונית 1 ליטר,"יפאורה תבורי בע""\מ",,ספרינג שייק בננה תמר,ליטרים,1.00,ליטר,false,,12.90,12.9000,true,1,175710
7290018471463,false,תפוזינה נקטר תפוז מנגו קרטונית 1 ליטר,"יפאורה תבורי בע""\מ",,תפוזינה נקטר תפוז מנ,ליטרים,1.00,ליטר,false,,6.90,6.9000,true,1,173150
7290018471470,false,תפוזינה נקטר תפוז פסיפלורה קרטונית 1 ליטר,"יפאורה תבורי בע""\מ",,תפוזינה נקטר תפוז פס,ליטרים,1.00,ליטר,false,,6.90,6.9000,true,1,173151
7290018471487,false,תפוזינה נקטר תפוז אננס קרטונית 1 ליטר,"יפאורה תבורי בע""\מ",,תפוזינה נקטר תפוז אנ,ליטרים,1.00,ליטר,false,,6.90,6.9000,true,1,173152
7290018471494,false,תפוזינה משקה תפוז גזר קרטונית 1 ליטר,"יפאורה תבורי בע""\מ",,תפוזינה משקה תפוז גז,ליטרים,1.00,ליטר,false,,6.90,6.9000,true,1,173153
7290018471548,false,"רביעיית ספרינג ענבים 250 מ""ל","יפאורה תבורי בע""\מ",,רביעיית ספרינג 250 מ,מיליליטרים,250.00,"100 מ""ל",false,,12.90,0.0516,true,1,172601
7290018471692,false,ספרינג שייק בננה אננס קוקוס פירות יער קרטונית 1 ליטר,"יפאורה תבורי בע""\מ",,ספרינג שייק בננה אננ,ליטרים,1.00,ליטר,false,,12.90,12.9000,true,1,175709
7290018471906,false,שוופס מוגז פירות לימונדה ורודה 1.5 ליטר פיקדון,"יפאורה תבורי בע""\מ",,שוופס מוגז פירות לימ,יחידה,0.00,יחידה,false,,8.90,0.0000,true,1,181482
7290018471913,false,משקה מוגז פירות תפוחים שוופס 1.5 ליטר,"יפאורה תבורי בע""\מ",,שוופס מוגז פירות תפו,יחידה,0.00,יחידה,false,,8.90,0.0000,true,1,181483
7290018471920,false,שוופס מוגז פירות ענבים 1.5 ליטר פיקדון,"יפאורה תבורי בע""\מ",,שוופס מוגז פירות ענב,יחידה,0.00,יחידה,false,,8.90,0.0000,true,1,181484
7290018471937,false,שוופס מוגז פירות תות ליים 1.5 ליטר פיקדון,"יפאורה תבורי בע""\מ",,שוופס מוגז פירות תות,יחידה,0.00,יחידה,false,,8.90,0.0000,true,1,181485
7290018471944,false,שוופס מוגז פירות לימונייד 1.5 ליטר פיקדון,"יפאורה תבורי בע""\מ",,שוופס מוגז פירות לימ,יחידה,0.00,יחידה,false,,8.90,0.0000,true,1,181486
7290018471951,false,שוופס מוגז פירות אשכולית אדומה 1.5 ליטר פיקדון,"יפאורה תבורי בע""\מ",,שוופס מוגז פירות אשכ,יחידה,0.00,יחידה,false,,8.90,0.0000,true,1,181487
7290018493700,false,"סבון ידיים ויטמינים לילדים כחול 500 מ""ל ד""ר פישר",מדי פישר,,קידס סבון ידים ויטמי,מיליליטרים,500.00,"100 מ""ל",false,,12.90,0.0258,true,1,178716
7290018493748,false,"ד""ר פישר - מגבונים להסרת איפור אקסטרה סופט 30 יח' * 3",פישר מעבדות פרמצבטיות בע,,פישר מגבונים להסרת א,יחידה,0.00,יחידה,false,,29.90,0.0000,true,1,178724
7290018493885,false,"ד""ר פישר - סרקל מרכך 750 מ""ל",פישר מעבדות פרמצבטיות בע,,"סרקל מרכך 750 מ""ל -",יחידה,0.00,יחידה,false,,19.90,0.0000,true,1,175363
7290018493892,false,"ד""ר פישר - קמיל בלו סנסיטיב אל סבון 750 מ""ל",פישר מעבדות פרמצבטיות בע,,קמיל בלו סנסיטב אל ס,יחידה,0.00,יחידה,false,,19.90,0.0000,true,1,175360
7290018493908,false,"ד""ר פישר - קמיל בלו סנסיטיב אל דמע 750 מ""ל",פישר מעבדות פרמצבטיות בע,,קמיל בלו סנסיטב אל ד,יחידה,0.00,יחידה,false,,19.90,0.0000,true,1,175361
7290018493915,false,"ד""ר פישר - שמן גוף לתינוק מעושר בשמן שקדים 200 מ""ל",פישר מעבדות פרמצבטיות בע,,דר פישר שמן גוף לתינ,יחידה,0.00,יחידה,false,,17.90,0.0000,true,1,190578
7290018500361,false,"לחם שחור פרוס 900 גרם ""אנג'ל"" -מוצר בפיקוח",מאפיית שלמה א. אנג'\ל בע,,לחם אחיד פרוס 900 גר,גרמים,900.00,100 גרם,false,,8.50,0.0094,true,1,190079
7290018500385,false,"חלה רגילה 650 גרם ""אנגל""-מוצר בפיקוח",מאפיית שלמה א. אנגל,,חלה רגילה 650 גרם,יחידה,0.00,יחידה,false,,6.60,0.0000,true,1,190085
7290018516324,false,פאוץ' פרינוק תפוח עץ עם שיבולת שועל 120 גרם,פרוטה פודווין איי.אס,,מחית פואץ' פרינוק תפ,יחידה,0.00,יחידה,false,,5.90,0.0000,true,1,189133
7290018516348,false,מחית פרינוק פאוץ' שיבולת שועל סלט פירות 120 גרם,פרוטה פודווין איי.אס,,מחית פואץ' פרינוק,יחידה,0.00,יחידה,false,,5.90,0.0000,true,1,189135
7290018516355,false,מחיט תפוח עץ ושבולות שועל 190 ג' פרינוק גוניור,פרוטה פודווין איי.אס,,גוניור תפע ש.שועל 1,יחידה,0.00,יחידה,false,,5.90,0.0000,true,1,189140
7290018516379,false,מחיט סלט פירות ושבולות שועל 190 ג' פרינוק גוניור,פרוטה פודווין איי.אס,,ס.פירו וש.ש 190 גרם,יחידה,0.00,יחידה,false,,5.90,0.0000,true,1,189141
7290018516393,false,פרמיו סופרים מיקס לחתול,פרמיו Premio,,פרמיו סופרים מיקס 3ק,יחידה,0.00,יחידה,false,,59.90,0.0000,true,1,190607
7290018540329,false,שקית פיתה פיתה בלדי 800 ג' אנג'ל,מאפיית שלמה א. אנג'\ל בע,,8 פיתות מיוחדות בשקי,יחידה,0.00,יחידה,false,,10.90,0.0000,true,1,170568
7290018540817,false,ארטיזנל לחם מחמצת כוסמין אנג'ל 500 גרם,מאפיית אורנים,,לחם ארטיזנל מחמצת כו,גרמים,500.00,100 גרם,false,,19.90,0.0398,true,1,181624
7290018540824,false,ארטיזנל לחם מחמצת כפרי אנג'ל 500 גרם,מאפיית אורנים,,לחם ארטיזנל מחמצת כפ,גרמים,500.00,100 גרם,false,,18.90,0.0378,true,1,181625
7290018540831,false,ארטיזנל לחם מחמצת חיטה מלאה ודגנים אנג'ל 500 גרם,מאפיית אורנים,,לחם ארטיזנל מחמצת חי,גרמים,500.00,100 גרם,false,,18.90,0.0378,true,1,181626
7290018564592,false,שף הטבע - שום כתוש בצנצנת 200 גרם,בני דרום,,שף הטבע- שום כתוש בצ,גרמים,200.00,100 גרם,false,,13.90,0.0695,true,1,190462
7290018608456,false,מגש שוהם מלבני גדול שקוף לאירוח אחת שתיים שמאי,,,שמאי מגש שוהם מלבני,יחידה,0.00,יחידה,false,,7.90,0.0000,true,1,174758
7290018608470,false,מגש שוהם מרובע ענק שקוף לאירוח אחת שתיים שמאי,,,שמאי מגש שוהם מרובע,יחידה,0.00,יחידה,false,,16.90,0.0000,true,1,174760
7290018608494,false,תבניות ארוזות גדולות R31 7 יח' ר. שמאי,,,תבניות ארוזות R31 =ח,יחידה,0.00,יחידה,false,,8.90,0.0000,true,1,176320
7290018608500,false,תבניות ארוזות בינוני R2 7 יח' ר. שמאי,,,ר.שמאי תבניות ארוזות,יחידה,0.00,יחידה,false,,8.90,0.0000,true,1,176660
7290018608524,false,תבניות ארוזות קטנות R29 12 יח' ר. שמאי,,,ר.שמאי תבניות ארוזות,יחידה,0.00,יחידה,false,,8.90,0.0000,true,1,176661
7290018608531,false,תבניות ארוזות אינגלש ארוכות R88 12 יח' ר. שמאי,,,ר.שמאי תבניות ארוזות,יחידה,0.00,יחידה,false,,8.90,0.0000,true,1,176659
7290018608548,false,תבניות ארוזות R15 חדש אינגליש קצר 12 יחי ר. שמאי כשלפ עדח,,,ר.שמאי תבניות ארוזות,יחידה,0.00,יחידה,false,,8.90,0.0000,true,1,176662
7290018608555,false,תבניות ארוזות עגול גדול 5 יחי ר. שמאי,,,ר.שמאי תבניות ארוזות,יחידה,0.00,יחידה,false,,8.90,0.0000,true,1,176663
7290018608562,false,תבניות ארוזות עגולות קטנות C7 7 יח' ר. שמאי,,,ר.שמאי תבניות ארוזות,יחידה,0.00,יחידה,false,,8.90,0.0000,true,1,176664
7290018608623,false,צלחות ענקיות 10' עלי דקל מתכלות שמאי 10 יח',,,שמאי- צלחות ענקיות 1,יחידה,0.00,יחידה,false,,14.90,0.0000,true,1,179086
7290018608630,false,צלחות גדולות 8' עלי דקל מתכלות שמאי 10 יח',,,שמאי- צלחות גדולות 8,יחידה,0.00,יחידה,false,,13.90,0.0000,true,1,179087
7290018608647,false,צלחות קטנות 7' עלי דקל מתכלות שמאי 10 יח',,,שמאי- צלחות קטנות 7,יחידה,0.00,יחידה,false,,11.90,0.0000,true,1,179088
7290018608661,false,מגשיות 9' עלי דקל מתכלות שמאי 10 יח',,,שמאי- מגשיות 9/6 עלי,יחידה,0.00,יחידה,false,,14.90,0.0000,true,1,179090
7290018608685,false,מפיות מודפס 20 יח' שמאי רובין,,,מפיות מודפס 20 יח,יחידה,0.00,יחידה,false,,4.90,0.0000,true,1,189329
7290018608807,false,צלחות גדולות מרובע מתכלות שמאי 12 יחידות,,,צלחות יוניק גדול מרו,יחידה,0.00,יחידה,false,,8.90,0.0000,true,1,179102
7290018608852,false,צלחות קטנות 50 יח' ר.שמאי,,,צלחות קטנות מתכלות 5,יחידה,0.00,יחידה,false,,16.90,0.0000,true,1,179106
7290018657096,false,טוסטר גריל זוגי מהוד,,,טוסטר גריל זוגי מהוד,יחידה,0.00,יחידה,false,,89.90,0.0000,true,1,188119
7290018687154,false,הום נוזל כלים 1.5 לי,,,הום נוזל כלים 1.5 לי,יחידה,0.00,יחידה,false,,12.90,0.0000,true,1,178843
7290018687659,false,הום קפסולות מרוכזות,,,הום קפסולות מרוכזות,יחידה,0.00,יחידה,false,,29.90,0.0000,true,1,176729
7290018687666,false,הום נוזל כלים לימון,,,הום נוזל כלים לימון,יחידה,0.00,יחידה,false,,9.90,0.0000,true,1,176739
7290018687673,false,הום ג'ל כביסה 3 ליטר,,,הום ג'ל כביסה 3 ליטר,יחידה,0.00,יחידה,false,,24.90,0.0000,true,1,176738
7290018687796,false,הום ג'ל כביסה אוקסי,,,הום ג'ל כביסה אוקסי,ליטרים,3.00,ליטר,false,,19.90,6.6333,true,1,179798
7290018687819,false,הום ג'ל מנקה אסלות 7,,,הום ג'ל מנקה אסלות 7,מיליליטרים,750.00,"100 מ""ל",false,,8.90,0.0119,true,1,179800
7290018687826,false,הום ג'ל כביסה 5 ל' כ,,,הום ג'ל כביסה 5 ל' כ,ליטרים,5.00,ליטר,false,,34.90,6.9800,true,1,179801
7290018687833,false,הום ג'ל כביסה 5 ל' י,,,הום ג'ל כביסה 5 ל' י,ליטרים,5.00,ליטר,false,,34.90,6.9800,true,1,179802
7290018708040,false,חלבה שאמית וניל עם פיסטוק פרימיום 500ג',,,חלבה שאמית ונילעם פי,גרמים,500.00,100 גרם,false,,25.90,0.0518,true,1,171857
7290018708057,false,חלבה שאמית וניל עם מיקס פיצוחים פרימיום 500ג',,,חלבה שאמית וניל עם מ,גרמים,500.00,100 גרם,false,,25.90,0.0518,true,1,172681
7290018708118,false,חלבה וניל פיסטוק ללא סוכר בארכה 350 גרם,בארכה,,בארכה חלבה וניל פיסט,גרמים,350.00,100 גרם,false,,15.90,0.0454,true,1,184813
7290018708125,false,בארכה חלבה מסולסלת וניל 250 גרם,בארכה,,בארכה חלבה מסולסלת ו,גרמים,250.00,100 גרם,false,,15.90,0.0636,true,1,184817
7290018708200,false,מארז חלבה בטעם שוקו 18*40 ג' אלהילאל,,,מארז חטיפים שוקו 40*,גרמים,720.00,100 גרם,false,,19.90,0.0276,true,1,186626
7290018708217,false,מארז חלבה בטעם וניל 18*40 ג' אלהילאל,,,מארז חטיפים וניל 40*,גרמים,720.00,100 גרם,false,,19.90,0.0276,true,1,186625
7290018715154,false,קברנה סוביניון,,,קברנה סוביניון,יחידה,0.00,יחידה,false,,99.90,0.0000,true,1,192289
7290018720011,false,ביסקוויט קרנבל חיות בטעם וניל 250 ג' מעדני מלך,הגביע מוצרי וופלים,,קרנבל חיות 250 גרם,גרמים,250.00,100 גרם,false,,6.90,0.0276,true,1,179689
7290018720028,false,קרנבל אותיות ביסקוויט בטעם חמאה 250 ג' מעדני מלך,הגביע מוצרי וופלים,,אותיות 250 גרם,גרמים,250.00,100 גרם,false,,6.90,0.0276,true,1,179690
7290018720059,false,WOK פרורי פנקו מוזהבים בסגנון יפני 250 גר',"י.א ברמן בע""מ-מאפיית",,מעדני מלך פרורי פנקו,יחידה,0.00,יחידה,false,,7.90,0.0000,true,1,190688
7290018720226,false,פצפוצי אורז מעדני מלך 250 גרם,אשבל מזון פונקציונלי,,מעדני מלך פצפוצי אור,גרמים,250.00,100 גרם,false,,10.90,0.0436,true,1,190685
7290018770221,false,שמן זית כתית מעולה ד,,,שמן זית כתית מעולה ד,מיליליטרים,750.00,"100 מ""ל",false,,34.90,0.0465,true,1,179284
7290018825020,false,תפוח אדמה גורמה דוד משה,חבל מעון,,דוד משה גורמה,קילוגרמים,1.00,"ק""ג",true,,6.90,6.9000,true,1,178718
7290018825235,false,דוד משה קטנטנים לאפי,,,דוד משה קטנטנים לאפי,קילוגרמים,1.00,"ק""ג",true,,5.90,5.9000,true,1,178713
7290018835005,false,אקסטרה צ'יפס אורז חום מלא מלח פלפל שמן זית 60 גרם,נוהלס ג'י אס סי.,BG,אקסטרה צ'יפס אורז חו,גרמים,60.00,100 גרם,false,,6.90,0.1150,true,1,194930
7290018835043,false,תערובת תיבול סטייק מונטריאול 140 גרם,,IL,תערובת תיבול לסטייק,גרמים,140.00,100 גרם,false,,16.90,0.1207,true,1,194931
7290018867099,false,"יין אפוד הילה מלבק/סירה - 750 מ""ל",אפוד,,אפוד הילה אדום,מיליליטרים,750.00,"100 מ""ל",false,,69.90,0.0932,true,1,185892
7290018878002,false,אגו מיקס קרקר מצופה שוקולד חלב כרמית 55 גרם,"כרמית תעשיות ממתקים בע""\",,אגו מיקס קרקר מצופה,גרמים,55.00,100 גרם,false,,3.90,0.0709,true,1,182636
7290018878170,false,אגו שוקולד מריר 60% מוצקי קקאו 2*100גר,כרמית תעשיות ממתקים,,מארז זוג שוקולד מריר,גרמים,200.00,100 גרם,false,,9.90,0.0495,true,1,188273
7290018878224,false,עוגיות מיני קוקיס שוקולד בצנצנת כרמית 600 גרם,כרמית,,מיני קוקיס בטעם שוקו,גרמים,600.00,100 גרם,false,,18.90,0.0315,true,1,188275
7290018878231,false,"מיני קוקיס בטעם שוקולד לל""ס 700 גרם",Carmit,,מיני קוקיס בטעם שוקו,גרמים,600.00,100 גרם,false,,23.90,0.0398,true,1,188274
7290018879979,false,מרשמלו רגיל לבן בטעם וניל 150 גרם ויסטהיים,כרמית,,מרשמלו לבן בטעם וניל,גרמים,150.00,100 גרם,false,,5.90,0.0393,true,1,182635
7290018890202,false,"משקה פירות יער ג'ת 250 מ""ל",,,משקה יפירות יער 250,גרמים,250.00,100 גרם,false,,5.90,0.0236,true,1,176703
7290018890608,false,מעדן יוגורט גרנולה שוקולד אגוזי לוז 170 ג' ג'ת,,,יוגורט גרנולה שוקולד,יחידה,0.00,יחידה,false,,5.90,0.0000,true,1,181360
7290018890806,false,יוגורט בטעם פירות יער 1 ל',,,יוגורט פירות יער 1 ל,ליטרים,1.00,ליטר,false,,14.90,14.9000,true,1,178625
7290018893005,false,"חטיפי בייגלה אפוי בטעם חרדל ודבש, 160 גרם",SC ALKA TRADING CO S,,בייגלה בטעם חרדל דבש,גרמים,160.00,100 גרם,false,,6.90,0.0431,true,1,178546
7290018893081,false,עוגות מגולגלות במילוי קרם חלבי וציפוי בטעם שוקולד,צ'וקטה Chocketa,,צ'וקטה עוגה אישיות מ,גרמים,222.00,100 גרם,false,,9.90,0.0446,true,1,177311
7290018893111,false,צ'וקטה שוקולד מריר בלגי 70% 100 גרם,צ'וקטה Chocketa,,צ'וקטה שוקולד מריר ב,יחידה,0.00,יחידה,false,,8.90,0.0000,true,1,188670
7290018893128,false,צ'וקטה שוקולד חלב בלגי 34% 100 גרם,צ'וקטה Chocketa,,צ'וקטה שוקולד חלב בל,יחידה,0.00,יחידה,false,,8.90,0.0000,true,1,188671
7290018893258,false,צ'וקטה עוגות אישיות במילוי קרם קרמל ובציפוי בטעם שוקולד 300 גרם,פרדי קונדטוריה אס פי,,צוקטה עוגות אישיות ק,יחידה,0.00,יחידה,false,,14.90,0.0000,true,1,177319
7290018893289,false,צ'וקטה עוגות מגולגלות בטעם קקאו במילוי קרם קקאו וציפוי בטעם שוקולד 6 יח' 222 גרם,צ'וקטה Chocketa,,צ'וקטה עוגה אישית מג,יחידה,6.00,יחידה,false,,9.90,1.6500,true,1,177310
7290018893319,false,צ'וקטה שוקולד מריר בלגי 85% 100 גרם משולש K,צ'וקטה Chocketa,,צ'וקטה שוקולד מריר ב,יחידה,0.00,יחידה,false,,8.90,0.0000,true,1,188669
7290018893487,false,צוקטה עוגות אישיות בטעם קוקוס-350 גרם,פרדי קונדטוריה אס פי,,צ'וקטה עוגות אישיות,גרמים,350.00,100 גרם,false,,14.90,0.0426,true,1,177312
7290018893500,false,צ'וקטה עוגיות סנדביץ שוקו 180 גרם חלב נכרי,צ'וקטה Chocketa,,צ'וקטה עוגיות סנדביץ,גרמים,180.00,100 גרם,false,,4.90,0.0272,true,1,188664
7290018893661,false,עוגות אישיות במילוי קרם קקאו ציפוי בטעם שוקולד מריר,"פרדי קונדיטוריה אס,פי.אי",,צוקטה עוגה אישיות מצ,יחידה,0.00,יחידה,false,,10.90,0.0000,true,1,177320
7290018893876,false,עוגות אישיות רכות עם מילוי קרם בטעם וניל,פרדי קונדיטוריה אס פ,,צוקטה עוגות אישיות ו,גרמים,200.00,100 גרם,false,,10.90,0.0545,true,1,177322
7290018893906,false,עוגיות סנדוויץ' במילוי קרם בטעם וניל,צ'וקטה Chocketa,,צ'וקטה עוגיות סנדביץ,גרמים,250.00,100 גרם,false,,6.90,0.0276,true,1,188666
7290018894217,false,עוגות אישיות במילוי קרם קקאו ובציפוי קרם קקאו,בלקוני Balconi,,בלקוני עוגות אישיות,גרמים,350.00,100 גרם,false,,14.90,0.0426,true,1,183817
7290018894804,false,וופלים במילוי קרם אגוזי לוז - חלבי,בלקוני Balconi,,בלקוני וופל אגוזי לו,גרמים,175.00,100 גרם,false,,7.90,0.0451,true,1,183815
7290018904008,false,שבקייה מארז 400 גרם,,,שבקייה מארז 400 גרם,גרמים,400.00,100 גרם,false,,22.90,0.0572,true,1,179766
7290018904206,false,עוגת סולת 300 גרם,,,עוגת סולת 300 גרם,גרמים,300.00,100 גרם,false,,19.90,0.0663,true,1,192685
7290018904329,false,בקלאוה 600 גרם,,,בקלאוה 600 גרם,גרמים,600.00,100 גרם,false,,29.90,0.0498,true,1,190237
7290018904336,false,בקלאוה סושי 300 גרם,,,בקלאוה סושי 300 גרם,גרמים,300.00,100 גרם,false,,22.90,0.0763,true,1,190238
7290018904343,false,וואלה בקלאוה 400 גרם,,,וואלה בקלאוה 400 גרם,גרמים,400.00,100 גרם,false,,29.90,0.0747,true,1,190239
7290018921029,false,"ד""ר פישר - קמיל בלו מגבוני סנסיטיב 64 יח' * 4",פישר מעבדות פרמצבטיות בע,,רביעיית מגבונים קמיל,יחידה,0.00,יחידה,false,,22.90,0.0000,true,1,178725
7290018921067,false,"ד""ר פישר - אפקטיב קר תחליב רחצה שמן שקדים 700 מ""ל",פישר מעבדות פרמצבטיות בע,,אפקטיב קר תחליב רחצה,מיליליטרים,700.00,"100 מ""ל",false,,16.90,0.0241,true,1,181902
7290018921166,false,קמיל אל סבון להזנת העור מועשר באצות-ים 1 ליטר,פישר מעבדות פרמצבטיות בע,,קמיל אל סבון היגייני,יחידה,0.00,יחידה,false,,16.90,0.0000,true,1,178729
7290018921616,false,רביעיית מגבוני קמיל בלו שיבולת שועל 64 יח',פישר תעשיות,,קמיל בלו רביעיית מגב,יחידה,0.00,יחידה,false,,22.90,0.0000,true,1,178726
7290018921654,false,"ד""ר פישר - אפקטיב קר תחליב רחצה תמצית לוונדר 700 מ""ל",פישר מעבדות פרמצבטיות בע,,אפקטיב קר תחליב רחצה,מיליליטרים,700.00,"100 מ""ל",false,,16.90,0.0241,true,1,181900
7290018925065,false,מיץ פרימור תפוזים סחוט 2 ליטר-,"גניר (1992) בע""מ",,מיץ תפוזים סחוט 2 לי,ליטרים,2.00,ליטר,false,,29.90,14.9500,true,1,181025
7290018925072,false,משקה קל לימונים ונענע 2 ל פרימור,"גניר (1992) בע""מ",,משקה קל לימונים ונענ,ליטרים,2.00,ליטר,false,,29.90,14.9500,true,1,181026
7290018925089,false,"מיץ פרימור תפו""ע צלול סחוט 2 ליטר-","גניר (1992) בע""מ",,מיץ תפוחים 100% צלול,ליטרים,2.00,ליטר,false,,29.90,14.9500,true,1,181027
7290018925096,false,משקה קל תפוזים פרימור 1.5 ליטר,פרימור,,משקה קל פרימור תפוזי,ליטרים,1.50,ליטר,false,,8.90,5.9333,true,1,181607
7290018925102,false,משקה קל ענבים פרימור 1.5 ליטר,פרימור,,משקה קל פרימור ענבים,ליטרים,1.50,ליטר,false,,8.90,5.9333,true,1,181611
7290018925119,false,משקה קל דיאט אשכוליות פרימור 1.5 ליטר,פרימור,,משקה קל פרימור דאיט,ליטרים,1.50,ליטר,false,,8.90,5.9333,true,1,181612
7290018925126,false,משקה קל תפוחי עץ פרימור 1.5 ליטר,פרימור,,משקה קל פרימור תפוח,ליטרים,1.50,ליטר,false,,8.90,5.9333,true,1,181609
7290018925133,false,פרימור משקה קל מנגו ‏5‏.‏1‏ ליטר,פרימור,,משקה קל פרימור מנגו,ליטרים,1.50,ליטר,false,,8.90,5.9333,true,1,181614
7290018925140,false,משקה קל אשכוליות פרימור 1.5 ליטר,פרימור,,משקה קל פרימור אשכלי,ליטרים,1.50,ליטר,false,,8.90,5.9333,true,1,181610
7290018925157,false,משקה קל לימונים פרימור 1.5 ליטר,פרימור,,משקה קל פרימור לימונ,ליטרים,1.50,ליטר,false,,8.90,5.9333,true,1,181613
7290018925164,false,משקה קל תות בננה פרימור 1.5 ליטר,פרימור,,משקה קל פרימור תות ב,ליטרים,1.50,ליטר,false,,8.90,5.9333,true,1,181608
7290018925409,false,"מיץ לימון ואננס 400 מ""ל פרימור",קריות זול,,מיץ לימון ואננס 400,מיליליטרים,400.00,"100 מ""ל",false,,8.90,0.0223,true,1,191109
7290018925416,false,"מיץ לימון ופסיפלורה 400 מ""ל פרימור",קריות זול,,מיץ לימון ופסיפלורה,מיליליטרים,400.00,"100 מ""ל",false,,8.90,0.0223,true,1,191108
7290018929209,false,ניילון לכיסוי מזון 30 יח' SHINY,,,שייני ניילון לכיסוי,יחידה,0.00,יחידה,false,,7.90,0.0000,true,1,183883
7290018935590,false,שמאי כפיות איכותי מע,,,שמאי כפיות איכותי מע,יחידה,20.00,יחידה,false,,4.90,0.2450,true,1,190671
7290018935811,false,כוסות פלסטיק איכותי 75 יחידות 180cc,,,כוסות שתיה קרה 75 יח,יחידה,0.00,יחידה,false,,7.90,0.0000,true,1,189328
7290018972373,false,פרוזן פולי סויה אדממה 450 גרם,זהיג'אנג קינגשור,,פרוזן אדממה 450 גרם,גרמים,450.00,100 גרם,false,,9.90,0.0220,true,1,184489
7290018972625,false,פרוזן במיה 600 גר' קהילות,,,פרוזן במיה 600 גרם,יחידה,0.00,יחידה,false,,10.90,0.0000,true,1,190186
7290018972632,false,ארטישוק תחתיות 400 גר' קהילות,,,פרוזן ארטישוק תחתיות,יחידה,0.00,יחידה,false,,10.90,0.0000,true,1,190187
7290018972649,false,פרוזן פול ירוק 600 גר' קהילות,,,פרוזן פול ירוק 600 ג,יחידה,0.00,יחידה,false,,10.90,0.0000,true,1,190188
7290018989005,false,שלישיית פולפה עגבניות טבעי יכין 400X3 גרם,זנלכל,,פולפה טבעית 3*400 גר,גרמים,1200.00,100 גרם,false,,16.90,0.0141,true,1,188322
7290018989128,false,סירופ בטעם ענבים 1 ליטר יכין,"זנלכל בע""\מ",,יכין סירופ בטעם ענבי,ליטרים,1.00,ליטר,false,,18.90,18.9000,true,1,189109
7290018989135,false,יכין סירופ בטעם פטל 1 ליטר,"זנלכל בע""\מ",,יכין סירופ בטעם פטל,ליטרים,1.00,ליטר,false,,18.90,18.9000,true,1,189110
7290019015154,false,"מבשם אוויר בוהו 250 מ""ל",,,מבשם אווירה בוהו פרח,יחידה,0.00,יחידה,false,,29.90,0.0000,true,1,182531
7290019015185,false,"דפיוזר בוהו 200 מ""ל",,,דפיוזר בוהו,יחידה,0.00,יחידה,false,,49.90,0.0000,true,1,182532
7290019015796,false,"קערה קטנה 15 ס""מ במב",,,קערה קטנה,יחידה,0.00,יחידה,false,,14.90,0.0000,true,1,188308
7290019056027,false,שוופס מוגז פירות תפוחים ללא סוכר 1.5 ליטר פיקדון,"יפאורה תבורי בע""\מ",,שוופס מוגז פירות תפו,יחידה,0.00,יחידה,false,,8.90,0.0000,true,1,181491
7290019056034,false,שוופס מוגז פירות אננס ללא סוכר 1.5 ליטר פיקדון,"יפאורה תבורי בע""מ",,שוופס מוגז פירות אננ,יחידה,0.00,יחידה,false,,8.90,0.0000,true,1,181492
7290019056041,false,שוופס מוגז פירות לימונייד ללא סוכר 1.5 ליטר פיקדון,"יפאורה תבורי בע""מ",,שוופס מוגז פירות לימ,יחידה,0.00,יחידה,false,,8.90,0.0000,true,1,181493
7290019056058,false,שוופס מוגז עדין תפוח ליים 1.5 ליטר פיקדון,"יפאורה תבורי בע""\מ",,שוופס מוגז עדין תפוח,יחידה,0.00,יחידה,false,,8.90,0.0000,true,1,181494
7290019056065,false,שוופס מוגז עדין פירות יער 1.5 ליטר פיקדון,"יפאורה תבורי בע""\מ",,שוופס מוגז עדין פירו,יחידה,0.00,יחידה,false,,8.90,0.0000,true,1,181495
7290019056072,false,שוופס מוגז עדין אננס 1.5 ליטר פיקדון,מיוצר עי קונדיטוריית,,שוופס מוגז עדין אננס,יחידה,0.00,יחידה,false,,8.90,0.0000,true,1,181496
7290019056089,false,שוופס מוגז עדין ענבי ריזלינג 1.5 ליטר פיקדון,"יפאורה תבורי בע""\מ",,שוופס מוגז עדין ענבי,יחידה,0.00,יחידה,false,,8.90,0.0000,true,1,181497
7290019056096,false,שוופס מוגז עדין אפרסק 1.5 ליטר פיקדון,"יפאורה תבורי בע""\מ",,שוופס מוגז עדין אפרס,יחידה,0.00,יחידה,false,,8.90,0.0000,true,1,181498
7290019056119,false,שוופס סודה 1.5 ליטר פיקדון,"יפאורה תבורי בע""\מ",,שוופס סודה 1.5 ל',יחידה,0.00,יחידה,false,,3.20,0.0000,true,1,181499
7290019056126,false,שוופס סודה לימון 1.5 ליטר בק' בודד פיקדון,"יפאורה תבורי בע""\מ",,שוופס סודה לימון 1.5,יחידה,0.00,יחידה,false,,3.50,0.0000,true,1,181500
7290019056157,false,שוופס סודה פירות יער 1.5 ליטר בק' בודד פיקדון,יפאורה תבורי,,שוופס סודה פירות יער,יחידה,0.00,יחידה,false,,4.50,0.0000,true,1,181503
7290019056164,false,שוופס סודה 1.5 ליטר רביעייה פיקדון,"יפאורה תבורי בע""\מ",,שוופס סודה 1.5 ל' רב,יחידה,0.00,יחידה,false,,12.90,0.0000,true,1,181504
7290019056171,false,מארז רביעיית סודה בטעם לימון 1.5 ל' שוופס,"יפאורה תבורי בע""\מ",,שוופס סודה לימון 1.5,יחידה,0.00,יחידה,false,,12.90,0.0000,true,1,181505
7290019056188,false,מארז רביעיית סודה בטעם נענע ליים 1.5 ל' שוופס,"יפאורה תבורי בע""\מ",,שוופס סודה נענע ליים,יחידה,0.00,יחידה,false,,12.90,0.0000,true,1,181506
7290019056201,false,מארז רביעיית סודה בטעם פירות יער 1.5 ל' שוופס,"יפאורה תבורי בע""\מ",,שוופס סודה פירות יער,יחידה,0.00,יחידה,false,,12.90,0.0000,true,1,181508
7290019056232,false,משקה מוגז בטעם ליים מוחיטו 1.5 ל' שוופס,"יפאורה תבורי בע""\מ",,שוופס ליים מוחיטו 1.,יחידה,0.00,יחידה,false,,8.90,0.0000,true,1,181509
7290019056249,false,שוופס מים בטעמים ענבים 1.5 ליטר פיקדון,מיוצר עי קונדיטוריית,,שוופס מים בטעמים ענב,יחידה,0.00,יחידה,false,,7.90,0.0000,true,1,181510
7290019056256,false,שוופס מים בטעמים תפוחים 1.5 ליטר פיקדון,מיוצר עי קונדיטוריית,,שוופס מים בטעמים תפו,יחידה,0.00,יחידה,false,,7.90,0.0000,true,1,181511
7290019056263,false,שוופס מים בטעמים אפרסק 1.5 ליטר פיקדון,מיוצר עי קונדיטוריית,,שוופס מים בטעמים אפר,יחידה,0.00,יחידה,false,,7.90,0.0000,true,1,181512
7290019056270,false,שוופס מים בטעמים פירות יער 1.5 ליטר פיקדון,"יפאורה תבורי בע""\מ",,שוופס מים בטעמים פיר,יחידה,0.00,יחידה,false,,7.90,0.0000,true,1,181513
7290019056294,false,משקה בטעם גינגר אייל 1.5 ל' שוויפס,"יפאורה תבורי בע""\מ",,שוופס ג'ינג'ר אייל 1,יחידה,0.00,יחידה,false,,12.90,0.0000,true,1,181515
7290019056300,false,משקה בטעם ביטר לימון 1.5 ל' שוויפס,"יפאורה תבורי בע""\מ",,שוופס ביטר למון 1.5,יחידה,0.00,יחידה,false,,12.90,0.0000,true,1,181516
7290019056317,false,שוופס ראשן 1.5 ליטר פיקדון,"יפאורה תבורי בע""\מ",,שוופס ראשן 1.5 ל',יחידה,0.00,יחידה,false,,12.90,0.0000,true,1,181517
7290019056324,false,משקה בטעם טוניק 1.5 ל' שוופס,"יפאורה תבורי בע""\מ",,שוופס טוניק 1.5 ל',יחידה,0.00,יחידה,false,,12.90,0.0000,true,1,181518
7290019056331,false,משקה בטעם טוניק ללא סוכר 1.5 ל' שוופס,מיוצר עי קונדיטוריית,,שוופס טוניק ללא סוכר,יחידה,0.00,יחידה,false,,12.90,0.0000,true,1,181519
7290019056355,false,תפוזינה לימונדה MIX לימונענע 1.5 ליטר,"יפאורה תבורי בע""\מ",,תפוזינה לימונענע 1.5,יחידה,0.00,יחידה,false,,8.90,0.0000,true,1,181520
7290019056362,false,תפוזינה ענבים 1.5 ליטר פיקדון,"יפאורה תבורי בע""\מ",,תפוזינה ענבים 1.5 ל',יחידה,0.00,יחידה,false,,8.90,0.0000,true,1,181521
7290019056379,false,תפוזינה תפוזים 1.5 ליטר פיקדון,"יפאורה תבורי בע""\מ",,תפוזינה תפוזים 1.5 ל,יחידה,0.00,יחידה,false,,8.90,0.0000,true,1,181522
7290019056386,false,פתוזינה אשכולית 1.5 ליטר פיקדון,"יפאורה תבורי בע""\מ",,תפוזינה אשכוליות 1.5,יחידה,0.00,יחידה,false,,8.90,0.0000,true,1,181523
7290019056393,false,תפוזינה תות בננה 1.5 ליטר פיקדון,"יפאורה תבורי בע""\מ",,תפוזינה תות בננה 1.5,יחידה,0.00,יחידה,false,,8.90,0.0000,true,1,181524
7290019056409,false,תפוזינה מנגו 1.5 ליטר פיקדון,"יפאורה תבורי בע""\מ",,תפוזינה מנגו 1.5 ל',יחידה,0.00,יחידה,false,,8.90,0.0000,true,1,181525
7290019056416,false,מיץ בטעם לימונדה ורודה 1.5 ל' תפוזינה,"יפאורה תבורי בע""\מ",,תפוזינה לימונדה ורוד,יחידה,0.00,יחידה,false,,8.90,0.0000,true,1,181526
7290019056423,false,מיץ בטעם תפוח רענן 1.5ל' תפוזינה,"יפאורה תבורי בע""\מ",,תפוזינה תפוחים 1.5 ל,יחידה,0.00,יחידה,false,,8.90,0.0000,true,1,181527
7290019056430,false,תפוזינה תפוזים לייט 1.5 ליטר פיקדון,"יפאורה תבורי בע""\מ",,תפוזינה תפוזים לייט,יחידה,0.00,יחידה,false,,8.90,0.0000,true,1,181528
7290019056447,false,תפוזינה אשכוליות לייט 1.5 ליטר פיקדון,"יפאורה תבורי בע""\מ",,תפוזינה אשכוליות ליי,יחידה,0.00,יחידה,false,,8.90,0.0000,true,1,181529
7290019056478,false,ספרינג טי קר אפרסק 1.5ליטר פיקדון,"יפאורה תבורי בע""\מ",,ספרינג תה אפרסק 1.5,יחידה,0.00,יחידה,false,,7.90,0.0000,true,1,181532
7290019056492,false,ספרינג תה מנגו אפרסק 1.5 ליטר פיקדון,"יפאורה תבורי בע""\מ",,ספרינג תה מנגו אפרסק,יחידה,0.00,יחידה,false,,7.90,0.0000,true,1,181534
7290019056508,false,fruit water פרוט ווטר ענבים 1.5 ליטר-,"יפאורה תבורי בע""\מ",,פרוט ווטר ענבים 1.5,יחידה,0.00,יחידה,false,,8.90,0.0000,true,1,181535
7290019056515,false,fruit water פרוט ווטר אננס 1.5 ליטר-,"יפאורה תבורי בע""\מ",,פרוט ווטר אננס 1.5 ל,יחידה,0.00,יחידה,false,,8.90,0.0000,true,1,181536
7290019056522,false,מים בטעם תות 1.5 ל' פרוט וואטר,"יפאורה תבורי בע""\מ",,פרוט ווטר תות 1.5 ל',יחידה,0.00,יחידה,false,,8.90,0.0000,true,1,181537
7290019056539,false,fruit water פרוט ווטר אפרסק 1.5 ליטר-,"יפאורה תבורי בע""\מ",,פרוט ווטר אפרסק 1.5,יחידה,0.00,יחידה,false,,8.90,0.0000,true,1,181538
7290019056546,false,fruit water פרוט ווטר אבטיח 1.5 ליטר-,"יפאורה תבורי בע""\מ",,פרוט ווטר אבטיח 1.5,יחידה,0.00,יחידה,false,,8.90,0.0000,true,1,181539
7290019056553,false,שישיית מים מינרלים עין גדי 2 ליטר,עין גדי מיים מינרלים,,עין גדי 2 ל' שישיות,ליטרים,2.00,ליטר,false,,13.80,6.9000,true,1,181258
7290019056577,false,משקה קל מנגו ספרינג 1.5 ליטר,"יפאורה תבורי בע""\מ",,ספרינג מנגו 1.5 ל',יחידה,0.00,יחידה,false,,8.90,0.0000,true,1,181541
7290019056584,false,משקה קל תפוזים ספרינג 1.5 ליטר,"יפאורה תבורי בע""\מ",,ספרינג תפוזים 1.5 ל',יחידה,0.00,יחידה,false,,8.90,0.0000,true,1,181542
7290019056591,false,משקה קל ענבים ספרינג 1.5 ליטר,"יפאורה תבורי בע""\מ",,ספרינג ענבים 1.5 ל',יחידה,0.00,יחידה,false,,8.90,0.0000,true,1,181543
7290019056607,false,משקה קל תפוחים ספרינג 1.5 ליטר,"יפאורה תבורי בע""\מ",,ספרינג תפוחים 1.5 ל',יחידה,0.00,יחידה,false,,8.90,0.0000,true,1,181544
7290019056614,false,משקה קל אפרסק ספרינג 1.5 ליטר,"יפאורה תבורי בע""\מ",,ספרינג אפרסק 1.5 ל',יחידה,0.00,יחידה,false,,8.90,0.0000,true,1,181545
7290019056621,false,משקה קל פירות טרופיים ספרינג 1.5 ליטר,"יפאורה תבורי בע""\מ",,ספרינג פירות טרופיים,יחידה,0.00,יחידה,false,,8.90,0.0000,true,1,181546
7290019056638,false,משקה קל תות בננה ספרינג 1.5 ליטר,"יפאורה תבורי בע""\מ",,ספרינג תות בננה 1.5,יחידה,0.00,יחידה,false,,8.90,0.0000,true,1,181547
7290019056645,false,משקה קל אגס תפוח סברס ספרינג 1.5 ליטר,"יפאורה תבורי בע""\מ",,ספרינג אגס תפוח סברס,יחידה,0.00,יחידה,false,,8.90,0.0000,true,1,181548
7290019056652,false,משקה קל אננס בננה ספרינג 1.5 ליטר,"יפאורה תבורי בע""\מ",,ספרינג אננס בננה 1.5,יחידה,0.00,יחידה,false,,8.90,0.0000,true,1,181549
7290019056676,false,מיץ דיאט בטעם אשכוליות ואננס 1.5ל' ספרינג,"יפאורה תבורי בע""\מ",,ספרינג אשכוליות אננס,יחידה,0.00,יחידה,false,,8.90,0.0000,true,1,181551
7290019056720,false,קריסטל מיץ ענבים 2 ליטר פיקדון,"יפאורה תבורי בע""\מ",,קריסטל מיץ ענבים 2 ל,יחידה,0.00,יחידה,false,,7.90,0.0000,true,1,181555
7290019056737,false,מיץ בטעם אשכוליות 2 ל' קריסטל,"יפאורה תבורי בע""\מ",,קריסטל מיץ אשכוליות,יחידה,0.00,יחידה,false,,7.90,0.0000,true,1,181556
7290019056744,false,קריסטל מיץ תפוזים 2 ליטר פיקדון,"יפאורה תבורי בע""\מ",,קריסטל מיץ תפוזים 2,יחידה,0.00,יחידה,false,,7.90,0.0000,true,1,181557
7290019056751,false,קריסטל מיץ אשכוליות דיאט 2 ליטר פיקדון,"יפאורה תבורי בע""\מ",,קריסטל מיץ אשכוליות,יחידה,0.00,יחידה,false,,7.90,0.0000,true,1,181558
7290019056768,false,קריסטל מיץ מנגו 2 ליטר פיקדון,"יפאורה תבורי בע""\מ",,קריסטל מיץ מנגו 2 ל',יחידה,0.00,יחידה,false,,7.90,0.0000,true,1,181559
7290019056782,false,משקה מוגז בטעם לימון ליים 2 ל' קריסטל,"יפאורה תבורי בע""\מ",,קריסטל מוגז למון ליי,יחידה,0.00,יחידה,false,,7.90,0.0000,true,1,181561
7290019056799,false,קריסטל מוגז אקזוטי 2 ליטר פיקדון,"יפאורה תבורי בע""\מ",,קריסטל מוגז אקזוטי 2,יחידה,0.00,יחידה,false,,7.90,0.0000,true,1,181562
7290019056805,false,משקה מוגז בטעם תפוחים 2 ל' קריסטל,"יפאורה תבורי בע""\מ",,קריסטל מוגז תפוחים 2,יחידה,0.00,יחידה,false,,7.90,0.0000,true,1,181563
7290019056812,false,קריסטל מוגז מנטה 2 ליטר פיקדון,"יפאורה תבורי בע""\מ",,קריסטל מוגז מנטה 2 ל,יחידה,0.00,יחידה,false,,7.90,0.0000,true,1,181564
7290019056829,false,משקה מוגז בטעם תפוזים 2 ל' קריסטל,"יפאורה תבורי בע""\מ",,קריסטל מוגז תפוזים 2,יחידה,0.00,יחידה,false,,7.90,0.0000,true,1,181565
7290019056836,false,קריסטל מוגז תות 2 ליטר פיקדון,"יפאורה תבורי בע""\מ",,קריסטל מוגז תות 2 ל',יחידה,0.00,יחידה,false,,7.90,0.0000,true,1,181566
7290019056843,false,קריסטל מוגז קולה 2 ליטר פיקדון,"יפאורה תבורי בע""\מ",,קריסטל מוגז קולה 2 ל,יחידה,0.00,יחידה,false,,7.90,0.0000,true,1,181567
7290019056850,false,ספרינג תה אפרסק דיאט 1.5 ליטר פיקדון,"יפאורה תבורי בע""\מ",,ספרינג תה אפרסק דיאט,יחידה,0.00,יחידה,false,,7.90,0.0000,true,1,181568
7290019056881,false,סודה שוופס 1.5 ליטר,"יפאורה תבורי בע""מ",,שוופס סודה 1.5 ל',יחידה,0.00,יחידה,false,,3.20,0.0000,true,1,182234
7290019056942,false,מים מינרליים טבעיים,יפאורה,,עין גדי 2 ל' בק' בוד,ליטרים,2.00,ליטר,false,,4.20,2.1000,true,1,182077
7290019056966,false,מי עדן בקבוק פיקדון 1.5 ליטר,"מי עדן בע""מ",,מי עדן 1.5 ל' בק' בו,ליטרים,1.50,ליטר,false,,5.20,3.4667,true,1,182079
7290019056973,false,שישיית מי עדן 1.5 ליטר משפחתי,"מופק ממקור בזלתי עדן ,1",,מי עדן 1.5 ל' שישייה,ליטרים,1.50,ליטר,false,,14.90,9.9333,true,1,181181
7290019060062,false,אבוקדו אבו קינג 227 ג',,,אבוקדו האס מקסיקני,יחידה,0.00,יחידה,false,,9.90,0.0000,true,1,190480
7290019060215,false,טבעות בצל בטמפורה 1,,,טבעות בצל בטמפורה 1,גרמים,1000.00,100 גרם,false,,39.90,0.0399,true,1,194448
7290019060284,false,גרינז אפונה וגזר קפו,,,גרינז אפונה וגזר קפו,גרמים,800.00,100 גרם,false,,10.90,0.0136,true,1,190762
7290019060307,false,גרינז גזר גמדי 800 ג,,,גרינז גזר גמדי 800 ג,גרמים,800.00,100 גרם,false,,10.90,0.0136,true,1,190765
7290019060321,false,גרינז שעועית ירוקה ע,,,גרינז שעועית ירוקה ע,גרמים,800.00,100 גרם,false,,12.90,0.0161,true,1,190763
7290019060338,false,גרינז שעועית ירוקה ח,,,גרינז שעועית ירוקה ח,גרמים,800.00,100 גרם,false,,12.90,0.0161,true,1,190769
7290019060352,false,גרין גרעיני תירס 800 ג',,,גרינז גרעיני תירס 80,גרמים,800.00,100 גרם,false,,14.90,0.0186,true,1,190767
7290019060369,false,גרינז שעועית צהובה ח,,,גרינז שעועית צהובה ח,גרמים,800.00,100 גרם,false,,12.90,0.0161,true,1,190770
7290019074755,false,"תחליב רחצה שמן שקדים משאבה 700 מ""ל ד""ר פישר","ד""ר פישר",,אפקטיב קר תחליב רחצה,מיליליטרים,700.00,"100 מ""ל",false,,16.90,0.0241,true,1,188993
7290019075479,false,"ד""ר פישר - קמיל בלו קלאסיק שמפו לתינוק 1 ליטר",פישר מעבדות פרמצבטיות בע,IL,קמיל בלו שמפו ללא דמ,ליטרים,1000.00,100 ליטר,false,,32.00,0.0320,true,1,194010
7290019105091,false,נויה דילייטס סבון יד,,,נויה דילייטס סבון יד,מיליליטרים,500.00,"100 מ""ל",false,,14.90,0.0298,true,1,186127
7290019105329,false,נויה אל סבון נוזלי 1,,,נויה אל סבון נוזלי 1,ליטרים,1000.00,100 ליטר,false,,10.90,0.0109,true,1,192465
7290019105336,false,נויה אל סבון נוזלי,,,נויה אל סבון נוזלי,ליטרים,1000.00,100 ליטר,false,,10.90,0.0109,true,1,192466
7290019105497,false,נויה דילייטס סבון יד,,,נויה דילייטס סבון יד,מיליליטרים,500.00,"100 מ""ל",false,,14.90,0.0298,true,1,186129
7290019105527,false,נויה אל סבון נוזלי 1,,,נויה אל סבון נוזלי 1,ליטרים,1000.00,100 ליטר,false,,10.90,0.0109,true,1,192467
7290019105688,false,הום שלישיית מגבונים,,,הום שלישיית מגבונים,יחידה,50.00,יחידה,false,,19.90,0.3980,true,1,187038
7290019105725,false,נויה אל סבון נוזלי 1,,,נויה אל סבון נוזלי 1,ליטרים,1000.00,100 ליטר,false,,10.90,0.0109,true,1,192468
7290019105886,false,נויה דילייטס סבון יד,,,נויה דילייטס סבון יד,מיליליטרים,500.00,"100 מ""ל",false,,14.90,0.0298,true,1,186130
7290019153344,false,מיץ בטעם סנגרייה 1.5 ל' תפוזינה,"יפאורה תבורי בע""\מ",,תפוזינה סנגרייה 1.5,ליטרים,1.50,ליטר,false,,8.90,5.9333,true,1,189368
7290019153351,false,מיץ בטעם פינק אוזו 1.5 ל' תפוזינה,"יפאורה תבורי בע""\מ",,תפוזינה פינק אוזו 1.,ליטרים,1.50,ליטר,false,,8.90,5.9333,true,1,189370
7290019153375,false,מיץ בטעם מוחיטו 1.5 ל' תפוזינה,"יפאורה תבורי בע""\מ",,תפוזינה מוחיטו 1.5 ל,ליטרים,1.50,ליטר,false,,8.90,5.9333,true,1,189371
7290019229292,false,ג'ל כביסה 3 ליטר לכב,,,ג'ל כביסה 3 ליטר לכב,ליטרים,3.00,ליטר,false,,24.90,8.3000,true,1,190275
7290019229308,false,נוזל רצפה 2ל בניחוח,,,נוזל רצפה 2ל בניחוח,יחידה,0.00,יחידה,false,,12.90,0.0000,true,1,186051
7290019229315,false,נוזל רצפה 2ל בניחוח,,,נוזל רצפה 2ל בניחוח,יחידה,0.00,יחידה,false,,12.90,0.0000,true,1,186052
7290019229322,false,הום נוזל רצפה 2ל מתא,,,הום נוזל רצפה 2ל מתא,יחידה,0.00,יחידה,false,,12.90,0.0000,true,1,186053
7290019229384,false,הום נוזל כלים 1.5 לי,,,הום נוזל כלים 1.5 לי,ליטרים,1.50,ליטר,false,,12.90,8.6000,true,1,189487
7290019229391,false,הום נוזל כלים לימון,,,הום נוזל כלים לימון,ליטרים,1.00,ליטר,false,,9.90,9.9000,true,1,189486
7290019229476,false,הום נוזל רצפה 4 ליטר,,,הום נוזל רצפה 4 ליטר,יחידה,0.00,יחידה,false,,13.90,0.0000,true,1,190973
7290019229483,false,הום נוזל רצפה 4 ליטר,,,הום נוזל רצפה 4 ליטר,יחידה,0.00,יחידה,false,,13.90,0.0000,true,1,190972
7290019229513,false,הום מרכך כביסה מרוכז,,,הום מרכך כביסה מרוכז,יחידה,0.00,יחידה,false,,13.90,0.0000,true,1,190969
7290019232155,false,"חליטת ""לילה טוב"" קמומיל לבנדר ו25 שקיקים ויסוצקי",תה ויסוצקי,IL,"תה ""לילה טוב"" קמומיל",גרמים,37.50,100 גרם,false,,24.90,0.6640,true,1,195841
7290019232353,false,תה ירוק סיני 50 שקיקים ויסוצקי,תה ויסוצקי,,תה ירוק סיני 50 שקיק,יחידה,50.00,יחידה,false,,47.00,0.9400,true,1,191087
7290019232834,false,פליפז בייגלה מצופה קרם עוגיות ושוקולד מקוויטיס 140 גרם,אולקר מקבוצת פלאדיס,,פליפז בייגלה מצופה ק,גרמים,140.00,100 גרם,false,,8.90,0.0636,true,1,190183
7290019237075,false,עוגיות ספוג במילוי ק.וניל 12*35 ג' איסי קייק,,,עוגיות איסי קייק 420,גרמים,420.00,100 גרם,false,,9.90,0.0236,true,1,182612
7290019237082,false,עוגיות תאסטי קייק 42,,,עוגיות תאסטי קייק 42,גרמים,420.00,100 גרם,false,,9.90,0.0236,true,1,182613
7290019251101,false,קשים לשתייה מנייר 100 יח' ר.שמאי,,,שמאי קשים לשתיה מניי,יחידה,100.00,יחידה,false,,7.90,0.0790,true,1,190676
7290019251118,false,"קשים לשתיה=מתקפלים= מנייר 100 יח' 0.6*21 ס""מ מתכלה",,,שמאי קשים לשתיה מתקפ,יחידה,100.00,יחידה,false,,8.90,0.0890,true,1,190677
7290019251125,false,קשים מנייר מתקפלים לשתיה ארומה 50 יחי' שמאי,,,שמאי קשים לשתיה מניי,יחידה,50.00,יחידה,false,,7.90,0.1580,true,1,190678
7290019297437,false,מעדן אוכמניות ללא סוכר שקדיה 284 ג',לינוי סיטי,,שקדיה מעדן אוכמניות,גרמים,284.00,100 גרם,false,,12.90,0.0454,true,1,99745
7290019297505,false,"רוטב רימונים שקדיה 700 מ""ל",קארל קיוחנה,,שקדיה רוטב רימונים 7,מיליליטרים,700.00,"100 מ""ל",false,,22.90,0.0327,true,1,97638
7290019297512,false,"רוטב רימונים שקדיה 340 מ""ל בדץ",סיטוגלוגידה,,שקדיה רוטב רימונים 3,גרמים,340.00,100 גרם,false,,10.90,0.0321,true,1,97639
7290019302636,false,"קרומבכר בירה רביעייה 330 מ""ל",,,בירה לאגר בסגנון פיל,מיליליטרים,330.00,"100 מ""ל",false,,24.90,0.0755,true,1,194570
7290019376002,false,רוטב שום לימון מיוחד,,,רוטב שום לימון מיוחד,גרמים,500.00,100 גרם,false,,16.90,0.0338,true,1,188240
7290019428084,false,מארז רביעיית חבק רולים שוקו 100 גרם,"גילרו בע""מ",,מארז חבק רולים שוקו,יחידה,0.00,יחידה,false,,11.90,0.0000,true,1,193058
7290024486314,false,פרמיו בוגר עוף לכלב,,,פרמיו בוגר עוף לכלב,יחידה,0.00,יחידה,false,,5.90,0.0000,true,1,190608
7290024486550,false,פרמיו גור חתול 400ג',,,פרמיו גור חתול 400 ג,יחידה,0.00,יחידה,false,,5.90,0.0000,true,1,190609
7290024486628,false,פרמיו עוף לחתול 400,,,פרמיו עוף לחתול 400,יחידה,0.00,יחידה,false,,5.90,0.0000,true,1,190610
7290055090801,false,כרמית שוקולד לבן ללא תוספת סוכר 85 גרם,"כרמית תעשיות ממתקים בע""\",,"חופשי שוקולד לבן לל""",יחידה,0.00,יחידה,false,,7.50,0.0000,true,1,64774
7290089617074,false,פטריות מסליאטה מוחמצות 680 ג,,,פטריות מסליאטה מוחמצ,גרמים,680.00,100 גרם,false,,14.90,0.0219,true,1,177328
7290089617142,false,פטריות אופיאטה מוחמצפוסולסקי דבור 680 ג,,,פטריות אופיאטה מוחמצ,גרמים,680.00,100 גרם,false,,14.90,0.0219,true,1,177327
7290089617388,false,פטריות בורוביצקי מוחמצים 680 ג,,,פטריות בורוביצ'קי מו,גרמים,680.00,100 גרם,false,,14.90,0.0219,true,1,177330
7290100240137,false,"תרסיס למייבש כביסה כחול 500 מ""ל בדין","זוהר דליה, קיבוץ דליה, 1",,בדין למייבש כביסה כח,מיליליטרים,500.00,"100 מ""ל",false,,18.90,0.0378,true,1,55742
7290100240144,false,"בדין תרסיס למייבש כביסה ורוד 500 מ""ל","זוהר דליה, קיבוץ דליה, 1",,בדין למייבש כביסה ור,מיליליטרים,500.00,"100 מ""ל",false,,18.90,0.0378,true,1,55743
7290100240632,false,קרקר פתית 200-300ג' 6 דגנים 250 גרם,יוניליוור ישראל מזון בע\,,פתית 6 דגנים 250 גרם,גרמים,250.00,100 גרם,false,,14.90,0.0596,true,1,42543
7290100240656,false,"פתית שיפון בד""צ חדש 300X24 גר'",יוניליוור ישראל מזון בע\,,פתית שיפון 300 גרם,גרמים,300.00,100 גרם,false,,14.90,0.0497,true,1,40814
7290100243671,false,"מרכך כביסה מרוכז אקסטרה כחול בדין 960 מ""ל",יוניליוור סנאיי וי טיקאר,,בדין אקסטרא כחול 960,מיליליטרים,960.00,"100 מ""ל",false,,16.90,0.0176,true,1,41480
7290100245231,false,נמס בכוס מרק בטעם עוף עם אטריות ושקדי מרק-2 שקיות,יוניליוור ישראל מזון בע\,,נמס בכוס ועוד טעם עו,יחידה,0.00,יחידה,false,,6.90,0.0000,true,1,42549
7290100249598,false,"רוטב לעוף שום ודבש קנור 320 גרם בד""צ",יוניליוור ישראל מזון בע\,,רוטב לעוף שום ודבש ב,גרמים,320.00,100 גרם,false,,10.90,0.0341,true,1,27731
7290100249659,false,"רוטב לעוף צ'ילי מתוק ושום קנור 320 גרם בד""צ","יוניליוור ישראל מזון בע""",,רוטב לעוף צ'ילי שום,גרמים,310.00,100 גרם,false,,10.90,0.0352,true,1,81712
7290100341803,false,חטיף בונזו רצועות עו,בונזו,,בונזו חטיף רצועות עו,יחידה,0.00,יחידה,false,,5.90,0.0000,true,1,102110
7290100412756,false,"קרם ידיים לעור יבש פרחי בר ד""ר עור 100 מ""ל","אמיליה קוסמטיקס בע""מ",,קרם ידיים לעור יבש פ,יחידה,0.00,יחידה,false,,12.90,0.0000,true,1,152841
7290100412770,false,"ד""ר עור - תחליב רחצה קלאסי בניחוח מאסק 700 מ""ל","אמיליה קוסמטיקס בע""מ",,תחליב רחצה קלקסי מאס,יחידה,0.00,יחידה,false,,12.90,0.0000,true,1,152832
7290100412787,false,"ד""ר עור - תחליב רחצה קלאסי בניחוח פריחת הכותנה 700 מ""ל","אמיליה קוסמטיקס בע""מ",,תחליב רחצה קלקסי כות,יחידה,0.00,יחידה,false,,12.90,0.0000,true,1,152833
7290100412800,false,"תחליב רחצה לעור יבש וילד פלאור דר עור 700 מ""ל","אמיליה קוסמטיקס בע""מ",,תחליב רחצה לעור יבש,יחידה,0.00,יחידה,false,,12.90,0.0000,true,1,152839
7290100412831,false,תחליב רחצה אנטי אייג'ינג בניחוח וניל טרופי,"אמיליה קוסמטיקס בע""מ",,תחליב רחצה אנטי אייג,יחידה,0.00,יחידה,false,,12.90,0.0000,true,1,152843
7290100680650,false,מנה חמה נודלס-אטריות ירקות טעם תאילנדי אסם 76 ג',PUB FOODS PRESIDENT THAI,,מנה חמה נודלס-אטריות,יחידה,0.00,יחידה,false,,7.90,0.0000,true,1,43167
7290100680711,false,פירורית זהב אסם זהב 350ג',עינת תעשיות מזון אגו,,פירורית זהב שקית 350,גרמים,350.00,100 גרם,false,,9.90,0.0283,true,1,42637
7290100680728,false,פירורית רגילה שקית 350 גרם,מיוצר עי קונדיטוריית,,פירורית רגילה שקית 3,גרמים,350.00,100 גרם,false,,7.90,0.0226,true,1,44158
7290100681015,false,אינסטנט פודינג בטעם ריבת חלב אסם 84 גרם,מיוצר עי קונדיטוריית,,אסם פודינג אינסטנט ר,יחידה,0.00,יחידה,false,,5.50,0.0000,true,1,42595
7290100681138,false,מארז אפרופו חטיף תירס 3 יחידות,"אסם השקעות בע""\מ",,אפרופו מארז שלשיה 15,גרמים,150.00,100 גרם,false,,13.90,0.0927,true,1,42596
7290100681503,false,עסיס סירופ לימונענע דיאטטי 1 ליטר,בית-השיטה עסיס תעשיות מז,,עסיס סירופ דיאט בטעם,ליטרים,1.00,ליטר,false,,19.90,19.9000,true,1,27524
7290100683880,false,פירה אסם ללא צורך בבישול 260 גרם,"אסם השקעות בע""\מ",,אסם פירה רגיל 260 גר,גרמים,260.00,100 גרם,false,,15.90,0.0612,true,1,41661
7290100685136,false,"אבקת מרק בטעם עוף אסם 1 ק""ג","אסם השקעות בע""\מ",,"אסם מרק טעם עוף 1 ק""",קילוגרמים,1.00,"ק""ג",false,,15.90,15.9000,true,1,41085
7290100685334,false,אבקת מרק עוף אמיתי בשרי רכיבים טבעיים אסם 400 גרם,"אסם השקעות בע""\מ",,מרק עוף רכיבים טבעיי,גרמים,400.00,100 גרם,false,,21.90,0.0547,true,1,43171
7290100685341,false,אבקת מרק טעם עוף זך רכיבים טבעיים אסם 400 גרם,"אסם השקעות בע""\מ",,מרק טעם עוף זך רכיבי,גרמים,400.00,100 גרם,false,,18.90,0.0472,true,1,44162
7290100685938,false,עוגת הבית דבש ותפוח עץ עם פירורים 400 גר,"אסם תעשיות בע""מ",,עוגת דבש ותפוח עץ עם,גרמים,400.00,100 גרם,false,,17.90,0.0447,true,1,177273
7290100687109,false,במבה במילוי קרם נוגט 60ג' אסם,"אסם השקעות בע""\מ",,במבה במילוי קרם נוגט,יחידה,0.00,יחידה,false,,4.90,0.0000,true,1,43173
7290100689301,false,אבקת מרק בטעם עוף זך עדיף אסם 400 גרם,"אסם השקעות בע""\מ",,מרק עוף זך - עדיף 40,גרמים,400.00,100 גרם,false,,15.90,0.0398,true,1,41089
7290100700006,false,"חיטה סוגת 1 ק""ג","סוגת תעשיות בע""\מ",,"סוגת חיטה 1 ק""ג",קילוגרמים,1.00,"ק""ג",false,,8.90,8.9000,true,1,55774
7290100700020,false,גריסי פנינה 500 גרם סוגת,האי נאם סי או אל.טי.,,סוגת גריסי פנינה 200,גרמים,200.00,100 גרם,false,,4.90,0.0245,true,1,41091
7290100700068,false,סוגת שעועית צבעונית 500גרם,"סוגת תעשיות בע""מ",,סוגת שעועית צבעונית,גרמים,500.00,100 גרם,false,,11.90,0.0238,true,1,64473
7290100700242,false,"אורז מלא עגול 1 ק""ג סוגת","סוגת תעשיות בע""\מ",,סוגת אורז מלא עגול 1,קילוגרמים,1.00,"ק""ג",false,,9.90,9.9000,true,1,44169
7290100700273,false,קינואה לבנה 500 ג סו,האי נאם סי או אל.טי.,,סוגת קינואה 500 גרם,גרמים,500.00,100 גרם,false,,12.90,0.0258,true,1,114709
7290100700310,false,"סוגת כוסמת סוגת 1ק""ג","סוגת תעשיות בע""מ",,"סוגת כוסמת סוגת 1ק""ג",קילוגרמים,1.00,"ק""ג",false,,14.90,14.9000,true,1,42699
7290100700327,false,"גריסי פנינה סוגת 1 ק""ג","סוגת תעשיות בע""\מ",,סוגת גריסי פנינה 1 ק,גרמים,1000.00,100 גרם,false,,9.90,0.0099,true,1,41525
7290100700372,false,"אורז בסמטי מלא סוגת 1 ק""ג",האי נאם סי או אל.טי.,,סוגת אורז בסמטי מלא,קילוגרמים,1.00,"ק""ג",false,,13.90,13.9000,true,1,42701
7290100700396,false,"אורז יסמין קלאסי 1 ק""ג סוגת",האי נאם סי או אל.טי.,,סוגת אורז יסמין קלאס,קילוגרמים,1.00,"ק""ג",false,,12.90,12.9000,true,1,43176
7290100700402,false,"סוגת חומוס ענק 1 ק""ג",סוגת תעשיות בעמ,,"סוגת חומוס ענק 1 ק""ג",קילוגרמים,1.00,"ק""ג",false,,22.90,22.9000,true,1,42702
7290100700419,false,"סוגת בורגול 1 ק""ג","סוגת תעשיות בע""\מ",,"סוגת בורגול 1 ק""ג",גרמים,1000.00,100 גרם,false,,7.90,0.0079,true,1,44171
7290100700563,false,"סוגת אורז מיקס קלאסי 1 ק""ג",סוגת תעשיות בעמ,,"סוגת אורז מיקס 1 ק""ג",קילוגרמים,1.00,"ק""ג",false,,13.10,13.1000,true,1,41094
7290100700587,false,"בורגול ""סוגת"" 500 גרם",האי נאם סי או אל.טי.,,סוגת בורגול 500 גר,גרמים,500.00,100 גרם,false,,4.90,0.0098,true,1,41095
7290100701126,false,סוגת שעועית מש סוגת 500 גרם,סוגת תעשיות בעמ,,שעועית מש 500 גר,גרמים,500.00,100 גרם,false,,11.90,0.0238,true,1,34186
7290100701140,false,"אורז ריזוטו ארבוריו 1 ק""ג ""סוגת""","סוגת תעשיות בע""מ",,"אורז ריזוטו 1 ק""ג",קילוגרמים,1.00,"ק""ג",false,,13.10,13.1000,true,1,41667
7290100701157,false,"אורז להכנת סושי סוגת 1 ק""ג","סוגת תעשיות בע""\מ",,אורז סושי 1 קג,גרמים,1000.00,100 גרם,false,,11.90,0.0119,true,1,42609
7290100701300,false,קינואה אדומה סוגת 500 גרם,"סוגת תעשיות בע""\מ",,סוגת קינואה אדומה 50,גרמים,500.00,100 גרם,false,,12.90,0.0258,true,1,116753
7290100701348,false,"קמח שיפון מלא 1 ק""ג סוגת",שטיבל טחנות קמח,,סוגת קמח שיפון מלא 1,קילוגרמים,1.00,"ק""ג",false,,7.90,7.9000,true,1,42708
7290100701409,false,קמח תירס 500 גר סוגת,מולינו פילה ספא,,סוגת קמח תירס 500 גר,גרמים,500.00,100 גרם,false,,5.90,0.0118,true,1,126722
7290100701454,false,גרישה בורגול דק סוגת 500 גרם,"סוגת תעשיות בע""\מ",,סוגת גרישה 500 גרם,גרמים,500.00,100 גרם,false,,4.90,0.0098,true,1,42613
7290100701874,false,"קמח כוסמין מלא סוגת 1 ק""ג",טחנות קמח שטיבל באר,,סוגת קמח כוסמין 1קג,יחידה,0.00,יחידה,false,,15.00,0.0000,true,1,67864
7290100701881,false,קמח פיצה ופוקצ'ה- קמח חיטה לבן בהיר שטיבל,"שטיבל בע""\מ - טחנת קמח",,סוגת קמח פיצה ופוקצה,קילוגרמים,1.00,"ק""ג",false,,7.90,7.9000,true,1,41540
7290100701898,false,קמח סוגת לפסטה 1 קג,שטיבל טחנות קמח,,סוגת קמח פסטה 1קג,יחידה,0.00,יחידה,false,,15.00,0.0000,true,1,67862
7290100702260,false,קוסקוס דק סוגת 350 גרם,"אסיף תעשיות מזון בע""\מ",,סוגת קוסקוס דק 350 ג,גרמים,350.00,100 גרם,false,,4.90,0.0140,true,1,62262
7290100702277,false,סוגת קוסקוס עבה 350 גרם,"אסיף תעשיות מזון בע""",,סוגת קוסקוס עבה 350,גרמים,350.00,100 גרם,false,,4.90,0.0140,true,1,32293
7290100702284,false,סוגת קוסקוס מלא 350 גרם,"אסיף תעשיות מזון בע""",,סוגת קוסקוס מלא 350,גרמים,350.00,100 גרם,false,,4.90,0.0140,true,1,123634
7290100702383,false,קמח תופח מס' 13 סוגת,"שטיבל בע""\מ - טחנות קמח",,סוגת קמח תופח 1 קג,יחידה,0.00,יחידה,false,,7.90,0.0000,true,1,60338
7290100702611,false,פתיתים אפויים אורז סוגת 500 גרם,"אסיף תעשיות מזון בע""\מ",,סוגת פתיתים אפויים א,גרמים,500.00,100 גרם,false,,5.90,0.0118,true,1,68599
7290100702628,false,פתיתים אפויים קוסקוס סוגת 500 גרם,"אסיף תעשיות מזון בע""\מ",,סוגת פתיתים אפויים ק,גרמים,500.00,100 גרם,false,,5.90,0.0118,true,1,68600
7290100702635,false,פתיתים אפויים כוכבים סוגת 500 גרם,"אסיף תעשיות מזון בע""",,סוגת פתיתים אפויים כ,גרמים,500.00,100 גרם,false,,5.90,0.0118,true,1,68601
7290100702666,false,פתיתים אפויים עם בצל 400 גר גרם סוגת,"אסיף תעשיות מזון בע""",,סוגת פתיתים אפויים ע,גרמים,400.00,100 גרם,false,,4.90,0.0123,true,1,101634
7290100702987,false,שיבולת שועל פתיתים סוגת 500 גרם,סוגת תעשיות,,סוגת שיבולת שועל 500,גרמים,500.00,100 גרם,false,,5.90,0.0118,true,1,110212
7290100702994,false,סוגת סוכר דמררה קלאסי בשקית 500 גרם,"סוגת תעשיות בע""מ",,סוגת סוכר דמררה קלאס,גרמים,500.00,100 גרם,false,,4.90,0.0098,true,1,106832
7290100703007,false,"עדשים שחורות בלוגה 500 גרם ""סוגת""",האי נאם סי או אל.טי.,,סוגת עדשים שחורות בל,גרמים,500.00,100 גרם,false,,7.90,0.0158,true,1,107006
7290100703458,false,כוסמת לא קלוי 500 ג' סוגת,"סוגת תעשיות בע""\מ",,כוסמת לא קלויה 500 ג,גרמים,500.00,100 גרם,false,,7.90,0.0158,true,1,117402
7290100703564,false,"פתיתי שיבולת שועל עבה 500 גרם ""סוגת""",,,סוגת שיבולת שועל עבה,גרמים,500.00,100 גרם,false,,5.90,0.0118,true,1,118007
7290100703632,false,קמח חיטה מלא ללא צורך בניפוי,"שטיבל בע""מ",,קמח מלא ללא ניפוי 1,קילוגרמים,1.00,"ק""ג",false,,8.90,8.9000,true,1,123695
7290100703649,false,"קמח חיטה 80% ללא צורך בניפוי סוגת 1 ק""ג","שטיבל בע""מ",,קמח מלא חיטה ללא ניפ,קילוגרמים,1.00,"ק""ג",false,,8.90,8.9000,true,1,123697
7290100703847,false,קוביות סוכר לבן סוגת 500 גרם,טרופיקל,,קוביות סוכר לבן סוג,גרמים,500.00,100 גרם,false,,9.90,0.0198,true,1,130837
7290100703854,false,קוביות סוכר לבן דמררה 500 ג' סוגת,טרופיקל,,קוביות סוכר דמררה סו,גרמים,500.00,100 גרם,false,,9.90,0.0198,true,1,130839
7290100703915,false,פופקורן להכנה במיקרוגל בטעם חמאה - מארז 6 שקיות,סוגת,,מארז פופקורן למיקרוג,יחידה,0.00,יחידה,false,,11.90,0.0000,true,1,132487
7290100703922,false,פופקורן להכנה במיקרוגל בטעם טבעי - מארז 6 שקיות,סוגת,,מארז פופקורן למיקרוג,יחידה,0.00,יחידה,false,,11.90,0.0000,true,1,132488
7290100703953,false,קוקוס לבן סוגת 500 ג,סוגת תעשיות בעמ,,קוקוס סוגת 500 גרם,גרמים,500.00,100 גרם,false,,12.90,0.0258,true,1,132485
7290100704141,false,סודה לשתייה 100 ג' סוגת,א.ל. ייצור ושיווק תב,,סוגת סודה לשתיה 100,גרמים,100.00,100 גרם,false,,2.50,0.0250,true,1,138503
7290100704530,false,"קמח כוסמין לבן תפוח מנופה סוגת 1 ק""ג",טחנות קמח שטיבל באר,,קמח כוסמין לבן ללא צ,קילוגרמים,1.00,"ק""ג",false,,15.90,15.9000,true,1,174616
7290100704578,false,"קמח כוסמין לבן תופח סוגת 1 ק""ג","שטיבל בע""\מ - טחנת קמח",,"קמח כוסמין לבן 1 ק""ג",קילוגרמים,1.00,"ק""ג",false,,15.90,15.9000,true,1,174617
7290100704684,false,"קמח שמרים כוסמין סוגת רב תכליתי 1 ק""ג סוגת",סוגת,,קמח שמרים כוסמין רב,קילוגרמים,1.00,"ק""ג",false,,19.90,19.9000,true,1,186011
7290100850909,false,דוריטוס נאצ'ו מקסיקני 70 גרם,"שטראוס פריטו ליי בע""\מ",,דוריטוס נאצו מקסיקני,יחידה,0.00,יחידה,false,,3.90,0.0000,true,1,41670
7290100850916,false,דוריטוס חמוץ חריף מעודן 70 גרם כשר לפסח,"שטראוס פריטו ליי בע""\מ )",,דוריטוס חמוץ חריף 70,יחידה,0.00,יחידה,false,,3.90,0.0000,true,1,41671
7290100850923,false,דוריטוס בטעם גריל 70 גרם,"שטראוס פריטו ליי בע""\מ )",,דוריטוס גריל 70 גרם,יחידה,0.00,יחידה,false,,3.90,0.0000,true,1,42712
7290100850930,false,דוריטוס בטעם טבעי 70 גרם,"שטראוס פריטו ליי בע""\מ )",,דוריטוס טבעי 70גר,יחידה,0.00,יחידה,false,,3.90,0.0000,true,1,41747
7290100858592,false,אבקת קקאו עלית שקית 150 ג',הנסיך- מפעל לייצור ט,,עלית קקאו 150ג,גרמים,150.00,100 גרם,false,,9.90,0.0660,true,1,42671
7290100921760,false,"הוואי שמפו ספורט לגבר 700 מ""ל",טרופיקל דגיל בעמ,,הוואי שמפו ספורט 700,מיליליטרים,700.00,"100 מ""ל",false,,13.90,0.0199,true,1,76911
7290100922651,false,הוואי - סבון מוצק מי קוקוס 100 גרם רביעייה,טרופיקל דגיל קוסמטיק,,סבון מוצק הוואי שמיי,גרמים,100.00,100 גרם,false,,11.90,0.1190,true,1,54163
7290100924204,false,"פרסיל אבקה לכביסה רגיל 8 ק""ג",פרסיל Persil,,פרסיל אבקת 8 קג,קילוגרמים,8.00,"ק""ג",false,,49.90,6.2375,true,1,78178
7290100924464,false,כדוריות סבון נתלה לאסלה עם אקונומיקה - 3 יח',הנקל סוד,,סוד סבון 4 כדוריות ל,יחידה,3.00,יחידה,false,,14.90,4.9667,true,1,136549
7290100924631,false,מרכך כביסה מרוכז לבגדי תינוקות ובעלי עור רגיש,"הנקל סוד בע""\מ",,סוד מרכך מרוכז בייבי,מיליליטרים,900.00,"100 מ""ל",false,,11.90,0.0132,true,1,108128
7290100926147,false,אבקת כביסה פרסיל קולור שקית 2.5 קג,"הנקל סוד בע""מ",,פרסיל אבקת כביסה קול,קילוגרמים,2.50,"ק""ג",false,,25.00,10.0000,true,1,62265
7290100928561,false,"אבקת כביסה בניחוח פרחים סוד 5 ק""ג","הנקל סוד בע""מ",,סוד אבקת כביסה שושן,קילוגרמים,5.00,"ק""ג",false,,34.90,6.9800,true,1,65535
7290100928585,false,"סוד אבקה שושן מרענן לצבעונית 5 ק""ג",סוד,,סוד אבקת כביסה קולור,קילוגרמים,5.00,"ק""ג",false,,34.90,6.9800,true,1,65536
7290101486688,false,חטיף דגנים עם שוקולד ללא גלוטן וסוכר פרי 5*20 גרם,טבעית מוצרים מן הטבע בעמ,,פרי חטיפי בריאות מאר,יחידה,0.00,יחידה,false,,16.90,0.0000,true,1,48300
7290101488323,false,ליידי ספיד סטיק - דאודורנט סטיק לאישה ללא סימן ירוק סטיק 65 גרם,ליידי ספיד סטיק Lady Speed Stick,,ליידי ספיד סטיק ללא,גרמים,65.00,100 גרם,false,,19.90,0.3062,true,1,49504
7290101501138,false,כרובית ארוזה יחידה,אראל תוצרת חקלאית בע,,כרובית ארוזה,יחידה,0.00,יחידה,false,,11.90,0.0000,true,1,116812
7290101501424,false,ברוקולי ארוז ליחידה,,,ברוקולי ארוז,יחידה,0.00,יחידה,false,,8.90,0.0000,true,1,152941
7290101551027,false,קפסולות קפה אספרסו חזק במיוחד 14 עלית 10 יח',הנסיך- מפעל לייצור ט,,קפסולות 14 קפה אספרס,יחידה,0.00,יחידה,false,,18.00,0.0000,true,1,139303
7290101551263,false,סילאן טבעי ללא תוספת סוכר,מכוורת יד מרדכי,,יד מרדכי סילאן טבעי,גרמים,700.00,100 גרם,false,,25.90,0.0370,true,1,136242
7290101551300,false,סילאן טבעי ללא תוספת סוכר בקבוק לחיץ,מכוורת יד מרדכי שטראוס ב,,יד מרדכי סילאן טבעי,גרמים,380.00,100 גרם,false,,17.90,0.0471,true,1,136243
7290101551577,false,קוואקר שיבות שועל פחית מארז 2*500 גר',FRITO-LAY TRADING CO,GB,מארז קוואקר שבולת שו,קילוגרמים,1.00,"ק""ג",false,,24.90,24.9000,true,1,181014
7290101551584,false,תפוצ'יפס קידס מארז 10 יח' * 20 ג',"שטראוס פריטו ליי בע""מ )פ",,מארז תפוציפס קידס 10,גרמים,200.00,100 גרם,false,,13.90,0.0695,true,1,137163
7290101551614,false,חטיף צ'יטוס קראנץ בטעם גבינה - מארז 8 יח',"שטראוס פריטו ליי בע""מ )פ",,מארז ציטוס קראנצ גבי,גרמים,240.00,100 גרם,false,,13.90,0.0579,true,1,137166
7290101551638,false,חטיף צ'יטוס כאפה בטעם קטשופ - מארז 10 יח',"שטראוס פריטו ליי בע""מ )פ",,מארז ציטוס כאפה 10*2,גרמים,200.00,100 גרם,false,,12.90,0.0645,true,1,137162
7290101825241,false,XL כפפות חד פעמי עם אבקה,,,הרקולס כפפות לטקס מי,יחידה,0.00,יחידה,false,,19.90,0.0000,true,1,182293
7290101863410,false,"סיליט באנג ספריי ניקוי עוצמתי מכיל אקונומיקה 750 מ""ל",סיליט באנג Cillit Bang,,סיליט באנג ספריי אקו,מיליליטרים,750.00,"100 מ""ל",false,,13.90,0.0185,true,1,42764
7290101864127,false,"ספריי להסרת כתמים 750 מ""ל וניש קליה",קליה וניש Kalia Vanish,,קליה אוקסי ספריי 750,מיליליטרים,750.00,"100 מ""ל",false,,16.90,0.0225,true,1,43228
7290101865261,false,"נוזל הברקה למדיח פיניש 800 מ""ל",רקיט בנקיזר,,"פיניש הברקה 800 מ""ל",מיליליטרים,800.00,"100 מ""ל",false,,22.00,0.0275,true,1,41270
7290101866633,false,וניש קליה גל להסרת כתמים 3 ליטר אוקסיפרש,קליה וניש Kalia Vanish,,וניש קליה ג'ל 3 ליטר,ליטרים,3.00,ליטר,false,,29.90,9.9667,true,1,32822
7290101866787,false,וניש קליה נוזל מסיר כתמים לכביסה לבנה 3 ליטר,קליה וניש Kalia Vanish,,וניש נוזל מסיר כתמים,ליטרים,3.00,ליטר,false,,29.90,9.9667,true,1,55830
7290101868460,false,"אבקת כביסה 101 8 ק""ג קולון",רקיט בנקיזר,,"קולון 101 8 ק""ג",קילוגרמים,8.00,"ק""ג",false,,56.90,7.1125,true,1,72579
7290101868958,false,פיניש נוזל הברקה למדיח בניחוח לימון,רקיט בנקיזר,,פיניש נוזל הברקה לימ,מיליליטרים,800.00,"100 מ""ל",false,,22.00,0.0275,true,1,88288
7290101869702,false,"ג 'ל פיניש AIO MAX מרוכז למדיח 600מ""ל",פיניש רקיט בנקיזר,,פיניש ג'ל 600 מל AIO,מיליליטרים,600.00,"100 מ""ל",false,,34.90,0.0582,true,1,101932
7290101869726,false,ג'ל מרוכז למדיח הכל ב-1 פיניש 1 ליטר,רקיט בנקיזר,,פיניש ג'ל 1000 מל AI,מיליליטרים,1000.00,"100 מ""ל",false,,42.90,0.0429,true,1,101937
7290101869733,false,פיניש ג'ל למדיח כלים בניחוח לימון 1 ליטר ALL IN 1,רקיט בנקיזר,,AIO MAX פיניש ג'ל לי,מיליליטרים,1000.00,"100 מ""ל",false,,42.90,0.0429,true,1,101938
7290101869757,false,מבשם אויר מכשיר אוטמטי חלום אואזיס,רקיט בנקיזר,,איירוויק מבשם אויר מ,יחידה,0.00,יחידה,false,,39.90,0.0000,true,1,101923
7290101869788,false,"אירוויק ספריי אוטומטי מילוי בניחוח אואזיס 250 מ""ל*",איירוויק Air Wick,,איירוויק מילוי מבשם,מיליליטרים,250.00,"100 מ""ל",false,,14.90,0.0596,true,1,101929
7290101869795,false,"אירוויק מילוי מבשם אויר אטומטי חלום ליל קיץ 250 מ""ל",איירוויק Air Wick,,איירוויק מילוי מבשם,מיליליטרים,250.00,"100 מ""ל",false,,14.90,0.0596,true,1,101930
7290101869818,false,"אירוויק מכשיר חשמלי+מילוי בניחוח חלום ליל קיץ 19 מ""ל",איירוויק Air Wick,,איירוויק מבשם אויר ח,יחידה,0.00,יחידה,false,,19.90,0.0000,true,1,101917
7290101869917,false,"אירוויק מילוי מבשם אויר אטומטי היער הקסום 19 מ""ל",איירוויק Air Wick,,איירוויק מילוי מבשם,מיליליטרים,250.00,"100 מ""ל",false,,14.90,0.0596,true,1,101939
7290101980919,false,מארז שלישיית ביצי שוקולד ממותגים,זאיני,,שמחה זה אנחנו ביצי ש,יחידה,0.00,יחידה,false,,13.90,0.0000,true,1,49673
7290102003853,false,נרות מטה כוכבים מיני מאוס,סודי,,נרות מטה כוכבים מיני,יחידה,0.00,יחידה,false,,6.00,0.0000,true,1,146882
7290102030330,false,תפוצ'יפס קראנצ' בטעם מקסיקני 200 גרם,"שטראוס פריטו ליי בע""\מ )",,תפוציפס קראנץ מקסיקנ,גרמים,200.00,100 גרם,false,,10.90,0.0545,true,1,44200
7290102031276,false,מארז 8 יחידות אקטימל משקה יוגורט בטעם תות בננה,מיוצר עי קונדיטוריית,,אקטימל שמינייה תות ב,מיליליטרים,800.00,"100 מ""ל",false,,19.90,0.0249,true,1,43232
7290102032334,false,אבקה להכנת משקה קפה בטעם וניל,שטראוס קפה בי.וי,,עלית נמס טעם וניל 20,גרמים,200.00,100 גרם,false,,25.90,0.1295,true,1,55845
7290102035151,false,דנונה אקטיביה טבעי150גרם,שטראוס דנונה,,אקטיביה 1.5% 150 גרם,יחידה,150.00,יחידה,false,,3.70,0.0247,true,1,55847
7290102060764,false,מרידול מברשת שיניים אריזת זוג,יבואן ומשווק: ש. שסט,,מרידול מברשת שיניים,יחידה,2.00,יחידה,false,,34.90,17.4500,true,1,41858
7290102060979,false,אלמקס משחת שיניים למניעת עששת 100 מל,יבואן ומשווק: ש. שסט,,"אלמקס 100 מ""ל משפחתי",גרמים,100.00,100 גרם,false,,18.90,0.1890,true,1,41277
7290102062195,false,"משחת שיניים לילדים לגילאי 6-12 אלמקס 75 מ""ל",יבואן ומשווק: ש. שסט,,אלמקס משחת שיניים ג',יחידה,0.00,יחידה,false,,16.90,0.0000,true,1,44203
7290102300815,false,"גבינת צ'דר אנגלית כתומה פרוס, 200 גרם",שבינגטון,,צ'דר כתום פרוס 200 ג,גרמים,200.00,100 גרם,false,,24.90,0.1245,true,1,123373
7290102300822,false,גבינה צ'דר אנגלית כתומה 200 גרם,דאולי צ'יסמייקרס,,צדר אנגלי כתומה 200,יחידה,0.00,יחידה,false,,24.90,0.0000,true,1,123369
7290102300860,false,"גבינת צ'דר אנגלית לבן, 200 גרם",הגבינות של נני,,נטו שביק גבינת צדר א,גרמים,200.00,100 גרם,false,,24.90,0.1245,true,1,123370
7290102302253,false,"גבינת גאודה עיזים חצי קשה 34%, 200 גרם",מיוצר עי קונדיטוריית,,גאודה עיזים 200 גרם,גרמים,200.00,100 גרם,false,,36.90,0.1845,true,1,123374
7290102302932,false,גאיה קלאסית בפרוסות 150 גרם,קריניציה ויטמינה אס,,גאיה קלאסית בפרוסות,גרמים,150.00,100 גרם,false,,21.90,0.1460,true,1,174958
7290102303878,false,אלוויר חמאת נורמנדי 200 גרם,אלוויר,,חמאה צרפתית נורמנדי,גרמים,200.00,100 גרם,false,,17.90,0.0895,true,1,181726
7290102390427,false,יוגורט ביו עם קציפת תות 3% שומן 150 ג' מולר,מולר Muller,,מולר פרופ תות 3% 150,מיליליטרים,150.00,"100 מ""ל",false,,5.40,0.0360,true,1,58531
7290102390465,false,יוגורט ביו עם קציפת אפרסק ופסיפלורה 3% שומן 150 ג' מולר,מולר Muller,,מולר פרופ אפרסק פסיפ,מיליליטרים,150.00,"100 מ""ל",false,,5.40,0.0360,true,1,55852
7290102390489,false,יוגורט ביו עם קציפת לימון 3% שומן 150 ג' מולר,מולר Muller,,מולר פרופ לימון 3% 1,מיליליטרים,150.00,"100 מ""ל",false,,5.40,0.0360,true,1,55853
7290102391844,false,יוגורט ביו עם קציפת פירות יער3% שומן 150 ג' מולר,מולר Muller,,מולר פרופ לבן+קציפת,יחידה,150.00,יחידה,false,,5.40,0.0360,true,1,55861
7290102392049,false,גבינה לאפיה תבור ללא תוספת מלח 5% משק צוריאל 500 גרם,מחלבת משק צוריאל,,צוריאל תבור 5% 500 ג,גרמים,500.00,100 גרם,false,,23.90,0.0478,true,1,55863
7290102392094,false,חלב עיזים 3.7% בקרטון משק צוריאל 1 ליטר,מחלבת משק צוריאל,,צוריאל חלב עיזים 1ל,ליטרים,1.00,ליטר,false,,15.90,15.9000,true,1,55864
7290102392254,false,"חלב בקרטון 1% 2 ליטר בד""צ - מוצר בפיקוח",מילקו תעשיות בעמ,,חלב בקרטון 1% 2ליטר,ליטרים,2.00,ליטר,false,,11.72,5.8600,true,1,58723
7290102393039,false,"יוגורט ביו קרמי מיקס פצפוצי שוקולד 7.6% מולר 170 מ""ל",קריות זול,,מולר מיקס בתוספת פצפ,גרמים,170.00,100 גרם,false,,6.20,0.0365,true,1,55878
7290102393060,false,"יוגורט ביו קרמי מיקס גלילי ופל ואגוזים 5.9% מולר 170 מ""ל",קריות זול,,מולר מיקס+גלילי וופל,יחידה,170.00,יחידה,false,,6.20,0.0365,true,1,55879
7290102393169,false,"יוגורט סימפלי פרוט בטעם תות 3% מולר 150 מ""ל",מולר Muller,,מולר סימפלי פרוט תות,מיליליטרים,150.00,"100 מ""ל",false,,5.30,0.0353,true,1,55888
7290102393176,false,סימפלי פרוט יוגורט אפרסק 3% שומן 150 ג' מולר,מילקו תעשיות בעמ,,מולר סימפלי פרוט אפר,מיליליטרים,150.00,"100 מ""ל",false,,5.30,0.0353,true,1,55889
7290102393190,false,"יוגורט סימפלי פרוט בטעם פירות יער 3% מולר 150 מ""ל",מילקו תעשיות בעמ,,מולר סימפלי פרוט פיר,מיליליטרים,150.00,"100 מ""ל",false,,5.30,0.0353,true,1,55890
7290102393268,false,"גבינה לבנה 5% שומן, רכיבים טבעיים 750 גרם",הפריט בפיקוח,,טרה גבינה לבנה אריזת,גרמים,750.00,100 גרם,false,,14.94,0.0199,true,1,55892
7290102393299,false,יוגורט עיזים לשתייה 3% משק צוריאל 500 גרם,מיוצר עי קוד יצרן HG,,צוריאל יוגורט עיזים,יחידה,500.00,יחידה,false,,12.90,0.0258,true,1,55893
7290102393848,false,יוגורט עיזים 2.4% עם תות משק צוריאל 150 גרם,מחלבת משק צוריאל,,צוריאל יוגורט עיזים,יחידה,140.00,יחידה,false,,6.90,0.0493,true,1,55902
7290102393855,false,יוגורט עיזים 2.5% עם אפרסק משק צוריאל 150 גרם,מחלבת משק צוריאל,,צוריאל יוגורט עיזים,מיליליטרים,140.00,"100 מ""ל",false,,6.90,0.0493,true,1,55903
7290102393947,false,סימפלי פרוט יוגורט בטעם קיווי 3% שומן 150 ג' מולר,מילקו תעשיות בעמ,,מולר סימפלי פרוט קיו,מיליליטרים,150.00,"100 מ""ל",false,,5.30,0.0353,true,1,55905
7290102394081,false,"יוגורט ביו קרמי מיקס קורנפלקס מצופה שוקולד מולר 170 מ""ל",מילקו תעשייה בעמ,,מולר מיקס קורנפקלס מ,יחידה,150.00,יחידה,false,,6.20,0.0413,true,1,55913
7290102394258,false,גליל גבינת עיזים מה עז 9% משק צוריאל 180 גרם,מחלבת משק צוריאל,,צוריאל מה עז 9% 180,גרמים,180.00,100 גרם,false,,23.90,0.1328,true,1,55915
7290102394463,false,נעם גבינה צהובה פרוסה ואקום 28% טרה 500 גרם,Unknown,,נעם גבינה צהובה וואק,גרמים,500.00,100 גרם,false,,31.90,0.0638,true,1,65329
7290102394821,false,נעם גבינה צהובה פרוסה 28% טרה 200 גרם,מילקו תעשיות בעמ,,נעם גבינה צהובה דק ד,גרמים,200.00,100 גרם,false,,16.90,0.0845,true,1,55923
7290102394845,false,נעם גבינה צהובה לייט פרוסה דק דק 9% טרה 200 גרם,מילקו תעשיות בעמ,,נעם גבינה צהובה דק ד,גרמים,200.00,100 גרם,false,,19.90,0.0995,true,1,55924
7290102395101,false,ממרח גבינה ושוקולד מוו טרה 200 גרם,מילקו תעשיות בעמ,,מוו ממרח גבינה ושוקו,גרמים,200.00,100 גרם,false,,11.90,0.0595,true,1,74045
7290102395217,false,"יוגורט ביאנקו 2% במתיקות מעודנת מולר 1.2 ק""ג",מולר Muller,,מאגדת מולר במתיקות מ,ליטרים,1.20,ליטר,false,,20.90,17.4167,true,1,59965
7290102395224,false,שמיניית יוגורט ביו ביאנקו 1.7% מולר 150 גרם,מולר Muller,,מולר נטורל 1.7% 8*15,יחידה,8.00,יחידה,false,,18.90,2.3625,true,1,59964
7290102395231,false,שמיניית יוגורט ביו ביאנקו 2.8% מולר 150 גרם,מולר Muller,,מולר נטורל 2.8% 8*15,יחידה,8.00,יחידה,false,,18.90,2.3625,true,1,59963
7290102395262,false,מארז 8 גביעים יוגורט בטעם תות שדה ואפרסק 3% Simply Fruit,מולר Muller,,מולר תות שדה ואפרסק,ליטרים,1.20,ליטר,false,,31.90,26.5833,true,1,65324
7290102395378,false,נעם גבינה צהובה פרוסה ואקום 28% טרה 360 גרם,טרה,,נעם גבינה צהובה ואקו,גרמים,360.00,100 גרם,false,,20.90,0.0581,true,1,65328
7290102395408,false,נעם גבינה צהובה 28% במשקל,החברה המרכזית,,"נעם גבנ""צ 28% שקיל",קילוגרמים,1.00,"ק""ג",true,,44.79,44.7900,true,1,65333
7290102395415,false,נועם גב.צהובה9%חריץ משקל,החברה המרכזית,,"נעם גבנ""צ 9%",קילוגרמים,1.00,"ק""ג",true,,85.00,85.0000,true,1,65331
7290102395439,false,מארז 8 גביעים יוגורט בטעם פירות יער וקיווי 3% Simply Fruit,מילקו תעשיות בעמ,,מולר סימפלי פירות יע,מיליליטרים,1200.00,"100 מ""ל",false,,31.90,0.0266,true,1,69817
7290102395477,false,מעדן חלב בטעם שוקולד עם קצפת 123 ג' טרה,Unknown,,מוו שוקולד קצפת 123,מיליליטרים,123.00,"100 מ""ל",false,,3.30,0.0268,true,1,60321
7290102395521,false,"שמנת לבישול 15% שומן 500 מ""ל טרה",מילקו תעשיות בעמ,,טרה שמנת לבישול 15%+,מיליליטרים,500.00,"100 מ""ל",false,,16.90,0.0338,true,1,76508
7290102395958,false,יוגורט 4% בכד 3 ליטר רבנות,טרה,,טרה יוגורט לבן בכד4%,ליטרים,3.00,ליטר,false,,29.90,9.9667,true,1,70874
7290102396399,false,שמיניית מעדן שוקולד מוו 1.5% טרה 100 גרם,Unknown,,מוו מעדן שוקולד 100,יחידה,8.00,יחידה,false,,13.90,1.7375,true,1,79083
7290102396405,false,מארז 8 יחידות מעדן חלב בטעם וניל 1.5%,Unknown,,מוו מעדן וניל 100*8,יחידה,8.00,יחידה,false,,13.90,1.7375,true,1,79084
7290102396436,false,"מעדן מוו שוקולד 1.5% 125 גרם בד""צ",מילקו תעשיות בעמ,,מוו מעדן שוקולד 1.5%,מיליליטרים,125.00,"100 מ""ל",false,,3.20,0.0256,true,1,78172
7290102396443,false,"מעדן מוו וניל 1.5% 125 גרם בד""צ",מילקו תעשיות בעמ,,מוו מעדן וניל 1.5% 1,מיליליטרים,125.00,"100 מ""ל",false,,3.20,0.0256,true,1,78173
7290102396580,false,מעדן מוו שוקולד ומוס שוקולד טרה 118 גרם,טרה,,מוו מעדן שוקולד ומוס,גרמים,118.00,100 גרם,false,,3.30,0.0280,true,1,79085
7290102396597,false,מעדן מוו וניל ומוס שוקולד טרה 118 גרם,טרה,,מוו מעדן וניל ומוס ש,יחידה,0.00,יחידה,false,,3.30,0.0000,true,1,79086
7290102396665,false,נעם גבינה צהובה דק דק 15% טרה 200 גרם,מילקו תעשיות בעמ,,גבינת נעם 200 גרם 15,יחידה,0.00,יחידה,false,,16.90,0.0000,true,1,106963
7290102396672,false,"גבנ""צ דק דק נעם פתיחה חוזרת 9% 360 גרם",מילקו תעשיות בעמ,,גבינת נעם דק דק 9% 3,גרמים,360.00,100 גרם,false,,28.90,0.0803,true,1,106964
7290102396740,false,מארז 8 גביעים יוגורט בטעם תות שדה ואפרסק 0% Simply Fruit,מילקו תעשיות בעמ,,מאגדת שמינייה מולר ס,מיליליטרים,1200.00,"100 מ""ל",false,,31.90,0.0266,true,1,97597
7290102397204,false,"גבנ""צ דק דק נעם פתיחה חוזרת 22% 200 גרם",מילקו תעשיות בעמ,,נעם גבינה דק דק 200,גרמים,200.00,100 גרם,false,,16.90,0.0845,true,1,106965
7290102397310,false,מעדן מיני בטעם שוקולד קצפת מוו מאגדת 8 יח' * 70 ג',מילקו תעשיות בעמ,,מאגדת שמינייה מיני מ,גרמים,560.00,100 גרם,false,,12.90,0.0230,true,1,111483
7290102397334,false,גבינה בולגרית גלילית 5% משק צוריאל 250 גרם,מחלבת משק צוריאל,,בולגרית 5% 250גרם בג,גרמים,250.00,100 גרם,false,,21.90,0.0876,true,1,109938
7290102397464,false,יוגורט ביו בתוספת גרעינים אגוזים וחמוציות 170 ג' מולר,מולר Muller,,מולר נטורל פקאן גרעי,יחידה,0.00,יחידה,false,,6.20,0.0000,true,1,121821
7290102397600,false,מיקס יוגורט בתוספת שקדים ובוטנים מקורמלים 170 ג' מולר,מילקו תעשייה בעמ,,מולר מיקס שקדים ובוט,גרמים,170.00,100 גרם,false,,6.20,0.0365,true,1,114235
7290102397617,false,יוגורט ביו קרמי עם כדורים מצופים שוקולד חום לבן,מולר Muller,,מולר מיקס קליק,גרמים,170.00,100 גרם,false,,6.20,0.0365,true,1,114236
7290102397679,false,קוטג' וחצי טרה 5% מרכיבים טבעיים,מילקו,,טרה קוטג 5% 375 גרם,גרמים,375.00,100 גרם,false,,8.30,0.0221,true,1,120183
7290102397730,false,פרוסות גבינה אמנטל חצי קשה 30% שומן 200 ג' נעם,Unknown,,נעם אמנטל 200 גרם,גרמים,200.00,100 גרם,false,,18.90,0.0945,true,1,124042
7290102397747,false,פרוסות גבינת מוצרלה נעם מחלב בקר 22%,טרה,,מוצרלה פרוס 200 גרם,גרמים,200.00,100 גרם,false,,19.90,0.0995,true,1,129052
7290102397891,false,גבינה מותכת משק צוריאל 100 גרם,משק צוריאל,,צוריאל גבינה מותכת 1,גרמים,100.00,100 גרם,false,,8.90,0.0890,true,1,121812
7290102398072,false,חלב בקרטון 3% 1 ליטר טרה ועדת מהדרין,הפריט בפיקוח,,טרה חלב בקרטון 3% 1,ליטרים,1.00,ליטר,false,,6.23,6.2300,true,1,125160
7290102398331,false,חלב מועשר דל לקטוז 2% שומן טרה 1 ליטר,טרה,,חלב מעושר דל לקטוז,יחידה,0.00,יחידה,false,,8.50,0.0000,true,1,129597
7290102398478,false,לאבנה 9% שומן 500 ג' טרה,טרה,,לאבנה 9% 500 גרם,גרמים,500.00,100 גרם,false,,20.90,0.0418,true,1,132873
7290102398553,false,שוקו טרה בבקבוק 1.5 ליטר,מילקו תעשיות בעמ,,שוקו טרה בקבוק 1.5 ל,ליטרים,1.50,ליטר,false,,18.90,12.6000,true,1,150264
7290102398560,false,שוקו טרה מועשר בבקבוק 1 ליטר,מילקו תעשיות בעמ,,טרה שוקו מועשר בבקבו,ליטרים,1.00,ליטר,false,,11.90,11.9000,true,1,134348
7290102398577,false,משקה חלב בטעם שוקו 2% בבקבוק אישי,מילקו תעשיות בעמ,,טרה שוקו מועשר בבקבו,מיליליטרים,250.00,"100 מ""ל",false,,5.90,0.0236,true,1,134349
7290102398614,false,משקה חלב בטעם בננה 1 ליטר טרה,מילקו תעשיות בעמ,,טרה משקה חלב בטעם בנ,ליטרים,1.00,ליטר,false,,11.90,11.9000,true,1,134352
7290102398638,false,משקה חלב בטעם מוקה 1 ליטר טרה,מילקו תעשיות בעמ,,טרה משקה חלב בטעם מו,ליטרים,1.00,ליטר,false,,11.90,11.9000,true,1,134353
7290102398669,false,משקה חלב אייס קפוצ'ינו טרה 1 ליטר,מילקו תעשיות בעמ,,טרה אייס קפוצ'ינו 1,ליטרים,1.00,ליטר,false,,11.80,11.8000,true,1,155028
7290102398782,false,משקה סויה קלאסי משק צוריאל 1 ליטר,מחלבת משק צוריאל,,משקה סויה קלאסי,יחידה,0.00,יחידה,false,,10.90,0.0000,true,1,147701
7290102398799,false,משקה סויה במתיקות מופחתת 1 ליטר משק צוריאל,מחלבת משק צוריאל,,משקה סויה במתיקות מע,יחידה,0.00,יחידה,false,,10.90,0.0000,true,1,147702
7290102399048,false,פרוסות גבינת קשקבל נעם 200 ג' טרה,מילקו,,קשקבל נעם 200 גרם,גרמים,200.00,100 גרם,false,,23.90,0.1195,true,1,143060
7290102399635,false,"מולר פרופ יוגורט ביו עם קציפת קוקוס ואננס 150 מ""ל",מולר Muller,,MULLER FROOP TROPICA,יחידה,0.00,יחידה,false,,5.40,0.0000,true,1,154210
7290102399697,false,סימפלי פרוט מנגו 1.5% שומן 150 ג' מולר,מילקו תעשיות בעמ,,מולר סימפלי פרוט מנג,מיליליטרים,150.00,"100 מ""ל",false,,5.00,0.0333,true,1,148594
7290102399772,false,מולר ספרדבל-ממרח חמאת מולר במליחות עדינה 250 גרם,G Weihenstephan Molkerei,,ממרח חמאת מולר במליח,גרמים,250.00,100 גרם,false,,18.90,0.0756,true,1,154206
7290102399789,false,מולר ספרדבל-ממרח חמאת מולר ללא מלח 250 גרם,G Weihenstephan Molkerei,,ממרח חמאת מולר ללא מ,גרמים,250.00,100 גרם,false,,18.90,0.0756,true,1,154207
7290102399802,false,יוגורט עם תות מולר אקטיב מועשר בחלבון 200 גר',מולר Muller,,מולר אקטיב יוגורט עם,יחידה,0.00,יחידה,false,,7.90,0.0000,true,1,149527
7290102399819,false,יוגורט עם פירות יער מולר אקטיב מועשר בחלבון 200 גר',מולר Muller,,מולר אקטיב יוגורט עם,יחידה,0.00,יחידה,false,,7.90,0.0000,true,1,149528
7290102399857,false,מולר אקטיב לייט 20 גרם חלבון 0% שומן עם תות 200 גרם,מולר Muller,,מולר אקטיב יוגורט מו,יחידה,0.00,יחידה,false,,7.90,0.0000,true,1,155014
7290102600335,false,"כפיות קרם ארוז 50 יח שמאי כשל""פ עד""ח",,,כפיות קרם ארוז 50 יח,יחידה,0.00,יחידה,false,,8.90,0.0000,true,1,126366
7290102600359,false,"כפות קרם ארוז 50 י""ח שמאי כשל""פ עד""ח",,,כפות קרם ארוז 50 יח',יחידה,0.00,יחידה,false,,10.90,0.0000,true,1,126367
7290102600373,false,"סכין שקוף ארוז 50 י""ח שמאי כשל""פ עד""ח",,,סכין שקוף ארוז 50 יח,יחידה,0.00,יחידה,false,,10.90,0.0000,true,1,126368
7290102600380,false,"מזלג שקוף ארוז 50 י""ח שמאי כשל""פ עד""ח",,,מזלג שקוף ארוז 50 יח,יחידה,0.00,יחידה,false,,10.90,0.0000,true,1,126363
7290102600427,false,"כפות שקוף ארוז 50 י""ח שמאי כשל""פ עד""ח",,,כפות שקוף ארוז 50 יח,יחידה,0.00,יחידה,false,,10.90,0.0000,true,1,126364
7290102600434,false,"כפיות שקוף ארוז 50 י""ח שמאי כשל""פ עד""ח",,,כפיות שקוף ארוז 50 י,יחידה,0.00,יחידה,false,,8.90,0.0000,true,1,126369
7290102600458,false,"מזלג קרם ארוז 50 י""ח שמאי כשל""פ עד""ח",,,מזלג קרם ארוז 50 יח',יחידה,0.00,יחידה,false,,10.90,0.0000,true,1,126370
7290102600465,false,"סכין קרם ארוז 50 י""ח שמאי כשל""פ עד""ח",,,סכין קרם ארוז 50 יח',יחידה,0.00,יחידה,false,,10.90,0.0000,true,1,126371
7290102842360,false,תערובת להכנת סופלה בטעם שוקולד בלגי,י.כהן Kahan's,,תערובת לסופלה שוקולד,גרמים,250.00,100 גרם,false,,15.90,0.0636,true,1,49715
7290103120658,false,דאודורנט ספיד סטיק גל שחור 85 גרם,הנסיך- מפעל לייצור ט,,ספיד סטיק גל שחור 85,יחידה,0.00,יחידה,false,,24.90,0.0000,true,1,47588
7290103124601,false,"תחליב רחצה נוזל חלב ודבש משאבה 750מ""ל פלמוליב",הנסיך- מפעל לייצור ט,,פלמוליב ת.רחצה נוזל,מיליליטרים,750.00,"100 מ""ל",false,,19.90,0.0265,true,1,82472
7290103126797,false,"משחת שיניים קולגייט סנסיטיב פרו רליף 75 מ""ל",הנסיך- מפעל לייצור ט,,קולגייט סנסטיב פרו ר,יחידה,0.00,יחידה,false,,23.90,0.0000,true,1,48460
7290103128739,false,בלונס צימרוני אוזניים לתינוק 50 יח',הנסיך- מפעל לייצור ט,,בלונס צימרוני אוזניי,יחידה,50.00,יחידה,false,,6.90,0.1380,true,1,55941
7290103129408,false,ליידי ספיד סטיק - דאודורנט סטיק לאישה פרש אסנס פריחת הפרדס 65 גרם,ליידי ספיד סטיק Lady Speed Stick,,ליידי ספיד סטיק פריח,יחידה,0.00,יחידה,false,,19.90,0.0000,true,1,60747
7290103400194,false,"כרוב לבן 400 גר בד""צ ירקות שטראוס",שטראוס בריאות ירקות טריי,,שטראוס כרוב לבן 400,גרמים,400.00,100 גרם,false,,8.90,0.0223,true,1,62302
7290103400255,false,"סלט קולסלאו 400 גרם בד""צ ירקות שטראוס",שטראוס בריאות ירקות טריי,,שטראוס קולסלאו 400 ג,גרמים,400.00,100 גרם,false,,8.90,0.0223,true,1,34406
7290103401429,false,קפה קצב ברזילאי אוריגינס 200 גר,הנסיך- מפעל לייצור ט,,עלית אוריגינס קצב בר,גרמים,200.00,100 גרם,false,,25.90,0.1295,true,1,43239
7290103404758,false,סלט כרוב אדום במיונז אחלה 120 גרם,מיוצר עי קונדיטוריית,,אחלה כרוב אדום 120גר,גרמים,120.00,100 גרם,false,,4.90,0.0408,true,1,42777
7290103408206,false,עלי חסה ערבית שטופים שטראוס 250 גרם,שטראוס בריאות ירקות טריי,,עלי חסה ערבית שטופים,גרמים,250.00,100 גרם,false,,10.10,0.0404,true,1,33829
7290103681180,false,"יין הר מרלו מיתוג תנשמת 750 מ""ל",מיוצר על ידי יקב תבור,,"הר מרלו 750 מ""ל",מיליליטרים,750.00,"100 מ""ל",false,,39.90,0.0532,true,1,140624
7290103681197,false,"יין הר שיראז מיתוג תנשמת 750 מ""ל",מיוצר על ידי יקב תבור,,"הר שיראז 750 מ""ל",מיליליטרים,750.00,"100 מ""ל",false,,39.90,0.0532,true,1,140629
7290103681234,false,"יין הר רוזה מיתוג תנשמת 750 מ""ל",מיוצר על ידי יקב תבור,,"הר רוזה 750 מ""ל",מיליליטרים,750.00,"100 מ""ל",false,,39.90,0.0532,true,1,140625
7290103681241,false,"יין הר מוסקטו מיתוג תנשמת 750 מ""ל",יקב תבור,,"הר מוסקטו 750 מ""ל",מיליליטרים,750.00,"100 מ""ל",false,,39.90,0.0532,true,1,140626
7290104061417,false,סלט חומוס עם טחינה אחלה 400 גרם,"שטראוס גרופ בע""\מ",,אחלה חומוס טחינה 400,גרמים,400.00,100 גרם,false,,10.20,0.0255,true,1,42784
7290104061424,false,סלט חומוס עם זעתר אחלה 400 גרם,מיוצר עי קונדיטוריית,,אחלה חומוס זעתר 400,גרמים,400.00,100 גרם,false,,10.20,0.0255,true,1,41913
7290104061431,false,סלט חומוס עם צנובר אחלה 400 גרם,"שטראוס גרופ בע""\מ",,אחלה חומוס צנובר 400,גרמים,400.00,100 גרם,false,,10.20,0.0255,true,1,41698
7290104061448,false,סלט חומוס עם חריף אחלה 400 גרם,מיוצר עי קונדיטוריית,,אחלה חומוס חריף 400,גרמים,400.00,100 גרם,false,,10.20,0.0255,true,1,42001
7290104062599,false,מארז 8 יחידות מעדן גמדים בטעמי תות ובננה,"שטראוס בריאות בע""\מ",,גמדים בכפית 8 תות בנ,יחידה,0.00,יחידה,false,,17.90,0.0000,true,1,55962
7290104064012,false,חטיף פסק זמן GOOD שוקולד לבן גוד 36 גרם,שולן צ'יקולטה גידה ס,,פסק זמן טו גוד שוק.ל,גרמים,36.00,100 גרם,false,,5.00,0.1389,true,1,187293
7290104065187,false,אבקה להכנת משקה קפה בטעם מוקה,STRAUSS-ISRAEL,,עלית נמס טעם מוקה 20,גרמים,200.00,100 גרם,false,,25.90,0.1295,true,1,41392
7290104065934,false,עלי רוקט שטראוס 150 גרם,שטראוס בריאות ירקות טריי,,שטראוס עלי רוקט 150,גרמים,150.00,100 גרם,false,,9.90,0.0660,true,1,34402
7290104066566,false,טחינה משומשום מלא 500 ג' אחלה,מיוצר עי קונדיטוריית,,טחינה משומשום מלא 50,גרמים,500.00,100 גרם,false,,13.90,0.0278,true,1,44219
7290104067679,false,סלט טחינה אחלה 400גר,מיוצר עי קונדיטוריית,,אחלה סלט טחינה 400 ג,גרמים,400.00,100 גרם,false,,10.90,0.0273,true,1,72551
7290104067693,false,אחלה חומוס עם חריף 150 גרם,מיוצר עי קונדיטוריית,,אחלה חומוס עם חריף 1,גרמים,150.00,100 גרם,false,,5.90,0.0393,true,1,144102
7290104068546,false,גומי מאסט בטעם לימון קולה ללא סוכר 28 ג' עלית,"שטראוס גרופ בע""מ",,מאסט מגדים קולה לימו,יחידה,0.00,יחידה,false,,4.00,0.0000,true,1,41700
7290104368981,false,אוליב קרם רגליים 100מ'ל,,,אוליב קרם רגליים 100,יחידה,0.00,יחידה,false,,6.90,0.0000,true,1,155367
7290104501661,false,אינסטנט פודינג בטעם וניל צרפתי אסם 80 גרם,מיוצר עי קונדיטוריית,,אסם פודינג בטעם וניל,יחידה,0.00,יחידה,false,,5.50,0.0000,true,1,43261
7290104503184,false,הבית עוגת שבת בראוניס טעם שוקולד ריבת חלב 380 גרם,מיוצר עי קונדיטוריית,,עוגת הבית בראוניס שו,גרמים,380.00,100 גרם,false,,16.90,0.0445,true,1,44221
7290104508189,false,אסם 24 גביעי גלידה ממותקים 95 גרם,בטר אנד דיפרנט,,גביעי גלידה ממותקים,יחידה,24.00,יחידה,false,,14.90,0.6208,true,1,41402
7290104508202,false,גביעי גלידה אמריקאים אסם 120 גרם 24 יחידות,"גילרו בע""מ",,גביעי גלידה אמריקאים,גרמים,120.00,100 גרם,false,,14.90,0.1242,true,1,43263
7290104508943,false,במבה חטיף בוטנים אסם 200 גרם,"אסם השקעות בע""\מ",,במבה קלאסי 200 גרם,גרמים,200.00,100 גרם,false,,10.90,0.0545,true,1,41766
7290104570162,false,תמרים ללא חרצנים תמר כבוש 500 גרם,תמר העמקים בית שאן,,תמר כבוש בית שאן 500,גרמים,500.00,100 גרם,false,,14.90,0.0298,true,1,66937
7290104570186,false,תמר מגהול אורגני 1 ק,,,תמר מגהול אורגני 1 ק,קילוגרמים,1.00,"ק""ג",false,,19.90,19.9000,true,1,196174
7290104570209,false,תמר מג'הול כתום 1 ק,ירק הגליל,,תמר מג'הול כתום 1 ק,יחידה,0.00,יחידה,false,,24.90,0.0000,true,1,193803
7290104570513,false,"תמר מגהול כחול 1 ק""",פרי וירק טמרה ושותפי,,"תמר מגהול כחול 1 ק""",יחידה,0.00,יחידה,false,,19.90,0.0000,true,1,130407
7290104570629,false,ממרח גביע ירוק 450 ג' ירדן,"תמר העמקים בע""מ",,ממרח תמרים 450 גרם,גרמים,450.00,100 גרם,false,,6.90,0.0153,true,1,111855
7290104570636,false,ממרח תמרים גביע ירוק 450 ג',תמר העמקים,,ממרח תמרים ירדן,גרמים,450.00,100 גרם,false,,6.90,0.0153,true,1,111514
7290104570711,false,"סילאן מגהול בד""צ 900גרם",,,סילאן טהור 900 גרם,גרמים,900.00,100 גרם,false,,24.90,0.0277,true,1,114839
7290104570735,false,הדקלאים סילאן טהור 5,,,הדקלאים סילאן טהור 5,גרמים,500.00,100 גרם,false,,14.90,0.0298,true,1,118979
7290104570995,false,תמר מגהול 750 גרם,,,תמר מגהול 750 גרם,גרמים,750.00,100 גרם,false,,34.90,0.0465,true,1,164415
7290104720499,false,מארז 8 יחידות מעדן דני בטעם וניל 1.5%,מיוצר עי קונדיטוריית,,מארז דני וניל 8*125,יחידה,8.00,יחידה,false,,15.90,1.9875,true,1,41403
7290104721533,false,רצועות פלפלים קלויים אחלה 400 ג',מיוצר עי קונדיטוריית,,אחלה סלט פלפלים קלוי,גרמים,400.00,100 גרם,false,,15.90,0.0398,true,1,41769
7290104721953,false,לקט מסולסלים ירקות שטראוס 350 גרם,שטראוס בריאות ירקות טריי,,לקט מסולסלים ירקות 3,גרמים,350.00,100 גרם,false,,13.20,0.0377,true,1,34400
7290104722530,false,תפוצ'יפס בטעם שמנת בצל עלית 200 גרם,"שטראוס פריטו ליי בע""\מ )",,תפוציפס שמנת בצל 200,גרמים,200.00,100 גרם,false,,10.90,0.0545,true,1,42028
7290104726262,false,רביעייה מעדן דני שוקולד דיסני לבנים 125 גרם,מיוצר עי קונדיטוריית,,דני שלוק 4 שוקולד די,יחידה,4.00,יחידה,false,,11.00,2.7500,true,1,42015
7290104726712,false,מארז 8 יחידות מעדן מילקי בטעם שוקולד עם קצפת,"שטראוס גרופ בע""\מ",,מילקי שמינייה מארז 8,מיליליטרים,1360.00,"100 מ""ל",false,,21.00,0.0154,true,1,55996
7290104728310,false,"שמנת מתוקה עמידה 38% שומן ""יטבתה"" -מוצר בפיקוח",מחלבת יטבתה,,יטבתה שמנת עמידה לקצ,יחידה,250.00,יחידה,false,,6.47,0.0259,true,1,56004
7290104729003,false,"יד מרדכי - שמן זית כתית מעולה 2 קלאסי 750 מ""ל",מכוורת יד מרדכי שטרא,,יד מרדכי שמן זית כתי,מיליליטרים,750.00,"100 מ""ל",false,,34.90,0.0465,true,1,56011
7290104961526,false,דאודורנט ספריי גוף טיטניום קלאסיק Titanium Classic,"אמיליה קוסמטיקס בע""מ",,טיטניום ספריי גוף קל,מיליליטרים,150.00,"100 מ""ל",false,,16.90,0.1127,true,1,58073
7290104961540,false,דאודורנט ספריי גוף טיטניום מטאל Titanium Metal,אמיליה קוסמטיקס,,טיטניום ספריי גוף מט,מיליליטרים,150.00,"100 מ""ל",false,,16.90,0.1127,true,1,59576
7290104961601,false,"מי מאסק דאודורנט ספרי תרסיס 175מ""ל",קרליין Careline,,מי דאודורנט מאסק 175,מיליליטרים,175.00,"100 מ""ל",false,,22.90,0.1309,true,1,57102
7290104961878,false,"שמפו לשיער קרטין אינטנס פורמולה 400 מ""ל נטורל",נטורל פורמולה Natural Formula,,נטורל פורמולה קרטין,מיליליטרים,400.00,"100 מ""ל",false,,32.90,0.0822,true,1,60305
7290104961885,false,מרכך קרטין טהור לשיער שעבר החלקה או עיצוב בחום,נטורל פורמולה Natural Formula,,נטורל פורמולה קרטין,מיליליטרים,400.00,"100 מ""ל",false,,32.90,0.0822,true,1,60306
7290104961892,false,מסכת קרטין טהור לשיער שעבר החלקה או עיצוב בחום,נטורל פורמולה Natural Formula,,קרטין אינטנס- מסכה ל,מיליליטרים,350.00,"100 מ""ל",false,,39.90,0.1140,true,1,60307
7290104962080,false,דאודורנט ספריי גוף טיטניום גולד Titanium Gold,משווק: קוסמופארם בעמ,,טיטניום ספריי גוף גו,מיליליטרים,150.00,"100 מ""ל",false,,16.90,0.1127,true,1,72919
7290104962134,false,דאודורנט קרליין רול און נושם לנערות ללא אלומיניום,מיוצר עי : אמיליה קוסמטי,,נושם בנות-דאו רול או,יחידה,0.00,יחידה,false,,12.90,0.0000,true,1,72943
7290104963223,false,סופטקר - אל סבון עדין לתינוק לעור רגיש 1 ליטר,קוסמופארם בע'\'\מ,,סופטקר אלסבון קלאסי,ליטרים,1.00,100 ליטר,false,,18.90,18.9000,true,1,113658
7290104963650,false,נקה 7 שמפו אל דמע סופטקר 1 ליטר,קוסמופארם בע'\'\מ,,סופטקר שמפו אלדמע 1,ליטרים,1.00,100 ליטר,false,,18.90,18.9000,true,1,113659
7290104964015,false,"סקינגארד סטיק הגנה לפנים 50 אס.פי.אף, 50 מ""ל",מיוצר עי : אמיליה קוסמטי,,סקינגארד סטיק הגנה ל,יחידה,60.00,יחידה,false,,45.00,0.7500,true,1,111413
7290104965647,false,קרליין דאו רול און נושם סוויט קיס לנערות,מיוצר עי : אמיליה קוסמטי,,קרליין דאו רול און נ,יחידה,0.00,יחידה,false,,10.90,0.0000,true,1,174514
7290105360250,false,קפסולות 09 עשיר וארומטי למכונת נספרסו עלית 10יח',הנסיך- מפעל לייצור ט,,עלית קפסולות 9 למכונ,יחידה,0.00,יחידה,false,,18.00,0.0000,true,1,61016
7290105360328,false,קפסולות אספרסו חזק למכונות נספרסו 10 יח',הנסיך- מפעל לייצור ט,,עלית קפסולות 10 למכו,יחידה,0.00,יחידה,false,,19.90,0.0000,true,1,61013
7290105360335,false,קפסולות אספרסו למכונות נספרסו 50 גר,הנסיך- מפעל לייצור ט,,עלית קפסולות 7 למכונ,יחידה,0.00,יחידה,false,,18.00,0.0000,true,1,61014
7290105362339,false,"שמנת לבישול 15% 250 מ""ל יטבתה מהדרין",מחלבת יטבתה,,יטבתה שמנת לבישול 15,מיליליטרים,250.00,"100 מ""ל",false,,8.60,0.0344,true,1,56049
7290105363602,false,מקלות כיף כף קלאסי עלית 40 גרם,שולן צ'\יקולטה גידה סאן.,,כיף כף מקלות קלאסי 4,יחידה,0.00,יחידה,false,,5.90,0.0000,true,1,59341
7290105364289,false,מקלות כיף כף פצפוצים עלית 40 גרם,שולן צ'\יקולטה גידה סאן.,,כיף כף מקלות פצפוצים,יחידה,0.00,יחידה,false,,5.90,0.0000,true,1,59343
7290105364302,false,"עלית חטיף שוקולד כיף כף מקלות אגוזים, 40 גרם",שולן צ'\יקולטה גידה סאן.,,כיף כף מקלות אגוזים,יחידה,0.00,יחידה,false,,5.90,0.0000,true,1,59342
7290105366023,false,סלט חצילים בטעם כבד אחלה 400 גרם,מיוצר עי קונדיטוריית,,אחלה סלט חציל בטעם כ,גרמים,400.00,100 גרם,false,,15.90,0.0398,true,1,56073
7290105366047,false,טחינה לבנה אחלה 400 גרם,מיוצר עי קונדיטוריית,,אחלה סלט טחינה לבנה,גרמים,400.00,100 גרם,false,,15.10,0.0377,true,1,56075
7290105366993,false,סימפוניה גבינת שמנת פלפל שיפקה 5% שטראוס 200 גרם,"שטראוס בריאות בע""מ",,סימפוניה פלפל שיפקה,גרמים,200.00,100 גרם,false,,10.90,0.0545,true,1,73322
7290105368225,false,חומוס אחלה עם פלפל שיפקה 400 גרם,מיוצר עי קונדיטוריית,,אחלה חומוס פלפל שיפק,גרמים,400.00,100 גרם,false,,10.20,0.0255,true,1,58620
7290105368331,false,מעדן מילקי בטעם תות עם קצפת,מחלבת אחיהוד,,מעדן מילקי תות,מיליליטרים,133.00,"100 מ""ל",false,,2.90,0.0218,true,1,56097
7290105368904,false,"שמנת מתוקה להקצפה 32% שומן 250 מ""ל יוטבתה",שטראוס גרופ,,יטבתה שמנת עמידה לקצ,מיליליטרים,250.00,"100 מ""ל",false,,7.80,0.0312,true,1,34906
7290105368928,false,שמנת 9% יטבתה 200 ג' מהדרין,שטראוס גרופ,,יטבתה שמנת 9% 200 גר,גרמים,200.00,100 גרם,false,,2.90,0.0145,true,1,56105
7290105369130,false,סימפוניה גבינת שמנת בצל ירוק 5% שטראוס 200 גרם,"שטראוס בריאות בע""\מ",,סימפוניה שטראוס בצל,גרמים,200.00,100 גרם,false,,10.90,0.0545,true,1,61062
7290105430441,false,פלמוליב ס.נוזלי סחלב שחור 750 מל משאבה,הנסיך- מפעל לייצור ט,,פלמוליב סחלב שחור 75,מיליליטרים,750.00,"100 מ""ל",false,,19.90,0.0265,true,1,86350
7290105431516,false,מארז חטיף פריי תמרים ובוטנים ללא גלוטן ותוספת סוכר 125 גרם,טבעית מוצרים מן הטבע בעמ,,פרי חטיפי תמרים ובוט,גרמים,125.00,100 גרם,false,,16.90,0.1352,true,1,34931
7290105434050,false,ספיד סטיק - דאודורנט סטיק לגבר XL ירוק רגיולר 85 גרם,קולגייט פלמוליב,,ספיד סטיק ירוק 85 גר,יחידה,0.00,יחידה,false,,19.90,0.0000,true,1,106256
7290105438546,false,קוקי נייר אפייה פרימיום 40 יח',אופל אריזות,,קוקי נייר אפייה פרימ,יחידה,1.00,יחידה,false,,11.90,11.9000,true,1,100247
7290105439499,false,מאסטר שף מאסטר שף מיונז 480 גר כשלפ,רמיה סי.וי. הולנד,,מאסטר שף מיונז בצנצנ,מיליליטרים,481.00,"100 מ""ל",false,,11.90,0.0247,true,1,110220
7290105439505,false,מאסטר שף קרם בטעם מיונז לייט 479 גר כשלפ,רמיה סי.וי. הולנד,,מאסטר שף קרם בטעם מי,גרמים,479.00,100 גרם,false,,11.90,0.0248,true,1,118058
7290105439581,false,מנה מאסטר שף חרדל דיזיון צרפתי 370 גר,רמיה סי.וי.הולנד,,מאסטר שף חרדל דיזון,גרמים,390.00,100 גרם,false,,10.90,0.0279,true,1,110221
7290105474124,false,"מזון לכלבים בונזו מזון כלבים בשר 12 ק""ג מחולק","ביופט בע""מ",,בונזו בשר מחולק 12 ק,קילוגרמים,12.00,"ק""ג",false,,139.90,11.6583,true,1,73333
7290105474179,false,מארז מען לה קט פטה מולטיפק 100 גר 4 יח,SA NORMANDISE LA,,לה קט מעדן פטה מולטי,יחידה,4.00,יחידה,false,,21.90,5.4750,true,1,97261
7290105475787,false,לה קט מארז שימורי שלישיה *400 ג',FIDELE SAS,,לה קט מולטיפק צ'אנקס,גרמים,400.00,100 גרם,false,,24.90,0.0622,true,1,108643
7290105479679,false,בונזו בקר וכבד מחולק12קג,בונזו,,"בונזו בכר וכבד 12 ק""",קילוגרמים,12.00,"ק""ג",false,,139.90,11.6583,true,1,136138
7290105500151,false,וודקה פינלנדיה בקבוק,"אלטיה קורפ, הלסינקי,",,וודקה פינלנדיה 50 ש,מיליליטרים,700.00,"100 מ""ל",false,,79.90,0.1141,true,1,62319
7290105500236,false,וויסקי ג'ק דניאלס מס' 7 Brand No,ג'ק דניאלס Jack Daniel's,,גק דניאלס וויסקי 700,מיליליטרים,700.00,"100 מ""ל",false,,129.90,0.1856,true,1,64663
7290105500748,false,וויסקי פיימוס גראוס The Famouse Grouse,מתיו גלוג אנד סאן,,וויסקי פיימוס גראוס,מיליליטרים,700.00,"100 מ""ל",false,,99.90,0.1427,true,1,74087
7290105500953,false,"וויסקי ג'ק דניאלס דבש 700 מ""ל",ג'ק דניאל'ס,,גק דניאלס וויסקי דבש,מיליליטרים,700.00,"100 מ""ל",false,,129.90,0.1856,true,1,75298
7290105691224,false,אסם חטיפי פריכונים טורטייה שום בצל 60 גרם,"פרח תעשיות מזון בע""מ.",,קריספי טורטיה שום בצ,יחידה,0.00,יחידה,false,,7.90,0.0000,true,1,56144
7290105691248,false,אסם חטיפי פריכונים טורטייה תירס 60 גרם,"פרח תעשיות מזון בע""מ.",,קריספי טורטיה תירס 6,יחידה,0.00,יחידה,false,,7.90,0.0000,true,1,43308
7290105691712,false,אסם עוגיות הפסקת קפה דגנים מלאים 230 גרם,הגביע מוצרי וופלים ב,,אסם עוגיות הפסקת קפה,גרמים,230.00,100 גרם,false,,11.90,0.0517,true,1,56146
7290105691934,false,קמח שמרים אסם 1 קילו,תאי פרזידנט פוד פאבל,,אסם קמח שמרים 1קג,קילוגרמים,1.00,"ק""ג",false,,10.90,10.9000,true,1,57555
7290105693341,false,מארז עשיריית במבה אסם 25*10 גרם,"אסם השקעות בע""\מ",,מארז במבה 25 גרם * 1,גרמים,250.00,100 גרם,false,,14.90,0.0596,true,1,74455
7290105693457,false,עוגת הבית דמקה שוקו וניל אסם 320 גרם,מיוצר עי קונדיטוריית,,עוגת הבית דמקה שוקו,גרמים,320.00,100 גרם,false,,14.90,0.0466,true,1,56164
7290105694614,false,פסטה ספגטי מהיר הכנה אסם 500 גרם,פסטה זארה,,פסטה ספגטי מהיר הכנה,גרמים,500.00,100 גרם,false,,5.90,0.0118,true,1,57558
7290105694928,false,אבקת מרק בצל רכיבים טבעיים אסם 220 גרם,"אסם השקעות בע""\מ",,אסם מרק תיבול בצל 22,גרמים,220.00,100 גרם,false,,17.90,0.0814,true,1,58575
7290105695024,false,אסם פתיתים אפויים אורז עם איטריות 500 גר,"אסם השקעות בע""\מ",,אסם פתיתים אפויים או,גרמים,500.00,100 גרם,false,,7.90,0.0158,true,1,59926
7290105695321,false,עוגת הבית בראוניס פאדג' אסם 380 גרם,מיוצר עי קונדיטוריית,,הבית עוגות בראוניס פ,גרמים,380.00,100 גרם,false,,17.90,0.0471,true,1,59599
7290105962331,false,סחוג תימני אדום חריף מאוד זהבי הכרם 220 גרם,אף.סי תבליני בגליל ב,,סחוג חריף מאוד זהבי,גרמים,220.00,100 גרם,false,,10.90,0.0495,true,1,56210
7290105962980,false,כרוב אדום במיונז 400 ג' אחלה,מיוצר עי קונדיטוריית,,אחלה סלט כרוב אדום 4,גרמים,400.00,100 גרם,false,,10.90,0.0273,true,1,56213
7290105962997,false,חצילים אחלה במיונז 400 גר',"שטראוס גרופ בע""מ",,אחלה סלט חציל במיונז,גרמים,400.00,100 גרם,false,,10.90,0.0273,true,1,56214
7290105963000,false,סלט מטבוחה 400 ג' אחלה,מיוצר עי קונדיטוריית,,אחלה סלט מטבוחה 400,גרמים,400.00,100 גרם,false,,10.90,0.0273,true,1,56215
7290105964564,false,סלט חומוס אחלה 400גר,מיוצר עי קונדיטוריית,,אחלה חומוס אחלה 400,גרמים,400.00,100 גרם,false,,7.90,0.0198,true,1,60349
7290105965738,false,יוגורט לשתיה בטעם תות בננה267 ג' דנונה,מיוצר עי קונדיטוריית,,דנונה משקה תות בננה,גרמים,267.00,100 גרם,false,,4.80,0.0180,true,1,76175
7290105966469,false,"חומץ בלסמי ממודנה יד מרדכי 250 מ""ל",אצטייה ג'וזפה קרמוני,,יד מרדכי חומץ בלסמי,מיליליטרים,250.00,"100 מ""ל",false,,14.90,0.0596,true,1,63087
7290105968098,false,סלט קולסלאו אחלה 500 גרם,שטראוס גרופ סלטים,,אחלה קולסלאו 500 גרם,גרמים,500.00,100 גרם,false,,15.10,0.0302,true,1,58734
7290105968654,false,רביולי בטטה פרווה פסטה נונה 400 ג',מיוצר עי קונדיטוריית,,שטראוס רביולי בטטה 4,גרמים,400.00,100 גרם,false,,20.90,0.0522,true,1,58532
7290105968777,false,פריכיות 5 דגנים עם תחתית שוקולד מריר 70 גרם,"טחנת האבן תעשיות בע""",,אנרג'י פריכיות תחתית,יחידה,0.00,יחידה,false,,8.90,0.0000,true,1,64489
7290106261327,false,"קלאסיק - דאודורנט ספריי לאישה גולד מיינד 200 מ""ל",,,דואדורנט ליידי גולד,יחידה,0.00,יחידה,false,,12.90,0.0000,true,1,193209
7290106263437,false,שמפו אובליפיחה ללא מ,,,שמפו אובליפיחה ללא מ,יחידה,0.00,יחידה,false,,39.90,0.0000,true,1,158969
7290106520066,false,"רבע לשבע שוקולד חלב במילוי אגוזים עלית 160 גרם בד""צ","הגביע מוצרי וופלים בע""\מ",,רבע לשבע 160 גרם,גרמים,160.00,100 גרם,false,,12.90,0.0806,true,1,59583
7290106520288,false,יוגורט פרו חלבון עם תות 2.4% שומן 150 ג' דנונה,"שטראוס בריאות בע""מ",,"דנונה פרי תות 150 מ""",מיליליטרים,150.00,"100 מ""ל",false,,4.50,0.0300,true,1,110750
7290106520905,false,סלט טורקי אחלה 400 גרם,"שטראוס גרופ בע""\מ",,אחלה סלט טורקי 400 ג,גרמים,400.00,100 גרם,false,,15.10,0.0377,true,1,63075
7290106520912,false,"שמנת 9% לבישול יטבתה 250 מ""ל מהדרין",מחלבת יטבתה,,יטבתה שמנת לבישול 9%,מיליליטרים,258.00,"100 מ""ל",false,,8.60,0.0333,true,1,64629
7290106521049,false,אחלה טעמי השוק קוביות סלק 400 גר,מיוצר עי קונדיטוריית,,אחלה סלט קוביות סלק,גרמים,400.00,100 גרם,false,,15.10,0.0377,true,1,71207
7290106521926,false,קפה טורקי בצלופן עלית 150 גרם,שטראוס קפה בי.ויn\.,,קפה טורקי עלית 150 ג,גרמים,150.00,100 גרם,false,,11.90,0.0793,true,1,154992
7290106524439,false,"תפוצ'יפס פופס 60 גרם ""עלית""","שטראוס פריטו ליי בע""\מ )",,תפוצ'יפס פופס 60 גרם,יחידה,0.00,יחידה,false,,3.90,0.0000,true,1,129817
7290106525320,false,אבקת שוקולית לאפייה קופסא 500ג' עלית,הנסיך- מפעל לייצור ט,,שוקולית לאפיה 500 גר,גרמים,500.00,100 גרם,false,,14.90,0.0298,true,1,88321
7290106526822,false,פריכיות אורז חום מלא תחתית שוקולד חלב 80 גרם,"טחנת האבן תעשיות בע""",,פריכיות אנרג'י עם תח,יחידה,0.00,יחידה,false,,8.90,0.0000,true,1,74858
7290106528567,false,"דוריטוס גריל 185 גרם ""עלית""","שטראוס פריטו ליי בע""\מ )",,דוריטוס גריל 185 גרם,גרמים,185.00,100 גרם,false,,7.90,0.0427,true,1,112599
7290106528628,false,"דוריטוס טבעי 185 גרם ""עלית""","שטראוס פריטו ליי בע""\מ )",,דוריטוס טבעי 185 גרם,גרמים,185.00,100 גרם,false,,7.90,0.0427,true,1,112600
7290106528949,false,לקט ערוגות 450 גרם שטראוס,שטראוס בריאות ירקות טריי,,שטראוס לקט ערוגות 45,גרמים,450.00,100 גרם,false,,12.90,0.0287,true,1,77409
7290106571563,false,אפרופו משפחתי 200 גר',"אסם השקעות בע""\מ",,אפרופו 200ג,גרמים,200.00,100 גרם,false,,11.00,0.0550,true,1,59916
7290106571921,false,עוגיות פיטנס עוגיות חמוציות 180 גר',מיוצר עי קונדיטוריית,,פיטנס עוגיות חמוציות,גרמים,180.00,100 גרם,false,,11.90,0.0661,true,1,77291
7290106572027,false,אוסם - לחמית חמישה דגנים 190 גרם,"אסם השקעות בע""\מ",,לחמית חמישה דגנים 19,גרמים,190.00,100 גרם,false,,9.90,0.0521,true,1,59923
7290106572065,false,חטיפי פריכונים טורטיה חמוץ מתוק 60 גרם,"פרח תעשיות מזון בע""מ",,קריספי טורטיה תירס ח,יחידה,0.00,יחידה,false,,7.90,0.0000,true,1,59925
7290106573024,false,סירופ דיאט אננס 1 ליטר עסיס,בית השיטה עסיס תעשיו,,עסיס סירופ דיאט בטעם,ליטרים,1.00,ליטר,false,,19.90,19.9000,true,1,100303
7290106573086,false,קוסקוס בינוני אמיתי 350X2ג' אסם,"מיוצר ע""י קוד יצרן K",,אסם קוסקוס אמיתי 2*3,גרמים,700.00,100 גרם,false,,10.90,0.0156,true,1,73175
7290106573598,false,צבר חומוס לבנוני 400 גרם,סלטי צבר,,צבר חומוס לבנוני 400,גרמים,400.00,100 גרם,false,,12.90,0.0323,true,1,67074
7290106573628,false,חומוס עם טחינה צבר 400 גרם,סלטי צבר,,צבר חומוס עם טחינה 4,גרמים,400.00,100 גרם,false,,12.90,0.0323,true,1,66959
7290106574793,false,עוגת הבית בטעם שוקו-שוקוצ'יפס 350 ג' אסם,מיוצר עי קונדיטוריית,,עוגות הבית שוקו שוקו,גרמים,350.00,100 גרם,false,,14.90,0.0426,true,1,69774
7290106574977,false,בייגלה שטוחים כעכים שטוחים עם מלח,מיוצר עי קונדיטוריית,,אסם בייגלה שטוחים עם,גרמים,300.00,100 גרם,false,,10.90,0.0363,true,1,69766
7290106575257,false,עוגת הבית סופלה בטעם שוקולד 340 ג' אסם,מיוצר עי קונדיטוריית,,הבית עוגת סופלה בטעם,גרמים,340.00,100 גרם,false,,14.90,0.0438,true,1,72264
7290106575431,false,עוגת הבית סופלה בטעם שוקוניל 340 ג' אסם,מיוצר עי קונדיטוריית,,הבית עוגת סופלה בטעם,גרמים,340.00,100 גרם,false,,14.90,0.0438,true,1,72265
7290106576513,false,חומוס חלק צבר 400 גר,סלטי צבר,,צבר חומוס 400 גרם,גרמים,400.00,100 גרם,false,,9.90,0.0248,true,1,75126
7290106576537,false,חומוס מסעדות צבר 700 גרם,סלטי צבר,,צבר חומוס מסעדה 700,גרמים,700.00,100 גרם,false,,13.90,0.0199,true,1,71681
7290106577282,false,טחינה אמיתית מרובע 400 ג' צבר,סלטי צבר,,צבר טחינה מרובע 400,גרמים,400.00,100 גרם,false,,12.90,0.0323,true,1,72630
7290106577527,false,סלט קולסלאו כרוב לבן וגזר 400 ג' צבר,סלטי צבר,,צבר קולסלו מרובע 400,גרמים,400.00,100 גרם,false,,12.90,0.0323,true,1,72638
7290106577541,false,צבר כרוב אדום מרובע 400גרם,סלטי צבר,,צבר כרוב אדום מרובע,גרמים,400.00,100 גרם,false,,12.90,0.0323,true,1,72636
7290106577572,false,מטבוחה אמיתית מרובע 400 ג' צבר,סלטי צבר,,צבר מטבוחה מרובע 400,גרמים,400.00,100 גרם,false,,12.90,0.0323,true,1,72629
7290106578692,false,ביסלי במבה מיקס מהדורת אליפות אסם 80 גרם,פרו מן יו פתרונות אר,,ביסלי במבה מיקס 80 ג,יחידה,0.00,יחידה,false,,5.90,0.0000,true,1,108724
7290106578821,false,הבית עוגת שמרים קלאסית בטעם שוקולד 350גר.,מיוצר עי קונדיטוריית,,הבית עוגת שמרים קלאס,גרמים,350.00,100 גרם,false,,17.90,0.0511,true,1,75114
7290106652996,false,כיף כף מקלות קוקוס חלבי 40 גר',סולן בעבור שטראוס,,כיף כף מקלות קוקוס 4,יחידה,0.00,יחידה,false,,6.00,0.0000,true,1,193040
7290106653504,false,סבבה בוטנים אמריקאים ברביקיו 50 גרם,"שטראוס פריטו ליי בע""",,סבבה בוטנים ברביקיו,יחידה,0.00,יחידה,false,,2.90,0.0000,true,1,142011
7290106653689,false,לקט לסלט אסייתי שטראוס 350 גרם,שטראוס בריאות ירקות טריי,,לקט לסלט אסייתי 350,גרמים,350.00,100 גרם,false,,11.90,0.0340,true,1,121407
7290106654099,false,מילקי CAKE עוגות אישיות במילוי קרם חלב,בובארד איטליה אס.פי.איי,,מארז מילקי cakeשמיני,יחידה,0.00,יחידה,false,,19.90,0.0000,true,1,110339
7290106660410,false,"רביולי תרד וגבינה 400 גרם ""שטראוס""",מיוצר עי קונדיטוריית,,שטראוס רביולי תרד וג,גרמים,400.00,100 גרם,false,,20.90,0.0522,true,1,88305
7290106663503,false,קונפיטורה לייט תות יד מרדכי 230 גרם,אף.סי תבליני בגליל ב,,יד מורדכי קונפיטורת,גרמים,230.00,230 גרם,false,,16.00,0.0696,true,1,97546
7290106664067,false,לאבנה עם שמן זית וזעתר 10% שטראוס 400 ג',הדקלאים אגודת שיתופי,,לאבנה עם שמן זית וזע,גרמים,400.00,100 גרם,false,,14.90,0.0373,true,1,108574
7290106666788,false,עלית - סוכריות נוסטלגיה דבש ממולאות 80 גרם,שטראוס גרופ,,עלית סוכריות נוסטלגי,יחידה,0.00,יחידה,false,,5.90,0.0000,true,1,103063
7290106667266,false,"דוריטוס חמוץ חריף 185 גרם ""עלית""","שטראוס פריטו ליי בע""\מ )",,דוריטוס חמוץ חריף 18,גרמים,185.00,100 גרם,false,,7.90,0.0427,true,1,112604
7290106668577,false,"מיץ לימון טיבעי 250 מ""ל יד מרדכי",האי נאם סי או אל.טי.,,יד מרדכי מיץ לימון 2,מיליליטרים,250.00,"100 מ""ל",false,,9.90,0.0396,true,1,103996
7290106668713,false,יוגורט עם פירות יער 3% שומן 150 ג' דנונה,מיוצר עי קונדיטוריית,,דנונה ביו פירות יער,גרמים,150.00,100 גרם,false,,3.90,0.0260,true,1,106365
7290106669857,false,קפסולות אספרסו בטעם וניל עלית 10 יחידות,הנסיך- מפעל לייצור ט,,עלית קפסולות אספרסו,יחידה,0.00,יחידה,false,,18.00,0.0000,true,1,121941
7290106720626,false,צ'יטוס קראנצ' בטעם גבינה - חלבי,"שטראוס פריטו ליי בע""\מ )",,ציטוס בטעם גבינה 80,יחידה,0.00,יחידה,false,,4.90,0.0000,true,1,122940
7290106721807,false,אחלה סלט חציל פיקנטי מהדרין 400ג,מיוצר עי קונדיטוריית,,אחלה חציל פיקנטי 400,גרמים,400.00,100 גרם,false,,10.90,0.0273,true,1,112834
7290106721913,false,מסטיק מאסט MUST ללא סוכר בטעם מנטה מרעננת,"שטראוס גרופ בע""מ",,מאסט צנצנת ריח פה צ',יחידה,0.00,יחידה,false,,9.90,0.0000,true,1,102757
7290106721920,false,צנצנת מסטיק מאסט בטעם ספירמינט עדין 66 ג' עלית,"שטראוס גרופ בע""\מ.",,מאסט צנצנת ספירמינט,יחידה,0.00,יחידה,false,,9.90,0.0000,true,1,102755
7290106723689,false,עלי תרד בייבי 200 גרם שטראוס,שטראוס בריאות ירקות טריי,,עלי תרד בייבי שטראוס,גרמים,200.00,200 גרם,false,,10.90,0.0545,true,1,97532
7290106725867,false,"סירופ מייפל טבעי 189 מ""ל ""יד מרדכי""",קוסלסי פוד,,יד מרדכי סירופ מייפל,מיליליטרים,189.00,"100 מ""ל",false,,34.90,0.1847,true,1,108583
7290106725874,false,"סירופ מייפל טבעי 236 מ""ל ""יד מרדכי""",יד מרדכי,,יד מרדכי סירופ מייפל,מיליליטרים,236.00,"100 מ""ל",false,,41.90,0.1775,true,1,108584
7290106726178,false,יוגורט PRO עם פירות יער 2.4% 10 גרם חלבון בגביע,מיוצר עי קונדיטוריית,,דנונה פרו פירות יער,מיליליטרים,150.00,"100 מ""ל",false,,4.60,0.0307,true,1,108564
7290106727984,false,"כיף כף פצפצים בגביע 135 גרם ""עלית""",שולן צ'\יקולטה גידה סאן.,,גביע פצפצים 135 גרם,גרמים,135.00,100 גרם,false,,10.90,0.0807,true,1,116200
7290106729650,false,יוגורט עם תות מאגדת 8 יח' * 150ג' דנונה,"שטראוס גרופ בע""\מ",,דנונה מארז תות 3% ש,יחידה,8.00,יחידה,false,,23.90,2.9875,true,1,112653
7290107280341,false,ריצפז מטליות לחות לניקוי הרצפה בניחוח מלון מפנק,טרופיקל דגיל תעשיות,,ריצפז מטליות לחות לנ,יחידה,0.00,יחידה,false,,13.90,0.0000,true,1,148823
7290107280389,false,"סנו - ג'ט מרסס לניקוי בחדר האמבטיה 750 מ""ל","איי, בי, אינבוו",,סנו ג'ט מתז לאמבט 75,מיליליטרים,750.00,"100 מ""ל",false,,12.90,0.0172,true,1,72971
7290107280396,false,"סנו - ג'ט מרסס לניקוי יסודי במטבח 750 מ""ל","סנו מפעלי ברונוס בע""",,סנו ג'ט מתז למטבח 75,מיליליטרים,750.00,"100 מ""ל",false,,13.90,0.0185,true,1,73181
7290107280570,false,סנו - מקסימה ג'ל כביסה מרוכז לכביסה צבעונית 3 ליטר,מיוצר עי קונדיטוריית,,מקסימה ג'ל כביסה מיק,ליטרים,3.00,3 ליטר,false,,29.90,9.9667,true,1,97801
7290107280655,false,אבקת כביסה Baby לתינוקות ולעור רגיש,הורביץ סחר,,"מקסימה בייבי 3.25 ק""",קילוגרמים,3.25,"ק""ג",false,,30.00,9.2308,true,1,98543
7290107280709,false,"סנו ספארק נוזל הברקה למדיח 700 מ""ל","סנו מפעלי ברונוס בע""\מ",,סנו ספארק נוזל הברקה,יחידה,0.00,יחידה,false,,15.90,0.0000,true,1,105141
7290107544481,false,אורנה 19קרם להסרת שיער קלאסי 80 מל,אלפא קוסמטיקה,,אורנה 19 קרם להסרת ש,יחידה,0.00,יחידה,false,,14.90,0.0000,true,1,176723
7290107644488,false,בייגל בייגל בייגלה שמיניות עם מלח 255 ג,"דרך השוקולד ,1 צפת 13404",,בייגלה שמיניות עם מל,גרמים,255.00,100 גרם,false,,6.90,0.0271,true,1,149310
7290107645584,false,אבקת מרק עוף אמיתי רכיבים טבעיים 400 גרם - רבנות,יוניליוור ישראל מזון בע\,,קנור עוף אמיתי רכיבי,גרמים,400.00,100 גרם,false,,21.90,0.0547,true,1,132521
7290107645591,false,אבקת מרק בטעם עוף 100% רכיבים טבעיים 400 גרם,יוניליוור ישראל מזון בע\,,קנור מרק טעם עוף רכי,גרמים,400.00,100 גרם,false,,17.90,0.0447,true,1,132522
7290107646062,false,אבקת מרק בצל רכיבים טבעיים קנור 400 ג',"יוניליוור ישראל מזון בע""",,קנור מרק בצל רכיבים,גרמים,400.00,100 גרם,false,,21.90,0.0547,true,1,132524
7290107646147,false,"חטיף שוגי קורנפלקס תלמה 156 גרם מארז 6 יחידות בד""צ",יוניליוור ישראל מזון בעמ,,חטיף שוגי קורנפלקס ש,יחידה,0.00,יחידה,false,,12.90,0.0000,true,1,132515
7290107646154,false,"חטיף קוקומן פצפוצים תלמה 126 גרם מארז 6 יחידות בד""צ",יוניליוור ישראל מזון בעמ,,חטיף קוקומן פצפוצ טע,יחידה,0.00,יחידה,false,,12.90,0.0000,true,1,132516
7290107646826,false,"חטיף שוגי שוקו תלמה 156 גרם מארז 6 יחידות בד""צ",יוניליוור ישראל מזון בעמ,,חטיף שוגי טעם שוקו ש,יחידה,0.00,יחידה,false,,12.90,0.0000,true,1,132517
7290107646918,false,"קנור-רוטב שקשוקה עגבניות ופלפלים 415 מ""ל",קונסורזיו קאסאלאסקו דל פ,,קנור רוטב שקשוקה 415,גרמים,415.00,100 גרם,false,,14.90,0.0359,true,1,127066
7290107646970,false,"מיונז תלמה איולי שום 273 גר בד""ץ",יוניליוור מזון,,תלמה איולי שום ממרח,גרמים,250.00,100 גרם,false,,8.90,0.0356,true,1,127400
7290107647359,false,דומסטוס סבון אסלה 5 הפועלות בניחות אוקיינוס 3 יח' * 55 ג',יוניליוור ניקיון,,דומסטוס שלישיית סבון,יחידה,0.00,יחידה,false,,16.90,0.0000,true,1,130402
7290107647366,false,דומסטוס סבון אסלה 5 הפועלות בניחות ליים 3 יח' * 55 ג',יוניליוור ניקיון,,דומסטוס שלישיית סבון,יחידה,0.00,יחידה,false,,16.90,0.0000,true,1,130403
7290107647731,false,קוקומן חום לבן בטעם שוקולד ווניל,יוניליוור ישראל מזון בעמ,,קוקומן חום לבן 20% מ,גרמים,500.00,100 גרם,false,,19.90,0.0398,true,1,127115
7290107647816,false,"דגני ברנפלקס ללא תוספת סוכר 500 גרם בד""צ",יוניליוור ישראל מזון בעמ,,ברנפלקס בדצ ללא סוכר,גרמים,500.00,100 גרם,false,,23.90,0.0478,true,1,127218
7290107647854,false,"שוגי מופחת סוכר תלמה 500 ג' בד""צ",יוניליוור ישראל מזון בעמ,,שוגי 20% פחות סוכר 5,גרמים,500.00,100 גרם,false,,19.90,0.0398,true,1,127117
7290107648943,false,"ברנפלקס קרנצ'ים מייפל תלמה 375 גרם בד""צ","יוניליוור שפע ישראל בע""\",,ברנפלקס קרנצים מייפל,גרמים,375.00,100 גרם,false,,23.00,0.0613,true,1,133218
7290107648974,false,קנור רוטב לפסטה עגבניות עם בזיליקום,קונסורזיו קאסאלאסקו דל פ,,קנור רוטב לפסטה בזיל,גרמים,415.00,100 גרם,false,,14.90,0.0359,true,1,137885
7290107648981,false,רוטב עגבניות קלאסי פומודורו 415 ג' קנור,מיוצר עי קונסורזייו,,קנור רוטב פומודורו ל,גרמים,415.00,100 גרם,false,,14.90,0.0359,true,1,132004
7290107649100,false,בייגלה טבעות שומשום 300 גרם.,בייגל את בייגל מזון 198),,בייגל בייגלה טבעות ש,גרמים,300.00,100 גרם,false,,12.00,0.0400,true,1,140186
7290107649605,false,קליק אקסטרא לארג שוקולד חלב עם פתיתי תירס ודגנים,יוניליוור ישראל מזון בעמ,,קליק טבלה קורנפלקס ח,יחידה,0.00,יחידה,false,,7.00,0.0000,true,1,133128
7290107649681,false,טילון פסק זמן - נוגט קראנץ',"מיוצר ע""\י גלידת שטראוס",,טילון פסק זמן נוגט ק,יחידה,0.00,יחידה,false,,7.90,0.0000,true,1,144785
7290107649735,false,"גלידה 5 טעמים תות, לימון, בננה, משמש, פטל 2ל'","גלידת שטראוס בע""\מ, רחוב",,גלידה תות לימון בננה,יחידה,0.00,יחידה,false,,22.90,0.0000,true,1,144805
7290107871297,false,אוסם - מיני פריכונים עשבי תיבול 25 גרם,"פרח תעשיות מזון בע""מ.",,פריכונים מיני עשבי ת,יחידה,0.00,יחידה,false,,4.50,0.0000,true,1,98834
7290107871990,false,"פסטה צינורות 500 גרם ""אסם""",פסטה זארה,,פסטה אסם צינורות 500,גרמים,500.00,100 גרם,false,,5.90,0.0118,true,1,79194
7290107874427,false,אוסם - מיני פריכונים זעתר 25 גרם,"פרח תעשיות מזון בע""מ.",,פריכונים מיני זעתר 2,יחידה,0.00,יחידה,false,,4.50,0.0000,true,1,98839
7290107874441,false,מיני פריכונים בצל מקורמל אסם 25 גרם,"פרח תעשיות מזון בע""מ.",,פריכונים מיני בצל מק,יחידה,0.00,יחידה,false,,4.50,0.0000,true,1,98840
7290107874502,false,ביסלי גריל קדמ. מארז אחיד 10 4*55 גרם,מיוצר עי קונדיטוריית,,ביסלי גריל 4*55 גרם,גרמים,220.00,100 גרם,false,,12.90,0.0586,true,1,113865
7290107875158,false,במבה קלאסי מארז 4 יח' *60ג' אסם,מיוצר עי קונדיטוריית,,במבה אסם 4*60ג,גרמים,240.00,100 גרם,false,,12.90,0.0538,true,1,150886
7290107875271,false,ביסלי ברביקיו קדמ. מארז אחיד10 4*55 גרם,"אסם השקעות בע""\מ",,ביסלי ברביקיו 4*55 ג,גרמים,220.00,100 גרם,false,,12.90,0.0586,true,1,113866
7290107875820,false,קרוטונים אפויים בתיבול ביתי אוסם 180 ג',עינת תעשיות מזון,,אסם קרוטונים אפויים,גרמים,180.00,100 גרם,false,,12.90,0.0717,true,1,99709
7290107877619,false,מארז במבה במילוי קרם נוגט 5*30ג' אסם,"אסם השקעות בע""\מ",,במבה במילוי קרם נוגט,יחידה,0.00,יחידה,false,,13.90,0.0000,true,1,121299
7290107931397,false,כיף כף פצפוצים במילוי שוקולד 40 גרם,שולן צ'\יקולטה גידה סאן.,,כיף כף פצפצים במילוי,יחידה,0.00,יחידה,false,,5.90,0.0000,true,1,113224
7290107932080,false,חלב מועשר יוטבתה בבקבוק 3% 1 ליטר,מחלבת יטבתה,,חלב יטבתה בבקבוק3% מ,ליטרים,1.00,ליטר,false,,7.50,7.5000,true,1,108555
7290107933155,false,לקט סלנובה שטראוס 200 גרם,שטראוס בריאות ירקות טריי,,לקט סלנובה 200 גרם,יחידה,0.00,יחידה,false,,13.90,0.0000,true,1,111519
7290107934473,false,שמינייה יוגורט לבן אקטיביה 1.5% דנונה 150 גרם,"שטראוס גרופ בע""\מ",,מארז אקטיביה שמינייה,יחידה,0.00,יחידה,false,,21.90,0.0000,true,1,107438
7290107936309,false,דנונה יוגורט 7% יווני לבן 130 ג',"שטראוס בריאות בע""מ",,דנונה יווני 130 גרם,גרמים,130.00,100 גרם,false,,3.50,0.0269,true,1,118082
7290107936958,false,עד חצות ביסקוויט אצבעות שוקולד 125 גרם,ביסקוויטס טור ד'\אלבון,,עד חצות אצבעות 125 ג,גרמים,125.00,100 גרם,false,,11.90,0.0952,true,1,128827
7290107936965,false,עיגולים עד חצות עם שוקולד חלב 225 גר,ביסקווטרי עוגיות סנט,,עד חצות עיגולים 225,גרמים,225.00,100 גרם,false,,14.90,0.0662,true,1,128676
7290107937542,false,משקה יוגורט אקטיביה עם תות 1.2% שומן,מיוצר עי קונדיטוריית,,אקטיביה משקה בטעם תו,מיליליטרים,250.00,"100 מ""ל",false,,4.90,0.0196,true,1,113797
7290107937627,false,מסטיק מאסט Must קוביות ללא סוכר בטעם מנטה עדינה,אסקום קונפקשיין,,צנצנת מסטיק קוביות ס,יחידה,0.00,יחידה,false,,9.90,0.0000,true,1,118117
7290107937634,false,צנצנית מסטיק מאסט קוביות פפירמינט 58 ג' עלית,אסקום קונפקשיין,,צנצנת מסטיק קוביות פ,יחידה,0.00,יחידה,false,,9.90,0.0000,true,1,118118
7290107937641,false,צנצנת מסטיק בזוקה קוביות ללא סוכר,אסקום קונפקשיין,,צנצנת מסטיק קוביות ב,יחידה,0.00,יחידה,false,,9.90,0.0000,true,1,118119
7290107937856,false,קפסולות 11חזק למכונות נספרסו עלית 10יח',הנסיך- מפעל לייצור ט,,עלית קפסולות מס 11 5,יחידה,0.00,יחידה,false,,18.00,0.0000,true,1,117688
7290107938396,false,שמיניית אקטימל תות דיסני בנים 108 גרם,מיוצר עי קונדיטוריית,,אקטימל 8 תות דיסני V,יחידה,8.00,יחידה,false,,19.90,2.4875,true,1,115153
7290107939027,false,גזר דק דק 250 גרם שטראוס,שטראוס בריאות ירקות טריי,,שטראוס גזר דק דק 250,גרמים,250.00,100 גרם,false,,6.90,0.0276,true,1,117820
7290107940030,false,"חומוס אחלה מופחת שומן 650 גרם ""אחלה""",שטראוס גרופ,,חומוס אחלה 650 גרם,גרמים,650.00,100 גרם,false,,9.90,0.0152,true,1,118997
7290107940467,false,אקטיביה יוגורט 1.5% שומן 200 ג' דנונה,מיוצר עי קונדיטוריית,,אקטיביה 1.5% 200 גרם,גרמים,200.00,100 גרם,false,,3.70,0.0185,true,1,115133
7290107941259,false,"עדשים ירוקות מבושלות 475 גרם ""טעם הטבע",הורקסה לס לגונס דה ס,,טעם הטבע עדשים ירוקו,גרמים,475.00,100 גרם,false,,10.90,0.0229,true,1,119383
7290107941273,false,"חומוס מבושל 475 גרם ""טעם הטבע",הורקסה לס לגונס דה ס,,טעם הטבע חומוס מבושל,גרמים,475.00,100 גרם,false,,10.90,0.0229,true,1,119385
7290107942355,false,תפוצ'יפס מקלות בטעם טבעי 60 גרם,"שטראוס פריטו ליי בע""",,תפוצ'יפס מקלות בטעם,יחידה,0.00,יחידה,false,,3.90,0.0000,true,1,118961
7290107943192,false,"שמנת חמוצה מהערבה 27% שומן 200 מ""ל יטבתה",מחלבת יטבתה,,שמנת חמוצה מהערבה 39,גרמים,390.00,100 גרם,false,,3.90,0.0100,true,1,128833
7290107943369,false,קוואקר שיבולת שועל ללא גלוטן 511 גרם,היידי שוקולד בירונטי,,קוואקר שיבולת שועל ל,גרמים,511.00,100 גרם,false,,19.90,0.0389,true,1,126865
7290107944243,false,אפיפיות בטעם שוקולד 200 גרם כשר לפסח,"שטראוס גרופ בע""\מ",,אפיפיות בטעם שוקולד,גרמים,200.00,100 גרם,false,,7.90,0.0395,true,1,127268
7290107944472,false,סימפוניה גבינה במרקם שמנת 5% שום שמיר,"שטראוס בריאות בע""\מ",,סימפוניה שום שמיר 5%,גרמים,200.00,100 גרם,false,,10.90,0.0545,true,1,119378
7290107945165,false,קונפיטורת משמש יד מרדכי 340 גרם,אף.סי תבליני בגליל ב,,יד מרדכי קונפיטורה מ,גרמים,340.00,100 גרם,false,,16.00,0.0471,true,1,122168
7290107950190,false,מעדן חלב דל קלוריות בטעם שוקולד מריר 0.5% שומן,מיוצר עי קונדיטוריית,,מעדן שטראוס דיאט שוק,גרמים,130.00,100 גרם,false,,3.50,0.0269,true,1,118075
7290107950206,false,מעדן דיאט שוקולד שטראוס 130 גרם,מיוצר עי קונדיטוריית,,מעדן שטראוס דיאט שוק,גרמים,130.00,100 גרם,false,,3.50,0.0269,true,1,118076
7290107951104,false,בפלות ופלים ארוכים בטעם שוקולד,"שטראוס גרופ בע""\מ",,עלית בפלות ארוכות שו,גרמים,200.00,100 גרם,false,,4.90,0.0245,true,1,119389
7290107951715,false,צנצנת מסטיק מאסט קוביות בטעם ענבים 58 ג' עלית,אסקום קונפקשיין,,צנצנת מסטיק קוביות ע,יחידה,0.00,יחידה,false,,9.90,0.0000,true,1,121938
7290107953559,false,"מארז קפה טורקי עלית לדרך כשל""פ 168 גרם",הנסיך- מפעל לייצור ט,,עלית מארז טורקי לדרך,גרמים,168.00,100 גרם,false,,20.90,0.1244,true,1,120950
7290107954709,false,"קונפיטורת פירות יער ""יד מרדכי"" 340 גר'","ב.א. מזון בע""\מ",,יד מרדכי קונפיטורה פ,גרמים,340.00,100 גרם,false,,16.00,0.0471,true,1,124478
7290107956543,false,דבש טהור מפרחי בר 900 ג' יד מרדכי,STRAUSS-ISRAEL,,דבש טהור פרחי בר 900,גרמים,900.00,100 גרם,false,,39.90,0.0443,true,1,130515
7290107956642,false,"תרסיס שמן זית 150 מ""ל יד מרדכי כשלפ",פארייפאבה אגרואינדוס,,תרסיס שמן זית 150 גר,גרמים,150.00,100 גרם,false,,19.90,0.1327,true,1,129837
7290107956710,false,מארז מיני מילקי 70 גרם 16 יחידות,"שטראוס גרופ בע""\מ",,מארז מיני מילקי 16 י,יחידה,0.00,יחידה,false,,19.90,0.0000,true,1,127350
7290107956895,false,קפסולות 07 אספרסו בטעם קרמל עלית 10יח',שטראוס קפה בי.וי.,,קפסולות אספרסו בטעם,יחידה,0.00,יחידה,false,,18.00,0.0000,true,1,132648
7290107956901,false,קפסולות בטעם אגוזים למכונת נספרסו עלית 10 יחידות,שטראוס קפה בי.וי.,,עלית קפסולותאספרסו ב,גרמים,150.00,100 גרם,false,,18.00,0.1200,true,1,130336
7290107956925,false,קפסולות 13 אוגנדה למכונת נספרסו עלית 10יח',שטראוס קפה בי.וי.,,קפסולות קפה אוגנדה 1,יחידה,0.00,יחידה,false,,18.00,0.0000,true,1,137045
7290107956932,false,קפסולות אספרסו אידונזיה למכונות 50 גר,שטראוס קפה בי.וי.,,עלית קפסולות קפה אינ,גרמים,100.00,100 גרם,false,,18.00,0.1800,true,1,128679
7290107956963,false,"דנונה וניל 3% תות מארז 12X100מ""ל",שטראוס מחלבות,,שרינק 12 דנונה תות,יחידה,0.00,יחידה,false,,19.90,0.0000,true,1,127352
7290107957069,false,"מסטיק ע""למה ""בטעם אוכניות 66 גרם צנצנת ""עלית""","שטראוס גרופ בע""\מ",,צנצנת עלמה בטעם אוכמ,יחידה,0.00,יחידה,false,,9.90,0.0000,true,1,128677
7290107957229,false,שוקולד צ'יפס מריר מעולה לאפיה עלית 250 ג',"פוליבה בע""מ",,עלית נטיפי שוקולד צי,גרמים,250.00,100 גרם,false,,11.90,0.0476,true,1,132694
7290107957991,false,מילקי CAKE מיניס קרם חלב בציפוי שוקולד חלב שקית 16X9ג',בובארד איטליה אס.פי.איי,,מילקי קייק 144 גרם m,גרמים,144.00,100 גרם,false,,14.90,0.1035,true,1,135922
7290107958035,false,יוגורט במתיקות מעודנת 2% ללא תוספת סוכר- מארז 8 יח,"שטראוס בריאות בע""\מ",,מארז שמינייה מתיקות,יחידה,0.00,יחידה,false,,18.40,0.0000,true,1,129194
7290107971744,false,"קולגייט - מי פה טוטל ירוק ספרמינט 500 מ""ל",יבואן ומשווק: ש. שסט,,קולגייט מי פה טוטל י,מיליליטרים,500.00,"100 מ""ל",false,,29.90,0.0598,true,1,113437
7290107971751,false,מי פה קולגייט טוטל ללא אלכוהול פפרמינט,יבואן ומשווק: ש. שסט,,קולגייט מי פה טוטל כ,מיליליטרים,500.00,"100 מ""ל",false,,29.90,0.0598,true,1,113438
7290107973014,false,"סבון ידיים משאבה פלמוליב חלב ודבש 300 מ""ל",הנסיך- מפעל לייצור ט,,פלמוליב סבון ידיים ח,גרמים,300.00,100 גרם,false,,9.90,0.0330,true,1,164282
7290107973038,false,"סבון ידיים משאבה פלמוליב אקווריום 300 מ""ל",הנסיך- מפעל לייצור ט,,פלמוליב סבון ידיים א,גרמים,300.00,100 גרם,false,,9.90,0.0330,true,1,115530
7290107973311,false,קולגייט מברשת שיניים 360 פחם זהב זוג,הנסיך- מפעל לייצור ט,,קולגייט מברשת שיניים,יחידה,2.00,יחידה,false,,31.90,15.9500,true,1,113439
7290107973861,false,מאסטר שף עגבניות קצוצות דק שלישיה 400ג*3 כשלפ,קונסרזיו קאסאלאסקו ד,,מאסטר שף עגבניות קצו,גרמים,1200.00,100 גרם,false,,16.90,0.0141,true,1,116364
7290107974073,false,מנה עלי טורטיה קמח לבן מ.שף 20 סמ 320 גר,אלקאטי קורביישיסי גי,,מאסטר שף עלי טורטיה,גרמים,320.00,100 גרם,false,,10.90,0.0341,true,1,113728
7290107974080,false,מנה עלי טורטיה קמח לבן מ.שף 25 סמ 840 גר,הדקלאים אגודת שיתופי,,מאסטר שף עלי טורטיה,גרמים,840.00,100 גרם,false,,17.90,0.0213,true,1,113729
7290107974301,false,ליידי ספיד סטיק - דאודורנט ג'ל לאישה אלוורה 45 גרם,ליידי ספיד סטיק Lady Speed Stick,,ליידי ספיד סטיק אלוו,יחידה,0.00,יחידה,false,,24.90,0.0000,true,1,124251
7290107975360,false,ליידי ספיד סטיק פיור פרשנס ג'ל נשים 65ג',ליידי ספיד סטיק Lady Speed Stick,,ליידי ספיד סטיק פיור,יחידה,0.00,יחידה,false,,24.90,0.0000,true,1,125123
7290107975544,false,"קולגייט משחת שיניים סמיילס ברבי לגילאי 6 50מ""ל",קולגייט- פלמוליב,,קולגייט סמיילס ברבי,יחידה,0.00,יחידה,false,,12.90,0.0000,true,1,124051
7290107976916,false,"סבון ידיים משאבה פלמוליב זיתים 300 מ""ל",קולגייט פלמוליב,,פלמוליב סבון ידיים ח,יחידה,0.00,יחידה,false,,9.90,0.0000,true,1,125367
7290107977456,false,"פלמוליב - ג'ל רחצה ושמפו ספורט לגבר 750 מ""ל",קולגייט פלמוליב,,פלמוליב לגבר גל רחצה,מיליליטרים,750.00,"100 מ""ל",false,,19.90,0.0265,true,1,147074
7290107977753,false,"משחת שיניים פרודונט אקספרס 75 מ""ל ""מרידול""",קולגייט פלמוליב,,מרידול משחת שיניים פ,יחידה,0.00,יחידה,false,,24.90,0.0000,true,1,128843
7290107978101,false,מש.שיניים קולגייט א.וויט אקסטרה פאוור 75,קולגייט-פלמוליב,,קולגייט אופטיק ווייט,יחידה,0.00,יחידה,false,,29.90,0.0000,true,1,127775
7290107978330,false,מאסטר שף איטריות דקות 400 גרם,הדקלאים אגודת שיתופי,,מאסטר שף איטריות דקו,גרמים,400.00,100 גרם,false,,5.90,0.0148,true,1,126867
7290107978347,false,איטריות בינוניות מאסטר שף 400 גרם,הדקלאים אגודת שיתופי,,מאסטר שף איטריות בינ,גרמים,400.00,100 גרם,false,,5.90,0.0148,true,1,126868
7290108070309,false,שקית בלונים פסטל מעורב צבעים-100 יח,,,שקית בלונים פסטל מעו,יחידה,0.00,יחידה,false,,29.90,0.0000,true,1,146914
7290108070316,false,שקית 50בלונים פסטל מעורב,,,שקית בלונים פסטל מעו,יחידה,0.00,יחידה,false,,13.00,0.0000,true,1,146915
7290108077988,false,פלייסמנט סמי הכבאי יח,,,פלייסמט סמי הכבאי,יחידה,0.00,יחידה,false,,5.00,0.0000,true,1,146840
7290108078015,false,פלייסמט - מיקי,,,פלייסמט מיקי,יחידה,0.00,יחידה,false,,5.00,0.0000,true,1,146842
7290108201284,false,איירוויק מקלות ריחניים בניחוח לבנדר מתוק,איירוויק Air Wick,,אירוויק מקלות לבנדר,יחידה,0.00,יחידה,false,,14.90,0.0000,true,1,185377
7290108201437,false,"אבקת כביסה קולון 101 2.5 ק""ג",רקיט בנקיזר,,קולון אבקת כביסה 2.5,יחידה,0.00,יחידה,false,,21.90,0.0000,true,1,183882
7290108201864,false,קולון קפסולות גל לכביסה 28 יחידות,רקיט בנקיזר,,קולון קפסולות לכביסה,יחידה,25.00,יחידה,false,,29.90,1.1960,true,1,127912
7290108350203,false,"סנו סושי כריות קרצוף+ספוג מקציף 6 יחידות 12X9 ס""מ",סנו סושי,,כריות קרצוף עם ספוג,יחידה,0.00,יחידה,false,,9.90,0.0000,true,1,116205
7290108350647,false,"כיף פיות קרם מתיר קשרים 350 מ""ל-מרכז",החברה הדרומית,,כיף פיות קרם להתרת ק,מיליליטרים,350.00,"100 מ""ל",false,,19.90,0.0569,true,1,111974
7290108350654,false,כיף פיות תרסיס לשיער להתרת קשרים 350 מל,קוסמופארם בע''מ,,תרסיס להתרת קשרים כי,מיליליטרים,350.00,"100 מ""ל",false,,19.90,0.0569,true,1,111975
7290108350753,false,"אורביטול משחת שיניים פרוטקט פרש, 145 גרם",גוד פוד פרודקטס S.p,,אורביטול משחת שיניים,יחידה,0.00,יחידה,false,,14.90,0.0000,true,1,138905
7290108351149,false,ג'ל ניקוי כללי בתוספת אבקת סודה ריח כביסה סנו ג'ט 1.5 ליטר,"סנו מפעלי ברונוס בע""\מ",,ג'ט פלוס סודה 1.5 לי,ליטרים,1.50,ליטר,false,,13.90,9.2667,true,1,121210
7290108351156,false,ג'ל ניקוי כללי בתוספת חומץ בריח לבנדר סנו ג'ט 1.5 ליטר,"סנו מפעלי ברונוס בע""\מ",,ג'ט פלוס חומץ 1.5 לי,ליטרים,1.50,ליטר,false,,13.90,9.2667,true,1,121211
7290108351507,false,מרכך כביסה אינספרישיין סנו מקסימה 4 ליטר,הורביץ סחר,,מרכך כביסה מקסימה 4,ליטרים,4.00,ליטר,false,,22.90,5.7250,true,1,127011
7290108351514,false,מרכך כביסה בלו בלוסום סנו מקסימה 4 ליטר,הורביץ סחר,,מקסימה מרכך כביסה בל,ליטרים,4.00,ליטר,false,,22.90,5.7250,true,1,127012
7290108351590,false,"סנופרש הום בלו בלוסון בניחוח מרכך כביסה 350 מ""ל",סנו פרש Fresh,,סנו פרש הום בלו 350,מיליליטרים,350.00,"100 מ""ל",false,,13.90,0.0397,true,1,125151
7290108351606,false,מטהר אוויר בלו בלוסום סנו פרש הום 350 מל,סנו מפעלי ברונוס בעמ,,סנו פרש הום סופט סיל,מיליליטרים,350.00,"100 מ""ל",false,,13.90,0.0397,true,1,125152
7290108351699,false,סנו - ג'ט מטליות לחות לניקוי כללי בתוספת חומץ לבנדר שלישיה,סנו מפעלי ברונוס על,,JET שלישיית מגבונים+,יחידה,0.00,יחידה,false,,17.90,0.0000,true,1,136535
7290108351705,false,פניני בישום 275 גרם מקסימה,inc prodacts smart value,,כדוריות בישום מקסימה,יחידה,0.00,יחידה,false,,21.90,0.0000,true,1,152450
7290108351835,false,מרכך כביסה Pure Sensation סנו מקסימה 4 ליטר,מיוצר עי קונדיטוריית,,מקסימה floral touch,ליטרים,4.00,ליטר,false,,22.90,5.7250,true,1,148145
7290108351972,false,סנופרש הום מבשם לבית בניחוח מלון בוטיק,מיוצר עי קונדיטוריית,,סנו פרשהום מטהר אווי,מיליליטרים,350.00,"100 מ""ל",false,,12.90,0.0369,true,1,149490
7290108351996,false,"חיטוי בייבי 99.9% לחיטוי וניקוי בסביבת תינוקות 750 מ""ל","סנו מפעלי ברונוס בע""\מ",,סנו מתז בייבי 99.9%,מיליליטרים,750.00,"100 מ""ל",false,,13.90,0.0185,true,1,145328
7290108352054,false,אורביטול - צמד מברשות שיניים 980 + חוט דנטלי במתנה,החברה הדרומית,,צמד מברשות שיניים OR,יחידה,0.00,יחידה,false,,22.90,0.0000,true,1,187462
7290108352092,false,משחת שיניים אורביטול פרוטקטיב סולט בטעם מנטה,טרופיקל דגיל תעשיות קוסמ,,אורביטול משחת שיניים,יחידה,0.00,יחידה,false,,16.90,0.0000,true,1,157322
7290108352207,false,מקסימה 40 קפסולות לכביסה בניחוח fresh burst,"גליל כימיקלים, א.ת. צפונ",,מקסימה קפסולות לכביס,יחידה,0.00,יחידה,false,,29.90,0.0000,true,1,153877
7290108352214,false,סנו - מקסימה קפסולות כביסה בניחוח בריזה מרעננת 40 יח',טרופיקל דגיל תעשיות,,מקסימה קפסולות לכביס,יחידה,0.00,יחידה,false,,29.90,0.0000,true,1,153876
7290108352221,false,סנופרש הום מבשם נוזלי בניחוח מלון מפנק,סנו מפעלי ברונוס בעמ,,פרש הום מלון מפנק,מיליליטרים,350.00,"100 מ""ל",false,,13.90,0.0397,true,1,154952
7290108352320,false,"מבשם אויר סנו פרש הום בניחוח כותנה מלטפת 350 מ""ל",מיוצר עי קונדיטוריית,,פרש הום מלון בוטיק,מיליליטרים,350.00,"100 מ""ל",false,,13.90,0.0397,true,1,154953
7290108352566,false,מרכך כביסה בבישום עוצמתי 4 ל' סנו מקסינה,"סנו מפעלי ברונוס בע""\מ",,מרכך כביסה 4 ליטר JO,ליטרים,4.00,ליטר,false,,22.90,5.7250,true,1,187464
7290108352573,false,מרכך כביסה סנו מקסימה בבישום עוצמתי 4 ליטר,"סנו מפעלי ברונוס בע""\מ",,מרכך 4 ליטר CALM,ליטרים,4.00,ליטר,false,,22.90,5.7250,true,1,188758
7290108352672,false,צמד מטליות הפלא לרצפה מיקרפייבר סנו סושי,סנו מפעלי ברונוס.,,סנו סושי מטלית הפלא,יחידה,0.00,יחידה,false,,19.90,0.0000,true,1,125153
7290108352818,false,מטלית במבוק לניקוי דוחה ריחות רעים,צ'\נצ'\גן גולי מוצרי צרי,,סנו סושי מטלית במבוק,יחידה,0.00,יחידה,false,,9.90,0.0000,true,1,139419
7290108352825,false,ספוג הפלא נירוסטה סנו סושי 3יח',ltdn s.k.a.tסנו מפעלי בר,,סנו סושי ספוג הפלא נ,יחידה,0.00,יחידה,false,,11.90,0.0000,true,1,135850
7290108353068,false,ספוג הפלא נירוסטה עם סיבי קירצוף סנו סושי 2 יח',מיוצר עי קונדיטוריית,,סנו סושי כרית קרצוף,יחידה,0.00,יחידה,false,,11.90,0.0000,true,1,146597
7290108353402,false,צמד מברשות שיניים עם סיבי פחם דקים במיוחד,יבואן ומשווק: ש. שסט,,אורביטול צמד מברשות,יחידה,0.00,יחידה,false,,22.90,0.0000,true,1,149484
7290108354492,false,"קרליין שמפו 10 לשיער שמן ארגן 700 מ""ל","קוסמופארם בע""\מ",,קרליין שמפו-לשיער אר,יחידה,0.00,יחידה,false,,12.90,0.0000,true,1,187281
7290108354607,false,"שמפו בניחוח מי קקטוס ושמן באבאסו 750 מ""ל נקה 7","אמיליה קוסמטיקס בע""מ",,נקה 7 שמפו ביו 750 מ,מיליליטרים,750.00,"100 מ""ל",false,,12.90,0.0172,true,1,188761
7290108354782,false,"קרם גוף קרמה ג'ינג'ר ולמון גראס 500 מ""ל",קוסמופארם בע'\'\מ,,קרמה קרם גוף גינגר ו,יחידה,0.00,יחידה,false,,24.90,0.0000,true,1,170550
7290108355055,false,לחו.לשיער מקצועי גלייז נטורל פורמולה 400,נטורל פורמולה Natural Formula,,"400מ""ל N.F לחות מקצו",מיליליטרים,400.00,"100 מ""ל",false,,32.90,0.0822,true,1,124227
7290108355116,false,בייבי כיף אל סבון לפני שינה 750 מל,קוסמופארם,,בייבי כיף אלסבון שינ,מיליליטרים,750.00,"100 מ""ל",false,,16.90,0.0225,true,1,138118
7290108355123,false,בייבי כיף קרם גוף לפני השינה 500 מל,החברה הדרומית,,Hydromoist בייבי כיף,מיליליטרים,500.00,"100 מ""ל",false,,22.90,0.0458,true,1,138119
7290108355154,false,"נקה 7 שמפו שמני הזנה 750 מ""ל","אמיליה קוסמטיקס בע""מ",,נקה 7-שמפו שמני הזנה,מיליליטרים,750.00,"100 מ""ל",false,,12.90,0.0172,true,1,135523
7290108355161,false,"מרכך שיער שמני הזנה 750 מ""ל נקה 7","אמיליה קוסמטיקס בע""מ",,נקה 7-מרכך שמני הזנה,מיליליטרים,750.00,"100 מ""ל",false,,12.90,0.0172,true,1,135524
7290108355192,false,"מרכך קרטין אינטנס למניעת קשקשים נטורל פורמולה 400 מ""ל",נטורל פורמולה Natural Formula,,נטורל מרכך קרטין אינ,מיליליטרים,400.00,"100 מ""ל",false,,32.90,0.0822,true,1,168679
7290108355208,false,"שמפו קרטין אינטנס למניעת קשקשים נטורל 400 מ""ל",נטורל פורמולה Natural Formula,,נטורל שמפו קרטין אינ,מיליליטרים,400.00,"100 מ""ל",false,,32.90,0.0822,true,1,130843
7290108355260,false,"נקה 7-שמפו 3ב1 שמפו ג'ל רחצה וסבון פנים לגבר 750 מ""ל","אמיליה קוסמטיקס בע""מ",,נקה 7 שמפו ג'ל רחצה,מיליליטרים,750.00,"100 מ""ל",false,,12.90,0.0172,true,1,136275
7290108355277,false,"נקה 7 - שמפו ומרכך לגבר 2 ב-1 750 מ""ל","אמיליה קוסמטיקס בע""מ",,נקה 7 שמפו ומרכך לגב,מיליליטרים,750.00,"100 מ""ל",false,,12.90,0.0172,true,1,136276
7290108355802,false,"תחליב רחצה קרמה ורד ווניל 700 מ""ל",גוד פוד פרודקטס S.p,,תחליב רחצה קרמה ורוד,יחידה,0.00,יחידה,false,,18.90,0.0000,true,1,157925
7290108355949,false,"תחליב רחצה קרמה נרולי ומנגוליה 700 מ""ל",החברה הדרומית,,קרמה תחליב רחצה נרול,יחידה,0.00,יחידה,false,,18.90,0.0000,true,1,157927
7290108356229,false,ג'ל גילוח לכל סוגי העור מועשר בפחם פעיל,טרופיקל דגיל תעשיות,,גל גילוח קרמה קול 20,מיליליטרים,200.00,"100 מ""ל",false,,13.90,0.0695,true,1,153401
7290108356519,false,קרליין שמפו 10למניעת קשקשים 700מל,"קוסמופארם בע""\מ",,"קרליין 700 מ""ל שמפו",מיליליטרים,700.00,"100 מ""ל",false,,13.90,0.0199,true,1,185878
7290108356526,false,"קרליין - שמפו 10 לשיער יבש 700 מ""ל","קוסמופארם בע""\מ",,"קרליין 700 מ""ל שמפו",מיליליטרים,700.00,"100 מ""ל",false,,13.90,0.0199,true,1,185879
7290108356533,false,קרוליין 10 שמפו לשיער מתולתל 700 מל,"קוסמופארם בע""\מ",,"קרליין 700 מ""ל שמפו",מיליליטרים,700.00,"100 מ""ל",false,,13.90,0.0199,true,1,185880
7290108356540,false,קרוליין 10 שמפו לשיער צבוע 700 מל,"קוסמופארם בע""\מ",,"קרליין 700 מ""ל שמפו",מיליליטרים,700.00,"100 מ""ל",false,,13.90,0.0199,true,1,185882
7290108356571,false,"קרליין - מרכך 10 לשיער יבש 700 מ""ל","קוסמופארם בע""\מ",,"קרליין 700 מ""ל מרכך",מיליליטרים,700.00,"100 מ""ל",false,,13.90,0.0199,true,1,185884
7290108356588,false,קרוליין 10 מרכך לשיער מתולתל 700 מל,"קוסמופארם בע""\מ",,"קרליין 700 מ""ל מרכך",מיליליטרים,700.00,"100 מ""ל",false,,13.90,0.0199,true,1,185885
7290108356595,false,"קרליין מרכך 10 לשיער צבוע 700 מ""ל","קוסמופארם בע""\מ",,"קרליין 700 מ""ל מרכך",מיליליטרים,700.00,"100 מ""ל",false,,13.90,0.0199,true,1,185886
7290108357042,false,"קרליין - נושם ביו דאודורנט רול און 75 מ""ל Citrus Blossoms לאישה","קוסמופארם בע""\מ",,קרליין נושם BIO דיאו,יחידה,0.00,יחידה,false,,12.90,0.0000,true,1,187453
7290108357080,false,"קרליין - נושם ביו דאודורנט ספריי 150 מ""ל Secret Garden לאישה",החברה הדרומית,,קרליין נושם BIO דיאו,מיליליטרים,200.00,"100 מ""ל",false,,12.90,0.0645,true,1,187457
7290108357110,false,"קרליין - נושם ביו דאודורנט רול און 75 מ""ל Valvet Rose לאישה","קוסמופארם בע""\מ",,קרליין נושם BIO דיאו,יחידה,0.00,יחידה,false,,12.90,0.0000,true,1,187456
7290108357189,false,"מבשם ומרכך למייבש הכביסה מקסימה פלורל 750 מ""ל סנו","סנו מפעלי ברונוס בע""\מ",,מקסימה למייבש פלורל,מיליליטרים,750.00,"100 מ""ל",false,,18.90,0.0252,true,1,149489
7290108357202,false,סנוקליר לניקוי בניחוח בלו בלוסום 1 ליטר,"סנו מפעלי ברונוס בע""\מ",,סנו קליר 1 לטר בלו ב,יחידה,0.00,יחידה,false,,10.90,0.0000,true,1,171457
7290108357233,false,סנוקליר מטליות לחות לניקוי והברקה 50יח,"סנו מפעלי ברונוס בע""\מ",,מטליות לחות לניקוי ו,יחידה,50.00,יחידה,false,,9.90,0.1980,true,1,187291
7290108357240,false,"אוקסיג'ן פאוור תוסף להסרת כתמים קשים 1.4 ק""ג",החברה הדרומית,,סנו אוקסיג'ן אבקה בק,קילוגרמים,1.40,"ק""ג",false,,29.90,21.3571,true,1,187287
7290108357301,false,"סנו - K300 קוטל חרקים תיקנים ונמלים 300 מ""ל","סנו מפעלי ברונוס בע""\מ",,K 300 לקטילה מיידית,מיליליטרים,300.00,"100 מ""ל",false,,12.90,0.0430,true,1,188377
7290108357578,false,"קרם ידיים קרמ וניל ופלפל ורוד 100 מ""ל","קוסמופארם בע""\מ.",,קרם ידיים קרמה וניל,יחידה,0.00,יחידה,false,,7.90,0.0000,true,1,178161
7290108357783,false,"כיף מרכך לשיער דק ושביר גוג'י ברי ומורינגה 700 מ""ל",קוסמופארם בעמ,,כיף מרכך גוגי ברי ומ,מיליליטרים,700.00,"100 מ""ל",false,,12.90,0.0184,true,1,141121
7290108359824,false,"כיף - בייבי כיף קרם 500 מ""ל",החברה הדרומית,,Hydromoist בייבי כיף,מיליליטרים,500.00,"100 מ""ל",false,,22.90,0.0458,true,1,138112
7290108359855,false,"שמפו אל דמע בייבי כיף+משאבה 750 מ""ל",גוד פוד פרודקטס S.p,,בייבי כיף שמפו אל דמ,מיליליטרים,750.00,"100 מ""ל",false,,16.90,0.0225,true,1,138114
7290108359985,false,סנו - ז'אוול מרסס קצף לניקוי וחינו בניחוח פריחה לבנה 1 ליטר,סנו ז'אוול Javel,,סנו ג'אוול מרסס פריח,ליטרים,1.00,ליטר,false,,16.90,16.9000,true,1,186611
7290108501346,false,גבינה מגורדת גאודה 28% שומן EURO CHEESE ויליפוד 500 גרם,ג. וילי פוד אינטרנשיונל,,גאודה מגורדת 500 גרם,גרמים,500.00,100 גרם,false,,24.90,0.0498,true,1,126776
7290108501490,false,גבינה מוצרלה פרוסות ו.פוד 150ג',ג.וילי פוד אינטרנשיונל ב,,מוצרלה פרוסות 150 גר,גרמים,150.00,100 גרם,false,,14.90,0.0993,true,1,130548
7290108502305,false,גבינת גרנה פדנו משולש ויליפוד 150 גרם,וילי פוד,,גרנה פדנו משולש 150,יחידה,0.00,יחידה,false,,21.90,0.0000,true,1,138939
7290108502329,false,רביעיית טונה בשמן זית ויליפוד 4*160 גרם,גולדן פרייז קאנינג אל טי,,רביעית נתחי טונה בשמ,יחידה,0.00,יחידה,false,,29.90,0.0000,true,1,138940
7290108502725,false,גבינת גאודה פרוסות ויליפוד 400 גרם,ג.וילי פוד אינטרנשיונל ב,,גאודה פרוסות 400 גרם,יחידה,0.00,יחידה,false,,21.90,0.0000,true,1,138974
7290108502862,false,מלפפונים כבושים במלח 18-25 קטנים ויליפוד 600 גרם,זיתור סאן גידה סני וטיקר,,מלפפונים כבושים במלח,יחידה,0.00,יחידה,false,,9.90,0.0000,true,1,138979
7290108503159,false,גבינה כחולה עם עובש 31% ויליפוד 100 גרם,קסוס אל פסטור,,כחולה עם עובש 31% שו,יחידה,0.00,יחידה,false,,14.90,0.0000,true,1,138989
7290108503791,false,ניוקי תפוח אדמה 3 צבעים 500 גרם (ללא גלוטן),סיימה אלימנטרי,,ניוקי תפוחי אדמה לל,גרמים,500.00,100 גרם,false,,11.90,0.0238,true,1,162321
7290108503814,false,גבינה מותכת למריחה 200 גרם,לוטס,,גבינה מותכת למריחה 2,גרמים,200.00,100 גרם,false,,13.90,0.0695,true,1,140688
7290108503999,false,פרוסות גבינה בטעם גאודה לכריכים וטוסטים ויליפוד 150 גרם,Euro יורו מחלבות אירופה,,פרוסות גבינה בטעם גא,גרמים,150.00,100 גרם,false,,10.90,0.0727,true,1,145717
7290108504002,false,פרוסות גבינה בטעם צ'דר לכריכים וטוסטים ויליפוד 150 גרם,Euro יורו מחלבות אירופה,,פרוסות גבינה לייט 9%,גרמים,150.00,100 גרם,false,,10.90,0.0727,true,1,145711
7290108504293,false,מנצ'גו צ'אנק ויליפוד 150 גרם,ג.וילי פוד אינטרנשיו,,מנצ'גו צ'אנק 150 גרם,גרמים,150.00,100 גרם,false,,16.90,0.1127,true,1,145727
7290108505689,false,גבינת גרנה פדנו מגורדת ויליפוד 100 גרם,זנאטי,,גבינה גרנה פדנו מגור,גרמים,100.00,100 גרם,false,,10.90,0.1090,true,1,149612
7290108505740,false,קשקבל גבינה חצי קשה EURO CHEESE ויליפוד 200 גרם,Euro יורו מחלבות אירופה,,גבינת קשקבל חצי קשה,גרמים,200.00,100 גרם,false,,14.90,0.0745,true,1,154019
7290108506532,false,גליליות וופל במילוי קרם בטעם אגוזי לוז 400ג' ויליפוד,בן& אר.פי.סי,,גליליות וופל במילוי,גרמים,400.00,100 גרם,false,,14.90,0.0373,true,1,153979
7290108506549,false,גליליות וופל במילוי קרם וניל פינוקים 400 גרם,Unknown,,גליליות וופל במילוי,גרמים,400.00,100 גרם,false,,14.90,0.0373,true,1,153980
7290108508369,false,גבינת CHEESE LONG ויליפוד 200 גרם,מוטיבי גידה דיירי אי,,LONG CHEESE גבינה 20,גרמים,200.00,100 גרם,false,,24.90,0.1245,true,1,166874
7290108508451,false,"משקה יוגורט טבעי 3.2% שומן יורו 200 מ""ל",Euro יורו מחלבות אירופה,,משקה יוגורט טבעי 200,מיליליטרים,200.00,"100 מ""ל",false,,5.90,0.0295,true,1,172704
7290108508789,false,רבעי ארטישוק בשמן ותבלינים 580 ג',,,רבעי ארטישוק בשמן ות,גרמים,580.00,100 גרם,false,,25.90,0.0447,true,1,172767
7290108508888,false,ביסקוויטים פתי בר ויליפוד 500 ג',ארגון ציקולאטה,,ביסקוויטים פתי בר 50,גרמים,500.00,100 גרם,false,,8.90,0.0178,true,1,172760
7290108508970,false,וילי פוד תה ג'רבה 50,אוסוואלדי קרוז בואנס,,וילי פוד תה ג'רבה 50,גרמים,500.00,100 גרם,false,,19.90,0.0398,true,1,171674
7290108509915,false,"מנת השף בשקית-איטריות בטעם סיני פיקנטי 85 ג' חתם סופר ב""ב",וילי פוד - מנת השף,,מנת השף אטריות להכנה,גרמים,85.00,100 גרם,false,,3.90,0.0459,true,1,179507
7290108509922,false,מנתהשף אטריות להכנה מהירה טעם עוף ויליפוד 85 גרם,וילי פוד - מנת השף,,מנת השף אטריות להכנה,גרמים,85.00,100 גרם,false,,3.90,0.0459,true,1,179508
7290108509946,false,"טורטיה (15 ס""מ קוטר) 250 גרם",מוטלוקל גידה סאנאי טיקרט,,"טורטייה ( 15ס""מ קוטר",גרמים,250.00,100 גרם,false,,5.90,0.0236,true,1,179517
7290108620085,false,"יין אסטייט שרדונה 750 מ""ל",יקבי ציון,,"שרדונה 750 מ""ל",מיליליטרים,750.00,"100 מ""ל",false,,40.00,0.0533,true,1,157085
7290108620122,false,יין אימפריאל קברנה מרלו אדום יבש 750 מל,יקבי ציון,,"קברנה - מרלו 750 מ""ל",מיליליטרים,750.00,"100 מ""ל",false,,29.90,0.0399,true,1,157090
7290108987812,false,סוזוקי רב שקע 6 כבל,,,סוזוקי רב שקע 6 כבל,יחידה,0.00,יחידה,false,,34.90,0.0000,true,1,140567
7290109130293,false,תבנית קפיץ גבוהה שול,,,תבנית קפיץ גבוהה שול,יחידה,0.00,יחידה,false,,44.90,0.0000,true,1,151591
7290109134598,false,סוחט הדרים גדול אלומיניום כתום,,,סוחט הדרים גדול אלומ,יחידה,0.00,יחידה,false,,34.90,0.0000,true,1,151704
7290109134604,false,סוחט הדרים קטן אלומיניום צהוב,,,סוחט הדרים קטן אלומי,יחידה,0.00,יחידה,false,,29.90,0.0000,true,1,151705
7290109134710,false,"מברשת סיליקון 27 ס""מ אדום Bake",,,"מברשת סיליקון 27 ס""מ",יחידה,0.00,יחידה,false,,16.90,0.0000,true,1,151599
7290109134758,false,"ספטולה סיליקון 32.5 ס""מ Bake it up סולתם",,,ספטולה סיליקון 32.5,יחידה,0.00,יחידה,false,,16.90,0.0000,true,1,151622
7290109134796,false,כף גלידה מקצועי סולת,,,כף גלידה מקצועי סולת,יחידה,0.00,יחידה,false,,29.90,0.0000,true,1,151671
7290109134901,false,פורס וכותש שום אלומי,,,פורס וכותש שום אלומי,יחידה,0.00,יחידה,false,,49.90,0.0000,true,1,151749
7290109134956,false,סולתם Bake-it up כוס,,,סולתם Bake-it up כוס,יחידה,0.00,יחידה,false,,16.90,0.0000,true,1,151757
7290109135106,false,"מגרדת נירוסטה עומדת 23 ס""מ",,,מגרדת נירוסטה עומדת,יחידה,0.00,יחידה,false,,14.90,0.0000,true,1,151661
7290109135854,false,"מחבת 26 ס""מ ציפוי שיש ידית אפורה RAINBOW",,,"מחבת 26 ס""מ ציפוי שי",יחידה,0.00,יחידה,false,,59.90,0.0000,true,1,151447
7290109135892,false,"ווק קרבון סטיל 9.7*34 ס""מ 1.5 מ""מ ידיות עץ",,,ווק קרבון סטיל 9.7*3,יחידה,0.00,יחידה,false,,79.90,0.0000,true,1,151549
7290109136707,false,"מטרפה נירוסטה 23 ס""מ Bake-it up סולתם",,,"מטרפה נירוסטה 23 ס""מ",יחידה,0.00,יחידה,false,,19.90,0.0000,true,1,151634
7290109136714,false,"מטרפה נירוסטה 30.5 ס""מ Bake-it",,,מטרפה נירוסטה 30.5 ס,יחידה,0.00,יחידה,false,,21.90,0.0000,true,1,151635
7290109137360,false,אלון סיר לחץ 9 ליטר,,,אלון סיר לחץ 9 ליטר,יחידה,0.00,יחידה,false,,149.90,0.0000,true,1,151584
7290109137513,false,"מחבת 30 ס""מ ציפוי שיש סולתם",,,"מחבת 30 ס""מ ציפוי שי",יחידה,0.00,יחידה,false,,79.90,0.0000,true,1,151449
7290109137568,false,"סיר 24 ס""מ 5 ליטר צ",,,"סיר 24 ס""מ 5 ליטר צ",יחידה,0.00,יחידה,false,,119.90,0.0000,true,1,151473
7290109137575,false,"סיר 26 ס""מ 6 ליטר צי",,,"סיר 26 ס""מ 6.5 ליטר",יחידה,0.00,יחידה,false,,129.90,0.0000,true,1,151474
7290109137599,false,"סוטז' 30 ס""מ ליטר צ",,,"סוטז' 30 ס""מ ליטר צ",יחידה,0.00,יחידה,false,,119.90,0.0000,true,1,151487
7290109138121,false,מספריים רב שימושיות,,,מספריים רב שימושיות,יחידה,0.00,יחידה,false,,10.00,0.0000,true,1,151427
7290109139210,false,"פינג'אן 750 מ""ל PICC",,,"פינג'אן 750 מ""ל PICC",יחידה,0.00,יחידה,false,,36.90,0.0000,true,1,154355
7290109139616,false,"קערה נירוסטה 24 ס""מ",,,"קערה נירוסטה 24 ס""מ",יחידה,0.00,יחידה,false,,26.90,0.0000,true,1,151509
7290109139685,false,"מסננת נירוסטה 30 ס""מ",,,"מסננת נירוסטה 30 ס""מ",יחידה,0.00,יחידה,false,,39.90,0.0000,true,1,151531
7290109139715,false,פינג'אן נירוסטה 500מל ידית בקליט,,,פינג'אן נירוסטה 500,יחידה,0.00,יחידה,false,,34.90,0.0000,true,1,151361
7290109351025,false,מלך החומוס חומוסטחינה 40% טחינה גולמית,סלטי צבר,,צבר חומוס טחינה 400,גרמים,400.00,100 גרם,false,,15.90,0.0398,true,1,109233
7290109351957,false,פריכיות פיטנס מיני גדולות שוקולד חלב 100ג',סנורייס בלגיום אן. ו,,אסם פיטנס פריכיות גד,גרמים,100.00,100 גרם,false,,8.90,0.0890,true,1,118036
7290109351971,false,פריכיות דגנים פיטנס מצופות שוקולד חלב,פרח תעשיות,,פיטנס בר פרכיות שוקו,יחידה,0.00,יחידה,false,,13.90,0.0000,true,1,114462
7290109352916,false,פריכיות דגנים פיטנס מצופות שוקולד לבן,פרח תעשיות,,פיטנס בר פרכיות שוקו,יחידה,0.00,יחידה,false,,13.90,0.0000,true,1,114464
7290109358482,false,עוגיות קרמוגית במילוי קרם בטעם חלבה,"הגביע מוצרי וופלים בע""\מ",,קרמוגית במילוי חלווה,גרמים,200.00,100 גרם,false,,11.90,0.0595,true,1,139505
7290109358765,false,דגני בוקר קראנץ' רולס נוגט 450 גרם,"אסם השקעות בע""\מ",,קראנץ רולס 450 גרם,גרמים,450.00,100 גרם,false,,26.90,0.0598,true,1,124838
7290109580043,false,"שניצל תירס קלאסי זוגלובק 1.75 ק""ג",זוגלובק,,שניצל תירס 1.75 קג ב,קילוגרמים,1.75,"ק""ג",false,,49.90,28.5143,true,1,158389
7290109580050,false,נקניקיות צ'וריסוס וונדרס 0% בשר טבעוני ללא גלוטן,"וונדרס ע""י זוגלובק 2000",,נקניקיות צ'וריסוס 22,גרמים,226.00,100 גרם,false,,29.90,0.1323,true,1,168196
7290109580067,false,"טחון וונדרס 0% בשר , טבעוני","וונדרס ע""י זוגלובק 2000",,טחון 340 גר' WONDERS,גרמים,226.00,100 גרם,false,,29.90,0.1323,true,1,168197
7290109580098,false,קבנוס בטעם סרירצ'ה זוגלובק 135 גרם,זוגלובק,,קבנוס בטעם סרירצ'ה 1,גרמים,135.00,100 גרם,false,,9.90,0.0733,true,1,184976
7290109580104,false,רוסטביף פרימיום זוגלובק 150 גרם,זוגלובק,,זוגלובק פרימיום רוסט,גרמים,150.00,100 גרם,false,,25.90,0.1727,true,1,166576
7290109580111,false,צלעות אסאדו מעושנות פרימיום זוגלובק 120 גרם,זוגלובק,,צלעות אסאדו מעושנות,גרמים,120.00,100 גרם,false,,25.90,0.2158,true,1,182624
7290109580135,false,זוגלובק פרימיום קורנדביף 180 גרם,זוגלובק,,זוגלובק פרימיום קורנ,גרמים,180.00,100 גרם,false,,25.90,0.1439,true,1,166586
7290109580159,false,פסטרמה בנוסח טוסקנה פרימיום זוגלובק 180 גרם,זוגלובק,,פסטרמה בנוסח טוסקנה,גרמים,180.00,100 גרם,false,,25.90,0.1439,true,1,166578
7290109580227,false,נקניקיות עוף ובקר בסגנון ברלינאי קאריוורסט,זוגלובק,,קאריוורסט נקניקיה עו,גרמים,300.00,100 גרם,false,,19.90,0.0663,true,1,178822
7290109580241,false,נאגטס מן הצומח זוגלובק 500 גרם,זוגלובק טבע,,נאגטס מן הצומח 500 ג,גרמים,500.00,100 גרם,false,,21.90,0.0438,true,1,189132
7290109580319,false,"בורגר וונדרס 0% בשר , טבעוני",זוגלובק וונדרס Wonders,,wonders 2.0 בורגר 28,גרמים,280.00,100 גרם,false,,29.90,0.1068,true,1,181623
7290109580432,false,פסטרמה חזה הודו מעושן דק דק זוגלובק 120 גרם,זוגלובק,,פסטרמה אקסטרה מעושנת,גרמים,120.00,100 גרם,false,,13.90,0.1158,true,1,190384
7290109580449,false,סלמי בטעם כמהין פרימיום זוגלובק 180 גרם,זוגלובק,,סלמי בטעם כמהין פרימ,גרמים,180.00,100 גרם,false,,25.90,0.1439,true,1,190483
7290109920146,false,"דורגול מסיר אבנית מקומקומים 750 מ""ל",יעקובי דורגול,,יעקבי דורגול מסיר אב,מיליליטרים,750.00,"100 מ""ל",false,,22.90,0.0305,true,1,116684
7290109920597,false,"אסטוניש - מרסס לניקוי המקלחון 750 מ""ל",יעקבי- אסטוניש Astonish,,אסטוניש מרסס למקלחון,מיליליטרים,750.00,"100 מ""ל",false,,12.90,0.0172,true,1,128924
7290109920603,false,"אסטוניש קרם לניקוי המטבח 500 מ""ל",יעקבי- אסטוניש Astonish,,אסטוניש קרם מטבח 500,מיליליטרים,500.00,"100 מ""ל",false,,13.90,0.0278,true,1,130642
7290109920627,false,"אסטוניש קרם ואקונומיקה לניקוי אמבטיות 500 מ""ל",יעקובי אסטוניש,,אסטונש קרם אמבטיה 55,מיליליטרים,550.00,"100 מ""ל",false,,13.90,0.0253,true,1,130643
7290109920665,false,"אסטוניש - מרסס מסיר אוכל שרוף במטבח 750 מ""ל",יעקבי- אסטוניש Astonish,,אסטוניש מרסס מסיר או,מיליליטרים,750.00,"100 מ""ל",false,,12.90,0.0172,true,1,128926
7290109920825,false,צמד-דורגול אספרסו + דורגול מקציף חלב מתנה,יעקובי דורגול,,דורגול לניקוי מכונו,מיליליטרים,500.00,"100 מ""ל",false,,29.90,0.0598,true,1,138578
7290109921488,false,"דורגול לניקוי וחיטוי מכונת הכביסה יעקבי 500 מ""ל",יעקובי דורגול,,דורגול מסיר אבנית ממ,מיליליטרים,500.00,"100 מ""ל",false,,29.90,0.0598,true,1,147293
7290109921587,false,רצפות גרניט פורצלן ייבוש מהיר ללא סימנים,וונדפוט,,יעקבי רצפות גרניט פו,ליטרים,1.25,ליטר,false,,14.90,11.9200,true,1,147296
7290109921853,false,אסטוניש המשחה המקורית לניקוי עם עוצמה,יעקבי- אסטוניש Astonish,,אסטוניש משחת פרימיום,יחידה,0.00,יחידה,false,,19.90,0.0000,true,1,162979
7290109921976,false,ג'ל כביסה סופרו אקטיב יעקובי לבן 2.5 ליטר,וונדפוט,,סופרו בייבי - גל כבי,ליטרים,2.50,ליטר,false,,26.90,10.7600,true,1,170491
7290109922010,false,"אטאק ספריי מחטא אוויר משמיד חיידקים 500 מ""ל",יעקובי,,"מחטא אוויר 500 מ""ל",יחידה,0.00,יחידה,false,,19.90,0.0000,true,1,173242
7290109922867,false,2 in 1 - סופרו - ג'ל כביסה מרוכז עם מרכך יעקבי,וונדפוט,,ג'ל כביסה עם מרכך SU,יחידה,0.00,יחידה,false,,27.90,0.0000,true,1,181225
7290109922911,false,דזיטול חיטוי נעליים מפטריות חיידקים וריחות 150מל,מרקה,,דזיטול חיטוי נעליים,מיליליטרים,150.00,"100 מ""ל",false,,19.90,0.1327,true,1,181226
7290109923024,false,"אסטוניש - מרסס פרמיום ארומטיק למטבח 750 מ""ל",יעקובי אסטוניש,,אסטוניש מרסס פרימיום,מיליליטרים,750.00,"100 מ""ל",false,,15.90,0.0212,true,1,186144
7290110059323,false,פלייסמט באטמן,,,פלייסמט באטמן,יחידה,0.00,יחידה,false,,5.00,0.0000,true,1,146843
7290110110277,false,"סומרסבי סיידר תפוחים אלכוהולי 4*300 מ""ל","קרלסברג קרואטיה , יב",,סומרסבי רביעייה,יחידה,0.00,יחידה,false,,35.60,0.0000,true,1,134238
7290110110369,false,"שישייה בירה קרלסברג LUMA בקבוק 330 מ""ל",מבשלות בירה בינלאומיות ב,,קרלסברג לומה שישייה,יחידה,0.00,יחידה,false,,49.90,0.0000,true,1,155924
7290110110611,false,ספרייט ליים 1.5 ליטר,החברה המרכזית לייצור משק,,ספרייט מופחת 1.5 ליט,ליטרים,1.50,ליטר,false,,8.90,5.9333,true,1,132660
7290110110659,false,"ספרייט לימון ליים פחית 330מ""ל",החברה המרכזית לייצור משק,,משקה ספרייט מופחת סל,מיליליטרים,330.00,"100 מ""ל",false,,6.00,0.0182,true,1,132655
7290110113377,false,מארז רביעיות קוקה קולה 1 ליטר,החברה המרכזית לייצור משק,,מארז רביעיית קוקה קו,ליטרים,1.00,ליטר,false,,22.90,22.9000,true,1,162888
7290110113476,false,בירה קרלסברג ללא אלכוהול - שישייה,קרלסברג רומניהn\יבואן:מב,,שישיית קרלסברג 0.0 ב,יחידה,0.00,יחידה,false,,34.90,0.0000,true,1,153558
7290110114787,false,נביעות+ מים מינרליים בטעם תפוח 1.5 ליטר,נביעות טבע הגליל בעמ,,נביעות + תפוח 1.5 לי,יחידה,0.00,יחידה,false,,8.90,0.0000,true,1,181644
7290110114794,false,נביעות+ מים מינרליים בטעם אפרסק 1.5 ליטר,"נביעות טבע הגליל בע""\מ ,",,נביעות + אפרסק 1.5 ל,יחידה,0.00,יחידה,false,,8.90,0.0000,true,1,181645
7290110114800,false,נביעות+ מים מינרליים בטעם ענבים 1.5 ליטר,פארייפאבה אגרואינדוס,,נביעות + ענבים 1.5 ל,יחידה,0.00,יחידה,false,,8.90,0.0000,true,1,181646
7290110114824,false,נביעות+רכיבי פרי אבטיח 1.5 ליטר פיקדון,"נביעות טבע הגליל בע""\מ",,נביעות+ רכיבי פרי אב,יחידה,0.00,יחידה,false,,9.90,0.0000,true,1,181648
7290110114855,false,"נביעות מים מינרליים, שישיה 6 * 1.5 ליטר פקדון",נביעות טבע הגליל בעמ,,6 נביעות 1.5 ליטר פי,יחידה,0.00,יחידה,false,,13.90,0.0000,true,1,181651
7290110114893,false,מיץ סחוט תפוז פריגת 2 ליטר,היינץ צפון אמריקה מק,,פריגת סחוט תפוזים 2ל,ליטרים,2.00,ליטר,false,,29.90,14.9500,true,1,181590
7290110114954,false,מיץ תפוזים מתקתקים 100% 2 ל' פריגת,פריגת מצוננים,,תפוזים 100% מתקתקים,ליטרים,2.00,ליטר,false,,29.90,14.9500,true,1,181593
7290110114961,false,משקה קל תפוזים פריגת 1.5 ליטר,מבשלות בירה בינלאומיות ב,,פריגת תפוז 1.5 ליטר,יחידה,0.00,יחידה,false,,8.90,0.0000,true,1,181652
7290110114985,false,משקה קל אשכוליות פריגת 1.5 ליטר,מבשלות בירה בינלאומיות ב,,פריגת אשכולית 1.5 לי,יחידה,0.00,יחידה,false,,8.90,0.0000,true,1,181654
7290110115005,false,משקה קל ענבים פריגת 1.5 ליטר,מבשלות בירה בינלאומיות ב,,פריגת ענבים 1.5 ליטר,יחידה,0.00,יחידה,false,,8.90,0.0000,true,1,181656
7290110115036,false,משקה קל מנגו פריגת 1.5 ליטר,מבשלות בירה בינלאומיות ב,,פריגת מנגו 1.5 ליטר,יחידה,0.00,יחידה,false,,8.90,0.0000,true,1,181659
7290110115043,false,משקה קל לימונענע פריגת 1.5 ליטר,מבשלות בירה בינלאומיות ב,,פריגת לימונענע 1.5 ל,יחידה,0.00,יחידה,false,,8.90,0.0000,true,1,181660
7290110115050,false,פריגת מיקס תות בננה 1.5 ליטר פיקדון,מבשלות בירה בינלאומיות ב,,פריגת מיקס תות בננה,יחידה,0.00,יחידה,false,,8.90,0.0000,true,1,181661
7290110115081,false,פריגת צלול ענבים 1.5 ליטר פיקדון,"מבשלות בירה לישראל בע""\מ",,פריגת צלול ענבים 1.5,יחידה,0.00,יחידה,false,,8.90,0.0000,true,1,181664
7290110115104,false,פריגת צלול אפרסק 1.5 ליטר פיקדון,מבשלות בירה בינלאומיות ב,,פריגת צלול אפרסק 1.5,יחידה,0.00,יחידה,false,,8.90,0.0000,true,1,181666
7290110115111,false,פריגת צלול אננס 1.5 ליטר פיקדון,"מבשלות בירה לישראל בע""\מ",,פריגת צלול אננס 1.5,יחידה,0.00,יחידה,false,,8.90,0.0000,true,1,181667
7290110115128,false,פריגת צלול בטעם לימונענע 1.5 ליטר פיקדון,"מבשלות בירה לישראל בע""\מ",,פריגת צלול בטעם לימו,יחידה,0.00,יחידה,false,,8.90,0.0000,true,1,181668
7290110115180,false,מים מינרלים נביעות 1.5 ליטר,"נביעות טבע הגליל בע""",,נביעות 1.5 ליטר בודד,ליטרים,1.50,ליטר,false,,5.00,3.3333,true,1,184159
7290110115203,false,קוקה קולה 1.5 ליטר פיקדון,החברה המרכזית לייצור משק,,קוקה קולה 1.5 ליטר פ,ליטרים,1.50,ליטר,false,,8.90,5.9333,true,1,181674
7290110115210,false,דיאט קוקה קולה 1.5 ליטר פיקדון,החברה המרכזית לייצור משק,,דיאט קוקה קולה 1.5 ל,יחידה,0.00,יחידה,false,,8.90,0.0000,true,1,181675
7290110115227,false,קוקה-קולה זירו בקבוק 1.5 ליטר,החברה המרכזית לייצור משק,,קולה ZERO 1.5 ליטר פ,ליטרים,1.50,ליטר,false,,8.90,5.9333,true,1,181676
7290110115234,false,קוקה-קולה זירו נטול בקבוק 1.5 ליטר,החברה המרכזית לייצור משק,,קולה ZERO נטול 1.5 ל,יחידה,0.00,יחידה,false,,8.90,0.0000,true,1,181677
7290110115241,false,קוקה-קולה זירו לימון בקבוק 1.5 ליטר,החברה המרכזית לייצור משק,,קולה ZERO לימון 1.5,יחידה,0.00,יחידה,false,,8.90,0.0000,true,1,181678
7290110115265,false,ספרייט לימון ליים 1.5 ליטר-,החברה המרכזית לייצור משק,,ספרייט 1.5 ליטר LIM,יחידה,0.00,יחידה,false,,8.90,0.0000,true,1,181680
7290110115272,false,ZERO ספרייט 1.5 ליטר פיקדון,החברה המרכזית לייצור משק,,ZERO ספרייט 1.5 ליטר,יחידה,0.00,יחידה,false,,8.90,0.0000,true,1,181681
7290110115289,false,ספרייט 19 קל' לימון-נענע 1.5 ליטר פיקדון,החברה המרכזית לייצור משק,,ספרייט 19 קל' לימון-,יחידה,0.00,יחידה,false,,8.90,0.0000,true,1,181682
7290110115319,false,פאנטה אקזוטיק 1.5 ליטר פיקדון,החברה המרכזית לייצור משק,,פאנטה אקזוטיק 1.5 לי,יחידה,0.00,יחידה,false,,8.90,0.0000,true,1,181685
7290110115357,false,קינלי סודה 1.5 ליטר פיקדון,החברה המרכזית לייצור משק,,קינלי סודה 1.5 ליטר,יחידה,0.00,יחידה,false,,4.30,0.0000,true,1,181689
7290110115364,false,קוקה קולה שישיות 1.5 ליטר פיקדון,החברה המרכזית לייצור משק,,קוקה קולה שישיות 1.5,יחידה,0.00,יחידה,false,,49.90,0.0000,true,1,181690
7290110115388,false,ספרייט ליים שישיות 1.5 ליטר פיקדון,החברה המרכזית לייצור משק,,ספרייט LIME שישיות 1,יחידה,0.00,יחידה,false,,49.90,0.0000,true,1,181692
7290110115395,false,ZERO ספרייט שישיות 1.5 ליטר פיקדון,החברה המרכזית לייצור משק,,ZERO ספרייט שישיות 1,יחידה,0.00,יחידה,false,,49.90,0.0000,true,1,181693
7290110115401,false,קינלי סודה שישייה 1.5 ליטר פיקדון,החברה המרכזית לייצור משק,,קינלי סודה שישייה 1.,יחידה,0.00,יחידה,false,,16.70,0.0000,true,1,181694
7290110115418,false,מארז שישייה קוקה קולה זירו 1.5 ל',החברה המרכזית לייצור משק,,קולה ZERO שישיות 1.5,יחידה,0.00,יחידה,false,,48.90,0.0000,true,1,181695
7290110115425,false,FUZE TEA גרין לימונענע -נענע 1.5 ליטר פיקדון,מבשלות בירה בינלאומיות ב,,FUZE tea גרין לימון-,יחידה,0.00,יחידה,false,,9.90,0.0000,true,1,181696
7290110115456,false,"תה קר בטעם אפרסק 19 קלוריות ב- 100 מ""ל",מבשלות בירה בינלאומיות ב,,FUZE tea אפרסק 19 קל,יחידה,0.00,יחידה,false,,9.90,0.0000,true,1,181699
7290110115463,false,פיוז טי אפרסק 1.5 ליטר פיקדון,מבשלות בירה בינלאומיות ב,,FUZE tea אפרסק 1.5 ל,יחידה,0.00,יחידה,false,,9.90,0.0000,true,1,181700
7290110115494,false,תה קר בטעם ענבים פיוז טי 1.5 ליטר,מבשלות בירה בינלאומית בע,,FUZE tea ענבים 1.5 ל,יחידה,0.00,יחידה,false,,9.90,0.0000,true,1,181703
7290110115593,false,פריגת אשכוליות 40% פחות סוכר 1.5 ליטר פיקדון,מבשלות בירה בינלאומיות ב,,פריגת אשכוליות 40% פ,יחידה,0.00,יחידה,false,,8.90,0.0000,true,1,181709
7290110115616,false,FUZE tea zero גרין אננס 1.5 ליטר פיקדון,מבשלות בירה בינלאומיות ב,,פיוז טי זירו גרין אנ,ליטרים,1.50,ליטר,false,,9.90,6.6000,true,1,181713
7290110115623,false,משקה פיוז טי זירו ZERO בטעם אפרסק,מבשלות בירה בינלאומיות ב,,פיוז טי זירו אפרסק 1,ליטרים,1.50,ליטר,false,,9.90,6.6000,true,1,181712
7290110115777,false,מים מינרליים נביעות 1.5 ל,נביעות,,נביעות 1.5 ליטר,ליטרים,1.50,ליטר,false,,5.00,3.3333,true,1,182076
7290110115838,false,"ספרייט זירו, 1.5 ליטר פקדון","אינסטנטה בע""מ",,ZERO ספרייט 1.5 ליטר,ליטרים,1.50,ליטר,false,,8.90,5.9333,true,1,182235
7290110116064,false,פאנטה ZERO פירות ירוק 1.5 ליטר פיקדון,החברה המרכזית לייצור משק,,פאנטה ZERO 1.5 ליטר,ליטרים,1.50,ליטר,false,,8.90,5.9333,true,1,190196
7290110116125,false,"סירופ בטעם פטל פריגת 750 מ""ל",סירופ - גבעת חיים,,"סירופ פטל 750 מ""ל",מיליליטרים,750.00,"100 מ""ל",false,,23.90,0.0319,true,1,190551
7290110116132,false,"סירופ בטעם לימון פריגת 750 מ""ל",סירופ - גבעת חיים,,"סירופ לימון 750 מ""ל",מיליליטרים,750.00,"100 מ""ל",false,,23.90,0.0319,true,1,190549
7290110116149,false,"סירופ בטעם ענבים פריגת 750 מ""ל",סירופ - גבעת חיים,,"סירופ ענבים 750 מ""ל",מיליליטרים,750.00,"100 מ""ל",false,,23.90,0.0319,true,1,190552
7290110116194,false,נביעות+ סדרת 0 קלוריות לימון-ליים 1.5 ליטר,"נביעות טבע הגליל בע""\מ",,נביעות+ לימון ליים 0,ליטרים,1.50,ליטר,false,,9.90,6.6000,true,1,190417
7290110116217,false,נביעות+ סדרת 0 קלוריות אשכוליות 1.5 ליטר,"נביעות טבע הגליל בע""\מ",,נביעות+אשכולית 0 קלו,ליטרים,1.50,ליטר,false,,9.90,6.6000,true,1,190415
7290110116323,false,שישיית קוקה קולה זירו 1.5 ליטר חג שמח-,החברה המרכזית קולה,,קולה ZERO שישיות 1.5,יחידה,0.00,יחידה,false,,48.90,0.0000,true,1,187690
7290110116392,false,"סירופ בטעם תפוזים פריגת 750 מ""ל",סירופ - גבעת חיים,,"סירופ תפוזים 750 מ""ל",מיליליטרים,750.00,"100 מ""ל",false,,23.90,0.0319,true,1,190553
7290110116484,false,פריגת סחוט מיקס תות בננה 1ליטר,פריגת מצוננים,IL,פריגת מיקס תות בננה,מיליליטרים,1000.00,"100 מ""ל",false,,17.90,0.0179,true,1,194905
7290110116491,false,פריגת סחוט מיקס אפרסק משמש 1ליטר,פריגת מצוננים,IL,פריגת מיקס אפרסק משמ,מיליליטרים,1000.00,"100 מ""ל",false,,17.90,0.0179,true,1,194906
7290110116552,false,ספרייט לימון היט 1.5 ליטר LIME פיקדון,החברה המרכזית לייצור משק,IL,ספרייט לימון 1.5 לי,ליטרים,1.50,ליטר,false,,8.90,5.9333,true,1,193897
7290110116569,false,"ספרייט זירו ZERO בק LEMON HIT, 1.5 ליטר",החברה המרכזית לייצור משק,IL,ZERO ספרייט לימון הי,ליטרים,1.50,ליטר,false,,8.90,5.9333,true,1,193896
7290110291723,false,מאג דגם שוקוצ'ינו 33,,,מאג דגם שוקוצ'ינו 33,יחידה,0.00,יחידה,false,,5.90,0.0000,true,1,168908
7290110320591,false,גבינה בולגרית במרקם מעודן 16% פיראוס,תנובה חלב,,בולגרית 16% במרקם מע,גרמים,250.00,100 גרם,false,,23.50,0.0940,true,1,122920
7290110320683,false,שמיניית משקה יוגורט 1.5% טעם תות יופלה 107 גרם,מיוצר עי קונדיטוריית,,משקה יופלה 360 בטעם,יחידה,0.00,יחידה,false,,18.80,0.0000,true,1,128367
7290110320850,false,פתיתים גבינה חצי קשה מגורדת 28% שומן,תנובה מרכז שיתופי לש,,פתיתי עמק 28% שומן,גרמים,200.00,100 גרם,false,,16.70,0.0835,true,1,124344
7290110320867,false,פתיתים גבינה חצי קשה מגורדת 28% שומן,תנובה מרכז שיתופי לש,,פתיתי עמק 28% שומן,גרמים,500.00,100 גרם,false,,37.70,0.0754,true,1,124346
7290110321277,false,קוטג' בקטנה 5% תנובה 100 גרם מהדרין,פארייפאבה אגרואינדוס,,קוטג' בקטנה 100 גרם,גרמים,100.00,100 גרם,false,,2.90,0.0290,true,1,129255
7290110321284,false,קוטג' בקטנה 9% תנובה 100 גרם מהדרין,פארייפאבה אגרואינדוס,,קוטג' בקטנה 100 גרם,גרמים,100.00,100 גרם,false,,2.90,0.0290,true,1,129256
7290110321604,false,קוביות פיראוס בולגרית מעודנת 5% 200 גרם - רבנות,תנובה חלב,,קוביות בולגרית מעודנ,גרמים,200.00,100 גרם,false,,20.90,0.1045,true,1,134097
7290110321680,false,יוגורט GO בטעם תות 20 גרם חלבון בגביע,מיוצר עי קונדיטוריית,,יופלה GO יוגורט מועש,יחידה,0.00,יחידה,false,,6.20,0.0000,true,1,130495
7290110321703,false,יוגורט עם פירות יער בתוספת חלבוני חלב 2% שומן,מיוצר עי קונדיטוריית,,מעדן יופלה גו פירות,יחידה,0.00,יחידה,false,,6.20,0.0000,true,1,164132
7290110321789,false,גבינת מסקרפונה 38% השף הלבן 250 גרם,תנובה חלב,,גבינת מסקרפונה השף ה,גרמים,250.00,100 גרם,false,,20.90,0.0836,true,1,132893
7290110322014,false,טופו בטעם טבעי תנובה ALTERNATIVE,שוורצקוף& הנקל דיסלד,,טופו טבעי,גרמים,300.00,100 גרם,false,,13.60,0.0453,true,1,133592
7290110322021,false,"תנובה טופו בזיליקום 300 גר' בד""צ",שוורצקוף& הנקל דיסלד,,טופו בזיליקום,גרמים,300.00,100 גרם,false,,13.60,0.0453,true,1,133593
7290110322038,false,טופו פיקנטי ALTERNATIVE 300 גרם,תנובה Alternative,,טופו פיקנטי,גרמים,300.00,100 גרם,false,,13.60,0.0453,true,1,133596
7290110322946,false,יופלה טיוב יוגורט במרקם חלק בטעם תות בננה כשרות רבנות 348 ג',תנובה בעמ,,יופלה טיוב יוגורט במ,גרמים,348.00,100 גרם,false,,13.60,0.0391,true,1,137100
7290110323097,false,מעדן גבינה עם תות 5% שומן 80 ג' תנובה,תנובה בעמ,,תאומים 80 גרם,יחידה,0.00,יחידה,false,,2.00,0.0000,true,1,138589
7290110323301,false,טל העמק בסגנון אמנטל 32% שומן 200 גרם,פ.פ.ח. שאביט,,טל העמק 32% שומן 200,גרמים,200.00,100 גרם,false,,20.90,0.1045,true,1,139458
7290110323592,false,יוגורט GO לייט בטעם אפרסק 20 גרם חלבון בגביע,יופלה Yoplait,,יופלה GO יוגורט לייט,יחידה,0.00,יחידה,false,,6.20,0.0000,true,1,138210
7290110323714,false,משקה קוקוס שקדים תנובה E אלטרנטיב,מיוצר עי קונדיטוריית,,משקה קוקוס שקדים,ליטרים,1.00,ליטר,false,,12.50,12.5000,true,1,139461
7290110324353,false,יוגורט GO לייט בטעם אננס 20 גרם חלבון בגביע,מיוצר עי קונדיטוריית,,יופלה GO לייט אננס,יחידה,0.00,יחידה,false,,6.20,0.0000,true,1,143937
7290110324551,false,יופלה טיוב יוגורט במרקם חלק תות כשרות מהדרין,"תנובה בע""\מ",,יופלה טיוב יוגורט במ,גרמים,348.00,100 גרם,false,,13.60,0.0391,true,1,143275
7290110324711,false,ממרח סויה 9% שומן בטעם טבעי תנובה 250 גרם,מיוצר עי קונדיטוריית,,ממרח סויה 9% בטעם טב,גרמים,250.00,100 גרם,false,,8.90,0.0356,true,1,145037
7290110324728,false,ממרח סויה 9% שומן עם שום שמיר תנובה 250 גרם,מיוצר עי קונדיטוריית,,ממרח סויה 9% עם שום,יחידה,0.00,יחידה,false,,8.90,0.0000,true,1,145038
7290110324841,false,מעדן שקדים עם שוקולד מריר תנובה 125 גרם,מיוצר עי קונדיטוריית,,מעדן שקדים עם שוקולד,גרמים,125.00,100 גרם,false,,4.90,0.0392,true,1,148503
7290110324858,false,מעדן שקדים בטעם אגוזי לוז תנובה 125 גרם,מיוצר עי קונדיטוריית,,מעדן שקדים עם אגוזי,גרמים,125.00,100 גרם,false,,4.90,0.0392,true,1,148504
7290110324872,false,גבינה צהובה גלבוע 5% שומן 200 גרם,גלבוע - תנובה,,גלבוע 5% 200 גרם,גרמים,200.00,100 גרם,false,,19.90,0.0995,true,1,148498
7290110324926,false,משקה סויה ללא תוספת סוכר E אלטרנטיב,תנובה מרכז שיתופי לש,,משקה סויה ללא תוספת,ליטרים,1.00,ליטר,false,,10.50,10.5000,true,1,147188
7290110325084,false,מאגדת שמינייה מיני קרלו שוניל 8*100גרם,"תנובה בע""\מ",,מאגדת שמינייה מיני ק,יחידה,0.00,יחידה,false,,14.90,0.0000,true,1,146251
7290110325114,false,"משקה יוגורט יופלה גו לייט תות בננה 250 מ""ל - רבנות",מיוצר עי קונדיטוריית,,משקה יוגורט גו לייט,מיליליטרים,250.00,"100 מ""ל",false,,6.90,0.0276,true,1,146261
7290110325510,false,יופלה טיוב יוגורט במרקם חלק בטעם וניל-יוניקור,"תנובה בע""\מ",,יופלה טיוב יוגורט במ,גרמים,348.00,100 גרם,false,,13.60,0.0391,true,1,148817
7290110325619,false,משקה שיבולת שועל תנובה E אלטרנטיב,מיוצר עי קונדיטוריית,,משקה שיבולת שועל 1 ל,ליטרים,1.00,ליטר,false,,12.50,12.5000,true,1,150197
7290110325879,false,פתיתי גאודה תנובה 200 גרם,תנובה- השף הלבן,,פתיתי גאודה 200 גרם,גרמים,200.00,100 גרם,false,,18.90,0.0945,true,1,153624
7290110325893,false,משקה חלב GO מועשר בחלבון בטעם אייס קפה,מיוצר עי קונדיטוריית,,תנובה GO אייס קפה 34,מיליליטרים,340.00,"100 מ""ל",false,,8.30,0.0244,true,1,150200
7290110326210,false,יופלה און טופ פצפוצים תנובה 157 גרם,מיוצר עי קונדיטוריית,,יופלה און טופ פצפוצי,גרמים,157.00,100 גרם,false,,5.20,0.0331,true,1,153628
7290110326227,false,יופלה און טופ קורנפלקס תנובה 157 גרם,מיוצר עי קונדיטוריית,,יופלה און טופ קורנפל,גרמים,157.00,100 גרם,false,,5.20,0.0331,true,1,153629
7290110326234,false,יופלה און טופ כוכבים תנובה 157 גרם,מיוצר עי קונדיטוריית,,יופלה און טופ כוכבים,גרמים,157.00,100 גרם,false,,5.20,0.0331,true,1,153630
7290110326333,false,פרוסות גבינה סקנדינבית תנובה 170 גרם,פ.פ.ח. שאביט,,פרוסות גבינה סקנדינב,גרמים,200.00,100 גרם,false,,19.90,0.0995,true,1,160901
7290110326999,false,"משקאות חלב+שוקולד קלאסי 340 מ""ל YOLO בקבוק.",תנובה חלב,,משקה יולו חלב עם שוק,גרמים,340.00,100 גרם,false,,7.30,0.0215,true,1,157901
7290110327545,false,יופלה און טופ בטעם תות בתוספת פצפוצים מצופים שוקולד 157 גרם,מיוצר עי קונדיטוריית,,יופלה און טופ בטעם ת,גרמים,157.00,100 גרם,false,,4.90,0.0312,true,1,163347
7290110328481,false,פתיתי פרמג'יאנו רג'יאנו מחלב בקר 30%,ברטינלי גיאני א.,,פתיתי פרמג'יאנו רג'י,יחידה,0.00,יחידה,false,,16.70,0.0000,true,1,172818
7290110328504,false,טריו - מיקס גבינות מוצרלה סקנדינבית וגאודה 300 גרם,מיוצר עי קונדיטוריית,,טריו מיקס מוצרלה סקנ,גרמים,300.00,100 גרם,false,,28.30,0.0943,true,1,172785
7290110328627,false,יוגורט יופלה GO במרקם סמיך בטעם בננה קרמל 0%,מיוצר עי קונדיטוריית,,יוגורט גו סמיך 0% בנ,גרמים,200.00,100 גרם,false,,6.20,0.0310,true,1,174991
7290110328641,false,alternative טופו טבעי תנובה 2*250 גרם,תנובה חלב,,טופו טבעי 500 גרם 2,יחידה,0.00,יחידה,false,,20.90,0.0000,true,1,175582
7290110328764,false,יוגורט יופלה GO במרקם סמיך עם תות 0%,מיוצר עי קונדיטוריית,,יוגורט גו סמיך 0% תו,גרמים,200.00,100 גרם,false,,6.20,0.0310,true,1,174992
7290110328771,false,יוגורט יופלה GO במרקם סמיך עם פירות יער 0%,מיוצר עי קונדיטוריית,,יוגורט גו סמיך 0% פי,גרמים,200.00,100 גרם,false,,6.20,0.0310,true,1,174993
7290110328788,false,יוגורט יופלה GO במרקם סמיך בטעם אפרסק 0%,תנובה מרכז שיתופי לש,,יוגורט גו סמיך 0% אפ,גרמים,200.00,100 גרם,false,,6.20,0.0310,true,1,174994
7290110329136,false,מעדן חלב מעושר בחלבון בטעם שוקולד 120 ג' GO,תנובה מרכז שיתופי לש,,מעדן חלב גו בטעם שוק,גרמים,120.00,100 גרם,false,,5.20,0.0433,true,1,179838
7290110329143,false,מעדן חלב מעושר בחלבון בטעם וניל גביע 120 ג' GO,תנובה מרכז שיתופי לש,,מעדן חלב גו בטעם וינ,גרמים,120.00,100 גרם,false,,5.20,0.0433,true,1,179835
7290110329426,false,טופו טבעי עם רוטב קרם קוקוס קארי פיקנטי 250 גרם,תנובה חלב,,טופו טבעי 250 גרם עם,יחידה,0.00,יחידה,false,,13.90,0.0000,true,1,189223
7290110329433,false,טופו טבעי עם רוטב סצ'ואן אלטרנטיב 250 גרם,תנובה חלב,,טופו טבעי 250 גרם עם,יחידה,0.00,יחידה,false,,13.90,0.0000,true,1,189224
7290110329686,false,"משקה חלב גו בטעם עוגיות 340 מ""ל",מיוצר עי קונדיטוריית,,תנובה GO משקה חלב בט,מיליליטרים,340.00,"100 מ""ל",false,,8.30,0.0244,true,1,179810
7290110329716,false,משקה חלב קר בטעם קפוצ'ינו 230 גרם תנובה,תנובה מרכז שיתופי לש,,משקה קפה קר בטעם קפו,גרמים,230.00,100 גרם,false,,6.90,0.0300,true,1,188875
7290110329723,false,משקה חלב קר בטעם לאטה 230 גרם תנובה,תנובה מרכז שיתופי לש,,משקה קפה קר בטעם לאט,גרמים,230.00,100 גרם,false,,6.90,0.0300,true,1,188876
7290110329730,false,"משקה חלב עם שוקולד וקפה בסגנון לאטה 2.7%  230 מ""ל תנובה",תנובה מרכז שיתופי לש,,משקה חלב עם שוקולד ו,גרמים,230.00,100 גרם,false,,6.90,0.0300,true,1,188885
7290110329792,false,יוגורט סויה BIO Alternative אפרסק 150 ג' תנובה,מיוצר עי קונדיטוריית,,סויה BIO אפרסק גביע,גרמים,150.00,100 גרם,false,,5.20,0.0347,true,1,182023
7290110329808,false,יוגורט סויה BIO Alternative תות 150 ג' תנובה,מיוצר עי קונדיטוריית,,סויה BIO תות גביע 15,גרמים,150.00,100 גרם,false,,5.20,0.0347,true,1,182024
7290110329815,false,סויה BIO מתיקות מעודנת גביע 150 גרם אלטרנטיב,מיוצר עי קונדיטוריית,,סויה BIO מתיקות מעוד,גרמים,150.00,100 גרם,false,,5.20,0.0347,true,1,182020
7290110329822,false,יוגורט סויה BIO Alternative פירות יער 150 ג' תנובה,מיוצר עי קונדיטוריית,,סויה BIO פירות יער ג,גרמים,150.00,100 גרם,false,,5.20,0.0347,true,1,182021
7290110329846,false,יוגורט סויה BIO Alternative בטעם טבעי 150 ג' תנובה,מיוצר עי קונדיטוריית,,סויה BIO טבעי גביע 1,גרמים,150.00,100 גרם,false,,5.20,0.0347,true,1,182025
7290110550219,false,מטבעות שוקולד לבן לאפיה 400 גרם עלית,"פוליבה בע""\מ",,מטבעות שוקולד לבן לא,גרמים,400.00,100 גרם,false,,34.90,0.0872,true,1,188368
7290110550363,false,"פריכיות משולשות תירס, אורז שיבולת שועל, קינואה",אנרג'י Energy - שטראוס,,משולשות קינאוה ומלח,גרמים,65.00,100 גרם,false,,10.90,0.1677,true,1,187693
7290110550370,false,פריכיות משולשות קינואה ופלפל שחור 65 גרם,שטראוס גרופ,,פריכיות חלבון בטטה ס,גרמים,60.00,100 גרם,false,,10.90,0.1817,true,1,192432
7290110552121,false,יוגורט 5% בתוספת סידן וויטמין D היוגורט הראשון שלי,תנובה מרכז שיתופי לש,,היוגורט הראשון שלי 1,גרמים,100.00,100 גרם,false,,2.90,0.0290,true,1,188381
7290110552220,false,יוגורט PRO בטעם תות 0% סוכר לבן 20 גרם חלבון בגביע,"שטראוס בריאות בע""\מ",,דנונה פרו 20 גרם ללא,גרמים,200.00,100 גרם,false,,5.90,0.0295,true,1,182335
7290110552237,false,יוגורט פרו בטעם אפרסק מנגו ללא סוכר 200 ג' דנונה,"שטראוס בריאות בע""\מ",,דנונה פרו אפרסק מנגו,גרמים,200.00,100 גרם,false,,5.90,0.0295,true,1,182336
7290110553029,false,"אנרג'י קריספס-פריכיות חומוס, עדשים ואפונה עם קייל וסלק","פרח תעשיו מזון בע""מ",,פריכיות חלבון קייל ח,גרמים,60.00,100 גרם,false,,10.90,0.1817,true,1,187691
7290110553036,false,קריספס-פריכיות עם אפונה ובטטה סגולה בטעם בצל מקורמל,"פרח תעשיו מזון בע""מ",,פריכיות חלבון בטטה ס,גרמים,60.00,100 גרם,false,,10.90,0.1817,true,1,187694
7290110553104,false,נסקפה קפוצ'ינו סטיק קלאסי 130 ג' עלית,מוקטה אס.פי,,קפוצ'ינו סטיק קלאסי,גרמים,130.00,100 גרם,false,,17.90,0.1377,true,1,193139
7290110553173,false,אנרגי פריכיות אורז בטעם קרמל 50 גרם,סאנורייס בלגיום,,אנרגי פריכיות בטעם ק,יחידה,0.00,יחידה,false,,7.90,0.0000,true,1,192448
7290110553623,false,צ'יטוס קראנצ'י בטעם צ'דר חלפיניו - חלבי,"שטראוס פריטו ליי בע""\מ )",,צ'יטוס קראנץ צ'דר חל,יחידה,0.00,יחידה,false,,4.90,0.0000,true,1,189178
7290110554101,false,"סירופ מייפל בפאוץ' יד מרדכי 125 מ""ל",ציטדל,,"מייפל בפאוץ' 125 מ""ל",מיליליטרים,125.00,"100 מ""ל",false,,19.90,0.1592,true,1,188370
7290110554262,false,חלבית מלבין קפה חלבי 350 ג' עלית,מוקטה אס.פי.,,חלבית חדש 350 גרם 20,גרמים,350.00,100 גרם,false,,22.90,0.0654,true,1,188364
7290110554422,false,פומודורו רוטב עגבניות ופלפלים לשקשוקה לפסטה יד מרדכי 350 גרם,אמיליאנה קונסרב סוסייטה,,רוטב עגבניות ופלפלים,גרמים,350.00,100 גרם,false,,12.90,0.0369,true,1,187276
7290110554583,false,מארז חטיפי צ'יטוס פאפס בטעם גבינה - 10 יחידות,"שטראוס פריטו ליי בע""\מ )",,מארז ציטוס פאפס גבינ,גרמים,200.00,100 גרם,false,,12.90,0.0645,true,1,182058
7290110554729,false,קפסולות עלית אספרסו 04 תואמות למכונות NESPRESSO,שטראוס קפה בי.וי.,,קפסולות אספרסו 04 תו,יחידה,0.00,יחידה,false,,19.90,0.0000,true,1,190308
7290110555009,false,זוג פסאטה מחית עגבניות חלקה יד מרדכי 700 גרם,אמיליאנה קונסרב ס.פ.,,פסאטה זוגות 700 גרם,גרמים,700.00,100 גרם,false,,13.90,0.0199,true,1,188371
7290110555078,false,לאבנה עם שמן זית ועשבי תיבול שטראוס 250 גרם,"מחלבות בר בכפר בע""\מ",,לאבנה עם שמן זית ועש,גרמים,250.00,100 גרם,false,,11.90,0.0476,true,1,188379
7290110555306,false,רבע לשבע טבעוני סינמון באן עלית 125 גרם,"הגביע מוצרי וופלים בע""\מ",,רבע לשבע טבעוני סינמ,גרמים,125.00,100 גרם,false,,12.90,0.1032,true,1,190294
7290110555368,false,רבע לשבע טבעוני מרשמלו עלית 125 גרם,"הגביע מוצרי וופלים בע""\מ",,רבע לשבע טבעוני מרשמ,גרמים,125.00,100 גרם,false,,12.90,0.1032,true,1,190293
7290110555603,false,ספלנדיד אבקה להכנת משקה בטעם שוקולטה,גאלטס גולון,,שוקולוטה ספלנדיד 360,גרמים,360.00,100 גרם,false,,23.90,0.0664,true,1,193143
7290110555665,false,קקאו דל שומן עלית בקופסא 220 גרם,"ג'אלוסיס י. בע""\מ",,קקאו דל שומן 220 גרם,גרמים,220.00,100 גרם,false,,20.90,0.0950,true,1,193140
7290110556150,false,דבש טהור מפרחי בר עם ברכות באריזות אישיות 10 * 20 ג יד מרדכי,מכוורת יד מרדכי שטראוס ב,,דבש ברכות במאגדת 10,גרמים,200.00,100 גרם,false,,17.90,0.0895,true,1,190301
7290110556242,false,"שוקולד מריר פרווה 100 גר' בד""ץ תוצרת חוץ","שטראוס גרופ בע""מ.",,פרה שוק.מריר 100ג,גרמים,100.00,100 גרם,false,,5.90,0.0590,true,1,192474
7290110557027,false,חומוס עשיר 50% טחינה גולמית 400 ג' אחלה,מיוצר עי קונדיטוריית,,חומוס הסדרה 50% טחינ,גרמים,400.00,100 גרם,false,,13.90,0.0348,true,1,181022
7290110557102,false,מעדן חלב עם שוקולד מועשר בחלבון 150 ג' שטראוס,מיוצר עי קונדיטוריית,,מעדן חלב עם שוקולד מ,גרמים,150.00,100 גרם,false,,5.90,0.0393,true,1,178056
7290110557133,false,מעדן הגולן וניל 125 ג' שטראוס,מיוצר עי קונדיטוריית,,מעדן הגולן וניל 125,גרמים,125.00,100 גרם,false,,3.20,0.0256,true,1,178960
7290110557317,false,יוגורט בתוספת סידן וויטמין ד עם שיבולת שועל 100 ג' דנונה,תנובה מרכז שיתופי לש,,היוגורט הראשון שלי ש,גרמים,100.00,100 גרם,false,,2.90,0.0290,true,1,188382
7290110557478,false,חומוס גלילי במרקם מעודן 600 גרם,"שטראוס גרופ בע""\מ",,חומוס גלילי 600 גרם,גרמים,500.00,100 גרם,false,,13.90,0.0278,true,1,187529
7290110557645,false,מאגדת חטיפים אנרג'י מיקס צימוקים חמוציות 100X4 גרם,קונסרב איטליה,,אנרג'י מיקס צימוקים,גרמים,100.00,100 גרם,false,,18.90,0.1890,true,1,190643
7290110558130,false,יוגורט אקטיביה עם שיבולת שועל ודבש 150 גרם,"שטראוס בריאות בע""\מ",,אקטיביה עם שיבולת שו,גרמים,150.00,100 גרם,false,,4.60,0.0307,true,1,189104
7290110558154,false,דנונה לייט אנד פרי עוגת תפוחים 150ג דנונה,"שטראוס בריאות בע""\מ",,דנונה לייט אנד פרי ע,גרמים,150.00,100 גרם,false,,4.60,0.0307,true,1,190659
7290110558222,false,"וואו יוגורט עם שכבה בטעם בנופי פאי 5.4%, 150ג דנונה","שטראוס בריאות בע""\מ",,בנופי WOW,מיליליטרים,150.00,"100 מ""ל",false,,4.50,0.0300,true,1,190653
7290110558239,false,"וואו יוגורט עם שכבה בטעם קראק פאי 5.4%, 150 ג דנונה","שטראוס בריאות בע""\מ",,קראק פאי WOW,מיליליטרים,150.00,"100 מ""ל",false,,4.50,0.0300,true,1,190654
7290110558253,false,דנונה שייק נונה ריפרש בננה אננס וצ'יה,"שטראוס בריאות בע""\מ",,דנונה ריפרש בננה אננ,גרמים,250.00,100 גרם,false,,5.90,0.0236,true,1,189105
7290110558284,false,דנונה ביו מולטי שטראוס 200 גרם,"שטראוס בריאות בע""\מ",,דנונה ביו מולטי 200,גרמים,200.00,100 גרם,false,,4.90,0.0245,true,1,190310
7290110558307,false,יוגורט דנונה PRO עם שיבולת שועל במתיקות מעודנת,"שטראוס בריאות בע""\מ",,דנונה פרו 20 גרם עם,יחידה,0.00,יחידה,false,,6.90,0.0000,true,1,188284
7290110558314,false,דנונה פרו 20 גרם חלבון ללא סוכר פיסטוק 200 גרם,"שטראוס בריאות בע""\מ",,דנונה פרו 20 גרם ללא,גרמים,200.00,100 גרם,false,,5.90,0.0295,true,1,190660
7290110558338,false,דנונה פרו 25 ג' חלבון 200 ג' שטראוס,"שטראוס בריאות בע""\מ",,דנונה פרו 25 גרם חלב,יחידה,0.00,יחידה,false,,6.90,0.0000,true,1,188285
7290110558666,false,מעדן גבינה בטעם תפוח 88 ג' דניאלה,"שטראוס בריאות בע""\מ",,דניאלה בטעם תפוח 150,מיליליטרים,150.00,"100 מ""ל",false,,4.10,0.0273,true,1,193072
7290110559007,false,"שועועית חומה טעם הטבע קופסה, 380 גרם",קונסרב איטליה,,שעועית חומה 380ג שטר,גרמים,380.00,100 גרם,false,,6.90,0.0182,true,1,190650
7290110559014,false,שעועית שחורה מבושלת טעם הטבע 380 גרם,קונסרב איטליה,,שעועית שחורה 380ג שט,גרמים,380.00,100 גרם,false,,6.90,0.0182,true,1,190652
7290110559748,false,ריל מאגדת שקדים קוקוס ושוקולד מריר שטראוס 105 גרם,"ואמואליס פודס אס.איי,",,ריל מאגדת שקדים קוקו,גרמים,105.00,100 גרם,false,,18.90,0.1800,true,1,190298
7290110559755,false,ריל מאגדת בוטנים פיסטוק וחמוציות שטראוס 105 גרם,"ואמואליס פודס אס.איי,",,ריל מאגדת בוטנים פיס,גרמים,105.00,100 גרם,false,,18.90,0.1800,true,1,190296
7290110559762,false,ריל מאגדת אגוזים תמרים קוקוס שטראוס 105 גרם,"ואמואליס פודס אס.איי,",,ריל מאגדת אגוזים תמר,גרמים,105.00,100 גרם,false,,18.90,0.1800,true,1,190297
7290110560300,false,"הפריכיות הטעימות חומוס, עדשים שחורות, קינואה ופלפל שחור",אנרג'י Energy - שטראוס,,פריכיות משולשות פלפל,יחידה,0.00,יחידה,false,,5.90,0.0000,true,1,138834
7290110560317,false,"הפריכיות הטעימות חומוס, עדשים שחורות, קינואה ומלח ים","פרח תעשיו מזון בע""מ",,פריכיות משולשות מלח,יחידה,0.00,יחידה,false,,5.90,0.0000,true,1,138835
7290110560324,false,"הפריכיות הטעימות תפו""א, אורז, אפונה ומלח ים","פרח תעשיו מזון בע""מ",,פריכיות משולשות אפונ,יחידה,0.00,יחידה,false,,5.90,0.0000,true,1,138836
7290110561352,false,דנונה יוגורט ביו פרוביוטי 3% דל לקטוז 150ג',"שטראוס בריאות בע""\מ",,דנונה טבעי דל לקטוז,גרמים,200.00,100 גרם,false,,3.50,0.0175,true,1,133874
7290110561604,false,מארז 8 יחידות מעדן גמדים בטעם תות בננה,"שטראוס בריאות בע""\מ",,שמיניית גמדים תות בנ,גרמים,800.00,100 גרם,false,,19.90,0.0249,true,1,131144
7290110563431,false,"משקה קפה קר בסגנון קלאסי 230 מ""ל 1.6% יוטבתה",האי נאם סי או אל.טי.,,משקה קפה קר בסגנון ק,מיליליטרים,230.00,"100 מ""ל",false,,7.90,0.0343,true,1,140910
7290110563448,false,"משקה קפה קר בסגנון מעודן 230 מ""ל 1.6% יוטבתה",האי נאם סי או אל.טי.,,משקה קפה קר בסגנון מ,מיליליטרים,230.00,"100 מ""ל",false,,7.90,0.0343,true,1,140911
7290110563462,false,חלב 2% דל לקטוז בבקבוק יטבתה 1 ליטר.,מחלבת יטבתה,,חלב נטול לקטוז יטבתה,ליטרים,1.00,ליטר,false,,8.90,8.9000,true,1,142401
7290110564360,false,חומוס אחלה הסידרה המובחר 40% טחינה 400 גר',מיוצר עי קונדיטוריית,,חומוס עשיר ב 40% טחי,גרמים,400.00,100 גרם,false,,13.90,0.0348,true,1,131150
7290110564414,false,חומוס אחלה הסידרה המובחר 30% טחינה 600 גר',מיוצר עי קונדיטוריית,,חומוס 30% טחינה 600,גרמים,600.00,100 גרם,false,,15.90,0.0265,true,1,131148
7290110564742,false,"משקה קפה קר בסגנון חזק 230 מ""ל 1.2% יוטבתה",האי נאם סי או אל.טי.,,משקה קפה קר בסגנון ח,מיליליטרים,230.00,"100 מ""ל",false,,7.90,0.0343,true,1,140912
7290110565435,false,"לימבו ג'לי פטל 125 גרם חלבי ""שטראוס""","שטראוס גרופ בע""\מ",,לימבו פטל חלבי 125 ג,גרמים,125.00,100 גרם,false,,2.00,0.0160,true,1,129875
7290110565527,false,יוגורט PRO פרו 1.5% 20 גרם חלבון בגביע,"שטראוס בריאות בע""מ",,דנונה פרו 20 גרם חלב,גרמים,200.00,100 גרם,false,,5.90,0.0295,true,1,129277
7290110565572,false,מארז קפה טורקי עלית לדרך עם הל 168 גרם,שטראוס קפה בי.וי.,,מארז טורקי לדרך עם ה,גרמים,168.00,100 גרם,false,,22.90,0.1363,true,1,145983
7290110566043,false,יוגורט 4.5% שומן 3 ל' שטראוס,"מחלבות בר בכפר בע""מ",,שטראוס יוגורט כד 4.5,ליטרים,3.00,ליטר,false,,27.90,9.3000,true,1,134402
7290110566623,false,קפסולות קולומביה עלית 08 למכונת נספרסו מארז 5X10ג',שטראוס קפה בי.וי.,,עלית קפסולות קולומבי,יחידה,0.00,יחידה,false,,18.00,0.0000,true,1,135196
7290110566975,false,דנונה פרו יוגורט 0% תות עשיר בחלבון 200ג',"שטראוס בריאות בע""\מ",,דנונה פרו תות 200 גר,גרמים,200.00,100 גרם,false,,5.90,0.0295,true,1,132671
7290110567057,false,צנצנת מסטיק מאסט קוביות מנטה חזקה 66 ג' עלית,אסקום קונפקשיין,,בוקסי מנטה אקליפטוס,יחידה,0.00,יחידה,false,,9.90,0.0000,true,1,138045
7290110568238,false,"קצפת צמחית 21% שומן 250 מ""ל יוטבתה",מחלבת יטבתה,,יטבתה קצפת צמחית 21%,מיליליטרים,250.00,"100 מ""ל",false,,7.90,0.0316,true,1,135423
7290110568559,false,דוריטוס עלית מארז חמוץ חריף 10 יח' *25 ג',"שטראוס פריטו ליי בע""מ )פ",,מארז דוריטוס חמוץ חר,גרמים,250.00,100 גרם,false,,14.90,0.0596,true,1,135099
7290110568566,false,דוריטוס גריל עלית מארז 10 יח' *25 ג',"שטראוס פריטו ליי בע""מ )פ",,מארז דוריטוס גריל 25,גרמים,250.00,100 גרם,false,,14.90,0.0596,true,1,135100
7290110570224,false,"משקה קפה קר בטעם עוגיות יטבתה 230 מ""ל",אנסטל מילק kg,,משקה קפה קר בטעם עוג,מיליליטרים,230.00,"100 מ""ל",false,,7.90,0.0343,true,1,190666
7290110571184,false,עדשים חומות 380 גר שטראוס טעם הטבע,קונסרב איטליה,,עדשים חומות 380ג שטר,גרמים,380.00,100 גרם,false,,6.90,0.0182,true,1,190651
7290110571375,false,"אנרג'י מיקס תערובת צימוקים, תמרים, טופי ושברי פקאן",אנרג'י Energy - שטראוס,,אנרג'י מיקס צימוקים,גרמים,100.00,100 גרם,false,,18.90,0.1890,true,1,190644
7290110571382,false,מעדן חלב בטעם וניל מעושר בחלבון 150 ג' שטראוס,"שטראוס בריאות בע""\מ",,מעדן חלב עם וניל מוע,גרמים,150.00,100 גרם,false,,5.90,0.0393,true,1,187352
7290110571405,false,עלית - מיני פינוקיות בגביע פסק זמן 180 גרם,הגביע,,מיני פינוקיות בגביע,גרמים,180.00,100 גרם,false,,11.90,0.0661,true,1,193037
7290110571412,false,מיני פינוקיות - פאדג' שוקולד בגביע 180 גרם,הגביע,,מיני פינוקיות בגביע,גרמים,180.00,100 גרם,false,,11.90,0.0661,true,1,193034
7290110571474,false,רבע לשבע טבעוני פופקורן עלית 125 גרם,"הגביע מוצרי וופלים בע""\מ",,רבע לשבע טבעוני פופק,גרמים,125.00,100 גרם,false,,12.90,0.1032,true,1,190295
7290110572129,false,כיף כף מקלות שוקולד לבן 40 ג' עלית,סולן בעבור שטראוס,,כיף כף מקלות שוקולד,יחידה,0.00,יחידה,false,,5.90,0.0000,true,1,193041
7290110572884,false,"קפסולות קפה מספר 20 למכונת אספרס אספרסו, 50 גרם",שטראוס קפה בי.וי.,,עלית קפסולות 20 למכו,יחידה,0.00,יחידה,false,,19.90,0.0000,true,1,193047
7290110572969,false,כיף כף פצפצים עקרם לבן 40ג' עלית,שולן צ'\יקולטה גידה סאן.,,כיף כף פצפצים במילוי,יחידה,0.00,יחידה,false,,5.90,0.0000,true,1,190719
7290110572976,false,כיף כף גביע פצפוצים קרם לבן 135 גרם,שולן צ'יקולטה גידה ס,,כיף כף פצפצים קרם לב,גרמים,135.00,100 גרם,false,,10.90,0.0807,true,1,190646
7290110576318,false,מאגדת שלישיית שוקולד אגוז לבן 300 ג' עלית,שטראוס,,מאגדת שלישיית אגוז ש,יחידה,0.00,יחידה,false,,29.90,0.0000,true,1,192433
7290110576356,false,"שוקולד ספלנדיד מריר 64% - חלבי , מפולי קקאו מפרו",קימ'\ס גריפלנן,,ספלנדיד שוקולד מריר,גרמים,100.00,100 גרם,false,,8.90,0.0890,true,1,190262
7290110576363,false,"שוקולד ספלנדיד מריר 80% חלבי ,פולי קקאו מאוגנדה",קימ'\ס גריפלנן,,ספלנדיד שוקולד מריר,גרמים,100.00,100 גרם,false,,8.90,0.0890,true,1,190263
7290110576370,false,מארז שלישייה שוקולד מריר חלבי עם אגוזי לוז,שטראוס,,מאגדת שלישיית אגוז ש,יחידה,0.00,יחידה,false,,29.90,0.0000,true,1,192435
7290110576752,false,טבלאות שוקולד ספלנדיד מריר 70% 100 ג' עלית,קימ'\ס גריפלנן,,ספלנדיד מריר 70 %,יחידה,0.00,יחידה,false,,11.00,0.0000,true,1,193064
7290110576776,false,טבלאות שוקולד ספלנדיד מריר 85% 100 ג' עלית,קימ'\ס גריפלנן,,ספלנדיד מריר 85% 100,גרמים,100.00,100 גרם,false,,11.00,0.1100,true,1,193065
7290110576790,false,גבינת סקי 3% בטעם מוקה 125 גרם,"שטראוס בריאות בע""\מ",,סקי בטעם מוקה 125 גר,גרמים,125.00,100 גרם,false,,3.90,0.0312,true,1,193070
7290110577230,false,משקה חלב בטעם פיסטוק בבקבוק יטבתה 1 ליטר,שטראוס גרופ,,משקה חלב בטעם פיסטוק,ליטרים,1.00,ליטר,false,,11.90,11.9000,true,1,193067
7290110808204,false,פרולטה קרם ידיים אבוקדו 100מ'ל,,,פרולטה קרם ידיים אבו,יחידה,0.00,יחידה,false,,8.90,0.0000,true,1,154124
7290111093142,false,קרם ידיים וניל מעודן 100 מל DR OR,אמיליה,,קרם ידיים אנטי אייגי,יחידה,0.00,יחידה,false,,12.90,0.0000,true,1,152847
7290111093180,false,שלישיית מבונים קוויק לניקוי כלל בריח לימון,,,מטליות קוויק לניקוי,יחידה,0.00,יחידה,false,,18.90,0.0000,true,1,183754
7290111093685,false,קוויק מגבוני ניקוי שלישייה,,,קוויק מגב' לניקוי כל,יחידה,0.00,יחידה,false,,16.90,0.0000,true,1,192138
7290111097041,false,מגבוני בייביסיטר מבושמים 66*8,קיבוץ עמיר dpl,,מגבונים בייביסיטר שמ,יחידה,0.00,יחידה,false,,24.90,0.0000,true,1,176734
7290111097836,false,קוויק מגבונים 99.9% דוחה אבק למשטחים בניחוח מרכך כביסה 50 יחידות,די.פי.אל,,מגב' קוויק דוחה אבק,יחידה,50.00,יחידה,false,,8.90,0.1780,true,1,186076
7290111285318,false,צלחת במבוק 23 סמ מיקי מאוס,שמחה זה אנחנו,,צלחת במבוק 23 - מיקי,יחידה,0.00,יחידה,false,,16.90,0.0000,true,1,134441
7290111285325,false,צלחת במבוק 23 סמ מיני מאוס,שמחה זה אנחנו,,צלחת במבוק 23 - מיני,יחידה,0.00,יחידה,false,,16.90,0.0000,true,1,134442
7290111340109,false,דיפנד - מגן תחתון לנשים אקטיב 22 יח',חוגלה קימברלי,,מגן תחתון לבריחת שת,יחידה,0.00,יחידה,false,,22.90,0.0000,true,1,160268
7290111340178,false,מטליות לחות לניקוי כללי בניחוח מרכך כביסה 50 יח' ניקול,חוגלה קימברלי,,מטליות לחות חד פעמיו,יחידה,50.00,יחידה,false,,10.90,0.2180,true,1,125231
7290111340185,false,מטליות לחות רצפה ניחוח מרכך כביסה ניקול 10 יחידות,חוגלה קימברלי,,ניקול מטליות לחות לר,יחידה,10.00,יחידה,false,,10.90,1.0900,true,1,125232
7290111340925,false,מטליות לחות ניקול XL לניקוי כללי בניחוח פריחה 40 יח',חוגלה קימברלי,,ניקול מטליות לחות X,יחידה,0.00,יחידה,false,,10.90,0.0000,true,1,130561
7290111341359,false,ניקול רדיד אלומיניום 60 מטר+סכין חיתוך,"אופל בע""\מ",,ניקול רדיד אלומניום,יחידה,150.00,יחידה,false,,44.90,0.2993,true,1,135262
7290111341984,false,לילי - מגבוני נייר טואלט לח פיור רביעייה,קימברלי,,לילי לח PURE מארז רב,יחידה,0.00,יחידה,false,,22.90,0.0000,true,1,146578
7290111341991,false,מגבוני טואלט לח סופרים לילי 48 יח',חוגלה קימברלי,,לילי מגבונים לחים סו,יחידה,0.00,יחידה,false,,6.90,0.0000,true,1,145235
7290111342042,false,כריות יפניות ניקול לניקוי אנטיבקטריאלי 4,פלסטו פוליש,,כריות יפניות אנטיבקט,יחידה,0.00,יחידה,false,,10.90,0.0000,true,1,149653
7290111342738,false,לילי - מגבוני נייר טואלט לח קידס רביעייה,לילי נייר טואלט חוגלה,,מארז לילי לח KIDS רב,יחידה,0.00,יחידה,false,,22.90,0.0000,true,1,149049
7290111343117,false,"קלינקס לושן סופט פק זוגות 140 דף ""חדש""",קימברלי קלארק,,קלינקס לושן סופט פק,יחידה,0.00,יחידה,false,,12.90,0.0000,true,1,161839
7290111343797,false,מטליות לחות לניקוי חלונות 48 יח' ניקול,חוגלה קימברלי,,ניקול מטליות לחות לנ,יחידה,0.00,יחידה,false,,10.90,0.0000,true,1,158949
7290111343841,false,ניקול ספוגית הקסם נירוסטה 3 יחידות,חוגלה,,ספוגית הקסם ניורסטה,יחידה,0.00,יחידה,false,,10.90,0.0000,true,1,158956
7290111343858,false,ניקול מטליות לחות לרצפה אנטיבקרטריאלי 10 יחידות,עלבד משואות יצחק,,מטליות לחות לניקוי ו,יחידה,0.00,יחידה,false,,10.90,0.0000,true,1,154586
7290111344145,false,ניקול זוג מטליות מיקרופייבר אנטיבקטריאליות לרצפה,ניקול,,ניקול מטליות לרצפה מ,יחידה,0.00,יחידה,false,,22.90,0.0000,true,1,170563
7290111344503,false,חיתולי האגיס אקסטרה קייר מידה +4 36 יח',חוגלה קימברלי,,האגיס אקסטרה קר מידה,יחידה,0.00,יחידה,false,,49.90,0.0000,true,1,174343
7290111344527,false,ניקול שקיות אשפה XXL לפחים ענקיים 20 יחי,קימברלי קלארק,,ניקול שקיות אשפה XXL,יחידה,0.00,יחידה,false,,22.90,0.0000,true,1,164460
7290111344626,false,מגבות מטבח אנטיבקריאליות,,,ניקול 2 מגבות מטבח א,יחידה,0.00,יחידה,false,,21.90,0.0000,true,1,167012
7290111344701,false,ניקול שקיות אוכל סנדויצון מניונים 250 יחידות,חוגלה קימברלי,,ניקול סנדוויצ'ון שקי,יחידה,250.00,יחידה,false,,11.90,0.0476,true,1,191947
7290111344732,false,קלינקס - טיישו אלרג'י קומפורט ניילון זוגות 140 דף,קימברלי קלארק,,קלינקס בעל ספיגת מרב,יחידה,0.00,יחידה,false,,11.90,0.0000,true,1,170564
7290111344824,false,מגן תחתון קוטקס אקסטרא אנטיבקטריאלי לארג',חוגלה,,מגן תחתון קוטקס אנטי,יחידה,0.00,יחידה,false,,19.90,0.0000,true,1,181831
7290111344855,false,קוטקס - מגיני יום אקסטרא פרוטקט לארג' ביג 52 יח',חוגלה קימברלי,,מגן תחתון קוטקס אקסט,יחידה,0.00,יחידה,false,,19.90,0.0000,true,1,181829
7290111344930,false,מטליות לחות לרצפה בניחוח כביסה ארומתרפיה ניקול 10 יח',ניקול,,ניקול מטליות לחות לר,יחידה,0.00,יחידה,false,,11.90,0.0000,true,1,178842
7290111345050,false,כריות מיקרופייבר ניקול לניקוי עדין,ניקול,,כרית מיקרופייבר דו צ,יחידה,1.00,יחידה,false,,13.90,13.9000,true,1,179183
7290111345722,false,ניקול שקיות לשמירה על הטריות 5 יחידות,ניקול,,שקיות לשמירה הטריות,יחידה,0.00,יחידה,false,,15.90,0.0000,true,1,190448
7290111345777,false,תחבושת קוטקס כותנה לילה 16 יח' קוטקס,קריות זול,,תחבושת קוטקס נורמל ד,יחידה,0.00,יחידה,false,,18.90,0.0000,true,1,185164
7290111345814,false,נייר טואלט לילי נטורל קר 30 גלילים מהדורה,לילי נייר טואלט חוגלה,,נייר טואלט לילי נטור,יחידה,0.00,יחידה,false,,39.90,0.0000,true,1,181711
7290111346088,false,נייר טואלט מולט דו שכבתי 30 גל,חוגלה קימברלי,,מולט נייר טואלט דו ש,יחידה,0.00,יחידה,false,,29.90,0.0000,true,1,188707
7290111346125,false,מארז שלישייה מגבוני דיילי קר ללא בישום *56 יח' האגיס,קימברלי,,מגבוני האגיס דיילי ק,יחידה,0.00,יחידה,false,,15.90,0.0000,true,1,189290
7290111346132,false,מארז שלישייה מגבוני סנסטיב קר ללא בישום *56 יח' האגיס,עלבד,,מגבוני האגיס סנסטיב,יחידה,0.00,יחידה,false,,15.90,0.0000,true,1,189291
7290111346293,false,מגבת נייר ניקול 6 יחידות מהדורה חגיגית,חוגלה קימברלי,,מגבות נייר ניקול 6 ג,יחידה,0.00,יחידה,false,,11.90,0.0000,true,1,188708
7290111350030,false,רסק תפוחי עץ טבעי בצנצנת 670 גרם קלית גת,"ג'י אנד ג'י בע""מ",,רסק תפוחי עץ טבעי 67,גרמים,670.00,100 גרם,false,,12.90,0.0193,true,1,119991
7290111350092,false,מארז מיקס חטיפי מיני לואקר בסט 200 גר,ליימן מותגים,,המיטב של לואקר 200 ג,גרמים,200.00,100 גרם,false,,22.90,0.1145,true,1,125386
7290111350672,false,"דבש טהור מפרחי בר ""קליית גת"" 700 גרם",חקלאות עין חרוד מאוח,,דבש טהור צנצנת קליית,גרמים,700.00,100 גרם,false,,34.90,0.0499,true,1,135153
7290111350719,false,חטיף נאצוס הוטפופ בסגנון מסעדות 322 גר,ליימן מותגים,,נאצוס חטיף תירס בסגנ,גרמים,322.00,100 גרם,false,,15.90,0.0494,true,1,141945
7290111350726,false,חטיף נאצוס הוטפופ בסגנון מקסיקני 322 גר,ליימן מותגים,,נאצוס חטיף מתירס צהו,גרמים,322.00,100 גרם,false,,15.90,0.0494,true,1,141946
7290111350740,false,הוט פופ קידס טבעי+מלח 500 ג' +5 גביעים,ליימן מותגים,,הוטפופ קידס מארז 5 ש,יחידה,0.00,יחידה,false,,15.90,0.0000,true,1,137073
7290111351747,false,טורטיה מקמח חיטה צ'וקטה 320 גרם,צ'וקטה,,טורטיות מקמח חיטה,גרמים,320.00,100 גרם,false,,9.90,0.0309,true,1,147521
7290111352959,false,מקלות חמוצים ממולאים בטעם פירות 80 גר' יוגטה,יוגטה yogueta,,יוגטה מקלות חמוצים ב,יחידה,0.00,יחידה,false,,4.90,0.0000,true,1,158632
7290111352966,false,יוגטה סוכריות ממולאות בטעם פירות 250 גרם ללא ג'לטין,ליימן שליסל,,סוכריות גומי ממולאות,גרמים,250.00,100 גרם,false,,5.90,0.0236,true,1,158633
7290111352973,false,יוגוטה קוביות חמוצות ממולאות בטעם פירות,יוגטה yogueta,,יוגטה קוביות חמוצות,גרמים,220.00,100 גרם,false,,5.90,0.0268,true,1,158634
7290111353123,false,"גומי נחש מסוכר 200 גר' וסטהיים (כש""לפ בית יוסף)",טופגם תעשיות ממתקים,,יוגטה סוכריות גומי נ,גרמים,200.00,100 גרם,false,,7.90,0.0395,true,1,161091
7290111353239,false,"גומי יין 200 גר' וסטהיים (כש""לפ בית יוסף)",טופגם תעשיות ממתקים,,יוגטה סוכריות גומי י,גרמים,200.00,100 גרם,false,,7.90,0.0395,true,1,161098
7290111353437,false,חטיף בטטה ומלח ים 120 גרם הוט פופ,איץ.סיי גרופ אס.דה א,,חטיף בטטה ומלח ים 12,גרמים,120.00,100 גרם,false,,14.90,0.1242,true,1,164239
7290111353444,false,חטיף בטטות ומלח ים 120 גרם הוט פופ,איץ.סיי גרופ אס.דה א,,חטיף בטטות ומלח ים 1,גרמים,120.00,100 גרם,false,,14.90,0.1242,true,1,164240
7290111353451,false,חטיף בירקות שורש ומלח ים הוטפופ 120 גרם,איץ.סיי גרופ אס.דה א,,חטיף ירקות שורש ומלח,גרמים,120.00,100 גרם,false,,14.90,0.1242,true,1,164241
7290111353475,false,"שטיחים חמוצים בטעם פירות 200 גרם בד""ץ",צ'וקטה,,ממתק חמוץ בטעם פירות,גרמים,200.00,100 גרם,false,,8.90,0.0445,true,1,166046
7290111353482,false,מקלות חמוצים ממולאות בטעמי פירות יוגטה 200 גרם,צ'וקטה,,סוכריות חמוצות ממולא,גרמים,200.00,100 גרם,false,,8.90,0.0445,true,1,166045
7290111353550,false,חמאת בוטנים טבעית קליית גת 300 גרם,J&G קיסריה,,חמאת בוטנים טבעית 30,גרמים,300.00,100 גרם,false,,15.90,0.0530,true,1,164242
7290111353567,false,ממרח שקדים טבעי קליית גת 300 גרם,J&G קיסריה,,ממרח שקדים 300 גרם,גרמים,300.00,100 גרם,false,,35.90,0.1197,true,1,164245
7290111354595,false,קופסת אוכל קנופרס 5 חטיפים,אוגוסט שטורק,,קופסת אוכל קנופרס,גרמים,125.00,100 גרם,false,,15.90,0.1272,true,1,190528
7290111534010,false,פס גבינה שמנת פירורים קפולסקי 400 גרם,תופינים מקבוצת קפולסקי,,קפולסקי פס גבינה שמנ,גרמים,450.00,100 גרם,false,,39.90,0.0887,true,1,132774
7290111563492,false,סלטי צבר מטבוחה חריפה מרובע 6*400גרם,סלטי צבר,,צבר מטבוחה חריפה מרו,גרמים,400.00,100 גרם,false,,12.90,0.0323,true,1,133927
7290111564277,false,פריכיות דקות ונימוחות 3 דגנים פיטנס Fitness,פרח תעשיות בעמ,,אסם פיטנס פריכיות 3,יחידה,0.00,יחידה,false,,11.90,0.0000,true,1,124983
7290111564291,false,פריכיות דקות ונימוחות 3 דגנים וקינואה פיטנס Fitness,פרח תעשיות בעמ,,אסם פיטנס פריכיות דק,גרמים,120.00,100 גרם,false,,11.90,0.0992,true,1,124984
7290111564727,false,עוגיות אסם קרמוגית וקרם אגוזים אסם 200ג',מיוצר עי קונדיטוריית,,אסם קרמוגית במילוי ק,גרמים,200.00,100 גרם,false,,11.90,0.0595,true,1,129962
7290111564956,false,"ביסלי במבה מיקס 200 גרם ""אסם""",פרו מן יו פתרונות אריזה,,אסם ביסלי במבה מיקס,גרמים,200.00,100 גרם,false,,11.90,0.0595,true,1,133918
7290111566226,false,שניצל ברוקולי טבעול 667 גרם,עיצובים 2020 (4.8),,טבעול שניצל ברוקולי,גרמים,667.00,100 גרם,false,,29.90,0.0448,true,1,130455
7290111566240,false,שניצל דק מן הצומח בטעם צ'ילי חריף 700 גרם,עיצובים 2020 (4.8),,טבעול שניצל דק בטעם,גרמים,564.00,100 גרם,false,,29.90,0.0530,true,1,130456
7290111566271,false,חטיפי תירס טבעול 657 גרם,עיצובים 2020 (4.8),,טבעול חטיפי תירס 657,גרמים,657.00,100 גרם,false,,29.90,0.0455,true,1,130439
7290111566318,false,שניצל דק מן הצומח בטעם ביתי 700 גרם,עיצובים 2020 (4.8),,טבעול שניצל דק מן הצ,גרמים,564.00,100 גרם,false,,29.90,0.0530,true,1,130452
7290111566332,false,"נקניקיות וינר מן הצומח 680 גרם ""טבעול""",עיצובים 2020 (4.8),,טבעול נקניקיות וינר,גרמים,680.00,100 גרם,false,,29.90,0.0440,true,1,130457
7290111566417,false,טבעול טחון מן הצומח משופר 400 גרם,עיצובים 2020 (4.8),,טבעול טחון צמחני 500,גרמים,500.00,100 גרם,false,,29.90,0.0598,true,1,130469
7290111566547,false,טבעול חזה בגריל צמחוני 99 קלוריות 560ג',עיצובים 2020 (4.8),,טבעול חזה בגריל צמחו,גרמים,560.00,100 גרם,false,,29.90,0.0534,true,1,130463
7290111566561,false,"שניצל ברוקולי 99 קלוריות 560 גר' ""טבעול""",עיצובים 2020 (4.8),,טבעול שניצל ברוקולי,גרמים,560.00,100 גרם,false,,29.90,0.0534,true,1,130464
7290111566585,false,"שניצל צמחוני 99 קלוריות 650 גר' ""טבעול""",עיצובים 2020 (4.8),,טבעול שניצל צמחוני 9,גרמים,600.00,100 גרם,false,,29.90,0.0498,true,1,130465
7290111566691,false,"שניצל תרד 99 קלוריות 560 גרם ""טבעול""",עיצובים 2020 (4.8),,טבעול שניצל תרד 99 ק,גרמים,560.00,100 גרם,false,,29.90,0.0534,true,1,130466
7290111566714,false,טבעול המבורגר צמחוני 99 קלוריות 600 גרם,עיצובים 2020 (4.8),,טבעול המבורגר צמחוני,גרמים,600.00,100 גרם,false,,29.90,0.0498,true,1,130467
7290111566752,false,טבעול שניצל תירס 99 קלוריות 693 גרם,עיצובים 2020 (4.8),,טבעול שניצל תירס 99,גרמים,693.00,100 גרם,false,,29.90,0.0431,true,1,130462
7290111566776,false,"נקניקיות קוקטייל מן הצומח 680 גרם ""טבעול""",עיצובים 2020 (4.8),,טבעול נקניקיות קוקטי,גרמים,680.00,100 גרם,false,,29.90,0.0440,true,1,130460
7290111568206,false,ביסלי פארטי מיקס אסם 150 גר',פרו מן יו פתרונות אר,,אסם ביסלי פארטי מיקס,גרמים,150.00,100 גרם,false,,9.90,0.0660,true,1,133922
7290111568251,false,אטריות נודלס להקפצה אסם אסייתי 350 גר',תאי פרזידנטפוד,,אסם נודלס איטריות לה,גרמים,350.00,100 גרם,false,,10.90,0.0311,true,1,133910
7290111568961,false,אסם בייגלה טבעות מלח 400 גרם,אסם,,אסם בייגלה טבעות מלח,גרמים,400.00,100 גרם,false,,10.90,0.0273,true,1,134002
7290111874154,false,שקית 10 מודפס לבבות,,,שקית 10 מודפס לבבות,יחידה,0.00,יחידה,false,,10.00,0.0000,true,1,146922
7290111931338,false,סבון רחצה פלמוליב לומינוס מועשר בשמנים טבעיים,קולגייט פלמוליב,,פלמוליב סבון לומינוס,מיליליטרים,500.00,"100 מ""ל",false,,15.90,0.0318,true,1,134135
7290111932380,false,"מרידול משחת שיניים מארז 75X2מ""ל כשל""פ",GABA LOER GER,,מרידול מארז זוג 75 מ,יחידה,0.00,יחידה,false,,29.90,0.0000,true,1,141145
7290111932502,false,"משחת שיניים קולגייט אופטיק וייט אקספרט וויט 75 מ""ל",קולגייט Colgate,,קולגייט אופטיק ווייט,מיליליטרים,75.00,"100 מ""ל",false,,29.90,0.3987,true,1,136354
7290111933462,false,"רוטב צ'ילי מתוק מאסטר שף 300 מ""ל","סיטי פוד בע""מ",,מאסטר שף רוטב צילי מ,מיליליטרים,300.00,"100 מ""ל",false,,9.90,0.0330,true,1,132544
7290111933561,false,מאסטר שף תערובת ציפוי נגטס 250 גרם,טסט וסנט קו.לטד,,מנה תערובת ציפוי נגט,גרמים,250.00,100 גרם,false,,7.90,0.0316,true,1,143332
7290111934827,false,"סבון ידיים פלמוליב היגיינה 300 מ""ל",פלמוליב Palmolive,,פלמוליב סבון ידיים ה,גרמים,300.00,100 גרם,false,,9.90,0.0330,true,1,143229
7290111935527,false,"מ. שיניים קולגייט טוטל קלין מיניט -זוג כשל""פ2*100 גרם",קולגייט פלמוליב,,קולגייט טוטל קלין מי,יחידה,0.00,יחידה,false,,32.90,0.0000,true,1,141152
7290111935961,false,מאסטר שף מחית עגבניות 690 גרם,פראנו אנריקו ופיגלי,,מאסטר שף מחית עגבניו,גרמים,690.00,100 גרם,false,,11.90,0.0172,true,1,144061
7290111936784,false,מארז חמישיית חטיפי תמרים ואגוזי לוז פרי 125 גרם,"טבעית מוצרים מהטבע בע""\מ",,פרי מארז חטיפים תמרי,יחידה,0.00,יחידה,false,,16.90,0.0000,true,1,142395
7290111937248,false,פרי מארז חטיפים 5 יחידות תמרים קשיו ונגיעות לוז כשלפ,"טבעית מוצרים מהטבע בע""\מ",,פרי מארז חטיפים תמרי,יחידה,0.00,יחידה,false,,16.90,0.0000,true,1,142398
7290111938481,false,"רוטב סויה בהירה מאסטר שף 300 מ""ל",מאסטר שף,,מאסטר שף רוטב סויה ב,מיליליטרים,300.00,"100 מ""ל",false,,9.90,0.0330,true,1,153653
7290111938498,false,"מנה אסייאתי רוטב סויה בהירה 700 מ""ל מ.שף",קי.אר.אס. ספייסי פוד,,מאסטר שף אסייאתי רוט,מיליליטרים,700.00,"100 מ""ל",false,,14.90,0.0213,true,1,149179
7290111939174,false,קוקי ניילון נצמד עם גומי מידה לארג,קוקי,,קוקי ניילון נצמד עם,יחידה,0.00,יחידה,false,,10.90,0.0000,true,1,150067
7290111939181,false,קוקי כיסוי ניילון עם גומי מיקס מידות,שסטוביץ,,קוקי ניילון נצמד עם,יחידה,0.00,יחידה,false,,10.90,0.0000,true,1,150068
7290112000057,false,גל כביסה קרטין גולד וולייט 3 ליטר,רקיט בנקיזר,,וולייט ג'ל גולד לשמי,ליטרים,3.00,ליטר,false,,19.90,6.6333,true,1,127898
7290112000149,false,אירוויק מפיץ אדים אוטמטי מכשיר +מחלוי יסמין,RB הונגריה,,אירוויק מפיץ אדים קו,יחידה,0.00,יחידה,false,,49.90,0.0000,true,1,133221
7290112000163,false,מילוי למפזר אדים בניחוח יסמין ואדמונית,איירוויק Air Wick,,איירויק מילוי מפיץ א,יחידה,0.00,יחידה,false,,19.90,0.0000,true,1,193893
7290112000286,false,"גל לניקוי אסלות סיליט באנג לימון 750 מ""ל",סיליט באנג Cillit Bang,,סיליט ג'ל אסלות לימו,מיליליטרים,750.00,"100 מ""ל",false,,13.90,0.0185,true,1,130098
7290112000293,false,"סיליט באנג ג'ל לחיטוי וניקוי האסלה פרש, 750 מ""ל",סיליט באנג Cillit Bang,,סיליט ג'ל אסלות פרש,מיליליטרים,750.00,"100 מ""ל",false,,9.90,0.0132,true,1,130099
7290112000385,false,מנקה ומחטא עוצמתי למטבח ללא אקונומיקה,רקיט בנקיזר,,דטול תרסיס למטבח 750,מיליליטרים,750.00,"100 מ""ל",false,,14.90,0.0199,true,1,137422
7290112000408,false,מנקה ומחטא עוצמתי לניקוי כללי בניחוח לימון,רקיט בנקיזר,,דטול תרסיס לניקוי כל,מיליליטרים,750.00,"100 מ""ל",false,,14.90,0.0199,true,1,137424
7290112000712,false,ויט קרם להסרת שיער לגבר למקלחת 150 מל,רקיט בנקיזר צרפת,,ויט לגבר קרם למקלחת,יחידה,0.00,יחידה,false,,39.90,0.0000,true,1,134499
7290112000736,false,פיניש טבליות aio 80 יח אריזת חסכון,רקיט בנקיזר,,פיניש 80 טבליות AIO,יחידה,0.00,יחידה,false,,59.90,0.0000,true,1,134498
7290112000798,false,"דיטול תרסיסי חיטוי וניקוי אנטי בקטריאלי 750 מ""ל",רקיט בנקיזר,,דטול תרסיס חיטוי אנט,מיליליטרים,750.00,"100 מ""ל",false,,14.90,0.0199,true,1,137425
7290112000828,false,דטול - מגבונים חיטוי וניקוי אנטי בקטריאלי 60 יח',רקיט בנקיזר,,דטול מגבונים חיטוי א,יחידה,60.00,יחידה,false,,14.90,0.2483,true,1,137426
7290112000873,false,מטליות לחות לחדר האמבטיה מנקה ומחטא עוצמתי,רקיט בנקיזר,,דטול מגבונים לאמבטיה,יחידה,60.00,יחידה,false,,12.90,0.2150,true,1,137428
7290112000880,false,מטליות לחות למטבח מנקה ומחטא עוצמתי,רקיט בנקיזר,,דטול מגבונים למטבח 6,יחידה,60.00,יחידה,false,,12.90,0.2150,true,1,137429
7290112001221,false,מנקה מכונת כביסה בניחוח נקי ורענן,רקיט בנקיזר,,קולון מנקה מכונה רגי,מיליליטרים,250.00,"100 מ""ל",false,,19.90,0.0796,true,1,137418
7290112001238,false,"מנקה מכונת כביסה קולון לימון 250 מ""ל",רקיט בנקיזר,,קולון מנקה מכונה לימ,מיליליטרים,250.00,"100 מ""ל",false,,19.90,0.0796,true,1,137419
7290112001436,false,"פיניש מנקה מדיח כלים בניחוח לימון 250 מ""ל",רקיט בנקיזר,,פיניש מנקה מדיח בניח,מיליליטרים,250.00,"100 מ""ל",false,,14.90,0.0596,true,1,148743
7290112001870,false,"סיליט באנג ספריי ניקוי אמבטיה 750 מ""ל",רקיט בנקיזר,,סיליט באנג אמבטיות 7,מיליליטרים,750.00,"100 מ""ל",false,,13.90,0.0185,true,1,147660
7290112001900,false,פיניש ג'ל למדיח אקולוגי 1 ליטר,רקיט בנקיזר,,פיניש ג'ל 1 ליטר אקו,ליטרים,1.00,ליטר,false,,42.90,42.9000,true,1,145282
7290112002044,false,טבליות פיניש מנקה מדיח 3 יח,רקיט בנקיזר,,פיניש מנקה מדיח טבלי,יחידה,0.00,יחידה,false,,19.90,0.0000,true,1,145284
7290112002136,false,ג'ל כביסה מרוכז קולון 101 קלאסי,רקיט בנקיזר,,קולון גל רגיל כחול 4,ליטרים,4.00,ליטר,false,,34.90,8.7250,true,1,147419
7290112002150,false,ג'ל כביסה מרוכז קולון 101 בניחוח ורדים,רקיט בנקיזר,,קולון גל בניחוח ורדי,ליטרים,4.00,ליטר,false,,34.90,8.7250,true,1,147418
7290112002457,false,דטול - שלישיית מגבונים לניקוי וחיטוי בניחוח לימון,רקיט בנקיזר,,דטול מגבונים חיטוי ו,יחידה,0.00,יחידה,false,,24.90,0.0000,true,1,163171
7290112003140,false,"אירוויק ספרי אוטמטי מילוי מנגו מרענן 250 מ""ל",RECKITT BENCKISER UK,,איירוויק פרשמטיק מי,מיליליטרים,250.00,"100 מ""ל",false,,14.90,0.0596,true,1,179714
7290112003188,false,קולון קפסולות ג'ל 60 יח' אריזת חיסכון,רקיט בנקיזר,,קולון קפסולות ג'ל לכ,יחידה,0.00,יחידה,false,,56.90,0.0000,true,1,161817
7290112003454,false,"איירוויק מקלות ריחניים יער ועשבי בר 80 מ""ל",רקיט בנקיזר,,אירוויק מקלות ריחניי,יחידה,0.00,יחידה,false,,29.90,0.0000,true,1,163796
7290112003478,false,"מבשם אוויר אירוויק ספריי אננס ורוזמרין 236 מ""ל",רקיט בנקיזר,,אירוויק ספריי אננס ו,יחידה,0.00,יחידה,false,,19.90,0.0000,true,1,163798
7290112003508,false,"מבשם אוויר אירוויק ספריי יער ועשבי בר 236 מ""ל",רקיט בנקיזר,,איירוויק ספריי יער ו,יחידה,0.00,יחידה,false,,19.90,0.0000,true,1,164453
7290112003515,false,"מבשם אוויר אירוויק ספריי ורדים וגרניום 236 מ""ל",רקיט בנקיזר,,אירוויק ספריי ורדים,יחידה,0.00,יחידה,false,,19.90,0.0000,true,1,163799
7290112003522,false,איירוויק בוטניקה נר ריחני בניחוח אננס ור,רקיט בנקיזר,,אירוויק נר ריחני אננ,יחידה,0.00,יחידה,false,,29.90,0.0000,true,1,163791
7290112003553,false,איירוויק בוטניקה נר ריחני בניחוח עשבי יע,רקיט בנקיזר,,אירוויק נר ריחני יער,יחידה,0.00,יחידה,false,,29.90,0.0000,true,1,163792
7290112003843,false,"קלגון גל אנטי בקטריאלי 750 מ""ל",רקיט בנקיזר,,קלגון ג'ל אנטי בקטר,יחידה,0.00,יחידה,false,,29.90,0.0000,true,1,172922
7290112004192,false,פיניש הכל ב1 אקולוגי70טב,רקיט בנקיזר,,פיניש טבליות למדיח א,יחידה,0.00,יחידה,false,,54.90,0.0000,true,1,175308
7290112004208,false,פיניש טבליות למדיח הכל ב 1 לימון 50 יחידות,רקיט בנקיזר,,פיניש טבליות למדיח ה,יחידה,0.00,יחידה,false,,36.90,0.0000,true,1,175306
7290112004314,false,"דטול - תרסיס חיטוי וניקוי בניחוח לימון רימונים 750 מ""ל",רקיט בנקיזר,,דטול תרסיס מנקה ומחט,יחידה,0.00,יחידה,false,,14.90,0.0000,true,1,175309
7290112004413,false,"ספריי וניש קליה להסרת כתמים לבגדים לבנים 750 מ""ל",רקיט בנקיזר,,וניש ספריי הסרת כתמי,יחידה,0.00,יחידה,false,,16.90,0.0000,true,1,187740
7290112004451,false,דטול - מחטא כביסה לספורט 1.50 ליטר,RB איטליה,,מחטא כביסה דטול- ספו,ליטרים,1.50,ליטר,false,,24.90,16.6000,true,1,179180
7290112004611,false,"וניש קליה ג'ל מרוכז לטיפול נקודתי בכתמים 200 מ""ל",רקיט בנקיזר,,וניש קליה פאואר ג'ל,מיליליטרים,200.00,"100 מ""ל",false,,16.90,0.0845,true,1,182627
7290112004703,false,וניש תוסף כביסה גל מרוכז-כביסה צבעונית,רקיט בנקיזר,,"וניש ג""ל שקוף ורוד",מיליליטרים,750.00,"100 מ""ל",false,,19.90,0.0265,true,1,193042
7290112004710,false,וניש תוסף כביסה גל מרוכז-כביסה לבנה,רקיט בנקיזר,,"וניש ג""ל שקוף לבן 7",מיליליטרים,750.00,"100 מ""ל",false,,19.90,0.0265,true,1,193044
7290112004772,false,אירוויק מילוי מבשם חשמלי כביסה באוויר,רקיט בנקיזר,,איירוויק מילוי מבשם,יחידה,0.00,יחידה,false,,13.90,0.0000,true,1,189369
7290112004970,false,פיניש אולטימייט קוואנטום 50 טבליות למדיח,רקיט בנקיזר,,פיניש אולטימייט 50,יחידה,0.00,יחידה,false,,59.90,0.0000,true,1,190339
7290112005045,false,וניש מסיר כתמים אבקה לכביסה לבנה 480 גרם,רקיט בנקיזר,,וניש אבקה לכביסה לבנ,גרמים,480.00,100 גרם,false,,16.90,0.0352,true,1,189811
7290112005052,false,וניש תוסף כביסה רב תכליתי לבגדים לבנים,קליה וניש Kalia Vanish,,וניש אבקה לכביסה לבנ,גרמים,1500.00,100 גרם,false,,39.90,0.0266,true,1,189809
7290112005076,false,וניש תוסף כביסה רב תכליתי צבעוני 480 גרם,רקיט בנקיזר,,וניש אבקה לכביסה צבע,גרמים,480.00,100 גרם,false,,16.90,0.0352,true,1,189812
7290112005083,false,וניש תוסף כביסה רב תכליתי לכביסה צבעונית,קליה וניש Kalia Vanish,,וניש אבקה לכביסה צבע,גרמים,1500.00,100 גרם,false,,39.90,0.0266,true,1,189810
7290112005168,false,פיניש אולטימייט קוואנטום לימון 60 טבליות למדיח,רקיט בנקיזר,,פיניש קוואנטום לימון,יחידה,0.00,יחידה,false,,59.90,0.0000,true,1,190340
7290112192561,false,"משחת שיניים פרודונטקס הגנה מלאה מרעננת הלבנה 75 מ""ל",ג'י.אס.קיי קונסיומר,,משחת שיניים פרודונטק,יחידה,0.00,יחידה,false,,34.90,0.0000,true,1,150881
7290112192578,false,משחת שיניים פרודונטקס אקסטרה פרש הגנה מלאה,ג'י.אס.קיי קונסיומר,,משחת שיניים פרודונטק,יחידה,0.00,יחידה,false,,34.90,0.0000,true,1,150882
7290112192875,false,"סנסודיין - משחת שיניים רגישות וחניכיים 75 מ""ל",סנסודיין Sensodyne,,משחת שיניים סנסודיין,יחידה,0.00,יחידה,false,,34.90,0.0000,true,1,150879
7290112192882,false,"סנסודיין - משחת שיניים רגישות וחניכיים מלבינה 75 מ""ל",ג'י.אס.קיי קונסיומר,,משחת שיניים סנסודיין,יחידה,0.00,יחידה,false,,34.90,0.0000,true,1,150880
7290112330352,false,"יוגורט PRO בטעם וניל 0% , 20 גרם חלבון בגביע","שטראוס בריאות בע""\מ",,דנונה פרו וניל 200 ג,גרמים,200.00,100 גרם,false,,5.90,0.0295,true,1,144323
7290112330390,false,דנונה פרו פירות יער 20 גרם חלבון 0% שומן 200 גרם,"שטראוס בריאות בע""\מ",,דנונה פרו פירות יער,גרמים,200.00,100 גרם,false,,5.90,0.0295,true,1,144324
7290112330420,false,דנונה פרו לבן 2.9% שומן 150 גרם,מיוצר עי קונדיטוריית,,דנונה פרו לבן 2.9%,מיליליטרים,150.00,"100 מ""ל",false,,4.60,0.0307,true,1,140889
7290112332585,false,פריכיות משולש תפוא אורז בתיבול סלק ומלח ים אנרג'י 30 גרם,"פרח תעשיו מזון בע""מ",,"פריכיות תפו""א אורז ב",יחידה,0.00,יחידה,false,,5.90,0.0000,true,1,144996
7290112332691,false,פינוקיות עוגיות קרם פסק זמן אגוזים 200 גרם,"הגביע מוצרי וופלים בע""\מ",,עוגיות קרם פסק זמן א,גרמים,200.00,100 גרם,false,,11.90,0.0595,true,1,145980
7290112332899,false,עלית - צנצנת בזוקה פופים קלאסי 58 גרם,אסקום קונפקשיין,,צנצנת בזוקה פופים קל,יחידה,0.00,יחידה,false,,9.90,0.0000,true,1,144997
7290112334749,false,קפה טורקי בצלופן עלית 200 גרם+ 10% תוספת,שטראוס קפה בי.וי,,טורקי עלית 200 גרם +,גרמים,220.00,100 גרם,false,,15.90,0.0723,true,1,182629
7290112335487,false,הפריכיות הטעימות קצח ודגנים אנרג'י 135 גרם,אנרג'י Energy - שטראוס,,הפריכיות הטעימות קצח,גרמים,135.00,100 גרם,false,,12.90,0.0956,true,1,144332
7290112335494,false,הפריכיות הטעימות תפוחי אדמה בטעם פוטטוס,"פרח תעשיות מזון בע""\מ",,הפריכיות הטעימות פוט,גרמים,135.00,100 גרם,false,,12.90,0.0956,true,1,144333
7290112335500,false,"פרכיות אנרג'י חומוס,אורז,עדשים שחורות וקינואה 135 גרם","פרח תעשיות מזון בע""\מ",,הפריכיות הטעימות חלב,גרמים,135.00,100 גרם,false,,12.90,0.0956,true,1,144334
7290112336637,false,סוכריות מאסט Must ללא סוכר יוגורט תות ואוכניות,שטראוס גרופ,,סוכריות MUST ללא סוכ,יחידה,0.00,יחידה,false,,9.00,0.0000,true,1,147264
7290112336644,false,סוכריות מאסט ללא סוכר לימון 80 ג' עלית,שטראוס גרופ,,סוכריות MUST ללא סוכ,יחידה,0.00,יחידה,false,,6.90,0.0000,true,1,147265
7290112336651,false,סוכריות מאסט ללא סוכר ריבת חלב 80 ג' עלית,שטראוס גרופ,,סוכריות MUST ללא סוכ,יחידה,0.00,יחידה,false,,6.90,0.0000,true,1,147270
7290112336712,false,יוגורט PRO לבן 0% 21 גרם חלבון בגביע,"שטראוס בריאות בע""מ",,דנונה פרו 21 גרם חלב,גרמים,200.00,100 גרם,false,,5.90,0.0295,true,1,142298
7290112337474,false,סוכריות מאסט ללא סוכר פטל לימון 80 ג' עלית,שטראוס גרופ,,סוכריות MUST ללא סוכ,יחידה,0.00,יחידה,false,,9.00,0.0000,true,1,147266
7290112337481,false,סוכריות מאסט ללא סוכר קפצ''ינו 80 ג' עלית,שטראוס גרופ,,סוכריות MUST ללא סוכ,יחידה,0.00,יחידה,false,,9.00,0.0000,true,1,147271
7290112338877,false,מעדן גבינה בטעם תות 3% 125ג' סקי,"שטראוס בריאות בע""\מ",,סקי גבינת תות 3% 125,גרמים,125.00,100 גרם,false,,3.90,0.0312,true,1,139287
7290112339867,false,גמדים לדרך גבינה לבנה עם מחית תות,"שטראוס בריאות בע""\מ",,גמדים סקוויז תות בו,גרמים,100.00,100 גרם,false,,5.90,0.0590,true,1,140908
7290112339874,false,גמדים לדרך גבינה לבנה עם מחיות תות ובננה,"שטראוס בריאות בע""\מ",,גמדים סקוויז תות בננ,גרמים,100.00,100 גרם,false,,5.90,0.0590,true,1,140909
7290112340122,false,הפריכיות הטעימות 3 דגנים אנרג'י 135 גרם,"פרח תעשיות מזון בע""\מ",,הפריכיות הטעימות 3 ד,גרמים,135.00,100 גרם,false,,12.90,0.0956,true,1,144337
7290112340245,false,צנצנת מסטיק מאסט בטעם דובדבן 66 ג' עלית,"שטראוס גרופ בע""\מ",,מאסט צנצנת בטעם דובד,יחידה,0.00,יחידה,false,,9.80,0.0000,true,1,143407
7290112340252,false,צנצנת מסטיק מאסט בטעם אבטיח מלון 66 ג' עלית,"שטראוס גרופ בע""\מ",,מאסט צנצנת בטעם אבטי,יחידה,0.00,יחידה,false,,9.80,0.0000,true,1,143408
7290112340276,false,פינוקיות עוגיות קרם קפה 200 גרם,"הגביע מוצרי וופלים בע""\מ",,עוגיות קרם קפה נמס 2,גרמים,200.00,100 גרם,false,,11.90,0.0595,true,1,145986
7290112341556,false,יוגורט אקטיביה עם צ'יה ותות 150 גרם,"שטראוס בריאות בע""\מ",,אקטיביה עם צ'יה ותות,גרמים,150.00,100 גרם,false,,4.60,0.0307,true,1,147282
7290112341679,false,דנונה אקטיביה 3% שומן 200 גרם,מיוצר עי קונדיטוריית,,אקטיביה 3% 200 גרם,גרמים,200.00,100 גרם,false,,3.70,0.0185,true,1,147237
7290112341686,false,שמינייה יוגורט לבן אקטיביה 3% דנונה 150 גרם.,מיוצר עי קונדיטוריית,,מארז אקטיביה שמינייה,יחידה,0.00,יחידה,false,,21.90,0.0000,true,1,147241
7290112342102,false,סימפוניה גבינה במרקם שמנת בצל מקורמל 5%,"שטראוס בריאות בע""\מ",,סימפוניה בצל מקורמל,גרמים,200.00,100 גרם,false,,10.90,0.0545,true,1,149698
7290112342270,false,קפה פלטינום אינטנס מחוזק ב- 10% אספרסו,שטראוס קפה בי.וי,,פלטינום אינטנס 10% א,גרמים,125.00,100 גרם,false,,21.90,0.1752,true,1,146294
7290112343260,false,"יטבתה רוטב שמנת קלאסי 9% שומן 260 מ""ל",מחלבת יטבתה,,יטבתה רוטב שמנת קלאס,גרמים,260.00,100 גרם,false,,10.50,0.0404,true,1,149325
7290112343420,false,"משקה חלב עם דגנים מלאים ובננה פרו יטבתה 350מ""ל",מחלבת יטבתה,,יטבתה פרו ארוחת בוקר,מיליליטרים,350.00,"100 מ""ל",false,,7.90,0.0226,true,1,149328
7290112343499,false,חטיף צ'יטוס פאפס אפוי בטעם גבינה,"שטראוס פריטו ליי בע""\מ )",,צ'יטוס בטעם גבינה 55,יחידה,0.00,יחידה,false,,3.50,0.0000,true,1,178580
7290112343512,false,צ'יטוס puffs בטעם גבינה 180 גרם,"שטראוס פריטו ליי בע""\מ )",,ציטוס בטעם גבינה 160,גרמים,160.00,100 גרם,false,,7.90,0.0494,true,1,178581
7290112344724,false,מעדן בטעם שוקולד בלונדי 170 ג' מילקי,מיוצר עי קונדיטוריית,,מילקי בטעם שוקולד בל,יחידה,0.00,יחידה,false,,3.50,0.0000,true,1,182339
7290112344755,false,מילקי שוקולד 26% פחות סוכר 135 גרם,מיוצר עי קונדיטוריית,,מילקי עם 26% פחות סו,מיליליטרים,170.00,"100 מ""ל",false,,2.90,0.0171,true,1,164361
7290112344786,false,קפה פלטינום קלאסיק עלית 200 גרם,הנסיך- מפעל לייצור ט,,פלטינום קלאסיק 200 ג,גרמים,200.00,100 גרם,false,,25.90,0.1295,true,1,151856
7290112344953,false,סימפוניה חציל קלוי גבינה במקרם שמנת 5%,"שטראוס בריאות בע""\מ",,סימפוניה חציל קלוי 2,גרמים,200.00,100 גרם,false,,10.90,0.0545,true,1,168958
7290112346360,false,בפלות אחת אחת ופל בטעם שוקולד מצופה שוקולד,הגביע מוצרי וופלים ב,,בפלות אחת אחת בציפוי,גרמים,180.00,100 גרם,false,,14.90,0.0828,true,1,149936
7290112346537,false,עוגיות פינוקיות בטעם טורטית 200 ג' עלית,"הגביע מוצרי ופלים בע""\מ",,פינוקיות בטעם טורטית,גרמים,200.00,100 גרם,false,,11.90,0.0595,true,1,149324
7290112346629,false,דנונה בר יוגורט+קורנפלקס מצופה שוקולד חלב ולבן 172 גרם,"שטראוס בריאות בע""\מ",,יוגרט עם קורנפלקס מצ,מיליליטרים,183.00,"100 מ""ל",false,,4.50,0.0246,true,1,155815
7290112346797,false,יוגורט אקטיביה שיבולת שועל ושזיף 150 גרם,מיוצר עי קונדיטוריית,,אקטיביה שובולת שועל,גרמים,150.00,100 גרם,false,,4.60,0.0307,true,1,153934
7290112346827,false,שמיניית אקטימל ויטמין C פטל 108 גרם,"שטראוס בריאות בע""\מ",,אקטימל שמינייה טבעי,מיליליטרים,800.00,"100 מ""ל",false,,19.90,0.0249,true,1,194281
7290112347008,false,גמדים לדרך גבינה לבנה עם מחית תות ושיבולת שועל,מיוצר עי קונדיטוריית,,גמדים סקוויז ארוחת ב,גרמים,100.00,100 גרם,false,,5.90,0.0590,true,1,149333
7290112347473,false,מארז דנונה לייט אנד פריי תות ואפרסק 150 גרם 8 יחידות,מיוצר עי קונדיטוריית,,מארז לייט אנד פריי ת,יחידה,0.00,יחידה,false,,27.90,0.0000,true,1,148495
7290112348142,false,שעועית לבנה 380 גר' בקופסה טעם הטבע,שטראוס טעם הטבע,,שעועית לבנה 380 גרם,גרמים,380.00,100 גרם,false,,6.90,0.0182,true,1,154191
7290112348616,false,עלית - קפה נמס אגוזי לוז 100 גרם,שטראוס קפה בי.וי,,קפה נמס אגוזי לוז 10,יחידה,0.00,יחידה,false,,17.90,0.0000,true,1,194280
7290112349606,false,מעדן גבינה ויוגורט תות בננה 88 ג' דניאלה,"שטראוס בריאות בע""\מ",,דניאלה תות בננה 88 מ,יחידה,0.00,יחידה,false,,4.10,0.0000,true,1,182343
7290112349705,false,פומודורו רוטב עגבניות קלאסי לפסטה יד מרדכי 350 גרם,אמיליאנה קונסרב סוסייטה,,פומודורו רוטב עגבניו,גרמים,350.00,100 גרם,false,,12.90,0.0369,true,1,149948
7290112349736,false,בזיליקום רוטב עגבניות לפסטה יד מרדכי 350 גרם,אמיליאנה קונסרב סוסייטה,,בזיליקום רוטב עגבניו,גרמים,350.00,100 גרם,false,,12.90,0.0369,true,1,149940
7290112349750,false,פיצה רוטב עגבניות לפיצה יד מרדכי 350 גרם,אמיליאנה קונסרב סוסייטה,,פיצה רוטב עגבניות לפ,גרמים,350.00,100 גרם,false,,12.90,0.0369,true,1,149949
7290112350312,false,קפסולות 15 קפה יותר למכונות נספרסו עלית 10יח',הנסיך- מפעל לייצור ט,,קפסולות 15 למכונות נ,יחידה,0.00,יחידה,false,,18.00,0.0000,true,1,158415
7290112351258,false,עוגיית קקאו פינוקיות שחור לבן 200 גר,"הגביע מוצרי ופלים בע""\מ",,פינוקיות שחור לבן,גרמים,200.00,100 גרם,false,,11.90,0.0595,true,1,158412
7290112351524,false,עלי סלנובה 200 גר' שטראוס טעם הטבע,שטראוס בריאות ירקות טריי,,עלי חסה סלנובה,יחידה,0.00,יחידה,false,,11.90,0.0000,true,1,192265
7290112353887,false,"משקה קפה קר בטעם אגוזים יטבתה 230 מ""ל",האי נאם סי או אל.טי.,,משקה קפה קר בטעם אגו,מיליליטרים,230.00,"100 מ""ל",false,,7.90,0.0343,true,1,176928
7290112354174,false,"פסטה רוזה 280 ג""ר ""דלישס"" שטראוס",גסטרונומיה פרוסט אס. אר.,,"פסטה רוזה 280 ג""ר",יחידה,0.00,יחידה,false,,21.90,0.0000,true,1,179039
7290112354211,false,"פיצה מרגריטה""דלישס"" שטראוס",סקרלינפיצה אס. אר. אל. א,,פיצה מרגריטה,יחידה,0.00,יחידה,false,,25.90,0.0000,true,1,179043
7290112354228,false,"פיצה מרגריטה עם זיתים ""דלישס"" שטראוס",סקרלינפיצה אס. אר. אל. א,,פיצה מרגריטה עם זיתי,יחידה,0.00,יחידה,false,,25.90,0.0000,true,1,179044
7290112354945,false,תפוצ'יפס WAVY בטעם טבעי 50 גרם,שטראוס פריטו ליי בע”,IL,תפוצ'יפס טבעי 50 גרם,יחידה,0.00,יחידה,false,,3.90,0.0000,true,1,193998
7290112354952,false,"תפוציפס WAVY בטעם פפריקה , 50 גרם",שטראוס פריטו ליי בע”,IL,תפוצ'יפס פפריקה 50 ג,יחידה,0.00,יחידה,false,,3.90,0.0000,true,1,193999
7290112355027,false,דנונה פרו 20 גרם חלבון בטעם קרמל מלוח 200 גרם,"שטראוס בריאות בע""\מ",,דנונה פרו בטעם קרמל,גרמים,200.00,100 גרם,false,,5.90,0.0295,true,1,164366
7290112355102,false,גמדים סקוויז 100 גרם פאוץ סלט פירות 100 גרם,"שטראוס בריאות בע""\מ",,גמדים פאוץ סלט פירות,גרמים,100.00,100 גרם,false,,5.90,0.0590,true,1,166147
7290112355393,false,"יטבתה רוטב שמנת+בטטה 9% שומן 250 מ""ל",שטראוס גרופ,,יטבתה רוטב שמנת עם ב,גרמים,260.00,100 גרם,false,,10.50,0.0404,true,1,193066
7290112355775,false,גבינת סימפוניה עם עירית 200 גרם,"שטראוס בריאות בע""\מ",,סימפוניה עירית 200 ג,גרמים,200.00,100 גרם,false,,10.90,0.0545,true,1,190720
7290112355812,false,מילקי טופ קורנפלקס 141 ג' שטראוס,"שטראוס גרופ בע""\מ",,מילקי טופ קורנפלקס,מיליליטרים,141.00,"100 מ""ל",false,,4.50,0.0319,true,1,189106
7290112357045,false,עגבניות איטלקיות מרוסקות 390 גר' בקופסה טעם הטבע,שטראוס טעם הטבע,,עגבניות איטלקיות מרו,גרמים,390.00,100 גרם,false,,6.90,0.0177,true,1,154192
7290112357069,false,מחית עגבניות איטלקיות בקופסה 500 גר' טעם הטבע,שטראוס טעם הטבע,,מחית עגבניות איטלקיו,גרמים,500.00,100 גרם,false,,7.90,0.0158,true,1,154193
7290112357076,false,קוביות עגבניות איטלקיות 390 גר' בקופסה טעם הטבע,קונסרב איטליה,,קוביות עגבניות איטלק,גרמים,390.00,100 גרם,false,,6.90,0.0177,true,1,158416
7290112357083,false,טעם הטבע אפונה ירוקה 380 גרם קופסה,הדקלאים אגודת שיתופי,,אפונה איטלקית,יחידה,0.00,יחידה,false,,6.90,0.0000,true,1,154194
7290112357106,false,שעועית אדומה 380 גר' בקופסה טעם הטבע,שטראוס טעם הטבע,,שעועית אדומה ם,גרמים,380.00,100 גרם,false,,6.90,0.0182,true,1,154195
7290112357113,false,גרגרי חומוס בקופסה 380 גר' טעם הטבע,שטראוס טעם הטבע,,גרגרי חומוס 380 גרם,גרמים,380.00,100 גרם,false,,6.90,0.0182,true,1,154196
7290112358004,false,פסק זמן קראנצ' עלית 32 גרם,שולן צ'\יקולטה גידה סאן.,,פסק זמן קראנץ' 32 גר,יחידה,0.00,יחידה,false,,5.00,0.0000,true,1,163101
7290112358219,false,רוטב צ'ילי מתוק יד מרדכי 300 גרם,אף.סי תבליני בגליל ב,,יד מרדכי רוטב צ'ילי,גרמים,300.00,100 גרם,false,,14.90,0.0497,true,1,157561
7290112358233,false,רוטב צ'ילי חריף יד מרדכי 300 גרם,"בית אל מזון בע""מ",,רוטב צילי חריף 300 ג,גרמים,300.00,100 גרם,false,,14.90,0.0497,true,1,158413
7290112358554,false,מארז קפה נמס מנות אישיות לדרך 50.4 גר,שטראוס רומניה,,מארז נמס לדרך 50 גרם,יחידה,0.00,יחידה,false,,12.90,0.0000,true,1,158414
7290112359353,false,קפה טורקי אלדין עלית 200 גרם.,שטראוס קפה בי.וי,,קפה טורקי אלדין 200,גרמים,200.00,100 גרם,false,,24.90,0.1245,true,1,190309
7290112359384,false,עלית - קפה נמס אלפחורס ריבת חלב 100 גרם,שטראוס קפה בי.וי,,קפה נמס אלפחורס ריבת,יחידה,0.00,יחידה,false,,17.90,0.0000,true,1,160806
7290112490117,false,קליק אקסטרא לארג שוקולד חלב עם וופל ואגוזים,יוניליוור ישראל מזון בעמ,,קליק טבלה וופל ואגוז,יחידה,0.00,יחידה,false,,7.00,0.0000,true,1,133131
7290112490209,false,נמס בכוס מרק עגבניות עם קרוטונים רכיבים טבעיים,יוניליוור ישראל מזון בעמ,,נמס בכוס עגבניות קרו,יחידה,0.00,יחידה,false,,6.90,0.0000,true,1,135041
7290112490216,false,מרק נמס בכוס בטעם עוף קנור 100% רכיבים טבעיים,יוניליוור ישראל מזון בעמ,,נמס בכוס ט.עוף קרוטו,יחידה,0.00,יחידה,false,,6.90,0.0000,true,1,135043
7290112490230,false,מרק נמס בכוס אפונה קנור 100% רכיבים טבעיים,יוניליוור ישראל מזון בעמ,,נמס בכוס אפונה 50 גר,יחידה,0.00,יחידה,false,,6.90,0.0000,true,1,135044
7290112490582,false,חרדל דיג'וןן צרפתי הלמנס 350 גר,יוניליוור מזון,,הלמנס חרדל דיזון 350,גרמים,350.00,100 גרם,false,,14.90,0.0426,true,1,135038
7290112490599,false,חרדל צרפתי עם גרגירים שלמים הלמנס 350 גר,יוניליוור מזון,,הלמנס חרדל צרפתי עם,גרמים,350.00,100 גרם,false,,14.90,0.0426,true,1,135039
7290112490650,false,קונפיטורה תות שדה 340 גרם-צנצנת,קונפיטורות לה-ארדניי,,קונפיטורה תות שדה 77,גרמים,340.00,100 גרם,false,,11.90,0.0350,true,1,135046
7290112490667,false,קונפיטורה משמש778 50% פרי 340 גר',יוניליוור מזון,,קונפיטורה 778 משמש 3,גרמים,340.00,100 גרם,false,,11.90,0.0350,true,1,135047
7290112490674,false,קונפיטורה דובדבנים 778 50% פרי 340 גר-,יוניליוור מזון,,קונפיטורה דובדבנים 7,גרמים,340.00,100 גרם,false,,11.90,0.0350,true,1,135048
7290112490698,false,קונפיטורה תות שדה לייט 300 גרם-צנצנת,יוניליוור מזון,,קונפיטורה לייט 778 ת,גרמים,260.00,100 גרם,false,,12.90,0.0496,true,1,135045
7290112490728,false,מרק עשיר ירקות עם בורגול רכיבים טבעיים 95 ג' קנור,יוניליוור ישראל מזון בעמ,,מרק עשיר ירקות בורגו,יחידה,0.00,יחידה,false,,12.90,0.0000,true,1,136668
7290112490735,false,מרק עשיר עגבניות עם פסטה ר.טבעיים 105 גרם קנור,יוניליוור ישראל מזון בעמ,,מרק עשיר עגבניות פסט,גרמים,105.00,100 גרם,false,,12.90,0.1229,true,1,136669
7290112490742,false,מרק עשיר פטריות עם גריסים רכיבים טבעיים 104 ג' קנור,יוניליוור ישראל מזון בע\,,מרק עשיר פטריות גריס,גרמים,104.00,100 גרם,false,,12.90,0.1240,true,1,136665
7290112490759,false,מרק עשיר עוף עם אטריות רכיבים טבעיים 74 ג' קנור,יוניליוור ישראל מזון בעמ,,מרק עשיר עוף אטריות,יחידה,0.00,יחידה,false,,12.90,0.0000,true,1,136666
7290112490827,false,תרסיס ריחני למייבש הכביסה בדין בייבי 500,"זוהר דליה, קיבוץ דליה, 1",,בדין למייבש כביסה בי,מיליליטרים,500.00,"100 מ""ל",false,,18.90,0.0378,true,1,136732
7290112490896,false,"קנור רוטב צ'ילי חריף 370 מ""ל PAL",יוניליוור מזון,,קנור רוטב צילי חריף,מיליליטרים,340.00,"100 מ""ל",false,,14.00,0.0412,true,1,140190
7290112491558,false,שישיית שוקולד מריר פרווה ורד הגליל 100 גרם ליח' כשלפ,אתר צפת טבלאות ותעשי,,מאגדת שוקולד מריר שי,יחידה,0.00,יחידה,false,,19.90,0.0000,true,1,142321
7290112491701,false,ברנפלקס בטעם וניל מעודן 20% חלבון Extra Protein,יוניליוור ישראל מזון בעמ,,ברנפלקס חלבון 375 גר,גרמים,375.00,100 גרם,false,,23.00,0.0613,true,1,140187
7290112491770,false,בייגלה דקים דקים מלח ים בייגל בייגל 300 גרם.,בייגל את בייגל מזון 198),,בייגל בייגלה דקים דק,גרמים,300.00,100 גרם,false,,12.00,0.0400,true,1,140188
7290112491787,false,בייגלה דקים דקים עם שומשום בייגל בייגל 300 גרם,בייגל את בייגל מזון 198),,בייגל בייגלה דקים דק,גרמים,300.00,100 גרם,false,,12.00,0.0400,true,1,140189
7290112491794,false,בייגלה דקים דקים בטעם שמנת ובצל בייגל בייגל 300 גרם,בייגל את בייגל מזון 198),,בייגל בייגלה דקים דק,גרמים,300.00,100 גרם,false,,12.00,0.0400,true,1,146302
7290112492449,false,פינוק שמפו שיער רגיל 700 מל-חדש,יוניליוור ישראל טיפוח אי,,פינוק שמפו בתוספת תמ,מיליליטרים,700.00,"100 מ""ל",false,,13.90,0.0199,true,1,152852
7290112492456,false,"שמפו פינוק לשיער יבש/פגום 700 מ""ל",יוניליוור ישראל טיפוח אי,,שמפו פינוק שיער יבש,מיליליטרים,700.00,"100 מ""ל",false,,13.90,0.0199,true,1,153371
7290112492463,false,"שמפו ומרכך 2 ב-1 לשיער רגיל פינוק 700 מ""ל.",יוניליוור ישראל טיפו,,פינוק 2ב1 לשיער רגיל,מיליליטרים,700.00,"100 מ""ל",false,,13.90,0.0199,true,1,153375
7290112492470,false,"שמפו ומרכך 2 ב-1 לשיער יבש פינוק 700 מ""ל.",יוניליוור פארם,,פינוק 2 ב 1 שמפו ומר,מיליליטרים,700.00,"100 מ""ל",false,,12.90,0.0184,true,1,165096
7290112492500,false,פינוק שמפו לשיער עם שמן קוקוס 700 מל,"יוניליור ישראל, טיפו",,פינוק שמפו שמן קוקוס,מיליליטרים,700.00,"100 מ""ל",false,,13.90,0.0199,true,1,153377
7290112492531,false,פינוק מרכך שיער רגיל 700 מל-חדש,יוניליוור פארם,,פינוק מרכך לשיער רגי,מיליליטרים,700.00,"100 מ""ל",false,,13.90,0.0199,true,1,148451
7290112492548,false,"מרכך פינוק עם שמן חוחובה 700 מ""ל",יוניליוור פארם,,פינוק מרכך לשיער יבש,מיליליטרים,700.00,"100 מ""ל",false,,13.90,0.0199,true,1,148461
7290112492579,false,פינוק מרכך בתוספת שמן קוקוס 700 מל-חדש,יוניליוור ישראל טיפוח אי,,פינוק מרכך שמן קוקוס,מיליליטרים,700.00,"100 מ""ל",false,,13.90,0.0199,true,1,148464
7290112492593,false,תחליב רחצה פינוק בניחוח פינוק קלאסי 700,יוניליוור ישראל טיפוח אי,,פינוק תחליב רחצה קלא,מיליליטרים,700.00,"100 מ""ל",false,,11.90,0.0170,true,1,148452
7290112492609,false,"תחליב רחצה פינוק 700 מ""ל לבנדר ווניל",יוניליוור ישראל טיפוח אי,,פינוק תחליב רחצה לבנ,מיליליטרים,700.00,"100 מ""ל",false,,11.90,0.0170,true,1,148453
7290112492630,false,"שמפו ג'ל רחצה וסבון פנים 3 ב-1 לגבר פינוק 700 מ""ל",יוניליוור ישראל טיפוח אי,,פינוק שמפו 3 ב-1 לגב,מיליליטרים,700.00,"100 מ""ל",false,,13.90,0.0199,true,1,153576
7290112492678,false,פינוק שמפו לשיער רגיל אריזת נסיעות 100 מ,יוניליוור ישראל טיפוח אי,,פינוק שפופרת שמפו לש,מיליליטרים,100.00,"100 מ""ל",false,,5.90,0.0590,true,1,172894
7290112492685,false,פינוק מרכך לשיער רגיל אריזת נסיעות 100 מ,יוניליוור ישראל טיפוח אי,,פינוק שפופרת מרכך,יחידה,0.00,יחידה,false,,5.90,0.0000,true,1,166640
7290112492692,false,פינוק תחליב רחצה קלאסי אריזת נסיעות 100,יוניליוור ישראל טיפוח אי,,פינוק שפופרת רחצה ק,יחידה,0.00,יחידה,false,,5.90,0.0000,true,1,154611
7290112492715,false,"פינוק שמפו ללא דמעות לסירוק קל לילדים 700 מ""ל",יוניליוור ישראל טיפוח אי,,פינוק שמפו ללא דמיעו,יחידה,0.00,יחידה,false,,13.90,0.0000,true,1,155328
7290112492746,false,"פינוק מרכך ללא דמעות לסירוק קל לילדים 700 מ""ל",יוניליוור ישראל טיפוח אי,,פינוק מרכך ליסרוק קל,יחידה,0.00,יחידה,false,,13.90,0.0000,true,1,155329
7290112492753,false,"אל סבון לרחצה פינוק לילדים 700 מ""ל",יוניליוור ישראל טיפוח אי,,פינוק אל סבון לילדי,יחידה,0.00,יחידה,false,,13.90,0.0000,true,1,155332
7290112492982,false,"אבקת מרק פטריות כשל""פ 100% רכיבים טבעיים 400 גרם",יוניליוור ישראל מזון בע\,,קנור מרק פטריות רכיב,גרמים,400.00,100 גרם,false,,21.90,0.0547,true,1,149821
7290112492999,false,קנור מרק עוף אמיתי 400 גרם פרווה,יוניליוור ישראל מזון בע\,,קנור מרק טעם עוף 400,גרמים,400.00,100 גרם,false,,14.90,0.0373,true,1,149822
7290112493064,false,"רוטב שזיפים להקפצה, לבישול ולאפיה",יוניליוור ישראל מזון בע\,,קנור רוטב שזיפים 320,גרמים,320.00,100 גרם,false,,10.90,0.0341,true,1,148409
7290112493095,false,נמס בכוס מרק עגבניות חריף רכיבים טבעיים קנור 48 ג',אתר חיפה אבקות - Foo,,נמס בכוס עגבניות חרי,יחידה,0.00,יחידה,false,,6.90,0.0000,true,1,191106
7290112493293,false,קנור - נמס ירקות וקרוטונים ר.טבעי 44 גרם,יוניליוור ישראל מזון בעמ,,נמס בכוס ירקות רכיבי,יחידה,0.00,יחידה,false,,6.90,0.0000,true,1,146232
7290112493316,false,מרק היום אפונה ר.טבעיים קנור 117 גרם,יוניליוור ישראל מזון בעמ,,מרק היום אפונה רכיב,יחידה,0.00,יחידה,false,,12.90,0.0000,true,1,146237
7290112493927,false,גלידה בטעם ריבת חלב 1.33ל' קרמיסימו,"גלידת שטראוס בע""\מ, רחוב",,קרמיסימו ריבת חלב 1.,ליטרים,1.33,ליטר,false,,20.90,15.7143,true,1,149659
7290112493934,false,גלידה וניל צרפתי 1.33ל' קרמיסימו,"גלידת שטראוס בע""\מ, רחוב",,קרמיסימו וניל 1.33 ל,ליטרים,1.33,ליטר,false,,20.90,15.7143,true,1,149657
7290112493965,false,קרמיסימו חלבית בטעם מסטיק וניל 665 גר,"גלידת שטראוס בע""\מ, רחוב",,קרמיסימו מסטיק 1.33,ליטרים,1.33,ליטר,false,,20.90,15.7143,true,1,149658
7290112494016,false,"מיונז אמיתי מופחת שומן תלמה 500 גרם בד""צ",יוניליוור ישראל מזון בעמ,,תלמה מיונז מופחת שומ,יחידה,0.00,יחידה,false,,12.90,0.0000,true,1,144916
7290112494153,false,תיבולית בניחוח צלי קנור 72 גרם,יוניליוור ישראל מזון בע\,,תיבולית קנור בניחוח,יחידה,0.00,יחידה,false,,10.00,0.0000,true,1,149364
7290112494221,false,קליק - ביסקויט תפזורת 65 גרם,יוניליוור ישראל מזון בע\,,קליק ביסקוויט הפוך 6,יחידה,0.00,יחידה,false,,7.00,0.0000,true,1,147547
7290112494238,false,קליק - כדורים חלב תפזורת 65 גרם,יוניליוור ישראל מזון בע\,,קליק כדורים 65 גרם,יחידה,0.00,יחידה,false,,7.00,0.0000,true,1,147548
7290112494276,false,קליק - כריות תפזורת 65 גרם,יוניליוור ישראל מזון בע\,,קליק כריות תפזורת 65,יחידה,0.00,יחידה,false,,7.00,0.0000,true,1,147550
7290112494313,false,קליק - קורנפלקס תפזורת 65 גרם,יוניליוור ישראל מזון בע\,,קליק קורנפלקס 65 גרם,יחידה,0.00,יחידה,false,,7.00,0.0000,true,1,147553
7290112494344,false,קורנפלקס כספי אלופים תלמה850 גר',"יוניליוור שפע ישראל בע""\",,קורנפלקס של אלופים 8,גרמים,850.00,100 גרם,false,,18.90,0.0222,true,1,152239
7290112494382,false,פירה בטעם ביתי 260 גרם-קופסא,יוניליוור ישראל מזון בע\,,קנור פירה בטעם ביתי,גרמים,270.00,100 גרם,false,,14.00,0.0519,true,1,149361
7290112494610,false,קנור רוטב עגבניות פיקנטי לדג 415 גרם,קונסורזיו קאסאלאסקו,,קנור רוטב עגבניות פי,גרמים,415.00,100 גרם,false,,14.90,0.0359,true,1,149066
7290112494801,false,בדין-ג'ל לכביסה לבנה וצבעונית בניחוח עדין ורוד 2.5 ליטר,יוניליוור פארם,,בדין ג'ל לכביסה וורו,ליטרים,2.50,ליטר,false,,27.90,11.1600,true,1,147697
7290112494818,false,בדין-ג'ל לכביסה לבנה וצבעונית בייבי 2.5 ליטר,היינץ צפון אמריקה מק,,בדין ג'ל לכביסה בייב,ליטרים,2.50,ליטר,false,,27.90,11.1600,true,1,147698
7290112494825,false,תרחיץ פנים לעור רגיש מכיל 25% קרם לחות,יוניליוור ישראל טיפוח אי,,דאב תרחיץ פנים רגיש,מיליליטרים,180.00,"100 מ""ל",false,,14.90,0.0828,true,1,161647
7290112494832,false,תרחיץ פנים לכל סוגי העור מכיל 25% קרם לחות,יוניליוור ישראל טיפוח אי,,דאב תרחיץ פנים רגיל,מיליליטרים,180.00,"100 מ""ל",false,,14.90,0.0828,true,1,160892
7290112495006,false,כריות - כריות נוגט 686 גרם,"יוניליוור ישראל מזון בע""",,כריות נוגט 686 גרם,גרמים,686.00,100 גרם,false,,24.90,0.0363,true,1,147528
7290112495037,false,דגני בוקר בטעם שוקולד כדורים 375 ג' קוקומן,יוניליוור שפע ישראל בעמ,,קוקומן כדורים 375 גר,גרמים,375.00,100 גרם,false,,19.90,0.0531,true,1,147531
7290112495044,false,ציפי (פצפוצים) גריין בדצ 500גר,"יוניליור שפע ישראל בע""\מ",,קוקומן פצפוצים 375 ג,גרמים,375.00,100 גרם,false,,19.90,0.0531,true,1,147532
7290112495105,false,נשנושים טעם שמנת בצל בייגל בייגל 260 גרם,בייגל את בייגל מזון 198),,נישנושים שמנת בצל 30,גרמים,300.00,100 גרם,false,,15.00,0.0500,true,1,147533
7290112495112,false,נשנושים טעם זעתר בייגל בייגל 260 גרם,בייגל את בייגל מזון 198),,נישנושים זעתר 300 גר,גרמים,300.00,100 גרם,false,,15.00,0.0500,true,1,147534
7290112495143,false,נשנושי קרקר קוקטייל מלוח בייגל בייגל 300 גרם,בייגל את בייגל מזון 198),,בייגל בייגל קוקטייל,גרמים,350.00,100 גרם,false,,15.00,0.0429,true,1,147536
7290112495150,false,נשנושי קרקר עיגולים מלח בייגל בייגל 300 גרם,בייגל את בייגל מזון 198),,נשנושים עגול מלוח 35,גרמים,350.00,100 גרם,false,,15.00,0.0429,true,1,147537
7290112495167,false,נשנושי קרקר משולשי שומשום בייגל בייגל 300 גרם,בייגל את בייגל מזון 198),,נשנושים משולש שומשום,גרמים,350.00,100 גרם,false,,15.00,0.0429,true,1,147538
7290112495174,false,נשנושי קרקר קוקטייל שומשום בייגל בייגל 300 גרם,בייגל את בייגל מזון 198),,קוקטייל ושמשום 350 ג,גרמים,350.00,100 גרם,false,,15.00,0.0429,true,1,147539
7290112495228,false,קורנפלקס נגיעות דבש תלמה 448 גרם,"יוניליוור שפע ישראל בע""\",,תלמה קרונפלקס דבש 44,גרמים,448.00,100 גרם,false,,18.90,0.0422,true,1,147540
7290112495280,false,ריבועי ברנפלקס קינמון תלמה 400 גרם,"יוניליוור שפע ישראל בע""\",,ברנפלקס ריבועי קינמו,גרמים,400.00,100 גרם,false,,23.00,0.0575,true,1,152246
7290112495433,false,דגני דליפקאן תוספת אגוזי פקאן ושקדים 400 גר,"יוניליור שפע ישראל בע""\מ",,תלמה דליפקאן 400 גרם,גרמים,400.00,100 גרם,false,,23.00,0.0575,true,1,146370
7290112495594,false,בייגלה שמיניות גדולות ללא מלח בייגל בייגל 400 גרם,בייגל את בייגל מזון 198),,בייגלה שמיניות גדולו,גרמים,400.00,100 גרם,false,,14.00,0.0350,true,1,148412
7290112495662,false,קרקר חיטה מלאה ופשתן בייגל בייגל 300 גרם,"מיוצר ע""י קוד יצרן A",,קרקר חיטה מלאה ופשתן,גרמים,300.00,100 גרם,false,,11.00,0.0367,true,1,152243
7290112495747,false,רוטב צ''ילי מתוק כ 70% פחות סוכר 340 ג' קנור,יוניליוור ישראל מזון בע\,,קנור צ'ילי מתוק מופח,גרמים,340.00,100 גרם,false,,14.00,0.0412,true,1,152236
7290112495754,false,"רטבי הלמנס לסלט 300 מ""ל אלף האיים",יוניליוור ישראל מזון בעמ,,הלמנס רוטב אלף האיים,מיליליטרים,305.00,"100 מ""ל",false,,12.00,0.0393,true,1,152251
7290112495761,false,"הלמנס רוטב לחיץ אלף האיים לייט 290 מ""ל",יוניליוור ישראל מזון בעמ,,הלמנס רוטב אלף האיים,גרמים,305.00,100 גרם,false,,12.00,0.0393,true,1,152252
7290112495785,false,רוטב לסלט שום הלמנס 300ג,יוניליוור ישראל מזון בעמ,,הלמנ'ס לסלט שום 300מ,מיליליטרים,300.00,"100 מ""ל",false,,12.00,0.0400,true,1,152248
7290112495792,false,הלמנס רוטב לסלט שום לייט 300 גר',יוניליוור ישראל מזון בעמ,,הלמנס רוטב לסלט שום,גרמים,300.00,100 גרם,false,,12.00,0.0400,true,1,152249
7290112495808,false,"רטבי הלמנס לסלט 300 מ""ל חרדל ודבש",יוניליוור ישראל מזון בעמ,,הלמנס רוטב חרדל ודבש,מיליליטרים,305.00,"100 מ""ל",false,,12.00,0.0393,true,1,152253
7290112495815,false,"רוטב חרדל ודבש לייט הלמנס 305 גרם בד""צ.",יוניליוור ישראל מזון בעמ,,הלמנ'ס סלט חרדל דבש,גרמים,305.00,100 גרם,false,,12.00,0.0393,true,1,152254
7290112495921,false,"מרק דגש בטעם עוף 1 ק""ג כשל""פ",יוניליוור ישראל מזון בע\,,"מרק דגש כשל""פ 1 ק""ג",קילוגרמים,1.00,"ק""ג",false,,15.90,15.9000,true,1,152237
7290112495938,false,"קרקר 6 דגנים בייגל בייגל 250 גרם בד""צ","מיוצר ע""\י קוד יצרן AF",,קרקר 6 דגנים בייגל ב,גרמים,250.00,100 גרם,false,,11.00,0.0440,true,1,152245
7290112495983,false,פרכיות פתיתבציפוי שוקולד חלב ושבבי קרמל מלוח 39 גר',"גוד פוד פרודקטס ,Sp.zo.o",,פתית פריכיות תירס שו,יחידה,0.00,יחידה,false,,5.90,0.0000,true,1,154341
7290112496027,false,סירופ שוקולד אפיכל 580 גרם,יוניליוור ישראל מזון בע\,,אפיכל סירופ שוקולד 5,גרמים,580.00,100 גרם,false,,16.00,0.0276,true,1,152255
7290112496034,false,סירופ מייפל אפיכל 580 גרם,יוניליוור ישראל מזון בע\,,אפיכל סירופ מייפל 58,גרמים,580.00,100 גרם,false,,16.00,0.0276,true,1,152256
7290112496218,false,קנור רוטב טריאקי הפחתה של מעל 50% סוכר ונתרן 310 ג',יוניליוור ישראל מזון בעמ,,קנור רוטב טריאקי 340,מיליליטרים,340.00,"100 מ""ל",false,,14.00,0.0412,true,1,153265
7290112496270,false,"פתית צ'יפס תפו""א בתוספת עגבניות ועשבי תיבול 22 גרם",JLM גלובל פודסn37\ דרך א,,"פתית צ'יפס תפו""א עם",יחידה,0.00,יחידה,false,,5.90,0.0000,true,1,157070
7290112496287,false,פתית - צ'יפס בטטה בטעם טבעי 21 גרם,JLM גלובל פודסn37\ דרך א,,פתית צ'יפס בטטה בטעם,יחידה,0.00,יחידה,false,,5.90,0.0000,true,1,157071
7290112496294,false,חטיף פתית צ'יפס עם אפונה ירוקה צהובה וצ'ילי,JLM גלובל פודסn37\ דרך א,,פתית צ'יפס עם אפונה,יחידה,0.00,יחידה,false,,5.90,0.0000,true,1,157072
7290112496430,false,קנור נמס בכוס אקסטרה עגבניות+איטריות 37 גרם - רבנות,יוניליוור ישראל מזון בע\,,קנור נמס בכוס אקסטרה,יחידה,0.00,יחידה,false,,4.50,0.0000,true,1,178829
7290112496447,false,נמס בכוס אקסטרה טעם עוף עם המון אטריות 27ג',יוניליוור ישראל מזון בע\,,קנור נמס בכוס אקסטרה,יחידה,0.00,יחידה,false,,4.50,0.0000,true,1,181255
7290112496461,false,נמס בכוס אקסטרה מרק ירקות עם המון אטריות,יוניליוור ישראל מזון בע\,,קנור נמס בכוס אקסטרה,יחידה,0.00,יחידה,false,,4.50,0.0000,true,1,181256
7290112497000,false,פנטסטיק תרכיז ניקוי רב תכליתי בניחוח לימון,"זוהר דליה, קיבוץ דלי",,סיף פנטסטיק 1 ליטר,ליטרים,1.00,ליטר,false,,9.90,9.9000,true,1,153378
7290112497123,false,סחלב תערובת להכנת מעדן בטעם סחלב 112גרם,יוניליוור ישראל מזון בע\,,תלמה קנור סחלב 112 ג,גרמים,112.00,100 גרם,false,,14.00,0.1250,true,1,163881
7290112497369,false,"דאב - דאודורנט רול און לאישה טלק סופט 50 מ""ל","יוניליוור אנגליה, דרך קו",,דאב רול און טלק סופט,יחידה,0.00,יחידה,false,,17.90,0.0000,true,1,165169
7290112497505,false,וזלין תחליב גוף בתוספת אלוורה 600 מל,"יוניליוור, ג'פרסון סיטי,",,וזלין תחליב גוף אלוו,יחידה,0.00,יחידה,false,,23.90,0.0000,true,1,156473
7290112497727,false,פינוק בייבי אל סבון אל דמע לתינוקות 700,יוניליוור ישראלn\טיפוח א,,"אל סבון בייבי 700 מ""",מיליליטרים,700.00,"100 מ""ל",false,,16.90,0.0241,true,1,190761
7290112498090,false,מרכך בתוספת שמן חוחבה 700 מ''ל פינוק,"יוניליוור רוסיה, ,123022",,פינוק מרכך שמן חוחוה,מיליליטרים,700.00,"100 מ""ל",false,,13.90,0.0199,true,1,160609
7290112498267,false,פינוק אל סבון לידיים בניחוח פינוק קלאסי,קוסטר אירוסול ולף סנ,,פינוק סבון ידיים נוז,יחידה,0.00,יחידה,false,,12.90,0.0000,true,1,174334
7290112498274,false,פינוק אלסבון לידיים לבנדר וניל 1ליטר+משא,יוניליוור ישראל טיפוח אי,,פינוק סבון ידיים נוז,יחידה,0.00,יחידה,false,,12.90,0.0000,true,1,174335
7290112498281,false,"אל סבון לידיים בתוספת שמן קוקוס פינוק 950 מ""ל",יוניליוור ישראל טיפוח אי,,פינוק סבון ידיים נוז,יחידה,0.00,יחידה,false,,12.90,0.0000,true,1,174336
7290112498298,false,"אל סבון ליידים בתוספת שמן מרוקאי פינוק 950 מ""ל",קוסטר אירוסול ולף סנ,,פינוק סבון ידיים נוז,יחידה,0.00,יחידה,false,,12.90,0.0000,true,1,174337
7290112498441,false,"קנור רוטב אסיאתי למוקפץ 300 מ""ל בד""ץ",יוניליוור ישראל מזון בע\,,קנור רוטב אסייתי למו,מיליליטרים,370.00,"100 מ""ל",false,,14.00,0.0378,true,1,173187
7290112498526,false,"פתית צ'יפס עם בטטה סגולה בטעם שמנת ובצל, 22 גרם",JLM גלובל פודסn37\ דרך א,,חטיף פתית צ'יפס בטטה,יחידה,0.00,יחידה,false,,5.90,0.0000,true,1,175097
7290112498748,false,מיני סולרו וניל תות שדה 350 גרם,"מיוצר ע""\י גלידת שטראוס",,מיני סולרו תות,מיליליטרים,350.00,"100 מ""ל",false,,22.90,0.0654,true,1,171728
7290112498915,false,מאגדת מיני מגנום שקדים מובחר שטראוס 250 גרם,"מיוצר ע""\י גלידת שטראוס",,ממאגדת מיני מגנום שק,יחידה,0.00,יחידה,false,,26.90,0.0000,true,1,175087
7290112499097,false,מאגדת מיני מגנום מריר Intense Dark! 240 גרם,"מיוצר ע""\י גלידת שטראוס",,מאגדת מיני מגנום מרי,גרמים,240.00,100 גרם,false,,26.90,0.1121,true,1,182213
7290112499141,false,סולרו וניל ותפוח ירוק 76 ג' שטראוס,שטראוס גרופ גלידות,,סולרו שלגון וניל ותפ,יחידה,0.00,יחידה,false,,10.90,0.0000,true,1,188042
7290112499196,false,גלידה בטעם החלב של הקורנפלקס 1.33 ל' קרמיסימו,"גלידת שטראוס בע""\מ, רחוב",,קרמיסימו ט.חלב קורנפ,ליטרים,1.33,ליטר,false,,20.90,15.7143,true,1,189808
7290112499219,false,שלגון שמנת מופחת שומן וקלוריות בטעם פיסטוק עם ריפל בטעם שוקולד מריר וציפוי חלקי של שוקולד חלב מעולה,"גלידת שטראוס בע""\מ, רחוב",,גודיז פיסטוק ושוקולד,יחידה,0.00,יחידה,false,,24.90,0.0000,true,1,188040
7290112499455,false,פינוק תחליב רחצה 700 בתוספת שמן מרוקאי,יוניליוור ישראל טיפוח אי,,פינוק תחליב רחצה מרו,מיליליטרים,700.00,"100 מ""ל",false,,11.90,0.0170,true,1,174321
7290112499462,false,פינוק תחליב רחצה 700 בתוספת שמן קוקוס,יוניליוור ישראל טיפוח אי,,פינוק תחליב רחצה שמן,מיליליטרים,700.00,"100 מ""ל",false,,11.90,0.0170,true,1,174322
7290112499622,false,גלידה פרווה שוקו עוגיות וניל צ'יפס שטראוס 2 ליטר.,"גלידת שטראוס בע""מ",,גלידת שטראוס וניל שו,יחידה,0.00,יחידה,false,,22.90,0.0000,true,1,153267
7290112499639,false,טילון סופר מגנום וניל צ'יפ שוקולד 110 גרם,"מיוצר ע""\י גלידת שטראוס",,טילון סופר מגנום וני,יחידה,0.00,יחידה,false,,11.90,0.0000,true,1,155834
7290112499837,false,"שלגון בטעם שוקולד עם נוגט ""מגנום""","מיוצר ע""\י גלידת שטראוס",,מגנום דואט שוקלד נגו,יחידה,0.00,יחידה,false,,11.90,0.0000,true,1,153914
7290112499844,false,מאגדת מיני מגנום דואט שוקולד עם נוגט שטראוס 310 גרם,"מיוצר ע""\י גלידת שטראוס",,מיני מגנום דאבל,יחידה,5.00,יחידה,false,,26.90,5.3800,true,1,149662
7290112499929,false,מגנום שוקולד אימפלס פסח 120מל,"מיוצר ע""\י גלידת שטראוס",,מגנום שוקולד,יחידה,0.00,יחידה,false,,11.90,0.0000,true,1,153915
7290112499936,false,מגנום שקדים אימפלס פסח 125מל,"מיוצר ע""\י גלידת שטראוס",,מגנום שקדים,יחידה,0.00,יחידה,false,,11.90,0.0000,true,1,153912
7290112499943,false,מיני מאגדת מיני מגנום טעמים שונים וניל+שוקו,"גלידות שטראוס בע""\מ, רח\",,מיני מגנום שוקו וניל,יחידה,5.00,יחידה,false,,26.90,5.3800,true,1,149663
7290112700421,false,נר גדול מנצנץ מעמד ל,שמחה זה אנחנו,,נר גדול מנצנץ מעמד ל,יחידה,0.00,יחידה,false,,10.00,0.0000,true,1,146814
7290112703187,false,נרות אותיות HB כסף,,,נר אותיות כסף,יחידה,0.00,יחידה,false,,9.00,0.0000,true,1,146806
7290112703194,false,נרות אותיות HB זהב,,,נר אותיות זהב,יחידה,0.00,יחידה,false,,9.00,0.0000,true,1,146807
7290112961266,false,בייגלה כפיות פיזור איטלקי אסם 300 גרם,"אסם תעשיות בע""מ",,אסם בייגלה כפיות פיז,גרמים,300.00,100 גרם,false,,10.90,0.0363,true,1,142723
7290112961372,false,פיטנס חטיפי פריכיות דקות קינמון 60 גרם,"פרח תעשיות מזון בע""\מ",,פיטנס חטיפי פריכיות,יחידה,0.00,יחידה,false,,9.90,0.0000,true,1,138805
7290112961440,false,פיטנס חטיפי פריכיות +שוקולד מריר 84 גר',פרח תעשיות,,פיטנס בר פרכיות שוקו,יחידה,0.00,יחידה,false,,13.90,0.0000,true,1,153848
7290112961464,false,פיטנס חטיפי פריכיות דגנים וחומוס מתובלות,"פרח תעשיות מזון בע""\מ",,פיטנס חטיפי פריכיות,יחידה,0.00,יחידה,false,,9.90,0.0000,true,1,138803
7290112961754,false,עוגיות שוקולד ציפס עם קרם בטעם אגוזים 220 גר',מיוצר עי קונדיטוריית,,עוגיות שוקוציפס קרם,גרמים,200.00,100 גרם,false,,11.90,0.0595,true,1,139507
7290112962287,false,טבעול שווארמה טבעונית 6*450 גרם,"טבעול תעשיות מזון בע""\מ",,טבעול שווארמה טבעוני,גרמים,590.00,100 גרם,false,,29.90,0.0507,true,1,149797
7290112963321,false,גריסיני בייגלה שטוח ללא גלוטן אסם 300גרם,מיוצר עי קונדיטוריית,,גרטיפי בייגלה שטוח ל,גרמים,300.00,100 גרם,false,,17.90,0.0597,true,1,153955
7290112963918,false,פיטנס חטיפי קרקר דק רוזמרין 140 גרם,נסטלה Nestle,,פיטנס קרקר דק רוזמרי,גרמים,140.00,100 גרם,false,,12.90,0.0921,true,1,144773
7290112964410,false,אסם רוטב אלף האיים חדש לסלט 290 גרם,"אסם תעשיות בע""מ",,רוטב אלף האיים לסלט,מיליליטרים,290.00,"100 מ""ל",false,,9.90,0.0341,true,1,144768
7290112964434,false,אסם רוטב קיסר חדש לסלט 295 גרם,"אסם תעשיות בע""מ",,רוטב לסלט קיסר 295 מ,מיליליטרים,295.00,"100 מ""ל",false,,9.90,0.0336,true,1,144769
7290112964472,false,אסם רוטב שום חדש לסלט 290 גרם,"אסם תעשיות בע""מ",,אסם רוטב שום לסלט כש,מיליליטרים,290.00,"100 מ""ל",false,,9.90,0.0341,true,1,144765
7290112964564,false,"רוטב אלף האיים לייט לסלט 290 מ""ל אסם","אסם תעשיות בע""מ",,רוטב אלף האיים לייט,מיליליטרים,295.00,"100 מ""ל",false,,9.90,0.0336,true,1,144771
7290112964625,false,רוטב שום לייט לסלט 310 גרם אסם,"אסם תעשיות בע""מ",,"רוטב שום לייט 310 מ""",מיליליטרים,310.00,"100 מ""ל",false,,9.90,0.0319,true,1,144742
7290112964724,false,המבורגר צמחוני עם המון חלבון 580 גר,מיוצר עי קונדיטוריית,,טבעול המבורגר טבעוני,גרמים,580.00,100 גרם,false,,29.90,0.0516,true,1,145297
7290112965103,false,תבשיל קוסקוס עם ירקות 146 גרם אסם,אסם,,אסם קוסקוס עם ירקות,גרמים,146.00,100 גרם,false,,11.90,0.0815,true,1,148875
7290112965141,false,תבשיל פתיתים אפויים עם ירקות 130 גרם,"אסם תעשיות בע""מ",,אסם פתיתים אפויים עם,גרמים,130.00,100 גרם,false,,11.90,0.0915,true,1,148876
7290112965165,false,מרק נמס פטריות אסם בדצ 48 גרם מארז זוגי,"אסם תעשיות בע""מ",,אסם זוג מרק נמס פטרי,יחידה,2.00,יחידה,false,,6.50,3.2500,true,1,146269
7290112965264,false,אבקת מרק נמס אפונה אסם בדצ 52 גרם מארז זוגי,"אסם תעשיות בע""מ",,אסם זוג מרק נמס אפונ,יחידה,2.00,יחידה,false,,6.50,3.2500,true,1,146271
7290112965288,false,מרק נמס ירקות אסם בדצ 56 גרם מארז זוגי,"אסם תעשיות בע""מ",,אסם זוג מרק נמס ירקו,יחידה,0.00,יחידה,false,,6.50,0.0000,true,1,146276
7290112965301,false,זוג מרק נמס בטעם עוף עם שקדי מרק רגע חם,"אסם תעשיות בע""מ",,אסם זוג מרק נמס טעם,יחידה,0.00,יחידה,false,,6.50,0.0000,true,1,146272
7290112965684,false,פיטנס - חטיף מולטיגריין עשבי תיבול 25 גרם,מיוצר עי קונדיטוריית,,פיטנס חטיף מולטיגריי,יחידה,0.00,יחידה,false,,5.90,0.0000,true,1,162485
7290112965745,false,אוסם - ביסלי פריסטייל בצל מעושן 60 גרם,"אסם השקעות בע""\מ",,ביסלי פריסטייל בצלמע,יחידה,0.00,יחידה,false,,4.90,0.0000,true,1,174816
7290112965783,false,אוסם - ביסלי פריסטייל על האש 60 גרם,"אסם השקעות בע""\מ",,ביסלי פריסטייל על הא,יחידה,0.00,יחידה,false,,4.90,0.0000,true,1,174817
7290112965806,false,אוסם - ביסלי פריסטייל חמוץ חריף 60 גרם,"אסם תעשיות בע""מ",,ביסלי פריסטייל חמוץ,יחידה,0.00,יחידה,false,,4.90,0.0000,true,1,174814
7290112965905,false,אסם בייגלה שמיניות במליחות מעודנת 400 גרם,מיוצר עי קונדיטוריית,,אסם בייגלה שמיניות ב,גרמים,400.00,100 גרם,false,,10.90,0.0273,true,1,148889
7290112965943,false,טבעול נאגטס ירקות ירוקים 6*500גרם,"טבעול תעשיות מזון בע""\מ",,טבעול נאגטס ירקות יר,יחידה,0.00,יחידה,false,,35.90,0.0000,true,1,164396
7290112965967,false,טבעול נאגטס ירקות כתומים 500 גרם,"טבעול תעשיות מזון בע""\מ",,טבעול נאגטס ירקות כת,יחידה,0.00,יחידה,false,,35.90,0.0000,true,1,164397
7290112965981,false,"טבעול גורמה ארוחת דגנים, 450 גרם",טבעול (מקבוצת אסם הש,,טבעול גורמה ארוחת דג,יחידה,0.00,יחידה,false,,36.90,0.0000,true,1,186132
7290112966001,false,"טבעול גורמה ארוחת ירוקים, 450 גרם",טבעול (מקבוצת אסם הש,,טבעול גורמה ארוחת יר,יחידה,0.00,יחידה,false,,36.90,0.0000,true,1,186133
7290112966247,false,לחמית כוסמין 200 גרם אסם,"אסם תעשיות בע""מ",,אסם לחמית כוסמין 200,גרמים,200.00,100 גרם,false,,11.90,0.0595,true,1,153849
7290112966445,false,במבה מתוקה אריזה גדולה 100 ג' אסם,"אסם השקעות בע""\מ",,במבה מתוקה אסם 100 ג,גרמים,100.00,100 גרם,false,,9.90,0.0990,true,1,147093
7290112966766,false,טחינה בלאדי חציל עגבניות ושום צבר 350 גרם,שוורצקוף& הנקל דיסלד,,צבר טחינה בלאדי חציל,גרמים,350.00,100 גרם,false,,15.90,0.0454,true,1,147100
7290112966780,false,צבר טחינה בלאדי עם חציל קלוי 350 גרם,שוורצקוף& הנקל דיסלד,,צבר טחינה בלאדי עם ב,גרמים,350.00,100 גרם,false,,16.90,0.0483,true,1,147095
7290112966803,false,אסם פודינג אינסטנט שוקולד 88 גרם,"אסם השקעות בע""\מ",,אסם פודינג אינסטנט ש,יחידה,0.00,יחידה,false,,5.50,0.0000,true,1,148879
7290112967114,false,פיטנס חטיפי פריכיות קטניות ופלפל 60 גרם,"פרח תעשיות מזון בע""\מ",,פיטנס חטיפי פריכיות,יחידה,0.00,יחידה,false,,9.90,0.0000,true,1,153847
7290112967268,false,מרק בטעם עוף ואטריות 55 ג' אוסם,,,אסם מרק בטעם עוף ואט,גרמים,55.00,100 גרם,false,,4.90,0.0891,true,1,186623
7290112967299,false,אסם מרק ירקות ייעודי,,,אסם מרק ירקות ייעודי,גרמים,50.00,100 גרם,false,,4.90,0.0980,true,1,186624
7290112967381,false,פיטנס חטיפי פריכיות קטניות ומלח ים 60 גרם,"פרח תעשיות מזון בע""\מ",,פיטנס חטיפי פריכיות,יחידה,0.00,יחידה,false,,9.90,0.0000,true,1,153844
7290112967572,false,"אסם רוטב ברביקיו 290 מ""ל אסם",Unknown,,אסם רוטב ברביקיו 290,מיליליטרים,290.00,"100 מ""ל",false,,9.90,0.0341,true,1,148881
7290112967848,false,ג'לי תות שדה מופחת סוכר אסם 90 גרם,מיוצר עי קונדיטוריית,,אסם גל תות שדה מופחת,יחידה,0.00,יחידה,false,,6.90,0.0000,true,1,148883
7290112968449,false,סלט טחינה כרוב אדום 250 גרם,שוורצקוף& הנקל דיסלד,,צבר סלט כרוב אדום 25,גרמים,250.00,100 גרם,false,,11.90,0.0476,true,1,154005
7290112968807,false,פיטנס - קרקר דק סלק 140 גרם,מפעל אסם יקנעם,,פיטנס קרקר דק סלק 14,גרמים,140.00,100 גרם,false,,12.90,0.0921,true,1,162475
7290112968821,false,פיטנס - קרקר דק בטטה 140 גרם,מפעל אסם יקנעם,,פיטנס קרקר דק בטטה 1,גרמים,140.00,100 גרם,false,,12.90,0.0921,true,1,162486
7290112969286,false,אסם בישולים רוטב חרדל ודבש 330*9 גרם,"אסם השקעות בע""מ",,אסם בישולים רוטב חרד,גרמים,330.00,100 גרם,false,,17.90,0.0542,true,1,164394
7290113192300,false,זיתים מושחרים חרוזית 275 גרם בית השיטה,בית השיטה,,בית השיטה חרוזית מוש,גרמים,275.00,100 גרם,false,,10.90,0.0396,true,1,149376
7290113192317,false,טבעות זיתים מושחרים 280 גרם בית השיטה,בית השיטה,,בית השיטה טבעות זיתי,גרמים,560.00,100 גרם,false,,12.90,0.0230,true,1,149377
7290113192324,false,זיתים ירוקים שלמים בינוניים בית השיטה,בית-השיטה עסיס תעשיות מז,,בית השיטה זית מנס.יר,גרמים,560.00,100 גרם,false,,9.90,0.0177,true,1,149378
7290113192355,false,חרוזית זיתים ירוקים ללא גלעין 275 ג' בית השיטה,בית-השיטה עסיס תעשיות מז,,בית השיטה חרוזית ירו,גרמים,275.00,100 גרם,false,,11.90,0.0433,true,1,149381
7290113192362,false,זיתים ירוקים טבעות A2 בית השיטה 280 גרם,בית-השיטה עסיס תעשיות מז,,בית השיטה טבעות זיתי,גרמים,560.00,100 גרם,false,,12.90,0.0230,true,1,149382
7290113192386,false,בית השיטה זיתים ירוקים סורי מבוקע 340גרם,בית השיטה,,בית השיטה זית סורי מ,גרמים,340.00,100 גרם,false,,12.90,0.0379,true,1,149384
7290113192393,false,בית השיטה קוקטייל זיתים א2 336 גרם,בית-השיטה עסיס תעשיות מז,,בית השיטה קוקטייל זי,גרמים,336.00,100 גרם,false,,12.90,0.0384,true,1,149385
7290113192478,false,בית השיטה מלפפונים במלח בינוני 10-12 320 גרם,בית-השיטה עסיס תעשיות מז,,בית השיטה מלפפון במל,גרמים,320.00,100 גרם,false,,9.90,0.0309,true,1,149392
7290113192485,false,בית השיטה מלפפונים בחומץ בינוני 10-12 290 גרם,בית-השיטה עסיס תעשיות מז,,בית השיטה מלפפון חמו,גרמים,290.00,100 גרם,false,,9.90,0.0341,true,1,149393
7290113192492,false,בית השיטה מלפפונים בחומץ קטנים 1317 290 גרם,בית-השיטה עסיס תעשיות מז,,בית השיטה מלפפון בחו,גרמים,290.00,100 גרם,false,,11.90,0.0410,true,1,149394
7290113192508,false,בית השיטה מלפפונים במלח קטן 1317 320 גרם,בית-השיטה עסיס תעשיות מז,,בית השיטה מלפפון במל,גרמים,320.00,100 גרם,false,,11.90,0.0372,true,1,149395
7290113192515,false,בית השיטה מלפפונים במלח קטן מאוד 1825 320 גרם,בית-השיטה עסיס תעשיות מז,,מלפפון במלח קטנים מא,גרמים,320.00,100 גרם,false,,12.90,0.0403,true,1,149396
7290113192522,false,בית השיטה מלפפונים בחומץ קטן מאוד 1825 290 גרם,בית-השיטה עסיס תעשיות מז,,מלפפון בחומץ 8-25,גרמים,290.00,100 גרם,false,,12.90,0.0445,true,1,149397
7290113192539,false,בית השיטה מלפפונים במלח גדול 79 320 גרם,בית-השיטה עסיס תעשיות מז,,בית השיטה מלפפון במל,גרמים,320.00,100 גרם,false,,7.90,0.0247,true,1,149398
7290113192546,false,"מלפפונים בחומץ רכיבים טבעיים 7-9 ""בית השיטה""",בית-השיטה עסיס תעשיות מז,,בית השיטה מלפפון בחו,גרמים,290.00,100 גרם,false,,7.90,0.0272,true,1,149399
7290113192560,false,בית השיטה פלפל שיפקה חריף כבוש 230 גרם,בית-השיטה עסיס תעשיות מז,,בית השיטה פלפל שיפקה,גרמים,230.00,100 גרם,false,,7.90,0.0343,true,1,149402
7290113192577,false,בית השיטה כרוב כבוש א2 12*430גרם חדש,"בית-השיטה תעשיות בע""\מ",,בית השיטה כרוב כבוש,גרמים,430.00,100 גרם,false,,9.90,0.0230,true,1,149403
7290113192997,false,בית השיטה זית מרוקאי 340 גרם*,"בית השיטה תעשיות בע""\מ",,בית השיטה זית מרוקאי,גרמים,340.00,100 גרם,false,,15.90,0.0468,true,1,154370
7290113193000,false,בית השיטה פלפל שיפקונית 230 גרם*,"בית השיטה תעשיות בע""\מ",,בית השיטה פלפל שיפקו,גרמים,230.00,100 גרם,false,,12.90,0.0561,true,1,154371
7290113193017,false,בית השיטה חרוזית קוקטייל זיתים 275 גרם,"בית השיטה תעשיות בע""\מ",,בית השיטה חרוזית קוק,גרמים,275.00,100 גרם,false,,15.90,0.0578,true,1,154143
7290113193031,false,חרוזית קלמטה - זיתים שחורים ללא גלעין קלמטה,"בית השיטה תעשיות בע""\מ",,בית השיטה חרוזית קלמ,גרמים,275.00,100 גרם,false,,15.90,0.0578,true,1,153272
7290113193321,false,"שמן זית כתית מעולה בית השיטה 750 מ""ל",אצטס אבסה אס. איי. יו.,,בית השיטה שמן זית כת,מיליליטרים,750.00,"100 מ""ל",false,,34.90,0.0465,true,1,153958
7290113193406,false,"קוקטייל טבעות זיתים - זיתים ירוקים, שחורים מרינד","בית השיטה תעשיות בע""\מ",,בית השיטה טבעות קוקט,גרמים,280.00,100 גרם,false,,15.90,0.0568,true,1,153960
7290113193888,false,חצילים מוחמצים 320 גרם בית השיטה,"בית השיטה תעשיות בע""\מ",,בית השיטה חצילים מוח,גרמים,320.00,100 גרם,false,,12.90,0.0403,true,1,165114
7290113194090,false,בית השיטה טבעות זיתים קלמטה 280 גרם,בית השיטה תעשיות בעמ,,טבעות זיתים קלמטה,יחידה,0.00,יחידה,false,,15.90,0.0000,true,1,157365
7290113195042,false,מלפפון חמוץ במלח כבישה ביתית בית השיטה 750 גר',שוורצקוף& הנקל דיסלד,,בית השיטה מלפפון במל,גרמים,750.00,100 גרם,false,,35.90,0.0479,true,1,165137
7290113195479,false,קמח שקדים 200 גרם - שקדיה,"שקדיה גבע תעשיות בע""",,שקדיה קמח שקדים 200,גרמים,200.00,100 גרם,false,,14.70,0.0735,true,1,174682
7290113195509,false,זרעי פשתן 300גר שקדיה,"שקדיה גבע תעשיות בע""",,שקדיה זרעי פשטן 300,גרמים,300.00,100 גרם,false,,7.90,0.0263,true,1,174685
7290113196506,false,פריכיות כוסמת ללא מלח שקדיה 150 גרם,זנבר המכללה לטבעונות,,פריכיות כוסמת ללא מל,גרמים,150.00,100 גרם,false,,9.90,0.0660,true,1,188771
7290113197800,false,פלפל קלוי קלוי 400 גרם בית השיטה,בית השיטה,,בית השיטה פלפל קלוי,גרמים,400.00,100 גרם,false,,14.90,0.0373,true,1,189251
7290113197817,false,חציל קלוי 670 גרם בית השיטה,בית השיטה,,בית השיטה חציל קלוי,גרמים,670.00,100 גרם,false,,13.90,0.0207,true,1,189252
7290113198562,false,סוכריות גומי בטעם תות שדה 200 ג' שקדיה,טופגאם תעשיות ממתקים,,סוכריות גומי בטעם תו,גרמים,200.00,100 גרם,false,,9.90,0.0495,true,1,188775
7290113198579,false,סוכריות גומי דובונים בטעמי פירות 200 ג' שקדיה,טופגאם תעשיות ממתקים,,סוכריות גומי דובונים,גרמים,200.00,100 גרם,false,,9.90,0.0495,true,1,188776
7290113198586,false,סוכריות גומי מסוכרות בטעם אפרסק 200 ג' שקדיה,טופגאם תעשיות ממתקים,,סוכריות גומי נחשים ב,גרמים,200.00,100 גרם,false,,9.90,0.0495,true,1,188773
7290113198609,false,סוכריות גומי נחשים בטעמי פירות 200 ג' שקדיה,טופגאם תעשיות ממתקים,,סוכריות גומי נחשים ב,גרמים,200.00,100 גרם,false,,9.90,0.0495,true,1,188772
7290113199323,false,טורטיה מיני שקדיה 150 גרם,אלקטי קוראבייכיסיגידה טו,,טורטיה מיני 150 גרם,גרמים,150.00,100 גרם,false,,5.90,0.0393,true,1,189326
7290113199392,false,פרכיות כוסמת דקות בתוספת שקדים שקדיה 90 גרם,זנבר המכללה לטבעונות,,פרכיות כוסמת דקות בת,גרמים,90.00,100 גרם,false,,9.90,0.1100,true,1,188794
7290113199903,false,סוכריות חמצוצים בטעם תות בננה 180 ג' שקדיה,טופגאם תעשיות ממתקים,,סוכריות חמצוצים בטעם,גרמים,180.00,100 גרם,false,,9.90,0.0550,true,1,188777
7290113199910,false,סוכריות חמצוצים בטעם קולה 180 ג' שקדיה,טופגאם תעשיות ממתקים,,סוכריות חמצוצים בטעם,גרמים,180.00,100 גרם,false,,9.90,0.0550,true,1,188778
7290113199927,false,סוכריות חמצוצים בטעם פירות 180 ג' שקדיה,טופגאם תעשיות ממתקים,,סוכריות חמצוצים בטעמ,גרמים,180.00,100 גרם,false,,9.90,0.0550,true,1,188781
7290113199934,false,סוכריות חמצוצים בטעם אוכמניות 180 ג' שקדיה,טופגאם תעשיות ממתקים,,סוכריות חמצוצים בטעם,גרמים,180.00,100 גרם,false,,9.90,0.0550,true,1,188780
7290113300224,false,פאוצ' לה קט סלמון ברוטב 85 ג',"ביופט- מזון לבע""ח",,פאוץ' נתחוני לה קט,יחידה,0.00,יחידה,false,,4.90,0.0000,true,1,163240
7290113300231,false,פאוצ' לה קט בקר ג'לי 85 ג',"ביופט- מזון לבע""ח",,פאוץ' נתחוני לה קט,יחידה,0.00,יחידה,false,,4.90,0.0000,true,1,163241
7290113316003,false,באנר משולשים לתלייה- לבן אולטרה,,,באנר משולשים לתלייה,יחידה,0.00,יחידה,false,,7.00,0.0000,true,1,146801
7290113317598,false,שקיות מטאלי כסף 10 יחידו,,,שקית 10 מטאלי כסף,יחידה,0.00,יחידה,false,,8.00,0.0000,true,1,146928
7290113560109,false,פרודונטקס מ.שיניים בטעם צמחי 75 מל,פרודונטקס Parodontax,,מ.פרדונטקס צמחי 75 מ,יחידה,0.00,יחידה,false,,29.90,0.0000,true,1,189144
7290113832817,false,זוג תחתוני נשים ללא,,,זוג תחתוני נשים ללא,יחידה,0.00,יחידה,false,,10.00,0.0000,true,1,187323
7290114160803,false,שקיות ריץ רץ גודל 28,,,שקיות ריץ רץ גודל 28,יחידה,0.00,יחידה,false,,9.90,0.0000,true,1,190273
7290114162845,false,טו גו 100 יח' כוסות,,,טו גו 100 יח' כוסות,יחידה,0.00,יחידה,false,,7.90,0.0000,true,1,193890
7290114162852,false,הום צלחות גדולות 50,,,הום צלחות גדולות 50,יחידה,0.00,יחידה,false,,28.90,0.0000,true,1,194035
7290114162869,false,הום צלחות קטנות 25 י,,,הום צלחות קטנות 25 י,יחידה,0.00,יחידה,false,,6.90,0.0000,true,1,194031
7290114162876,false,הום קעריות אובליות ח,,,הום קעריות אובליות ח,יחידה,0.00,יחידה,false,,4.90,0.0000,true,1,194032
7290114250009,false,אטריות אסלית 250 ג' PASTOS,,,אטריות אסלית 250 גרם,גרמים,250.00,100 גרם,false,,3.90,0.0156,true,1,143210
7290114250344,false,וופל חתיכות וחתיכים,,,וופל חתיכות וחתיכים,יחידה,0.00,יחידה,false,,12.90,0.0000,true,1,166053
7290114310215,false,"שמנת מתוקה 38% רמת הגולן 250 מ""ל ווסטהיים - מוצר בפיקוח",מילקו תעשיות בעמ,,טרה שמנת מתוקה 38% 2,גרמים,250.00,100 גרם,false,,6.47,0.0259,true,1,162150
7290114310222,false,חלב מועשר בסידן וויטמין Dי 3% 1.5 ל' טרה,מילקו תעשיות בעמ,,טרה חלב מעושר בסידן,ליטרים,1.50,ליטר,false,,12.50,8.3333,true,1,156156
7290114310239,false,חלב נטול לקטוז מועשר בוויטמין D י 2% 1.5 ל' טרה,מילקו תעשיות בעמ,,טרה חלב נטול לקטוז מ,ליטרים,1.50,ליטר,false,,12.50,8.3333,true,1,156158
7290114310246,false,125 גרנה פדנו צ'אנק גרם משק צוריאל,מחלבת משק צוריאל,,גרנה פדנו צ'אנק 125,גרמים,125.00,100 גרם,false,,20.90,0.1672,true,1,166085
7290114310338,false,גבינה צפתית מעודנת 5% משק צוריאל 225 גרם,מחלבת משק צוריאל,,צפתית מעודנת 5% 225,גרמים,225.00,100 גרם,false,,20.90,0.0929,true,1,166087
7290114310345,false,מעדן יוגורט 1.5% בטעם תות טרה 125 גרם,מילקו תעשיות בעמ,,מעדן יוגורט בטעם תות,גרמים,125.00,100 גרם,false,,3.20,0.0256,true,1,160639
7290114310536,false,יוגורט לייט מעושר חלבון 25 גרם חלבון וניל MULLER ACTIVE,מולר Muller,,יוגורט לייט מעושר חל,יחידה,0.00,יחידה,false,,7.90,0.0000,true,1,166638
7290114310550,false,גבינת פטה עיזים מעודנת 5% משק צוריאל 200 גרם,מחלבת משק צוריאל,,פטה עיזים מעודנת 5%,גרמים,200.00,100 גרם,false,,26.90,0.1345,true,1,173546
7290114310567,false,לאבנה עיזים 5% שומן 200 גרם,מחלבת משק צוריאל,,לאבנה עיזים 5% שומן,יחידה,0.00,יחידה,false,,16.90,0.0000,true,1,173549
7290114310611,false,"משקה חלב בננה בבקבוק פקק ספורט טרה 250 מ""ל",Unknown,,טרה משקה חלב בננה 25,מיליליטרים,250.00,"100 מ""ל",false,,5.90,0.0236,true,1,173550
7290114310628,false,משקה חלב וניל ועוגיות בקבוק 1 ליטר,מילקו תעשיות בעמ,,טרה משקה חלב וניל עו,ליטרים,1.00,ליטר,false,,11.90,11.9000,true,1,173076
7290114310673,false,גבינת לאבנה 9% 250 גרם,Unknown,,לאבנה 9% 250 גרם,גרמים,250.00,100 גרם,false,,13.90,0.0556,true,1,173553
7290114310895,false,"סימפלי פרוט יוגורט עם מנגו תות, שמיניה 8 * 150 גרם",מולר Muller,,מאגדת שמינייה סימפלי,יחידה,0.00,יחידה,false,,31.90,0.0000,true,1,178704
7290114311014,false,"משקה חלב אייס קפוצ'ינו פקק ספורט טרה 250 מ""ל",מילקו תעשיות בעמ,,משקה אייס קפוצ'ינו 2,מיליליטרים,250.00,"100 מ""ל",false,,5.90,0.0236,true,1,188334
7290114311038,false,"שמנת מתוקה 32% עמידה בבקבוק טרה 250 מ""ל",מילקו תעשיות בעמ,,שמנת מתוקה להקצפה 32,גרמים,250.00,100 גרם,false,,7.50,0.0300,true,1,188336
7290114311069,false,יוגורט לבן מועשר בחלבון 0% שומן 200 גרם muller active,מולר Muller,,מולר אקטיב עם 25 ג',גרמים,150.00,100 גרם,false,,6.90,0.0460,true,1,186608
7290114311076,false,"חמאת מולר צהובה עם שום, 200 גרם",מולר Muller,,מולר חמאה צהובה עם ש,גרמים,200.00,100 גרם,false,,13.90,0.0695,true,1,188340
7290114311298,false,יוגורט מולר פרופ בטעם תות בננה מלון 150,מולר Muller,,מולר פרופ קציפת תות,מיליליטרים,150.00,"100 מ""ל",false,,5.10,0.0340,true,1,189344
7290114311304,false,יוגורט קציפת מנגו פסיפלורה בננה 150 ג' מולר,מולר Muller,,מולר פרופ קציפת מנגו,מיליליטרים,150.00,"100 מ""ל",false,,5.10,0.0340,true,1,189345
7290114311328,false,חלב מועשר דל לקטוז מעושר בויטמין Dי 2% שומן טרה 1 ליטר,ג'י.אר.אמ.גרופו אלימ,,טרה חלב נטול לקטוז1,ליטרים,1.00,ליטר,false,,8.50,8.5000,true,1,190243
7290114311359,false,יוגורט עם קציפת מנגו 3% שומן פרופ 150 ג' מולר,מולר Muller,,מולר פרופ מנגו 3% 15,מיליליטרים,150.00,"100 מ""ל",false,,5.10,0.0340,true,1,190189
7290114311458,false,חלב בקרטון מועשר ויטמין D 3% 1 ליטר,Unknown,,חלב מעושר דל לקטוז,יחידה,0.00,יחידה,false,,7.90,0.0000,true,1,190710
7290114311496,false,קרטון חלב מועשר 1% שומן 1 ליטר טרה,Unknown,,חלב מעושר דל לקטוז,יחידה,0.00,יחידה,false,,7.90,0.0000,true,1,190711
7290114480185,false,נויה שמפו קוקוס 500,,,נויה שמפו קוקוס 500,מיליליטרים,500.00,"100 מ""ל",false,,19.90,0.0398,true,1,190096
7290114480192,false,נויה שמפו ארגן 500 מ,,,נויה שמפו ארגן 500 מ,מיליליטרים,500.00,"100 מ""ל",false,,19.90,0.0398,true,1,190097
7290114480208,false,"נויה שמפו קיק 500 מ""",,,"נויה שמפו קיק 500 מ""",מיליליטרים,500.00,"100 מ""ל",false,,19.90,0.0398,true,1,190098
7290114480222,false,נויה מרכך קוקוס 500,,,נויה מרכך קוקוס 500,מיליליטרים,500.00,"100 מ""ל",false,,19.90,0.0398,true,1,190105
7290114480246,false,"נויה מרכך קיק 500 מ""",,,"נויה מרכך קיק 500 מ""",מיליליטרים,500.00,"100 מ""ל",false,,19.90,0.0398,true,1,190101
7290114480277,false,נויה מסכה לשיער קרטי,,,נויה מסכה לשיער קרטי,מיליליטרים,500.00,"100 מ""ל",false,,39.90,0.0798,true,1,190104
7290114480284,false,נויה סרום לשיער שמן,,,נויה סרום לשיער שמן,יחידה,0.00,יחידה,false,,29.90,0.0000,true,1,190113
7290114600927,false,מאסטר שף עלי טורטייה חיטה מלאה 320 גרם,אלקאטי קורביישיסי גי,,מאסטר שף עלי טורטיה,גרמים,320.00,100 גרם,false,,10.90,0.0341,true,1,162225
7290114600941,false,מאסטר שף מיונז הולנדי לחיץ 435 גרם,קפה לנדוור,,מאסטר שף מיונז לחיץ,גרמים,435.00,100 גרם,false,,14.90,0.0343,true,1,157341
7290114600989,false,"רוטב אלף האיים מאסטר שף 250 מ""ל",קפה לנדוור,,מאסטר שף אלף האיים 2,מיליליטרים,250.00,"100 מ""ל",false,,9.90,0.0396,true,1,157327
7290114600996,false,"מאסטר שף רוטב שום 250 מ""ל",קפה לנדוור,,מאסטר שף רוטב שום 25,מיליליטרים,250.00,"100 מ""ל",false,,9.90,0.0396,true,1,157328
7290114603508,false,"מטסטר שף רוטב להקפצה 300 מ""ל",סיטי פוד,,מאסטר שף רוטב להקפצה,מיליליטרים,300.00,"100 מ""ל",false,,9.90,0.0330,true,1,162281
7290114603539,false,קרוטונים למרק מאסטר שף שום בצל 350 גרם,"עינת תעשיות מזון, אגשח ב",,מאסטר שף קרוטונים למ,גרמים,350.00,100 גרם,false,,18.90,0.0540,true,1,162284
7290114603768,false,"מארז אג'קס כלורון נוזל לניקוי אסלות 750 מ""ל*2 יח'",קולגייט פלמוליב,,"אג'קס שירותים 750 מ""",יחידה,0.00,יחידה,false,,24.90,0.0000,true,1,156503
7290114604864,false,קוסקוס סולת דק מאסטר שף 350 גרם,דוידוביץ,,קוסקוס סולת דק 350 ג,גרמים,350.00,100 גרם,false,,5.90,0.0169,true,1,163923
7290114604871,false,קוסקוס סולת בינוני מאסטר שף 350 גרם,דוידוביץ,,קוסקוס סולת בינוני 3,גרמים,350.00,100 גרם,false,,5.90,0.0169,true,1,163924
7290114604901,false,ממרח שום לחיץ מאסטר שף 444 גרם,מאסטר שף,,מאסטר שף ממרח שום לח,גרמים,444.00,100 גרם,false,,14.90,0.0336,true,1,174466
7290114604932,false,רוטב ברביקיו דבש מאסטר שף 520 גרם,רמיה סי.וי. הולנד,,מאסטר שף רוטב ברביקי,גרמים,520.00,100 גרם,false,,13.90,0.0267,true,1,174470
7290114604949,false,מאסטר שף רוטב ברביקיו 524 גרם,רמיה סי.וי. הולנד,,מאסטר שף רוטב ברביקי,גרמים,524.00,100 גרם,false,,13.90,0.0265,true,1,174471
7290114604963,false,מאסטר שף פירורי לחם מתובלים 230 גרם,מאסטר שף,,מאסטר שף פירורים מתו,גרמים,230.00,100 גרם,false,,6.90,0.0300,true,1,166237
7290114606530,false,מאסטר שף רוטב בטעם מיונז וקטשופ 515 גרם,מאסטר שף,,מאסטר שף מיונז וקטשו,גרמים,515.00,100 גרם,false,,14.90,0.0289,true,1,174467
7290114606608,false,רוטב סויה מסורתי מאסטר שף דל נתרן 40 דל נתרן,קריניציה ויטמינה אס,,מאסטר שף סויה מסורתי,יחידה,0.00,יחידה,false,,16.90,0.0000,true,1,176241
7290114608640,false,מאסטר שף קרוטונים לסלט כוסמין 260 גרם,עינת תעשיות מזון אגו,,מאסטר שף קרוטונים לס,גרמים,260.00,100 גרם,false,,18.90,0.0727,true,1,178082
7290114657938,false,נרות לבנים ארוכים עם,,,נרות לבנים ארוכים עם,יחידה,0.00,יחידה,false,,10.00,0.0000,true,1,161533
7290114658119,false,נרות ארוכים מסולסלים,,,נרות ארוכים מסולסלים,יחידה,0.00,יחידה,false,,10.00,0.0000,true,1,161548
7290114658126,false,נרות ארוכים מסולסלים,,,נרות ארוכים מסולסלים,יחידה,0.00,יחידה,false,,10.00,0.0000,true,1,161549
7290114721615,false,פוג'יקום מברשת שיניים חשמלית 4 מצבים סנסטיב,פוג'יקום,,מברשת שיניים חשמלית,יחידה,0.00,יחידה,false,,149.90,0.0000,true,1,191326
7290115077506,false,בקבוק נירוסטה דופן כ,,,בקבוק נירוסטה דופן כ,יחידה,0.00,יחידה,false,,39.90,0.0000,true,1,176988
7290115079371,false,בקבוק נירוסטה דופן כ,,,בקבוק נירוסטה ציפוי,יחידה,0.00,יחידה,false,,39.90,0.0000,true,1,176994
7290115079388,false,בקבוק נירוסטה דופן כ,,,בקבוק 500 מל נירוסטה,יחידה,0.00,יחידה,false,,39.90,0.0000,true,1,176995
7290115079395,false,בקבוק נירוסטה דופן כ,,,בקבוק 500 מל נירוסטה,יחידה,0.00,יחידה,false,,39.90,0.0000,true,1,176996
7290115079401,false,בקבוק נירוסטה דופן כ,,,בקבוק 500 מל נירוסטה,יחידה,0.00,יחידה,false,,49.90,0.0000,true,1,176997
7290115079647,false,בקבוק פלסטיק 370 מל דופן כפולה עם נצנצים - ברבי,,,בקבוק פלסטיק דופן כפ,יחידה,0.00,יחידה,false,,39.90,0.0000,true,1,177000
7290115200003,false,פתי בר פינוקי וניל אסם 220 גרם,תאי פרזידנט פוד פאבל,,אסם פתי בר פינוקי ונ,גרמים,220.00,100 גרם,false,,11.90,0.0541,true,1,157355
7290115200027,false,אסם פתי בר פינוקים שוקו 220 גרם,קריות זול,,אסם פתי בר פינוקי שו,גרמים,220.00,100 גרם,false,,11.90,0.0541,true,1,157356
7290115200676,false,עוגיות קרמוגית במילוי קרם בטעם קרמל מלוח,"הגביע מוצרי וופלים בע""\מ",,אסם קרמוגית קרמל מלו,גרמים,200.00,100 גרם,false,,11.90,0.0595,true,1,158100
7290115200713,false,במבה קלאסי מארז אחיד 8 50*5 ג',"אסם השקעות בע""\מ",,במבה קלאסי מארז אחיד,יחידה,0.00,יחידה,false,,13.90,0.0000,true,1,157357
7290115201031,false,אסם פתי בר דובי שוקולד 175 גרם,טרופיקל דגיל תעשיות,,אסם פתי בר דובי שוקו,גרמים,175.00,100 גרם,false,,11.90,0.0680,true,1,172758
7290115201475,false,טבעול גורמה לביבות כרישה 434 גרם,טבעול )מקבוצת אסם השקעות,,טבעול גורמה לביבות כ,יחידה,0.00,יחידה,false,,36.90,0.0000,true,1,186136
7290115201536,false,"טבעול גורמה לביבות כרובית ותפו""א 442 גרם",טבעול )מקבוצת אסם השקעות,,טבעול גורמה לביבות כ,יחידה,0.00,יחידה,false,,36.90,0.0000,true,1,186137
7290115201680,false,ביסלי בטעם ברביקיו אסם 70 גרם,"אסם השקעות בע""\מ",,ביסלי טעם ברביקיו 70,יחידה,0.00,יחידה,false,,4.90,0.0000,true,1,161673
7290115201703,false,ביסלי ברביקיו גדול אסם 200 גרם,מיוצר עי קונדיטוריית,,ביסלי בטעם ברביקיו 2,גרמים,200.00,100 גרם,false,,8.90,0.0445,true,1,161674
7290115201727,false,ביסלי חטיף בטעם בצל אסם 200 גרם,מיוצר עי קונדיטוריית,,ביסלי בצל 200 גרם,גרמים,200.00,100 גרם,false,,8.90,0.0445,true,1,161669
7290115201741,false,ביסלי בטעם בצל אסם 70 גרם,"אסם השקעות בע""\מ",,ביסלי בצל 70 גרם,יחידה,0.00,יחידה,false,,4.90,0.0000,true,1,165808
7290115202236,false,טופו קראנצ'ים טבעול 470 גרם,עיצובים 2020 (4.8),,טבעול טופו קראנצ'ים,גרמים,470.00,100 גרם,false,,29.90,0.0636,true,1,178671
7290115202786,false,מנה חמה פאוצ' נדלס.אטר.טעם בקר 70 גרם,תאי פרזידנט,,מנה חמה פאוצ' טעם בק,יחידה,0.00,יחידה,false,,5.50,0.0000,true,1,172828
7290115202816,false,מנה חמה פאוץ נודלס אטריות טעם עוף 70 גרם,תאי פרזידנט,,מנה חמה פאוצ' טעם עו,יחידה,0.00,יחידה,false,,5.50,0.0000,true,1,172829
7290115202847,false,מנה חמה פאוצ נודלס אטריות ספייסי,תאי פרזידנט,,מנה חמה פאוצ' נודלס,יחידה,0.00,יחידה,false,,5.50,0.0000,true,1,172830
7290115202939,false,מנה חמה רייס נודלס עוף פטריות אסם 50 גרם,מיוצר עי קונדיטוריית,,מנה חמה רייס נודלס ע,גרמים,50.00,100 גרם,false,,9.90,0.1980,true,1,179852
7290115202953,false,אוסם - מנה חמה רייס נודלס קארי צהוב 55 גרם,מיוצר עי קונדיטוריית,,מנה חמה רייס נודלס ק,גרמים,55.00,100 גרם,false,,9.90,0.1800,true,1,179854
7290115202977,false,אוסם - מנה חמה רייס נודלס רוטב סויה סיני 55 גרם,מיוצר עי קונדיטוריית,,מנה חמה רייס נודלס ר,גרמים,55.00,100 גרם,false,,9.90,0.1800,true,1,179853
7290115203134,false,פופקו פופקורן במבה אסם 80 גרם,"אסם השקעות בע""\מ",,פופקו חפופקורן במבה,יחידה,0.00,יחידה,false,,5.90,0.0000,true,1,174819
7290115203172,false,במבה PRO מכיל 18 גרם חלבון בשקית,"אסם השקעות בע""\מ",,במבה פרו 80 גרם,יחידה,0.00,יחידה,false,,4.90,0.0000,true,1,190424
7290115203806,false,"רוטב בסיס לבישול אסם 290 מ""ל","אסם השקעות בע""\מ",,"אסם רוטב בסיס 290 מ""",מיליליטרים,290.00,"100 מ""ל",false,,15.90,0.0548,true,1,181265
7290115204056,false,"קטשופ מופחת סוכר אסם 690 גרם כשל""פ","אסם תעשיות בע""מ",,אסם קטשופ מופחת 690,גרמים,690.00,100 גרם,false,,11.90,0.0172,true,1,170758
7290115204131,false,צבר סחוג ירוק 6*190גרם חדש,פרסקו,,צבר סחוג ירוק 190 גר,גרמים,190.00,100 גרם,false,,12.00,0.0632,true,1,184807
7290115204186,false,פסטו המעדינה של צבר,פרסקו,,צבר פסטו 190 גרם,גרמים,190.00,100 גרם,false,,15.90,0.0837,true,1,184805
7290115204247,false,ממרח עגבניות מיובשות 190 ג' צבר,פרסקו,,צבר עגבניות מיובשות,גרמים,190.00,100 גרם,false,,15.90,0.0837,true,1,184806
7290115204261,false,אריסה חריפה המעדנייה,פרסקו,,צבר אריסה 190 גרם,גרמים,190.00,100 גרם,false,,12.00,0.0632,true,1,184809
7290115205176,false,פיטנס - קרקר דק כפרי פיטנס 140 גרם,אסם יקנעם,,פיטנס קרקר כפרי 140,גרמים,140.00,100 גרם,false,,12.90,0.0921,true,1,179806
7290115205312,false,קרקר פיטנס דק עם זיתי קלמטה ועשבי תיבול,"אסם השקעות בע""\מ",,פיטנס קרקר Thin Deli,גרמים,140.00,100 גרם,false,,12.90,0.0921,true,1,189246
7290115205541,false,חטיף פיטנס מולטיגריין עם חומוס 25 גרם,"אסם השקעות בע""\מ",,פיטנס חטיף מולטיגריי,יחידה,0.00,יחידה,false,,5.90,0.0000,true,1,189334
7290115206135,false,טבעול גורמה ארוחת קינואה 450 גרם,טבעול (מקבוצת אסם הש,,טבעול גורמה ארוחת קי,יחידה,0.00,יחידה,false,,36.90,0.0000,true,1,186134
7290115207163,false,פרפקטו ניוקי בזיליקום ושום אסם 500 גרם,איטלניוקי,,פרפקטו ניוקי בזיליקו,גרמים,500.00,100 גרם,false,,14.90,0.0298,true,1,184795
7290115207361,false,ביסקוויט פתיבר בטעם פיסטוק,"אסם תעשיות בע""מ",,אסם פתי בר פיסטוק 50,גרמים,500.00,100 גרם,false,,14.90,0.0298,true,1,189250
7290115207507,false,"סלט טורקי 330 גרם ""צבר""",ג'נרל מילס סאן אדריא,,צבר סלט טורקי 360 גר,גרמים,360.00,100 גרם,false,,15.90,0.0442,true,1,184810
7290115207682,false,אסם רוטב בסגנון סויה סיני 9*290מל חדש,"אסם השקעות בע""\מ",,אסם רוטב בסגנון סויה,מיליליטרים,290.00,"100 מ""ל",false,,9.90,0.0341,true,1,189253
7290115207811,false,"טבעול נקניקיות טבעוניות, 418 גרם","טבעול תעשיות מזון בע""\מ",,טבעול נקניקיות טבעונ,גרמים,418.00,100 גרם,false,,29.90,0.0715,true,1,188394
7290115207880,false,סירופ ויטמינציק פטל 2 ליטר,בית השיטה,,ויטמינצ'יק פטל 2 ליט,ליטרים,2.00,ליטר,false,,46.90,23.4500,true,1,184889
7290115207903,false,סירופ ויטמינציק תפוח 2 ליטר,בית-השיטה עסיס תעשיות מז,,ויטמינצ'יק תפוח 2 לי,ליטרים,2.00,ליטר,false,,46.90,23.4500,true,1,184890
7290115207941,false,סירופ אננס ויטמינצ'יק 1 ליטר,בית-השיטה עסיס תעשיות מז,,ויטמינצ'יק אננס 1 לי,ליטרים,1.00,ליטר,false,,21.90,21.9000,true,1,184883
7290115207965,false,סירופ מנגו אפרסק ויטמינצ'יק 1 ליטר,בית-השיטה עסיס תעשיות מז,,ויטמינצ'יק מנגו אפרס,ליטרים,1.00,ליטר,false,,21.90,21.9000,true,1,184885
7290115207989,false,סירופ לימון ויטמינצ'יק 1 ליטר,בית-השיטה עסיס תעשיות מז,,ויטמינצ'יק לימון 1 ל,ליטרים,1.00,ליטר,false,,21.90,21.9000,true,1,184884
7290115208009,false,ויטמינצ'יק ענבים סירופ 1 ליטר,בית-השיטה עסיס תעשיות מז,,ויטמינצ'יק ענבים 1 ל,ליטרים,1.00,ליטר,false,,21.90,21.9000,true,1,184888
7290115208047,false,ויטמינצ'יק תרכיז פטל 1 ליטר,בית-השיטה עסיס תעשיות מז,,ויטמינצ'יק פטל 1 ליט,ליטרים,1.00,ליטר,false,,21.90,21.9000,true,1,184882
7290115208061,false,סירופ תפוח ויטמינצ'יק 1 ליטר,בית השיטה עסיס תעשיות מז,,ויטמינצ'יק תפוח 1 לי,ליטרים,1.00,ליטר,false,,21.90,21.9000,true,1,184886
7290115208320,false,אפרופו חטיף בטעם ביסלי בצל 50 גרם,"אסם השקעות בע""\מ",,אפרופו 50בטעם ביסלי,יחידה,0.00,יחידה,false,,5.90,0.0000,true,1,192580
7290115208344,false,בייגלה כפיות שמנת בצל אסם 300 גרם,"אסם השקעות בע""\מ",,אסם בייגלה כפיות שמנ,גרמים,300.00,100 גרם,false,,10.90,0.0363,true,1,190427
7290115208597,false,קרמוגית מיניס קרמל מלוח אסם 200 גרם,"אסם השקעות בע""\מ",,אסם קרמוגית מיניס קר,גרמים,200.00,100 גרם,false,,11.90,0.0595,true,1,189950
7290115208801,false,לחמית דבש ואגוזים אסם 190 גרם,לחמית,,לחמית דבש ואגוזים 19,גרמים,190.00,100 גרם,false,,11.90,0.0626,true,1,190428
7290115209198,false,במבה אוורירית אסם 80 גרם,"אסם תעשיות בע""מ",,במבה אורירית 80 גרם,יחידה,0.00,יחידה,false,,4.90,0.0000,true,1,189256
7290115209358,false,במבה במילוי בראוניז אסם 60 גרם,"אסם השקעות בע""\מ",,במבה במילוי בראוניז,יחידה,0.00,יחידה,false,,4.90,0.0000,true,1,192561
7290115209372,false,במבה במילוי בראוניז 150ג' אסם,"אסם השקעות בע""\מ",,במבה במילוי בראוניז,גרמים,150.00,100 גרם,false,,10.90,0.0727,true,1,192579
7290115292633,false,פרולטה פירות יער קרם ידיים אינטנסיבי 100מ,,,פרולטה פירות יער קרם,יחידה,0.00,יחידה,false,,8.90,0.0000,true,1,166421
7290115405774,false,פחזניות ממולאות בטעם וניל קפולסקי 180 גרם,תופינים מקבוצת קפולס,,פחזניות ממולאות בטעם,גרמים,180.00,100 גרם,false,,14.90,0.0828,true,1,189075
7290115405798,false,פחזניות ממולאות בטעם ריבת חלב קפולסקי 180 גרם,קפולסקי אדל בעמ,,פחזניות ממולאות בטעם,גרמים,180.00,100 גרם,false,,14.90,0.0828,true,1,189077
7290115480009,false,"מרכך כביסה מרוכז פרש קונטרול ירוק 900 מ""ל סוד",הנקל סוד,,סוד מרכך מרוכז פרש ק,יחידה,0.00,יחידה,false,,11.90,0.0000,true,1,182278
7290115670684,false,גרנולה שיבולת שועל עם אגוזי לוז,אנרג'י Energy - שטראוס,,גרנולה אגוזים 400 גר,יחידה,0.00,יחידה,false,,15.90,0.0000,true,1,174066
7290115671162,false,סוכריות ג'לי ברכות עלית 540 גרם,STRAUSS-ISRAEL,,סוכריות ג'לי ברכות 5,גרמים,540.00,100 גרם,false,,19.90,0.0369,true,1,173963
7290115671223,false,מסטיק מאסט פאן אבטיח מנגו צנצנת 58 גרם,אסקום קונפקשיין,,מאסט פאן אבטיח מנגו,יחידה,0.00,יחידה,false,,9.90,0.0000,true,1,182319
7290115671308,false,מסטיק מאסט פאן תות דובדבן צנצנת 58 גרם,אסקום קונפשטיין,,מאסט פאן תות דובדבן,יחידה,0.00,יחידה,false,,9.90,0.0000,true,1,182320
7290115671339,false,מיני פינוקיות בראוניז בייגל בוטן עלית 180 ג' עלית,"הגביע מוצרי ופלים בע""\מ",,מיני פינוקית בראוניז,גרמים,200.00,100 גרם,false,,11.90,0.0595,true,1,176884
7290115671346,false,מיני פינוקיות טופי קרמל מלוח עלית 180 גרם,"הגביע מוצרי ופלים בע""\מ",,מיני פינוקית טופי קר,גרמים,200.00,100 גרם,false,,11.90,0.0595,true,1,176885
7290115671353,false,מיני פינוקיות עוגיות קקאו במילוי קרם בטעם וניל,"הגביע מוצרי ופלים בע""\מ",,מיני פינוקית שחור לב,גרמים,200.00,100 גרם,false,,11.90,0.0595,true,1,182324
7290115671421,false,פולי אספרסו עשירים וארומטיים עוצמה 10 עלית 250 גרם,שטראוס קפה בי. וי.,,פולי אספרסו עשירים ו,גרמים,250.00,100 גרם,false,,24.90,0.0996,true,1,188366
7290115675696,false,דגני בוקר קראנצ'ים שיבולת שועל עם אגוזים ושקדים,גלידות שטראוס,,קוואקר אגוזים 375 גר,גרמים,375.00,100 גרם,false,,19.90,0.0531,true,1,176749
7290115675719,false,דגני בוקר קראנצ'ים שיבולת שועל וחתיכות שוקולד מריר,BEVERAGES FOODS & SE,,קוואקר שוקולד 375 גר,גרמים,375.00,100 גרם,false,,19.90,0.0531,true,1,176752
7290115676037,false,דנונה ריפרש יוגורט עם תות ודומדמניות 1.6% שומן,מיוצר עי קונדיטוריית,,דנונה ריפרש תות דומד,גרמים,250.00,100 גרם,false,,5.90,0.0236,true,1,174640
7290115676051,false,"אקטיביה משקה+שיבולת שועל במתיקות מעודנת 250 מ""ל",מיוצר עי קונדיטוריית,,דנונה אקטיביה 250 גר,גרמים,250.00,100 גרם,false,,5.90,0.0236,true,1,179774
7290115676082,false,משקה דנונה פרו 20 יוגורט תות 255 ג' רבנות,"שטראוס בריאות בע""\מ.",,משקה דנונה פרו תות 2,גרמים,255.00,100 גרם,false,,7.50,0.0294,true,1,174643
7290115676099,false,משקה דנונה פרו 20 יוגורט וניל 255 ג' רבנות,"שטראוס בריאות בע""\מ.",,משקה דנונה פרו 255 ג,גרמים,255.00,100 גרם,false,,7.50,0.0294,true,1,174642
7290115676273,false,אבקת קקאו עלית 500 גרם+ 10% תוספת,שטראוס קפה בי.וי.,,קקאו 500 גרם +10%,גרמים,500.00,100 גרם,false,,28.00,0.0560,true,1,173516
7290115677966,false,ממרח אבוקדו טעם הטבע 200 גרם,ג'י. אר. סימפלוט,,ממרח אבוקדו 200 גרם,גרמים,200.00,100 גרם,false,,15.90,0.0795,true,1,179828
7290115678376,false,מעדן הגולן שוקולד 125 גרם,מיוצר עי קונדיטוריית,,מעדן הגולן שוקולד 12,גרמים,125.00,100 גרם,false,,3.20,0.0256,true,1,177272
7290115678383,false,מעדן הגולן שוקולד מריר 125 גרם,מיוצר עי קונדיטוריית,,מעדן הגולן שוקולד מר,גרמים,125.00,100 גרם,false,,3.20,0.0256,true,1,177271
7290115678635,false,נשנושי גבינה -גבינת שמנת 16%+כעכים שטוחים עם מלח,"מחלבת טבע עז בע""\מ",,נשנושי גבינה 16% עם,יחידה,0.00,יחידה,false,,11.90,0.0000,true,1,190315
7290115774610,false,תרמוס 450 מל' עיצוב,,,תרמוס 450 מל' עיצוב,יחידה,0.00,יחידה,false,,26.90,0.0000,true,1,177378
7290115777161,false,מאג לבן עם דקור צבעו,,,מאג לבן עם דקור צבעו,יחידה,0.00,יחידה,false,,5.90,0.0000,true,1,193775
7290115777192,false,מאג לבן עם דקור צבעו,,,מאג לבן עם דקור צבעו,יחידה,0.00,יחידה,false,,5.90,0.0000,true,1,193785
7290115778304,false,מאג לבן ללא דקור 331,,,מאג לבן ללא דקור 331,יחידה,0.00,יחידה,false,,5.90,0.0000,true,1,193789
7290115778557,false,מאג דגם שוקוצ'ינו לל,,,מאג דגם שוקוצ'ינו לל,יחידה,0.00,יחידה,false,,5.90,0.0000,true,1,193790
7290115778564,false,מאג דגם צ'אי ללא דקו,,,מאג דגם צ'אי ללא דקו,יחידה,0.00,יחידה,false,,5.90,0.0000,true,1,193787
7290115778571,false,מאג דגם לאטה ללא דקו,,,מאג דגם לאטה ללא דקו,יחידה,0.00,יחידה,false,,5.90,0.0000,true,1,193799
7290115778588,false,מאג דגם קפוצ'ינו ללא,,,מאג דגם קפוצ'ינו ללא,יחידה,0.00,יחידה,false,,5.90,0.0000,true,1,193788
7290116244648,false,זר לראש מיקס צבעים,,,זר לראש מיקס צבעים,יחידה,0.00,יחידה,false,,21.90,0.0000,true,1,184746
7290116249766,false,בקבוק נירוסטה דופן כ,,,בקבוק נירוסטה דופן כ,יחידה,0.00,יחידה,false,,39.90,0.0000,true,1,184785
7290116530000,false,"דאב - תרחיץ פנים מרענן בניחוח מלפפון ותה ירוק 180 מ""ל","יוניליוור פולין, רחוב קר",,דאב תרחיץ פנים מלפפו,מיליליטרים,180.00,"100 מ""ל",false,,14.90,0.0828,true,1,192242
7290116530062,false,הלמנס רוטב ויניגרט לסלט 295 גרם,יוניליוור ישראל מזון בע\,,הלמנס לסלט ויניגרט 2,מיליליטרים,305.00,"100 מ""ל",false,,12.00,0.0393,true,1,175099
7290116530079,false,מרק צח בטעם עוף 820 ג',,,מרק צח בטעם עוף 820,גרמים,820.00,100 גרם,false,,11.90,0.0145,true,1,179443
7290116530116,false,קליק שלישיית ברים שוקולד נוגט לבן 105 גרם,יוניליוור,,קליק שלישיית ברים שו,יחידה,0.00,יחידה,false,,14.90,0.0000,true,1,174504
7290116530185,false,"קורנפלקס דלישקד קרמל מלוח 400 גרם בד""ץ","יוניליוור שפע ישראל בע""\",,תלמה דלישקד 400 גרם,גרמים,400.00,100 גרם,false,,23.00,0.0575,true,1,178968
7290116530215,false,דאודרנט סטיק לגבר דרק טמפטיישן 76 ג' אקס,יוניליוור פארם,,אקסד דאו סטיק שוקולד,יחידה,0.00,יחידה,false,,16.90,0.0000,true,1,174317
7290116530222,false,דאודרנט סטיק לגבר אנרכי 76 ג' אקס,יוניליוור פארם,,אקס דאו סטיק אנרכי 7,יחידה,0.00,יחידה,false,,16.90,0.0000,true,1,174318
7290116530482,false,תלמה מארז קורנפלקס אלופים 30 גרם*5 יחידו,פרו מן-יו פתרנות ארי,,מאגדת קורנפלקס אלופי,יחידה,0.00,יחידה,false,,11.90,0.0000,true,1,178969
7290116530871,false,נשנושים מיקס בייגל בייגל 240 גרם,"דרך השוקולד ,1 צפת 13404",,נישנושים מיקס 240 גר,גרמים,240.00,100 גרם,false,,15.00,0.0625,true,1,174553
7290116530895,false,"תרסיס ריחני למייבש כביסה פינוק כחול בדין 500 מ""ל","זוהר דליה, קיבוץ דליה, 1",,בדין תרסיס למייבש פי,מיליליטרים,500.00,"100 מ""ל",false,,18.90,0.0378,true,1,176250
7290116531045,false,קורנפלקס דליפקאן 350ג ללא גלוטן,"מולינו ניקולי ,S.p.A ויה",,"דליפקאן כשל""פ 350 גר",גרמים,350.00,100 גרם,false,,19.90,0.0569,true,1,187763
7290116531069,false,קנור מרק בצל 100% רכיבים טבעיים 225 גרם,יוניליוור ישראל מזון בע\,,בויון בצל רכיבים טבע,גרמים,225.00,100 גרם,false,,19.90,0.0884,true,1,179445
7290116531076,false,מרק פטריות רכיבים טבעיים קטן 225 ג' קנור,יוניליוור ישראל מזון בע\,,בויון פטריות רכיבים,גרמים,225.00,100 גרם,false,,19.90,0.0884,true,1,179444
7290116531083,false,"ברנפלקס ללא ת.סוכר בטעם דבש בתוספת שקדים, 400 גרם","יוניליוור שפע ישראל בע""\",,תלמה ברנפלקס שקדים ו,גרמים,400.00,100 גרם,false,,23.00,0.0575,true,1,179447
7290116531090,false,בייגל בייגל דג דג במליחות עדינה 250 גרם,"דרך השוקולד ,1 צפת 13404",,דגדג במליחות מעודנת,גרמים,250.00,100 גרם,false,,10.90,0.0436,true,1,182217
7290116531243,false,"שמפו ומרכך 2ב-1 למניעת קשקשים 700 מ""ל פינוק",יוניליוור ישראל טיפוח אי,,פינוק שמפו ומרכך נגד,מיליליטרים,700.00,"100 מ""ל",false,,13.90,0.0199,true,1,181036
7290116531250,false,פינוק שמפו למניעת קשקשים עם תמציות צמחים,יוניליוור ישראל טיפוח אי,,פינוק שמפו נגד קשקשי,מיליליטרים,700.00,"100 מ""ל",false,,13.90,0.0199,true,1,181035
7290116531496,false,קינמונים דגנים פריכים מצופים 375 גרם,"נאוג'\אזיס נווזיס ,UAB ג",,קינמונים 375 גרם,גרמים,375.00,100 גרם,false,,19.90,0.0531,true,1,188743
7290116531762,false,דפים ריחניים למייבש כביסה בדין ורוד 40 יחידות,"קלינטסט - 3p ארה""ב",,בדין דפים למייבש ורו,יחידה,40.00,יחידה,false,,18.90,0.4725,true,1,188050
7290116531779,false,דפים ריחניים למייבש כביסה בדין כחול 40 יחידות,"קלינטסט - 3p ארה""ב",,בדין דפים למייבש כחו,יחידה,40.00,יחידה,false,,18.90,0.4725,true,1,188048
7290116531793,false,הלמנ'ס רוטב לסלט קיסר 295 גרם,יוניליוור ישראל מזון בע\,,הלמנ'ס רוטב לסלט קיס,גרמים,295.00,100 גרם,false,,12.00,0.0407,true,1,179448
7290116531939,false,גלידה בשומן צמחי בטעם תות שדה בציפוי מכיל שוקולד,"גלידת שטראוס בע""\מ, רח'",,קרמיסימו גלידונית תו,גרמים,700.00,100 גרם,false,,44.90,0.0641,true,1,188043
7290116532011,false,קליק אוקיי נוגט בציפוי שוקולד חלב 35 גרם,תות תעשיות מזון (2014) ב,,קליק אוקיי חטיף 35 ג,יחידה,0.00,יחידה,false,,5.50,0.0000,true,1,185871
7290116532240,false,קליק טבלה שוקולד חלב פצפוצי דגנים ועוגי 85 גרם רבנות,יוניליוור ישראל מזון בע\,,קליק טבלה XL עוגיות,יחידה,0.00,יחידה,false,,7.00,0.0000,true,1,189217
7290116532264,false,גודיז פרי אפרסק – שלגון מופחת קלוריות עם יוגורט בציפוי בטעם אפרסק,"גלידת שטראוס בע""\מ, רחוב",,גודיז מאגדת יוגורט א,מיליליטרים,420.00,"100 מ""ל",false,,24.90,0.0593,true,1,188041
7290116532271,false,סנדוויץ לייט גודיז שוקולד וניל 270 ג' שטראוס,"גלידת שטראוס בע""\מ, רחוב",,גודיז מאגדת מיני סנד,מיליליטרים,620.00,"100 מ""ל",false,,24.90,0.0402,true,1,188053
7290116532370,false,"מארז זוג מרכך כביסה בדין אקסטרה יסמין 960 מ""ל",יוניליוור סנאיי וי טיקאר,,מארז זוגות בדין אקסט,יחידה,0.00,יחידה,false,,26.90,0.0000,true,1,187892
7290116532387,false,"אל סבון ידיים נוזלי חמאת שיאה 950 מ""ל פינוק",יוניליוור ישראל טיפוח אי,,פינוק סבון ידיים נוז,יחידה,0.00,יחידה,false,,12.90,0.0000,true,1,188039
7290116532394,false,"אל סבון ידיים נוזלי חמאת קקאו 950 מ""ל פינוק",יוניליוור ישראל טיפוח אי,,פינוק סבון ידיים נוז,יחידה,0.00,יחידה,false,,11.90,0.0000,true,1,188038
7290116532462,false,גלידת שמנת קליק בטעמי שוקולד בננה 384 ג' שטראוס,"גלידת שטראוס בע""\מ, רחוב",,פיינט קליק גלידה שוק,גרמים,520.00,100 גרם,false,,18.90,0.0363,true,1,190054
7290116532479,false,קליק גלידת שמנת בטעמי שוקולד לבן עוגיות 384 ג' שטראוס,"גלידת שטראוס בע""\מ, רחוב",,פיינט קליק גלידה שוק,גרמים,520.00,100 גרם,false,,18.90,0.0363,true,1,190055
7290116532486,false,גלידת שמנת קליק בטעמי וניל קרמל מלוח 384 ג' שטראוס,"גלידת שטראוס בע""\מ, רחוב",,פיינט קליק גלידה וני,גרמים,520.00,100 גרם,false,,18.90,0.0363,true,1,190056
7290116532585,false,דגני בוקר ברנפלקס קרנצ'ים בטעם דבש וקינמון,"יוניליוור שפע ישראל בע""\",,קרנצ'ים דבש וקינמון,גרמים,375.00,100 גרם,false,,23.00,0.0613,true,1,189048
7290116532738,false,רוטב איטלקי לסלט בזיליקום ואורגנו 305 גרם,אתר חיפה ממרחים - Fo,,הלמנס לסלט רגיל איטל,מיליליטרים,305.00,"100 מ""ל",false,,12.00,0.0393,true,1,191104
7290116532875,false,פינוק בייבי אל סבון לתינוקות 970 מל-משאבה,יוניליוור ישראלn\טיפוח א,,"אל סבון בייבי 900 מ""",מיליליטרים,900.00,"100 מ""ל",false,,19.90,0.0221,true,1,190758
7290116533230,false,דגני בוקר דליאגוז תל,יוניליוור,,דגני בוקר דליאגוז תל,גרמים,400.00,100 גרם,false,,23.00,0.0575,true,1,194942
7290116915159,false,בקבוק 500 מל טריטן ע,,,בקבוק 500 מל טריטן ע,יחידה,0.00,יחידה,false,,29.90,0.0000,true,1,191029
7290116915166,false,בקבוק 500 מל טריטן ע,,,בקבוק 500 מל טריטן ע,יחידה,0.00,יחידה,false,,29.90,0.0000,true,1,191030
7290116915210,false,בקבוק 500 מל טריטן עם פיית סיליקון-LOL חורף,,,בקבוק 500 מל טריטן ע,יחידה,0.00,יחידה,false,,29.90,0.0000,true,1,191035
7290116915791,false,בקבוק טריטן עם צמידי,,,בקבוק טריטן עם צמידי,יחידה,0.00,יחידה,false,,29.90,0.0000,true,1,191040
7290116915975,false,מצופים לידיים גיל 3-,,,מצופים לידיים גיל 3-,יחידה,0.00,יחידה,false,,10.00,0.0000,true,1,188442
7290116916064,false,בקבוק 500 מל טריטן ע,,,בקבוק 500 מל טריטן ע,יחידה,0.00,יחידה,false,,29.90,0.0000,true,1,191043
7290116930435,false,יופלה גו במרקם סמיך עם דובדבן 0% 200מל,תנובה מרכז שיתופי לש,,יוגורט גו סמיך 0% דו,גרמים,200.00,100 גרם,false,,6.20,0.0310,true,1,188873
7290116930459,false,"יופלה שייק מנגו בננה אננס וקוקוס 230 מ""ל",קבוצת המזון אקטשלאר,,יופלה SHAKE בננה א,מיליליטרים,230.00,"100 מ""ל",false,,8.90,0.0387,true,1,189220
7290116930466,false,"משקה SHAKE בננה מנגן פסיפלורה והל 230 מ""ל יופלה",קבוצת המזון אקטשלאר,,יופלה SHAKE מנגו בנ,מיליליטרים,230.00,"100 מ""ל",false,,8.90,0.0387,true,1,189221
7290116930480,false,"משקה SHAKE בננה קיווי תפוח 230 מ""ל יופלה",קבוצת המזון אקטשלאר,,יופלה SHAKE בננה קי,מיליליטרים,230.00,"100 מ""ל",false,,8.90,0.0387,true,1,189222
7290116930701,false,מעדן חלב GO מועשר בחלבון בטעם קרמל מלוח,תנובה מרכז שיתופי לש,,מעדן חלב גו בטעם קרמ,גרמים,120.00,100 גרם,false,,4.90,0.0408,true,1,189218
7290117260005,false,קונפיטורה תות שדה ויליפוד 380 גרם,גסאס גנל גידה,,קונפיטורה תות שדה 38,גרמים,380.00,100 גרם,false,,8.90,0.0234,true,1,179509
7290117260029,false,קונפיטורה דובדבנים ויליפוד 380 גרם,גסאס גנל גידה,,קונפיטורה דובדבנים 3,גרמים,380.00,100 גרם,false,,8.90,0.0234,true,1,179514
7290117260036,false,קונפיטורה משמש ויליפוד 380 גרם,גסאס גנל גידה,,קונפיטורה משמש 380גר,גרמים,380.00,100 גרם,false,,8.90,0.0234,true,1,179515
7290117260050,false,קונפיטורה חבושים ויליפוד 380 גרם,וילי פוד,,קונפיטורה חבושים 380,גרמים,380.00,100 גרם,false,,8.90,0.0234,true,1,179512
7290117260449,false,גבינה בולגרית מעודנת למריחה בטעם טבעי 5% שומן 200 ג' יורו,אם.בי.טורקיה,,גבינה בולגרית מעודנת,יחידה,0.00,יחידה,false,,9.90,0.0000,true,1,191376
7290117260470,false,גבינה בולגרית מעודנת למריחה עם שום 5% שומן 200 ג' יורו,אם.בי.טורקיה,,גבינה בולגרית מעודנת,יחידה,0.00,יחידה,false,,9.90,0.0000,true,1,191377
7290117261088,false,בוראטה גבינת מוצרלה רכה 125ג' 18%שומן,קסריה להפואנטה,,בוראטה גבינת מוצרלה,יחידה,0.00,יחידה,false,,14.90,0.0000,true,1,191387
7290117261170,false,פיתה יוונית עם קמח תירס מוקפאת - מארז 8 יחידות,וילי פוד,,פיתה יוונית עם קמח ת,גרמים,680.00,100 גרם,false,,14.90,0.0219,true,1,188199
7290117261774,false,כדורי גבינת בייבי מוצרלה 14% שומן 150 גרםeuro cheese,קסריה להפואנטה,,כדורי גבינת בייבי מו,יחידה,0.00,יחידה,false,,14.90,0.0000,true,1,191386
7290117380185,false,סוויט פוף חטיף מצופה שוקולד חלב ולבן,"טחנת האבן תעשיות בע""",,סוויט פוף שוקולד חלב,גרמים,50.00,גרם,false,,5.90,0.1180,true,1,189232
7290117380864,false,סלים דליס פייבר עוגות בראוניס אישיות בטעם שוקולד 120 גרם,הלמה הלום,,סלים דליס פייבר- עוג,גרמים,120.00,100 גרם,false,,10.90,0.0908,true,1,189208
7290117382264,false,"משחת שיניים טוטאל עם פחם 2 *75 מ""ל קולגייט",,,קולגייט משחת שיניים,יחידה,0.00,יחידה,false,,29.90,0.0000,true,1,189298
7290117383711,false,"מארז זוג תחליב רחצה חלב ודבש *750 מ""ל פלמוליב",קולגייט פלמוליב,TR,פלמוליב חלב ודבש 750,מיליליטרים,750.00,"100 מ""ל",false,,29.90,0.0399,true,1,193226
7290117383728,false,"מארז זוג תחליב רחצה לומינוס  אבוקדו 750 מ""ל פלמוליב",קולגייט פלמוליב,TR,פלמוליב לומינוס אבוק,מיליליטרים,750.00,"100 מ""ל",false,,29.90,0.0399,true,1,193227
7290117383742,false,"מארז זוג ג'ל רחצה לגבר 750 מ""ל פלמוליב",קולגייט פלמוליב,TR,פלמוליב גבר מרענן 75,מיליליטרים,750.00,"100 מ""ל",false,,29.90,0.0399,true,1,193229
7290117383759,false,פלמוליבחלב ודבש 500,,TR,פלמוליבחלב ודבש 500,מיליליטרים,500.00,"100 מ""ל",false,,24.90,0.0498,true,1,193230
7290117383766,false,"מארז זוג פלמוליב לומינוס  תאנה 500 מ""ל",,TR,פלמוליב לומינוס תאנה,מיליליטרים,500.00,"100 מ""ל",false,,24.90,0.0498,true,1,193231
7290117860038,false,"הוואי - תחליב רחצה יוגורט בניחוח אוכמניות 700 מ""ל","טרופיקל דגיל בע""\מ",,הוואי תחליב רחצה יוג,מיליליטרים,700.00,"100 מ""ל",false,,14.90,0.0213,true,1,194332
7290117860045,false,שמפו תמציות אלוורה ותה ירוק לשיער רגיל,"טרופיקל גליל בע""מ",,הוואי שמפו מטפח לשיע,מיליליטרים,700.00,"100 מ""ל",false,,14.90,0.0213,true,1,194312
7290117860137,false,"הוואי קרם רחצה יוגורט בניחוח פרח הקמליה 700 מ""ל","טרופיקל גליל בע""מ",,הוואי ס.נוזלי רגעים,מיליליטרים,700.00,"100 מ""ל",false,,14.90,0.0213,true,1,194335
7290117860144,false,הוואי שמפו פירות אקזוטיים וקלנדולה 700,"טרופיקל גליל בע""מ",,הוואי שמפו נ.קשקשים,מיליליטרים,700.00,"100 מ""ל",false,,14.90,0.0213,true,1,194313
7290117860182,false,"הוואי - תחליב רחצה בניחוח מגנוליה ושמן שקדים 700 מ""ל","טרופיקל דגיל בע""\מ",,הוואי תחליב רחצה בני,מיליליטרים,700.00,"100 מ""ל",false,,14.90,0.0213,true,1,194328
7290117860199,false,"הוואי - שמפו מעניק לחות לשיער יבש 700 מ""ל","טרופיקל דגיל בע""\מ",,הוואי שמפו מעניק לחו,מיליליטרים,700.00,"100 מ""ל",false,,14.90,0.0213,true,1,194311
7290117860243,false,"הוואי - מרכך מעניק לחות לשיער יבש 700 מ""ל","טרופיקל גליל בע""מ",,הוואי מרכך לשיער יבש,מיליליטרים,700.00,"100 מ""ל",false,,14.90,0.0213,true,1,194320
7290117860298,false,שמפו קומפלקס קרטין לשיער עדין או חלש,"טרופיקל גליל בע""מ",,הוואי שמפו קרטין מחז,מיליליטרים,700.00,"100 מ""ל",false,,14.90,0.0213,true,1,194314
7290117860342,false,מרכך קומפלקס קרטין לשיער עדין או חלש,"טרופיקל גליל בע""מ",,הוואי מרכך קרטין מחז,מיליליטרים,700.00,"100 מ""ל",false,,14.90,0.0213,true,1,194321
7290117860380,false,"הוואי תחליב רחצה יוגורט בניחוח אלוורה 700 מ""ל","טרופיקל דגיל בע""\מ",,הוואי תחליב רחצה יוג,מיליליטרים,700.00,"100 מ""ל",false,,14.90,0.0213,true,1,194336
7290117860397,false,שמפו תמצית פריחת הדובדבן לשיער רגיל,"טרופיקל גליל בע""מ",,הוואי שמפו פריחת הדו,מיליליטרים,700.00,"100 מ""ל",false,,14.90,0.0213,true,1,194309
7290117860793,false,הוואי מרכך תמצית יסמין מעניק נפח 700 מל,"טרופיקל דגיל בע""\מ",,הוואי מרכך מעניק נפח,מיליליטרים,700.00,"100 מ""ל",false,,14.90,0.0213,true,1,194327
7290117860991,false,"תחליב רחצה יוגורט בניחוח שקדים 700 מ""ל הוואי","טרופיקל דגיל בע""\מ",,הוואי תחליב רחצה יוג,מיליליטרים,700.00,"100 מ""ל",false,,14.90,0.0213,true,1,194333
7290118420071,false,במבה ביסלי ברביקיו מיקס 80ג' אסם,"אסם השקעות בע""\מ",,ביסלי במבה ברבקיו מי,יחידה,0.00,יחידה,false,,5.90,0.0000,true,1,192581
7290118420477,false,אסם בייגלה שטוחים בטעם ביסלי בצל 300 גרם,"אסם תעשיות בע""מ",,אסם בייגלה שטוחים בט,גרמים,300.00,100 גרם,false,,10.90,0.0363,true,1,192582
7290118564485,false,סט מזוודות קשיחות PO,,,סט מזוודות קשיחות PO,יחידה,0.00,יחידה,false,,800.00,0.0000,true,1,193284
7290118564492,false,סט מזוודות קשיחות PO,,,סט מזוודות קשיחות PO,יחידה,0.00,יחידה,false,,800.00,0.0000,true,1,193285
7290118564508,false,סט מזוודות קשיחות PO,,,סט מזוודות קשיחות PO,יחידה,0.00,יחידה,false,,800.00,0.0000,true,1,193286
7290118564539,false,סט מזוודות קשיחות PO,,,סט מזוודות קשיחות PO,יחידה,0.00,יחידה,false,,800.00,0.0000,true,1,193289
7290900010367,false,טורטייה שמינייה משקל נקי 360 ג' Avel,Turka Invest,,אבאל טורטייה שמינייה,גרמים,360.00,100 גרם,false,,8.90,0.0247,true,1,130036
7291044066319,false,רב שקע 4 עד 1m + מפסק,,,רב שקע 4 עד 1m + מפס,יחידה,0.00,יחידה,false,,19.90,0.0000,true,1,152601
7291044066333,false,רב שקע 6+מפסק+כבל עד,,,רב שקע 6 עד 1m + מפס,יחידה,0.00,יחידה,false,,24.90,0.0000,true,1,152603
7291044069754,false,מפצל חשמל סמיקום 1 ל-3 תפזורת,,,מפצל חשמל 1 ל SEMICO,יחידה,0.00,יחידה,false,,7.90,0.0000,true,1,153527
7291044089981,false,שלישיה לד DL 15W E27 A60 SAFETY,,,שלישיה לד DL 15W E27,יחידה,0.00,יחידה,false,,26.90,0.0000,true,1,146953
7291044091304,false,מיקסר יד חשמל יונדאי סמיקום לקסיס 250W,יונדאי Hyundai,,מיקסר יד חשמל 250W י,יחידה,0.00,יחידה,false,,89.90,0.0000,true,1,137813
7291044094336,false,מנורות זוג 26W ספירל יונדאי,,,זוג נו' לד DL 15W E2,יחידה,0.00,יחידה,false,,14.90,0.0000,true,1,179660
7291044096026,false,טוסטר לחיצה ל 2 פרוסות גריל שחור סמיקום לקסיס,יונדאי Hyundai,,טוסטר לחיצה ל-2 פרוס,יחידה,0.00,יחידה,false,,79.90,0.0000,true,1,152608
7291044097542,false,בלנדר חשמלי 450W יונדאי,,,בלנדר חשמלי 450W יונ,יחידה,0.00,יחידה,false,,159.90,0.0000,true,1,145493
7291044099249,false,קומקום חשמלי לבן 1.7,,,קומקום חשמלי לבן 1.7,יחידה,0.00,יחידה,false,,79.90,0.0000,true,1,152587
7291074001830,false,קרשי חיתוך סט (2) חלק עץ במבוק סולתם,,,סט (2) חל' קרשי חיתו,יחידה,0.00,יחידה,false,,29.90,0.0000,true,1,151839
7291074003926,false,"תרמוס 1000 מ""ל נירוס",,,"תרמוס 1000 מ""ל נירוס",יחידה,0.00,יחידה,false,,59.90,0.0000,true,1,165087
7291074003995,false,סכין Princess בדיספלי עם כיסוי מגן Forged Pro סולתם,,,"סכין Princess 5.7""/1",יחידה,0.00,יחידה,false,,34.90,0.0000,true,1,151433
7291074004411,false,"שפכטל נירוסטה 25.6 ס""מ Bake-it up ידית פלסטיק",,,מרחן משולש נירוסטה 1,יחידה,0.00,יחידה,false,,21.90,0.0000,true,1,151611
7291074007009,false,קוצץ תבלינים עשבי תי,,,קוצץ תבלינים עשבי תי,יחידה,0.00,יחידה,false,,34.90,0.0000,true,1,151760
7291074009089,false,פטיש בשר/שניצל עץ,,,פטיש בשר/שניצל עץ,יחידה,0.00,יחידה,false,,16.90,0.0000,true,1,151752
7291074009300,false,כף סיליקון בדיספליי (18) חלק צהוב/אפור/אפור בהיר סולתם,,,כף סיליקון בדיספליי,יחידה,0.00,יחידה,false,,19.90,0.0000,true,1,161119
7291074009317,false,מרחן סיליקון בדיספליי (18) חלק צהוב/אפור/אפור בהיר סולתם,,,מרחן סיליקון בדיספל,יחידה,0.00,יחידה,false,,19.90,0.0000,true,1,161120
7291074009652,false,"כף טיגון אובלית 30.5 ס""מ נירוסטה סולתם",,,כף טיגון אובלית 30.5,יחידה,0.00,יחידה,false,,29.90,0.0000,true,1,151740
7291074009874,false,"תבנית קפיץ 6.8*20 ס""",,,"תבנית קפיץ 6.8*20 ס""",יחידה,0.00,יחידה,false,,49.90,0.0000,true,1,188966
7291074010368,false,תרווד בדיספליי (18) חלק צהוב,,,תרווד בדיספליי (18),יחידה,0.00,יחידה,false,,19.90,0.0000,true,1,161121
7291074013871,false,"סכין סנטוקו 17.5 ס""מ ידית שחורה סולתם",,,"סכין סנטוקו 17.50 ס""",יחידה,0.00,יחידה,false,,29.90,0.0000,true,1,167301
7291074013895,false,"סכין סנטוקו 12.50 ס""מ ידית שחורה CASUAL סולתם",,,"סכין סנטוקו 12.50 ס""",יחידה,0.00,יחידה,false,,14.90,0.0000,true,1,167303
7291074013901,false,"סכין רב שימושית 12.50 ס""מ ידית שחורה CASUAL סולתם",,,סכין רב שימושית 12.5,יחידה,0.00,יחידה,false,,14.90,0.0000,true,1,167304
7291074013918,false,"סכין פריסה 9 ס""מ ידית שחורה CASUAL סולתם",,,"סכין פריסה 9 ס""מ ידי",יחידה,0.00,יחידה,false,,14.90,0.0000,true,1,167305
7291074016476,false,"מחבת 18 ס""מ CASUAL א",,,"מחבת 18 ס""מ CASUAL א",יחידה,0.00,יחידה,false,,59.90,0.0000,true,1,187055
7291074016483,false,"מחבת 20 ס""מ CASUAL א",,,"מחבת 20 ס""מ CASUAL א",יחידה,0.00,יחידה,false,,59.90,0.0000,true,1,187056
7291074016490,false,"מחבת 24 ס""מ CASUAL א",,,"מחבת 24 ס""מ CASUAL א",יחידה,0.00,יחידה,false,,69.90,0.0000,true,1,187057
7291074016827,false,"רוסטר יציקת אלומיניום גבוה 10.9*24.5*34.5 ס""מ 7 ליטר IND Culinary סולתם",,,רוסטר יציקת אלומיניו,יחידה,0.00,יחידה,false,,199.90,0.0000,true,1,187091
7291074018203,false,"פינג'אן 600 מ""ל PICCOLO שחור מטאלי סולתם",,,"פינג'אן 600 מ""ל PICC",יחידה,0.00,יחידה,false,,34.90,0.0000,true,1,192641
7291074018937,false,קולפן ידית פלסטיק צב,,,קולפן ידית פלסטיק צב,יחידה,0.00,יחידה,false,,14.90,0.0000,true,1,192644
7291074019279,false,בוצ'ר מקצועי 1.8*30*,,,בוצ'ר מקצועי 1.8*30*,יחידה,0.00,יחידה,false,,79.90,0.0000,true,1,191525
7291074019590,false,סכין חיתוך משוננת 10,,,סכין חיתוך משוננת 10,יחידה,0.00,יחידה,false,,14.90,0.0000,true,1,192647
7291074019606,false,סכין קצה עגול משוננת,,,סכין קצה עגול משוננת,יחידה,0.00,יחידה,false,,14.90,0.0000,true,1,192648
7291074019972,false,"מחבת 20 ס""מ OPTIMA ציפוי שיש ידית שחורה סולתם",סולתם רדד,,"מחבת 20 ס""מ OPTIMA צ",יחידה,0.00,יחידה,false,,49.90,0.0000,true,1,191529
7291074020008,false,"מחבת 28 ס""מ OPTIMA ציפוי שיש ידית שחורה סולתם",,,"מחבת 28 ס""מ OPTIMA צ",יחידה,0.00,יחידה,false,,69.90,0.0000,true,1,191532
7291074020251,false,כף סינון/מסננת 12.5*,,,כף סינון/מסננת 12.5*,יחידה,0.00,יחידה,false,,19.90,0.0000,true,1,192652
7291074020299,false,תרווד מחורץ ניילון י,,,תרווד מחורץ ניילון י,יחידה,0.00,יחידה,false,,19.90,0.0000,true,1,192653
7291074020305,false,מצקת ניילון ידית ניר,,,מצקת ניילון ידית ניר,יחידה,0.00,יחידה,false,,19.90,0.0000,true,1,192654
7291200596438,false,ניילון נצמד 150 מטר,,,ניילון נצמד 150 מטר,יחידה,0.00,יחידה,false,,16.90,0.0000,true,1,190960
7294413857983,false,קליפס מתכת לשיער,,,קליפס מתכת לשיער,יחידה,0.00,יחידה,false,,3.00,0.0000,true,1,118486
7294413881117,false,מברשת להתרת קשרים,,,מברשת להתרת קשרים,יחידה,0.00,יחידה,false,,16.00,0.0000,true,1,118364
7294413881650,false,מברשת שיער,,,מברשת שיער,יחידה,0.00,יחידה,false,,21.00,0.0000,true,1,118631
7294413881667,false,מברשת שיער,,,מברשת שיער,יחידה,0.00,יחידה,false,,15.00,0.0000,true,1,118366
7294413883319,false,מברשת אובאלית,,,מברשת אובאלית,יחידה,0.00,יחידה,false,,10.00,0.0000,true,1,118370
7294413883340,false,מברשת מטקה,,,מברשת מטקה,יחידה,0.00,יחידה,false,,11.00,0.0000,true,1,118443
7294413883357,false,מברשת עגולה,,,מברשת עגולה,יחידה,0.00,יחידה,false,,11.00,0.0000,true,1,118372
7294413890539,false,פינצטה אלכסונית אל חלד,,,פינצטה אלכסונית אל ח,יחידה,0.00,יחידה,false,,11.00,0.0000,true,1,118429
7294413907251,false,רצועות שעווה,,,רצעות שעווה,יחידה,0.00,יחידה,false,,16.00,0.0000,true,1,166482
7294413909422,false,כובע צמר צבעוני,,,כובע צמר צבעוני,יחידה,0.00,יחידה,false,,12.00,0.0000,true,1,194732
7294413911364,false,מברשת פן קרמית 30,,,מברשת פן קרמית 30,יחידה,0.00,יחידה,false,,27.00,0.0000,true,1,166204
7294413915058,false,מברשת תלתלים ייחודית/שבת,,,מברשת תלתלים ייחודית,יחידה,0.00,יחידה,false,,12.00,0.0000,true,1,121687
7294413915065,false,מברשת גילוח מהודרת,,,מברשת גילוח מהודרת,יחידה,0.00,יחידה,false,,24.00,0.0000,true,1,121697
7294413915577,false,מברשת מטקה מראה W,,,מברשת מטקה מראה W,יחידה,0.00,יחידה,false,,14.00,0.0000,true,1,125904
7294413915584,false,מברשת אליפסה W,,,מברשת אליפסה W,יחידה,0.00,יחידה,false,,14.00,0.0000,true,1,125905
7294413915867,false,מברשת מטקה גדולה,,,מברשת מטקה גדולה,יחידה,0.00,יחידה,false,,13.00,0.0000,true,1,127091
7294413915874,false,מברשת שיער מקצועית,,,מברשת שיער מקצועית,יחידה,0.00,יחידה,false,,26.00,0.0000,true,1,182378
7294413916512,false,"אציטון 200 מ""ל",,,"אציטון 200 מ""ל",מיליליטרים,200.00,"100 מ""ל",false,,11.00,0.0550,true,1,122637
7294413916840,false,מטרייה גדולה אוטו`סי,,,מטרייה גדולה אוטו`סי,יחידה,0.00,יחידה,false,,24.00,0.0000,true,1,127176
7294413916857,false,מטרייה נקודות,,,מטרייה נקודות,יחידה,0.00,יחידה,false,,34.00,0.0000,true,1,127177
7294413916888,false,מטרייה חצי אוטומטית,,,מטרייה מתקפלת גדולה,יחידה,0.00,יחידה,false,,34.00,0.0000,true,1,127180
7294413916895,false,מטרייה אוטומטית חלקה,,,מטרייה מתקפלת אטו כפ,יחידה,0.00,יחידה,false,,34.00,0.0000,true,1,127181
7294413918479,false,כובע צמר NY שחור,,,כובע צמר NY שחור,יחידה,0.00,יחידה,false,,20.00,0.0000,true,1,179327
7294413918516,false,רשת כביסה,,,רשת כביסה,יחידה,0.00,יחידה,false,,10.00,0.0000,true,1,138299
7294413919094,false,מארז שלישיית פדים קו,,,מארז שלישיית פדים קו,יחידה,0.00,יחידה,false,,14.90,0.0000,true,1,139370
7294413919315,false,זוג מגבונים להסרת איפור,,,מגבונים להסרת איפור,יחידה,0.00,יחידה,false,,11.90,0.0000,true,1,146038
7294413919469,false,כובע+פונפון,,,כובע+פונפון,יחידה,0.00,יחידה,false,,20.00,0.0000,true,1,161963
7294413919490,false,מברשת מטקה,,,מברשת מטקה,יחידה,0.00,יחידה,false,,16.00,0.0000,true,1,152181
7294413919506,false,מברשת אובלית,,,מברשת אובלית,יחידה,0.00,יחידה,false,,16.00,0.0000,true,1,152182
7294413920045,false,LI MEI קרם ידיים מו,,,LI MEI קרם ידיים מו,יחידה,0.00,יחידה,false,,7.90,0.0000,true,1,166110
7294413920052,false,LI MEI קרם רגליים מו,,,LI MEI קרם רגליים מו,יחידה,0.00,יחידה,false,,7.90,0.0000,true,1,166109
7294413920243,false,כובע פונפון משולב,,,כובע פונפון משולב,יחידה,0.00,יחידה,false,,20.00,0.0000,true,1,161968
7294413920410,false,מטריה יחדים מותגים,,,מטריה ילדים מותגים,יחידה,0.00,יחידה,false,,22.00,0.0000,true,1,194208
7294413921318,false,כובע פונפונים 1-2,,,כובע פונפונים 1-2,יחידה,1.00,יחידה,false,,24.00,24.0000,true,1,179328
7294413921356,false,כובע מיקי 2-4,,,כובע מיקי 2-4,יחידה,1.00,יחידה,false,,24.00,24.0000,true,1,179323
7294413921387,false,כובע אלזה 3+,,,כובע אלזה 3+,יחידה,1.00,יחידה,false,,24.00,24.0000,true,1,179320
7294413921479,false,כובע פו הדוב 0-12,,,כובע פו הדוב 0-12,יחידה,1.00,יחידה,false,,24.00,24.0000,true,1,179311
7294413921493,false,כובע ספיידרמן 3+,,,כובע ספיידרמן 3+,יחידה,1.00,יחידה,false,,24.00,24.0000,true,1,179308
7294413921516,false,כובע מיקי 3+,,,כובע מיקי 3+,יחידה,1.00,יחידה,false,,24.00,24.0000,true,1,179303
7294413921554,false,כובע אלזה 3+,,,כובע אלזה 3+,יחידה,1.00,יחידה,false,,24.00,24.0000,true,1,179300
7294413921585,false,כובע מיקי 2-4,,,כובע מיקי 2-4,יחידה,1.00,יחידה,false,,24.00,24.0000,true,1,179299
7294413922032,false,מטרייה הפוכה,,,מטרייה הפוכה,יחידה,0.00,יחידה,false,,49.00,0.0000,true,1,193917
7294413922049,false,מטרייה אוט שיש,,,מטרייה אוט שיש,יחידה,0.00,יחידה,false,,39.00,0.0000,true,1,193918
7294413922056,false,מטרייה אוט.מתקפלת שח,,,מטרייה אוט.מתקפלת שח,יחידה,0.00,יחידה,false,,39.00,0.0000,true,1,193919
7294413922186,false,כובע חורף OZ,,,כובע חורף OZ,יחידה,0.00,יחידה,false,,24.00,0.0000,true,1,193963
7294413922216,false,כובע חורף כפל פסים,,,כובע חורף כפל פסים,יחידה,0.00,יחידה,false,,25.00,0.0000,true,1,193966
7294413922223,false,כובע חורף צמות,,,כובע חורף צמות,יחידה,0.00,יחידה,false,,25.00,0.0000,true,1,193967
7296021120589,false,קוצץ מיני ידני נעמן,,,קוצץ מיני ידני נעמן,יחידה,0.00,יחידה,false,,29.90,0.0000,true,1,142428
7296021134180,false,כותש שום אלומיניום נ,,,כותש שום אלומיניום נ,יחידה,0.00,יחידה,false,,49.90,0.0000,true,1,146519
7296021141157,false,כף מחורצת סיליקון,,,כף מחורצת סיליקון,יחידה,0.00,יחידה,false,,29.90,0.0000,true,1,142452
7296021152177,false,סכין סט (2) פריז W פ,,,סכין סט (2) פריז W פ,יחידה,0.00,יחידה,false,,26.90,0.0000,true,1,166899
7296021152221,false,סוחט לימון ידני פלסט,,,סוחט לימון ידני פלסט,יחידה,0.00,יחידה,false,,10.00,0.0000,true,1,124276
7296021161216,false,מלחייה /// בדיספליי,ade,,מלחייה /// בדיספליי,יחידה,0.00,יחידה,false,,9.90,0.0000,true,1,142481
7296021170676,false,פותחן שימורים ידית ש,KIS CHINA,,פותחן שימורים ידית ש,יחידה,0.00,יחידה,false,,29.90,0.0000,true,1,142606
7296021170713,false,כותש שום איכותי ZINK,,,כותש שום איכותי ZIN,יחידה,0.00,יחידה,false,,24.90,0.0000,true,1,146531
7296021170720,false,כותש שום נדנדה STAI,,,כותש שום נדנדה STAI,יחידה,0.00,יחידה,false,,16.90,0.0000,true,1,146532
7296021187650,false,מגרדת עם קופסא- מגרד,,,מגרדת עם קופסא- מגרד,יחידה,0.00,יחידה,false,,19.90,0.0000,true,1,154095
7296021191367,false,תבנית לקוביות קרח עם,,,קרחון עם מכסה,יחידה,0.00,יחידה,false,,10.00,0.0000,true,1,151977
7296021191855,false,מחבת יציקה גריל 28 ס,,,מחבת גריל יציקה 28 ס,יחידה,0.00,יחידה,false,,99.90,0.0000,true,1,146500
7296021226885,false,מפת משבצות עם גומי לשולחן מתקפל,נעמן,,מפה עם גומי לשולחן פ,יחידה,0.00,יחידה,false,,19.90,0.0000,true,1,154215
7296021248917,false,"מארז סכו""ם נירוסטה 24 חלקים - שחור",נעמן,,"סכו""ם נירוסטה סט 24",יחידה,0.00,יחידה,false,,119.90,0.0000,true,1,158837
7296021255830,false,קישואן זוקיני ידית ש,,,קישואן זוקיני ידית ש,יחידה,0.00,יחידה,false,,10.00,0.0000,true,1,161749
7296021256899,false,סיר לבישול עם מכסה 1,,,סיר לבישול עם מכסה 1,יחידה,0.00,יחידה,false,,79.90,0.0000,true,1,168426
7296021266683,false,מסננת ידית עץ פרפקטו,,,"מסננת ידית עץ 12 ס""מ",יחידה,0.00,יחידה,false,,14.90,0.0000,true,1,176308
7296021266720,false,מסננת ידית עץ פרפקטו,,,"מסננת ידית עץ 26 ס""מ",יחידה,0.00,יחידה,false,,39.90,0.0000,true,1,176306
7296021268878,false,RED STAR פותחן יין Z,,,RED STAR פותחן יין Z,יחידה,0.00,יחידה,false,,39.90,0.0000,true,1,192756
7296021275104,false,"מועך תפו""א 27 סמ",,,"מועך תפו""א 27 סמ",יחידה,0.00,יחידה,false,,39.90,0.0000,true,1,186256
7296021277016,false,"סיר 12*28 ס""מ 6.9 לי",,,"סיר 12*28 ס""מ 6.9 לי",יחידה,0.00,יחידה,false,,149.90,0.0000,true,1,187513
7296021277023,false,"סוטז 8*28 ס""מ 4.55 ל",,,"סוטז 8*28 ס""מ 4.55 ל",יחידה,0.00,יחידה,false,,139.90,0.0000,true,1,187514
7296102060971,false,מסננת לכיור מטבח אמר,,,מסננת לכיור מטבח אמר,יחידה,0.00,יחידה,false,,19.90,0.0000,true,1,129374
7296102096710,false,מלקחיים נירוסטה,,,מלקחיים נירוסטה,יחידה,0.00,יחידה,false,,7.90,0.0000,true,1,135710
7296102097557,false,מברשת פליז מקצועית ל,,,מברשת פליז מקצועית ל,יחידה,0.00,יחידה,false,,19.90,0.0000,true,1,177618
7296102113134,false,"מלקחיים נירוסטה 35 ס""מ",,,מלקחיים נירוסטה 35 ס,יחידה,0.00,יחידה,false,,10.00,0.0000,true,1,186014
7296102119105,false,משפך מתכווץ 14×11.5×,,,משפך מתכווץ 14×11.5×,יחידה,0.00,יחידה,false,,7.90,0.0000,true,1,192908
7296102121276,false,סט 3 קופסאות מלבן 1,,,סט 3 קופסאות מלבן 1,ליטרים,1.00,ליטר,false,,12.90,12.9000,true,1,188533
7296102121283,false,סט 3 קופסאות מרובע 1,,,סט 3 קופסאות מרובע 1,יחידה,0.00,יחידה,false,,12.90,0.0000,true,1,188535
7296102121290,false,סט 3 קופסאות מרובע 1,,,סט 3 קופסאות מרובע 1,יחידה,0.00,יחידה,false,,12.90,0.0000,true,1,188536
7296102121603,false,קופסא 2.3 ליטר Basic,,,קופסא 2.3 ליטר Basic,יחידה,0.00,יחידה,false,,7.90,0.0000,true,1,185944
7296102121696,false,סט 3 קופסאות עגולות,,,סט 3 קופסאות עגולות,יחידה,0.00,יחידה,false,,10.00,0.0000,true,1,192911
7296102133057,false,"רשת מנגל 23*38 ס""מ",,,"רשת מנגל 23*38 ס""מ",יחידה,0.00,יחידה,false,,19.90,0.0000,true,1,186021
7296102133248,false,סכין נירוסטה לגריל 4,,,סכין נירוסטה לגריל 4,יחידה,0.00,יחידה,false,,19.90,0.0000,true,1,183415
7296102133316,false,סט 2 מברשות פלדה לגר,,,סט 2 מברשות פלדה לגר,יחידה,0.00,יחידה,false,,49.90,0.0000,true,1,188086
7296102133484,false,"רשת מנגל 26*75 ס""מ",,,"רשת מנגל 26*75 ס""מ",יחידה,0.00,יחידה,false,,34.90,0.0000,true,1,188088
7296102183601,false,"משפך 11 ס""מ",,,"משפך 11 ס""מ",יחידה,0.00,יחידה,false,,5.90,0.0000,true,1,187092
7296102183670,false,מעמד לכוסות,,,מעמד לכוסות,יחידה,0.00,יחידה,false,,10.00,0.0000,true,1,183312
7296102183694,false,מעמד לכוסות מעוצב כפ,,,מעמד לכוסות מעוצב כפ,יחידה,0.00,יחידה,false,,8.90,0.0000,true,1,188541
7296102183700,false,מעמד לכוסות מעוצב,,,מעמד לכוסות מעוצב,יחידה,0.00,יחידה,false,,7.90,0.0000,true,1,188542
7296102183731,false,קערה עם מכסה 7.5 ליט,,,קערה עם מכסה 7.5 ליט,יחידה,0.00,יחידה,false,,18.90,0.0000,true,1,192916
7296102183960,false,בקבוק לחיץ לרוטב 600,,,בקבוק לחיץ לרוטב 600,יחידה,0.00,יחידה,false,,5.90,0.0000,true,1,192920
7296102190944,false,חולץ פקקים מפואר,,,חולץ פקקים מפואר,יחידה,0.00,יחידה,false,,49.90,0.0000,true,1,192921
7296102191248,false,סט 4 סכינים חלבי,,,סט 4 סכינים חלבי,יחידה,0.00,יחידה,false,,12.90,0.0000,true,1,192927
7296102191255,false,סט 4 סכינים בשרי,,,סט 4 סכינים בשרי,יחידה,0.00,יחידה,false,,12.90,0.0000,true,1,192928
7296102191262,false,סט 4 סכינים צבעוני,,,סט 4 סכינים צבעוני,יחידה,0.00,יחידה,false,,12.90,0.0000,true,1,192929
7296102193075,false,כיסא חוף קלאסי,,,כיסא חוף קלאסי,יחידה,0.00,יחידה,false,,59.90,0.0000,true,1,188902
7296102229132,false,מצית גז דגם שיר,,,מצית גז דגם שיר,יחידה,0.00,יחידה,false,,12.90,0.0000,true,1,183431
7296102229156,false,מצית גז שלהבת,,,מצית גז שלהבת,יחידה,0.00,יחידה,false,,14.90,0.0000,true,1,183432
7296102266014,false,קרש חיתוך פלסטיק 29.,,,קרש חיתוך פלסטיק 29.,יחידה,0.00,יחידה,false,,10.00,0.0000,true,1,170996
7296102266021,false,קרש חיתוך פלסטיק 22.5*34,,,קרש חיתוך פלסטיק 22.,יחידה,0.00,יחידה,false,,16.90,0.0000,true,1,170997
7296102266038,false,קרש חיתוך פלסטיק 26*38.5,,,קרש חיתוך פלסטיק 26*,יחידה,0.00,יחידה,false,,19.90,0.0000,true,1,170998
7296102355459,false,זוג מסנני כיור פרפר,,,זוג מסנני כיור פרפר,יחידה,0.00,יחידה,false,,4.90,0.0000,true,1,129654
7296102361030,false,סט 20 אטבי כביסה עץ,,,סט 20 אטבי כביסה עץ,יחידה,0.00,יחידה,false,,7.90,0.0000,true,1,192959
7296102401064,false,גיגית מלבנית,,,גיגית מלבנית,יחידה,0.00,יחידה,false,,24.90,0.0000,true,1,151895
7296102401316,false,נפנף למנגל (0845),,,נפנף למנגל (0845),יחידה,0.00,יחידה,false,,5.90,0.0000,true,1,157984
7296102401408,false,"גיגית 35 ס""מ + ידיות",,,"גיגית 35 ס""מ + ידיות",יחידה,0.00,יחידה,false,,10.90,0.0000,true,1,150841
7296102519097,false,בקבוק פיה זכוכית לשמ,,,בקבוק פיה זכוכית לשמ,יחידה,0.00,יחידה,false,,12.90,0.0000,true,1,192937
7296102519103,false,בקבוק תרסיס זכוכית ל,,,בקבוק תרסיס זכוכית ל,יחידה,0.00,יחידה,false,,12.90,0.0000,true,1,192938
7296102619018,false,קולפן כרוב נירוסטה י,,,קולפן כרוב נירוסטה י,יחידה,0.00,יחידה,false,,14.90,0.0000,true,1,171025
7296102619292,false,מערוך מסתובב מעץ 43.,,,מערוך מסתובב מעץ 43.,יחידה,0.00,יחידה,false,,39.90,0.0000,true,1,185971
7296102619346,false,פומפיה מרובעת נירוסטה בסיס פלסטיק,,,פומפיה מרובעת נירוסט,יחידה,0.00,יחידה,false,,29.90,0.0000,true,1,183401
7296102619414,false,"משפך נירוסטה 10 ס""מ",,,"משפך נירוסטה 10 ס""מ",יחידה,0.00,יחידה,false,,16.90,0.0000,true,1,173334
7296102619636,false,קערת נירוסטה איכותית,,,קערת נירוסטה איכותית,יחידה,0.00,יחידה,false,,26.90,0.0000,true,1,175230
7296102637067,false,מצית גז רשף מטאלי,,,מצית גז רשף מטאלי,יחידה,0.00,יחידה,false,,14.90,0.0000,true,1,183428
7296102699508,false,מגנט לסכינים,,,מגנט לסכינים,יחידה,0.00,יחידה,false,,19.90,0.0000,true,1,129680
7296102831564,false,"סט 4 צלחות שטוחות 22.5 ס""מ",,,סט 4 צלחות שטוחות תמ,יחידה,0.00,יחידה,false,,12.90,0.0000,true,1,183333
7297488097995,false,גרנולה דבש ללא גלוטן 250 גרם דגש,תות תעשיות מזון (201,,דגש גרנולה דבש 250ג,גרמים,250.00,100 גרם,false,,17.90,0.0716,true,1,51909
7297488098015,false,גרנולה קרנץ' עם שוקולד צ'יפס מריר ללא גלוטן 250 גרם דגש,תות תעשיות מזון (201,,דגש גרנולה קרנצי שוק,גרמים,250.00,100 גרם,false,,17.90,0.0716,true,1,57836
7297488098152,false,דגש קמח חומוס ללא גל,אף.סי תבליני בגליל ב,,דגש קמח חומוס 500גר,גרמים,500.00,100 גרם,false,,19.90,0.0398,true,1,51910
7297488098169,false,"קמח תירס ללא גלוטן דג""ש","תבליני העליון בע""מ",,דגש קמח תירס ללא גלו,גרמים,500.00,100 גרם,false,,12.90,0.0258,true,1,51102
7297488098183,false,קמח אורז ללא גלוטן 500 ג,"תבליני העליון בע""מ",,דגש קמח אורז 500ג,גרמים,500.00,100 גרם,false,,12.90,0.0258,true,1,59770
7297488098220,false,קמח תפוחי אדמה 500 גרם דגש,תבליני העליון 2007 ב,,"קמח תפו""א ללא גלוטן",גרמים,500.00,100 גרם,false,,13.90,0.0278,true,1,62915
7297488098299,false,קמח טפיוקה ללא גלוטן500ג,אף סי תבליני הגליל ב,,קמח טפיוקה ללא גלוטן,גרמים,500.00,100 גרם,false,,11.90,0.0238,true,1,60719
7297488098305,false,דגש-קמח שקדים 250 גרם,תבליני העליון 2007 ב,,קמח שקדים 250 גרם,גרמים,250.00,100 גרם,false,,31.90,0.1276,true,1,64284
7297488099753,false,דגש עוגיות בטעם שוקולד וקוקוס 250 גרם,תות תעשיות מזון (201,,עוגיות בטעם שוקולד ו,יחידה,0.00,יחידה,false,,31.90,0.0000,true,1,122536
7297488199590,false,פצפוצי אורז לבן תפוח ללא גלוטן,דגש- דוכן גן שמואל,,דגש פצפוצי אורז 450ג,גרמים,450.00,100 גרם,false,,25.90,0.0576,true,1,65386
7297488199606,false,פצפוצי אורז תפוח ללא תוספת סוכר ומלח ללא גלוטן,דגש- דוכן גן שמואל,,דגש פצפוצי אורז קל 4,גרמים,450.00,100 גרם,false,,25.90,0.0576,true,1,65387
7297623200082,false,גרבי אלגנט מודפס שלי,,,גרבי אלגנט מודפס שלי,יחידה,0.00,יחידה,false,,10.00,0.0000,true,1,193237
7297623200099,false,גרבי גבר אלגנט שחור,,,גרבי גבר אלגנט שחור,יחידה,0.00,יחידה,false,,10.00,0.0000,true,1,193238
7297623200143,false,גרבי נשים בייסיק,,,גרבי נשים בייסיק,יחידה,0.00,יחידה,false,,12.90,0.0000,true,1,193241
7297623200204,false,גרבי שאניל נשים שליש,,,גרבי שאניל נשים יוק,יחידה,0.00,יחידה,false,,12.90,0.0000,true,1,193244
7297623200228,false,גרבי שפרה נשים,,,גרבי שפרה נשים,יחידה,0.00,יחידה,false,,12.90,0.0000,true,1,193246
7297623200303,false,גרבי ספורט גבר שליש,,,גרבי ספורט גבר שליש,יחידה,0.00,יחידה,false,,10.00,0.0000,true,1,193252
7297623210203,false,גופיה חמה גבר ROUND,,,גופיה חמה גבר ROUND,יחידה,0.00,יחידה,false,,16.90,0.0000,true,1,193258
7297623210272,false,בוקסר,,,בוקסר,יחידה,0.00,יחידה,false,,10.00,0.0000,true,1,189682
7297623210326,false,גופיה חמה נשים ROUN,,,גופיה חמה נשים ROUN,יחידה,0.00,יחידה,false,,16.90,0.0000,true,1,193260
7297623210340,false,גופיה חמה נוער לבן,,,גופיה חמה נוער לבן,יחידה,0.00,יחידה,false,,12.90,0.0000,true,1,193262
7297623210357,false,געטקס גבר לבן,,,געטקס גבר,יחידה,0.00,יחידה,false,,16.90,0.0000,true,1,193263
7297623210494,false,גאקט שפרה גבר,,,גאקט שפרה גבר,יחידה,0.00,יחידה,false,,49.90,0.0000,true,1,193268
7297623220011,false,נעלי בית סנופי,,,נעלי בית סנופי,יחידה,0.00,יחידה,false,,16.90,0.0000,true,1,180573
7297623220127,false,נעלי בית קופסא גבר,,,נעלי בית קופסא גבר,יחידה,0.00,יחידה,false,,29.90,0.0000,true,1,193270
7297623220134,false,נעלי בית קופסא נשים,,,נעלי בית קופסא נשים,יחידה,0.00,יחידה,false,,29.90,0.0000,true,1,193271
7297623230171,false,שמיכת פלנל יחיד,,,שמיכת פלנל יחיד,יחידה,0.00,יחידה,false,,29.90,0.0000,true,1,193272
7297623230195,false,שמיכות גולדן פויל יח,,,שמיכות גולדן פויל יח,יחידה,0.00,יחידה,false,,39.90,0.0000,true,1,193273
7297623313003,false,קרסוליות נשים פרמיום,,,קרסוליות נשים פרמיום,יחידה,0.00,יחידה,false,,10.00,0.0000,true,1,179850
7297623313379,false,שמיכות פיקה סנטה ברב,,,שמיכות פיקה סנטה ברב,יחידה,0.00,יחידה,false,,49.90,0.0000,true,1,193274
7297623313409,false,שמיכת פלנל זוגי,,,שמיכת פלנל זוגי,יחידה,0.00,יחידה,false,,39.90,0.0000,true,1,193277
7297623313430,false,סט מצעים זוגי אקסטרה,,,סט מצעים זוגי אקסטרה,יחידה,0.00,יחידה,false,,99.90,0.0000,true,1,191077
7297623313447,false,סט מצעים יחיד,,,סט מצעים יחיד,יחידה,0.00,יחידה,false,,69.90,0.0000,true,1,191078
7297623313461,false,סט מצעים זוגי,,,סט מצעים זוגי,יחידה,0.00,יחידה,false,,99.90,0.0000,true,1,191080
7297623500007,false,סט 5 מגבות ידיים,,,סט 5 מגבות ידיים,יחידה,0.00,יחידה,false,,14.90,0.0000,true,1,194041
7297623500052,false,שטיח קוקוס,,,שטיח קוקוס,יחידה,0.00,יחידה,false,,19.90,0.0000,true,1,193279
7297623500144,false,מגבת ענק,,,מגבת ענק,יחידה,0.00,יחידה,false,,39.90,0.0000,true,1,194052
7297623500151,false,מגבת פנים,,,מגבת פנים,יחידה,0.00,יחידה,false,,12.90,0.0000,true,1,194266
7297623500571,false,שטיח שאגי,,,שטיח שאגי,יחידה,0.00,יחידה,false,,24.90,0.0000,true,1,193280
7297623500595,false,כרית ויסקו לי קופר,,,"כרית ממורי 38/85 ס""מ",יחידה,0.00,יחידה,false,,79.90,0.0000,true,1,194040
7312040017034,false,וודקה אבסולוט 1 ליטר,פרנו ריקרד ($),,אבסולוט וודקה 1 ליטר,ליטרים,1.00,ליטר,false,,99.90,99.9000,true,1,105516
7312040017683,false,"אבסולוט וודקה, 700 מ''ל","איי, בי, אינבוו",,אבסולוט וודקה 700 מל,מיליליטרים,700.00,"100 מ""ל",false,,69.90,0.0999,true,1,141721
7332531063135,false,"ספריי לשיער סאיוס סרמיד לחיזוק 400 מ""ל",שוורצקופף והנקל,,סאיוס ספריי סירמיד 4,יחידה,0.00,יחידה,false,,30.00,0.0000,true,1,126973
7394376123337,false,"משקה שיבולת שועל אורגני מפוקח ע""י סקאל",טרנסומס פוד איי.בי,,אוטלי משקה שיבולת שו,יחידה,0.00,יחידה,false,,13.90,0.0000,true,1,155417
7394376615825,false,אוטלי משקה שיבולת שועל מועשר בסידן וויטמינים 1 ליטר,טרנסומס פוד,,אוטלי משקה שיבולת שו,יחידה,0.00,יחידה,false,,13.90,0.0000,true,1,155418
7394376615832,false,אוטלי משקה שיבולת שועל בטעם שוקולד 1 ליטר,טרנסומס פוד,,אוטלי משקה שיבולת שו,יחידה,0.00,יחידה,false,,15.90,0.0000,true,1,155419
7394376616778,false,אוטלי משקה שיבולת שועל להקצפה בריסטה 1 ליטר,טרנסומס פוד,,אוטלי משקה שיבולת שו,יחידה,0.00,יחידה,false,,15.90,0.0000,true,1,155411
7394376620294,false,אוטלי משקה שיבולת שועל בטעם וניל 1 ליטר,איי אם פי אס איי תעש,NL,משקה שיבולת שועל בטע,ליטרים,1.00,ליטר,false,,15.90,15.9000,true,1,193200
7501013122039,false,ג'ומקס מיץ מנגו קרטונית ליטר תריסר,חומקס קומר קומרסאליזדורה,,ג'ומקס מיץ מנגו קרטו,ליטרים,1.00,ליטר,false,,9.90,9.9000,true,1,146612
7501013122053,false,ג'ומקס מיץ אפרסק קרטונית ליטר תריסר,חומקס קומר קומרסאליזדורה,,ג'ומקס מיץ אפרסק קרט,ליטרים,1.00,ליטר,false,,9.90,9.9000,true,1,146602
7501035042131,false,"טקילה קוארבו אספסיאל גולד 700 מ""ל",קאזה קוארבו,,טקילה קוארבו אספסיאל,מיליליטרים,700.00,"100 מ""ל",false,,89.90,0.1284,true,1,125730
7501064191398,false,שישיית בירה קורונה אקסטרא *355 מל,קריניציה ויטמינה אס,,בירה קורונה שישייה,יחידה,0.00,יחידה,false,,39.90,0.0000,true,1,145449
7509546057545,false,ליידי ספיד סטיק פרו 5 סטיק 45 גרם,קולגייט פלמוליב,,ליידי ספיד סטיק פרו,יחידה,0.00,יחידה,false,,19.90,0.0000,true,1,177259
7509546061672,false,דאודורנט סטיק אקסטרים אינטנס,ספיד סטיק Speed Stick,,ספיד סטיק אקסטרים סט,גרמים,70.00,100 גרם,false,,19.90,0.2843,true,1,192149
7509546063515,false,ליידי ספיד סטיק -סטיק פרו 5 ספריי 150 מל,קולגייט פלמוליב,,ליידי ספיד סטיק פרו,מיליליטרים,150.00,"100 מ""ל",false,,19.90,0.1327,true,1,192150
7509546666846,false,"משחת שיניים קולגייט טוטאל פחם 75 מ""ל",קולגייט פלמוליב,,קולגייט טוטאל משחת ש,יחידה,0.00,יחידה,false,,19.90,0.0000,true,1,174308
7509546678702,false,קולגייט משחת שיניים טוטל אנטי טרטר 100 מ,קולגייט-פלמוליב,,קולגייט משחת שיניים,מיליליטרים,100.00,"100 מ""ל",false,,17.90,0.1790,true,1,190571
7610100034084,false,מיונז טומי בשפורפרת 265 גרם,נסטלה שוויץ ס.א,,מיונז טומי 265 גרם,גרמים,265.00,100 גרם,false,,14.90,0.0562,true,1,123730
7610113000175,false,"רום בקרדי מוחיטו 700 מ""ל",בקרדי מרטיני,,"בקרדי מוחיטו 700 מ""ל",מיליליטרים,700.00,"100 מ""ל",false,,79.90,0.1141,true,1,133410
7610113011652,false,בריזר - משקה כוהלי מוגז בטעם תפוח,בקרדי בריזר Bacardi Breezer,,בקרדי בריזר תפוח 275,מיליליטרים,275.00,"100 מ""ל",false,,14.00,0.0509,true,1,155321
7610243004463,false,"דורגול - מרסס להסרת אבנית במקלחון 600 מ""ל",יעקבי- דורגול Durgol,,דורגול מסיר אבן מרסס,מיליליטרים,500.00,"100 מ""ל",false,,24.90,0.0498,true,1,42137
7610400010481,false,לינדט אקסלנס שוקולד חלב 100 גרם,לינדט ושפרונגלי קילשברג,,לינדט אקסלנס חלב 100,גרמים,100.00,100 גרם,false,,16.00,0.1600,true,1,42915
7610400068369,false,שוקולד חלב במילוי קרם אגוזים,לינדט ושפרונגלי,,לינדט לינדור עם אגוז,גרמים,100.00,100 גרם,false,,16.00,0.1600,true,1,42829
7610400074155,false,לינדט לינדור קוביות במילוי קרם שוקולד 60% מוצקי קקאו 100 גרם,לינדט ושפרונגלי קילשברג,,לינדט לינדור 60% 100,גרמים,100.00,100 גרם,false,,16.00,0.1600,true,1,42831
7610400075787,false,לינדט לה גרנד שוקולד חלב אגוז 150 גרם,לינדט ושפרונגלי קילשברג,,לינדט לה גרנד חלב עם,גרמים,150.00,100 גרם,false,,26.00,0.1733,true,1,42832
7610400086202,false,שוקולד מריר לה גרנד עם אוכמניות וחמוציות,לינדט Lindt,,לינדט לגרנד בלו קראנ,גרמים,150.00,100 גרם,false,,26.00,0.1733,true,1,127850
7610400091060,false,שוקולד מריר לינדט אקסלנס בתוספת תפוז ושקדים,לינדט ושפרונגלי קילש,,לינדט מריר אקסלנס תפ,גרמים,100.00,100 גרם,false,,16.00,0.1600,true,1,154407
7610700607046,false,סוכריות צמחים לימון ומנטה ללא תוספת סוכר,ריקולה Ricola,,ריקולה ללא ת. סוכר -,יחידה,0.00,יחידה,false,,14.90,0.0000,true,1,157445
7613030979647,false,דגני בוקר טריקס בטעם פירות נסטלה 480 ג',ג'נרל מילס סאן אדריא,,טריקס קדם עולם היורה,גרמים,480.00,100 גרם,false,,26.90,0.0560,true,1,133832
7613032045753,false,פיטנס - דגני בוקר שוקולד 375 גרם,נסטלה צרפת איטנקורט,,פיטנס שוקולד 375 גר,גרמים,375.00,100 גרם,false,,19.90,0.0531,true,1,41575
7613033548192,false,פיטנס - דגני בוקר שוקולד מריר 375 גרם,נסטלה צרפת איטנקורט,,פיטנס דגני בוקר שוקו,גרמים,375.00,100 גרם,false,,19.90,0.0531,true,1,42921
7613034146656,false,מזון לכלבים קטנים בטעם בקר פורינה ONE,נסטלה פורינה איטליה,,פורינה ONE כלב מיני,קילוגרמים,1.50,"ק""ג",false,,59.90,39.9333,true,1,147116
7613035622623,false,פיטנס - גרנולה שקדים ודבש 300 גרם,נסטלה פולין דגני בוק,,פיטנס גרנולה שקדים ו,גרמים,300.00,100 גרם,false,,16.90,0.0563,true,1,113147
7613035635845,false,פיטנס גרנולה שוקולד 14*300 גרם,שוורצקוף& הנקל דיסלד,,פיטנס גרנולה שוקולד,גרמים,300.00,100 גרם,false,,16.90,0.0563,true,1,113148
7613035807778,false,פרפקטו רוטב עגבניות לבולונז אסם 400 גרם,אסם פרפקטו Perfecto,,פרפקטו רוטב עגבניות,גרמים,400.00,100 גרם,false,,10.90,0.0273,true,1,116526
7613035809109,false,פרפקטו רוטב עגבניות ובזיליקום אסם 400 גרם,אסם פרפקטו Perfecto,,פרפקטו רוטב עגבניות,גרמים,400.00,100 גרם,false,,10.90,0.0273,true,1,116527
7613035809123,false,פרפקטו רוטב עגבניות עם פלפלים אסם 400 גרם,אסם פרפקטו Perfecto,,פרפקטו רוטב עגבניות,גרמים,400.00,100 גרם,false,,10.90,0.0273,true,1,116528
7613035809857,false,פרפקטו רוטב עגבניות לפסטה ולבישול אסם 400 גרם,אסם פרפקטו Perfecto,,פרפקטו רוטב עגבניות,גרמים,400.00,100 גרם,false,,10.90,0.0273,true,1,116529
7613036105545,false,"דוגלי גזע קטן 4*3 קילו ""אסם""",נסטלה פורינה באק הונ,,"דוגלי גזע קטן 3 ק""ג",קילוגרמים,3.00,"ק""ג",false,,59.90,19.9667,true,1,127383
7613036105576,false,דוגלי עוף לכלבים בוגרים,נסטלה פורינה באק הונ,,"דוגלי בוגר עוף 3 ק""ג",קילוגרמים,3.00,"ק""ג",false,,54.90,18.3000,true,1,127384
7613036251389,false,"דוגלי בקר לכלבים פעילים 12 ק""ג",נסטלה פורינה באק הונ,,"דוגלי אקטיב 12 ק""ג",קילוגרמים,12.00,"ק""ג",false,,139.90,11.6583,true,1,130436
7613036387798,false,פיטנס Fitness דגנים מלאים עם ציפוי בטעם יוגורט,נסטלה צרפת איטנקורט,,פיטנס יוגורט 350 גרם,גרמים,355.00,100 גרם,false,,19.90,0.0561,true,1,140887
7613036520492,false,פרפקטו רוטב עגבניות לפיצה אסם 400 גרם,אסם פרפקטו Perfecto,,פרפקטו רוטב עגבניות,גרמים,400.00,100 גרם,false,,10.90,0.0273,true,1,132477
7613036976732,false,פריסקיז - פאוץ סולומון 85 גרם,נסטלה פורינה,,פריסקיז פאוצ' סלמון,יחידה,0.00,יחידה,false,,5.50,0.0000,true,1,162496
7613037012095,false,פיטנס סופר גרנולה שוקולד קינואה ושקדים 300 גרם,NESTLE WATERS,,פיטנס סופר גרנולה שו,גרמים,300.00,100 גרם,false,,16.90,0.0563,true,1,142725
7613037686906,false,פיטנס שקדים ודבש 355 גרם מופחת סוכר,נסטלה צרפת איטנקורט,,פיטנס שקדים ודבש 355,גרמים,355.00,100 גרם,false,,19.90,0.0561,true,1,148095
7613038451954,false,דגני בוקר קראנץ' שוקולד במתיקות מעודנת,נסטלה צרפת איטנקורט,,קראנץ שוקולד מופחת ס,גרמים,410.00,100 גרם,false,,21.90,0.0534,true,1,149796
7613039770450,false,טבעול סנסשיונל בורגר צמחוני 226 גרם,ג'נרל מילס סאן אדריא,,טבעול סנסשיונל בורגר,גרמים,226.00,100 גרם,false,,29.90,0.1323,true,1,160905
7613039879382,false,גרבר - מחית תפוחי עץ 190 גרם,נסטלה פולסקה אס.איי,,גרבר מחית תפוחי עץ 1,יחידה,0.00,יחידה,false,,5.90,0.0000,true,1,166871
7613287121783,false,חטיף סמרטיס מיני מאר,נסטלה גרמניה,,סמארטיס מיני 187 גרם,גרמים,187.00,100 גרם,false,,14.90,0.0797,true,1,174851
7613287155832,false,גרבר מחית תפוחי עץ 90 גרם פאוץ,"מפעל סברס, נסטלה ספרד ס.",,מחית גרבר תפוח פאוץ,יחידה,0.00,יחידה,false,,5.90,0.0000,true,1,170782
7613287155863,false,גרבר - מחית אגס פאוץ 90 גרם,"מפעל סברס, נסטלה ספרד ס.",,מחית גרבר אגס פאוץ 9,יחידה,0.00,יחידה,false,,5.90,0.0000,true,1,170560
7613287162281,false,קפסולות קפה אספרסו גרנדה אינטנסו דולצ'ה גוסטו 144 ג',נסטלה אנגליה,,נסקפה דולצה גוסטו גר,גרמים,144.00,100 גרם,false,,27.90,0.1937,true,1,174822
7613287181411,false,ויטמינציק מחית סלט פירות 110 גרם,"טרופיקל דגיל בע""מ אז",,ויטמינצ'יק סלט פירו,יחידה,0.00,יחידה,false,,6.50,0.0000,true,1,178680
7613287182326,false,ויטמינציק מחית בננה תפוח 110 גרם,"נסטלה ספרד ס.א, מפעל",,ויטמינצ'יק בננה תפוח,יחידה,0.00,יחידה,false,,6.50,0.0000,true,1,178679
7613287182425,false,ויטמינציק מחית תפוח בננה ותות 110 גרם,"טרופיקל דגיל בע""מ אז",,ויטמינצ'יק תפוח בננה,יחידה,0.00,יחידה,false,,6.50,0.0000,true,1,178682
7613287186928,false,סטארבקס קפסולות קפה ברקפסט רוסט 10יח,נסטלה שוויץ - קפה,,סטארבקס קפסולות ברקפ,יחידה,0.00,יחידה,false,,21.90,0.0000,true,1,178674
7613287325808,false,אוסם - דיפ אנד ספרד מטבל איולי שום 295 גרם,נסטלה פולין,,אסם רוטב איולי שום ל,גרמים,295.00,100 גרם,false,,14.90,0.0505,true,1,186064
7613287325952,false,אוסם - דיפ אנד ספרד מטבל ברבקיו 345 גרם,דפטונה פולין,,אסם רוטב רביקיו לחיץ,גרמים,345.00,100 גרם,false,,14.90,0.0432,true,1,186070
7613287476494,false,אוסם - דיפ אנד ספרד מיונז בסגנון צרפתי 280 גרם,נסטלה פולין,,אסם מיונז לחיץ 280 ג,גרמים,280.00,100 גרם,false,,14.90,0.0532,true,1,186067
7613287476678,false,דגני בוקר סינימיניס צ'ורוס נסטלה 360 ג',נסטלה אוונקה,,סינימיניס צ'ורוס 360,גרמים,360.00,100 גרם,false,,26.90,0.0747,true,1,178669
7613287821348,false,נתחוני עוף טבעוני סנסשיונל טבעול 350 גרם,ג'נרל מילס סאן אדריא,,טבעול נתחוני עוף טבע,גרמים,350.00,100 גרם,false,,29.90,0.0854,true,1,178673
7613287855640,false,סטארבקס קפסולות קפה גוואטמלה 10 יחידות,נסטלה שוויץ - קפה,,סטארבקס קפסולות גווא,יחידה,0.00,יחידה,false,,21.90,0.0000,true,1,190429
7616500553460,false,שוקולד פריי מהודר מריר תפוז 100 ג',צוקולאט פריי אייץגיץ,,פריי שוק.מריר תפוז 1,גרמים,100.00,100 גרם,false,,7.90,0.0790,true,1,41879
7622010001858,false,עוגיות אוראו ממולאות קרם וניל 176 גרם.,פי אר ג'\יי אס אי מנדלז,,אוראו ממולאות קרם ונ,גרמים,176.00,100 גרם,false,,9.90,0.0563,true,1,111349
7622201050757,false,שוקולד מילקה טבלת חלב עם קרמל 100 ג',מילקה Milka,,מילקה קרמל 100 גר,גרמים,100.00,100 גרם,false,,8.00,0.0800,true,1,51945
7622201127206,false,מילקה ממרח אגוזי לוז 350 ג',"נטרה מלה אנ.וי,",,ממרח שוקולד מילקה 35,גרמים,350.00,100 גרם,false,,19.90,0.0569,true,1,175491
7622201137052,false,אוראו מיני קוקיס - עוגיות שוקולד צ'יפס ותחתית מצופה שוקולד חלב,מונדלז אספנה גלטאס פ,,מילקה מיני קוקיז 110,גרמים,110.00,100 גרם,false,,10.90,0.0991,true,1,172174
7622201401900,false,עוגיות סנסיישן אוראו מילקה 156 גרם,מונדלז פולסקה פרודקש,,עוגיות מילקה סנשיין,גרמים,150.00,100 גרם,false,,11.90,0.0793,true,1,163252
7622201502515,false,עוגיות מילקה קוקי לופ שוקולד צ'יפס,גיורי קייקס קייאפטי,,מילקה קוקי לופ 132גר,גרמים,132.00,100 גרם,false,,11.90,0.0902,true,1,178201
7622201801809,false,מילקה שוקולד חלב עם אגוזים 100 גרם חדש,מנדלז דויצ'\לנד סנקס פרו,,מילקה שוק.חלב עם אגו,גרמים,100.00,100 גרם,false,,8.00,0.0800,true,1,176923
7622201802394,false,שוקולד מילקה חלב מסרונים 100 גרם,מנדלז דויצ'\לנד סנקס פרו,,מילקה שוק.חלב 100 גר,גרמים,100.00,100 גרם,false,,8.00,0.0800,true,1,176921
7622201808631,false,אוראו מיני עוגיות ממולאות קרם וניל 67גרם,פי.טי. מונדלז אינדונ,,אוראו מיני כוסות בטע,יחידה,0.00,יחידה,false,,8.90,0.0000,true,1,176925
7622201813390,false,וופל במילוי קרם קקאו בציפוי שוקולד חלב,מונדליז סי.אר. ביסקוויט,,מילקה ואפל במילוי קר,גרמים,150.00,100 גרם,false,,11.90,0.0793,true,1,175578
7622201819170,false,שוקולד מילקה דרק שקדים 85 גרם.,מונדלז דויטשלנד סנאק,,מילקה דרק 85 גרם,יחידה,0.00,יחידה,false,,7.90,0.0000,true,1,178202
7622201819552,false,מילקה דארק שוקולד 85 גרם חדש,מונדלז דויטשלנד סנאק,,מילקה דארק קרמל 85 ג,יחידה,0.00,יחידה,false,,7.90,0.0000,true,1,178471
7622210078131,false,שוקולד חלב עם שבבי קרמל מילקה דיים 100 גרם,מנדלז דויצ'\לנד סנקס פרו,,מילקה שוקולד חלב עם,גרמים,100.00,100 גרם,false,,8.00,0.0800,true,1,124814
7622210137234,false,עוגיות אוראו עם דאבל קרים וניל 170 גר,מונדלייז,,עוגיות אוראו עם דאבל,גרמים,170.00,100 גרם,false,,10.90,0.0641,true,1,115313
7622210163899,false,שוקולד חלב במילוי סוכריות עדשים,מונדלז דויצ'לנד סנקס,,מילקה שוקולד חלב עם,גרמים,100.00,100 גרם,false,,8.00,0.0800,true,1,133465
7622210240200,false,מילקה שוקולד חלב ועוגיות אוריאו 300 גרם,מונדליז,,מילקה אוראו 300 גרם,גרמים,300.00,100 גרם,false,,10.90,0.0363,true,1,145022
7622210453327,false,עוגיות שוקוצ'יפס במילוי שוקולד סנסיישן,מנדלז פולסקה פרודקשן,,מילקה סנסיישן 156 גר,גרמים,156.00,100 גרם,false,,11.90,0.0763,true,1,128537
7622210638021,false,מיני עוגיות אוראו קראנצ'י בייטס מצופים,מונדלז אספניה ג'לאטס,,אוראו ביס קראנ'צי בצ,יחידה,0.00,יחידה,false,,10.90,0.0000,true,1,163246
7622210640062,false,פלדלפיה שמנת למריחה עם פלפל חלפיניו ופלפל ירוק,מונדלייז,,פילדלפיה שמנת למריחה,גרמים,175.00,100 גרם,false,,16.90,0.0966,true,1,166368
7622210642295,false,אוראו עוגיות אורגינל,,,אוראו עוגיות אורגינל,גרמים,608.00,100 גרם,false,,19.90,0.0327,true,1,133173
7622210826053,false,שוקולד מילקה אוראו סנדוויץ 92 גר',גיאורי קאקסז קייאףטי,,שוקולד מילקה אוראו ס,גרמים,92.00,100 גרם,false,,8.00,0.0870,true,1,163253
7622210835338,false,אוראו עוגיות ממולאות טעם בראוניז 176 גרם,מנדלז אספנה גאלטס פר,,אוראו בראוניז 176 גר,גרמים,176.00,100 גרם,false,,9.90,0.0563,true,1,133467
7622300134532,false,שוקולד מילקה קרם חלב אגוזי לוז וקרמל 300,מונדליז,,מילקה טופי אגוזים 30,גרמים,300.00,100 גרם,false,,10.60,0.0353,true,1,172176
7622300200237,false,שוקולד מילקה שוקולד חלב 250 גרם,מונדליז אוסטרייך פרו,,מילקה שוק.חלב 250 גר,גרמים,250.00,100 גרם,false,,16.00,0.0640,true,1,49528
7622300270506,false,מילקה גריינס - עוגיות שיבולת שועל מצופות שוקולד 168 ג',מונדלז פולסקה פרודקש,,מילקה גריינס עוגיות,גרמים,168.00,100 גרם,false,,11.90,0.0708,true,1,51459
7622300340285,false,גבינת שמנת 22% שומן 175 ג' פילדלפיה,מונדלז דויצ'לנד פרוד,,פילדלפיה 22% שומן 17,גרמים,175.00,100 גרם,false,,16.90,0.0966,true,1,135249
7622300340292,false,גבינת שמנת 11% שומן 175 ג' פילדלפיה,מונדלז דויצ'לנד פרוד,,פילדלפיה מופחת שומן,גרמים,175.00,100 גרם,false,,16.90,0.0966,true,1,135250
7622300489427,false,עוגיות אוראו בציפוי בטעם שוקולד לבן 246 גרם,מנדלז אספנה גאלטס פר,,אוראו פאג שוקולד לבן,גרמים,246.00,100 גרם,false,,19.00,0.0772,true,1,132513
7622300489434,false,"עוגיות אוראו פאדג' בציפוי שוקולד חלב, 246 גרם",מנדלז אספנה גאלטס פר,,אוראו פאג שוקולד חלב,גרמים,246.00,100 גרם,false,,19.00,0.0772,true,1,132514
7622300495046,false,מילקה שוקולד חלב עם אקסטרה קקאו 100 גרם,מנדלז דויצ'\לנד סנקס פרו,,מילקה אקסטרה קקאו 30,גרמים,100.00,100 גרם,false,,8.00,0.0800,true,1,59764
7622300498429,false,שוקולד מילקה במילוי יוגורט תות 100 גרם,מנדלז דויצ'\לנד סנקס פרו,,מילקה שוקולד קרם תות,גרמים,100.00,100 גרם,false,,8.00,0.0800,true,1,51273
7622300503079,false,עוגיות ביסקוויט מצופה שוקולד חלב מילקה 200 גרם,מונדלז פולסקה פרודקש,,מילקה מוו - ביסקוויט,גרמים,200.00,100 גרם,false,,11.90,0.0595,true,1,51460
7622300617820,false,מילקה שוקולד חלב במילוי קרם חלב ווניל ושבבי עוגיות אוראו 100 גרם,מנדלז דויצ'\לנד סנקס פרו,,מילקה שוקולד אוראו 1,גרמים,100.00,100 גרם,false,,8.00,0.0800,true,1,59763
7622300756413,false,גבינת פילדלפיה 20% שומן עם תבלינים 175 ג',מונדלז דויצ'לנד פרוד,,פילדלפיה 20%שומן עם,גרמים,175.00,100 גרם,false,,16.90,0.0966,true,1,135251
7622400005190,false,שוקולד חלב נגיעות שוקולד לבן מילקה 100 ג,מנדלז דויצ'\לנד סנקס פרו,,מילקה שוקולד נגיעות,גרמים,100.00,100 גרם,false,,5.90,0.0590,true,1,98499
7630477891592,false,סטארבקס קפסולות קפה האוס בלנד 10 יחידות,נסטלה שוויץ - קפה,,סטארבקס קפסולות האוס,יחידה,0.00,יחידה,false,,21.90,0.0000,true,1,158102
7630477891615,false,סטארבקס קפסולות קפה סומטרה 10 יחידות,נסטלה שוויץ - קפה,,סטארבקס קפסולות סומט,יחידה,0.00,יחידה,false,,21.90,0.0000,true,1,158107
7630477891639,false,סטארבקס קפסולות קפה ורונה 10 יחידות,נסטלה שוויץ - קפה,,סטארבקס קפסולות ורונ,יחידה,0.00,יחידה,false,,21.90,0.0000,true,1,158108
7630477891653,false,סטארבקס קפסולות קפה אספרסו נטול 10 יחידו,נסטלה שוויץ - קפה,,סטארבקס קפסולות אספר,יחידה,0.00,יחידה,false,,21.90,0.0000,true,1,158103
7630477891677,false,סטארבקס קפסולות קפה פייק פלייס 10 יחידות,נסטלה שוויץ - קפה,,סטארבקס קפסולות פייק,יחידה,0.00,יחידה,false,,21.90,0.0000,true,1,158104
7630477891691,false,סטארבקס קפסולות קפה קולמביה 10 יחידות,נסטלה שוויץ - קפה,,סטארבקס קפסולות קולו,יחידה,0.00,יחידה,false,,21.90,0.0000,true,1,158109
7630477891714,false,סטארבקס קפסולות קפה אספרסו 10 יחידות,נסטלה שוויץ - קפה,,סטארבקס קפסולות אספר,יחידה,0.00,יחידה,false,,21.90,0.0000,true,1,158110
7630477891738,false,סטארבקס קפסולות קפה אספרסו בלונד 10 יחיד,נסטלה שוויץ - קפה,,סטארבקס קפסולות אספר,יחידה,0.00,יחידה,false,,21.90,0.0000,true,1,158111
7638900083071,false,סוללות אנרג'ייזר זוג,אנרג'ייזר,,סוללות אנרג'ייזר זוג,יחידה,0.00,יחידה,false,,12.90,0.0000,true,1,144978
7640171190587,false,"יגואר פרייב אדט 100 מ""ל",,,יגואר פרייב א.ד.ט 10,מיליליטרים,100.00,"100 מ""ל",false,,69.90,0.6990,true,1,181396
7702018462032,false,סכיני גילוח גילט מאך 3 רביעייה,פרוקטור אנד גמבל,,גילט מאך 3 רביעיות,יחידה,0.00,יחידה,false,,29.90,0.0000,true,1,155372
7702018471423,false,גילט פיוזן סטארט סכיני גילוח 4יח,פרןקטר אנד גמבל ברלי,,גילט פיוזן רביעיות,יחידה,0.00,יחידה,false,,44.90,0.0000,true,1,155373
7702018514472,false,גילט מאך 3 טורבו מכשיר גילוח,פרוקטר אנד גמבל,,מכשיר מאך 3 טורבו,יחידה,0.00,יחידה,false,,39.90,0.0000,true,1,178073
7702018607518,false,גילט מארז פיוזן מכשיר+סכיני גילוח שישייה,דיפלומט,,מארז גילט פיוזן + 6,יחידה,0.00,יחידה,false,,119.90,0.0000,true,1,192472
7702018610280,false,גילט מארז פרוגלייד מכשיר+4 סכינים,פרוקטר אנד גמבל,,ג'ילט פרוגלייד ידית,יחידה,0.00,יחידה,false,,119.90,0.0000,true,1,192244
7702018610303,false,גילט מארז סקינגארד אלוורה מכשיר+4 סכין,פרוקטר אנד גמבל,,סקינגארד אלוורה מארז,יחידה,0.00,יחידה,false,,119.90,0.0000,true,1,192243
7702018980819,false,"גילט ג'ל גילוח 200 מ""ל- רגיש",,,גילט גל גילוח סנסיט,מיליליטרים,200.00,"100 מ""ל",false,,16.90,0.0845,true,1,147476
7702018980826,false,"גילט ג'ל גילוח טורקיז 200 מ""ל- להגנה",ג'ילט,,ג'ילט ג'ל גלוח טורקי,יחידה,0.00,יחידה,false,,16.90,0.0000,true,1,176321
7702018980925,false,"קצף גילוח לעור רגיל 200 מ""ל ג'ילט",קימברלי,,ג'ילט קצף גילוח לעור,יחידה,0.00,יחידה,false,,9.90,0.0000,true,1,145923
7702018980932,false,"קצף גילוח לעור רגיש 200 מ""ל ג'ילט",קימברלי,,ג'ילט קצף גילוח לעור,יחידה,0.00,יחידה,false,,9.90,0.0000,true,1,145924
7702024074625,false,פיטנס - חטיפי קרקר חיטה מלאה 234 גרם,קומסטיבלס לה רוזה אס.איי,,פיטנס חטיפי קרקר חיט,גרמים,234.00,100 גרם,false,,12.90,0.0551,true,1,135259
7702024258322,false,"חטיפי קרקר עם חיטה מלאה, צ'יה וזרעי פשתן פיטנס",נסטלה Nestle,,פיטנס חטיפי קרקר צ'י,גרמים,269.00,100 גרם,false,,12.90,0.0480,true,1,162545
7702174066631,false,לקקן יוגטה פין פופ במילוי מסטיק 170 גר,קומסטיבלס לה רוזה אס.איי,,יוגטה פין פופ לקקן 1,גרמים,180.00,100 גרם,false,,7.90,0.0439,true,1,42932
7702174068826,false,יוגטה מבחר סוכריות לקקן קשות ממולאות טופי בטעמי יוגורט ופירות 204 גרם,הדקלאים אגודת שיתופי,,יוגטה לקקן חדש 12יח,גרמים,216.00,100 גרם,false,,8.90,0.0412,true,1,58804
7702174068833,false,יוגטה סוכריות קשות על מקל ממולאות טופי בטעמי גלידת פירות 12 יח' 204 גרם,הדקלאים אגודת שיתופי,,יוגטה טעם גלידה בשקי,גרמים,216.00,100 גרם,false,,7.90,0.0366,true,1,57559
7702174070201,false,יוגטה לקקן בטעם מסטיק ממולא טופי בטעם תות 12 יח' 204 גרם,הדקלאים אגודת שיתופי,,יוגטה לקקן מג'יק 12י,גרמים,216.00,100 גרם,false,,8.90,0.0412,true,1,60437
7702174073783,false,סוכריות על מקל בטעם קולה במילוי גומי לעיסה,הדקלאים אגודת שיתופי,,לקקן פין פופ קולה 18,גרמים,180.00,100 גרם,false,,7.90,0.0439,true,1,107002
7702174073844,false,לקקן יוגטה פין פופ פירות 48 יח 672 גרם,הדקלאים אגודת שיתופי,,לקקן פין פופ פירות 4,יחידה,0.00,יחידה,false,,19.90,0.0000,true,1,107003
7794450008060,false,קטאנה זאפאטה אלאמוס,ארגנטינה בודגה קטנה,,קטאנה זאפאטה אלאמוס,יחידה,750.00,יחידה,false,,43.90,0.0585,true,1,75502
7794450008084,false,יין אלאמוס מאלבק 750,ארגנטינה בודגה קטנה,,יין אלאמוס מאלבק,מיליליטרים,750.00,"100 מ""ל",false,,43.90,0.0585,true,1,75500
7794450088703,false,יין אלאמוס סירה 750,ארגנטינה בודגה קטנה,,יין אלאמוס סירא,מיליליטרים,750.00,"100 מ""ל",false,,43.90,0.0585,true,1,75503
7794450091338,false,יין אלאמוס מלבק סלקס,ארגנטינה בודגה קטנה,,יין אלאמוס מאלבק סלק,מיליליטרים,750.00,"100 מ""ל",false,,59.90,0.0799,true,1,139379
7798304600042,false,אוכמניות טריות 125 ג,מרינה,,אוכמניות טריות 125 ג,גרמים,125.00,100 גרם,false,,21.90,0.1752,true,1,160630
7804320135854,false,יין טורו פרונטרה קרמ,קונצה אי טורו,,קונצ'ה אי טורו פרונ,יחידה,0.00,יחידה,false,,39.90,0.0000,true,1,115388
7804320559001,false,יין פרונטרה קברנה סו,קונצ'ה אי טורו,,קונצ'ה אי טורו פרונ,יחידה,0.00,יחידה,false,,39.90,0.0000,true,1,115391
7804320706009,false,יין פרונטרה מרלו 750,קונצ'ה אי טורו,,קונצ'ה אי טורו פרונ,יחידה,0.00,יחידה,false,,39.90,0.0000,true,1,115393
7804338000021,false,יין אדום יבש טרדיסון רזרב ק.סובינון 750,וינה לוס בולדוס,,לוס בולדוס טרדיסיון,מיליליטרים,750.00,"100 מ""ל",false,,59.90,0.0799,true,1,191416
7804338000502,false,לוס בולדוס רזרבה סנא,,,לוס בולדוס רזרבה סנא,מיליליטרים,750.00,"100 מ""ל",false,,39.90,0.0532,true,1,191418
7804338000625,false,"יין אדום יבש טרדיסון רזרב קרמנאר 750 מ""ל",,,לוס בולדוס טרדיסיון,מיליליטרים,750.00,"100 מ""ל",false,,59.90,0.0799,true,1,191419
7804414000860,false,יין דון חוליו קברנה סוביניון,צ'ילה לואיס פיליפה אדוארדס,,דון חוליו קברנה סובנ,יחידה,750.00,יחידה,false,,31.90,0.0425,true,1,75529
7804414000877,false,"יין דון חוליו מרלו 750 מ""ל",צ'ילה לואיס פיליפה אדוארדס,,יין דון חוליו מרלו,יחידה,750.00,יחידה,false,,31.90,0.0425,true,1,75527
7804414000884,false,"דון חוליו שרדונה 750 מ""ל",צ'ילה לואיס פיליפה אדוארדס,,דון חוליו שרדונה 750,יחידה,750.00,יחידה,false,,31.90,0.0425,true,1,75525
7804414001614,false,"דון חוליו שיראז 750 מ""ל",צ'ילה לואיס פיליפה אדוארדס,,דון חוליו שיראז 750,יחידה,750.00,יחידה,false,,31.90,0.0425,true,1,75531
7804414012344,false,דון חוליו סוביניון בלאן,צ'ילה לואיס פיליפה א,,דון חוליו סוביניון ב,מיליליטרים,750.00,"100 מ""ל",false,,31.90,0.0425,true,1,145575
7804414012351,false,דון חוליו מלבק יין א,צ'ילה לואיס פיליפה א,,דון חוליו מלבק,מיליליטרים,750.00,"100 מ""ל",false,,31.90,0.0425,true,1,122319
7840009011507,false,גרבה מתה 500 גרם,,,גרבה מתה 500 גרם,גרמים,500.00,100 גרם,false,,14.90,0.0298,true,1,107494
7891024030974,false,"קולגייט משחת שיניים טריפל אקשן 75 מ""ל",הנסיך- מפעל לייצור ט,,קולגייט משחת טריפל א,יחידה,0.00,יחידה,false,,6.90,0.0000,true,1,153864
7891024124826,false,"משחת שיניים אופטיק ווייט קולגייט 75 מ""ל",הנסיך- מפעל לייצור ט,,משחת שיניים קולגייט,יחידה,0.00,יחידה,false,,19.90,0.0000,true,1,60798
7891024128824,false,"משחת שיניים קולגיט טריפל אקשן 100 מ""ל",קולגייט-פלמוליב,,קולגייט טריפל אקשן 1,גרמים,100.00,100 גרם,false,,7.90,0.0790,true,1,150808
7891024179482,false,"שטיפת פה קולגייט אופטיק וייט 500מ""ל",יבואן ומשווק: ש. שסט,,קולגייט מי פה אופטיק,מיליליטרים,500.00,"100 מ""ל",false,,29.90,0.0598,true,1,62410
7898542023976,false,בשר אקסטרא 340 גרם,,,בשר אקסטרא 340 גרם,גרמים,340.00,100 גרם,false,,14.90,0.0438,true,1,184153
8000040001106,false,קמפרי ביטר אפרטיף 700מל,דויד קמפרי,,"ליקר קמפרי 700מ""ל",מיליליטרים,700.00,"100 מ""ל",false,,99.90,0.1427,true,1,72218
8000215204219,false,ויטאריז משקה אורז אורגני 1 ליטר,בטר אנד דיפרנט,,ויטאריז משקה אורז או,יחידה,0.00,יחידה,false,,16.90,0.0000,true,1,69376
8000215204240,false,ויטאריז משקה שקדים ואורז אורגני 1 ליטר,בטר אנד דיפרנט,,ויטאריז משקה שקדים ו,יחידה,0.00,יחידה,false,,16.90,0.0000,true,1,69422
8000215204264,false,ויטריז - משקה אורז אישי אישי 200 גר,בטר אנד דיפרנט,,ויטאריז משקה אורז אי,יחידה,0.00,יחידה,false,,3.90,0.0000,true,1,131024
8000215204271,false,ויטריז - משקה שקדים ואורז אישי 200 גר,"נטורפוד בע""מ",,ויטאריז משקה שקדים ו,יחידה,0.00,יחידה,false,,3.90,0.0000,true,1,131025
8000215204394,false,"משקה אורז אורגני אגוז לוז ""נטורפוד""",בטר אנד דיפרנט,,ויטאריז משקה אגוזי ל,יחידה,0.00,יחידה,false,,19.90,0.0000,true,1,74947
8000215204554,false,ויטאריז משקה אורז קוקוס אורגני 1 ליטר,אלינור,,ויטאריז משקה אורז קו,יחידה,0.00,יחידה,false,,16.90,0.0000,true,1,131028
8000215204714,false,משקה שיבולת שועל אורגני 1 ליטר PRIMAVENA,בטר אנד דיפרנט,,פרימוונה משקה שיבולת,יחידה,0.00,יחידה,false,,16.90,0.0000,true,1,69378
8000380003723,false,וופל אגוזים בציפוי שוקולד לואקר 100 גרם,קריניציה ויטמינה אס,,גרנד פטיסרי אגוז 100,יחידה,0.00,יחידה,false,,12.90,0.0000,true,1,42884
8000380003754,false,וופל גראן פטיסרי Gran Pasticceria קפוצ'ינו,"כד בני דרום בע""מ",,לואקר גרנד פטיסרי קפ,גרמים,100.00,100 גרם,false,,12.90,0.1290,true,1,123934
8000380003761,false,וופל גרנד פטיסרי שוקולד וקוקוס לואקר 100 גרם,קריניציה ויטמינה אס,,גרנד פטיסרי קוקוס 10,גרמים,100.00,100 גרם,false,,12.90,0.1290,true,1,43344
8000380004669,false,וופל לואקר סנדוויץ קוביות ושוקולד 200ג',"א. לואקר, קונפקט ג'י",,לואקר וופל סנדוויץ',גרמים,200.00,100 גרם,false,,12.90,0.0645,true,1,42188
8000380004676,false,קוביות וופל סנדוויץ Sandwich עם וניל וחלב,"א. לואקר, קונפקט ג'י",,לואקר וופל סנדוויץ',גרמים,200.00,100 גרם,false,,12.90,0.0645,true,1,41707
8000380004911,false,קוביות וופל קואדרטיני Quadratini קרם אגוזים,קריניציה ויטמינה אס,,קואדרטיני אגוז 250 ג,גרמים,250.00,100 גרם,false,,13.90,0.0556,true,1,42189
8000380004966,false,וופל קוארדטיני לואקר קוביות שוקולד 250ג',קריניציה ויטמינה אס,,קואדרטיני שוקולד 250,גרמים,250.00,100 גרם,false,,13.90,0.0556,true,1,42190
8000380005598,false,מארז וופל שוקולד טורטינה Tortina שוקולד מריר,א. לואקר אס. פי. אי-אי.,,טורטינה מריר 125 גרם,גרמים,125.00,100 גרם,false,,16.90,0.1352,true,1,41709
8000380007219,false,וופלים בטעם אגוזים לואקר 175 גרם,ליימן מותגים,,לואקר קלאסיק אגוז 17,גרמים,175.00,100 גרם,false,,11.90,0.0680,true,1,43345
8000380007257,false,וופל גרדנה אגוזים לואקר 200 גרם,קריניציה ויטמינה אס,,גרדנה אגוז 200 גרם,גרמים,200.00,100 גרם,false,,13.90,0.0695,true,1,41710
8000380007264,false,וופלים בטעם קקאו לואקר 175 גרם,קריניציה ויטמינה אס,,לואקר קלאסיק שוקולד,גרמים,175.00,100 גרם,false,,11.90,0.0680,true,1,42161
8000380106028,false,טורטינה לואקר וופל שוקולד ואגוזים שישיה 125ג',קריניציה ויטמינה אס,,טורטינה חלב 125 גרם,גרמים,125.00,100 גרם,false,,16.90,0.1352,true,1,42887
8000380142484,false,קוביות וופל קואדרטיני Quadratini בטעם שוקולד מריר,"אינסטנטה בע""מ",,קואדרטיני שוקולד מרי,גרמים,250.00,100 גרם,false,,13.90,0.0556,true,1,41897
8000380144044,false,גרדנה וופל מצופה שוקולד חלב לואקר 200 גרם,"א. לואקר , AG/SpA, ו",,גרדנה שוקולד 200 גרם,גרמים,200.00,100 גרם,false,,13.90,0.0695,true,1,41711
8000380148035,false,וופל אגוזי לוג שוקולד מריר גראן פטיסרי Gran Pasticceria,קריניציה ויטמינה אס,,גרנד פטיסרי מריר אגו,גרמים,100.00,100 גרם,false,,12.90,0.1290,true,1,90292
8000380152704,false,מארז חטיפי אצבעות גרדנה אגוז לואקר 125 גרם,"אינסטנטה בע""מ",,גרדנה אצבעות אגוז 12,גרמים,125.00,100 גרם,false,,15.00,0.1200,true,1,57330
8000380152728,false,מארז חטיפי אצבעות גרנדה שוקולד 125 גרם,"אינסטנטה בע""מ",,גרדנה אצבעות שוקולד,גרמים,125.00,100 גרם,false,,15.00,0.1200,true,1,56647
8000380153534,false,מארז וופל שוקולד טורטינה Tortina שוקולד לבן,א. לואקר אס. פי. אי-אי.,,טורטינה לבן 125 גרם,גרמים,125.00,100 גרם,false,,16.90,0.1352,true,1,67917
8000380156573,false,לואקר בונבוניירה ורד הדולמיטים 150 גרם,קריניציה ויטמינה אס,,לואקר ורד הדולומיטים,גרמים,150.00,100 גרם,false,,23.90,0.1593,true,1,77758
8000380156825,false,שוקולד חלב במילוי קרם חלב וופל לואקר 87 גרם,ליימן מותגים,,לואקר שוק.חלב במילוי,יחידה,0.00,יחידה,false,,7.90,0.0000,true,1,188018
8000380156856,false,שוקולד לבן במילוי קרם חלב וופל לואקר 87 גרם,ליימן מותגים,,לואקר שוק. לבן במילו,יחידה,0.00,יחידה,false,,7.90,0.0000,true,1,188020
8000380157570,false,וופלים לואקר קלאסיק אגוז 262.5 גר,ליימן מותגים,,לואקר קלאסי 50%+ 175,גרמים,262.50,100 גרם,false,,12.90,0.0491,true,1,113703
8000380157587,false,וופלים לואקר קלאסיק קקאו 262.5 גר,ליימן מותגים,,לואקר וופל שוקולד50%,גרמים,262.50,100 גרם,false,,12.90,0.0491,true,1,113704
8000380158546,false,פרלינים וופל ושוקולד מריר לואקיני Loackini,"כד בני דרום בע""מ",,לואקיני שוקולד מריר,גרמים,100.00,100 גרם,false,,14.90,0.1490,true,1,129065
8000380180721,false,לואקר וופל קקאו במילוי קרם חלבי 175 גר,קריניציה ויטמינה אס,,לואקר קלאסיק שוקו חל,גרמים,175.00,100 גרם,false,,11.90,0.0680,true,1,111420
8000380180745,false,וופל קוביות קקאו במילוי קרם חלב לואקר 250 גרם,"א. לואקר, קונפקט ג'י",,לואקר קואדרטיני שוקו,גרמים,250.00,100 גרם,false,,13.90,0.0556,true,1,111421
8000380180837,false,וופל גרנד פטיסרי קוקוס לבן מצופה שוקולד לבן לואקר 100 גרם,"אינסטנטה בע""מ",,גרנד פטיסרי במילוי ק,יחידה,0.00,יחידה,false,,12.90,0.0000,true,1,116495
8000380180943,false,בונ. לואקר ורד דולומיטים בטעמים 300 גרם,ליימן מותגים,,דולומיטים מגוון טעמי,גרמים,300.00,100 גרם,false,,44.90,0.1497,true,1,115124
8000380181032,false,"לואקר גרדנה חטיפי אצבעות אגוזים ושוקולד לבן, 125 גרם","אינסטנטה בע""מ",,לואקר גרדנה אצבעות ש,גרמים,125.00,100 גרם,false,,15.00,0.1200,true,1,116496
8000380184644,false,לואקר מיניס טעמים שונים 150 גרם,ליימן מותגים,,לואקר מיניס טעמים שו,גרמים,150.00,100 גרם,false,,13.90,0.0927,true,1,144290
8000380187249,false,עוגיות עם מילוי קרם שקדים ושוקולד חלב,לואקר Loacker,,עוגיות שקדים 100 גרם,יחידה,0.00,יחידה,false,,14.90,0.0000,true,1,161664
8000380189281,false,מארז מיני מיקס לואקר בשקית 210 גרם,ליימן מותגים,,מארז מיני מיקס לואקר,גרמים,210.00,100 גרם,false,,22.90,0.1090,true,1,133500
8000380192151,false,טורטינה טריפל שוקולד מריר 125 גר לואקר,א. לואקר אס. פי. אי-אי.,,טורטינה טריפל שוקולד,גרמים,125.00,100 גרם,false,,16.90,0.1352,true,1,147488
8000380192588,false,וופלים קואדרטיני דאבל שוקולד לואקר 250 גרם,קריניציה ויטמינה אס,,קואדרטיני דאבל שוקול,גרמים,250.00,100 גרם,false,,13.90,0.0556,true,1,143991
8000380201396,false,שוקולד חלב ממולא קרם קרמל ועלי וופל פריכ,ליימן מותגים,,טורטינה קרמל 125 גרם,גרמים,125.00,100 גרם,false,,16.90,0.1352,true,1,170836
8000380201525,false,שישייה גרנד פטיסרי אגוזי לוז,ליימן מותגים,,פטיסרי בטעם אגוזי לו,גרמים,126.00,100 גרם,false,,16.90,0.1341,true,1,178807
8000380201549,false,מארז שישיית גרנד פטיסרי קוקוס 126 גרם,ליימן מותגים,,פטיסרי בטעם קוקוס 12,גרמים,126.00,100 גרם,false,,16.90,0.1341,true,1,178808
8000380205400,false,וופלים קואדרטיני חמאת בוטנים לואקר 250 גרם,ליימן מותגים,,קואדרטיני חמאת בוטני,גרמים,250.00,100 גרם,false,,13.90,0.0556,true,1,187968
8000380205523,false,וופלים בטעם חמאת בוטנים לואקר 175 גרם,ליימן מותגים,,לואקר קלאסיק חמאת בו,גרמים,175.00,100 גרם,false,,11.90,0.0680,true,1,187970
8000380206896,false,וופל גרדנה חמאת בוטנים לואקר 200 גרם,ליימן מותגים,,גרדנה חמאת בוטנים 20,גרמים,200.00,100 גרם,false,,13.90,0.0695,true,1,187969
8000380207183,false,שוקולד לואקר טורטינה חמאת בוטנים 126 גר,ליימן מותגים,,טורטינה חמאת בוטנים,גרמים,125.00,100 גרם,false,,16.90,0.1352,true,1,187971
8000500009673,false,בונבוניירת פררו רושה 300 גרם,פררו - אלבה,,רושר בונבוניירה 300,גרמים,300.00,100 גרם,false,,45.90,0.1530,true,1,42889
8000500023624,false,חטיפי הפי היפו Happy Hippo במילוי קרם חלב וקקאו,פררו - אלבה,,הפי היפו 5*20 גרם,יחידה,0.00,יחידה,false,,13.00,0.0000,true,1,56660
8000500023976,false,בונבוניירת רפאלו פררו 150 גרם,פררו - אלבה,,בונבוניירת רפאלו 150,גרמים,150.00,100 גרם,false,,16.00,0.1067,true,1,44283
8000500026731,false,שוקולד ביצי הפתעה קינדר שלישייה,פררו אס.פי.אי,,קינדר ביצי שוקולד 3*,יחידה,3.00,יחידה,false,,15.00,5.0000,true,1,103896
8000500029350,false,מארז וופל מצופה 3יח' *43 גרם קינדר בואנו,פררו - אלבה,,קינדר בואנו 3*43 גרם,גרמים,129.00,100 גרם,false,,11.90,0.0922,true,1,56661
8000500037874,false,בונבונרייה פררו רושר 200 גרם,פררו - אלבה,,בונבוניירת רושר 200,גרמים,200.00,100 גרם,false,,24.90,0.1245,true,1,42938
8000500071083,false,אצבעות שוקולד קינדר Kinder שש עשרה יחידות,פררו - אלבה,,קינדר אצבעות שוקולד,גרמים,200.00,100 גרם,false,,12.90,0.0645,true,1,42891
8000500121436,false,מארז קינדר בואנו Kinder Bueno לבן שלוש יחידות,פררו - אלבה,,קינדר בואנו לבן 3*43,גרמים,129.00,100 גרם,false,,11.90,0.0922,true,1,56663
8000500167656,false,קינדר שוקולד עם דגנים סיריאל 94 ג',פררו,,קינדר קאונטרי רביעיו,יחידה,0.00,יחידה,false,,8.90,0.0000,true,1,149114
8000500217740,false,קינדר בואנו מיני 86 גרם,פררו,,מארז מיני בואנו 86.4,יחידה,0.00,יחידה,false,,10.90,0.0000,true,1,149113
8000500227848,false,נוטלה - בי רדי אצבעות ביסקוויט במילוי שוקולד 6 יח' * 22 גרם,פררו,,נוטלה בי רדי שישיה,יחידה,0.00,יחידה,false,,10.90,0.0000,true,1,139091
8000500249352,false,קינדר בואנו מיני מיקס שקית 205 ג',פררו - אלבה,,קינדר בואנו מיני מיק,יחידה,0.00,יחידה,false,,19.90,0.0000,true,1,126727
8000500256213,false,קינדר שוקולד מיני בשקית.,פררו - אלבה,,קינדר מיני שוקולד בש,גרמים,120.00,100 גרם,false,,9.90,0.0825,true,1,140978
8000500267103,false,קינדר דליס עוגת ספוג קקאו במילוי חלבי*10,קינדר Kinder,,קינדר דליס 10*42 גרם,גרמים,420.00,100 גרם,false,,19.90,0.0474,true,1,125230
8000500269169,false,קינדר קארדס Kinder Cards - חמישייה,קריות זול,,קינדר קארדס מארז חמי,גרמים,128.00,100 גרם,false,,13.90,0.1086,true,1,191324
8000500386941,false,"ממרח קקאו עם אגוזי לוז, 900 גרם",קדבורי,,ממרח נוטלה 900 גרם,גרמים,900.00,100 גרם,false,,29.90,0.0332,true,1,187688
8001003100164,false,יוגטה סוכריות ג'לי בטעמי פירות 450 גרם,יוגטה yogueta,,יוגטה סוכריות ג'לי 4,גרמים,450.00,100 גרם,false,,9.90,0.0220,true,1,135451
8001003100218,false,סוכריות יוגטה ג'לי פירות 800 גר',תות ממתקי איכות,,יוגטה סוכריות גלי פי,גרמים,800.00,100 גרם,false,,15.90,0.0199,true,1,69797
8001003202028,false,סוכריות ג'לי בטעם מנטה יוגטה 80 גרם,צ'וקטה,,יוגטה ג'לי בטעם מנטה,גרמים,80.00,100 גרם,false,,4.90,0.0613,true,1,187981
8001003202035,false,סוכריות ג'לי בטעם פירות יוגטה 80 גרם,צ'וקטה,,יוגטה ג'לי בטעם פירו,גרמים,80.00,100 גרם,false,,4.90,0.0613,true,1,187980
8001090033512,false,"טייד אבקת כביסה קולור 8 ק""ג",פרוקטור אנד גמבל,,טייד אבקת כביסה קולו,קילוגרמים,8.00,"ק""ג",false,,56.90,7.1125,true,1,172574
8001090184375,false,"נוזל כלים פיירי 900 מ""ל ירוק אורגינל",פרוקטר אנד גמבל,,פיירי נוזל כלים אולט,יחידה,0.00,יחידה,false,,12.90,0.0000,true,1,188674
8001090184412,false,"פיירי נוזל לניקוי כלים לימון שקוף, 900 מ""ל",פרוקטר אנד גמבל,,פיירי אולטרא נוזל כל,יחידה,0.00,יחידה,false,,12.90,0.0000,true,1,188675
8001090196224,false,שמפו הייד אנד שולדרס,,,שמפו הייד אנד שולדרס,יחידה,0.00,יחידה,false,,14.90,0.0000,true,1,194038
8001090196262,false,שמפו הייד אנד שולדרס,,,שמפו הייד אנד שולדרס,יחידה,0.00,יחידה,false,,14.90,0.0000,true,1,194036
8001090196347,false,שמפו הייד אנד שולדרס,,,שמפו הייד אנד שולדרס,יחידה,0.00,יחידה,false,,14.90,0.0000,true,1,194039
8001090196385,false,שמפו הייד אנד שולדרס,,,שמפו הייד אנד שולדרס,יחידה,0.00,יחידה,false,,14.90,0.0000,true,1,194037
8001090222428,false,"הרבל אסנסס - שמפו חלב קוקוס 400 מ""ל",הרבל אסנס Herbal Essences,,הרבל אסנסס שמפו חלב,מיליליטרים,400.00,"100 מ""ל",false,,19.90,0.0497,true,1,146368
8001090222541,false,הרבל אסנסס שמפו תות שדה ומנטה 400 גרם,הרבל אסנס Herbal Essences,,הרבל אסנסס שמפו תות,מיליליטרים,400.00,"100 מ""ל",false,,19.90,0.0497,true,1,146369
8001090222572,false,הרבל אסנסס מרכך תות שדה ומנטה 400 גרם,הרבל אסנס Herbal Essences,,הרבל אסנסס מרכך תות,מיליליטרים,400.00,"100 מ""ל",false,,19.90,0.0497,true,1,146372
8001090222725,false,"הרבל אסנסס - שמפו שמן מורינגה 400 מ""ל",הרבל אסנס Herbal Essences,,הרבל אסנסס שמפו שמן,מיליליטרים,400.00,"100 מ""ל",false,,19.90,0.0497,true,1,146373
8001090222756,false,"הרבל אסנס מרכך תות שמן מורינגה 400 מ""ל",הרבל אסנס Herbal Essences,,הרבל אסנסס מרכך שמן,מיליליטרים,400.00,"100 מ""ל",false,,19.90,0.0497,true,1,146374
8001090222848,false,"הרבל אסנסס - שמפו שיקום שמן ארגן 400 מ""ל",הרבל אסנס Herbal Essences,,הרבל אסנסס שמפו שיקו,מיליליטרים,400.00,"100 מ""ל",false,,19.90,0.0497,true,1,146375
8001090222879,false,"הרבל אסנסס - מרכך שיקום שמן ארגן 400 מ""ל",הרבל אסנס Herbal Essences,,הרבל אסנסס מרכך שיקו,מיליליטרים,400.00,"100 מ""ל",false,,19.90,0.0497,true,1,146376
8001090290830,false,"אוראל בי משחת שיניים- להלבנה פנינה בוהקת 75 מ""ל",פרוקטר אנד גמבל,,אורל בי משחת שיניים3,יחידה,0.00,יחידה,false,,22.90,0.0000,true,1,175605
8001090290939,false,"אוראל בי משחת שיניים- להלבנה לובן בוהק 75 מ""ל",פרוקטר אנד גמבל,,אורל בי משחה WHITE D,יחידה,0.00,יחידה,false,,22.90,0.0000,true,1,175281
8001090336408,false,חיתולים בייבי דריי מידה 3 38 יח' פמפרס,פרוקטר אנד גמבל,,פמפרס בייבי דריי מיד,יחידה,0.00,יחידה,false,,34.90,0.0000,true,1,149052
8001090336446,false,פמפרס בייבי דריי חיתולים מידה 4 34 יח,פרוקטר אנד גמבל,,פמפרס בייבי דריי מיד,יחידה,0.00,יחידה,false,,34.90,0.0000,true,1,149053
8001090336606,false,פמפרס בייבי דריי חיתולים מידה 6 26 יח,פרוקטר אנד גמבל,,פמפרס בייבי דריי מיד,יחידה,0.00,יחידה,false,,34.90,0.0000,true,1,149056
8001090364104,false,"משחת שיניים אורל בי G&E אורגינל 75 מ""ל",פרוקטר אנד גמבל,,אורל בי משחה G&E או,יחידה,0.00,יחידה,false,,16.90,0.0000,true,1,175676
8001090364203,false,"משחת שיניים אורל בי G&E להלבנה עדינה 75 מ""ל",פרוקטר אנד גמבל,,אוראל בי משחה E&G לה,יחידה,0.00,יחידה,false,,16.90,0.0000,true,1,175278
8001090375230,false,"מרכך מרוכז 200 מ""ל לחות מוגברת ""פנטן""",פרוקטר אנד גמבל,,פנטן מרכך מרוכז לחות,יחידה,0.00,יחידה,false,,19.90,0.0000,true,1,129758
8001090375285,false,"מרכך מרוכז פנטן למגע רך כמשי 200 מ""ל",פרוקטר אנד גמבל,,פנטן מרכך מרוכז למגע,יחידה,0.00,יחידה,false,,19.90,0.0000,true,1,129759
8001090377487,false,מסכה לשיער פנטן לחות מוגברת 300 מל,פרוקטר אנד גמבל,,פנטן מסיכה לחות מוגב,מיליליטרים,300.00,"100 מ""ל",false,,29.90,0.0997,true,1,132456
8001090379368,false,פמפרס פרימיום קר חיתולים שלב 4 34 יח VP,פרוקטר אנד גמבל,,פמפרס חיתולים פרימיו,יחידה,34.00,יחידה,false,,36.90,1.0853,true,1,129061
8001090379399,false,פמפרס פרימיום קר חיתולים שלב 5 30 יח VP,פרוקטר אנד גמבל,,פמפרס חיתולים פרימיו,יחידה,30.00,יחידה,false,,36.90,1.2300,true,1,129062
8001090458353,false,סבון כלים פעולה אנטי-בקטריאלית אקליפטוס,פרוקטר אנד גמבל,,פיירי אנטי בקטריאלי,יחידה,0.00,יחידה,false,,10.90,0.0000,true,1,124583
8001090734044,false,אולוויז מגן תחתון גיגה פק לארג' אקסטרה פרוטקט 64 יח',פרוקטר אנד גמבל,,מגן תחתון אולוויז מג,יחידה,0.00,יחידה,false,,19.90,0.0000,true,1,130826
8001090832450,false,"שמפו פנטן הנוסחה הקלאסית 660 מ""ל",פרוקטר אנד גמבל,,פנטן שמפו נוסחה קלאס,יחידה,0.00,יחידה,false,,19.90,0.0000,true,1,154541
8001090832535,false,"שמפו פנטן שמן מרוקאי משקם 660 מ""ל",פרוקטר אנד גמבל,,פנטן שמפו שמן מרוקאי,יחידה,0.00,יחידה,false,,19.90,0.0000,true,1,154542
8001090832573,false,"שמפו פנטן לחות מוגברת 660 מ""ל",פרוקטר אנד גמבל,,פנטן שמפו לחות מוגבר,יחידה,0.00,יחידה,false,,19.90,0.0000,true,1,154543
8001090832696,false,"פנטן שמפו לתלתלים מושלמים 660 מ""ל",מגוון פנטן ב 18.90,,פנטן שמפו לתלתלים מו,יחידה,0.00,יחידה,false,,19.90,0.0000,true,1,154545
8001090832771,false,"פנטן שמפו להזנת קרטין 660 מ""ל",פרוקטר אנד גמבל,,פנטן שמפו הזנת קרטין,יחידה,0.00,יחידה,false,,19.90,0.0000,true,1,154546
8001090832856,false,"פנטן 660 מ""ל קונדישינר מרוקאי משקם",פרוקטר אנד גמבל,,פנטן קונדישנר מרוקאי,יחידה,0.00,יחידה,false,,19.90,0.0000,true,1,154548
8001090832931,false,"פנטן 660 מ""ל קונדישינר למגע רך כמשי",פרוקטר אנד גמבל,,פנטן קונדישנר למגע ר,יחידה,0.00,יחידה,false,,19.90,0.0000,true,1,154553
8001090886460,false,לנור כדוריות הבושם בניחוח אביבי 140 גרם,פרוקטור אנד גמבל,,לנור כדוריות הבושם ב,גרמים,140.00,100 גרם,false,,14.90,0.1064,true,1,150183
8001250219145,false,רוטב ארביאטה 400 גרם DE CECCO,,,רוטב ארביאטה 400 גרם,גרמים,400.00,100 גרם,false,,10.90,0.0273,true,1,162404
8001505000306,false,נטורפוד מעדן פירות יער אורגני 250 גרם,פיור די פרוטה,,פיורדיפרותה מעדן פיר,יחידה,0.00,יחידה,false,,22.90,0.0000,true,1,131033
8001620011935,false,"סן בנדטו- מים מינרלים מוגז - מארז שישיית 500 מ""ל",אקווה מינרלה סאן בנד,,סאן בנדטו מוגז 6*500,מיליליטרים,500.00,"100 מ""ל",false,,13.90,0.0278,true,1,65256
8001660126750,false,רופינו אורבייטו קלאס,,,רופינו אורבייטו קלאס,מיליליטרים,750.00,"100 מ""ל",false,,44.90,0.0599,true,1,85063
8001720313090,false,פנתוני באולי פרופיטר,BAULI,,פנתוני 750 ג' BAULI,גרמים,750.00,100 גרם,false,,99.90,0.1332,true,1,194148
8001720414360,false,עוגת פנדורו לימונצלו,BAULI,,פנדורו לימונצ'לו 750,יחידה,0.00,יחידה,false,,79.90,0.0000,true,1,194149
8001720415442,false,פנתוני קרם ושברי פיס,BAULI,,פנתוני עם קרם ושברי,יחידה,0.00,יחידה,false,,89.90,0.0000,true,1,194150
8001720416401,false,עוגת פנדורו קרם שמנת,BAULI,,פנדורו עם קרם שמנת ו,גרמים,750.00,100 גרם,false,,79.90,0.1065,true,1,148675
8001720424949,false,פנתוני באולי 3 שוקול,BAULI,,פנתוני 3 שוקולדים 75,גרמים,750.00,100 גרם,false,,89.90,0.1199,true,1,194153
8001720425717,false,פנתוני קרם פיסטוק ופ,,,פנתוני עם קרם פיסטוק,גרמים,750.00,100 גרם,false,,89.90,0.1199,true,1,148676
8001841053684,false,תחבושות אולוויז עבה לונג פלוס 12 יחידות,פרוקטר אנד גמבל )ראה קוד,,אולוויז תחבושות מקס,יחידה,0.00,יחידה,false,,10.90,0.0000,true,1,147071
8001841053806,false,תחבושות היגייניות אולוויז מקסי עבה לילה,פרוקטר אנד גמבל,,תחבושת אולוויז מקסי,יחידה,0.00,יחידה,false,,10.90,0.0000,true,1,178472
8001841104751,false,פמפרס פרימיום קר חיתולים שלב 1 52 יח VP,פרוקטר אנד גמבל,,פמפמרס חיתולים פרימי,יחידה,41.00,יחידה,false,,36.90,0.9000,true,1,144807
8001841137179,false,קונדישינר הד&שולדרס הנוסחה הקלאסית 275מל,פרוקטר אנד גמבל,,הד אנד שולדרס מרכך ה,מיליליטרים,275.00,"100 מ""ל",false,,15.00,0.0545,true,1,150179
8001841500942,false,"הרבל אסנסס - שמפו ללא סולפטים אלוורה ובמבוק 380 מ""ל",הרבל אסנס Herbal Essences,,הרבל אסנס שמפו ללא ס,יחידה,0.00,יחידה,false,,16.90,0.0000,true,1,163484
8001841625188,false,סבון כלים פלטינום לימון X3 פעולות להסרת שומנים,פרוקטר אנד גמבל,,פיירי פלטינום לימון,יחידה,0.00,יחידה,false,,10.90,0.0000,true,1,152899
8001841660257,false,מסכת מינרלס במבוק לשיער חזק וארוך,פנטן Pantene,,פנטן מיראקלס במבוק מ,יחידה,0.00,יחידה,false,,18.90,0.0000,true,1,174587
8001841660530,false,קרם לחות מינרלס במבוק + חלבון משקם לשיער ארוך,פנטן Pantene,,פנטן מיראקלס במבוק ק,יחידה,0.00,יחידה,false,,18.90,0.0000,true,1,174590
8001841663654,false,"פיירי נוזל כלים אקסטרה 650 מ""ל - צהוב",פרוקטר אנד גמבל,,פיירי נוזל כלים אקסט,מיליליטרים,650.00,"100 מ""ל",false,,8.90,0.0137,true,1,181407
8001841663692,false,נוזל כלים פיירי אקסט,,,פיירי אקסטרא נוזל כל,יחידה,0.00,יחידה,false,,12.90,0.0000,true,1,177570
8001841663814,false,פיירי נוזל כלים אקסט,,,פיירי נוזל כלים אקסט,מיליליטרים,650.00,"100 מ""ל",false,,8.90,0.0137,true,1,181408
8001841663982,false,פיירי נוזל כלים אקסט,פרוקטר אנד גמבל,,פיירי נוזל כלים אקסט,מיליליטרים,650.00,"100 מ""ל",false,,8.90,0.0137,true,1,181409
8001841669519,false,קפסולות לכביסה ALL IN ONE אריאל 55 יחידות,פרוקטר אנד גמבל,,אריאל קפסולות לכביסה,יחידה,0.00,יחידה,false,,59.90,0.0000,true,1,155375
8001841716596,false,"ג'ל רחצה ושמפו מרענן האד אנד שולדרס 360 מ""ל","נארז ע""י : א.ג. גילר",,שולדרס ג'ל רחצה ושמפ,יחידה,0.00,יחידה,false,,16.90,0.0000,true,1,175275
8001841722146,false,אולוויז מגן תחתון וליופק נורמל 56 יחידות,דיפלומט,,אולוייז תחתוניות נור,יחידה,0.00,יחידה,false,,15.90,0.0000,true,1,181583
8001841722184,false,אולוייז תחתוניות נור,,,אולוייז תחתוניות נור,יחידה,0.00,יחידה,false,,15.90,0.0000,true,1,183406
8001841722269,false,אולוייז תחתוניות לאר,,,אולוייז תחתוניות לאר,יחידה,0.00,יחידה,false,,15.90,0.0000,true,1,189389
8001841722306,false,מגן תחתון אלוויז וליופק לונג פלוס 40 יחי',פרוקטר & גמבל,,אולוייז תחתוניות לונ,יחידה,0.00,יחידה,false,,15.90,0.0000,true,1,189387
8001841722344,false,מגן תחתון לונג פלוס 40 י,,,אולוייז תחתוניות לונ,יחידה,0.00,יחידה,false,,15.90,0.0000,true,1,189388
8001841722481,false,אולוויז מגן תחתון פלקסי סטייל נורמל 54 יח',פרוקטר & גמבל,,אולוייז תחתוניות נור,יחידה,0.00,יחידה,false,,15.90,0.0000,true,1,189385
8001841893990,false,פיירי טבליות למדיח פלטינום פלוס - מארז 30 יח',פרוקטר אנד גמבל,,פיירי קפסולות למדיח,יחידה,0.00,יחידה,false,,34.90,0.0000,true,1,164381
8001841958460,false,פיירי טבליות למדיח אורגינל הכל באחד - מארז 48 יח',פרוקטר אנד גמבל,,פיירי טבליות למדיח 4,יחידה,48.00,יחידה,false,,37.90,0.7896,true,1,164382
8001841960258,false,פיירי פלטינום טבליות למד,,,פיירי טבליות גל למדי,יחידה,0.00,יחידה,false,,54.90,0.0000,true,1,188719
8001841971193,false,אולוויז אולטרה קוואט,,,אולוויז אולטרה קוואט,יחידה,1.00,יחידה,false,,33.90,33.9000,true,1,195884
8001841971384,false,אולוויז אולטרה קוואט,,,אולוויז אולטרה קוואט,יחידה,1.00,יחידה,false,,33.90,33.9000,true,1,195887
8001841971735,false,אולוויז אולטרה קוואט,,,אולוויז אולטרה קוואט,יחידה,1.00,יחידה,false,,33.90,33.9000,true,1,195885
8002110383709,false,נוטרוגינה ס.נורבגית ק.ידיים לא מבושם 50מל,גונסון אנד גונסון,,נטרוגינה קרם ידיים ל,יחידה,0.00,יחידה,false,,24.90,0.0000,true,1,51966
8002230000012,false,מארז משקה קוקטייל אפ,אלכוהול (איי.בי.בי),,"אפרול 1000 מ""ל",יחידה,0.00,יחידה,false,,99.90,0.0000,true,1,125867
8002235004091,false,זונין פרוסקו - יין מ,,,זונין פרוסקו - יין מ,מיליליטרים,750.00,"100 מ""ל",false,,44.90,0.0599,true,1,191421
8002450204009,false,ורדי ספרקלטיני אפרסק,"איי, בי, אינבוו",,"ורדי אפרסק 750 מ""ל",מיליליטרים,750.00,"100 מ""ל",false,,27.90,0.0372,true,1,30651
8002450206003,false,ורדי רימונים ספרקלטיני,"איי, בי, אינבוו",,וורדי ספרקלטיני רימו,מיליליטרים,750.00,"100 מ""ל",false,,27.90,0.0372,true,1,62440
8002450208007,false,ורדי גרין אפל ספרקלטיני,איטליה בוסקה,,וורדי ספרקלטיני גרין,מיליליטרים,750.00,"100 מ""ל",false,,27.90,0.0372,true,1,80616
8002450209004,false,יין מבעבע ורדי רוזה,איטליה בוסקה,,"ורדי רוזה 750 מ""ל",מיליליטרים,750.00,"100 מ""ל",false,,27.90,0.0372,true,1,108995
8002550506652,false,ריוניטה סנגריה אדומה,,,ריוניטה סנגריה אדומה,מיליליטרים,250.00,"100 מ""ל",false,,8.90,0.0356,true,1,191429
8002670504279,false,גרנורולו בורגר טבעוני 220 גרם,,,('2*110 גר) גרנרולו,גרמים,110.00,100 גרם,false,,24.90,0.2264,true,1,184477
8002670504286,false,גרנורולו מיני בורגר טבעוני 180 גרם,,,(6*30 גר) גרנרולו מי,גרמים,30.00,100 גרם,false,,24.90,0.8300,true,1,184880
8002793005370,false,יין פיציני ממורו רוס,,,פיצ'יני ממורו רוסו י,יחידה,0.00,יחידה,false,,39.90,0.0000,true,1,192207
8002793006797,false,יין פיציני ממורו ביא,,,פיצ'יני ממורו ביאנקו,יחידה,0.00,יחידה,false,,39.90,0.0000,true,1,192208
8002793021196,false,יין פיציני פינוקיו ר,,,פיצ'יני פינוקיו- רוס,יחידה,0.00,יחידה,false,,44.90,0.0000,true,1,192212
8002910043476,false,ויט רצועות שעווה מוכנות לקו הביקיני 12 יחידות,רקיט בנקיזר צרפת,,רצועות שעווה לבית הש,יחידה,12.00,יחידה,false,,24.90,2.0750,true,1,127907
8003535018610,false,ויטורס שוק' ביאנקו 1,,,ויטורס שוק' ביאנקו 1,קילוגרמים,1.00,"ק""ג",false,,49.90,49.9000,true,1,56705
8003753158556,false,אילי קפסולות אספרסו קלאסיקו 10 יח' 57 גרם,ג'ייקובס דאו אגרבטס פר א,,אילי קפסולות אספרסו,יחידה,0.00,יחידה,false,,24.90,0.0000,true,1,175493
8003753158617,false,אילי קפסולות אספרסו לונגו קלאסיקו 10 יח' 57 גרם,ג'ייקובס דאו אגרבטס פר א,,אילי קפסולות אספרסו,יחידה,0.00,יחידה,false,,24.90,0.0000,true,1,175495
8004030026018,false,"מקסיקני עם טונה ריו מרה אינסלטיסימי, 160 ג'","בולטון אלימנטרי בע""\מ",,ריו מרה מקסיקני עם ט,גרמים,160.00,100 גרם,false,,14.90,0.0931,true,1,100185
8004030044005,false,נתחי טונה בהירה בשמן זית ריו מרה 112גרם,"בולטון אלימנטרי בע""\מ",,ריו מארה נתחי טונה ב,גרמים,160.00,100 גרם,false,,16.90,0.1056,true,1,29136
8004030081024,false,נתחי טונה עם שום ופלפל אדום ריו מרה 160 ג',"בולטון אלימנטרי בע""\מ",,ריו מארה נתחי טונה ש,גרמים,160.00,100 גרם,false,,16.90,0.1056,true,1,29189
8004030102033,false,טונה בשמן זית עם מיץ לימון ופלפל שחור - מארז 3 יח',בולטון אלימנטרי,,ריו מרה טונה בשמן עם,גרמים,540.00,100 גרם,false,,24.90,0.0461,true,1,140219
8004030177000,false,טונה בשמן זית וצ'ילי ריו מרה מארז 80X3 גר',ריו מארה Rio Mare,,ריו מרה טונה בשמן זי,גרמים,240.00,100 גרם,false,,24.90,0.1037,true,1,133879
8004030180000,false,ריו מרה טונה בשמן זית כתית מעולה 3*80 גרם,"בולטון אלימנטרי בע""\מ",,ריו מרה טונה בשמן זי,גרמים,240.00,100 גרם,false,,29.90,0.1246,true,1,183822
8004030381681,false,ריו מרה נתחי טונה בהירה בשמן זית זוג 160 גר,BOLTON GROUP- RIO,,ריו מארה טונה בשמן ז,גרמים,320.00,100 גרם,false,,29.90,0.0934,true,1,145593
8004030845046,false,טונה עם ירקות בתוספת עם אורז ריו מרה אינסלטיסימי 160 ג',בולטון אלימנטרי,,ריו מארה אינסלטיסימי,גרמים,160.00,100 גרם,false,,14.90,0.0931,true,1,143283
8004030860001,false,ירקות עם קוקוס וטונה ריו מרה אינסלטיסימי 160 ג',"בולטון אלימנטרי בע""\מ",,ריו מרה אינסלטיסמה ק,גרמים,160.00,100 גרם,false,,16.90,0.1056,true,1,118053
8004160660304,false,"פרנגיליקו ליקר 700 מ""ל",דויד קמפרי,,"פרנג'ליקו 700 מ""ל",מיליליטרים,700.00,"100 מ""ל",false,,109.90,0.1570,true,1,125928
8004360081190,false,PASABACHE סט כוסות י,PASABACHE,,PASABACHE סט כוסות י,יחידה,0.00,יחידה,false,,49.90,0.0000,true,1,186138
8004499750011,false,ליקר ווקיו אמארו דל,,,ליקר צמחים אמארו דל,מיליליטרים,700.00,"100 מ""ל",false,,109.90,0.1570,true,1,151202
8004690050507,false,L.M פסטה איטלקית פטוצ'יני 500 גרם,לה מוליסנה,,לה מוליזנה פסטה איטל,גרמים,500.00,100 גרם,false,,7.90,0.0158,true,1,173400
8004690050620,false,L.M פסטה איטלקית לינגוויני 500 גרם,לה מוליזנה קמפובאסן,,פסטה איטלקית לינגווי,גרמים,500.00,100 גרם,false,,7.90,0.0158,true,1,162386
8004690052044,false,פסטה לאמוליזנה פנה ז,לה מוליזנה קמפובאסן,,לה מוליזנה פנה 500 ג,גרמים,500.00,100 גרם,false,,7.90,0.0158,true,1,161852
8004690052600,false,פסטה איטלקית קונכיות,למוליזנה,,פסטה איטלקית קונכיות,גרמים,500.00,100 גרם,false,,7.90,0.0158,true,1,162381
8004690052846,false,L.M פסטה איטלקית פוזילי 500 גרם,לה מוליסנה,,לה מוליזנה פוסילי 50,גרמים,500.00,100 גרם,false,,7.90,0.0158,true,1,162373
8004690054901,false,פסטה סדניני מוליסאנא,לה מוליזנה קמפובאסן,,לה מוליזנה פסטה איטל,גרמים,500.00,100 גרם,false,,7.90,0.0158,true,1,173402
8004690055601,false,L.M פסטה איטלקית צ'ינסי 500 גרם,למוליזנה,,לה מוליזנה פסטה איטל,גרמים,500.00,100 גרם,false,,7.90,0.0158,true,1,173405
8004690101513,false,פסטה קוואדרטו מוליסא,לה מוליזנה קמפובאסן,,לה מוליזנה פסטה איטל,גרמים,500.00,100 גרם,false,,7.90,0.0158,true,1,173368
8004800005502,false,וופל מיני רול גלילי ופל במילוי קרם קקאו- 125 ג' לאגו,לגו גרופ ס.פ.א.,IT,לאגו מיני רול גלילי,גרמים,125.00,100 גרם,false,,10.90,0.0872,true,1,195853
8004800005526,false,וופל מיני רול גלילי ופל במילוי קרם קוקוס- 125 ג' לאגו,לגו גרופ ס.פ.א.,IT,לאגו מיני רול גלילי,גרמים,125.00,100 גרם,false,,10.90,0.0872,true,1,195855
8005110002243,false,רכז עגבניות Doppio Concentr בשפופרת 185 ג' MUTTI,"איי, בי, אינבוו",,MUTTI רכז עגבניות בש,גרמים,185.00,100 גרם,false,,9.90,0.0535,true,1,163328
8005110170300,false,עגבניות מרוסקות חתוכות מוטי MUTTI שלישיה *400,מוטי Mutti,,MUTTI עגבניות מרוסקו,קילוגרמים,1.20,"ק""ג",false,,19.90,16.5833,true,1,162410
8005110171215,false,עגבניות חתוכות 690 POLPAPEZZI ג' (כחול) MUTTI,"איי, בי, אינבוו",,רוטב עגבניות חתוכות,גרמים,690.00,100 גרם,false,,14.90,0.0216,true,1,162416
8005110551253,false,רוטב לפיצה להכנת פיצה איטלקית קלאסית,"איי, בי, אינבוו",,רוטב לפיצה 400 גרם,גרמים,400.00,100 גרם,false,,10.90,0.0273,true,1,162418
8005200256587,false,נסטי - תה קר בטעם אפרסק 1.5 ליטר,מפעל סאנפלגרינו S.P.A,,נסטי אפרסק 1.5 ליטר,יחידה,0.00,יחידה,false,,8.90,0.0000,true,1,181447
8005200286584,false,נסטי- תה קר - בטעם מנגו אננס 1.5 ליטר,מפעל סאנפלגרינו S.P.A,,נסטי מנגו אננס 1.5 ל,יחידה,0.00,יחידה,false,,8.90,0.0000,true,1,181448
8005713472641,false,ליקר לימונצ'לו + מאר,,,ליקר לימונצ'לו + מאר,יחידה,0.00,יחידה,false,,109.90,0.0000,true,1,177732
8005803010357,false,גריסיני קלאסי - מקלות אפויים עם שמן זית ומלח,"אינסטנטה בע""מ",,גריסיני קלאסי 125 גר,גרמים,125.00,100 גרם,false,,7.50,0.0600,true,1,118892
8005803010371,false,"גריסיני רוזמרין - מקלות אפויים עם שמן זית, מלח ורוזמרין","אינסטנטה בע""מ",,גריסיני רוזמרין 125,גרמים,125.00,100 גרם,false,,7.50,0.0600,true,1,118896
8005803010586,false,"מקלות אפויים עם שמן זית, מלח, עגבניות ואורגנו, 125 גרם, אמור די פאן","הוסטה איטליה, ס.ר.ל.",,גריסיני פיצה 125 גרם,גרמים,125.00,100 גרם,false,,7.50,0.0600,true,1,118893
8005803010661,false,"מקלות אפויים עם שמן זית, מלח, ושומשום, 125 גרם, אמור די פאן","הוסטה איטליה, ס.ר.ל.",,גריסיני שומשום 125 ג,גרמים,125.00,100 גרם,false,,7.50,0.0600,true,1,118897
8006423229891,false,שוקולד איילים קריסמט,SORINI,,שוק' איילים קריסמס מ,יחידה,0.00,יחידה,false,,41.90,0.0000,true,1,194166
8006423462397,false,בונבוניירה לב מיוחד 475 גר SORINI,HDI SORINI,,בונבוניירה לב מיוחד,גרמים,475.00,100 גרם,false,,79.90,0.1682,true,1,51590
8006423463066,false,בונבוניירה ולנטיין 195 גר SORINI,,,בונבניירה סוריני ולנ,גרמים,195.00,100 גרם,false,,64.90,0.3328,true,1,139804
8006423466517,false,בונ פח קריסמס 2 צבעי,SWEETITALY,,בונ' פח קריסמס 2 צבע,יחידה,0.00,יחידה,false,,59.90,0.0000,true,1,194168
8006423467866,false,בונבוניירה קריסמס טי,SWEETITALY,,בונ' קריסמס טיפאני 1,יחידה,0.00,יחידה,false,,19.90,0.0000,true,1,194169
8006423468276,false,בונבוניירה סוריני סו,SORINI,,בונבוניירה סופיא 270,גרמים,270.00,100 גרם,false,,59.90,0.2219,true,1,82699
8006423468382,false,בונבוניירה סנטה עם פ,SWEETITALY,,בונ' קריסמס סנטה עם,יחידה,0.00,יחידה,false,,59.90,0.0000,true,1,194170
8006540088432,false,אולוייז אולטרא לילה,,,אולוייז אולטרא לילה,יחידה,0.00,יחידה,false,,12.90,0.0000,true,1,192954
8006540112793,false,"לנור מרכך כביסה מרוכז בניחוח יסמין 900 מ""ל",פרוקטר אנד גמבל,,לנור מרכך כביסה בניח,יחידה,0.00,יחידה,false,,15.90,0.0000,true,1,193390
8006540112823,false,"לנור מרכך כביסה מרוכז בניחוח האוקיינוס 900 מ""ל",פרוקטר אנד גמבל,,לנור מרכך מרוכז בניח,יחידה,0.00,יחידה,false,,15.90,0.0000,true,1,174864
8006540112854,false,"לנור מרכך כביסה מרוכז בניחוח סחלב 900 מ""ל",פרוקטר אנד גמבל,,לנור מרכך מרוכז בניח,יחידה,0.00,יחידה,false,,15.90,0.0000,true,1,174863
8006540302538,false,הד&שולדרס שמפו קלאסי,,,שמפו הד אנד שולדרס ק,מיליליטרים,350.00,"100 מ""ל",false,,14.90,0.0426,true,1,192256
8006540348116,false,תחבושות אולוויז כפול,,,תחבושות אולוויז כפול,יחידה,0.00,יחידה,false,,14.90,0.0000,true,1,193155
8006540429327,false,פיירי מקס פאוור לימון עם מנגנון למניעת נזילות,פרוקטר אנד גמבל,,"פיירי לימון 440 מ""ל",מיליליטרים,440.00,"100 מ""ל",false,,11.90,0.0270,true,1,181978
8006540495186,false,לנור מרכך כביסה מרוכז רגיש בייבי 900 מל,פרוקטר אנד גמבל,FR,לנור מרכך כביסה בייב,מיליליטרים,900.00,"100 מ""ל",false,,15.90,0.0177,true,1,194598
8006540495216,false,"לנור מרכך כביסה מרוכז בניחוח אמאטיסט 900 מ""ל",פרוקטר אנד גמבל,FR,לנור מרכך כביסה בניח,מיליליטרים,900.00,"100 מ""ל",false,,15.90,0.0177,true,1,194599
8006540495247,false,"לנור מרכך כביסה מרוכז בניחוח פרחי בר 900 מ""ל",פרוקטר אנד גמבל,FR,לנור מרכך כביסה בניח,מיליליטרים,900.00,"100 מ""ל",false,,15.90,0.0177,true,1,194600
8006540592434,false,אולוויז תחבושות נורמל 28 יח,פרוקטר & גמבל,,תחבושת אולוויז אולטר,יחידה,0.00,יחידה,false,,19.90,0.0000,true,1,190052
8006540592465,false,אולוויז תחבושות לונג 24 יח,פרוקטר & גמבל,,תחבושת אולוויז אולטר,יחידה,0.00,יחידה,false,,19.90,0.0000,true,1,190051
8006540592496,false,תחבושות אולוויז אולטרא כפול לילה 20 יח,פרוקטר & גמבל,,תחבושות אולוויז כפול,יחידה,20.00,יחידה,false,,19.90,0.9950,true,1,188767
8007150901296,false,שמן אבוקדו אורגני בכבישה קרה 250 מל,,,שמן אבוקדו אורגני בכ,מיליליטרים,250.00,"100 מ""ל",false,,59.90,0.2396,true,1,118253
8008660210038,false,מעדן ריבה מנץ אנד גאססר תות שדה 300 גר,קריניציה ויטמינה אס,,מנז אנד גאסר מעדן תו,גרמים,300.00,100 גרם,false,,16.90,0.0563,true,1,112851
8008660210052,false,מעדן פרי תפוז מנז אנד גאסר ויסוצקי 320 גרם,מנז אנד גאסר Menz&Gasser,,מעדן פרי תפוז 330 גר,גרמים,330.00,100 גרם,false,,16.90,0.0512,true,1,137793
8008698002049,false,קרקרים עגולים 175 גרם ללא גלוטן,ס.ר.ל פוסטל,,שר קרקרים עגולים 175,גרמים,175.00,100 גרם,false,,23.90,0.1366,true,1,63640
8008698002100,false,מקלות גריסיני 200 גרם ד''ר שר,"ד""ר שר ס.ר.ל",,מקלות גריסיני ללא גל,גרמים,150.00,100 גרם,false,,22.90,0.1527,true,1,155822
8008698003503,false,עוגיות שיבולת שועל עם צימוקים 250 גר,"דר שר ס.ר.ל פוסטל, א",,שר קרקרים מלבניים 21,גרמים,210.00,100 גרם,false,,29.90,0.1424,true,1,63681
8008698004548,false,ביסקוויט בציפוי שוקולד חלב ללא גלוטן,"ד""ר שר ס.ר.ל",,דר שר ביסקוויטים בצי,גרמים,150.00,100 גרם,false,,20.90,0.1393,true,1,126012
8008698004630,false,SORRISI עוגיות סנדוויץ' במילוי קרם קקאו 250 גר',"ד""ר שר ס.ר.ל",,עוגיות סנדוויץ ללא ג,גרמים,250.00,100 גרם,false,,26.90,0.1076,true,1,60658
8008698005231,false,עוגיות סנדוויץ בטעם שוקולד ממולאות קרם חלב ללא גלוט,שר Schar,,עוגיות שוקולד 165 גר,גרמים,165.00,100 גרם,false,,21.90,0.1327,true,1,154841
8008698005347,false,"ביסקוויט מצופות שוקולד מריר לל""ג 150 גר",שר Schar,,ביסקויט שוקולד 150 ג,גרמים,150.00,100 גרם,false,,16.90,0.1127,true,1,154849
8008698008157,false,שר עוגיות שוקולד במילוי קרם שמנת ללא גלוטן 100 גר',דר שר ס.ר.ל פוסטל,,שר עוגיות דאבל מילוי,גרמים,100.00,100 גרם,false,,12.90,0.1290,true,1,60064
8008698024065,false,פאן בלנקו-לחם ללא גלוטן 250 גרם,schar,,פאן בלנקו לחם ללא גל,גרמים,250.00,100 גרם,false,,17.90,0.0716,true,1,140783
8008698024140,false,לחם ללא גלוטן פאן מולטי גראנו 250 גר,schar,,פאן מולטי גראנו 250,גרמים,250.00,100 גרם,false,,17.90,0.0716,true,1,140784
8008698024188,false,פאן רוסטיקו-לחם ללא גלוטן 250 גרם,schar,,פאן רוסטיק לחם ללא ג,גרמים,250.00,100 גרם,false,,17.90,0.0716,true,1,140785
8008698054109,false,מילוי גריס - ממרח אגוזי לוז עם קקאו בתוספות מקלות 52 גרם,"ד""ר שר ס.ר.ל",,ממרח אגוזי לוז עם מק,יחידה,0.00,יחידה,false,,12.90,0.0000,true,1,155823
8008863066708,false,דופיו פאסו פוליה פרמ,,,דופיו פאסו פוליה פרמ,יחידה,0.00,יחידה,false,,55.90,0.0000,true,1,192190
8011033011279,false,קוסקוס אמיתי 1 קג מר,אמירה,,קוסקוס מרקש 1 קג,יחידה,0.00,יחידה,false,,15.90,0.0000,true,1,97655
8013399145278,false,דיאטורל סוכריות סטיביה ליקוריץ רך 70 גרם,קלואטה איטליה,,דיטורל סוכריות ליקור,יחידה,0.00,יחידה,false,,9.90,0.0000,true,1,75072
8016608004311,false,יין קיאנטי גוברנאטו,איטליה לה קיאנטי ג'י,,קיאנטי גוברנאטו 750,מיליליטרים,750.00,"100 מ""ל",false,,47.90,0.0639,true,1,80628
8017938005122,false,"נטורפוד חומץ תפוחים אורגני 750 מ""ל",מריה לוצ'יה מלצ'יורי,,ביוטרנטינו חומץ תפוח,יחידה,0.00,יחידה,false,,21.90,0.0000,true,1,131057
8019873724427,false,יין אדום זולה פרימי,,,יין אדום זולה פרימי,יחידה,0.00,יחידה,false,,69.90,0.0000,true,1,177736
8021423011499,false,רבעי ארטישוק על הגריל בשמן חמניות 510 ג' (12),אהלרומנה,,רבעי ארטישוק על הגרי,יחידה,0.00,יחידה,false,,38.90,0.0000,true,1,105646
8023678161387,false,משקה סויה אורגני 1 ליטר ISOLA,איזולה ביו Isola Bio,,משקה סויה אורגני 1לי,ליטרים,1.00,ליטר,false,,10.90,10.9000,true,1,105119
8023678162360,false,משקה שקדים טבעי אורגני 1ליטר ISOLA,אבא פודס אס. אר. אל,,איזולה משקה שקדים טב,מיליליטרים,1000.00,"100 מ""ל",false,,16.90,0.0169,true,1,105120
8024985002967,false,נטורה נובה-סמוזי בננה תרד 100 גרם,נטורה נובה,,נטורה נובה סמוזי בננ,גרמים,100.00,100 גרם,false,,6.90,0.0690,true,1,145784
8024985003988,false,סמוזי תפוח בננה 100 גר נטורה נובה,נטורה נובה,,נטורה נובה סמוזי תפו,יחידה,0.00,יחידה,false,,6.90,0.0000,true,1,131067
8024985008037,false,סמוזי נטורה נובה סמוצי תפוח 100 גרם,"נטורפוד בע""מ",,נטורה נובה סמוזי תפו,יחידה,0.00,יחידה,false,,6.90,0.0000,true,1,131075
8024985008044,false,נטורה משקה סמודי אגסים אורגני 100 גר,"נטורפוד בע""מ",,נטורה נובה סמוזי אגס,יחידה,0.00,יחידה,false,,6.90,0.0000,true,1,131076
8028695004013,false,ארטישוק אלה רומנה בש,ITALCARCIOFI,,ארטישוק א-לה רומנה ב,גרמים,530.00,100 גרם,false,,31.90,0.0602,true,1,162424
8028695200231,false,רבעי ארטישוק בשמן חמניות 530 ג' ITALCARCIOFI,ITALCARCIOFI,,רבעי ארטישוק בשמן חמ,גרמים,530.00,100 גרם,false,,24.90,0.0470,true,1,162426
8032793344292,false,עגבניות חתוכות דק בבקבוק 700ג,קונסוריזיו קאסאלסקו דל פ,,עג.דק בקבוק 700,גרמים,700.00,100 גרם,false,,12.90,0.0184,true,1,172398
8032793344520,false,תרכיז עגבניות רסק עגבניות מרוכז מאוד,קונסוריזיו דל פרומוד,,ר.עגבניות מרוכז,יחידה,0.00,יחידה,false,,9.90,0.0000,true,1,172399
8032804430471,false,פליסיה קופסא - סדניני עדשים אדומות 250 גרם,אף.סי תבליני בגליל ב,,פליסיה סדניני עדשים,יחידה,0.00,יחידה,false,,16.90,0.0000,true,1,131082
8032804432017,false,פוזילי פליסיה כוסמת אורגני 340 גר,מולינו אנדריאני,,פליסיה קופסא פוזילי,יחידה,0.00,יחידה,false,,17.90,0.0000,true,1,131087
8032804432031,false,פליסיה קופסא - פנה אורז מלא אורגני 340 גרם,מולינו אנדריאני,,פליסיה קופסא פנה אור,יחידה,0.00,יחידה,false,,14.90,0.0000,true,1,131089
8032804435636,false,פליסיה קופסא - פוזילי 4 דגנים אורגני 340 גרם,פליסיה Felicia Bio,,פליסיה קופסא פוזילי,יחידה,0.00,יחידה,false,,14.90,0.0000,true,1,131091
8032880800243,false,פיקניק הפתעה - אגוזי לוז ומקלות אפויים,"הוסטה איטליה, ס.ר.ל.",,פיקניק הפתעה 50 גרם,יחידה,0.00,יחידה,false,,7.10,0.0000,true,1,56775
8048792765624,false,אורז בסמטי וואיט גול,,,אורז בסמטי וואיט גול,קילוגרמים,5.00,"ק""ג",false,,49.90,9.9800,true,1,181973
8051407911217,false,יין קאבוטה רוביקונדו,קאבוטה,,יין קאבוטה רוביקונדו,יחידה,0.00,יחידה,false,,64.90,0.0000,true,1,151174
8052432830184,false,וונטד זינפנדל,,,וונטד זינפנדל,יחידה,0.00,יחידה,false,,54.90,0.0000,true,1,181032
8052432831860,false,וונטד קברנה סובניון,,,וונטד קברנה סובניון,יחידה,0.00,יחידה,false,,54.90,0.0000,true,1,181030
8052432832348,false,וונטד שרדונה,,,וונטד שרדונה,יחידה,0.00,יחידה,false,,54.90,0.0000,true,1,181031
8076800195019,false,ברילה - צ.א ספגטי מס1 קפליני 500 גרם,ברילה גי.אי.אר פרטלי ס.פ,,ברילה ספגטי קפליני מ,גרמים,500.00,100 גרם,false,,6.90,0.0138,true,1,51996
8076800195033,false,ברילה - צ.א ספגטיני מס3 חדש 500 גרם,ברילה גי.אי.אר פרטלי ס.פ,,ברילה ספגטי מס' 3 50,גרמים,500.00,100 גרם,false,,6.90,0.0138,true,1,51354
8076800195057,false,ברילה - צ.א ספגטי מס5 חדש 500 גרם,ברילה גי.אי.אר פרטלי ס.פ,,ברילה ספגטיני מס 5 5,גרמים,500.00,100 גרם,false,,6.90,0.0138,true,1,53064
8076800195132,false,ברילה - צ.א בבטה מס13 500 גרם,ברילה גי.אי.אר פרטלי ס.פ,,ברילה ספגטי בבטה מס,גרמים,500.00,100 גרם,false,,6.90,0.0138,true,1,51355
8076800315097,false,פסטה מקרוני בוקטיני מספר 9 ברילה 500 גרם,ברילה גי.אי.אר פרטלי ס.פ,,ברילה ספגטי בוקטיני,גרמים,500.00,100 גרם,false,,6.90,0.0138,true,1,51697
8076802085738,false,ברילה - צ.ק פנה רגטה חדש 500 גרם,ברילה גי.אי.אר פרטלי ס.פ,,ברילה פנה רגטה מס 73,גרמים,500.00,100 גרם,false,,6.90,0.0138,true,1,51521
8076802085837,false,ברילה - צ.ק טורטליוני מס83 500 גרם,הנסיך- מפעל לייצור ט,,ברילה פסטה טורטיליונ,גרמים,500.00,100 גרם,false,,6.90,0.0138,true,1,49097
8076802085936,false,ברילה פסטה צ.ק. קונצילה ריגטה חדש,ברילה גי.אי.אר פרטלי ס.פ,,ברילה פסטה קונצילה ר,גרמים,500.00,100 גרם,false,,6.90,0.0138,true,1,49099
8076802085981,false,ברילה - צ.ק פוזילי חדש 500 גרם,ברילה גי.אי.אר פרטלי ס.פ,,ברילה פסטה פוזילי 50,גרמים,500.00,100 גרם,false,,6.90,0.0138,true,1,51998
8076808060654,false,פסטה פרפלה מספר 65 ברילה 500 גרם,ברילה גי.אי.אר פרטלי ס.פ,,ברילה פסטה פרפלה 65,גרמים,500.00,100 גרם,false,,6.90,0.0138,true,1,51999
8076808070882,false,פסטה ברילה קנלוני מס'88 250ג',פאסטיפיקו ריגו אס.אר,,ברילה קנלוני 500 גרם,גרמים,500.00,100 גרם,false,,14.90,0.0298,true,1,51698
8076808150072,false,ברילה - צ.א ספגטוני מס7 חדש 500 גרם,ברילה גי.אי.אר פרטלי ס.פ,,ברילה ספגטי מס 7 500,גרמים,500.00,100 גרם,false,,6.90,0.0138,true,1,49736
8076809513388,false,רוטב לפסטה ארביאטה ברילה 400 גרם,ברילה גי.אי.אר פרטלי ס.פ,,ברילה רוטב ארביאטה 4,גרמים,400.00,100 גרם,false,,14.90,0.0373,true,1,29413
8076809513395,false,ברילה פומודורו רוטב עגבניות קלאסי 400 גר,ברילה גי.אי.אר פרטלי ס.פ,,ברילה רוטב פורמודרו,גרמים,400.00,100 גרם,false,,14.90,0.0373,true,1,29190
8076809513654,false,בסיס רוטב עגבניות לבולונז ברילה 400 גרם,ברילה גי.אי.אר פרטלי ס.פ,,בסיס רוטב עגבניות לב,גרמים,400.00,100 גרם,false,,14.90,0.0373,true,1,29236
8076809513739,false,ברילה רוטב עגבניות עם בזיליקום 400 גרם,ברילה גי.אי.אר פרטלי ס.פ,,רוטב פסטה ברילה בזיל,גרמים,400.00,100 גרם,false,,14.90,0.0373,true,1,29300
8076809523561,false,ברילה - רוטב פסטה בטעם טוסקנה 400 גרם,ברילה גי.אי.אר פרטלי ס.פ,,ברילה רוטב פסטה טוסק,גרמים,400.00,100 גרם,false,,14.90,0.0373,true,1,29191
8076809523714,false,איטריות טליאטלה ברילה 500 גרם,"ש. שסטוביץ בע""\מ",,ברילה טליאטלה 500 גר,גרמים,500.00,100 גרם,false,,25.90,0.0518,true,1,82616
8076809523738,false,דפי לזניה ברילה 500 גרם,ברילה גי.אי.אר פרטלי ס.פ,,ברילה לזניה 500 ג,גרמים,500.00,100 גרם,false,,24.90,0.0498,true,1,49101
8076809529433,false,פסטה פנה ריגטה חיטה מלאה ברילה 500 גרם,"ש. שסטוביץ בע""\מ",,ברילה פנה רגטה מחיטה,גרמים,500.00,100 גרם,false,,14.90,0.0298,true,1,49102
8076809545440,false,ברילה איטריות ללא גלוטן 400 גר,ברילה ג'.אי.אר פרטלי,,ברילה אטריות ללא גלו,גרמים,400.00,100 גרם,false,,15.90,0.0398,true,1,107619
8076809545457,false,ברילה אטריות ללא גלוטן 400 ג' צינורות 400 ג',ברילה ג'.אי.אר פרטלי,,ברילה צינורות עב קמח,גרמים,400.00,100 גרם,false,,15.90,0.0398,true,1,107620
8076809545464,false,ברילה פסטה ללא גלוטן צורת ספירלי 400 גר,מולינו אנדריאני אס.א,,ברילה ספירלי עב קמח,גרמים,400.00,100 גרם,false,,15.90,0.0398,true,1,107621
8076809547956,false,ברילה - צ.ק קיפרי 500 גרם,ברילה ג'.אי.אר פרטלי,,ברילה קיפרי 500 גרם,גרמים,500.00,100 גרם,false,,6.90,0.0138,true,1,153654
8121300209466,false,טרוביה-תחליף סוכר חום 320 גרם,טרוביה Truvia,,טרוביה תחליף סוכר חו,גרמים,320.00,100 גרם,false,,34.90,0.1091,true,1,191441
8352063440203,false,מצנם קופץ BENATON BT-4020,,,מצנם קופץ BENATON BT,יחידה,0.00,יחידה,false,,139.90,0.0000,true,1,188185
8410076600622,false,חטיפי גרנולה קראנצ'י עם שוקולד מריר נייצ'ר ואלי 210 גרם,ג'נרל מילס סאן אדריאן,,קראנצי חטיף שבבי שוק,גרמים,210.00,100 גרם,false,,20.00,0.0952,true,1,60898
8410076610379,false,"חטיף בוטנים, חלבון סויה ושוקולד מריר עם ציפוי בטעם שוקולד",נייצ'ר ואלי Nature Valley,,נייטשר וואלי פרוטאין,גרמים,160.00,100 גרם,false,,24.90,0.1556,true,1,113716
8410076610386,false,נייטשר ואלי פרוטאין בוטנים עם ציפוי בטעם קרמל מלוח 160 ג',ג'\נרל מילס סאן אדריאן S,,נייטשר וואלי פרוטאין,יחידה,0.00,יחידה,false,,24.90,0.0000,true,1,113717
8410076610492,false,חטיף שיבולת שועל מלאה ובוטנים בציפוי עם חמאת בוטנים,יבואן ומשווק: ש. שסט,,נייטשר ואלי חטיף בוט,גרמים,150.00,100 גרם,false,,20.00,0.1333,true,1,117923
8410076610508,false,"חטיף שיבולת שועל מלאה עם בוטנים, שקדים ושוקולד מריר בציפוי בטעם שוקולד",נייצ'ר ואלי Nature Valley,,נייטשר ואלי חטיף סשו,גרמים,150.00,100 גרם,false,,20.00,0.1333,true,1,117924
8410076621009,false,עוגות אישיות בטעם קרמל עם חתיכות בטעם קרמל מלוח,"גלאטס סירו בע""\מ",,פייבר וואן טעם קרמל,יחידה,5.00,יחידה,false,,15.90,3.1800,true,1,164237
8410076621047,false,עוגות אישיות בטעם שוקולד עם חתיכות בטעם שוקולד,"גלאטס סירו בע""\מ",,פייבר וואן בראוניז ט,יחידה,0.00,יחידה,false,,15.90,0.0000,true,1,164238
8410085427357,false,תירמא מיני וופל מצופה שוקו 40 *13.5ג',,,תירמא מיני וופל מצופ,גרמים,540.00,100 גרם,false,,22.90,0.0424,true,1,43194
8410085427371,false,וופל מצופה מיני בטעם אגוזים 13.5 ג' *40 יח',,,וופל מצופה מיני בטעם,גרמים,540.00,100 גרם,false,,22.90,0.0424,true,1,64182
8410104039134,false,"מנקה ומחדש מדיח כלים פיניש 250 מ""ל",הדקלאים אגודת שיתופי,,פיניש מנקה ומחדש מדי,מיליליטרים,250.00,"100 מ""ל",false,,14.90,0.0596,true,1,43029
8410104044916,false,פיניש אבקה למדיח 2.7 לימון,רקיט בנקיזר,,פיניש 2.7 קג רגיל,קילוגרמים,2.70,"ק""ג",false,,44.90,16.6296,true,1,42968
8410104045111,false,"פיניש מלח למדיח כלים 2ק""ג",רקיט בנקיזר,,"פיניש מלח למדיח 2 ק""",קילוגרמים,2.00,"ק""ג",false,,14.90,7.4500,true,1,153596
8410104437268,false,מפיג ריח רגיל למדיח פיניש 1 יחידה,רקיט בנקיזר,,פיניש דאו ציטרופרש מ,יחידה,0.00,יחידה,false,,14.90,0.0000,true,1,56813
8410104511340,false,ויט רצועות שעווה מוכנות לעור יבש 12 יחידות,רקיט בנקיזר צרפת,,רצועות שעווה לעור יב,יחידה,14.00,יחידה,false,,24.90,1.7786,true,1,42970
8410109109832,false,ואלור טבלאות שוקולד,LAVDAS,,ואלור טבלאות שוקולד,יחידה,0.00,יחידה,false,,15.90,0.0000,true,1,168548
8410161511253,false,"ברנדי ספרדי רומטה סולרה חרז 700 מ""ל",רומטה,,ברנדי רומטה סולרה 70,מיליליטרים,700.00,"100 מ""ל",false,,79.90,0.1141,true,1,107609
8410161512021,false,ברנדי סולרה רזרבה 1,,,ברנדי סולרה רזרבה 1,ליטרים,1.00,ליטר,false,,99.90,99.9000,true,1,147286
8410184010108,false,אורז לה סיגלה עגול 1,בני ג'ורג' שוקחה חיפ,,"לה סיגלה אורז 1 ק""ג",קילוגרמים,1.00,"ק""ג",false,,9.90,9.9000,true,1,44308
8410184010504,false,"אורז סיגלה לה 5 ק""ג",,,"לה סיגלה אורז 5 ק""ג",קילוגרמים,5.00,"ק""ג",false,,39.90,7.9800,true,1,42971
8410261151625,false,יין סנגריה גרסיה דון סימון אדום 1.5 ל,,,דון סימון סנגריה 1.5,ליטרים,1.50,ליטר,false,,26.90,17.9333,true,1,85157
8410376017359,false,עוגיות גולון ללא גלוטן 200 גר,גולון,,עוגיות ללא גלוטן -20,גרמים,200.00,100 גרם,false,,18.90,0.0945,true,1,90988
8410655000423,false,"מארז בירה סאן מיגל 4*330 מ""ל",סרבסס סאן מיגל אס.אל.יו,,מארז בירה סאן מיגל 4,ליטרים,1320.00,ליטר,false,,24.90,0.0189,true,1,179016
8410655001147,false,בירה סאן מיגל 500 מל פחית,SAN MIGUEL,,בירה סאן מיגל אספסיא,מיליליטרים,500.00,"100 מ""ל",false,,9.90,0.0198,true,1,133434
8410702005012,false,סנגריה פניאסול פליקס,ספרד פליקס סוליס,,סנגריה אדומה פניאסול,יחידה,0.00,יחידה,false,,14.90,0.0000,true,1,192307
8410702039802,false,יין סנגריה לבן פניאס,ספרד פליקס סוליס,,סנגריה לבנה פניאסול,יחידה,0.00,יחידה,false,,14.90,0.0000,true,1,192308
8412497132140,false,בקבוק טריטן 580 מל -,,,בקבוק טריטן 580 מל -,יחידה,0.00,יחידה,false,,39.90,0.0000,true,1,161605
8412497601219,false,בקבוק פלסטיק 370 מל דופן כפולה עם נצנצים - מיקי,,,בקבוק פלסטיק דופן כפ,יחידה,0.00,יחידה,false,,39.90,0.0000,true,1,177010
8412497601615,false,בקבוק פלסטיק 370 מל דופן כפולה עם נצנצים - מיני,,,בקבוק פלסטיק דופן כפ,יחידה,0.00,יחידה,false,,39.90,0.0000,true,1,177013
8412497613618,false,בקבוק פלסטיק 370 מל דופן כפולה עם נצנצים - ספיידרמן,,,בקבוק פלסטיק דופן כפ,יחידה,0.00,יחידה,false,,39.90,0.0000,true,1,177015
8413295300205,false,טורמוס ואקום 350 גרם,,,טורמוס ואקום 350 גרם,גרמים,350.00,100 גרם,false,,10.00,0.0286,true,1,60303
8413295800033,false,טורמוס צנצנת 1300 גר,,,טורמוס צנצנת 1300 גר,גרמים,1300.00,100 גרם,false,,24.90,0.0192,true,1,144894
8413295800514,false,טורמוס צנצנת 600 גרם,,,טורמוס צנצנת 600 גרם,גרמים,600.00,100 גרם,false,,14.90,0.0248,true,1,60301
8413562900916,false,ליקר שוקולד PALACIO,,,ליקר שוקולד PALACIO,יחידה,0.00,יחידה,false,,65.00,0.0000,true,1,192450
8423207206488,false,סלים דליס חטיף דגנים מצופה שוקולד חלב מרבה 6*20 גרם,אף.סי תבליני בגליל ב,,סלים דליס חטיף דגנים,גרמים,120.00,100 גרם,false,,10.90,0.0908,true,1,58631
8423207206495,false,סלים דליס חטיף דגנים מצופה שוקולד מריר מרבה 6*20 גרם,אף.סי תבליני בגליל ב,,סלים דליס חטיף דגנים,גרמים,120.00,100 גרם,false,,10.90,0.0908,true,1,58632
8423207206501,false,סלים דליס חטיף דגנים עם שוקולד חלב מרבה 6*13 גרם,סלים דליס Slim Delis,,סלים דליס חטיף דגנים,יחידה,0.00,יחידה,false,,10.90,0.0000,true,1,58633
8423207207362,false,חטיפי סלים דליס שוקולד לבן מרבה 6 יחידות,ביסנצ'ורי אס.אל.יו,,סלים דליס חטיף דגנים,גרמים,120.00,100 גרם,false,,10.90,0.0908,true,1,75400
8423207208680,false,חטיף דגנים שוקולד סלים דליס לילדים מרבה 6 יחידות,ביסנצ'ורי אס.אל.יו,,סלים דליס קידס בציפו,גרמים,120.00,100 גרם,false,,10.90,0.0908,true,1,108413
8423207208697,false,חטיפי סלים דליס לילדים שוקולד לבן מרבה 6 יחידות,ביסנצ'ורי אס.אל.יו,,סלים דליס קידס עוגיו,גרמים,120.00,100 גרם,false,,10.90,0.0908,true,1,108414
8423207208888,false,פריכיות תירס בטעם עגבניות ועשבי תיבול סלים דליס 123 ג',סלים דליס Slim Delis,,פרכיות תירס בטעם עגב,יחידה,0.00,יחידה,false,,9.90,0.0000,true,1,123556
8423207208895,false,פריכיות תירס בטעם זיתים ועירית סלים דליס 123 ג',סלים דליס Slim Delis,,פרכיות תירס בטעם זית,יחידה,0.00,יחידה,false,,9.90,0.0000,true,1,123557
8423207209885,false,מרבה חטיפי סלים דליס מהדורה מיוחדת שוקולד חלב,סלים דליס Slim Delis,,מרבה סלים דליס מהדור,גרמים,120.00,100 גרם,false,,10.90,0.0908,true,1,129813
8423207210287,false,מרבה סלים דליס שוקולד לבן בטעם יוגורט 120 ג',סלים דליס Slim Delis,,מרבה סלים דליס שוקול,גרמים,120.00,100 גרם,false,,10.90,0.0908,true,1,136340
8423207210942,false,חטיף דגנים מצופה שוקולד לבן ופירות יער,נוטרישן אנד סנטה קוב,,סלים דליס טופינג פיר,יחידה,0.00,יחידה,false,,9.90,0.0000,true,1,158192
8423453905692,false,"בירה ווילדר לאגר 500 מ""ל פחית",פונט סאלם וולנסיה ספרד,,בירה ווילדר לאגר 4.5,מיליליטרים,500.00,"100 מ""ל",false,,7.90,0.0158,true,1,151178
8424842050016,false,צ'יפס בטעם כמהין 125 גרם רביו,RUBIO,,צ'יפס בטעם כמהין 125,גרמים,125.00,100 גרם,false,,12.90,0.1032,true,1,174984
8424842050030,false,צ'יפס בטעם מלח הימלאי 125 גרם רביו,RUBIO,,צ'יפס עם מלח הימלאיה,גרמים,125.00,100 גרם,false,,12.90,0.1032,true,1,174979
8424842050085,false,צ'יפס בטעם חרדל ודבש 125 גרם רביו,RUBIO,,צ'יפס בטעם חרדל ודבש,גרמים,125.00,100 גרם,false,,12.90,0.1032,true,1,174980
8424842201340,false,צ'יפס בטעם מסורתי פרימיום 130 גרם רביו,,,צ'יפס מסורתי פרימיום,גרמים,130.00,100 גרם,false,,12.90,0.0992,true,1,174982
8425206000081,false,ריבת חלב מרדל 450 גרם,כלורוקס אוקלנד,,מרדל ריבת חלב 450 גר,גרמים,450.00,100 גרם,false,,19.90,0.0442,true,1,100421
8435495805106,false,"ביומט אבקת כביסה בניחוח רענן 5ק""ג",ליימן מותגים,,ביומט אבקת כביסה 5 ק,יחידה,0.00,יחידה,false,,29.90,0.0000,true,1,139307
8435495805168,false,"תינוקלין לכביסה לעור רגיש אולימפיק 1.25ק""ג",מולינו ניקולי s.p.a,,תינוקלין אבקת כביסה,קילוגרמים,1.25,"ק""ג",false,,21.90,17.5200,true,1,139308
8435495805199,false,"אבקת כביסה תינוקלין שקית 3 ק""ג.",מולינו ניקולי s.p.a,,תינוקלין אבקת כביסה,קילוגרמים,3.00,"ק""ג",false,,39.70,13.2333,true,1,147937
8435495807605,false,תינוקלין מרכך כביסה היפואלרגני מרוכז 1 ליטר,מולינו ניקולי s.p.a,,תינוקלין מרכך כביסה,ליטרים,1.00,ליטר,false,,16.90,16.9000,true,1,139310
8437000906209,false,"עלי טורטיה קמח חיטה 20ס""מ 8יח' אזטקה 325ג'",Azteca foods europe,,מאסטרפוד טורטיה קמח,גרמים,325.00,100 גרם,false,,11.00,0.0338,true,1,42298
8445290427120,false,דגני פיטנס Fitness שוקולד מריר ובננה,נסטלה צרפת איטנקורט,,פיטנס שוקולד מריר וב,גרמים,330.00,100 גרם,false,,19.90,0.0603,true,1,190430
8680465082692,false,קנקן תה2 ליטר,,,קנקן תה2 ליטר,יחידה,0.00,יחידה,false,,89.90,0.0000,true,1,189635
8680518402019,false,צנצנת זכוכית 1.5 ליט,,,צנצנת זכוכית 1.5 ליט,יחידה,0.00,יחידה,false,,10.00,0.0000,true,1,193119
8680518402293,false,צנצנת זכוכית,,,צנצנת זכוכית,יחידה,0.00,יחידה,false,,14.90,0.0000,true,1,178324
8680518405027,false,צנצנת זכוכית 330 cc,,,צנצנת זכוכית 330 cc,יחידה,0.00,יחידה,false,,4.90,0.0000,true,1,178329
8680518405041,false,צנצנת זכוכית 660cc,,,צנצנת זכוכית 660cc,יחידה,0.00,יחידה,false,,8.90,0.0000,true,1,193121
8680518409841,false,צנצנת זכוכית,,,צנצנת זכוכית,יחידה,0.00,יחידה,false,,8.90,0.0000,true,1,178334
8681690003872,false,פח אשפה 15 ליטר,Tuffex Plastik,,פח אשפה 15 ליטר,יחידה,0.00,יחידה,false,,24.90,0.0000,true,1,194866
8681690003889,false,פח אשפה 25 ליטר,Tuffex Plastik,,פח אשפה 25 ליטר,יחידה,0.00,יחידה,false,,29.90,0.0000,true,1,194806
8681690003902,false,פח אשפה 50 ליטר,Tuffex Plastik,,פח אשפה 50 ליטר,יחידה,0.00,יחידה,false,,49.90,0.0000,true,1,194852
8681690004749,false,שלישיה כריות יפניות,Tuffex Plastik,,שלישיה כריות יפניות,יחידה,0.00,יחידה,false,,6.90,0.0000,true,1,143943
8681690005142,false,"כוס קפה 400 מ""ל",Tuffex Plastik,,"כוס קפה 400 מ""ל",יחידה,0.00,יחידה,false,,5.90,0.0000,true,1,193831
8681690005210,false,דלי פופקורן / רב תכל,Tuffex Plastik,,דלי פופקורן / רב תכל,יחידה,0.00,יחידה,false,,5.90,0.0000,true,1,193832
8681690005647,false,מחזיק כוסות לשתייה ו,Tuffex Plastik,,מחזיק כוסות לשתייה ו,יחידה,0.00,יחידה,false,,10.00,0.0000,true,1,193833
8681690006057,false,סלסלת כביסה Woow Des,Tuffex Plastik,,סלסלת כביסה Woow Des,יחידה,0.00,יחידה,false,,49.90,0.0000,true,1,193834
8681690006064,false,סלסלת כביסה Woow Des,Tuffex Plastik,,סלסלת כביסה Woow Des,יחידה,0.00,יחידה,false,,29.90,0.0000,true,1,193835
8681690006101,false,בקבוק מים עם קש ומנע,Tuffex Plastik,,בקבוק מים עם קש ומנע,יחידה,0.00,יחידה,false,,19.90,0.0000,true,1,194871
8681690006132,false,כוס קש עם כיסוי 600,Tuffex Plastik,,כוס קש עם כיסוי 600,יחידה,0.00,יחידה,false,,10.00,0.0000,true,1,193836
8681690006231,false,דלי פופ תירס וסיפס מ,Tuffex Plastik,,דלי פופ תירס וסיפס מ,יחידה,0.00,יחידה,false,,5.90,0.0000,true,1,193837
8681690505130,false,כוס BAT MAN עם כיסוי,Tuffex Plastik,,כוס BAT MAN עם כיסוי,יחידה,0.00,יחידה,false,,7.90,0.0000,true,1,194345
8681690505291,false,ערכת באטמן ארוחת צהר,Tuffex Plastik,,ערכת באטמן ארוחת צהר,יחידה,0.00,יחידה,false,,19.90,0.0000,true,1,194346
8681690506106,false,בקבוק מים באטמן עם ק,Tuffex Plastik,,בקבוק מים באטמן עם ק,יחידה,0.00,יחידה,false,,19.90,0.0000,true,1,194347
8681690515139,false,גביע סופרמן עם כיסוי,Tuffex Plastik,,גביע סופרמן עם כיסוי,יחידה,0.00,יחידה,false,,7.90,0.0000,true,1,194348
8681690515290,false,קופסת אוכל סופרמן עם,Tuffex Plastik,,קופסת אוכל סופרמן עם,יחידה,0.00,יחידה,false,,19.90,0.0000,true,1,194349
8681690516105,false,בקבוק מים סופרמן עם,Tuffex Plastik,,בקבוק מים סופרמן עם,יחידה,0.00,יחידה,false,,19.90,0.0000,true,1,194350
8681690535137,false,כוס טוויטי עם כיסוי,Tuffex Plastik,,כוס טוויטי עם כיסוי,יחידה,0.00,יחידה,false,,7.90,0.0000,true,1,194351
8681690536103,false,בקבוק מים טוויטי עם,Tuffex Plastik,,בקבוק מים טוויטי עם,יחידה,0.00,יחידה,false,,19.90,0.0000,true,1,194353
8681690555135,false,גביע ברבי עם כיסוי ו,Tuffex Plastik,,גביע ברבי עם כיסוי ו,יחידה,0.00,יחידה,false,,7.90,0.0000,true,1,194354
8681690555296,false,סט קופסת אוכל ברבי ע,Tuffex Plastik,,סט קופסת אוכל ברבי ע,יחידה,0.00,יחידה,false,,19.90,0.0000,true,1,194355
8681863065478,false,מלח מתובל וילי פוד 110 גר,שף סיזונס גידה סאן,,מלח מתובל 110גרם,יחידה,0.00,יחידה,false,,14.90,0.0000,true,1,189126
8681863065485,false,saltbae מלח מתובל פיקנטי 110 גרם ויליפוד,גידה,,מלח מתובל פיקנטי 110,יחידה,0.00,יחידה,false,,14.90,0.0000,true,1,189127
8682120010279,false,"ספל קלאסי 310 מ""ל",germiyan seramik,,"ספל קלאסי 310 מ""ל",יחידה,0.00,יחידה,false,,5.90,0.0000,true,1,194693
8682120012754,false,"ספל קלאסי 310 מ""ל",germiyan seramik,,"ספל קלאסי 310 מ""ל",יחידה,0.00,יחידה,false,,5.90,0.0000,true,1,193853
8682120012761,false,"ספל מילאס 270 מ""ל",germiyan seramik,,"ספל מילאס 270 מ""ל",יחידה,0.00,יחידה,false,,5.90,0.0000,true,1,193854
8683088001217,false,קערה 14 סמ' LYRA,KAIZEN PORCELAN,,קערה 14 סמ' LYRA,יחידה,0.00,יחידה,false,,9.90,0.0000,true,1,193849
8683090001199,false,מקס סט 2 תבניות אפיי,MAXQUA,,מקס סט 2 תבניות אפיי,יחידה,0.00,יחידה,false,,39.90,0.0000,true,1,182350
8683090001205,false,מקס סט 2 תבניות אפיי,MAXQUA,,מקס סט 2 תבניות אפיי,יחידה,0.00,יחידה,false,,39.90,0.0000,true,1,182351
8683090001212,false,מקס סט 2 תבניות אפיי,MAXQUA,,מקס סט 2 תבניות אפיי,יחידה,0.00,יחידה,false,,39.90,0.0000,true,1,182352
8683130008355,false,מיונז שום לחיץ אמיתי הלמנס 400 גרם,יוניליוור ישראל שיווק בע,,מיונז הלמנס שום לחיץ,גרמים,400.00,100 גרם,false,,16.00,0.0400,true,1,179600
8683130008935,false,"הלמנס קטשיונז 425 גר{הרב רלב""ג}",יוניליוור ישראל שיווק בע,,הלמנס קטשיונז 425 גר,גרמים,425.00,100 גרם,false,,16.00,0.0376,true,1,182216
8683130012666,false,שלגון מגנום דאבל לבן עוגיות 72 גרם,"מיוצר ע""\י יונילוור סנאי",,מגנום דאבל לבן עוגיו,יחידה,0.00,יחידה,false,,11.90,0.0000,true,1,188044
8683130025574,false,"מרכך כביסה מרוכז אקסטרה לבנדר בדין 960 מ""ל",יבוא ושיווק: יוניליוור י,,בדין אקסטרא לבנדר 96,מיליליטרים,960.00,"100 מ""ל",false,,16.90,0.0176,true,1,188049
8683323063024,false,יוגטה שטיחים בטעם תותי פרוטי 220 גרם,ליימן מותגים,,ממתק בטעם תותי פרוטי,גרמים,220.00,100 גרם,false,,5.90,0.0268,true,1,119478
8683463221095,false,עוגיות מזרחיות 550 ג,,,עוגיות מזרחיות 550 ג,גרמים,550.00,100 גרם,false,,49.90,0.0907,true,1,193211
8683463221096,false,בקלאווה 500 גרם,,,בקלאווה 500 גרם,גרמים,500.00,100 גרם,false,,69.90,0.1398,true,1,193212
8690504013303,false,"פתי בר 1 ק""ג",,,"פתי בר 1 ק""ג",קילוגרמים,1.00,"ק""ג",false,,11.90,11.9000,true,1,193282
8690504081913,false,מקוויטיס טינס מצופה שוקולד חלב 150 גרם,שוורצקוף& הנקל דיסלד,,ויסוצקי טינס מצופה ש,גרמים,150.00,100 גרם,false,,10.90,0.0727,true,1,133320
8690504081920,false,מקוויטיס טינס מצופה שוקולד מריר 150 גרם,"אולקר ביסקווי סנאי, א.ס.",,ויסוצקי טינס מצופה ש,גרמים,150.00,100 גרם,false,,10.90,0.0727,true,1,133321
8690504153740,false,גודייבה שוקולד מריר במילוי קרם גנאש 86 גרם,ביסקוט ביסקווי סילבר,,גודייבה טבלת שוקולד,יחידה,0.00,יחידה,false,,13.90,0.0000,true,1,135155
8690504153849,false,גודייבה שוקולד חלב במילוי קרם בטעם פרלין אגוזים 83 גרם,"אולקר מקבוצת פלאדיס,",,גודייבה טבלת שוקולד,יחידה,0.00,יחידה,false,,13.90,0.0000,true,1,135156
8690504868996,false,קאט קאט 24*20גר,,,קאט קאט 24*20גר,גרמים,672.00,100 גרם,false,,15.90,0.0237,true,1,149695
8690506353711,false,ארקו א.ש באלם 150 COOLמל,,,ארקו א.ש באלם cool 1,מיליליטרים,150.00,"100 מ""ל",false,,14.90,0.0993,true,1,181890
8690506409852,false,קצף גילוח גיבס לעור,אוויאפ,,קצף גילוח גיבס לעור,יחידה,0.00,יחידה,false,,5.90,0.0000,true,1,153199
8690526019154,false,אי טי אי - וופל קקאו במילוי קרם קקאו 142 גרם,מולינו ניקולי s.p.a,,וופל קקאו 142 גרם,גרמים,142.00,100 גרם,false,,6.90,0.0486,true,1,165818
8690526019178,false,אי טי אי - וופל קקאו במילוי קרם קוקוס 142 גרם,מולינו ניקולי s.p.a,,וופל קוקוס 142 גרם,גרמים,142.00,100 גרם,false,,6.90,0.0486,true,1,165825
8690526019185,false,אי טי אי - וופל במילוי קרם שוקולד חלב 142 גרם,מולינו ניקולי s.p.a,,וופל חלב 142 גרם,גרמים,142.00,100 גרם,false,,6.90,0.0486,true,1,165826
8690530016514,false,מפיות סלפאק 2 שכבות 75 יח',,,מפיות סלפאק 75 יחידו,יחידה,0.00,יחידה,false,,7.90,0.0000,true,1,171666
8690530029330,false,מפיות קולקשן מודפס 20 יח' סלפק,,,מפיות סלפאק 3 שכבות,יחידה,0.00,יחידה,false,,6.90,0.0000,true,1,171667
8690530032866,false,מפיות סלפאק קומפורט חד שכבתיות 100,,,מפיות סלפאק קומפורט,יחידה,0.00,יחידה,false,,5.90,0.0000,true,1,176800
8690530032880,false,מפיות סלפאק קומפורט חד שכבתיות 200,,,מפיות סלפאק קומפורט,יחידה,0.00,יחידה,false,,8.90,0.0000,true,1,176801
8690530036444,false,נייר מגבות ג'מבו סלפאק קומפורט 2 שכבות 1=6,,,נייר מגבות קומפורט 2,יחידה,0.00,יחידה,false,,10.90,0.0000,true,1,186054
8690530036727,false,ממחטות סלפאק מקסי 3 שכבות 100 יח,איפק קג'יט,,סלפאק ממחטות טישו קו,יחידה,100.00,יחידה,false,,6.90,0.0690,true,1,187822
8690530036741,false,ממחטות נייר סלפאק 3 שכבות 48 יח,,,סלפאק ממחטות טישו בק,יחידה,48.00,יחידה,false,,4.90,0.1021,true,1,187823
8690530151338,false,ממחטות נייר סלפאק פרמיום קלאסי 10 יח,,,סלפאק ממחטות פרימיום,יחידה,0.00,יחידה,false,,7.90,0.0000,true,1,138654
8690530151345,false,ממחטות נייר סלפאק פרמיום מנטול 10 יח,,,סלפאק ממחטות פרימיום,יחידה,0.00,יחידה,false,,7.90,0.0000,true,1,129367
8690530151352,false,ממחטות נייר סלפאק פרמיום פרחים 10 יח,,,סלפאק ממחטות פרימיום,יחידה,0.00,יחידה,false,,7.90,0.0000,true,1,129368
8690530161320,false,ממחטות נייר סלפאק פרמיום לושיין 10 יח,,,סלפאק ממחטות פרימיום,יחידה,0.00,יחידה,false,,7.90,0.0000,true,1,138655
8690530274471,false,נייר טואלט סלפאק קומפורט 2 שכבות 32 גל,איפק קג'יט,,סלפאק נייר טואלט 2 ש,יחידה,32.00,יחידה,false,,36.90,1.1531,true,1,117802
8690530284463,false,נייר טואלט 3 שכבות 32 גלילים סלפאק,איפק קג'יט,,סלפאק נייר טואלט 3ש,יחידה,32.00,יחידה,false,,47.90,1.4969,true,1,139965
8690530324930,false,נייר טואלט דו שכבתי 32 גליל SILEN,איפק,,סילן נייר טואלט דו-ש,יחידה,32.00,יחידה,false,,32.90,1.0281,true,1,117801
8690530615120,false,נייר מגבת סילאן 2 שכבות 6 יח,,,סילן מגבות מטבח שישי,יחידה,6.00,יחידה,false,,10.90,1.8167,true,1,117803
8690531018715,false,מלפפונים כבושים במי מלח 680 גרם,BAAECO,,מלפפונים כבושים במי,גרמים,680.00,100 גרם,false,,10.90,0.0160,true,1,148120
8690572783931,false,"פה - דאודורנט ספריי לגבר אינוויזיבל פאוואר 200 מ""ל",שוורצקופף והנקל,,פה דאודורנט ספרייי א,מיליליטרים,200.00,"100 מ""ל",false,,11.90,0.0595,true,1,132017
8690572784303,false,שמפו גליס Gliss לשיער ארוך Supreme Length,שוורצקופף והנקל,,גליס שמפו לאורך מושל,יחידה,0.00,יחידה,false,,15.90,0.0000,true,1,155997
8690572788851,false,"גליס - שמפו ביו טק 400 מ""ל",שוורצקופף והנקל,,גליס שמפו ביוטק 400,יחידה,0.00,יחידה,false,,15.90,0.0000,true,1,155998
8690572794692,false,"גליס - שמפו לאיזון והזנת הקרקפת 400 מ""ל","הובי קוסמטיק, חברת ייצור",,שמפו גליס לאיזון והז,יחידה,0.00,יחידה,false,,19.90,0.0000,true,1,170493
8690572799482,false,"סאיוס מרכך לשיער גלי ומותלתל 500 מ""ל","הובי קוסמטיק, אנקרה, תור",,סאיוס מרכךסדרת קרטין,מיליליטרים,500.00,"100 מ""ל",false,,12.90,0.0258,true,1,170498
8690572799499,false,"סאיוס - מרכך אולאו 500 מ""ל",הובי קוסמטיק,,סאיוס מרכך סדרת אולי,מיליליטרים,500.00,"100 מ""ל",false,,12.90,0.0258,true,1,170500
8690572799529,false,"סאיוס - שמפו קרטין 500 מ""ל","הובי קוסמטיק, אנקרה, תור",,סאיוס שמפו סדרת קרטי,מיליליטרים,500.00,"100 מ""ל",false,,12.90,0.0258,true,1,170497
8690572799550,false,"סאיוס שמפו לשיער גלי ומתולתל 500 מ""ל",הובי קוסמטיק,,סאיוס שמפו סדרת קורל,מיליליטרים,500.00,"100 מ""ל",false,,12.90,0.0258,true,1,170504
8690612415105,false,"צ'יפס 2.5 ק""ג",,,"צ'יפס 2.5 ק""ג",קילוגרמים,2.50,"ק""ג",false,,36.90,14.7600,true,1,143109
8690612415693,false,"פוטטו 2.5 ק""ג",,,"פוטטו 2.5 ק""ג",קילוגרמים,2.50,"ק""ג",false,,39.90,15.9600,true,1,174454
8690637073373,false,תה ארל גריי בטעם ברגמוט ליפטון 25 שקיקים,יונילוור - תורכיה,,תה ארל גריי בטעם ברג,יחידה,25.00,יחידה,false,,9.00,0.3600,true,1,42973
8690637073434,false,תה ליפטון ארל גריי 100 שקיקים,ליפטון Lipton,,תה ליפטון ארל גריי 1,גרמים,200.00,100 גרם,false,,28.00,0.1400,true,1,43378
8690637503856,false,ממרח הלמנס כ- 40% פחות שומן לעומת מיונז,אפפילד איסטנבול ייצור מז,,מיונז הלמנס ממרח לחי,גרמים,375.00,100 גרם,false,,16.00,0.0427,true,1,163909
8690637504426,false,"קרם ניקוי סיף בניחוח לימון 500 מ""ל",יוניליוור סנאיי וי טיקאר,,"סיף קרם לימון 500 מ""",מיליליטרים,500.00,"100 מ""ל",false,,10.90,0.0218,true,1,179632
8690637505607,false,מרכך כביסה מרוכז בדין אקסטרה בניחוח פינוק כחול,יוניליוור סנאיי וי טיקאר,,בדין אקסטרא פינוק קל,מיליליטרים,960.00,"100 מ""ל",false,,16.90,0.0176,true,1,176247
8690637505614,false,"מרכך כביסה בדין אקסטרה פינוק קוקוס 960 מ""ל",יוניליוור סנאיי וי טיקאר,,בדין אקסטרא פינוק קו,מיליליטרים,960.00,"100 מ""ל",false,,16.90,0.0176,true,1,176248
8690637505935,false,דאב תחליב רחצה לידיים שמן אבוקדו ותמצית קלנדולה,דאב Dove,,דאב תרחיץ ידיים אבוק,מיליליטרים,500.00,"100 מ""ל",false,,16.90,0.0338,true,1,179590
8690637506956,false,"דאב שמפו נגד קשקשים אלוורה 600 מ""ל",יוניליוור סנאי ווי טיקאר,,דאב שמפו אלוורה קשקש,מיליליטרים,600.00,"100 מ""ל",false,,18.90,0.0315,true,1,192241
8690637555084,false,"מרכך כביסה מרוכז אקסטרה פריחת התפוז בדין 960 מ""ל",יוניליוור סנאיי וי טיקאר,,בדין אקסטרה לבן 960,מיליליטרים,960.00,"100 מ""ל",false,,16.90,0.0176,true,1,43203
8690637688195,false,"תה ירוק קלאסי ליפטון 20 יחידות בד""צ",יונילוור - תורכיה,,ליפטון תה ירוק מעטפו,יחידה,20.00,יחידה,false,,19.00,0.9500,true,1,78327
8690637704277,false,"שמפו ומרכך לשיער רגיל 600 מ""ל דאב",יונילוור - תורכיה,,דאב שמפו יום יומי 2ב,מיליליטרים,600.00,"100 מ""ל",false,,18.90,0.0315,true,1,99145
8690637704291,false,שמפו לשיקום אינטנסיבי לשיער פגום,יוניליוור טורקיה. אז,,"דאב שמפו משקם 600 מ""",מיליליטרים,600.00,"100 מ""ל",false,,18.90,0.0315,true,1,99146
8690637704376,false,"שמפו לטיפוח יום יומי דאב 600 מ""ל",יוניליוור סנאיי וי טיקאר,,דאב שמפו יום יומי 60,מיליליטרים,600.00,"100 מ""ל",false,,18.90,0.0315,true,1,99147
8690637704390,false,"מרכך שיער לטיפוח יום יומי דאב 600 מ""ל",יוניליוור טורקיה. אז,,דאב מרכך יום יומי 60,מיליליטרים,600.00,"100 מ""ל",false,,18.90,0.0315,true,1,99148
8690637704413,false,מרכך לשיקום אינטנסיבי לשיער פגום,יוניליוור טורקיה. אז,,"דאב מרכך משקם 600 מ""",מיליליטרים,600.00,"100 מ""ל",false,,18.90,0.0315,true,1,99428
8690637799594,false,ליפטון תה ירוק נענע בסגנון מרוקאי 20 שק,בסן בסין סנאיי וי טי,,ליפטון תה ירוק נענע,יחידה,0.00,יחידה,false,,19.00,0.0000,true,1,114774
8690637835643,false,"תה ירוק לימונית ולאויזה 30 גרם ""ליפטון""",יונילוור - תורכיה,,ליפטון תה ירוק לואיז,יחידה,0.00,יחידה,false,,19.00,0.0000,true,1,125587
8690637842399,false,מאגדת מגנום מיני דאבל פרי יער שוקולד 6 יח' נסטלה,יוניליוור סנאי וי סי,,מיני מגנום דאבל שוקו,יחידה,0.00,יחידה,false,,26.90,0.0000,true,1,132557
8690637858734,false,ג'ל לניקוי כללי בתוספת אקונומיקה בניחוח לימון,סיף פנטסטיק Cif Fantastic,,סיף ג'ל אקונומיקה לי,מיליליטרים,750.00,"100 מ""ל",false,,12.90,0.0172,true,1,134942
8690637858741,false,ג'ל לניקוי כללי בתוספת אקונומיקה בניחוח רוח ים,סיף פנטסטיק Cif Fantastic,,סיף גל אקונומיקה רוח,מיליליטרים,750.00,"100 מ""ל",false,,12.90,0.0172,true,1,134943
8690637858758,false,ג'ל לניקוי כללי בתוספת אקונומיקה בניחוח אורנים,סיף פנטסטיק Cif Fantastic,,סיף ג'ל אקונומיקה או,מיליליטרים,750.00,"100 מ""ל",false,,12.90,0.0172,true,1,134936
8690637865589,false,"דאב תרחיץ ידיים בניחוח מלפפונים ותה ירוק 500 מ""ל",General,,דאב תרחיץ ידיים בניח,מיליליטרים,500.00,"100 מ""ל",false,,16.90,0.0338,true,1,143581
8690637871108,false,הלמנ'ס ממרח חרדל 250 גרם,יוניליוור,,הלמנס חרדל 250 גרם,גרמים,250.00,100 גרם,false,,14.90,0.0596,true,1,146268
8690637871245,false,הלמנס מיונז אמיתי 395 גר' בקבוק לחיץ.,"בסטפוד - 3P ארה""ב Fo",,הלמנס לחיץ מיונז 375,גרמים,375.00,100 גרם,false,,16.00,0.0427,true,1,144902
8690637890666,false,מאגדת מגנום מיני דאבל פיסטוק 6 יח' שטראוס,יוניליוור סנאיי וי ט,,מיני מגנום דאבל פיסט,יחידה,0.00,יחידה,false,,26.90,0.0000,true,1,143723
8690637946301,false,"בדין - מרכך כביסה אקסטרא בייביי כחול 960 מ""ל",יוניליוור סנאיי וי טיקאר,,בדין אקסטרה בייבי כח,מיליליטרים,960.00,"100 מ""ל",false,,16.90,0.0176,true,1,153372
8690637946318,false,"מרכך כביסה בדין מרוכז אקסטרה בייבי טלק 960 מ""ל",יוניליוור סנאיי וי טיקאר,,בדין אקסטרא בייבי צה,מיליליטרים,960.00,"100 מ""ל",false,,16.90,0.0176,true,1,153373
8690637989612,false,שלגון שמנת בטעם וניל עם ריפל בטעם שוקולד 246 גרם,יונילוור סנאיי וי טיג'\,,מיני מגנום דאבל פיסט,יחידה,0.00,יחידה,false,,26.90,0.0000,true,1,172402
8690637994029,false,מרכך כביסה אקסטרה בניחוח סחלבים פראי,יוניליוור סנאיי וי טיקאר,,בדין אקסטרה ורוד 1.4,יחידה,0.00,יחידה,false,,19.90,0.0000,true,1,169520
8690637994036,false,מרכך כביסה אקסטרה בניחוח יסמין מרענן,יוניליוור סנאיי וי טיקאר,,בדין אקסטרה כחול 1.4,יחידה,0.00,יחידה,false,,19.90,0.0000,true,1,169521
8690758981021,false,צמר גפן מכותנה טבעית,,,אסותא צמר גפן כותנה,יחידה,0.00,יחידה,false,,4.90,0.0000,true,1,132018
8690766156367,false,גודייבה שוקולד חלב מעולה 90 גרם,"אולקר מקבוצת פלאדיס,",,ויסוצקי שוקולד חלב מ,יחידה,0.00,יחידה,false,,15.90,0.0000,true,1,149571
8690766156374,false,גודייבה שוקולד מריר מעולה 72% מוצקי קקאו 72גרם,"אולקר מקבוצת פלאדיס,",,שוקולד מריר 72% 90 ג,יחידה,0.00,יחידה,false,,15.90,0.0000,true,1,149572
8690766156381,false,גודייבה שוקולד מריר 90% מוצקי קקאו 90 גרם,"אולקר מקבוצת פלאדיס,",,טבלת שוקולד מריר 90%,יחידה,0.00,יחידה,false,,15.90,0.0000,true,1,149573
8690766156404,false,שוקולד מריר מעולה גודייבה תפוז אדום 90 גרם,גודייבה,,שוקולד מריר בטעם תפו,יחידה,0.00,יחידה,false,,15.90,0.0000,true,1,149575
8690766156411,false,שוקולד מריר מעולה בטעם פלפל ורוד עם חתיכות תות מסוכר 90 גרם,"אולקר מקבוצת פלאדיס,",,טבלת שוקולד מריר עם,יחידה,0.00,יחידה,false,,15.90,0.0000,true,1,149576
8690771130109,false,מלח 500 גרם,,,מלח 500 גרם,יחידה,0.00,יחידה,false,,4.90,0.0000,true,1,174872
8690777203012,false,פלפלים ירוקים כבושים לא חריפים סרה ויליפוד 600 גרם,יוליניבר,,פלפל ירוק כבוש לא חר,גרמים,600.00,100 גרם,false,,13.90,0.0232,true,1,29274
8690777204071,false,פלפלים כבושים חריפים סרה 320 גרם,יוליניבר,,פלפל חריף 640 גר ויל,גרמים,640.00,100 גרם,false,,13.90,0.0217,true,1,29195
8690777221405,false,פלפל אדום קלוי סרה ויליפוד 650 גרם,קוראהן פזלרמה וי דיס,,פלפל אדום קלוי על הא,גרמים,650.00,100 גרם,false,,13.90,0.0214,true,1,29415
8690784611442,false,סבון מוצק לניקוי אסלה בניחוח הדרים בתוספת אקונומיקה,דאופלור אס פי אי כונ,,דאק סבון אקטיבי לניק,יחידה,0.00,יחידה,false,,6.90,0.0000,true,1,149266
8690784614665,false,סבון דאק לניקוי אסלה בניחוח ים נתלה,דאופלור אס פי אי כונ,,דאק סבון אקטיבי לניק,יחידה,0.00,יחידה,false,,6.90,0.0000,true,1,143206
8691066111124,false,וופלים ממולאים קרם קקאו ואגוזים 24 יח' SUPERROOL,,,חטיפי סופר רול 24 יח,יחידה,24.00,יחידה,false,,19.90,0.8292,true,1,82737
8691066111612,false,קופסה גלילי וופל במילוי קרם אגוזים וקקאו 400 ג' TIME,,,ביסקוויט רול 400 גר,גרמים,400.00,100 גרם,false,,15.90,0.0398,true,1,83273
8691066112442,false,חטיף מיני האי האי 24 יח',,TR,חטיפי האי האי 24 יח',יחידה,24.00,יחידה,false,,9.90,0.4125,true,1,83274
8691066260624,false,ביסקוויט בציפוי שוקולד קרמל 24 יח' hay hay,,,ביסקוויט סנדוויץ במי,יחידה,0.00,יחידה,false,,9.90,0.0000,true,1,124223
8691066534824,false,וופלים במילוי קרם בטעם לימון 800 ג' waw,,,וופלים במילוי קרם בט,גרמים,800.00,100 גרם,false,,16.90,0.0211,true,1,192258
8691066534923,false,וופלים במילוי קרם בטעם חמאת בוטנים 800 ג' waw,,,וופלים במילוי קרם בט,גרמים,800.00,100 גרם,false,,16.90,0.0211,true,1,192259
8691066535029,false,וופל במילוי קרם בטעם שוקולד 800 ג' WAW,,,וופל במילוי קרם בטעם,גרמים,800.00,100 גרם,false,,16.90,0.0211,true,1,122496
8691066535234,false,וופל במילוי קרם בטעם שוקולד 165 ג' WAW,,TR,וופל במילוי קרם בטעם,גרמים,165.00,100 גרם,false,,4.90,0.0297,true,1,181204
8691530924670,false,סירופ רימונים נאטרסן345ג,נטורסן,,סירופ רימונים 345 גר,מיליליטרים,345.00,"100 מ""ל",false,,19.90,0.0577,true,1,152431
8691707036014,false,אוזמו ביצת הפתעה 20 ג',,,אוזמו ביצים 20 גרם,יחידה,0.00,יחידה,false,,2.90,0.0000,true,1,146031
8691707066035,false,ממתק אוזמו בורגר 40,,,אוזמו בורגיר 40 גרם,יחידה,0.00,יחידה,false,,2.50,0.0000,true,1,165787
8691707087962,false,אוזמו דובי על מקל 23,,,אוזמו בובה,יחידה,0.00,יחידה,false,,2.90,0.0000,true,1,150801
8691707088006,false,ממתק אוזמו גו 30 גר,,,אוזמו גו 30 גרם 4*20,יחידה,0.00,יחידה,false,,3.90,0.0000,true,1,154995
8691707090122,false,אוזמו טילון 4 קופסאו,,,אוזמו טילון 4 קופסאו,יחידה,0.00,יחידה,false,,2.90,0.0000,true,1,164408
8691707140117,false,אוזמו הוקסי פוקסי 36ג',,,אוזמו הוקסי פוקסי 36,יחידה,0.00,יחידה,false,,2.90,0.0000,true,1,145251
8691707190792,false,אוזמו אוגובוגו ששיה 6*16 ג',,,אוזמו אוגובוגו שישיי,יחידה,0.00,יחידה,false,,6.90,0.0000,true,1,189482
8691707590042,false,אוזמו טילון רביעייה,,,אוזמו טילון,יחידה,0.00,יחידה,false,,6.90,0.0000,true,1,140281
8691911700909,false,PERILLA מתקן לייבוש,,,PERILLA מתקן לייבוש,יחידה,0.00,יחידה,false,,119.90,0.0000,true,1,186356
8691913200117,false,PERRILA מיישב כלים ד,DOGRULAR,,PERRILA מיישב כלים ד,יחידה,0.00,יחידה,false,,79.90,0.0000,true,1,186352
8693323085100,false,גומי יוגטה שטיחים חמוצים טעם פירות 100 ג,יוגטה yogueta,,יוגטה שטיחים חמוצים,גרמים,100.00,100 גרם,false,,4.90,0.0490,true,1,137002
8693323099107,false,מרשמלו לבבות בטעם תות ווניל,ליימן שליסל,,יוגטה מרשמלו לבבות 1,גרמים,150.00,100 גרם,false,,6.90,0.0460,true,1,129200
8693357090743,false,פסבצה מאפרה,PASABACHE,,פסבצה מאפרה,יחידה,0.00,יחידה,false,,14.90,0.0000,true,1,189776
8693357116221,false,קנקן זכוכית מכסה אדו,PASABACHE,,קנקן זכוכית מכסה אדו,יחידה,0.00,יחידה,false,,24.90,0.0000,true,1,186089
8693357371705,false,פסבצ'ה צלחת זכוכית ג,PASABACHE,,פסבצ'ה צלחת זכוכית ג,יחידה,0.00,יחידה,false,,16.90,0.0000,true,1,189789
8693357371842,false,פסבצ'ה צלחת זכוכית ג,PASABACHE,,פסבצ'ה צלחת זכוכית ג,יחידה,0.00,יחידה,false,,29.90,0.0000,true,1,189790
8693357507197,false,פסבצ'ה כיסוי עוגה זכ,PASABACHE,,פסבצ'ה כיסוי עוגה זכ,יחידה,0.00,יחידה,false,,39.90,0.0000,true,1,189798
8693357512955,false,פסבצה קנקן זכוכית,PASABACHE,,פסבצה קנקן זכוכית,יחידה,0.00,יחידה,false,,29.90,0.0000,true,1,186107
8693357537316,false,פסבצ'ה מגש זכוכית רי,PASABACHE,,פסבצ'ה מגש זכוכית רי,יחידה,0.00,יחידה,false,,34.90,0.0000,true,1,189800
8693495037853,false,זוג מברשות שיניים קולגייט סלים סופט זהב,הנסיך- מפעל לייצור ט,,קולגייט מברשות סלים,יחידה,2.00,יחידה,false,,29.90,14.9500,true,1,64770
8693495041461,false,זוג מברשות שיניים קולגייט סלים סופט פחם,הנסיך- מפעל לייצור ט,,קולגייט מברשת סלים ס,יחידה,2.00,יחידה,false,,29.90,14.9500,true,1,77457
8693495050333,false,"פלמוליב סבון נוזלי לגבר לימון ירוק 500 מ""ל",קולגייט-פלמוליב,,פלמוליב סבון נוזלי ל,מיליליטרים,500.00,"100 מ""ל",false,,15.90,0.0318,true,1,125120
8693495051002,false,מברשת שיניים לילדים מיניונים קולגייט 6+,קולגייט פלמוליב,,קולגייט מברשת ילדים,יחידה,1.00,יחידה,false,,13.90,13.9000,true,1,126165
8693495051255,false,מברשת שיניים סלים סופט זהב קולגייט זוג,קולגייט - פלמוליב,,קולגייט מברשת סלים ס,יחידה,2.00,יחידה,false,,29.90,14.9500,true,1,127890
8693495054058,false,סבון נוזלי פלמוליב לומינוס עם תמציות שמן מקדמיה,קולגייט פלמוליב,,פלמוליב סבון לומינוס,מיליליטרים,750.00,"100 מ""ל",false,,19.90,0.0265,true,1,179954
8693855000657,false,"פרישר תות 200מ""ל מארז שישייה",,,פרשר בטעם תות שישייה,מיליליטרים,200.00,"100 מ""ל",false,,12.90,0.0645,true,1,152901
8693855004433,false,"פרישר סודה מארז שישיה * 200 מ""ל",,,פרישר סודה שישייה 20,מיליליטרים,200.00,"100 מ""ל",false,,12.90,0.0645,true,1,149438
8693855006451,false,"פרישר תפוח 200 מ""ל מארז שישייה",,,פרשר בטעם תפוח שישיי,מיליליטרים,200.00,"100 מ""ל",false,,12.90,0.0645,true,1,155077
8693855006635,false,"פרישר מנטה 200 מ""ל מארז שישייה",,,שישיית פרישר מנטה 20,מיליליטרים,200.00,"100 מ""ל",false,,12.90,0.0645,true,1,154844
8693855007113,false,"פרישר אננס 200 מ""ל מארז שישייה",,,שישיית פרישר אננס 20,מיליליטרים,200.00,"100 מ""ל",false,,12.90,0.0645,true,1,154840
8693855007175,false,"פרישר מילון בננה 200 מ""ל מארז שישייה",,,פרישר לימון שישייה 2,מיליליטרים,200.00,"100 מ""ל",false,,12.90,0.0645,true,1,159048
8696219000645,false,ארגונית סכום תכלת,IRAK PLASTIC,,ארגונית סכום תכלת,יחידה,0.00,יחידה,false,,24.90,0.0000,true,1,187806
8696219004070,false,פח אשפה אפור 5.5 ליט,IRAK PLASTIC,,פח אשפה אפור 5.5 ליט,יחידה,0.00,יחידה,false,,16.90,0.0000,true,1,150464
8696219005213,false,קנקן מכסה כחול,IRAK PLASTIC,,קנקן מכסה כחול,יחידה,0.00,יחידה,false,,12.90,0.0000,true,1,189964
8696219348723,false,מכסה פלסטיק קטן למיק,IRAK PLASTIC,,מכסה פלסטיק קטן למיק,יחידה,0.00,יחידה,false,,10.00,0.0000,true,1,189476
8696219356636,false,מכסה פלסטיק קטן למיק,IRAK PLASTIC,,מכסה פלסטיק קטן למיק,יחידה,0.00,יחידה,false,,12.90,0.0000,true,1,189477
8696219360954,false,סט 3 קופסאות עגולות,IRAK PLASTIC,,סט 3 קופסאות עגולות,יחידה,0.00,יחידה,false,,12.90,0.0000,true,1,189447
8696219363665,false,סט 3 קופסאות,IRAK PLASTIC,,סט 3 קופסאות,יחידה,0.00,יחידה,false,,12.90,0.0000,true,1,189973
8696219364945,false,קופסת אכסון מחולקת ל,IRAK PLASTIC,,קופסת אכסון מחולקת ל,יחידה,0.00,יחידה,false,,16.90,0.0000,true,1,187807
8696219375675,false,קרש חיתוך עם ניקוז,IRAK PLASTIC,,קרש חיתוך עם ניקוז,יחידה,0.00,יחידה,false,,14.90,0.0000,true,1,189455
8696219381690,false,קופסא עגולה עם מסננת,IRAK PLASTIC,,קופסא עגולה עם מסננת,יחידה,0.00,יחידה,false,,24.90,0.0000,true,1,125565
8696219382444,false,מסחטת הדרים 0.25 ליט,IRAK PLASTIC,,מסחטת הדרים 0.25 ליט,יחידה,0.00,יחידה,false,,7.90,0.0000,true,1,171879
8696219394270,false,קופסת ביצים 12 יח,IRAK PLASTIC,,קופסת ביצים 12 יח,יחידה,0.00,יחידה,false,,14.90,0.0000,true,1,187810
8696219394287,false,קופסאת אוכל 3 חלקים,IRAK PLASTIC,,קופסאת אוכל 3 חלקים,יחידה,0.00,יחידה,false,,12.90,0.0000,true,1,190000
8696219402463,false,*מבצע* סלסלה אטבים ס,IRAK PLASTIC,,*מבצע* סלסלה אטבים ס,יחידה,0.00,יחידה,false,,10.00,0.0000,true,1,152002
8696219404979,false,סלסלת אחסון לבנה עם,IRAK PLASTIC,,סלסלת אחסון לבנה עם,יחידה,0.00,יחידה,false,,14.90,0.0000,true,1,171303
8696219405150,false,סלסלה גבוהה פלסט ארט,IRAK PLASTIC,,מארגן ארונות עמוק,יחידה,0.00,יחידה,false,,10.00,0.0000,true,1,149600
8696219405235,false,פח אשפה תלוי תכלת,IRAK PLASTIC,,פח אשפה תלוי תכלת,יחידה,0.00,יחידה,false,,11.90,0.0000,true,1,189999
8696219405921,false,מעמד לסידור איפור,IRAK PLASTIC,,מעמד לסידור איפור,יחידה,0.00,יחידה,false,,24.90,0.0000,true,1,190011
8696219414626,false,פח אחסון אוכל 5.8 לי,IRAK PLASTIC,,פח אחסון אוכל 5.8 לי,יחידה,0.00,יחידה,false,,24.90,0.0000,true,1,190328
8696219415067,false,מתקן אוכל ומים לחיות,IRAK PLASTIC,,מתקן אוכל ומים לחיות,יחידה,0.00,יחידה,false,,24.90,0.0000,true,1,190518
8696219415418,false,דלי אוכל,IRAK PLASTIC,,דלי אוכל,יחידה,0.00,יחידה,false,,69.90,0.0000,true,1,190781
8696219416484,false,כף אוכל לכלבים מסננת,IRAK PLASTIC,,כף אוכל לכלבים מסננת,יחידה,0.00,יחידה,false,,5.90,0.0000,true,1,190327
8697040108975,false,אסותא סבון נוזלי להיגיינה אישית 1/12,,,אסותא סבון נוזלי להי,יחידה,0.00,יחידה,false,,9.90,0.0000,true,1,117960
8697040109323,false,אסותא סבון מוצק להיגיינה,אטש סונמז כימיה,,סבון אסותא 100 גרם,גרמים,100.00,100 גרם,false,,5.00,0.0500,true,1,106052
8697040109903,false,אסותא גל רחצה אלוורה,,,אסותא קר ג'ל רחצה אל,יחידה,0.00,יחידה,false,,9.90,0.0000,true,1,162272
8697040109965,false,שמפו ומרכך אסותא 700,,,אסותא שמפו ומרכך 70,יחידה,0.00,יחידה,false,,9.90,0.0000,true,1,176813
8697431460378,false,קונפיטורה 70% שזיף פרופה 450 גרם,פרוטנגו Fruitango,,קונפיטורה 70% פרי -,גרמים,450.00,100 גרם,false,,17.90,0.0398,true,1,42425
8697442446712,false,סיר רוסטר 38,,,סיר רוסטר 38,יחידה,0.00,יחידה,false,,99.90,0.0000,true,1,189659
8697480522034,false,פח אשפה מדווש יוקרתי,Tuffex Plastik,,פח אשפה מדווש יוקרתי,יחידה,0.00,יחידה,false,,39.90,0.0000,true,1,194805
8697480522041,false,פח אשפה מדווש יוקרתי,Tuffex Plastik,,פח אשפה מדווש יוקרתי,יחידה,0.00,יחידה,false,,49.90,0.0000,true,1,194855
8697512622220,false,SUN - בקבוק שמן סמל,SUN PLASTIC,,SUN - בקבוק שמן סמל,יחידה,0.00,יחידה,false,,9.90,0.0000,true,1,186648
8697512622572,false,SUN - משאבת STAR MIN,SUN PLASTIC,,SUN - משאבת STAR MIN,יחידה,0.00,יחידה,false,,29.90,0.0000,true,1,186650
8697512622589,false,SUN - ECO SQUEEZER,SUN PLASTIC,,SUN - ECO SQUEEZER,יחידה,0.00,יחידה,false,,9.90,0.0000,true,1,186651
8697512624422,false,SUN - חותך בצק ניאון,SUN PLASTIC,,SUN - חותך בצק ניאון,יחידה,0.00,יחידה,false,,9.90,0.0000,true,1,186672
8697512626198,false,SUN - 2 X BAG CLUBS,SUN PLASTIC,,SUN - 2 X BAG CLUBS,יחידה,0.00,יחידה,false,,9.90,0.0000,true,1,187652
8697512628536,false,SUN - 2x קולב יניקה,SUN PLASTIC,,SUN - 2x קולב יניקה,יחידה,0.00,יחידה,false,,9.90,0.0000,true,1,186683
8697512628901,false,SUN - קולב לבבות 2x3,SUN PLASTIC,,SUN - קולב לבבות 2x3,יחידה,0.00,יחידה,false,,9.90,0.0000,true,1,187655
8697512628918,false,SUN - קולב דייזי 2x3,SUN PLASTIC,,SUN - קולב דייזי 2x3,יחידה,0.00,יחידה,false,,9.90,0.0000,true,1,187656
8697512628949,false,SUN - 3x קולב לב,SUN PLASTIC,,SUN - 3x קולב לב,יחידה,0.00,יחידה,false,,9.90,0.0000,true,1,186685
8697512628956,false,SUN - 3x מתלה דייזי,SUN PLASTIC,,SUN - 3x מתלה דייזי,יחידה,0.00,יחידה,false,,9.90,0.0000,true,1,186686
8697659232733,false,"מבשם אריגים פרש כותנה יעקובי 425מ""ל",יעקובי,,פרש אנד מור מבשם ארי,מיליליטרים,425.00,"100 מ""ל",false,,13.90,0.0327,true,1,138580
8697659244385,false,מילוי מטהר אוויר בני,,,אסותא מילוי מטהר אוו,יחידה,0.00,יחידה,false,,9.90,0.0000,true,1,176822
8697659244408,false,אסותא מילוי מטהר אוו,,,אסותא מילוי מטהר אוו,יחידה,0.00,יחידה,false,,7.90,0.0000,true,1,176823
8697659244446,false,אסותא מילוי מטהר אוו,,,אסותא מילוי מטהר אוו,יחידה,0.00,יחידה,false,,9.90,0.0000,true,1,176827
8697659244453,false,מילוי מטהר אוויר אנט,,,אסותא מילוי מטהר אוו,יחידה,0.00,יחידה,false,,9.90,0.0000,true,1,176828
8697713209015,false,תבנית לאפיה,ONCU MUTFAK,,תבנית לאפיה,יחידה,0.00,יחידה,false,,44.90,0.0000,true,1,187820
8697806730068,false,מלקחי ברביקיו מתכת,UNVER-BBQ,,מלקחי ברביקיו מתכת,יחידה,0.00,יחידה,false,,9.90,0.0000,true,1,188033
8697826469092,false,טורטיה קטנה שקדיה 540 גרם 12 יחידות,דין שיווק,,טורטיות 8 יח 365 גרם,גרמים,365.00,100 גרם,false,,10.20,0.0279,true,1,78082
8697853094847,false,"קופסא מרובעת 1700 מ""",,,"קופסא מרובעת 1700 מ""",יחידה,0.00,יחידה,false,,16.90,0.0000,true,1,183346
8697853094892,false,כוס מיקרוגל עם מכסה,,,כוס מיקרוגל עם מכסה,יחידה,0.00,יחידה,false,,10.00,0.0000,true,1,192952
8697950712033,false,*מבצע* SUN - סל פירו,SUN PLASTIC,,*מבצע* SUN - סל פירו,יחידה,0.00,יחידה,false,,10.00,0.0000,true,1,186691
8697950723336,false,SUN - סט משפך 3x,SUN PLASTIC,,SUN - סט משפך 3x,יחידה,0.00,יחידה,false,,9.90,0.0000,true,1,187628
8697950723909,false,SUN - כוס מדידה דו צ,SUN PLASTIC,,SUN - כוס מדידה דו צ,יחידה,0.00,יחידה,false,,9.90,0.0000,true,1,186695
8697950726078,false,קולפן ירקות סאן פלסט,SUN PLASTIC,,קולפן ירקות סאן פלסט,יחידה,0.00,יחידה,false,,9.90,0.0000,true,1,186708
8697950726320,false,SUN - מברשת בצק,SUN PLASTIC,,SUN - מברשת בצק,יחידה,0.00,יחידה,false,,14.90,0.0000,true,1,187641
8697950726450,false,SUN - TERRA HANDHELD,SUN PLASTIC,,SUN - TERRA HANDHELD,יחידה,0.00,יחידה,false,,9.90,0.0000,true,1,186717
8697950731171,false,SUN - חותך בצורות מע,SUN PLASTIC,,SUN - חותך בצורות מע,יחידה,0.00,יחידה,false,,9.90,0.0000,true,1,187624
8697950731195,false,SUN - עוגת עיפרון למ,SUN PLASTIC,,SUN - עוגת עיפרון למ,יחידה,0.00,יחידה,false,,9.90,0.0000,true,1,186740
8697950731300,false,SUN - תבנית חותך בצו,SUN PLASTIC,,SUN - תבנית חותך בצו,יחידה,0.00,יחידה,false,,9.90,0.0000,true,1,186748
8697950731317,false,SUN - תבנית חותך בצו,SUN PLASTIC,,SUN - תבנית חותך בצו,יחידה,0.00,יחידה,false,,9.90,0.0000,true,1,186749
8697950731331,false,SUN - תבנית חותך בצו,SUN PLASTIC,,SUN - תבנית חותך בצו,יחידה,0.00,יחידה,false,,9.90,0.0000,true,1,186751
8697950733014,false,SUN - חותכי עוגיות ע,SUN PLASTIC,,SUN - חותכי עוגיות ע,יחידה,0.00,יחידה,false,,9.90,0.0000,true,1,186754
8697950733045,false,SUN - חותכי עוגיות כ,SUN PLASTIC,,SUN - חותכי עוגיות כ,יחידה,0.00,יחידה,false,,9.90,0.0000,true,1,186757
8697950733052,false,SUN - חותכי עוגיות ע,SUN PLASTIC,,SUN - חותכי עוגיות ע,יחידה,0.00,יחידה,false,,9.90,0.0000,true,1,186758
8697950733205,false,SUN - חותכי עוגיות ד,SUN PLASTIC,,SUN - חותכי עוגיות ד,יחידה,0.00,יחידה,false,,9.90,0.0000,true,1,186759
8697950740029,false,SUN - מחזיק מגבת ניי,SUN PLASTIC,,SUN - מחזיק מגבת ניי,יחידה,0.00,יחידה,false,,14.90,0.0000,true,1,186763
8697975036817,false,סט מלח פלפל DORIAN,,,סט מלח פלפל DORIAN,יחידה,0.00,יחידה,false,,18.90,0.0000,true,1,188957
8699038075788,false,כד מעוצב זכוכית 1 לי,,,כד מעוצב זכוכית 1 לי,יחידה,0.00,יחידה,false,,14.90,0.0000,true,1,193895
8699053503129,false,כריות,,,כריות,יחידה,0.00,יחידה,false,,59.90,0.0000,true,1,188682
8699141057053,false,ממתק ביסקולטה מווד 1,,,ביסקולטה מווד 125 גר,יחידה,0.00,יחידה,false,,6.90,0.0000,true,1,140255
8699141157104,false,ממתק אוזמו הופו 40 ג,,,אוזמו הופו 40 גרם,יחידה,0.00,יחידה,false,,2.90,0.0000,true,1,140241
8699375822793,false,מברשת לאסלה (צבעים),arslankaya plastik,,מברשת לאסלה (צבעים),יחידה,0.00,יחידה,false,,29.90,0.0000,true,1,186783
8699375822809,false,*מבצע* פח אשפה של דו,arslankaya plastik,,*מבצע* פח אשפה של דו,יחידה,0.00,יחידה,false,,19.90,0.0000,true,1,186784
8699375822960,false,*מבצע* פח אשפה 10 LT,arslankaya plastik,,*מבצע* פח אשפה 10 LT,יחידה,0.00,יחידה,false,,19.90,0.0000,true,1,183852
8699375823028,false,*מבצע* קופסת מפיות ת,arslankaya plastik,,*מבצע* קופסת מפיות ת,יחידה,0.00,יחידה,false,,10.00,0.0000,true,1,183855
8710314000819,false,סמנה 400 ג' אלחלוב,,,שומן חמאה 400 גרם,גרמים,400.00,100 גרם,false,,34.90,0.0872,true,1,154600
8710314001564,false,חמאה אלחלוב 200 גרם,,,חמאה אלחלוב 200 גרם,יחידה,0.00,יחידה,false,,13.90,0.0000,true,1,176255
8710428005755,false,תרכובת מזון לתינוקות על בסיס חלבון סויה איזומיל שלב 1,"אבוט מעבדות רפואיות בע""מ",,סימילאק איזומיל 400,גרמים,400.00,100 גרם,false,,39.90,0.0997,true,1,72409
8710428016348,false,אבקת משקה להשלמה תזונתית וניל 400 ג' פדיאשור,אבוט מעבדות רפואיות,,פדיאשור קומפליט וניל,גרמים,400.00,100 גרם,false,,39.90,0.0997,true,1,160573
8710447224342,false,טרזמה שמפו עם קרטין 400 מל,"יוניליוור פולין, רחוב קר",,TRESEMME שמפו קרטין,מיליליטרים,400.00,"100 מ""ל",false,,22.90,0.0572,true,1,139844
8710447275306,false,דאב קרם ידיים שמן אבוקדו ותמצית קלנדולה,"יוניליוור פולין, רחוב קר",,דאב קרם ידיים אבוקדו,יחידה,0.00,יחידה,false,,11.90,0.0000,true,1,144212
8710447275313,false,דאב קרם ידיים שמן קוקוס וחלב שקדים,"יוניליוור פולין, רחוב קר",,דאב קרם ידיים קוקוס,יחידה,0.00,יחידה,false,,11.90,0.0000,true,1,144213
8710502064814,false,עוגיות מרבה שוקולד ציפס במרקם רך 175 גר,בנקטבקריי מרבה בי.וי,,מרבה עוגיות שוקוציפס,גרמים,175.00,100 גרם,false,,9.90,0.0566,true,1,102727
8710502100864,false,עוגיות מרבה פטיסרי דאבל שוקולד 200 גרם,"מרבה בע""\מ",,מרבה פטיסרי עוגיות ד,גרמים,200.00,100 גרם,false,,11.90,0.0595,true,1,189234
8710502139017,false,עוגיות טריפל שוקולד צ'יפס מרבה 180 גרם,בנקטבקריי מרבה בי.וי,,מרבה טריפל שוקולד צי,גרמים,180.00,100 גרם,false,,9.90,0.0550,true,1,52034
8710502194801,false,"עוגיות שוקלד ציפס רכה פירות יער ""מרבה"" 175 גרם",בנקטבקריי מרבה בי.וי,,מרבה ע.שוקולד ציפס ר,גרמים,175.00,100 גרם,false,,9.90,0.0566,true,1,115301
8710502194825,false,מרבה - עוגיות שוקוצ'יפס כשר למהדרין 150 גרם,מרבה הולנד,,מרבה עוגיות שוקולד צ,גרמים,150.00,100 גרם,false,,8.90,0.0593,true,1,146244
8710502231018,false,מרבה עוגיות מיני שוקולד צ'יפס 175 גרם,"מרבה בע""\מ",,מרבה עוגיות שוקולד צ,יחידה,0.00,יחידה,false,,9.90,0.0000,true,1,166238
8710502279010,false,מרבה עוגיות שוקולד צ'יפס מצופות שוקולד 175 גרם,"י.מרבה ישראל בע""מ",,מרבה ע.שוקוציפס מצופ,גרמים,175.00,100 גרם,false,,9.90,0.0566,true,1,163933
8710502405204,false,עוגיות שוקולד צ'יפס עם קרם שוקולד מרבה 175 גרם,קריניציה ויטמינה אס,,מרבה ע.שוקוציפס ממול,גרמים,175.00,100 גרם,false,,9.90,0.0566,true,1,51685
8710800027573,false,סוכריות מיני בטעם פירות מנטוס 178 גרם,פרפטי ואן מלה ברדה,,מיני מנטוס שקית,גרמים,178.00,100 גרם,false,,13.90,0.0781,true,1,43396
8710800961310,false,סוכריות בטעם תות מנטוס 4*375 גרם,פרפטי ואן מלה ברדה,,מנטוס 1/4 תות,גרמים,150.00,100 גרם,false,,11.00,0.0733,true,1,42118
8710847942679,false,טרזמה שמפו לשיער יבש בתוספת שמן המפ,יוניליוור,,"TRESEMME שמפו 400 מ""",מיליליטרים,400.00,"100 מ""ל",false,,22.90,0.0572,true,1,176244
8710847942693,false,טרזמה מרכך לשיער יבש שמן המפ 400 מל,יוניליוור,,"TRESEMME מרכך 400 מ""",מיליליטרים,400.00,"100 מ""ל",false,,22.90,0.0572,true,1,176245
8710908326691,false,"תחליב רחצה פרח האדמונית דאב 750 מ""ל",יוניליוור גרמניה (בו,,דאב ת.רחצה אדמונית 7,מיליליטרים,750.00,"100 מ""ל",false,,18.90,0.0252,true,1,113023
8710908693809,false,"TRESSEMME מסיכה טיפולית עם קרטין 300מ""ל","יוניליוור פולין, רחוב קר",,TRESEMME מסכה עם קרט,מיליליטרים,300.00,"100 מ""ל",false,,32.90,0.1097,true,1,133156
8711000371206,false,ג'ייקובס קפסולות קפה אספרסו ריסטרטו עוצמה 12,ג'ייקובס דאו אגברטס צרפת,,ג'ייקובס קפסולות קפה,יחידה,0.00,יחידה,false,,14.90,0.0000,true,1,142257
8711000371244,false,"ג'ייקובס קפסולות אספרסו (8) 10 יח', 52ג' לונגו",ג'\ייקובס דאו אגברטס,,גייקובס קפסולות אספר,יחידה,0.00,יחידה,false,,14.90,0.0000,true,1,149171
8711000472040,false,קפסולות קפה אספרסו סלקשיין גייקובס 52 גר,ג'ייקובס Jacobs,,ג'ייקובס קפסולות קפה,יחידה,0.00,יחידה,false,,14.90,0.0000,true,1,176918
8711200443789,false,"חרדל דיז'ון גרגירים בבקבוק לחיץ סיימן 235 מ""ל",מיילי,,חרדל גרגירים לחיץ 2,גרמים,235.00,100 גרם,false,,12.90,0.0549,true,1,146079
8711200443802,false,"חרדל דיזון בבקבוק לחיץ 235 מ""ל",מיילי,,חרדל דיז'ון לחיץ 23,גרמים,235.00,100 גרם,false,,12.90,0.0549,true,1,146080
8711327475618,false,"גלידת מגנום וניל קלאסיק 440 מ""ל","מפעל גלידות בווספרם, רחו",,מגנום פיינט וניל קלא,מיליליטרים,440.00,"100 מ""ל",false,,18.90,0.0430,true,1,165980
8711327475663,false,מגנום פיינט וניל שוקולד לבן 260 גרם,"מפעל גלידות בווספרם, רחו",,מגנום פיינט וניל שוק,מיליליטרים,440.00,"100 מ""ל",false,,18.90,0.0430,true,1,165981
8711327475717,false,מגנום פיינט וניל שקדים 260 גרם,"מפעל גלידות בווספרם, רחו",,מגנום פיינט וניל שקד,מיליליטרים,440.00,"100 מ""ל",false,,18.90,0.0430,true,1,165982
8711327475762,false,מגנום פיינט שוקולד לבן עוגיות 260 גרם,"מפעל גלידות בווספרם, רחו",,מגנום פיינט שוקולד ל,מיליליטרים,440.00,"100 מ""ל",false,,18.90,0.0430,true,1,165983
8711700665834,false,סבון מוצק Beauty cream bar בניחוח מלפפון ותה ירוק - מארז שישיה,יוניליוור גרמניה (בו,,דאב סבון מוצק מלפפונ,יחידה,6.00,יחידה,false,,19.90,3.3167,true,1,56964
8712400802499,false,תרכובת מזון המשך לפעוטות על בסיס חלב שלב 1,נוטרישיה קאלק ב. ו.,,נוטרילון 1 800 גרם,גרמים,800.00,100 גרם,false,,59.90,0.0749,true,1,58219
8712400802536,false,תרכובת מזון המשך לפעוטות על בסיס חלב שלב 3,נוטרישיה קאלק ב. ו.,,נוטרילון 3 800 גרם,גרמים,800.00,100 גרם,false,,59.90,0.0749,true,1,59652
8712561594608,false,"דאב תחליב רחיצה להזנה עמוקה 750 מ""ל","יוניליוור גרמניה, Gmbh &",,דאב ת.רחצה להזנה עמו,מיליליטרים,750.00,"100 מ""ל",false,,18.90,0.0252,true,1,105096
8712561611411,false,"תחליב רחצה בניחוח מלפפון ותה ירוק דאב 750 מ""ל","יוניליוור גרמניה, Gmbh &",,דאב ת.רחצה תה ירוק ו,יחידה,0.00,יחידה,false,,18.90,0.0000,true,1,105097
8712561626286,false,"דאב תחליב רחצה זוהר כמשי 750 מ""ל",יוניליוור גרמניה (בו,,דאב ת.רחצה זוהר כמשי,מיליליטרים,750.00,"100 מ""ל",false,,18.90,0.0252,true,1,105098
8714443620030,false,מרק ירקות אורגני 200 גרם,תות תעשיות מזון (201,,נטורפוד מרק ירקות,יחידה,0.00,יחידה,false,,32.90,0.0000,true,1,130924
8714599104316,false,ג'ייקובס קפה שחור קלוי וטחון טורקי 200 גרם,אל.אל.סי ג'\ייקובס דאו א,,גייקובס קפה שחור 200,גרמים,200.00,100 גרם,false,,14.90,0.0745,true,1,149162
8714599104330,false,ג'ייקובס קפה שחור 85 גרם קלוי וטחון טורקי,ג'ייקובס Jacobs,,גייקובס קפה שחור 85,יחידה,0.00,יחידה,false,,7.90,0.0000,true,1,149166
8714599410806,false,ג'ייקובס קרוננג מיובש בהקפאה 160 גרם סגירה חוזרת,ג'ייקובס Jacobs,,ג'ייקובס קרוננג מיוב,גרמים,160.00,100 גרם,false,,19.90,0.1244,true,1,164135
8714599412220,false,ג'ייקובס וולווט קפה נמס מיובש בהקפאה 95 גרם,אל.אל.סי ג'\ייקובס דאו א,,ג'ייקובס וולווט קפה,יחידה,0.00,יחידה,false,,19.90,0.0000,true,1,175576
8714599513866,false,"קפה נמס מיובש בהקפאה קרונג צנצנת ג'ייקובס 200 גרם לל""ס",אל.אל.סי גייקובס דאו,,קפה ג'יקובס קרונונג,גרמים,200.00,100 גרם,false,,27.90,0.1395,true,1,109235
8714789177229,false,רבעיית מברשות שיניים קולגייט אקסטרה קלין 1 יחידה,הנסיך- מפעל לייצור ט,,קולגייט מברשת שיניים,יחידה,4.00,יחידה,false,,10.90,2.7250,true,1,51563
8714789218465,false,מברשת שיניים 360 סופט קולגייט 2 יחידות,הנסיך- מפעל לייצור ט,,קולגייט מברשת שיניים,יחידה,2.00,יחידה,false,,31.90,15.9500,true,1,51812
8714789402918,false,נוזל לניקוי כללי ורצפות בניחוח פרחי בר אג'קס 1.5 ליטר,הנסיך- מפעל לייצור ט,,אגקס חגיגת הפרחים אד,ליטרים,1.50,ליטר,false,,19.90,13.2667,true,1,49382
8714789402932,false,נוזל לניקוי כללי ורצפות בניחוח ורדי בוקר אג'קס 1.5 ליטר,הנסיך- מפעל לייצור ט,,אגקס חגיגת הפרחים ור,ליטרים,1.50,ליטר,false,,19.90,13.2667,true,1,53108
8714789402970,false,נוזל לניקוי כללי ורצפות בניחוח פרחי אביב אגק'ס 1.5 ליטר,הנסיך- מפעל לייצור ט,,אגקס חגיגת הפרחים יר,ליטרים,1.50,ליטר,false,,19.90,13.2667,true,1,51566
8714789450315,false,פלמוליב נוזל כלים לימון 1.5 ליטר,הנסיך- מפעל לייצור ט,,פלמוליב שקוף לימון 1,ליטרים,1.50,ליטר,false,,14.90,9.9333,true,1,99620
8714789797786,false,"פלמוליב נוזל לניקוי כלים גריז בלסטר 750 מ""ל",יבואן ומשווק: ש. שסט,,פלמוליב כלים 4ב1 כתו,מיליליטרים,750.00,"100 מ""ל",false,,9.90,0.0132,true,1,57896
8714789930848,false,"משחת שיניים אופטיק וייט הלבנה מיידית קולגייט 75 מ""ל",הנסיך- מפעל לייצור ט,,קולגייט משחת שיניים,יחידה,0.00,יחידה,false,,19.90,0.0000,true,1,78669
8714800003384,false,"בירה בווריה 0% אלכוהול אורגינל 330 מ""ל ב",בוואריה,,בוואריה משקה מאלט מו,מיליליטרים,500.00,"100 מ""ל",false,,5.00,0.0100,true,1,29416
8714800017480,false,"בוואריה בטעם תפוח 330 מ""ל מארז שישייה",בוואריה,,בוואריה בטעם תפוח שי,יחידה,0.00,יחידה,false,,29.90,0.0000,true,1,29282
8714800019934,false,"בוואריה בטעם תות 330 מ""ל מארז שישייה",,,בוואריה בטעם אפרסק ש,יחידה,0.00,יחידה,false,,29.90,0.0000,true,1,127029
8714800023399,false,שישיית בווריה 0% אלכוהול אורגינל 330 מל,בוואריה,,בוואריה בטעם אוריגינ,יחידה,6.00,יחידה,false,,29.90,4.9833,true,1,29417
8714800027861,false,בוואריה בטעם אפרסק שישייה*330 מ''ל,,,מאלט בוואריה תות שיש,יחידה,0.00,יחידה,false,,29.90,0.0000,true,1,127033
8715700110141,false,מיונז קרמי היינץ צנצנת 460ג',ה.י.היינץ הולדינג בי.וי,,היינץ ממרח מיונז צנצ,גרמים,460.00,100 גרם,false,,11.90,0.0259,true,1,129822
8715700110158,false,היינץ ממרח במרקם קרמי צנצנת 490 גרם,ה.י.היינץ הולדינג בי.וי,,היינץ ממרח לייט צנצנ,גרמים,490.00,100 גרם,false,,11.90,0.0243,true,1,129251
8715700117805,false,"קטשופ היינץ מתבל עגבניות ללא תוספת סוכר ומלח 425 מ""ל","ה.י היינץ הולדינג בי.וי,",,היינץ מתבל עגבניותלל,גרמים,555.00,100 גרם,false,,11.90,0.0214,true,1,154804
8715700120874,false,מתבל עגבניות היינץ בתוספת שום,ה.י.היינץ הולדינג בי.וי,,היינץ קטשופ שום 460,גרמים,460.00,100 גרם,false,,11.90,0.0259,true,1,176919
8715700419695,false,רוטב ברביקיו מתוק היינץ 500 גרם,היינץ Heinz,,היינץ רוטב ברביקיו צ,גרמים,500.00,100 גרם,false,,16.90,0.0338,true,1,128552
8715700419732,false,היינץ מתבל עגבניות 700 גרם,ה.י. היינץ,,היינץ קטשופ 700 גרם,גרמים,700.00,100 גרם,false,,10.90,0.0156,true,1,77396
8715700421322,false,היינץ רוטב ברביקיו צ'ילי 490 גרם,היינץ Heinz,,היינץ רוטב ברביקיו צ,גרמים,490.00,100 גרם,false,,16.90,0.0345,true,1,128546
8715700422473,false,ממרח לכריכים וסלטים ללא ח. משמרים היינץ 395 גרם,ה.י. היינץ,,היינץ מיונז ממרח לח,גרמים,395.00,100 גרם,false,,15.90,0.0403,true,1,119764
8715700423906,false,היינץ מתבל עגבניות מופחת סוכר ומלח 50/50 550 גרם,היינץ צפון אמריקה מק,,היינץ מתבל עגבניות 5,גרמים,555.00,100 גרם,false,,11.90,0.0214,true,1,132510
8717163647226,false,"אקס דאודורנט ספריי גוף בלאק 150 מ""ל",ארנסט. רחוב קומבינצק,,אקס בודי ספריי בלק 1,מיליליטרים,150.00,"100 מ""ל",false,,12.90,0.0860,true,1,142857
8717163647233,false,"אקס דאודורנט ספריי גוף בלאק נייט 150 מ""ל",ארנסט. רחוב קומבינצק,,אקס ספריי גוף לגברבל,מיליליטרים,150.00,"100 מ""ל",false,,12.90,0.0860,true,1,142736
8717163647301,false,אקס דאודורנט ספריי גולד לגבר 150 מל,יוניליוור אנגליה,,אקס דאודורנט אנטי פר,יחידה,0.00,יחידה,false,,12.90,0.0000,true,1,142737
8717163655764,false,"רקסונה - דאודורנט ספריי לאישה שוואר פרש 150 מ""ל","קוסטר אירוסול, גבזה 4140",,רקסונה דאודורנט ספרי,מיליליטרים,150.00,"100 מ""ל",false,,14.90,0.0993,true,1,148458
8717163655825,false,"רקסונה דאו' ספריי לנשים בניחוח כותנה, 150 מ""ל","קוסטר אירוסול, גבזה 4140",,רקסונה דאודורנט ספרי,מיליליטרים,150.00,"100 מ""ל",false,,14.90,0.0993,true,1,148459
8717163663493,false,"רקסונה - דאודורנט ספריי לגבר קובלט דריי 150 מ""ל","יוניליוור אנגליה, דרך קו",,רקסונה מן ספריי קובל,מיליליטרים,150.00,"100 מ""ל",false,,14.90,0.0993,true,1,148460
8717163711668,false,"דאודורנט רקסונה ספריי נשים טלק 150 מ""ל",יוניליוור,,רקסונה ספריי טלק 150,מיליליטרים,150.00,"100 מ""ל",false,,14.90,0.0993,true,1,148868
8717163714850,false,"דאו דאב ספריי קוקוס ויסמין 150 מ""ל","קוסטר אירוסול, גבזה 4140",,דאב ספריי קוקוס 150,מיליליטרים,150.00,"100 מ""ל",false,,17.90,0.1193,true,1,178975
8717163947692,false,"אקס ג'ל רחצה לגבר פרש ברגמוט ופינק פפר 400 מ""ל","יוניליוור גרמניה, רח",,אקס גל רחצה פינק פפר,יחידה,0.00,יחידה,false,,12.90,0.0000,true,1,151119
8717344160025,false,דומדמניות אדומות,BERRUE FRUITFUK FRESH BE,,דומדמניות,יחידה,0.00,יחידה,false,,29.90,0.0000,true,1,194674
8717545620236,false,גבינת אולד אמסטרדם 1,,,אולד אמסטרדם פרוס 15,גרמים,150.00,100 גרם,false,,29.90,0.1993,true,1,173480
8717677336593,false,טוניס שוקולד חלב 180 גרם רבנות - נוכרי,טוניס/שוקולונלי,,שוקולד חלב 180 גרם,גרמים,180.00,100 גרם,false,,19.90,0.1106,true,1,183441
8717677336616,false,שוקולד מריר עם שקדים ומלח טוניס' שוקולונלי 180 גרם,טוניס/שוקולונלי,,שוקולד מריר עם שקדים,גרמים,180.00,100 גרם,false,,19.90,0.1106,true,1,183444
8717677336630,false,שוקולד חלב עם שקדים ודבש טוניס' שוקולונלי 180 גרם,טוניס/שוקולונלי,,שוקולד חלב עם שקדים,גרמים,180.00,100 גרם,false,,19.90,0.1106,true,1,183442
8717677336654,false,טוניס - שוקולד חלב מעולה עם שברי קרמל מלוח,טוניס/שוקולונלי,,שוקולד טוניס חלב מעו,גרמים,180.00,100 גרם,false,,19.90,0.1106,true,1,192185
8717677336661,false,טוניס שוקולד מריר מעולה 70% 180 גרם רבנות - נוכרי,טוניס/שוקולונלי,,שוקולד מריר 70% 180,גרמים,180.00,100 גרם,false,,19.90,0.1106,true,1,183445
8717677338436,false,שוקולד חלב עם אגוזי לוז טוניס' שוקולונלי 180 גרם,טוניס/שוקולונלי,,שוקולד חלב עם אגוזי,גרמים,180.00,100 גרם,false,,19.90,0.1106,true,1,183443
8718114734484,false,*מבצע* מיונז מאיי 32,יונילבר צרפת,,מיונז 320 גרם,יחידה,0.00,יחידה,false,,17.90,0.0000,true,1,119354
8718692611979,false,"סירופ דיאט פירות יער סודה פטל, 500 מ""ל",סודה סטרים,,סודה סטרים דיאט פטל,מיליליטרים,500.00,"100 מ""ל",false,,22.90,0.0458,true,1,129230
8718951030206,false,"קולגייט סנסיטיב פרוטקשן משחת שיניים לשיניים רגישות 75 מ""ל",קולגייט פלמוליב,,קולגייט סנסיטיב מולט,יחידה,0.00,יחידה,false,,17.90,0.0000,true,1,153413
8718951048669,false,אג'קס ספריי לניקוי חלונות בניחוח חגיגת הפרחים,SAS-VA COLGATE-PALMOLIVE,,אג'קס ספריי לניקוי ח,מיליליטרים,750.00,"100 מ""ל",false,,14.90,0.0199,true,1,182178
8718951093331,false,מרידול זוג מברשות שיניים אקסטרה סופט,קולגייט פלמוליב,,מרידול מברשת שיניים,יחידה,2.00,יחידה,false,,34.90,17.4500,true,1,111185
8718951144064,false,מרידול מברשת שיניים פרודונט אקספרט זוג,"ש. שסטוביץ בע""\מ",,מרידול מברשת שיניים,יחידה,2.00,יחידה,false,,34.90,17.4500,true,1,120760
8718951159808,false,מברשות שיניים 360 מדיום- מארז שלישייה,קולגייט פלמוליב,,קולגייט מברשת שיניים,יחידה,0.00,יחידה,false,,29.90,0.0000,true,1,125368
8718951166288,false,"משחת שיניים קולגייט מקס וייט 125 מ""ל",הנסיך- מפעל לייצור ט,,קולגייט משחת מקס ויי,מיליליטרים,125.00,"100 מ""ל",false,,16.90,0.1352,true,1,138216
8718951166561,false,משחת שיניים לרעננות מוגברת max fresh cooling crystals,הנסיך- מפעל לייצור ט,,קולגייט משחת מקס פרש,מיליליטרים,125.00,"100 מ""ל",false,,16.90,0.1352,true,1,138217
8718951167094,false,נוזל כלים פלמוליב צילינדר תפוז וליים 1 ל,יבואן ומשווק: ש. שסט,,פלמוליב צילינדר תפוז,ליטרים,1.00,ליטר,false,,13.90,13.9000,true,1,129047
8718951170445,false,"קולגייט סמיילס משחת שיניים ילדים גילאי 2-5 50 מ""ל",קולגייט פלמוליב,,קולגייט סמיילס משחת,יחידה,0.00,יחידה,false,,12.90,0.0000,true,1,132142
8718951175280,false,"קולגייט טוטאל משחת שיניים פרו ויזבל אקשן עם קצף פעיל 75 מ""ל",קולגייט Colgate,,קולגייט משחת טוטל פר,מיליליטרים,75.00,"100 מ""ל",false,,16.90,0.2253,true,1,139520
8718951175631,false,מש.שיניים קולגייט טוטל פרו גאם אקשן 75מל,קולגייט Colgate,,קולגייט משחת טוטל פר,מיליליטרים,75.00,"100 מ""ל",false,,16.90,0.2253,true,1,139513
8718951222779,false,"מרידול פור משחה לשיניים וחניכיים בריאות 75 מ""ל",קולגייט פלמוליב,,מרידול פור משחה לשינ,יחידה,0.00,יחידה,false,,24.90,0.0000,true,1,148330
8718951236790,false,"קולגייט טוטאל משחת שיניים קלין מינט לפה בריא 100 מ""ל",קולגייט פלמוליב,,קולגייט משחת טוטל קל,מיליליטרים,100.00,"100 מ""ל",false,,17.90,0.1790,true,1,139515
8718951236806,false,"קולגייט טוטאל הלבנה משחת שיניים המסייעת בהסרת כתמים 100 מ""ל",קולגייט Colgate,,קולגייט משחת טוטל הל,מיליליטרים,100.00,"100 מ""ל",false,,17.90,0.1790,true,1,139516
8718951236813,false,"קולגייט טוטאל משחת שיניים ניקוי מתקדם לפה בריא יותר 100 מ""ל",קולגייט פלמוליב,,קולגייט משחת טוטל אד,מיליליטרים,100.00,"100 מ""ל",false,,17.90,0.1790,true,1,139517
8718951259409,false,"פלמוליב תחליב רחצה נטורלס לעור עדין 750 מ""ל",קולגייט פלמוליב,TR,פלמוליב תחליב רחצה נ,מיליליטרים,750.00,"100 מ""ל",false,,19.90,0.0265,true,1,193225
8718951264618,false,"קולגייט אופטיק וייט פחם צ'רקול משחת שיניים, 75 מ""ל",קולגייט פלמוליב,,קולגייט אופטיק ווייט,מיליליטרים,75.00,"100 מ""ל",false,,29.90,0.3987,true,1,153414
8718951281738,false,אלמקס סנסיטיב משחה לשיניים רגישות,CP-Poland swidnica,,אלמקס סנסיטיב משחת ש,יחידה,0.00,יחידה,false,,19.90,0.0000,true,1,154963
8718951289833,false,פלמוליב סבון מוצק רביעייה לומינוס 360 ג,קולגייט פלמוליב,,פלמוליב סבון מוצק לו,גרמים,500.00,100 גרם,false,,15.90,0.0318,true,1,149175
8718951313927,false,"סבון ידיים משאבה פלמוליב חימר טונוס 300 מ""ל",פלמוליב Palmolive,,פלמוליב סבון ידיים ח,גרמים,300.00,100 גרם,false,,9.90,0.0330,true,1,158119
8718951315303,false,"קולגייט אדומה משחת שיניים להגנה מפני עששת 2*100 מ""ל",קולגייט פלמוליב,,מארז קולגייט אדומה ב,יחידה,0.00,יחידה,false,,19.90,0.0000,true,1,154285
8718951333048,false,"פלמוליב סבון לידיים למטבח, 300 מ""ל",הנסיך- מפעל לייצור ט,,פלמוליב סבון ידיים ל,גרמים,300.00,100 גרם,false,,9.90,0.0330,true,1,169097
8718951345119,false,אגקס ניקוי כללי עוצמת ה7 היביסקוס 2 ליטר,הנסיך- מפעל לייצור ט,,אג'קס ניקוי כללי עוצ,ליטרים,2.00,ליטר,false,,22.90,11.4500,true,1,163915
8718951365865,false,קולגייט זוג מברשות עם סיבי פחם בצפיפות ג,קולגייט פלמוליב,,קולגייט מברשת שיניים,יחידה,0.00,יחידה,false,,34.90,0.0000,true,1,175289
8718951381292,false,"משחת שיניים מקס דיטוקס פואם קולגייט 125 מ""ל",קולגייט Colgate,,קולגייט משחת מקס דיט,מיליליטרים,125.00,"100 מ""ל",false,,16.90,0.1352,true,1,163916
8718951382664,false,"פלמוליב ג'ל רחצה חימר ואקליפטוס 750 מ""ל",קולגייט פלמוליב,,פלמוליב ג'ל רחצה חימ,מיליליטרים,750.00,"100 מ""ל",false,,19.90,0.0265,true,1,158120
8718951385290,false,נוזל לניקוי כללי ורצפות אג'קס 2 ליטר,קולגייט פלמוליב,,אג'קס ניקוי כללי עוצ,יחידה,0.00,יחידה,false,,22.90,0.0000,true,1,167938
8718951400597,false,"תחליב רחצה קוקוס וחלב ללא משאבה750 מ""ל פלמוליב",קולגייט פלמוליב,,פלמוליב תחליב רחצה ק,מיליליטרים,750.00,"100 מ""ל",false,,19.90,0.0265,true,1,189804
8718951409798,false,זוג מברשות שיניים מקס וויט פחם קולגייט,הנסיך- מפעל לייצור ט,,קולגייט מברשת מקס וו,יחידה,0.00,יחידה,false,,26.90,0.0000,true,1,174581
8718951412378,false,משחת שיניים לחניכיים רגישות ולנשימה רעננה,קולגייט פלמוליב,,מרידול משחת שיניים נ,יחידה,0.00,יחידה,false,,26.90,0.0000,true,1,189771
8718951423558,false,"פלמוליב סבון רחצה גוף ונשמה קמומיל 750 מ""ל",פלמוליב,,פלמוליב סבון רחצה גו,מיליליטרים,750.00,"100 מ""ל",false,,19.90,0.0265,true,1,182171
8718951428492,false,"ג'ל רחצה לגבר 4 ב -1 מועשר בפחם פלמוליב 750 מ""ל",CP - Turkey+60,,פלמוליב סבון רחצה לג,מיליליטרים,750.00,"100 מ""ל",false,,19.90,0.0265,true,1,182172
8718951431614,false,"סבון רחצה פלמוליב סו פירם מינרלים משאבה 750 מ""ל",קולגייט פלמוליב,,פלמוליב סבון רחצה סו,מיליליטרים,750.00,"100 מ""ל",false,,19.90,0.0265,true,1,178662
8718951433120,false,קולגייט טוטאל משחת שיניים לילדים לגילאי,קולגייט פלמוליב,,קולגייט טוטאל ג'וניו,יחידה,0.00,יחידה,false,,16.90,0.0000,true,1,190569
8718951470538,false,קולגייט משחת שיניים מקס פרש ביטיוב 125*2 כשלפ,קולגייט פלמוליב,,קולגייט משחת שיניים,יחידה,0.00,יחידה,false,,32.90,0.0000,true,1,186079
8718951477384,false,"קולגייט משחת שיניים טוטאל ג'ל מתקדם פיור 75 מ""ל",קולגייט פלמוליב,,קולגייט טוטאל משחת ש,יחידה,0.00,יחידה,false,,19.90,0.0000,true,1,182179
8718951509627,false,"קולגייט אופטיק וייט לאוהבי קפה ותה משחת שיניים 75 מ""ל",קולגייט פלמוליב,,קולגייט אופטיק וייט,יחידה,0.00,יחידה,false,,29.90,0.0000,true,1,188206
8719128110325,false,"סירופ סודה סטרים לימונדה 500 מ""ל",סודה סטרים,,סודה סטרים לימונדה 5,מיליליטרים,500.00,"100 מ""ל",false,,22.90,0.0458,true,1,129232
8719128110363,false,סירופ סודה סטרים אשכולית אדומה 0.5 ל,סודה סטרים,,סודה סטרים אשכליות א,מיליליטרים,500.00,"100 מ""ל",false,,22.90,0.0458,true,1,129236
8719128117256,false,"סירופ סבן אפ 440 מ""ל סודהסטרים",סודה סטרים,,"סירופ סבן אפ 440 מ""ל",מיליליטרים,440.00,"100 מ""ל",false,,22.90,0.0520,true,1,173699
8719128117263,false,"סירופ מירנדה 440 מ""ל סודהסטרים",סודה סטרים,,"סירופ מירינדה 440 מ""",מיליליטרים,440.00,"100 מ""ל",false,,22.90,0.0520,true,1,173685
8719128117294,false,"סירופ דייט סבן אפ 440 מ""ל סודהסטרים",סודה סטרים,,סירופ סבן אפ דיאט 4,מיליליטרים,440.00,"100 מ""ל",false,,22.90,0.0520,true,1,173686
8719200998001,false,מרגרינה לאפיה ובישול בלי מלח 200 ג' בלו בנד,יוניליוור ישראל מזון בע\,,בלובנד בלי מלח 200 ג,גרמים,200.00,100 גרם,false,,4.50,0.0225,true,1,148398
8719200998018,false,מחמאה מרגרינה בטעם חמאה בלובנד 200 גרם,"מיוצר ע""\י יוניליוור ישר",,מחמאה בלו בנד 200 גר,גרמים,200.00,100 גרם,false,,4.40,0.0220,true,1,148413
8719200998032,false,"מרגרינה מזולה גלורי טעם חמאה 250גר 8 יחידות - כשל""פ","מיוצר ע""\י יוניליוור ישר",,מזולה גלורי טעם חמאה,גרמים,250.00,100 גרם,false,,10.00,0.0400,true,1,148406
8719200998094,false,"מרגרינה מזולה לאפיה ללא תוספת מלח 200גר - 40 יח' -כשל""פ","מיוצר ע""\י יוניליוור ישר",,מזולה לאפיה ללא מלח,גרמים,200.00,100 גרם,false,,6.50,0.0325,true,1,148407
8719200998100,false,מרגרינה מזולה לאפיה טעם חמאה 200גר - 40 יח',פארייפאבה אגרואינדוס,,מזולה לאפיה בטעם חמא,גרמים,200.00,100 גרם,false,,6.50,0.0325,true,1,148408
8719326034041,false,"תמר ג'מבו מג'הול 2 ק""ג",,,"תמר גמבו מגהול 2 ק""ג",קילוגרמים,0.00,"ק""ג",false,,79.90,0.0000,true,1,196175
8720181046605,false,דאב - דאודורנט ספריי לאישה אורגינל כחול 150מל,"יוניליוור אנגליה, דרך קו",,דאב ספריי אוריגינל 1,מיליליטרים,150.00,"100 מ""ל",false,,17.90,0.1193,true,1,163254
8720181046612,false,"דאב - דאודורנט רול און לאישה אורגינל 50 מ""ל","יוניליוור אנגליה, דרך קו",,דאו רול און אורגינל,יחידה,0.00,יחידה,false,,17.90,0.0000,true,1,174320
8720181090202,false,"תחליב רחצה דאב עם שמן זית, 750 מ""ל","יוניליוור גרמניה, Gmbh &",,דאב ת.רחצה שמן זית 7,מיליליטרים,750.00,"100 מ""ל",false,,18.90,0.0252,true,1,172186
8720181090219,false,תחליב רחצה רימונים ותמצית פרח היביסקוס,"יוניליוור גרמניה, Gmbh &",,דאב ת.רחצה להזנה עמו,מיליליטרים,750.00,"100 מ""ל",false,,18.90,0.0252,true,1,174593
8720181114458,false,"אקס - דאודורנט ספריי לגבר לבן 150 מ""ל",,,אקס דאודורנט ספריי 1,יחידה,0.00,יחידה,false,,12.90,0.0000,true,1,186274
8720181114489,false,"אקס - דאודורנט ספריי לגבר בלק 150 מ""ל",יוניליוור,,אקס דאודורנט ספריי 1,יחידה,0.00,יחידה,false,,12.90,0.0000,true,1,186271
8720181123955,false,"אקס - ג'ל רחצה ריצארג קריד 400 מ""ל",יוניליוור גרמניה Gmbh &,,אקס גל רחצה לגבר ריצ,מיליליטרים,400.00,"100 מ""ל",false,,12.90,0.0323,true,1,179592
8721200060107,false,בקרסלנד-סטרופ וופל הולנדי 250 גרם,דה בנקט גרופ,,וופל הולנדי 260 גרם,גרמים,260.00,100 גרם,false,,12.10,0.0465,true,1,51818
8723400756552,false,מארז סוכריות מנטוס Mentos ריינבואו,פרפטי ואן מלה ברדה,,מנטוס ריינבואו 4*37.,גרמים,150.00,100 גרם,false,,11.00,0.0733,true,1,58543
8723400782520,false,מנטוס סוכריות לעיסה בתפזורת בטעם פירות 160 ג',פרפטי ואן מלה,,מנטוס סוכריות לעיסה,יחידה,0.00,יחידה,false,,10.90,0.0000,true,1,129078
8723400782544,false,מנטוס סוכריות לעיסה בתפזורת בטעם מנטה 160 ג',פרפטי ואן מלה,,מנטוס סוכריות לעיסה,יחידה,0.00,יחידה,false,,10.90,0.0000,true,1,129075
8801055707966,false,קפה טייסטר צו'יס נס קפה בריסטה 180ג',לוטה נסטלה קוריאה,,טייסטרס צ'וייס בריסט,גרמים,180.00,100 גרם,false,,31.90,0.1772,true,1,113837
8801055709427,false,קפה נמס טסטר'ס צ'ויס אלטה ריקה 100 גרם,נסטלה קוריאה - קפה,,נסקפה טייסטרס צ'ויס,יחידה,0.00,יחידה,false,,24.90,0.0000,true,1,178676
8801055709458,false,אבקה להכנת משקה קפה בטעם קפוצ'ינו קרמל,לוטה נסטלה קוריאה,,נסקפה קפוצ'ינו קרמל,גרמים,180.00,100 גרם,false,,21.90,0.1217,true,1,189259
8801055709465,false,אבקה להכנת משקה קפה בטעם קפוצ'ינו וניל,נסטלה קוריאה - קפה,,נסקפה קפוצ'ינו וניל,גרמים,180.00,100 גרם,false,,21.90,0.1217,true,1,189260
8801055709472,false,נסטלה - נסקפה קפוצ'ינו קלאסי 12.50 גרם * 10,נסטלה קוריאה - קפה,,נסקפה קפוצ'ינו קלאסי,גרמים,180.00,100 גרם,false,,21.90,0.1217,true,1,189261
8801055709489,false,אבקה להכנת משקה קפה בטעם קפוצ'ינו אגוזים,נסטלה קוריאה - קפה,,נסקפה קפוצ'ינו אגוזי,גרמים,180.00,100 גרם,false,,21.90,0.1217,true,1,189258
8801085020301,false,אטריות נאמה אודון 200 גרם,Alpha international,,אטריות נאמה אודון 20,גרמים,200.00,100 גרם,false,,7.90,0.0395,true,1,182421
8809168840471,false,חטיף אצות מיובשות 9*4.5 גרם,ג'י וואן גלובול נאט,,חטיף אצות מיובשות 4.,יחידה,0.00,יחידה,false,,24.90,0.0000,true,1,168642
8809168840488,false,חטיף אצות מיובשות 4.5ג*3 יחידות,,,חטיף אצות מיובשות 4.,יחידה,0.00,יחידה,false,,11.90,0.0000,true,1,161660
8826728210321,false,BT-1032 בלנדר שייקר + בקבוק נשיאה SPORT BLENDER PRO,,,BT-1032 בלנדר שייקר,יחידה,0.00,יחידה,false,,199.90,0.0000,true,1,170472
8850161167089,false,קוקו וואי משקה קוקוס 1 ליטר,טויו טייקאן קו.אל.טי.די,,חלב קוקוס קוקו וואי,ליטרים,1.00,ליטר,false,,16.90,16.9000,true,1,145601
8850180040028,false,קמח טמפורה להכנת בלי,קרנחם אוטאי פחרה,,מזרח ומערב יבוא טמפו,גרמים,500.00,100 גרם,false,,10.90,0.0218,true,1,96538
8850206250592,false,רוטב צ'ילי סריראצ'ה 540 גרם (מזרח ומערב),יאן וואל יון קו.לטד,,רוטב צ'ילי סיראצ'ה 5,גרמים,530.00,100 גרם,false,,19.90,0.0375,true,1,128395
8850367300266,false,תערובת חמשת תבלינים 50 גרם,Theppadungporn cocon,,מזרח ומערב יבוא תערו,יחידה,0.00,יחידה,false,,9.90,0.0000,true,1,185913
8850367992164,false,קרם קוקוס 250 מל 20-22% ללא חומר משמר,טאפאדונגפורן קוקנט,,מזרח ומערב קרם קוקוס,מיליליטרים,250.00,"100 מ""ל",false,,7.90,0.0316,true,1,99392
8850367992898,false,"רוטב לסלט עם למון גראס 285 מ""ל TCC (כ) ללא גלוטן",Theppadungporn cocon,,רוטב לסלט עם למון גר,מיליליטרים,285.00,"100 מ""ל",false,,10.90,0.0382,true,1,174794
8850367994793,false,מחית קארי צהובה 50 גרם,c coconut Theppadungporn,,מחית קארי צהובה 50,יחידה,0.00,יחידה,false,,5.90,0.0000,true,1,174783
8850389103159,false,"משקה ליצ'י עם חתיכות גלי קוקוס 320 מ""ל מוגו מוגו",סאפה פובליק קומפני לימיט,,מוגו מוגו ליצי' עם ח,יחידה,0.00,יחידה,false,,10.90,0.0000,true,1,182060
8850389105825,false,משקה אלוורה בטעם ענבים סאפה 1 ליטר,סאפה פובליק קומפני לימיט,,סאפה ענבים בקבוק ליט,ליטרים,1.00,ליטר,false,,13.90,13.9000,true,1,57009
8850389105832,false,סאפה משקה אלוורה בטעם תפוח עם קוביות אלוורה 1 ליטר,סאפה פובליק קומפני לימיט,,סאפה תפוח בקבוק ליטר,ליטרים,1.00,ליטר,false,,13.90,13.9000,true,1,57010
8850389105849,false,סאפה משקה אלוורה מופחת קלוריות בטעם אפרסק 1 ליטר,סאפה פובליק קומפני לימיט,,סאפה אפרסק בקבוק ליט,ליטרים,1.00,ליטר,false,,13.90,13.9000,true,1,57011
8850632604259,false,"יוגטה, חיספוסים, ממתק חמוץ בצורת מקלות בטעם תות שדה,50 גרם",ג'נרל קנדי בעמ,,יוגטה חיספוסים מקלות,יחידה,0.00,יחידה,false,,4.90,0.0000,true,1,57014
8850632604266,false,"יוגטה, ממתק חמוץ בצורת מקלות בטעם קולה, 50 גרם",ג'נרל קנדי בעמ,,יוגטה חיספוסים מקלות,יחידה,0.00,יחידה,false,,4.90,0.0000,true,1,42270
8850632604372,false,"יוגטה, חיספוסים בצורת שטיח בטעם תות שדה 50 גרם",ג'נרל קנדי בעמ,,יוגטה חיספוסים שטיח,יחידה,0.00,יחידה,false,,4.90,0.0000,true,1,42440
8850632604402,false,יוגטה חיספוסים בטעם מעורב תות שדה אבטיח ענבים בננה 50 גרם,"ג'נרל קנדי בע""מ",,יוגטה חיספוסים שטיח,יחידה,0.00,יחידה,false,,4.90,0.0000,true,1,44344
8851613101378,false,"נוזל קוקוס ארוי די 250 מ""ל",תאי אגרי פוד פובליק קו'\,,"חלב קוקוס 250 מ""ל",גרמים,250.00,100 גרם,false,,9.80,0.0392,true,1,78571
8851613101385,false,"חלב קוקוס ארוי-די קרטון 500מ""ל",תאי אגרי פוד פובליק קו'\,,"חלב קוקוס 500 מ""ל",מיליליטרים,500.00,"100 מ""ל",false,,12.90,0.0258,true,1,85231
8852633020403,false,פניני טפיוקה 500 גרם (כשר),Super J Internationa,,מזרח ומערב יבוא פנינ,גרמים,500.00,100 גרם,false,,11.90,0.0238,true,1,96540
8857106430512,false,"אטריות אורז עם אורז חום לל""ג 250 גרם",,,אטריות אורז עם אורז,גרמים,250.00,100 גרם,false,,8.90,0.0356,true,1,174790
8858271002870,false,רוטב פאד תאי 250 מ'ל - מקסצ'אפ,"ייאן וואל יון בע""מ",,מזרח ומערב יבוא מקסצ,מיליליטרים,250.00,"100 מ""ל",false,,10.90,0.0436,true,1,90190
8858271002887,false,רוטב טריאקי 250 מ'ל - מקסצ'אפ,דאנינג יוה פודס קו,,מזרח ומערב יבוא מקסצ,מיליליטרים,250.00,"100 מ""ל",false,,10.90,0.0436,true,1,90373
8858271003020,false,רוטב סויה פורמולה 1 - 700 מ'ל מקסצ'אפ,יאן ונזל יון,,מזרח ומערב יבוא מקסצ,מיליליטרים,700.00,"100 מ""ל",false,,15.90,0.0227,true,1,90171
8858271003044,false,רוטב סויה כהה פורמולה 5 700 גרם מקסצאפ,Yan Wal Yun Corpora,,מז ומע יבוא מקסצ'אפ,מיליליטרים,700.00,"100 מ""ל",false,,15.90,0.0227,true,1,174801
8858271003068,false,"רוטב סויה מתוקה כהה 250 מ""ל מקסצאפ",מזרח ומערב,,מזרח ומערב יבוא מקסצ,מיליליטרים,250.00,"100 מ""ל",false,,10.90,0.0436,true,1,90191
8858271003075,false,רוטב סויה מתוקה 700 מ'ל מקסצ'אפ,דאנינג יוה פודס קו,,מזרח ומערב יבוא מקסצ,מיליליטרים,700.00,"100 מ""ל",false,,16.90,0.0241,true,1,90256
8858271003174,false,רוטב שזיפים 700 מ'ל-מקסצ'אפ,מזרח ומערב,,מזרח ומערב יבוא מקסצ,מיליליטרים,700.00,"100 מ""ל",false,,20.00,0.0286,true,1,90172
8858271003921,false,רוטב קארי אדום 250 מ'ל - מקסצ'אפ,יאן וואל יאן,,מזרח ומערב יבוא מקסצ,מיליליטרים,250.00,"100 מ""ל",false,,10.90,0.0436,true,1,90200
8858271003938,false,רוטב קארי ירוק 250 מ'ל - מקסצ'אפ,"ייאן וואל יון בע""מ",,מזרח ומערב יבוא מקסצ,מיליליטרים,250.00,"100 מ""ל",false,,10.90,0.0436,true,1,90285
8858271003945,false,"רוטב קארי צהוב 250 מ""ל מקסצאפ",Yan Wal Yun Corpora,,רוטב קארי צהוב 250 מ,גרמים,250.00,100 גרם,false,,10.90,0.0436,true,1,174792
8858271004034,false,רוטב צ'ילי חריף 700 מ'ל מקסצ'אפ,דאנינג יוה פודס קו,,מזרח ומערב יבוא מקסצ,מיליליטרים,700.00,"100 מ""ל",false,,15.90,0.0227,true,1,174799
8858271004126,false,רוטב חמוץ מתוק 700 מ'ל - מקסצ'אפ,יאן ונזל יון,,מזרח ומערב יבוא מקסצ,מיליליטרים,700.00,"100 מ""ל",false,,16.00,0.0229,true,1,90374
8858271004300,false,רוטב טריאקי 700 מ'ל מקסצ'אפ,דאנינג יוה פודס קו,,מזרח ומערב יבוא מקסצ,מיליליטרים,700.00,"100 מ""ל",false,,21.90,0.0313,true,1,149647
8858271004423,false,"רוטב טום ים 250 מ""ל מקסצ'אפ",Yan Wal Yun Corpora,,מזרח ומערב יבוא מקסצ,מיליליטרים,250.00,"100 מ""ל",false,,12.00,0.0480,true,1,96543
8858271004799,false,"רוטב צילי מתוק אל פורפסיס 700 מ""ל",יאן ונזל יון,,מזרח ומערב יבוא רוטב,מיליליטרים,700.00,"100 מ""ל",false,,12.90,0.0184,true,1,96544
8858271005451,false,"רוטב סויה פורמולה 1 - 250 מ""ל מקסצ'אפ",yan wal yun corpara,,רוטב סויה פורמולה 25,מיליליטרים,250.00,"100 מ""ל",false,,10.90,0.0436,true,1,174796
8858271005772,false,"רוטב סויה ללא גלוטן (תמרי)300 מ""ל (כ)",יאן ונזל יון,,מזרח ומערב רוטב סויה,מיליליטרים,300.00,"100 מ""ל",false,,16.90,0.0563,true,1,127811
8874328380234,false,קומקום זכוכית LED שחור / לבן BT-8023 BENATON,,,קומקום זכוכית LED שח,יחידה,0.00,יחידה,false,,139.90,0.0000,true,1,192679
8886303210504,false,"קרם קוקוס 24% 500 מ""ל ""קארה""",ג'ומון,,קארה קרם קוקונט 24%,מיליליטרים,500.00,"100 מ""ל",false,,15.90,0.0318,true,1,129731
8886303210542,false,"קארה קרם קוקונט 17% 400 מ""ל",ג'ומון,,קארה קרם קוקונט 17%,מיליליטרים,400.00,"100 מ""ל",false,,9.90,0.0248,true,1,129725
8888021200256,false,סוללות אנרג'ייזר AA מקס 8 יחידות,יצרן: אנרג'ייזר סינג,,AA אנרג'ייזר שמיניית,יחידה,8.00,יחידה,false,,29.90,3.7375,true,1,42461
8888757101506,false,100% שמן מזוכך משומשום קלוי,אוך אייק גואן פוד אי,,"שמן שומשום 150 מ""ל",מיליליטרים,150.00,"100 מ""ל",false,,11.10,0.0740,true,1,123428
8888757103005,false,"שמן שומשום טהור 300 מ""ל",אוך אייק גואן פוד אינדוס,,"שמן שומשום 300 מ""ל",מיליליטרים,300.00,"100 מ""ל",false,,19.00,0.0633,true,1,42277
8901138825591,false,"הימלאיה משחת שיניים מלבינה 75 מ""ל",הימלאיה Himalaya,,*מבצע* הימלאיה משחת,יחידה,0.00,יחידה,false,,16.90,0.0000,true,1,101148
8901537024014,false,"אורז בסמטי מובחר 1 ק""ג - דוואט) יורה דיעה",הנסיך- מפעל לייצור ט,,וילי פוד אורז בסמטי,קילוגרמים,1.00,"ק""ג",false,,13.90,13.9000,true,1,49393
8901537076679,false,"אורז בסמטי חום מהדרין ויליפוד 1 ק""ג",האי נאם סי או אל.טי.,,אורז בסמטי חום מלא 1,קילוגרמים,1.00,"ק""ג",false,,15.90,15.9000,true,1,132630
8906000596999,false,"אורז בסמתי מלא 1ק""ג שוקחה",ציימן לאל סטיה,,"אורז בסמטי מלא 1ק""ג",קילוגרמים,1.00,"ק""ג",false,,10.90,10.9000,true,1,113960
8906040370054,false,"אורז בסמטי מנסה 5 ק""",,,"אורז בסמטי מנסה 5 ק""",קילוגרמים,5.00,"ק""ג",false,,59.90,11.9800,true,1,172666
8906076277495,false,"אורז תלס 1 ק""ג",,,"אורז תלס 1 ק""ג",קילוגרמים,1.00,"ק""ג",false,,10.90,10.9000,true,1,172834
8906076277501,false,"אורז תלס 5 ק""ג",,,"אורז תלס 5 ק""ג",קילוגרמים,5.00,"ק""ג",false,,49.90,9.9800,true,1,172835
8934878081811,false,"דפי אורז 22 ס""מ 400 גר'(Trav) ללא גלוטן",דאנינג יוה פודס קו,,מזרח ומערב יבוא טראו,גרמים,400.00,100 גרם,false,,12.90,0.0323,true,1,96550
9000100590938,false,"סאיוס - מוס לשיער ליצירת נפח 250 מ""ל",שוורצקוף,,סאיוס מוס לשיער ליצי,מיליליטרים,250.00,"100 מ""ל",false,,27.90,0.1116,true,1,66429
9000100843256,false,"גליס תמציות שמן 6 פעולות משקמות 75 מ""ל",שוורצקוף Schwarzkopf,,גליס תמצית שמן 75,יחידה,0.00,יחידה,false,,21.90,0.0000,true,1,159634
9000101372878,false,קפסולות דיסקס לניקוי כביסה לבנה וצבעונית Deep Clean,פרסיל Persil,,פרסיל דיסקס לכביסה ל,יחידה,0.00,יחידה,false,,34.90,0.0000,true,1,175445
9000101375268,false,ברף דלקס שלישייה ניחוח יסמין,הנקל,,ברף דלקס שילשייה סבו,יחידה,0.00,יחידה,false,,19.90,0.0000,true,1,191954
9000101375299,false,ברף דלקס שלישייה ניחוח מגנוליה,הנקל,,ברף דלקס שילשייה סבו,יחידה,0.00,יחידה,false,,19.90,0.0000,true,1,191953
9000101380255,false,פרסיל דיסקס לכביסה ניקיון היגייני 22 יחידות,פרסיל Persil,,פרסיל דיסקס ניקיון ה,יחידה,0.00,יחידה,false,,34.90,0.0000,true,1,179028
9000101520965,false,"סבון אסלה בניחוח מתחלף לוטוס עדין במבוק, 3 יחידות",ברף Bref,,ברף שלישיה בניחוח מת,יחידה,0.00,יחידה,false,,19.90,0.0000,true,1,188388
9001148803103,false,שיני שום קלופות 170,חקלאי,,שיני שום קלופות 170,יחידה,0.00,יחידה,false,,11.90,0.0000,true,1,190778
9001616202186,false,"בקבוק לתינוק 330 מ""ל 4+ חודשים Easy Active",טרופיקל דגיל תעשיות,,MAM בקבוק תינוק 330,יחידה,0.00,יחידה,false,,39.90,0.0000,true,1,86965
9001616202360,false,זוג מוצצי סיליקון זוהר בחושך 6+ חודשים Original Night,מאם Mam,,MAM לילה זוהרים 6+ B,יחידה,0.00,יחידה,false,,39.90,0.0000,true,1,85920
9001616205828,false,מאם מברשת לניקוי בקבוקים ירוק,אלפא,,MAM מברשת בקבוק GREE,יחידה,0.00,יחידה,false,,39.90,0.0000,true,1,95193
9001616680991,false,"בקבוק לתינוק אנטי קוליק מאמ 260 מ""ל",מאם Mam,,MAM בקבוק אנטי קוליק,יחידה,0.00,יחידה,false,,34.90,0.0000,true,1,138456
9001616702655,false,מאם מוצצים סיליקון 0-6 לילה זוהרים ורוד,General,,MAM מוצצי 0-6 לילה ז,יחידה,0.00,יחידה,false,,39.90,0.0000,true,1,138417
9001616702747,false,מאם מוצצים סיליקון 6+ זמן לאהבה ירוק,General,,MAM זמן לאהבה 6+ UNI,יחידה,0.00,יחידה,false,,39.90,0.0000,true,1,138430
9001616702983,false,"בקבוק לתינוק מאמ 330 מ""ל",General,,MAM בקבוק תינוק 330,יחידה,0.00,יחידה,false,,39.90,0.0000,true,1,138461
9001616703027,false,בקבוק האכלה לתינוק מ,General,,MAM בקבוק תינוק 330,יחידה,0.00,יחידה,false,,39.90,0.0000,true,1,138464
9001616804564,false,מאם זוג ידיות לבקבוק יום ולילה תכלת,אלפא,,זוג ידיות לבקבוק יום,יחידה,0.00,יחידה,false,,29.90,0.0000,true,1,165182
9002859100536,false,בונבוניירה אצבעות שוקולד מוצרט 200 גרם,GUNZ WARENHANDELS,,גונץ בונבניירה אצבעו,גרמים,200.00,100 גרם,false,,16.90,0.0845,true,1,143751
9003400304939,false,"בירה שטיגל וייז חיטה 500 מ""ל",מבשלת שטיגל,,"בירה ""שטיגל"" וייז חי",מיליליטרים,500.00,"100 מ""ל",false,,10.90,0.0218,true,1,119766
9003400393032,false,"פחית בירה הל שטיגל 500 מ""ל",,,פחית בירה הל שטיגל 5,מיליליטרים,500.00,"100 מ""ל",false,,8.90,0.0178,true,1,192526
9003402655084,false,"בירה שטיגל רדלר פטל פחית 500 מ""ל",,,פחית רדלר פטל שטיגל,מיליליטרים,500.00,"100 מ""ל",false,,7.90,0.0158,true,1,184150
9003402663089,false,"בירה שטיגל רדלר אשכוליות 500 מ""ל פחית",,,בירה שטיגל רדלר אשכו,מיליליטרים,500.00,"100 מ""ל",false,,7.90,0.0158,true,1,139551
9003402664079,false,"בירה שטיגל רדלר לימון פחית 500 מ""ל",,,פחית רדלר לימון שטיג,מיליליטרים,500.00,"100 מ""ל",false,,7.90,0.0158,true,1,184151
9005800317014,false,"ניוואה סקראב אורז עור עדין פטל 75 מ""ל",אלפא,,ניוואה רייס פילינג ל,יחידה,0.00,יחידה,false,,24.90,0.0000,true,1,169101
9005800343143,false,"אפטר-שייב קול קיק פרש ניוואה מן 100 מ""ל",beiersdorf,,ניוואה מן אפטר שייב,מיליליטרים,100.00,"100 מ""ל",false,,49.90,0.4990,true,1,176721
9005835313609,false,קלרו טבליות למדיח כלים 15 יחידות CLARO,קלרו,,קלרו טבליות למדיח כל,יחידה,0.00,יחידה,false,,10.90,0.0000,true,1,181232
9008700111546,false,נקטר דובדבנים חמוצים 1ל',Rauch fruchtsafte gm,,תומר נקטר דובדובן 1,ליטרים,1.00,ליטר,false,,13.90,13.9000,true,1,28091
9008700128575,false,נקטר פסיפלורה ראוץ' 1 ליטר,ראוך Rauch,,תומר נקטר פסיפלורה 1,ליטרים,1.00,ליטר,false,,13.90,13.9000,true,1,121232
9015340103794,false,"רביעיה מיץ בטעם אננס אקזוטי 200 מ""ל WMIST",,,רביעיית מיץ בטעם אננ,יחידה,0.00,יחידה,false,,9.90,0.0000,true,1,189395
9044400851672,false,סוכריות פז סוגים שונים + 3 מילויים,פז פרודקשיין יורו,,פז דמויות מתחלפות 25,יחידה,0.00,יחידה,false,,11.90,0.0000,true,1,188208
9310072028743,false,טים טם ביסקוויט במילוי שוקולד 200 גרם,"ארנוטס ביסקוויטס בע""",,טים טם אוריגינל 200,גרמים,200.00,100 גרם,false,,19.90,0.0995,true,1,115059
9310072028750,false,טים טם Tim Tam וופל שוקולד ציפוי כפול,"ארנוטס ביסקוויטס בע""",,טים טם דאבל 200 גרם,גרמים,200.00,100 גרם,false,,19.90,0.0995,true,1,111313
9310088007015,false,דיפנד תחבושות אוברנייט בלילה,קימברלי-קלארק,,תחבושות דיפנד לילה 8,יחידה,8.00,יחידה,false,,22.90,2.8625,true,1,127402
9312931720300,false,סכיני גילוח שיק אינטואישן לנשים שלישייה,שסטוביץ,,שיק אינטואישן נשים ס,יחידה,0.00,יחידה,false,,32.90,0.0000,true,1,134137
9322969000015,false,פריכיות תירס בטעם אורגינל ריל פודס 150 ג',אף.סי תבליני בגליל ב,,פריכיות תירס 150 גרם,גרמים,150.00,100 גרם,false,,13.90,0.0927,true,1,33691
9322969000022,false,"ריל פוד פריכיות תירס עם סויה וזרעי פשתן, ללא גלוטן 150 גרם",אף.סי תבליני בגליל ב,,פריכיות תירס עם סויה,גרמים,150.00,100 גרם,false,,13.90,0.0927,true,1,33595
9700003000048,false,צנצנת פלסטיק,,,צנצנת פלסטיק,יחידה,0.00,יחידה,false,,2.90,0.0000,true,1,178427
9720188050109,false,ממרח על בסיס סויה בסגנון גבינה טופוטי 225 גרם,טופוטי ברנדס אינק.ג',,טופוטי ממרח טופו בטע,גרמים,227.00,100 גרם,false,,21.90,0.0965,true,1,132133
