code,internal_code,name,manufacturer_name,manufacture_country,manufacturer_item_description,unit_qty,quantity,unit_of_measure,weighted,qty_in_package,price,unit_of_measure_price,allow_discount,status,item_id
32147230,false,"מיץ לימון משומר 200מ""ל(לימונית אקסטרא)",ג'נרל מילס סאן אדריא,CH,"מיץ לימון משומר 200מ""ל",מיליליטרים,200.00,"100 מ""ל",false,,6.40,0.0320,true,1,1045857
40099132,false,מסטיק הובה בובה Hubba Bubba בטעם תות,הובה בובה Hubba Bubba,DE,הובה בובה טעם תות 35,גרמים,35.00,100 גרם,false,,3.00,0.0857,true,1,1012161
40099606,false,אורביט סטיקס ספרמינט13ג,ריגלי צרפת,FR,מסטיק אורביט ירוק 20,גרמים,30.00,100 גרם,false,,1.90,0.0633,true,1,1012164
40111216,false,באונטי חטיף קוקוס ושוקולד 57ג',"נארז ע""י : א.ג. גילר",NL,חטיף באונטי שוקולד ק,גרמים,57.00,100 גרם,false,,3.90,0.0684,true,1,1023661
42101666,false,"מסטיק בטעם מנטה ואקליפטוס איירווייבס 35 גרם לל""ס",ריגלי,GB,מסטיק איירוייבוז אקל,גרמים,35.00,100 גרם,false,,5.70,0.1629,true,1,1580624
42154662,false,אורביט באריזת מעטפה ספירמינט מסטיק,ריגלי צרפת,FR,מסטיק אורביט מעטפה ס,גרמים,27.00,100 גרם,false,,5.50,0.2037,true,1,1012175
42188889,false,אורביט פייב אבטיח 12 סטיקס 29 גר,ריגלי צרפת,FR,מסטיק 5 אבטיח,גרמים,31.00,100 גרם,false,,6.50,0.2097,true,1,1012189
42306788,false,מסטיק בטעם אוכמניות ומנטה איירווייבס 35 גרם,ריגלי,GB,מסטיק אורביט מסטיק א,גרמים,35.00,100 גרם,false,,5.70,0.1629,true,1,1580629
50398904,false,"קרם חמצן 6% אינדולה 60 מ""ל",גדעון קוסמטיקס,IL,אינדולה חמצן 6%,100 מל,60.00,100 מל,false,,3.90,0.0650,true,1,1016148
54051140,false,מעדן סויה טעם וניל אלפרו רביעיה * 125 ג',הנסיך- מפעל לייצור ט,BE,מעדן סויה בטעם וניל,גרמים,500.00,100 גרם,false,,15.90,0.0318,true,1,1017395
54051157,false,מעדן סויה טעם שוקו אלפרו רביעיה 125 ג',קריות זול,BE,מעדן סויה בטעם שוקו,גרמים,500.00,100 גרם,false,,15.90,0.0318,true,1,1017396
59079774,false,"רקסונה - דאודורנט רול און לאישה אלוורה 50 מ""ל",יוניליוור,GB,רקסונה דאודורנט רול-,יח',1.00,יח',false,,9.90,9.9000,true,1,6111169
72940754,false,"מילקי מעדן וניל עם קצפת שטראוס 133 מ""ל","שטראוס גרופ בע""\מ",IL,מילקי מעדן וניל עם ק,מיליליטרים,133.00,"100 מ""ל",false,,2.70,0.0203,true,1,1032454
72940761,false,"מילקי מעדן שוקולד עם קצפת שטראוס 133 מ""ל",מיוצר עי קונדיטוריית,IL,מילקי מעדן שוקולד עם,מיליליטרים,133.00,"100 מ""ל",false,,2.70,0.0203,true,1,1032455
72940952,false,מעדן מילקי בטעם שוקולד עם אקסטרה קצפת,"שטראוס גרופ בע""\מ",IL,מילקי מעדן פי 2 קצפת,מיליליטרים,107.00,"100 מ""ל",false,,3.50,0.0327,true,1,1032456
72941041,false,מעדן מילקי מיני בטעם שוקולד עם קצפת,"שטראוס גרופ בע""\מ",IL,מילקי מעדן מיני שוקו,מטרים,70.00,100 מ'ל,false,,2.00,0.0286,true,1,1032459
72945308,false,קוביית שמרים טריים לאפיה שמרית 50 גרם,"פאקא תעשיות בע""\מ",IL,שמרים טריים לאפיה שמ,גרמים,50.00,100 גרם,false,,3.30,0.0660,true,1,1032460
72961209,false,"שמנת חמוצהבד""צ תנובה",תנובה מרכז שיתופי לש,IL,שמנית 15% 200מל בדצ,מיליליטרים,200.00,"100 מ""ל",false,,2.40,0.0120,true,1,1015528
72961223,false,"גילה 3% תנובה 200 מ""ל",תנובה מרכז שיתופי לש,IL,גיל 3% 200מל בדצ,מיליליטרים,200.00,"100 מ""ל",false,,1.50,0.0075,true,1,1015530
72961506,false,יוגורט עם תות 1.5% שומן 125 ג' פרילי,מיוצר עי קונדיטוריית,IL,פרילי תות גביע 125 ג,מיליליטרים,125.00,"100 מ""ל",false,,3.30,0.0264,true,1,1015531
72961520,false,"פרילי יוגורט עם אננס 1.5% תנובה 125 מ""ל",מיוצר עי קונדיטוריית,IL,פרילי יוגורט עם אננס,מיליליטרים,125.00,"100 מ""ל",false,,3.30,0.0264,true,1,1015533
72961544,false,"באדי יוגורט בטעם תות שדה 3% תנובה 125 מ""ל",מחלבת אלון תבור,IL,באדי יוגורט בטעם תות,מיליליטרים,125.00,"100 מ""ל",false,,2.90,0.0232,true,1,1015534
72964132,false,פרילי טבע יוגורט עם גרנולה 200 גרם,מיוצר עי קונדיטוריית,IL,פרילי עם גרנולה 1.5%,מיליליטרים,200.00,"100 מ""ל",false,,4.70,0.0235,true,1,1015542
72964422,false,יוגורט פרחים 4.5% שומן 200 גרם,מחלבת תנובה,IL,יוגורט לבן 4.5% תנוב,מיליליטרים,200.00,"100 מ""ל",false,,2.60,0.0130,true,1,1015543
72986240,false,באדי מעדן חלב בטעם שוקולד תנובה 125 גרם,מחלבת אלון תבור,IL,"באדי שוקו בד""צ 125מל",מיליליטרים,125.00,"100 מ""ל",false,,2.80,0.0224,true,1,1015545
72986370,false,"גלידת בן & ג'ריס פיינטים וניל 500מ""ל",מוצרי איכות אמריקאיים,IL,גלידה בן &ג'ריס וני,מיליליטרים,500.00,"100 מ""ל",false,,18.90,0.0378,true,1,1027551
72986424,false,"גלידת בן & ג'ריס פיינטים קרם עוגיות 500מ""ל",מוצרי איכות אמריקאיים בע,IL,גלידה בן&ג'ריס קרם ע,מיליליטרים,500.00,"100 מ""ל",false,,18.90,0.0378,true,1,1027552
72986448,false,"גלידת בן & ג'ריס פיינטים טופי קראנץ 500מ""ל",מוצרי איכות אמריקאיים בע,IL,גלידה בן &ג'ריס טופ,מיליליטרים,500.00,"100 מ""ל",false,,18.90,0.0378,true,1,1027553
72986455,false,"ניו יורק סופר גלידת שוקולד, חתיכות פאדג' ואגוזים",מוצרי איכות אמריקאיים בע,IL,גלידה בן& ג'ריס ניו,מיליליטרים,500.00,"100 מ""ל",false,,18.90,0.0378,true,1,1027554
72986479,false,"צ'אנקי מנקי גלידת וניל, בננות, חתיכות פאדג' ואגוזים",מוצרי איכות אמריקאיים בע,IL,גלידה בן& ג'ריס צ'א,מיליליטרים,500.00,"100 מ""ל",false,,18.90,0.0378,true,1,1027555
72989425,false,"גלידת בן & ג'ריס פיינטים שוקולד בראוניז 500מ""ל",מוצרי איכות אמריקאיים בע,IL,גלידה בן & ג'ריס שוק,מיליליטרים,500.00,"100 מ""ל",false,,18.90,0.0378,true,1,1027556
72991886,false,"גלידת דולצ'ה בטעם ריבת חלב עם פאדג' בן וג'ירי 500 מ""ל",מוצרי איכות אמריקאיים בע,IL,גלידה בן&ג'ריס דולצ,מיליליטרים,500.00,"100 מ""ל",false,,18.90,0.0378,true,1,1027557
72994061,false,חטיף פסק זמן GOOD גלילית לבן 40 גרם,שולן צ'\יקולטה גידה סאן.,TR,Good2 פסק זמן 36 גרם,גרמים,36.00,100 גרם,false,,4.10,0.1139,true,1,1018353
78001756,false,בדי בדיקה 15 יחידות,סריג צח,,בדי בדיקה 15 יחידות,יח',15.00,יח',false,,4.00,0.2667,true,1,1033318
80042563,false,רסק עגבניות MUTTI{צהוב} 700 גרם,"איי, בי, אינבוו",IT,מחית עגבניות קלה 700,גרמים,700.00,100 גרם,false,,11.90,0.0170,true,1,6223817
80050025,false,סוכריות טיק טק תפוז 16 גרם,פררו - אלבה,ZA,טיק טק תפוז 16 גרם,גרמים,16.00,100 גרם,false,,2.90,0.1812,true,1,1028121
80050124,false,סוכריות טיק טק מנטה 16 גרם,פררו - אלבה,ZA,טיק טק מנטה 16 גרם,גרמים,16.00,100 גרם,false,,2.90,0.1812,true,1,1028122
80052760,false,קינדר בואנו Kinder Bueno עם חלב ואגוזי לוז,פררו - אלבה,PL,שוקולד קינדר בואנו 4,גרמים,43.00,100 גרם,false,,3.40,0.0791,true,1,1028132
80052883,false,סוכריות טיק טק מנטה חזק 16 גרם,צ'וקטה,ZA,טיק טק מנטה חזק 16 ג,גרמים,16.00,100 גרם,false,,2.90,0.1812,true,1,6264469
80136194,false,חטיפי הפי היפו Happy Hippo במילוי קרם חלבי ואגוזי לוז,קינדר Kinder,DE,הפי היפו אגוז 5*20ג,גרמים,100.00,100 גרם,false,,11.50,0.1150,true,1,3786213
80176800,false,נוטלה ממרח שוקולד 750 גרם,פררו תעשיות איטליה ס,IT,ממרח נוטלה 750 גרם,גרמים,750.00,100 גרם,false,,24.70,0.0329,true,1,1028135
80177173,false,ממרח שוקולד נוטלה 350 גרם,פררו - אלבה,IT,ממרח נוטלה 350 גרם,גרמים,350.00,100 גרם,false,,12.90,0.0369,true,1,1028137
80177609,false,אצבעות שוקולד קינדר Kinder ארבע יחידות,פררו - אלבה,IT,אצבעות קינדר שוקולד,גרמים,50.00,100 גרם,false,,3.40,0.0680,true,1,1028140
80177616,false,אצבעות שוקולד קינדר Kinder שמונה יחידות,פררו - אלבה,IT,אצבעות קינדר שוקולד,גרמים,100.00,100 גרם,false,,6.80,0.0680,true,1,1028141
80310167,false,קינדר שוקולד מקסי 126 גר,קינדר,DE,קינדר שוקולד מקסי 12,גרמים,126.00,100 גרם,false,,9.50,0.0754,true,1,5878127
80310891,false,ג'וי ביצת הפתעה קינדר 20 גרם,קריות זול,ZA,ג'וי ביצת הפתעה קינד,גרמים,20.00,100 גרם,false,,4.90,0.2450,true,1,1028144
80761761,false,קינדר בואנו חטיף לבן בודד,ליימן שליסל,PL,קינדר בואנו לבן בודד,גרמים,43.00,100 גרם,false,,3.40,0.0791,true,1,1028151
80768838,false,מסטיק מנטוס וויט ביג פירות ומנטה 105 ג',פרפטי ואן מלה,TR,מסטיק מנטוס וויט ביג,גרמים,105.00,100 גרם,false,,16.90,0.1610,true,1,2212167
80773429,false,מנטוס בקבוק מעוגל - מסטיק ללא סוכר בטעם תות 60 גרם,"פרפטי ואן מלה ג'\ידה,סאן",TR,מסטיק מנטוס פיור פרש,גרמים,60.00,100 גרם,false,,8.80,0.1467,true,1,4084261
80773443,false,מנטוס בקבוק מעוגל - מסטיק ללא סוכר בטעם מנטה 60 גרם,"פרפטי ואן מלה ג'\ידה,סאן",TR,מסטיק מנטוס מעוגל 60,גרמים,60.00,100 גרם,false,,8.80,0.1467,true,1,3032594
80776307,false,מסטיק מנטוס ביג בבקבוק מעוגל טעם פירות מנטה 90 ג',פרפטי ואן מלה הולנד,TR,מסטיק מנטוס ביג מעוג,גרמים,90.00,100 גרם,false,,16.90,0.1878,true,1,3032617
80780595,false,מסטיק מנטוס ביג בבקבוק מעוגל טעם מנטה-עדינה 90 ג',פרפטי ואן מלה הולנד,TR,מסטיק מנטוס ביג מעוג,גרמים,90.00,100 גרם,false,,16.90,0.1878,true,1,3032618
80790990,false,מסטיק מנטוס בבקבוק מעוגל בטעם פירות -מנטה 60 ג',"פרפטי ואן מלה ג'\ידה,סאן",TR,מסטיק מנטוס מעוגל 60,גרמים,60.00,100 גרם,false,,8.80,0.1467,true,1,3032595
80794233,false,מסטיק מנטוס ביג בבקבוק מעוגל טעם מנטה 90 ג',פרפטי ואן מלה הולנד,TR,מסטיק מנטוס ביג מעוג,גרמים,90.00,100 גרם,false,,16.90,0.1878,true,1,3032619
80804697,false,מסטיק וויט White בטעם מנטה מתוקה ללא סוכר,פרפטי ואן מלה,TR,מסטיק מנטוס וויט ביג,גרמים,105.00,100 גרם,false,,16.90,0.1610,true,1,2212169
80831402,false,סוכרית מנטוס מנטה עדינה ללא סוכר 21 גרם Clean Breath,פרפטי ואן מלה,NL,מנטוס סוכריות מנטה ע,יח',1.00,יח',false,,6.90,6.9000,true,1,6219576
80832560,false,"סוכריות מנטוס קלין ברט פירות יער לל""ס21",פרפטי ואן מלה,TR,סוכריות מנטוס ללא סו,יחידה,1.00,יחידה,false,,6.90,6.9000,true,1,6399769
80843184,false,מנטוס מסטיק פיור פרש בטעם ענבים 60גר,פרפטי ואן מלה הולנד,TR,מסטיק מנטוס פיור פרש,גרמים,60.00,100 גרם,false,,8.80,0.1467,true,1,6308269
80854753,false,סוכרית מנטוס מנטה ללא סוכר 21 גרם Clean Breath,פרפטי ואן מלה,NL,מנטוס סוכריות מנטה ל,יח',1.00,יח',false,,6.90,6.9000,true,1,6219577
80864295,false,סוכריות פיור וויט טעם מנטה עדינה 60 ג' מנטוס,"פרפטי ואן מלה ג'ידה,סאן",TR,מסטיק מנטוס פיור ווי,גרמים,78.00,100 גרם,false,,8.80,0.1128,true,1,6324484
80896081,false,מנטוס בקבוק מעוגל - מסטיק ללא סוכר בטעם אבטיח 60 גרם,"פרפטי ואן מלה ג'\ידה,סאן",TR,מסטיק מנטוס פיור פרש,גרמים,90.00,100 גרם,false,,8.80,0.0978,true,1,4084262
80913467,false,מנטוס בקבוק מעוגל - מסטיק ללא סוכר בטעם מנטה,פרפטי ואן מלה הולנד,TR,מסטיק מנטוס מעוגל 60,גרמים,60.00,100 גרם,false,,8.80,0.1467,true,1,3032596
80926481,false,מסטיק מנטוס פיור פרש בבקבוק בינוני בטעם אבטיח 90ג',"פרפטי ואן מלה ג'ידה,סאן",TR,מסטיק מנטוס ביג אבטי,גרמים,90.00,100 גרם,false,,16.90,0.1878,true,1,5102605
80929277,false,מסטיק מנטוס פיור וויט מנטה עדינה 150 גר,"פרפטי ואן מלה ג'ידה,סאן",TR,גומי לעיסה פיור וויט,גרמים,177.00,100 גרם,false,,17.70,0.1000,true,1,6367132
80945468,false,סוכריות פיור וויט טעם מנטה מתוקה 60 ג' מנטוס,"פרפטי ואן מלה ג'ידה,סאן",TR,מסטיק מנטוס פיור ווי,גרמים,78.00,100 גרם,false,,8.80,0.1128,true,1,6324485
80974215,false,מסטיק מנטוס פיור פרש בבקבוק ביג בטעם תות 90ג',"פרפטי ואן מלה ג'ידה,סאן",TR,מסטיק מנטוס ביג תות,יח',1.00,יח',false,,16.90,16.9000,true,1,5102606
80979128,false,מנטוס מסטיק בקבוק מעוגל בטעם דובדבן,פרפטי ואן מלה הולנד,TR,מסטיק מנטוס פיור פרש,גרמים,60.00,100 גרם,false,,8.80,0.1467,true,1,6308270
80982470,false,מסטיק מנטוס פיור פרוסט בטעם מנטה חזק 60 גר',פרפטי ואן מלה ברדה,TR,מנטוס מסטיק פיור פרו,גרמים,60.00,100 גרם,false,,8.80,0.1467,true,1,6299879
80995128,false,מנטוס בקבוק עגול בטעם הדרים בתוספת ויטמינים 60 גרם,פרפטי ואן מלה הולנד,TR,מנטוס מסטיק הדרים 60,יחידה,0.00,יחידה,false,,8.80,0.0000,true,1,6428669
87108538,false,סוכריות בטעם תות מנטוס 37.5 גרם,הדקלאים אגודת שיתופי,NL,סוכריות בטעם תות מנט,גרמים,37.50,100 גרם,false,,2.80,0.0747,true,1,1028167
87108651,false,סוכריות בטעם מנטה מנטוס 4*37.5 גרם,הדקלאים אגודת שיתופי,NL,סוכריות בטעם מנטה מנ,גרמים,150.00,100 גרם,false,,10.90,0.0727,true,1,1028168
87108712,false,סוכריות בטעם פירות מנטוס 4*37.5 גרם,פרפטי ואן מלה ברדה,NL,סוכריות בטעם פירות מ,גרמים,150.00,100 גרם,false,,10.90,0.0727,true,1,1028169
87311396,false,מנטוס ריינבאוו סוכריות לעיסה בטעמי פירות,פרפטי ואן מלה ברדה,NL,מנטוס ריינבואו בודד,גרמים,37.50,100 גרם,false,,2.80,0.0747,true,1,1028179
87354041,false,סוכריות מנטוס גליל בטעם דובדבן,פרפטי ואן מלה,NL,סוכריות מנטוס לעיסה,יח',1.00,יח',false,,2.90,2.9000,true,1,6299880
90087011,false,מיץ תפוחים 100% קרטונית ראוך,Rauch fruchtsafte gm,HU,מיץ תפוחים 1 ל' 12XR,ליטרים,1.00,ליטר,false,,11.10,11.1000,true,1,1016713
90087066,false,מיץ תפוזים 100% טבעי 1 ל' RAUCH,ראוך Rauch,HU,מיץ תפוזים ראוך 100%,יח',1.00,יח',false,,11.10,11.1000,true,1,1016714
90087271,false,נקטר אוכמניות 1 ליטר קרטונית ראוך,Rauch fruchtsafte gm,,נקטר אוכמניות שחורות,100 מל,1.00,100 מל,false,,11.10,11.1000,true,1,1016715
90087769,false,מיץ אננס 100% קרטונית ראוך,Rauch fruchtsafte gm,AT,מיץ אננס 12XHAPPY DA,ליטרים,1.00,ליטר,false,,11.10,11.1000,true,1,1016717
90087974,false,"חומץ תפוחים 5% 750 מֿֿֿֿ""ל 12X",ראוך פרוכטסאפה,AT,חומץ תפוחים 5% 750 מ,מיליליטרים,750.00,"100 מ""ל",false,,11.70,0.0156,true,1,1016719
90162602,false,רד בול משקה אנרגיה פקדון 30 אג,רד בול ג'י.אם.בי. אץ,IL,משקה אנרגיה רד בול 2,מיליליטרים,250.00,"100 מ""ל",false,,5.90,0.0236,true,1,5422264
90162800,false,רד בול משקה אנרגיה ללא סוכר פקדון 30 אג,רד בול ג'י.אם.בי. אץ,AT,משקה אנרגיה רד בול ל,מיליליטרים,250.00,"100 מ""ל",false,,5.90,0.0236,true,1,5422265
90448867,false,"משקה אנרגיה רד בול ללא פחמימות 250 מ""ל",רד בול,AT,משקה אנרגיה רד בול 2,מיליליטרים,250.00,"100 מ""ל",false,,5.90,0.0236,true,1,6396614
96033531,false,"דאו דאב רול און רימונים ולואיזה 50 מ""ל",יוניליוור פארם,GB,דאודורנט רול-און רימ,יח',1.00,יח',false,,14.90,14.9000,true,1,5464175
96137130,false,"דאו' רול און אנטי פרספירנט אגס ואלוורה 50 מ""ל",יוניליוור פיליפינים,GB,דאב דאודורנט רול-און,מטרים,50.00,100 מ'ל,false,,14.90,0.2980,true,1,5038783
5150001700,false,חמאת בוטנים סמארקס 454 גרם,,,חמאת בוטנים סמארקס 4,גרמים,454.00,100 גרם,false,,17.90,0.0394,true,1,6384065
8100000159,false,שעריו בתורה,,,שעריו בתורה,יח',1.00,יח',false,,40.00,40.0000,true,1,1164569
8112100298,false,"שמן שומשום טהור מזרח ומערב 185 מ""ל",Flavor full foods in,TW,שמן שומשום טהור 185,מיליליטרים,185.00,"100 מ""ל",false,,14.50,0.0784,true,1,1032219
9800800056,false,חטיף שוקולד עם מקלות לחם אנד גו,פררו - אלבה,DE,נוטלה אנד גו 52 ג,יח',1.00,יח',false,,4.90,4.9000,true,1,1272306
10900145015,false,שקיות אשפה חזרות במי,דיימונד,ZA,שקיות אשפה חזקות L,יח',1.00,יח',false,,15.90,15.9000,true,1,6357235
10900634069,false,XL דיימונד שקיות אשפה חזקות במיוחד 8 יח,דיימונד,ZA,שקיות אשפה חזקות XL,יח',1.00,יח',false,,15.90,15.9000,true,1,6357236
11210000094,false,רוטב טבסקו אדום 60 גרם,מקאילהייני אייבורי,US,רוטב חריף טבסקו 60 מ,מטרים,60.00,100 מ'ל,false,,9.80,0.1633,true,1,1025728
11210006508,false,רוטב פלפל הבנרו חריף טבסקו 60 מל,מקאילהייני Mc.Ilhenn,US,טבסקו אקסרא חריף הבנ,מטרים,60.00,100 מ'ל,false,,14.90,0.2483,true,1,1049525
11210007253,false,"רוטב שום ופלפל טבסקו 60 מ""ל",מקאילהייני אייבורי,US,רוטב שום ופלפל טבסקו,מטרים,60.00,100 מ'ל,false,,9.80,0.1633,true,1,1025729
11210009387,false,"רוטב פלפל ירוק טבסקו 60 מ""ל",מקאילהייני אייבורי,US,רוטב פלפל ירוק טבסקו,מטרים,60.00,100 מ'ל,false,,9.80,0.1633,true,1,1025730
11210607040,false,טבסקו פלפל צפוטלי חריף 60 מל,מקאילהייני Mc.Ilhenn,US,טבסקו מעושן צ'יפוטלי,מטרים,60.00,100 מ'ל,false,,9.90,0.1650,true,1,1049526
11210618503,false,"רוטב טבסקו על בסיס פלפל סקורפיון 60מ""ל",מק. אילהיני קו,US,טבסקו פלפל חריף סקור,יח',1.00,יח',false,,14.90,14.9000,true,1,6224832
11210698055,false,רוטב טבסקו סרירציה 566 גרם,מקאילהייני קו,US,טבסקו סוריצ'ה חריף 5,גרמים,566.00,100 גרם,false,,24.50,0.0433,true,1,3789092
16000185517,false,דגני בוקר פייבר וואן עתירי סובין FIBRE1,בטר אנד דיפרנט,US,פייבר וואן 555 גרם,גרמים,555.00,100 גרם,false,,24.80,0.0447,true,1,6335316
16000281684,false,חטיפי גרנולה קראנצ'י עם פקאן נייצ'ר ואלי 5*42 גרם,ליימן מותגים,US,חטיפי גרנולה קראנצ'י,גרמים,210.00,100 גרם,false,,14.90,0.0710,true,1,1028187
16000423534,false,חטיפי גרנולה קראנצ'י עם שיבולת שועל ושוקולד מריר נייצ'ר ואלי 5*42 גרם,ג'נרל מילס סאן אדריאן,ES,חטיפי גרנולה קראנצ'י,גרמים,210.00,100 גרם,false,,14.90,0.0710,true,1,1028189
16000548404,false,חטיפי גרנולה קראנצ'י עם שיבולת שועל ודבש נייצ'ר ואלי 5*42 גרם,ג'נרל מילס סאן אדריאן,ES,חטיפי גרנולה קראנצ'י,גרמים,210.00,100 גרם,false,,14.90,0.0710,true,1,1028196
16000548503,false,חטיפי גרנולה קראנצ'י עם מייפל וסוכר חום נייצ'ר ואלי 5*42 גרם,ג'נרל מילס סאן אדריאן,ES,חטיפי גרנולה קראנצ'י,גרמים,210.00,100 גרם,false,,14.90,0.0710,true,1,1028198
16000548602,false,חטיפי גרנולה קראנצ'י קינמון נייצ'ר ואלי 5*24 גרם,ג'נרל מילס סאן אדריאן,ES,חטיפי גרנולה קראנצ'י,גרמים,210.00,100 גרם,false,,14.90,0.0710,true,1,1028200
16000548909,false,חטיפי גרנולה קראנצ'י במגוון טעמים נייצ'ר ואלי 5*42 גרם,ג'נרל מילס סאן אדריאן,ES,חטיפי גרנולה קראנצ'י,גרמים,210.00,100 גרם,false,,14.90,0.0710,true,1,1028202
16229909819,false,קרם קוקוס 1 ליטר AROY-D,תאי וורלד,,קרם קוקוס 1 ליטר,ליטרים,1.00,ליטר,false,,24.90,24.9000,true,1,1208961
16229924263,false,"ארוי-די קרם קוקוס 250 מ""ל",תאי אגרי פוד פובליק קו'\,TH,קרם קוקוס 250 מל,מיליליטרים,250.00,"100 מ""ל",false,,9.80,0.0392,true,1,3911186
18000701223,false,"פילסברי, עוגה בטעם שוקולד, תערובת להכנת עוגה בטעם שוקולד. 500 גרם",הדקלאים אגודת שיתופי,IL,תערובת להכנת עוגת שו,גרמים,500.00,100 גרם,false,,15.90,0.0318,true,1,1028204
18000703494,false,"פילסברי, עוגה בטעם וניל, תערובת להכנת עוגה בטעם וניל. 500 גרם.",הדקלאים אגודת שיתופי,IL,תערובת להכנת עוגת ונ,גרמים,500.00,100 גרם,false,,15.90,0.0318,true,1,1028205
18000703517,false,"פילסברי, עוגה בטעם שוקולד וניל, תערובת להכנת עוגה בטעם וניל. 550 גרם.",הדקלאים אגודת שיתופי,IL,תערובת להכנת עוגת שי,גרמים,550.00,100 גרם,false,,15.90,0.0289,true,1,1028206
18000766413,false,"פילסברי, עוגה בטעם שוקולד, תערובת להכנת עוגה בטעם שוקולד. 550 גרם.",הדקלאים אגודת שיתופי,IL,תערובת לעוגת בראוניס,גרמים,550.00,100 גרם,false,,15.90,0.0289,true,1,1028207
19548003107,false,צימקאו בטעם שוקולד לבן אופנהיימר 300 גרם,אופנהיימר,IL,צמקאו לבן 300 גר,גרמים,300.00,100 גרם,false,,8.90,0.0297,true,1,5422524
21200513152,false,"שלישיית ספוגי קרצוף עדינים ""סקוטש ברייט""",3M קנדה,CA,סקוטש ברייט ספוג קרצ,יח',1.00,יח',false,,12.90,12.9000,true,1,1066762
21200572357,false,שלישיית ספוגי קרצוף לניקוי חזק (ירוקים),M3,CA,סקוטש ברייט שלישייה,יח',1.00,יח',false,,12.90,12.9000,true,1,1066763
21231828263,false,מיקס פירות טרופיים מוקפא 500ג רמילוי,,,מיקס פירות טרופיים מ,גרמים,500.00,100 גרם,false,,14.90,0.0298,true,1,6259397
21231828270,false,תערובת פירות יער מוקפא 500ג רמילוי,,,תערובת פירות יער מוק,גרמים,500.00,100 גרם,false,,14.90,0.0298,true,1,6260412
21231828294,false,חתיכות אננס מוקפא 500ג רמילוי,,,חתיכות אננס מוקפא 50,גרמים,500.00,100 גרם,false,,14.90,0.0298,true,1,6259398
21231829239,false,קוביות מנגו מוקפא 500ג רמילוי,,,קוביות מנגו מוקפא 50,גרמים,500.00,100 גרם,false,,14.90,0.0298,true,1,6259375
22200956932,false,דאודורנט ספיד סטיק גל 24/7 כחול 85 גר,הנסיך- מפעל לייצור ט,US,דאודורנט 24/7 ג'ל כח,גרמים,51.00,100 גרם,false,,16.90,0.3314,true,1,1017401
25675120006,false,פשקז חמצוצים 4 צבעים 100 גרם,פאסין ב.ו,NL,מקלות חמוצים 4 טעמים ללא,גרמים,100.00,100 גרם,false,,8.90,0.0890,true,1,1034940
25675120068,false,מקלות חמצוצים בטעם קולה פשקז 100 גרם,פשקז Paskesz,NL,מקלות חמוצים קולה 100 גר',גרמים,100.00,100 גרם,false,,8.90,0.0890,true,1,1034944
25675121027,false,חמצוצים רחב צבעוני רחב בטעמים 115 גרם,פאסין,NL,מקלות חמוצים 4 טעמים ללא,גרמים,115.00,100 גרם,false,,10.90,0.0948,true,1,1303530
25675121034,false,חמצוצים רחבים תות 115 גר,חמצוצים,NL,חמצוצים רחב תות 115 גר',גרמים,115.00,100 גרם,false,,10.90,0.0948,true,1,1034951
25675121058,false,"חמצוצים רחבים תפו""ע 115 גר",חמצוצים,NL,"חמצוצים רחב תפו""ע 115 גר'",גרמים,115.00,100 גרם,false,,10.90,0.0948,true,1,1034953
25675301108,false,חמצוצים מקלות חמוצים תות 50 גרם,פאסין,NL,מקלות חמוצים תות 50 גר',גרמים,50.00,100 גרם,false,,4.90,0.0980,true,1,1034982
25675502055,false,דקיקי שוקולד פטל 200 גרם,פשקס,,דקיקי שוקולד פטל 200,גרמים,200.00,100 גרם,false,,15.80,0.0790,true,1,6430431
25675502079,false,דקיקי שוקולד מנטה מילוי קרם תפוז 200 גרם,,,דקיקי שוקולד במילוי,גרמים,200.00,100 גרם,false,,15.80,0.0790,true,1,6324451
25700005674,false,זיפלוק שקיות אחסון סליידר גדולות 15 יחידות,אס.סי.ג'\ונסון מידרכט,US,זיפלוק שקיות אחסון ס,יח',1.00,יח',false,,15.80,15.8000,true,1,6261733
25700005698,false,זיפלוק שקיות אחסון בינוניות 24 יחידות,אס.סי.גונסון ובניו,US,זיפלוק שקיות אחסון ב,יח',1.00,יח',false,,12.90,12.9000,true,1,6261735
30000315989,false,קוואקר פרוטאין חמוציות ושקדים 372 גרם,קוואקר אוטס קומפני,US,קוואקר פרוטאין חמוצי,גרמים,372.00,100 גרם,false,,20.90,0.0562,true,1,5642178
31200001597,false,חמוציות אושן ספריי קליית גת בשקית 170 גרם,אושן ספריי,US,חמוציות אושן ספריי 1,גרמים,170.00,100 גרם,false,,10.90,0.0641,true,1,1028212
33200147701,false,פרש&סופט דפים למייבש בניחוח טרופי 100 יח,פרש אנד סופט Frash'n soft,US,פרש&סופט 100 ורוד למייבש,יח',100.00,יח',false,,23.90,0.2390,true,1,1013305
33617000026,false,קרקר ואזה 203-275 גרם מקמח מלא 260,כלורוקס אוקלנד,SE,וואזה מקמח מלא 260גר,גרמים,260.00,100 גרם,false,,12.90,0.0496,true,1,1013307
33617322616,false,פת פריכה מקמח שיפון ואזה 270 גרם,כלורוקס אוקלנד,SE,קרקר שיפון ואזה 270,גרמים,270.00,100 גרם,false,,12.90,0.0478,true,1,1013308
33617340610,false,קרקר ואזה 203-275 גרם מקמח שיפון 275,כלורוקס אוקלנד,SE,פת פריכה קמח שיפון 2,גרמים,275.00,100 גרם,false,,12.90,0.0469,true,1,1013309
34000148301,false,הרשי נטיפי שוקולד מריר לאפייה 340 גר,ליימן מותגים,US,*מבצע* הרשי נטיפי שו,גרמים,340.00,100 גרם,false,,16.90,0.0497,true,1,3087991
34000196173,false,הרשי טבלה XL בטעם שוקולד לבן עם שברי עוגיות 113 גרם,ליימן מותגים,US,הרשיז קוקיס אנד קרים,גרמים,113.00,100 גרם,false,,7.50,0.0664,true,1,1242139
34000312177,false,הרשי סירופ בטעם שוקולד 680 גרם,ליימן מותגים,US,*מבצע* הרשי סירופ שו,מיליליטרים,680.00,"100 מ""ל",false,,16.90,0.0249,true,1,1078501
34000442652,false,ריזס טבלה בטעם שוקולד ממולאת קרם בוטנים 120 גרם,ליימן מותגים,US,הרשיז ריזס אקסטרא לא,גרמים,120.00,100 גרם,false,,7.50,0.0625,true,1,1242140
34000470563,false,ריסז מיניס באריזה משפחתית 215 גרם,ליימן מותגים,US,ריסז מיניס פאוץ 215,100 קרטון,215.00,100 קרטון,false,,18.90,0.0879,true,1,5536630
34000544028,false,סוכריות ארוכות בטעם תות טוויזלרס Twizzlers,ליימן מותגים,US,טוויזלרס ממתק תות 19,גרמים,198.00,100 גרם,false,,6.90,0.0348,true,1,1025737
34000544431,false,ממתקי הרשיז טוויזלרס טעם דובדבן 172 גרם,ליימן מותגים,US,טוויזלרס ממתק טעם דו,גרמים,172.00,100 גרם,false,,6.90,0.0401,true,1,1025739
34000996643,false,הרשי דרופס באריזה משפחתית 215 גרם,ליימן מותגים,US,הרשי דרופס,100 קרטון,215.00,100 קרטון,false,,18.90,0.0879,true,1,5536631
35000458476,false,קולגייט מברשת שיניים ילדים מארז רביעייה,קולגייט פלמוליב,VN,קולגייט מברשת ילדים,יח',1.00,יח',false,,17.90,17.9000,true,1,5688646
37600207188,false,חמאת בוטנים קלאסי סקיפי 462 גרם,חברת המזון אלגוד,US,חמאת בוטנים סקיפי קלאסי 4,גרמים,462.00,100 גרם,false,,17.90,0.0387,true,1,1121926
37600207256,false,חמאת בוטנים עם שברי בוטנים סקיפי 462 גרם,חברת המזון אלגוד,US,חמאת בוטנים סקיפי עם שברי,גרמים,462.00,100 גרם,false,,17.90,0.0387,true,1,1121927
37600297943,false,מטבל סלסה חריף- צ'י צ'י 439 גר,מותגים,US,מטבל סלסה חריף- צ'י,מטרים,439.00,100 מ'ל,false,,18.90,0.0431,true,1,6437266
37600297967,false,מטבל סלסה בחריפות עדינה ציי צי 439 גר,מותגים,US,מטבל סלסה בחריפות עד,מטרים,439.00,100 מ'ל,false,,18.90,0.0431,true,1,6437267
37977005455,false,מאמ מחזיק מוצץ כחול,General,HU,מחזיק למוצץ מאם,יח',1.00,יח',false,,24.90,24.9000,true,1,1025206
37977050059,false,מוצץ לתינוק ללא ביספנול 0-2 מאם 2 יחידות,General,HU,מוצץ לתינוק ללא ביספ,יח',2.00,יח',false,,32.80,16.4000,true,1,1025208
38000138638,false,חטיף צ'יפס פרינגלס פיצה 158 גרם,פרינגלס מנופקצ'ורינג קונ,US,חטיף צ'יפס פרינגלס פ,גרמים,158.00,100 גרם,false,,8.90,0.0563,true,1,2514136
38000138720,false,חטיף צ'יפס פרינגלס ראנץ 158 גרם,פרינגלס מנופקצ'ורינג קונ,US,חטיף צ'יפס פרינגלס ר,גרמים,158.00,100 גרם,false,,8.90,0.0563,true,1,4754285
38000183690,false,חטיף צ'יפס פרינגלס מידי ברביקיו 71 גרם,פרינגלס מנופקצ'ורינג,US,חטיף צ'יפס פרינגלס מ,גרמים,71.00,100 גרם,false,,4.90,0.0690,true,1,4255195
38000183928,false,פרינגלס חרדל ודבש 158 גרם,פרינגלס מניופקצ'ורינ,US,פרינגלס חרדל ודבש 15,גרמים,158.00,100 גרם,false,,8.90,0.0563,true,1,6260012
38000197840,false,פרינגלס גלי בטעם חריף מתוק 137 ג',פרינגלס מניופקצ'\ורינג ק,US,פרינגלס ברביקיו 137,גרמים,137.00,100 גרם,false,,7.90,0.0577,true,1,6260013
38000202278,false,חטיף צ'יפס גלי בטעם אורגינל מלוח,פרינגלס מניופקצ'\ורינג ק,US,פרינגלס אורגינל 137,גרמים,137.00,100 גרם,false,,7.90,0.0577,true,1,6260014
38000232152,false,פרינגלס חטיפי תפוח אדמה בטעם ברביקיו 158 גרם,פרינגלס מנופקצ'ורינג קומ,US,פרינגלס ביג ברביקיו,גרמים,158.00,100 גרם,false,,7.90,0.0500,true,1,6206877
38000232169,false,פרינגלס מידי אורגינל 67 גרם.,פרינגלס מנופקצ'ורינג קונ,US,פרינגלס מידי אורגינל,גרמים,67.00,100 גרם,false,,4.90,0.0731,true,1,6206878
38000232176,false,פרינגלס ביג שמנת בצל 158 גרם,פרינגלס מנופקצ'ורינג קונ,US,פרינגלס ביג שמנת בצל,גרמים,158.00,100 גרם,false,,8.90,0.0563,true,1,6206879
38000232183,false,פרינגלס ביג אורגינל 149 גרם,פרינגלס מנופקצ'ורינג קונ,US,פרינגלס ביג אורגינל,גרמים,149.00,100 גרם,false,,7.90,0.0530,true,1,6206880
38000845253,false,חטיף צ'יפס פרינגלס מידי שמנת בצל 71 גרם,פרינגלס מנופקצ'ורינג קונ,US,חטיף צ'יפס פרינגלס מ,גרמים,71.00,100 גרם,false,,4.90,0.0690,true,1,1516098
38527591053,false,קואקר דגנים מרובעים שיבולת שועל וקינמון,קוואקר אוטס קומפני,US,דגני בוקר מרובעים קי,גרמים,411.00,100 גרם,false,,18.90,0.0460,true,1,1027640
38527591060,false,דגני קוואקר מרובעים Quaker Squares עם סוכר חום,קוואקר אוטס קומפני,US,דגני בוקר מרובעים קו,גרמים,411.00,100 גרם,false,,18.90,0.0460,true,1,1027641
40000512943,false,סוכריות אם אנד אמס M&M שוקולד חלב,M&M אם אנד אם,US,אם אנד אם שוקולד 303,גרמים,303.00,100 גרם,false,,19.90,0.0657,true,1,4520457
40000513568,false,סוכריות אם אנד אמס M&M שוקולד חלב,M&M אם אנד אם,US,אם אנד אם שוקולד 156,גרמים,155.00,100 גרם,false,,9.90,0.0639,true,1,3135030
40000514480,false,M&M אריזה קטנה's שוקולד אריזה קטנה 48 גרם,M&M אם אנד אם,US,אם אנד אם שוקו 48 גר,גרמים,48.00,100 גרם,false,,4.70,0.0979,true,1,2111535
40000514510,false,M&M אריזה קטנה's בוטנים אריזה קטנה 49 גרם,M&M אם אנד אם,US,אמ אנד אם חטיף בוטני,גרמים,49.00,100 גרם,false,,4.70,0.0959,true,1,1906173
41143028681,false,צימוקים בקופסא סאן מייד 400 גר',,US,צימוקים בקופסא 400 ג,גרמים,400.00,100 גרם,false,,20.90,0.0522,true,1,6257254
41390001079,false,"רוטב סויה קיקומן מופחת נתרן 444 מ""ל",קיקומן פודז אינק,US,רוטב סויה קיקומן מופ,מיליליטרים,444.00,"100 מ""ל",false,,19.80,0.0446,true,1,1155555
41390001451,false,רוטב סויה קיקומן 1.2 קילו,קיקומן פודז אינק,US,רוטב סויה קיקומן 1.2 ליטר,מטרים,1200.00,100 מ'ל,false,,29.90,0.0249,true,1,1027650
41390010309,false,"רוטב טריאקי קיקומן 444 מ""ל",קיקומן פודז אינק,US,"רוטב טריאקי 444 מ""ל",מיליליטרים,444.00,"100 מ""ל",false,,19.80,0.0446,true,1,1155556
41500000428,false,חרדל חום פרנצס חריף לחיץ 340 גרם,פרנצ'ס,US,חרדל חריף פרנצ'ס לחי,גרמים,340.00,100 גרם,false,,17.90,0.0526,true,1,6387993
41500745107,false,"אמריקן גורנן רד הוט 354 מ""ל כנפיים",,US,רוטב רד הוט באפלו לכ,גרמים,354.00,100 גרם,false,,22.90,0.0647,true,1,6432947
41500770734,false,רוטב רד הוט צ'ילי ליים פרנקס 354 מל,,US,רוטב רד הוט צ'ילי ל,גרמים,354.00,100 גרם,false,,22.90,0.0647,true,1,6432948
41500805023,false,"רוטב פלפל רד האט 354 מ""ל",רקיט בנקיזר,,רוטב פלפל רד האט 354,מטרים,354.00,100 מ'ל,false,,22.90,0.0647,true,1,6432949
42400108153,false,דגני בוקר צבעוניים בטעם פירות טוטי פרוטיס,פוסט ארצות הברית,US,דגנים ממותקים טעם פי,גרמים,350.00,100 גרם,false,,19.90,0.0569,true,1,6273884
44600002217,false,"נוזל לפתיחת סתימות 946 מ""ל",ליקוויד פלמר,,נוזל לפתיחת סתימות 9,מיליליטרים,946.00,"100 מ""ל",false,,28.90,0.0305,true,1,1013314
44600008899,false,"ספריי לניקוי חלונות ומשטחים כלורקס 946 מ""ל",,,ספריי לניקוי חלונות,מיליליטרים,946.00,"100 מ""ל",false,,19.50,0.0206,true,1,6249475
46214372250,false,"עוגיות שטרודל פריכות תפו""ע וצימוקים",מרבה Merba,NL,עוגיות שטרודל תפוח ע,גרמים,200.00,100 גרם,false,,9.80,0.0490,true,1,1027652
46214731552,false,עוגיות שוקולד צ'יפס 37% גודיס 225 גרם,קריניציה ויטמינה אס,NL,עוגיות שוקולד צ'יפס,גרמים,225.00,100 גרם,false,,9.80,0.0436,true,1,1027654
50000015474,false,"מזון חתולים פריסקיז מעדני הים 1.43 ק""ג",פריסקיז,US,"פריסקיז דגים 1.42 ק""",קילוגרמים,1.40,"ק""ג",false,,34.90,24.9286,true,1,1019756
50000040803,false,פנסי פיסט גריל עוף,השוואת מחירונים,,פנסי פיסט גריל עוף,100 יח',85.00,100 יח',false,,5.70,0.0671,true,1,6046097
50000084500,false,מזון יבש לחתול בטעם נתחי ברביקיו פריסקיז Friskies,נסטלה פורינה USA מק,US,פריסקיז מעדני השף 1.,קילוגרמים,1.42,"ק""ג",false,,34.90,24.5775,true,1,1019760
50000100347,false,"פריסקיז - מעדני החתול מועשר בחלב 1.40 ק""ג",נסטלה פורינה USA מק,US,פריסקיז מעדני החתול,קילוגרמים,1.40,"ק""ג",false,,34.90,24.9286,true,1,1019762
50000168583,false,"מזון חתולים פריסקיז אקסטרא קראנץ 1.43 ק""ג","פורינה ארה""\ב",US,פריסקיז אקסטרא קראנץ,קילוגרמים,1.40,"ק""ג",false,,34.90,24.9286,true,1,6300669
50000426942,false,פנסי פיסט צאנקי בשר ועוף,,,פנסי פיסט צאנקי בשר,יח',1.00,יח',false,,5.70,5.7000,true,1,5970948
50000429042,false,מזון חתולים כבד מעודן ועוף פנסי פיסט 85 גרם,נסטלה פורינה USA ג',US,מזון חתולים כבד מעוד,גרמים,85.00,100 גרם,false,,5.60,0.0659,true,1,1019771
50000429943,false,פנסי פיסט גורמה עוף 85 גרם,פורינה,US,פנסי פיסט גורמה עוף,100 יח',85.00,100 יח',false,,5.70,0.0671,true,1,6046098
51500000793,false,קונפיטורת אוכמניות סמקרס,,IL,קונפיטורת אוכמניות 3,גרמים,340.00,100 גרם,false,,14.90,0.0438,true,1,6317102
51500000816,false,קונפיטורת דובדבנים סמקרס,,IL,קונפיטורת דובדבנים 3,גרמים,340.00,100 גרם,false,,14.90,0.0438,true,1,6317103
51500000953,false,קונפיטורת תות שדה סמקרס,,IL,קונפיטורת תות 340 גר,גרמים,340.00,100 גרם,false,,14.90,0.0438,true,1,6317104
51500017005,false,סמארקס חמאת בוטנים 454 גר,סמאקרס,US,סמארקס חמאת בוטנים 4,גרמים,454.00,100 גרם,false,,17.90,0.0394,true,1,6384731
52100002460,false,תערובת תיבול לעוף ודג 77 גר,מקרומיק,US,תערובת תיבול לעוף ול,יח',1.00,יח',false,,19.90,19.9000,true,1,5711281
52100006260,false,אבקת שום מקורמיק 88 גרם,מקרומיק,US,אבקת שום,יח',1.00,יח',false,,27.90,27.9000,true,1,5711285
52100030043,false,פלפל שחור טחון גס 42 גרם,מקורמיק אנ גו,US,פלפל שחור טחון גס,יח',1.00,יח',false,,19.90,19.9000,true,1,5711287
52100040806,false,תערובת שום בצל פלפל שחור ומלח ים 120 גר,מקורמיק,US,תערובת תיבול שום בצל,יח',1.00,יח',false,,24.90,24.9000,true,1,5711289
52100142593,false,תערובת תיבול להמבורגר 77 גר,מקרומיק תבלינים,US,תערובת תיבול להמבורג,יח',1.00,יח',false,,19.90,19.9000,true,1,5711261
52100746043,false,תערובת תיבול פלפלים במטחנה,מקורמיק האנט ואלי,FR,תערובת תיבול פלפלים,יח',1.00,יח',false,,19.90,19.9000,true,1,5711296
55369902557,false,אפלסנקס רביעיות רסק תפוחי עץ ממותק בסגנון ביתי עברית,ליייהי אורצ'רדס,CA,מחית תפוחי עץ אפלסנא,גרמים,452.00,100 גרם,false,,13.30,0.0294,true,1,1025759
55369902564,false,אפלסנקס רביעיות רסק תפוחי עץ ללא תוספת סוכר עברית,ליייהי אורצ'רדס,CA,מחית תפוחי עץ ללא תו,גרמים,452.00,100 גרם,false,,13.30,0.0294,true,1,1025760
64144090013,false,פאם תרסיס על בסיס שמן קנולה בטעם חמאה,קונאגרה פודס,US,תרסיס שמן קנולה בטעם,מיליליטרים,148.00,"100 מ""ל",false,,16.90,0.1142,true,1,1028221
64144090020,false,"ספריי שמן PAM בטעם שמן זית 141 מ""ל",קונאגרה פודס,US,תרסיס שמן זית פאם 14,מיליליטרים,141.00,"100 מ""ל",false,,16.90,0.1199,true,1,1028222
64144090051,false,"ספריי שמן PAM קנולה אורגינל 148 מ""ל",קונאגרה פודס,US,תרסיס שמן פאם קנולה,מיליליטרים,148.00,"100 מ""ל",false,,16.90,0.1142,true,1,1171238
73490153419,false,מיץ ענבים גאולה קונקורד 1.89 ליטר,קדם פוד פרודקטסn\,US,מיץ ענבים גאולה 1.89,ליטרים,1.89,ליטר,false,,26.90,14.2328,true,1,1014912
76840002542,false,"גלידת בן & ג'ריס פיינט נטפליקס וצ'ילד 500מ""ל",מוצרי איכות אמריקאיים בע,IL,גלידה בן & גירס נטפל,מיליליטרים,500.00,"100 מ""ל",false,,17.90,0.0358,true,1,6227911
76840100156,false,"בן אנד גריס גלידת צרי גרסיה 500 מ""ל",מוצרי איכות אמריקאיים בע,IL,גלידה בן & ג'ריס צ'ר,מיליליטרים,500.00,"100 מ""ל",false,,18.90,0.0378,true,1,1171204
76840100583,false,"גלידת וניל עם בצק עוגיות בן וג'ירי 473 מ""ל",מוצרי איכות אמריקאיים בע,IL,גלידה בן & ג'ריס בצק,מיליליטרים,500.00,"100 מ""ל",false,,18.90,0.0378,true,1,1027567
76840400218,false,"גלידה בן&ג'ריס תות שדה ועוגת גבינה 500מ""ל",מוצרי איכות אמריקאיים בע,IL,גלידה בן &ג'ריס עוגת,100 מל,500.00,100 מל,false,,18.90,0.0378,true,1,1073696
77245110610,false,סוכריות מאסט ללא סוכר בטעם מנטה 80 ג'עלית,MIESZKO S.A - MS. JO,PL,סוכריות מנטה ללא תוס,גרמים,80.00,100 גרם,false,,6.90,0.0863,true,1,1018362
77975010167,false,סניידרס חטיף מקלוני חיטה בתוספת דבש 340.2 גרם,סניידרס אוף האנובר,US,מקלוני חיטה סניידרס,גרמים,340.00,100 גרם,false,,14.90,0.0438,true,1,3504968
77975022757,false,בייגלה קשה מבצק שאור בסגנון אמריקאי,סניידרס אוף האנובר,US,בייגל אמריקאי 382 גר,גרמים,382.00,100 גרם,false,,14.90,0.0390,true,1,1131969
77975036976,false,מטבל עגבניות בחריפות עדינה סניידרס 439 ג',סניידרס אוף האנובר,US,מטבל עגבניות בחריפות,גרמים,439.00,100 גרם,false,,16.90,0.0385,true,1,1407730
77975091975,false,סנדוויץ' בייגלה סניידרס במילוי קרם בטעם פיצה 226.8 גר',ליימן מותגים,US,סנדויץ בייגלה במילוי,גרמים,226.80,100 גרם,false,,14.90,0.0657,true,1,5970489
77975094624,false,"סניידרס סנדוויץ בייגלה במילוי חמאת בוטנים , 226 ג'",סניידרס Snyder's,US,סניידרס שברי בייגלה,יח',1.00,יח',false,,14.90,14.9000,true,1,6248836
77975094631,false,סניידרס סנדוויץ' בייגלה במילוי קרם בטעם צ'דר 226 גרם,סניידרס לאנס,US,בייגלה סנדוויץ גבינה,גרמים,266.00,100 גרם,false,,14.90,0.0560,true,1,6248837
77975094761,false,סניידרס חטיפים על בסיס קמח חיטה בטעם גבינת צ'דר,סניידרס אוף האנובר,US,שברי בייגל בטעם גבינ,גרמים,340.00,100 גרם,false,,14.90,0.0438,true,1,6291639
77975094778,false,שברי בייגלה סניידרס בטעם דבש חרדל 340 גר,סניידרס אוף האנובר,US,שברי בייגל חרדל ודבש,גרמים,340.00,100 גרם,false,,14.90,0.0438,true,1,6300041
77975095157,false,סניידרס שברי בייגלה בטעם חלפיניו 318 גרם,סניידרס Snyder's,US,סניידרס שברי בייגלה,גרמים,318.00,100 גרם,false,,14.90,0.0469,true,1,6369432
78652693062,false,סט 3 קופסאות ריבועיות עם מכסה אדום,,,סט 3 קופסאות ריבועיו,יח',1.00,יח',false,,8.90,8.9000,true,1,6394081
78652971191,false,סלסלת ראטן ארוגה גדו,,,סלסלת ראטן ארוגה גדו,יח',1.00,יח',false,,14.90,14.9000,true,1,4847300
85000019498,false,"וודקה ניו אמסטרדם 40% 750 מ""ל",יקבי אי'\ ג'\י גאלו,US,וודקה ניו אמסטרדם 75,מיליליטרים,750.00,"100 מ""ל",false,,59.90,0.0799,true,1,6235161
89397344300,false,דיניקולה רוטב פסטה עגבניות ובזיל 737 גרם,ג'יאובני פוד אינק,US,דניקולה רוטב בזיליקו,גרמים,737.00,100 גרם,false,,16.90,0.0229,true,1,1013359
89397344348,false,דיניקולה רוטב פסטה עם שום קלוי 737 גרם,ג'יאובני פוד אינק,US,דניקולה רוטב פסטה שו,גרמים,737.00,100 גרם,false,,16.60,0.0225,true,1,1025785
89397344362,false,רוטב דיניקולה פסטה בטעם מרינדה 737 גרם,ג'יאובני פוד אינק,US,דניקולה רוטב לפסטה מ,גרמים,737.00,100 גרם,false,,16.60,0.0225,true,1,1025786
96086000676,false,"עוגיות מקמח כוסמין ציה ללת""ס 200 גרם",מצות אביב 2014 מאפה בעמ,IL,עוגיות מקמח כוסמין מ,גרמים,200.00,100 גרם,false,,13.90,0.0695,true,1,4963074
195480030088,false,שוקולד צמקאו מריר אופנהיימר לאפייה ובישול 300ג',אופנהיימר,IL,צמקאו חום 300 גר,גרמים,300.00,100 גרם,false,,8.90,0.0297,true,1,5422525
305213079004,false,"תחליב גוף להזנה עמוקה צהוב וזלין 600 מ""ל","יוניליוור, ג'פרסון סיטי,",US,וזלין תחליב גוף להזנ,מיליליטרים,618.00,"100 מ""ל",false,,19.90,0.0322,true,1,3756190
308910525744,false,אטריות אורז דקות 454 גרם ורמיצ'לי (כ),ליאן תאי רייס,TH,אטריות אורז דקות 454,גרמים,454.00,100 גרם,false,,10.50,0.0231,true,1,1032232
446000088998,false,"ספריי לניקוי חלונות ומשטחים כלורקס 946 מ""ל",,,ספריי לניקוי חלונות,100 מל,946.00,100 מל,false,,19.50,0.0206,true,1,6424077
608614331475,false,כרובית ארוזה ביכורי,חקלאי,IL,כרובית ארוזה,יח',1.00,יח',false,,6.80,6.8000,true,1,5322464
613008742348,false,בקבוק אריזונה ג'נסינג ודבש 1 ליטר,"נטורלה גטרנק בע""\מn\",DE,אריזונה ג'ינסנג ודבש,יח',1.00,יח',false,,10.50,10.5000,true,1,6241119
613008742409,false,בקבוק אריזונה אפרסק 1 ליטר,"נטורלה גטרנק בע""\מn\",DE,אריזונה אפרסק בק' 1ל,יח',1.00,יח',false,,10.50,10.5000,true,1,6241120
613008755461,false,בקבוק אריזונה אוכמניות 1 ליטר,"נטורלה גטרנק בע""\מn\",BG,אריזונה אוכמניות בק',יח',1.00,יח',false,,10.50,10.5000,true,1,6241121
628154383659,false,דגני בוקר פרוטי פבלס פוסט 311 גרם,פוסט ארצות הברית,US,סדרת ילדים פרוטי פבל,גרמים,411.00,100 גרם,false,,19.90,0.0484,true,1,6367898
638102201010,false,חטיף על בסיס חלבון סויה שוקולד וחמאת בוטנים,"אבוט נוטרישן, מעבדות",US,חטיף ZOON שוקולד חמא,יח',1.00,יח',false,,12.90,12.9000,true,1,6189713
638102532848,false,חטיף זון דארק שוקולד שקד 45 גר,סיטי ספורט,US,חטיף ZONE שוקולד שקד,יח',1.00,יח',false,,12.90,12.9000,true,1,6189717
649870166104,false,נייטיב דגים ברוטבלחתול 85 גר,,TH,נייטיב דגים ברוטבלחת,גרמים,85.00,100 גרם,false,,4.90,0.0576,true,1,6312461
649870166128,false,נייטיב סלמון ברוטבלחתול 85 גר,נייטיב,TH,נייטיב סלמון ברוטבלח,גרמים,85.00,100 גרם,false,,4.90,0.0576,true,1,6312463
649870166135,false,נייטיב טונה ברוטב לחתול 85 גר,נייטיב,TH,נייטיב טונה ברוטב לח,גרמים,85.00,100 גרם,false,,4.90,0.0576,true,1,6312464
649870166142,false,נייטיב פטה עוף לגור חתול 85 גר,נייטיב,TH,נייטיב פטה עוף לגור,גרמים,85.00,100 גרם,false,,4.90,0.0576,true,1,6312465
651080161510,false,פלקרס פולסר לשיניים צפופות-מנטה 35 יחידו,מיוצר עי קונדיטוריית,CN,"פלאקרס ""פלוסר ""חוט ד",35 יח',1.00,35 יח',false,,9.90,9.9000,true,1,3450187
651080647519,false,קיסמים עם חוט דנטלי פלאקרס מנטה 35 יחידות,"פלקרס רנור ארה""ב",US,"פלאקרס ""פלוסר ""חוט ד",36 יח',1.00,36 יח',false,,9.90,9.9000,true,1,3286337
681131129855,false,"שלוס בירה בלגית 5% פחית 500 מ""ל",מבשלת מרטנס,BE,שלוס קרון בירה 5% פח,מיליליטרים,500.00,"100 מ""ל",false,,5.90,0.0118,true,1,1043317
693493016896,false,מפיצי ריח יוקרתי וניל רמילוי,,,מפיצי ריח יוקרתי וני,יח',1.00,יח',false,,14.90,14.9000,true,1,5682906
693493016902,false,מפיצי ריח יוקרתי פצ'ולי רמילוי,,,מפיצי ריח יוקרתי פצ',יח',1.00,יח',false,,14.90,14.9000,true,1,5682907
693493029193,false,ריחן לרכב,,,ריחן לרכב,יח',1.00,יח',false,,5.00,5.0000,true,1,5891045
693493029223,false,ריחן לרכב,,,ריחן לרכב,יח',1.00,יח',false,,5.00,5.0000,true,1,5891048
693493029254,false,ריחן לרכב,,,ריחן לרכב,יח',1.00,יח',false,,5.00,5.0000,true,1,5891051
693493140461,false,"קפה טורקי טחון וואקום 1 ק""ג רמילוי",,,קפה טורקי טחון וואקו,יח',1.00,יח',false,,39.90,39.9000,true,1,6292972
693493151405,false,קפה טורקי רביעייה 400 ג רמי לוי,,,קפה טורקי רביעייה 40,גרמים,400.00,100 גרם,false,,16.90,0.0422,true,1,6312123
693493182607,false,קפסולות קולומביה פרמיום רמי לוי,,,קפסולות קולומביה פרמ,יח',1.00,יח',false,,7.80,7.8000,true,1,6373961
693493182614,false,קפסולות טרדיציונה פרמיום רמי לוי,,,קפסולות טרדיציונה פר,יח',1.00,יח',false,,7.80,7.8000,true,1,6373957
693493182621,false,קפסולות אורו פרמיום רמי לוי,,,קפסולות אורו פרמיום,יח',1.00,יח',false,,7.80,7.8000,true,1,6373958
693493182638,false,קפסולות ויוצ'ה פרמיום רמי לוי,,,קפסולות ויוצ'ה פרמיו,יח',1.00,יח',false,,7.80,7.8000,true,1,6373959
693493182645,false,קפסולות ברזיל פרמיום רמי לוי,,,קפסולות ברזיל פרמיום,יח',1.00,יח',false,,7.80,7.8000,true,1,6373960
705988319778,false,פאזל 1000 MASTERPIECE - ציפורי שיר,,,פאזל 1000 MASTERPIEC,יחידה,0.00,יחידה,false,,29.90,0.0000,true,1,6430127
705988503993,false,פאזל 1000 MASTERPIECE - גידולי הסביבה,,,פאזל 1000 MASTERPIEC,יחידה,0.00,יחידה,false,,29.90,0.0000,true,1,6430159
705988717543,false,פאזל 1000 MASTERPIECE - הולכים לדוג,,,פאזל 1000 MASTERPIEC,יחידה,0.00,יחידה,false,,29.90,0.0000,true,1,6430130
705988718021,false,פאזל 1000 MASTERPIECE - לילה קסום,,,פאזל 1000 MASTERPIEC,יחידה,0.00,יחידה,false,,29.90,0.0000,true,1,6430132
705988719035,false,פאזל 1000 MASTERPIECE - אופקים חדשים,,,פאזל 1000 MASTERPIEC,יחידה,0.00,יחידה,false,,29.90,0.0000,true,1,6430161
705988719042,false,פאזל 1000 MASTERPIECE - חיים מתוקים,,,פאזל 1000 MASTERPIEC,יחידה,0.00,יחידה,false,,29.90,0.0000,true,1,6430162
705988719080,false,פאזל 1000 MASTERPIECE - חברים פרוותיים,,,פאזל 1000 MASTERPIEC,יחידה,0.00,יחידה,false,,29.90,0.0000,true,1,6430164
705988720789,false,פאזל 1000 MASTERPIECE - רגע של קפה,,,פאזל 1000 MASTERPIEC,יחידה,0.00,יחידה,false,,29.90,0.0000,true,1,6430172
712963004963,false,שוקולד מריר 45% 100 גר' גרוס,גרוסליין,HR,שוקולד מריר 90 גר,גרמים,90.00,100 גרם,false,,4.90,0.0544,true,1,6153533
712963004970,false,שוקולד מריר מעולה 60% 90 גרם,זוקו,NO,שוקולד מריר 60% 90 ג,גרמים,90.00,100 גרם,false,,4.90,0.0544,true,1,6153534
712963005472,false,שוקולד חלב עם ביסקוויט במילוי מוס,גרוסליין,HR,שוקו GO במילוי מוס 8,גרמים,80.00,100 גרם,false,,6.90,0.0863,true,1,6316196
712963005502,false,שוקולד חלב עם ביסקוויט במילוי קרמל,גרוסליין,HR,שוקו GO במילוי קרמל,גרמים,80.00,100 גרם,false,,6.90,0.0863,true,1,6316197
728229123590,false,טרה אורגינל חטיף על בסיס ירקות שורש בטעם טבעי 110 גרם,הונדורס צ'יפס יצור א,HN,טרה מירקות אקזוטיים 110ג[,גרמים,110.00,100 גרם,false,,14.80,0.1345,true,1,1045888
728229123613,false,טרה חטיף על בסיס תפוח אדמה כחול בטעם טבעי 110 גרם,היין סלסטיאל גרופ,US,טרה מתפוח אדמה כחול 110ג',גרמים,110.00,100 גרם,false,,14.80,0.1345,true,1,1045889
728229124771,false,טרה חטיף על בסיס בטטה בטעם ברביקיו 110 גרם,היין פיוצ'ור נטורל פ,IN,טרה מבטטה וסלק - 110ג'[3],גרמים,110.00,100 גרם,false,,14.80,0.1345,true,1,1323479
728229130444,false,"חטיף על בסיס ירקות שורש עם בטטה, תפו""א כחול וסלק",היין סלסטיאל גרופ,US,טרה מירקות אקזוטיים כחולי,גרמים,110.00,100 גרם,false,,14.90,0.1355,true,1,1045893
753182340302,false,אבקת וואסבי 35 גרם (קינגדאוו) (כ),מזרח ומערב,CN,אבקת וואסבי 35 גרם (,גרמים,35.00,100 גרם,false,,11.50,0.3286,true,1,1032239
768404001640,false,"גלידה בן&ג'ריס קפה משפחתית 500מ""ל",מוצרי איכות אמריקאיים בע,IL,גלידה בן &ג'ריס קפה,מיליליטרים,500.00,"100 מ""ל",false,,18.90,0.0378,true,1,1027580
769904000997,false,שקדי מרק ללא גלוטן200גרם,משובח תעשיות מזון,IL,שקדי מרק 200 גרם דגש,גרמים,200.00,100 גרם,false,,13.80,0.0690,true,1,1239978
818570007066,false,"פיור וניל טהור 29 מ""ל ""ווטקינס""","ג'יי אר ווטקינס בע""מ",US,ווטקינס תמצית וניל ט,יח',1.00,יח',false,,29.80,29.8000,true,1,3692427
833949000264,false,"סירופ מייפל אמיתי 100% אורגני 250 מ""ל",דיקסר קוויבק,CA,סירופ מייפל אמיתי 25,מיליליטרים,250.00,"100 מ""ל",false,,24.90,0.0996,true,1,6021009
835811000396,false,נייר אפיה לתבנית מוארכת - מארז 30 ניירות,יבוא ושיווק: הנמל אריזות,IL,נייר אפייה לתבנית מא,יח',1.00,יח',false,,9.90,9.9000,true,1,6207836
835811004660,false,עטרות אלו' 1.50 לאפיה 100יח,הנג טון,CN,עטרות אלו' לאפיה 100,יח',1.00,יח',false,,5.00,5.0000,true,1,1026387
835811004677,false,עטרות אלו` 4 לאפיה 100 יח` כסף/זהב,הנג טון,CN,עטרות אלו' לאפיה 100,יח',1.00,יח',false,,8.90,8.9000,true,1,1026388
835811004684,false,עטרות אלו' 3 לאפיה 100יח,הנג טון,CN,עטרות אלו' לאפיה 100,יח',1.00,יח',false,,8.00,8.0000,true,1,1026389
835811004691,false,עטרות אלו' לאפיה 100 יח' מס' 2 כסף/ זהב,הנג טון,CN,עטרות אלו' לאפיה 100,יח',1.00,יח',false,,7.00,7.0000,true,1,1026390
835811005322,false,"פחם דרום אמריקאי הנמל 2 ק""ג",הנמל,IT,"פחם 2ק""ג הנמל",קילוגרמים,2.00,"ק""ג",false,,14.90,7.4500,true,1,1026396
835811005711,false,עטרות אלו' 5 לאפייה 100 יח',הנג טון,CN,עטרות אלו' לאפיה 100,יח',1.00,יח',false,,10.00,10.0000,true,1,1026399
839762000641,false,משקה איילנד מנגו נקטר 1 ל',"פאראגאלה,דה אג'יפשן",EG,נקטר מנגו איילנד 1 ל,ליטרים,1.00,ליטר,false,,11.50,11.5000,true,1,1012316
839762000658,false,איילנד גויאבה המשקה של חופי סיני 1 ליטר,The Egyptian Co. for,EG,נקטר גויאבה איילנד 1,מטרים,1.00,100 מ'ל,false,,11.50,11.5000,true,1,1012317
841058006633,false,"אדג' ג'יל גילוח מועשר בשיבולת שועל 198 מ""ל",אנרג'ייזר,US,אדג' ג'ל גילוח מועשר,גרמים,198.00,100 גרם,false,,14.90,0.0753,true,1,6254159
850004207789,false,בשר מיטבולס 290 ג' ביונד מיט,תאי פרזידנט פוד פאבל,US,מיטבולס ביונד מיט 29,גרמים,290.00,100 גרם,false,,31.80,0.1097,true,1,6337231
850006036028,false,מאפה חיטה מקלונים בטעם סלק בצל 400 ג' עבאדי,עבאדי,IL,מאפה חיטה מקלונים טע,גרמים,400.00,100 גרם,false,,16.90,0.0422,true,1,6364358
851621000050,false,בירה חיטה בטעם הדרים 1664 בלאנק - שישייה,קרלסברג ספליי קומפאני פו,PL,שישיית 1664 בלאנק בק,יח',1.00,יח',false,,39.90,39.9000,true,1,6224830
855958006563,false,צורו טונה ועוף 56 גר,,,צורו טונה ועוף 56 גר,יחידה,0.00,יחידה,false,,15.90,0.0000,true,1,6421959
856591000055,false,עוגיות מזרחיות קריספי שרוף במיוחד,מאפיית יוסף ושמחה עבאדי,IL,עוגיות מזרחיות עבאדי,גרמים,400.00,100 גרם,false,,16.90,0.0422,true,1,1556638
856591000062,false,עוגיות מזרחיות עם מלח עבאדי 400 גרם,מאפיית יוסף ושמחה עבאדי,IL,עוגיות מזרחיות עם מל,גרמים,400.00,100 גרם,false,,16.70,0.0417,true,1,1027159
856591000109,false,עוגיות מזרחיות פריך במיוחד עבאדי 400 גרם,מאפיית יוסף ושמחה עבאדי,IL,עוגיות מזרחיות פריך,גרמים,400.00,100 גרם,false,,16.70,0.0417,true,1,1027160
856591000512,false,עוגיות מזרחיות מקלונים עם שומשום עבאדי 400 גרם,מאפיית יוסף ושמחה עבאדי,IL,עוגיות מזרחיות מקלונ,גרמים,400.00,100 גרם,false,,16.90,0.0422,true,1,1027161
856591000918,false,מארז חטיף עבאדי טבעי 40X8 גרם,עבאדי,IL,מארז חטיף טבעי 8*40ג,יח',1.00,יח',false,,16.90,16.9000,true,1,6284993
856591000949,false,"מאפה חיטה מלוח ""קטנטנים"" עבאדי 350 גרם",עבאדי,IL,עוגיות קטנטנים של עב,גרמים,350.00,100 גרם,false,,16.90,0.0483,true,1,6312814
856591000956,false,עוגיות קטנטנים של עבאדי טעם גריל 350 גרם,עבאדי,IL,מאפה חיטה קטנטניםן ט,גרמים,350.00,100 גרם,false,,16.90,0.0483,true,1,6364360
856591000970,false,מאפה חיטה עבאדי מקלונים בטעם חריף 400 גר,עבאדי,IL,מאפה חיטה מקלונים טע,גרמים,400.00,100 גרם,false,,16.90,0.0422,true,1,6364361
859547004084,false,ספוג ניקוי לימון פרש סקראב דדי,סקראב דאבי,VN,סקראב דאדי לימון,יחידה,1.00,יחידה,false,,17.70,17.7000,true,1,6401866
859547004329,false,ספוג ניקוי צבעוני סקראב דדי Scrub Daddy,סקארקיסט,VN,סקראב דדי,יחידה,0.00,יחידה,false,,17.70,0.0000,true,1,6394012
859547004466,false,קירצוף וספוג ניקוי SCRUB DADDY,סקראב דאבי,VN,סקראב דדי למון,יחידה,1.00,יחידה,false,,17.70,17.7000,true,1,6394013
884912014252,false,האני באנצס עם שקדים 411 ג',הנסיך- מפעל לייצור ט,US,האני באנצ' דגני בוקר,גרמים,411.00,100 גרם,false,,19.90,0.0484,true,1,1038232
884912102102,false,דגני בוקר פוסט סלקט אוכמניות 382 גר,הנסיך- מפעל לייצור ט,US,סלקט אוכמניות פוסט 3,גרמים,382.00,100 גרם,false,,22.90,0.0599,true,1,2678538
884912126115,false,גרייט גריינס דגני בוקר עם פירות יבשים פוסט 453 גרם,הנסיך- מפעל לייצור ט,US,גרייט גריינס דגני בו,גרמים,453.00,100 גרם,false,,21.90,0.0483,true,1,1038242
884912129512,false,דגני בוקר קוקו פוסט פלינסטונס 311 גרם,פוסט לקיוויל,US,קוקו פלינסטונס טעם ק,גרמים,311.00,100 גרם,false,,19.90,0.0640,true,1,1098283
884912180629,false,דגני בוקר מחיטה מלאה גרוסה שרדד וויט,פוסט ארצות הברית,US,פוסט שרדד וויט 464 ג,גרמים,464.00,100 גרם,false,,21.90,0.0472,true,1,1218705
884912342737,false,דגני בוקר קריספי וופל פוסט 326 גרם.,הנסיך- מפעל לייצור ט,US,וואפל קריספ,גרמים,326.00,100 גרם,false,,19.90,0.0610,true,1,6201866
884912359155,false,דגני בוקר האני באנצ'ס האני רוסטד פוסט 340 גרם,פוסט ארצות הברית,US,האני באנצ' דגני בוקר,גרמים,411.00,100 גרם,false,,21.80,0.0530,true,1,6367873
884912359162,false,האני באנצ' דגני בוקר עם שקדים פוסט 411 גרם,פוסט ארצות הברית,US,האני באנצ' דגני בוקר,גרמים,411.00,100 גרם,false,,21.80,0.0530,true,1,6367874
884912359414,false,דגני בוקר האני באנצ'ס קינמון פוסט 340 גרם,פוסט ארצות הברית,US,האני באנצס קינמון 41,גרמים,411.00,100 גרם,false,,21.80,0.0530,true,1,6367899
884912359421,false,דגני בוקר האני באנצ'ס מייפל ופקאן פוסט 340 גרם,פוסט ארצות הברית,US,האני באנצס פקאן מייפ,גרמים,411.00,100 גרם,false,,21.80,0.0530,true,1,6367875
884912359483,false,דגני בוקר האני באנצ'ס תות פוסט 311 גרם,פוסט ארצות הברית,US,פוסט האני באנצס תות,גרמים,368.00,100 גרם,false,,21.80,0.0592,true,1,6367876
884912365200,false,דגני בוקר אוראו שחור ולבן 311 גרם,פוסט ארצות הברית,US,דגני בוקר אוראו 311,גרמים,311.00,100 גרם,false,,19.90,0.0640,true,1,6415961
884912365217,false,דגני בוקר אוראו הדור הבא 311 גרם.,פוסט ארצות הברית,US,דגני בוקר אוראוס 311,גרמים,311.00,100 גרם,false,,19.90,0.0640,true,1,6291456
884912377142,false,דגני בוקר האני באנצס וניל 340 ג' POST,פוסט ארצות הברית,US,האני באנצס וניל 411,גרמים,411.00,100 גרם,false,,21.80,0.0530,true,1,6367900
884912378118,false,דגני בוקר רייזן ברן 471 גרם,פוסט לקיוויל,US,דגני בוקר רייזן ברן,גרמים,471.00,100 גרם,false,,22.90,0.0486,true,1,6425478
1230000068314,false,בשר טחון מהצומח ביונד מיט 300 גרם,זנברגן וורלד פינסט מיט ב,NL,בשר טחון ביונד מיט 3,גרמים,300.00,100 גרם,false,,29.80,0.0993,true,1,6337234
1230000116022,false,המבורגר ביונד מיט מארז זוגות 226 גרם.,ביונד מיט קליפורניה ארהב,US,המבורגר ביונד מיט 2*,גרמים,226.00,100 גרם,false,,27.90,0.1235,true,1,6384111
3014260228842,false,"קצף גילוח ג'ילט לעור רגיל 200 מ""ל",מולינו ניקולי s.p.a,GB,קצף גילוח ג'ילט לעור,מיליליטרים,200.00,"100 מ""ל",false,,13.90,0.0695,true,1,1035371
3014260240226,false,"קצף גילוח ג'ילט לעור רגיש 200 מ""ל",מולינו ניקולי s.p.a,GB,קצף גילוח ג'ילט לעור,מיליליטרים,200.00,"100 מ""ל",false,,13.90,0.0695,true,1,1035373
3046920010801,false,שוקולד מריר אקסלנס עם אגוזי לוז,לינדט ושפרונגלי קילשברג,FR,לינדט אקסלנט 100 גרם,100 יח',100.00,100 יח',false,,14.90,0.1490,true,1,3053815
3046920016377,false,לינדט שוקולד אקסלנס מריר 100% קקאו 50 גר,לינדט ושפרונגלי,DE,לינדט אקסלנס 100% 50,יח',1.00,יח',false,,14.90,14.9000,true,1,6241081
3046920027281,false,שוקולד מריר אקסלנס במילוי קרמל ומלח ים,לינדט ושפרונגלי קילשברג,FR,לינדט אקסלנס קרמל מל,גרמים,100.00,100 גרם,false,,14.90,0.1490,true,1,1205244
3046920028004,false,לינדט שוקולד אקסלנס מריר 70% 100 גר,לינדט ושפרונגלי קילשברג,FR,לינדט אקסלנס 70% מוצ,גרמים,100.00,100 גרם,false,,14.90,0.1490,true,1,1023699
3046920028363,false,לינדט אקסלנס 85% מוצקי קקאו 100 גרם,לינדט ושפרונגלי קילשברג,FR,לינדט אקסלנס 85% מוצ,גרמים,100.00,100 גרם,false,,14.90,0.1490,true,1,1023700
3046920028721,false,שוק.מריר לינדט 99% 50גרם,לינדט ושפרונגלי קילשברג,FR,לינדט אקסלנס 99% 50,גרמים,50.00,100 גרם,false,,14.90,0.2980,true,1,2382934
3046920028752,false,שוקולד לינדט אקסלנס מינט 100 גרם,לינדט ושפרונגלי קילשברג,FR,לינדט אקסלנס מנטה 10,גרמים,100.00,100 גרם,false,,14.90,0.1490,true,1,1023702
3046920029674,false,שוקולד לינדט אקסלנס סולט 100 גרם,לינדט ושפרונגלי קילשברג,DE,לינדט אקסלנס שבבי מל,גרמים,100.00,100 גרם,false,,14.90,0.1490,true,1,1023703
3046920029681,false,לינדט שוקולד אקסלנס מילד 85% קקאו 100 גר,לינדט ושפרונגלי,DE,לינדט מריר85% 100ג,גרמים,100.00,100 גרם,false,,14.90,0.1490,true,1,6241082
3046920029759,false,לינדט אקסלנס 90% מוצקי קקאו 100 גרם,לינדט ושפרונגלי קילשברג,DE,לינדט אקסלנס 90% מוצ,גרמים,100.00,100 גרם,false,,14.90,0.1490,true,1,1205245
3059940007768,false,"מבשם אוויר אירוויק ספריי וניל אורכידאה 240 מ""ל",איירוויק Air Wick,GB,Awick Vanilla,מיליליטרים,240.00,"100 מ""ל",false,,9.90,0.0413,true,1,1036139
3059943015104,false,"אירוויק מבשם אויר נטול גז בניחוח פריסיה ויסמין 345 מ""ל",איירוויק Air Wick,PL,AIRWICK F&JASMINE 12X345M,מיליליטרים,345.00,"100 מ""ל",false,,12.90,0.0374,true,1,1036146
3059943015128,false,מבשם אוויר נטול גז אקווה מיסט בניחוח לבנדר פראי ואוויר הרים,הדקלאים אגודת שיתופי,PL,AIRWICK W.LAVENDER 12X345,מיליליטרים,345.00,"100 מ""ל",false,,12.90,0.0374,true,1,1036147
3059943016507,false,"אירוויק ספריי בניחוח לבנדר וקמומיל 240 מ""ל",איירוויק Air Wick,GB,ARW Aerosol Lav&Cam 12x24,מיליליטרים,240.00,"100 מ""ל",false,,9.90,0.0413,true,1,1036148
3059943016569,false,"מבשם אוויר אירוויק ספריי פרסיה ויסמין 240 מ""ל",איירוויק Air Wick,GB,ARW Aerosol Fres&Jasm 12x,מיליליטרים,240.00,"100 מ""ל",false,,9.90,0.0413,true,1,1036151
3073781161663,false,גבינה מותכת 18.5% שומן לה וואש קירי,לה וואש קירי La Vache qui rit,FR,גבינה לואשקירי 128 ג,גרמים,128.00,100 גרם,false,,11.90,0.0930,true,1,6303779
3073781161687,false,גבינה מותכת לוואש קירי 256 גרם,פרומאג'רי בל דום סאם,FR,גבינה לואשקירי 256 ג,גרמים,256.00,100 גרם,false,,22.70,0.0887,true,1,6303780
3073781162790,false,גבינה מותכת בייבי בל 120 גרם,מחלבות בל,FR,גבינה מותכת בייבי בל,גרמים,120.00,100 גרם,false,,20.70,0.1725,true,1,6374525
3161911229199,false,חמאה צרפתית רכה למריחה אל & ויר 250 גרם,אלל אה וויר,FR,חמאה צרפתית רכה למרי,גרמים,250.00,100 גרם,false,,21.90,0.0876,true,1,1024353
3161911366429,false,חמאה צרפתית מלוחה רכה למריחה אלוויר 250 גר',ארזינא,FR,חמאה צרפתית מלוחה רכ,גרמים,250.00,100 גרם,false,,21.90,0.0876,true,1,1024355
3178530412703,false,דונאט עם שוקולד 180 גרם סן מישל,סן מישל St Michel,FR,דונאט שיש,גרמים,180.00,100 גרם,false,,14.70,0.0817,true,1,6254578
3178530417418,false,דונאט עם שוקולד צ'יפס 180 גרם סן מישל,סן מישל St Michel,FR,דונאט שוקולד ציפס,גרמים,180.00,100 גרם,false,,14.70,0.0817,true,1,6254579
3179732348913,false,פרייה מים מינרליים טבעיים מבעבעים 1 ליטר פלסטיק,נסטלה ווטרס ספלאי,FR,פרייה מים מינרלים פל,ליטרים,1.00,ליטר,false,,8.90,8.9000,true,1,1315510
3387390320244,false,פיטנס דגני בוקר מחיטה מלאה עם פירות נסטלה 375 גרם,נסטלה צרפת איטנקורט,FR,פיטנס דגני בוקר מחיט,גרמים,375.00,100 גרם,false,,19.90,0.0531,true,1,1019785
3387390525960,false,קראנץ' דגני בוקר עם שוקולד חלב נסטלה 500 גרם,הנסיך- מפעל לייצור ט,FR,קראנץ' דגני בוקר עם,גרמים,500.00,100 גרם,false,,19.90,0.0398,true,1,1019786
3387390730852,false,פיטנס דגנים מחיטה מלאה ואורז נסטלה 375 גרם,נסטלה צרפת איטנקורט,FR,פיטנס דגנים מחיטה מל,גרמים,375.00,100 גרם,false,,19.90,0.0531,true,1,1019787
3523230025638,false,"גבינת עיזים בושה טבעי, 125 גרם",אוריאל,FR,גבינת עיזים בושה טבע,גרמים,125.00,100 גרם,false,,24.90,0.1992,true,1,4366115
3523230026888,false,"גבינת עיזים שום ועשבי תיבול למריחה פירמידה, 140 גרם",סואניון SOIGNON,FR,עיזים פירמידה שום וע,גרמים,140.00,100 גרם,false,,21.90,0.1564,true,1,2830903
3523230045827,false,גבינת סנט מור עיזים160גר,סואניון,FR,גבינת סנט מור 160 גר,גרמים,160.00,100 גרם,false,,27.50,0.1719,true,1,6300026
3563490014898,false,ריין דיז'ון חרדל דיז'ון 265 גרם,ריין דיז'ון reine dijon,FR,חרדל דיז'ון לחיץ 265 גר',גרמים,265.00,100 גרם,false,,9.90,0.0374,true,1,1179760
3574660026788,false,גונסונס בייבי טלק 200 גרם חדש,ג'ונסונס Johnson's,IT,גונסונס בייבי טלק 20,גרמים,200.00,100 גרם,false,,18.90,0.0945,true,1,5507294
3574660058857,false,גונסונס בייבי שמן 500 מל חדש,גונסון אנד גונסון,IT,גונסון בייבי שמן 500,מיליליטרים,500.00,"100 מ""ל",false,,29.90,0.0598,true,1,5507381
3574660089547,false,טמפונים נורמל קלאסי אובה 32 יחידות,ג'\ונסון אנד ג'\ונסון,GR,טמפונים נורמל קלאסי,יח',32.00,יח',false,,19.90,0.6219,true,1,1017442
3574660115154,false,או-בה טמפונים קלאסי סופר 32יח',ג'\ונסון אנד ג'\ונסון,GR,טמפונים סופר אובה 32,יח',32.00,יח',false,,19.90,0.6219,true,1,1017446
3574660333466,false,טמפונים מיני פרו קומפורט אובה 32 יחידות,הנסיך- מפעל לייצור ט,DE,טמפונים מיני פרו קומ,יח',32.00,יח',false,,24.90,0.7781,true,1,1017473
3574660389142,false,שטיפת ליסטרין פריש בירסת,,,ליסטרין פרש 500מל,מיליליטרים,500.00,"100 מ""ל",false,,14.90,0.0298,true,1,6184180
3574660514643,false,נטרוגינה קרם לחות מרגיע לגוף ולפנים 300,ניוטרוג'ינה Neutrogena,IT,ניוטרוג'ינה קרם לחות,מיליליטרים,300.00,"100 מ""ל",false,,26.90,0.0897,true,1,1017489
3574661199894,false,"נוטרוגינה קרם ידיים ויזבלי ריניו 75 מ""ל",ניוטרוג'ינה Neutrogena,GR,ניוטרוגינה קרם ידיים,מטרים,75.00,100 מ'ל,false,,24.90,0.3320,true,1,1407676
3574661352275,false,ליסטירין מי פה פירות יער 250 מל,ג'\ונסון אנד ג'\ונסון,IT,ליסטרין קידס ברי 250,מיליליטרים,250.00,"100 מ""ל",false,,12.90,0.0516,true,1,6249776
3574661487328,false,קרפרי מגני תחתון אורגינל פלוס 56 יח',הדקלאים אגודת שיתופי,IT,קרפרי מגן תחתון רגיל,יח',56.00,יח',false,,15.90,0.2839,true,1,6034104
3574661487335,false,מגן תחתון קרפרי מקסי לונג ריחני 40 יחידות,קרפרי Carefree,IT,מגן תחתון קרפרי 40 י,יח',1.00,יח',false,,15.90,15.9000,true,1,5975198
3574661487618,false,קרפרי מגן תחתון מקסי לארג'' מבושם 48 יח'',ג'ויה מעבדות לקוסמטי,IT,קרפרי מגן תחתון מקסי,יח',1.00,יח',false,,15.90,15.9000,true,1,6116079
3574661487625,false,מגני תחתון פלוס לארג' בניחוח עדין L,הדקלאים אגודת שיתופי,IT,מגן תחתון קרפרי מקסי,יח',1.00,יח',false,,15.90,15.9000,true,1,6045493
3574661500355,false,קרפרי מגן תחתון מקסי לונג רגיל 40 יח',ג'ויה מעבדות לקוסמטי,IT,מגן תחתון קרפרי 40 י,יח',1.00,יח',false,,15.90,15.9000,true,1,5975199
3574661501901,false,שטיפה אינטימית יומיומית מכיל תה ירוק ואלוורה,קולגייט פלמוליב,IT,שטיפה אינטימית אלוור,יח',1.00,יח',false,,16.90,16.9000,true,1,5873616
3574661537245,false,"ליסטרין קול מינט 600 מ""ל",,,ליסטרין קול מינט 600,מיליליטרים,600.00,"100 מ""ל",false,,17.90,0.0298,true,1,6285837
3574661537276,false,"ליסטרין טוטל 600 מ""ל",,,"ליסטרין טוטל 600 מ""ל",מיליליטרים,600.00,"100 מ""ל",false,,17.90,0.0298,true,1,6285839
3574661552576,false,קרפרי מגן תחתון רגיל טנגה לבן 56 יח חדש,הדקלאים אגודת שיתופי,GR,קרפרימגן תחתון טנגה,יח',1.00,יח',false,,15.90,15.9000,true,1,6222907
3574661552804,false,מגן תחתון קרפרי אלוורה 56 יחידות,הדקלאים אגודת שיתופי,IT,קרפרי מגן תחתון אלוו,יח',1.00,יח',false,,15.90,15.9000,true,1,6222908
3574661552811,false,מגן תחתון קרפרי כותון אוורירי 56 יחידות,הדקלאים אגודת שיתופי,GR,קרפרי כותון אוורירי,יח',1.00,יח',false,,15.90,15.9000,true,1,6222909
3574661554877,false,מגן תחתון קרפרי כותון מבושם 56 יחידות,הנסיך- מפעל לייצור ט,GR,קרפרי כותון מבושם 56,יח',1.00,יח',false,,15.90,15.9000,true,1,6222910
3574661554884,false,קרפרי מגן תחתון רגיל טנגה מבושם 56 יח,הדקלאים אגודת שיתופי,IT,קרפרי טנגה ריחני 56,יח',1.00,יח',false,,15.90,15.9000,true,1,6222911
3574661561226,false,"ליסטרין אדוונס 600 מ""ל",,,ליסטרין אדוונס 600 מ,מיליליטרים,600.00,"100 מ""ל",false,,17.90,0.0298,true,1,6285840
3574661610344,false,נטרוגינה קרם לחות עשיר ומרוכז לעור יבש ע,גונסון אנד גונסון סנטה ב,IT,נוטרוגינה קרם לחות א,מיליליטרים,300.00,"100 מ""ל",false,,29.90,0.0997,true,1,6342097
3574669907682,false,גונסונס בייבי טלק 500 גרם חדש,גונסון אנד גונסון,IT,גונסון בייבי טלק 500,גרמים,500.00,100 גרם,false,,29.90,0.0598,true,1,5507383
3574669907729,false,גונסונס בייבי שמפו לתינוק 750 מל,גונסון אנד גונסון,IT,גונסונס בייבי שמפו ג,מיליליטרים,750.00,"100 מ""ל",false,,23.90,0.0319,true,1,6380072
3574669908481,false,גונסונס בייבי אל סבון אמבט 750 מל חדש,ג'ונסונס Johnson's,IT,גונסון בייבי אלסבון,מיליליטרים,750.00,"100 מ""ל",false,,19.90,0.0265,true,1,5507305
3574669908948,false,"גונסונס בייבי אל סבון לרחצה עדינה 750 מ""ל",גונסון אנד גונסון,IT,גונסון בייבי אלסבון,מיליליטרים,750.00,"100 מ""ל",false,,19.90,0.0265,true,1,5507308
3574669909204,false,גונסונס בייבי שמן לתינוק 300 מל,ג'ונסונס Johnson's,IT,גונסון בייבי שמן 300,יח',1.00,יח',false,,19.90,19.9000,true,1,5507385
3600521094389,false,קסטינג קרם גלוס מס400',לוריאל פריז,BE,קסטינג 400 חום כהה,מיליליטרים,400.00,"100 מ""ל",false,,34.90,0.0872,true,1,1011325
3600521094419,false,קסטינג קרם גלוס מס500',לוריאל פריז,BE,קסטינג 500 חום טבעי,יח',1.00,יח',false,,34.90,34.9000,true,1,1011328
3600521094471,false,קסטינג קרס גלוס מס600',לוריאל פריז,BE,קסטינג 600 חום בהיר,יח',1.00,יח',false,,34.90,34.9000,true,1,1011330
3600522344032,false,לוריאל - אלביב מסכה טוטאל ריפר 300,kozmetik canan,DE,אלביב מסכת טוטל ריפר,מיליליטרים,300.00,"100 מ""ל",false,,24.90,0.0830,true,1,1011471
3600522344070,false,לוריאל - אלביב מסכה קולור פרוטקט 300,"לוריאל ישראל בע""מ",DE,אלביב מסכה קולור פרו,מיליליטרים,300.00,"100 מ""ל",false,,24.90,0.0830,true,1,1011472
3600522368250,false,לוריאל - אקסלנס קרם 6.7 חום בהיר שוקולד,ליברמו,BE,אקסלנס קרם 6.7 חום כ,יח',1.00,יח',false,,34.90,34.9000,true,1,1218902
3600523642489,false,מסכת הזנה אינטנסיבית 6 שמנים לשיער יבש,לוריאל - אלביב Elvive,DE,אלביב מסכת שמנים 300,מיליליטרים,300.00,"100 מ""ל",false,,24.90,0.0830,true,1,5470719
3600523651870,false,שמפו לחיזוק סיב השערה לכל סוגי השיער,לוריאל - אלביב Elvive,TR,אלביב שמפו פול רזיסט,מיליליטרים,550.00,"100 מ""ל",false,,14.90,0.0271,true,1,4524637
3600523651900,false,מרכך לחיזוק סיב השערה לכל סוגי השיער,לוריאל - אלביב Elvive,TR,אלביב מרכך פול רזיסט,מיליליטרים,550.00,"100 מ""ל",false,,14.90,0.0271,true,1,4524638
3600523652242,false,"לוריאל - אלביב שמפו קולור פרוטקט 550 מ""ל",לוריאל - אלביב Elvive,TR,אלביב שמפו קולור פרו,מיליליטרים,550.00,"100 מ""ל",false,,14.90,0.0271,true,1,4524678
3600523652259,false,"לוריאל - אלביב מרכך קולור פרוטקט 550 מ""ל",קוסמטיקס,TR,אלביב מרכך קולור פרו,מיליליטרים,550.00,"100 מ""ל",false,,14.90,0.0271,true,1,4524699
3600523652280,false,"לוריאל אלביב שמפו מועשר ב 6 שמנים, 550 מ""ל",לוריאל - אלביב Elvive,TR,אלביב שמפו 6 שמנים 5,מיליליטרים,550.00,"100 מ""ל",false,,14.90,0.0271,true,1,4524640
3600523652297,false,"מרכך לשיער אלביב זהב 6 שמנים , 550 מ""ל",לוריאל - אלביב Elvive,TR,אלביב מרכך 6 שמנים 5,מיליליטרים,550.00,"100 מ""ל",false,,14.90,0.0271,true,1,4524641
3600523716524,false,לוריאל - דרמו רויטליפט קלאסי קרם אדום עברית,"קרלסרו, גרמניה",DE,דרמו רויטליפט קלאסי,יח',1.00,יח',false,,59.90,59.9000,true,1,6201067
3600523755806,false,"לוריאל - אלביב שמפו קוקוס 550 מ""ל",קוסמטיקס,TR,אלביב שמפו קוקוס 550,יח',1.00,יח',false,,14.90,14.9000,true,1,6055844
3600523756322,false,"לוריאל - אלביב מרכך קוקוס 550 מ""ל",קוסמטיקס,TR,אלביב מרכך קוקוס 550,יח',1.00,יח',false,,14.90,14.9000,true,1,6055845
3600523782567,false,"לוריאל - אלביב שמפו דרים לונג 500 מ""ל",לוריאל - אלביב Elvive,FR,אלביב שמפו דרים לונג,מיליליטרים,500.00,"100 מ""ל",false,,14.90,0.0298,true,1,5674442
3600523782581,false,מרכך מתיר קשרים לשיער ארוך ופגום Dream Long,לוריאל - אלביב Elvive,FR,אלביב מרכך דרים לונג,מיליליטרים,500.00,"100 מ""ל",false,,14.90,0.0298,true,1,5674444
3600523816699,false,לוריאל - דרמו פעולה משולשת פרש ג'ל עברית,"קרלסרו, גרמניה",DE,דרמו פעולה משולשת פר,יח',1.00,יח',false,,44.90,44.9000,true,1,6371683
3600523936946,false,"לוריאל - אלביב מסכת פול רזיסט 300 מ""ל","לוריאל ישראל בע""מ",DE,אלביב מסכת ארג'נין 3,מיליליטרים,300.00,"100 מ""ל",false,,24.90,0.0830,true,1,6308296
3600524051334,false,אלביב מרכך חומצה היאלורונית 400 מל,לוריאל,FR,אלביב מרכך היאלרונית,מטרים,400.00,100 מ'ל,false,,14.90,0.0373,true,1,6402312
3600524051570,false,לוריאל - אלביב מסכה היאלורונית 300 מ''ל,DEUT PRODUKTION L\'OREAL,FR,אלביב מסכה היאלרונית,מטרים,300.00,100 מ'ל,false,,24.90,0.0830,true,1,6402313
3600524055400,false,לוריאל - אלביב שמפו היאלורונית 500 מ''ל,לוריאל,FR,אלביב שמפו היאלרונית,מטרים,500.00,100 מ'ל,false,,14.90,0.0298,true,1,6402314
3600541029323,false,גרנייה אסנשיאל מסיר איפור 2 ב- 1,SOPROCOS סופרוקוס,FR,גרנייה אסנשיאל מסיר,מיליליטרים,200.00,"100 מ""ל",false,,19.90,0.0995,true,1,1011572
3600541382930,false,גרנייה - מים מיסלרים לכל סוגי העור,"קוסמופול, פולין",PL,גרנייה מי מיסלר הכול,מיליליטרים,400.00,"100 מ""ל",false,,29.90,0.0747,true,1,1145761
3600541402270,false,"גרנייה - דאודורנט ספריי לאישה אינביזיבל BWC (ירוק) 150 מ""ל","לוריאל ישראל בע""מ",FR,דאו ספריי אינביזיבל,מיליליטרים,150.00,"100 מ""ל",false,,11.90,0.0793,true,1,1094520
3600541740006,false,"גרנייה - דאודורנט ספריי לאישה אקשן קונטרול 72 שעות 150 מ""ל","לוריאל ישראל בע""מ",FR,דאו ספריי אקשן קונטר,מיליליטרים,150.00,"100 מ""ל",false,,11.90,0.0793,true,1,1420542
3600541937475,false,גרניה פיור גרגרים מסיכה לעור מעורב עד שמן,לוריאל,FR,גרנייה פיור נקוי 3ב1,מיליליטרים,150.00,"100 מ""ל",false,,29.90,0.1993,true,1,1745586
3600542050579,false,גרניה בוטניקל מי פנים ורדים 200 מל,קוסמופול,DE,גרנייה בוטניקל מי פנ,מטרים,200.00,100 מ'ל,false,,24.90,0.1245,true,1,6359770
3600542216623,false,"גרנייה - דאודורנט רול און לאישה אקשן קונטרול רול 96 שעות 50 מ""ל",סופרוקוס,PL,דאודורנט רול גרנייה,מטרים,50.00,100 מ'ל,false,,11.90,0.2380,true,1,6200773
3600542232036,false,גרניה סקין נט אלו גל אלוורה ללחות 50 מל,לוריאל,DE,גרנייה אלו ג'לי 50 מ,יח',1.00,יח',false,,39.90,39.9000,true,1,5674448
3600542309974,false,"גרנייה - דאודורנט רול און לאישה מגנזיום 50 מ""ל",סופרוקוס,PL,גרנייה מינרל דאו רול,יח',1.00,יח',false,,11.90,11.9000,true,1,6257290
3600542328647,false,גרניה סקין נט קרם גל אלוורה 50 מל,לוריאל,PL,גרנייה קרם יום אלוור,יח',1.00,יח',false,,39.90,39.9000,true,1,6285016
3600542365710,false,גרנייה - פיור ג'ל ניקוי,לוריאל,PL,גרנייה פיור ג'ל ניקו,יח',1.00,יח',false,,29.90,29.9000,true,1,6257292
3600542365796,false,גרניה בוטניקל גל ניקוי ענבים 200 מל,לוריאל,PL,גרנייה ג'ל ניקוי ענב,מיליליטרים,200.00,"100 מ""ל",false,,19.90,0.0995,true,1,6258896
3600542366113,false,גרניה בוטניקל קרם לחות ענבים 50 מל,לוריאל,DE,גרנייה בוטניקל קרם ל,יח',1.00,יח',false,,29.90,29.9000,true,1,6274060
3600542375801,false,גרניה פיור אקטיב 3ב1 פחם 150 מל,לוריאל,FR,גרנייה פיור אקטיב 3,מיליליטרים,150.00,"100 מ""ל",false,,29.90,0.1993,true,1,6281010
3600542385091,false,"גרנייה - דאודורנט רול און לאישה אקשן קונטרול 72 שעות 50 מ""ל",קוסמופול,PL,גרנייה דאו. רול אקשן,יח',1.00,יח',false,,11.90,11.9000,true,1,6274061
3600542385107,false,גרניה דאו רול און אינביזיבל לכל צבע,לוריאל ישראל קוסמטיקס בע,PL,דאודורנט רול אינביזי,מטרים,50.00,100 מ'ל,false,,11.90,0.2380,true,1,6359771
3600542385220,false,"גרנייה - דאודורנט רול און לאישה פרוטקשן 6 פלורל (סגול) 50 מ""ל",גרנייה Garnier,FR,גרנייה דאו. רול פרוט,יח',1.00,יח',false,,11.90,11.9000,true,1,6274062
3600542385251,false,"גרנייה - דאודורנט רול און לאישה פרוטקשן 6 כותנה (ורוד) 50 מ""ל",גרנייה Garnier,FR,גרנייה דאו. רול פרוט,יח',1.00,יח',false,,11.90,11.9000,true,1,6274063
3600542385275,false,"גרנייה - דאודורנט רול און לאישה פיור אקטיב 50 מ""ל",גרנייה Garnier,FR,גרנייה דאו. רול און,יח',1.00,יח',false,,11.90,11.9000,true,1,6274065
3600542397926,false,"גרנייה - דאודורנט ספריי לאישה פרוטקשן 6 כותנה (ורוד) 150 מ""ל","קוסמופול, פולין",FR,דאו ספריי פרוטקשן6 כ,מיליליטרים,150.00,"100 מ""ל",false,,11.90,0.0793,true,1,6290661
3600542421638,false,"גרנייה - פרוקטיס היירפוד שמפו מקדמיה 350 מ""ל","אינטרביוטי קוסמטיק בע""\מ",IL,גרנייה פרוקטיס היפור,יח',1.00,יח',false,,14.90,14.9000,true,1,6305312
3600542421645,false,"גרנייה - פרוקטיס היירפוד מרכך מקדמיה 350 מ""ל","אינטרביוטי קוסמטיק בע""\מ",IL,גרנייה פרוקטיס היפור,יח',1.00,יח',false,,14.90,14.9000,true,1,6305313
3600542421669,false,"גרנייה - פרוקטיס היירפוד מרכך פפאיה 350 מ""ל","אינטרביוטי קוסמטיק בע""\מ",IL,גרנייה פרוקטיס היפור,יח',1.00,יח',false,,14.90,14.9000,true,1,6305314
3600542421676,false,"גרנייה - פרוקטיס היירפוד מרכך בננה 350 מ""ל","אינטרביוטי קוסמטיק בע""\מ",IL,גרנייה פרוקטיס היפור,יח',1.00,יח',false,,14.90,14.9000,true,1,6305315
3600542421683,false,"גרנייה - פרוקטיס היירפוד שמפו בננה 350 מ""ל","אינטרביוטי קוסמטיק בע""\מ",IL,גרנייה פרוקטיס היפור,יח',1.00,יח',false,,14.90,14.9000,true,1,6305316
3600542421706,false,"גרנייה - פרוקטיס היירפוד שמפו פפאיה 350 מ""ל","אינטרביוטי קוסמטיק בע""\מ",IL,גרנייה פרוקטיס היפור,יח',1.00,יח',false,,14.90,14.9000,true,1,6305317
3600542421737,false,גרנייה פרוקטיס היפורד מסכה מקדמיה 390 גר,"אינטרביוטי קוסמטיק בע""\מ",IL,גרנייה פרוקטיס היפור,יח',1.00,יח',false,,34.90,34.9000,true,1,6305319
3600542431828,false,גרנייה - קולור נטורלס 1 שחור טבעי חדש,לוריאל ישראל קוסמטיקס בע,PL,קולור נטורלס גוון 1,יח',1.00,יח',false,,19.90,19.9000,true,1,6351430
3600542431835,false,גרנייה - קולור נטורלס 3 חום כהה מאוד חדש,לוריאל ישראל קוסמטיקס בע,PL,קולור נטורלס גוון 3,יח',1.00,יח',false,,19.90,19.9000,true,1,6351431
3600542431842,false,גרנייה - קולור נטורלס 4 חום כהה טבעי חדש,לוריאל ישראל קוסמטיקס בע,PL,קולור נטורלס גוון 4,יח',1.00,יח',false,,19.90,19.9000,true,1,6351432
3600542431859,false,גרנייה - קולור נטורלס 5 חום טבעי חדש,לוריאל ישראל קוסמטיקס בע,PL,קולור נטורלס גוון 5,יח',1.00,יח',false,,19.90,19.9000,true,1,6351433
3600542431866,false,גרנייה קולור נטורלס צבע לשיער חום בהיר 6,גרנייה Garnier,PL,לוריאל קולור נטורלס,מיליליטרים,50.00,"100 מ""ל",false,,19.90,0.3980,true,1,6351403
3600542431910,false,גרנייה - קולור נטורלס 2.1 שחור כחול חדש,לוריאל ישראל קוסמטיקס בע,PL,קולור נטורלס 2.1 שחו,גרמים,112.00,100 גרם,false,,19.90,0.1777,true,1,6351470
3600542431934,false,גרנייה - קולור נטורלס 6.25 חום אגוז חדש,לוריאל ישראל קוסמטיקס בע,PL,קולור נטורלס גוון 6.,יח',1.00,יח',false,,19.90,19.9000,true,1,6351437
3600542433266,false,גרנייה - סרום לפנים ויטמין C סקין אקטיב,לוריאל,DE,גרנייה סרום ויטמין C,יח',1.00,יח',false,,49.90,49.9000,true,1,6376610
3600542456593,false,גרנייה פיור אקטיב מי פנים 200 מל,General,FR,גרנייה פיור אקטיב מי,מטרים,200.00,100 מ'ל,false,,27.90,0.1395,true,1,6388019
3600542503211,false,"גרנייה - פרוקטיס היירפוד מסכה חמאת קקאו 390 מ""ל",לוריאל,IL,גרנייה פרוקטיס היפור,גרמים,390.00,100 גרם,false,,34.90,0.0895,true,1,6422887
3600542503235,false,"גרנייה - פרוקטיס היירפוד מרכך חמאת קקאו 350 מ""ל","אינטרביוטי קוסמטיק בע""\מ",IL,גרנייה פרוקטיס היפור,מטרים,350.00,100 מ'ל,false,,14.90,0.0426,true,1,6422888
3600542503242,false,"גרנייה - פרוקטיס היירפוד שמפו חמאת קקאו 350 מ""ל","אינטרביוטי קוסמטיק בע""\מ",IL,גרנייה פרוקטיס היפור,מטרים,350.00,100 מ'ל,false,,14.90,0.0426,true,1,6422889
3607340717635,false,אדידס גל רחצה לגבר אייס דייב 400 מל,קוטי ס.פ,ES,אדידס אייס דייב ג'ל,מיליליטרים,400.00,"100 מ""ל",false,,9.90,0.0248,true,1,4054732
3607347320449,false,"אדידס - ג'ל רחצה ספורט אנרג'י 400 מ""ל",קוטי ס.פ,ES,אדידס ספורט אנרג'י ג,מיליליטרים,400.00,"100 מ""ל",false,,9.90,0.0248,true,1,4054733
3608580075646,false,קונפיטורה בטעם שזיפים 370 גר BONNE MAMAN,בון מאמא,FR,קינפיטורה שזיפים 370,גרמים,370.00,100 גרם,false,,19.70,0.0532,true,1,6303769
3608580730255,false,קונפיטורה בטעם משמש 370 גר BONNE MAMAN,בון ממן,FR,קונפיטורות בן ממן 37,גרמים,370.00,100 גרם,false,,19.70,0.0532,true,1,1271019
3608580730279,false,מרמלדת תפוזים 370 גר BONNE MAMAN,,FR,בון מן מרמלדת תפוזים,גרמים,370.00,100 גרם,false,,19.70,0.0532,true,1,6261794
3614221653715,false,"אדידס קליימקול ג'ל רחצה, 400 מ""ל",קוטי ס.פ,ES,אדידס קליימקול ג'ל ר,מיליליטרים,400.00,"100 מ""ל",false,,9.90,0.0248,true,1,4054734
3614224050986,false,"אדידס - דאודורנט ספריי לגבר אדיפאוור 72 שעות 150 מ""ל","ב.א מזון בע""מ",PT,דאו' אדידס ספריי לגב,מיליליטרים,150.00,"100 מ""ל",false,,12.90,0.0860,true,1,6244339
3614224051235,false,אדידס דאודורנט ספריי גברים אדיפוואר 200מל,אדידס Adidas,PT,דאו' אדידס ספריי לגב,מיליליטרים,200.00,"100 מ""ל",false,,14.90,0.0745,true,1,5488973
3616303057916,false,"אדידס 8 בודי ספריי 150מ""ל",,,אדידס 8 בודי ספריי 1,מיליליטרים,150.00,"100 מ""ל",false,,14.90,0.0993,true,1,6434862
3616303057978,false,"אדידס 8 דאו ספריי לגבר150מ""ל",,,אדידס 8 דאו ספריי לג,מיליליטרים,150.00,"100 מ""ל",false,,12.90,0.0860,true,1,6434863
3616303303037,false,"אדידס 8 ג'ל רחצה 400מ""ל",,,אדידס 8 ג'ל רחצה 400,מיליליטרים,400.00,"100 מ""ל",false,,14.90,0.0373,true,1,6434836
3661163970448,false,"אדידס דאודורנט ספריי מקס פרש לגברים 200 מ""ל",מיוצר עי קונדיטוריית,PT,דאו' ספריי לגבר A3קול דרי,מיליליטרים,200.00,"100 מ""ל",false,,14.90,0.0745,true,1,1045962
3661163990545,false,"אדידס דאודורנט ספריי לגברים אקשיין 200 מ""ל",מיוצר עי קונדיטוריית,PT,דאו' ספריי לגבר קליי,מיליליטרים,200.00,"100 מ""ל",false,,14.90,0.0745,true,1,1045964
3661163991146,false,"אדידס - דאודורנט ספריי לאישה קול אנד קר פרש 150 מ""ל",מיוצר עי קונדיטוריית,PT,דאו' ספריי אשה קול אנד קר,מיליליטרים,150.00,"100 מ""ל",false,,14.90,0.0993,true,1,1045966
3661163991580,false,"אדידס - דאודורנט ספריי לאישה קול אנד קר 6 ב-1 150 מ""ל",מיוצר עי קונדיטוריית,PT,דאו' ספריי אישה קול אנד ק,מיליליטרים,150.00,"100 מ""ל",false,,14.90,0.0993,true,1,1045968
3700604201175,false,אריסה טונסאית פיקנטי,,,פלפל צ'ומה 190 גר,גרמים,190.00,100 גרם,false,,9.90,0.0521,true,1,6335319
3760030144583,false,דליקטס כושר-סורמי מק,,,סורמי מקלות 250 ג,גרמים,250.00,100 גרם,false,,21.90,0.0876,true,1,2258671
3760030144590,false,דליקטס כושר-סורמי יר,,,סורימי חצי ירח 350 ג,גרמים,350.00,100 גרם,false,,29.90,0.0854,true,1,2258672
3838824127149,false,צבע לשיער פלטה - 1-1 שחור כחול,שוורצקופף והנקל,SI,"צבעי שיער ""פלטה""",יח',1.00,יח',false,,19.90,19.9000,true,1,1016159
3838824127163,false,צבע לשיער פאלטה בלונד כסוף 1-10,שוורצקופף והנקל,SI,"צבעי שיער ""פלטה""",יח',1.00,יח',false,,19.90,19.9000,true,1,1016160
3838824127224,false,פלטה סמי קיט חום בינוני 4-0 צבע שיער,שוורצקופף והנקל,SI,"צבעי שיער ""פלטה""",יח',1.00,יח',false,,19.90,19.9000,true,1,1016162
3838824127286,false,צבע לשיער פלטה - 7-0 בלונד בינוני,שוורצקופף והנקל,SI,"צבעי שיער ""פלטה""",יח',1.00,יח',false,,19.90,19.9000,true,1,1016165
3838824127309,false,פלטה סמי קיט בלונד בהיר 8-0 צבע שיער,שוורצקופף והנקל,SI,"צבעי שיער ""פלטה""",יח',1.00,יח',false,,19.90,19.9000,true,1,1016166
3838824127507,false,פלטה סמי קיט חום קטיפתי 4-60 צבע שיער,שוורצקופף והנקל,SI,"צבעי שיער ""פלטה""",יח',1.00,יח',false,,19.90,19.9000,true,1,1016170
3838824127644,false,צבע לשיער פלטה - 4-89 חציל זוהר,שוורצקופף והנקל,SI,"צבעי שיער ""פלטה""",יח',1.00,יח',false,,19.90,19.9000,true,1,1016173
3838824193915,false,צבע לשיער פאלטה סמי קיט שחור 0-1,שוורצקופף והנקל,SI,צבע שיער פאלטה סמי ק,יח',1.00,יח',false,,19.90,19.9000,true,1,1016189
3838824240275,false,צבע סמי קיט פלטה 6-65 יח,שוורצקופף והנקל,SI,"צבעי שיער ""פלטה""",יח',1.00,יח',false,,19.90,19.9000,true,1,1091121
3838824332178,false,פאלטה ברוז' חום אדום יין 6-80 סמי קיט,שוורצקופף והנקל,DE,צבע שיער פאלטה סמי ק,יח',1.00,יח',false,,19.90,19.9000,true,1,3234090
3838824380902,false,צבעי שיער בלונד סופר בהיר 10-0 סמי קיט פאלטה,שוורצקופף והנקל,DE,פלאטה סמי קיט 10-0 ב,מטרים,110.00,100 מ'ל,false,,19.90,0.1809,true,1,6309725
3838824380940,false,צבעי שיער בלונד בהיר אפרפר 8-1 סמי קיט פאלט,שוורצקופף והנקל,DE,פלאטה סמי קיט 8-1 בל,מטרים,110.00,100 מ'ל,false,,19.90,0.1809,true,1,6309726
3838824381022,false,צבעי שיער חום שוקולד כהה 3-65 סמי קיט פאלטה,שוורצקופף והנקל,DE,פלאטה סמי קיט 3-65 ח,מטרים,110.00,100 מ'ל,false,,19.90,0.1809,true,1,6309728
4000415004408,false,שוגטן שוקולד קקאו מריר אגוזים 100 גר,לודוויג שוקולד,DE,שוגטן שוקולד קקאו מר,גרמים,100.00,100 גרם,false,,5.50,0.0550,true,1,6367307
4000415066000,false,שוקולד סאלוט חלב 100 גרם,,,שוקולד סאלוט חלב 100,גרמים,100.00,100 גרם,false,,3.90,0.0390,true,1,6410327
4000415358501,false,חטיפי שוקולד קוקוס שביעייה 175 גרם,,,חטיפי שוקולד קוקוס ש,גרמים,175.00,100 גרם,false,,7.90,0.0451,true,1,6410362
4000415440701,false,שוקו-פאן שישיות בוטנים 216 גרם,,,שישיית בוטנים 216גר,גרמים,216.00,100 גרם,false,,7.90,0.0366,true,1,6410363
4000417019004,false,שוקולד חלב אגוזי לוז שלמים ריטר ספורט 100 גרם,ריטר ספורט Ritter sport,DE,שוקולד חלב אגוזי לוז,גרמים,100.00,100 גרם,false,,9.90,0.0990,true,1,1028230
4000417022004,false,ריטר ספורט שוקולד חלב מעולה עם צימוקים ואגוזי לוז 100 גרם,ריטר ספורט Ritter sport,DE,שוקולד חלב עם צימוקי,גרמים,100.00,100 גרם,false,,7.90,0.0790,true,1,1028231
4000417023001,false,ריטר ספורט שוקולד חלב מעולה עם שקדים שלמים,ריטר ספורט Ritter sport,DE,שוקולד שקדים שלמים ר,גרמים,100.00,100 גרם,false,,9.90,0.0990,true,1,1028232
4000417025005,false,שוקולד מריר במילוי מרציפן ריטר ספורט 100 גרם,ריטר ספורט Ritter sport,DE,שוקולד מריר במילוי מ,גרמים,100.00,100 גרם,false,,7.90,0.0790,true,1,1028233
4000417101211,false,גלילי וופל עם קרם אגוזי לוז בציפוי שוקולד חלב,אמיצ'לי Amicelli,AT,גלילי וופל בציפוי שו,גרמים,150.00,100 גרם,false,,17.70,0.1180,true,1,6335402
4000417101310,false,אימצ'לי-גלילי וופל עם קרם קקאו 150 גרם,צ'וקטה,,אמיצ'לי קרם קקאו 150,גרמים,150.00,100 גרם,false,,17.70,0.1180,true,1,6437268
4000417211002,false,שוקולד חלב מעולה ממולא קרם קרמל מוקצף ושברי שקדים מומלחים,ריטר ספורט Ritter sport,DE,שוקולד ריטר מוס קרמל,גרמים,100.00,100 גרם,false,,7.90,0.0790,true,1,2039965
4000417222008,false,ריטר ספורט שוקולד חלב עם שברי אגוזים 100 גרם,ריטר ספורט Ritter sport,DE,ריטר ספורט חלב ושברי,גרמים,100.00,100 גרם,false,,7.90,0.0790,true,1,1684444
4000417224002,false,"ריטר ספורט טבלת שוקולד מריר אגוזים, 100 גרם",ריטר ספורט Ritter sport,DE,שוקולד ריטר ספורט מר,גרמים,100.00,100 גרם,false,,9.90,0.0990,true,1,1028236
4000417294005,false,ריטר שקולד חלב במילוי קרם קקאו מוקצף,ריטר ספורט Ritter sport,DE,שוקולד ריטר ספורט 10,גרמים,100.00,100 גרם,false,,7.90,0.0790,true,1,1028243
4000417626417,false,שוקולד חלב חמוציות ממותקות ושברי אגוזי לוז,מותגים,,שוקולד חלב חמוציות מ,גרמים,100.00,100 גרם,false,,7.90,0.0790,true,1,6421611
4000417708007,false,"שוקולד ריטר ספורט מריר שקד, 100 גרם",ריטר ספורט Ritter sport,DE,ריטר ספורט מריר שקד,יח',1.00,יח',false,,9.90,9.9000,true,1,6288003
4000539280726,false,שוקולד לינדט אקסלנס מילד 70% 100 גר,לינדט ושפרונגלי,DE,לינדט אקסלנס 70% 100,גרמים,100.00,100 גרם,false,,14.90,0.1490,true,1,6399707
4000539280740,false,לינדט אקסלנס 78% מוצקי קקאו 100 גרם,לינדט ושפרונגלי קילשברג,DE,לינדט אקסלנס 78% מוצ,גרמים,100.00,100 גרם,false,,14.90,0.1490,true,1,6405471
4000607850004,false,שוקולד חלב טבעי שוגטן 100 גרם,"לודוויג שוקולד בע""\מ",DE,שוגטן שוקולד חלב 100,גרמים,100.00,100 גרם,false,,5.50,0.0550,true,1,6367312
4000607852008,false,שוקולד מריר טבעי שוגטן 100 גרם,"לודוויג שוקולד בע""\מ",DE,שוגטן שוקולד מריר 10,גרמים,100.00,100 גרם,false,,5.50,0.0550,true,1,6367338
4002448019480,false,"סיליט באנג מסיר שומנים רב שימושי 750 מ""ל",סיליט באנג Cillit Bang,PL,"CILLT,IL,DEGR 12X750 VETT",מיליליטרים,750.00,"100 מ""ל",false,,12.50,0.0167,true,1,1036168
4002575016253,false,מרציפן מצופה שוקולד זנטיס 100 גרם,הדקלאים אגודת שיתופי,DE,מרציפן מצופה שוקולד,גרמים,100.00,100 גרם,false,,8.70,0.0870,true,1,1028246
4002590000022,false,סוכריות קלפני פירות יער אוכמניות 150 ג',ליימן מותגים,DE,סוכריות בטעם פירות י,גרמים,150.00,100 גרם,false,,8.90,0.0593,true,1,1028250
4002590000039,false,סוכריות בטעם פירות הדר קלפני 150 גרם,ליימן מותגים,,סוכריות בטעם פירות ה,גרמים,150.00,100 גרם,false,,8.90,0.0593,true,1,1028251
4002590000046,false,סוכריות בטעם מנטה מרענן קלפני 150 גרם,ליימן מותגים,DE,סוכריות בטעם מנטה מר,גרמים,150.00,100 גרם,false,,8.90,0.0593,true,1,1028252
4002590703541,false,קלפני סוכריות קשות בטעם תות,ליימן מותגים,DE,סוכריות קלפני 150 ג,גרמים,150.00,100 גרם,false,,8.90,0.0593,true,1,1197609
4002720005736,false,מליטה קפה לפילטר פרימיום 250 גרם,המאפיה של הרמן,DE,מליטה קפה PREMIUMלפילטר 2,גרמים,250.00,100 גרם,false,,15.90,0.0636,true,1,1045976
4004666042004,false,"מלרוד מרסס משמיד עובש יעקבי 500 מ""ל",יעקובי,DE,משמיד עובש מלרוד 500,מיליליטרים,500.00,"100 מ""ל",false,,29.90,0.0598,true,1,1025953
4004666107819,false,"מלרוד - מרסס לניקוי וטיהור המזגן 500 מ""ל",מלרוד,DE,מלרוד מרסס לניקוי וט,מיליליטרים,500.00,"100 מ""ל",false,,22.90,0.0458,true,1,6230087
4004715020755,false,קישוטי עוגה פרינס אנד פרינסס 75 ג',היינץ צפון אמריקה מק,DE,קישוטי עוגה,גרמים,100.00,100 גרם,false,,12.50,0.1250,true,1,1028261
4005808366392,false,שפתון ליובש כחול קלאסי לבלו 48 גרם,טרופיקל דגיל תעשיות,IL,שפתון ליובש כחול קלא,גרמים,48.00,100 גרם,false,,9.90,0.2063,true,1,2157102
4005808502004,false,לבלו שפתון סופט ורוד בליסטר 5.5מל,ביירסדורף,DE,שפתון ליובש ורוד ורד,גרמים,100.00,100 גרם,false,,9.90,0.0990,true,1,1025227
4005808515554,false,ניוואה סופט קרם רב שימושי מרקם עדין 300מ,HELLAS BEIERSDORF,ES,ניוואה סופט קרם רב ש,מטרים,300.00,100 מ'ל,false,,34.90,0.1163,true,1,6393022
4005808698103,false,ניוואה תחליב גוף סמוד לעור יבש 500 מל,בטר אנד דיפרנט,DE,ניוואה תחליב גוף סמו,מיליליטרים,500.00,"100 מ""ל",false,,19.90,0.0398,true,1,6299909
4005808702107,false,ניוואה תחליב גוף לעור יבש מאד 500 מל,בטר אנד דיפרנט,DE,ניוואה תחליב גוף משא,מיליליטרים,500.00,"100 מ""ל",false,,19.90,0.0398,true,1,6299910
4005808813063,false,תחליב לחות לעור רגיש לאחר גילוח,בטר אנד דיפרנט,DE,ניוואה אפטר שייב לעו,מטרים,100.00,100 מ'ל,false,,39.90,0.3990,true,1,1025233
4005808828838,false,"ניוואה - דאודורנט ספריי לגבר קול קיק 150 מ""ל",ניוואה Nivea,DE,דאודורנט ספריי אקווה,מיליליטרים,150.00,"100 מ""ל",false,,14.90,0.0993,true,1,1025244
4005808890576,false,"קרם ידיים סופט ניוואה 75 מ""ל",ניוואה Nivea,ES,קרם ידיים סופט ניווא,מטרים,75.00,100 מ'ל,false,,12.90,0.1720,true,1,1025256
4005900036445,false,"ניוואה - דאודורנט רול און לאישה בלק&וויט פיור 50 מ""ל",ביירסדורץ,DE,ניוואה דאו אינויסיבל,100 מל,50.00,100 מל,false,,12.90,0.2580,true,1,1129698
4005900036476,false,"ניוואה - דאודורנט רול און לאישה בלק אנד וויט קליר 50 מ""ל",טרופיקל דגיל תעשיות,DE,דאודורט רולאון ניווא,גרמים,40.00,100 גרם,false,,12.90,0.3225,true,1,1025265
4005900036483,false,"ניוואה - דאודורנט ספריי לגבר שקוף בלק וווי 150 מ""ל",בטר אנד דיפרנט,DE,דאודורנט ניוואה ספרי,מיליליטרים,150.00,"100 מ""ל",false,,14.90,0.0993,true,1,1025266
4005900036506,false,"ניוואה - דאודורנט רול און לגבר שקוף בלק 50 מ""ל",טרופיקל דגיל תעשיות,DE,דאודורנט רולאון ניוו,100 מל,40.00,100 מל,false,,12.90,0.3225,true,1,1025267
4005900036568,false,ניוואה דאודורנט רולאון ספריי לאישה בלק אנד וויט 150 מ''ל,ביירסדורף AG,DE,ניוואה דאודורנט רולא,מיליליטרים,150.00,"100 מ""ל",false,,14.90,0.0993,true,1,1025268
4005900037909,false,"ניוואה - דאודורנט ספריי לאישה אינויזיבל פיור 150 מ""ל",ביירסדורץ,DE,ניוואה דאודורנט אינו,מיליליטרים,150.00,"100 מ""ל",false,,14.90,0.0993,true,1,1129699
4005900092427,false,"ניוואה קרם לילה אנטי אייג' 35+ 50 מ""ל",ביירסדורף,DE,קרם לילה אנטי אייג',מיליליטרים,50.00,"מ""ל",false,,39.90,0.7980,true,1,5711520
4005900138842,false,"ניוואה - תחליב רחצה סמוט 750 מ""ל",ניואה,DE,ניוואה תחליב רחצה סמ,מטרים,750.00,100 מ'ל,false,,12.90,0.0172,true,1,6309815
4005900274304,false,"ניוואה - דאודורנט ספריי לגבר פרש אושן 150 מ""ל",פרוטרופיק סיה.,DE,דאו ספריי לגבר ניווא,מיליליטרים,150.00,"מ""ל",false,,14.90,0.0993,true,1,2127044
4005900488459,false,"ניוואה - דאודורנט רול און לאישה דריי פרש 50 מ""ל",ביירסדורץ,DE,דאודורנט רול און דרי,מטרים,50.00,100 מ'ל,false,,12.90,0.2580,true,1,5306416
4005900513045,false,"ניוואה - דאודורנט ספריי לגבר דיפ 150 מ""ל",ביירסדורף,DE,דאודורנט ספריי דיפ נ,מיליליטרים,150.00,"100 מ""ל",false,,12.90,0.0860,true,1,4933299
4005900513069,false,"ניוואה - דאודורנט רול און לגבר דיפ 50 מ""ל",ביירסדורף,DE,דאודורנט רול און לגב,מטרים,50.00,100 מ'ל,false,,12.90,0.2580,true,1,4933300
4005900521262,false,"ג'ל רחצה לגבר פיור אימפקט ניוואה 500 מ""ל",ביירסדורף,DE,ג'ל רחצה דיפ 500 מל,מטרים,50.00,100 מ'ל,false,,12.90,0.2580,true,1,4933302
4005900542557,false,"ניוואה - דאודורנט רול און לאישה בלק אנד וויט 50 מ""ל",ניואה,DE,ניוואה דאו רולאון בל,יח',1.00,יח',false,,12.90,12.9000,true,1,6296587
4005900547316,false,"ניוואה - דאודורנט ספריי לאישה שקוף בלק וווי 150 מ""ל",בטר אנד דיפרנט,DE,ניוואה דאו בלק אנד ו,מטרים,50.00,100 מ'ל,false,,14.90,0.2980,true,1,6242399
4005900555915,false,"ניוואה - תחליב רחצה קוקוס וחוחובה 750 מ""ל",ביירסדורף AG,DE,ניוואה תחליב רחצה קו,מיליליטרים,750.00,"100 מ""ל",false,,12.90,0.0172,true,1,6277666
4005900648181,false,"ניוואה - תחליב רחצה אלוורה 750 מ""ל",ביירסדורף AG,DE,ניוואה תחליב רחצה אל,מטרים,750.00,100 מ'ל,false,,12.90,0.0172,true,1,6309816
4005900683878,false,לבלו סקראב שפתון פילינג אלוורה בליסטר,ביירסדורף,DE,לבלו סקראב אלוורה,יח',1.00,יח',false,,9.90,9.9000,true,1,6265151
4005900803283,false,ניוואה רוז קר קרם לחות במרקם גל בתוספת,ביירסדורף,PL,רוז קר קרם לחות במרק,יח',1.00,יח',false,,58.90,58.9000,true,1,6313956
4005900816016,false,"ניוואה - דאודורנט ספריי לאישה פרש טבעי לאישה 150 מ""ל",טרופיקל דגיל תעשיות,DE,דאודורנט ספריי פרש ל,מיליליטרים,150.00,"100 מ""ל",false,,14.90,0.0993,true,1,1025273
4005900823489,false,ניוואה היידרה סקין אפקט קרם לחות במרקם ג'ל ללילה,ניואה,PL,היידרה סקין אפקט מרק,יח',1.00,יח',false,,59.90,59.9000,true,1,6316207
4005900833723,false,"ניוואה - פאוור פרש ג'ל רחצה לגבר 500 מ""ל",HELLAS BEIERSDORF,DE,ג'ל רחצה ניוואה לגבר,מיליליטרים,500.00,"100 מ""ל",false,,14.90,0.0298,true,1,6319188
4005900841148,false,"ניוואה מן ג'ל גילוח קול קיק פרש 200 מ""ל",ביירסדורף,DE,ג'ל גילוח קול קיק פר,מטרים,200.00,100 מ'ל,false,,14.90,0.0745,true,1,6316047
4005900845733,false,"דאודורנט ספריי קול קיק פרש לגבר ניוואה מן 150 מ""ל",ביירסדורף,DE,דאו ספריי לגבר קול ק,מטרים,150.00,100 מ'ל,false,,14.90,0.0993,true,1,6313958
4005900874931,false,"דאודורנט ספריי דיפ ביט לגבר 150 מ""ל ניוויה",ביירסדורף,DE,ניוואה מן ספריי דיפ,מטרים,150.00,100 מ'ל,false,,14.90,0.0993,true,1,6383164
4006387085407,false,שלישיית פילטר מקסטרא סודהסטרים,סודה קלאב,DE,שלישיית פילטר,100 יח',1.00,100 יח',false,,98.90,98.9000,true,1,4501977
4006508122134,false,מליטה נייר פילטר מספר 40 - 4יח,שוורצקוף& הנקל דיסלד,DE,מליטה נייר פילטר מספר 40,100 יח',2.00,100 יח',false,,9.90,4.9500,true,1,1757257
4006508123094,false,"מליטה-נייר פילטר לקפה מספר 2, 40 יח",Melitta Kaffee GmbH,DE,מליטה נייר פילטר מספר 40,100 יח',2.00,100 יח',false,,8.90,4.4500,true,1,1757258
4007745058804,false,מיונז אורגני נטורפוד340ג,אף.סי תבליני בגליל ב,DE,מיונז אורגני 340 גרם,גרמים,340.00,100 גרם,false,,22.20,0.0653,true,1,5812975
4007745058811,false,חרדל צרפתי חלק אורגני 200 גרם,נטורפוד,DE,חרדל צרפתי,גרמים,145.00,100 גרם,false,,13.70,0.0945,true,1,5812976
4008102002867,false,גרגירים להכנת תה לימון מילפורד 400 גרם,ליימן מותגים,DE,גרגירים להכנת תה לימ,גרמים,400.00,100 גרם,false,,14.40,0.0360,true,1,1028262
4008239313409,false,מעדן ויטקראפט בשר ו,,,מעדן ויטקראפט בשר ו,יחידה,0.00,יחידה,false,,5.90,0.0000,true,1,6421982
4008287051032,false,בירה קרומבאכר פילס 0.50 ליטר פחית,מנדלז סי.אר. פרודקשן,DE,קרומבאכר פחית בקבוק,מיליליטרים,500.00,"100 מ""ל",false,,9.90,0.0198,true,1,6291382
4008287058161,false,"שישייה בירה קרומבאכר פילס 330X6 מ""ל",מנדלז סי.אר. פרודקשן,DE,קרומבכר בירה בהירה 6,ליטרים,1.80,ליטר,false,,29.50,16.3889,true,1,6291346
4008287762020,false,בירה קרומבאכר חיטה 0.50 ליטר בקבוק,קרומבכר בראורי,DE,קרומבאכר וואיזן בקבו,מיליליטרים,500.00,"100 מ""ל",false,,9.90,0.0198,true,1,6291364
4008287905786,false,בירה קרומבאכר חיטה 5.3% פחית 500 מל,מנדלז סי.אר. פרודקשן,DE,קרומבאכר פחית בקבוק,100 מל,500.00,100 מל,false,,9.90,0.0198,true,1,6291383
4008400230726,false,ביצת שוקולד הפתעה קינדר ענקית 100ג' בנים,פררו,IT,ביצת הפתעה קינדר מקס,יח',1.00,יח',false,,22.90,22.9000,true,1,2056187
4009300522935,false,תה ירוק פומפדור לימונית ולואיזה 20 יחידות,"איטיליאן פוד, אס.פי.",DE,תה ירוק לימונית ולוא,גרמים,30.00,100 גרם,false,,16.90,0.5633,true,1,1017508
4009300522966,false,תה ירוק עם נענע פומפדור 20 יחידות,"איטיליאן פוד, אס.פי.",DE,תה ירוק עם נענע פומפ,גרמים,36.00,100 גרם,false,,16.90,0.4694,true,1,1017509
4009300524625,false,תה צ'אי מסאלה פומפדור 20 יחידות,פומפדור Pompadour,DE,תה צ'אי מסאלה פומפדו,גרמים,40.00,100 גרם,false,,11.90,0.2975,true,1,1017514
4009300525011,false,פומפידור תה ירוק עם תפוז וג'ינגר 25 שקיקים,"איטיליאן פוד, אס.פי.",DE,פומפדור תה ירוק תפוז,גרמים,35.00,100 גרם,false,,16.90,0.4829,true,1,1017516
4009300526438,false,תה ירוק פומפדור קלאסי 20 יחידות,"איטיליאן פוד, אס.פי.",DE,פומפדור תה ירוק 20 י,20 יח',1.00,20 יח',false,,16.90,16.9000,true,1,1141018
4009300528821,false,תה ירוק פומפדור ג'ינגר וקינמון 20 יחידות,פומפדור Pompadour,DE,פומפדור תה ירוק ג'ינ,יח',1.00,יח',false,,16.90,16.9000,true,1,5609092
4009300528845,false,תה ירוק פומפדור לימונית ודבש 20 יחידות,פומפדור Pompadour,DE,פומפדור תה ירוק לימו,יח',1.00,יח',false,,16.90,16.9000,true,1,5609093
4009300529514,false,תה חליטת פומפדור פירות אוכמניות 20 יח,TEEKANNE- POMPADOU,DE,חליטת פירות אוכמניות,גרמים,45.00,100 גרם,false,,14.90,0.3311,true,1,6382448
4009300530107,false,חליטה קרה בטעמי תות שדה ותפוז פומפדור 45 ג',פומפדור,DE,פומפדור חליטה קרה בט,גרמים,45.00,100 גרם,false,,13.90,0.3089,true,1,6298977
4009300530121,false,חליטה קרה בטעמי אפרסק ופסיפלורה פומפדור 45 ג',טיקנה,DE,פומפדור חליטה קרה בט,גרמים,45.00,100 גרם,false,,13.90,0.3089,true,1,6298978
4009300530145,false,חליטה קרה בטעמי מוחיטו ופירות יער פומפדור 45 ג',פומפדור,DE,פומפדור חליטה קרה בט,גרמים,45.00,100 גרם,false,,13.90,0.3089,true,1,6298979
4009900013581,false,מארז חמישיית מסטיק אורביט Orbit בטעם מנטה,ריגלי צרפת,FR,מארז חמישיית אורביט,גרמים,13.00,5 גרם,false,,9.90,0.7615,true,1,1049706
4009900379564,false,מסטיק הובה בובה Hubba Bubba טייפ בטעם פירות,מרס ריגלי קונפקשונרי,GB,הובה בובה עגול פירות,גרמים,56.00,100 גרם,false,,6.60,0.1179,true,1,1012226
4009900385824,false,מארז חמישיית מסטיק אורביט Orbit בטעם מנטה,ריגלי צרפת,FR,מארז חמישיית אורביט,גרמים,13.00,5 גרם,false,,9.90,0.7615,true,1,1049707
4009900402965,false,אורביט וויט בטעם פירות בקבוקון 46מלבניות,ריגלי פולין,PL,מסטיק אורביט בקבוקון,גרמים,46.00,100 גרם,false,,9.40,0.2043,true,1,1012236
4009900403023,false,אורביט וויט בטעם מנטה בקבוקון 46 מלבניות,"ב.א מזון בע""מ",PL,מסטיק אורביט בקבוקון,גרמים,46.00,100 גרם,false,,9.40,0.2043,true,1,1012237
4009900406918,false,מסטיק הובה בובה טייפ טריפל מיקס 56ג',מרס ריגלי קונפקשונרי,GB,הובה בובה עגול טריפל,גרמים,56.00,100 גרם,false,,6.60,0.1179,true,1,1012239
4009900420129,false,מסטיק אורביט פרופשנל פפרמינט בקבוקון 64 גר',מרס נדרלנד,PL,מסטיק אורביט בקבוקון,גרמים,64.00,100 גרם,false,,9.40,0.1469,true,1,5277211
4009900465304,false,סוכריות סקיטלס בטעם פירות חמוצים,ריגלי ממתקים,CZ,סוכריות סקיטלס חמוצי,גרמים,174.00,100 גרם,false,,7.90,0.0454,true,1,1136685
4009900479998,false,אורביט וויט אוכמניות בקבוקון 46 מלבניות,ריגלי פולין,PL,מסטיק אורביט בקבוקון,גרמים,1.40,100 גרם,false,,9.40,6.7143,true,1,1138489
4009900482417,false,מסטיק אורביט פירות מנטה בקבוקון באבל מינט 45יח,ריגלי פולין,PL,מסטיק אורביט בקבוקון,גרמים,46.00,100 גרם,false,,9.40,0.2043,true,1,1012278
4009900483803,false,מסטיק איירובס מנטה אקליפטוס בקבוקון 60יח',איירוויבס Airwaves,PL,אורביט בקבוקון 60יח,יח',1.00,יח',false,,12.90,12.9000,true,1,5455659
4009900484060,false,מסטיק אורביט פרופשיונל בטעם מנטה ללא סוכר,ריגלי פולין,PL,אורביט בקבוקון 60יח,יח',1.00,יח',false,,12.90,12.9000,true,1,1012280
4009900484091,false,מסטיק אורביט פרופשיונל בטעם מנטה ללא סוכר,ריגלי פולין,PL,אורביט בקבוקון 60יח,גרמים,84.00,גרם,false,,12.90,0.1536,true,1,1012281
4009900484305,false,מסטיק אורביט פרופשיונל סוויטמינט ביגי לבן 60יח',אורביט Orbit,GB,אורביט בקבוקון 60יח,יח',1.00,יח',false,,12.90,12.9000,true,1,1012282
4009900487283,false,אורביט ילדים קלאסי סט' משפחתי-חמישיות,ריגלי צרפת,FR,מארז חמישיית אורביט,גרמים,13.00,5 גרם,false,,9.90,0.7615,true,1,1049762
4009900491044,false,מסטיק איירובס אוכמניות בקבוקון 60יח',איירוויבס Airwaves,PL,אירוויבז בקבוקון 60י,יח',1.00,יח',false,,12.90,12.9000,true,1,5455662
4009900500166,false,סוכריות פירות אדום סקיטלס בקבוקון 125ג',ריגלי ממתקים,CZ,סקיטלס פירות בקבוקון,גרמים,125.00,100 גרם,false,,7.90,0.0632,true,1,2590646
4009900509770,false,אורביט באריזת בקבוק בטעם תות 60 יח',אורביט Orbit,GB,אורביט בקבוקון 60 יח,גרמים,84.00,100 גרם,false,,12.90,0.1536,true,1,1515897
4009900521581,false,סוכריות אורביט מינטס מנטה בבקבוקון 77 גר,ריגלי פולין,PL,אורביט סוכריות מנטה,גרמים,77.00,גרם,false,,8.90,0.1156,true,1,3538801
4009900521611,false,סוכריות אורביט מינטס דובדבן מנטה בבקבוקון,מרס נדרלנד,PL,אורביט סוכריות דובדב,גרמים,77.00,גרם,false,,8.90,0.1156,true,1,3538802
4009900531122,false,"מסטיק בטעם מנטה ספירמינט, 64 ג' פרופשיונל אורפיט",מרס נדרלנד,PL,מסטיק אורביט בקבוקון,גרמים,64.00,100 גרם,false,,9.40,0.1469,true,1,5277212
4009900532327,false,סוכריות סקיטלס סמודיס בטעמי יוגורט ופירות,ריגלי ממתקים,CZ,סקיטלס סוכריות סמודי,גרמים,38.00,100 גרם,false,,2.90,0.0763,true,1,5455682
4009900534581,false,איירוויבס בקבוקון דובדבן ומנטה 46 מלבני,Unknown,IL,מסטיק איירוויבז בקבו,גרמים,64.00,גרם,false,,9.70,0.1516,true,1,6211891
4009900534611,false,איירוויבס בקבוקון מלון ומנטה 46 מלבני,ריגלי,IL,מסטיק איירוויבז בקבו,גרמים,64.00,גרם,false,,9.40,0.1469,true,1,6211892
4009900534918,false,סקיטלס גאיינט פירות 141 גרם,ריגלי,CZ,סקיטלס ג'איינט פירות,גרמים,141.00,100 גרם,false,,7.90,0.0560,true,1,6288192
4009900535519,false,מסטיק אורביט רפרשרס ספירמינט ללא סוכר 15.6גר',אורביט,PL,מסטיק אורביט רפרשרס,יח',1.00,יח',false,,3.70,3.7000,true,1,6277667
4009900535540,false,מסטיק אורביט רפרשרס פפרמינט ללא סוכר 15.6גר',אורביט,PL,מסטיק אורביט רפרשרס,יח',1.00,יח',false,,3.70,3.7000,true,1,6277668
4009900535823,false,מסטיק אורביט רפרשרס באבלמינט ללא סוכר 15.6גר',אורביט,PL,מסטיק אורביט רפרשרס,יח',1.00,יח',false,,3.70,3.7000,true,1,6277669
4009900536257,false,מסטיק אורביט רפרשרס ספירמינט בקבוקון ללא סוכר 67 גר',מרס ריגלי קונפקשונרי,PL,מסטיק אורביט רפרשרס,יח',1.00,יח',false,,11.90,11.9000,true,1,6277670
4009900536288,false,מסטיק אורביט רפרשרס פפרמינט בקבוקון ללא סוכר 67 גר',מרס ריגלי קונפקשונרי,PL,מסטיק אורביט רפרשרס,יח',1.00,יח',false,,11.90,11.9000,true,1,6277671
4009900536486,false,מסטיק אורביט רפרשרס באבלמינט בקבוקון ללא סוכר 67 גר',מרס ריגלי קונפקשונרי,PL,מסטיק אורביט רפרשרס,יח',1.00,יח',false,,11.90,11.9000,true,1,6277672
4009900539340,false,סוכריות סקיטלס ג'יינט סאוור 141 גרם,מרס ריגלי קונפקשונרי,CZ,סקיטלס ג'איינט סאוור,גרמים,141.00,100 גרם,false,,7.90,0.0560,true,1,6332541
4009900539432,false,מסטיק פייב באונס בטעם אבטיח HP,Unknown,PL,מסטיק פייב אבטיח,יח',1.00,יח',false,,3.70,3.7000,true,1,6357385
4009900539685,false,"מסטיק פייב באונס בטעם מנטה בקבוקון, 61.8 גרם",ריגלי בעמ רוסיה,PL,מסטיק בקבוקון פייב מ,יח',1.00,יח',false,,11.90,11.9000,true,1,6357386
4009900539746,false,"מסטיק פייב באונס בטעם אבטיח בקבוקון, 61.8 גרם",ריגלי בעמ רוסיה,PL,מסטיק בקבוקון פייב ב,יח',1.00,יח',false,,11.90,11.9000,true,1,6357387
4009900540551,false,מסטיק אורביט רפרשרס טרופיקל בקבוקון ללא סוכר,מרס פולין,PL,מסטיק אורביט רפרשס ט,יח',1.00,יח',false,,11.90,11.9000,true,1,6339929
4011100002227,false,מארז חטיפי מיני באונטי Bounty,לינדט ושפרונגלי קילשברג,NL,שקית מיני גדולה באונ,גרמים,403.00,100 גרם,false,,19.90,0.0494,true,1,1092447
4011800528416,false,קורני חטיף דגנים עם בוטנים מתוק-מלוח*6,שוורטאוור וורקה,DE,קורני בייס סוויט אנד,גרמים,150.00,100 גרם,false,,10.90,0.0727,true,1,6153403
4011800567613,false,מאגדת קורני מילק דרק & ואיט 120 גרם,מיוצר עי קונדיטוריית,DE,קורני סנדוויץ שחור ולבן ע,גרמים,120.00,100 גרם,false,,10.90,0.0908,true,1,1111478
4011800577810,false,מארז חטיפי קורני פרי נוגט 120 גרם,Schwartauer,DE,קורני פרי נוגט 6*20,גרמים,120.00,100 גרם,false,,10.90,0.0908,true,1,6332519
4011800628512,false,חטיף קורני שוקולד חלב 6 יח 150 גר,מיוצר עי קונדיטוריית,DE,קורני עם שוקולד חלב - 1X6,גרמים,150.00,100 גרם,false,,10.90,0.0727,true,1,1097041
4011800629519,false,"מארז חטיפי דגנים אגוזים ""קורני""",שוורטאוור וורקה,DE,קורני עם אגוזים 1X6,גרמים,150.00,100 גרם,false,,10.90,0.0727,true,1,1093882
4011800630515,false,חטיף קורני שוקולד חלב ובננה 6 יח 150 גר,מיוצר עי קונדיטוריית,DE,קורני עם שוקולד חלב ובננה,גרמים,150.00,100 גרם,false,,10.90,0.0727,true,1,1093883
4011800632519,false,"מארז חטיפי שוקולד חלב וקוקוס ""קורני""",מיוצר עי קונדיטוריית,DE,קורני עם שוקולד חלב וקוקו,גרמים,150.00,100 גרם,false,,10.90,0.0727,true,1,1093884
4011800633516,false,קורני שוקולד מריר מעולה 58% קקאו 6*1,שוורטאוור וורקה,DE,קורני עם שוקולד מריר מעול,גרמים,138.00,100 גרם,false,,10.90,0.0790,true,1,1087158
4011800636517,false,קורני פרי שוקולד חלב מעולה ללא סוכר 6*1,מיוצר עי קונדיטוריית,DE,"קורני ""פרי ""עם שוקולד חלב",גרמים,120.00,100 גרם,false,,10.90,0.0908,true,1,1087182
4014400900217,false,בונבונריית מרסי מבחר ממתקי שוקולד 400 גרם,קריניציה ויטמינה אס,DE,בונבוניירה מרסי 400,גרמים,400.00,100 גרם,false,,39.90,0.0997,true,1,1028273
4014400901191,false,בונבונריית מרסי מבחר ממתקי שוקולד 250 גרם,ליימן מותגים,DE,בונבוניירה שוקולד מר,גרמים,250.00,100 גרם,false,,24.90,0.0996,true,1,1028275
4014400904277,false,סוכריות בטעם מנטה אייס פרש סטורק 425 גרם,תות ממתקי איכות,DE,סוכריות בטעם מנטה אי,גרמים,425.00,100 גרם,false,,14.90,0.0351,true,1,1028279
4014400904307,false,סוכריות בטעם פירות קליפורניה סטורק 425 גרם,קריניציה ויטמינה אס,DE,סוכריות בטעם פירות ק,גרמים,425.00,100 גרם,false,,14.90,0.0351,true,1,1028280
4014400904376,false,סוכריות טופי בטעם שוקולד סטורק 325 גרם,קריניציה ויטמינה אס,DE,סוכריות טופי בטעם שו,גרמים,325.00,100 גרם,false,,14.90,0.0458,true,1,1028283
4014400904390,false,סוכריות טופי ממולא חלב סטורק 325 גרם,קריניציה ויטמינה אס,DE,סוכריות טופי ממולא ח,גרמים,325.00,100 גרם,false,,14.90,0.0458,true,1,1028284
4014400907902,false,"וורטרס אורגינל סוכריות חמאה ללא סוכר בקופסה
42 גרם",תות ממתקי איכות,DE,סוכריות חמאה ללא תוס,גרמים,42.00,100 גרם,false,,5.90,0.1405,true,1,1028285
4014400910063,false,סוכריות חמאה וורטרס אורגינל 135 גרם,וורטר'ס אורגינל,DE,סוכריות חמאה וורטרס,גרמים,135.00,100 גרם,false,,7.90,0.0585,true,1,1028293
4014400913910,false,וורטרס אורגינל סוכריות חמאה ממולאות קרם קרמל בשקית,תות ממתקי איכות,DE,סוכריות וורטרס אורגי,גרמים,125.00,100 גרם,false,,7.90,0.0632,true,1,1129602
4014400914696,false,וורטרס אורגינל סוכריות ללא סוכר 80 גרם,ליימן מותגים,DE,סוכריות וורטר ללא תו,גרמים,80.00,100 גרם,false,,7.90,0.0988,true,1,1028301
4014400914924,false,"סוכריות בטעם קפה וורטר אורגינל לל""ס 80 גרם",קריניציה ויטמינה אס,DE,סוכריות וורטר קפה לל,גרמים,80.00,100 גרם,false,,7.90,0.0988,true,1,1028302
4014400920857,false,וורטר אורגינל ללא סוכר בטעם שוקולד-שקית 70 גרם,קריניציה ויטמינה אס,DE,סוכריות וורטר ללא תו,גרמים,70.00,100 גרם,false,,7.90,0.1129,true,1,1197610
4014400923711,false,בונבוניירה שוקולד אגוזים טופיפי 125 גרם,ליימן מותגים,DE,בונבוניירה שוקולד אג,גרמים,125.00,100 גרם,false,,11.90,0.0952,true,1,2498602
4014400925319,false,וורטרס אורגינל פופקורן קרמל 140 גרם,וורטרס Werther's,DE,וורטר פופקורן קרמל,גרמים,140.00,100 גרם,false,,14.90,0.1064,true,1,6262419
4014400929010,false,וופל מיני קנופרס 200 גר 10 גר*20 יחידות,אוגוסט שטורק,DE,חטיף וופל מיני קנופר,גרמים,200.00,100 גרם,false,,19.90,0.0995,true,1,6348260
4015000031394,false,"ספטיל - משחה להסרת כתמים 200 מ""ל",קריות זול,HU,ספטיל מסיר כתמים 200 גר',גרמים,200.00,100 גרם,false,,14.90,0.0745,true,1,1016207
4015000280372,false,"דאודורנט רול און בניחוח לימון פה 50 מ""ל",שוורצקופף והנקל,DE,דאודורנט רול און בני,100 מל,50.00,100 מל,false,,9.90,0.1980,true,1,1016209
4015000615891,false,"פה - דאודורנט ספריי לאישה אקווה 200 מ""ל",שוורצקופף והנקל,DE,פה דאו ספריי אקווה 2,מיליליטרים,200.00,"100 מ""ל",false,,9.90,0.0495,true,1,1016270
4015000615921,false,"פה - דאודורנט ספריי לגבר ספורט 200 מ""ל",שוורצקופף והנקל,TR,דאודורנט ספריי פה -ס,מיליליטרים,200.00,"100 מ""ל",false,,9.90,0.0495,true,1,1016272
4015000976275,false,מרכך גליס Gliss למראה שיער מבריק Million Gloss,שוורצקופף והנקל,DE,"מרכך גליס 400 מ""ל שמ",מיליליטרים,400.00,"100 מ""ל",false,,12.90,0.0323,true,1,1105181
4015000996204,false,"גליס שמפו אולטימט שמן אלקסייר 400 מ""ל",שוורצקופף והנקל,DE,שמפו גליס 400מל שמן,מיליליטרים,400.00,"100 מ""ל",false,,12.90,0.0323,true,1,1016329
4015000996273,false,"גליס מרכך אולטימטיב שמן אלקסייר 400 מ""ל","הובי קוסמטיק, חברת ייצור",TR,"מרכך גליס שמן 400 מ""",מיליליטרים,400.00,"100 מ""ל",false,,12.90,0.0323,true,1,1016333
4015000997430,false,פה דאודורנט ספריי אינויזיבל פאוור 200 מל,שוורצקופף והנקל,TR,דאו פה ספורט ספריי,מיליליטרים,200.00,"100 מ""ל",false,,9.90,0.0495,true,1,1016334
4015400564034,false,מגן תחתון אולוויז מגה פק לונג פלוס 58 יחידות,פרוקטר אנד גמבל,DE,אולוויז מגן תחתון לו,יח',58.00,יח',false,,16.90,0.2914,true,1,1035531
4015400564454,false,מגני תחתון אולוויז לארג' עם ניחוח מגה פק,פרוקטר אנד גמבל,DE,אולוויז מגן תחתון לא,יח',68.00,יח',false,,16.90,0.2485,true,1,1035535
4015400598329,false,תחבושות אולוויז קוואטרו נורמל פלוס 56 יחידות,פרוקטר אנד גמבל,DE,אולוויז קוואטרו נורמ,יח',56.00,יח',false,,29.90,0.5339,true,1,1035541
4015400598381,false,תחבושות היגייניות אולטרה לונג - מארז קוואטרו 48 יח',פרוקטר אנד גמבל,DE,אולוויז קוואטרו לונג,יח',48.00,יח',false,,29.90,0.6229,true,1,1035542
4015400598411,false,תחבושות היגייניות יום ולילה Day & Night - מארז 40 יח',פרוקטר אנד גמבל,DE,אולוויז קוואטרו לילה,יח',40.00,יח',false,,29.90,0.7475,true,1,1035543
4015400681670,false,תחבושות אולוויז וליו פק לילה בטוח 18 יחידות,פרוקטר אנד גמבל,UA,אולוויז תחבושות לילה,יח',18.00,יח',false,,16.90,0.9389,true,1,1284543
4015400695677,false,פמפרס בייבי דריי מידה 4+ 80 יח,פרוקטר & גמבל,TR,פמפרס בייבי דריי מיד,יח',1.00,יח',false,,64.90,64.9000,true,1,6356178
4015400695691,false,פמפרס בייבי דריי מידה 5 74 יח,פרוקטר & גמבל,TR,פמפרס בייבי דריי מיד,יח',1.00,יח',false,,64.90,64.9000,true,1,6356179
4015400731719,false,תחבושות היגייניות אולוויז יום ולילה Day & Night,פרוקטר אנד גמבל,DE,אולוויז תחבושות וליו,יח',20.00,יח',false,,16.90,0.8450,true,1,1727970
4015400746812,false,מגני תחתון אולוויז נורמל עם ניחוח מגה פק,פרוקטר אנד גמבל,UA,אולוויז מגן תחתון נו,יח',80.00,יח',false,,16.90,0.2112,true,1,1947847
4015400755241,false,תחבושות היגייניות אולוויז אולטרה נורמל - 28 יח',פרוקטר אנד גמבל,UA,אולוויז תחבושות נורמ,יח',28.00,יח',false,,16.90,0.6036,true,1,1727971
4015400755487,false,תחבושות היגייניות אולוויז אולטרה לונג - 24 יח',פרוקטר אנד גמבל,DE,אולוויז תחבושות סגול,יח',24.00,יח',false,,16.90,0.7042,true,1,1727973
4015400824701,false,טמפונים עם מוליך רגולר טמפקס 30 יחידות,פרוקטר אנד גמבל,HU,טמפונים עם מוליך רגו,יח',30.00,יח',false,,24.90,0.8300,true,1,1035545
4015400824725,false,טמפונים סופר עם מוליך טמפקס 30 יחידות,פרוקטר אנד גמבל,HU,טמפונים סופר עם מולי,יח',30.00,יח',false,,27.90,0.9300,true,1,1035546
4015600762742,false,שמפו יומיומי למניעת קשקשים הנוסחה הקלאסית,פרוקטר אנד גמבל,RO,שמפו אנד שולדרס קלאס,מיליליטרים,500.00,"100 מ""ל",false,,17.90,0.0358,true,1,1035569
4015600762780,false,שמפו וקונדישינר יומיומי למניעת קשקשים הנוסחה הקלאסית 2in1,פרוקטר אנד גמבל,RO,שמפו אנד שולדרס 2ב1,מיליליטרים,500.00,"100 מ""ל",false,,17.90,0.0358,true,1,1035570
4015600762902,false,"שמפו האד אנד שולדרס מנטול 500 מ""ל",פרוקטר אנד גמבל,RO,שמפו האד אנד שולדרס,מיליליטרים,500.00,"100 מ""ל",false,,17.90,0.0358,true,1,1035573
4015600762940,false,שמפו יומיומי למניעת קשקשים בניחוח תפוח,פרוקטר אנד גמבל,RO,שמפו האד אנד שולדרס,מיליליטרים,500.00,"100 מ""ל",false,,17.90,0.0358,true,1,1035574
4015600763022,false,שמפו יומיומי למניעת קשקשים לשיער יבש/פגום לשיער רך כמשי,פרוקטר אנד גמבל,RO,שמפו האד אנד שולדרס,מיליליטרים,500.00,"100 מ""ל",false,,17.90,0.0358,true,1,1035576
4015600766900,false,"שמפו ומרכ ך נגד קשקשים 500 מ""ל הד אנד שולדרס",פרוקטר אנד גמבל,RO,שמפו הד אנד שולדרס 2,מיליליטרים,500.00,"100 מ""ל",false,,17.90,0.0358,true,1,1104718
4015600810849,false,גילט דאו קליר גל 70 מל פאוור ראש,פרוקטר אנד גמבל,CZ,דאודורנט ג'ילט קליר,מטרים,75.00,100 מ'ל,false,,14.90,0.1987,true,1,1135951
4017100198151,false,בלזן היט ביסקוויט עם מלית קרם בטעם וניל (41%) 220 גרם,הדקלאים אגודת שיתופי,PL,עוגיות היט 220 ג,גרמים,220.00,100 גרם,false,,7.90,0.0359,true,1,1205575
4017100210105,false,וופל מגולגל מצופה שוקולד מריר בלזן 100 גרם,הדקלאים אגודת שיתופי,DE,וופלטן מריר 100גר,גרמים,100.00,100 גרם,false,,10.50,0.1050,true,1,1207529
4017100219900,false,בלזן וופלטן וופל מגולגל מצופה שוקולד חלב 100 גרם,הדקלאים אגודת שיתופי,DE,גליליות וופל חלב וופ,גרמים,100.00,100 גרם,false,,10.90,0.1090,true,1,1028312
4017100290008,false,בלזן בסקויט חמאה מצופה שוקולד חלב 125 גרם,הדקלאים אגודת שיתופי,DE,ביסקוויט מצופה שוקול,גרמים,125.00,100 גרם,false,,10.90,0.0872,true,1,1028315
4017100291005,false,בלזן לייבניז בסקויט חמאה מצופה שוקולד מריר 125 גרם,הדקלאים אגודת שיתופי,DE,ביסקוויט מצופה שוקול,גרמים,125.00,100 גרם,false,,10.90,0.0872,true,1,1023725
4017100364112,false,בלזן היט בסקוויט סנדביץ עם מלית קרם בטעם שוקולד קקאו (41%) 220 גרם,הדקלאים אגודת שיתופי,PL,עוגיות היט 220 ג,גרמים,220.00,100 גרם,false,,7.90,0.0359,true,1,1191536
4018344511188,false,סלמון פראי ברוטב שום לארסן 200 גרם,,,לרסן סלמון פראי ברוט,גרמים,200.00,100 גרם,false,,11.50,0.0575,true,1,6392980
4018344564610,false,פילה הרינג ברוטב עגבניות לארסן 200 גרם,,LV,לרסן פילה הרינג ברוט,גרמים,200.00,100 גרם,false,,9.50,0.0475,true,1,6392981
4018344564641,false,פילה הרינג ברוטב חרדל ושמיר לארסן 200 גר,,LV,לרסן פילה הרינג ברוט,גרמים,200.00,100 גרם,false,,9.50,0.0475,true,1,6392982
4018344564689,false,פילה הרינג ברוטב איטלקי לארסן 200 גר,ס.י.א קרבלה,LV,לרסן פילה הרינג ברוט,גרמים,200.00,100 גרם,false,,9.50,0.0475,true,1,6392983
4018722102656,false,ספגטי כוסמין אורגני 500 גרם,אלב גולד,DE,ספגטי כוסמין אורגניו,גרמים,500.00,100 גרם,false,,15.90,0.0318,true,1,4438191
4018722303459,false,אלב גולד - מקרוני כוסמין אורגני,אלב גולד,DE,מקרוני כוסמין אורגני,גרמים,250.00,100 גרם,false,,11.30,0.0452,true,1,4438192
4018722343158,false,אלב גולד פוזילי כוסמין אורגני,אלב גולד,DE,אלב גולד פוזילי כוסמ,גרמים,500.00,100 גרם,false,,19.90,0.0398,true,1,6337623
4023800012109,false,מרציפן שלוקוורד מצופ,,DE,מרציפן מצופה 100 גר,גרמים,100.00,100 גרם,false,,7.50,0.0750,true,1,1322074
4023800122105,false,מרציפן לא מצופה 82 גרם,,DE,מרציפן לא מצופה 82 ג,גרמים,82.00,100 גרם,false,,7.50,0.0915,true,1,2735089
4028208000284,false,נייר פילטר מספר 4 - BRIGITTA ובו 80 יחידות,Melitta Kaffee GmbH,DE,מליטה נייר פילטר מספר 80,יח',44.00,יח',false,,11.90,0.2705,true,1,1046037
4045787068320,false,"אינדולה - פרוטאין צבע 5 חום 60 מ""ל",שוורצקופף והנקל,DE,פרוטאין קולור חום מס,יח',1.00,יח',false,,15.90,15.9000,true,1,1016345
4061445096689,false,קפה דוידוף מגורען 100 גר ESPRESSO 57,"טשיבו, אספי.זד.או.או",PL,דוידוף אספרסו 57 100,גרמים,100.00,100 גרם,false,,22.90,0.2290,true,1,6420292
4061445096702,false,קפה דוידוף מגורען 100 גר FINE AROMA,"טשיבו, אספי.זד.או.או",PL,דוידוף פיין ארומה 10,גרמים,100.00,100 גרם,false,,22.90,0.2290,true,1,6420293
4061445096726,false,קפה דוידוף מגורען 100 גר RICH AROMA,"טשיבו, אספי.זד.או.או",PL,דוידוף ריץ ארומה 100,גרמים,100.00,100 גרם,false,,22.90,0.2290,true,1,6420294
4072700001188,false,"בירה פרנסיסקאנר כהה בקבוק 500 מ""ל",פרנסיסקאנר Franziskaner,DE,פרנזיסקאנר בירה כהה,מיליליטרים,500.00,"100 מ""ל",false,,9.90,0.0198,true,1,3864429
4072700003649,false,"פרנזיסקאנר בירה מעוננת 500 מ""ל","איי, בי, אינבוו",DE,פרנזיסקאנר בירה מעונ,מיליליטרים,500.00,"100 מ""ל",false,,9.90,0.0198,true,1,2590663
4084500065536,false,פנטן קרם לחות מוגברת לעיצוב שיער 300 מל,פרוקטר אנד גמבל,FR,קרם לשיער פנטן לחות,מיליליטרים,300.00,"100 מ""ל",false,,14.90,0.0497,true,1,1076176
4084500065598,false,"קרם לחות פנטן לתלתלים מושלמים 300 מ""ל",פרוקטר אנד גמבל,FR,קרם לחות פנטן לתלתלי,מיליליטרים,300.00,"100 מ""ל",false,,14.90,0.0497,true,1,1076177
4084500088917,false,"נוזל כלים פיירי לימון 650 מ""ל בד""צ",פרוקטר אנד גמבל,US,נוזל כלים פיירי לימו,מיליליטרים,650.00,"100 מ""ל",false,,10.90,0.0168,true,1,1252525
4084500149526,false,טייד גל כביסה 2.48 ליטר אלפים רענן,פרוקטר אנד גמבל,FR,נוזל כביסה טייד 2.48,ליטרים,2.48,ליטר,false,,24.90,10.0403,true,1,1107561
4084500178137,false,נוזל כביסה טייד 4 ליטר,פרוקטר אנד גמבל,FR,נוזל כביסה טייד 4 לי,ליטרים,4.00,ליטר,false,,31.90,7.9750,true,1,1107601
4084500853553,false,פיירי נוזל כלים קלאסי אורגינל 650 מל,פרוקטר אנד גמבל,GB,נוזל כלים פיירי אורי,מיליליטרים,650.00,"100 מ""ל",false,,10.90,0.0168,true,1,1252526
4084500853836,false,"נוזל כלים פיירי ורדים ומשי 515 מ""ל בד""צ",פרוקטר אנד גמבל,GB,נוזל כלים פיירי ורדי,מיליליטרים,515.00,"100 מ""ל",false,,8.90,0.0173,true,1,1252529
4084500854048,false,נוזל כלים פיירי לימון שקוף 1.24 ליטר,פרוקטר אנד גמבל,GB,נוזל כלים פיירי לימו,ליטרים,1.24,ליטר,false,,12.90,10.4032,true,1,1252531
4100130937163,false,בירה בקס שישייה 6*275 מל,"איי, בי, אינבוו",DE,"בירה בקס 6* 275 מ""ל",מיליליטרים,275.00,"100 מ""ל",false,,24.90,0.0905,true,1,2590664
4105120623941,false,"בירה ויינשטפן בק' ח""פ 500 מ""ל","ויינשטפן, ת.ד 1155 פרייז",DE,ויינשטפן 500 מל,מיליליטרים,500.00,"100 מ""ל",false,,11.20,0.0224,true,1,3216601
4424328310089,false,פחית משקה אנרגיה ורסצ'ה 250 מל,,,פחית משקה אנרגיה ורס,מטרים,250.00,100 מ'ל,false,,3.80,0.0152,true,1,6377428
4600659010854,false,"וודקה סטוליצ'ניה 700 מ""ל",איי. אס. לטבייאס בלזם,LV,"סטוליצ'ניה פרימיום 70 ס""ל",מיליליטרים,700.00,"100 מ""ל",false,,59.90,0.0856,true,1,1029205
4604248000554,false,מיונז מאחייב פרובנסל 50.5% 800 גרם,אסן פרודקשן,,מיונז פרובנסל 800 גר,גרמים,800.00,100 גרם,false,,18.90,0.0236,true,1,6309818
4604248000844,false,רוטב בטעם מיונז עם שמן זית 380 גרם,אסן פרודקשן,,מיונז מחייב עם שמן ז,גרמים,380.00,100 גרם,false,,11.90,0.0313,true,1,6309819
4604248003517,false,חרדל רוסקיה 140 גרם,אסן פרודקשן,,חרדל 140ג,גרמים,140.00,100 גרם,false,,5.50,0.0393,true,1,6309788
4640018993350,false,פיניש קוואנטום קפסולות ג'ל למדיח כלים לימון 30 יח',רקיט בנקיזר,PL,פיניש קואנטום 30קפ ש,יח',1.00,יח',false,,39.80,39.8000,true,1,6221544
4640018993398,false,פיניש קוואנטום 60 יח' קפסולות ג'ל למדיח כלים,רקיט בנקיזר,PL,פיניש קואנטום 60יח ש,יח',1.00,יח',false,,58.90,58.9000,true,1,6218718
4710068001692,false,"מאסטר קפה לאטה פחית 240 מ""ל",תאיט מרקטינג אנד דיסטריב,TW,מאסטר קפה לאטה פחית,מיליליטרים,240.00,"100 מ""ל",false,,5.90,0.0246,true,1,2258875
4710068001715,false,"מאסטר קפה טירמיסו פחית 240 מ""ל",יוני פרזינדנט אנטרפר,TW,מאסטר קפה טירמיסו 24,מיליליטרים,240.00,"100 מ""ל",false,,5.90,0.0246,true,1,2258876
4710068001739,false,"מאסטר קפה קולומביאני 250 מ""ל",יוני פרזינדנט אנטרפר,TW,מאסטר קפה קולומביאני,מיליליטרים,240.00,"100 מ""ל",false,,5.90,0.0246,true,1,2258877
4710068002798,false,מאסטר קפה וונילה פחית 240 מל,מאיטה פוד אינדוסטריאל קו,TW,מאסטר קפה וונילה פחי,יח',1.00,יח',false,,5.90,5.9000,true,1,5744191
4710964104916,false,"שמן שומשום טהור 370 מ""ל (כ)",פלייבור פול פודס טיי,TW,שמן שומשום טהור 370,מיליליטרים,370.00,"100 מ""ל",false,,19.90,0.0538,true,1,1132818
4710964170799,false,שומשום שחור קלוי 91 גרם,פלייבור פול פודס טיי,TW,שומשום שחור קלוי 91,גרמים,91.00,100 גרם,false,,16.40,0.1802,true,1,1032242
4740098098331,false,"קוקטייל בלו לגון אה לה קוק 330 מ""ל",אה לי קוק,EE,קוקטייל בלו לגון אה,מטרים,330.00,100 מ'ל,false,,9.90,0.0300,true,1,6389922
4740098098355,false,"קוקטייל מוחיטו אה לה קוק 330 מ""ל",אה לי קוק,EE,קוקטייל מוחיטו,מיליליטרים,620.00,"100 מ""ל",false,,9.90,0.0160,true,1,6372424
4740098098379,false,"קוקטייל מרגריטה אה לה קוק 330 מ""ל",אה לי קוק,EE,קוקטייל מרגריטה,מיליליטרים,620.00,"100 מ""ל",false,,9.90,0.0160,true,1,6372425
4740098098393,false,"קוקטייל און דה ביץ אה לה קוק 330 מ""ל",אה לי קוק,EE,קוקטייל סאן און דה ב,מיליליטרים,620.00,"100 מ""ל",false,,9.90,0.0160,true,1,6372511
4750142021505,false,"בירה PILSENER בהירה 4.7% פחית 500 מ""ל",צ'סו אלוס,LV,בירה פילזנר צ'סו,מיליליטרים,500.00,"100 מ""ל",false,,6.80,0.0136,true,1,6222868
4751007738095,false,סלט סלמון עם ירקות מקסיקני 220 ג' לארסן,ס.י.א קרבלה,LV,לרסן סלט סלמון מקסיק,גרמים,220.00,100 גרם,false,,11.50,0.0523,true,1,6392984
4751007738101,false,סלט סלמון עם ירקות איטלקי 220 ג' לארסן,ס.י.א קרבלה,LV,לרסן סלט סלמון איטלק,גרמים,220.00,100 גרם,false,,11.50,0.0523,true,1,6393017
4770577201204,false,"סלק מבושל בוואקום 1 ק""ג",,,סלק מבושל בוואקום 1,קילוגרמים,1.00,"ק""ג",false,,9.90,9.9000,true,1,4971932
4792032060454,false,"גרין קוקו - מי קוקוס אורגניים 330 מ""ל",גרין קוקו,VN,מי קוקוס אורגני 330,מיליליטרים,330.00,"100 מ""ל",false,,8.70,0.0264,true,1,3702355
4796019790013,false,"גרין קוקו - שמן קוקוס אורגני 300 מ""ל",כפרי בריא,,שמן קוקוס אורגני 300,מיליליטרים,300.00,"100 מ""ל",false,,19.90,0.0663,true,1,3702356
4796019790020,false,"גרין קוקו - שמן קוקוס אורגני 500 מ""ל",גרין קוקו,LK,שמן קוקוס אורגני 500,מיליליטרים,500.00,"100 מ""ל",false,,27.80,0.0556,true,1,4438193
4796019790037,false,שמן קוקוס אורגני 1 ליטר גרין קוקו,כפרי בריא,,שמן קוקוס אורגני 1 ל,ליטרים,1.00,ליטר,false,,49.90,49.9000,true,1,3702357
4800888150080,false,"דאב - דאודורנט רול און לאישה פרש טאצ' מלפפונים 50 מ""ל",יוניליוור פיליפינים,PH,דאב רולאון דאודורנט,מטרים,50.00,100 מ'ל,false,,14.90,0.2980,true,1,1021752
4800888190529,false,דאב דאו סטיק טאלק סופט לאשה 50 גר,יוניליוור,PH,דאב סטיק טאלק סופט 5,גרמים,50.00,100 גרם,false,,14.90,0.2980,true,1,1328537
4800888209368,false,רקסונה - דאודורנט סטיק לגבר אקסטרא קול 50 גרם,יוניליוור,PH,רקסונה דאודורנט סטיק,יח',1.00,יח',false,,9.90,9.9000,true,1,6229369
4800888209382,false,רקסונה דאודורנט סטיק אינביזיבל 50 גרם (נשים),יוניליוור,PH,רקסונה דאו סטיק לאשה,מטרים,50.00,100 מ'ל,false,,9.90,0.1980,true,1,6236573
4800888209405,false,רקסונה - דאודורנט סטיק לגבר קובלט דריי 50 גרם,יוניליוור,PH,רקסונה סטיק לגבר קוב,מטרים,50.00,100 מ'ל,false,,9.90,0.1980,true,1,6221821
4800888209429,false,רקסונה - דאודורנט סטיק לאישה כותנה נשים 50 גרם,יוניליוור,PH,רקסונה דאודורנט סטיק,גרמים,50.00,100 גרם,false,,9.90,0.1980,true,1,6375287
4800888219527,false,דאב - דאודורנט סטיק לאישה ללא סימן אינביזיבל 50 גרם,יוניליוור,PH,דאב דאו סטיק אינוויז,יח',1.00,יח',false,,14.90,14.9000,true,1,6335606
4800888219534,false,דאב - דאודורנט סטיק לאישה אנטי פרספירמט 50 גרם,יוניליוור פיליפינים,PH,דאב סטיק נשים אורגינ,גרמים,50.00,100 גרם,false,,14.90,0.2980,true,1,6304369
4820034925546,false,"בירה לאגר צאזז לייט בקבוק 500 מ""ל",,IL,בירה לאגר צאזז לייט,מטרים,500.00,100 מ'ל,false,,3.90,0.0078,true,1,6368246
4820163123431,false,וודקה חורטיצה וייט ג,,,וודקה חורטיצה וייט ג,מיליליטרים,700.00,"100 מ""ל",false,,64.90,0.0927,true,1,6214526
4820229031311,false,"וודקה חורטיצה פלטניום 700 מ""ל.",אוקראיניאן דיסטריביו,UA,חורטיצה פלטינום 700,מיליליטרים,700.00,"100 מ""ל",false,,54.90,0.0784,true,1,6261373
4820229032219,false,וודקה חורטיצה אייס 7,Global Gourmet Produ,UA,חורטיצה אייס 700 מל,מיליליטרים,700.00,"100 מ""ל",false,,64.90,0.0927,true,1,6321586
4820229032226,false,וודקה חורטיצה אייס 1,,,וודקה חורטיצה אייס 1,מטרים,1000.00,100 מ'ל,false,,89.90,0.0899,true,1,6368248
4860009000014,false,מיץ רימונים 100% סחוט ללא תוספת סוכר,Aromaproduct ltd,,מיץ רימונים 100% 1 ל,ליטרים,1.00,ליטר,false,,15.90,15.9000,true,1,1016746
4891228302009,false,שיק היידרו סילק טרימר וסכין,,,שיק היידרו סילק טרימ,יחידה,1.00,יחידה,false,,44.90,44.9000,true,1,6389566
4891228309268,false,"טאצ' אפ מעצב גבות מקצועי, 3 יחידות",שסטוביץ,CN,שיק סילק טאצ' אפ 3 י,מטרים,3.00,100 מ'ל,false,,17.90,5.9667,true,1,6341489
4891228430047,false,שיק אקזקטה 2 רגיש סכיני גילוח לגבר,אנרג'יזר Energizer,CN,שיק אקזקטה 2 רגיש סכ,יח',10.00,יח',false,,23.90,2.3900,true,1,1017531
4891228430054,false,סכיני גילוח לנשים שיק אקזקטה 2 5 יח,שיק,CN,סכיני גילוח שיק נשים,יח',5.00,יח',false,,9.90,1.9800,true,1,1283823
4891228430061,false,סכיני גילוח שיק אקזקטה 2 לנשים ורוד 10 יח',הנסיך- מפעל לייצור ט,CN,סכיני גילוח לנשים עם,יח',10.00,יח',false,,23.90,2.3900,true,1,1017532
4891228430085,false,סכיני גילוח שיק אקסטרים קומפורט לגבר 3 להבים 4 יחידות,אנרג'יזר Energizer,CN,סכין גילוח שיק אקסטר,יח',4.00,יח',false,,14.90,3.7250,true,1,1017533
4891228430092,false,סכיני גילוח שיק אקסטרים קומפורט לנשים 3 להבים 4 יחידות,אנרג'יזר Energizer,CN,סכיני גילוח לנשים שי,יח',4.00,יח',false,,14.90,3.7250,true,1,1017534
4891228460242,false,שיק קוואטרו חד פעמי לנשים 3 יחידות,אנרג'יזר Energizer,CN,סכיני גילוח חד פעמיי,יח',3.00,יח',false,,19.90,6.6333,true,1,1017541
4903001904192,false,"רוטב סויה יאמסה פרימיום 500 מ""ל",הדקלאים אגודת שיתופי,JP,רוטב סויה יאמסה 500,מיליליטרים,500.00,"100 מ""ל",false,,17.50,0.0350,true,1,1028322
4903001904208,false,רוטב סויה פרימיום יאמסה 1 ליטר,הדקלאים אגודת שיתופי,JP,רוטב סויה פרימיום יא,ליטרים,1.00,ליטר,false,,31.90,31.9000,true,1,1028323
4903001925784,false,"רוטב סויה יאמאסה פרמיום דל מלח 500 מ""ל",הדקלאים אגודת שיתופי,JP,רוטב סויה יאמאסה פרי,מיליליטרים,500.00,"100 מ""ל",false,,17.50,0.0350,true,1,1146076
4903001930993,false,"רוטב טריאקי יאמאסה 500 מ""ל",ליימן מותגים,JP,רוטב טריאקי יאמאסה,מיליליטרים,500.00,"100 מ""ל",false,,17.50,0.0350,true,1,1321507
4987176071545,false,מברשות שיניים אורל בי שישייה,,IN,מברשת שיניים אורל בי,יח',1.00,יח',false,,9.90,9.9000,true,1,6439631
5000054351900,false,פריסקיז פטה דג אוקיינוס 156 ג,נסטלה פורינה,US,פריסקיז פטה דג אוקיי,יח',1.00,יח',false,,6.90,6.9000,true,1,6398190
5000054353300,false,פריסקיז פטה סלמון 156 גר,נסטלה פורינה,US,פריסקיז פטה סלמון 15,יח',1.00,יח',false,,6.90,6.9000,true,1,6398191
5000127163195,false,דגני בוקר קלוגס ספיישל קיי 500גרם,חברת קלוגס בריטניה,GB,דגני בוקר קלוגס ספיי,גרמים,500.00,100 גרם,false,,24.90,0.0498,true,1,1017544
5000146401568,false,וולייט דפים למניעת העברת צבע 10 דפים,רקיט בנקיזר,IT,Woolite Sheets*26,יח',10.00,יח',false,,12.90,1.2900,true,1,1036187
5000157143365,false,מתבל בטעם מיונז וקטשופ היינץ 425 גרם,"פודליצקי ספ.ז.או.או,",PL,רוטב טעם מיונז וקטשו,מיליליטרים,425.00,"100 מ""ל",false,,14.90,0.0351,true,1,6201103
5000159020312,false,מלטיזרס אריזה קטנה 37 גרם,מלטיזרס Maltesers,NL,מלטיזרס חטיף 37 גרם,גרמים,37.00,100 גרם,false,,4.90,0.1324,true,1,1023732
5000159376655,false,סוכריות SKITTLES פירות קטן 38 גרם אדום,ריגלי ממתקים,CZ,סקיטלס סוכריות פירות,גרמים,38.00,100 גרם,false,,2.90,0.0763,true,1,1012296
5000159376792,false,סוכריות סקיטלס Skittles פירות חמוצים,ריגלי ממתקים,CZ,סקיטלס סוכריות חמוץ,גרמים,38.00,100 גרם,false,,2.90,0.0763,true,1,1012297
5000159409179,false,מארז חטיפי מיני סניקרס Snickers,מרס הולנד בי.וי.,NL,שקית מיני גדולה סניק,גרמים,403.00,100 גרם,false,,19.90,0.0494,true,1,1092448
5000159414197,false,שוקולד מלטיזרס 135 גרם,מרס שוקולד צ.אמריקה,NL,מלטיזרס 135 גר,גרמים,135.00,100 גרם,false,,9.90,0.0733,true,1,6374579
5000159452977,false,מיקס שקית מיניס 400 גרם מרס-באונטי-טוויק,מרס הולנד בי.וי.,NL,שקית מיני גדולה מרס,גרמים,400.00,100 גרם,false,,19.90,0.0497,true,1,1092450
5000159461122,false,חטיף שוקולד סניקרס מקס קרמל 50 ג',"נארז ע""י : א.ג. גילר",NL,חטיף סניקרס שוקולד ו,גרמים,50.00,100 גרם,false,,3.90,0.0780,true,1,1023747
5000159538640,false,באונטי מארז חטיף 57 גרם חמישייה,באונטי,NL,מאגדת באונטי חמישייה,יח',1.00,יח',false,,9.90,9.9000,true,1,6300075
5000189974579,false,מארז מיני חטיפי קיט קט Kit Kat,נסטלה גרמניה,DE,קיט קט מיני 200ג,גרמים,200.00,100 גרם,false,,9.90,0.0495,true,1,3911047
5000204048711,false,קיווי ספריי להגנת נעלי ספורט 200 מל,ג'ונסון אנד ג'ונסון,NL,קיווי להגנת נעלי ספו,מטרים,200.00,100 מ'ל,false,,15.90,0.0795,true,1,6324734
5000204114898,false,גלייד ארוסול מבשם אוויר ניחוח מרכך כביסה,"אס.סי ג'\ונסון,מידרכט, ה",NL,גלייד ארוסול בניחוח,מיליליטרים,300.00,"100 מ""ל",false,,7.90,0.0263,true,1,6123620
5000204133509,false,זיפלוק שקיות אחסון גדולות 19 יחידות,אס.סי.גונסון ובניו,US,זיפלוק שקיות אחסון ג,יח',1.00,יח',false,,12.90,12.9000,true,1,6261736
5000204153842,false,מטהר אוויר גלייד מילוי אוטומטי וניל,המאפיה של הרמן,TR,גלייד מילוי אוטומטי,מיליליטרים,269.00,"100 מ""ל",false,,13.90,0.0517,true,1,6244449
5000204153903,false,מטהר אוויר גלייד מילוי אוטומטי מרכך כביסה,"קוסטר אירוסול ואלף סאן,",TR,גלייד מילוי אוטומטי מרכך,מיליליטרים,269.00,"100 מ""ל",false,,13.90,0.0517,true,1,6244700
5000204155723,false,"גלייד מארז אוטומטי-בניחות מרכך כביסה 269 מ""ל",קוסטר אירוסול ואלף סאן,TR,גלייד מארז אוטומטי מ,מיליליטרים,269.00,"100 מ""ל",false,,39.90,0.1483,true,1,6244450
5000204156218,false,"מארז גלייד אוטומטי לבנדר וניל 269 מ""ל",יצרן אירוסול: קוסטור איר,TR,גלייד מארז אוטומטי ל,מיליליטרים,635.00,"100 מ""ל",false,,44.90,0.0707,true,1,6244452
5000204196689,false,רייד מכשיר חשמלי + 2 נוזל מילוי 90 לילות,Zobele Bulgaria,BG,רייד מכשיר חשמלי + 2,יח',2.00,יח',false,,38.90,19.4500,true,1,6292122
5000204225655,false,"מטהר אוויר גלייד מילוי אוטומטי מסיבת פטל 269 מ""ל",coster aerosol vail,TR,גלייד מילוי אוטומטי,מטרים,269.00,100 מ'ל,false,,13.90,0.0517,true,1,6331255
5000204243000,false,"נוזל לאסלה אפרסק על חלל 750 מ""ל דאק",טואלט דאק (ג'ונסון),NL,דאק נוזל אפרסק 750 מ,יח',1.00,יח',false,,8.90,8.9000,true,1,6354268
5000204243031,false,"נוזל לאסלה ירח פורח 750 מ""ל דאק",טואלט דאק (ג'ונסון),NL,דאק נוזל ירח פורח 75,יח',1.00,יח',false,,8.90,8.9000,true,1,6354269
5000204657883,false,קיווי משחת נעליים בקופסא חום 50 מל,ג' אל ראיה בוגור ג'א,ID,קיווי קופסא חום (קטן) 50מ,100 מל,50.00,100 מל,false,,5.80,0.1160,true,1,1046054
5000204657913,false,קיווי משחת נעליים בקופסא שחור 50 מל,ג' אל ראיה בוגור,ID,קיווי קופסא שחור(קטן) 50מ,100 מל,50.00,100 מל,false,,5.80,0.1160,true,1,1046055
5000204658064,false,"ספוגית הברקה קיווי אקספרס שחור 6 מ""ל",המאפיה של הרמן,HN,קיווי אקספרס ספוג הברקה ש,100 מל,6.00,100 מל,false,,13.90,2.3167,true,1,1046056
5000204658187,false,"קיווי נוזל נעליים קראון שחור 75 מ""ל",אס' סי' ג'ונסון במה,PL,קיווי קראון נוזלי מבריק ש,100 מל,75.00,100 מל,false,,14.20,0.1893,true,1,1046058
5000204660159,false,"קיווי אקספרס לנעל ספוג הברקה שקוף 6 מ""ל",המאפיה של הרמן,ID,קיווי אקספרס ספוג הברקה ש,100 מל,6.00,100 מל,false,,13.90,2.3167,true,1,1046061
5000204661392,false,"קיווי אקסטרא לארג' שחור(גדול) 100מ""ל",המאפיה של הרמן,ID,קיווי אקסטרא לארג' שחור(ג,100 מל,100.00,100 מל,false,,9.90,0.0990,true,1,1046062
5000209145514,false,"מי פה פלאקס אייס קולגייט 250 מ""ל",קולגייט- פלמוליב,BR,מי פה פלאקס אייס קול,מיליליטרים,250.00,"100 מ""ל",false,,9.90,0.0396,true,1,1017551
5000394002272,false,דורסל סימפלי שמניות AA,,,דורסל סימפלי שמניות,יח',8.00,יח',false,,17.90,2.2375,true,1,4574540
5000394002463,false,סוללות דורסל סימפלי AAA8,דורסל,BE,דורסל סימפלי שמניות,יח',8.00,יח',false,,17.90,2.2375,true,1,4574541
5000394137516,false,רביעיות סוללות אופטימום AAA דורסל,פרוקטר אנד גמבל,BE,דורסל אופטימום רביעי,יח',1.00,יח',false,,17.80,17.8000,true,1,6326553
5000396037531,false,מקוויטיס ביסקוויט מצופה שוקולד חלב 200 גרם,ברנדס סרטרה נשיונל,GB,מקוויטיס ביסקוויט מצ,גרמים,200.00,100 גרם,false,,10.90,0.0545,true,1,3426506
5000396037548,false,מקוויטיס ביסקוויט מצופה שוקולד מריר 200 גרם,ברנדס סרטרה נשיונל,GB,מקוויטיס ביסקוויט מצ,גרמים,200.00,100 גרם,false,,10.90,0.0545,true,1,3426507
5000396037944,false,מקוויטיס ביסקוייט קלאסי 250 גרם,ברנדס סרטרה נשיונל,GB,מקוויטיס ביסקוויט קל,גרמים,250.00,100 גרם,false,,9.90,0.0396,true,1,3426485
5010026515919,false,מוזלי קריספי נאטי מורנפלייק 650 גרם,מורנפלייק Mornflake,GB,מוזלי קריספי נאטי 65,גרמים,650.00,100 גרם,false,,23.90,0.0368,true,1,6291880
5010026515933,false,מוזלי קריספי פירות ואגוזים מורנפלייק 750 גרם,מורנינג פוד,GB,מוזלי קריספי פירות ו,גרמים,750.00,100 גרם,false,,23.90,0.0319,true,1,6291906
5010026515940,false,מוזלי קריספי פרוטי מורנפלייק 650 גרם,מורנפלייק Mornflake,GB,מורנפלייק מוזלי פרוט,גרמים,750.00,100 גרם,false,,23.90,0.0319,true,1,6354294
5010026519368,false,מורנפלייק שיבולת שועל בשקית 500 גר,,,מורנפלייק שיבולת שוע,גרמים,500.00,100 גרם,false,,7.90,0.0158,true,1,6265204
5010029000252,false,וויטביקס תערובת דגנים מחיטה מלאה 430 גרם,וויטביקס,GB,וויטביקס תערובת דגני,גרמים,430.00,100 גרם,false,,22.90,0.0533,true,1,3773335
5010029221084,false,דגני וויטביקס פרוטאין קראנץ' בטעם מקורי,טרופיקל דגיל תעשיות,,דגני בוקר וויטביקס פ,גרמים,450.00,100 גרם,false,,24.90,0.0553,true,1,4055210
5010038454831,false,"בקבוק בירה בלומון 330 מ""ל","מבשלת סטרופראמן בע""\מ ,",CZ,בקבוק בירה בלומון 33,מיליליטרים,355.00,"100 מ""ל",false,,12.90,0.0363,true,1,6051083
5010067322453,false,טרוביה תחליף אבקת סוכר 280 גרם,טרוביה Truvia,US,טרוביה תחליף אבקת סו,גרמים,280.00,100 גרם,false,,34.90,0.1246,true,1,6375209
5010123703585,false,"מי פה ליסטרין מנטול קריר 500 מ""ל",גונסון אנד גונסון,IT,ליסטרין קולמינט 500מ,מיליליטרים,500.00,"100 מ""ל",false,,14.90,0.0298,true,1,5049604
5010182996799,false,ג'ל אסלה מנטרל ריחות בניחוח פרחי בר ורודים,דאופלור אס.פי.אי איט,IT,דאק ג'ל אסלה פרחי בר ורוד,מטרים,55.00,100 מ'ל,false,,9.90,0.1800,true,1,1046076
5010182997338,false,דאק ג'ל לניקוי אסלות בניחוח רענן 55 מל,"איטיליאן פוד, אס.פי.",IT,ט.ד ג'ל אסלה ניחוח רענן י,100 מל,55.00,100 מל,false,,9.90,0.1800,true,1,1046079
5010182997918,false,דאק ג'ל לניקוי אסלות בניחוח ים 55 מל,"איטיליאן פוד, אס.פי.",IT,ט.ד ג'ל אסלה ניחוח ים כחו,גרמים,55.00,100 גרם,false,,9.90,0.1800,true,1,1046084
5010182998847,false,דאק נוזל לניקוי אסלות בניחוח ים 750 מל,מיוצר עי קונדיטוריית,NL,"טואלט דאק נוזל כחול 750מ""",מיליליטרים,750.00,"100 מ""ל",false,,8.90,0.0119,true,1,1046085
5010182998861,false,דאק נוזל לניקוי אסלות בניחוח רענן 750 מל,מיוצר עי קונדיטוריית,NL,"טואלט דאק נוזל ירוק 750מ""",מיליליטרים,750.00,"100 מ""ל",false,,8.90,0.0119,true,1,1046086
5010327000046,false,וויסקי גרנט'ס סקוטי,"וויליאם גראנט ובניו בע""\",GB,"גרנט'ס וויסקי 70 ס""ל",מיליליטרים,700.00,"100 מ""ל",false,,74.90,0.1070,true,1,1029208
5010677551281,false,בקרדי בריזר לימון 275 בקבוק,בקרדי בריזר Bacardi Breezer,BE,בקרדי בריזר לימון 275 בקב,מיליליטרים,275.00,"100 מ""ל",false,,12.90,0.0469,true,1,1016970
5010677552387,false,בריזר ט.אננס בקבוק 275מל,בקרדי בריזר Bacardi Breezer,BE,בקרדי בריזר אננס 275 בקבו,מיליליטרים,275.00,"100 מ""ל",false,,12.90,0.0469,true,1,1016971
5010677554398,false,בקרדי בריזר אבטיח 275 בקבוק,בקרדי בריזר Bacardi Breezer,BE,בקרדי בריזר אבטיח 275 בקב,מיליליטרים,275.00,"100 מ""ל",false,,12.90,0.0469,true,1,1016972
5011026108033,false,"וויסקי אירי טולומור דיו 700 מ""ל",פארייפאבה אגרואינדוס,IE,טולמור דיו וויסקי אי,מיליליטרים,700.00,"100 מ""ל",false,,84.90,0.1213,true,1,2228249
5011408040791,false,לוריאל - דרמו רויטליפט קלאסי לילה,"קרלסרו, גרמניה",DE,דרמו רויטליפט לילה,מטרים,50.00,100 מ'ל,false,,58.90,1.1780,true,1,6201068
5014271310428,false,מעדן דובדבנים שחורים ללא תוספת סוכר 284 גרם,סאן דלפור - שמבור,FR,מעדן בטעם דובדבנים ש,גרמים,284.00,100 גרם,false,,19.80,0.0697,true,1,1024366
5014271330426,false,מעדן אוכמניות כחולות ללא תוספת סוכר 284 גרם,סאן דלפור - שמבור,FR,מעדן אוכמניות כחולות,גרמים,284.00,100 גרם,false,,19.80,0.0697,true,1,1024367
5014271350424,false,מעדן ארבעה פירות ללא תוספת סוכר 284 גרם,סאן דלפור - שמבור,FR,מעדן בטעם ארבע פירות,גרמים,284.00,100 גרם,false,,19.80,0.0697,true,1,1024368
5014271360423,false,"מעדן תפוזים לל""ס סאן דלפור 284 גרם",סאן דלפור - שמבור,FR,"מעדן תפוזים לל""ס סאן",גרמים,284.00,100 גרם,false,,19.80,0.0697,true,1,1024369
5014271370422,false,מעדן אפרסקים ללא תוספת סוכר 284 גרם,סאן דלפור - שמבור,FR,"מעדן אפרסק לל""ס סאן",גרמים,284.00,100 גרם,false,,19.80,0.0697,true,1,1024370
5014271400426,false,"מעדן בטעם תות שדה לל""ס סאן דלפור 284 גרם",סאן דלפור - שמבור,FR,מעדן בטעם תות שדה לל,גרמים,284.00,100 גרם,false,,19.80,0.0697,true,1,1024373
5014271795980,false,מעדן חמוציות ואוכמניות ללא תוספת סוכר 284 גרם,סנדלפור St.dalfour,FR,מעדן חמוציות ואוכמני,גרמים,284.00,100 גרם,false,,19.80,0.0697,true,1,1024378
5028763007277,false,חוט דנטלי,,,חוט דנטלי,יח',1.00,יח',false,,14.90,14.9000,true,1,1198890
5028763009332,false,מברשת שיניים צעד צעד 0-2,,,מברשת שיניים צעד צעד,יח',1.00,יח',false,,14.90,14.9000,true,1,1198893
5028763009356,false,מברשת שיניים ילדים,,,מברשת שיניים ילדים,יח',1.00,יח',false,,14.90,14.9000,true,1,1198894
5050083559761,false,דגני בוקר קלוגס קוקו פופס שוקוס 500 גרם,קלוגס מניופקטורינג אספנה,ES,קלוגס קוקו פופס שוקוס 500,גרמים,500.00,100 גרם,false,,14.90,0.0298,true,1,1017565
5053827193368,false,דגני בוקר קלוגס ברנפלקס 500 גרם,קלוגס קומפני אוף גרייט ב,GB,דגני בוקר קלוגס ברנפ,גרמים,500.00,100 גרם,false,,21.90,0.0438,true,1,5142917
5053827215862,false,קלוגס קוקו פופס שוקו 500ג',קלוגס מניופקטורינג אספנה,GB,קלוגס קוקו פופס 500,גרמים,500.00,100 גרם,false,,18.90,0.0378,true,1,6201105
5060045588128,false,"וויסקי גים בים לבן 700 מ""ל","איי, בי, אינבוו",US,ג'ים בים לבן כשר,מיליליטרים,700.00,"100 מ""ל",false,,79.90,0.1141,true,1,4552289
5060139430364,false,BEAR יו יו חטיף פירות בטעם תות חמישייה,דיפלומט,GB,יו יו חטיף פירות בטע,גרמים,100.00,100 גרם,false,,19.90,0.1990,true,1,6318778
5060139430647,false,BEAR יו יו חטיף פירות בטעם פטל חמישייה,דיפלומט,GB,יו יו חטיף פירות בטע,גרמים,100.00,100 גרם,false,,19.90,0.1990,true,1,6318779
5060139431033,false,BEAR יו יו חטיף פירות בטעם מנגו חמישייה,דיפלומט,GB,יו יו חטיף פירות בטע,גרמים,100.00,100 גרם,false,,19.90,0.1990,true,1,6318780
5060250343741,false,הרשיז ראונדס קוקיס אנד קרים 96ג',הרשיז,PL,עוגיות הרשי ראונדס 9,גרמים,96.00,100 גרם,false,,9.90,0.1031,true,1,6383128
5060517886516,false,"משקה אנרגיה מונסטר אנרג'י זירו בפחית 500 מ""ל",מונסטר אנרג'י Monster Energy,RS,משקה אנרגיה זירו מונ,מיליליטרים,500.00,"100 מ""ל",false,,6.50,0.0130,true,1,6198577
5060639128051,false,"משקה אנרגיה מונסטר אולטרה בפחית 500 מ""ל",מונסטר אנרג'י לימטד,RS,משקה אנרגיה אולטרה מ,מיליליטרים,500.00,"100 מ""ל",false,,6.50,0.0130,true,1,6246467
5060639129102,false,"משקה אנרגיה מונסטר אנרג'י מנגו בפחית 500 מ""ל",מונסטר אנרג'י Monster Energy,RS,משקה אנרגיה קלאסי מו,מיליליטרים,500.00,"100 מ""ל",false,,6.50,0.0130,true,1,6280448
5060751218173,false,"משקה אנרגיה מונסטר אנרג'י piplin punch בפחית 500 מ""ל",מונסטר אנרג'י לימטד,RS,משקה אנרגיה קלאסי מו,מיליליטרים,500.00,"100 מ""ל",false,,6.50,0.0130,true,1,6377924
5060751219033,false,"משקה אנרגיה מונסטר אנרג'י זירו paradise בפחית 500 מ""ל",מונסטר אנרג'י לימטד,RS,משקה אנרגיה קלאסי מו,מיליליטרים,500.00,"100 מ""ל",false,,6.50,0.0130,true,1,6377925
5099864006377,false,תחליף חלב מהדרין שלב 1 סימילאק אדוונס 90,אבוט מעבדות רפואיות,ES,SIMILAC LAMEHADRIN - 1 90,גרמים,900.00,100 גרם,false,,69.80,0.0776,true,1,1026707
5099864006384,false,תחליף חלב למהדרין שלב 2 סימילאק 900 גרם,אבוט מעבדות רפואיות,ES,SIMILAC LAMEHADRIN - 2 90,גרמים,900.00,100 גרם,false,,69.80,0.0776,true,1,1026708
5099864006391,false,תחליף חלב למהדרין שלב 3 סימילאק 900 גרם,אבוט מעבדות רפואיות,ES,SIMILAC LAMEHADRIN - 3 90,גרמים,900.00,100 גרם,false,,69.80,0.0776,true,1,1026709
5200133120476,false,גלילות וופלים ממולאים קרם אגוזים וקקאו 400 ג',יוניליוור גרמניה Gm,GR,גליליות וופלים גולדן,גרמים,400.00,100 גרם,false,,17.90,0.0447,true,1,4438237
5201004020338,false,קפריס וופל רול ממולא קרם אגוזי לוז 400 ג',א.ג פאפאגופולוס,GR,קפריס רול קלאסי 400,גרמים,400.00,100 גרם,false,,19.70,0.0492,true,1,1952221
5201015011981,false,אוזו דקה מספר 10 700,,,אוזו דקה מס 10 700מל,מטרים,700.00,100 מ'ל,false,,79.90,0.1141,true,1,6357302
5201178801054,false,"קרם רב שימושי ניוואה 250 מ""ל",טרופיקל דגיל תעשיות,DE,קרם רב שימושי ניוואה,מיליליטרים,250.00,"100 מ""ל",false,,19.90,0.0796,true,1,1025296
5201340003385,false,TRATA טונה מעושנת שמן סויה 160 גרם,נורט אגיאוסי קנריס,GR,טונה מעושנת עם שמן ס,גרמים,160.00,100 גרם,false,,14.90,0.0931,true,1,6335397
5201340026704,false,TRATA טונה מעושנת פיקנטי 160 גרם,נורט אגיאוסי קנריס,GR,טונה מעושנת פיקנטי 1,גרמים,160.00,100 גרם,false,,14.90,0.0931,true,1,6335399
5201347160326,false,גל לשמירה על חיי מכונת הכביסה קלגון 750מ,רקיט בנקיזר,IT,קלגון ג'ל למניעת אבנ,מיליליטרים,750.00,"100 מ""ל",false,,29.90,0.0399,true,1,3454496
5201347400545,false,רצועות שעווה מוכנות לשימוש לפנים ולאזורים רגישים,רקיט בנקיזר צרפת,FR,Veet Blossom face Missoni,יח',20.00,יח',false,,19.90,0.9950,true,1,1036224
5201940010011,false,זיתים שחורים טבעיים בפח ויליפוד 454 גרם,סיוארס אס.איי,GR,זיתים שחורים וילי פו,גרמים,250.00,100 גרם,false,,14.30,0.0572,true,1,1026834
5201940010110,false,זיתים שחורים קלמטה וילי פוד 250 גרם,סיוארס אס.איי,GR,זיתים שחורים קלמטה ו,גרמים,250.00,100 גרם,false,,14.90,0.0596,true,1,1026835
5202287008020,false,צלחות חד פעמיות גדולות,לפיד,,צלחות חד פעמיות גדול,יח',50.00,יח',false,,11.90,0.2380,true,1,1034583
5202390015618,false,גבינה צהובה טבעונית אורגינל ויאו לייף 200 ג',אריביה אס.אי. 57022,GR,צהובה טבעוני אורגינא,גרמים,200.00,100 גרם,false,,21.90,0.1095,true,1,3700899
5202390015885,false,ויולייפ צד'ר פרוסות 200 גר 200 גר,ביוט איילנד פודס בעמ,GR,ויולייפ צד'ר פרוסות,גרמים,200.00,100 גרם,false,,21.90,0.1095,true,1,6386992
5202390016325,false,גבינה צהובה טבעונית בטעם מעושן ויאו לייף 200ג',"אריביה אס.אי., יוון",GR,צהובה טבעונית טעם מע,גרמים,200.00,100 גרם,false,,21.90,0.1095,true,1,3700906
5202390019319,false,ויולייף מוצרלה טבעונית מגורדת 200 גרם,קראפט,,מוצרלה טבעונית מגורד,גרמים,100.00,100 גרם,false,,21.90,0.2190,true,1,4520412
5202390021121,false,קרמי אוריגינל טבעוני ויולייף 150 גר,ביוט איילנד פודס בעמ,GR,קרמי אורגינל טבעוני,גרמים,150.00,100 גרם,false,,18.80,0.1253,true,1,5288727
5292982024463,false,הכדור הרשמי – MONDIAL,,,הכדור הרשמי – MONDIA,יח',1.00,יח',false,,39.90,39.9000,true,1,6445236
5292982024821,false,הכדור הרשמי – MONDIAL,,,הכדור הרשמי – MONDIA,יח',1.00,יח',false,,39.90,39.9000,true,1,6445237
5292982028652,false,הכדור הרשמי – MONDIAL,,,הכדור הרשמי – MONDIA,יח',1.00,יח',false,,39.90,39.9000,true,1,6445239
5391523057929,false,סימילאק גולד שלב 1 תרכובת מזון על בסיס חלב,אבוט מעבדות רפואיות,IE,סימילאק גולד שלב 1 7,גרמים,700.00,100 גרם,false,,69.80,0.0997,true,1,4493767
5391523057936,false,סימילאק גולד שלב 2 תרכובת מזון על בסיס חלב,אבוט מעבדות רפואיות,IE,סימילאק גולד שלב 2 7,גרמים,700.00,100 גרם,false,,69.80,0.0997,true,1,4493768
5391523057943,false,סימילאק גולד שלב 3 תרכובת מזון על בסיס חלב,אבוט מעבדות רפואיות,IE,סימילאק גולד שלב 3 7,גרמים,700.00,100 גרם,false,,69.80,0.0997,true,1,4493769
5391523058063,false,סימילאק אדבנס פלוס 1 תרכובת מזון על בסיס חלב,טרופיקל דגיל תעשיות,IE,סימילאק אדוונס פלוס,גרמים,700.00,100 גרם,false,,64.80,0.0926,true,1,4793644
5391523058070,false,סימילאק אדבנס פלוס 3 תרכובת מזון על בסיס חלב,טרופיקל דגיל תעשיות,IE,סימילאק אדוונס פלוס,גרמים,700.00,100 גרם,false,,64.80,0.0926,true,1,4793645
5391523058087,false,סימילאק אדבנס פלוס 2 תרכובת מזון על בסיס חלב,טרופיקל דגיל תעשיות,IE,סימילאק אדוונס פלוס,גרמים,700.00,100 גרם,false,,64.80,0.0926,true,1,4793646
5410091677992,false,"סאיוס - ספריי לשיער לייצוב מקסימלי 400 מ""ל",שוורצקופף והנקל,DE,סאיוס ספריי מקס הולד,מיליליטרים,400.00,"100 מ""ל",false,,24.90,0.0622,true,1,1016380
5410103161518,false,קרם יום עם פעולה משולשת לעור רגיל ומעורב,"לוריאל ישראל בע""מ",DE,דרמו פעולה משולשת רג,מטרים,50.00,100 מ'ל,false,,44.90,0.8980,true,1,1011670
5410126006087,false,עוגיות לוטוס ארוזות בתפזורת 700 גרם,לוטוס ביקרי נ.וי.,BE,עוגיות לוטוס 700 גרם,גרמים,700.00,100 גרם,false,,19.90,0.0284,true,1,1055465
5410126006360,false,לוטוס עוגיות סנדוויץ' במילוי לוטוס 150 גר',לוטוס ביקרי בלגיה נ.,BE,לוטוס עוגיות סנדויץ,גרמים,150.00,100 גרם,false,,8.90,0.0593,true,1,6327157
5410126006377,false,לוטוס עוגיות סנדוויץ במילוי וניל 150 גרם,לוטוס ביקרי בלגיה נ.,BE,לוטוס עוגיות סנדויץ,גרמים,150.00,100 גרם,false,,8.90,0.0593,true,1,6327158
5410126106183,false,עוגיות לוטוס 50 יחידות ארוזות בנפרד 312 גרם,כלורוקס אוקלנד,BE,"ביסקויט קרמל 312 גרם בד""צ",גרמים,312.00,100 גרם,false,,16.80,0.0538,true,1,1027712
5410126116953,false,ממרח ביסקוויט קרמל לוטוס 400 גרם,לוטוס בייקרי בלגיה נ,BE,ממרח עוגיות לוטוס קרמל,גרמים,400.00,100 גרם,false,,19.90,0.0497,true,1,1027714
5410126716016,false,"עוגיות לוטוס ביסקויט קרמל בד""צ 250 גרם",לוטוס ביקרי בלגיה,BE,ביסקויט בטעם קרמל לוטוס 2,גרמים,250.00,100 גרם,false,,10.90,0.0436,true,1,1027715
5410126726947,false,ממרח ביסקוויט קרמל קראנץ' לוטוס 380 גרם,לוטוס בייקרי בלגיה נ,BE,ממרח עוגיות לוטוס קראנץ',גרמים,380.00,100 גרם,false,,19.90,0.0524,true,1,1112869
5410173210055,false,רומבוטס קפה קלוי וטחון לפילטר 10 יח' 70 גרם,קופי רומבוטס,BE,רומבוסט קפה טחון וקל,גרמים,70.00,100 גרם,false,,14.90,0.2129,true,1,1028329
5410228267515,false,"שישיית בירה לאגר באדוויזר 6*330 מ""ל",באדווייזר Budweiser,GB,בירה בדוויזר שישייה,יח',1.00,יח',false,,29.90,29.9000,true,1,5941154
5410291021991,false,צוקטה ממרח אגוזי לוז וקקאו 700 גר,צ'וקטה Chocketa,BE,צוקטה ממרח אגוזי לוז,גרמים,700.00,100 גרם,false,,19.80,0.0283,true,1,1723519
5410291022011,false,ממרח אגוזי לוז עם קקאוי 350 ג' צ'וקטה,צ'וקטה Chocketa,BE,צוקטה ממרח אגוזי לוז,גרמים,350.00,100 גרם,false,,11.80,0.0337,true,1,1723520
5410291022738,false,צ'וקטה ממרח חלב ואגוזי לוז עם קקאוי 350ג',צ'וקטה Chocketa,BE,ממרח אגוזים צוקטה 35,גרמים,350.00,100 גרם,false,,11.80,0.0337,true,1,2462958
5410291022776,false,ממרח אגוזי לוז צ'וקטה 700 גרם פרווה,צ'וקטה Chocketa,BE,צוקטה ממרח אגוזי לוז,גרמים,700.00,100 גרם,false,,19.80,0.0283,true,1,2406064
5410316983693,false,"סמירנוף אייס בקבוק 275 מ""ל",סמירנוף אייס Smirnoff ice,IT,"אייס סמירנוף 275 מ""ל",מיליליטרים,275.00,"100 מ""ל",false,,11.70,0.0425,true,1,1013044
5410769100081,false,"בירה לה שוף קטן 330 מ""ל בקבוק","איי, בי, אינבוו",BE,בירה לה שוף קטן 330,מיליליטרים,330.00,"100 מ""ל",false,,13.90,0.0421,true,1,3680870
5410769200088,false,"בירה מק שוף קטן 330 מ""ל בקבוק",פארייפאבה אגרואינדוס,BE,בירה מק שוף קטן 330,מיליליטרים,330.00,"100 מ""ל",false,,13.90,0.0421,true,1,3680871
5410769800097,false,"בירה לה צרי שוף 8% 330 מ""ל בקבוק",פארייפאבה אגרואינדוס,BE,בירה צ'רי שוף 8% 330,מיליליטרים,330.00,"100 מ""ל",false,,13.90,0.0421,true,1,3680872
5411081000677,false,בירה קסטיל טריפל בקבוק 330מל,מבשלת קסטל ואן הונסברוק,BE,בירה קסטיל טריפל בקב,מטרים,330.00,100 מ'ל,false,,11.90,0.0361,true,1,6440171
5411081003654,false,"קסטיל בירה רוז 330 מ""ל",מבשלת קסטל ואן הונסב,BE,קסטיל בירה רוז 330 מ,מטרים,330.00,100 מ'ל,false,,11.90,0.0361,true,1,6440172
5411081008192,false,בירה קסטיל רוז' פחית 330 מל,מבשלת קסטל ואן הונסב,BE,בירה קסטיל רוז' פחית,מטרים,330.00,100 מ'ל,false,,11.90,0.0361,true,1,6440173
5411188080268,false,"אלפרו סויה אורגני 1 ל מפוקח ע""י סקאל",הנסיך- מפעל לייצור ט,BE,אלפרו משקה סויה אורג,ליטרים,1.00,ליטר,false,,12.90,12.9000,true,1,1025808
5411188081852,false,אלפרו משקה סויה בטעם וניל 1 ל',הנסיך- מפעל לייצור ט,BE,אלפרו משקה סויה וניל,ליטרים,1.00,ליטר,false,,11.90,11.9000,true,1,1106197
5411188094159,false,רביעיית מעדן סויה שוקו מריר אלפרו 125 גרם,הנסיך- מפעל לייצור ט,BE,אלפרו מעדן סויה בטעם,מיליליטרים,500.00,"100 מ""ל",false,,15.90,0.0318,true,1,1017568
5411188106159,false,אלפרו סויה לייט מופחת שומן 1.2% 1 ליטר,הנסיך- מפעל לייצור ט,BE,משקה סויה לייט אלפרו,ליטרים,1.00,ליטר,false,,11.90,11.9000,true,1,1106198
5411188112549,false,משקה קוקוס אלפרו 1 ליטר משקה אורז 1 ליטר,הנסיך- מפעל לייצור ט,BE,אלפרו משקה אורז 1 לי,ליטרים,1.00,ליטר,false,,12.90,12.9000,true,1,1105736
5411188115366,false,משקה קוקוס אלפרו 1 ליטר משקה שיבולת שועל 1 ליטר,הנסיך- מפעל לייצור ט,BE,אלפרו משקה שיבולת שו,ליטרים,1.00,ליטר,false,,12.90,12.9000,true,1,1105681
5411188118732,false,משקה אלפרו קוקוס ושקדים 1 ליטר,הנסיך- מפעל לייצור ט,BE,אלפרו משקה קוקוס שקד,ליטרים,1.00,ליטר,false,,13.90,13.9000,true,1,1301447
5411188120742,false,משקה קוקוס אלפרו 1 ליטר שקדים וניל 1 ל',הנסיך- מפעל לייצור ט,BE,אלפרו משקה שקדים בטע,ליטרים,1.00,ליטר,false,,12.90,12.9000,true,1,1301448
5411188121923,false,"משקה סויה מועשר סידן אלפרו 3*250 מ""ל",הנסיך- מפעל לייצור ט,BE,משקה סויה מועשר סידן,מיליליטרים,750.00,"100 מ""ל",false,,14.80,0.0197,true,1,4059659
5411188121978,false,"משקה סויה בטעם שוקולד 3 * 250 מ""ל אלפרו",אלפרו סי.וי. איי,BE,משקה סויה מועשר סידן,מיליליטרים,750.00,"100 מ""ל",false,,14.90,0.0199,true,1,3887667
5411188122586,false,"משקה שקדים אלפרו 250 מ""ל",הנסיך- מפעל לייצור ט,BE,אלפרו משקה שקדים 250,מיליליטרים,250.00,"100 מ""ל",false,,6.50,0.0260,true,1,2855823
5411188124689,false,משקה אלפרו שיבולת שועל ללא סוכר 1 ליטר,אלפרו C.V.A,BE,אלפרו משקה שיבולת שו,ליטרים,1.00,ליטר,false,,12.90,12.9000,true,1,6260053
5411188124726,false,אלפרו משקה שיבולת שועל שקדים 1 ליטר,הדקלאים אגודת שיתופי,BE,אלפרו משקה שיבולת שו,ליטרים,1.00,ליטר,false,,12.90,12.9000,true,1,3788892
5411188129899,false,משקה אלפרו בריסטה שקדים 1 ליטר,הנסיך- מפעל לייצור ט,BE,אלפרו בריסטה שקדים 1,ליטרים,1.00,ליטר,false,,10.90,10.9000,true,1,6249844
5411188134985,false,משקה NOT MILK שיבולת שועל 3.5% אלפרו 1 ליטר,הנסיך- מפעל לייצור ט,BE,אלפרו 3.5% שיבולת שו,גרמים,1000.00,100 גרם,false,,13.90,0.0139,true,1,6312865
5411188135005,false,משקה NOT MILK שיבולת שועל 1.8% אלפרו 1 ליטר,הנסיך- מפעל לייצור ט,BE,אלפרו 1.8% שיבולת שו,גרמים,1000.00,100 גרם,false,,13.90,0.0139,true,1,6312866
5411188300328,false,אלפרו סויה שוקו 1 ליטר * 8 יחי,הנסיך- מפעל לייצור ט,BE,אלפרו משקה סויה שוקו,ליטרים,1.00,ליטר,false,,11.90,11.9000,true,1,1017578
5411188543398,false,משקה סויה ללא סוכר אלפרו 1 ליטר,הנסיך- מפעל לייצור ט,BE,אלפרו חלב סויה ללא ס,יח',1.00,יח',false,,11.90,11.9000,true,1,6249845
5411681014005,false,בירה דובל 330 מל פקד,פארייפאבה אגרואינדוס,BE,דובל בירה 8.5% 330 מ,מיליליטרים,330.00,"100 מ""ל",false,,12.90,0.0391,true,1,1316739
5411681038001,false,"מרדסו מעורפלת מאוד330מ""ל","איי, בי, אינבוו",BE,מרדסו בירה חזקה 10%,מיליליטרים,330.00,"100 מ""ל",false,,12.90,0.0391,true,1,1316740
5412533001617,false,נוזל לניקוי כלים אלוורה ולימון 1 ליטר,אקובר,BE,נוזל ניקוי לכלי אלוו,ליטרים,1.00,ליטר,false,,15.90,15.9000,true,1,1025815
5412533419665,false,"מרכך כביסה תפוח ושקדים 750 מ""ל",,BE,מרכך כביסה 750 מל,מיליליטרים,750.00,"100 מ""ל",false,,15.90,0.0212,true,1,6239304
5412865030668,false,דקיקי שוקולד במילוי מנטה פשקז 200 גרם,,IL,דקיקי מנטה 200 גרם,גרמים,200.00,100 גרם,false,,15.80,0.0790,true,1,3286319
5413548280189,false,קינדר שוקו בון 1 יחידות 125 גרם,פררו - אלבה,BE,קינדר שוקובון 125 גר,גרמים,125.00,100 גרם,false,,11.90,0.0952,true,1,1028335
5566774568894,false,מכסה פלא אוניברסלי,,,מכסה פלא אוניברסלי,יח',1.00,יח',false,,29.90,29.9000,true,1,3375913
5566774568900,false,מכסה פלא אוניברסלי,,,מכסה פלא אוניברסלי,יח',1.00,יח',false,,39.90,39.9000,true,1,3375914
5566774569099,false,כותש שום אגרונומי,,,כותש שום אגרונומי,יח',1.00,יח',false,,19.90,19.9000,true,1,4464804
5566774569129,false,מברשת סיליקון איכותית,,,מברשת סיליקון איכותי,יח',1.00,יח',false,,9.90,9.9000,true,1,4464807
5566774569150,false,מצקת אגרונומית משובחת,,,מצקת אגרונומית משובח,יח',1.00,יח',false,,19.90,19.9000,true,1,4464810
5566774569198,false,קולפן פטנט 3 מצבים,,,קולפן פטנט 3 מצבים,יח',1.00,יח',false,,19.90,19.9000,true,1,4464814
5566774570385,false,מסננת איכותית 7.5 איכותית,,,מסננת איכותית 7.5 אי,יח',1.00,יח',false,,12.90,12.9000,true,1,6138308
5566774570477,false,שטיח כניסה קוקוס פנמ,,,שטיח כניסה קוקוס פנמ,יח',1.00,יח',false,,9.90,9.9000,true,1,6121617
5566774570675,false,מיני ווק,,,מיני ווק,יח',1.00,יח',false,,28.90,28.9000,true,1,6202781
5566774570682,false,מחבת לפנקייק משובחת,,,מחבת לפנקייק +מקל,יח',1.00,יח',false,,39.90,39.9000,true,1,6202801
5566774570781,false,רבעיית מברשות שיניים סיבי פחם רמי לוי,,,רבעיית מברשות שיניים,יח',1.00,יח',false,,9.90,9.9000,true,1,6248348
5566774570798,false,רבעיית מברשות שיניים סיבי זהב ופחם רמי לוי,,,רבעיית מברשות שיניים,יח',1.00,יח',false,,9.90,9.9000,true,1,6248349
5566774570804,false,רבעיית מברשות שיניים ניקוי מלא ועמוק שקוף רמי לוי,,,רבעיית מברשות שיניים,יח',1.00,יח',false,,9.90,9.9000,true,1,6248350
5566774570828,false,זוג מברשות שיניים סיבי זהב ופחם רמי לוי,,,זוג מברשות שיניים סי,יח',1.00,יח',false,,9.90,9.9000,true,1,6248352
5566774570842,false,ספוג רחצה עדין רמילוי,,,ספוג רחצה עדין רמילו,יח',1.00,יח',false,,4.90,4.9000,true,1,6235181
5566774570859,false,רצועת רחצה עדינה רמילוי,,,רצועת רחצה עדינה רמי,יח',1.00,יח',false,,7.90,7.9000,true,1,6235182
5566774570866,false,ספוג רחצה פירות רמילוי,,,ספוג רחצה פירות רמיל,יח',1.00,יח',false,,4.90,4.9000,true,1,6235183
5566774570880,false,מברשת רחצה רמילוי,,,מברשת רחצה רמילוי,יח',1.00,יח',false,,14.90,14.9000,true,1,6235185
5566774570897,false,ליפה רמילוי,,,ליפה רמילוי,יח',1.00,יח',false,,8.90,8.9000,true,1,6235186
5566774570903,false,כדורי ספוג עדינים שלישייה רמילוי,,,כדורי ספוג עדינים של,יח',1.00,יח',false,,8.90,8.9000,true,1,6235187
5566774570910,false,ספוג רחצה דו צדדי זוג רמילוי,,,ספוג רחצה דו צדדי זו,יח',1.00,יח',false,,8.90,8.9000,true,1,6235188
5566774571641,false,מגרדת מיני איכותית,,,מגרדת מיני איכותית,יח',1.00,יח',false,,9.90,9.9000,true,1,6239293
5566774572228,false,קוצץ ירקות משובח פרימיום,,,קוצץ ירקות משובח פרי,יח',1.00,יח',false,,39.90,39.9000,true,1,6263084
5566774572457,false,יעה מוט מתקפל איטלקי,,,יעה מוט מתקפל איטלקי,יח',1.00,יח',false,,14.90,14.9000,true,1,6267439
5566774572488,false,זוג מברשות שיניים רמי לוי,,,זוג מברשות שיניים רמ,יח',1.00,יח',false,,9.90,9.9000,true,1,6271012
5566774572570,false,נורת לד 60A E27 10W,,,נורת לד 60A E27 10W,יח',1.00,יח',false,,8.90,8.9000,true,1,6331895
5566774572594,false,נורת לד 60A E27 12W,,,נורת לד 60A E27 12W,יח',1.00,יח',false,,9.90,9.9000,true,1,6331897
5566774572617,false,נורת לד 60A E27 15W,,,נורת לד 60A E27 15W,יח',1.00,יח',false,,11.90,11.9000,true,1,6331899
5566774572624,false,נורת לד 60A E27 15W,,,נורת לד 60A E27 15W,יח',1.00,יח',false,,11.90,11.9000,true,1,6331900
5566774572631,false,שלישייה 60A E27 12W,,,שלישייה 60A E27 12W,יח',1.00,יח',false,,19.90,19.9000,true,1,6331901
5566774573430,false,סט מברשות דנטליות,,,סט מברשות דנטליות,יח',1.00,יח',false,,7.90,7.9000,true,1,6307855
5566774573454,false,משטח חיתוך במבוק מעוצב,,,משטח חיתוך במבוק מעו,יח',1.00,יח',false,,19.90,19.9000,true,1,6292352
5566774573737,false,רב שקע 4+מפסק+כבל עד,,,רב שקע 4+מפסק+כבל עד,יח',1.00,יח',false,,29.90,29.9000,true,1,6321488
5566774573744,false,רב שקע 5+מפסק+כבל עד 1מ,,,רב שקע 5+מפסק+כבל עד,יח',1.00,יח',false,,34.90,34.9000,true,1,6321489
5566774573782,false,מפצל חשמל 1ל 2 בליסטר,,,מפצל חשמל 1ל 2 בליסט,יח',1.00,יח',false,,7.90,7.9000,true,1,6321493
5566774573966,false,סיר סיליקון למיקרוגל,,,סיר סיליקון למיקרוגל,יח',1.00,יח',false,,39.90,39.9000,true,1,6321166
5566774574093,false,חנוכיה פרימיום מגן דוד,,,חנוכיה פרימיום מגן ד,יח',1.00,יח',false,,149.90,149.9000,true,1,6334513
5600395034076,false,טונה בהירה בשמן זית אורגני 110 גרם,קופיסה אס.איי,PT,טונה בהירה בשמן זית,גרמים,110.00,100 גרם,false,,8.90,0.0809,true,1,6299882
5601008200444,false,עוגיות גודיס טבעות מצופות שוקולד חלב מרבה 150 גרם,הנסיך- מפעל לייצור ט,PT,עוגיות גודיס טבעות מ,גרמים,150.00,100 גרם,false,,5.80,0.0387,true,1,1027719
5601008200451,false,עוגיות גודיס טבעות מצופות שוקולד מריר מרבה 150 גרם,מרבה Merba,PT,עוגיות גודיס טבעות מ,גרמים,150.00,100 גרם,false,,5.80,0.0387,true,1,1027720
5601008200468,false,עוגיות גודיס טבעות מצופות שוקולד לבו מרבה 150 גרם,קריניציה ויטמינה אס,PT,עוגיות גודיס טבעות מ,גרמים,150.00,100 גרם,false,,5.80,0.0387,true,1,1027721
5601036205534,false,צבע לשיער אקסלנס קרם - 1 שחור,לוריאל Loreal,BE,אקסלנס קרם 1 שחור,יח',1.00,יח',false,,34.90,34.9000,true,1,1011676
5601036205558,false,צבע לשיער אקסלנס קרם - 4 חום כהה,לוריאל Loreal,BE,אקסלנס קרם 4 חום כהה,יח',1.00,יח',false,,34.90,34.9000,true,1,1011678
5601036205589,false,צבע לשיער אקסלנס קרם - 5 חום טבעי,לוריאל Loreal,BE,אקסלנס קרם 5 חום טבע,יח',1.00,יח',false,,34.90,34.9000,true,1,1011681
5601036205596,false,צבע לשיער אקסלנס קרם - 5.3 חום זהוב,לוריאל ישראל קוסמטיקס בע,BE,אקסלנס קרם 5.3 חום ז,יח',1.00,יח',false,,34.90,34.9000,true,1,1011682
5601036205657,false,צבע לשיער אקסלנס קרם - 7 בלונד,לוריאל Loreal,BE,אקסלנס קרם 7 בלונד,יח',1.00,יח',false,,34.90,34.9000,true,1,1011686
5601036205671,false,לוריאל - אקסלנס קרם 7.3 בלונד זהוב,ליברמו,BE,אקסלנס קרם 7.3 בלונד,יח',1.00,יח',false,,34.90,34.9000,true,1,1011688
5601055005375,false,פינטרולס - עדשי שוקולד בגליל שלישיה 22 גרם,פינטרולס,PT,פינטרולס עדשי שוקול,יח',1.00,יח',false,,7.90,7.9000,true,1,6256815
5701932026964,false,"הוטפופ גרעיני תירס להכנת פופקורן במיקרוגל בטעם טבעי, בתוספת מלח, 600 גרם",ליימן מותגים,US,פופקורן למיקרוגל בתו,גרמים,600.00,100 גרם,false,,14.80,0.0247,true,1,1028336
5701932026971,false,הוטפופ גרעיני תירס להכנת פופקורן במיקרוגל בטעם חמאה 600 גרם,ליימן מותגים,US,פופקורן למיקרוגל בטע,גרמים,600.00,100 גרם,false,,14.80,0.0247,true,1,1028337
5701932026995,false,"הוטפופ גרעיני תירס להכנת פופקורן במיקרוגל בטעם טבעי מופחת שומן, 510 גרם",קריניציה ויטמינה אס,US,פופקורן למיקרוגל ליי,גרמים,510.00,100 גרם,false,,14.80,0.0290,true,1,1028338
5711953106583,false,גבינת שמנת בטעם טבעי 200 ג' ארלה,ארלה פודס אמבה,DK,ארלה גבינת שמנת טבעי,גרמים,200.00,100 גרם,false,,13.80,0.0690,true,1,5930478
5711953106606,false,גבינת שמנת עם תבלינים ועשבי תיבול 23.5%,ארלה פודס אמבה,DK,ארלה גבינת שמנת עשבי,גרמים,200.00,100 גרם,false,,13.80,0.0690,true,1,5930480
5740900403215,false,ממרח מחמאת לורפק עם מלח 250 ג',ארלה פודס אמבה,DK,ממרח לורפק עם מלח 25,גרמים,250.00,100 גרם,false,,16.90,0.0676,true,1,5060356
5740900403222,false,ממרח לורפק חמאה עם מלח מופחת שומן 250 ג,ארלה פודס אמבה,DK,ממרח לורפק 250 גר,גרמים,250.00,100 גרם,false,,16.90,0.0676,true,1,5060357
5740900403239,false,ממרח לורפק ללא תוספת מלח 250 גר,ארלה פודס אמבה,DK,ממרח לורפק ללא תוספת,גרמים,250.00,100 גרם,false,,16.90,0.0676,true,1,5060358
5740900403246,false,ממרח לורפק ללא תוספת מלח 500 גר,ארלה פודס אמבה,DK,ממרח לורפק ללא תוספת,גרמים,500.00,100 גרם,false,,27.90,0.0558,true,1,5060359
5740900403253,false,ממרח מחמאת לורפק עם מלח 500 ג',ארלה פודס אמבה,DK,ממרח לורפק עם מלח 50,גרמים,500.00,100 גרם,false,,27.90,0.0558,true,1,5060360
5740900403260,false,ממרח מחמאת לורפק ללא מלח 27% פחות שומן,ארלה פודס אמבה,DK,ממרח לורפק ללא תוספת,גרמים,250.00,100 גרם,false,,16.90,0.0676,true,1,5060361
5900020012814,false,דגנים תפוחים בטעם שוקולד נסקוויק נסטלה 500 גרם,מיוצר עי קונדיטוריית,PL,דגנים תפוחים בטעם שו,גרמים,500.00,100 גרם,false,,25.60,0.0512,true,1,1019791
5900020015174,false,פיטנס חטיפי אנרגיה דגנים בטעם שוקולד נסטלה 6*23.5 גרם,מיוצר עי קונדיטוריית,PL,פיטנס חטיפי אנרגיה ד,גרמים,141.00,100 גרם,false,,14.90,0.1057,true,1,1019792
5900020018908,false,פיטנס חטיפי אנרגיה דגנים בטעם קרם עוגיות נסטלה 6*23.5 גרם,מיוצר עי קונדיטוריית,PL,פיטנס חטיפי אנרגיה ד,גרמים,141.00,100 גרם,false,,14.90,0.1057,true,1,1019801
5900020024770,false,פיטנס - דליס חטיף דגנים שוקולד אגוז 22.50 גרם * 6,נסטלה פולין ברים,PL,פיטנס בר דליס שוקלד,גרמים,135.00,100 גרם,false,,14.90,0.1104,true,1,1236685
5900020024817,false,פיטנס דליס Fitness Delice חטיף דגנים עם שוקולד לבן,נסטלה פולין ברים,PL,פיטנס בר דליס שוקולד,גרמים,135.00,100 גרם,false,,14.90,0.1104,true,1,1218139
5900020025647,false,חטיף דגנים פיטנס שוקולד חלב 135 גרם מארז 6 יחידות,מיוצר עי קונדיטוריית,PL,פיטנס בר דליס שוקולד,גרמים,135.00,100 גרם,false,,15.80,0.1170,true,1,1218141
5900020026552,false,דגני בוקר האני נאט צ'יריוס בטעם דבש ושקדים,נסטלה צרפת איטנקורט,FR,האני נאט ציריוס 625,גרמים,625.00,100 גרם,false,,23.90,0.0382,true,1,1610773
5900020029669,false,פיטנס - חטיף דגנים פירות יער 23.50 גרם * 6,נסטלה פולין דגני בוק,PL,מארז חטיף פיטנס מארו,גרמים,141.00,100 גרם,false,,14.90,0.1057,true,1,3434951
5900020034021,false,חטיף דגנים פיטנס שוקולד בננה 141 גרם,מיוצר עי קונדיטוריית,PL,חטיף דגנים פיטנס שוק,גרמים,141.00,100 גרם,false,,14.90,0.1057,true,1,5568933
5900020034991,false,דגני בוקר צדפים בטעם שוקולד 450 ג' קראנץ',סי. פי. פולין,PL,קראנץ צדפים טעם שוקו,גרמים,450.00,100 גרם,false,,21.90,0.0487,true,1,6111048
5900020036407,false,ליון דגני בוקר שוקולד וקרמל נסטלה 480 גרם,נסטלה פולין דגני בוק,PL,ליון דגני בוקר שוקול,גרמים,480.00,100 גרם,false,,23.90,0.0498,true,1,6200855
5900020037916,false,דגני בוקר שיבולת שועל צ'ריוס 375ג',ג'נרל מילס סאן אדריא,PL,צריוס שיבולת שועל,גרמים,340.00,100 גרם,false,,14.90,0.0438,true,1,6283331
5900020039590,false,פיטנס חטיף דגנים קלאסי פרווה 8 6*23.5 ג,נסטלה פולין דגני בוק,PL,פיטנס חטיף דגנים קלא,גרמים,141.00,100 גרם,false,,14.90,0.1057,true,1,6331977
5900020039620,false,פיטנס חטיף דגנים שקדים ודבש פרווה 8 6*23 ג,נסטלה פולין ברים,PL,פיטנס חטיף דגנים שקד,גרמים,141.00,100 גרם,false,,14.90,0.1057,true,1,6331978
5900020041371,false,פיטנס חטיף שוקולד מריר ושקדים 23.50 גרם,נסטלה פולין ברים,PL,פיטנס מארז חטיף שוקו,גרמים,141.00,100 גרם,false,,14.90,0.1057,true,1,6413335
5900352000770,false,שוקולד חלב ממולא ג'לי דובדבן Mella,יעד ממתקים,,גלרטקה דובדבן מצופה,גרמים,190.00,100 גרם,false,,7.90,0.0416,true,1,1030517
5900352001821,false,שוקולד חלב ממולא ג'לי לימון Mella,יעד ממתקים,,גלרטקה שוקולד לימון,גרמים,190.00,100 גרם,false,,7.90,0.0416,true,1,1030519
5900352002576,false,שוקולד חלב ממולא ג'לי אוכמניות Mella,יעד ממתקים,,גלרטקה אוכמניות 190,גרמים,190.00,100 גרם,false,,7.90,0.0416,true,1,1030520
5900627063233,false,טבליות למדיח הכל ב-1 פיניש מקס 50 יחידות,רקיט בנקיזר,PL,"FINSH,IL,AIO48tabs-Morgan",יח',50.00,יח',false,,34.90,0.6980,true,1,1749774
5900627066715,false,טבליות למדיח פיניש הכל ב-1 100 יח,רקיט בנקיזר,PL,פיניש 100 טבליות,100 יח',100.00,100 יח',false,,58.90,0.5890,true,1,2506032
5900951283963,false,חטיף סניקרס עם חמאת בוטנים Creamy Peanut Butter,סנו מפעלי ברונוס.,PL,חטיף סניקרס קרימי חמ,יח',1.00,יח',false,,3.90,3.9000,true,1,6320555
5901414200411,false,בלזן היט מיני ביסקוויט סנדוויץ' עם מילוי קרם בטעם שוקולד 130 גרם,ליימן שליסל,PL,עוגיות סנדוויץ' בטעם,גרמים,130.00,100 גרם,false,,5.90,0.0454,true,1,1028340
5901888020508,false,FREEYU חטיף דגנים עם קינואה בטעם צ'ילי 70 גרם,דנשר,PL,חטיף דגנים עם קינואה,גרמים,70.00,100 גרם,false,,12.70,0.1814,true,1,6402349
5901888020546,false,FREEYU חטיף דגנים עם קינואה ומלח ים 70 גרם,דנשר,PL,חטיף דגנים עם קינואה,גרמים,70.00,100 גרם,false,,12.70,0.1814,true,1,6402350
5901888020560,false,חטיף דגנים עם קינואה בטעם עשבי תיבול 70ג FREEYU,דנשר,PL,חטיף דגנים עם קינואה,גרמים,70.00,100 גרם,false,,12.70,0.1814,true,1,6402351
5902198160403,false,XL משקה אנרגיה מוגז ללא סוכר עד 10 קלוריות לפחית 250 מל,"טמפו משקאות בע""\מ",IL,TEN XL פחית 250 מל,מיליליטרים,250.00,"100 מ""ל",false,,3.80,0.0152,true,1,2855416
5904941750312,false,"משקה אנרגיה BLU מוחיטו בודד 250 מ""ל",אקו - ביט,PL,משקה אנרגייה בלו מוח,מיליליטרים,250.00,"100 מ""ל",false,,4.20,0.0168,true,1,1036565
5904941751302,false,"משקה אנרגיה בלו 250 מ""ל- בודד",אקו - ביט,PL,משקה אנרגיה בלו 250,מיליליטרים,250.00,"100 מ""ל",false,,4.20,0.0168,true,1,1036566
5904941751920,false,"משקה אנרגיה BLU day רגיל 250 מ""ל",אקו - ביט,PL,משקה אנרגייה בלו דיי,מיליליטרים,250.00,"100 מ""ל",false,,4.20,0.0168,true,1,1036578
5906485301012,false,"משקה אנרגיה XL פחית 250 מ""ל","טמפו משקאות בע""מ",IL,"XL 250 מ""ל פחית 24 יח'",מיליליטרים,250.00,"100 מ""ל",false,,3.80,0.0152,true,1,1016977
5941021000639,false,טבלת שוקולד חלב אגוז היידי גראנדור 100 ג',היידי שוקולד בירונטי,,שוקולד חלב היידי אגו,גרמים,100.00,100 גרם,false,,9.50,0.0950,true,1,5114963
5941021002190,false,טבלת שוקולד לבן אגוז היידי גראנדור 100 ג',היידי שוקולד בירונטי,,היידי גראנדור לבן אג,גרמים,100.00,100 גרם,false,,9.50,0.0950,true,1,6316930
5941021005139,false,טבלת שוקולד חלב שקד היידי גראנדור 100 ג',,,היידי שוקולד חלב שקד,גרמים,100.00,100 גרם,false,,9.50,0.0950,true,1,5114966
5941021007577,false,טבלת שוקולד פיסטוק היידי גראנדור 80 ג',היידי שוקולד בירונטי,,היידי שוקולד חלב פיס,יח',1.00,יח',false,,9.50,9.5000,true,1,5114967
5941021016401,false,טבלת שוקולד מריר שקד היידי גראנדור 100 ג',היידי שוקולד בירונטי,PL,היידי גראנדור מריר ש,גרמים,100.00,100 גרם,false,,9.50,0.0950,true,1,6316931
5941021022303,false,טבלת שוקולד היידי מריר עם דובדבן 80 גר,,RO,טבלת היידי מריר עם ד,גרמים,80.00,100 גרם,false,,9.50,0.1188,true,1,6387363
5941021024222,false,טבלת שוקולד היידי מילקברי חמוציות חלב80ג,,RO,היידי שוקולד מילקברי,גרמים,80.00,100 גרם,false,,9.50,0.1188,true,1,6429894
5949152110821,false,"איירוויק מבשם אוויר ומנטרל ריחות – לילות לבנים 237 מ""ל",רקיט בנקיזר,PL,איירוויק נטול גז 237,מטרים,237.00,100 מ'ל,false,,14.90,0.0629,true,1,6414074
5949152110838,false,"איירוויק מבשם אוויר ומנטרל ריחות - גשמים סגולים 237 מ""ל",רקיט בנקיזר,PL,איירוויק נטול גז 237,מטרים,237.00,100 מ'ל,false,,14.90,0.0629,true,1,6414075
5997321701806,false,אבקה למניעת אבנית במכונת כביסה 2 ב-1,רקיט בנקיזר פולין,PL,קלגון אבקה למניעת אב,לקג,1.00,לקג,false,,29.90,29.9000,true,1,3168229
5997321770307,false,ויט רצועות שעווה מוכנות לעור רגיש 12 יחידות,רקיט בנקיזר צרפת,FR,ויט רצועות שעווה מוכ,יח',12.00,יח',false,,19.90,1.6583,true,1,3670160
5998623526739,false,"יין הונגרי גוורצטרמינר 750 מ""ל כשר",דנוביאנה,HU,סי גראס גוורצטרמינר,מיליליטרים,750.00,"100 מ""ל",false,,29.90,0.0399,true,1,5517701
5998749108550,false,ויסקאס חטיף עוף וגבינה 60 ג',ויסקס Whiskas,HU,1X8X60Gויסקס טמפציקן,יח',1.00,יח',false,,8.90,8.9000,true,1,1023767
5999887183225,false,סבון אסלה שלישייה,,,סבון אסלה שלישייה,יח',3.00,יח',false,,9.90,3.3000,true,1,3573374
6001067017530,false,מברשת שיניים קולגייט לילדים מגיל שנתיים עד חמש 1 יחידה,יבואן ומשווק: ש. שסט,CN,מברשת קולגייט ילדים,יח',1.00,יח',false,,9.90,9.9000,true,1,1017584
6111094000198,false,קוסקוס דארי בינוני 350 גרם,דארי קוספאט אס. איי. או,MA,קוסקוס דארי 350 גרם,גרמים,350.00,100 גרם,false,,6.90,0.0197,true,1,3371638
6111094000228,false,"קוסקוס דארי דק תומר 1 ק""ג",דארי קוספאט אס. איי. או,MA,קוסקוס דארי דק 1ק'12,100 לקג,1.00,100 לקג,false,,17.70,17.7000,true,1,1016758
6111094000808,false,"קוסקוס דארי בינוני תומר 1 ק""ג + 10% תוספת",דארי קוספטה אל-זהרה,MA,קוסקוס דארי בינוני 1,קילוגרמים,1.00,"לק""ג",false,,17.70,17.7000,true,1,1080151
6112017106867,false,מארז 6 כוסיות בלי רגל,,,מארז 6 כוסיות בלי רג,יחידה,0.00,יחידה,false,,9.90,0.0000,true,1,6406976
6191546003823,false,אריסה טוניסאית 190 גר,,,אריסה טוניסאית 190 ג,גרמים,190.00,100 גרם,false,,9.90,0.0521,true,1,6335320
6281001510390,false,מברשת שיניים לילדים אקסטרא סופט לגילאי 0-2,קולגייט-פלמוליב,CN,מברשת שיניים ילדים ל,יח',1.00,יח',false,,9.90,9.9000,true,1,1017590
6315280312069,false,טוסטר 2 פרוסות נירוסטה BENATON BT-206,,,טוסטר לחיץ נירוסטה ד,יח',1.00,יח',false,,79.90,79.9000,true,1,6358332
6315280312779,false,טוסטר וופל בלגי דגם BENATON BT-277,,,טוסטר וופל בלגי דגם,יח',1.00,יח',false,,99.90,99.9000,true,1,6358333
6632122111124,false,מכשיר פופקורן BENATON BT-1112,,,מכשיר הכנת פופקורן,יח',1.00,יח',false,,79.90,79.9000,true,1,5615088
6807452794426,false,שיני שום קלופות 170,,,שיני שום קלוף,יח',1.00,יח',false,,8.90,8.9000,true,1,6262502
6908235694404,false,אוזניות מיקרופון אוניברסליות,ארטוס,,אוזניות מיקרופון,יח',1.00,יח',false,,19.90,19.9000,true,1,1047518
6910191800287,false,אצות נורי בלו 10 דף (ננגטונג),ננטונג היידה אקווטוק,CN,אצות נורי בלו 10 דף,גרמים,25.00,גרם,false,,10.80,0.4320,true,1,1032272
6912977000140,false,אטריות שעועית 250 גר' ( Yantai)ללא גלוטן(כ),יאנטאי ינסידה לנוגקא,CN,אטריות שעועית 250 גר,גרמים,250.00,100 גרם,false,,8.70,0.0348,true,1,1088325
6920354822193,false,משחת שיניים נטורל הדרים אקליפטוס קולגייט 90 ג',קולגייט פלמוליב,PL,קולגייט נטורלס משחת,מטרים,71.00,100 מ'ל,false,,29.90,0.4211,true,1,6308785
6920354822223,false,משחת שיניים נטורל גינגר קוקוס קולגייט 90 ג',קולגייט פלמוליב,PL,קולגייט נטורל משחת ש,מטרים,71.00,100 מ'ל,false,,29.90,0.4211,true,1,6308786
6920354824395,false,"קולגייט נטורל משחת שיניים חמוציות פחם 71 מ""ל",קולגייט פלמוליב,PL,קולגייט נטורל משחת ש,מטרים,71.00,100 מ'ל,false,,29.90,0.4211,true,1,6308787
6921234611036,false,נשכן בננה,,,נשכן בננה,יח',1.00,יח',false,,29.90,29.9000,true,1,6271338
6925621678558,false,ערכת חנוכה שמן מלכות נוזלי{ללא חזרות},מעגל הזמן,,ערכת חנוכה שמן מלכות,יח',1.00,יח',false,,39.90,39.9000,true,1,1037093
6933890356565,false,כוס יין גדולה,,,כוס יין גדולה,יחידה,0.00,יחידה,false,,8.90,0.0000,true,1,6443945
6934931405464,false,פולי קפה קלויים 500 גר רמילוי,,,פולי קפה קלויים 500,יח',1.00,יח',false,,29.90,29.9000,true,1,6292607
6934931514296,false,קפה טורקי קלוי טחון עם הל 100 גר,,,קפה טורקי קלוי טחון,גרמים,100.00,100 גרם,false,,4.90,0.0490,true,1,6313714
6934931979156,false,קפה טורקי קלוי טחון 200ג מונדיאל,,,קפה טורקי קלוי טחון,גרמים,200.00,100 גרם,false,,6.90,0.0345,true,1,6429555
6935487561246,false,מסכות למבוגרים לבן 50 יחי',,IL,מארז 50 מסכות הגיינה,יח',1.00,יח',false,,5.90,5.9000,true,1,6285367
6936745600462,false,רוטב מירין לתיבול מז,דאנינג יוה פודס קו,CN,"מירין 500 מ""ל (דאניי",מיליליטרים,500.00,"100 מ""ל",false,,17.80,0.0356,true,1,1032296
6936745600783,false,"חומץ אורז מזרח מערב 500 מ""ל",דאנינג יוה פודס קו,CN,"חומץ אורז 500 מ""ל (ד",מיליליטרים,500.00,"100 מ""ל",false,,14.80,0.0296,true,1,1032297
6941168412417,false,GOOD PHARM - אטבי כביסה צבעוניים 50 יח',,,אטבים 50 יחידות,מיליליטרים,500.00,"100 מ""ל",false,,14.90,0.0298,true,1,6048621
6943022867524,false,בית מיני לחנוכיה,פתילית,,בית נרות,יח',1.00,יח',false,,49.90,49.9000,true,1,2127205
6970011910237,false,מצית לגז אקדח גדול,,IL,מצת פרימיום,יח',1.00,יח',false,,8.90,8.9000,true,1,6313995
6974800740104,false,"טבעות תפו""ע טבעי עם",היאגואן,CN,"טבעות תפו""ע טבעי",גרמים,25.00,100 גרם,false,,12.90,0.5160,true,1,6443860
7038516140357,false,מברשת שיניים ג'ורדן טוטל סופט מארז 4 יחידות,מיוצר במלזיה עבור ג',NO,ג'ורדן מברשת טוטאל קלין ס,יח',1.00,יח',false,,14.90,14.9000,true,1,1046103
7038516140418,false,ג'ורדן מברשת שיניים טוטאל קלין מדיום רביעייה,ג'ורדן Jordan,MY,ג'ורדן מברשת טוטאל קלין מ,יח',1.00,יח',false,,11.90,11.9000,true,1,1046104
7046110064535,false,מארז זוג מברשת שיניים ג'ורדן ילדים 0-2,ג'ורדן Jordan,MY,ג'ורדן מברשת לילדים,יח',2.00,יח',false,,14.90,7.4500,true,1,1313104
7046110075036,false,ג'ורדן מב' שיניים אולטימייט יו *רביעיה *סופט,דנטלון,MY,ג'ורדן מב' שיניים או,4 יח',1.00,4 יח',false,,14.90,14.9000,true,1,3923187
7271730901261,false,ווקי מאק ארוחת אטריות עם גבינה 156 גרם,ניו וורלד פסטה קומפנ,US,מקרוני עם גבינה 156,גרמים,156.00,100 גרם,false,,10.90,0.0699,true,1,1025816
7290000000091,false,דמי משלוח - אתר אינטרנט,,,דמי משלוח - אתר אינט,יח',1.00,יח',false,,29.90,29.9000,true,1,1033812
7290000000100,false,אבוקדו האס,,,עגבניה,קילוגרמים,1.00,"ק""ג",true,,3.80,3.8000,true,1,1031284
7290000000101,false,חבילת פיתות קטן 10 י,ביכורי השקמה,,מלפפון,קילוגרמים,1.00,"ק""ג",true,,3.50,3.5000,true,1,1031285
7290000000102,false,מי קוקוס אמפאווה+מוט,ביכורי השקמה,,גזר ארוז,קילוגרמים,1.00,"ק""ג",true,,2.50,2.5000,true,1,1031286
7290000000103,false,חלה רגילה,ביכורי השקמה,,פלפל כהה,קילוגרמים,1.00,"ק""ג",true,,4.90,4.9000,true,1,1031287
7290000000104,false,מאפינס-אוראו/נוטלה,ביכורי השקמה,,פלפל אדום,קילוגרמים,1.00,"ק""ג",true,,4.90,4.9000,true,1,1031288
7290000000105,false,חב' עירית טריה,ביכורי השקמה,,פלפל בהיר,קילוגרמים,1.00,"ק""ג",true,,4.90,4.9000,true,1,1031289
7290000000106,false,אנונה,ביכורי השקמה,,חציל,קילוגרמים,1.00,"ק""ג",true,,3.80,3.8000,true,1,1031290
7290000000107,false,קישוא ירוק,ביכורי השקמה,,קישוא ירוק,קילוגרמים,1.00,"ק""ג",true,,7.50,7.5000,true,1,1031291
7290000000108,false,קישואים זוקיני,ביכורי השקמה,,בצל יבש,קילוגרמים,1.00,"ק""ג",true,,2.50,2.5000,true,1,1031292
7290000000109,false,כרוב לבן,ביכורי השקמה,,כרוב לבן,קילוגרמים,1.00,"ק""ג",true,,2.50,2.5000,true,1,1031293
7290000000110,false,כרוב אדום,ביכורי השקמה,,כרוב אדום,קילוגרמים,1.00,"ק""ג",true,,2.80,2.8000,true,1,1031294
7290000000111,false,תפוח אדמה לבן ארוז,ביכורי השקמה,,תפוח אדמה לבן ארוז,קילוגרמים,1.00,"ק""ג",true,,2.50,2.5000,true,1,1031295
7290000000113,false,שום טרי עלים,ביכורי השקמה,,אגס,קילוגרמים,1.00,"ק""ג",true,,9.50,9.5000,true,1,1031297
7290000000114,false,תפוח עץ סטרקינג (אדו,ביכורי השקמה,,תפוח עץ סטרקינג (אדו,קילוגרמים,1.00,"ק""ג",true,,9.90,9.9000,true,1,1031298
7290000000115,false,תפוח עץ מוזהב,ביכורי השקמה,,תפוח עץ מוזהב,קילוגרמים,1.00,"ק""ג",true,,9.50,9.5000,true,1,1031299
7290000000116,false,תפוח עץ ירוק גרנד סמ,ביכורי השקמה,,תפוח עץ ירוק גרנד סמ,קילוגרמים,1.00,"ק""ג",true,,9.50,9.5000,true,1,1031300
7290000000117,false,עגבניות שרי תמר,ביכורי השקמה,,לימון,קילוגרמים,1.00,"ק""ג",true,,3.50,3.5000,true,1,1031301
7290000000120,false,קיווי,ביכורי השקמה,,קיווי,קילוגרמים,1.00,"ק""ג",true,,12.80,12.8000,true,1,1031304
7290000000121,false,קלמנטינה,ביכורי השקמה,,קלמנטינה,קילוגרמים,1.00,"ק""ג",true,,3.50,3.5000,true,1,1031305
7290000000122,false,תפוח עץ פינק בראשית,ביכורי השקמה,,תפוז,קילוגרמים,1.00,"ק""ג",true,,3.50,3.5000,true,1,1031306
7290000000123,false,חסה רגילה,ביכורי השקמה,,חסה רגילה,יח',1.00,יח',false,,6.90,6.9000,true,1,1031307
7290000000132,false,תפוחי אדמה לבן תפזור,ביכורי השקמה,,פלפל חריף,קילוגרמים,1.00,"ק""ג",true,,4.90,4.9000,true,1,1031309
7290000000133,false,חסה סלנובה,ביכורי השקמה,,שום יבש,יח',1.00,יח',false,,3.20,3.2000,true,1,1031310
7290000000134,false,פטריות יער,ביכורי השקמה,,בננה,קילוגרמים,1.00,"ק""ג",true,,3.50,3.5000,true,1,1031311
7290000000135,false,אפרסמון קרמבו,ביכורי השקמה,,אבוקדו,קילוגרמים,1.00,"ק""ג",true,,5.80,5.8000,true,1,1031312
7290000000136,false,אשכולית צהובה,ביכורי השקמה,,אשכולית צהובה,קילוגרמים,1.00,"ק""ג",true,,4.90,4.9000,true,1,1031313
7290000000137,false,פומלה,ביכורי השקמה,,פומלה,קילוגרמים,1.00,"ק""ג",true,,4.80,4.8000,true,1,1031314
7290000000138,false,גויאבה,ביכורי השקמה,,בטטה,קילוגרמים,1.00,"ק""ג",true,,7.80,7.8000,true,1,1031315
7290000000139,false,שומר,ביכורי השקמה,,שומר,קילוגרמים,1.00,"ק""ג",true,,3.50,3.5000,true,1,1031316
7290000000140,false,ענבים גדולים,ביכורי השקמה,,מלון,קילוגרמים,1.00,"ק""ג",true,,5.80,5.8000,true,1,1031317
7290000000141,false,דלורית,ביכורי השקמה,,דלורית,קילוגרמים,1.00,"ק""ג",true,,4.80,4.8000,true,1,1031318
7290000000142,false,אשכולית אדומה,ביכורי השקמה,,אשכולית אדומה,קילוגרמים,1.00,"ק""ג",true,,3.80,3.8000,true,1,1031319
7290000000143,false,תפוח אדמה כסביה,ביכורי השקמה,,תפוח אדמה כסביה,קילוגרמים,1.00,"ק""ג",true,,9.80,9.8000,true,1,1031320
7290000000144,false,שעועית הילדה,ביכורי השקמה,,אפרסמון,קילוגרמים,1.00,"ק""ג",true,,9.50,9.5000,true,1,1031321
7290000000148,false,תפוח ענה,,,תירס טרי,קילוגרמים,1.00,"ק""ג",true,,5.80,5.8000,true,1,1031325
7290000000149,false,תפוח עץ חרמון,ביכורי השקמה,,תפוח עץ חרמון,קילוגרמים,1.00,"ק""ג",true,,9.50,9.5000,true,1,1031326
7290000000151,false,סלק אדום,ביכורי השקמה,,סלק אדום,קילוגרמים,1.00,"ק""ג",true,,3.80,3.8000,true,1,1031328
7290000000153,false,זוג עוגיות אלפחורס,ביכורי השקמה,,מארז אבוקדו ברשת,קילוגרמים,1.00,"ק""ג",true,,5.50,5.5000,true,1,1031330
7290000000155,false,פטריות חורש במשקל,ביכורי השקמה,,רימון אדום,קילוגרמים,1.00,"ק""ג",true,,7.80,7.8000,true,1,1031332
7290000000156,false,ארטישוק,ביכורי השקמה,,ארטישוק,קילוגרמים,1.00,"ק""ג",true,,16.90,16.9000,true,1,1031333
7290000000158,false,צנון שחור/לבן,ביכורי השקמה,,קוקוס,יח',1.00,יח',false,,3.30,3.3000,true,1,1031335
7290000000161,false,חציל בלאדי,ביכורי השקמה,,צנון,קילוגרמים,1.00,"ק""ג",true,,5.50,5.5000,true,1,1031337
7290000000164,false,לפת,ביכורי השקמה,,לפת,קילוגרמים,1.00,"ק""ג",true,,5.50,5.5000,true,1,1031340
7290000000166,false,דלעת,ביכורי השקמה,,דלעת,קילוגרמים,1.00,"ק""ג",true,,6.90,6.9000,true,1,1031341
7290000000167,false,שרי מנומר/צהוב,ביכורי השקמה,,קולורבי,קילוגרמים,1.00,"ק""ג",true,,4.80,4.8000,true,1,1031342
7290000000168,false,פלפל צהוב,ביכורי השקמה,,פלפל צהוב,קילוגרמים,1.00,"ק""ג",true,,4.90,4.9000,true,1,1031343
7290000000173,false,שורש פטרוזיליה,אדמה,,שורש פטרוזיליה,יח',1.00,יח',false,,3.90,3.9000,true,1,1034287
7290000000180,false,רחת לוקום שקו,ביכורי השקמה,,ערמונים,קילוגרמים,1.00,"ק""ג",true,,14.80,14.8000,true,1,1031350
7290000000189,false,תפוח עץ גלה רויאל,ביכורי השקמה,,שזיף ירוק,קילוגרמים,1.00,"ק""ג",true,,11.80,11.8000,true,1,1031359
7290000000191,false,ענבים אדומים,ביכורי השקמה,,ענבים אדומים,קילוגרמים,1.00,"ק""ג",true,,9.80,9.8000,true,1,1031361
7290000000196,false,תמר לח,ביכורי שדה,,תמר לח,יח',1.00,יח',false,,7.90,7.9000,true,1,1031366
7290000000199,false,פומלית,ביכורי השקמה,,פומלית,קילוגרמים,1.00,"ק""ג",true,,3.50,3.5000,true,1,1031368
7290000000201,false,אנונה,ביכורי השקמה,,אנונה,קילוגרמים,1.00,"ק""ג",true,,16.80,16.8000,true,1,1031369
7290000000202,false,תבנית אובלית עבה,ישרקו שיווק מותגי מז,,פפאיה,קילוגרמים,1.00,"ק""ג",true,,17.90,17.9000,true,1,1031370
7290000000219,false,תפוח עץ גאלה,ישרקו שיווק מותגי מז,,תפוח עץ גאלה,קילוגרמים,1.00,"ק""ג",true,,8.90,8.9000,true,1,1031386
7290000000230,false,רוסקי סרוולט,ישרקו שיווק מותגי מז,,תפוז ברשת,קילוגרמים,1.00,"ק""ג",true,,3.30,3.3000,true,1,1031390
7290000000244,false,חצילים בלדי,ביכורי השקמה,,חצילים בלדי,קילוגרמים,1.00,"ק""ג",true,,5.80,5.8000,true,1,1031396
7290000000249,false,פטריות כללי (לבן),ישרקו שיווק מותגי מז,,גזר בתפוזרת,קילוגרמים,1.00,"ק""ג",true,,4.90,4.9000,true,1,1031397
7290000000254,false,חסה עגולה,ביכורי השקמה,,חסה עגולה,יח',1.00,יח',false,,4.90,4.9000,true,1,1031400
7290000000256,false,ענבים בתפזורת,ביכורי השקמה,,ענבים בתפזורת,קילוגרמים,1.00,"ק""ג",true,,7.90,7.9000,true,1,1735951
7290000000265,false,דליקטסנייה,ישרקו שיווק מותגי מז,,אגס תפוח,קילוגרמים,1.00,"ק""ג",true,,13.80,13.8000,true,1,1031402
7290000000282,false,חסה ערבית יחידה,אראל תוצרת חקלאית בע,IL,חסה,יח',1.00,יח',false,,3.90,3.9000,true,1,1213998
7290000000287,false,קלמנטינה (בשקית רשת),ביכורי השקמה,,קלמנטינה (בשקית רשת),קילוגרמים,1.00,"ק""ג",true,,2.90,2.9000,true,1,1031403
7290000000289,false,לשון זליבנוי טילצי,ישרקו שיווק מותגי מז,,בצל אדום,קילוגרמים,1.00,"ק""ג",true,,5.50,5.5000,true,1,1031404
7290000000300,false,תפוח אדמה אדום ארוז,ביכורי השקמה,,תפוח אדמה אדום ארוז,קילוגרמים,1.00,"ק""ג",true,,3.80,3.8000,true,1,1031408
7290000000306,false,תפוח אדמה אדום במשקל,ביכורי השקמה,,תפוח אדמה אדום במשקל,קילוגרמים,1.00,"ק""ג",true,,4.80,4.8000,true,1,1031409
7290000000307,false,קישואים זוקיני ירוק,ביכורי השקמה,,פלפל כתום,קילוגרמים,1.00,"ק""ג",true,,7.50,7.5000,true,1,1031410
7290000000333,false,פקדון בקבוק 30 אגורו,ביכורי השקמה,,פטריות במשקל,קילוגרמים,1.00,"ק""ג",true,,31.90,31.9000,true,1,1031414
7290000000401,false,תמרים מגהול כחול 5 ק,"ולדמן ביח""ר לנקניק ו",,"תפו""א לאפיה",קילוגרמים,1.00,"ק""ג",true,,3.80,3.8000,true,1,1031418
7290000000420,false,קישואים זוקיני,"ולדמן ביח""ר לנקניק ו",,קישואים זוקיני,קילוגרמים,1.00,"ק""ג",true,,9.80,9.8000,true,1,1031420
7290000000422,false,תפוח אדמה לבן במשקל,"ולדמן ביח""ר לנקניק ו",,תפוח אדמה לבן במשקל,קילוגרמים,1.00,"ק""ג",true,,4.90,4.9000,true,1,1031421
7290000000453,false,בוט מורטדלה מעושן,"ולדמן ביח""ר לנקניק ו",,תפוח עץ לוליפופ,קילוגרמים,1.00,"ק""ג",true,,14.90,14.9000,true,1,5277159
7290000000502,false,"תמרים מג""הול שחור 5ק",מעדני מניה תעשיות בש,,אננס שקיל,קילוגרמים,1.00,"ק""ג",true,,19.90,19.9000,true,1,6295470
7290000000695,false,אספרגוס רמי לוי,משתנה,IL,אספרגוס רמי לוי,יח',1.00,יח',false,,24.90,24.9000,true,1,2678515
7290000000797,false,תפוח עץ פינק,ביכורי השקמה,IL,תפוח עץ פינק,קילוגרמים,1.00,"ק""ג",true,,11.80,11.8000,true,1,1031434
7290000000881,false,מלון מיוחד,,,מלון מיוחד,קילוגרמים,1.00,"ק""ג",true,,3.80,3.8000,true,1,6242177
7290000000978,false,חסה ברכת קטיף מהדרין,ביכורי השקמה,IL,חסה מהדרין קטיף טרי,יח',1.00,יח',false,,4.90,4.9000,true,1,1031524
7290000000985,false,פטרוזיליה ברכת קטיף ייבול נוכרי בוסתן,ברכת קטיף,IL,פטרוזיליה מהדרין קטי,יח',1.00,יח',false,,4.90,4.9000,true,1,1123548
7290000001014,false,מלפפון,ביכורי השקמה,,מלפפון,קילוגרמים,1.00,"ק""ג",true,,2.80,2.8000,true,1,2494338
7290000001021,false,סלמי מניה,מעדני מניה תעשיות בש,,גזר ארוז,קילוגרמים,1.00,"ק""ג",true,,1.96,1.9600,true,1,2494339
7290000001038,false,נשנושי גבינה 67גר+מל,מעדני מניה תעשיות בש,,פלפל כהה,קילוגרמים,1.00,"ק""ג",true,,8.80,8.8000,true,1,2494340
7290000001043,false,כרוב לבן מהדרין קטיף טרי,ברכת קטיף,IL,כרוב לבן מהדרין קטיף,קילוגרמים,1.00,"ק""ג",true,,10.90,10.9000,true,1,1271702
7290000001045,false,סלמי אגוזים אורחוביה,מעדני מניה תעשיות בש,,פלפל אדום,קילוגרמים,1.00,"ק""ג",true,,6.80,6.8000,true,1,2494341
7290000001052,false,פילה לברק מארז 6 יח,מעדני ויטו שיווק ויי,,פלפל בהיר,קילוגרמים,1.00,"ק""ג",true,,8.80,8.8000,true,1,2494342
7290000001069,false,חציל,ביכורי השקמה,,חציל,קילוגרמים,1.00,"ק""ג",true,,4.80,4.8000,true,1,2494343
7290000001074,false,כרוב אדום מהדרין קטיף טרי.,קרלברג ייצור ושיווק,IL,כרוב אדום מהדרין קטי,קילוגרמים,1.00,"ק""ג",true,,11.90,11.9000,true,1,1271703
7290000001076,false,רוסטביף מעודן,קרלברג ייצור ושיווק,,קישוא ירוק,קילוגרמים,1.00,"ק""ג",true,,6.00,6.0000,true,1,2494344
7290000001083,false,בצל יבש,ביכורי השקמה,,בצל יבש,קילוגרמים,1.00,"ק""ג",true,,3.89,3.8900,true,1,2494345
7290000001090,false,דמי פקדון 5.40 שח 18,ביכורי השקמה,,כרוב לבן,קילוגרמים,1.00,"ק""ג",true,,1.67,1.6700,true,1,2494362
7290000001401,false,עלי סלק גלאט עלי הארץ,"ולדמן ביח""ר לנקניק ו",,עלי סלק גלאט עלי האר,יח',1.00,יח',false,,5.90,5.9000,true,1,6325778
7290000001579,false,סלרי מהדרין קטיף טרי,ביכורי השקמה,IL,סלרי מהדרין קטיף טרי,יח',1.00,יח',false,,5.90,5.9000,true,1,1123551
7290000001586,false,שמיר מהדרין קטיף טרי,ברכת קטיף,IL,שמיר מהדרין קטיף טרי,יח',1.00,יח',false,,4.90,4.9000,true,1,1123552
7290000001593,false,נענע מהדרין קטיף טרי,רביבים,,נענע מהדרין קטיף טרי,יח',1.00,יח',false,,4.90,4.9000,true,1,1123769
7290000001609,false,עלי סלק מהדרין קטיף טרי,ביכורי השקמה,IL,עלי סלק מהדרין קטיף,יח',1.00,יח',false,,5.90,5.9000,true,1,1123770
7290000001616,false,כוסברה ייבול נוכרי בוסתן,ברכת קטיף,IL,כוסברה מהדרין קטיף ט,יח',1.00,יח',false,,4.90,4.9000,true,1,1124181
7290000005998,false,שקיות ידני,,,שקיות ידני,יח',1.00,יח',false,,0.10,0.1000,true,1,2127139
7290000011006,false,כרוב אדום,ביכורי השקמה,,כרוב אדום,קילוגרמים,1.00,"ק""ג",true,,4.80,4.8000,true,1,2494364
7290000012346,false,עגבניה,,,עגבניה,קילוגרמים,1.00,"ק""ג",true,,4.45,4.4500,true,1,2494449
7290000023007,false,"ברנדי שטוק 84 37 % 750 מ""ל","יקבי ברקן בע""ם",IL,"ברנדי שטוק 84 37 % 750 מ""",מיליליטרים,750.00,"100 מ""ל",false,,64.90,0.0865,true,1,1016985
7290000023083,false,ערק אשקלון בקבוק 700,"יקבי ברקן בע""\מ",IL,"ערק אשקלון 700 מ""ל",מיליליטרים,700.00,"100 מ""ל",false,,49.90,0.0713,true,1,1105413
7290000023427,false,"ליקר שטוק אמרטו 750 מ""ל","יקבי ברקן בע""\מ",IL,"ליקר שטוק אמרטו 750 מ""ל 1",מיליליטרים,750.00,"100 מ""ל",false,,39.90,0.0532,true,1,1016991
7290000023809,false,"יין קלאסיק קברנה סוביניון ברקן 750 מ""ל",יקבי ברקן שיווק והפצה בע,IL,קלאסיק קברנה סוביניון,מיליליטרים,750.00,"100 מ""ל",false,,31.80,0.0424,true,1,1017003
7290000023816,false,"יין קלאסיק אמרלד ריזלינג ברקן 750 מ""ל",יקבי ברקן שיווק והפצה בע,IL,קלאסיק אמרלד ריזלינג,מיליליטרים,750.00,"100 מ""ל",false,,31.80,0.0424,true,1,1017004
7290000023823,false,"יין קלאסיק סוביניון בלאן ברקן 750 מ""ל",יקבי ברקן שיווק והפצה בע,IL,קלאסיק סוביניון בלאן,מיליליטרים,750.00,"100 מ""ל",false,,31.80,0.0424,true,1,1017005
7290000023830,false,יין קלאסיק שיראז רוזה 750 מל,יקבי ברקן שיווק והפצה בע,IL,קלאסיק רוזה,מיליליטרים,750.00,"100 מ""ל",false,,31.80,0.0424,true,1,1017006
7290000023847,false,"יין קלאסיק שרדונה ברקן 750 מ""ל",יקבי ברקן שיווק והפצה בע,IL,קלאסיק שרדונה,מיליליטרים,750.00,"100 מ""ל",false,,31.80,0.0424,true,1,1017007
7290000023977,false,"יין קלאסיק מרלו ברקן 750 מ""ל",יקבי ברקן שיווק והפצה בע,IL,קלאסיק מרלו,מיליליטרים,750.00,"100 מ""ל",false,,31.80,0.0424,true,1,1017010
7290000024523,false,"תירוש של סגל ,מיץ ענבים , 1 ליטר",כרמי צבי - האחים סגל,IL,פרי הגפן תירוש 1 ליטר,ליטרים,1.00,ליטר,false,,12.80,12.8000,true,1,1176671
7290000024530,false,"יין אדום מתוק לקידוש סגל 750 מ""ל","כרמי צבי - אחים סגל בע""\",IL,יין אדום קידוש 750 מ,מיליליטרים,750.00,"100 מ""ל",false,,12.90,0.0172,true,1,2322129
7290000024905,false,"וודקה קגלביץ' קלאסיקה 700 מ""ל","יקבי ברקן בע""\מ",IL,קגלביץ' קלאסיקה 40% 700 מ,מיליליטרים,700.00,"100 מ""ל",false,,49.90,0.0713,true,1,1017023
7290000034256,false,ביסקוויט תירוש חצי מצופה הדר 175ג',אפיפית נצרת תעשיות ב,IL,עוגיות תירוש הדר 175,גרמים,175.00,100 גרם,false,,5.80,0.0331,true,1,1032412
7290000040042,false,יופלה יוגורט תות %3 גביע 150 גרם,תנובה חלב,IL,יופלה יוגורט תות %3,מיליליטרים,150.00,"100 מ""ל",false,,4.80,0.0320,true,1,1015547
7290000040066,false,יופלה יוגורט דובדבן %3 גביע 150 גרם,תנובה מרכז שיתופי לש,IL,יופלה יוגורט דובדבן,מיליליטרים,150.00,"100 מ""ל",false,,4.70,0.0313,true,1,1015549
7290000040080,false,יופלה יוגורט אפרסק %3 גביע 150 גרם,תנובה חלב,IL,יופלה יוגורט אפרסק %,מיליליטרים,150.00,"100 מ""ל",false,,4.80,0.0320,true,1,1015550
7290000040301,false,תנובה עין גדי קממבר מחלב בקר 24% שומן,תנובה מרכז שיתופי לש,IL,קממבר עין גדי חפיסה,גרמים,125.00,100 גרם,false,,16.90,0.1352,true,1,1015552
7290000040318,false,גבינת ברי 24% קולאז עדי תנובה 125 ג',תנובה מרכז שיתופי לש,IL,ברי עדי חפיסה 24% 12,גרמים,125.00,100 גרם,false,,17.90,0.1432,true,1,1015553
7290000040462,false,טוסטי גבינה בסגנון אמריקאי אדם 23% תנובה 200 גרם,תנובה מרכז שיתופי לש,IL,טוסטי גבינה בסגנון א,גרמים,200.00,100 גרם,false,,16.90,0.0845,true,1,1015555
7290000040974,false,חלב דל לקטוז 2% תנובה קרטון 1 ליטר,תנובה מרכז שיתופי לש,IL,חלב טרי דל לקטוז 1 ל,מיליליטרים,1000.00,"100 מ""ל",false,,6.80,0.0068,true,1,1015556
7290000041407,false,"גיל קטן 3% תנובה 125 מ""ל בד""ץ",תנובה מרכז שיתופי לש,IL,גילה 125 מל,מיליליטרים,125.00,"100 מ""ל",false,,0.90,0.0072,true,1,1015557
7290000041858,false,"שמנת חמוצה 15% מועשרת יטבתה 200 מ""ל",שטראוס גרופ,IL,שמנת חמוצה 15% 200 מ,מיליליטרים,200.00,"100 מ""ל",false,,2.40,0.0120,true,1,1032473
7290000042015,false,"חלב שתייה תנובה בד""צ בשקית 1 ליטר",תנובה מרכז שיתופי לש,IL,חלב תנובה טרי שקית 3,ליטרים,1.00,ליטר,false,,5.30,5.3000,true,1,1015561
7290000042435,false,חלב דל שומן בקרטון+פקק תנובה 1 ליטר,תנובה מרכז שיתופי לש,IL,חלב תנובה טרי קרט+ פ,מיליליטרים,1000.00,"100 מ""ל",false,,5.80,0.0058,true,1,1015568
7290000042640,false,"חלב תנובה עמיד 3% קרטון 250 מ""ל",תנובה חלב,IL,חלב עמיד 3% תנובה 25,מיליליטרים,250.00,"100 מ""ל",false,,2.50,0.0100,true,1,1015576
7290000042855,false,"שוקו בשקית 250 מ""ל ""יטבתה""",שטראוס גרופ,IL,שוקו בשקית יטבתה 225,מיליליטרים,225.00,"100 מ""ל",false,,2.50,0.0111,true,1,1032478
7290000043012,false,"שוקו עמיד 2% בקרטון 250 מ""ל תנובה",תנובה מרכז שיתופי לש,IL,שוקו עמיד 2% תנובה 2,מיליליטרים,250.00,"100 מ""ל",false,,4.40,0.0176,true,1,1015579
7290000043111,false,תנובה חמאה 200 גרם - מוצר בפיקוח,תנובה מרכז שיתופי לש,IL,חמאה תנובה 200 גרם,גרמים,200.00,100 גרם,false,,7.70,0.0385,true,1,1015580
7290000043814,false,השף הלבן שמנת להקצפה 38% שומן 250 מל - מוצר בפיקוח,תנובה מרכז שיתופי לש,IL,השף הלבן שמנת עמידה,מיליליטרים,250.00,"100 מ""ל",false,,6.40,0.0256,true,1,1015583
7290000043890,false,תנובה רויון לבן מחלב מפסוטר 1.5%,תנובה מרכז שיתופי לש,IL,רוויון קרטון 1 ליטר,ליטרים,1.50,ליטר,false,,10.90,7.2667,true,1,1015585
7290000044712,false,יוגורט עם תות 1.5% שומן 500 ג' פרילי,מיוצר עי קונדיטוריית,IL,פרילי תות גביע 500 ג,מיליליטרים,500.00,"100 מ""ל",false,,9.90,0.0198,true,1,1015591
7290000044880,false,באדי יוגורט תות 3% שומן 500 ג' תנובה,מיוצר עי קונדיטוריית,IL,באדי יוגורט תות גביע,מיליליטרים,500.00,"100 מ""ל",false,,8.80,0.0176,true,1,1015592
7290000045573,false,גבינת מותכת משולשים 25% שומן 200 ג' נעמה,תנובה חלב,IL,נעמה גבינה מותכת 25%,גרמים,200.00,100 גרם,false,,13.90,0.0695,true,1,1015594
7290000045771,false,יוגורט לבן 4% תנובה 3 ליטר,תנובה מרכז שיתופי לש,IL,יוגורט תנובה כד 3 לי,ליטרים,3.00,ליטר,false,,28.90,9.6333,true,1,1015596
7290000045917,false,תנובה פרומעז גבינה מותכת מחלב עיזים 23% שומן,תנובה חלב,IL,פרומעז גבינת עזים גל,גרמים,200.00,100 גרם,false,,24.90,0.1245,true,1,1015598
7290000046006,false,גבינה צהובה עמק בלוק,תנובה מרכז שיתופי לש,IL,גבינת עמק 28% במשקל,קילוגרמים,1.00,"ק""ג",true,,44.70,44.7000,true,1,1015482
7290000046020,false,גלבוע גבינה שמנה במש,תנובה מרכז שיתופי לש,IL,גלבוע 22% במשקל,קילוגרמים,1.00,"ק""ג",true,,42.50,42.5000,true,1,1015483
7290000046327,false,גלבוע גבינה צהובה פרוסה 22% תנובה 200 גרם,תנובה מרכז שיתופי לש,IL,גלבוע גבינה צהובה פר,גרמים,200.00,100 גרם,false,,12.60,0.0630,true,1,1015601
7290000046549,false,גבינת מוצרלה 20% במשקל,תנובה מרכז שיתופי לש,IL,מוצרלה חריץ במשקל 20,קילוגרמים,1.00,"ק""ג",true,,75.00,75.0000,true,1,1015489
7290000046563,false,גב.קולאז' פרמזן 23%במשקל,תנובה מרכז שיתופי לש,IL,קולאז פרמזן חריץ %23,קילוגרמים,1.00,"ק""ג",true,,109.00,109.0000,true,1,1015491
7290000047027,false,גב.קולאז' גלעד 27% במשקל,תנובה מרכז שיתופי לש,IL,גבינת גלעד 27% משקל,קילוגרמים,1.00,"ק""ג",true,,119.00,119.0000,true,1,1015495
7290000047034,false,גבינת רוקפור 26%כבש משקל,תנובה מרכז שיתופי לש,IL,גבינה צאן קולאז' רוק,קילוגרמים,1.00,"ק""ג",true,,120.00,120.0000,true,1,1015496
7290000047546,false,השף הלבן כנען גבינה לבנה דלת נתרן 5% תנובה 500 גרם,תנובה מרכז שיתופי לש,IL,השף הלבן כנען גבינה,גרמים,500.00,100 גרם,false,,22.90,0.0458,true,1,1015605
7290000047621,false,גבינה לבנה רכה 5% תנובה 250ג' מהדרין,תנובה מרכז שיתופי לש,IL,גבינה לבנה 5% 250 גר,גרמים,250.00,100 גרם,false,,4.90,0.0196,true,1,1015607
7290000047942,false,"גבינה לבנה בד""צ 9% תנובה 250 גרם",תנובה מרכז שיתופי לש,IL,גבינה לבנה 9% 250 גר,גרמים,250.00,100 גרם,false,,4.70,0.0188,true,1,1015609
7290000048185,false,גבינה לבנה 5% תנובה 250 גרם מהדרין,מיוצר עי קונדיטוריית,IL,גבינה לבנה 5% 250 גר,גרמים,250.00,100 גרם,false,,4.90,0.0196,true,1,1015610
7290000048192,false,גבינה לבנה 9% תנובה 250 גרם מהדרין,מחלבת אלון תבור,IL,גבינה לבנה 9% 250 גר,גרמים,250.00,100 גרם,false,,4.70,0.0188,true,1,1015611
7290000048307,false,גבינת קוטג' עם זיתים 5% תנובה 250 גרם,מיוצר עי קונדיטוריית,IL,גבינת קוטג' עם זיתים,גרמים,250.00,100 גרם,false,,5.70,0.0228,true,1,1015612
7290000048413,false,פיראוס חמד גבינה מלוחה 16% שומן,תנובה מרכז שיתופי לש,IL,פיראוס חמד שקית 250,גרמים,250.00,100 גרם,false,,17.50,0.0700,true,1,1015613
7290000048437,false,פיראוס צפתית 5% שומן 200 גרם,פארייפאבה אגרואינדוס,IL,פיראוס צפתית גביע 20,גרמים,200.00,100 גרם,false,,13.90,0.0695,true,1,1015614
7290000048444,false,"גבינת חמד 16%שומן 1 ק""ג",תנובה מרכז שיתופי לש,IL,גבינת חמד 16%,יח',1.00,יח',false,,49.90,49.9000,true,1,1015615
7290000048451,false,פיראוס חרמון מלוחה 16% 250גר,תנובה מרכז שיתופי לש,IL,פיראוס חרמון מלוחה 1,גרמים,250.00,100 גרם,false,,16.90,0.0676,true,1,1015616
7290000049458,false,גבינת פטה עיזים 16% גביע פיראוס 250 ג',תנובה מרכז שיתופי לש,IL,פיראוס פטה עזים 16%,גרמים,250.00,100 גרם,false,,26.90,0.1076,true,1,1015617
7290000050447,false,"יוגורט ביו בטעם תות YYY יופלה 500 מ""ל",מיוצר עי קונדיטוריית,IL,יוגורט ביו בטעם תות,מיליליטרים,500.00,"100 מ""ל",false,,12.60,0.0252,true,1,1015623
7290000050454,false,יוגורט יופלה אפרסק 3% שומן 500 גרם,מיוצר עי קונדיטוריית,IL,יוגורט אפרסק 3% YYY,מיליליטרים,500.00,"100 מ""ל",false,,12.60,0.0252,true,1,1015624
7290000051002,false,עגבניה,,,עגבניה,קילוגרמים,1.00,"ק""ג",true,,4.45,4.4500,true,1,1031448
7290000051352,false,חלב מלא בטעם של פעם 3.4% תנובה קרטון 1 ל',תנובה מרכז שיתופי לש,IL,חלב של פעם 3.8% תנוב,ליטרים,1.00,ליטר,false,,7.40,7.4000,true,1,1015636
7290000051376,false,יוגורט יופלה דיאט אננס 0% שומן 150 גרם,תנובה מרכז שיתופי לש,IL,יופלה דיאט אננס גביע,מיליליטרים,150.00,"100 מ""ל",false,,4.70,0.0313,true,1,1015637
7290000051710,false,פיראוס גבינת לאבנה אסלית על בסיס יוגורט תנובה 263 גרם,"תנובה, מחלבת אלון תב",IL,פיראוס גבינת לאבנה א,גרמים,263.00,100 גרם,false,,12.90,0.0490,true,1,1015641
7290000052311,false,גבינה צהובה עמק לייט 15% שומן 200 גרם,תנובה מרכז שיתופי לש,IL,עמק לייט פרוס 200 גר,גרמים,200.00,100 גרם,false,,14.90,0.0745,true,1,1015653
7290000052649,false,גבינת לאבנה 5% שומן 500 ג' פיראוס,תנובה מרכז שיתופי לש,IL,פיראוס לאבנה 5% גביע,גרמים,500.00,100 גרם,false,,18.90,0.0378,true,1,1015660
7290000052717,false,גבינת קוטג' שום שמיר 5% תנובה 250 גרם,מיוצר עי קונדיטוריית,IL,גבינת קוטג' שום שמיר,גרמים,250.00,100 גרם,false,,5.70,0.0228,true,1,1015663
7290000052946,false,מארז יוגורט יופלה לבן מעודן בדצ 8*150,תנובה מרכז שיתופי לש,IL,"יופלה בד""צ 1.5% מעוד",ליטרים,1.20,ליטר,false,,19.90,16.5833,true,1,1015667
7290000053219,false,טל העמק חריץ 32% במשקל,תנובה מרכז שיתופי לש,IL,חריץ טל עמק 32%,קילוגרמים,1.00,"ק""ג",true,,55.00,55.0000,true,1,2081226
7290000053981,false,מאגדת יופלה 4*תות 150ג 4*אפרסק 150ג בדצ,תנובה מרכז שיתופי לש,IL,מאגדת יופלה 4*תות 15,קילוגרמים,1.20,"ק""ג",false,,25.90,21.5833,true,1,1015684
7290000055015,false,פיראוס גבינת פטה כבשים 5% תנובה 250 גרם,תנובה מרכז שיתופי לש,IL,פיראוס גבינת פטה כבש,גרמים,250.00,100 גרם,false,,24.90,0.0996,true,1,1015717
7290000055329,false,"משקה בוקר יוגורט 1.5% בטעם תות מלון יופלה 250 מ""ל",תנובה מרכז שיתופי לש,IL,משקה בוקר יוגורט 1.5,מיליליטרים,250.00,"100 מ""ל",false,,4.90,0.0196,true,1,1015728
7290000055336,false,"משקה יוגורט 1.5% בטעם בננה אפרסק יופלה 250 מ""ל",תנובה מרכז שיתופי לש,IL,משקה יוגורט 1.5% בננ,מיליליטרים,250.00,"100 מ""ל",false,,4.90,0.0196,true,1,1015729
7290000055350,false,גבינה צהובה חריץ עמק 28% במשקל,תנובה מרכז שיתופי לש,IL,גבינת עמק 28% במשקל,קילוגרמים,1.00,"ק""ג",true,,44.70,44.7000,true,1,1271346
7290000056753,false,עמק קלאסית 28% שומן 200 גרם פרוס בדצ בקופסא,תנובה,IL,עמק 28% 200גר בדצ,גרמים,200.00,100 גרם,false,,15.90,0.0795,true,1,1015764
7290000056883,false,שמיניית יוגורט יופלה 3% טעמים שונים 150 גרם,תנובה מרכז שיתופי לש,IL,מאג 8*150ג יופלה פרי,קילוגרמים,1.20,"ק""ג",false,,27.90,23.2500,true,1,1015771
7290000056890,false,שמיניית דיאט יופלה 0% טעמים שונים 150 גרם,מיוצר עי קונדיטוריית,IL,מאג 8*150ג דיאט יופל,ליטרים,1.20,ליטר,false,,27.90,23.2500,true,1,1015772
7290000056906,false,מאגדת לבן טבעי 1.5% שומן 8 יח' * 150 ג' יופלה,מחלבת אלון תבור,IL,מאג 8*150ג יופלה לבן,ליטרים,1.20,ליטר,false,,16.90,14.0833,true,1,1015773
7290000056951,false,"תנובה, השף הלבן, שמנת לבישול 15% שומן 500 מל",תנובה מרכז שיתופי לש,IL,שף לבן שמנת לבישול +,מיליליטרים,500.00,"100 מ""ל",false,,15.90,0.0318,true,1,1015776
7290000057088,false,עמק גבינה צהובה פרוסה דק דק 28% תנובה 200 גרם,תנובה מרכז שיתופי לש,IL,עמק גבינה צהובה פרוס,גרמים,200.00,100 גרם,false,,14.90,0.0745,true,1,1015781
7290000057118,false,גבינה צהובה עמק 28% שומן ואקום 400 גרם,תנובה מרכז שיתופי לש,IL,עמק פרוס סמי מעדנייה,גרמים,400.00,100 גרם,false,,19.90,0.0497,true,1,1015783
7290000057132,false,יוגורט תנובה טבעי 1.5% גביע 200 גרם,מחלבת אלון תבור,IL,יוגורט תנובה טבעי 1.,מיליליטרים,200.00,"100 מ""ל",false,,3.00,0.0150,true,1,1015784
7290000057149,false,יוגורט תנובה טבעי 3% גביע 200 גרם,מיוצר עי קונדיטוריית,IL,יוגורט תנובה טבעי 3%,גרמים,200.00,100 גרם,false,,3.00,0.0150,true,1,1015785
7290000057552,false,יופלה דיאט עוגת גבינה ותות 0% גביע 150ג',תנובה חלב,IL,יופלה דיאט עוגת גבינ,מיליליטרים,150.00,"100 מ""ל",false,,4.80,0.0320,true,1,1015804
7290000058030,false,"שמיניית יופלה שטוזים משקה יוגורט תות 100 מ""ל",מיוצר עי קונדיטוריית,IL,יופלה משקה יוגורט תו,100 מל,100.00,100 מל,false,,19.90,0.1990,true,1,1015822
7290000058047,false,שמנת להקצפה 38% 500מל מהדרין עמיד השף הלבן,תנובה מרכז שיתופי לש,IL,שמנת 38% 500מל עם פק,מיליליטרים,500.00,"100 מ""ל",false,,12.80,0.0256,true,1,1015823
7290000058979,false,גיל בטעם תות 3% שומן 125 ג' תנובה,תנובה מרכז שיתופי לש,IL,גיל בטעם תות,גרמים,125.00,100 גרם,false,,1.30,0.0104,true,1,1015844
7290000060071,false,אוסם - חטיפי פריכונים מאורז מלא קלוי 80גר,"פרח תעשיות מזון בע""מ.",IL,חטיפי פריכונים בטעם,יח',1.00,יח',false,,7.50,7.5000,true,1,1019808
7290000060088,false,בייגלה מקלות מלוחים אסם 400 גרם,מיוצר עי קונדיטוריית,IL,בייגלה מקלות מלוחים,גרמים,400.00,100 גרם,false,,8.90,0.0223,true,1,1019809
7290000060163,false,אטריות דקות אסם 400 גרם,"אסם תעשיות בע""מ",IL,אטריות דקות אסם 400,גרמים,400.00,100 גרם,false,,4.90,0.0123,true,1,1019812
7290000060200,false,אוסם - פתיתים אפויים קוסקוס 500 גרם,"אסם תעשיות בע""מ",IL,פתיתים אפויים קוסקוס,גרמים,500.00,100 גרם,false,,4.90,0.0098,true,1,1019813
7290000060248,false,פסטה אסם פתיתים תלתלים 500 גר',קריות זול,IT,פסטה תלתלים אסם 500,גרמים,500.00,100 גרם,false,,4.90,0.0098,true,1,1019815
7290000060408,false,פתיתים אפויים טבעות אסם 500 גרם,"אסם השקעות בע""\מ",IL,פתיתים אפויים טבעות,גרמים,500.00,100 גרם,false,,4.90,0.0098,true,1,1019823
7290000060415,false,"פסטה פרפקטו לאזניה 500 ג' ""אסם""",אסם פרפקטו,IT,פרפקטו לזניה אסם 500,גרמים,500.00,100 גרם,false,,9.90,0.0198,true,1,1019824
7290000060576,false,פתיתים אפויים כוכבים אסם 500 גרם,"אסם השקעות בע""\מ",IL,פתיתים אפויים כוכבים,גרמים,500.00,100 גרם,false,,4.90,0.0098,true,1,1019833
7290000060781,false,פסטה מסולסלים אסם 500 גרם,קריות זול,IT,פסטה מסולסלים אסם 50,גרמים,500.00,100 גרם,false,,4.90,0.0098,true,1,1019836
7290000060828,false,פסטה קרניים בינוניות אסם 500 גרם,קריות זול,IT,פסטה קרניים בינוניות,גרמים,500.00,100 גרם,false,,4.90,0.0098,true,1,1019837
7290000060842,false,פסטה צדפים גדולים אסם 500 גרם,קריות זול,IT,פסטה צדפים גדולים אס,גרמים,500.00,100 גרם,false,,4.90,0.0098,true,1,1019838
7290000060880,false,פסטה ספגטי מספר 8 אסם 500 גרם,קריות זול,IT,ספגטי מספר 8 אסם 500,גרמים,500.00,100 גרם,false,,4.90,0.0098,true,1,1019841
7290000060903,false,אוסם - פתיתים אפויים אורז 500 גרם,"אסם השקעות בע""\מ",IL,פתיתים אפויים אורז א,גרמים,500.00,100 גרם,false,,4.90,0.0098,true,1,1019842
7290000060958,false,אטריות בינוניות אסם 400 גרם,"אסם השקעות בע""\מ",IL,אטריות בינוניות אסם,גרמים,400.00,100 גרם,false,,4.90,0.0123,true,1,1019844
7290000060965,false,איטריות מובחר רחבות 400 ג',"אסם השקעות בע""\מ",IL,אטריות רחבות אסם 400,גרמים,400.00,100 גרם,false,,4.90,0.0123,true,1,1019845
7290000061061,false,קרקר חיטה עם בצל אסם,"אסם השקעות בע""\מ",IL,קרקר בצל אסם 250 גרם,גרמים,250.00,100 גרם,false,,9.90,0.0396,true,1,1019847
7290000061085,false,"רוטב צילי מתוק 290 מ""ל-בקבוק","אסם השקעות בע""\מ",IL,רוטב צ'ילי מתוק אסם,מיליליטרים,290.00,"100 מ""ל",false,,8.90,0.0307,true,1,1019848
7290000061108,false,"רוטב טריאקי 290 מ""ל-בקבוק","אסם השקעות בע""\מ",IL,רוטב טריאקי אסם 290,מיליליטרים,290.00,"100 מ""ל",false,,8.90,0.0307,true,1,1019849
7290000061214,false,פתיתים אפויים קוסקוס עם בצל אסם 500 גרם,"אסם השקעות בע""\מ",IL,פתיתים אפויים קוסקוס,גרמים,500.00,100 גרם,false,,4.90,0.0098,true,1,1019850
7290000061245,false,עוגיות שוקוצ'יפס במילוי שוקולד אסם 220 גרם,מיוצר עי קונדיטוריית,IL,עוגיות שוקוצ'יפס עם,גרמים,220.00,100 גרם,false,,9.90,0.0450,true,1,1019851
7290000061764,false,קפה נמס מגורען רד מאג 200 גרם,נסטלה ספרד קפה,ES,קפה נמס מגורען רד מא,גרמים,200.00,100 גרם,false,,18.90,0.0945,true,1,1019854
7290000062129,false,"אינסטנט פודינג בטעם וניל אסם 1 ק""ג","אסם תעשיות בע""מ",IL,אינסטנט פודינג בטעם,גרמים,1000.00,100 גרם,false,,19.90,0.0199,true,1,1019859
7290000063140,false,שקדי מרק רכיבים טבעיים בשקית 400 ג' אסם,"אסם תעשיות בע""מ",IL,שקדי מרק בשקית אסם 4,גרמים,400.00,100 גרם,false,,9.90,0.0248,true,1,1019869
7290000063157,false,"קמח עוגה תופח מאליו אסם 1 ק""ג","אסם השקעות בע""\מ",IL,"קמח תופח אסם 1 ק""ג",קילו,1.00,קילו,false,,7.90,7.9000,true,1,1019870
7290000064758,false,קוסקוס בינוני אמיתי אסם 350 ג',"מיוצר ע""י קוד יצרן K",IL,קוסקוס בינוני אסם 35,גרמים,350.00,100 גרם,false,,7.50,0.0214,true,1,1019891
7290000065090,false,מיני קרוטונים מתובלים למרק ולסלט אסם 400 גרם,עינת תעשיות מזון אגו,IL,מיני קרוטונים מתובלי,גרמים,400.00,100 גרם,false,,20.90,0.0522,true,1,1019893
7290000065335,false,אוסם - מנה חמה פירה עם ירקות 55 גרם,"אסם תעשיות בע""מ",IL,מנה חמה פירה עם ירקו,גרמים,55.00,100 גרם,false,,4.90,0.0891,true,1,1019895
7290000065540,false,אוסם - מנה חמה פסטה מוקרמת בטעם עוף 55 גרם,"אסם תעשיות בע""מ",IL,מנה חמה פסטה מוקרמת,גרמים,55.00,100 גרם,false,,4.90,0.0891,true,1,1019896
7290000065557,false,אוסם - מנה חמה קוסקוס עם ירקות 84 גרם,"אסם תעשיות מזון בע""מ",IL,מנה חמה קוסקוס עם יר,גרמים,84.00,100 גרם,false,,4.90,0.0583,true,1,1019897
7290000065977,false,חטיפי פריכונים תירס שומשום אסם 80 גרם,"פרח תעשיות מזון בע""מ.",IL,פריכיות תירס שומשום,גרמים,80.00,100 גרם,false,,7.50,0.0938,true,1,1019906
7290000066141,false,ביסלי חטיף בטעם גריל אסם 70 גרם,"אסם השקעות בע""\מ",IL,ביסלי חטיף בטעם גריל,גרמים,70.00,100 גרם,false,,3.90,0.0557,true,1,1019910
7290000066196,false,ביסלי חטיף בטעם גריל אסם 200 גרם,מיוצר עי קונדיטוריית,IL,ביסלי חטיף בטעם גריל,גרמים,200.00,100 גרם,false,,6.50,0.0325,true,1,1019915
7290000066226,false,ביסלי חטיף בטעם פיצה אסם 200 גרם,מיוצר עי קונדיטוריית,IL,ביסלי חטיף בטעם פיצה,גרמים,200.00,100 גרם,false,,6.50,0.0325,true,1,1019918
7290000066264,false,דובונים חטיף תפוחי אדמה אסם 40 גרם,"אסם השקעות בע""\מ",IL,דובונים חטיף תפוחי א,גרמים,40.00,100 גרם,false,,3.90,0.0975,true,1,1019919
7290000066295,false,במבה מתוקה מחומרים טבעיים 30 גרם,מיוצר עי קונדיטוריית,IL,במבה מתוקה בטעם תות,גרמים,30.00,100 גרם,false,,2.50,0.0833,true,1,1019920
7290000066318,false,במבה חטיף בוטנים אסם 80 גרם,"אסם השקעות בע""\מ",IL,במבה חטיף בוטנים אסם,גרמים,80.00,100 גרם,false,,3.90,0.0487,true,1,1019922
7290000066349,false,אפרופו חטיף תירס אסם 100 גרם,מיוצר עי קונדיטוריית,IL,אפרופו חטיף תירס אסם,גרמים,100.00,100 גרם,false,,7.90,0.0790,true,1,1019924
7290000066431,false,פופקו חטיף פופקורן בטעם חמאה ודבש אסם 80 גרם,מיוצר עי קונדיטוריית,IL,פופקו חטיף פופקורן ב,גרמים,80.00,100 גרם,false,,4.50,0.0563,true,1,1019926
7290000067599,false,מנה חמה ספגטי ברוטב בולונז אסם 65 גרם,"אסם השקעות בע""\מ",IL,מנה חמה ספגטי ברוטב,גרמים,65.00,100 גרם,false,,4.90,0.0754,true,1,1019946
7290000067735,false,פרפקטו ניוקי בצקיות תפוחי אדמה 500 ג' אסם,גרנדי פסטי,IT,פרפקטו ניוקי אסם 500,גרמים,500.00,100 גרם,false,,10.90,0.0218,true,1,1019950
7290000068138,false,אינסטנט פודינג בטעם וניל אסם 80 גרם,מיוצר עי קונדיטוריית,IL,אינסטנט פודינג בטעם,גרמים,80.00,100 גרם,false,,4.90,0.0613,true,1,1019955
7290000068190,false,אסם ג'לי תות שדה צבעים טבעיים 90 גרם,מיוצר עי קונדיטוריית,IL,אבקה להכנת ג'לי בטעם,גרמים,90.00,100 גרם,false,,5.90,0.0656,true,1,1019959
7290000068343,false,אסם פריכונים פרוסות קלויות מלא,"פרח תעשיות מזון בע""מ.",IL,פריכיות מאורז מלא אס,גרמים,140.00,100 גרם,false,,6.90,0.0493,true,1,1019970
7290000068701,false,אסם שקדי מרק רכיבים טבע.מיכל 400 גרם,"אסם תעשיות בע""מ",IL,שקדי מרק במיכל אסם 4,גרמים,400.00,100 גרם,false,,15.90,0.0398,true,1,1019973
7290000068770,false,במבה יום הולדת חטיף בוטנים אסם 80 גרם,"אסם השקעות בע""\מ",IL,במבה יום הולדת חטיף,גרמים,80.00,100 גרם,false,,3.90,0.0487,true,1,1019976
7290000069364,false,פריכונים מאורז מלא ללא תוספת סוכר אסם 140 גרם,"פרח תעשיות מזון בע""מ.",IL,פריכונים מאורז מלא ל,גרמים,140.00,100 גרם,false,,6.90,0.0493,true,1,1019992
7290000069739,false,אוסם - חטיפי קרקר שומשום 300 גרם,מיוצר עי קונדיטוריית,IL,חטיפי קרקר שומשום אס,גרמים,300.00,100 גרם,false,,9.90,0.0330,true,1,1020000
7290000070308,false,אבקת מרק עוף אמיתי בשרי אסם 400 גרם,"אסם השקעות בע""\מ",IL,אבקת מרק עוף אמיתי ב,גרמים,400.00,100 גרם,false,,14.90,0.0373,true,1,1020009
7290000070322,false,אבקת מרק פטריות רכיבים טבעיים אסם 400 גרם,"אסם השקעות בע""\מ",IL,אבקת מרק פטריות רכיב,גרמים,400.00,100 גרם,false,,19.90,0.0497,true,1,1020011
7290000070353,false,אבקת מרק בצל רכיבים טבעיים אסם 400 גרם,"אסם השקעות בע""\מ",IL,אבקת מרק בצל רכיבים,גרמים,400.00,100 גרם,false,,19.90,0.0497,true,1,1020012
7290000072241,false,"רוטב פיצה 290 מ""ל-בקבוק","אסם השקעות בע""\מ",IL,רוטב לפיצה אסם 290 מ,מיליליטרים,290.00,"100 מ""ל",false,,8.90,0.0307,true,1,1020036
7290000072623,false,קטשופ אסם בקבוק לחיץ 750 גרם,"אסם תעשיות בע""מ",IL,קטשופ אסם 750 גרם,גרמים,750.00,100 גרם,false,,9.90,0.0132,true,1,1020039
7290000072630,false,קטשופ אסם חריף 750 גרם-בקבוק,"אסם תעשיות בע""מ",IL,קטשופ חריף אסם 750 ג,גרמים,750.00,100 גרם,false,,11.90,0.0159,true,1,1020040
7290000072753,false,קפה נמס מגורען טסטרס צ'ויס 200 גרם-,נסטלה קוריאה - קפה,KR,קפה נמס מגורען טסטרס,גרמים,200.00,100 גרם,false,,29.90,0.1495,true,1,1020045
7290000072777,false,קפה נמס מגורען נטול קפאין טסטרס צ'ויס 200 גרם,נסטלה קוריאה - קפה,KR,קפה נמס מגורען נטול,גרמים,200.00,100 גרם,false,,35.90,0.1795,true,1,1020047
7290000072968,false,דגני בוקר סיני מיניס חיטה מלאה וקינמון נסטלה 500 גרם,נסטלה פולין דגני בוק,PL,סיני מיניס דגנים 500,גרמים,500.00,100 גרם,false,,23.90,0.0478,true,1,1020053
7290000073125,false,מנה חמה פסטה ברוטב עגבניות אסם 62 גרם,"אסם השקעות בע""\מ",IL,מנה חמה פסטה ברוטב ע,גרמים,62.00,100 גרם,false,,4.90,0.0790,true,1,1020054
7290000073415,false,אוסם - מנה חמה פסטה ברוטב פיצה 61 גרם,"אסם השקעות בע""\מ",IL,מנה חמה פסטה ברוטב פ,גרמים,61.00,100 גרם,false,,4.90,0.0803,true,1,1020059
7290000073750,false,מנה חמה נודלס אטר+ירקות טעם עוף 70 גרם,PUB FOODS PRESIDENT THAI,TH,מנה חמה נודלס בטעם ע,גרמים,70.00,100 גרם,false,,4.90,0.0700,true,1,1020061
7290000073767,false,מנה חמה נודלס אטר.+ירקות טעם בקר 70 גרם,PUB FOODS PRESIDENT THAI,TH,מנה חמה נודלס בטעם ב,גרמים,70.00,100 גרם,false,,4.90,0.0700,true,1,1020062
7290000073774,false,מנה חמה נודלס אטר+ירקות טעם צילי 70 גרם,טאי רזידנט,TH,מנה חמה נודלס בטעם פ,גרמים,70.00,100 גרם,false,,4.90,0.0700,true,1,1020063
7290000074153,false,ביסקוויט פתי בר שוקולד אסם 500 גרם,מיוצר עי קונדיטוריית,IL,ביסקוויט פתי בר שוקו,גרמים,500.00,100 גרם,false,,8.90,0.0178,true,1,1020070
7290000074184,false,ביסקוויט פתי בר אסם 500 גרם,"אסם השקעות בע""\מ",IL,ביסקוויט פתי בר אסם,גרמים,500.00,100 גרם,false,,8.90,0.0178,true,1,1020072
7290000074245,false,אוסם - קרם קרקר אסם 250 גרם,"אסם השקעות בע""\מ",IL,קרם קרקר אסם 250 גרם,גרמים,250.00,100 גרם,false,,7.80,0.0312,true,1,1020073
7290000074276,false,קרקר פיקנטי טבעון 250 ג' אסם,"אסם השקעות בע""\מ",IL,קרקר פיקנטי אסם 250,גרמים,250.00,100 גרם,false,,9.90,0.0396,true,1,1020075
7290000074375,false,אוסם - קרקר זהב 150 גרם,"אסם השקעות בע""\מ",IL,קרקר זהב אסם 150 גרם,גרמים,150.00,100 גרם,false,,6.50,0.0433,true,1,1020080
7290000074481,false,לחמית אגוזים אסם 160 גרם,"אסם השקעות בע""\מ",IL,לחמית אגוזים אסם 160,גרמים,160.00,100 גרם,false,,8.90,0.0556,true,1,1020082
7290000074696,false,אסם קרם קרקר 4*1קג ח,"אסם השקעות בע""\מ",IL,"קרם קרקר אסם 1 ק""ג",גרמים,1000.00,100 גרם,false,,22.90,0.0229,true,1,1020085
7290000074764,false,קרקר הזהב אסם 900 גרם,"אסם השקעות בע""\מ",IL,קרקר זהב אסם 900 גרם,גרמים,900.00,100 גרם,false,,26.90,0.0299,true,1,1020089
7290000075204,false,אוסם - לחמית חיטה מלאה 250 גרם,"אסם השקעות בע""\מ",IL,לחמית חיטה מלאה אסם,גרמים,250.00,100 גרם,false,,7.90,0.0316,true,1,1020098
7290000075693,false,עוגת הבית שמרים בריוש שוקולד אסם 360 גרם,מיוצר עי קונדיטוריית,IL,עוגת הבית שמרים בריו,גרמים,360.00,100 גרם,false,,14.90,0.0414,true,1,1020103
7290000076126,false,אוסם - בייגלה שמיניות קטנות 80 גרם,"אסם השקעות בע""\מ",IL,בייגלה שמיניות קטנות,גרמים,80.00,100 גרם,false,,2.90,0.0362,true,1,1020105
7290000076133,false,בייגלה שמיניות קטנות עם מלח אסם 400 גרם,"אסם השקעות בע""\מ",IL,בייגלה שמיניות עם מל,גרמים,400.00,100 גרם,false,,8.90,0.0223,true,1,1020106
7290000076645,false,טוסטעים פת קלויה חיטה מלאה אסם 100 גרם,ון דר מולן האלום,NL,טוסטעים פת קלויה חיט,גרמים,100.00,100 גרם,false,,9.90,0.0990,true,1,1020116
7290000077017,false,עוגיות קרמוגית במילוי קרם שוקולד אסם 200 גרם,מיוצר עי קונדיטוריית,IL,עוגיות קרמוגית במילו,גרמים,200.00,100 גרם,false,,9.90,0.0495,true,1,1020121
7290000077253,false,אוסם - לחמית כפרית עם דגנים מלאים 190 גרם,"אסם השקעות בע""\מ",IL,לחמית כפרית עם דגנים,גרמים,190.00,100 גרם,false,,8.90,0.0468,true,1,1020126
7290000078762,false,אוסם - חטיפי פריכונים מאורז מלא בטעם דבש 80גר,סנורייס בלגיום אן. ו,GB,חטיפי פריכונים מאורז,גרמים,80.00,100 גרם,false,,6.90,0.0863,true,1,1020142
7290000079233,false,קרם קרקר דיאטטי דל נתרן 250 גרם,"אסם תעשיות בע""מ",IL,קרם קרקר דל נתרן אסם,גרמים,250.00,100 גרם,false,,9.90,0.0396,true,1,1020145
7290000080758,false,אוסם - טוסטעים פת קלוי 100 גרם,ון דר מולן האלום,NL,טוסטעים פת קלויה אסם,גרמים,100.00,100 גרם,false,,9.90,0.0990,true,1,1020154
7290000080765,false,טוסטעים פת קלויה עם שומשום אסם 100 גרם,ון דר מולן האלום,NL,טוסטעים פת קלויה עם,גרמים,100.00,100 גרם,false,,9.90,0.0990,true,1,1020155
7290000081663,false,"בייגלה טבעות שומשום אסם 300 גרם בד""ץ",מיוצר עי קונדיטוריית,IL,בייגלה טבעות שומשום,גרמים,300.00,100 גרם,false,,8.90,0.0297,true,1,1020157
7290000098756,false,עמלה כספומן,,,עמלה כספומן,יח',1.00,יח',false,,5.90,5.9000,true,1,5332829
7290000100029,false,פתיתי כרובית סנפרוסט 800 גרם,"סנפרוסט בע""מ",IL,פתיתי כרובית,גרמים,800.00,100 גרם,false,,19.90,0.0249,true,1,4611034
7290000100128,false,פירות קפואים תות סנפרוסט 300 ג',"סנפרוסט בע""מ",IL,פירות קפואים תות,גרמים,300.00,100 גרם,false,,12.90,0.0430,true,1,4611037
7290000100135,false,פירות קפואים סנפרוסט דובדבן 300 גר,"סנפרוסט בע""מ",IL,פירות קפואים דובדבן,גרמים,300.00,100 גרם,false,,12.90,0.0430,true,1,4611038
7290000101934,false,מיקס פירות יער מוקפאות 300 ג' סנפרוסט,"סנפרוסט בע""\מ",IL,מיקס פירות יער מוקפא,גרמים,300.00,100 גרם,false,,12.90,0.0430,true,1,2855624
7290000101941,false,אננס חתוך מוקפא סנפרוסט 300ג',"סנפרוסט בע""\מ",IL,אננס מוקפא 300 גר,גרמים,300.00,100 גרם,false,,12.90,0.0430,true,1,2855625
7290000101958,false,מנגו חתוך מוקפא סנפרוסט 300ג',"סנפרוסט בע""\מ",IL,מנגו מוקפא 300 גר,גרמים,300.00,100 גרם,false,,12.90,0.0430,true,1,2855626
7290000103433,false,"לקט ירקות לתנור 800 גרם ""סנפרוסט""","איי, בי, אינבוו",IL,לקט ירקות לתנור 800,גרמים,800.00,100 גרם,false,,21.90,0.0274,true,1,1678999
7290000103730,false,לקט להקפצה עם פסטה פוזילי סנפרוסט 800 גרם,"איי, בי, אינבוו",IL,לקט להקפצה עם פסטה פוזילי,גרמים,800.00,100 גרם,false,,22.90,0.0286,true,1,1015111
7290000103815,false,לקט להקפצה בסגנון תאילנדי סנפרוסט 800 גרם,"סנפרוסט בע""\מ",IL,לקט להקפצה בסגנון תאילנדי,גרמים,800.00,100 גרם,false,,22.90,0.0286,true,1,1015119
7290000103839,false,מרק כתום עשיר בירקות סנפרוסט 570 גרם,"סנפרוסט בע""\מ",IL,מרק כתום 12 יח' 570 גר,גרמים,570.00,100 גרם,false,,16.90,0.0296,true,1,1015121
7290000103846,false,מרק אפונה עשיר בירקות סנפרוסט 570 גרם,"סנפרוסט בע""\מ",IL,מרק אפונה 12 יח 570 גר,גרמים,570.00,100 גרם,false,,16.90,0.0296,true,1,1015122
7290000103860,false,מרק עדשים עשיר בירקות סנפרוסט 570 גרם,"איי, בי, אינבוו",IL,מרק עדשים 12 יח 570 גר,גרמים,570.00,100 גרם,false,,16.90,0.0296,true,1,1015124
7290000103877,false,מרק שעועית עשיר בירקות סנפרוסט 640 גרם,"סנפרוסט בע""\מ",IL,מרק שעועית 12 יח 640 גר,גרמים,640.00,100 גרם,false,,16.90,0.0264,true,1,1015125
7290000104188,false,סנפרוסט שעועית אדומה מבושלת 800 גרם,"סנפרוסט בע""\מ",IL,שעועית אדומה מוקפאת 14 יח,גרמים,800.00,100 גרם,false,,17.90,0.0224,true,1,1015135
7290000104201,false,אפונה עדינה סנפרוסט 600 גרם,"איי, בי, אינבוו",IL,אפונה עדינה 12 יח 600 ג,גרמים,600.00,100 גרם,false,,16.90,0.0282,true,1,1015136
7290000104218,false,סנפרוסט במיה 600 גרם,"איי, בי, אינבוו",IL,במיה 14 יח 600 ג,גרמים,600.00,100 גרם,false,,15.80,0.0263,true,1,1015137
7290000104676,false,אפונה קפואה סנפרוסט 800 גרם,"איי, בי, אינבוו",IL,אפונה גינה 20 יח 800 ג,גרמים,800.00,100 גרם,false,,14.90,0.0186,true,1,1015140
7290000104683,false,שעועית ירוקה שלמה סנפרוסט 800 גרם,"סנפרוסט בע""\מ",IL,שעועית ירוקה שלמה 16 יח 8,גרמים,800.00,100 גרם,false,,19.90,0.0249,true,1,1015141
7290000104690,false,תירס גרעינים 800 גרם סנפרוסט,"איי, בי, אינבוו",IL,גרעיני תירס 20 יח 800 ג,גרמים,800.00,100 גרם,false,,17.80,0.0223,true,1,1015142
7290000104706,false,גזר גמדי סנפרוסט 800 גרם,"סנפרוסט בע""\מ",IL,גזר גמדי 16 יח 800 ג,גרמים,800.00,100 גרם,false,,16.90,0.0211,true,1,1015143
7290000104713,false,פול ירוק סנפרוסט 800 גרם,"איי, בי, אינבוו",IL,פול ירוק 20 יח 800 ג,גרמים,800.00,100 גרם,false,,20.90,0.0261,true,1,1015144
7290000104720,false,שעועית ירוקה חתוכה סנפרוסט 800 גרם,"סנפרוסט בע""\מ",IL,שעועית ירוקה חתוכה 16 יח,גרמים,800.00,100 גרם,false,,16.90,0.0211,true,1,1015145
7290000104744,false,כרובית סנפרוסט 800 גרם,"סנפרוסט בע""\מ",IL,כרובית 12 יח 800 ג,גרמים,800.00,100 גרם,false,,23.90,0.0299,true,1,1015147
7290000104751,false,"כרוב ניצנים 800 גרם ""סנפרוסט""","איי, בי, אינבוו",IL,כרוב ניצנים 16 יח 800 ג,גרמים,800.00,100 גרם,false,,16.90,0.0211,true,1,1015148
7290000104768,false,תרד עלים סנפרוסט 800 ג ',"איי, בי, אינבוו",IL,עלי תרד 14 יח 800 ג,גרמים,800.00,100 גרם,false,,19.90,0.0249,true,1,1015149
7290000104775,false,תרד מדליונים סנפרוסט 800 גרם,"איי, בי, אינבוו",IL,מדליוני תרד 16 יח 800 ג,גרמים,800.00,100 גרם,false,,23.90,0.0299,true,1,1015150
7290000104799,false,שעועית לבנה מבושלת סנפרוסט 800 גרם,"איי, בי, אינבוו",IL,שעועית לבנה 16 יח 800 גר,גרמים,800.00,100 גרם,false,,14.90,0.0186,true,1,1015151
7290000104805,false,גרגירי חומוס מבושלים סנפרוסט 800 גרם,"איי, בי, אינבוו",IL,גרגירי חומוס 14 יח 800 גר,גרמים,800.00,100 גרם,false,,18.90,0.0236,true,1,1015152
7290000104836,false,שעועית ירוקה עדינה שלמה סנפרוסט 600 גרם,"סנפרוסט בע""\מ",IL,שעועית עדינה שלמה 12 יח,גרמים,600.00,100 גרם,false,,19.90,0.0332,true,1,1015155
7290000104904,false,לקט ירקות מעורבים סנפרוסט 800 גרם,"איי, בי, אינבוו",IL,ירקות מעורבים 14 יח 800 ג,גרמים,800.00,100 גרם,false,,23.00,0.0288,true,1,1015160
7290000104911,false,לקט נורמנדי סנפרוסט 800 גרם,"איי, בי, אינבוו",IL,לקט נורמנדי 12 יח 800 ג,גרמים,800.00,100 גרם,false,,16.90,0.0211,true,1,1015161
7290000107165,false,חטיף סויה אדממה סנפרוסט 400 גרם,"איי, בי, אינבוו",IL,סויה אדממה 20 יח 400 גרם,גרמים,400.00,100 גרם,false,,13.90,0.0348,true,1,1015166
7290000107189,false,תחתיות ארטישוק סנפרוסט 400 גרם,"איי, בי, אינבוו",IL,תחתיות ארטישוק 12 יח 400,גרמים,400.00,100 גרם,false,,19.90,0.0497,true,1,1015167
7290000107295,false,תפרחות ברוקולי סנפרוסט 800 גרם,"איי, בי, אינבוו",IL,תפרחות ברוקולי 12 יח 800,גרמים,800.00,100 גרם,false,,24.90,0.0311,true,1,1015172
7290000107615,false,ירקות ואננס להקפצה מנה אסייתית צבעונית ועשירה,"איי, בי, אינבוו",IL,מנה אסייתית צבעונית,גרמים,800.00,100 גרם,false,,22.90,0.0286,true,1,5878052
7290000111117,false,מרכך כביסה לבן בדין 4 ליטר,יוניליור ישראל טיפוח איש,IL,בדין מרכך כביסה לבן,ליטרים,4.00,ליטר,false,,19.90,4.9750,true,1,1021770
7290000111119,false,תפוח אדמה לבן ארוז,ביכורי השקמה,,תפוח אדמה לבן ארוז,קילוגרמים,1.00,"ק""ג",true,,2.30,2.3000,true,1,2494365
7290000111360,false,"חרדל אמיתי תלמה 250 גרם בד""צ",יוניליוור ישראל מזו,IL,חרדל תלמה 250 גרם-,גרמים,250.00,100 גרם,false,,5.90,0.0236,true,1,1021775
7290000111384,false,חרדל אמיתי בצנצנת 550 ג' תלמה,יוניליוור ישראל מזו,IL,חרדל תלמה 550 גרם,גרמים,550.00,100 גרם,false,,7.50,0.0136,true,1,1021776
7290000112220,false,טחינה גולמית שומשום טהור בארכה 500 גרם,"רושדי תעשיות מזון בע""\מ",IL,טחינה גולמית שומשום,גרמים,500.00,100 גרם,false,,13.90,0.0278,true,1,1027166
7290000112237,false,"טחינה גולמית שומשום טהור בארכה 1 ק""ג","רושדי תעשיות מזון בע""\מ",IL,טחינה גולמית שומשום,יח',1.00,יח',false,,19.90,19.9000,true,1,1027167
7290000112497,false,מרק עשיר עוף אטריות קנור 75 גרם - שקיות,יוניליוור ישראל מזון בע\,IL,קנור מרק עשיר עוף עם,גרמים,75.00,100 גרם,false,,11.90,0.1587,true,1,1021778
7290000116204,false,"אבקת מרק דגש בטעם עוף 1ק""ג קנור",יוניליוור ישראל מזון בע\,IL,מרק דגש מופחת נתרן ק,גרמים,1000.00,100 גרם,false,,13.70,0.0137,true,1,1021800
7290000116884,false,"רוטב ברביקיו קנור 300 גרם בד""צ",יוניליוור ישראל מזון בע\,IL,רוטב ברביקיו קנור 34,מיליליטרים,340.00,"100 מ""ל",false,,9.90,0.0291,true,1,1021801
7290000116921,false,רוטב צ'ילי מתוק 340 גרם קנור,יוניליוור ישראל מזון בע\,IL,רוטב צ'ילי מתוק קנור,מיליליטרים,300.00,"100 מ""ל",false,,9.90,0.0330,true,1,1021802
7290000117171,false,מרק טעם עוף דל קלוריות 48 גרם-קופסא,יוניליוור ישראל מזון,IL,"נמס בכוס בד""ץ טעם עו",יח',10.00,יח',false,,6.50,0.6500,true,1,1021807
7290000117720,false,נמס בכוס פטריות קנור 21.5 גרם מארז זוגי,יוניליוור ישראל מזון בע\,IL,"נמס בכוס פטריות בד""ץ",יח',1.00,יח',false,,6.50,6.5000,true,1,1021811
7290000120836,false,"מיונז אמיתי 394 גרם ""הלמנס""",קונפקו אינק' די.בי.א,CA,מיונז הלמנס 394 גרם,גרמים,394.00,100 גרם,false,,10.90,0.0277,true,1,1021824
7290000120874,false,ממרח מיונז הלמנס לייט 424 גרם,"יונילוור ארה""ב - HPC",US,מיונז הלמנס לייט 424,גרמים,424.00,100 גרם,false,,10.90,0.0257,true,1,1021825
7290000121031,false,החתול המחייך גבינה מותכת 14% מון בלאן 120 גרם,שלושת האופים,IL,החתול המחייך גבינה מ,גרמים,120.00,100 גרם,false,,8.90,0.0742,true,1,1024385
7290000121079,false,גבינה מותכת למריחה עם שום שמיר 9% מון בלאן 120 גרם,שלושת האופים,IL,גבינה מותכת למריחה ע,גרמים,120.00,100 גרם,false,,8.90,0.0742,true,1,1024387
7290000121093,false,גבינה מותכת לייט בטעם שוויצרי 7% מון בלאן 120 גר',האי נאם סי או אל.טי.,IL,גבינה מותכת לייט בטע,גרמים,120.00,100 גרם,false,,8.90,0.0742,true,1,1024388
7290000121109,false,גבינה מותכת לייט עם זיתים 7% מון בלאן 120 גרם,האי נאם סי או אל.טי.,IL,גבינה מותכת לייט עם,גרמים,120.00,100 גרם,false,,8.90,0.0742,true,1,1024389
7290000121154,false,גבינה מותכת לייט עם סלמון 7% מון בלאן 120 גרם,האי נאם סי או אל.טי.,IL,גבינה מותכת לייט עם,גרמים,120.00,100 גרם,false,,8.90,0.0742,true,1,1024391
7290000122830,false,"רוטב מקסיקני סצ'ואן קנור 300 מ""ל",יוניליוור ישראל מזון בע\,IL,רוטב מקסיקני סצ'ואן,מיליליטרים,300.00,"100 מ""ל",false,,9.90,0.0330,true,1,1021837
7290000129457,false,אבקת רוטב פטריות קנור 28 ג' שקית,יוניליוור ישראל מזון בע\,IL,רוטב פטריות קנור 28,גרמים,28.00,100 גרם,false,,3.90,0.1393,true,1,1021859
7290000130125,false,מצות אביב 400 גרם חמץ,מצות אביב 2014 מאפה בעמ,IL,מצות 400 גר,גרמים,400.00,100 גרם,false,,11.90,0.0298,true,1,1060395
7290000133645,false,שלישיית משחת שיניים סודה אורביטול 145 גרם,טרופיקל דגיל תעשיות קוסמ,IL,משחת שיניים בטעם מנט,גרמים,435.00,100 גרם,false,,16.50,0.0379,true,1,1022729
7290000133904,false,"מטהר אוויר דואופרש פסיפלורה תפוז סנו 300 מ""ל","סנו מפעלי ברונוס בע""מ",IL,דואופרש פסיפלורה ותפ,מיליליטרים,300.00,"100 מ""ל",false,,9.90,0.0330,true,1,1022735
7290000135045,false,"XL TEN משקה אנרגיה פתוח ללא סוכר 250 מ""ל","טמפו משקאות בע""\מ",IL,"XL פחית 250 מ""ל",מיליליטרים,250.00,"100 מ""ל",false,,3.80,0.0152,true,1,5664451
7290000135052,false,"XL TEN משקה אנרגיה מנגו ללא סוכר 250 מ""ל","טמפו משקאות בע""\מ",IL,"XL פחית 250 מ""ל",מיליליטרים,250.00,"100 מ""ל",false,,3.80,0.0152,true,1,5495817
7290000135113,false,"משקה אנרגיה XL פחית ten נענע ליים 250 מ""ל","טמפו משקאות בע""\מ",IL,"משקה אנרגיה לל""ס נענ",מיליליטרים,250.00,"100 מ""ל",false,,3.80,0.0152,true,1,6130767
7290000135311,false,פפסי קולה ליים 1.5 ללא סוכר,"טמפו משקאות בע""\מ",IL,פפסי מקס ליים 1.5 ל,ליטרים,1.50,ליטר,false,,6.90,4.6000,true,1,6230426
7290000135465,false,"מי סודה 500 מ""ל - מארז 12 בקבוקים","טמפו משקאות בע""\מ",IL,טמפו סודה 12* 500 מל,ליטרים,6.00,ליטר,false,,24.90,4.1500,true,1,6301252
7290000135595,false,פפסי מקס בטעם דובדבן 1.5 ללא סוכר,"טמפו משקאות בע""\מ",IL,פפסי מקס דובדבן 1.5,ליטרים,1.50,ליטר,false,,6.90,4.6000,true,1,6300025
7290000136141,false,משקה בטעם קולה 1.5ל' פפסי,"טמפו משקאות בע""\מ",IL,פפסי 1.5 ליטר,ליטרים,1.50,ליטר,false,,7.40,4.9333,true,1,6332264
7290000136158,false,פפסי מקס משקה מוגז דל קלוריות בטעם קולה,"טמפו משקאות בע""\מ",IL,פפסי מקס 1.5 ליטר,ליטרים,1.50,ליטר,false,,6.90,4.6000,true,1,6332265
7290000136165,false,משקה מירינדה 1.5ליטר,"טמפו משקאות בע""\מ",IL,מירינדה 1.5 ליטר,ליטרים,1.50,ליטר,false,,6.90,4.6000,true,1,6332235
7290000136172,false,סבן אפ בקבוק 1.5 ליט,"טמפו משקאות בע""\מ",IL,סבן אפ 1.5 ליטר,ליטרים,1.50,ליטר,false,,6.90,4.6000,true,1,6332266
7290000136189,false,סבן אף דיאט 1.5 ליטר בודד,"טמפו משקאות בע""\ם.",IL,דיאט סבן אפ 1.5 ליטר,ליטרים,1.50,ליטר,false,,6.90,4.6000,true,1,6332236
7290000136431,false,משקה בטעם אפרסק צלול תריסר 1.5 ל' ג'אמפ,"טמפו משקאות בע""\מ",IL,ג'אמפ אפרסק 1.5 ליטר,ליטרים,1.50,ליטר,false,,7.50,5.0000,true,1,6332212
7290000136455,false,משקה בטעם אשכוליות תריסר 1.5 ל' ג'אמפ,"טמפו משקאות בע""\ם.",IL,ג'אמפ אשכוליות 1.5 ל,ליטרים,1.50,ליטר,false,,7.50,5.0000,true,1,6332184
7290000136516,false,משקה בטעם מנגו פסיפלורה תריסר 1.5 ל' ג'אמפ,טמפו משקאות בעמ,IL,ג'אמפ מנגו פסיפלורה,ליטרים,1.50,ליטר,false,,7.50,5.0000,true,1,6332186
7290000136561,false,משקה בטעם תות בננה תריסר 1.5 ל' ג'אמפ,"טמפו משקאות בע""\מ",IL,ג'אמפ תות בננה 1.5 ל,ליטרים,1.50,ליטר,false,,7.50,5.0000,true,1,6332188
7290000136585,false,משקה בטעם תפוזים תריסר 1.5 ל' ג'אמפ,"טמפו משקאות בע""\ם.",IL,ג'אמפ תפוזים 1.5 ליט,ליטרים,1.50,ליטר,false,,7.50,5.0000,true,1,6332189
7290000136646,false,בירה נשר מאלט ללא אלכוהול 1.5 ליטר,"טמפו משקאות בע""\מ",IL,בירה שחורה נשר מאלט,ליטרים,1.90,ליטר,false,,8.80,4.6316,true,1,6332190
7290000136653,false,דיאט נשר מאלט ללא אלכוהול 1.5 ליטר,"טמפו משקאות בע""\מ",IL,בירה שחורה דיאט נשר,ליטרים,1.50,ליטר,false,,8.90,5.9333,true,1,6332191
7290000136660,false,סודה טמפו ליטר וחצי,טמפו,IL,סודה 1.5 ליטר,ליטרים,1.50,ליטר,false,,3.20,2.1333,true,1,6332559
7290000136691,false,מארז שישייה סבן אפ 1.5 ל',סבן אפ 7up,IL,סבן אפ 1.5לי שישייה,מטרים,1500.00,100 מ'ל,false,,37.90,0.0253,true,1,6332560
7290000136752,false,סבן אפ דיאט מארז שישייה 1.5 ל' FREE,"טמפו משקאות בע""\מ",IL,דיאט סבן אפ 1.5 ליטר,ליטרים,9.00,ליטר,false,,35.90,3.9889,true,1,6332241
7290000136769,false,מארז שישיה בטעם קולה 1.5 ל' פפסי,"טמפו משקאות בע""\מ",IL,פפסי 1.5 ליטר שישייה,ליטרים,9.00,ליטר,false,,35.80,3.9778,true,1,6332267
7290000136776,false,שישיית פפסי מקס דל קלוריות 1.5 ליטר,פפסי Pepsi,IL,פפסי מקס 1.5 ליטר שי,ליטרים,9.00,ליטר,false,,35.90,3.9889,true,1,6332268
7290000136790,false,שישיית מי סודה טמפו 1.5 ליטר,"טמפו משקאות בע""\מ",IL,טמפו סודה 6* 1.5 ליט,מטרים,9000.00,100 מ'ל,false,,15.90,0.0018,true,1,6332214
7290000136806,false,מארז סודה רביעייה לימון ליים 1.5 ל' טמפו,טמפו משקאות בעמ,IL,סודה לימון ליים 1.5,ליטרים,6.00,ליטר,false,,10.90,1.8167,true,1,6332243
7290000136813,false,סודה בטעם אננס מארז רביעייה 1.5 ל' טמפו,טמפו משקאות בע''מn\,IL,סודה אננס 1.5לי רביע,ליטרים,6.00,ליטר,false,,10.90,1.8167,true,1,6332561
7290000136820,false,סודה בטעם פירות יער מארז ריבעיה * 1.5 ל' טמפו,טמפו משקאות בע''מn\,IL,סודה פירות יער 1.5לי,ליטרים,6.00,ליטר,false,,10.90,1.8167,true,1,6332244
7290000136837,false,רביעיית מי סודה נגיעות אפרסק טמפו 1.5 ליטר,טמפו משקאות בע''מn\,IL,רביעייה סודה טעם אפר,ליטרים,1.50,ליטר,false,,10.90,7.2667,true,1,6332245
7290000136844,false,מארז מים מזוככים אקווה נובה שישיית 2 ליטר,"טמפו משקאות בע""\מ",IL,מים אקווה נובה 2 ליט,ליטרים,12.00,ליטר,false,,10.70,0.8917,true,1,6332192
7290000137513,false,גלידונית גלידה וניל בציפוי שוקולד 60 יח' קרמיסימו,"גלידת שטראוס בע""\מ, רחוב",IL,גלידונית קרמיסימו ונ,גרמים,630.00,100 גרם,false,,39.80,0.0632,true,1,1030811
7290000137643,false,שלגוני טעמקור בטעם שוקו וניל שטראוס 8*50 גרם,"גלידת שטראוס בע""\מ, רחוב",IL,שלגוני טעמקור בטעם ש,יח',1.00,יח',false,,31.90,31.9000,true,1,1030812
7290000139104,false,שלווה חיטה תפוחה מתוקה אשבול 230 גרם,"אשב""ל בע""מ",IL,שלווה חיטה תפוחה מתו,גרמים,230.00,100 גרם,false,,7.90,0.0343,true,1,1010917
7290000139180,false,שלווה חיטה מלאה תפוחה אשבול 140 גרם,אשבל מזון פונקציונלי,IL,שלווה חיטה מלאה תפוח,גרמים,140.00,100 גרם,false,,8.70,0.0621,true,1,1010920
7290000139227,false,דגן לבן משפחתי 150 גר' אשבול,אשבל מזון פונקציונלי,IL,אשבול דגן לבן 150גר,גרמים,150.00,100 גרם,false,,7.90,0.0527,true,1,1010923
7290000139234,false,דגן תפוח שלווה אשבול בטעם חמאה ודבש 150ג',אשבול,IL,אשבול דגן חמאה 150 ג,גרמים,150.00,100 גרם,false,,8.70,0.0580,true,1,1010924
7290000139609,false,שלווה פיצפוצי אורז רגיל מתוק אשבול 375 גרם,אשבול,IL,אשבול פצפוצי אורז 37,גרמים,375.00,100 גרם,false,,10.90,0.0291,true,1,1010939
7290000139623,false,פיצפוצי אורז לייט 375 גר' אשבול,אשבול,IL,פצפוצי אורז אשבול,גרמים,60.00,100 גרם,false,,10.90,0.1817,true,1,1010941
7290000143187,false,"הוואי - שמפו לגבר 700 מ""ל",שוורצקוף& הנקל דיסלד,IL,הוואי שמפו לגבר 700,מיליליטרים,700.00,"100 מ""ל",false,,8.90,0.0127,true,1,1016392
7290000143194,false,"הוואי שמפו+מרכך 2 ב 1 לשיער רגיל 700 מ""ל",טרופיקל דגיל קוסמטיק,IL,הוואי שמפו+מרכך לשיע,מיליליטרים,700.00,"100 מ""ל",false,,8.90,0.0127,true,1,1016393
7290000143217,false,"הוואי - שמפו לשיער יבש 700 מ""ל",שוורצקוף& הנקל דיסלד,IL,הוואי שמפו לשיער יבש,מיליליטרים,700.00,"100 מ""ל",false,,8.90,0.0127,true,1,1016395
7290000143279,false,"הוואי שמפו לשיער נגד קשקשים 700 מ""ל",שוורצקוף& הנקל דיסלד,IL,הוואי שמפו לשיער נגד,מיליליטרים,700.00,"100 מ""ל",false,,8.90,0.0127,true,1,1016398
7290000144160,false,"שמן זית כתית מעולה ארומתי עץ הזית 750 מ""ל","מרקאולאו, ספרד.אבסה,",IT,שמן זית כתית מעולה א,מיליליטרים,750.00,"100 מ""ל",false,,32.90,0.0439,true,1,1024921
7290000144467,false,שמן חמניות מועשר בנוגדי חמצון 1 ל' עץ הזית,"נארז ע""י : א.ג. גילר",GR,שמן בריאות חמניות עץ,ליטרים,1.00,ליטר,false,,13.90,13.9000,true,1,1024924
7290000144474,false,שמן עץ הזית קנולה 1 ליטר בריאות מהטבע,שמן תעשיות בעמ,EE,שמן בריאות קנולה עץ,ליטרים,1.00,ליטר,false,,14.80,14.8000,true,1,1024925
7290000146928,false,"משחת שיניים לילדים בטעם ענבים טום וג'רי 50 מ""ל",טרופיקל דגיל קוסמטיק,IL,משחת שיניים לילדים ב,גרמים,50.00,100 גרם,false,,7.90,0.1580,true,1,1016424
7290000146997,false,משחת שיניים לילדים מסטיק טום וג'רי 50 מל,טרופיקל דגיל קוסמטיק,IL,משחת שיניים לילדים מ,יח',1.00,יח',false,,7.90,7.9000,true,1,1016427
7290000149844,false,סבון רב שימושי סינטבון 230 גרם,סינטבון,IL,סבון רב שימושי סינטב,גרמים,230.00,100 גרם,false,,6.90,0.0300,true,1,1022738
7290000149905,false,טקסטיל נוזל לכביסה עדינה נקה 1 ליטר,מיוצר עי קונדיטוריית,IL,טקסטיל נוזל לכביסה ע,ליטרים,1.00,ליטר,false,,12.90,12.9000,true,1,1022741
7290000149943,false,"טקסטיל אבקת כביסה ביד נקה 1 ק""ג",קריות זול,IL,טקסטיל אבקת כביסה בי,ליטרים,1.00,ליטר,false,,12.90,12.9000,true,1,1022742
7290000152943,false,מארז פסטרמה כפרית וסלמי כפרי עוף טוב 2*350 גרם,מוצרי עוף טוב (2001) בע\,IL,מארז פסטרמה כפרית וס,גרמים,700.00,100 גרם,false,,18.90,0.0270,true,1,1020187
7290000153445,false,קציצות בקר מתובלות 100% רכיבים טבעיים,מולינו ניקולי s.p.a,IL,קציצות בקר מתובלות 1,גרמים,600.00,100 גרם,false,,29.90,0.0498,true,1,1020193
7290000153469,false,קציצות עוף קלאסיות 100% רכיבים טבעיים,"מוצרי עוף טוב (2001) בע""",IL,קציצות עוף קלאסיות 1,גרמים,600.00,100 גרם,false,,28.90,0.0482,true,1,1020194
7290000158105,false,שניצל עוף מיני דינוזאור ללא אנטיביוטיקה מ100% ר.טבעי,"מוצרי עוף טוב (2001) בע""",IL,שניצל עוף מיני דינוז,גרמים,700.00,100 גרם,false,,24.90,0.0356,true,1,1020226
7290000169538,false,"נמס בכוס עגבניות וקרוטונים מרק כשרות בד""ץ 62 ג' קנור",יוניליוור ישראל מזון בע\,IL,"נמס בכוס עגבניות בד""",גרמים,31.00,100 גרם,false,,6.50,0.2097,true,1,1022053
7290000174723,false,שוקולית אבקה להכנת משקה שוקו 500 גרם,הנסיך- מפעל לייצור ט,IL,שוקולית 500 גרם,גרמים,500.00,100 גרם,false,,11.90,0.0238,true,1,1018379
7290000176079,false,קפה עלית טורקי עם הל 100 גרם,הנסיך- מפעל לייצור ט,IL,קפה טורקי עם הל 100,גרמים,100.00,100 גרם,false,,8.90,0.0890,true,1,1018384
7290000176116,false,"קפה טורקי עלית וואקום 1 ק""ג",הנסיך- מפעל לייצור ט,IL,קפה טורקי - ואקום 1,לקג,1.00,לקג,false,,74.90,74.9000,true,1,1018387
7290000176147,false,קפה לפילטר קלוי וטחון מוקה מספר 1 עלית 500 גרם,ELITE CAFE SP. ZO.O,PL,קפה לפילטר קלוי וטחו,גרמים,500.00,100 גרם,false,,47.90,0.0958,true,1,1018388
7290000176413,false,קפה נמס אבקתי 50 ג' עלית,הנסיך- מפעל לייצור ט,IL,קפה נמס 50 גרם,גרמים,50.00,100 גרם,false,,8.90,0.1780,true,1,1018390
7290000176420,false,קפה נמס פחית עלית 200 גרם,שטראוס קפה בי.וי,IL,קפה נמס 200 גרם,גרמים,200.00,100 גרם,false,,18.90,0.0945,true,1,1018391
7290000176468,false,קפה נמס נטול קפאין 50 ג' קפה האג,"איי, בי, אינבוו",IL,קפה נמס האג נטול קפא,גרמים,50.00,100 גרם,false,,10.90,0.2180,true,1,1018392
7290000176475,false,האג קפה נמס נטול קפאין עלית 200 גרם,שטראוס גרופ,VN,האג קפה נמס נטול קפא,גרמים,200.00,100 גרם,false,,33.80,0.1690,true,1,1018393
7290000178707,false,תפוצ'יפס בטעם טבעי 50 גרם,"שטראוס פריטו ליי בע""\מ )",IL,תפוצ'יפס בטעם טבעי 5,גרמים,50.00,100 גרם,false,,3.50,0.0700,true,1,1026239
7290000178721,false,תפוצ'יפס בטעם טבעי 200 גרם,"שטראוס פריטו ליי בע""\מ )",IL,תפוצ'יפס בטעם טבעי 2,גרמים,200.00,100 גרם,false,,9.90,0.0495,true,1,1026241
7290000185330,false,סילאן טבעי תמר כנרת 900 גר,טעמי הגליל,IL,סילאן טבעי 900גר כנר,גרמים,900.00,100 גרם,false,,23.90,0.0266,true,1,6249562
7290000185590,false,סילאן טבעי בבקבוק לחיץ 650 גרם,"טעמי הגליל בע""\מ עבור וי",IL,סילאן טבעי בבקבוק לח,גרמים,635.00,100 גרם,false,,19.90,0.0313,true,1,6286924
7290000189598,false,מטליות לחות חד פעמיות לניקוי כללי 50 יח' ניקול,עלבד משואות יצחק בעמ,IL,מטליות לחות לניקוי כ,יח',50.00,יח',false,,9.90,0.1980,true,1,1028991
7290000189659,false,מטליות לחות לרצפה ניקול 10 יחידות,עלבד משואות יצחק בעמ,IL,מטליות לחות לרצפה ני,יח',10.00,יח',false,,9.90,0.9900,true,1,1028993
7290000189680,false,ניקול זוג מטליות לחות לרצפה,חוגלה קימברלי,IL,זוג מטליות לחות לרצפ,מיליליטרים,700.00,"100 מ""ל",false,,19.90,0.0284,true,1,1091075
7290000191225,false,חיתולים ליטל בייביז מידה 2 האגיס 46 יחידות,קימברלי קלארק שיווק,IL,האגיס ליטל שלב 2 44,יח',46.00,יח',false,,28.90,0.6283,true,1,1090860
7290000193014,false,מגן תחתון פדיות אינטרלוד לילי 50 יחידות,חוגלה קימברלי,CZ,מגן תחתון לילי 50 יח,יח',50.00,יח',false,,9.90,0.1980,true,1,1029033
7290000193076,false,"שלישיית מטליות לריצפה ""ניקול""",עופרטקס,IL,שלישיית מטליות רצפה,יח',3.00,יח',false,,9.90,3.3000,true,1,1076661
7290000193083,false,נובה-לי תחבושות היגייניות לילי 28 יחידות,חוגלה קימברלי,CZ,נובה-לי תחבושות היגי,יח',28.00,יח',false,,8.90,0.3179,true,1,1029034
7290000193205,false,תחבושות עם כנפיים ללילה נטורל לילי 20 יחידות,חוגלה קימברלי,BE,תחבושות לילה עם כנפי,יח',20.00,יח',false,,15.90,0.7950,true,1,1029037
7290000193472,false,מגן תחתון נטורל נורמל לילי 60 יחידות,חוגלה קימברלי,ES,מגן תחתון נטורל נורמ,יח',60.00,יח',false,,14.90,0.2483,true,1,1029039
7290000193540,false,מגן תחתון לונג נטורל לילי 52 יחידות,חוגלה קימברלי,ES,מגן תחתון ארוך נטורל,יח',52.00,יח',false,,14.90,0.2865,true,1,1029040
7290000193649,false,תחבושות עם כנפיים נורמל פלוס לילי 24 יחידות,חוגלה קימברלי,ES,תחבושות עם כנפיים נו,יח',24.00,יח',false,,15.90,0.6625,true,1,1029042
7290000193656,false,תחבושות עם כנפיים סופר פלוס לילי 24 יחידות,חוגלה קימברלי,ES,תחבושות עם כנפיים סו,יח',24.00,יח',false,,15.90,0.6625,true,1,1029043
7290000193793,false,לילי תחבושות אינטימי נורמל אולט' 24 יח',חוגלה קימברלי,ES,תחבושות נורמל אולטרה,יח',24.00,יח',false,,15.90,0.6625,true,1,1029047
7290000194536,false,חזה עוף טרי מחפוד אר,עוף ירושלים מהדרין,,חזה עוף טרי מחפוד אר,קילוגרמים,1.00,"ק""ג",true,,32.90,32.9000,true,1,6353787
7290000197012,false,שקיות ריצ'רץ' אחסון למזון ניקול 15 יחידות,חוגלה קימברלי,CN,שקיות ריצ'רץ' אחסון,יח',15.00,יח',false,,12.90,0.8600,true,1,1029078
7290000197029,false,שקיות ריצ'רץ' רב תכליתיות ניקול 12 יחידות,קריות זול,IL,שקיות ריצ'רץ' רב תכל,יח',12.00,יח',false,,12.90,1.0750,true,1,1029079
7290000197425,false,חיתולים פרידום דריי שלב 3 האגיס 52 יחידות,קימברלי קלארק ישראל,IL,האגיס פרידום דריי של,יח',52.00,יח',false,,41.90,0.8058,true,1,1164890
7290000197456,false,חיתולים פרידום דריי שלב 4 האגיס 44 יחידות,קימברלי קלארק ישראל,IL,האגיס פרידום דריי של,יח',44.00,יח',false,,41.90,0.9523,true,1,1164891
7290000197463,false,חיתולים פרידום דריי שלב +4 האגיס 40 יחידות,קימברלי קלארק ישראל,IL,האגיס פרידום דריי של,יח',40.00,יח',false,,41.90,1.0475,true,1,1164892
7290000197548,false,חיתולים פרידום דריי שלב 5 האגיס 36 יחידות,קימברלי קלארק ישראל,IL,האגיס פרידום דריי של,יח',36.00,יח',false,,41.90,1.1639,true,1,1164893
7290000197678,false,חיתולי האגיס פרידום דריי שלב 6 30 יחידות,קימברלי קלארק ישראל,IL,האגיס פרידום דריי של,יח',30.00,יח',false,,41.90,1.3967,true,1,1164894
7290000197876,false,תבניות אלומיניום קטנות עם מכסה ניקול 4 יחידות,חוגלה קימברלי,CN,תבניות אלומיניום קטנ,יח',4.00,יח',false,,8.90,2.2250,true,1,1029092
7290000204086,false,ניקול כרית קרצוף מארז שלישייה,חוגלה קימברלי,US,סקוטש קרצוף ניקול 3,יח',3.00,יח',false,,9.90,3.3000,true,1,1029136
7290000204147,false,רביעיית כרית יפנית עבה ניקול 4 יחידות,פלסטו פוליש (ברקן),IL,כריות יפניות עבות ני,יח',4.00,יח',false,,9.90,2.4750,true,1,1029137
7290000204215,false,שישיית כרית יפנית ניקול 6 יחידות,פלסטו פוליש (ברקן),IL,כריות יפניות ניקול 6,יח',6.00,יח',false,,9.90,1.6500,true,1,1029138
7290000204611,false,שישיית ספוגית הקסם ניקול 6 יחידות,חוגלה קימברלי,US,ספוגית הקסם ניקול 6,יח',6.00,יח',false,,9.90,1.6500,true,1,1029143
7290000207063,false,רוטב עגבניות פריכוז 28% 260 ג' יכין,היינץ צפון אמריקה מק,IL,רוטב עגב' פריכוז 240,גרמים,260.00,100 גרם,false,,3.80,0.0146,true,1,1028672
7290000207162,false,רוטב עגבניות מרכיב טבעי 100 ג' יכין,"זנלכל בע""\מ",IL,רוטב עגבניות 22BX יכ,גרמים,100.00,100 גרם,false,,2.20,0.0220,true,1,1028675
7290000207438,false,עגבניות 2.5 A קוביות 850 גרם יכין,"זנלכל בע""\מ",IL,עגבניות קוביות יכין,גרמים,800.00,100 גרם,false,,9.90,0.0124,true,1,1028676
7290000208022,false,עגבניות 2.5 A מרוסקות 850 גרם יכין,"זנלכל בע""\מ",IL,עגבניות מרוסקות יכין,גרמים,800.00,100 גרם,false,,9.90,0.0124,true,1,1028680
7290000208077,false,אפונת גינה רגילה 550 גרם יכין,"זנלכל בע""\מ",IL,אפונת גינה יכין 550,גרמים,335.00,100 גרם,false,,7.90,0.0236,true,1,1028682
7290000208114,false,"אפונה וגזר יכין A2 פ""ק בית יוסף","זנלכל בע""\מ",IL,אפונת גינה וגזר יכין,גרמים,335.00,100 גרם,false,,6.90,0.0206,true,1,1028685
7290000208138,false,סירופ דיאט בטעם ענבים יכין 1 ליטר,"זנלכל בע""\מ",IL,סירופ דיאט בטעם ענבי,ליטרים,1.00,ליטר,false,,16.70,16.7000,true,1,1028687
7290000208145,false,גרעיני תירס מתוק לייט 550 גרם יכין,"זנלכל בע""\מ",IL,תירס מתוק לייט יכין,גרמים,335.00,100 גרם,false,,9.90,0.0296,true,1,1028688
7290000208213,false,שעועית לבנה אפויה A2 ברוטב עגבניות יכין 560ג',היינץ צפון אמריקה מק,IL,שעועית לבנה ברוטב עג,גרמים,355.00,100 גרם,false,,6.90,0.0194,true,1,1028691
7290000208220,false,"שעועית צ'לי יכין פ""ק A2 בית יוסף",היינץ צפון אמריקה מק,IL,שעועית צ'ילי יכין 58,גרמים,355.00,100 גרם,false,,9.50,0.0268,true,1,1028692
7290000208312,false,גרעיני תירס מתוק בואקום יכין 400 גר',"זנלכל בע""\מ",IL,תירס מתוק יכין 400 ג,גרמים,246.00,100 גרם,false,,6.50,0.0264,true,1,1028697
7290000208329,false,גרעיני תירס מתוק 550 גרם יכין,"זנלכל בע""\מ",IL,תירס מתוק יכין 550 ג,גרמים,335.00,100 גרם,false,,6.90,0.0206,true,1,1028698
7290000208336,false,רסק יכין 240גר 22% יכין בית יוסף,"זנלכל בע""\מ",IL,רוטב עגבניות 22BX יכ,גרמים,240.00,100 גרם,false,,3.90,0.0162,true,1,1028699
7290000208343,false,עגבניות מרוסקות שום יכין A2.5 בית יוסף,היינץ צפון אמריקה מק,IL,עגבניות מרוסקות שום,גרמים,800.00,100 גרם,false,,9.90,0.0124,true,1,1028700
7290000208350,false,עגבניות מרוסקות בצל 850 גר יכין A 2.5,זנלכל,IL,עגבניות מרוסקות בצל,גרמים,800.00,100 גרם,false,,9.90,0.0124,true,1,1028701
7290000208367,false,עגבניות מרוסקות בתוספת בזיליקום 800 ג' יכין,זנלכל,IL,מרוסקות בזיליקום A2.,גרמים,800.00,100 גרם,false,,9.90,0.0124,true,1,1028702
7290000208404,false,פול מצרי יכין 350 גרם,"זנלכל בע""\מ",IL,פול יכין 580 גרם,גרמים,350.00,100 גרם,false,,7.90,0.0226,true,1,1028703
7290000208428,false,חומוס יכין שלם 550 גר A/2,"זנלכל בע""\מ",IL,חומוס יכין 550גרם,גרמים,290.00,100 גרם,false,,6.90,0.0238,true,1,1028704
7290000208459,false,"לקט אפונה, תפוחי אדמה וגזר יכין 550 גרם","זנלכל בע""\מ",IL,לקט אפונה תפוחי אדמ,גרמים,335.00,100 גרם,false,,9.90,0.0296,true,1,1028706
7290000208480,false,גרעיני תירס מתוק בטעם חמאה 550 גרם יכין,"זנלכל בע""\מ",IL,תירס מתוק בטעם חמאה,גרמים,550.00,100 גרם,false,,9.90,0.0180,true,1,1028707
7290000208534,false,גרעיני תירס מתוק לילדים 550 גרם יכין,"זנלכל בע""\מ",IL,תירס מתוק לילדים יכי,גרמים,335.00,100 גרם,false,,9.90,0.0296,true,1,1028708
7290000208855,false,רוטב לפסטה קלאסי 240 גרם יכין,"זנלכל בע""\מ",IL,רוטב פסטה קלאסי יכין,גרמים,240.00,100 גרם,false,,5.50,0.0229,true,1,1028711
7290000208893,false,גרעיני תירס מתוק לייט 400 גרם יכין,היינץ צפון אמריקה מק,IL,תירס מתוק לייט יכין,גרמים,246.00,100 גרם,false,,6.50,0.0264,true,1,1028712
7290000208930,false,עגבניות מרוסקות בתוספת שום 240 גרם יכין,"זנלכל בע""מ",IL,מרוסקות שום 240 יכין,גרמים,240.00,100 גרם,false,,5.50,0.0229,true,1,1028714
7290000208947,false,עגבניות מרוסקות יכין 260 גרם,היינץ צפון אמריקה מק,IL,עגבניות מרוסקות 240,גרמים,240.00,100 גרם,false,,5.50,0.0229,true,1,1028715
7290000208978,false,רוטב עגבניות פריכוז יכין 100 גרם,היינץ צפון אמריקה מק,IL,ר.עגב' פריכוז 100 יכ,גרמים,100.00,100 גרם,false,,2.90,0.0290,true,1,1028716
7290000209012,false,חומץ 1ליטר יכין הדרים,"זנלכל בע""\מ",IL,חומץ 5% יכין 1 ליטר,ליטרים,1.00,ליטר,false,,5.90,5.9000,true,1,1028718
7290000209043,false,מיץ לימון לתיבול יכין 1 ליטר,היינץ צפון אמריקה מק,IL,מיץ לימון לתיבול יכי,100 יח',1000.00,100 יח',false,,5.90,0.0059,true,1,1028720
7290000209173,false,חומצה אצטית למזון 5% יכין 1 ליטר,"זנלכל בע""\מ",IL,חומצה אצטית למזון 5%,100 מל,1000.00,100 מל,false,,4.50,0.0045,true,1,1028722
7290000209371,false,תירס מתוק יכין 200 גרם מארז 3 יח',היינץ צפון אמריקה מק,IL,תירס מתוק יכין 200 ג,גרמים,495.00,100 גרם,false,,14.90,0.0301,true,1,1184248
7290000209555,false,סירופ דיאט בטעם תפוחים יכין 1 ליטר,"זנלכל בע""\מ",IL,סירופ דיאט בטעם תפוח,ליטרים,1.00,ליטר,false,,16.70,16.7000,true,1,1028735
7290000209708,false,עגבניות מרוסקות עם בזיליקום יכין 240 גרם,היינץ צפון אמריקה מק,IL,עגבניות מרוסקות עם ב,גרמים,240.00,100 גרם,false,,5.50,0.0229,true,1,1028739
7290000209722,false,רוטב עגבניות פריכוז יכין 580 גרם,"זנלכל בע""\מ",IL,פריכוז יכין 580 ג' A,גרמים,580.00,100 גרם,false,,9.90,0.0171,true,1,1028741
7290000209906,false,עגבניות מרוסקות בתוספת בצל 240 גרם יכין,היינץ צפון אמריקה מק,IL,עגבניות מרוסקות בצל,גרמים,240.00,100 גרם,false,,5.50,0.0229,true,1,1028742
7290000209913,false,עגבניות חתוכות לקוביות 240 גרם יכין,"זנלכל בע""\מ",IL,עגבניות קוביות 240 י,גרמים,240.00,100 גרם,false,,5.50,0.0229,true,1,1028743
7290000209944,false,רוטב לעגבניות בסיס לשקשוקה 240 ג' יכין,"זנלכל בע""\מ",IL,רוטב לשקשוקה יכין 24,גרמים,240.00,100 גרם,false,,5.50,0.0229,true,1,1028744
7290000209951,false,רוטב עגבניות לפיצה 260 גרם יכין,"זנלכל בע""\מ",IL,רוטב פיצה יכין 240 ג,מיליליטרים,240.00,"100 מ""ל",false,,5.50,0.0229,true,1,1028745
7290000209968,false,רוטב עגבניות ללזניה יכין 240 גרם,"זנלכל בע""\מ",IL,רוטב לזניה 240 יכין,גרמים,240.00,100 גרם,false,,5.50,0.0229,true,1,1028746
7290000210469,false,עגבניות שלמות יכין A2.5 בית יוסף,זנלכל,IL,עגבניות שלמות יכין 8,גרמים,800.00,100 גרם,false,,9.90,0.0124,true,1,1028753
7290000210896,false,רוטב לפסטה בולונז 240 גרם יכין,"זנלכל בע""\מ",IL,רוטב פסטה בולונז יכי,גרמים,240.00,100 גרם,false,,5.50,0.0229,true,1,1028762
7290000211169,false,"אורז תאילנדי אחד אחד סוגת 1 ק""ג",האי נאם סי או אל.טי.,IL,"אורז תאילנדי 1 ק""ג",גרמים,1000.00,100 גרם,false,,6.80,0.0068,true,1,1022443
7290000211312,false,"אורז מלא ארוך סוגת 1 ק""ג",האי נאם סי או אל.טי.,IL,"אורז מלא 1 ק""ג",גרמים,1000.00,100 גרם,false,,7.90,0.0079,true,1,1022444
7290000211442,false,"אורז פרסי קלאסי סוגת 1 ק""ג",האי נאם סי או אל.טי.,IL,"אורז פרסי סוגת 1 ק""ג",גרמים,1000.00,100 גרם,false,,10.80,0.0108,true,1,1022447
7290000211503,false,סוכר לבן ארוז בשקית,"סוגת תעשיות בע""\מ",IL,"סה""כ סוכר לבן 1 ק""ג",גרמים,1000.00,100 גרם,false,,3.90,0.0039,true,1,1022448
7290000211626,false,"סוגת אורז חיש 1 ק""ג","סוגת תעשיות בע""\מ",IL,"אורש חיש 1 ק""ג",גרמים,1000.00,100 גרם,false,,7.90,0.0079,true,1,1022449
7290000211985,false,"סוגת אורז עגול ריזוטו 1 ק""ג","סוגת תעשיות בע""\מ",IL,"אורז עגול 1 ק""ג",גרמים,1000.00,100 גרם,false,,7.90,0.0079,true,1,1022451
7290000214115,false,מרק עוף צנצנת 400 גרם-ויטה,"פרי הגליל בע""""מ",IL,מרק עוף צנצנת ויטה 4,גרמים,400.00,100 גרם,false,,9.90,0.0248,true,1,1046569
7290000226545,false,"עוגת טורט היער השחור קפולסקי 1 ק""ג",קפולסקי שיווק וקמעונ,IL,עוגת טורט היער השחור,יח',1.00,יח',false,,63.90,63.9000,true,1,1046572
7290000226552,false,קפולסקי עוגת טורט ריבת חלב+ קוקוס קפוא,קפולסקי שיווק וקמעונ,IL,עוגת טורט ריבת חלב ע,גרמים,1000.00,100 גרם,false,,63.90,0.0639,true,1,1046573
7290000226569,false,"עוגת טורט קצפת שוקולד קפולסקי 1 ק""ג",תופינים מקבוצת קפולסקי,IL,עוגת טורט קצפת שוקול,קילוגרמים,1.00,"לק""ג",false,,63.90,63.9000,true,1,1314092
7290000226613,false,עוגת דובוש מצופה שוקולד קפולסקי 450 גרם,תופינים מקבוצת קפולסקי,IL,עוגת דובוש מצופה בטע,גרמים,450.00,100 גרם,false,,38.90,0.0864,true,1,1046576
7290000238029,false,"בצק עלים צרפתי מרודד מעדנות 1 ק""ג",מיוצר עי קונדיטוריית,IL,"בצק עלים מרודד 1 ק""ג מעדנ",גרמים,1000.00,100 גרם,false,,15.90,0.0159,true,1,1015175
7290000238036,false,מלאווח בקופסא מעדנות 700 גרם,מיוצר עי קונדיטוריית,IL,מלאווח 700גר מעדנות,גרמים,700.00,100 גרם,false,,12.90,0.0184,true,1,1015176
7290000238173,false,בורקס גבינה מעדנות 800 גרם,מיוצר עי קונדיטוריית,IL,בורקס גבינה מעדנות 800גר,גרמים,800.00,100 גרם,false,,14.90,0.0186,true,1,1015177
7290000238180,false,בורקס תפוחי אדמה מעדנות 800 גרם,מיוצר עי קונדיטוריית,IL,"בורקס תפו""א 800 גרם מעדנו",גרמים,800.00,100 גרם,false,,14.90,0.0186,true,1,1015178
7290000244051,false,"הוואי שלישיית סבון נוזלי משב טרופי 500 מ""ל",טרופיקל דגיל,IL,הוואי סבון נוזלי אדו,ליטרים,1.50,ליטר,false,,14.90,9.9333,true,1,1016431
7290000244082,false,"הוואי שלישיית סבון נוזלי שמיים כחולים 500 מ""ל",טרופיקל דגיל,IL,הוואי סבון נוזלי כחו,ליטרים,1.50,ליטר,false,,14.90,9.9333,true,1,1016433
7290000244143,false,"הוואי - קרם לאחר גילוח 120 מ""ל",טרופיקל דגיל קוסמטיק,IL,קרם לאחר גילוח הוואי,מיליליטרים,120.00,"100 מ""ל",false,,16.90,0.1408,true,1,1016436
7290000244761,false,"קרם ידיים ולווטה 100 מ""ל",טרופיקל דגיל קוסמטיק,IL,קרם ידים ולווטה 100,מטרים,100.00,100 מ'ל,false,,8.90,0.0890,true,1,1016446
7290000245072,false,סוד מרכך כביסה בייבי סנסטיב 4 ליטר,"הנקל סוד בע""\מ",IL,סוד מרכך כביסה תינוק 4 לי,ליטרים,4.00,ליטר,false,,17.90,4.4750,true,1,1016449
7290000245157,false,מרכך כביסה סנסיישין לבן 4 ל' סוד,"הנקל סוד בע""\מ",IL,סוד מרכך כביסה סנסיישן 4,ליטרים,4.00,ליטר,false,,17.90,4.4750,true,1,1016452
7290000245294,false,"פרסיל אבקה לכביסה לבנה רגיל 2.5 ק""ג","הנקל סוד בע""\מ",IL,"פרסיל אבקת כביסה 2.5 ק""ג",קילוגרמים,2.50,"ק""ג",false,,24.90,9.9600,true,1,1016458
7290000245782,false,סוד ורוד מסתורי 4 ל מרכך כביסה,"הנקל סוד בע""\מ",IL,סוד מרכך כביסה ורוד 4 ליט,ליטרים,4.00,ליטר,false,,17.90,4.4750,true,1,1016476
7290000245799,false,סוד כחול מרענן 4 ל מרכך כביסה,"הנקל סוד בע""\מ",IL,סוד מרכך כביסה כחול 4 ליט,ליטרים,4.00,ליטר,false,,17.90,4.4750,true,1,1016477
7290000253244,false,מרציפן נקי אופנהיימר 86 גר,אחים מזרחי,IL,מרציפן 86 גרם,יח',1.00,יח',false,,8.90,8.9000,true,1,5818702
7290000253251,false,שוקולד צ'יפס לבן אופנהיימר 250 גרם,אופנהיימר,IL,שוקולד צ'יפס לבן 250,גרמים,250.00,100 גרם,false,,9.90,0.0396,true,1,6294902
7290000253374,false,מיני שוקולד צ'יפס 250 גרם- 66% מוצקי קקאו,אופנהיימר,IL,מיני שוקולד ציפס 250,גרמים,250.00,100 גרם,false,,14.90,0.0596,true,1,6305416
7290000253381,false,שוקולד ציפס 500 ג-אופינהיימר,אופנהיימר,IL,שוקולד ציפס 500 ג-או,גרמים,500.00,100 גרם,false,,14.60,0.0292,true,1,6280780
7290000253800,false,סוכריות לקישוט צבעוניות 90 גרם - צבעים טבעיים,אופנהיימר,IL,סוכריות לקישוט צבעונ,יח',1.00,יח',false,,8.90,8.9000,true,1,5818703
7290000263359,false,חיתולים ליטל בייביז מידה 1 האגיס 40 יחידות,קימברלי קלארק שיווק,IL,האגיס ליטל בייביס מי,יח',40.00,יח',false,,28.90,0.7225,true,1,1029161
7290000272443,false,סירופ דיאט בטעם תפוזים עסיס 1 ליטר,בית-השיטה עסיס תעשיות מז,IL,סירופ דיאט בטעם תפוז,ליטרים,1.00,ליטר,false,,17.90,17.9000,true,1,1020250
7290000272467,false,עסיס פטל דיאט סירופ 1 ליטר,בית-השיטה עסיס תעשיות מז,IL,סירופ דיאט פטל עסיס,ליטרים,1.00,ליטר,false,,17.90,17.9000,true,1,1020251
7290000272696,false,עסיס מיץ לימון טבעי משומר 1 ל' אסם,בית-השיטה עסיס תעשיות מז,IL,עסיס מיץ לימון משומר,100 מל,1000.00,100 מל,false,,7.90,0.0079,true,1,1020252
7290000272726,false,חומץ רכיבים רכיבים טבעיים 5% עסיס 1 ליטר,בית-השיטה עסיס תעשיות מז,IL,חומץ רכיבים רכיבים ט,100 מל,1000.00,100 מל,false,,5.90,0.0059,true,1,1020253
7290000286228,false,ספוגיות לניקוי כללי סנו סושי 6 יחידות,סנו מפעלי ברונו בעמ,IL,כריות יפניות סנו סוש,יח',6.00,יח',false,,9.90,1.6500,true,1,1022748
7290000286297,false,"אנטי קאלק מסיר אבנית מקומקום סנו 700 מ""ל",סנו מפעלי ברונוס בעמ,IL,אנטי קאלק מסיר אבנית,מיליליטרים,700.00,"100 מ""ל",false,,9.90,0.0141,true,1,1022749
7290000286549,false,מטליות לניקוי כללי סנו סושי 9 יחידות,נועם אורים תעשיות בע,IL,מטליות לניקוי כללי ס,יח',9.00,יח',false,,9.90,1.1000,true,1,1022756
7290000286594,false,אבקה לניקוי במיכל לימון X סנו 600 גרם,סנו מפעלי ברונוס בעמ,IL,אבקה לניקוי ריח לימו,גרמים,600.00,100 גרם,false,,9.90,0.0165,true,1,1022758
7290000286761,false,ניילון נצמד סנו סושי פלסטיק מארז 30X2 מ',מיוצר עי קונדיטוריית,CN,ניילון נצמד פלסטיק ס,יח',2.00,יח',false,,9.90,4.9500,true,1,1022761
7290000286891,false,"נוזל ריצפה מגן קריסטל 1 ליטר ""סנו""","סנו מפעלי ברונוס בע""",IL,נוזל לרצפה מגן קריסט,ליטרים,1.00,ליטר,false,,25.90,25.9000,true,1,1022763
7290000286921,false,"ספריי להסרת כתמים סנו קל 750 מ""ל",סנו מפעלי ברונוס בעמ,IL,סנו קל רסס וכבס 750,מיליליטרים,750.00,"100 מ""ל",false,,10.90,0.0145,true,1,1022766
7290000286945,false,"נוזל+אקדח לניקוי רהיט ""סנו""","סנו מפעלי ברונוס בע""\מ",IL,תרסיס רהיט סנו 500 מ,מיליליטרים,500.00,"100 מ""ל",false,,25.90,0.0518,true,1,1022767
7290000287195,false,"סנו רהיט ספריי עשיר בווקס להברקה 305 מ""ל",מיוצר עי קונדיטוריית,IL,סנו רהיט תרסיס לניקו,מיליליטרים,300.00,"100 מ""ל",false,,13.70,0.0457,true,1,1022771
7290000287492,false,"סנובון נוזל לניקוי אסלות בריח לימון סנו 750 מ""ל","סנו מפעלי ברונוס בע""מ",IL,סנובון נוזל לניקוי א,מיליליטרים,750.00,"100 מ""ל",false,,8.90,0.0119,true,1,1022778
7290000288017,false,אקונומיקה בריח לימון סנו ז'אוול 1 ליטר,"סנו מפעלי ברונוס בע""",IL,אקונומיקה בריח לימון,ליטרים,1.00,ליטר,false,,7.90,7.9000,true,1,1022789
7290000288024,false,סנו - ז'אוול אקונומיקה בריח לימון 4 ליטר,"סנו מפעלי ברונוס בע""מ",IL,אקונומיקה בריח לימון,ליטרים,4.00,ליטר,false,,16.90,4.2250,true,1,1022790
7290000288031,false,סנו אקונומיקה 4 ליטר תו תקן,"סנו מפעלי ברונוס בע""",IL,אקונומיקה כחולה סנו,ליטרים,4.00,ליטר,false,,10.90,2.7250,true,1,1022791
7290000288086,false,אבקת ניקוי עם אקונומיקה בריח לימון סנו ז'אוול 600 ג',מיוצר עי קונדיטוריית,IL,אבקת ניקוי עם אקונומ,גרמים,600.00,100 גרם,false,,9.90,0.0165,true,1,1022794
7290000288291,false,סנומט דוחה יתושים לוחיות אידוי 30 יחידות,טרופיקל דגיל תעשיות,IT,סנומט דוחה יתושים לו,יח',1.00,יח',false,,11.90,11.9000,true,1,1022798
7290000288307,false,סנומט דוחה יתושים- מכשיר+ 30 טבליות,קריות זול,IT,מכשיר סנומט+30 טבליו,יח',1.00,יח',false,,24.90,24.9000,true,1,1022799
7290000288352,false,"קוטל חרקים וזוחלים K-300 סנו 630 מ""ל","סנו מפעלי ברונוס בע""מ",IL,קוטל חרקים K300 סנו,מיליליטרים,630.00,"100 מ""ל",false,,19.90,0.0316,true,1,1022801
7290000288383,false,"קוטל נמלים ותיקנים K-500 סנו 400 מ""ל",מיוצר עי קונדיטוריית,IL,קוטל זוחלים K500 סנו,מיליליטרים,400.00,"100 מ""ל",false,,19.90,0.0497,true,1,1022802
7290000288390,false,"קוטל זבובים ויתושים K-600 סנו 500 מ""ל","סנו מפעלי ברונוס בע""מ",IL,קוטל זבובים ויתושים,מיליליטרים,500.00,"100 מ""ל",false,,19.90,0.0398,true,1,1022803
7290000288642,false,מקסימה מרכך כביסה סנסיטיב בייבי סנו 4 ליטר,"סנו מפעלי ברונוס בע""\מ",IL,מקסימה מרכך כביסה סנ,ליטרים,4.00,ליטר,false,,21.50,5.3750,true,1,1022812
7290000289069,false,סנו - ז'אוול מרסס קצף ניקוי בתוספת אקונומיקה בריח לימון 1 ליטר,"סנו מפעלי ברונוס בע""מ",IL,קצף לניקוי כללי בריח,ליטרים,1.00,ליטר,false,,16.90,16.9000,true,1,1022817
7290000289380,false,"סנו - ז'אוול לניקוי אסלות לימון 750 מ""ל",סנו מפעלי ברונוס בעמ,IL,ג'ל לניקוי אסלה ז'או,מיליליטרים,750.00,"100 מ""ל",false,,10.80,0.0144,true,1,1022824
7290000289472,false,סנו סושי שקיות אשפה - 50 יחידות,מיוצר עי קונדיטוריית,IL,סנו סושי שקיות אשפה,יח',50.00,יח',false,,16.90,0.3380,true,1,1022826
7290000289496,false,"סנו - ז'אוול ג'ל קרם לניקוי כללי לימון 750 מ""ל","סנו מפעלי ברונוס בע""\מ",IL,קרם לניקוי כללי לימו,מיליליטרים,750.00,"100 מ""ל",false,,10.80,0.0144,true,1,1022827
7290000289595,false,"אורביטול משחת שיניים לילדים בטעם תות שדה 145 מ""ל",טרופיקל דגיל תעשיות קוסמ,IL,משחת שיניים לילדים ב,מיליליטרים,145.00,"100 מ""ל",false,,6.90,0.0476,true,1,1022829
7290000289748,false,"מסיר שומנים לתנורים פורטה פלוס סנו 750 מ""ל","סנו מפעלי ברונוס בע""\מ",IL,מסיר שומנים לתנורים,מיליליטרים,750.00,"100 מ""ל",false,,12.80,0.0171,true,1,1022832
7290000291857,false,פוליויקס נוזל רצפות בניחוח גולדן סאנרייז סנו 2 ליטר,סנו פוליויקס,IL,פוליויקס נוזל רצפות,ליטרים,2.00,ליטר,false,,19.90,9.9500,true,1,1022840
7290000291932,false,"סנובון נוזל לניקוי אסלה בניחוח לבנדר סנו 750 מ""ל","סנו מפעלי ברונוס בע""מ",IL,סנובון נוזל לניקוי א,מיליליטרים,750.00,"100 מ""ל",false,,8.90,0.0119,true,1,1022842
7290000291963,false,אקונומיקה סמיכה בריח לימון סנו ז'אוול 1 ליטר,קריות זול,IL,אקונומיקה סמיכה בריח,ליטרים,1.00,ליטר,false,,7.90,7.9000,true,1,1022844
7290000292007,false,K3 פיתיון ג'ל קוטל תיקנים (ג'וקים) בבית ובחצר,מיוצר עי קונדיטוריית,IL,סנו K3 פיתיון ג'ל קו,יח',1.00,יח',false,,39.90,39.9000,true,1,5332851
7290000292137,false,"נוזל לניקוי וטיפול מוצרי עור סנו 500 מ""ל",מיוצר עי קונדיטוריית,IL,נוזל לניקוי וטיפול מ,מיליליטרים,500.00,"100 מ""ל",false,,29.90,0.0598,true,1,1022845
7290000292533,false,סנו גל לניקוי כללי על בסיס שמן אורנים 1ל,החברה הדרומית,IL,ג'ל לניקוי כללי סנו,ליטרים,1.00,ליטר,false,,16.90,16.9000,true,1,1022851
7290000292557,false,סנומט מלוי נוזלי דוחה יתושים 45 לילות,טרופיקל דגיל תעשיות,IT,סנומט דוחה יתושים מי,יח',1.00,יח',false,,14.90,14.9000,true,1,1022853
7290000292687,false,סנובון מוצק לניקוי אסלה קלאסיק כחול סנו 3 יחידות,מיוצר עי קונדיטוריית,IL,סנובון מוצק לניקוי א,יח',3.00,יח',false,,14.90,4.9667,true,1,1022858
7290000292915,false,"תרסיס לניקוי כללי רסס ונגב סנו 750 מ""ל","סנו מפעלי ברונוס בע""\מ",IL,תרסיס לניקוי כללי רס,מיליליטרים,750.00,"100 מ""ל",false,,10.90,0.0145,true,1,1022860
7290000293073,false,מקסימה מרכך כביסה ביו לבן סנו 4 ליטר,"סנו מפעלי ברונוס בע""\מ",IL,מקסימה מרכך כביסה בי,ליטרים,4.00,ליטר,false,,21.50,5.3750,true,1,1022863
7290000293516,false,סנו סופג לחות במיכל 340ג,"סנו מפעלי ברונוס בע""\מ",IL,סופג לחות סנו,מיליליטרים,340.00,"100 מ""ל",false,,25.90,0.0762,true,1,1022865
7290000293530,false,סנו פרש סופג לחות שקית מילוי 340 גרם,סנו מפעלי ברונו בעמ,IL,סופג לחות מילוי סנו,מיליליטרים,340.00,"100 מ""ל",false,,11.70,0.0344,true,1,1022866
7290000293820,false,"קרמה מן שמפו וג'ל גל רחצה אקטיב בלוק 700מ""ל",גוד פוד פרודקטס S.p,IL,שמפו וג'ל רחצה קרמה,מיליליטרים,700.00,"100 מ""ל",false,,14.90,0.0213,true,1,4671186
7290000293943,false,"מרסס לבן מסיר אבנית 1 ליטר אנטי קאלק ""סנו""",מיוצר עי קונדיטוריית,IL,אנטיקאלק תרסיס להסרת,ליטרים,1.00,ליטר,false,,16.70,16.7000,true,1,1022870
7290000294391,false,נוזל לניקוי כללי בניחוח סחלבים סנו ג'ט 4 ליטר,סנו מפעלי ברונוס בעמ,IL,נוזל לניקוי כללי בני,ליטרים,4.00,ליטר,false,,17.90,4.4750,true,1,1022871
7290000294773,false,אקונומיקה בריח לבנדר סנו ז'אוול 4 ליטר,"סנו מפעלי ברונוס בע""\מ",IL,אקונומיקה בריח לבנדר,ליטרים,4.00,ליטר,false,,16.90,4.2250,true,1,1022876
7290000294780,false,אקונומיקה סמיכה בריח לימון סנו ז'אוול 4 ליטר,"סנו מפעלי ברונוס בע""מ",IL,אקונומיקה סמיכה בריח,ליטרים,4.00,ליטר,false,,16.90,4.2250,true,1,1022877
7290000295299,false,סנו סושי כריות הפלא רב תכלתיות רביעייה,סנו מפעלי ברונו בעמ,IL,כריות יפניות סנו סוש,יח',4.00,יח',false,,9.70,2.4250,true,1,1022880
7290000295367,false,"מקסימה אבקת כביסה אפקט ז'אוול סנו 2.5 ק""ג",סנו מקסימה,IL,מקסימה אבקת כביסה אפ,קילוגרמים,2.50,"ק""ג",false,,22.90,9.1600,true,1,1022883
7290000295404,false,שקיות אשפה עם שרוך 54 * 65 סנו סושי 60 יחידות,מיוצר עי קונדיטוריית,IL,סנו סושי שקיות אשפה,יח',60.00,יח',false,,19.90,0.3317,true,1,1022884
7290000295503,false,זוג שקיות מזון טבע 19*25 סנו סושי 150 יחידות,"אשפלסט תעשיות בע""מ",CN,סנו סושי זוג שקיות א,יח',300.00,יח',false,,13.70,0.0457,true,1,1022885
7290000295558,false,"רדיד אלומיניום רוחב 30 ס""מ סנו סושי 2 יח' 7.5 מטר",מולינו ניקולי s.p.a,TR,רדיד אלומיניום רוחב,יח',1.00,יח',false,,9.90,9.9000,true,1,1022887
7290000295565,false,"רדיד אלומיניום רוחב 45 ס""מ סנו 2 יח' 7.5 מטר",בורסה פאזרי,TR,רדיד אלומיניום רוחב,אורך,7.50,אורך,false,,14.90,1.9867,true,1,1022888
7290000295572,false,"מארז זוגי מנקה אסלות 00 סנו 750 מ""ל",מיוצר עי קונדיטוריית,IL,נוזל לניקוי אסלה 00,מיליליטרים,750.00,"100 מ""ל",false,,16.90,0.0225,true,1,1022889
7290000295589,false,טלק לתינוק בייבי כיף 200 גרם,מייצר :אשבל בע''מ .,IL,טלק בייבי כיף 200 גר,גרמים,200.00,100 גרם,false,,14.90,0.0745,true,1,1022890
7290000295794,false,ספוגיות מתכת אל חלד לניקוי סנו 3 יחידות,סנו,,ספוגיות מתכת אל חלד,יח',3.00,יח',false,,9.90,3.3000,true,1,1022892
7290000295824,false,"רדיד אלומיניום 30 ס""מ רוחב סנו סושי 100 מטר",מולינו ניקולי s.p.a,TR,"רדיד אלומיניום 30 ס""",יח',1.00,יח',false,,46.90,46.9000,true,1,1022894
7290000300900,false,שניצל תירס מרכיבים טבעיים טבעול 750 גרם,עיצובים 2020 (4.8),IL,שניצל תירס מרכיבים ט,גרמים,750.00,100 גרם,false,,24.90,0.0332,true,1,1020263
7290000311128,false,מן עוגיות בטעם חמאה 300 גרם*נ.ל.פ,תות ממתקי איכות,IL,מן עוגיות בטעם חמאה,גרמים,300.00,100 גרם,false,,6.40,0.0213,true,1,1025588
7290000311135,false,מן עוגיות סטיקס בטעם שוקולד 300 גרם*,"רוקחמן בע""מ",IL,מן עוגיות סטיקס בטעם,גרמים,300.00,100 גרם,false,,6.40,0.0213,true,1,1025589
7290000311203,false,"וופלים בטעם שוקולד ""מן"" 200 גרם",תות ממתקי איכות,IL,מן וופלים שוקולד 200,גרמים,200.00,100 גרם,false,,4.30,0.0215,true,1,1025596
7290000311210,false,"וופלים בטעם לימון ""מן"" 200 גרם","רוקחמן בע""מ",IL,מן וופל לימון 200 גר,גרמים,200.00,100 גרם,false,,4.30,0.0215,true,1,1025597
7290000311227,false,"וופלים במילוי קרם קפה ""מן"" 200 גרם","רוקחמן בע""מ",IL,מן וופלים קפה 200 גר,גרמים,200.00,100 גרם,false,,4.30,0.0215,true,1,1025598
7290000311258,false,מן וופל מצופה שוקולד 250 גרם,"רוקחמן בע""מ",IL,מן וופל מצופה 250 גר,גרמים,250.00,100 גרם,false,,6.50,0.0260,true,1,1025600
7290000311425,false,ופל מצופה עשיריות מן 220 גרם מארז 10 יחידות,תות ממתקי איכות,IL,מן וופלים מצופים 10*,גרמים,220.00,100 גרם,false,,6.80,0.0309,true,1,1025607
7290000311463,false,מן עוגיות חיטה מלאה חמאה ללא סוכר 200 גרם,"רוקחמן בע""מ",IL,מן עוגיות חיטה מלאה,גרמים,250.00,100 גרם,false,,8.70,0.0348,true,1,6299878
7290000311470,false,מיני ופלים בטעם שוקולד ללא סוכר מן 200 גרם,"רוקחמן בע""מ",IL,מן וופל מיני שוקולד,גרמים,200.00,100 גרם,false,,8.70,0.0435,true,1,6388020
7290000311500,false,מן וופלים בטעם שוקולד 500 ג-נ.ל.פ,"רוקחמן בע""מ",IL,מן וופלים בטעם שוקול,גרמים,500.00,100 גרם,false,,8.70,0.0174,true,1,1025608
7290000311708,false,מן עוגיות מחיטה מלאה 300 גרם*נ.ל.פ,תות ממתקי איכות,IL,מן עוגיות מחיטה מלאה,גרמים,300.00,100 גרם,false,,6.40,0.0213,true,1,1025614
7290000311715,false,מן עוגיות כוכבים בטעם שוקולד 300 גרם*נ.ל.פ,תות ממתקי איכות,IL,מן עוגיות כוכבים בטע,גרמים,300.00,100 גרם,false,,6.40,0.0213,true,1,1025615
7290000311722,false,מן עוגיות כוכבים וניל 300 גרם,תות ממתקי איכות,IL,מן עוגיות כוכבים 300,גרמים,300.00,100 גרם,false,,6.40,0.0213,true,1,1025616
7290000311746,false,עוגיות מן בטעם קרמל 300 גר',"רוקחמן בע""מ",IL,מן עוגיות קרמל 300 ג,גרמים,300.00,100 גרם,false,,6.40,0.0213,true,1,1242495
7290000311845,false,מן עוגיות חיטה מלאה ללא תוספת סוכר 200 ג,"רוקחמן בע""מ",IL,מן עוגיות חיטה מלאה,גרמים,200.00,100 גרם,false,,8.70,0.0435,true,1,1293859
7290000311869,false,מן-וופלים בטעם שוק ללא תוספת סוכר 180ג,תות ממתקי איכות,IL,מן וופלים שוקולד ללא,גרמים,180.00,100 גרם,false,,7.70,0.0428,true,1,1284963
7290000311876,false,מן-וופלים בטעם וניל ללא תוספת סוכר 180ג,"רוקחמן בע""מ",IL,מן וופלים וניל ללא ת,גרמים,180.00,100 גרם,false,,7.70,0.0428,true,1,1284964
7290000313160,false,זהבה ושלושת הדובים עוגיות בטעם שוקולד אסם 350 גרם,"הגביע מוצרי וופלים בע""\מ",IL,זהבה ושלושת הדובים ע,גרמים,350.00,100 גרם,false,,7.90,0.0226,true,1,1020272
7290000313184,false,עוגיות חברים גן חיות וניל אסם 250 גר',"הגביע מוצרי וופלים בע""\מ",IL,גן חיות עוגיות בטעם,גרמים,250.00,100 גרם,false,,7.90,0.0316,true,1,1020273
7290000313290,false,אסם נודלס נודלס אטריות מסולסלות 200ג',תאי פרזידנט פוד בנגק,TH,נודלס אטריות מסולסלו,גרמים,200.00,100 גרם,false,,8.90,0.0445,true,1,1020275
7290000318127,false,"נקניקיות ביס 380 גרם ""יחיעם""",מעדני יחיעם 1993,IL,נקניקיות ביס יחיעם 3,גרמים,380.00,100 גרם,false,,10.90,0.0287,true,1,1029910
7290000318479,false,נקניק פרושוטו בקר יחיעם 100 גרם,תאי פרזידנט פוד פאבל,IL,נקניק פרושוטו בקר יח,גרמים,100.00,100 גרם,false,,24.90,0.2490,true,1,1029919
7290000318677,false,נקניק סלמי סרוולט יחיעם 150 גרם,מעדני יחיעם 1993,IL,נקניק סלמי סרוולט יח,גרמים,150.00,100 גרם,false,,22.90,0.1527,true,1,1029924
7290000318707,false,נקניק סלמי מעושן יחיעם 500 גרם,מעדני יחיעם 1993,IL,נקניק סלמי מעושן יחי,גרמים,500.00,100 גרם,false,,29.90,0.0598,true,1,1029926
7290000319063,false,כתף בקר מפולפל יחיעם 150 גרם,מעדני יחיעם,IL,כתף בקר מעושן מפולפל,גרמים,150.00,100 גרם,false,,22.90,0.1527,true,1,4574710
7290000319124,false,סלמי סרוולט מאפ יחיעם 250 גרם,מעדני יחיעם 1993,IL,סלמי סרוולט 250 גרם,גרמים,250.00,100 גרם,false,,33.90,0.1356,true,1,1029936
7290000319131,false,נקניקיות עוף יחיעם 400 גרם,מעדני יחיעם 1993,IL,נקניקיות עוף יחיעם 4,גרמים,400.00,100 גרם,false,,10.90,0.0273,true,1,1029937
7290000319520,false,נקניק סלמי צרפתי יחיעם 100 גרם,מעדני יחיעם 1993,IL,נקניק סלמי צרפתי יחי,גרמים,100.00,100 גרם,false,,18.90,0.1890,true,1,1029948
7290000319803,false,קבנוס קלאסי יחיעם 125 גרם,תאי פרזידנט פוד פאבל,IL,קבנוס קלאסי יחיעם 12,גרמים,125.00,100 גרם,false,,12.90,0.1032,true,1,1203874
7290000319834,false,קבנוס פפרוני קלאסי 125 גרם,תאי פרזידנט פוד פאבל,IL,קבנוס פפרוני קלאסי 1,גרמים,125.00,100 גרם,false,,12.90,0.1032,true,1,1203875
7290000334684,false,תפוגן טבעות בצל 700 גרם,"תעשיות תפוגן בע""\מ",IL,טבעות בצל תפוגן 700,יח',1.00,יח',false,,16.90,16.9000,true,1,1020285
7290000334745,false,"אמריקאן צ'יפס תפוגן 1.5 ק""ג","תעשיות תפוגן בע""מ",IL,תפוגן אמריקן צ'יפס 1,קילוגרמים,1.50,"לק""ג",false,,24.90,16.6000,true,1,1020287
7290000339528,false,אקונומיקה ללא בישום לובן קלין 4 ליטר,קלין,,אקונומיקה ללא בישום,מטרים,4000.00,100 מ'ל,false,,12.90,0.0032,true,1,1030582
7290000339566,false,בדין מרכך כביסה ורוד 4 ליטר,יוניליור ישראל טיפוח איש,IL,בדין מרכך כביסה ורוד,ליטרים,4.00,ליטר,false,,19.90,4.9750,true,1,1022065
7290000341224,false,אקונומיקה בניחוח לימון לובן קלין 4 ליטר,קלין,,אקונומיקה בניחוח לימ,מטרים,4000.00,100 מ'ל,false,,12.90,0.0032,true,1,1030585
7290000342832,false,מרכך כביסה צהוב בדין 4 ליטר,יוניליוור פארם,IL,בדין מרכך כביסה 4 לי,ליטרים,4.00,ליטר,false,,19.90,4.9750,true,1,1022071
7290000342856,false,מרכך כביסה כחול בדין 4 ליטר,יוניליור ישראל טיפוח איש,IL,בדין מרכך כביסה כחול,ליטרים,4.00,ליטר,false,,19.90,4.9750,true,1,1022072
7290000345055,false,תה עלים ארל גריי ויסוצקי 100 גרם,מולינו ניקולי s.p.a,IL,תה עלים ארל גריי ויס,גרמים,100.00,100 גרם,false,,12.90,0.1290,true,1,1027173
7290000345116,false,תה ירוק ויסוצקי 125 גרם,תה ויסוצקי,IL,תה ירוק תפזורת 125 ג,גרמים,125.00,100 גרם,false,,13.90,0.1112,true,1,1027174
7290000345260,false,תה קלאסיק מעטפות ויסוצקי 25 יחידות,מולינו ניקולי s.p.a,IL,תה קלאסיק מעטפות ויס,גרמים,37.50,100 גרם,false,,6.90,0.1840,true,1,1027178
7290000345277,false,תה ויסוצקי קלאסי אריזה ירוקה מרובעת (50שקיקים),מולינו ניקולי s.p.a,IL,תה קלאסיק מעטפות ויס,גרמים,75.00,100 גרם,false,,11.90,0.1587,true,1,1027179
7290000345291,false,תה ארל גריי ויסוצקי 25 יחידות,תה ויסוצקי,IL,תה ארל גריי ויסוצקי,גרמים,37.50,100 גרם,false,,14.90,0.3973,true,1,1027181
7290000345307,false,תה ארל גריי ויסוצקי 50 יחידות,מולינו ניקולי s.p.a,IL,תה ארל גריי ויסוצקי,גרמים,75.00,100 גרם,false,,24.90,0.3320,true,1,1027182
7290000345536,false,תה נענע ויסוצקי 25 יחידות,מולינו ניקולי s.p.a,IL,תה נענע ויסוצקי 25 י,גרמים,37.50,100 גרם,false,,16.50,0.4400,true,1,1027184
7290000346021,false,חליטת קמומיל הגן הקסום ויסוצקי 50 יחידות,בית ויסוצקי,IL,הגן הקסום תה קמומיל,גרמים,75.00,100 גרם,false,,27.30,0.3640,true,1,1027189
7290000346120,false,חליטת קינמון הגן הקסום ויסוצקי 25 יחידות,תה ויסוצקי,IL,הגן הקסום תה קינמון,גרמים,62.50,100 גרם,false,,16.90,0.2704,true,1,1027190
7290000346137,false,חליטת הילולי פירות הגן הקסום ויסוצקי 25 יחידות,תה ויסוצקי,IL,הגן הקסום תה הילולי,גרמים,62.50,100 גרם,false,,16.90,0.2704,true,1,1027191
7290000346144,false,הגן הקסום תה עינוגי התפוח ויסוצקי 25 יחידות,תה ויסוצקי,IL,הגן הקסום תה עינוגי,גרמים,75.00,100 גרם,false,,16.90,0.2253,true,1,1027192
7290000346168,false,חליטת שומר הגן הקסום ויסוצקי 25 יחידות,תה ויסוצקי,IL,הגן הקסום חליטת שומר,גרמים,37.50,100 גרם,false,,16.90,0.4507,true,1,1027194
7290000346199,false,חליטת פירות יער הגן הקסום ויסוצקי 25 יחידות,תה ויסוצקי,IL,הגן הקסום פירות היער,גרמים,67.50,100 גרם,false,,16.90,0.2504,true,1,1027195
7290000346205,false,חליטת קמומיל הגן הקסום ויסוצקי 25 יחידות,תה ויסוצקי,IL,הגן הקסום תה קמומיל,100 יח,25.00,100 יח,false,,16.90,0.6760,true,1,1027196
7290000346212,false,חליטת מנטה הגן הקסום ויסוצקי 25 יחידות,תה ויסוצקי,IL,הגן הקסום תה מנטה וי,גרמים,50.00,100 גרם,false,,16.90,0.3380,true,1,1027197
7290000346229,false,הגן הקסום תה ורד הבר והיביסקוס ויסוצקי 25 יחידות,תה ויסוצקי,IL,הגן הקסום תה ורד הבר,גרמים,75.00,100 גרם,false,,16.90,0.2253,true,1,1027198
7290000346236,false,חליטת לואיזה וורבנה הגן הקסום ויסוצקי 25 יחידות,תה ויסוצקי,IL,הגן הקסום תה לואיזה,גרמים,50.00,100 גרם,false,,16.90,0.3380,true,1,1027199
7290000346960,false,תה ויסוצקי נענע 1.7 גרם 50יח',בית ויסוצקי,IL,תה נענע ויסוצקי 50 י,גרמים,75.00,100 גרם,false,,29.90,0.3987,true,1,1027201
7290000347738,false,תה ירוק נענע ויסוצקי 25 יחידות,תה ויסוצקי,IL,תה ירוק נענע ויסוצקי,גרמים,37.50,100 גרם,false,,22.90,0.6107,true,1,1027206
7290000347752,false,תה ירוק לימונית ולואיזה 25 שקיקים *1.5 ג'' ויסוצקי,תה ויסוצקי,IL,תה ירוק לימונית ולוא,גרמים,37.50,100 גרם,false,,22.90,0.6107,true,1,1027207
7290000363202,false,סלמי גליל מעושן נקניק מעושן חצי יבש 600 גרם,הנסיך- מפעל לייצור ט,IL,סלמי גליל 600 גרם,גרמים,600.00,100 גרם,false,,26.90,0.0448,true,1,1015186
7290000363363,false,קבנוס נקניק מעושן יבש 160 גרם,הנסיך- מפעל לייצור ט,IL,קבנוס טירת צבי 160 ג,גרמים,160.00,100 גרם,false,,12.90,0.0806,true,1,1015188
7290000364261,false,"דקניקים, סלסולי פסטרמה כתף בקר מעושנת 120 גרם",הנסיך- מפעל לייצור ט,IL,נקניק סלסולי כתף בקר,גרמים,120.00,100 גרם,false,,13.90,0.1158,true,1,1015192
7290000364278,false,דקניקים סלסולי סלמי איטלקי משובח טירת צבי 120 גרם,הנסיך- מפעל לייצור ט,IL,נקניק סלסולי סלמי אי,גרמים,120.00,100 גרם,false,,13.90,0.1158,true,1,1015193
7290000364285,false,דקניקים סלסולי פסטרמה הודו טירת צבי 120 גרם,הנסיך- מפעל לייצור ט,IL,דקניקים סלסולי פסטרמ,גרמים,120.00,100 גרם,false,,13.90,0.1158,true,1,1015194
7290000364292,false,דקניקים סלסולי פסטרמה הודו על גחלים 1% טירת צבי 120 גרם,הנסיך- מפעל לייצור ט,IL,דקניקים סלסולי פסטרמ,גרמים,120.00,100 גרם,false,,13.90,0.1158,true,1,1015195
7290000364803,false,נקניקיות בקר אמריקאיות טירת צבי 500 גרם,הנסיך- מפעל לייצור ט,IL,נקניקיות בקר אמריקאי,גרמים,500.00,100 גרם,false,,26.90,0.0538,true,1,1015197
7290000364858,false,"נקניקיות עוף טרי טירת צבי 1 ק""ג",הנסיך- מפעל לייצור ט,IL,נקניקיות עוף טרי טיר,גרמים,1000.00,100 גרם,false,,22.90,0.0229,true,1,1015199
7290000364872,false,נקניקיות עוף טירת צבי 400 גרם,טיב טירת צבי 2000,IL,נקניקיות עוף טירת צב,גרמים,400.00,100 גרם,false,,10.90,0.0273,true,1,1015200
7290000367590,false,פסטרמה כפרית וסלמי פריזר כפרי טירת צבי 2*400 גרם,טיב טירת צבי 2000,IL,פסטרמה כפרית וסלמי פ,גרמים,800.00,100 גרם,false,,24.90,0.0311,true,1,1015213
7290000369037,false,סלט קוביות בולגרית גבינות ניצן 200 גרם,גבינות אמיר ניצן בעמ,IL,סלט קוביות בולגרית 2,גרמים,200.00,100 גרם,false,,12.90,0.0645,true,1,5054195
7290000369297,false,מעדן עגבניות מיובשות,גבינות אמיר ניצן בעמ,IL,גבינת שמנת בתוספת,קילוגרמים,1.00,"ק""ג",true,,44.00,44.0000,true,1,6215482
7290000369341,false,לבנה אבו גוש ירוק15%משקל,גבינות אמיר ניצן בעמ,IL,לאבנה אבו גוש,קילוגרמים,1.00,"ק""ג",true,,45.00,45.0000,true,1,6215483
7290000369365,false,מעדן גבינה בולגרית עם חציל 9% ניצן 200 גרם,גבינות אמיר ניצן בעמ,IL,מעדן גבינה בולגרית ע,גרמים,200.00,100 גרם,false,,13.10,0.0655,true,1,1025570
7290000369617,false,מעדן כדורי פטה בשמן מתובל ניצן 230 גרם,גבינות אמיר ניצן בעמ,IL,מעדן כדורי פטה בשמן,גרמים,230.00,100 גרם,false,,16.90,0.0735,true,1,1025571
7290000369709,false,חמאה עירונית בתוספת ריחן ושום טרי גבינות ניצן 100 גרם,גבינות אמיר ניצן בעמ,IL,חמאה עירונית בתוספת,גרמים,100.00,100 גרם,false,,12.10,0.1210,true,1,1025572
7290000379142,false,לחם עינן מחיטה מלאה פרוס 750 גרם(מרובע),מאפיית שלמה א. אנג'\ל בע,IL,לחם עינן מחיטה מלאה,גרמים,750.00,100 גרם,false,,14.90,0.0199,true,1,1017314
7290000379203,false,לחם עינן קל פרוס מחיטה מלאה אנג'ל 500 גרם,מאפיית שלמה א. אנג'\ל בע,IL,לחם עינן קל פרוס מחי,גרמים,500.00,100 גרם,false,,14.90,0.0298,true,1,1017315
7290000379258,false,"חלה מתוקה קונדטוריה ארוזה ""אנג'ל""",מאפיית שלמה א. אנג'\ל בע,IL,חלה ארוזה קונדיטוריה,גרמים,500.00,100 גרם,false,,12.90,0.0258,true,1,1017317
7290000379432,false,לחמניית אצבע אנג'ל,מאפיית אנג'ל,IL,לחמניית אצבע אנג'ל,100 יח',75.00,100 יח',false,,2.00,0.0267,true,1,1017284
7290000379531,false,לחמניה מזונות מונדלך קטן מתוק,מאפיית שלמה א. אנג'ל,IL,מונדלך קטן אנג'ל,יח',1.00,יח',false,,2.90,2.9000,true,1,1017287
7290000379593,false,לחמניה שמיניה גדול אנג'ל,מאפיית אנג'ל,IL,לחמניה קלועה מונדלך,100 יח',125.00,100 יח',false,,2.90,0.0232,true,1,1017290
7290000379609,false,לחמניית שומשום אנג'ל 125 גרם,אנג'ל,IL,לחמניה ארוכה שומשום,יח',1.00,יח',false,,2.90,2.9000,true,1,1017291
7290000379623,false,לחם אחיד אנג'ל 750 ג,מאפיית אנג'ל,,לחם אחיד אנג'ל 750 ג,גרמים,750.00,100 גרם,false,,3.90,0.0052,true,1,1017293
7290000379951,false,"סולת חיטה 1 ק""ג אנג'ל",אנג'ל,,"סולת 1ק""ג",100 לקג,1.00,100 לקג,false,,5.50,5.5000,true,1,1017327
7290000408316,false,יוגורט דנונה דל לקטוז 200 גרם,מיוצר עי קונדיטוריית,IL,יוגורט דנונה ביו לבן,מיליליטרים,200.00,"100 מ""ל",false,,3.40,0.0170,true,1,1032480
7290000408354,false,יוגורט עם אורז מצופה שוקולד קקאו 175 ג' דנונה,"שטראוס בריאות בע""\מ",IL,יוגורט דנונה ביו עם,מיליליטרים,175.00,"100 מ""ל",false,,4.30,0.0246,true,1,1032481
7290000412139,false,נוזל רצפות בניחוח אורנים ריצפז 3 ליטר,"סנו מפעלי ברונוס בע""\מ",IL,נוזל רצפות בניחוח או,ליטרים,3.00,ליטר,false,,11.70,3.9000,true,1,1022897
7290000412481,false,נוזל לניקוי אסלות 00 סנו 1 ליטר,מיוצר עי קונדיטוריית,IL,נוזל לניקוי אסלות 00,ליטרים,1.00,ליטר,false,,7.50,7.5000,true,1,1022899
7290000412764,false,"פזטוקס קוטל חרקים סנו 630 מ""ל",קריות זול,,פזטוקס קוטל חרקים סנ,מיליליטרים,630.00,"100 מ""ל",false,,18.90,0.0300,true,1,1022900
7290000416021,false,ממרח בטעם שוקולד השחר חלבי 500,השחר העולה,IL,ממרח בטעם שוקולד השח,גרמים,500.00,100 גרם,false,,13.80,0.0276,true,1,1026515
7290000416045,false,"ממרח בטעם שוקולד השחר 1 ק""ג",השחר העולה תעשייות מ,IL,ממרח בטעם שוקולד השח,יח',1.00,יח',false,,23.90,23.9000,true,1,1026516
7290000416076,false,"צימקאו לאפייה וציפוי השחר 400 גרם כשל""פ",השחר העולה תעשייות מ,IL,השחר צימקאו 400 גר',גרמים,400.00,100 גרם,false,,10.90,0.0273,true,1,1026517
7290000416618,false,"ממרח שוקולד פרווה השחר 400 גרם כשל""פ",השחר העולה תעשייות מ,IL,השחר ממרח שוקולד פרו,גרמים,400.00,100 גרם,false,,11.40,0.0285,true,1,1026527
7290000416632,false,"ממרח שוקולד פרווה השחר 1 ק""ג כשל""פ",השחר העולה תעשית ממת,IL,ממרח בטעם שוקולד פרו,100 לקג,1.00,100 לקג,false,,22.90,22.9000,true,1,1026528
7290000416809,false,ממרח חצי חצי נוגט אגוזים וקרם חלב השחר 350ג',השחר העולה תעשייות מ,IL,השחר ממרח חצי חצי 35,גרמים,350.00,גרם,false,,10.90,0.0311,true,1,6316909
7290000416861,false,"ממרח שוקולד חלבי השחר בד""צ 750 גרם",השחר העולה תעשית ממת,IL,ממרח השחר מובחר 750,גרמים,750.00,100 גרם,false,,18.90,0.0252,true,1,6316910
7290000416922,false,השחר ממרח חלב 350 גרם,השחר העולה תעשייות מ,IL,השחר ממרח חלב 350 גר,יח',1.00,יח',false,,10.90,10.9000,true,1,6316911
7290000419107,false,לנדוור קפה מקורי לבוקר טחון טורקי 100 גרם,קפה לנדוור בע''מ,IL,קפה טורקי קלוי וטחון,גרמים,100.00,100 גרם,false,,7.90,0.0790,true,1,1020290
7290000419893,false,לנדוור קפה שחור חזק טחון טורקי 100 גרם,מולינו ניקולי s.p.a,IL,קפה שחור טחון לבוקר,גרמים,100.00,100 גרם,false,,7.90,0.0790,true,1,1020294
7290000419923,false,לנדוור קפה אספרסו טחון בואקום 200 גר,קפה לנדוור,IL,קפה אספרסו טחון לנדו,גרמים,200.00,100 גרם,false,,19.90,0.0995,true,1,1020297
7290000420325,false,"פופסטאר פופקורן למקירוגל בטעם טבעי 5 שקיות,500 גרם",פרסטון פארמס,US,פופסטאר טבעי 5יח',גרמים,500.00,100 גרם,false,,11.90,0.0238,true,1,1046114
7290000420332,false,פופסטאר פופקורן למיקרוגל בטעם חמאה 5 יחידות 500 גרם,פרסטון פארמס,US,פופסטאר חמאה 5יח',גרמים,500.00,100 גרם,false,,11.90,0.0238,true,1,1046115
7290000420417,false,גלילונית שקיות אשפה 52X65 עם שרוך 60 יחידות,"איטיליאן פוד, אס.פי.",IL,גלילונית 52X65עם שרוך - 6,יח',60.00,יח',false,,17.90,0.2983,true,1,1046116
7290000430102,false,קוביות קרח בשקית מיסטר אייס 2 קילו,"אייס (קיובס) בע""מ -",IL,שקית קרח 2קג,קילוגרמים,2.00,"ק""ג",false,,8.40,4.2000,true,1,1033536
7290000435015,false,סוכריות לקישוט צבעונ,,,סוכריות לקישוט צבעונ,יח',1.00,יח',false,,4.80,4.8000,true,1,6223250
7290000435251,false,סוכריות מיני משמחים עלה 500ג',הנמל,IL,עדשים כפתורים 500ג,גרמים,500.00,100 גרם,false,,14.90,0.0298,true,1,1318523
7290000436470,false,פריכיות אורז שוקולד 80ג רמילוי,,,פריכיות אורז שוקולד,יח',1.00,יח',false,,5.90,5.9000,true,1,4131230
7290000442044,false,פמינה תחליב רחצה אינטימי חמוציות 220 מל,פמינה,IL,פמינה שטיפה אינטימית,מיליליטרים,220.00,"100 מ""ל",false,,23.90,0.1086,true,1,1035000
7290000442310,false,טפטפים בייביסקין משחה לטוסיק מבושם 100,"רצט שקיים בע""מ",IL,בייביסקין משחה לתינו,גרמים,100.00,100 גרם,false,,10.90,0.1090,true,1,1035007
7290000442587,false,"קרם רב שימושי תוספת 33% גינקו 220 מ""ל.",כ.צ.ט,IL,קרם רב שימושי תוספת,מיליליטרים,220.00,"100 מ""ל",false,,21.90,0.0995,true,1,1035008
7290000442594,false,"גינקו סאי - קרם ידיים 100 מ""ל",כצט,IL,"גינקו קרם ידיים 100 מ""ל",גרמים,100.00,100 גרם,false,,5.90,0.0590,true,1,1035009
7290000450209,false,פוסידון טונה בהירה בשמן 77 גרם,"מיוצר עי וליגר בעמ,",IL,פוסידון טונה בהירה ב,גרמים,77.00,100 גרם,false,,5.00,0.0649,true,1,1024396
7290000453019,false,שמרים טריים לאפייה שקית שמרית 50 ג',"פאקא תעשיות בע""\מ",IL,שמרים טריים שמרית 50,גרמים,50.00,100 גרם,false,,3.90,0.0780,true,1,1032482
7290000453125,false,שמרים ומשפר אפיה ביתי שמרית 100ג',"פאקא תעשיות בע""\מ",IL,שמרית + משפר אפייה 1,גרמים,100.00,100 גרם,false,,6.90,0.0690,true,1,1032483
7290000453323,false,קמח תמי עמילן חיטה ללא גלוטן 500 גרם,תמי,IL,קמח תמי עמילן חיטה ל,גרמים,500.00,100 גרם,false,,18.90,0.0378,true,1,6371693
7290000453330,false,תמי תערובת עוגת וניל ללא גלוטן 500גר,,IL,תמי תערובת עוגת וניל,גרמים,500.00,100 גרם,false,,18.90,0.0378,true,1,6387890
7290000453385,false,שמרים יבשים פארא אינסטנט 500 גרם עלית,פאקא תעשיות בעמ,GB,פאקא שמרים יבשים 500,גרמים,500.00,100 גרם,false,,11.90,0.0238,true,1,1307976
7290000453408,false,בצק פיצה דק מצונן ומוכן לאפייה שמרית 415 גרם,"פאקא תעשיות בע""מ",FR,בצק פיצה דק מצונן ו,גרמים,415.00,100 גרם,false,,15.80,0.0381,true,1,5836456
7290000453415,false,בצק עלים מצונן ומוכן לאפייה שמרית 300 גרם,"פאקא תעשיות בע""מ",FR,בצק עלים מצונן ומוכן,גרמים,300.00,100 גרם,false,,14.80,0.0493,true,1,5836457
7290000453422,false,בצק פילו מצונן ומוכן לאפייה שמרית 300 גרם,"פאקא תעשיות בע""מ",GR,בצק פילו מוכן לאפייה,גרמים,300.00,100 גרם,false,,14.80,0.0493,true,1,6207915
7290000453866,false,נטורינה תחליף מרגרינה לבישול ואפיה קוקוס שמרית 200 גרם,גרונבאנג- גרונדנסק א,DK,נטורינה קוקוס שמרית,גרמים,200.00,100 גרם,false,,6.50,0.0325,true,1,3562024
7290000453880,false,מרגרינה ללא מלח לאפיה ובישול שמרית 200גר,"פאקא תעשיות בע""מ",IL,"מרגרינה לל""ת מלח לאפ",גרמים,200.00,100 גרם,false,,4.60,0.0230,true,1,1516135
7290000461656,false,בייגלה מקלות מלוחים בייגל בייגל 400 גרם,בייגל את בייגל מזון 198),IL,בייגלה מקלות 400 גרם,גרמים,400.00,100 גרם,false,,8.90,0.0223,true,1,1022079
7290000461793,false,בייגלה ארוך ארוך סידרה ירוקה בייגל בייגל 150 גרם,בייגל את בייגל מזון 198),IL,בייגלה ארוך ארוך 150,גרמים,150.00,100 גרם,false,,5.90,0.0393,true,1,1022083
7290000462141,false,סחוג אדום תימני מקורי חריף מאוד זהבי 150 גרם,קריניסה ויטמין אס אי,IL,סחוג אדום תימני מקור,גרמים,150.00,100 גרם,false,,6.90,0.0460,true,1,1032487
7290000462172,false,סחוג תימני ירוק חריף זהבי הכרם 150 גרם,קריניסה ויטמין אס אי,IL,סחוג ירוק תימני חריף,גרמים,150.00,100 גרם,false,,6.90,0.0460,true,1,1032488
7290000469638,false,"ספריי לגיהוץ קל מריטו 500 מ""ל",בולטון מניטובה,IT,מריטו ספריי גיהוץ,מיליליטרים,500.00,"100 מ""ל",false,,19.90,0.0398,true,1,1017597
7290000474021,false,חלב 3% בשקית טרה 1 ליטר מהדרין,הפריט בפיקוח,IL,חלב בשקית 3% טרה 1 ל,ליטרים,1.00,ליטר,false,,5.30,5.3000,true,1,1012434
7290000474090,false,"חלב בקרטון 1%- 1 ליטר בד""צ - מוצר בפיקוח",מילקו תעשיות בעמ,IL,חלב 1% טרה 1 ליטר,ליטרים,1.00,ליטר,false,,5.80,5.8000,true,1,1012436
7290000474502,false,גבינה לבנה טרה 5% מרכיבים טבעיים,הפריט בפיקוח,IL,גבינה לבנה 5% טרה 25,גרמים,250.00,100 גרם,false,,4.70,0.0188,true,1,1012444
7290000474540,false,טוב טעם גבינה לבנה 3% טרה 250 גרם,קריות זול,IL,טוב טעם גבינה לבנה 3,גרמים,250.00,100 גרם,false,,10.20,0.0408,true,1,1012445
7290000474830,false,נעם גבינה צהובה מגורדת 28% טרה 500 גרם,מילקו תעשיות בעמ,IL,נעם גבינה צהובה מגור,גרמים,500.00,100 גרם,false,,29.90,0.0598,true,1,1012447
7290000480107,false,קוואקר שיבולת שועל פחית 500 גרם,וולקרס סנקס לימיטד,GB,קוואקר שיבולת שועל פ,גרמים,500.00,100 גרם,false,,11.90,0.0238,true,1,1027761
7290000482019,false,שקיות לצליה קוקי 10 יחידות,"ש. שסטוביץ בע""מ",IL,שקיות לצליה קוקי 10,יח',10.00,יח',false,,9.90,0.9900,true,1,1017598
7290000483887,false,חטיף מרציפן ללא תוספת סוכר המרשלג 75 גרם,קריות זול,IL,חטיף מרציפן ללא תוספ,גרמים,75.00,100 גרם,false,,13.80,0.1840,true,1,1023779
7290000484747,false,"ארק איילות 40% 700 מ""ל",יקב הגליל יוסף גולד ובניו,IL,ארק עלית 700 מל,מיליליטרים,700.00,"100 מ""ל",false,,49.90,0.0713,true,1,6273886
7290000490601,false,גלידל וניל פלדמן מארז שמינייה,הגלידות של פלדמן,IL,"גלידל וניל לל""ס 8יח",גרמים,400.00,100 גרם,false,,28.90,0.0722,true,1,5025909
7290000490762,false,גלידל שוקו פלדמן מארז שמינייה,הגלידות של פלדמן,IL,"גלידל שוקו לל""ס 8יח",גרמים,400.00,100 גרם,false,,28.90,0.0722,true,1,5025912
7290000493176,false,אסם אבקת רוטב צלי לבשר 22 ג',"אסם השקעות בע""\מ",IL,רוטב צלי לבשר אסם 22,גרמים,22.00,100 גרם,false,,3.60,0.1636,true,1,1020324
7290000493183,false,אבקת רוטב פטריות לבשר-30 גרם,"אסם השקעות בע""\מ",IL,אבקת רוטב פטריות אסם,גרמים,30.00,100 גרם,false,,3.50,0.1167,true,1,1020325
7290000497044,false,"לחם אקטיב 750 גרם ""ברמן""",מאפית י את א ברמן בע,IL,ברמן לחם אקטיב 500גר,גרמים,750.00,100 גרם,false,,15.50,0.0207,true,1,5049386
7290000497112,false,"לחם כהה פרוס וארוז ""ברמן""-מוצר בפיקוח",מאפית י את א ברמן בע,IL,לחם אחיד פרוס ברמן,גרמים,750.00,100 גרם,false,,6.50,0.0087,true,1,5049387
7290000497228,false,לחמניה רגילה בשקית ברמן 6יח',מאפית י את א ברמן בע,IL,לחמניות ברמן 6יח 450,גרמים,450.00,100 גרם,false,,9.80,0.0218,true,1,5049522
7290000497273,false,לחמניות ברמן אקטיב 6יח 450גר,מאפית י את א ברמן בע,IL,לחמניות ברמן אקטיב 6,גרמים,450.00,100 גרם,false,,13.80,0.0307,true,1,5049523
7290000497303,false,"שישיית לחמניות מקמח מלא ""ברמן""",מאפית י את א ברמן בע,IL,לחמניות מקמח מלא 6 י,גרמים,540.00,100 גרם,false,,12.50,0.0231,true,1,5049524
7290000497426,false,לחם ברמן לענין פלוס 500 גרם,מאפית י את א ברמן בע,IL,לחם ברמן לענין פלוס,גרמים,500.00,100 גרם,false,,13.90,0.0278,true,1,5049390
7290000497532,false,"לחם מקמח מלא""לעניין"" 750 גר'",מאפית י את א ברמן בע,IL,לחם ברמן לענין 750 ג,גרמים,750.00,100 גרם,false,,12.90,0.0172,true,1,5049393
7290000497570,false,לחם דגנים פלוס ברמן 500 גרם,מאפית י את א ברמן בע,IL,לחם דגנים פלוס 500 ג,גרמים,500.00,100 גרם,false,,13.90,0.0278,true,1,5049394
7290000498003,false,לחם מקמח חיטה מלא 750 גר,מאפית י את א ברמן בע,IL,לחם מקמח מלא 750 גר,גרמים,750.00,100 גרם,false,,14.90,0.0199,true,1,5049395
7290000498034,false,E-FREEלחם מקמח כוסמין מלא 750 גר',מאפית י את א ברמן בע,IL,לחם כוסמין מלא 750 ג,גרמים,750.00,100 גרם,false,,14.90,0.0199,true,1,5932583
7290000498256,false,מארז לחמניות אצבע עש,מאפית י את א ברמן בע,IL,לחמניות 10יח בשקית,גרמים,750.00,100 גרם,false,,12.70,0.0169,true,1,5049525
7290000504025,false,ממתיק סוכרזית פטרייה עלית 300 גרם,אף.סי תבליני בגליל ב,IL,ממתיק סוכרזית פטריה,גרמים,246.00,100 גרם,false,,7.90,0.0321,true,1,1018407
7290000504049,false,סוכרזית קלאסי קנקן 1200 טבליות,אף.סי תבליני בגליל ב,IL,ממתיק סוכרזית 1200 ט,יח',1200.00,יח',false,,17.90,0.0149,true,1,1018409
7290000504209,false,"סוכרזית דיאט טיפ נוזלי 220 מ""ל",אף.סי תבליני בגליל ב,IL,ממתיק טיפות סוכרזית,מיליליטרים,220.00,"100 מ""ל",false,,14.80,0.0673,true,1,1018410
7290000504261,false,סוויט דיאט כמו סוכר ממתיק אבקתי 65ג',סוכרזית Sucrazit,IL,ממתיק אבקתי כמו סוכר,גרמים,65.00,100 גרם,false,,24.90,0.3831,true,1,1018411
7290000504278,false,ממתיק סוכרזית אריזת פטנט 700 טבליות,אף.סי תבליני בגליל ב,IL,ממתיק סוכרזית 700 טב,גרמים,574.00,100 גרם,false,,13.90,0.0242,true,1,1018412
7290000518152,false,ממתיק זהב מתוק וקל 50 שקיות,קריות זול,IL,ממתיק זהב מתוק וקל 5,גרמים,25.00,100 גרם,false,,5.90,0.2360,true,1,1045845
7290000518176,false,ממתיק מתוק וקל 250 שקיות,מתוק וקל בעמ,IL,ממתיק מתוק וקל 250 ש,גרמים,250.00,100 גרם,false,,16.90,0.0676,true,1,1045847
7290000518220,false,ממתיק סוכרה דיאט 100 יחידות,פתח תקווה,IL,ממתיק סוכרה דיאט 100,יח',1.00,יח',false,,23.90,23.9000,true,1,2982819
7290000518251,false,ממתיק זהב מתוק וקל 100 יחידות,קריות זול,IL,ממתיק זהב מתוק וקל 1,גרמים,100.00,100 גרם,false,,10.90,0.1090,true,1,1045848
7290000521008,false,יין אדום יבש של סגל750מל,"כרמי צבי - אחים סגל בע""\",IL,"סגל אדום יבש 750 מ""ל 2013",מיליליטרים,750.00,"100 מ""ל",false,,21.40,0.0285,true,1,1017060
7290000521015,false,"יין לבן יבש של סגל750מ""ל","מיוצר ע""י כרמי צבי-",IL,"סגל לבן יבש 750 מ""ל",מיליליטרים,750.00,"100 מ""ל",false,,21.40,0.0285,true,1,1017061
7290000521022,false,"של סגל, יין לבן חצי יבש 750 מ""ל","מיוצר ע""י כרמי צבי-",IL,"סגל לבן חצי יבש 750 מ""ל",מיליליטרים,750.00,"100 מ""ל",false,,21.40,0.0285,true,1,1017062
7290000521404,false,"יין מרום גליל קברנה סוביניון סינגל 750 מ""ל",כרמי צבי אחים סגל בע,IL,מרום גליל קברנה סוביניון,מיליליטרים,750.00,"100 מ""ל",false,,29.90,0.0399,true,1,1017072
7290000521411,false,יין מרום גליל סינגל מרלו 750 מל,כרמי צבי אחים סגל בע,IL,מרום גליל מרלו סינגל 750,מיליליטרים,750.00,"100 מ""ל",false,,29.90,0.0399,true,1,1017073
7290000523125,false,מלח הארץ הים האדום 250 ג' עדין,"חברת מלח הארץ אילת בע""\מ",IL,מלח ים יבש מלח הארץ,גרמים,250.00,100 גרם,false,,5.40,0.0216,true,1,1027209
7290000523224,false,מלח הארץ הים האדום 500 ג' עדין,"חברת מלח הארץ אילת בע""\מ",IL,מלח ים יבש מלח הארץ,גרמים,500.00,100 גרם,false,,7.90,0.0158,true,1,1027210
7290000523514,false,מלח ים יבש מלח הארץ 250 גרם מופחת נתרן,"חברת מלח הארץ אילת בע""\מ",IL,מלח ים יבש מופחת נתר,גרמים,250.00,100 גרם,false,,9.90,0.0396,true,1,1027211
7290000523521,false,מלח ים מלח הארץ 250 גרם מועשר ביוד,חברת מלח הארץ אילת ב,IL,מלח ים מועשר ביוד מל,גרמים,250.00,100 גרם,false,,5.90,0.0236,true,1,1027212
7290000523804,false,"מלח עדין צנצנת 1 ק""ג מלח הארץ","חברת מלח הארץ אילת בע""\מ",IL,מלח עדין מלח הארץ 1,גרמים,1000.00,100 גרם,false,,6.90,0.0069,true,1,1027213
7290000523811,false,"צנצנת מלח גס 1 ק""ג מלח הארץ","חברת מלח הארץ אילת בע""\מ",IL,"מלח גס מלח הארץ 1 ק""",גרמים,1000.00,100 גרם,false,,6.90,0.0069,true,1,1027214
7290000530086,false,נקניק סלמי מעושן זוגלובק 600 גרם,נקניק נהריה כשר זוגל,IL,נקניק סלמי מעושן זוג,גרמים,600.00,100 גרם,false,,24.90,0.0415,true,1,1027388
7290000530109,false,קבנוס זוגי בואקום זוגלובק 180ג',נקניק נהריה כשר זוגל,IL,קבנוס זוגלובק 2*180,גרמים,360.00,100 גרם,false,,24.90,0.0692,true,1,1027389
7290000530116,false,נקניק סלמי מעושן בשן 470 ג' זוגלובק,נקניק נהריה כשר זוגל,IL,*מבצע* נקניק סלמי בש,גרמים,470.00,100 גרם,false,,19.90,0.0423,true,1,1027390
7290000530291,false,נקניק מבשר הודו קטן זוגלובק 750 גרם,נקניק נהריה כשר זוגל,IL,נקניק מבשר הודו קטן,גרמים,750.00,100 גרם,false,,18.90,0.0252,true,1,1027392
7290000530468,false,"נקניקיות וינר זוגלובק 1 ק""ג",זוגלובק,IL,נקניקיות וינר זוגלוב,גרמים,1000.00,100 גרם,false,,23.90,0.0239,true,1,1027394
7290000530598,false,נקניקיות עוף וינר זוגלובק 500 גרם,נקניק נהריה כשר זוגל,IL,נקניקיות עוף וינר זו,גרמים,500.00,100 גרם,false,,11.90,0.0238,true,1,1027395
7290000530703,false,פסטרמה חרמון כפרית ונקניק תה מעושן זוגלובק 2*400 גרם,נקניק נהריה כשר זוגל,IL,פסטרמה חרמון כפרית ו,גרמים,800.00,100 גרם,false,,25.90,0.0324,true,1,1027397
7290000531977,false,בורקס גבינה זוגלובק 800 גרם,נקניק נהריה כשר זוגל,IL,בורקס גבינה זוגלובק,גרמים,800.00,100 גרם,false,,13.90,0.0174,true,1,1027405
7290000533353,false,"בצק עלים צרפתי 1 ק""ג זוגלובק",מאפיית אריאל וגידרון,IL,בצק עלים מרודד זוגלו,גרמים,1000.00,100 גרם,false,,13.90,0.0139,true,1,1027411
7290000536743,false,שניצלונים קריספי ט. תירס 500 גר' זוגלובק,נקניק נהריה כשר זוגל,IL,אצבעות שניצל טבע 500,גרמים,500.00,100 גרם,false,,11.90,0.0238,true,1,1150742
7290000536774,false,"נקניקיות מן הצומח זוגלובק 1ק""ג בד""צ",זוגלובק טבע,IL,נקניקיות מן הצומח זו,גרמים,1000.00,100 גרם,false,,23.90,0.0239,true,1,1027418
7290000537566,false,נקניקיות עוף טרי 400 ג' זוגלובק,נקניק נהריה כשר זוגל,IL,נקניקיות עוף זוגלובק,גרמים,400.00,100 גרם,false,,9.90,0.0248,true,1,1027423
7290000537603,false,"נקניקיות עוף זוגלובק 1 ק""ג",זוגלובק,IL,נקניקיות עוף זוגלובק,גרמים,1000.00,100 גרם,false,,23.90,0.0239,true,1,1027424
7290000538709,false,נקניק סלמי תה מעושן זוגלובק 200 גרם,זוגלובק,IL,נקניק סלמי תה מעושן,גרמים,200.00,100 גרם,false,,14.90,0.0745,true,1,1027431
7290000542041,false,לחמניה כהה ארוך אנג',מאפית אורנים,,לחמניה כהה ארוך אנג',יח',1.00,יח',false,,3.30,3.3000,true,1,1017299
7290000552118,false,נקניקיות מרגז טיבון ויל 400 גרם,טיבון ויל אחזקות בעמ,IL,נקניקיות מרגז טיבון,גרמים,400.00,100 גרם,false,,20.50,0.0513,true,1,1024398
7290000552194,false,קישקע טיבון ויל 500 גרם,טיבון ויל אחזקות בעמ,IL,קישקע טיבון ויל 500,גרמים,500.00,100 גרם,false,,12.90,0.0258,true,1,1024400
7290000552569,false,סטייקבורגר בקר טיבון ויל 400 גרם,"טיבון ויל אחזקות בע""\מ",IL,סטייקבורגר בקר טיבון,גרמים,400.00,100 גרם,false,,17.90,0.0447,true,1,1024401
7290000552927,false,עוף טחון טיבון ויל 500 גרם,"טיבון ויל אחזקות בע""\מ",IL,עוף טחון טיבון ויל 5,גרמים,500.00,100 גרם,false,,12.90,0.0258,true,1,1024403
7290000552934,false,בשר הודו טחון טיבון ויל 500 גרם,"טיבון ויל אחזקות בע""\מ",IL,בשר הודו טחון טיבון,גרמים,500.00,100 גרם,false,,12.90,0.0258,true,1,1024404
7290000554006,false,גבינה קשקבלו משולשים,מחלבות גד,IL,גבינה קשקאבל בלו 22%,קילוגרמים,1.00,"ק""ג",true,,115.00,115.0000,true,1,1021142
7290000554402,false,מעדן חלב מלבי 5% גד 170 גרם,"מיוצר ע""\י קוד יצרן EDNK",IL,מעדן חלב מלבי גד 160,מיליליטרים,160.00,"100 מ""ל",false,,5.50,0.0344,true,1,1021231
7290000554471,false,נקניק מוצרלה 22 אחוז 180גרם גד מהדרין,"מחלבות גד בע""\מ",IL,גבינת מוצרלה 22% גד,גרמים,180.00,100 גרם,false,,15.90,0.0883,true,1,1021233
7290000554532,false,גבינה צפתית מעודנת במלח ים 5% 200 ג' גד,הנסיך- מפעל לייצור ט,IL,גבינה צפתית מעודנת 5,גרמים,200.00,100 גרם,false,,13.90,0.0695,true,1,1021234
7290000554600,false,מוצרלה מגורדת 22 אחוז 300גרם גד מהדרין,מחלבות גד בעמ,IL,גבינת מוצרלה מגורדת,גרמים,300.00,100 גרם,false,,20.90,0.0697,true,1,1021235
7290000554624,false,מעדן חלב ירח מתוק עם אורז 3% גד 150 גרם,"מיוצר ע""\י קוד יצרן EDNK",IL,ירח מתוק מעדן חלב עם,מיליליטרים,150.00,"100 מ""ל",false,,4.90,0.0327,true,1,1021236
7290000554686,false,גבינת לאבנה בתוספת שמן זית וזעתר 5% גד 250 גרם,מחלבות גד בעמ,IL,גבינת לאבנה בתוספת ש,גרמים,250.00,100 גרם,false,,13.80,0.0552,true,1,1021237
7290000554822,false,ריקוטה גבינה לבנה בסגנון איטלקי 5% גד 250 גרם,מחלבות גד בעמ,IL,ריקוטה גבינה לבנה בס,גרמים,250.00,100 גרם,false,,12.90,0.0516,true,1,1021239
7290000554839,false,מסקרפונה שמנת מתוקה קשה בסגנון איטלקי 40% גד 250 גרם,מחלבות גד בעמ,IL,מסקרפונה שמנת מתוקה,גרמים,250.00,100 גרם,false,,19.30,0.0772,true,1,1021240
7290000560540,false,אדג' ג'ל גילוח כתום לעור רגיש 198גרם,המאפיה של הרמן,US,אדג' ג'ל כתום לעור רגיש 1,גרמים,198.00,100 גרם,false,,14.90,0.0753,true,1,1046124
7290000604022,false,ביצים גדולות L תנובה 12 יחידות,ביצי תנובה,,ביצים גדולות L תנובה,יח',12.00,יח',false,,12.00,1.0000,true,1,1029354
7290000604039,false,ביצים בינוניות M תנובה 12 יחידות,תנובה,,ביצים בינוניות M תנו,יח',12.00,יח',false,,11.10,0.9250,true,1,1029355
7290000604534,false,ביצים בינוניות M תנובה 30 יחידות,תנובה,IL,ביצים בינוניות M תנו,יח',30.00,יח',false,,27.80,0.9267,true,1,1029360
7290000644783,false,נתחי פילה סלמון קפוא קג,דגי תנובה,DK,נתחי פילה סלמון תנוב,קילוגרמים,1.00,"ק""ג",true,,79.80,79.8000,true,1,1015056
7290000646299,false,פילה נסיכת הנילוס 100% דג קפוא תנובה,דגי תנובה,IL,פילה נסיכת הנילוס 10,קילוגרמים,1.00,"ק""ג",true,,39.90,39.9000,true,1,6228475
7290000652177,false,נתחי פילה נסיכה 100% דג קפוא תנובה,דגי תנובה,IL,נתחי פילה נסיכת 100%,קילוגרמים,1.00,"ק""ג",true,,54.90,54.9000,true,1,6228476
7290000652542,false,פילה אמנון קפוא 5-7 קג,דגי תנובה,IL,פילה אמנון 5-7,קילוגרמים,1.00,"ק""ג",true,,22.90,22.9000,true,1,6409145
7290000654546,false,פילה אמנון 7-9 100% דג תנובה,תנובה,CN,פילה אמנון 7-9,קילוגרמים,1.00,"ק""ג",true,,22.90,22.9000,true,1,6409146
7290000655376,false,פילה דניס קפוא תנובה,דגי תנובה,TR,פילה דניס קפוא,קילוגרמים,1.00,"ק""ג",true,,59.90,59.9000,true,1,4920307
7290000658926,false,"פילה מרלוזה קפוא 100% ""תנובה""",דגי תנובה,AR,דג מרלוזה קפוא,קילוגרמים,1.00,"ק""ג",true,,29.80,29.8000,true,1,3911040
7290000659312,false,פילה סלמון פרימיום דגי תנובה,דגי תנובה,IL,פילה סלמון פרימיום ת,קילוגרמים,1.00,"ק""ג",true,,69.80,69.8000,true,1,1015061
7290000662213,false,נתח פילה סלמון קפוא תנובה,תנובה,IL,נתח פילה סלמון,קילוגרמים,1.00,"ק""ג",true,,79.80,79.8000,true,1,6228479
7290000663036,false,פילה אמנון קפוא ללא עור 100% דג תנובה,דגי תנובה,IL,פילה אמנון ללא עור,קילוגרמים,1.00,"ק""ג",true,,29.80,29.8000,true,1,6409147
7290000688084,false,מי עדן פקק ספורטאים500מל,"מופק ממקור בזלתי עדן ,1",IL,מי עדן ספורט 0.5,מיליליטרים,500.00,"100 מ""ל",false,,2.50,0.0050,true,1,1021320
7290000688176,false,מים מינרליים בייבי מ,מופק ממקור בזלתי עדן,IL,מים מינרלים מי עדן 2,מיליליטרים,250.00,"100 מ""ל",false,,2.50,0.0100,true,1,1021326
7290000688374,false,"מים מינרליים מי עדן בייבי 6*330 מ""ל","מופק ממקור בזלתי עדן ,1",IL,מים מינרלים מי עדן 6,ליטרים,1.98,ליטר,false,,13.80,6.9697,true,1,1021327
7290000688381,false,שישיית מי עדן פקק ספורט 0.5 ליטר,"מופק ממקור בזלתי עדן ,1",IL,מים מינרלים מי עדן 6,ליטרים,3.00,ליטר,false,,12.80,4.2667,true,1,1021328
7290000688503,false,"מים מינרלים פקק ספורט מי עדן 6*750 מ""ל","מופק ממקור בזלתי עדן ,1",IL,מים מינרלים פקק ספור,מיליליטרים,750.00,"100 מ""ל",false,,13.90,0.0185,true,1,1021330
7290000692135,false,ספיד סטיק דאו בסיסי ירוק א.פ פרש פאוור,קולגייט-פלמוליב,TR,ספיד סטיק בסיסי ירוק,גרמים,60.00,100 גרם,false,,16.90,0.2817,true,1,1017602
7290000692203,false,נוזל לניקוי כללי ורצפות בניחוח לימון אג'קס 2 ליטר,הנסיך- מפעל לייצור ט,GR,נוזל לניקוי כללי ורצ,ליטרים,2.00,ליטר,false,,19.90,9.9500,true,1,1017603
7290000692210,false,נוזל לניקוי כללי ורצפות בניחוח לבנדר אג'קס 2 ליטר,הנסיך- מפעל לייצור ט,GR,נוזל לניקוי כללי ורצ,ליטרים,2.00,ליטר,false,,19.90,9.9500,true,1,1017604
7290000692227,false,נוזל כלים פלמוליב צילינדר קלאסי 1 ליטר,יבואן ומשווק: ש. שסט,GR,נוזל לניקוי כלים קלא,ליטרים,1.00,ליטר,false,,13.90,13.9000,true,1,1017605
7290000692456,false,אג'קס חלונות זוג 750*2 מל ספריי ורפיל,הנסיך- מפעל לייצור ט,GR,תרסיס לניקוי חלונות,מיליליטרים,750.00,"100 מ""ל",false,,23.90,0.0319,true,1,1017608
7290000699999,false,משלוחים גוש עציון 25,,,משלוחים גוש עציון 25,יח',1.00,יח',false,,25.00,25.0000,true,1,1033743
7290000799800,false,פקדון 12 יח,,,פקדון 12 יח,יח',1.00,יח',false,,3.60,3.6000,true,1,1114383
7290000799801,false,פיקדון בודד 0.3 ₪,,,פיקדון בודד 0.3 ₪,יח',1.00,יח',false,,0.30,0.3000,true,1,1010953
7290000799802,false,"פיקדון שישיה 1.8 ש""ח",,,"פיקדון שישיה 1.8 ש""ח",יח',1.00,יח',false,,1.80,1.8000,true,1,1010955
7290000803067,false,"משחת שיניים לילדים גילאים 6-2 אלמקס 75 מ""ל",הנסיך- מפעל לייצור ט,PL,משחת שיניים לילדים ג,מיליליטרים,75.00,"100 מ""ל",false,,15.90,0.2120,true,1,1017612
7290000803180,false,מרידול מי פהשטיפה דנטלית 400 מל,קולגייט פלמוליב,CH,"מי פה מרידול 400 מ""ל",מיליליטרים,400.00,"100 מ""ל",false,,29.90,0.0747,true,1,1017613
7290000804484,false,אלמקס שטיפת פה דנטלית למניעת עששת 400מל,קולגייט פלמוליב,CH,מי פה להגנה מפני עשש,מיליליטרים,400.00,"100 מ""ל",false,,24.90,0.0622,true,1,1017615
7290000805597,false,"מזון לכלבים בונזו מזון כלבים סניור 3 ק""ג","ביופט בע""מ",IL,"בונזו סניור + 7 3 ק""ג",קילוגרמים,3.00,"ק""ג",false,,48.90,16.3000,true,1,1027769
7290000805924,false,"מזון חתולים לה קט דגים 2.85 ק""ג","ביופט בע""מ",IL,לה קט דגים 2.85קג,קילוגרמים,2.85,"ק""ג",false,,57.90,20.3158,true,1,1027780
7290000841557,false,"סטרילי נוזל חיטוי 500 מ""ל לניקוי פירות וירקות",,IL,סטרילי לחיטוי ושטיפה,מיליליטרים,700.00,"100 מ""ל",false,,11.90,0.0170,true,1,1038530
7290000961804,false,תבלין עמבה,ברכת קטיף,IL,דלעת ארוזה,קילוגרמים,1.00,"ק""ג",true,,8.90,8.9000,true,1,1177538
7290000995410,false,נבטים סיניים נבטי העמק,נסטלה פורינה USA קר,IL,נבטים סיניים,יח',1.00,יח',false,,5.90,5.9000,true,1,1031533
7290001001493,false,סטייק פרגית קפוא ארו,עוף ירושלים מהדרין,,סטייק פרגית קפוא ארו,קילוגרמים,1.00,"ק""ג",true,,51.90,51.9000,true,1,1191407
7290001001899,false,עוף טרי ארוז כשר למה,עוף ירושלים מהדרין,,עוף טרי ארוז כשר למה,קילוגרמים,1.00,"ק""ג",true,,18.90,18.9000,true,1,1208115
7290001001905,false,חזה טרי ארוז כשר למה,עוף ירושלים מהדרין,,חזה טרי ארוז כשר למה,קילוגרמים,1.00,"ק""ג",true,,34.90,34.9000,true,1,1208116
7290001001929,false,כנפיים עוף טרי ארוז כשר למהדרין,עוף ירושלים מהדרין,,כנפיים טרי ארוז כשר,קילוגרמים,1.00,"ק""ג",true,,9.90,9.9000,true,1,1208118
7290001001943,false,שוקיים טרי ארוז רמי,עוף ירושלים מהדרין,,שוקיים טרי ארוז כשר,קילוגרמים,1.00,"ק""ג",true,,27.90,27.9000,true,1,1208120
7290001001967,false,כבד טרי ארוז למהדרין,עוף ירושלים מהדרין,,כבד טרי ארוז למהדרין,קילוגרמים,1.00,"ק""ג",true,,22.90,22.9000,true,1,1208122
7290001004289,false,סטייק ע.ע טרי,,,סטייק ע.ע טרי,קילוגרמים,1.00,"ק""ג",true,,119.90,119.9000,true,1,6349907
7290001004333,false,אסאדו ע.ע טרי,,,אסאדו ע.ע טרי,קילוגרמים,1.00,"ק""ג",true,,59.90,59.9000,true,1,6349908
7290001004388,false,אוסובקו ע.ע טרי,,,אוסובקו ע.ע טרי,קילוגרמים,1.00,"ק""ג",true,,59.90,59.9000,true,1,6349909
7290001004630,false,שייטל טרי,,,שייטל טרי,קילוגרמים,1.00,"ק""ג",true,,99.90,99.9000,true,1,6349956
7290001004845,false,טחון טרי מוכשר,,,טחון טרי מוכשר,קילוגרמים,1.00,"ק""ג",true,,39.90,39.9000,true,1,6349855
7290001022085,false,גב.פקורינו כבשים36% משקל,היחוס דה סלבדור,ES,*מבצע* גבינת פקורינו,קילוגרמים,1.00,"ק""ג",true,,100.00,100.0000,true,1,6407015
7290001041017,false,חוואיג' תימני בצנצנת מיה 50 גרם,מיה תעשיות מזון מ.ת.מ. ב,IL,חוואיג' תימני מיה 80,גרמים,80.00,100 גרם,false,,5.80,0.0725,true,1,1023871
7290001041048,false,תבלין על האש בצנצנת מיה 50 גרם,מיה תעשיות מזון מ.ת.מ. ב,IL,תבלין על האש מיה 50,גרמים,50.00,100 גרם,false,,5.80,0.1160,true,1,1023874
7290001041260,false,שומשום מיה 400 גרם,מיה תעשיות מזון מ.ת.מ. ב,IL,שומשום מיה 400 גרם,גרמים,400.00,100 גרם,false,,8.90,0.0223,true,1,1023888
7290001041291,false,לקקן סוכריה על מקל 70יח',מיה תעשיות מזון מ.ת.מ. ב,IL,לקקנים מיה 75 יחידות,גרמים,770.00,100 גרם,false,,18.40,0.0239,true,1,1023891
7290001041482,false,זנגויל בצנצנת מיה 50 גרם,מיה תעשיות מזון מ.ת.מ. ב,IL,זנגוויל מיה50 גרם,גרמים,50.00,100 גרם,false,,5.80,0.1160,true,1,1023892
7290001041888,false,פפריקה מתוקה בצנצנת מיה 300 גרם,מיה תעשיות מזון מ.ת.מ. ב,IL,מיה פפריקה מתוקה 300,גרמים,300.00,100 גרם,false,,14.90,0.0497,true,1,1023903
7290001121238,false,נקניק קורנדביף 4% יחיעם 180 גרם,מעדני יחיעם 1993,IL,נקניק קורנדביף 4% יח,גרמים,180.00,100 גרם,false,,22.90,0.1272,true,1,1029965
7290001121931,false,קבנוס מקסיקני דק דק יחיעם 125 גרם,מעדני יחיעם 1993,,קבנוס מקסיקני דק דק,גרמים,125.00,100 גרם,false,,12.90,0.1032,true,1,1029983
7290001123775,false,שווארמה אמיתית פרגיות טיבון ויל 500 גרם,"טיבול ויל אחזקות בע""",IL,שווארמה אמיתית פרגיו,גרמים,500.00,100 גרם,false,,19.90,0.0398,true,1,1024412
7290001123782,false,שווארמה אמיתית הודו טיבון ויל 500 גרם,טיבון ויל - נטו,IL,שווארמה אמיתית הודו,גרמים,500.00,100 גרם,false,,19.90,0.0398,true,1,1024413
7290001124536,false,ארוחת נודלס טעם תירס מג'יק 70 גרם,טאט הוי פוד בעמ,SG,ארוחת נודלס תירס מג',גרמים,70.00,100 גרם,false,,4.90,0.0700,true,1,1024414
7290001124611,false,שומן כבש טיבון ויל 200 גרם,טיבון ויל אחזקות בעמ,IL,שומן כבש טיבון ויל 2,גרמים,200.00,100 גרם,false,,14.90,0.0745,true,1,1024415
7290001136287,false,"שמפו לשיער רגיל בבושם פרחים נקה 7 750 מ""ל","אמיליה קוסמטיקס בע""מ",IL,שמפו לשיער רגיל בבוש,מיליליטרים,750.00,"100 מ""ל",false,,9.90,0.0132,true,1,1044574
7290001136294,false,"שמפו לשיער יבש בבישום פרחים נקה 7 750 מ""ל","אמיליה קוסמטיקס בע""מ",IL,שמפו לשיער יבש בבישו,מיליליטרים,750.00,"100 מ""ל",false,,9.90,0.0132,true,1,1044575
7290001136300,false,"נקה 7 שמפו ומרכך לסירוק קל 750 מ""ל",אמיליה קוסמטיקס בעמ,IL,שמפו + מרכך של נקה 7,מיליליטרים,750.00,"100 מ""ל",false,,9.90,0.0132,true,1,1044576
7290001136683,false,"מרכך לשיער רגיל בבושם פרחים נקה 7 750 מ""ל","אמיליה קוסמטיקס בע""מ",IL,מרכך לשיער רגיל בבוש,מיליליטרים,750.00,"100 מ""ל",false,,9.90,0.0132,true,1,1044579
7290001193549,false,ערכת חנוכה שלהבת מוצק{ללא חזרות},מעגל הזמן,IL,ערכת חנוכה שלהבת מוצ,יח',1.00,יח',false,,29.90,29.9000,true,1,1037125
7290001216101,false,"טחינה שומשום מלא אל ארז 1 ק""ג",טחינה אל ארז,IL,"טחינה 1 ק""ג מלאה",גרמים,1000.00,100 גרם,false,,29.90,0.0299,true,1,6398856
7290001216231,false,טחינה גולמית שומשום מלא אל ארז 500 גרם,אגס ירוק מסחר ושירותים,IL,טחינה אלארז שומשום מ,גרמים,500.00,100 גרם,false,,16.80,0.0336,true,1,1108440
7290001245453,false,ג'ל כביסה ורוד 5לי רמילוי,,,ג'ל כביסה ורוד 5לי ר,ליטרים,5.00,ליטר,false,,29.90,5.9800,true,1,5400224
7290001245460,false,ג'ל כביסה ירוק 5לי רמילוי,,,ג'ל כביסה ירוק 5לי ר,ליטרים,5.00,ליטר,false,,29.90,5.9800,true,1,5400225
7290001245477,false,ג'ל כביסה כחול 5לי רמילוי,,,ג'ל כביסה כחול 5לי ר,ליטרים,5.00,ליטר,false,,29.90,5.9800,true,1,5400226
7290001245651,false,נוזל רצפות מאסק 4 ליט רמילוי,,,נוזל רצפות מאסק 4 לי,יח',1.00,יח',false,,11.90,11.9000,true,1,5751912
7290001246009,false,ג'ל לכביסה אדום 3לי רמילוי,,,ג'ל לכביסה אדום 3לי,יח',1.00,יח',false,,20.90,20.9000,true,1,5625661
7290001246016,false,ג'ל לכביסה ירוק 3לי רמילוי,,,ג'ל לכביסה ירוק 3לי,יח',1.00,יח',false,,20.90,20.9000,true,1,5625662
7290001246023,false,ג'ל לכביסה כחול 3לי רמילוי,,,ג'ל לכביסה כחול 3לי,יח',1.00,יח',false,,20.90,20.9000,true,1,5855716
7290001246658,false,מבשם נטול גז בלוסום 350מל רמילוי,,,מבשם נטול גז בלוסום,מיליליטרים,350.00,"100 מ""ל",false,,7.90,0.0226,true,1,6078109
7290001246665,false,מבשם נטול גז אושיין 350מל רמילוי,,,מבשם נטול גז אושיין,מיליליטרים,350.00,"100 מ""ל",false,,7.90,0.0226,true,1,6078110
7290001246689,false,מבשם נטול גז לבנדר 350מל רמילוי,,,מבשם נטול גז לבנדר 3,מיליליטרים,350.00,"100 מ""ל",false,,7.90,0.0226,true,1,6078112
7290001246771,false,מטהר אויר לוונדר 300מל רמילוי,,,מטהר אויר לוונדר 300,מיליליטרים,300.00,"100 מ""ל",false,,4.90,0.0163,true,1,6078113
7290001246788,false,מטהר אויר לימון 300מל רמילוי,,,מטהר אויר לימון 300מ,מיליליטרים,300.00,"100 מ""ל",false,,4.90,0.0163,true,1,6078114
7290001246795,false,מטהר אוויר פריחה 300מל רמילוי,,,מטהר אוויר פריחה 300,מיליליטרים,300.00,"100 מ""ל",false,,4.90,0.0163,true,1,6078115
7290001258101,false,גבינת גאודה טבעית במ,מחלבת משק יעקובס,IL,גאודה במשקל 28%,קילוגרמים,1.00,"ק""ג",true,,89.00,89.0000,true,1,1045647
7290001258170,false,רוקפוא משק יעקבס לקג,גבינות משק יעקבס,IL,רוקפור,קילוגרמים,1.00,"ק""ג",true,,92.00,92.0000,true,1,1045650
7290001258187,false,משק יעקבס צפתית בקר,,,משק יעקבס צפתית בקר,קילוגרמים,1.00,"ק""ג",true,,34.00,34.0000,true,1,1335065
7290001258200,false,גבינת שמנת 30% במשקל,גבינות משק יעקבס,IL,*מבצע* גבינת שמנת 25,קילוגרמים,1.00,"ק""ג",true,,31.00,31.0000,true,1,1086686
7290001258217,false,לאבנה עיזים 5% משקל,גבינות משק יעקבס,IL,לבנה עיזים 5%,קילוגרמים,1.00,"ק""ג",true,,58.00,58.0000,true,1,1315689
7290001258378,false,גבינת חלומי במשקל,גבינות משק יעקבס,IL,חלומי יעקבס,קילוגרמים,1.00,"ק""ג",true,,85.00,85.0000,true,1,1131004
7290001258415,false,רוקפור באריזת ווקום יעקובס 180 גרם,גבינות משק יעקבס,IL,גבינת רוקפור משק יעק,גרמים,180.00,100 גרם,false,,24.70,0.1372,true,1,1045662
7290001258422,false,קשקבל צאן 26% שומן במשקל,גבינות משק יעקבס,IL,קשקבל יעקבס במשקל,קילוגרמים,1.00,"ק""ג",true,,110.00,110.0000,true,1,1045655
7290001258446,false,"יעקבס יוגורט כבשים 5% 850 מ""ל",גבינות משק יעקבס,IL,יעקבס יוגורט כבשים 5,מיליליטרים,850.00,"100 מ""ל",false,,19.50,0.0229,true,1,1045663
7290001258491,false,מוצרלה בלוק,משק יעקבס,,מוצרלה בלוק,קילוגרמים,1.00,"ק""ג",true,,64.00,64.0000,true,1,1062411
7290001258514,false,גב.רכה ריקוטה במשקל,גבינות משק יעקבס,IL,*מבצע* ריקוטה 5% במש,קילוגרמים,1.00,"ק""ג",true,,31.00,31.0000,true,1,1311476
7290001258552,false,גבינה לאבנה בקר 250 גרם,בטר אנד דיפרנט,IL,לבנה בקר 250 גר,גרמים,250.00,100 גרם,false,,9.50,0.0380,true,1,1045665
7290001258576,false,גבינת גאודה יעקבס 200 גרם,גבינות משק יעקבס,IL,גבינת גאודה יעקבס 20,גרמים,200.00,100 גרם,false,,19.70,0.0985,true,1,1045666
7290001258590,false,גבינת מנצג'ו 30%גוש משקל,גבינות משק יעקבס,IL,מנצ'גו כבשים,קילוגרמים,1.00,"ק""ג",true,,122.00,122.0000,true,1,1045657
7290001258620,false,גבינת מנצ'גו משק יעקבס 180 גרם,גבינות יעקבס,IL,גבינת מנצ'גו משק יעק,גרמים,180.00,100 גרם,false,,23.90,0.1328,true,1,1045667
7290001258651,false,משולש גרוייר,משק יעקבס,IL,משולש גרוייר,קילוגרמים,1.00,"ק""ג",true,,114.00,114.0000,true,1,5549582
7290001258682,false,"יוגורט עיזים באריזה 500 מ""ל",גבינות משק יעקבס,IL,יעקבס יוגורט עיזים 3,מיליליטרים,500.00,"100 מ""ל",false,,12.90,0.0258,true,1,1045669
7290001258705,false,גאודה עשבי תיבול28% משקל,גבינות משק יעקבס,IL,גאודה תיבול,קילוגרמים,1.00,"ק""ג",true,,89.00,89.0000,true,1,5549583
7290001258729,false,לאבנה עיזים יעקובס 250 גרם,גבינות משק יעקבס,IL,יעקבס לאבנה עיזים 25,גרמים,250.00,100 גרם,false,,13.90,0.0556,true,1,1045670
7290001258774,false,מוצרלה בייבי 150 גרם יעקובס,גבינות משק יעקבס,IL,בייבי מוצרלה 140גר,מיליליטרים,140.00,"100 מ""ל",false,,12.90,0.0921,true,1,4473950
7290001258804,false,קשקבל גבינה חצי קשה יעקבס 180 גרם,גבינות משק יעקבס,IL,גבינת קשקבל משק יעקב,גרמים,180.00,100 גרם,false,,21.70,0.1206,true,1,1045676
7290001258811,false,כדורי מוצרלה בייבי י,גבינות משק יעקבס,IL,כדורי מוצרלה,קילוגרמים,1.00,"ק""ג",true,,79.00,79.0000,true,1,1311477
7290001258941,false,גבינת שמנת זיתים 30%,משק יעקבס,,*מבצע* גבינת שמנת זי,קילוגרמים,1.00,"ק""ג",true,,31.00,31.0000,true,1,1086690
7290001258972,false,גבינת חלומי בואקום 2,גבינות משק יעקבס,IL,חלומי 200 גרם,גרמים,200.00,100 גרם,false,,17.90,0.0895,true,1,1084139
7290001258989,false,קממבר בקר בייבי במשקל,גבינות משק יעקבס,IL,קממברט בקר בייבי,קילוגרמים,1.00,"ק""ג",true,,92.00,92.0000,true,1,1302063
7290001258996,false,גבינת שמנת שום שמיר,משק יעקבס,,*מבצע* גבינת שמנת שו,קילוגרמים,1.00,"ק""ג",true,,31.00,31.0000,true,1,1086691
7290001260005,false,מנצ'ס,,,מנצ'ס,קילוגרמים,1.00,"ק""ג",true,,47.00,47.0000,true,1,1138505
7290001260012,false,מנגו,,,מנגו,קילוגרמים,1.00,"ק""ג",true,,80.00,80.0000,true,1,1138506
7290001260227,false,שטה גרוס חריף,,,שטה גרוס חריף,קילוגרמים,1.00,"ק""ג",true,,75.00,75.0000,true,1,1139198
7290001260234,false,שטה שלם חריף,,,שטה שלם חריף,קילוגרמים,1.00,"ק""ג",true,,69.90,69.9000,true,1,1139199
7290001260241,false,שטה שלם מתוק,,,שטה שלם מתוק,קילוגרמים,1.00,"ק""ג",true,,69.90,69.9000,true,1,1139200
7290001260265,false,גריל דג,,,גריל דג,קילוגרמים,1.00,"ק""ג",true,,74.90,74.9000,true,1,1139202
7290001260272,false,גריל עוף,,,גריל עוף,קילוגרמים,1.00,"ק""ג",true,,58.00,58.0000,true,1,1139203
7290001260296,false,חוויאג' לקפה,,,חוויאג' לקפה,קילוגרמים,1.00,"ק""ג",true,,89.00,89.0000,true,1,1139247
7290001260418,false,כוסברה שלם,,,כוסברה שלם,קילוגרמים,1.00,"ק""ג",true,,74.00,74.0000,true,1,1139259
7290001260463,false,בזיליקום,,,בזיליקום,קילוגרמים,1.00,"ק""ג",true,,100.00,100.0000,true,1,1139279
7290001260623,false,פפריקה מתוקה,,,פפריקה מתוקה,קילוגרמים,1.00,"ק""ג",true,,35.00,35.0000,true,1,1139295
7290001260630,false,פפריקה בשמן,,,פפריקה בשמן,קילוגרמים,1.00,"ק""ג",true,,39.90,39.9000,true,1,1139296
7290001260647,false,קינמון מקלות,,,קינמון מקלות,קילוגרמים,1.00,"ק""ג",true,,59.90,59.9000,true,1,1139297
7290001260654,false,קינמון טחון,,,קינמון טחון,קילוגרמים,1.00,"ק""ג",true,,59.90,59.9000,true,1,1139298
7290001260661,false,אניס,,,אניס,קילוגרמים,1.00,"ק""ג",true,,74.90,74.9000,true,1,1139299
7290001260739,false,גרעין כורדי,,,גרעין כורדי,קילוגרמים,1.00,"ק""ג",true,,19.00,19.0000,true,1,1139306
7290001260746,false,פקאן סיני,,,פקאן סיני,קילוגרמים,1.00,"ק""ג",true,,89.00,89.0000,true,1,1139307
7290001260784,false,שקד קלוי,,,שקד קלוי,קילוגרמים,1.00,"ק""ג",true,,89.00,89.0000,true,1,1139311
7290001260814,false,קבוקים,,,קבוקים,קילוגרמים,1.00,"ק""ג",true,,25.00,25.0000,true,1,1139314
7290001260982,false,קוקוס טחון,,,קוקוס טחון,קילוגרמים,1.00,"ק""ג",true,,32.00,32.0000,true,1,1139330
7290001274422,false,שלגונים ציפוי בננה מאגדת שמינייה 560 ג',גלידות פלדמן,IL,מאגדת שלגונים ציפוי,10 יח',1.00,10 יח',false,,19.80,19.8000,true,1,5025913
7290001274583,false,גלידל שוקו פקאן 0% שומן ללא סוכר,"פלקו בע""\מ, חברה ישראלית",IL,גלידל שוקו פקאן 0% ש,מיליליטרים,900.00,"100 מ""ל",false,,19.90,0.0221,true,1,5025764
7290001274934,false,"שמיניית גלידל פרי לימון ""פלדמן""",הגלידות של פלדמן,IL,גלידל דיאט למון ליים,גרמים,640.00,100 גרם,false,,20.90,0.0327,true,1,5025956
7290001275016,false,גומי בית יוסף,,,גומי בית יוסף,קילוגרמים,1.00,"ק""ג",true,,39.90,39.9000,true,1,1139383
7290001275023,false,ליקריץ/שטיחים/סוכריו,,,ליקריץ/שטיחים/סוכריו,קילוגרמים,1.00,"ק""ג",true,,59.90,59.9000,true,1,1139384
7290001275078,false,גרנולה ללא תוספת סוכ,,,גרנולה ללא תוספת סוכ,קילוגרמים,1.00,"ק""ג",true,,30.00,30.0000,true,1,1139333
7290001275092,false,קינואה אדומה/פרג,,,קינואה אדומה/פרג,קילוגרמים,1.00,"ק""ג",true,,30.00,30.0000,true,1,1139335
7290001275443,false,לואיזה,,,לואיזה,קילוגרמים,1.00,"ק""ג",true,,260.00,260.0000,true,1,1156797
7290001275672,false,פול קלוי,,,פול קלוי,קילוגרמים,1.00,"ק""ג",true,,55.00,55.0000,true,1,1173302
7290001275719,false,תירס צ'ילי,,,תירס צ'ילי,קילוגרמים,1.00,"ק""ג",true,,49.00,49.0000,true,1,1173306
7290001275757,false,רביולי,,,רביולי,קילוגרמים,1.00,"ק""ג",true,,65.00,65.0000,true,1,1173310
7290001275764,false,מנצ'ס חדש,,,מנצ'ס חדש,קילוגרמים,1.00,"ק""ג",true,,65.00,65.0000,true,1,1173311
7290001305058,false,"פלמוליב - נטורלס תחליב רחצה חלב ודבש 500 מ""ל",הנסיך- מפעל לייצור ט,TR,סבון נוזלי בניחוח חל,מיליליטרים,500.00,"100 מ""ל",false,,15.90,0.0318,true,1,1017618
7290001305188,false,"נוזל לניקוי כלים בריח לימון פלמוליב 750 מ""ל",יבואן ומשווק: ש. שסט,GR,נוזל לניקוי כלים ברי,מיליליטרים,750.00,"100 מ""ל",false,,11.90,0.0159,true,1,1017619
7290001327180,false,שטראוס קרמיסימו וניל ציפ 1.33 ליטר,"גלידת שטראוס בע""\מ, רחוב",IL,שטראוס קרמיסימו וניל,ליטרים,1.33,ליטר,false,,17.90,13.4586,true,1,1030816
7290001327791,false,גלידת קרמיסימו וניל עוגיות חלבי,"גלידת שטראוס בע""\מ, רחוב",IL,שטראוס קרמיסימו עוגי,ליטרים,1.33,ליטר,false,,17.90,13.4586,true,1,1030820
7290001355404,false,טחון עוף טרי כשר,תנובה,,טחון עוף טרי כשר,קילוגרמים,1.00,"ק""ג",true,,34.90,34.9000,true,1,1171501
7290001355428,false,טחון עוף טרי,תנובה,,טחון עוף טרי,קילוגרמים,1.00,"ק""ג",true,,34.90,34.9000,true,1,1174726
7290001407127,false,פרוסות חלבה קלאסית בטעם וניל בארכה 400 גרם,רושדי תעשיות מזון בע,IL,פרוסות חלבה קלאסית ב,גרמים,400.00,100 גרם,false,,12.90,0.0323,true,1,1027215
7290001407134,false,פרוסות חלבה קלאסית וניל פולי קקאו 400 גר,רושדי תעשיות מזון בע,IL,פרוסות חלבה שוקו וני,גרמים,400.00,100 גרם,false,,12.90,0.0323,true,1,1027216
7290001407547,false,טחינה גולמית משומשום מלא פי 6 בארכה 500ג',"רושדי תעשיות מזון בע""\מ",IL,טחינה משומשום מלא פי,גרמים,500.00,100 גרם,false,,12.90,0.0258,true,1,1196359
7290001407769,false,טחינה גולמית שומשום מלא בארכה 500 גרם,"רושדי תעשיות מזון בע""\מ",IL,טחינה גולמית שומשום,גרמים,500.00,100 גרם,false,,12.90,0.0258,true,1,1027222
7290001407813,false,חלבה שאמית פיסטוק בקטנה בארכה 350ג',"רושדי תעשיות מזון בע""\מ",IL,חלבה שאמית עם פיסטוק,גרמים,350.00,100 גרם,false,,14.90,0.0426,true,1,1027223
7290001415214,false,עוגת סבתא שוקולד 500ג',פילסברי,,עוגת סבתא שוקולד,יח',1.00,יח',false,,24.90,24.9000,true,1,4224525
7290001461105,false,לחם מחמצת לבן (ברקוד,פילסברי,,לחם מחמצת לבן,יח',1.00,יח',false,,16.90,16.9000,true,1,1012764
7290001461860,false,עשריית פיתות פילסברי,פילסברי,,עשריית פיתות פילסברי,יח',1.00,יח',false,,13.50,13.5000,true,1,1079160
7290001461884,false,מאפה פרימיום פילסברי,,,מאפה פרימיום פילסברי,קילוגרמים,1.00,"ק""ג",true,,47.00,47.0000,true,1,3346746
7290001476208,false,גבינת ברי פקאן במשקל,מחלבות גד,IL,ברי פקאן 22% במשקל,קילוגרמים,1.00,"ק""ג",true,,119.00,119.0000,true,1,1021162
7290001482049,false,בולגריה בקוביות עם ש,,,הבולגריה בקוביות + ש,קילוגרמים,1.00,"ק""ג",true,,65.00,65.0000,true,1,1026801
7290001482094,false,גבינה פרמז'נו משולשים ויליפוד 200ג',זנטי אס. אי לאלין,IT,פרמז'נו וילי פוד 200,גרמים,200.00,100 גרם,false,,17.90,0.0895,true,1,1026850
7290001482186,false,אננס חתוך בסירופ קל ויליפוד 565 גרם,הנסיך- מפעל לייצור ט,TH,אננס חתוך ויליפוד 56,גרמים,565.00,100 גרם,false,,5.90,0.0104,true,1,6257819
7290001482506,false,"חומץ בלסמי וילי פוד 500 מ""ל",וילי פוד,IT,חומץ בלסמי וילי פוד,מיליליטרים,500.00,"100 מ""ל",false,,14.90,0.0298,true,1,1026854
7290001485019,false,גבינת קרם שמנת טבעי 5% טרה 200 גרם,קריות זול,IL,גבינת קרם שמנת 5% טר,גרמים,200.00,100 גרם,false,,10.90,0.0545,true,1,1012457
7290001491010,false,תה ירוק יסמין ויסוצקי 25 יחידות,תה ויסוצקי,IL,תה ירוק יסמין ויסוצק,גרמים,37.50,100 גרם,false,,22.90,0.6107,true,1,1027227
7290001491096,false,תה ירוק בתוספת לימונית ולואיזה 50 שקיקים ויסוצקי,תה ויסוצקי,IL,תה ירוק לימונית ולוא,גרמים,75.00,100 גרם,false,,39.90,0.5320,true,1,1027228
7290001501009,false,שירות החלפה מילוי גז,סודה סטרים,,מילוי גז למיכל סודה,יח',1.00,יח',false,,88.90,88.9000,true,1,1026606
7290001507070,false,פתיבר חרובים אורגני 200 גר,השדה מוצרים אורגניים,IL,פתי בר חרובים אורגני,גרמים,200.00,100 גרם,false,,7.60,0.0380,true,1,6233120
7290001515310,false,שש כריות קרצוף יפניות סקוטש ברייט,3m,,סקוטש ברייט שש כריות,יח',1.00,יח',false,,9.90,9.9000,true,1,4157450
7290001515631,false,שלושה ספוגי קרצוף קשיחים ארוכים אדומים,שיוך למחסן 17,ES,שלושה ספוגי קרצוף קש,יח',1.00,יח',false,,7.90,7.9000,true,1,6051088
7290001567555,false,פסטרמה מעודנת עם דבש 300 ג' יחיעם,מעדני יחיעם,IL,פסטרמה מעודנת עם דבש,גרמים,300.00,100 גרם,false,,19.90,0.0663,true,1,2439273
7290001567708,false,נקניקיות וינר יחיעם 400 גרם,מעדני יחיעם,IL,נקנקיות עוף 400 גרם,גרמים,400.00,100 גרם,false,,10.90,0.0273,true,1,1436382
7290001567814,false,סלמי מעושן בסגנון איטלקי 300 ג' יחיעם,מעדני יחיעם,IL,סלמי מעושן בסגנון אי,גרמים,300.00,100 גרם,false,,19.90,0.0663,true,1,1624507
7290001567906,false,פסטרמה מעודנת יחיעם 200 ג',מעדני יחיעם,IL,פסטרמה מעודנת 200 ג,גרמים,200.00,100 גרם,false,,12.70,0.0635,true,1,1252695
7290001567937,false,"סלמי איטלקי מפולפל 200 גרם ""יחיעם""",מעדני יחיעם,IL,איטלקי מפולפל 200 ג,גרמים,200.00,100 גרם,false,,12.70,0.0635,true,1,1252697
7290001591710,false,המבורגר אנגוס טיבון ויל 600 גרם,טיבון ויל,IL,המבורגר אנגוס 600 גר,גרמים,600.00,100 גרם,false,,22.90,0.0382,true,1,6339330
7290001591734,false,נקניקיה מרגז בסגנון מרוקאי טיבון ויל 500 גרם,טיבון ויל,IL,מרגז נקניקייה סגנון,גרמים,500.00,100 גרם,false,,22.90,0.0458,true,1,6339332
7290001591758,false,קבב מזרחי אנגוס 500 ג' טיבון ויל,טיבון ויל,IL,קבב מזרחי ביתי אנגוס,גרמים,600.00,100 גרם,false,,22.90,0.0382,true,1,6364658
7290001594520,false,"בירה טובורג רד בקבוק 330 מ""ל",מבשלות בירה בינלאומיות ב,IL,"טובורג בקבוק 330 מ""ל",יח',1.00,יח',false,,6.90,6.9000,true,1,6443354
7290001594575,false,"בירה טובורג רד פחית 500 מ""ל",מבשלות בירה בינלאומיות ב,IL,בירה טובורג בפחית 50,מיליליטרים,500.00,"100 מ""ל",false,,8.90,0.0178,true,1,1013028
7290001594810,false,"בירה שחורה מאלטי בקב' מארז 330X6מ""ל",החברה המרכזית לייצור משקאות,IL,בירה שחורה מאלטי 6*3,ליטרים,1.98,ליטר,false,,19.90,10.0505,true,1,1013078
7290001594858,false,"שישייה בירה טובורג רד בקבוק 330 מ""ל",מבשלות בירה בינלאומיות ב,IL,טובורג רד מארז שישיי,מיליליטרים,1980.00,"100 מ""ל",false,,39.90,0.0202,true,1,1013079
7290001594865,false,"שישייה בירה קרלסברג בקבוק 330 מ""ל",מבשלות בירה בינלאומיות ב,IL,בירה קרלסברג 6*330 מ,ליטרים,1.98,ליטר,false,,39.90,20.1515,true,1,1013080
7290001598085,false,לחם משפחתי עם דגנים מקמח מלא,מאפית יוסף בראון,IL,לחם משפחתי עם דגנים,גרמים,400.00,100 גרם,false,,14.90,0.0373,true,1,6241053
7290001598276,false,"לחם 7 דגנים קל מקמח חיטה מלא ללא שמרים 1.1 ק""ג הברון",מאפיית יוסף ברון,IL,לחם 7 דגנים קל 1.1קג,קילוגרמים,1.10,"ק""ג",false,,14.90,13.5455,true,1,6241054
7290001598429,false,פרנה מרוקאית חמשת 4,מאפיית יוסף ברון בעמ,IL,פרנה מרוקאית,יח',1.00,יח',false,,10.90,10.9000,true,1,6205932
7290001598528,false,לחם כוסמין 100% 450ג' הברון,מאפיית יוסף ברון בעמ,IL,לחם כוסמין 39קל לפרו,יח',1.00,יח',false,,14.90,14.9000,true,1,6241055
7290001598573,false,לחמניות כוסמין 5 יח 99 קלוריות,מאפיית יוסף ברון בעמ,IL,לחמניות כוסמין 5 יח,גרמים,384.00,100 גרם,false,,12.90,0.0336,true,1,2847217
7290001598580,false,פיתות כוסמין 6יח 99 קלוריות,מאפיית יוסף ברון בעמ,IL,פיתות כוסמין 6יח 99,גרמים,384.00,100 גרם,false,,14.90,0.0388,true,1,2870223
7290001598597,false,פיתה כוסמין 99 קלוריות,,,פיתה כוסמין 99 קלורי,גרמים,300.00,100 גרם,false,,14.90,0.0497,true,1,6348265
7290001598764,false,פיתות ביס כוסמין מלא 10יח רמילוי,,,פיתות ביס כוסמין מלא,גרמים,480.00,100 גרם,false,,14.90,0.0310,true,1,6398310
7290001598771,false,פיתה כוסמין 99 קל' 8יח רמילוי,,,פיתה כוסמין 99 קל' 8,גרמים,360.00,100 גרם,false,,14.90,0.0414,true,1,6396330
7290001598788,false,פיתות כוסמין מלא 8יח רמילוי,,IL,פיתות כוסמין מלא 8יח,גרמים,480.00,100 גרם,false,,14.90,0.0310,true,1,6396332
7290001599044,false,קובה אדום 800 גר',,,קובה אדום 800 גר',גרמים,800.00,100 גרם,false,,27.90,0.0349,true,1,1012970
7290001599051,false,קובה חמוסטה 800 גרם,,,קובה חמוסטה 800 גרם,גרמים,800.00,100 גרם,false,,27.90,0.0349,true,1,1012971
7290001599082,false,סיגרים בשר 800 גרם,,,סיגרים בשר 800 גרם,גרמים,800.00,100 גרם,false,,27.90,0.0349,true,1,1012973
7290001615034,false,קרפיון טרי שלם טחון,,,קרפיון טרי שלם טחון,קילוגרמים,1.00,"ק""ג",true,,34.90,34.9000,true,1,3344485
7290001627242,false,ג'ל לניקוי לימון אסלות 750,,,ג'ל לניקוי לימון אסל,מיליליטרים,750.00,"100 מ""ל",false,,6.20,0.0083,true,1,4460919
7290001670224,false,מלית פרג פוליבה 400 גרם,"פוליבה בע""מ",IL,מלית פרג פוליבה 400,גרמים,400.00,100 גרם,false,,9.90,0.0248,true,1,1026433
7290001670514,false,מלית אוכמניות הנמל 400 גרם,"פוליבה בע""מ",IL,מלית אוכמניות 400 גר,גרמים,400.00,100 גרם,false,,9.90,0.0248,true,1,1026437
7290001670859,false,מלית דובדבנים פוליבה 400 ג',קריות זול,IL,מלית דובדבנים 400 גר,גרמים,400.00,100 גרם,false,,9.90,0.0248,true,1,1026442
7290001710111,false,נקניקיות מרגז ארוז 500 גר,לאטי עזרא גלם ודגים,IL,נקניקיות מרגז ארוז 5,גרמים,500.00,100 גרם,false,,19.80,0.0396,true,1,2635388
7290001710128,false,נקניקיות צוריסוס ארוז 500 גר,מעדני הטלה,,נקניקיות צוריסוס ארו,גרמים,500.00,100 גרם,false,,19.80,0.0396,true,1,3320314
7290001710159,false,גולש עגל קפוא ארוז מ,לאטי עזרא גלם ודגים,IL,*מבצע* גולש עגל מוכש,קילוגרמים,1.00,"ק""ג",true,,34.90,34.9000,true,1,2134646
7290001713167,false,סנט מוריץ - מרסס קצף ניקוי 1 ליטר סניטרי אפור,קומפלקס כימיקלים בעמ,IL,סנט מוריץ קצף ניקוי,מיליליטרים,750.00,"100 מ""ל",false,,9.90,0.0132,true,1,5968209
7290001713211,false,מנקה רצפות סופר מבושם מאסק 2.5 ל',ABC,TR,רצפות סופר מבושם מאס,ליטרים,2.50,ליטר,false,,11.90,4.7600,true,1,6279427
7290001713228,false,מנקה רצפות סופר מבושם כחול 2.5 ל',ABC,TR,רצפות סופר מבושם אוק,ליטרים,2.50,ליטר,false,,11.90,4.7600,true,1,6279428
7290001713235,false,מנקה רצפות סופר מבושם סגול 2.5 ל',,TR,רצפות סופר מבושם לבנ,יח',1.00,יח',false,,11.90,11.9000,true,1,6279429
7290001713242,false,עלמה שקיות אשפה 25 יחידות 75*90 עם ידית,אסיר פלסט,TR,שקיות אשפה עם ידיות,יח',1.00,יח',false,,9.90,9.9000,true,1,6425326
7290001713372,false,"תרסיס לניקוי מוצרי עור 400 מ""ל",קומפלקס כימיקלים,IL,נוזל לניקוי עור 400,יח',1.00,יח',false,,14.90,14.9000,true,1,1030764
7290001713662,false,מרכך כביסה pure בניחוח מלון רויאל 1 ל' סנט מוריץ,"קומפלקס כימיקלים בע""",TR,מרכך כביסה בית מלון,מטרים,1000.00,100 מ'ל,false,,9.90,0.0099,true,1,6330930
7290001789735,false,סט 3 קופסאות מלבניות,,,סט 3 קופסאות עם מכסה,יח',1.00,יח',false,,8.90,8.9000,true,1,6419289
7290001791349,false,פיסגה אקונומיקה ריחנית סנו 4 ליטר,"סנו מפעלי ברונוס בע""מ",IL,פיסגה אקונומיקה ריחנ,ליטרים,4.00,ליטר,false,,9.90,2.4750,true,1,1022909
7290001791363,false,"מטהר אויר בניחוח וניל קוקוס מילוי סנו 250 מ""ל",סנו מפעלי ברונוס בעמ,IL,מטהר אויר בניחוח וני,מיליליטרים,250.00,"100 מ""ל",false,,12.90,0.0516,true,1,1022911
7290001817728,false,צ'יטוס אפוי כאפה בטעם קטשופ 55 גרם,"שטראוס פריטו ליי בע""\מ )",IL,צ'יטוס אפוי כאפה בטע,גרמים,55.00,100 גרם,false,,3.10,0.0564,true,1,1026245
7290001865453,false,פמילי לקשרי 1 ליטר לבנדר ארומטי+משאבה,מיוצר עי קונדיטוריית,TR,פמלי אל סבון ליטר לבנדר [,ליטרים,1.00,ליטר,false,,10.80,10.8000,true,1,1046149
7290001873441,false,המבורגר בלאק אנגוס 320 גרם,טיבון ויל אחזקות בעמ,IL,המבורגר,גרמים,320.00,100 גרם,false,,24.90,0.0778,true,1,6207909
7290001873458,false,סטייקבורגר בלאק אנגוס 320 גרם,טיבון ויל אחזקות בעמ,IL,סטייק בורגר,גרמים,320.00,100 גרם,false,,24.90,0.0778,true,1,6207910
7290001873472,false,"קבב בלאק אנגוס 320 גרם,",טיבון ויל אחזקות בעמ,IL,קבב,גרמים,320.00,100 גרם,false,,24.90,0.0778,true,1,6207911
7290001946121,false,פפריקה מרוקאית מתוקה תבליני ביטון 400 גרם,"דין שיווק וקלייה בע""",IL,פפריקה מרוקאית מתוקה,גרמים,400.00,100 גרם,false,,17.90,0.0447,true,1,1014767
7290001973233,false,"קמיל בלו מגבונים לחים סנסיטיב ד""ר פישר 120 יחידות",פישר מעבדות פרמצבטיות,IL,ק.ב סנסטיב מגבונים 120 יח,יח',120.00,יח',false,,10.90,0.0908,true,1,1043640
7290001990148,false,"סוכר גולדן קלאסי בצנצנת סוגת 1 ק""ג",האי נאם סי או אל.טי.,IL,סוכר גולדן קלסי צנצנת1 קג,יח',1.00,יח',false,,10.90,10.9000,true,1,1022455
7290001990261,false,"סוגת חומוס 1 ק""ג","סוגת תעשיות בע""\מ",IL,"חומוס 1 ק""ג",גרמים,1000.00,100 גרם,false,,14.80,0.0148,true,1,1022456
7290001990278,false,"שעועית לבנה סוגת 1 ק""ג","סוגת תעשיות בע""\מ",IL,"שעועית לבנה 1 ק""ג",גרמים,1000.00,100 גרם,false,,18.90,0.0189,true,1,1022457
7290001990391,false,אפונה יבשה 1קג סוגת,"סוגת תעשיות בע""\מ",IL,"אפונה 1 ק""ג",גרמים,1000.00,100 גרם,false,,9.40,0.0094,true,1,1022461
7290001990407,false,"עדשים ירוקים 1 ק""ג סוגת","סוגת תעשיות בע""\מ",IL,"עדשים ירוקים 1 ק""ג",גרמים,1000.00,100 גרם,false,,13.80,0.0138,true,1,1022462
7290001990414,false,"עדשים אדומים 1 ק""ג סוגת","סוגת תעשיות בע""\מ",IL,"עדשים אדומים 1 ק""ג",גרמים,1000.00,100 גרם,false,,13.80,0.0138,true,1,1022463
7290002000136,false,מגע הדבש -שעווה להסרת שיער למיקרוגל 500 גרם,"ש. שוורץ )באר שבע( בע""\מ",IL,מגע המשי הדבש ש.למיקרוגל,גרמים,500.00,100 גרם,false,,19.50,0.0390,true,1,1046157
7290002000143,false,"חדש -פנג'ל ק.ידיים קלאסיק 80מ""ל",מיוצר עי קונדיטוריית,IL,חדש -פנג'ל ק.ידיים קלאסיק,גרמים,100.00,100 גרם,false,,7.90,0.0790,true,1,1046158
7290002000266,false,מגע המשי התפוח שעווה למיקרו 500ג' -חדש,המאפיה של הרמן,IL,מגע המשי התפוח ש.למיקרוגל,גרמים,500.00,100 גרם,false,,19.50,0.0390,true,1,1046159
7290002002857,false,"מגע הדבש, ניירות להסרת שיער בשעווה, 50 יחידות","איטיליאן פוד, אס.פי.",IL,מגע המשי נייר הדבש 50יח,יח',50.00,יח',false,,17.90,0.3580,true,1,1046169
7290002003168,false,"שלישיית קרם ידיים קלאסי פנג'ל 80 מ""ל",אינטרקוסמא 1985 במ,IL,מארז שלישית פנג'ל קלאסיק,מיליליטרים,240.00,"100 מ""ל",false,,13.90,0.0579,true,1,1046170
7290002007234,false,אבקת סוכר הנמל 100 גרם,"מיוצר וארוז ע""י: ר.ס",IL,אבקת סוכר הנמל 100 ג,גרמים,100.00,100 גרם,false,,1.60,0.0160,true,1,1191293
7290002007357,false,שקיות צליה דליקטס מיקרוגל הנמל 10 יח',הנמל,IL,שקיות לצליה הנמל 10,יח',10.00,יח',false,,3.80,0.3800,true,1,1026445
7290002008149,false,מדליק פחם מוצק הנמל אריזת 40יח',מ.א.יצור ויבוא מטליו,GB,מדליק פחם מוצק מנגל,יח',40.00,יח',false,,5.80,0.1450,true,1,1026463
7290002008347,false,קורנפלור 500 גרם הנמל,הנמל,IL,קורנפלור 500 גרם הנמ,גרמים,500.00,100 גרם,false,,6.50,0.0130,true,1,1158816
7290002008507,false,נייר אפיה הנמל 50 יחידות,הנמל אריזות ושיווק ב,IL,נייר אפיה הנמל 50 יח,יח',50.00,יח',false,,7.90,0.1580,true,1,1026474
7290002008569,false,מלבין קפה בקופסא הנמל 200 גרם,הנמל אריזות ושיווק ב,IL,מלבין קפה 200 ג,גרמים,200.00,100 גרם,false,,12.90,0.0645,true,1,1026476
7290002008750,false,אבקת אפיה עשירייה הנמל 100 גרם,"מיוצר ע""י:ר.ס. חברה",IL,אבקת אפיה 10x10 גרם,100 יח',100.00,100 יח',false,,1.90,0.0190,true,1,6222796
7290002019114,false,רוטב עגבניות מרוכז מאד 28-30BX פריניר,פרי ניר,IL,רוטב עגבניות מרוכז מ,גרמים,580.00,100 גרם,false,,6.90,0.0119,true,1,1024425
7290002019183,false,פריניר עגב שלמות במיץA2.5,נטו מלינדה,IL,פריניר עגב שלמות במי,גרמים,800.00,100 גרם,false,,6.80,0.0085,true,1,5018435
7290002019763,false,עגבניות מרוסקות פרי ניר 800 גרם,פריניר ( הדס 1987) ב,IL,פריניר עגב מרוסקות A,גרמים,800.00,100 גרם,false,,6.70,0.0084,true,1,4552307
7290002019787,false,רוטב עגבניות מרוכז מאוד 260 גרם פריניר,פריניר ( הדס 1987) ב,IL,פריניר רוטב עגבניות,גרמים,260.00,100 גרם,false,,3.60,0.0138,true,1,1024428
7290002019794,false,רוטב עגבניות מרוכז מאוד 100 גרם פריניר,פריניר ( הדס 1987) ב,IL,פריניר רוטב עגבניות,גרמים,100.00,100 גרם,false,,1.90,0.0190,true,1,1024429
7290002026402,false,בלינצס גבינה בראנץ אנד קראנץ 350 ג',מוצרי איכות אמריקאיים בע,IL,בלינצ'ס גבינה בראנץ,גרמים,350.00,100 גרם,false,,10.90,0.0311,true,1,1027585
7290002026440,false,פרצלס בייגלה בראנץ אנד קראנץ 280 ג',מוצרי איכות אמריקאיים בע,IL,פרצלס בראנץ קפוא 280,גרמים,280.00,100 גרם,false,,10.90,0.0389,true,1,1027589
7290002026587,false,וופל בלגי פרווה בראנץ אנד קראנץ 8 יח',בראנץ' אנד קראנץ Brunch& Crunch,BE,ופל בלגי בראנץ קפוא,גרמים,280.00,100 גרם,false,,10.90,0.0389,true,1,6217157
7290002037194,false,לחם שחור קמח מלא 750 גרם,מאפית י את א ברמן בע,IL,לחם שחור מקמח מלא 75,גרמים,750.00,100 גרם,false,,12.90,0.0172,true,1,5049401
7290002037637,false,חליות מתוקות מארז 4יח',מאפית י את א ברמן בע,IL,חליות מתוקות 4יח,יח',4.00,יח',false,,10.90,2.7250,true,1,5049531
7290002040019,false,קוסקוס רגיל הנמל 350 גרם,"קוסקוס מזון בע""מ",IL,קוסקוס רגיל הנמל 350,גרמים,350.00,100 גרם,false,,5.30,0.0151,true,1,1026485
7290002040064,false,קוסקוס דק הנמל 350 גרם,טרופיקל דגיל תעשיות,IL,קוסקוס דק הנמל 350 ג,גרמים,350.00,100 גרם,false,,5.30,0.0151,true,1,1026487
7290002040071,false,קוסקוס עבה שקית 350 גרם הנמל,"קוסקוס מזון בע""מ",IL,קוסקוס עבה הנמל 350,גרמים,350.00,100 גרם,false,,5.30,0.0151,true,1,1026488
7290002040088,false,קוסקוס מלא הנמל 350 גרם,"קוסקוס מזון בע""מ",IL,קוסקוס מלא הנמל 350,גרמים,350.00,100 גרם,false,,6.30,0.0180,true,1,1026489
7290002043102,false,אקסטרה פריכיות אורז חום מלא 7 זרעי על 200 גרם,נוהלס ג'\י אס סי.,BG,אקסטרה פריכוני 7 זרע,גרמים,200.00,100 גרם,false,,15.90,0.0795,true,1,6250856
7290002043188,false,אקסטרה צ'יפס אורז חום מלא צ'ילי חריף 60 גרם,נוהלס ג'\י אס סי.,BG,אקסטרה ציפס אורז חום,יח',1.00,יח',false,,6.90,6.9000,true,1,6267718
7290002043218,false,אקסטרה צ'יפס אורז חום מלא מלח 60 גרם,נוהלס ג'\י אס סי.,BG,אקסטרה ציפס מלח ים 6,יח',1.00,יח',false,,6.90,6.9000,true,1,6250858
7290002043225,false,אקסטרה צ'יפס אורז חום מלא פפריקה 60 גרם,נוהלס ג'\י אס סי.,BG,אקסטרה ציפס פפריקה 6,גרמים,60.00,100 גרם,false,,6.90,0.1150,true,1,6250859
7290002043782,false,אקסטרה צ'יפס אורז חום מלא טקסס ברביקיו 60 גרם,נוהלס ג'\י אס סי.,BG,אקסטרה ציפס טקסס ברב,יח',1.00,יח',false,,6.90,6.9000,true,1,6250871
7290002043850,false,חטיף אורז אקסטרה בציפוי שוקולד מריר 90 גרם,,,חטיף אורז אקסטרה בצי,גרמים,90.00,100 גרם,false,,12.50,0.1389,true,1,6402343
7290002043867,false,חטיף אורז אקסטרה בציפוי שוקולד לבן 90 גרם,,,חטיף אורז אקסטרה בצי,גרמים,90.00,100 גרם,false,,12.50,0.1389,true,1,6402344
7290002043874,false,חטיף אורז אקסטרה קרמל בציפוי שוקולד לבן,,,חטיף אורז אקסטרה קרמ,גרמים,90.00,100 גרם,false,,12.50,0.1389,true,1,6402345
7290002043898,false,חטיף אורז אקסטרה קוקוס בציפוי שוקולד לבן,,,חטיף אורז אקסטרה קוק,גרמים,90.00,100 גרם,false,,12.50,0.1389,true,1,6402347
7290002053118,false,אטריות ביצים עבות מספר 14 אוריינט 200 גרם,האי נאם סי או אל.טי.,PL,אטריות ביצים מס' 14 - 200,גרמים,200.00,100 גרם,false,,7.90,0.0395,true,1,1013446
7290002057017,false,זיתים נובו ענק A2 יבנה 330ג',שיוך למחסן 17,IL,זית נובו 330 גרם,גרמים,330.00,100 גרם,false,,8.90,0.0270,true,1,1022632
7290002057031,false,זיתים מבוקעים פיקנטי קבוצת יבנה 340 גרם,קבוצת יבנה,IL,זית יבנה מבוקע פיקנט,גרמים,340.00,100 גרם,false,,8.90,0.0262,true,1,1022633
7290002057086,false,זיתים מנזנילו גדול קבוצת יבנה 780 גרם,קבוצת יבנה,IL,זית מנזלינו גדול יבנ,גרמים,780.00,100 גרם,false,,17.90,0.0229,true,1,1022638
7290002057093,false,זיתים מנזנילו גדול קבוצת יבנה 340 גרם,קבוצת יבנה,IL,זית ירוק גדול מנזלינ,גרמים,340.00,100 גרם,false,,7.90,0.0232,true,1,1022639
7290002057109,false,זיתים יבנה ירוקים גדולים מאוד שום מנזלינ,קבוצת יבנה,IL,זיתים יבנה ירוקים גד,גרמים,340.00,100 גרם,false,,8.90,0.0262,true,1,1022640
7290002057123,false,זיתים ירוקים מנזנילו קבוצת יבנה 560 גרם,קבוצת יבנה,IL,זית חרוזית ירוק יבנה,גרמים,275.00,100 גרם,false,,9.50,0.0345,true,1,1022642
7290002057130,false,זיתים חרוזית קבוצת יבנה 650 גרם,קבוצת יבנה,IL,חרוזית ‏43‏ או יבנה,גרמים,650.00,100 גרם,false,,19.90,0.0306,true,1,1022643
7290002057178,false,זיתים שחורים גדולים מנזלינו קבוצת יבנה 3,קבוצת יבנה,IL,זיתים שחורים גדולים,גרמים,340.00,100 גרם,false,,8.70,0.0256,true,1,1022647
7290002057185,false,טבעות זיתים ירוקים קבוצת יבנה 560 גרם,קבוצת יבנה,IL,טבעות זית ירוק 275 ג,גרמים,275.00,100 גרם,false,,9.20,0.0335,true,1,1022648
7290002057291,false,פלפל חריף שיפקה A2יבנה 540 גרם,קבוצת יבנה,IL,שיפקה 225 גרם יבנה,גרמים,225.00,100 גרם,false,,5.50,0.0244,true,1,1022656
7290002057321,false,"מלפפון במלח ‏25‏-‏21‏ יבנה 1.3 ק""ג",קבוצת יבנה,IL,מלפפון במלח 21-25 יב,גרמים,725.00,100 גרם,false,,15.90,0.0219,true,1,1022659
7290002057345,false,"מלפפונים במלח ‏36‏-‏30 קבוצת יבנה 1.75 ק""ג",קבוצת יבנה,IL,מלפפונים במלח בינוני,גרמים,750.00,100 גרם,false,,19.00,0.0253,true,1,1022660
7290002057352,false,מלפפונים במלח ‏9‏-‏7‏ קבוצת יבנה 320 גרם,קבוצת יבנה מוצרי מזון,IL,מלפפון יבנה במלח גדו,גרמים,320.00,100 גרם,false,,6.50,0.0203,true,1,1022661
7290002057376,false,מלפפונים במלח ‏17‏-‏13‏ קבוצת יבנה 320 גרם,קבוצת יבנה,IL,מלפפון יבנה במלח קטנ,גרמים,320.00,100 גרם,false,,9.90,0.0309,true,1,1022663
7290002057383,false,מלפפונים במלח ‏25‏-‏18‏ קבוצת יבנה 320 גרם,קבוצת יבנה,IL,מלפפון יבנה במלח קטנ,גרמים,320.00,100 גרם,false,,12.90,0.0403,true,1,1022664
7290002057406,false,"מלפפון חומץ ‏36‏-‏30‏ ‏10‏-‏A‏ יבנה 3 ק""ג",קבוצת יבנה,IL,מלפפונים בחומץ 30-36,קילוגרמים,1.70,"ק""ג",false,,19.90,11.7059,true,1,1022665
7290002057451,false,מלפפונים בחומץ ‏9‏-‏7 קבוצת יבנה 290 גרם,קבוצת יבנה מוצרי מזון,IL,מלפפון יבנה בחומץ גד,גרמים,290.00,100 גרם,false,,6.50,0.0224,true,1,1022669
7290002057468,false,מלפפון יבנה בחומץ בינוניים 10-12 290 גרם,קבוצת יבנה,IL,מלפפון יבנה בחומץ בי,גרמים,290.00,100 גרם,false,,7.50,0.0259,true,1,1022670
7290002057475,false,מלפפונים בחומץ ‏17‏-‏13 קבוצת יבנה 290 גרם,קבוצת יבנה,IL,מלפפון יבנה בחומץ קט,גרמים,290.00,100 גרם,false,,9.90,0.0341,true,1,1022671
7290002057482,false,מלפפונים קטנים בחומץ קבוצת יבנה 560 גרם,קבוצת יבנה,IL,מלפפון יבנה בחומץ קט,גרמים,290.00,100 גרם,false,,12.90,0.0445,true,1,1022672
7290002057703,false,חצילים במלח קבוצת יבנה 320 גרם,קבוצת יבנה,IL,חצילים במלח קבוצת יב,גרמים,320.00,100 גרם,false,,6.50,0.0203,true,1,1022683
7290002065555,false,שישיית לחמנייה הכי רכה בהפסקה אנג'ל 450 גרם,מאפיית שלמה א. אנג'\ל בע,IL,לחמניות אנג'ל 6 יחיד,גרמים,450.00,100 גרם,false,,10.90,0.0242,true,1,1017340
7290002065616,false,לחם שיפון גרעינים פרוס אחדות 750 גרם,מאפיית שלמה א. אנג'\ל בע,IL,לחם שיפון גרעינים פר,גרמים,750.00,100 גרם,false,,12.50,0.0167,true,1,1032401
7290002065623,false,לחם שיפון של פעם כפרי פרוס אורנים 750 גרם,מאפיית שלמה א. אנג'\ל בע,IL,לחם שיפון של פעם כפר,גרמים,750.00,100 גרם,false,,12.50,0.0167,true,1,1032402
7290002077268,false,קציצות דג מיני 500 גרם לבישול,האי נאם סי או אל.טי.,IL,מיני קציצות דגים 500,גרמים,500.00,100 גרם,false,,18.90,0.0378,true,1,1024430
7290002105176,false,בשר מס' 4 כתף מחיר לפי מ,עוף ירושלים,IL,כתף מרכזי צרכני מס',קילוגרמים,1.00,"ק""ג",true,,43.90,43.9000,true,1,1032052
7290002105503,false,בורגר מזרחי קפוא גלאט 500ג' מחפוד,עוף ירושלים,IL,המבורגר בקר 500 גר מ,גרמים,500.00,100 גרם,false,,18.90,0.0378,true,1,1032121
7290002105510,false,קבב מזרחי מתובל וקפוא גלאט הדר בשר 500ג',עוף ירושלים,,קבב מזרחי 500-מחפוד,גרמים,500.00,100 גרם,false,,18.90,0.0378,true,1,1032122
7290002105527,false,גולש בקר הדר הבשר מחפוד 800 גרם,עוף ירושלים,IL,גולש בקר 800 גרם מחפ,גרמים,800.00,100 גרם,false,,42.90,0.0536,true,1,1032123
7290002105541,false,סטייק אנטריקוט מעובד קפוא ה.הבשר 800ג',עוף ירושלים,,סטייק אנטריקוט 800 ג,גרמים,800.00,100 גרם,false,,42.90,0.0536,true,1,1032125
7290002105565,false,טחון הודו 500 גר' קפוא מחפוד,עוף ירושלים,IL,הודו טחון עוף ירושלי,גרמים,500.00,100 גרם,false,,12.90,0.0258,true,1,1032127
7290002105671,false,טחון עוף 500 גר' קפוא מחפוד,עוף ירושלים,IL,עוף טחון 500 גר מחפו,גרמים,500.00,100 גרם,false,,12.90,0.0258,true,1,1032128
7290002105749,false,"טחון בקר 100% קפוא 1 ק""ג גאלט מחפוד",עוף ירושלים,IL,"בשר טחון 1 ק""ג מחפוד",100 קילו,1.00,100 קילו,false,,44.90,44.9000,true,1,1032131
7290002105756,false,טחון בקר בתוספת חלבון מן הצומח מחפוד,עוף ירושלים,IL,"טחון בקר מחפוד 1ק""ג",גרמים,1000.00,100 גרם,false,,39.90,0.0399,true,1,1032063
7290002105770,false,"קבב כבש קציצות ביתי בוואקום מחפוד 1 ק""ג",עוף ירושלים,IL,קציצות קבב כבש ביתי,קילוגרמים,1.00,"ק""ג",false,,49.90,49.9000,true,1,1032065
7290002105831,false,שניצל עגל קפוא בוואקום מחפוד,,,שניצל עגל בוואקום קפ,קילוגרמים,1.00,"ק""ג",true,,51.90,51.9000,true,1,3307423
7290002107071,false,גבינת פטה עיזים מעודנת 16% משק צוריאל 200 גרם,מחלבת משק צוריאל,IL,בולגרית עיזים מעודנת,גרמים,200.00,100 גרם,false,,22.50,0.1125,true,1,1012470
7290002107385,false,גליל גבינת עיזים מה עז משק צוריאל 180 גרם,מחלבת משק צוריאל,IL,גליל גבינת עיזים מה,גרמים,180.00,100 גרם,false,,19.90,0.1106,true,1,1012472
7290002107491,false,גבינה לבנה מחלב עיזים למריחה 5% משק צוריאל 250 גרם,מחלבת משק צוריאל,IL,גבינה לבנה מחלב עיזי,גרמים,250.00,100 גרם,false,,13.80,0.0552,true,1,1012474
7290002107798,false,גבינה בולגרית מעודנת 5% משק צוריאל 250 גרם,מחלבת משק צוריאל,IL,גבינה בולגרית מעודנת,גרמים,250.00,100 גרם,false,,19.70,0.0788,true,1,1012475
7290002107965,false,טבורוג גבינה לאפייה 5% צוריאל 500 ג',מחלבת משק צוריאל,IL,גבינה לאפיה טבורוג ל,גרמים,500.00,100 גרם,false,,22.90,0.0458,true,1,1012476
7290002109488,false,קבב 100% אמיתי טיבון ויל 440 גרם,"טיבון ויל אחזקות בע""\מ",IL,קבב 100% אמיתי טיבון,גרמים,440.00,100 גרם,false,,19.90,0.0452,true,1,1024447
7290002111634,false,חומוס שלם פרי מבורך 290 גרם,"זנלכל בע""\מ",IL,חומוס פרי מבורך 550,גרמים,290.00,100 גרם,false,,6.90,0.0238,true,1,1028783
7290002111696,false,עגבניות מרוסקות פרי מבורך 800 גרם,פרי מבורך,IL,עגבניות מרוסקות פרי,גרמים,800.00,100 גרם,false,,9.90,0.0124,true,1,1028787
7290002111764,false,שעועית לבנה ברוטב עגבניות פרי מבורך 580,"זנלכל בע""\מ",IL,שעועית לבנה ברוטב עג,גרמים,355.00,100 גרם,false,,6.90,0.0194,true,1,1028789
7290002111825,false,"2A גרעיני תירס מתוק פ""מ עד""ח 550 ג'","זנלכל בע""\מ",IL,תירס מתוק פרי מבורך,גרמים,335.00,100 גרם,false,,6.90,0.0206,true,1,1028791
7290002111948,false,"שעועית ירוקה חתוכה""פרי מבורך"" 550 גרם","זנלכל בע""\מ",IL,שעועית ירוקה חתוכה פ,גרמים,320.00,100 גרם,false,,9.90,0.0309,true,1,1028794
7290002128069,false,נר לחגים כוס 26 שעות רמילוי,,,נר לחגים כוס 26 שעות,יח',1.00,יח',false,,2.20,2.2000,true,1,6113700
7290002128397,false,נר נשמה שבועי זכוכית,,,נר נשמה שבועי זכוכית,יח',1.00,יח',false,,9.90,9.9000,true,1,5902541
7290002128434,false,נרות שבת אורה 10 יחידות,קריות זול,IL,נרות שבת אורה מספר 1,יח',1.00,יח',false,,2.90,2.9000,true,1,1066080
7290002128458,false,נרות שבת אורה מספר 1,מנורה,,נרות שבת אורה מספר 1,יח',1.00,יח',false,,2.90,2.9000,true,1,1066082
7290002128472,false,נרות 72 (4 שעות) רמילוי,,,נרות 72 (4 שעות) רמי,יח',1.00,יח',false,,19.90,19.9000,true,1,6258897
7290002128519,false,נרות 63 (6 שעות) רמילוי,,,נרות 63 (6 שעות) רמי,יח',1.00,יח',false,,19.90,19.9000,true,1,6258898
7290002128823,false,נרות חימום 100 בשקית רמילוי,,,נרות חימום 100 בשקית,יח',1.00,יח',false,,17.80,17.8000,true,1,6258899
7290002129455,false,פיצה איטלקית XL גדולה שלושת האופים 450 גרם,,IT,פיצה איטלקית גדולה 4,גרמים,450.00,100 גרם,false,,19.90,0.0442,true,1,3510883
7290002129462,false,פיצה איטלקית דקה שלושת האופים מארז זוג 640 ג',סוילה אס.אר.אל,IT,זוג פיצה איטלקית דקה,יח',1.00,יח',false,,19.90,19.9000,true,1,2769809
7290002129479,false,פיצה מרגריטה איטלקית דקה שלושת האופים 320 גרם,האי נאם סי או אל.טי.,IT,פיצה איטלקית דקה שלו,יח',1.00,יח',false,,13.90,13.9000,true,1,2769810
7290002129486,false,פיצה איטלקית דקה זיתים 340 ג' שלושת האופים,האי נאם סי או אל.טי.,IT,פיצה איטלקית דקה שלו,גרמים,340.00,100 גרם,false,,13.90,0.0409,true,1,3176377
7290002130567,false,דבש דבורים טהור פרחי בר יד מרדכי 350 גרם,מכוורת יד מרדכי שטראוס ב,IL,דבש טהור 350 גרם,גרמים,350.00,100 גרם,false,,16.90,0.0483,true,1,1018429
7290002130574,false,דבש טהור מפרחי בר בזכוכית 500 ג' יד מרדכי,מכוורת יד מרדכי שטראוס ב,IL,דבש טהור 500 גרם,גרמים,500.00,100 גרם,false,,24.70,0.0494,true,1,1018430
7290002130581,false,"דבש טהור יד מרדכי 1 ק""ג",מכוורת יד מרדכי שטראוס ב,IL,"דבש יד מרדכי 1 ק""ג",100 לקג,1.00,100 לקג,false,,42.90,42.9000,true,1,1018431
7290002132011,false,עוגיות מזרחיות מלוחות עבאדי 400 גרם,מאפיית יוסף ושמחה עבאדי,IL,עוגיות מזרחיות מלוחו,גרמים,400.00,100 גרם,false,,16.70,0.0417,true,1,1027231
7290002133162,false,גבינה בולגרית 5% גבינות השומרון 250 גרם,מחלבת השומרון,IL,גבינה בולגרית 5% גבי,גרמים,250.00,100 גרם,false,,16.90,0.0676,true,1,1010967
7290002133537,false,יוגורט של פעם חלב עיזים 4% גבינות השומרון 180 גרם,מחלבת השומרון,IL,יוגורט של פעם חלב עי,מיליליטרים,180.00,"100 מ""ל",false,,5.90,0.0328,true,1,1010972
7290002133551,false,גבינת לאבנה עם שמן זית וזעתר 5% השומרון 500 גרם,מחלבת השומרון,IL,גבינת לאבנה עם שמן ז,גרמים,500.00,100 גרם,false,,14.90,0.0298,true,1,1010974
7290002133858,false,גבינה בולגרית צאן 18% גבינות השומרון 250 גרם,מחלבת השומרון,IL,גבינה בולגרית צאן 18,גרמים,250.00,100 גרם,false,,16.90,0.0676,true,1,1010984
7290002133889,false,גבינה בולגרית מעודנת 5% 250 גרם,מחלבת השומרון,IL,גבינה בולגרית מעודנת,גרמים,250.00,100 גרם,false,,18.90,0.0756,true,1,1010985
7290002133940,false,יוגורט של פעם כבשים 4% גבינות השומרון 180 גרם,מחלבת השומרון,IL,יוגורט של פעם כבשים,גרמים,180.00,100 גרם,false,,5.50,0.0306,true,1,1010988
7290002157953,false,מארז נתחי טונה בהירה בשמן קנולה - 4 יחידות,דיאמנט פוד פרודקט,IL,טונה ויליגר 392 גרם,גרמים,392.00,100 גרם,false,,18.90,0.0482,true,1,2616746
7290002157960,false,רביעיית טונה במים ויליגר 140 גרם,ויליגר,IL,טונה ויליגר 392 גרם,גרמים,392.00,100 גרם,false,,18.90,0.0482,true,1,2616747
7290002232964,false,ציפוי לשניצל פז טחון דק 500 גרם דגש,"תירפז בע""מ",IL,ציפוי לשניצל פז טחון,גרמים,500.00,100 גרם,false,,26.80,0.0536,true,1,1240167
7290002232995,false,ציפוי לשניצל פז 500 גרם דגש,פ.פ.ח. שאביט,IL,ציפוי לשניצל פז 500,גרמים,500.00,100 גרם,false,,26.80,0.0536,true,1,1240168
7290002253006,false,שום כתוש דורות בצנצנת 200 גרם,עיצובים 2020 (3.8),IL,דורות שום כתוש טרי 2,גרמים,200.00,100 גרם,false,,15.90,0.0795,true,1,1020336
7290002253105,false,קוביות שום כתוש טרי דורות 80 גרם,עיצובים 2020 (3.8),IL,דורות קוביות שום טרי,גרמים,80.00,100 גרם,false,,9.90,0.1238,true,1,1020340
7290002253150,false,קוביות בזיליקום קצוץ דורות 70 גרם,עיצובים 2020 (3.8),IL,קוביות בזיליקום קצוץ,גרמים,70.00,100 גרם,false,,9.50,0.1357,true,1,1020341
7290002253167,false,פטרוזיליה קצוצה דורות 70 גרם,עיצובים 2020 (3.8),IL,פטרוזיליה קצוצה דורו,גרמים,70.00,100 גרם,false,,9.50,0.1357,true,1,1020342
7290002253181,false,קוביות כוסברה קצוצה דורות 70 גרם,עיצובים 2020 (3.8),IL,קוביות כוסברה קצוצה,גרמים,70.00,100 גרם,false,,9.50,0.1357,true,1,1020344
7290002253198,false,ג'ינג'ר טרי כתוש במגשית 70 ג' דורות,עיצובים 2020 (3.8),IL,דורות ג'ינג'ר טרי כת,גרמים,70.00,100 גרם,false,,9.50,0.1357,true,1,1020345
7290002253235,false,דורות רוטב פסטו 160 גרם,עיצובים 2020 (3.8),IL,דורות רוטב פסטו 160ג,גרמים,160.00,100 גרם,false,,10.90,0.0681,true,1,1193004
7290002253310,false,דורות שום צילי חריף קוביות תערובת 80 גר,עיצובים 2020 (3.8),IL,דורות שום צילי חריף,יח',1.00,יח',false,,12.90,12.9000,true,1,5603745
7290002259589,false,כפפות שני צבעים 6,שיוך למחסן 17,,כפפות שני צבעים 6,6 יח',1.00,6 יח',false,,9.90,9.9000,true,1,1013468
7290002259640,false,דיימונד רדיד אלומיניום צר 30 ס''מ 7.5 מ'-,ריינולדס מוצרי צריכה,US,רדיד אלומיניום צר רוחב 30,אורך,7.62,אורך,false,,11.90,1.5617,true,1,1035019
7290002259657,false,"דייאמונד רדיד אלומיניום צר 30 ס""מ ארוך פי 3, 22.5 מ'",קריות זול,US,רדיד אלומיניום צר רוחב 30,אורך,22.86,אורך,false,,23.90,1.0455,true,1,1035020
7290002259664,false,רדיד אלומיניום דיימונד גדול 60X0.60מ',ריינולדס מוצרי צריכה,US,רדיד אלומיניום צר רוחב 30,אורך,60.00,אורך,false,,54.90,0.9150,true,1,1035021
7290002269953,false,קרליין - מסיר איפור דו פאזי כחול,קרליין,IL,מסיר איפור 2 פאזות כ,גרמים,200.00,100 גרם,false,,35.00,0.1750,true,1,3569589
7290002277248,false,גבינת מון בלאן עם זעתר 120ג',שלושת האופים,IL,מון בלאן זעתר,גרמים,120.00,100 גרם,false,,8.90,0.0742,true,1,1516064
7290002281429,false,סטייק טונה אדומה מעובד ק,בון צון פישארי,VN,סטייק דג טונה אדומה,קילוגרמים,1.00,"ק""ג",true,,54.90,54.9000,true,1,5274614
7290002281436,false,סטייק טונה ע.עור80%דג קפ,בין דין פישרי ויאטנם,VN,סטייק דג טונה בהירה,קילוגרמים,1.00,"ק""ג",true,,44.90,44.9000,true,1,5419827
7290002298281,false,אסאדו עם עצם מחפוד,,,אסאדו עם עצם מחפוד,קילוגרמים,1.00,"ק""ג",true,,69.90,69.9000,true,1,6445396
7290002298571,false,אוסובוקו עם עצם קפוא מחפוד,,,אוסובוקו עם עצם פרוס,קילוגרמים,1.00,"ק""ג",true,,66.90,66.9000,true,1,3545624
7290002319016,false,אבקת אפיה עשיריות מיה 100 גרם,מיה תעשיות מזון מ.ת.מ. ב,IL,אבקת אפיה מיה 10*10,גרמים,100.00,100 גרם,false,,1.90,0.0190,true,1,1023911
7290002319023,false,סוכר וניל עשיריות מיה 100 גרם,מיה תעשיות מזון מ.ת.מ. ב,IL,סוכר וניל מיה 10*10,גרמים,100.00,100 גרם,false,,1.90,0.0190,true,1,1023912
7290002319030,false,תבלין אבקת בצל מיכל 80 ג' מיה,מיה תעשיות מזון מ.ת.מ. ב,IL,אבקת בצל מיה 80 גרם,גרמים,80.00,100 גרם,false,,5.80,0.0725,true,1,1023913
7290002319078,false,שומשום מיה 100 גרם,"מיה תעשיות מזון בע""מ",IL,שומשום מיה 100 גרם,גרמים,100.00,100 גרם,false,,3.50,0.0350,true,1,1023917
7290002319092,false,קמח תפוחי אדמה מיה 500 גרם,מיה תעשיות מזון מ.ת.מ. ב,IL,קמח תפוחי אדמה מיה 5,גרמים,500.00,100 גרם,false,,5.90,0.0118,true,1,1023919
7290002319115,false,חומוס גדול יבש מיה 500 גר',מיה תעשיות מזון מ.ת.מ. ב,IL,חומוס גדול מיה 500 ג,גרמים,500.00,100 גרם,false,,7.90,0.0158,true,1,1023920
7290002319122,false,גריסים יבשים מיה 500 גר',מיה תעשיות מזון מ.ת.מ. ב,IL,גריסים מיה 500 גרם,גרמים,500.00,100 גרם,false,,4.90,0.0098,true,1,1023921
7290002319146,false,שעועית אדומה מיה 500 גרם,מיה תעשיות מזון מ.ת.מ. ב,IL,שעועית אדומה מיה 500,גרמים,500.00,100 גרם,false,,9.90,0.0198,true,1,1023923
7290002319177,false,פופקורן גרעינים מיה 500 גר',מיה תעשיות מזון מ.ת.מ. ב,IL,פופקורן מיה 500 גרם,גרמים,500.00,100 גרם,false,,4.90,0.0098,true,1,1023925
7290002319184,false,עדשים אדומים יבשים מיה 500 גר',מיה תעשיות מזון מ.ת.מ. ב,IL,עדשים אדומות מיה 500,גרמים,500.00,100 גרם,false,,7.90,0.0158,true,1,1023926
7290002319191,false,עדשים ירוקים יבשים מיה 500 גר',מיה תעשיות מזון מ.ת.מ. ב,IL,עדשים ירוקות מיה 500,גרמים,500.00,100 גרם,false,,5.90,0.0118,true,1,1023927
7290002319207,false,כוסמת מיה 500 גרם,מיה תעשיות מזון מ.ת.מ. ב,IL,כוסמת מיה 500 גרם,גרמים,500.00,100 גרם,false,,7.90,0.0158,true,1,1023928
7290002319221,false,חיטה מיה 500 גרם,מיה תעשיות מזון מ.ת.מ. ב,IL,חיטה מיה 500 גרם,גרמים,500.00,100 גרם,false,,4.90,0.0098,true,1,1023930
7290002319375,false,"קורנפלור 200 ג' בד""ץ מיה",מיה תעשיות מזון מ.ת.מ. ב,IL,קורנפלור מיה 200 גרם,גרמים,200.00,100 גרם,false,,2.50,0.0125,true,1,1023936
7290002319405,false,תבלין קינמון בקופסא 80 גר' מיה,מיה תעשיות מזון מ.ת.מ. ב,IL,קינמון מיה 80 גרם,גרמים,80.00,100 גרם,false,,5.80,0.0725,true,1,1023937
7290002319412,false,פפריקה חריפה בצנצנת מיה 80 גרם,מיה תעשיות מזון מ.ת.מ. ב,IL,פפריקה חריפה מיה 80,גרמים,80.00,100 גרם,false,,5.80,0.0725,true,1,1023938
7290002319429,false,פפריקה מתוקה בצנצנת מיה 80 גרם,מיה תעשיות מזון מ.ת.מ. ב,IL,פפריקה מתוקה מיה 80,גרמים,80.00,100 גרם,false,,5.80,0.0725,true,1,1023939
7290002319436,false,פלפל שחור טחון בצנצנת מיה 70 גרם,מיה תעשיות מזון מ.ת.מ. ב,IL,פלפל שחור מיה 70 גרם,גרמים,70.00,100 גרם,false,,8.90,0.1271,true,1,1023940
7290002319443,false,כמון בצנצנת מיה 80 גרם,מיה תעשיות מזון מ.ת.מ. ב,IL,כמון מיה 80 גרם,גרמים,80.00,100 גרם,false,,5.80,0.0725,true,1,1023941
7290002319450,false,תבלין כרכום צנצנת 80 גר' מיה,מיה תעשיות מזון מ.ת.מ. ב,IL,כורכום מיה 80 גרם,גרמים,80.00,100 גרם,false,,5.80,0.0725,true,1,1023942
7290002319467,false,אורגנו בצנצנת מיה 35 גרם,מיה תעשיות מזון מ.ת.מ. ב,IL,אורגנו מיה 35 גרם,גרמים,35.00,100 גרם,false,,5.80,0.1657,true,1,1023943
7290002319474,false,תבלין אבקת שום מיכל 80 ג' מיה,מיה תעשיות מזון מ.ת.מ. ב,IL,אבקת שום מיה 80 גרם,גרמים,80.00,100 גרם,false,,7.90,0.0988,true,1,1023944
7290002319580,false,מלח לימון בצנצנת מיה 150 גרם,מיה תעשיות מזון מ.ת.מ. ב,IL,מלח לימון מיה 150 גר,גרמים,150.00,100 גרם,false,,5.80,0.0387,true,1,1023946
7290002319627,false,תבלין ציפורן טחון בשקית 50 גר' מיה,מיה תעשיות מזון מ.ת.מ. ב,IL,ציפורן טחון 50 גרם,גרמים,50.00,100 גרם,false,,7.90,0.1580,true,1,1023950
7290002319641,false,תבלין גריל עוף צנצנת 80 גר' מיה,מיה תעשיות מזון מ.ת.מ. ב,IL,תבלין גריל עוף מיה 8,גרמים,80.00,100 גרם,false,,5.80,0.0725,true,1,1023952
7290002319689,false,סודה לשתייה בקופסא 150 גר' מיה,מיה תעשיות מזון מ.ת.מ. ב,IL,סודה לשתיה מיה 150 ג,גרמים,150.00,100 גרם,false,,5.80,0.0387,true,1,1023955
7290002319702,false,תבלין ציפורן שלם 40 גר' מיה,מיה תעשיות מזון מ.ת.מ. ב,IL,ציפורן שלם מיה 40 גר,גרמים,40.00,100 גרם,false,,8.90,0.2225,true,1,1023957
7290002319771,false,"תמצית אפיה בטעם וניל מיה 50 מ""ל",מיה תעשיות מזון מ.ת.מ. ב,IL,תמצית אפיה בטעם וניל,מטרים,50.00,100 מ'ל,false,,2.90,0.0580,true,1,1023962
7290002319788,false,"תמצית אפיה רום מיה 50 מ""ל",מיה תעשיות מזון מ.ת.מ. ב,IL,"תמצית רום מיה 50מ""ל",מטרים,50.00,100 מ'ל,false,,2.90,0.0580,true,1,1023963
7290002319825,false,אבקת סוכר מיה 100 גרם,מיה תעשיות מזון מ.ת.מ. ב,IL,אבקת סוכר מיה 100 גר,גרמים,100.00,100 גרם,false,,1.70,0.0170,true,1,1023967
7290002331360,false,"נביעות מים מינרליים טו גו מארז 500X6מ""ל",נביעות טבע,IL,מים מינרלים נביעות 6,ליטרים,3.00,ליטר,false,,14.70,4.9000,true,1,1013097
7290002331421,false,"שישיית מים מינרליים GO TO נביעות 755 מ""ל",נביעות טבע הגליל בעמ,IL,מים מינרלים נביעות 6,ליטרים,4.53,ליטר,false,,16.90,3.7307,true,1,1013098
7290002331490,false,מים מינרליים נביעות 1 ליטר,נביעות טבע הגליל בעמ,IL,מים מינרליים נביעות,ליטרים,1.00,ליטר,false,,2.90,2.9000,true,1,1091808
7290002333456,false,גריסי פנינה אורגני הרדוף 500 גרם,אול אורגני,IL,גריסי פנינה אורגני 500 גר,גרמים,500.00,100 גרם,false,,8.90,0.0178,true,1,1013478
7290002333500,false,עדשים אדומות אורגני 500 גרם - הרדוף,אול אורגני,IL,עדשים אדומות אורגני 500 ג,גרמים,500.00,100 גרם,false,,11.90,0.0238,true,1,1013481
7290002333838,false,כוסמת אורגנית ירוקה 500 גרם - הרדוף,אול אורגני,IL,כוסמת אורגני הרדוף 5,גרמים,500.00,100 גרם,false,,8.90,0.0178,true,1,1013487
7290002333951,false,עדשים ירוקות אורגני 500 גרם - הרדוף,אול אורגני,IL,עדשים ירוקות אורגני 500 ג,גרמים,500.00,100 גרם,false,,11.90,0.0238,true,1,1013493
7290002342038,false,מיקרופייבר לניקוי והברקת זכוכיות,,,מקרופייבר לניקוי זכו,יח',1.00,יח',false,,7.90,7.9000,true,1,6016439
7290002345022,false,אנטריקוט דק דק מינוט סטייק אל גאוצ'ו 250 גרם,"טיבון ויל אחזקות בע""\מ",IL,אנטריקוט דקדק 250 גר,גרמים,250.00,100 גרם,false,,15.90,0.0636,true,1,5850188
7290002345046,false,סטייק אנטירקוט קפוא 300 ג,,,סטייק אנטירקוט קפוא,גרמים,300.00,100 גרם,false,,23.90,0.0797,true,1,4108432
7290002345060,false,גב.מאסדם הולנדי 29% משקל,סר קאשנדל בי.וי,NL,מאסדם הולנדי,קילוגרמים,1.00,"ק""ג",true,,75.00,75.0000,true,1,4382092
7290002345077,false,שניצל בקר מינוט אל גאוצ'ו קפוא 250 גר,"טיבון ויל אחזקות בע""\מ",IL,שניצל בקר דקדק קפוא,גרמים,250.00,100 גרם,false,,14.90,0.0596,true,1,4491503
7290002345121,false,אסאדו דקדק אל גאוצ'ו 250 גרם,"טיבון ויל אחזקות בע""\מ",IL,אסאדו דקדק 250 גר,גרמים,250.00,100 גרם,false,,24.90,0.0996,true,1,6280721
7290002345176,false,סחוג אדום 250 גר רמי לוי,,,סחוג אדום 250 גר רמי,גרמים,250.00,100 גרם,false,,12.90,0.0516,true,1,3767662
7290002345183,false,אריסה מתוקה 250 גר רמי לוי,,,אריסה מתוקה 250 גר ר,גרמים,250.00,100 גרם,false,,12.90,0.0516,true,1,3767663
7290002345206,false,שום כתוש 250 גר רמי לוי,,,שום כתוש 250 גר רמי,גרמים,250.00,100 גרם,false,,12.90,0.0516,true,1,3767665
7290002345213,false,פלפל צומה 250 גרם רמי לוי,,,פלפל צומה 250 גרם רמ,גרמים,250.00,100 גרם,false,,12.90,0.0516,true,1,3927241
7290002345220,false,עמבה 250 גר רמי לוי,,,עמבה 250 גר רמי לוי,גרמים,250.00,100 גרם,false,,12.90,0.0516,true,1,3767666
7290002345237,false,ממרח לימון כבוש 250 גר רמי לוי,,,ממרח לימון כבוש 250,גרמים,250.00,100 גרם,false,,12.90,0.0516,true,1,3767667
7290002345244,false,ממרח שום 250גר רמי לוי,,,ממרח שום 250גר רמי ל,גרמים,235.00,100 גרם,false,,12.90,0.0549,true,1,3767668
7290002345275,false,פילה דג סלמון מעושן 100 גר,,,פילה דג סלמון מעושן,גרמים,100.00,100 גרם,false,,17.90,0.1790,true,1,3998051
7290002345435,false,פילה מרלוזה ארגנטינאיתקפ,דלידג - נטו,IL,פילה מרלוזה ארגנטינא,קילוגרמים,1.00,"ק""ג",true,,26.90,26.9000,true,1,4345359
7290002349037,false,אנטג'ל פיתיון להדברת נמלים,,,אנט ג'ל,יח',1.00,יח',false,,39.90,39.9000,true,1,6230462
7290002349044,false,ספוג הקסם שלישייה-רמ,,,ספוג הקסם WOW רמילוי,יח',1.00,יח',false,,8.90,8.9000,true,1,6200836
7290002349198,false,ספוג סאקי,,,ספוג סאקי,יח',1.00,יח',false,,11.90,11.9000,true,1,6291824
7290002349211,false,כרית יפנית 4 יח רמי לוי,,,כרית יפנית 4 יח רמי,יח',1.00,יח',false,,8.30,8.3000,true,1,6251005
7290002349228,false,ספוג פלא עם שכבה ירוקה רמי לוי,,,ספוג פלא עם שכבה ירו,יח',1.00,יח',false,,8.30,8.3000,true,1,6247187
7290002349235,false,זוג מטליות אנטיבקטריאלי רמילוי,,,זוג מטליות אנטיבקטרי,יח',1.00,יח',false,,6.90,6.9000,true,1,6254842
7290002349303,false,מטליות מיקרופייבר לניקוי רצפות3יחידות,,,מטליות מיקרופייבר לנ,יח',1.00,יח',false,,11.90,11.9000,true,1,6291530
7290002349327,false,מטלית מיקרופייבר אידאלית לרצפה,,,מטלית מיקרופייבר איד,יח',1.00,יח',false,,9.80,9.8000,true,1,6315354
7290002349334,false,מטלית פרימיום לניקוי כללי,,,מטלית פרימיום לניקוי,יח',1.00,יח',false,,11.90,11.9000,true,1,6322223
7290002349587,false,כרית קרצוף נירוסטה רמילוי,,,כרית קרצוף נירוסטה ר,יח',1.00,יח',false,,7.90,7.9000,true,1,6354568
7290002349594,false,מטליות משולבות עם ספוג מיקרופייבר,,,מטליות משולבות עם ספ,יחידה,0.00,יחידה,false,,14.90,0.0000,true,1,6395351
7290002353836,false,סרדינים רוברט בשמן זית 115 גרם,קונסרבס פורטוגל נורטה,PT,סרדינים בשמן זית רוב,גרמים,125.00,100 גרם,false,,7.90,0.0632,true,1,1024473
7290002360124,false,חליטת צמחים ורד הבר והיביסקוס פומפדור 20 יחידות,TEEKANNE- POMPADOU,DE,חליטת צמחים ורד הבר,גרמים,30.00,100 גרם,false,,11.90,0.3967,true,1,1017630
7290002360155,false,חליטת תה פרחי שומר פומפדור 20 שקיקים,TEEKANNE- POMPADOU,DE,חליטת שומר פומפדור 2,גרמים,40.00,100 גרם,false,,11.90,0.2975,true,1,1017631
7290002370253,false,גבינת גורגונזולה איטלקית במשקל 29% שומן,איגור SRL,IT,*מבצע* גבינת גורגונ,קילוגרמים,1.00,"ק""ג",true,,100.00,100.0000,true,1,4916443
7290002370420,false,גבינת גאודה מהולנד 30% שומן שקיל (גלגל),איוויאן,NL,*מבצע* גבינת גאודה מ,קילוגרמים,1.00,"ק""ג",true,,59.00,59.0000,true,1,6202461
7290002370512,false,גבינת פרמז'ן שקיל שמ,,,גבינת פרמז'ן קשה 27%,קילוגרמים,1.00,"ק""ג",true,,97.00,97.0000,true,1,6253347
7290002370543,false,גבינת קשה כבשים מנצ',,,גבינת קשה כבשים מנצ',קילוגרמים,1.00,"ק""ג",true,,97.00,97.0000,true,1,6277292
7290002370611,false,גבינת עיזים רכה שקיל,,,גבינת עיזים רכה שקיל,קילוגרמים,1.00,"ק""ג",true,,98.00,98.0000,true,1,6277299
7290002370642,false,גבינת ברי צרפתית שקי,,,גבינת ברי צרפתית שקי,קילוגרמים,1.00,"ק""ג",true,,89.00,89.0000,true,1,6278215
7290002370727,false,גבינת איבריקו רמי לו,,,גבינת איבריקו שקיל,קילוגרמים,1.00,"ק""ג",true,,97.00,97.0000,true,1,6294728
7290002370789,false,גבינת כבשים עם פטריות כמהין במשקל 36% שו,אל פסטור,ES,*מבצע* גבינת כבשים פ,קילוגרמים,1.00,"ק""ג",true,,120.00,120.0000,true,1,6335348
7290002371533,false,דקניקים סלסולי פסטרמה דבש טירת צבי 120 גרם,הנסיך- מפעל לייצור ט,IL,סלסולי פסטרמה דבש,גרמים,120.00,100 גרם,false,,13.90,0.1158,true,1,1064179
7290002371854,false,נקניקיות עוף חריפות טירת צבי 2 * 500 גרם,הנסיך- מפעל לייצור ט,IL,נקניקיות עוף חריפות,100 לקג,1.00,100 לקג,false,,22.90,22.9000,true,1,1015251
7290002374640,false,שמן בריאות קנולה פלוס אומגה 3 עץ הזית 1 ליטר,שמן תעשיות,EE,שמן קנולה פלוס אומגה,ליטרים,1.00,ליטר,false,,16.50,16.5000,true,1,1151459
7290002395409,false,גבינה צהובה 28% נועם,החברה המרכזית,,ג. צהובה 28% נעם,קילוגרמים,1.00,"ק""ג",true,,44.70,44.7000,true,1,1012424
7290002395416,false,גבינה צהובה נעם 9%,החברה המרכזית,,ג. צהובה 9% נעם,קילוגרמים,1.00,"ק""ג",true,,71.00,71.0000,true,1,1012425
7290002395423,false,גבינה צהובה 22% נועם,החברה המרכזית,,ג.צהובה 22% נעם,קילוגרמים,1.00,"ק""ג",true,,42.50,42.5000,true,1,1012426
7290002402978,false,צוואר כבש לתנור ארוז קפוא מחפוד,,,צוואר כבש לתנור קפוא,קילוגרמים,1.00,"ק""ג",true,,71.90,71.9000,true,1,5434703
7290002404576,false,"מוריה- יין מתוק לייט 750 מ""ל",יקבי ארזה,IL,"מוריה לייט 750 מ""ל",מיליליטרים,750.00,"100 מ""ל",false,,16.20,0.0216,true,1,1036623
7290002404583,false,"יין בראשית קברנה ארזה 750 מ""ל",יקבי ארזה,IL,"קברנה 750 מנ""ל",מיליליטרים,750.00,"100 מ""ל",false,,34.90,0.0465,true,1,1286329
7290002404590,false,"היוצר בראשית מרלו 750 מ""ל ^^^",יקבי ארזה,IL,היוצר בראשית מרלו,מיליליטרים,750.00,"100 מ""ל",false,,34.90,0.0465,true,1,1286330
7290002404606,false,"היוצר בראשית שיראז 750 מ""ל ^^^",יקבי ארזה,IL,היוצר בראשית שירז,מיליליטרים,750.00,"100 מ""ל",false,,34.90,0.0465,true,1,1286331
7290002404613,false,"היוצר וירטואוזו קברנה 750 מ""ל",יקבי ארזה,IL,היוצר וירטואוזו קברנ,מיליליטרים,750.00,"100 מ""ל",false,,44.90,0.0599,true,1,1286332
7290002404620,false,"היוצר וירטואוזו מרלו 750 מ""ל",יקבי ארזה,IL,היוצר וירטואוזו מרלו,מיליליטרים,750.00,"100 מ""ל",false,,44.90,0.0599,true,1,1286333
7290002404958,false,יין גינוסר ליטר -מתוק לקידוש 1 ליטר,יקבי ארזה,IL,גנוסר יין אדום מתוק,ליטרים,1.00,ליטר,false,,14.90,14.9000,true,1,1036631
7290002404965,false,"מוריה יין אדום מתוק יקב ארזה 750 מ""ל",יקבי ארזה,IL,מוריה יין אדום מתוק,מיליליטרים,750.00,"100 מ""ל",false,,16.20,0.0216,true,1,1036632
7290002410713,false,קישקע ממולא קפוא 500גרם,לאטי עזרא גלם ודגים,IL,קישקע 500 גר,גרמים,500.00,100 גרם,false,,9.90,0.0198,true,1,2134649
7290002410874,false,רבעי פרגיות ממולאות קג,לאטי עזרא גלם ודגים,IL,רבעי פרגיות ממולאות,קילוגרמים,1.00,"ק""ג",true,,49.80,49.8000,true,1,1794243
7290002420927,false,נקניקיות קראנץ 1קג ר,,,נקניקיות קראנץ 1קג ר,100 קילו,1.00,100 קילו,false,,26.90,26.9000,true,1,3508809
7290002420934,false,נקניקיות עוף 400 גרם,,,נקניקיות עוף 400 גר,גרמים,400.00,100 גרם,false,,10.90,0.0273,true,1,3508810
7290002439981,false,קלאסיקו קבב בקר אל גאוצ'ו,"טיבון ויל אחזקות בע""\מ",IL,קלאסיקו קבב בקר אל ג,גרמים,400.00,100 גרם,false,,23.90,0.0597,true,1,1225780
7290002439998,false,קלאסיקו קבב בקר וכבש אלג,טיבון ויל - נטו,IL,קלאסיקו קבב בקר כבש,גרמים,400.00,100 גרם,false,,23.90,0.0597,true,1,1225781
7290002453512,false,קבב קציצות ישראלי 80,זהר בשר,,קבב ביתי 800גר,גרמים,800.00,100 גרם,false,,29.90,0.0374,true,1,1013949
7290002487364,false,בורקס פילו גבינה זיתים 700 ג' שלושת האופים,שלושת האופים שגמור,IL,בורקס פילו גבינה זית,גרמים,700.00,100 גרם,false,,17.90,0.0256,true,1,1024474
7290002488057,false,"תמר מגהול פרימיום 2 ק""",,,תמר מגהול פרימיום 2,יח',1.00,יח',false,,44.90,44.9000,true,1,6223901
7290002507024,false,אסאדו שורט ריבס בלאק אנג,,IL,"אסאדו טרי נברסקה ע""",קילוגרמים,1.00,"ק""ג",true,,69.90,69.9000,true,1,6442848
7290002507277,false,קציצות דג דלידג 700 גרם,אף.סי תבליני בגליל ב,IL,קציצות דג דלידג 700,גרמים,700.00,100 גרם,false,,24.90,0.0356,true,1,3446594
7290002507284,false,שניצל נסיכה מטוגן קפוא 700 גרם,האי נאם סי או אל.טי.,IL,שניצל דג מצופה 700 ג,גרמים,700.00,100 גרם,false,,24.90,0.0356,true,1,3626993
7290002507451,false,קציצות דג סלמון דלידג 750 גר',דלידג בעמ,IL,קציצות דג סלמון 750,גרמים,750.00,100 גרם,false,,24.90,0.0332,true,1,3131125
7290002507567,false,"אסאדו ע""ח ע""ע טרי לקג",,IL,קשתית אסאדו עגל חלב,קילוגרמים,1.00,"ק""ג",true,,69.90,69.9000,true,1,6205628
7290002507604,false,פיצה שגב השף מאיטליה 350 גרם,האי נאם סי או אל.טי.,IT,פיצת השף שגב 320 ג,גרמים,320.00,100 גרם,false,,15.80,0.0494,true,1,3032577
7290002511137,false,מעדניה - פטה עיזים,מחלבת המושבה,IL,פטה עיזים 18%,קילוגרמים,1.00,"ק""ג",true,,99.00,99.0000,true,1,1287199
7290002511243,false,בולגרית מסורתית 16% משקל,"מחלבת המושבה בע""מ",IL,בולגרית מסורתית 16%,קילוגרמים,1.00,"ק""ג",true,,43.00,43.0000,true,1,1287161
7290002511250,false,גב.שמנת שום שמיר30% משקל,"מחלבת המושבה בע""מ",IL,שמנת שום שמיר 30%,קילוגרמים,1.00,"ק""ג",true,,38.00,38.0000,true,1,1287162
7290002511267,false,שמנת 30% פיקנטי המוש,"מחלבת המושבה בע""מ",IL,שמנת בטעם פסטו,קילוגרמים,1.00,"ק""ג",true,,38.00,38.0000,true,1,1287163
7290002511274,false,גבינת שמנת זיתים30%משקל,"מחלבת המושבה בע""מ",IL,שמנת זיתים 30%,קילוגרמים,1.00,"ק""ג",true,,38.00,38.0000,true,1,1287164
7290002511281,false,גבינת ברינזה צאן18% משקל,"מחלבת המושבה בע""מ",IL,ברינזה צאן 16%,קילוגרמים,1.00,"ק""ג",true,,67.00,67.0000,true,1,1287201
7290002511311,false,גבינת פיקורינו כבשים,,,גבינת פיקורינו כבשים,קילוגרמים,1.00,"ק""ג",true,,120.00,120.0000,true,1,5125648
7290002511328,false,גבינת קצ'קבל כבשים מ,מחלבת המושבה,IL,גבינת קצ'קבל כבשים מ,קילוגרמים,1.00,"ק""ג",true,,120.00,120.0000,true,1,5125649
7290002511335,false,גבינת תום כבשים מעדנ,,,גבינת תום כבשים מעדנ,קילוגרמים,1.00,"ק""ג",true,,120.00,120.0000,true,1,5125650
7290002511373,false,גאודה עיזים 32% שקיל,,,גאודה עיזים 32% שקיל,קילוגרמים,1.00,"ק""ג",true,,110.00,110.0000,true,1,6322365
7290002511397,false,גבינת ברי בקר במשקל,מחלבת מושבה,IL,ברי בקר המושבה,קילוגרמים,1.00,"ק""ג",true,,79.00,79.0000,true,1,3661563
7290002511427,false,אצבעות שוקולד וניל במשקל,"מחלבת המושבה בע""מ",IL,אצבעות שוקולד וניל,קילוגרמים,1.00,"ק""ג",true,,54.00,54.0000,true,1,1287202
7290002511496,false,בולגרית קוביות משקל,"מחלבת המושבה בע""מ",IL,בולגרי קוביות 5%,קילוגרמים,1.00,"ק""ג",true,,47.00,47.0000,true,1,1287165
7290002511670,false,גבינת צ'דר המושבה מע,,,גבינת צ'דר המושבה מע,קילוגרמים,1.00,"ק""ג",true,,87.00,87.0000,true,1,3234109
7290002511755,false,גבינת גאודה פסטו,,,גבינת גאודה פסטו,קילוגרמים,1.00,"ק""ג",true,,128.00,128.0000,true,1,6206049
7290002511762,false,גבינת ברי פקאן משקל,מחלבת מושבה,IL,ברי פקאן,קילוגרמים,1.00,"ק""ג",true,,79.00,79.0000,true,1,6206050
7290002512004,false,מלוואח צנעני 900 גרם,צנעני מוצרי בצק,IL,מלווח צנעני 900 ג,גרמים,900.00,100 גרם,false,,19.90,0.0221,true,1,1046578
7290002515333,false,"ד""ר פישר - קמיל בלו סנסיטיב אל סבון עדין לתינוק 500 מ""ל",פישר מעבדות פרמצבטיות בע,IL,קמיל בלו סנסיטיב אל סבון,מיליליטרים,500.00,"100 מ""ל",false,,17.90,0.0358,true,1,1043646
7290002515364,false,"קמיל בלו אל סבון לתינוק קלאסיק ד""ר פישר 500 מ""ל",פישר מעבדות פרמצבטיות בע,IL,קמיל בלו קלאסיק 500 משאבה,מיליליטרים,500.00,"100 מ""ל",false,,15.90,0.0318,true,1,1043647
7290002515371,false,"קמיל בלו אל סבון לתינוקות ד""ר פישר 1 ליטר",פישר מעבדות פרמצבטיות בע,IL,קמיל בלו קלאסיק ליטר,ליטרים,1.00,ליטר,false,,25.50,25.5000,true,1,1043648
7290002519508,false,לשון עגל טרי חלק במשקל,תנובה,IL,לשון עגל טרי א,קילוגרמים,1.00,"ק""ג",true,,59.90,59.9000,true,1,6160207
7290002519560,false,אוסובוקו מחפוד,,,אוסובוקו מחפוד,קילוגרמים,1.00,"ק""ג",true,,64.90,64.9000,true,1,6160210
7290002543046,false,קלוגס פרוסטיס דגנים וסוכר 750ג',קלוג מנייופרטורינג א,ES,קלוגס פרוסטיס 750 ג',גרמים,750.00,100 גרם,false,,14.90,0.0199,true,1,1017643
7290002552260,false,"קרחון טעם משמש לל""ס ריאו מארז 90X8ג'","ביח""\ר לגלידה וממתקים בע",IL,מאגדת-שמיניות קרחוני,יח',1.00,יח',false,,14.50,14.5000,true,1,1033028
7290002552345,false,מאגדת שלגונים גלי גל פרווה 8 יח' ריאו,"גלידות ריאו ביח""ר לג",IL,גליגל שלגונים בטעם ו,יח',1.00,יח',false,,12.90,12.9000,true,1,1033030
7290002552499,false,מאגדת שלגוני שרבט פרווה תות מנגו 8 יח' ריאו,"גלידות ריאו ביח""ר לג",IL,מאגדת שמיניות שלגוני,יח',1.00,יח',false,,14.50,14.5000,true,1,1033033
7290002581536,false,הדר וופל נפוליטנה ללא סוכר 250 גרם,אפיפית נצרת,IL,"וופל נפוליטנה ללת""ס",גרמים,250.00,100 גרם,false,,7.80,0.0312,true,1,6376880
7290002596448,false,חזה בקר כבוש קורנדבי,מעדני הטלה והעגל,IL,חזה בקר כבוש קורנדבי,קילוגרמים,1.00,"ק""ג",true,,35.90,35.9000,true,1,1875444
7290002603030,false,"אנטריקוט ע""ע טרי בלאק אנ",,IL,"סטייק נברסקה ע""ע טר",קילוגרמים,1.00,"ק""ג",true,,140.00,140.0000,true,1,6276858
7290002603474,false,פיצת השף מאיטליה רוטב פטריות בטעם כמהין 256 גרם,סוילה אס.אר.אל,IT,פיצת השף מאיטליה שגב,גרמים,220.00,100 גרם,false,,12.90,0.0586,true,1,3910855
7290002603481,false,פיצת השף מאיטליה CHEF שגב פסטו ועגבניות 200 גרם,האי נאם סי או אל.טי.,IT,פיצת השף מאיטליה שגב,גרמים,220.00,100 גרם,false,,12.90,0.0586,true,1,3910856
7290002603535,false,בסגנון פטה רמי לוי,,,בסגנון פטה רמי לוי,קילוגרמים,1.00,"ק""ג",true,,30.00,30.0000,true,1,5034673
7290002603764,false,כיסוני תפוא 600 גר רמי לוי,,,כיסוני תפוא 600 גר ר,גרמים,600.00,100 גרם,false,,9.90,0.0165,true,1,3767769
7290002603771,false,פלמני כיסוני בשר 600 גר רמי לוי,,,פלמני כיסוני בשר 600,גרמים,600.00,100 גרם,false,,9.90,0.0165,true,1,3767770
7290002603788,false,קובה חמוסטה 600 גר רמי לוי,,,קובה חמוסטה 600 גר ר,גרמים,600.00,100 גרם,false,,9.90,0.0165,true,1,3767771
7290002603801,false,קובה למרק 600 גר רמי לוי,,,קובה למרק 600 גר רמי,גרמים,600.00,100 גרם,false,,9.90,0.0165,true,1,3767772
7290002603863,false,אמפנדס בשר 600 גר רמי לוי,,,אמפנדס בשר 600 גר רמ,גרמים,600.00,100 גרם,false,,9.90,0.0165,true,1,3767747
7290002603887,false,קובה מטוגן 600 גר רמי לוי,,,קובה מטוגן 600 גר רמ,גרמים,600.00,100 גרם,false,,9.90,0.0165,true,1,3767749
7290002603900,false,פלאפל 500 גר רמי לוי,,,פלאפל 500 גר רמי לוי,גרמים,600.00,100 גרם,false,,9.90,0.0165,true,1,3767751
7290002603917,false,מאפה עלים למילוי 500 גר רמי לוי,,,מאפה עלים למילוי 500,גרמים,500.00,100 גרם,false,,9.90,0.0198,true,1,3767722
7290002603931,false,מאפה פסטל בשר 600 גר רמי לוי,,,מאפה פסטל בשר 600 גר,גרמים,600.00,100 גרם,false,,9.90,0.0165,true,1,3767724
7290002603948,false,"מאפה פסטל תפו""א 600 גר רמי לוי",,,"מאפה פסטל תפו""א 600",גרמים,600.00,100 גרם,false,,9.90,0.0165,true,1,3767725
7290002603955,false,מאפה סיגר בשר 600 גר רמי לוי,,,מאפה סיגר בשר 600 גר,גרמים,600.00,100 גרם,false,,9.90,0.0165,true,1,3767726
7290002603962,false,"מאפה סיגר תפו""א 600 גר רמי לוי",,,"מאפה סיגר תפו""א 600",גרמים,600.00,100 גרם,false,,9.90,0.0165,true,1,3767704
7290002603979,false,פיצה איטלקית 320גר רמי לוי,,,פיצה איטלקית 320גר ר,גרמים,350.00,100 גרם,false,,11.90,0.0340,true,1,3767775
7290002603993,false,פיצה מרגריטה זיתים 340 גר רמי לוי,,,פיצה מרגריטה זיתים 3,גרמים,350.00,100 גרם,false,,12.90,0.0369,true,1,3767794
7290002608028,false,פרצל באן פילסברי,פילסברי,,פרצל באן,יח',1.00,יח',false,,4.30,4.3000,true,1,4446117
7290002608370,false,לחמניית בגט (רבע בגט,,,רבע באגט,יח',1.00,יח',false,,1.80,1.8000,true,1,2791828
7290002608509,false,לחם מחמצת זיתי קלמנט,,,לחם מחמצת,גרמים,530.00,100 גרם,false,,16.90,0.0319,true,1,4162462
7290002608516,false,לחם מחמצת מקמח מלא 5,פילסברי,,לחם מחמצת מקמח מלא,יח',1.00,יח',false,,16.90,16.9000,true,1,4162463
7290002608769,false,לחם מחמצת טוסקני דגנ,פילסברי,,לחם מחמצת טוסקני דגנ,יח',1.00,יח',false,,16.90,16.9000,true,1,4162466
7290002608899,false,עוגיות מנגלך טעם שוק,פילסברי,IL,מארז מינגלך שוקולד,יח',1.00,יח',false,,19.90,19.9000,true,1,6355184
7290002610175,false,כרעיים עוף קפוא ארוז חתם סופר,,,כרעיים עוף ארוז קפוא,קילוגרמים,1.00,"ק""ג",true,,25.90,25.9000,true,1,3681316
7290002610182,false,חזה עוף קפוא ארוז חתם סופר,,,חזה עוף ארוז קפוא חת,קילוגרמים,1.00,"ק""ג",true,,28.90,28.9000,true,1,3681317
7290002610199,false,כנפיים עוף קפוא ארוז חתם סופר,,,כנפיים עוף ארוז קפוא,קילוגרמים,1.00,"ק""ג",true,,8.90,8.9000,true,1,3681318
7290002610205,false,שוקיים עוף קפוא ארוז חתם סופר,,,שוקיים עוף ארוז קפוא,קילוגרמים,1.00,"ק""ג",true,,26.90,26.9000,true,1,3681319
7290002610212,false,ירכיים עוף קפוא ארוז חתם סופר,,,ירכיים עוף ארוז קפוא,קילוגרמים,1.00,"ק""ג",true,,27.90,27.9000,true,1,3681320
7290002610243,false,"סטייק פרגיות עוף ארוז קפוא חת""ס",,,סטייק פרגיות עוף ארו,קילוגרמים,1.00,"ק""ג",true,,51.90,51.9000,true,1,3681323
7290002610267,false,לבבות עוף קפוא ארוז חתם סופר,,,לבבות עוף ארוז קפוא,קילוגרמים,1.00,"ק""ג",true,,25.90,25.9000,true,1,3681325
7290002610397,false,עוף שלם טרי ארוז חתם סופר,,,עוף טרי ארוז חתם סופ,קילוגרמים,1.00,"ק""ג",true,,18.90,18.9000,true,1,3681288
7290002610403,false,חזה עוף טרי ארוז חתם סופר,,,חזה טרי ארוז חתם סופ,קילוגרמים,1.00,"ק""ג",true,,34.90,34.9000,true,1,3681289
7290002610410,false,כרעיים עוף טרי ארוז חתם סופר,,,כרעיים טרי ארוז חתם,קילוגרמים,1.00,"ק""ג",true,,24.90,24.9000,true,1,3681290
7290002610427,false,כנפיים עוף טרי ארוז חתם סופר,,,כנפיים טרי ארוז חתם,קילוגרמים,1.00,"ק""ג",true,,9.90,9.9000,true,1,3681291
7290002610434,false,ירכיים עוף טרי ארוז חתם סופר,,,ירכיים טרי ארוז חתם,קילוגרמים,1.00,"ק""ג",true,,24.90,24.9000,true,1,3681292
7290002610441,false,שוקיים עוף טרי ארוז חתם סופר,,,שוקיים טרי ארוז חתם,קילוגרמים,1.00,"ק""ג",true,,27.90,27.9000,true,1,3681293
7290002610465,false,כבד עוף טרי ארוז חתם סופר,,,כבד עוף טרי ארוז חתם,קילוגרמים,1.00,"ק""ג",true,,22.90,22.9000,true,1,3681295
7290002610489,false,שניצל עוף טרי ארוז חתם סופר,,,שניצל עוף פרוס טרי א,קילוגרמים,1.00,"ק""ג",true,,36.90,36.9000,true,1,3681327
7290002610496,false,סטייק פרגית טרי ארוז חתם סופר,,,סטייק פרגיות עוף טרי,קילוגרמים,1.00,"ק""ג",true,,44.90,44.9000,true,1,3681328
7290002610724,false,כנפיים עוף טרי ארוז,,,כנפיים עוף טרי ארוז,קילוגרמים,1.00,"ק""ג",true,,9.90,9.9000,true,1,5218318
7290002623267,false,ארצנו גרויר מעדנייה,,,ארצנו גרויר מעדנייה,קילוגרמים,1.00,"ק""ג",true,,149.00,149.0000,true,1,1038097
7290002623311,false,גבינת ברי שקיל,פרומגרי גילו,FR,ברי מעדנייה,קילוגרמים,1.00,"ק""ג",true,,149.00,149.0000,true,1,1038101
7290002623373,false,גבינת עיזים עם עובש לבן,קוופרטיב ליאטיאר דה,FR,גבינת עזים ארצינו,קילוגרמים,1.00,"ק""ג",true,,189.00,189.0000,true,1,1038107
7290002623427,false,ג.כחולה עדינה 33%,לקאוי,FR,גבינת בלו עדין,קילוגרמים,1.00,"ק""ג",true,,149.00,149.0000,true,1,1142704
7290002623441,false,גבינה בלו עדין,סוסיאט לאטיאר לאקיי,FR,גבינת בלו,קילוגרמים,1.00,"ק""ג",true,,149.00,149.0000,true,1,1142705
7290002627098,false,פיצה ביס שלושת האופים 350 גרם,שגמור ייצור ושווק מוצרי,IL,פיצה ביס 350ג שלושת,גרמים,350.00,100 גרם,false,,14.90,0.0426,true,1,6330909
7290002627128,false,פיצה איטלקית פסטו 325 ג,,,פיצה איטלקית פסטו 32,גרמים,325.00,100 גרם,false,,13.90,0.0428,true,1,6140636
7290002627135,false,פיצה איטלקית ד.גבינה 340 ג,,,פיצה איטלקית ד.גבינה,גרמים,340.00,100 גרם,false,,11.90,0.0350,true,1,6140637
7290002627210,false,גפילטע פיש קציצות מדגי קרפיון וכסיף בצנצנת 560 גרם,האי נאם סי או אל.טי.,IL,גפילטע פיש דלידג 280,גרמים,280.00,100 גרם,false,,9.90,0.0354,true,1,5902519
7290002627975,false,פיצה עבה,,,פיצה עבה,גרמים,425.00,100 גרם,false,,14.90,0.0351,true,1,6241251
7290002651123,false,מלאווח חמסי ארוז 1 ק,מאפיית אריאל,IL,"מלוואח חמסי 1 ק""ג",גרמים,1000.00,100 גרם,false,,15.90,0.0159,true,1,1023650
7290002661214,false,לחם קל גלילי ברמן 75,מאפית י את א ברמן בע,IL,לחם גלילי קל 750 גר,גרמים,750.00,100 גרם,false,,11.90,0.0159,true,1,5049477
7290002661283,false,פריכיות כוסמין כשלפ 100גר,,,פריכיות כוסמין כשלפ,גרמים,100.00,100 גרם,false,,6.90,0.0690,true,1,6290571
7290002661290,false,פריכיות כוסמת כשלפ 100גר,,,פריכיות כוסמת כשלפ 1,גרמים,100.00,100 גרם,false,,6.90,0.0690,true,1,6290572
7290002661900,false,לחמניה שמיניה שומשום/פרג 6 יח' 720 גר',מאפית י את א ברמן בע,IL,מארז לחמניות 6 יח 72,גרמים,720.00,100 גרם,false,,10.90,0.0151,true,1,5049532
7290002661948,false,לחמניות כפריות ארוכות 6יח בשקית,מאפית י את א ברמן בע,IL,לחמניות כפריות ארוכו,גרמים,720.00,100 גרם,false,,10.90,0.0151,true,1,5049536
7290002674221,false,"אקווה פרש משחת שינים משאבה מנטה 100 מ""ל",גלקסו סמית קליין,GB,"אקוה פרש משאבה 100 מ""ל",גרמים,100.00,100 גרם,false,,11.80,0.1180,true,1,1035023
7290002674238,false,"אקווה פרש - משחת שיניים מנטה מרענן 125 מ""ל",גלקסוסמיתקליין,SK,"אקוה פרש מנטה 125 מ""ל",מיליליטרים,125.00,"100 מ""ל",false,,7.90,0.0632,true,1,1035024
7290002674269,false,"אקווה פרש - משחת שיניים מנטה עדין 125 מ""ל",גלקסוסמיתקליין,SK,"אקוה פרש עדין 125 מ""ל",מיליליטרים,125.00,"100 מ""ל",false,,7.90,0.0632,true,1,1035026
7290002679042,false,שוק הודו טרי,,,שוק הודו טרי,קילוגרמים,1.00,"ק""ג",true,,20.90,20.9000,true,1,5139985
7290002679059,false,שוק הודו מפורק טרי,,,שוק הודו מפורק טרי,קילוגרמים,1.00,"ק""ג",true,,43.90,43.9000,true,1,5139986
7290002679066,false,שווארמה הודו נקבה טר,,,שווארמה הודו נקבה טר,קילוגרמים,1.00,"ק""ג",true,,59.90,59.9000,true,1,5139987
7290002679073,false,כנף הודו טרי,,,כנף הודו טרי,קילוגרמים,1.00,"ק""ג",true,,18.90,18.9000,true,1,5139988
7290002679080,false,גרון הודו טרי,,,גרון הודו טרי,קילוגרמים,1.00,"ק""ג",true,,24.90,24.9000,true,1,5139989
7290002679097,false,חזה חצוי הודו טרי,,,חזה חצוי הודו טרי,קילוגרמים,1.00,"ק""ג",true,,29.90,29.9000,true,1,5139990
7290002679530,false,כבד הודו טרי,,,כבד הודו טרי,קילוגרמים,1.00,"ק""ג",true,,19.90,19.9000,true,1,5139992
7290002679547,false,קורקבן הודו טרי,,,קורקבן הודו טרי,קילוגרמים,1.00,"ק""ג",true,,11.90,11.9000,true,1,5139993
7290002679714,false,בשר אדום הודו טרי מח,,,בשר אדום הודו טרי מח,קילוגרמים,1.00,"ק""ג",true,,49.90,49.9000,true,1,5236714
7290002679721,false,חזה הודו נקבה מחפוד,,,חזה הודו נקבה מחפוד,קילוגרמים,1.00,"ק""ג",true,,34.90,34.9000,true,1,5236715
7290002679738,false,שווארמה הודו נקבה מח,,,שווארמה הודו נקבה מח,קילוגרמים,1.00,"ק""ג",true,,59.90,59.9000,true,1,5236716
7290002679769,false,גרון הודו מחפוד,,,גרון הודו מחפוד,קילוגרמים,1.00,"ק""ג",true,,31.90,31.9000,true,1,5236719
7290002679776,false,כנפיים הודו מחפוד,,,כנפיים הודו מחפוד,קילוגרמים,1.00,"ק""ג",true,,19.90,19.9000,true,1,5236720
7290002680314,false,עוף טרי,,,עוף טרי,קילוגרמים,1.00,"ק""ג",true,,18.90,18.9000,true,1,5139880
7290002680321,false,כרעיים עוף טרי,,,כרעיים עוף טרי,קילוגרמים,1.00,"ק""ג",true,,24.90,24.9000,true,1,5139881
7290002680338,false,שוקיים עוף טרי,,,שוקיים עוף טרי,קילוגרמים,1.00,"ק""ג",true,,27.90,27.9000,true,1,5139882
7290002680345,false,ירכיים עוף טרי,,,ירכיים עוף טרי,קילוגרמים,1.00,"ק""ג",true,,24.90,24.9000,true,1,5139883
7290002680352,false,שניצל עוף טרי,,,שניצל עוף טרי,קילוגרמים,1.00,"ק""ג",true,,36.90,36.9000,true,1,5139936
7290002680369,false,חזה שלם טרי,,,חזה שלם טרי,קילוגרמים,1.00,"ק""ג",true,,34.90,34.9000,true,1,5139937
7290002680376,false,פילה עוף טרי,,,פילה עוף טרי,קילוגרמים,1.00,"ק""ג",true,,34.90,34.9000,true,1,5139938
7290002680383,false,לב עוף טרי,,,לב עוף טרי,קילוגרמים,1.00,"ק""ג",true,,27.90,27.9000,true,1,5139939
7290002680406,false,כנפיים עוף טרי,הוד חפר,,כנפיים עוף טרי,קילוגרמים,1.00,"ק""ג",true,,9.90,9.9000,true,1,5140021
7290002680413,false,כבד עוף טרי לצלייה ב,,,כבד עוף טרי לצלייה ב,קילוגרמים,1.00,"ק""ג",true,,22.90,22.9000,true,1,5139940
7290002680420,false,קורקבן עוף טרי,,,קורקבן עוף טרי,קילוגרמים,1.00,"ק""ג",true,,10.90,10.9000,true,1,5140022
7290002680604,false,שניצל דק דק רמי לוי,,,שניצל דק דק רמי לוי,קילוגרמים,1.00,"ק""ג",true,,39.90,39.9000,true,1,5140023
7290002681021,false,כרעיים מפורק עוף טרי,,,כרעיים מפורק עוף טרי,קילוגרמים,1.00,"ק""ג",true,,44.90,44.9000,true,1,5139941
7290002681120,false,סטייק פרגית פרמיום,,,סטייק פרגית פרמיום,קילוגרמים,1.00,"ק""ג",true,,59.90,59.9000,true,1,5140025
7290002681137,false,שניצל דק דק פרימיום,,,שניצל דק דק פרימיום,קילוגרמים,1.00,"ק""ג",true,,39.90,39.9000,true,1,5140026
7290002681472,false,טחול עוף טרי,,,טחול עוף טרי,קילוגרמים,1.00,"ק""ג",true,,54.90,54.9000,true,1,5139944
7290002681526,false,עוף שלם טרי מחפוד,,,עוף שלם טרי מחפוד,קילוגרמים,1.00,"ק""ג",true,,22.90,22.9000,true,1,5236723
7290002681533,false,חזה טרי מחפוד,,,חזה טרי מחפוד,קילוגרמים,1.00,"ק""ג",true,,29.90,29.9000,true,1,5236724
7290002681540,false,כרעיים טרי מחפוד,,,כרעיים טרי מחפוד,קילוגרמים,1.00,"ק""ג",true,,29.90,29.9000,true,1,5236725
7290002681557,false,ירכיים טרי מחפוד,,,ירכיים טרי מחפוד,קילוגרמים,1.00,"ק""ג",true,,29.90,29.9000,true,1,5236726
7290002681564,false,שוקיים עוף טרי מחפוד,,,שוקיים עוף טרי מחפוד,קילוגרמים,1.00,"ק""ג",true,,32.90,32.9000,true,1,5236727
7290002681601,false,כנפיים טרי מחפוד,,,כנפיים טרי מחפוד,קילוגרמים,1.00,"ק""ג",true,,12.90,12.9000,true,1,5236731
7290002681618,false,גרון עוף טרי מחפוד,,,גרון עוף טרי מחפוד,קילוגרמים,1.00,"ק""ג",true,,9.90,9.9000,true,1,5236732
7290002681847,false,חזה עוף פרוס טרי,,,חזה עוף פרוס טרי,קילוגרמים,1.00,"ק""ג",true,,36.90,36.9000,true,1,6218554
7290002683711,false,פילה עוף מובחר פרימי,,,פילה עוף מובחר פרימי,קילוגרמים,1.00,"ק""ג",true,,34.90,34.9000,true,1,6250910
7290002683735,false,כרעיים פרימיום,,,כרעיים פרימיום,קילוגרמים,1.00,"ק""ג",true,,29.90,29.9000,true,1,6250912
7290002683742,false,שוקיים פרימיום,,,שוקיים פרימיום,קילוגרמים,1.00,"ק""ג",true,,29.90,29.9000,true,1,6250913
7290002683759,false,כנפיים פרימיום,,,כנפיים פרימיום,קילוגרמים,1.00,"ק""ג",true,,15.00,15.0000,true,1,6250914
7290002692393,false,שמן קנולה מזוכך מועשר עץ הזית 1 ליטר,שמן תעשיות בעמ,EE,שמן קנולה מזוכך מועש,ליטרים,1.00,ליטר,false,,14.80,14.8000,true,1,1024940
7290002692478,false,"שמן זית כתית מעולה מעודן עץ הזית 750 מ""ל","מרקאולאו, ספרד.אבסה,",IT,שמן זית כתית מעולה מ,מיליליטרים,750.00,"100 מ""ל",false,,32.80,0.0437,true,1,1024943
7290002692768,false,"תרסיס שמן קנולה מזוכך ללא תוספת גז עץ הזית 200 מ""ל",טרנסומס פוד איי בי,IT,תרסיס שמן קנולה עץ ה,מיליליטרים,200.00,"100 מ""ל",false,,15.70,0.0785,true,1,1024947
7290002692775,false,"תרסיס שמן קנולה בטעם חמאה עץ הזית 200 מ""ל",קומפניה,IT,תרסיס שמן חמאה עץ הז,מיליליטרים,200.00,"100 מ""ל",false,,15.70,0.0785,true,1,5234150
7290002692782,false,"תרסיס שמן זית כתית מעולה ללא תוספת גז עץ הזית 150 מ""ל",י.ב טכנולוגיות אריזה,IT,תרסיס שמן זית עץ הזי,מיליליטרים,148.00,"100 מ""ל",false,,14.90,0.1007,true,1,1024949
7290002706960,false,דג פילה ברבוניה 400 גרם דלידג,נטו מלינדה,VN,פילה בינתן 400 גר,גרמים,400.00,100 גרם,false,,21.90,0.0547,true,1,1062067
7290002715504,false,ארוחת נודלס בטעם עוף מג'יק 70 גרם,טאט הוי פוד בעמ,SG,ארוחת נודלס בטעם עוף,גרמים,70.00,100 גרם,false,,4.50,0.0643,true,1,1024492
7290002715511,false,ארוחת נודלס בטעם בשר מג'יק 70 גרם,טאט הוי פוד בעמ,SG,ארוחת נודלס בטעם בשר,גרמים,70.00,100 גרם,false,,4.50,0.0643,true,1,1024493
7290002715528,false,ארוחת נודלס בטעם ירקות מג'יק 70 גרם,טאט הוי פוד בעמ,SG,ארוחת נודלס בטעם ירק,גרמים,70.00,100 גרם,false,,4.50,0.0643,true,1,1024494
7290002715580,false,ארוחת נודלס בטעם סיני חריף מג'יק 70 גרם,טאט הוי פוד בעמ,SG,ארוחת נודלס בטעם סינ,גרמים,70.00,100 גרם,false,,4.50,0.0643,true,1,1024496
7290002730262,false,"נוזל לניקוי כלים קלאסי פלמוליב 750 מ""ל",יבואן ומשווק: ש. שסט,GR,נוזל לניקוי כלים קלא,מיליליטרים,750.00,"100 מ""ל",false,,11.90,0.0159,true,1,1017654
7290002730675,false,"קולגייט משחת שיניים אדומה משפחתי 100 מ""ל",קולגייט-פלמוליב,PL,משחת שיניים קולגייט,מיליליטרים,100.00,"100 מ""ל",false,,10.90,0.1090,true,1,1017661
7290002730811,false,"משחת שיניים ג'ל פסים מרעננים קולגייט 100 מ""ל",הנסיך- מפעל לייצור ט,PL,משחת שיניים ג'ל פסים,100 מל,100.00,100 מל,false,,11.90,0.1190,true,1,1017662
7290002730903,false,פלמוליב סבון מוצק ורדים רביעייה * 125 ג',הנסיך- מפעל לייצור ט,TR,סבון מוצק ורדים פלמו,גרמים,500.00,100 גרם,false,,16.90,0.0338,true,1,1017664
7290002730958,false,סבון מוצק בניחוח זיתים ואלוורה פלמוליב 4*100 גרם,הנסיך- מפעל לייצור ט,TR,סבון מוצק בניחוח זית,גרמים,400.00,100 גרם,false,,16.90,0.0422,true,1,1017668
7290002735007,false,"בצק עלים מרודד ינון 1 ק""ג",קפוא-זן,,בצק עלים מרודד ינון,גרמים,1000.00,100 גרם,false,,13.90,0.0139,true,1,1012375
7290002735021,false,ג'חנון קפוא ינון 750 גרם,ג'נרל מילס סאן אדריא,IL,ג'חנון ינון 750 גרם,גרמים,750.00,100 גרם,false,,12.90,0.0172,true,1,1012377
7290002735274,false,ג'חנון אפוי ינון 600 גרם,ג'נרל מילס סאן אדריא,IL,ג'חנון אפוי ינון 600,גרמים,600.00,100 גרם,false,,16.50,0.0275,true,1,1012382
7290002735809,false,בצק עלים רמי לוי 1קג,ינון,IL,בצק עלים רמי לוי 1קג,גרמים,1000.00,100 גרם,false,,11.90,0.0119,true,1,1284544
7290002735816,false,גחנון רמי לוי 750 גרם,ינון,IL,גחנון רמי לוי 750 גר,גרמים,750.00,100 גרם,false,,11.90,0.0159,true,1,1284545
7290002735823,false,מלווח רמי לוי 700 גרם,ינון,IL,מלווח רמי לוי 700 גר,גרמים,700.00,100 גרם,false,,11.90,0.0170,true,1,1284546
7290002735830,false,בורקס תפוא רמי לוי 800 גרם,ינון,IL,בורקס תפוא רמי לוי 8,גרמים,800.00,100 גרם,false,,10.90,0.0136,true,1,1284547
7290002735847,false,בורקס גבינה רמי לוי 800 גרם,ינון,IL,בורקס גבינה רמי לוי,גרמים,800.00,100 גרם,false,,12.90,0.0161,true,1,1284548
7290002735854,false,גחנון אפוי רמי לוי 600 גרם,ינון,IL,גחנון אפוי רמי לוי 6,גרמים,600.00,100 גרם,false,,11.90,0.0198,true,1,1284549
7290002735878,false,מאפה בצק עלים למילוי,,,מאפה בצק עלים למילוי,גרמים,600.00,100 גרם,false,,10.90,0.0182,true,1,2585220
7290002735953,false,בצק פריך מלוח 900ג רמילוי,,,בצק פריך מלוח 900ג ר,גרמים,900.00,100 גרם,false,,19.80,0.0220,true,1,6223646
7290002735960,false,פילאס טורקי 600ג רמילוי,,,פילאס טורקי 600ג רמי,מיליליטרים,600.00,"100 מ""ל",false,,14.90,0.0248,true,1,6221081
7290002748250,false,חזה עוף ארוז קפוא שק,עוף ירושלים,IL,חזה עוף ארוז קפוא שק,קילוגרמים,1.00,"ק""ג",true,,26.90,26.9000,true,1,1015086
7290002748274,false,כנפיים עוף ארוז קפוא,עוף ירושלים,,כנפיים עוף ארוז קפוא,קילוגרמים,1.00,"ק""ג",true,,8.90,8.9000,true,1,1015087
7290002748281,false,שוקיים עוף ארוז קפוא,עוף ירושלים,,שוקיים עוף ארוז קפוא,קילוגרמים,1.00,"ק""ג",true,,26.90,26.9000,true,1,1015088
7290002748328,false,כבד עוף ארוז קפוא שק,עוף ירושלים,,כבד עוף ארוז קפוא שק,קילוגרמים,1.00,"ק""ג",true,,17.90,17.9000,true,1,1053352
7290002750154,false,שישיית לחמניות יאמיס,פילסברי,IL,מארז לחמניית יאמי,יח',1.00,יח',false,,12.90,12.9000,true,1,2791830
7290002750338,false,לחם רוסטיק עגבניות מ,פילסברי,,לחם עגבניות מיובשות,יח',1.00,יח',false,,16.90,16.9000,true,1,2337939
7290002750406,false,סופגניה עם ריבה פילסברי 95 גרם,פילסברי,,סופגנייה פילסברי,יח',1.00,יח',false,,3.90,3.9000,true,1,5066113
7290002750710,false,סופגניה מיני א.ק עם ריבה,פילסברי,,סופגנייה מיני פילסבר,יח',1.00,יח',false,,2.90,2.9000,true,1,5065928
7290002750963,false,באגט רוסטיק פילסברי,פילסברי,,באגט רוסטיק,יח',1.00,יח',false,,7.90,7.9000,true,1,1012926
7290002752332,false,"סוכריות מנטוס פירות בגליל, 37.5 גרם",הדקלאים אגודת שיתופי,NL,סוכריות בטעם פירות מ,גרמים,37.50,100 גרם,false,,2.90,0.0773,true,1,1028352
7290002752349,false,סוכריות מנטוס מנטה 40יח' בגליל 38ג',פרפטי ואן מלה,NL,סוכריות מנטה מנטוס 3,גרמים,37.50,100 גרם,false,,2.90,0.0773,true,1,1028353
7290002753995,false,סוכריות עדשים לקישוט עוגה וורנר 6*25 גרם,היינץ צפון אמריקה מק,DE,סוכריות עדשים לקישוט,גרמים,150.00,100 גרם,false,,15.90,0.1060,true,1,1028357
7290002757511,false,קציצות דג לבישול דלידג 750 גרם,האי נאם סי או אל.טי.,IL,קציצות דג לבישול דלי,גרמים,750.00,100 גרם,false,,24.90,0.0332,true,1,1024505
7290002757665,false,קבב מזרחי טיבון ויל 400 ג',טיבון ויל,IL,קבב מזרחי 400 גרם,גרמים,400.00,100 גרם,false,,9.90,0.0248,true,1,1024508
7290002757672,false,המבורגר מזרחי טיבון ויל 400ג',טיבון ויל,IL,המבורגר 400 גרם,גרמים,400.00,100 גרם,false,,9.90,0.0248,true,1,1024509
7290002768036,false,"מי פה תיאדנט ענק מונע עששת 150מ""ל",אמיליה קוסמטיקס,IL,מי פה למניעת עששת תי,מיליליטרים,150.00,"100 מ""ל",false,,14.70,0.0980,true,1,1044633
7290002768043,false,"תיאדנט מי-פה ענק פלאוריד 150 מ""ל",אמיליה קוסמטיקס בע'\'\מ,IL,"מי פה תיאדנט 150 מ""ל",מיליליטרים,150.00,"100 מ""ל",false,,14.70,0.0980,true,1,1044634
7290002768074,false,אל סבון נוזלי רגיל דרמפון 1 ליטר,"אמיליה קוסמטיקס בע""מ",IL,אל סבון נוזלי רגיל ד,ליטרים,1.00,ליטר,false,,17.80,17.8000,true,1,1044635
7290002768159,false,"סבון נוזלי בת אורן קצף לאמבט 500מ""ל",פארק תעשיות עמק חפרמ,IL,קצף אמבט בת אורן קרל,מיליליטרים,500.00,"100 מ""ל",false,,17.90,0.0358,true,1,1044636
7290002773214,false,דניס נקי טרי,,,דניס נקי טרי,קילוגרמים,1.00,"ק""ג",true,,64.90,64.9000,true,1,6016441
7290002773863,false,פילה לברק טרי,,,פילה לברק טרי,קילוגרמים,1.00,"ק""ג",true,,120.00,120.0000,true,1,6016373
7290002773887,false,ברמונדי נקי טרי,,,ברמונדי נקי טרי,קילוגרמים,1.00,"ק""ג",true,,49.90,49.9000,true,1,6016443
7290002773924,false,לברק נקי טרי,,,לברק נקי טרי,קילוגרמים,1.00,"ק""ג",true,,69.90,69.9000,true,1,6016445
7290002773986,false,בס נקי טרי,,,בס נקי טרי,קילוגרמים,1.00,"ק""ג",true,,39.90,39.9000,true,1,6016398
7290002782131,false,"פנינה רוזנבלום - דאודורנט ספריי לאישה מס' 1 150 מ""ל",פנינה רוזנבלום,IL,דאודורנט ספריי מס' 1,מיליליטרים,150.00,"100 מ""ל",false,,23.90,0.1593,true,1,1031090
7290002782735,false,"דאודורנט ספריי לגבר מס' 1 180 מ""ל פנינה רוזנבלום",פנינה רוזנבלום,IL,דאודורנט ספריי לגבר,מיליליטרים,180.00,"100 מ""ל",false,,14.90,0.0828,true,1,1031091
7290002782742,false,"פנינה רוזנבלום - דאודורנט ספריי לאישה מס' 2 150 מ""ל",פנינה רוזנבלום,IL,דאודורנט ספריי לנשים,מיליליטרים,150.00,"100 מ""ל",false,,14.90,0.0993,true,1,1031092
7290002782759,false,"פנינה קרם גוף רוזנבלום 400 מ""ל",פנינה רוזנבלום,IL,קרם גוף מס' 2 פנינה,מיליליטרים,340.00,"100 מ""ל",false,,21.90,0.0644,true,1,1031089
7290002793304,false,מיכל בלון גז +מילוי באריזה 60 סודהסטרים,סודה סטרים,IL,מיכל גז באריזה,יח',1.00,יח',false,,99.00,99.0000,true,1,1026612
7290002793311,false,שירות והחלפה מילוי גז 60 סודהסטרים,סודה סטרים,IL,מילוי גז למיכל סודה,יח',1.00,יח',false,,48.90,48.9000,true,1,1026595
7290002800361,false,המבורגר מסעדות בואקו,מעדני הטלה והעגל,IL,המבורגר ואקום 500 גר,גרמים,500.00,100 גרם,false,,22.90,0.0458,true,1,3320203
7290002814054,false,סנט מוריץ מתז אנטרטיק מתז 1 ליטר,קומפלקס כימיקלים בעמ,IL,אנטרטיק במתז 1 ליטר,יח',1.00,יח',false,,9.90,9.9000,true,1,5442243
7290002814078,false,סנט מוריץ נוזל לניקוי אמבט אנטרטיק 1ל',"קומפלקס כימיקלים בע""",IL,מבריק ומחטא אנטרטיק,ליטרים,1.00,ליטר,false,,4.90,4.9000,true,1,1030775
7290002814368,false,"סנט מוריץ - מרסס מסיר שומנים קר 800 מ""ל",,,מסיר שומנים קר מתז 8,מיליליטרים,800.00,"100 מ""ל",false,,13.90,0.0174,true,1,6258592
7290002814528,false,נוזל לניקוי האסלה סנט מוריץ 1 ליטר,קומפלקס כימיקלים בעמ,IL,סנט מוריץ מס' 1 לאסל,ליטרים,1.00,ליטר,false,,4.90,4.9000,true,1,1030780
7290002814580,false,טורנדו גרגירים לפתיחת סתימות 200 גרם,"קומפלקס כימיקלים בע""",IL,טורנדו גרגרים לפתיחת,גרמים,200.00,100 גרם,false,,9.90,0.0495,true,1,2394091
7290002814610,false,סנט מוריץ מסיר שומנים מבושם שחור 1 ליטר,קומפלקס כימיקלים בעמ,IL,סנט מוריץ מסיר שומני,יח',1.00,יח',false,,12.90,12.9000,true,1,6235208
7290002814788,false,עלמה כיסוי ניילון עם גומי 33 יח',,,כיסוי ניילון עם גומי,יחידה,0.00,יחידה,false,,7.90,0.0000,true,1,1030785
7290002814849,false,סנט מוריץ סבון אסלה שלישייה כחול אוקיינוס,,TR,סנט מוריץ סבון אסלה,יח',3.00,יח',false,,9.90,3.3000,true,1,2831131
7290002814870,false,"סנט מוריץ - מרסס מסיר שומנים קר מבושם לוונדר\פרחים 750 מ""ל",קומפלקס כימיקלים בעמ,IL,מסיר שומנים קר מבושם,מיליליטרים,750.00,"100 מ""ל",false,,12.90,0.0172,true,1,5385336
7290002814931,false,נוזל רצפות שמפו פרחים סנט מוריץ 4 ליטר,"קומפלקס כימיקלים בע""",IL,סנט מוריץ רצפות בניח,ליטרים,4.00,ליטר,false,,9.90,2.4750,true,1,1030786
7290002823025,false,אמנון נקי טרי,,,אמנון נקי טרי,קילוגרמים,1.00,"ק""ג",true,,28.90,28.9000,true,1,6016399
7290002824183,false,"גבינה לבנה סקי 500 גרם 5% ""שטראוס"" -מוצר בפיקוח",מיוצר עי קונדיטוריית,IL,גבינה לבנה סקי 5% שו,גרמים,500.00,100 גרם,false,,9.20,0.0184,true,1,1032499
7290002824466,false,יוגורט דנונה ביו לבן 0% שומן 200 גרם,"שטראוס בריאות בע""\מ",IL,יוגורט דנונה ביו לבן,מיליליטרים,200.00,"100 מ""ל",false,,3.40,0.0170,true,1,1032500
7290002824640,false,"גבינת סקי 250 גרם 5% ""שטראוס"" -מוצר בפיקוח",מיוצר עי קונדיטוריית,IL,גבינה לבנה סקי 5% שו,גרמים,250.00,100 גרם,false,,4.70,0.0188,true,1,1032502
7290002825722,false,סלט כרוב אדום אחלה 500 גרם,מיוצר עי קונדיטוריית,IL,סלט כרוב אדום אחלה 5,גרמים,500.00,100 גרם,false,,12.90,0.0258,true,1,1032506
7290002827306,false,נקניקיות עוף ירושלים מחפוד 400 ג',עוף ירושלים,IL,נקניקיות עוף 400ג מח,גרמים,400.00,100 גרם,false,,9.90,0.0248,true,1,1032143
7290002827337,false,נקניקיות עוף פיקנטי 400 גר' מחפוד,עוף ירושלים,IL,נקניקיות עוף פיקנטי,גרמים,400.00,100 גרם,false,,9.90,0.0248,true,1,1032145
7290002827740,false,כתף כבש פרוס קפוא מחפוד,,,כתף כבש פרוס מחפוד,קילוגרמים,1.00,"ק""ג",true,,119.90,119.9000,true,1,1822221
7290002830948,false,גבינת עיזים מותכת 30% מון בלאן 120 גרם,סלס קרית מלאכי ישראל,IL,גבינת עיזים מותכת 30,גרמים,120.00,100 גרם,false,,8.90,0.0742,true,1,1024538
7290002842002,false,פתיתי שיבולת שועל קוואקר אנגלי מורנפלייק,מורנינג פוד,GB,פתיתי שיבולת שועל קו,גרמים,500.00,100 גרם,false,,9.90,0.0198,true,1,1027598
7290002862000,false,הררית אריסה טוניסאית,"הררית מזון בע""מ",IL,אריסה 250 גביע הררית,גרמים,250.00,100 גרם,false,,9.90,0.0396,true,1,1043555
7290002862031,false,אריסה 250מתובלת הררית,"הררית מזון בע""מ",IL,אריסה 250מתובלת הררי,גרמים,250.00,100 גרם,false,,9.90,0.0396,true,1,1043557
7290002862048,false,פפריקה מתוקה בשמן 35,,IL,פפריקה מתוקה בשמן 35,גרמים,350.00,100 גרם,false,,14.90,0.0426,true,1,1043558
7290002862123,false,סחוג ירוק 150 גר הררית,"הררית מזון בע""מ",IL,סחוג ירוק 150 גר הרר,גרמים,250.00,100 גרם,false,,9.90,0.0396,true,1,1043561
7290002862338,false,סחוג אדום 150 גרם,"הררית מזון בע""מ",IL,סחוג אדום 150 גרם,גרמים,150.00,100 גרם,false,,9.90,0.0660,true,1,1043564
7290002862376,false,מעדן עגבניות מיובשות200ג,הררית מזון בעמ,IL,עגבניות מיובשות 200,גרמים,200.00,100 גרם,false,,13.90,0.0695,true,1,2410403
7290002862468,false,"הררית מעדן פסטו 200 מ""ל",,,הררית מעדן פסטו 200,מיליליטרים,200.00,"100 מ""ל",false,,17.90,0.0895,true,1,3946891
7290002862802,false,הררית אריסה בתוספת לימון 250מל,הררית מזון בעמ,IL,הררית אריסה בתוספת ל,מיליליטרים,250.00,"100 מ""ל",false,,12.90,0.0516,true,1,3946926
7290002868996,false,"קוטג' 5% שומן, רכיבים טבעיים, 250 גרם",קריות זול,IL,גבינת קוטג' מועשר 5%,גרמים,250.00,100 גרם,false,,5.30,0.0212,true,1,1012481
7290002871248,false,"בירה טובורג רד בקבוק 500 מ""ל חוזר",מבשלות בירה בינלאומיות ב,IL,"טובורג רד 500 מ""ל",מיליליטרים,500.00,"100 מ""ל",false,,7.50,0.0150,true,1,1075754
7290002871361,false,"בירה קרלסברג בקבוק 500 מ""ל חוזר",מבשלות בירה בינלאומיות ב,IL,קרלסברג בירה בק.חוזר,מיליליטרים,500.00,"100 מ""ל",false,,7.50,0.0150,true,1,1075755
7290002881209,false,רסק תפוחי עץ דיאט 700 ג' תומר,KONSERVENFABRIEK BALTUSSEN,NL,רסק תפוחי עץ תומר 70,גרמים,708.00,100 גרם,false,,9.90,0.0140,true,1,1016779
7290002881216,false,רסק תפוחי עץ לא ממותק תומר 700 גרם,KONSERVENFABRIEK BALTUSSEN,NL,רסק תפוחי עץ לא ממות,גרמים,708.00,100 גרם,false,,9.90,0.0140,true,1,1016780
7290002900566,false,פסטרמה ברביקיו דל שומן טירת צבי 400 גרם,הנסיך- מפעל לייצור ט,IL,פסטרמה ברביקיו 1.5%,גרמים,360.00,100 גרם,false,,25.90,0.0719,true,1,1015263
7290002904694,false,"טיטניום דאודורנט ספריי לגברים 150 מ""ל","אמיליה קוסמטיקס בע""מ",IL,דאו ספריי טיטניום 18,מיליליטרים,180.00,"100 מ""ל",false,,14.90,0.0828,true,1,1044637
7290002920311,false,גבינת קממבר צאן במשק,מחלבות גד,IL,קממבר צאן 25% במשקל,קילוגרמים,1.00,"ק""ג",true,,110.00,110.0000,true,1,1021203
7290002921165,false,"חלב לניקוי רהיטי עור הזלין יעקבי 400 מ""ל",אסטוניש -לידס,DE,חלב לניקוי רהיטי עור,מיליליטרים,400.00,"100 מ""ל",false,,32.90,0.0822,true,1,1025959
7290002921240,false,"קרבונה שמפוזר לניקוי שטיחים וריפוד יעקבי 650 מ""ל",קרבונה Carbona,MX,קרבונה שמפוזר לניקוי,מיליליטרים,650.00,"100 מ""ל",false,,24.80,0.0382,true,1,1025962
7290002923466,false,"בקר טחון טיבון ויל 1 ק""ג",טיבון ויל אחזקות בעמ,IL,בקר טחון טיבון ויל 1,גרמים,1000.00,100 גרם,false,,39.90,0.0399,true,1,1024544
7290002925729,false,"גם וגם משחת שיניים כחול ומי פה בטעם פפרמינט 120 מ""ל","אמיליה קוסמטיקס בע""מ",IL,משחת שיניים ומי פה ב,מיליליטרים,120.00,"100 מ""ל",false,,14.90,0.1242,true,1,1044638
7290002925798,false,"גם וגם משחת שיניים ירוק מי פה לייט 120 מ""ל",אמיליה קוסמטיקס,IL,משחת שיניים ומי פה ג,מיליליטרים,120.00,"100 מ""ל",false,,14.90,0.1242,true,1,1044639
7290002927044,false,צלי כתף מס' 5 קפוא,זהר בשר,,צלי כתף מועבד,קילוגרמים,1.00,"ק""ג",true,,34.90,34.9000,true,1,1013953
7290002927051,false,פילה מדומה מס' 6 קפו,זהר בשר,,פילה מדומה מס' 6,קילוגרמים,1.00,"ק""ג",true,,34.90,34.9000,true,1,1013954
7290002927105,false,צלי עגל ברשת קפוא,זהר בשר,,צלי עגל ברשת,קילוגרמים,1.00,"ק""ג",true,,34.90,34.9000,true,1,1013957
7290002927198,false,טחון בקר קפוא 500 גר,זהר בשר,,טחון בקר 500 ג,גרמים,500.00,100 גרם,false,,11.90,0.0238,true,1,1013973
7290002927358,false,סטיק אנטריקוט 800גר,זהר בשר,,סטייק בקר 800 ג,גרמים,800.00,100 גרם,false,,33.90,0.0424,true,1,1013974
7290002927389,false,טחון עוף קפוא 500 גר,זהר בשר,,טחון עוף 500 ג,גרמים,500.00,100 גרם,false,,9.90,0.0198,true,1,1013975
7290002927464,false,גולש עגל קפוא,זהר בשר,,גולש עגל,קילוגרמים,1.00,"ק""ג",true,,29.90,29.9000,true,1,1013963
7290002927518,false,טבעות עגל ארוז קפוא קג,"זהר בשר עופות ובשר בע""\מ",IL,טבעות עגל,קילוגרמים,1.00,"ק""ג",true,,36.90,36.9000,true,1,1013965
7290002927631,false,טחון הודו קפוא 500 ג,זהר בשר,,טחון הודו 500 ג,גרמים,500.00,100 גרם,false,,9.90,0.0198,true,1,1013977
7290002929642,false,רביעיית טונה בשמן ויליגר 140 גרם,דיאמנט פוד פרודקט קו,TH,טונה ויליגר 392 גרם,גרמים,392.00,100 גרם,false,,18.90,0.0482,true,1,1112952
7290002954040,false,שמן תירס שוקחה 1 ליטר,לסיור,FR,שמן תירס 1 ליטר,ליטרים,1.00,ליטר,false,,14.70,14.7000,true,1,6278588
7290003006021,false,סלט קוביות בולגרי25%משקל,גבינות אמיר ניצן בעמ,IL,קוביות מעדן פטה מעדנ,קילוגרמים,1.00,"ק""ג",true,,68.00,68.0000,true,1,6215462
7290003009596,false,"סירופ דיאט אשכוליות פריגת 750 מ""ל",סירופ - גבעת חיים,IL,סירופ דיאט אשכוליות,מיליליטרים,750.00,"100 מ""ל",false,,19.90,0.0265,true,1,1013135
7290003013005,false,פתיליות עגולות לשמן 50 יחידות שלהבת,שלהבת,IL,פתיליות עגולות לשמן,יח',50.00,יח',false,,2.90,0.0580,true,1,1037142
7290003013036,false,צינורית זהב תומך,פתילית,IL,צינורית זהב,יח',1.00,יח',false,,5.90,5.9000,true,1,1037144
7290003013128,false,פתיל צף מתומן כ-50 יחידות שלהבת,שלהבת,IL,פתיל צף מתומן כ-50 י,יח',50.00,יח',false,,3.50,0.0700,true,1,1037145
7290003013227,false,מארז 9 כוסיות+צינוריות,מעגל הזמן,IL,מארז 9 כוסיות+צינורי,יח',1.00,יח',false,,11.90,11.9000,true,1,1037149
7290003015627,false,"נוזל רצפות אפרסק 2 ליטר ""ריצפז פרש""","סנו מפעלי ברונוס בע""",IL,ריצפז פרש 2 לי,ליטרים,2.00,ליטר,false,,16.90,8.4500,true,1,1022945
7290003015634,false,"נוזל רצפות פסיפלורה 2 ליטר ""ריצפז פרש""",קריות זול,IL,ריצפז פרש 2 לי,ליטרים,2.00,ליטר,false,,16.90,8.4500,true,1,1022946
7290003015641,false,"נוזל רצפות יסמין 2 ליטר ""ריצפז פרש""",קריות זול,IL,ריצפז פרש 2 לי,ליטרים,2.00,ליטר,false,,16.90,8.4500,true,1,1022947
7290003015672,false,סנו סופט מפיות צבעוניות חלקות 50 יחידות,סנו סופט,IL,סנו סופט מפיות צבעונ,יח',50.00,יח',false,,7.90,0.1580,true,1,1022948
7290003023196,false,"משקה יטבתה מוקה שקית 225 מ""ל",שטראוס גרופ,IL,"מוקה יטבתה 225 מ""ל",מיליליטרים,225.00,"100 מ""ל",false,,2.80,0.0124,true,1,1032509
7290003026029,false,"ד""ר פישר - קמיל בלו סנסיטיב שמפו אלדמע 500 מ""ל",פישר מעבדות פרמצבטיות בע,IL,קמיל בלו סנסיטיב אל דמע 5,מיליליטרים,500.00,"100 מ""ל",false,,17.90,0.0358,true,1,1043652
7290003026036,false,"ד""ר פישר - קמיל בלו סנסיטיב אל סבון עדין לתינוק 1 ליטר",פישר מעבדות פרמצבטיות בע,IL,קמיל בלו סנסיטיב אל סבון,ליטרים,1.00,ליטר,false,,32.80,32.8000,true,1,1043653
7290003026227,false,"קמיל בלו שמפו לתינוק סנסיטיב אל דמע ד""ר פישר 1 ליטר",פישר מעבדות פרמצבטיות בע,IL,קמיל בלו סנסיטיב אל דמע ל,ליטרים,1.00,ליטר,false,,32.80,32.8000,true,1,1043655
7290003026234,false,"ד""ר פישר - קמיל בלו תחליב לתינוק 500 מ""ל",פישר מעבדות פרמצבטיות בע,IL,קמיל בלו סנסיטיב תחליב לת,מיליליטרים,500.00,"100 מ""ל",false,,29.90,0.0598,true,1,1043656
7290003026319,false,"קמיל בלו סנסיטיב משחה תינוק ד""ר פישר 120 גרם",פישר מעבדות פרמצבטיות בע,IL,קמיל בלו סנסיטיב משחה לתי,גרמים,120.00,100 גרם,false,,18.90,0.1575,true,1,1043657
7290003029181,false,משקה יטבתה שוקו' בקבוק 1ל מהדרין,שטראוס גרופ,IL,שוקו יטבתה 1 ליטר,100 מל,1000.00,100 מל,false,,11.50,0.0115,true,1,1032512
7290003029372,false,משקה חלב בטעם בננה יטבתה 1 ליטר,שטראוס גרופ,IL,משקה חלב בטעם בננה י,מיליליטרים,1000.00,"100 מ""ל",false,,11.50,0.0115,true,1,1032514
7290003029389,false,"משקה חלב בננה פקק ספורט 250 מ""ל יוטבתה",שטראוס גרופ,IL,משקה חלב בננה פקק ספ,מיליליטרים,250.00,"100 מ""ל",false,,5.20,0.0208,true,1,1032515
7290003029433,false,"משקה יטבתה שוקו פקק 250 מ""ל מהדרין",שטראוס גרופ,IL,שוקו פקק ספורט יטבתה,מיליליטרים,250.00,"100 מ""ל",false,,5.20,0.0208,true,1,1032517
7290003029532,false,מוקה בבקבוק יטבתה 1 ליטר מהדרין,שטראוס גרופ,IL,מוקה יטבתה 1 ליטר,100 מל,1000.00,100 מל,false,,11.50,0.0115,true,1,1032519
7290003029792,false,"משקה יטבתה שוקו שקיות מהדרין מארז 225X8מ""ל",שטראוס גרופ,IL,שוקו בשקית יטבתה 8 י,יח',8.00,יח',false,,18.90,2.3625,true,1,1032521
7290003029884,false,"מוקה בשקית יטבתה 225 מ""ל מארז 6 יחידות",שטראוס גרופ,IL,מוקה שקיות יטבתה 6*2,ליטרים,1.35,ליטר,false,,14.90,11.0370,true,1,1032524
7290003029907,false,אייס קפה יטבתה 1 ליטר מהדרין,שטראוס גרופ,IL,אייס קפה יטבתה 1 ליט,ליטרים,1.00,ליטר,false,,11.50,11.5000,true,1,1032525
7290003031702,false,"נקניקיות הודו מחפוד וואקום 1 ק""ג טירת צבי",טיב טירת צבי 2000,IL,נקניקיות הודו חלק מה,גרמים,1000.00,100 גרם,false,,24.90,0.0249,true,1,1015264
7290003031733,false,פסטרמה על גחלים מחפוד טירת צבי 400 גרם,טיב טירת צבי 2000,IL,פסטרמה על גחלים 2% ט,גרמים,400.00,100 גרם,false,,24.90,0.0622,true,1,1015265
7290003031740,false,פסטרמה הודו בדבש 3% טירת צבי 400 גרם,טיב טירת צבי 2000,IL,פסטרמה הודו בדבש 3%,גרמים,400.00,100 גרם,false,,24.90,0.0622,true,1,1015266
7290003031757,false,פסטרמה הודו בפפריקה מחפוד טירת צבי 400 גרם,טיב טירת צבי 2000,IL,פסטרמה הודו בפפריקה,גרמים,400.00,100 גרם,false,,24.80,0.0620,true,1,1015267
7290003031788,false,צמד כפרי סלמי+פסטרמה טירת צבי 400X2ג' מחפוד,טיב טירת צבי 2000,IL,צמד כפרי מחפוד800גר,גרמים,800.00,100 גרם,false,,24.90,0.0311,true,1,1015270
7290003031818,false,פסטרמה שום וצ'ילי פיקנטי מחפוד טירת צבי 400 גרם,טיב טירת צבי 2000,IL,פסטרמה שום וצ'ילי מח,גרמים,400.00,100 גרם,false,,29.90,0.0747,true,1,6421269
7290003060030,false,"קמח חיטה מלא טחנות ישראליות 1 ק""ג",טחנות ישראליות,IL,קמח חיטה מלא רמילוי,יח',1.00,יח',false,,4.90,4.9000,true,1,1103020
7290003060061,false,"קמח כוסמין טחנות ישראליות 1 ק""ג",טחנות ישראליות בעמ,IL,קמח כוסמין מלא 1 קג,יח',1.00,יח',false,,10.50,10.5000,true,1,2576128
7290003060085,false,קמח ישראלי ללחם וחלות טחנות ישראליות,טחנות ישראליות,IL,קמח ללחם וחלות מועשר,יח',1.00,יח',false,,4.90,4.9000,true,1,1103036
7290003060337,false,קמח כוסמין לבן מנופה,,,קמח כוסמין לבן מנופה,קילוגרמים,1.00,"ק""ג",false,,13.90,13.9000,true,1,6273547
7290003060351,false,"קמח מלא 80% מנופה טחנות ישראליות 1 ק""ג",,,קמח מלא מנופה 80% 1ק,יח',1.00,יח',false,,5.90,5.9000,true,1,3937953
7290003060368,false,"קמח כוסמין 80% מנופה טחנות ישראליות 1 ק""ג",,,קמח כוסמין מנופה 80%,יח',1.00,יח',false,,12.90,12.9000,true,1,3937954
7290003060443,false,קמח דורום לפסטה מנופה,,,קמח דורום לפסטה מנופ,יח',1.00,יח',false,,12.90,12.9000,true,1,6244574
7290003060528,false,קמח פיצה פוקצ'ה מנופה 1קג רמילוי,,,קמח פיצה פוקצ'ה מנופ,יח',1.00,יח',false,,7.50,7.5000,true,1,6245244
7290003060535,false,"קמח חיטה לבן בהיר מנופה 1 ק""ג רמילוי",,,קמח חיטה לבן בהיר מנ,יח',1.00,יח',false,,6.50,6.5000,true,1,6201080
7290003060542,false,קמח מנופה ללחם וחלות 1 קג -רמי לוי,,,קמח מנופה ללחם וחלות,יח',1.00,יח',false,,7.50,7.5000,true,1,6204487
7290003060559,false,קמח תופח מנופה 1קג רמילוי,,,קמח תופח מנופה 1קג ר,גרמים,1000.00,100 גרם,false,,6.50,0.0065,true,1,6201110
7290003060573,false,קמח כוסמין מלא מנופה 1קג רמילוי,,,קמח כוסמין מלא מנופה,יח',1.00,יח',false,,12.90,12.9000,true,1,6201111
7290003060580,false,קמח חיטה מלא מנופה 1קג רמילוי,,,קמח חיטה מלא מנופה 1,יח',1.00,יח',false,,6.50,6.5000,true,1,6201112
7290003069590,false,"פילה פוטית עם עור קפוא דלידג 1 ק""ג",דאליאן גואופו אקאטיק,CN,"פילה סול דלידג 1 ק""ג",גרמים,1000.00,100 גרם,false,,29.90,0.0299,true,1,6317391
7290003072804,false,פסטרמה של פעם טירת צבי 200 גרם,טיב טירת צבי 2000,IL,פסטרמה של פעם 200 גר,גרמים,200.00,100 גרם,false,,19.90,0.0995,true,1,5878079
7290003072965,false,קבנוס חריף מעושן טירת צבי 120 גרם,טיב טירת צבי 2000,IL,קבנוס חריף מעושן 120,גרמים,120.00,100 גרם,false,,9.90,0.0825,true,1,6271380
7290003072972,false,קבנוס בתיבול מעושן טירת צבי 120 גרם,טיב טירת צבי 2000,IL,קבנוס בתיבול שום 120,גרמים,120.00,100 גרם,false,,9.90,0.0825,true,1,6271381
7290003121083,false,ארוחת נודלס בטעם בשר בשקית מג'יק 85 גרם,טאט הוי פוד בעמ,SG,ארוחת נודלס בטעם בשר,גרמים,85.00,100 גרם,false,,2.50,0.0294,true,1,1024561
7290003121090,false,ארוחת נודלס ירקות בשקית מג'יק 85 גרם,זנטי אס. אי לאלין,SG,ארוחת נודלס בטעם ירק,גרמים,85.00,100 גרם,false,,2.50,0.0294,true,1,1024562
7290003121106,false,ארוחת נודלס טעם עוף בשקית מג'יק 85 גרם,"טאט פוד הוי בע""מ",SG,ארוחת נודלס בטעם עוף,גרמים,85.00,100 גרם,false,,2.50,0.0294,true,1,1024563
7290003126712,false,יוגורט עיזים מחלב מלא 3.7% משק צוריאל 150 גרם,מחלבת משק צוריאל,IL,יוגורט עיזים מחלב מל,מיליליטרים,150.00,"100 מ""ל",false,,5.80,0.0387,true,1,1012489
7290003126958,false,טופו גבינה גוש בואקום צוריאל 300 ג',א.י.ן תעשיות מזון בע,IL,גבינת טופו משק צוריא,גרמים,300.00,100 גרם,false,,11.90,0.0397,true,1,1012492
7290003131006,false,בונדוק טיבעי במשקל,אוליבלס SA,,בונדק טבעי,קילוגרמים,1.00,"ק""ג",true,,77.00,77.0000,true,1,1536024
7290003131020,false,פפריקה מעושנת,,,פפריקה מעושנת,קילוגרמים,1.00,"ק""ג",true,,50.00,50.0000,true,1,3311545
7290003131068,false,רביולי,,,רביולי,קילוגרמים,1.00,"ק""ג",true,,65.00,65.0000,true,1,5060210
7290003131075,false,קוואקר בשקילה,אוליבלס SA,,קוואקר משקל,קילוגרמים,1.00,"ק""ג",true,,7.00,7.0000,true,1,1527511
7290003131204,false,פול ענק משקל,,,פול ענק משקל,קילוגרמים,1.00,"ק""ג",true,,15.00,15.0000,true,1,1527514
7290003131228,false,פישתן בשקילה,אוליבלס SA,,פישתן משקל,קילוגרמים,1.00,"ק""ג",true,,16.00,16.0000,true,1,1536026
7290003131266,false,גרעין שחור קלוי,אוליבלס SA,,גרעין שחור קלוי,קילוגרמים,1.00,"ק""ג",true,,19.00,19.0000,true,1,1527516
7290003131297,false,בננה צ'יפס,אוליבלס SA,,בננה צ'יפס,קילוגרמים,1.00,"ק""ג",true,,32.00,32.0000,true,1,1526442
7290003131310,false,בוטנים טיבעי במשקל,אוליבלס SA,,בוטנים משקל,קילוגרמים,1.00,"ק""ג",true,,23.00,23.0000,true,1,1536027
7290003131341,false,אלמונדוס,אוליבלס SA,,אלמנדוס,קילוגרמים,1.00,"ק""ג",true,,54.00,54.0000,true,1,1527518
7290003131419,false,מקדמיה,,,מקדמיה,קילוגרמים,1.00,"ק""ג",true,,149.00,149.0000,true,1,5060110
7290003131464,false,רוזמרין,,,רוזמרין,קילוגרמים,1.00,"ק""ג",true,,100.00,100.0000,true,1,5060148
7290003131563,false,פקאן קלוי/מסוכר,,,פקאן קלוי/מסוכר,קילוגרמים,1.00,"ק""ג",true,,118.00,118.0000,true,1,5060157
7290003131662,false,שקד טחון,,,שקד טחון,קילוגרמים,1.00,"ק""ג",true,,100.00,100.0000,true,1,5060166
7290003131709,false,מנגו ללא סוכר,,,מנגו ללא סוכר,קילוגרמים,1.00,"ק""ג",true,,80.00,80.0000,true,1,5060169
7290003131778,false,טימין עלים,,,טימין עלים,קילוגרמים,1.00,"ק""ג",true,,100.00,100.0000,true,1,5060212
7290003131785,false,לימונית,,,לימונית,קילוגרמים,1.00,"ק""ג",true,,100.00,100.0000,true,1,5060213
7290003131853,false,פפריקה חריפה,,,פפריקה חריפה,קילוגרמים,1.00,"ק""ג",true,,40.00,40.0000,true,1,5060279
7290003131860,false,גינגר מסוכר,,,גינגר מסוכר,קילוגרמים,1.00,"ק""ג",true,,60.00,60.0000,true,1,5060219
7290003141159,false,יוגטה מרשמלו ממתק מוקצף בטעמי תות שדה ווניל 180 גרם,יוגוטה,IL,יוגטה מרשמלו 180 גרם,גרמים,180.00,100 גרם,false,,6.80,0.0378,true,1,1028381
7290003142477,false,ערמונים קלופים וקלויים 100 גרם,הדקלאים אגודת שיתופי,IL,ערמונים קלויים 100 ג,גרמים,100.00,100 גרם,false,,5.90,0.0590,true,1,1028403
7290003143139,false,סילאן תמרים קלית גת 900 ג',"טעמי הגליל בע""\מ",IL,סילאן קליית גת 900 ג,גרמים,900.00,100 גרם,false,,12.80,0.0142,true,1,1028414
7290003143146,false,ממרח תמרים קליית גת 450 גרם,הדקלאים אגודת שיתופי,IL,ממרח תמרים קליית 450,גרמים,450.00,100 גרם,false,,4.90,0.0109,true,1,1028415
7290003143276,false,יוגטה מרשמלו מגולגל( 18בקר'),תות ממתקי איכות,IL,יוגוטה מרשמלו רול 18,גרמים,180.00,100 גרם,false,,6.80,0.0378,true,1,1064183
7290003143337,false,סילאן רכיבים טבעיים לחיץ קליית גת 350 גרם,ליימן מותגים,IL,סילאן רכיבים טבעיים,גרמים,350.00,100 גרם,false,,14.90,0.0426,true,1,1171239
7290003144419,false,סילאן טבעי קליית גת 710 גרם,"טעמי הגליל בע""\מ",IL,סילאן רכיבים טבעיים,גרמים,710.00,100 גרם,false,,19.90,0.0280,true,1,1275275
7290003145782,false,צנובר רכיבים טבעיים קליית גת 100 גרם,הדקלאים אגודת שיתופי,IL,צנובר רכיבים טבעיים,גרמים,100.00,100 גרם,false,,21.90,0.2190,true,1,1028423
7290003155842,false,זיתים מובחרים,,,זיתים מובחרים,קילוגרמים,1.00,"ק""ג",true,,54.00,54.0000,true,1,1042758
7290003155965,false,זיתים במשקל,,,זיתים במשקל,קילוגרמים,1.00,"ק""ג",true,,59.00,59.0000,true,1,1042767
7290003163939,false,מעדני הטלה נקניקיות,יושלם,,נקניקיות גריל 1.5 קג,קילוגרמים,1.50,"ק""ג",false,,24.90,16.6000,true,1,3320316
7290003185719,false,קבב רומני טיבון ויל 500 גרם,טיבון ויל אחזקות בעמ,IL,קבב רומני טיבון ויל,גרמים,500.00,100 גרם,false,,19.90,0.0398,true,1,1024564
7290003185726,false,קבב מזרחי טיבון ויל 500 גרם,טיבון ויל אחזקות בעמ,IL,קבב מזרחי טיבון ויל,גרמים,500.00,100 גרם,false,,17.90,0.0358,true,1,1024565
7290003187843,false,עגל טחון טיבון ויל 500 גרם,טיבון ויל אחזקות בעמ,IL,עגל טחון טיבון ויל 5,גרמים,500.00,100 גרם,false,,29.90,0.0598,true,1,1024567
7290003189076,false,פיצרלה הצהובה הטובה מגורדת 22% כפיר 500 גרם,צי תעשיות מזון יבנה,IL,פיצרלה הצהובה הטובה,גרמים,500.00,100 גרם,false,,18.50,0.0370,true,1,1014941
7290003189274,false,בנוסח מעושנת גליל26%משקל,צי תעשיות מזון יבנה,IL,הצהובה הטובה מעושנת,קילוגרמים,1.00,"ק""ג",true,,39.00,39.0000,true,1,1014931
7290003189557,false,הצהובה הטובה לייט מעושנת 5% כפיר 200 גרם,כפיר,IL,הצהובה הטובה לייט מע,גרמים,200.00,100 גרם,false,,12.90,0.0645,true,1,1014954
7290003192014,false,פקאן טיבעי במשקל,אוליבלס SA,,פקאן משקל,קילוגרמים,1.00,"ק""ג",true,,89.00,89.0000,true,1,1536028
7290003192038,false,שמיר עלים,,,שמיר עלים,קילוגרמים,1.00,"ק""ג",true,,100.00,100.0000,true,1,3311476
7290003192137,false,ציפורן משקל,אוליבלס SA,,ציפורן משקל,קילוגרמים,1.00,"ק""ג",true,,100.00,100.0000,true,1,1527522
7290003192199,false,סודה לשתיה משקל,,,סודה לשתיה משקל,קילוגרמים,1.00,"ק""ג",true,,25.00,25.0000,true,1,1527523
7290003192298,false,בוטן גריל,,,בוטן גריל,קילוגרמים,1.00,"ק""ג",true,,50.00,50.0000,true,1,3311590
7290003192311,false,עלי דפנהבמשקל,אוליבלס SA,,עלי דפנהבמשקל,קילוגרמים,1.00,"ק""ג",true,,100.00,100.0000,true,1,1527524
7290003192472,false,חרדל גרגירים,,,חרדל גרגירים,קילוגרמים,1.00,"ק""ג",true,,50.00,50.0000,true,1,3311591
7290003192502,false,חמוצים,,,חמוצים,קילוגרמים,1.00,"ק""ג",true,,47.00,47.0000,true,1,1536029
7290003192519,false,זנגויל מיובש במשקל מ,אוליבלס SA,,זנגויל מיובש,קילוגרמים,1.00,"ק""ג",true,,39.00,39.0000,true,1,1526444
7290003192526,false,אגוז מלך קליפה,אוליבלס SA,,אגוז מלך משקל,קילוגרמים,1.00,"ק""ג",true,,59.00,59.0000,true,1,1536030
7290003192533,false,פיסטוק טיבעי במשקל,אוליבלס SA,IL,פיסטוק טיבעי משקל,קילוגרמים,1.00,"ק""ג",true,,79.00,79.0000,true,1,1536031
7290003192557,false,חומוס ענק משקל,,,חומוס ענק משקל,קילוגרמים,1.00,"ק""ג",true,,15.00,15.0000,true,1,1527526
7290003192588,false,פלפל שחור שלם משקל,,,פלפל שחור שלם משקל,קילוגרמים,1.00,"ק""ג",true,,70.00,70.0000,true,1,1527527
7290003192595,false,ראס אל חנות משקל,אוליבלס SA,,ראס אל חנות משקל,קילוגרמים,1.00,"ק""ג",true,,99.00,99.0000,true,1,1527528
7290003192618,false,צנובר במשקל,אוליבלס SA,,צנובר משקל,קילוגרמים,1.00,"ק""ג",true,,194.00,194.0000,true,1,1536033
7290003192656,false,חמוציות ברכז,אוליבלס SA,,חמוציות ברכז,קילוגרמים,1.00,"ק""ג",true,,69.00,69.0000,true,1,1527529
7290003192670,false,מש ירוק משקל,,,מש ירוק משקל,קילוגרמים,1.00,"ק""ג",true,,10.00,10.0000,true,1,1536036
7290003208586,false,"וורמוט מרטיני לבן 750 מ""ל",מרטיני ורוסי,IT,מרטיני ביאנקו 750 מל,מיליליטרים,750.00,"100 מ""ל",false,,44.90,0.0599,true,1,1030207
7290003211128,false,בוטנים מסוכר,,,בוטנים מסוכר,קילוגרמים,1.00,"ק""ג",true,,30.00,30.0000,true,1,1527530
7290003211135,false,תירס פופקורן משקל,,,תירס פופקורן משקל,קילוגרמים,1.00,"ק""ג",true,,10.00,10.0000,true,1,1536037
7290003211159,false,עדשים בשקילה,אוליבלס SA,,עדשים משקל,קילוגרמים,1.00,"ק""ג",true,,10.00,10.0000,true,1,1536039
7290003211166,false,כוסמת משקל,,,כוסמת משקל,קילוגרמים,1.00,"ק""ג",true,,8.90,8.9000,true,1,1536040
7290003211180,false,גריסי פנינה משקל,,,גריסי פנינה משקל,קילוגרמים,1.00,"ק""ג",true,,13.00,13.0000,true,1,1527531
7290003211203,false,תאינים מיובש,אוליבלס SA,,תאנים מיובש,קילוגרמים,1.00,"ק""ג",true,,47.00,47.0000,true,1,1527532
7290003211227,false,משמש מיובש,אוליבלס SA,,משמש מיובש,קילוגרמים,1.00,"ק""ג",true,,53.00,53.0000,true,1,1526445
7290003211234,false,פפריקה בשקילה,אוליבלס SA,,פפריקה מתוקה,קילוגרמים,1.00,"ק""ג",true,,35.00,35.0000,true,1,1527533
7290003211302,false,גרעין לבן קלוי,אוליבלס SA,,גרעין לבן קלוי,קילוגרמים,1.00,"ק""ג",true,,39.00,39.0000,true,1,1527536
7290003211333,false,תות מסוכר,,,תות מסוכר,קילוגרמים,1.00,"ק""ג",true,,40.00,40.0000,true,1,3311509
7290003211357,false,צימוק לבן/חום,אוליבלס SA,,צימוק חום,קילוגרמים,1.00,"ק""ג",true,,36.90,36.9000,true,1,1527538
7290003211418,false,צימוק ענק זמבו,אוליבלס SA,,צימוק ענק גמבו,קילוגרמים,1.00,"ק""ג",true,,43.00,43.0000,true,1,1527539
7290003211579,false,הל משקל,,,הל משקל,קילוגרמים,1.00,"ק""ג",true,,200.00,200.0000,true,1,1527541
7290003211739,false,אננס מסוכר,אוליבלס SA,,אננס מסוכר,קילוגרמים,1.00,"ק""ג",true,,24.00,24.0000,true,1,1526446
7290003211760,false,תבלין לשוורמה משקל,אוליבלס SA,,תבלין לשוורמה משקל,קילוגרמים,1.00,"ק""ג",true,,70.00,70.0000,true,1,1527542
7290003211777,false,גריל עוף משקל,אוליבלס SA,,גריל עוף משקל,קילוגרמים,1.00,"ק""ג",true,,58.00,58.0000,true,1,1527543
7290003211807,false,תבלין לדג משקל,אוליבלס SA,,תבלין לדג משקל,קילוגרמים,1.00,"ק""ג",true,,74.00,74.0000,true,1,1527544
7290003211876,false,בצל מטוגן משקל,אוליבלס SA,,בצל מטוגן משקל,קילוגרמים,1.00,"ק""ג",true,,49.00,49.0000,true,1,1527546
7290003211913,false,אפונה ואסבי,,,אפונה ואסבי,קילוגרמים,1.00,"ק""ג",true,,70.00,70.0000,true,1,3311619
7290003211920,false,קינואה לבנה,,,קינואה לבנה,קילוגרמים,1.00,"ק""ג",true,,14.00,14.0000,true,1,3311595
7290003211968,false,סומק משקל,אוליבלס SA,,סומק משקל,קילוגרמים,1.00,"ק""ג",true,,55.00,55.0000,true,1,1527547
7290003211999,false,פקאן סיני,אוליבלס SA,,פקאן סיני,קילוגרמים,1.00,"ק""ג",true,,89.00,89.0000,true,1,1527550
7290003213016,false,חטיף אורז חריף,אוליבלס SA,,חטיף אורז חריף,קילוגרמים,1.00,"ק""ג",true,,64.00,64.0000,true,1,1527551
7290003213030,false,גרעין אבטיח קלוי,אוליבלס SA,,גרעין אבטיח קלוי,קילוגרמים,1.00,"ק""ג",true,,55.00,55.0000,true,1,1527552
7290003213061,false,קצח משקל,אוליבלס SA,,קצח משקל,קילוגרמים,1.00,"ק""ג",true,,64.00,64.0000,true,1,1527553
7290003213160,false,כורכום בשקילה,אוליבלס SA,,כורכום במשקל,קילוגרמים,1.00,"ק""ג",true,,59.00,59.0000,true,1,1527556
7290003213177,false,פילדלפיה משקל,אוליבלס SA,,פילדלפיה משקל,קילוגרמים,1.00,"ק""ג",true,,114.00,114.0000,true,1,1527557
7290003213214,false,זעתר טחון משקל,אוליבלס SA,,זעתר טחון משקל,קילוגרמים,1.00,"ק""ג",true,,89.00,89.0000,true,1,1527559
7290003213221,false,קארי בשקילה,אוליבלס SA,,קארי משקל,קילוגרמים,1.00,"ק""ג",true,,73.00,73.0000,true,1,1527560
7290003213306,false,כמון בשקילה,אוליבלס SA,,כמון במשקל,קילוגרמים,1.00,"ק""ג",true,,49.00,49.0000,true,1,1527562
7290003213313,false,בהרט משקל,אוליבלס SA,,בהרט משקל,קילוגרמים,1.00,"ק""ג",true,,99.00,99.0000,true,1,1527563
7290003213320,false,קימל טחון משקל,אוליבלס SA,,קימל טחון משקל,קילוגרמים,1.00,"ק""ג",true,,60.00,60.0000,true,1,1527564
7290003213337,false,חוויג' מרק משקל,אוליבלס SA,,חוויג' מרק משקל,קילוגרמים,1.00,"ק""ג",true,,89.00,89.0000,true,1,1527565
7290003213344,false,חמוציות,אוליבלס SA,,חמוציות,קילוגרמים,1.00,"ק""ג",true,,25.00,25.0000,true,1,1527566
7290003213399,false,אגוז ברזיל משקל,אוליבלס SA,,אגוז ברזיל משקל,קילוגרמים,1.00,"ק""ג",true,,88.00,88.0000,true,1,1536046
7290003213405,false,קיווי מיובש,אוליבלס SA,,קיווי מיובש,קילוגרמים,1.00,"ק""ג",true,,40.00,40.0000,true,1,1526447
7290003213443,false,אננס טיבעי,אוליבלס SA,,אננס טיבעי,קילוגרמים,1.00,"ק""ג",true,,80.00,80.0000,true,1,1526448
7290003213450,false,תמר מגהול במשקל,אוליבלס SA,IL,תמר מג'הול,קילוגרמים,1.00,"ק""ג",true,,49.00,49.0000,true,1,1526449
7290003213504,false,תבלין לקציצות משקל,,,תבלין לקציצות משקל,קילוגרמים,1.00,"ק""ג",true,,74.00,74.0000,true,1,1527570
7290003213597,false,סוכריות,,,סוכריות,קילוגרמים,1.00,"ק""ג",true,,30.00,30.0000,true,1,1536047
7290003213603,false,טוסקנה משקל,אוליבלס SA,,טוסקנה משקל,קילוגרמים,1.00,"ק""ג",true,,59.00,59.0000,true,1,1527571
7290003213634,false,זנגויל טחון משקל,אוליבלס SA,,זנגויל טחון משקל,קילוגרמים,1.00,"ק""ג",true,,69.00,69.0000,true,1,1527572
7290003213696,false,בוטנים קלוים,אוליבלס SA,,בוטנים קלוי,קילוגרמים,1.00,"ק""ג",true,,25.00,25.0000,true,1,1527576
7290003213702,false,קשיו טיבעי במשקל,אוליבלס SA,,קשיו משקל,קילוגרמים,1.00,"ק""ג",true,,85.00,85.0000,true,1,1536048
7290003213733,false,מיקסים לאורז משקל,אוליבלס SA,,מיקסים לאורז משקל,קילוגרמים,1.00,"ק""ג",true,,100.00,100.0000,true,1,1527577
7290003213740,false,שקד קלוי,אוליבלס SA,,שקד קלוי,קילוגרמים,1.00,"ק""ג",true,,79.00,79.0000,true,1,1527578
7290003213757,false,קשיו מסוכר,אוליבלס SA,,קשיו מסוכר,קילוגרמים,1.00,"ק""ג",true,,85.00,85.0000,true,1,1527579
7290003213771,false,פלפל שחור/גרוס במשקל,אוליבלס SA,,פלפל שחור/גרוס במשקל,קילוגרמים,1.00,"ק""ג",true,,80.00,80.0000,true,1,1527580
7290003213788,false,פלפל לבן בשקילה,אוליבלס SA,,פלפל לבן במשקל,קילוגרמים,1.00,"ק""ג",true,,100.00,100.0000,true,1,1527581
7290003213795,false,פלפל אנגלי משקל,אוליבלס SA,,פלפל אנגלי משקל,קילוגרמים,1.00,"ק""ג",true,,100.00,100.0000,true,1,1527582
7290003213832,false,שקדים מולבנים משקל,אוליבלס SA,,שקדים מולבנים משקל,קילוגרמים,1.00,"ק""ג",true,,78.00,78.0000,true,1,1536049
7290003213900,false,פטרוזיליה עלים משקל,אוליבלס SA,,פטרוזיליה עלים משקל,קילוגרמים,1.00,"ק""ג",true,,100.00,100.0000,true,1,1527584
7290003219766,false,טורבול סופג לחות יעקבי,יעקובי,,טורבול סופג לחות יעק,קילוגרמים,1.35,"ק""ג",false,,38.80,28.7407,true,1,1025968
7290003222070,false,פיתות חומרים טבעי100*13ג,מאפיית המכבים,IL,פיתה מכבים 13 יח,יח',13.00,יח',false,,9.90,0.7615,true,1,2134593
7290003222094,false,פיתה ביס 11 יח' המכבים,מאפיית טעמי הכפר,IL,פיתה ביס 11 יחידות,יח',11.00,יח',false,,8.90,0.8091,true,1,1106962
7290003222780,false,פיתות מקמח מלא מאפיית המכבים 5 יחידות,מאפיית המכבים,IL,פיתות מקמח מלא מאפיי,גרמים,5.00,100 גרם,false,,4.90,0.9800,true,1,1012346
7290003222797,false,פיתה קמח כוסמין 10 יח' המכבים,מאפיית המכבים,IL,פיתה קמח כוסמין 10 י,גרמים,10.00,100 גרם,false,,12.90,1.2900,true,1,2855300
7290003229109,false,פסטרמה הודו בפפריקה טירת צבי 400 גרם,הנסיך- מפעל לייצור ט,IL,פסטרמה הודו בפפריקה,גרמים,400.00,100 גרם,false,,25.90,0.0647,true,1,1015273
7290003229123,false,פסטרמה הודו על גחלים 2% טירת צבי 400 גרם,הנסיך- מפעל לייצור ט,IL,פסטרמה הודו על גחלים,גרמים,400.00,100 גרם,false,,25.90,0.0647,true,1,1015275
7290003229147,false,נקניק סלמי איטלקי מעושן טירת צבי 300 גרם,הנסיך- מפעל לייצור ט,IL,נקניק סלמי איטלקי מע,גרמים,300.00,100 גרם,false,,24.90,0.0830,true,1,1015276
7290003229154,false,נקניק סלמי קוניאק טירת צבי 300 גרם,הנסיך- מפעל לייצור ט,IL,נקניק סלמי קוניאק טי,גרמים,300.00,100 גרם,false,,24.90,0.0830,true,1,1015277
7290003229192,false,נקניק כתף בקר מעושן 2% טירת צבי 400 גרם,טיב טירת צבי 2000,IL,נקניק כתף בקר מעושן,גרמים,400.00,100 גרם,false,,25.90,0.0647,true,1,1015280
7290003229208,false,פסטרמה ספרדית 2% טירת צבי 360 גרם,טירת צבי - מדף,IL,פסטרמה ספרדית 2% טיר,גרמים,360.00,100 גרם,false,,24.90,0.0692,true,1,1015281
7290003229215,false,פסטרמה איטלקית 3.5% טירת צבי 360 גרם,טירת צבי - מדף,IL,פסטרמה איטלקית 3.5%,גרמים,360.00,100 גרם,false,,25.90,0.0719,true,1,1015282
7290003258284,false,"קרם גוף מס' 3 350 מ""ל פנינה רוזנבלום",פנינה רוזנבלום,IL,"קרם גוף מס' 3 350 מ""",מיליליטרים,350.00,"100 מ""ל",false,,28.90,0.0826,true,1,1031094
7290003318827,false,מארז וופל 640 גר רמי לוי,,,מארז וופל 640 גר רמי,גרמים,640.00,100 גרם,false,,12.90,0.0202,true,1,3942864
7290003321155,false,יוגורט בר עם פקאן מצופה שוקולד 183 ג' דנונה,"שטראוס בריאות בע""\מ",IL,יוגורט דנונה ביו עם,מיליליטרים,183.00,"100 מ""ל",false,,4.30,0.0235,true,1,1032526
7290003332007,false,קפה שחור עם הל 250 גרם,סובחי נחלה ובניו,IL,קפה נחלה 250 ג,גרמים,250.00,100 גרם,false,,13.90,0.0556,true,1,2454364
7290003332014,false,קפה נח'לה אדום עם הל500ג,קפה אל נח'לה,IL,קפה נחלה 500 ג,גרמים,500.00,100 גרם,false,,26.90,0.0538,true,1,2454365
7290003332021,false,"קפה נחלה סובחי 1 ק""ג",,,קפה נחלה 1קג,100 קילו,1.00,100 קילו,false,,49.90,49.9000,true,1,2454366
7290003332045,false,קפה נחלה אדום ללא הל 250ג',קפה אל נחלה,IL,קפה נחלה 250 ג בלי ה,גרמים,250.00,100 גרם,false,,13.90,0.0556,true,1,2454367
7290003387205,false,דאו' ספיד סטיק בסיסי ירוק רגיל לגבר 63ג',הנסיך- מפעל לייצור ט,US,דאודורנט ספיד סטיק ר,גרמים,63.00,100 גרם,false,,16.90,0.2683,true,1,1017669
7290003400500,false,חטיף הרשי ריזס נאטרייגיס 47 גרם,ליימן מותגים,US,חטיף קרמל בוטנים בצי,גרמים,47.00,100 גרם,false,,3.90,0.0830,true,1,1100540
7290003401376,false,"קרם לחות ועיצוב לשיער אלוורה נטורל 400 מ""ל",מיוצר עי אמיליה קוסמ,IL,קרם לחות קלאסיק ירוק,מיליליטרים,400.00,"100 מ""ל",false,,19.90,0.0497,true,1,1044641
7290003401420,false,"קרם לחות לשיער סיליקון כתום נטורל 400 מ""ל",מיוצר עי אמיליה קוסמ,IL,קרם לחות לשיער נטורל,מיליליטרים,400.00,"100 מ""ל",false,,19.90,0.0497,true,1,1044642
7290003401635,false,נטורל פורמולה לחות מעצבת לפתיחת תלתלים,מיוצר עי אמיליה קוסמ,IL,נטורל פורמולה לחות מ,מיליליטרים,400.00,"100 מ""ל",false,,20.70,0.0517,true,1,1044643
7290003401642,false,"קרם לחות לתלתלים טבעיים נטורל פורמולה 400 מ""ל",מיוצר עי אמיליה קוסמ,IL,קרם לחות לתלתלים טבע,מיליליטרים,400.00,"100 מ""ל",false,,20.70,0.0517,true,1,1044644
7290003411054,false,שקיות צליה גדול דליקטס רוסטי הנמל 5יח`,סאדאת איסטנבול,TR,שקיות לצליה הנמל 5 י,יח',5.00,יח',false,,3.80,0.7600,true,1,1026492
7290003411276,false,עמבה הודית מובחרת הנמל 600ג',טרופיקל דגיל תעשיות,IL,עמבה הנמל 500 גרם,גרמים,500.00,100 גרם,false,,9.90,0.0198,true,1,1026495
7290003414406,false,הרשי ריזס נטיפי אפייה בוטנים 283 גר',ליימן מותגים,US,*מבצע* ריזס נטיפים ל,גרמים,283.00,100 גרם,false,,11.90,0.0420,true,1,1197641
7290003423909,false,חטיף קוקיס אנד קרים לבן 43 גרם,ליימן מותגים,US,חטיף שוקולד לבן עם ש,יח',1.00,יח',false,,3.90,3.9000,true,1,1089957
7290003427154,false,"שמן זית כתית מעולה טעם מעודן זיתא 750 מ""ל",זיתא תעשיות שמן זיתt\,IL,שמן זית כתית מעולה ט,מיליליטרים,750.00,"100 מ""ל",false,,32.90,0.0439,true,1,1027234
7290003438006,false,ממרח אולביה פסטו וצנובר איטלקי 190ג',מיוצר עי קונדיטוריית,IL,ממרח פסטו איטלקי,גרמים,190.00,100 גרם,false,,12.90,0.0679,true,1,1013524
7290003438013,false,ממרח זיתים ירוקים אוליביה 190 גרם,קריות זול,IL,ממרח זיתים ירוקים,גרמים,190.00,100 גרם,false,,12.90,0.0679,true,1,1013525
7290003438020,false,ממרח עגבניות מיובשות אוליביה 190 גרם,מיוצר עי קונדיטוריית,IL,ממרח עגבניות מיובשות,גרמים,190.00,100 גרם,false,,12.90,0.0679,true,1,1013526
7290003438990,false,עיטורי עגבניות מיובשות וזיתים אוליביה 280 ג',אוליביה גורמה בעמ,IL,עיטורי עגבניות,גרמים,280.00,100 גרם,false,,15.90,0.0568,true,1,1013538
7290003444009,false,הרשי ריזס חטיף במילוי בוטנים 42 גרם,ליימן מותגים,US,שוקולד חלב במילוי חמ,יח',1.00,יח',false,,3.90,3.9000,true,1,1089958
7290003450602,false,ממרח חרדל היינץ לחיץ 255 גרם,היינץ צפון אמריקה מקבוצת ה.י.היינץ,US,חרדל לחיץ 255 גרם,גרמים,255.00,100 גרם,false,,7.50,0.0294,true,1,1027813
7290003451548,false,פורל טרי,,,פורל טרי,קילוגרמים,1.00,"ק""ג",true,,69.90,69.9000,true,1,6230498
7290003457991,false,טילון קורנטו וניל עם וופל ואגוזי לוז מסוכרים,"גלידת שטראוס בע""\מ, רחוב",IL,טילון קורנטו קלאסיקו,גרמים,300.00,100 גרם,false,,25.90,0.0863,true,1,1030934
7290003521074,false,"ד""ר פישר - סרקל מרכך שיער לילדים 1 ליטר",פישר מעבדות פרמצבטיות בע,IL,סרקל מעצב ליטר,ליטרים,1.00,ליטר,false,,28.90,28.9000,true,1,1043660
7290003521081,false,"סרקל שמפו אל דמע לילדים ד""ר פישר 1 ליטר",פישר מעבדות פרמצבטיות בע,IL,סרקל שמפו ליטר,ליטרים,1.00,ליטר,false,,28.90,28.9000,true,1,1043661
7290003521197,false,"ד""ר פישר - סרקל תרסיס מתיר קשרים 340 מ""ל",פישר מעבדות פרמצבטיות בע,IL,"סרקל מתיר קשרים 340מ""ל",מיליליטרים,325.00,"100 מ""ל",false,,22.90,0.0705,true,1,1043664
7290003521203,false,"סרקל שמפו לשיער לילדים אל דמע ד""ר פישר 2 ליטר","ד""ר פישר Dr fischer",IL,סרקל שמפו 2 ליטר,ליטרים,2.00,ליטר,false,,39.90,19.9500,true,1,1043665
7290003521210,false,"סרקל מרכך לשיער לילדים ד""ר פישר 2 ליטר",פישר מעבדות פרמצבטיות,IL,סרקל מעצב 2 ליטר,ליטרים,2.00,ליטר,false,,39.90,19.9500,true,1,1043666
7290003521340,false,"קמיל בלו אל סבון קלאסיק ד""ר פישר 2 ליטר",פישר מעבדות פרמצבטיות בע,IL,קמיל בלו קלאסיק 2 ליטר,ליטרים,2.00,ליטר,false,,33.90,16.9500,true,1,1043667
7290003521395,false,"קמיל בלו סנסיטיב אל סבון ד""ר פישר 2 ליטר",פישר מעבדות פרמצבטיות בע,IL,קמיל בלו סנסיטיב אל סבון,ליטרים,2.00,ליטר,false,,34.90,17.4500,true,1,1043669
7290003525478,false,סלט טונה ויליגר 160 גרם,"ויליגר, תעשיות בע""מ",IL,סלט טונה ויליגר 160,גרמים,160.00,100 גרם,false,,4.90,0.0306,true,1,1024576
7290003525898,false,שלישיית סלט טונה ויליגר 160 גרם,נטו מלינדה,,סלט טונה 160 גרם,גרמים,160.00,100 גרם,false,,14.90,0.0931,true,1,1024578
7290003525904,false,שלישיית סלט טונה פיקנטי ויליגר 160 גרם,ויליגר,,סלט טונה פיקנטי וילי,גרמים,480.00,100 גרם,false,,14.90,0.0310,true,1,1024579
7290003550753,false,רביעיית טונה בשמן פוסידון 108 גרם,"מיוצר עי וליגר בעמ,",IL,טונה פוסידון בשמן 4*,גרמים,308.00,100 גרם,false,,19.90,0.0646,true,1,1024596
7290003550937,false,רגל פרוסה קפואה במגש,טיבון ויל - נטו,IL,רגל קפוא בקר פרוסה נ,קילוגרמים,1.00,"ק""ג",true,,34.90,34.9000,true,1,1024321
7290003569021,false,כרובית ארוזה יח' רמי לוי,,,כרובית ארוזה יח' רמי,יח',1.00,יח',false,,6.80,6.8000,true,1,2350476
7290003578108,false,חתיכות אננס בסירופ קל וילי פוד 850 גרם,טקרנג פינאפל אינדסטר,TH,אננס חתוך ויליפוד 85,גרמים,850.00,100 גרם,false,,8.90,0.0105,true,1,1026859
7290003578177,false,תירס צעיר שלם וילי פוד 210 גרם,מגסטיק פוד אידסטרי ק,TH,תירס צעיר שלם וילי פ,גרמים,210.00,100 גרם,false,,6.50,0.0310,true,1,1026864
7290003578412,false,לפתן חצאי אפרסק 820 גרם ויליפוד,וילי פוד,GR,אפרסקים וילי פוד 470,גרמים,470.00,100 גרם,false,,9.90,0.0211,true,1,1026869
7290003578672,false,ויליפוד שמן חמניות 1 ליטר{בית יוסף},וילי פוד,TR,ויליפוד שמן חמניות 1,ליטרים,1.00,ליטר,false,,8.90,8.9000,true,1,6334042
7290003643004,false,"סוגת אורז בסמטי קלאסי 1 ק""ג",האי נאם סי או אל.טי.,IL,סוגת אורז בסמטי קלאס,גרמים,1000.00,100 גרם,false,,12.90,0.0129,true,1,1022466
7290003643387,false,"סוכר לבן בצנצנת 1 ק""ג סוגת",האי נאם סי או אל.טי.,IL,סוכר לבן בצנצנת 1 קג,גרמים,1000.00,100 גרם,false,,7.90,0.0079,true,1,1022479
7290003643646,false,"סוכר דמררה קלאסי בצנצנת סוגת 1 ק""ג",האי נאם סי או אל.טי.,IL,סוכר חום דמררה צנצנת 1 קג,יח',1.00,יח',false,,12.90,12.9000,true,1,1022480
7290003643684,false,אפונה יבשה סוגת 500 גר',האי נאם סי או אל.טי.,IL,אפונה 500 גר,גרמים,500.00,100 גרם,false,,5.90,0.0118,true,1,1022481
7290003643714,false,חומוס גרגירים 500 גרם סוגת,האי נאם סי או אל.טי.,IL,חומוס 500 גר,גרמים,500.00,100 גרם,false,,7.80,0.0156,true,1,1022483
7290003643738,false,סוגת חיטה 500 גרם,האי נאם סי או אל.טי.,IL,חיטה 500 גר,גרמים,500.00,100 גרם,false,,4.50,0.0090,true,1,1022484
7290003643745,false,סוגת כוסמת 500 גרם,האי נאם סי או אל.טי.,IL,כוסמת 500 גר,גרמים,500.00,100 גרם,false,,6.90,0.0138,true,1,1022485
7290003643752,false,עדשים ירוקים יבש סוגת 500 גר',האי נאם סי או אל.טי.,IL,עדשים ירוקים 500 גר,גרמים,500.00,100 גרם,false,,6.90,0.0138,true,1,1022486
7290003643776,false,"פופקורן גרעינים סוגת 500 ג' כשל""פ",האי נאם סי או אל.טי.,IL,פופקורן 500 גר,גרמים,500.00,100 גרם,false,,5.50,0.0110,true,1,1022488
7290003643806,false,שעועית לבנה יבשה סוגת 500 ג',האי נאם סי או אל.טי.,IL,שעועית לבנה 500 גר,גרמים,500.00,100 גרם,false,,10.90,0.0218,true,1,1022490
7290003643813,false,שעועית אדומה יבשה סוגת 500 גר',האי נאם סי או אל.טי.,IL,שעועית אדומה 500 גר,גרמים,500.00,100 גרם,false,,10.90,0.0218,true,1,1022491
7290003680184,false,מסחטה פלסטיק רגילה,,,מסחטת מיץ,יח',1.00,יח',false,,7.90,7.9000,true,1,1826600
7290003680283,false,תבנית אחסון הרמטית,,,תבנית אחסון הרמטית,יח',1.00,יח',false,,9.90,9.9000,true,1,1809084
7290003680412,false,נפנף,,,נפנף,יח',1.00,יח',false,,3.50,3.5000,true,1,6299313
7290003681242,false,זעתר בצנצנת מיה 50 גרם,מיה תעשיות מזון מ.ת.מ. ב,IL,זעתר מיה 50 גרם,גרמים,50.00,100 גרם,false,,5.80,0.1160,true,1,1023992
7290003681303,false,שעועית מעורבת יבשה מיה 500 גר',מיה תעשיות מזון מ.ת.מ. ב,IL,שעועית מעורבת מיה 50,גרמים,500.00,100 גרם,false,,9.90,0.0198,true,1,1023995
7290003681693,false,חומוס לבן ענק יבש מיה 500 גר',מיה תעשיות מזון מ.ת.מ. ב,IL,חומוס לבן ענק מיה 50,גרמים,500.00,100 גרם,false,,9.90,0.0198,true,1,1024013
7290003681716,false,גריסי פנינה מיה 500 גרם,מיה תעשיות מזון מ.ת.מ. ב,IL,גריסי פנינה מיה 500,גרמים,500.00,100 גרם,false,,4.50,0.0090,true,1,1024015
7290003681754,false,אבקת קארי בצנצנת מיה 80 גרם,מיה תעשיות מזון מ.ת.מ. ב,IL,תבלין קארי מיה 80 גר,גרמים,80.00,100 גרם,false,,5.80,0.0725,true,1,1024019
7290003681761,false,גבישי שום בצנצנת מיה 80 גרם,מיה תעשיות מזון מ.ת.מ. ב,IL,גבישי שום מיה 80 גרם,גרמים,80.00,100 גרם,false,,8.90,0.1113,true,1,1024020
7290003681945,false,"מיץ לימון סחוט רכיבים טבעיים מיה 500 מ""ל",מיה,IL,מיץ לימון סחוט רכיבי,מיליליטרים,500.00,"100 מ""ל",false,,8.90,0.0178,true,1,1024028
7290003719259,false,"ליבו לחם טבעי אקסקלוסיבי 1 ק""ג",מאפית י את א ברמן בע,IL,לחם ליבו אקסלוסיבי 1,100 לקג,1.00,100 לקג,false,,15.80,15.8000,true,1,5049542
7290003726141,false,טופו אמיתי כפרי בריא 300 גרם,ג'נרל מילס סאן אדריא,IL,טופו אמיתי כפרי בריא,גרמים,300.00,100 גרם,false,,9.90,0.0330,true,1,1021245
7290003726615,false,"טופו ויילר 300 גרם ""שטראוס""",הדקלאים אגודת שיתופי,IL,טופו ויילר 300 גר,יח',1.00,יח',false,,10.90,10.9000,true,1,5590706
7290003726806,false,שניצל טופו עם ברוקולי 420 גר,משק ויילר,IL,שניצל טופו עם ברוקול,גרמים,420.00,100 גרם,false,,26.90,0.0640,true,1,6387049
7290003781652,false,צלפים במי מלח וילי פוד 230 גרם,קריות זול,TR,צלפים במי מלח וילי פ,גרמים,230.00,100 גרם,false,,8.90,0.0387,true,1,1026877
7290003781850,false,גבינת קשקבל פרוסות 200 גרם - דיספליי (18),סאסו פטוראגס קומטויס אף,TR,גבינת קשקבל פרוסות 2,יח',1.00,יח',false,,19.90,19.9000,true,1,6299998
7290003804252,false,תיבולית קנור בנוסח הודי 72 גרם,יוניליוור ישראל מזון בע\,IL,תיבולית הודי קנור 72,גרמים,72.00,100 גרם,false,,7.40,0.1028,true,1,1022103
7290003804320,false,תיבולית שום ופטרוזיליה קנור 72 גרם,יוניליוור ישראל מזון בע\,IL,תיבולית שום ופטרוזיל,גרמים,80.00,100 גרם,false,,7.40,0.0925,true,1,1022104
7290003804368,false,"תיבוליות בזיליקום קנור 72 גרם בד""צ",יוניליוור ישראל מזון בע\,IL,תיבולית בזיליקום קנו,גרמים,72.00,100 גרם,false,,7.40,0.1028,true,1,1022107
7290003804382,false,"תיבוליות פטריות קנור 72 גרם בד""צ",יוניליוור ישראל מזון בע\,IL,תיבולית פטריות קנור,גרמים,72.00,100 גרם,false,,7.40,0.1028,true,1,1022109
7290003805501,false,"פתית בסגנון שוודי תלמה בד""צ 300 גרם",יוניליוור ישראל מזון בע\,IL,פתית שוודי תלמה 300,גרמים,300.00,100 גרם,false,,14.90,0.0497,true,1,1022118
7290003805587,false,"פתית חיטה מלאה בד""צ 250 גרם-קופסא",יוניליוור ישראל מזון בע\,IL,פתית חיטה מלאה תלמה,גרמים,250.00,100 גרם,false,,14.90,0.0596,true,1,1022125
7290003807178,false,"רוטב קנור סויה בסגנון סיני 300 מ""ל",יוניליוור ישראל מזון בע\,IL,רוטב סויה בסגנון סינ,מיליליטרים,300.00,"100 מ""ל",false,,9.90,0.0330,true,1,1022133
7290003864478,false,סרדינים בשמן צמחי פתח קל ויליפוד 110 גרם,גולדן פרייז קאנינג א,TH,סרדין בשמן צמחי 110ג,גרמים,85.00,100 גרם,false,,4.90,0.0576,true,1,1026880
7290003864485,false,סרדינים ברוטב עגבנ יות ויליפוד 110ג' פתח קל,גולדן פרייז קאנינג א,TH,סרדין ברוטב עגבניות,גרמים,85.00,100 גרם,false,,4.90,0.0576,true,1,1026881
7290003864492,false,סרדינים בשמן צמחי חריף פתח קל ויליפוד 110ג',גולדן פרייז קאנינג א,TH,סרדין בשמן צמחי חריף,גרמים,85.00,100 גרם,false,,4.90,0.0576,true,1,1026882
7290003882922,false,עלי גפן ממולאים באורז וילי פוד 360 גרם,הזה פלאקספו פוד קו ב,CN,עלי גפן ממולאים באור,גרמים,360.00,100 גרם,false,,8.50,0.0236,true,1,1026887
7290003903771,false,קפה נמס קפוצ'ינו רגיל 200 ג',שטראס קפה בי.וי,IL,קפוצ'ינו 200 גרם,גרמים,200.00,100 גרם,false,,23.90,0.1195,true,1,1018443
7290003976751,false,מילוי למטהר אויר אוטמטי 250 מל,,,מילוי למטהר אויר אוט,יח',1.00,יח',false,,8.90,8.9000,true,1,6246243
7290003976799,false,ג'ל מסיר כתמים 3 ליטר,,,ג'ל מסיר כתמים 3 ליט,יח',1.00,יח',false,,23.90,23.9000,true,1,6240064
7290003989096,false,סלט חצילים פיקנטי אחלה 500 גרם,מיוצר עי קונדיטוריית,IL,סלט חצילים פיקנטי אח,גרמים,500.00,100 גרם,false,,14.90,0.0298,true,1,1032528
7290003989539,false,לורנצו רביולי במילוי גבינה,מיוצר עי קונדיטוריית,IL,פסטה רביולי גבינה 40,גרמים,400.00,100 גרם,false,,19.80,0.0495,true,1,1032529
7290003989553,false,פסטה טורטליני גבינה ופטריות 400 גרם,מיוצר עי קונדיטוריית,IL,פסטה טורטליני גבינה,גרמים,400.00,100 גרם,false,,19.80,0.0495,true,1,1032530
7290003996018,false,חסה ערבית (שקית ) חסלט,נסטלה קוריאה - קפה,IL,חסה ערבית (שקית ) חס,יח',1.00,יח',false,,7.80,7.8000,true,1,1034322
7290003996049,false,פטרוזיליה טרי ארוז חסלט,נסטלה שוויץ - רורשאך,IL,פטרוזיליה (שקית ) חס,יח',1.00,יח',false,,6.80,6.8000,true,1,1034323
7290003996056,false,כוסברה חסלט כפרי טרי,יעל ירק עלים,IL,כוסברה (שקית) חסלט,יח',1.00,יח',false,,6.80,6.8000,true,1,1034324
7290003996063,false,שמיר חסלט כפרי טרי,יעל ירק עלים,IL,שמיר (שקית ) חסלט,יח',1.00,יח',false,,6.80,6.8000,true,1,1034325
7290003996087,false,בצל ירוק חסלט כפרי טרי,יעל ירק עלים,IL,בצל ירוק(שקית ) חסלט,יח',1.00,יח',false,,7.80,7.8000,true,1,1034327
7290003996094,false,סלרי אמריקאי חסלט כפרי טרי,יעל ירק עלים,IL,סלרי (שקית )חסלט,יח',1.00,יח',false,,7.80,7.8000,true,1,1034328
7290003996124,false,"כרוב אדום שלם 1 ק""ג חסלט",יעל ירק עלים,IL,כרוב אדום שלם חסלט,קילוגרמים,1.00,"ק""ג",true,,15.50,15.5000,true,1,1034331
7290003996742,false,עלי סלק תרדי מהדרין כפרי טרי חסלט 200 גרם,סוגת תעשיות בעמ,IL,עלי תרד מגשית חסלט,גרמים,200.00,100 גרם,false,,12.80,0.0640,true,1,1034347
7290004011277,false,"בסיס לבישול והקרמה צמחי ריצ' 220 מ""ל","אינסטנטה בע""מ",US,בסיס לבישול והקרמה צ,מיליליטרים,220.00,"100 מ""ל",false,,7.90,0.0359,true,1,1024604
7290004011284,false,"ריץ' בסיס להכנת קצפת 212 מ""ל",ריצ' פרודקטס קורפריי,US,בסיס להכנת קצפת ריצ',מיליליטרים,212.00,"100 מ""ל",false,,6.90,0.0325,true,1,1024605
7290004011338,false,"ספריי קצפת מתוקה מוכנה ריץ' 250 מ""ל",האי נאם סי או אל.טי.,IT,ספריי קצפת מתוקה מוכ,מיליליטרים,250.00,"100 מ""ל",false,,8.90,0.0356,true,1,1024607
7290004011345,false,"ספריי קצפת מתוקה מוכנה פרווה ריץ' 238 מ""ל",האי נאם סי או אל.טי.,IT,ספריי קצפת מתוקה מוכ,מיליליטרים,238.00,"100 מ""ל",false,,8.90,0.0374,true,1,1024608
7290004011796,false,קבבונים בקר קפוא אל גאוצ''ו 400ג',"טיבון ויל אחזקות בע""",IL,קבבונים אל גאוצ'ו 40,גרמים,45.00,100 גרם,false,,22.90,0.5089,true,1,1024615
7290004011802,false,צ'וריסוס אל גאוצ'ו 400 גרם,טיבון ויל אחזקות בעמ,IL,צ'וריסוס אל גאוצ'ו 4,גרמים,400.00,100 גרם,false,,23.90,0.0597,true,1,1024616
7290004011819,false,המבורגר ריב אנטריקוט אל גאוצ'ו 360 גרם,האי נאם סי או אל.טי.,IL,המבורגר ריב אנטריקוט,גרמים,360.00,100 גרם,false,,21.90,0.0608,true,1,1024617
7290004011826,false,מיני המבורגר ריב אנטריקוט,טיבון ויל אחזקות בעמ,IL,מיני המבורגר ריב 320,גרמים,320.00,100 גרם,false,,21.90,0.0684,true,1,1024618
7290004014407,false,עדשי מ&מ'ס חמאת בוטנים46,מרס נדרלנד,US,אמ אנד אם חטיף 46 גר,גרמים,46.00,100 גרם,false,,4.90,0.1065,true,1,1304114
7290004022309,false,עדשי מ&מ'ס חמאת בוטנים80,מרס,GB,אם אנד אם חמאת בוטני,גרמים,80.00,100 גרם,false,,5.90,0.0738,true,1,2270454
7290004023041,false,"לחם שיפון ללא שמרים ד""ר מרק 750 גר'",המאפה של דר מרק בריא,IL,לחם מחמצת שיפון 750,גרמים,750.00,100 גרם,false,,13.90,0.0185,true,1,5970577
7290004026035,false,סוכריות פרוט ביי דה פוט פירות יער 105 גר,לואקר,,סוכריות מטר בטעמים,יח',1.00,יח',false,,9.90,9.9000,true,1,1028430
7290004026776,false,לחם מחמצת אגוזים וצימוקים,פילסברי,,לחם מחמצת אגוזים וצי,יח',1.00,יח',false,,16.90,16.9000,true,1,6297361
7290004030018,false,"מיץ לימון סחוט לסלטים 500 מ""ל פרי העץ",הנסיך- מפעל לייצור ט,IL,מיץ לימון סחוט רכיבי,מיליליטרים,500.00,"100 מ""ל",false,,6.40,0.0128,true,1,1043086
7290004030100,false,מיץ תפוזים סחוט ולנסיה 1 ליטר,פרי ניב,IL,מיץ תפוזים ולנסיה סח,מטרים,1000.00,100 מ'ל,false,,15.80,0.0158,true,1,6205884
7290004030216,false,משקה בטעם חמוציות 1 ליטר פריניב,פריניב בעמ,IL,*מבצע* נקטר חמוציות,100 מל,1000.00,100 מל,false,,8.90,0.0089,true,1,1043091
7290004030223,false,מיץ תפוחים סחוט רכיבים טבעיים 100% פרי ניב 1 ליטר,פריניב בעמ,IL,מיץ תפוחים סחוט רכיב,ליטרים,1.00,ליטר,false,,16.90,16.9000,true,1,1043092
7290004030377,false,מיץ לימון לתיבול רמי לוי 500 מל,,,מיץ לימון לתיבול רמי,מיליליטרים,500.00,"100 מ""ל",false,,5.50,0.0110,true,1,6275976
7290004030612,false,"מיץ תפוח, קיווי אגס ללא תוספת סוכר 1 ליטר פרי ניב",פריניב בעמ,IL,מיץ תפוח קיווי אגס,ליטרים,1.00,ליטר,false,,13.90,13.9000,true,1,1100933
7290004033705,false,הבורגריה – 6 לחמניות המבורגר בשקית,מאפית י את א ברמן בע,IL,לחמניות המבורגר ביג,יח',1.00,יח',false,,12.90,12.9000,true,1,6305322
7290004033712,false,לחם עננים מקמח מלא עם פרוסות עבות,מאפית י את א ברמן בע,IL,לחם עננים מקמח מלא 7,גרמים,750.00,100 גרם,false,,14.90,0.0199,true,1,6305323
7290004033729,false,לחם עננים מקמח כוסמין עם פרוסות עבות,מאפית י את א ברמן בע,IL,לחם עננים כוסמין 750,גרמים,750.00,100 גרם,false,,15.90,0.0212,true,1,6305324
7290004033736,false,"עננים לחם לבן בסגנון בריוש עם פרוסות עבות, 500 גרם",מאפית י את א ברמן בע,IL,לחם עננים סגנון בריו,גרמים,500.00,100 גרם,false,,13.90,0.0278,true,1,6342791
7290004033750,false,לחמניות עננים סגנון בריוש,מאפית י את א ברמן בע,IL,לחמניות עננים סגנון,100 יח',125.00,100 יח',false,,13.90,0.1112,true,1,6437149
7290004034610,false,המבורגר ריב אנטריקוט 360ג רמילוי,,,המבורגר ריב אנטריקוט,גרמים,360.00,100 גרם,false,,26.90,0.0747,true,1,4690929
7290004034627,false,קבב 400גר קפוא מחפוד רמילוי,,,קבב 400גר קפוא מחפוד,גרמים,360.00,100 גרם,false,,26.90,0.0747,true,1,4690930
7290004034658,false,סטייק אנטריקוט קפוא,,,סטייק אנטריקוט קפוא,קילוגרמים,1.00,"ק""ג",true,,129.90,129.9000,true,1,4691111
7290004043108,false,עדשי מ&מ'ס שוקולד 89 גרם,מרס,US,אם אנד אם שוקולד 89,גרמים,89.00,100 גרם,false,,5.90,0.0663,true,1,2270455
7290004043205,false,עדשי שוק.מ&מ'ס בוטנים90ג,מרס,US,אם אנד אם בוטנים 93,גרמים,93.00,100 גרם,false,,5.90,0.0634,true,1,2346131
7290004061449,false,טופ שף שניצל אמרקאי 700 גר,ויטה,,טופ שף שניצל אמרקאי,גרמים,700.00,100 גרם,false,,11.50,0.0164,true,1,6220679
7290004061487,false,טבעות עוף 700 גר,פרסקו,,טבעות עוף 700,גרמים,700.00,100 גרם,false,,11.50,0.0164,true,1,6220680
7290004063092,false,"מלח הארץ מלח מדיח 2 ק""ג","מלח הארץ אילת בע""מ",,מלח הארץ מלח מדיח 2,קילוגרמים,2.00,"ק""ג",false,,11.90,5.9500,true,1,1027240
7290004064099,false,מטחנה מלח ים מהרי ההימלאיה מלח הארץ 100 גרם,"חברת מלח הארץ אילת בע""\מ",IL,מטחנה מלח מהרי האימל,גרמים,250.00,100 גרם,false,,15.90,0.0636,true,1,1497820
7290004064105,false,מטחנה מלח עשבי תיבול מלח הארץ 100 גרם,חברת מלח הארץ אילת ב,IL,מטחנה מלח עשבי תיבול,גרמים,250.00,100 גרם,false,,15.90,0.0636,true,1,1497821
7290004064174,false,"תבלין מלח ההימלאיה דק בצנצנת 1 ק""ג","חברת מלח הארץ אילת בע""\מ",PK,מלח הימלאיה דק צנצנת,100 קילו,1.00,100 קילו,false,,14.90,14.9000,true,1,3426463
7290004064181,false,"תבלין מלח ההימלאיה גס בצנצנת 1 ק""ג","חברת מלח הארץ אילת בע""\מ",PK,מלח הימלאיה גס צנצנת,100 קילו,1.00,100 קילו,false,,14.90,14.9000,true,1,3426464
7290004064198,false,מטחנת מלח ספייסי- אקסטרא תבלינים 115 ג',"מלח הארץ אילת בע""מ",IL,מטחנת מלח אקסטרא ספי,גרמים,115.00,100 גרם,false,,15.90,0.1383,true,1,4890736
7290004064297,false,"מלח מועשר ביוד בצנצנת מלח הארץ 1 ק""ג","חברת מלח הארץ אילת בע""\מ",IL,מלח מועשר ביוד צנצנת,גרמים,1000.00,100 גרם,false,,8.90,0.0089,true,1,5608963
7290004064303,false,מלח אטלנטי בצנצנת מלח הארץ 800 גרם,"חברת מלח הארץ אילת בע""\מ",FR,מלח אטלנטי צנצנת 800,גרמים,800.00,100 גרם,false,,17.90,0.0224,true,1,5608964
7290004064310,false,מלח פלוס בצל מלחייה מלח הארץ 175 גרם,"חברת מלח הארץ אילת בע""\מ",IL,מלח פלוס בצל מלחייה,גרמים,175.00,100 גרם,false,,9.90,0.0566,true,1,6309069
7290004064358,false,"מלח דק זורם בקלות מלח הארץ קרטון 1 ק""ג","חברת מלח הארץ אילת בע""\מ",IL,מלח דק קרטון 1קג,גרמים,1000.00,100 גרם,false,,4.90,0.0049,true,1,6126109
7290004064365,false,"מלח דק מועשר ביוד מלח הארץ קרטון 1 ק""ג","חברת מלח הארץ אילת בע""\מ",IL,מלח דק מועשר ביוד קר,גרמים,1000.00,100 גרם,false,,5.90,0.0059,true,1,6126110
7290004064389,false,מלח הימלאייה דק מלחייה 250 גרם,"חברת מלח הארץ אילת בע""\מ",IL,מלח הימלאיה דק מלחיי,גרמים,250.00,100 גרם,false,,9.90,0.0396,true,1,6280720
7290004064457,false,"מלח שולחן בשקית 1 ק""ג רמי לוי",,,"מלח שולחן בשקית 1 ק""",קג,1.00,קג,false,,1.50,1.5000,true,1,6387887
7290004064464,false,"מלח גס בשקית 1 ק""ג רמי לוי",,,"מלח גס בשקית 1 ק""ג ר",קילוגרמים,1.00,"ק""ג",false,,1.50,1.5000,true,1,6432308
7290004068011,false,יוגורט כבשים בדלי 5% שומן 600 ג' גד,"מיוצר ע""י קוד יצרן M",IL,יוגורט כבשים מחלבות,מיליליטרים,600.00,"100 מ""ל",false,,16.90,0.0282,true,1,1021246
7290004068028,false,"ציזיקי יוגורט לשתיה גד 500 מ""ל",מיוצר על ידי קוד יצר,IL,משקה ציזיקי גד 500 מ,מיליליטרים,500.00,"100 מ""ל",false,,7.90,0.0158,true,1,1021247
7290004068035,false,"יוגורט לשתייה איירן 3% גד 500 מ""ל","מיוצר ע""י קוד יצרן M",IL,איירן 500מל,מיליליטרים,500.00,"100 מ""ל",false,,7.90,0.0158,true,1,1021248
7290004068172,false,יוגורט עזים בדלי 5% שומן 600 ג' גד,קוד יצרן MKN,IL,יוגורט עזים דלי 600ג,גרמים,600.00,100 גרם,false,,16.90,0.0282,true,1,1021250
7290004068332,false,קממבר בקר משולשים במשקל,מחלבות גד,IL,קממבר בקר משולש שקיל,קילוגרמים,1.00,"ק""ג",true,,105.00,105.0000,true,1,4416597
7290004078270,false,נוזל לניקוי כלים בריח לימון פלמוליב 1 ליטר,יבואן ומשווק: ש. שסט,GR,נוזל לניקוי כלים ברי,ליטרים,1.00,ליטר,false,,13.90,13.9000,true,1,1017706
7290004078690,false,"אגקס נוזל לניקוי אסלות מרענן 750 מ""ל",הנסיך- מפעל לייצור ט,GR,אג'קס נוזל לניקוי אס,מיליליטרים,750.00,"100 מ""ל",false,,14.90,0.0199,true,1,1017709
7290004078942,false,ליידי ספיד סטיק - דאודורנט ג'ל לאישה 65 גרם,קולגייט-פלמוליב,US,דאודורנט ג'ל פרש ליי,גרמים,63.00,100 גרם,false,,14.90,0.2365,true,1,1017710
7290004119133,false,כד יוגורט תנובה 6.5% שומן 1.5 ליטר,מיוצר עי קונדיטוריית,IL,יוגורט תנובה 6.5% כד,ליטרים,1.50,ליטר,false,,15.90,10.6000,true,1,1015874
7290004119225,false,יופלה יוגורט אננס %3 גביע 150 גרם,תנובה מרכז שיתופי לש,IL,יופלה יוגורט אננס %3,מיליליטרים,150.00,"100 מ""ל",false,,4.70,0.0313,true,1,1015875
7290004119928,false,מעדן חלב בטעם וניל 2% קרלו תנובה 125 גרם,מחלבת אלון תבור,IL,קרלו מעדן וניל גביע,מיליליטרים,125.00,"100 מ""ל",false,,2.80,0.0224,true,1,1015878
7290004119973,false,קרלו מעדן שוקו רביעיה גביע 1.5% 125 גרם,תנובה מרכז שיתופי לש,IL,קרלו מעדן שוקולד 2%,מיליליטרים,125.00,"100 מ""ל",false,,2.80,0.0224,true,1,1015879
7290004120061,false,מעדן חלב בטעם שוקו וניל שוניל 2% קרלו 125 גרם,תנובה מרכז שיתופי לש,IL,קרלו שוניל 1.5% 125,מיליליטרים,125.00,"100 מ""ל",false,,2.90,0.0232,true,1,1015880
7290004120108,false,יופלה דיאט יוגורט דובדבן %0 גביע 150גרם,תנובה מרכז שיתופי לש,IL,יופלה דיאט יוגורט דו,מיליליטרים,150.00,"100 מ""ל",false,,4.70,0.0313,true,1,1015881
7290004120566,false,פיראוס 24% גבינה בולגרית 250 גרם,תנובה חלב,IL,פיראוס בולגרית גביע,גרמים,250.00,100 גרם,false,,19.90,0.0796,true,1,1015885
7290004120573,false,פיראוס 16% גבינה בולגרית 250 גרם,תנובה מרכז שיתופי לש,IL,פיראוס בולגרית גביע,גרמים,250.00,100 גרם,false,,19.90,0.0796,true,1,1015886
7290004120634,false,גבינה פיראוס בולגרית 5% 250 גרם,תנובה מרכז שיתופי לש,IL,פיראוס בולגרית גביע,גרמים,250.00,100 גרם,false,,19.90,0.0796,true,1,1015887
7290004120832,false,"חלב 2 ליטר 3% כד ""תנובה""- מוצר בפיקוח",תנובה מרכז שיתופי לש,IL,חלב תנובה טרי %3 כד,ליטרים,2.00,ליטר,false,,12.40,6.2000,true,1,1015889
7290004121488,false,יופלה דיאט אפרסק 0% גביע 150 גרם,תנובה מרכז שיתופי לש,IL,יופלה דיאט אפרסק 0%,מיליליטרים,150.00,"100 מ""ל",false,,4.70,0.0313,true,1,1015890
7290004121525,false,יופלה מאגדת פרי 4 תות 4 אפרסק 3% 8 יח'*150 ג',תנובה מרכז שיתופי לש,IL,מאגדת שמיניה יופלה פ,ליטרים,1.20,ליטר,false,,27.90,23.2500,true,1,1015891
7290004121754,false,יוגורט ביו עוגת גבינה ותות 3% יופלה 150 גרם,תנובה חלב,IL,יופלה יוגורט עוגת גב,מיליליטרים,150.00,"100 מ""ל",false,,4.80,0.0320,true,1,1015893
7290004121839,false,גבינת פטה כבשים 20% פיראוס 250 גרם,תנובה מרכז שיתופי לש,IL,פיראוס פטה כבשים 20%,גרמים,250.00,100 גרם,false,,24.90,0.0996,true,1,1015895
7290004121853,false,גבינה בולגרית פיראוס 5% קוביות 200 גרם,תנובה מרכז שיתופי לש,IL,פיראוס קוביות בולגרי,גרמים,200.00,100 גרם,false,,19.90,0.0995,true,1,1015896
7290004122119,false,פתיתי פרמזן לפסטה 23% השף הלבן 100 גרם,פ.פ.ח. שאביט,IL,פתיתי פרמזן לפסטה 10,גרמים,100.00,100 גרם,false,,10.90,0.1090,true,1,1015900
7290004122195,false,גוש חלב גבינה צהובה פרוסה 28% תנובה 200 גרם,תנובה חלב,IL,גוש חלב פרוס 200 %28,גרמים,200.00,100 גרם,false,,12.90,0.0645,true,1,1015901
7290004122270,false,עמק קלאסית פרוסות גבינה חצי קשה 28% 200 גרם,תנובה מרכז שיתופי לש,IL,עמק פרוס בקופסא 200,גרמים,200.00,100 גרם,false,,15.80,0.0790,true,1,1015902
7290004122348,false,גבינת עמק לייט פרוס בקופסא 200 גרם,תנובה מרכז שיתופי לש,IL,עמק לייט פרוס 200 גר,גרמים,200.00,100 גרם,false,,16.60,0.0830,true,1,1015904
7290004122607,false,גבינת עמק לייט 9% במשקל,תנובה מרכז שיתופי לש,IL,עמק לייט 9%- חריץ,קילוגרמים,1.00,"ק""ג",true,,70.00,70.0000,true,1,1015523
7290004122676,false,גבינת חמד לייט 5% פיראוס 250 ג',"תנובה,מחלבת טנא נוגה",IL,פיראוס חמד לייט 5% 2,גרמים,250.00,100 גרם,false,,17.50,0.0700,true,1,1015908
7290004124205,false,יופלה דיאט יוגורט תות %0 גביע 150 גרם,תנובה מרכז שיתופי לש,IL,יופלה דיאט יוגורט תו,מיליליטרים,150.00,"100 מ""ל",false,,4.70,0.0313,true,1,1015919
7290004124847,false,"קצפת צמחית השף הלבן 500 מ""ל תנובה",תנובה מרכז שיתופי לש,IL,קצפת צמחית השף הלבן,מיליליטרים,500.00,"100 מ""ל",false,,13.90,0.0278,true,1,1015920
7290004125370,false,"שמנת חמוצה 9% מופחתת שומן תנובה 200 מ""ל מהדרין",תנובה מרכז שיתופי לש,IL,שמנת אורגינל 9% 200מ,מיליליטרים,200.00,"100 מ""ל",false,,3.50,0.0175,true,1,1015922
7290004125400,false,"אשל שלי מהדרין 200 מ""ל 4.5% ""תנובה""- מוצר בפיקוח",פארייפאבה אגרואינדוס,IL,אשל 4.5% 200מל מהדרי,מיליליטרים,200.00,"100 מ""ל",false,,1.60,0.0080,true,1,1015923
7290004125417,false,"גיל 3% שלי 200 מ""ל ""תנובה"" -מוצר בפיקוח",תנובה מרכז שיתופי לש,IL,גיל 3% 200מל מהדרין,מיליליטרים,200.00,"100 מ""ל",false,,1.50,0.0075,true,1,1015924
7290004125455,false,"שמנת חמוצה 200 מ""ל 15% ""תנובה"" -מוצר בפיקוח",תנובה מרכז שיתופי לש,IL,שמנת אורגינל 15% 200,מיליליטרים,200.00,"100 מ""ל",false,,2.40,0.0120,true,1,1015925
7290004125462,false,"שמנת חמוצה 15% תנובה 500 מ""ל מהדרין",תנובה מרכז שיתופי לש,IL,שמנת אורגינל 15% 500,מיליליטרים,500.00,"100 מ""ל",false,,5.90,0.0118,true,1,1015926
7290004125509,false,"שמנת חמוצה 15% מועשרת תנובה 100 מ""ל",תנובה מרכז שיתופי לש,IL,שמנת חמוצה 15% תנובה,מטרים,100.00,100 מ'ל,false,,1.60,0.0160,true,1,1015927
7290004125578,false,משקה סויה מעושר בסידן תנובה 1ל',תנובה מרכז שיתופי לש,IL,משקה סויה מועשר 1 לי,ליטרים,1.00,ליטר,false,,9.90,9.9000,true,1,1015928
7290004125585,false,משקה סויה בטעם וניל תנובה 1 ליטר,תנובה מרכז שיתופי לש,IL,משקה סויה וניל על הב,ליטרים,1.00,ליטר,false,,9.90,9.9000,true,1,1015929
7290004125721,false,"השף הלבן שמנת עמידה לבישול 15% תנובה 250 מ""ל",תנובה מרכז שיתופי לש,IL,השף הלבן שמנת עמידה,מיליליטרים,250.00,"100 מ""ל",false,,7.90,0.0316,true,1,1015931
7290004125738,false,שמנת מתוקה להקצפה32% 250מל עמיד השף הלבן,תנובה מרכז שיתופי לש,IL,השף הלבן שמנת להקצפה,מיליליטרים,250.00,"100 מ""ל",false,,5.90,0.0236,true,1,1015932
7290004125776,false,גבינה צהובה עמק 28% 400 גרם בקופסא,תנובה חלב,IL,עמק פרוס 28% 400 גרם,גרמים,400.00,100 גרם,false,,27.80,0.0695,true,1,1015933
7290004126674,false,טל העמק פרוסות גבינה חצי קשה לייט %9 200 גרם בקופסא,תנובה מרכז שיתופי לש,IL,טל העמק לייט %9 200,גרמים,200.00,100 גרם,false,,17.90,0.0895,true,1,1015935
7290004126759,false,יוגורט דיאט יופלה פירות יער 150 גרם,תנובה חלב,IL,יופלה דיאט פירות יער,מיליליטרים,150.00,"100 מ""ל",false,,4.80,0.0320,true,1,1015936
7290004127077,false,קוטג תנובה 3% גביע 250 גרם מהדרין,מיוצר עי קונדיטוריית,IL,קוטג תנובה 3% גביע 2,גרמים,250.00,100 גרם,false,,5.40,0.0216,true,1,1015938
7290004127329,false,קוטג תנובה גביע 250 גרם %5 ו.מהדרין,מיוצר עי קונדיטוריית,IL,קוטג תנובה גביע 250,גרמים,250.00,100 גרם,false,,5.50,0.0220,true,1,1015939
7290004127336,false,קוטג תנובה גביע 250 גרם %9 ו.מהדרין,מיוצר עי קונדיטוריית,IL,קוטג תנובה גביע 250,גרמים,250.00,100 גרם,false,,5.40,0.0216,true,1,1015940
7290004127800,false,"גבינה לבנה 500 גרם 5% ""תנובה"" -מוצר בפיקוח",מיוצר עי קונדיטוריית,IL,גבינה לבנה 5% 500 גר,גרמים,500.00,100 גרם,false,,9.70,0.0194,true,1,1015943
7290004127817,false,גבינה לבנה 9% שומן 500 ג' תנובה,מיוצר עי קונדיטוריית,IL,גבינה לבנה 9% 500 גר,גרמים,500.00,100 גרם,false,,8.90,0.0178,true,1,1015944
7290004127862,false,"גבינה לבנה 750 גרם 5% ""תנובה"" - מוצר בפיקוח",תנובה מרכז שיתופי לש,IL,גבינה לבנה 5% 750 גר,גרמים,750.00,100 גרם,false,,14.50,0.0193,true,1,1015945
7290004127916,false,גבינה לבנה 0.5% שומן 500 ג' תנובה,תנובה מרכז שיתופי לש,IL,גבינה לבנה 1/2% תנוב,גרמים,500.00,100 גרם,false,,8.90,0.0178,true,1,1015947
7290004128333,false,לאבנה על בסיס יוגורט %9 שומן 500 ג' פיראוס,תנובה חלב,IL,פיראוס גבינת לאבנה 9,גרמים,500.00,100 גרם,false,,18.90,0.0378,true,1,1015954
7290004128340,false,קרם גבינת שמנת %5 בטעם טבעי 200 ג' תנובה,תנובה חלב,IL,קרם גבינת שמנת %5 בט,גרמים,200.00,100 גרם,false,,10.90,0.0545,true,1,1015955
7290004128364,false,קרם גבינת שמנת 5% עם זיתים ירוקים 200 ג' תנובה,"תנובה, מחלבת תל יוסף",IL,גבינת שמנת בטעם זיתי,גרמים,200.00,100 גרם,false,,10.90,0.0545,true,1,1015956
7290004129101,false,גבינת שמנת 25% בטעם טבעי 225 ג' נפוליאון,תנובה מרכז שיתופי לש,IL,נפוליאון טבעי גביע 2,גרמים,225.00,100 גרם,false,,12.90,0.0573,true,1,1015959
7290004129156,false,גבינת שמנת25% עם שום שמיר 225 ג' נפוליאון,תנובה מרכז שיתופי לש,IL,נפוליאון שום שמיר גב,גרמים,225.00,100 גרם,false,,12.90,0.0573,true,1,1015961
7290004129736,false,יוגורט במתיקות מעודנת 1.5% שומן 200 ג' יופלה,תנובה מרכז שיתופי לש,IL,יופלה לבן מעודן 1.5%,מיליליטרים,200.00,"100 מ""ל",false,,4.20,0.0210,true,1,1015966
7290004129767,false,"3% 'יופלה לבן מארז שמינייה 1.2 ק""ג",מחלבת אלון תבור,IL,יופלה לבן 3% מאגדת 8,קילוגרמים,1.20,"ק""ג",false,,16.90,14.0833,true,1,1015968
7290004130794,false,משקה סויה במתיקות מופחתת תנובה 1 ליטר,תנובה מרכז שיתופי לש,IL,משקה סויה טבעי במתיק,ליטרים,1.00,ליטר,false,,9.90,9.9000,true,1,1015972
7290004130916,false,יוגורט יופלה פירות יער בשמנת 3% 150 גרם,תנובה מרכז שיתופי לש,IL,יופלה פירות יער בשמנ,מיליליטרים,150.00,"100 מ""ל",false,,4.70,0.0313,true,1,1015974
7290004131074,false,"חלב 1 ליטר 3% קרטון ""תנובה""- מוצר בפיקוח",תנובה מרכז שיתופי לש,IL,חלב תנובה טרי1ל קרטו,ליטרים,1.00,ליטר,false,,6.20,6.2000,true,1,1015976
7290004131531,false,שוקו שוק 20% פחות סוכר בקבוק 1ל,תנובה מרכז שיתופי לש,IL,שוקו תנובה בקבוק 1 ל,ליטרים,1.00,ליטר,false,,11.90,11.9000,true,1,1015986
7290004131814,false,גבינה צפתית 5% מעודנת 200 ג' פיראוס,פארייפאבה אגרואינדוס,IL,פיראוס צפתית 5% מעוד,גרמים,200.00,100 גרם,false,,13.90,0.0695,true,1,1015991
7290004131845,false,גבינת לאבנה 9% שומן 750 ג' פיראוס,תנובה מרכז שיתופי לש,IL,פיראוס לאבנה 9% גביע,גרמים,750.00,100 גרם,false,,20.90,0.0279,true,1,1015992
7290004132552,false,משקה סויה בטעם טבעי לייט תנובה 1 ליטר,תנובה מרכז שיתופי לש,IL,משקה סויה לייט בטעם,ליטרים,1.00,ליטר,false,,9.90,9.9000,true,1,1015998
7290004132712,false,חטיף אצבעות גבינת מוצרלה 20% 172 ג' עמק,תנובה מרכז שיתופי לש,IL,חטיף אצבעות גבינת מו,גרמים,172.00,100 גרם,false,,15.90,0.0924,true,1,1016001
7290004133511,false,יופלה מאגדת לבן 1.5% מעודן 8 יח' * 150 ג',מיוצר עי קונדיטוריית,IL,יופלה מאגדת שמיניה ל,ליטרים,1.20,ליטר,false,,19.90,16.5833,true,1,1016010
7290004135058,false,שמיניית קרלו מיני שוקולד 100 גרם מהדרין,תנובה מרכז שיתופי לש,IL,מאגדת קרלו מיני שוקו,מיליליטרים,800.00,"100 מ""ל",false,,13.20,0.0165,true,1,1016019
7290004135119,false,"שמיניית קרלו מיני וניל 100 גרם בד""ץ",תנובה מרכז שיתופי לש,IL,מעדן חלב מיני וניל 1,מיליליטרים,800.00,"100 מ""ל",false,,13.90,0.0174,true,1,1016021
7290004135225,false,מעדן חלב דל קלוריות בטעם שוקולד 0.2שומ,תנובה מרכז שיתופי לש,IL,מעדן חלב דל קלוריות,מיליליטרים,150.00,"100 מ""ל",false,,3.80,0.0253,true,1,1016023
7290004135614,false,גבינה בולגרית מעודנת 5% פיראוס 250 גרם,תנובה חלב,IL,פיראוס בולגרית מעודנ,גרמים,250.00,100 גרם,false,,18.90,0.0756,true,1,1016028
7290004136598,false,מארז הפסקת אוכל עם קורנפלקס ומשקה חלב עמיד בטעם וניל,פארייפאבה אגרואינדוס,IL,מארז הפסקת אוכל חלב,מיליליטרים,150.00,"100 מ""ל",false,,8.90,0.0593,true,1,1016043
7290004136857,false,מעדן גלי פטל תנובה 125 גרם,תנובה מרכז שיתופי לש,IL,ג'לי תנובה פטל,מיליליטרים,125.00,"100 מ""ל",false,,2.20,0.0176,true,1,1016045
7290004136864,false,מעדן ג'לי בטעם אננס עם חתיכות תנובה 125 גרם,תנובה חלב,IL,מעדן ג'לי בטעם אננס,מיליליטרים,125.00,"100 מ""ל",false,,2.60,0.0208,true,1,1016046
7290004136871,false,מעדן ג'לי בטעם אפרסק עם חתיכות תנובה 125 גרם,תנובה מרכז שיתופי לש,IL,מעדן ג'לי בטעם אפרסק,מיליליטרים,125.00,"100 מ""ל",false,,2.50,0.0200,true,1,1016047
7290004137021,false,"שמנת עמידה לבישול מופחת שומן 10% השף הלבן 250 מ""ל",תנובה מרכז שיתופי לש,IL,שמנת עמידה לבישול 10,מיליליטרים,250.00,"100 מ""ל",false,,7.90,0.0316,true,1,1016049
7290004137311,false,גבינה צהובה לייט 9% שומן 400 ג' עמק,תנובה חלב,IL,עמק לייט פרוס 400 גר,גרמים,400.00,100 גרם,false,,29.90,0.0747,true,1,1016051
7290004137809,false,פיראוס לאבנה 5% גביע 250 גרם,"תנובה, מחלבת אלון תב",IL,פיראוס לאבנה 5% גביע,גרמים,250.00,100 גרם,false,,11.90,0.0476,true,1,1016052
7290004146986,false,נקה 7 שמפו לשיער צבוע ומובהר 750 מל,אמיליה קוסמטיקס,IL,שמפו לשיער צבוע נקה,מיליליטרים,750.00,"100 מ""ל",false,,9.90,0.0132,true,1,1044648
7290004165000,false,רסק תפוחי עץ בתוספת סוכר יכין 560גר,זנלכל,IL,רסק תפוחי עץ בתוספת,גרמים,560.00,100 גרם,false,,7.90,0.0141,true,1,1028795
7290004165017,false,"רסק תפו""ע 600 גרם טבעי ללא סוכר יכין","זנלכל בע""\מ",IL,"רסק תפו""ע 600 גרם טב",גרמים,560.00,100 גרם,false,,7.90,0.0141,true,1,1028796
7290004194178,false,עוף קפוא מס' 1 בשקית מחפוד,עוף ירושלים,,עוף קפוא מחפוד,קילוגרמים,1.00,"ק""ג",true,,24.90,24.9000,true,1,1032095
7290004194208,false,כרעיים עוף חלק רב מחפוד קפוא,עוף ירושלים,IL,כרעיים עוף מחפוד,קילוגרמים,1.00,"ק""ג",true,,31.90,31.9000,true,1,1032098
7290004194239,false,מחפוד-חזה עוף קפוא מהדרין,עוף ירושלים,IL,חזה עוף מחפוד,קילוגרמים,1.00,"ק""ג",true,,31.90,31.9000,true,1,1032099
7290004194253,false,כנפיים עוף קפוא ארוז חלק מחפוד.,עוף ירושלים,IL,כנפיים עוף מחפוד,קילוגרמים,1.00,"ק""ג",true,,13.90,13.9000,true,1,1032100
7290004194260,false,מחפוד-שוקיים עוף קפוא מהדרין,עוף ירושלים,IL,שוקיים עוף מחפוד,קילוגרמים,1.00,"ק""ג",true,,29.90,29.9000,true,1,1032101
7290004194345,false,שניצל עוף קפוא פרוס מחפוד,עוף ירושלים,IL,שניצל עוף פרוס מחפוד,קילוגרמים,1.00,"ק""ג",true,,34.90,34.9000,true,1,1032105
7290004194529,false,עוף שלם טרי ארוז מחפ,עוף ירושלים מהדרין ב,IL,עוף טרי מחפוד ארוז,קילוגרמים,1.00,"ק""ג",true,,22.90,22.9000,true,1,1021583
7290004194536,false,חזה עוף טרי הרב מחפוד,עוף ירושלים מהדרין ב,IL,חזה עוף טרי מחפוד אר,קילוגרמים,1.00,"ק""ג",true,,29.90,29.9000,true,1,1021584
7290004194543,false,כרעיים עוף טרי מחפוד ארוז,עוף ירושלים מהדרין ב,IL,כרעיים עוף טרי מחפוד,קילוגרמים,1.00,"ק""ג",true,,29.90,29.9000,true,1,1021585
7290004194550,false,כנפיים עוף טרי ארוז מחפוד,עוף ירושלים מהדרין ב,IL,כנפיים עוף טרי ארוז,קילוגרמים,1.00,"ק""ג",true,,12.90,12.9000,true,1,1021586
7290004194567,false,ירכיים עוף טרי מחפוד,עוף ירושלים מהדרין,,ירכיים עוף טרי מחפוד,קילוגרמים,1.00,"ק""ג",true,,29.90,29.9000,true,1,1087326
7290004194581,false,פרגיות עוף מחפוד במשקל,עוף ירושלים מהדרין ב,IL,פרגיות עוף טרי ארוז,קילוגרמים,1.00,"ק""ג",true,,69.90,69.9000,true,1,1087327
7290004194635,false,שניצל עוף טרי מחפוד קג,עוף ירושלים מהדרין ב,IL,שניצל עוף טרי ארוז מ,קילוגרמים,1.00,"ק""ג",true,,34.90,34.9000,true,1,1021588
7290004194642,false,גרון עוף טרי ארוז מח,עוף ירושלים מהדרין,,גרון עוף טרי ארוז מח,קילוגרמים,1.00,"ק""ג",true,,9.90,9.9000,true,1,1087330
7290004225278,false,בסגנון דנבלו 28% במשקל,נטו מלינדה סיימן,IL,סגנון דנאבלו שקיל,קילוגרמים,1.00,"ק""ג",true,,59.00,59.0000,true,1,2514190
7290004225285,false,גבינה בסגנון דנאבלו 100 ג',האי נאם סי או אל.טי.,DK,סגנון דנאבלו 100 גר,גרמים,100.00,100 גרם,false,,12.10,0.1210,true,1,1024625
7290004227968,false,רבע טלה טרי מחולק צרפת ק,נטו,FR,רבע טלה טרי,קילוגרמים,1.00,"ק""ג",true,,99.90,99.9000,true,1,6205549
7290004227975,false,צלעות טלה טרי חלק קג,אס או סי ויאול פרסס,FR,צלעות טלה טרי,קילוגרמים,1.00,"ק""ג",true,,149.00,149.0000,true,1,6205550
7290004227999,false,צוואר טלה טרי,,,צוואר טלה טרי,קילוגרמים,1.00,"ק""ג",true,,69.90,69.9000,true,1,6205551
7290004228804,false,עלי בצק לסיגרים שלושת האופים 450 גרם.,"שלושת האופים בע""\מ",IL,עלי סיגר 500 גרם,גרמים,500.00,100 גרם,false,,11.90,0.0238,true,1,6207779
7290004230081,false,קציצות עוף ברוטב עגבניות שגב 800 גרם,"טיבון ויל אחזקות בע""\מ",IL,קציצות עוף ברוטב עגב,גרמים,800.00,100 גרם,false,,24.90,0.0311,true,1,1024635
7290004255558,false,נרות שבת אורה מספר 2,מנורה,IL,נרות שבת אורה מספר 2,יח',1.00,יח',false,,2.90,2.9000,true,1,1066090
7290004256197,false,גאודה הולנד עז30.6%משקל,וויסר קאשנדל בי.וי נ,NL,גאודה עיזים הולנדית,קילוגרמים,1.00,"ק""ג",true,,105.00,105.0000,true,1,6145663
7290004258528,false,גפרורים קטן רמי לוי 10יח,מנורה,,גפרורים קטן רמי לוי,יח',10.00,יח',false,,2.60,0.2600,true,1,1864537
7290004258535,false,גפרורים ארוכים רמי לוי,מנורה,,גפרורים ארוכים רמי ל,יח',1.00,יח',false,,3.50,3.5000,true,1,1864538
7290004258573,false,נר נשמה בפחית רמי לוי,,,נר נשמה בפחית רמי לו,יח',1.00,יח',false,,1.60,1.6000,true,1,1695311
7290004323882,false,טחון הודו אדום מתובל,"טיבון ויל אחזקות בע""\מ",IL,הודו אדום טחון 500 ג,גרמים,500.00,100 גרם,false,,14.90,0.0298,true,1,1024661
7290004324605,false,גבינה מותכת למריחה בטעם רוקפור 7% מון בלאן 120 ג',האי נאם סי או אל.טי.,IL,גבינה מותכת למריחה ב,גרמים,120.00,100 גרם,false,,8.90,0.0742,true,1,1024665
7290004324858,false,קבב כבש טיבון ויל 500 גרם,"טיבון ויל אחזקות בע""",IL,קבב כבש טיבון ויל 50,גרמים,500.00,100 גרם,false,,17.90,0.0358,true,1,1024666
7290004386825,false,שעועית בגודל ענק אפויה ברוטב עגבניות -מוכן לאכילה,וילי פוד,GR,שעועית ענקית אפויה ב,גרמים,420.00,100 גרם,false,,9.80,0.0233,true,1,1026894
7290004480332,false,גבינת גאודה30%משולש משקל,מחלבות גד,IL,גאודה בקר משולשים,קילוגרמים,1.00,"ק""ג",true,,99.00,99.0000,true,1,6374683
7290004480349,false,"משולש גבינת גאודה עיזים ""גד""",מחלבת אמלטי הולנד,IL,גאודה עיזים משולשים,קילוגרמים,1.00,"ק""ג",true,,120.00,120.0000,true,1,6374684
7290004494100,false,כנען אדום מבושל (דלת,"יקב דלתון בע""מ",,כנען אדום מבושל (דלת,מיליליטרים,750.00,"100 מ""ל",false,,37.50,0.0500,true,1,6153267
7290004494131,false,יין דלתון קברנה סוביניון גליל,"יקב דלתון בע""\מ",IL,גליל קברנה סוביניון,מיליליטרים,750.00,"100 מ""ל",false,,54.90,0.0732,true,1,1679078
7290004494148,false,"דלתון גליל מרלו 750 מ""ל","יקב דלתון בע""\מ",IL,גליל מרלו (דלתון),מיליליטרים,750.00,"100 מ""ל",false,,54.90,0.0732,true,1,1679079
7290004494377,false,"יין אדום שיראז סדרת דלתון 750 מ""ל","יקב דלתון בע""\מ",IL,גליל שיראז (דלתון),מיליליטרים,750.00,"100 מ""ל",false,,54.90,0.0732,true,1,1679080
7290004494919,false,יין כנען קברנה שיראז 750 מל דלתון,"יקב דלתון בע""מ",IL,כנען קברנה-שיראז (דל,מיליליטרים,750.00,"100 מ""ל",false,,37.50,0.0500,true,1,1122972
7290004536039,false,כפפות דלפין זוג ורוד מס8,ספונטקס,MY,כפפות ספונטקס-דלפין מספר,יח',1.00,יח',false,,4.90,4.9000,true,1,1013543
7290004536053,false,כפפות דלפין 2 צבעים מס' 7,גורי,,7 כפפות דלפין 2 צבעי,יח',1.00,יח',false,,9.90,9.9000,true,1,1013545
7290004554903,false,"גלידת פנטזיה שוקו וניל 900 מ""ל שטראוס","גלידת שטראוס בע""\מ, רחוב",IL,גלידת פנטזיה שוקו ונ,מיליליטרים,900.00,"100 מ""ל",false,,17.50,0.0194,true,1,1030944
7290004575007,false,טילון וניל וופך ושברי אגוז ריאו מארז 70X5ג',"גלידות ריאו ביח""ר לג",IL,גלידת טילון ריאו 5 י,יח',1.00,יח',false,,14.50,14.5000,true,1,1033038
7290004575069,false,גלידה מיניס חטיפים וניל ציפוי שוקו' ופצפוצי נ.חיטה ריאו מארז 32יח',"גלידות ריאו ביח""ר לג",IL,מיניס שוקולידה 32 יח,גרמים,700.00,100 גרם,false,,29.90,0.0427,true,1,1033040
7290004575335,false,ארטיק מגיק מיני וניל ציפוי שוקו' ופצפוצי נ.חיטה ריאו מארז 45X8ג'באריזה,"גלידות ריאו ביח""ר לג",IL,מיני מג'יק שלגונים ב,יח',1.00,יח',false,,16.90,16.9000,true,1,1033049
7290004575397,false,גלידה בטעמי מוקה וניל פיסטוק 1.8 ל' ריאו,"גלידות ריאו ביח""ר לג",IL,גלידה שוקולד תות וני,ליטרים,1.80,ליטר,false,,14.90,8.2778,true,1,1033052
7290004575403,false,טריו גלידת פרווה בטעמים 1.8 ליטר ריאו,"גלידות ריאו ביח""ר לג",IL,טריו גלידה בטעם שוקו,ליטרים,1.80,ליטר,false,,14.90,8.2778,true,1,1033053
7290004575588,false,טילון ריבת חלב ריאו 60ג 'חלבי,"גלידות ריאו ביח""ר לג",IL,טילון ריבת חלב 60ג ח,גרמים,60.00,100 גרם,false,,2.90,0.0483,true,1,4574722
7290004575632,false,קרמבו ריאו בטעם וניל 16יח',"גלידות ריאו ביח""ר לג",IL,קרמבו ריאו וניל 16 י,יח',1.00,יח',false,,21.70,21.7000,true,1,1033060
7290004584306,false,רבעיית גמדים בטעם תות בננה * 100 ג' שטראוס,מיוצר עי קונדיטוריית,IL,מעדן גמדים תות בננה,מיליליטרים,400.00,"100 מ""ל",false,,10.90,0.0273,true,1,1032534
7290004584351,false,גבינה לבנה סימפוניה עם תוספות 200 ג' חמישית 200,"שטראוס בריאות בע""\מ",IL,סימפוניה גבינה במרקם,גרמים,200.00,100 גרם,false,,10.40,0.0520,true,1,1032535
7290004584528,false,יוגורט דנונה ביו לבן 1.7% שומן 200 גרם,מיוצר עי קונדיטוריית,IL,יוגורט דנונה ביו לבן,מיליליטרים,200.00,"100 מ""ל",false,,3.40,0.0170,true,1,1032536
7290004603175,false,מלח הים האדום גס מלח הארץ 500 גרם,"חברת מלח הארץ אילת בע""\מ",IL,מלח הים האדום גס 500,גרמים,500.00,100 גרם,false,,7.90,0.0158,true,1,1079122
7290004652401,false,ג'חנון ללא מרגרינה שגב 650 גרם,"שגמור בע""\מ",IL,ג'חנון ללא מרגרינה 6,גרמים,650.00,100 גרם,false,,18.90,0.0291,true,1,6330910
7290004652890,false,מנצ'גו כבשים שקיל,,,מנצ'גו כבשים שקיל,קילוגרמים,1.00,"ק""ג",true,,110.00,110.0000,true,1,6364457
7290004685010,false,לחם 100% שיפון פלוס לחם הארץ 500 גר',מאפית י את א ברמן בע,IL,לחם הארץ שיפון פלוס,גרמים,500.00,100 גרם,false,,15.50,0.0310,true,1,5049478
7290004685089,false,לחם הארץ לחם חמניות 500 גר',מאפית י את א ברמן בע,IL,לחם הארץ לחם חמניות,גרמים,500.00,100 גרם,false,,15.50,0.0310,true,1,5049481
7290004685126,false,לחם הארץ חמישה דגנים750ג,מאפית י את א ברמן בע,IL,לחם הארץ 5 דגנים 750,גרמים,750.00,100 גרם,false,,15.50,0.0207,true,1,5049543
7290004685157,false,לחם שיפון 100% הארץ 750 גר,מאפית י את א ברמן בע,IL,לחם שיפון 100% הארץ,גרמים,750.00,100 גרם,false,,15.50,0.0207,true,1,5049484
7290004685195,false,לחם 10 דגנים לחם הארץ 750 גרם,מאפית י את א ברמן בע,IL,לחם 10 דגנים לחם האר,גרמים,750.00,100 גרם,false,,15.50,0.0207,true,1,5049544
7290004685201,false,לחם הארץ שיפון אגוזים500,מאפית י את א ברמן בע,IL,לחם הארץ אגוזים 500,גרמים,500.00,100 גרם,false,,15.80,0.0316,true,1,5049485
7290004685225,false,לחם שיפון פומפרניקל מקמח שיפון,מאפית י את א ברמן בע,IL,לחם הארץ שיפון פומפר,גרמים,750.00,100 גרם,false,,15.50,0.0207,true,1,5049486
7290004685430,false,לחם הארץ כוסמין 100% 500 גרם,מאפית י את א ברמן בע,IL,לחם הארץ כוסמין 100%,גרמים,500.00,100 גרם,false,,15.50,0.0310,true,1,5049549
7290004685447,false,לחמניות כוסמין 6 בשקית 450 גרם,מאפית ברמן מקבוצת י. את,IL,לחמניות כוסמין 6יח,יח',1.00,יח',false,,13.80,13.8000,true,1,5932584
7290004685454,false,לחם שיבולת שועל 500 גר',מאפית י את א ברמן בע,IL,לחם שיבולת שועל 100%,יח',1.00,יח',false,,15.90,15.9000,true,1,6210963
7290004685485,false,פריכיות כוסמת ושיבולת שועל 90 גר,,,פריכיות כוסמת ושיבול,יח',1.00,יח',false,,6.90,6.9000,true,1,6375028
7290004725600,false,גבינה סקנדינבית31% משקל,תנובה חלב,IL,גבינת חריץ סקנדינבית,קילוגרמים,1.00,"ק""ג",true,,75.00,75.0000,true,1,1749515
7290004731519,false,"מקסימה מרכך ומבשם כביסה למייבש סנסיטיב סנו 750 מ""ל",סנו מקסימה,IL,מקסימה מרכך ומבשם כב,מיליליטרים,750.00,"100 מ""ל",false,,16.30,0.0217,true,1,1022971
7290004731557,false,"מקסימה תרסיס מרכך ומבשם כביסה במייבש מאסק סנו 750 מ""ל",סנו מקסימה,IL,מקסימה תרסיס מרכך ומ,מיליליטרים,750.00,"100 מ""ל",false,,16.30,0.0217,true,1,1022973
7290004731564,false,"מקסימה מבשם ומרכך למייבש הכביסה בלו בלוסום 750 מ""ל",סנו מקסימה,IL,מקסימה למייבש בלו בל,מיליליטרים,750.00,"100 מ""ל",false,,16.30,0.0217,true,1,3164392
7290004731687,false,"מטהר אויר בניחוח וניל ולמון גראס סנו 300 מ""ל",סנו מפעלי ברונוס בעמ,IL,מטהר אויר בניחוח וני,מיליליטרים,300.00,"100 מ""ל",false,,9.90,0.0330,true,1,1022977
7290004737719,false,אספרגוס שלם מקולף בצנצנת ויליפוד 330 גרם,קריות זול,CN,אספרגוס שלם מקולף ול,גרמים,205.00,100 גרם,false,,8.90,0.0434,true,1,1026896
7290004825546,false,סכומון מגירה גדול,ד.ג.ש,,סכומון מגירה,יח',1.00,יח',false,,10.00,10.0000,true,1,1125183
7290004861025,false,גבינה בולגרית 5% במשקל,"מחלבת המושבה בע""מ",IL,בולגרית 5% מסורתית,קילוגרמים,1.00,"ק""ג",true,,43.00,43.0000,true,1,1287204
7290004861070,false,גבינה צפתית קשה המוש,מחלבת המושבה,IL,גבינה צפתית קשה המוש,קילוגרמים,1.00,"ק""ג",true,,69.00,69.0000,true,1,1287229
7290004861278,false,שמנת 30% טבעי המושבה,"מחלבת המושבה בע""מ",IL,גבינה שמנת 30%,קילוגרמים,1.00,"ק""ג",true,,38.00,38.0000,true,1,1287206
7290004861315,false,מעדניה-גבינה לאבנה ט,"מחלבת המושבה בע""מ",IL,גבינה לאבנה טבעי /זע,קילוגרמים,1.00,"ק""ג",true,,39.00,39.0000,true,1,1023615
7290004861360,false,צפתית קצח מושבה,מחלבת המושבה,IL,צפתית בטעמים 5%,קילוגרמים,1.00,"ק""ג",true,,43.00,43.0000,true,1,1287208
7290004861384,false,גבינת אורדה/ריקוטה,מחלבת המושבה,IL,גבינת אורדה/ריקוטה,קילוגרמים,1.00,"ק""ג",true,,39.00,39.0000,true,1,1287209
7290004861421,false,גבינה חלומי מושבה,"מחלבת המושבה בע""מ",IL,גבינת חלומי 30%,קילוגרמים,1.00,"ק""ג",true,,75.00,75.0000,true,1,1287230
7290004861445,false,כדורי לבנה בזעתר במשקל,מחלבת מושבה,IL,כדורי לאבנה בשמן זית,קילוגרמים,1.00,"ק""ג",true,,98.00,98.0000,true,1,2585239
7290004861520,false,גבינת שמנת 5% מושבה,"מחלבת המושבה בע""מ",IL,קרם שמנת בטעמים 5%,קילוגרמים,1.00,"ק""ג",true,,29.00,29.0000,true,1,1287166
7290004914219,false,בקבוק ריח עם מקלות עץ,סאנרייז,,מפיץ ריח לרכב,מיליליטרים,250.00,"100 מ""ל",false,,13.90,0.0556,true,1,1039433
7290004914691,false,מפיץ ריח סנרייז,,,מפיץ יוקרתי,יח',1.00,יח',false,,14.90,14.9000,true,1,5291261
7290004914912,false,מפיץ סטייל יוקרתי,,,מפיץ סטייל יוקרתי,יח',1.00,יח',false,,14.90,14.9000,true,1,5725614
7290004934064,false,טחון בקר 100% 1קג,,,טחון בקר 100% 1קג,יח',1.00,יח',false,,35.90,35.9000,true,1,1315365
7290004944032,false,חומוס אמיתי אסלי שמיר 400 גרם,"סלטי שמיר 2006 בע""מ",IL,חומוס אסלי 400 גר,יחידה,400.00,יחידה,false,,9.80,0.0245,true,1,6387936
7290004944049,false,טחינה אסלי שמיר 400 גרם,"סלטי שמיר 2006 בע""מ",IL,טחינה אסלי 400 גרם,גרמים,400.00,100 גרם,false,,9.80,0.0245,true,1,6387937
7290004944056,false,סדרת האסלי חציל במיונז שמיר 400 גרם,"סלטי שמיר 2006 בע""מ",IL,חציל במיונז אסלי 40,גרמים,400.00,100 גרם,false,,9.80,0.0245,true,1,6387938
7290004969509,false,אסאדו 9 פלאנקן פרוס מחפוד,,IL,אסאדו בקר פרוס ארוז,קילוגרמים,1.00,"ק""ג",true,,81.90,81.9000,true,1,5057924
7290005008191,false,"סבון נוזלי ארומה בניחוח לבנדר פטצ'ולי וילנג ילנג פלמוליב 500 מ""ל",הנסיך- מפעל לייצור ט,TR,סבון נוזלי ארומה בני,מיליליטרים,500.00,"100 מ""ל",false,,15.90,0.0318,true,1,1017715
7290005033049,false,שקיות אוכל והקפאה 25*35,,,שקיות אוכל והקפאה 25,יח',1.00,יח',false,,10.90,10.9000,true,1,1033554
7290005033100,false,שקיות אשפה ביג חזקות ללא תלישה,משי,,שקיות אשפה ביג חזקות,יח',1.00,יח',false,,24.90,24.9000,true,1,1033556
7290005033117,false,מפות שולחן עבות 8-6 יח,משי,,מפות שולחן עבות 8-6,יח',1.00,יח',false,,7.90,7.9000,true,1,1033557
7290005033162,false,מפות עבות במיוחד 6-8 יח,משי,,מפות עבות במיוחד 6-8,יח',6.00,יח',false,,13.00,2.1667,true,1,1033560
7290005033209,false,שקיות אשפה קרם עם ידית 40יח 90*75,,,שקיות אשפה קרם עם יד,יח',40.00,יח',false,,22.90,0.5725,true,1,2912946
7290005033230,false,שקיות אשפה 75*90 50 יחידות,משי,,שקיות אשפה 75*90 50,יח',1.00,יח',false,,18.80,18.8000,true,1,1033561
7290005033582,false,שקיות אשפה אפור ידית 90*75 משי 25 יח,משי,,שקיות אשפה אפור ידית,יח',25.00,יח',false,,21.90,0.8760,true,1,1033563
7290005033711,false,מפות 45מ על 1.6 רוחב עבה במיוחד,,,מפות 45מ על 1.6 רוחב,יח',1.00,יח',false,,29.90,29.9000,true,1,5354940
7290005041198,false,מעדני הטלה קבב ביתי,לאטי עזרא גלם ודגים,IL,קבב ביתי 1קג,גרמים,1000.00,100 גרם,false,,44.90,0.0449,true,1,1966887
7290005041402,false,שיפודי שווארמה פרגיות 600 גרם,מעדני הטלה והעגל,IL,שיפודי שווארמה פרגיו,גרמים,600.00,100 גרם,false,,54.80,0.0913,true,1,1818765
7290005079344,false,מוצרלה נועם רכיבים ט,מחלבת משק צוריאל,IL,מוצרלה נעם שקיל,קילוגרמים,1.00,"ק""ג",true,,74.00,74.0000,true,1,3807584
7290005079412,false,גבינה אמנטל נעם 30% משקל,טרה,IL,אמנטל נעם חריץ,קילוגרמים,1.00,"ק""ג",true,,55.00,55.0000,true,1,3001517
7290005084355,false,סנסודין משחת שיניים דואל קר פלואוריד 75,גלקסו סמית קליין,GB,"סנסודיין דואלקר 75 מ""ל",גרמים,75.00,100 גרם,false,,21.90,0.2920,true,1,1035043
7290005084737,false,טפטפים - בייביסקין קרם החתלה ללא בושם 100 גרם,כ.צ.ט,IL,בייביסקין משחה לתינו,גרמים,100.00,100 גרם,false,,10.90,0.1090,true,1,1035048
7290005113222,false,זיתים קוקטייל וגמבה יבנה 350ג',קבוצת יבנה,IL,זית יבנה מיקס 340 גר,גרמים,340.00,100 גרם,false,,9.80,0.0288,true,1,1022697
7290005168253,false,"יין קליל דל אלכוהול יקבי ציון 750 מ""ל",יקבי ציון,IL,קליל יין אדום מתוק 7,מיליליטרים,750.00,"100 מ""ל",false,,13.00,0.0173,true,1,5343274
7290005168284,false,"יין גן עדן יקבי ציון 750 מ""ל",יקבי ציון,IL,"גן עדן 750 מ""ל",מיליליטרים,750.00,"100 מ""ל",false,,19.90,0.0265,true,1,1311998
7290005168475,false,מיץ ענבים מובחר אדום 100% טבעי 1 ליטר,יקבי ציון,IL,תירוש אדום מובחר 100,יח,1.00,יח,false,,16.90,16.9000,true,1,6373566
7290005174513,false,סלט חצילים במיונז אחלה 500 גרם,מיוצר עי קונדיטוריית,IL,סלט חצילים במיונז אח,גרמים,500.00,100 גרם,false,,14.90,0.0298,true,1,1032542
7290005174551,false,סלט חומוס עם צנוברים 125 ג' אחלה,מיוצר עי קונדיטוריית,IL,חומוס אחלה 125 גרם,גרמים,125.00,100 גרם,false,,4.70,0.0376,true,1,1032543
7290005174568,false,סלט חצילים במיונז אחלה 125 גרם,מיוצר עי קונדיטוריית,IL,סלט חצילים במיונז אח,גרמים,125.00,100 גרם,false,,4.70,0.0376,true,1,1032544
7290005174575,false,טחינה אחלה יום יום משובחת 125ג',מיוצר עי קונדיטוריית,IL,סלט טחינה אחלה 125 ג,גרמים,125.00,100 גרם,false,,4.70,0.0376,true,1,1032545
7290005197758,false,"עוגיות חיוכים שוקולד עלית 150 גרם בד""צ",אפיפית נצרת תעשיות ב,IL,עוגיות חיוכים שוקו ש,גרמים,150.00,100 גרם,false,,4.90,0.0327,true,1,1018451
7290005199578,false,קפה פלטינום נטול קפאין עלית 200 גרם,שטראוס קפה בי.וי.,IL,קפה נטול קפאין 200 ג,גרמים,200.00,100 גרם,false,,29.90,0.1495,true,1,1018458
7290005199738,false,גומי מאסט בטעם פפרמינט ריח פה נעים פליפטופ 28 ג' עלית,"שטראוס גרופ בע""מ",IL,מסטיק MUST בטעם מנטה,גרמים,28.00,100 גרם,false,,4.00,0.1429,true,1,1018460
7290005200786,false,תפוצ'יפס בטעם שמנת בצל עלית 50 גרם,"שטראוס פריטו ליי בע""\מ )",IL,תפוצ'יפס בטעם שמנת ב,גרמים,50.00,100 גרם,false,,3.50,0.0700,true,1,1026250
7290005201455,false,קפה נמס מגורען ארומה קלאסי עלית 200 גרם,"אינסטנטה בע""מ",PL,קפה נמס מגורען עלית,גרמים,200.00,100 גרם,false,,21.90,0.1095,true,1,1018466
7290005287206,false,רביעיית טונה בשמן סטארקיסט 160 גרם,"סטארקיסט פודור בע""מ",VN,טונה ס.ק בשמן 160גר 'רביע,גרמים,492.00,100 גרם,false,,24.90,0.0506,true,1,5367700
7290005287534,false,"סטארקיסט טונה בשמן עישון טבעי 160 גרם בד""צ",תאי יוניון גרופ,IL,ס.ק בשמן עישון טבעי פ.ק 1,גרמים,112.00,100 גרם,false,,6.90,0.0616,true,1,1027850
7290005287657,false,"סטארקיסט ממרח טונה 160 גרם בד""צ","סטארקיסט פודור בע""מ",TH,ס.ק. ממרח טונה 160 גר' -,גרמים,160.00,100 גרם,false,,5.90,0.0369,true,1,1027858
7290005287930,false,"טונה סטארקיסט רבעיות מים בד""ץ 112 גר-עדה",סטארקיסט,IL,טונה סטארקיסט במים 160 רב,גרמים,448.00,100 גרם,false,,24.90,0.0556,true,1,1027866
7290005296260,false,"אסטוניש ספריי רסס ונגב לניקוי כללי יעקבי 750 מ""ל",יעקובי אסטוניש,GB,אסטוניש ספריי רסס ונ,מיליליטרים,750.00,"100 מ""ל",false,,11.90,0.0159,true,1,1025973
7290005326523,false,ממרח פסטו פטרוזיליה ונענע אוליביה 180 גרם,אוליביה,IL,אוליביה פסטו פטרוזיל,גרמים,185.00,100 גרם,false,,12.90,0.0697,true,1,1199188
7290005326677,false,רוטב ברביקיו אוליביה 350 גר,אוליביה,IL,רוטב ברביקיו 350 גר,גרמים,350.00,100 גרם,false,,13.90,0.0397,true,1,4628164
7290005384899,false,פטינה ים תיכונית בסג,וילי פוד,IL,*מבצע* פטינה 20% שומ,קילוגרמים,1.00,"ק""ג",true,,19.00,19.0000,true,1,1026808
7290005418716,false,"קרם לחות לבניית תלתלים עגולים נטורל פורמולה 400 מ""ל",מיוצר עי אמיליה קוסמ,IL,קרם לחות לבניית תלתל,מיליליטרים,400.00,"100 מ""ל",false,,20.70,0.0517,true,1,1044652
7290005418723,false,"נטורל קרם לחות לשיער חלק ברגע קליל 400 מ""ל",נטורל,,קרם לחות סירוק קל נט,מיליליטרים,400.00,"100 מ""ל",false,,20.90,0.0522,true,1,1044653
7290005423499,false,"תרסיס לניקוי משטחי נירוסטה אירוסל סנו 500 מ""ל",מיוצר עי קונדיטוריית,IL,תרסיס לניקוי משטחי נ,מיליליטרים,500.00,"100 מ""ל",false,,18.90,0.0378,true,1,1022993
7290005423505,false,"מי פה אורביטול להלבנת השיניים 500 מ""ל",קוסמופארם,IL,מי פה להלבנת שיניים,מיליליטרים,500.00,"100 מ""ל",false,,16.90,0.0338,true,1,1022994
7290005423567,false,מטליות ניקוי רב שימושיות בגליל סנו סושי 40 יחידות,אסותא תעשיות אלבד בע,IL,מטליות ניקוי רב שימו,יח',40.00,יח',false,,18.90,0.4725,true,1,1022996
7290005423734,false,מרכך כביסה מרוכז אולטרא פרש סנו מקסימה 4 ליטר,"סנו מפעלי ברונוס בע""\מ",IL,מקסימה מרכך כביסה או,ליטרים,4.00,ליטר,false,,21.50,5.3750,true,1,1022999
7290005423871,false,שלישיית משחת שיניים מנטול אורביטול 145 גרם,טרופיקל דגיל תעשיות קוסמ,IL,משחת שיניים עם פלואו,גרמים,435.00,100 גרם,false,,16.50,0.0379,true,1,1023001
7290005423918,false,סנו - מקסימה מרכך כביסה היפואלרגני אלוורה 4 ליטר,"סנו מפעלי ברונוס בע""\מ",IL,מקסימה מרכך כביסה בי,ליטרים,4.00,ליטר,false,,21.50,5.3750,true,1,1023003
7290005424113,false,מטליות רצפה סנו סושי 4 יחידות,סנו סושי,IL,סנו סושי מטליות רצפה,יח',1.00,יח',false,,12.90,12.9000,true,1,1023007
7290005424311,false,"קוטל חרקים רב קוטל K סנו 500 מ""ל",מיוצר עי קונדיטוריית,IL,קוטל חרקים K רב קוטל,מיליליטרים,500.00,"100 מ""ל",false,,19.90,0.0398,true,1,1023010
7290005424700,false,לסדרה פורטה פלוס מצטרף מתז באריזת xl 1 ליטר,"סנו מפעלי ברונוס בע""\מ",IL,פורטה פלוס - קצף ברי,ליטרים,1.00,ליטר,false,,16.90,16.9000,true,1,4690951
7290005424762,false,ריצפז פלוס ווקס נוזל להברקת רצפות דוחה תיקנים סנו 2 ליטר,"סנו מפעלי ברונוס בע""\מ",IL,ריצפז פלוס ווקס נוזל,ליטרים,2.00,ליטר,false,,25.90,12.9500,true,1,1023017
7290005425127,false,"חיטוי משטחים 99.9% מתז לשומנים ואבנית 750 מ""ל","סנו מפעלי ברונוס בע""\מ",IL,סנו מחטא ומשמיד חייד,מיליליטרים,750.00,"100 מ""ל",false,,11.90,0.0159,true,1,5383227
7290005425196,false,"מקסימה אבקת כביסה סנסיטיב סנו 2.5 ק""ג",מיוצר עי קונדיטוריית,IL,מקסימה אבקת כביסה סנ,קילוגרמים,2.50,"ק""ג",false,,22.90,9.1600,true,1,1023031
7290005425202,false,אבקת כביסה ביו מקסימה לכתמים קשים,"סנו מפעלי ברונוס בע""\מ",IL,מקסימה אבקת כביסה בי,קילוגרמים,2.50,"ק""ג",false,,22.90,9.1600,true,1,1023032
7290005425585,false,מטליות לחות לניקוי רהיטים סנו 20 יחידות,"סנו מפעלי ברונוס בע""\מ",IL,מטליות לחות לניקוי ר,יח',20.00,יח',false,,16.90,0.8450,true,1,1023037
7290005425646,false,קליר נוזל לניקוי חלונות רב תכליתי סנו 1 ליטר,"סנו מפעלי ברונוס בע""\מ",IL,קליר נוזל לניקוי חלו,ליטרים,1.00,ליטר,false,,9.90,9.9000,true,1,1023039
7290005425714,false,"שמפו שטיחים סנו פלוס 600 מ""ל","סנו מפעלי ברונוס בע""\מ",IL,שמפו שטיחים סנו פלוס,מיליליטרים,600.00,"100 מ""ל",false,,25.90,0.0432,true,1,1023043
7290005425912,false,אוקסיג'ן ג'ל להסרת כתמים עם חמצן פעיל סנו 4 ליטר,סנו אוקסיג'ן,IL,אוקסיג'ן ג'ל להסרת כ,ליטרים,4.00,ליטר,false,,29.90,7.4750,true,1,1023049
7290005426186,false,סקוטש כריות קרצוף ענקיות סנו סושי 3 יחידות,קריות זול,US,סקוטש כריות קרצוף ענ,יח',1.00,יח',false,,16.90,16.9000,true,1,1023057
7290005426193,false,ספוגית הפלא סנו סושי 6 יחידות,טרופיקל דגיל תעשיות,IL,ספוגית הפלא סנו סושי,יח',1.00,יח',false,,9.90,9.9000,true,1,1023058
7290005426568,false,"קרמה - קרם לחות לשיער רגיל 400 מ""ל",טרופיקל דגיל תעשיות,IL,קרם לחות לשיער רגיל,מיליליטרים,400.00,"100 מ""ל",false,,16.90,0.0422,true,1,1023067
7290005426575,false,"קרמה לחות לשיער יבש ללא שטיפה 400 מ""ל",טרופיקל דגיל תעשיות,IL,קרם לחות לשיער יבש ק,מיליליטרים,400.00,"100 מ""ל",false,,16.90,0.0422,true,1,1023068
7290005426629,false,"סנו דואופרש אורן לוטוס ופרחי מים ודובדבן, 300 מ""ל",סנו fresh,IL,מבשר אויר בניחוח אור,מיליליטרים,300.00,"100 מ""ל",false,,9.90,0.0330,true,1,1023071
7290005426803,false,מקסימה מרכך כביסה פצ'ולי לבנדר סגול סנו 4 ליטר,סנו מקסימה,IL,מקסימה מרכך כביסה פצ,ליטרים,4.00,ליטר,false,,21.50,5.3750,true,1,1023073
7290005426865,false,אורביטול - משחת שיניים לילדים בטעם מסטיק 70 גרם,טרופיקל דגיל תעשיות קוסמ,IL,משחת שיניים לילדים ב,גרמים,50.00,100 גרם,false,,7.90,0.1580,true,1,1023075
7290005426964,false,סנובון סבון לאסלה בניחוח אפרסק סנו 3 יחידות,סנו מפעלי ברונו בעמ,IL,סנובון סבון לאסלה בנ,גרמים,165.00,100 גרם,false,,14.90,0.0903,true,1,1023078
7290005426971,false,סנובון סבון לאסלה תפוח כחול סנו 3 יחידות,סנו מפעלי ברונו בעמ,IL,סנובון סבון לאסלה תפ,גרמים,165.00,100 גרם,false,,14.90,0.0903,true,1,1023079
7290005427633,false,"כיף גל לשיער לשיער חזק במיוחד 1 ק""ג",קוסמופארם,IL,חוחובה ג'ל לעיצוב הש,100 לקג,1.00,100 לקג,false,,19.90,19.9000,true,1,1023101
7290005427725,false,"חמישיית מגבונים מבושם ""ליטופים""",טרופיקל דגיל קוסמטיק,IL,מגבונים ליטופים מארז,יח',5.00,יח',false,,17.90,3.5800,true,1,1023102
7290005427756,false,אל סבון נוזלי אלוורה כיף 2 ליטר,קוסמופארם,IL,אל סבון נוזלי אלוורה,ליטרים,2.00,ליטר,false,,18.90,9.4500,true,1,1023105
7290005427770,false,"קרמה - קרם לחות לשיער לגבר 400 מ""ל",טרופיקל דגיל תעשיות,IL,קרם לחות לשיער לגבר,מיליליטרים,400.00,"100 מ""ל",false,,16.90,0.0422,true,1,1023107
7290005427787,false,"קרמה - קרם לחות לשיער מתולתל 400 מ""ל",טרופיקל דגיל תעשיות,IL,קרם לחות לשיער מתולת,מיליליטרים,400.00,"100 מ""ל",false,,16.90,0.0422,true,1,1023108
7290005427848,false,מטליות ניקוי רב שימושיות בגליל סנו סושי 40 יחידות,קריות זול,IL,מטליות ניקוי רב שימו,100 יח',1.00,100 יח',false,,18.90,18.9000,true,1,1023111
7290005427978,false,"תחליב רחצה לפנים פילינג קרמה 180 מ""ל",גוד פוד פרודקטס S.p,IL,תחליב רחצה לפנים קרמ,מיליליטרים,180.00,"100 מ""ל",false,,12.90,0.0717,true,1,1023116
7290005427985,false,"קרמה תחליב רחצה לפנים בתוספת גרגירי פילינג 180 מ""ל",גוד פוד פרודקטס S.p,IL,תחליב פילינג לפנים ב,מיליליטרים,180.00,"100 מ""ל",false,,12.90,0.0717,true,1,1023117
7290005428845,false,מפיות סנו סופט 33*33 100 יחידות,"חי מוצרי נייר בע""מ",IL,מפיות סנו סופט 33*33,100 יח',1.00,100 יח',false,,7.90,7.9000,true,1,1023128
7290005428852,false,ממחטות טישו צבעוניים סנו סופט 5 יח' *100דף,ישרפייפר,IL,סופט ממחטות אף צבעונ,100 יח',650.00,100 יח',false,,12.90,0.0198,true,1,1023129
7290005429019,false,פיסגה נוזל לרצפות מבושם סנו 4 ליטר,סנו פיסגה,IL,פיסגה נוזל לרצפות מב,ליטרים,4.00,ליטר,false,,19.90,4.9750,true,1,1023137
7290005430480,false,מטלית הפלא למשטחים מיקרופייבר סנו סושי 1 יחידה,קריות זול,IL,מטלית הפלא מיקרופייב,יח',1.00,יח',false,,6.90,6.9000,true,1,1023141
7290005430602,false,"סנו אוקסיג'ן ספריי להסרת כתמים עם חמצן פעיל 750 מ""ל","סנו מפעלי ברונוס בע""",IL,סנו אוקסיג'ן ספריי ל,מיליליטרים,750.00,"100 מ""ל",false,,17.70,0.0236,true,1,1023144
7290005430671,false,פוליויקס נוזל לניקוי קרמיקה סנו 2 ליטר,סנו מפעלי ברונו בעמ,IL,פוליויקס נוזל לניקוי,ליטרים,2.00,ליטר,false,,19.90,9.9500,true,1,1023150
7290005431883,false,מלבי חלבי עדן קינוחים 165 גרם,עדן קינוחים Eden,IL,מלבי חלבי,יח',1.00,יח',false,,5.90,5.9000,true,1,6136252
7290005431906,false,קדאיף עדן קינוחים 82 גרם,עדן קינוחים Eden,IL,קדאיף,יח',1.00,יח',false,,5.90,5.9000,true,1,6136254
7290005431913,false,עוגת גבינה פירורים עדן קינוחים 92 גרם,עדן קינוחים Eden,IL,עוגת גבינה פירורים,יח',1.00,יח',false,,5.90,5.9000,true,1,6136255
7290005431920,false,עוגת גבינה פירורים לייט עדן קינוחים 78 גרם,עדן קינוחים Eden,IL,עוגת גבינה פירורים ל,יח',1.00,יח',false,,5.90,5.9000,true,1,6136256
7290005431937,false,טירמיסו עדן קינוחים 82 גרם,עדן קינוחים Eden,IL,טרמיסו,יח',1.00,יח',false,,5.90,5.9000,true,1,6136257
7290005431968,false,מלבי שמנת עדן קינוחים 150 גרם,עדן קינוחים Eden,IL,מלבי שמנת 150 גר,גרמים,150.00,100 גרם,false,,6.90,0.0460,true,1,6232730
7290005437069,false,"שמן זית למאור בד""ץ טעמן 1 ליטר",מוצרי יסוד - טעמן,IL,טעמן שמן זית למאור 1,ליטרים,1.00,ליטר,false,,19.70,19.7000,true,1,1019203
7290005437212,false,"שמן זית כתית מעולה טעמן 750 מ""ל בד""צ",מוצרי יסוד - טעמן,IL,שמן זית כתית מעולה 7,מיליליטרים,750.00,"100 מ""ל",false,,27.90,0.0372,true,1,1019206
7290005437809,false,חתיכות אננס חתבמיץ טבעי 825 גרם טעמן,פ.ת גרייט פנאפל,ID,טעמן אננס חתוך במיץ,גרמים,490.00,100 גרם,false,,10.90,0.0222,true,1,6342288
7290005437830,false,פרוסות אננס במיץ טבעי טעמן 825 גרם,פ.ת גרייט פנאפל,ID,טעמן פרוסות אננס 825,גרמים,825.00,100 גרם,false,,9.90,0.0120,true,1,1019220
7290005437861,false,קוקטייל פירות טרופיים בסירופ קל טעמן 825 גרם,פ.ת גרייט פנאפל,ID,טעמן קוקטייל פירות 8,גרמים,825.00,100 גרם,false,,11.70,0.0142,true,1,1019222
7290005477669,false,סבון נוזלי דרמפון מועשר לחות קרליין 1 ליטר,"אמיליה קוסמטיקס בע""מ",IL,אל סבון נוזלי מועשר,ליטרים,1.00,ליטר,false,,17.80,17.8000,true,1,1044657
7290005489082,false,תרכיז תפוחים/תפוזים פרי קטיף,"פרי קטיף מזון בע""מ",IL,רכז תפוחים 1.2 לי,ליטרים,1.20,ליטר,false,,31.90,26.5833,true,1,1025663
7290005489099,false,פרי קטיף רכז תפוזים 1.2 ליטר,"פרי קטיף מזון בע""מ",IL,רכז תפוזים 1.2 לי,ליטרים,1.20,ליטר,false,,32.90,27.4167,true,1,1025664
7290005489129,false,פרי קטיף רכז אננס 1.2 ליטר,"פרי קטיף מזון בע""מ",IL,תרכיז אננס 1.2 ליטר,ליטרים,1.20,ליטר,false,,31.90,26.5833,true,1,1025666
7290005500978,false,מסיר לק ריחני פנינה רוזנבלום 220 מ''ל,פנינה רוזנבלום,,מסיר לק ריחני פנינה,מיליליטרים,220.00,"100 מ""ל",false,,9.90,0.0450,true,1,1031113
7290005505065,false,אפונה ווסאבי,,,אפונה ווסאבי,קילוגרמים,1.00,"ק""ג",true,,47.00,47.0000,true,1,4121559
7290005505089,false,קבוקים מסוכר,,,קבוקים מסוכר,קילוגרמים,1.00,"ק""ג",true,,25.00,25.0000,true,1,4121561
7290005505102,false,קוקוס טבעי,,,קוקוס טבעי,קילוגרמים,1.00,"ק""ג",true,,80.00,80.0000,true,1,4131476
7290005505126,false,בננה טבעית,,,בננה טבעית,קילוגרמים,1.00,"ק""ג",true,,79.00,79.0000,true,1,4121582
7290005505133,false,חמניה מקולף,,,חמניה מקולף,קילוגרמים,1.00,"ק""ג",true,,38.00,38.0000,true,1,4121583
7290005505140,false,שזיף עם גלעין,,,שזיף עם גלעין,קילוגרמים,1.00,"ק""ג",true,,44.00,44.0000,true,1,4121584
7290005505287,false,דובדבן שחור מגולען,,,דובדבן שחור מגולען,קילוגרמים,1.00,"ק""ג",true,,119.00,119.0000,true,1,4121688
7290005505355,false,אפונה קלוי,,,אפונה קלוי,קילוגרמים,1.00,"ק""ג",true,,49.00,49.0000,true,1,4121692
7290005505362,false,לימון פרסי,,,לימון פרסי,קילוגרמים,1.00,"ק""ג",true,,100.00,100.0000,true,1,4121722
7290005505393,false,דלעת מקולפת,אוליבלס SA,,דלעת מקולף,קילוגרמים,1.00,"ק""ג",true,,54.00,54.0000,true,1,4126797
7290005505416,false,קשיו מסוכר,,,קשיו מסוכר,קילוגרמים,1.00,"ק""ג",true,,85.00,85.0000,true,1,4126799
7290005505447,false,תערובת לסלט משקל,,,תערובת לסלט משקל,קילוגרמים,1.00,"ק""ג",true,,100.00,100.0000,true,1,4126802
7290005505485,false,שומשום משקל,,,שומשום משקל,קילוגרמים,1.00,"ק""ג",true,,35.00,35.0000,true,1,4126824
7290005505546,false,אגוזי לוז קלוי,,,אגוזי לוז קלוי,קילוגרמים,1.00,"ק""ג",true,,87.00,87.0000,true,1,4126862
7290005505553,false,פריקי,,,פריקי,קילוגרמים,1.00,"ק""ג",true,,29.00,29.0000,true,1,4181915
7290005505577,false,ציה,,,ציה,קילוגרמים,1.00,"ק""ג",true,,35.00,35.0000,true,1,4181917
7290005505645,false,אורגנו,,,אורגנו,קילוגרמים,1.00,"ק""ג",true,,79.00,79.0000,true,1,4181924
7290005505706,false,תבלין לפרגיות,,,תבלין לפרגיות,קילוגרמים,1.00,"ק""ג",true,,74.00,74.0000,true,1,6341932
7290005505782,false,תבלין לפיצה,,,תבלין לפיצה,קילוגרמים,1.00,"ק""ג",true,,60.00,60.0000,true,1,6341934
7290005505997,false,צימוק בהיר קטן,,,צימוק בהיר קטן,קילוגרמים,1.00,"ק""ג",true,,36.00,36.0000,true,1,6276012
7290005509445,false,עוגיות מיני קוקיס חמאה בצנצנת כרמית 600 גרם,כרמית תעשיות ממתקים,IL,עוגיות מיני קוקיס בט,גרמים,600.00,100 גרם,false,,15.90,0.0265,true,1,1017727
7290005559709,false,בורקס פיצה מעדנות 700 גרם,"מעדנות בע""\מ",IL,בורקס פיצה 700גר מעדנות,גרמים,700.00,100 גרם,false,,24.90,0.0356,true,1,1015294
7290005559907,false,פיצה משפחתית 100% גבינה מעדנות 500 גרם,מיוצר עי קונדיטוריית,IL,פיצה משפחתית גבינה מעדנות,גרמים,500.00,100 גרם,false,,16.90,0.0338,true,1,1015297
7290005559914,false,פיצה משפחתית עם 100% גבינה בתוספת זיתים מעדנות 550 גרם,מיוצר עי קונדיטוריית,IL,פיצה משפחתית זיתים מעדנות,גרמים,550.00,100 גרם,false,,16.90,0.0307,true,1,1015298
7290005559990,false,בצק פילאס תורכי מעדנות 600 גרם,מיוצר עי קונדיטוריית,IL,בצק פילאס תורכי 600גר מעד,גרמים,600.00,100 גרם,false,,19.90,0.0332,true,1,1015304
7290005591761,false,דבש טהור מפרחי בר בלחיץ 400 ג' יד מרדכי,מכוורת יד מרדכי שטראוס ב,IL,דבש טהור לחיץ 400 גר,גרמים,400.00,100 גרם,false,,19.90,0.0497,true,1,1018469
7290005609039,false,פילה נסיכת הנילוס טר,,,פילה נסיכת הנילוס טר,קילוגרמים,1.00,"ק""ג",true,,69.90,69.9000,true,1,6016374
7290005609138,false,פילה אמנון ענק טרי,,,פילה אמנון טרי,קילוגרמים,1.00,"ק""ג",true,,69.90,69.9000,true,1,6016375
7290005609336,false,פילה סלמון שלם טרי,,,פילה סלמון שלם טרי,קילוגרמים,1.00,"ק""ג",true,,89.90,89.9000,true,1,6016376
7290005609343,false,קרפיון נקי טרי,,,קרפיון נקי טרי,קילוגרמים,1.00,"ק""ג",true,,28.90,28.9000,true,1,6016448
7290005609510,false,בורי נקי טרי,,,בורי נקי טרי,קילוגרמים,1.00,"ק""ג",true,,34.90,34.9000,true,1,6016450
7290005678585,false,ענב סקרלוטהללא חרצן ארוז,ביכורי השקמה,IL,ענבים שחורים,קילוגרמים,1.00,"ק""ג",true,,15.50,15.5000,true,1,1217682
7290005680052,false,טמפונים סופר פלוס אובה 32 יחידות,גונסון אנד גונסון,GR,טמפונים סופר פלוס או,יח',32.00,יח',false,,19.90,0.6219,true,1,1017735
7290005684135,false,לחם מחמצת שיפון עם אגוזים 650 ג',המאפיה של הרמן,IL,לחם מחמצת שיפון עם א,גרמים,650.00,100 גרם,false,,14.90,0.0229,true,1,6314800
7290005684418,false,לחם כוסמין אורגני 700 גר,מאפיה מרחבית קרית שמונה,IL,לחם כוסמין מלא 700 ג,גרמים,700.00,100 גרם,false,,14.90,0.0213,true,1,1218711
7290005684579,false,לחם מחמצת כוסמין 700 גרם,המאפיה של הרמן,IL,לחם מחמצת כוסמין,גרמים,700.00,100 גרם,false,,14.90,0.0213,true,1,6230068
7290005692543,false,"נקניקיות מרגז חריפות קפוא 1 ק""ג מחפוד",,,נקניקיות מרגז חריפות,קילוגרמים,1.00,"ק""ג",false,,49.90,49.9000,true,1,6339045
7290005719189,false,לחם מחמצת שיפון אגוז,,,לחם מחמצת שיפון אגוז,יח',1.00,יח',false,,16.90,16.9000,true,1,5631439
7290005719462,false,עוגיות מנגלך טעם קינ,פילסברי,IL,מארז מינגלך קינמון,יח',1.00,יח',false,,19.90,19.9000,true,1,6355185
7290005838002,false,מעדן גבינה ויוגורט בטעם וניל 88 ג' דניאלה,"שטראוס בריאות בע""מ",IL,דניאלה בטעם וניל 150,מיליליטרים,150.00,"100 מ""ל",false,,3.90,0.0260,true,1,1032547
7290005838613,false,"סקי וניל בודד 125 גרם ""שטראוס""","שטראוס בריאות בע""\מ",IL,גבינת סקי בטעם וניל,גרמים,125.00,100 גרם,false,,3.70,0.0296,true,1,1032549
7290005839078,false,שמיניית יוגורט לבן 3% ביו דנונה 150 גרם,מיוצר עי קונדיטוריית,IL,יוגורט דנונה ביו לבן,ליטרים,1.20,ליטר,false,,15.80,13.1667,true,1,1032551
7290005839108,false,גבינה לבנה סימפוניה עם תוספות 200 ג'+זיתים 5%,"שטראוס בריאות בע""\מ",IL,סימפוניה ג.שמנת זיתי,גרמים,200.00,100 גרם,false,,10.40,0.0520,true,1,1032552
7290005839313,false,"מילקי טופ מגולגלת שטראוס 170 מ""ל",מיוצר עי קונדיטוריית,IL,מילקי טופ מגולגלת שט,מיליליטרים,170.00,"100 מ""ל",false,,4.50,0.0265,true,1,1032553
7290005896439,false,"בירה מכבי, בקבוק חוזר 500 מ''ל","טמפו משקאות בע""מ",IL,"מכבי חוזר 500 מ""ל בקבוק 2",מיליליטרים,500.00,"100 מ""ל",false,,6.90,0.0138,true,1,1070931
7290005896453,false,"בירה מכבי 7.9%, בירה חזקה, בקבוק חוזר 500 מ''ל",טמפו משקאות בע''מ,IL,גולדסטאר חוזר 500 בקבוק 2,מיליליטרים,500.00,"100 מ""ל",false,,6.90,0.0138,true,1,2228298
7290005906114,false,שעועית לוביה/ברבוניה,,,שעועית לוביה/ברבוניה,קילוגרמים,1.00,"ק""ג",true,,14.00,14.0000,true,1,5253763
7290005906312,false,אבקת שום,,,אבקת שום,קילוגרמים,1.00,"ק""ג",true,,74.90,74.9000,true,1,5253817
7290005906350,false,שומשום מלא,,,שומשום מלא,קילוגרמים,1.00,"ק""ג",true,,50.00,50.0000,true,1,5253821
7290005906404,false,זרעי שומר,,,זרעי שומר,קילוגרמים,1.00,"ק""ג",true,,60.00,60.0000,true,1,5253826
7290005906695,false,שקד ישראלי,,,שקד ישראלי,קילוגרמים,1.00,"ק""ג",true,,69.00,69.0000,true,1,5400238
7290005938245,false,ממרח פסטו קלאסי פרסקו 220ג' מצונן,מיוצר עי פרסקו חצבה,IL,ממרח פסטו קלאסי פרסק,גרמים,220.00,100 גרם,false,,17.90,0.0814,true,1,1024672
7290005938603,false,טפאנד זיתים ירוקים 220גר,פרסקו חצבה,IL,טפנד זיתים שחורים 22,גרמים,220.00,100 גרם,false,,17.90,0.0814,true,1,1024674
7290005938610,false,טפנד זיתים ירוקים 220 ג,פרסקו חצבה,IL,טפנד זיתים ירוקים 22,גרמים,220.00,100 גרם,false,,18.90,0.0859,true,1,1024675
7290005938627,false,ממרח עגבניות מיובשות פרסקו 220 גרם,פרסקו חצבה 2006 בעמ,IL,ממרח עגבניות מיובשות,גרמים,220.00,100 גרם,false,,17.90,0.0814,true,1,1024676
7290005981500,false,מייבש כלים איכותי,דגש,,מייבש כלים איכותי,יח',1.00,יח',false,,20.00,20.0000,true,1,1039459
7290005992018,false,"יוגורט עיזים לשתיה 3% מחלבות גד 500 מ""ל","מיוצר ע""\י קוד יצרן MKN",IL,יוגורט עיזים לשתיה 3,מיליליטרים,500.00,"100 מ""ל",false,,12.20,0.0244,true,1,1021252
7290005992575,false,גבינה בולגרית למריחה 5% גד 250 גרם,מחלבות גד בעמ,IL,גבינה בולגרית למריחה,גרמים,250.00,100 גרם,false,,15.90,0.0636,true,1,1021255
7290005992735,false,לאבנה טבעי 5 אחוז 250גרם גד,הנסיך- מפעל לייצור ט,IL,גבינת לאבנה 5% גד 25,גרמים,250.00,100 גרם,false,,11.90,0.0476,true,1,1021258
7290005996009,false,סלמי גלילי מעושן 400 ג' יחיעם,מעדני יחיעםn\,IL,סלמי גלילי מעושן 400,גרמים,400.00,100 גרם,false,,22.90,0.0572,true,1,5547375
7290005996078,false,סלמי סרוולט הונגרי יחיעם 150 גרם,מעדני יחיעם,IL,סרוולט בסגנון הונגרי,גרמים,200.00,100 גרם,false,,25.90,0.1295,true,1,6214765
7290006129345,false,אנטריקוט דק דק חלק 3,,,אנטריקוט דק דק,יח',1.00,יח',false,,33.90,33.9000,true,1,5489031
7290006133519,false,סינטה דק דק חלק קפוא,,,סינטה דק דק חלק 300,גרמים,300.00,100 גרם,false,,33.90,0.1130,true,1,5804180
7290006153432,false,כתף מרכזי קפוא,,,כתף מרכזי קפוא,קילוגרמים,1.00,"ק""ג",true,,37.90,37.9000,true,1,6268499
7290006185501,false,"פנינה רוזנבלום -אל סבון נוזלי ורוד,1 ליטר",פנינה רוזנבלום,IL,אל סבון נוזלי ורוד 1,ליטרים,1.00,ליטר,false,,8.90,8.9000,true,1,1031117
7290006185518,false,"פנינה רוזנבלום -אל סבון נוזלי כחול,1 ליטר",פנינה רוזנבלום,IL,אל סבון נוזלי כחול 1,ליטרים,1.00,ליטר,false,,8.90,8.9000,true,1,1031118
7290006199027,false,מאגדת גלידל וניל מצופה סורבה תות שדה [8],הגלידות של פלדמן,IL,"גלידל וניל פטל לל""ס",גרמים,600.00,100 גרם,false,,28.90,0.0482,true,1,5025914
7290006199218,false,"שמיניית גלידל אייס מוקה ""פלדמן""",הגלידות של פלדמן,IL,"גלידל קפוצינו לל""ס 8",גרמים,400.00,100 גרם,false,,28.90,0.0722,true,1,5025915
7290006199942,false,"שמיניית גלידל פרי דובדבן ""פלדמן""",הגלידות של פלדמן,IL,"גלידל פרי דובדבן לל""",גרמים,640.00,100 גרם,false,,20.90,0.0327,true,1,5025958
7290006229427,false,סן בנדטו - מים מינרלים - מארז שישיית 500 מל,קריות זול,IT,"סן בנדטו 500 מ""ל שישייה",ליטרים,3.00,ליטר,false,,11.90,3.9667,true,1,1017087
7290006235244,false,"קמיל בלו משחה לתינוק צמחי מרפא ד""ר פישר 100 גרם",פישר מעבדות פרמצבטיות בע,IL,'קמיל בלו צמחי מרפא פסטה,גרמים,100.00,100 גרם,false,,17.90,0.1790,true,1,1043696
7290006241504,false,"משקה תפוזים קפוא פריגת 340 מ""ל",פריגת מצוננים,IL,פריגת מיץ תפוזים קפו,גרמים,340.00,100 גרם,false,,9.90,0.0291,true,1,1012494
7290006241511,false,"משקה לימונענע מרוכז קפוא פריגת 280 מ""ל",היינץ צפון אמריקה מק,IL,משקה לימונענע מרוכז,מיליליטרים,280.00,"100 מ""ל",false,,9.90,0.0354,true,1,1012495
7290006241535,false,"משקה מנגו קפוא פריגת 340 מ""ל",היינץ צפון אמריקה מק,IL,פריגת מיץ מנגו קפוא,גרמים,340.00,100 גרם,false,,9.90,0.0291,true,1,1012496
7290006241689,false,"משקה לימונים מרוכז קפוא פריגת 280 מ""ל",היינץ צפון אמריקה מק,IL,משקה לימונים מרוכז ק,מיליליטרים,280.00,"100 מ""ל",false,,9.90,0.0354,true,1,1012497
7290006251107,false,תה צ'אי מסאלה ויסוצקי 25 יחידות,מולינו ניקולי s.p.a,IL,תה צ'אי מסאלה ויסוצק,גרמים,50.00,100 גרם,false,,17.50,0.3500,true,1,1027243
7290006251275,false,תה ירוק סיני קלאסי ויסוצקי 25 יחידות,תה ויסוצקי,IL,תה ירוק סיני קלאסי ו,גרמים,37.50,100 גרם,false,,22.90,0.6107,true,1,1027245
7290006251282,false,חליטת חמוציות הגן הקסום ויסוצקי 25 יחידות,תה ויסוצקי,IL,הגן הקסום תה חמוציות,יח',25.00,יח',false,,16.90,0.6760,true,1,5137519
7290006251343,false,חליטת פסיפלורה מנגו הגן הקסום ויסוצקי 25 יחידות,תה ויסוצקי,IL,הגן הקסום תה פסיפלור,יח',25.00,יח',false,,16.90,0.6760,true,1,5169461
7290006251374,false,תה ירוק לימונית וג'ינג'ר ויסוצקי 25 יחידות,תה ויסוצקי,IL,תה ירוק לימונית וג'י,יח',1.00,יח',false,,22.90,22.9000,true,1,1027248
7290006251589,false,תה ירוק עם עלי נענע 50 שקיקים ויסוצקי,בית ויסוצקי,IL,תה ירוק נענע ויסוצקי,גרמים,75.00,100 גרם,false,,39.90,0.5320,true,1,1027249
7290006256089,false,"יין אדום קברנה סוביניון גאטו נגרו 750 מ""ל",פינקה לה סליה,AR,יין אדום קברנה סובינ,מטרים,750.00,100 מ'ל,false,,35.90,0.0479,true,1,1024975
7290006256102,false,"יין אדום מרלו גאטו נגרו 750 מ""ל",פינקה לה סליה,AR,יין אדום מרלו גאטו נ,מטרים,750.00,100 מ'ל,false,,38.90,0.0519,true,1,1024976
7290006256775,false,"יין גאטו נגרו מלבק 750 מ""ל",פינקה לה סליה,AR,גאטו נגרו מלבק 750 מ,מטרים,750.00,100 מ'ל,false,,38.90,0.0519,true,1,6311444
7290006271174,false,ג'חנון לאפיה בתנור מעדנות 700 גרם,מיוצר עי קונדיטוריית,IL,גחנון בצק 700גר מעדנות,גרמים,700.00,100 גרם,false,,16.90,0.0241,true,1,1015305
7290006271648,false,מיני בורקס תפוחי אדמה מעדנות 800 גרם,"מעדנות בע""\מ",IL,"מיני בורקס תפו""א 800 גרם",גרמים,800.00,100 גרם,false,,19.90,0.0249,true,1,1015310
7290006271655,false,מיני בורקס גבינה מעדנות 800 גרם,מיוצר עי קונדיטוריית,IL,מיני בורקס גבינה 800 גרם,גרמים,800.00,100 גרם,false,,19.90,0.0249,true,1,1015311
7290006272072,false,חטיפי פיצה גבינה מעדנות 650 גרם,"מעדנות בע""\מ",IL,חטיפי פיצה מעדנות 65,גרמים,650.00,100 גרם,false,,27.90,0.0429,true,1,1015316
7290006272430,false,בצק עלים חמאה מעדנות 600 גרם,מיוצר עי קונדיטוריית,IL,בצק עלים חמאה 600גר,גרמים,600.00,100 גרם,false,,27.90,0.0465,true,1,1015317
7290006342645,false,טורטיה גדולה שקדיה 840 גרם 12 יחידות,אלקטי קוראבייכיסיגיד,TR,טורטיות 12 יח 840 גר,גרמים,840.00,100 גרם,false,,14.90,0.0177,true,1,1014771
7290006374738,false,קונפיטורית תות 340 גר' יד מרדכי,אף.סי תבליני בגליל ב,IL,קונפיטורת תות 340 גר,גרמים,340.00,100 גרם,false,,10.90,0.0321,true,1,1018475
7290006376046,false,סוכר דמררה פירימיום 1קג,ר.ס-.חברה ליבוא וייצור מ,IL,"סוכר דמררה שקית 1 ק""",יח',1.00,יח',false,,8.70,8.7000,true,1,1017245
7290006376053,false,סוכר חום רטוב פרימיום 1,ר.ס-.חברה ליבוא וייצור מ,IL,"סוכר חום 1 ק""ג פרימי",קילוגרמים,1.00,"לק""ג",false,,12.50,12.5000,true,1,6270994
7290006376329,false,ציפוי לשניצל בטעם קלאסי 350 גרם,,,ציפוי לשניצל בטעם קל,גרמים,350.00,100 גרם,false,,10.90,0.0311,true,1,1017254
7290006376336,false,ציפוי לשניצל בטעם מקסיקני 350 גרם,,,ציפוי לשניצל בטעם מק,גרמים,350.00,100 גרם,false,,10.90,0.0311,true,1,1017255
7290006376343,false,ציפוי לשניצל בטעם ים תיכוני 350ג' שקית,,,ציפוי לשניצל בטעם ים,גרמים,350.00,100 גרם,false,,10.90,0.0311,true,1,1017256
7290006429407,false,בייבי טעמן מחית בננה ותפוחי עץ 3 מארז 190X6ג',טעמן,IL,מחית בננה ותפוחי עץ,קילוגרמים,1.14,"ק""ג",false,,22.90,20.0877,true,1,1019229
7290006429506,false,חצאי אפרסקים 820 גרם טעמן,טעמן,IL,טעמן חצאי אפרסק 470,גרמים,470.00,100 גרם,false,,9.70,0.0206,true,1,1019230
7290006448026,false,נפוליאון גב.שמנת25% משקל,קריות זול,IL,נפוליאון גבינת שמנת,קילוגרמים,1.00,"ק""ג",true,,39.00,39.0000,true,1,6312837
7290006448033,false,גבינת שמנת זיתים נפוליאון 24% שומן 800 ג',תנובה,IL,נפוליאון גבינת שמנת,קילוגרמים,1.00,"ק""ג",true,,39.00,39.0000,true,1,6312838
7290006448040,false,גבינת שמנת שום שמיר נפוליאון 25% שומן 800 ג',תנובה,IL,נפוליאון גבינת שמנת,קילוגרמים,1.00,"ק""ג",true,,39.00,39.0000,true,1,6312839
7290006464385,false,סטייק טומהוק מיושן,מעדני הטלה והעגל,IL,סטייק טומהוק - כשר,קילוגרמים,1.00,"ק""ג",true,,150.00,150.0000,true,1,6372352
7290006492432,false,גבינת מוצרלה בייבי 18% גד 150 גרם,מחלבות גד בעמ,IL,גבינת מוצרלה בייבי 1,גרמים,150.00,100 גרם,false,,12.90,0.0860,true,1,1021264
7290006492616,false,גבינה בולגרית מעודנת פרוסות 5% גד 250 גרם,DSH עבור מחלבות גד ב,IL,גבינה בולגרית מעודנת,גרמים,250.00,100 גרם,false,,25.20,0.1008,true,1,1021266
7290006492630,false,גבינת פרומעז עיזים 22% גד 180 גרם,מחלבות גד בעמ,IL,גבינת פרומעז עיזים 2,גרמים,180.00,100 גרם,false,,17.90,0.0994,true,1,1021267
7290006492685,false,גבינת לאבנה 5% מחלב עזים גד 250 גרם,מחלבות גד בעמ,IL,גבינת לאבנה עיזים 5%,גרמים,250.00,100 גרם,false,,15.90,0.0636,true,1,1021269
7290006492852,false,גבינת עיזים למריחה 5% שומן 250 ג' גד,גבינות מדף,IL,גבינת עיזים 5% גד 25,גרמים,250.00,100 גרם,false,,15.90,0.0636,true,1,1021271
7290006494924,false,טוסו וופל קלאסי במילוי קרם לימון 200 גרם,"גילרו בע""מ",IL,טוסו ופל קלאסי בטעם,גרמים,180.00,100 גרם,false,,7.90,0.0439,true,1,1046228
7290006496225,false,"מי ורדים 750 מ""ל משקד",משקד,IL,"מי ורדים 750 מ""ל משק",מיליליטרים,750.00,"100 מ""ל",false,,11.90,0.0159,true,1,1025870
7290006498052,false,דנונה ביו יוגורט טבעי מהדרין 3% 150 ג',שטראוס גרופ,IL,דנונה 3% מהדרין 150מ,מטרים,150.00,100 מ'ל,false,,2.50,0.0167,true,1,1032555
7290006511157,false,פטריות שמפיניון שלמות ויליפוד,אוקצ'מפס אס.איי אויי,PL,פטריות שמפיניון שלמו,גרמים,230.00,100 גרם,false,,7.70,0.0335,true,1,1026909
7290006511904,false,גבינת אדם כדורים במשקל,ברגלנדמיל,NL,*מבצע* גבינת אדם כדו,קילוגרמים,1.00,"ק""ג",true,,55.00,55.0000,true,1,1026815
7290006618078,false,"מרסס לניקוי יסודי מטבח אסטוניש 750 מ""ל",יעקובי אסטוניש,GB,אסטוניש מרסס לניקוי,מיליליטרים,750.00,"100 מ""ל",false,,11.90,0.0159,true,1,1025986
7290006644480,false,תפוזינה תפוזים 0.5 ליטר,יפאורה שותפות מובגלת לשיווק,IL,תפוזינה תפוזים 0.5 ל,מיליליטרים,500.00,"100 מ""ל",false,,4.80,0.0096,true,1,1088323
7290006644510,false,"מיץ ענבים 500 מ""ל תפוזינה",יפאורה שותפות מובגלת לשיווק,IL,תפוזינה ענבים 0.5 לי,מיליליטרים,500.00,"100 מ""ל",false,,4.80,0.0096,true,1,1021366
7290006644527,false,תפוזינה תות בננה 0.5 ליטר,יפאורה שותפות מובגלת לשיווק,IL,תפוזינה תות בננה 0.5,מיליליטרים,500.00,"100 מ""ל",false,,4.80,0.0096,true,1,3670152
7290006651570,false,"קמיל בלו צמחי מרפא שמפו ואל סבון ד""ר פישר 750 מ""ל",פישר מעבדות פרמצבטיות בע,IL,קמיל בלו צמחי מרפא שמפו ו,מיליליטרים,750.00,"100 מ""ל",false,,17.90,0.0239,true,1,1043706
7290006653819,false,פתיתי קוסקוס דק 350 גרם,"מיוצר ע""י קוד יצרן K",IL,קוסקוס דק אסם 350 גר,גרמים,350.00,100 גרם,false,,7.50,0.0214,true,1,1020391
7290006660596,false,קמח עדשים אדומות ללא גלוטן 500 גרם,אף.סי תבליני בגליל ב,IL,קמח עדשים אדומות,גרמים,500.00,100 גרם,false,,16.90,0.0338,true,1,5049678
7290006660602,false,מי קוקוס אורגני גרין קוקו קרטונית 1 ליטר,בן טרה ג'וינט סטוק,VN,מי קוקוס אורגני 1 לי,מטרים,1000.00,100 מ'ל,false,,18.50,0.0185,true,1,5813034
7290006664051,false,"אקטימל לבן 1.51 ק""ג מארז 14 יחידות",מיוצר עי קונדיטוריית,IL,יוגורט אקטימל 14*100,ליטרים,1.40,ליטר,false,,28.90,20.6429,true,1,1032570
7290006664402,false,גבינה לבנה סקי 5% שומן 750 גרם,מיוצר עי קונדיטוריית,IL,גבינה לבנה סקי 5% שו,גרמים,750.00,100 גרם,false,,12.90,0.0172,true,1,1032575
7290006664532,false,יוגורט עם תות 3% שומן 150 ג' דנונה,מיוצר עי קונדיטוריית,IL,יוגורט דנונה תות 3%,מיליליטרים,150.00,"100 מ""ל",false,,3.50,0.0233,true,1,1032577
7290006664655,false,"אקטימל לבן טבעי מארז 100X8 מ""ל",מיוצר עי קונדיטוריית,IL,יוגורט אקטימל 8*100,מיליליטרים,800.00,"100 מ""ל",false,,19.90,0.0249,true,1,1032580
7290006664693,false,יוגורט עם אפרסק 3% שומן 150 ג' דנונה,מיוצר עי קונדיטוריית,IL,יוגורט דנונה אפרסק 3,מיליליטרים,150.00,"100 מ""ל",false,,3.50,0.0233,true,1,1032581
7290006664990,false,"יוגורט דנונה ביו לבן 1.7% שומן 8*150 מ""ל",מיוצר עי קונדיטוריית,IL,יוגורט דנונה ביו לבן,ליטרים,1.20,ליטר,false,,15.80,13.1667,true,1,1032585
7290006681003,false,גלידה תות לימון סורבה 1.33 ל' קרמיסימו,"גלידת שטראוס בע""\מ, רחוב",IL,קרמיסימו תות לימון ס,ליטרים,1.33,ליטר,false,,17.90,13.4586,true,1,1030951
7290006681553,false,קרמבו בטעם וניל שטראוס 8 יחידות,"גלידת שטראוס בע""\מ",IL,קרמבו בטעם וניל שטרא,יח',1.00,יח',false,,12.90,12.9000,true,1,1030957
7290006681560,false,קרמבו בטעם מוקה שטראוס 8 יחידות,"גלידת שטראוס בע""\מ",IL,קרמבו בטעם מוקה שטרא,יח',1.00,יח',false,,12.90,12.9000,true,1,1030958
7290006696717,false,תירוש מוסקט לבן אפרת 1 ליטר,יקב טפרברג 1870 בעמ,IL,מיץ ענבים לבן 1 לי,ליטרים,1.00,ליטר,false,,12.90,12.9000,true,1,1026199
7290006703903,false,מעדני הטלה טחון בקר,מעדני הטלה,,טחון בקר 1 קג חלק,קילוגרמים,1.00,"ק""ג",false,,39.80,39.8000,true,1,3320206
7290006712981,false,"משחת שיניים קולגייט ספיידרמן מגיל שש 50 מ""ל",הנסיך- מפעל לייצור ט,PL,משחת שיניים לילדים ב,גרמים,50.00,100 גרם,false,,11.90,0.2380,true,1,1017740
7290006714381,false,טחון עוף 500 גר,מעדני הטלה והעגל,,טחון עוף 500גר,גרמים,500.00,100 גרם,false,,12.90,0.0258,true,1,3320207
7290006714398,false,טחון הודו 500 גר,לאטי עזרא,,טחון הודו 500גר,גרמים,500.00,100 גרם,false,,12.90,0.0258,true,1,3320317
7290006737878,false,מארז קרטוניה סביבון \נר 80ג',,IL,מארז לחנוכה,יח',1.00,יח',false,,6.90,6.9000,true,1,2054920
7290006738615,false,קבב פרימיום זהב 100% בשר זוגלובק 400 ג',נקניק נהריה כשר זוגל,IL,קבב זהב זוגלובק 400,גרמים,400.00,100 גרם,false,,19.90,0.0497,true,1,1027459
7290006739124,false,בצק עלים פילאס 500ג' זוגלובק,זוגלובק,IL,בצק פילאס 500גר זוגל,גרמים,500.00,100 גרם,false,,11.90,0.0238,true,1,1094405
7290006739131,false,בצק גולמי פילו זוגלובק 500ג',מאפיית אריאל,IL,בצק פילו 500גר זוגלו,גרמים,500.00,100 גרם,false,,11.90,0.0238,true,1,1094406
7290006739292,false,נקניק פסטרמה פרגיות ציפוי תירס,נקניק נהריה כשר זוגל,IL,פסטרמה תבור 2% זוגלו,גרמים,330.00,100 גרם,false,,25.90,0.0785,true,1,1027461
7290006739421,false,נקניק סלמי מעושן איטלקי זוגלובק 300 גרם,נקניק נהריה כשר זוגל,IL,נקניק סלמי מעושן איט,גרמים,300.00,100 גרם,false,,24.90,0.0830,true,1,1027466
7290006739445,false,שניצל תירס קלאסי 750 ג' זוגלובק,נקניק נהריה כשר זוגל,IL,שניצל תירס קלאסי 750,גרמים,750.00,100 גרם,false,,21.90,0.0292,true,1,1027467
7290006739544,false,נקניק כתף בקר 3% 300 גרם,זוגלובק,IL,נקניק כתף בקר 3% 300,גרמים,300.00,100 גרם,false,,25.90,0.0863,true,1,1027468
7290006742315,false,פסטרמה חזה הודו ברביקיו 2% זוגלובק 330 גרם,נקניק נהריה כשר זוגל,IL,פסטרמה חזה הודו ברבי,גרמים,330.00,100 גרם,false,,25.90,0.0785,true,1,1027501
7290006753915,false,מיני מרגז חריפות 500 גרם,מעדני הטלה והעגל,IL,מיני מרגז חריפות 500,גרמים,500.00,100 גרם,false,,28.90,0.0578,true,1,6347840
7290006753922,false,נקניקיות מיני צ'וריס,מעדני הטלה והעגל,IL,מיני צוריסוס 500 גרם,גרמים,500.00,100 גרם,false,,28.90,0.0578,true,1,6347841
7290006753953,false,המבורגר אנטריקוט 500 גרם,מעדני הטלה והעגל,IL,המבורגר אנטריקוט 500,גרמים,500.00,100 גרם,false,,37.90,0.0758,true,1,6347844
7290006764058,false,"בירה לבנה נשר בקבוק חוזר 500 מ""ל","טמפו משקאות בע""\מt\",IL,נשר לבן חוזר 500 בקבוק 20,מיליליטרים,500.00,"100 מ""ל",false,,5.00,0.0100,true,1,1075744
7290006764072,false,"בירה גולדסטאר בקבוק 500 מ""ל חוזר","טמפו משקאות בע""\מ",IL,גולדסטאר חוזר 500 בקבוק 2,מיליליטרים,500.00,"100 מ""ל",false,,6.90,0.0138,true,1,1017090
7290006764096,false,"בירה איגל 500 מ""ל 3.8% בקבוק חוזר","טמפו משקאות בע""\מ",IL,גולדסטאר חוזר 500 בקבוק 2,מיליליטרים,500.00,"100 מ""ל",false,,5.80,0.0116,true,1,2429565
7290006764157,false,"בירה גולדסטאר Unfiltered, בירה לא מסוננת, בקבוק חוזר 500 מ""ל",טמפו משקאות בע''מ,IL,בירה גולדסטאר לא מסו,מיליליטרים,500.00,"100 מ""ל",false,,8.80,0.0176,true,1,5259832
7290006764485,false,"בירה שחורה נשר מאלט שישייה ח""פ 330*6 מ''ל","טמפו משקאות בע""\ם.",IL,"נשר מאלט ח""פ 330 בקבוק מש",ליטרים,1.98,ליטר,false,,26.90,13.5859,true,1,1017093
7290006765000,false,טורטיה מקמח מלא שקדיה 540 גרם,אלקטי קוראבייכיסיגיד,TR,טורטיה 12 יח קמח מלא,גרמים,540.00,100 גרם,false,,9.90,0.0183,true,1,4731851
7290006784339,false,"תרסיס לניקוי רהיט סנט מוריץ 300 מ""ל",קומפלקס כימיקלים,IL,תרסיס לניקוי רהיט סנ,מיליליטרים,300.00,"100 מ""ל",false,,9.90,0.0330,true,1,1030789
7290006784346,false,"סנט מוריץ תרסיס לניקוי שטיחים 630 מ""ל",קומפלקס כימיקלים בעמ,IL,תרסיס לניקוי שטיחים,מיליליטרים,630.00,"100 מ""ל",false,,15.90,0.0252,true,1,1030790
7290006784414,false,"PURE מבשם כביסה בניחוח מלון ספא 500 מ""ל",קומפלקס כימיקלים,TR,מבשם כביסה מלון ספא,מטרים,500.00,100 מ'ל,false,,9.90,0.0198,true,1,6330934
7290006784483,false,"PURE מבשם אוויר ניחוח חופשה בסנט מוריץ 400 מ""ל",קומפלקס כימיקלים,TR,מבשם אוויר בניחוח חו,מטרים,400.00,100 מ'ל,false,,7.90,0.0198,true,1,6330937
7290006784650,false,מסיר אבנית מתז 750 מל רמי לוי,,,מסיר אבנית מתז 750 מ,מיליליטרים,750.00,"100 מ""ל",false,,8.30,0.0111,true,1,1860791
7290006784674,false,נוזל כלים רמי לוי ור,,,נוזל כלים רמי לוי ור,מיליליטרים,750.00,"100 מ""ל",false,,5.90,0.0079,true,1,2027958
7290006784681,false,נוזל כלים רמי לוי אוקיינוס 750 מל,,,נוזל כלים רמי לוי או,מיליליטרים,750.00,"100 מ""ל",false,,5.90,0.0079,true,1,2027959
7290006784698,false,נוזל כלים רמי לוי הי,,,נוזל כלים רמי לוי הי,מיליליטרים,750.00,"100 מ""ל",false,,5.90,0.0079,true,1,2027960
7290006784704,false,נוזל כלים רמי לוי פרדסים 750 מל,,,נוזל כלים רמי לוי פר,מיליליטרים,750.00,"100 מ""ל",false,,5.90,0.0079,true,1,2027961
7290006784728,false,נוזל כלים ירוק למון ליים 750 מל רמי לוי,,,נוזל כלים ירוק למון,מיליליטרים,750.00,"100 מ""ל",false,,5.90,0.0079,true,1,2669016
7290006784735,false,נוזל כלים פרחי אביב 750 מל רמילוי,,,נוזל כלים פרחי אביב,מיליליטרים,750.00,"100 מ""ל",false,,5.90,0.0079,true,1,2669017
7290006784742,false,נוזל כלים 750 מל לבנדר רמי לוי,,,נוזל כלים 750 מל לבנ,מיליליטרים,750.00,"100 מ""ל",false,,5.90,0.0079,true,1,2669018
7290006784766,false,נוזל חלונות 1ליטר רמי לוי,,,נוזל חלונות 1ליטר רמ,ליטרים,1.00,ליטר,false,,4.90,4.9000,true,1,2165129
7290006784797,false,נוזל לניקוי כלים 4 ליטר,,,נוזל לניקוי כלים 4 ל,ליטרים,4.00,ליטר,false,,22.50,5.6250,true,1,2247018
7290006784810,false,נוזל כלים לימון 1.6 רמילוי,,,נוזל כלים לימון 1.6,ליטרים,1.60,ליטר,false,,9.90,6.1875,true,1,3859785
7290006784827,false,נוזל כלים לימון ירוק 1.6 רמילוי,,,נוזל כלים לימון ירוק,ליטרים,1.60,ליטר,false,,9.90,6.1875,true,1,3859786
7290006784858,false,"ג""ל לניקוי אסלה 750 מל",,,"ג""ל לניקוי אסלה 750",מיליליטרים,750.00,"100 מ""ל",false,,6.20,0.0083,true,1,5151809
7290006784865,false,סנט מוריץ לניקוי משטחי מטבחים מרוכז ועוצמתי 1ל',קומפלקס כימיקלים בעמ,IL,סנט מוריץ מרסס מטבחי,100 מל,1000.00,100 מל,false,,9.90,0.0099,true,1,5207105
7290006784988,false,תרסיס אקונומיקה בריח לימון 1לי,,,תרסיס אקונומיקה בריח,מטרים,1000.00,100 מ'ל,false,,9.90,0.0099,true,1,5902539
7290006784995,false,תרסיס אקונומיקה בריח לבנדר 1לי,,,תרסיס אקונומיקה בריח,יח',1.00,יח',false,,9.90,9.9000,true,1,5902540
7290006788399,false,"דאו רול און נושם סנסיטיב ירוק קרליין 75 מ""ל",אמיליה קוסמטיקס בעמ,IL,דאודורנט קרליין רול,גרמים,75.00,100 גרם,false,,10.90,0.1453,true,1,1044682
7290006788405,false,"קרליין - נושם אקטיב דאודורנט רול און לאישה ברודו 75 מ""ל",מיוצר עי : אמיליה קוסמטי,IL,דאודורנט קרליין רול,גרמים,75.00,100 גרם,false,,10.90,0.1453,true,1,1044683
7290006788412,false,"קרליין - נושם אקווה דאודורנט רול און לאישה כחול 75 מ""ל",אמיליה קוסמטיקס בעמ,IL,דאודורנט קרליין רול,גרמים,50.00,100 גרם,false,,10.90,0.2180,true,1,1044684
7290006788436,false,"קרליין - נושם פיור דאודורנט רול און לאישה ורוד 75 מ""ל",משווק: קוסמופארם בעמ,IL,דאודורנט קרליין רול,גרמים,75.00,100 גרם,false,,10.90,0.1453,true,1,1044686
7290006788450,false,"קרליין - נושם סנסטיב דאודורנט ספריי לאישה ירוק 200 מ""ל",מיוצר עי : אמיליה קו,IL,דאודורנט קרליין ספרי,מיליליטרים,200.00,"100 מ""ל",false,,10.90,0.0545,true,1,1044688
7290006788467,false,"קרליין - נושם אקטיב דאודורנט ספריי לאישה בורדו 200 מ""ל",מיוצר עי : אמיליה קוסמטי,IL,דאודורנט קרליין ספרי,מיליליטרים,200.00,"100 מ""ל",false,,10.90,0.0545,true,1,1044689
7290006788474,false,"קרליין - נושם אקווה דאודורנט ספריי לאישה כחול 200 מ""ל",אמיליה קוסמטיקס,IL,דאודורנט קרליין ספרי,גרמים,75.00,100 גרם,false,,10.90,0.1453,true,1,1044690
7290006788481,false,"קרליין - נושם סאן רייס דאודורנט ספריי לאישה כתום 200 מ""ל",מיוצר עי : אמיליה קוסמטי,IL,דאודורנט קרליין ספרי,מיליליטרים,200.00,"100 מ""ל",false,,10.90,0.0545,true,1,1044691
7290006788498,false,"קרליין - נושם פיור דאודורנט ספריי לאישה ורוד 200 מ""ל",מיוצר עי : אמיליה קוסמטי,IL,דאודורנט קרליין ספרי,מיליליטרים,200.00,"100 מ""ל",false,,10.90,0.0545,true,1,1044692
7290006788504,false,"קרליין - נושם אוקסיג'ן דאודורנט ספריי לאישה סגול 200 מ""ל",מיוצר עי : אמיליה קוסמטי,IL,דאודורנט קרליין ספרי,מיליליטרים,200.00,"100 מ""ל",false,,10.90,0.0545,true,1,1044693
7290006788559,false,"טיטניום ICE דאודורנט תרסיס ספריי 180 מ""ל",אמיליה קוסמטיקס בעמ,IL,דאו ספריי טיטניום 18,מיליליטרים,180.00,"100 מ""ל",false,,14.90,0.0828,true,1,1044694
7290006789617,false,"קרם לחות לתלתול טבעי לשיער גלי עד מתולתל 10 קרליין 400 מ""ל",מיוצר עי : אמיליה קוסמטי,IL,קרם לחות לתלתול טבעי,מיליליטרים,400.00,"100 מ""ל",false,,16.90,0.0422,true,1,1044710
7290006789631,false,"קרם לחות לשיער רגיל קרליין 400 מ""ל",מיוצר עי : אמיליה קוסמטי,IL,קרם לחות 10 לשיער רג,מיליליטרים,400.00,"100 מ""ל",false,,16.90,0.0422,true,1,1044712
7290006789648,false,"קרם לחות לשיער יבש 10 קרליין 400 מ""ל","אמיליה קוסמטיקס בע""מ",IL,קרם לחות לשיער יבש 1,מיליליטרים,400.00,"100 מ""ל",false,,16.90,0.0422,true,1,1044713
7290006789655,false,"קרם לחות לסירוק קל לשיער מתולתל ומקורזל 10 קרליין 400 מ""ל",מיוצר עי : אמיליה קוסמטי,IL,קרם לחות לסירוק קל ל,מיליליטרים,400.00,"100 מ""ל",false,,16.90,0.0422,true,1,1044714
7290006804051,false,בורקס גבינה פילסברי,פילסברי,,בורקס גבינה פילסברי,קילוגרמים,1.00,"ק""ג",true,,42.00,42.0000,true,1,1012794
7290006804082,false,קרואסון ביס שוקולד פ,פילסברי,,קרואסון ביס שוקולד פ,קילוגרמים,1.00,"ק""ג",true,,42.00,42.0000,true,1,1012797
7290006804143,false,מאפה מתוק/מלוח פילסב,פילסברי,,מאפה מתוק/מלוח פילסב,קילוגרמים,1.00,"ק""ג",true,,42.00,42.0000,true,1,1012801
7290006804334,false,לחמניית כריך ילדים ל,,,לחמניית כריך ילדים ל,יח',1.00,יח',false,,1.70,1.7000,true,1,6198787
7290006805355,false,"פילסברי, כדורים בטעם שוקולד, תערובת להכנת כדורים בטעם שוקולד. 500 גרם.",הדקלאים אגודת שיתופי,IL,תערובת להכנת כדורי ש,גרמים,500.00,100 גרם,false,,15.90,0.0318,true,1,1028437
7290006805362,false,חצי באגט מאפית,פילסברי,,חצי באגט מאפית,יח',1.00,יח',false,,3.20,3.2000,true,1,5063080
7290006805850,false,פילסברי פנקייק תערובת להכנת חביתיות,הדקלאים אגודת שיתופי,IL,תערובת להכנת פנקייק,גרמים,500.00,100 גרם,false,,15.90,0.0318,true,1,1028438
7290006805881,false,בייגל ירושלמי וינואז,פילסברי,,חלת בגט,יח',1.00,יח',false,,7.90,7.9000,true,1,2791831
7290006806499,false,לחמנייה דגנים וגרעינ,,,לחמניה עם קמח מלא,יח',1.00,יח',false,,3.90,3.9000,true,1,2688872
7290006822192,false,נקטר דיאט חמוציות אושן ספריי פריגת 1 ליטר,מבשלות בירה בינלאומיות ב,IL,נקטר דיאט חמוציות או,ליטרים,1.00,ליטר,false,,11.00,11.0000,true,1,1013173
7290006855183,false,ברבריא חטיף תמרים שומשום אגוז מלך 30*4,טבעית מוצרים מן הטבע,IL,חטיף בר תמרים אגוזי,גרמים,120.00,100 גרם,false,,14.90,0.1242,true,1,1123169
7290006855206,false,חטיף בר שזיפים קוקוס ואוכמניות מארז 120 גרם,טבעית מוצרים מן הטבע,IL,חטיף בר שזיפים קוקוס,גרמים,120.00,100 גרם,false,,14.90,0.1242,true,1,1123170
7290006855251,false,ברבריא חטיף קשיו חמוציות וסילאן 120 גרם,טבעית מוצרים מן הטבע בעמ,IL,חטיף בר קשיו אגוזי מ,גרמים,120.00,100 גרם,false,,14.90,0.1242,true,1,1123172
7290006866967,false,נקטר חמוציות פרימור 1 ליטר,סטאר סנקס,IL,נקטר חמוציות 1ליטר בבקבוק,ליטרים,1.00,ליטר,false,,8.80,8.8000,true,1,1012031
7290006920447,false,"גבינת פיצרלה מגורדת בד""צ 500 גר'",צי תעשיות מזון יבנה,IL,כפיר פיצרלה פתיתים ב,גרמים,500.00,100 גרם,false,,20.90,0.0418,true,1,1014960
7290006936059,false,משח.כלים בריח לימון 3.5ק,קליר כימיקלים,,משחת כלים ברבור 3.5,ליטרים,3.50,ליטר,false,,24.90,7.1143,true,1,1030587
7290006983152,false,קרוטונים מתובלים למרק אסם 400 גרם,עינת תעשיות מזון אגו,IL,קרוטונים מתובלים למר,גרמים,400.00,100 גרם,false,,17.90,0.0447,true,1,1020405
7290006983176,false,אוסם - לחמית שיפון 250 גרם,"אסם השקעות בע""\מ",IL,לחמית שיפון אסם 250,גרמים,250.00,100 גרם,false,,7.90,0.0316,true,1,1020406
7290006983206,false,תערובת להכנת פלפל קלי קלות 180 גרם,"אסם השקעות בע""\מ",IL,תערובת להכנת פלאפל א,גרמים,180.00,100 גרם,false,,9.50,0.0528,true,1,1020407
7290006983527,false,עוגת הבית תפוחי עץ עם פירורים 400 ג' אסם,מיוצר עי קונדיטוריית,IL,עוגת הבית תפוחי עץ ו,גרמים,400.00,100 גרם,false,,14.90,0.0373,true,1,1020410
7290006983763,false,עוגת הבית שוקולד אסם 400 גרם,מיוצר עי קונדיטוריית,IL,עוגת הבית שוקולד אסם,גרמים,400.00,100 גרם,false,,10.90,0.0273,true,1,1020411
7290006983770,false,עוגת הבית שיש אסם 400 גרם,מיוצר עי קונדיטוריית,IL,עוגת הבית שיש אסם 40,גרמים,400.00,100 גרם,false,,10.90,0.0273,true,1,1020412
7290006983787,false,עוגת הבית שוקולד צ'יפס אסם 400 גרם,מיוצר עי קונדיטוריית,IL,עוגת הבית שוקולד צ'י,גרמים,400.00,100 גרם,false,,10.90,0.0273,true,1,1020413
7290006983794,false,עוגת הבית בטעם תפוז אסם 400 גרם,מיוצר עי קונדיטוריית,IL,עוגת הבית בטעם תפוז,גרמים,400.00,100 גרם,false,,10.90,0.0273,true,1,1020414
7290006992161,false,מטרנה - דייסת קורנפלור פרוביוטי 200 גרם,מולינו ניקולי s.p.a,IL,מטרנה דייסת קורנפלור,גרמים,200.00,100 גרם,false,,12.90,0.0645,true,1,1020418
7290006992185,false,"מטרנה - דייסת אורז פרוביוטי כשל""פ 200 גרם",מולינו ניקולי s.p.a,IL,מטרנה דייסת אורז 200,גרמים,200.00,100 גרם,false,,12.90,0.0645,true,1,1020420
7290006992192,false,דייסה מטרנה סולת פרוביוטיקה,מטרנה תעשיות ש.מ,IL,מטרנה דייסת סולת 200,גרמים,200.00,100 גרם,false,,12.90,0.0645,true,1,1020421
7290006992208,false,מטרנה דייסת 8 דגנים מעורבים 200 גרם,מטרנה תעשיות ש.מ,IL,מטרנה דייסת 8 דגנים,גרמים,200.00,100 גרם,false,,12.90,0.0645,true,1,1020422
7290006992390,false,"מטרנה - דייסת וניל פרוביוטי כשל""פ 200 גרם",מולינו ניקולי s.p.a,IL,מטרנה דייסת וניל 200,גרמים,200.00,100 גרם,false,,12.90,0.0645,true,1,1020424
7290007800182,false,בדי בדיקה 18 יחידות,סריג צח,,בדי בדיקה 18 יחידות,יח',18.00,יח',false,,7.00,0.3889,true,1,1033317
7290008000246,false,"פמינה - שטיפה אינטימית מועשר באלוורה 220 מ""ל",פמינה,IL,שטיפה אינטימית אלוור,מיליליטרים,220.00,"100 מ""ל",false,,23.90,0.1086,true,1,1035057
7290008000598,false,"קרם ידיים שאו 100 מ""ל",כצט,IL,"SHOW קרם ידיים 100 מ""ל",מטרים,100.00,100 מ'ל,false,,5.90,0.0590,true,1,1035063
7290008000796,false,"סופרמן משחת שיניים לילדים בטעם פירות כצט 50 מ""ל",כצט נוביס,IL,משחת שיניים סופרמן,מטרים,50.00,100 מ'ל,false,,10.90,0.2180,true,1,1035068
7290008000826,false,"משחת שיניים לילדים בטעם פירות לגילאים 2-6 כצט 50 מ""ל",כצט נוביס,IL,"משחת שיניים ברבי 50 מ""ל",יח',1.00,יח',false,,10.90,10.9000,true,1,1035071
7290008101264,false,זרעי צ'יה תבליני מימון 150 גרם,,IL,תבלין מימון זרעי צ'י,גרמים,150.00,100 גרם,false,,14.50,0.0967,true,1,4473923
7290008101660,false,תבלין לפיצה רמילוי,,,תבלין לפיצה רמילוי,יח',1.00,יח',false,,5.90,5.9000,true,1,5203482
7290008101691,false,צ'ילי גרוס 80ג רמילוי,,,צ'ילי גרוס 80ג רמילו,גרמים,80.00,100 גרם,false,,8.60,0.1075,true,1,5203484
7290008101721,false,תבלין על האש 100ג רמילוי,,,תבלין על האש 100ג רמ,גרמים,100.00,100 גרם,false,,8.60,0.0860,true,1,5203486
7290008101738,false,תערובת חווג' למרק 100ג רמילוי,,,תערובת חווג' למרק 10,גרמים,100.00,100 גרם,false,,8.60,0.0860,true,1,5203487
7290008101776,false,קארי 100ג רמילוי,,,קארי 100ג רמילוי,גרמים,100.00,100 גרם,false,,8.60,0.0860,true,1,5203547
7290008101783,false,זעתר ושומשום שקית 80ג רמילוי,,,זעתר ושומשום שקית 80,גרמים,80.00,100 גרם,false,,4.90,0.0613,true,1,5203491
7290008101790,false,אורגנו שקית רמילוי,,,אורגנו שקית רמילוי,יח',1.00,יח',false,,4.90,4.9000,true,1,5478418
7290008101813,false,פפריקה חריפה שקית 80גר רמילוי,,,פפריקה חריפה שקית 80,גרמים,80.00,100 גרם,false,,4.90,0.0613,true,1,5203493
7290008102087,false,סירופ מייפל 700מל רמי לוי,,,סירופ מייפל 700מל רמ,מטרים,700.00,100 מ'ל,false,,9.90,0.0141,true,1,6283525
7290008102094,false,סירופ שוקולד 700מל רמי לוי,,,סירופ שוקולד 700מל ר,מטרים,700.00,100 מ'ל,false,,9.90,0.0141,true,1,6283526
7290008102896,false,אבקת אפייה עשירייה רמילוי,,,אבקת אפייה עשירייה ר,יח',1.00,יח',false,,1.60,1.6000,true,1,6200829
7290008102902,false,סוכר וניל עשירייה רמילוי,,,סוכר וניל עשירייה רמ,יח',1.00,יח',false,,1.90,1.9000,true,1,6200830
7290008102933,false,שומשום 200גר רמילוי,,,שומשום 200גר רמילוי,גרמים,200.00,100 גרם,false,,5.50,0.0275,true,1,6200832
7290008102957,false,שומשום 500גר רמילוי,,,שומשום 500גר רמילוי,גרמים,500.00,100 גרם,false,,12.90,0.0258,true,1,6200834
7290008154222,false,שניצלונים עוף טוב 700 גרם,"מוצרי עוף טוב (2001) בע""",IL,שניצלונים בציפוי מעו,גרמים,700.00,100 גרם,false,,13.90,0.0199,true,1,1020429
7290008175210,false,גבינת פרמזן מגורדת 90ג' ויליפוד,זנטי אס.איי.,IT,פרמזנו מגורדת וילי פ,גרמים,90.00,100 גרם,false,,14.90,0.1656,true,1,1026916
7290008175814,false,וילי פוד פטריות שמפניון חתיכות 400 גר`,"אוקצ'מפ אס, איי אויי",PL,פטריות חתוכות וילי פ,גרמים,230.00,100 גרם,false,,4.80,0.0209,true,1,1043984
7290008175906,false,גבינת עיזים קשה וילי,אלמטאה,NL,גבינת עיזים שקיל,קילוגרמים,1.00,"ק""ג",true,,99.00,99.0000,true,1,1143582
7290008190633,false,לקקן כרמית בטעם תות,כרמית,TR,לקקן תות 110 יחידות,גרמים,990.00,100 גרם,false,,26.90,0.0272,true,1,1017755
7290008190909,false,עוגיות מיני קוקיס שוקולד צ'יפס בצנצנת כרמית 600 גרם,כרמית תעשיות ממתקים,IL,עוגיות מיני קוקיס שו,גרמים,600.00,100 גרם,false,,15.90,0.0265,true,1,1017761
7290008202022,false,צלעות טרי,,,צלעות טרי,קילוגרמים,1.00,"ק""ג",true,,59.90,59.9000,true,1,6160218
7290008202039,false,חזה בקר טרי,,,חזה בקר טרי,קילוגרמים,1.00,"ק""ג",true,,54.90,54.9000,true,1,6160219
7290008202046,false,כתף טרי,,,כתף טרי,קילוגרמים,1.00,"ק""ג",true,,64.90,64.9000,true,1,6160220
7290008202053,false,צלי כתף טרי,,,צלי כתף טרי,קילוגרמים,1.00,"ק""ג",true,,98.90,98.9000,true,1,6160221
7290008202060,false,פילה מדומה טרי,,,פילה מדומה טרי,קילוגרמים,1.00,"ק""ג",true,,79.90,79.9000,true,1,6160222
7290008202077,false,שריר טרי,,,שריר טרי,קילוגרמים,1.00,"ק""ג",true,,64.90,64.9000,true,1,6160223
7290008202084,false,אסאדו ללא עצם טרי,,,אסאדו ללא עצם טרי,קילוגרמים,1.00,"ק""ג",true,,59.90,59.9000,true,1,6160224
7290008202091,false,צוואר טרי,,,צוואר טרי,קילוגרמים,1.00,"ק""ג",true,,54.90,54.9000,true,1,6160225
7290008202121,false,סינטה טרי,,,סינטה טרי,קילוגרמים,1.00,"ק""ג",true,,119.90,119.9000,true,1,6160244
7290008202138,false,פילה עגל טרי,,,פילה עגל טרי,קילוגרמים,1.00,"ק""ג",true,,189.90,189.9000,true,1,6160245
7290008202183,false,לב הצלע טרי,,,לב הצלע טרי,קילוגרמים,1.00,"ק""ג",true,,74.90,74.9000,true,1,6160247
7290008202213,false,פילה אמנון קפוא עם ע,,,פילה אמנון קפוא עם ע,קילוגרמים,1.00,"ק""ג",true,,22.90,22.9000,true,1,6219345
7290008202367,false,נתחי פילה סלמון קפוא,,,נתחי פילה סלמון קפוא,קילוגרמים,1.00,"ק""ג",true,,69.90,69.9000,true,1,6273698
7290008202565,false,פילה בורי,,,פילה בורי,קילוגרמים,1.00,"ק""ג",true,,89.90,89.9000,true,1,6181946
7290008202602,false,רצועות להקפצה פרימיו,,,רצועות להקפצה פרימיו,קילוגרמים,1.00,"ק""ג",true,,79.90,79.9000,true,1,6252726
7290008202732,false,דנוור סטייק אנטריקוט,,,דנוור סטייק אנטריקוט,קילוגרמים,1.00,"ק""ג",true,,99.90,99.9000,true,1,6252734
7290008202848,false,גולש פרמיום,,,גולש פרמיום,קילוגרמים,1.00,"ק""ג",true,,79.90,79.9000,true,1,6226093
7290008202862,false,שניצל עגל פרמיום,,,שניצל עגל פרמיום,קילוגרמים,1.00,"ק""ג",true,,79.90,79.9000,true,1,6226095
7290008202923,false,פילה סלמון קפוא עם ע,,,פילה סלמון קפוא עם ע,קילוגרמים,1.00,"ק""ג",true,,64.90,64.9000,true,1,6273529
7290008202930,false,מנות פילה סלמון טרי,,,מנות פילה סלמון טרי,קילוגרמים,1.00,"ק""ג",true,,99.90,99.9000,true,1,6243794
7290008259514,false,בוטני חטיף בוטנים 25ג רמילוי,,,בוטני חטיף בוטנים 25,יח',1.00,יח',false,,1.00,1.0000,true,1,6130768
7290008259521,false,בוטני חטיף בוטנים 80ג רמילוי,,,בוטני חטיף בוטנים 80,יח',1.00,יח',false,,2.90,2.9000,true,1,6130769
7290008259538,false,בוטני חטיף בוטנים 25*10 רמי לוי,,,בוטני חטיף בוטנים 25,גרמים,250.00,100 גרם,false,,8.90,0.0356,true,1,6130770
7290008263641,false,קוואקר עדין אורגני 500 גרם - הרדוף,אול אורגני,IL,'קוואקר עדין אורגני,גרמים,500.00,100 גרם,false,,10.90,0.0218,true,1,1013618
7290008322317,false,אנטריקוט לתנור קפוא,,,*מבצע* אנטריקוט לתנו,קילוגרמים,1.00,"ק""ג",true,,59.90,59.9000,true,1,6333305
7290008330107,false,מרכך כביסה בדין סגול 4 ליטר,יוניליור ישראל טיפוח איש,IL,בדין מרכך כביסה סגול,ליטרים,4.00,ליטר,false,,19.90,4.9750,true,1,1022172
7290008333115,false,אבקת גלטין טהור נטו 28 גרם,מאיר עזרא ובניו,IL,אבקת גלטין טהור נטו,יח',1.00,יח',false,,9.50,9.5000,true,1,1024678
7290008344258,false,המבורגר מזרחי טיבון ויל 400 גרם,"טיבון ויל אחזקות בע""\מ",IL,המבורגר מזרחי טיבון,גרמים,400.00,100 גרם,false,,20.90,0.0522,true,1,1024712
7290008344272,false,המבורגר 100% טיבון ויל 400 גרם,טיבון ויל אחזקות בעמ,IL,המבורגר 100% טיבון ו,גרמים,400.00,100 גרם,false,,17.90,0.0447,true,1,1024714
7290008347211,false,אצבעות דג מצופות דלידג 700 גרם,אף.סי תבליני בגליל ב,IL,אצבעות דג מצופות דלי,גרמים,700.00,100 גרם,false,,19.90,0.0284,true,1,1024732
7290008350150,false,בצק פילו מצונן מרודד שף שגב,,IL,בצק פילו מצונן מרודד,יחידה,0.00,יחידה,false,,14.90,0.0000,true,1,6417589
7290008409049,false,שניצלונים בציפוי שומשום מיני מיני דק מאמא עוף 500 גרם,תנובה גליל שותפות מוגבלת,IL,מיני שניצלונים בציפו,גרמים,500.00,100 גרם,false,,24.90,0.0498,true,1,1015340
7290008409100,false,אצבעות שניצל בציפוי שומשום מאמא עוף 700 גרם,תנובה גליל שותפות מוגבלת,IL,אצבעות שניצל בציפוי,גרמים,700.00,100 גרם,false,,29.90,0.0427,true,1,1015341
7290008409124,false,שניצל ג'ונגל פריך 700 ג' מאמא עוף,תנובה גליל שותפות מוגבלת,IL,שניצל גונג'ל מאמא עו,גרמים,700.00,100 גרם,false,,29.90,0.0427,true,1,1015343
7290008409216,false,שניצל דק דק פריך מאמא עוף 700 גרם,תנובה גליל,IL,שניצל דק דק פריך מאמ,גרמים,700.00,100 גרם,false,,39.90,0.0570,true,1,1015345
7290008409315,false,שניצלונים בציפוי פריך מיני מיני דק מאמא עוף 500 גרם,תנובה גליל,IL,מיני שניצלונים בציפו,גרמים,500.00,100 גרם,false,,24.90,0.0498,true,1,1015351
7290008409407,false,שניצל דק צ'יפס מאמא עוף 700 גרם,תנובה גליל שותפות מוגבלת,IL,מאמא עוף שניצל דק צי,גרמים,700.00,100 גרם,false,,39.90,0.0570,true,1,1015355
7290008409551,false,שניצל עוף אמיתי בציפוי מעודן 700 ג' מאמא עוף,תנובה גליל שותפות מוגבלת,IL,שניצל עוף בציפוי מעו,גרמים,700.00,100 גרם,false,,29.90,0.0427,true,1,1015362
7290008409568,false,שניצל עוף אמיתי בציפוי שבבי ציפס 700 גר,תנובה גליל שותפות מוגבלת,IL,שניצל צ'יפס אמיתי מא,גרמים,700.00,100 גרם,false,,38.90,0.0556,true,1,1015363
7290008409582,false,שניצל עוף אמיתי בציפוי ביתי מאמא עוף 700 גרם,תנובה גליל שותפות מוגבלת,IL,שניצל עוף אמיתי בציפ,גרמים,700.00,100 גרם,false,,29.90,0.0427,true,1,1015365
7290008409605,false,כוכבי עוף בציפוי מעודן מאמא עוף 700 גרם,תנובה גליל שותפות מוגבלת,IL,כוכבי עוף בציפוי מעו,גרמים,700.00,100 גרם,false,,29.90,0.0427,true,1,1015366
7290008443265,false,תחליב לחות לרחצה אל סבון נוזלי נקה 7 2 ליטר,אמיליה קוסמטיקס,IL,תחליב לחות לרחצה אל,ליטרים,2.00,ליטר,false,,24.90,12.4500,true,1,1044738
7290008443616,false,"מרכך לשיער יבש אדום נקה 7 750 מ""ל","אמיליה קוסמטיקס בע""מ",IL,מרכך לשיער יבש נקה 7,מיליליטרים,750.00,"100 מ""ל",false,,9.90,0.0132,true,1,1044741
7290008443630,false,"שמפו לשיער מתולתל סגול נקה 7 750 מ""ל",אמיליה קוסמטיקס בע'\'\מ,IL,שמפו לשיער מתולתל נק,מיליליטרים,750.00,"100 מ""ל",false,,9.90,0.0132,true,1,1044743
7290008443647,false,"מרכך לשיער מתולתל סגול, 750 מ""ל נקה 7","אמיליה קוסמטיקס בע""מ",IL,מרכך לשיער מתולתל נק,מיליליטרים,750.00,"100 מ""ל",false,,9.90,0.0132,true,1,1044744
7290008461221,false,סרדינים רוברט בשמן חמניות 115 גרם,"רמירז, מטוסינוס",PT,סרדינים בשמן חמניות,גרמים,84.00,100 גרם,false,,6.90,0.0821,true,1,1024736
7290008461238,false,סרדינים בשמן חמניות ופלפל חריף רוברט 84 גרם,קונסוורס,PT,סרדינים בשמן חמניות,גרמים,115.00,100 גרם,false,,6.90,0.0600,true,1,1024737
7290008462204,false,חרדל דיז'ון מקורי נטו מאי 380 גרם,יוניליבר צרפת,FR,חרדל דיז'ון מקורי נט,גרמים,380.00,100 גרם,false,,14.90,0.0392,true,1,1024739
7290008464024,false,"בירה גולדסטאר Unfiltered, בירה לא מסוננת, פחית 500 מ""ל","טמפו משקאות בע""מ",IL,גולדסטאר לא מסונן פחית 50,מיליליטרים,500.00,"100 מ""ל",false,,7.90,0.0158,true,1,1089816
7290008464109,false,"בירה גולדסטאר Unfiltered, בירה לא מסוננת, בקבוק 330 מ""ל","טמפו משקאות בע""מ",IL,"גולדסטאר 330 מ""ל",מיליליטרים,330.00,"100 מ""ל",false,,7.90,0.0239,true,1,1097178
7290008464130,false,"בירה גולדסטאר Unfiltered, בירה לא מסוננת, מארז שישייה, בקבוק 330 מ""ל",טמפו,IL,"גולדסטאר לא מסונן ח""פ 330",ליטרים,1.98,ליטר,false,,31.90,16.1111,true,1,1017102
7290008464208,false,"בירה מכבי 7.9%, בירה חזקה, בקבוק 330 מ''ל",טמפו משקאות בע''מ,IL,בירה מכבי 7.9 330 מל,מיליליטרים,330.00,"100 מ""ל",false,,7.00,0.0212,true,1,3220362
7290008464345,false,"בירה גולדסטאר, בקבוק 330 מ''ל",טמפו משקאות בע''מ,IL,"גולדסטאר בק 330 מ""ל",מיליליטרים,330.00,"100 מ""ל",false,,5.90,0.0179,true,1,1016949
7290008464468,false,"בירה גולדסטאר, פחית 500 מ""ל","טמפו משקות בע""\מ",IL,גולדסטאר 500 פחית 24 יח',מיליליטרים,500.00,"100 מ""ל",false,,7.90,0.0158,true,1,1017105
7290008464475,false,"בירה מכבי, פחית 500 מ""ל","טמפו משקאות בע""\מ",IL,מכבי 500 פחית 24 יח',מיליליטרים,500.00,"100 מ""ל",false,,6.90,0.0138,true,1,1017106
7290008464604,false,"בירה הייניקן פחית 500 מ""ל",טמפו משקאות בע''מ,NL,היינקן הולנד 500 פחית 24,מיליליטרים,500.00,"100 מ""ל",false,,11.80,0.0236,true,1,1017107
7290008464673,false,"בירה גולדסטאר SLOWBREW פחית 10%, 500 מ""ל","טמפו משקאות בע""\מ",IL,בירה גולדסטאר פחית 5,מיליליטרים,500.00,"100 מ""ל",false,,7.90,0.0158,true,1,5291393
7290008464697,false,"בירה מכבי 7.9%, בירה חזקה, מארז שישייה, בקבוק 330 מ""ל",טמפו,IL,"מכבי חזקה 7.9% ח""פ 330 בק",ליטרים,1.98,ליטר,false,,29.90,15.1010,true,1,1145949
7290008464703,false,"שישיית בירה מכבי בקבוק 330 מ""ל",טמפו משקאות בע''מ,IL,"מכבי ח""פ 330 בקבוק שישייה",מיליליטרים,330.00,"100 מ""ל",false,,29.90,0.0906,true,1,1017108
7290008464734,false,"שישיית בירה גולדסטאר לאגר SLOW BREW בקבוק 330 מ""ל",טמפו משקאות בע''מ,IL,גולדסטאר SLOWBREW שי,מיליליטרים,330.00,"100 מ""ל",false,,34.90,0.1058,true,1,2205178
7290008464741,false,"בירה גולדסטאר, מארז שישייה, בקבוק 330 מ''ל","טמפו משקאות בע""\מ",IL,"גולדסטאר ח""פ 330 בקבוק שי",מיליליטרים,330.00,"100 מ""ל",false,,32.90,0.0997,true,1,1017111
7290008464796,false,"בירה היינקן, מארז שישייה, בקבוק 330 מ''ל",טמפו משקאות בע''מ,IL,היינקן cities 330 בקבוק ח,ליטרים,1.98,ליטר,false,,29.90,15.1010,true,1,1017114
7290008470759,false,מסטיק אורביט ספירמינט מארז שמינייה,אורביט,FR,מסטיק סטיקס בטעם מנט,גרמים,40.00,100 גרם,false,,13.90,0.3475,true,1,1012310
7290008472302,false,כתף כבש עם עצם,,,כתף כבש עם עצם,קילוגרמים,1.00,"ק""ג",true,,99.90,99.9000,true,1,6310982
7290008472654,false,צלי כתף בקר קפוא אור,,,צלי כתף בקר קפוא אור,קילוגרמים,1.00,"ק""ג",true,,84.90,84.9000,true,1,6364241
7290008472661,false,פילה מדומה בקר קפוא,,,פילה מדומה בקר קפוא,קילוגרמים,1.00,"ק""ג",true,,44.90,44.9000,true,1,6364242
7290008472821,false,גבינה צהובה 28%.,,,גבינה צהובה 28%.,קילוגרמים,1.00,"ק""ג",true,,31.00,31.0000,true,1,6405024
7290008493413,false,פירורי לחם מאיר בייגל פירורי גריסיני 200 גרם,מאיר את ביגל,IL,פירורים גריסיני 200גרם,גרמים,200.00,100 גרם,false,,5.90,0.0295,true,1,1027898
7290008493703,false,בייגלה שמיניות מלח אריזה שקופה מאיר בייגל 300 גרם,מאיר את ביגל,IL,שמיניות מלח באריזה שקופה,גרמים,300.00,100 גרם,false,,4.90,0.0163,true,1,1198185
7290008493710,false,פרורי גריסני זהב פירורי לחם מאיר בייגל 200 גרם,מאיר את ביגל,IL,פרורי גריסני זהב 200 גרם,גרמים,200.00,100 גרם,false,,5.90,0.0295,true,1,1179761
7290008496629,false,שניצל אמנון בציפוי פרורי לחם רמילוי,,,שניצל אמנון בציפוי פ,גרמים,400.00,100 גרם,false,,22.90,0.0572,true,1,6359215
7290008496698,false,נתחי דג אלסקה ובציפוי פרורי לחם רמי לוי,,,נתחי דג אלסקה ובציפו,גרמים,400.00,100 גרם,false,,19.90,0.0497,true,1,6359217
7290008496896,false,אצבעות אמנון עם דגנים במרינדה לימון רמילוי,,,אצבעות אמנון עם דגני,גרמים,400.00,100 גרם,false,,22.90,0.0572,true,1,6359219
7290008496902,false,נגיסי שיבוט פסיפי בציפוי פנקו רמילוי,,,נגיסי שיבוט פסיפי בצ,גרמים,400.00,100 גרם,false,,24.90,0.0622,true,1,6390122
7290008500128,false,עוגת שמרים פרימיום ש,ב- פילסברי (ג'נל מיל,IL,עוגת שמרים שוקולד 60,גרמים,500.00,100 גרם,false,,24.90,0.0498,true,1,6281931
7290008500142,false,עוגת שמרים עם תפוח ע,ב- פילסברי (ג'נל מיל,IL,"עוגת שמרים תפו""ע 600",גרמים,500.00,100 גרם,false,,21.90,0.0438,true,1,6281933
7290008500159,false,עוגת שמרים פרימיום ג,ב- פילסברי (ג'נל מיל,IL,עוגת שמרים פילסברי,גרמים,500.00,100 גרם,false,,21.90,0.0438,true,1,6281934
7290008504003,false,נתחים לתבשיל קידרה פ,,,נתחים לתבשיל קידרה פ,קילוגרמים,1.00,"ק""ג",true,,79.90,79.9000,true,1,6253099
7290008504034,false,מיני לחמניות המבורגר,,,מיני לחמניות המבורגר,יח',1.00,יח',false,,12.90,12.9000,true,1,6254899
7290008504041,false,רבע בגט 10 יח,,,רבע בגט 10 יח,יח',1.00,יח',false,,16.90,16.9000,true,1,6254900
7290008504065,false,חצי בגט כפרי 4יח,,,חצי בגט כפרי 4יח,יח',1.00,יח',false,,11.90,11.9000,true,1,6254902
7290008504072,false,ג'בטה 4 יחידות,,,ג'בטה 4 יחידות,יח',1.00,יח',false,,15.90,15.9000,true,1,6254903
7290008504447,false,דונאטס חלבי,,,דונאטס חלבי,יח',1.00,יח',false,,7.90,7.9000,true,1,6260805
7290008504898,false,פילה אמנון קפוא עם ע,,,פילה אמנון קפוא עם ע,קילוגרמים,1.00,"ק""ג",true,,22.90,22.9000,true,1,6295364
7290008505499,false,דונאטס,,,דונאטס,יח',1.00,יח',false,,6.90,6.9000,true,1,6256990
7290008507172,false,נקניקיות צוריסוס פרימיום ארוז חלק 700 גר,א.ג.ש מלכה,IL,נקניקיות צוריסוס פרי,גרמים,700.00,100 גרם,false,,35.90,0.0513,true,1,6281625
7290008614559,false,שריר הזרוע מס 8 חלק,לחוביץ,XX,בשר 8 קפוא חלק,קילוגרמים,1.00,"ק""ג",true,,37.90,37.9000,true,1,6446289
7290008636193,false,כמון בצנצנת מיה 300 גרם,מיה תעשיות מזון מ.ת.מ. ב,IL,כמון מיה 300 גרם,גרמים,300.00,100 גרם,false,,14.90,0.0497,true,1,1024031
7290008636209,false,כורכום בצנצנת מיה 300 גרם,מיה תעשיות מזון מ.ת.מ. ב,IL,מיה כורכום 300 ג,גרמים,300.00,100 גרם,false,,14.90,0.0497,true,1,1024032
7290008636650,false,קמח מצה מיה 500 גרם,מיה תעשיות מזון,IL,קמח מצה,גרמים,500.00,100 גרם,false,,7.90,0.0158,true,1,1024040
7290008644112,false,סלט מטבוחה יום יום אחלה 125 גרם,"שטראוס גרופ בע""\מ",IL,סלט מטבוחה אחלה 125,גרמים,125.00,100 גרם,false,,4.70,0.0376,true,1,1032588
7290008644235,false,עלי בייבי שטראוס 120 גרם,שטראוס בריאות ירקות טריי,IL,עלי בייבי שטראוס 120,גרמים,120.00,100 גרם,false,,9.90,0.0825,true,1,1032589
7290008644945,false,לקט לסלט המושבה שטראוס 450 גרם,שטראוס בריאות ירקות טריי,IL,לקט לסלט המושבה שטרא,גרמים,450.00,100 גרם,false,,10.90,0.0242,true,1,1032595
7290008645935,false,חומוס לניגוב אחלה 750 ג',"שטראוס גרופ בע""\מ",IL,חומוס אחלה 750 גרם,גרמים,750.00,100 גרם,false,,9.90,0.0132,true,1,1032601
7290008670012,false,"יין אדום קברנה סוביניון רקנאטי 750 מ""ל",תות ממתקי איכות,IL,יין אדום קברנה סובינ,מיליליטרים,750.00,"100 מ""ל",false,,49.90,0.0665,true,1,1024981
7290008670029,false,"יין אדום מרלו רקנאטי 750 מ""ל",תות ממתקי איכות,IL,יין אדום מרלו רקנאטי,מיליליטרים,750.00,"100 מ""ל",false,,49.90,0.0665,true,1,1024982
7290008670210,false,"יין אדום שירז רקנאטי אחים שקד 750 מ""ל",תות ממתקי איכות,IL,יין אדום שירז רקנאטי,מיליליטרים,750.00,"100 מ""ל",false,,53.50,0.0713,true,1,1024985
7290008679411,false,כפפות לבית ולמטבח קט,קריות זול,TH,כפפות לבית ולמטבח,יח',1.00,יח',false,,7.10,7.1000,true,1,1013627
7290008679428,false,כפפות הנדי לבית ולמטבח בינוני,קריות זול,TW,כפפות לבית בינוני,יח',1.00,יח',false,,5.90,5.9000,true,1,1013628
7290008679435,false,כפפות לבית ולמטבח גד,קריות זול,TH,כפפות לבית גדול,יח',1.00,יח',false,,5.90,5.9000,true,1,1013629
7290008679459,false,כפפות הנדי רגישות במיוחד בינוני,רנמארק,TH,כפפות רגישות בינוני,יח',1.00,יח',false,,5.90,5.9000,true,1,1013631
7290008679466,false,כפפות רגישות גדול הנדי,קריות זול,TH,כפפות רגישות גדול,יח',1.00,יח',false,,5.90,5.9000,true,1,1013632
7290008690713,false,נקטר חמוציות אושן ספריי פריגת 1 ליטר,מבשלות בירה בינלאומיות ב,IL,נקטר חמוציות אושן ספ,ליטרים,1.00,ליטר,false,,11.50,11.5000,true,1,1013190
7290008693134,false,מעדן גבינה ויוגורט בטעם תות 5% שומן 88 ג' דניאלה,"שטראוס בריאות בע""מ",IL,דניאלה בטעם תות 150,מיליליטרים,150.00,"100 מ""ל",false,,3.90,0.0260,true,1,1032602
7290008713016,false,לחם שבעה דגנים קל פרוס אנג'ל 500 גרם,מאפיית שלמה א. אנג'\ל בע,IL,לחם שבעה דגנים קל פר,גרמים,500.00,100 גרם,false,,14.50,0.0290,true,1,1017368
7290008713900,false,לחם שיפון עגול פרוס אנג'ל 750 גרם,מאפיית אנג'\ל אורנים מאפ,IL,לחם שיפון עגול פרוס,גרמים,750.00,100 גרם,false,,12.50,0.0167,true,1,1017377
7290008719018,false,סטייק עם עצם פרוס,,,*מבצע* סטייק עם עצם,קילוגרמים,1.00,"ק""ג",true,,69.90,69.9000,true,1,6365106
7290008719322,false,כתף מרכזי קפוא,,,כתף מרכזי קפוא,קילוגרמים,1.00,"ק""ג",true,,44.90,44.9000,true,1,6447955
7290008745239,false,תפוצ'יפס קראנצ' בטעם טבעי עלית 50 גרם,"שטראוס פריטו ליי בע""\מ )",IL,תפוצ'יפס קראנצ' בטעם,גרמים,50.00,100 גרם,false,,3.50,0.0700,true,1,1026253
7290008747547,false,תפוצ'יפס קראנץ' בטעם טבעי עלית 200 גרם,"שטראוס פריטו ליי בע""\מ )",IL,תפוצ'יפס קראנץ' בטעם,גרמים,200.00,100 גרם,false,,9.90,0.0495,true,1,1026255
7290008750264,false,"מסטיק מאסט ציקלס דובדבן 28 גרם לל""ס מגדים","שטראוס גרופ בע""מ",IL,מסטיק MUST בטעם דובד,גרמים,28.00,100 גרם,false,,4.00,0.1429,true,1,1018490
7290008753111,false,תפוצ'יפס קראנץ' בטעם מקסיקני עלית 50 גרם,"שטראוס פריטו ליי בע""\מ )",IL,תפוצ'יפס קראנץ' בטעם,גרמים,50.00,100 גרם,false,,3.50,0.0700,true,1,1026259
7290008754415,false,גומי מאסט בטעם ספירמינט עדין פליפטופ 28 ג' עלית,"שטראוס גרופ בע""מ",IL,מסטיק MUST ללא סוכר,גרמים,28.00,100 גרם,false,,4.00,0.1429,true,1,1018501
7290008754422,false,גומי מאסט בטעם פפרמינט קלאסי פליפטופ 28 ג' עלית,"שטראוס גרופ בע""מ",IL,מסטיק MUST בטעם מנטה,גרמים,28.00,100 גרם,false,,4.00,0.1429,true,1,1018502
7290008757980,false,קרטונית ספרינג נקטר רימונים 1 ליטר,יפאורה שותפות מובגלת לשיווק,IL,נקטר רימונים ספרינג,ליטרים,1.00,ליטר,false,,6.50,6.5000,true,1,1021383
7290008775816,false,ערגליות עוגיות במילוי שוקולד אסם 300 גרם,מיוצר עי קונדיטוריית,IL,ערגליות עוגיות במילו,גרמים,300.00,100 גרם,false,,7.90,0.0263,true,1,1020451
7290008775823,false,ערגליות עוגיות תות שדה אסם 300 גרם,מיוצר עי קונדיטוריית,IL,ערגליות במילוי תות א,גרמים,300.00,100 גרם,false,,7.90,0.0263,true,1,1020452
7290008801010,false,"יין קברנה סוביניון מרלו פרייוט קולקשן 750 מ""ל",אגודת הכורמים הקאופו,IL,ין קברנה /מרלו פרייב,מיליליטרים,750.00,"100 מ""ל",false,,39.90,0.0532,true,1,1030438
7290008801119,false,"יין סוביניון בלאן סלקטד כרמל 750 מ""ל",אגודת הכורמים הקואופרטיב,IL,יין סוביניון בלאן סל,מיליליטרים,750.00,"100 מ""ל",false,,28.80,0.0384,true,1,1030439
7290008801157,false,"יין מרלו סלקטד כרמל כרמל 750 מ""ל",כרמל מזרחי,IL,יין מרלו סלקטד יקבי,מיליליטרים,750.00,"100 מ""ל",false,,28.80,0.0384,true,1,1030440
7290008801478,false,"יין טופז זהב כרמל 750 מ""ל",כרמל מזרחי,IL,יין טופז זהב יקבי כר,מיליליטרים,750.00,"100 מ""ל",false,,17.90,0.0239,true,1,1030443
7290008801522,false,יין קינג דויד קונקורד אדום מתוק 750 מל,אגודת הכורמים הקואופרטיב,IL,יין קונקורד קינג דיו,מיליליטרים,750.00,"100 מ""ל",false,,18.80,0.0251,true,1,1030444
7290008801539,false,יין כרמל 120 קינג דיוויד יקבי כרמל,אגודת הכורמים הקואופרטיב,IL,יין כרמל 120 קינג די,מיליליטרים,750.00,"100 מ""ל",false,,18.80,0.0251,true,1,1030445
7290008801546,false,יין מוסקט מתוק קינג דיוויד יקבי כרמל,אגודת הכורמים הקואופרטיב,IL,יין מוסקט מתוק קינג,מיליליטרים,750.00,"100 מ""ל",false,,18.80,0.0251,true,1,1030446
7290008801843,false,"יין קברנה סוביניון סלקטד כרמל 750 מ""ל","כד בני דרום בע""מ",IL,יין קברנה סוביניון ס,מיליליטרים,750.00,"100 מ""ל",false,,28.80,0.0384,true,1,1030447
7290008801850,false,סלקטד אמרלד ריזלינג לבן חצי יבש 750 מל,אגודת הכורמים הקואופרטיב,IL,יין אמרלד ריזלינג סל,מיליליטרים,750.00,"100 מ""ל",false,,28.80,0.0384,true,1,1030448
7290008802291,false,יין מרלו פרייבט קולקשן יקבי כרמל,אגודת הכורמים הקואופרטיב,IL,יין מרלו פרייבט קולק,מיליליטרים,750.00,"100 מ""ל",false,,39.90,0.0532,true,1,1030449
7290008802512,false,"יין וינו אדום ""כרמל מזרחי""","כד בני דרום בע""מ",IL,יין וינו אדום יקבי כ,מיליליטרים,750.00,"100 מ""ל",false,,18.90,0.0252,true,1,1030450
7290008802529,false,"יין לבן חצי יבש וינו 750 מ""ל",כרמל מזרחי,IL,יין וינו לבן יקבי כר,מיליליטרים,750.00,"100 מ""ל",false,,18.90,0.0252,true,1,1030451
7290008802895,false,יין קברנה סוביניון פרייבט קולקשן יקבי כרמל,אגודת הכורמים הקאופורטיב,IL,יין קברנה סוביניון פ,מיליליטרים,750.00,"100 מ""ל",false,,39.90,0.0532,true,1,1030452
7290008804332,false,יין שיראז פרייבט קולקשן יקבי כרמל,אגודת הכורמים הקואופרטיב,IL,יין שיראז פרייבט קול,מיליליטרים,750.00,"100 מ""ל",false,,39.90,0.0532,true,1,1030458
7290008805049,false,יין רוזה חצי יבש סלקטד 2016 750 מל,"כד בני דרום בע""מ",IL,יין רוזה סלקטד יקבי,מיליליטרים,750.00,"100 מ""ל",false,,28.80,0.0384,true,1,1030466
7290008805384,false,סלקטד מוסקטו לבן מבעבע 750 מל 2016,אגודת הכורמים הקואופרטיב,IL,יין מוסקטו סלקטד יקב,מיליליטרים,750.00,"100 מ""ל",false,,28.80,0.0384,true,1,1030467
7290008805520,false,"יין קברנה/סוביניון סלקטד כרמל 750 מ""ל","כד בני דרום בע""מ",IL,יין קברנה /מרלו סלקט,מיליליטרים,750.00,"100 מ""ל",false,,28.80,0.0384,true,1,1030468
7290008806985,false,נישנושים גלידה שוקו וניל בציפוי שוקולד 60 יח' קרמיסימו,"גלידת שטראוס בע""\מ, רחוב",IL,נשנושים שטראוס קרמיס,גרמים,630.00,100 גרם,false,,39.80,0.0632,true,1,1030970
7290008815468,false,"שקית ואקום דגש 55*85 ס""מ",דגש,,שקית ואקום דגש 55*85,יח',1.00,יח',false,,14.90,14.9000,true,1,1039477
7290008836265,false,"נינוה יין לבן מוסקט אלכסנדרוני יקבי אפרת 750 מ""ל",יקב טפרברג 1870 בעמ,IL,נינוה יין לבן מוסקט,מיליליטרים,750.00,"100 מ""ל",false,,24.90,0.0332,true,1,1026207
7290008836272,false,"יין אדום נינוה מוסקט המבורג יקבי אפרת 750 מ""ל",יקב טפרברג 1870 בעמ,IL,יין אדום נינוה מוסקט,מיליליטרים,750.00,"100 מ""ל",false,,24.90,0.0332,true,1,1026208
7290008836401,false,יין אדום מתוק ישן נושן אפרת 1 ליטר,יקב טפרברג 1870 בעמ,IL,יין אדום מתוק ישן נו,ליטרים,1.00,ליטר,false,,16.90,16.9000,true,1,1026211
7290008836425,false,יין קל אפרת 1 ליטר,יקב טפרברג 1870 בעמ,IL,יין קל אפרת 1 ליטר,ליטרים,1.00,ליטר,false,,16.90,16.9000,true,1,1026213
7290008836494,false,מיץ ענבים תירוש אדום אפרת 1 ליטר,יקב טפרברג 1870 בעמ,IL,מיץ ענבים רכיבים טבע,ליטרים,1.00,ליטר,false,,12.90,12.9000,true,1,1026215
7290008846219,false,"שמן זית כתית מעולה חלוצה 750 מ""ל",האי נאם סי או אל.טי.,IL,שמן זית כתית מעולה ח,מיליליטרים,750.00,"100 מ""ל",false,,39.90,0.0532,true,1,1024741
7290008849470,false,פלפל צ'ומה חריף אוליביה 185 גרם,אוליביה גורמה בעמ,IL,פלפל צומה 185 גר',גרמים,185.00,100 גרם,false,,12.90,0.0697,true,1,1013637
7290008849586,false,רוטב לעוף ריבת בצל אוליביה 310 גרם,קריות זול,IL,רוטב לעוף ריבת בצל,גרמים,310.00,100 גרם,false,,12.80,0.0413,true,1,1013642
7290008849609,false,רוטב לעוף שום דבש אוליביה 330 גרם,אוליביה גורמה (1996),IL,רוטב לעוף שום דבש,מיליליטרים,330.00,"100 מ""ל",false,,12.80,0.0388,true,1,1013643
7290008849739,false,רוטב סויה אמיתי אוליביה 310 גרם,קריות זול,IL,רוטב סויה אמיתי,מיליליטרים,290.00,"100 מ""ל",false,,15.90,0.0548,true,1,1013645
7290008849753,false,רוטב טריאקי אוליביה 300 גרם,מיוצר עי קונדיטוריית,IL,רוטב טריאקי,מיליליטרים,290.00,"100 מ""ל",false,,12.80,0.0441,true,1,1013647
7290008849777,false,רוטב צ'ילי מתוק אוליביה 345 גרם,קריות זול,IL,רוטב צ'ילי מתוק,גרמים,350.00,100 גרם,false,,12.80,0.0366,true,1,1013649
7290008866019,false,ברי עיזים בייבי28% משקל,גבינות יעקבס,IL,ברי עיזים בייבי,קילוגרמים,1.00,"ק""ג",true,,139.00,139.0000,true,1,6331286
7290008899376,false,לחמניית קשר,פילסברי,,לחמניית קשר,יח',1.00,יח',false,,2.50,2.5000,true,1,6198788
7290008899505,false,בגט לבן פילסברי 250,פילסברי,,באגט,גרמים,250.00,100 גרם,false,,4.80,0.0192,true,1,1012929
7290008899512,false,באגט כפרי פילסברי,פילסברי,,בגט פילסברי,יח',1.00,יח',false,,4.80,4.8000,true,1,1012881
7290008899758,false,קוקיס שוקולד חלב (חל,פילסברי,,עוגיות קוקיס חלבי,קילוגרמים,1.00,"ק""ג",true,,47.00,47.0000,true,1,1012893
7290008945202,false,גלילונית שקיות אשפה ענק 90/75 50 יח,"קילט ניהול פרוייקטים בע""מ",IL,גלילונית לאשפה משרדית 50י,יח',50.00,יח',false,,12.70,0.2540,true,1,1046245
7290008975551,false,תחליף חלב מטרנה מהדרין שלב 3 חלבי 700 גרם,מולינו ניקולי s.p.a,IL,תחליף חלב מהדרין שלב,גרמים,700.00,100 גרם,false,,47.90,0.0684,true,1,1020464
7290010002009,false,תערובת לציפוי מאפים מלוחים מימון 130 גרם,תבליני מימון,,זנגביל הודי תבליני מ,גרמים,130.00,100 גרם,false,,11.50,0.0885,true,1,6314457
7290010002023,false,כורכום הודי טחון תבליני מימון 100 גרם,א.ל ייצור ושיווק תבלינים,IL,כורכום הודי טחון 100 גרם,גרמים,100.00,100 גרם,false,,11.50,0.1150,true,1,1011837
7290010002030,false,תבלין כמון טחון תבליני מימון 100 גרם,א.ל ייצור ושיווק תבלינים,IL,כמון 100 גרם,גרמים,100.00,100 גרם,false,,11.50,0.1150,true,1,1011838
7290010002047,false,תבלין מלח לימון תבליני מימון 200 גרם,א.ל ייצור ושיווק תבלינים,IL,מלח לימון 200 גרם,גרמים,200.00,100 גרם,false,,9.50,0.0475,true,1,1011839
7290010002061,false,פלפל לבן טחון תבליני מימון 100 גרם,א.ל ייצור ושיווק תבל,IL,פלפל לבן טחון 100 גרם,גרמים,100.00,100 גרם,false,,16.90,0.1690,true,1,1011841
7290010002078,false,פלפל שחור טחון תבליני מימון 100 גרם,א.ל ייצור ושיווק תבלינים,IL,פלפל שחור טחון 100 גרם,גרמים,100.00,100 גרם,false,,14.50,0.1450,true,1,1011842
7290010002092,false,תבלין פלפל שחור גרוס דק תבליני מימון 90,א.ל ייצור ושיווק תבלינים,IL,פלפל שחור גרוס דק 90 גרם,גרמים,90.00,100 גרם,false,,14.50,0.1611,true,1,1011844
7290010002108,false,תבלין פלפל שחור גרוס גס תבליני מימון 90,א.ל ייצור ושיווק תבלינים,IL,פלפל שחור גרוס גס 90 גרם,גרמים,90.00,100 גרם,false,,14.50,0.1611,true,1,1011845
7290010002122,false,פפריקה הונגרית מתוקה תבליני מימון 100 גרם,א.ל ייצור ושיווק תבלינים,IL,פפריקה הונגרית מתוקה 100,גרמים,100.00,100 גרם,false,,11.50,0.1150,true,1,1011847
7290010002139,false,פפריקה הונגרית חריפה תבליני מימון 100 גרם,א.ל ייצור ושיווק תבלינים,IL,פפריקה הונגרית חריפה 100,גרמים,100.00,100 גרם,false,,11.50,0.1150,true,1,1011848
7290010002146,false,פפריקה מרוקאית מתוקה תבליני מימון 100 גרם,א.ל ייצור ושיווק תבלינים,IL,פפריקה מרוקאית מתוקה 100,גרמים,100.00,100 גרם,false,,11.50,0.1150,true,1,1011849
7290010002153,false,פפריקה מרוקאית חריפה תבליני מימון 100 גרם,א.ל ייצור ושיווק תבלינים,IL,פפריקה מרוקאית חריפה 100,גרמים,100.00,100 גרם,false,,11.50,0.1150,true,1,1011850
7290010002191,false,תבלין מקלות קינמון תבליני מימון 50 גרם,א.ל ייצור ושיווק תבל,IL,מקלות קינמון 50 גרם,גרמים,50.00,100 גרם,false,,11.50,0.2300,true,1,1011853
7290010002207,false,תבלין קינמון טחון תבליני מימון 100 גרם,א.ל ייצור ושיווק תבלינים,IL,קינמון טחון 100 גרם,גרמים,100.00,100 גרם,false,,9.50,0.0950,true,1,1011854
7290010002214,false,תבלין צ'ילי גרוס תבליני מימון 80 גרם,א.ל ייצור ושיווק תבלינים,IL,צ'ילי גרוס 80 גרם,גרמים,80.00,100 גרם,false,,11.50,0.1438,true,1,1011855
7290010002290,false,תיבול לשווארמה תבליני מימון 100 גרם,א.ל ייצור ושיווק תבל,IL,תיבול לשווארמה 100 גרם,גרמים,100.00,100 גרם,false,,11.50,0.1150,true,1,1011859
7290010002306,false,תיבול לקציצות תבליני מימון 100 גרם,א.ל ייצור ושיווק תבל,IL,תיבול לקציצות 100 גרם,גרמים,100.00,100 גרם,false,,11.50,0.1150,true,1,1011860
7290010002320,false,תיבול לגריל עוף תבליני מימון 100 גרם,א.ל ייצור ושיווק תבלינים,IL,תיבול לגריל עוף 100 גרם,גרמים,100.00,100 גרם,false,,11.50,0.1150,true,1,1011862
7290010002337,false,תיבול לסטייק תבליני מימון 100 גרם,א.ל ייצור ושיווק תבלינים,IL,תיבול לסטייק 100 גרם,גרמים,110.00,100 גרם,false,,11.50,0.1045,true,1,1011863
7290010002344,false,תבלין לדג תבליני מימון 100 גרם.,א.ל ייצור ושיווק תבלינים,IL,תיבול לדג 100 גרם,גרמים,100.00,100 גרם,false,,11.50,0.1150,true,1,1011864
7290010002351,false,זעתר ושומשום תבליני מימון 100 גרם,א.ל ייצור ושיווק תבלינים,IL,זעתר ושומשום 100 גרם,גרמים,100.00,100 גרם,false,,11.50,0.1150,true,1,1011865
7290010002382,false,תבלין אורגנו תבליני מימון 40 גרם,א.ל ייצור ושיווק תבלינים,IL,אורגנו 40 גרם,גרמים,40.00,100 גרם,false,,9.50,0.2375,true,1,1011868
7290010002399,false,תבלין בזיליקום תבליני מימון 40 גרם,א.ל ייצור ושיווק תבלינים,IL,בזיליקום 40 גרם,גרמים,40.00,100 גרם,false,,9.50,0.2375,true,1,1011869
7290010002405,false,תבלין טימין הררי תבליני מימון 40 גרם,א.ל ייצור ושיווק תבל,IL,טימין הררי 40 גרם,גרמים,40.00,100 גרם,false,,9.50,0.2375,true,1,1011870
7290010002436,false,תבלין פטרוזיליה תבליני מימון 25 גרם,א.ל ייצור ושיווק תבל,IL,פטרוזיליה 25 גרם,גרמים,25.00,100 גרם,false,,9.50,0.3800,true,1,1011872
7290010002443,false,תבלין רוזמרין תבליני מימון 40 גרם,א.ל ייצור ושיווק תבל,IL,רוזמרין 40 גרם,גרמים,40.00,100 גרם,false,,9.50,0.2375,true,1,1011873
7290010002467,false,פפריקה מתוקה 100גר רמילוי,,,פפריקה מתוקה 100גר ר,גרמים,100.00,100 גרם,false,,7.90,0.0790,true,1,6212832
7290010002481,false,תבלין שום טחון תבליני מימון 100 גרם,א.ל ייצור ושיווק תבלינים,IL,שום טחון 100 גרם,גרמים,100.00,100 גרם,false,,14.50,0.1450,true,1,1011875
7290010002498,false,תבלין שום גבישי תבליני מימון 120 גרם,א.ל ייצור ושיווק תבלינים,IL,שום גבישי 120 גרם,גרמים,120.00,100 גרם,false,,14.50,0.1208,true,1,1011876
7290010002535,false,פלפל שחור טחון 100גר רמילוי,,,פלפל שחור טחון 100גר,100 יח',35.00,100 יח',false,,11.90,0.3400,true,1,6213428
7290010002566,false,קינמון טחון 100ג רמי,,,קינמון טחון 100ג רמי,גרמים,100.00,100 גרם,false,,7.90,0.0790,true,1,6212835
7290010002573,false,פלפל שחור גרוס גס 90ג רמילוי,,,פלפל שחור גרוס גס 90,גרמים,90.00,100 גרם,false,,11.90,0.1322,true,1,6212836
7290010002597,false,כוסברה ירוקה תבליני מימון 30 גרם,א.ל ייצור ושיווק תבלינים,IL,כוסברה ירוקה 30 גרם,גרמים,20.00,100 גרם,false,,9.50,0.4750,true,1,1011878
7290010002658,false,פלפל יבש מתוק תבליני מימון 150 גרם,א.ל ייצור ושיווק תבל,IL,פלפל יבש מתוק 150 גרם,גרמים,150.00,100 גרם,false,,12.90,0.0860,true,1,1011879
7290010002696,false,אקסטרה צ'יפס אורז חום מלא שמנת בצל 60 גרם,נוהלס ג'י אס סי.,BG,אקסטרה ציפס אורז חום,גרמים,60.00,100 גרם,false,,6.90,0.1150,true,1,6324479
7290010002726,false,תבלין לפרגיות תבליני מימון 100 גרם.,א.ל ייצור ושיווק תבלינים,IL,תיבול לפרגיות 100 גרם,גרמים,100.00,100 גרם,false,,11.50,0.1150,true,1,1011881
7290010003051,false,פפריקה הונגרית מתוקה תבליני מימון 400 גרם,א.ל ייצור ושיווק תבלינים,IL,פפריקה הונגרית מתוקה 400,גרמים,400.00,100 גרם,false,,23.90,0.0597,true,1,1011900
7290010003075,false,פפריקה מרוקאית מתוקה תבליני מימון 400 גרם,א.ל ייצור ושיווק תבלינים,IL,פפריקה מרוקאית מתוקה 400,גרמים,400.00,100 גרם,false,,23.90,0.0597,true,1,1011902
7290010003440,false,שבבי בצל מטוגן תבליני מימון 200 גרם,,IL,שבבי בצל מטוגן 200 ג,גרמים,200.00,100 גרם,false,,9.90,0.0495,true,1,4050174
7290010003686,false,עלי דפנה בשקית תבליני מימון20 גרם,א.ל ייצור ושיווק תבל,IL,עלי דפנה שקית 20 גרם - חד,גרמים,20.00,100 גרם,false,,5.90,0.2950,true,1,1011913
7290010003693,false,פפריקה מתוקה בשקית תבליני מימון 80 גרם,א.ל ייצור ושיווק תבל,IL,פריקה מתוקה שקית 80 גרם -,גרמים,80.00,100 גרם,false,,5.90,0.0738,true,1,1011914
7290010003709,false,פלפל שחור טחון בשקית תבליני מימון 50 גרם,א.ל ייצור ושיווק תבל,IL,פלפל שחור טחון שקית 50 גר,גרמים,50.00,100 גרם,false,,7.70,0.1540,true,1,1011915
7290010003754,false,כמון טחון בשקית תבליני תבליני מימון 50 גרם,א.ל ייצור ושיווק תבל,IL,כמון טחון שקית 50 גרם - ח,גרמים,50.00,100 גרם,false,,5.90,0.1180,true,1,1011916
7290010003761,false,כורכום טחון בשקית תבליני מימון 80 גרם,א.ל ייצור ושיווק תבל,IL,כורכום טחון שקית 80 גרם -,גרמים,80.00,100 גרם,false,,5.90,0.0738,true,1,1011917
7290010003778,false,תיבול לגריל עוף בשקית תבליני מימון 80 גרם,א.ל ייצור ושיווק תבל,IL,תיבול לגריל עוף שקית 80 ג,גרמים,80.00,100 גרם,false,,5.90,0.0738,true,1,1011918
7290010003792,false,מלח לימון בשקית תבליני מימון 100 גרם,א.ל ייצור ושיווק תבל,IL,מלח לימון שקית 100 גרם -,גרמים,100.00,100 גרם,false,,5.90,0.0590,true,1,1011920
7290010003808,false,זעתר ושמשום בשקית תבליני מימון 80 גרם,א.ל ייצור ושיווק תבל,IL,זעתר ושומשום שקית 80גרם -,גרמים,80.00,100 גרם,false,,5.90,0.0738,true,1,1011921
7290010003822,false,פפריקה חריפה בשקית תבליני מימון 80 גרם,א.ל ייצור ושיווק תבל,IL,פפריקה חריפה שקית 80 גרם,גרמים,80.00,100 גרם,false,,5.90,0.0738,true,1,1011923
7290010003839,false,קינמון טחון בשקית תבליני מימון 80 גרם,א.ל ייצור ושיווק תבל,IL,קינמון טחון שקית 80 גרם -,גרמים,80.00,100 גרם,false,,5.90,0.0738,true,1,1011924
7290010003846,false,אורגנו בשקית תבליני מימון 20 גרם,א.ל ייצור ושיווק תבל,IL,אורגנו שקית 20 גרם - חדש,גרמים,20.00,100 גרם,false,,5.90,0.2950,true,1,1011925
7290010003990,false,פטרוזיליה בשקית תבליני מימון 20 גרם,א.ל ייצור ושיווק תבל,IL,פטרוזיליה שקית 20 גרם - ח,גרמים,20.00,100 גרם,false,,5.90,0.2950,true,1,1011940
7290010004737,false,עלים לקרמשניט 300גר רמילוי,,,עלים לקרמשניט 300גר,גרמים,300.00,100 גרם,false,,13.90,0.0463,true,1,4349823
7290010004744,false,סודה לשתייה 100גר רמילוי,שיוך למחסן 17,,סודה לשתייה 100גר רמ,גרמים,100.00,100 גרם,false,,1.60,0.0160,true,1,4361596
7290010023141,false,תה לימונענע הגן הקסום ויסוצקי 25 יחידות,תה ויסוצקי,IL,הגן הקסום לימונענע ו,יח',25.00,יח',false,,16.90,0.6760,true,1,1027258
7290010023622,false,תה קלאסי עם נגיעות נענע ויסוצקי 100 יחידות,תה ויסוצקי,IL,תה קלאסי עם נגיעות נ,יח',100.00,יח',false,,17.70,0.1770,true,1,1027260
7290010023943,false,חליטה מצמח הרויבוש Red tea בטעם קינמון ווניל,מולינו ניקולי s.p.a,IL,תה אדום קינמון וניל,יח',50.00,יח',false,,24.50,0.4900,true,1,1027264
7290010051052,false,פטרוזיליה ארוז א.אדמה,אדמה,,פטרוזיליה א.אדמה,יח',1.00,יח',false,,3.90,3.9000,true,1,1034298
7290010051076,false,לבבות חסה ארוז א.אדמה,אדמה,,לבבות קיסר א.אדמה,יח',1.00,יח',false,,8.90,8.9000,true,1,1151253
7290010051144,false,תרד עלים א.אדמה,אדמה,,תרד עלים א.אדמה,יח',1.00,יח',false,,7.90,7.9000,true,1,1034304
7290010051168,false,כוסברה ארוז א.אדמה,אדמה,,כוסברה א.אדמה,יח',1.00,יח',false,,3.90,3.9000,true,1,1034305
7290010051175,false,כוסברה/שמיר ארוז,אדמה,,שמיר א.אדמה,יח',1.00,יח',false,,3.90,3.9000,true,1,1034306
7290010051182,false,נענע ארוז א.אדמה,אדמה,,נענע א.אדמה,יח',1.00,יח',false,,3.90,3.9000,true,1,1034307
7290010051199,false,שורש פטרוזיליה ארוז א.אדמה,אדמה,,שורש פטרוזיליה א.אדמ,יח',1.00,יח',false,,5.50,5.5000,true,1,1034308
7290010051205,false,סלרי עלים ארוז א.אדמה,אדמה,,סלרי אמריקאי א.אדמה,יח',1.00,יח',false,,5.90,5.9000,true,1,1034309
7290010051212,false,ראש סלרי א.אדמה,אדמה,,ראש סלרי א.אדמה,יח',1.00,יח',false,,5.90,5.9000,true,1,1034310
7290010051267,false,לוף בשקית א.אדמה,אדמה,,לוף בשקית א.אדמה,יח',1.00,יח',false,,7.90,7.9000,true,1,1284102
7290010051298,false,מנגולד עלי סלק א.אדמה,אדמה,,מנגולד עלי סלק א.אדמ,יח',1.00,יח',false,,5.90,5.9000,true,1,1034314
7290010051335,false,בצל ירוק ארוז א.אדמה,אדמה,,בצל ירוק א.אדמה,יח',1.00,יח',false,,5.90,5.9000,true,1,1034315
7290010065059,false,מחית פירות מעורבים ג'וניור פרינוק 190 גרם,פרוטה פודווין איי.אס,CZ,מחית פירות מעורבים 190 גר,גרמים,190.00,100 גרם,false,,5.90,0.0311,true,1,1013657
7290010065295,false,פרינוק - מחית תפוחי עץ ובננה 130 גרם,פרינוק,CZ,"מחית תפו""ע בננה 130 גר'",גרמים,130.00,100 גרם,false,,4.80,0.0369,true,1,1013670
7290010065301,false,פרינוק - מחית סלט פירות 130 גרם,פרינוק,CZ,מחית סלט פירות 130 גר',גרמים,130.00,100 גרם,false,,4.80,0.0369,true,1,1013671
7290010065332,false,מחית תפוח עץ בננה ג'וניור פרינוק 190 גרם,פרוטה פודווין איי.אס,CZ,"מחית ג'וניור תפו""ע בננה 1",גרמים,190.00,100 גרם,false,,5.90,0.0311,true,1,1197463
7290010065721,false,פרינוק - מחית לפתן פירות 130 גרם,פרינוק,CZ,מחית לפתן פירות 130 גר',גרמים,130.00,100 גרם,false,,4.80,0.0369,true,1,1013697
7290010065745,false,מחית לפתן פירות ג'וניור פרינוק 190 גרם,פרוטה פודווין איי.אס,CZ,מחית ג'וניור לפתן פירות 1,גרמים,190.00,100 גרם,false,,5.90,0.0311,true,1,1197465
7290010116980,false,אבקת שוקולית שקית עלית 850 ג',הנסיך- מפעל לייצור ט,IL,שוקולית 850 גרם,גרמים,850.00,100 גרם,false,,14.90,0.0175,true,1,1018515
7290010117864,false,דוריטוס חטיף תירס בטעם חריף אש עלית 70 גרם,"שטראוס פריטו ליי בע""\מ )",IL,דוריטוס חטיף תירס בט,גרמים,70.00,100 גרם,false,,3.20,0.0457,true,1,1026267
7290010118328,false,תפוצ'יפס בטעם טבעי עלית מארז 6*40 גרם,שטראוס פריטו ליי (מל,IL,תפוצ'יפס בטעם טבעי ע,גרמים,240.00,100 גרם,false,,11.90,0.0496,true,1,1026271
7290010119240,false,מארז תפוצ'יפס טבעי 216 גרם 12 יחידות,"שטראוס פריטו ליי בע""\מ )",IL,תפוצ'יפס בטעם טבעי ע,גרמים,216.00,100 גרם,false,,14.90,0.0690,true,1,1026272
7290010129003,false,עוגיות אוזניים 600 גרם,ק.א. ומשווק בבלעדיות על,IL,עוגיות אוזניים 600גר,גרמים,600.00,100 גרם,false,,19.90,0.0332,true,1,1012725
7290010129959,false,עוגיות שמרים 400 גרם דולצה ויטה,קונדטוריית אנגל,IL,עוגיות רוגלך שוקולד,גרמים,400.00,100 גרם,false,,8.90,0.0223,true,1,1969665
7290010153503,false,שעועית בובס יבשה מיה 400 גר',מיה תעשיות מזון מ.ת.מ. ב,IL,מיה שעועית אקסטרא 40,גרמים,400.00,100 גרם,false,,9.90,0.0248,true,1,1024061
7290010153510,false,בורגול יבש מיה 500 גר',מיה תעשיות מזון מ.ת.מ. ב,IL,בורגול מיה 500 גרם,גרמים,500.00,100 גרם,false,,4.90,0.0098,true,1,1024062
7290010153770,false,ציפוי לשניצל פיקנטי מיה 500 גרם,מיה תעשיות מזון מ.ת.מ. ב,IL,ציפוי לשניצל פיקנטי,גרמים,500.00,100 גרם,false,,7.90,0.0158,true,1,1024074
7290010153787,false,ציפוי לשניצל עם שום מיה 500 גרם,מיה תעשיות מזון מ.ת.מ. ב,IL,ציפוי לשניצל עם שום,גרמים,500.00,100 גרם,false,,7.90,0.0158,true,1,1024075
7290010153817,false,ריבת חלב אמיתי מיה 400 גרם,מיה תעשיות מזון מ.ת.מ. ב,IL,ריבת חלב 400 גר,גרמים,400.00,100 גרם,false,,9.90,0.0248,true,1,1024078
7290010153848,false,תבלין פפריקה מרוקאי בשמן 80 גר' מיה,מיה תעשיות מזון מ.ת.מ. ב,IL,פפריקה מרוקאית בשמן,גרמים,80.00,100 גרם,false,,5.80,0.0725,true,1,1024081
7290010153855,false,פפריקה מרוקאית בשמן 300 גרם צנצנת,מיה תעשיות מזון מ.ת.מ. ב,IL,פפריקה מרוקאית בשמן,גרמים,300.00,100 גרם,false,,14.90,0.0497,true,1,1024082
7290010153862,false,פלפל שחור גרוס בצנצנת מיה 70 גרם,מיה תעשיות מזון מ.ת.מ. ב,IL,פלפל שחור גרוס מיה 7,גרמים,70.00,100 גרם,false,,8.90,0.1271,true,1,1024083
7290010153879,false,ריבת חלב מרוכזת בטעם שמנת מיה 400 גר',מיה תעשיות מזון מ.ת.מ. ב,IL,ריבת חלב טעם שמנת 40,גרמים,400.00,100 גרם,false,,9.90,0.0248,true,1,1024084
7290010154005,false,סחוג תימני יוחאי ביטון 250 גרם,תבליני יוחאי ביטון,IL,סחוג תימני 250 ביטון,גרמים,250.00,100 גרם,false,,12.90,0.0516,true,1,1024742
7290010154012,false,לימון בלאדי כבוש תבליני ביטון 250 גרם,תבליני יוחאי ביטון,IL,לימון בלאדי כבוש תבל,גרמים,250.00,100 גרם,false,,12.90,0.0516,true,1,1024743
7290010154029,false,אריסה מתוקה יוחאי ביטון 250 גרם,תבליני יוחאי ביטון,IL,250 אריסה מתוקה ביטו,גרמים,250.00,100 גרם,false,,12.90,0.0516,true,1,1024744
7290010154036,false,עמבה תבליני ביטון 250 גרם,תבליני יוחאי ביטון,IL,עמבה תבליני ביטון 25,גרמים,250.00,100 גרם,false,,12.90,0.0516,true,1,1024745
7290010154050,false,ממרח שיפקה כבוש חריף 250,תבליני יוחאי ביטון,IL,ממרח שיפקה כבוש ביטו,גרמים,250.00,100 גרם,false,,12.90,0.0516,true,1,6356557
7290010154241,false,סלט חזרת ריף ביטון 250 ג',תבליני יוחאי ביטון,IL,סלט חזרת 250 ג,גרמים,250.00,100 גרם,false,,12.90,0.0516,true,1,1024746
7290010154265,false,פלפל צ'ומה תבליני ביטון 250 גרם,תבליני יוחאי ביטון,IL,פלפל צ'ומה תבליני בי,גרמים,250.00,100 גרם,false,,12.90,0.0516,true,1,1024747
7290010154425,false,סחוג ירוק תבליני ביטון 130 גרם,תבליני יוחאי ביטון,IL,סחוג ירוק תבליני ביט,גרמים,130.00,100 גרם,false,,7.90,0.0608,true,1,1024751
7290010154548,false,ממרח שום טבעי יוחאי ביטון 235 גרם,תבליני יוחאי ביטון,IL,ממרח שום 235 ג,גרמים,235.00,100 גרם,false,,12.90,0.0549,true,1,1599096
7290010154555,false,ממרח לימון כבוש יוחאי ביטון 250 גרם,תבליני יוחאי ביטון,IL,ממרח לימון כבוש 235,גרמים,235.00,100 גרם,false,,12.90,0.0549,true,1,1599097
7290010154678,false,אריסה מרוקאית תבליני ביטון 250 גרם,תבליני יוחאי ביטון,IL,אריסה מרוקאית תבליני,גרמים,250.00,100 גרם,false,,12.90,0.0516,true,1,4412077
7290010154685,false,שום כתוש יוחאי ביטון 250 גרם,תבליני יוחאי ביטון,IL,סלט שום כתוש 250 ג,גרמים,250.00,100 גרם,false,,12.90,0.0516,true,1,4412112
7290010175819,false,חמאת בוטנים קלאסית טעמן 510 גרם,ניצה אס סיי,IL,חמאת בוטנים קלאסית ט,גרמים,510.00,100 גרם,false,,11.90,0.0233,true,1,1019243
7290010175857,false,פרוסות לבבות דקל במי מלח טעים 400 גרם,אינאקספו,EC,פרוסות לבבות דקל,גרמים,220.00,100 גרם,false,,10.50,0.0477,true,1,1019247
7290010234004,false,"שטיפה אינטימית 200 מ""ל פנינה רוזנבלום",פנינה רוזנבלום,,שטיפה אינטימית 200 מ,מיליליטרים,200.00,"100 מ""ל",false,,16.90,0.0845,true,1,1031121
7290010237562,false,משקה פפסי מרינדה קוו,"טמפו משקאות בע""מ",IL,מירינדה 500 בקבוק 24 יח',מיליליטרים,500.00,"100 מ""ל",false,,3.80,0.0076,true,1,1017121
7290010237784,false,בירה שנדי בתוספת משקה לימון ליים - שישייה,"טמפו משקאות בע""\מ",IL,שנדי לימון ליים 330 בקבוק,ליטרים,1.98,ליטר,false,,27.90,14.0909,true,1,1017132
7290010237890,false,"בירה הייניקן בקבוק 500 מ""ל חוזר",טמפו משקאות בע''מ,IL,היינקן חוזר 500 בקבוק 20,מיליליטרים,500.00,"100 מ""ל",false,,8.90,0.0178,true,1,1070932
7290010259823,false,מנת השף-מרק עם נודלס בטעם עוף ויליפוד,נמצ'או(תאילנד) בעמ,TH,מנת השף נודלס בטעם ע,גרמים,70.00,100 גרם,false,,4.80,0.0686,true,1,1026934
7290010259830,false,מנת השף נודלס בסגנון סיני פיקנטי וילי פוד 70 גרם,נמצ'או(תאילנד) בעמ,TH,מנת השף נודלס בסגנון,גרמים,70.00,100 גרם,false,,4.80,0.0686,true,1,1026935
7290010259847,false,מנת השף מרק עם נודלס בטעם תירס ויליפוד 70 גרם,קריות זול,TH,מנת השף נודלס בטעם ת,גרמים,70.00,100 גרם,false,,4.80,0.0686,true,1,1026936
7290010259854,false,מנת השף מרק עם נודלס בטעם פטריות ויליפוד 70 גרם,נמצ'או(תאילנד) בעמ,TH,מנת השף נודלס בטעם פ,גרמים,70.00,100 גרם,false,,4.80,0.0686,true,1,1026937
7290010259861,false,מנת השף מרק עם נודלס בטעם ירקות ויליפוד 70 גרם,קריות זול,TH,מנת השף נודלס בטעם י,גרמים,70.00,100 גרם,false,,4.80,0.0686,true,1,1026938
7290010259991,false,צנימים מיוחדים בטעם טבעי 250 ג',קריות זול,GR,צנימים 250 גרם,גרמים,250.00,100 גרם,false,,6.90,0.0276,true,1,1026943
7290010329854,false,מיני קוקיס עוגיות בטעם חמאה ללא סוכר כרמית 600 גרם,כרמית,IL,מיני קוקיס עוגיות בט,גרמים,600.00,100 גרם,false,,18.90,0.0315,true,1,1017780
7290010429554,false,"שמן זית כתית מעולה יד מרדכי 2 קלאסי, 750 מ""ל",מכוורת יד מרדכי שטראוס ב,IL,שמן זית יד מרדכי מס,מיליליטרים,750.00,"100 מ""ל",false,,32.90,0.0439,true,1,1018524
7290010471669,false,יוגורט תות עם קורנפלקס מצופה שוקולד ללא גלוטן 3.9%,"שטראוס בריאות בע""\מ",IL,יוגורט דנונה תות ביו,מיליליטרים,175.00,"100 מ""ל",false,,4.30,0.0246,true,1,1032605
7290010472307,false,"שמיניית משקה גמדים תות בננה דיסני 108 מ""ל",מיוצר עי קונדיטוריית,IL,משקה גמדים תות בננה,מיליליטרים,800.00,"100 מ""ל",false,,19.90,0.0249,true,1,1032609
7290010472390,false,מארז 8 יחידות מעדן דני בטעם שוקולד 1.5%,מיוצר עי קונדיטוריית,IL,דני בטעם שוקולד שמינ,מיליליטרים,1000.00,"100 מ""ל",false,,14.90,0.0149,true,1,1032611
7290010513703,false,צ'ופסטיקס צפצפה - 20 יחידות,גולין פנגזו,IL,צ'ופסטיקס צפצפה - 20,100 יח',20.00,100 יח',false,,6.40,0.3200,true,1,1032301
7290010627004,false,טחינה גולמית מסורתית ירושלים 500 ג',"בראשית ירושלים בע""מ",IL,טחינה ירושלים 500 גר,גרמים,500.00,100 גרם,false,,14.90,0.0298,true,1,1117428
7290010627844,false,טחינה גולמית שומשום מלא ירושלים 500גרם,"טחינה ירושליים בע""מ",IL,טחינה ירושלים מלא 50,גרמים,500.00,100 גרם,false,,14.90,0.0298,true,1,1665525
7290010650019,false,אנדיב בלגי אמיתי חוות תקוע,מרינה פטריות הגליל,IL,אנדיב בלגי אמיתי חוו,גרמים,150.00,100 גרם,false,,11.90,0.0793,true,1,1047416
7290010650033,false,בצלצלי שאלוט תקוע אר,חוות פטריות תקוע,NL,בצלצלי שלוט,יח',1.00,יח',false,,8.90,8.9000,true,1,1047418
7290010650040,false,פטריות שיטאקי חוות תקוע,ביכורי שדה דרום 2002,IL,פטריות שיטאקי חוות ת,יח',1.00,יח',false,,8.90,8.9000,true,1,1047419
7290010650088,false,פטריות שמפיניון מיובשות 25 גרם,חוות פטריות תקוע,CN,פטריות שמפיניון מיוב,גרמים,25.00,100 גרם,false,,7.80,0.3120,true,1,1047423
7290010650194,false,זנגוויל (ג'ינג'ר)ארוז מגשית,"פסח בא בע""מ",CN,זנגוויל ארוז 250ג,גרמים,250.00,100 גרם,false,,7.90,0.0316,true,1,1047427
7290010650293,false,בצלצלי שאלוט מקולף ת,תקוע,,בצלצלי שאלוט,גרמים,250.00,100 גרם,false,,10.90,0.0436,true,1,1047433
7290010650354,false,שורש כורכום טרי חוות תקוע 120 גרם,פסטה לנסי,IL,שורש כורכום טרי חוות,יח',1.00,יח',false,,9.90,9.9000,true,1,1047434
7290010650408,false,בצלצלי פנינה תקוע יח,פסטה לנסי,IL,בצלי פנינה,יח',1.00,יח',false,,9.90,9.9000,true,1,1047435
7290010650538,false,תירס סופר מתוק חוות תקוע,,,תירס סופר מתוק חוות,יח',1.00,יח',false,,15.90,15.9000,true,1,4619263
7290010650590,false,ריזוטו פטריות חוות תקוע,חוות פטריות תקוע,IL,ריזוטו פטריות מיובשו,גרמים,275.00,100 גרם,false,,13.90,0.0505,true,1,1103243
7290010650767,false,אנדיב אדום 220 גרם,פמילי,IL,אנדיב אדום,יח',1.00,יח',false,,13.90,13.9000,true,1,1315948
7290010650804,false,לקט פתיתים ופטריות חוות תקוע,קרלו,IL,לקט פתיתים ופטריות,יח',1.00,יח',false,,11.90,11.9000,true,1,5092617
7290010650828,false,פטריות שימג'י חוות תקוע 150 גרם,שנגחאי פינק פוד קומפני,CN,פטריות שימג'י חוות ת,גרמים,150.00,100 גרם,false,,9.90,0.0660,true,1,5031784
7290010650996,false,"פטריות שי מג'י חומות, 150 גרם חוות תקוע",שנגחאי פינק פוד קומפני,CN,פטריות שימג'י חוות ת,גרמים,150.00,100 גרם,false,,9.90,0.0660,true,1,6303330
7290010655441,false,12 שקיות יום הולדת ג,שמחה זה אנחנו,,12 שקיות יום הולדת ג,יח',12.00,יח',false,,6.00,0.5000,true,1,1030079
7290010657032,false,אננס חתוך 850 גר סטא,,,אננס חתוך 850 גר סטא,גרמים,850.00,100 גרם,false,,5.90,0.0069,true,1,1032175
7290010672851,false,מאפין חמישיות שוקו-שוקו,פילסברי,,מאפין חמישיות שוקו ש,יח',5.00,יח',false,,11.90,2.3800,true,1,4224420
7290010672868,false,מאפין חמישיות שוקו וניל,פילסברי,,מאפין חמישיות שוקו ו,גרמים,80.00,5 גרם,false,,11.90,0.1488,true,1,4224421
7290010718627,false,פנינה רוזנבלום אל סבון נוזלי ירוק 1 ליטר,פנינה רוזנבלום,IL,אל סבון נוזלי ירוק 1,ליטרים,1.00,ליטר,false,,8.90,8.9000,true,1,1031134
7290010718634,false,"פנינה רוזנבלום -אל סבון נוזלי לבן,1 ליטר",פנינה רוזנבלום,IL,סבון נוזלי לבן 1 ליט,ליטרים,1.00,ליטר,false,,8.90,8.9000,true,1,1031135
7290010719013,false,"שמן זית כתית מעולה משק אחיה 750 מ""ל",ארץ זית שמן מובחר -,IL,שמן זית כתית מעולה מ,מיליליטרים,750.00,"100 מ""ל",false,,38.70,0.0516,true,1,1018279
7290010748853,false,"ד""ר פישר - אפקטיב קר קרם ידיים סנסיטיב 150 מ""ל",פישר מעבדות פרמצבטיות בע,IL,אפקטיב קר קרם ידיים סנסיט,מיליליטרים,150.00,"100 מ""ל",false,,11.90,0.0793,true,1,1043765
7290010748860,false,"ד""ר פישר - אפקטיב קר קרם ידיים אינטנסיב 150 מ""ל",פישר מעבדות פרמצבטיות בע,IL,אפקטיב קר קרם ידיים אינטנ,מיליליטרים,150.00,"100 מ""ל",false,,11.90,0.0793,true,1,1043766
7290010748877,false,"אפקטיב קר קרם גוף סנסטיב לעור רגיש ח 700 מ""ל",פישר מעבדות פרמצבטיות בע,IL,אפקטיב קר קרם גוף סנסיטיב,מיליליטרים,700.00,"100 מ""ל",false,,23.90,0.0341,true,1,1043767
7290010748891,false,אפקטיב קר קרם גוף מולטי ויטמין לעור רגיל יבש ח 7,פישר מעבדות פרמצבטיות בע,IL,אפקטיב קר קרם גוף מולטי ו,מיליליטרים,700.00,"100 מ""ל",false,,23.90,0.0341,true,1,1043769
7290010766734,false,רוטב פיצה אוליביה אסם 430 ג',אוליביה,IL,רוטב פיצה 415 גר',מיליליטרים,430.00,"100 מ""ל",false,,12.80,0.0298,true,1,1013726
7290010766949,false,ממרח תחתיות ארטישוק 180ג' אוליביה,אוליביה,IL,ממרח ארטישוק,גרמים,180.00,100 גרם,false,,12.90,0.0717,true,1,1013730
7290010766956,false,ממרח פלפלים מתוקים אדומים אוליביה 180 גרם,אוליביה גורמה בעמ,IL,ממרח פלפלים קלויים,גרמים,180.00,100 גרם,false,,12.90,0.0717,true,1,1013731
7290010770809,false,אקווה פרש 125 מל' עד,גלקסוסמיתקליין,SK,"אקוה פרש 125 מ""ל עדין שלי",מיליליטרים,375.00,"100 מ""ל",false,,20.00,0.0533,true,1,1035117
7290010770816,false,אקווה פרש 125 מל' מנ,גלקסוסמיתקליין,SK,"אקוה פרש מנטה 125 מ""ל שלי",מיליליטרים,375.00,"100 מ""ל",false,,19.90,0.0531,true,1,1035118
7290010775293,false,רוטב שקשוקה פודלי,,,רוטב שקשוקה 700 גרם,גרמים,700.00,100 גרם,false,,13.80,0.0197,true,1,2830945
7290010814244,false,שלשות שוקולד מריר 85 גרם*3 בלמינט *18 בקרטון,"כרמית תעשיות ממתקים בע""\",IL,שוקולד מריר שלשייה 2,גרמים,255.00,100 גרם,false,,9.80,0.0384,true,1,1017784
7290010814251,false,שלשות שוקולד חלב 85 גר*3 בלמינט*18 בקרט בדצ,כרמית תעשיות ממתקים,IL,שוקולד חלב שלישיה אג,גרמים,255.00,100 גרם,false,,9.80,0.0384,true,1,1017785
7290010814268,false,שלשות שוקולד לבן 85 גר*3 בלמינט * 18 בקרטון,"כרמית תעשיות ממתקים בע""\",IL,שוקולד לבן שלישייה א,גרמים,255.00,100 גרם,false,,9.80,0.0384,true,1,1017786
7290010814695,false,שוקולד מריר פרווה ללא תוספת סוכר כרמית 85 גרם,כרמית תעשיות ממתקים בעמ,IL,שוקולד מריר פרווה לל,גרמים,85.00,100 גרם,false,,4.90,0.0576,true,1,1017792
7290010814701,false,"שוקולד חלב כרמית 85 גרם ללת""ס","כרמית תעשיות ממתקים בע""\",IL,"שוקולד חלב אגו ללת""ס",גרמים,85.00,100 גרם,false,,4.90,0.0576,true,1,1017793
7290010815340,false,סנסי קרם רגליים אובלפיחה 100מ'ל,,,סנסי קרם רגליים אובל,יח',1.00,יח',false,,14.90,14.9000,true,1,1804802
7290010838219,false,ממתיק על בסיס צמח הסטיביה - שקיות,"קיפל טבליות וממתיקים בע""מ",IL,מר' סטיביה 100שקיות,גרמים,100.00,100 גרם,false,,26.90,0.2690,true,1,1046276
7290010838424,false,ג'ל לניקוי מתקדם בניחוח רענן - מארז זוג,"איטיליאן פוד, אס.פי.",NL,טואלט דאק * 750זוג *ירוק,מיליליטרים,750.00,"100 מ""ל",false,,16.90,0.0225,true,1,1046278
7290010849512,false,יין למברוסקו די לואיג'ירוזטו אמבילה,פארייפאבה אגרואינדוס,IT,למברוסקו די לואיג' רוזאטו,מיליליטרים,750.00,"100 מ""ל",false,,24.90,0.0332,true,1,1029221
7290010883042,false,"סנובון נוזלי אפקט קצף פעיל רענן תות 750 מ""ל",סנו מפעלי ברונוס בעמ,IL,סנובון נוזלי ניחוח ר,מיליליטרים,750.00,"100 מ""ל",false,,8.90,0.0119,true,1,1023161
7290010883356,false,כפפות אלוורה רב שימושיות גדולות L סנו סושי,סנו סושי,CN,כפפות אלוורה רב שימו,יח',1.00,יח',false,,8.90,8.9000,true,1,1023163
7290010883363,false,כפפות אלוורה רב שימושיות קטנות S סנו סושי,האי נאם סי או אל.טי.,CN,כפפות אלוורה רב שימו,יח',1.00,יח',false,,8.90,8.9000,true,1,1023164
7290010883370,false,כפפות אלוורה רב שימושיות בינוניות M סנו סושי,האי נאם סי או אל.טי.,CN,כפפות אלוורה רב שימו,יח',1.00,יח',false,,8.90,8.9000,true,1,1023165
7290010886869,false,"שקית 5 לבבות גדול ֿֿֿֿ""",שמחה זה אנחנו,,"שקית 5 לבבות גדול """"",יח',1.00,יח',false,,4.90,4.9000,true,1,1030083
7290010903344,false,אצבעות שניצל רמי לוי 1 קג,,,אצבעות שניצל רמי לוי,יח',1.00,יח',false,,34.90,34.9000,true,1,6263572
7290010931330,false,סלט מטבוחה אחלה 500 גרם,מיוצר עי קונדיטוריית,IL,סלט מטבוחה אחלה 500,גרמים,500.00,100 גרם,false,,13.80,0.0276,true,1,1032615
7290010945146,false,קוטג' 3% מועשר בסידן טרה 250 ג' מהדרין,קריות זול,IL,גבינת קוטג' 3% טרה 2,גרמים,250.00,100 גרם,false,,5.30,0.0212,true,1,1012517
7290010945306,false,חלב בקרטון 3% 2 ליטר טרה,הפריט בפיקוח,IL,חלב 3% טרה 2 ליטר,ליטרים,2.00,ליטר,false,,12.30,6.1500,true,1,1012518
7290010945450,false,גבינה לבנה 3% 250 גר מועשר בסידן וויטמין,הפריט בפיקוח,IL,גבינה לבנה 3% טרה 25,גרמים,250.00,100 גרם,false,,4.70,0.0188,true,1,1012521
7290010984879,false,שום כתוש בצנצנת 200ג רמילוי,,,שום כתוש בצנצנת 200ג,גרמים,200.00,100 גרם,false,,11.90,0.0595,true,1,4172003
7290010984886,false,בזיליקום מגשית 70ג רמילוי,,,בזיליקום מגשית 70ג ר,גרמים,70.00,100 גרם,false,,7.90,0.1129,true,1,4172004
7290010984893,false,פטרוזיליה מגשית 70ג רמילוי,,,פטרוזיליה מגשית 70ג,גרמים,70.00,100 גרם,false,,7.90,0.1129,true,1,4172005
7290010984909,false,כוסברה מגשית 70ג רמילוי,,,כוסברה מגשית 70ג רמי,גרמים,70.00,100 גרם,false,,7.90,0.1129,true,1,4172006
7290010984923,false,שום כתוש מגשית 80ג רמילוי,,,שום כתוש מגשית 80ג ר,גרמים,80.00,100 גרם,false,,7.90,0.0988,true,1,4172008
7290011015862,false,"פריגת סירופ דיאט לימונענע 750 מ""ל",סירופ - גבעת חיים,IL,סירופ דיאט לימונענע,מיליליטרים,750.00,"100 מ""ל",false,,19.90,0.0265,true,1,1013220
7290011017880,false,"קוקה קולה דיאט פחית 330 מ""ל",החברה המרכזית לייצור משקאות,IL,"דיאט קולה 330 מ""ל",מיליליטרים,330.00,"100 מ""ל",false,,3.90,0.0118,true,1,1013256
7290011018443,false,"פנטה אורנג פחית סליק 330 מ""ל",החברה המרכזית לייצור משקאות,IL,"פאנטה אורנג 330 מ""ל",מיליליטרים,330.00,"100 מ""ל",false,,3.90,0.0118,true,1,1206215
7290011018849,false,בקבוק בירה חוזר ריק,,,בקבוק בירה חוזר ריק,יח',1.00,יח',false,,1.20,1.2000,true,1,1013285
7290011018924,false,"מארז פחיות דיאט קוקה קולה שישייה 330 מ""ל",החברה המרכזית לייצור משקאות,IL,מארז דיאט קולה 330 מ,ליטרים,1.98,ליטר,false,,21.90,11.0606,true,1,1105412
7290011026066,false,"ד""ר פישר - סרקל שמפו + מרכך לילדים 1 ליטר",פישר מעבדות פרמצבטיות בע,IL,סרקל שמפו + מעצב ליטר,ליטרים,1.00,ליטר,false,,28.90,28.9000,true,1,1043771
7290011026523,false,שמפו לתינוק לפני השינה Senstive עם לבנדר וקמומיל,פישר מעבדות פרמצבטיות בע,IL,קמיל בלו סנסיטיב אל דמע ל,מיליליטרים,500.00,"100 מ""ל",false,,17.90,0.0358,true,1,1043774
7290011051525,false,ספרינג תה קר אפרסק 500מל,יפאורה שותפות מובגלת לשיווק,IL,ספרינג תה קר אפרסק 5,מיליליטרים,500.00,"100 מ""ל",false,,4.80,0.0096,true,1,3670153
7290011064020,false,בולגרית למריחה בטעמים 200 גר,גבינות אמיר ניצן בעמ,IL,ניצן בולגרית למריחה,גרמים,200.00,100 גרם,false,,13.10,0.0655,true,1,1025574
7290011064075,false,מעדן לבנה מסבחה -אבו גוש 200 גרם,גבינות אמיר ניצן בעמ,IL,ניצן אבו גוש מעדן לא,גרמים,200.00,100 גרם,false,,13.10,0.0655,true,1,1025575
7290011064099,false,ירקות או פרות ממולאים במעדן גבינה ניצן 125 גרם,גבינות אמיר ניצן בעמ,IL,טאפס שכונתי 125 גר,יח',1.00,יח',false,,16.90,16.9000,true,1,1025577
7290011065072,false,"תמצית בטעם וניל 50 מ""ל",,,תמצית בטעם וניל 50 מ,100 מל,50.00,100 מל,false,,3.70,0.0740,true,1,2778160
7290011065089,false,"תמצית בטעם רום 50 מ""ל",,,"תמצית בטעם רום 50 מ""",100 מל,50.00,100 מל,false,,3.70,0.0740,true,1,2778161
7290011065133,false,"תמצית בטעם ורדים 50 מ""ל",,,תמצית בטעם ורדים 50,100 מל,50.00,100 מל,false,,6.50,0.1300,true,1,2778163
7290011065140,false,"צבע מאכל ירוק 50 מ""ל",,,"צבע מאכל ירוק 50 מ""ל",100 מל,50.00,100 מל,false,,3.40,0.0680,true,1,2778164
7290011065157,false,"צבע מאכל כחול 50 מ""ל",,,"צבע מאכל כחול 50 מ""ל",100 מל,50.00,100 מל,false,,3.40,0.0680,true,1,2778165
7290011065164,false,צבע מאכל צהוב 50 גר,,,צבע מאכל צהוב 50 גר,100 מל,50.00,100 מל,false,,3.40,0.0680,true,1,2778166
7290011065171,false,צבע מאכל אדום 50 גר,,,צבע מאכל אדום 50 גר,גרמים,50.00,100 גרם,false,,3.40,0.0680,true,1,2778142
7290011065188,false,שוקולד ציפס 48% רמילוי,,,שוקולד ציפס 48% רמיל,גרמים,250.00,100 גרם,false,,11.50,0.0460,true,1,4349824
7290011065201,false,תערובת לפנקייק 400גר רמילוי,,,תערובת לפנקייק 400גר,גרמים,400.00,100 גרם,false,,12.90,0.0323,true,1,4349825
7290011065225,false,סוכריות צבעוניות לקי,,,סוכריות צבעוניות לקי,גרמים,200.00,100 גרם,false,,7.90,0.0395,true,1,2778143
7290011065324,false,פפריקה מתוקה 80ג שקית רמילוי,,,פפריקה מתוקה 80ג שקי,גרמים,80.00,100 גרם,false,,4.90,0.0613,true,1,3627161
7290011065331,false,כמון טחון 50 שקית רמילוי,,,כמון טחון 50 שקית רמ,גרמים,50.00,100 גרם,false,,4.90,0.0980,true,1,3627162
7290011065348,false,כורכום טחון 80 שקית רמילוי,,,כורכום טחון 80 שקית,גרמים,80.00,100 גרם,false,,4.90,0.0613,true,1,3627163
7290011065362,false,מלח לימון 100גר שקית רמילוי,,,מלח לימון 100גר שקית,גרמים,100.00,100 גרם,false,,4.90,0.0490,true,1,3627164
7290011065386,false,פלפל שחור טחון 50גר שקית רמילוי,,,פלפל שחור טחון 50גר,גרמים,50.00,100 גרם,false,,6.90,0.1380,true,1,3627165
7290011065416,false,פלפל שחור מטחנה מימונס 60 גרם,"א.ל ייצור ושיווק תבלינים בע""מ",IL,תבלין פלפל שחור מטחנ,גרמים,60.00,100 גרם,false,,16.90,0.2817,true,1,2773730
7290011065423,false,מלח ים מטחנה מימונס 130 גרם,"א.ל ייצור ושיווק תבלינים בע""מ",IL,תבלין מלח ים מטחנה 9,גרמים,90.00,100 גרם,false,,17.70,0.1967,true,1,2773731
7290011065539,false,שמרים יבשים בוואקום 500ג רמילוי,,,שמרים יבשים בוואקום,גרמים,500.00,100 גרם,false,,11.90,0.0238,true,1,3107549
7290011065546,false,שמרים יבשים בוואקום 125ג רמילוי,,,שמרים יבשים בוואקום,גרמים,125.00,100 גרם,false,,3.90,0.0312,true,1,3107550
7290011081492,false,גלידה בטעם שלושה שוקולדים 1.33ל' קרמיסימו,"גלידת שטראוס בע""\מ, רחוב",IL,קרמיסימו שלושה שוקול,ליטרים,1.33,ליטר,false,,17.90,13.4586,true,1,1030985
7290011081690,false,קרמיסימו פרווה שוקו ציפ+וניל ציפ 1.33ל,"גלידת שטראוס בע""\מ, רחוב",IL,קרמיסימו פרווה שוקו,ליטרים,1.33,ליטר,false,,17.90,13.4586,true,1,1030988
7290011097004,false,מרכך ומבשם כביסה כחול קטיפתי קלין 4 ליטר,קלין,,מרכך ומבשם כביסה כחו,ליטרים,4.00,ליטר,false,,16.90,4.2250,true,1,1030590
7290011097790,false,מרכך כביסה היפואלרגני לתינוקות קלין 4 ליטר,קלין,,מרכך כביסה היפואלרגנ,ליטרים,4.00,ליטר,false,,16.90,4.2250,true,1,1030613
7290011113926,false,דאודורנט ספריי טיטניום בלאק Titanium Black,משווק: וסמופארם בעממ,IL,דאו ספריי טיטניום 18,מיליליטרים,180.00,"100 מ""ל",false,,14.90,0.0828,true,1,1044777
7290011115159,false,סבון מוצק מועשר בקרם לחות ניחוח פרחים נקה 7 4*100 גרם,גליל כימיקלים בעמ,IL,סבון מוצק מועשר בקרם,גרמים,400.00,100 גרם,false,,10.90,0.0273,true,1,1044786
7290011115241,false,אל סבון ארומטי מוצק ורוד ורד ויסמין - מארז רביעיה,"גליל כימיכלים בע""מ",IL,סבון מוצק מועשר בניח,גרמים,400.00,100 גרם,false,,10.90,0.0273,true,1,1044790
7290011115258,false,אל סבון מוצק מבושם בניחוח עדין קלאסיק - מארז רביעיה,"גליל כימיכלים בע""מ",IL,סבון מוצק מועשר ירוק,גרמים,400.00,100 גרם,false,,10.90,0.0273,true,1,1044791
7290011115265,false,מארז סבון מוצק ארומה אל סבון מועשר בשמנים ארומטיים,"גליל כימיכלים בע""מ",IL,סבון מוצק מועשר בניח,גרמים,400.00,100 גרם,false,,10.90,0.0273,true,1,1044792
7290011115272,false,אל סבון מוצק מועשר בקרם לחות צמחים - מארז רביעיה,קוסמופארם בע'\'\מ,IL,סבון מוצק מועשר בקרם,גרמים,400.00,100 גרם,false,,10.90,0.0273,true,1,1044793
7290011115296,false,אל סבון מוצק מועשר בקרם לחות לבנדר - מארז רביעיה,נקה 7,,סבון מוצק מועשר בקרם,גרמים,400.00,100 גרם,false,,10.90,0.0273,true,1,1044795
7290011115401,false,אל סבון ארומטי מוצק צהוב קמומיל - רביעייה,נקה 7,IL,סבון מוצק ארומה לבן,גרמים,400.00,100 גרם,false,,10.90,0.0273,true,1,1044803
7290011126209,false,הגן הקסום תה טעם תפוח וקינמון סיידר ויסוצקי 25 יח',תה ויסוצקי,IL,הגן הקסום תה טעם תפו,יח',25.00,יח',false,,16.90,0.6760,true,1,1027271
7290011126452,false,הגן הקסום תה בטעם קמומיל ונענע ויסוצקי 25 יחידות,תה ויסוצקי,IL,הגן הקסום תה בטעם קמ,יח',25.00,יח',false,,16.90,0.6760,true,1,1027279
7290011126469,false,חליטת צמחים וקמומיל הגן הקסום ויסוצקי 25 יחידות,תה ויסוצקי,IL,הגן הקסום תה בטעם קמ,יח',25.00,יח',false,,16.90,0.6760,true,1,1027280
7290011126957,false,תה ירוק ויסוצקי ארל גריי 25 שקיקים,ויסוצקי ירוק,IL,תה ירוק ארל גריי ויס,יח',25.00,יח',false,,22.90,0.9160,true,1,1027289
7290011131371,false,"מוזלי שקדים ואגוזים 1 ק""ג גרין",ויטליאה ניקולה דו,MK,מוזלי שקדים ואגוזים,קילוגרמים,1.00,"ק""ג",false,,24.90,24.9000,true,1,1023788
7290011131654,false,מוזלי קראנצ'י ביג מיקס עם פירות ואגוזים,ויטליה ניקולא דו,MK,"מוזלי ביג מיקס 1 ק""ג",100 קג,1.00,100 קג,false,,24.90,24.9000,true,1,1150663
7290011131968,false,"גרנולה בתוספת שקדים ואגוזים גרין 1 ק""ג",ויטליה ניקולא דו,MK,גרנולה בתוספת שקדים,גרמים,1000.00,100 גרם,false,,24.90,0.0249,true,1,1023795
7290011132583,false,פפסי מקס 500 גרם בקבוק שישייה,"טמפו משקאות בע""\מ",IL,שישיית פפסי מקס 500,ליטרים,3.00,ליטר,false,,16.90,5.6333,true,1,1017152
7290011133368,false,"בירה שנדי, בירה בטעם תפוח, מארז שישייה, בקבוק 330 מ''ל","טמפו משקאות בע""מ",IL,שנדי תפוח 330 בקבוק שישיי,ליטרים,1.98,ליטר,false,,27.90,14.0909,true,1,1017162
7290011133375,false,בירה שנדי בתוספת משקה אפרסק - שישייה,"טמפו משקאות בע""מ",IL,שנדי אפרסק 330 בקבוק שישי,ליטרים,1.98,ליטר,false,,27.90,14.0909,true,1,1017163
7290011133450,false,פקדון בקבוק חוזר 500,,,בקבוק חוזר 500מל פקד,יח',1.00,יח',false,,1.20,1.2000,true,1,1017091
7290011133634,false,"פפסי מקס פחית צרה מארז שישייה 330 מ""ל","טמפו משקאות בע""\מ",IL,פפסי מקס פחית דל קלו,ליטרים,1.98,ליטר,false,,16.90,8.5354,true,1,5902610
7290011148362,false,כרוב אדום מהדרין יבולי הכפר,,,כרוב אדום מהדרין יבו,קילוגרמים,1.00,"ק""ג",true,,13.90,13.9000,true,1,6358088
7290011148805,false,שעועית טריה עד 500 ג,ביכורי השקמה,IL,שעועית טרייה ירקט,גרמים,635.00,100 גרם,false,,14.90,0.0235,true,1,2366257
7290011153885,false,נייר אכיל ממותג דיסני,שמחה זה אנחנו,,נייר אכיל ממותג,יח',1.00,יח',false,,14.90,14.9000,true,1,1030087
7290011154028,false,תרכיז סיידר תפוחים טהור טעמי הגליל 1.2 ליטר,טעמי הגליל,IL,תרכיז סיידר תפוחים ט,ליטרים,1.20,ליטר,false,,39.90,33.2500,true,1,1025565
7290011154035,false,"תרכיז תפוחים סחוט טעמי הגליל 500 מ""ל",טעמי הגליל,IL,רכז תפוחים סחוט 500,מיליליטרים,500.00,"100 מ""ל",false,,19.90,0.0398,true,1,6213466
7290011154080,false,"תרכיז תפוחים צלול טעמי הגליל 500 מ""ל",טעמי הגליל,IL,רכז תפוחים צלול 500,מיליליטרים,500.00,"100 מ""ל",false,,19.90,0.0398,true,1,6213467
7290011154141,false,סילאן לחיץ 360 גרם רמי לוי,,,סילאן לחיץ 360 גרם ר,גרמים,360.00,100 גרם,false,,8.90,0.0247,true,1,3851781
7290011154158,false,סילאן לחיץ טבעי 350 ג רמי לוי,,,סילאן לחיץ טבעי 350,גרמים,350.00,100 גרם,false,,11.90,0.0340,true,1,3851824
7290011154165,false,סילאן 900 גרם רמי לוי,,,סילאן 900 גרם רמי לו,גרמים,900.00,100 גרם,false,,9.90,0.0110,true,1,3851782
7290011154172,false,סילאן טבעי 900 ג רמי לוי,,,סילאן טבעי 900 ג רמי,גרמים,900.00,100 גרם,false,,19.90,0.0221,true,1,3851825
7290011154189,false,ממרח תמרים 450 ג רמי לוי,,,ממרח תמרים 450 ג רמי,גרמים,450.00,100 גרם,false,,4.80,0.0107,true,1,3851826
7290011154196,false,תמרים ללא חרצנים 500 גרם רמי לוי,,,תמרים ללא חרצנים 500,גרמים,500.00,100 גרם,false,,10.90,0.0218,true,1,3851827
7290011164164,false,מארז לקקני סודה 40 יחידות 360 גרם,גואנגדונג צאואן פוד,CN,מארז לקקני סודה 40 י,גרמים,360.00,100 גרם,false,,15.90,0.0442,true,1,1019270
7290011174231,false,עוגת מוס גבינה אוכמניות 850 גרם,קפולסקי שיווק וקמעונ,IL,עוגת מוס גבינה אוכמנ,גרמים,850.00,100 גרם,false,,59.90,0.0705,true,1,1036961
7290011194215,false,מעדן גבינה ויוגורט בטעם בננה 5% שומן 88 ג' דניאלה,"שטראוס בריאות בע""מ",IL,דניאלה בטעם בננה 150,מיליליטרים,150.00,"100 מ""ל",false,,3.90,0.0260,true,1,1032617
7290011194246,false,קוטג' 5% עם סידן 250 ג' שטראוס,מיוצר עי קונדיטוריית,IL,קוטג' 5% שומן 250 גר,גרמים,250.00,100 גרם,false,,5.80,0.0232,true,1,1032618
7290011223021,false,רפידות הנקה על בסיס ג'ל באריזה אישית,קריפורט סחר בינלאומי,IL,פ.ו כריות הנקה אישיות - 3,יח',30.00,יח',false,,14.90,0.4967,true,1,1046288
7290011223038,false,בונומי עלים לקרמשניט שכבות אפויות מבצק עלים 300 גרם,בונומי ס.פ.א,IT,עלים לקרמשניט - בונומי 30,גרמים,300.00,100 גרם,false,,14.80,0.0493,true,1,1046289
7290011223045,false,בישקוטים בונומי 200 גרם,בונומי ס.פ.א,IT,בישקוטים בונומי 200גרם,גרמים,200.00,100 גרם,false,,5.90,0.0295,true,1,1046290
7290011223229,false,"טואלט דאק ג'ל לאסלה טיפות טל רעננות 55 מ""ל","איטיליאן פוד, אס.פי.",IT,ט.ד ג'ל אסלה טיפות טל רענ,מטרים,55.00,100 מ'ל,false,,9.90,0.1800,true,1,1046299
7290011223243,false,"טואלט דאק ג'ל לאסלה בניחוח לבנדר 55 מ""ל","איטיליאן פוד, אס.פי.",IT,ט.ד ג'ל אסלה ניחוח לבנדר,מטרים,55.00,100 מ'ל,false,,9.90,0.1800,true,1,1046301
7290011239237,false,חטיף אגוזים ישראלי 250גר,בני ריאד מחרום,IL,חטיף אגוזים ישראלי 2,גרמים,250.00,100 גרם,false,,18.90,0.0756,true,1,6305330
7290011239404,false,חטיפים שונים ארוזים330ג,"בני ריאד מחרום בע""מ",IL,חטיפים שונים ארוזים3,גרמים,300.00,100 גרם,false,,14.90,0.0497,true,1,1385994
7290011240318,false,"יין שאטו דה למר קברנה סוביניון יקבי ציון 750 מ""ל",יקבי ציון,IL,שאטו דה למר קברנה סו,מיליליטרים,750.00,"100 מ""ל",false,,17.90,0.0239,true,1,1312003
7290011240608,false,"יין שאטו דה למר אמרלד ריזלינג יקבי ציון 750 מ""ל",יקבי ציון,IL,יין שאטו דה למר 750,מיליליטרים,750.00,"100 מ""ל",false,,17.90,0.0239,true,1,1312004
7290011240837,false,"יין שאטו דה למר מרלו יקבי ציון 750 מ""ל",יקבי ציון,IL,יין שאטו דה למר מרלו,מיליליטרים,750.00,"100 מ""ל",false,,17.90,0.0239,true,1,1312005
7290011240905,false,"יין מוסקטו לבן מבעבע יקבי ציון 750 מ""ל",יקבי ציון,IL,מוסקטו לבן מבעבע,מיליליטרים,750.00,"100 מ""ל",false,,24.90,0.0332,true,1,1312007
7290011254070,false,תבלין פלפל שחור בשקית 50ג' מיה,מיה תעשיות מזון מ.ת.מ. ב,IL,פלפל שחור מיה 50 גר,גרמים,50.00,100 גרם,false,,6.90,0.1380,true,1,1024097
7290011254087,false,תבלין קינמון בשקית 80 גר' מיה,מיה תעשיות מזון מ.ת.מ. ב,IL,קינמון מיה 80 גרם,גרמים,80.00,100 גרם,false,,3.80,0.0475,true,1,1024098
7290011254094,false,תבלין כמון 80גר' שקית,מיה תעשיות מזון מ.ת.מ. ב,IL,כמון טחון מיה 80 גרם,גרמים,80.00,100 גרם,false,,3.80,0.0475,true,1,1024099
7290011254100,false,תבלין כרכום בשקית 80 גר' מיה,מיה תעשיות מזון מ.ת.מ. ב,IL,כורכום מיה 80 גרם,גרמים,80.00,100 גרם,false,,3.80,0.0475,true,1,1024100
7290011254117,false,תבלין פפריקה מתוקה בשקית 80 גר' מיה,מיה תעשיות מזון מ.ת.מ. ב,IL,פפריקה מתוקה מיה 80,גרמים,80.00,100 גרם,false,,3.80,0.0475,true,1,1024101
7290011254131,false,תבלין אורגנו 20גרם- שקית,מיה תעשיות מזון מ.ת.מ. ב,IL,אורגנו מיה 20 גרם,גרמים,20.00,100 גרם,false,,3.80,0.1900,true,1,1024103
7290011254148,false,אבקת שום בשקית מיה 80 גרם,מיה תעשיות מזון מ.ת.מ. ב,IL,אבקת שום מיה 80 גרם,גרמים,80.00,100 גרם,false,,6.90,0.0863,true,1,1024104
7290011254155,false,תבלין מלח לימון בשקית 80 גר' מיה,מיה תעשיות מזון מ.ת.מ. ב,IL,מלח לימון מיה 80 גרם,גרמים,80.00,100 גרם,false,,3.80,0.0475,true,1,1024105
7290011254179,false,תבלין גריל עוף בשקית 80 גר' מיה,מיה תעשיות מזון מ.ת.מ. ב,IL,גריל עוף מיה 80 גרם,גרמים,80.00,100 גרם,false,,3.90,0.0487,true,1,1024107
7290011254209,false,גבישי שום בשקית מיה 80 גרם,מיה תעשיות מזון מ.ת.מ. ב,IL,גבישי שום מיה 80 גרם,גרמים,80.00,100 גרם,false,,6.90,0.0863,true,1,1024110
7290011254452,false,סוכריות ללא תוספת סוכר בטעם מנטה מיה 80 גרם,מיה תעשיות מזון מ.ת.מ. ב,IL,סוכריות ללא תוספת סו,גרמים,80.00,100 גרם,false,,4.90,0.0613,true,1,1024123
7290011254483,false,סוכריות ללא תוספת סוכר בטעם אפרסק מיה 80 גרם,מיה תעשיות מזון מ.ת.מ. ב,IL,סוכריות ללא תוספת סו,גרמים,80.00,100 גרם,false,,4.90,0.0613,true,1,1024126
7290011254490,false,סוכריות ללא תוספת סוכר בטעם פירות יער מיה 80 גרם,מיה תעשיות מזון מ.ת.מ. ב,IL,סוכריות ללא תוספת סו,גרמים,80.00,100 גרם,false,,4.90,0.0613,true,1,1024127
7290011254728,false,ג'לטין טהור בקרטוני מיה 25 גרם,מיה תעשיות מזון מ.ת.מ. ב,IL,ג'לטין טהור מיה 25 ג,גרמים,25.00,100 גרם,false,,9.90,0.3960,true,1,1024135
7290011254766,false,"שעועית לוביה יבשה מיה 400 גר'בד""צ",מיה תעשיות מזון מ.ת.מ. ב,IL,שעועית לוביה מיה 400,גרמים,400.00,100 גרם,false,,9.90,0.0248,true,1,1024139
7290011254810,false,סוכריות ג'לילנד דובונים פרי קיץ 125 גרם,מיה תעשיות מזון מ.ת.מ. ב,IL,סוכריות ג'לי דובונים,גרמים,125.00,100 גרם,false,,5.90,0.0472,true,1,1024143
7290011276485,false,חסה עגולה רמי לוי,,,חסה עגולה רמי לוי,יח',1.00,יח',false,,5.90,5.9000,true,1,2253941
7290011332983,false,מגבונים לניקוי אף מגבונאף קמיל בלו- מארז שלישייה,פישר מעבדות פרמצבטיות בע,IL,קמיל בלו מגבונאף שלישייה,יח',30.00,יח',false,,24.90,0.8300,true,1,1043795
7290011378769,false,חטיף חלווה וניל בארכה 126 גרם מארז 7 יחידות,"רושדי תעשיות מזון בע""\מ",IL,מאגדת חטיפי חלבה באר,גרמים,126.00,100 גרם,false,,10.90,0.0865,true,1,1027298
7290011378776,false,חטיף חלווה פיסטוק בארכה 126 גרם מארז 7 יחידות,"רושדי תעשיות מזון בע""\מ",IL,מאגדת חטיפי חלבה באר,גרמים,126.00,100 גרם,false,,10.90,0.0865,true,1,1027299
7290011392055,false,אקווה פרש מברשת סופט פלקס 3 יחידות,גלקסוסמיתקליין,DE,אקוה פרש מברשת פלקס שלישי,יח',1.00,יח',false,,9.90,9.9000,true,1,1035122
7290011438142,false,"משקה יטבתה אייס קפה בבקבוק אישי 350 מ""ל",שטראוס גרופ,IL,אייס קפה יטבתה 350 מ,מיליליטרים,350.00,"100 מ""ל",false,,6.20,0.0177,true,1,1032626
7290011447014,false,מטרנה דייסת סלט פירות 200 גרם,מטרנה תעשיות ש.מ,IL,מטרנה דייסת סלט פירו,גרמים,200.00,100 גרם,false,,12.90,0.0645,true,1,1020496
7290011447267,false,מטרנה פרימיום חלבי שלב 1 700 גרם חיסכון,מטרנה תעשיות ש.מ,IL,תחליף חלב חלבי שלב 1,גרמים,700.00,100 גרם,false,,47.90,0.0684,true,1,1020505
7290011447281,false,מטרנה פרימיום חלבי שלב 2 700 גרם חיסכון,מטרנה תעשיות ש.מ,IL,תחליף חלב חלבי שלב 2,גרמים,700.00,100 גרם,false,,47.90,0.0684,true,1,1020507
7290011447304,false,מטרנה פרימיום חלבי שלב 3 700 גרם חיסכון,מטרנה תעשיות ש.מ,IL,תחליף חלב חלבי שלב 3,גרמים,700.00,100 גרם,false,,47.90,0.0684,true,1,1020509
7290011447359,false,תחליף חלב מטרנה מהדרין שלב 1 חלבי 700 גרם,מולינו ניקולי s.p.a,IL,תחליף חלב מהדרין שלב,גרמים,700.00,100 גרם,false,,47.90,0.0684,true,1,1020512
7290011447373,false,תחליף חלב מטרנה מהדרין שלב 2 חלבי 700 גרם,מטרנה תעשיות ש.מ,IL,תחליף חלב מהדרין שלב,גרמים,700.00,100 גרם,false,,47.90,0.0684,true,1,1020514
7290011447748,false,"מזון לחתולים יבש עם דגי אוקיינוס וטונה סופר קט 3 ק""ג",קריות זול,IL,מזון לחתולים יבש עם,קילוגרמים,3.00,"ק""ג",false,,47.50,15.8333,true,1,1027930
7290011447908,false,"מזון לחתולים מלא טעם עוף וכבד סופר קט 3 ק""ג",קריות זול,IL,מזון לחתולים מלא טעם,100 לקג,3.00,100 לקג,false,,39.90,13.3000,true,1,1027933
7290011473006,false,קינואה אורגני לבנה 500 גרם,תבואות,BO,קינואה אורגני לבנה 5,גרמים,500.00,100 גרם,false,,16.90,0.0338,true,1,2081512
7290011473051,false,קוואקר עבה אורגני 500 גרם,ארוז ע' תבואות,GB,קוואקר אורגני 500 גר,גרמים,500.00,100 גרם,false,,10.90,0.0218,true,1,2081513
7290011473242,false,פשתן זרעים אורגני 500 גרם,ארוז ע' תבואות,CN,פשתן זרעים אורגני 50,גרמים,500.00,100 גרם,false,,9.90,0.0198,true,1,2081526
7290011473280,false,חומוס אורגני תבואות,ארוז ע' תבואות,IL,חומוס אורגני 500 גר,גרמים,500.00,100 גרם,false,,9.90,0.0198,true,1,2081528
7290011473617,false,טיב הטבע ציה טבעי 300 גרם תבואות,תבואות,MX,צ'ייה 300 גר,גרמים,300.00,100 גרם,false,,18.90,0.0630,true,1,2081407
7290011474386,false,קוואקר דק אורגני 500 גרם,תבואות,,קוואקר דק אורגני 500,גרמים,500.00,100 גרם,false,,12.90,0.0258,true,1,2081458
7290011480516,false,כוסברה/פטרוזיליה/שמיר/נענע,TBD,,שמיר מהדרין,יח',1.00,יח',false,,4.90,4.9000,true,1,1025118
7290011499051,false,גבינה פטה כבשים בגביע 20% 250 גר',MKN עבור מחלבות גד ב,IL,גבינת פטה כבשים 20%,גרמים,250.00,100 גרם,false,,23.90,0.0956,true,1,1021273
7290011499105,false,גבינה בולגרית מלוחה 5% 250 ג' גד,ג'נרל מילס סאן אדריא,IL,גבינה בולגרית 5% גד,גרמים,250.00,100 גרם,false,,21.90,0.0876,true,1,1021274
7290011499112,false,גבינה בולגרית 165 גד 250 גרם,"מיוצר ע""י dsh",IL,גד בולגרית 16% 250 ג,גרמים,250.00,100 גרם,false,,21.90,0.0876,true,1,1021275
7290011499129,false,גבינה בולגרית מעודנת קוביות קטנות 5% גד 200 גרם,קוד יצרן DSH,IL,גבינה בולגרית מעודנת,גרמים,200.00,100 גרם,false,,19.90,0.0995,true,1,1021276
7290011499303,false,גבינה בולגרית עזים 5% גד מעודנת 250 גרם,ג'נרל מילס סאן אדריא,IL,פטה עיזים מעודנת 5%,גרמים,250.00,100 גרם,false,,29.90,0.1196,true,1,1021282
7290011499327,false,גבינה בולגרית מעודנת חלב בקר 250 גר,מיוצר על ידי DSH עבו,IL,גבינה בולגרית מעודנת,גרמים,250.00,100 גרם,false,,21.90,0.0876,true,1,1021284
7290011499365,false,גבינת חלומי 24% גד 200 גרם,"מחלבות גד בע""\מ",IL,גד חלומי 200 גר,גרמים,200.00,100 גרם,false,,18.90,0.0945,true,1,1021288
7290011499419,false,גבינה במרקם שמנת בטעם טבעי 5% ניו יורק,גבינות מדף,IL,גבינת שמנת ניו יורק,גרמים,200.00,100 גרם,false,,11.40,0.0570,true,1,4301334
7290011499624,false,גבינת שמנת בטעם טבעי גד 30% 200 גרם,גבינות מדף,IL,גבינת שמנת בטעם טבעי,גרמים,200.00,100 גרם,false,,12.90,0.0645,true,1,1021298
7290011499686,false,גבינה צפתית במליחות מעודנת 5% גד 350 גרם,גבינות מדף,IL,גבינה צפתית במליחות,גרמים,350.00,100 גרם,false,,16.90,0.0483,true,1,1021303
7290011499853,false,שמנת 30% ניו יורק זיתים מחלבות גד,מחלבות גד (שיווק 199,IL,גבינת שמנת עם זיתים,גרמים,200.00,100 גרם,false,,12.90,0.0645,true,1,1021316
7290011518561,false,"אקטימל תות 1.51 ק""ג מארז 14 יחידות",מיוצר עי קונדיטוריית,IL,יוגורט אקטימל תות 14,ליטרים,1.40,ליטר,false,,28.90,20.6429,true,1,1032635
7290011525323,false,אל סבון טיפולי לתינוק קמיל בלו סנסטיב שיבולת שועל,פישר מעבדות פרמצבטיות בע,IL,קמיל בלו סנסיטיב אל סבון,מיליליטרים,500.00,"100 מ""ל",false,,21.90,0.0438,true,1,1043798
7290011525712,false,"קמיל בלו אל סבון סנסיטיב לפני השינה ד""ר פישר 1 ליטר",פישר מעבדות פרמצבטיות בע,IL,קמיל בלו סנסיטיב אל סבון,ליטרים,1.00,ליטר,false,,32.80,32.8000,true,1,1043802
7290011525729,false,שמפו לתינוק קמיל בלו סנסטיב לפני השינה עם לבנדר וקמומיל,פישר מעבדות פרמצבטיות בע,IL,קמיל בלו סנסיטיב שמפו לפנ,ליטרים,1.00,ליטר,false,,32.80,32.8000,true,1,1043803
7290011570088,false,ריבת חלב ללא סוכר 450 גר,Satko ltd,IL,ריבת חלב לייט 400ג,גרמים,400.00,100 גרם,false,,18.90,0.0472,true,1,1143510
7290011570132,false,"קמח ללא גלוטן גלעם 1 ק""ג-",אשבל מזון פונקציונלי,IL,קמח ללא גלוטן גלעם 1,גרמים,1000.00,100 גרם,false,,15.90,0.0159,true,1,1016810
7290011570507,false,קמח כרגיל ללא גלוטן 450 גרם,אשבל מזון פונקציונלי בע\,IL,קמח נטול גלוטן רב תכ,גרמים,450.00,100 גרם,false,,15.70,0.0349,true,1,1143124
7290011570798,false,"קמח כרגיל ללא גלוטן בטעם שוקולד אשבל 1 ק""ג",אשבל מזון פונקציונלי בע\,IL,קמח כרגיל ללא גלוטן,גרמים,450.00,100 גרם,false,,15.70,0.0349,true,1,1967035
7290011575250,false,מבריק וצובע נעליים הפי,יעקבי - הפי Hepi,ES,מבריק וצובע נעליים ה,יח',1.00,יח',false,,9.90,9.9000,true,1,1026012
7290011575809,false,"הגרטי תרסיס לניקוי כלי כסף יעקבי 200 מ""ל",יעקובי הפי,BE,הגרטי תרסיס לניקוי כ,מיליליטרים,200.00,"100 מ""ל",false,,29.90,0.1495,true,1,1026016
7290011587598,false,שימורי אנשובי בפח 45 ג' תומר,אינוורסיונס פריסקו,PE,אנשובי בפח 26 גר -תו,יח',1.00,יח',false,,5.50,5.5000,true,1,1115019
7290011587833,false,חצאי עגבניות מיובשות מתובלות בשמן חמניות ועשבי תיבול,Sunto gida sun ve ti,,עגב. חצויות מיובש בש,גרמים,340.00,100 גרם,false,,11.20,0.0329,true,1,1016827
7290011587840,false,עגבניות קצוצות בשמן 340 גר,תומר,,עגב. קצוצות בשמן 340,גרמים,340.00,100 גרם,false,,11.20,0.0329,true,1,1016828
7290011587857,false,עגבניות מיובשות בשמן חמניות ועשבי תיבול תומר 250 ג',סנטו דידה סאן,TR,עגב. מיובשות 250ג' מ,גרמים,250.00,100 גרם,false,,8.90,0.0356,true,1,1143361
7290011593087,false,"שמן זית כתית מעולה 750 מ""ל סבא חביב",סאן אויל עיבוד ושיוו,IL,סבא חביב שמן זית כתי,מטרים,750.00,100 מ'ל,false,,29.70,0.0396,true,1,6357176
7290011598211,false,"סנו - אנטי קאלק מרסס ניקוי כללי 4 ב-1 700 מ""ל",מיוצר עי קונדיטוריית,IL,אנטי קאלק תרסיס לניק,מיליליטרים,700.00,"100 מ""ל",false,,17.70,0.0253,true,1,1023188
7290011598259,false,"פרש מטהר אוויר אוטומטי בניחוח מאסק סנו 250 מ""ל",סנו מפעלי ברונוס בעמ,IL,פרש מטהר אוויר אוטומ,מיליליטרים,250.00,"100 מ""ל",false,,12.90,0.0516,true,1,1023189
7290011598365,false,רביעיית מטליות מיקרופייבר מקצועיות סנו סושי,סנו סושי,IL,סנו סושי מטליות מקרו,יח',4.00,יח',false,,13.90,3.4750,true,1,1023192
7290011598372,false,מטלית מיקרופייבר פרופשיונל לרצפה סנו סושי,סנו מפעלי ברונוס.,IL,מטלית מיקרופייבר לרצ,יח',1.00,יח',false,,10.90,10.9000,true,1,1023193
7290011598402,false,מקסימה מרכך כביסה ארומתרפי מאסק סנו 4 ליטר,"סנו מפעלי ברונוס בע""\מ",IL,מקסימה מרכך כביסה אר,ליטרים,4.00,ליטר,false,,21.50,5.3750,true,1,1023194
7290011607197,false,"קולון 101 אבקת כביסה 5 ק""ג",רקיט בנקיזר,IL,COLON 101 3x5KG new promo,קילוגרמים,5.00,"ק""ג",false,,38.90,7.7800,true,1,1036280
7290011615260,false,"טורטייה 20 ס""מ קוטר וילי פוד 540 גר",מוטלוקל גידה סאנאי ט,TR,טורטיות 540 גרם,גרמים,540.00,100 גרם,false,,8.70,0.0161,true,1,1026961
7290011615277,false,"עלי טורטיוה קמח חיטה 25ס""מ 12יח' ויליפוד 840 ג'",מוטלוקל גידה סאנאי ט,TR,טורטיות וילי פוד 840,גרמים,840.00,100 גרם,false,,13.90,0.0165,true,1,1026962
7290011618025,false,בייבי ביס הוט קידס נגיסי אורז לתינוק,גואנז'ו יונג וואנט פ,CN,נגיסי אורז לתינוקות בטעם,גרמים,50.00,100 גרם,false,,13.50,0.2700,true,1,1046321
7290011618124,false,נגיסי אורז בייבי ביס ירקות 50 גרם,גואנז'ו יונג וואנט פ,CN,נגיסי אורז לתינוקות בטעם,גרמים,50.00,100 גרם,false,,13.50,0.2700,true,1,1046325
7290011622305,false,כתמטמינים חטיף לתינוקות אצבעות בוטנים ותירס - רביעיה,הארט Heart,IL,מארז 4 כתמטמינים 4*20 גר',גרמים,20.00,100 גרם,false,,11.90,0.5950,true,1,1013757
7290011622442,false,טבעונים - חטיף טבעות דגנים מלאים בטעם טבעי 45 גרם,הארט Heart,IL,טבעונים טבעות דגנים מלאים,גרמים,45.00,100 גרם,false,,5.80,0.1289,true,1,1013763
7290011668143,false,מסיכה משקמת ומטפחת לשיער צבוע ופגום,פנינה רוזנבלום PR,IL,"מסיכה משקמת 1 ק""ג פנ",100 מל,1000.00,100 מל,false,,26.80,0.0268,true,1,1031145
7290011668402,false,"שמפו לשיער לגבר פנינה רוזנבלום 750 מ""ל",פנינה רוזנבלום,IL,שמפו לשיער לגבר פנינ,מיליליטרים,750.00,"100 מ""ל",false,,8.90,0.0119,true,1,1027340
7290011668426,false,"מרכך אובלפיחה לשיער רגיל 750 מ""ל פנינה רוזנבלום",פנינה רוזנבלום,IL,מרכך אובלפיחה לשיער,מיליליטרים,750.00,"100 מ""ל",false,,8.90,0.0119,true,1,1031157
7290011668440,false,מרכך שיאה לשיער צבוע פנינה רוזנבלום 750 מל,פנינה רוזנבלום,IL,מרכך שיאה שיער צבוע,מיליליטרים,750.00,"100 מ""ל",false,,8.90,0.0119,true,1,1027341
7290011668471,false,"שמפו רימונים לשיער דק 750 מ""ל פנינה רוזנבלום",פנינה רוזנבלום,IL,שמפו לשיער רימונים 7,מיליליטרים,750.00,"100 מ""ל",false,,8.90,0.0119,true,1,1031161
7290011668594,false,בריא מהטבע תוספת בריאה לסלט 550 גרם פנינה רוזנבלום,בריא מהטבע פנינה רוזנבלום,IL,בריא מהטבע תוספת ברי,גרמים,550.00,100 גרם,false,,36.90,0.0671,true,1,1031166
7290011732189,false,"סוכריות צמיד דחוסות בד""ץ טעמן 48 יחידות",גואנגדונג צאואן פוד,CN,מארז סוכריות צמיד 48,יח',48.00,יח',false,,15.90,0.3313,true,1,1019323
7290011732271,false,מארז פירות פלסטיק עם אבקה בטעם פרי חמצמץ 36 יחידות,גואנגדונג צאואן פוד,CN,מארז פירות פלסטיק עם,יח',1.00,יח',false,,15.90,15.9000,true,1,1019327
7290011743833,false,"סנסודיין משחת שיניים פרונאמל 75 מ""ל",גלקסו סמית קליין,GB,"סנסודיין פרונמל 75 מ""ל",גרמים,75.00,100 גרם,false,,23.90,0.3187,true,1,1035152
7290011745707,false,משחת שיניים פרונמל Pro namel לילדים לגילאי 6-12,גלקסו סמית קליין,SK,סנסודיין פרונמל ילדים 50,100 מל,50.00,100 מל,false,,16.90,0.3380,true,1,1035159
7290011765316,false,מברשת שיניים לילדים עם שעון 4-8 אורביטול,החברה הדרומית,CN,מברשת שיניים לילדים,יח',1.00,יח',false,,7.90,7.9000,true,1,1023220
7290011765415,false,"כיף - בוב ספוג מרכך שיער 750 מ""ל",קוסמופארם,IL,בוב ספוג מרכך לשיער,מיליליטרים,750.00,"100 מ""ל",false,,10.90,0.0145,true,1,1023228
7290011765446,false,משחת שיניים לילדים בוב ספוג בטעם מיץ ענבים עם פלואוריד למניעת עששת,טרופיקל דגיל תעשיות קוסמ,IL,משחת שיניים לילדים ב,גרמים,50.00,100 גרם,false,,7.50,0.1500,true,1,1023230
7290011765613,false,סנו מסיר עובש בניחות לימון מתז 1 ל',"סנו מפעלי ברונוס בע""\מ",IL,סנו מסיר עובש בניחוח,יח',1.00,יח',false,,14.90,14.9000,true,1,5374504
7290011778354,false,ביצים חופשיות 20 יחידות,ביצים מן הטבע,IL,ביצים חופשיות מן הטב,יח',20.00,יח',false,,29.90,1.4950,true,1,6269351
7290011800840,false,רפי כהן סלט טחינה בלאדי צבר 400 גרם,רפי כהן / צבר,IL,רפי כהן סלט טחינה בל,גרמים,400.00,100 גרם,false,,14.90,0.0373,true,1,1020525
7290011830007,false,"סוכר חום אורגני השדה מוצרים אורגנים 1 ק""ג",השדה מוצרים אורגניים,IN,סוכר חום אורגני 1 קג,יח',1.00,יח',false,,12.80,12.8000,true,1,1109205
7290011830168,false,פירורי לחם כוסמין אורגני השדה מוצרים אורגנים 200 גרם,השדה מוצרים אורגניים,IL,פירורי לחם אורגני ק.,גרמים,200.00,100 גרם,false,,12.90,0.0645,true,1,6233157
7290011830564,false,פתיבר כוסמין אורגני השדה מוצרים אורגנים 200 גרם,השדה מוצרים אורגניים,IL,פתי בר אורגני כוסמין,גרמים,200.00,100 גרם,false,,12.40,0.0620,true,1,6233096
7290011860271,false,ביסבול כדורי פירה מתפוחי אדמה תפוגן 700 גרם,"תעשיות תפוגן בע""\מ",IL,ביסבול כדורי פירה מת,גרמים,700.00,100 גרם,false,,11.90,0.0170,true,1,1020527
7290011877088,false,"רדיד אלומיניום רוחב 30 ס""מ, 18 מיקרון - מארז זוג",בורסה פאזרי,TR,רדיד אלומיניום קצר 3,יח',1.00,יח',false,,14.90,14.9000,true,1,1023236
7290011877095,false,"רדיד אלומיניום רוחב 45 ס""מ סנו סושי 2*7.5 מטר",בורסה פאזרי,TR,רדיד אלומיניום רוחב,אורך,7.50,אורך,false,,19.90,2.6533,true,1,1023237
7290011877446,false,קרם נגד גירויים לתינוק עם הנוסחה המשולשת SBC,קוסמופארם בע'\'\מ,IL,בייבי קרם נגד גירויי,גרמים,100.00,100 גרם,false,,9.90,0.0990,true,1,1023243
7290011877842,false,שקיות ואקום לאחסון XXXL+L סנו סושי 2 יחידות,סנו סושי,,שקיות ואקום לאחסון X,יח',2.00,יח',false,,24.90,12.4500,true,1,1023252
7290011877859,false,סנו אינסטלטור חדש פותח סתימות 200ג',מיוצר עי קונדיטוריית,IL,אינסטלטור פותח סתימו,מיליליטרים,200.00,"100 מ""ל",false,,9.90,0.0495,true,1,1023253
7290011877866,false,"מקסימה אבקת כביסה בניחוח מאסק סנו 6 ק""ג","סנו מפעלי ברונוס בע""\מ",IL,מקסימה אבקת כביסה בנ,קילוגרמים,6.00,"ק""ג",false,,44.90,7.4833,true,1,1023254
7290011920210,false,"תרסיס אקונומיקה קלין 750 מ""ל",קלין,,תרסיס אקונומיקה קלין,מטרים,750.00,100 מ'ל,false,,9.90,0.0132,true,1,1030626
7290011920715,false,"תרסיס מסיר כל אבן קלין 750 מ""ל",קלין,,תרסיס מסיר כל אבן קל,מטרים,750.00,100 מ'ל,false,,9.90,0.0132,true,1,1030634
7290011920920,false,קלין מנקה הכל מגבונים לניקוי כללי קלין 50,קלין,IL,קלין מנקה הכל מגבוני,יחי,50.00,יחי,false,,4.90,0.0980,true,1,1030643
7290011923303,false,טופו טבעי 300גרם ליב,א.י.ן תעשיות מזון בע,IL,טופו טבעי 300גרם ליב,גרמים,300.00,100 גרם,false,,9.90,0.0330,true,1,1046739
7290011931162,false,סוכרלייט ממתיק נוזלי על בסיס סוכרלוז,אף.סי תבליני בגליל ב,IL,סוכרלייט ממתיק נוזלי,מיליליטרים,220.00,"100 מ""ל",false,,22.90,0.1041,true,1,1018538
7290011947309,false,זיתים מצוננים סורי מבוקע ולימון כבוש זיתא 230 ג',זיתא – י.ט.ב תעשיות,IL,זיתים סורים מבוקעים,גרמים,230.00,100 גרם,false,,13.50,0.0587,true,1,1066652
7290011947316,false,זיתים קלמטה 215 גר מעדניה זיתא,זיתא - י.ט.ב תעשיות,IL,זיתים קלמטה 215 גר מ,גרמים,215.00,100 גרם,false,,13.50,0.0628,true,1,1197279
7290011947521,false,"שמן זית כתית מעולה מודגש זיתא 750 מ""ל",זיתא - י.ט.ב תעשיות,IL,שמן זית מודגש זיתא 7,מיליליטרים,750.00,"100 מ""ל",false,,32.90,0.0439,true,1,2450783
7290011947743,false,זיתים זיתא מיקס זית ירוק וזית קלמטה 215 גרם,זיתא - י.ט.ב תעשיות,IL,מיקס זיתים 215ג,גרמים,215.00,100 גרם,false,,13.50,0.0628,true,1,6106262
7290011947781,false,מיקס זית ירוק וזית קלמטה ללא גלעין עם שמן זית כתית מעולה,זיתא - י.ט.ב תעשיות,IL,מיקס זיתים ירוקים קל,גרמים,190.00,100 גרם,false,,13.90,0.0732,true,1,6269370
7290011947798,false,זית קלמטה ללא גלעין עם שמן זית כתית מעולה,זיתא - י.ט.ב תעשיות,IL,זיתים קלמטה ללא גלעי,גרמים,190.00,100 גרם,false,,13.90,0.0732,true,1,6269371
7290011947903,false,מיקס זיתים יווני זיתא 215 ג',זיתא - י.ט.ב תעשיות,IL,מיקס זיתים יווני 215,יח',1.00,יח',false,,13.50,13.5000,true,1,6289865
7290011977627,false,סרדינים בשמן צמחי טעים 125 גרם,טעמן,MA,סרדינים בשמן צמחי טע,גרמים,125.00,100 גרם,false,,3.90,0.0312,true,1,1019372
7290011977634,false,סרדינים בשמן קנולה עם פלפל חריף טעים 125 גרם,טעמן,IL,סרדינים בשמן צמחי עם,גרמים,125.00,100 גרם,false,,3.90,0.0312,true,1,1019373
7290011977641,false,סרדינים בשמן קנולה עם לימון טעים 125 גרם,טעמן,IL,סרדינים בשמן ולימון,גרמים,125.00,100 גרם,false,,3.90,0.0312,true,1,1019374
7290011977665,false,סרדינים ברוטב עגבניות טעים 125 גרם,טעמן,MA,סרדינים ברוטב עגבניו,גרמים,125.00,100 גרם,false,,3.90,0.0312,true,1,1019376
7290012019043,false,שום צעיר כבוש בחומץ בצנצנת 330 גרם,FOODS CANDDED QINGDAO,CN,שום צעיר כבוש 330 גר,גרמים,330.00,100 גרם,false,,9.90,0.0300,true,1,1016832
7290012019401,false,מיץ דובדבן 100% 1 ליטר תוצרת גרוזיה,Aromaproduct ltd,,מיץ דובדבן 100% גרוז,מטרים,1000.00,100 מ'ל,false,,17.30,0.0173,true,1,6313914
7290012022203,false,פריכיות קליליות חיטה,דילייט 2005,IL,קליליות מרובה דגנים,יח',1.00,יח',false,,13.50,13.5000,true,1,1044054
7290012022227,false,קליליות חיטה בטעם טבעי,דילייט 2005,IL,קליליות רגיל 60 ג,יח',1.00,יח',false,,11.50,11.5000,true,1,1044056
7290012022272,false,פריכיות קליליות קידס,דילייט 2005,IL,קליליות ילדים 30 ג,יח',1.00,יח',false,,9.90,9.9000,true,1,1218345
7290012025822,false,שמיר סלק אסלי 400 גרם,"סלטי שמיר 2006 בע""מ",IL,שמיר סלק אסלי 400 גר,גרמים,400.00,100 גרם,false,,9.80,0.0245,true,1,6387940
7290012025839,false,מטבוחה שמיר אסלי 400 גרם,"סלטי שמיר 2006 בע""מ",IL,שמיר מטבוחה אסלי 400,יחידה,400.00,יחידה,false,,9.80,0.0245,true,1,6387941
7290012046193,false,ספוגי קרצוף קשיחים ירוקים קצרים 9יח,M3,ES,ספוגי קרצוף קשיחים י,יח',1.00,יח',false,,13.90,13.9000,true,1,6362796
7290012052194,false,גרנולה פירות יער וקשיו מרכיבים טבעיים 350 גרם,רפאלס,IL,גרנולה פירות יער וקש,גרמים,350.00,100 גרם,false,,15.50,0.0443,true,1,1048356
7290012052200,false,גרנולה רפאל-אגוזים זרעים ופירות 800 גרם,רפאלס,IL,גרנולה אגוזים זרעים,גרמים,800.00,100 גרם,false,,27.90,0.0349,true,1,1048357
7290012052217,false,גרנולה עם אגוזים ופירות יבשים במתיקות מעודנת,רפאלס,,גרנולה אגוזים ופירות,גרמים,800.00,100 גרם,false,,23.90,0.0299,true,1,1048358
7290012052309,false,גרנולה בננה צימוקים ושקדים מרכיבים טבעיים 1 ק''ג,רפאלס,IL,גרנולה בננה צימוקים,גרמים,1000.00,100 גרם,false,,21.90,0.0219,true,1,1048361
7290012052316,false,גרנולה תענוג - שפע פירות 1 קילו,רפאלס,IL,"גרנולה תענוג 1 ק""ג פ",גרמים,1000.00,100 גרם,false,,21.90,0.0219,true,1,1048362
7290012052330,false,גרנולה תענוג חלבה ותמרים 1 ק''ג,רפאלס,IL,גרנולה תענוג חלבה ות,יח',1.00,יח',false,,21.90,21.9000,true,1,1048364
7290012052361,false,גרנולה מוזלי בטעם מרכיבים טבעיים 350 גרם,רפאלס,IL,גרנולה מוזלי בטעם מר,גרמים,350.00,100 גרם,false,,13.90,0.0397,true,1,1048367
7290012052477,false,צ'וקולומומו - מיקס זרעים לסלט - עשבי תיבול,רפאלס,IL,צ'וקולומומו עשבי תיב,גרמים,250.00,100 גרם,false,,14.90,0.0596,true,1,1048371
7290012071003,false,"ד""ר פישר - קמיל בלו משחה לתינוק 200 גרם",פישר מעבדות פרמצבטיו,IL,קמיל בלו משחה לתינוק 200,גרמים,200.00,100 גרם,false,,17.90,0.0895,true,1,1163306
7290012116063,false,"כיף אל סבון פיות בתמציות קמומיל 750 מ""ל",טרופיקל דגיל תעשיות,IL,אל סבון פיות בתמציות,מיליליטרים,750.00,"100 מ""ל",false,,10.90,0.0145,true,1,1023268
7290012116070,false,"אל סבון נוזלי פיות בתמציות אלוורה כיף 750 מ""ל",החברה הדרומית,IL,אל סבון נוזלי פיות ב,מיליליטרים,750.00,"100 מ""ל",false,,10.90,0.0145,true,1,1023269
7290012116360,false,פוליויקס נוזל לניקוי רצפות גרניט פורצלן סנו 2 ליטר,"מפעלי סנו ברונוס בע""",IL,פוליויקס נוזל לניקוי,ליטרים,2.00,ליטר,false,,14.90,7.4500,true,1,1023278
7290012116537,false,"מקסימה אבקת כביסה בניחוח מאסק סנו 2.5 ק""ג",טרופיקל דגיל תעשיות,IL,מקסימה אבקת כביסה בנ,קילוגרמים,2.50,"ק""ג",false,,22.90,9.1600,true,1,1023285
7290012116551,false,אנטי קאלק נוזל לניקוי כללי סנו 2 ליטר,מיוצר עי קונדיטוריית,IL,אנטי קאלק נוזל לניקו,ליטרים,2.00,ליטר,false,,17.90,8.9500,true,1,1023286
7290012116612,false,אורביטול מברשת שיניים מארז 4 יח',ג'נרל מילס סאן אדריא,CN,מברשת שיניים אורביטו,יח',4.00,יח',false,,9.90,2.4750,true,1,1023292
7290012116629,false,תחליב רול און דוחה יתושים לתינוקות ולילדים סנו די,מיוצר עי קונדיטוריית,IL,תחליב סנו די לתינוקו,מטרים,50.00,100 מ'ל,false,,19.90,0.3980,true,1,1023293
7290012116674,false,"דאודורנט גל קול 75 מ""ל קרמה מן",קוסמופארם,IL,cool קרמה מן דאודורנ,מטרים,75.00,100 מ'ל,false,,13.90,0.1853,true,1,1023296
7290012116681,false,דאודורנט ג'ל אנטיפרספירנט אקטיב בלוק Calm,קוסמופארם בעמ,IL,calm קרמה מן דאודורנ,מטרים,75.00,100 מ'ל,false,,13.90,0.1853,true,1,1023297
7290012117039,false,נוזל לניקוי אמבטיה 00 סנו 1 ליטר,סנו מפעלי ברונוס בעמ,IL,נוזל לניקוי אמבטיה 0,ליטרים,1.00,ליטר,false,,7.50,7.5000,true,1,1023316
7290012117091,false,"אבקת כביסה סנסיטיב סנו מקסימה 6 ק""ג",סנו מקסימה,IL,מקסימה אבקת כביסה סנ,קילוגרמים,6.00,"ק""ג",false,,44.90,7.4833,true,1,1023320
7290012117350,false,"נוזל רצפות לילך 2 ליטר ""ריצפז פרש""","סנו מפעלי ברונוס בע""\מ",IL,ריצפז פרש 2 לי,ליטרים,2.00,ליטר,false,,16.90,8.4500,true,1,1023323
7290012117411,false,"שמפו וג'ל רחצה רויבוס 700 מ""ל ""קרמה""",קוסמופארם בע'\'\מ,IL,ג'ל רחצה לגבר במבוק,מיליליטרים,700.00,"100 מ""ל",false,,14.90,0.0213,true,1,1023329
7290012117428,false,"ג'ל רחצה ושמפו מעיינות מנטה קרמה מן 700 מ""ל",טרופיקל דגיל תעשיות,IL,ג'ל רחצה ושמפו מעיינ,מיליליטרים,700.00,"100 מ""ל",false,,14.90,0.0213,true,1,1023330
7290012117435,false,"קרמה - שמפו וג'ל רחצה 2 ב-1 אלוורה 700 מ""ל",טרופיקל דגיל תעשיות,IL,ג'ל רחצה קרמה מן 700,מיליליטרים,700.00,"100 מ""ל",false,,14.90,0.0213,true,1,1023331
7290012117466,false,"תחליב רחצה לפנים תה ירוק קרמה 180 מ""ל",קוסמופארם,IL,תחליב רחצה לפנים תה,מיליליטרים,180.00,"100 מ""ל",false,,13.90,0.0772,true,1,1023332
7290012117534,false,מרכך כביסה מרוכז תכלת קול סנו מקסימה 1 ליטר,"סנו מפעלי ברונוס בע""\מ",IL,מקסימה מרכך כביסה מר,ליטרים,1.00,ליטר,false,,17.50,17.5000,true,1,1023337
7290012117541,false,מרכך כביסה מרוכז צהוב סנו מקסימה 1 ליטר,סנו מפעלי ברונוס בעמ,IL,מקסימה מרכך כביסה מר,ליטרים,1.00,ליטר,false,,17.50,17.5000,true,1,1023338
7290012117558,false,מקסימה מרכך כביסה מרוכז ורוד בניחוח מאסק סנו 1 ליטר,"סנו מפעלי ברונוס בע""\מ",IL,מקסימה מרכך כביסה מר,ליטרים,1.00,ליטר,false,,17.50,17.5000,true,1,1023339
7290012117732,false,מקסימה מרכך כביסה ארומתרפי קול סנו 4 ליטר,"סנו מפעלי ברונוס בע""\מ",IL,מקסימה מרכך כביסה אר,ליטרים,4.00,ליטר,false,,21.50,5.3750,true,1,1023355
7290012117916,false,אינסטלטור נוזל לפתיחת סתימות סנו 1 ליטר,"סנו מפעלי ברונוס בע""",IL,אינסטלטור נוזל לפתיח,ליטרים,1.00,ליטר,false,,26.70,26.7000,true,1,1023363
7290012139598,false,"חול מתגבש יורוקיטי 10 ק""ג",בנטס,TR,חול קיטי 10 קג,יח',1.00,יח',false,,49.90,49.9000,true,1,6342481
7290012193125,false,מרמולייט סוכרלוז ממתיק 150 טבליות,"קיפל טבליות וממתיקים בע""מ",CN,מר' סוכרלוז 150טבליות,יח',150.00,יח',false,,24.90,0.1660,true,1,1046347
7290012226021,false,נקניק סלמי מעושן פראג זוגלובק 400 גרם,נקניק נהריה כשר זוגל,IL,נקניק סלמי מעושן פרא,גרמים,400.00,100 גרם,false,,14.90,0.0373,true,1,1027508
7290012226120,false,"קבנוס 135 גרם ""זוגלובק""",נקניק נהריה כשר זוגל,IL,קבנוס זוגלובק 135 גר,גרמים,135.00,100 גרם,false,,9.90,0.0733,true,1,1027511
7290012226342,false,נקניקיה טבעונית למחבת או לתנור עשירה בחלבון,זוגלו'ס Zoglos,IL,נקניקיות מן הצומח עש,גרמים,460.00,100 גרם,false,,24.90,0.0541,true,1,4089241
7290012226922,false,קבנוס בטעם שום זוגלובק 135 גרם,נקניק נהריה כשר זוגל,IL,קבנוס בטעם שום זוגלו,גרמים,135.00,100 גרם,false,,9.90,0.0733,true,1,1027518
7290012226939,false,קבנוס עם צ'ילי חריף זוגלובק 135 גרם,נקניק נהריה כשר זוגל,IL,קבנוס עם צ'ילי חריף,גרמים,135.00,100 גרם,false,,9.90,0.0733,true,1,1027519
7290012226991,false,"נקניקיות עוף באריזת ג''מבו 1.5 ק""ג זוגלובק",נקניק נהריה כשר זוגל,IL,נקניקיות באריזה ג'מב,קילוגרמים,1.50,"ק""ג",false,,26.70,17.8000,true,1,1027524
7290012227172,false,חרמן הודו בדבש וברביקיו זוג במארז 600 ג' זוגלובק,נקניק נהריה כשר זוגל,IL,מארז פסטרמה 600 ג,גרמים,600.00,100 גרם,false,,25.90,0.0432,true,1,1027532
7290012227240,false,סלמי איטלקי מעושן רמי לוי 300 גרם,,,סלמי איטלקי מעושן רמ,גרמים,300.00,100 גרם,false,,21.90,0.0730,true,1,1853822
7290012227325,false,סלמי דק דק מעושן איטלקי 120 ג' זוגלובק,זוגלובק,IL,סלמי מעושן דק דק 120,גרמים,120.00,100 גרם,false,,12.90,0.1075,true,1,3967205
7290012227592,false,פסט' חרמון כפרי וסלמי תה זוגי זוגלובק 300X2ג' מחפוד,זוגלובק,IL,זוג חרמון כפרית ותה,גרמים,700.00,100 גרם,false,,25.90,0.0370,true,1,1146156
7290012227608,false,מארז חרמון 300 גר' +חרמון ברבקיו 300ג' זוגלובק,זוגלובק,IL,זוג חרמון כפרית וברב,גרמים,600.00,100 גרם,false,,25.90,0.0432,true,1,1146157
7290012227615,false,נקניקיות עוף זוגלובק 800 ג' מחפוד,זוגלובק,IL,נקניקיות עוף 800 גר,גרמים,800.00,100 גרם,false,,23.90,0.0299,true,1,1146158
7290012227622,false,פסטרמה חרמון כפרית דבש 400גר מחפוד זוגלובק,זוגלובק,IL,חרמון כפרית דבש 400ג,גרמים,400.00,100 גרם,false,,18.90,0.0472,true,1,1146159
7290012227738,false,זוגלובק סלמי תה מעושן מחפוד 370 גרם,זוגלובק,IL,סלמי תה מעושן מחפוד,גרמים,370.00,100 גרם,false,,19.90,0.0538,true,1,1287940
7290012227769,false,פסטרמה ברביקיו זוגלובק מחפוד 400 גרם,זוגלובק,IL,פסטרמה ברביקיו 400ג,גרמים,400.00,100 גרם,false,,18.90,0.0472,true,1,1180143
7290012227776,false,פסטרמה חרמון הודו מחפוד 400 גר',זוגלובק,IL,פסטרמה הודו 400ג מחפ,גרמים,400.00,100 גרם,false,,18.90,0.0472,true,1,1180144
7290012227783,false,נקניק תה מעושן מחפוד זוגלובק 400ג',זוגלובק,IL,תה מעושן 400ג מחפוד,גרמים,400.00,100 גרם,false,,17.90,0.0447,true,1,1180145
7290012227912,false,קבנוס מעודן זוגלובק 135 גרם,זוגלובק,IL,קבנוס מעודן 135 ג,גרמים,135.00,100 גרם,false,,9.90,0.0733,true,1,1597063
7290012227974,false,פסטרמה הודו בדבש טהור דק דק דק,זוגלובק,IL,פסטרמה בדבש 120 גר,גרמים,120.00,100 גרם,false,,12.90,0.1075,true,1,3967206
7290012227981,false,פסטרמה דק דק ברביקיו 120 ג' זוגלובק,זוגלובק,IL,פסטרמה ברביקיו 120 ג,גרמים,120.00,100 גרם,false,,12.90,0.1075,true,1,3967207
7290012227998,false,פסטרמה דק דק חזה בקר 120 ג' זוגלובק,זוגלובק,IL,חזה בקר 120 גר,גרמים,120.00,100 גרם,false,,12.90,0.1075,true,1,3967208
7290012228001,false,"נקניקיות עוף רמי לוי 1 ק""ג",,,נקניקיות עוף רמי לוי,גרמים,1000.00,100 גרם,false,,19.90,0.0199,true,1,1853823
7290012228018,false,נקניקיות עוף 400רמי לוי גרם,,,נקניקיות עוף 400רמי,גרמים,400.00,100 גרם,false,,8.90,0.0223,true,1,1853824
7290012228025,false,מארז פסטרמה הודו +סלמי תה רמי לוי 800 גרם,,,מארז פסטרמה הודו +סל,גרמים,800.00,100 גרם,false,,19.90,0.0249,true,1,1853825
7290012228087,false,כתף בקר רמי לוי 300 גרם,,,כתף בקר רמי לוי 300,גרמים,300.00,100 גרם,false,,24.90,0.0830,true,1,1853830
7290012228124,false,קבנוס סטיקס עם נגיעות מלח ים סדרת ריינהולד'ס,זוגלובק,IL,קבנוס סטיקס 50 גר,גרמים,50.00,100 גרם,false,,8.90,0.1780,true,1,3680890
7290012228261,false,נקנקיות קנקרס הודו ועוף ריינהולד'ס זוגלובק 300 ג',זוגלובק,IL,נקניקיות בוקוורסט הו,גרמים,310.00,100 גרם,false,,19.90,0.0642,true,1,2778167
7290012228278,false,נקנקיות בוקוורסט עוף ובקר ריינהולד'ס 310 ג' זוגלובק,זוגלובק,IL,נקניקיות בוקוורסט הו,גרמים,310.00,100 גרם,false,,19.90,0.0642,true,1,2778168
7290012228285,false,פסטרמה הודו ברביקיו 300ג רמילוי,,,פסטרמה הודו ברביקיו,גרמים,300.00,100 גרם,false,,21.90,0.0730,true,1,2722705
7290012228292,false,פסטרמה על צלייה 300ג רמילוי,,,פסטרמה על צלייה 300ג,גרמים,300.00,100 גרם,false,,21.90,0.0730,true,1,2722706
7290012228407,false,"נקניקיות ג'מבו מחפוד זוגלובק 1.5 ק""ג",זוגלובק,IL,נקניקיות ג'מבו מחפוד,קילוגרמים,1.50,"ק""ג",false,,32.90,21.9333,true,1,6080683
7290012228421,false,פסטרמה בדבש 120ג דק דק רמילוי,,,פסטרמה בדבש 120ג דק,גרמים,120.00,100 גרם,false,,9.90,0.0825,true,1,3661519
7290012228438,false,חזה בקר 120ג דק דק רמילוי,,,חזה בקר 120ג דק דק ר,גרמים,120.00,100 גרם,false,,9.90,0.0825,true,1,3661520
7290012228445,false,קבנוס רמי לוי 135 גר,,,קבנוס 135ג רמילוי,גרמים,135.00,100 גרם,false,,7.90,0.0585,true,1,3830210
7290012228728,false,קבנוס סטיקס בסגנון מקסיקני חריף סדרת ריינהולד'ס,זוגלובק,IL,קבנוס סטיקס מקסיקני,גרמים,50.00,100 גרם,false,,8.90,0.1780,true,1,5893349
7290012228766,false,קבנוס מחפוד זוגלובק 120 גרם,זוגלובק,IL,קבנוס מחפוד זוגלובק,גרמים,120.00,100 גרם,false,,9.90,0.0825,true,1,6238293
7290012228780,false,נקנקיות גמבו 1.5 קג,,,נקנקיות גמבו 1.5 קג,יח',1.00,יח',false,,29.90,29.9000,true,1,6243742
7290012245190,false,ציפס זיג זג למיקרולג רמי לוי,,,ציפס זיג זג למיקרולג,גרמים,140.00,100 גרם,false,,4.50,0.0321,true,1,6358359
7290012245244,false,"ציפס קלאסייק 2.5 ק""ג גולדן",קפוא זן,IL,גולד ציפס משפחתי 2.5,גרמים,2500.00,100 גרם,false,,28.50,0.0114,true,1,6410951
7290012245275,false,"גולד ציפס בטטה קריספי 1 ק""ג",אגריסטו,BE,גולד ציפס בטטה קריספ,יח',1.00,יח',false,,24.90,24.9000,true,1,6269369
7290012245312,false,"גולד ציפס אמריקאי 1.5 ק""ג קפוא זן",יוליניבר,IL,גולד ציפס אמריקאי 1.,גרמים,1500.00,100 גרם,false,,17.90,0.0119,true,1,6410952
7290012245329,false,"גולד צ'יפס קלאסי 1.5 ק""ג קפוא זן",יוליניבר,BE,גולד ציפס קלאסי 1.5,גרמים,1500.00,100 גרם,false,,17.90,0.0119,true,1,6410954
7290012245336,false,"גולד סטייק ציפס 1.5 ק""ג קפוא זן.",אגריסטו,IL,גולד סטייק ציפס 1.5,גרמים,1500.00,100 גרם,false,,17.90,0.0119,true,1,6410955
7290012295973,false,רוקט 150 ג' רמי לוי,,,רוקט רמי לוי.,גרמים,150.00,100 גרם,false,,8.90,0.0593,true,1,3681065
7290012309939,false,חלווה מסולסלת בקופסא ששון הקולה 500 גרם,אף.סי תבליני בגליל ב,IL,חלבה מסולסלת 500 ג,גרמים,500.00,100 גרם,false,,13.90,0.0278,true,1,1014816
7290012313141,false,מלפפונים פרוסות במלח קבוצת יבנה 330 גרם,אף.סי תבליני בגליל ב,IL,מלפפון פרוסות במלח 3,גרמים,320.00,100 גרם,false,,6.50,0.0203,true,1,1022721
7290012335020,false,סוכריות סודה שעון מארז משפחתי 375 גר',גואנגדונג צאואן פוד,CN,סוכריות סודה שעון מש,גרמים,490.00,100 גרם,false,,15.90,0.0324,true,1,1019391
7290012350412,false,קרליין - מסיר איפור דו פאזי ורוד,קרליין,IL,מסיר איפור 2 פאזות ו,גרמים,200.00,100 גרם,false,,35.00,0.1750,true,1,3569590
7290012352010,false,קרם לחות מזינה עם שמן ארגן מרוקאי לשיער יבש מאוד ופגום,נטורל פורמולה Natural Formula,IL,קרם לחות לשיער יבש ע,מיליליטרים,400.00,"100 מ""ל",false,,20.90,0.0522,true,1,1044824
7290012367700,false,קרם גוף אינטנסיב רליף Intensive relief לעור יבש ומגורה,פישר מעבדות פרמצבטיות בע,IL,אפקטיב קר קרם גוף שיבולת,מיליליטרים,700.00,"100 מ""ל",false,,23.90,0.0341,true,1,1043834
7290012367717,false,קרם ידיים וציפורניים Intensive relief לעור יבש ומגורה,פישר מעבדות פרמצבטיות בע,IL,אפקטיב קר קרם ידיים שיבול,מיליליטרים,150.00,"100 מ""ל",false,,11.90,0.0793,true,1,1043835
7290012404955,false,נקטר חמוציות ספרינג קולקשן 1.25 ליטר,יפאורה שותפות מובגלת לשיווק,IL,נקטר חמוציות ספרינג,ליטרים,1.25,ליטר,false,,12.00,9.6000,true,1,1021412
7290012413643,false,תה ירוק קמומיל ויסוצקי 25 יחידות,ויסוצקי ירוק,IL,תה ירוק קמומיל,יח',1.00,יח',false,,22.90,22.9000,true,1,1027312
7290012454196,false,סוכריות קפוצ'ינו ללא סוכר מיה 80 גרם,מיה תעשיות מזון מ.ת.מ. ב,IL,סוכריות ללא תוספת סו,גרמים,80.00,100 גרם,false,,4.90,0.0613,true,1,1024162
7290012454202,false,סוכריות ללא תוספת סוכר בטעם ריבת חלב מיה 80 גרם,מיה תעשיות מזון מ.ת.מ. ב,IL,סוכריות ללא תוספת סו,גרמים,80.00,100 גרם,false,,4.90,0.0613,true,1,1024163
7290012475108,false,משקה משעורה נמס אורגני גרין פילד 75 גרם,גרין פילד,EG,משקה משעורה נמס אורג,גרמים,75.00,100 גרם,false,,14.70,0.1960,true,1,1013783
7290012475306,false,מיץ תפוזים אורגני גרין פילד 1 ליטר,,TR,מיץ תפוזים אורגני 1ל,גרמים,250.00,100 גרם,false,,16.90,0.0676,true,1,6341585
7290012483608,false,"אורז בסמטי DAAWAT מהדרין 5 ק""ג.",הנסיך- מפעל לייצור ט,IN,וילי פוד אורז בסמטי,קילוגרמים,5.00,"ק""ג",false,,49.90,9.9800,true,1,1027005
7290012522581,false,שניצל תירס ללא גלוטן טבעול 664 גרם,עיצובים 2020 (4.8),IL,שניצל תירס ללא גלוטן,גרמים,664.00,100 גרם,false,,19.90,0.0300,true,1,1020550
7290012561313,false,בצל קצוץ ומטוגן דורות 400 גרם,עיצובים 2020 (3.8),IL,דורות בצל מטוגן 400,גרמים,400.00,100 גרם,false,,16.90,0.0422,true,1,6151200
7290012561405,false,בצל חצי מטוגן דורות 180 גרם,עיצובים 2020 (3.8),IL,דורות בצל מטוגן 180,גרמים,180.00,100 גרם,false,,9.90,0.0550,true,1,1020562
7290012576362,false,"ספיישל רזרב קברנה סוביניון 750 מ""ל",יקבי ברקן שיווק והפצה בע,IL,ספיישל רזרב קברנה סו,מיליליטרים,750.00,"100 מ""ל",false,,54.90,0.0732,true,1,6306992
7290012576607,false,"יין קברנה סוביניון פרמייר מלבק אדום ברקן 750 מ""ל","ברקן שיווק והפצה בע""",IL,פרמייר קברנה סוביניון אדו,מיליליטרים,750.00,"100 מ""ל",false,,25.80,0.0344,true,1,1077703
7290012576614,false,יין Premieur לבן חצי יבש אמרלד ריזלינג קולומברד,יקבי ברקן שיווק והפצה בע,IL,פרמייר אמרלד ריזלינג לבן,מיליליטרים,750.00,"100 מ""ל",false,,17.90,0.0239,true,1,1077704
7290012588242,false,"מים מינרלים מיי וואטר כדורגל מארז 500X6מ""ל",נרה קריטיס אס איי באריפט,GR,מים מינרליים שישייה,מיליליטרים,500.00,"100 מ""ל",false,,10.90,0.0218,true,1,3938918
7290012642678,false,אננס בכוסות פלסטיק 4*113 ג' תומר,FOODS HUIZIANG JIANGSU,CN,אננס רביעיות תומר,גרמים,452.00,100 גרם,false,,10.90,0.0241,true,1,1016845
7290012642685,false,אפרסק פירות בכוסות פלסטיק 4*113ג' תומר,תומר,,אפרסק פירות בכוסות פ,גרמים,452.00,100 גרם,false,,10.90,0.0241,true,1,1016846
7290012645112,false,יוגורט עיזים 2.8% בדלי חלב הארץ 750 גרם,מחלבות סוסיא,IL,יוגורט עיזים 750ג דל,מיליליטרים,750.00,"100 מ""ל",false,,17.90,0.0239,true,1,2896293
7290012645129,false,יוגורט כבשים 5% בדלי חלב הארץ 750 גרם,מחלבות סוסיא,IL,יוגורט כבשים 750ג דל,גרמים,750.00,100 גרם,false,,17.90,0.0239,true,1,2896294
7290012697241,false,"סוכרזית מצמח הסטיוויה נוזל 220 מ""ל",אף.סי תבליני בגליל ב,IL,סוכרזית מהטבע סטיווי,מיליליטרים,220.00,"100 מ""ל",false,,27.90,0.1268,true,1,1018549
7290012803055,false,סוכרלוז מרמולייט- 100שקיות אישיות,"קיפל טבליות וממתיקים בע""מ",IL,מר' סוכרלוז 100שקיות,גרמים,100.00,100 גרם,false,,19.80,0.1980,true,1,1046367
7290012803215,false,וופל בלגי בטעם שוקולד ללא תוספת סוכר,בטר אנד דיפרנט,IL,טוסו ופל בלגי בטעם שוקולד,גרמים,200.00,100 גרם,false,,9.20,0.0460,true,1,1046375
7290012803222,false,טוסו ופל בסגנון בלגי בטעם לימון ללא תוספת סוכר 200 גרם,בטר אנד דיפרנט,IL,טוסו ופל בלגי בטעם לימון,גרמים,200.00,100 גרם,false,,9.20,0.0460,true,1,1046376
7290012803451,false,טוסו שוקולד מריר 62% מוצקי קקאו ללא תוספת סוכר 100 גרם,אלטינמארקה,TR,טוסו שוקולד מריר מעולה 10,גרמים,100.00,100 גרם,false,,8.90,0.0890,true,1,1056261
7290012803765,false,טוסו שוקולד מריר ללא תוספת סוכר 100 גרם,אלטינמארקה גידה סאן,TR,טוסו שוקולד מריר 100גרם,גרמים,100.00,100 גרם,false,,8.90,0.0890,true,1,1046398
7290012803772,false,טוסו שוקולד חלב ללא תוספת סוכר 100 גרם,אלטינמארקה גידה סאן,TR,טוסו שוקולד חלב 100גרם,גרמים,100.00,100 גרם,false,,8.90,0.0890,true,1,1046399
7290012823237,false,"תחליב רחצה קרמה בריזת ים 700 מ""ל",החברה הדרומית,IL,תחליב רחצה קרמה 700,מיליליטרים,700.00,"100 מ""ל",false,,16.90,0.0241,true,1,6247658
7290012823343,false,משחת שיניים אורביטול קידס סטעם סוכריות ג'לי 70 גרם,טרופיקל דגיל תעשיות קוסמ,IL,אורביטול לילדים ג'לי,גרמים,50.00,100 גרם,false,,7.50,0.1500,true,1,6225790
7290012823374,false,אנטי קאלק מטליות לחות לניקוי כללי סנו 50 יחידות,מיוצר עי קונדיטוריית,IL,אנטי קאלק מטליות לחו,יח',50.00,יח',false,,9.90,0.1980,true,1,1023386
7290012823381,false,מקסימה מרכך כביסה מרוכז סנסטיב בייבי סנו 1 ליטר,"סנו מפעלי ברונוס בע""\מ",IL,מקסימה מרכך כביסה מר,ליטרים,1.00,ליטר,false,,17.50,17.5000,true,1,1023387
7290012823398,false,מטליות חד פעמיות לניקוי הרצפה בניחוח מרכך כביסה 10יח' סנו,סנו מפעלי ברונו בעמ,IL,ריצפז מטליות לחות לר,יח',10.00,יח',false,,10.90,1.0900,true,1,3273632
7290012823404,false,מטהר אוויר פרש אוטומטיק יסמין וסנדלווד,סנו פרש Fresh,IL,סנו פרש אוטומטיק יסמ,מיליליטרים,250.00,"100 מ""ל",false,,12.90,0.0516,true,1,1023388
7290012823541,false,ריצפז פרש מטליות לחות לרצפה בניחוח לבנדר 10 יחידות,"סנו מפעלי ברונוס בע""\מ",IL,ריצפז פרש מטליות לחו,יח',10.00,יח',false,,10.90,1.0900,true,1,1023390
7290012823558,false,"מטליות לחות לרצפה 40*70 ס""מ סנו סושי 10 יחידות",סנו מפעלי ברונוס בעמ,IL,מטליות לחות לרצפה סנ,יח',10.00,יח',false,,9.90,0.9900,true,1,1023391
7290012823589,false,ריצפז פרש בניחוח לימון מרענן,סנו פרש Fresh,IL,ריצפז פרש 2 לי,ליטרים,2.00,ליטר,false,,16.90,8.4500,true,1,1023394
7290012823657,false,"סנו קל רסס וכבס מילוי 750 מ""ל",סנו קל,IL,סנו קל רסס וכבס מילו,מיליליטרים,750.00,"100 מ""ל",false,,9.90,0.0132,true,1,1023398
7290012850035,false,מחית בוליווד תפוח ואפרסק 190 גרם,NOVOFRUCHT SK S.R.O,SK,BELOVED מחית תפוח ואפרסק,גרמים,190.00,100 גרם,false,,5.90,0.0311,true,1,1066780
7290012850073,false,מחית בוליווד סלט פירות 190 גרם,בילובד Beloved,SK,BELOVED מחית סלט פירות 19,גרמים,190.00,100 גרם,false,,5.90,0.0311,true,1,1066784
7290012864001,false,נבטי חמנייה ארוז א.אדמה,קרונוס,IL,נבטי חמניה,יח',1.00,יח',false,,7.90,7.9000,true,1,1031622
7290012864025,false,נבטי אלפא אלפא ארוז א.אדמה,קרלסברג יבוא יצוא,IL,אלפלפא,יח',1.00,יח',false,,5.90,5.9000,true,1,1031623
7290012868108,false,"מהודר קמח מלא 70% 1 ק""ג.",מהודר,,מהודר קמח מלא 70% 1,קילוגרמים,1.00,"ק""ג",false,,6.50,6.5000,true,1,1033254
7290012868115,false,"מהודר קמח כוסמין מלא 1 ק""ג",י.ש. חמד תעשיות,IL,מהודר קמח כוסמין מלא,קג,1.00,קג,false,,17.90,17.9000,true,1,1033255
7290012868122,false,"מהודר קמח לבן מנופה 1 ק""ג",י.ש. חמד תעשיות,IL,מהודר קמח לבן מנופה,קילו,1.00,קילו,false,,5.90,5.9000,true,1,1033256
7290012868689,false,קמח כוסמין לבן - מהו,י.ש. חמד תעשיות,IL,קמח כוסמין לבן,יח',1.00,יח',false,,19.90,19.9000,true,1,6260932
7290012901355,false,דודלס ארוחת אטריות עם גבינה 206 גרם,האי נאם סי או אל.טי.,US,מקרוני עם גבינה 206,גרמים,206.00,100 גרם,false,,10.90,0.0529,true,1,1153307
7290012921025,false,"בקבוק בירה מלכה בהירה 330 מ""ל","בירה מלכה בע""מ",IL,בירה מלכה בהירה,מיליליטרים,330.00,"100 מ""ל",false,,12.90,0.0391,true,1,1091822
7290012921032,false,"בקבוק בירה מלכה אדמונית 330 מ""ל","בירה מלכה בע""מ",IL,בירה מלכה אדמונית,מיליליטרים,330.00,"100 מ""ל",false,,12.90,0.0391,true,1,1091823
7290012936838,false,תבלין הל טחון תבליני מימון 35 גרם,א.ל ייצור ושיווק תבל,IL,הל טחון35 גרם,גרמים,35.00,100 גרם,false,,14.90,0.4257,true,1,1011978
7290012936852,false,תבלינים קימל טחון בצנצנות 40 גרם,א.ל ייצור ושיווק תבל,IL,קימל טחון 40 גרם,יח',40.00,יח',false,,9.50,0.2375,true,1,5676956
7290012936890,false,תבלינים קצח בצנצנות זכוכית 50 גרם,א.ל ייצור ושיווק תבל,IL,קצח 50 גרם,גרמים,50.00,100 גרם,false,,11.50,0.2300,true,1,1011984
7290012936937,false,תבלינים בהרט בצנצנת 40 גרם,א.ל ייצור ושיווק תבל,IL,בהרט 40 גרם,גרמים,50.00,100 גרם,false,,11.50,0.2300,true,1,1011988
7290012936944,false,אגוז מוסקט טחון תבליני מימון 40 גרם,א.ל ייצור ושיווק תבלינים,IL,אגוז מוסקט טחון 40 גרם -,גרמים,40.00,100 גרם,false,,14.50,0.3625,true,1,1011989
7290012938405,false,"רדיד אלומיניום עבה במיוחד לבישול,אפייה והקפאה.",ריינולדס,CN,רדיד אלומיניום רחב רוחב 4,אורך,7.60,אורך,false,,16.90,2.2237,true,1,1035195
7290012938580,false,"סנסודיין משחת שיניים להלבנה עדינה 75 מ""ל",גלקסוסמית'\קליין קונסיומ,GB,סנסודיין הלבנה עדינה 75 מ,מטרים,75.00,100 מ'ל,false,,21.90,0.2920,true,1,1035198
7290012938597,false,"סנסודיין משחת שיניים רפיד רליף 75 מ""ל","סמיתקליין ביצ'ם בע""מ",GB,סנסודיין רפיד רליף 75 מ'',מטרים,75.00,100 מ'ל,false,,23.90,0.3187,true,1,1035199
7290012938740,false,"משחת שיניים פרש מינט מנטה 75מ""ל סנסודיין",גלקסו סמית קליין,GB,"סנסודיין פרש מינט 75 מ""ל",מטרים,75.00,100 מ'ל,false,,21.90,0.2920,true,1,1035203
7290012938924,false,אקוהפרש מי פה ללא אלכוהול 500 מל,מולינו ניקולי s.p.a,GB,"א.פרש מי פה 500 מ""ל",מיליליטרים,500.00,"100 מ""ל",false,,19.70,0.0394,true,1,1035210
7290012983160,false,סילאן בקבוק לחיץ 400 גרם,"חצר כנרת מוצרי תמר אגש""ח",IL,סילאן לחיץ 400 ג כנר,גרמים,400.00,100 גרם,false,,10.90,0.0273,true,1,1052489
7290012983276,false,סילאן תמרים כנרת 900 ג',תמר כנרת,,סילאן כנרת 900 גרם,גרמים,900.00,100 גרם,false,,12.80,0.0142,true,1,1214622
7290013010322,false,עגבניות שלמות פרי מבורך 800 ג' A2.5,זנלכל,IL,עגבניות שלמות פרי מב,גרמים,800.00,100 גרם,false,,9.90,0.0124,true,1,1749361
7290013027399,false,לחם קמח מלא קל בתוספת שיפון 750 ג' אנג'ל,מאפיית שלמה א. אנג'\ל בע,IL,לחם קל פרוס 100% קמח,גרמים,750.00,100 גרם,false,,12.90,0.0172,true,1,1017387
7290013083661,false,"מטרנה אקסטרה קר שלב 1 חסכון 700 גרם תמ""ל",מטרנה תעשיות ש.מ,IL,תחליף חלב אקסטרה קר,גרמים,700.00,100 גרם,false,,58.90,0.0841,true,1,1020572
7290013083678,false,"מטרנה אקסטרה קר שלב 2 חסכון 700 גרם תמ""ל",מולינו ניקולי s.p.a,IL,תחליף חלב אקסטרה קר,גרמים,700.00,100 גרם,false,,58.90,0.0841,true,1,1020573
7290013083685,false,תחליף חלב מטרנה אקסטרה קר שלב 3 חסכון 700 גרם,מטרנה תעשיות ש.מ,IL,תחליף חלב אקסטרה קר,גרמים,700.00,100 גרם,false,,58.90,0.0841,true,1,1020574
7290013117212,false,בורקס פילו במילוי גבינה מעדנות 600 גר,מיוצר עי קונדיטוריית,IL,בורקס פילו במילוי גבינה מ,גרמים,600.00,100 גרם,false,,18.90,0.0315,true,1,1015417
7290013117229,false,"בורקס פילו במילוי תפו""א מעדנות 600 גר",מיוצר עי קונדיטוריית,IL,"בורקס פילו במילוי תפו""א מ",גרמים,600.00,100 גרם,false,,18.90,0.0315,true,1,1015418
7290013117236,false,בורקס פילו פיצה מעדנות 600 גרם,מיוצר עי קונדיטוריית,IL,בורקס פילו פיצה 600 גר,גרמים,600.00,100 גרם,false,,18.90,0.0315,true,1,1015419
7290013117243,false,בורקס פילו בולגרית מעדנות 600 גרם,מיוצר עי קונדיטוריית,IL,בורקס פילו בולגרית 600 גר,גרמים,600.00,100 גרם,false,,18.90,0.0315,true,1,1015420
7290013117410,false,בצק פריך מרודד למאפים מתוקים 900 ג' מעדנות,מיוצר עי קונדיטוריית,IL,בצק פריך מתוק 900 גר מעדנ,גרמים,900.00,100 גרם,false,,19.90,0.0221,true,1,1015423
7290013117427,false,בצק פריך מרודד למאפים מלוחים מעדנות 2*450 גרם,מיוצר עי קונדיטוריית,IL,בצק פריך מלוח 900 גר מעדנ,גרמים,900.00,100 גרם,false,,19.90,0.0221,true,1,1015424
7290013117526,false,בצק שמרים מרודד למאפים מתוקים מעדנות 900 גרם,"מעדנות בע""\מ",IL,בצק שמרים למאפים מתוקים 9,גרמים,900.00,100 גרם,false,,19.90,0.0221,true,1,1015429
7290013121028,false,לחם לבן 500 גרם ללא גלוטן גרין לייט,אביב קונדיטוריה מעול,IL,לחם לבן 500 גרם ללא,גרמים,500.00,100 גרם,false,,17.70,0.0354,true,1,1026139
7290013121035,false,לחם פשתן ללא גלוטן 500 גר קפוא,אביב קונדיטוריה מעול,IL,לחם פשתן 500 גרם,גרמים,500.00,100 גרם,false,,18.70,0.0374,true,1,1026140
7290013121103,false,רביעיית לחמניות סנדויץ ללא גלוטן 460 גרם,אביב קונדיטוריה מעול,IL,שליש באגט 4 יחידות ל,יח',1.00,יח',false,,17.70,17.7000,true,1,1026143
7290013121127,false,לחמניות מיני ללא גלוטן גרין לייט 6 יחידות,אביב קונדיטוריה מעול,IL,לחמניות מיני 420 גרם,גרמים,420.00,100 גרם,false,,17.70,0.0421,true,1,1026145
7290013121134,false,בייגל ללא גלוטן 430 גר קפוא,אביב קונדיטוריה מעול,IL,בייגל אמריקאי 430 גר,גרמים,430.00,100 גרם,false,,19.70,0.0458,true,1,1026146
7290013121158,false,לחמניות סנדוויץ ללא גלוטן גרין לייט 4 * 115 גרם,אביב קונדיטוריה מעול,IL,רביעיית לחמניות סנדב,גרמים,460.00,100 גרם,false,,17.70,0.0385,true,1,1080197
7290013121165,false,לחמניות נקניקיה ללא גלוטן גרין לייט 6 * 77 גרם,אביב קונדיטוריה מעול,IL,לחמניות נקניקיה 6 יח,100 יח,460.00,100 יח,false,,17.70,0.0385,true,1,1233327
7290013121752,false,לחם לבן ביתי ללא גלוטן 700 גר קפוא,אביב קונדיטוריה מעול,IL,לחם לבן ביתי 700 גרם,גרמים,700.00,100 גרם,false,,20.70,0.0296,true,1,1026172
7290013121776,false,לחם כפרי ללא תוספת סוכר וללא גלוטן,אביב קונדיטוריה מעול,IL,"לחם כפרי ללת""ס ולל""ג",גרמים,700.00,100 גרם,false,,18.90,0.0270,true,1,1026173
7290013144157,false,תערובת להכנת סחלב 130גרם,א.ל ייצור ושיווק תבלינים,IL,סחלב 130 גרם,גרמים,130.00,100 גרם,false,,9.90,0.0762,true,1,1056143
7290013144171,false,מיימונס תערובת עוגת שוקולד 560 גרם.,א.ל ייצור ושיווק תבלינים,IL,תערובת עוגת שוקולד,גרמים,560.00,100 גרם,false,,16.90,0.0302,true,1,1038344
7290013144188,false,מימונס תערובת להכנת בראוניז 600 גרם,א.ל ייצור ושיווק תבלינים,IL,תערובת בראוניס,גרמים,600.00,100 גרם,false,,16.90,0.0282,true,1,1038345
7290013144195,false,מיימונס תערובת כדורי שוקולד 500 גרם.,א.ל ייצור ושיווק תבלינים,IL,תערובת כדורי שוקולד,גרמים,500.00,100 גרם,false,,16.90,0.0338,true,1,1038346
7290013144201,false,מיימונס תערובת פנקייק 400 גרם,א.ל ייצור ושיווק תבלינים,IL,תערובת פנקייק,גרמים,400.00,100 גרם,false,,15.90,0.0398,true,1,1038347
7290013144218,false,מיימונס תערובת עוגת וניל 560 גרם.,א.ל ייצור ושיווק תבלינים,IL,תערובת עוגת וניל,גרמים,560.00,100 גרם,false,,16.90,0.0302,true,1,1038348
7290013144232,false,מיימונס פודינג בטעם וניל 80 גרם,א.ל ייצור ושיווק תבלינים,IL,פודינג וניל 85 גרם,גרמים,80.00,100 גרם,false,,4.90,0.0613,true,1,1038350
7290013144270,false,תערובת להכנת קרם פטיסייר מיימונס 100 גרם,א.ל ייצור ושיווק תבלינים,IL,קרם פטיסייר 100 גרם,גרמים,100.00,100 גרם,false,,9.90,0.0990,true,1,1038354
7290013144317,false,מימונס ג'וני גלילית וופל למילוי 18 יחידות,הגביע מוצרי וופלים ב,IL,ג'וני - גלילית וופל למילו,יח',18.00,יח',false,,21.90,1.2167,true,1,1038358
7290013144393,false,"תמצית בטעם וניל מימונס 50 מ""ל",א.ל ייצור ושיווק תבלינים,IL,תמצית וניל 50 גרם,גרמים,50.00,100 גרם,false,,4.50,0.0900,true,1,1038365
7290013144416,false,"תמצית בטעם שקדים מימונס 50 מ""ל",א.ל ייצור ושיווק תבלינים,IL,תמצית שקדים 50 גרם,גרמים,50.00,100 גרם,false,,4.50,0.0900,true,1,1038367
7290013144447,false,"תמצית בטעם תפוז מימונס 50 מ""ל",א.ל ייצור ושיווק תבלינים,IL,תמצית בטעם תפוז,מטרים,50.00,100 מ'ל,false,,9.90,0.1980,true,1,1038370
7290013144539,false,צבע מאכל אדום מימונס 50 גרם,א.ל ייצור ושיווק תבלינים,IL,צבע מאכל אדום 50 גרם,גרמים,50.00,100 גרם,false,,4.30,0.0860,true,1,1038379
7290013144614,false,"מיימונס סירופ מייפל אמיתי 100% מקנדה 236 מ""ל",הנסיך- מפעל לייצור ט,DK,סירופ מייפל אמיתי 100% מק,מיליליטרים,236.00,"100 מ""ל",false,,29.90,0.1267,true,1,1038386
7290013144751,false,סירופ בטעם מייפל מימונס 500 גרם,א.ל ייצור ושיווק תבלינים,IL,סירופ בטעם מייפל 500 גרם,גרמים,500.00,100 גרם,false,,13.90,0.0278,true,1,1121253
7290013144812,false,אבקת אייס קפה וניל 320 גרם מימונס,מימונס אפייה,IL,אייס בטעם וניל 300 ג,גרמים,300.00,100 גרם,false,,17.90,0.0597,true,1,6392942
7290013144911,false,מימונס מיקס שוקולד צ'יפס מריר וחלב 250 גרם,אינטרגטה תעשיות מזון 19),IL,מיקס שוקולד ציפס מרי,יח',1.00,יח',false,,14.90,14.9000,true,1,6375053
7290013145024,false,מיימונס אגוז מלך טחון 100 גרם,א.ל ייצור ושיווק תבלינים,IL,אגוז מלך טחון,גרמים,100.00,100 גרם,false,,12.90,0.1290,true,1,1038400
7290013145031,false,אגוזי לוז מסוכרים מיימונס 100 גרם,א.ל ייצור ושיווק תבלינים,IL,ברס- אגוזי לוז מסוכרים 10,גרמים,100.00,100 גרם,false,,11.90,0.1190,true,1,1045723
7290013145055,false,פרג שלם מיימונס 100 גרם,א.ל ייצור ושיווק תבלינים,IL,פרג שלם,גרמים,100.00,100 גרם,false,,6.90,0.0690,true,1,1038402
7290013145079,false,שקד רכיבים טבעיים גרוס מיימונס 100 גרם,א.ל ייצור ושיווק תבלינים,IL,שקד טבעי גרוס,גרמים,100.00,100 גרם,false,,12.90,0.1290,true,1,1038403
7290013145093,false,"שקד מולבן גרוס 100 גרם ""מיימונס",א.ל ייצור ושיווק תבלינים,IL,שקד מולבן גרוס,גרמים,100.00,100 גרם,false,,12.90,0.1290,true,1,1038405
7290013145109,false,שקד מולבון טחון מימונס 100 גרם,א.ל ייצור ושיווק תבלינים,IL,שקד מולבן טחון,גרמים,100.00,100 גרם,false,,12.90,0.1290,true,1,1038406
7290013145116,false,מיימונס שקד מולבן מקלות 100 גרם.,א.ל ייצור ושיווק תבלינים,IL,שקד מולבן מקלות,גרמים,100.00,100 גרם,false,,12.90,0.1290,true,1,1038407
7290013145123,false,מיימונס שקד מולבן פרוס 100 גרם,א.ל ייצור ושיווק תבלינים,IL,שקד מולבן פרוס,גרמים,100.00,100 גרם,false,,12.90,0.1290,true,1,1038408
7290013145178,false,קוקוס טחון לבן מיימונס 100 גרם,א.ל ייצור ושיווק תבלינים,IL,קוקוס טחון לבן,גרמים,100.00,100 גרם,false,,4.50,0.0450,true,1,1038413
7290013145192,false,שומשום מיימונס 100 גרם,א.ל ייצור ושיווק תבלינים,IL,שומשום,גרמים,100.00,100 גרם,false,,4.60,0.0460,true,1,1038415
7290013145215,false,שומשום מימונס 400 גרם,א.ל ייצור ושיווק תבלינים,IL,שומשום 400 גרם,גרמים,400.00,100 גרם,false,,13.90,0.0348,true,1,1038417
7290013145246,false,גרעין חמניה מקולף מיימונס 100 גרם,א.ל ייצור ושיווק תבלינים,IL,גרעין חמנייה מקולף,גרמים,100.00,100 גרם,false,,5.30,0.0530,true,1,1038420
7290013145277,false,עלים לקרמשניט מימונס 300 גרם,מימונס אפייה,IT,עלים לקרמשניט 300 גר,גרמים,300.00,100 גרם,false,,15.90,0.0530,true,1,3032690
7290013145406,false,שוקולד צ'יפס לבן מיימונס 250 גרם,אינטרגטה תעשיות מזון 19),IL,שוקולד צ'יפס לבן,גרמים,250.00,100 גרם,false,,9.90,0.0396,true,1,1038432
7290013145437,false,שוקולד מריר מעולה ציפס מימונס 250 ג',אינטרגטה תעשיות מזון 19),IL,שוקולד צ'יפס 48%,גרמים,250.00,100 גרם,false,,12.90,0.0516,true,1,1038435
7290013145444,false,שוקולד מריר מעולה ציפס 66% מימונס 250 ג',המאפיה של הרמן,IL,שוקולד צ'יפס 66%,גרמים,250.00,100 גרם,false,,14.90,0.0596,true,1,1099525
7290013145451,false,אבקת קקאו מימונס 150 ג',מיוצר עי קונדיטוריית,IL,"קקאו דל שומן 10-12% , 15",גרמים,150.00,100 גרם,false,,8.90,0.0593,true,1,1191339
7290013145529,false,סוכריות צבעוניות לקישוט מיימונס 90 גרם,א.ל ייצור ושיווק תבלינים,IL,סוכריות צבעוניות לקישוט 9,גרמים,90.00,100 גרם,false,,5.50,0.0611,true,1,1038438
7290013145536,false,סוכריות לקישוט בטעם שוקולד מיימונס 85 גרם,א.ל ייצור ושיווק תבלינים,IL,סוכריות בטעם שוקולד לקישו,גרמים,85.00,100 גרם,false,,5.50,0.0647,true,1,1038439
7290013145567,false,מיימונס מיני מיני עדשים 90 גרם.,א.ל ייצור ושיווק תבלינים,IL,מיני מיני עדשים 90 גרם,גרמים,90.00,100 גרם,false,,10.50,0.1167,true,1,1038442
7290013145574,false,מיימונס ערכה לקישוט 100 גרם,א.ל ייצור ושיווק תבלינים,IL,ערכה לקישוט (מזרה עיגולים,גרמים,100.00,100 גרם,false,,10.80,0.1080,true,1,1038443
7290013145628,false,סוכריות צבעוניות לקישוט מימונס 200 גרם,א.ל ייצור ושיווק תבלינים,IL,סוכריות צבעוניות לקישוט 2,גרמים,200.00,100 גרם,false,,8.90,0.0445,true,1,1091825
7290013145710,false,מיימונס דובדבנים מסוכרים 100 גרם,א.ל ייצור ושיווק תבלינים,IL,דובדבנים מסוכרים,גרמים,100.00,100 גרם,false,,9.60,0.0960,true,1,1038447
7290013145796,false,"רביעיית צבעי מאכל גל 4*25 מ""ל",מימונס אפייה,IL,רביעיית צבעי מאכל ג',יח',1.00,יח',false,,49.90,49.9000,true,1,6375051
7290013145826,false,פודניג בטעם וניל לבן במיוחד מימונס 80 ג',א.ל ייצור ושיווק תבלינים,IL,פודינג בטעם וניל לבן במיו,גרמים,80.00,100 גרם,false,,4.90,0.0613,true,1,1191374
7290013145833,false,פודינג שוקולד אמיתי מימונס 80 גרם,א.ל ייצור ושיווק תבלינים,IL,פודינג שוקולד בלגי 95 גרם,גרמים,95.00,100 גרם,false,,4.90,0.0516,true,1,1191375
7290013145840,false,סוכר וניל מיימונס 10 יחידות,א.ל ייצור ושיווק תבלינים,IL,סוכר וניל 10 יח' בצלופן,גרמים,116.00,100 גרם,false,,2.20,0.0190,true,1,1038455
7290013145857,false,אבקת אפיה מיימונס 10 יחידות,מימונס אפייה,IL,אבקת אפיה 10 יח' בצלופן,גרמים,10.00,100 גרם,false,,2.20,0.2200,true,1,1038456
7290013145864,false,אבקת ג'לטין טהור מיימונס 28 גרם,א.ל ייצור ושיווק תבלינים,IL,"ג'לטין טהור אבקה בד""צ",גרמים,28.00,100 גרם,false,,11.90,0.4250,true,1,1038457
7290013145871,false,שמרים יבשים סטיק מימונס 5*11 ג',מימונס אפייה,IL,שמרים יבשים סטיק 11 גרם 5,גרמים,55.00,100 גרם,false,,9.90,0.1800,true,1,1038458
7290013145901,false,סודה לשתיה מיימונס 100 גרם,א.ל ייצור ושיווק תבלינים,IL,סודה לשתיה,גרמים,50.00,100 גרם,false,,1.90,0.0380,true,1,1038461
7290013145918,false,אבקת סוכר מיימונס 100 גרם,א.ל ייצור ושיווק תבלינים,IL,אבקת סוכר,גרמים,100.00,100 גרם,false,,1.90,0.0190,true,1,1038462
7290013145956,false,שמרים יבשים בוואקום מיימונס 500 גרם,הנסיך- מפעל לייצור ט,CN,שמרים יבשים בואקום 500 גר,גרמים,500.00,100 גרם,false,,12.90,0.0258,true,1,1038466
7290013145963,false,שמרים יבשים בוואקום מיימונס 125 גרם,מימונס אפייה,CN,שמרים יבשים בואקום 125 גר,גרמים,125.00,100 גרם,false,,5.50,0.0440,true,1,1038467
7290013145970,false,קורנפלור מימונס בשקית 200 ג',א.ל ייצור ושיווק תבלינים,IL,קורנפלור בשקית 200 גרם,גרמים,200.00,100 גרם,false,,3.90,0.0195,true,1,1138403
7290013146014,false,מלית אוכמניות 70% פרי מיימונס 400 גרם,אינטרגטה,IL,מלית אוכמניות 70% פרי,גרמים,400.00,100 גרם,false,,15.90,0.0398,true,1,1038469
7290013146045,false,מלית תות שדה מימונס 400 גרם,א.ל ייצור ושיווק תבלינים,IL,מלית תות שדה 400 גר,גרמים,400.00,100 גרם,false,,15.90,0.0398,true,1,6130810
7290013146083,false,מיימונס מלית חלבה 400 גרם,אינטרגטה תעשיות מזון 19),IL,מלית חלבה,גרמים,400.00,100 גרם,false,,15.90,0.0398,true,1,1038474
7290013146199,false,מלית קרם נוגט 350 גרם מימונס,אינטרגטה תעשיות מזון 19),IL,קרם נוגט,גרמים,350.00,100 גרם,false,,12.90,0.0369,true,1,1108483
7290013146304,false,קורנפלור מימונס 500 גרם,א.ל ייצור ושיווק תבלינים,IL,קורנפלור 500 גר.,גרמים,500.00,100 גרם,false,,6.50,0.0130,true,1,3032691
7290013146403,false,סירופ בטעם קרמל מלוח מימונס 500 גרם,א.ל ייצור ושיווק תבלינים,IL,סירופ קרמל מלוח,יח',1.00,יח',false,,16.90,16.9000,true,1,5764604
7290013146410,false,נשיקות לקישוט צבע כחול מימונס 60 גרם,רות פטיפורים,IL,מיני מרנג צבע כחול 6,יח',1.00,יח',false,,14.90,14.9000,true,1,6224869
7290013146427,false,נשיקות לקישוט צבע לבן מימונס 60 גרם,"מימונס אפיה בע""מ",IL,מיני מרנג צבע לבן 60,יח',1.00,יח',false,,14.90,14.9000,true,1,6224870
7290013146441,false,נשיקות לקישוט צבע ורוד מימונס 60 גרם,"מימונס אפיה בע""מ",IL,מיני מרנג צבע ורוד 6,יח',1.00,יח',false,,14.90,14.9000,true,1,6224872
7290013146663,false,אטריות צבעוניות לקישוט מימונס 55 גרם,"מימונס אפיה בע""מ",IL,אטריות צבעוניות לקיש,יח',1.00,יח',false,,10.90,10.9000,true,1,6209967
7290013146755,false,"קצפת 24% שומן מימונס 500 מ""ל",מוצרי קפוא זן,BG,מימונס קצפת מעולה 24,מיליליטרים,500.00,"100 מ""ל",false,,13.90,0.0278,true,1,6291881
7290013146762,false,"קצפת לזילוף 24% שומן מימונס 200 מ""ל",מוצרי קפוא זן,BG,מימונס קצפת מעולה 24,מיליליטרים,200.00,"100 מ""ל",false,,6.90,0.0345,true,1,6291882
7290013146816,false,אבקת סוכר מימונס 500 גרם,א.ל ייצור ושיווק תבלינים,IL,אבקת סוכר שקית 500 ג,גרמים,500.00,100 גרם,false,,6.90,0.0138,true,1,5470598
7290013146854,false,קוקוס לבן טחון מימונס 400 ג',א.ל ייצור ושיווק תבלינים,IL,קוקוס לבן 400 גרם,גרמים,400.00,100 גרם,false,,14.90,0.0373,true,1,1038483
7290013215017,false,פטריות זוגות חוות השמפניון,אראל תוצרת חקלאית בע,IL,פטריות זוגות חוות הש,גרמים,500.00,100 גרם,false,,15.90,0.0318,true,1,1031632
7290013267665,false,סולרו מיני קלאסי - פירות טרופיים (חלבי),"מיוצר ע""\י גלידת שטראוס",IL,מאגדת שלגוני מיני סו,גרמים,354.00,100 גרם,false,,19.50,0.0551,true,1,1031058
7290013268020,false,מקסימה מרכך כביסה מרוכז בניחוח אולטרא פרש סנו 1 ליטר,"סנו מפעלי ברונוס בע""\מ",IL,מקסימה מרכך כביסה מר,ליטרים,1.00,ליטר,false,,17.50,17.5000,true,1,1023423
7290013268242,false,תרכיז ריחני לניקוי רצפות בריח מלון מפנק ריצפז פרש,"סנו מפעלו ברונוס בע""\מ",IL,ריצפז פרש הום 2 לי,ליטרים,2.00,ליטר,false,,19.80,9.9000,true,1,6098114
7290013268884,false,"נוזל רצפות מאסק 2 ליטר ""ריצפז פרש""",מיוצר עי קונדיטוריית,IL,ריצפז פרש 2 ליטר בני,ליטרים,2.00,ליטר,false,,16.90,8.4500,true,1,1023471
7290013268891,false,אוקסיג'ן ג'ל ללא אקונומיקה עם חמצן פעיל סנו 3 ליטר,"סנו מפעלי ברונוס בע""\מ",IL,אוקסיג'ן ג'ל ללא אקו,ליטרים,3.00,ליטר,false,,28.90,9.6333,true,1,1023472
7290013268983,false,מרכך כביסה סופר מרוכז בבישום עוצמתי סנו מקסימה 1 ל',"סנו מפעלי ברונוס בע""\מ",IL,מקסימה מרכך כביסה מר,מטרים,1000.00,100 מ'ל,false,,17.50,0.0175,true,1,6305566
7290013268990,false,מרכך כביסה מרוכז לבן ביו סנו מקסימה 1 ליטר,"סנו מפעלי ברונוס בע""\מ",IL,מרכך כביסה מרוכז לבן,ליטרים,1.00,ליטר,false,,17.50,17.5000,true,1,1023477
7290013269003,false,מרכך כביסה סופר מרוכז בייבי לתינוקות ולעור רגיש,"סנו מפעלי ברונוס בע""\מ",IL,מקסימה מרכך כביסה מר,ליטרים,1.00,ליטר,false,,17.50,17.5000,true,1,1023478
7290013269157,false,"מרכך מבשם למייבש כביסה לבנדר סנו מקסימה 750 מ""ל",סנו מקסימה,,סנו מקסימה לבנדר מרכ,מיליליטרים,750.00,"100 מ""ל",false,,16.30,0.0217,true,1,1023486
7290013269263,false,ג'ל כביסה מרוכז מקסימה בבישום קריסטל נואר,סנו מפעלי ברונוס בעמ,IL,מקסימה ג'ל כביסה קרי,ליטרים,3.00,ליטר,false,,28.90,9.6333,true,1,1023491
7290013269287,false,סנו - מקסימה ג'ל כביסה מרוכז מאסק 3 ליטר,"סנו מפעלי ברונוס בע""\מ",IL,מקסימה ג'ל כביסה מאס,ליטרים,3.00,ליטר,false,,28.90,9.6333,true,1,1023493
7290013269300,false,ניילון נצמד פלוס סנו סושי 150 מטר,"מיוצר בהונג קונג, סי",IL,ניילון נצמד 150 מ סנ,יח',150.00,יח',false,,20.90,0.1393,true,1,1023495
7290013269621,false,ריצפז פרש לניקוי רצפות בניחוח מלון בוטיק,מיוצר עי קונדיטוריית,IL,ריצפז פרש הום 2 לי,ליטרים,2.00,ליטר,false,,19.70,9.8500,true,1,5049042
7290013269645,false,ריצפז פרש מטליות לחות לריצפה בניחוח מאסק 10 יחידות,סנו מפעלי ברונוס בעמ,IL,ריצפז פרש מטליות לחו,יח',10.00,יח',false,,10.90,1.0900,true,1,1023505
7290013269690,false,סנובון ג'ל לניקוי האסלה בניחוח לימון,Nicolas polandמשווק,PL,סנובון ג'ל לימון,מטרים,55.00,100 מ'ל,false,,5.90,0.1073,true,1,1023508
7290013269751,false,מטליות לחותריצפז פרש לניקוי ריצפה בניחות מלון בוטיק 10 יח' סנו,טרופיקל דגיל תעשיות,IL,ריצפז פרש מטליות לחו,יח',10.00,יח',false,,10.90,1.0900,true,1,5049339
7290013284082,false,פריניר זית מושחר ללא גלעין 275 גרם,פריניר,,פריניר זית מושחר ללא,גרמים,275.00,100 גרם,false,,6.90,0.0251,true,1,1024762
7290013284105,false,זיתים ירוקים טבעות 560 גר,פריניר,,זיתים ירוקים טבעות 5,גרמים,560.00,100 גרם,false,,7.90,0.0141,true,1,5018438
7290013284112,false,פריניר זית חרוזית יר,פריניר ( הדס 1987) ב,IL,זיתים חרוזית ירוק 56,גרמים,560.00,100 גרם,false,,6.90,0.0123,true,1,1024764
7290013284136,false,מלפפונים פריניר במלח,פריניר,IL,מלפפון במלח 7-9 560,גרמים,560.00,100 גרם,false,,5.30,0.0095,true,1,1024766
7290013284143,false,מלפפונים פריניר במלח,פריניר,IL,מלפפון במלח 10-12 32,גרמים,320.00,100 גרם,false,,6.40,0.0200,true,1,1024767
7290013284150,false,מלפפונים פריניר במלח,פריניר,IL,מלפפון במלח 13-17 32,גרמים,320.00,100 גרם,false,,6.40,0.0200,true,1,1024768
7290013284174,false,פריניר מלפפונים בחומ,פריניר,IL,מלפפון בחומץ 7-9 560,גרמים,560.00,100 גרם,false,,5.30,0.0095,true,1,1024770
7290013284181,false,פריניר מלפפונים בחומ,פריניר,,מלפפון בחומץ 10-12 2,גרמים,290.00,100 גרם,false,,6.40,0.0221,true,1,1024771
7290013284198,false,מלפפונים פריניר בחומ,פריניר ( הדס 1987) ב,IL,מלפפון בחומץ 13-17 2,גרמים,290.00,100 גרם,false,,6.40,0.0221,true,1,1024772
7290013284204,false,מלפפונים פריניר בחומ,פריניר,,מלפפון בחומץ 18-25 5,גרמים,560.00,100 גרם,false,,8.90,0.0159,true,1,1024773
7290013284310,false,רוטב פסטה לילדים פריניר 240 גרם,פריניר ( הדס 1987) ב,IL,רוטב פסטה לילדים 240,גרמים,240.00,100 גרם,false,,4.90,0.0204,true,1,1024778
7290013284808,false,פרי ניר זיתים ירוקים מבוקעים 340 גרם,פרי ניר,IL,פרי ניר זיתים ירוקים,גרמים,340.00,100 גרם,false,,7.90,0.0232,true,1,3738369
7290013302267,false,"גרבר פריטוב תפוח עץ לל""ס מארז 190X6ג'",טעמן,IL,מחית תפוחי עץ שלב 3,קילוגרמים,1.14,"ק""ג",false,,22.90,20.0877,true,1,1019533
7290013302281,false,מחית גזר ותפוחי עץ שלב 3 פריטוב 6 * 190 גרם,טעמן,,מחית גזר טעמן 6*190,קילוגרמים,1.14,"ק""ג",false,,22.90,20.0877,true,1,1019535
7290013302298,false,שישיה גרבר פריטוב 190 גר' טעמן קוקטייל פירות,טעמן,IL,מחית קוקטייל פירות ט,קילוגרמים,1.14,"ק""ג",false,,22.90,20.0877,true,1,1019536
7290013302311,false,מחית לתינוק פריטוב אפרסק ותפוח טעמן 6 * 190 גרם,טעמן,IL,מחית אפרסק טעמן 6*19,קילוגרמים,1.14,"ק""ג",false,,22.90,20.0877,true,1,1019538
7290013302328,false,שישיה גרבר פריטוב 190 גר' טעמן משמש,טעמן,CZ,מחית משמש טעמן 6*190,קילוגרמים,1.14,"ק""ג",false,,19.90,17.4561,true,1,1019539
7290013302656,false,פילה סרדין בשמן זית ופלפל חריף טעים 125 ג',טעים,MA,פילה סרדין בשמן זית,גרמים,125.00,100 גרם,false,,7.80,0.0624,true,1,1019566
7290013302663,false,פילה סרדין בשמן זית 125 גר' טעים,,MA,פילה סרדין בשמן זית,גרמים,125.00,100 גרם,false,,7.80,0.0624,true,1,1019567
7290013358004,false,גריזלי גריל 70 ג רמי לוי,,,גריזלי גריל 70 ג רמי,יח',1.00,יח',false,,2.50,2.5000,true,1,6204097
7290013358011,false,גריזלי ברבקיו 70 ג רמי לוי,,,גריזלי ברבקיו 70 ג ר,יח',1.00,יח',false,,2.50,2.5000,true,1,6204098
7290013358059,false,גריזלי פלאפל 70 גרם רמי לוי,,,גריזלי פלאפל 70 גרם,יח',1.00,יח',false,,2.50,2.5000,true,1,6204100
7290013358066,false,גריזלי פיצה 70 גרם רמי לוי,,,גריזלי פיצה 70 גרם ר,יח',1.00,יח',false,,2.50,2.5000,true,1,6204101
7290013358356,false,פירורי לחם מוזהבים מאסטר שף 320 גרם,מנה י.א בעמ,IL,מאסטר שף פירורי לחם,גרמים,320.00,100 גרם,false,,6.90,0.0216,true,1,1017837
7290013358370,false,פנקו פירורי לחם מאסטר שף בטעם שום 300 גרם,"מיוצר ע""י מנה י.א בע",IL,מאסטר שף פירורי לחם,גרמים,300.00,100 גרם,false,,9.80,0.0327,true,1,1017839
7290013358417,false,מאסטר שף אסייאתי רוטב טריאקי 300 מל כשלפ,קריניציה ויטמינה אס,TH,מאסטר שף רוטב טריאקי,מיליליטרים,300.00,"100 מ""ל",false,,7.90,0.0263,true,1,1191959
7290013358448,false,"קרוטונים לסלט אקסטרה ארוכים בתיבול שום, בצל ופטרוזיליה",עינת תעשיות מזון אגו,IL,מאסטר שף קרוטונים לס,גרמים,200.00,100 גרם,false,,11.80,0.0590,true,1,1017843
7290013453075,false,"דני וגלית עוגיות שיבולת שועל, טחינה וסילאן",דני וגלית בעמ,IL,עוגיות שיבולת שועל ט,גרמים,270.00,100 גרם,false,,24.50,0.0907,true,1,6227144
7290013453136,false,עוגיות כוסמין שטרודל תפוחים ללא תוספת סוכר טבעוני,דני וגלית,IL,עוגיות כוסמין תפוח ל,גרמים,230.00,100 גרם,false,,24.50,0.1065,true,1,6227145
7290013453655,false,עוגיות קוקוס ולוז מקמח שקדים וקמח אורז מלא,האי נאם סי או אל.טי.,IL,"עוגיות ""דני וגלית"" ק",גרמים,230.00,100 גרם,false,,25.50,0.1109,true,1,6353888
7290013520142,false,לחמניה קלה ביס 8 יחידות,מאפיית אגמי,,לחמניה קלה ביס 8 יחי,גרמים,400.00,100 גרם,false,,13.70,0.0342,true,1,1144512
7290013520463,false,לחם בריאות ושובע כוס,מאפיית אגמי,,לחם כוסמין 100% 600,גרמים,600.00,100 גרם,false,,15.70,0.0262,true,1,1500326
7290013520500,false,לחמניה ביס כוסמין מלא 8יח,מאפיית אגמי,IL,לחמניה ביס כוסמין מל,גרמים,400.00,100 גרם,false,,15.70,0.0392,true,1,3303458
7290013521101,false,פטוצ'יני כוסמין תרד אורגני השדה מוצרים אורגנים 350 גרם,השדה מוצרים אורגניים,HU,פסטה כוסמין אורגנית,גרמים,350.00,100 גרם,false,,19.90,0.0569,true,1,6233162
7290013521187,false,ספגטי עדשים אדומות אורגני 250 גרם ללא גלוטן,השדה מוצרים טבעיים ו,IT,ספגטי עדשים אדומות א,גרמים,250.00,100 גרם,false,,13.70,0.0548,true,1,6233131
7290013531117,false,רוטב פסטה לילדים 240 גרם יכין,"זנלכל בע""\מ",IL,רוטב פסטה לילדים 240,גרמים,240.00,100 גרם,false,,5.50,0.0229,true,1,1028824
7290013531582,false,מארז זיתים ירוקים מגולענים יכין 200 גרם,פרופר,IL,זיתים ירוקים מגולעני,גרמים,255.00,100 גרם,false,,11.90,0.0467,true,1,2534401
7290013531612,false,רוטב לפסטה נפוליטנה יכין 240 גרם,זנלכל,IL,רוטב לפסטה נפוליטנה,גרמים,240.00,100 גרם,false,,5.50,0.0229,true,1,1193612
7290013531629,false,רוטב לפסטה פומודורו 240 גרם יכין,היינץ צפון אמריקה מק,IL,רוטב לפסטה פומדורו 2,גרמים,240.00,100 גרם,false,,5.50,0.0229,true,1,1193613
7290013531759,false,שעועית אפויה במים יכין 330 גרם,"זנלכל בע""\מ",IL,שעועית לבנה במים יכי,גרמים,330.00,100 גרם,false,,8.90,0.0270,true,1,1184250
7290013534057,false,"צ'יפס בטטה טבעי מיה 100ג' 'כשל""פ",מיה תעשיות מזון מ.ת.מ. ב,IL,חטיף צ'יפס בטטה 100,גרמים,100.00,100 גרם,false,,7.90,0.0790,true,1,1140350
7290013536006,false,קמח מלא בקירור,,,קמח מלא בקירור,יח',1.00,יח',false,,7.90,7.9000,true,1,1074613
7290013536013,false,קמח 70% בקירור,,,קמח 70% בקירור,יח',1.00,יח',false,,7.90,7.9000,true,1,1074614
7290013536020,false,קמח כוסמין מלא בקירו,,,קמח כוסמין מלא בקירו,יח',1.00,יח',false,,12.90,12.9000,true,1,1074615
7290013536037,false,עץ השדה קמח כוסמין 7,,,עץ השדה קמח כוסמין 7,גרמים,1000.00,100 גרם,false,,13.90,0.0139,true,1,1518451
7290013539519,false,"מסכת הזנה ארגן מרוקאי סטייל 500 מ""ל",א.ל ארמן,IL,סטיילמסכת שיער ארגן,מיליליטרים,500.00,"100 מ""ל",false,,27.90,0.0558,true,1,1035222
7290013584328,false,פקדון בקבוק בירה ריק,,,בקבוק בירה חוזר ריק,יח',1.00,יח',false,,1.20,1.2000,true,1,1094522
7290013585387,false,קוקה קולה זירו בקבוק,החברה המרכזית לייצור משקאות,IL,קולה זירו 1ליטר בודד,ליטרים,1.00,ליטר,false,,6.50,6.5000,true,1,1193319
7290013585394,false,קוקה קולה 1ליטר בודד,החברה המרכזית לייצור משקאות,IL,קוקה קולה 1ליטר בודד,ליטרים,1.00,ליטר,false,,6.90,6.9000,true,1,1193320
7290013585967,false,מארז ספרייט זירו 6 * 330 פח Fridge- pack,קוקה קולה ישראל,IL,מארז ספרייט זירו 6 י,ליטרים,1.98,ליטר,false,,21.90,11.0606,true,1,1420644
7290013608260,false,מיץ רימונים 100%מיץ סחוט טרי מצונן 1ליט,"גניר (1992) בע""מ",IL,מיץ רימונים סחוט פרי,ליטרים,1.00,ליטר,false,,20.90,20.9000,true,1,1114266
7290013608550,false,נקטר תפוזים פרימור 1 ליטר,סטאר סנקס,IL,פרימור נקטר תפוזים 1,ליטרים,1.00,ליטר,false,,7.80,7.8000,true,1,2421517
7290013608635,false,פרימור משקה לימונים עם נענע 1ליטר,סטאר סנקס,IL,פרימור משקה לימונים,ליטרים,1.00,ליטר,false,,7.80,7.8000,true,1,2635818
7290013608673,false,נקטר תפוחי עץ פרימור 1 ליטר,סטאר סנקס,IL,פרימור נקטר תפוחי עץ,ליטרים,1.00,ליטר,false,,7.80,7.8000,true,1,2421519
7290013608680,false,מיץ עגבניות פרימור 1 ליטר,סטאר סנקס,IL,פרימור מיץ עגבניות 1,ליטרים,1.00,ליטר,false,,5.90,5.9000,true,1,2421520
7290013625410,false,פלחי אפרסק צ'ויס בסירופ 820גרם,,IL,פלחי אפרסק צ'ויס בסי,גרמים,820.00,100 גרם,false,,12.90,0.0157,true,1,1019618
7290013645364,false,עוגיות מזרחיות ללא ג,"מוצרי הכט בע""מ",IL,עוגיות מזרחיות 200 ג,גרמים,200.00,100 גרם,false,,16.90,0.0845,true,1,1331710
7290013645371,false,עוגיות שוקולד ציפס ללא גלוטן 200,"מוצרי הכט בע""מ",IL,עוגיות שוקולד ציפס 2,גרמים,200.00,100 גרם,false,,16.90,0.0845,true,1,1331711
7290013652157,false,"ד""ר פישר - נטורל קר מגבונים להסרת איפור לעור רגיל יבש 30 יח' * 3",פישר מעבדות פרמצבטיות בע,IL,נטורל קר שלישיית מגבונים,יח',90.00,יח',false,,19.90,0.2211,true,1,1043925
7290013652164,false,"ד""ר פישר - נטורל קר מגבונים להסרת איפור לעור רגיש 30 יח' * 3",פישר מעבדות פרמצבטיות בע,IL,נטורל קר שלישיית מגבונים,יח',90.00,יח',false,,19.90,0.2211,true,1,1043926
7290013652171,false,"ד""ר פישר - נטורל קר מגבונים להסרת איפור לעור שמן מעורב 30 יח' * 3",פישר מעבדות פרמצבטיות בע,IL,נטורל קר שלישיית מגבונים,יח',90.00,יח',false,,19.90,0.2211,true,1,1043927
7290013652843,false,נטורל קר שמפו לשיער רגיל- ורדים וחלב רימונים,פישר מעבדות פרמצבטיות,IL,נטורל קר שמפו לשיער רגיל,מיליליטרים,700.00,"100 מ""ל",false,,18.90,0.0270,true,1,1043941
7290013652874,false,נטורל קר מרכך לשיער רגיל- ורדים וחלב רימונים,"ד""ר פישר Dr fischer",IL,נטורל קר מרכך לשיער רגיל,מיליליטרים,700.00,"100 מ""ל",false,,18.90,0.0270,true,1,1043944
7290013652935,false,נטורל קר שמפו לשיער רגיל- יסמין ופרחי מגנוליה,"ד""ר פישר Dr fischer",IL,נטורל קר שמפו לשיער רגיל,מיליליטרים,700.00,"100 מ""ל",false,,18.90,0.0270,true,1,1043950
7290013675545,false,"שניצל כלי תחבורה ""מאמא עוף"" 700 גרם",תנובה גליל שותפות מוגבלת,IL,שניצל כלי תחבורה 700,גרמים,700.00,100 גרם,false,,29.90,0.0427,true,1,4354228
7290013677259,false,תבלין זעתר 50 גרם שקית,מיה תעשיות מזון מ.ת.מ. ב,IL,זעתר מיה 50 גרם,גרמים,50.00,100 גרם,false,,3.80,0.0760,true,1,1024202
7290013677266,false,תבלין לפיצה בשקית מיה 80 גרם,מיה תעשיות מזון מ.ת.מ. ב,IL,תבלין לפיצה מיה 80 ג,גרמים,80.00,100 גרם,false,,3.80,0.0475,true,1,1024203
7290013677273,false,תבלין גריל דג 80 גרם-שקית,מיה תעשיות מזון מ.ת.מ. ב,IL,תבלין גריל דג מיה 80,גרמים,80.00,100 גרם,false,,3.80,0.0475,true,1,1024204
7290013677310,false,תבלין גרילבשר 80 גרם שקית,מיה תעשיות מזון מ.ת.מ. ב,IL,מיה גריל בשר 80 גרם,גרמים,80.00,100 גרם,false,,3.80,0.0475,true,1,1024208
7290013677327,false,תבלין אבקת קארי 80 גרם-שקית,מיה תעשיות מזון מ.ת.מ. ב,IL,אבקת קארי מיה 80 גרם,גרמים,80.00,100 גרם,false,,3.80,0.0475,true,1,1024209
7290013677334,false,תבלין על האש בשקית מיה 50 גרם,מיה תעשיות מזון מ.ת.מ. ב,IL,תבלין על האש מיה 50,גרמים,50.00,100 גרם,false,,3.80,0.0760,true,1,1024210
7290013677563,false,קינואה אדומה יבשה מיה 500 גר',מיה תעשיות מזון מ.ת.מ. ב,IL,קינואה אדומה 500 גרם,גרמים,500.00,100 גרם,false,,12.90,0.0258,true,1,1099894
7290013677648,false,שמן זית למאור מיה 1 ליטר,מיה תעשיות מזון בעמ,ES,מיה שמן זית למאור 1,ליטרים,1.00,ליטר,false,,19.90,19.9000,true,1,1024223
7290013677662,false,מלח לימון בצנצנת מיה 500 גרם,מיה תעשיות מזון מ.ת.מ. ב,IL,מלח לימון מיה 500 גר,גרמים,500.00,100 גרם,false,,16.90,0.0338,true,1,1024225
7290013677686,false,תבלין פפריקה מרוקאית 80 גרם בשקית,מיה תעשיות מזון מ.ת.מ. ב,IL,פפריקה מרוקאית מיה 8,גרמים,80.00,100 גרם,false,,3.80,0.0475,true,1,1024227
7290013677693,false,תבלין פלפל שחור גרוס שקית 50 גרם,מיה תעשיות מזון בעמ,IL,פלפל שחור גרוס מיה 5,גרמים,50.00,100 גרם,false,,6.90,0.1380,true,1,1024228
7290013702036,false,"שוופס ווטר 500 מ""ל- אפרסק",יפאורה שותפות מובגלת לשיווק,IL,שוופס וואטר אפרסק 50,מיליליטרים,500.00,"100 מ""ל",false,,4.80,0.0096,true,1,3670154
7290013702050,false,"שוופס ווטר 500 מ""ל- ענבים",יפאורה תבורי,IL,שוופס וואטר ענבים 50,מיליליטרים,500.00,"100 מ""ל",false,,4.80,0.0096,true,1,3670155
7290013702388,false,"שוופס מים ט.תפוח 500 מ""ל",יפאורה שותפות מובגלת לשיווק,IL,שוופס ווטר תפוח 500מ,מיליליטרים,500.00,"100 מ""ל",false,,4.80,0.0096,true,1,3670156
7290013771216,false,פטאקי 16% גבינות השומרון,מיוצר עי קונדיטוריית,IL,פטאקי 16% גבינות השו,גרמים,250.00,100 גרם,false,,13.90,0.0556,true,1,1010991
7290013771414,false,לאבנה 5% שמן זית וזע,,,לאבנה 5% שמן זית וזע,גרמים,250.00,100 גרם,false,,9.90,0.0396,true,1,4301449
7290013771421,false,צפתית מעודנת עם קצח,,,צפתית מעודנת עם קצח,גרמים,200.00,100 גרם,false,,10.90,0.0545,true,1,4301450
7290013771452,false,לאבנה 5% שמן זית וזע,,,לאבנה 5% שמן זית וזע,גרמים,500.00,100 גרם,false,,15.90,0.0318,true,1,4301453
7290013771469,false,בולגרית קלאסית 5% 250גר רמילוי,,,בולגרית קלאסית 5% 25,גרמים,250.00,100 גרם,false,,14.90,0.0596,true,1,4301454
7290013771476,false,פטאקי 16% סגנון יווני 250גר רמילוי,,,פטאקי 16% סגנון יוונ,גרמים,250.00,100 גרם,false,,13.90,0.0556,true,1,4301455
7290013771483,false,בולגרית מעודנת 5% 250גר רמילוי,,,בולגרית מעודנת 5% 25,גרמים,250.00,100 גרם,false,,15.90,0.0636,true,1,4301456
7290013771506,false,גבינת שמנת שום שמיר 25% 200גר רמילוי,,,גבינת שמנת שום שמיר,גרמים,200.00,100 גרם,false,,9.90,0.0495,true,1,4301458
7290013787378,false,רביולי ארטישוק ריקוטה 400ג רמילוי,,,רביולי ארטישוק ריקוט,גרמים,400.00,100 גרם,false,,21.90,0.0547,true,1,5590603
7290013787385,false,רביולי סלק ריקוטה 400ג רמילוי,,,רביולי סלק ריקוטה 40,גרמים,400.00,100 גרם,false,,21.90,0.0547,true,1,5590604
7290013787736,false,רביולי במילוי גבינה 400 רמילוי,,,רביולי במילוי גבינה,גרמים,400.00,100 גרם,false,,21.90,0.0547,true,1,4442136
7290013787743,false,רביולי במילוי בטטה 400 רמילוי,,,רביולי במילוי בטטה 4,גרמים,400.00,100 גרם,false,,21.90,0.0547,true,1,4442137
7290013787767,false,רביולי ריקוטה ותרד 400 רמילוי,,,רביולי ריקוטה ותרד 4,גרמים,400.00,100 גרם,false,,21.90,0.0547,true,1,4442139
7290013809063,false,קלין שלישיית סבון אס,,,קלין שלישיית סבון אס,יחידה,0.00,יחידה,false,,7.90,0.0000,true,1,1030653
7290013809070,false,קלין שקיות אשפה ירוק,קלין,,קלין שקיות אשפה ירוק,יחידה,0.00,יחידה,false,,5.90,0.0000,true,1,1030654
7290013809087,false,קלין שקיות אשפה ירוק 77/90,קלין,,קלין שקיות אשפה ירוק,יחידה,0.00,יחידה,false,,7.90,0.0000,true,1,1030655
7290013847119,false,טונה סטארקיסט בשמן קנולה רביעיות בישול י,סטארקיסט,IL,"טונה SK בשמן קנולה 160 ב""",גרמים,640.00,100 גרם,false,,24.90,0.0389,true,1,1027971
7290013847409,false,סטארקיסט לייט נתחי טונה בהירה במים ושמן קנולה עם לימון ופלפל חריף 140 גרם,סטארקיסט Starkist,IL,טונה סטרקיסט לייט 4%,גרמים,98.00,100 גרם,false,,6.90,0.0704,true,1,4054779
7290013847645,false,סטארקיסט טונה בשמן זית 80 גר' שלישיות,סטארקיסט Starkist,TR,טונה סטארקיסט שלישיי,גרמים,80.00,100 גרם,false,,16.90,0.2112,true,1,4797436
7290013847836,false,נתחי טונה בשמן קנולה זוג * 140 ג' סטארקיסט,סטארקיסט Starkist,IL,זוג טונה סטארקיסט בש,גרמים,196.00,100 גרם,false,,9.90,0.0505,true,1,4054784
7290013848345,false,מארז מטליות לחיטוי וניקוי יסודי אנטיבקטריאלי 99.9%,סנו מפעלי ברונוס בעמ,IL,סנו מטליות לחיטוי ול,יח',1.00,יח',false,,19.90,19.9000,true,1,5373918
7290013848383,false,קרמה מן גל רחצה אקטיב בלוק 700 מל לגבר,טרופיקל דגיל תעשיות,IL,ג'ל רחצה קרמה מן אקט,מיליליטרים,700.00,"100 מ""ל",false,,14.90,0.0213,true,1,1023536
7290013848420,false,דאודורנט גל קרמה מן אנטיפרספירנט 70 מל,גוד פוד פרודקטס S.p,IL,"דאו קרמה מן גל 70 מ""",מטרים,70.00,100 מ'ל,false,,13.90,0.1986,true,1,1023537
7290013848611,false,רדיד אלומיניום עבה וחזק 61 מטר,סנו סושי,IL,רדידי אלומניום סנו ס,יח',1.00,יח',false,,39.90,39.9000,true,1,1023547
7290013848758,false,מקסימה גל כביסה מרוכז בייבי 3ליטר סנסטיב,"סנו מפעלי ברונוס בע""\מ",IL,סנו מקסימה ג'ל מרוכז,ליטרים,3.00,ליטר,false,,32.80,10.9333,true,1,1065449
7290013883407,false,"דזיטול מרסס לחיטוי כללי יעקבי 750 מ""ל",יעקבי - דזיטול Desytol,ES,דזיטול מחטא ומשמיד ח,מיליליטרים,750.00,"100 מ""ל",false,,11.90,0.0159,true,1,1026043
7290013906052,false,נקניקיות פרגיות טירת צבי 300 גרם,הנסיך- מפעל לייצור ט,IL,נקניקיות פרגיות 300,גרמים,300.00,100 גרם,false,,10.90,0.0363,true,1,1015453
7290013906205,false,פסטרמה עם שום וצילי טירת צבי 400 ג',הנסיך- מפעל לייצור ט,IL,פסטרמה שום וצ'לי 400,גרמים,400.00,100 גרם,false,,25.90,0.0647,true,1,1015455
7290013906212,false,"נקנקיות וינר טירת 1 ק""ג טירת צבי",הנסיך- מפעל לייצור ט,IL,נקניקיות וינר טירת צ,גרמים,1000.00,100 גרם,false,,22.90,0.0229,true,1,1015456
7290013906236,false,סלמי גלבוע טירת צבי 400 גרם,הנסיך- מפעל לייצור ט,IL,סלמי גלבוע 400 גר,גרמים,400.00,100 גרם,false,,19.90,0.0497,true,1,1064182
7290013906298,false,נקניקיות הודו קהילות טירת צבי 400 גרם,טירת צבי - מדף,IL,נקניקיות עוף מהדרין,גרמים,400.00,100 גרם,false,,13.90,0.0348,true,1,1015459
7290013906335,false,צמד מהדרין קהילות טירת צבי 600 גרם,טיב טירת צבי 2000,IL,צמד סלמי וכפרית 600,גרמים,600.00,100 גרם,false,,27.90,0.0465,true,1,1015463
7290013906441,false,קבנוס טירת צבי 120 גרם,הנסיך- מפעל לייצור ט,IL,קבנוס 120 ג,גרמים,120.00,100 גרם,false,,9.90,0.0825,true,1,1015464
7290013906458,false,קבנוס בטעם פיקנטי טירת צבי 120 גרם,הנסיך- מפעל לייצור ט,IL,קבנוס 120 ג,גרמים,120.00,100 גרם,false,,9.90,0.0825,true,1,1015465
7290013906489,false,חטיפי מיני קבנוס טירת צבי 120 גרם,הנסיך- מפעל לייצור ט,IL,חטיפי קבנוס 120 ג,גרמים,120.00,100 גרם,false,,8.90,0.0742,true,1,1015468
7290013906601,false,מארז צמד 600 ג' ברביקיו ודבש קהילות טירת צבי,טיב טירת צבי 2000,IL,צמד ברביקיו ודבש 600,גרמים,600.00,100 גרם,false,,24.90,0.0415,true,1,6210666
7290013906694,false,נקניקיות שקית קילו וחצי טירת צבי,הנסיך- מפעל לייצור ט,IL,"נקניקיות עוף 1.5 ק""ג",גרמים,1500.00,100 גרם,false,,29.90,0.0199,true,1,6352121
7290013906700,false,"נקניקיות הודו טירת צבי כשרות הרב מחפוד 1.5 ק""ג",טיב טירת צבי 2000,IL,נקניקיות הודו מחפוד,גרמים,1500.00,100 גרם,false,,29.90,0.0199,true,1,6352122
7290014002128,false,תה ירוק לימונית ומנטה 25 שקיקים ויסוצקי,ויסוצקי ירוק,IL,תה ירוק לימונית מנטה,25 יח',1.00,25 יח',false,,22.90,22.9000,true,1,1027322
7290014002197,false,חליטת קמומיל ולימונית הגן הקסום ויסוצקי 25 יחידות,תה ויסוצקי,IL,חליטת קמומיל ולימוני,יח',25.00,יח',false,,16.90,0.6760,true,1,1027325
7290014002203,false,חליטת לימונית ולואיזה הגן הקסום ויסוצקי 25 יחידות,תה ויסוצקי,IL,חליטת לימונית ולואיז,יח',25.00,יח',false,,16.90,0.6760,true,1,1027326
7290014002944,false,גן קסום חליטת פירות וצמחים חמדת שקד 25 שקיקים,תה ויסוצקי,IL,הגן הקסום חמדת השקד,יח',25.00,יח',false,,16.90,0.6760,true,1,1134049
7290014027213,false,"ערק ג'בלנא 40% אלכוהול 700 מ""ל",משקאות ג'בלנא,IL,ערק ג'באלנא 700 מל,מיליליטרים,700.00,"100 מ""ל",false,,48.90,0.0699,true,1,1701679
7290014046016,false,פסטרמה של פעם דל שומן 2% רכיבים טבעיים,מעדני יחיעם,IL,פסטרמה של פעם 100% ר,גרמים,250.00,100 גרם,false,,24.40,0.0976,true,1,1089960
7290014046047,false,צמד פסטרמות יחיעם 600 גרם,מעדני יחיעם 1993,IL,צמד פסטרמות 600 גרם,גרמים,600.00,100 גרם,false,,25.90,0.0432,true,1,1107657
7290014046474,false,"נקניקיות עוף יחיעם 1.5 ק""ג",מעדני יחיעם,IL,"נקניקיות עוף 1.5 ק""ג",קילוגרמים,1.50,"ק""ג",false,,25.90,17.2667,true,1,2263215
7290014046580,false,"פסטרמה מעודנת על האש 300 גרם ""יחיעם""",מעדני יחיעם 1993,IL,פסטרמה מעודנת גחלים,גרמים,300.00,100 גרם,false,,19.90,0.0663,true,1,1148742
7290014046757,false,סלמי תה מעדני יחיעם,מעדני יחיעם,IL,סלמי תה 300 גר,גרמים,300.00,100 גרם,false,,19.90,0.0663,true,1,1624508
7290014046764,false,סלמי פפרוני יחיעם 200 גרם,מעדני יחיעם,IL,סלמי פפרוני 200 גרם,גרמים,200.00,100 גרם,false,,13.90,0.0695,true,1,3061318
7290014059078,false,"אקווה פרש מי פה אקסטרים 500 מ""ל",גלקסו סמית קליין,GB,א.פרש מי פה אקסטרים 500 מ,מיליליטרים,500.00,"100 מ""ל",false,,14.90,0.0298,true,1,1035244
7290014059085,false,"משחת שיניים סנסודיין 75 מ""ל פרימיום לשיקום והגנה","סמית קליין ביצ'ם בע""",GB,סנסודיין משחה לשיקום והגנ,100 מל,75.00,100 מל,false,,23.90,0.3187,true,1,1035245
7290014059436,false,"משחת שיניים סנסודיין 75 מ""ל פרימיום לשיקום והגנה מלבינה 75 מ""ל","סמית קליין ביצ'ם בע""",GB,סנסודיין משחה לשיקום והגנ,100 מל,75.00,100 מל,false,,23.90,0.3187,true,1,1035254
7290014089044,false,לואיזה בעציץ יחידה,פרח הארץ,IL,לואיזה בעציץ,יח',1.00,יח',false,,9.90,9.9000,true,1,5507566
7290014089129,false,רקפת בעציץ יחידה,פרח הארץ,IL,רקפת בעציץ,יח',1.00,יח',false,,21.90,21.9000,true,1,5507573
7290014089136,false,קורנית בעציץ יחידה,פרח הארץ,IL,קורנית בעציץ,יח',1.00,יח',false,,9.90,9.9000,true,1,5507574
7290014089181,false,מליסה בעציץ יחידה,פרח הארץ,IL,מליסה בעציץ,יח',1.00,יח',false,,9.90,9.9000,true,1,5507577
7290014089310,false,פטוניה בעציץ יחידה,פרח הארץ,IL,פטוניה בעציץ,יח',1.00,יח',false,,9.90,9.9000,true,1,5507588
7290014126343,false,בישוקטים בונומי וניל קקאו קקאו 200 גרם,דנשר,IT,בישקוטים בונומי וניל-קקאו,גרמים,200.00,100 גרם,false,,5.70,0.0285,true,1,1091510
7290014126428,false,מרמולייט סוכרלוז 150 יחידות,מיוצר עי קונדיטוריית,CN,מר' סטיביה 150טבליות,יח',150.00,יח',false,,24.90,0.1660,true,1,1155043
7290014204003,false,"שמפו לשיער צבוע 750 מ""ל פנינה רוזנבלום",פנינה רוזנבלום,IL,שמפו לשיער צבוע 750,מיליליטרים,750.00,"100 מ""ל",false,,8.90,0.0119,true,1,1031192
7290014204010,false,"מרכך לשיער צבוע 750 מ""ל פנינה רוזנבלום",פנינה רוזנבלום,IL,מרכך לשיער צבוע 750,מיליליטרים,750.00,"100 מ""ל",false,,8.90,0.0119,true,1,1031193
7290014204027,false,"שמפו לשיער חפיפה יומיומית 750 מ""ל פנינה רוזנבלום",פנינה רוזנבלום,IL,שמפו לשיער חפיפה יומ,מיליליטרים,750.00,"100 מ""ל",false,,8.90,0.0119,true,1,1031194
7290014204034,false,"מרכך יומי 750 מ""ל פנינה רוזנבלום",פנינה רוזנבלום,IL,"מרכך יומי 750 מ""ל פנ",מיליליטרים,750.00,"100 מ""ל",false,,8.90,0.0119,true,1,1031195
7290014204560,false,"פנינהרוזנבלום- סבון נוזלי לידיים שלישיה,3*500 מ""ל",פ.רוזנבלום כללי,IL,סבון נוזלי שלישיה 50,מיליליטרים,500.00,"100 מ""ל",false,,9.90,0.0198,true,1,1048694
7290014204690,false,"פנינה רוזנבלום- סבון נוזלי משאבה ורוד,1 ליטר",פנינה רוזנבלום,IL,סבון משאבה ורוד 1 לי,ליטרים,1.00,ליטר,false,,8.90,8.9000,true,1,1140898
7290014204706,false,סבון משאבה קורל 1 ליטר פנינה רוזנבלום,פנינה רוזנבלום,IL,סבון משאבה קורל 1 לי,ליטרים,1.00,ליטר,false,,8.90,8.9000,true,1,1140899
7290014218321,false,בורקס אישי יפו גבינה מעדנות 600 גרם,מיוצר עי קונדיטוריית,IL,בורקס יפו גבינה 4יח*,גרמים,600.00,100 גרם,false,,17.90,0.0298,true,1,1299438
7290014218338,false,"בורקס אישי יפו תפו""א מעדנות 600 גרם",מיוצר עי קונדיטוריית,IL,"בורקס יפו תפו""א 4*15",גרמים,600.00,100 גרם,false,,15.90,0.0265,true,1,1299439
7290014218536,false,בצק עלים מרודד מופחת שומן מעדנות 1 קג,תנובה מעדנות,IL,בצק עלים מופחת שומן,גרמים,1000.00,100 גרם,false,,21.90,0.0219,true,1,2228244
7290014218932,false,חטיפי פיצה בתוספ זיתים בשקית מעדנות 710 גרם,מיוצר עי קונדיטוריית,IL,חטיפי פיצה בתוספת זי,גרמים,710.00,100 גרם,false,,27.90,0.0393,true,1,5501253
7290014226029,false,נענע בעציץ,,,נענע בעציץ,יח',1.00,יח',false,,7.90,7.9000,true,1,6285744
7290014256620,false,"יין מבעבע קריניאנו באזז יקבי כרמל 750 מ""ל",יקבי כרמל Carmel Winery,IL,יין קריניאנו באזז יק,מיליליטרים,750.00,"100 מ""ל",false,,26.90,0.0359,true,1,1161781
7290014256637,false,"יין מבעבע מוסקטו באזז יקבי כרמל 750 מ""ל",יקבי כרמל Carmel Winery,IL,יין מוסקטו באזז יקבי,מיליליטרים,750.00,"100 מ""ל",false,,26.90,0.0359,true,1,1161782
7290014258716,false,תרכובת מזון צמחי על בסיס חלבון סויה מגיל לידה,מטרנה תעשיות ש.מ,IL,מטרנה צמחית מגיל ליד,גרמים,700.00,100 גרם,false,,47.90,0.0684,true,1,1165870
7290014258730,false,תרכובת מזון צמחי לתינוקות מגיל 12 חודשים ואילך,מטרנה תעשיות ש.מ,IL,מטרנה צמחית מגיל שנה,גרמים,700.00,100 גרם,false,,59.90,0.0856,true,1,1165872
7290014325050,false,קורנפלור מיה 500 גרם,מיה תעשיות מזון מ.ת.מ. ב,IL,קורנפלור 500 גרם,גרמים,500.00,100 גרם,false,,3.90,0.0078,true,1,1024245
7290014325531,false,חמאת בוטנים 510 גרם כשלפ,מיה תעשיות מזון מ.ת.מ. ב,IL,חמאת בוטנים 510 גרם,גרמים,510.00,100 גרם,false,,11.90,0.0233,true,1,1081693
7290014325548,false,"חמאת בוטנים מיה 1 ק""ג",מיה תעשיות מזון בעמ,IL,חמאת בוטנים 1קג,גרמים,1000.00,100 גרם,false,,20.90,0.0209,true,1,1118530
7290014397163,false,"מטהר אוויר פרש הום פריחת השקד, ורד אנגלי וכותנה",סנו מפעלי ברונוס בעמ,IL,סנו פרש מיכל מילוי,גרמים,165.00,100 גרם,false,,12.90,0.0782,true,1,3718804
7290014397170,false,"פרש מיכל מילוי אוטומטיק סופט בלאנס 250 מ""ל סנו",מיוצר עי קונדיטוריית,IL,סנו פרש מיכל מילוי,גרמים,165.00,100 גרם,false,,12.90,0.0782,true,1,3718805
7290014397200,false,שלשיית מברשות שיניים אורביטול פרמיום,אורביטול Orbitol,CN,שלשיית מברשות שיניים,יח',3.00,יח',false,,9.90,3.3000,true,1,2334112
7290014397286,false,מרכך כביסה מרוכז חלב ודבש סנו מקסימה 1 ליטר,סנו-מקסימה,IL,מקסימה מרכך כביסה מר,ליטרים,1.00,ליטר,false,,17.50,17.5000,true,1,1023575
7290014397453,false,סנו אוקסיגן גל מסיר כתמים כביסה לבנה 3 ל,סנו אוקסיג'ן,IL,סנו אוקסיגן 3 ליטר,ליטרים,3.00,ליטר,false,,28.90,9.6333,true,1,1023577
7290014397491,false,"מבשם אויר סנו פרש הום בניחוח וניל קוקוס 350 מ""ל",סנו פרש Fresh,IL,מבשם אויר סנו פרש הו,מיליליטרים,350.00,"100 מ""ל",false,,9.90,0.0283,true,1,1023578
7290014397514,false,"מבשם אויר סנו פרש הום בניחוח כותנה מלטפת 350 מ""ל","סנו מפעלי ברונוס בע""",IL,מבשם אויר סנו פרש הו,מיליליטרים,350.00,"100 מ""ל",false,,9.90,0.0283,true,1,1023580
7290014397538,false,"מבשם אויר סנו פרש הום בניחוח אביב 350 מ""ל",סנו מפעלי ברונוס בעמ,IL,מבשם אויר סנו פרש הו,מיליליטרים,350.00,"100 מ""ל",false,,9.90,0.0283,true,1,1023582
7290014397767,false,סנו ריצפז פרש הום כותנה מלטפת 2 ליטר,"סנו מפעלי ברונוס בע""",IL,ריצפז פרש הום 2לי,ליטרים,2.00,ליטר,false,,19.70,9.8500,true,1,1023595
7290014397774,false,רצפז פרש הום טבע רענן 2 ל',סנו פרש Fresh,IL,רייצפז פרש הום 2 לי,ליטרים,2.00,ליטר,false,,19.80,9.9000,true,1,1023596
7290014397781,false,ריצפז סנן פרש הום סבון מפנק 2 ליטר,סנו פרש Fresh,IL,ריצפז פרש הום 2לי,ליטרים,2.00,ליטר,false,,19.80,9.9000,true,1,1023597
7290014397873,false,מרכך כביסה בבישום עוצמתי ג'נטל בריז,סנו מפעלי ברונוס בעמ,IL,מקסימה מרכך כביסה סנ,ליטרים,4.00,ליטר,false,,21.50,5.3750,true,1,6003470
7290014426597,false,משחת שיניים ילדיים קיטי שחור 50 גרם,יושלם,IL,משחת שיניים הלו קיטי ג'ונ,מיליליטרים,750.00,"100 מ""ל",false,,10.90,0.0145,true,1,1035275
7290014455245,false,גבינה גרנה פדנו משולש גד 200 גר',מחלבת סוציאלה מנטובה,IT,גרנה פדנו משולש 200,גרמים,200.00,100 גרם,false,,22.80,0.1140,true,1,1265426
7290014455252,false,גבינה קשה מגורדת גרנה פדנו 29% שומן,מחלבות גד שיווק 1992,IT,גרנה פדנו מגורד 100,גרמים,100.00,100 גרם,false,,10.90,0.1090,true,1,1265427
7290014455320,false,גבינה כדורי מוצרלה פרסקה גד 100ג',מוצרלה פרסקה 2 ב 15,IL,כדורי מוצרלה טרי בשק,גרמים,100.00,100 גרם,false,,8.50,0.0850,true,1,1193958
7290014459137,false,"תפוגן סטייק צ'יפס 1.5 ק""ג אסם","תעשיות תפוגן בע""\מ",IL,תפוגן סטיק ציפס 8*1.,קילוגרמים,1.50,"ק""ג",false,,23.90,15.9333,true,1,1053127
7290014459373,false,"צ'יפס קראנצ'י לתנור קפוא תפוגן 1.5ק""ג","תעשיות תפוגן בע""\מ",IL,תפוגן ציפס קראנצי 1.,קילוגרמים,1.50,"ק""ג",false,,24.90,16.6000,true,1,1311704
7290014459472,false,"צ'יפס קפוא תפוגן 2 ק""ג כשל""פ","תעשיות תפוגן בע""מ",IL,תפוגן ציפס קלאסי 2 ק,קילוגרמים,2.00,"ק""ג",false,,24.90,12.4500,true,1,2223994
7290014471412,false,"מוזלי בוטנים אגוזים ושקדים 1 ק""ג - ירוק שקדיה","דין שיווק וקלייה בע""",IL,מוזלי בוטנים אגוזים,קילו,1.00,קילו,false,,21.90,21.9000,true,1,1014868
7290014471429,false,"מיזלי עם פירות 1 ק""ג - סגול שקדיה","דין שיווק וקלייה בע""",IL,"מוזלי פירות 1 ק""ג שק",קג,1.00,קג,false,,21.90,21.9000,true,1,1014869
7290014471436,false,"מוזלי צימוקים תפוח קינמון וגרעיני חמניה 1 ק""ג כחול שקדיה","דין שיווק וקלייה בע""",MK,מוזלי צימוקים תפוח ק,קג,1.00,קג,false,,21.90,21.9000,true,1,1014870
7290014471443,false,"גרנולה צימוקים אגוזים ושקדים 1 ק""ג - כתום שקדיה","דין שיווק וקלייה בע""",IL,גרנולה עם צימוקים אג,קילו,1.00,קילו,false,,21.90,21.9000,true,1,1014871
7290014472440,false,קונפיטורה תפוז 70% פרי 450 גרם שקדיה,"דין שיווק וקליה בע""מ",TR,קונפיטורה תפוז 70% פ,גרמים,450.00,100 גרם,false,,10.90,0.0242,true,1,6415772
7290014472990,false,ממרח 100% שקדים שקדיה 300 גרם,ג'\י אנד ג'\י פקאנס בעמ,IL,שקדיה ממרח שקדים 300,גרמים,300.00,100 גרם,false,,27.90,0.0930,true,1,4574522
7290014501829,false,"יין גליל קברנה סוביניון 750 מ""ל",יקב הרי גליל,IL,גליל קברנה סוביניון,מטרים,750.00,100 מ'ל,false,,64.90,0.0865,true,1,6352923
7290014501942,false,"מרלו גליל 750 מ""ל",יקב הרי גליל,IL,"גליל מרלו 750 מ""ל",מטרים,750.00,100 מ'ל,false,,64.90,0.0865,true,1,6373869
7290014503137,false,"יין כנען אדום דלתון 750 מ""ל","יקב דלתון בע""\מ",IL,יובלים אדום (דלתון) - רשת,מיליליטרים,750.00,"100 מ""ל",false,,37.50,0.0500,true,1,1081834
7290014525290,false,חטיפי סלים דליס קריספי תות מרבה 125 גרם,סלים דליס Slim Delis,NL,מרבה סלים דליס קריספ,גרמים,125.00,100 גרם,false,,10.80,0.0864,true,1,1407679
7290014525306,false,חטיפי סלים דליס קריספי אוכמניות מרבה 125 גרם,סלים דליס Slim Delis,NL,מרבה סלים דליס קריספ,גרמים,125.00,100 גרם,false,,10.80,0.0864,true,1,1407680
7290014525313,false,חטיפי סלים דליס קריספי שוקולד מרבה 125 גרם,סלים דליס Slim Delis,NL,מרבה סלים דליס קריספ,גרמים,125.00,100 גרם,false,,10.80,0.0864,true,1,1407681
7290014525665,false,מרבה על חלל עוגיות קקאו וסוכריות שוק חלב 140 יח',"מרבה בע""\מ",NL,עוגיות קקאו וסוכריות,גרמים,140.00,100 גרם,false,,9.80,0.0700,true,1,6303382
7290014525672,false,מרבה על חלל עוגיות עם סוכריות שוקולד 140 יח',"מרבה בע""\מ",NL,מרבה עוגיות עם סוכרי,גרמים,140.00,100 גרם,false,,9.80,0.0700,true,1,6303383
7290014547322,false,סנסודין זוג מברשות שיניים שיקום כחול+תכל,סנסודיין,CN,זוג מברשת סנסודיין ש,יח',2.00,יח',false,,29.90,14.9500,true,1,3344794
7290014547353,false,סנסודין זוג מברשות שיניים דואלקר ירוק+יר,"L Co., Industrial Shummi",CN,זוג מברשת סנסודיין ד,יח',1.00,יח',false,,19.90,19.9000,true,1,3344796
7290014581531,false,מארז פחמים 100% עץ טבעי,פחמי הלהבה,IL,פחם 2 קילו סופר גריל,יחידה,0.00,יחידה,false,,10.90,0.0000,true,1,6426084
7290014673014,false,פלפל אנגלי שלם תבליני מימון 90 גרם,א.ל ייצור ושיווק תבל,IL,פלפל אנגלי שלם 90 גרם,גרמים,90.00,100 גרם,false,,12.90,0.1433,true,1,1184103
7290014673045,false,תערובת תיבול לצ'יפס מימון 100 גרם,א.ל ייצור ושיווק תבל,IL,תערובת תיבול לצ'יפס,גרמים,100.00,100 גרם,false,,11.50,0.1150,true,1,6314460
7290014673106,false,פפריקה אדומה גרוסה בשמן מימון 400 גרם,א.ל ייצור ושיווק תבל,IL,פפריקה אדומה גרוסה ב,גרמים,400.00,100 גרם,false,,22.70,0.0567,true,1,6314462
7290014673359,false,מלח לימון תבליני מימון 400 גרם,א.ל ייצור ושיווק תבל,IL,מלח לימון 400 גרם,גרמים,400.00,100 גרם,false,,21.90,0.0547,true,1,1011994
7290014673380,false,כמון טחון תבליני מימון 250 גרם,א.ל ייצור ושיווק תבל,IL,כמון טחון 250 גרם,גרמים,250.00,100 גרם,false,,21.90,0.0876,true,1,1011997
7290014673403,false,פלפל שחור טחון תבליני מימון 250 גרם,א.ל ייצור ושיווק תבל,IL,פלפל שחור טחון 250 גרם,גרמים,250.00,100 גרם,false,,27.90,0.1116,true,1,1011999
7290014673434,false,פלפל שחור גרוס דק שקית תבליני מימון 80גרם,א.ל ייצור ושיווק תבל,,תבלין בשקית פלפל שחו,גרמים,80.00,100 גרם,false,,8.90,0.1113,true,1,4404511
7290014673618,false,תבלינים זנגביל בצנצנת 30 גרם,א.ל ייצור ושיווק תבל,IL,זנגביל 30 גרם חדש,יח',1.00,יח',false,,11.50,11.5000,true,1,1101012
7290014692299,false,גבינת ברי EURO CHEESE ויליפוד 125 גרם,יורו צ'יז Euro Cheese,DK,גבינת ברי 125גר יורו,גרמים,125.00,100 גרם,false,,14.90,0.1192,true,1,1071666
7290014692305,false,גבינת קממבר EURO CHEESE ויליפוד 125 גרם,הנסיך- מפעל לייצור ט,DK,גבינת קממבר 125גר יו,גרמים,125.00,100 גרם,false,,14.90,0.1192,true,1,1071667
7290014704121,false,קקאו בשקית רמי לוי 150 גרם,רמי לוי,BE,קקאו בשקית רמי לוי 1,גרמים,150.00,100 גרם,false,,4.90,0.0327,true,1,1223358
7290014704145,false,קפה נמס רמי לוי 200 גרם,רמי לוי,BE,קפה נמס רמי לוי 200,גרמים,200.00,100 גרם,false,,14.90,0.0745,true,1,1223360
7290014704244,false,שוקלטה אבקה להכנת שוקו רמי לוי 850 גרם,,,שוקלטה אבקה להכנת שו,גרמים,850.00,100 גרם,false,,13.90,0.0164,true,1,1830544
7290014704565,false,קפה טורקי קלוי טחון 125גר רמילוי,,,קפה טורקי קלוי טחון,גרמים,125.00,100 גרם,false,,7.90,0.0632,true,1,6365569
7290014712379,false,"יוגורט בקבוק בטעם אפרסק 500 מ""ל הכפר",מחלבת בת הרים,IL,יוגורט אפרסק 500 מל,מיליליטרים,500.00,"100 מ""ל",false,,15.90,0.0318,true,1,6283504
7290014712546,false,"יוגורט בקבוק בטעם פירות יער 500 מ""ל הכפר",מחלבת בת הרים,IL,יוגורט פירות יער 500,מיליליטרים,500.00,"100 מ""ל",false,,15.90,0.0318,true,1,6236572
7290014731165,false,מזלג לבן 100 יח' HAPPY,,,מזלג 100 יח,יחידה,0.00,יחידה,false,,7.90,0.0000,true,1,1110716
7290014749245,false,ספיישל רצועות שניצל שומשום עוף טוב 600 גרם,מוצרי עוף טוב (2001) בע\,IL,עוף טוב רצועות שניצל,גרמים,600.00,100 גרם,false,,29.80,0.0497,true,1,6091476
7290014749764,false,עוף טוב שניצל עוף ביתי עדין כזה 700 גרם,מוצרי עוף טוב (2001) בע\,IL,שניצל עוףטוב ביתי עד,גרמים,700.00,100 גרם,false,,29.90,0.0427,true,1,6223668
7290014758100,false,מאגדת יוגורט ביו 3% שומן 8 יח' *150ג' תנובה,מיוצר עי קונדיטוריית,IL,מאגדת יוגורט ביו 3%,קילוגרמים,1.20,"ק""ג",false,,15.90,13.2500,true,1,1016104
7290014758117,false,מאגדת יוגורט ביו 1.5% שומן 8 יח' *150 ג' תנובה,מיוצר עי קונדיטוריית,IL,מאגדת יוגורט ביו 1.5,קילוגרמים,1.20,"ק""ג",false,,15.90,13.2500,true,1,1016105
7290014758162,false,חלב עיזים מלא 3.6% קרטון 1 ל' תנובה,תנובה מרכז שיתופי לש,IL,חלב עיזים מלא 3.7% ת,ליטרים,1.00,ליטר,false,,13.90,13.9000,true,1,1016107
7290014758681,false,קוטג תנובה 1% גביע 250 גרם,מיוצר עי קונדיטוריית,IL,קוטג תנובה 1% גביע 2,גרמים,250.00,100 גרם,false,,5.40,0.0216,true,1,1016124
7290014759084,false,גבינת שמנת נפוליאון 16% מופחת שומן תנובה 225 גרם,תנובה מרכז שיתופי לש,IL,נפוליאון 16% גביע 22,גרמים,225.00,100 גרם,false,,12.90,0.0573,true,1,1056060
7290014759237,false,כד יוגורט תנובה 6.5% שומן 3 ליטר,,,יוגורט תנובה 6.5% כד,יח',1.00,יח',false,,26.90,26.9000,true,1,5282382
7290014759534,false,גבינה בולגרית למריחה טבעי 5% 200 ג' פיראוס,"תנובה, מחלבת תל יוסף",IL,בולגרית למריחה תנובה,גרמים,200.00,100 גרם,false,,12.90,0.0645,true,1,1067426
7290014759909,false,פטה עיזים 5% פיראוס גביע 250 גרם,"תנובה, מחלבת טנא נוג",IL,פטה 5% 250גר,גרמים,250.00,100 גרם,false,,26.90,0.1076,true,1,1085223
7290014759978,false,גבינת קצקבל גלעד 27% תנובה 200 גרם,תנובה חלב,IL,קצקבל גלעד 27% פלח 2,גרמים,200.00,100 גרם,false,,24.90,0.1245,true,1,1067428
7290014759985,false,גבינת פרמזן גבע 23% תנובה 200 גרם,תנובה חלב,IL,פלח פרמזן גבע 23% 20,גרמים,200.00,100 גרם,false,,23.90,0.1195,true,1,1067429
7290014759992,false,גבינת רוקפור גליל פלח 140 ג' תנובה,"תנובה, מחלבת תל יוסף",IL,רוקפור 140 גרם תנובה,גרמים,140.00,100 גרם,false,,18.50,0.1321,true,1,1067430
7290014760134,false,"מעדן סויה בטעם וניל תנובה 125 מ""ל",תנובה Alternative,IL,מעדן סויה בטעם וניל,גרמים,125.00,100 גרם,false,,3.90,0.0312,true,1,1110713
7290014760141,false,משקה שקדים טרי תנובה 1 ליטר,תנובה Alternative,IL,משקה שקדים טרי 1 ליט,ליטרים,1.00,ליטר,false,,11.60,11.6000,true,1,1206461
7290014760448,false,גבינה צהובה גלבוע פרוסה 22%,מחלבת בית יצחק,IL,גלבוע 22% 400 גרם,גרמים,400.00,100 גרם,false,,22.90,0.0572,true,1,1106881
7290014760912,false,פרוסות גבינה 28% שומן 400 ג' גוש חלב,תנובה מרכז שיתופי לש,IL,גוש חלב כשרות מהדרין,גרמים,400.00,100 גרם,false,,24.90,0.0622,true,1,1106882
7290014761018,false,גיל בטעם וניל תנובה 125 גרם,תנובה מרכז שיתופי לש,IL,גיל בטעם וניל,גרמים,125.00,100 גרם,false,,1.30,0.0104,true,1,1114834
7290014761056,false,מעדן שוקולד חלב יולו תנובה 123 גרם,מיוצר עי קונדיטוריית,IL,YOLO מעדן שוקולד חלב,גרמים,122.00,100 גרם,false,,4.30,0.0352,true,1,1163085
7290014761063,false,מעדן שוקולד מריר יולו תנובה 123 גרם,מיוצר עי קונדיטוריית,IL,YOLO מעדן שוקולד מרי,גרמים,122.00,100 גרם,false,,4.30,0.0352,true,1,1163086
7290014761070,false,מעדן שוקולד לבן יולו תנובה 123 גרם,מיוצר עי קונדיטוריית,IL,YOLO מעדן שוקולד לבן,גרמים,122.00,100 גרם,false,,4.30,0.0352,true,1,1163087
7290014761193,false,יוגורט עם פירות יער 1.5% שומן 125 ג' פרילי,תנובה מרכז שיתופי לש,IL,פרילי פירות יער 125ג,גרמים,125.00,100 גרם,false,,3.30,0.0264,true,1,1173860
7290014761414,false,יולו מעדן שכבות שוקולד חלב ולבן 123 גר,מיוצר עי קונדיטוריית,IL,YOLO מעדן שכבות שוקו,גרמים,122.00,100 גרם,false,,4.30,0.0352,true,1,1163090
7290014762756,false,גבינת שמנת נפוליאון 16% עם בצל תנובה 225 גרם,תנובה חלב,IL,נפוליאון 16% בצל.,גרמים,225.00,100 גרם,false,,12.90,0.0573,true,1,1299442
7290014762800,false,"מעדן סויה בטעם שוקולד תנובה 125 מ""ל",תנובה מרכז שיתופי לש,IL,מעדן סויה שוקולד גבי,גרמים,125.00,100 גרם,false,,3.70,0.0296,true,1,3273589
7290014762831,false,גבינת שמנת נפוליאון 16% עם פלפל חלפיניו תנובה 225 גרם,תנובה מרכז שיתופי לש,IL,גבינת נפוליאון עם פל,גרמים,225.00,100 גרם,false,,12.90,0.0573,true,1,1489266
7290014762909,false,פתיתי מוצרלה השף הלבן 10% תוספת מתנה,"תנובה, מחלבת תל יוסף",IL,פתיתי מוצרלה 200 גר,גרמים,200.00,100 גרם,false,,15.90,0.0795,true,1,1428146
7290014762947,false,לאבנה גלילית 11% שומן 750 ג' פיראוס,תנובה,IL,לאבנה גלילית פיראוס,גרמים,750.00,100 גרם,false,,23.70,0.0316,true,1,1358237
7290014763098,false,קרם גבינת שמנת 5% עם פלפל שום ובצל 200 ג' תנובה,תנובה,IL,קרם גבינת שמנת 5% טו,גרמים,200.00,100 גרם,false,,10.90,0.0545,true,1,1428149
7290014763395,false,גבינה צהובה עמק פרוס 28% 600 גרם מהדרין,תנובה מרכז שיתופי לש,IL,עמק סמי מהדרין 600 ג,גרמים,600.00,100 גרם,false,,29.90,0.0498,true,1,2228246
7290014763418,false,"כד יוגרט תנובה 4% שומן 1.5 ליטר, מהדרין",תנובה מרכז שיתופי לש,IL,יוגורט כד תנובה 4% 1,ליטרים,1.50,ליטר,false,,16.50,11.0000,true,1,1794125
7290014789913,false,עוגיות אוראו קרם בטעם וניל מארז 176 גרם,מונדלייז,UA,שלישיית עוגיות אוראו קרם,גרמים,528.00,100 גרם,false,,21.90,0.0415,true,1,1062564
7290014821064,false,כבל סנכרון אלומניום גלקסי 2 מטר,ארטוס,,כבל סינכרון אלומיניו,יח',1.00,יח',false,,29.90,29.9000,true,1,6192971
7290014855434,false,מגבונים בייביסיטר פרפורמנס מבושם רביעיה,בייביסיטר Babysitter,IL,בייביסיטר פרפורמנס מ,יח',4.00,יח',false,,14.90,3.7250,true,1,2611769
7290014855458,false,מגבוני בייביסיטר פרפורמנס ללא בישום מארז 72X4יח',בייביסיטר Babysitter,IL,בייביסיטר פרפורמנס מ,יח',72.00,יח',false,,14.90,0.2069,true,1,2611750
7290014855854,false,מגבונים לחים מועשרים בקמומיל,בייבי בייסיק,IL,מגבונים בייבי בייסיק,יח',1.00,יח',false,,10.90,10.9000,true,1,2974269
7290014860070,false,"מקלוני אורז ללא גלוטן 5 מ""מ 454גר' (אור)",ניינטי נודל קו,TH,מקלוני אורז ללא גלוט,גרמים,454.00,100 גרם,false,,9.90,0.0218,true,1,1032303
7290014860094,false,"מקלוני אורז ללא גלוטן 3מ""מ 454גר' (אור)",ניינטי נודל קו,TH,מקלוני אורז ללא גלוט,גרמים,454.00,100 גרם,false,,9.90,0.0218,true,1,1032305
7290014860155,false,מחצלת במבו שטוחה 24X24 ס'מ,גולין פנגזו,CN,מחצלת במבו שטוחה 24X,יח',1.00,יח',false,,7.70,7.7000,true,1,1032306
7290014890145,false,גבינת שמנת טבעי 225 גרם יעקובס,גבינות משק יעקבס,IL,שמנת 225 גרם,גרמים,225.00,100 גרם,false,,9.90,0.0440,true,1,3446784
7290014890152,false,גבינת שמנת זיתים 225 גרם יעקובס,גבינות משק יעקבס,IL,שמנת זיתים 225 גרם,גרמים,225.00,100 גרם,false,,9.90,0.0440,true,1,3600000
7290014890169,false,גבינת שמנת שום שמיר 225 גרם יעקובס,גבינות משק יעקבס,IL,שמנת שום שמיר 225 גר,גרמים,225.00,100 גרם,false,,9.90,0.0440,true,1,3696631
7290014890176,false,ריקוטה סגנון איטלק5% 250,מחלבת משק יעקובס,IL,ריקוטה 250 גר,יח',1.00,יח',false,,9.90,9.9000,true,1,5549507
7290014890190,false,גבינת מוצרלה כדור 100 גר,מחלבת משק יעקובס,IL,מוצרלה כדור 100 גר,יח',1.00,יח',false,,10.90,10.9000,true,1,5549508
7290014890206,false,קרם פרש 250גרם יעקוב,מחלבת משק יעקובס,IL,קרם פרש 250 גר,יח',1.00,יח',false,,14.90,14.9000,true,1,5549509
7290014890572,false,"יוגורט עיזים משק יעקבס 850 מ""ל",גבינות משק יעקבס,IL,יוגורט עיזים 850 גר,גרמים,850.00,100 גרם,false,,20.50,0.0241,true,1,6357373
7290014890589,false,"יוגורט יווני משק יעקבס 850 מ""ל",גבינות משק יעקבס,IL,יוגורט יוני 850 גר,גרמים,850.00,100 גרם,false,,19.50,0.0229,true,1,6357374
7290014901247,false,"שמפו קרטין לאחר החלקה ועיצוב בחום סטייל 750 מ""ל",א.ל. ארמן ייצור תמרו,IL,750 שמפו קרטין,מיליליטרים,750.00,"100 מ""ל",false,,24.90,0.0332,true,1,1074953
7290014901254,false,"מרכך קרטין לאחר החלקה ועיצוב בחום סטייל 750 מ""ל",א.ל ארמן ייצור תמרוק,IL,750 מרכך קרטין,מיליליטרים,750.00,"100 מ""ל",false,,24.90,0.0332,true,1,1074954
7290014901261,false,"מסכה קרטין לאחר החלקה ועיצוב בחום סטייל 500 מ""ל",א.ל ארמן ייצור תמרוק,IL,500 מסכה קרטין,מיליליטרים,500.00,"100 מ""ל",false,,27.90,0.0558,true,1,1074955
7290014901308,false,"סנסודיין משחת שיניים להגנה מלאה 75 מ""ל - סדרת פרמיום","סמית קליין ביצ'ם בע""",GB,"סנסודיין הגנה מלאה 75 מ""ל",מטרים,75.00,100 מ'ל,false,,23.90,0.3187,true,1,1094555
7290014901315,false,סנסודיין משחה הגנה מלאה אקסטרה פרש 75 מל,"סמית קליין ביצ'ם בע""",GB,סנסודיין הגנה מלאה פרש 75,100 מל,75.00,100 מל,false,,23.90,0.3187,true,1,1091105
7290014905160,false,"הפי מטהר אוויר פניני ריח בניחוחות, 130 גרם",יוליניבר,IT,מפיץ ריח פניני ריח י,גרמים,130.00,100 גרם,false,,10.90,0.0838,true,1,1055386
7290014905689,false,"נוזל כלים הפי מרוכז 24% תפוח 750 מ""ל",יעקובי הפי,IL,"הפי לכלים 24% 750 מ""",מיליליטרים,750.00,"100 מ""ל",false,,7.90,0.0105,true,1,1152020
7290014905696,false,"נוזל כלים הפי מרוכז 24% לימון 750 מ""ל",יעקובי הפי,IL,"הפי לכלים 24% 750 מ""",מיליליטרים,750.00,"100 מ""ל",false,,7.90,0.0105,true,1,1152021
7290014918009,false,דלי שטיפה+פיה,פלנרו,IL,דלי איכותי,יח',1.00,יח',false,,11.90,11.9000,true,1,1039699
7290014940901,false,לחם פשוט מלא אנג'ל 750 גרם,מאפיית שלמה א. אנג'\ל בע,IL,לחם פשוט מלא 750 אנג,גרמים,750.00,100 גרם,false,,13.90,0.0185,true,1,1184145
7290014947740,false,פריכיות כוסמת עם מלח 160 גרם,צ'ציק,,פריכיות כוסמת עם מלח,גרמים,160.00,100 גרם,false,,10.90,0.0681,true,1,1106201
7290014947757,false,"פריכיות כוסמת לל""ת מלח 160גר",,,"פריכיות כוסמת לל""ת מ",גרמים,160.00,100 גרם,false,,10.90,0.0681,true,1,1106202
7290014949744,false,"אוטן טרופי ספריי יבש 100 מ""ל",מיוצר עי קונדיטוריית,PL,אוטן טרופי ספריי יבש ל- 8,מטרים,100.00,100 מ'ל,false,,14.90,0.1490,true,1,1091950
7290014962521,false,"טפטפים משחת שיניים לילדים מגיל 2-6 50 מ""ל",כצט CTS,IL,משחת שיניים טפטפים לגילאי,מטרים,50.00,100 מ'ל,false,,10.90,0.2180,true,1,1112214
7290014962538,false,משחת שיניים ג'וניור מנטה מעודן לגילאי 6+,כצט CTS,IL,משחת שיניים טפטפים ג'וניו,מטרים,50.00,100 מ'ל,false,,10.90,0.2180,true,1,1122349
7290014975262,false,ת.כ בדיקת הריון 4 ימים לפני,,,בדיקת הריון 4 ימים ל,יח',1.00,יח',false,,29.90,29.9000,true,1,2640112
7290014975408,false,מגן תחתון שחור תשובה כנה פמינה 40 יחידות,,CN,מגן שחור תשובה כנה 4,יח',40.00,יח',false,,16.90,0.4225,true,1,3116135
7290015009003,false,מונטנייר חומץ יין לבן 500מל,מנדלז סי.אר. פרודקשן,ES,מונטנייר חומץ יין לב,מיליליטרים,500.00,"100 מ""ל",false,,13.60,0.0272,true,1,1320542
7290015009010,false,מונטנייר חומץ יין אדום 500מל,מנדלז סי.אר. פרודקשן,ES,מונטנייר חומץ יין אד,מיליליטרים,500.00,"100 מ""ל",false,,13.60,0.0272,true,1,1320543
7290015009027,false,"חומץ בלסמי 500 מ""ל ""daniel""",ר. צ'צ'יק,ES,חומץ בלסמי כשר,מיליליטרים,500.00,"100 מ""ל",false,,17.90,0.0358,true,1,1320560
7290015009041,false,"חומץ תפוחים 500 מ""ל ""daniel""",מנדלז סי.אר. פרודקשן,ES,חומץ תפוחים 500מל,מיליליטרים,500.00,"100 מ""ל",false,,13.60,0.0272,true,1,6151231
7290015014168,false,בייבי מיקס רמי לוי,,,בייבי מיקס רמי לוי,גרמים,150.00,100 גרם,false,,8.90,0.0593,true,1,3681066
7290015014182,false,לבבות קיסר בנספק רמי לוי,קטיף.,IL,לבבות קיסר בנספק רמי,יח',1.00,יח',false,,8.90,8.9000,true,1,3681132
7290015014199,false,חסה משי רמי לוי פראש,,,חסה מיקס רמי לוי,יח',1.00,יח',false,,9.90,9.9000,true,1,3681067
7290015014274,false,צנוניות רמי לוי 500ג,,,צנוניות רמי לוי 500ג,גרמים,500.00,100 גרם,false,,4.90,0.0098,true,1,1286014
7290015014427,false,אורגנו רמי לוי,,,אורגנו רמי לוי,יח',1.00,יח',false,,3.90,3.9000,true,1,3681068
7290015014458,false,מרווה רמי לוי,,,מרווה רמי לוי,יח',1.00,יח',false,,3.90,3.9000,true,1,3681069
7290015014465,false,רוזמרין רמילוי,,,רוזמרין רמילוי,יח',1.00,יח',false,,3.90,3.9000,true,1,3681070
7290015014472,false,קורנית(בוסתן),,,טימין רמי לוי,יח',1.00,יח',false,,3.90,3.9000,true,1,4653645
7290015014922,false,עגבניות שרי צהוב,,,עגבניות שרי צהוב,יח',1.00,יח',false,,9.90,9.9000,true,1,5212886
7290015037204,false,כרוב לבן קצוץ 400 גרם אוצר הארץ,קטיף.,IL,כרוב לבן 400 גרם חסל,גרמים,400.00,100 גרם,false,,11.80,0.0295,true,1,1134093
7290015037211,false,כרוב אדום קצוץ 400 גרם אוצר הארץ,קטיף.,IL,כרוב אדום 400 גרם חס,גרמים,400.00,100 גרם,false,,11.80,0.0295,true,1,1134094
7290015037228,false,קולסלאו 400 גרם אוצר הארץ,קטיף.,IL,סלט קולסלו 400 גרם ח,גרמים,400.00,100 גרם,false,,11.80,0.0295,true,1,1134134
7290015037235,false,חסה אייסברג קצוצה 300 גרם חסלט,קטיף,IL,חסה אייסברג קצוצה 30,גרמים,300.00,100 גרם,false,,12.80,0.0427,true,1,1134135
7290015037242,false,לקט ים תיכוני 350 גרם-א.הארץ,קטיף,IL,לקט ים תיכוני 350 גר,גרמים,350.00,100 גרם,false,,12.80,0.0366,true,1,1134136
7290015037266,false,שבבי גזר 400 גרם חסלט,חסלט,IL,שבבי גזר 400 גרם חסל,גרמים,400.00,100 גרם,false,,11.80,0.0295,true,1,1134137
7290015037273,false,פטרוזיליה אוצר הארץ - מהדרין,נסטלה שוויץ - רורשאך,IL,פטרוזיליה (שקית ) חס,יח',1.00,יח',false,,6.30,6.3000,true,1,1134095
7290015037280,false,כוסברה אוצר הארץ - מהדרין,ס.ר.ל פוסטל,IL,כוסברה (שקית) חסלט,יח',1.00,יח',false,,6.30,6.3000,true,1,1134096
7290015037297,false,שמיר אוצר הארץ - מהדרין,סאאדת,IL,שמיר (שקית ) חסלט,יח',1.00,יח',false,,6.30,6.3000,true,1,1134097
7290015037402,false,בצל ירוק שקית-אוצר הארץ,סאמיט,IL,בצל ירוק (שקית ) חסל,יח',1.00,יח',false,,7.30,7.3000,true,1,1134099
7290015037419,false,סלרי אמריקאי אוצר הארץ,עבאדי,IL,סלרי (שקית ) חסלט,יח',1.00,יח',false,,7.30,7.3000,true,1,1134100
7290015037426,false,עלי סלק אוצר הארץ יחידה,סאן רייז,IL,עלי סלק (שקית) חסלט,יח',1.00,יח',false,,7.30,7.3000,true,1,1134101
7290015037433,false,חסה ערבית אוצר הארץ יחיד,נסטלה קוריאה - קפה,IL,חסה ערבית (שקית ) חס,יח',1.00,יח',false,,7.30,7.3000,true,1,1134102
7290015037440,false,"כרוב לבן שלם 1 ק""ג -א. הארץ",סאסאטק,IL,כרוב לבן שלם חסלט,קילוגרמים,1.00,"ק""ג",true,,14.50,14.5000,true,1,1134103
7290015037457,false,"כרוב אדום שלם 1 ק""ג -א. הארץ",קטיף.,IL,כרוב אדום שלם חסלט,קילוגרמים,1.00,"ק""ג",true,,15.50,15.5000,true,1,1134104
7290015037488,false,"פטרוזליה כשרה יבול חו""ל",יעל ירק עלים,IL,פטרוזיליה שקית בדץ (,יח',1.00,יח',false,,6.80,6.8000,true,1,1135968
7290015037655,false,כרובית 600 גרם מהדרין אוצר הארץ י.ע.ל.,י.ש. ירקות עליים,IL,כרובית מהדרין חסלט 6,גרמים,600.00,100 גרם,false,,29.90,0.0498,true,1,6353000
7290015037662,false,ברוקולי 600 גרם מהדרין אוצר הארץ י.ע.ל.,י.ש. ירקות עליים,IL,ברוקולי מהדרין חסלט,גרמים,600.00,100 גרם,false,,29.90,0.0498,true,1,6355715
7290015037693,false,לבבות חסה במגשית חסלט,נסטלה שוויץ - רורשאך,IL,לבבות חסה במגשית חסל,יח',1.00,יח',false,,12.90,12.9000,true,1,6326104
7290015037716,false,לקט עלים צעירים -מגשית א.הארץ,נסטלה שוויץ - רורשאך,IL,לקט עלים צעירים במגש,יח',1.00,יח',false,,12.90,12.9000,true,1,6326105
7290015039055,false,"רוטב צ'ילי חריף תאילנדי וילי פוד 700 מ""ל",הנסיך- מפעל לייצור ט,TH,רוטב צ'ילי חריף תאיל,מיליליטרים,700.00,"100 מ""ל",false,,9.50,0.0136,true,1,1078452
7290015039246,false,נתחי טונה בשמן צמחי רביעיה * 160 ג' וילי פוד,וילי פוד,TH,טונה בשמן רביעייה 16,גרמים,640.00,100 גרם,false,,19.70,0.0308,true,1,1133689
7290015039253,false,עלי גפן במי מלח ויליפוד 620 גרם,קוראהן פזלרמה וי דיס,TR,עלי גפן במלח וילי פו,גרמים,620.00,100 גרם,false,,8.90,0.0144,true,1,1106749
7290015039338,false,נתחי טונה במי מלח רביעיה * 160 ג' וילי פוד,וילי פוד,TH,טונה רביעייה במים 16,גרמים,640.00,100 גרם,false,,19.70,0.0308,true,1,1133690
7290015129121,false,סקיני פסטה נודלס 270 גרם,הוויזאי וואנגייה פוד,CN,סקיני פסטה נודלס 270,גרמים,270.00,100 גרם,false,,9.90,0.0367,true,1,1240119
7290015129145,false,אטריות קונג'אק בתוספת טפיוקה בצורת ספגטי,הוויזאי וואנגייה פוד,CN,סקיני פסטה ספגטי 270,גרמים,270.00,100 גרם,false,,9.90,0.0367,true,1,1240121
7290015129749,false,סקיני פסטה שיבולת שועל נודלס 270 גרם,הוויזאי וואנגייה,CN,סקיני פסטה שיבולת שו,גרמים,270.00,100 גרם,false,,9.90,0.0367,true,1,5813036
7290015129756,false,סקיני פסטה שיבולת שועל פטוצ'יני 270 גרם,הוויזאי וואנגייה,CN,סקיני פסטה שיבולת שו,גרמים,270.00,100 גרם,false,,9.90,0.0367,true,1,4793642
7290015129763,false,סקיני פסטה שיבולת שועל פתיתים 270 גרם,הוויזאי וואנגייה,CN,סקיני פסטה שיבולת שו,גרמים,270.00,100 גרם,false,,9.90,0.0367,true,1,5813037
7290015139250,false,"שוקולד מריר פצפוצי אורז כרמית 85 גרם לל""ס","כרמית תעשיות ממתקים בע""\",IL,כרמית אגו שוקולד ופי,גרמים,85.00,100 גרם,false,,4.90,0.0576,true,1,1216641
7290015139267,false,"שוקולד מריר שקדים אורז כרמית 85 גרם לל""ס","כרמית תעשיות ממתקים בע""\",IL,כרמית אגו שוקולד ושק,גרמים,85.00,100 גרם,false,,4.90,0.0576,true,1,1216642
7290015139465,false,כרמית מיקסים בייגלה מצופה שוקולד חלב,כרמית תעשיות ממתקים בעמ,IL,כרמית מיקס בייגלה מצ,גרמים,55.00,גרם,false,,3.90,0.0709,true,1,1242050
7290015139519,false,כרמית מיקס קוביות וופל 55 גר,כרמית,IL,כרמית מיקס קוביות וו,גרמים,55.00,גרם,false,,3.90,0.0709,true,1,1242055
7290015139526,false,חופשי ופל בציפוי ומילוי שוקו ללא גלוטן כרמית 125 גרם,כרמית תעשיות ממתקים,IL,חופשי וופל בציפוי שו,גרמים,125.00,100 גרם,false,,6.90,0.0552,true,1,1284941
7290015139533,false,חופשי ופל לימון ללא ציפוי ללא גלוטן כרמית 200 גרם,"כרמית תעשיות ממתקים בע""\",IL,חופשי וופל לימון 200,גרמים,200.00,100 גרם,false,,9.90,0.0495,true,1,1284942
7290015139557,false,חופשי ופל שוקו ללא גלוטן כרמית 200 גרם,"כרמית תעשיות ממתקים בע""\",IL,אגו וופל שוקולד 200,גרמים,125.00,100 גרם,false,,6.90,0.0552,true,1,1284944
7290015150088,false,מחית עגבניות קלה גרנד איטליה 700 גרם,שוורצקוף& הנקל דיסלד,IT,מחית עגבניות 700גר,גרמים,700.00,100 גרם,false,,12.30,0.0176,true,1,1197283
7290015150118,false,שלישיית עגבניות חתוכות דק גרנד איטליה 400 גרם,אמיליאנה קונסרב ס.פ.,IT,עגבניות חתוכות דק 21,גרמים,648.00,100 גרם,false,,16.90,0.0261,true,1,1197284
7290015150361,false,תה ירוק נענע סטיביה ויסוצקי 25 יחידות,ויסוצקי ירוק,IL,תה ירוק נענע סטיביה,יח',1.00,יח',false,,22.90,22.9000,true,1,1196360
7290015150590,false,תה ירוק ג'ינג'ר חריף ויסוצקי 25 יחידות,ויסוצקי ירוק,IL,תה ירוק גינגר 25 יחי,יח',25.00,יח',false,,22.90,0.9160,true,1,1229274
7290015155823,false,מחית תפוחי עץ חטיפטף ללא תוספת סוכר,פרוטה פודיווין איי.א,CZ,פרינוק פאוץ' תפוח 12,גרמים,120.00,100 גרם,false,,5.90,0.0492,true,1,3115752
7290015155878,false,חטיף אורז אפוי לתינוקות טבעי חטיפטף 28גר,נאמצואו,TH,חטיפטף טבעי 28 גר,גרמים,28.00,100 גרם,false,,8.90,0.3179,true,1,3375796
7290015155892,false,חטיף אורז אפוי לתינוקות בננה חטיפטף 28גר,נאמצואו,TH,חטיפטף בטעם בננה 28,גרמים,28.00,100 גרם,false,,7.90,0.2821,true,1,3375836
7290015156769,false,מחית פרינוק פאוץ' תפוח ואוכמניות 120 גרם,פרוטה פודווין איי.אס,CZ,פרינוק פאוץ' תפוח וא,גרמים,120.00,100 גרם,false,,5.90,0.0492,true,1,4943504
7290015156790,false,מחית לפתן פירות חטיפטף ללא תוספת סוכר,פרוטה פודווין איי.אס,CZ,פרינוק פאוץ' לפתן פי,גרמים,120.00,100 גרם,false,,5.90,0.0492,true,1,4641479
7290015156813,false,פאוץ' מחית פירות מעורבים פרינוק 120 גרם,פרוטה פודווין איי.אס,CZ,פרינוק פאוץ' פירות מ,גרמים,120.00,100 גרם,false,,5.90,0.0492,true,1,4641480
7290015161848,false,פת פריכה אורגנית ללא גלוטן - כוסמת וקינואה 100 גרם,אקסטרודו בצ'\יצה,CZ,פת פריכה אורגנית כוס,גרמים,100.00,100 גרם,false,,12.90,0.1290,true,1,6221088
7290015161862,false,פת פריכה אורגנית ללא גלוטן - ערמונים 100 גרם,אקסטרודו בצ'\יצה,CZ,פת פריכה אורגנית ערמ,גרמים,100.00,100 גרם,false,,13.50,0.1350,true,1,6221089
7290015178266,false,אוליביה רוטב פלפלת שחורה 270 גרם,אוליביה,IL,רוטב פלפלת שחורה 270,גרמים,270.00,100 גרם,false,,13.90,0.0515,true,1,6398448
7290015181181,false,מברשת שירותים ליפסקי,,,מברשת לאסלה ראטן,יח',1.00,יח',false,,24.90,24.9000,true,1,6270648
7290015251464,false,נוזל לחיטוי פירות וירקות רמילוי 1 לי,,,נוזל לחיטוי פירות וי,100 מל,1.00,100 מל,false,,10.90,10.9000,true,1,3657550
7290015264174,false,טחינה אבן רחיים 500 גרם בדלי,General,,טחינה 500גר ממלכת הח,גרמים,500.00,100 גרם,false,,19.90,0.0398,true,1,6313940
7290015325769,false,ג'ל רחצה מועשר נקטר פרחים 750 רמילוי,,,ג'ל רחצה מועשר נקטר,מיליליטרים,750.00,"100 מ""ל",false,,7.90,0.0105,true,1,2788838
7290015325776,false,ג'ל רחצה מועשר פירות אקזוטי 750 רמילוי,,,ג'ל רחצה מועשר פירות,מיליליטרים,750.00,"100 מ""ל",false,,7.90,0.0105,true,1,2788856
7290015325783,false,ג'ל רחצה מועשר לבנדר 750 רמילוי,,,ג'ל רחצה מועשר לבנדר,מיליליטרים,750.00,"100 מ""ל",false,,7.90,0.0105,true,1,2788857
7290015325790,false,ג'ל רחצה מועשר חוחובה 750 רמילוי,,,ג'ל רחצה מועשר חוחוב,מיליליטרים,750.00,"100 מ""ל",false,,7.90,0.0105,true,1,2788839
7290015325806,false,תחליב רחצה בניחוח קקטוס 750מל רמילוי,,,תחליב רחצה בניחוח קק,מיליליטרים,750.00,"100 מ""ל",false,,7.90,0.0105,true,1,2788892
7290015325813,false,תחליב רחצה 750מל רמילוי,,,תחליב רחצה 750מל רמי,מיליליטרים,750.00,"100 מ""ל",false,,7.90,0.0105,true,1,2788893
7290015325820,false,תחליב רחצה קוקוס 750מל רמילוי,,,תחליב רחצה קוקוס 750,מיליליטרים,750.00,"100 מ""ל",false,,7.90,0.0105,true,1,2788858
7290015325837,false,תחליב רחצה פרש 750מל רמילוי,,,תחליב רחצה פרש 750מל,מיליליטרים,750.00,"100 מ""ל",false,,7.90,0.0105,true,1,2788859
7290015328722,false,האשפתון 90*78 2 גליל,,,האשפתון 78*90,20 יח',1.00,20 יח',false,,10.90,10.9000,true,1,4734155
7290015328739,false,האשפתון 75*65 2 גליל,,,האשפתון 65*75,יח',1.00,יח',false,,10.90,10.9000,true,1,4734156
7290015328791,false,נרות חנוכה צבעוניים 50 יח',,,נרות חנוכה,יח',1.00,יח',false,,1.90,1.9000,true,1,5115130
7290015328807,false,נרות חנוכה דלוקס 24 יח',,,נרות חנוכה לוקס,יח',1.00,יח',false,,3.90,3.9000,true,1,5115165
7290015339650,false,"שוקולד חלבי בד""ץ 100 גרם",אלבה שוקולד,CH,"שוקולד חלבי בד""צ",גרמים,100.00,100 גרם,false,,6.90,0.0690,true,1,1315299
7290015339698,false,דובדבנים חמוצים מגולענים בסירופ טעים,דונקליטי קונזרוון,HU,טעמן דובדבנים חמוצים,גרמים,350.00,100 גרם,false,,9.50,0.0271,true,1,1165902
7290015347457,false,קינואה שחורה יבשה מיה 400 גר',מיה תעשיות מזון מ.ת.מ. ב,IL,מיה קינואה שחורה 400,גרמים,400.00,100 גרם,false,,12.90,0.0323,true,1,1246067
7290015347464,false,מיה קינואה מעורבת 400 גרם,מיה תעשיות מזון מ.ת.מ. ב,IL,מיה קינואה מעורבת 40,גרמים,400.00,100 גרם,false,,8.90,0.0223,true,1,1246068
7290015347525,false,צ'יפס בטטה עם שום ורוזמרין מיה 100 גרם,מיה תעשיות מזון מ.ת.מ. ב,IL,ציפס בטטה עם שום ורו,גרמים,80.00,100 גרם,false,,7.90,0.0988,true,1,3080681
7290015347532,false,צ'יפס בטטה עם שמן זית ועשבי תיבול מיה 100 גרם,מיה תעשיות מזון בעמ,IL,ציפס בטטה עם שמן זית,גרמים,80.00,100 גרם,false,,7.90,0.0988,true,1,3080682
7290015347556,false,גבישי שום בצנצנת מיה 300 גרם,מיה תעשיות מזון בעמ,IL,גבישי שום 300 גר,גרמים,300.00,100 גרם,false,,24.90,0.0830,true,1,5907269
7290015347679,false,"תבלין צ'ילי גרוס 70 גר' צנצנת כשל""פ",מיה תעשיות מזון מ.ת.מ. ב,IL,צ'ילי גרוס 70ג צנצנת,גרמים,70.00,100 גרם,false,,7.90,0.1129,true,1,1316132
7290015347709,false,אגוז מוסקט טחון בצנ מיה 70 גרם,מיה תעשיות מזון מ.ת.מ. ב,IL,מוסקט טחון 70 גר צנצ,גרמים,70.00,100 גרם,false,,9.90,0.1414,true,1,1339036
7290015347785,false,סוכריות ג'לילנד לבבות 125 גר' מיה,מיה תעשיות מזון מ.ת.מ. ב,IL,סוכריות ג'לי דגים 12,גרמים,15.00,100 גרם,false,,6.90,0.4600,true,1,3009058
7290015350150,false,"יין אדום חצי יבש סגל 750 מ""ל","כרמי צבי - אחים סגל בע""\",IL,סגל אדום חצי יבש 750,מיליליטרים,750.00,"100 מ""ל",false,,21.40,0.0285,true,1,6224831
7290015354899,false,חרדל דיז'ון מעודן 350 גרם,ריין דיז'ון reine dijon,FR,חרדל דיז'ון מעודן 35,גרמים,350.00,100 גרם,false,,11.90,0.0340,true,1,4754286
7290015366663,false,"משחת שיניים מנטה עדין אקווה פרש 100 מ""ל",גלקסוסמיתקליין,SK,"אקוה פרש מנטה 100 מ""ל",מיליליטרים,100.00,"100 מ""ל",false,,5.90,0.0590,true,1,1316776
7290015366670,false,משחת שיניים הגנה משולשת מנטה מרענן,גלקסוסמיתקליין,SK,"אקוה פרש מנטה 100 מ""ל",מיליליטרים,100.00,"100 מ""ל",false,,5.90,0.0590,true,1,1316777
7290015366717,false,"מסיכה לשיער ארגן קוקוס סטייל 500 מ""ל",א.ל ארמן יצור תמרוקים,IL,סטייל מסיכה ארגן 500,מיליליטרים,500.00,"100 מ""ל",false,,27.90,0.0558,true,1,1312575
7290015437431,false,רכז רימונים 100% טבעי 420 גר,AROMA PRODUCT ITD,GE,רכז רימונים 100% טבע,גרמים,420.00,100 גרם,false,,18.90,0.0450,true,1,6189809
7290015470094,false,טוסו שוקולד מריר תפוז ללא סוכר 100גרם,אלטינמארקה,TR,טוסו שוקולד מריר תפו,גרמים,100.00,100 גרם,false,,8.90,0.0890,true,1,1775582
7290015484305,false,קלין מסיר עובש 750 מל,,,קלין מסיר עובש 750 מ,מטרים,750.00,100 מ'ל,false,,9.90,0.0132,true,1,6426302
7290015519144,false,מטען קיר מיקרו פרימי,ארטוס,,מטען קיר מיקרו פרימי,יח',1.00,יח',false,,39.90,39.9000,true,1,6349699
7290015568289,false,כוס טרמית TO GO,,,כוס טרמית TO GO,יח',1.00,יח',false,,14.90,14.9000,true,1,1250852
7290015597210,false,טילון קורונטו עם וופל ואגוזי לוז מסוכרים,"גלידת שטראוס בע""\מ, רחוב",IL,טילון קורנטו פרווה ט,גרמים,300.00,100 גרם,false,,25.90,0.0863,true,1,4219455
7290015599023,false,VEGA צהובה טבעונית בטעם קלאסי 200 גרם,וגה מוצרים טבעוניים VEGA,GR,צהובה טבעונית בטעם ק,גרמים,200.00,100 גרם,false,,23.70,0.1185,true,1,6232370
7290015599061,false,VEGA צהובה טבעונית בטעם מוצרלה 200 גרם,וגה מוצרים טבעוניים VEGA,GR,צהובה טבעונית בטעם מ,גרמים,200.00,100 גרם,false,,23.70,0.1185,true,1,6232373
7290015599078,false,פרוסות צהובה טבעונית בתוספת עשבי תיבול,וגה מוצרים טבעוניים VEGA,GR,צהובה טבעונית ע.תיבו,גרמים,200.00,100 גרם,false,,23.70,0.1185,true,1,6232374
7290015599504,false,VEGA ממרח בטעם חמאה אורגני 225 גרם,גוד פוד פרודקטס S.p,DK,ממרח טעם חמאה אורגני,גרמים,225.00,100 גרם,false,,17.80,0.0791,true,1,6232379
7290015603188,false,אטריות ביצים 454ג' (כ) (fu),פוגיאן לונגהי אנלידה אינ,CN,אטריות ביצים 454ג' (,גרמים,454.00,100 גרם,false,,9.90,0.0218,true,1,1253857
7290015603195,false,איטריות בתוספת תרד 454 גרם,פוגיאן לונגהי אנלידה אינ,CN,אטריות עם תרד 454ג',גרמים,454.00,100 גרם,false,,9.90,0.0218,true,1,1202483
7290015603201,false,אטריות מחיטה מלאה 454ג' (כ) (fu),קסמיאן קסינגשנג פודסטטפס,CN,אטריות מחיטה מלאה 45,גרמים,454.00,100 גרם,false,,10.40,0.0229,true,1,1223213
7290015603225,false,איטריות בתוספת גזר 454 גרם,פוגקן לונגהי אנלידה,CN,אטריות עם גזר 454ג',גרמים,454.00,100 גרם,false,,10.40,0.0229,true,1,1888372
7290015603232,false,איטריות בתוספת דלעת 454 גרם,פוגקן לונגהי אנלידה,CN,אטריות עם דלעת 454ג',גרמים,454.00,100 גרם,false,,10.90,0.0240,true,1,1888373
7290015603522,false,"נוזל אגוזי קוקוס 5%-7% 400 מ""ל",אסי אטיק גרו אינדוסט,TH,נוזל אגוזי קוקוס 5-7,מיליליטרים,400.00,"100 מ""ל",false,,5.80,0.0145,true,1,1247085
7290015603546,false,שימורי קרם קוקוס 17-19% 400 מל ASIATIC,אסיאטיק אגרו אינדסטר,TH,שימורי קרם קוקוס 400,מיליליטרים,400.00,"100 מ""ל",false,,8.50,0.0213,true,1,5054197
7290015603560,false,"שימורי קרם קוקוס 20-22% 400 מ""ל (ASIATIC)(כ)",אסיאטיק אגרו אינדוסטרי,TH,שימורי קרם קוקוס 20-,מיליליטרים,400.00,"100 מ""ל",false,,9.60,0.0240,true,1,1247086
7290015603584,false,ג'ינגר לבן כבוש ללא מונוסודיום 160 גרם (כ),לאיווי איפנג פודס קו,CN,ג'ינגר לבן כבוש ללא,גרמים,160.00,100 גרם,false,,7.70,0.0481,true,1,1299148
7290015603591,false,גינגר ורוד כבוש ללא מונוסודיום 160 גרם,ננטונג הידה אקוטיק פ,CN,גינגר ורוד 160 גרם,גרמים,160.00,100 גרם,false,,6.90,0.0431,true,1,3504976
7290015603638,false,"אורז קלרוז 1 ק""ג (כ) (Minh)",מינה פונג גרין אגריק,VN,"אורז קלרוז 1 ק""ג (כ)",גרמים,1000.00,100 גרם,false,,11.50,0.0115,true,1,1250802
7290015644297,false,שישיית לחמניות פשוט מלא אנג'ל 450 גרם,מאפיית שלמה א. אנג'\ל בע,IL,לחמניות פשוט מלא 6 י,גרמים,75.00,100 גרם,false,,10.90,0.1453,true,1,2701782
7290015644426,false,"לחם צרפתי חיטה מלאה ודגנים 600 גרם ""אנג'ל""",מאפיית שלמה א. אנג'\ל בע,IL,לחם צרפתי חיטה מלאה,גרמים,600.00,100 גרם,false,,16.90,0.0282,true,1,1407532
7290015644433,false,לחם מחמצת 100% שיפון קל אנג'ל 600 גרם,מאפיית שלמה א. אנג'\ל בע,IL,לחם צרפתי שיפון 100%,גרמים,650.00,100 גרם,false,,16.90,0.0260,true,1,1407533
7290015681070,false,אובלטים שומשום רמי לוי 300 גרם,רמי לוי,IL,אובלטים שומשום רמי ל,גרמים,300.00,100 גרם,false,,9.90,0.0330,true,1,1223159
7290015681087,false,אובלטים קימל רמי לוי 300 גרם,רמי לוי,IL,אובלטים קימל רמי לוי,גרמים,300.00,100 גרם,false,,9.90,0.0330,true,1,1223160
7290015681100,false,שניצלונים בציפוי שומשום רמי לוי 600 גרם,רמי לוי,IL,שניצלונים בציפוי שומ,גרמים,600.00,100 גרם,false,,23.90,0.0398,true,1,1234359
7290015681117,false,חטיפי עוף רמי לוי 60,רמי לוי,IL,חטיפי עוף רמי לוי 60,גרמים,600.00,100 גרם,false,,23.90,0.0398,true,1,1234360
7290015681131,false,שניצלוני גן חיות רמי לוי 600 גרם,רמי לוי,IL,שניצלוני גן חיות רמי,גרמים,600.00,100 גרם,false,,23.90,0.0398,true,1,1234361
7290015681148,false,נגיסי תירס רמי לוי 750 גרם,רמי לוי,IL,נגיסי תירס רמי לוי 7,גרמים,750.00,100 גרם,false,,19.90,0.0265,true,1,1223296
7290015681155,false,כוכבי תירס רמי לוי 600 גרם,רמי לוי,IL,כוכבי תירס רמי לוי 6,גרמים,600.00,100 גרם,false,,16.90,0.0282,true,1,1223297
7290015681162,false,שניצל תירס רמי לוי 750 גרם,רמי לוי,IL,שניצל תירס רמי לוי 7,גרמים,750.00,100 גרם,false,,19.90,0.0265,true,1,1223298
7290015681186,false,שניצל עוף אמיתי עם שומשום רמי לוי 700 גרם,רמי לוי,IL,שניצל עוף אמיתי עם ש,גרמים,700.00,100 גרם,false,,27.90,0.0399,true,1,1223300
7290015681209,false,רצועות הודו רמי לוי 650 גרם,רמי לוי,IL,רצועות הודו רמי לוי,גרמים,650.00,100 גרם,false,,29.90,0.0460,true,1,1223302
7290015681247,false,פילה עוף אמיתי בציפוי שומשום רמי לוי 700 גרם,רמי לוי,IL,פילה עוף אמיתי בציפו,גרמים,700.00,100 גרם,false,,34.90,0.0499,true,1,1223306
7290015681254,false,זיתים מרוקאי 600 ג ר,רמי לוי,IL,זיתים מרוקאי 600 ג ר,גרמים,600.00,100 גרם,false,,21.90,0.0365,true,1,1223461
7290015681261,false,זיתים סורי 600 גרם ר,רמי לוי,IL,זיתים סורי 600 גרם ר,גרמים,600.00,100 גרם,false,,14.90,0.0248,true,1,1223462
7290015681278,false,זיתים סנטה גדול 600 ג רמי לוי,רמי לוי,IL,זיתים סנטה גדול 600,גרמים,600.00,100 גרם,false,,14.90,0.0248,true,1,1223463
7290015681285,false,זיתים קלמטה 600 ג רמי לוי,משק משפחת ג'השאן,IL,זיתים קלמטה 600 ג רמ,גרמים,600.00,100 גרם,false,,19.90,0.0332,true,1,1223464
7290015681445,false,קפסולות קפה קפוצינו רמי לוי,אספרסו,IT,קפסולות קפה קפוצינו,יח',1.00,יח',false,,7.80,7.8000,true,1,1720453
7290015681469,false,קפסולות קפה מקיאטו,אספרסו,IT,קפסולות קפה מקיאטו,יח',1.00,יח',false,,7.80,7.8000,true,1,1720455
7290015681476,false,קפסולות קפה אספרסו רמי לוי,אספרסו,IT,קפסולות קפה אספרסו ר,10 יח',1.00,10 יח',false,,7.80,7.8000,true,1,1720456
7290015681483,false,קפסולות קפה אספרסו חזק רמי לוי,אספרסו,IT,קפסולות קפה אספרסו ח,יח',1.00,יח',false,,7.80,7.8000,true,1,1720457
7290015681735,false,מיזלי צימוקים תפוח רמי לוי 400 גרם,דין שיווק,,מיזלי צימוקים תפוח ר,גרמים,400.00,100 גרם,false,,10.40,0.0260,true,1,1222561
7290015681759,false,מיזלי פירות רמי לוי,רמי לוי,,מיזלי פירות רמי לוי,גרמים,400.00,100 גרם,false,,10.40,0.0260,true,1,1222563
7290015681766,false,חטיפי גרנולה אגוזים ושקדים רמי לוי,ויטלה ניקולא דו,MK,חטיפי גרנולה אגוזים,גרמים,175.00,100 גרם,false,,8.90,0.0509,true,1,1222564
7290015681773,false,קינואה רמי לוי 400 גרם,דין שיווק,,קינואה רמי לוי 400 ג,גרמים,400.00,100 גרם,false,,9.90,0.0248,true,1,1220185
7290015681780,false,גרנולה פירות רמי לוי 400 גרם,רמי לוי,,גרנולה פירות רמי לוי,גרמים,400.00,100 גרם,false,,10.40,0.0260,true,1,1222565
7290015681810,false,גרנולה פירות רמי לוי 800 גרם,רמי לוי,,גרנולה פירות רמי לוי,גרמים,800.00,100 גרם,false,,17.90,0.0224,true,1,1222566
7290015681872,false,חטיפי גרנולה צימוקים ותמרים רמי לוי,ויטלה ניקולא דו,MK,חטיפי גרנולה צימוקים,גרמים,175.00,100 גרם,false,,8.90,0.0509,true,1,1222569
7290015733427,false,דייסת מטרנה גם וגם וניל פרו 300 גר',מולינו ניקולי s.p.a,IL,מטרנה דייסת גם וגם ו,יח',1.00,יח',false,,17.90,17.9000,true,1,6215365
7290015733441,false,דייסת מטנה גם וגם דגנים פרו 300 גרם,מטרנה תעשיות ש.מ,IL,מטרנה דייסת גם וגם ד,גרמים,300.00,100 גרם,false,,17.90,0.0597,true,1,6215366
7290015733939,false,"תרכובת מזון A.R על בסיס חלבי בתוספת עמילן תפו""א ותירס",מטרנה תעשיות ש.מ.,IL,מטרנה אקסטרה קר 700,גרמים,700.00,100 גרם,false,,76.90,0.1099,true,1,6277771
7290015733977,false,תרכובת מזון קומפורט על בסיס חלבי דל לקטוז,מטרנה תעשיות ש.מ.,IL,מטרנה קומפורט 700 גר,גרמים,700.00,100 גרם,false,,59.90,0.0856,true,1,6290137
7290015781008,false,"יין VISION מרלו אדום טפרברג 750 מ""ל","יקב טפרברג 1870 בע""מ",IL,מרלו ויז'יון 750 מ'',מיליליטרים,750.00,"100 מ""ל",false,,38.90,0.0519,true,1,1205246
7290015781015,false,"יין VISION מלבק טפרברג 750 מ""ל","יקב טפרברג 1870 בע""מ",IL,מלבק ויז'יון 750 מ'',מיליליטרים,750.00,"100 מ""ל",false,,38.90,0.0519,true,1,1205247
7290015781046,false,"יין VISION לבן חצי יבש טפרברג 750 מ""ל","יקב טפרברג 1870 בע""מ",IL,יין לבן חצי יבש ויזו,מיליליטרים,750.00,"100 מ""ל",false,,38.90,0.0519,true,1,1212109
7290015781053,false,"יין VISION לבן יבש טפרברג 750 מ""ל","יקב טפרברג 1870 בע""מ",IL,לבן יבש ויז'יון,מיליליטרים,750.00,"100 מ""ל",false,,38.90,0.0519,true,1,1205248
7290015781091,false,"יין VISION קברנה סוביניון טפרברג 750 מ""ל","יקב טפרברג 1870 בע""מ",IL,קברנה סובניון ויז'יו,מיליליטרים,750.00,"100 מ""ל",false,,38.90,0.0519,true,1,1205249
7290015781107,false,"יין סנג'ובזה 750 מ""ל IMPRESSION","יקב טפרברג 1870 בע""מ",IL,סנגובזה אימפרשן 750,מיליליטרים,750.00,"100 מ""ל",false,,39.90,0.0532,true,1,1205250
7290015781114,false,"יין IMPRESSION מרלו טפרברג 750 מ""ל","יקב טפרברג 1870 בע""מ",IL,מרלו אימפרשן 750 מ'',מיליליטרים,750.00,"100 מ""ל",false,,39.90,0.0532,true,1,1205251
7290015781121,false,"יין IMPRESSION קברנה סוביניון יבש טפרברג 750 מ""ל","יקב טפרברג 1870 בע""מ",IL,קברנה סובניון אימפרש,מיליליטרים,750.00,"100 מ""ל",false,,39.90,0.0532,true,1,1205252
7290015781145,false,ריזלינג בציר מאוחר אימפרשן 500 מ''ל,"יקב טפרברג 1870 בע""מ",IL,ריזלינג בציר מאוחר א,מיליליטרים,500.00,"100 מ""ל",false,,39.90,0.0798,true,1,1205254
7290015781152,false,"יין IMPRESSION רוזה טפרברג 750 מ""ל","יקב טפרברג 1870 בע""מ",IL,רוזה אימפרשן 750 מ'',מיליליטרים,750.00,"100 מ""ל",false,,39.90,0.0532,true,1,1205255
7290015781169,false,"יין IMPRESSION קברנה סוביניון חצי יבש טפרברג 750 מ""ל","יקב טפרברג 1870 בע""מ",IL,אדום חצי יבש אימפרשן,מיליליטרים,750.00,"100 מ""ל",false,,39.90,0.0532,true,1,1205256
7290015781282,false,"יין IMPRESSION גוורצטרמינר טפרברג 750 מ""ל",יקב טפרברג 1870,IL,גוורצטרמינר אימפרשן,מיליליטרים,750.00,"100 מ""ל",false,,39.90,0.0532,true,1,1205259
7290015781299,false,"יין VISION שיראז אדום טפרברג 750 מ""ל","יקב טפרברג 1870 בע""מ",IL,שיראז ויז'יון 750 מ',מיליליטרים,750.00,"100 מ""ל",false,,38.90,0.0519,true,1,1205260
7290015781305,false,"יין אימפרשן סירה 750 מ""ל","יקב טפרברג 1870 בע""מ",IL,סירה אימפרשן 750 מ'',מיליליטרים,750.00,"100 מ""ל",false,,39.90,0.0532,true,1,1205261
7290015781657,false,"יין אלגרו למברוסקו רוזה, 750 מ""ל",יקב טפרברג 1870 בעמ,IL,למברוסקו רוזה,מיליליטרים,750.00,"100 מ""ל",false,,34.90,0.0465,true,1,4089425
7290015781664,false,יין אלגרו למבורסקו ל,יקב טפרברג 1870 בעמ,IL,אלגרו למברוסקו לבן,מיליליטרים,750.00,"100 מ""ל",false,,34.90,0.0465,true,1,4089426
7290015804899,false,תירס 800 ג,,,תירס 800 ג,גרמים,800.00,100 גרם,false,,8.70,0.0109,true,1,2055684
7290015804905,false,אפונה 800 ג רמילוי,,,אפונה 800 ג רמילוי,גרמים,800.00,100 גרם,false,,8.70,0.0109,true,1,2055685
7290015804912,false,אפונה וגזר 800 ג רמי לוי,,,אפונה וגזר 800 ג רמי,גרמים,800.00,100 גרם,false,,8.70,0.0109,true,1,2055686
7290015804929,false,שעועית ירוקה חתוכה 800 ג רמילוי,,,שעועית ירוקה חתוכה 8,גרמים,800.00,100 גרם,false,,8.70,0.0109,true,1,2055687
7290015804936,false,שעועית צהובה חתוכה 800 גר רמילוי,,,שעועית צהובה חתוכה 8,גרמים,800.00,100 גרם,false,,8.70,0.0109,true,1,2055688
7290015804943,false,שעועית ירוקה שלמה 800 גר רמילוי,,,שעועית ירוקה שלמה 80,גרמים,800.00,100 גרם,false,,9.20,0.0115,true,1,2055689
7290015804950,false,פול ירוק 800 גר רמילוי,,,פול ירוק 800 גר רמיל,גרמים,800.00,100 גרם,false,,10.90,0.0136,true,1,2055690
7290015804967,false,ברוקולי מוקפא 800 גר רמילוי,,,ברוקולי מוקפא 800 גר,גרמים,800.00,100 גרם,false,,16.90,0.0211,true,1,2055691
7290015804981,false,תחתיות ארטישוק מוקפאות 400 גר רמילוי,,,תחתיות ארטישוק מוקפא,גרמים,400.00,100 גרם,false,,8.90,0.0223,true,1,2055693
7290015804998,false,במיה מוקפאות 600 גר רמילוי,,,במיה מוקפאות 600 גר,גרמים,600.00,100 גרם,false,,8.30,0.0138,true,1,2055694
7290015834100,false,"ג'ין לוקסרדו דובדבנים חמוצים- איטליה 700 מ""ל",רמי לוי,,ג'ין לוקסרדו דובדבני,גרמים,350.00,100 גרם,false,,9.30,0.0266,true,1,1275121
7290015834162,false,"קמח לבן רמי לוי 1 ק""ג",רמי לוי,IL,"קמח לבן רמי לוי 1 ק""",יח',1.00,יח',false,,3.90,3.9000,true,1,1223014
7290015834186,false,"קמח תופח רמי לוי 1 ק""ג",רמי לוי,IL,קמח תופח רמי לוי 1 ק,יח',1.00,יח',false,,4.90,4.9000,true,1,1223015
7290015834193,false,"סולת חיטה רמי לוי 1 ק""ג",רמי לוי,IL,סולת חיטה רמי לוי 1,קילוגרמים,1.00,"ק""ג",false,,3.90,3.9000,true,1,1223016
7290015834209,false,"ציפס קלאסי רמי לוי 2 ק""ג",קפוא-זן,BE,ציפס קלאסי רמי לוי 2,קילוגרמים,2.00,"ק""ג",false,,22.90,11.4500,true,1,1223307
7290015834216,false,רמי לוי - ציפס 800 ג,קפוא-זן,BE,ציפס קלאסי 800 גרם,גרמים,800.00,100 גרם,false,,9.90,0.0124,true,1,1223308
7290015834223,false,פרורי לחם מוזהבים רמי לוי 200 גרם,רמי לוי,ES,פרורי לחם מוזהבים רמ,גרמים,200.00,100 גרם,false,,3.50,0.0175,true,1,1223164
7290015834230,false,קוסקוס דק רמי לוי 350 גרם,רמי לוי,IL,קוסקוס דק רמי לוי 35,גרמים,350.00,100 גרם,false,,4.50,0.0129,true,1,1223424
7290015834285,false,פתיתים אורז רמי לוי 500 גרם,רמי לוי,IL,פתיתים אורז רמי לוי,גרמים,500.00,100 גרם,false,,4.50,0.0090,true,1,1223427
7290015834292,false,פתיתים קוסקוס רמי לוי 500 גרם,רמי לוי,IL,פתיתים קוסקוס רמי לו,גרמים,500.00,100 גרם,false,,4.50,0.0090,true,1,1223428
7290015834315,false,"דבש טהור רמי לוי 1 ק""ג",עמק חפר,RO,דבש טהור רמי לוי 1 ק,יח',1.00,יח',false,,34.90,34.9000,true,1,1223500
7290015834339,false,דבש בצנצנת רמי לוי 350 גרם,דבש עמק חפר,RO,דבש בצנצנת רמי לוי 3,גרמים,350.00,100 גרם,false,,15.90,0.0454,true,1,1223501
7290015834445,false,"ציפס סטיק רמי לוי 2 ק""ג",קפוא-זן,BE,ציפס סטיק רמי לוי 2,קילוגרמים,2.00,"ק""ג",false,,22.90,11.4500,true,1,1223309
7290015834469,false,פרוסות דקל רמי לוי 220 גרם,טעמן,,פרוסות דקל רמי לוי 2,גרמים,220.00,100 גרם,false,,7.90,0.0359,true,1,1275124
7290015834483,false,דבש לחיץ רמי לוי 250 גרם,רמי לוי,IL,דבש לחיץ רמי לוי 250,גרמים,250.00,100 גרם,false,,12.90,0.0516,true,1,1222062
7290015834902,false,מלפפון בחומץ 13-17 ר,רמי לוי,IL,מלפפון בחומץ 13-17 ר,גרמים,290.00,100 גרם,false,,8.50,0.0293,true,1,1223468
7290015834988,false,פרורי לחם לבנים רמי לוי 200 גרם,רמי לוי,ES,פרורי לחם לבנים רמי,גרמים,200.00,100 גרם,false,,3.50,0.0175,true,1,1247408
7290015835039,false,כריות יפניות עבות רמי לוי 6 יח,רמי לוי,,כריות יפניות עבות רמ,100 יח',6.00,100 יח',false,,7.50,1.2500,true,1,1223535
7290015835046,false,כריות יפניות רמי לוי 9 יח,,,כריות יפניות רמי לוי,100 יח',9.00,100 יח',false,,8.60,0.9556,true,1,1303484
7290015835053,false,כריות קרצוף ארוכות רמי לוי,רמי לוי,,כריות קרצוף ארוכות ר,100 יח',1.00,100 יח',false,,7.50,7.5000,true,1,1223536
7290015835060,false,כריות קרצוף רמי לוי 10 יח,רמי לוי,,כריות קרצוף רמי לוי,100 יח',10.00,100 יח',false,,5.10,0.5100,true,1,1223537
7290015835077,false,ברזלית צילינדר רמי לוי 4 יח רמי לוי,פלסטו פוליש,IL,ברזלית צילינדר רמי ל,100 יח',4.00,100 יח',false,,7.90,1.9750,true,1,1223538
7290015835084,false,ספוג פלא לניקוי רמי לוי 6 יח,רמי לוי,,ספוג פלא לניקוי רמי,100 יח',6.00,100 יח',false,,7.50,1.2500,true,1,1223539
7290015835091,false,כריות יפניות רמי לוי 4 יח,רמי לוי,,כריות יפניות רמי לוי,100 יח',4.00,100 יח',false,,7.50,1.8750,true,1,1223540
7290015835107,false,צמר פלדה רמי לוי 350 גרם,רמי לוי,,צמר פלדה רמי לוי 350,גרמים,350.00,100 גרם,false,,8.90,0.0254,true,1,1223541
7290015835114,false,צמר פלדה רמי לוי 100 גרם,רמי לוי,,צמר פלדה רמי לוי 100,גרמים,100.00,100 גרם,false,,2.90,0.0290,true,1,1223542
7290015835121,false,מטליות רמי לוי 9 יח,רמי לוי,,מטליות רמי לוי 9 יח,יח',9.00,יח',false,,7.90,0.8778,true,1,1223543
7290015835138,false,פרורי לחם לבנים 400 גרם רמי לוי,רמי לוי,ES,פרורי לחם לבנים 400,גרמים,400.00,100 גרם,false,,4.90,0.0123,true,1,1223165
7290015835183,false,מטליות מיקרופייבר רביעייה רמי לוי,פלסטו פוליש,CN,מטליות מיקרופייבר רב,יח',4.00,יח',false,,7.50,1.8750,true,1,1223548
7290015835206,false,מטלית מיקרופייבר רמי לוי 50*80,פלסטו פוליש,CN,מטלית מיקרופייבר רמי,יח',1.00,יח',false,,7.50,7.5000,true,1,1223550
7290015835237,false,פרורי לחם מוזהבים רמי לוי 400 גרם,רמי לוי,ES,פרורי לחם מוזהבים רמ,גרמים,400.00,100 גרם,false,,4.90,0.0123,true,1,1223166
7290015835411,false,גרנולה אגוזים רמי לוי 400 גרם,רמי לוי,,גרנולה אגוזים רמי לו,גרמים,400.00,100 גרם,false,,10.40,0.0260,true,1,1222572
7290015835428,false,מוזלי פירות רמי לוי 800 גרם,דין שיווק,,מוזלי פירות רמי לוי,גרמים,800.00,100 גרם,false,,14.90,0.0186,true,1,1222573
7290015835435,false,מוזלי אגוזים רמי לוי 400 גרם,רמי לוי,,מוזלי אגוזים רמי לוי,גרמים,400.00,100 גרם,false,,10.40,0.0260,true,1,1222574
7290015835466,false,פרורי לחם גריל 200גר רמי לוי,רמי לוי,ES,פרורי לחם גריל 200גר,גרמים,200.00,100 גרם,false,,3.50,0.0175,true,1,1247409
7290015835510,false,קנלוני רמי לוי 250 גרם,פסטיפיציו,IT,קנלוני רמי לוי 250 ג,גרמים,250.00,100 גרם,false,,7.90,0.0316,true,1,1223477
7290015835527,false,לזניה רמי לוי 500 גרם,פסטיפיציו,IT,לזניה רמי לוי 500 גר,גרמים,500.00,100 גרם,false,,11.90,0.0238,true,1,1536633
7290015835572,false,פרורי לחם שומשום 200גר רמי לוי,רמי לוי,ES,פרורי לחם שומשום 200,גרמים,200.00,100 גרם,false,,3.50,0.0175,true,1,1223167
7290015835633,false,"וופל טעם שוקולד רמי לוי 1 ק""ג",,,וופל טעם שוקולד רמי,קילוגרמים,1.00,"ק""ג",false,,16.90,16.9000,true,1,1299678
7290015835640,false,וופל טעם שוקולד רמי לוי 300 גרם,מנעמים,IL,וופל טעם שוקולד רמי,גרמים,300.00,100 גרם,false,,4.50,0.0150,true,1,1299679
7290015835756,false,שיבולת שועל דק רמי לוי 500 גרם,רמי לוי,,שיבולת שועל דק רמי ל,גרמים,500.00,100 גרם,false,,4.50,0.0090,true,1,1220186
7290015835763,false,שיבולת שועל עבה רמי לוי 500 גרם,רמי לוי,,שיבולת שועל עבה רמי,גרמים,500.00,100 גרם,false,,4.50,0.0090,true,1,1220187
7290015835817,false,אטריות דקיקות 400 גרם רמי לוי,רמי לוי,,אטריות דקיקות 400 גר,גרמים,400.00,100 גרם,false,,4.50,0.0113,true,1,1223041
7290015835824,false,אטריות דקות 400 גרם רמי לוי,רמי לוי,,אטריות דקות 400 גרם,גרמים,400.00,100 גרם,false,,4.50,0.0113,true,1,1223042
7290015835930,false,מגבות נייר רמי לוי 8 יח,רמי לוי,,מגבות נייר רמי לוי 8,יח',1.00,יח',false,,13.50,13.5000,true,1,1217290
7290015835947,false,נייר טואלט רמי לוי 40 יח,רמי לוי,,נייר טואלט רמי לוי 4,יח',1.00,יח',false,,35.90,35.9000,true,1,1217291
7290015835954,false,מפיות נייר רמי לוי 100 יח,רמי לוי,,מפיות נייר רמי לוי 1,יח',1.00,יח',false,,4.90,4.9000,true,1,1217292
7290015835978,false,ממחטות מארז חמישייה רמי לוי,רמי לוי,,ממחטות מארז חמישייה,יח',1.00,יח',false,,11.80,11.8000,true,1,1217293
7290015855228,false,אספרגוס א.אדמה,אדמה,,אספרגוס א.אדמה,גרמים,230.00,100 גרם,false,,27.90,0.1213,true,1,1284103
7290015856331,false,קרם קרקר חיטה מלאה 2,,,קרם קרקר חיטה מלאה 2,גרמים,250.00,100 גרם,false,,6.90,0.0276,true,1,4736411
7290015856355,false,קרקר 110 גרם רמי לוי,,,קרקר 110 גרם רמי לוי,גרמים,110.00,100 גרם,false,,2.30,0.0209,true,1,4704624
7290015856362,false,קרקר 110 גרם רמי לוי,,,קרקר 110 גרם רמי לוי,גרמים,110.00,100 גרם,false,,2.30,0.0209,true,1,4704625
7290015856423,false,קרקר עם בצל 110ג רמילוי,,,קרקר עם בצל 110ג רמי,גרמים,110.00,100 גרם,false,,2.30,0.0209,true,1,4858557
7290015856430,false,דגדגים 200גר רמי לוי,,,דגדגים 200גר רמי לוי,גרמים,200.00,100 גרם,false,,4.50,0.0225,true,1,4962966
7290015856874,false,"ביסקוויט הדר קסטה 1 ק""ג",אפיפית נצרת תעשיות ב,IL,"בסקויט קסטה 1 ק""ג",גרמים,1000.00,100 גרם,false,,17.80,0.0178,true,1,6300007
7290015856973,false,פתי בר ללא סוכר 150 גר הדר וניל,הדר,IL,"ביסקוויט וניל ללת""ס",גרמים,150.00,100 גרם,false,,5.80,0.0387,true,1,6374574
7290015858106,false,"ממרח פסטו ביתי 180 גרם ""עללחם""","מדשא תעשיות מזון בע""\מ",IL,עללחם פסטו ביתי 180ג,גרמים,180.00,100 גרם,false,,15.90,0.0883,true,1,5660479
7290015858113,false,"ממרח עגבניות מיובשות 180 גרם ""טריטרי""","מדשא תעשיות מזון בע""\מ",IL,עללחם ממרח עגבניות מ,גרמים,180.00,100 גרם,false,,15.90,0.0883,true,1,5660480
7290015858144,false,ממרח ארטישוק עללחם 180 גרם,"מדשא תעשיות מזון בע""\מ",IL,עללחם ממרח ארטישוק 1,גרמים,180.00,100 גרם,false,,15.90,0.0883,true,1,5660481
7290015858229,false,"טפנד זיתי קלמטה 180 גרם ""עללחם""","מדשא תעשיות מזון בע""\מ",IL,עללחם טפנד זיתי קלמט,גרמים,180.00,100 גרם,false,,15.90,0.0883,true,1,5660484
7290015858328,false,עללחם ממרח איולי פסטו 295 גרם,"מדשא תעשיות מזון בע""\מ",IL,איולי פסטו עללחם 295,גרמים,295.00,100 גרם,false,,12.90,0.0437,true,1,6436399
7290015858441,false,עללחם ממרח איולי פלפלים 295 גרם,"מדשא תעשיות מזון בע""\מ",IL,איולי פלפלים עללחם 2,גרמים,295.00,100 גרם,false,,12.90,0.0437,true,1,6436400
7290015858687,false,עללחם ממרח איולי שום 295 גרם,"מדשא תעשיות מזון בע""\מ",IL,איולי שום עללחם 295,גרמים,295.00,100 גרם,false,,12.90,0.0437,true,1,6436401
7290015872096,false,חומוס סלטי שמיר 700 גרם,"סלטי שמיר 2006 בע""מ",IL,חומוס אסלי 700גר,גרמים,700.00,100 גרם,false,,9.90,0.0141,true,1,6436070
7290015888196,false,שמן חמניות שוקחה 1 ל,"אל אל סי ""בונגי סי א",RU,שמן חמניות 1ליטר 15,ליטרים,1.00,ליטר,false,,12.70,12.7000,true,1,6278593
7290015888301,false,שמן חמניות שוקחה 3 ל,אל אל סי פרייקלוטניא,FR,שמן חמניות 3 ליטר X,ליטרים,3.00,ליטר,false,,36.50,12.1667,true,1,6278594
7290015899109,false,תרסיס מבריק רהיטים רמילוי 300 מל,,,תרסיס מבריק רהיטים ר,מיליליטרים,300.00,"100 מ""ל",false,,8.90,0.0297,true,1,3717752
7290015899215,false,אקונומיקה ללא בישום רמי לוי 4 ליטר,רמי לוי,IL,אקונומיקה ללא בישום,ליטרים,4.00,ליטר,false,,8.90,2.2250,true,1,1220406
7290015899222,false,אקונומיקה מבושמת סמיכה רמי לוי 4 ליטר,רמי לוי,IL,אקונומיקה מבושמת סמי,ליטרים,4.00,ליטר,false,,9.90,2.4750,true,1,1220407
7290015899239,false,אקונומיקה מבושמת רמי לוי 4 ליטר,רמי לוי,IL,אקונומיקה מבושמת רמי,ליטרים,4.00,ליטר,false,,9.90,2.4750,true,1,1220408
7290015899246,false,מרכך צהוב רמי לוי 4 ליטר,רמי לוי,IL,מרכך צהוב רמי לוי 4,ליטרים,4.00,ליטר,false,,15.90,3.9750,true,1,1220294
7290015899253,false,מרכך כביסה ורוד רמי לוי 4 ליטר,רמי לוי,IL,מרכך כביסה ורוד רמי,ליטרים,4.00,ליטר,false,,15.90,3.9750,true,1,1220295
7290015899260,false,מרכך כביסה לבן רמי לוי 4 ליטר,רמי לוי,IL,מרכך כביסה לבן רמי ל,ליטרים,4.00,ליטר,false,,15.90,3.9750,true,1,1220296
7290015899277,false,מרכך כביסה כחול רמי לוי 4 ליטר,רמי לוי,IL,מרכך כביסה כחול רמי,ליטרים,4.00,ליטר,false,,15.90,3.9750,true,1,1220297
7290015899291,false,מרכך מרוכז צהוב רמי לוי 1 ליטר,רמי לוי,IL,מרכך מרוכז צהוב רמי,ליטרים,1.00,ליטר,false,,9.50,9.5000,true,1,1220299
7290015899307,false,מרכך מרוכז ורוד רמי לוי 1 ליטר,רמי לוי,IL,מרכך מרוכז ורוד רמי,ליטרים,1.00,ליטר,false,,9.50,9.5000,true,1,1220300
7290015899314,false,מרכך מרוכז לבן רמי לוי 1 ליטר,רמי לוי,IL,מרכך מרוכז לבן רמי ל,ליטרים,1.00,ליטר,false,,9.50,9.5000,true,1,1220301
7290015899338,false,"מבשם כביסה לבן רמי לוי 500 מ""ל",רמי לוי,IL,מבשם כביסה לבן רמי ל,מיליליטרים,500.00,"100 מ""ל",false,,10.90,0.0218,true,1,1220303
7290015899345,false,"מבשם כביסה ורוד רמי לוי 500 מ""ל",רמי לוי,IL,מבשם כביסה ורוד רמי,מיליליטרים,500.00,"100 מ""ל",false,,10.90,0.0218,true,1,1220304
7290015899352,false,"מבשם כביסה כחול רמי לוי 500 מ""ל",רמי לוי,IL,מבשם כביסה כחול רמי,מיליליטרים,500.00,"100 מ""ל",false,,10.90,0.0218,true,1,1220409
7290015899406,false,נוזל רצפות כחול רמי לוי 4 ליטר,רמי לוי,IL,נוזל רצפות כחול רמי,ליטרים,4.00,ליטר,false,,11.90,2.9750,true,1,1220305
7290015899413,false,נוזל רצפות ורוד רמי לוי 4 ליטר,רמי לוי,IL,נוזל רצפות ורוד רמי,ליטרים,4.00,ליטר,false,,11.90,2.9750,true,1,1220306
7290015899420,false,נוזל רצפות סגול רמי לוי 4 ליטר,רמי לוי,IL,נוזל רצפות סגול רמי,ליטרים,4.00,ליטר,false,,11.90,2.9750,true,1,1220307
7290015899437,false,נוזל רצפות ירוק רמי לוי 4 ליטר,רמי לוי,IL,נוזל רצפות ירוק רמי,ליטרים,4.00,ליטר,false,,11.90,2.9750,true,1,1220308
7290015899475,false,מילוי למטהר אויר אוטמטי 250 מל,,,מילוי למטהר אויר אוט,יח',1.00,יח',false,,8.90,8.9000,true,1,6246244
7290015899482,false,מילוי למטהר אויר אוטמטי 250 מל,,,מילוי למטהר אויר אוט,יח',1.00,יח',false,,8.90,8.9000,true,1,6246245
7290015899499,false,מילוי למטהר אויר אוטמטי 250 מל,,,מילוי למטהר אויר אוט,יח',1.00,יח',false,,8.90,8.9000,true,1,6246246
7290015951227,false,"יין גמלא השמורה סירה 2021 750 מ""ל",מיוצר וממולא על ידי יקב,IL,גמלא סירה 2017 750מל,מיליליטרים,750.00,"100 מ""ל",false,,61.90,0.0825,true,1,6268016
7290015994064,false,"בורגול רמי לוי 1 ק""ג",רמי לוי,IL,"בורגול רמי לוי 1 ק""ג",גרמים,1000.00,100 גרם,false,,6.30,0.0063,true,1,1223363
7290015994071,false,"גרישה רמי לוי 1 ק""ג",רמי לוי,IL,"גרישה רמי לוי 1 ק""ג",גרמים,1000.00,100 גרם,false,,6.90,0.0069,true,1,1223364
7290015994095,false,"חומוס גדול רמי לוי 1 ק""ג",סוגת,IL,חומוס גדול רמי לוי 1,גרמים,1000.00,100 גרם,false,,12.90,0.0129,true,1,1223366
7290015994118,false,"חיטה רמי לוי 1 ק""ג",רמי לוי,IL,"חיטה רמי לוי 1 ק""ג",גרמים,1000.00,100 גרם,false,,5.90,0.0059,true,1,1223368
7290015994125,false,"כוסמת רמי לוי 1 ק""ג",רמי לוי,IL,"כוסמת רמי לוי 1 ק""ג",גרמים,1000.00,100 גרם,false,,9.90,0.0099,true,1,1223369
7290015994132,false,"עדשים אדומות רמי לוי 1 ק""ג",רמי לוי,IL,עדשים אדומות רמי לוי,גרמים,1000.00,100 גרם,false,,11.90,0.0119,true,1,1223370
7290015994149,false,"פופקורן רמי לוי 1 ק""ג",רמי לוי,IL,"פופקורן רמי לוי 1 ק""",גרמים,1000.00,100 גרם,false,,9.20,0.0092,true,1,1223371
7290015994156,false,"שעועית לבנה רמי לוי 1 ק""ג",רמי לוי,IL,שעועית לבנה רמי לוי,גרמים,1000.00,100 גרם,false,,12.90,0.0129,true,1,1223372
7290015994767,false,"אפונה רמי לוי 1 ק""ג",רמי לוי,IL,"אפונה רמי לוי 1 ק""ג",גרמים,1000.00,100 גרם,false,,6.90,0.0069,true,1,1286128
7290015994774,false,"חומוס לבן ענק רמי לוי 1 ק""ג",רמי לוי,IL,חומוס לבן ענק רמי לו,100 קילו,1.00,100 קילו,false,,17.90,17.9000,true,1,1286129
7290015994781,false,"עדשים ירוקות רמי לוי 1 ק""ג",רמי לוי,IL,עדשים ירוקות רמי לוי,גרמים,1000.00,100 גרם,false,,11.90,0.0119,true,1,1286130
7290015994811,false,"מסיר שומנים מרסס רמי לוי 750מ""ל",קומפלקס,IL,מסיר שומנים מרסס רמי,מיליליטרים,750.00,"100 מ""ל",false,,9.90,0.0132,true,1,1265852
7290015994835,false,רהיט ספריי 750 רמי לוי,קומפלקס,IL,רהיט ספריי 750 רמי ל,מיליליטרים,750.00,"100 מ""ל",false,,13.00,0.0173,true,1,1265854
7290016006339,false,מים מינרלים - מארז רביעייה,"מופק ממקור בזלתי עדן ,1",IL,מי עדן רביעייה 1 לי,ליטרים,4.00,ליטר,false,,9.90,2.4750,true,1,1511656
7290016006346,false,שוופס סודה 0.5 ליטר מארז שישייה,יפאורה שותפות מובגלת לשיווק,IL,שוופס סודה שישייה 50,ליטרים,3.00,ליטר,false,,13.90,4.6333,true,1,1338998
7290016035025,false,לחם פשתן 450 גרם (טרי) דל פחמימות,מאפית ביכורים,IL,לחם פשתן 450 גר,גרמים,450.00,100 גרם,false,,24.70,0.0549,true,1,5374042
7290016077759,false,רוטב ברביקיו קלאסי היינץ 480 גרם,היינץ Heinz,NL,רוטב בקביקיו קלאסי ה,גרמים,480.00,100 גרם,false,,16.90,0.0352,true,1,3639337
7290016087116,false,רוטב עגב.לפסטה מרוקאי240,פריניר,IL,פריניר רוטב מרוקאי 2,גרמים,240.00,100 גרם,false,,4.90,0.0204,true,1,3188653
7290016087123,false,רוטב מתובל לפסטה בסגנון קלאסי פריניר 240 גרם,פריניר,IL,פריניר רוטב פסטה קלא,גרמים,240.00,100 גרם,false,,4.90,0.0204,true,1,3188654
7290016087192,false,עגבניות מרוסקות מרוכזות פריניר 230 גרם,פריניר ( הדס 1987) ב,IL,פריניר מרוסקות 230 ג,גרמים,230.00,100 גרם,false,,4.90,0.0213,true,1,3435171
7290016087215,false,עגבניות מרוסקות מרוכזות ושום 230 גרם פריניר,פריניר ( הדס 1987) ב,IL,פריניר מרוסקות שום 2,גרמים,230.00,100 גרם,false,,4.90,0.0213,true,1,3435173
7290016087475,false,עגבניות מרוסקות דק 400 גר,,,עגבניות מרוסקות דק 4,גרמים,400.00,100 גרם,false,,3.50,0.0088,true,1,6280209
7290016087499,false,עגבניות חתוכות מארז 400X3ג' אריזות ירושלים,פריניר ) הדס (1987 בעמ,IL,פריניר עגב' חתוך דק,גרמים,720.00,100 גרם,false,,11.80,0.0164,true,1,5018456
7290016087543,false,זיתים ירוקים נטולי גלעין,פריניר,IL,זיתים ירוקים נטולי ג,גרמים,200.00,100 גרם,false,,4.90,0.0245,true,1,6354231
7290016087550,false,מלפפונים במלח קטנים מאוד 8-12,"פריניר(הדס 1987) בע""",IL,מלפפונים במלח קטנים,גרמים,200.00,100 גרם,false,,4.90,0.0245,true,1,6354232
7290016104271,false,ריבת חלב בצנצנת 20% חלב,פוליבה,IL,ריבת חלב 340 גרם,גרמים,340.00,100 גרם,false,,12.70,0.0374,true,1,1389646
7290016106411,false,פרוסות מנגו 425 גרם בסירופ קל,לונגהי גואנגפה פוד ב,IL,פרוסות מנגו בסירופ 4,גרמים,425.00,100 גרם,false,,6.90,0.0162,true,1,3139701
7290016117363,false,ברזלית צילינדר 5יח רמילוי,,,ברזלית צילינדר 5יח ר,יח',1.00,יח',false,,8.90,8.9000,true,1,6113701
7290016117370,false,נקי לשבת WOW רמילוי,,,נקי לשבת WOW רמילוי,יח',1.00,יח',false,,6.90,6.9000,true,1,6200837
7290016132564,false,צלחת פלסטיק שטוחה,,,צלחת שטוחה,יח',1.00,יח',false,,3.90,3.9000,true,1,6407685
7290016132571,false,צלחת פלסטיק עמוקה,,,צלחת עמוקה,יח',1.00,יח',false,,3.90,3.9000,true,1,6442547
7290016136227,false,סבון ידיים תה ירוק 2 ליטר,,,סבון ידיים תה ירוק 2,יח',1.00,יח',false,,15.90,15.9000,true,1,1768018
7290016136234,false,סבון ידיים תה אדום 2 ליטר,,,סבון ידיים תה אדום 2,יח',1.00,יח',false,,15.90,15.9000,true,1,1768019
7290016136692,false,משחת שיניים הגנה משולשת מנטה מרענן- שלישייה,גלקסוסמיתקליין,SK,אקווה פרש שלישיה מנט,מטרים,100.00,100 מ'ל,false,,16.90,0.1690,true,1,1662339
7290016136708,false,משחת שיניים הגנה משולשת מנטה עדין- שלישייה,גלקסוסמיתקליין,SK,אקווה פרש שלישיה עדי,מיליליטרים,300.00,"100 מ""ל",false,,16.90,0.0563,true,1,1662340
7290016144000,false,"קמח חיטה מלאה נפלאות 80% 1 ק""ג","קמח מלכים בע""\מ",IL,קמח חיטה מלאה 80% 1ק,יח',1.00,יח',false,,9.70,9.7000,true,1,5679592
7290016144017,false,"קמח מלא נפלאות 100% ללא ניפוי 1 ק""ג",קמח מלכים,IL,קמח חיטה מלאה 100%,יח',1.00,יח',false,,9.70,9.7000,true,1,5679593
7290016144031,false,קמח חיטה לבן מנופה נפלאות,קמח מלכים,IL,קמח חיטה לבן מנופה,יח',1.00,יח',false,,6.90,6.9000,true,1,5679595
7290016144048,false,"קמח כוסמין לבן נפלאות 1 ק""ג","קמח מלכים בע""מ",IL,קמח כוסמין לבן,יח',1.00,יח',false,,16.90,16.9000,true,1,5679596
7290016144055,false,קמח כוסמין בהיר 80%-נפלאות,קמח מלכים,IL,קמח כוסמין 80%,יח',1.00,יח',false,,14.90,14.9000,true,1,5679597
7290016144062,false,"קמח שיפון מלא נפלאות, 1 ק""ג",קמח מלכים,IL,קמח שיפון מלא 1קג,גרמים,1000.00,100 גרם,false,,8.90,0.0089,true,1,6399633
7290016144079,false,"קמח חיטה כפרי נפלאות 1 ק""ג",קמח מלכים,IL,קמח חיטה כפרי 1קג,גרמים,1000.00,100 גרם,false,,8.90,0.0089,true,1,6399634
7290016144086,false,נפלאות קמח חלה מנופה 1 ק”ג,קמח מלכים,IL,נפלאות קמח חלה מנופה,גרמים,1000.00,100 גרם,false,,6.90,0.0069,true,1,6399635
7290016144093,false,נפלאות קמח לחם לבן מנופה 1 ק”ג,קמח מלכים,IL,נפלאות קמח לחם לבן מ,גרמים,1000.00,100 גרם,false,,6.90,0.0069,true,1,6399636
7290016144109,false,קמח פיצה מנופה נפלאות 1קג,קמח מלכים,IL,קמח פיצה מנופה נפלאו,גרמים,1000.00,100 גרם,false,,14.90,0.0149,true,1,6399637
7290016144116,false,"קמח תופח נפלאות, 1 ק""ג",קמח מלכים,IL,קמח תופח נפלאות 1קג,גרמים,1000.00,100 גרם,false,,8.90,0.0089,true,1,6399638
7290016150117,false,סלק אדום מקולף ומבושל500,ג'ואבג'י יואייבי,LE,סלק וואקום,גרמים,500.00,100 גרם,false,,5.90,0.0118,true,1,1472963
7290016162219,false,כדורי שוקולד קוקוס קפולסקי 280 גר',תופינים מקבוצת קפולסקי,IL,כדורי שוקולד פרווה 2,גרמים,280.00,100 גרם,false,,29.90,0.1068,true,1,1314440
7290016162264,false,עוגת גבינה רנסנס קפולסקי 450 גרם,קפולסקי שיווק וקמעונ,IL,עוגת גבינה רנסנס 450,גרמים,450.00,100 גרם,false,,35.90,0.0798,true,1,1314442
7290016188585,false,"למברוסקו רוזה ג'קובזי כרמל 750 מ""ל",יקב גאקובזי,IT,למברוסקו רוזה יקבי כ,מיליליטרים,750.00,"100 מ""ל",false,,23.80,0.0317,true,1,1285094
7290016188592,false,GIACOBAZZI למברוסקו אדום חצי יבש יקבי כרמל,"כד בני דרום בע""מ",IT,למברוסקו אדום יקבי כ,מיליליטרים,750.00,"100 מ""ל",false,,23.80,0.0317,true,1,1285095
7290016188608,false,GIACOBAZZI למברוסקו לבן חצי יבש יקבי כרמל,יקב גאקובזי,IT,למברוסקו לבן יקבי כר,מיליליטרים,750.00,"100 מ""ל",false,,23.80,0.0317,true,1,1285096
7290016197488,false,מטליות מיקרופייבר למשטחים ניקול 3יח',חוגלה קימברלי,CN,מטלית קסם לשיש שלישי,יח',3.00,יח',false,,9.90,3.3000,true,1,1316186
7290016197495,false,ניקול זוג מטליות הקסם מיקרופייבר לרצפה,חוגלה קימברלי,CN,מטלית קסם לרצפה זוג,יח',2.00,יח',false,,15.60,7.8000,true,1,1316187
7290016233254,false,עגבניות מיובשות בשמן חמניות במגשית 250ג',סנטו גידה,TR,עגב. מיובש קצוץ במגש,גרמים,250.00,100 גרם,false,,8.90,0.0356,true,1,5316702
7290016233995,false,שימורי אנשובי עם שמן זית 45 ג' תומר,אינוורסינס פריסקו,PE,אנשובי פח עם שמן זית,גרמים,45.00,100 גרם,false,,5.50,0.1222,true,1,4967859
7290016245608,false,ביכורים לחם משפחתי ש,,,לחם משפחתי שחור 1.1ק,גרמים,1100.00,100 גרם,false,,19.90,0.0181,true,1,6421551
7290016245653,false,לחם שיפון קל חצי משפחתי 550 גרם,"ביכורים מזון ומאפה בע""\מ",IL,לחם שיפון קל חצי משפ,גרמים,550.00,100 גרם,false,,17.90,0.0325,true,1,6421525
7290016245806,false,לחמניות המבוגר כוסמין4יח,"ביכורים מזון ומאפה בע""\מ",IL,לחמניות המבורגר מארז,גרמים,450.00,100 גרם,false,,16.70,0.0371,true,1,6421554
7290016246018,false,בארכה מיקס פינוקיות חלבה 10*20 גרם.,"רושדי תעשיות מזון בע""\מ",IL,בארכה מיקס פינוקיות,גרמים,200.00,100 גרם,false,,11.90,0.0595,true,1,1318411
7290016246025,false,בארכה מיקס פינוקיות חלבה ללא סוכר 10*20ג,"רושדי תעשיות מזון בע""\מ",IL,בארכה מיקס פינוקיות,גרמים,200.00,100 גרם,false,,11.90,0.0595,true,1,1318436
7290016246209,false,"חטיף חלבה וניל 100 גרם ""בארכה""","רושדי תעשיות מזון בע""\מ",IL,בארכה חטיף חלבה וניל,גרמים,100.00,100 גרם,false,,3.80,0.0380,true,1,2505950
7290016246445,false,בארכה טחינה גולמית מעודנת שומשום מלא 310 גם,"רושדי תעשיות מזון בע""\מ",IL,טחינה שומשום מלא באר,גרמים,310.00,100 גרם,false,,10.50,0.0339,true,1,5068323
7290016246452,false,בארכה טחינה גולמית מעודנת שום לימון 310 גרם,רושדי תעשיות מזון בע,IL,טחינה עם לימון ושום,גרמים,310.00,100 גרם,false,,10.90,0.0352,true,1,5068324
7290016246490,false,בארכה חלבה קלאסית 400 גרם,רושדי תעשיות מזון בע,IL,חלבה קלאסית 400 גרם,יח',1.00,יח',false,,10.90,10.9000,true,1,6277291
7290016255324,false,פותח סתימות 1לי רמי לוי,,,פותח סתימות 1לי רמי,100 קילו,100.00,100 קילו,false,,12.90,0.1290,true,1,3915084
7290016255737,false,מרכך כביסה סגול רמילוי 4 ליט,,,מרכך כביסה סגול רמיל,ליטרים,4.00,ליטר,false,,15.90,3.9750,true,1,3562005
7290016255744,false,מרכך כביסה ירוק רמילוי 4 ליט,,,מרכך כביסה ירוק רמיל,ליטרים,4.00,ליטר,false,,15.90,3.9750,true,1,3562006
7290016255812,false,מסיר אבנית 1ליטר רמי לוי,,,מסיר אבנית 1ליטר רמי,ליטרים,1.00,ליטר,false,,10.90,10.9000,true,1,3561782
7290016270709,false,עגבניות שרי אשכולות,ביכורי השקמה,IL,עגבניות שרי 460 ג,גרמים,460.00,100 גרם,false,,7.90,0.0172,true,1,2247052
7290016272017,false,זיתים ירוקים מנזלינו גדול 340 גר,,,זיתים ירוקים מנזלינו,גרמים,340.00,100 גרם,false,,7.50,0.0221,true,1,2122616
7290016272031,false,חרוזית ירוק ללא גלעין 275 גר רמי לוי,,,חרוזית ירוק ללא גלעי,גרמים,275.00,100 גרם,false,,7.90,0.0287,true,1,2122618
7290016272048,false,טבעות זיתים ירוקים 275 גר רמי לוי,,,טבעות זיתים ירוקים 2,גרמים,275.00,100 גרם,false,,7.90,0.0287,true,1,2122619
7290016272055,false,טבעות מושחר 275 גר,,,טבעות מושחר 275 גר,גרמים,275.00,100 גרם,false,,7.50,0.0273,true,1,2122620
7290016272062,false,חרוזית שחור 275 גרם רמי לוי,,,חרוזית שחור 275 גרם,גרמים,275.00,100 גרם,false,,7.50,0.0273,true,1,2122621
7290016272079,false,מבוקע פיקנטי 340 גר,,,מבוקע פיקנטי 340 גר,גרמים,340.00,100 גרם,false,,7.50,0.0221,true,1,2122622
7290016272147,false,ביסקויט חצי מצופה רמי לוי,הדר,IL,ביסקויט חצי מצופה רמ,גרמים,175.00,100 גרם,false,,5.50,0.0314,true,1,1624578
7290016272154,false,ביסקויט מתוק גן חיות רמי לוי 200 גרם,הדר,IL,ביסקויט מתוק גן חיות,גרמים,200.00,100 גרם,false,,3.50,0.0175,true,1,1624579
7290016272161,false,קרם קרקר רמי לוי 250 גרם,הדר,IL,קרם קרקר רמי לוי 250,גרמים,250.00,100 גרם,false,,6.90,0.0276,true,1,1624580
7290016272178,false,עוגיות שוקוצ'יפס רמי לוי 150 גרם,,,עוגיות שוקוצ'יפס רמי,גרמים,150.00,100 גרם,false,,5.50,0.0367,true,1,1502895
7290016272444,false,"מסיר כתמים רמי לוי 750 מ""ל",קומפלקס,IL,מסיר כתמים רמי לוי 7,מיליליטרים,750.00,"100 מ""ל",false,,9.90,0.0132,true,1,1728022
7290016272468,false,גביעי גלידה אמריקאי,גילרו,IL,גביעי גלידה אמריקאי,100 יח',24.00,100 יח',false,,6.90,0.2875,true,1,1479497
7290016272475,false,גביעי גלידה מגולגלים רמי לוי 12 יח,גילרו,IL,גביעי גלידה מגולגלים,גרמים,132.00,100 גרם,false,,7.90,0.0598,true,1,1479498
7290016272482,false,גביעי גלידה רמי לוי 30 יח,גילרו,IL,גביעי גלידה רמי לוי,גרמים,115.00,100 גרם,false,,6.50,0.0565,true,1,1479499
7290016272499,false,וופלים בלגי רמי לוי 200 גרם,גילרו,IL,וופלים בלגי רמי לוי,גרמים,200.00,100 גרם,false,,2.90,0.0145,true,1,1479500
7290016272505,false,וופלים בלגי לימון רמי לוי 200 גרם,גילרו,IL,וופלים בלגי לימון רמ,גרמים,200.00,100 גרם,false,,2.90,0.0145,true,1,1479501
7290016272512,false,"וופל בלגי שוקו לל""ס רמי לוי 200 גרם",גילרו,IL,"וופל בלגי שוקו לל""ס",גרמים,200.00,100 גרם,false,,5.90,0.0295,true,1,1479502
7290016272796,false,נייר טואלט רמי לוי 30 יח,,,נייר טואלט רמי לוי 3,יח',30.00,יח',false,,26.90,0.8967,true,1,1582983
7290016272802,false,מגבות נייר רמי לוי 6,,,מגבות רמי לוי 6 יח,יח',6.00,יח',false,,9.90,1.6500,true,1,1582984
7290016272819,false,צמר גפן רמי לוי 100,,,צמר גפן 100 גר,גרמים,100.00,100 גרם,false,,5.10,0.0510,true,1,1804551
7290016272826,false,צמר גפן כדורים צבעוני,,,צמר גפן כדורים צבעונ,יח',1.00,יח',false,,5.10,5.1000,true,1,1804552
7290016272833,false,פדים קוסמטיים 80 יח,,,פדים קוסמטיים 80 יח,יח',80.00,יח',false,,5.90,0.0738,true,1,1804553
7290016272949,false,בקבוק לתינוק מארז שלישייה,,,בקבוק לתינוק מארז של,יח',1.00,יח',false,,16.90,16.9000,true,1,2027982
7290016273021,false,דקדקים שטוח שומשום לבן 200ג רמילוי,,,דקדקים שטוח שומשום ל,גרמים,200.00,100 גרם,false,,6.50,0.0325,true,1,3172025
7290016273090,false,סוכריה על מקל בטעם תות בננה 31 גרם,אוריגינל גורמה,US,סוכריה על מקל 31 גר,גרמים,100.00,100 גרם,false,,4.90,0.0490,true,1,5203622
7290016273182,false,ציפס אמריקאי רמי לוי,,,ציפס אמריקאי רמי לוי,קילוגרמים,1.50,"ק""ג",false,,18.90,12.6000,true,1,3593906
7290016273397,false,קרוטונים אפויים לסלט 400 גר רמילוי,,,קרוטונים אפויים לסלט,גרמים,400.00,100 גרם,false,,10.90,0.0273,true,1,3416904
7290016273526,false,פריכיות דקות אורז מלא וכוסמת 100גר רמילוי,,,פריכיות דקות אורז מל,גרמים,100.00,100 גרם,false,,6.50,0.0650,true,1,3324750
7290016273533,false,פריכיות דקות אורז מלא וקצח 100גר רמילוי,,,פריכיות דקות אורז מל,גרמים,100.00,100 גרם,false,,6.50,0.0650,true,1,3324768
7290016273588,false,פלפל קלוי 400 גרם רמי לוי,,,פלפל קלוי 400 גרם רמ,גרמים,400.00,100 גרם,false,,9.90,0.0248,true,1,3521674
7290016273601,false,דבש לחיץ 500 גר רמי לוי,,,דבש לחיץ 500 גר רמי,גרמים,500.00,100 גרם,false,,23.90,0.0478,true,1,3216212
7290016273687,false,מלפפון חמוץ ביתי 310גר רמילוי,,,מלפפון חמוץ ביתי 310,גרמים,310.00,100 גרם,false,,7.90,0.0255,true,1,3789036
7290016273694,false,נר נשמה זכוכית 48 שעות,,,נר נשמה זכוכית 48 שע,יח',1.00,יח',false,,3.90,3.9000,true,1,3371566
7290016273700,false,נר נשמה זכוכית 72 שעות,,,נר נשמה זכוכית 72 שע,יח',1.00,יח',false,,4.70,4.7000,true,1,3371567
7290016273915,false,פת קרקר מחיטה מלאה 340גר רמי לוי,,,פת קרקר מחיטה מלאה 3,גרמים,340.00,100 גרם,false,,9.90,0.0291,true,1,3967167
7290016273922,false,פת קרקר 7 דגנים 340גר רמי לוי,,,פת קרקר 7 דגנים 340ג,גרמים,340.00,100 גרם,false,,9.90,0.0291,true,1,3967168
7290016273939,false,פת קרקר סגנון שוודי 340גר רמי לוי,,,פת קרקר סגנון שוודי,גרמים,340.00,100 גרם,false,,9.90,0.0291,true,1,3967169
7290016277890,false,מעדן פרי תות רמי לוי 284 גר,,,מעדן פרי תות רמי לוי,גרמים,284.00,100 גרם,false,,8.90,0.0313,true,1,2055635
7290016277913,false,מעדן פרי דובדבן רמי לוי 284 גר,,,מעדן פרי דובדבן רמי,גרמים,284.00,100 גרם,false,,8.90,0.0313,true,1,2055637
7290016277937,false,מעדן פרי משמש רמי לוי 284 גר,,,מעדן פרי משמש רמי לו,גרמים,284.00,100 גרם,false,,8.90,0.0313,true,1,2055639
7290016277944,false,מעדן פרי שזיף רמי לוי 284 גר,,,מעדן פרי שזיף רמי לו,גרמים,284.00,100 גרם,false,,8.90,0.0313,true,1,2055640
7290016277951,false,מעדן פרי פירות רמי לוי 284 גר,,,מעדן פרי פירות רמי ל,גרמים,284.00,100 גרם,false,,8.90,0.0313,true,1,2055641
7290016302042,false,מארז רביעיית סנדוויץ,,,מארז 4לחמניות פרנה,יח',1.00,יח',false,,11.90,11.9000,true,1,6319287
7290016302059,false,מארז לחמניות פרנה ביס 10 יח',פרנה בייקרי,,מארז 10 לחמניות ביס,גרמים,350.00,100 גרם,false,,11.90,0.0340,true,1,6319288
7290016319194,false,טוסו עוגיות סנדוויץ שוקו במילוי קרם וניל *זוג* 300 גרם,אפיפית,IL,טוסו עוגיות סנדוויץ,גרמים,300.00,100 גרם,false,,16.90,0.0563,true,1,6226272
7290016319200,false,טוסו עוגיות סנדוויץ' אוראו במילוי קרם וניל *זוג* 300 גרם,אפיפית,IL,מארז עוגיות אוראו,יח',1.00,יח',false,,16.90,16.9000,true,1,6229039
7290016319309,false,סבון נוזלי מאסק קלאסי+משאבה פמלי 1 ל,הנסיך- מפעל לייצור ט,IL,פמלי פרלי 1ליטר מאסק,ליטרים,1.00,ליטר,false,,10.80,10.8000,true,1,1775585
7290016320343,false,"דאק נוזל ג'ל לניקוי מתקדם בניחות לבנדר זוג * 750 מ""ל",אס. סי. ג'\ונסון מידרכט,NL,דאק ג'ל נוזל * 750זו,מיליליטרים,750.00,"100 מ""ל",false,,16.90,0.0225,true,1,3639343
7290016321319,false,סבון נוזלי בניחוח אשכליות אדומה 1 ל' פמלי,אינטרקוסמא,TR,פמלי אל סבון אשכולית,מטרים,1000.00,100 מ'ל,false,,9.90,0.0099,true,1,6337958
7290016321326,false,סבון נוזלי בניחוח מנדרינה ולואיזה + משאבה 1 ל' פמלי,אינטרקוסמא,TR,פמלי אל סבון מנדרין,מטרים,1000.00,100 מ'ל,false,,9.90,0.0099,true,1,6337959
7290016321661,false,פרש וואנס SENSITIVE מגבונים ללא בישום רביעייה 72 יחידות,עלבד משואות יצחק,IL,פרש וואנס רביעיה סנס,יח',4.00,יח',false,,15.80,3.9500,true,1,5682866
7290016321678,false,מגבונים לחים בניחוח מרענן עם תמציות קמומיל ואלוורה,עלבד משואות יצחק,IL,פרש וואנס רביעיה נטו,יח',4.00,יח',false,,15.80,3.9500,true,1,5682867
7290016321883,false,פרשוואנס נייר טואלט מתכלה לילדים -מארז שלישייה,עלבד משואות יצחק בעמ,IL,פרש וואנס נייר טואלט,יח',1.00,יח',false,,12.90,12.9000,true,1,5932727
7290016321890,false,פרשוואנס נייר טואלט מתכלה למבוגרים -מארז שלישייה,עלבד משואות יצחק בעמ,IL,פרש וואנס מתכלת 1/3,יח',1.00,יח',false,,12.90,12.9000,true,1,5932728
7290016329308,false,"ד""ר פישר - סרקל קרם רוזמרין לשיער מתולתל 325 מ""ל",פישר מעבדות פרמצבטיות בע,IL,סרקל קרם רוזמרין לשי,מיליליטרים,325.00,"100 מ""ל",false,,24.90,0.0766,true,1,2397733
7290016329315,false,סרקל ספריי מתיר קשרים לילדים לשיער מתולתל,פישר מעבדות פרמצבטיות בע,IL,סרקל ספריי מתיר קשרי,מיליליטרים,300.00,"100 מ""ל",false,,29.90,0.0997,true,1,2333796
7290016334036,false,עירית רמי לוי,,,עירית רמי לוי,יח',1.00,יח',false,,3.90,3.9000,true,1,3681071
7290016334050,false,סלרי חתוך,,,סלרי חתוך,יח',1.00,יח',false,,5.90,5.9000,true,1,1286015
7290016334098,false,פאק צ'וי זוג רמי לוי,,,באק צ'וי זוג רמי לוי,גרמים,100.00,100 גרם,false,,11.90,0.1190,true,1,5493054
7290016334166,false,לוף רגיל ארוז ליח,,,לוף רגיל ארוז,יח',1.00,יח',false,,5.90,5.9000,true,1,3681133
7290016334173,false,פלפל טינקרבל ארוז,קטיף.,IL,פלפלונים רמי לוי,יח',1.00,יח',false,,8.90,8.9000,true,1,2209052
7290016334180,false,מלפפון בייבי רמי לוי,,,מלפפון בייבי רמי לוי,יח',1.00,יח',false,,8.90,8.9000,true,1,2209053
7290016334296,false,ברוקולי ארוז מגשית,,,ברוקולי רמי לוי,יח',1.00,יח',false,,8.90,8.9000,true,1,2209054
7290016334388,false,פלפל צ'ילי רמי לוי,קטיף.,IL,פלפל צ'ילי רמי לוי,יח',1.00,יח',false,,5.90,5.9000,true,1,3892620
7290016334395,false,שיבה רמי לוי,,,שיבה רמי לוי,יח',1.00,יח',false,,4.90,4.9000,true,1,2032998
7290016334456,false,בזיליקום רמי לוי,,,בזיליקום רמי לוי,יח',1.00,יח',false,,3.90,3.9000,true,1,3681072
7290016334500,false,לבבות חסה זוגות בשקי,,,זוג לבבות חסה,יח',1.00,יח',false,,8.90,8.9000,true,1,2795726
7290016334814,false,חסה סלנובה רמי לוי,,,חסה סלנובה רמי לוי,יח',1.00,יח',false,,9.90,9.9000,true,1,5054055
7290016334883,false,עגבניות שרי תמר,,,עגבניות שרי תמר,יח',1.00,יח',false,,9.90,9.9000,true,1,5212887
7290016334890,false,עגבניות שרי ליקופן,,,עגבניות שרי ליקופן,יח',1.00,יח',false,,9.90,9.9000,true,1,5212888
7290016334906,false,עגבניות שרי מיקס,,,עגבניות שרי מיקס,יח',1.00,יח',false,,13.80,13.8000,true,1,5212889
7290016372373,false,רסק עגבניות ללא תוספת סוכר ומלח - מארז זוג,גרנד איטליה Grand Italia,IT,רוטב עגבניות 280 גר,גרמים,280.00,100 גרם,false,,6.80,0.0243,true,1,3363301
7290016372397,false,"תה ויסוצקי ירוק תפוז,ג'ינגר וכורכום 25 יח'",ויסוצקי ירוק,IL,תה ירוק תפוז גינג'ר,יח',25.00,יח',false,,22.90,0.9160,true,1,3363243
7290016372458,false,חליטת לימונית ולואיזה הגן הקסום ויסוצקי 50 יחידות,תה ויסוצקי,IL,הגן הקסום לימונית ול,יח',50.00,יח',false,,27.30,0.5460,true,1,3363245
7290016372489,false,חליטת פירות וצמחים ג'ינג'ר ולימון - אפקט הג'ינג'ר,תה ויסוצקי,IL,חליטת ג'ינגר ולימון,יח',25.00,יח',false,,16.90,0.6760,true,1,3363304
7290016372496,false,חליטת פירות וצמחים בטעם ג'ינג'ר ודבש -אפקט הג'ינג'ר,תה ויסוצקי,IL,חליטת ג'ינגר ודבש 2,יחידו,25.00,יחידו,false,,16.90,0.6760,true,1,3363264
7290016373035,false,ליצ'י שלם מקולף 567 גרם בסירופ קל,,IL,ליצ'י שלם מקולף 567,גרמים,567.00,100 גרם,false,,10.70,0.0189,true,1,2791918
7290016373776,false,טופי ממולא בטעם פירות טרופיים 500 גרם,פסין.אס.איי.,BR,טופי ממולא טעם פירות,גרמים,250.00,100 גרם,false,,15.90,0.0636,true,1,6202607
7290016408119,false,טרליני כעכים בטעם קלאסי 225 גר' - בדץ,אפוליה פוד,IT,טרליני כעכים 225 גר,גרמים,225.00,100 גרם,false,,6.50,0.0289,true,1,1679085
7290016408133,false,טרליני כעכים בטעם בצל וזיתים 225 גר' - בדץ,אפוליה פוד,IT,טרליני כעכים 225 גר,גרמים,225.00,100 גרם,false,,6.50,0.0289,true,1,1679087
7290016408140,false,טריליני כעכים רוטב פיצה כרמית 225 גרם,אפוליה פוד,IT,טרליני כעכים 225 גר,גרמים,225.00,100 גרם,false,,6.50,0.0289,true,1,1679088
7290016408157,false,טריליני כעכים קמח מלא כרמית 225 גרם,אפוליה פוד,IT,טרליני כעכים 225 גר,גרמים,225.00,100 גרם,false,,6.50,0.0289,true,1,1679089
7290016408294,false,"מרשמלו ורוד לבן וסטהיים 150 ג', 26 בקרטון",מנדלז סי.אר. פרודקשן,IL,מרשמלו ורוד לבן 150,גרמים,150.00,100 גרם,false,,4.50,0.0300,true,1,2243131
7290016408393,false,חטיף קרקר עם שומשום פניני 130 ג',דנוויטה ג'\יי. אס. סי,LT,חטיף קרקר ושומשום 13,גרמים,130.00,100 גרם,false,,5.90,0.0454,true,1,1967042
7290016408423,false,חטיף קרקר עם זיתים שחורים ושום 130 גר,תות תעשיות מזון (201,LT,חטיף קרקר עם זיתים ש,גרמים,130.00,100 גרם,false,,5.90,0.0454,true,1,1967045
7290016408430,false,קרקר עם תערובת תבלינים כרמית 130 גרם,דנוויטה ג'\יי. אס. סי,LT,חטיף קרקר ותערובת תב,גרמים,130.00,100 גרם,false,,5.90,0.0454,true,1,1967046
7290016408447,false,קרקר עגבניות ובזיליקום כרמית 130 גרם,דנוויטה ג'\יי. אס. סי,LT,חטיף קרקר עגבניות וב,גרמים,130.00,100 גרם,false,,5.90,0.0454,true,1,1967047
7290016408980,false,מטבעות שוקולד חלב כרמית 36 גרם,כרמית תעשיות מזון,IL,מטבעות שוקולד חלב 36,יח',1.00,יח',false,,2.90,2.9000,true,1,5025905
7290016437591,false,קוטקס - תחתונים סופגים לנשים לאחר לידה מדיום 8 יח',חוגלה קימברלי,KR,תחתונים סופגים לנשים,יח',8.00,יח',false,,32.90,4.1125,true,1,3927093
7290016437607,false,קוטקס - תחתונים סופגים לנשים לאחר לידה לארג' 8 יח',חוגלה קימברלי,KR,תחתונים סופגים לנשים,יח',8.00,יח',false,,32.90,4.1125,true,1,3927094
7290016496154,false,חנוכית פח מודפסת,פתילית,,חנוכיה לנרות,יח',1.00,יח',false,,1.90,1.9000,true,1,2127209
7290016496192,false,בית מהודר בינו ני {חנוכה},פתילית,,בית נרות מהודר,יח',1.00,יח',false,,79.90,79.9000,true,1,2127211
7290016496208,false,פתיל צף עגול בינוני מוכן,שלהבת,IN,פתיל צף מוכן,יח',1.00,יח',false,,4.90,4.9000,true,1,2228179
7290016496239,false,מגן פמוט 20 יח',מעגל הזמן,,מגן פמוט 20 יח',20 יחידו,1.00,20 יחידו,false,,5.90,5.9000,true,1,2650472
7290016509304,false,מנקה אסלה סוד 4 כדוריות נתלה לבנדר נתלה 50גר',הנקל סוד,IL,סוד כדוריות סבון נתל,יח',1.00,יח',false,,7.90,7.9000,true,1,2982511
7290016509342,false,סוד מארז טריו כדוריות לאסלה כחול אקטיבי אקונומיקה,הנקל סוד,HU,סוד מארז טריו כדוריו,3 יח',1.00,3 יח',false,,14.80,14.8000,true,1,3176558
7290016509786,false,פרסיל גל לכביסה לבנה וצבעונית-ירוק 2.5 ל,"הנקל סוד בע""\מ",IL,פרסיל ג'ל 2.5 ליטר י,ליטרים,2.50,ליטר,false,,34.50,13.8000,true,1,4638046
7290016509809,false,ג'ל מרוכז לכביסה קולור 2.5 ל' פרסיל,"הנקל סוד בע""\מ",IL,פרסיל ג'ל 2.5 ליטר ק,ליטרים,2.50,ליטר,false,,34.50,13.8000,true,1,4638048
7290016509823,false,ג'ל לכביסה לבנה וצבעונית בניחוח רענן,פרסיל Persil,IL,פרסיל ג'ל 2.5 ליטר ב,ליטרים,2.50,ליטר,false,,34.50,13.8000,true,1,4638050
7290016509830,false,ג'ל כביסה לבגדי תינוקות ובעלי עור רגיש Sensitive,"הנקל סוד בע""\מ",IL,פרסיל ג'ל 2.5 ליטר ב,ליטרים,2.50,ליטר,false,,34.50,13.8000,true,1,4638051
7290016509847,false,פרסיל ג'ל לכביסה כהה בלאק 2.5 ליטר,"הנקל סוד בע""\מ",IL,פרסיל ג'ל לכביסה כהה,ליטרים,2.50,ליטר,false,,34.50,13.8000,true,1,5049319
7290016510232,false,"תחליב רחצה הוואי יוגורט קוקוס 700 מ""ל",תאי פרזידנט פוד פאבל,IL,הוואי תחליב רחצה יוג,מיליליטרים,700.00,"100 מ""ל",false,,8.90,0.0127,true,1,4699642
7290016510324,false,"הוואי תחליב רחצה איריססטל 700 מ""ל",טרופיקל דגיל בעמ,IL,הוואי תחליב רחצה לגב,מיליליטרים,700.00,"100 מ""ל",false,,8.90,0.0127,true,1,4699650
7290016523454,false,אטריות עם תרד 300 ג' (כ) (fu),ZHONGSHI XIAMEN,CN,אטריות עם תרד 300 ג',גרמים,300.00,100 גרם,false,,7.70,0.0257,true,1,3253646
7290016542516,false,"טוסקניה שיכר תפוחים מוגז חצי יבש 750 מ""ל",קבוצת וקסמן קרקוב פולין,PL,טוסקניה מבעבע חצי יב,מיליליטרים,750.00,"100 מ""ל",false,,11.90,0.0159,true,1,2734955
7290016601008,false,נוזל שמשות 4 לי,,,נוזל שמשות 4 לי,ליטרים,4.00,ליטר,false,,9.90,2.4750,true,1,1794107
7290016601015,false,מים מזוקקים 4 לי,סאסאטק,,מים מזוקקים 4 לי,ליטרים,4.00,ליטר,false,,9.90,2.4750,true,1,1794108
7290016601466,false,נוזל רצפות רמי לוי 2 ליטר,,,נוזל רצפות רמי לוי 2,ליטרים,2.00,ליטר,false,,7.90,3.9500,true,1,2027978
7290016601473,false,נוזל רצפות רמי לוי 2 ליטר,,,נוזל רצפות רמי לוי 2,ליטרים,2.00,ליטר,false,,7.90,3.9500,true,1,2027979
7290016601480,false,נוזל רצפות רמי לוי 2 ליטר,,,נוזל רצפות רמי לוי 2,ליטרים,2.00,ליטר,false,,7.90,3.9500,true,1,2027980
7290016601497,false,נוזל רצפות רמי לוי 2 ליטר,,,נוזל רצפות רמי לוי 2,ליטרים,2.00,ליטר,false,,7.90,3.9500,true,1,2027981
7290016607772,false,"יין רוזה גליל דלתון 750 מ""ל","יקב דלתון בע""\מ",IL,גליל רוזה (דלתון),מיליליטרים,700.00,"100 מ""ל",false,,54.90,0.0784,true,1,6264464
7290016609004,false,גזר גמדי 800 גר רמילוי,,,גזר גמדי 800 גר רמיל,גרמים,800.00,100 גרם,false,,8.20,0.0102,true,1,2055695
7290016609011,false,שעועית לבנה 800 גרם רמי לוי,,,שעועית לבנה 800 גרם,גרמים,800.00,100 גרם,false,,9.90,0.0124,true,1,2055696
7290016609028,false,גרגירי חומוס 800 גרם רמי לוי,,,גרגירי חומוס 800 גרם,גרמים,800.00,100 גרם,false,,9.90,0.0124,true,1,2055697
7290016609035,false,לקט למרק 800 גר רמילוי,,,לקט למרק 800 גר רמיל,גרמים,800.00,100 גרם,false,,10.90,0.0136,true,1,2055698
7290016609042,false,אפונה עדינה 600 גר רמי לוי,,,אפונה עדינה 600 גר ר,גרמים,600.00,100 גרם,false,,10.90,0.0182,true,1,2055699
7290016609059,false,שעועית עדינה 600 גר רמילוי,,,שעועית עדינה 600 גר,גרמים,600.00,100 גרם,false,,10.90,0.0182,true,1,2055700
7290016609066,false,פולי סויה 600 גר רמילוי,,,פולי סויה 600 גר רמי,גרמים,600.00,100 גרם,false,,9.90,0.0165,true,1,2055701
7290016609073,false,לקט לקוסקוס 800 גר רמילוי,,,לקט לקוסקוס 800 גר ר,גרמים,800.00,100 גרם,false,,11.90,0.0149,true,1,2055702
7290016609080,false,לקט ישראלי 800 גר' רמילוי,,,לקט ישראלי 800 גר' ר,גרמים,800.00,100 גרם,false,,9.90,0.0124,true,1,2055703
7290016609097,false,לקט כפרי 2 קג רמילוי,,,לקט כפרי 2 קג רמילוי,קילוגרמים,2.00,"ק""ג",false,,20.90,10.4500,true,1,2055704
7290016609134,false,אפונה 335 גר רמי לוי,,,אפונה 335 גר רמי לוי,גרמים,335.00,100 גרם,false,,5.90,0.0176,true,1,2055705
7290016609141,false,אפונה וגזר רמי לוי 5,,,אפונה וגזר 330 גר,גרמים,330.00,100 גרם,false,,5.90,0.0179,true,1,2055706
7290016609158,false,חומוס גרגירים 290 גר רמי לוי,,,חומוס גרגירים 290 גר,גרמים,290.00,100 גרם,false,,5.90,0.0203,true,1,2055707
7290016609165,false,פול מצרי 340 גר,,,פול מצרי 340 גר,גרמים,340.00,100 גרם,false,,5.90,0.0174,true,1,2055708
7290016609189,false,גרעיני תירס 335 גר רמי לוי,,,גרעיני תירס 335 גר ר,גרמים,335.00,100 גרם,false,,5.90,0.0176,true,1,2055710
7290016609196,false,גרעיני תירס לייט 335 גר רמי לוי,,,גרעיני תירס לייט 335,גרמים,335.00,100 גרם,false,,6.50,0.0194,true,1,2055711
7290016609233,false,רוטב עגבניות 100 גר רמילוי,,,רוטב עגבניות 100 גר,גרמים,100.00,100 גרם,false,,1.40,0.0140,true,1,2055713
7290016609257,false,עגבניות מרוסקות 250 גר רמילוי,,,עגבניות מרוסקות 250,גרמים,250.00,100 גרם,false,,2.90,0.0116,true,1,2055715
7290016609264,false,עגבניות מרוסקות ושום 250 גר רמילוי,,,עגבניות מרוסקות ושום,גרמים,250.00,100 גרם,false,,2.90,0.0116,true,1,2055716
7290016609271,false,עגבניות מרוסקות בזיליקום 250 גר רמילוי,,,עגבניות מרוסקות בזיל,גרמים,250.00,100 גרם,false,,2.90,0.0116,true,1,2055717
7290016609318,false,עגבניות מרוסקות 800ג רמילוי,,,עגבניות מרוסקות 800ג,גרמים,800.00,100 גרם,false,,5.90,0.0074,true,1,2982714
7290016609356,false,עגבניות מרוסקות+שום 800ג רמילוי,,,עגבניות מרוסקות+שום,גרמים,800.00,100 גרם,false,,5.90,0.0074,true,1,2982784
7290016609585,false,"גרעיני תירס לל""ס 285 ג רמי לוי",,,"גרעיני תירס לל""ס 285",גרמים,285.00,100 גרם,false,,4.50,0.0158,true,1,3838701
7290016609875,false,עגבניות מרוסקות שקשוקה 250 ג רמי לוי,,,עגבניות מרוסקות שקשו,גרמים,250.00,100 גרם,false,,2.90,0.0116,true,1,5034589
7290016621341,false,אל סבון היגייני לניקוי יסודי קמיל Clean & Moisture,פישר מעבדות פרמצבטיות בע,IL,קמיל אל סבון 1 ליטר,100 מל,1000.00,100 מל,false,,15.80,0.0158,true,1,2773629
7290016621358,false,"ד""ר פישר - קמיל אל סבון ניקיון והזנה ורוד 1 ליטר",פישר מעבדות פרמצבטיות בע,IL,קמיל אל סבון 1 ליטר,100 מל,1000.00,100 מל,false,,15.80,0.0158,true,1,2773630
7290016621365,false,אל סבון היגייני לניקוי יסודי קמיל Clean & Moisture,פישר מעבדות פרמצבטיות בע,IL,קמיל אל סבון 1 ליטר,100 מל,1000.00,100 מל,false,,15.80,0.0158,true,1,2773631
7290016682243,false,פריניב אשכולית אדומה סחוט 100% 1 ליטר,פריניב,IL,מיץ אשכולית אדומה 1ל,ליטרים,1.00,ליטר,false,,14.50,14.5000,true,1,4916680
7290016682328,false,מיץ תפוזים 100% מרכז פריניב 2 ליטר,פרי ניב,IL,*מבצע* מיץ תפוזים מר,ליטרים,2.00,ליטר,false,,15.90,7.9500,true,1,6332121
7290016682342,false,מיץ תפוזים וולנסיה פרי ניב 2 ליטר-,פרי ניב,IL,מיץ תפוזים ולנסיה 2ל,ליטרים,2.00,ליטר,false,,26.60,13.3000,true,1,6332123
7290016682359,false,מיץ תפוזים שמוטי פרי ניב 2 ליטר-,פרי ניב,IL,מיץ תפוזים שמוטי 2לי,ליטרים,2.00,ליטר,false,,26.60,13.3000,true,1,6332124
7290016682373,false,משקה קל לימונדה בלאדי 2 ליטר פריניב,פריניב,IL,מיץ לימונדה בלדי 2 ל,ליטרים,2.00,ליטר,false,,18.60,9.3000,true,1,6332126
7290016682380,false,מיץ טבעי לימונדה ולואיזה פרי ניב 2 ליטר-,פרי ניב,IL,מיץ לימונדה לואיזה 2,ליטרים,2.00,ליטר,false,,18.60,9.3000,true,1,6332127
7290016682397,false,מיץ חמוציות פרי ניב 2 ליטר-,פרי ניב,IL,מיץ חמוציות 2לי,ליטרים,2.00,ליטר,false,,18.60,9.3000,true,1,6332128
7290016682465,false,מיץ לימון 100% סחוט בקבוק זכוכית 250 מל,,,מיץ לימון לתעבול 250,מטרים,250.00,100 מ'ל,false,,7.90,0.0316,true,1,6399772
7290016693041,false,"יין אמירים רזרב קברנה 750 מ""ל",יקבי ארזה,IL,אמירים רזרב קברנה 75,מיליליטרים,750.00,"100 מ""ל",false,,17.90,0.0239,true,1,2818889
7290016693058,false,"יין אמירים רזרב מרלו 750 מ""ל",יקבי ארזה,IL,אמירים רזרב מרלו 750,מיליליטרים,750.00,"100 מ""ל",false,,17.90,0.0239,true,1,2818890
7290016693065,false,"יין אמירים רזרב רוזה 750 מ""ל",יקבי ארזה,IL,אמירים רזרב רוזה 750,מיליליטרים,750.00,"100 מ""ל",false,,17.90,0.0239,true,1,2818891
7290016693072,false,"יין אמירים רזרב ריזלינג 750 מ""ל",יקבי ארזה,IL,אמירים רזרב ריזלינג,מיליליטרים,750.00,"100 מ""ל",false,,17.90,0.0239,true,1,2818892
7290016693546,false,"יין קברנה עונות ארזה 750 מ""ל",יקבי ארזה,IL,יין עונות קברנה 750,מיליליטרים,750.00,"100 מ""ל",false,,28.90,0.0385,true,1,5362733
7290016693560,false,"יין קברנה מרלו עונות ארזה 750 מ""ל",יקבי ארזה,IL,יין עונות קברנה מרלו,מיליליטרים,750.00,"100 מ""ל",false,,28.90,0.0385,true,1,5362735
7290016693577,false,"סדרת עונות אמרלד ריזלינג 750 מ""ל",יקבי ארזה,IL,יין עונותאמרלד ריזלי,מיליליטרים,750.00,"100 מ""ל",false,,28.90,0.0385,true,1,5362824
7290016693799,false,"יין מוסקטו פינק ארזה 750 מ""ל",קנטינה סנט,IT,מוסקטו רוזה,מיליליטרים,750.00,"100 מ""ל",false,,34.90,0.0465,true,1,6216529
7290016693959,false,"יין בראשית קברנהמתוק עדין ארזה 750 מ""ל",יקבי ארזה,IL,בראשית קברנה סובניון,מיליליטרים,750.00,"100 מ""ל",false,,34.90,0.0465,true,1,6308277
7290016717044,false,"יין מוסקטו סלקטד באז כרמל 750 מ""ל",כרמל מזרחי,IL,יין מנגו באזז יקבי כ,מיליליטרים,750.00,"100 מ""ל",false,,26.90,0.0359,true,1,5327691
7290016717051,false,משקה Buzz מוגז בטעם רימון מבוסס יין אדום מתוק,יקבי כרמל Carmel Winery,IL,יין רימון באזז יקבי,מיליליטרים,750.00,"100 מ""ל",false,,26.90,0.0359,true,1,5812956
7290016717099,false,"יין כרמל סלקטד אדום חצי יבש, 750 מ""ל",יקבי כרמל Carmel Winery,IL,יין אדום חצי יבש סלק,מיליליטרים,750.00,"100 מ""ל",false,,28.80,0.0384,true,1,2258388
7290016717754,false,"יין ישן נושן יקבי כרמל 750 מ""ל ^^^",אגודת הכורמים הקואופרטיב,IL,יין ישן נושן יקבי כר,מיליליטרים,750.00,"100 מ""ל",false,,18.90,0.0252,true,1,4141643
7290016717976,false,"יין סלקטד באז אפרסק כרמל 750 מ""ל",כרמל מזרחי,IL,ספארקלינג באזז אפרסק,מיליליטרים,750.00,"100 מ""ל",false,,26.90,0.0359,true,1,6223742
7290016733006,false,אציטון רמי לוי 100 מל,,,אציטון רמי לוי 100 מ,גרמים,100.00,100 גרם,false,,4.30,0.0430,true,1,2027983
7290016733020,false,ממחטות כיס רמי לוי 1,,,ממחטות כיס רמילוי,יח',1.00,יח',false,,5.90,5.9000,true,1,2454326
7290016733044,false,מטליות ריצפה מיקרופייבר שלישייה רמי לוי,,,מטליות ריצפה מיקרופי,יח',3.00,יח',false,,15.90,5.3000,true,1,1778085
7290016733051,false,מטליות ניקוי כללי מיקרופייבר עשירייה רמי לוי,,,מטליות ניקוי כללי מי,יח',10.00,יח',false,,14.90,1.4900,true,1,1778086
7290016733198,false,קרקר דק מחיטה מלאה 2,,,קרקר דק מחיטה מלאה 2,גרמים,240.00,100 גרם,false,,6.90,0.0288,true,1,2429375
7290016733204,false,קרקר דק כפרי 240 גר,,,קרקר דק כפרי 240 גר,גרמים,240.00,100 גרם,false,,6.90,0.0288,true,1,2429376
7290016733211,false,קרקר דק משיפון 240 גר,,,קרקר דק משיפון 240 ג,גרמים,240.00,100 גרם,false,,6.90,0.0288,true,1,2429377
7290016733259,false,סלק מבושל בוואקום 500ג,,,סלק מבושל בוואקום 50,גרמים,500.00,100 גרם,false,,5.90,0.0118,true,1,2314535
7290016733433,false,פטריות שלמות 230 גרם,,,פטריות שלמות 230 גרם,גרמים,230.00,100 גרם,false,,6.90,0.0300,true,1,2270166
7290016733471,false,"משמש חצאים ""רמי לוי",,,משמש חצאים 470 גר,גרמים,470.00,100 גרם,false,,8.30,0.0177,true,1,2191958
7290016733501,false,פתיתים חישוקים 500 גר רמילוי,,,פתיתים חישוקים 500 ג,גרמים,500.00,100 גרם,false,,4.50,0.0090,true,1,2510032
7290016733518,false,פתיתים עם בצל 400 ג,,,פתיתים עם בצל 400 ג,גרמים,400.00,100 גרם,false,,4.50,0.0113,true,1,2645676
7290016733693,false,"שניצל תירס רמי לוי 2ק""ג",רמי לוי,IL,שניצל תירס רמי לוי 2,קילוגרמים,2.00,"ק""ג",false,,39.90,19.9500,true,1,2374250
7290016733716,false,וופלים שוקולד 500 ג רמי לוי,,,וופלים שוקולד 500 ג,גרמים,500.00,100 גרם,false,,8.90,0.0178,true,1,2282403
7290016733730,false,וופלים לימון 500ג רמי לוי,,,וופלים לימון 500ג רמ,גרמים,500.00,100 גרם,false,,8.90,0.0178,true,1,2282405
7290016733754,false,חומץ 5% 1 ליטר רמי ל,,,חומץ 5% 1לי רמי לוי,יח',1.00,יח',false,,4.90,4.9000,true,1,2514507
7290016733761,false,רוטב לימון משומר 1 לי רמי לוי,,,רוטב לימון משומר 1 ל,ליטרים,1.00,ליטר,false,,4.90,4.9000,true,1,2514508
7290016733815,false,מטליות רב שימושיות לבן 700ג,,,מטליות רב שימושיות ל,גרמים,700.00,100 גרם,false,,18.50,0.0264,true,1,2258973
7290016733891,false,טבעות בצל רמי לוי 60,קפוא-זן,IL,טבעות בצל 600 גרם,גרמים,600.00,100 גרם,false,,14.90,0.0248,true,1,2406286
7290016784039,false,טחינה פרימיום משומשום אתיופי 500 גרם,,,טחינה פרימיום משומשו,גרמים,500.00,100 גרם,false,,11.90,0.0238,true,1,6321020
7290016865080,false,שניצל דק בציפוי שומשום 700 ג,,,שניצל דק בציפוי שומש,גרמים,700.00,100 גרם,false,,27.90,0.0399,true,1,2782140
7290016865103,false,שניצל דק בציפוי ציפס 700 ג,,,שניצל דק בציפוי ציפס,גרמים,700.00,100 גרם,false,,27.90,0.0399,true,1,2782142
7290016865141,false,שניצל צמחי דק 700 גרם רמי לוי,,,שניצל צמחי דק 700 גר,גרמים,700.00,100 גרם,false,,19.90,0.0284,true,1,3565920
7290016865240,false,וופלים בטעם שוקולד רמי לוי 200 גרם,,,וופלים בטעם שוקולד ר,גרמים,200.00,100 גרם,false,,2.90,0.0145,true,1,2489800
7290016865257,false,וופלים בטעם לימון רמי לוי 200 גרם,,,וופלים בטעם לימון רמ,גרמים,200.00,100 גרם,false,,2.90,0.0145,true,1,2489801
7290016865523,false,לחם מקמח מלא 750ג רמילוי,,,לחם מקמח מלא 750ג רמ,גרמים,750.00,100 גרם,false,,9.90,0.0132,true,1,2892260
7290016865530,false,לחם שיפון קל 750ג רמילוי,,,לחם שיפון קל 750ג רמ,גרמים,750.00,100 גרם,false,,10.90,0.0145,true,1,2892294
7290016865608,false,כדוריות סבון אסלה -ניחוח ים בריזה,,,כדוריות סבון אסלה -נ,יח',1.00,יח',false,,9.90,9.9000,true,1,3205288
7290016865615,false,כדוריות סבון אסלה -ניחוח היביסקוס,,,כדוריות סבון אסלה -נ,יח',1.00,יח',false,,9.90,9.9000,true,1,3205289
7290016865622,false,כדוריות סבון אסלה -ניחוח לבנדר,,,כדוריות סבון אסלה -נ,יח',1.00,יח',false,,9.90,9.9000,true,1,3205307
7290016865639,false,כדוריות סבון אסלה שלישייה,,,כדוריות סבון אסלה של,יח',3.00,יח',false,,9.90,3.3000,true,1,3205308
7290016865646,false,כדוריות סבון אסלה שלישייה,,,כדוריות סבון אסלה של,יח',3.00,יח',false,,9.90,3.3000,true,1,3205309
7290016865769,false,שעועית לבנה 500ג רמילוי,,,שעועית לבנה 500ג רמי,גרמים,500.00,100 גרם,false,,6.90,0.0138,true,1,3225154
7290016865783,false,אפונה יבשה 500ג רמילוי,,,אפונה יבשה 500ג רמיל,גרמים,500.00,100 גרם,false,,3.90,0.0078,true,1,3225156
7290016865790,false,פופקורן 500ג רמילוי,,,פופקורן 500ג רמילוי,גרמים,500.00,100 גרם,false,,4.90,0.0098,true,1,3225157
7290016865806,false,חומוס גדול 500ג רמי לוי,,,חומוס גדול 500ג רמי,גרמים,500.00,100 גרם,false,,5.80,0.0116,true,1,3233817
7290016865813,false,חומוס ענק 500ג רמי לוי,,,חומוס ענק 500ג רמי ל,גרמים,500.00,100 גרם,false,,8.90,0.0178,true,1,3233818
7290016865820,false,עדשים אדומות 500ג רמי לוי,,,עדשים אדומות 500ג רמ,גרמים,500.00,100 גרם,false,,5.90,0.0118,true,1,3233819
7290016865837,false,עדשים ירוקות 500ג רמי לוי,,,עדשים ירוקות 500ג רמ,גרמים,500.00,100 גרם,false,,5.90,0.0118,true,1,3233820
7290016865844,false,כוסמת 500ג רמי לוי,,,כוסמת 500ג רמי לוי,גרמים,500.00,100 גרם,false,,6.90,0.0138,true,1,3233821
7290016865875,false,בורגול 500ג רמי לוי,,,בורגול 500ג רמי לוי,גרמים,500.00,100 גרם,false,,3.90,0.0078,true,1,3233843
7290016866131,false,ג'בטה 380 גר,,,ג'בטה 380 גר,גרמים,380.00,100 גרם,false,,12.90,0.0339,true,1,2126970
7290016866148,false,פיתות 420 גר ללא גלוטן,,,פיתות 420 גר ללא גלו,גרמים,420.00,100 גרם,false,,19.90,0.0474,true,1,2126971
7290016866643,false,פרודונטקס מ.שיניים אקסטרה פרש 75 מל,פרודונטקס Parodontax,SK,פרודונטקס פרש 75 מל,100 מל,75.00,100 מל,false,,30.90,0.4120,true,1,4469579
7290016866650,false,"פרודונטקס - משחת שיניים אוריג'ינל 75 מ""ל",פרודונטקס Parodontax,SK,פרודונטקס אורג'ינל 7,100 מל,75.00,100 מל,false,,30.90,0.4120,true,1,4469580
7290016866667,false,"פרודונטקס - משחת שיניים ללא פלאוריד 75 מ""ל",פרודונטקס Parodontax,SK,פרודונטקס פלאוריד 75,100 מל,75.00,100 מל,false,,30.90,0.4120,true,1,4671206
7290016866674,false,"פרודונטקס - משחת שיניים מלבינה 75 מ""ל",פרודונטקס Parodontax,SK,פרודונטקס מלבינה 75,100 מל,75.00,100 מל,false,,30.90,0.4120,true,1,4469581
7290016866704,false,"סטייל שמפו לאחר החלקה מועשר בויטמין אי, 750 מ""ל",סטייל Style,IL,סטייל שמפו קרטין 750,מיליליטרים,750.00,"100 מ""ל",false,,24.90,0.0332,true,1,3665669
7290016866711,false,"סטייל מרכך לשיער קרטין פלוס לאחר החלקה, 750 מ""ל",סטייל Style,IL,סטייל מרכך קרטין 750,גרמים,750.00,100 גרם,false,,24.90,0.0332,true,1,3665670
7290016866728,false,סטייל מסכה קרטין E 500 מל לשיקום שיער יב,סטייל Style,IL,סטייל מסכה קרטין 750,מיליליטרים,750.00,"100 מ""ל",false,,27.90,0.0372,true,1,3665671
7290016866902,false,זוג סבון ידיים סטייל 1 לי,,,זוג סבון ידיים סטייל,ליטרים,1.00,ליטר,false,,9.80,9.8000,true,1,3344725
7290016867008,false,"לחם כוסמין מחמצת ד""ר מרק",המאפה של דר' מארק,IL,לחם מחמצת כוסמין 750,גרמים,750.00,100 גרם,false,,16.90,0.0225,true,1,5970578
7290016867039,false,"מארז פיתות קלות כוסמין בתוספת מחמצת 6 יחידות ד""ר מרק",המאפה של דר מרק בריא,IL,פיתות קלות כוסמין בת,גרמים,303.00,100 גרם,false,,14.90,0.0492,true,1,6305769
7290016867114,false,לחם כוסמין קל מלא 500 גר',המאפה של דר מרק בריא,IL,לחם קל כוסמין מלא,יח',1.00,יח',false,,17.90,17.9000,true,1,6258369
7290016867152,false,"מארז פיתות קלות כוסמין 5 יחידות ד""ר מרק",המאפה של דר מרק בריא,IL,פיתות קלות מקמח כוסמ,גרמים,330.00,100 גרם,false,,13.50,0.0409,true,1,5970889
7290016867176,false,"מארז לחמניות קלות כוסמין שומשום במתיקות מעודמת 5 יחידות ד""ר מרק",המאפה של דר מרק,IL,לחמניות קלות כוסמין,יח',1.00,יח',false,,13.90,13.9000,true,1,6051091
7290016867237,false,"לחם קל כוסמין במתיקות מעודנת ד""ר מרק",המאפה של דר מרק בריא,IL,לחם קל כוסמין במתיקו,גרמים,400.00,100 גרם,false,,18.90,0.0472,true,1,6207843
7290016882421,false,קונפיטורה אפרסק 70% פרי 450ג,דין שיווק,TR,קונפיטורה אפרסק 70%,100 יח,450.00,100 יח,false,,10.90,0.0242,true,1,6418912
7290016912494,false,"ד""ר פישר - אפקטיב קר תרחיץ פנים לכל סוגי העור 180 מ""ל",פישר מעבדות פרמצבטיות בע,IL,אפקטיב קר תרחיץ פנים,מיליליטרים,180.00,"100 מ""ל",false,,17.90,0.0994,true,1,3417424
7290016912500,false,"ד""ר פישר - אפקטיב קר תרחיץ פנים לעור רגיש 180 מ""ל",פישר מעבדות פרמצבטיות בע,IL,אפקטיב קר תרחיץ פנים,מיליליטרים,180.00,"100 מ""ל",false,,17.90,0.0994,true,1,3417425
7290016912616,false,סרקל שמפו לילדים לשיער בהיר - בלונדיני,פישר מעבדות פרמצבטיות בע,IL,סרקל בלונד שמפו 1 לי,ליטרים,1.00,ליטר,false,,29.90,29.9000,true,1,3216366
7290016967074,false,לחם חיטה מלאה עם גרעינים ודגנים,מאפיית שלמה א. אנג'\ל בע,IL,לחם חיטה מלאה 750 ג,גרמים,750.00,100 גרם,false,,15.90,0.0212,true,1,2450800
7290016967456,false,לחם צרפתי מחמצת 100% כוסמין 600 ג' אנג'ל,"מאפיית אנג'\ל בעמ, מקבוצ",IL,לחם צרפתי כוסמין 100,גרמים,600.00,100 גרם,false,,16.90,0.0282,true,1,3188620
7290017023663,false,"שוופס מיץ פירות לימונייד פחית מארז 330X4מ""ל",יפאורה תבורי,IL,שוופס רביעייה מוגז פ,ליטרים,1.32,ליטר,false,,11.90,9.0152,true,1,4797472
7290017023809,false,"רביעיית ספרינג 250 מ""ל אגס סברס תפוח","יפאורה תבורי בע""\מ",IL,ספרינג אגס סברס תפוח,מטרים,1000.00,100 מ'ל,false,,11.20,0.0112,true,1,5953392
7290017023816,false,"ספרינג  פירות טרופיים 250 מ""ל רביעייה","יפאורה תבורי בע""\מ",IL,ספרינג פירות טרופיים,מטרים,1000.00,100 מ'ל,false,,11.20,0.0112,true,1,5953393
7290017023823,false,"רביעיית ספרינג תות בננה 250 מ""ל","יפאורה תבורי בע""\מ",IL,ספרינג תות בננה 4*25,מטרים,1000.00,100 מ'ל,false,,11.20,0.0112,true,1,5953394
7290017023854,false,מי סודה בקבוקים אישיים - מארז 4 יח',יפאורה תבורי בעמ,IL,שוופס סודה רביעייה 2,ליטרים,1.00,ליטר,false,,9.90,9.9000,true,1,5291474
7290017023861,false,סודה בטעם לימון בקבוקים אישיים - מארז 4 יח',יפאורה תבורי בעמ,IL,שוופס סודה רביעייה 2,ליטרים,1.00,ליטר,false,,9.90,9.9000,true,1,5291475
7290017023878,false,סודה בטעם נענע ליים בקבוקים אישיים - מארז 4 יח',יפאורה תבורי בעמ,IL,שוופס סודה רביעייה 2,ליטרים,1.00,ליטר,false,,9.90,9.9000,true,1,5291476
7290017031170,false,פתיתים על בסיס קמח עדשים אדומות בצורת פוזילי ללא גלוטן 250 גר',andnani,IT,פוזילי עדשים אדומות,יח',1.00,יח',false,,15.30,15.3000,true,1,5362983
7290017031477,false,"סנסודיין משחת שיניים רפיד רליף להלבנה 75 מ""ל","סמיתקליין ביצ'ם בע""מ",GB,משחת סנסודיין רפיד ר,יח',1.00,יח',false,,23.90,23.9000,true,1,5507263
7290017031705,false,"סנסודיין משחת שיניים קלין & פרש 75 מ""ל",גלקסוס סמית קליין,SK,סנסודיין קלין פרש 75,מטרים,75.00,100 מ'ל,false,,21.90,0.2920,true,1,5100350
7290017031811,false,פרודונטקס מברשת שיניים אקסטרא סופט א.זוג,גלקסוסמיתקליין,CN,זוג מברשות שיניים פר,יח',1.00,יח',false,,19.90,19.9000,true,1,5595486
7290017031859,false,"פרודונטקס - משחת שיניים אולטרא קלין 75 מ""ל","מאסטרפוד אוסטריה בע""מ",SK,פרודונטקס אולטרא קלי,מטרים,75.00,100 מ'ל,false,,30.90,0.4120,true,1,5100351
7290017040028,false,מארז דונאטס טריו מידי 9 יח',"פופאיס ברלידון סאסו, ראו",DE,מארז דונאטס טריו מיד,גרמים,276.00,100 גרם,false,,18.90,0.0685,true,1,6448135
7290017040035,false,מארז מיני דונאטס במילוי 8 יח',,DE,מארז דונאטס מיני במי,גרמים,184.00,100 גרם,false,,18.90,0.1027,true,1,6448136
7290017040363,false,מארז דונאטס אורו רביעייה,בייקר אנד בייקר,DE,מארז דונאטס אורו רבי,גרמים,292.00,100 גרם,false,,28.90,0.0990,true,1,6448138
7290017058573,false,פרוסות פלפל חלפיניו בחומץ 340 גרם תומר,אינדיה אגרו אקספורט,IN,פרוסות פלפל חלפיניו,גרמים,340.00,100 גרם,false,,6.50,0.0191,true,1,6290669
7290017062204,false,מרכך כביסה מרוכז 1לי רמילוי,,,מרכך כביסה מרוכז 1לי,ליטרים,1.00,ליטר,false,,9.50,9.5000,true,1,4754325
7290017065007,false,פרוסות גבינה מוצרלה חצי קשה 22% שומן 200 ג' גד,מחלבות גד בעמ,IL,מוצרלה פרוסה גד 150,גרמים,150.00,100 גרם,false,,16.90,0.1127,true,1,2815157
7290017065137,false,גבינת ריקוטה למריחה 5% טבעית 200ג' גד,האי נאם סי או אל.טי.,IL,ריקוטה למריחה 5% טבע,יח',1.00,יח',false,,8.90,8.9000,true,1,3733240
7290017065144,false,ריקוטה למריחה בתוספת בזיליקום 5% גד 200 גם,האי נאם סי או אל.טי.,IL,ריקוטה למריחה 5% בזי,יח',1.00,יח',false,,8.90,8.9000,true,1,3733241
7290017065212,false,גבינת קרם מסקרפונה מחלבות גד 250 גר,מיוצר עי קוד יצרן ED,IL,קרם מסקרפונה 38% שומ,יח',1.00,יח',false,,15.90,15.9000,true,1,5631283
7290017065236,false,גבינה בולגרית מעודנת 24% גד 250 גרם,הנסיך- מפעל לייצור ט,IL,גבינה בולגרית מעודנת,גרמים,250.00,100 גרם,false,,21.90,0.0876,true,1,4436656
7290017065311,false,פרוסות גבינה מוצרלה מעושנת 200 ג',מחלבות גד בעמ,IL,פרוסות מוצרלה מעושנת,גרמים,200.00,100 גרם,false,,16.90,0.0845,true,1,4301341
7290017065861,false,רוטב פקורינו ופלפל שחור קאצ'יו אה פפה 200 ג' גד,גבינות מדף,IL,קאצ'יו אה פפה 200 גר,גרמים,200.00,100 גרם,false,,13.60,0.0680,true,1,6374550
7290017068879,false,חמאת בוטנים טבעית מיה 510 גרם,,IL,חמאת בוטנים 510 גר,גרמים,510.00,100 גרם,false,,9.90,0.0194,true,1,6265109
7290017079127,false,פתיתים קוסקוס 500ג רמילוי,,,פתיתים קוסקוס 500ג ר,גרמים,500.00,100 גרם,false,,3.90,0.0078,true,1,5051730
7290017079134,false,פתיתים אורז 500ג רמילוי,,,פתיתים אורז 500ג רמי,גרמים,500.00,100 גרם,false,,3.90,0.0078,true,1,5051731
7290017079196,false,גביע אור נוזלי טעמן,,,גביע אור ממאור טעמן,יח',1.00,יח',false,,39.90,39.9000,true,1,6034010
7290017079202,false,גביע אור מוצק טעמן,,,גביע אור מוצק טעמן,יח',1.00,יח',false,,39.90,39.9000,true,1,6034011
7290017079332,false,שישיה גרבר לפתן פירות פריטוב 190 גר' טעמן,,IL,שישיה 190ג' לפתן פיר,גרמים,190.00,100 גרם,false,,22.90,0.1205,true,1,6365222
7290017079356,false,קשיות עם אבקה בטעם פרי חמצמץ 100 יח' גוגלס,,CN,קשיות 100 יח' משפחתי,יח',1.00,יח',false,,15.90,15.9000,true,1,6365267
7290017079769,false,מחית תפוח עץ ובננה בפאוץ פריטוב קידס,פרוטה פודיוין איי.אס,CZ,מחית תפוע ובננה בפאו,יח',1.00,יח',false,,3.90,3.9000,true,1,6287304
7290017079790,false,מחיות פאוץ' פירות מעורבים פריטוב 120 גרם,פרוטה פודיוין איי.אס,CZ,מחית פירות מעורבים ב,יח',1.00,יח',false,,3.90,3.9000,true,1,6287307
7290017088051,false,בייביסיטר - חיתולי סטנדרט מידה 3 - 52 יח',די.פי.אל תעשיות מוצרים ח,IL,בייביסיטר משופר מידה,יח',1.00,יח',false,,32.90,32.9000,true,1,4361637
7290017088068,false,בייביסיטר - חיתולי סטנדרט מידה 4 - 42 יח',די.פי.אל תעשיות מוצרים ח,IL,בייביסיטר משופר מידה,יח',1.00,יח',false,,32.90,32.9000,true,1,4361638
7290017088082,false,בייביסיטר - חיתולי סטנדרט מידה 5 - 36 יח',די.פי.אל תעשיות מוצרים ח,IL,בייביסיטר משופר מידה,יח',1.00,יח',false,,32.90,32.9000,true,1,4361640
7290017088099,false,בייביסיטר - חיתולי סטנדרט מידה 6 - 30 יח',די.פי.אל תעשיות מוצרים ח,IL,בייביסיטר משופר מידה,יח',1.00,יח',false,,32.90,32.9000,true,1,4361641
7290017088327,false,רבעיית מגבונים בייביסיטר אקסטרא סופט ללא בישום 64 יחידות,די.פי.אל בעמ,IL,מגבונים בייביסיטר לת,יח',4.00,יח',false,,14.90,3.7250,true,1,6238489
7290017088464,false,תחבושות סופגנית מקסי לונג טופ פד 20 יח',D.P.L,IT,טופ פד סופגנית מקסי,יח',1.00,יח',false,,15.90,15.9000,true,1,6250827
7290017088495,false,תחבושות טופ פד אקסטרה 20 יח',D.P.L,IT,טופ פד אקסטרה 20 יח,יח',1.00,יח',false,,8.90,8.9000,true,1,6250828
7290017088501,false,תחבושות טופ פד אקסטרה לונג 20 יח',D.P.L,IT,טופ פד אקסטרה לונג 2,יח',1.00,יח',false,,8.90,8.9000,true,1,6250829
7290017088679,false,מגבוני ביביבסיק מארז שביעייה 72 יח',,,מגבונים ביבי 7 יחידו,יח',1.00,יח',false,,14.90,14.9000,true,1,6259946
7290017088693,false,קוויק מטליות לחות לניקוי וחיטוי רצפות ניחוח לוונדר 10 יחידות,די.פי.אל,IL,קוויק מטליות ניקוי ר,יח',1.00,יח',false,,8.90,8.9000,true,1,6212097
7290017088822,false,BREEZE תחבושות לבריחת שתן אקסטרה (10 יח'),ניאופארם,IT,תחבושות בריז אקסטרה,יח',1.00,יח',false,,14.90,14.9000,true,1,6300030
7290017088846,false,BREEZE תחבושות לבריחת שתן מקסי (8 יח'),ניאופארם,IT,תחבושות בריז מקסי 8,יח',1.00,יח',false,,14.90,14.9000,true,1,6300032
7290017088969,false,חיתולים בייביסיטר NB מידה 1 -42 יחידות,די.פי.אל תעשיות מוצרים ח,IL,חיתולי בייביסיטר ביי,יח',1.00,יח',false,,25.90,25.9000,true,1,6331277
7290017088983,false,חיתולים בייביסיטר NB מידה 2- 38 יחידות,די.פי.אל תעשיות מוצרים ח,IL,חיתולי בייביסיטר ביי,יח',1.00,יח',false,,25.90,25.9000,true,1,6331278
7290017094199,false,סלט קוביות חציל ברוטב שמיר 200 גרם,"סלטי שמיר 2006 בע""מ",IL,מעדן חצילים 200 גר ש,גרמים,200.00,100 גרם,false,,9.90,0.0495,true,1,6287996
7290017094861,false,חומוס עם רוטב מסבחה אסלי שמיר 400 ג',"סלטי שמיר 2006 בע""מ",IL,שמיר אסלי סלט חומוס,גרמים,400.00,100 גרם,false,,9.80,0.0245,true,1,6387943
7290017105062,false,גרגירי חומוס שלם יכין הקטניה הטובה 200 ג,היינץ צפון אמריקה מק,IL,חומוס יכין הקטניה הט,גרמים,105.00,100 גרם,false,,3.90,0.0371,true,1,3594022
7290017105116,false,תורמוס הקטניה הטובה יכין 200/105 גרם,"זנלכל בע""\מ",IL,תורמוס יכין הקטניה ה,גרמים,105.00,100 גרם,false,,3.90,0.0371,true,1,3594131
7290017105369,false,סירופ דיאט בטעם תה אפרסק יכין 1ליטר,זנלכל,IL,סירופ דיאט בטעם תה א,יח',1.00,יח',false,,16.70,16.7000,true,1,5676851
7290017105468,false,מארז שלישייה אפונה קטנה יכין 3*200 גר,קשקמט קונסרב הונגריה,IL,אפונה קטנה יכין 200,גרמים,360.00,100 גרם,false,,14.90,0.0414,true,1,6097987
7290017105895,false,גרגרי חומוס להכנת חומוס משובח יכין 560 ג,זנלכל,IL,גרגרי חומוס להכנת חו,יח',1.00,יח',false,,9.90,9.9000,true,1,6243874
7290017106069,false,קוביות סלק יכין 550 גרם,היינץ צפון אמריקה מק,IL,קוביות סלק יכין 550,גרמים,550.00,100 גרם,false,,9.90,0.0180,true,1,6205979
7290017121086,false,"אריסה ביתית מתוקה עללחם, 250 גרם","מדשא תעשיות מזון בע""\מ",IL,עללחם אריסה ביתית מת,גרמים,250.00,100 גרם,false,,12.90,0.0516,true,1,6348213
7290017129495,false,אגו מיקס כדורי תירס מצופים שוקולד חלב כרמית 55 גרם,כרמית תעשיות ממתקים בעמ,IL,אגו מיקס כדורי תירס,גרמים,55.00,100 גרם,false,,3.90,0.0709,true,1,3807605
7290017129501,false,אגו מיקס כדורי תירס מצופים שוקולד לבן כרמית 55 גרם,כרמית,IL,אגו מיקס כדורי תירס,גרמים,55.00,100 גרם,false,,3.90,0.0709,true,1,3807606
7290017129518,false,אגו מיקס כדורי תירס מצופים שוקולד חלב ולבן כרמית 55 גרם,כרמית,IL,אגו מיקס כדורי תירס,גרמים,55.00,גרם,false,,3.90,0.0709,true,1,3807607
7290017129754,false,שוקולד פרימיום 70% מריר כרמית 100 גרם,"כרמית תעשיות ממתקים בע""\",IL,שוקולד 70% קלאסי כשל,גרמים,100.00,100 גרם,false,,7.90,0.0790,true,1,4645757
7290017129761,false,שוקולד פרימיום 70% מריר בטעם תפוז כרמית 100 גרם,"כרמית תעשיות ממתקים בע""\",IL,שוקולד פרימיום 70% ת,גרמים,100.00,גרם,false,,7.90,0.0790,true,1,4645758
7290017129778,false,שוקולד פרימיום 70% מריר בטעם קפה כרמית 100 גרם,"כרמית תעשיות ממתקים בע""\",IL,שוקולד פרימיום 70% ק,גרמים,100.00,גרם,false,,7.90,0.0790,true,1,4645759
7290017129822,false,מטבעות שוקולד מריר כרמית 36 גרם,כרמית,IL,מטבעות שוקולד מריר 3,גרמים,36.00,גרם,false,,2.90,0.0806,true,1,5025907
7290017129839,false,שוקולד פרימיום 70% מריר בטעם פטל כרמית 100 גרם,"כרמית תעשיות ממתקים בע""\",IL,שוקולד פרימיום 70% פ,גרמים,100.00,גרם,false,,7.90,0.0790,true,1,4645760
7290017129884,false,חמישיות שוקולד מריר 44% 85 גר*5*12 בקרטון,"כרמית תעשיות ממתקים בע""\",IL,חמישיית שוקלד מריר 6,גרמים,425.00,100 גרם,false,,14.90,0.0351,true,1,4767759
7290017140308,false,קמח שקדים-שי של הטבע,אופק מן הטבע,IL,קמח שקדים 250 גר,גרמים,250.00,100 גרם,false,,24.90,0.0996,true,1,6279974
7290017142005,false,"שמן קוקוס אורגני עץ הזית צנצנת 320מ""ל",אקספלונקה,LK,שמן קוקוס אורגני כתי,מיליליטרים,320.00,"100 מ""ל",false,,23.90,0.0747,true,1,2997411
7290017142012,false,שמן קוקוס אורגני כתית 500 מל עץ הזית,אקספולנקה,LK,שמן קוקוס אורגני כתי,מיליליטרים,500.00,"100 מ""ל",false,,39.80,0.0796,true,1,2997412
7290017142128,false,"שמן זית כתית מעולה קלאסי עץ הזית 750 מ""ל",שמן תעשיות בעמ,IT,שמן זית כתית מעולה ק,מיליליטרים,750.00,"100 מ""ל",false,,32.80,0.0437,true,1,3868537
7290017142180,false,פילה טונה בשמן זית בטעם לימון עם פלפל שחור 120 ג',"יוניקורד ח.צ בע""מ",TH,עץ הזית פילה טונה פר,יח',1.00,יח',false,,14.90,14.9000,true,1,5455702
7290017142203,false,"פילה טונה פרוס עם שמן זית בטעם מעושן 120 גרם ""עץ הזית""","יוניקורד ח.צ בע""מ",TH,עץ הזית פילה טונה פר,יח',1.00,יח',false,,14.90,14.9000,true,1,5455703
7290017142289,false,"תרסיס שמן חמניות מזוכך עץ הזית 200 מ""ל",י.ב טכנולוגיות אריזה בעמ,IT,תרסיס שמן חמניות עץ,מיליליטרים,200.00,"100 מ""ל",false,,15.70,0.0785,true,1,5234151
7290017142340,false,שמן זרעי ענבים מזוכך 1 לי עץ הזית,אף.ג'\יי.סנצ'\ז סוקחורס,TH,שמן זרעי ענבים מזוכך,מטרים,1000.00,100 מ'ל,false,,24.90,0.0249,true,1,6111052
7290017142364,false,"שמן דלעת לא מזוכך עץ הזית 250 מ""ל",גאה די.או.או,SI,שמן זרעי דלעת לא מזו,מיליליטרים,250.00,"100 מ""ל",false,,29.90,0.1196,true,1,6111054
7290017142371,false,"שמן שומשום לא מזוכך עץ הזית 250 מ""ל",גאה די. או. או.,SI,שמן שומשום לא מזוכך,מיליליטרים,250.00,"100 מ""ל",false,,29.90,0.1196,true,1,6111055
7290017142395,false,"LUNCH TO GO פסטה עם טונה בשמן זית 160 גרם ""עץ הזית""",יוניקורד ח.צ בעמ,TH,עץ הזית ארוחה טונה ע,גרמים,160.00,100 גרם,false,,13.90,0.0869,true,1,6111056
7290017142418,false,"LUNCH TO GO אורז עם עדשים טונה בשמן זית 160 גרם ""עץ הזית""",יוניקורד ח.צ בעמ,TH,עץ הזית ארוחה טונה ע,גרמים,160.00,100 גרם,false,,13.90,0.0869,true,1,6111057
7290017142456,false,מארז נתחי טונה בהירה בשמן זית 2 * 160 ג' עץ הזית,יוניקורד ח.צ בעמ,TH,עץ הזית זוג נתחי טונ,גרמים,320.00,100 גרם,false,,27.80,0.0869,true,1,6111058
7290017142487,false,"LUNCH TO GO בורגול עם חומוס טונה בשמן זית 160 גרם ""עץ הזית""",יוניקורד ח.צ בעמ,TH,עץ הזית ארוחהבורגול,גרמים,160.00,100 גרם,false,,13.90,0.0869,true,1,6299905
7290017142500,false,תרסיס שמן זית כתית מעולה בטעם שום 150מל,קומטמפ קומפניה פורטו,IT,תרסיס שמן זית כתית ב,מטרים,150.00,100 מ'ל,false,,16.90,0.1127,true,1,6404254
7290017142609,false,תרסיס שמן זית כתית בטעם לימון 150,קונפניה,IT,תרסיס שמן זית כתית ב,מטרים,150.00,100 מ'ל,false,,16.90,0.1127,true,1,6404255
7290017142623,false,תרסיס שמן זית כתית מעולה בטעם צ'ילי 150 מל',קונפניה,IT,תרסיס שמן זית כתית ב,מטרים,150.00,100 מ'ל,false,,16.90,0.1127,true,1,6404256
7290017153148,false,חלב מרוכז פוליבה 300גר' בדץ,פוליבה בעמ,IL,חלב מרוכז 300 גר,גרמים,300.00,100 גרם,false,,12.70,0.0423,true,1,3416849
7290017189192,false,"אדממה פולי סויה 1 ק""ג",משק ויילר,CN,"פולי סויה 1 ק""ג",יח',1.00,יח',false,,14.90,14.9000,true,1,4971931
7290017189277,false,קרפ הולנדי אפוי 600ג רמי לוי,,,קרפ הולנדי אפוי 600ג,גרמים,600.00,100 גרם,false,,20.90,0.0348,true,1,5536849
7290017189413,false,טבעות בצל שלמות בציפוי טמפורה,משק ויילר,ES,טבעות בצל שלמות בציפ,גרמים,600.00,100 גרם,false,,13.50,0.0225,true,1,6210664
7290017197067,false,מגבונים בייבי בישום עדין 100 יח רמי לוי,,,מגבונים בייבי בישום,100 יח',100.00,100 יח',false,,5.60,0.0560,true,1,3661555
7290017197142,false,שמפו נועה נגד קשקשים 750 מל רמי לוי,,,שמפו נועה נגד קשקשים,מיליליטרים,750.00,"100 מ""ל",false,,7.90,0.0105,true,1,3786345
7290017197159,false,שמפו ומרכך 2 ב1 נועה נגד קשקשים 750 מל רמי לוי,,,שמפו ומרכך 2 ב1 נועה,מיליליטרים,750.00,"100 מ""ל",false,,7.90,0.0105,true,1,3786322
7290017197296,false,שמפו נועה לילדים 750 מל רמי לוי,,,שמפו נועה לילדים 750,מיליליטרים,750.00,"100 מ""ל",false,,8.50,0.0113,true,1,3786323
7290017197302,false,שמפו ומרכך לילדים 2 ב-1 נועה 750 מל רמי לוי,,,שמפו ומרכך לילדים 2,מיליליטרים,750.00,"100 מ""ל",false,,8.50,0.0113,true,1,3786303
7290017197319,false,מרכך לילדים נועה 750 מל רמי לוי,,,מרכך לילדים נועה 750,מיליליטרים,750.00,"100 מ""ל",false,,8.50,0.0113,true,1,3786324
7290017197388,false,מגבונים הפי דייז מבושם 72*6 רמי לוי,,,מגבונים הפי דייז מבו,יח',72.00,יח',false,,19.90,0.2764,true,1,3661558
7290017197395,false,מגבונים הפי דייז ללא בישום 72*6 רמי לוי,,,מגבונים הפי דייז ללא,יח',72.00,יח',false,,19.90,0.2764,true,1,3661559
7290017197425,false,מגבונים בייבי מבושם 4*72 רמי לוי,,,מגבונים בייבי מבושם,יח',4.00,יח',false,,14.90,3.7250,true,1,3661560
7290017197432,false,מגבונים בייבי ללא בישום 4*72 רמי לוי,,,מגבונים בייבי ללא בי,יח',4.00,יח',false,,14.90,3.7250,true,1,3661561
7290017197449,false,מגבונים בייבי לעור רגיש 4*72 רמי לוי,,,מגבונים בייבי לעור ר,יח',4.00,יח',false,,14.90,3.7250,true,1,3661562
7290017197500,false,שמפו נועה לשיער יבש 750 מל רמי לוי,,,שמפו נועה לשיער יבש,מיליליטרים,750.00,"100 מ""ל",false,,7.90,0.0105,true,1,3786346
7290017197517,false,שמפו נועה לשיער רגיל 750 מל רמי לוי,,,שמפו נועה לשיער רגיל,מיליליטרים,750.00,"100 מ""ל",false,,7.90,0.0105,true,1,3786347
7290017197524,false,שמפו נועה לשיער רגיל מרוקאי 750 מל רמי לוי,,,שמפו נועה לשיער רגיל,מיליליטרים,750.00,"100 מ""ל",false,,7.90,0.0105,true,1,3786348
7290017197531,false,מרכך נועה לשיער יבש 750 מל רמי לוי,,,מרכך נועה לשיער יבש,מיליליטרים,750.00,"100 מ""ל",false,,7.90,0.0105,true,1,3786325
7290017197548,false,מרכך נועה מרוקאי לשיער רגיל 750 מל רמי לוי,,,מרכך נועה מרוקאי לשי,מיליליטרים,750.00,"100 מ""ל",false,,7.90,0.0105,true,1,3786326
7290017197555,false,מרכך נועה לשיער רגיל 750 מל רמי לוי,,,מרכך נועה לשיער רגיל,מיליליטרים,750.00,"100 מ""ל",false,,7.90,0.0105,true,1,3786327
7290017197616,false,אל סבון בניחוח פירות 1 ליטר,,,אל סבון בניחוח פירות,ליטרים,1.00,ליטר,false,,7.90,7.9000,true,1,3786349
7290017197623,false,אל סבון בניחוח לבנדר 1 ליטר,,,אל סבון בניחוח לבנדר,100 ליטור,1.00,100 ליטור,false,,7.90,7.9000,true,1,3786350
7290017197630,false,אל סבון בניחוח ים 1 ליטר,,,אל סבון בניחוח ים 1,ליטרים,1.00,ליטר,false,,7.90,7.9000,true,1,3786351
7290017197647,false,אל סבון בניחוח מאסק 1 ליטר,,,אל סבון בניחוח מאסק,ליטרים,1.00,ליטר,false,,7.90,7.9000,true,1,3786352
7290017197654,false,מטליות לחות לניקוי ר,,,מגבוני רצפה -רמי לוי,יח',1.00,יח',false,,8.90,8.9000,true,1,3786388
7290017197678,false,מגבוני ניקיון שלישייה -רמי לוי,,,מגבוני ניקיון שלישיי,יח',3.00,יח',false,,14.90,4.9667,true,1,3786389
7290017197685,false,שלישייה מגבוני טואלט לחים,,,שלישייה מגבוני טואלט,יח',3.00,יח',false,,9.90,3.3000,true,1,4381808
7290017197838,false,שמפו וגל רחצה לגבר נועה,,,שמפו וגל רחצה לגבר נ,מיליליטרים,750.00,"100 מ""ל",false,,8.50,0.0113,true,1,5100562
7290017197951,false,סבון קצף לידיים 500מל רמילוי,,,סבון קצף לידיים 500מ,מיליליטרים,500.00,"100 מ""ל",false,,6.90,0.0138,true,1,6003475
7290017197968,false,סבון קצף לילדים אשכולית 500מל רמילוי,,,סבון קצף לילדים אשכו,מיליליטרים,500.00,"100 מ""ל",false,,6.90,0.0138,true,1,6206730
7290017260006,false,שמן פארפין למאור 1 ליטר,,,שמן פארפין למאור 1לי,יח',1.00,יח',false,,19.90,19.9000,true,1,6261795
7290017260013,false,זוג כוסיות פארפין,,,זוג כוסיות פארפין,יח',1.00,יח',false,,19.90,19.9000,true,1,6261796
7290017266602,false,וופל קראנץ טעם שוקולד 150ג רמילוי,,,וופל קראנץ טעם שוקול,גרמים,150.00,100 גרם,false,,2.90,0.0193,true,1,6227769
7290017266619,false,וופל קראנץ טעם אגוז 150ג רמילוי,,,וופל קראנץ טעם אגוז,גרמים,150.00,100 גרם,false,,2.90,0.0193,true,1,6227770
7290017266633,false,וופל רול טעם שוקולד 100ג רמילוי,,,וופל רול טעם שוקולד,יח',1.00,יח',false,,2.90,2.9000,true,1,6227772
7290017266640,false,וופל רול טעם אגוז 100ג רמילוי,,,וופל רול טעם אגוז 10,יח',1.00,יח',false,,2.90,2.9000,true,1,6227773
7290017289151,false,"יין ממלכת יהודה אמרלד ריזלינג 750 מ""ל",יקב טפרברג,IL,אמרלד ריזלינג סדרת מ,יח',1.00,יח',false,,24.90,24.9000,true,1,5218624
7290017289182,false,"יין ישראלי לבן חצי יבש אפרת 750 מ""ל",יקב טפרברג 1870 בעמ,IL,לבן חצי יבש סדרת ישר,מיליליטרים,750.00,"100 מ""ל",false,,19.50,0.0260,true,1,5218649
7290017289601,false,"יין IMPRESSION בלנד לבן 150 שנה טפרברג 750 מ""ל",יקב טפרברג 1870 בעמ,IL,בלנד לבן אימפרשן 750,מיליליטרים,750.00,"100 מ""ל",false,,39.90,0.0532,true,1,6221843
7290017289618,false,"יין IMPRESSION פטיט סירה 150 שנה טפרברג 750 מ""ל",יקב טפרברג 1870 בעמ,IL,פטיט סירה אימפרשן 75,מיליליטרים,750.00,"100 מ""ל",false,,39.90,0.0532,true,1,6223954
7290017297309,false,עדשים ירוקות מבושלות רמי לוי,,,עדשים ירוקות מבושלות,יח',1.00,יח',false,,13.90,13.9000,true,1,6288821
7290017297316,false,שעועית אדומה מבושלת מוקפאת רמי לוי,,,שעועית אדומה מבושלת,יח',1.00,יח',false,,13.90,13.9000,true,1,6288822
7290017297347,false,רוטב עגבניות מרוכז 28 580 גרם רמי לוי,,,רוטב עגבניות מרוכז 2,גרמים,580.00,100 גרם,false,,5.90,0.0102,true,1,6346335
7290017297354,false,רוטב עגבניות מרוכז 100גר רמילוי,,,רוטב עגבניות מרוכז 1,גרמים,100.00,100 גרם,false,,1.40,0.0140,true,1,6315665
7290017297361,false,רוטב עגבניות 240 גר רמילוי,,,רוטב עגבניות 240 גר,גרמים,240.00,100 גרם,false,,2.90,0.0121,true,1,6316065
7290017297385,false,קלחי תירס 1 קג רמי לוי,,,קלחי תירס 1 קג רמי ל,קילוגרמים,1.00,"100 לק""ג",false,,11.90,11.9000,true,1,6336981
7290017304519,false,חלה חצי מתוקה ארוזה אנג'ל 500 גרם,,,חלה חצי מתוקה ארוזה,גרמים,500.00,100 גרם,false,,13.90,0.0278,true,1,6219552
7290017304885,false,לחם שיפון מחיטה מלאה ללא תוספת סוכר 750 ג' אנג'ל,מאפיית שלמה א. אנג'\ל בע,IL,לחם שיפון וחיטה מלאה,גרמים,750.00,100 גרם,false,,16.90,0.0225,true,1,5791917
7290017325613,false,"משקה שיבולת שועל אורגני הרדוף לל""ג 1 ליטר",סוי מג'יק,ES,משקה שיבולת שועל אור,ליטרים,1.00,100 ליטר,false,,12.70,12.7000,true,1,6274004
7290017325620,false,"משקה אורז בתוספת שקדים אורגני הרדוף לל""ג 1 ליטר",ליקואטס,ES,משקה אורז תוספת שקדי,ליטרים,1.00,100 ליטר,false,,12.70,12.7000,true,1,6274005
7290017334042,false,אורז יסמין 5 קג רמי לוי,,,אורז יסמין 5 קג רמי,קילוגרמים,5.00,"ק""ג",false,,36.90,7.3800,true,1,4026169
7290017374987,false,מטליות רב שימושיות צהוב רמי לוי,,,מטליות רב שימושיות צ,יח',1.00,יח',false,,19.50,19.5000,true,1,4920308
7290017389967,false,ערמונים קלופים 100 גר קליית השקמה,,,ערמונים קלופים 100 ג,גרמים,100.00,100 גרם,false,,4.90,0.0490,true,1,3997976
7290017390390,false,"גרנולה פירות 1 ק""ג -",,,גרנולה פירות 1 קג,גרמים,1000.00,100 גרם,false,,19.90,0.0199,true,1,3997881
7290017390475,false,מטבעות שוקולד מריר לאפיה 300 גר,,,מטבעות שוקולד מריר ל,גרמים,300.00,100 גרם,false,,10.90,0.0363,true,1,3997932
7290017390482,false,מטבעות שוקולד חלב לאפיה 300 גר,,,מטבעות שוקולד חלב לא,גרמים,300.00,100 גרם,false,,10.90,0.0363,true,1,3997933
7290017390499,false,מטבעות שוקולד לבן לאפיה 300 גר,,,מטבעות שוקולד לבן לא,גרמים,300.00,100 גרם,false,,10.90,0.0363,true,1,3997934
7290017390505,false,מטבעות שוקולד ציפס מריר לאפיה 300 גר,,,מטבעות שוקולד ציפס מ,גרמים,300.00,100 גרם,false,,9.90,0.0330,true,1,3997935
7290017390529,false,סוכריות גומי דובונים פירות 300 גר,,,סוכריות גומי דובונים,גרמים,300.00,100 גרם,false,,9.90,0.0330,true,1,3997954
7290017390536,false,סוכריות גומי תות שדה 300 גר,,,סוכריות גומי תות שדה,גרמים,300.00,100 גרם,false,,9.90,0.0330,true,1,3997955
7290017390543,false,סוכריות גומי מסוכרות,,,סוכריות גומי טעם בננ,גרמים,300.00,100 גרם,false,,9.90,0.0330,true,1,3997956
7290017390550,false,סוכריות גומי טעם אפרסק 300 גר,,,סוכריות גומי טעם אפר,גרמים,300.00,100 גרם,false,,9.90,0.0330,true,1,3997957
7290017390567,false,סוכריות גומי נחשים ב,,,סוכריות גומי נחשים 3,גרמים,300.00,100 גרם,false,,9.90,0.0330,true,1,3997958
7290017390574,false,סוכריות גומי טעם אבטיח 300 גר,,,סוכריות גומי טעם אבט,גרמים,300.00,100 גרם,false,,9.90,0.0330,true,1,3997906
7290017390604,false,סוכריות גומי צורת בי,,,סוכריות גומי צורת בי,גרמים,300.00,100 גרם,false,,9.90,0.0330,true,1,3997909
7290017390628,false,שקד בציפוי שוקולד חלב 250 גר,,,שקד בציפוי שוקולד חל,גרמים,250.00,100 גרם,false,,15.90,0.0636,true,1,3997911
7290017390635,false,שקד בציפוי שוקולד לבן 250 גר,,,שקד בציפוי שוקולד לב,גרמים,250.00,100 גרם,false,,15.90,0.0636,true,1,3997912
7290017390642,false,חמוציות בציפוי שוקולד מריר 250 גר,,,חמוציות בציפוי שוקול,גרמים,250.00,100 גרם,false,,15.90,0.0636,true,1,3997913
7290017390659,false,חמוציות בציפוי שוקולד חלב 250 גר,,,חמוציות בציפוי שוקול,גרמים,250.00,100 גרם,false,,15.90,0.0636,true,1,3997914
7290017390673,false,צימוק בציפוי שוקולד חלב 250 גר,,,צימוק בציפוי שוקולד,גרמים,250.00,100 גרם,false,,15.90,0.0636,true,1,3997978
7290017390703,false,שומשום בציפוי שוקולד חלב 250 גר,,,שומשום בציפוי שוקולד,גרמים,250.00,100 גרם,false,,15.90,0.0636,true,1,3997981
7290017390734,false,פקאן בציפוי שוקולד לבן 250 גר,,,פקאן בציפוי שוקולד ל,גרמים,250.00,100 גרם,false,,15.90,0.0636,true,1,3997984
7290017390741,false,סוכריות מנטול ירוק 2,,,סוכריות מנטול ירוק 2,גרמים,220.00,100 גרם,false,,9.90,0.0450,true,1,3997985
7290017390765,false,סוכריות מנטול לקריץ 220גר,,,סוכריות מנטול לקריץ,גרמים,220.00,100 גרם,false,,9.90,0.0450,true,1,3997987
7290017390772,false,סוכריות מטלוס חמאה 2,,,סוכריות מטלוס חמאה 2,גרמים,220.00,100 גרם,false,,9.90,0.0450,true,1,3997988
7290017406381,false,פירורי לחם מתובלים ג,,,פירורי לחם מתובלים ג,מיליליטרים,500.00,"100 מ""ל",false,,7.90,0.0158,true,1,5361945
7290017406435,false,אורז בסמטי חום טאג' מאהל רמילוי,,,אורז בסמטי חום טאג',יח',1.00,יח',false,,9.90,9.9000,true,1,6283296
7290017406596,false,שיבולת שועל להכנה מהירה 500ג רמילוי,,,שיבולת שועל להכנה מה,גרמים,500.00,100 גרם,false,,9.90,0.0198,true,1,6259167
7290017406619,false,פירורי לחם לבנים 1קג רמילוי,,,פירורי לחם לבנים 1קג,גרמים,1000.00,100 גרם,false,,9.90,0.0099,true,1,6243230
7290017406626,false,פירורי לחם מוזהבים 1קג רמילוי,,,פירורי לחם מוזהבים 1,גרמים,1000.00,100 גרם,false,,9.90,0.0099,true,1,6243231
7290017406701,false,טורטיה עם קמח תירס רמי לוי,,,טורטיה עם קמח תירס ר,גרמים,360.00,100 גרם,false,,8.90,0.0247,true,1,6336390
7290017406718,false,מיני טורטיה מקמח חיטה רמי לוי,,,מיני טורטיה מקמח חיט,גרמים,250.00,100 גרם,false,,7.90,0.0316,true,1,6336391
7290017406732,false,חרדל דיג'ון 350גר רמילוי,,,חרדל דיג'ון 350גר רמ,גרמים,350.00,100 גרם,false,,7.90,0.0226,true,1,6297430
7290017406817,false,טורטיה קמח חיטה רמי לוי,,,טורטיה קמח חיטה רמי,גרמים,360.00,100 גרם,false,,8.90,0.0247,true,1,6336392
7290017406824,false,טורטיה קמח חיטה וסובין רמי לוי,,,טורטיה קמח חיטה וסוב,גרמים,360.00,100 גרם,false,,8.90,0.0247,true,1,6336393
7290017406848,false,פתי בר וניל 300גר רמילוי,,,פתי בר וניל 300גר רמ,גרמים,300.00,100 גרם,false,,4.50,0.0150,true,1,6354567
7290017440248,false,סרקל מרכך לילדים לשיער מתולתל 1 ליטר,פישר מעבדות פרמצבטיות בע,IL,סרקל מתולתל מרכך 1 ל,ליטרים,5.00,ליטר,false,,28.90,5.7800,true,1,5049160
7290017440279,false,"ד""ר פישר - קידס אל סבון ויטמינים 750 מ""ל",פישר תעשיות,IL,אל סבון ויטמינים קיד,יח',1.00,יח',false,,16.90,16.9000,true,1,5711297
7290017440286,false,"ד""ר פישר - קידס מרכך ויטמינים 750 מ""ל","ד""ר פישר Dr fischer",IL,"מרכך קידס 750 מ""ל",מיליליטרים,750.00,"100 מ""ל",false,,16.90,0.0225,true,1,5699663
7290017440309,false,"ד""ר פישר - קידס שמפו ויטמינים 750 מ""ל","ד""ר פישר Dr fischer",IL,שמפו קידס 750 מל,מיליליטרים,750.00,"100 מ""ל",false,,16.90,0.0225,true,1,5699664
7290017440323,false,"ד""ר פישר - קידס שמפו + מרכך ויטמינים 750 מ""ל","ד""ר פישר Dr fischer",IL,שמפו+מרכך קידס 750 מ,יח',1.00,יח',false,,16.90,16.9000,true,1,5699665
7290017440965,false,אל סבון היגייני לניקוי יסודי ולהזנת העור clean & nourish,"ד""ר פישר Dr fischer",IL,אל סבון קמיל בלו לבן,יח',1.00,יח',false,,15.80,15.8000,true,1,5517901
7290017457598,false,"מרכך כביסה סוד מרוכז סאמר בלוסום 900 מ""ל",הנקל סוד,IL,סוד מרכך מרוכז סמאר,מיליליטרים,900.00,"100 מ""ל",false,,11.90,0.0132,true,1,5507266
7290017457628,false,גל כביסה סוד טוטאל כחול 2.5 ליטר,הנקל סוד,IL,סוד ג'ל כביסה טוטל כ,ליטרים,2.50,ליטר,false,,24.90,9.9600,true,1,6223643
7290017457734,false,"סוד ורוד מרכך כביסה מרוכז20%+בישום 900 מ""ל",הנקל סוד,IL,סוד מרכך מרוכז ורוד,מיליליטרים,900.00,"100 מ""ל",false,,11.90,0.0132,true,1,5507273
7290017457888,false,סוד ג'ל כביסה טוטל כחול 4 לי,הנקל סוד,IL,סוד ג'ל כביסה טוטל כ,ליטרים,4.00,ליטר,false,,34.50,8.6250,true,1,6223669
7290017513393,false,תה ירוק ספירולינה וצמחים ירוקים 25 שקי,תה ויסוצקי,IL,תה ירוק סופר גרין 25,גרמים,37.50,100 גרם,false,,22.90,0.6107,true,1,5818707
7290017513485,false,מחית עגבניות רוסטיקה גרנד איטליה 680 גרם,היצרן: ס.פ. פודנצנו -10,IT,מחית עגבניות 680 ג,גרמים,680.00,100 גרם,false,,12.30,0.0181,true,1,6016438
7290017513775,false,פליפז בייגלה מצופה שוקולד חלב מקוויטיס 140 גרם,שוורצקוף& הנקל דיסלד,TR,בייגלה מצופה בשוקולד,גרמים,140.00,100 גרם,false,,7.90,0.0564,true,1,6126113
7290017513829,false,תה ירוק לימונית ג'ינג'ר 25 שקיקים בתוספת ויטמין Cּּ+D,ויסוצקי ירוק,IL,תה ירוק לימונית וגינ,גרמים,37.50,100 גרם,false,,22.90,0.6107,true,1,6246688
7290017513850,false,תה ירוק נענע 25 שקיקים בתוספת ויטמינים Cּּ+D,ויסוצקי ירוק,IL,תה ירוק נענע +ויטמינ,גרמים,37.50,100 גרם,false,,22.90,0.6107,true,1,6246689
7290017558615,false,מטען נייד,,,מטען נייד,יחידה,0.00,יחידה,false,,59.90,0.0000,true,1,6404532
7290017582030,false,GOOD PHARM - פינצטה אלכסונית,,,פינצטה אלכסונית GOOD,יח',1.00,יח',false,,10.00,10.0000,true,1,6374802
7290017582047,false,GOOD PHARM - פינצטה ישרה,,,פינצטה ישרה GOOD,יח',1.00,יח',false,,10.00,10.0000,true,1,6374803
7290017582061,false,GOOD PHARM - מספרים לעור,,,מספריים לעור GOOD,יח',1.00,יח',false,,10.00,10.0000,true,1,6374805
7290017582078,false,GOOD PHARM - קוצץ ציפורניים קטן,,,קוצץ ציפורניים קטן G,יח',1.00,יח',false,,10.00,10.0000,true,1,6374806
7290017582092,false,GOOD PHARM - צבת לציפורניים,,,צבת לציפורניים GOOD,יח',1.00,יח',false,,10.00,10.0000,true,1,6374830
7290017582160,false,GOOD PHARM - פצירות רכות רב פעמיות,,,פצירות רכות רב פעמיו,יח',1.00,יח',false,,10.00,10.0000,true,1,6374833
7290017589565,false,"ברקן, גוורצטרמינר לבן חצי יבש 750 מל",יקבי ברקן שיווק והפצ,IL,יין קלאסיק גוורץ 750,יח',1.00,יח',false,,31.80,31.8000,true,1,5373882
7290017589633,false,"רזרב גולד אדישיין קברנה סוביניון 750 מ""ל",יקבי ברקן Barkan,IL,רזרב גולד קברנה סובי,מיליליטרים,750.00,"100 מ""ל",false,,34.90,0.0465,true,1,5380934
7290017595023,false,כוסיות לנרונים עם גומי,,,כוסיות לנרונים,יח',1.00,יח',false,,2.40,2.4000,true,1,5294234
7290017595047,false,זוג כוסיות לנרונים שלהבת,שלהבת,IL,זוג כוסיות קריסטל,יח',1.00,יח',false,,13.90,13.9000,true,1,5265710
7290017595078,false,כוסית זכוכית עם רגל,,,כוסיות לנרונים,קילו,1.00,קילו,false,,2.90,2.9000,true,1,5265712
7290017599250,false,סוכרזית קלאסי 120 שקיות,ביסקול בע''מ,IL,סוכרזית קלאסי 120 שק,גרמים,100.00,100 גרם,false,,15.90,0.1590,true,1,6396983
7290017599274,false,סוכרזית סטיוויה 120 שקיות,ביסקול בע''מ,IL,סוכרזית סטיוויה 120,יחידה,0.00,יחידה,false,,29.90,0.0000,true,1,6404231
7290017616827,false,שעועית ירוקה עדינה 8,,,שעועית ירוקה עדינה 8,גרמים,800.00,100 גרם,false,,7.20,0.0090,true,1,6292152
7290017617091,false,סטארקיסט מיקס טוגו טונה עם פתיתים 185 גרם,דרדנל אוננטאס גידה,TR,סטארקיסט מיקס טוגו 1,גרמים,185.00,100 גרם,false,,12.90,0.0697,true,1,6284671
7290017617138,false,רביעיית טונה סטארקיסט בשמן קנולה דל נתרן 160 גרם,"סטארקיסט פודור בע""מ",TH,טונה סטארקיסט בשמן ד,גרמים,640.00,100 גרם,false,,24.90,0.0389,true,1,6259982
7290017637587,false,קרם לתלתלים מיקי בוגנים 200 מל,סאסא קוסמטיקס,IL,קרם לתלתלים מיקי בוג,מטרים,200.00,100 מ'ל,false,,23.90,0.1195,true,1,6391067
7290017637631,false,מרכך יומיומי יסמין קסום 500 מל בוגנים,סאסא קוסמטיקס,IL,מרכך לשיער יסמין מיק,מטרים,500.00,100 מ'ל,false,,23.90,0.0478,true,1,6391040
7290017637648,false,מסיכת הזמנה לשיער מיקי בוגנים 250מל,סאסא קוסמטיקס,IL,מסיכת הזמנה לשיער מי,מטרים,250.00,100 מ'ל,false,,26.90,0.1076,true,1,6391071
7290017637655,false,שמפו קרטין ללא מלח מיקי בוגנים 500 מל,סאסא קוסמטיקס,IL,שמפו קרטין ללא מלח מ,מטרים,500.00,100 מ'ל,false,,23.90,0.0478,true,1,6391119
7290017637761,false,מרכך לשיער ללא מלחים 500מל מיקי בוגנים,General,IL,מרכך לשיער ללא מלחים,מטרים,500.00,100 מ'ל,false,,24.90,0.0498,true,1,6409483
7290017641096,false,"שוקולד פרימיום 70% לל""ס 100גרם בדצ *12יח*2 בדיס",כרמית תעשיות ממתקים,IL,שוקולד פרימיום 70% ל,יח',1.00,יח',false,,7.50,7.5000,true,1,5306425
7290017641102,false,"שוקולד פרימיום 70% לל""ס תפוז 100ג' 12יח*2 בדיס",כרמית תעשיות ממתקים,IL,שוקולד פרימיום 70% ל,יח',1.00,יח',false,,7.50,7.5000,true,1,5306426
7290017641119,false,שוקולד פרימיום 85% מריר כרמית 100 גרם,כרמית תעשיות ממתקים בעמ,IL,שוקולד פרימיום 85% כ,גרמים,100.00,100 גרם,false,,7.90,0.0790,true,1,6205854
7290017641379,false,חמישיות שוקולד חלב בדצ 85 ג*5 בלמינט*12 בקרט בדצ,"כרמית תעשיות ממתקים בע""\",IL,חמישיית שוקלד חלב,גרמים,425.00,100 גרם,false,,14.90,0.0351,true,1,5878055
7290017641409,false,טופי בטעם תות 800 גרם בדץ יבוא שוגבי,שוגבי סקרלמה גידה אי,TR,סוכריות טופי טעם תות,גרמים,800.00,100 גרם,false,,11.90,0.0149,true,1,5907270
7290017641720,false,שוקולד פרימיום 70% שברי שקד כרמית 100 גרם,כרמית תעשיות ממתקים בעמ,IL,שוקולד מריר שברי אגו,גרמים,100.00,100 גרם,false,,7.90,0.0790,true,1,6205862
7290017641737,false,שוקולד פרימיום 70% שברי אגוז כרמית 100 גרם,כרמית תעשיות ממתקים בעמ,IL,שוקולד 70% שברי אגוז,גרמים,100.00,100 גרם,false,,7.90,0.0790,true,1,6205863
7290017641751,false,מרשמלו ורוד לבן 180ג רמילוי,,,מרשמלו ורוד לבן 180ג,גרמים,180.00,100 גרם,false,,4.90,0.0272,true,1,6212035
7290017641768,false,מרשמלו מסובב ורוד לבן 180ג רמילוי,,,מרשמלו מסובב ורוד לב,גרמים,180.00,100 גרם,false,,4.90,0.0272,true,1,6212036
7290017641775,false,מרשמלו צבעוני 180ג רמילוי,,,מרשמלו צבעוני 180ג ר,גרמים,180.00,100 גרם,false,,4.90,0.0272,true,1,6212037
7290017641997,false,"שוקולד מריר עם שברי אגוזי לוז פרימיום 70% לל""ס כרמית","כרמית תעשיות ממתקים בע""\",IL,שוקולד מריר מעולה 70,יח',1.00,יח',false,,7.50,7.5000,true,1,6243206
7290017647708,false,"רמת הגולן גמלא גוורצטרמינר, 750 מ""ל י יקב רמת הגולן",מיוצר וממולא על ידי יקב,IL,גמלא גוורצטרמינר 750,מטרים,750.00,100 מ'ל,false,,64.90,0.0865,true,1,6336936
7290017647722,false,"יין גמלא בלאנקו 20 עברית 750 מ""ל",יקבי רמת הגולן,IL,גמלא בלאנקו לבן יבש,מטרים,750.00,100 מ'ל,false,,64.90,0.0865,true,1,6336937
7290017677804,false,"רוטב סויה קיקומן ללא חומרים משמרים 444 מ""ל",קיקומן פודז אינק,US,"רוטב סויה 444 מ""ל קי",מיליליטרים,444.00,"100 מ""ל",false,,19.80,0.0446,true,1,5674563
7290017712222,false,פרמיודגי ים ברוטב 100 גר,סאטורן,FR,פרמיודגי ים ברוטב 10,יח',1.00,יח',false,,4.90,4.9000,true,1,6098126
7290017712291,false,חטיף פרמיו 150ג מעושן,לנגי,CN,חטיף פרמיו 150ג מעוש,גרמים,150.00,100 גרם,false,,9.90,0.0660,true,1,6346366
7290017712307,false,חטיף פרמיו 150ג מיני,לנגי,CN,חטיף פרמיו 150ג מיני,גרמים,150.00,100 גרם,false,,9.90,0.0660,true,1,6346367
7290017712666,false,הוריזן בקר לכלב ננסי 100 גר,הורייזן Horizon,DE,הוריזן בקר לכלב ננסי,יח',1.00,יח',false,,4.90,4.9000,true,1,6282323
7290017712680,false,הוריזן עוף לכלב ננסי 100 גר,הורייזן Horizon,,הוריזן עוף לכלב ננסי,יח',1.00,יח',false,,4.90,4.9000,true,1,6282325
7290017752631,false,אטריות ביצים רחבות 400ג רמילוי,,,אטריות ביצים רחבות 4,גרמים,400.00,100 גרם,false,,7.90,0.0198,true,1,5649952
7290017752648,false,אטריות ביצים דקות 400ג רמילוי,,,אטריות ביצים דקות 40,גרמים,400.00,100 גרם,false,,7.90,0.0198,true,1,5649953
7290017752709,false,אטריות אורז דקות 454ג רמילוי,,,אטריות אורז דקות 454,גרמים,454.00,100 גרם,false,,10.50,0.0231,true,1,5649954
7290017752716,false,אטריות אורז רחבות 454ג רמילוי,,,אטריות אורז רחבות 45,גרמים,454.00,100 גרם,false,,10.50,0.0231,true,1,5649955
7290017812052,false,יין שיראז-קברנה סוביניון אקסלנס יקבי כרמל,יקבי כרמל Carmel Winery,IL,יין שיראז-קברנה סובי,מיליליטרים,750.00,"100 מ""ל",false,,21.80,0.0291,true,1,5114766
7290017812069,false,יין אמרלד ריזלינג שרדונה אקסלנס Excellence,יקבי כרמל Carmel Winery,IL,יין ריזלינג-שרדונה א,מיליליטרים,750.00,"100 מ""ל",false,,21.80,0.0291,true,1,5114767
7290017812083,false,מיץ תירוש אדום רמי לוי 1 לי,,,מיץ תירוש אדום רמי ל,ליטרים,1.00,ליטר,false,,12.90,12.9000,true,1,5332832
7290017812090,false,מיץ תירוש לבן רמי לוי 1 לי,,,מיץ תירוש לבן רמי לו,ליטרים,1.00,ליטר,false,,12.90,12.9000,true,1,5332833
7290017812571,false,מיץ ענבים תירוש אדום 100% טבעי כרמל 1 ליטר,יקבי כרמל Carmel Winery,IL,מיץ ענבים אדום 100%,ליטרים,1.00,ליטר,false,,19.90,19.9000,true,1,6207002
7290017812588,false,מיץ ענבים תירוש לבן 100% טבעי כרמל 1 ליטר,יקבי כרמל Carmel Winery,IL,מיץ ענבים לבן 100% ט,ליטרים,1.00,ליטר,false,,19.90,19.9000,true,1,6203193
7290017812618,false,מיץ ענבים תירוש אדום רוזה כרמל 1 ליטר,כרמל מזרחי,IL,תירוש טבעי רוזה 100%,ליטרים,1.00,ליטר,false,,19.90,19.9000,true,1,6222760
7290017812663,false,"תירוש לבן מיץ ענבים מבעבע כרמל 750 מ""ל",ג'\קובז'\י איי.אי פיגלי,IL,תירוש מבעבע לבן 750,מיליליטרים,750.00,"100 מ""ל",false,,19.90,0.0265,true,1,6280953
7290017812847,false,"יין פרנץ גוורצטרמינר סלקטד כרמל 750 מ""ל","כד בני דרום בע""מ",IL,סלקטד פרנץ גוורצטרמי,מיליליטרים,750.00,"100 מ""ל",false,,28.80,0.0384,true,1,6269374
7290017812878,false,"אקסלנס וזה -קברנה סוביניון כרמל 750 מ""ל",קריות זול,IL,יין אקסלנס רוזה יקבי,מיליליטרים,750.00,"100 מ""ל",false,,21.80,0.0291,true,1,6269376
7290017812885,false,"יין P.C סוביניון בלאן גוורצטרמינר כרמל 750 מ""ל",אגודת הכורמים א.ת אל,IL,P.C סוביניון גוורצטר,מיליליטרים,750.00,"100 מ""ל",false,,38.90,0.0519,true,1,6301288
7290017812977,false,"יין קריניאנו סלקטדאננס באז כרמל 750 מ""ל",כרמל מזרחי,IL,באזז אננס 750מל,מיליליטרים,750.00,"100 מ""ל",false,,26.90,0.0359,true,1,6301289
7290017864259,false,בזיליקום 100ג רמי לוי,,,בזיליקום 100ג רמי לו,גרמים,100.00,גרם,false,,8.90,0.0890,true,1,6225172
7290017864341,false,תפוא למיקרו רמי לוי,,,תפוא למיקרו רמי לוי,גרמים,700.00,100 גרם,false,,5.90,0.0084,true,1,6217656
7290017864358,false,נענע ארוז רמי לוי,,,נענע ארוז רמי לוי,יח',1.00,יח',false,,3.90,3.9000,true,1,6255576
7290017864365,false,פטרוזליה ארוז רמי לוי,,,פטרוזליה ארוז רמי לו,יח',1.00,יח',false,,3.90,3.9000,true,1,6255577
7290017864372,false,שמיר ארוז רמי לוי,,,שמיר ארוז רמי לוי,יח',1.00,יח',false,,3.90,3.9000,true,1,6255578
7290017864389,false,כוסברה ארוז רמי לוי,,,כוסברה ארוז רמי לוי,יח',1.00,יח',false,,3.90,3.9000,true,1,6255579
7290017864396,false,סלרי ארוז רמי לוי,,,סלרי ארוז רמי לוי,יח',1.00,יח',false,,5.90,5.9000,true,1,6255580
7290017864402,false,עלי מנגולד ארוז רמי לוי,,,עלי מנגולד ארוז רמי,יח',1.00,יח',false,,5.90,5.9000,true,1,6255581
7290017864419,false,שורש פטרוזיליה ארוז,,,שורש ארוז רמי לוי,יח',1.00,יח',false,,5.90,5.9000,true,1,6255582
7290017864426,false,בצל ירוק ארוז רמי לוי,,,בצל ירוק ארוז רמי לו,יח',1.00,יח',false,,5.90,5.9000,true,1,6255583
7290017864457,false,סלרי ראש רמי לוי,,,סלרי ראש רמי לוי,יח',1.00,יח',false,,5.90,5.9000,true,1,6255584
7290017864464,false,לוף פרסה ארוז רמי לוי,,,לוף פרסה ארוז רמי לו,יח',1.00,יח',false,,7.90,7.9000,true,1,6211230
7290017871363,false,פמילי יהלום- פמלי סבון ידיים מועשר בשמן מקדמיה לניקוי וטיפוח עור הידיים,המאפיה של הרמן,TR,סבון ידיים מועשר 500,מיליליטרים,500.00,"100 מ""ל",false,,9.50,0.0190,true,1,6215221
7290017871448,false,טוסו חטיף תמרים וקשיו ללא גלוטן וללא תוספת סוכר,תות תעשיות מזון (2014) ב,IL,חטיף תמרים וקשיו,גרמים,140.00,100 גרם,false,,14.70,0.1050,true,1,5970493
7290017871554,false,טוסו חטיף תמרים ושברי קקאו ללא גלוטן וללא תוספת סוכר,תות תעשיות מזון (2014) ב,IL,חטיף תמרים ושברי קקא,גרמים,140.00,100 גרם,false,,14.70,0.1050,true,1,5970496
7290017871950,false,פרשוואנס נייר טואלט לח מתכלה בניחוח לוונדר מארז שלישייה,עלבד משואות יצחק,IL,פרש וואנס נייר טואלט,יח',1.00,יח',false,,12.90,12.9000,true,1,6273945
7290017871974,false,טוסו אבקת ג'לי טעם תות 30גרם,אשבל מזון פונקציונלי בע\,IL,טוסו אבקת ג'לי טעם ת,גרמים,30.00,100 גרם,false,,8.90,0.2967,true,1,6233691
7290017871998,false,טוסו פודינג אינסטנט בטעם וניל 30גרם,אשבל מזון פונקציונלי בע\,IL,טוסו פודינג אינסטנט,גרמים,30.00,100 גרם,false,,8.90,0.2967,true,1,6233693
7290017872001,false,"קרם החתלה פרשוואנס שמן זית ופרופוליס 100 סמ""ק",פרש-וואנס,IL,קרם החתלה פרש וואנס,יח',1.00,יח',false,,12.50,12.5000,true,1,6226294
7290017872018,false,"קרם החתלה פרשוואנס קמומיל וקלנדולה 100 סמ""ק",פרש-וואנס,IL,קרם החתלה פרש וואנס,יח',1.00,יח',false,,12.50,12.5000,true,1,6226295
7290017872162,false,טוסו - עוגיות אגוזי לוז ללא סוכר 200 גרם,"הגביע מוצרי וופלים בע""\מ",IL,טוסו עוגיות אגוזי לו,גרמים,200.00,100 גרם,false,,14.90,0.0745,true,1,6222332
7290017872186,false,טוסו - עוגיות פקאן ללא סוכר 200 גרם,"הגביע מוצרי וופלים בע""\מ",IL,טוסו עוגיות פקאן 200,גרמים,200.00,100 גרם,false,,13.90,0.0695,true,1,6222334
7290017872889,false,מארז שקיות אשפה אקס לארג גלילונית 2*22 יח',"אליף בע""\מ",TR,גלילונית לאשפה לארג,יח',22.00,יח',false,,21.90,0.9955,true,1,6324737
7290017873008,false,גלילונית הקפאה זוג 275 יחידות,"אשפלסט תעשיות בע""מ",IL,גלילונית הקפאה זוג 2,יח',1.00,יח',false,,11.90,11.9000,true,1,6324738
7290017873039,false,מארז זוג שקיות לסנדוויץ גלילונית 2*160 יח',"קינג באג בע""מ",TH,גלילונית שקיות לסנדו,יח',1.00,יח',false,,9.90,9.9000,true,1,6324739
7290017873183,false,"סבון ידיים בניחות אשכולית אדומה 500 מ""ל יהלום",,TR,פמילי סבון ידיים בני,מטרים,500.00,100 מ'ל,false,,9.90,0.0198,true,1,6337962
7290017873367,false,"קרם ידיים ויטליטי לכל סוגי העור 100 מ""ל פנג'ל","דנלוג אינטרקוסמא בע""\מ",IL,קרם ידיים פנג'ל 100,מטרים,100.00,100 מ'ל,false,,11.90,0.1190,true,1,6428726
7290017873398,false,"תחליב גוף ויטליטי לכל סוגי העור 400 מ""ל פנג'ל","דנלוג אינטרקוסמא בע""\מ",IL,תחליב גוף פנג'ל 400,מטרים,400.00,100 מ'ל,false,,24.90,0.0622,true,1,6428727
7290017888729,false,שוופס סודה בקבוק 1 ל',"יפאורה תבורי בע""\מ",IL,סודה 1 לי,יח',1.00,יח',false,,3.90,3.9000,true,1,6225528
7290017888972,false,בקבוק מי עדן פקק ספורט 1 ליטר,"מופק ממקור בזלתי עדן ,1",IL,מי עדן 1לי פקק ספורט,יח',1.00,יח',false,,3.50,3.5000,true,1,6233060
7290017894089,false,קמח שיבולת שועל דגש 400 גרם,אף. סי תבליני הגליל,IL,קמח שיבולת שועל 400,גרמים,400.00,100 גרם,false,,19.90,0.0497,true,1,6238271
7290017894102,false,פנה אורז תירס דגש 400 גרם,אנדריאני,IL,פנה אורז תירס 400 גר,גרמים,400.00,100 גרם,false,,9.90,0.0248,true,1,6255907
7290017894126,false,פוזילי טריקולור דגש 400 גרם,אנדריאני,IL,פוזילי טריקולור 400,גרמים,400.00,100 גרם,false,,9.90,0.0248,true,1,6255909
7290017907215,false,קמח תמי למאפי שמרים ללא גלוטן 500 גרם,פוראטוס ישראל,IL,קמח תמי למאפי שמרים,גרמים,500.00,100 גרם,false,,18.90,0.0378,true,1,6292723
7290017907260,false,תערובת להכנת כדורי פלאפל לנמנעים מגלוטן,פוראטוס ישראל,IL,תמי פלאפל ללא גלוטן,גרמים,300.00,100 גרם,false,,15.90,0.0530,true,1,6292728
7290017917283,false,"מגבוני קמיל בלו ד""ר פישר ללא בישום רביעי",פישר מעבדות פרמצבטיות,IL,רביעיית מגבוני קמיל,יח',1.00,יח',false,,19.90,19.9000,true,1,6078004
7290017917382,false,אל סבון היגייני לניקוי יסודי ולהרגע העור clean & calm,"ד""ר פישר Dr fischer",IL,אל סבון קמיל בלו 1לי,יח',1.00,יח',false,,15.80,15.8000,true,1,5740356
7290017917757,false,"ד""ר פישר EFFECTIVE CARE קרם גוף בשמן כותנה 450 מ""ל",פישר מעבדות פרמצבטיות בע,IL,קרם גוף אפקטיב קר שמ,מיליליטרים,450.00,"100 מ""ל",false,,24.90,0.0553,true,1,6231920
7290017917764,false,"ד""ר פישר - אפקטיב קר קרם גוף מועשר בשמן ארגן 450 מ""ל",פישר מעבדות פרמצבטיות בע,IL,קרם גוף אפקטיב קר שמ,מיליליטרים,450.00,"100 מ""ל",false,,24.90,0.0553,true,1,6231921
7290017925363,false,בירה נגב פאטה מורגנה 330מל,בירה מלכה,IL,בירה נגב פאטה מורגנה,מטרים,330.00,100 מ'ל,false,,12.90,0.0391,true,1,6440140
7290017928036,false,מקלות גריסיני שומשום מאיר בייגל 175 גרם,מאיר את בייגל,IL,מאיר בייגל מקלות גרי,גרמים,175.00,100 גרם,false,,11.90,0.0680,true,1,6093820
7290017928043,false,מקלות גריסיני קראנץ' מלח מאיר בייגל 175 גרם,מאיר את בייגל,IL,מאיר בייגל גריסיני ק,גרמים,175.00,100 גרם,false,,11.90,0.0680,true,1,6093821
7290017928081,false,מקלות כעכים עם מלח רמילוי,,,מקלות כעכים עם מלח ר,גרמים,200.00,100 גרם,false,,5.90,0.0295,true,1,6282237
7290017928098,false,שטוחלה מלח מאיר בייגל 330 גרם,מאיר את בייגל,IL,מאיר בייגל שטוח מלח,גרמים,330.00,100 גרם,false,,11.90,0.0361,true,1,6324740
7290017928210,false,בייגלה גדול שומשום מאיר בייגל 250 גרם,מאיר את בייגל,IL,מאיר בייגל בייגלה גד,גרמים,250.00,100 גרם,false,,11.90,0.0476,true,1,6093823
7290017928227,false,"בייגלה שטוח'לה פינוקים שומשום, קצח, שום ובצל",מאיר את בייגל,IL,מאיר בייגל שטוחלה פי,גרמים,300.00,100 גרם,false,,10.90,0.0363,true,1,6093824
7290017928289,false,שמיניות כעכים עם מלח רמילוי,,,שמיניות כעכים עם מלח,גרמים,200.00,100 גרם,false,,5.90,0.0295,true,1,6282238
7290017928432,false,מקלות גריסיני קראנץ' פרג מאיר בייגל 175 גרם,מאיר את בייגל,IL,מאיר בייגל גריסיני ק,גרמים,175.00,100 גרם,false,,11.90,0.0680,true,1,6093829
7290017928463,false,מאיר בייגל -סמאש-שבורים בטעם דבש חרדל ובצל 300 גרם,מאיר בייגל,BG,סמאש שברי בייגלה טעם,גרמים,300.00,100 גרם,false,,9.90,0.0330,true,1,6273947
7290017928487,false,כעכים גדולים עם מלח רמילוי,,,כעכים גדולים עם מלח,גרמים,200.00,100 גרם,false,,5.90,0.0295,true,1,6282219
7290017928616,false,שטוחלה שומשום מאיר בייגל 300 גרם,מאיר את בייגל,IL,מאיר בייגל שטוחלה שו,גרמים,330.00,100 גרם,false,,10.90,0.0330,true,1,6093832
7290017928630,false,מקלות גריסיני קראנץ' פינוקים מאיר בייגל 175 גרם,מאיר את בייגל,IL,מאיר בייגל גריסיני ק,גרמים,175.00,100 גרם,false,,11.90,0.0680,true,1,6093833
7290017928661,false,מאיר בייגל -סמאש-שבורים בטעם צ'דר 300 גרם,מאיר בייגל,BG,סמאש שברי בייגלה טעם,גרמים,300.00,100 גרם,false,,9.90,0.0330,true,1,6273948
7290017928685,false,בייגלה שמיניות מלוח מאיר בייגל 400 גרם.,מאיר את בייגל,IL,מאיר בייגל שמיניות מ,גרמים,400.00,100 גרם,false,,11.90,0.0298,true,1,6324742
7290017928807,false,בייגלה אצבעות שומשום מאיר בייגל 300 גרם,מאיר את בייגל,IL,מאיר בייגל אצבעות שו,גרמים,300.00,100 גרם,false,,10.90,0.0363,true,1,6093835
7290017928821,false,מקלות גריסיני קלאסי מאיר בייגל 200 גרם,מאיר את בייגל,IL,מאיר בייגל מקלות גרי,גרמים,200.00,100 גרם,false,,11.90,0.0595,true,1,6093837
7290017932088,false,גאלה תחתית אפויה לפאי 170 גרם,פיניקל פודס גרופ,US,בסיס להכנת עוגת פאי,גרמים,170.00,100 גרם,false,,12.90,0.0759,true,1,6210371
7290017932316,false,רוטב עגבניות לפסטה עם שמן זית 680 גר' דיניקולה,ג'יאובני פוד,US,רוטב עגבניות לפסטה ו,גרמים,680.00,100 גרם,false,,16.60,0.0244,true,1,6367079
7290017946368,false,שלישיית כדוריות סבון לאסלה אוקיינוס סוד 50 גרם,הנקל סוד,RS,סוד כדוריות לאסלה או,יח',1.00,יח',false,,16.90,16.9000,true,1,6248858
7290017947105,false,לחם אנג'ל בסגנון אמריקה 500 גרם,מאפיית שלמה א. אנג'\ל בע,IL,לחם סגנון אמריקה,גרמים,500.00,100 גרם,false,,14.90,0.0298,true,1,6206003
7290017947372,false,חלה מתוקה ארוזה אנג'ל 500 גרם,,,חלה מתוקה ארוזה 500ג,גרמים,500.00,100 גרם,false,,13.90,0.0278,true,1,6219557
7290017947457,false,חלה קלועה כוסמין אנג'ל ארוזה 500 גרם,מאפיית שלמה א.אנג'ל,IL,חלה קלועה כוסמין 500,גרמים,500.00,100 גרם,false,,16.90,0.0338,true,1,6322346
7290017947464,false,שמיניית פיתות כוסמין אנג'ל 8*50 גרם,מאפיית שלמה א.אנג'\ל בע\,IL,אנגל פיתות כוסמין 8י,גרמים,400.00,100 גרם,false,,15.90,0.0398,true,1,6354194
7290017947495,false,6 לחמניות כוסמין 450 גרם אנג'ל,מאפיית שלמה א.אנג'\ל,IL,לחמניות כוסמין 6 יח,גרמים,450.00,100 גרם,false,,14.90,0.0331,true,1,6257416
7290017947891,false,לחם אנג'ל כוסמין וחיטה מלאה 750 גרם,מאפיית שלמה א. אנג'\ל בע,IL,לחם כוסמין וחיטה מלא,גרמים,750.00,100 גרם,false,,16.90,0.0225,true,1,6206004
7290017947921,false,לחמניות המבורגר בסגנון אמריקאי מארז 6 יח',מאפיית שלמה א. אנג'\ל בע,IL,שישיית לחמניות המבור,גרמים,450.00,100 גרם,false,,14.90,0.0331,true,1,6217210
7290017947938,false,מיני לחמניות המבורגר בסגנון אמריקה 400 ג' אנג'ל,מאפיית שלמה א. אנג'\ל בע,IL,לחמניות המבורגר 8יח,יח',1.00,יח',false,,14.90,14.9000,true,1,6265608
7290017978215,false,"קרמבו מוקה ""ריאו"" 16 יחידות","גלידות ריאו ביח""ר לג",IL,קרמבו ריאו מוקה 16 י,יח',1.00,יח',false,,21.70,21.7000,true,1,6254521
7290018043196,false,פראוד - חטיף חלבון בטעם שוקולד לבן עוגיות 60 גרם,הרת'סייד פוד סולושיי,NL,שוקולד לבן עוגיות,יח',1.00,יח',false,,13.90,13.9000,true,1,6269405
7290018043295,false,חטיף חלבון בטעם ונילה קראנץ',הרת'סייד פוד סולושיי,NL,שוקולד וניל קראנץ,יח',1.00,יח',false,,13.90,13.9000,true,1,6269406
7290018045084,false,דגנים במילוי קרם בטעם בראוניז 480 ג' BON & BON,monday,DE,דגנים במילוי קרם ברא,גרמים,480.00,100 גרם,false,,22.80,0.0475,true,1,6344103
7290018045312,false,זוג ספוגי ניקוי סקראב דדי,,US,ליפה סקראב דאדי,יחידה,0.00,יחידה,false,,17.70,0.0000,true,1,6432994
7290018045497,false,בון בון דגנים במילוי קרם שוקולד 480 גרם,monday,DE,דגנים במילוי קרם שוק,גרמים,480.00,100 גרם,false,,22.80,0.0475,true,1,6344104
7290018045695,false,BON&BON דגנים במילוי קרם קרמל מלוח 480 גרם,monday,DE,דגנים במילוי קרם קרמ,גרמים,480.00,100 גרם,false,,22.80,0.0475,true,1,6344105
7290018045893,false,בון בון דגנים במילוי קרם נוגט 480 גרם,monday,DE,דגנים במילוי קרם נוג,גרמים,480.00,100 גרם,false,,22.80,0.0475,true,1,6344106
7290018063811,false,קלין מבשם כביסה כחול 750 מל,,,קלין מבשם כביסה כחול,מטרים,750.00,100 מ'ל,false,,16.90,0.0225,true,1,6426303
7290018091029,false,מקלות פילו תפוחי אדמה מעדנות 450 ג',תנובה מעדנות,IL,"מקלות פילו תפו""א 450",גרמים,450.00,100 גרם,false,,14.90,0.0331,true,1,6241687
7290018091074,false,בצק עוגיות שוקולד צ'יפס 300 גרם מעדנות,תנובה מעדנות,IL,בצק עוגיות טריפל שוק,גרמים,300.00,100 גרם,false,,14.90,0.0497,true,1,6411247
7290018091272,false,בצק עוגיות קקאו טריפל שוקולד צ'יפס 300 גרם מעדנות,תנובה מעדנות,IL,בצק עוגיות קקאו טריפ,גרמים,300.00,100 גרם,false,,14.90,0.0497,true,1,6411248
7290018091616,false,מקלות פילו גבינה מעדנות 450 גרם,מיוצר עי קונדיטוריית,IL,מקלות פילו וגבינה,גרמים,450.00,100 גרם,false,,14.90,0.0331,true,1,6232709
7290018091876,false,מאפה פילו גבינה מעדנות 320 גרם,"מעדנות בע""\מ",IL,מעדנות מאפה פילו גבי,גרמים,320.00,100 גרם,false,,19.90,0.0622,true,1,6381847
7290018098080,false,פיצה משפחתית מרגריטה 500 גר,,,פיצה משפחתית מרגריטה,גרמים,500.00,100 גרם,false,,9.90,0.0198,true,1,6322098
7290018098509,false,מרק שעועית 500גר,,,מרק שעועית 500גר,גרמים,500.00,100 גרם,false,,9.90,0.0198,true,1,6439418
7290018098516,false,מרק אפונה 500 גר,,,מרק אפונה 500 גר,גרמים,500.00,100 גרם,false,,9.90,0.0198,true,1,6439419
7290018098561,false,"תערובת תות, בננה, תמר ואסאי מוקפאים 300 ג' פרי שייק","פרוטלנד בע""\מ",IL,תערובת פירות קפואים,גרמים,300.00,100 גרם,false,,14.90,0.0497,true,1,6413076
7290018098585,false,קציצות צמחוניות 300 גרם,"אופק מן הטבע בע""\מ",IL,קציצות 300ג מן הטבע,גרמים,300.00,100 גרם,false,,21.90,0.0730,true,1,6384620
7290018098592,false,שווארמה טבעוניות ביף,"אופק מן הטבע בע""\מ",IL,שווארמה 300ג מן הטבע,גרמים,300.00,100 גרם,false,,21.90,0.0730,true,1,6370312
7290018098615,false,מרק מיניסטרונה 500 גר,,,מרק מיניסטרונה 500 ג,גרמים,500.00,100 גרם,false,,9.90,0.0198,true,1,6439420
7290018098622,false,פיצה ביס אישית 10 יחידות,"אופק מן הטבע בע""מ",IL,מרק ירקות 500 גר,גרמים,500.00,100 גרם,false,,9.90,0.0198,true,1,6439421
7290018132340,false,"מטרנה גולד בד""ץ שלב 1 700 גרם",מטרנה תעשיות ש.מ.,IL,"מטרנה גולד בד""צ שלב",גרמים,700.00,100 גרם,false,,67.50,0.0964,true,1,6394126
7290018132425,false,"מטרנה גולד בד""ץ שלב 3 700 גרם",מטרנה תעשיות ש.מ.,IL,"מטרנה גולד בד""צ שלב",גרמים,700.00,100 גרם,false,,67.50,0.0964,true,1,6394156
7290018165010,false,"יין רזרב GOLD EDITION גווצטרמינר ברקן 750 מ""ל",יקבי ברקן שיווק והפצה בע,IL,רזרב גולד גוורצטרמינ,מיליליטרים,750.00,"100 מ""ל",false,,34.90,0.0465,true,1,6203278
7290018165027,false,"יין רזרב GOLD EDITION רוזה ברקן 750 מ""ל",יקבי ברקן שיווק והפצה בע,IL,רזרב גולד רוזה 750 מ,מיליליטרים,750.00,"100 מ""ל",false,,34.90,0.0465,true,1,6203279
7290018165447,false,"יין רזרב GOLD מרלו ברקן 750 מ""ל",יקבי ברקן שיווק והפצה בע,IL,רזרב גולד מרלו 750 מ,מיליליטרים,750.00,"100 מ""ל",false,,34.90,0.0465,true,1,6270646
7290018195048,false,"חתיכות אננס בסירופ קל טעמן, 850 גרם",פ.ת גרייט פנאפל,TH,טעמן אננס חתוך בסירו,גרמים,850.00,100 גרם,false,,10.90,0.0128,true,1,6364974
7290018195338,false,חמישיית שוקולד זהב חלב 100 גרם טעמן,אלבה שוקולד,,חמישיית שוקולד זהב ח,גרמים,500.00,100 גרם,false,,24.90,0.0498,true,1,6365272
7290018195352,false,רמי לוי - נתחי טונה בהירה בשמן צמחי רביעייה,,,נתחי טונה בהירה בשמן,גרמים,158.00,100 גרם,false,,19.90,0.1259,true,1,6334781
7290018195376,false,נתחי טונה בהירה במי מלח רמילוי,,,נתחי טונה בהירה במי,גרמים,158.00,100 גרם,false,,19.90,0.1259,true,1,6368972
7290018195970,false,קקאו 500גר רמילוי,,,קקאו 500גר רמילוי,גרמים,500.00,100 גרם,false,,12.90,0.0258,true,1,6290582
7290018198056,false,תפוגן קוביות תפוחי אדמה 9*1.5קג,עיצובים 2020 (4.5),IL,תפוגן קוביות תפוא 1.,קילוגרמים,1.50,"ק""ג",false,,24.90,16.6000,true,1,6215630
7290018198148,false,"תפוגן קריספי צ'יפס קלאסי 1.25 ק""ג",עיצובים 2020 (4.5),IL,תפוגן קריספי ציפס קל,קילוגרמים,1.25,"ק""ג",false,,19.90,15.9200,true,1,6299903
7290018237397,false,עוף טוב פסטרמה מקורמלת נתח שלם 8*300 גרם,מוצרי עוף טוב (2001) בע\,IL,עוף טוב פסטרמה מקורמ,גרמים,300.00,100 גרם,false,,26.80,0.0893,true,1,6306381
7290018237410,false,עוף טוב פסטרמה במעשנה נתח שלם 8*300 גרם,מוצרי עוף טוב (2001) בע\,IL,עוף טוב פסטרמה במעשנ,גרמים,300.00,100 גרם,false,,26.80,0.0893,true,1,6306359
7290018237496,false,פסטרמה בדבש דק דק עוף טוב 200 גרם,"עוף טוב (שאן) בע""מ",IL,פסטרמה בדבש דקדק 220,גרמים,220.00,100 גרם,false,,19.90,0.0905,true,1,6337326
7290018237502,false,עוף טוב כתף בקר דק-דק 200 גרם,"עוף טוב (שאן) בע""מ",IL,עוף טוב כתף בקר דק-ד,גרמים,200.00,100 גרם,false,,19.90,0.0995,true,1,6337327
7290018237731,false,זוג פסטרמות ברביקיו ומעושנת עוף טוב 600 גרם,עוף טוב,IL,עוף טוב זוג פסטרמה ב,גרמים,600.00,100 גרם,false,,24.90,0.0415,true,1,6340630
7290018237922,false,שניצלונים ציפוי צ'יפס עוף טוב 700 גרם,מוצרי עוף טוב (2001) בע\,IL,שניצלונים בציפוי ציפ,גרמים,700.00,100 גרם,false,,13.90,0.0199,true,1,6374968
7290018237960,false,עוף טוב כתף בקר עסיסי 265 גרם,עיצובים 2020 (4.9),IL,כתף בקר עסיסי 265 ג,גרמים,265.00,גרם,false,,24.90,0.0940,true,1,6389367
7290018237984,false,סלמי פפרוני פיקנטי מפולפל 8*320ג עוף טוב,עיצובים 2020 (4.9),IL,פפרוני מפולפל 320 גר,גרמים,320.00,גרם,false,,24.90,0.0778,true,1,6389368
7290018249154,false,ממרח קקאו עם אגוזי לוז 350 גר,"אחדות ביח""ר לטחינה ח",IL,ממרח קקאו עם אגוזי ל,גרמים,400.00,100 גרם,false,,32.90,0.0822,true,1,6387364
7290018249802,false,ממתיק תחליף לסוכר 280 גרם,מתבל תעשיות מזון,IL,ממתיק סוויטנגו,גרמים,280.00,100 גרם,false,,26.90,0.0961,true,1,6232314
7290018249994,false,ממתיק סוויטאנגו אריזת חיסכון,מתבל תעשיות מזון,IL,ממתיק סוויטנגו 700 ג,גרמים,700.00,100 גרם,false,,56.70,0.0810,true,1,6213472
7290018282007,false,שמפו+ג'ל רחצה+סבון לגבר 750 מל,,,שמפו+ג'ל רחצה+סבון ל,גרמים,750.00,100 גרם,false,,8.50,0.0113,true,1,6227867
7290018282021,false,נועה שמפו לסירוק קל לילדים 750מל,,,נועה שמפו לסירוק קל,מיליליטרים,750.00,"100 מ""ל",false,,8.90,0.0119,true,1,6344629
7290018282205,false,רביעיית מגבונים 72 יחידות,,,רביעיית מגבונים 72 י,יח',1.00,יח',false,,10.90,10.9000,true,1,6241531
7290018282212,false,רביעיית מגבונים 72 יחידות,,,רביעיית מגבונים 72 י,יח',1.00,יח',false,,10.90,10.9000,true,1,6241532
7290018282410,false,נועה מרכך לסירוק קל לילדים 750מל,,,נועה מרכך לסירוק קל,מיליליטרים,750.00,"100 מ""ל",false,,8.90,0.0119,true,1,6344630
7290018282601,false,נועה תרסיס לסירוק קל לילדים 350מל,,,נועה תרסיס לסירוק קל,מיליליטרים,350.00,"100 מ""ל",false,,13.90,0.0397,true,1,6344632
7290018282632,false,תחליב רחצה נועה לילדים 750 מל רמי לוי,,,תחליב רחצה נועה לילד,מיליליטרים,750.00,"100 מ""ל",false,,8.50,0.0113,true,1,6243855
7290018294000,false,"יין קינג דויד רוזה כרמל 750 מ""ל",כרמל מזרחי,IL,קינג דיוויד רוזה 750,מיליליטרים,750.00,"100 מ""ל",false,,18.80,0.0251,true,1,6301290
7290018294192,false,פרייבט קולקשין בלנד היינן 700מל,כרמל מזרחי,IL,פרייבט קולקשין בלנד,מטרים,700.00,100 מ'ל,false,,39.90,0.0570,true,1,6334860
7290018294208,false,"סלקטדאדום ישראלי יבש כרמל 750 מ""ל","כד בני דרום בע""מ",IL,סלקטד אדום ישראלי 75,מיליליטרים,750.00,"100 מ""ל",false,,29.90,0.0399,true,1,6309072
7290018294352,false,"ארק יקבי כרמל 700 מ""",יקבי כרמל Carmel Winery,ES,ערק כרמל 37.5% 700 מ,מטרים,700.00,100 מ'ל,false,,49.90,0.0713,true,1,6338526
7290018294901,false,"יין מונלייט אדום יבש 750 מ""ל כרמל",יקבי כרמל Carmel Winery,IL,יין מונלייט אדום יבש,מטרים,750.00,100 מ'ל,false,,33.90,0.0452,true,1,6393579
7290018296042,false,לחם טוסט אמריקה אגמי,מאפיית אגמי,IL,לחם טוסט אמריקה 500,גרמים,500.00,100 גרם,false,,12.90,0.0258,true,1,6320598
7290018296226,false,לחמניות לילדים 8 באריזה רמילוי,,,לחמניות לילדים 8 באר,יח',1.00,יח',false,,9.90,9.9000,true,1,6250670
7290018296257,false,לחם בריאות ושובע שיבולת שועל 550 גר,מאפיית אגמי,IL,לחם בריאות ושובע שיב,גרמים,550.00,100 גרם,false,,15.70,0.0285,true,1,6320599
7290018296424,false,לחם מרובע רמי לוי,,,לחם מרובע רמי לוי,יח',1.00,יח',false,,13.90,13.9000,true,1,6250671
7290018296448,false,לחם בריוש 500 גרם,מאפיית אגמי,IL,לחם בריוש,גרמים,500.00,100 גרם,false,,13.80,0.0276,true,1,6348295
7290018296455,false,לחם דגנים קל מרובע חלי ממן 750גר,מאפיית אגמי,IL,לחם דגנים קל מרובע ח,גרמים,750.00,100 גרם,false,,16.90,0.0225,true,1,6320600
7290018296608,false,לחם בריאות ושובע 9 דגנים קל,מאפיית אגמי,IL,לחם בריאות ושובע 9 ד,גרמים,600.00,100 גרם,false,,13.70,0.0228,true,1,6200559
7290018296615,false,פיתה ביס כוסמין מלא 10יח,"מאפיית אגמי בע""מ",IL,פיתה ביס כוסמין מלא,גרמים,450.00,100 גרם,false,,15.70,0.0349,true,1,6200560
7290018296622,false,לחם חיטה מלאה רמי לוי,,,לחם חיטה מלאה רמי לו,יח',1.00,יח',false,,13.90,13.9000,true,1,6250672
7290018296653,false,לחם אחיד פלוס כוסמין מרובע 700גר,מאפיית אגמי,IL,לחם אחיד פלוס כוסמין,גרמים,700.00,100 גרם,false,,16.90,0.0241,true,1,6320601
7290018296806,false,לחם בריאות ושובע מועשר בסיבים,מאפיית אגמי,IL,לחם בריאות ושובע מוע,גרמים,600.00,100 גרם,false,,13.70,0.0228,true,1,6200561
7290018296813,false,פיתה ביס קלה 10 יח 4,"מאפיית אגמי בע""מ",,פיתה קלה ביס 10 יח,גרמים,450.00,100 גרם,false,,13.70,0.0304,true,1,6200562
7290018296820,false,לחמניות המבורגר אריזה 6יח,,,לחמניות המבורגר אריז,יח',1.00,יח',false,,11.90,11.9000,true,1,6250649
7290018333006,false,"שוקולד מריר עם שברי שקדים פרימיום 70% לל""ס כרמית","כרמית תעשיות ממתקים בע""\",IL,אגו שוקולד מריר מעול,גרמים,100.00,100 גרם,false,,7.50,0.0750,true,1,6243207
7290018333099,false,אגו מיקס קורנפלקס מצופה ש.חלב ולבן 55גר' 24 בקר',"כרמית תעשיות ממתקים בע""\",IL,אגו מיקס קורנפלקס שו,גרמים,55.00,100 גרם,false,,3.90,0.0709,true,1,6421644
7290018333181,false,אגו רוקס חטיפי שוקולד חלב עם פתיתי תירס ושברי אגוזי לוז 100 גרם,כרמית,IL,חטיפי שוקולד ופתיתי,יח',1.00,יח',false,,8.90,8.9000,true,1,6243208
7290018333198,false,"אגו רוקס חטיפי שוקולד חלב עם פתיתי תירס, שברי בוטנים מסוכרים ומלח 100 גרם","כרמית תעשיות ממתקים בע""\",IL,אגו חטיפי שוקולד חלב,גרמים,100.00,100 גרם,false,,8.90,0.0890,true,1,6421613
7290018333624,false,גרנולפלקס קשיו פירות יבשים500ג כשלפ בית יוסף,,,גרנולפלקס קשיו פירות,גרמים,500.00,100 גרם,false,,19.90,0.0398,true,1,6285459
7290018333631,false,גרנולפלקס חלבה ושקדים 500ג כשלפ בית יוסף,,,גרנולפלקס חלבה שקדים,גרמים,500.00,100 גרם,false,,19.90,0.0398,true,1,6285460
7290018333693,false,גרנולה פרו עם קשיו ופירות יבשים 600 גרם,רפאלס,IL,גרנולה פרו 600 גר,גרמים,600.00,100 גרם,false,,21.90,0.0365,true,1,6278895
7290018333945,false,חטיף אגוזים רפאלס שקד ווניל בדצ 150 גר *12יח,כרמית תעשיות ממתקים,IL,חטיף אגוזים רפאלס שק,גרמים,150.00,100 גרם,false,,14.90,0.0993,true,1,6299994
7290018333952,false,חטיף אגוזים רפאלס וחמוציות בדצ 150 גר *12יח,כרמית תעשיות ממתקים,IL,חטיף אגוזים רפאלס וח,גרמים,150.00,100 גרם,false,,14.90,0.0993,true,1,6299995
7290018333969,false,חטיף גרנולה רפאלס שקדים וטחינה בדצ 150 גר *12יח,כרמית תעשיות ממתקים,IL,חטיף גרנולה רפאלס שק,גרמים,150.00,100 גרם,false,,14.90,0.0993,true,1,6299996
7290018333976,false,חטיף גרנולה רפאלס קשיו וקוקוס בדצ 150 גר *12יח,כרמית תעשיות ממתקים,IL,חטיף גרנולה רפאלס קש,גרמים,150.00,100 גרם,false,,14.90,0.0993,true,1,6299997
7290018338537,false,מיץ פירות אדומים מעורבים אורגני 1 ליטר,תבואות,IL,מיץ פירות אדומים אור,מטרים,1000.00,100 מ'ל,false,,17.60,0.0176,true,1,6340587
7290018343296,false,דר פישר אלכוגל H לידיים 100 מל,מדי פישר,IL,אלכוג'ל,יח',1.00,יח',false,,9.90,9.9000,true,1,6212944
7290018343579,false,"אלכוג'ל 1000מל ד""ר פישר",,,"אלכוג'ל 1000מל ד""ר פ",מטרים,1000.00,100 מ'ל,false,,29.90,0.0299,true,1,6240509
7290018359358,false,שלישית רוטב עגבניות מרוכז מאודפריכוז יכין 200 גרם,זנלכל,IL,שלישיית פריכוז יכין,גרמים,600.00,100 גרם,false,,12.90,0.0215,true,1,6281065
7290018359495,false,תירס מהשדה בלי תוספת סוכר יכין 550 גרם,היינץ צפון אמריקה מק,IL,תירס מהשדה בלי תוספת,גרמים,550.00,100 גרם,false,,8.90,0.0162,true,1,6260986
7290018359556,false,תירס מהשדה בלי תוספת סוכר יכין 400 גרם,היינץ צפון אמריקה מק,IL,תירס מהשדה בלי תוספת,גרמים,400.00,100 גרם,false,,6.50,0.0163,true,1,6260988
7290018359716,false,רוטב עגבניות פיצה טוסקנה 240 גרם יכין,"זנלכל בע""\מ",IL,רוטב לפיצה טוסקנה יכ,גרמים,240.00,100 גרם,false,,5.50,0.0229,true,1,6288219
7290018359884,false,פולפה ליקופן טבעית 2*400 גרם יכין,זנלכל,IL,יכין פולפה ליקופן טב,גרמים,400.00,100 גרם,false,,16.50,0.0413,true,1,6348263
7290018359938,false,"רוטב עגבניות לשקשוקה יכין, 400 גרם",זנלכל,IL,רוטב עגבניות לשקשוקה,מטרים,400.00,100 מ'ל,false,,11.50,0.0288,true,1,6387791
7290018367162,false,דפי אורז 22 סמ 400ג רמילוי,,,דפי אורז 22 סמ 400ג,גרמים,400.00,100 גרם,false,,9.90,0.0248,true,1,6267375
7290018367179,false,נוזל קוקוס 400גר רמילוי,,,נוזל קוקוס 400גר רמי,גרמים,400.00,100 גרם,false,,4.90,0.0123,true,1,6267376
7290018367186,false,קרם קוקוס 400גר רמילוי,,,קרם קוקוס 400גר רמיל,גרמים,400.00,100 גרם,false,,6.90,0.0173,true,1,6267377
7290018367261,false,רוטב טריאקי 700מל רמילוי,,,רוטב טריאקי 700מל רמ,מיליליטרים,700.00,"100 מ""ל",false,,19.90,0.0284,true,1,6267378
7290018380871,false,פטיסון כבוש 670 גרם תומר,Polan polsko francus,MD,פטיסון כבוש שלם 670,גרמים,670.00,100 גרם,false,,12.90,0.0193,true,1,6344943
7290018394021,false,ח.תקוע פטריות מלך היער,חוות פטריות תקוע,CN,פטריות מלך היער,גרמים,160.00,100 גרם,false,,9.90,0.0619,true,1,6302190
7290018394069,false,ביציי שליו חוות תקוע,,,ביציי שליו חוות תקוע,יח',1.00,יח',false,,14.90,14.9000,true,1,6300248
7290018394083,false,שופ פנינה חוות תקוע 200 גרם,FOODS YOKID QINGADO,IL,שום פנינה טרי,יח',1.00,יח',false,,9.90,9.9000,true,1,6326084
7290018394113,false,דואט פטריות שי-מג'י חוות תקוע,,IL,דואט פטריות שי-מג'י,יח',1.00,יח',false,,19.90,19.9000,true,1,6353063
7290018394144,false,בצלצלי איזי שאלוט חוות תקוע,גורמה,NL,בצלצלי איזי שאלוט חו,גרמים,350.00,100 גרם,false,,8.90,0.0254,true,1,6381486
7290018394151,false,מיקס פטריות אקזוטי חוות תקוע,"פנטה אמפאק בע""מ",IL,מיקס פטריות אקזוטי ח,גרמים,400.00,100 גרם,false,,19.90,0.0497,true,1,6381509
7290018440193,false,פליפז בייגלה בציפוי קרם בטעם חמאת בוטנים מקוויטיס 140 גרם,שוורצקוף& הנקל דיסלד,TR,בייגלה בציפוי קרם חמ,גרמים,140.00,100 גרם,false,,7.90,0.0564,true,1,6274229
7290018440209,false,פליפז בייגלה בציפוי פאדג' לבן מקוויטיס 140 גרם,שוורצקוף& הנקל דיסלד,TR,בייגלה בציפוי פאדג',גרמים,140.00,100 גרם,false,,7.90,0.0564,true,1,6274230
7290018440223,false,תה צ'אי מסאלה 25 שקיקים ויסוצקי,תה ויסוצקי,IL,תה צ'אי מסאלה ויסוצק,יח',1.00,יח',false,,18.90,18.9000,true,1,6326941
7290018440230,false,תה צ'אי ורדים 25 שקיקים ויסוצקי,תה ויסוצקי,IL,תה צ'אי ורדים ויסוצק,יח',1.00,יח',false,,18.90,18.9000,true,1,6326942
7290018440247,false,תה צ'אי שקדים0 25 שקיקים ויסוצקי,תה ויסוצקי,IL,תה צ'אי שקדים ויסוצק,יח',1.00,יח',false,,18.90,18.9000,true,1,6326943
7290018440254,false,תה צ'אי קרמל מלוח 25 שקיקים ויסוצקי,תה ויסוצקי,IL,תה צ'אי קרמל מלוח וי,יח',1.00,יח',false,,18.90,18.9000,true,1,6326944
7290018440384,false,תה ירוק מאטה לימון נענע ויסוצקי 25 יחידות,תה ויסוצקי,IL,תה ירוק מאטה לימון נ,גרמים,37.50,100 גרם,false,,22.90,0.6107,true,1,6326945
7290018440391,false,תה ירוק מאטה נענע גוארנה ויסוצקי 25 יחידות,תה ויסוצקי,IL,תה ירוק מאטה נענע גו,גרמים,37.50,100 גרם,false,,22.90,0.6107,true,1,6326946
7290018440438,false,Calvo טונה בשמן זית פתיחה קלה 3 * 65 גרם,"קאלוו קונסרבס ס.ל.יו. ,",ES,טונה בשמן זית פתיחה,גרמים,195.00,100 גרם,false,,25.80,0.1323,true,1,6401136
7290018440445,false,טונה קאלוו בשמן זית 160 גר,"קאלוו קונסרבס ס.ל.יו. ,",ES,טונה בשמן זית 160 ג,גרמים,160.00,100 גרם,false,,16.80,0.1050,true,1,6401137
7290018440476,false,פליפז בייגלה מצופה בקרם עוגת גבינה ותותים מקוויטיס 140 גרם,אולקר מקבוצת פלאדיס,TR,בייגלה מצופה קרם עוג,גרמים,140.00,100 גרם,false,,7.90,0.0564,true,1,6312815
7290018440483,false,פליפז בייגלה מצופה בקרמל מלוח ושוקולד מקוויטיס 140 גרם,שוורצקוף& הנקל דיסלד,TR,בייגלה מצופה קרמל מל,גרמים,140.00,100 גרם,false,,7.90,0.0564,true,1,6312816
7290018440490,false,סלט טונה קאלוו עם קוסקוס 150 גר,"קאלוו קונסרבס ס.ל.יו. ,",ES,סלט טונה עם קוסקוס 1,גרמים,150.00,100 גרם,false,,14.80,0.0987,true,1,6401168
7290018440629,false,תה ויסוצקי טעם עשיר,ויסוצקי,IL,תה שחור קלאסי 120 שק,יח',1.00,יח',false,,19.90,19.9000,true,1,6312817
7290018440896,false,הגן הקסום חליטה ג'ינגר כורכום ויסוצקי 25 יח,תה ויסוצקי,IL,הגן הקסום חליטה ג'ינ,100 יח,25.00,100 יח,false,,16.90,0.6760,true,1,6337274
7290018441626,false,גלידת פיינטים מנטה עוגיות 430 ג' בן וג'ירי,מוצרי איכות אמריקאיים בע,IL,גלידה בן &ג'ריס מנטה,מיליליטרים,500.00,"100 מ""ל",false,,18.90,0.0378,true,1,6333971
7290018443040,false,נבטים סיניים (בוסתן,,,נבטים סיניים,יח',1.00,יח',false,,5.90,5.9000,true,1,6269855
7290018443057,false,נבטי חמניה (בוסתן),,,נבטי חמניה,יח',1.00,יח',false,,8.90,8.9000,true,1,6269856
7290018443064,false,נבטי אלפלפא (בוסתן),,,נבטי אלפלפא,יח',1.00,יח',false,,5.90,5.9000,true,1,6269857
7290018443354,false,נענע ברכת קטיף מצע מנותק ייבול נוכרי,ברכת קטיף,IL,נענע ייבול נוכרי ברכ,יח',1.00,יח',false,,5.90,5.9000,true,1,6323681
7290018443545,false,פלפל צילי אדום 200 גרם,,,פלפל צילי אדום 200 ג,גרמים,200.00,100 גרם,false,,9.90,0.0495,true,1,6413047
7290018443728,false,באק צ'וי זוג רמי לוי,,,באק צ'וי זוג רמי לוי,יח',1.00,יח',false,,11.90,11.9000,true,1,6330456
7290018443736,false,בייבי מיקס רמי לוי 150 גרם,,,בייבי מיקס רמי לוי 1,יח',1.00,יח',false,,9.90,9.9000,true,1,6330457
7290018443750,false,חסה משי רמי לוי פראש,,,חסה משי רמי לוי,יח',1.00,יח',false,,9.90,9.9000,true,1,6330459
7290018443781,false,רוקט 150 גרם רמי לוי,,,רוקט 150 גרם רמי לוי,יח',1.00,יח',false,,9.90,9.9000,true,1,6330462
7290018449158,false,פטוניה בקערה יחידה,פרח הארץ,IL,פטוניה קערה,יח',1.00,יח',false,,24.90,24.9000,true,1,6256955
7290018468302,false,נקניקיה טבעונית בסגנון מרגז טירת צבי 400 ג,טירת צבי - מדף,IL,נקניקיה צמחית סגנון,גרמים,400.00,100 גרם,false,,34.90,0.0872,true,1,6381848
7290018468319,false,נקניקיה טבעונית בסגנון צוריסוס טירת צבי 400 גרם,טירת צבי - מדף,IL,נקניקיה צמחית סגנון,גרמים,400.00,100 גרם,false,,34.90,0.0872,true,1,6381849
7290018468326,false,נקניקיה טבעונית בסגנון אמריקאי טירת צבי 400 גרם,טיב טירת צבי 2000,IL,נקניקיה צמחית סגנון,גרמים,400.00,100 גרם,false,,34.90,0.0872,true,1,6381850
7290018468401,false,פסטרמה צמחונית בטעם גריל 100 גר טירת צבי,טיב טירת צבי 2000,IL,פסטרמה צמחונית טעם ג,גרמים,120.00,100 גרם,false,,14.90,0.1242,true,1,6423589
7290018468418,false,פסטרמה צמחונית טעם מפולפל 120 גרם טירת צבי,טיב טירת צבי 2000,IL,פסטה צמחונית טעם מפו,גרמים,120.00,100 גרם,false,,14.90,0.1242,true,1,6423590
7290018468432,false,נקניק טבעוני בטעם מעושן 100 גרם טירת צבי,טיב טירת צבי 2000,IL,נקניק טבעוני טעם מעו,גרמים,100.00,100 גרם,false,,14.90,0.1490,true,1,6423592
7290018471029,false,"סודה בטעם לימון - מארז 6 בקבוקים 500 מ""ל",יפאורה תבורי בעמ,IL,שוופס סודה שישייה 50,ליטרים,3.00,ליטר,false,,13.90,4.6333,true,1,6263862
7290018471036,false,"שוופס סודה לימון 500 מ""ל","יפאורה תבורי בע""מ",IL,שוופס סודה לימון 500,מטרים,500.00,100 מ'ל,false,,2.10,0.0042,true,1,6439472
7290018471180,false,משקה פרוט& ווג' אננס תפוח גזר 1 ליטר,פרוט אנד וג' Fruit & Veg,IL,פרוט&ווג אננס תפוח ג,מטרים,1000.00,100 מ'ל,false,,11.90,0.0119,true,1,6290138
7290018471197,false,פרוט & ווג' תפוח בננה מלון נענע 1 ליטר,פרוט אנד וג' Fruit & Veg,IL,פרוט&ווג תפוח בננה מ,מטרים,1000.00,100 מ'ל,false,,11.90,0.0119,true,1,6290139
7290018471210,false,קרטונית נקטר ספרינג תפוח סברס 1 ליטר,"יפאורה תבורי בע""\מ",IL,נקטר אגס סברס ספרינג,ליטרים,1.00,ליטר,false,,6.50,6.5000,true,1,6288732
7290018471395,false,משקה פרוט& ווג' תפוח רימון ג'ינג'ר 1 ליטר,פרוט אנד וג' Fruit & Veg,IL,פרוט&ווג תפוח סלק רי,מטרים,1000.00,100 מ'ל,false,,11.90,0.0119,true,1,6290140
7290018471401,false,משקה פרוט& ווג' אננס בננה כורכום 1 ליטר,פרוט אנד וג' Fruit & Veg,IL,פרוט&ווג אננס בננה כ,מטרים,1000.00,100 מ'ל,false,,11.90,0.0119,true,1,6290141
7290018471449,false,קרטונית ספרינג שייק בננה תמר תפוז 1 ליטר,"יפאורה תבורי בע""\מ",IL,שייק בננה תמר תפוז 1,ליטרים,1.00,ליטר,false,,11.60,11.6000,true,1,6306618
7290018471548,false,"רביעיית ספרינג ענבים 250 מ""ל","יפאורה תבורי בע""\מ",IL,ספרינג ענבים 4*250 מ,מטרים,1000.00,100 מ'ל,false,,11.20,0.0112,true,1,6288659
7290018471616,false,שוופס אינדיאן טוניק 1 ליטר,"יפאורה תבורי בע""\מ",IL,שוופס אינדיאן טוניק,מטרים,1000.00,100 מ'ל,false,,8.90,0.0089,true,1,6301198
7290018471630,false,שוופס טוניק מלפפון ליים 1 ליטר,"יפאורה תבורי בע""\מ",IL,שוופס טוניק מלפפון ל,מטרים,1000.00,100 מ'ל,false,,8.90,0.0089,true,1,6301200
7290018471692,false,קרטונית ספרינג שייק בננה אננס קוקוס פירות יער 1 ליטר,"יפאורה תבורי בע""\מ",IL,ספרינג שייק בננה אננ,ליטרים,1.00,ליטר,false,,11.60,11.6000,true,1,6306620
7290018471906,false,שוופס מוגז פירות לימונדה ורודה 1.5 ליטר פיקדון,"יפאורה תבורי בע""\מ",IL,משקה מוגז לימונדה ור,ליטרים,1.50,ליטר,false,,8.20,5.4667,true,1,6330234
7290018471913,false,משקה מוגז פירות תפוחים שוופס 1.5 ליטר,"יפאורה תבורי בע""\מ",IL,משקה מוגז פירות תפוח,ליטרים,1.50,ליטר,false,,8.20,5.4667,true,1,6330235
7290018471920,false,שוופס מוגז פירות ענבים 1.5 ליטר פיקדון,"יפאורה תבורי בע""\מ",IL,משקה מוגז פירות ענבי,ליטרים,1.50,ליטר,false,,8.20,5.4667,true,1,6330236
7290018471937,false,שוופס מוגז פירות תות ליים 1.5 ליטר פיקדון,"יפאורה תבורי בע""\מ",IL,משקה מוגז פירות תות,ליטרים,1.50,ליטר,false,,8.20,5.4667,true,1,6330237
7290018471944,false,שוופס מוגז פירות לימונייד 1.5 ליטר פיקדון,"יפאורה תבורי בע""\מ",IL,משקה מוגז פירות לימו,ליטרים,1.50,ליטר,false,,8.20,5.4667,true,1,6330238
7290018471951,false,שוופס מוגז פירות אשכולית אדומה 1.5 ליטר פיקדון,"יפאורה תבורי בע""\מ",IL,משקה מוגז פירות אשכו,ליטרים,1.50,ליטר,false,,8.20,5.4667,true,1,6330239
7290018493045,false,"קרם ידיים מועשר בשמן קוקוס ד""ר פישר 100 מ""ל",פישר מעבדות פרמצבטיות,IL,אפקטיב קר קרם ידיים,מטרים,100.00,100 מ'ל,false,,14.90,0.1490,true,1,6283463
7290018493052,false,"ד""ר פישר - אפקטיב קר קרם ידיים מועשר בשמן אבוקדו 100 מ""ל",פישר מעבדות פרמצבטיות,IL,אפקטיב קר קרם ידיים,מטרים,100.00,100 מ'ל,false,,14.90,0.1490,true,1,6283464
7290018493069,false,"אפקטיב קר קרם ידייםמועשר בשמן כותנה ד""ר פישר 100 מ""ל",פישר מעבדות פרמצבטיות,IL,אפקטיב קר קרם ידיים,מטרים,100.00,100 מ'ל,false,,14.90,0.1490,true,1,6283465
7290018493076,false,"אפקטיב קר קרם ידייםמועשר בשמן ארגן ד""ר פישר 100 מ""ל",פישר מעבדות פרמצבטיות,IL,אפקטיב קר קרם ידיים,מטרים,100.00,100 מ'ל,false,,14.90,0.1490,true,1,6283466
7290018493748,false,"ד""ר פישר - מגבונים להסרת איפור אקסטרה סופט 30 יח' * 3",פישר מעבדות פרמצבטיות בע,IL,אפקטיב קייר מגבונים,יח',1.00,יח',false,,29.90,29.9000,true,1,6322053
7290018493977,false,קמיל לניקוי והרגעת העור מועשר בשיבולת שועל 1 ל',פישר מעבדות פרמצבטיות,IL,קמיל אל סבון לניקוי,100 מל,1000.00,100 מל,false,,15.80,0.0158,true,1,6296575
7290018500361,false,"לחם שחור פרוס 900 גרם ""אנג'ל"" -מוצר בפיקוח",מאפיית שלמה א. אנג'\ל בע,IL,לחם אחיד פרוס אנג'ל,גרמים,900.00,100 גרם,false,,8.30,0.0092,true,1,6393893
7290018500385,false,"חלה רגילה 650 גרם ""אנגל""-מוצר בפיקוח",מאפיית שלמה א. אנגל,IL,חלה רגילה אנג'ל,גרמים,650.00,100 גרם,false,,5.10,0.0078,true,1,6393894
7290018500392,false,"חלה רגילה 650 גרם ""אנגל""-מוצר בפיקוח",מאפיית שלמה א. אנגל,IL,חלה קלועה אנג'ל,גרמים,650.00,100 גרם,false,,5.10,0.0078,true,1,6393895
7290018500408,false,לחם אחיד פרוס 900 ג רמי לוי,,,לחם אחיד פרוס 900 ג,גרמים,900.00,100 גרם,false,,7.10,0.0079,true,1,6393896
7290018516324,false,פאוץ' פרינוק תפוח עץ עם שיבולת שועל 120 גרם,פרוטה פודווין איי.אס,CZ,פרינוק פאוץ' תפוח ש.,גרמים,120.00,100 גרם,false,,5.90,0.0492,true,1,6299294
7290018516355,false,מחיט תפוח עץ ושבולות שועל 190 ג' פרינוק גוניור,פרוטה פודווין איי.אס,CZ,"גוניור תפו""ע שיבולת",גרמים,190.00,100 גרם,false,,5.90,0.0311,true,1,6340589
7290018516362,false,מחיט תפוח עץ בננה ושבולות שועל 190 ג' פרינוק גוניור,פרוטה פודווין איי.אס,CZ,"גוניור תפו""ע בננה שי",גרמים,190.00,100 גרם,false,,5.90,0.0311,true,1,6340590
7290018516379,false,מחיט סלט פירות ושבולות שועל 190 ג' פרינוק גוניור,פרוטה פודווין איי.אס,CZ,גוניור סלט פירות שיב,גרמים,190.00,100 גרם,false,,5.90,0.0311,true,1,6336979
7290018516393,false,פרמיו סופרים מיקס לחתול,פרמיו Premio,DE,פרמיו מיקס 3קג,יח',1.00,יח',false,,59.90,59.9000,true,1,6331631
7290018516447,false,ארוחת מקרוני+רוטב גב206,,US,פסטה מקרוני עם גבינה,גרמים,262.00,100 גרם,false,,11.90,0.0454,true,1,6387944
7290018516959,false,"פרמיו סופרים עופות לכלב מגזע ננסי 3 ק""ג",פרמיו Premio,,פרמיו סופרים מועשר ב,יחידה,0.00,יחידה,false,,49.90,0.0000,true,1,6422010
7290018516966,false,פרמיו סופרים עופות לכלב בוגר,פרמיו Premio,,פרמיו סופרים עם בקר,יחידה,0.00,יחידה,false,,49.90,0.0000,true,1,6422011
7290018540329,false,שקית פיתה פיתה בלדי 800 ג' אנג'ל,מאפיית שלמה א. אנג'\ל בע,IL,פיתה אנגל 8 יח,גרמים,800.00,100 גרם,false,,10.90,0.0136,true,1,6295901
7290018540817,false,ארטיזנל לחם מחמצת כוסמין אנג'ל 500 גרם,מאפיית אורנים,IL,לחם מחמצת ארטיזנל כו,גרמים,500.00,100 גרם,false,,18.90,0.0378,true,1,6331974
7290018540824,false,ארטיזנל לחם מחמצת כפרי אנג'ל 500 גרם,מאפיית אורנים,IL,לחם מחמצת ארטיזנל כפ,גרמים,500.00,100 גרם,false,,17.90,0.0358,true,1,6331975
7290018540831,false,ארטיזנל לחם מחמצת חיטה מלאה ודגנים אנג'ל 500 גרם,מאפיית אורנים,IL,לחם מחמצת ארטיזנל חי,גרמים,500.00,100 גרם,false,,17.90,0.0358,true,1,6331976
7290018546260,false,פירורי לחם מוזהבים 800 גרם,,,פירורי לחם מוזהבים 8,גרמים,800.00,100 גרם,false,,11.90,0.0149,true,1,5054232
7290018554005,false,מלפפון במלח 7-9 רמי,,,מלפפון במלח 7-9 רמי,גרמים,670.00,100 גרם,false,,4.90,0.0073,true,1,6247189
7290018554012,false,מלפםונים בחומץ 7-9 ר,,,מלפםונים בחומץ 7-9 ר,גרמים,670.00,100 גרם,false,,4.90,0.0073,true,1,6247190
7290018554029,false,מלפפונים במלח 10-12 רמילוי,,,מלפפונים במלח 10-12,גרמים,540.00,100 גרם,false,,5.90,0.0109,true,1,6247191
7290018554036,false,מלפפונים בחומץ 10-12,,,מלפפונים בחומץ 10-12,גרמים,540.00,100 גרם,false,,5.90,0.0109,true,1,6247192
7290018554043,false,מלפפונים במלח 13-17 רמילוי,,,מלפפונים במלח 13-17,גרמים,540.00,100 גרם,false,,6.90,0.0128,true,1,6247193
7290018554050,false,מלפפונים בחומץ 13-17,,,מלפפונים בחומץ 13-17,גרמים,540.00,100 גרם,false,,6.90,0.0128,true,1,6247194
7290018554067,false,מלפפונים במלח 18-25,,,מלפפונים במלח 18-25,גרמים,670.00,100 גרם,false,,8.90,0.0133,true,1,6247195
7290018554074,false,מלפםונים בחומץ 18-25,,,מלפםונים בחומץ 18-25,גרמים,670.00,100 גרם,false,,8.90,0.0133,true,1,6247196
7290018563199,false,"שנאפס משקה כהל 4% בטעם ליים 275 מ""ל",פרי קטיף,IL,שנאפס טעם ליים 275 מ,מטרים,275.00,100 מ'ל,false,,10.90,0.0396,true,1,6388800
7290018563267,false,תרכיז תפוחים 100% ללא תוספת סוכר 1 ליטר בקבוק,"פ.קטיף מזון בע""מ",IL,רכז טעם תפוחים ללא ס,ליטרים,1.00,ליטר,false,,32.90,32.9000,true,1,6320708
7290018563274,false,בקבוק תרכיז תפוחים 1 ליטר פרי קטיף,"פ.קטיף מזון בע""מ",IL,רכז טעם תפוחים 1ליטר,ליטרים,1.00,ליטר,false,,26.90,26.9000,true,1,6320709
7290018564004,false,גזר גמדי רמילוי 800 גר,,,גזר גמדי רמילוי 800,גרמים,800.00,100 גרם,false,,8.20,0.0102,true,1,6294539
7290018564011,false,אפונת גינה רמילוי 800 גר,,,אפונת גינה רמילוי 80,גרמים,800.00,100 גרם,false,,8.70,0.0109,true,1,6295274
7290018564028,false,אפונה עדינה 600ג רמילוי,,,אפונה עדינה 600ג רמי,גרמים,600.00,100 גרם,false,,10.90,0.0182,true,1,6293364
7290018564059,false,שעועית ירוקה שלמה עדינה 600ג רמילוי,,,שעועית ירוקה שלמה עד,גרמים,600.00,100 גרם,false,,10.90,0.0182,true,1,6293366
7290018564066,false,אפונה וגזר רמילוי 800 גר,,,אפונה וגזר רמילוי 80,גרמים,800.00,100 גרם,false,,8.70,0.0109,true,1,6294540
7290018564073,false,במיה קפוא 600ג רמילוי,,,במיה קפוא 600ג רמילו,גרמים,600.00,100 גרם,false,,7.90,0.0132,true,1,6289993
7290018564080,false,לקט ירקות רמילוי 800 גר,,,לקט ירקות רמילוי 800,גרמים,800.00,100 גרם,false,,9.90,0.0124,true,1,6294541
7290018564097,false,פול גינה ירוק 800גר,,,פול גינה ירוק 800גר,גרמים,800.00,100 גרם,false,,10.90,0.0136,true,1,6312226
7290018564103,false,פולי סויה 600גר,,,פולי סויה 600גר,גרמים,600.00,100 גרם,false,,11.90,0.0198,true,1,6312227
7290018564110,false,ארטישוק קפוא 400ג רמילוי,,,ארטישוק קפוא 400ג רמ,גרמים,400.00,100 גרם,false,,8.90,0.0223,true,1,6289994
7290018564127,false,לקט לקוסקוס רמילוי 800 גר,,,לקט לקוסקוס רמילוי 8,גרמים,800.00,100 גרם,false,,9.90,0.0124,true,1,6294542
7290018564141,false,גרגירי חומוס מבושלים 800גר רמי לוי,,,גרגירי חומוס מבושלים,גרמים,800.00,100 גרם,false,,9.90,0.0124,true,1,6288985
7290018564158,false,שעועית לבנה מבושלים 800גר רמי לוי,,,שעועית לבנה מבושלים,גרמים,800.00,100 גרם,false,,9.90,0.0124,true,1,6288986
7290018564165,false,כרובית 800גר רמי לוי,,,כרובית 800גר רמי לוי,גרמים,800.00,100 גרם,false,,9.90,0.0124,true,1,6288987
7290018564172,false,ברוקולי 800גר רמי לוי,,,ברוקולי 800גר רמי לו,גרמים,800.00,100 גרם,false,,12.90,0.0161,true,1,6288988
7290018564189,false,פולי סויה קלופים 600גר,,,פולי סויה קלופים 600,גרמים,600.00,100 גרם,false,,12.90,0.0215,true,1,6312228
7290018564202,false,לקט ירקות למרק רמילוי 800 גר,,,לקט ירקות למרק רמילו,גרמים,800.00,100 גרם,false,,9.90,0.0124,true,1,6294543
7290018564547,false,ירקות חמוצים בטעם ביתי 500 גרם,,,ירקות חמוצים בטעם בי,גרמים,500.00,100 גרם,false,,22.90,0.0458,true,1,6298092
7290018564561,false,ירקות חמוצים בסגנון טורשי,,,ירקות חמוצים בסגנון,גרמים,500.00,100 גרם,false,,22.90,0.0458,true,1,6298094
7290018564585,false,ירקות חמוצים בטעם חמוץ מתוק 500 גרם,,,ירקות חמוצים בטעם חמ,גרמים,500.00,100 גרם,false,,22.90,0.0458,true,1,6298182
7290018566008,false,אגוזי מלך קלופים 250גר בקופסא,,,אגוזי מלך קלופים 250,גרמים,250.00,100 גרם,false,,18.90,0.0756,true,1,6370363
7290018566015,false,תאנה מיובשת 300 גר בקופסא,,,תאנה מיובשת 300 גר ב,גרמים,300.00,100 גרם,false,,17.90,0.0597,true,1,6394665
7290018566022,false,שקד טבעי 280 גר בקופסא,,,שקד טבעי 280 גר בקופ,גרמים,280.00,100 גרם,false,,21.90,0.0782,true,1,6373439
7290018566039,false,פקאן טבעי 280 גר בקופסא,,,פקאן טבעי 280 גר בקו,גרמים,280.00,100 גרם,false,,32.90,0.1175,true,1,6377855
7290018566046,false,שקד מולבן אמריקאי שלם 200ג בקופסא,,,שקד מולבן אמריקאי של,גרמים,200.00,100 גרם,false,,16.90,0.0845,true,1,6383574
7290018566053,false,שקד מולבן מקלות 200ג בקופסא,,,שקד מולבן מקלות 200ג,גרמים,200.00,100 גרם,false,,16.90,0.0845,true,1,6385455
7290018566060,false,שקד מולבן חצוי 200ג בקופסא,,,שקד מולבן חצוי 200ג,גרמים,200.00,100 גרם,false,,16.90,0.0845,true,1,6385456
7290018566077,false,אגוז קשיו קלוף 250גר בקופסא,,,אגוז קשיו קלוף 250גר,גרמים,250.00,100 גרם,false,,19.90,0.0796,true,1,6383575
7290018566084,false,משמש 300 גר בקוספא,,,משמש 300 גר בקוספא,גרמים,300.00,100 גרם,false,,19.90,0.0663,true,1,6392334
7290018566091,false,צימוק בהיר 300 גר בקופסא,,,צימוק בהיר 300 גר בק,גרמים,300.00,100 גרם,false,,17.90,0.0597,true,1,6392335
7290018566114,false,חמוציות ברכז פרי 300ג בקופסא,,,חמוציות ברכז פרי 300,גרמים,300.00,100 גרם,false,,17.90,0.0597,true,1,6393488
7290018566121,false,חמוציות מסוכרות 300ג בקופסא,,,חמוציות מסוכרות 300ג,גרמים,300.00,100 גרם,false,,14.90,0.0497,true,1,6403468
7290018566145,false,שקד מולבן פרוס 200ג בקופסא,,,שקד מולבן פרוס 200ג,גרמים,200.00,100 גרם,false,,16.90,0.0845,true,1,6387246
7290018566152,false,פיסטוק 150 גר בקופסא,,,פיסטוק 150 גר בקופסא,גרמים,150.00,100 גרם,false,,26.90,0.1793,true,1,6403469
7290018566169,false,פקאן קלוי 150גר בשקית,,,פקאן קלוי 150גר בשקי,גרמים,150.00,100 גרם,false,,16.90,0.1127,true,1,6414172
7290018566176,false,קשיו קלוי 200גר בשקית,,,קשיו קלוי 200גר בשקי,גרמים,200.00,100 גרם,false,,14.80,0.0740,true,1,6400978
7290018566183,false,שקד קלוי 200 גר בשקית,,,שקד קלוי 200 גר בשקי,גרמים,200.00,100 גרם,false,,14.90,0.0745,true,1,6415065
7290018566190,false,בוטנים קלויים 200 גר בשקית,,,בוטנים קלויים 200 גר,גרמים,200.00,100 גרם,false,,6.90,0.0345,true,1,6414173
7290018566206,false,אגוז מלך קלופים 150 גר בשקית,,,אגוז מלך קלופים 150,גרמים,150.00,100 גרם,false,,9.90,0.0660,true,1,6416511
7290018566220,false,אגוז ברזיל 200גר בקופסא,,,אגוז ברזיל 200גר בקו,גרמים,200.00,100 גרם,false,,29.90,0.1495,true,1,6398166
7290018566237,false,גרעיני חמנייה קלויים במלח 130ג בשקית,,,גרעיני חמנייה קלויים,גרמים,130.00,100 גרם,false,,4.90,0.0377,true,1,6413480
7290018566244,false,גרעיני חמנייה מופחת מלח בשקית,,,גרעיני חמנייה מופחת,גרמים,130.00,100 גרם,false,,4.90,0.0377,true,1,6415695
7290018566251,false,גרעיני דלעת קלוי 150ג בשקית,,,גרעיני דלעת קלוי 150,גרמים,150.00,100 גרם,false,,7.90,0.0527,true,1,6415066
7290018566268,false,צנובר 150 גר בקופסא,,,צנובר 150 גר בקופסא,גרמים,150.00,100 גרם,false,,29.90,0.1993,true,1,6396358
7290018566275,false,פקאן טבעי 150גר בשקית,,,פקאן טבעי 150גר בשקי,גרמים,150.00,100 גרם,false,,19.90,0.1327,true,1,6400979
7290018566282,false,פיסטוק קלוי 150 גר בשקית,,,פיסטוק קלוי 150 גר ב,גרמים,150.00,100 גרם,false,,19.90,0.1327,true,1,6401091
7290018566299,false,פיצוחים מיקס קלוי 150 גר בשקית,,,פיצוחים מיקס קלוי 15,גרמים,150.00,100 גרם,false,,17.90,0.1193,true,1,6418353
7290018566305,false,גרעיני דלעת קלוף 200גר בקופסא,,,גרעיני דלעת קלוף 200,גרמים,200.00,100 גרם,false,,9.90,0.0495,true,1,6398629
7290018566312,false,שקד טבעי 200 גר בשקית,,,שקד טבעי 200 גר בשקי,גרמים,200.00,100 גרם,false,,14.90,0.0745,true,1,6427828
7290018566336,false,גרעיני חמניה קלוף 200גר בקופסא,,,גרעיני חמניה קלוף 20,גרמים,200.00,100 גרם,false,,6.90,0.0345,true,1,6398630
7290018566343,false,גרעיני אבטיח קלויי במלח בשקית,,,גרעיני אבטיח קלויי ב,יחידה,0.00,יחידה,false,,14.90,0.0000,true,1,6416283
7290018566350,false,גרעיני אבטיח קלויים במחבת בשקית,,,גרעיני אבטיח קלויים,יחידה,0.00,יחידה,false,,14.90,0.0000,true,1,6416284
7290018566367,false,שזיף מיובש 300 גר בקופסא,,,שזיף מיובש 300 גר בק,גרמים,300.00,100 גרם,false,,17.90,0.0597,true,1,6392358
7290018566381,false,מנגו מיובש 160 גר בקופסא,,,מנגו מיובש 160 גר בק,גרמים,160.00,100 גרם,false,,19.90,0.1244,true,1,6393489
7290018566404,false,פסטה ספגטיני,,,פסטה ספגטיני,יחידה,0.00,יחידה,false,,3.50,0.0000,true,1,6416792
7290018566411,false,פסטה ספגטי,,,פסטה ספגטי,יחידה,0.00,יחידה,false,,3.50,0.0000,true,1,6416793
7290018566459,false,פקאן סיני מסוכר 200 גר בקופסא,,,פקאן סיני מסוכר 200,גרמים,200.00,100 גרם,false,,24.90,0.1245,true,1,6404622
7290018566466,false,פריכיות אורז טעם צילי 100ג שקית,,,פריכיות אורז טעם ציל,גרמים,100.00,100 גרם,false,,7.90,0.0790,true,1,6421581
7290018566473,false,אפונה קלויה 150 גר בשקית,,,אפונה קלויה 150 גר ב,גרמים,150.00,100 גרם,false,,7.90,0.0527,true,1,6421582
7290018566480,false,פקאן מסוכר 150 גר בשקית,,,פקאן מסוכר 150 גר בש,גרמים,150.00,100 גרם,false,,14.90,0.0993,true,1,6416512
7290018566497,false,צימוק כהה 300 גר בקופסא,,,צימוק כהה 300 גר בקו,גרמים,300.00,100 גרם,false,,12.90,0.0430,true,1,6396359
7290018566503,false,אננס מיובש 160גר בקופסא,,,אננס מיובש 160גר בקו,גרמים,160.00,100 גרם,false,,16.90,0.1056,true,1,6397913
7290018566510,false,שקד מולבן גרוס 200 גר בקופסא,,,שקד מולבן גרוס 200 ג,גרמים,200.00,100 גרם,false,,16.90,0.0845,true,1,6385457
7290018566527,false,תירס קלוי 150 גר בשקית,,,תירס קלוי 150 גר בשק,גרמים,150.00,100 גרם,false,,7.90,0.0527,true,1,6421583
7290018566534,false,רביולי גריל 150 גר בשקית,,,רביולי גריל 150 גר ב,גרמים,150.00,100 גרם,false,,9.90,0.0660,true,1,6421584
7290018566558,false,מנצס 150 גר בשקית,,,מנצס 150 גר בשקית,גרמים,150.00,100 גרם,false,,7.90,0.0527,true,1,6422571
7290018566565,false,קבוקים 150 גר בשקית,,,קבוקים 150 גר בשקית,גרמים,150.00,100 גרם,false,,4.90,0.0327,true,1,6421585
7290018566572,false,בוטנים אמריקאיים מצופים 200ג שקית,,,בוטנים אמריקאיים מצו,גרמים,200.00,100 גרם,false,,6.90,0.0345,true,1,6422572
7290018566589,false,שקד מולבן טחון 200 גר בקופסא,,,שקד מולבן טחון 200 ג,גרמים,200.00,100 גרם,false,,16.90,0.0845,true,1,6385458
7290018566596,false,קוקוס מיובש 160גר בקופסא,,,קוקוס מיובש 160גר בק,גרמים,160.00,100 גרם,false,,13.90,0.0869,true,1,6397914
7290018566619,false,פסטה פנה,,,פסטה פנה,יחידה,0.00,יחידה,false,,3.50,0.0000,true,1,6416795
7290018566633,false,פסטה פוזילי,,,פסטה פוזילי,יחידה,0.00,יחידה,false,,3.50,0.0000,true,1,6416797
7290018566640,false,פסטה פרפלה,,,פסטה פרפלה,יחידה,0.00,יחידה,false,,3.50,0.0000,true,1,6416798
7290018566657,false,פסטה צדפים,,,פסטה צדפים,יחידה,0.00,יחידה,false,,3.50,0.0000,true,1,6416799
7290018566664,false,פסטה קונכיות,,,פסטה קונכיות,יחידה,0.00,יחידה,false,,3.50,0.0000,true,1,6416800
7290018566671,false,פסטה בוקטיני,,,פסטה בוקטיני,יחידה,0.00,יחידה,false,,3.50,0.0000,true,1,6416801
7290018566688,false,פסטה מסולסלת,,,פסטה מסולסלת,יחידה,0.00,יחידה,false,,3.50,0.0000,true,1,6416802
7290018566732,false,מיקס פיצוחים 450 גר,,,מיקס פיצוחים 450 גר,גרמים,450.00,100 גרם,false,,39.90,0.0887,true,1,6430594
7290018566749,false,גרעיני חמניה קלויים במלח 300 גר,,,גרעיני חמניה קלויים,גרמים,300.00,100 גרם,false,,9.90,0.0330,true,1,6446036
7290018566756,false,גרעיני חמניה במליחות עדינה 300 גר,,,גרעיני חמניה במליחות,גרמים,300.00,100 גרם,false,,9.90,0.0330,true,1,6446037
7290018566848,false,מיץ לימון משומר 1000 מל,,,מיץ לימון משומר 1000,יח',1.00,יח',false,,7.90,7.9000,true,1,6303890
7290018566862,false,קטשופ 720מל רמי לוי,,,קטשופ 720מל רמי לוי,גרמים,720.00,100 גרם,false,,6.90,0.0096,true,1,6345936
7290018566879,false,תה ירוק קלאסי 25 יח רמי לוי,,,תה ירוק קלאסי 25 יח,יח',1.00,יח',false,,6.80,6.8000,true,1,6345937
7290018566886,false,תה ירוק לימונית ולואיזה 25 יח רמי לוי,,,תה ירוק לימונית ולוא,יח',1.00,יח',false,,6.80,6.8000,true,1,6345938
7290018566893,false,תה קמומיל 25 יח רמי לוי,,,תה קמומיל 25 יח רמי,יח',1.00,יח',false,,6.80,6.8000,true,1,6345939
7290018566909,false,תה ירוק נענע 25 יח רמי לוי,,,תה ירוק נענע 25 יח ר,יח',1.00,יח',false,,6.80,6.8000,true,1,6345940
7290018566916,false,ארל גרי 25 יח רמי לוי,,,ארל גרי 25 יח רמי לו,יח',1.00,יח',false,,6.80,6.8000,true,1,6345941
7290018566923,false,תה שחור 100שק רמי לוי,,,תה שחור 100שק רמי לו,יח',1.00,יח',false,,9.90,9.9000,true,1,6345942
7290018571507,false,סוכריות ויטמין סי לילדים דובונים יד למעלה 175 גרם מיה פלוס,מיה תעשיות מזון בעמ,IL,סוכריות ויטמין סי 17,גרמים,175.00,100 גרם,false,,39.90,0.2280,true,1,6432821
7290018571514,false,סוכריות ויטמין די ילדים דובונים יד למעלה 175 גרם מיה פלוס,מיה תעשיות מזון בעמ,IL,סוכריות ויטמין די 17,גרמים,175.00,100 גרם,false,,39.90,0.2280,true,1,6432822
7290018571538,false,סוכריות חורף פרופוליס אכיניציה ילדים דובונים יד למעלה 175 גרם מיה פלוס,מיה תעשיות מזון בעמ,IL,סוכריות חורף פרופולי,גרמים,175.00,100 גרם,false,,39.90,0.2280,true,1,6432824
7290018571545,false,סוכריות ג'לי עם מיצוי כורכומין וג'ינג'ר למבוגרים,מיה תעשיות מזון בעמ,IL,סוכריות כורכומין מבו,גרמים,210.00,100 גרם,false,,39.90,0.1900,true,1,6432825
7290018571613,false,סוכריות אומגה 3 מבוגרים אצבעות מיה פלוס 210 גרם ללס,מיה תעשיות מזון בעמ,IL,סוכריות אומגה 3 מבוג,גרמים,210.00,100 גרם,false,,39.90,0.1900,true,1,6432827
7290018571620,false,סוכריות מולטי ויטמין נשים מבוגרים גבעות מיה פלוס 240 גרם,מיה תעשיות מזון בעמ,IL,סוכריות מולטי ויטמין,גרמים,240.00,100 גרם,false,,39.90,0.1662,true,1,6432828
7290018571637,false,סוכריות מולטי ויטמין גברים מבוגרים גבעות  220 גרם מיה פלוס,מיה תעשיות מזון בעמ,IL,סוכריות מולטי ויטמין,גרמים,220.00,100 גרם,false,,39.90,0.1814,true,1,6432829
7290018571712,false,"אורז פרסי מיה 1 ק""ג",מיה,IL,אורז פרסי 1ק''ג,גרמים,1000.00,100 גרם,false,,9.90,0.0099,true,1,6438760
7290018571736,false,אורז בסמטי הודי 1ק''ג,מיה,IL,אורז בסמטי הודי 1ק'',גרמים,1000.00,100 גרם,false,,10.90,0.0109,true,1,6438761
7290018571798,false,סוכריות ג'לי שמחות 2 צבעים מיה 540 גרם,מיה תעשיות מזון בעמ,IL,ג'לי שמחות 2 צבעים 5,גרמים,540.00,100 גרם,false,,18.40,0.0341,true,1,6406942
7290018626313,false,שמן קנולה מזוכך 1לי רמילוי,,,שמן קנולה מזוכך 1לי,יח',1.00,יח',false,,8.90,8.9000,true,1,6287244
7290018677155,false,"תערובת קמחים רב תכליתי לל""ג 500 גרם",נוטרה זון,IT,"תערובת קמחים לל""ג 50",גרמים,500.00,100 גרם,false,,16.90,0.0338,true,1,6309849
7290018677162,false,"תערובת קמחים רב תכליתי לל""ג 500 גרם",נוטרה זון,IT,תערובת רב תכליתית לל,גרמים,500.00,100 גרם,false,,22.90,0.0458,true,1,6309850
7290018677308,false,PRO אטריות מעדשים צהובות אורגני 250 גרם,,IT,אטריות פרו עדשים צהו,גרמים,250.00,100 גרם,false,,16.90,0.0676,true,1,6392993
7290018703311,false,פראוד - חטיף חלבון קרם עוגיות קראנצ' 60ג,v.s.i,NL,פראוד - חטיף חלבון ק,גרמים,60.00,100 גרם,false,,11.90,0.1983,true,1,6380171
7290018703496,false,פראוד - חטיף חלבון בטעם בננה טופי 60 גרם,פראוד PROUD,NL,פראוד - חטיף חלבון ב,גרמים,60.00,100 גרם,false,,11.90,0.1983,true,1,6380172
7290018710234,false,אבקת אפייה עשירייה רמילוי,,,אבקת אפייה עשירייה ר,יח',1.00,יח',false,,1.60,1.6000,true,1,6285521
7290018710258,false,קורנפלור 200גר רמילוי,,,קורנפלור 200גר רמילו,גרמים,200.00,100 גרם,false,,2.50,0.0125,true,1,6285523
7290018710272,false,שומשום 200גר רמילוי,,,שומשום 200גר רמילוי,גרמים,200.00,100 גרם,false,,5.50,0.0275,true,1,6285525
7290018710289,false,שומשום 400גר רמילוי,,,שומשום 400גר רמילוי,גרמים,400.00,100 גרם,false,,8.90,0.0223,true,1,6285526
7290018710296,false,קוקוס טחון 200גר רמילוי,,,קוקוס טחון 200גר רמי,גרמים,200.00,100 גרם,false,,4.90,0.0245,true,1,6285527
7290018710302,false,קוקוס טחון 500גר רמילוי,,,קוקוס טחון 500גר רמי,גרמים,500.00,100 גרם,false,,11.90,0.0238,true,1,6285528
7290018710319,false,אבקת סוכר 100גר רמילוי,,,אבקת סוכר 100גר רמיל,גרמים,100.00,100 גרם,false,,1.80,0.0180,true,1,6285529
7290018710326,false,אבקת סוכר 500גר רמילוי,,,אבקת סוכר 500גר רמיל,גרמים,500.00,100 גרם,false,,6.80,0.0136,true,1,6285530
7290018710333,false,מלח לימון 100גר רמילוי,,,מלח לימון 100גר רמיל,גרמים,100.00,100 גרם,false,,4.90,0.0490,true,1,6285531
7290018710340,false,מלח לימון 400גר רמילוי,,,מלח לימון 400גר רמיל,גרמים,400.00,100 גרם,false,,11.90,0.0298,true,1,6285532
7290018710371,false,סוכר חום דמררה 1קג רמילוי,,,סוכר חום דמררה 1קג ר,קילוגרמים,1.00,"ק""ג",false,,9.90,9.9000,true,1,6331760
7290018711071,false,מיונז אמיתי 500ג רמילוי,,,מיונז אמיתי 500ג רמי,גרמים,500.00,100 גרם,false,,7.90,0.0158,true,1,6337818
7290018711088,false,מיונז אמיתי 1קג רמילוי,,,מיונז אמיתי 1קג רמיל,גרמים,1000.00,100 גרם,false,,13.90,0.0139,true,1,6337819
7290018724606,false,סודה לשתייה לא אלומיניום 350 גרם,,IL,סודה לשתיה ללא אלומנ,גרמים,350.00,100 גרם,false,,13.90,0.0397,true,1,6283528
7290018724804,false,זרעי צ'יה נטורלה Naturale,,IL,זרעי ציה נטורלה,גרמים,230.00,100 גרם,false,,12.90,0.0561,true,1,6269985
7290018792841,false,אבקת קקאו טבעי גאנה 150 גר,אברמוביץ עזר קקאו וש,IL,קקאו טבעי 150גר,גרמים,150.00,100 גרם,false,,9.90,0.0660,true,1,6379930
7290018792858,false,אבקת קקאו טבעי 500 גרם,,GH,קקאו טבעי 500גרם,גרמים,500.00,100 גרם,false,,23.90,0.0478,true,1,6398425
7290018809020,false,מיני סמבוסק בולגרית,,,מיני סמבוסק בולגרית,יח',1.00,יח',false,,49.90,49.9000,true,1,6306688
7290018835012,false,באר אקסטרה בציפוי שוקולד חלב 5 יח 90 גר,,,חטיף אורז אקסטרה בצי,גרמים,90.00,100 גרם,false,,12.50,0.1389,true,1,6402348
7290018835029,false,מרק בטעם עוף פרווה 400 ג,תבליני מימון,IL,מרק בטעם עוף 400 גרם,גרמים,400.00,100 גרם,false,,12.90,0.0323,true,1,6422916
7290018835043,false,תערובת תיבול סטייק מונטריאול 140 גרם מימון,,IL,תערובת תיבול סטייק מ,גרמים,140.00,100 גרם,false,,16.90,0.1207,true,1,6433024
7290018860984,false,אטריות ביצים דקות 400 גרם,xiamen zhongshi impo,CN,אטריות ביצים דקות 40,גרמים,400.00,100 גרם,false,,9.90,0.0248,true,1,6399770
7290018878002,false,אגו מיקס קרקר מצופה שוקולד חלב כרמית 55 גרם,"כרמית תעשיות ממתקים בע""\",IL,אגו מיקס קרקר מצופה,גרמים,55.00,100 גרם,false,,3.90,0.0709,true,1,6352947
7290018878019,false,"כרמית שוקולד צ'יפס מריר 250 גר' כשל""פ",,IL,שוקולד ציפס מריר 47%,גרמים,250.00,100 גרם,false,,9.90,0.0396,true,1,6357308
7290018878095,false,שלשות שוקולד ללס חלב 85ג*3*18בקרט,"כרמית תעשיות ממתקים בע""\",IL,"שלשות שוקולד לל""תס ח",גרמים,255.00,100 גרם,false,,14.70,0.0576,true,1,6357234
7290018878125,false,שלשות שוקולד ללס לבן 85ג*3*18בקרט,"כרמית תעשיות ממתקים בע""\",IL,שוקולד לבן ללא סוכר,גרמים,300.00,100 גרם,false,,14.70,0.0490,true,1,6391388
7290018878170,false,אגו שוקולד מריר 60% מוצקי קקאו 2*100גר,"כרמית תעשיות ממתקים בע""\",IL,אגו זוג שוקולד מריר,גרמים,200.00,100 גרם,false,,8.90,0.0445,true,1,6374576
7290018878224,false,עוגיות מיני קוקיס שוקולד בצנצנת כרמית 600 גרם,כרמית,IL,מיני קוקיס טעם שוקול,גרמים,600.00,100 גרם,false,,15.90,0.0265,true,1,6374577
7290018878231,false,"מיני קוקיס לל""ס בטעם שוקולד 600 גרם",Carmit,,"מיני קוקיס לל""ס שוקו",גרמים,600.00,100 גרם,false,,18.90,0.0315,true,1,6374578
7290018878477,false,טופי שטוח בטעם קולה 50 יחידות,דורקאן סקרלמה סאן,IL,טופי שטוח טעם קולה 5,גרמים,300.00,100 גרם,false,,9.90,0.0330,true,1,6432913
7290018878798,false,מטבעות שוקולד חלב צבעוני 36 גרם כרמית,כרמית,IL,מטבעות צבעוני שוקולד,גרמים,36.00,גרם,false,,2.90,0.0806,true,1,6432918
7290018879658,false,שוקולד צ'יפס מריר 45% כרמית 250 גרם,כרמית,IL,אגו  שוקולד צ'יפס מר,גרמים,250.00,100 גרם,false,,9.90,0.0396,true,1,6341608
7290018879825,false,מטבעות שוקולד לבן 36 גרם כרמית,כרמית,IL,מטבעות שוקולד לבן 36,גרמים,36.00,גרם,false,,2.90,0.0806,true,1,6432919
7290018886311,false,מאפים סגנון שוודי 170 גר,,,מאפים סגנון שוודי 17,גרמים,170.00,100 גרם,false,,6.90,0.0406,true,1,6327906
7290018886335,false,פת דגנים שיפון 170 ג,,,מאפים שיפון 170 גר,גרמים,170.00,100 גרם,false,,6.90,0.0406,true,1,6327907
7290018886359,false,פת דגנים 7 דגנים 170,,,מאפים 7 דגנים 170 גר,גרמים,170.00,100 גרם,false,,6.90,0.0406,true,1,6327908
7290018886991,false,שמן קנולה מזוכך 1לי- בית יוסף,סקנולה,EE,שמן קנולה מזוכך 1לי-,יח',1.00,יח',false,,8.90,8.9000,true,1,6335513
7290018893029,false,פרימיום שוקולד מריר 85% רמילוי,,,פרימיום שוקולד מריר,גרמים,100.00,100 גרם,false,,5.80,0.0580,true,1,6329523
7290018893036,false,צ'וקטה ביסקוויט בטעם שוקוטלד במילוי קרם בטעם וניל 176 גרם,צ'וקטה Chocketa,ES,ביסקוויט סנדביץ בטעם,גרמים,176.00,100 גרם,false,,6.90,0.0392,true,1,6326221
7290018893043,false,ממרח אגוזי לוז 350 גר רמילוי,,,ממרח אגוזי לוז 350 ג,גרמים,350.00,100 גרם,false,,9.90,0.0283,true,1,6329545
7290018893081,false,עוגות מגולגלות במילוי קרם חלבי וציפוי בטעם שוקולד,צ'וקטה Chocketa,IL,צוקטה עוגות מגולגלות,גרמים,222.00,100 גרם,false,,8.80,0.0396,true,1,6322373
7290018893098,false,צ'וקטה עוגויות ביסקוויט מצופה שוקולד חלב 100 גרם,דיסטרופר אוליבייר,ES,צ'וקטה עוגיות מצופות,גרמים,100.00,100 גרם,false,,6.90,0.0690,true,1,6352028
7290018893104,false,צ'וקטה עוגויות ביסקוויט מצופה שוקולד מריר 100 גרם,דיסטרופר אוליבייר,ES,צ'וקטה עוגיות מצופות,גרמים,100.00,100 גרם,false,,6.90,0.0690,true,1,6352029
7290018893135,false,מקלות אפויים בתוספת מלח Salty,צ'וקטה Chocketa,US,צוקטה גריסיני מלח 12,גרמים,120.00,100 גרם,false,,7.90,0.0658,true,1,6395423
7290018893142,false,צ'וקטה גריסיני בתוספת שמן זית 120 גרם,צ'וקטה Chocketa,US,צוקטה גריסיני שמן זי,גרמים,120.00,100 גרם,false,,7.90,0.0658,true,1,6395424
7290018893227,false,פרימיום שוקולד חלב מעולה 34% רמילוי,,,פרימיום שוקולד חלב מ,גרמים,100.00,100 גרם,false,,5.80,0.0580,true,1,6329546
7290018893234,false,צ'וקולטה עוגיות סנדביץ 176גר רמי לוי,,,צ'וקולטה עוגיות סנדב,גרמים,176.00,100 גרם,false,,4.90,0.0278,true,1,6329524
7290018893258,false,צ'וקטה עוגות אישיות במילוי קרם קרמל ובציפוי בטעם שוקולד 300 גרם,פרדי קונדיטוריה אס.פ,IT,צ'וקטה עוגות אישיות,גרמים,300.00,100 גרם,false,,11.90,0.0397,true,1,6316292
7290018893289,false,צ'וקטה עוגות מגולגלות בטעם קקאו במילוי קרם קקאו וציפוי בטעם שוקולד 6 יח' 222 גרם,צ'וקטה Chocketa,IL,צוקטה עוגות מגולגלות,גרמים,222.00,100 גרם,false,,8.80,0.0396,true,1,6322374
7290018893296,false,עוגיות חמאה מצופות שוקולד בעיטורי שוקולד לבן 100 ג',דיסטרופר אוליבייר,RO,צוקטה עוגיות מיני חמ,גרמים,100.00,100 גרם,false,,9.90,0.0990,true,1,6388795
7290018893340,false,מקלות אפויים בתוספת שומשום Salty,צ'וקטה Chocketa,US,צוקטה גריסיני שומשום,גרמים,120.00,100 גרם,false,,7.90,0.0658,true,1,6395425
7290018893418,false,שוקולד מריר 60% מארז 6 יח' *100 ג' צ'וקטה,צ'וקטה Chocketa,ES,צוקטה שוקולד מריר שי,גרמים,600.00,100 גרם,false,,21.80,0.0363,true,1,6322375
7290018893432,false,פרימיום שוקולד מריר ואגוזי לוז רמילוי,,,פרימיום שוקולד מריר,גרמים,100.00,100 גרם,false,,5.80,0.0580,true,1,6329548
7290018893456,false,צ'וקטה עוגות אישיות במילוי קרם ובציפוי בטעם שוקולד 300 גרם,"פרדי קונדיטוריה אס,פי.אי",IT,צ'וקטה עוגות אישיות,גרמים,300.00,100 גרם,false,,11.90,0.0397,true,1,6316294
7290018893487,false,צ'וקטה עוגות אישיות עם קוקוס-מארז עשירייה,פרדי קונדטוריה אס פי,IT,צוקטה עוגות אישיות ק,גרמים,350.00,100 גרם,false,,11.90,0.0340,true,1,6322376
7290018893616,false,שישיית שוקולד מריר 48% צ'וקטה 100 גרם,איברקקאו,ES,שוקולד צוקטה מריר 48,גרמים,600.00,100 גרם,false,,19.90,0.0332,true,1,6326228
7290018893647,false,עוגיות סנדוויץ במילוי קרם וניל בציפוי שוקולד 150 גרם צ'וקטה,צ'וקטה Chocketa,ES,צ'וקטה עוגיות סנדביץ,גרמים,150.00,100 גרם,false,,7.90,0.0527,true,1,6326229
7290018893685,false,צ'וקולטה עוגות אישיות חלב 350גר רמילוי,,,צ'וקולטה עוגות אישיו,גרמים,350.00,100 גרם,false,,9.90,0.0283,true,1,6329525
7290018893708,false,עוגיות סנדוויץ' במילוי קרם בטעם שוקולד,צ'וקטה Chocketa,ES,צ'וקטה עוגיות סנדביץ,גרמים,250.00,100 גרם,false,,6.90,0.0276,true,1,6352052
7290018893753,false,צוקטה וופל חמאה בטעם לימון 100 גרם,שסטוביץ,BE,עלי וופל דקים בטעם ל,גרמים,100.00,גרם,false,,9.90,0.0990,true,1,6404713
7290018893838,false,פרימיום שוקולד מריר 70% רמילוי,,,פרימיום שוקולד מריר,גרמים,100.00,100 גרם,false,,5.80,0.0580,true,1,6329550
7290018893876,false,עוגות אישיות רכות עם מילוי קרם בטעם וניל,פרדי קונדיטוריה אס.פ,IT,צוקטה עוגות אישיות ו,גרמים,200.00,100 גרם,false,,10.90,0.0545,true,1,6316296
7290018893883,false,עוגות אישיות במילוי ובציפוי 350ג רמילוי,,,עוגות אישיות במילוי,גרמים,350.00,100 גרם,false,,9.90,0.0283,true,1,6329527
7290018893906,false,עוגיות סנדוויץ' במילוי קרם בטעם וניל,צ'וקטה Chocketa,ES,צ'וקטה עוגיות סנדביץ,גרמים,250.00,100 גרם,false,,6.90,0.0276,true,1,6352030
7290018893920,false,לוקיטוס סוכריות ג'לי בטעמי פירות 700 גרם,צ'וקטה Chocketa,GR,לוקיטוס סוכריות ג'לי,גרמים,700.00,100 גרם,false,,17.90,0.0256,true,1,6427563
7290018893951,false,צ'וקטה עוגיות וופל חמאה קינמון 100 גרם,צ'וקטה,BE,עוגיות וופל חמאה קינ,יח',1.00,יח',false,,9.90,9.9000,true,1,6413285
7290018894019,false,עוגות אישיות במילוי קרם חלבי ובציפוי קרם קקאו,בלקוני Balconi,IT,בלקוני עוגות מיקס מק,גרמים,350.00,100 גרם,false,,13.90,0.0397,true,1,6352054
7290018894040,false,צ'וקטה שוקולד שוקולד חלב 5*100 גרם,צ'וקטה,FR,צוקטה שוקולד חלב 5*1,גרמים,500.00,100 גרם,false,,19.90,0.0398,true,1,6428006
7290018894071,false,צ'וקטה מארז סביבון לחנוכה,צ'וקטה Chocketa,,צ'וקטה מארז לחנוכה 2,גרמים,225.00,100 גרם,false,,14.90,0.0662,true,1,6445535
7290018894217,false,עוגות אישיות במילוי קרם קקאו ובציפוי קרם קקאו,בלקוני Balconi,IT,בלקוני עוגות מיקס מק,גרמים,350.00,100 גרם,false,,14.90,0.0426,true,1,6352056
7290018894606,false,וופלים במילוי קרם קקאו - חלבי,בלקוני Balconi,IT,בלקוני וופל קקאו 175,גרמים,175.00,100 גרם,false,,7.90,0.0451,true,1,6352059
7290018894804,false,וופלים במילוי קרם אגוזי לוז - חלבי,בלקוני Balconi,IT,בלקוני וופל אגוזים 1,גרמים,175.00,100 גרם,false,,7.90,0.0451,true,1,6352060
7290018904404,false,שערות קדאיף מזאווי 4,"ממתקי מזוואי בע""מ",IL,שערות קדאיף 450 גרם,גרמים,450.00,100 גרם,false,,13.90,0.0309,true,1,6439580
7290018921029,false,"ד""ר פישר - קמיל בלו מגבוני סנסיטיב 64 יח' * 4",פישר מעבדות פרמצבטיות בע,IL,רביעיית מגבוני קמיל,יח',1.00,יח',false,,21.80,21.8000,true,1,6322076
7290018921067,false,"ד""ר פישר - אפקטיב קר תחליב רחצה שמן שקדים 700 מ""ל",פישר מעבדות פרמצבטיות בע,IL,אפקטיב קר תחליב רחצה,מטרים,700.00,100 מ'ל,false,,16.90,0.0241,true,1,6329568
7290018921203,false,"קמיל בלו קרם החתלה קמומיל 120 ג' ד""ר פישר",פישר מעבדות פרמצבטיות בע,IL,קמיל בלו משחת החתלה,גרמים,120.00,100 גרם,false,,18.90,0.1575,true,1,6387016
7290018921456,false,"ד""ר פישר - אפקטיב קר תחליב רחצה שמן כותנה 700 מ""ל",פישר מעבדות פרמצבטיות בע,IL,אפקטיב קר תחליב רחצה,מטרים,700.00,100 מ'ל,false,,16.90,0.0241,true,1,6329570
7290018921609,false,"ד""ר פישר - קמיל בלו קרם החתלה קלנדולה 120 גרם",פישר מעבדות פרמצבטיות בע,IL,קמיל בלו משחת החתלה,גרמים,120.00,100 גרם,false,,21.90,0.1825,true,1,6387017
7290018921654,false,"ד""ר פישר - אפקטיב קר תחליב רחצה תמצית לוונדר 700 מ""ל",פישר מעבדות פרמצבטיות בע,IL,אפקטיב קר תחליב רחצה,מטרים,700.00,100 מ'ל,false,,16.90,0.0241,true,1,6329571
7290018921753,false,קמיל אל סבון היגייני לניקוי יסודי מועשר בלחות 1 ליטר,פישר תעשיות,IL,קמיל אל סבון היגייני,100 מל,1000.00,100 מל,false,,15.80,0.0158,true,1,6322080
7290018921807,false,"קמיל בלו משחת החתלה צמחי מרפא 120 ג' ד""ר פישר",פישר מעבדות פרמצבטיות בע,IL,קמיל בלו משחת החתלה,גרמים,120.00,100 גרם,false,,21.90,0.1825,true,1,6387018
7290018921852,false,"תחליב רחצה מועשר בשמן ארגן 700 מ""ל אפקטיב קר",פישר מעבדות פרמצבטיות בע,IL,אפקטיב קר תחליב רחצה,מטרים,700.00,100 מ'ל,false,,16.90,0.0241,true,1,6329572
7290018925065,false,מיץ פרימור תפוזים סחוט 2 ליטר-,"גניר (1992) בע""מ",IL,מיץ תפוזים פרימור 2,ליטרים,2.00,ליטר,false,,24.20,12.1000,true,1,6331539
7290018925096,false,משקה קל תפוזים פרימור 1.5 ליטר,פרימור,IL,פרימור משקה קל תפוזי,ליטרים,1.50,ליטר,false,,7.90,5.2667,true,1,6332106
7290018925102,false,משקה קל ענבים פרימור 1.5 ליטר,פרימור,IL,פרימור משקה קל ענבים,ליטרים,1.50,ליטר,false,,7.90,5.2667,true,1,6332107
7290018925126,false,משקה קל תפוחי עץ פרימור 1.5 ליטר,פרימור,IL,"פרימור משקה קל תפו""ע",ליטרים,1.50,ליטר,false,,7.90,5.2667,true,1,6332109
7290018925140,false,משקה קל אשכוליות פרימור 1.5 ליטר,פרימור,IL,פרימור משקה קל אשכול,ליטרים,1.50,ליטר,false,,7.90,5.2667,true,1,6332111
7290018925157,false,משקה קל לימונים פרימור 1.5 ליטר,פרימור,IL,פרימור משקה קל לימונ,ליטרים,1.50,ליטר,false,,7.90,5.2667,true,1,6332112
7290018925164,false,משקה קל תות בננה פרימור 1.5 ליטר,פרימור,IL,פרימור משקה קל תות-ב,ליטרים,1.50,ליטר,false,,7.90,5.2667,true,1,6332113
7290018940082,false,וירטואוזו רונדו חצי יבש 750מ,יקבי ארזה,IL,וירטואוזו רונדו חצי,מיליליטרים,750.00,"100 מ""ל",false,,44.90,0.0599,true,1,6320316
7290018989128,false,סירופ בטעם ענבים יכין 1 ליטר,"זנלכל בע""\מ",IL,יכין סירופ בטעם ענבי,מטרים,1000.00,100 מ'ל,false,,18.90,0.0189,true,1,6387796
7290018989135,false,סירופ בטעם פטל יכין 1 ליטר,"זנלכל בע""\מ",IL,יכין סירופ בטעם פטל,מטרים,1000.00,100 מ'ל,false,,18.90,0.0189,true,1,6387797
7290019035220,false,תערובת פירות יער קפוא 600ג' פילד גוד,קונגלדוס אקיואטוריאנ,RS,מיקס פירות 600 גר,גרמים,600.00,100 גרם,false,,29.90,0.0498,true,1,6370280
7290019038313,false,עוגל'ה בטעם שוקולד ללא תוספת סוכר 350 גרם,,,עוגה טעם שוקולד ללא,גרמים,350.00,100 גרם,false,,10.90,0.0311,true,1,6352974
7290019038320,false,עוגל'ה בטעם תפוז ללא תוספת סוכר 350 גרם,,,עוגה טעם תפוז ללא סו,גרמים,350.00,100 גרם,false,,10.90,0.0311,true,1,6352975
7290019056027,false,שוופס מוגז פירות תפוחים ללא סוכר 1.5 ליטר פיקדון,"יפאורה תבורי בע""\מ",IL,משקה מוגז פירות תפוח,ליטרים,1.50,ליטר,false,,7.90,5.2667,true,1,6330244
7290019056034,false,שוופס מוגז פירות אננס ללא סוכר 1.5 ליטר פיקדון,"יפאורה תבורי בע""מ",IL,משקה מוגז פירות אננס,ליטרים,1.50,ליטר,false,,7.90,5.2667,true,1,6330245
7290019056041,false,שוופס מוגז פירות לימונייד ללא סוכר 1.5 ליטר פיקדון,"יפאורה תבורי בע""מ",IL,משקה מוגז פירות לימו,ליטרים,1.50,ליטר,false,,7.90,5.2667,true,1,6330246
7290019056058,false,שוופס מוגז עדין תפוח ליים 1.5 ליטר פיקדון,"יפאורה תבורי בע""\מ",IL,שוופס מוגז עדין תפוח,ליטרים,1.50,ליטר,false,,8.30,5.5333,true,1,6330247
7290019056065,false,שוופס מוגז עדין פירות יער 1.5 ליטר פיקדון,"יפאורה תבורי בע""\מ",IL,שוופס מוגז עדין פירו,ליטרים,1.50,ליטר,false,,8.30,5.5333,true,1,6330248
7290019056072,false,שוופס מוגז עדין אננס 1.5 ליטר פיקדון,"יפאורה תבורי בע""מ",IL,שוופס מוגז עדין אננס,ליטרים,1.50,ליטר,false,,8.30,5.5333,true,1,6330249
7290019056089,false,שוופס מוגז עדין ענבי ריזלינג 1.5 ליטר פיקדון,"יפאורה תבורי בע""\מ",IL,שוופס מוגז עדין ענבי,ליטרים,1.50,ליטר,false,,8.30,5.5333,true,1,6330250
7290019056096,false,שוופס מוגז עדין אפרסק 1.5 ליטר פיקדון,"יפאורה תבורי בע""\מ",IL,שוופס מוגז עדין אפרס,ליטרים,1.50,ליטר,false,,8.30,5.5333,true,1,6330251
7290019056157,false,שוופס סודה פירות יער 1.5 ליטר בק' בודד פיקדון,יפאורה תבורי,IL,סודה פירות יער שוופס,ליטרים,1.50,ליטר,false,,3.20,2.1333,true,1,6330256
7290019056164,false,שוופס סודה 1.5 ליטר רביעייה פיקדון,"יפאורה תבורי בע""\מ",IL,סודה שוופס 4*1.5 ליט,ליטרים,6.00,ליטר,false,,11.50,1.9167,true,1,6330257
7290019056171,false,שוופס סודה לימון 1.5 ליטר רביעייה פיקדון,"יפאורה תבורי בע""\מ",IL,סודה לימון שוופס 4*1,ליטרים,6.00,ליטר,false,,11.50,1.9167,true,1,6330258
7290019056188,false,שוופס סודה נענע ליים 1.5 ליטר רביעייה פיקדון,"יפאורה תבורי בע""\מ",IL,סודה נענע ליים שוופס,ליטרים,6.00,ליטר,false,,11.50,1.9167,true,1,6330259
7290019056201,false,שוופס סודה פירות יער 1.5 ליטר רביעייה פיקדון,"יפאורה תבורי בע""\מ",IL,סודה פירות יער שוופס,ליטרים,6.00,ליטר,false,,11.50,1.9167,true,1,6330261
7290019056232,false,משקה מוגז בטעם ליים מוחיטו 1.5 ל' שוופס,"יפאורה תבורי בע""\מ",IL,שוופס מוגז עדין מוחי,ליטרים,1.50,ליטר,false,,8.50,5.6667,true,1,6330262
7290019056249,false,שוופס מים בטעמים ענבים 1.5 ליטר פיקדון,"יפאורה תבורי בע""מ",IL,מים בטעם ענבים שוופס,ליטרים,1.50,ליטר,false,,7.80,5.2000,true,1,6330195
7290019056256,false,שוופס מים בטעמים תפוחים 1.5 ליטר פיקדון,"יפאורה תבורי בע""מ",IL,מים בטעם תפוחים שוופ,ליטרים,1.50,ליטר,false,,7.80,5.2000,true,1,6330196
7290019056263,false,שוופס מים בטעמים אפרסק 1.5 ליטר פיקדון,"יפאורה תבורי בע""מ",IL,מים בטעם אפרסק שוופס,ליטרים,1.50,ליטר,false,,7.80,5.2000,true,1,6330197
7290019056270,false,שוופס מים בטעמים פירות יער 1.5 ליטר פיקדון,"יפאורה תבורי בע""\מ",IL,מים בטעם פירות יער ש,ליטרים,1.50,ליטר,false,,7.80,5.2000,true,1,6330198
7290019056287,false,שוופס מים בטעמים אפרסק ללא סוכר 1.5 ליטר פיקדון,יפאורה שותפות מובגלת לשי,IL,מים בטעם אפרסק לייט,ליטרים,1.50,ליטר,false,,7.90,5.2667,true,1,6330199
7290019056294,false,שוופס ג'ינג'ר אייל 1.5 ליטר פיקדון,"יפאורה תבורי בע""\מ",IL,סודה ג'ינג'ר אייל שו,ליטרים,1.50,ליטר,false,,11.90,7.9333,true,1,6330282
7290019056300,false,משקה בטעם ביטר לימון 1.5 ל' שוויפס,"יפאורה תבורי בע""\מ",IL,ביטר למון שוופס 1.5,ליטרים,1.50,ליטר,false,,11.90,7.9333,true,1,6330283
7290019056317,false,שוופס ראשן 1.5 ליטר פיקדון,"יפאורה תבורי בע""\מ",IL,ראשן שוופס 1.5 ליטר,ליטרים,1.50,ליטר,false,,11.90,7.9333,true,1,6330284
7290019056324,false,שוופס טוניק 1.5 ליטר פיקדון,"יפאורה תבורי בע""\מ",IL,טוניק שוופס 1.5 ליטר,ליטרים,1.50,ליטר,false,,11.90,7.9333,true,1,6330285
7290019056331,false,שוופס טוניק ללא סוכר 1.5 ליטר פיקדון,"יפאורה תבורי בע""מ",IL,טוניק ללא סוכר שוופס,ליטרים,1.50,ליטר,false,,11.50,7.6667,true,1,6330286
7290019056355,false,תפוזינה לימונדה MIX לימונענע 1.5 ליטר,"יפאורה תבורי בע""\מ",IL,תפוזינה לימונענע 1.5,ליטרים,1.50,ליטר,false,,7.90,5.2667,true,1,6330162
7290019056362,false,תפוזינה ענבים 1.5 ליטר פיקדון,"יפאורה תבורי בע""\מ",IL,תפוזינה ענבים 1.5 לי,ליטרים,1.50,ליטר,false,,7.90,5.2667,true,1,6330163
7290019056379,false,תפוזינה תפוזים 1.5 ליטר פיקדון,"יפאורה תבורי בע""\מ",IL,תפוזינה תפוזים 1.5 ל,ליטרים,1.50,ליטר,false,,7.90,5.2667,true,1,6330200
7290019056386,false,פתוזינה אשכולית 1.5 ליטר פיקדון,"יפאורה תבורי בע""\מ",IL,תפוזינה אשכוליות 1.5,ליטרים,1.50,ליטר,false,,7.90,5.2667,true,1,6330201
7290019056393,false,תפוזינה תות בננה 1.5 ליטר פיקדון,"יפאורה תבורי בע""\מ",IL,תפוזינה תות בננה 1.5,ליטרים,1.50,ליטר,false,,7.90,5.2667,true,1,6330202
7290019056409,false,תפוזינה מנגו 1.5 ליטר פיקדון,"יפאורה תבורי בע""\מ",IL,תפוזינה מנגו 1.5 לי,ליטרים,1.50,ליטר,false,,7.90,5.2667,true,1,6330203
7290019056416,false,מיץ בטעם לימונדה ורודה 1.5 ל' תפוזינה,"יפאורה תבורי בע""\מ",IL,תפוזינה לימונדה ורוד,ליטרים,1.50,ליטר,false,,7.90,5.2667,true,1,6330204
7290019056423,false,מיץ בטעם תפוח רענן 1.5ל' תפוזינה,"יפאורה תבורי בע""\מ",IL,תפוזינה תפוחים 1.5 ל,ליטרים,1.50,ליטר,false,,7.90,5.2667,true,1,6330205
7290019056430,false,תפוזינה תפוזים לייט 1.5 ליטר פיקדון,"יפאורה תבורי בע""\מ",IL,תפוזינה תפוזים לייט,ליטרים,1.50,ליטר,false,,7.80,5.2000,true,1,6330206
7290019056447,false,תפוזינה אשכוליות לייט 1.5 ליטר פיקדון,"יפאורה תבורי בע""\מ",IL,תפוזינה אשכוליות ליי,ליטרים,1.50,ליטר,false,,7.80,5.2000,true,1,6330207
7290019056461,false,מארז משקה בטעם קולה שישייה * 1.5 ל' אר.סי,"יפאורה תבורי בע""\מ",IL,ארסי קולה שישייה 1.5,ליטרים,9.00,ליטר,false,,37.90,4.2111,true,1,6330288
7290019056478,false,ספרינג טי קר אפרסק 1.5ליטר פיקדון,"יפאורה תבורי בע""\מ",IL,תה קר בטעם אפרסק ספר,ליטרים,1.50,ליטר,false,,7.20,4.8000,true,1,6330208
7290019056485,false,ספריג תה ירוק לימון לואיזה 1.5 ליטר פיקדון,"יפאורה תבורי בע""\מ",IL,תה קר לימון לואיזה ס,ליטרים,1.50,ליטר,false,,7.20,4.8000,true,1,6330209
7290019056492,false,ספרינג תה מנגו אפרסק 1.5 ליטר פיקדון,"יפאורה תבורי בע""\מ",IL,תה קר מנגו אפרסק ספר,ליטרים,1.50,ליטר,false,,7.20,4.8000,true,1,6330210
7290019056508,false,פרוט ווטר ענבים 1.5 ליטר פיקדון,"יפאורה תבורי בע""\מ",IL,פרוט ווטר ענבים 1.5,ליטרים,1.50,ליטר,false,,7.90,5.2667,true,1,6330211
7290019056515,false,פרוט ווטר אננס 1.5 ליטר פיקדון,"יפאורה תבורי בע""\מ",IL,פרוט ווטר אננס 1.5 ל,ליטרים,1.50,ליטר,false,,7.90,5.2667,true,1,6330212
7290019056522,false,פרוט ווטר תות 1.5 ליטר פיקדון,"יפאורה תבורי בע""\מ",IL,פרוט ווטר תות 1.5 לי,ליטרים,1.50,ליטר,false,,7.90,5.2667,true,1,6330213
7290019056539,false,פרוט ווטר אפרסק 1.5 ליטר פיקדון,"יפאורה תבורי בע""\מ",IL,פרוט ווטר אפרסק 1.5,ליטרים,1.50,ליטר,false,,7.90,5.2667,true,1,6330214
7290019056546,false,פרוט ווטר אבטיח 1.5 ליטר פיקדון,"יפאורה תבורי בע""\מ",IL,פרוט ווטר אבטיח 1.5,ליטרים,1.50,ליטר,false,,7.90,5.2667,true,1,6330215
7290019056553,false,שישיית מים מינרלים עין גדי 2 ליטר,עין גדי מים מינרליים,IL,מים עין גדי 2 ליטר ש,ליטרים,12.00,ליטר,false,,12.70,1.0583,true,1,6330289
7290019056560,false,עין גדי 2 ליטר בק' בודד פיקדון,עין גדי מיים מינרלים,IL,מים עין גדי 2 ליטר,ליטרים,2.00,ליטר,false,,3.20,1.6000,true,1,6332597
7290019056577,false,משקה קל מנגו ספרינג 1.5 ליטר,"יפאורה תבורי בע""\מ",IL,משקה קל מנגו ספרינג,ליטרים,1.50,ליטר,false,,7.90,5.2667,true,1,6330164
7290019056584,false,משקה קל תפוזים ספרינג 1.5 ליטר,"יפאורה תבורי בע""\מ",IL,משקה קל תפוזים ספרינ,ליטרים,1.50,ליטר,false,,7.90,5.2667,true,1,6330165
7290019056591,false,משקה קל ענבים ספרינג 1.5 ליטר,"יפאורה תבורי בע""\מ",IL,משקה קל ענבים ספרינג,ליטרים,1.50,ליטר,false,,7.90,5.2667,true,1,6330166
7290019056607,false,משקה קל תפוחים ספרינג 1.5 ליטר,"יפאורה תבורי בע""\מ",IL,משקה קל תפוחים ספרינ,ליטרים,1.50,ליטר,false,,7.90,5.2667,true,1,6330167
7290019056614,false,משקה קל אפרסק ספרינג 1.5 ליטר,"יפאורה תבורי בע""\מ",IL,משקה קל אפרסק ספרינג,ליטרים,1.50,ליטר,false,,7.90,5.2667,true,1,6330168
7290019056621,false,משקה קל פירות טרופיים ספרינג 1.5 ליטר,"יפאורה תבורי בע""\מ",IL,משקה קל פירות טרופיי,ליטרים,1.50,ליטר,false,,7.90,5.2667,true,1,6330169
7290019056638,false,משקה קל תות בננה ספרינג 1.5 ליטר,"יפאורה תבורי בע""\מ",IL,משקה קל תות בננה ספר,ליטרים,1.50,ליטר,false,,7.90,5.2667,true,1,6330170
7290019056645,false,משקה קל אגס תפוח סברס ספרינג 1.5 ליטר,"יפאורה תבורי בע""\מ",IL,משקה קל אגס תפוח סבר,ליטרים,1.50,ליטר,false,,7.90,5.2667,true,1,6330171
7290019056652,false,משקה קל אננס בננה ספרינג 1.5 ליטר,"יפאורה תבורי בע""\מ",IL,משקה קל אננס בננה ספ,ליטרים,1.50,ליטר,false,,7.90,5.2667,true,1,6330172
7290019056669,false,משקה קל תפוחים דיאט ספרינג 1.5 ליטר,"יפאורה תבורי בע""\מ",IL,משקה קל תפוחים דיאט,ליטרים,1.50,ליטר,false,,7.80,5.2000,true,1,6330173
7290019056676,false,משקה קל אשכולית אננס דיאט ספרינג 1.5 ליטר,"יפאורה תבורי בע""\מ",IL,משקה קל אשכולית אננס,ליטרים,1.50,ליטר,false,,7.80,5.2000,true,1,6330174
7290019056720,false,קריסטל מיץ ענבים 2 ליטר פיקדון,"יפאורה תבורי בע""\מ",IL,משקה ענבים קריסטל 2,ליטרים,2.00,ליטר,false,,6.90,3.4500,true,1,6332598
7290019056737,false,קריסטל מיץ אשכוליטרות 2 ליטר,"יפאורה תבורי בע""\מ",IL,משקה אשכוליות קריסטל,ליטרים,2.00,ליטר,false,,6.90,3.4500,true,1,6330290
7290019056744,false,קריסטל מיץ תפוזים 2 ליטר פיקדון,"יפאורה תבורי בע""\מ",IL,משקה מיץ תפוזים קריס,ליטרים,2.00,ליטר,false,,6.90,3.4500,true,1,6330291
7290019056751,false,קריסטל מיץ אשכוליות דיאט 2 ליטר פיקדון,"יפאורה תבורי בע""\מ",IL,משקה מיץ אשכולית דיא,ליטרים,2.00,ליטר,false,,6.90,3.4500,true,1,6330292
7290019056782,false,משקה מוגז בטעם לימון ליים 2 ל' קריסטל,"יפאורה תבורי בע""\מ",IL,משקה קריסטל מוגז למו,ליטרים,2.00,ליטר,false,,6.90,3.4500,true,1,6330295
7290019056799,false,קריסטל מוגז אקזוטי 2 ליטר פיקדון,"יפאורה תבורי בע""\מ",IL,משקה קריסטל מוגז אקז,ליטרים,2.00,ליטר,false,,6.90,3.4500,true,1,6330296
7290019056805,false,קריסטל מוגז תפוחים 2 ליטר פיקדון,"יפאורה תבורי בע""\מ",IL,משקה קריסטל מוגז תפו,ליטרים,2.00,ליטר,false,,6.90,3.4500,true,1,6330297
7290019056843,false,קריסטל מוגז קולה 2 ליטר פיקדון,"יפאורה תבורי בע""\מ",IL,משקה קריסטל מוגז קול,ליטרים,2.00,ליטר,false,,6.90,3.4500,true,1,6330301
7290019056850,false,ספרינג תה אפרסק דיאט 1.5 ליטר פיקדון,"יפאורה תבורי בע""\מ",IL,תה קר אפרסק דיאט ספר,ליטרים,1.50,ליטר,false,,7.20,4.8000,true,1,6330216
7290019056959,false,מי עדן 1.5 ליטר בק' בודד פיקדון,"מופק ממקור בזלתי עדן ,1",IL,מי עדן 1.5ל,ליטרים,1.50,ליטר,false,,2.80,1.8667,true,1,6330302
7290019056973,false,שישיית מי עדן 1.5 ליטר משפחתי,"מופק ממקור בזלתי עדן ,1",IL,מים מינרלים מי עדן 6,ליטרים,9.00,ליטר,false,,12.70,1.4111,true,1,6330303
7290019074090,false,"ד""ר פישר - קמיל בלו אקסטרה סופט אל סבון לתינוק 500 מ""ל",פישר מעבדות פרמצבטיות בע,IL,קמיל בלו אקסטרה סופט,מטרים,500.00,100 מ'ל,false,,22.90,0.0458,true,1,6406013
7290019075400,false,"אפקטיב קר תחליב רחצה מועשר בשיבולת שועל 700 מ""ל",פישר מעבדות פרמצבטיות בע,IL,תחליב רחצה אפקטיב בש,מטרים,700.00,100 מ'ל,false,,16.90,0.0241,true,1,6413282
7290019075608,false,"אפקטיב קר תחליב רחצה מועשר בתה ירוק ויסמין 700 מ""ל",פישר מעבדות פרמצבטיות בע,IL,תחליב רחצה אפקטיב קר,מטרים,700.00,100 מ'ל,false,,16.90,0.0241,true,1,6413284
7290019153078,false,"שוופס ביטר למון לייט, 1.5 ליטר פקדון","יפאורה תבורי בע""\מ",IL,שוופס ביטר למון לייט,ליטרים,1.50,ליטר,false,,11.90,7.9333,true,1,6342744
7290019153085,false,שוופס מוגז ליים מוחיטו ללא סוכר 1.5 ליטר-,"יפאורה תבורי בע""\מ",IL,שוופס מוחיטו ללא סוכ,ליטרים,1.50,ליטר,false,,7.90,5.2667,true,1,6342745
7290019153252,false,שוופס סודה תפוח 1.5 ליטר רביעייה פיקדון,"יפאורה תבורי בע""\מ",IL,סודה תפוח שוופס 4*1.,ליטרים,6.00,ליטר,false,,11.50,1.9167,true,1,6368592
7290019153269,false,שוופס סודה אננס 1.5 ליטר רביעייה פיקדון,"יפאורה תבורי בע""\מ",IL,סודה אננס שוופס 4*1.,ליטרים,6.00,ליטר,false,,11.50,1.9167,true,1,6368593
7290019153344,false,מיץ בטעם סנגרייה 1.5 ל' תפוזינה,"יפאורה תבורי בע""\מ",IL,תפוזינה סנגרייה 1.5ל,ליטרים,1.50,ליטר,false,,7.90,5.2667,true,1,6380330
7290019153351,false,מיץ בטעם פינק אוזו 1.5 ל' תפוזינה,"יפאורה תבורי בע""\מ",IL,תפוזינה פינק אוזו 1.,ליטרים,1.50,ליטר,false,,7.90,5.2667,true,1,6380331
7290019153375,false,מיץ בטעם מוחיטו 1.5 ל' תפוזינה,"יפאורה תבורי בע""\מ",IL,תפוזינה מוחיטו 1.5לי,ליטרים,1.50,ליטר,false,,7.90,5.2667,true,1,6380332
7290019167020,false,עוגת גבינה עם פירות יער לייט עדן קינוחים 82 גרם,עדן קינוחים Eden,IL,עוגת גבינה עם פירות,גרמים,82.00,100 גרם,false,,5.90,0.0720,true,1,6431249
7290019167037,false,תותים בקצפת עדן קינוחים 82 גרם,עדן קינוחים Eden,IL,מעדן תותים בקצפת,גרמים,80.00,100 גרם,false,,5.90,0.0738,true,1,6431250
7290019167044,false,קצפת עם קרם בייגלה מתוק מלוח עדן קינוחים 82 גרם,עדן קינוחים Eden,IL,קצפת עם קרם בייגלה מ,גרמים,82.00,100 גרם,false,,5.90,0.0720,true,1,6431251
7290019204008,false,עוף טוב פסטרמה ארבעה פלפלים 350 גרם,עיצובים 2020 (4.9),IL,פסטרמה ארבעה פלפלים,גרמים,350.00,גרם,false,,24.90,0.0711,true,1,6389369
7290019204305,false,עוף טוב פסטרמה ברביקיו 350 גרם,עיצובים 2020 (4.9),IL,פסטרמה בקביקיו 350 ג,גרמים,350.00,גרם,false,,24.90,0.0711,true,1,6389372
7290019232155,false,"חליטת ""לילה טוב"" קמומיל לבנדר ו25 שקיקים ויסוצקי",תה ויסוצקי,IL,ויסוצקי פלוס לילה טו,גרמים,37.50,100 גרם,false,,21.90,0.5840,true,1,6424330
7290019232162,false,"חליטת ""לילה טוב"" קמומיל מליסה 25 שקיקים ויסוצקי",תה ויסוצקי,IL,ויסוצקי פלוס לילה טו,גרמים,37.50,100 גרם,false,,21.90,0.5840,true,1,6424331
7290019232179,false,חליטת לילה טוב נענע 25 שקיקים ויסוצקי,תה ויסוצקי,IL,ויסוצקי פלוס תה ירוק,גרמים,37.50,100 גרם,false,,21.90,0.5840,true,1,6424304
7290019232186,false,תה ירוק לימונית לואיזהSTAY WELL 25 שקיקים ויסוצקי,תה ויסוצקי,IL,ויסוצקי פלוס ויטמיני,גרמים,37.50,100 גרם,false,,21.90,0.5840,true,1,6424332
7290019232193,false,תה ירוק לימונית ג'ינג'ר STAY WELL שקיקים 25 ויסוצקי,תה ויסוצקי,IL,ויסוצקי פלוס ויטמיני,גרמים,37.50,100 גרם,false,,21.90,0.5840,true,1,6424333
7290019232353,false,תה ירוק סיני 50 שקיקים ויסוצקי,תה ויסוצקי,IL,תה ירוק סיני 50 יחיד,גרמים,75.00,100 גרם,false,,39.90,0.5320,true,1,6402315
7290019232377,false,צאי וניל והל תה ויסוצקי חווית הצאי 25שק,תה ויסוצקי,IL,חווית הצ'אי וניל והל,גרמים,37.50,100 גרם,false,,18.90,0.5040,true,1,6424334
7290019232803,false,הולגריין ביסקוייט עם קרם חלב ושוקולד חלב 300 גרם,"אולקר ביסקווי סנאי, א.ס.",TR,הולגריין ביסקוויט עם,100 יח,300.00,100 יח,false,,10.90,0.0363,true,1,6370709
7290019232827,false,הולגריין ביסקוייט במילוי אגוזי לוז 300 גרם,"אולקר ביסקווי סנאי, א.ס.",TR,הולגריין ביסקוויט במ,100 יח,300.00,100 יח,false,,10.90,0.0363,true,1,6370711
7290019232834,false,פליפז בייגלה מצופה קרם עוגיות ושוקולד מקוויטיס 140 גרם,אולקר מקבוצת פלאדיס,TR,פליפז בייגלה מצופה ק,100 יח,140.00,100 יח,false,,7.90,0.0564,true,1,6370712
7290019233008,false,רוטב עגבניות עם קוביות ארטישוק ושמן זית 420ג ויסוצקי,דליציה דורה אס.אר.אל,IT,זיתא רוטב שקשוקה ארט,יח',1.00,יח',false,,13.80,13.8000,true,1,6370713
7290019233015,false,רוטב שקשוקה תבשיל ירקות עם שמן זית כתית מעולה 420ג זיתא,זיתא,IT,זיתא שקשוקה ירוקה 42,גרמים,420.00,100 גרם,false,,13.80,0.0329,true,1,6370714
7290019233022,false,שקשוקה חצילים רוטב עגבניות עם קוביות חצילים צלויים,דליציה דורה אס.אר.אל,IT,זיתא רוטב שקשוקה חצי,יח',1.00,יח',false,,13.80,13.8000,true,1,6370715
7290019233039,false,שקשוקה קלאסית- רוטב עגבניות עם קוביות פלפלים צלויים,דליציה דורה אס.אר.אל,IT,זיתא רוטב שקשוקה קלא,יח',1.00,יח',false,,13.80,13.8000,true,1,6370716
7290019233046,false,זית קלמטה בלונד מרינד עם שמן זית 215 גרם,זיתא - י.ט.ב תעשיות,IL,זית קלמטה בלונד עם ש,גרמים,215.00,100 גרם,false,,13.50,0.0628,true,1,6342723
7290019297161,false,טורטיה ראפ מקמח תירס שקדיה 450 גרם,דין שיווק,TR,טורטיה ראפ מקמח תירס,גרמים,540.00,100 גרם,false,,9.90,0.0183,true,1,1128842
7290019297451,false,מי ורדים שקדיה 500 מ,אף.סי תבליני בגליל ב,BE,מי ורדים 500 מל,מיליליטרים,500.00,"100 מ""ל",false,,13.90,0.0278,true,1,1149182
7290019302315,false,"ייו buzz אבטיח מלון 750 מ""ל",יקבי כרמל,IL,באזז אבטיח מלון 750מ,מטרים,750.00,100 מ'ל,false,,22.90,0.0305,true,1,6384332
7290019308041,false,שעועית ירוקה שלמה 800 ג,,,שעועית ירוקה שלמה 80,גרמים,800.00,100 גרם,false,,6.90,0.0086,true,1,6401911
7290019308058,false,שעועית ירוקה חתוכה 800 גרם,,,שעועית ירוקה חתוכה 8,גרמים,800.00,100 גרם,false,,6.90,0.0086,true,1,6401912
7290019308201,false,"מנגו 1ק""ג",,,"מנגו 1ק""ג",יחידה,0.00,יחידה,false,,17.90,0.0000,true,1,6437015
7290019319375,false,חם על המדף,,,חם על המדף,יח',1.00,יח',false,,20.00,20.0000,true,1,6353972
7290022005005,false,פפריקה מרוקאית מתוקה רמי לוי,תבליני מימון,IL,פפריקה מרוקאית מתוקה,גרמים,400.00,100 גרם,false,,19.90,0.0497,true,1,1223130
7290022005012,false,פפריקה הונגרית מתוקה רמי לוי 400 גרם,רמי לוי,IL,פפריקה הונגרית מתוקה,גרמים,400.00,100 גרם,false,,19.90,0.0497,true,1,1223131
7290022005029,false,כורכום טחון רמי לוי 250 גרם,רמי לוי,IL,כורכום טחון רמי לוי,גרמים,250.00,100 גרם,false,,15.90,0.0636,true,1,1223132
7290022005043,false,כמון טחון רמי לוי 250 גרם,רמי לוי,IL,כמון טחון רמי לוי 25,גרמים,250.00,100 גרם,false,,15.90,0.0636,true,1,1223134
7290022005074,false,רוטב עגבניות שרי קלאסי 400 גרם,תבליני מימון,IL,פלפל שחור טחון 50ג' שקית-,גרמים,400.00,100 גרם,false,,13.70,0.0342,true,1,1221807
7290022005081,false,רוטב עגבניות שרי ארביאטה 400 גרם,תבליני מימון,IL,פלפל שחור טחון 50ג' שקית-,גרמים,400.00,100 גרם,false,,13.70,0.0342,true,1,1221808
7290022005098,false,רוטב עגבניות שרי לשקשוקה 400 גרם,תבליני מימון,IL,פלפל שחור טחון 50ג' שקית-,גרמים,400.00,100 גרם,false,,13.70,0.0342,true,1,6426589
7290022005104,false,רוטב עגבניות שרי בזיליקום 400 גרם,תבליני מימון,IL,פלפל שחור טחון 50ג' שקית-,גרמים,400.00,100 גרם,false,,13.70,0.0342,true,1,6426590
7290022005111,false,רוטב עגבניות שרי לפיצה 400 גרם,תבליני מימון,IL,פלפל שחור טחון 50ג' שקית-,גרמים,400.00,100 גרם,false,,13.70,0.0342,true,1,1221811
7290022005173,false,פלפל שחור טחון רמי לוי 100 גרם,רמי לוי,IL,פלפל שחור טחון רמי ל,גרמים,100.00,100 גרם,false,,11.90,0.1190,true,1,1223136
7290022005180,false,פלפל שחור גרוס דק רמי לוי 90 גרם,רמי לוי,IL,פלפל שחור גרוס דק רמ,גרמים,90.00,100 גרם,false,,11.90,0.1322,true,1,1223137
7290022005197,false,פפריקה מתוקה רמי לוי 100 גרם,רמי לוי,IL,פפריקה מתוקה רמי לוי,גרמים,100.00,100 גרם,false,,7.50,0.0750,true,1,1223138
7290022005203,false,כורכום הודי טחון רמי לוי 100 גרם,רמי לוי,IL,כורכום הודי טחון רמי,גרמים,100.00,100 גרם,false,,8.60,0.0860,true,1,1223139
7290022005210,false,כמון רמי לוי 100 גרם,רמי לוי,IL,כמון רמי לוי 100 גרם,גרמים,100.00,100 גרם,false,,8.60,0.0860,true,1,1223140
7290022005234,false,תיבול לגריל עוף רמי לוי 100 גרם,רמי לוי,IL,תיבול לגריל עוף רמי,גרמים,100.00,100 גרם,false,,8.60,0.0860,true,1,1223142
7290022005241,false,זעתר ושומשום רמי לוי 100 גרם,רמי לוי,IL,זעתר ושומשום רמי לוי,גרמים,100.00,100 גרם,false,,8.60,0.0860,true,1,1223143
7290022005258,false,קינמון טחון רמי לוי 100 גרם,רמי לוי,IL,קינמון טחון רמי לוי,גרמים,100.00,100 גרם,false,,7.90,0.0790,true,1,1223144
7290022005265,false,פפריקה הונגרית חריפה רמי לוי 100 גרם,רמי לוי,IL,פפריקה הונגרית חריפה,גרמים,100.00,100 גרם,false,,8.60,0.0860,true,1,1223145
7290022005272,false,פפריקה הונגרית מתוקה רמי לוי 100 גרם,רמי לוי,IL,פפריקה הונגרית מתוקה,גרמים,100.00,100 גרם,false,,8.60,0.0860,true,1,1223146
7290022005289,false,שום גבישי רמי לוי 120 גרם,רמי לוי,IL,שום גבישי רמי לוי 12,גרמים,100.00,100 גרם,false,,11.90,0.1190,true,1,1223147
7290022005296,false,אורגנו רמי לוי 40 גרם,רמי לוי,IL,אורגנו רמי לוי 40 גר,גרמים,40.00,100 גרם,false,,7.90,0.1975,true,1,1223148
7290022005333,false,פודינג וניל רמי לוי 80 גרם,רמי לוי,IL,פודינג וניל רמי לוי,גרמים,90.00,100 גרם,false,,3.50,0.0389,true,1,1223152
7290022005340,false,פודינג שוקולד רמי לוי 90 גרם,רמי לוי,IL,פודינג שוקולד רמי לו,גרמים,90.00,100 גרם,false,,3.50,0.0389,true,1,1223153
7290022005357,false,תערובת בראוניס רמי ל,רמי לוי,IL,תערובת בראוניס רמי ל,גרמים,560.00,100 גרם,false,,13.90,0.0248,true,1,1223154
7290022005364,false,תערובת כדורי שוקולד,רמי לוי,IL,תערובת כדורי שוקולד,גרמים,560.00,100 גרם,false,,13.90,0.0248,true,1,1223155
7290022005371,false,תערובת עוגת וניל רמי לוי 560 גרם,תבליני מימון,IL,תערובת עוגת וניל רמי,גרמים,560.00,100 גרם,false,,13.90,0.0248,true,1,1223156
7290022005388,false,תערובת עוגת שוקולד רמי לוי 560 גרם,תבליני מימון,IL,תערובת עוגת שוקולד ר,גרמים,560.00,100 גרם,false,,13.90,0.0248,true,1,1223157
7290055090801,false,כרמית שוקולד לבן ללא תוספת סוכר 85 גרם,"כרמית תעשיות ממתקים בע""\",IL,כרמית שוקולד לבן ללא,גרמים,85.00,100 גרם,false,,4.90,0.0576,true,1,1017890
7290100240137,false,"תרסיס ריחני למייבש כחול בדין 500 מ""ל","זוהר דליה, קיבוץ דליה, 1",IL,בדין תרסיס למייבש כב,מיליליטרים,500.00,"100 מ""ל",false,,14.90,0.0298,true,1,1022202
7290100240144,false,"תרסיס ריחני למייבש ורוד בדין 500 מ""ל","זוהר דליה, קיבוץ דליה, 1",IL,בדין תרסיס למייבש כב,מיליליטרים,500.00,"100 מ""ל",false,,14.90,0.0298,true,1,1022203
7290100240656,false,"פתית שיפון בד""צ חדש 300X24 גר'",יוניליוור ישראל מזון בע\,IL,פתית שיפון תלמה 300,גרמים,300.00,100 גרם,false,,14.90,0.0497,true,1,1022208
7290100243671,false,"מרכך כביסה מרוכז אקסטרה כחול בדין 960 מ""ל",יוניליוור סנאיי וי טיקאר,TR,בדין אקסטרא מרוכז כח,מיליליטרים,960.00,"100 מ""ל",false,,15.90,0.0166,true,1,1022230
7290100245231,false,נמס בכוס מרק בטעם עוף עם אטריות ושקדי מרק-2 שקיות,יוניליוור ישראל מזון בע\,IL,נמס בכוס טעם עוף ושק,גרמים,50.00,100 גרם,false,,6.50,0.1300,true,1,1022247
7290100249598,false,"רוטב לעוף שום ודבש קנור 320 גרם בד""צ",יוניליוור ישראל מזון בע\,IL,קנור רוטב שום ודבש ל,גרמים,310.00,100 גרם,false,,9.90,0.0319,true,1,1022322
7290100249659,false,"רוטב לעוף צ'ילי מתוק ושום קנור 320 גרם בד""צ",יוניליוור ישראל מזון בע\,IL,קנור רוטב לעוף צ'ילי,גרמים,310.00,100 גרם,false,,9.90,0.0319,true,1,1022328
7290100412442,false,קוויק מטליות לחות 99.9% לניקוי שירותים ומקלחות בריח מנטה 50 יחידות,די.פי.אל,IL,קוויק מגבונים לניקוי,יח',50.00,יח',false,,7.90,0.1580,true,1,1720702
7290100412763,false,"תחליב רחצה קלאסק לבנדר דר עור 700 מ""ל","אמיליה קוסמטיקס בע""מ",IL,"ד""ר עור תחליב רחצה ל",מיליליטרים,700.00,"100 מ""ל",false,,14.90,0.0213,true,1,4793460
7290100412770,false,"ד""ר עור - תחליב רחצה קלאסי בניחוח מאסק 700 מ""ל","אמיליה קוסמטיקס בע""מ",IL,"ד""ר עור תחליב רחצה מ",מיליליטרים,700.00,"100 מ""ל",false,,14.90,0.0213,true,1,4793461
7290100412787,false,"ד""ר עור - תחליב רחצה קלאסי בניחוח פריחת הכותנה 700 מ""ל","אמיליה קוסמטיקס בע""מ",IL,"ד""ר עור תחליב רחצה כ",מיליליטרים,700.00,"100 מ""ל",false,,14.90,0.0213,true,1,4793462
7290100412800,false,"תחליב רחצה לעור יבש וילד פלאור דר עור 700 מ""ל","אמיליה קוסמטיקס בע""מ",IL,"ד""ר עור תחליב רחצה ל",מיליליטרים,700.00,"100 מ""ל",false,,14.90,0.0213,true,1,4793463
7290100412831,false,תחליב רחצה אנטי אייג'ינג בניחוח וניל טרופי,"אמיליה קוסמטיקס בע""מ",IL,"ד""ר עור תחליב רחצה א",יח',1.00,יח',false,,14.90,14.9000,true,1,4793483
7290100653463,false,"פלמוליב - ארומה ג'ל רחצה מסאז' 500 מ""ל",קולגייט-פלמוליב,TR,פלמוליב סבון נוזלי ס,מיליליטרים,500.00,"100 מ""ל",false,,15.90,0.0318,true,1,1017913
7290100658338,false,"נוזל לניקוי כלים אוקסי פלוס פלמוליב 750 מ""ל",הנסיך- מפעל לייצור ט,GR,נוזל לניקוי כלים אוק,מיליליטרים,750.00,"100 מ""ל",false,,11.90,0.0159,true,1,1017925
7290100680650,false,מנה חמה נודלס-אטריות ירקות טעם תאילנדי אסם 76 ג',PUB FOODS PRESIDENT THAI,TH,מנה חמה נודלס בסגנון,גרמים,76.00,100 גרם,false,,4.90,0.0645,true,1,1020616
7290100680667,false,מנה חמה נודלס בסגנון סצ'ואן אסם 76 גרם,PUB FOODS PRESIDENT THAI,TH,מנה חמה נודלס בסגנון,גרמים,76.00,100 גרם,false,,4.90,0.0645,true,1,1020617
7290100680711,false,פירורית זהב אסם זהב 350ג',עינת תעשיות מזון אגו,IL,פירורית זהב אסם 350,גרמים,350.00,100 גרם,false,,7.90,0.0226,true,1,1020619
7290100680728,false,פירורית רגילה 350 ג' אוסם,מיוצר עי קונדיטוריית,IL,פירורית אסם 350 גרם,גרמים,350.00,100 גרם,false,,6.90,0.0197,true,1,1020620
7290100681015,false,אינסטנט פודינג בטעם ריבת חלב אסם 84 גרם,מיוצר עי קונדיטוריית,IL,אינסטנט פודינג בטעם,גרמים,84.00,100 גרם,false,,4.90,0.0583,true,1,1020623
7290100681138,false,מארז אפרופו חטיף תירס 3 יחידות,"אסם השקעות בע""\מ",IL,חטיף אפרופו תירס אסם,גרמים,150.00,100 גרם,false,,12.90,0.0860,true,1,1020625
7290100681503,false,עסיס לימונענע דיאט סירופ 1 ליטר,בית-השיטה עסיס תעשיות מז,IL,סירופ דיאט לימונענע,ליטרים,1.00,ליטר,false,,17.90,17.9000,true,1,1020629
7290100681510,false,סירופ דיאט בטעם אשכולית אדומה עסיס 1 ליטר,בית-השיטה עסיס תעשיות מז,IL,סירופ דיאט בטעם אשכו,ליטרים,1.00,ליטר,false,,17.90,17.9000,true,1,1020630
7290100683880,false,פירה אסם ללא צורך בבישול 260 גרם,"אסם השקעות בע""\מ",IL,פירה להכנה מהירה אסם,גרמים,260.00,100 גרם,false,,13.90,0.0535,true,1,1020648
7290100684139,false,פסטה מיני מקרוני אסם 500 גרם,פסטה זארה,IT,פסטה מיני מקרוני אסם,גרמים,500.00,100 גרם,false,,4.90,0.0098,true,1,1020649
7290100685136,false,"אבקת מרק בטעם עוף אסם 1 ק""ג","אסם השקעות בע""\מ",IL,אבקת מרק בטעם עוף אס,גרמים,1000.00,100 גרם,false,,12.90,0.0129,true,1,1020659
7290100685334,false,אבקת מרק עוף אמיתי בשרי רכיבים טבעיים אסם 400 גרם,"אסם השקעות בע""\מ",IL,אבקת מרק עוף אמיתי ב,גרמים,400.00,100 גרם,false,,19.90,0.0497,true,1,1020663
7290100685341,false,אבקת מרק טעם עוף זך רכיבים טבעיים אסם 400 גרם,"אסם השקעות בע""\מ",IL,אבקת מרק טעם עוף זך,גרמים,400.00,100 גרם,false,,13.90,0.0348,true,1,1020664
7290100685563,false,פירורית זהב מארז 200X2ג' אסם,עינת תעשיות,IL,פירורית זהב שקית 2*2,גרמים,400.00,100 גרם,false,,7.90,0.0198,true,1,1020668
7290100689301,false,אבקת מרק בטעם עוף זך עדיף אסם 400 גרם,"אסם השקעות בע""\מ",IL,אבקת מרק בטעם עוף זך,גרמים,400.00,100 גרם,false,,13.90,0.0348,true,1,1020695
7290100700006,false,"סוגת חיטה 1 ק""ג","סוגת תעשיות בע""\מ",IL,"חיטה 1 ק""ג",יח',1.00,יח',false,,8.80,8.8000,true,1,1022495
7290100700242,false,"סוגת אורז מלא עגול 1 ק""ג","סוגת תעשיות בע""\מ",IL,"אורז עגול מלא 1 ק""ג",גרמים,1000.00,100 גרם,false,,9.90,0.0099,true,1,1022499
7290100700266,false,פירורי לחם לבנים סוגת 200 גרם,"סוגת תעשיות בע""מ",IL,פירורי לחם לבנים 200 גר,גרמים,200.00,100 גרם,false,,3.90,0.0195,true,1,1022500
7290100700273,false,קינואה לבנה 500 ג סו,האי נאם סי או אל.טי.,IL,קינואה 500 גר,גרמים,500.00,100 גרם,false,,12.50,0.0250,true,1,1022501
7290100700310,false,"סוגת כוסמת סוגת 1ק""ג","סוגת תעשיות בע""מ",IL,"כוסמת 1 ק""ג",גרמים,1000.00,100 גרם,false,,13.80,0.0138,true,1,1022503
7290100700334,false,קינואה לבנה 1 קג סוג,"סוגת תעשיות בע""מ",IL,סוגת קינואה 1קג,קילו,1.00,קילו,false,,19.90,19.9000,true,1,1525965
7290100700372,false,"סוגת אורז בסמטי מלא 1 ק""ג",האי נאם סי או אל.טי.,IL,"אורז בסמטי 1מלא ק""ג",גרמים,1000.00,100 גרם,false,,13.90,0.0139,true,1,1022506
7290100700389,false,"אורז אדום 1 ק""ג ""סוגת""","סוגת תעשיות בע""\מ",IL,"אורז אדום 1 ק""ג",גרמים,1000.00,100 גרם,false,,9.90,0.0099,true,1,1022507
7290100700396,false,"סוגת אורז יסמין קלאסי 1 ק""ג",האי נאם סי או אל.טי.,IL,סוגת אורז יסמין קלאס,גרמים,1000.00,100 גרם,false,,11.80,0.0118,true,1,1022508
7290100700419,false,"סוגת בורגול 1 ק""ג","סוגת תעשיות בע""\מ",IL,"בורגול 1 ק""ג",גרמים,1000.00,100 גרם,false,,7.50,0.0075,true,1,1022510
7290100700563,false,"סוגת אורז מיקס קלאסי 1 ק""ג",סוגת תעשיות בעמ,IL,"אורז מיקס קלאסי 1 ק""ג",גרמים,1000.00,100 גרם,false,,9.90,0.0099,true,1,1022514
7290100700587,false,"בורגול ""סוגת"" 500 גרם",האי נאם סי או אל.טי.,IL,בורגול 500 גר,גרמים,500.00,100 גרם,false,,4.50,0.0090,true,1,1022515
7290100701126,false,סוגת שעועית מש סוגת 500 גרם,סוגת תעשיות בעמ,IL,שעועית מאש 500 גרם,גרמים,500.00,100 גרם,false,,11.90,0.0238,true,1,1022540
7290100701140,false,"אורז ריזוטו ארבוריו 1 ק""ג ""סוגת""","סוגת תעשיות בע""מ",IL,אורז ארבוריו,גרמים,1000.00,100 גרם,false,,12.90,0.0129,true,1,1022541
7290100701157,false,"אורז להכנת סושי סוגת 1 ק""ג","סוגת תעשיות בע""\מ",IL,אורז סושי,גרמים,1000.00,100 גרם,false,,11.90,0.0119,true,1,1022542
7290100701300,false,קינואה אדומה סוגת 500 גרם,"סוגת תעשיות בע""\מ",IL,סוגת קינואה אדומה 50,גרמים,500.00,100 גרם,false,,12.80,0.0256,true,1,1022549
7290100701331,false,קמח רב תכליתי שטיבל קמח חיטה לבן בהיר,"שטיבל בע""\מ - טחנות קמח",IL,קמח רב תכליתי,לקג,1.00,לקג,false,,6.90,6.9000,true,1,1022551
7290100701348,false,"קמח שיפון מלא סוגת 1 ק""ג",טחנות קמח שטיבל באר,IL,קמח שיפון מלא,לקג,1.00,לקג,false,,6.90,6.9000,true,1,1022552
7290100701454,false,גרישה בורגול דק סוגת 500 גרם,"סוגת תעשיות בע""\מ",IL,גרישה 500 גרם,גרמים,500.00,100 גרם,false,,4.50,0.0090,true,1,1022559
7290100701577,false,קמח לחם קמח חיטה לבן שטיבל,טחנות קמח שטיבל באר שבע,IL,קמח לחם,לקג,1.00,לקג,false,,6.90,6.9000,true,1,1022570
7290100701874,false,"קמח כוסמין מלא סוגת 1 ק""ג",טחנות קמח שטיבל באר,IL,קמח כוסמין מלא + 12,לקג,1.00,לקג,false,,12.90,12.9000,true,1,1022584
7290100701881,false,קמח פיצה ופוקצ'ה- קמח חיטה לבן בהיר שטיבל,"שטיבל בע""\מ - טחנת קמח",IL,קמח פיצה ופוקצ'ה,לקג,1.00,לקג,false,,6.90,6.9000,true,1,1022585
7290100702277,false,קוסקוס עבה סוגת 350 גרם,"אסיף תעשיות מזון בע""",IL,קוסקוס עבה 350 גרם,גרמים,350.00,100 גרם,false,,4.90,0.0140,true,1,1022594
7290100702284,false,קוסקוס מלא סוגת 350 גרם,"אסיף תעשיות מזון בע""",IL,קוסקוס מלא 350 גרם,גרמים,350.00,100 גרם,false,,4.90,0.0140,true,1,1022595
7290100702314,false,שעועית שחורה 500 גרם סוגת,סוגת תעשיות בעמ,IL,שעועית שחורה 500 גר,גרמים,500.00,100 גרם,false,,12.90,0.0258,true,1,1105059
7290100702611,false,פתיתים אפויים אורז סוגת 500 גרם,"אסיף תעשיות מזון בע""\מ",IL,פתיתים אפויים אורז 500 גר,גרמים,500.00,100 גרם,false,,4.90,0.0098,true,1,1022608
7290100702628,false,פתיתים אפויים קוסקוס סוגת 500 גרם,"אסיף תעשיות מזון בע""\מ",IL,פתיתים אפויים קוסקוס 500,גרמים,500.00,100 גרם,false,,4.90,0.0098,true,1,1022609
7290100702635,false,פתיתים אפויים כוכבים סוגת 500 גרם,"אסיף תעשיות מזון בע""",IL,פתיתים אפויים כוכבים 500,גרמים,500.00,100 גרם,false,,4.90,0.0098,true,1,1022610
7290100702659,false,פתיתים קוסקוס קמח מלא סוגת 400 גרם,"אסיף תעשיות מזון בע""",IL,פתיתים אפויים Kids חיות 4,גרמים,400.00,100 גרם,false,,4.90,0.0123,true,1,1205450
7290100702994,false,סוכר דמררה קלאסי בשקית סוגת 500 גרם,"סוגת תעשיות בע""מ",IL,סוכר דמררה קלאסי בשק,גרמים,500.00,100 גרם,false,,4.90,0.0098,true,1,1215864
7290100703007,false,"עדשים שחורות בלוגה 500 גרם ""סוגת""",האי נאם סי או אל.טי.,IL,סוגת עדשים שחורות בל,גרמים,500.00,100 גרם,false,,7.80,0.0156,true,1,1251555
7290100703182,false,תבשיל אישי נודלס בטעם ירקות 65 ג' סוגת,קאונו גרודאי,LT,סוגת תבשיל נודלס איש,גרמים,80.00,100 גרם,false,,4.90,0.0613,true,1,6003396
7290100703458,false,כוסמת לא קלוי 500 ג' סוגת,"סוגת תעשיות בע""\מ",IL,כוסמת 500 גר,גרמים,500.00,100 גרם,false,,8.90,0.0178,true,1,2258652
7290100703915,false,פופקורן להכנה במיקרוגל בטעם חמאה - מארז 6 שקיות,נטאיס,IL,סוגת פופקורן למיקרוג,גרמים,540.00,100 גרם,false,,9.90,0.0183,true,1,5140210
7290100703922,false,פופקורן להכנה במיקרוגל בטעם טבעי - מארז 6 שקיות,סוגת,IL,סוגת פופקורן למיקרוג,גרמים,540.00,100 גרם,false,,9.90,0.0183,true,1,5140211
7290100704516,false,חומוס מיני סוגת 500 גרם,"סוגת תעשיות בע""\מ",IL,סוגת חומוס מיני 500,גרמים,500.00,100 גרם,false,,5.90,0.0118,true,1,6282167
7290100704615,false,סוכר לבן דק דק בצנצנת סוגת 500 גרם,"סוגת תעשיות בע""\מ",IL,סוגת סוכר לבן דק דק,גרמים,500.00,100 גרם,false,,7.90,0.0158,true,1,6323676
7290100704622,false,סוכר דמררה דק דק בצנצנת סוגת 500 גרם,"סוגת תעשיות בע""\מ",IL,סוגת סוכר דמררה דק ד,גרמים,500.00,100 גרם,false,,7.90,0.0158,true,1,6323677
7290100850909,false,דוריטוס נאצ'ו מקסיקני 70 גרם,"שטראוס פריטו ליי בע""\מ",IL,דוריטוס נאצ'ו מקסיקנ,גרמים,70.00,100 גרם,false,,3.90,0.0557,true,1,1026275
7290100850916,false,דוריטוס חמוץ חריף מעודן 70 גרם כשר לפסח,"שטראוס פריטו ליי בע""\מ )",IL,דוריטוס בטעם חמוץ חר,גרמים,70.00,100 גרם,false,,3.20,0.0457,true,1,1026276
7290100850923,false,דוריטוס בטעם גריל 70 גרם,"שטראוס פריטו ליי בע""\מ )",IL,דוריטוס בטעם גריל 70,גרמים,70.00,100 גרם,false,,3.20,0.0457,true,1,1026277
7290100850930,false,דוריטוס בטעם טבעי 70 גרם,"שטראוס פריטו ליי בע""\מ )",IL,דוריטוס בטעם טבעי 70,גרמים,70.00,100 גרם,false,,3.20,0.0457,true,1,1026278
7290100858592,false,אבקת קקאו עלית שקית 150 ג',הנסיך- מפעל לייצור ט,IL,קקאו 150 גרם,גרמים,150.00,100 גרם,false,,8.90,0.0593,true,1,1018586
7290100858608,false,אבקת קקאו עלית שקית 500 ג',שטראוס קפה בי.ויn\.,IL,קקאו 500 גרם,גרמים,500.00,100 גרם,false,,23.90,0.0478,true,1,1018587
7290100921401,false,"שמפו הוואי מועשר בקרטין 700מ""ל",טרופיקל דגיל,IL,הוואי שמפו קרטין 700,מיליליטרים,700.00,"100 מ""ל",false,,8.90,0.0127,true,1,1089220
7290100921418,false,"הוואי - מרכך קרטין מחזק 700 מ""ל",תאי פרזידנט פוד פאבל,IL,הוואי מרכך 700 מל קר,מיליליטרים,700.00,"100 מ""ל",false,,8.90,0.0127,true,1,1089221
7290100921593,false,מנקה אסלה סוד 4 כדוריות לאסלה לימון נתלה 50 ג',"הנקל סוד בע""\מ",RS,סוד סבון אסלה בניחוח לימו,יח',1.00,יח',false,,7.90,7.9000,true,1,1075796
7290100921623,false,מנקה אסלה סוד 4 כדוריות נתלה אקונומיקה נתלה 50 ג',"הנקל סוד בע""\מ",HU,סוד סבון אסלה בניחוח אקונ,יח',1.00,יח',false,,7.90,7.9000,true,1,1075799
7290100922569,false,קרם לטיפוח עוד הידיים והגוף- מארז שלישייה,טרופיקל דגיל,IL,ולווטה קרם רב שימושי,מיליליטרים,300.00,"100 מ""ל",false,,16.90,0.0563,true,1,1144371
7290100922637,false,"הוואי שלישיית סבון נוזלי מי קוקוס 500 מ""ל",הנקל סוד,IL,הוואי סבון נוזלי כחו,ליטרים,1.50,ליטר,false,,14.90,9.9333,true,1,1396330
7290100924457,false,שלישיית כדוריות סבון לאסלה לימון סוד 50 גרם,הנקל סוד,RS,סוד מארז כדוריות*3 לימון,3 יח',1.00,3 יח',false,,14.80,14.8000,true,1,1192324
7290100924464,false,כדוריות סבון נתלה לאסלה עם אקונומיקה - 3 יח',הנקל סוד,HU,סוד מארז כדוריות*3 אקונומ,3 יח',1.00,3 יח',false,,14.80,14.8000,true,1,1192325
7290100924693,false,סוד סבון לאסלה 4 כדוריות בניחוח אוקנומיקה 50 ג',"הנקל סוד בע""\מ",HU,סוד כדוריות סבון נתל,יח',1.00,יח',false,,7.90,7.9000,true,1,1217413
7290100925669,false,קולור קאצ'ר - דפים למכונת כביסה 10 יח',"הנקל סוד בע""\מ",IE,קולור קאצ'ר - 10 דפי,10 יח',1.00,10 יח',false,,12.90,12.9000,true,1,1656965
7290100925751,false,"סוד נוזל כלים תפוח 650 מ""ל","הנקל סוד בע""\מ",IL,סוד נוזל לכלים ליים 1.250,מיליליטרים,650.00,"100 מ""ל",false,,5.90,0.0091,true,1,1767996
7290100925768,false,"סוד נוזל כלים 650 מ""ל פירות טרופיים 1/15",הנקל סוד,IL,סוד נוזל לכלים ליים 1.250,מיליליטרים,650.00,"100 מ""ל",false,,5.90,0.0091,true,1,1767997
7290100925775,false,"נוזל כלים רימון ותאנים סוד 650 מ""ל",הנקל סוד,IL,סוד נוזל לכלים ליים 1.250,מיליליטרים,650.00,"100 מ""ל",false,,5.90,0.0091,true,1,1767998
7290100926109,false,סוד לבן חלומי 4 ל מרכך כביסה,הנקל סוד,IL,סוד מרכך כביסה צהוב 4 ליט,ליטרים,4.00,ליטר,false,,17.90,4.4750,true,1,1016589
7290100928516,false,סוד - ג'ל לכביסה ביד 1 ליטר,"הנקל סוד בע""מ",IL,סוד ג'ל לכביסה ביד 1 ליטר,ליטרים,1.00,ליטר,false,,13.90,13.9000,true,1,1016633
7290100928585,false,"סוד אבקה שושן מרענן לצבעונית 5 ק""ג",סוד,IL,"סוד אבקת כביסה 5 ק""ג",קילוגרמים,5.00,"ק""ג",false,,34.90,6.9800,true,1,1016638
7290101031550,false,שקית רב פעמית ורודה,רמי לוי,,שקית רב פעמית ורודה,יח',1.00,יח',false,,2.90,2.9000,true,1,1029559
7290101110149,false,גלידה בלסימו וניל עם פליק 1.3 ל' פלדמן,גלידות פלדמן,IL,בליסימו פרורים 1.3לי,ליטרים,1.30,ליטר,false,,18.90,14.5385,true,1,5025766
7290101110279,false,גלידת בליסימו בטעם שוקולד פאדג' פקאן,גלידות פלדמן,IL,בליסימו שוקולד פקאן,ליטרים,1.30,ליטר,false,,18.90,14.5385,true,1,5025768
7290101110453,false,גלידת שרבט פרווה בטעמי תות לימון משמש ואננס,גלידות פלדמן,IL,ארבע על ארבע חמוץ פר,ליטרים,1.80,ליטר,false,,16.70,9.2778,true,1,6415962
7290101110460,false,גלידה בליסימו וניל צרפתי 1.3 ל' פלדמן,גלידות פלדמן,IL,בליסימו וניל צרפתי 1,ליטרים,1.30,ליטר,false,,18.90,14.5385,true,1,5025769
7290101110811,false,גלידל שלגון בטעם וניל מצופה סורבה פסיפלורה - 8 יח',הגלידות של פלדמן,IL,גלידל וניל בציפוי פס,גרמים,640.00,100 גרם,false,,26.90,0.0420,true,1,5025916
7290101112112,false,גלידה טירמיסו דיזרט 1.8 ליטר,"פלקו בע""מ",IL,גלידת דיזרט טירמיסו,ליטרים,1.80,ליטר,false,,22.90,12.7222,true,1,6244397
7290101112228,false,גלידל פרי קרחון מופחת קלוריות בטעם אננס - 8 יח',הגלידות של פלדמן,IL,גלידל פרי שמיניה אננ,גרמים,800.00,100 גרם,false,,20.90,0.0261,true,1,5025917
7290101112600,false,גלידה בלסימו מילקשייק וניל מוקה 1.3 ל' פלדמן,גלידות פלדמן,IL,בליסימו מילקשייק וני,ליטרים,1.30,ליטר,false,,18.90,14.5385,true,1,5025779
7290101112921,false,גלידל פרי קרחון מופחת קלוריות פירות טרופיים - 8 יח',הגלידות של פלדמן,IL,גלידל פרי פירות טרופ,גרמים,640.00,100 גרם,false,,20.90,0.0327,true,1,5025960
7290101113157,false,מאגדת גלידל וניל עוגיות פלדמן 6 יחידות,"פלקו בע""\מ, חברה ישראלית",IL,מאגדת גלידל וניל עוג,יח',1.00,יח',false,,23.90,23.9000,true,1,5705949
7290101113393,false,גלידה יופלה פריזי יוגורט פירות יער מאגדת 400 ג',הגלידות של פלדמן,IL,שלגון יוגורט עם פירו,יח',1.00,יח',false,,19.90,19.9000,true,1,6217164
7290101113409,false,גלידה יופלה פריזי יוגורט תות מאגדת 400 ג',הגלידות של פלדמן,IL,שלגון פרוזן יוגורט ת,יח',1.00,יח',false,,19.90,19.9000,true,1,6217165
7290101113447,false,עשירייה גלידל מיני קסטה בטעמי שוקו ווניל 270 ג' פלדמן,הגלידות של פלדמן,IL,גלידל מיני קסטה שוקו,יח',1.00,יח',false,,29.50,29.5000,true,1,6335378
7290101113454,false,מאגדת גלידל יוגורט אפרסק 8 יח 480 גרם,הגלידות של פלדמן,IL,גלידת יוגורט אפרסק,יח',1.00,יח',false,,28.90,28.9000,true,1,6219182
7290101113584,false,מאגדת טילונים שוקולד לבן עם ליבת שוקולד יולו 5 יח',הגלידות של פלדמן,IL,מאגדת טילון יולו שוק,יח',1.00,יח',false,,18.70,18.7000,true,1,6296582
7290101113638,false,גלידת סנקור XL בטעם שוקו וניל עם ביסקוויטים 8 יח',גלידות פלדמן,IL,מאגדת סנקור ארוך 8יח,יח',1.00,יח',false,,26.90,26.9000,true,1,6296586
7290101113751,false,מאגדת שלגון קרמל ושוקולד בלונדי רביעיה * 50 ג' יולו,הגלידות של פלדמן,IL,מאגדת שלגון יולו סיר,גרמים,200.00,100 גרם,false,,18.90,0.0945,true,1,6354295
7290101113805,false,מאגדת (5) יופלה שייק פרי תות 70 אחוז פרי 350 גרם,הגלידות של פלדמן,IL,מאגדת שלגון יופלה שי,גרמים,350.00,100 גרם,false,,19.90,0.0569,true,1,6354297
7290101113829,false,מאגדת (5) יופלה שייק פרי מנגו 70 אחוז פרי 350 גרם,הגלידות של פלדמן,IL,מאגדת שלגון יופלה שי,גרמים,350.00,100 גרם,false,,19.90,0.0569,true,1,6354298
7290101113904,false,מארז מנבו וניל 12 יח' פלדמן,הגלידות של פלדמן,IL,מנבו וניל 12 יח,יחידה,0.00,יחידה,false,,19.90,0.0000,true,1,6421673
7290101113911,false,מארז מנבו מוקה 12 יח' פלדמן,הגלידות של פלדמן,IL,מנבו מוקה 12 יח,יחידה,0.00,יחידה,false,,20.90,0.0000,true,1,6421674
7290101450689,false,שקית 50 פסטל,NORTHERN,CN,שקית 50 פסטל,יח',1.00,יח',false,,7.90,7.9000,true,1,5406485
7290101454151,false,נרות ג'מבו כוכבים - סמי הכבאי,סודי,IL,נרות ג'מבו כוכבים סמ,יח',1.00,יח',false,,6.00,6.0000,true,1,1199793
7290101486688,false,חטיף דגנים עם שוקולד ללא גלוטן וסוכר פרי 5*20 גרם,טבעית מוצרים מן הטבע בעמ,IL,חטיף דגנים עם שוקולד,גרמים,100.00,100 גרם,false,,15.90,0.1590,true,1,1017947
7290101488286,false,"ליידי ספיד סטיק - דאודורנט ספריי לאישה 24/7 פרש פיוזן ורוד 150 מ""ל",ליידי ספיד סטיק Lady Speed Stick,RU,ליידי ספיידסטיק ספרי,מיליליטרים,150.00,"100 מ""ל",false,,13.90,0.0927,true,1,1017962
7290101488316,false,ליידי ספיד סטיק - דאודורנט סטיק לאישה ללא סימן ורוד סטיק 65 גרם,ליידי ספיד סטיק Lady Speed Stick,US,דאודורנט ללא סימן פר,גרמים,50.00,100 גרם,false,,16.90,0.3380,true,1,1017965
7290101488323,false,ליידי ספיד סטיק - דאודורנט סטיק לאישה ללא סימן ירוק סטיק 65 גרם,ליידי ספיד סטיק Lady Speed Stick,US,דאודורנט ללא סימן פא,גרמים,65.00,100 גרם,false,,16.90,0.2600,true,1,1017966
7290101551027,false,קפסולות קפה אספרסו חזק במיוחד 14 עלית 10 יח',הנסיך- מפעל לייצור ט,IL,קפסולות 14 למכונת נס,יח',1.00,יח',false,,15.90,15.9000,true,1,5319279
7290101551263,false,סילאן טבעי ללא תוספת סוכר,מכוורת יד מרדכי,IL,סילאן טבעי 700 גר,גרמים,700.00,100 גרם,false,,19.90,0.0284,true,1,5007781
7290101551300,false,סילאן טבעי ללא תוספת סוכר בקבוק לחיץ,מכוורת יד מרדכי שטראוס ב,IL,סילאן טבעי לחיץ 380,גרמים,380.00,100 גרם,false,,13.90,0.0366,true,1,5007782
7290101551539,false,יוגורט PRO בטעם אפרסק 0% 20 גרם חלבון בגביע,"שטראוס בריאות בע""מ",IL,דנונה פרו 20ג אפרסק,גרמים,200.00,100 גרם,false,,5.90,0.0295,true,1,5060362
7290101551584,false,תפוצ'יפס קידס מארז 10 יח' * 20 ג',"שטראוס פריטו ליי בע""מ )פ",IL,מארז תפוציפס קידס 20,גרמים,200.00,100 גרם,false,,12.90,0.0645,true,1,5036616
7290101551638,false,חטיף צ'יטוס כאפה בטעם קטשופ - מארז 10 יח',"שטראוס פריטו ליי בע""מ )פ",IL,מארז ציטוס 20*10 ג,יח',20.00,יח',false,,12.90,0.6450,true,1,5036620
7290101863410,false,"סיליט באנג ספריי ניקוי עוצמתי מכיל אקונומיקה 750 מ""ל",סיליט באנג Cillit Bang,PL,"CILIT,IL,BANG 12X750ML VE",מיליליטרים,750.00,"100 מ""ל",false,,12.50,0.0167,true,1,1036325
7290101864127,false,"ספריי להסרת כתמים 750 מ""ל וניש קליה",קליה וניש Kalia Vanish,IL,Vanish Spray SOLO 750ml 1,מיליליטרים,750.00,"100 מ""ל",false,,16.80,0.0224,true,1,1036331
7290101865261,false,"פיניש נוזל הברקה למדיח 800 מ""ל",רקיט בנקיזר,PL,"FINSH,IL,RA S&D R 12X800M",מיליליטרים,800.00,"100 מ""ל",false,,19.90,0.0249,true,1,1036348
7290101866633,false,וניש קליה גל להסרת כתמים 3 ליטר אוקסיפרש,קליה וניש Kalia Vanish,IL,Vanish 3L Pink (Titan)*6,ליטרים,3.00,ליטר,false,,28.90,9.6333,true,1,1036389
7290101866787,false,וניש קליה נוזל מסיר כתמים לכביסה לבנה 3 ליטר,קליה וניש Kalia Vanish,IL,Vanish 3L White (Titan)*6,ליטרים,3.00,ליטר,false,,28.90,9.6333,true,1,1036396
7290101868460,false,"קולון 101 אבקת כביסה 8 ק""ג",רקיט בנקיזר,IL,Colon 101 8KG,קילוגרמים,8.00,"ק""ג",false,,54.90,6.8625,true,1,1036447
7290101868958,false,פיניש נוזל הברקה למדיח בניחוח לימון,רקיט בנקיזר,PL,"FINSH,IL,S&D L 12X800ML",מיליליטרים,800.00,"100 מ""ל",false,,19.90,0.0249,true,1,1140882
7290101869726,false,ג'ל מרוכז למדיח הכל ב-1 פיניש 1 ליטר,רקיט בנקיזר,PL,"FINSH,IL,1000ml x 5REG",ליטרים,1.00,ליטר,false,,42.50,42.5000,true,1,1197718
7290101869733,false,פיניש ג'ל למדיח כלים בניחוח לימון 1 ליטר ALL IN 1,רקיט בנקיזר,PL,"FINSH,IL,1000ml x 5LEM",ליטרים,1.00,ליטר,false,,42.50,42.5000,true,1,1197719
7290101869788,false,"אירוויק ספריי אוטומטי מילוי בניחוח אואזיס 250 מ""ל*",איירוויק Air Wick,HU,"AWICK,IL,TURQ OASIS,12X25",מיליליטרים,250.00,"100 מ""ל",false,,14.90,0.0596,true,1,1192698
7290101869825,false,"אירוויק מילוי למכשיר חשמלי בניחוח אואזיס 19 מ""ל",איירוויק Air Wick,HU,"AWICK,IL,ELREF TURO19ml*6",מטרים,19.00,100 מ'ל,false,,15.90,0.8368,true,1,1192700
7290101869917,false,"אירוויק מילוי מבשם אויר אטומטי היער הקסום 19 מ""ל",איירוויק Air Wick,GB,"AWICK,IL,MYSTI GARDEN 12X",מיליליטרים,250.00,"100 מ""ל",false,,14.90,0.0596,true,1,1192704
7290101869979,false,"אירוויק מקלות ריחניים בניחוח אואזיס 30 מ""ל",איירוויק Air Wick,HU,"AWICK,IL,Westl TURO U 30M",100 מל,30.00,100 מל,false,,14.80,0.4933,true,1,1192708
7290101981787,false,צלחת פולי מבחר מותגים,שמחה זה אנחנו,CN,צלחת פולי רגילה / מע,יח',1.00,יח',false,,8.00,8.0000,true,1,1030107
7290102030330,false,תפוצ'יפס קראנצ' בטעם מקסיקני 200 גרם,"שטראוס פריטו ליי בע""\מ )",IL,תפוצ'יפס קראנצ' בטעם,גרמים,200.00,100 גרם,false,,9.90,0.0495,true,1,1026284
7290102031276,false,מארז 8 יחידות אקטימל משקה יוגורט בטעם תות בננה,מיוצר עי קונדיטוריית,IL,יוגורט אקטימל תות בנ,מיליליטרים,800.00,"100 מ""ל",false,,19.90,0.0249,true,1,1032662
7290102032334,false,אבקה להכנת משקה קפה בטעם וניל,שטראוס קפה בי.וי,IL,קפה נמס וניל 200 גרם,גרמים,200.00,100 גרם,false,,19.90,0.0995,true,1,1018605
7290102060764,false,מרידול מברשת שיניים אריזת זוג,יבואן ומשווק: ש. שסט,CH,מרידול זוג מברשות שי,יח',2.00,יח',false,,34.90,17.4500,true,1,1017975
7290102062195,false,"משחת שיניים לילדים לגילאי 6-12 אלמקס 75 מ""ל",יבואן ומשווק: ש. שסט,PE,משחת שיניים לילדים ל,מטרים,75.00,100 מ'ל,false,,15.90,0.2120,true,1,1017978
7290102300822,false,גבינה צ'דר אנגלית כתומה 200 גרם,דאולי צ'יסמייקרס,GB,*מבצע* גבינת צדר אנג,גרמים,200.00,100 גרם,false,,19.90,0.0995,true,1,1276607
7290102300860,false,"גבינת צ'דר אנגלית לבן, 200 גרם",דאוליי צ'יסמייקרס,GB,*מבצע* גבינת צדר אנג,גרמים,200.00,100 גרם,false,,19.90,0.0995,true,1,1276608
7290102302819,false,גושי טונה בהירה בשמן זית בצורת פילה 120 גרם,רמירז אנד קה פילהאוס,PT,גושי טונה בהירה בשמן,גרמים,120.00,100 גרם,false,,13.90,0.1158,true,1,6236606
7290102302833,false,גבינת גאודה פרוסה נני 150 גרם,קאסמאקרי הנרי ויליך,NL,גאודה הולנדית פרוסה,גרמים,150.00,100 גרם,false,,20.90,0.1393,true,1,6300027
7290102302864,false,גבינה הולנדית עם פסטו ירוק 34%,הנרי ויליך Henri Willig,NL,גאודה פסטו ירוק 200ג,גרמים,200.00,100 גרם,false,,29.70,0.1485,true,1,6231071
7290102302932,false,גאיה קלאסית בפרוסות 150 גרם,קריניציה ויטמינה אס,DE,טבעונית קלאסית 150 ג,גרמים,150.00,100 גרם,false,,22.50,0.1500,true,1,6267438
7290102302987,false,גאיה בסגנון צ'דר בפרוסות 150 גרם,קריניציה ויטמינה אס,DE,טבעונית בסגנון צ'דר,גרמים,150.00,100 גרם,false,,22.50,0.1500,true,1,6255020
7290102390427,false,יוגורט ביו עם קציפת תות 3% שומן 150 ג' מולר,מולר Muller,IL,יוגורט פרופ תות 3% מ,מיליליטרים,150.00,"100 מ""ל",false,,4.80,0.0320,true,1,1012537
7290102390465,false,יוגורט ביו עם קציפת אפרסק ופסיפלורה 3% שומן 150 ג' מולר,מולר Muller,IL,יוגורט פרופ אפרסק פס,מיליליטרים,150.00,"100 מ""ל",false,,4.80,0.0320,true,1,1012539
7290102390489,false,יוגורט ביו עם קציפת לימון 3% שומן 150 ג' מולר,מולר Muller,IL,יוגורט פרופ לימון 3%,מיליליטרים,150.00,"100 מ""ל",false,,4.80,0.0320,true,1,1012540
7290102391844,false,יוגורט ביו עם קציפת פירות יער3% שומן 150 ג' מולר,מולר Muller,IL,יוגורט פרופ פירות יע,מיליליטרים,150.00,"100 מ""ל",false,,4.80,0.0320,true,1,1012550
7290102392094,false,חלב עיזים 3.7% בקרטון משק צוריאל 1 ליטר,מילקו תעשיות בעמ,IL,חלב עיזים מלא 3.7% מ,מיליליטרים,1000.00,"100 מ""ל",false,,14.90,0.0149,true,1,1012555
7290102392254,false,"חלב בקרטון 1% 2 ליטר בד""צ - מוצר בפיקוח",מילקו תעשיות בעמ,IL,חלב 1% טרה 2 ליטר,ליטרים,2.00,ליטר,false,,11.60,5.8000,true,1,1012560
7290102392728,false,יוגורט ביו ביאנקו 2.8% מולר 200 גרם,"טרה, פארק תעשיות בע""",IL,יוגורט ביו ביאנקו 2.,מיליליטרים,200.00,"100 מ""ל",false,,3.70,0.0185,true,1,1012572
7290102393039,false,"יוגורט ביו קרמי מיקס פצפוצי שוקולד 7.6% מולר 170 מ""ל",קריות זול,IL,יוגורט ביו קרמי מיקס,מיליליטרים,170.00,"100 מ""ל",false,,5.50,0.0324,true,1,1012582
7290102393060,false,"יוגורט ביו קרמי מיקס גלילי ופל ואגוזים 5.9% מולר 170 מ""ל",קריות זול,IL,יוגורט ביו קרמי מיקס,מיליליטרים,170.00,"100 מ""ל",false,,5.50,0.0324,true,1,1012583
7290102393169,false,"יוגורט סימפלי פרוט בטעם תות 3% מולר 150 מ""ל",מולר Muller,IL,יוגורט סימפלי פרוט ב,מיליליטרים,150.00,"100 מ""ל",false,,4.80,0.0320,true,1,1012592
7290102393176,false,סימפלי פרוט יוגורט אפרסק 3% שומן 150 ג' מולר,מילקו תעשיות בעמ,IL,מולר סימפלי פרוט אפר,מיליליטרים,150.00,"100 מ""ל",false,,4.80,0.0320,true,1,1012593
7290102393190,false,"יוגורט סימפלי פרוט בטעם פירות יער 3% מולר 150 מ""ל",מילקו תעשיות בעמ,IL,יוגורט סימפלי פרוט ב,מיליליטרים,150.00,"100 מ""ל",false,,4.80,0.0320,true,1,1012595
7290102393268,false,"גבינה לבנה 5% שומן, רכיבים טבעיים 750 גרם",הפריט בפיקוח,IL,גבינה לבנה 5% טרה 75,גרמים,750.00,100 גרם,false,,14.50,0.0193,true,1,1012598
7290102393299,false,יוגורט עיזים לשתייה 3% משק צוריאל 500 גרם,מיוצר עי קוד יצרן HG,IL,יוגורט עיזים 3% משק,מיליליטרים,500.00,"100 מ""ל",false,,11.70,0.0234,true,1,1012599
7290102393848,false,יוגורט עיזים 2.4% עם תות משק צוריאל 150 גרם,מחלבת משק צוריאל,IL,יוגורט עיזים בטעם תו,מיליליטרים,150.00,"100 מ""ל",false,,5.80,0.0387,true,1,1012614
7290102393855,false,יוגורט עיזים 2.5% עם אפרסק משק צוריאל 150 גרם,מחלבת משק צוריאל,IL,יוגורט עיזים בטעם אפ,מיליליטרים,150.00,"100 מ""ל",false,,5.80,0.0387,true,1,1012615
7290102393947,false,סימפלי פרוט יוגורט בטעם קיווי 3% שומן 150 ג' מולר,מילקו תעשיות בעמ,IL,יוגורט ביו קיווי 3%,מיליליטרים,150.00,"100 מ""ל",false,,4.80,0.0320,true,1,1012622
7290102394081,false,"יוגורט ביו קרמי מיקס קורנפלקס מצופה שוקולד מולר 170 מ""ל",מילקו תעשייה בעמ,IL,יוגורט ביו קרמי מיקס,מיליליטרים,170.00,"100 מ""ל",false,,5.50,0.0324,true,1,1012634
7290102394258,false,גליל גבינת עיזים מה עז 9% משק צוריאל 180 גרם,מחלבת משק צוריאל,IL,גליל גבינת עיזים מה,גרמים,180.00,100 גרם,false,,20.90,0.1161,true,1,1012644
7290102394463,false,נעם גבינה צהובה פרוסה ואקום 28% טרה 500 גרם,Unknown,IL,נעם גבינה צהובה פרוס,גרמים,500.00,100 גרם,false,,23.90,0.0478,true,1,1012654
7290102394821,false,נעם גבינה צהובה פרוסה 28% טרה 200 גרם,מילקו תעשיות בעמ,IL,נעם גבינה צהובה פרוס,גרמים,200.00,100 גרם,false,,15.20,0.0760,true,1,1012660
7290102394845,false,נעם גבינה צהובה לייט פרוסה דק דק 9% טרה 200 גרם,מילקו תעשיות בעמ,IL,נעם גבינה צהובה לייט,גרמים,200.00,100 גרם,false,,16.30,0.0815,true,1,1012661
7290102395101,false,ממרח גבינה ושוקולד מוו טרה 200 גרם,מילקו תעשיות בעמ,IL,טרה גבינה ושוקולד 20,מיליליטרים,200.00,"100 מ""ל",false,,10.90,0.0545,true,1,1078265
7290102395217,false,מאגדת שמיניה מולר במתיקות מעודנת 1.2% 8*150 ג',מולר Muller,IL,מאגדת שמיניית מולר מ,קילוגרמים,1.20,"ק""ג",false,,17.90,14.9167,true,1,1012678
7290102395224,false,שמיניית יוגורט ביו ביאנקו 1.7% מולר 150 גרם,מולר Muller,IL,יוגורט 1.7% מולר 8*1,ליטרים,1.20,ליטר,false,,15.90,13.2500,true,1,1012679
7290102395231,false,שמיניית יוגורט ביו ביאנקו 2.8% מולר 150 גרם,מולר Muller,IL,יוגורט 2.8% מולר 8*1,ליטרים,1.20,ליטר,false,,15.90,13.2500,true,1,1012680
7290102395262,false,מארז 8 גביעים יוגורט בטעם תות שדה ואפרסק 3% Simply Fruit,מולר Muller,IL,יוגורט בטעם תות ואפר,ליטרים,1.20,ליטר,false,,28.90,24.0833,true,1,1012682
7290102395378,false,נעם גבינה צהובה פרוסה ואקום 28% טרה 360 גרם,טרה,IL,נעם גבינה צהובה פרוס,גרמים,360.00,100 גרם,false,,19.90,0.0553,true,1,1012686
7290102395408,false,נעם גבינה צהובה 28% במשקל,החברה המרכזית,IL,ג. צהובה 28% נעם,קילוגרמים,1.00,"ק""ג",true,,44.70,44.7000,true,1,1012689
7290102395415,false,נועם גב.צהובה9%חריץ משקל,החברה המרכזית,IL,ג. צהובה 9% נעם,קילוגרמים,1.00,"ק""ג",true,,71.00,71.0000,true,1,1012690
7290102395422,false,נעם גבינה צהובה 22% במשקל,החברה המרכזית,IL,ג.צהובה 22% נעם,קילוגרמים,1.00,"ק""ג",true,,42.50,42.5000,true,1,1012691
7290102395439,false,מארז 8 גביעים יוגורט בטעם פירות יער וקיווי 3% Simply Fruit,מילקו תעשיות בעמ,IL,מולר שמינייה פירות י,קילוגרמים,1.20,"ק""ג",false,,28.90,24.0833,true,1,1012692
7290102395446,false,מעדן חלב בטעם וניל עם קצפת 123 ג' טרה,Unknown,IL,מעדן מוו וניל קצפת,גרמים,123.00,100 גרם,false,,2.80,0.0228,true,1,1012693
7290102395477,false,מעדן חלב בטעם שוקולד עם קצפת 123 ג' טרה,Unknown,IL,מעדן מוו שוקולד קצפת,גרמים,123.00,100 גרם,false,,2.80,0.0228,true,1,1012696
7290102395521,false,"שמנת לבישול 15% שומן 500 מ""ל טרה",מילקו תעשיות בעמ,IL,שמנת לבישול 15% 500,מיליליטרים,500.00,"100 מ""ל",false,,15.90,0.0318,true,1,1096746
7290102396399,false,שמיניית מעדן שוקולד מוו 1.5% טרה 100 גרם,Unknown,IL,מאגדת שמינייה מעדן ש,מיליליטרים,800.00,"100 מ""ל",false,,11.90,0.0149,true,1,1126887
7290102396405,false,שמיניית מעדן וניל מוו 1.5% טרה 100 גרם,Unknown,IL,מאגדת שמינייה מעדן ו,מיליליטרים,800.00,"100 מ""ל",false,,11.90,0.0149,true,1,1126888
7290102396580,false,מעדן מוו שוקולד ומוס שוקולד טרה 118 גרם,טרה,IL,מעדן מוו שוקלד ומוס,גרמים,118.00,100 גרם,false,,2.80,0.0237,true,1,1126889
7290102396597,false,מעדן מוו וניל ומוס שוקולד טרה 118 גרם,טרה,IL,מעדן מוו וניל ומוס 1,גרמים,118.00,100 גרם,false,,2.80,0.0237,true,1,1126890
7290102396665,false,נעם גבינה צהובה דק דק 15% טרה 200 גרם,מילקו תעשיות בעמ,IL,נעם גבינה צהובה דק ד,גרמים,200.00,100 גרם,false,,15.20,0.0760,true,1,1235852
7290102396672,false,"גבנ""צ דק דק נעם פתיחה חוזרת 9% 360 גרם",מילקו תעשיות בעמ,IL,נעם גבינה צהובה דק ד,גרמים,360.00,100 גרם,false,,25.90,0.0719,true,1,1235853
7290102396719,false,יוגורט סימפלי תות 0% מולר 150 גרם,מולר Muller,IL,מולר סימפלי פרוט תות,גרמים,170.00,100 גרם,false,,4.80,0.0282,true,1,1156923
7290102396740,false,מארז 8 גביעים יוגורט בטעם תות שדה ואפרסק 0% Simply Fruit,מילקו תעשיות בעמ,IL,מאגדת שמינייה מולר ס,קילוגרמים,1.20,"ק""ג",false,,28.90,24.0833,true,1,1156926
7290102397075,false,יוגורט בקרטון 4% שומן 1.5ל' טרה,טרה,IL,יוגורט 4% בקרטון 1.5,ליטרים,1.50,ליטר,false,,12.90,8.6000,true,1,1200735
7290102397204,false,"גבנ""צ דק דק נעם פתיחה חוזרת 22% 200 גרם",מילקו תעשיות בעמ,IL,נעם גבינה צהובה דק ד,גרמים,200.00,100 גרם,false,,15.20,0.0760,true,1,1235854
7290102397310,false,מעדן מיני בטעם שוקולד קצפת מוו מאגדת 8 יח' * 70 ג',מילקו תעשיות בעמ,IL,מאגדת שמינייה מיני מ,מיליליטרים,944.00,"100 מ""ל",false,,11.30,0.0120,true,1,1338917
7290102397334,false,גבינה בולגרית גלילית 5% משק צוריאל 250 גרם,מחלבת משק צוריאל,IL,בולגרית 5% 250 גר,גרמים,250.00,100 גרם,false,,19.70,0.0788,true,1,1322003
7290102397464,false,יוגורט ביו בתוספת גרעינים אגוזים וחמוציות 170 ג' מולר,מולר Muller,IL,מולר נטורל 102 גר,גרמים,102.00,100 גרם,false,,5.50,0.0539,true,1,2751422
7290102397600,false,מיקס יוגורט בתוספת שקדים ובוטנים מקורמלים 170 ג' מולר,מילקו תעשייה בעמ,IL,מולר שקדים בוטנים בק,מיליליטרים,170.00,"100 מ""ל",false,,5.50,0.0324,true,1,1665523
7290102397617,false,יוגורט ביו קרמי עם כדורים מצופים שוקולד חום לבן,מולר Muller,IL,מולר מיקס קליק,יח',1.00,יח',false,,5.50,5.5000,true,1,1665524
7290102397679,false,קוטג' וחצי טרה 5% מרכיבים טבעיים,מילקו,IL,קוטג' 5% 375 גר,גרמים,375.00,100 גרם,false,,6.90,0.0184,true,1,2514131
7290102397730,false,פרוסות גבינה אמנטל חצי קשה 30% שומן 200 ג' נעם,Unknown,IL,אמנטל נעם פתיחה חוזר,גרמים,200.00,100 גרם,false,,16.90,0.0845,true,1,3001500
7290102397747,false,פרוסות גבינת מוצרלה נעם מחלב בקר 22%,טרה,IL,מוצרלה נעם 200 גר,גרמים,200.00,100 גרם,false,,17.90,0.0895,true,1,3738090
7290102397891,false,גבינה מותכת משק צוריאל 100 גרם,משק צוריאל,IL,גבינה מותכת 100 ג צו,גרמים,25.00,100 גרם,false,,6.90,0.2760,true,1,2751405
7290102398065,false,חלב טרה בקרטון 2 ליטר מהדרין 3% - מוצר בפיקוח,הפריט בפיקוח,IL,חלב 3% טרה 2 ליטר,ליטרים,2.00,ליטר,false,,12.30,6.1500,true,1,3290779
7290102398560,false,שוקו טרה מועשר בבקבוק 1 ליטר,מילקו תעשיות בעמ,IL,שוקו מועשר בבקבוק 1,ליטרים,1.00,ליטר,false,,10.90,10.9000,true,1,4719776
7290102398577,false,משקה חלב בטעם שוקו 2% בבקבוק אישי,מילקו תעשיות בעמ,IL,שוקו טרה מועשר בבקבו,מיליליטרים,250.00,"100 מ""ל",false,,4.90,0.0196,true,1,4719777
7290102398614,false,משקה חלב בטעם בננה טרה 1 ליטר,מילקו תעשיות בעמ,IL,משקה חלב בטעם בננה 1,ליטרים,1.00,ליטר,false,,10.90,10.9000,true,1,4719780
7290102398638,false,משקה חלב בטעם מוקה טרה 1 ליטר,מילקו תעשיות בעמ,IL,משקה חלב בטעם מוקה 1,ליטרים,1.00,ליטר,false,,10.90,10.9000,true,1,4719781
7290102398799,false,משקה סויה במתיקות מופחתת משק צוריאל 1 ליטר,מחלבת משק צוריאל,IT,משקה סויה במתיקות מו,יח',1.00,יח',false,,9.90,9.9000,true,1,6034098
7290102398836,false,משקה שקדים קלאסי משק צוריאל 1 ליטר,מחלבת משק צוריאל,IT,משקה שקדים קלאסי 1 ל,יח',1.00,יח',false,,11.90,11.9000,true,1,6034101
7290102399635,false,"מולר פרופ יוגורט ביו עם קציפת קוקוס ואננס 150 מ""ל",מולר Muller,IL,מולר יוגורט טרופיקל,גרמים,150.00,100 גרם,false,,4.80,0.0320,true,1,6240008
7290102399697,false,סימפלי פרוט מנגו 1.5% שומן 150 ג' מולר,מילקו תעשיות בעמ,IL,מולר סימפלי פרוט מנג,יח',1.00,יח',false,,4.80,4.8000,true,1,6204273
7290102399796,false,מעדן יוגורט לבן מועשר בחלבון 200 ג' מולר אקטיב,מולר Muller,IL,יוגורט מולר אקטיב 25,גרמים,200.00,100 גרם,false,,5.40,0.0270,true,1,6231897
7290102399802,false,יוגורט עם תות מולר אקטיב מועשר בחלבון 200 גר',מולר Muller,IL,יוגורט מולר אקטיב תו,גרמים,200.00,100 גרם,false,,5.50,0.0275,true,1,6231877
7290102399819,false,יוגורט עם פירות יער מולר אקטיב מועשר בחלבון 200 גר',מולר Muller,IL,יוגורט מולר פירות יע,גרמים,200.00,100 גרם,false,,5.50,0.0275,true,1,6186362
7290102399857,false,מולר אקטיב לייט 20 גרם חלבון 0% שומן עם תות 200 גרם,מולר Muller,IL,מולר יוגורט מועשר חל,גרמים,200.00,100 גרם,false,,5.50,0.0275,true,1,6240010
7290102840175,false,אינסטנט פודינג בטעם וניל מיה 85 גרם,מיה תעשיות מזון מ.ת.מ. ב,IL,אינסטנט פודינג בטעם,גרמים,85.00,100 גרם,false,,2.90,0.0341,true,1,1024259
7290103120658,false,דאודורנט ספיד סטיק גל שחור 85 גרם,הנסיך- מפעל לייצור ט,US,ספיד סטיק 24/7 גל שח,גרמים,85.00,100 גרם,false,,16.90,0.1988,true,1,1017982
7290103124588,false,"סבון נוזלי ארומה בניחוח לבנדר פטצ'ולי פלמוליב 750 מ""ל",הנסיך- מפעל לייצור ט,TR,סבון נוזלי ארומה בני,מיליליטרים,750.00,"100 מ""ל",false,,19.90,0.0265,true,1,1018006
7290103124601,false,"תחליב רחצה נוזל חלב ודבש משאבה 750מ""ל פלמוליב",הנסיך- מפעל לייצור ט,TR,תחליב רחצה מזין חלב,מיליליטרים,750.00,"100 מ""ל",false,,19.90,0.0265,true,1,1018008
7290103126797,false,"משחת שיניים קולגייט סנסיטיב פרו רליף 75 מ""ל",הנסיך- מפעל לייצור ט,BR,משחת שיניים סנסטיב פ,גרמים,110.00,100 גרם,false,,17.90,0.1627,true,1,1018034
7290103129392,false,ליידי ספיד סטיק פרש אסנס פרח הפרזיה סטיק 65 גר,ליידי ספיד סטיק Lady Speed Stick,US,ליידי ספיד סטיק פרש,גרמים,65.00,100 גרם,false,,16.90,0.2600,true,1,1018052
7290103243296,false,עוגה שוקו ציפס 450 גרם נוסטלגיה,,,עוגה שוקו ציפס 450 ג,גרמים,450.00,100 גרם,false,,8.80,0.0196,true,1,1704723
7290103243302,false,עוגת שוקולד 450 גרם נוסטלגיה,,,עוגת שוקולד 450 גרם,גרמים,450.00,100 גרם,false,,8.80,0.0196,true,1,1704724
7290103243319,false,עוגה אנגלית 450 גרם נוסטלגיה,,,עוגה אנגלית 450 גרם,גרמים,450.00,100 גרם,false,,8.80,0.0196,true,1,1704725
7290103243326,false,עוגת שיש 450 גרם נוסטלגיה,,,עוגת שיש 450 גרם נוס,גרמים,450.00,100 גרם,false,,8.80,0.0196,true,1,1704726
7290103243333,false,עוגה בטעם תפוז 450 ג נוסטלגיה,,,עוגה בטעם תפוז 450 ג,גרמים,450.00,100 גרם,false,,8.80,0.0196,true,1,1704727
7290103400194,false,"כרוב לבן 400 גר בד""צ ירקות שטראוס",שטראוס בריאות ירקות טריי,IL,כרוב לבן 400 ג בדצ י,גרמים,400.00,100 גרם,false,,8.50,0.0213,true,1,1036614
7290103400231,false,"גזר מגורד שטראוס 400 גרם בד""צ",שטראוס בריאות ירקות טריי,IL,גזר גוליאן בדצ 400גר,גרמים,400.00,100 גרם,false,,8.50,0.0213,true,1,1036616
7290103401429,false,קפה קצב ברזילאי אוריגינס 200 גר,הנסיך- מפעל לייצור ט,IL,קפה פליטנום ברזילאי,גרמים,200.00,100 גרם,false,,24.90,0.1245,true,1,1018631
7290103404758,false,סלט כרוב אדום במיונז אחלה 120 גרם,מיוצר עי קונדיטוריית,IL,סלט כרוב אדום אחלה 1,גרמים,120.00,100 גרם,false,,4.70,0.0392,true,1,1032689
7290103408206,false,עלי חסה ערבית שטופים שטראוס 250 גרם,שטראוס בריאות ירקות טריי,IL,עלי חסה ערבית שטופים,גרמים,250.00,100 גרם,false,,9.90,0.0396,true,1,1032700
7290103700980,false,נייר טואלט חתוך עשירייה עדן,שניב,IL,נייר טואלט חתוך עשיר,יח',100.00,יח',false,,18.90,0.1890,true,1,1171240
7290103702533,false,מגבות נייר כפול 6 יח רמילוי,,,מגבות נייר כפול 6 יח,יח',1.00,יח',false,,18.90,18.9000,true,1,5813045
7290103702540,false,נייר טואלט מהדרות כדור פורח 30 גלילים טאצ',טאץ' Touch,IL,נייר טואלט 30 יח כדו,יחידה,0.00,יחידה,false,,22.90,0.0000,true,1,6436938
7290103702878,false,מפיות עבות וחזקות 150יח,,,מפיות עבות וחזקות 15,יח',1.00,יח',false,,6.90,6.9000,true,1,2621621
7290103702939,false,נייר טואלט גליל כפול 16 רמילוי,,,נייר טואלט גליל כפול,יח',16.00,יח',false,,28.90,1.8062,true,1,2683759
7290103702946,false,נייר טואלט רמי לוי כפול 24יח,,,נייר טואלט רמי לוי כ,יח',24.00,יח',false,,42.90,1.7875,true,1,2421800
7290103703585,false,נ.טואלט תלת שכבתי 32 רמי לוי,,,נ.טואלט תלת שכבתי 32,יח',32.00,יח',false,,39.90,1.2469,true,1,5100388
7290103703752,false,נייר טואלט פסטל 40 רמי לוי,,,נייר טואלט פסטל 40 ר,יח',40.00,יח',false,,35.90,0.8975,true,1,5417372
7290103704063,false,נייר טואלט טאצ' 48 גליל כדור פורח,,,נייר טואלט 48 יח כדו,יחידה,0.00,יחידה,false,,36.50,0.0000,true,1,6437828
7290104061417,false,סלט חומוס עם טחינה אחלה 400 גרם,"שטראוס גרופ בע""\מ",IL,סלט חומוס עם טחינה א,גרמים,400.00,100 גרם,false,,9.90,0.0248,true,1,1032717
7290104061424,false,סלט חומוס עם זעתר אחלה 400 גרם,מיוצר עי קונדיטוריית,IL,סלט חומוס עם זעתר אח,גרמים,400.00,100 גרם,false,,9.90,0.0248,true,1,1032718
7290104061431,false,סלט חומוס עם צנובר אחלה 400 גרם,"שטראוס גרופ בע""\מ",IL,סלט חומוס עם צנובר א,גרמים,400.00,100 גרם,false,,9.90,0.0248,true,1,1032719
7290104061448,false,סלט חומוס עם חריף אחלה 400 גרם,מיוצר עי קונדיטוריית,IL,סלט חומוס עם חריף אח,גרמים,400.00,100 גרם,false,,9.90,0.0248,true,1,1032720
7290104062599,false,מארז 8 יחידות מעדן גמדים בטעמי תות ובננה,"שטראוס בריאות בע""\מ",IL,מעדן גמדים תות בננה,מיליליטרים,800.00,"100 מ""ל",false,,17.90,0.0224,true,1,1032723
7290104065187,false,אבקה להכנת משקה קפה בטעם מוקה,STRAUSS-ISRAEL,IL,קפה נמס מוקה 200 גרם,גרמים,200.00,100 גרם,false,,19.90,0.0995,true,1,1018708
7290104065934,false,עלי רוקט שטראוס 150 גרם,שטראוס בריאות ירקות טריי,IL,עלי רוקט שטראוס 150,גרמים,150.00,100 גרם,false,,9.90,0.0660,true,1,1032735
7290104066566,false,טחינה משומשום מלא 500 ג' אחלה,מיוצר עי קונדיטוריית,IL,טחינה 500 גרם,גרמים,500.00,100 גרם,false,,13.90,0.0278,true,1,1032739
7290104068539,false,מאסט פליפטופ מלון ואבטיח ללא גרעינים,"שטראוס גרופ בע""מ",IL,מסטיק MUST בטעם אבטי,גרמים,28.00,100 גרם,false,,4.00,0.1429,true,1,1018740
7290104068546,false,גומי מאסט בטעם לימון קולה ללא סוכר 28 ג' עלית,"שטראוס גרופ בע""מ",IL,מסטיק MUST בטעם קולה,גרמים,28.00,100 גרם,false,,3.90,0.1393,true,1,1018741
7290104501661,false,אינסטנט פודינג בטעם וניל צרפתי אסם 80 גרם,מיוצר עי קונדיטוריית,IL,אינסטנט פודינג בטעם,גרמים,80.00,100 גרם,false,,4.90,0.0613,true,1,1020722
7290104504228,false,מיני דובונים אסם 100 גרם מארז 5 יחידות,"אסם השקעות בע""\מ",IL,דובונים חטיף תפוחי א,גרמים,100.00,100 גרם,false,,12.90,0.1290,true,1,1020755
7290104508189,false,גביעי וופל ממותקים לגלידה 24 יח',בטר אנד דיפרנט,IL,גביעי גלידה אסם 24 י,יח',24.00,יח',false,,11.90,0.4958,true,1,1020775
7290104508943,false,במבה חטיף בוטנים אסם 200 גרם,"אסם השקעות בע""\מ",IL,במבה חטיף בוטנים אסם,גרמים,200.00,100 גרם,false,,8.90,0.0445,true,1,1020788
7290104570131,false,תמר מג'הול ששון ושות,,,"תמר מג'הול 1 ק""ג",יח',1.00,יח',false,,14.50,14.5000,true,1,1368233
7290104720499,false,מארז 8 יחידות מעדן דני בטעם וניל 1.5%,מיוצר עי קונדיטוריית,IL,דני בטעם וניל שמיניי,מיליליטרים,1000.00,"100 מ""ל",false,,14.90,0.0149,true,1,1032754
7290104721533,false,רצועות פלפלים קלויים אחלה 400 ג',מיוצר עי קונדיטוריית,IL,פלפלים קלויים 400 גר,גרמים,400.00,100 גרם,false,,14.90,0.0373,true,1,1032765
7290104722530,false,תפוצ'יפס בטעם שמנת בצל עלית 200 גרם,"שטראוס פריטו ליי בע""\מ )",IL,תפוצ'יפס בטעם שמנת ב,גרמים,200.00,100 גרם,false,,9.90,0.0495,true,1,1026313
7290104726712,false,מארז 8 יחידות מעדן מילקי בטעם שוקולד עם קצפת,"שטראוס גרופ בע""\מ",IL,מארז מילקי שוקולד שמ,קילוגרמים,1.06,"ק""ג",false,,19.90,18.7736,true,1,1032811
7290104728310,false,"שמנת מתוקה עמידה 38% שומן ""יטבתה"" -מוצר בפיקוח",שטראוס גרופ,IL,שמנת להקצפה 38% 250,מיליליטרים,250.00,"100 מ""ל",false,,5.60,0.0224,true,1,1032822
7290104729010,false,"לבן בטעם תות יטבתה 100 מ""ל מהדרין",שטראוס גרופ,IL,"לבן בטעם תות 100 מ""ל",מטרים,100.00,100 מ'ל,false,,1.40,0.0140,true,1,1032833
7290104960239,false,"תחליב רחצה נקה 7 ארומה לבן 750 מ""ל",טרופיקל דגיל תעשיות קוסמ,IL,נקה 7 תחליב רחצה קמו,מיליליטרים,750.00,"100 מ""ל",false,,9.90,0.0132,true,1,1251208
7290104960246,false,"נקה 7 - תחליב רחצה ורד ויסמין 750 מ""ל",טרופיקל דגיל תעשיות קוסמ,IL,נקה 7 תחליב רחצה ארו,מיליליטרים,750.00,"100 מ""ל",false,,9.90,0.0132,true,1,1044830
7290104960253,false,"תחליב רחצה נקה 7 לבנדר סגול 750מ""ל",טרופיקל דגיל תעשיות קוסמ,IL,נקה 7 תחליב רחצה לבנ,מיליליטרים,750.00,"100 מ""ל",false,,9.90,0.0132,true,1,1044831
7290104960338,false,"נקה 7 תחליב רחצה ארומה אלוורה ותה ירוק 750מ""ל",טרופיקל דגיל תעשיות קוסמ,IL,נקה 7 תחליב רחצה אלו,מיליליטרים,750.00,"100 מ""ל",false,,9.90,0.0132,true,1,1251209
7290104960352,false,"נקה 7 תחליב רחצה ארומה שקד וניל 750מ""ל","אמיליה קוסמטיקס בע""מ",IL,נקה 7 תחליב רחצה וני,מיליליטרים,750.00,"100 מ""ל",false,,9.90,0.0132,true,1,1251210
7290104960970,false,דאודורנט ספריי טיטניום מטאל Titanium Metal,אמיליה קוסמטיקס בעמ,IL,דאו טיטניום ספריי 18,מיליליטרים,180.00,"100 מ""ל",false,,14.90,0.0828,true,1,1044837
7290104961205,false,"נקה 7 תחליב רחצה מגע קטיפה מ""לפפון קיווי 750 מ""ל",טרופיקל דגיל תעשיות קוסמ,IL,תחליב רחצה מלפפון ול,מיליליטרים,750.00,"100 מ""ל",false,,9.90,0.0132,true,1,1044838
7290104961243,false,"נקה 7 תחליב רחצה מגע קטיפה קוקוס ליים 750 מ""ל",טרופיקל דגיל תעשיות קוסמ,IL,תחליב רחצה קוקוס יסמ,מיליליטרים,750.00,"100 מ""ל",false,,9.90,0.0132,true,1,1044840
7290104961526,false,דאודורנט ספריי גוף טיטניום קלאסיק Titanium Classic,"אמיליה קוסמטיקס בע""מ",IL,טיטניום ספריי גוף 15,מיליליטרים,150.00,"100 מ""ל",false,,9.90,0.0660,true,1,1044847
7290104961533,false,דאודורנט ספריי גוף טיטניום בלק Titanium Black,אמיליה קוסמטיקס,IL,טיטניום ספריי גוף 15,מיליליטרים,150.00,"100 מ""ל",false,,9.90,0.0660,true,1,1044848
7290104961540,false,דאודורנט ספריי גוף טיטניום מטאל Titanium Metal,אמיליה קוסמטיקס,IL,טיטניום ספריי גוף 15,מיליליטרים,150.00,"100 מ""ל",false,,9.90,0.0660,true,1,1044849
7290104961557,false,"טיטניום - דאודורנט ספריי לגבר בלו 150 מ""ל","אמיליה קוסמטיקס בע""מ",IL,טיטניום ספריי גוף 15,מיליליטרים,150.00,"100 מ""ל",false,,9.90,0.0660,true,1,1044850
7290104961885,false,מרכך קרטין טהור לשיער שעבר החלקה או עיצוב בחום,נטורל פורמולה Natural Formula,IL,מרכך קרטין לשיער שעב,מיליליטרים,400.00,"100 מ""ל",false,,29.90,0.0747,true,1,1044853
7290104961892,false,מסכת קרטין טהור לשיער שעבר החלקה או עיצוב בחום,נטורל פורמולה Natural Formula,IL,מסיכת קרטין לשיער שע,מיליליטרים,350.00,"100 מ""ל",false,,39.90,0.1140,true,1,1044854
7290104962073,false,דאודורנט ספריי גוף טיטניום גולד Titanium Gold,"אמיליה קוסמטיקס בע""מ",IL,דאו טיטניום גולד 180,מיליליטרים,180.00,"100 מ""ל",false,,14.90,0.0828,true,1,1051626
7290104962080,false,"טיטניום - דאודורנט ספריי לגבר גולד 150 מ""ל",משווק: קוסמופארם בעמ,IL,טיטניום ספריי גוף 15,מיליליטרים,150.00,"100 מ""ל",false,,10.90,0.0727,true,1,1051627
7290104962134,false,דאודורנט קרליין רול און נושם לנערות ללא אלומיניום,מיוצר עי : אמיליה קוסמטי,IL,דאודורנט קרליין רול,מטרים,75.00,100 מ'ל,false,,10.90,0.1453,true,1,1051958
7290104962684,false,"קרליין - נושם דאודורנט רול און לאישה ללא אלומיניום 75 מ""ל",מיוצר עי : אמיליה קוסמטי,IL,דאודורנט קרליין רול,מטרים,50.00,100 מ'ל,false,,10.90,0.2180,true,1,1163916
7290104962851,false,"מרכך אמפולה לטיפול אינטנסיבי לשיער יבש, צבוע ופגום",נטורל פורמולה Natural Formula,IL,"מרכך אמפולה 400 מ""ל",מיליליטרים,400.00,"100 מ""ל",false,,29.90,0.0747,true,1,1217284
7290104963216,false,סופטקר - אל סבון עדין לתינוק לעור רגיש 1 ליטר,קוסמופארם בע'\'\מ,IL,סופטקר אלסבון עדין ל,ליטרים,1.00,ליטר,false,,14.90,14.9000,true,1,1610534
7290104963223,false,סופטקר - אל סבון עדין לתינוק לעור רגיש 1 ליטר,קוסמופארם בע'\'\מ,IL,סופטקר אלסבון לתינוק,ליטרים,1.00,ליטר,false,,14.90,14.9000,true,1,1610535
7290104963650,false,נקה 7 שמפו אל דמע סופטקר 1 ליטר,קוסמופארם בע'\'\מ,IL,סופטקר שמפו אלדמע 1ל,ליטרים,1.00,ליטר,false,,14.90,14.9000,true,1,1610536
7290104963667,false,שמפו ותחליב רחצה אל דמע סופט קר 1 ליטר,קוסמופארם בע'\'\מ,IL,סופטקר 2ב1 אלסבון שמ,ליטרים,1.00,ליטר,false,,14.90,14.9000,true,1,1610537
7290104964084,false,"קרליין - מולטי אפקט קרם יום 50 מ""ל 25SPF",זוהר קוסמטיקה,IL,קרליין מולטי אפקט- ק,מטרים,50.00,100 מ'ל,false,,49.90,0.9980,true,1,3569591
7290104964213,false,"קרליין - פילינג פנים לניקוי עמוק 150 מ""ל",אמיליה קוסמטיקס,IL,קרליין סקראב פילינג,מיליליטרים,150.00,"100 מ""ל",false,,29.90,0.1993,true,1,3524991
7290104964251,false,"תרחיץ פנים פעולה משולשת מסכה, פילינג וניקוי","קוסמופארם בע""\מ",IL,קרליין תרחיץ פנים עם,מיליליטרים,150.00,"100 מ""ל",false,,29.90,0.1993,true,1,3524993
7290104964398,false,"שלשיית אלסבון מפנק נקה 7 וניל רענן 3* 500 מ""ל",נקה 7,,סבון נוזלי כחול נקה,ליטרים,1.50,ליטר,false,,19.90,13.2667,true,1,3160987
7290105360250,false,קפסולות 09 עשיר וארומטי למכונת נספרסו עלית 10יח',הנסיך- מפעל לייצור ט,IL,קפסולות קפה אספרסו 9,יח',1.00,יח',false,,15.90,15.9000,true,1,1018846
7290105360328,false,קפסולות אספרסו חזק למכונות נספרסו 10 יח',הנסיך- מפעל לייצור ט,IL,קפסולות קפה אספרסו 1,יח',1.00,יח',false,,15.90,15.9000,true,1,1018847
7290105360335,false,קפסולות אספרסו למכונות נספרסו 50 גר,הנסיך- מפעל לייצור ט,IL,קפסולות קפה אספרסו 7,יח',1.00,יח',false,,15.90,15.9000,true,1,1018848
7290105362339,false,"שמנת לבישול 15% 250 מ""ל יטבתה מהדרין",שטראוס גרופ,IL,שמנת לבישול 15% מהדר,מיליליטרים,250.00,"100 מ""ל",false,,7.60,0.0304,true,1,1032853
7290105364678,false,"אקטיביה משקה יוגורט בטעם אפרסק שטראוס 250 מ""ל",מיוצר עי קונדיטוריית,IL,אקטיביה משקה יוגורט,מיליליטרים,250.00,"100 מ""ל",false,,4.80,0.0192,true,1,1032873
7290105366023,false,סלט חצילים בטעם כבד אחלה 400 גרם,מיוצר עי קונדיטוריית,IL,סלט חצילים בטעם כבד,גרמים,400.00,100 גרם,false,,14.90,0.0373,true,1,1032887
7290105366993,false,סימפוניה גבינת שמנת פלפל שיפקה 5% שטראוס 200 גרם,"שטראוס בריאות בע""מ",IL,סימפוניה גבינת שמנת,גרמים,200.00,100 גרם,false,,10.40,0.0520,true,1,1067706
7290105368331,false,מעדן מילקי בטעם תות עם קצפת,מחלבת אחיהוד,IL,מילקי תות שטראוס 133,מיליליטרים,133.00,"100 מ""ל",false,,2.70,0.0203,true,1,1032921
7290105369130,false,סימפוניה גבינת שמנת בצל ירוק 5% שטראוס 200 גרם,"שטראוס בריאות בע""\מ",IL,סימפוניה גבינת שמנת,גרמים,200.00,100 גרם,false,,10.40,0.0520,true,1,1032942
7290105430441,false,פלמוליב ס.נוזלי סחלב שחור 750 מל משאבה,הנסיך- מפעל לייצור ט,TR,פלמוליב סבון נוזלי ס,מיליליטרים,750.00,"100 מ""ל",false,,19.90,0.0265,true,1,1018061
7290105430458,false,"פלמוליב - תחליב רחצה נטורלס שקדים 750 מ""ל",הנסיך- מפעל לייצור ט,TR,פלמוליב סבון נוזלי ש,מיליליטרים,750.00,"100 מ""ל",false,,19.90,0.0265,true,1,1018062
7290105430496,false,ליידי ספיד סטיק סטיינגארד ספריי,קולגייט-פלמוליב,RU,ספיד סטיק סטיינגארד,יח',1.00,יח',false,,13.90,13.9000,true,1,1018066
7290105431516,false,מארז חטיף פריי תמרים ובוטנים ללא גלוטן ותוספת סוכר 125 גרם,טבעית מוצרים מן הטבע בעמ,IL,מארז חטיף פריי תמרים,גרמים,125.00,100 גרם,false,,15.90,0.1272,true,1,1018073
7290105431868,false,"פלמוליב ספא קוקוס גרגרים נוזלי 500 מ""ל",הנסיך- מפעל לייצור ט,TR,פלמוליב ספא קוקוס גר,מיליליטרים,500.00,"100 מ""ל",false,,15.90,0.0318,true,1,1065447
7290105433985,false,ליידי ספיד סטיק פרש אסנס פריחת הדובדבן סטיק 65 גר,ליידי ספיד סטיק Lady Speed Stick,US,ליידי ספיד סטיק פרש,גרמים,65.00,100 גרם,false,,16.90,0.2600,true,1,1100018
7290105434029,false,"ספיד סטיק - דאודורנט ספריי לגבר נוטרו פאואר 150 מ""ל",הנסיך- מפעל לייצור ט,RU,ספיד סטיק נוטרו ספרי,מיליליטרים,150.00,"100 מ""ל",false,,13.90,0.0927,true,1,1165201
7290105434050,false,ספיד סטיק - דאודורנט סטיק לגבר XL ירוק רגיולר 85 גרם,קולגייט פלמוליב,US,ספיד סטיק ירוק רגיל,גרמים,85.00,100 גרם,false,,16.90,0.1988,true,1,1236881
7290105434067,false,ספיד סטיק - דאודורנט סטיק לגבר XL אושן סרף 85 גרם,קולגייט פלמוליב,US,ספיד סטיק כחול אושיי,גרמים,85.00,100 גרם,false,,16.90,0.1988,true,1,1236882
7290105438539,false,קוקי נייר אפייה 40 דפים,אופל אריזות,IL,קוקי נייר אפייה,יח',40.00,יח',false,,9.90,0.2475,true,1,1165361
7290105438546,false,קוקי נייר אפייה פרימיום 40 יח',אופל אריזות,IL,קוקי נייר אפייה פרימ,יח',40.00,יח',false,,8.90,0.2225,true,1,1165362
7290105439499,false,מאסטר שף מאסטר שף מיונז 480 גר כשלפ,רמיה סי.וי. הולנד,NL,מאסטר שף מיונז 483 ג,גרמים,483.00,100 גרם,false,,11.90,0.0246,true,1,1313583
7290105439505,false,מאסטר שף קרם בטעם מיונז לייט 479 גר כשלפ,רמיה סי.וי. הולנד,NL,מאסטר שף מיונז לייט,גרמים,479.00,100 גרם,false,,11.90,0.0248,true,1,2224137
7290105439581,false,מנה מאסטר שף חרדל דיזיון צרפתי 370 גר,רמיה סי.וי.הולנד,FR,מנה מאסטר שף חרדל די,גרמים,370.00,100 גרם,false,,9.90,0.0268,true,1,1313600
7290105474001,false,לה קט פטה בקר 100 גרם,,,לה קט פטה בקר 100 גר,יחידה,0.00,יחידה,false,,4.90,0.0000,true,1,6383527
7290105474018,false,לה קט פטה עוף 100 גרם,,,לה קט פטה עוף 100 גר,יחידה,0.00,יחידה,false,,4.90,0.0000,true,1,6383528
7290105474025,false,לה קט פטה סלמון 100,,,לה קט פטה סלמון 100,יחידה,0.00,יחידה,false,,4.90,0.0000,true,1,6422012
7290105500236,false,וויסקי ג'ק דניאלס מס' 7 Brand No,ג'ק דניאלס Jack Daniel's,US,וויסקי גק דניאלס 700,מיליליטרים,700.00,"100 מ""ל",false,,99.90,0.1427,true,1,1030220
7290105691224,false,אסם חטיפי פריכונים טורטייה שום בצל 60 גרם,"פרח תעשיות מזון בע""מ.",IL,חטיפי טורטיה שום בצל,גרמים,60.00,100 גרם,false,,6.90,0.1150,true,1,1020822
7290105691248,false,אסם חטיפי פריכונים טורטייה תירס 60 גרם,"פרח תעשיות מזון בע""מ.",IL,חטיפי טורטיה תירס אס,גרמים,60.00,100 גרם,false,,6.90,0.1150,true,1,1020823
7290105691934,false,קמח שמרים אסם 1 קילו,תאי פרזידנט פוד פאבל,IL,"קמח שמרים אסם 1 ק""ג",גרמים,1000.00,100 גרם,false,,7.90,0.0079,true,1,1020841
7290105693341,false,מארז עשיריית במבה אסם 25*10 גרם,"אסם השקעות בע""\מ",IL,במבה חטיף בוטנים אסם,גרמים,250.00,100 גרם,false,,13.90,0.0556,true,1,1070933
7290105693457,false,עוגת הבית דמקה שוקו וניל אסם 320 גרם,מיוצר עי קונדיטוריית,IL,עוגת הבית דמקה שוקו,גרמים,320.00,100 גרם,false,,10.90,0.0341,true,1,1020867
7290105693952,false,פירורית זהב אסם זהב שומשום 200 ג',מיוצר עי קונדיטוריית,IL,פירורית זהב שומשום א,גרמים,200.00,100 גרם,false,,5.90,0.0295,true,1,1020878
7290105694928,false,אבקת מרק בצל רכיבים טבעיים אסם 220 גרם,"אסם השקעות בע""\מ",IL,אבקת מרק בצל רכיבים,גרמים,220.00,100 גרם,false,,15.90,0.0723,true,1,1020900
7290105695024,false,פתיתים אפויים אורז עם אטריות אסם 500 גרם,"אסם השקעות בע""\מ",IL,פתיתים אפויים אורז ע,גרמים,500.00,100 גרם,false,,4.90,0.0098,true,1,1020905
7290105695321,false,עוגת הבית בראוניס פאדג' אסם 380 גרם,מיוצר עי קונדיטוריית,IL,עוגת הבית בראוניס פא,גרמים,380.00,100 גרם,false,,14.90,0.0392,true,1,1020911
7290105695536,false,אבקת מרק ירקות שורש תיבול אסם 220 גר',"אסם תעשיות בע""מ",IL,אבקת מרק ירקות שורש,גרמים,220.00,100 גרם,false,,15.90,0.0723,true,1,1020916
7290105962331,false,סחוג תימני אדום חריף מאוד זהבי הכרם 220 גרם,קריניסה ויטמין אס אי,IL,סחוג אדום תימני חריף,גרמים,220.00,100 גרם,false,,9.90,0.0450,true,1,1032953
7290105965738,false,יוגורט לשתיה בטעם תות בננה267 ג' דנונה,מיוצר עי קונדיטוריית,IL,משקה יוגורט דנונה תו,גרמים,267.00,100 גרם,false,,4.50,0.0169,true,1,1091985
7290105966469,false,"חומץ בלסמי ממודנה יד מרדכי 250 מ""ל",אצטייה ג'וזפה קרמוני,IT,חומץ בלסמי יד מרדכי,מיליליטרים,250.00,"100 מ""ל",false,,13.90,0.0556,true,1,1018979
7290105968098,false,"סלט קולסלאו 500 גרם ""אחלה""",שטראוס גרופ סלטים,IL,קולסלאו אחלה 500 גרם,גרמים,500.00,100 גרם,false,,14.90,0.0298,true,1,1032979
7290105968654,false,רביולי בטטה פרווה פסטה נונה 400 ג',מיוצר עי קונדיטוריית,IL,פסטה רביולי בטטה פרו,גרמים,400.00,100 גרם,false,,19.80,0.0495,true,1,1032980
7290105968777,false,פריכיות 5 דגנים עם תחתית שוקולד מריר 70 גרם,"טחנת האבן תעשיות בע""",IL,פריכיות 5 דגנים עם ת,גרמים,70.00,100 גרם,false,,7.50,0.1071,true,1,1018997
7290106509825,false,אולוויז קואטרו פלטינום 28 יח,פרוקטר & גמבל,DE,אולוויז קואטרו פלטינ,יח',1.00,יח',false,,32.90,32.9000,true,1,6037860
7290106520066,false,"רבע לשבע שוקולד חלב במילוי אגוזים עלית 160 גרם בד""צ","הגביע מוצרי וופלים בע""\מ",IL,רבע לשבע במילוי קרם,גרמים,160.00,100 גרם,false,,9.90,0.0619,true,1,1019000
7290106520288,false,יוגורט פרו חלבון עם תות 2.4% שומן 150 ג' דנונה,"שטראוס בריאות בע""מ",IL,דנונה WOW תות 2.4%,גרמים,150.00,100 גרם,false,,4.50,0.0300,true,1,1313279
7290106520905,false,סלט טורקי אחלה 400 גרם,"שטראוס גרופ בע""\מ",IL,סלט טורקי 400 גרם,גרמים,400.00,100 גרם,false,,14.90,0.0373,true,1,1032987
7290106520912,false,"שמנת 9% לבישול יטבתה 250 מ""ל מהדרין",שטראוס גרופ,IL,שמנת לבישול 9% 250 מ,מיליליטרים,250.00,"100 מ""ל",false,,7.60,0.0304,true,1,1032988
7290106521049,false,אחלה טעמי השוק קוביות סלק 400 גר,מיוצר עי קונדיטוריית,IL,קוביות סלק 400 גרם,גרמים,400.00,100 גרם,false,,14.90,0.0373,true,1,1049828
7290106521926,false,קפה טורקי בצלופן עלית 150 גרם,שטראוס קפה בי.ויn\.,IL,טורקי עלית שקית 150,גרמים,150.00,100 גרם,false,,9.90,0.0660,true,1,6449023
7290106524439,false,"תפוצ'יפס פופס 60 גרם ""עלית""","שטראוס פריטו ליי בע""\מ )",IL,תפוצ'יפס פופס 60 גרם,גרמים,60.00,100 גרם,false,,3.50,0.0583,true,1,3967537
7290106525375,false,קפה מארז טורקי שלישייה 3*125 גר עלית,עלית,,קפה מארז טורקי שלישי,גרמים,375.00,100 גרם,false,,25.90,0.0691,true,1,1091988
7290106525382,false,קפה טורקי עלית 125 גר,עלית,,קפה טורקי 125 גר,גרמים,125.00,100 גרם,false,,9.90,0.0792,true,1,1091989
7290106525399,false,קפסולות 06 ברזיל למכונות נספרסו עלית 10יח',הנסיך- מפעל לייצור ט,IL,קפסולות ברזיל למכונת,יח',1.00,יח',false,,15.90,15.9000,true,1,1568255
7290106525405,false,קפסולות 07 נטול נספרסו עלית 10 יח',שטראוס קפה בי.וי.,IL,קפסולות קפה אספרסו נ,100 יח',1.00,100 יח',false,,15.90,15.9000,true,1,1121765
7290106526822,false,פריכיות אורז חום מלא תחתית שוקולד חלב 80 גרם,"טחנת האבן תעשיות בע""",IL,פריכיות אורז חום מלא,גרמים,80.00,100 גרם,false,,7.50,0.0938,true,1,1087976
7290106528567,false,"דוריטוס גריל 185 גרם ""עלית""","שטראוס פריטו ליי בע""\מ )",IL,דוריטוס בטעם גריל 18,גרמים,185.00,100 גרם,false,,6.90,0.0373,true,1,1431091
7290106528628,false,"דוריטוס טבעי 185 גרם ""עלית""","שטראוס פריטו ליי בע""\מ )",IL,דוריטוס בטעם טבעי 18,גרמים,185.00,100 גרם,false,,6.90,0.0373,true,1,1431092
7290106528949,false,לקט ערוגות 450 גרם שטראוס,שטראוס בריאות ירקות טריי,IL,לקט ערוגות 450 גרם ש,גרמים,450.00,100 גרם,false,,10.80,0.0240,true,1,1105758
7290106571921,false,עוגיות פיטנס עוגיות חמוציות 180 גר',מיוצר עי קונדיטוריית,IL,פיטנס עוגיות חמוציות,גרמים,180.00,100 גרם,false,,10.90,0.0606,true,1,1107937
7290106572027,false,אוסם - לחמית חמישה דגנים 190 גרם,"אסם השקעות בע""\מ",IL,לחמית חמישה דגנים אס,גרמים,190.00,100 גרם,false,,7.90,0.0416,true,1,1020937
7290106572065,false,חטיפי פריכונים טורטיה חמוץ מתוק 60 גרם,"פרח תעשיות מזון בע""מ",IL,חטיפי טורטיה חמוץ מת,גרמים,60.00,100 גרם,false,,6.90,0.1150,true,1,1020938
7290106572959,false,אפרופו מארז 5 יח' *25 ג' אסם,"אסם השקעות בע""\מ",IL,מארז אפרופו 5*25 גרם,גרמים,75.00,100 גרם,false,,12.50,0.1667,true,1,1020947
7290106573024,false,סירופ דיאט אננס 1 ליטר עסיס,בית השיטה עסיס תעשיו,IL,עסיס אננס דיאט 1לי,ליטרים,1.00,ליטר,false,,17.90,17.9000,true,1,1020950
7290106574953,false,בייגלה שטוחים כעכים שטוחים עם שומשום,מיוצר עי קונדיטוריית,IL,בייגלה שטוחים שומשום,גרמים,300.00,100 גרם,false,,9.90,0.0330,true,1,1020975
7290106574977,false,בייגלה שטוחים כעכים שטוחים עם מלח,מיוצר עי קונדיטוריית,IL,בייגלה שטוחים מלח אס,גרמים,300.00,100 גרם,false,,9.90,0.0330,true,1,1020976
7290106575011,false,פתיתים אפויים קוסקוס מחיטה מלאה אסם 400 גרם,מיוצר עי קונדיטוריית,IL,פתיתים אפויים קוסקוס,גרמים,400.00,100 גרם,false,,4.90,0.0123,true,1,1020977
7290106575257,false,עוגת הבית סופלה בטעם שוקולד 340 ג' אסם,מיוצר עי קונדיטוריית,IL,עוגת סופלה בטעם שוקו,גרמים,340.00,100 גרם,false,,10.90,0.0321,true,1,1054921
7290106575431,false,עוגת הבית סופלה בטעם שוקוניל 340 ג' אסם,מיוצר עי קונדיטוריית,IL,עוגת סופלה בטעם שוקו,גרמים,340.00,100 גרם,false,,10.90,0.0321,true,1,1054924
7290106576223,false,"אפרופו שוקולד 40 גרם ""אסם""",מיוצר עי קונדיטוריית,IL,אפרופו שוקולד 40 גר,גרמים,40.00,100 גרם,false,,3.90,0.0975,true,1,1969881
7290106578692,false,ביסלי במבה מיקס מהדורת אליפות אסם 80 גרם,פרו מן יו פתרונות אר,IL,ביסלי במבה מיקס 80 ג,גרמים,80.00,100 גרם,false,,3.90,0.0487,true,1,1099854
7290106578821,false,עוגת הבית שמרים קלאסית שוקולד אסם 350 גרם,מיוצר עי קונדיטוריית,IL,עוגת שמרים שוקולד קל,גרמים,350.00,100 גרם,false,,14.90,0.0426,true,1,1100802
7290106653689,false,לקט לסלט אסייתי שטראוס 350 גרם,שטראוס בריאות ירקות טריי,IL,לקט לסלט אסיאתי 350,גרמים,350.00,100 גרם,false,,10.90,0.0311,true,1,2688766
7290106660410,false,רביוליתרד וגבינה שטראוס 400 גרם,מיוצר עי קונדיטוריית,IL,פסטה רביולי תרד וגבי,גרמים,400.00,100 גרם,false,,19.80,0.0495,true,1,1133621
7290106663503,false,קונפיטורה לייט תות יד מרדכי 230 גרם,אף.סי תבליני בגליל ב,IL,קונפיטורת תות שדה לי,גרמים,230.00,100 גרם,false,,10.90,0.0474,true,1,1155173
7290106663558,false,"רוטב טריאקי ורימון יד מרדכי 280מ""ל",אף.סי תבליני בגליל ב,IL,רוטב טריאקי 320 גרם,גרמים,320.00,100 גרם,false,,11.90,0.0372,true,1,1218127
7290106666788,false,עלית - סוכריות נוסטלגיה דבש ממולאות 80 גרם,שטראוס גרופ,PL,סוכריות דבש ממולאות,גרמים,80.00,100 גרם,false,,4.80,0.0600,true,1,1206523
7290106667266,false,"דוריטוס חמוץ חריף 185 גרם ""עלית""","שטראוס פריטו ליי בע""\מ )",IL,דוריטוס חמוץ חריף 18,גרמים,185.00,100 גרם,false,,6.90,0.0373,true,1,1431097
7290106668577,false,"מיץ לימון טיבעי 250 מ""ל יד מרדכי",האי נאם סי או אל.טי.,IT,"מיץ לימון 250 מ""ל",מיליליטרים,250.00,"100 מ""ל",false,,7.80,0.0312,true,1,1218129
7290106668713,false,יוגורט עם פירות יער 3% שומן 150 ג' דנונה,מיוצר עי קונדיטוריית,IL,יוגורט דנונה פירות י,מיליליטרים,150.00,"100 מ""ל",false,,3.50,0.0233,true,1,1228181
7290106669857,false,קפסולות אספרסו בטעם וניל עלית 10 יחידות,הנסיך- מפעל לייצור ט,IL,קפסולות אספרסו בטעם,100 יח',1.00,100 יח',false,,15.90,15.9000,true,1,2701765
7290106720626,false,צ'יטוס קראנצ' בטעם גבינה - חלבי,"שטראוס פריטו ליי בע""\מ )",IL,ציטוס גבינה 80 גר,גרמים,80.00,גרם,false,,4.20,0.0525,true,1,2804799
7290106721913,false,מסטיק מאסט MUST ללא סוכר בטעם מנטה מרעננת,"שטראוס גרופ בע""מ",IL,מסטיק MUST בטעם מנטה,גרמים,66.00,100 גרם,false,,8.90,0.1348,true,1,1206525
7290106723689,false,עלי תרד בייבי שטראוס 200 גרם,שטראוס בריאות ירקות טריי,IL,עלי תרד בייבי 200 גר,גרמים,200.00,100 גרם,false,,10.90,0.0545,true,1,1155185
7290106727984,false,"כיף כף פצפצים בגביע 135 גרם ""עלית""",שולן צ'\יקולטה גידה סאן.,TR,גביע כיף כף פצפצים 1,גרמים,135.00,100 גרם,false,,9.90,0.0733,true,1,1888173
7290106729650,false,יוגורט עם תות מאגדת 8 יח' * 150ג' דנונה,"שטראוס גרופ בע""\מ",IL,מארז דנונה 8 יח 1.2,ליטרים,1.20,ליטר,false,,23.90,19.9167,true,1,1497891
7290107280013,false,"חמישיית מגבונים ל.מבושם ""ליטופים""",טרופיקל דגיל קוסמטיק,IL,מגבונים ליטופים מארז,יח',72.00,יח',false,,17.90,0.2486,true,1,1148506
7290107280020,false,שלישיית מטליות לחות לניקוי כללי סנו סושי 50 יחידות,טרופיקל דגיל- תעשיות,IL,שלישיית מגבונים סנו,יח',3.00,יח',false,,16.90,5.6333,true,1,1023600
7290107280068,false,סנו סושי תבנית אלומיניום ענק א.לארג 2 יח,סנו מפעלי ברונוס בעמ,CN,סנו סושי תבנית אלומי,יח',1.00,יח',false,,7.50,7.5000,true,1,3910852
7290107280075,false,סנו סושי תבנית אלומיניום לארג 4יח,סנו מפעלי ברונוס בעמ,CN,סנו סושי תבנית אלומי,יח',1.00,יח',false,,7.50,7.5000,true,1,3910853
7290107280082,false,מארז 7 תבניות אלומיניום מוארכות לאפייה אינגליש קייק,סנו מפעלי ברונוס בעמ,CN,סנו סושי תבנית אלומי,יח',1.00,יח',false,,7.50,7.5000,true,1,3910854
7290107280099,false,שלישיית מגובנים נשטפים באסלה סופט סוד 48 יחידות,טרופיקל דגיל- תעשיות,IL,שלישיית מגבוני טואלט,יח',48.00,יח',false,,14.90,0.3104,true,1,1148801
7290107280112,false,סנו סופט נייר טואלט 24 גל.,Unknown,IL,סנו סופט נייר טואלט,גרמים,1450.00,100 גרם,false,,24.90,0.0172,true,1,6443381
7290107280129,false,סנו סושי 20 שקיות אשפה חזקות גדולות XXL,סנו מפעלי ברונוס בעמ,IL,סנו סושי 20 שקיות אש,יח',1.00,יח',false,,22.90,22.9000,true,1,1197861
7290107280389,false,"סנו - ג'ט מרסס לניקוי בחדר האמבטיה 750 מ""ל","איי, בי, אינבוו",IL,"סנו ג'ט לאמבט 750 מ""",מיליליטרים,750.00,"100 מ""ל",false,,11.90,0.0159,true,1,1070803
7290107280396,false,"סנו - ג'ט מרסס לניקוי יסודי במטבח 750 מ""ל","סנו מפעלי ברונוס בע""",IL,"סנו ג'ט למטבח 750 מ""",מיליליטרים,750.00,"100 מ""ל",false,,11.90,0.0159,true,1,1068100
7290107280563,false,ג'ל אוקסיג'ן בייבי סנו 3 ליטר,"איי, בי, אינבוו",IL,סנו אוקסיג'ן בייבי 3,ליטרים,3.00,ליטר,false,,28.90,9.6333,true,1,1149146
7290107280570,false,סנו - מקסימה ג'ל כביסה מרוכז לכביסה צבעונית 3 ליטר,מיוצר עי קונדיטוריית,IL,סנו מקסימה ג'ל לכביס,ליטרים,3.00,ליטר,false,,28.90,9.6333,true,1,1149147
7290107280600,false,טבליות למדיח סנו ספארק 100 טבליות במארז,גרופה אינקו,PL,סנו ספארק טבל 100 יח,קילוגרמים,2.00,"ק""ג",false,,47.90,23.9500,true,1,3855803
7290107280655,false,"אבקת כביסה בייבי סנו מקסימה 3.25 ק""ג",סנו מקסימה,IL,סנו מקסימה בייבי 3.2,קילוגרמים,3.25,"ק""ג",false,,29.90,9.2000,true,1,1163855
7290107280709,false,"סנו ספארק נוזל הברקה למדיח 700 מ""ל","סנו מפעלי ברונוס בע""\מ",IL,סנו ספארק נוזל הברקה,מיליליטרים,700.00,"100 מ""ל",false,,10.90,0.0156,true,1,1163883
7290107280723,false,נוזל לניקוי כלים סנו ספארק Spark בניחוח לימון רענן,סנו כימיקלים,IL,סנו ספארק נוזל לכלים,מיליליטרים,700.00,"100 מ""ל",false,,7.90,0.0113,true,1,1171199
7290107280730,false,נוזל לניקוי כלים סנו ספארק Spark בניחוח לבנדר,מיוצר עי קונדיטוריית,IL,סנו ספארק נוזל לכלים,מיליליטרים,700.00,"100 מ""ל",false,,7.90,0.0113,true,1,1171200
7290107280747,false,נוזל לניקוי כלים סנו ספארק Spark קלאסי,סנו כימיקלים,IL,סנו ספארק נוזל לכלים,מיליליטרים,700.00,"100 מ""ל",false,,7.90,0.0113,true,1,1171201
7290107280754,false,נוזל כלים סנו ספארק Spark היפואלרגני פריחת השקד,סנו ספארק,IL,סנו ספארק נוזל לכלים,מיליליטרים,700.00,"100 מ""ל",false,,7.90,0.0113,true,1,1171202
7290107280761,false,נוזל לניקוי כלים בניחוח לימון רענן סנו ספארק Spark,מיוצר עי קונדיטוריית,IL,סנו ספארק נוזל לכלים,ליטרים,1.00,ליטר,false,,9.90,9.9000,true,1,1171203
7290107280822,false,ריצפז פרש הום בניחוח ספא מרגיע 2 ל',"סנו מפעלי ברונוס בע""\מ",IL,ריצפז פרש הום 2לי,ליטרים,2.00,ליטר,false,,19.80,9.9000,true,1,1200657
7290107645584,false,אבקת מרק עוף אמיתי רכיבים טיבעיים קנור 400ג',יוניליוור ישראל מזון בע\,IL,מרק 400 עוף אמיתי 10,גרמים,400.00,100 גרם,false,,19.90,0.0497,true,1,4176748
7290107645591,false,אבקת מרק טעם עוף רכביים טבעיים קנור 400ג',יוניליוור ישראל מזון בע\,IL,מרק 400 טעם עוף 100%,גרמים,400.00,100 גרם,false,,14.90,0.0373,true,1,4176749
7290107646062,false,אבקת מרק בצל רכיבים טבעיים קנור 400 ג',יוניליוור ישראל מזון בע\,IL,מרק 400 בצל 100% רכב,גרמים,400.00,100 גרם,false,,18.90,0.0472,true,1,4176751
7290107646970,false,"מיונז תלמה איולי שום 273 גר בד""ץ",תלמה,IL,מיונז תלמה איולי שו,גרמים,273.00,100 גרם,false,,7.90,0.0289,true,1,6375317
7290107647656,false,סולרו פרוט בוסט - קוקוס אננס (פרווה),"מיוצר ע""\י גלידת שטראוס",IL,קרחון שרבט קוקוס ואנ,גרמים,290.00,100 גרם,false,,19.50,0.0672,true,1,5198637
7290107647731,false,קוקומן חום לבן בטעם שוקולד ווניל,יוניליוור ישראל מזון בעמ,IL,קוקומן חום לבן 20%פח,גרמים,375.00,100 גרם,false,,19.90,0.0531,true,1,3508832
7290107871990,false,"פסטה צינורות 500 גרם ""אסם""",פסטה זארה,IT,פסטה צינורות אסם 500,גרמים,500.00,100 גרם,false,,4.90,0.0098,true,1,1130192
7290107875004,false,פופקורן חמאה ודבש מארז12*20גר',אסם,IL,פופקו חמאה ודבש מארז,יח',1.00,יח',false,,16.90,16.9000,true,1,5119454
7290107875820,false,קרוטונים אפויים בתיבול ביתי אוסם 180 ג',עינת תעשיות מזון,IL,קרוטונים אפויים בתיב,גרמים,180.00,100 גרם,false,,10.90,0.0606,true,1,1187327
7290107908450,false,סנדוויץ בוקס גבינה/נ,,,קופסא מעוצבת,יח',1.00,יח',false,,6.90,6.9000,true,1,6260353
7290107909013,false,סיר מיקרוגל 3 ליטר אותנטי,,,סיר מקושט 3ל אותנטי,יח',1.00,יח',false,,12.90,12.9000,true,1,6291802
7290107909495,false,סט לאנץ בוקס משובח,,,סט לאנץ בוקס משובח,יח',1.00,יח',false,,19.90,19.9000,true,1,6297249
7290107930321,false,קונפיטורת יד מרדכי דובדובן 340 גרם,"בית אל מזון בע""מ",IL,קונפיטורה דובדבן 340,גרמים,340.00,100 גרם,false,,10.90,0.0321,true,1,1244773
7290107932080,false,חלב מועשר יוטבתה בבקבוק 3% 1 ליטר,מחלבת יטבתה,IL,חלב בבקבוק 3% מועשר,ליטרים,1.00,ליטר,false,,7.20,7.2000,true,1,1281876
7290107932134,false,חלב מועשר יוטבתה בבקבוק 1% 1 ליטר,מחלבת יטבתה,IL,חלב בבקבוק 1% מועשר,ליטרים,1.00,ליטר,false,,7.20,7.2000,true,1,1281878
7290107933155,false,לקט סלנובה שטראוס 200 גרם,שטראוס בריאות ירקות טריי,IL,לקט סלנובה 200 ג,גרמים,200.00,100 גרם,false,,11.90,0.0595,true,1,1324816
7290107934473,false,שמינייה יוגורט לבן אקטיביה 1.5% דנונה 150 גרם,"שטראוס גרופ בע""\מ",IL,יוגורט אקטיביה לבן 1,ליטרים,1.20,ליטר,false,,19.90,16.5833,true,1,1253710
7290107936309,false,דנונה יוגורט 7% יווני לבן 130 ג',"שטראוס בריאות בע""מ",IL,דנונה יווני לבן 130,גרמים,130.00,100 גרם,false,,3.20,0.0246,true,1,2270333
7290107936460,false,מארז 8 יח' דנכול משקה יוגורט בטעם מעודן,מיוצר עי קונדיטוריית,IL,דנכול בטעם מעודן שמי,גרמים,800.00,100 גרם,false,,28.90,0.0361,true,1,1386201
7290107936958,false,עד חצות ביסקוויט אצבעות שוקולד 125 גרם,ביסקוויטס טור ד'\אלבון,FR,עד חצות אצבעות 125 ג,גרמים,125.00,100 גרם,false,,9.90,0.0792,true,1,3593799
7290107936965,false,עיגולים עד חצות עם שוקולד חלב 225 גר,ביסקווטרי עוגיות סנט,FR,עד חצות עיגולים 225,גרמים,225.00,100 גרם,false,,11.90,0.0529,true,1,3593800
7290107937542,false,משקה יוגורט אקטיביה עם תות 1.2% שומן,מיוצר עי קונדיטוריית,IL,משקה אקטיביה תות 1.2,מיליליטרים,265.00,"100 מ""ל",false,,4.80,0.0181,true,1,1634627
7290107937634,false,צנצנית מסטיק מאסט קוביות פפירמינט 58 ג' עלית,אסקום קונפקשיין,DE,מאסט קוביות מסטיק פפ,גרמים,58.00,100 גרם,false,,9.90,0.1707,true,1,2224048
7290107938396,false,שמיניית אקטימל תות דיסני בנים 108 גרם,מיוצר עי קונדיטוריית,IL,אקטימל שמינייה תות,גרמים,864.00,100 גרם,false,,19.90,0.0230,true,1,1783735
7290107939027,false,גזר דק דק שטראוס 250 גרם,שטראוס בריאות ירקות טריי,IL,גזר דק דק 250 גרם שט,גרמים,250.00,100 גרם,false,,5.90,0.0236,true,1,2270359
7290107941273,false,"חומוס מבושל 475 גרם ""טעם הטבע",הורקסה לס לגונס דה ס,ES,חומוס מבושל 475 גר ש,גרמים,475.00,100 גרם,false,,10.90,0.0229,true,1,2333613
7290107943192,false,"שמנת חמוצה מהערבה 27% שומן 200 מ""ל יטבתה",מחלבת יטבתה,IL,שמנת חמוצה מהערבה 27,מיליליטרים,200.00,"100 מ""ל",false,,3.90,0.0195,true,1,3562026
7290107943369,false,קוואקר שיבולת שועל ללא גלוטן 511 גרם,היידי שוקולד בירונטי,US,קוואקר שיבולת שועל ל,גרמים,511.00,100 גרם,false,,17.90,0.0350,true,1,3324690
7290107944472,false,סימפוניה גבינה במרקם שמנת 5% שום שמיר,"שטראוס בריאות בע""\מ",IL,סימפוניה שום שמיר 5%,גרמים,200.00,100 גרם,false,,10.40,0.0520,true,1,2333665
7290107945165,false,קונפיטורת משמש יד מרדכי 340 גרם,אף.סי תבליני בגליל ב,IL,קונפיטורת משמש 340 ג,גרמים,340.00,100 גרם,false,,10.90,0.0321,true,1,2701723
7290107950190,false,מעדן חלב דל קלוריות בטעם שוקולד מריר 0.5% שומן,מיוצר עי קונדיטוריית,IL,מעדן שטראוס דיאט שוק,גרמים,130.00,100 גרם,false,,3.20,0.0246,true,1,2270294
7290107950206,false,מעדן דיאט שוקולד שטראוס 130 גרם,מיוצר עי קונדיטוריית,IL,מעדן שטראוס דיאט שוק,גרמים,130.00,100 גרם,false,,3.20,0.0246,true,1,2270295
7290107951104,false,בפלות ופלים ארוכים בטעם שוקולד,"שטראוס גרופ בע""\מ",IL,בפלות שוקולד 200 גר,גרמים,200.00,100 גרם,false,,3.90,0.0195,true,1,2333706
7290107951111,false,בפלות ופלים ארוכים בטעם לימון,"א.ג. גילרו בע""\מ",IL,בפלות לימון 200 גר ב,גרמים,200.00,100 גרם,false,,3.90,0.0195,true,1,2333707
7290107953559,false,"מארז קפה טורקי עלית לדרך כשל""פ 168 גרם",הנסיך- מפעל לייצור ט,IL,מארז קפה טורקי לדרך,גרמים,168.00,100 גרם,false,,16.90,0.1006,true,1,2454448
7290107954709,false,"קונפיטורת פירות יער ""יד מרדכי"" 340 גר'","ב.א. מזון בע""\מ",IL,קונפיטורת פירות יער,גרמים,340.00,100 גרם,false,,11.90,0.0350,true,1,3131106
7290107956642,false,"תרסיס שמן זית 150 מ""ל יד מרדכי כשלפ",פארייפאבה אגרואינדוס,ES,תרסיס שמן זית 150 מל,מיליליטרים,150.00,"100 מ""ל",false,,17.90,0.1193,true,1,3927065
7290107956895,false,קפסולות 07 אספרסו בטעם קרמל עלית 10יח',שטראוס קפה בי.וי.,IL,קפסולות אספרסו טעם ק,100 יח',1.00,100 יח',false,,15.90,15.9000,true,1,4412199
7290107956901,false,קפסולות בטעם אגוזים למכונת נספרסו עלית 10 יחידות,שטראוס קפה בי.וי.,IL,קפסולות אספרסו בטעם,יח',1.00,יח',false,,15.90,15.9000,true,1,3864233
7290107956925,false,קפסולות 13 אוגנדה למכונת נספרסו עלית 10יח',שטראוס קפה בי.וי.,IL,קפסולות אוגנדה 13 50,יח',1.00,יח',false,,15.90,15.9000,true,1,5066086
7290107956932,false,קפסולות אספרסו אידונזיה למכונות 50 גר,שטראוס קפה בי.וי.,IL,קפסולות קפה אינדונזי,יח',1.00,יח',false,,15.90,15.9000,true,1,3593805
7290107956963,false,"דנונה וניל 3% תות מארז 12X100מ""ל",שטראוס מחלבות,IL,דנונה תות 12 יח,קילוגרמים,1.20,"ק""ג",false,,19.90,16.5833,true,1,5065967
7290107958035,false,יוגורט במתיקות מעודנת 2% ללא תוספת סוכר- מארז 8 יח,"שטראוס בריאות בע""\מ",IL,מארז 8 דנונה מעודנת,קילוגרמים,1.20,"ק""ג",false,,17.90,14.9167,true,1,3738273
7290107971744,false,"קולגייט - מי פה טוטל ירוק ספרמינט 500 מ""ל",יבואן ומשווק: ש. שסט,PL,קולגייט מי פה טוטל י,מיליליטרים,500.00,"100 מ""ל",false,,19.90,0.0398,true,1,1486183
7290107971751,false,מי פה קולגייט טוטל ללא אלכוהול פפרמינט,יבואן ומשווק: ש. שסט,PL,קולגייט מי פה טוטל כ,מיליליטרים,500.00,"100 מ""ל",false,,19.90,0.0398,true,1,1486184
7290107973014,false,"סבון ידיים משאבה פלמוליב חלב ודבש 300 מ""ל",הנסיך- מפעל לייצור ט,TR,פלמוליב סבון ידיים 3,מיליליטרים,300.00,"100 מ""ל",false,,10.90,0.0363,true,1,1765222
7290107973311,false,קולגייט מברשת שיניים 360 פחם זהב זוג,הנסיך- מפעל לייצור ט,CN,קולגייט מברשת 360 פח,יח',1.00,יח',false,,24.90,24.9000,true,1,1486185
7290107973861,false,מאסטר שף עגבניות קצוצות דק שלישיה 400ג*3 כשלפ,קונסרזיו קאסאלאסקו ד,IT,מנה עגבניות קצוצות ד,קילוגרמים,1.20,"ק""ג",false,,15.90,13.2500,true,1,1891943
7290107974073,false,מנה עלי טורטיה קמח לבן מ.שף 20 סמ 320 גר,אלקאטי קורביישיסי גי,ES,מאסטר שף עלי טורטיה,מיליליטרים,320.00,"100 מ""ל",false,,7.90,0.0247,true,1,1578240
7290107974080,false,מנה עלי טורטיה קמח לבן מ.שף 25 סמ 840 גר,הדקלאים אגודת שיתופי,TR,מאסטר שף עלי טורטיה,גרמים,744.00,100 גרם,false,,15.90,0.0214,true,1,1578241
7290107974301,false,ליידי ספיד סטיק - דאודורנט ג'ל לאישה אלוורה 45 גרם,ליידי ספיד סטיק Lady Speed Stick,US,ליידי ספיד סטיק אלוו,גרמים,65.00,100 גרם,false,,14.90,0.2292,true,1,3001038
7290107974646,false,מרידול נשימה רעננה שטיפת פה 400 מל,הנסיך- מפעל לייצור ט,PL,מרידול מי פה נשימה ר,מיליליטרים,400.00,"100 מ""ל",false,,32.90,0.0822,true,1,2081236
7290107974820,false,ממרח בטעם ספייסי מיונז מאסטר שף 250 גרם,רמיה סי.וי.הולנד,NL,מאסטר שף מיונז מתובל,גרמים,252.00,100 גרם,false,,7.90,0.0313,true,1,2224138
7290107974837,false,מנה מאסטר שף ממרח מתובל שום 246 גר,רמיה סי.וי.הולנד,NL,מאסטר שף מיונז מתובל,גרמים,253.00,100 גרם,false,,7.90,0.0312,true,1,2224139
7290107975278,false,דאודורנט סטיק עם הגנת אלוורה Aloe Protection,ליידי ספיד סטיק Lady Speed Stick,US,ליידי ספיד סטיק אלוו,גרמים,45.00,100 גרם,false,,16.90,0.3756,true,1,3001039
7290107975346,false,ספיד סטיק - דאודורנט ג'ל לגבר כוח הטבע 85 גרם,קולגייט-פלמוליב,US,ספיד סטיק כוח הטבע א,גרמים,85.00,100 גרם,false,,15.90,0.1871,true,1,3116176
7290107975360,false,ליידי ספיד סטיק פיור פרשנס ג'ל נשים 65ג',ליידי ספיד סטיק Lady Speed Stick,US,ליידי ספיד סטיק פיור,גרמים,65.00,100 גרם,false,,14.90,0.2292,true,1,3116155
7290107975544,false,"קולגייט משחת שיניים סמיילס ברבי לגילאי 6 50מ""ל",קולגייט- פלמוליב,PL,קולגייט סמיילס ברבי,מיליליטרים,50.00,"100 מ""ל",false,,11.90,0.2380,true,1,3087942
7290107976848,false,פלמוליב סבון מוצק קמומיל רביעייה 360 ג,קולגייט-פלמוליב,TR,פלמוליב סבון מוצק קמ,יח',1.00,יח',false,,16.90,16.9000,true,1,3639329
7290107977456,false,"פלמוליב - ג'ל רחצה ושמפו ספורט לגבר 750 מ""ל",קולגייט פלמוליב,TR,פלמוליב לגבר ג'ל רחצ,מיליליטרים,750.00,"100 מ""ל",false,,19.90,0.0265,true,1,5971570
7290107977753,false,"משחת שיניים פרודונט אקספרס 75 מ""ל ""מרידול""",קולגייט פלמוליב,PL,מרידול שיניים פרודונ,גרמים,75.00,100 גרם,false,,24.90,0.3320,true,1,3639330
7290107978101,false,מש.שיניים קולגייט א.וויט אקסטרה פאוור 75,קולגייט-פלמוליב,PL,קולגייט אופטיק וויטן,מטרים,75.00,100 מ'ל,false,,24.90,0.3320,true,1,4385949
7290107978132,false,קולגייט מברשת זיגזג שישייה,קולגייט פלמוליב,PL,קולגייט מברשת זיגזג,יח',1.00,יח',false,,17.90,17.9000,true,1,5218456
7290108070316,false,שקית 50בלונים פסטל מעורב,,IL,שקית 50בלונים פסטל מ,יח',1.00,יח',false,,12.00,12.0000,true,1,5406486
7290108079357,false,מארז בלונים על מקל לניפוח עצמי HAPPY BIRTHDAY - כסף,,CN,סט בלונים 14,יח',1.00,יח',false,,29.90,29.9000,true,1,5812711
7290108201437,false,"אבקת כביסה קולון 101 2.5 ק""ג",רקיט בנקיזר,IL,אבקת קולון 101 2.5 ק,קילוגרמים,2.50,"ק""ג",false,,19.70,7.8800,true,1,2735204
7290108270006,false,לפתניה קרם (25 יח') רמי לוי,חגיגית,,לפתניה קרם 25 רמי לו,יח',25.00,יח',false,,4.90,0.1960,true,1,1158849
7290108270013,false,לפתניה זהב 25 יחידות,חגיגית,,לפתניה זהב 25 יחידות,יח',25.00,יח',false,,4.90,0.1960,true,1,1158850
7290108270020,false,לפתניה כסף 25 יחידות,חגיגית,,לפתניה כסף 25 יחידות,יח',25.00,יח',false,,4.90,0.1960,true,1,1158851
7290108270433,false,כוסות שתיה קרה רמי לוי 150 יח,חגיגית,,כוסות שתיה קרה רמי ל,יח',1.00,יח',false,,18.90,18.9000,true,1,1158892
7290108270686,false,קערה מרובעת בינונית,חגיגית,,קערה מרובעת בינונית,יח',1.00,יח',false,,6.90,6.9000,true,1,1158917
7290108270730,false,מגש מרובע קופיקס,חגיגית,,מגש מרובע,יח',1.00,יח',false,,3.90,3.9000,true,1,1158922
7290108271164,false,מגשית אלומיניום קטנה עם מכסה R29 (5 יח'),ב.ה. דבליו,,מגשיות אלומיניום קטנ,5 יח',1.00,5 יח',false,,6.90,6.9000,true,1,1158993
7290108271171,false,מגשית אלומיניום גדול עם מכסה R2 (3 יח'),חגיגית,,מגשיות אלומיניום קטנ,3 יח',1.00,3 יח',false,,6.90,6.9000,true,1,1158994
7290108271416,false,שקיות אשפה 52/65 עם שרוך רמי לוי,רמי לוי,,שקיות אשפה 52/65 עם,יח',60.00,יח',false,,16.90,0.2817,true,1,1224460
7290108271430,false,שקיות אשפה עם שרוך 2*10 רמי לוי,רמי לוי,,שקיות אשפה עם שרוך 2,יח',20.00,יח',false,,13.90,0.6950,true,1,1224462
7290108271447,false,שקית אשפה 90*75 גליל רמי לוי,רמי לוי,,שקית אשפה 90*75 גליל,יח',50.00,יח',false,,9.90,0.1980,true,1,1224488
7290108271454,false,שקיות מזון בקופסא רמי לוי 300 יח,רמי לוי,,שקיות מזון בקופסא רמ,יח',300.00,יח',false,,9.50,0.0317,true,1,1224489
7290108271461,false,שקיות רב שימושיות (הקפאה) 200 יחידות,רמי לוי,,שקיות רב שימושיות (ה,יח',200.00,יח',false,,7.90,0.0395,true,1,1224490
7290108271478,false,שקיות גופייה 50/70 רמי לוי 40 יח,איכותית,IL,שקיות גופייה 50/70 ר,יח',40.00,יח',false,,13.90,0.3475,true,1,1224491
7290108271485,false,שקיות גופייה 75/90 רמי לוי 25 יח,איכותית,IL,שקיות גופייה 75/90 ר,יח',25.00,יח',false,,13.90,0.5560,true,1,1224492
7290108271492,false,נייר אפייה רמי לוי 37*42,רמי לוי,,נייר אפייה רמי לוי 3,יח',50.00,יח',false,,7.90,0.1580,true,1,1224493
7290108271577,false,כוסות עם מכסה רמי לוי 30 יח,רמי לוי,,כוסות עם מכסה רמי לו,יח',30.00,יח',false,,15.90,0.5300,true,1,1239532
7290108271607,false,"רדיד אלומיניום זוגות רמי לוי 30 ס""מ",רמי לוי,,רדיד אלומיניום זוגות,אורך,7.50,אורך,false,,10.90,1.4533,true,1,1224495
7290108271614,false,"רדיד אלומיניום זוגות רמי לוי 45 ס""מ",רמי לוי,,רדיד אלומיניום זוגות,2 יח',7.50,2 יח',false,,13.90,1.8533,true,1,1224496
7290108271652,false,צמרוני עץ רמי לוי 100 יח,רמי לוי,,צמרוני עץ רמי לוי 10,יח',100.00,יח',false,,1.30,0.0130,true,1,1224463
7290108271669,false,צמרוני עץ רמי לוי 300 יח,רמי לוי,,צמרוני עץ רמי לוי 30,יח',300.00,יח',false,,3.50,0.0117,true,1,1224464
7290108271676,false,צמרוני עץ רמי לוי 400 יח,רמי לוי,,צמרוני עץ רמי לוי 40,יח',400.00,יח',false,,4.50,0.0113,true,1,1224465
7290108271683,false,צמרוני פלסטיק מרובע רמי לוי 200 יח,רמי לוי,,צמרוני פלסטיק מרובע,יח',200.00,יח',false,,3.90,0.0195,true,1,1224466
7290108271706,false,צמרוני תינוקות רמי לוי 55 יח,רמי לוי,,צמרוני תינוקות רמי ל,יח',55.00,יח',false,,4.90,0.0891,true,1,1224468
7290108271812,false,קופסאות אחסון 2 ליטר,חגיגית,,קופסאת אחסון 2 ליטר,ליטרים,2.00,ליטר,false,,8.90,4.4500,true,1,1177508
7290108271829,false,קופסאות אחסון 1 ליטר,חגיגית,,קופסאות אחסון 1 ליטר,5 יח',1.00,5 יח',false,,8.90,8.9000,true,1,1177509
7290108271911,false,מפות 1/6 עבה במיוחד,חגיגית,,מפות 1/6 עבה במיוחד,יח',25.00,יח',false,,9.90,0.3960,true,1,1178690
7290108271928,false,חגיגית - מפה ניילון עבה 8 יח',חגיגית,,מפות 1/8 עבה במיוחד,8 יח',1.00,8 יח',false,,9.90,9.9000,true,1,1178691
7290108271942,false,גליל ניילון עבה וחזק במיוחד רמי לוי 45 מטר,רמי לוי,,גליל ניילון עבה וחזק,אורך,45.00,אורך,false,,29.90,0.6644,true,1,1173510
7290108271959,false,גליל ניילון שולחן עבה 45 מ',חגיגית,,גליל ניילון שולחן עב,אורך,45.00,אורך,false,,19.90,0.4422,true,1,1173511
7290108271966,false,גליל ניילון רמי לוי 100 מטר,רמי לוי,,גליל ניילון רמי לוי,אורך,100.00,אורך,false,,34.90,0.3490,true,1,1173526
7290108271980,false,כוסיות חד פעמי קטנים 50 יחידות,חגיגית,,כוסיות חד פעמי קטנים,יח',50.00,יח',false,,4.90,0.0980,true,1,1186786
7290108272000,false,כוסות שתיה קרה 100 יחידות,חגיגית,,כוסות שתיה קרה 100 י,יח',100.00,יח',false,,5.90,0.0590,true,1,1158996
7290108272079,false,מגבונים לניקוי כללי 400 יח דלי,רמי לוי,,מגבונים לניקוי כללי,יח',400.00,יח',false,,18.90,0.0472,true,1,1315949
7290108272130,false,נייר סנדויץ 25*35 רמי לוי 100 יח,רמי לוי,,נייר סנדויץ 25*35 רמ,יח',100.00,יח',false,,7.90,0.0790,true,1,1224506
7290108272185,false,צלחת בינוני רמי לוי 50 יח,רמי לוי,,צלחת בינוני רמי לוי,יח',50.00,יח',false,,11.90,0.2380,true,1,1224877
7290108272208,false,חגיגית - זוג מפות אלבד קרם,רמי לוי,,זוג מפות שנהב חלק רמ,יח',2.00,יח',false,,8.90,4.4500,true,1,1224508
7290108272321,false,מפות שולחן 240*135 (,ב.ה. דבליו,,מפות איכותיות,8 יח',1.00,8 יח',false,,6.90,6.9000,true,1,1224352
7290108272338,false,מפות עבות ואיכותיות 10 יחידות,ב.ה. דבליו,,מפות עבות ואיכותיות,יח',10.00,יח',false,,10.90,1.0900,true,1,1224353
7290108272376,false,צלחות אובליות קרם רמי לוי 25 יח,חגיגית,,צלחות אובליות קרם רמ,יח',1.00,יח',false,,5.50,5.5000,true,1,1234916
7290108272451,false,מרקיה קרם רמי לוי 25 יח,,,מרקיה קרם רמי לוי 25,יח',25.00,יח',false,,7.50,0.3000,true,1,1282075
7290108272468,false,מנגטים צבעוניים מס 1,,,מנגטים צבעוניים מס 1,יח',1.00,יח',false,,3.50,3.5000,true,1,1473077
7290108272482,false,מנגטים צבעונים מס 3,,,מנגטים צבעונים מס 3,יח',1.00,יח',false,,4.50,4.5000,true,1,1473079
7290108272550,false,שקיות אוכל מנייר 50 יחידות,,,שקיות אוכל מנייר 50,יח',1.00,יח',false,,6.90,6.9000,true,1,1641405
7290108272574,false,תבנית אפייה נייר מרובעת 2 יחידות,,,תבנית אפייה נייר מרו,יח',2.00,יח',false,,5.90,2.9500,true,1,1861010
7290108272581,false,תבנית אפייה נייר אינגלישקייק,,,תבנית אפייה נייר אינ,2 יח',1.00,2 יח',false,,4.90,4.9000,true,1,1861011
7290108272659,false,שקיות מזון רמי לוי 200 יח,,,שקיות מזון רמי לוי 2,200 יח',1.00,200 יח',false,,3.50,3.5000,true,1,1879385
7290108272673,false,שקיות קרח רמי לוי 12,,,שקיות קרח,יח',1.00,יח',false,,2.90,2.9000,true,1,2054903
7290108272703,false,נייר אפייה אקולוגי (40 יח') רמי לוי,,,נייר אפיה,יח',1.00,יח',false,,9.90,9.9000,true,1,2169887
7290108272802,false,מיכל 4.5 ליטר,רמי לוי,,מיכל 4.5 ליטר,יח',1.00,יח',false,,8.90,8.9000,true,1,2322431
7290108272819,false,מגשיות אלומניום קטנות,,,מגשיות אלומניום קטנו,יח',1.00,יח',false,,9.90,9.9000,true,1,2485906
7290108272895,false,"סבון ידיים 3*500 מ""ל רמי לוי",,,"סבון ידיים 3*500 מ""ל",ליטרים,1.50,ליטר,false,,11.50,7.6667,true,1,3520629
7290108272901,false,"סבון ידיים 3*500 מ""ל רמי לוי",,,"סבון ידיים 3*500 מ""ל",ליטרים,1.50,ליטר,false,,11.50,7.6667,true,1,3520630
7290108272918,false,"סבון ידיים 3*500 מ""ל רמי לוי",,,"סבון ידיים 3*500 מ""ל",ליטרים,1.50,ליטר,false,,11.50,7.6667,true,1,3520631
7290108272925,false,"סבון ידיים 3*500 מ""ל רמי לוי",,,"סבון ידיים 3*500 מ""ל",ליטרים,1.50,ליטר,false,,11.50,7.6667,true,1,3520632
7290108273090,false,צלחת קטנה איכותית זהב רמי לוי 25 יח,רמי לוי,,צלחת קטנה איכותית זה,יח',25.00,יח',false,,5.90,0.2360,true,1,1228356
7290108273106,false,צלחת קטנה איכותית כסף רמי לוי 25 יח,רמי לוי,,צלחת קטנה איכותית כס,יח',25.00,יח',false,,5.90,0.2360,true,1,1228357
7290108273168,false,צלחת בינונית איכותית קרם רמי לוי 25 יח,רמי לוי,,צלחת בינונית איכותית,יח',25.00,יח',false,,11.90,0.4760,true,1,1228359
7290108273175,false,צלחת בינונית איכותית זהב רמי לוי 25 יח,רמי לוי,,צלחת בינונית איכותית,יח',25.00,יח',false,,11.90,0.4760,true,1,1228360
7290108273410,false,ניילון נצמד זוגות 2*30 רמי לוי,רמי לוי,,ניילון נצמד זוגות 2*,אורך,30.00,אורך,false,,7.50,0.2500,true,1,1224520
7290108273427,false,ניילון נצמד 150 מטר + סכין עליון רמי לוי,רמי לוי,,ניילון נצמד 150 מטר,יח',1.00,יח',false,,15.90,15.9000,true,1,1224521
7290108273434,false,שקיות צלייה 28/35 רמי לוי 10 יח,רמי לוי,,שקיות צלייה 28/35 רמ,יח',10.00,יח',false,,2.90,0.2900,true,1,1224522
7290108273441,false,שקיות צליה 35/50 רמי לוי 5 יח,רמי לוי,,שקיות צליה 35/50 רמי,יח',5.00,יח',false,,2.90,0.5800,true,1,1224523
7290108273595,false,קשים רמי לוי 40 יח,רמי לוי,,קשים רמי לוי 40 יח,יח',40.00,יח',false,,1.90,0.0475,true,1,1224524
7290108273601,false,קשים צבעוניים רמי לוי 225 יח,רמי לוי,,קשים צבעוניים רמי לו,יח',225.00,יח',false,,9.90,0.0440,true,1,1224525
7290108273618,false,קיסמי שניים מארז מלחייה רמי לוי,רמי לוי,,קיסמי שניים מארז מלח,יח',1.00,יח',false,,2.50,2.5000,true,1,1224469
7290108273625,false,קיסמי שיניים מרובע רמי לוי 500 יח,רמי לוי,,קיסמי שיניים מרובע ר,יח',500.00,יח',false,,2.90,0.0058,true,1,1224470
7290108273632,false,שיפודי עץ רמי לוי 100 יח,רמי לוי,,שיפודי עץ רמי לוי 10,יח',100.00,יח',false,,2.90,0.0290,true,1,1224471
7290108273649,false,שיפודי עץ עבים רמי לוי 75 יח,רמי לוי,,שיפודי עץ עבים רמי ל,יח',75.00,יח',false,,2.90,0.0387,true,1,1224472
7290108273656,false,תבניות אלומניום צרות רמי לוי 5 יח,רמי לוי,,תבניות אלומניום צרות,יח',5.00,יח',false,,6.90,1.3800,true,1,1225100
7290108273663,false,מגשיות אלומיניום גדולות (5 יח') R33 רמי,רמי לוי,,תבניות אלומניום גדול,יח',5.00,יח',false,,6.90,1.3800,true,1,1225101
7290108273670,false,מגשיות אלומיניום ענקיות (3 יח') R99 רמי,רמי לוי,,תבניות אלומניום ענקי,יח',3.00,יח',false,,7.90,2.6333,true,1,1225102
7290108273687,false,תבנית אלומניום עגולה רמי לוי 5 יח,רמי לוי,,תבנית אלומניום עגולה,יח',5.00,יח',false,,5.90,1.1800,true,1,1225106
7290108273694,false,מגשיות אלומיניום אינגליש (10 יח') R88 רמ,רמי לוי,,תבנית אינגליש קייק ר,יח',10.00,יח',false,,6.90,0.6900,true,1,1225103
7290108273724,false,תבנית רוסטר קטן 4 יחידות,חגיגית,,תבנית רוסטר קטן 4 יח,יח',1.00,יח',false,,10.90,10.9000,true,1,1234950
7290108273731,false,תבנית רוסטר בינוני 3 יח,חגיגית,,תבנית רוסטר בינוני 3,3 יח',1.00,3 יח',false,,10.90,10.9000,true,1,1234951
7290108273762,false,כפפות לטקס M רמי לוי,רמי לוי,,כפפות לטקס M רמי לוי,100 יח',1.00,100 יח',false,,19.90,19.9000,true,1,1224527
7290108273779,false,כפפות לטקס L רמי לוי,רמי לוי,,כפפות לטקס L רמי לוי,100 יח',1.00,100 יח',false,,19.90,19.9000,true,1,1224528
7290108273793,false,כפפות ניטריל כחולות S רמי לוי,רמי לוי,,כפפות ניטריל כחולות,יח',100.00,יח',false,,21.90,0.2190,true,1,1224530
7290108273809,false,כפפות ניטריל כחולות M רמי לוי,רמי לוי,,כפפות ניטריל כחולות,יח',1.00,יח',false,,21.90,21.9000,true,1,1224531
7290108273816,false,כפפות ניטריל כחולות L רמי לוי,רמי לוי,,כפפות ניטריל כחולות,יח',1.00,יח',false,,21.90,21.9000,true,1,1224532
7290108273823,false,כפפות ניטריל כחולות XL רמי לוי,רמי לוי,,כפפות ניטריל כחולות,יח',1.00,יח',false,,21.90,21.9000,true,1,1224533
7290108273847,false,תבנית מאפין אישית 50 יח,חגיגית,,תבנית מאפין אישית 50,יח',50.00,יח',false,,8.90,0.1780,true,1,1234953
7290108273885,false,פלסטר שקוף רמי לוי 100 יח,רמי לוי,,פלסטר שקוף רמי לוי 1,יח',100.00,יח',false,,5.90,0.0590,true,1,1224534
7290108273892,false,פלסטר עור אחיד רמי לוי 100 יח,רמי לוי,,פלסטר עור אחיד רמי ל,יח',100.00,יח',false,,5.90,0.0590,true,1,1224535
7290108273908,false,פלסטר עור מיקס רמי לוי 100 יח,רמי לוי,,פלסטר עור מיקס רמי ל,יח',100.00,יח',false,,5.90,0.0590,true,1,1224536
7290108273915,false,פלסטר ילדים 50 יח רמי לוי,רמי לוי,,פלסטר ילדים 50 יח רמ,יח',50.00,יח',false,,5.90,0.1180,true,1,1224537
7290108274059,false,מגשיות אלומיניום קטנות (8 יח') R29 רמי ל,,,מגשיות אלומניום קטנו,יח',1.00,יח',false,,6.90,6.9000,true,1,1265779
7290108274080,false,"כוס יהלום 250 מ""ל 40 יח'",חגיגית,,כוס יהלום 40יח,יח',10.00,יח',false,,9.90,0.9900,true,1,1303310
7290108274103,false,רדיד אלומניום רחב רמי לוי 30 מטר,,,רדיד אלומניום רחב רמ,אורך,30.00,אורך,false,,19.90,0.6633,true,1,1822060
7290108274127,false,שקיות גדולות 100 יח רמי לוי,,,שקיות גדולות 100 יח,יח',1.00,יח',false,,16.90,16.9000,true,1,1321131
7290108274158,false,צמרוני פלסטיק,,,צמרוני פלסטיק,יח',1.00,יח',false,,5.90,5.9000,true,1,1509493
7290108274370,false,זוג רדיד אלומיניום ר,,,רדיד אלומניום,יח',1.00,יח',false,,22.90,22.9000,true,1,5259780
7290108274400,false,כוסות ליקר,,,כוסות ליקר,יח',1.00,יח',false,,4.90,4.9000,true,1,1634740
7290108274493,false,שקיות הקפאה 100 יח,,,שקיות הקפאה 100 יח,יחידה,0.00,יחידה,false,,3.90,0.0000,true,1,6443944
7290108274615,false,קעריות אובליות לבן 25 יחידות,,,קעריות אובליות לבן 2,יח',1.00,יח',false,,4.90,4.9000,true,1,2490086
7290108274776,false,צלחת 10' צבעוני זהב,,,צלחת 10' צבעוני זהב,יח',1.00,יח',false,,15.90,15.9000,true,1,5139981
7290108274813,false,גביע אחסון שקוף 1/2 ליטר,,,גביע אחסון שקוף 1/2,יח',1.00,יח',false,,6.50,6.5000,true,1,6263381
7290108274820,false,גביעי אחסון 1 ליטר,,,גביעי אחסון 1 ליטר,יח',1.00,יח',false,,8.90,8.9000,true,1,6269513
7290108275063,false,שקיות ענקיות רמי לוי 40 יחידות,,,שקיות ענקיות רמי לוי,יח',40.00,יח',false,,13.90,0.3475,true,1,2127245
7290108275070,false,כפפות משק מידה 7,,,כפפות משק מידה 7,יח',1.00,יח',false,,7.90,7.9000,true,1,2169889
7290108275087,false,כפפות משק מידה 8,,,כפפות משק מידה 8,יח',1.00,יח',false,,7.90,7.9000,true,1,2169890
7290108275094,false,כפפות משק מידה 9,,,כפפות משק מידה 9,יח',1.00,יח',false,,7.90,7.9000,true,1,2169891
7290108275124,false,כפפות גומי (L) רמי ל,,,כפפות משק מידה L,יח',1.00,יח',false,,4.90,4.9000,true,1,2169894
7290108275285,false,קינוחיות 24 גביעי דולסה,חגיגית,,קינוחיות 24 גביעי דו,יח',1.00,יח',false,,14.90,14.9000,true,1,2282363
7290108275544,false,מזלג לבן (100 יח') ב,,,מזלג 100 יח לבן,יח',1.00,יח',false,,7.90,7.9000,true,1,3395501
7290108275551,false,כף לבנה 100 יחידות,,,כף לבנה 100 יחידות,יח',100.00,יח',false,,7.90,0.0790,true,1,3351803
7290108275568,false,כפית לבן 100 יחידות,,,כפית לבן 100 יחידות,יח',100.00,יח',false,,6.90,0.0690,true,1,3395482
7290108275704,false,ניילון נצמד 45/150,,,ניילון נצמד 45/150,אורך,150.00,אורך,false,,24.90,0.1660,true,1,3149972
7290108276343,false,מטליות רצפה זיגזג רמי לוי,,,מטליות רצפה זיגזג רמ,יח',1.00,יח',false,,6.90,6.9000,true,1,3789017
7290108276602,false,שלישיית שקיות אוכל*150,,,שלישיית שקיות אוכל*1,יח',1.00,יח',false,,8.90,8.9000,true,1,3967451
7290108277234,false,100יח קשים לשתיה רמי לוי,,,100יח קשים לשתיה רמי,יח',100.00,יח',false,,7.90,0.0790,true,1,4885955
7290108277258,false,אקולוגית צלחת 7' (25 יח') בסט וליו,,,אקולוגית צלחת 7' (25,יח',1.00,יח',false,,8.90,8.9000,true,1,5571075
7290108277265,false,אקולוגית צלחת 9' (25 יח') בסט וליו,,,אקולוגית צלחת 9' (25,יח',1.00,יח',false,,15.90,15.9000,true,1,5571076
7290108277272,false,אקולוגית צלחת 10' (25 יח') בסט וליו,,,אקולוגית צלחת 10' (2,יח',1.00,יח',false,,18.90,18.9000,true,1,5571077
7290108277555,false,שקיות אשפה 90*75 רמי לוי,,,שקיות אשפה 90*75 רמי,קילו,100.00,קילו,false,,18.90,0.1890,true,1,4699450
7290108277562,false,שקיות הקפאה רמי לוי,,,שקיות הקפאה רמי לוי,יח',1.00,יח',false,,8.90,8.9000,true,1,4704588
7290108277579,false,שקיות אשפה 50*50 רמי לוי,,,שקיות אשפה 50*50 רמי,קילו,100.00,קילו,false,,9.90,0.0990,true,1,4704589
7290108277975,false,"מפות גליל לבן 16 מטר *1.2 ס""מ (1יח')",,,מפות גליל לבן 16 מטר,יח',1.00,יח',false,,32.90,32.9000,true,1,5075475
7290108278057,false,כסף צלחת 9' (25יח') בסט וליו,,,צלחת כסף 25 יחידות,יח',1.00,יח',false,,11.90,11.9000,true,1,5915458
7290108278095,false,כסף אובלי עמוק (12יח,,,כסף אובלי,יח',1.00,יח',false,,12.90,12.9000,true,1,5664454
7290108278132,false,צלחת בורדו 25 יחידות,,,צלחת בורדו 25 יחידות,יח',1.00,יח',false,,5.90,5.9000,true,1,6235048
7290108278217,false,קערת זהב אובלי,,,קערת זהב אובלי,יח',1.00,יח',false,,12.90,12.9000,true,1,5370429
7290108278286,false,לבן צלחת 7' (25 יח'),,,צלחות 7 25 יחידות,יח',1.00,יח',false,,5.90,5.9000,true,1,6313151
7290108278323,false,צלחת לבן אובלי אובלי 25 יח,,,צלחת לבן אובלי אובלי,יח',100.00,יח',false,,19.90,0.1990,true,1,5223761
7290108278378,false,צלחת קרם 50 יחידות,,,צלחת קרם 50 יחידות,יח',1.00,יח',false,,12.90,12.9000,true,1,6257061
7290108278590,false,קערה גדולה שקוף (1 י,,,קערה עמוקה,קילו,100.00,קילו,false,,8.90,0.0890,true,1,5082573
7290108278606,false,זוגרדיד אלומניום רמילוי,,,זוגרדיד אלומניום רמי,קילו,100.00,קילו,false,,11.90,0.1190,true,1,5346163
7290108278668,false,קיסמי שיניים פלסטיק 300 יח',,,קיסמי שיניים פלסטיק,יח,1.00,יח,false,,8.90,8.9000,true,1,6401141
7290108278675,false,כוסות נייר לשתיה חמה 2.5 אוז (50יחידות ),,,כוסות נייר לשתיה חמה,יח',1.00,יח',false,,4.90,4.9000,true,1,6145594
7290108279481,false,תות שדה ארוז 500 גרם,ביכורי שדה דרום,IL,תות שדה,גרמים,250.00,100 גרם,false,,12.40,0.0496,true,1,3670243
7290108350128,false,סנו סושי שקיות אשפה חזקות במיוחד 40 יח',מיוצר עי קונדיטוריית,IL,סנו סושי 40 שקיות אש,יח',40.00,יח',false,,22.90,0.5725,true,1,1197862
7290108350210,false,סנו סושי 30 שקיות אשפה XL חזקות במיוחד,מיוצר עי קונדיטוריית,IL,סושי שקיות חזקות 65*,יח',30.00,יח',false,,22.90,0.7633,true,1,1310686
7290108350531,false,סנו ספארק נוזל כלים בניחוח קלאסי עם משאבה 1 ל',מיוצר עי קונדיטוריית,IL,נוזל כלים סנו ספארק,יח',1.00,יח',false,,9.90,9.9000,true,1,1217286
7290108350548,false,סנו ספארק נוזל כלים בניחוח לבנדר עם משאבה 1 ל',מיוצר עי קונדיטוריית,IL,נוזל כלים סנו ספארק,יח',1.00,יח',false,,9.90,9.9000,true,1,1217287
7290108350586,false,נוזל לניקוי כלים סנו ספארק Spark בניחוח לימון רענן,"סנו מפעלי ברונוס בע""\מ",IL,ספארק נוזל לכלים בני,ליטרים,1.50,ליטר,false,,13.90,9.2667,true,1,1252233
7290108350616,false,סנו - מקסימה מרכך כביסה מרוכז פריחה כחולה 1 ליטר,"סנו מפעלי ברונוס בע""\מ",IL,מקסימה מרכך כביסה מר,ליטרים,1.00,ליטר,false,,17.50,17.5000,true,1,1690326
7290108350623,false,מרכך כביסה סופר מרוכז סופט סילק מקסימה 1 ל' סנו,"סנו מפעלי ברונוס בע""\מ",IL,מקסימה מרכך כביסה מר,ליטרים,1.00,ליטר,false,,17.50,17.5000,true,1,1690327
7290108350647,false,כיף פיות קרם לשיער להתרת קשרים 350 מל,החברה הדרומית,IL,כיף פיות קרם להתרת ק,מיליליטרים,350.00,"100 מ""ל",false,,16.90,0.0483,true,1,1386027
7290108350685,false,"מנקה למדיח כלים סנו ספארק 250 מ""ל",סנו,IL,סנו ספארק מנקה למדיח,מיליליטרים,250.00,"100 מ""ל",false,,12.90,0.0516,true,1,4084046
7290108350722,false,אורביטול גוניור משחת שיניים בוב ספוג 70ג,טרופיקל דגיל תעשיות קוסמ,IL,משחת שיניים ילדים בו,יח',1.00,יח',false,,7.90,7.9000,true,1,6277654
7290108350739,false,משחת שיניים אורביטול קידס סטעם סוכריות ג'לי 70 גרם,טרופיקל דגיל תעשיות קוסמ,IL,אורביטול קידס 70 גר,גרמים,70.00,גרם,false,,7.90,0.1129,true,1,5201093
7290108351149,false,ג'ל ניקוי כללי בתוספת אבקת סודה ריח כביסה סנו ג'ט 1.5 ליטר,"סנו מפעלי ברונוס בע""\מ",IL,סנו ג'ט פלוס לניקוי,ליטרים,1.50,ליטר,false,,11.90,7.9333,true,1,2544337
7290108351156,false,ג'ל ניקוי כללי בתוספת חומץ בריח לבנדר סנו ג'ט 1.5 ליטר,"סנו מפעלי ברונוס בע""\מ",IL,סנו ג'ט פלוס לניקוי,מיליליטרים,750.00,"100 מ""ל",false,,11.90,0.0159,true,1,2544338
7290108351507,false,מרכך כביסה אינספרישיין סנו מקסימה 4 ליטר,סנו מקסימה,IL,מרכך מקסימה 4 לי,ליטרים,4.00,ליטר,false,,21.50,5.3750,true,1,2410567
7290108351514,false,מרכך כביסה בלו בלוסום סנו מקסימה 4 ליטר,סנו מקסימה,IL,מרכך מקסימה 4 לי,ליטרים,4.00,ליטר,false,,21.50,5.3750,true,1,2410568
7290108351552,false,"סנו - ג'ט לניקוי כללי בתוספת חומץ בניחוח לבנדר 750 מ""ל","סנו מפעלי ברונוס בע""\מ",IL,מתז לניקוי כללי ג'ט+,מיליליטרים,750.00,"100 מ""ל",false,,11.90,0.0159,true,1,3788895
7290108351583,false,"סנו - ג'ט פלוס חומץ ג'ל לניקוי אסלות לבנדר 750 מ""ל",טרופיקל דגיל תעשיות,IL,סנו ג'ט+ניקוי אסלות,מיליליטרים,750.00,"100 מ""ל",false,,8.90,0.0119,true,1,4473924
7290108351590,false,מטהר אוויר סופט סילק סנו פרש הום 350 מל,סנו פרש Fresh,IL,מבשם אויר סנו פרש הו,מיליליטרים,350.00,"100 מ""ל",false,,9.90,0.0283,true,1,3160482
7290108351613,false,סנו ריצפז פרש הום בניחוח מלון חלומי 2 ל,"סנו מפעלי ברונוס בע""\מ",IL,ריצפז פרש הום 2 לי,ליטרים,2.00,ליטר,false,,19.70,9.8500,true,1,3160484
7290108351699,false,סנו - ג'ט מטליות לחות לניקוי כללי בתוספת חומץ לבנדר שלישיה,סנו מפעלי ברונוס על,IL,מארז שלישייה מגבונים,יח',50.00,יח',false,,19.90,0.3980,true,1,4916530
7290108351705,false,פניני בישום 275 גרם מקסימה,inc prodacts smart value,IL,סנו פניני בישום לכבי,יח',1.00,יח',false,,19.90,19.9000,true,1,5886597
7290108351712,false,פניני בישום לכביסה 275 ג' מקסימה,inc prodacts smart value,IL,סנו פניני בישום לכבי,יח',1.00,יח',false,,19.90,19.9000,true,1,5886598
7290108351774,false,מרסס סנו לניקוי וטיפול במוצרי עור 500 מל,סנו,IL,סנו ניקוי וטיפול במ,מיליליטרים,500.00,"100 מ""ל",false,,29.90,0.0598,true,1,5201095
7290108351804,false,מרכך כביסה סופר מרוכז Gentl Breeze סנו מקסימה 1 ליטר,מיוצר עי קונדיטוריית,IL,מקסימה מרכך סופר מרו,מטרים,1000.00,100 מ'ל,false,,17.50,0.0175,true,1,5812886
7290108351835,false,מרכך כביסה Pure Sensation סנו מקסימה 4 ליטר,מיוצר עי קונדיטוריית,IL,מקסימה מרכך כביסה סנ,ליטרים,4.00,ליטר,false,,21.50,5.3750,true,1,6003471
7290108351927,false,סנו ספארק טבליות למדיח 70 יחידות,גרופה אינקו,PL,סנו ספארק 70 טבליות,קילוגרמים,1.40,"ק""ג",false,,39.90,28.5000,true,1,5291395
7290108351996,false,"חיטוי בייבי 99.9% לחיטוי וניקוי בסביבת תינוקות 750 מ""ל","סנו מפעלי ברונוס בע""\מ",IL,מתז בייבי לחיטי וניק,מיליליטרים,750.00,"100 מ""ל",false,,11.90,0.0159,true,1,5603848
7290108352061,false,משחת שיניים Go White אורביט 145 גרם עם פחם,טרופיקל דגיל תעשיות קוסמ,IL,אורביטול משחת שיניים,מטרים,145.00,100 מ'ל,false,,14.90,0.1028,true,1,6407752
7290108352092,false,משחת שיניים אורביטול פרוטקטיב סולט בטעם מנטה,טרופיקל דגיל תעשיות קוסמ,IL,אורביטול מ. שיניים ר,גרמים,145.00,100 גרם,false,,13.90,0.0959,true,1,6241274
7290108352146,false,"סנובון נוזלי בניחוח מנגוליה ונרולי סנו 750 מ""ל",סנו מפעלי ברונוס בעמ,IL,סנובון נוזלי סנסוריי,יח',1.00,יח',false,,8.90,8.9000,true,1,6222296
7290108352153,false,"סנובון נוזלי בניחוח לוטוס וסחלב סנו 750 מ""ל",מיוצר עי קונדיטוריית,IL,סנובון נוזלי סנסוריי,יח',1.00,יח',false,,8.90,8.9000,true,1,6222297
7290108352207,false,מקסימה 40 קפסולות לכביסה בניחוח fresh burst,"גליל כימיקלים, א.ת. צפונ",IL,סנו מקסימה קפסולות ל,יח',1.00,יח',false,,28.90,28.9000,true,1,6221075
7290108352214,false,סנו - מקסימה קפסולות כביסה בניחוח בריזה מרעננת 40 יח',טרופיקל דגיל תעשיות,IL,סנו מקסימה קפסולות ל,יח',1.00,יח',false,,28.90,28.9000,true,1,6221076
7290108352252,false,נוזל לניקוי כלים מתאים לניקוי ירקות ופירות סנו ספארק,"סנו מפעלי ברונוס בע""\מ",IL,סנו ספארק נוזל לכלים,ליטרים,1.00,ליטר,false,,9.90,9.9000,true,1,6241247
7290108352344,false,"פרש מבשם אויר אוטומטי בניחוח לבנדר סנו 250 מ""ל",מיוצר עי קונדיטוריית,IL,פרש מבשם אויר אוטומט,מיליליטרים,250.00,"100 מ""ל",false,,12.90,0.0516,true,1,6226943
7290108352351,false,"סנו תרסיס לחיטוי משטחים 99.9% - 400 מ""ל","סנו מפעלי ברונס בע""\מ",IL,סנו תרסיס לניקוי וחי,יח',1.00,יח',false,,17.90,17.9000,true,1,6225793
7290108352436,false,סנובון מוצק בניחוח נגוליה ונרולי שלישייה,סנו מפעלי ברונוס בעמ,IL,סנובון מוצק לניקוי א,יח',3.00,יח',false,,14.90,4.9667,true,1,6255322
7290108352450,false,ריצפז פרש הום בניחוח מרכך כביסה בלו בלוסום,סנו מפעלי ברונוס בעמ,IL,ריצפז פרש הום 2 לי,ליטרים,2.00,ליטר,false,,19.80,9.9000,true,1,6268071
7290108352498,false,מכשיר אוטומטי מעוצב ואלגנטי עם מילוי מלון בוטיק סנו פרש,"יצרן מכשיר: זובלה, יצרן",IL,סנו פרש מכשיר אוטומט,יח',1.00,יח',false,,39.90,39.9000,true,1,6311439
7290108352511,false,"מקסימה לניקוי וחיטוי מכונת כביסה שקית 500 מ""ל","סנו מפעלי ברונוס בע""\מ",IL,מקסימה לניקוי וחיטוי,מיליליטרים,500.00,"100 מ""ל",false,,11.90,0.0238,true,1,6295225
7290108352535,false,סנו - מקסימה דפי בישום לחים למייבש הכביסה בניחוח מרכך כביסה,טרופיגל דגיל תעשיות קוסמ,IL,מקסימה דפי בישום לחי,יח',1.00,יח',false,,12.90,12.9000,true,1,6324567
7290108352566,false,מרכך כביסה בבישום עוצמתי 4 ל' סנו מקסינה,"סנו מפעלי ברונוס בע""\מ",IL,מקסימה מרכך כביסה 4,מטרים,4000.00,100 מ'ל,false,,21.50,0.0054,true,1,6328349
7290108352573,false,מרכך כביסה סנו מקסימה בבישום עוצמתי 4 ליטר,"סנו מפעלי ברונוס בע""\מ",IL,מקסימה מרכך כביסה 4,מטרים,4000.00,100 מ'ל,false,,21.50,0.0054,true,1,6379660
7290108352634,false,סנו סופט - נייר טואלט חתוך במארז עשירייה,סנו,IL,נייר טואלט חתוך עשיר,10 יח',100.00,10 יח',false,,14.90,0.1490,true,1,3053795
7290108352689,false,כריות קרצוף ללכלוך קשה סנו סושי 9 יחידות,טרופיקל דגיל תעשיות,US,סושי כריות קרצוף ללכ,יח',9.00,יח',false,,9.50,1.0556,true,1,1720449
7290108352825,false,ספוג הפלא נירוסטה סנו סושי 3יח',ltdn s.k.a.tסנו מפעלי בר,CN,סנו סושי - ספוג הפלא,יח',1.00,יח',false,,9.90,9.9000,true,1,4732023
7290108353068,false,ספוג הפלא נירוסטה עם סיבי קירצוף סנו סושי 2 יח',מיוצר עי קונדיטוריית,CN,כרית קרצוף עם סיבי נ,יח',1.00,יח',false,,8.90,8.9000,true,1,5812888
7290108353389,false,"אורביטול - מי פה ג'וניור לגילאי 8+ 250 מ""ל",קוסמופארם בעמ,IL,אורביטול מי פה ג'וני,מטרים,250.00,100 מ'ל,false,,10.90,0.0436,true,1,6379683
7290108353495,false,אורביטול - חוט דנטאלי 50 מטר בתוספת שעווה ופלואוריד,אורביטול,IL,אורביטול חוט דנטאלי,מיליליטרים,1.00,"100 מ""ל",false,,9.90,9.9000,true,1,6391876
7290108353501,false,"שקיות אשפה ענקיות עם ידיות ענקיות 75*90 ס""מ סנו סושי 25 יחידות",טרופיקל דגיל תעשיות,TR,סנו סושי 25שקיות אטו,יח',1.00,יח',false,,19.90,19.9000,true,1,6091486
7290108353778,false,"נקה 7 - תחליב רחצה שוודיה בניחוח פיטנגו 750 מ""ל","אמיליה קוסמטיקס בע""מ",IL,נקה 7 תחליב רחצה ניח,מיליליטרים,750.00,"100 מ""ל",false,,9.90,0.0132,true,1,6252468
7290108353785,false,תחליב רחצה נקה 7 מרוקו בניחוח טונקה 750,"אמיליה קוסמטיקס בע""מ",IL,נקה 7 תחליב רחצה ניח,מיליליטרים,750.00,"100 מ""ל",false,,9.90,0.0132,true,1,6260806
7290108353891,false,"קרמה - דאודורנט רול און לאישה קרמה מאסק 75 מ""ל","קוסמופארם בע""\מ",IL,דאו רול און 75 מל,יח',1.00,יח',false,,11.90,11.9000,true,1,6247659
7290108353907,false,"קרמה - דאודורנט רול און לאישה קרמה קלאסי 75 מ""ל","קוסמופארם בע""\מ",IL,דאו רול און 75 מל,יח',1.00,יח',false,,11.90,11.9000,true,1,6247660
7290108353921,false,קרמה דיאודורנט סטיק מאסק 70 גרם,בטר אנד דיפרנט,IL,קרמה דיאודורנט סטיק,מטרים,70.00,100 מ'ל,false,,15.90,0.2271,true,1,6321530
7290108353952,false,"קרמה - דאודורנט ספריי לאישה קרמה קלאסי 150 מ""ל",מיוצר עי : אמיליה קוסמטי,IL,קרמה דיאודורנט ספריי,מטרים,150.00,100 מ'ל,false,,11.90,0.0793,true,1,6320085
7290108353969,false,"קרמה - דאודורנט ספריי לאישה קרמה מאסק 150 מ""ל",מיוצר עי : אמיליה קוסמטי,IL,קרמה דיאודורנט ספריי,מטרים,150.00,100 מ'ל,false,,11.90,0.0793,true,1,6320086
7290108353983,false,"קרמה - קרם גוף קרמה קלאסי 500 מ""ל",טרופיקל דגיל תעשיות,IL,קרם גוף קלאסי קרמה 5,מיליליטרים,500.00,"100 מ""ל",false,,21.90,0.0438,true,1,6252495
7290108353990,false,"קרמה - קרם גוף קרמה מאסק 500 מ""ל",טרופיקל דגיל תעשיות,IL,קרם גוף מאסק קרמה 50,מיליליטרים,500.00,"100 מ""ל",false,,21.90,0.0438,true,1,6252496
7290108354065,false,קרמה מן גל רחצה פילינג 700 מל לגבר,קוסמופארם בע'\'\מ,IL,קרמה מן ג'ל רחצה פיל,מטרים,700.00,100 מ'ל,false,,14.90,0.0213,true,1,6359731
7290108354164,false,"כיף שלישיית אל סבון קטיפתי מועשר בשמנים 3*500 מ""ל",טרופיקל דגיל תעשיות,IL,אל סבון שלישייה שמני,ליטרים,1.50,ליטר,false,,18.90,12.6000,true,1,6269677
7290108354263,false,אורביטול גוניור משחת שיניים חד קרן 70גרם,טרופיקל דגיל תעשיות קוסמ,IL,משחת שיניים ילדים חד,יח',1.00,יח',false,,7.90,7.9000,true,1,6277655
7290108354270,false,מרכך כביסה מרוכז בבישום עוצמתי 1 ל' סנו מקסימה,מיוצר עי קונדיטוריית,IL,מקסימה מרכך כביסה מר,מטרים,1000.00,100 מ'ל,false,,17.50,0.0175,true,1,6328331
7290108354492,false,"קרליין שמפו 10 לשיער שמן ארגן 700 מ""ל","קוסמופארם בע""\מ",IL,קרליין 10 שמפו ארגן,מטרים,700.00,100 מ'ל,false,,9.90,0.0141,true,1,6359733
7290108354607,false,"שמפו בניחוח מי קקטוס ושמן באבאסו 750 מ""ל נקה 7","אמיליה קוסמטיקס בע""מ",IL,נקה 7 שמפו 750מל ביו,מטרים,750.00,100 מ'ל,false,,9.90,0.0132,true,1,6391902
7290108354706,false,"קרמה - תחליב רחצה מאסק 500 מ""ל","קוסמופארם בע""\מ",IL,קרמה תחליב רחצה מאסק,מטרים,500.00,100 מ'ל,false,,12.90,0.0258,true,1,6330991
7290108354713,false,"קרמה - תחליב רחצה קלאסי 500 מ""ל","קוסמופארם בע""\מn\",IL,קרמה תחליב רחצה קלאס,מטרים,500.00,100 מ'ל,false,,12.90,0.0258,true,1,6330992
7290108354751,false,"סנו - ג'ט מרסס לניקוי כללי בתוספת אבקת סודה 750 מ""ל","סנו מפעלי ברונוס בע""\מ",IL,מתז לניקוי כללי ג'ט+,מיליליטרים,750.00,"100 מ""ל",false,,11.90,0.0159,true,1,5157569
7290108354829,false,"קרם ידיים קרמה ורד וניל 100 מ""ל מ""ל",קוסמופארם,IL,קרם ידיים קרמה 100 מ,מיליליטרים,100.00,"100 מ""ל",false,,9.90,0.0990,true,1,6268642
7290108354836,false,קרם ידיים מרוכז לידיים יבשות מאוד בבישום עדין,קוסמופארם,IL,קרם ידיים מרוכז בישו,מטרים,700.00,100 מ'ל,false,,14.90,0.0213,true,1,6258917
7290108354911,false,"שמפו, ג'ל רחצה וגילוח מועשר בתמצית אלוורה",טרופיקל דגיל תעשיות,IL,"קרמה מן 3ב1 500 מ""ל",מיליליטרים,500.00,"100 מ""ל",false,,14.90,0.0298,true,1,6216330
7290108355000,false,"שמפו מיניונים לילדים נקה 7 750 מ""ל",אמיליה קוסמטיקס,IL,שמפו מיניונים נקה 7,מיליליטרים,750.00,"100 מ""ל",false,,9.90,0.0132,true,1,1386029
7290108355017,false,"נקה 7 מרכך לילדים מיניונים 750 מ""ל",אמיליה קוסמטיקס,IL,מרכך מיניונים נקה 7,מיליליטרים,750.00,"100 מ""ל",false,,9.90,0.0132,true,1,1386030
7290108355031,false,"נקה 7 אל סבון לילדים מיניונים 750 מ""ל",קוסמופארם בע'\'\מ,IL,אל סבון מיניונים נקה,מיליליטרים,750.00,"100 מ""ל",false,,9.90,0.0132,true,1,1386032
7290108355062,false,לחו.לשיער מקצועי קרטין נטורל פורמולה 400,אמיליה קוסמטיקס,IL,לחות מקצועית עם קרטי,מיליליטרים,400.00,"100 מ""ל",false,,29.90,0.0747,true,1,3139607
7290108355147,false,"תחליב רחצה שמני הזנה נקה 7 750 מ""ל",טרופיקל דגיל תעשיות קוסמ,IL,תחליב רחצה שמני הזנה,מיליליטרים,750.00,"100 מ""ל",false,,9.90,0.0132,true,1,4574682
7290108355154,false,"שמפו שמני הזנה נקה 7 750 מ""ל","אמיליה קוסמטיקס בע""מ",IL,שמפו שמני הזנה נקה 7,מיליליטרים,750.00,"100 מ""ל",false,,9.90,0.0132,true,1,4574644
7290108355161,false,"מרכך שיער שמני הזנה 750 מ""ל נקה 7","אמיליה קוסמטיקס בע""מ",IL,מרכך שמני הזנה נקה 7,מיליליטרים,750.00,"100 מ""ל",false,,9.90,0.0132,true,1,4574683
7290108355178,false,"קרמה - קרם ידיים חמאת שיאה וקוקוי 100 מ""ל",החברה הדרומית,IL,קרם ידיים קרמה 100 מ,מיליליטרים,100.00,"100 מ""ל",false,,9.90,0.0990,true,1,6268643
7290108355185,false,"נטורל מסיכת קרטין אינטנס למניעת קשקשים 350 מ""ל",נטורל פורמולה Natural Formula,IL,מסכה קרטין 350 מל,מיליליטרים,350.00,"100 מ""ל",false,,39.90,0.1140,true,1,3911247
7290108355192,false,"נטורל מרכך קרטין אינטנס למניעת קשקשים 400 מ""ל",נטורל פורמולה Natural Formula,IL,מרכך קרטין 400 מל,מיליליטרים,400.00,"100 מ""ל",false,,29.90,0.0747,true,1,3911248
7290108355208,false,"שמפו קרטין אינטנס למניעת קשקשים נטורל 400 מ""ל",נטורל פורמולה Natural Formula,IL,שמפו קרטין 400 מל,מיליליטרים,400.00,"100 מ""ל",false,,29.90,0.0747,true,1,3911249
7290108355260,false,"נקה 7-שמפו 3ב1 שמפו ג'ל רחצה וסבון פנים לגבר 750 מ""ל","אמיליה קוסמטיקס בע""מ",IL,נקה 7 שמפו ג'ל רחצה,מיליליטרים,750.00,"100 מ""ל",false,,9.90,0.0132,true,1,5049346
7290108355307,false,"נקה 7 - שמפו סירוק קל רוזמרין 750 מ""ל",גוד פוד פרודקטס S.p,IL,שמפו נקה 7 סירוק קל,מיליליטרים,750.00,"100 מ""ל",false,,10.90,0.0145,true,1,5650098
7290108355499,false,"דאודורנט רול און ורד ווניל קרמה 70 מ""ל","אמיליה קוסמטיקס בע""\מ",IL,קרמה דיאודורנט סטיק,מטרים,70.00,100 מ'ל,false,,15.90,0.2271,true,1,6321549
7290108355536,false,"קרמה - דאודורנט ספריי לאישה קרמה ורד וניל 150 מ""ל",מיוצר עי : אמיליה קוסמטי,IL,קרמה דיאודורנט ספריי,מטרים,150.00,100 מ'ל,false,,11.90,0.0793,true,1,6320087
7290108355802,false,"תחליב רחצה קרמה ורד ווניל 700 מ""ל",גוד פוד פרודקטס S.p,IL,תחליב רחצה קרמה 700,מיליליטרים,700.00,"100 מ""ל",false,,16.90,0.0241,true,1,6247663
7290108355949,false,"תחליב רחצה קרמה נרולי ומנגוליה 700 מ""ל",קוסמופארם בעמ,IL,תחליב רחצה קרמה 700,מיליליטרים,700.00,"100 מ""ל",false,,16.90,0.0241,true,1,6247665
7290108356014,false,"כיף תחליב רחצה בניחות מסקרפונה ופירות יער 700 מ""ל",החברה הדרומית,IL,כיף תחליב רחצה 700 מ,מיליליטרים,700.00,"100 מ""ל",false,,9.90,0.0141,true,1,5676979
7290108356021,false,כיף תחליב רחצה בניחוח גלידת קרם עוגיות,גוד פוד פרודקטס S.p,IL,כיף תחליב רחצה 700 מ,מיליליטרים,700.00,"100 מ""ל",false,,9.90,0.0141,true,1,5305767
7290108356106,false,כיף תחליב רחצה חלב שקדים 700 מל,החברה הדרומית,IL,כייף תחליב רחצה שקד,מיליליטרים,700.00,"100 מ""ל",false,,9.90,0.0141,true,1,5136935
7290108356113,false,כיף תחליב רחצה חלב ודבש 700 מל,קוסמופארם בעמ,IL,כייף תחליב רחצה 700,מיליליטרים,700.00,"100 מ""ל",false,,9.90,0.0141,true,1,5136865
7290108356120,false,"תחליב רחצה כיף קוקוס וניל 700 מ""ל",קוסמופארם,IL,כייף תחליב רחצה קוקו,מיליליטרים,700.00,"100 מ""ל",false,,9.90,0.0141,true,1,5136936
7290108356137,false,"כיף - תחליב רחצה לבנדר 700 מ""ל",קוסמופארם,IL,כייף תחליב רחצה לבנד,מיליליטרים,700.00,"100 מ""ל",false,,9.90,0.0141,true,1,5136937
7290108356151,false,"תחליב רחצה כיף מאסק יסמין 700 מ""ל",גוד פוד פרודקטס S.p,IL,כייף תחליב רחצה מאסק,מיליליטרים,700.00,"100 מ""ל",false,,9.90,0.0141,true,1,5136938
7290108356168,false,"כיף - תחליב רחצה אוקיינוס 700 מ""ל",גוד פוד פרודקטס S.p,IL,כייף תחליב רחצה אוקי,מיליליטרים,700.00,"100 מ""ל",false,,9.90,0.0141,true,1,5136939
7290108356229,false,ג'ל גילוח לכל סוגי העור מועשר בפחם פעיל,טרופיקל דגיל תעשיות,TR,ג'ל גילוח לעור עדין,מיליליטרים,200.00,"100 מ""ל",false,,10.90,0.0545,true,1,6255622
7290108356519,false,קרליין שמפו 10למניעת קשקשים 700מל,"קוסמופארם בע""\מ",IL,קרליין שמפו 10למניעת,מטרים,700.00,100 מ'ל,false,,9.90,0.0141,true,1,6347789
7290108356526,false,"קרליין - שמפו 10 לשיער יבש 700 מ""ל","קוסמופארם בע""\מ",IL,קרליין שמפו 10לשיער,מטרים,700.00,100 מ'ל,false,,9.90,0.0141,true,1,6347790
7290108356533,false,קרוליין 10 שמפו לשיער מתולתל 700 מל,"קוסמופארם בע""\מ",IL,קרליין שמפו 10לשיער,מטרים,700.00,100 מ'ל,false,,9.90,0.0141,true,1,6347791
7290108356540,false,קרוליין 10 שמפו לשיער צבוע 700 מל,"קוסמופארם בע""\מ",IL,קרליין שמפו 10לשיער,מטרים,700.00,100 מ'ל,false,,9.90,0.0141,true,1,6347792
7290108356557,false,"שמפו 10 לשיער למניעת קשקשים 700 מ""ל קרליין","קוסמופארם בע""\מ",IL,קרליין שמפו 10לשיער,מטרים,700.00,100 מ'ל,false,,9.90,0.0141,true,1,6347793
7290108356571,false,"קרליין - מרכך 10 לשיער יבש 700 מ""ל","קוסמופארם בע""\מ",IL,קרליין מרכך 10לשיער,מטרים,700.00,100 מ'ל,false,,9.90,0.0141,true,1,6347795
7290108356816,false,"סבון בוטני גרניום ופטצ'ולי לניקוי וטיפוח הידיים, טבעוני 1 ל' כיף",קוסמופארם בע'\'\מ,IL,כיף אל סבון בוטני 1ל,מטרים,1000.00,100 מ'ל,false,,14.90,0.0149,true,1,6359736
7290108357028,false,"תחליב רחצה כיף ורד ושמן קוקוי 700 מ""ל",קוסמופארם בעמ,IL,כייף תחליב רחצה שמן,מיליליטרים,700.00,"100 מ""ל",false,,9.90,0.0141,true,1,6130834
7290108357059,false,"קרליין - נושם ביו דאודורנט רול און 75 מ""ל Secret Garden לאישה","קוסמופארם בע""\מ",IL,קרליין ביו רולאון נו,מטרים,75.00,100 מ'ל,false,,11.90,0.1587,true,1,6359738
7290108357080,false,"קרליין - נושם ביו דאודורנט ספריי 150 מ""ל Secret Garden לאישה",קוסטר אירוסול,IL,קרליין ביו נושם ספרי,מטרים,150.00,100 מ'ל,false,,11.90,0.0793,true,1,6359740
7290108357110,false,"קרליין - נושם ביו דאודורנט רול און 75 מ""ל Valvet Rose לאישה","קוסמופארם בע""\מ",IL,קרליין דיאודורנט ביו,מטרים,75.00,100 מ'ל,false,,11.90,0.1587,true,1,6359742
7290108357226,false,"אוקסיגן POWER אבקה לכביסה לבנה והסרת כתמים 1.4 ק""ג סנו",החברה הדרומית,IL,אוקסיג'ן אבקה להסרת,גרמים,1400.00,100 גרם,false,,29.90,0.0214,true,1,6349094
7290108357240,false,סנו אוקסיג'ן אבקה לכביסה להסרת כתמים קשים,החברה הדרומית,IL,אוקסיג'ן אבקה להסרת,גרמים,1400.00,100 גרם,false,,28.90,0.0206,true,1,6349095
7290108357271,false,סנובון ג'ל לניקוי אסלות עם חמצן פעיל לניקוי עוצמתי,סנו מפעלי ברונוס בעמ,IL,סנובון אוקסי עם חמצן,מטרים,750.00,100 מ'ל,false,,8.90,0.0119,true,1,6375262
7290108357288,false,אקונומיקה ז'אוול בניחוח פריחה לבנה 4 ל' סנו,סנו ז'אוול Javel,IL,אקונומיקה בריח פריחה,ליטרים,4.00,10 ליטר,false,,16.90,4.2250,true,1,6357684
7290108357295,false,"מרסס אוקסיג'ן מסיר כתמים סנו לכביסה לבנה 750 מ""ל",החברה הדרומית,IL,סנו אוקסיג'ן ספריי פ,מיליליטרים,750.00,"100 מ""ל",false,,17.70,0.0236,true,1,6391904
7290108357394,false,"תחליב רחצה קרמה חלב ודבש 700 מ""ל",קוסמופארם בע'\'\מ,IL,תחליב רחצה קרמה חלב,מיליליטרים,700.00,"100 מ""ל",false,,16.90,0.0241,true,1,6280760
7290108357509,false,"קרמה קרם גוף וניל ופלפל ורוד 500 מ""ל",טרופיקל דגיל תעשיות,IL,קרם גוף קרמה וניל פל,מיליליטרים,500.00,"100 מ""ל",false,,21.90,0.0438,true,1,6280762
7290108357653,false,סנובון ג'ל לאסלה שלישיה בניחוח אוקיינוס,סנו סנובון,CZ,סנובון באבלס סנו 3 י,יח',3.00,יח',false,,14.90,4.9667,true,1,6427774
7290108357714,false,"כיף שמפו לשיער יבש -רימונים ושמן ארגן 700 מ""ל",גוד פוד פרודקטס S.p,IL,כיף שמפו לשיער יבש 7,מיליליטרים,700.00,"100 מ""ל",false,,9.90,0.0141,true,1,5305773
7290108357776,false,"כיף מרכך לשיער יבש -רימונים ושמן ארגן 700 מ""ל",גוד פוד פרודקטס S.p,IL,כיף מרכך לשיער יבש 7,מיליליטרים,700.00,"100 מ""ל",false,,9.90,0.0141,true,1,5305778
7290108357875,false,"כיף - שמפו לחות מוגברת עם אפרסק וחמאת מורומורו 700 מ""ל",קוסמופארם בעמ,IL,כיף שמפו אפרסק וחמאת,מטרים,700.00,100 מ'ל,false,,9.90,0.0141,true,1,6359746
7290108358070,false,"תחליב רחצה קרמה קלאסי 700 מ""ל",גוד פוד פרודקטס S.p,IL,תחליב רחצה קרמה קלאס,מיליליטרים,700.00,"100 מ""ל",false,,16.90,0.0241,true,1,6252476
7290108358087,false,"תחליב רחצה קרמה מאסק 700 מ""ל",גוד פוד פרודקטס S.p,IL,תחליב רחצה קרמה מאסק,מיליליטרים,700.00,"100 מ""ל",false,,16.90,0.0241,true,1,6252477
7290108358124,false,דפי בישום לחים למייבש הכביסה בניחוח מרכך כביסה 20 יח' מקסימה,טרופיגל דגיל תעשיות קוסמ,IL,מקסימה דפי בישום לחי,יח',1.00,יח',false,,12.90,12.9000,true,1,6423308
7290108359060,false,סנו סושי כריות הפלא רב תכלתיות *4 לשבת,סנו מפעלי ברונו בעמ,IL,סנו כריות ניקוי לשבת,יח',1.00,יח',false,,9.90,9.9000,true,1,6322072
7290108359145,false,סנו סושי דפי ספוג הפלא12,קריות זול,CN,סושי דפי ספוג הפלא,יחידה,0.00,יחידה,false,,9.90,0.0000,true,1,6429473
7290108359176,false,סופט ממחטות אף צמד בשקית לושן 3 שכבות,סנו סופט,EG,סופט ממחטות אף 3 שכב,100 יח',200.00,100 יח',false,,12.80,0.0640,true,1,6445702
7290108359190,false,סנו סושי מגבות נייר בגליל כפול פי 3,סנו סושי,IL,סנו סושי מגבות נייר,גרמים,12.00,100 גרם,false,,24.90,2.0750,true,1,6446695
7290108359848,false,שמפו אל דמע בייבי כיף 1 ליטר,בייבי כיף Baby,IL,שמפו אלדמע בייבי כיף,ליטרים,1.00,ליטר,false,,17.90,17.9000,true,1,5089737
7290108359855,false,"שמפו אל דמע בייבי כיף+משאבה 750 מ""ל",גוד פוד פרודקטס S.p,IL,שמפו אלדמע בייבי כיף,מיליליטרים,750.00,"100 מ""ל",false,,13.90,0.0185,true,1,5089738
7290108359862,false,בייבי כיף אל סבון 1 ליטר,בייבי כיף Baby,IL,אלסבון בייבי כיף 1 ל,ליטרים,1.00,ליטר,false,,17.90,17.9000,true,1,5089739
7290108359886,false,תחליב רחצה בייבי כיף 1 ליטר,בייבי כיף Baby,IL,תחליב רחצה בייבי כיף,ליטרים,1.00,ליטר,false,,17.90,17.9000,true,1,5089741
7290108359893,false,"תחליב רחצה בייבי כיף+משאבה 750 מ""ל",גוד פוד פרודקטס S.p,IL,תחליב רחצה בייבי כיף,מיליליטרים,750.00,"100 מ""ל",false,,13.90,0.0185,true,1,5089742
7290108359985,false,סנו - ז'אוול מרסס קצף לניקוי וחינו בניחוח פריחה לבנה 1 ליטר,סנו ז'אוול Javel,IL,קצף לניקוי כללי פריח,100 מל,750.00,100 מל,false,,16.90,0.0225,true,1,6358762
7290108500677,false,כבד דג שיבוט בשמן דג וילי פוד 115 גרם,"איטיליאן פוד, אס.פי.",IS,כבד דג שיבוט בשמן דג,גרמים,115.00,100 גרם,false,,8.90,0.0774,true,1,1875223
7290108501087,false,גרעיני תירס 285 גר רמילוי,,,גרעיני תירס 285 גר ר,גרמים,285.00,100 גרם,false,,4.50,0.0158,true,1,2607375
7290108501391,false,גבינה חצי קשה חלב עיזים פרוס 150 גר,ג.וילי פוד אינטרנשיונל ב,IL,גבינה חצי קשה חלב עי,גרמים,150.00,100 גרם,false,,14.90,0.0993,true,1,3911192
7290108501490,false,גבינת מוצרלה פרוסות 150גרם RO CHEESE,ג.וילי פוד אינטרנשיונל ב,IL,גבינת מוצרלה פרוסות,גרמים,150.00,100 גרם,false,,12.90,0.0860,true,1,3911263
7290108501827,false,קדאיף שערות בצק ויליפוד 450 גרם,הנסיך- מפעל לייצור ט,GR,קדאיף שערות בצק 450,גרמים,450.00,100 גרם,false,,19.90,0.0442,true,1,4361746
7290108502305,false,גבינת גרנה פדנו משולש ויליפוד 150 גרם,וילי פוד,IT,גבינת גרנה פדנו משול,גרמים,150.00,100 גרם,false,,16.90,0.1127,true,1,5201387
7290108502329,false,רביעיית טונה בשמן זית ויליפוד 4*160 גרם,גולדן פרייז קאנינג אל טי,TH,רביעיית נתחי טונה בש,גרמים,160.00,100 גרם,false,,26.90,0.1681,true,1,4958951
7290108502381,false,בסיסים להכנת פיצה קוטר 26 וילי פוד 480ג',מוטלוקל גידה סאנאי ט,TR,תחתיות לפיצה 480 גר,גרמים,480.00,100 גרם,false,,12.90,0.0269,true,1,5114765
7290108502725,false,גבינת גאודה פרוסות ויליפוד 400 גרם,ג.וילי פוד אינטרנשיונל ב,IL,גבינת גאודה 400 גר,גרמים,400.00,100 גרם,false,,19.90,0.0497,true,1,4935982
7290108502763,false,גבינת קממבר ויליפוד 200 גרם,פטוראז',FR,גבינת קממבר 200 גר,גרמים,200.00,100 גרם,false,,19.90,0.0995,true,1,5277265
7290108502862,false,מלפפונים כבושים במלח 18-25 קטנים ויליפוד 600 גרם,זיתור סאן גידה סני וטיקר,TR,מלפפונים קטנים 18-25,גרמים,600.00,100 גרם,false,,8.90,0.0148,true,1,6300033
7290108503043,false,תפוחונים חטיף פלחים מיובשים מארז 22X4ג',הביי דונגפנג פוד קו. בעמ,CN,מארז תפוחונים מיובשי,יח',1.00,יח',false,,14.20,14.2000,true,1,5114786
7290108503159,false,גבינה כחולה עם עובש 31% ויליפוד 100 גרם,קסוס אל פסטור,ES,גבינה כחולה עם עובש,גרמים,100.00,100 גרם,false,,9.90,0.0990,true,1,5114804
7290108503791,false,ניוקי תפוחי אדמה 3 צבעים ללא גלוטן 500גר,סיימה אלימנטרי,IT,ניוקי תפוא 3 צבעים ל,גרמים,500.00,100 גרם,false,,11.90,0.0238,true,1,6273855
7290108503999,false,פרוסות גבינה בטעם גאודה לכריכים וטוסטים ויליפוד 150 גרם,Euro יורו מחלבות אירופה,ES,פרוסות גבינת גאודה 1,גרמים,150.00,100 גרם,false,,9.90,0.0660,true,1,5693508
7290108504002,false,פרוסות גבינה בטעם צ'דר לכריכים וטוסטים ויליפוד 150 גרם,Euro יורו מחלבות אירופה,ES,פרוסות גבינה לייט 9%,גרמים,150.00,100 גרם,false,,10.90,0.0727,true,1,5693509
7290108504279,false,קשקבל \איבריקו\ מנצ'גו צ'אנק 150 גרם,ג.וילי פוד אינטרנשיו,ES,קשקבל צ'אנק 150 גר,יח',1.00,יח',false,,16.90,16.9000,true,1,5664539
7290108504293,false,מנצ'גו צ'אנק ויליפוד 150 גרם,ג.וילי פוד אינטרנשיו,ES,מנצ'גו צ'אנק 150 גר,יח',1.00,יח',false,,16.90,16.9000,true,1,5664541
7290108505740,false,קשקבל גבינה חצי קשה EURO CHEESE ויליפוד 200 גרם,Euro יורו מחלבות אירופה,TR,גבינת קשקבל חצי קשה,גרמים,200.00,100 גרם,false,,12.90,0.0645,true,1,6222364
7290108505962,false,שזיפים מיובשים וילי פוד 400 גרם,,US,שזיפים מיובשים 400 ג,גרמים,400.00,100 גרם,false,,24.90,0.0622,true,1,6219575
7290108506426,false,בייגלה קראנצ'י טורקי אותנטי - מוקפא,וילי פוד,TR,סימיט בייגלה קפוא,גרמים,400.00,100 גרם,false,,13.90,0.0348,true,1,6217190
7290108506488,false,סופלה שוקולד קפוא ויליפוד 200 גרם,ארמה גרופ,TR,סופלה שוקולד קפוא,גרמים,200.00,100 גרם,false,,14.90,0.0745,true,1,6217191
7290108506495,false,"כנאפה מאפה בצק ""שערות"" קדאיף וגבינה",ארמה גרופ,TR,כנאפה קפוא,גרמים,192.00,100 גרם,false,,12.90,0.0672,true,1,6217192
7290108506501,false,אצבעות בצק פילו ממולאות גבינה 500 ג' ויליפוד,סיהאן גידה,TR,אצבעות בצק פילו ממול,גרמים,500.00,100 גרם,false,,15.50,0.0310,true,1,6335350
7290108506518,false,אצבעות בצק פילו ממולאות גבינה ותרד 500 ג' ויליפוד,סיהאן גידה,TR,אצבעות בצק פילו ממול,גרמים,500.00,100 גרם,false,,15.50,0.0310,true,1,6335351
7290108506709,false,משולש גבינת פרמז'נו רג'אנו ZANETI,וילי פוד,IT,גבינת פרמג'נו רג'יאנ,גרמים,150.00,100 גרם,false,,17.90,0.1193,true,1,6219579
7290108506969,false,מאפה בורקס מים תורכי גבינה ויליפוד 300 גרם,וילי פוד,TR,מאפה בורקס תורכי גבי,גרמים,300.00,100 גרם,false,,12.90,0.0430,true,1,6225592
7290108507010,false,מאפה בורקס מים תורכי תרד וגבינה ויליפוד 300 גרם,וילי פוד,TR,מאפה בורקס תורכי תרד,גרמים,300.00,100 גרם,false,,12.90,0.0430,true,1,6225593
7290108507065,false,גבינת פרמג'אנו רגיאנו מגורדת ויליפוד 100 גרם,זנאתי,IT,גבינת פרמג'אנו מגורד,גרמים,100.00,100 גרם,false,,13.90,0.1390,true,1,6282211
7290108507188,false,כנאפה קפוא אריזה משפחתית 657.5 גרם,ארמה גרופ,TR,כנאפה אריזה משפחתית,גרמים,657.00,100 גרם,false,,27.70,0.0422,true,1,6249822
7290108507317,false,יאסו יוגורט יווני ושבבי שוקולד רמילוי,,,יאסו יוגורט יווני וש,גרמים,150.00,100 גרם,false,,4.80,0.0320,true,1,6287233
7290108507331,false,יאסו יוגורט יווני טעם קוקוס רמילוי,,,יאסו יוגורט יווני טע,גרמים,150.00,100 גרם,false,,4.80,0.0320,true,1,6287235
7290108507348,false,יאסו יוגורט יווני טעם אוכמניות רמילוי,,,יאסו יוגורט יווני טע,גרמים,150.00,100 גרם,false,,4.80,0.0320,true,1,6287236
7290108507386,false,יאסו יוגורט יווני טעם טבעי רמילוי,,,יאסו יוגורט יווני טע,גרמים,150.00,100 גרם,false,,4.80,0.0320,true,1,6287240
7290108507492,false,קרקרים עם שומשום 105ג רמילוי,,,קרקרים עם שומשום 105,גרמים,105.00,100 גרם,false,,4.90,0.0467,true,1,6275113
7290108507508,false,קרקרים עם תרד ושמיר 105ג רמילוי,,,קרקרים עם תרד ושמיר,גרמים,105.00,100 גרם,false,,4.90,0.0467,true,1,6275114
7290108507607,false,גבינת פרמז'ן קשה 27% רמילוי 200גר,,,גבינת פרמז'ן קשה 27%,גרמים,200.00,100 גרם,false,,22.90,0.1145,true,1,6253345
7290108507614,false,גבינת פרמז'ן קשה 27% רמילוי 90גר,,,גבינת פרמז'ן קשה 27%,יח',1.00,יח',false,,18.90,18.9000,true,1,6253346
7290108508031,false,ויליפוד אננס שלם 830 גרם,נטריישן,TH,אננס שלם 830 גר וילי,גרמים,830.00,100 גרם,false,,10.90,0.0131,true,1,6356793
7290108508703,false,טורטיה ללא גלוטן 270 גרם ויליפוד,מוטלוקל גידה סאנאי טיקרט,TR,טורטיה ללא גלוטן 270,גרמים,270.00,100 גרם,false,,7.90,0.0293,true,1,6291455
7290108508765,false,קונכיות פתיתים ויליפוד 400גרם,וילי פוד,TR,קונכיות פתיתים 400 ג,גרמים,400.00,100 גרם,false,,4.90,0.0123,true,1,6301366
7290108508772,false,קונכיות פתיתים עם תרד 400 גרם,וילי פוד,TR,קונכיות פתיתים עם תר,גרמים,400.00,100 גרם,false,,4.90,0.0123,true,1,6301367
7290108508970,false,וילי פוד תה ג'רבה 50,אוסוואלדי קרוז בואנס,PY,תה ג'רבה 500 גר',גרמים,500.00,100 גרם,false,,19.70,0.0394,true,1,6292120
7290108509045,false,גבינת מוצרלה מגורדת 300ג רמילוי,,,גבינת מוצרלה מגורדת,גרמים,300.00,100 גרם,false,,14.90,0.0497,true,1,6308276
7290108509144,false,שלישיית עגבניות מרוסקות ויליפוד 3*400,וילי פוד,IT,שלישיית עגבניות מרוס,גרמים,400.00,100 גרם,false,,14.90,0.0373,true,1,6313946
7290108509151,false,שלישיית עגבניות שלמות מקולפות ויליפוד 3*400,P.S.U.S,IT,שלישיית עגבניות שלמו,גרמים,400.00,100 גרם,false,,14.90,0.0373,true,1,6313947
7290108509168,false,שלישיית עגבניות קוביות במיץ עגבניות ויליפוד 3*400,וילי פוד,IT,שלישיית עגבניות קובי,גרמים,400.00,100 גרם,false,,14.90,0.0373,true,1,6313948
7290108509229,false,חטיף אורז בטעם בננה לתינוקות ויליפוד 50 גרם,נמצ'או,TH,חטיף אורז אפוי בננה,יח',1.00,יח',false,,11.90,11.9000,true,1,6331281
7290108509403,false,חלבה טורקית קלאסית 350 גרם ויליפוד,וילי פוד,TR,חלבה טורקית קלאסית 3,גרמים,350.00,100 גרם,false,,10.90,0.0311,true,1,6300038
7290108509410,false,חלבה טורקית עם קקאו 350 גרם ויליפוד,וילי פוד,TR,חלבה טורקית עם קקאו,גרמים,350.00,100 גרם,false,,10.90,0.0311,true,1,6300039
7290108509625,false,זיתים ירוקים ופלפל על הגריל מגולענים במרינדה 730 גרם ויליפוד,,TR,זיתים ירוקים ופלפל ע,גרמים,730.00,100 גרם,false,,23.90,0.0327,true,1,6309732
7290108509700,false,"אורז פרסי DAAWAT מהדרין 1 ק""ג",אל.טי.פודס לימיטד,IN,אורז פרסי 1 לי דאווט,קילוגרמים,1.00,"ק""ג",false,,9.90,9.9000,true,1,6331282
7290108509755,false,EURO גבינת חלומי 23% שומן 250 גרם,סאסו פטוראגס קומטויס אף,CY,גבינת חלומי 250 גר,גרמים,250.00,100 גרם,false,,23.90,0.0956,true,1,6433025
7290108509908,false,מנתהשף אטריות להכנה מהירה פיקנטי ויליפוד 85 גרם,וילי פוד - מנת השף,TH,מנת השף אטריות בטעם,גרמים,85.00,100 גרם,false,,3.50,0.0412,true,1,6444462
7290108509915,false,מנתהשף אטריות להכנה מהירה סיני פיקנטי ויליפוד 85 גרם,וילי פוד - מנת השף,TH,מנת השף אטריות בטעם,גרמים,85.00,100 גרם,false,,3.50,0.0412,true,1,6444463
7290108509922,false,מנתהשף אטריות להכנה מהירה טעם עוף ויליפוד 85 גרם,וילי פוד - מנת השף,TH,מנת השף אטריות בטעם,גרמים,85.00,100 גרם,false,,3.50,0.0412,true,1,6444464
7290108509939,false,פרוסות פילה טונה בשמן זית כתית מעולה,וילי פוד,TH,פרוסות פילה טונה 120,גרמים,120.00,100 גרם,false,,12.90,0.1075,true,1,6313954
7290108509946,false,טורטייה קטנה ויליפוד,מוטלוקל גידה סאנאי טיקרט,TR,טורטיה 250 גר,גרמים,250.00,100 גרם,false,,4.90,0.0196,true,1,6331283
7290108620061,false,יין אסטייט שיראז יבש אדום 750 מל,יקבי ציון,IL,יין אסטייט שיראז יבש,מיליליטרים,750.00,"100 מ""ל",false,,39.90,0.0532,true,1,6244365
7290108620092,false,אימפריאל יין רוזה חצי יבש,יקבי ציון,IL,אימפריאל יין רוזה חצ,מיליליטרים,750.00,"100 מ""ל",false,,29.90,0.0399,true,1,6277665
7290108620115,false,יין אימפריאל מרלו אדום יבש 750 מל,יקבי ציון,IL,יין אימפריאל מרלו אד,מיליליטרים,750.00,"100 מ""ל",false,,29.90,0.0399,true,1,6244368
7290109352916,false,פריכיות דגנים פיטנס מצופות שוקולד לבן,פרח תעשיות,IL,פיטנס בר פריכיות שוק,גרמים,84.00,100 גרם,false,,11.90,0.1417,true,1,1775603
7290109354101,false,"לחמית ללא גלוטן 200 גר' ""אסם""","אסם תעשיות בע""מ",IL,לחמית ללא גלוטן 200,גרמים,200.00,100 גרם,false,,6.90,0.0345,true,1,3032616
7290109354996,false,פתי בר ללא גלוטן שוקו 200 גרם אסם,מיוצר עי קונדיטוריית,IL,"אסם פתי בר לל""ג שוקו",גרמים,200.00,100 גרם,false,,8.90,0.0445,true,1,1775605
7290109358482,false,עוגיות קרמוגית במילוי קרם בטעם חלבה,"הגביע מוצרי וופלים בע""\מ",IL,אסם קרמוגית במילוי ק,גרמים,200.00,100 גרם,false,,9.90,0.0495,true,1,5306404
7290109580043,false,"שניצל תירס קלאסי זוגלובק 1.75 ק""ג",זוגלובק,IL,שניצל תירס 1.75קג בד,קילוגרמים,1.75,"ק""ג",false,,49.90,28.5143,true,1,6246670
7290109580050,false,נקניקיות צ'וריסוס וונדרס 0% בשר טבעוני ללא גלוטן,"וונדרס ע""י זוגלובק 2000",IL,נקניקיות צ'וריסוס 22,גרמים,226.00,100 גרם,false,,26.90,0.1190,true,1,6285747
7290109580067,false,"טחון וונדרס 0% בשר , טבעוני","וונדרס ע""י זוגלובק 2000",IL,טחון 340גר וונדרס,גרמים,340.00,100 גרם,false,,26.90,0.0791,true,1,6285748
7290109580098,false,קבנוס בטעם סרירצ'ה זוגלובק 135 גרם,זוגלובק,IL,קבנוס טעם סרירצ'ה 13,גרמים,135.00,100 גרם,false,,9.90,0.0733,true,1,6357338
7290109580104,false,רוסטביף פרימיום זוגלובק 150 גרם,זוגלובק,IL,רוסטביף,יח',1.00,יח',false,,22.80,22.8000,true,1,6282215
7290109580111,false,צלעות אסאדו מעושנות פרימיום זוגלובק 120 גרם,זוגלובק,IL,צלעות אסאדו מעושנות,גרמים,120.00,100 גרם,false,,22.80,0.1900,true,1,6348268
7290109580142,false,"נקניקיות מן הצומח זוגלובק 1.75 ק""ג בד""ץ",קריות זול,IL,זוגלובק נקניקיות מן,קילוגרמים,1.75,"ק""ג",false,,49.90,28.5143,true,1,6305333
7290109580159,false,פסטרמה בנוסח טוסקנה פרימיום זוגלובק 180 גרם,זוגלובק,IL,פסטרמה נוסח טוסקנה,יח',1.00,יח',false,,22.80,22.8000,true,1,6282217
7290109580210,false,נקנקיות ריינהולד'ס הצרפתיה זוגלובק 300 ג',זוגלובק,IL,נקניקיות ריינהולד'ס,גרמים,300.00,100 גרם,false,,19.90,0.0663,true,1,6324489
7290109580227,false,נקניקיות עוף ובקר בסגנון ברלינאי קאריוורסט,זוגלובק,IL,נקניקיות ריינהולד'ס,גרמים,300.00,100 גרם,false,,19.90,0.0663,true,1,6324490
7290109580234,false,"נקניקיות מרגז חריפות וונדרס 0% בשר, טבעוני",זוגלובק וונדרס Wonders,IL,נקניקיות מרגז 226גר,גרמים,280.00,100 גרם,false,,26.90,0.0961,true,1,6336148
7290109580265,false,זוג חזה הודו בדבש+בקביקיו 600ג רמילוי,,,זוג חזה הודו בדבש+בק,גרמים,600.00,100 גרם,false,,21.90,0.0365,true,1,6390616
7290109580302,false,מארז זוג תה מעושן 350+חזה עוף 350 זוגלובק,זוגלובק,IL,זוג תה מעושן 350גר+ע,גרמים,700.00,100 גרם,false,,29.90,0.0427,true,1,6406974
7290109580319,false,"בורגר וונדרס 0% בשר , טבעוני",זוגלובק וונדרס Wonders,IL,בורגר 280גר וונדרס,גרמים,280.00,100 גרם,false,,26.90,0.0961,true,1,6336149
7290109580326,false,נקניקיות עוף זוגלובק 800 גרם בית יוסף,זוגלובק,IL,נקניקיות עוף 800 גרם,גרמים,800.00,100 גרם,false,,22.90,0.0286,true,1,6406945
7290109580333,false,סלמי קוניאק רמילוי,,,סלמי קוניאק רמילוי,יחידה,0.00,יחידה,false,,21.90,0.0000,true,1,6390617
7290109580432,false,פסטרמה חזה הודו מעושן דק דק זוגלובק 120 גרם,זוגלובק,IL,פסטרמה מעושנת דק דק,גרמים,120.00,100 גרם,false,,12.90,0.1075,true,1,6383161
7290109640198,false,מגורדת לפיצה ולאפיה 20% שומן 200 גרם - משומשו,וי גרדן,IL,משומשו מגורדת לפיצה,גרמים,200.00,100 גרם,false,,18.90,0.0945,true,1,2847298
7290109640396,false,ממרח שום שמיר בסיס רכיבי קוקוס 200 גר,גן שמואל-תעשיות בריאות,IL,משומשו ממרח שום שמיר,גרמים,200.00,100 גרם,false,,14.90,0.0745,true,1,6287818
7290109640402,false,ממרח על בסיס קוקוס 9% שומן 200 גרם - משומשו,גן שמואל-תעשיות בריאות,IL,משומשו ממרח טעם טבעי,גרמים,200.00,100 גרם,false,,14.90,0.0745,true,1,6287819
7290109640464,false,משומשו פתיתים טבעוניים סגנון פרמז'ן 200 גר,גן שמואל-תעשיות בריאות,IL,משומשו פתיתים טבעוני,גרמים,200.00,100 גרם,false,,18.90,0.0945,true,1,6288259
7290109640778,false,משומשו מאפה בצק פילאס טבעוני מילוי בשר,סנו מפעלי ברונוס.,IL,משומשו מאפה בצק פילא,גרמים,600.00,100 גרם,false,,23.90,0.0398,true,1,6290626
7290109920146,false,"דורגול מסיר אבנית מקומקומים 750 מ""ל",יעקובי דורגול,CH,דורגול מסיר אבנית 75,מיליליטרים,750.00,"100 מ""ל",false,,17.90,0.0239,true,1,2056126
7290109920313,false,"אסטוניש מרסס לניקוי חלונות 750 מ""ל",יעקבי- אסטוניש Astonish,GB,אסטוניש מרסס שמשות 7,מיליליטרים,750.00,"100 מ""ל",false,,11.90,0.0159,true,1,3786023
7290109920597,false,"אסטוניש - מרסס לניקוי המקלחון 750 מ""ל",יעקבי- אסטוניש Astonish,GB,אסטוניש מרסס למקלחון,מיליליטרים,750.00,"100 מ""ל",false,,11.90,0.0159,true,1,3786026
7290109920627,false,"אסטוניש קרם ואקונומיקה לניקוי אמבטיות 500 מ""ל",יעקובי אסטוניש,GB,אסטוניש קרם אמבט,מיליליטרים,500.00,"100 מ""ל",false,,10.90,0.0218,true,1,4141807
7290109920665,false,"אסטוניש - מרסס מסיר אוכל שרוף במטבח 750 מ""ל",יעקבי- אסטוניש Astonish,GB,אסטוניש מרסס למטבח 7,מיליליטרים,750.00,"100 מ""ל",false,,11.90,0.0159,true,1,3786045
7290109921303,false,טורבול סופג לחות 2 מגשיות,יעקובי,SE,טורבולן סופג לחות,יח',1.00,יח',false,,29.90,29.9000,true,1,5201324
7290109921389,false,נוזל מקצועי לניקוי רצפות השיפוצניק יעקבי,יעקובי,TR,שטיפת רצפות לאחר שיפ,יח',1.00,יח',false,,19.90,19.9000,true,1,6250906
7290109921488,false,"דורגול לניקוי וחיטוי מכונת הכביסה יעקבי 500 מ""ל",יעקובי דורגול,DE,דורגול לניקוי מכונת,מיליליטרים,500.00,"100 מ""ל",false,,28.90,0.0578,true,1,6021040
7290109921563,false,רצפות שיש מבריק ואינו מחליק,וונדפוט,BE,יעקבי נוזל רצפת שיש,מיליליטרים,500.00,"100 מ""ל",false,,14.90,0.0298,true,1,6021041
7290109921587,false,רצפות גרניט פורצלן ייבוש מהיר ללא סימנים,וונדפוט,BE,נוזל לשיטפת רצפה גרנ,ליטרים,1.25,ליטר,false,,12.90,10.3200,true,1,6021042
7290109921853,false,אסטוניש המשחה המקורית לניקוי עם עוצמה,יעקבי- אסטוניש Astonish,GB,אסטוניש משחה לניקוי,גרמים,150.00,100 גרם,false,,15.90,0.1060,true,1,6260950
7290109923024,false,"אסטוניש מרסס פרימיום ארומטיק למטבח 750 מ""ל",יעקובי אסטוניש,GB,אסטוניש מרסס ארומטיק,מטרים,750.00,100 מ'ל,false,,14.90,0.0199,true,1,6354233
7290109923031,false,"אסטוניש מרסס פרימיום ארומטיק למקלחון 750 מ""ל",יעקובי אסטוניש,GB,אסטוניש מרסס ארומטיק,מטרים,750.00,100 מ'ל,false,,14.90,0.0199,true,1,6354234
7290109923048,false,"אסטוניש מרסס פרימיום ארומטיק לכל הבית 750 מ""ל",יעקובי אסטוניש,GB,אסטוניש מרסס ארומטיק,מטרים,750.00,100 מ'ל,false,,14.90,0.0199,true,1,6354235
7290109923093,false,"אסטוניש - קרם כיריים הלוגן ומיקרו 500 מ""ל",יעקובי אסטוניש,GB,אסטוניש קרם כיריים ה,גרמים,500.00,100 גרם,false,,14.90,0.0298,true,1,6387328
7290109923130,false,מדליק לפחמים קוביות הפי 24 יח',דה טורן,,הפי מדליק פחמים קובי,גרמים,250.00,100 גרם,false,,9.80,0.0392,true,1,6387702
7290109923147,false,אסטוניש מהדורה פרימיום פלא של אקונומיקה,יעקבי- אסטוניש Astonish,GB,אסטוניש מרסס פלא ואק,מטרים,750.00,100 מ'ל,false,,14.90,0.0199,true,1,6387330
7290110058869,false,שלישית ביצי שוקולד (חלב ישראל) סמי הכבאי (3X24),שמחה זה אנחנו,IT,שלישית ביצי שוקולד (,גרמים,20.00,100 גרם,false,,12.90,0.6450,true,1,3511022
7290110110277,false,"סומרסבי סיידר תפוחים אלכוהולי 4*300 מ""ל","קרלסברג קרואטיה , יב",HR,סומרסבי סיידר 4 בק 3,מיליליטרים,330.00,"100 מ""ל",false,,30.90,0.0936,true,1,4562360
7290110110369,false,"שישייה בירה קרלסברג LUMA בקבוק 330 מ""ל",מבשלות בירה בינלאומיות ב,IL,קרלסברג לומה שישייה,יח',1.00,יח',false,,39.90,39.9000,true,1,6231410
7290110110703,false,מארז ספרייט שישייה פחיות FRIDGE PACK,החברה המרכזית לייצור משק,IL,מארז ספרייט 6 פחיות,ליטרים,1.98,ליטר,false,,21.90,11.0606,true,1,4249500
7290110111809,false,"מארז פחיות פאנטה אורנג' שישייה 330 מ""ל",החברה המרכזית לייצור משק,IL,פאנטה אורנג' מארז פח,יח',1.00,יח',false,,21.90,21.9000,true,1,5590681
7290110113476,false,בירה קרלסברג ללא אלכוהול - שישייה,קרלסברג רומניהn\יבואן:מב,RO,"קרלסברג 0.0 330 מ""ל",ליטרים,1.98,ליטר,false,,26.90,13.5859,true,1,6208056
7290110114787,false,נביעות+ מים מינרליים בטעם תפוח 1.5 ליטר,נביעות טבע הגליל בעמ,IL,נביעות+ מים מינרליים,ליטרים,1.50,ליטר,false,,8.00,5.3333,true,1,6329699
7290110114794,false,נביעות+ מים מינרליים בטעם אפרסק 1.5 ליטר,"נביעות טבע הגליל בע""\מ ,",IL,נביעות+ מים מינרליים,ליטרים,1.50,ליטר,false,,8.00,5.3333,true,1,6329700
7290110114800,false,נביעות+ מים מינרליים בטעם ענבים 1.5 ליטר,"נביעות טבע הגליל בע""\מ",IL,נביעות+ מים מינרליים,ליטרים,1.50,ליטר,false,,8.00,5.3333,true,1,6329701
7290110114824,false,נביעות+רכיבי פרי אבטיח 1.5 ליטר פיקדון,"נביעות טבע הגליל בע""\מ",IL,נביעות+ רכיבי פרי אב,ליטרים,1.50,ליטר,false,,8.60,5.7333,true,1,6329703
7290110114855,false,"נביעות מים מינרליים, שישיה 6 * 1.5 ליטר פקדון",נביעות טבע הגליל בעמ,IL,מים מינרליים נביעות,ליטרים,1.50,ליטר,false,,12.70,8.4667,true,1,6329757
7290110114886,false,פריגת סחוט טרי קלמנטינה 2 ליטר,פריגת מצוננים,IL,סחוט קלמנטינה 2לי,ליטרים,2.00,ליטר,false,,27.30,13.6500,true,1,6332114
7290110114893,false,פריגת סחוט טרי תפוז 2 ליטר,פריגת מצוננים,IL,סחוט תפוז 2לי,ליטרים,2.00,ליטר,false,,27.90,13.9500,true,1,6332115
7290110114954,false,מיץ תפוזים מתקתקים פריגת 2 ליטר,פריגת מצוננים,IL,תפוזים מתקתק 100% 2ל,ליטרים,2.00,ליטר,false,,21.90,10.9500,true,1,6332119
7290110114961,false,משקה קל תפוזים פריגת 1.5 ליטר,מבשלות בירה בינלאומיות ב,IL,משקה קל תפוזים פריגת,ליטרים,1.50,ליטר,false,,8.50,5.6667,true,1,6329759
7290110114985,false,משקה קל אשכוליות פריגת 1.5 ליטר,מבשלות בירה בינלאומיות ב,IL,משקה קל אשכולית פריג,ליטרים,1.50,ליטר,false,,8.80,5.8667,true,1,6329761
7290110114992,false,משקה קל לייט אשכוליות פריגת 1.5 ליטר,מבשלות בירה בינלאומיות ב,IL,משקה קל לייט אשכולית,ליטרים,1.50,ליטר,false,,8.30,5.5333,true,1,6329780
7290110115005,false,משקה קל ענבים פריגת 1.5 ליטר,מבשלות בירה בינלאומיות ב,IL,משקה קל ענבים פריגת,ליטרים,1.50,ליטר,false,,8.80,5.8667,true,1,6329781
7290110115036,false,משקה קל מנגו פריגת 1.5 ליטר,מבשלות בירה בינלאומיות ב,IL,משקה פריגת מנגו 1.5,ליטרים,1.50,ליטר,false,,8.80,5.8667,true,1,6329784
7290110115043,false,משקה קל לימונענע פריגת 1.5 ליטר,מבשלות בירה בינלאומיות ב,IL,משקה לימונענע פריגת,ליטרים,1.50,ליטר,false,,8.80,5.8667,true,1,6335644
7290110115050,false,פריגת מיקס תות בננה 1.5 ליטר פיקדון,מבשלות בירה בינלאומיות ב,IL,משקה פריגת מיקס תות,ליטרים,1.50,ליטר,false,,8.80,5.8667,true,1,6329785
7290110115067,false,פריגת אפרסק 1.5 ליטר פיקדון,מבשלות בירה בינלאומיות ב,IL,משקה פריגת אפרסק 1.5,ליטרים,1.50,ליטר,false,,8.80,5.8667,true,1,6329786
7290110115074,false,פריגת תפוח דובדבן 1.5 ליטר פיקדון,מבשלות בירה בינלאומיות ב,IL,משקה פריגת תפוח דובד,ליטרים,1.50,ליטר,false,,8.50,5.6667,true,1,6329787
7290110115081,false,פריגת צלול ענבים 1.5 ליטר פיקדון,"מבשלות בירה לישראל בע""\מ",IL,פריגת צלול ענבים 1.5,ליטרים,1.50,ליטר,false,,8.20,5.4667,true,1,6329788
7290110115104,false,פריגת צלול אפרסק 1.5 ליטר פיקדון,מבשלות בירה בינלאומיות ב,IL,פריגת צלול אפרסק 1.5,ליטרים,1.50,ליטר,false,,8.20,5.4667,true,1,6329790
7290110115111,false,פריגת צלול אננס 1.5 ליטר פיקדון,"מבשלות בירה לישראל בע""\מ",IL,פריגת צלול אננס 1.5,ליטרים,1.50,ליטר,false,,8.20,5.4667,true,1,6329791
7290110115128,false,פריגת צלול בטעם לימונענע 1.5 ליטר פיקדון,"מבשלות בירה לישראל בע""\מ",IL,פריגת צלול לימונענע,ליטרים,1.50,ליטר,false,,8.50,5.6667,true,1,6329792
7290110115180,false,מים מינרלים נביעות 1.5 ליטר,"נביעות טבע הגליל בע""",IL,מים מינרליים נביעות,ליטרים,1.50,ליטר,false,,3.10,2.0667,true,1,6328441
7290110115203,false,קוקה קולה 1.5 ליטר פיקדון,החברה המרכזית לייצור משק,IL,קוקה-קולה בקבוק 1.5,ליטרים,1.50,ליטר,false,,8.60,5.7333,true,1,6329818
7290110115210,false,דיאט קוקה קולה 1.5 ליטר פיקדון,החברה המרכזית לייצור משק,IL,קוקה-קולה דיאט בקבוק,ליטרים,1.50,ליטר,false,,8.20,5.4667,true,1,6329819
7290110115227,false,קוקה-קולה זירו בקבוק 1.5 ליטר,החברה המרכזית לייצור משק,IL,קוקה-קולה זירו בקבוק,ליטרים,1.50,ליטר,false,,8.20,5.4667,true,1,6329820
7290110115234,false,קוקה-קולה זירו נטול בקבוק 1.5 ליטר,החברה המרכזית לייצור משק,IL,קוקה-קולה זירו נטול,ליטרים,1.50,ליטר,false,,8.30,5.5333,true,1,6329821
7290110115241,false,קוקה-קולה זירו לימון בקבוק 1.5 ליטר,החברה המרכזית לייצור משק,IL,קוקה-קולה זירו לימון,ליטרים,1.50,ליטר,false,,8.30,5.5333,true,1,6329822
7290110115265,false,ספרייט לימון ליים 1.5 ליטר-,החברה המרכזית לייצור משק,IL,ספרייט ליים 1.5 ליטר,ליטרים,1.50,ליטר,false,,8.90,5.9333,true,1,6329845
7290110115272,false,ZERO ספרייט 1.5 ליטר פיקדון,החברה המרכזית לייצור משק,IL,ספרייט זירו 1.5ליטר,ליטרים,1.50,ליטר,false,,8.30,5.5333,true,1,6329846
7290110115289,false,ספרייט 19 קל' לימון-נענע 1.5 ליטר פיקדון,החברה המרכזית לייצור משק,IL,ספרייט לימון נענע 1.,ליטרים,1.50,ליטר,false,,8.30,5.5333,true,1,6329866
7290110115296,false,משקה מוגז אורנג' פאנטה 1.5 ליטר,החברה המרכזית לייצור משק,IL,משקה מוגז אורנג' פאנ,ליטרים,1.50,ליטר,false,,8.20,5.4667,true,1,6329867
7290110115302,false,משקה מוגז אורנג' זירו פאנטה 1.5 ליטר,החברה המרכזית לייצור משק,IL,משקה מוגז אורנג' זיר,ליטרים,1.50,ליטר,false,,8.20,5.4667,true,1,6329868
7290110115319,false,פאנטה אקזוטיק 1.5 ליטר פיקדון,החברה המרכזית לייצור משק,IL,פאנטה אקזוטיק 1.5 לי,ליטרים,1.50,ליטר,false,,8.20,5.4667,true,1,6329869
7290110115333,false,פאנטה תות 1.5 ליטר פיקדון,החברה המרכזית לייצור משק,IL,פאנטה תות 1.5 ליטר,ליטרים,1.50,ליטר,false,,8.20,5.4667,true,1,6329871
7290110115340,false,פאנטה ענבים 1.5 ליטר פיקדון,החברה המרכזית לייצור משק,IL,פאנטה ענבים 1.5 ליטר,ליטרים,1.50,ליטר,false,,8.20,5.4667,true,1,6329872
7290110115357,false,קינלי סודה 1.5 ליטר פיקדון,החברה המרכזית לייצור משק,IL,סודה קינלי 1.5 ליטר,ליטרים,1.50,ליטר,false,,3.30,2.2000,true,1,6329873
7290110115364,false,שישייה קוקה קולה 1.5 ליטר פיקדון,החברה המרכזית לייצור משק,IL,קוקה קולה 6*1.5 ליטר,ליטרים,9.00,ליטר,false,,49.30,5.4778,true,1,6329824
7290110115371,false,דיאט קוקה קולה שישיות 1.5 ליטר פיקדון,החברה המרכזית לייצור משק,IL,קוקה קולה דייט 6*1.5,ליטרים,9.00,ליטר,false,,46.10,5.1222,true,1,6332516
7290110115388,false,ספרייט ליים שישיות 1.5 ליטר פיקדון,החברה המרכזית לייצור משק,IL,ספרייט ליים שישייה 1,ליטרים,9.00,ליטר,false,,44.90,4.9889,true,1,6329847
7290110115395,false,ZERO ספרייט שישיות 1.5 ליטר פיקדון,החברה המרכזית לייצור משק,IL,ספרייט זירו שישייה 1,ליטרים,9.00,ליטר,false,,42.90,4.7667,true,1,6329848
7290110115401,false,קינלי סודה שישיה 1.5 ליטר פיקדון,החברה המרכזית לייצור משק,IL,קינלי סודה שישייה 1.,ליטרים,9.00,ליטר,false,,14.70,1.6333,true,1,6329874
7290110115418,false,מארז שישייה קוקה קולה זירו 1.5 ל',החברה המרכזית לייצור משק,IL,קוקה קולה זירו 6*1.5,ליטרים,9.00,ליטר,false,,46.10,5.1222,true,1,6329825
7290110115425,false,FUZE TEA גרין לימונענע -נענע 1.5 ליטר פיקדון,מבשלות בירה בינלאומיות ב,IL,פיוז-טי בטעם לימון נ,ליטרים,1.50,ליטר,false,,8.90,5.9333,true,1,6329875
7290110115449,false,אייס תה בטעם מנגו אננס 1.5ל' FUZE TEA,מבשלות בירה בינלאומיות ב,IL,פיוז-טי בטעם מנגו אנ,ליטרים,1.50,ליטר,false,,8.90,5.9333,true,1,6329877
7290110115456,false,"תה קר בטעם אפרסק 19 קלוריות ב- 100 מ""ל",מבשלות בירה בינלאומיות ב,IL,פיוז-טי בטעם אפרסק 1,ליטרים,1.50,ליטר,false,,8.90,5.9333,true,1,6329878
7290110115463,false,פיוז טי אפרסק 1.5 ליטר פיקדון,מבשלות בירה בינלאומיות ב,IL,פיוז-טי בטעם אפרסק 1,ליטרים,1.50,ליטר,false,,8.60,5.7333,true,1,6329879
7290110115494,false,תה קר בטעם ענבים פיוז טי 1.5 ליטר,מבשלות בירה בינלאומית בע,IL,תה קר בטעם ענבים פיו,ליטרים,1.50,ליטר,false,,8.90,5.9333,true,1,6329900
7290110115586,false,פריגת תפוזים 40% פחות סוכר 1.5 ליטר פיקדון,מבשלות בירה בינלאומיות ב,IL,פריגת תפוזים 40% פחו,ליטרים,1.50,ליטר,false,,8.30,5.5333,true,1,6329797
7290110115593,false,פריגת אשכוליות 40% פחות סוכר 1.5 ליטר פיקדון,מבשלות בירה בינלאומיות ב,IL,פריגת אשכוליות 40% פ,ליטרים,1.50,ליטר,false,,8.30,5.5333,true,1,6329798
7290110115623,false,משקה פיוז טי זירו ZERO בטעם אפרסק,מבשלות בירה בינלאומיות ב,IL,פיוז-טי זירו אפרסק 1,ליטרים,1.50,ליטר,false,,8.90,5.9333,true,1,6337230
7290110115838,false,ספרייט לימון- ליים 1.5 ליטר,"אינסטנטה בע""מ",IL,ספרייט זירו 1.5ליטר,ליטרים,1.50,ליטר,false,,8.30,5.5333,true,1,6408115
7290110115845,false,קוקה קולה 1.5 ליטר פיקדון,"אינסטנטה בע""מ",IL,קוקה-קולה בקבוק 1.5,ליטרים,1.50,ליטר,false,,8.60,5.7333,true,1,6374412
7290110115869,false,קוקה קולה זירו 1.5 ליטר פיקדון,תות תעשיות מזון (201,IL,קוקה קולה זירו 1.5 ל,מטרים,1500.00,100 מ'ל,false,,8.20,0.0055,true,1,6340259
7290110116064,false,פאנטה ZERO פירות ירוק 1.5 ליטר פיקדון,החברה המרכזית לייצור משק,IL,זירו פאנטה 1.5 ליטר,ליטרים,1.50,ליטר,false,,8.20,5.4667,true,1,6389310
7290110116132,false,"סירופ בטעם לימון פריגת 750 מ""ל",סירופ - גבעת חיים,IL,סירופ לימון 750 מל,מטרים,750.00,100 מ'ל,false,,22.90,0.0305,true,1,6408566
7290110116149,false,"סירופ בטעם ענבים פריגת 750 מ""ל",סירופ - גבעת חיים,IL,סירופ ענבים 750 מל,מטרים,750.00,100 מ'ל,false,,22.90,0.0305,true,1,6408567
7290110116156,false,נביעות+רכיבי פרי מנגו-פסיפלורה 1.5 ליטר-,"נביעות טבע הגליל בע""\מ",IL,נביעות+ רכיבי פרי מנ,ליטרים,1.50,ליטר,false,,8.60,5.7333,true,1,6409245
7290110116170,false,נביעות+רכיבי פרי אננס-קוקוס 1.5 ליטר-,"נביעות טבע הגליל בע""\מ",IL,נביעות+ רכיבי פרי אנ,ליטרים,1.50,ליטר,false,,8.60,5.7333,true,1,6409246
7290110116392,false,"סירופ בטעם תפוזים פריגת 750 מ""ל",סירופ - גבעת חיים,IL,סירופ תפוזים 750 מל,מטרים,750.00,100 מ'ל,false,,22.90,0.0305,true,1,6408568
7290110116484,false,פריגת סחוט מיקס תות בננה 1ליטר,פריגת מצוננים,IL,פריגת מיקס תות בננה,ליטרים,1.00,ליטר,false,,13.90,13.9000,true,1,6401195
7290110116491,false,פריגת סחוט מיקס אפרסק משמש 1ליטר,פריגת מצוננים,IL,פריגת מיקס אפרסק משמ,ליטרים,1.00,ליטר,false,,13.90,13.9000,true,1,6401196
7290110116507,false,פריגת סחוט מיקס אננס בננה אגס 1ליטר,פריגת מצוננים,IL,פריגת מיקס אננס בננה,ליטרים,1.00,ליטר,false,,15.40,15.4000,true,1,6401197
7290110116552,false,ספרייט לימון היט 1.5 ליטר-,החברה המרכזית לייצור משק,IL,ספרייט למון היט 1.5,ליטרים,1.50,ליטר,false,,8.90,5.9333,true,1,6431721
7290110116569,false,"ספרייט זירו ZERO בק LEMON HIT, 1.5 ליטר",החברה המרכזית לייצור משק,IL,זירו ספרייט למון היט,ליטרים,1.50,ליטר,false,,8.30,5.5333,true,1,6431722
7290110320683,false,שמיניית משקה יוגורט 1.5% טעם תות יופלה 107 גרם,מיוצר עי קונדיטוריית,IL,משקה יופלה שמינייה,מיליליטרים,856.00,"100 מ""ל",false,,15.90,0.0186,true,1,3593781
7290110320867,false,פתיתים גבינה חצי קשה מגורדת 28% שומן,תנובה מרכז שיתופי לש,IL,פתיתי עמק 28% שומן,גרמים,500.00,100 גרם,false,,28.90,0.0578,true,1,3111396
7290110320935,false,גבינת מוצרלה תנובה 150ג' פרוסות,תנובה מרכז שיתופי לש,IL,פרוסות מוצרלה 150 גר,גרמים,150.00,100 גרם,false,,15.90,0.1060,true,1,3454628
7290110321031,false,מעדן חלב GO יוגורט מועשר בחלבון טבעי 200 ג' יופלה,"תנובה, מחלבת אלון תב",IL,יופלה GO יוגורט מועש,גרמים,200.00,100 גרם,false,,4.90,0.0245,true,1,3454607
7290110321277,false,קוטג' בקטנה 5% תנובה 100 גרם מהדרין,פארייפאבה אגרואינדוס,IL,קוטג' בקטנה 100 גרם,גרמים,100.00,100 גרם,false,,2.30,0.0230,true,1,3794446
7290110321284,false,קוטג' בקטנה 9% תנובה 100 גרם מהדרין,פארייפאבה אגרואינדוס,IL,קוטג' בקטנה 100 גרם,גרמים,100.00,100 גרם,false,,2.30,0.0230,true,1,3794447
7290110321680,false,יוגורט GO בטעם תות 20 גרם חלבון בגביע,מיוצר עי קונדיטוריית,IL,יופלה GO יוגורט מועש,מיליליטרים,200.00,"100 מ""ל",false,,5.50,0.0275,true,1,3937895
7290110321697,false,יוגורט GO בטעם אפרסק 20 גרם חלבון בגביע,מיוצר עי קונדיטוריית,IL,יופלה GO יוגורט מועש,מיליליטרים,200.00,"100 מ""ל",false,,5.50,0.0275,true,1,3937896
7290110321703,false,יוגורט עם פירות יער בתוספת חלבוני חלב 2% שומן,מיוצר עי קונדיטוריית,IL,יופלה גו פירות יער,מיליליטרים,200.00,"100 מ""ל",false,,5.50,0.0275,true,1,4574782
7290110321789,false,גבינת מסקרפונה 38% השף הלבן 250 גרם,תנובה חלב,IL,גבינת מסקרפונה 38% 2,גרמים,250.00,100 גרם,false,,19.90,0.0796,true,1,4354207
7290110322014,false,טופו טבעי ALTERNATIVE 300 גרם,שוורצקוף& הנקל דיסלד,IL,טופו טבעי,גרמים,300.00,100 גרם,false,,11.80,0.0393,true,1,4574783
7290110322946,false,יופלה טיוב יוגורט במרקם חלק בטעם תות בננה כשרות רבנות 348 ג',תנובה חלב,IL,יופלה טיוב יוגורט במ,גרמים,348.00,100 גרם,false,,9.90,0.0284,true,1,5065963
7290110323097,false,מעדן גבינה עם תות 5% שומן 80 ג' תנובה,תנובה בעמ,IL,תאומים גביע - 80 גר',יח',1.00,יח',false,,1.70,1.7000,true,1,5207237
7290110323301,false,טל העמק בסגנון אמנטל 32% שומן 200 גרם,עמק - תנובה,IL,גבינת טל העמק 32% 20,גרמים,200.00,100 גרם,false,,17.90,0.0895,true,1,5274602
7290110323585,false,יופלה יוגורט עם דובדבן מופחת קלוריות 200 ג' GO,יופלה Yoplait,IL,יוגורט גו דובדבן 200,מיליליטרים,200.00,"100 מ""ל",false,,5.50,0.0275,true,1,5198656
7290110323592,false,יופלה יוגורט עם אפרסק מופחת קלוריות 200 ג' GO,יופלה Yoplait,IL,יוגורט גו 200 מל,מיליליטרים,200.00,"100 מ""ל",false,,5.50,0.0275,true,1,5198657
7290110323714,false,משקה קוקוס שקדים תנובה 1 ליטר,מיוצר עי קונדיטוריית,IL,משקה קוקוס שקדים,יח',1.00,יח',false,,11.60,11.6000,true,1,5274605
7290110323998,false,מאגדת שמינייה מיני קרלו קצפת 8*77 ג',תנובה מרכז שיתופי לש,IL,מאגדת שמינייה מיני ק,מיליליטרים,800.00,"100 מ""ל",false,,13.90,0.0174,true,1,6304747
7290110324070,false,גבינת חלומי מחלב בקר תנובה 200 גרם,"תנובה בע""\מ",IL,גבינת חלומי מחלב בקר,גרמים,200.00,100 גרם,false,,16.90,0.0845,true,1,5397896
7290110324551,false,יופלה טיוב יוגורט במרקם חלק תות כשרות מהדרין,"תנובה בע""\מ",IL,יופלה טיוב יוגורט תו,גרמים,348.00,100 גרם,false,,9.90,0.0284,true,1,5501420
7290110324711,false,ממרח סויה 9% שומן בטעם טבעי תנובה 250 גרם,מיוצר עי קונדיטוריית,IL,ממרח סויה 9% טבעי,גרמים,250.00,100 גרם,false,,7.90,0.0316,true,1,5676901
7290110324728,false,ממרח סויה 9% שומן עם שום שמיר תנובה 250 גרם,מיוצר עי קונדיטוריית,IL,ממרח סויה 9% שום שמי,גרמים,250.00,100 גרם,false,,7.90,0.0316,true,1,5676902
7290110324841,false,מעדן שקדים עם שוקולד מריר תנובה 125 גרם,מיוצר עי קונדיטוריית,IL,מעדן שקדים ושוקולדמר,גרמים,125.00,100 גרם,false,,3.90,0.0312,true,1,6136260
7290110324858,false,מעדן שקדים בטעם אגוזי לוז תנובה 125 גרם,מיוצר עי קונדיטוריית,IL,מעדן שקדים ואגוזי לו,גרמים,125.00,100 גרם,false,,3.90,0.0312,true,1,6136261
7290110324872,false,פרוסות גבינה צהובה גלבוע 5%,גלבוע - תנובה,IL,גלבוע 5% 200 גרם.,גרמים,200.00,100 גרם,false,,17.90,0.0895,true,1,6160412
7290110324926,false,משקה סויה ללא תוספת סוכר 1 ליטר,תנובה מרכז שיתופי לש,IL,"משקה סויה לל""ס",ליטרים,1.00,ליטר,false,,9.90,9.9000,true,1,6016436
7290110325084,false,מאגדת שמינייה מיני קרלו שוניל 8*100גרם,"תנובה בע""\מ",IL,מאגדת שמינייה מיני ק,מיליליטרים,800.00,"100 מ""ל",false,,13.90,0.0174,true,1,5878084
7290110325169,false,פרוסות גאודה תנובה 170 גרם,תנובה חלב,IL,פרוסות גאודה 170 גר,גרמים,170.00,100 גרם,false,,16.90,0.0994,true,1,6217123
7290110325305,false,יופלה GO סויה 20 גרם חלבון במתיקות מעודנת תנובה 200 גרם,מיוצר עי קונדיטוריית,IL,מעדן סויה גו 20% חלב,מיליליטרים,200.00,"100 מ""ל",false,,5.50,0.0275,true,1,6085394
7290110325312,false,יופלה GO סויה 20 גרם חלבון בטעם תות תנובה 200 גרם,"תנובה בע""\מ",IL,מעדן סויה גו 20% חלב,מיליליטרים,200.00,"100 מ""ל",false,,5.50,0.0275,true,1,6085395
7290110325510,false,יופלה טיוב יוגורט במרקם חלק בטעם וניל-יוניקור,"תנובה בע""\מ",IL,יופלה יוגורט טעם וני,גרמים,348.00,100 גרם,false,,9.90,0.0284,true,1,6136263
7290110325619,false,אלטרנטיב משקה שיבולת שועל 1 ליטר,מיוצר עי קונדיטוריית,IL,משקה שיבולת שועל 1 ל,מטרים,1000.00,100 מ'ל,false,,11.60,0.0116,true,1,6201888
7290110325701,false,פיראוס צזיקי יווני 9% שומן בשיטת יצור מסורתית על בסיס יוגורט,גוד פוד פרודקטס S.p,IL,פיראוס צזיקי יווני 9,גרמים,250.00,100 גרם,false,,11.90,0.0476,true,1,6207408
7290110325879,false,פתיתי גאודה תנובה 200 גרם,תנובה- השף הלבן,IL,פתיתי גאודה 200 גר,גרמים,200.00,100 גרם,false,,15.90,0.0795,true,1,6217124
7290110325893,false,משקה חלב GO מועשר בחלבון בטעם אייס קפה,מיוצר עי קונדיטוריית,IL,תנובה GO אייס קפה 34,מיליליטרים,340.00,"100 מ""ל",false,,6.90,0.0203,true,1,6207410
7290110326180,false,יולו בטעם נוגט בתוס' עוגיות ונטיפים בטעם שוקולד 120גר',תנובה חלב,IL,יולו שוקולד עוגיות ו,גרמים,150.00,100 גרם,false,,4.60,0.0307,true,1,6213408
7290110326227,false,יופלה און טופ קורנפלקס תנובה 157 גרם,מיוצר עי קונדיטוריית,IL,יופלה און טופ קורנפל,גרמים,157.00,100 גרם,false,,4.70,0.0299,true,1,6217126
7290110326234,false,יופלה און טופ כוכבים תנובה 157 גרם,מיוצר עי קונדיטוריית,IL,יופלה און טופ כוכבים,גרמים,157.00,100 גרם,false,,4.70,0.0299,true,1,6217127
7290110326333,false,פרוסות גבינה סקנדינבית תנובה 170 גרם,פ.פ.ח. שאביט,IL,פרוסות גבינה סקנדינב,גרמים,200.00,100 גרם,false,,17.50,0.0875,true,1,6254008
7290110326906,false,חלב נטול לקטוז 3% שומן תנובה 1 ליטר,מיוצר עי קונדיטוריית,IL,חלב נטול לקטוז 3% 1,יח',1.00,יח',false,,7.20,7.2000,true,1,6254009
7290110327033,false,משקה סויה תנובה גו מועשר בחלבון במתיקות מופחתת,מיוצר עי קונדיטוריית,IL,משקה סויה גו מועשר ח,יח',1.00,יח',false,,11.60,11.6000,true,1,6248830
7290110327514,false,alternative משקה שיבולת שועל בטעם אגוזי לוז תנובה 1 ליטר,תנובה מרכז שיתופי לש,IL,משקה שיבולת שועל טעם,מטרים,1000.00,100 מ'ל,false,,11.60,0.0116,true,1,6312840
7290110327804,false,חטיף חלבון GO בטעם בצק עוגיות 20 גרם חלבון,"בלמונט קונפקציות בע""\מ.",US,חטיף חלבון גו עוגיות,יח',1.00,יח',false,,11.90,11.9000,true,1,6303773
7290110327811,false,חטיף חלבון GO בטעם קוקוס 20 גרם חלבון,"בלמונט קונפקציות בע""\מ.",US,חטיף חלבון גו קוקוס,יח',1.00,יח',false,,11.90,11.9000,true,1,6303774
7290110327828,false,חטיף חלבון GO בטעם חמאת בוטנים 20 גרם חלבון,"בלמונט קונפקציות בע""\מ.",US,חטיף חלבון גו חמאת ב,יח',1.00,יח',false,,11.90,11.9000,true,1,6303775
7290110328481,false,פתיתי פרמג'יאנו רג'יאנו מחלב בקר 30%,ברטינלי גיאני א.,IT,פתיתי פרמג'נו רג'יאנ,גרמים,100.00,100 גרם,false,,13.80,0.1380,true,1,6291795
7290110328627,false,יוגורט יופלה GO במרקם סמיך בטעם בננה קרמל 0%,מיוצר עי קונדיטוריית,IL,יופלה GO יוגורט סמיך,מיליליטרים,200.00,"100 מ""ל",false,,5.50,0.0275,true,1,6304749
7290110328764,false,יוגורט יופלה GO במרקם סמיך עם תות 0%,מיוצר עי קונדיטוריית,IL,יופלה יוגורט גו קרמי,מיליליטרים,200.00,"100 מ""ל",false,,5.50,0.0275,true,1,6304750
7290110328771,false,יוגורט יופלה GO במרקם סמיך עם פירות יער 0%,מיוצר עי קונדיטוריית,IL,יופלה יוגורט גו קרמי,מיליליטרים,200.00,"100 מ""ל",false,,5.50,0.0275,true,1,6304751
7290110328788,false,יוגורט יופלה GO במרקם סמיך בטעם אפרסק 0%,תנובה מרכז שיתופי לש,IL,יופלה יוגורט גו קרמי,מיליליטרים,200.00,"100 מ""ל",false,,5.50,0.0275,true,1,6304752
7290110329136,false,מעדן חלב מעושר בחלבון בטעם שוקולד 120 ג' GO,תנובה מרכז שיתופי לש,IL,מעדן גו טעם שוקולד 1,גרמים,120.00,100 גרם,false,,4.50,0.0375,true,1,6329297
7290110329143,false,מעדן חלב מעושר בחלבון בטעם וניל גביע 120 ג' GO,תנובה מרכז שיתופי לש,IL,מעדן גו טעם וניל 12ג,גרמים,120.00,100 גרם,false,,4.50,0.0375,true,1,6329298
7290110329266,false,יוגורט תנובה מחלב עיזים מלא תנובה 140 ג',קריות זול,IL,יוגורט מחלב עיזים מל,גרמים,140.00,100 גרם,false,,4.90,0.0350,true,1,6312842
7290110329273,false,יוגורט תנובה מחלב עיזים מלא 750 גרם,תנובה,IL,יוגורט מחלב עיזים מל,גרמים,750.00,100 גרם,false,,18.90,0.0252,true,1,6312843
7290110329303,false,פרוסות בטעם צהובה קלאסית אלטרנטיב 200 גר,תנובה Alternative,IL,פרוסות טעם צהובה 200,גרמים,200.00,100 גרם,false,,22.90,0.1145,true,1,6312844
7290110329686,false,"משקה חלב גו בטעם עוגיות 340 מ""ל",מיוצר עי קונדיטוריית,IL,תנובה GO טעם עוגיות,מיליליטרים,340.00,"100 מ""ל",false,,6.90,0.0203,true,1,6329266
7290110329716,false,משקה חלב קר בטעם קפוצ'ינו 230 גרם תנובה,תנובה מרכז שיתופי לש,IL,משקה קפה קר בטעם קפו,מטרים,230.00,100 מ'ל,false,,6.90,0.0300,true,1,6381819
7290110329730,false,"משקה חלב עם שוקולד וקפה בסגנון לאטה 2.7%  230 מ""ל תנובה",תנובה מרכז שיתופי לש,IL,משקה קפה קר שוקולד ו,מטרים,230.00,100 מ'ל,false,,6.90,0.0300,true,1,6381821
7290110329792,false,יוגורט סויה BIO Alternative אפרסק 150 ג' תנובה,מיוצר עי קונדיטוריית,IL,סויה ביו אפרסק גביע,גרמים,150.00,100 גרם,false,,4.20,0.0280,true,1,6341786
7290110329808,false,יוגורט סויה BIO Alternative תות 150 ג' תנובה,מיוצר עי קונדיטוריית,IL,סויה ביו תות גביע 15,גרמים,150.00,100 גרם,false,,4.20,0.0280,true,1,6341787
7290110329815,false,סויה BIO מתיקות מעודנת גביע 150 גרם Alternative,מיוצר עי קונדיטוריית,IL,סויה ביו מתיקות מעוד,גרמים,150.00,100 גרם,false,,4.20,0.0280,true,1,6341788
7290110329822,false,יוגורט סויה BIO Alternative פירות יער 150 ג' תנובה,מיוצר עי קונדיטוריית,IL,סויה ביו פירות יער ג,גרמים,150.00,100 גרם,false,,4.20,0.0280,true,1,6341766
7290110329846,false,יוגורט סויה BIO Alternative בטעם טבעי 150 ג' תנובה,מיוצר עי קונדיטוריית,IL,סויה ביו טבעי גביע 1,גרמים,150.00,100 גרם,false,,4.20,0.0280,true,1,6341789
7290110468927,false,מלחיות ירוק/אדום/שחו,,,מלחיה סיליקון פטנט,יח',1.00,יח',false,,9.90,9.9000,true,1,6302872
7290110476632,false,כבל IN CHARGE מיקרו USB,Unknown,,כבל IN CHARGE מיקרו,יח',1.00,יח',false,,29.90,29.9000,true,1,6288423
7290110476656,false,כבל טעינה טייפ סי לטייפ סי,Unknown,,כבל טעינה טייפ סי לט,יח',1.00,יח',false,,29.90,29.9000,true,1,6322241
7290110550370,false,משולשות קינואה ופלפל שחור אנרג'י 65 גרם,שטראוס גרופ,IL,משולשות קינואה ופלפל,גרמים,65.00,100 גרם,false,,8.90,0.1369,true,1,6421702
7290110550394,false,PERFECT BITE שוקולד חלב במילוי קרם ושברי אגוזי לוז 234 גרם,"שטראוס גרופ בע""\מ",IL,שקית מיני נשיקולדה ש,גרמים,234.00,100 גרם,false,,17.90,0.0765,true,1,6330723
7290110551254,false,נשנושי תירס 600 גרם טעם הטבע שטראוס,"מיוצר ע""\י או.וי אינטרנש",TH,טעם הטבע נשנושי תיר,גרמים,600.00,100 גרם,false,,16.90,0.0282,true,1,6418479
7290110552121,false,יוגורט 5% בתוספת סידן וויטמין D היוגורט הראשון שלי,תנובה מרכז שיתופי לש,IL,דנונה היוגורט הראשון,מיליליטרים,100.00,"100 מ""ל",false,,2.20,0.0220,true,1,6367518
7290110552220,false,יוגורט PRO בטעם תות 0% סוכר לבן 20 גרם חלבון בגביע,"שטראוס בריאות בע""\מ",IL,דנונה פרו 20 גרם ללא,מטרים,200.00,100 מ'ל,false,,5.90,0.0295,true,1,6341446
7290110552237,false,יוגורט פרו בטעם אפרסק מנגו ללא סוכר 200 ג' דנונה,"שטראוס בריאות בע""\מ",IL,"דנונה פרו 20 גרם לל""",מטרים,200.00,100 מ'ל,false,,5.90,0.0295,true,1,6341419
7290110553098,false,מאגדת חטיפים אנרג'י מיקס צימוקים אגוזים 100X4 גרם,אנרג'י Energy - שטראוס,GB,אנרג'י מאגדת צימוקים,גרמים,100.00,100 גרם,false,,12.90,0.1290,true,1,6408664
7290110553104,false,נסקפה קפוצ'ינו סטיק קלאסי 130 ג' עלית,מוקטה אס.פי.,PL,קפוצ'ינו סטיק קלאסי,גרמים,130.00,100 גרם,false,,15.90,0.1223,true,1,6434401
7290110553135,false,נסקפה קפוצ'ינו סטיק וניל 130 ג' עלית,מוקטה אס.פי.,PL,קפוצ'ינו סטיק וניל 1,גרמים,130.00,100 גרם,false,,15.90,0.1223,true,1,6434402
7290110553173,false,אנרגי פריכיות אורז בטעם קרמל 50 גרם,סאנורייס בלגיום,IL,אנרגי פריכיות בטעם ק,גרמים,40.00,100 גרם,false,,5.90,0.1475,true,1,6421703
7290110553180,false,אנרגי פריכיות אורז בטעם תפוח קינמון 50 ג,סאנורייס בלגיום,IL,אנרגי פריכיות בטעם ת,גרמים,40.00,100 גרם,false,,5.90,0.1475,true,1,6421704
7290110554118,false,נודלס מלזי חריף עם טופו וירקות ברוטב קארי ירוק,"טרופיקל דגיל בע""מ אז",IL,נודלס מלוי חריף 350ג,גרמים,350.00,100 גרם,false,,22.90,0.0654,true,1,6325799
7290110554125,false,"נודלס סצ'ואן חריף""דלישס"" שטראוס",אוכל ביתי ניר עציון,IL,נודלס סצ'ואן חריף 35,גרמים,350.00,100 גרם,false,,22.90,0.0654,true,1,6325800
7290110554262,false,חלבית מלבין קפה חלבי 350 ג' עלית,מוקטה אס.פי.,PL,חלבית חדש 350 גר,גרמים,350.00,100 גרם,false,,19.90,0.0569,true,1,6359372
7290110554583,false,מארז חטיפי צ'יטוס פאפס בטעם גבינה - 10 יחידות,"שטראוס פריטו ליי בע""\מ )",IL,מארז ציטוס טעם גבינה,גרמים,236.00,100 גרם,false,,12.90,0.0547,true,1,6343126
7290110554729,false,קפסולות עלית אספרסו 04 תואמות למכונות NESPRESSO,שטראוס קפה בי.וי.,IL,עלית קפסולות אספרסו,גרמים,50.00,100 גרם,false,,15.90,0.3180,true,1,6364454
7290110555078,false,לאבנה עם שמן זית ועשבי תיבול שטראוס 250 גרם,"מחלבות בר בכפר בע""\מ",IL,לאבנה שמן זית ועשבי,גרמים,250.00,100 גרם,false,,9.90,0.0396,true,1,6367520
7290110555603,false,ספלנדיד אבקה להכנת משקה בטעם שוקולטה,"ג'אלוסיס י. בע""\מ",GR,שוקולטה ספנדיד 360 ג,גרמים,360.00,100 גרם,false,,19.90,0.0553,true,1,6434403
7290110555665,false,קקאו דל שומן עלית בקופסא 220 גרם,"ג'אלוסיס י. בע""\מ",GR,קקאו דל שומן קופסא,גרמים,200.00,100 גרם,false,,17.90,0.0895,true,1,6434404
7290110556242,false,עלית - שוקולד מריר פרווה בדץ 100 גרם,"שטראוס גרופ בע""מ.",FR,שוקולד מריר פרווה בד,גרמים,100.00,100 גרם,false,,4.90,0.0490,true,1,6429233
7290110557027,false,חומוס עשיר 50% טחינה גולמית 400 ג' אחלה,מיוצר עי קונדיטוריית,IL,חומוס 50% טחינה 400,גרמים,400.00,100 גרם,false,,12.90,0.0323,true,1,6331979
7290110557102,false,מעדן חלב עם שוקולד מועשר בחלבון 150 ג' שטראוס,מיוצר עי קונדיטוריית,IL,מעדן חלב עם שוקולד מ,גרמים,150.00,100 גרם,false,,4.70,0.0313,true,1,6317106
7290110557133,false,מעדן הגולן וניל 125 ג' שטראוס,מיוצר עי קונדיטוריית,IL,מעדן הגולן וניל 125,גרמים,125.00,100 גרם,false,,2.80,0.0224,true,1,6331393
7290110557645,false,מאגדת חטיפים אנרג'י מיקס צימוקים חמוציות 100X4 גרם,קונסרב איטליה,GB,אנרג'י צימוקים חמוצי,גרמים,100.00,100 גרם,false,,12.90,0.1290,true,1,6408665
7290110558130,false,יוגורט אקטיביה עם שיבולת שועל ודבש 150 גרם,"שטראוס בריאות בע""\מ",IL,אקטיביה עם שיבולת שו,גרמים,150.00,100 גרם,false,,4.30,0.0287,true,1,6381876
7290110558215,false,"דנונה קראנצ`פיסטוק עם פיצפוץ לבן קראנצי פיסטוק, 173 גרם","שטראוס בריאות בע""\מ",IL,דנונה קראנצ פיסטוק ע,מיליליטרים,173.00,"100 מ""ל",false,,4.30,0.0249,true,1,6427146
7290110558222,false,"וואו יוגורט עם שכבה בטעם בנופי פאי 5.4%, 150ג דנונה","שטראוס בריאות בע""\מ",IL,דנונה וואו בנופי 150,מטרים,150.00,100 מ'ל,false,,4.50,0.0300,true,1,6405252
7290110558253,false,דנונה שייק נונה ריפרש בננה אננס וצ'יה,"שטראוס בריאות בע""\מ",IL,דנונה ריפרש בננה אננ,גרמים,250.00,100 גרם,false,,4.90,0.0196,true,1,6381899
7290110558284,false,דנונה ביו מולטי שטראוס 200 גרם,"שטראוס בריאות בע""\מ",IL,דנונה ביו מולטי 200,גרמים,200.00,100 גרם,false,,3.90,0.0195,true,1,6394379
7290110558314,false,דנונה פרו 20 גרם חלבון ללא סוכר פיסטוק 200 גרם,"שטראוס בריאות בע""\מ",IL,דנונה פרו 20 גרם פי,מטרים,200.00,100 מ'ל,false,,5.90,0.0295,true,1,6407484
7290110558666,false,מעדן גבינה בטעם תפוח 88 ג' דניאלה,"שטראוס בריאות בע""\מ",IL,דניאלה בטעם תפוח 88,מיליליטרים,88.00,"100 מ""ל",false,,3.90,0.0443,true,1,6427111
7290110558918,false,עלי חסה קראנצ' שטופים,שטראוס בריאות ירקות טריי,IL,עלי חסה קראנץ 150,גרמים,220.00,100 גרם,false,,10.90,0.0495,true,1,6405094
7290110559007,false,"שועועית חומה טעם הטבע קופסה, 380 גרם",קונסרב איטליה,IT,שעועית חומה 380גר טע,גרמים,380.00,100 גרם,false,,6.90,0.0182,true,1,6408666
7290110559014,false,שעועית שחורה מבושלת טעם הטבע 380 גרם,קונסרב איטליה,IT,שעועית שחורה 380גר,גרמים,380.00,100 גרם,false,,6.90,0.0182,true,1,6408667
7290110559755,false,ריל מאגדת בוטנים פיסטוק וחמוציות שטראוס 105 גרם,"ואמואליס פודס אס.איי,",GR,ריל בוטנים פיסטוק וח,גרמים,105.00,100 גרם,false,,12.90,0.1229,true,1,6391245
7290110559762,false,ריל מאגדת אגוזים תמרים קוקוס שטראוס 105 גרם,"ואמואליס פודס אס.איי,",GR,ריל מאגדת תמרים וקוק,גרמים,105.00,100 גרם,false,,12.90,0.1229,true,1,6391246
7290110559939,false,נתחי סויה בסגנון שווארמה ומג'דרה 350 גרם,אוכל ביתי ניר עציון,IL,נתחי סויה סגנון שווא,גרמים,350.00,100 גרם,false,,22.90,0.0654,true,1,6370739
7290110560324,false,"הפריכיות הטעימות תפו""א, אורז, אפונה ומלח ים","פרח תעשיו מזון בע""מ",IL,פריכיות משולשות אפונ,גרמים,30.00,100 גרם,false,,4.90,0.1633,true,1,5207104
7290110561352,false,דנונה יוגורט ביו פרוביוטי 3% דל לקטוז 150ג',"שטראוס בריאות בע""\מ",IL,דנונה ביו דל לקטוז 2,מיליליטרים,200.00,"100 מ""ל",false,,3.40,0.0170,true,1,4474484
7290110561604,false,מארז 8 יחידות מעדן גמדים בטעם תות בננה,"שטראוס בריאות בע""\מ",IL,מעדן גמדים תות בננה,מיליליטרים,800.00,"100 מ""ל",false,,17.90,0.0224,true,1,4054917
7290110563431,false,"משקה קפה קר בסגנון קלאסי 230 מ""ל 1.6% יוטבתה",האי נאם סי או אל.טי.,AT,משקה קפה קר קלאסי 1.,גרמים,230.00,100 גרם,false,,7.50,0.0326,true,1,5369952
7290110563448,false,"משקה קפה קר בסגנון מעודן 230 מ""ל 1.6% יוטבתה",האי נאם סי או אל.טי.,AT,משקה קפה קר מעודן 1.,גרמים,230.00,100 גרם,false,,7.50,0.0326,true,1,5369953
7290110563462,false,חלב 2% דל לקטוז בבקבוק יטבתה 1 ליטר.,מחלבת יטבתה,IL,חלב בק' נטול לקטוז 2,ליטרים,1.00,ליטר,false,,7.80,7.8000,true,1,5455612
7290110564339,false,חומוס אחלה הסידרה המובחר 30% טחינה 400 גר',מיוצר עי קונדיטוריית,IL,החומוס של אבי עם תטב,גרמים,400.00,100 גרם,false,,12.90,0.0323,true,1,4054919
7290110564360,false,חומוס אחלה הסידרה המובחר 40% טחינה 400 גר',מיוצר עי קונדיטוריית,IL,החומוס סדרה מובחרת 4,גרמים,400.00,100 גרם,false,,12.90,0.0323,true,1,4054920
7290110564919,false,דנונה מעודן ללא סוכר החזרות 150 גר,מיוצר עי קונדיטוריית,IL,דנונה מעודנת ללא סוכ,גרמים,150.00,100 גרם,false,,3.50,0.0233,true,1,4354305
7290110565435,false,"לימבו ג'לי פטל 125 גרם חלבי ""שטראוס""","שטראוס גרופ בע""\מ",IL,"לימבו פטל 125 מ""ל",מיליליטרים,125.00,"100 מ""ל",false,,2.00,0.0160,true,1,3923148
7290110565527,false,יוגורט PRO פרו 1.5% 20 גרם חלבון בגביע,"שטראוס בריאות בע""מ",IL,דנונה פרו 20ג חלבון,גרמים,200.00,100 גרם,false,,5.90,0.0295,true,1,3738248
7290110565572,false,מארז קפה טורקי עלית לדרך עם הל 168 גרם,שטראוס קפה בי.וי.,IL,מארז טורקי לדרך עם ה,גרמים,168.00,100 גרם,false,,16.90,0.1006,true,1,5810055
7290110566623,false,קפסולות קולומביה עלית 08 למכונת נספרסו מארז 5X10ג',שטראוס קפה בי.וי.,IL,קפסולות למכונה עלית,יח',1.00,יח',false,,15.90,15.9000,true,1,4811848
7290110566975,false,דנונה פרו יוגורט 0% תות עשיר בחלבון 200ג',"שטראוס בריאות בע""\מ",IL,דנונה פרו 20ג תות,גרמים,200.00,100 גרם,false,,5.90,0.0295,true,1,4474511
7290110568559,false,דוריטוס עלית מארז חמוץ חריף 10 יח' *25 ג',"שטראוס פריטו ליי בע""מ )פ",IL,מארז דוריטוס חמוץ חר,גרמים,250.00,100 גרם,false,,10.90,0.0436,true,1,4746412
7290110568566,false,דוריטוס גריל עלית מארז 10 יח' *25 ג',"שטראוס פריטו ליי בע""מ )פ",IL,מארז דוריטוס גריל 25,גרמים,250.00,100 גרם,false,,10.90,0.0436,true,1,4746413
7290110570880,false,פולי אספרסו עשירים וארומטיים עוצמה 14 עלית 250 גרם,,IL,פולי אספרסו 250גר עו,גרמים,250.00,100 גרם,false,,19.90,0.0796,true,1,6375141
7290110571375,false,"אנרג'י מיקס תערובת צימוקים, תמרים, טופי ושברי פקאן",אנרג'י Energy - שטראוס,GB,אנרג'י צימוקים תמרים,גרמים,100.00,100 גרם,false,,12.90,0.1290,true,1,6408669
7290110571382,false,מעדן חלב בטעם וניל מעושר בחלבון 150 ג' שטראוס,"שטראוס בריאות בע""\מ",IL,מעדן חלב טעם וניל מו,גרמים,150.00,100 גרם,false,,4.70,0.0313,true,1,6357422
7290110571405,false,עלית - מיני פינוקיות בגביע פסק זמן 180 גרם,"הגביע מוצרי ופלים בע""\מ",IL,מיני פינוקיות בגביע,גרמים,400.00,100 גרם,false,,9.90,0.0248,true,1,6429288
7290110571412,false,עלית - מיני פינוקיות בגביע פאדג' 180 גרם,"הגביע מוצרי ופלים בע""\מ",IL,מיני פינוקיות בגביע,גרמים,400.00,100 גרם,false,,9.90,0.0248,true,1,6429289
7290110571474,false,רבע לשבע טבעוני פופקורן עלית 125 גרם,"הגביע מוצרי וופלים בע""\מ",IL,רבע לשבע טבעוני פופק,גרמים,125.00,100 גרם,false,,9.90,0.0792,true,1,6396457
7290110571535,false,מארז קפה טורקי הל עלית 300 גרם,שטראוס קפה בי.וי.,IL,מארז טורקי הל,גרמים,300.00,100 גרם,false,,24.80,0.0827,true,1,6375142
7290110572884,false,"קפסולות קפה מספר 20 למכונת אספרס אספרסו, 50 גרם",שטראוס קפה בי.וי.,IL,קפסולות 20 למכונת נס,יח',1.00,יח',false,,16.90,16.9000,true,1,6436373
7290110572976,false,כיף כף פצפצים בגביע במילוי קרם בטעם שוקולד לבן,שולן צ'יקולטה גידה ס,TR,כיף כף פצפצים קרם לב,גרמים,135.00,100 גרם,false,,9.90,0.0733,true,1,6408639
7290110574413,false,פופקורן בטעם טעמי עלית 70 גרם,סראנו בעבור שטראוס,קפריסין,פופקורן בטעם טעמי,יחידה,0.00,יחידה,false,,6.90,0.0000,true,1,6429316
7290110574420,false,פופקורן בטעם פסק זמן עלית 70 גרם,סראנו בעבור שטראוס,קפריסין,פופקורן בטעם פסק זמן,יחידה,0.00,יחידה,false,,6.90,0.0000,true,1,6429317
7290110576356,false,"שוקולד ספלנדיד מריר 64% - חלבי , מפולי קקאו מפרו",קימ'\ס גריפלנן,BE,ספלנדיד שוקולד מריר,גרמים,100.00,100 גרם,false,,7.90,0.0790,true,1,6396988
7290110576370,false,מארז שלישייה שוקולד מריר חלבי עם אגוזי לוז,שטראוס,FR,עלית שוקולד אגוז מרי,גרמים,300.00,100 גרם,false,,21.90,0.0730,true,1,6429235
7290110576752,false,טבלאות שוקולד ספלנדיד מריר 70% 100 ג' עלית,קימ'\ס גריפלנן,BE,ספלנדיד מריר 70% 22,גרמים,100.00,100 גרם,false,,9.90,0.0990,true,1,6429318
7290110576776,false,טבלאות שוקולד ספלנדיד מריר 85% 100 ג' עלית,קימ'\ס גריפלנן,BE,ספלנדיד מריר 85% 22,גרמים,100.00,100 גרם,false,,9.90,0.0990,true,1,6429319
7290110576790,false,גבינת סקי 3% בטעם מוקה 125 גרם,"שטראוס בריאות בע""\מ",IL,סקי טעם מוקה 3% 125,גרמים,125.00,100 גרם,false,,3.70,0.0296,true,1,6427113
7290110576851,false,"שמיניית משקה גמדים סלט פירות 108 מ""ל","שטראוס בריאות בע""\מ",IL,משקה גמדים סלט פירות,מיליליטרים,800.00,"100 מ""ל",false,,19.90,0.0249,true,1,6427114
7290110577230,false,משקה חלב בטעם פיסטוק בבקבוק יטבתה 1 ליטר,שטראוס גרופ,IL,משקה חלב טעם פיסטוק,ליטרים,1.00,ליטר,false,,11.50,11.5000,true,1,6427116
7290110577247,false,"משקה חלב בטעם פיסטוק יטבתה 350 מ""ל",שטראוס גרופ,IL,משקה חלב בלונדי 350,מטרים,350.00,מ'ל,false,,6.20,0.0177,true,1,6427117
7290111093760,false,קוויק מטליות לחות לניקוי רצפות ניחוח מרכך כביסה 10 יחידות,די.פי.אל,IL,מגבוני קוויק לניקוי,יח',1.00,יח',false,,8.90,8.9000,true,1,6359773
7290111094248,false,"קוויק שקית אשפה חזקה וגדולה במיוחד (90*78), 20 יח'",,TR,קוויק שקיות אשפה XL,יח',1.00,יח',false,,18.90,18.9000,true,1,6268193
7290111094576,false,חיתולי בייבי סופרים 3 רמילוי,,,חיתולי בייבי סופרים,יח',1.00,יח',false,,27.90,27.9000,true,1,6344639
7290111094866,false,חיתולי בייבי סופרים 4 רמילוי,,,חיתולי בייבי סופרים,יח',1.00,יח',false,,27.90,27.9000,true,1,6344640
7290111095276,false,חיתולי בייבי סופרים 4+ רמילוי,,,חיתולי בייבי סופרים,יח',1.00,יח',false,,27.90,27.9000,true,1,6344641
7290111095566,false,חיתולי בייבי סופרים 5 מילוי,,,חיתולי בייבי סופרים,יח',1.00,יח',false,,27.90,27.9000,true,1,6344642
7290111095818,false,"קוויק שקית אשפה חזקה במיוחד (65*54), 40 יח'",,TR,קוויק שקיות אשפה L ע,יח',1.00,יח',false,,18.90,18.9000,true,1,6268194
7290111095856,false,חיתולי בייבי סופרים 6 מילוי,,,חיתולי בייבי סופרים,יח',1.00,יח',false,,27.90,27.9000,true,1,6344643
7290111096921,false,קוויק מגבונים לניקוי כללי בתוספת חומץ ומלח לימון 50 יח',די.פי.אל,IL,קווי לניקוי כללי עם,יח',1.00,יח',false,,7.90,7.9000,true,1,6324729
7290111097836,false,קוויק מגבונים 99.9% דוחה אבק למשטחים בניחוח מרכך כביסה 50 יחידות,די.פי.אל,IL,מגבוני קוויק דוחה אב,יח',1.00,יח',false,,7.90,7.9000,true,1,6359775
7290111340178,false,מטליות לחות ניקול לניקוי כללי בניחוח מרכך כביסה 50 יח',חוגלה קימברלי,IL,מטליות לחות לניקוי 5,יח',50.00,יח',false,,9.90,0.1980,true,1,3216282
7290111340185,false,מטליות לחות רצפה ניחוח מרכך כביסה ניקול 10 יחידות,חוגלה קימברלי,IL,מטליות לחות לרצפה 10,יח',10.00,יח',false,,9.90,0.9900,true,1,3216283
7290111340925,false,ניקול מטליות לחות XL לניקוי משטחים גדולי,חוגלה קימברלי,IL,מטליות לחות XL למשטח,40 יח',1.00,40 יח',false,,9.90,9.9000,true,1,4030475
7290111342059,false,50 מטליות מיקרופייבר לשטחים אנטיבקטריאלי ניקול,ניקול,IL,מטליות לחות אנטיבקטר,יח',1.00,יח',false,,9.90,9.9000,true,1,6200802
7290111342073,false,מטליות מקרופייבר למשטחים אנטיבקטריאלי ניקול,ניקול,IL,מטליות מיקרופייבר אנ,יח',1.00,יח',false,,14.90,14.9000,true,1,6200803
7290111343841,false,ספוגית הקסם נירוסטה - מארז 3 יחידות,ניקול,CN,ספוגית הקסם נירוסטה,יח',1.00,יח',false,,9.90,9.9000,true,1,6242753
7290111343858,false,ניקול מטליות לחות לרצפה אנטיבקרטריאלי 10 יחידות,עלבד משואות יצחק,IL,מטליות לחות לניקוי ו,יח',1.00,יח',false,,9.90,9.9000,true,1,6223550
7290111344145,false,ניקול זוג מטליות מיקרופייבר אנטיבקטריאליות לרצפה,ניקול,CN,ניקול זוג מטליות מיק,יח',1.00,יח',false,,24.90,24.9000,true,1,6242755
7290111345982,false,ניקול דפי ספוגית הקסם 10 יחידות,חוגלה קימברלי,IL,ניקול דפי ספוגית הקס,יח',1.00,יח',false,,9.90,9.9000,true,1,6361901
7290111345999,false,מארז זוג מטליות לחות לרצפה בניחוח מרכך כביסה 2*10 יח' ניקול,עלבד,IL,זוג מטליות לחות לרצפ,יח',1.00,יח',false,,19.90,19.9000,true,1,6361902
7290111350030,false,רסק תפוחי עץ טבעי בצנצנת 670 גרם קלית גת,"ג'י אנד ג'י בע""מ",IL,רסק תפוחי עץ טבעי 67,גרמים,670.00,100 גרם,false,,10.70,0.0160,true,1,2478092
7290111350047,false,תמרים מזן מגהול ללא חרצנים 500 גרם,טעמי הגליל,IL,תמרים מגולענים 500 ג,גרמים,500.00,100 גרם,false,,11.90,0.0238,true,1,2534499
7290111350092,false,מארז מיקס חטיפי מיני לואקר בסט 200 גר,ליימן מותגים,,המיטב במארז של לואקר,גרמים,200.00,100 גרם,false,,19.90,0.0995,true,1,3201187
7290111350665,false,קליית גת דבש לחיץ טהור מפרחי בר 350 גרם,חקלאות עין חרוד מאוח,IL,דבש לחיץ 350 גרם,גרמים,350.00,100 גרם,false,,19.90,0.0569,true,1,4760068
7290111350672,false,"דבש טהור מפרחי בר ""קליית גת"" 700 גרם",חקלאות עין חרוד מאוח,IL,דבש צנצנת 700 גר,גרמים,700.00,100 גרם,false,,29.90,0.0427,true,1,4760069
7290111350719,false,חטיף נאצוס הוטפופ בסגנון מסעדות 322 גר,ליימן מותגים,US,נאצוס מסעדות 322 גר,גרמים,322.00,100 גרם,false,,15.70,0.0488,true,1,5507440
7290111350726,false,חטיף נאצוס הוטפופ בסגנון מקסיקני 322 גר,ליימן מותגים,US,נאצוס מקסיקני 322 גר,גרמים,322.00,100 גרם,false,,15.70,0.0488,true,1,5507441
7290111351747,false,צ'וקטה טורטיה מקמח חיטה 320 גרם,צ'וקטה,DE,צ'וקטה טורטיה מקמח ח,גרמים,320.00,100 גרם,false,,5.90,0.0184,true,1,6111116
7290111352140,false,חמוציות מיובשות ברכז תפוחים קליית גת 150 גרם,קליית גת,IL,חמוציות רכז תפוחים 1,גרמים,150.00,100 גרם,false,,10.90,0.0727,true,1,6106370
7290111352430,false,ממרח תמרים טבעי קליית גת 440 גרם,"כד בני דרום בע""מ",IL,ממרח תמרים טבעי 440,גרמים,440.00,100 גרם,false,,11.90,0.0270,true,1,6189850
7290111352508,false,סילאן טבעי לחיץ קליית גת 840 גרם,"ששון ושות' בע""מ",IL,סילאן טבעי לחיץ 840,מיליליטרים,840.00,"100 מ""ל",false,,19.90,0.0237,true,1,6208765
7290111352959,false,מקלות חמוצים ממולאים בטעם פירות 80 גר' יוגטה,יוגטה yogueta,TR,יוגטה מקלות חמוצים ט,גרמים,100.00,100 גרם,false,,4.40,0.0440,true,1,6242421
7290111352966,false,יוגטה סוכריות ממולאות בטעם פירות 250 גרם ללא ג'לטין,ליימן שליסל,TR,סוכריות גומי ממולאות,גרמים,250.00,100 גרם,false,,5.90,0.0236,true,1,6242422
7290111352973,false,יוגוטה קוביות חמוצות ממולאות בטעם פירות,יוגטה yogueta,TR,יוגטה קוביות חמוצות,גרמים,220.00,100 גרם,false,,5.90,0.0268,true,1,6242423
7290111353383,false,מארז 100 סוכריות מנטוס שמחות בטעם תות 250 גרם,פרפטי ואן מלה ברדה,NL,סוכריות מנטוס שמחות,גרמים,250.00,100 גרם,false,,13.90,0.0556,true,1,6268228
7290111353437,false,חטיף בטטה ומלח ים הוטפופ 120 גרם,איץ.סיי גרופ אס.דה א,HN,חטיף בטטה ומלח ים 13,גרמים,135.00,100 גרם,false,,13.90,0.1030,true,1,6273997
7290111353444,false,חטיף בטטות ומלח ים הוטפופ 120 גרם,איץ.סיי גרופ אס.דה א,HN,חטיף בטטות ומלח ים 1,גרמים,135.00,100 גרם,false,,13.90,0.1030,true,1,6273998
7290111353451,false,חטיף בירקות שורש ומלח ים הוטפופ 120 גרם,איץ.סיי גרופ אס.דה א,HN,חטיף ירקות שורש ומלח,גרמים,135.00,100 גרם,false,,13.90,0.1030,true,1,6273999
7290111353475,false,שטיחים חמוץ בטעם פירות יוגטה 200 גרם,צ'וקטה,TR,שטיחים חמוצים פירות,גרמים,200.00,100 גרם,false,,5.90,0.0295,true,1,6281038
7290111353482,false,מקלות חמוצים ממולאות בטעמי פירות יוגטה 200 גרם,צ'וקטה,TR,מקלות חמוצים טעמי פי,גרמים,200.00,100 גרם,false,,5.90,0.0295,true,1,6281039
7290111353550,false,חמאת בוטנים טבעית קליית גת 300 גרם,J&G קיסריה,IL,חמאת בוטנים טבעית 30,גרמים,300.00,100 גרם,false,,14.90,0.0497,true,1,6286672
7290111353567,false,ממרח שקדים טבעי קליית גת 300 גרם,J&G קיסריה,IL,ממרח שקדים טבעי 300,גרמים,300.00,100 גרם,false,,32.90,0.1097,true,1,6277661
7290111354038,false,מארז שלישיית עגבניות חתוכות דק מרקדו טייסט 400 גרם,פראנו אנריקו,IT,עגבניות תמר איטלקיות,גרמים,1200.00,100 גרם,false,,14.90,0.0124,true,1,6361271
7290111354045,false,מארז שלישיית עגבניות קצוצות מרקדו טייסט 400 גרם,פראנו אנריקו,IT,עגבניות תמר איטלקיות,גרמים,1200.00,100 גרם,false,,14.90,0.0124,true,1,6361272
7290111354120,false,ממרח חלווה קליית גת 300 גרם,J&G קיסריה,IL,ממרח חלווה 300 גר,גרמים,300.00,100 גרם,false,,15.70,0.0523,true,1,6374624
7290111354526,false,הוטפופ פופקורן במיקרוגל טעם טבעי,,,הוטפופ פופקורן במיקר,קילוגרמים,1.00,"ק""ג",false,,17.90,17.9000,true,1,6406970
7290111354533,false,הוטפופ פופקורן במיקרוגל טעם חמאה,,,הוטפופ פופקורן במיקר,קילוגרמים,1.00,"ק""ג",false,,17.90,17.9000,true,1,6406971
7290111354687,false,מיני מרשמלו בטעם תות וניל 500 גרם,,IL,יוגטה מיני מרשמלו 50,גרמים,500.00,100 גרם,false,,24.70,0.0494,true,1,6421612
7290111531255,false,"עוגיות מרוקאיות לל""ס 350 גר רמי לוי",,,"עוגיות מרוקאיות לל""ס",גרמים,350.00,100 גרם,false,,14.90,0.0426,true,1,5878087
7290111531323,false,עוגיות רוגלך וניל 400גר,,,עוגיות רוגלך וניל 40,גרמים,400.00,100 גרם,false,,8.90,0.0223,true,1,6160388
7290111531392,false,עוגיות סגנון מרוקאי 350 גר רמי לוי,,,עוגיות סגנון מרוקאי,גרמים,350.00,100 גרם,false,,14.90,0.0426,true,1,5878088
7290111531415,false,עוגיות ריפאת 350 גר רמי לוי,,,עוגיות ריפאת 350 גר,גרמים,350.00,100 גרם,false,,14.90,0.0426,true,1,5878089
7290111531439,false,עוגיות לקפה 350 גר רמי לוי,,,עוגיות לקפה 350 גר ר,גרמים,350.00,100 גרם,false,,14.90,0.0426,true,1,5878091
7290111532702,false,"עוגיות ריפאת לל""ס 350 גר רמי לוי",,,"עוגיות ריפאת לל""ס 35",גרמים,350.00,100 גרם,false,,14.90,0.0426,true,1,5878095
7290111563492,false,סלטי צבר מטבוחה חריפה מרובע 6*400גרם,סלטי צבר,IL,צבר סלט מטבוחה חריפה,גרמים,400.00,100 גרם,false,,11.50,0.0288,true,1,4376791
7290111564277,false,פריכיות דקות ונימוחות 3 דגנים פיטנס Fitness,פרח תעשיות בעמ,IL,פיטנס פריכיות דקות 3,גרמים,120.00,100 גרם,false,,9.90,0.0825,true,1,3143744
7290111564291,false,פריכיות דקות ונימוחות 3 דגנים וקינואה פיטנס Fitness,פרח תעשיות בעמ,IL,פיטנס פריכיות דקות ו,גרמים,120.00,100 גרם,false,,9.90,0.0825,true,1,3143745
7290111564666,false,כדורי בשר צמחוניים עם המון חלבון,עיצובים 2020 (4.8),IL,טבעול כדורי בשר מן ה,גרמים,500.00,100 גרם,false,,29.90,0.0598,true,1,3910904
7290111564956,false,"ביסלי במבה מיקס 200 גרם ""אסם""",פרו מן יו פתרונות אריזה,IL,ביסלי במבה מיקס 200,גרמים,200.00,100 גרם,false,,8.90,0.0445,true,1,4376828
7290111566103,false,טבעול פלאפל מרכיבים ביתיים בלבד 590 גרם,עיצובים 2020 (4.8),IL,טבעול פלאפל ביתי 590,גרמים,590.00,100 גרם,false,,29.90,0.0507,true,1,3910998
7290111566226,false,שניצל ברוקולי טבעול 667 גרם,עיצובים 2020 (4.8),IL,טבעול שניצל ברוקולי,גרמים,667.00,100 גרם,false,,29.90,0.0448,true,1,3910905
7290111566240,false,שניצל דק מן הצומח בטעם צ'ילי חריף 700 גרם,עיצובים 2020 (4.8),IL,טבעול שניצל דק צ'לי,גרמים,564.00,100 גרם,false,,29.90,0.0530,true,1,3910906
7290111566271,false,חטיפי תירס טבעול 657 גרם,עיצובים 2020 (4.8),IL,טבעול חטיפי תירס 657,גרמים,657.00,100 גרם,false,,29.90,0.0455,true,1,3910907
7290111566318,false,שניצל דק מן הצומח בטעם ביתי 700 גרם,עיצובים 2020 (4.8),IL,טבעול שניצל דק מהצומ,גרמים,564.00,100 גרם,false,,29.90,0.0530,true,1,3910908
7290111566332,false,"נקניקיות וינר מן הצומח 680 גרם ""טבעול""",עיצובים 2020 (4.8),IL,טבעול נקניקיות וינר,גרמים,680.00,100 גרם,false,,29.90,0.0440,true,1,3910909
7290111566417,false,טבעול טחון מן הצומח משופר 400 גרם,עיצובים 2020 (4.8),IL,טבעול טחון צמחוני 50,גרמים,500.00,100 גרם,false,,29.90,0.0598,true,1,3911043
7290111566547,false,טבעול חזה בגריל צמחוני 99 קלוריות 560ג',עיצובים 2020 (4.8),IL,טבעול חזה בגריל צמחו,גרמים,560.00,100 גרם,false,,29.90,0.0534,true,1,3911045
7290111566561,false,"שניצל ברוקולי 99 קלוריות 560 גר' ""טבעול""",עיצובים 2020 (4.8),IL,טבעול שניצל ברוקולי,גרמים,560.00,100 גרם,false,,29.90,0.0534,true,1,3910999
7290111566585,false,"שניצל צמחוני 99 קלוריות 650 גר' ""טבעול""",עיצובים 2020 (4.8),IL,טבעול שניצל צמחוני 9,גרמים,650.00,100 גרם,false,,29.90,0.0460,true,1,3911000
7290111566691,false,"שניצל תרד 99 קלוריות 560 גרם ""טבעול""",עיצובים 2020 (4.8),IL,טבעול שניצל תרד 99 ק,גרמים,560.00,100 גרם,false,,29.90,0.0534,true,1,3911001
7290111566714,false,טבעול המבורגר צמחוני 99 קלוריות 600 גרם,עיצובים 2020 (4.8),IL,טבעול המבורגר צמחוני,גרמים,600.00,100 גרם,false,,29.90,0.0498,true,1,3911002
7290111566752,false,טבעול שניצל תירס 99 קלוריות 693 גרם,עיצובים 2020 (4.8),IL,טבעול שניצל תירס 99,גרמים,693.00,100 גרם,false,,29.90,0.0431,true,1,3911003
7290111566776,false,"נקניקיות קוקטייל מן הצומח 680 גרם ""טבעול""",עיצובים 2020 (4.8),IL,טבעול נקניקיות קוקטי,גרמים,680.00,100 גרם,false,,29.90,0.0440,true,1,3910912
7290111568206,false,ביסלי פארטי מיקס אסם 150 גר',פרו מן יו פתרונות אר,IL,ביסלי פארטי מיקס 150,גרמים,150.00,100 גרם,false,,6.90,0.0460,true,1,4376833
7290111568251,false,אטריות נודלס להקפצה אסם אסייתי 350 גר',תאי פרזידנטפוד,TH,נודלס אטריות להקפצה,גרמים,350.00,100 גרם,false,,8.90,0.0254,true,1,4667418
7290111568275,false,אטריות נודלס אורז רחבות אסם אסייתי 300גרם,תאי פרזידנט,TH,נודלס אטריות אורז רח,גרמים,300.00,100 גרם,false,,8.90,0.0297,true,1,4520398
7290111568466,false,רוטב אסייתי למוקפץ הסדרה האסייתית,"אסם השקעות בע""\מ",IL,רוטב אסיאתי למוקפץ א,מיליליטרים,290.00,"100 מ""ל",false,,10.90,0.0376,true,1,4520404
7290111568961,false,בייגלה טבעות מלח אסם 400 גרם,אסם,IL,בייגלה טבעות מלח 400,גרמים,400.00,100 גרם,false,,9.90,0.0248,true,1,4691276
7290111739064,false,שלישיית בוקסר (S) לייקרה (ע) UMBRO,,,שלישיית בוקסר לייקרה,יח',1.00,יח',false,,49.90,49.9000,true,1,5614996
7290111739071,false,שלישיית בוקסר (M) לייקרה UMBRO,,,שלישיית בוקסר לייקרה,יח',1.00,יח',false,,49.90,49.9000,true,1,5614997
7290111739088,false,שלישיית בוקסר (L) לייקרה UMBRO,,,שלישיית בוקסר לייקרה,יח',1.00,יח',false,,49.90,49.9000,true,1,5614998
7290111739095,false,שלישיית בוקסר (XL) לייקרה UMBRO,,,שלישיית בוקסר לייקרה,יח',1.00,יח',false,,49.90,49.9000,true,1,5614999
7290111739101,false,שלישיית בוקסר (XXL) לייקרה UMBRO,,,שלישיית בוקסר לייקרה,יח',1.00,יח',false,,49.90,49.9000,true,1,5615000
7290111739125,false,בוקסר כותנה חלק M,,,בוקסר כותנה חלק M,יח',1.00,יח',false,,19.90,19.9000,true,1,5615002
7290111739156,false,בוקסר כותנה חלק XXL,,,בוקסר כותנה חלק XXL,יח',1.00,יח',false,,19.90,19.9000,true,1,5615005
7290111739163,false,בוקסר כותנה מודפס S,,,בוקסר כותנה מודפס S,יח',1.00,יח',false,,19.90,19.9000,true,1,5615006
7290111739187,false,בוקסר כותנה מודפס L,,,בוקסר כותנה מודפס L,יח',1.00,יח',false,,19.90,19.9000,true,1,5615008
7290111872969,false,נרות ג'מבו כוכבים פי ג'יי,,CN,נרות ג'מבו כוכבים פי,יח',1.00,יח',false,,6.00,6.0000,true,1,5812716
7290111874130,false,שקית 10 מודפס,,,שקית 10 מודפס,יח',1.00,יח',false,,7.90,7.9000,true,1,5812802
7290111878992,false,בקבוק טריטן פיה מפלס,,,בקבוק טריטן פיה מפלס,יח',1.00,יח',false,,19.90,19.9000,true,1,5406610
7290111930898,false,חטיף פוף כוכבים גריל אמריקאי 40 גרם,פוף POOF,IL,פוף כוכבים גריל אמרי,גרמים,40.00,100 גרם,false,,2.90,0.0725,true,1,3639331
7290111930904,false,חטיף פוף כוכבים בצל 40 גרם,פוף POOF,IL,פוף כוכבים בצל 40 גר,גרמים,40.00,100 גרם,false,,2.90,0.0725,true,1,3639332
7290111930911,false,חטיף פוף לבבות קלאסי 40 גרם,פוף POOF,IL,פוף לבבות קלאסי 40 ג,גרמים,40.00,100 גרם,false,,2.90,0.0725,true,1,3639333
7290111930935,false,חטיף פוף טבעות קלאסי 40 גרם,פוף POOF,IL,פוף טבעות קלאסי 40 ג,גרמים,40.00,100 גרם,false,,2.90,0.0725,true,1,3639335
7290111931321,false,"קולגייט משחת שיניים ילדים 6+ מיניונים 50 מ""ל",קולגייט- פלמוליב,PL,קולגייט ילדים מיניונ,מטרים,50.00,100 מ'ל,false,,11.90,0.2380,true,1,4649373
7290111932380,false,"מרידול משחת שיניים מארז 75X2מ""ל כשל""פ",GABA LOER GER,PL,זוג משחת שיניים מריד,מטרים,75.00,100 מ'ל,false,,31.90,0.4253,true,1,4084162
7290111932502,false,"משחת שיניים קולגייט אופטיק וייט אקספרט וויט 75 מ""ל",קולגייט Colgate,MX,קולגייט אופטיק וויט,מטרים,75.00,100 מ'ל,false,,24.90,0.3320,true,1,4979881
7290111932700,false,מסכה לפנים רימונים ב,שסטוביץ,KR,בלונס מסכת רימונים,מטרים,28.00,100 מ'ל,false,,9.90,0.3536,true,1,6308788
7290111933462,false,"רוטב צ'ילי מתוק מאסטר שף 300 מ""ל","סיטי פוד בע""מ",TH,מאסטר שף רוטב צ'ילי,מיליליטרים,300.00,"100 מ""ל",false,,7.90,0.0263,true,1,4386224
7290111933554,false,שלישייה עגבניות קוביות מאסטר שף 400 גרם,קונסוריזיו קאסאלסקו,IT,מאסטר שף עגבניות קוב,קילוגרמים,1.20,"ק""ג",false,,15.90,13.2500,true,1,5049296
7290111933998,false,תבנית קוקי אינגליש עם נייר אפייה 4 יח,קוקי,CN,קוקי תבנית אינגליקיי,יח',1.00,יח',false,,9.90,9.9000,true,1,5507337
7290111935961,false,מאסטר שף מחית עגבניות 690 גרם,פראנו אנריקו ופיגלי,IT,מאסטר שף מחית עגבניו,גרמים,690.00,100 גרם,false,,9.90,0.0143,true,1,5609098
7290111936203,false,"ליידי ספיד סטיק דרמה ספריי ויטמין אי 150 מ""ל",ליידי ספיד סטיק Lady Speed Stick,RU,ליידי ספיד סטיק דרמה,מיליליטרים,150.00,"100 מ""ל",false,,13.90,0.0927,true,1,5688648
7290111936296,false,"פלמוליב סבון נוזלי בניחוח סנסיישן מסאז' ,750 מ""ל",קולגייט פלמוליב,TR,פלמוליב ארומה סנסייש,מיליליטרים,750.00,"100 מ""ל",false,,19.90,0.0265,true,1,5647148
7290111936784,false,פרי מארז חטיפים 5 יחידות תמרים ואגוזי לוז כשלפ,"טבעית מוצרים מהטבע בע""\מ",IL,פרי מארז 5 חטיפים תמ,גרמים,125.00,100 גרם,false,,14.90,0.1192,true,1,5374496
7290111937231,false,פרי מארז חטיפים 5 יחידות תמרים וקוקוס כשלפ,"טבעית מוצרים מהטבע בע""\מ",IL,פרי מארז 5 חטיפים תמ,גרמים,125.00,100 גרם,false,,14.90,0.1192,true,1,5374497
7290111937248,false,פרי מארז חטיפים 5 יחידות תמרים קשיו ונגיעות לוז כשלפ,"טבעית מוצרים מהטבע בע""\מ",IL,פרי מארז 5 חטיפים תמ,גרמים,125.00,100 גרם,false,,14.90,0.1192,true,1,5374498
7290111937255,false,פרי מארז חטיפים 5 יחידות תמרים בוטנים ואגוזי לוז כשלפ,"טבעית מוצרים מהטבע בע""\מ",IL,פרי מארז 5 חטיפים תמ,גרמים,125.00,100 גרם,false,,14.90,0.1192,true,1,5374499
7290111937262,false,מארז חמישיית חטיפי תמרים אגוזים ושברי קקאו פרי 125 גרם,"טבעית מוצרים מהטבע בע""\מ",IL,פרי מארז 5 חטיפים תמ,גרמים,125.00,100 גרם,false,,14.90,0.1192,true,1,5374500
7290111937668,false,פצצת אמבט תפוח לכל סוגי העור,בלונס Balloons,CN,בלונס פצצת אמבט תפוח,מטרים,100.00,100 מ'ל,false,,9.90,0.0990,true,1,6308797
7290111938481,false,"רוטב סויה בהירה מאסטר שף 300 מ""ל",מאסטר שף,TH,מאסטר שף רוטב סויה ב,מיליליטרים,300.00,"100 מ""ל",false,,8.90,0.0297,true,1,6211578
7290111939174,false,קוקי ניילון נצמד עם גומי מידה לארג,קוקי,CN,קוקי ניילון נצמד עם,יח',1.00,יח',false,,8.90,8.9000,true,1,6200799
7290111939181,false,קוקי כיסוי ניילון עם גומי מיקס מידות,שסטוביץ,CN,קוקי ניילון נצמד עם,יח',1.00,יח',false,,8.90,8.9000,true,1,6200800
7290111940712,false,מגב לבן,,,מגב לבן,יח',1.00,יח',false,,19.90,19.9000,true,1,6426085
7290111940736,false,מגב אדום,,,מגב אדום,יח',1.00,יח',false,,19.90,19.9000,true,1,6426087
7290111940743,false,מגב כחול,,,מגב כחול,יח',1.00,יח',false,,19.90,19.9000,true,1,6426088
7290111990113,false,שטיח שאגי 170*133,,,שטיח שאגי 170*133,יח',1.00,יח',false,,199.90,199.9000,true,1,3176502
7290111990205,false,שטיח סלון 230*160,,,שטיח סלון 230*160,יח',1.00,יח',false,,199.90,199.9000,true,1,3176506
7290111990274,false,שטיח חלק 160*120,,,שטיח חלק 120x160,יח',1.00,יח',false,,99.90,99.9000,true,1,5950606
7290112000385,false,מנקה ומחטא עוצמתי למטבח ללא אקונומיקה,רקיט בנקיזר,PL,דטול תרסיס למטבח 750,מיליליטרים,750.00,"100 מ""ל",false,,9.90,0.0132,true,1,5007914
7290112000408,false,מנקה ומחטא עוצמתי לניקוי כללי בניחוח לימון,רקיט בנקיזר,US,דטול תרסיס לניקוי כל,מיליליטרים,750.00,"100 מ""ל",false,,9.90,0.0132,true,1,5007916
7290112000736,false,פיניש טבליות aio 80 יח אריזת חסכון,רקיט בנקיזר,PL,פיניש טבליות 80יח 1,קילוגרמים,1.28,"ק""ג",false,,59.50,46.4844,true,1,4627884
7290112000798,false,"דיטול תרסיסי חיטוי וניקוי אנטי בקטריאלי 750 מ""ל",רקיט בנקיזר,US,דטול תרסיס חיטוי אנט,מיליליטרים,750.00,"100 מ""ל",false,,9.90,0.0132,true,1,5007917
7290112000842,false,דטול מגבונים לניקוי כללי בניחות לימון 60 יח',רקיט בנקיזר,PL,דטול מגבונים לניקוי,יח',60.00,יח',false,,7.90,0.1317,true,1,5007919
7290112001016,false,"אירוויק פרשמטיק מכשיר אוטמטי ומלוי בניחוח תענוגות האביב 250 מ""ל",רקיט בנקיזר,HU,אירוויק מכשיר אוטומט,יח',1.00,יח',false,,39.90,39.9000,true,1,5007922
7290112001030,false,"אירוויק ספרי אוטמטי מילוי פריחת הדובדבן 250 מ""ל","יצרן המכשיר: זובלה, שנזן",HU,אירוויק מילוי מכשיר,מיליליטרים,250.00,"100 מ""ל",false,,14.90,0.0596,true,1,5007924
7290112001221,false,מנקה מכונת כביסה בניחוח נקי ורענן,רקיט בנקיזר,PT,קולון מנקה מכונה רגי,מיליליטרים,250.00,"100 מ""ל",false,,19.90,0.0796,true,1,5049157
7290112001238,false,"מנקה מכונת כביסה קולון לימון 250 מ""ל",רקיט בנקיזר,ES,קולון מנקה מכונה לימ,מיליליטרים,250.00,"100 מ""ל",false,,19.90,0.0796,true,1,5049158
7290112001436,false,"פיניש מנקה מדיח כלים בניחוח לימון 250 מ""ל",רקיט בנקיזר,PL,פיניש מנקה מדיח כלים,מיליליטרים,250.00,"100 מ""ל",false,,14.90,0.0596,true,1,6091239
7290112001870,false,"סיליט באנג ספריי ניקוי אמבטיה 750 מ""ל",רקיט בנקיזר,PL,סיליט באנג אמבטיות 7,מיליליטרים,750.00,"100 מ""ל",false,,12.50,0.0167,true,1,5834062
7290112002044,false,טבליות פיניש מנקה מדיח 3 יח,רקיט בנקיזר,HU,פיניש מנקה מדיח טבלי,מטרים,1000.00,100 מ'ל,false,,14.90,0.0149,true,1,5764717
7290112002099,false,קולון גל כביסה מרוכז 2.5 ליטר קלאסי,רקיט בנקיזר,IL,קולון ג'ל 2.5 לי רגי,יח',1.00,יח',false,,24.90,24.9000,true,1,5987592
7290112002129,false,ג'ל כביסה מרוכז קולון 101 בניחוח פריחה מרענן,רקיט בנקיזר,IL,קולון ג'ל 2.5 לי ניח,יח',1.00,יח',false,,24.90,24.9000,true,1,5987595
7290112002136,false,ג'ל כביסה מרוכז קולון 101 קלאסי,רקיט בנקיזר,IL,קולון ג'ל 4לי,יח',1.00,יח',false,,34.50,34.5000,true,1,5987596
7290112002143,false,ג'ל כביסה מרוכז קולון 101 בניחוח לילך,רקיט בנקיזר,IL,קולון ג'ל 4לי ניחוח,יח',1.00,יח',false,,34.50,34.5000,true,1,5987597
7290112002457,false,דטול - שלישיית מגבונים לניקוי וחיטוי בניחוח לימון,רקיט בנקיזר,PL,דטול מגבונים לניקוי,יח',1.00,יח',false,,19.90,19.9000,true,1,5987618
7290112003140,false,"אירוויק ספרי אוטמטי מילוי מנגו מרענן 250 מ""ל",RECKITT BENCKISER UK,GB,אירוויק פרשמטיק מילו,יח',1.00,יח',false,,14.90,14.9000,true,1,6227031
7290112003188,false,קולון קפסולות גל לכביסה 60 יחידות,רקיט בנקיזר,IT,קולון קאפס 60 טבליות,יח',1.00,יח',false,,53.80,53.8000,true,1,6259042
7290112004161,false,"ספריי אוטמטי מילוי בניחוח סנטורל 250 מ""ל אירוויק",RB בריטניה,GB,איירוויק פרשמטיק מיל,מיליליטרים,250.00,"100 מ""ל",false,,14.90,0.0596,true,1,6273507
7290112004314,false,"דטול - תרסיס חיטוי וניקוי בניחוח לימון רימונים 750 מ""ל",רקיט בנקיזר,PL,דטול תרסיס מנקה ומחט,מיליליטרים,750.00,"100 מ""ל",false,,9.90,0.0132,true,1,6306651
7290112004413,false,"ספריי וניש קליה להסרת כתמים לבגדים לבנים 750 מ""ל",רקיט בנקיזר,PL,וניש קליה ספריי להסר,מיליליטרים,750.00,"100 מ""ל",false,,16.80,0.0224,true,1,6363789
7290112004604,false,דטול - שלישיית מגבונים לניקוי וחיטוי בניחוח לימון רימונים,רקיט בנקיזר,PL,דטו מגבונים שלישייה,יח',1.00,יח',false,,19.90,19.9000,true,1,6317850
7290112004611,false,"וניש קליה ג'ל מרוכז לטיפול נקודתי בכתמים 200 מ""ל",רקיט בנקיזר,PT,וניש גולד ג'ל עוצמתי,מטרים,200.00,100 מ'ל,false,,16.50,0.0825,true,1,6353190
7290112004970,false,פיניש אולטימייט קוואנטום 50 טבליות למדיח,רקיט בנקיזר,IL,פיניש אולטימייט 50,יח',60.00,יח',false,,59.90,0.9983,true,1,6400382
7290112005045,false,וניש מסיר כתמים אבקה לכביסה לבנה 480 גרם,רקיט בנקיזר,IT,וניש אבקה לכביסה לבנ,גרמים,480.00,100 גרם,false,,16.90,0.0352,true,1,6396747
7290112005052,false,וניש תוסף כביסה רב תכליתי לבגדים לבנים,קליה וניש Kalia Vanish,IT,וניש אבקה לכביסה לבנ,גרמים,1500.00,100 גרם,false,,39.90,0.0266,true,1,6396773
7290112005076,false,אבקה להסרת כתמים לכביסה צבעונית וניש קליה 480 גרם,רקיט בנקיזר,IT,וניש אבקה לכביסה צבע,גרמים,480.00,100 גרם,false,,16.90,0.0352,true,1,6396774
7290112005083,false,וניש תוסף כביסה רב תכליתי לכביסה צבעונית,קליה וניש Kalia Vanish,IT,וניש אבקה לכביסה צבע,קילוגרמים,1.50,"ק""ג",false,,39.90,26.6000,true,1,6396384
7290112011008,false,רוטב ברביקיו 560גר רמי לוי,,,רוטב ברביקיו 560גר ר,גרמים,560.00,100 גרם,false,,9.90,0.0177,true,1,4262279
7290112011930,false,רוטב סויה 550 גרם רמי לוי,,,רוטב סויה 550 גרם רמ,גרמים,550.00,100 גרם,false,,9.90,0.0180,true,1,5455683
7290112011985,false,רוטב טריאקי 560 גרם רמילוי,,,רוטב טריאקי 560 גרם,גרמים,560.00,100 גרם,false,,9.90,0.0177,true,1,5740700
7290112012845,false,רוטב מרינדה שום ודבש רמילוי,,,רוטב מרינדה שום ודבש,מטרים,570.00,100 מ'ל,false,,9.90,0.0174,true,1,6316110
7290112012869,false,רוטב טריאקי גינגר ושומשום רמילוי,,,רוטב טריאקי גינגר וש,גרמים,590.00,100 גרם,false,,9.90,0.0168,true,1,6316112
7290112013767,false,רמי לוי רוטב אלף האיים 500 גר' 6X,,,רמי לוי רוטב אלף האי,גרמים,500.00,100 גרם,false,,9.90,0.0198,true,1,3626929
7290112013774,false,רוטב אלף האיים לייט 500 ג רמילוי,,,רוטב אלף האיים לייט,גרמים,500.00,100 גרם,false,,9.90,0.0198,true,1,3626930
7290112013781,false,רמי לוי רוטב ויניגרט 500 גר',,,רמי לוי רוטב ויניגרט,גרמים,500.00,100 גרם,false,,9.90,0.0198,true,1,3626931
7290112013798,false,רמי לוי רוטב וינגרט לייט 500 גר',,,רמי לוי רוטב וינגרט,גרמים,500.00,100 גרם,false,,9.90,0.0198,true,1,3626932
7290112041913,false,זוג כוסיות קריסטל קטן,,IL,זוג כוסיות קריסטל,יח',1.00,יח',false,,13.90,13.9000,true,1,5265657
7290112190437,false,פופקורן קלאסי 65ג רמ,,,פופקורן קלאסי 65ג רמ,גרמים,65.00,100 גרם,false,,3.90,0.0600,true,1,4262339
7290112190796,false,פנה 500 ג רמי לוי,,,פנה 500 ג רמי לוי,גרמים,500.00,100 גרם,false,,4.90,0.0098,true,1,4930595
7290112190819,false,פטוציני 500 ג רמי לוי,,,פטוציני 500 ג רמי לו,גרמים,500.00,100 גרם,false,,6.90,0.0138,true,1,4930597
7290112190871,false,גריסיני עם שומשום 120ג רמילוי,,,גריסיני עם שומשום 12,גרמים,120.00,100 גרם,false,,5.90,0.0492,true,1,5236590
7290112191113,false,טורטיות עם זרעי צ'יה 320 ג',,,טורטיה וזרעי צ'יה 32,גרמים,320.00,100 גרם,false,,7.90,0.0247,true,1,5463798
7290112191328,false,ניוקי 500 ג רמי לוי,,,ניוקי 500 ג רמי לוי,גרמים,500.00,100 גרם,false,,5.90,0.0118,true,1,5034614
7290112191335,false,מיני ניוקי 500 ג רמי לוי,,,מיני ניוקי 500 ג רמי,גרמים,500.00,100 גרם,false,,6.90,0.0138,true,1,5034615
7290112191861,false,פתיתים כוכבים 500גר רמילוי,,,פתיתים כוכבים 500גר,גרמים,500.00,100 גרם,false,,4.50,0.0090,true,1,5408996
7290112191984,false,מארז קפסולות אספרסו חזק 50יח רמילוי,,,מארז קפסולות אספרסו,יח',1.00,יח',false,,39.00,39.0000,true,1,5458111
7290112191991,false,מארז קפסולות קפוצינו 50יח רמילוי,,,מארז קפסולות קפוצינו,יח',1.00,יח',false,,39.00,39.0000,true,1,5458112
7290112192158,false,"ניוקי תפו""א 500 גרם ללא גלוטן",,IT,ניוקי תפוא ללא גלוטן,גרמים,500.00,100 גרם,false,,10.90,0.0218,true,1,5507260
7290112192509,false,פירורי לחם ללא גלוטן 250 גר GFREE,אשבל מזון פונקציונלי,IL,פרורי לחם 250ג גיפרי,גרמים,250.00,100 גרם,false,,15.90,0.0636,true,1,5362992
7290112192561,false,"משחת שיניים פרודונטקס הגנה מלאה מרעננת הלבנה 75 מ""ל",ג'י.אס.קיי קונסיומר,IE,פרודונטקס הלבנה 75 מ,מטרים,75.00,100 מ'ל,false,,34.90,0.4653,true,1,5946567
7290112192585,false,פרודונטקס מברשת שיניים הגנה מלאה סופט,גלקסוס סמית קליין,IE,מברשת שיניים פרודונט,יח',1.00,יח',false,,24.90,24.9000,true,1,5946569
7290112192875,false,"סנסודיין - משחת שיניים רגישות וחניכיים 75 מ""ל",סנסודיין Sensodyne,GB,סנסודיין חניכיים רגי,יח',1.00,יח',false,,33.90,33.9000,true,1,6111241
7290112192882,false,"סנסודיין - משחת שיניים רגישות וחניכיים מלבינה 75 מ""ל",ג'י.אס.קיי קונסיומר,GB,סנסודיין מלבינה 75 מ,יח',1.00,יח',false,,33.90,33.9000,true,1,6111242
7290112192943,false,"ספירה אנתוש אלוורה 50 מ""ל",ספירה Spira,IT,ספירה אנתוש אלוורה 5,יח',1.00,יח',false,,12.90,12.9000,true,1,6205829
7290112193278,false,"סטייל - שמפו מתולתלות לניקוי יסודי 600 מ""ל",א.ל.ארמן ייצור תמרוקים ב,IL,שמפו מתולתלות 600 מל,מיליליטרים,600.00,"100 מ""ל",false,,20.90,0.0348,true,1,6227912
7290112193285,false,"סטייל - מרכך מתולתלות מגביר לחות 600 מ""ל",א.ל.ארמן ייצור תמרוקים ב,IL,מרכך מתולתלות 600 מל,מיליליטרים,600.00,"100 מ""ל",false,,20.90,0.0348,true,1,6227913
7290112193315,false,"סטייל - מתולתלות קרם לחות להורדת פריז 400 מ""ל",א.ל.ארמן ייצור תמרוקים ב,IL,קרם לחות מתותלות 400,מיליליטרים,400.00,"100 מ""ל",false,,25.90,0.0647,true,1,6230706
7290112193582,false,תערובת להכנת עוגה שוקולד 500 גר G FREE,,IL,תערובת לעוגה 500ג גפ,גרמים,500.00,100 גרם,false,,18.60,0.0372,true,1,6210637
7290112194176,false,פריכיות דקות תירס 100ג רמילוי,,,פריכיות דקות תירס 10,יח',1.00,יח',false,,7.50,7.5000,true,1,5759388
7290112194343,false,סכיני גילוח לאישה 5יח רמילוי,,,סכיני גילוח לאישה 5י,יח',1.00,יח',false,,8.90,8.9000,true,1,6199109
7290112194350,false,סכיני גילוח לגבר 5יח רמילוי,,,סכיני גילוח לגבר 5יח,יח',1.00,יח',false,,8.90,8.9000,true,1,6199110
7290112194374,false,סכיני גילוח לגבר 10יח רמילוי,,,סכיני גילוח לגבר 10י,יח',1.00,יח',false,,14.90,14.9000,true,1,6199112
7290112194398,false,סכיני גילוח 3 להבים לגבר 4יח רמילוי,,,סכיני גילוח 3 להבים,יח',1.00,יח',false,,14.90,14.9000,true,1,6199114
7290112194503,false,טורטיה חיטה 320 גר,,,טורטיה חיטה 320 גר,גרמים,320.00,100 גרם,false,,8.50,0.0266,true,1,6045525
7290112194527,false,טורטיה חיטה 560 גר,,,טורטיה חיטה 560 גר,גרמים,560.00,100 גרם,false,,9.90,0.0177,true,1,6045527
7290112194534,false,טורטיה חיטה מלאה 320 גר,,,טורטיה חיטה מלאה 320,גרמים,320.00,100 גרם,false,,8.50,0.0266,true,1,6045528
7290112194541,false,טורטיה חיטה מלאה 560 גר,,,טורטיה חיטה מלאה 560,גרמים,560.00,100 גרם,false,,9.90,0.0177,true,1,6045529
7290112195104,false,חמאת בוטנים רמילוי,,,חמאת בוטנים רמילוי,גרמים,500.00,100 גרם,false,,10.90,0.0218,true,1,6266302
7290112195111,false,חמאת בוטנים עם שבבים רמי לוי,,,חמאת בוטנים עם שבבים,גרמים,500.00,100 גרם,false,,10.90,0.0218,true,1,6266303
7290112195340,false,פרכיות 165 גרם,,,פרכיות 165 גרם,גרמים,165.00,100 גרם,false,,6.50,0.0394,true,1,6272645
7290112195425,false,משקה אורז 1לי רמי לוי,,,משקה אורז 1לי רמי לו,ליטרים,1.00,ליטר,false,,8.90,8.9000,true,1,6330465
7290112195432,false,משקה אורז ושקדים 1לי רמי לוי,,,משקה אורז ושקדים 1לי,ליטרים,1.00,ליטר,false,,9.90,9.9000,true,1,6330466
7290112195449,false,משקה סויה מועשר סידן 1לי רמי לוי,,,משקה סויה מועשר סידן,ליטרים,1.00,ליטר,false,,8.90,8.9000,true,1,6330467
7290112195456,false,משקה שקדים 1לי רמי לוי,,,משקה שקדים 1לי רמי ל,ליטרים,1.00,ליטר,false,,9.90,9.9000,true,1,6330468
7290112195463,false,משקה שיבולת שועל 1לי רמי לוי,,,משקה שיבולת שועל 1לי,ליטרים,1.00,ליטר,false,,11.90,11.9000,true,1,6330469
7290112195548,false,קוסקוס דורום 500ג רמילוי,,,קוסקוס דורום 500ג רמ,גרמים,500.00,100 גרם,false,,5.90,0.0118,true,1,6326733
7290112195753,false,"תות שדה קפוא 1 ק""ג",,,"תות שדה קפוא 1 ק""ג",יחידה,0.00,יחידה,false,,14.90,0.0000,true,1,6431173
7290112196385,false,אטריות מקמח כוסמין מלא 400 גר,,,אטריות מקמח כוסמין מ,גרמים,400.00,100 גרם,false,,14.90,0.0373,true,1,6279975
7290112196408,false,קונכיות מקמח כוסמין מלא 400 גר,,,קונכיות מקמח כוסמין,גרמים,400.00,100 גרם,false,,14.90,0.0373,true,1,6279977
7290112196798,false,קמח כוסמין 8מלא מנופה 1קג,,,קמח כוסמין 8מלא מנופ,יח',1.00,יח',false,,16.90,16.9000,true,1,6313111
7290112197061,false,"סטייל - תחליב רחצה לניקוי וטיפוח הידיים ארגן 500 מ""ל",רנקסאן פלסטיק יאנגר,TR,תחליב רחצה 25% לחות,מטרים,500.00,100 מ'ל,false,,9.90,0.0198,true,1,6357238
7290112197078,false,"סטייל - תחליב רחצה לניקוי וטיפוח הידיים חמאת שיאה 500 מ""ל",רנקסאן פלסטיק יאנגר,TR,תחליב רחצה 25% לחות,מטרים,500.00,100 מ'ל,false,,9.90,0.0198,true,1,6357239
7290112197085,false,"סטייל - סבון מעוצב פריז 500 מ""ל",רנקסאן פלסטיק יאנגר,TR,סבון מעוצב פריז 500,מטרים,500.00,100 מ'ל,false,,9.90,0.0198,true,1,6393921
7290112197092,false,"סטייל - סבון מעוצב ניו יורק 500 מ""ל",רנקסאן פלסטיק יאנגר,TR,סבון מעוצב ניו יורק,מטרים,500.00,100 מ'ל,false,,9.90,0.0198,true,1,6393922
7290112197122,false,"סטייל - סבון ידיים ירוק 500 מ""ל חדש",רנקסאן פלסטיק יאנגר,TR,סבון ידיים ירוק 500,מטרים,500.00,100 מ'ל,false,,7.90,0.0158,true,1,6357240
7290112197139,false,"סטייל - סבון ידיים אדום 500 מ""ל חדש",רנקסאן פלסטיק יאנגר,TR,סבון ידיים אדום 500,מטרים,500.00,100 מ'ל,false,,7.90,0.0158,true,1,6357241
7290112197146,false,תחליף סוכר לכל מטרה טרוביה 360 גר*2,,US,זוג טרוביה תחליף סוכ,גרמים,720.00,100 גרם,false,,54.90,0.0762,true,1,6375232
7290112197177,false,דגני בוקר במילוי קרם בטעם נוגט ללא גלוטן 375 ג' G FREE,נטורל קייקס,IL,דגני בוקר במילוי קרם,גרמים,395.00,100 גרם,false,,21.90,0.0554,true,1,6358695
7290112197184,false,דגני בוקר במילוי קרם קרמל מלוח ללא גלוטן 375 ג' G FREE,נטורל קייקס,IL,דגני בוקר במילוי קרם,גרמים,395.00,100 גרם,false,,21.90,0.0554,true,1,6358696
7290112197191,false,דגני בוקר כהים במילוי קרם וניל ללא גלוטן 375 ג' G FREE,נטורל קייקס,IL,דגני בוקר כהים במילו,גרמים,395.00,100 גרם,false,,21.90,0.0554,true,1,6358697
7290112197207,false,מיני כריות בציפוי שוקולד חלב 70 גר,נטורל קייקס,IL,מיני כריות בציפוי שו,גרמים,70.00,100 גרם,false,,7.90,0.1129,true,1,6358698
7290112197702,false,פיצה משפחתית  מרגריטה 330 ג' ללא גלוטן ג'י פרי,נטורל קייקס,IL,פיצה מרגריטה קפואה ל,גרמים,330.00,100 גרם,false,,24.90,0.0755,true,1,6413077
7290112197719,false,פיצה משפחתית  זיתים 330 ג' ללא גלוטן ג'י פרי,נטורל קייקס,IL,פיצה זיתים ללא גלוטן,גרמים,330.00,100 גרם,false,,24.90,0.0755,true,1,6415428
7290112198044,false,"שמן זית כתית מעולה רמי לוי 750 מ""ל",,,שמן זית כתית מעולה ר,מיליליטרים,750.00,"100 מ""ל",false,,13.90,0.0185,true,1,6422836
7290112330352,false,"יוגורט PRO בטעם וניל 0% , 20 גרם חלבון בגביע","שטראוס בריאות בע""\מ",IL,דנונה פרו 20ג וניל 0,גרמים,200.00,100 גרם,false,,5.90,0.0295,true,1,5590707
7290112330390,false,דנונה פרו פירות יער 20 גרם חלבון 0% שומן 200 גרם,"שטראוס בריאות בע""\מ",IL,דנונה פרו 20ג פירות,גרמים,200.00,100 גרם,false,,5.90,0.0295,true,1,5590708
7290112330420,false,דנונה פרו לבן 2.9% שומן 150 גרם,מיוצר עי קונדיטוריית,IL,דנונה פרו לבן 2.9%,גרמים,150.00,100 גרם,false,,4.50,0.0300,true,1,5367888
7290112332691,false,פינוקיות עוגיות קרם פסק זמן אגוזים 200 גרם,"הגביע מוצרי וופלים בע""\מ",IL,עוגיית קרם פסק אגוזי,גרמים,200.00,100 גרם,false,,9.90,0.0495,true,1,5810035
7290112334596,false,שוקולית 935 גר עלית,שטראוס קפה בי.וי.,IL,שוקולית 850+10% גרם,גרמים,935.00,100 גרם,false,,14.90,0.0159,true,1,6255640
7290112335494,false,הפריכיות הטעימות תפוחי אדמה בטעם פוטטוס,"פרח תעשיות מזון בע""\מ",IL,פריכיות הטעימות פוטט,גרמים,135.00,100 גרם,false,,9.90,0.0733,true,1,5761999
7290112335500,false,"פרכיות אנרג'י חומוס,אורז,עדשים שחורות וקינואה 135 גרם","פרח תעשיות מזון בע""\מ",IL,פריכיות הטעימות חלבו,גרמים,135.00,100 גרם,false,,9.90,0.0733,true,1,5762000
7290112336613,false,עד חצות עוגיות סנדוויץ במילוי שוקולד חלב,שטראוס גרופ,FR,עד חצות סנדוויץ' ביס,גרמים,135.00,100 גרם,false,,9.90,0.0733,true,1,6189906
7290112336637,false,סוכריות מאסט Must ללא סוכר יוגורט תות ואוכניות,שטראוס גרופ,PL,"סוכריות לל""ס יוגורט",גרמים,80.00,100 גרם,false,,6.90,0.0863,true,1,5982868
7290112336644,false,סוכריות מאסט ללא סוכר לימון 80 ג' עלית,שטראוס גרופ,PL,"סוכריות לל""ס לימון 8",גרמים,80.00,100 גרם,false,,6.90,0.0863,true,1,5982869
7290112336651,false,סוכריות מאסט ללא סוכר ריבת חלב 80 ג' עלית,שטראוס גרופ,PL,"סוכריות לל""ס ריבת חל",גרמים,80.00,100 גרם,false,,6.90,0.0863,true,1,5982870
7290112336712,false,יוגורט PRO לבן 0% 21 גרם חלבון בגביע,"שטראוס בריאות בע""מ",IL,דנונה פרו 21 0%,גרמים,200.00,100 גרם,false,,5.90,0.0295,true,1,5455613
7290112337474,false,סוכריות מאסט ללא סוכר פטל לימון 80 ג' עלית,שטראוס גרופ,PL,"סוכריות לל""ס פטל לימ",גרמים,80.00,100 גרם,false,,6.90,0.0863,true,1,5982871
7290112337481,false,סוכריות מאסט ללא סוכר קפצ''ינו 80 ג' עלית,שטראוס גרופ,PL,"סוכריות לל""ס קפוצינו",גרמים,80.00,100 גרם,false,,6.90,0.0863,true,1,5982872
7290112338877,false,מעדן גבינה בטעם תות 3% 125ג' סקי,"שטראוס בריאות בע""\מ",IL,סקי תות 3% 125 גר,גרמים,125.00,100 גרם,false,,3.70,0.0296,true,1,5319258
7290112339171,false,מילקי מוס עם שוקולד וקצפת,מיוצר עי קונדיטוריית,IL,מילקי מוס 81 גר,גרמים,81.00,גרם,false,,3.30,0.0407,true,1,5319260
7290112339867,false,גמדים לדרך גבינה לבנה עם מחית תות,"שטראוס בריאות בע""\מ",IL,גמדים סקוויז לדרך תו,גרמים,100.00,100 גרם,false,,5.40,0.0540,true,1,5367890
7290112339874,false,גמדים לדרך גבינה לבנה עם מחיות תות ובננה,"שטראוס בריאות בע""\מ",IL,גמדים סקוויז לדרך תו,גרמים,100.00,100 גרם,false,,5.40,0.0540,true,1,5367891
7290112340276,false,פינוקיות עוגיות קרם קפה 200 גרם,"הגביע מוצרי וופלים בע""\מ",IL,עוגיית קרם קפה נמס 2,גרמים,200.00,100 גרם,false,,9.90,0.0495,true,1,5810037
7290112340900,false,קפה טורקי האג נטול קפאין 200 גרם,הנסיך- מפעל לייצור ט,IL,האג קפה טורקי 200 גר,גרמים,200.00,100 גרם,false,,24.90,0.1245,true,1,6249875
7290112341556,false,יוגורט אקטיביה עם צ'יה ותות 150 גרם,"שטראוס בריאות בע""\מ",IL,אקטיביה צ'יה ותות,גרמים,150.00,100 גרם,false,,4.50,0.0300,true,1,5930508
7290112341686,false,שמינייה יוגורט לבן אקטיביה 3% דנונה 150 גרם.,מיוצר עי קונדיטוריית,IL,יוגורט אקטיביה 3% 15,ליטרים,1.20,ליטר,false,,19.90,16.5833,true,1,5930510
7290112342102,false,סימפוניה גבינה במרקם שמנת בצל מקורמל 5%,"שטראוס בריאות בע""\מ",IL,סימפוניה בצל מקורמל,גרמים,200.00,100 גרם,false,,10.40,0.0520,true,1,6186319
7290112342270,false,קפה פלטינום אינטנס מחוזק ב- 10% אספרסו,שטראוס קפה בי.וי,IL,קפה פלטינום אינטנס 1,גרמים,125.00,100 גרם,false,,15.90,0.1272,true,1,5878117
7290112342508,false,דוריטוס צ'יזי טוויסט 70 גרם,"שטראוס פריטו ליי בע""\מ",IL,דוריטוס קול ראנצ' 70,גרמים,70.00,100 גרם,false,,3.20,0.0457,true,1,6151234
7290112343420,false,"משקה חלב עם דגנים מלאים ובננה פרו יטבתה 350מ""ל",מחלבת יטבתה,IL,יטבתה פרו ארוחת בוקר,מיליליטרים,350.00,"100 מ""ל",false,,6.90,0.0197,true,1,6199502
7290112343499,false,חטיף צ'יטוס פאפס אפוי בטעם גבינה,"שטראוס פריטו ליי בע""\מ )",IL,ציטוס פופס 55 גר,יח',1.00,יח',false,,3.10,3.1000,true,1,6321364
7290112343512,false,צ'יטוס puffs בטעם גבינה 180 גרם,"שטראוס פריטו ליי בע""\מ )",IL,ציטוס פופס 160 גר,100 יח,160.00,100 יח,false,,6.90,0.0431,true,1,6321365
7290112344564,false,רביולי גבינה קלאסי שטראוס 400 ג',מיוצר עי קונדיטוריית,IL,רביולי גבינה,גרמים,300.00,100 גרם,false,,19.80,0.0660,true,1,5930536
7290112344724,false,מעדן בטעם שוקולד בלונדי 170 ג' מילקי,מיוצר עי קונדיטוריית,IL,מילקי טעם שוקולד בלנ,גרמים,133.00,100 גרם,false,,3.30,0.0248,true,1,6115996
7290112344755,false,מילקי עם 26% פחות סוכר 135 גרם,מיוצר עי קונדיטוריית,IL,מילקי 26% פחות סוכר,מיליליטרים,135.00,"100 מ""ל",false,,2.70,0.0200,true,1,6271289
7290112344786,false,קפה פלטינום קלאסיק עלית 200 גרם,הנסיך- מפעל לייצור ט,IL,פלטינום קלאסיק 200 ג,גרמים,200.00,100 גרם,false,,24.90,0.1245,true,1,6219172
7290112344953,false,סימפוניה חציל קלוי גבינה במקרם שמנת 5%,"שטראוס בריאות בע""\מ",IL,סימפוניה חציל קלוי 5,גרמים,200.00,100 גרם,false,,10.40,0.0520,true,1,6278572
7290112346360,false,בפלות אחת אחת ופל בטעם שוקולד מצופה שוקולד,הגביע מוצרי וופלים ב,GR,בפלות אחת אחת בציפוי,גרמים,180.00,100 גרם,false,,11.90,0.0661,true,1,6201132
7290112346797,false,יוגורט אקטיביה שיבולת שועל ושזיף 150 גרם,מיוצר עי קונדיטוריית,IL,אקטיביה שיבולת שועל,גרמים,150.00,100 גרם,false,,4.50,0.0300,true,1,6219018
7290112346827,false,שמיניית אקטימל ויטמין C פטל 108 גרם,"שטראוס בריאות בע""\מ",IL,אקטימל ויטמין סי פטל,מיליליטרים,864.00,"100 מ""ל",false,,19.90,0.0230,true,1,6269377
7290112347008,false,גמדים לדרך גבינה לבנה עם מחית תות ושיבולת שועל,מיוצר עי קונדיטוריית,IL,גמדים ארוחת בוקר עם,יח',1.00,יח',false,,5.40,5.4000,true,1,6116002
7290112348142,false,שעועית לבנה 380 ט.הטבע קופסה 380 גרם,שטראוס טעם הטבע,IT,שעועית לבנה 380גר קו,גרמים,380.00,100 גרם,false,,6.90,0.0182,true,1,6231839
7290112348616,false,עלית - קפה נמס אגוזי לוז 100 גרם,שטראוס קפה בי.וי,IL,קפה נמס אגוזי לוז 10,גרמים,100.00,100 גרם,false,,14.80,0.1480,true,1,6260063
7290112349606,false,מעדן גבינה ויוגורט תות בננה 88 ג' דניאלה,"שטראוס בריאות בע""\מ",IL,דניאלה תות בננה 88 ג,מיליליטרים,88.00,"100 מ""ל",false,,3.90,0.0443,true,1,6341447
7290112349705,false,פומודורו רוטב עגבניות קלאסי לפסטה יד מרדכי 350 גרם,אמיליאנה קונסרב סוסייטה,IT,פומודורו רוטב עגבניו,גרמים,350.00,100 גרם,false,,10.90,0.0311,true,1,6201849
7290112349736,false,בזיליקום רוטב עגבניות לפסטה יד מרדכי 350 גרם,אמיליאנה קונסרב סוסייטה,IT,בזיליקום רוטב עגבניו,גרמים,350.00,100 גרם,false,,10.90,0.0311,true,1,6201850
7290112349750,false,פיצה רוטב עגבניות לפיצה יד מרדכי 350 גרם,אמיליאנה קונסרב סוסייטה,IT,רוטב עגבניות לפיצה 3,גרמים,350.00,100 גרם,false,,10.90,0.0311,true,1,6201852
7290112349897,false,מסטיק מאסט Must קוביות בטעם מנטה ללא סוכר,אסקום קונפקשיין,DE,מאסט קוביות מנטה 86,יח',1.00,יח',false,,13.90,13.9000,true,1,6219180
7290112350312,false,קפסולות 15 קפה יותר למכונות נספרסו עלית 10יח',הנסיך- מפעל לייצור ט,IL,קפסולות 15 למכונת נס,יח',1.00,יח',false,,15.90,15.9000,true,1,6255641
7290112350589,false,ציקו אבקה להכנת משקה ציקוריה 65 גר,שטראוס קפה בי.וי,IL,קפה צ'יקו 65 גר,גרמים,65.00,100 גרם,false,,9.90,0.1523,true,1,6241839
7290112351463,false,שלישיית סוכריות מאסט FRESH פטל לימון 45 ג' עלית,"הליקון גידה בע""\מ",TR,שלישיית סוכריות רפרש,יח',1.00,יח',false,,7.90,7.9000,true,1,6231797
7290112351470,false,סוכריות ללא סוכר בטעם תות רימון מאסט פרש,"הליקון גידה בע""\מ",TR,שלישיית סוכריות רפרש,יח',1.00,יח',false,,7.90,7.9000,true,1,6231798
7290112351524,false,עלי סלנובה 200 גר' שטראוס טעם הטבע,שטראוס בריאות ירקות טריי,IL,עלי סלנובה 200 גר' ש,גרמים,200.00,100 גרם,false,,11.90,0.0595,true,1,6242912
7290112354211,false,"פיצה מרגריטה""דלישס"" שטראוס",סקרלינפיצה אס. אר. אל. א,IT,פיצה מרגריטה 400גרם,גרמים,400.00,100 גרם,false,,14.90,0.0373,true,1,6325956
7290112354235,false,ברקטה פיצה - 2 יחידות במארז,סקרלינפיצה אס. אר. אל. א,IT,דלישס ברקטה פיצה 300,גרמים,300.00,100 גרם,false,,16.90,0.0563,true,1,6325830
7290112355027,false,דנונה פרו 20 גרם חלבון בטעם קרמל מלוח 200 גרם,"שטראוס בריאות בע""\מ",IL,דנונה פרו 20ג קרמל מ,גרמים,200.00,100 גרם,false,,5.90,0.0295,true,1,6271268
7290112355102,false,גמדים סקוויז 100 גרם פאוץ סלט פירות 100 גרם,"שטראוס בריאות בע""\מ",IL,גמדים פאוץ סלט פירות,גרמים,100.00,100 גרם,false,,5.40,0.0540,true,1,6278575
7290112355812,false,מילקי טופ קורנפלקס 141 ג' שטראוס,"שטראוס גרופ בע""\מ",IL,מילקי טופ קורנפלקס 1,גרמים,141.00,100 גרם,false,,4.50,0.0319,true,1,6381924
7290112357045,false,עגבניות איטלקיות מרוסקות ט.הטבע קופסה 390 גר',שטראוס טעם הטבע,IT,מחית עגבניות מרוסקות,גרמים,390.00,100 גרם,false,,6.20,0.0159,true,1,6231840
7290112357069,false,מחית עגבניות איטלקיות 500 גרם ט.הטבע קופסה,שטראוס טעם הטבע,IT,מחית עגבניות איטלקיו,גרמים,500.00,100 גרם,false,,6.50,0.0130,true,1,6231841
7290112357076,false,קוביות עגבניות איטלקיות 390 גרם ט.הטבע קופסה,קונסרב איטליה,IT,קוביות עגבניות איטלק,גרמים,390.00,100 גרם,false,,6.20,0.0159,true,1,6255642
7290112357083,false,טעם הטבע אפונה ירוקה 380 גרם קופסה,הדקלאים אגודת שיתופי,IT,אפונת גינה 380 גר,גרמים,380.00,100 גרם,false,,6.90,0.0182,true,1,6231778
7290112357106,false,שעועית אדומה מבושלת טעם הטבע 380 ג',שטראוס טעם הטבע,IT,שעועית אדומה 380גר ק,גרמים,380.00,100 גרם,false,,6.90,0.0182,true,1,6231842
7290112357175,false,קפסולות BOOST למכונת נספרסו עלית 10 יחידות,שטראוס קפה בי.וי,IL,קפסולות בוסט למכונת,יח',1.00,יח',false,,15.90,15.9000,true,1,6207905
7290112358127,false,יוגורט PRO בטעם וניל עוגיות פלוס מגנזיום,מיוצר עי קונדיטוריית,IL,דנונה פרו 20ג מגנזיו,גרמים,200.00,100 גרם,false,,5.90,0.0295,true,1,6269379
7290112358257,false,רוטב לעוף עם שזיפים יד מרדכי 300 גרם,"ב.א. מזון בע""\מ",IL,רוטב לעוף עם שזיפים,גרמים,300.00,100 גרם,false,,11.90,0.0397,true,1,6224197
7290112490032,false,"נמס בכוס טעם תירס קנור 31 גרם מארז זוגי בד""צ",יוניליוור ישראל מזון בעמ,IL,"נמס בכוס תירס בד""ץ",גרמים,22.50,100 גרם,false,,6.50,0.2889,true,1,5049096
7290112490209,false,נמס בכוס מרק עגבניות עם קרוטונים רכיבים טבעיים,יוניליוור ישראל מזון בעמ,IL,נמס בכוס 100% רכיבים,יח',1.00,יח',false,,5.90,5.9000,true,1,4909041
7290112490216,false,מרק נמס בכוס בטעם עוף קנור 100% רכיבים טבעיים,יוניליוור ישראל מזון בעמ,IL,נמס בכוס טעם עוף וקר,גרמים,29.00,100 גרם,false,,5.90,0.2034,true,1,4909042
7290112490230,false,מרק נמס בכוס אפונה קנור 100% רכיבים טבעיים,יוניליוור ישראל מזון בעמ,IL,נמס בכוס 100% אפונה,גרמים,25.00,100 גרם,false,,5.90,0.2360,true,1,4909043
7290112490650,false,קונפיטורה תות שדה 340 גרם-צנצנת,קונפיטורות לה-ארדניי,BE,קונפיטורה תות 778 50,גרמים,340.00,100 גרם,false,,11.90,0.0350,true,1,4909046
7290112490667,false,קונפיטורה משמש778 50% פרי 340 גר',יוניליוור מזון,BE,קונפיטורה משמש778 50,גרמים,340.00,100 גרם,false,,11.90,0.0350,true,1,4909047
7290112490674,false,קונפיטורה דובדבנים 778 50% פרי 340 גר-,יוניליוור מזון,BE,קונפיטורה דובדבנים 7,גרמים,340.00,100 גרם,false,,11.90,0.0350,true,1,4909048
7290112490698,false,קונפיטורה תות שדה לייט 300 גרם-צנצנת,יוניליוור מזון,IL,קונפיטורה תות לייט 5,גרמים,260.00,100 גרם,false,,12.90,0.0496,true,1,4909050
7290112490728,false,מרק עשיר ירקות עם בורגול רכיבים טבעיים 95 ג' קנור,יוניליוור ישראל מזון בעמ,IL,מרק עשיר ירקות בורגו,גרמים,95.00,100 גרם,false,,11.90,0.1253,true,1,5049118
7290112490759,false,מרק עשיר עוף עם אטריות רכיבים טבעיים 74 ג' קנור,יוניליוור ישראל מזון בעמ,IL,קנור מרק עשיר עוף אט,יח',1.00,יח',false,,11.90,11.9000,true,1,5049121
7290112490896,false,"קנור רוטב צ'ילי חריף 370 מ""ל PAL",יוניליוור מזון,IL,רוטב צ'ילי חריף קנור,מיליליטרים,370.00,"100 מ""ל",false,,9.90,0.0268,true,1,5186462
7290112491701,false,ברנפלקס בטעם וניל מעודן 20% חלבון Extra Protein,יוניליוור ישראל מזון בעמ,IL,ברנפלקס אקסטרא פרוטי,גרמים,375.00,100 גרם,false,,19.90,0.0531,true,1,5262995
7290112491787,false,בייגלה דקים דקים עם שומשום בייגל בייגל 300 גרם,בייגל את בייגל מזון 198),IL,בייגלה דקים ושומשום,גרמים,300.00,100 גרם,false,,9.90,0.0330,true,1,5151593
7290112491794,false,בייגלה דקים דקים בטעם שמנת ובצל בייגל בייגל 300 גרם,בייגל את בייגל מזון 198),IL,בייגלה דקים שמנת בצל,גרמים,300.00,100 גרם,false,,9.90,0.0330,true,1,5304975
7290112492487,false,פינוק שמפו לשיער עם שמן מרוקאי 700 מל,יוניליוור ישראל טיפוח אי,IL,פינוק שמפו שמן מרוקא,מיליליטרים,700.00,"100 מ""ל",false,,11.90,0.0170,true,1,6220912
7290112492593,false,תחליב רחצה פינוק בניחוח פינוק קלאסי 700,יוניליוור ישראל טיפוח אי,IL,פינוק תחליב רחצה קלא,מיליליטרים,700.00,"100 מ""ל",false,,9.90,0.0141,true,1,6085335
7290112492609,false,"תחליב רחצה פינוק 700 מ""ל לבנדר ווניל",יוניליוור ישראל טיפוח אי,IL,פינוק תחליב רחצה לבנ,מיליליטרים,700.00,"100 מ""ל",false,,9.90,0.0141,true,1,6085336
7290112492982,false,אבקת מרק פטריות רכיבים טבעיים קנור 400ג',יוניליוור ישראל מזון בע\,IL,קנור מרק פטריות רכיב,גרמים,400.00,100 גרם,false,,18.90,0.0472,true,1,6126036
7290112492999,false,קנור מרק עוף אמיתי 400 גרם פרווה,יוניליוור ישראל מזון בע\,IL,קנור מרק טעם עוף 400,גרמים,400.00,100 גרם,false,,11.90,0.0298,true,1,6160447
7290112493088,false,נמס בכוס עדשים מרק רכיבים טבעיים קנור 54 ג',אתר חיפה אבקות - Foo,IL,נמס בכוס עדשים חריף,גרמים,24.00,2 גרם,false,,6.50,0.2708,true,1,5740288
7290112493095,false,נמס בכוס מרק עגבניות חריף רכיבים טבעיים קנור 48 ג',אתר חיפה אבקות - Foo,IL,נמס בכוס עגבניות חרי,גרמים,56.00,2 גרם,false,,6.50,0.1161,true,1,5740289
7290112493293,false,קנור - נמס ירקות וקרוטונים ר.טבעי 44 גרם,יוניליוור ישראל מזון בעמ,IL,נמס בכוס ירקות קרוטו,גרמים,24.00,2 גרם,false,,5.90,0.2458,true,1,5740290
7290112493316,false,מרק היום אפונה ר.טבעיים קנור 117 גרם,יוניליוור ישראל מזון בעמ,IL,מרק היום אפונה 100%,גרמים,117.00,100 גרם,false,,11.90,0.1017,true,1,5740291
7290112493927,false,גלידה בטעם ריבת חלב 1.33ל' קרמיסימו,"גלידת שטראוס בע""\מ, רחוב",IL,קרמיסימו ריבת חלב 1.,קילוגרמים,1.33,"ק""ג",false,,17.90,13.4586,true,1,6126115
7290112493934,false,גלידת וניל צרפתי קרמיסימו 1.33 ל,"גלידת שטראוס בע""\מ, רחוב",IL,קרמיסימו וניל צרפתי,קילוגרמים,1.33,"ק""ג",false,,17.90,13.4586,true,1,6126116
7290112493965,false,קרמיסימו חלבית בטעם מסטיק וניל 665 גר,"גלידת שטראוס בע""\מ, רחוב",IL,קרמיסימו מסטיגם 1.33,קילוגרמים,1.33,"ק""ג",false,,17.90,13.4586,true,1,6126117
7290112494153,false,תיבולית בניחוח צלי קנור 72 גרם,יוניליוור ישראל מזון בע\,IL,תיבולית ניחוח צלי 72,גרמים,200.00,100 גרם,false,,7.40,0.0370,true,1,6202122
7290112494382,false,פירה בטעם ביתי 260 גרם-קופסא,יוניליוור ישראל מזון בע\,IL,קנור פירה ביתי 260 ג,גרמים,260.00,100 גרם,false,,8.90,0.0342,true,1,6016437
7290112494795,false,בדין-ג'ל לכביסה לבנה וצבעונית בניחוח עדין כחול 2.5 ליטר,"זוהר דליה, קיבוץ דליה, 1",IL,בדין ג'ל לכביסה כחול,יח',1.00,יח',false,,27.90,27.9000,true,1,6085341
7290112494801,false,בדין-ג'ל לכביסה לבנה וצבעונית בניחוח עדין ורוד 2.5 ליטר,יוניליוור פארם,IL,בדין ג'ל כביסה ורוד,יח',1.00,יח',false,,27.90,27.9000,true,1,6085342
7290112494825,false,תרחיץ פנים לעור רגיש מכיל 25% קרם לחות,יוניליוור ישראל טיפוח אי,IL,דאב תרחיץ פנים לעור,מיליליטרים,180.00,"100 מ""ל",false,,11.90,0.0661,true,1,6253647
7290112494832,false,"דאב - תרחיץ פנים לעור רגיל 180 מ""ל",יוניליוור ישראל טיפוח אי,IL,תרחיץ פנים לעור רגיל,מיליליטרים,180.00,"100 מ""ל",false,,11.90,0.0661,true,1,6253648
7290112495037,false,דגני בוקר בטעם שוקולד כדורים 375 ג' קוקומן,יוניליוור שפע ישראל בעמ,IL,קוקומן כדורים בדצ 37,גרמים,375.00,100 גרם,false,,18.90,0.0504,true,1,6045590
7290112495044,false,ציפי (פצפוצים) גריין בדצ 500גר,"יוניליור שפע ישראל בע""\מ",IL,"קוקומן פיצפוצים בד""ץ",גרמים,375.00,100 גרם,false,,18.90,0.0504,true,1,6045591
7290112495433,false,דגני דליפקאן תוספת אגוזי פקאן ושקדים 400 גר,"יוניליור שפע ישראל בע""\מ",IL,קורנפלקס דליפקאן 400,גרמים,400.00,100 גרם,false,,19.70,0.0492,true,1,5888833
7290112495754,false,"רטבי הלמנס לסלט 300 מ""ל אלף האיים",יוניליוור ישראל מזון בעמ,IL,הלמנס רוטב אלף האיים,מיליליטרים,305.00,"100 מ""ל",false,,9.90,0.0325,true,1,6205971
7290112495761,false,"הלמנס רוטב לחיץ אלף האיים לייט 290 מ""ל",יוניליוור ישראל מזון בעמ,IL,הלמנס רוטב לחיץ אלף,מיליליטרים,290.00,"100 מ""ל",false,,9.90,0.0341,true,1,6203547
7290112495785,false,רוטב לסלט שום הלמנס 300ג,יוניליוור ישראל מזון בעמ,IL,הלמנס רוטב שום 300מל,מיליליטרים,300.00,"100 מ""ל",false,,9.90,0.0330,true,1,6202407
7290112495792,false,הלמנס רוטב לסלט שום לייט 300 גר',יוניליוור ישראל מזון בעמ,IL,הלמנס רוטב שום לייט,מיליליטרים,300.00,"100 מ""ל",false,,9.90,0.0330,true,1,6202408
7290112495815,false,"רוטב חרדל ודבש לייט הלמנס 305 גרם בד""צ.",יוניליוור ישראל מזון בעמ,IL,הלמנס רוטב חרדל ודבש,גרמים,305.00,100 גרם,false,,9.90,0.0325,true,1,6210704
7290112496027,false,סירופ שוקולד אפיכל 580 גרם,יוניליוור ישראל מזון בע\,IL,אפיכל סירופ שוקולד 5,מיליליטרים,580.00,"100 מ""ל",false,,11.90,0.0205,true,1,6205775
7290112496034,false,סירופ מייפל אפיכל 580 גרם,יוניליוור ישראל מזון בע\,IL,אפיכל סירופ מייפל 58,מיליליטרים,580.00,"100 מ""ל",false,,11.90,0.0205,true,1,6205776
7290112496287,false,פתית - צ'יפס בטטה בטעם טבעי 21 גרם,JLM גלובל פודסn37\ דרך א,GB,פתית ציפס בטטה טעם ט,יח',1.00,יח',false,,4.90,4.9000,true,1,6229435
7290112496294,false,חטיף פתית צ'יפס עם אפונה ירוקה צהובה וצ'ילי,JLM גלובל פודסn37\ דרך א,GB,פתית ציפס אפונה ותוס,יח',1.00,יח',false,,4.90,4.9000,true,1,6229436
7290112496430,false,נמס בכוס אקסטרה מרק עגבניות עם המון אטריות,יוניליוור ישראל מזון בע\,IL,נמס בכוס אקסטרה עגבנ,יח',1.00,יח',false,,3.90,3.9000,true,1,6281326
7290112496447,false,נמס בכוס אקסטרה טעם עוף עם המון אטריות 27ג',יוניליוור ישראל מזון בע\,IL,נמס בכוס אקסטרה מרק,יח',1.00,יח',false,,3.90,3.9000,true,1,6281327
7290112496461,false,נמס בכוס אקסטרה מרק ירקות עם המון אטריות,יוניליוור ישראל מזון בע\,IL,קנור נמס בכוס אקסטרה,יח',1.00,יח',false,,3.90,3.9000,true,1,6304400
7290112497000,false,סיף פנטסטיק ניקוי כללי בניחוח לימון 1 לי,"זוהר דליה, קיבוץ דלי",IL,פנטסטיק סיף 1 ליטר-ח,יח',1.00,יח',false,,9.90,9.9000,true,1,6228123
7290112497369,false,דאב דאו רול און טלק סופט לנשים,"יוניליוור אנגליה, דרך קו",GB,דאב רולאון טאלק 50 מ,גרמים,50.00,100 גרם,false,,14.90,0.2980,true,1,6275292
7290112497505,false,וזלין תחליב גוף בתוספת אלוורה 600 מל,"יוניליוור, ג'פרסון סיטי,",US,וזלין תחליב גוף בתוס,מיליליטרים,618.00,"100 מ""ל",false,,19.90,0.0322,true,1,6236574
7290112498069,false,"קוקומן ללא גלוטן 375 גרם כשל""פ","מולינו ניקולי ,S.p.A ויה",IT,קוקומן ללא גלוטן 375,גרמים,375.00,100 גרם,false,,17.90,0.0477,true,1,6281328
7290112498274,false,פינוק אלסבון לידיים לבנדר וניל 1ליטר+משא,יוניליוור ישראל טיפוח אי,TR,פינוק אלסבון לידיים,מטרים,1000.00,100 מ'ל,false,,11.80,0.0118,true,1,6304372
7290112498281,false,"אל סבון לידיים בתוספת שמן קוקוס פינוק 950 מ""ל",יוניליוור ישראל טיפוח אי,TR,פינוק אלסבון לידיים,מטרים,1000.00,100 מ'ל,false,,11.80,0.0118,true,1,6304373
7290112498441,false,"קנור רוטב אסיאתי למוקפץ 300 מ""ל בד""ץ",יוניליוור ישראל מזון בע\,IL,קנור רוטב אסיאתי למו,מיליליטרים,300.00,"100 מ""ל",false,,9.90,0.0330,true,1,6290691
7290112498526,false,"פתית צ'יפס עם בטטה סגולה בטעם שמנת ובצל, 22 גרם",JLM גלובל פודסn37\ דרך א,GB,פתית ציפס בטטה סגולה,יח',1.00,יח',false,,4.90,4.9000,true,1,6309686
7290112498748,false,מיני סולרו וניל תות שדה 350 גרם,"מיוצר ע""\י גלידת שטראוס",IL,שטראוס מאגדת מיני סו,יח',1.00,יח',false,,19.50,19.5000,true,1,6281333
7290112498885,false,מאגדת גודי'ז תותים ושוקולד לבן 235 גרם,"גלידת שטראוס בע""\מ, רח'\",IL,מאגדת גודיז תותים וש,גרמים,240.00,100 גרם,false,,19.50,0.0813,true,1,6290720
7290112498915,false,מאגדת מיני מגנום שקדים מובחר שטראוס 250 גרם,"מיוצר ע""\י גלידת שטראוס",IL,מאגדת מיני מגנום שקד,יח',1.00,יח',false,,24.90,24.9000,true,1,6304381
7290112498922,false,מאגדת מיני מגנום לבן שטראוס 250 גרם,"מיוצר ע""\י גלידת שטראוס",IL,מאגדת מיני מגנום לבן,יח',1.00,יח',false,,24.90,24.9000,true,1,6304382
7290112499097,false,מאגדת מיני מגנום מריר Intense Dark! 240 גרם,"מיוצר ע""\י גלידת שטראוס",IL,מגנום מיני שוקולד מר,יח',1.00,יח',false,,24.90,24.9000,true,1,6349659
7290112499196,false,גלידה בטעם החלב של הקורנפלקס 1.33 ל' קרמיסימו,"גלידת שטראוס בע""\מ, רחוב",IL,קרמיסימו חלב קורנפלק,ליטרים,1.33,ליטר,false,,17.90,13.4586,true,1,6389130
7290112499219,false,שלגון שמנת מופחת שומן וקלוריות בטעם פיסטוק עם ריפל בטעם שוקולד מריר וציפוי חלקי של שוקולד חלב מעולה,"גלידת שטראוס בע""\מ, רחוב",IL,מאגדת גודיז פיסטוק ש,גרמים,240.00,100 גרם,false,,19.90,0.0829,true,1,6367001
7290112499226,false,גלידונית קרמיסימו פיסטוק בננה 630 גרם,"גלידת שטראוס בע""\מ, רחוב",IL,גלידונית קרמיסימו פי,גרמים,630.00,100 גרם,false,,39.80,0.0632,true,1,6424538
7290112499462,false,פינוק תחליב רחצה 700 בתוספת שמן קוקוס,יוניליוור ישראל טיפוח אי,IL,פינוק תחליב רחצה שמן,מיליליטרים,700.00,"100 מ""ל",false,,9.90,0.0141,true,1,6300099
7290112499493,false,"רקסונה - דאודורנט ספריי לאישה אלוורה 150 מ""ל","ארנסט, רחוב קומבינצקיה 6",RU,רקסונה ספריי נשים במ,מיליליטרים,150.00,"100 מ""ל",false,,9.90,0.0660,true,1,6349654
7290112499509,false,"רקסונה - דאודורנט ספריי לאישה בניחוח אפרסק ולמון גראס 150 מ""ל",יוניליוור פארם,RU,רקסונה דאו אפרסק 150,מטרים,150.00,100 מ'ל,false,,9.90,0.0660,true,1,6402147
7290112499844,false,מאגדת מיני מגנום דואט שוקולד עם נוגט שטראוס 310 גרם,"מיוצר ע""\י גלידת שטראוס",IL,מגנום מיני דואט שוקו,יח',1.00,יח',false,,24.90,24.9000,true,1,6176295
7290112499943,false,מיני מאגדת מיני מגנום טעמים שונים וניל+שוקו,"מיוצר ע""\י גלידת שטראוס",IL,מגנום מיני חוף השנהב,יח',1.00,יח',false,,24.90,24.9000,true,1,6176296
7290112707277,false,בקבוק נירוסטה מעוצב 500 מל - חד קרן,,,בקבוק נירוסטה מעוצב,יח',1.00,יח',false,,19.90,19.9000,true,1,5810084
7290112870124,false,ממרח עגבניות מיובשות 190ג רמילוי,,,ממרח עגבניות מיובשות,גרמים,190.00,100 גרם,false,,10.90,0.0574,true,1,4877971
7290112870131,false,ממרח ארטישוק 190ג רמ,,,ממרח ארטישוק 190ג רמ,גרמים,190.00,100 גרם,false,,10.90,0.0574,true,1,4877972
7290112870148,false,ממרח טפנד זית מרינד 190ג רמילוי,,,ממרח טפנד זית מרינד,גרמים,190.00,100 גרם,false,,10.90,0.0574,true,1,4877973
7290112870155,false,ממרח טפנד זית ירוק 1,,,ממרח טפנד זית ירוק 1,גרמים,190.00,100 גרם,false,,10.90,0.0574,true,1,4877974
7290112870162,false,ממרח צ'מיצ'ורי 190ג,,,ממרח צ'מיצ'ורי 190ג,גרמים,190.00,100 גרם,false,,10.90,0.0574,true,1,4877975
7290112870179,false,ממרח פלפל אדום 190ג,,,ממרח פלפל אדום 190ג,גרמים,190.00,100 גרם,false,,10.90,0.0574,true,1,4877976
7290112870186,false,ממרח פסטו בזיליקום 190ג רמילוי,,,ממרח פסטו בזיליקום 1,גרמים,190.00,100 גרם,false,,10.90,0.0574,true,1,4877977
7290112870551,false,ממרח אריסה 190 ג רמילוי,,,ממרח אריסה 190 ג רמי,גרמים,190.00,100 גרם,false,,10.90,0.0574,true,1,5475863
7290112870575,false,ממרח שום 190 ג רמילוי,,,ממרח שום 190 ג רמילו,גרמים,190.00,100 גרם,false,,10.90,0.0574,true,1,5475865
7290112880802,false,כוס טרמית,,,כוס טרמית,יח',1.00,יח',false,,9.90,9.9000,true,1,6442519
7290112961372,false,פיטנס חטיפי פריכיות דקות קינמון 60 גרם,"פרח תעשיות מזון בע""\מ",IL,פיטנס חטיפי פריכיות,גרמים,60.00,100 גרם,false,,7.80,0.1300,true,1,5306410
7290112961440,false,פיטנס חטיפי פריכיות שוקולד מריר 84 גרם,פרח תעשיות,IL,פיטנס בר חטיפי פריכי,יח',1.00,יח',false,,11.90,11.9000,true,1,6208412
7290112961464,false,פיטנס חטיפי פריכיות דגנים וחומוס מתובלות,"פרח תעשיות מזון בע""\מ",IL,פיטנס חטיפי פריכיות,גרמים,60.00,100 גרם,false,,7.90,0.1317,true,1,5306411
7290112962287,false,טבעול שווארמה טבעונית 6*450 גרם,"טבעול תעשיות מזון בע""\מ",IL,טבעול שווארמה טבעוני,גרמים,450.00,100 גרם,false,,29.90,0.0664,true,1,6222757
7290112963321,false,גריסיני בייגלה שטוח ללא גלוטן אסם 300גרם,מיוצר עי קונדיטוריית,IL,בייגלה שטוח ללא גלוט,גרמים,300.00,100 גרם,false,,11.90,0.0397,true,1,6216328
7290112963918,false,פיטנס חטיפי קרקר דק רוזמרין 140 גרם,נסטלה Nestle,IL,פיטנס קרקר דק רוזמרי,גרמים,140.00,100 גרם,false,,10.90,0.0779,true,1,5683028
7290112964434,false,אסם רוטב קיסר חדש לסלט 295 גרם,"אסם תעשיות בע""מ",IL,רוטב קיסר לסלט 290 מ,מיליליטרים,290.00,"100 מ""ל",false,,8.90,0.0307,true,1,5683046
7290112964564,false,"רוטב אלף האיים לייט לסלט אסם 295 מ""ל","אסם תעשיות בע""מ",IL,רוטב אלף האיים לייט,מיליליטרים,295.00,"100 מ""ל",false,,8.90,0.0302,true,1,5683049
7290112964601,false,רוטב בנוסח סצ'ואן הסדרה האסייתית,"אסם השקעות בע""\מ",IL,רוטב בנוסח סצואן אסם,מיליליטרים,290.00,"100 מ""ל",false,,10.90,0.0376,true,1,5603752
7290112964625,false,אסם רוטב שום לייט חדש לסלט 310 גרם,"אסם תעשיות בע""מ",IL,רוטב שום לייט לסלט 3,מיליליטרים,310.00,"100 מ""ל",false,,8.90,0.0287,true,1,5683074
7290112964724,false,המבורגר צמחוני עם המון חלבון 580 גר,מיוצר עי קונדיטוריית,IL,טבעול המבורגר טבעוני,גרמים,580.00,100 גרם,false,,29.90,0.0516,true,1,5861729
7290112965165,false,מרק נמס פטריות אסם בדצ 48 גרם מארז זוגי,"אסם תעשיות בע""מ",IL,זוג מרק נמס פטריות ב,יח',1.00,יח',false,,5.50,5.5000,true,1,6091392
7290112965264,false,אבקת מרק נמס אפונה אסם בדצ 52 גרם מארז זוגי,"אסם תעשיות בע""מ",IL,אסם זוג מרק נמס אפונ,יח',1.00,יח',false,,5.50,5.5000,true,1,6249814
7290112965288,false,מרק נמס ירקות אסם בדצ 56 גרם מארז זוגי,"אסם תעשיות בע""מ",IL,אסם זוג מרק נמס ירקו,יח',1.00,יח',false,,5.50,5.5000,true,1,6249815
7290112965301,false,זוג מרק נמס בטעם עוף עם שקדי מרק רגע חם,"אסם תעשיות בע""מ",IL,זוג מרק נמס טעם עוף,יח',1.00,יח',false,,5.50,5.5000,true,1,6091394
7290112965325,false,תבשיל אורז ספרדי אוסם 140 גרם,"אסם תעשיות בע""מ",IL,אורז ספרדי 140 גר,גרמים,140.00,100 גרם,false,,11.50,0.0821,true,1,6091483
7290112965363,false,קציצות קינואה וברוקולי טבעול 525 גרם,"טבעול תעשיות מזון בע""\מ",IL,טבעול קציצת קינואה ו,גרמים,525.00,100 גרם,false,,29.90,0.0570,true,1,6174015
7290112965745,false,אוסם - ביסלי פריסטייל בצל מעושן 60 גרם,"אסם השקעות בע""\מ",IL,ביסלי פריסטייל בצל מ,גרמים,60.00,100 גרם,false,,3.90,0.0650,true,1,6303807
7290112965783,false,אוסם - ביסלי פריסטייל על האש 60 גרם,"אסם השקעות בע""\מ",IL,ביסלי פריסטייל על הא,גרמים,60.00,100 גרם,false,,3.90,0.0650,true,1,6303808
7290112965806,false,אוסם - ביסלי פריסטייל חמוץ חריף 60 גרם,"אסם תעשיות בע""מ",IL,ביסלי פריסטייל חמוץ,גרמים,60.00,100 גרם,false,,3.90,0.0650,true,1,6303809
7290112965943,false,טבעול נאגטס ירקות ירוקים 6*500גרם,"טבעול תעשיות מזון בע""\מ",IL,טבעול נאגטס ירקות יר,גרמים,500.00,100 גרם,false,,27.50,0.0550,true,1,6215632
7290112966094,false,עוגת הבית תפוז מופחת סוכר אסם 400 גרם,מיוצר עי קונדיטוריית,IL,עוגת תפוז פחות סוכר,גרמים,400.00,100 גרם,false,,10.90,0.0273,true,1,6198648
7290112966247,false,לחמית כוסמין אסם 200 גרם,"אסם תעשיות בע""מ",IL,לחמית כוסמין 200 גרם,גרמים,200.00,100 גרם,false,,8.90,0.0445,true,1,6216355
7290112966841,false,אינסטנט פודינג בטעם שוקולד מריר 95 גרם,מיוצר עי קונדיטוריית,IL,אינסטנט פודינג בטעם,גרמים,95.00,100 גרם,false,,4.90,0.0516,true,1,6174016
7290112967114,false,פיטנס חטיפי פריכיות קטניות ופלפל 60 גרם,"פרח תעשיות מזון בע""\מ",IL,פיטנס חטיפי פריכיות,יח',1.00,יח',false,,7.90,7.9000,true,1,6207934
7290112967138,false,בייגלה שמיניות ללא גלוטן אסם 250 גרם,מיוצר עי קונדיטוריית,IL,בייגלה שמיניות ללא ג,יח',1.00,יח',false,,9.90,9.9000,true,1,6136281
7290112967220,false,מארז ביסלי ברביקיו 20X10 גרם,"אסם השקעות בע""\מ",IL,ביסלי ברבקיו מארז 10,גרמים,200.00,100 גרם,false,,13.90,0.0695,true,1,6216329
7290112967244,false,ביסלי גריל מארז אחיד10 10*20גרם,,,ביסלי גריל מארז אחיד,גרמים,200.00,100 גרם,false,,13.90,0.0695,true,1,6240504
7290112967381,false,פיטנס חטיפי פריכיות קטניות ומלח ים 60 גרם,"פרח תעשיות מזון בע""\מ",IL,פיטנס חטיפי פריכיות,יח',1.00,יח',false,,7.90,7.9000,true,1,6208413
7290112967572,false,"אסם רוטב ברביקיו 290 מ""ל אסם",Unknown,IL,רוטב ברביקיו 290 מל,מיליליטרים,290.00,"100 מ""ל",false,,8.90,0.0307,true,1,6228320
7290112968708,false,"שניצל תירס עדה חרדית טבעול 1.3 ק""ג","טבעול תעשיות מזון בע""\מ",IL,טבעול שניצל תירס 1.3,קילוגרמים,1.30,"ק""ג",false,,39.90,30.6923,true,1,6215676
7290112968722,false,טבעול נקניקיות מן הצומח עדה חרדית 1.2קג,"טבעול תעשיות מזון בע""\מ",IL,טבעול נקניקיות מן הצ,קילוגרמים,1.20,"ק""ג",false,,39.90,33.2500,true,1,6215657
7290112968807,false,פיטנס - קרקר דק סלק 140 גרם,מפעל אסם יקנעם,IL,פיטנס קרקר דק סלק 14,גרמים,140.00,100 גרם,false,,10.90,0.0779,true,1,6249851
7290112968821,false,פיטנס - קרקר דק בטטה 140 גרם,מפעל אסם יקנעם,IL,פיטנס קרקר דק בטטה 1,גרמים,140.00,100 גרם,false,,10.90,0.0779,true,1,6249852
7290112969286,false,אסם בישולים רוטב חרדל ודבש 330*9 גרם,"אסם תעשיות בע""מ",IL,אסם בישולים רוטב חרד,גרמים,335.00,100 גרם,false,,14.90,0.0445,true,1,6260008
7290113190375,false,סילאן טבעי שקדיה 900 גרם,ג.מ. טעם הארץ,TR,סילאן טבעי שקדיה 900,גרמים,900.00,100 גרם,false,,19.90,0.0221,true,1,6244391
7290113190511,false,חומוס ענק שקית זיפר 1קג רמילוי,,,חומוס ענק שקית זיפר,קילוגרמים,1.00,"ק""ג",false,,13.90,13.9000,true,1,5625667
7290113190542,false,לוביה קלויה שקית זיפר 900גר רמילוי,,,לוביה קלויה שקית זיפ,גרמים,900.00,100 גרם,false,,16.90,0.0188,true,1,5625670
7290113190757,false,חלבה מסולסלת וניל שקדיה 300 גר,חיאל עמר שומרון,IL,חלבה מסולסלת וניל שק,גרמים,300.00,100 גרם,false,,13.90,0.0463,true,1,5501076
7290113190771,false,חלבה מסולסלת שוקו וניל שקדיה 300 גר,חיאל עמר שומרון,IL,חלבה מסולסלת שוקו ונ,גרמים,300.00,100 גרם,false,,13.90,0.0463,true,1,5501078
7290113192300,false,זיתים מושחרים חרוזית 275 גרם בית השיטה,בית השיטה,IL,בית השיטה חרוזית מוש,גרמים,275.00,100 גרם,false,,8.90,0.0324,true,1,6136381
7290113192317,false,טבעות זיתים מושחרים 280 גרם בית השיטה,בית השיטה,IL,בית השיטה טבעות זיתי,גרמים,280.00,100 גרם,false,,10.70,0.0382,true,1,6136382
7290113192324,false,זיתים ירוקים שלמים בינוניים בית השיטה,בית-השיטה עסיס תעשיות מז,IL,זיתים ירוקים 340 ג,גרמים,340.00,100 גרם,false,,8.90,0.0262,true,1,6136383
7290113192331,false,זיתים ירוקים מנזנילו 340 גר' בית השיטה,בית-השיטה עסיס תעשיות מז,IL,בית השיטה זיתים ירוק,גרמים,340.00,100 גרם,false,,9.50,0.0279,true,1,6136384
7290113192348,false,בית השיטה זיתים ירוקים גדול מאודבטעם שום,בית-השיטה עסיס תעשיות מז,IL,בית השיטה זיתים ירוק,גרמים,340.00,100 גרם,false,,9.50,0.0279,true,1,6136385
7290113192355,false,חרוזית זיתים ירוקים ללא גלעין 275 ג' בית השיטה,בית-השיטה עסיס תעשיות מז,IL,בית השיטה חרוזית זית,גרמים,275.00,100 גרם,false,,9.50,0.0345,true,1,6136386
7290113192362,false,זיתים ירוקים טבעות A2 בית השיטה 280 גרם,בית-השיטה עסיס תעשיות מז,IL,בית השיטה טבעות זיתי,גרמים,280.00,100 גרם,false,,9.90,0.0354,true,1,6136387
7290113192379,false,בית השיטה זיתים ירוקים מבוקעים א2 340גר',"בית-השיטה תעשיות בע""\מ",IL,בית השיטה זיתים ירוק,גרמים,340.00,100 גרם,false,,8.90,0.0262,true,1,6136388
7290113192386,false,בית השיטה זיתים ירוקים סורי מבוקע 340גרם,בית השיטה,IL,בית השיטה זיתים ירוק,גרמים,340.00,100 גרם,false,,9.80,0.0288,true,1,6136389
7290113192393,false,בית השיטה קוקטייל זיתים א2 336 גרם,בית-השיטה עסיס תעשיות מז,IL,בית השיטה קוקטייל זי,גרמים,340.00,100 גרם,false,,10.90,0.0321,true,1,6136390
7290113192478,false,מלפפונים במלח 10-12 בית השיטה 320 גרם,בית-השיטה עסיס תעשיות מז,IL,בית השיטה מלפפון מלח,גרמים,320.00,100 גרם,false,,7.50,0.0234,true,1,6136398
7290113192485,false,מלפפונים בחומץ 10-12 בית השיטה 290 גרם,בית-השיטה עסיס תעשיות מז,IL,בית השיטה מלפפון בחו,גרמים,290.00,100 גרם,false,,7.50,0.0259,true,1,6136399
7290113192492,false,מלפפונים בחומץ 13-17 בית השיטה 290 גרם,בית-השיטה עסיס תעשיות מז,IL,בית השיטה מלפפון בחו,גרמים,290.00,100 גרם,false,,10.50,0.0362,true,1,6136400
7290113192508,false,ב.השיטה מלפפון במלח ר.טבע א2 17-13 320 גרם,בית-השיטה עסיס תעשיות מז,IL,בית השיטה מלפפון במל,גרמים,320.00,100 גרם,false,,10.50,0.0328,true,1,6136401
7290113192515,false,מלפפונים במלח 18-25 בית השיטה 320 גרם,בית-השיטה עסיס תעשיות מז,IL,בית השיטה מלפפון במל,גרמים,320.00,100 גרם,false,,11.50,0.0359,true,1,6136402
7290113192522,false,מלפפונים בחומץ 18-25 בית השיטה 290 גרם,בית-השיטה עסיס תעשיות מז,IL,בית השיטה מלפפון בחו,גרמים,290.00,100 גרם,false,,11.50,0.0397,true,1,6136403
7290113192539,false,מלפפונים במלח 7-9 בית השיטה 320 גרם,בית-השיטה עסיס תעשיות מז,IL,בית השיטה מלפפון במל,גרמים,320.00,100 גרם,false,,6.30,0.0197,true,1,6136404
7290113192546,false,"מלפפונים בחומץ רכיבים טבעיים 7-9 ""בית השיטה""",בית-השיטה עסיס תעשיות מז,IL,בית השיטה מלפפון בחו,גרמים,290.00,100 גרם,false,,6.30,0.0217,true,1,6136405
7290113192560,false,פלפל שיפקה A2 בית השיטה 230 גרם,בית-השיטה עסיס תעשיות מז,IL,בית השיטה שיפקה 230,גרמים,230.00,100 גרם,false,,6.50,0.0283,true,1,6136407
7290113192577,false,בית השיטה כרוב כבוש א2 12*430גרם חדש,"בית-השיטה תעשיות בע""\מ",IL,בית השיטה כרוב כבוש,גרמים,430.00,100 גרם,false,,6.90,0.0160,true,1,6136408
7290113192881,false,"טורטיה חיטה מופחת קלוריות, קוטר 20 ס""מ - 6 יח'",דין שיווק,TR,טורטיה חיטה מופחתת ק,גרמים,270.00,100 גרם,false,,9.90,0.0367,true,1,6212789
7290113192997,false,בית השיטה זית מרוקאי 340 גרם*,"בית השיטה תעשיות בע""\מ",IL,בית השיטה זית מרוקאי,גרמים,340.00,100 גרם,false,,11.90,0.0350,true,1,6203252
7290113193000,false,בית השיטה פלפל שיפקונית 230 גרם*,"בית השיטה תעשיות בע""\מ",IL,בית השיטה פלפל שיפקו,גרמים,230.00,100 גרם,false,,9.90,0.0430,true,1,6203253
7290113193017,false,בית השיטה חרוזית קוקטייל זיתים 275 גרם,"בית השיטה תעשיות בע""\מ",IL,בית השיטה חרוזית קוק,גרמים,275.00,100 גרם,false,,11.50,0.0418,true,1,6203254
7290113193031,false,חרוזית קלמטה - זיתים שחורים ללא גלעין קלמטה,"בית השיטה תעשיות בע""\מ",IL,בית השיטה חרוזית קלמ,גרמים,275.00,100 גרם,false,,11.50,0.0418,true,1,6203255
7290113193406,false,"קוקטייל טבעות זיתים - זיתים ירוקים, שחורים מרינד","בית השיטה תעשיות בע""\מ",IL,בית השיטה זיתים טבעו,גרמים,280.00,100 גרם,false,,10.70,0.0382,true,1,6216359
7290113193888,false,חצילים מוחמצים בית השיטה 320 גרם,"בית השיטה תעשיות בע""\מ",IL,חצילים מוחמצים 320 ג,גרמים,320.00,100 גרם,false,,8.90,0.0278,true,1,6273527
7290113194649,false,מלפפונים במלח קוביות בית השיטה 320 גרם,בית-השיטה עסיס תעשיו,IL,בית השיטה מלפפון במל,גרמים,320.00,100 גרם,false,,6.90,0.0216,true,1,6263010
7290113195042,false,מלפפון חמוץ במלח כבישה ביתית בית השיטה 750 גר',שוורצקוף& הנקל דיסלד,IL,בית השיטה מלפפון במל,גרמים,750.00,100 גרם,false,,24.80,0.0331,true,1,6303811
7290113196414,false,"אורז בסמטי 1 ק""ג - שקדיה כחול מטאלי",דאבה סינג שאם סינג,IN,אורז בסמטי 1'ד שקדיה,קילוגרמים,1.00,"ק""ג",false,,9.70,9.7000,true,1,6323006
7290113196513,false,פריכיות כוסמת בתוספת שקדים שקדיה 150 ג',זנבר המכללה לטבעונות,IL,פריכיות כוסמת שקדים,גרמים,150.00,100 גרם,false,,10.90,0.0727,true,1,6318614
7290113196520,false,פריכיות כוסמין ללא מלח שקדיה 150 גרם,זנבר המכללה לטבעונות,IL,"פריכיות כוסמין לל""מ",גרמים,150.00,100 גרם,false,,10.90,0.0727,true,1,6318615
7290113300354,false,חטיף מקלות לחתול לה,,,לה קט סטיק עוף 30 גר,יחידה,0.00,יחידה,false,,9.90,0.0000,true,1,6422013
7290113302259,false,חטיף בונזו נאגטס בקר ודג 80 גר,שינייה פט פוד,CN,חטיף בונזו נאגטס בקר,יח',1.00,יח',false,,9.90,9.9000,true,1,6247792
7290113302266,false,חטיף בונזו סטריפים בקר ודג 80 גר,שינייה פט פוד,CN,חטיף בונזו סטריפים ב,יח',1.00,יח',false,,9.90,9.9000,true,1,6247793
7290113302310,false,בונזו בטטה רול 80 גרם,,,בונזו בטטה רול 80 גר,יח',1.00,יח',false,,12.40,12.4000,true,1,6302612
7290113302334,false,חטיפי עוף פריכים בצורת עצם 85 גר,לנגי,CN,חטיפי עוף פריכים בצו,יח',1.00,יח',false,,9.90,9.9000,true,1,6240961
7290113302358,false,חטיפי בנוזו עוף צורת סושי 80 גר,לנגי,CN,חטיפי בנוזו עוף צורת,יח',1.00,יח',false,,9.90,9.9000,true,1,6240963
7290113302396,false,שיפוד כבש ודג בקלה 80 גר,,,שיפוד כבש ודג בקלה 8,יח',1.00,יח',false,,9.90,9.9000,true,1,6240967
7290113303607,false,חטיף בונזו חטיפי עוף 80 גר,שינייה פט פוד,CN,חטיף בונזו חטיפי עוף,יח',1.00,יח',false,,12.90,12.9000,true,1,6334786
7290113305809,false,סופרים עוף לכלב 400ג,,TR,סופרים עוף לכלב 400,יח',1.00,יח',false,,4.00,4.0000,true,1,6439549
7290113305830,false,סופרים עוף לחתול 400ג,,TR,סופרים עוף לחתול 40,יח',1.00,יח',false,,4.00,4.0000,true,1,6439552
7290113305847,false,סופרים סלמון לחתול 400ג,,TR,סופרים סלמון לחתול,יח',1.00,יח',false,,4.00,4.0000,true,1,6439553
7290113305854,false,סופרים בקר לחתול 400ג,,TR,סופרים בקר לחתול 400,יח',1.00,יח',false,,4.00,4.0000,true,1,6439554
7290113310155,false,טופר אקרילי לעוגה- 1 יח- HB זהב,,,טופר אקרילי לעוגה,יח',1.00,יח',false,,9.90,9.9000,true,1,5810089
7290113316003,false,באנר משולשים לתלייה לבן אולטרה,,,באנר משולשים לתלייה,יח',1.00,יח',false,,7.00,7.0000,true,1,5791942
7290113317833,false,בקבוק נירוסטה מעוצב 500 מל - נסיכות,,CN,בקבוק נירוסטה 500 -,יח',1.00,יח',false,,22.90,22.9000,true,1,5810095
7290113460607,false,סוכר לבן 1קג רמילוי,,,סוכר לבן 1קג רמילוי,קילוגרמים,1.00,"ק""ג",false,,3.90,3.9000,true,1,5223551
7290113463547,false,"גבנ""צ פרוסה 28% 150ג רמילוי",,,"גבנ""צ פרוסה 28% 150ג",גרמים,150.00,100 גרם,false,,5.10,0.0340,true,1,6380465
7290113463561,false,"גבנ""צ פרוסה 28% 400גר רמילוי",,,"גבנ""צ פרוסה 28% 400ג",גרמים,400.00,100 גרם,false,,13.60,0.0340,true,1,6380466
7290113468542,false,מארז 15 סופגניות,,,מארז 15 סופגניות,יח',1.00,יח',false,,28.50,28.5000,true,1,6448703
7290113469969,false,גבינה מגורדת 300ג רמי לוי.,,,גבינה מגורדת 300ג רמ,גרמים,300.00,100 גרם,false,,12.90,0.0430,true,1,6386001
7290113470002,false,תבנית גסטרונום ביתי,,,תבנית גסטרונום ביתי,יח',1.00,יח',false,,9.90,9.9000,true,1,5612135
7290113470019,false,מדליק פחמים +גפרור (,,,מדליק פחמים,יח',1.00,יח',false,,5.90,5.9000,true,1,5534333
7290113470026,false,גפרורים אקסטרה לארג',,,גפרורים XL,יח',1.00,יח',false,,5.90,5.9000,true,1,5534334
7290113470422,false,"מפות גליל כסף 16 מטר *1.2 ס""מ (יח')",,,מפות גליל כסף 16 מטר,יח',1.00,יח',false,,32.90,32.9000,true,1,5727749
7290113470941,false,כפפות ניטרל S שחור(100 יחידות ),,,כפפות ניטרל S שחור(1,יח',1.00,יח',false,,24.90,24.9000,true,1,6013969
7290113470958,false,כפפות ניטרל M שחור(100 יחידות ),,,כפפות ניטרל M שחור(1,יח',1.00,יח',false,,24.90,24.9000,true,1,6013970
7290113470965,false,כפפות ניטרל L שחור(100 יחידות ),,,כפפות ניטרל L שחור(1,יח',1.00,יח',false,,24.90,24.9000,true,1,6013988
7290113470972,false,כפפות ניטרל XL שחור(100 יחידות ),,,כפפות ניטרל XL שחור(,יח',1.00,יח',false,,24.90,24.9000,true,1,6013989
7290113471078,false,מגבונים לרצפה 50 יחידות,,,מגבונים לרצפה 50 יחי,יח',1.00,יח',false,,25.90,25.9000,true,1,5691533
7290113471597,false,סבון אסלה לבנדר רמילוי,,,סבון אסלה לבנדר רמיל,יח',1.00,יח',false,,9.90,9.9000,true,1,6098043
7290113471627,false,ערמונים ברשת,,,ערמונים ברשת,יח',1.00,יח',false,,14.80,14.8000,true,1,6093840
7290113472747,false,7' לוקסור ורוד (10 יח'),,,7' לוקסור ורוד (10 י,יח',1.00,יח',false,,15.90,15.9000,true,1,6205581
7290113472778,false,מרקיה לוקסור ורוד (10 יח'),,,מרקיה לוקסור ורוד (1,יח',1.00,יח',false,,18.90,18.9000,true,1,6205584
7290113472907,false,מגן מזרן 90*200 יחיד,,,מגן מזרן 90*200 יחיד,יח',1.00,יח',false,,34.90,34.9000,true,1,6205197
7290113472914,false,מגן מזרן 160*200  זוגי,,,מגן מזרן 160*200  זו,יח',1.00,יח',false,,39.90,39.9000,true,1,6205198
7290113473775,false,בקבוק פרימיום נצנצים,,,בקבוק פרימיום,יח',1.00,יח',false,,29.90,29.9000,true,1,6235337
7290113474031,false,צלחת עגולה בינונית (10 יח') עלי דקל,,,צלחת עגולה בינונית (,יח',1.00,יח',false,,15.90,15.9000,true,1,6238510
7290113474086,false,קערות עגולות עמוקות (10 יח') עלי דקל,,,קערות עגולות עמוקות,יח',1.00,יח',false,,14.90,14.9000,true,1,6238515
7290113474376,false,זוג כפות הגשה ניו יורק לבן,,,זוג כפות הגשה ניו יו,יח',1.00,יח',false,,2.90,2.9000,true,1,6228516
7290113474444,false,זוג כפות הגשה ניו יורק כסף נוצץ,,,זוג כפות הגשה ניו יו,יח',1.00,יח',false,,2.90,2.9000,true,1,6228523
7290113474482,false,מרקיה 10 יחידות,,,מרקיה 10 יחידות,יח',1.00,יח',false,,18.90,18.9000,true,1,6227330
7290113474604,false,שטיח כניסה ניו יורק 45*75,,,שטיח כניסה ניו יורק,יח',1.00,יח',false,,35.90,35.9000,true,1,6232656
7290113474710,false,זוג תחתוני גבר,,,זוג תחתוני גבר,יח',1.00,יח',false,,20.00,20.0000,true,1,6236113
7290113474932,false,גופיות פלנל לבן SIZE L,,,גופיות פלנל לבן SIZE,יח',1.00,יח',false,,24.90,24.9000,true,1,6251816
7290113474949,false,גופיות פלנל לבן xl,,,גופיות פלנל לבן xl,יח',1.00,יח',false,,24.90,24.9000,true,1,6251817
7290113474994,false,גופיות פלנל שחור SIZE XL,,,גופיות פלנל שחור SIZ,יח',1.00,יח',false,,24.90,24.9000,true,1,6251822
7290113475069,false,גופיות טרמי שחור SIZE S,,,גופיות טרמי שחור SIZ,יח',1.00,יח',false,,24.90,24.9000,true,1,6251828
7290113475076,false,גופיות טרמי שחור SIZE M,,,גופיות טרמי שחור SIZ,יח',1.00,יח',false,,24.90,24.9000,true,1,6251829
7290113475700,false,קשיות נייר 50 יחידות,,,קשיות נייר 50 יחידות,יח',1.00,יח',false,,3.90,3.9000,true,1,6250079
7290113476103,false,מגבת גוף (70*140) תכלת,,,מגבת גוף (70*140) תכ,יח',1.00,יח',false,,44.90,44.9000,true,1,6249584
7290113476110,false,מגבת גוף (70*140) בז',,,מגבת גוף (70*140) בז,יח',1.00,יח',false,,44.90,44.9000,true,1,6249585
7290113476127,false,מגבת גוף (70*140) אפור כהה,,,מגבת גוף (70*140) אפ,יח',1.00,יח',false,,44.90,44.9000,true,1,6249586
7290113476165,false,מגבת פנים (50*90) תכלת,,,מגבת פנים (50*90) תכ,יח',1.00,יח',false,,19.90,19.9000,true,1,6249590
7290113476172,false,מגבת פנים (50*90) בז',,,מגבת פנים (50*90) בז,יח',1.00,יח',false,,19.90,19.9000,true,1,6249591
7290113476196,false,מגבת פנים (50*90) ורוד פוקסיה,,,מגבת פנים (50*90) ור,יח',1.00,יח',false,,19.90,19.9000,true,1,6249593
7290113478091,false,מפיות מודפסות,,,מפיות מודפסות,יח',1.00,יח',false,,4.90,4.9000,true,1,6271900
7290113478183,false,"גביעים אמריקאים 480מ""ל (26יח')",,,גביעים אמריקאים 480מ,יח',1.00,יח',false,,19.90,19.9000,true,1,6278786
7290113478190,false,"גביעים אמריקאים 240מ""ל (36יח')",,,גביעים אמריקאים 240מ,יח',1.00,יח',false,,19.90,19.9000,true,1,6278787
7290113478381,false,כפפות TPE כחול XL,,,כפפות TPE כחול XL,יח',1.00,יח',false,,9.90,9.9000,true,1,6291037
7290113479319,false,מגבת גוף איכותית (140*70) לבן,,,מגבת גוף איכותית (14,יח',1.00,יח',false,,44.90,44.9000,true,1,6297826
7290113479579,false,זוג תחתוני נשים M הי לג,,,זוג תחתוני נשים M הי,יח',1.00,יח',false,,20.00,20.0000,true,1,6323250
7290113479586,false,חמישית תחתוני נשים XLL ביקיני,,,חמישית תחתוני נשים X,יח',1.00,יח',false,,39.90,39.9000,true,1,6323224
7290113479593,false,חמישית תחתוני נשים XL ביקיני,,,חמישית תחתוני נשים X,יח',1.00,יח',false,,39.90,39.9000,true,1,6323225
7290113479609,false,חמישית תחתוני נשים L ביקיני,,,חמישית תחתוני נשים L,יח',1.00,יח',false,,39.90,39.9000,true,1,6323226
7290113479623,false,חמישית תחתוני נשים S ביקיני,,,חמישית תחתוני נשים S,יח',1.00,יח',false,,39.90,39.9000,true,1,6323228
7290113479708,false,גליל נייר מגבת מודפס איכותי למטבח,,,גליל נייר מגבת מודפס,יח',1.00,יח',false,,15.90,15.9000,true,1,6295593
7290113479883,false,כפפות TPE שחור L,,,כפפות TPE שחור L,יח',1.00,יח',false,,9.90,9.9000,true,1,6305083
7290113560109,false,פרודונטקס מ.שיניים בטעם צמחי 75 מל,פרודונטקס Parodontax,SK,פרודונטקס טעם צמחי 7,יח',1.00,יח',false,,30.90,30.9000,true,1,6267374
7290113592001,false,נר גדול ספרה 2 עם מעמד שחור - כסף מטאלי,,,נר גדול ספרה 2 עם מע,יח',1.00,יח',false,,6.90,6.9000,true,1,5812685
7290113592650,false,נר גדול ספרה 0 עם מעמד שחור - כסף מטאלי,,,נר גדול ספרה 0 עם מע,יח',1.00,יח',false,,6.90,6.9000,true,1,5812686
7290113592667,false,נר גדול ספרה 1 עם מעמד שחור - כסף מטאלי,,,נר גדול ספרה 1 עם מע,יח',1.00,יח',false,,6.90,6.9000,true,1,5812687
7290113592681,false,נר גדול ספרה 4 עם מעמד שחור - כסף מטאלי,,,נר גדול ספרה 4 עם מע,יח',1.00,יח',false,,6.90,6.9000,true,1,5812689
7290113592698,false,נר גדול ספרה 5 עם מעמד שחור - כסף מטאלי,,,נר גדול ספרה 5 עם מע,יח',1.00,יח',false,,6.90,6.9000,true,1,5812690
7290113592711,false,נר גדול ספרה 7 עם מעמד שחור - כסף מטאלי,,,נר גדול ספרה 7 עם מע,יח',1.00,יח',false,,6.90,6.9000,true,1,5812722
7290113592728,false,נר גדול ספרה 8 עם מעמד שחור - כסף מטאלי,,,נר גדול ספרה 8 עם מע,יח',1.00,יח',false,,6.90,6.9000,true,1,5812723
7290113592735,false,נר גדול ספרה 9 עם מעמד שחור - כסף מטאלי,,,נר גדול ספרה 9 עם מע,יח',1.00,יח',false,,6.90,6.9000,true,1,5812724
7290113594142,false,בקבוק טריטן עם צמידים 700 - מיקי מאוס,,,בקבוק טריטן עם צמידי,יח',1.00,יח',false,,19.90,19.9000,true,1,5810147
7290113594197,false,בקבוק טריטן 700 מל עם צמידים,,,בקבוק טריטן 700 מל ע,יח',1.00,יח',false,,29.90,29.9000,true,1,5810099
7290113655645,false,שלישיית מגבות מטבח ברכות,,,שלישיית מגבות,יח',1.00,יח',false,,14.90,14.9000,true,1,6266658
7290113660311,false,פחם אמריקאי גריל גרי,קרקול,ZA,"פחמים גריל גריל 2ק""ג",קילוגרמים,2.00,"ק""ג",false,,21.90,10.9500,true,1,5454808
7290113763784,false,סודה סטרים - מכשיר TERRA בצבע שחור,סודה סטרים,,מכשיר סודהסטרים טרה,יחידה,0.00,יחידה,false,,299.00,0.0000,true,1,6410357
7290114196048,false,כבל אייפון 2 מטר רמי לוי,,,כבל אייפון 2 מטר רמי,יח',1.00,יח',false,,24.90,24.9000,true,1,6228403
7290114196055,false,כבל Type C רמי לוי 2 מטר,,,כבל Type C רמי לוי 2,יח',1.00,יח',false,,24.90,24.9000,true,1,6228404
7290114310215,false,"שמנת מתוקה 38% רמת הגולן 250 מ""ל ווסטהיים - מוצר בפיקוח",מילקו תעשיות בעמ,IL,שמנת מתוקה 38% 250מל,מיליליטרים,250.00,"100 מ""ל",false,,6.40,0.0256,true,1,6227825
7290114310222,false,חלב מועשר בסידן וויטמין Dי 3% 1.5 ל' טרה,מילקו תעשיות בעמ,IL,חלב מועשר בסידן 1.5ל,יח',1.00,יח',false,,10.90,10.9000,true,1,6231898
7290114310239,false,חלב נטול לקטוז מועשר בוויטמין D י 2% 1.5 ל' טרה,מילקו תעשיות בעמ,IL,חלב נטול לקטוז מועשר,יח',1.00,יח',false,,10.70,10.7000,true,1,6231899
7290114310345,false,מעדן יוגורט בטעם תות 1.5% 125 גרם טרה,מילקו תעשיות בעמ,IL,מעדן יוגורט תות 1.5%,גרמים,125.00,100 גרם,false,,2.60,0.0208,true,1,6260004
7290114310536,false,יוגורט לייט מעושר חלבון 25 גרם חלבון וניל MULLER ACTIVE,מולר Muller,IL,מולר אקטיב לייט טעם,יח',1.00,יח',false,,5.80,5.8000,true,1,6282159
7290114310574,false,גבינת קרם שמנת עיזים 5% 200 גר',מחלבת משק צוריאל,IL,קרם שמנת עיזים מעודנ,גרמים,200.00,100 גרם,false,,13.50,0.0675,true,1,6285792
7290114310611,false,"משקה חלב בננה בבקבוק פקק ספורט טרה 250 מ""ל",Unknown,IL,משקה חלב בננה 250 מל,מיליליטרים,250.00,"100 מ""ל",false,,4.90,0.0196,true,1,6286054
7290114310628,false,משקה חלב וניל ועוגיות בקבוק 1 ליטר,מילקו תעשיות בעמ,IL,משקה חלב וניל ועוגיו,ליטרים,1.00,ליטר,false,,9.90,9.9000,true,1,6296559
7290114310895,false,"סימפלי פרוט יוגורט עם מנגו תות, שמיניה 8 * 150 גרם",מולר Muller,IL,מאגדת סימפלי מנגו תו,גרמים,1200.00,100 גרם,false,,28.90,0.0241,true,1,6316228
7290114311014,false,"משקה חלב אייס קפוצ'ינו פקק ספורט טרה 250 מ""ל",מילקו תעשיות בעמ,IL,משקה חלב אייס קפוצ'י,מטרים,250.00,100 מ'ל,false,,4.90,0.0196,true,1,6368296
7290114311021,false,"משקה חלב וניל עוגיות פקק ספורט טרה 250 מ""ל",Unknown,IL,משקה חלב וניל עוגיות,מטרים,250.00,100 מ'ל,false,,4.90,0.0196,true,1,6368297
7290114311038,false,"שמנת מתוקה 32% עמידה בבקבוק טרה 250 מ""ל",מילקו תעשיות בעמ,IL,שמנת מתוקה 32% בקבוק,מטרים,250.00,100 מ'ל,false,,6.60,0.0264,true,1,6368298
7290114311069,false,מעדן יוגורט בטעם טבעי חלבון 200 ג' מולר אקטיב,מולר Muller,IL,מולר אקטיב טעם טבעי,מיליליטרים,200.00,"100 מ""ל",false,,5.40,0.0270,true,1,6356374
7290114311076,false,"חמאת מולר צהובה עם שום, 200 גרם",מולר Muller,IL,מולר חמאת צהובה עם ש,גרמים,200.00,100 גרם,false,,10.80,0.0540,true,1,6387433
7290114311298,false,יוגורט מולר פרופ בטעם תות בננה מלון 150,מולר Muller,IL,מולר קציפת תות בננה,גרמים,150.00,100 גרם,false,,4.80,0.0320,true,1,6399850
7290114311304,false,יוגורט קציפת מנגו פסיפלורה בננה 150 ג' מולר,מולר Muller,IL,מולר קציפת מנגו פסיפ,גרמים,150.00,100 גרם,false,,4.80,0.0320,true,1,6399851
7290114311328,false,חלב מועשר דל לקטוז מעושר בויטמין Dי 2% שומן טרה 1 ליטר,ג'י.אר.אמ.גרופו אלימ,IL,חלב נטול לקטוז וויטמ,ליטרים,1.00,100 ליטר,false,,7.30,7.3000,true,1,6401194
7290114311359,false,יוגורט עם קציפת מנגו 3% שומן פרופ 150 ג' מולר,מולר Muller,IL,מולר קציפת מנגו 3%,גרמים,150.00,100 גרם,false,,4.80,0.0320,true,1,6399852
7290114311434,false,מולר אקטיב יוגורט חלבון קרמל מלוח 200 גרם,מולר Muller,IL,מולר אקטיב קרמל מלוח,גרמים,200.00,100 גרם,false,,5.50,0.0275,true,1,6441948
7290114311441,false,מולר אקטיב יוגורט חלבון עוגיות חמאה 200 גרם,מולר Muller,IL,מולר אקטיב עוגיות חמ,גרמים,200.00,100 גרם,false,,5.50,0.0275,true,1,6441847
7290114311458,false,קרטון חלב 3% מועשר ויטמין די 1ליטר,Unknown,IL,קרטון חלב 3% מועשר ו,ליטרים,1.00,ליטר,false,,7.20,7.2000,true,1,6410321
7290114311502,false,משקה חלב בטעם סחלב בבקבוק 1 ליטר,מילקו תעשיות בעמ,IL,משקה חלב טעם סחלב 1ל,מיליליטרים,1000.00,"100 מ""ל",false,,10.90,0.0109,true,1,6437324
7290114600941,false,מאסטר שף מיונז הולנדי לחיץ 435 גרם,קפה לנדוור,NL,מאסטר שף מיונז לחיץ,גרמים,435.00,100 גרם,false,,12.80,0.0294,true,1,6258633
7290114600989,false,"רוטב אלף האיים מאסטר שף 250 מ""ל",קפה לנדוור,NL,מאסטר שף רוטב אלף הא,מיליליטרים,250.00,"100 מ""ל",false,,8.90,0.0356,true,1,6243036
7290114603317,false,גריזלי טבעות טעם גריל 40 גר,,,גריזלי טבעות טעם גרי,יח',1.00,יח',false,,2.90,2.9000,true,1,6228984
7290114603768,false,"נוזל ניקוי שירותים אגקס 750 מ""ל*2 זוג",קולגייט פלמוליב,FR,אגקס שירותים 750מל ז,ליטרים,1.50,ליטר,false,,19.90,13.2667,true,1,6243041
7290114604857,false,"דפי אורז מאסטר שף קוטר 22 ס""מ 400 גרם",לוק הונג טריידינג פר,VN,דפי אורז 22 קוטר 400,גרמים,400.00,100 גרם,false,,11.90,0.0298,true,1,6290246
7290114604895,false,ממרח ספייסי לחיץ מאסטר שף 446 גרם,מאסטר שף,NL,מאסטר שף ממרח ספייסי,גרמים,446.00,100 גרם,false,,12.90,0.0289,true,1,6297756
7290114604901,false,ממרח שום לחיץ מאסטר שף 444 גרם,מאסטר שף,NL,מאסטר שף ממרח שום לח,גרמים,446.00,100 גרם,false,,12.90,0.0289,true,1,6297757
7290114604949,false,מאסטר שף רוטב ברביקיו 524 גרם,רמיה סי.וי. הולנד,NL,מאסטר שף רוטב ברביקי,גרמים,524.00,100 גרם,false,,12.90,0.0246,true,1,6297758
7290114605649,false,קולגייט סנסיטיב מולטי פרוטקשן זוג כשלפ,,PL,קולגייט סנסיטיב מולט,מטרים,150.00,100 מ'ל,false,,29.90,0.1993,true,1,6423595
7290114606530,false,רוטב בטעם מיונז וקטשופ מאסטר שף 515 גרם,מאסטר שף,NL,מאסטר שף רוטב טעם מי,גרמים,515.00,100 גרם,false,,12.90,0.0250,true,1,6297759
7290114606547,false,מיונז פטריות כמהין לחיץ מאסטר שף 242 גרם,מאסטר שף,NL,מיונז עם פטריות כמהי,גרמים,242.00,100 גרם,false,,12.90,0.0533,true,1,6297760
7290114606554,false,מיונז מופחת קלוריות בקבוק לחיץ,מאסטר שף,NL,מאסטר שף מיונז לייט,גרמים,470.00,100 גרם,false,,12.90,0.0274,true,1,6297761
7290114606578,false,שקדי מרק מאסטר שף 400 גרם,שסטוביץ,IL,מאסטר שף שקדי מרק 40,גרמים,400.00,100 גרם,false,,9.80,0.0245,true,1,6321956
7290114607391,false,"קולגייט משחת לילדים ברבי 2-5 שנים, 75 מ""ל",קולגייט פלמוליב,PL,קולגייט משחת ילדים ב,מטרים,75.00,100 מ'ל,false,,14.90,0.1987,true,1,6315166
7290114821469,false,כבד דג שיבוט מעושן במיץ טבעי אופיסר 120 גרם,סטארקיסט,IS,כבד דג שיבוט אופיסר,גרמים,120.00,100 גרם,false,,13.60,0.1133,true,1,6281568
7290115079890,false,בקבוק נירוסטה מעוצב ורוד קונפטי 500 מ'ל LOL,,,בקבוק נירוסטה 500 -,יחידה,0.00,יחידה,false,,22.90,0.0000,true,1,6402998
7290115200003,false,פתי בר פינוקי וניל אסם 220 גרם,תאי פרזידנט פוד פאבל,PL,פתי בר פינוקי וניל 2,גרמים,220.00,100 גרם,false,,9.90,0.0450,true,1,6238273
7290115200027,false,אסם פתי בר פינוקים שוקו 220 גרם,קריות זול,PL,פתי בר פינוקי שוקולד,גרמים,220.00,100 גרם,false,,9.90,0.0450,true,1,6238274
7290115200676,false,עוגיות קרמוגית במילוי קרם בטעם קרמל מלוח,"הגביע מוצרי וופלים בע""\מ",IL,אסם קרמוגית קרמל 200,גרמים,200.00,100 גרם,false,,7.90,0.0395,true,1,6247422
7290115200713,false,במבה קלאסי מארז אחיד 8 50*5 ג',"אסם השקעות בע""\מ",IL,במבה קלאסי מארז 5*50,יח',1.00,יח',false,,11.90,11.9000,true,1,6238275
7290115201031,false,אסם פתי בר דובי שוקולד 175 גרם,טרופיקל דגיל תעשיות,PL,פתי בר פינוקי שוקולד,גרמים,175.00,100 גרם,false,,9.90,0.0566,true,1,6288798
7290115201451,false,טבעול גורמה לביבות בטטה קארי 455 גרם,טבעול )מקבוצת אסם השקעות,IL,לביבות בטטה קארי 455,גרמים,455.00,100 גרם,false,,29.90,0.0657,true,1,6375020
7290115201536,false,"טבעול גורמה לביבות כרובית ותפו""א 442 גרם",טבעול )מקבוצת אסם השקעות,IL,"לביבות כרובית ותפו""א",גרמים,442.00,100 גרם,false,,29.90,0.0676,true,1,6375022
7290115201680,false,ביסלי בטעם ברביקיו אסם 70 גרם,"אסם השקעות בע""\מ",IL,ביסלי בטעם ברביקיו א,גרמים,70.00,100 גרם,false,,3.90,0.0557,true,1,6265346
7290115201703,false,ביסלי ברביקיו גדול אסם 200 גרם,מיוצר עי קונדיטוריית,IL,ביסלי ברביקיו 200גר,גרמים,200.00,100 גרם,false,,6.50,0.0325,true,1,6285878
7290115201727,false,ביסלי חטיף בטעם בצל אסם 200 גרם,מיוצר עי קונדיטוריית,IL,ביסלי חטיף בטעם בצל,גרמים,200.00,100 גרם,false,,6.50,0.0325,true,1,6265347
7290115201741,false,ביסלי בטעם בצל אסם 70 גרם,"אסם השקעות בע""\מ",IL,ביסלי בטעם בצל אסם 7,גרמים,70.00,100 גרם,false,,3.90,0.0557,true,1,6265348
7290115202212,false,טבעול גורמה לביבות סלק 434 גרם,טבעול )מקבוצת אסם השקעות,IL,לביבות סלק 434 גר,גרמים,434.00,100 גרם,false,,29.90,0.0689,true,1,6375023
7290115202847,false,מנה חמה פאוצ' נדלס ספייסי אסם 70 ג',תאי פרזידנט,TH,מנה חמה פאוצ' אסם 70,גרמים,70.00,100 גרם,false,,3.90,0.0557,true,1,6295178
7290115202939,false,מנה חמה רייס נודלס עוף פטריות אסם 50 גרם,מיוצר עי קונדיטוריית,TH,מנה חמה רייס נודלס ע,גרמים,50.00,100 גרם,false,,6.90,0.1380,true,1,6330415
7290115203134,false,פופקו פופקורן במבה אסם 80 גרם,"אסם השקעות בע""\מ",IL,פופקו פופקורן במבה א,גרמים,80.00,100 גרם,false,,4.50,0.0563,true,1,6303813
7290115203172,false,במבה PRO מכיל 18 גרם חלבון בשקית,"אסם השקעות בע""\מ",IL,במבה פרו אסם 80 גרם,גרמים,80.00,100 גרם,false,,3.90,0.0487,true,1,6407507
7290115203486,false,פירורית בטעם ביסלי גריל אסם 200 גרם,עינת תעשיות מזון אגו,IL,פירורית טעם ביסלי גר,גרמים,200.00,100 גרם,false,,5.90,0.0295,true,1,6296569
7290115204018,false,מנה חמה איטלקי פסטה בסגנון אלפרדו 60 ג' אסם,"אסם תעשיות בע""מ",IL,מנה חמה פסטה איטלקי,גרמים,60.00,100 גרם,false,,4.90,0.0817,true,1,6296570
7290115204056,false,"קטשופ מופחת סוכר אסם 690 גרם כשל""פ","אסם תעשיות בע""מ",IL,קטשופ אסם 56% פחות ס,גרמים,690.00,100 גרם,false,,9.90,0.0143,true,1,6283336
7290115204131,false,סחוג ירוק המעדנייה ש,פרסקו,IL,צבר סחוג ירוק 190גר,גרמים,190.00,100 גרם,false,,10.90,0.0574,true,1,6342785
7290115205176,false,פיטנס - קרקר דק כפרי פיטנס 140 גרם,נסטלה Nestle,IL,קרקר דק כפרי פיטנס 1,גרמים,140.00,100 גרם,false,,9.90,0.0707,true,1,6342991
7290115205251,false,פריכיות קרמל מלוח פיטנס בר 84 גרם,פרח תעשיות,IL,פיטנס בר פריכיות קרמ,גרמים,84.00,100 גרם,false,,11.90,0.1417,true,1,6442899
7290115205312,false,קרקר פיטנס דק עם זיתי קלמטה ועשבי תיבול,"אסם השקעות בע""\מ",IL,פיטנס קרקר 140 גר,גרמים,140.00,100 גרם,false,,9.90,0.0707,true,1,6366194
7290115205695,false,אסם בונזור בצק מצונן לפיצה 460 גרם,נסטלה סוויס )שוויץ(,CH,בונז'ור בצק מצונן לפ,גרמים,460.00,100 גרם,false,,14.90,0.0324,true,1,6337299
7290115205978,false,"פתי בר אצבעות שוקולד אוסם, 180 גרם","t\ד""\ר ג'\רארד בע""\מn\",PL,פתי בר אצבעות 180גר,גרמים,180.00,100 גרם,false,,9.90,0.0550,true,1,6351581
7290115207163,false,פרפקטו ניוקי בזיליקום ושום אסם 500 גרם,איטלניוקי,IT,פרפקטו ניוקי בזיליקו,גרמים,500.00,100 גרם,false,,13.90,0.0278,true,1,6337302
7290115207507,false,"סלט טורקי 330 גרם ""צבר""",ג'נרל מילס סאן אדריא,IL,צבר סלט טורקי 360 גר,גרמים,360.00,100 גרם,false,,14.90,0.0414,true,1,6337305
7290115207682,false,אסם רוטב בסגנון סויה סיני 9*290מל חדש,"אסם השקעות בע""\מ",IL,רוטב סגנון סויה סיני,מיליליטרים,290.00,"100 מ""ל",false,,8.90,0.0307,true,1,6374971
7290115207798,false,טבעול המבורגר חריף טבעוני 420 גרם,"טבעול תעשיות מזון בע""\מ",IL,המבורגר חריף טבעוני,גרמים,420.00,100 גרם,false,,29.90,0.0712,true,1,6357820
7290115207880,false,סירופ ויטמינציק פטל 2 ליטר,בית השיטה עסיס תעשיו,IL,ויטמנצ'יק פטל 2 ליטר,מטרים,2000.00,100 מ'ל,false,,39.90,0.0199,true,1,6348420
7290115207903,false,סירופ ויטמינציק תפוח 2 ליטר,בית השיטה עסיס תעשיו,IL,ויטמנצ'יק תפוח 2 ליט,מטרים,2000.00,100 מ'ל,false,,39.90,0.0199,true,1,6348421
7290115208023,false,סירופ ויטמינציק ענבים 2 ליטר,,,ויטמנצ'יק ענבים 2 לי,מטרים,2000.00,100 מ'ל,false,,39.90,0.0199,true,1,6348423
7290115208320,false,אפרופו טעם ביסלי בצל אסם 50 גרם,"אסם השקעות בע""\מ",IL,אפרופו טעם ביסלי בצל,גרמים,50.00,100 גרם,false,,3.90,0.0780,true,1,6437201
7290115208597,false,קרמוגית מיניס קרמל מלוח אסם 200 גרם,"אסם השקעות בע""\מ",IL,אסם קרמוגית מיניס קר,גרמים,200.00,100 גרם,false,,7.90,0.0395,true,1,6394130
7290115208801,false,לחמית דבש ואגוזים אסם 190 גרם,לחמית,IL,לחמית דבש ואגוזים אס,גרמים,190.00,100 גרם,false,,8.90,0.0468,true,1,6407511
7290115208849,false,מנה חמה פירה ובטטה אסם 51 גרם,"אסם תעשיות בע""מ",IL,מנה חמה פירה אסם 51,גרמים,51.00,100 גרם,false,,4.90,0.0961,true,1,6437202
7290115209198,false,במבה אוורירית אסם 80 גרם,"אסם תעשיות בע""מ",IL,במבה אוורירית אסם 80,גרמים,80.00,100 גרם,false,,3.90,0.0487,true,1,6389404
7290115209235,false,ביסקוויט פתי בר קפה אסם 500 גרם,"אסם תעשיות בע""מ",IL,ביסקוויט פתי בר קפה,גרמים,500.00,100 גרם,false,,8.90,0.0178,true,1,6442901
7290115400700,false,מקלות מלוחים עם מלח אטלנטי ותבלינים רמי לוי,,,מקלות מלוחים עם מלח,גרמים,200.00,100 גרם,false,,14.90,0.0745,true,1,6274508
7290115400724,false,עוגיות מלוחות פיקנטי חריפות עדינה,,,עוגיות מלוחות פיקנטי,גרמים,200.00,100 גרם,false,,14.90,0.0745,true,1,6285091
7290115400816,false,עוגיות פיצפוצים לבן רמי לוי 500 גרם,,,עוגיות פיצפוצים לבן,גרמים,500.00,100 גרם,false,,14.90,0.0298,true,1,6363791
7290115400847,false,עוגיות פרפריות רמי לוי 500 גרם,,,עוגיות פרפריות רמי ל,גרמים,500.00,100 גרם,false,,14.90,0.0298,true,1,6363817
7290115400861,false,עוגיות מעמול רמי לוי 500 גרם,,,עוגיות מעמול רמי לוי,גרמים,500.00,100 גרם,false,,14.90,0.0298,true,1,6363819
7290115400878,false,עוגיות ממולאות טעם שוקולד רמי לוי 500 גרם,,,עוגיות ממולאות טעם ש,גרמים,500.00,100 גרם,false,,14.90,0.0298,true,1,6363820
7290115400885,false,עוגיות עינוגי שוקולד רמי לוי 500 גרם,,,עוגיות עינוגי שוקולד,גרמים,500.00,100 גרם,false,,14.90,0.0298,true,1,6363821
7290115400892,false,עוגיות פרסה תמרים רמי לוי 500 גרם,,,עוגיות פרסה תמרים רמ,גרמים,500.00,100 גרם,false,,14.90,0.0298,true,1,6363822
7290115400908,false,עוגיות מגולגלות תמרים רמי לוי 500 גרם,,,עוגיות מגולגלות תמרי,גרמים,500.00,100 גרם,false,,14.90,0.0298,true,1,6363823
7290115400915,false,עוגיות עינוגי תמרים רמי לוי 500 גרם,,,עוגיות עינוגי תמרים,גרמים,500.00,100 גרם,false,,14.90,0.0298,true,1,6363824
7290115400939,false,עוגיות גרייבה רמי לוי 500 גרם,,,עוגיות גרייבה רמי לו,גרמים,500.00,100 גרם,false,,14.90,0.0298,true,1,6363826
7290115401073,false,עוגיות קיפל וניל רמי לוי 500 גרם,,,עוגיות קיפל וניל רמי,גרמים,500.00,100 גרם,false,,14.90,0.0298,true,1,6363827
7290115401097,false,עוגיות נסיכה טעם תות רמי לוי 500 גרם,,,עוגיות נסיכה טעם תות,גרמים,500.00,100 גרם,false,,14.90,0.0298,true,1,6363829
7290115401103,false,עוגיות נסיכה מיקס רמי לוי 500 גרם,,,עוגיות נסיכה מיקס רמ,גרמים,500.00,100 גרם,false,,14.90,0.0298,true,1,6363830
7290115401110,false,עוגיות מיני מרוקאי רמי לוי 500 גרם,,,עוגיות מיני מרוקאי ר,גרמים,500.00,100 גרם,false,,14.90,0.0298,true,1,6363831
7290115401141,false,עוגיות פצפוצי שוקו רמי לוי 500 גרם,,,עוגיות פצפוצי שוקו ר,גרמים,500.00,100 גרם,false,,14.90,0.0298,true,1,6363834
7290115401189,false,עוגיות פסים שוקו מסוכרות רמי לוי 500 גרם,,,עוגיות פסים שוקו מסו,גרמים,500.00,100 גרם,false,,14.90,0.0298,true,1,6383888
7290115401196,false,עוגיות קוואקר פריכות רמי לוי 500 גרם,,,עוגיות קוואקר פריכות,גרמים,500.00,100 גרם,false,,14.90,0.0298,true,1,6363838
7290115401202,false,עוגיות פרפריות שוקו רמי לוי 500 גרם,,,עוגיות פרפריות שוקו,גרמים,500.00,100 גרם,false,,14.90,0.0298,true,1,6363840
7290115405774,false,פחזניות ממולאות בטעם וניל קפולסקי 180 גרם,תופינים מקבוצת קפולס,IL,פחזניות ממולאות וניל,גרמים,180.00,100 גרם,false,,12.90,0.0717,true,1,6379077
7290115405781,false,פחזניות ממולאות בטעם שוקולד קפולסקי 180 גרם,תופינים מקבוצת קפולס,IL,פחזניות ממולאות טעם,גרמים,180.00,100 גרם,false,,12.90,0.0717,true,1,6379078
7290115405798,false,פחזניות ממולאות בטעם ריבת חלב קפולסקי 180 גרם,קפולסקי אדל בעמ,IL,פחזניות ממולאות טעם,גרמים,180.00,100 גרם,false,,13.90,0.0772,true,1,6379079
7290115405804,false,פחזניות ממולאות בטעם תות קפולסקי 180 גרם,קפולסקי אדל בעמ,IL,פחזניות ממולאות טעם,גרמים,180.00,100 גרם,false,,13.90,0.0772,true,1,6379080
7290115410877,false,סלט כרוב אדום במיונז,,,כרוב אדום 400ג רמילו,גרמים,400.00,100 גרם,false,,8.90,0.0223,true,1,6254291
7290115410884,false,חציל על האש 400ג רמילוי,,,חציל על האש 400ג רמי,גרמים,400.00,100 גרם,false,,8.90,0.0223,true,1,6254292
7290115410891,false,חומוס מסבחה 400ג רמילוי,,,חומוס מסבחה 400ג רמי,גרמים,400.00,100 גרם,false,,8.90,0.0223,true,1,6254293
7290115410907,false,מטבוחה רמי לוי 400 ג,,,מטבוחה 400ג רמילוי,גרמים,400.00,100 גרם,false,,8.90,0.0223,true,1,6254294
7290115410914,false,חציל רומני 400ג רמילוי,,,חציל רומני 400ג רמיל,גרמים,400.00,100 גרם,false,,8.90,0.0223,true,1,6254295
7290115410921,false,חומוס ירושלמי 400ג רמילוי,,,חומוס ירושלמי 400ג ר,גרמים,400.00,100 גרם,false,,8.90,0.0223,true,1,6254296
7290115410938,false,טחינה רמי לוי 400 גר,,,טחינה 400ג רמילוי,גרמים,400.00,100 גרם,false,,8.90,0.0223,true,1,6254297
7290115410945,false,חומוס זעתר 400ג רמילוי,,,חומוס זעתר 400ג רמיל,גרמים,400.00,100 גרם,false,,8.90,0.0223,true,1,6254298
7290115410952,false,חציל במיונז 400ג רמילוי,,,חציל במיונז 400ג רמי,גרמים,400.00,100 גרם,false,,8.90,0.0223,true,1,6254299
7290115410969,false,חומוס לפיתה 700ג רמילוי,,,חומוס לפיתה 700ג רמי,גרמים,700.00,100 גרם,false,,8.90,0.0127,true,1,6254300
7290115411157,false,חומוס עם חריף 400ג רמילוי,,,חומוס עם חריף 400ג ר,גרמים,400.00,100 גרם,false,,8.90,0.0223,true,1,6254301
7290115411454,false,חומוס ירושלמי המזטים,,,חומוס ירושלמי 250גר,גרמים,250.00,100 גרם,false,,7.90,0.0316,true,1,6261701
7290115411461,false,חומוס מסבחה ירוק 250גר רמילוי,,,חומוס מסבחה ירוק 250,גרמים,250.00,100 גרם,false,,7.90,0.0316,true,1,6261668
7290115411478,false,חומוס מסבחה חריף 250גר רמילוי,,,חומוס מסבחה חריף 250,גרמים,250.00,100 גרם,false,,7.90,0.0316,true,1,6261669
7290115411492,false,טחינה לבנה 250גר רמילוי,,,טחינה לבנה 250גר רמי,גרמים,250.00,100 גרם,false,,7.90,0.0316,true,1,6261671
7290115411560,false,חציל תאילנדי 250גר רמילוי,,,חציל תאילנדי 250גר ר,גרמים,250.00,100 גרם,false,,7.90,0.0316,true,1,6261672
7290115411577,false,חציל במיונז 250גר רמילוי,,,חציל במיונז 250גר רמ,גרמים,250.00,100 גרם,false,,7.90,0.0316,true,1,6261673
7290115411607,false,חציל בטעם כבד 250גר רמילוי,,,חציל בטעם כבד 250גר,גרמים,250.00,100 גרם,false,,15.90,0.0636,true,1,6261703
7290115413083,false,חומוס אבו גוש עם גרגירים רמילוי,,,חומוס אבו גוש עם גרג,גרמים,250.00,100 גרם,false,,7.90,0.0316,true,1,6344923
7290115480016,false,סוד פאוור קאפס לכביסה צבעונית 26 יחי,סוד,HU,סוד פאוור קאפס לכביס,יח',1.00,יח',false,,29.90,29.9000,true,1,6366323
7290115480023,false,סוד פאוור קאפס לכביסה צבעונית 45 יחי,הנקל,RS,סוד פאוור קאפס לכביס,יח',1.00,יח',false,,38.90,38.9000,true,1,6366324
7290115640120,false,שקיות אשפה 75/90,,,שקיות אשפה 75/90,יח',1.00,יח',false,,19.90,19.9000,true,1,6326696
7290115640755,false,ערכת מהדרינר שמן ראוי למאכל,,,ערכת מהדרינר שמן ראו,יח',1.00,יח',false,,59.90,59.9000,true,1,6337254
7290115640762,false,בית מפואר לחנוכיה גדול + חנוכיה,,,בית מפואר גדול+חנוכי,יח',1.00,יח',false,,199.90,199.9000,true,1,6332929
7290115671339,false,מיני פינוקיות בראוניז בייגל בוטן עלית 180 ג' עלית,"הגביע מוצרי ופלים בע""\מ",IL,עלית מיני פנוקיות בי,גרמים,180.00,100 גרם,false,,9.90,0.0550,true,1,6315716
7290115671346,false,מיני פינוקיות טופי קרמל מלוח עלית 180 גרם,"הגביע מוצרי ופלים בע""\מ",IL,עלית מיני פינוקיות ק,גרמים,180.00,100 גרם,false,,9.90,0.0550,true,1,6315717
7290115671353,false,מיני פינוקיות עוגיות קקאו במילוי קרם בטעם וניל,"הגביע מוצרי ופלים בע""\מ",IL,מיני פינוקיות שחור ל,גרמים,180.00,100 גרם,false,,9.90,0.0550,true,1,6344673
7290115675696,false,דגני בוקר קראנצ'ים שיבולת שועל עם אגוזים ושקדים,גלידות שטראוס,PL,קוואקר קרוזלי אגוזים,גרמים,375.00,100 גרם,false,,19.80,0.0528,true,1,6312626
7290115675702,false,דגני בוקר קראנצ'ים שיבולת שועל עם פירות מיובשים,גלידות שטראוס,PL,קוואקר קרוזלי פירות,גרמים,375.00,100 גרם,false,,19.80,0.0528,true,1,6312627
7290115675719,false,דגני בוקר קראנצ'ים שיבולת שועל וחתיכות שוקולד מריר,BEVERAGES FOODS & SE,PL,קוואקר קרוזלי שוקולד,גרמים,375.00,100 גרם,false,,19.80,0.0528,true,1,6312628
7290115676037,false,דנונה ריפרש יוגורט עם תות ודומדמניות 1.6% שומן,מיוצר עי קונדיטוריית,IL,דנונה ריפרש תות דומד,גרמים,250.00,100 גרם,false,,4.90,0.0196,true,1,6300918
7290115676051,false,"משקה אקטיביה שיבולת שועל במתיקות מעודנת 250 מ""ל",מיוצר עי קונדיטוריית,IL,אקטיביה משקה במתיקות,מטרים,265.00,100 מ'ל,false,,4.80,0.0181,true,1,6333304
7290115677362,false,"נודלס טריאקי ""דלישס"" שטראוס","טרופיקל דגיל בע""מ אז",IL,דלישס נודלס טריאקי 3,גרמים,350.00,100 גרם,false,,22.90,0.0654,true,1,6325806
7290115677409,false,אורז קארי צהוב עם ירקות ברוטב קארי וקרם קוקוס,אוכל ביתי ניר עציון,IL,אורז קארי צהוב 350גר,גרמים,350.00,100 גרם,false,,22.90,0.0654,true,1,6325809
7290115677966,false,ממרח אבוקדו טעם הטבע 200 גרם,ג'י. אר. סימפלוט,MX,ממרח אבוקדו שטראוס,גרמים,200.00,100 גרם,false,,14.90,0.0745,true,1,6326066
7290115678376,false,מעדן הגולן שוקולד 125 גרם,מיוצר עי קונדיטוריית,IL,מעדן הגולן שוקולד 12,גרמים,125.00,100 גרם,false,,2.80,0.0224,true,1,6312872
7290115678383,false,מעדן הגולן שוקולד מריר 125 גרם,מיוצר עי קונדיטוריית,IL,מעדן הגולן שוקולד מר,גרמים,125.00,100 גרם,false,,2.80,0.0224,true,1,6312873
7290115679519,false,שייק פירות ורוד 150X2גר,סיבהפרוסט,BE,שייק פירות ורוד,גרמים,300.00,100 גרם,false,,21.90,0.0730,true,1,6370740
7290115679878,false,פיצה מבצק עם סלק דלישס 320 גרם,גסטרונומיה פרוסט אס.,IT,פיצה בצק סלק 320 גר,גרמים,320.00,100 גרם,false,,19.90,0.0622,true,1,6325833
7290115720464,false,סוכריות מוצץ גרוסליי 16*18גר,גרוסליין,BE,סוכריית מוצץ מארז 18,גרמים,105.00,100 גרם,false,,18.90,0.1800,true,1,6316204
7290115720488,false,סוכריות ליפסטיק גרוס מארז 18 יחידות,גרוסליין,BE,סוכריית ליפסטיק מארז,גרמים,170.00,100 גרם,false,,18.90,0.1112,true,1,6316206
7290115720891,false,סוכריות בטעמי פירות פאזל 18 יח',גרוסליין,CN,סוכריות פאזל 18 יח,גרמים,216.00,100 גרם,false,,18.90,0.0875,true,1,6430862
7290116050829,false,מגן מזרן 120*200  מיטה וחצי,,,מגן מזרן 120*200  מי,יח',1.00,יח',false,,39.90,39.9000,true,1,6345176
7290116051239,false,רומא מזלג נצנץ כסף (10יח'),,,רומא מזלג נצנץ כסף (,יח',1.00,יח',false,,3.90,3.9000,true,1,6358438
7290116051246,false,רומא סכין נצנץ כסף (10יח'),,,רומא סכין נצנץ כסף (,יח',1.00,יח',false,,3.90,3.9000,true,1,6358439
7290116052205,false,קערת נצנץ גדולה,,,קערת נצנץ גדולה,יחידה,0.00,יחידה,false,,7.90,0.0000,true,1,6389337
7290116052694,false,מפיות מעוצבות,,,מפיות מעוצבות,יחידה,0.00,יחידה,false,,3.90,0.0000,true,1,6402463
7290116052700,false,סכין שקוף רמי לוי 40,,,סכין שקוף 40 יח,יחידה,0.00,יחידה,false,,7.90,0.0000,true,1,6392646
7290116052717,false,כפית שקוף רמי לוי 40,,,כפית שקוף 40 יח,יחידה,0.00,יחידה,false,,6.90,0.0000,true,1,6392647
7290116052724,false,מזלג שקוף רמי לוי 40,,,מזלג שקוף 40 יח,יחידה,0.00,יחידה,false,,7.90,0.0000,true,1,6392648
7290116052731,false,כף שקוף רמי לוי 40 י,,,כף שקוף 40 יח,יחידה,0.00,יחידה,false,,7.90,0.0000,true,1,6392649
7290116052748,false,סכין קרם רמי לוי 40,,,סכין קרם 40 יחידות,יחידה,0.00,יחידה,false,,7.90,0.0000,true,1,6392650
7290116052755,false,כפית קרם רמי לוי 40,,,כפית קרם 40 יחידות,יחידה,0.00,יחידה,false,,6.90,0.0000,true,1,6392651
7290116052762,false,מזלג קרם רמי לוי 40,,,מזלג קרם 40 יחידות,יחידה,0.00,יחידה,false,,7.90,0.0000,true,1,6392652
7290116052779,false,כף קרם רמי לוי 40 יח,,,כף קרם 40 יחידות,יחידה,0.00,יחידה,false,,7.90,0.0000,true,1,6392653
7290116052830,false,קרם מזלג (40 יח') בסט וליו,,,מזלג קרם 40 יחידות,יח',1.00,יח',false,,7.90,7.9000,true,1,6434542
7290116052847,false,קרם כף (40 יח') בסט וליו,,,כף קרם 40 יחידות,יח',1.00,יח',false,,7.90,7.9000,true,1,6434543
7290116052854,false,קרם כפית (40 יח') בסט וליו,,,כפית קרם 40 יחידות,יח',1.00,יח',false,,6.90,6.9000,true,1,6434544
7290116052885,false,כוס מרוקאי קרם 25יח חגיגית,,,כוס מרוקאי קרם 25יח,יח',1.00,יח',false,,7.90,7.9000,true,1,6385992
7290116053059,false,בקבוק שתיה תרמי נירוסטה דופן כפולה 500מל שחור,,,בקבוק שתיה תרמי נירו,יח',500.00,יח',false,,35.90,0.0718,true,1,6398379
7290116053066,false,בקבוק שתיה תרמי נירוסטה דופן כפולה 500מל לבן,,,בקבוק שתיה תרמי נירו,יח',500.00,יח',false,,35.90,0.0718,true,1,6398380
7290116053080,false,צלחת עמוקה זכוכית,,,צלחת עמוקה זכוכית,יחידה,0.00,יחידה,false,,3.90,0.0000,true,1,6403937
7290116053103,false,"צלחת רטרו זכוכית 15 ס""מ",,,צלחת רטרו זכוכית 15,יחידה,0.00,יחידה,false,,3.90,0.0000,true,1,6403938
7290116053110,false,"צלחת זכוכית 20 ס""מ",,,"צלחת זכוכית 20 ס""מ",יחידה,0.00,יחידה,false,,5.90,0.0000,true,1,6403962
7290116053127,false,"צלחת רטרו זכוכית 25ס""מ",,,צלחת רטרו זכוכית 25ס,יחידה,0.00,יחידה,false,,7.90,0.0000,true,1,6403963
7290116053134,false,מלחיה זכוכית מעוצבת,,,מלחיה זכוכית מעוצבת,יחידה,0.00,יחידה,false,,5.90,0.0000,true,1,6403964
7290116053141,false,כוס זכוכית עם ידית 6 יח,,,כוס זכוכית עם ידית 6,יח',1.00,יח',false,,18.90,18.9000,true,1,6408925
7290116053158,false,כוס זכוכית צרה 6 יח',,,כוס זכוכית צרה 6 יח',יחידה,0.00,יחידה,false,,10.90,0.0000,true,1,6408926
7290116053165,false,אטבי כביסה סופר מילניום,,,אטבי כביסה סופר מילנ,יח',1.00,יח',false,,19.90,19.9000,true,1,6407104
7290116053219,false,מסחטה מקצועית רמי לוי,,,מסחטה מקצועית רמי לו,יח',1.00,יח',false,,119.90,119.9000,true,1,6445649
7290116053264,false,מסחטה מקצועית רמי לוי,,,מסחטה מקצועית רמי לו,יח',1.00,יח',false,,119.90,119.9000,true,1,6445650
7290116053448,false,כרית שינה פרימיום 100% כותנה,,,כרית שינה פרימיום 10,יח',1.00,יח',false,,39.90,39.9000,true,1,6374005
7290116053455,false,מטרפת סיליקון איכותית,,,מטרפת סיליקון איכותי,יח',1.00,יח',false,,9.90,9.9000,true,1,6413914
7290116053462,false,ידית סיליקון לסירים,,,ידית סיליקון לסירים,יח',1.00,יח',false,,9.90,9.9000,true,1,6413915
7290116053479,false,כפפה מקצועית לתנור מסיליקון,,,כפפה מקצועית לתנור מ,יח',1.00,יח',false,,19.90,19.9000,true,1,6413916
7290116053486,false,דיספנסר סיליקון להכנת קרחונים,,,דיספנסר סיליקון להכנ,יח',1.00,יח',false,,14.90,14.9000,true,1,6413917
7290116053516,false,קליפסים מעוצבים לסגירת שקיות הרמטית (3יח),,,קליפסים מעוצבים לסגי,יח',1.00,יח',false,,11.90,11.9000,true,1,6413943
7290116053530,false,קולפן אגרונומי מעוצב,,,קולפן אגרונומי מעוצב,יח',1.00,יח',false,,14.90,14.9000,true,1,6413945
7290116053820,false,"מצע לפירות וירקות 30*47 ס""מ",,,מצע לפירות וירקות 30,יחידה,0.00,יחידה,false,,8.90,0.0000,true,1,6412922
7290116053837,false,מגב חלון איכותי מחליף,,,מגב חלון איכותי מחלי,יח',1.00,יח',false,,7.90,7.9000,true,1,6407105
7290116053882,false,מלקחיים נירוסטה,,,מלקחיים נירוסטה,יחידה,0.00,יחידה,false,,7.90,0.0000,true,1,6413104
7290116053905,false,סט כפות במבוק איכותיות,,,סט כפות במבוק איכותי,יח',1.00,יח',false,,9.90,9.9000,true,1,6407130
7290116054230,false,מארז 50 צלחות לבן 8.5' בסט וליו,,,מארז 50 צלחות לבן 8.,יח',1.00,יח',false,,15.90,15.9000,true,1,6365691
7290116054759,false,בקבוק בייסיק אדום 630מל,,,בקבוק בייסיק אדום 63,יח',1.00,יח',false,,29.90,29.9000,true,1,6394733
7290116054780,false,"בקבוק בייסיק כחול מטאלי 600 מ""ל",,,בקבוק בייסיק כחול מט,יחידה,0.00,יחידה,false,,29.90,0.0000,true,1,6394856
7290116054797,false,בקבוק בייסיק כתום מטאלי 600מל,,,בקבוק בייסיק כתום מט,יחידה,0.00,יחידה,false,,29.90,0.0000,true,1,6394807
7290116054803,false,בקבוק בייסיק ירוק מטאלי 600מל,,,בקבוק בייסיק ירוק מט,יחידה,0.00,יחידה,false,,29.90,0.0000,true,1,6394808
7290116054841,false,בקבוק פרימיום טריטן שחור,,,בקבוק פרימיום טריטן,יח',1.00,יח',false,,29.90,29.9000,true,1,6394758
7290116054858,false,בקבוק פרימיום טריטן ורוד,,,בקבוק פרימיום טריטן,יחידה,0.00,יחידה,false,,29.90,0.0000,true,1,6394783
7290116055657,false,כוסות חד פעמי לשתייה חמה 40 יח,,,כוסות חד פעמי לשתייה,יח',1.00,יח',false,,6.90,6.9000,true,1,6375054
7290116055664,false,כוסות שתיה חמה 40 יחידות,,,כוסות שתיה חמה 40 יח,יח',1.00,יח',false,,11.90,11.9000,true,1,6367556
7290116055688,false,כוסות אספרסו 40 יח' רמי לוי,,,כוסות אספרסו 40 יח',יח',1.00,יח',false,,4.90,4.9000,true,1,6403913
7290116056180,false,מאפים גדול 50יח חגיגית,,,מאפים גדול 50יח חגיג,יח',1.00,יח',false,,9.90,9.9000,true,1,6385998
7290116056197,false,מאפים קטן 50יח חגיגית,,,מאפים קטן 50יח חגיגי,יח',1.00,יח',false,,8.90,8.9000,true,1,6385999
7290116056289,false,אקולוגית מרקיה קטנה 25יח,,,אקולוגית מרקיה קטנה,יח',25.00,יח',false,,8.90,0.3560,true,1,6414800
7290116056296,false,צלחת 9' קרם (50 יח') בסט וליו,,,צלחת 9 קרם 50יח בסט,יח',1.00,יח',false,,19.90,19.9000,true,1,6354894
7290116056302,false,צלחת 9' לבן (50 יח') בסט וליו,,,צלחת 9 לבן 50יח בסט,יח',1.00,יח',false,,19.90,19.9000,true,1,6354895
7290116056968,false,מטליות 50יח לניקוי וחיטוי 99.9%,,,מטליות 50יח לניקוי ו,יח',1.00,יח',false,,6.90,6.9000,true,1,6326249
7290116056999,false,כף (10יח') לבן כסף,,,כף (10יח') לבן כסף,יח',1.00,יח',false,,9.90,9.9000,true,1,6368365
7290116057132,false,מזלג (10יח') נצנץ זהב,,,מזלג (10יח') נצנץ זה,יח',1.00,יח',false,,9.90,9.9000,true,1,6368397
7290116057149,false,כף (10יח') נצנץ זהב,,,כף (10יח') נצנץ זהב,יח',1.00,יח',false,,9.90,9.9000,true,1,6368398
7290116058573,false,מפות פירנצה,,,מפות פירנצה,יח',1.00,יח',false,,7.90,7.9000,true,1,6331651
7290116058580,false,"מפות גליל ורוד 16מ 1.2ס""מ",,,מפות גליל ורוד 16מ 1,יח',1.00,יח',false,,32.90,32.9000,true,1,6332087
7290116058887,false,קסרול קטן שחור (10יח,,,קסרול קטן שחור (10יח,יח',1.00,יח',false,,8.90,8.9000,true,1,6358521
7290116058894,false,קסרול גדול שחור 7 (3יח') NEW WINGS,,,קסרול גדול שחור 7 (3,יח',1.00,יח',false,,8.90,8.9000,true,1,6358522
7290116058979,false,תבניות אלומניום,,,תבניות אלומניום,יח',1.00,יח',false,,34.90,34.9000,true,1,6318875
7290116059075,false,שטיח פרווה מפנק 50*80,,,שטיח פרווה מפנק 50*8,יח',1.00,יח',false,,49.90,49.9000,true,1,6441227
7290116071480,false,כבל 1M iPhone NEW VIMAX לבן ^,,,כבל 1M iPhone NEW VI,יח',1.00,יח',false,,14.90,14.9000,true,1,6290370
7290116071497,false,כבל 1M TYPE C NEW VIMAX לבן ^,,,כבל 1M TYPE C NEW VI,יח',1.00,יח',false,,19.90,19.9000,true,1,6290371
7290116071503,false,כבל 1M MICRO USB NEW VIMAX לבן ^,,,כבל 1M MICRO USB NEW,יח',1.00,יח',false,,14.90,14.9000,true,1,6290372
7290116071510,false,כבל 1M AUX NEW VIMAX שחור ^,,,כבל 1M AUX NEW VIMAX,יח',1.00,יח',false,,14.90,14.9000,true,1,6290373
7290116071534,false,כבל 2M TYPE C NEW VIMAX שחור,,,כבל 2M TYPE C NEW VI,יח',1.00,יח',false,,29.90,29.9000,true,1,6299334
7290116071565,false,אוזניה NEW VIMAX דגם אייפון לבן ^,,,אוזניה NEW VIMAX דגם,יח',1.00,יח',false,,29.90,29.9000,true,1,6290374
7290116071572,false,אוזניה NEW VIMAX דגם גלקסי S6 לבן ^,,,אוזניה NEW VIMAX דגם,יח',1.00,יח',false,,19.90,19.9000,true,1,6290375
7290116071589,false,אוזניה NEW VIMAX דגם גלקסי S8 שחור ^,,,אוזניה NEW VIMAX דגם,יח',1.00,יח',false,,24.90,24.9000,true,1,6290376
7290116071626,false,אוזניה סטריאו NEW VIMAX כחול ^,,,אוזניה סטריאו NEW VI,יח',1.00,יח',false,,49.90,49.9000,true,1,6299357
7290116071688,false,אוזניה קשת בלוטוס NEW VIMAX VBT-R7 אדום ^,,,אוזניה קשת בלוטוס NE,יח',1.00,יח',false,,89.90,89.9000,true,1,6299363
7290116071718,false,מטען קיר NEW VIMAX ראש 2.1A,,,מטען קיר NEW VIMAX ר,יח',1.00,יח',false,,34.90,34.9000,true,1,6299366
7290116071732,false,מטען קיר ראש + כבל אייפון 2.1A,,,מטען קיר ראש + כבל א,יח',1.00,יח',false,,49.90,49.9000,true,1,6285362
7290116071749,false,מטען קיר ראש + כבל 2.1A TYPE C,,,מטען קיר ראש + כבל 2,יח',1.00,יח',false,,49.90,49.9000,true,1,6285363
7290116071756,false,מטען רכב NEW VIMAX ראש 2.1A,,,מטען רכב NEW VIMAX ר,יח',1.00,יח',false,,24.90,24.9000,true,1,6299367
7290116073071,false,אוזניה NEW RL דגם גלקסי S8,,,אוזניה NEW RL דגם גל,יח',1.00,יח',false,,29.90,29.9000,true,1,6318855
7290116073095,false,כבל Type C מטר,,,כבל Type C מטר,יח',1.00,יח',false,,14.90,14.9000,true,1,6285364
7290116073149,false,מטען קיר ראש 2.1A,,,מטען קיר ראש 2.1A,יח',1.00,יח',false,,29.90,29.9000,true,1,6305061
7290116073156,false,מטען קיר גלקסי 2.1A + יציאת USB נוספת,,,מטען קיר גלקסי 2.1A,יח',1.00,יח',false,,39.90,39.9000,true,1,6305062
7290116073163,false,מטען קיר ראש + כבל אייפון 2.1A 6S,,,מטען קיר ראש + כבל א,יח',1.00,יח',false,,39.90,39.9000,true,1,6305063
7290116073170,false,מטען קיר 2.1A TYPE C +יציאת USB נוספת,,,מטען קיר 2.1A TYPE C,יח',1.00,יח',false,,39.90,39.9000,true,1,6305064
7290116073187,false,כבל 1.2M C TO C NEW VIMAX לבן,,,כבל 1.2M C TO C NEW,יח',1.00,יח',false,,19.90,19.9000,true,1,6318856
7290116073194,false,כבל 1.2M C TO L NEW VIMAX לב,,,כבל 1.2M C TO L NEW,יח',1.00,יח',false,,19.90,19.9000,true,1,6318857
7290116511757,false,מארז זוג גרבי חורף,,,גרביי נשים חמות,יח',1.00,יח',false,,24.90,24.9000,true,1,6353644
7290116511870,false,גרביון נשים טרמי ללא כף רגל,,,גרביון נשים טרמי ללא,יח',1.00,יח',false,,24.90,24.9000,true,1,6325495
7290116511887,false,גרביון נשים שחור 120 D,,,גרביון נשים שחור 120,יח',1.00,יח',false,,24.90,24.9000,true,1,6325496
7290116513003,false,גופיה טרמי לבן גבר לבן O מידה XXL,,,גופיה טרמי לבן גבר ל,יח',1.00,יח',false,,24.90,24.9000,true,1,6327324
7290116514154,false,גרבי ספורט חמישייה 4,,,גרבי ספורט חמישייה 4,יחידה,0.00,יחידה,false,,24.90,0.0000,true,1,6383278
7290116514383,false,שלישיית גרביים גברים סירה,,,שלישיית גרביים גברים,יח',1.00,יח',false,,20.00,20.0000,true,1,6386024
7290116514406,false,שלישיית גרביים גברים סירה,,,שלישיית גרביים גברים,יח',1.00,יח',false,,15.00,15.0000,true,1,6386000
7290116514673,false,שלישיית גרבי גברים שחור L.A.GEAR 40-46,,,שלישיית גרבי גברים ש,יחידה,0.00,יחידה,false,,20.00,0.0000,true,1,6433337
7290116514680,false,שלישיית גרבי גברים שחוראפור L.A.GEAR 40-46,,,שלישיית גרבי גברים ש,יחידה,0.00,יחידה,false,,20.00,0.0000,true,1,6433338
7290116514727,false,L.A.GEAR 40-46 זוגות גרבי גברים מיקס,,,L.A.GEAR 40-46 זוגות,יחידה,0.00,יחידה,false,,20.00,0.0000,true,1,6433342
7290116514734,false,שלישיית גרבי נשים מיקס L.A.GEAR 36-41,,,שלישיית גרבי נשים מי,יחידה,0.00,יחידה,false,,20.00,0.0000,true,1,6433343
7290116514741,false,שלישיית גרבי נשים פסים מיקס L.A.GEAR 36-41,,,שלישיית גרבי נשים פס,יחידה,0.00,יחידה,false,,20.00,0.0000,true,1,6433344
7290116514765,false,שלישיית קרסוליות נשים מיקס L.A.GEAR 36-41,,,שלישיית קרסוליות נשי,יחידה,0.00,יחידה,false,,20.00,0.0000,true,1,6433346
7290116514802,false,שלישיית גרבי בנות מיקס L.A.GEAR 23-26,,,שלישיית גרבי בנות מי,יחידה,0.00,יחידה,false,,20.00,0.0000,true,1,6433350
7290116514826,false,שלישיית קרסוליות בנות מיקס L.A.GEAR 23-26,,,שלישיית קרסוליות בנו,יחידה,0.00,יחידה,false,,20.00,0.0000,true,1,6433352
7290116514888,false,L.A.GEAR 36-41 זוגות גרבי נשים מעוצבות,,,L.A.GEAR 36-41 זוגות,יחידה,0.00,יחידה,false,,20.00,0.0000,true,1,6433358
7290116514895,false,גרביונים נשים טרמי שחור ללא כף רגל  S-M,,,גרביונים נשים טרמי ש,יחידה,0.00,יחידה,false,,24.90,0.0000,true,1,6433359
7290116530000,false,"דאב - תרחיץ פנים מרענן בניחוח מלפפון ותה ירוק 180 מ""ל","יוניליוור פולין, רחוב קר",IL,דאב תרחיץ פנים מלפפו,מטרים,180.00,100 מ'ל,false,,11.90,0.0661,true,1,6402148
7290116530062,false,רוטב ויניגרט לסלט הלמנס 295 גרם,יוניליוור ישראל מזון בע\,IL,הלמנס רוטב לסלט ויני,מטרים,295.00,100 מ'ל,false,,9.90,0.0336,true,1,6309688
7290116530185,false,"קורנפלקס דלישקד קרמל מלוח 400 גרם בד""ץ","יוניליוור שפע ישראל בע""\",IL,קורנפלקס דלישקד קרמל,גרמים,400.00,100 גרם,false,,19.70,0.0492,true,1,6319206
7290116530215,false,דאודרנט סטיק לגבר דרק טמפטיישן 76 ג' אקס,יוניליוור פארם,US,דאו אקס סטיק לגבר דר,גרמים,76.00,100 גרם,false,,19.90,0.2618,true,1,6300104
7290116530222,false,דאודרנט סטיק לגבר אנרכי 76 ג' אקס,יוניליוור פארם,US,דאו אקס סטיק לגבר אנ,גרמים,76.00,100 גרם,false,,19.90,0.2618,true,1,6300105
7290116530888,false,ג'ל לכביסה לבנה וצבעונית פינוק כחול בדין 2.5 ל',"זוהר דליה, קיבוץ דליה, 1",IL,בדין ג'ל לכביסה ברי,ליטרים,2.50,ליטר,false,,27.90,11.1600,true,1,6309693
7290116531045,false,קורנפלקס דליפקאן 350ג ללא גלוטן,"מולינו ניקולי ,S.p.A ויה",IT,קורנפלקס דליפקאן 350,גרמים,350.00,100 גרם,false,,19.90,0.0569,true,1,6356172
7290116531090,false,בייגל בייגל דג דג במליחות עדינה 250 גרם,"דרך השוקולד ,1 צפת 13404",IL,בייגלה דג דג 250 גרם,גרמים,250.00,100 גרם,false,,9.90,0.0396,true,1,6341954
7290116531243,false,"שמפו ומרכך 2ב-1 למניעת קשקשים 700 מ""ל פינוק",יוניליוור ישראל טיפוח אי,IL,פינוק 2ב1 קשקשים,מיליליטרים,770.00,"100 מ""ל",false,,12.90,0.0168,true,1,6339360
7290116531496,false,קינמונים דגנים פריכים מצופים 375 גרם,"נאוג'\אזיס נווזיס ,UAB ג",LT,קורנפלקס קינמונים 37,גרמים,375.00,100 גרם,false,,18.90,0.0504,true,1,6375318
7290116531557,false,"פריכיות פתית תירס עם מלח 150 גרם כשל""פ",גוד פוד פרודקטס Sp.zo.o,PL,פתית פריכיות תירס דק,גרמים,150.00,100 גרם,false,,9.90,0.0660,true,1,6353475
7290116531564,false,מאגדת פתית פריכיות תירס דקות עם קינואה ובזיליקום 150 ג',גוד פוד פרודקטס Sp.zo.o,PL,פתית פריכיות תירס דק,גרמים,150.00,100 גרם,false,,9.90,0.0660,true,1,6353476
7290116531762,false,דפים ריחניים למייבש כביסה בדין ורוד 40 יחידות,"קלינטסט - 3p ארה""ב",US,בדין דפים למייבש כבי,יח',40.00,יח',false,,14.90,0.3725,true,1,6349657
7290116531793,false,הלמנ'ס רוטב לסלט קיסר 295 גרם,יוניליוור ישראל מזון בע\,IL,הלמנס רוטב לסלט קיסר,מיליליטרים,295.00,"100 מ""ל",false,,9.90,0.0336,true,1,6331780
7290116531939,false,גלידה בשומן צמחי בטעם תות שדה בציפוי מכיל שוקולד,"גלידת שטראוס בע""\מ, רח'",IL,גלידונית קרמיסימו תו,גרמים,630.00,100 גרם,false,,39.80,0.0632,true,1,6367002
7290116532264,false,מאגדת גודיז פרי אפרסק יוגורט בציפוי 300 ג' שטראוס,"גלידת שטראוס בע""\מ, רחוב",IL,גודיז פרי אפרסק 8יח,מטרים,420.00,100 מ'ל,false,,19.90,0.0474,true,1,6367003
7290116532387,false,"אל סבון ידיים נוזלי חמאת שיאה 950 מ""ל פינוק",יוניליוור ישראל טיפוח אי,TR,פינוק סבון לידיים חמ,מיליליטרים,950.00,"100 מ""ל",false,,11.80,0.0124,true,1,6366999
7290116532721,false,רוטב הלמנס ישראלי לסלט לימון וזעתר 305 ג,אתר חיפה ממרחים - Fo,IL,הלמנס רוטב לסלט לימו,מיליליטרים,300.00,"100 מ""ל",false,,9.90,0.0330,true,1,6424564
7290116532769,false,גרנולה פרוטאין גרנולה חלבון תפוח וקינמון תלמה 300 גרם,חטיפי העמק,IL,גרנולה חלבון תפוח קי,גרמים,300.00,100 גרם,false,,14.90,0.0497,true,1,6389122
7290116532868,false,פינוק בייבי שמפו אל דמע לתינוקות 900 מל,יוניליוור ישראלn\טיפוח א,IL,פינוק שמפו אל דמע בי,מיליליטרים,900.00,"100 מ""ל",false,,19.90,0.0221,true,1,6406130
7290116930015,false,GO חטיף חלבון חטיף בוטנים קריספי 20 גרם חלבון,"בלמונט קונפקציות בע""\מ.",US,גו חטיף חלבון טעם ק,גרמים,60.00,100 גרם,false,,11.90,0.1983,true,1,6399804
7290116930022,false,חטיף חלבון GO קרם עוגיות ציפוי קריספי 20 גרם,"בלמונט קונפקציות בע""\מ.",US,גו חטיף חלבון קרם עו,גרמים,60.00,100 גרם,false,,11.90,0.1983,true,1,6399805
7290116930244,false,"שמיניית יוגורט תנובה 1.5% בד""צ 150 גרם",תנובה מרכז שיתופי לש,IL,תנובה יוגורט ביו 1.5,מטרים,1200.00,100 מ'ל,false,,16.30,0.0136,true,1,6381822
7290116930282,false,ארוחה בקטנה לאבנה עם קרקרים 150ג' תנובה,תנובה חלב,IL,ארוחת בוקר לאבנה עם,גרמים,150.00,100 גרם,false,,7.50,0.0500,true,1,6411277
7290116930435,false,יוגורט יופלה GO במרקם סמיך עם דובדבן 0%,תנובה מרכז שיתופי לש,IL,יופלה גו במרקם סמיך,מטרים,200.00,100 מ'ל,false,,5.50,0.0275,true,1,6381823
7290116930459,false,"יופלה שייק מנגו בננה אננס וקוקוס 230 מ""ל",קבוצת המזון אקטשלאר,IL,יופלה שייק 230 מל,מטרים,230.00,100 מ'ל,false,,7.70,0.0335,true,1,6391213
7290116930466,false,"משקה SHAKE בננה מנגן פסיפלורה והל 230 מ""ל יופלה",קבוצת המזון אקטשלאר,IL,יופלה שייק 230 מל,מטרים,230.00,100 מ'ל,false,,7.70,0.0335,true,1,6391214
7290116930480,false,"משקה SHAKE בננה קיווי תפוח 230 מ""ל יופלה",קבוצת המזון אקטשלאר,IL,יופלה שייק 230 מל,מטרים,230.00,100 מ'ל,false,,7.70,0.0335,true,1,6391215
7290116930701,false,מעדן חלב GO מועשר בחלבון בטעם קרמל מלוח,תנובה מרכז שיתופי לש,IL,מעדן חלב גו בטעם קרמ,מטרים,120.00,100 מ'ל,false,,4.60,0.0383,true,1,6391217
7290116930718,false,מעדן תנובה דיאט בטעם שוקולד וקרמל מלוח 0% 150ג' תנובה,"תנובה בע""\מ",IL,מעדן חלב דל קלוריות,מיליליטרים,150.00,"100 מ""ל",false,,3.80,0.0253,true,1,6401585
7290116931081,false,גביע מעדן סויה בטעם טופי קרמל 125 גרם,תנובה מרכז שיתופי לש,IL,מעדן סויה טעם טופי ק,גרמים,125.00,100 גרם,false,,3.70,0.0296,true,1,6411281
7290116931104,false,יופלה GO במרקם סמיך עם אננס 0% תנובה 200 גרם,תנובה חלב,IL,יופלה גו במרקם סמיך,מטרים,200.00,100 מ'ל,false,,5.50,0.0275,true,1,6411282
7290116931289,false,יופלה גו במרקם סמיך אלפחורס 200מל,תנובה מרכז שיתופי לש,IL,יופלה גו במרקם סמיך,מטרים,200.00,100 מ'ל,false,,5.50,0.0275,true,1,6448649
7290117182345,false,מארז 18 בדי בדיקה איכותיים,,IL,בדי בדיקה,5 יח',1.00,5 יח',false,,7.90,7.9000,true,1,6420266
7290117260005,false,קונפיטורה תות שדה ויליפוד 380 גרם,גסאס גנל גידה,TR,קונפיטורה תות שדה 38,גרמים,380.00,100 גרם,false,,7.90,0.0208,true,1,6374931
7290117260029,false,קונפיטורה דובדבנים ויליפוד 380 גרם,גסאס גנל גידה,TR,קונפיטורה דובדבנים 3,גרמים,380.00,100 גרם,false,,7.90,0.0208,true,1,6374933
7290117260036,false,קונפיטורה משמש ויליפוד 380 גרם,גסאס גנל גידה,TR,קונפיטורה משמש 380 ג,גרמים,380.00,100 גרם,false,,7.90,0.0208,true,1,6374934
7290117260043,false,ריבת עלי ורדים ויליפוד 380 גרם,וילי פוד,TR,ריבת עלי ורדים 380 ג,גרמים,380.00,100 גרם,false,,7.90,0.0208,true,1,6374935
7290117260050,false,קונפיטורה חבושים ויליפוד 380 גרם,וילי פוד,TR,קונפיטורה חבושים 380,גרמים,380.00,100 גרם,false,,7.90,0.0208,true,1,6374936
7290117260067,false,קונפיטורה תפוזים ויליפוד 380 גרם,גסאס גנל גידה,CN,קונפיטורה תפוזים 380,גרמים,380.00,100 גרם,false,,7.90,0.0208,true,1,6374937
7290117260333,false,גבינת שמנת עם חלפיניו 22% 200ג רמילוי,,,גבינת שמנת עם חלפיני,גרמים,200.00,100 גרם,false,,9.90,0.0495,true,1,6373696
7290117260432,false,פטריות שמפניון חתוכות 400ג רמילוי,,,פטריות שמפניון חתוכו,גרמים,400.00,100 גרם,false,,4.60,0.0115,true,1,6344633
7290117261354,false,גבינת ריקוטה 200 גרם 5%שומן מחלבת אירופה,באלבן גידה סנאי,TR,גבינת ריקוטה 200גרם,גרמים,200.00,100 גרם,false,,9.70,0.0485,true,1,6399800
7290117261521,false,סלמון אטלנטי בשמן קנולה 120 גרם ויליפוד,קריות זול,LV,סלמון אטלנטי בשמן קנ,גרמים,120.00,100 גרם,false,,9.90,0.0825,true,1,6407001
7290117261545,false,סלמון אטלנטי ברוטב טריאקי 120 גרם ויליפוד,קריות זול,LV,סלמון אטלנטי ברוטב ט,גרמים,120.00,100 גרם,false,,9.90,0.0825,true,1,6406968
7290117261569,false,סלמון אטלנטי מעושן בשמן קנולה 120 גרם ויליפוד,קריות זול,LV,סלמון אטלנטי מעושן ב,גרמים,120.00,100 גרם,false,,9.90,0.0825,true,1,6407003
7290117380192,false,חטיף פוף קראנץ בטעם גריל 60 גרם,מנה,IL,פוף קראנצ בטעם גריל,גרמים,60.00,100 גרם,false,,2.90,0.0483,true,1,6339107
7290117380215,false,חטיף פוף קראנץ בטעם טאקו 60 גרם,מנה,IL,פוף קראנצ בטעם טאקו,גרמים,60.00,100 גרם,false,,2.90,0.0483,true,1,6339087
7290117380864,false,סלים דליס פייבר עוגות בראוניס אישיות בטעם שוקולד 120 גרם,הלמה הלום,NL,סלים דליס פייבר עוגו,גרמים,150.00,100 גרם,false,,10.80,0.0720,true,1,6387291
7290117380888,false,עוגיות סנדוויץ' עם 45% שוקולד חלב בלגי,,NL,עוגיות סנדוויץ' עם 4,גרמים,140.00,100 גרם,false,,8.90,0.0636,true,1,6436017
7290117382264,false,"משחת שיניים טוטאל עם פחם 2 *75 מ""ל קולגייט",,,קולגייט משחת שיניים,מטרים,150.00,100 מ'ל,false,,34.90,0.2327,true,1,6382455
7290117382318,false,סלים דליס - חטיף חלבון מצופה שוקולד מריר 60 גרם,"י. מרבה ישראל בע""\מ",IT,סלים דליס חטיף חלבון,יחידה,0.00,יחידה,false,,11.90,0.0000,true,1,6420398
7290117382332,false,סלים דליס - חטיף חלבון מצופה שוקולד בטעם עוגיות 60 גרם,"י. מרבה ישראל בע""\מ",IT,סלים דליס חטיף חלבון,יחידה,0.00,יחידה,false,,11.90,0.0000,true,1,6420400
7290117383711,false,"מארז זוג תחליב רחצה חלב ודבש *750 מ""ל פלמוליב",קולגייט פלמוליב,TR,פלמוליב חלב ודבש 750,גרמים,1500.00,100 גרם,false,,29.90,0.0199,true,1,6434507
7290117383742,false,"מארז זוג ג'ל רחצה לגבר 750 מ""ל פלמוליב",קולגייט פלמוליב,TR,פלמוליב גבר מרענן 75,גרמים,1500.00,100 גרם,false,,29.90,0.0199,true,1,6434510
7290117860038,false,"הוואי - תחליב רחצה יוגורט בניחוח אוכמניות 700 מ""ל","טרופיקל דגיל בע""\מ",IL,הוואי תחליב רחצה יוג,יחידה,0.00,יחידה,false,,13.90,0.0000,true,1,6444053
7290117860045,false,שמפו תמציות אלוורה ותה ירוק לשיער רגיל,"טרופיקל גליל בע""מ",IL,הוואי שמפו לשיער רגי,יחידה,0.00,יחידה,false,,13.90,0.0000,true,1,6444054
7290117860090,false,מרכך תמציות אלוורה ותה ירוק לשיער רגיל,"טרופיקל דגיל בע""\מ",IL,הוואי מרכך מטפח לשיע,יחידה,0.00,יחידה,false,,13.90,0.0000,true,1,6444056
7290117860144,false,הוואי שמפו פירות אקזוטיים וקלנדולה 700,"טרופיקל גליל בע""מ",IL,הוואי שמפו למניעת קש,יחידה,0.00,יחידה,false,,13.90,0.0000,true,1,6444058
7290117860182,false,"הוואי - תחליב רחצה בניחוח מגנוליה ושמן שקדים 700 מ""ל","טרופיקל דגיל בע""\מ",IL,הוואי תחליב רחצה מגנ,יחידה,0.00,יחידה,false,,13.90,0.0000,true,1,6444059
7290117860199,false,שמפו שמן ורד הבר ושמן מקדמיה לשיער יבש,"טרופיקל דגיל בע""\מ",IL,הוואי שמפו לשיער יבש,יחידה,0.00,יחידה,false,,13.90,0.0000,true,1,6444060
7290117860236,false,"הוואי - קרם רחצה בניחוח ויולה ורודה 700 מ""ל","טרופיקל דגיל בע""\מ",IL,הוואי קרם רחצה בניחו,יחידה,0.00,יחידה,false,,13.90,0.0000,true,1,6444061
7290117860243,false,"הוואי - מרכך מעניק לחות לשיער יבש 700 מ""ל","טרופיקל גליל בע""מ",IL,הוואי מרכך מעניק לחו,יחידה,0.00,יחידה,false,,13.90,0.0000,true,1,6444062
7290117860281,false,"הוואי - ג'ל רחצה לגבר בניחוח עוצמתי 700 מ""ל","טרופיקל דגיל בע""\מ",IL,הוואי ג'ל רחצה לגבר,יחידה,0.00,יחידה,false,,13.90,0.0000,true,1,6444063
7290117860298,false,שמפו קומפלקס קרטין לשיער עדין או חלש,"טרופיקל גליל בע""מ",IL,הוואי שמפו קרטין מחז,יחידה,0.00,יחידה,false,,13.90,0.0000,true,1,6444064
7290117860342,false,מרכך קומפלקס קרטין לשיער עדין או חלש,"טרופיקל גליל בע""מ",IL,הוואי מרכך קרטין מחז,יחידה,0.00,יחידה,false,,13.90,0.0000,true,1,6444066
7290117860380,false,"תחליב רחצה יוגורט בניחוח אלוורה 700 מ""ל הוואי","טרופיקל דגיל בע""\מ",IL,הוואי תחליב רחצה יוג,יחידה,0.00,יחידה,false,,13.90,0.0000,true,1,6444067
7290117860397,false,שמפו תמצית פריחת הדובדבן לשיער רגיל,"טרופיקל גליל בע""מ",IL,הוואי שמפו פריחת הדו,יחידה,0.00,יחידה,false,,13.90,0.0000,true,1,6444068
7290117860441,false,"מרכך פריחת הדובדבן 700 מ""ל הוואי","טרופיקל גליל בע""מ",IL,הוואי מרכך פריחת הדו,יחידה,0.00,יחידה,false,,13.90,0.0000,true,1,6444069
7290117860496,false,"הוואי שמפו + מרכך 2 ב-1 לגבר 700 מ""ל-חדש","טרופיקל גליל בע""מ",IL,הוואי שמפו + מרכך 2,יחידה,0.00,יחידה,false,,13.90,0.0000,true,1,6444070
7290117860540,false,הוואי שמפו לילדים רוזמרין מנגו ומשמש 700,"טרופיקל דגיל בע""\מ",IL,הוואי שמפו עדין לילד,יחידה,0.00,יחידה,false,,13.90,0.0000,true,1,6444071
7290117860595,false,הוואי מרכך לילדים רוזמרין מנגו ומשמש 700,"טרופיקל גליל בע""מ",IL,הוואי מרכך מתיר קשרי,יחידה,0.00,יחידה,false,,13.90,0.0000,true,1,6444072
7290117860649,false,הוואי שמפו קרטין קיק ללא סולפטים 700 מל,"טרופיקל גליל בע""מ",IL,הוואי שמפו ללא סולפט,יחידה,0.00,יחידה,false,,13.90,0.0000,true,1,6444073
7290117860694,false,הוואי מרכך קרטין קיק ללא סולפטים 700 מל,"טרופיקל גליל בע""מ",IL,הוואי מרכך ללא סולפט,יחידה,0.00,יחידה,false,,13.90,0.0000,true,1,6444074
7290117860847,false,"הוואי רעננות מושלמת לגבר לשיער, גוף, פנים וזקן","טרופיקל גליל בע""מ",IL,הוואי שמפו 4 ב-1 לגב,יחידה,0.00,יחידה,false,,13.90,0.0000,true,1,6444077
7290117860892,false,"הוואי - תחליב רחצה יוגורט בניחוח וניל ודבש 700 מ""ל","טרופיקל דגיל בע""\מ",IL,הוואי תחליב רחצה יוג,יחידה,0.00,יחידה,false,,13.90,0.0000,true,1,6444078
7290117860946,false,"תחליב רחצה יוגורט בניחוח קוקוס 700 מ""ל הוואי","טרופיקל דגיל בע""\מ",IL,הוואי תחליב רחצה יוג,יחידה,0.00,יחידה,false,,13.90,0.0000,true,1,6444079
7290117900826,false,חמצוצים בטעם קולה 180 גרם רמי לוי,,,חמצוצים בטעם קולה 18,גרמים,180.00,100 גרם,false,,8.90,0.0494,true,1,6360013
7290117900833,false,חמצוצים בטעם תות בננה 180 גרם רמי לוי,,,חמצוצים בטעם תות בננ,גרמים,180.00,100 גרם,false,,8.90,0.0494,true,1,6360014
7290117900840,false,חמצוצים בטעם תות 180 גרם רמי לוי,,,חמצוצים בטעם תות 180,גרמים,180.00,100 גרם,false,,8.90,0.0494,true,1,6360015
7290117900857,false,חמצוצים בטעם אוכמניות 180 גרם רמי לוי,,,חמצוצים בטעם אוכמניו,גרמים,180.00,100 גרם,false,,8.90,0.0494,true,1,6360016
7290117900864,false,חמצוצים בטעם פירות 180 גרם רמי לוי,,,חמצוצים בטעם פירות,גרמים,180.00,100 גרם,false,,8.90,0.0494,true,1,6360039
7290117900871,false,מגש סוכריות גומי 700 גרם רמי לוי,,,מגש סוכריות גומי 700,גרמים,700.00,100 גרם,false,,28.90,0.0413,true,1,6360017
7290118070023,false,סט כוסות פסטל מחליף,,,סט כוסות פסטל מחליף,יח,1.00,יח,false,,9.90,9.9000,true,1,6407135
7290118070030,false,סט 4 קעריות פלסטיק פסטל,,,סט 4 קעריות פלסטיק פ,יח,1.00,יח,false,,9.90,9.9000,true,1,6407136
7290118070054,false,מערוך עץ מחליף,,,מערוך עץ מחליף,יח,1.00,יח,false,,14.90,14.9000,true,1,6407138
7290118070078,false,שטיח אמבט פרחוני MOCONA,,,שטיח אמבט פרחוני MOC,יחידה,0.00,יחידה,false,,19.90,0.0000,true,1,6433672
7290118070146,false,מאפרת זכוכית מעוצבת מחליף,,,מאפרת זכוכית מעוצבת,יח,1.00,יח,false,,5.90,5.9000,true,1,6407140
7290118070214,false,אטבי כביסה 24,,,אטבי כביסה 24,יח,1.00,יח,false,,6.90,6.9000,true,1,6407168
7290118070221,false,אטבי כביסה בשקית,,,אטבי כביסה בשקית,יחידה,0.00,יחידה,false,,8.90,0.0000,true,1,6422623
7290118070245,false,קליפיסים לסגירת שקיות 4יח,,,קליפיסים לסגירת שקיו,יח,1.00,יח,false,,6.90,6.9000,true,1,6407169
7290118070252,false,מארז בלונים 50יח,,,מארז בלונים 50יח,יח,1.00,יח,false,,12.90,12.9000,true,1,6407170
7290118070276,false,פותחן ליין,,,פותחן ליין,יח,1.00,יח,false,,14.90,14.9000,true,1,6407171
7290118070313,false,מנגל נירוסטה גדול מתקפל,,,מנגל נירוסטה גדול מת,יחידה,0.00,יחידה,false,,89.90,0.0000,true,1,6417695
7290118071044,false,מפיות מודפסות שבת שלום 20יח,,,מפיות מודפסות שבת של,יח',1.00,יח',false,,4.90,4.9000,true,1,6407973
7290118071297,false,בצק משחק כלב,,,בצק משחק כלב,יחידה,0.00,יחידה,false,,14.90,0.0000,true,1,6410901
7290118071884,false,חנוכיה מעוצבת מעוטרת זהב,,,חנוכיה מעוצבת מעוטרת,יחידה,0.00,יחידה,false,,39.90,0.0000,true,1,6435723
7290118071914,false,חנוכיה מעוצבת מחומש כסף,,,חנוכיה מעוצבת מחומש,יחידה,0.00,יחידה,false,,99.90,0.0000,true,1,6435726
7290118071945,false,כוס לקידוש זהב,,,כוס לקידוש זהב,יחידה,0.00,יחידה,false,,49.90,0.0000,true,1,6435729
7290118072362,false,קערה עמוקה שקוף נצנץ זהב (1 יח') חגיגית,,,קערה עמוקה שקוף נצנץ,יח',1.00,יח',false,,7.90,7.9000,true,1,6433663
7290118072379,false,קערה עמוקה שקוף נצנץ כסף (1 יח') חגיגית,,,קערה עמוקה שקוף נצנץ,יח',1.00,יח',false,,7.90,7.9000,true,1,6433664
7290118072508,false,"מחבת ווד אדישן מקצועית 20 ס""מ שחור",,,מחבת ווד אדישן מקצוע,יח',1.00,יח',false,,49.90,49.9000,true,1,6416050
7290118072539,false,"מחבת יציקה איכותית 28 ס""מ wood edition",,,מחבת יציקה איכותית 2,יח',1.00,יח',false,,79.90,79.9000,true,1,6428919
7290118072546,false,"ווק לבישול והקפצה 30 ס""מ",,,ווק לבישול והקפצה 30,יח',1.00,יח',false,,59.90,59.9000,true,1,6428920
7290118072553,false,מחבת פנקייק סמיילי,,,מחבת פנקייק סמיילי,יח',1.00,יח',false,,89.90,89.9000,true,1,6428921
7290118072591,false,מאג רוזה,,,מאג רוזה,יח',1.00,יח',false,,4.90,4.9000,true,1,6416081
7290118072638,false,כוס אספרסו,,,כוס אספרסו,יחידה,0.00,יחידה,false,,3.90,0.0000,true,1,6416085
7290118072669,false,מפה עם גומי לשולחן מתקפל 1.80,,,מפה עם גומי לשולחן מ,יחידה,0.00,יחידה,false,,19.90,0.0000,true,1,6431695
7290118072706,false,לבן מרקיה (20 יח') בסט וליו,,,לבן מרקיה (20 יח') ב,יח',1.00,יח',false,,4.90,4.9000,true,1,6435909
7290118072768,false,קרם צלחת 10' (20 יח') בסט וליו,,,קרם צלחת 10' (20 יח',יח',1.00,יח',false,,13.90,13.9000,true,1,6440612
7290118072782,false,זהב קסרול (20 יח') בסט וליו,,,זהב קסרול (20 יח') ב,יח',1.00,יח',false,,3.50,3.5000,true,1,6437716
7290118072867,false,צנצנת מכסה זכוכית,,,צנצנת מכסה זכוכית,יחידה,0.00,יחידה,false,,13.90,0.0000,true,1,6416111
7290118072881,false,צנצנת מכסה זכוכית,,,צנצנת מכסה זכוכית,יחידה,0.00,יחידה,false,,20.90,0.0000,true,1,6416113
7290118072928,false,חנוכיה משואה,,,חנוכיה משואה,יחידה,0.00,יחידה,false,,89.90,0.0000,true,1,6422631
7290118072959,false,חנוכיה ציון,,,חנוכיה ציון,יחידה,0.00,יחידה,false,,49.90,0.0000,true,1,6435737
7290118072966,false,חנוכיה אורות,,,חנוכיה אורות,יחידה,0.00,יחידה,false,,59.90,0.0000,true,1,6435738
7290118072980,false,סביבון חללית,,,סביבון חללית,יחידה,0.00,יחידה,false,,13.90,0.0000,true,1,6422632
7290118072997,false,סביבון קשת,,,סביבון קשת,יחידה,0.00,יחידה,false,,14.90,0.0000,true,1,6433676
7290118073000,false,סביבון אימוג'י,,,סביבון אימוג'י,יחידה,0.00,יחידה,false,,13.90,0.0000,true,1,6433677
7290118073017,false,סביבון חד קרן,,,סביבון חד קרן,יחידה,0.00,יחידה,false,,13.90,0.0000,true,1,6433678
7290118073147,false,"קרש חיתוך מעוצב +משחיז סכינים 33.5*23.5*1.5 ס""מ",,,קרש חיתוך מעוצב +משח,יחידה,0.00,יחידה,false,,19.90,0.0000,true,1,6435739
7290118073161,false,"סט 3 תחתיות שעם לסירים 1*18.5 ס""מ כיתוב אנגלית",,,סט 3 תחתיות שעם לסיר,יחידה,0.00,יחידה,false,,24.90,0.0000,true,1,6422633
7290118073253,false,שחור מרקיה (20יח'),,,שחור מרקיה (20יח'),יח',1.00,יח',false,,4.90,4.9000,true,1,6437724
7290118073260,false,שחור צלחת 7' (20יח') בסט וליו,,,שחור צלחת 7' (20יח'),יח',1.00,יח',false,,4.90,4.9000,true,1,6440615
7290118073277,false,צלחת שחור מספר 9 20יח,,,צלחת שחור מספר 9 20י,יח',20.00,יח',false,,7.90,0.3950,true,1,6436189
7290118073284,false,שחור צלחת 10' (20יח') בסט וליו,,,שחור צלחת 10' (20יח',יח',1.00,יח',false,,13.90,13.9000,true,1,6440616
7290118073291,false,לפתניה שקוף 20יח,,,לפתניה שקוף 20יח,יח',20.00,יח',false,,3.90,0.1950,true,1,6436190
7290118073307,false,קרסול שקוף 20יח,,,קרסול שקוף 20יח,יח',20.00,יח',false,,4.50,0.2250,true,1,6436191
7290118073314,false,שקוף מרקיה (20יח'),,,שקוף מרקיה (20יח'),יח',1.00,יח',false,,6.90,6.9000,true,1,6437750
7290118073321,false,שקוף צלחת 7' (20יח'),,,שקוף צלחת 7' (20יח'),יח',1.00,יח',false,,5.90,5.9000,true,1,6437751
7290118073338,false,צלחת שקוף מספר 9 20יח,,,צלחת שקוף מספר 9 20י,יח',20.00,יח',false,,8.90,0.4450,true,1,6436192
7290118073345,false,שקוף צלחת 10' (20יח') בסט וליו,,,שקוף צלחת 10' (20יח',יח',1.00,יח',false,,14.90,14.9000,true,1,6437752
7290118073413,false,"שטיח כניסה קוקוס פנמה 60*40 ס""מ",,,שטיח כניסה קוקוס פנמ,יחידה,0.00,יחידה,false,,14.90,0.0000,true,1,6425144
7290118073444,false,"שטיח כניסה קוקוס משובח 60*40 ס""מ PP",,,שטיח כניסה קוקוס משו,יחידה,0.00,יחידה,false,,19.90,0.0000,true,1,6425147
7290118073512,false,זוג קופסאות אחסון מיני פלסטיק,,,זוג קופסאות אחסון מי,יחידה,0.00,יחידה,false,,4.90,0.0000,true,1,6426092
7290118073536,false,קופסת אחסון HAPPI LOCK פלסטיק 1.35 ליטר,,,קופסת אחסון HAPPI LO,יחידה,0.00,יחידה,false,,19.90,0.0000,true,1,6426094
7290118073543,false,קופסת אחסון HAPPI LOCK פלסטיק 0.78 ליטר,,,קופסת אחסון HAPPI LO,יחידה,0.00,יחידה,false,,14.90,0.0000,true,1,6426095
7290118073550,false,מארז 5 קופסאות אחסון פלסטיק מלבניות,,,מארז 5 קופסאות אחסון,יחידה,0.00,יחידה,false,,19.90,0.0000,true,1,6426096
7290118073567,false,מארז 5 קופסאות אחסון פלסטיק מרובעות,,,מארז 5 קופסאות אחסון,יחידה,0.00,יחידה,false,,19.90,0.0000,true,1,6426097
7290118073581,false,מסננת סיליקון עגולה,,,מסננת סיליקון עגולה,יחידה,0.00,יחידה,false,,19.90,0.0000,true,1,6433679
7290118073604,false,מסננת סיליקון מלבנית מתקפלת,,,מסננת סיליקון מלבנית,יחידה,0.00,יחידה,false,,39.90,0.0000,true,1,6422634
7290118073611,false,דלי הפלא מתקפל,,,דלי הפלא מתקפל,יחידה,0.00,יחידה,false,,29.90,0.0000,true,1,6433681
7290118073628,false,"סט סכו""ם יוקרתי 24 חלקים זהב מט",,,"סט סכו""ם יוקרתי 24 ח",יחידה,0.00,יחידה,false,,59.90,0.0000,true,1,6435741
7290118073635,false,"סט סכו""ם יוקרתי 24 חלקים רוז גולד מט",,,"סט סכו""ם יוקרתי 24 ח",יחידה,0.00,יחידה,false,,59.90,0.0000,true,1,6435742
7290118073666,false,משקפי ראיה מעוצבות,,,משקפי ראיה מעוצבות,יחידה,0.00,יחידה,false,,10.90,0.0000,true,1,6422635
7290118073680,false,כדורי ספוג עדינים שלישייה רמי לוי,,,כדורי ספוג עדינים של,יח',1.00,יח',false,,8.90,8.9000,true,1,6440088
7290118073697,false,חנוכייה מתכת צבעונית,,,חנוכייה מתכת צבעונית,יחידה,0.00,יחידה,false,,9.90,0.0000,true,1,6445676
7290118073703,false,כרית ויסקו איכותית,,,כרית ויסקו איכותית,יחידה,0.00,יחידה,false,,69.90,0.0000,true,1,6424026
7290118073710,false,מקל מטאטא מחוזק 130סמ צבעוני,,,מקל מטאטא מחוזק 130ס,יחידה,0.00,יחידה,false,,6.90,0.0000,true,1,6434274
7290118073727,false,מגב בלו דיימונד פטנט,,,מגב בלו דיימונד פטנט,יח',1.00,יח',false,,19.90,19.9000,true,1,6436268
7290118073734,false,"מגב איכותי 43 ס""מ",,,"מגב איכותי 43 ס""מ",יח',1.00,יח',false,,9.90,9.9000,true,1,6436295
7290118073819,false,מברשת למנגל,,,מברשת למנגל,יחידה,0.00,יחידה,false,,9.90,0.0000,true,1,6435745
7290118073826,false,מלחיה זכוכית,,,מלחיה זכוכית,יחידה,0.00,יחידה,false,,2.90,0.0000,true,1,6422637
7290118073888,false,סט קוצצי ציפורניים גדול,,,סט קוצצי ציפורניים ג,יח',1.00,יח',false,,14.90,14.9000,true,1,6441190
7290118073895,false,קרש חיתוך תמונה שיש,,,קרש חיתוך תמונה שיש,יחידה,0.00,יחידה,false,,19.90,0.0000,true,1,6435747
7290118073970,false,"קערת פסים צבעונית ענקית 30 ס""מ גובה 17.5 ס""מ",,,קערת פסים צבעונית ענ,יחידה,0.00,יחידה,false,,14.90,0.0000,true,1,6435748
7290118073987,false,"קערת סלט עגולה 27 ס""מ גובה 14 ס""מ",,,"קערת סלט עגולה 27 ס""",יחידה,0.00,יחידה,false,,11.90,0.0000,true,1,6435749
7290118073994,false,"סט 4 קערות צבעוניות מרובעות 14 ס""מ גובה 7 ס""מ",,,סט 4 קערות צבעוניות,יחידה,0.00,יחידה,false,,9.90,0.0000,true,1,6435750
7290118074113,false,סלסלה מלבנית נקודות,,,סלסלה מלבנית נקודות,יחידה,0.00,יחידה,false,,9.90,0.0000,true,1,6433682
7290118074236,false,פינגאן מצופה איכותי,,,פינגאן מצופה איכותי,יחידה,0.00,יחידה,false,,29.90,0.0000,true,1,6435754
7290118074304,false,סכומון מעוצב בינוני,,,סכומון מעוצב בינוני,יחידה,0.00,יחידה,false,,14.90,0.0000,true,1,6422638
7290118074328,false,כף טיגון נירוסטה איכותית,,,כף טיגון נירוסטה איכ,יחידה,0.00,יחידה,false,,14.90,0.0000,true,1,6435756
7290118074397,false,קערת נירוסטה 30CC,,,קערת נירוסטה 30CC,יחידה,0.00,יחידה,false,,24.90,0.0000,true,1,6433689
7290118074427,false,"מסננת ידית ברזל 20 ס""מ",,,מסננת ידית ברזל 20 ס,יחידה,0.00,יחידה,false,,15.90,0.0000,true,1,6422639
7290118074458,false,מסננת רשת L,,,מסננת רשת L,יחידה,0.00,יחידה,false,,19.90,0.0000,true,1,6435761
7290118074502,false,פומפייה 4 כיוונים,,,פומפייה 4 כיוונים,יחידה,0.00,יחידה,false,,24.90,0.0000,true,1,6435763
7290118074526,false,פותחן מאסטרו מקצועי,,,פותחן מאסטרו מקצועי,יחידה,0.00,יחידה,false,,29.90,0.0000,true,1,6435764
7290118074533,false,שפריצר מיכל אלומניום,,,שפריצר מיכל אלומניום,יחידה,0.00,יחידה,false,,11.90,0.0000,true,1,6422640
7290118074540,false,דבק 3 שניות מעולה- סט,,,דבק 3 שניות מעולה- ס,יחידה,0.00,יחידה,false,,9.90,0.0000,true,1,6435765
7290118074625,false,צינור אמבט מתכת 2 מטר,,,צינור אמבט מתכת 2 מט,יח',1.00,יח',false,,29.90,29.9000,true,1,6441230
7290118074632,false,שלישית ווים ניצמדים בוואקום MOCONA,,,שלישית ווים ניצמדים,יחידה,0.00,יחידה,false,,5.90,0.0000,true,1,6435767
7290118074649,false,ראש דוש מונקו MOCONA,,,ראש דוש מונקו MOCONA,יחידה,0.00,יחידה,false,,49.90,0.0000,true,1,6435768
7290118074656,false,פקק חכם MOCONA,,,פקק חכם MOCONA,יחידה,0.00,יחידה,false,,7.90,0.0000,true,1,6435769
7290118074670,false,קולפן להב,,,קולפן להב,יח',1.00,יח',false,,9.90,9.9000,true,1,6441231
7290118074687,false,קולפן פרות וירקות,,,קולפן פרות וירקות,יחידה,0.00,יחידה,false,,9.90,0.0000,true,1,6435771
7290118074694,false,פורס פיצה /בצק מעוצב,,,פורס פיצה /בצק מעוצב,יח',1.00,יח',false,,9.90,9.9000,true,1,6446931
7290118074700,false,סט כפות מדידה,,,סט כפות מדידה,יחידה,0.00,יחידה,false,,9.90,0.0000,true,1,6435772
7290118074717,false,שפריצר מעוצב,,,שפריצר מעוצב,יחידה,0.00,יחידה,false,,7.90,0.0000,true,1,6433690
7290118075301,false,קופסת אחסון 0.65 ליטר 6 יח',,,קופסת אחסון 0.65 ליט,יח',1.00,יח',false,,9.90,9.9000,true,1,6417849
7290118075349,false,כוס אבן 25 יח,,,כוס אבן 25 יח,יח',1.00,יח',false,,8.90,8.9000,true,1,6442460
7290118076537,false,"מפיות נייר 33*33 ס""מ מודפסות חנוכה שמח (15 יח')",,,"מפיות נייר 33*33 ס""מ",יח',1.00,יח',false,,7.90,7.9000,true,1,6446862
7290118076544,false,מפיות נייר מודפסות חתוכות חנוכה שמח (15 יח'),,,מפיות נייר מודפסות ח,יח',1.00,יח',false,,7.90,7.9000,true,1,6446863
7290118076551,false,קישוט מרכז שולחן מקרטון חנוכה שמח,,,קישוט מרכז שולחן מקר,יח',1.00,יח',false,,7.90,7.9000,true,1,6446864
7290118076568,false,מיני קישוטים מרכז שולחן (10 יח') חנוכה שמח,,,מיני קישוטים מרכז שו,יח',1.00,יח',false,,12.90,12.9000,true,1,6446865
7290118076575,false,קיסמים לקישוט חנוכה (10 יח'),,,קיסמים לקישוט חנוכה,יח',1.00,יח',false,,5.90,5.9000,true,1,6446866
7290118076582,false,קונפטי חנוכה (15 יח'),,,קונפטי חנוכה (15 יח',יח',1.00,יח',false,,5.90,5.9000,true,1,6446867
7290118076643,false,"מפיות נייר 33*33 ס""מ",,,"מפיות נייר 33*33 ס""מ",יח',1.00,יח',false,,4.90,4.9000,true,1,6443235
7290118076674,false,"מפיות נייר 33*33 ס""מ (20 יח') דגם 5402",,,"מפיות נייר 33*33 ס""מ",יח',1.00,יח',false,,4.90,4.9000,true,1,6443237
7290118076698,false,"מפיות נייר 33*33 ס""מ (20 יח') דגם 5404",,,"מפיות נייר 33*33 ס""מ",יח',1.00,יח',false,,4.90,4.9000,true,1,6443239
7290118076704,false,"מפיות נייר 33*33 ס""מ",,,"מפיות נייר 33*33 ס""מ",יח',1.00,יח',false,,4.90,4.9000,true,1,6443266
7290118076711,false,"מפיות נייר 33*33 ס""מ (20 יח') דגם 5406",,,"מפיות נייר 33*33 ס""מ",יח',1.00,יח',false,,4.90,4.9000,true,1,6443267
7290118076728,false,"מפיות נייר 33*33 ס""מ",,,"מפיות נייר 33*33 ס""מ",יח',1.00,יח',false,,4.90,4.9000,true,1,6443268
7290118077985,false,חנוכייה מעוצבת בינונית 28סמ רגל מעוצבת כסף מבריק,,,חנוכייה מעוצבת בינונ,יחידה,0.00,יחידה,false,,79.90,0.0000,true,1,6435773
7290118078029,false,חנוכייה מעוצבת מנורה גדולה כסף מבריק,,,חנוכייה מעוצבת מנורה,יחידה,0.00,יחידה,false,,89.90,0.0000,true,1,6435777
7290118078036,false,חנוכייה מעוצבת רחבה כסף מבריק,,,חנוכייה מעוצבת רחבה,יחידה,0.00,יחידה,false,,129.90,0.0000,true,1,6435778
7290118078043,false,חנוכייה מעוצבת רגל משולש כסף מבריק,,,חנוכייה מעוצבת רגל מ,יחידה,0.00,יחידה,false,,79.90,0.0000,true,1,6435779
7290118078067,false,כוס לקידוש עם צלחת מעוטרת כסף,,,כוס לקידוש עם צלחת מ,יחידה,0.00,יחידה,false,,49.90,0.0000,true,1,6435781
7290118078340,false,מארז סיכות בטחון,,,מארז סיכות בטחון,יחידה,0.00,יחידה,false,,5.90,0.0000,true,1,6422641
7290118078487,false,מפיות מודפסות 20 יח,,,מפיות מודפסות 20 יח,יחידה,0.00,יחידה,false,,4.90,0.0000,true,1,6425132
7290118078500,false,מפיות מודפסות 20 יח,,,מפיות מודפסות 20 יח,יחידה,0.00,יחידה,false,,4.90,0.0000,true,1,6425134
7290118078517,false,מפיות מודפסות 20 יח,,,מפיות מודפסות 20 יח,יחידה,0.00,יחידה,false,,4.90,0.0000,true,1,6425135
7290118078609,false,מפיות מודפסות 20 יח,,,מפיות מודפסות 20 יח,יחידה,0.00,יחידה,false,,4.90,0.0000,true,1,6425141
7290118078616,false,מפיות מודפסות 20 יח,,,מפיות מודפסות 20 יח,יחידה,0.00,יחידה,false,,4.90,0.0000,true,1,6425142
7290118078623,false,מפיות מודפסות 20 יח,,,מפיות מודפסות 20 יח,יחידה,0.00,יחידה,false,,4.90,0.0000,true,1,6425143
7290118078678,false,חנוכיה מעוצבת קלאסית מגן דוד כסף,,,חנוכיה מעוצבת קלאסית,יח',1.00,יח',false,,24.90,24.9000,true,1,6428922
7290118078708,false,סכומון מעוצב - אפור,,,סכומון מעוצב - אפור,יחידה,0.00,יחידה,false,,39.90,0.0000,true,1,6422653
7290118420378,false,פתיבר פינוקים בטעם תותים בשמנת - חלבי,קריות זול,IL,פתי בר פינוקים 220גר,גרמים,220.00,100 גרם,false,,9.90,0.0450,true,1,6437204
7290118420477,false,אסם בייגלה שטוחים בטעם ביסלי בצל 300 גרם,"אסם תעשיות בע""מ",IL,בייגלה שטוחים טעם בי,גרמים,300.00,100 גרם,false,,9.90,0.0330,true,1,6437234
7290119041381,false,עוגיות סהרונים מצופות 350גרמי לוי,,,עוגיות סהרונים מצופו,גרמים,350.00,100 גרם,false,,14.90,0.0426,true,1,6440980
7290119041435,false,עוגיות נסיכה טעם תות מצופות 350גרמי לוי,,,עוגיות נסיכה טעם תות,גרמים,350.00,100 גרם,false,,14.90,0.0426,true,1,6440981
7290119041688,false,עוגיות רשת שוקו מסוכרות מצופות 350גרמי לוי,,,עוגיות רשת שוקו מסו,גרמים,350.00,100 גרם,false,,14.90,0.0426,true,1,6440986
7290616784039,false,טחינה פרימיום משומשו,,,טחינה פרימיום משומשו,גרמים,500.00,100 גרם,false,,11.90,0.0238,true,1,6319169
7291044053159,false,קומקום חשמלי פנינה 2 ליטר יונדאי,,IL,קומקום חשמלי פנינה 2,יח',1.00,יח',false,,59.90,59.9000,true,1,1235275
7291044056006,false,טוסטר לחיצה נירוסטה,,,טוסטר לחיצה נירוסטה,יח',1.00,יח',false,,149.90,149.9000,true,1,2247071
7291044056013,false,מפזר חום שוכב/עומד 2000W יונדאי,יונדאי Hyundai,,מפזר חום שוכב/עומד 2,יח',1.00,יח',false,,59.90,59.9000,true,1,1235276
7291044061536,false,קומקום חשמלי יונדאי אדום 2 ל,,,קומקום חשמלי אדום 2,יח',1.00,יח',false,,59.90,59.9000,true,1,1235284
7291044066333,false,רב שקע 6+מפסק+כבל עד,,,רב שקע 6+מפסק+כבל עד,יחידה,0.00,יחידה,false,,39.90,0.0000,true,1,1228294
7291044068696,false,כירה חשמלית-בודדת/נירוסטה 1500W,,,כירה חשמלית-בודדת/ני,יח',1.00,יח',false,,99.90,99.9000,true,1,6304060
7291044069761,false,מפצל חשמל 1 ל-2 סמיקום D11:D30 תפזורת,סמיקום Semicom,,מפצל חשמל 1 ל SEMICO,יחידה,0.00,יחידה,false,,9.90,0.0000,true,1,1247880
7291044070996,false,רבעיית סוללות אלקליין רמי לוי AAA,,,רבעיית סוללות אלקליי,יח',4.00,יח',false,,4.90,1.2250,true,1,1248227
7291044077209,false,מארז סוללות רמי לוי,,,מארז סוללות 12 יח,יח',12.00,יח',false,,14.90,1.2417,true,1,2056162
7291044101706,false,מפזר חום יונדאי 2000W,,,*מבצע* מפזר חום יונד,יח',1.00,יח',false,,49.90,49.9000,true,1,6333030
7291044106749,false,שעון שבת/טיימר תקע+שקע 16A,,,שעון שבת איכותי,יח',1.00,יח',false,,24.90,24.9000,true,1,6257096
7296049015775,false,תאורת חירום נטענת 44 לדים,,,תאורת חירום נטענת 44,יחידה,0.00,יחידה,false,,39.90,0.0000,true,1,6436811
7296058000069,false,פריכיות אורז אריזת חיסכון 310 גרם,פרח תעשיות,IL,פריכיות פרח מארז חיס,גרמים,310.00,100 גרם,false,,13.50,0.0435,true,1,4638069
7296058000298,false,מארז פריכיות 310ג רמילוי,,,מארז פריכיות 310ג רמ,גרמים,300.00,100 גרם,false,,13.50,0.0450,true,1,4126689
7296058000519,false,פריכיות כוסמת דל נתרן 130 גרם,"פרח תעשיות מזון בע""מ.",IL,פרכיות פרח כוסמת דל,גרמים,130.00,100 גרם,false,,7.80,0.0600,true,1,4638028
7296058000526,false,פריכיות כוסמת פרח 160 גרם,פרח תעשיות,IL,פרח פריכיות 100% כוס,גרמים,130.00,100 גרם,false,,7.70,0.0592,true,1,1232591
7296155151305,false,נפה משי 26 ע.הבית,,,נפת משי כשרה,יח',1.00,יח',false,,29.90,29.9000,true,1,1040003
7296155152814,false,תפסן למקלות על דלת,,,תפסן למקלות על דלת,יחידה,0.00,יחידה,false,,24.90,0.0000,true,1,6428835
7296155152845,false,מתקן כוסות משולב,,,מתקן כוסות משולב,יחידה,0.00,יחידה,false,,9.90,0.0000,true,1,6428836
7296168000300,false,מסיר לק ללא אצטון 200מל רמילוי,,,מסיר לק ללא אצטון 20,מיליליטרים,200.00,"100 מ""ל",false,,9.90,0.0495,true,1,6202762
7296168000324,false,מסיר לק 200מל רמילוי,,,מסיר לק 200מל רמילוי,מיליליטרים,200.00,"100 מ""ל",false,,9.90,0.0495,true,1,6202763
7296168010118,false,בדיקת ביוץ TOPMED סטריפים 10 יח',,,בדיקת ביוץ 10 יח,יח',1.00,יח',false,,19.90,19.9000,true,1,6339924
7296168010590,false,פדים להסרת איפור 80*,,,צמר גפן דיסקיות,יח',1.00,יח',false,,15.90,15.9000,true,1,3887668
7296168015502,false,סדין ניילון מ.נוער190X90,איתן ספקים E,,סדין למיטת נוער,יח',1.00,יח',false,,14.90,14.9000,true,1,1156563
7296168015519,false,סדין שעוונית,,,סדין שעוונית,יח',1.00,יח',false,,14.90,14.9000,true,1,1156564
7296168017117,false,פלסטרים גוון עור 100 יחידות,איתן ספקים E,,פלסטרים גוון עור 100,יח',100.00,יח',false,,12.90,0.1290,true,1,1234079
7296168017155,false,פלסטר גדלים מעורב 30 יחחידות,איתן ספקים E,,פלסטר גדלים מעורב 30,יח',30.00,יח',false,,5.90,0.1967,true,1,1234080
7296168017193,false,פלסטר פארמדוקט 30 יח,,,פלסטר שקוף 30יח,יח',30.00,יח',false,,6.90,0.2300,true,1,3785980
7296168017308,false,פלסטר שקוף גדלים מעו,,,פלסטר שקוף מעורב 30י,יח',130.00,יח',false,,6.90,0.0531,true,1,3785982
7296168017650,false,פד דביק 5*7,,,פד דביק 5*7,10 יח',1.00,10 יח',false,,12.90,12.9000,true,1,4404432
7296168035012,false,צמר גפן אורגני רמילוי,,,צמר גפן אורגני רמילו,יח',1.00,יח',false,,6.90,6.9000,true,1,6276132
7296168089169,false,נשכן רשת לפירות SWEETIE,סוויטי,IL,נשכן רשת לפירות,יח',1.00,יח',false,,24.90,24.9000,true,1,2571987
7296168089213,false,כוס שומרת חום,,,כוס שומרת חום,יח',1.00,יח',false,,29.90,29.9000,true,1,2571992
7296168089381,false,נשכן סיליקון סנאי,,,נשכן סיליקון סנאי,יח',1.00,יח',false,,24.90,24.9000,true,1,6264468
7296168100079,false,ערכה לבדיקת היריון,איתן,,ערכה לבדיקת היריון,יח',1.00,יח',false,,12.90,12.9000,true,1,1156543
7296168106170,false,קיסמי שיניים חוט כפול,,,קיסמי שיניים חוט כפו,יח',1.00,יח',false,,9.90,9.9000,true,1,5660408
7296168134456,false,אטמי סיליקון מבוגר,,,אטמי אזנים סיליקון,יח',1.00,יח',false,,19.90,19.9000,true,1,4404436
7296168154232,false,שקיות איחסון חלב אם 25 יחידות,איתן ספקים E,CN,שקיות איחסון חלב אם,יח',25.00,יח',false,,22.90,0.9160,true,1,1156571
7296168157882,false,כפית ומזלג לתינוק,,,כפית ומזלג לתינוק,יח',1.00,יח',false,,10.90,10.9000,true,1,1156572
7296168158766,false,"אלכוהול 70% 100 מ""ל",ש.שוורץ,CN,אלכוהול 70%,קילו,100.00,קילו,false,,9.90,0.0990,true,1,4816006
7296168330018,false,סינר גמיש לתינוק,,,סינר גמיש לתינוק,יח',1.00,יח',false,,19.90,19.9000,true,1,6303818
7296168330025,false,מברשת מסרק לתינוק,,,מברשת מסרק לתינוק,יח',1.00,יח',false,,14.90,14.9000,true,1,6304829
7296168330032,false,מספריים,,,מספריים,יח',1.00,יח',false,,10.90,10.9000,true,1,6304830
7296168330070,false,כוס אימון 340 + קשית,,,כוס אימון 340 + קשית,יח',1.00,יח',false,,18.90,18.9000,true,1,6352403
7296168330117,false,מוצץ 0-6,,,מוצץ 0-6,יח',1.00,יח',false,,18.90,18.9000,true,1,6301347
7296168705113,false,וולטרס קיסמי שיניים דנטליים,ארוינג טישו,CN,קיסמי שיניים דינטלים,יח',300.00,יח',false,,14.90,0.0497,true,1,1156573
7296168890123,false,נשכן קרור,,,נשכן קרור,יח',1.00,יח',false,,12.90,12.9000,true,1,5838981
7297268303032,false,גופיית ציצית,,IL,גופיית ציצית,יח',1.00,יח',false,,29.90,29.9000,true,1,1036101
7297292000068,false,כיפה טרלין חלק4חל\קט,,,כיפה טרלין חלק4חל\קט,יח',1.00,יח',false,,6.00,6.0000,true,1,1036543
7297488098152,false,דגש קמח חומוס ללא גל,אף.סי תבליני בגליל ב,IL,קמח חומוס 500 גרם דג,גרמים,500.00,100 גרם,false,,14.80,0.0296,true,1,1240074
7297488098169,false,"קמח תירס ללא גלוטן דג""ש","תבליני העליון בע""מ",IL,קמח תירס 500 גרם דגש,גרמים,500.00,100 גרם,false,,9.40,0.0188,true,1,1240171
7297488098183,false,קמח אורז ללא גלוטן 500 ג,"תבליני העליון בע""מ",IL,קמח אורז 500 גרם דגש,גרמים,500.00,100 גרם,false,,9.80,0.0196,true,1,1240149
7297488098213,false,500 קמח קינואה ללא גלוטן,"תבליני העליון בע""מ",IL,קמח קינואה 500 גרם ד,גרמים,500.00,100 גרם,false,,23.90,0.0478,true,1,1240076
7297488098299,false,קמח טפיוקה ללא גלוטן500ג,אף סי תבליני הגליל ב,IL,קמח טפיוקה 500 גרם ד,גרמים,500.00,100 גרם,false,,9.90,0.0198,true,1,1240150
7297488098305,false,קמח שקדים ללא גלוטן,תות תעשיות מזון (201,IL,קמח שקדים 250 גרם דג,גרמים,250.00,100 גרם,false,,24.80,0.0992,true,1,1240225
7297488099906,false,פתיתים טבעוניים בסגנון פרמז'ן טבעוני 10 יח',"טרופיקל דגיל בע""מ אז",IL,משומשו פרוסות סג.קלא,גרמים,200.00,100 גרם,false,,18.90,0.0945,true,1,1312134
7297488099951,false,משומשו מלוחה 5% צמחי 250ג,"טרופיקל דגיל בע""מ אז",IL,משומשו מלוחה 5% צמחי,גרמים,250.00,100 גרם,false,,18.90,0.0756,true,1,1312115
7297488199590,false,פצפוצי אורז לבן תפוח ללא גלוטן,דגש- דוכן גן שמואל,IL,דגש פצפוצי אורז,גרמים,450.00,100 גרם,false,,19.80,0.0440,true,1,1240453
7297488199606,false,פצפוצי אורז תפוח ללא תוספת סוכר ומלח ללא גלוטן,דגש- דוכן גן שמואל,IL,דגש פצפוצי אורז קל,גרמים,450.00,100 גרם,false,,19.80,0.0440,true,1,1240454
7298171178922,false,רביעיית מגבונים מיקי,,,רביעיית מגבונים מיקי,יח',1.00,יח',false,,16.90,16.9000,true,1,6396053
7298171178946,false,סבון נוזלי מיקי,,,סבון נוזלי מיקי,יח',1.00,יח',false,,7.90,7.9000,true,1,6396055
7298171178953,false,סבון נוזלי מיני,,,סבון נוזלי מיני,יח',1.00,יח',false,,7.90,7.9000,true,1,6396056
7312040017683,false,"אבסולוט וודקה, 700 מ''ל",חברת אבסולוט,SE,"אבסולוט וודקה 700 מ""ל",מיליליטרים,700.00,"100 מ""ל",false,,59.90,0.0856,true,1,1043315
7350041950110,false,"ליקר שרי הירינג 700 מ""ל",peter heering,NL,ליקר שרי 700 מל,מיליליטרים,700.00,"100 מ""ל",false,,99.90,0.1427,true,1,3216427
7394376123337,false,"משקה שיבולת שועל אורגני מפוקח ע""י סקאל",טרנסומס פוד איי.בי,SE,משקה אוטלי שיבולת שו,ליטרים,1.00,ליטר,false,,13.90,13.9000,true,1,6230055
7394376615825,false,אוטלי משקה שיבולת שועל מועשר בסידן וויטמינים 1 ליטר,טרנסומס פוד,SE,משקה אוטלי שיבולת שו,ליטרים,1.00,ליטר,false,,13.90,13.9000,true,1,6230056
7394376615832,false,"אוטלי משקה שיבולת שועל בטעם שוקולד, 1 ל'",טרנסומס פוד,SE,משקה אוטלי שיבולת שו,ליטרים,1.00,ליטר,false,,15.90,15.9000,true,1,6230057
7394376616778,false,אוטלי משקה שיבולת שועל להקצפה בריסטה 1 ליטר,טרנסומס פוד,SE,משקה אוטלי שיבולת שו,ליטרים,1.00,ליטר,false,,15.90,15.9000,true,1,6240464
7394376620294,false,אוטלי משקה שיבולת שועל בטעם וניל 1 ליטר,איי אם פי אס איי תעש,NL,משקה אוטלי שיבולת שו,ליטרים,1.00,ליטר,false,,15.90,15.9000,true,1,6427801
7501013122039,false,נקטר מנגו ג'ומקס בקרטונית 1 ליטר,חומקס קומר קומרסאליזדורה,MX,גומקס נקטר מנגו 1 לי,מטרים,1000.00,100 מ'ל,false,,9.50,0.0095,true,1,5893392
7501013122053,false,נקטר אפרסק ג'ומקס בקרטונית 1 ליטר,חומקס קומר קומרסאליזדורה,MX,גומקס נקטר אפרסק 1 ל,מטרים,1000.00,100 מ'ל,false,,9.50,0.0095,true,1,5893393
7501013122114,false,"נקטר משקה אננס בקרטונית ג'ומקס, 1 ל'",חומקס קומר קומרסאליזדורה,MX,גומקס נקטר אננס קרטו,מטרים,1000.00,100 מ'ל,false,,9.50,0.0095,true,1,5893394
7501013122190,false,משקה תפוחים ג'ומקס בקרטונית 1 ליטר,חומקס קומר קומרסאליזדורה,MX,גומקס נקטר תפוחים קר,מטרים,1000.00,100 מ'ל,false,,9.50,0.0095,true,1,5893395
7501013122992,false,משקה קוקוס אננס ג'ומקס בקרטונית 1 ליטר,חומקס קומר קומרסאליזדורה,MX,גומקס קרטונית קוקוס,יח',1.00,יח',false,,9.50,9.5000,true,1,6066900
7501049936945,false,"שישיית בירה סול בקבוק 330 מ""ל",היינקן,NL,בירה סול שישיה 330 מ,ליטרים,1.98,ליטר,false,,32.90,16.6162,true,1,6216259
7501064191398,false,"שישיית בירה קורונה 355 מ""ל בקבוק",קריניציה ויטמינה אס,MX,קורונה מארז שישיה 6*,ליטרים,2.13,ליטר,false,,29.80,13.9906,true,1,5730440
7503012779405,false,סירופ אגבה כחולה – נטורפוד (גדול),נוטריאגבס דה מקסיקו,MX,סירופ אגבה כחולה אור,מיליליטרים,600.00,"100 מ""ל",false,,32.90,0.0548,true,1,3702361
7509546057545,false,ליידי ספיד סטיק פרו 5 סטיק 45 גרם,קולגייט פלמוליב,US,ליידי ספיד סטיק פרו,מטרים,45.00,100 מ'ל,false,,16.90,0.3756,true,1,6315169
7509546061160,false,קולגייט משחת שיניים לילדים מיניונים 75 מל,קולגייט פלמוליב,PL,קולגייט משחת ילדים מ,מטרים,75.00,100 מ'ל,false,,15.90,0.2120,true,1,6315170
7509546061672,false,דאודורנט סטיק אקסטרים אינטנס,קולגייט פלמוליב,US,ספיד סטיק אקסטרים סט,גרמים,50.00,100 גרם,false,,16.90,0.3380,true,1,6413280
7509546666846,false,"קולגייט טוטאל משחת שיניים פחם 75 מ""ל",קולגייט פלמוליב,MX,קולגייט טוטאל פחם מש,מטרים,75.00,100 מ'ל,false,,19.90,0.2653,true,1,6303738
7509546678702,false,קולגייט משחת שיניים טוטל אנטי טרטר 100 מ,קולגייט-פלמוליב,PL,קולגייט טוטל אנטי טר,מטרים,100.00,100 מ'ל,false,,16.80,0.1680,true,1,6404711
7610008059073,false,טבלת שוקולד רגוסה קלאסי עם שקדים 100 גר,RAGUSA,CH,טבלת רגוסה קלאסי 100,גרמים,100.00,100 גרם,false,,15.90,0.1590,true,1,6257257
7610008059097,false,רגוזה-בלונד שוק לבן טרפל א.חלב מקורמלת 100 גרם,RAGUSA,CH,טבלת רגוסה בלונד 100,גרמים,100.00,100 גרם,false,,15.90,0.1590,true,1,6257259
7610008059103,false,טבלת שוקולד טורינו חלב 100 גר,קמיל בלוך,CH,טבלת טורינו חלב 100,גרמים,100.00,100 גרם,false,,15.90,0.1590,true,1,6257260
7610008059110,false,טבלת שוקולד טורינו מריר 100 גר,קמיל בלוך,,טבלת טורינו מריר 100,גרמים,100.00,100 גרם,false,,15.90,0.1590,true,1,6331396
7610008622000,false,טבלת קמיל בלוך מוס מריר 100 גר,,,טבלת קמיל בלוך מוס מ,גרמים,100.00,100 גרם,false,,14.90,0.1490,true,1,5491179
7610100034084,false,מיונז טומי בשפורפרת 265 גרם,נסטלה שוויץ ס.א,CH,מיונז טומי 265 גר,גרמים,265.00,100 גרם,false,,9.90,0.0374,true,1,2830996
7610113011652,false,בריזר - משקה כוהלי מוגז בטעם תפוח,בקרדי בריזר Bacardi Breezer,BE,בקרדי בריזר תפוח 275,מיליליטרים,275.00,"100 מ""ל",false,,12.90,0.0469,true,1,6237944
7610113013250,false,"משקה כוהלי על בסיס רום בקרדי 250 מ""ל",בקרדי מרטיני,BE,משקה כוהלי על בסיס ר,מטרים,250.00,100 מ'ל,false,,12.90,0.0516,true,1,6357306
7610243004463,false,"דורגול - מרסס להסרת אבנית במקלחון 600 מ""ל",יעקבי- דורגול Durgol,CH,דורגול תרסיס להסרת א,מיליליטרים,600.00,"100 מ""ל",false,,19.90,0.0332,true,1,1026061
7610400010481,false,לינדט אקסלנס שוקולד חלב 100 גרם,לינדט ושפרונגלי קילשברג,FR,לינדט אקסלנס שוקולד,גרמים,100.00,100 גרם,false,,14.90,0.1490,true,1,1023800
7610400070577,false,לינדט אקסלנס שוקולד צ'ילי 100 גרם,לינדט ושפרונגלי קילשברג,CH,לינדט אקסלנס שוקולד,גרמים,100.00,100 גרם,false,,14.90,0.1490,true,1,1166146
7610400075770,false,לינדט לה גרנד שוקולד מריר אגוז 150 גרם,לינדט ושפרונגלי קילשברג,CH,לינדט לה גרנד שוקולד,גרמים,150.00,100 גרם,false,,23.80,0.1587,true,1,1023823
7610400075794,false,לינדט לה גרנד שוקולד לבן ושקדים 150 גרם,לינדט ושפרונגלי,CH,לינדט לה גרנד שוקולד,גרמים,150.00,100 גרם,false,,23.80,0.1587,true,1,1023825
7610400085946,false,לינדט לגרנד דארק אלמונד סולט 150 גרם,לינדט ושפרונגלי קילשברג,CH,לינדט לה גרנד דארק 1,גרמים,150.00,100 גרם,false,,23.80,0.1587,true,1,5893335
7610400091060,false,שוקולד מריר לינדט אקסלנס בתוספת תפוז ושקדים,לינדט ושפרונגלי קילש,CH,לינדט אקסלנס תפוז 10,גרמים,100.00,100 גרם,false,,14.90,0.1490,true,1,6225011
7610928010048,false,"קרם הגרטי לכלי כסף יעקבי 100 מ""ל",דיוורסי,CH,מבריק כלי כסף יעקבי,מטרים,100.00,100 מ'ל,false,,29.40,0.2940,true,1,1026062
7613030979647,false,דגני בוקר טריקס פירות עולם היורה 480 ג',ג'נרל מילס סאן אדריא,CL,טריקס 480 גר,גרמים,480.00,100 גרם,false,,19.90,0.0415,true,1,4376771
7613032045753,false,פיטנס - דגני בוקר שוקולד 375 גרם,נסטלה צרפת איטנקורט,FR,פיטנס שוקולד נסטלה 3,גרמים,375.00,100 גרם,false,,19.90,0.0531,true,1,1020992
7613033548192,false,פיטנס - דגני בוקר שוקולד מריר 375 גרם,נסטלה צרפת איטנקורט,FR,פיטנס עם שוקולד מריר,גרמים,375.00,100 גרם,false,,19.90,0.0531,true,1,1021032
7613035378643,false,דנטלייף חטיף דנטלי לכלבים מגזע גדול - 4 יחידות,נסטלה פורינה גרמניה,DE,דנטלייף גזע גדול 142,גרמים,142.00,100 גרם,false,,14.90,0.1049,true,1,6351358
7613035548374,false,דגני בוקר גולדן מיניס מחיטה מלאה ותירס,נסטלה פולין דגני בוק,FR,גולדן מיניס 570 גרם,גרמים,570.00,100 גרם,false,,23.90,0.0419,true,1,1299677
7613035622623,false,פיטנס - גרנולה שקדים ודבש 300 גרם,שוורצקוף& הנקל דיסלד,LT,פיטנס גרנולה שקדים ו,גרמים,300.00,100 גרם,false,,14.90,0.0497,true,1,1433645
7613035758834,false,פיטנס סופר גרנולה וחמוציות 300 גרם,שוורצקוף& הנקל דיסלד,LT,פיטנס גרנולה חמוציות,גרמים,300.00,100 גרם,false,,14.90,0.0497,true,1,1969887
7613035807778,false,פרפקטו רוטב עגבניות לבולונז אסם 400 גרם,אסם פרפקטו Perfecto,ES,רוטב עגבניות לבולונז,גרמים,400.00,100 גרם,false,,8.90,0.0223,true,1,1967039
7613035809109,false,פרפקטו רוטב עגבניות ובזיליקום אסם 400 גרם,אסם פרפקטו Perfecto,ES,רוטב עגבניות ובזיליק,גרמים,400.00,100 גרם,false,,8.90,0.0223,true,1,1969888
7613035809857,false,פרפקטו רוטב עגבניות לפסטה ולבישול אסם 400 גרם,אסם פרפקטו Perfecto,ES,רוטב עגבניות לפסטה ל,גרמים,400.00,100 גרם,false,,8.90,0.0223,true,1,1969890
7613036105576,false,דוגלי עוף לכלבים בוגרים,נסטלה פורינה באק הונ,HU,דוגלי בוגר עוף 3 קג,קילוגרמים,3.00,"ק""ג",false,,42.90,14.3000,true,1,3221072
7613036105606,false,דוגלי בקר לכלבים בוגרים,נסטלה פורינה באק הונ,HU,דוגלי בוגר בקר 3 קג,קילוגרמים,3.00,"ק""ג",false,,49.90,16.6333,true,1,3221073
7613036288026,false,"דוגלי גורים אקטיב 4*3 ק""ג",נסטלה פורינה באק הונ,HU,דוגלי גורים 3 קג,קילוגרמים,3.00,"ק""ג",false,,48.90,16.3000,true,1,4054605
7613036387798,false,פיטנס דגנים מלאים ואורז פתיתים ויוגורט 350ג',נסטלה צרפת איטנקורט,FR,פיטנס יוגורט 350 גרם,גרמים,350.00,100 גרם,false,,19.90,0.0569,true,1,3639406
7613036520492,false,פרפקטו רוטב עגבניות לפיצה אסם 400 גרם,אסם פרפקטו Perfecto,ES,פרפקטו רוטב עגבניות,גרמים,400.00,100 גרם,false,,8.90,0.0223,true,1,4201522
7613036710879,false,מארז מיני חטיפי קיט קט צ'אנקי Kit Kat Chanky,נסטלה גרמניה,DE,קיט קט צ'אנקי מיני 1,גרמים,194.00,100 גרם,false,,9.90,0.0510,true,1,5196194
7613036725286,false,דנטלייף חטיף דנטלי לחתול בטעם סלמון,נסטלה פורינה גרמניה,DE,דנטלייף חתול סלמון 4,גרמים,40.00,100 גרם,false,,9.90,0.2475,true,1,6351361
7613036880534,false,גרבר מחית ירקות מעורבים מטרנה 190 גר',נסטלה פולסקה אס.איי,PL,גרבר מרק ירקות מעורב,גרמים,190.00,100 גרם,false,,5.90,0.0311,true,1,6029457
7613036976671,false,פריסקיז פאוצ' עוף ברוטב 26*85גרם,נסטלה פורינה הונגריה,HU,פאוץ פריסקיז עוף 85,יח',1.00,יח',false,,4.90,4.9000,true,1,6240991
7613036976695,false,פריסקיז - פאוץ בקר ברוטב 85 גרם,נסטלה פורינה הונגריה,HU,פאוץ פריסקיז בקר 85,יח',1.00,יח',false,,4.90,4.9000,true,1,6240992
7613036976718,false,פריסקיז פאוצ' ברווז ברוטב 26*85גרם,נסטלה פורינה הונגריה,HU,פאוץ פריסקיז ברווז 8,יח',1.00,יח',false,,4.90,4.9000,true,1,6240993
7613036976732,false,פריסקיז - פאוץ סולומון 85 גרם,נסטלה פורינה,HU,פאוץ פריסקיז סלומון,יח',1.00,יח',false,,4.90,4.9000,true,1,6288823
7613037012095,false,פיטנס סופר גרנולה שוקולד קינואה ושקדים 300 גרם,NESTLE WATERS,BE,פיטנס קרנולה שוקולד,גרמים,300.00,100 גרם,false,,15.00,0.0500,true,1,5850211
7613037686906,false,פיטנס שקדים ודבש 355 גרם מופחת סוכר,נסטלה צרפת איטנקורט,FR,פיטנס שקדים ודבש 355,גרמים,355.00,100 גרם,false,,19.90,0.0561,true,1,6174019
7613038268262,false,דגני בוקר צ'יריוס דבש ושקדים במתיקות מעודנת,נסטלה פולין דגני בוק,FR,האני נאט ציריוס מופח,גרמים,410.00,100 גרם,false,,19.90,0.0485,true,1,6174021
7613038451954,false,דגני בוקר שוקולד מופחת סוכר 410 ג' קראנץ',נסטלה צרפת איטנקורט,FR,קראנץ שוקולד מופחת ס,גרמים,410.00,100 גרם,false,,21.90,0.0534,true,1,6174022
7613039547922,false,גרבר מחית אגס תפוח ובננה 90 גרם פאוץ,נסטלה ספרד,ES,גרבר פאוצ מחית תפוח,גרמים,90.00,100 גרם,false,,5.90,0.0656,true,1,6245588
7613039770450,false,טבעול סנסשיונל בורגר צמחוני 226 גרם,ג'נרל מילס סאן אדריא,CZ,טבעול בורגר צמחוני 2,גרמים,226.00,100 גרם,false,,29.90,0.1323,true,1,6254878
7613039879382,false,גרבר - מחית תפוחי עץ 190 גרם,נסטלה פולסקה אס.איי,PL,"מחית גרבר תפו""ע 190ג",גרמים,190.00,100 גרם,false,,5.90,0.0311,true,1,6277064
7613287155832,false,גרבר מחית תפוחי עץ 90 גרם פאוץ,"מפעל סברס, נסטלה ספרד ס.",ES,גרבר פאוצ מחית תפוח,יח',1.00,יח',false,,5.90,5.9000,true,1,6277066
7613287155863,false,מטרנה מחית אגס פאוץ' 90 גר',"מפעל סברס, נסטלה ספרד ס.",ES,גרבר פאוצ מחית אגס,יח',1.00,יח',false,,5.90,5.9000,true,1,6277067
7613287155894,false,"גרבר - מחית אפרסק כל""פ פאוץ 90 גרם","מפעל סברס, נסטלה ספרד ס.",ES,מחית גרבר אפרסק פאוץ,גרמים,90.00,100 גרם,false,,5.90,0.0656,true,1,6277068
7613287186928,false,סטארבקס קפסולות קפה ברקפסט רוסט 10יח,נסטלה שוויץ - קפה,CH,סטארבקס קפסולות ברקפ,יח',1.00,יח',false,,20.90,20.9000,true,1,6308262
7613287302373,false,סטארבקס קפסולות איטליאן סטייל רוסט 56 גרם,נסטלה שוויץ - קפה,PT,סטארבקס קפסולות סטיי,יח',1.00,יח',false,,20.90,20.9000,true,1,6283337
7613287325822,false,אוסם - דיפ אנד ספרד מטבל מיקס 295 גרם,נסטלה,PL,רוטב מיקס לחיץ 295 מ,מטרים,295.00,100 מ'ל,false,,12.80,0.0434,true,1,6316106
7613287325853,false,אוסם - דיפ אנד ספרד מטבל איולי ספייסי 295 גרם,נסטלה פולין,PL,רוטב ספייסי איולי לח,מטרים,295.00,100 מ'ל,false,,12.80,0.0434,true,1,6316107
7613287325983,false,אוסם - דיפ אנד ספרד מטבל סלסה 335 גרם,דפטונה פולין,PL,רוטב סלסה לחיץ 335 מ,מטרים,335.00,100 מ'ל,false,,12.80,0.0382,true,1,6316109
7613287394323,false,דגני בוקר מולטי צ'יריוס 600 גרם,נסטלה פולין דגני בוק,GB,מולטי צ'יריוס 600 גר,גרמים,600.00,100 גרם,false,,19.90,0.0332,true,1,6303759
7613287476494,false,אוסם - דיפ אנד ספרד מיונז בסגנון צרפתי 280 גרם,נסטלה פולין,PL,אסם רוטב מיונז לחיץ,גרמים,280.00,100 גרם,false,,12.80,0.0457,true,1,6316399
7613287476678,false,דגני בוקר סינימיניס צ'ורוס נסטלה 360 ג',נסטלה אוונקה,PT,סינימיניס צ'ורוס 360,גרמים,360.00,100 גרם,false,,19.90,0.0553,true,1,6316136
7613287821348,false,נתחוני עוף טבעוני סנסשיונל טבעול 350 גרם,ג'נרל מילס סאן אדריא,CZ,טבעול נתחוני עוף צמח,גרמים,350.00,100 גרם,false,,29.90,0.0854,true,1,6315618
7613287855640,false,סטארבקס קפסולות קפה גוואטמלה 10 יחידות,נסטלה שוויץ - קפה,CH,סטארבקס קפסולות גואט,יח',1.00,יח',false,,20.90,20.9000,true,1,6407512
7614500010013,false,טובלרון - שוקולד חלב קלאסי 100 גרם,,,טובלרון שוקולד חלב 1,גרמים,100.00,100 גרם,false,,9.50,0.0950,true,1,6339926
7614500010617,false,טובלרון - שוקולד מריר 100 גרם,,,שוקולד טובלרון מריר,גרמים,100.00,100 גרם,false,,9.50,0.0950,true,1,6339927
7622010001858,false,עוגיות אוראו ממולאות קרם וניל 176 גרם.,פי אר ג'\יי אס אי מנדלז,UA,עוגיות אוראו ממולאות קרם,גרמים,176.00,100 גרם,false,,8.90,0.0506,true,1,1325200
7622201050757,false,שוקולד מילקה טבלת חלב עם קרמל 100 ג',מילקה Milka,DE,מילקה-שוק' חלב עם קרמל 10,גרמים,100.00,100 גרם,false,,5.90,0.0590,true,1,1028013
7622201401900,false,עוגיות סנסיישן אוראו מילקה 156 גרם,מונדלז פולסקה פרודקש,PL,עוגיות מילקה סנסיישן,גרמים,156.00,100 גרם,false,,10.90,0.0699,true,1,6259983
7622201500702,false,עוגיות אוראו רמיקס דאבל קרם פטל וניל157ג,דיפלומט,ES,אוראו רמיקס 157ג דאב,גרמים,157.00,100 גרם,false,,7.90,0.0503,true,1,6405311
7622201500733,false,עוגיות אוראו רמיקס דאבל קרם קרמל וניל157,דיפלומט,ES,אוראו רמיקס 157ג דא,גרמים,157.00,100 גרם,false,,7.90,0.0503,true,1,6405312
7622201521493,false,גבינת פילדלפיה שום ועשבי תיבול 150 גרם,מיודלז אספניה פרודוק,ES,פילדלפיה שום ועשבי ת,גרמים,150.00,100 גרם,false,,11.90,0.0793,true,1,6407539
7622201798154,false,גבינת שמנת לייט מופחתת שומן 13% שומן,מיודלז אספניה פרודוק,ES,פילדלפיה לייט 150גר,גרמים,150.00,100 גרם,false,,11.90,0.0793,true,1,6320551
7622201801809,false,מילקה שוקולד חלב עם אגוזים 100 גרם חדש,מנדלז דויצ'\לנד סנקס פרו,DE,שוקולד חלב מילקה עם,גרמים,100.00,100 גרם,false,,5.90,0.0590,true,1,6311440
7622201802363,false,מילקה טבלת שוקולד חלב וצימוקים ואגוזים 100ג',מנדלז דויצ'\לנד סנקס פרו,DE,שוקולד מילקה חלב עם,גרמים,100.00,100 גרם,false,,5.90,0.0590,true,1,6311441
7622201802394,false,שוקולד מילקה חלב מסרונים 100 גרם,מנדלז דויצ'\לנד סנקס פרו,DE,שוקולד חלב מילקה 100,גרמים,100.00,100 גרם,false,,5.90,0.0590,true,1,6311442
7622201808631,false,אוראו מיני עוגיות ממולאות קרם וניל 67גרם,פי.טי. מונדלז אינדונ,ID,אוראו מיני כוסות טעם,יח',1.00,יח',false,,6.90,6.9000,true,1,6313019
7622201813390,false,עוגיות מילקה וואפל במילוי קרם קקאו 150 ג,מונדליז סי.אר. ביסקוויט,CZ,מילקה וופל במילוי קק,גרמים,150.00,100 גרם,false,,10.90,0.0727,true,1,6295255
7622210078131,false,שוקולד חלב עם שבבי קרמל מילקה דיים 100 גרם,מנדלז דויצ'\לנד סנקס פרו,DE,שוקולד חלב מילקה עם,גרמים,100.00,100 גרם,false,,5.90,0.0590,true,1,2978616
7622210137234,false,עוגיות אוראו עם דאבל קרים וניל 170 גר,מונדלייז,ES,עוגיות אוראו עם דאבל,גרמים,170.00,100 גרם,false,,9.90,0.0582,true,1,1794454
7622210163899,false,שוקולד חלב במילוי סוכריות עדשים,מונדלז דויצ'לנד סנקס,DE,שוקולד מילקה ועדשים,גרמים,100.00,100 גרם,false,,5.90,0.0590,true,1,4464635
7622210413888,false,שקית חטיף שוקולד טייני חלב 200 ג' טובלרון,,,טובלרון שוקולד חלב,גרמים,200.00,100 גרם,false,,14.90,0.0745,true,1,6429866
7622210453327,false,עוגיות שוקוצ'יפס במילוי שוקולד סנסיישן,מנדלז פולסקה פרודקשן,PL,מילקה סנסיישן 156 גר,גרמים,156.00,100 גרם,false,,10.90,0.0699,true,1,3600177
7622210464729,false,אוראו גולדן עוגיות וניל במילוי קרם וניל,מונדלייז,CZ,אוראו גולדן 154 גר,גרמים,154.00,100 גרם,false,,6.90,0.0448,true,1,6085344
7622210637994,false,מיני עוגיות אוראו קראנצ'י בייטס אורגינל,מונדלז אספניה ג'לאטס,ES,אוראו ביס קראנצי אור,גרמים,110.00,100 גרם,false,,7.90,0.0718,true,1,6259984
7622210638021,false,מיני עוגיות אוראו קראנצ'י בייטס מצופים,מונדלז אספניה ג'לאטס,ES,אוראו ביס קראנצי בצי,גרמים,110.00,100 גרם,false,,7.90,0.0718,true,1,6259985
7622210690883,false,מילקה שוקולד חלב-מהדורת מונדיאל 270 גרם,מונדלייז,AT,מילקה מונדיאל - 270,גרמים,270.00,100 גרם,false,,12.90,0.0478,true,1,6444514
7622210826053,false,שוקולד מילקה אוראו סנדוויץ 92 גר',גיאורי קאקסז קייאףטי,HU,שוקולד מילקה אוראו ס,גרמים,92.00,100 גרם,false,,5.90,0.0641,true,1,6260015
7622210835338,false,אוראו עוגיות ממולאות טעם בראוניז 176 גרם,מנדלז אספנה גאלטס פר,ES,עוגיות אוראו בראוניז,גרמים,176.00,100 גרם,false,,8.90,0.0506,true,1,4464656
7622300270506,false,מילקה גריינס - עוגיות שיבולת שועל מצופות שוקולד 168 ג',מונדלז פולסקה פרודקש,PL,"מילקה גריינס - עוגיות ש""ש",גרמים,168.00,100 גרם,false,,10.90,0.0649,true,1,1028021
7622300441715,false,עוגיות מילקה ביסקוויט ממולא קרם חלב מצופה למחצה בשוקולד חלב 150 גר',מוביל בעל מוניטין,CZ,עוגיות מילקה שוקומינ,גרמים,150.00,100 גרם,false,,10.90,0.0727,true,1,2239163
7622300489427,false,עוגיות אוראו בציפוי בטעם שוקולד לבן 246 גרם,מנדלז אספנה גאלטס פר,ES,אוראו בציפוי שוקולד,גרמים,246.00,100 גרם,false,,14.90,0.0606,true,1,4255197
7622300489434,false,"עוגיות אוראו פאדג' בציפוי שוקולד חלב, 246 גרם",מנדלז אספנה גאלטס פר,ES,עוגיות אוראו בציפוי,גרמים,246.00,100 גרם,false,,14.90,0.0606,true,1,4255198
7622300495046,false,מילקה שוקולד חלב עם אקסטרה קקאו 100 גרם,מנדלז דויצ'\לנד סנקס פרו,DE,מילקה אקסטרה קקאו 100 גרם,גרמים,100.00,100 גרם,false,,5.90,0.0590,true,1,1028028
7622300503079,false,עוגיות ביסקוויט מצופה שוקולד חלב מילקה 200 גרם,מונדלז פולסקה פרודקש,PL,מילקה מוו 200 גרם,גרמים,200.00,100 גרם,false,,10.90,0.0545,true,1,1028030
7622300617820,false,מילקה שוקולד חלב במילוי קרם חלב ווניל ושבבי עוגיות אוראו 100 גרם,מנדלז דויצ'\לנד סנקס פרו,DE,מילקה אוראו 100 גרם,גרמים,100.00,100 גרם,false,,5.90,0.0590,true,1,1028032
7622400005190,false,שוקולד חלב נגיעות שוקולד לבן מילקה 100 ג,מנדלז דויצ'\לנד סנקס פרו,DE,מילקה COW,גרמים,100.00,100 גרם,false,,5.90,0.0590,true,1,1165408
7630477891592,false,סטארבקס קפסולות קפה האוס בלנד 10 יחידות,נסטלה שוויץ - קפה,CH,סטארבקס קפסולות האוס,יח',1.00,יח',false,,20.90,20.9000,true,1,6276673
7630477891653,false,סטארבקס קפסולות קפה אספרסו נטול 10 יחידו,נסטלה שוויץ - קפה,CH,סטארבקס קפסולות אספר,יח',1.00,יח',false,,20.90,20.9000,true,1,6276676
7630477891677,false,סטארבקס קפסולות קפה פייק פלייס 10 יחידות,נסטלה שוויץ - קפה,CH,סטארבקס קפסולות פייק,יח',1.00,יח',false,,20.90,20.9000,true,1,6276677
7630477891691,false,סטארבקס קפסולות קפה קולמביה 10 יחידות,נסטלה שוויץ - קפה,CH,סטארבקס קפסולות קולו,יח',1.00,יח',false,,20.90,20.9000,true,1,6276678
7630477891714,false,סטארבקס קפסולות קפה אספרסו 10 יחידות,נסטלה שוויץ - קפה,CH,סטארבקס קפסולות אספר,יח',1.00,יח',false,,20.90,20.9000,true,1,6276679
7630477891738,false,סטארבקס קפסולות קפה אספרסו בלונד 10 יחיד,נסטלה שוויץ - קפה,CH,סטארבקס קפסולות אספר,יח',1.00,יח',false,,20.90,20.9000,true,1,6276680
7702018263783,false,סכיני גילוח מאך 3 ג'ילט 8 יחידות,פרוקטר אנד גמבל,PL,סכיני גילוח מאך 3 ג',יחידו,8.00,יחידו,false,,69.90,8.7375,true,1,1252749
7702018271788,false,"דאודורנט קליר ג'ילט בניחוח ספורט 70 מ""ל",פרוקטר אנד גמבל,PL,דאודורנט קליר ג'ילט,מטרים,70.00,100 מ'ל,false,,14.90,0.2129,true,1,1036007
7702018978106,false,"ג'ילט - דאודורנט ג'ל לגבר ארטיק אייס 70 מ""ל",פרוקטר אנד גמבל,PL,דאודורנט קליר ג'ילט,מטרים,70.00,100 מ'ל,false,,14.90,0.2129,true,1,1036039
7702018978120,false,"ג'ילט - דאודורנט ג'ל לגבר קול וייב 70 מ""ל",פרוקטר אנד גמבל,PL,דאודורנט קליר ג'ילט,מטרים,70.00,100 מ'ל,false,,14.90,0.2129,true,1,1036040
7702024074625,false,פיטנס - חטיפי קרקר חיטה מלאה 234 גרם,קומסטיבלס לה רוזה אס.איי,CO,פיטנס חטיפי קרקר חיט,גרמים,234.00,100 גרם,false,,11.90,0.0509,true,1,4905322
7702174066631,false,לקקן יוגטה פין פופ במילוי מסטיק 170 גר,הדקלאים אגודת שיתופי,EC,סוכריות בטעמי פירות,גרמים,170.00,100 גרם,false,,7.90,0.0465,true,1,1028463
7702174068826,false,יוגטה מבחר סוכריות לקקן קשות ממולאות טופי בטעמי יוגורט ופירות 204 גרם,הדקלאים אגודת שיתופי,CO,לקקן יוגטה עם סוכריי,גרמים,216.00,100 גרם,false,,8.90,0.0412,true,1,1028469
7702174068833,false,יוגטה סוכריות קשות על מקל ממולאות טופי בטעמי גלידת פירות 12 יח' 204 גרם,הדקלאים אגודת שיתופי,CO,לקקן בטעם גלידה יוגט,גרמים,216.00,100 גרם,false,,8.90,0.0412,true,1,1028470
7702174070201,false,יוגטה לקקן בטעם מסטיק ממולא טופי בטעם תות 12 יח' 204 גרם,הדקלאים אגודת שיתופי,CO,לקקן יוגטה 216 ג,גרמים,216.00,100 גרם,false,,8.90,0.0412,true,1,1028473
7702174073844,false,לקקן יוגטה פין פופ פירות 48 יח 672 גרם,הדקלאים אגודת שיתופי,CO,סוכריות פין פופ פירו,גרמים,672.00,100 גרם,false,,19.90,0.0296,true,1,1241428
7766775500000,false,פיקניקית איכותית,,,פיקניקית איכותית,יח',1.00,יח',false,,12.00,12.0000,true,1,1112619
7777121200116,false,קערת פופ מלמין,,,קערת פופ מלמין,יח',1.00,יח',false,,10.00,10.0000,true,1,1040202
7777272500134,false,סט 3 מגירות,,,סט 3 מגירות,יח',1.00,יח',false,,9.90,9.9000,true,1,5759597
7777272500158,false,סט טושים מדגישים,,,סט טושים מדגישים,יח',1.00,יח',false,,7.90,7.9000,true,1,5767397
7777272500363,false,שלישית דבק סילוטיפ,,,שלישית דבק סילוטיפ,יח',1.00,יח',false,,3.90,3.9000,true,1,5767368
7777445600074,false,כיסוי אסלה היגייני חד פעמי כ-10 יחידות,,,כיסוי אסלה היגייני ח,יח',1.00,יח',false,,6.90,6.9000,true,1,1140301
7777555502152,false,קופסת אחסון מלבנית ק,,,קופסת אחסון מלבנית ק,יח',1.00,יח',false,,10.00,10.0000,true,1,1040399
7777555502169,false,קופסת אחסון מלבנית ב,,,קופסת אחסון מלבנית ב,יח',1.00,יח',false,,12.00,12.0000,true,1,1040400
7777555502824,false,מגרדת,דגש,,מגרדת,יח',1.00,יח',false,,10.00,10.0000,true,1,1040460
7777555502848,false,משפך גדול מעוצב,,,משפך גדול מעוצב,יח',1.00,יח',false,,6.00,6.0000,true,1,1040462
7777555503272,false,כוס מלמין,,,כוס מלמין,יח',1.00,יח',false,,6.00,6.0000,true,1,1040479
7777555503838,false,מתלה כביסה אירופה,,,מתלה כביסה אירופה,יח',1.00,יח',false,,59.90,59.9000,true,1,1040526
7777555504101,false,מטרייה קפיצית משופרת,,,מטרייה קפיצית משופרת,יח',1.00,יח',false,,14.90,14.9000,true,1,1040544
7777555504163,false,מטרייה צבעונית ענקית,,,מטרייה צבעונית ענקית,יח',1.00,יח',false,,29.90,29.9000,true,1,1040550
7777555506761,false,"מייבש כלים מעוצב רמי לוי 48*38 ס""מ",,,מייבש כלים מעוצב רמי,יח',1.00,יח',false,,9.90,9.9000,true,1,1040768
7777555507706,false,"קערת סלט 27 ס""מ גובה 14 ס""מ",דגש,,"קערת סלט 27 ס""מ גובה",יח',1.00,יח',false,,11.90,11.9000,true,1,1040846
7777555507836,false,"מסננת ידית ברזל 15 ס""מ",דגש,,מסננת ידית ברזל 15 ס,יח',1.00,יח',false,,12.00,12.0000,true,1,1053224
7777555508109,false,מארז סיכות ביטחון,,,מארז סיכות ביטחון,יח',1.00,יח',false,,5.90,5.9000,true,1,1053229
7777555509991,false,קרש חיתוך תמונה,,,קרש חיתוך תמונה,יח',1.00,יח',false,,30.00,30.0000,true,1,1215396
7777555510072,false,קערת מלמין פרפר,,,קערת מלמין פרפר,יח',1.00,יח',false,,4.90,4.9000,true,1,1214592
7777555510331,false,מטריה מיני,,,מטריה מיני,יח',1.00,יח',false,,9.90,9.9000,true,1,1238632
7777555510409,false,משקפי ראיה מעוצבות,,,משקפי ראיה מעוצבות,יח',1.00,יח',false,,12.90,12.9000,true,1,1246752
7777555510799,false,זוג דבק 3 שניות חזק במיוחד כ-3 גרם ליחידה (פ=24),,,זוג דבק 3 שניות חזק,יח',1.00,יח',false,,5.90,5.9000,true,1,1273969
7777555510836,false,סט 3 קופסאות לוק מרובע (ק12),,,סט 3 קופסאות אחסון,יח',1.00,יח',false,,29.90,29.9000,true,1,1317724
7777555511048,false,סיר שקשוקה,,,סיר שקשוקה,יח',1.00,יח',false,,29.90,29.9000,true,1,1304794
7777555511864,false,מנגל קטן,,,מנגל קטן,יח',1.00,יח',false,,29.90,29.9000,true,1,1727745
7777555511925,false,מחליקים לרהיטים,,,מחליקים לרהיטים,יח',1.00,יח',false,,5.90,5.9000,true,1,1727750
7777555512663,false,מברשת לבקבוקים,,,מברשת לבקבוקים,יח',1.00,יח',false,,7.90,7.9000,true,1,2056168
7777555513707,false,מערוך,,,מערוך,יח',1.00,יח',false,,29.90,29.9000,true,1,3225016
7777555514803,false,שירותון אתרוג מהודר,,,שירותון אתרוג מהודר,יח',1.00,יח',false,,39.90,39.9000,true,1,5253444
7777555514940,false,מטאטא גולד,,,מטאטא גולד,יח',1.00,יח',false,,29.90,29.9000,true,1,5253491
7777555515091,false,מברשת הפלא,,,מברשת הפלא,יח',1.00,יח',false,,11.90,11.9000,true,1,5634395
7777555515145,false,כרית קרצוף,,,כרית קרצוף,יח',1.00,יח',false,,9.90,9.9000,true,1,5634400
7777555515251,false,מברג רב תכליתי,,,מברג רב תכליתי,יח',1.00,יח',false,,19.90,19.9000,true,1,5634433
7777555515275,false,כבל ל-iPhone,,,כבל ל-iPhone,יח',1.00,יח',false,,9.90,9.9000,true,1,5884251
7777555515299,false,כבל טעינה Type-C,,,כבל טעינה Type-C,יח',1.00,יח',false,,9.90,9.9000,true,1,5884252
7777555515503,false,מגרדת רב שימושית,,,מגרדת רב שימושית,יח',1.00,יח',false,,19.90,19.9000,true,1,6254179
7777555515565,false,מטרייה מתהפכת,,,מטרייה מתהפכת,יח',1.00,יח',false,,39.90,39.9000,true,1,6254185
7777555515589,false,"מסננת ידית ברזל 10 ס""מ",,,מסננת ידית ברזל 10 ס,יח',1.00,יח',false,,9.90,9.9000,true,1,6270587
7777886600015,false,סט תפירה,,,סט תפירה,יח',1.00,יח',false,,6.90,6.9000,true,1,1051035
7777886600084,false,שישיית מזלגות,,,שישיית מזלגות,יח',1.00,יח',false,,9.90,9.9000,true,1,1051042
7777886600091,false,שישיית כפיות,,,שישיית כפיות,יח',1.00,יח',false,,7.90,7.9000,true,1,1051043
7777886600107,false,שישיית כפות,,,שישיית כפות,יח',1.00,יח',false,,9.90,9.9000,true,1,1051044
7777886600121,false,מסנן כיור פרפר,,,מסנן כיור פרפר,יח',1.00,יח',false,,4.90,4.9000,true,1,1051046
7777886600145,false,פינצטה יפנית,,,פינצטה יפנית,יח',1.00,יח',false,,19.90,19.9000,true,1,1051048
7777886600664,false,שלישית כפיות לימונדה,,,שלישית כפיות לימונדה,יח',1.00,יח',false,,5.90,5.9000,true,1,1053267
7777886600732,false,קליפסים ארוכים לשקיות,,,קליפסים ארוכים לשקיו,יח',1.00,יח',false,,6.90,6.9000,true,1,1067764
7777886600947,false,נפנף למנגל,,,נפנף למנגל,יח',1.00,יח',false,,3.50,3.5000,true,1,1061282
7777886602026,false,כותש שום,,,כותש שום,יח',1.00,יח',false,,19.90,19.9000,true,1,1067799
7777886602057,false,מספריים לציפורניים,,,מספריים לציפורניים,יח',1.00,יח',false,,9.90,9.9000,true,1,1077669
7777886602316,false,מטאטא בראבה,,,מטאטא בראבה,יח',1.00,יח',false,,14.90,14.9000,true,1,1111989
7777886602323,false,מטאטא ארגנטה,,,מטאטא ארגנטה,יח',1.00,יח',false,,19.90,19.9000,true,1,1111990
7777886602361,false,יעה+ מברשת,,,יעה+ מברשת,יח',1.00,יח',false,,14.90,14.9000,true,1,1111994
7777886602644,false,מטאטא פרימיולה,,,מטאטא פרימיולה,יח',1.00,יח',false,,24.90,24.9000,true,1,1127372
7777886602675,false,ראש מטאטא,,,ראש מטאטא,יח',1.00,יח',false,,14.90,14.9000,true,1,1127375
7777886602804,false,גומיות משרדיות כ-350,,,גומיות משרדיות כ-350,יח',1.00,יח',false,,7.90,7.9000,true,1,1149914
7777886603153,false,שישיית קולבים איכותי,,,שישיית קולבים איכותי,יח',1.00,יח',false,,8.90,8.9000,true,1,1204848
7777886603832,false,"קרש חיתוך מעוצב 36*25 ס""מ",,,קרש חיתוך מעוצב 36*2,יח',1.00,יח',false,,19.90,19.9000,true,1,1281992
7777886605225,false,קולפן מקצועי רב שימושי,,,קולפן מקצועי רב שימו,יח',1.00,יח',false,,19.90,19.9000,true,1,5634404
7777886605478,false,מכסה למיקרוגל,,,מכסה למיקרוגל,יח',1.00,יח',false,,5.90,5.9000,true,1,6246726
7777886605744,false,בליבליד,,,בליבליד,יח',1.00,יח',false,,9.90,9.9000,true,1,6270590
7777886605768,false,יעה פס גומי,,,יעה פס גומי,יח',1.00,יח',false,,5.00,5.0000,true,1,6270592
7777886605867,false,ראש דוש משולב מגביר לחץ MOCONA,,,ראש דוש משולב מגביר,יח',1.00,יח',false,,59.90,59.9000,true,1,6270619
7777886606147,false,סביבון חד קרן,,,סביבון חד קרן,יח',1.00,יח',false,,14.90,14.9000,true,1,6332274
7777886606154,false,סביבון אימוג'י,,,סביבון אימוג'י,יח',1.00,יח',false,,12.90,12.9000,true,1,6332275
7777886606178,false,סט סביבונים FUNNY,,,סט סביבונים FUNNY,יח',1.00,יח',false,,9.90,9.9000,true,1,6332309
7777886606185,false,סביבון COOL,,,סביבון COOL,יח',1.00,יח',false,,9.90,9.9000,true,1,6332310
7777886606192,false,סביבון קשת,,,סביבון קשת,יח',1.00,יח',false,,14.90,14.9000,true,1,6332276
7777886606208,false,סביבון קפיץ,,,סביבון קפיץ,יח',1.00,יח',false,,9.90,9.9000,true,1,6332845
7777886606215,false,סביבון יהלום,,,סביבון יהלום,יח',1.00,יח',false,,9.90,9.9000,true,1,6332311
7777886700197,false,סט 12 כפיות פסטל,,,סט 12 כפיות פסטל,יח',1.00,יח',false,,9.90,9.9000,true,1,6270693
7777886700296,false,סט קערות קש פסטל,,,סט קערות קש פסטל,יח',1.00,יח',false,,9.90,9.9000,true,1,6286748
7777886700319,false,מסננת רשת M,,,מסננת רשת M,יח',1.00,יח',false,,14.90,14.9000,true,1,6305119
7777887755554,false,סט סכינים רב שימושיות רמי לוי,,,סט סכינים רב שימושיו,יח',1.00,יח',false,,19.90,19.9000,true,1,1127376
7777999910223,false,קערת נירוסטה 22C,דגש,,קערת נירוסטה 22C,יח',1.00,יח',false,,15.00,15.0000,true,1,1041405
7777999910247,false,קערת נירוסטה 26CC,דגש,,קערת נירוסטה 26CC,יח',1.00,יח',false,,20.00,20.0000,true,1,1041407
7790040420076,false,מיני אלפחורס בון בון 117 גר,ארקור,AR,מיני אלפחורס בון בון,גרמים,117.00,100 גרם,false,,8.90,0.0761,true,1,6264463
7790580108489,false,ממרח בוטנים בון בון 290 גרם,ארקור,AR,בון בון ממרח בוטנים,גרמים,290.00,100 גרם,false,,9.90,0.0341,true,1,6327070
7790580412654,false,מארז בון בון צהוב 270 גרם,ארקור,MX,בונבון צהוב 270 גר,גרמים,270.00,100 גרם,false,,15.90,0.0589,true,1,5316706
7790580419738,false,ביצי שוקולד במילוי קרם בוטנים,,,ביצי שוקולד במילוי ק,יח',1.00,יח',false,,12.90,12.9000,true,1,6281332
7790580421663,false,שוקולד בון בון ריבת חלב 288 גרם,ארקור,AR,בון בון 288גר ריבת ח,גרמים,288.00,100 גרם,false,,19.90,0.0691,true,1,6357417
7798141877836,false,"יין גאטו נגרו סובניון בלאן 750 מ""ל",פינקה לה סליה,AR,גאטו נגרו סובניון בל,מטרים,750.00,100 מ'ל,false,,38.90,0.0519,true,1,6311446
7798382150019,false,אוכמניות טריות 125גרם,אראל תוצרת חקלאית בע,AR,אוכמניות,יח',1.00,יח',false,,11.90,11.9000,true,1,6440475
7804414000877,false,יין מרלו דון חוליו ה,צ'ילה לואיס פיליפה אדוארדס,CL,דון חוליו מרלו כשר,מיליליטרים,750.00,"100 מ""ל",false,,26.90,0.0359,true,1,1029245
7804414000884,false,"דון חוליו שרדונה 750 מ""ל",צ'ילה לואיס פיליפה אדוארדס,CL,דון חוליו שרדונה כשר,מיליליטרים,750.00,"100 מ""ל",false,,26.90,0.0359,true,1,1029246
7804414001614,false,"דון חוליו שיראז 750 מ""ל",צ'ילה לואיס פיליפה אדוארדס,CL,דון חוליו שירז כשר,מיליליטרים,750.00,"100 מ""ל",false,,26.90,0.0359,true,1,1029247
7804414012344,false,דון חוליו סוביניון בלאן,צ'ילה לואיס פיליפה א,CL,דון חוליו סוביניון ב,מיליליטרים,750.00,"100 מ""ל",false,,26.90,0.0359,true,1,2791865
7804414012351,false,יין אדום יבש מלבק דו,צ'ילה לואיס פיליפה א,CL,דון חוליו מלבק,מיליליטרים,750.00,"100 מ""ל",false,,26.90,0.0359,true,1,2791866
7804414012368,false,יין אדום רוזה דון חו,צ'ילה לואיס פיליפה א,CL,דון חוליו רוזה,מיליליטרים,750.00,"100 מ""ל",false,,26.90,0.0359,true,1,2791867
7804414017110,false,דון חוליו פינו נואר כשר,צ'ילה לואיס פיליפה א,,דון חוליו פינו נואר,מיליליטרים,750.00,"100 מ""ל",false,,31.90,0.0425,true,1,6207503
7891024030974,false,"קולגייט משחת שיניים טריפל אקשן 75 מ""ל",הנסיך- מפעל לייצור ט,BR,קולגייט טריפל אקשן 7,מטרים,75.00,100 מ'ל,false,,5.90,0.0787,true,1,1282687
7891024124826,false,קולגייט משחת אופטיק ספרקלינג וייט 75מל,הנסיך- מפעל לייצור ט,BR,משחת שיניים אופטיק ו,100 מל,75.00,100 מל,false,,19.90,0.2653,true,1,1018084
7891024130063,false,"קולגייט מי פה פלאקס ללא אלכוהול 500 מ""ל מהדרין",קולגייט- פלמוליב,BR,מי פה פלאקס סופט מינ,מיליליטרים,500.00,"100 מ""ל",false,,24.90,0.0498,true,1,1018086
7891024179482,false,"שטיפת פה קולגייט אופטיק וייט 500מ""ל",יבואן ומשווק: ש. שסט,PL,מי פה אופטיק וייט קו,מיליליטרים,500.00,"100 מ""ל",false,,24.90,0.0498,true,1,1018091
8000070012783,false,קפה לוואצה קלוי וטחון חוזק 5 אורו 250 גר,לאוג'י לוואצה אס.פי.אי,IT,קפה אורו זהב לוואצה,גרמים,250.00,100 גרם,false,,38.90,0.1556,true,1,1031268
8000070027398,false,קרמה קלאסיקו פולי קפה 500 גר לוואזה,,IT,לווצה קרמה קלאסיקו פ,גרמים,500.00,100 גרם,false,,64.90,0.1298,true,1,6320596
8000070035980,false,קפה לוואצה קלוי וטחון חוזק 5 רוסה 250 גר,לווצה טורינו,IT,קפה לוואצה רוסה 250ג,גרמים,250.00,100 גרם,false,,29.90,0.1196,true,1,1031276
8000070036321,false,פולי קפה לוואצה קואליטה רוסה 500 גר,צ'וקטה,IT,פולי קפה לוואצה קואל,גרמים,500.00,100 גרם,false,,64.90,0.1298,true,1,6380170
8000070038868,false,קפה לוואצה קלוי וטחון חוזק 8 קלאסיקו 250 גר,לאוג'י לוואצה אס.פי.אי,IT,קפה קרמה גוסטו לוואצ,גרמים,250.00,100 גרם,false,,28.90,0.1156,true,1,1031277
8000113003402,false,"קמח תירס בוואקום 1 ק""ג",מולינו ניקולי אס.פי.,IT,"קמח תירס 1 ק""ג",100 לקג,1.00,100 לקג,false,,15.90,15.9000,true,1,1013884
8000215204219,false,ויטריז משקה חלב אורז אורגני 1ל',בטר אנד דיפרנט,IT,משקה אורז אורגני ללא,ליטרים,1.00,ליטר,false,,12.90,12.9000,true,1,3702284
8000215204240,false,ויטאריז משקה שקדים ואורז אורגני 1 ליטר,בטר אנד דיפרנט,IT,משקה שקדים ואורז אור,ליטרים,1.00,ליטר,false,,12.90,12.9000,true,1,3702285
8000215204271,false,ויטריז - משקה שקדים ואורז אישי 200 גר,"נטורפוד בע""מ",IT,משקה שקדים ואורז איש,מיליליטרים,200.00,"100 מ""ל",false,,3.50,0.0175,true,1,3702364
8000215204370,false,"ויטאריז לבישול תחליף שמנת צחית אורגנית 200 מ""ל",ויטריז,IT,תחליף שמנת צמחי אורג,מיליליטרים,200.00,"100 מ""ל",false,,5.90,0.0295,true,1,3702366
8000215204387,false,"רוטב בשמל צמחי אורגני ויטריז 500 מ""ל",ויטריז,IT,רוטב בשמל צמחי אורגנ,מיליליטרים,500.00,"100 מ""ל",false,,12.50,0.0250,true,1,3702367
8000215204394,false,"משקה אורז אורגני אגוז לוז ""נטורפוד""",בטר אנד דיפרנט,US,משקה אגוזי לוז ואורז,ליטרים,1.00,ליטר,false,,15.90,15.9000,true,1,3702368
8000215204561,false,ויטסי משקה שקדים אורגני 1 ליטר,בטר אנד דיפרנט,IT,ויטסי משקה שקדים אור,יח',1.00,יח',false,,14.90,14.9000,true,1,6116255
8000215204653,false,משקה סויה אורגני 1ליטר,בטר אנד דיפרנט,IT,ויטסי משקה סויה 1 לי,מטרים,1000.00,100 מ'ל,false,,10.90,0.0109,true,1,6021016
8000215204677,false,ויטריז - משקה שיבולת שועל בריסטה אורגני,בטר אנד דיפרנט,IT,ויטריז משקה שיבולת ש,ליטרים,1.00,ליטר,false,,12.90,12.9000,true,1,6348499
8000215204745,false,משקה ש.שועל וניל אורגני 1 ליטר PRIMAVENA,אלינור,IT,משקה שיבולת שועל טעם,ליטרים,1.00,ליטר,false,,12.90,12.9000,true,1,6375018
8000320010088,false,"רוטב עגבניות במרקם גס 680 מ""ל MUTTI",קונסרב,IT,צ'יריו רוטב עגבניות,גרמים,680.00,100 גרם,false,,9.90,0.0146,true,1,1031279
8000380003723,false,וופל אגוזים בציפוי שוקולד לואקר 100 גרם,קריניציה ויטמינה אס,IT,וופל אגוזים בציפוי ש,גרמים,100.00,100 גרם,false,,11.70,0.1170,true,1,1028476
8000380003761,false,וופל גרנד פטיסרי שוקולד וקוקוס לואקר 100 גרם,קריניציה ויטמינה אס,IT,וופל גרנד פטיסרי שוק,גרמים,100.00,100 גרם,false,,11.70,0.1170,true,1,1028477
8000380004669,false,וופל לואקר סנדוויץ קוביות ושוקולד 200ג',"א. לואקר, קונפקט ג'י",AT,וופל סנדוויץ' קקאו ל,גרמים,200.00,100 גרם,false,,11.90,0.0595,true,1,1028479
8000380004676,false,קוביות וופל סנדוויץ Sandwich עם וניל וחלב,"א. לואקר, קונפקט ג'י",AT,קוביות וופל קרם וניל,גרמים,200.00,100 גרם,false,,11.90,0.0595,true,1,1028480
8000380004911,false,קוביות וופל קואדרטיני Quadratini קרם אגוזים,קריניציה ויטמינה אס,AT,וופל קואדרטיני אגוזי,גרמים,250.00,100 גרם,false,,13.90,0.0556,true,1,1028483
8000380004966,false,וופל קוארדטיני לואקר קוביות שוקולד 250ג',קריניציה ויטמינה אס,AT,קוביות וופל בטעם קקא,גרמים,250.00,100 גרם,false,,13.90,0.0556,true,1,1028485
8000380007219,false,וופלים בטעם אגוזים לואקר 175 גרם,ליימן מותגים,AT,וופל בטעם אגוזים לוא,גרמים,175.00,100 גרם,false,,10.80,0.0617,true,1,1028489
8000380007257,false,וופל גרדנה אגוזים לואקר 200 גרם,קריניציה ויטמינה אס,IT,וופל בטעם אגוזים לוא,גרמים,200.00,100 גרם,false,,13.70,0.0685,true,1,1028490
8000380007264,false,וופלים בטעם קקאו לואקר 175 גרם,קריניציה ויטמינה אס,AT,וופל בטעם קקאו לואקר,גרמים,175.00,100 גרם,false,,10.80,0.0617,true,1,1028491
8000380106028,false,טורטינה לואקר וופל שוקולד ואגוזים שישיה 125ג',קריניציה ויטמינה אס,IT,טורטינה לואקר 125 גר,גרמים,125.00,100 גרם,false,,15.50,0.1240,true,1,1028493
8000380144044,false,גרדנה וופל מצופה שוקולד חלב לואקר 200 גרם,"א. לואקר , AG/SpA, ו",IT,גרדנה וופל מצופה שוק,גרמים,200.00,100 גרם,false,,13.70,0.0685,true,1,1028498
8000380153534,false,מארז וופל שוקולד טורטינה Tortina שוקולד לבן,א. לואקר אס. פי. אי-אי.,IT,טורטינה וויט שישיה 1,גרמים,125.00,100 גרם,false,,15.50,0.1240,true,1,1028513
8000380156009,false,פרלינים ורד הדולומיטים חלב לואקר 150 גרם,קריניציה ויטמינה אס,IT,שוקולד דולומיטים חלב,גרמים,150.00,100 גרם,false,,21.90,0.1460,true,1,1765226
8000380156573,false,לואקר בונבוניירה ורד הדולמיטים 150 גרם,קריניציה ויטמינה אס,IT,שוקולד דולומיטים מגו,גרמים,150.00,100 גרם,false,,21.90,0.1460,true,1,1120578
8000380156849,false,שוקולד מריר במילוי קרם קקאו וופל לואקר 87 גרם,ליימן מותגים,IT,שוקולד לואקר מריר 87,יח',1.00,יח',false,,6.70,6.7000,true,1,1120581
8000380156856,false,שוקולד לבן במילוי קרם חלב וופל לואקר 87 גרם,ליימן מותגים,IT,שוקולד לואקר לבן 87,גרמים,87.00,100 גרם,false,,6.70,0.0770,true,1,1120582
8000380180721,false,לואקר וופל קקאו במילוי קרם חלבי 175 גר,קריניציה ויטמינה אס,AT,לואקר קלאסיק 175 גר,גרמים,175.00,100 גרם,false,,10.80,0.0617,true,1,1338862
8000380180837,false,וופל גרנד פטיסרי קוקוס לבן מצופה שוקולד לבן לואקר 100 גרם,"אינסטנטה בע""מ",IT,גרנד פטיסרי קרם קוקו,גרמים,100.00,100 גרם,false,,11.70,0.1170,true,1,1857130
8000380187119,false,עוגיות במילוי קרם אגוזי לוז לואקר 100 גר,לואקר Loacker,AT,עוגיות אגוזי לוז 100,גרמים,100.00,100 גרם,false,,13.90,0.1390,true,1,6255049
8000380187249,false,עוגיות עם מילוי קרם שקדים ושוקולד חלב,לואקר Loacker,AT,עוגיות לואקר שקדים 1,גרמים,100.00,100 גרם,false,,13.90,0.1390,true,1,6255050
8000380187300,false,עוגיות חמאה עם שוקולד חלב לואקר 120 גר,לואקר Loacker,AT,עוגיות פתיתי שלג 120,גרמים,120.00,100 גרם,false,,13.90,0.1158,true,1,6255233
8000380192151,false,טורטינה טריפל שוקולד מריר לואקר 125 גרם,א. לואקר אס. פי. אי-אי.,IT,טורטינה טריפל 125 גר,גרמים,125.00,100 גרם,false,,15.50,0.1240,true,1,5970490
8000380192243,false,וופלים לואקר מקסי בטעם אגוז 200 גר',לואקר Loacker,AT,לואקר מקסי טעם אגוז,גרמים,200.00,100 גרם,false,,11.90,0.0595,true,1,5362861
8000380192250,false,וופלים לואקר מקסי בטעם שוקולד 200 גר',לואקר Loacker,AT,לואקר מקסי טעם שוקול,גרמים,200.00,100 גרם,false,,11.90,0.0595,true,1,5362862
8000380192588,false,וופלים קואדרטיני דאבל שוקולד לואקר 250 גרם,קריניציה ויטמינה אס,AT,וופל קואדרטיני דאבל,גרמים,250.00,100 גרם,false,,13.90,0.0556,true,1,5606082
8000380205400,false,וופלים קואדרטיני חמאת בוטנים לואקר 250 גרם,ליימן מותגים,AT,לואקר גרדנה חמאת בוט,גרמים,250.00,100 גרם,false,,13.90,0.0556,true,1,6374653
8000380205523,false,וופלים בטעם חמאת בוטנים לואקר 175 גרם,ליימן מותגים,AT,לואקר קלאסי חמאת בוט,גרמים,175.00,100 גרם,false,,10.80,0.0617,true,1,6374654
8000380206896,false,וופל גרדנה חמאת בוטנים לואקר 200 גרם,ליימן מותגים,IT,לואקר גרדנה חמאת בוט,גרמים,200.00,100 גרם,false,,13.70,0.0685,true,1,6374655
8000392006132,false,מגב אייפל פטנט,,CN,מגב אייפל פטנט,יח',1.00,יח',false,,24.90,24.9000,true,1,1125185
8000500018828,false,שלישיית קינדר שוקולד חצי מטר 100 גרם,קדבורי,IT,קינדר שוקולד,גרמים,300.00,100 גרם,false,,18.90,0.0630,true,1,3545606
8000500023624,false,חטיפי הפי היפו Happy Hippo במילוי קרם חלב וקקאו,פררו - אלבה,IT,חטיף הפי היפו קינדר,גרמים,100.00,100 גרם,false,,11.50,0.1150,true,1,1028519
8000500023976,false,בונבוניירת רפאלו פררו 150 גרם,פררו - אלבה,PL,בונבוניירת רפאלו פרר,גרמים,150.00,100 גרם,false,,14.90,0.0993,true,1,1028520
8000500026731,false,שוקולד ביצי הפתעה קינדר שלישייה,פררו אס.פי.אי,IT,קינדר ביצת הפתעה שלי,גרמים,114.00,100 גרם,false,,13.80,0.1211,true,1,1213045
8000500028124,false,קינדר גוי ביצת הפתעה מארז שלישיה,ליימן שליסל,ZA,ג'וי ביצת שוקולד קינ,יחידה,0.00,יחידה,false,,13.80,0.0000,true,1,1028521
8000500029350,false,מארז קינדר בואנו Kinder Bueno שלוש יחידות,פררו - אלבה,PL,שוקולד קינדר בואנו ש,גרמים,129.00,100 גרם,false,,9.90,0.0767,true,1,1028522
8000500032237,false,בונבונרייה פררו רושר 375 גרם,פררו - אלבה,IT,רושר 375 גרם,גרמים,375.00,100 גרם,false,,39.90,0.1064,true,1,1028523
8000500037874,false,בונבונרייה פררו רושר 200 גרם,פררו - אלבה,IT,בונבוניירת פררו רושה,גרמים,200.00,100 גרם,false,,22.90,0.1145,true,1,1028525
8000500071083,false,אצבעות שוקולד קינדר Kinder שש עשרה יחידות,פררו - אלבה,IT,אצבעות קינדר שוקולד,גרמים,200.00,100 גרם,false,,11.90,0.0595,true,1,1028528
8000500121436,false,מארז קינדר בואנו Kinder Bueno לבן שלוש יחידות,פררו - אלבה,PL,קינדר בואנו לבן שליש,גרמים,117.00,100 גרם,false,,9.90,0.0846,true,1,1028530
8000500227848,false,נוטלה - בי רדי אצבעות ביסקוויט במילוי שוקולד 6 יח' * 22 גרם,פררו,IT,נוטלה בי ריידי,גרמים,132.00,100 גרם,false,,9.90,0.0750,true,1,4663927
8000500247167,false,פררו קולקשן - כדורי וופל מצופים 24 יחידו,פררו,DE,פררו קולקשין 269 גר,גרמים,249.00,100 גרם,false,,43.90,0.1763,true,1,3196924
8000500249352,false,קינדר בואנו מיני מיקס שקית 205 ג',פררו - אלבה,PL,קינדר בואנו מיני מיק,גרמים,205.00,100 גרם,false,,17.80,0.0868,true,1,3363099
8000500256213,false,שוקולד מיני קינדר 120 גרם,פררו - אלבה,IT,קינדר שוקולד מיני 12,גרמים,120.00,100 גרם,false,,8.90,0.0742,true,1,5288681
8000500267103,false,קינדר דליס עוגת ספוג קקאו במילוי חלבי*10,קינדר Kinder,IT,קינדר דליס מארז עשיר,גרמים,390.00,100 גרם,false,,18.90,0.0485,true,1,4916359
8000500269169,false,קינדר קארדס Kinder Cards - חמישייה,קריות זול,IT,קינדר בצורת קלפים 12,גרמים,128.00,100 גרם,false,,12.90,0.1008,true,1,6409274
8000500294345,false,רושר איש שלג שוקולד חלב ואגוזי לוז 90 גר,פררו,PL,רושר איש שלג,יח',1.00,יח',false,,13.90,13.9000,true,1,6100981
8000500310397,false,נוטלה עוגיות נוטלה בגליל 12יח' - NUTELLA BISCUITTS,קריות זול,IT,נוטלה ביסקוויט גליל,גרמים,166.00,100 גרם,false,,12.90,0.0777,true,1,6444521
8000500360262,false,קינדר שוקולד דמויות חנוכה,צ'וקטה,PL,חנוכיית קינדר,יח',1.00,יח',false,,16.90,16.9000,true,1,6264471
8000500366073,false,נוטלה עוגיות נוטלה בשקית 20 יח'- NUTELLA BISCUITTS,נוטלה Nutella,IT,נוטלה ביסקוויט שקית,גרמים,276.00,100 גרם,false,,18.90,0.0685,true,1,6444522
8000500386941,false,"ממרח קקאו עם אגוזי לוז, 900 גרם",קדבורי,IT,נוטלה 900 גר,גרמים,900.00,100 גרם,false,,27.90,0.0310,true,1,6371692
8001003100218,false,סוכריות יוגטה ג'לי פירות 800 גר',תות ממתקי איכות,IT,סוכריות ג'לי פירות 8,גרמים,800.00,100 גרם,false,,15.90,0.0199,true,1,1028536
8001003202028,false,סוכריות ג'לי בטעם מנטה יוגטה 80 גרם,צ'וקטה,IT,יוגטה סוכריות ג'לי ט,יח',1.00,יח',false,,4.30,4.3000,true,1,6374657
8001003202035,false,סוכריות ג'לי בטעם פירות יוגטה 80 גרם,צ'וקטה,IT,יוגטה סוכריות ג'לי ט,יח',1.00,יח',false,,4.30,4.3000,true,1,6374658
8001010062844,false,"פונטי חומץ בלסמי כשר 500 מ""ל",פונט סלאם וולנסיה,IT,פונטי חומץ בלסמי כשר,מטרים,500.00,100 מ'ל,false,,16.90,0.0338,true,1,6432952
8001090016003,false,"טבליות למדיח פיירי 84 יחידות בד""צ",פרוקטר אנד גמבל,BE,פיירי טבליות למדיח 8,קילוגרמים,1.14,"ק""ג",false,,42.90,37.6316,true,1,2239135
8001090033512,false,"טייד אבקת כביסה קולור 8 ק""ג",פרוקטור אנד גמבל,TR,אבקת כביסה טייד קולו,קילוגרמים,8.00,"ק""ג",false,,41.90,5.2375,true,1,1582988
8001090111685,false,תחתונים אולוויז דיסקריט מידה L לבריחת שתן,פרוקטר אנד גמבל,DE,אולוויז דיסקריט תחתו,יח',1.00,יח',false,,25.90,25.9000,true,1,6339339
8001090111715,false,תחתונים אולוויז דיסקריט מידה M לבריחת שתן,פרוקטר אנד גמבל,DE,אולוויז דיסקריט תחתו,יח',1.00,יח',false,,25.90,25.9000,true,1,6339340
8001090156839,false,פמפרס בייבי דריי מידה 4 86 יח,פרוקטר & גמבל,TR,פמפרס בייבי דריי מיד,יח',1.00,יח',false,,64.90,64.9000,true,1,6356180
8001090184375,false,"נוזל כלים פיירי 900 מ""ל ירוק אורגינל",פרוקטר אנד גמבל,GB,"פיירי אורגינל 900 מ""",מטרים,900.00,100 מ'ל,false,,11.90,0.0132,true,1,6382333
8001090184412,false,"פיירי נוזל לניקוי כלים לימון שקוף, 900 מ""ל",פרוקטר אנד גמבל,GB,פיירי לימון 900 מל,מטרים,900.00,100 מ'ל,false,,11.90,0.0132,true,1,6382334
8001090222428,false,"הרבל אסנסס - שמפו חלב קוקוס 400 מ""ל",הרבל אסנס Herbal Essences,FR,הרבל אסנסס שמפו חלב,מיליליטרים,400.00,"100 מ""ל",false,,14.90,0.0373,true,1,5740409
8001090222572,false,הרבל אסנסס מרכך תות שדה ומנטה 400 גרם,הרבל אסנס Herbal Essences,FR,הרבל אסנסס מרכך תות,מיליליטרים,400.00,"100 מ""ל",false,,14.90,0.0373,true,1,5740412
8001090222725,false,"הרבל אסנסס - שמפו שמן מורינגה 400 מ""ל",הרבל אסנס Herbal Essences,FR,הרבל אסנסס שמפו שמן,מיליליטרים,400.00,"100 מ""ל",false,,14.90,0.0373,true,1,5740413
8001090222756,false,"הרבל אסנסס - מרכך שמן מורינגה 400 מ""ל",הרבל אסנס Herbal Essences,FR,הרבל אסנסס מרכך שמן,יח',1.00,יח',false,,14.90,14.9000,true,1,5740502
8001090268679,false,פמפרס בייבי דריי מידה 3 100 יח,פרוקטר & גמבל,TR,פמפרס בייבי דריי מיד,יח',1.00,יח',false,,64.90,64.9000,true,1,6356181
8001090364319,false,קפסולות ג'ל לכביסה טייד אפקט פיירי 37 יח',פרוקטר & גמבל,FR,טייד קפסולות אפקט פי,יח',37.00,יח',false,,54.90,1.4838,true,1,6419521
8001090368553,false,פמפרס בייבי דריי מידה 6 68 יח,פרוקטר & גמבל,TR,פמפרס בייבי דריי מיד,יח',1.00,יח',false,,64.90,64.9000,true,1,6356182
8001090375230,false,"מרכך מרוכז 200 מ""ל לחות מוגברת ""פנטן""",פרוקטר אנד גמבל,FR,פנטן מרכך מרוכז 200,מיליליטרים,200.00,"100 מ""ל",false,,12.90,0.0645,true,1,3910881
8001090379337,false,פמפרס פרימיום קר חיתולים שלב 3 40 יח VP,פרוקטר אנד גמבל,PL,חיתולי פמפרס פרימיום,יח',40.00,יח',false,,29.90,0.7475,true,1,3653611
8001090379368,false,פמפרס פרימיום קר חיתולים שלב 4 34 יח VP,פרוקטר אנד גמבל,PL,חיתולי פמפרס פרימיום,יח',34.00,יח',false,,29.90,0.8794,true,1,3653612
8001090379399,false,פמפרס פרימיום קר חיתולים שלב 5 30 יח VP,פרוקטר אנד גמבל,PL,חיתולי פמפרס פרימיום,יח',30.00,יח',false,,29.90,0.9967,true,1,3653613
8001090458322,false,פיירי ורדים משי 1.015 מלי,פרוקטר אנד גמבל,GB,פיירי ורדים משי 1.01,ליטרים,1.01,ליטר,false,,15.90,15.7426,true,1,3192687
8001090493637,false,"הד אנד שולדרס שמפו אולטרא טוטאל קר 450 מ""ל",פרוקטר אנד גמבל,RO,הדשולדרס שמפו אולטרא,מיליליטרים,450.00,"100 מ""ל",false,,17.90,0.0398,true,1,3426466
8001090678195,false,"הד אנד שולדרס מרכך סופרים לחות 275 מ""ל",פרוקטר אנד גמבל,FR,מרכך הד אנד שולדרס ס,מיליליטרים,275.00,"100 מ""ל",false,,14.90,0.0542,true,1,5332852
8001090721099,false,טבליות ג'ל לכביסה 3 ב-1 בניחוח אביב הרים,פרוקטר אנד גמבל,FR,אריאל קפסולות לכביסה,יח',1.00,יח',false,,29.90,29.9000,true,1,4746534
8001090721129,false,אריאל קפסולות גל לכביסה 3ב1 קולור 27 יח,פרוקטר אנד גמבל,FR,אריאל קפסולות לכביסה,יח',1.00,יח',false,,29.90,29.9000,true,1,4746535
8001090734044,false,אולוויז מגן תחתון גיגה פק לארג' אקסטרה פרוטקט 64 יח',פרוקטר אנד גמבל,DE,מגן תחתון אולוויז מג,יח',64.00,יח',false,,16.90,0.2641,true,1,4301262
8001090740717,false,מגני תחתון אולוויז נורמל עם ניחוח רענן Fresh Scent,פרוקטר אנד גמבל )ראה קוד,UA,מגן תחתון אולוויז מג,יח',76.00,יח',false,,16.90,0.2224,true,1,4847281
8001090802385,false,קפסולות גל לכביסה טייד בניחוח לנור 26 יח,פרוקטר אנד גמבל,FR,טייד קפסולות ג'ל 26,יח',26.00,יח',false,,23.90,0.9192,true,1,5444900
8001090832450,false,"שמפו פנטן הנוסחה הקלאסית 660 מ""ל",פרוקטר אנד גמבל,RO,פנטן שמפו נוסחה קלאס,מיליליטרים,660.00,"100 מ""ל",false,,18.90,0.0286,true,1,6220539
8001090832535,false,"שמפו פנטן שמן מרוקאי משקם 660 מ""ל",פרוקטר אנד גמבל,RO,פנטן שמפו שמן מרוקאי,מיליליטרים,660.00,"100 מ""ל",false,,18.90,0.0286,true,1,6220557
8001090832573,false,"שמפו פנטן לחות מוגברת 660 מ""ל",פרוקטר אנד גמבל,RO,פנטן שמפו לחות מוגבר,מיליליטרים,660.00,"100 מ""ל",false,,18.90,0.0286,true,1,6220558
8001090832610,false,"שמפו פנטן למגע רך כמשי 660 מ""ל",פרוקטר אנד גמבל,RO,פנטן שמפו למגע רך כמ,מיליליטרים,660.00,"100 מ""ל",false,,18.90,0.0286,true,1,6223512
8001090832696,false,"פנטן שמפו לתלתלים מושלמים 660 מ""ל",פרוקטר אנד גמבל,RO,פנטן שמפו לתלתלים מו,מיליליטרים,660.00,"100 מ""ל",false,,18.90,0.0286,true,1,6220559
8001090832771,false,"פנטן שמפו להזנת קרטין 660 מ""ל",פרוקטר אנד גמבל,RO,פנטן שמפו הזנת קרטין,מיליליטרים,660.00,"100 מ""ל",false,,18.90,0.0286,true,1,6220561
8001090832818,false,מרכך פנטן הנוסחה הקלאסית לשיער רגיל ומעורב,פרוקטר אנד גמבל,RO,פנטן מרכך נוסחה קלאס,מיליליטרים,600.00,"100 מ""ל",false,,18.90,0.0315,true,1,6220562
8001090832856,false,"פנטן 660 מ""ל קונדישינר מרוקאי משקם",פרוקטר אנד גמבל,RO,פנטן מרכך מרוקאי משק,מיליליטרים,660.00,"100 מ""ל",false,,18.90,0.0286,true,1,6220581
8001090832894,false,מרכך לשיער חלש ופגום לחות מוגברת,פרוקטר אנד גמבל,RO,פנטן מרכך לחות מוגבר,מיליליטרים,660.00,"100 מ""ל",false,,18.90,0.0286,true,1,6220582
8001090832931,false,"פנטן 660 מ""ל קונדישינר למגע רך כמשי",פרוקטר אנד גמבל,RO,פנטן מרכך למגע רך כמ,מיליליטרים,660.00,"100 מ""ל",false,,18.90,0.0286,true,1,6223513
8001090832979,false,"פנטן 660 מ""ל קונדישינר לתלתלים מושלמים",פנטן שמפו ומרכך ב 17,RO,פנטן מרכך לתלתלים מו,מיליליטרים,660.00,"100 מ""ל",false,,18.90,0.0286,true,1,6220583
8001090833136,false,אריאל ג'ל כביסה בייבי 2.255 ליטר,פרוקטור אנד גמבל,FR,אריאל ג'ל כביסה בייב,ליטרים,2.26,ליטר,false,,26.90,11.9027,true,1,5201096
8001090833167,false,גל כביסה אריאל בניחוח הרים 2.365 ליטר,פרוקטור אנד גמבל,FR,אריאל ג'ל כביסה 2.36,ליטרים,2.36,ליטר,false,,27.90,11.8220,true,1,5201073
8001090833228,false,אריאל ג'ל כביסה קולור 2.365 ליטר,פרוקטור אנד גמבל,FR,אריאל ג'ל כביסה 2.36,ליטרים,2.36,ליטר,false,,27.90,11.8220,true,1,5201074
8001090833259,false,גל כביסה אריאל בניחוח הרים 3.740 ליטר,פרוקטר אנד גמבל,FR,אריאל ג'ל כביסה ניחו,ליטרים,3.74,ליטר,false,,39.80,10.6417,true,1,5201098
8001090899194,false,תחבושות אולוויז פלטינום נורמל 24 יחידות,פרוקטר אנד גמבל,DE,תחבושות אולוויז פלטי,יח',1.00,יח',false,,17.90,17.9000,true,1,6300563
8001090899224,false,תחבושות אולוויז פלטינום לונג 20 יחידות,פרוקטר אנד גמבל,DE,תחבושות אולוויז פלטי,יח',1.00,יח',false,,17.90,17.9000,true,1,6300564
8001090899255,false,תחבושות אולוויז פלטינום לילה 16 יחידות,פרוקטר אנד גמבל,DE,תחבושות אולוויז פלטי,יח',1.00,יח',false,,16.90,16.9000,true,1,6300565
8001090899286,false,תחבושות אולוויז פלטינום לילה בטוח 14 יח',פרוקטר אנד גמבל,DE,תחבושות אולוויז פלטי,יח',1.00,יח',false,,16.90,16.9000,true,1,6300566
8001090943095,false,סבון כלים פעולה אנטי-בקטריאלית אקליפטוס,פיירי Fairy,,פיירי אנטי בקטריאלי,ליטרים,1.01,ליטר,false,,17.90,17.7228,true,1,5018665
8001090961907,false,"אבקת כביסה אריאל שושן צחור 9 ק""ג",פרוקטר אנד גמבל,,אבקת כביסה אריאל שוש,קילוגרמים,9.00,"ק""ג",false,,59.90,6.6556,true,1,6252703
8001090961938,false,"אבקת כביסה אריאל קולור 9 ק""ג",פרוקטר אנד גמבל,,אבקת כביסה אריאל קול,קילוגרמים,9.00,"ק""ג",false,,59.90,6.6556,true,1,6275046
8001090992338,false,פיירי טבליות למדיח פלטינום פלוס 50 יחידו,פרוקטר אנד גמבל,BE,פיירי טבליות למדיח פ,יח',1.00,יח',false,,42.90,42.9000,true,1,6173993
8001250152015,false,פסטה דורום פפרדלה דה,דה צ'אקו DE CECCO,IT,דה צ'קו פפרדלה 201 5,גרמים,500.00,100 גרם,false,,14.90,0.0298,true,1,6432954
8001359008558,false,פרולטה מרכך אובליפיחה לשיער,פאר פארם,IL,פרולטה מרכך אובליפיח,מיליליטרים,500.00,"100 מ""ל",false,,22.90,0.0458,true,1,1307980
8001359008800,false,שמפו פרולטה לשיער יבש500,פאר פארם)איתן(,IL,שמפו לשיער יבש 500מל,מיליליטרים,500.00,"100 מ""ל",false,,22.90,0.0458,true,1,1307984
8001359108654,false,"מויסטר ריסורס קרם פנים 250מ""ל",אנדראה טיפוח,IL,קרם לחות לפנים מויסט,יח',1.00,יח',false,,19.90,19.9000,true,1,1198870
8001440118944,false,שלישיית עגבניות פולפה צ'יריו 400 גרם,דיפלומט,IT,צ'יריו עגבניות פולפה,גרמים,1200.00,100 גרם,false,,14.90,0.0124,true,1,6386947
8001505000313,false,ממרח אגוזי לוז אורגני 270 גרם NICCIOLATA,ריג'וני דה אסינו,IT,ממרח אגוזי לוז אורגנ,גרמים,270.00,100 גרם,false,,19.50,0.0722,true,1,3702404
8001505003963,false,ממרח אגוזי לוז קראנצי אורגני 270 גרם,,IT,ממרח אגוזי לוז אורגנ,גרמים,270.00,100 גרם,false,,19.50,0.0722,true,1,6375077
8001620011935,false,"סן בנדטו- מים מינרלים מוגז - מארז שישיית 500 מ""ל",אקווה מינרלה סאן בנד,IT,"סן בנדטו מוגז 500 מ""ל שיש",ליטרים,3.00,ליטר,false,,11.90,3.9667,true,1,1017197
8001620017456,false,"סן בנדטו ספורט, מים מינרלים טבעיים 500 מ""ל שישייה",אקווה מינרלה סאן בנדטו ב,IT,"סאן בנדטו 6*500 מ""ל",ליטרים,6.00,ליטר,false,,13.90,2.3167,true,1,3883391
8001841053684,false,תחבושות אולוויז עבה לונג פלוס 12 יחידות,פרוקטר אנד גמבל )ראה קוד,HU,תחבושות אולוויז עבה,יח',12.00,יח',false,,9.90,0.8250,true,1,5319342
8001841053806,false,תחבושות היגייניות אולוויז מקסי עבה לילה,פרוקטר אנד גמבל,HU,תחבושות אולוויז עבה,יח',9.00,יח',false,,9.90,1.1000,true,1,5319343
8001841062624,false,פמפרס מגבונים לחים ללא בישום רביעייה,פרוקטר אנד גמבל.,DE,פמפרס מגבונים ללא בי,יח',4.00,יח',false,,17.90,4.4750,true,1,6302576
8001841077949,false,מארז מגבוני פמפרס בניחוח מרענן - רביעייה,פרוקטר אנד גמבל,DE,מגבוני פמפרס פרש 4X5,יח',1.00,יח',false,,17.90,17.9000,true,1,6173994
8001841096889,false,"פיירי לכלים לימון קלאסי לבן 900 מ""ל",פרוקטר אנד גמבל,TR,פיירי לימון קלאסי 90,מיליליטרים,900.00,"100 מ""ל",false,,6.90,0.0077,true,1,4890797
8001841104751,false,פמפרס פרימיום קר חיתולים שלב 1 52 יח VP,פרוקטר אנד גמבל,PL,חיתולי פמפרס פרימיום,יח',52.00,יח',false,,29.90,0.5750,true,1,5611899
8001841104799,false,פמפרס פרימיום קר חיתולים שלב 2 46 יח VP,פרוקטר אנד גמבל,PL,חיתולי פמפרס פרימיום,יח',46.00,יח',false,,29.90,0.6500,true,1,5611900
8001841105093,false,פמפרס פרימיום קר חיתולים שלב 6 26 יח VP,פרוקטר אנד גמבל,PL,חיתולי פמפרס פרימיום,יח',26.00,יח',false,,29.90,1.1500,true,1,5611901
8001841137216,false,"קונדישנר למגע רך כמשי הד אנד שולדרס 275 מ""ל",פרוקטר אנד גמבל,RO,ה&ש קונדישנר למגע רך,מיליליטרים,275.00,"100 מ""ל",false,,9.90,0.0360,true,1,6101035
8001841216584,false,תחבושות אולוויז אולטרה לילה בטוח,פרוקטר אנד גמבל,UA,תחבושות אולוויז לילה,יח',1.00,יח',false,,29.90,29.9000,true,1,6085277
8001841470290,false,נוזל ניקוי כלים פייר,,,פיירי פלטינום 750 מ,מיליליטרים,750.00,"100 מ""ל",false,,11.90,0.0159,true,1,6439633
8001841500799,false,"הרבל אסנסס - שמפו ללא סולפטים אלוורה ומנגו 380 מ""ל",הרבל אסנס Herbal Essences,FR,הרבל אסנס שמפו ללא ס,מיליליטרים,300.00,"100 מ""ל",false,,14.90,0.0497,true,1,6265739
8001841500942,false,"הרבל אסנסס - שמפו ללא סולפטים אלוורה ובמבוק 380 מ""ל",הרבל אסנס Herbal Essences,FR,הרבל אסנס שמפו ללא ס,מיליליטרים,300.00,"100 מ""ל",false,,14.90,0.0497,true,1,6265740
8001841502601,false,"הרבל אסנסס - מרכך ללא סולפטים אלוורה ובמבוק 275 מ""ל",הרבל אסנס Herbal Essences,FR,הרבל אסנס מרכך ללא ס,מיליליטרים,300.00,"100 מ""ל",false,,14.90,0.0497,true,1,6265742
8001841566771,false,לנור כדוריות בושם בניחוח יסמין 210 גרם,פרוקטר אנד גמבל,US,לנור כדוריות בושם יס,גרמים,210.00,100 גרם,false,,24.90,0.1186,true,1,6279797
8001841625188,false,סבון כלים פלטינום לימון X3 פעולות להסרת שומנים,פרוקטר אנד גמבל,GB,פיירי פלטינום לימון,מיליליטרים,515.00,"100 מ""ל",false,,8.90,0.0173,true,1,6205732
8001841625287,false,סבון כלים פלטינום לימון X3 פעולות להסרת שומנים,פרוקטר אנד גמבל,GB,פיירי פלטינום לימון,ליטרים,1.01,ליטר,false,,12.90,12.7723,true,1,6205733
8001841625362,false,"נוזל כלים בניחוח לימון פלטינום 780 מ""ל פיירי",פרוקטר אנד גמבל,GB,פיירי פלטינום לימון,מטרים,780.00,100 מ'ל,false,,11.90,0.0153,true,1,6382335
8001841625461,false,סבון כלים פלטינום X3 פעולות להסרת שומנים,פרוקטר אנד גמבל,GB,פיירי פלטינום אורגינ,מיליליטרים,515.00,"100 מ""ל",false,,8.90,0.0173,true,1,6205734
8001841625508,false,"נוזל כלים פיירי פלטינום אורגינל 1.015 ליטר בד""צ",פרוקטר אנד גמבל,GB,פיירי פלטינום אורגינ,ליטרים,1.01,ליטר,false,,12.90,12.7723,true,1,6205735
8001841660257,false,מסכת מינרלס במבוק לשיער חזק וארוך,פנטן Pantene,FR,פנטן מיראקלס במבוק מ,מיליליטרים,160.00,"100 מ""ל",false,,14.90,0.0931,true,1,6301632
8001841669465,false,קפסולות לכביסה אריאל בניחוח לנור 24 יחידות,פרוקטר אנד גמבל,FR,אריאל קפסולות לכביסה,יח',1.00,יח',false,,29.90,29.9000,true,1,6278323
8001841669519,false,קפסולות לכביסה ALL IN ONE אריאל 55 יחידות,פרוקטר אנד גמבל,FR,אריאל קפסולות לכביסה,יח',1.00,יח',false,,54.90,54.9000,true,1,6250598
8001841680989,false,מגן תחתון אולוויז מגה פק פרו פרש לארג' 60 יחי,פרוקטר אנד גמבל,DE,אולוויז מגן תחתון לא,יח',1.00,יח',false,,16.90,16.9000,true,1,6232650
8001841715957,false,"ג'ל רחצה ושמפו ניקוי אינטנסיסי האד אנד שולדרס 360 מ""ל","נארז ע""י : א.ג. גילר",FR,הד שולדרס ג'ל רחצה ו,מיליליטרים,360.00,"100 מ""ל",false,,16.90,0.0469,true,1,6305398
8001841716435,false,"ג'ל רחצה ושמפו לעור רגיש האד אנד שולדרס 360 מ""ל","נארז ע""י : א.ג. גילר",FR,הד שולדרס ג'ל רחצה ו,מיליליטרים,360.00,"100 מ""ל",false,,16.90,0.0469,true,1,6305418
8001841943961,false,לנור כדוריות בושם בניחוח אוקיינוס 210 גר,פרוקטר אנד גמבל,US,לנור כדוריות בושם או,גרמים,210.00,100 גרם,false,,24.90,0.1186,true,1,6279798
8001841958460,false,פיירי טבליות למדיח אורגינל הכל באחד - מארז 48 יח',פרוקטר אנד גמבל,BE,פיירי טבליות למדיח 4,גרמים,648.00,100 גרם,false,,39.90,0.0616,true,1,6279557
8001841960081,false,פיירי טבליות למדיח פלטינום הכל באחד - מארז 37 יח',פרוקטר אנד גמבל,BE,פיירי טבליות למדיח 3,יח',37.00,יח',false,,39.90,1.0784,true,1,6279558
8001943549122,false,"צ'וקטה מטבעות שוקולד חלב, 40 גרם",ואל קור קורסניני אס אנ ס,IT,צוקטה מטבעות שוקולד,גרמים,40.00,100 גרם,false,,3.30,0.0825,true,1,3497447
8002110383709,false,נוטרוגינה ס.נורבגית ק.ידיים לא מבושם 50מל,ניוטרוג'ינה Neutrogena,FR,ניוטרוגינה קרם ידיים,מטרים,50.00,100 מ'ל,false,,24.90,0.4980,true,1,1018092
8002267014662,false,שלישייה ביצי שוקולד חלב עם צעצוע ברבי,צ'וקטה Chocketa,IT,ביצת הפתעה ברבי שלשי,גרמים,20.00,100 גרם,false,,10.90,0.5450,true,1,3807586
8002267014945,false,שלישייה ביצי שוקולד חלב עם צעצוע הוט ווילס,ואל קור קורסניני אס אנ ס,IT,ביצת הפתעה הוט ווילס,גרמים,20.00,100 גרם,false,,10.90,0.5450,true,1,3807587
8002267015263,false,שלישייה ביצת הפתעה מאשה והדוב צ'וקטה 20 גרם,צ'וקטה Chocketa,IT,צוקטה ביצת הפתעה מאש,יח',1.00,יח',false,,10.90,10.9000,true,1,6248966
8002267016475,false,ביצת שוקולד הפתעה בוב הבנאי שלישייה 60 ג,מולינו ניקולי s.p.a,IT,צוקטה ביצת הפתעה בוב,גרמים,20.00,100 גרם,false,,10.90,0.5450,true,1,5154326
8002270866524,false,סן פלגרינו מים מינרליים טבעיים מוגזים,סן פלגרינו San Pellegrino,IT,סן פלגרינו 1 ליטר בקבוק פ,יח',1.00,יח',false,,8.90,8.9000,true,1,1089956
8002450202005,false,ורדי ספרקלטיני אסאי Verdi acai Sparkletini,איטליה בוסקה,IT,ורדי ספרקלטיני אסאי בוסקה,מיליליטרים,750.00,"100 מ""ל",false,,24.90,0.0332,true,1,1029258
8002450204009,false,ורדי ספרקלטיני אפרסק,"איי, בי, אינבוו",IT,ורדי אפרסק כשר,מיליליטרים,750.00,"100 מ""ל",false,,24.90,0.0332,true,1,1029259
8002450206003,false,ורדי רימונים ספרקלטיני,"איי, בי, אינבוו",IT,ורדי רימונים כשר,מיליליטרים,750.00,"100 מ""ל",false,,24.90,0.0332,true,1,1029262
8002450208007,false,ורדי גרין אפל ספרקלטיני,איטליה בוסקה,IT,ורדי גרין אפל כשר,מיליליטרים,750.00,"100 מ""ל",false,,24.90,0.0332,true,1,1029266
8002910043476,false,ויט רצועות שעווה מוכנות לקו הביקיני 12 יחידות,רקיט בנקיזר צרפת,FR,ויט רצועות שעווה מוכ,יח',12.00,יח',false,,19.90,1.6583,true,1,3670172
8003440997857,false,מסטיק פיורפרש מנטה אריזת חיסכון 200 גר,פרפטי ואן מלה ברדה,TR,מנטוס פיור פרש בטעם,גרמים,200.00,100 גרם,false,,19.90,0.0995,true,1,6308271
8003440997871,false,מסטיק פיורפרש תות אריזת חיסכון 200 ג,פרפטי ואן מלה ברדה,TR,מנטוס פיור פרש בטעם,גרמים,200.00,100 גרם,false,,19.90,0.0995,true,1,6308311
8003446002685,false,שמן זית איטלקי 1 ליטר רמי לוי,,,שמן זית איטלקי 1 ליט,100 מל,1000.00,100 מל,false,,24.90,0.0249,true,1,5523483
8004030022010,false,ירקות גינה עם טונה ריו מרה אינסלטיסימי 160 ג',"בולטון אלימנטרי בע""\מ",IT,טונה ריו מרה ירקות ג,גרמים,160.00,100 גרם,false,,14.90,0.0931,true,1,1178548
8004030026018,false,"מקסיקני עם טונה ריו מרה אינסלטיסימי, 160 ג'","בולטון אלימנטרי בע""\מ",IT,טונה ריו מרה מקסיקני,גרמים,160.00,100 גרם,false,,14.90,0.0931,true,1,1178549
8004030180000,false,ריו מרה טונה בשמן זית כתית מעולה 3*80 גרם,"בולטון אלימנטרי בע""\מ",IT,ריו מרה טונה בשמן זי,גרמים,240.00,100 גרם,false,,25.90,0.1079,true,1,6347078
8004030344938,false,"ריו מרה טונה בשמן זית 3X80 גרם מתכון חדש כשל""פ","בולטון אלימנטרי בע""\מ",IT,טונה ריו מרה בשמן זי,גרמים,168.00,100 גרם,false,,27.80,0.1655,true,1,1146785
8004690470022,false,לה מוליזנה ללא גלוטן-פסטה איטלקית ספגטי,למוליזנה,IT,לה מוליזנה ללא גלוטן,גרמים,400.00,100 גרם,false,,14.90,0.0373,true,1,6432956
8004690612002,false,לה מוליסנה פסטה פנה קמח מלא 500גר,,,לה מוליסנה פסטה פנה,גרמים,500.00,100 גרם,false,,8.90,0.0178,true,1,6432959
8004800000064,false,לאגו פלאסיר- גלילי ופל קרם קקאו בציפוי ש.חלב - 100 ג',לגו גרופ ס.פ.א.,IT,לאגו פלאסיר גלילי וו,גרמים,100.00,100 גרם,false,,10.90,0.1090,true,1,6402285
8004800000071,false,לאגו פלאסיר- גלילי ופל במילוי קרם אגוזי לוז שוקולד חלב - 100 ג',לגו גרופ ס.פ.א.,IT,לאגו פלאסיר גלילי וו,גרמים,100.00,100 גרם,false,,10.90,0.1090,true,1,6402286
8004800004826,false,לאגו פלאסיר - וופלים במילוי קרם קוקוס שוקולד מריר - 98ג,לגו גרופ ס.פ.א.,IT,לאגו פלאסיר גלילי וו,גרמים,100.00,100 גרם,false,,10.90,0.1090,true,1,6402289
8005200256587,false,נסטי - תה קר בטעם אפרסק 1.5 ליטר,מפעל סאנפלגרינו S.P.A,IT,תה קר בטעם אפרסק נסט,ליטרים,1.50,ליטר,false,,8.20,5.4667,true,1,6332270
8005200286584,false,נסטי- תה קר - בטעם מנגו אננס 1.5 ליטר,מפעל סאנפלגרינו S.P.A,IT,תה קר בטעם מנגו אננס,ליטרים,1.50,ליטר,false,,8.20,5.4667,true,1,6332271
8005200316588,false,תה קר דיאט בטעם אפרסק נסטי 1.5 ליטר,מפעל סאנפלגרינו s.p.a,IT,תה קר דיאט בטעם אפרס,ליטרים,1.50,ליטר,false,,7.90,5.2667,true,1,6332272
8005803010357,false,גריסיני קלאסי - מקלות אפויים עם שמן זית ומלח,"אינסטנטה בע""מ",IT,גרסיני קלאסי 125 גר,גרמים,125.00,100 גרם,false,,5.70,0.0456,true,1,2314585
8005803010371,false,"גריסיני רוזמרין - מקלות אפויים עם שמן זית, מלח ורוזמרין","אינסטנטה בע""מ",IT,גרסיני רוזמרין 125 ג,גרמים,125.00,100 גרם,false,,5.70,0.0456,true,1,2314586
8005803010586,false,"מקלות אפויים עם שמן זית, מלח, עגבניות ואורגנו, 125 גרם, אמור די פאן","הוסטה איטליה, ס.ר.ל.",IT,גרסיני פיצה 125 גר,גרמים,125.00,100 גרם,false,,5.70,0.0456,true,1,2314587
8005803010661,false,"מקלות אפויים עם שמן זית, מלח, ושומשום, 125 גרם, אמור די פאן","הוסטה איטליה, ס.ר.ל.",IT,גרסיני שומשום 125 גר,גרמים,125.00,100 גרם,false,,5.70,0.0456,true,1,2314588
8006540110317,false,שמפו מינרלס ביוטין + במבוק לשיער חזק וארוך,פרוקטר אנד גמבל,RO,פנטן מיראקלס במבוק ש,מיליליטרים,400.00,"100 מ""ל",false,,14.90,0.0373,true,1,6301634
8006540112793,false,"מרכך כביסה מרוכז בניחוח יסמין לנור 900 מ""ל",פרוקטר אנד גמבל,US,לנור מרכך מרוכז בניח,מטרים,900.00,100 מ'ל,false,,14.90,0.0166,true,1,6315144
8006540112823,false,"לנור מרכך כביסה מרוכז בניחוח האוקיינוס 900 מ""ל",פרוקטר אנד גמבל,FR,לנור מרכך מרוכז בניח,מיליליטרים,900.00,"100 מ""ל",false,,14.90,0.0166,true,1,6303312
8006540222089,false,פמפרס מגבונים היגיינים לתינוקות וילדים TO GO 40 יח',פרוקטור אנד גמבל,DE,מגבונים היגיינים לתי,יח',1.00,יח',false,,6.90,6.9000,true,1,6336023
8006540252499,false,אולוויז פלטינום לונג 40 יח,פרוקטר & גמבל,HU,אולוויז פלטינום לונג,יח',32.00,יח',false,,36.90,1.1531,true,1,6348747
8006540352960,false,טמפונים טמפקס פרל רגולר 20 יחידות,פרוקטר אנד גמבל,HU,טמפונים טמפקס פרל רג,יח',20.00,יח',false,,19.90,0.9950,true,1,6323640
8006540383018,false,טבליות למדיח פלטינום דיפ קלין 23 יח פיירי,פרוקטר אנד גמבל,BE,פירי פלטינום פלוס די,100 יח,23.00,100 יח,false,,39.90,1.7348,true,1,6358618
8006540383087,false,טבליות למדיח פיירי פלטינום פלוס דיפ קלין 42 יחידות,פרוקטר אנד גמבל,BE,פירי פלטינום פלוס די,100 יח,42.00,100 יח,false,,44.90,1.0690,true,1,6358619
8006540463550,false,פיירי טבליות למדיח פלטינום 63 יחידות,פרוקטר אנד גמבל,BE,פיירי טבליות למדיח 6,גרמים,938.00,100 גרם,false,,44.90,0.0479,true,1,6397082
8006540491539,false,"נוזל כלים פיירי פלטינום אוריגינל 780 מ""ל",פרוקטר אנד גמבל,GB,פיירי פלטינום אורגינ,מטרים,780.00,100 מ'ל,false,,11.90,0.0153,true,1,6382336
8006540495186,false,לנור מרכך כביסה מרוכז רגיש בייבי 900 מל,פרוקטר אנד גמבל,FR,לנור מרכך כביסה בייב,מטרים,900.00,100 מ'ל,false,,14.90,0.0166,true,1,6388723
8006540620403,false,"טייד אבקת כביסה אפקט פיירי 7 ק""ג",טייד,TR,טייד אבקת כביסה אפקט,קילוגרמים,7.00,"ק""ג",false,,54.90,7.8429,true,1,6411197
8007178120310,false,חומץ בלסמי ד'מודנה Giacobazzi,פטורייה ג'יאקובאזי ס,IT,חומץ בלסמי גקובזי 500 מל,מיליליטרים,500.00,"100 מ""ל",false,,17.90,0.0358,true,1,1028043
8007270999012,false,שמן גרעיני ענבים 1 ליטר,קוסטה דיאורו,IT,שמן גרעיני ענבים 1ל,ליטרים,1.00,ליטר,false,,38.90,38.9000,true,1,3702370
8007520024402,false,מור יוניקו מונופקטאי,,,מור. יוניקו מונופרו,יחידה,0.00,יחידה,false,,5.90,0.0000,true,1,6422038
8007520024426,false,מור יוניקו מונופקטאי,,,מור. יוניקו מונופרו,יחידה,0.00,יחידה,false,,5.90,0.0000,true,1,6422040
8007520096003,false,מזון לכלבים מור מיק,מורנדו,IT,מורנדו 4 קג לכלב,יח',1.00,יח',false,,49.90,49.9000,true,1,6251109
8008245004861,false,ממרח אגוזי לוז עם חלב מובנפיק 300 גרם,יבואן ומשווק: ש. שסט,IT,ממרח אגוזי לוז עם חל,גרמים,300.00,100 גרם,false,,14.70,0.0490,true,1,6256814
8008660210021,false,מעדן ריבה מנץ אנד גאססר דובדבן 300 גר,שוורצקוף& הנקל דיסלד,IT,מעדן דובדבן 300 גר,גרמים,300.00,100 גרם,false,,15.90,0.0530,true,1,1497822
8008660210038,false,מעדן ריבה מנץ אנד גאססר תות שדה 300 גר,קריניציה ויטמינה אס,IT,מעדן תות שדה 300 גר,גרמים,300.00,100 גרם,false,,15.90,0.0530,true,1,1497840
8008660210045,false,מעדן פירות יער מנז אנד גאסר ויסוצקי 300 גרם,שוורצקוף& הנקל דיסלד,IT,מעדן פירות יער 300 ג,גרמים,300.00,100 גרם,false,,15.90,0.0530,true,1,1497841
8008660210052,false,מעדן פרי תפוז מנז אנד גאסר ויסוצקי 320 גרם,מנז אנד גאסר Menz&Gasser,IT,מעדן פרי תפוז 320 גר,גרמים,320.00,100 גרם,false,,15.90,0.0497,true,1,5089536
8008698003961,false,"שוקו סטיקס מקלוני עוגיות לל""ג 150 גר",דר שר דויטשלנד ג'\י אם ב,DE,שוקו סטיקס מקלוני עו,גרמים,150.00,100 גרם,false,,21.90,0.1460,true,1,6313921
8008698004548,false,ביסקוויט בציפוי קרם שוקולד חלב 150גרםDIGESTIVE CHOC,"ד""ר שר ס.ר.ל",DE,ביסקוויט בציפוי קרם,גרמים,150.00,100 גרם,false,,16.80,0.1120,true,1,3700874
8008698005231,false,עוגיות סנדוויץ בטעם שוקולד ממולאות קרם חלב ללא גלוט,שר Schar,IT,עוגיות סנדויץ שוקולד,גרמים,165.00,100 גרם,false,,19.90,0.1206,true,1,6233694
8008698005347,false,"ביסקוויט מצופות שוקולד מריר לל""ג 150 גר",שר Schar,IT,ביסקוויט מצופות שוקו,גרמים,150.00,100 גרם,false,,14.90,0.0993,true,1,6233695
8008698008157,false,שר עוגיות שוקולד במילוי קרם שמנת ללא גלוטן 100 גר',דר שר ס.ר.ל פוסטל,IT,עוגיות שוקולד וקרם ש,גרמים,500.00,100 גרם,false,,10.50,0.0210,true,1,1240177
8008698012857,false,ביסקויט פתי בר בטעם חמאה 165 גרם ללא גלוטן petit,ס.ר.ל פוסטל,IT,פתי בר טעם חמאה 165ג,גרמים,165.00,100 גרם,false,,13.80,0.0836,true,1,1240537
8008698013021,false,עוגיות ללא גלוטן עם שבבי שוקולד מריר,דר שר פוסטל,IT,עוגיות שוקולדציפס מר,גרמים,150.00,100 גרם,false,,10.80,0.0720,true,1,3700878
8008857406152,false,פסטה רגיה אטריות עגולות עבה תומר 500 גרם,רגיה,IT,אטריות עגול דקות,גרמים,500.00,100 גרם,false,,7.50,0.0150,true,1,1099852
8008857500003,false,פסטה רגיה אטריות עגולות דקות תומר 500 גרם,פסטה רג'יה Pasta Reggia,IT,אטריות עגולות עבות,100 יח',500.00,100 יח',false,,7.50,0.0150,true,1,1099853
8008912010034,false,ליגורי- ספגטי מספר 3 500גר,מנז'\ אנד גאסר ס.פ.א,IT,ליגורי- ספגטי מספר 3,גרמים,500.00,100 גרם,false,,7.80,0.0156,true,1,6349121
8008912010072,false,ליגורי- לינגוויני מספר 7 500גר,מנז'\ אנד גאסר ס.פ.א,IT,ליגורי- לינגוויני מס,גרמים,500.00,100 גרם,false,,7.80,0.0156,true,1,6349122
8008912010270,false,LIGUORI פסטה קסרצ'ה מספר 27 500 גרם,מנז'\ אנד גאסר ס.פ.א,IT,ליגורי- קסרצ'ה מספר,גרמים,500.00,100 גרם,false,,7.80,0.0156,true,1,6349123
8008912010300,false,LIGUORI פסטה פרפלה 500 גרם מספר 30,מנז'\ אנד גאסר ס.פ.א,IT,פסטה פרפלה מספר 30,גרמים,500.00,100 גרם,false,,7.80,0.0156,true,1,6349124
8008912010317,false,LIGUORI פסטה פוזילי 500 גרם מספר 31,מנז'\ אנד גאסר ס.פ.א,IT,ליגורי-פוזילי מספר 3,גרמים,500.00,100 גרם,false,,7.80,0.0156,true,1,6349125
8008912010331,false,פסטה ניוקטי סרדי בצורת קונכיות LIGUORI,מנז'\ אנד גאסר ס.פ.א,IT,ליגורי פסטה ניוקי סר,גרמים,500.00,100 גרם,false,,7.80,0.0156,true,1,6349126
8008912010423,false,"ליגורי פסטה פנה ריגטה מספר 42, 500 גר'",מנז'\ אנד גאסר ס.פ.א,IT,ליגורי- פנה ריגטה מס,גרמים,500.00,100 גרם,false,,7.80,0.0156,true,1,6349127
8008912016012,false,ליגורי- לזניה מספר 102 500גר,פסטיפישיו פציון ס.פ.,IT,ליגורי- לזניה מספר 1,גרמים,500.00,100 גרם,false,,14.90,0.0298,true,1,6357230
8009470009041,false,"סימבה מזון לחתולים 2 ק""ג בקר",אמ.או.אן.ג'י.אי.אמונ,IT,"סימבה בקר לחתול 2 ק""",יח',1.00,יח',false,,34.90,34.9000,true,1,6378995
8009470009560,false,"סימבה מזון לכלבים 4 ק""ג בטעם בקר",אמ.או.אן.ג'י.אי.אמונ,IT,סימבה לכלב בקר 4קג,יח',1.00,יח',false,,49.90,49.9000,true,1,6220985
8010024006010,false,השקד-100% חמאת שקדים נטורפוד 350 גרם,תות תעשיות מזון (201,IT,חמאת שקדים 350 גר,גרמים,350.00,100 גרם,false,,38.90,0.1111,true,1,3702406
8013399145278,false,דיאטורל סוכריות סטיביה ליקוריץ רך 70 גרם,קלואטה איטליה,IT,סט.דיטורל ליקורי שקית 70,גרמים,70.00,100 גרם,false,,9.90,0.1414,true,1,1013896
8013399145315,false,סוכריות סטיביה דיטרול תות 70 גרם,קלואטה איטליה,IT,סט.דיטורל תות שקית 70 גר',גרמים,100.00,100 גרם,false,,9.90,0.0990,true,1,1013898
8017938005122,false,חומץ תפוחים אורגני 750מל,מריה לוצ'יה מלצ'יורי,IT,חומץ תפוחים אורגני 7,מיליליטרים,750.00,"100 מ""ל",false,,18.50,0.0247,true,1,3702407
8017938005764,false,נטורפוד-מיץ תפוחים 100% אורגני 1 ליטר,לוצ'ה מריה,IT,מיץ תפוחים אורגני 10,ליטרים,1.00,ליטר,false,,16.90,16.9000,true,1,3702408
8024985005296,false,סמוזי אגס בננה תפוח וקינואה אורגני,נטורה נובה,IT,סמוזי פירות אורגני,גרמים,120.00,100 גרם,false,,6.40,0.0533,true,1,5813118
8024985005302,false,סמוזי תפוח רימון פטל אוכמנויות ואסאי אורגני,נטורה נובה,IT,סמוזי פירות אורגני,גרמים,120.00,100 גרם,false,,6.40,0.0533,true,1,5813119
8024985008037,false,סמוזי נטורה נובה סמוצי תפוח 100 גרם,"נטורפוד בע""מ",IT,נטורה סמודי תפוחים א,מטרים,100.00,100 מ'ל,false,,4.90,0.0490,true,1,5049684
8024985008044,false,נטורה משקה סמודי אגסים אורגני 100 גר,"נטורפוד בע""מ",IT,נטורה משקה סמודי אגס,מטרים,100.00,100 מ'ל,false,,4.90,0.0490,true,1,5049685
8024985008051,false,נטורה סמודי פירות אדומים אורגניים 100מל,"נטורפוד בע""מ",IT,נטורה סמודי פירות אד,מטרים,100.00,100 מ'ל,false,,4.90,0.0490,true,1,5049686
8032573170035,false,"יין מוסקטו ארזה 750 מ""ל",יקבי קנטינה,IT,מוסקטו טרה סינה,מיליליטרים,750.00,"100 מ""ל",false,,34.90,0.0465,true,1,1036676
8032685196800,false,נטורפוד עגבניות אורגניות מרוסקות 700 גרם,פתח תקווה,IT,עגבניות מרוסקות 700,גרמים,700.00,100 גרם,false,,11.50,0.0164,true,1,5813121
8032793342458,false,עגבניות מרוסקות דק ומסוננות בבקבוק 700 ג',קונסוריזיו קאסאלסקו דל פ,IT,עגבניות מרוסקות דק ב,גרמים,700.00,100 גרם,false,,11.90,0.0170,true,1,2274480
8032793344520,false,תרכיז עגבניות רסק עגבניות מרוכז מאוד,קונסוריזיו דל פרומוד,IT,רסק עגבניות מרוכז 20,גרמים,200.00,100 גרם,false,,6.90,0.0345,true,1,6247774
8032804430471,false,פליסיה קופסא - סדניני עדשים אדומות 250 גרם,אף.סי תבליני בגליל ב,IT,סדניני עדשים אדומות,גרמים,250.00,100 גרם,false,,12.90,0.0516,true,1,3702371
8032804430761,false,לזניה עדשים צהובות פליסיה 250 גרם,אף.סי תבליני בגליל ב,IT,לזניה עדשים צהובות א,גרמים,250.00,100 גרם,false,,15.50,0.0620,true,1,5813122
8032804432024,false,דפי לזניה אורז-תירס אורגנית ללא גלוטן,מולינו אנדריאני,IT,לזניה אורז תירס אורג,גרמים,250.00,100 גרם,false,,17.90,0.0716,true,1,3702375
8032880800243,false,פיקניק הפתעה - אגוזי לוז ומקלות אפויים,"הוסטה איטליה, ס.ר.ל.",IT,פיקניק הפתעה 50 גרם,גרמים,50.00,100 גרם,false,,6.70,0.1340,true,1,1028547
8076800195019,false,ברילה - צ.א ספגטי מס1 קפליני 500 גרם,ברילה גי.אי.אר פרטלי ס.פ,IT,קפליני מספר 1 ברילה,גרמים,500.00,100 גרם,false,,6.90,0.0138,true,1,1018100
8076800195033,false,ברילה - צ.א ספגטיני מס3 חדש 500 גרם,ברילה גי.אי.אר פרטלי ס.פ,IT,ספגטי מספר 3 ברילה 5,גרמים,500.00,100 גרם,false,,6.90,0.0138,true,1,1018101
8076800195132,false,ברילה - צ.א בבטה מס13 500 גרם,ברילה גי.אי.אר פרטלי ס.פ,IT,אטריות בבטה 13 ברילה,גרמים,500.00,100 גרם,false,,6.90,0.0138,true,1,1018103
8076800315097,false,פסטה מקרוני בוקטיני מספר 9 ברילה 500 גרם,ברילה גי.אי.אר פרטלי ס.פ,IT,פסטה מקרוני בוקטיני,גרמים,500.00,100 גרם,false,,6.90,0.0138,true,1,1018104
8076802085738,false,ברילה צ.ק פנה רגטה מס' 73 500 גרם,ברילה גי.אי.אר פרטלי ס.פ,IT,פסטה פנה ריגטה ברילה,גרמים,500.00,100 גרם,false,,6.90,0.0138,true,1,1018107
8076802085981,false,ברילה - צ.ק פוזילי חדש 500 גרם,ברילה גי.אי.אר פרטלי ס.פ,IT,פסטה פוזילי ברילה 50,גרמים,500.00,100 גרם,false,,6.90,0.0138,true,1,1018112
8076808050440,false,פסטה מקרוני מספר 44 ברילה 500 גרם,ברילה Barilla,IT,פסטה מקרוני מספר 44,גרמים,500.00,100 גרם,false,,6.90,0.0138,true,1,1018114
8076808060654,false,פסטה פרפלה מספר 65 ברילה 500 גרם,ברילה גי.אי.אר פרטלי ס.פ,IT,פסטה פרפלה מספר 65 ב,גרמים,500.00,100 גרם,false,,6.90,0.0138,true,1,1018115
8076808150072,false,ברילה - צ.א ספגטוני מס7 חדש 500 גרם,ברילה גי.אי.אר פרטלי ס.פ,IT,ספגטי מספר 7 ברילה 5,גרמים,500.00,100 גרם,false,,6.90,0.0138,true,1,1018117
8076809512268,false,פסטה גירנדולה טורסדס מספר 34 ברילה 500 גרם,ברילה גי.אי.אר פרטלי ס.פ,IT,פסטה גירנדולה טורסדס,גרמים,500.00,100 גרם,false,,6.90,0.0138,true,1,1018119
8076809513388,false,רוטב לפסטה ארביאטה ברילה 400 גרם,ברילה גי.אי.אר פרטלי ס.פ,IT,רוטב לפסטה ארביאטה ב,גרמים,400.00,100 גרם,false,,14.90,0.0373,true,1,1018120
8076809513395,false,ברילה פומודורו רוטב עגבניות קלאסי 400 גר,ברילה גי.אי.אר פרטלי ס.פ,IT,רוטב לפסטה פומודורו,גרמים,400.00,100 גרם,false,,14.90,0.0373,true,1,1018121
8076809513654,false,בסיס רוטב עגבניות לבולונז ברילה 400 גרם,ברילה גי.אי.אר פרטלי ס.פ,IT,בסיס רוטב עגבניות לב,גרמים,400.00,100 גרם,false,,14.90,0.0373,true,1,1018122
8076809513692,false,רוטב עגבניות נפולטנה בתוספת ירקות,ברילה גי.אי.אר פרטלי ס.פ,IT,רוטב לפסטה נפוליטנה,גרמים,400.00,100 גרם,false,,14.90,0.0373,true,1,1018123
8076809513739,false,ברילה רוטב עגבניות עם בזיליקום 400 גרם,ברילה גי.אי.אר פרטלי ס.פ,IT,רוטב לפסטה בזיליקום,גרמים,400.00,100 גרם,false,,14.90,0.0373,true,1,1018124
8076809523561,false,רוטב עגבניות עם עשבי תיבול 400 ג' ברילה,ברילה גי.אי.אר פרטלי ס.פ,IT,רוטב עגבניות ברילה 4,גרמים,400.00,100 גרם,false,,14.90,0.0373,true,1,1018131
8076809523738,false,דפי לזניה ברילה 500 גרם,ברילה גי.אי.אר פרטלי ס.פ,IT,לזניה ברילה 500 גרם,גרמים,500.00,100 גרם,false,,19.90,0.0398,true,1,1018134
8076809529419,false,ספגטי מחיטה מלאה מס' 5 500 ג' ברילה,ברילה גי. אי. אר פרט,IT,ספגטי חיטה מלאה בריל,גרמים,500.00,100 גרם,false,,12.90,0.0258,true,1,1018137
8076809529433,false,פסטה פנה ריגטה חיטה מלאה ברילה 500 גרם,"ש. שסטוביץ בע""\מ",IT,פסטה פנה ריגטה חיטה,גרמים,500.00,100 גרם,false,,12.90,0.0258,true,1,1018138
8076809545440,false,ספגטי 5 ברילה ללא גלוטן 400 גרם,ברילה ג'.אי.אר פרטלי,IT,ברילה איטריות ללא גל,גרמים,400.00,100 גרם,false,,14.90,0.0373,true,1,1263355
8076809545457,false,ברילה אטריות ללא גלוטן 400 ג' צינורות 400 ג',ברילה ג'.אי.אר פרטלי,IT,ברילה צינורות ללא גל,גרמים,400.00,100 גרם,false,,14.90,0.0373,true,1,1263356
8076809547956,false,ברילה - צ.ק קיפרי 500 גרם,ברילה ג'.אי.אר פרטלי,IT,ברילה צ.ק קיפרי 500,גרמים,500.00,100 גרם,false,,6.90,0.0138,true,1,6215599
8076809576352,false,ברילה לזניה ללא גלוטן 250 גרם,ברילה גי.אי.אר פרטלי,IT,ברילה לזניה ללא גלוט,גרמים,250.00,100 גרם,false,,19.90,0.0796,true,1,6301963
8121300206946,false,ממתיק סיטיביה טרוביה 80 שקיות אישיות,הרתסייד פוד,US,טרוביה סטיביה ממתיק,יח',1.00,יח',false,,19.90,19.9000,true,1,6111223
8121300207004,false,טרוביה - סטיביה ממתיק בצנצנת 270 גרם,קספרס פאקאגעהג,US,טרוביה סטיביה ממתיק,גרמים,270.00,100 גרם,false,,24.90,0.0922,true,1,6160588
8121300208780,false,טרוביה תחליף סוכר לכל מטרה 360 גרם,טרוביה Truvia,US,טרוביה תחליף סוכר 36,גרמים,360.00,100 גרם,false,,34.90,0.0969,true,1,6375233
8367383380467,false,קומקום נירוסטה צבעוני BT-8046 BENATON,,,קומקום נירוסטה צבעונ,יח',1.00,יח',false,,59.90,59.9000,true,1,6331414
8410076600622,false,חטיפי גרנולה קראנצ'י עם שוקולד מריר נייצ'ר ואלי 210 גרם,ג'נרל מילס סאן אדריאן,ES,חטיפי גרנולה קראנצ'י,גרמים,210.00,100 גרם,false,,14.90,0.0710,true,1,1028554
8410076610379,false,"חטיף בוטנים, חלבון סויה ושוקולד מריר עם ציפוי בטעם שוקולד",סריילטו ספיין פודס,ES,נייטשר ואלי פרוטאין,גרמים,160.00,100 גרם,false,,22.90,0.1431,true,1,1585591
8410076610386,false,נייטשר ואלי פרוטאין בוטנים עם ציפוי בטעם קרמל מלוח 160 ג',ג'\נרל מילס סאן אדריאן S,ES,נייטשר ואלי פרוטאין,גרמים,160.00,100 גרם,false,,22.90,0.1431,true,1,1585592
8410076610508,false,"חטיף שיבולת שועל מלאה עם בוטנים, שקדים ושוקולד מריר בציפוי בטעם שוקולד",נייצ'ר ואלי Nature Valley,ES,חטיף סוויט אנד סולטי,יח',1.00,יח',false,,14.90,14.9000,true,1,2212149
8410076621009,false,עוגות אישיות בטעם קרמל עם חתיכות בטעם קרמל מלוח,"גלאטס סירו בע""\מ",PT,פייבר 1 עוגות אישיות,גרמים,120.00,100 גרם,false,,14.90,0.1242,true,1,6262439
8410076621047,false,עוגות אישיות בטעם שוקולד עם חתיכות בטעם שוקולד,"גלאטס סירו בע""\מ",ES,פייבר 1 בראוניז שוקו,גרמים,120.00,100 גרם,false,,14.90,0.1242,true,1,6262440
8410104039134,false,"מנקה ומחדש מדיח כלים פיניש 250 מ""ל",הדקלאים אגודת שיתופי,PL,FINISH MACHINE CLEAN. 12x,מיליליטרים,250.00,"100 מ""ל",false,,14.90,0.0596,true,1,1036461
8410104044916,false,פיניש אבקה למדיח 2.7 לימון,רקיט בנקיזר,PL,Finish powder 2.7,קילוגרמים,2.70,"ק""ג",false,,39.90,14.7778,true,1,1036462
8410104045111,false,"פיניש מלח למדיח כלים 2ק""ג",רקיט בנקיזר,IL,Finish Salt 2kg,קילוגרמים,2.00,"ק""ג",false,,13.90,6.9500,true,1,6219255
8410104425906,false,שעווה חמה בניחוח יסמין,רקיט בנקיזר צרפת,FR,VEET WARM WAX 250ML (12UN,מיליליטרים,250.00,"100 מ""ל",false,,19.90,0.0796,true,1,1036470
8410104511340,false,ויט רצועות שעווה מוכנות לעור יבש 12 יחידות,רקיט בנקיזר צרפת,FR,Veet CWS Dry Skin Missoni,יח',12.00,יח',false,,19.90,1.6583,true,1,1036474
8410128785734,false,משקה סויה ויוה סוי בריסטה 1 ליטר.,קלידאד פסקואל,ES,ויוה סוי סויה בריסטה,מטרים,1000.00,100 מ'ל,false,,11.90,0.0119,true,1,6425249
8410376010701,false,"ביסקוויט ללת""ס גולון גלטה מריה 400 גר",תות תעשיות מזון (201,ES,גולון-ביסקוויט מרי ללא סו,גרמים,400.00,100 גרם,false,,17.90,0.0447,true,1,1042918
8410376017113,false,גולון סיבקוויט סנדוויץ שוקו 500 גר,גולון,ES,גולון סיבקוויט סנדוו,גרמים,500.00,100 גרם,false,,9.50,0.0190,true,1,5114973
8410376037784,false,גולון ביסקויט סנדויץ שוקו ללא סוכר 250ג,תות תעשיות מזון (201,ES,גולון-ביסקויט סנדביץ שוקו,גרמים,250.00,100 גרם,false,,13.90,0.0556,true,1,1042938
8410376037883,false,גוליאן עוגיות שוקו צפס ללא גלוטן 130 ג ו,תות תעשיות מזון (201,ES,גולון-שוקו' ציפס ללא סוכר,גרמים,130.00,100 גרם,false,,10.90,0.0838,true,1,1042939
8410644611210,false,יין קאווה איבריקה לבן חצי יבש Cava Iberica,טמפו ברקן 5%,ES,קאווה איבריקה לבן חצי יבש,מיליליטרים,750.00,"100 מ""ל",false,,29.90,0.0399,true,1,1017201
8411037800037,false,מר בראוני שוקו ציפס 200 גר,,,מר בראוני שוקו ציפס,גרמים,200.00,100 גרם,false,,9.90,0.0495,true,1,6355100
8411037884402,false,מר בראוני שוקו ציפס סוכריות 200 גר,,,מר בראוני שוקו ציפס,גרמים,200.00,100 גרם,false,,9.90,0.0495,true,1,6355101
8411037892308,false,מר בראוני בלונדי שוקו ציפס 200 גר,,,מר בראוני בלונדי שוק,גרמים,200.00,100 גרם,false,,9.90,0.0495,true,1,6355102
8411037892315,false,מר בראוני שוקולד קוקוס 200 גר,,,מר בראוני שוקולד קוק,גרמים,200.00,100 גרם,false,,9.90,0.0495,true,1,6355103
8411320234006,false,אורטיז נתחי טונה לבנה בשמן זית (פחית),אורטיז ORTIZ,ES,אורטיז נתחי טונה לבנ,גרמים,112.00,100 גרם,false,,18.90,0.1687,true,1,6432964
8412300801072,false,"קרם רב שימושי ניוואה 400 מ""ל",ביירסדורץ,DE,ניוואה קרם רב שימושי,מיליליטרים,400.00,"100 מ""ל",false,,27.90,0.0697,true,1,6229105
8412497473540,false,קערה עם קש-ספיידרמן,,,קערה עם קש-ספיידרמן,יח',1.00,יח',false,,6.00,6.0000,true,1,1050115
8412765491245,false,מצית קליפר,,,מצית קליפר,יחידה,0.00,יחידה,false,,4.90,0.0000,true,1,6443240
8420708012822,false,"גבינת קשקבל ספרדי, 200 גרם",מיוצר עי קונדיטוריית,ES,קשקבל בשלה 200 גר,גרמים,200.00,100 גרם,false,,21.80,0.1090,true,1,4366207
8420708018817,false,גב.מנצ'גו כבשים36% 150גר,האי נאם סי או אל.טי.,ES,מנצ'גו בשלה 150 גר,גרמים,150.00,100 גרם,false,,24.70,0.1647,true,1,4366210
8420822130600,false,"ספריי סופר מסיר שומנים 750מ""ל יעקבי",קה לורדה,ES,סופר מסיר שומנים 750,מטרים,750.00,100 מ'ל,false,,14.90,0.0199,true,1,6331785
8423207206488,false,סלים דליס חטיף דגנים מצופה שוקולד חלב מרבה 6*20 גרם,אף.סי תבליני בגליל ב,ES,סלים דליס חטיף דגנים,גרמים,120.00,100 גרם,false,,10.80,0.0900,true,1,1028049
8423207206495,false,סלים דליס חטיף דגנים מצופה שוקולד מריר מרבה 6*20 גרם,אף.סי תבליני בגליל ב,ES,סלים דליס חטיף דגנים,גרמים,120.00,100 גרם,false,,10.80,0.0900,true,1,1028050
8423207206501,false,סלים דליס חטיף דגנים עם שוקולד חלב מרבה 6*13 גרם,סלים דליס Slim Delis,ES,סלים דליס חטיף דגנים,גרמים,13.00,100 גרם,false,,10.80,0.8308,true,1,1028051
8423207207362,false,חטיפי סלים דליס שוקולד לבן מרבה 6 יחידות,ביסנצ'ורי אס.אל.יו,ES,מרבה סלים דליס מצופה,גרמים,120.00,100 גרם,false,,10.80,0.0900,true,1,1066334
8423207208680,false,חטיף דגנים שוקולד סלים דליס לילדים מרבה 6 יחידות,ביסנצ'ורי אס.אל.יו,ES,סלים דליס לילדים שוק,גרמים,78.00,100 גרם,false,,10.80,0.1385,true,1,1282688
8423207208703,false,חטיפי סלים דליס שוקולד מריר מרבה 6 יחידות,ביסנצ'ורי אס.אל.יו,ES,סלים דליס שוקולד מרי,גרמים,120.00,100 גרם,false,,10.80,0.0900,true,1,1282690
8423207208871,false,פריכיות תירס בטעם טבעי סלים דליס 130 גרם,סלים דליס Slim Delis,ES,פריכיות תירס בטעם טב,גרמים,130.00,100 גרם,false,,8.90,0.0685,true,1,1382938
8423207208895,false,פריכיות תירס בטעם זיתים ועירית סלים דליס 123 ג',סלים דליס Slim Delis,ES,פריכיות תירס בטעם זי,גרמים,123.00,100 גרם,false,,8.90,0.0724,true,1,1382940
8423207209885,false,מרבה חטיפי סלים דליס מהדורה מיוחדת שוקולד חלב,סלים דליס Slim Delis,ES,מרבה סלים דליס שוקול,גרמים,120.00,100 גרם,false,,10.80,0.0900,true,1,3927423
8423207210287,false,מרבה סלים דליס שוקולד לבן בטעם יוגורט 120 ג',סלים דליס Slim Delis,ES,מרבה סלים דליס שוקול,גרמים,120.00,100 גרם,false,,10.80,0.0900,true,1,5049298
8423207210928,false,חטיף דגנים מצופה שוקולד חלב ואגוזי לוז - 5 במארז,נוטרישן אנד סנטה קוב,ES,סלים דליס טופינג אגו,יח',1.00,יח',false,,10.80,10.8000,true,1,6247216
8423207210942,false,חטיף דגנים מצופה שוקולד לבן ופירות יער,נוטרישן אנד סנטה קוב,ES,סלים דליס טופינג פיר,יח',1.00,יח',false,,10.80,10.8000,true,1,6247217
8423207210966,false,חטיף רב דגנים מצופה שוקולד לבן קוקוס ולימון,נוטרישן אנד סנטה קוב,ES,סלים דליס טופינג קוק,יח',1.00,יח',false,,10.80,10.8000,true,1,6247218
8423207210980,false,סלים דליס טופינג קליפת תפוז 90 גרם,נוטרישן אנד סנטה קוב,ES,סלים דליס טופינג קלי,יח',1.00,יח',false,,10.90,10.9000,true,1,6247219
8425206000081,false,ריבת חלב מרדל 450 גרם,כלורוקס אוקלנד,ES,ריבת חלב מרדל,גרמים,450.00,100 גרם,false,,16.90,0.0376,true,1,1067070
8427030005010,false,תרכובת מזון על בסיס חלב A.R מלידה ואילך,אבוט מעבדות רפואיות,ES,SIMILAC SPIT-UP RELIEF 37,גרמים,375.00,100 גרם,false,,44.90,0.1197,true,1,1163856
8427030007281,false,סימילאק גולד קומפורט 1 תרכובת מזון על בסיס חלב,סימילאק Similac,ES,סימילאק קומפורט שלב,גרמים,820.00,100 גרם,false,,101.80,0.1241,true,1,6250426
8427030007298,false,סימילאק גולד קומפורט 2 תרכובת מזון על בסיס חלב,אבוט לבורטוריס ס.א.,ES,סימילאק קומפורט שלב,גרמים,820.00,100 גרם,false,,101.80,0.1241,true,1,6250427
8435495805106,false,"ביומט אבקת כביסה בניחוח רענן 5ק""ג",ליימן מותגים,DE,אבקת כביסה ביומט 5 ק,קילוגרמים,5.00,"ק""ג",false,,29.90,5.9800,true,1,3887649
8435495805168,false,"תינוקלין לכביסה לעור רגיש אולימפיק 1.25ק""ג",מולינו ניקולי s.p.a,PL,אבקת כביסה תינוקלין,קילוגרמים,1.25,"ק""ג",false,,21.90,17.5200,true,1,4473885
8435495805199,false,"אבקת כביסה תינוקלין שקית 3 ק""ג.",מולינו ניקולי s.p.a,TR,אבקת כביסה תינוקלין,קילוגרמים,3.00,"ק""ג",false,,39.90,13.3000,true,1,4587896
8435495807605,false,תינוקלין מרכך כביסה היפואלרגני מרוכז 1 ליטר,מולינו ניקולי s.p.a,TR,תינוקלין מרכך כביסה,יח',1.00,יח',false,,17.70,17.7000,true,1,5218403
8435495819363,false,תינוקלין מרכך כביסה היפואלרגני 1 ליטר,פרוקטר אנד גמבל,TR,תינוקלין מרכך כביסה,ליטרים,1.00,100 ליטר,false,,17.70,17.7000,true,1,6324733
8437004395092,false,מארז בדיקת הריון חמישה מקלונים תשובה כנה 1 יחידה,,,בדיקת הריון,יח',1.00,יח',false,,28.00,28.0000,true,1,1043475
8445290427120,false,דגני פיטנס Fitness שוקולד מריר ובננה,נסטלה צרפת איטנקורט,FR,פיטנס שוקולד מריר וב,גרמים,330.00,100 גרם,false,,19.90,0.0603,true,1,6407513
8451564842315,false,קליפס אובלי,,,קליפס אובלי,יח',1.00,יח',false,,8.30,8.3000,true,1,6373064
8541224140407,false,פלטה שבת 4 סירים BENATON BT-4040 400W,,,פלטה שבת 4 סירים BEN,יח',1.00,יח',false,,129.90,129.9000,true,1,6312629
8541224160603,false,פלטת שבת 6 סירים BENATON BT-6060,,,פלטת שבת 6 סירים BEN,יח',1.00,יח',false,,149.90,149.9000,true,1,6312630
8593868006014,false,בירה בלו מון פחית 50,"איי, בי, אינבוו",CZ,"פחית בלומון 500 מ""ל",מיליליטרים,500.00,"100 מ""ל",false,,10.90,0.0218,true,1,6278859
8680861069013,false,מסטיק קנגו בטעמים 24 גר',רומגה אינדוסטרי,TR,קנגו מסטיק בטעמים 24,גרמים,24.00,100 גרם,false,,1.30,0.0542,true,1,3416850
8681554607444,false,"סבון ידיים רויאל (500מ""ל) פנינה שחור",,,סבון ידיים רויאל (50,מיליליטרים,500.00,"100 מ""ל",false,,9.90,0.0198,true,1,6278761
8681554607451,false,"סבון ידיים רויאל (500מ""ל) פנינה חום דבש",,,סבון ידיים רויאל (50,מיליליטרים,500.00,"100 מ""ל",false,,9.90,0.0198,true,1,6278762
8681554607468,false,סבון ידיים רויאל כחול,,,סבון ידיים רויאל כחו,מיליליטרים,500.00,"100 מ""ל",false,,9.90,0.0198,true,1,6323371
8681554607475,false,סבון ידיים רויאל ירוק,,,סבון ידיים רויאל ירו,מיליליטרים,500.00,"100 מ""ל",false,,9.90,0.0198,true,1,6323372
8681554607482,false,סבון ידיים רויאל אדום,,,סבון ידיים רויאל אדו,מיליליטרים,500.00,"100 מ""ל",false,,9.90,0.0198,true,1,6323373
8681692200071,false,מייפוד כבש 15 קג לכלבים,,,מייפוד כבש 15 קג לכל,יח',1.00,יח',false,,119.90,119.9000,true,1,6379005
8681863065324,false,מלח ים עם רוזמרין וילי פוד 200 גר,גידה,TR,מלח ים עם רוזמרין 22,גרמים,220.00,100 גרם,false,,24.70,0.1123,true,1,6378873
8683130025574,false,"מרכך כביסה מרוכז אקסטרה לבנדר בדין 960 מ""ל",יבוא ושיווק: יוניליוור י,TR,בדין אקסטרא לבנדר 96,מטרים,960.00,100 מ'ל,false,,15.90,0.0166,true,1,6397012
8683130025581,false,"מרכך כביסה מרוכז אקסטרה ענבר בדין 960 מ""ל",יבוא ושיווק: יוניליוור י,TR,בדין אקסטרא ענבר 960,מטרים,960.00,100 מ'ל,false,,15.90,0.0166,true,1,6397013
8683323063024,false,יוגטה שטיחים בטעם תותי פרוטי 220 גרם,ליימן מותגים,TR,יוגטה שטיחים תותי פר,גרמים,220.00,100 גרם,false,,5.90,0.0268,true,1,2341948
8690504081913,false,מקוויטיס טינס מצופה שוקולד חלב 150 גרם,שוורצקוף& הנקל דיסלד,TR,טינס מצופה שוקולד חל,גרמים,150.00,100 גרם,false,,9.90,0.0660,true,1,4301258
8690504081920,false,מקוויטיס טינס מצופה שוקולד מריר 150 גרם,"אולקר ביסקווי סנאי, א.ס.",TR,טינס מצופה שוקולד מר,גרמים,150.00,100 גרם,false,,9.90,0.0660,true,1,4301219
8690504081937,false,מקוויטיס טינס שוקולד חלב וקפוצינו 150 גר,שוורצקוף& הנקל דיסלד,TR,טינס שוקולד חלב וקפו,גרמים,150.00,100 גרם,false,,9.90,0.0660,true,1,4301259
8690504153740,false,גודייבה שוקולד מריר במילוי קרם גנאש 86 גרם,ביסקוט ביסקווי סילבר,TR,טבלת שוקולד מריר גנא,גרמים,86.00,100 גרם,false,,13.90,0.1616,true,1,4746842
8690526009353,false,אי טי אי - מיני חטיף בוטנים נוגט קרמל מצופה שוקולד חלב 140 גרם,"GIDA ETI , טורקיה n\",TR,מיני חטיף בוטנים נוג,גרמים,126.00,100 גרם,false,,7.90,0.0627,true,1,6217616
8690526016207,false,אי טי אי - מיני עוגה מצופה במילוי קרמל 144 גרם,גורי,TR,מיני עוגה מצופה במיל,גרמים,144.00,100 גרם,false,,7.90,0.0549,true,1,6324452
8690526029207,false,אי טי אי - מארז חמישייה וופל במילוי קרם קקאו וחתיכות בוטנים 145 גרם,אתי גידה סאנאי וה טיק .A,TR,חמישיית וופל במילוי,גרמים,145.00,100 גרם,false,,7.90,0.0545,true,1,6324456
8690526039190,false,אי טי אי - מארז חמישייה וופל במילוי קרם אגוזים וחתיכות בוטנים 145 גרם,אתי גידה סאנאי וה טיק .A,TR,חמישיית וופל במילוי,גרמים,145.00,100 גרם,false,,7.90,0.0545,true,1,6324458
8690526049335,false,אי טי אי - שוקולד חלב עם פיסטוק 90 גרם,,,שוקולד חלב עם פיסטוק,גרמים,63.00,100 גרם,false,,3.90,0.0619,true,1,6324460
8690572778326,false,פה ד.ספרי אנטיפרספינט 200 מל 1/12,שוורצקופף והנקל,DE,דאו פה ספריי 200 צך,מיליליטרים,200.00,"100 מ""ל",false,,9.90,0.0495,true,1,2611768
8690572799482,false,"סאיוס מרכך לשיער גלי ומתולתל 500 מ""ל","הובי קוסמטיק, אנקרה, תור",TR,סאיוס מרכך קרטין 500,מיליליטרים,500.00,"100 מ""ל",false,,11.90,0.0238,true,1,6287997
8690572799499,false,"סאיוס - מרכך אולאו 500 מ""ל",הובי קוסמטיק,TR,סאיוס מרכך אולאו 500,מיליליטרים,500.00,"100 מ""ל",false,,11.90,0.0238,true,1,6287962
8690572799512,false,"מרכך לחיזוק שורשי סיב השערה סאיוס 500מ""ל","הובי קוסמטיק, אנקרה, תור",TR,סאיוס מרכך תלתלים 50,מיליליטרים,500.00,"100 מ""ל",false,,11.90,0.0238,true,1,6287963
8690572799536,false,"סאיוס שמפו שמני הזנה 500 מ""ל","הובי קוסמטיק, אנקרה, תור",TR,סאיוס שמפו אולאו 500,מיליליטרים,500.00,"100 מ""ל",false,,11.90,0.0238,true,1,6288000
8690572799543,false,סאיוס שמפו לחיזוק שורשי סיב השערה 500 מל,"הובי קוסמטיק, אנקרה, תור",TR,סאיוס שמפו לחיזוק הש,מיליליטרים,500.00,"100 מ""ל",false,,11.90,0.0238,true,1,6288001
8690572799550,false,"סאיוס שמפו לשיער גלי ומתולתל 500 מ""ל",הובי קוסמטיק,TR,סאיוס שמפו תלתלים 50,מיליליטרים,500.00,"100 מ""ל",false,,11.90,0.0238,true,1,6287964
8690637073373,false,תה שחור ברגמוט ארל גריי ליפטון 25 יחידות,יונילוור - תורכיה,TR,ליפטון תה ארל גריי 2,גרמים,50.00,100 גרם,false,,7.90,0.1580,true,1,1022348
8690637504426,false,"קרם ניקוי סיף בניחוח לימון 500 מ""ל",יוניליוור סנאיי וי טיקאר,TR,פנטסטיק סיף קרם ניקו,מטרים,500.00,100 מ'ל,false,,10.90,0.0218,true,1,6331784
8690637505614,false,"מרכך כביסה בדין אקסטרה פינוק קוקוס 960 מ""ל",יוניליוור סנאיי וי טיקאר,TR,בדין אקסטרא בניחוח פ,מטרים,960.00,100 מ'ל,false,,15.90,0.0166,true,1,6309699
8690637506956,false,"דאב - שמפו למניעת קשקשים 600 מ""ל",יוניליוור סנאי ווי טיקאר,TR,דאב שמפו למניעת קשקש,מטרים,600.00,100 מ'ל,false,,15.90,0.0265,true,1,6408449
8690637555084,false,"מרכך כביסה מרוכז אקסטרה פריחת התפוז בדין 960 מ""ל",יוניליוור סנאיי וי טיקאר,TR,בדין אקסטרא מרוכז תפ,מיליליטרים,960.00,"100 מ""ל",false,,15.90,0.0166,true,1,1022365
8690637704277,false,"שמפו ומרכך לשיער רגיל 600 מ""ל דאב",יונילוור - תורכיה,TR,דאב שמפו יום יומי 2,מיליליטרים,600.00,"100 מ""ל",false,,16.90,0.0282,true,1,1160237
8690637704291,false,שמפו לשיקום אינטנסיבי לשיער פגום,יוניליוור טורקיה. אז,TR,"דאב שמפו משקם 600 מ""",מיליליטרים,600.00,"100 מ""ל",false,,16.90,0.0282,true,1,1160238
8690637704376,false,"שמפו לטיפוח יום יומי דאב 600 מ""ל",יוניליוור סנאיי וי טיקאר,TR,דאב שמפו יום יומי 60,מיליליטרים,600.00,"100 מ""ל",false,,16.90,0.0282,true,1,1160239
8690637704390,false,"מרכך שיער לטיפוח יום יומי דאב 600 מ""ל",יוניליוור טורקיה. אז,TR,דאב מרכך יום יומי 60,מיליליטרים,600.00,"100 מ""ל",false,,16.90,0.0282,true,1,1160240
8690637704413,false,מרכך לשיקום אינטנסיבי לשיער פגום,יוניליוור טורקיה. אז,TR,"דאב מרכך משקם 600 מ""",מיליליטרים,600.00,"100 מ""ל",false,,16.90,0.0282,true,1,1160241
8690637704437,false,שמפו עם שמני הזנה לטיפוח לשיער יבש,יוניליוור סנאיי וי טיקאר,TR,דאב שמפו שמני הזנה 6,מיליליטרים,600.00,"100 מ""ל",false,,16.90,0.0282,true,1,1160242
8690637704451,false,מרכך עם שמני הזנה לטיפוח לשיער יבש,יוניליוור טורקיה. אז,TR,דאב מרכך שמני הזנה 6,מיליליטרים,600.00,"100 מ""ל",false,,16.90,0.0282,true,1,1160243
8690637842399,false,מאגדת מגנום מיני דאבל פרי יער שוקולד 6 יח' נסטלה,יוניליוור סנאי וי סי,TR,מיני מגנום דאבל פירו,גרמים,47.00,100 גרם,false,,24.90,0.5298,true,1,4219459
8690637866654,false,תה ירוק קלאסי ליפטון 50 שקיקים 75ג',יוניליוור מזון,TR,ליפטון תה ירוק 50 יח,יח',1.00,יח',false,,24.90,24.9000,true,1,5075547
8690637871047,false,דאב שמפו בתוספת שמן קוקוס וכורכום 600 מל,יוניליוור סנאיי וי טיקאר,TR,דאב שמפו קוקוס וכורכ,מיליליטרים,600.00,"100 מ""ל",false,,16.90,0.0282,true,1,5049148
8690637890666,false,מאגדת מגנום מיני דאבל פיסטוק 6 יח' שטראוס,יוניליוור סנאיי וי ט,TR,מגנום דאבל פיסטוק מא,גרמים,282.00,100 גרם,false,,24.90,0.0883,true,1,5422246
8690637916977,false,מרכך עם שמן קוקוס וכורכום למראה שיער משוקם,יוניליוור סנאיי וי טיקאר,TR,דאב מרכך שמן קוקוס 6,יח',1.00,יח',false,,16.90,16.9000,true,1,5708534
8690637946318,false,"מרכך כביסה בדין מרוכז אקסטרה בייבי טלק 960 מ""ל",יוניליוור סנאיי וי טיקאר,TR,בדין אקסטרא צהוב ביי,יח',1.00,יח',false,,15.90,15.9000,true,1,6227382
8690637971310,false,"מרכך כביסה מרוכז אקסטרה בניחוח יערת הדבש בדין 960 מ""ל",יוניליוור סנאיי וי טיקאר,TR,בדין אקסטרה ניחוח יע,יח',1.00,יח',false,,15.90,15.9000,true,1,6261727
8690637989612,false,שלגון שמנת בטעם וניל עם ריפל בטעם שוקולד 246 גרם,יונילוור סנאיי וי טיג'\,TR,מגנום מיני דולצ'ה גו,גרמים,282.00,100 גרם,false,,24.90,0.0883,true,1,6290721
8690637994029,false,מרכך כביסה אקסטרה סחלבים 1.44 ל' בדין,יוניליוור סנאיי וי טיקאר,TR,בדין אקסטרה כחול ניח,ליטרים,1.44,ליטר,false,,21.90,15.2083,true,1,6281586
8690637994036,false,מרכך כביסה אקסטרה יסמין 1.44 ל' בדין,יוניליוור סנאיי וי טיקאר,TR,בדין אקסטרה כחול ניח,ליטרים,1.44,ליטר,false,,21.90,15.2083,true,1,6281587
8690710009435,false,חלבה קקאו 200 גרם,,,חלבה שוקו 200 גר,גרמים,200.00,100 גרם,false,,8.90,0.0445,true,1,6330647
8690766156367,false,גודייבה שוקולד חלב מעולה 90 גרם,"אולקר מקבוצת פלאדיס,",TR,גודייבה שוקולד חלב מ,גרמים,90.00,100 גרם,false,,14.90,0.1656,true,1,6153363
8690766156374,false,גודייבה שוקולד מריר מעולה 72% מוצקי קקאו 72גרם,"אולקר מקבוצת פלאדיס,",TR,גודייבה שוקולד מריר,גרמים,90.00,100 גרם,false,,14.90,0.1656,true,1,6153364
8690766156381,false,גודייבה שוקולד מריר 90% מוצקי קקאו 90 גרם,"אולקר מקבוצת פלאדיס,",TR,גודייבה שוקולד מריר,גרמים,90.00,100 גרם,false,,14.90,0.1656,true,1,6153365
8690777203012,false,פלפלים ירוקים כבושים לא חריפים סרה ויליפוד 600 גרם,יוליניבר,TR,פלפלים ירוקים כבושים,גרמים,600.00,100 גרם,false,,12.90,0.0215,true,1,1027097
8690777204071,false,פלפלים כבושים חריפים סרה 320 גרם,יוליניבר,TR,פלפלים כבושים חריפים,גרמים,320.00,100 גרם,false,,12.90,0.0403,true,1,1027098
8690777206051,false,חציל קלוי על האש סרה ויליפוד 650 גרם,קוראהן פזלרמה וי דיס,TR,חציל קלוי על האש סרה,גרמים,650.00,100 גרם,false,,12.90,0.0198,true,1,1027100
8690777221405,false,פלפל אדום קלוי סרה ויליפוד 650 גרם,קוראהן פזלרמה וי דיס,TR,פלפלים אדומים קלויים,גרמים,400.00,100 גרם,false,,12.90,0.0323,true,1,1027102
8690784516440,false,דאק נוזל לניקוי מתקדם בניחוח לבנדה בודד 750מל,"אס.סי.ג'\ונסון מידרכט, ה",NL,דאק ג'ל נוזל לבנדר-ח,מיליליטרים,750.00,"100 מ""ל",false,,8.90,0.0119,true,1,3639345
8690784614665,false,דאק כדוריות ניקוי אסלה בניחוח ים,דאופלור אס.פי.אי כונ,PL,דאק סבון ניקוי אסלה,יח',1.00,יח',false,,8.90,8.9000,true,1,4734262
8690784616775,false,סבון מוצק לאסלה דאק אקווה בלו 4 ב-1 80 ג,טואלט דאק (ג'ונסון),RS,דאק סבון מוצק אקווה,2 יח',1.00,2 יח',false,,7.90,7.9000,true,1,5218404
8690784711777,false,דאק סבון אקטיבי בתוספת אקונומיקה מקציפה בניחוח ים,דאופלור אס.פי.אי כונ,PL,דאק סבון ניקוי אסלה,יח',1.00,יח',false,,6.90,6.9000,true,1,5682841
8693374264042,false,"אורז בסמטי 5 ק""ג",,,"אורז בסמטי 5 ק""ג",קילוגרמים,5.00,"10 ק""ג",false,,29.90,5.9800,true,1,6327342
8693495037853,false,זוג מברשות שיניים קולגייט סלים סופט זהב,הנסיך- מפעל לייצור ט,CN,מברשת שיניים סלים סו,2 יח',1.00,2 יח',false,,19.90,19.9000,true,1,1018155
8693495041461,false,קולגייט זוג מברשות שיניים סלים סופט פחם,הנסיך- מפעל לייצור ט,CN,מברשת קולגייט סלים ס,2 יח',1.00,2 יח',false,,19.90,19.9000,true,1,1105742
8693495051002,false,קולגייט מברשת שיניים מיניונים 6+ לילדים,קולגייט פלמוליב,CN,קולגייט מברשת ילדים,יח',1.00,יח',false,,9.90,9.9000,true,1,3303387
8693495052931,false,זוג מברשות שיניים אדוונסט 360 לניקוי כל חלל הפה,קולגייט פלמוליב,CN,קולגייט זוג מברשות 3,יח',1.00,יח',false,,29.80,29.8000,true,1,5688649
8694686405857,false,מיטו מזון לחתול 1 קג,,TR,מיטו מזון לחתול 1 קג,יח',1.00,יח',false,,19.90,19.9000,true,1,6232030
8696486406416,false,"מיצ'ו חתולים 3 ק""ג",נסטלה פורינה USA מק,US,מיצ'ו חתולים 3קג,יח',1.00,יח',false,,69.90,69.9000,true,1,6297446
8697418280333,false,שערות קדאיף מיובשות 500 גרם,פרינסיס און וה אונלו,TR,שערות קדאיף יבשות 50,גרמים,500.00,100 גרם,false,,19.90,0.0398,true,1,6151233
8697826469092,false,טורטיה קטנה שקדיה 540 גרם 12 יחידות,דין שיווק,TR,טורטיות קטנה 8 יח 54,גרמים,540.00,100 גרם,false,,9.90,0.0183,true,1,1014901
8697924596508,false,חיתולים בייבי סופרים ניו בייבי רמילוי,,,חיתולים בייבי סופרים,יח',1.00,יח',false,,19.90,19.9000,true,1,6246248
8698782712567,false,"מגב חד להב 45 ס""מ יח",,IL,מגב חד להב,יח',1.00,יח',false,,19.90,19.9000,true,1,5893345
8698996006483,false,ממחטות אף דו שכבתיות רמילוי,,,ממחטות אף דו שכבתיות,יח',1.00,יח',false,,18.90,18.9000,true,1,6287280
8699250030404,false,"זיתים שחורים יבשים במלח 1.5 ק""ג",מסטוי גידה איבס,TR,זית שחור יבש 1.5 קג,גרמים,1500.00,100 גרם,false,,29.90,0.0199,true,1,3594292
8710103874119,false,אוונט פיליפס פטמה נטורל 2,,,אוונט נטורל פטמת 2 ד,יחידה,0.00,יחידה,false,,39.90,0.0000,true,1,6399733
8710103876342,false,אוונט בקבוק נטורל 2 330 מל,פיליפס אוונט,GB,אוונט בקבוק נטורל 33,יחידה,1.00,יחידה,false,,39.90,39.9000,true,1,6399739
8710103949176,false,אוונט מוצץ 0-6 ULTRA AIR כחול צהוב HAPPY,פיליפס אוונט,NL,אוונט זוג מוצצי אייר,יחידה,2.00,יחידה,false,,39.90,19.9500,true,1,6399740
8710103949206,false,אוונט מוצץ 0-6 אולטרה אייר בנות הפי,כמיפל,NL,אוונט מוצצי אייר קול,יחידה,2.00,יחידה,false,,39.90,19.9500,true,1,6399741
8710103949398,false,אוונט זוג מוצצי אייר קול 6-18 בנים,פיליפס אוונט,NL,אוונט זוג מוצצי אייר,יחידה,2.00,יחידה,false,,39.90,19.9500,true,1,6399745
8710428005755,false,תרכובת מזון לתינוקות על בסיס חלבון סויה איזומיל שלב 1,"אבוט מעבדות רפואיות בע""מ",NL,SIMILAC ISOMIL NG 400GR,גרמים,400.00,100 גרם,false,,39.80,0.0995,true,1,1026795
8710428005762,false,תרכובת מזון לתינוקות על בסיס חלבון סויה איזומיל טף שלב 2,"אבוט מעבדות רפואיות בע""מ",NL,SIMILAC ISOMIL TAF NG 400,גרמים,400.00,100 גרם,false,,39.80,0.0995,true,1,1026796
8710428017000,false,פדיאשור השלמה תזונתית בטעם וניל 850 גרם,General,NL,סימילאק פדיאשור וניל,גרמים,850.00,100 גרם,false,,79.80,0.0939,true,1,6249821
8710428017024,false,פדיאשור השלמה תזונתית בטעם שוקולד 850 גר,General,NL,סימילאק פדיאשור שוקו,גרמים,850.00,100 גרם,false,,79.80,0.0939,true,1,6251673
8710447275306,false,דאב קרם ידיים שמן אבוקדו ותמצית קלנדולה,"יוניליוור פולין, רחוב קר",PL,דאב קרם ידיים שמן אב,יח',1.00,יח',false,,8.90,8.9000,true,1,5464178
8710502064814,false,עוגיות מרבה שוקולד ציפס במרקם רך 175 גר,בנקטבקריי מרבה בי.וי,NL,עוגיית שוקולד ציפס ב,גרמים,175.00,100 גרם,false,,9.80,0.0560,true,1,1206519
8710502139017,false,עוגיות מרבה טריפל שוקולד שוקוצ'יפס 180ג',בנקטבקריי מרבה בי.וי,NL,עוגיות טריפל שוקולד,גרמים,180.00,100 גרם,false,,9.80,0.0544,true,1,1028056
8710502194801,false,"עוגיות שוקלד ציפס רכה פירות יער ""מרבה"" 175 גרם",בנקטבקריי מרבה בי.וי,NL,מרבה עוגיות שוקולד צ,גרמים,175.00,100 גרם,false,,9.80,0.0560,true,1,1765268
8710502260032,false,מרבה עוגיות שוקוצ'יפס 150גרם,בנקטבקריי מרבה בי.וי,NL,עוגיות שוקולד צ'יפס,גרמים,150.00,100 גרם,false,,4.90,0.0327,true,1,1028062
8710502279010,false,מרבה עוגיות שוקולד צ'יפס מצופות שוקולד 175 גרם,"י.מרבה ישראל בע""מ",NL,מרבה עוגיות שוקולד צ,גרמים,175.00,100 גרם,false,,9.80,0.0560,true,1,6274038
8710502405204,false,עוגיות שוקולד צ'יפס עם קרם שוקולד מרבה 175 גרם,קריניציה ויטמינה אס,NL,עוגיות שוקולד צ'יפס,גרמים,175.00,100 גרם,false,,9.80,0.0560,true,1,1028063
8710502470028,false,עוגיות שוקולד צ'יפס ממולאות בקרם נוגט,קריניציה ויטמינה אס,NL,עוגיות נוגטלי מרבה 1,גרמים,160.00,100 גרם,false,,9.80,0.0613,true,1,1028065
8710552274614,false,שמפו קצף לנ.שטיחים וניש קליה גולד 600 מל,קליה וניש Kalia Vanish,GB,וניש קליה גולד לשטיח,מיליליטרים,600.00,"100 מ""ל",false,,22.90,0.0382,true,1,4797437
8710625551505,false,ליקר קאנטרי ליין 700 מל,,,ליקר קאנטרי ליין 700,מטרים,700.00,100 מ'ל,false,,49.90,0.0713,true,1,6344944
8710847942679,false,טרזמה שמפו לשיער יבש בתוספת שמן המפ,יוניליוור,PL,טרזמה שמפו שמן הביסק,מטרים,400.00,100 מ'ל,false,,14.90,0.0373,true,1,6309700
8711000362617,false,לור קפסולות קפה אספרסו לונגו פרופונדו 8,ג'\קובס דאו אגברטס צרפת,FR,לור קפסולות קפה אספר,גרמים,52.00,100 גרם,false,,16.80,0.3231,true,1,5051769
8711000362679,false,קפסולות קפה תואמות נספרסו קולומביה 8 ל'אור 10 יחידות,ג'\ייקובס דאו אגרבטס צרפ,FR,לור קפסולות אספרסו ק,יח',1.00,יח',false,,16.80,16.8000,true,1,5674600
8711000371176,false,ג'ייקובס קפסולות קפה אספרסו קלאסיקו עוצמה 7,ג'ייקובס דאו אגברטס צרפת,FR,ג'ייקובס קפסולות קפה,גרמים,52.00,100 גרם,false,,14.80,0.2846,true,1,5218399
8711000371183,false,ג'ייקובס קפסולות קפה אספרסו אינטסו עוצמה 10,ג'ייקובס דאו אגברטס צרפת,FR,ג'ייקובס קפסולות קפה,גרמים,52.00,100 גרם,false,,14.80,0.2846,true,1,5218400
8711000371244,false,"ג'ייקובס קפסולות אספרסו (8) 10 יח', 52ג' לונגו",ג'\ייקובס דאו אגברטס,FR,ג'ייקובס קפסולות אספ,יח',1.00,יח',false,,14.80,14.8000,true,1,6130808
8711000397466,false,לור קפסולות קפה אספרסו נטול קפאית ריסטרטו 52 גרם,ג'ייקובס דאו אגברטס צרפת,FR,לור קפסולות אספרסו נ,גרמים,52.00,100 גרם,false,,16.80,0.3231,true,1,5288700
8711000472040,false,קפסולות קפה אספרסו סלקשיין גייקובס 52 גר,ג'ייקובס Jacobs,FR,ג'ייקובס קפסולות קפה,גרמים,52.00,100 גרם,false,,14.80,0.2846,true,1,6307620
8711000495933,false,ג'ייקובס בריסטה קפסולות קלייה כהה 10,JDE,FR,ג'ייקובס בריסטה קפסו,גרמים,52.00,100 גרם,false,,16.80,0.3231,true,1,6430620
8711327475762,false,מגנום פיינט שוקולד לבן עוגיות 260 גרם,"מפעל גלידות בווספרם, רחו",HU,מגנום פיינט שוקולד ל,גרמים,325.00,100 גרם,false,,19.90,0.0612,true,1,6273641
8712000051099,false,"שישיית בירה היינקן 0% אלכוהל בקבוק 330 מ""ל","מבשלת היינקן, ריטבלדנברג",NL,היינקן מארז שישייה 0,ליטרים,1.98,ליטר,false,,29.90,15.1010,true,1,5609240
8712400718073,false,נוטרילון A.R תרכובת מזון מגיל לידה,נוטרישה-נוטרילון,NL,נוטרילון 400 גרם,גרמים,400.00,100 גרם,false,,46.90,0.1172,true,1,3375722
8712400802499,false,תרכובת מזון המשך לפעוטות על בסיס חלב שלב 1,נוטרישיה קאלק ב. ו.,NL,נוטרילון 1- 800 גרם,גרמים,800.00,100 גרם,false,,59.90,0.0749,true,1,1028068
8712400802512,false,תרכובת מזון המשך לפעוטות על בסיס חלב שלב 2,נוטרישיה קאלק ב. ו.,NL,נוטרילון 2- 800 גרם,גרמים,800.00,100 גרם,false,,59.90,0.0749,true,1,1028070
8712400802536,false,תרכובת מזון המשך לפעוטות על בסיס חלב שלב 3,נוטרישיה קאלק ב. ו.,NL,נוטרילון 3- 800 גרם,גרמים,800.00,100 גרם,false,,59.90,0.0749,true,1,1028072
8714599410806,false,ג'ייקובס קרוננג מיובש בהקפאה 160 גרם סגירה חוזרת,ג'ייקובס Jacobs,RU,גייקובס קרוננג שקית,יח',1.00,יח',false,,17.90,17.9000,true,1,5403200
8714599513781,false,"קפה נמס מיובש בהקפאה זהב צנצנת ג'ייקובס 200 גרם לל""ס",אל.אל. סי ג''יקובס דאו א,RU,ג'יקובס קרנט זהב 200 גרם,גרמים,200.00,100 גרם,false,,24.90,0.1245,true,1,1302932
8714599513835,false,גי'קובס קרונונג נייט אנד דיי - נטול קופיאין,ג'ייקובס Jacobs,DE,ג'יקובס קרוננג נייט אנד ד,גרמים,200.00,100 גרם,false,,32.90,0.1645,true,1,1736056
8714599513866,false,"קפה נמס מיובש בהקפאה קרונג צנצנת ג'ייקובס 200 גרם לל""ס",אל.אל.סי גייקובס דאו,DE,ג'יקובס קרונונג 200 גרם,גרמים,200.00,100 גרם,false,,24.90,0.1245,true,1,1302933
8714789177229,false,רבעיית מברשות שיניים קולגייט אקסטרה קלין 1 יחידה,הנסיך- מפעל לייצור ט,CN,מברשת שיניים אקסטרה,יח',4.00,יח',false,,9.90,2.4750,true,1,1018166
8714789218465,false,מברשת שיניים 360 סופט קולגייט 2 יחידות,הנסיך- מפעל לייצור ט,CN,מברשת שיניים 360 סופ,יח',2.00,יח',false,,24.90,12.4500,true,1,1018171
8714789303925,false,מברשת שיניים 360 סנסטיב רכה במיוחד קולגייט 2 יחידות,קולגייט- פלמוליב,CH,מברשת שיניים 360 סנס,יח',2.00,יח',false,,24.90,12.4500,true,1,1018178
8714789402918,false,נוזל לניקוי כללי ורצפות בניחוח פרחי בר אג'קס 1.5 ליטר,הנסיך- מפעל לייצור ט,GR,נוזל לניקוי כללי ורצ,ליטרים,1.50,ליטר,false,,19.90,13.2667,true,1,1018184
8714789402932,false,נוזל לניקוי כללי ורצפות בניחוח ורדי בוקר אג'קס 1.5 ליטר,הנסיך- מפעל לייצור ט,GR,נוזל לניקוי כללי ורצ,ליטרים,1.50,ליטר,false,,19.90,13.2667,true,1,1018185
8714789450315,false,פלמוליב נוזל כלים לימון 1.5 ליטר,הנסיך- מפעל לייצור ט,GR,פלמוליב שקוף לימון 1,ליטרים,1.50,ליטר,false,,15.90,10.6000,true,1,1018188
8714789529561,false,"משחת שיניים סנסטיב פרו ריליף להלבנה קולגייט 75 מ""ל",קולגייט-פלמוליב,BR,משחת שיניים סנסטיב פ,מטרים,75.00,100 מ'ל,false,,17.90,0.2387,true,1,1018202
8714789582764,false,אג'קס ספריי לניקוי חלונות ומשטחים,קולגייט-פלמוליב,GR,"אגקס טריגרם 750 מ""ל",מיליליטרים,750.00,"100 מ""ל",false,,14.90,0.0199,true,1,1125181
8714789740058,false,מברשת שיניים טוויסטר סופט קולגייט 2 יחידות,הנסיך- מפעל לייצור ט,CN,מברשת שיניים טוויסטר,יח',2.00,יח',false,,17.90,8.9500,true,1,1018215
8714789797786,false,"פלמוליב נוזל לניקוי כלים גריז בלסטר 750 מ""ל",יבואן ומשווק: ש. שסט,GR,פלמוליב נוזל לניקוי,מיליליטרים,750.00,"100 מ""ל",false,,11.90,0.0159,true,1,1018218
8714789831275,false,מברשת שיניים 360 אופטיק ווייט קולגייט 2 יחידות,קולגייט-פלמוליב,CN,מברשת שיניים 360 אופ,יח',2.00,יח',false,,24.90,12.4500,true,1,1018223
8714789834467,false,פלמוליב נוזל לניקוי כלים קלאסי 1.5 ליטר,קולגייט-פלמוליב,GR,פלמוליב נוזל לניקוי,ליטרים,1.50,ליטר,false,,15.90,10.6000,true,1,1018224
8714789930848,false,"משחת שיניים אופטיק וייט הלבנה מיידית קולגייט 75 מ""ל",הנסיך- מפעל לייצור ט,PL,משחת שיניים אופטיק ו,מטרים,75.00,100 מ'ל,false,,14.90,0.1987,true,1,1113636
8715700110141,false,מיונז קרמי היינץ צנצנת 460ג',ה.י.היינץ הולדינג בי.וי,NL,ממרח היינץ צנצנת 460,גרמים,460.00,100 גרם,false,,9.90,0.0215,true,1,3600178
8715700110158,false,היינץ ממרח במרקם קרמי צנצנת 490 גרם,ה.י.היינץ הולדינג בי.וי,NL,ממרח לייט היינץ 490,גרמים,490.00,100 גרם,false,,9.90,0.0202,true,1,3600105
8715700115641,false,ממרח מיונז לחיץ לייט במרקם קרמי 420 ג' היינץ,"פודליצקי ספ.ז.או.או,.",PL,היינץ ממרח קרמי 420,גרמים,420.00,100 גרם,false,,14.90,0.0355,true,1,3143816
8715700117805,false,"קטשופ היינץ מתבל עגבניות ללא תוספת סוכר ומלח 425 מ""ל","ה.י היינץ הולדינג בי.וי,",NL,היינץ מתבל עגבניות ל,גרמים,425.00,100 גרם,false,,9.90,0.0233,true,1,6201109
8715700120874,false,מתבל עגבניות היינץ בתוספת שום,ה.י.היינץ הולדינג בי.וי,NL,היינץ קטשופ שום 460,גרמים,460.00,100 גרם,false,,9.90,0.0215,true,1,6313020
8715700419718,false,מתבל עגבניות היינץ 910 גרם,ה.י. היינץ,NL,קטשופ היינץ 910 גרם,גרמים,910.00,100 גרם,false,,11.90,0.0131,true,1,1192780
8715700422473,false,ממרח לכריכים וסלטים ללא ח. משמרים היינץ 395 גרם,ה.י. היינץ,NL,ממרח ספריד היינץ 395,גרמים,100.00,100 גרם,false,,14.90,0.1490,true,1,2370286
8715700423906,false,היינץ מתבל עגבניות מופחת סוכר ומלח 50/50 550 גרם,היינץ צפון אמריקה מק,NL,היינץ מתבל עגבניות 5,גרמים,555.00,100 גרם,false,,9.90,0.0178,true,1,4054785
8717163648667,false,"אקס ג'ל רחצה לגבר אייס צ'יל 400 מ""ל",יוניליוור גרמניה (בו,GB,אקס ג'ל רחצה אייס לג,מיליליטרים,400.00,"100 מ""ל",false,,9.90,0.0248,true,1,5427383
8717163655764,false,"רקסונה - דאודורנט ספריי לאישה שוואר פרש 150 מ""ל","קוסטר אירוסול, גבזה 4140",GB,רקסונה דאודורנט ספרי,מיליליטרים,150.00,"100 מ""ל",false,,9.90,0.0660,true,1,6111170
8717163655825,false,"רקסונה דאו' ספריי לנשים בניחוח כותנה, 150 מ""ל","קוסטר אירוסול, גבזה 4140",GB,רקסונה דאודורנט ספרי,מיליליטרים,150.00,"100 מ""ל",false,,9.90,0.0660,true,1,6111171
8717163714850,false,"דאו דאב ספריי קוקוס ויסמין 150 מ""ל","קוסטר אירוסול, גבזה 4140",TR,דאב ספריי קוקוס 150,מטרים,150.00,100 מ'ל,false,,14.90,0.0993,true,1,5708538
8717677336593,false,שוקולד חלב טוניס' שוקולונלי 180 גרם,טוניס/שוקולונלי,NL,שוקולד טוניס שוקולונ,גרמים,180.00,100 גרם,false,,17.90,0.0994,true,1,6342035
8717677336616,false,שוקולד מריר עם שקדים ומלח טוניס' שוקולונלי 180 גרם,טוניס/שוקולונלי,NL,שוקולד טוניס שוקולונ,גרמים,180.00,100 גרם,false,,17.90,0.0994,true,1,6342036
8717677336630,false,שוקולד חלב עם שקדים ודבש טוניס' שוקולונלי 180 גרם,טוניס/שוקולונלי,NL,שוקולד טוניס שוקולונ,גרמים,180.00,100 גרם,false,,17.90,0.0994,true,1,6342058
8717677336654,false,טוניס - שוקולד חלב מעולה עם שברי קרמל מלוח,טוניס/שוקולונלי,NL,טוניס שוקולד חלב+שבר,גרמים,180.00,100 גרם,false,,17.90,0.0994,true,1,6406972
8717677336661,false,שוקולד מריר 70% טוניס' שוקולונלי 180 גרם,טוניס/שוקולונלי,NL,שוקולד טוניס שוקולונ,גרמים,180.00,100 גרם,false,,17.90,0.0994,true,1,6342037
8717677338436,false,שוקולד חלב עם אגוזי לוז טוניס' שוקולונלי 180 גרם,טוניס/שוקולונלי,NL,שוקולד טוניס שוקולונ,גרמים,180.00,100 גרם,false,,17.90,0.0994,true,1,6342038
8718114734484,false,מיונז מאילי 320 גר צ,יונילבר צרפת,FR,מיונז מיילי 320 גרם,גרמים,320.00,100 גרם,false,,12.90,0.0403,true,1,4366231
8718951044913,false,מרידול משחת שיניים להלבנה 75 מל,קולגייט פלמוליב,PL,מרידול משחת שיניים 7,מטרים,75.00,100 מ'ל,false,,21.90,0.2920,true,1,1216622
8718951048669,false,אג'קס ספריי לניקוי חלונות בניחוח חגיגת הפרחים,SAS-VA COLGATE-PALMOLIVE,FR,אג'קס ספרי ניקויי חל,מטרים,750.00,100 מ'ל,false,,14.90,0.0199,true,1,6347079
8718951079205,false,"קולגייט סנסיטיב פרו רליף רפיר אנד פריוונט 75 מ""ל",קולגייט-פלמוליב,PL,קולגייט סנסיטיב פרו,מטרים,75.00,100 מ'ל,false,,17.90,0.2387,true,1,2855846
8718951093331,false,מרידול זוג מברשות שיניים אקסטרה סופט,קולגייט פלמוליב,CH,מרידול זוג מברשות שי,יח',2.00,יח',false,,34.90,17.4500,true,1,1323885
8718951144064,false,מרידול מברשת שיניים פרודונט אקספרט זוג,"ש. שסטוביץ בע""\מ",CH,מרידול מברשת שיניים,100 יח',1.00,100 יח',false,,34.90,34.9000,true,1,2505925
8718951160897,false,ספריי אקונומיקה עוצמת ה7 טריגר אגקס 500מ,קולגייט-פלמוליב,GR,אגקס ספריי עוצמה 7 א,מיליליטרים,500.00,"100 מ""ל",false,,9.90,0.0198,true,1,3116181
8718951166288,false,"משחת שיניים קולגייט מקס וייט 125 מ""ל",הנסיך- מפעל לייצור ט,PL,קולגייט משחת מקס ויי,מיליליטרים,125.00,"100 מ""ל",false,,17.90,0.1432,true,1,5119420
8718951166561,false,משחת שיניים לרעננות מוגברת max fresh cooling crystals,הנסיך- מפעל לייצור ט,PL,קולגייט משחת מקס פרש,מיליליטרים,125.00,"100 מ""ל",false,,17.90,0.1432,true,1,5119421
8718951167094,false,נוזל כלים פלמוליב צילינדר תפוז וליים 1 ל,יבואן ומשווק: ש. שסט,GR,פלמוליב צילינדר תפוז,ליטרים,1.00,ליטר,false,,13.90,13.9000,true,1,3788874
8718951175280,false,"קולגייט טוטאל משחת שיניים פרו ויזבל אקשן עם קצף פעיל 75 מ""ל",קולגייט Colgate,PL,קולגייט טוטאל פרו מש,יח',1.00,יח',false,,16.80,16.8000,true,1,5305759
8718951176874,false,קולגייט שטיפת פה לילדים מיניונים 250 מל,קולגייט-פלמוליב,PL,קולגייט מי פה מיניון,מטרים,250.00,100 מ'ל,false,,14.90,0.0596,true,1,6315172
8718951187115,false,זוג מברשות שיניים אלמקס לילדים גילאי 3-6,GABA TRISA SWIZ,CN,זוג אלמקס מברשת ילדי,יח',1.00,יח',false,,24.90,24.9000,true,1,4084140
8718951187122,false,זוג מברשות שיניים אלמקס לילדים גילאי 0-3,GABA TRISA SWIZ,CN,זוג אלמקס מברשת ילדי,יח',1.00,יח',false,,24.90,24.9000,true,1,4084141
8718951222779,false,"מרידול פור משחה לשיניים וחניכיים בריאות 75 מ""ל",קולגייט פלמוליב,PL,"מרידול פור 75 מ""ל",יח',1.00,יח',false,,19.90,19.9000,true,1,6085702
8718951236790,false,"קולגייט טוטאל משחת שיניים קלין מינט לפה בריא 100 מ""ל",קולגייט פלמוליב,PL,קולגייט טוטאל משחת ש,מטרים,100.00,100 מ'ל,false,,16.80,0.1680,true,1,5305762
8718951236806,false,"קולגייט טוטאל הלבנה משחת שיניים המסייעת בהסרת כתמים 100 מ""ל",קולגייט Colgate,PL,קולגייט טוטאל הלבנה,מטרים,100.00,100 מ'ל,false,,16.80,0.1680,true,1,5305763
8718951236813,false,"קולגייט טוטאל משחת שיניים ניקוי מתקדם לפה בריא יותר 100 מ""ל",קולגייט פלמוליב,PL,קולגייט טוטאל משחת ש,יח',1.00,יח',false,,16.80,16.8000,true,1,5305764
8718951240742,false,"קולגייט טוטאל משחת שיניים פסים מרעננים 100 מ""ל",קולגייט פלמוליב,PL,קולגייט טוטאל משחת ש,מטרים,100.00,100 מ'ל,false,,16.80,0.1680,true,1,5305765
8718951259409,false,"פלמוליב תחליב רחצה נטורלס לעור עדין 750 מ""ל",קולגייט פלמוליב,IT,פלמוליב נטורלס תחליב,מטרים,750.00,100 מ'ל,false,,16.90,0.0225,true,1,6436018
8718951264618,false,"קולגייט אופטיק וייט פחם צ'רקול משחת שיניים, 75 מ""ל",קולגייט-פלמוליב,PL,קולגייט אופטיק וייט,יח',1.00,יח',false,,24.90,24.9000,true,1,6215601
8718951265103,false,קולגייט זוג מברשת שיניים אולטרה סופט,קולגייט פלמוליב,CN,קולגייט מברשת אולטרה,מטרים,1000.00,100 מ'ל,false,,29.80,0.0298,true,1,5873624
8718951286733,false,"קולגייט אופטיק וייט לסטינג וייט משחת שיניים 75 מ""ל",קולגייט Colgate,PL,קולגייט אופטיק וייט,מטרים,75.00,100 מ'ל,false,,24.90,0.3320,true,1,6321631
8718951289833,false,פלמוליב סבון מוצק רביעייה לומינוס 360 ג,קולגייט פלמוליב,TR,פלמוליב סבון מוצק לו,גרמים,400.00,100 גרם,false,,16.90,0.0422,true,1,6153307
8718951290150,false,קולגייט שטיפת פה Gum Invigorate,שסטוביץ,PL,מי פה קולגייט 500מל,מטרים,500.00,100 מ'ל,false,,24.90,0.0498,true,1,6445983
8718951314023,false,פלמוליב נטורלס תחליב רחצה אפרסק 750 מל,קולגייט פלמוליב,TR,פלמוליב נטורל תחליב,מיליליטרים,750.00,"100 מ""ל",false,,19.90,0.0265,true,1,6330412
8718951315303,false,"קולגייט אדומה משחת שיניים להגנה מפני עששת 2*100 מ""ל",קולגייט-פלמוליב,PL,משחה קולגייט אדומה ז,מיליליטרים,200.00,"100 מ""ל",false,,19.90,0.0995,true,1,6235619
8718951320093,false,זוג מברשות 360 אדוונס וויט שיניים קולגייט,קולגייט-פלמוליב,CN,מברשת קולגייט 360 אד,יח',1.00,יח',false,,24.90,24.9000,true,1,6230060
8718951333048,false,"פלמוליב סבון לידיים למטבח, 300 מ""ל",הנסיך- מפעל לייצור ט,IT,פלמוליב סבון ידיים ל,מיליליטרים,300.00,"100 מ""ל",false,,10.90,0.0363,true,1,6286744
8718951334069,false,"אג'קס טריגר שירותים 500 מ""ל",שסטוביץ,GR,אג'קס טריגר שירותים,מיליליטרים,500.00,"100 מ""ל",false,,9.90,0.0198,true,1,6395396
8718951334120,false,"סופלין מרכך כביסה מרוכז לבנדר 650 מ""ל",סופלין Soupline,GR,סופלין מרכך כביסה מר,מיליליטרים,650.00,"100 מ""ל",false,,10.90,0.0168,true,1,6215604
8718951345119,false,נוזל לניקוי רצפות וכללי היביסקוס 2 ליטר,הנסיך- מפעל לייצור ט,GR,אגקס ניקוי כללי עוצמ,ליטרים,1.00,ליטר,false,,22.90,22.9000,true,1,6274041
8718951350137,false,"פלמוליב תחליב רחצה מקדמיה וקקאו עם חמאת שיאה 750 מ""ל",קולגייט פלמוליב,IT,פלמוליב נטורלס תחליב,מטרים,750.00,100 מ'ל,false,,16.90,0.0225,true,1,6436019
8718951354807,false,נוזל רצפות אגקס חגיגת הפרחים יסמין 1.5 ל,קולגייט פלמוליב,GR,אג'קס חגיגת הפרחים י,ליטרים,1.50,ליטר,false,,19.90,13.2667,true,1,6260751
8718951370135,false,פלמוליב ס.נוזלי ארומה סנסיישן גלואו 750,קולגייט פלמוליב,TR,פלמוליב ארומה סנסייש,מיליליטרים,750.00,"100 מ""ל",false,,19.90,0.0265,true,1,6243047
8718951381292,false,"משחת שיניים מקס דיטוקס פואם קולגייט 125 מ""ל",קולגייט Colgate,PL,קולגייט משחת מקס דיט,מיליליטרים,125.00,"100 מ""ל",false,,17.90,0.1432,true,1,6274042
8718951382664,false,"פלמוליב ג'ל רחצה חימר ואקליפטוס 750 מ""ל",קולגייט פלמוליב,TR,פלמוליב ג'ל רחצה חימ,מיליליטרים,750.00,"100 מ""ל",false,,19.90,0.0265,true,1,6247224
8718951382718,false,"פלמוליב ג'ל רחצה חימר התחדשות 750 מ""ל",קולגייט פלמוליב,TR,פלמוליב ג'ל רחצה חימ,מיליליטרים,750.00,"100 מ""ל",false,,19.90,0.0265,true,1,6247182
8718951382787,false,"משחת שיניים אופטיק וויט חימר ומינרלים 75 מ""ל קולגייט",קולגייט Colgate,PL,קולגייט משחת אופטיק,מטרים,75.00,100 מ'ל,false,,24.90,0.3320,true,1,6341490
8718951385290,false,נוזל לניקוי כללי ורצפות אג'קס 2 ליטר,קולגייט פלמוליב,GR,נוזל לניקוי כללי ורצ,ליטרים,2.00,ליטר,false,,19.90,9.9500,true,1,6281272
8718951391284,false,נוזל אנטיבקטריאלי לניקוי כללי ורצפות רעננות הים,קולגייט-פלמוליב,GR,אג'קס אנטי בקטריאלי,ליטרים,1.50,ליטר,false,,19.90,13.2667,true,1,6288573
8718951391314,false,"מרסס אגקס טריגר אנטי בקטריאלי 500 מ""ל",קולגייט-פלמוליב,GR,אג'קס טריגר אנטי בקט,מיליליטרים,500.00,"100 מ""ל",false,,9.90,0.0198,true,1,6290102
8718951400474,false,"תחליב רחצה קמליה ושקדים ללא משאבה750 מ""ל פלמולי",קולגייט פלמוליב,TR,פלמוליב נטורלס תחליב,מטרים,750.00,100 מ'ל,false,,19.90,0.0265,true,1,6396797
8718951400597,false,"תחליב רחצה קוקוס וחלב ללא משאבה750 מ""ל פלמוליב",קולגייט פלמוליב,TR,פלמוליב תחליב רחצה 7,מטרים,750.00,100 מ'ל,false,,19.90,0.0265,true,1,6395422
8718951409798,false,זוג מברשות שיניים מקס וויט פחם קולגייט,הנסיך- מפעל לייצור ט,PL,קולגייט מברשת מקס וו,גרמים,2.00,100 גרם,false,,24.90,12.4500,true,1,6303389
8718951412378,false,משחת שיניים לחניכיים רגישות ולנשימה רעננה,קולגייט פלמוליב,PL,מרידול משחת שיניים נ,מטרים,75.00,100 מ'ל,false,,19.90,0.2653,true,1,6395397
8718951423558,false,"סבון רחצה גוף ונשמה קמומיל 750 מ""ל פלמוליב",שסטוביץ,TR,פלמוליב סבון רחצה גו,מטרים,750.00,100 מ'ל,false,,19.90,0.0265,true,1,6341491
8718951428492,false,"פלמוליב סבון רחצה לגבר 4ב1 מועשר בפחם 750 מ""ל",שסטוביץ,TR,פלמוליב סבון רחצה לג,מטרים,750.00,100 מ'ל,false,,19.90,0.0265,true,1,6347080
8718951433120,false,קולגייט טוטאל משחת שיניים לילדים לגילאי,קולגייט פלמוליב,PL,קולגייט טוטאל משחת ש,מטרים,50.00,100 מ'ל,false,,14.80,0.2960,true,1,6405279
8718951470323,false,קולגייט סופט פואם פחם זוג מברשות שיניים,קולגייט פלמוליב,CN,קולגייט מברשת סופט פ,מטרים,2.00,100 מ'ל,false,,29.80,14.9000,true,1,6395398
8718951477384,false,"קולגייט משחת שיניים טוטאל ג'ל מתקדם פיור 75 מ""ל",קולגייט פלמוליב,PL,קולגייט משחת שיניים,מטרים,75.00,100 מ'ל,false,,19.90,0.2653,true,1,6341493
8718951509627,false,"קולגייט אופטיק וייט לאוהבי קפה ותה משחת שיניים 75 מ""ל",קולגייט פלמוליב,PL,קולגייט אופטיק וויט,יח',1.00,יח',false,,29.90,29.9000,true,1,6370315
8719128110325,false,"סירופ סודה סטרים לימונדה 500 מ""ל",סודה סטרים,IL,סירופ לימונדה 500 מל,מיליליטרים,500.00,"100 מ""ל",false,,22.90,0.0458,true,1,3822429
8719128117249,false,"סירופ פפסי מקס 440 מ""ל סודהסטרים",סודה סטרים,IL,סירופ פפסי מקס,מיליליטרים,440.00,"100 מ""ל",false,,22.90,0.0520,true,1,6294722
8719128117256,false,"סירופ סבן אפ 440 מ""ל סודהסטרים",סודה סטרים,IL,סירופ סבן אפ,מיליליטרים,440.00,"100 מ""ל",false,,22.90,0.0520,true,1,6294723
8719128117263,false,"סירופ מירנדה 440 מ""ל סודהסטרים",סודה סטרים,IL,סירופ מירנדה,מיליליטרים,440.00,"100 מ""ל",false,,22.90,0.0520,true,1,6294724
8719128118499,false,סודה סטרים - מיכל גז נוסף CQC עד 60 ליטר,,,מיכל גז עד 60לי נוסף,יחידה,0.00,יחידה,false,,99.00,0.0000,true,1,6383188
8719128118734,false,סודה סטרים - מילוי מיכל גז CQC עד 60 ליטר,,,מילוי מיכל גז עד 60,יחידה,0.00,יחידה,false,,59.90,0.0000,true,1,6383189
8719200997998,false,מרגרינה למריחה בישול וטיגון 200 ג' בלו בנד,אתר חיפה מרגרינה - F,IL,מרגרינה בלובנד עם מל,גרמים,200.00,100 גרם,false,,4.50,0.0225,true,1,6202123
8719200998001,false,מרגרינה לאפיה ובישול בלי מלח 200 ג' בלו בנד,יוניליוור ישראל מזון בע\,IL,מרגרינה ללא תוספת מל,גרמים,200.00,100 גרם,false,,4.30,0.0215,true,1,6207969
8719200998018,false,מחמאה מרגרינה בטעם חמאה בלובנד 200 גרם,"מיוצר ע""\י יוניליוור ישר",IL,מרגרינה מחמאה 200 גר,גרמים,200.00,100 גרם,false,,4.30,0.0215,true,1,6202124
8720181046605,false,דאב - דאודורנט ספריי לאישה אורגינל כחול 150מל,"יוניליוור אנגליה, דרך קו",TR,דאב ספריי אוריגינל ל,מיליליטרים,150.00,"100 מ""ל",false,,14.90,0.0993,true,1,6267668
8720181046612,false,"דאב - דאודורנט רול און לאישה אורגינל 50 מ""ל","יוניליוור אנגליה, דרך קו",GB,דאב רולאון נשים אורג,מטרים,50.00,100 מ'ל,false,,14.90,0.2980,true,1,6300110
8723400756552,false,מארז סוכריות מנטוס Mentos ריינבואו,פרפטי ואן מלה ברדה,NL,מנטוס ריינבואו 1/4,גרמים,150.00,100 גרם,false,,10.70,0.0713,true,1,1028584
8723400782520,false,מנטוס סוכריות לעיסה בתפזורת בטעם פירות 160 ג',פרפטי ואן מלה,NL,מנטוס סוכריות פירות,גרמים,160.00,100 גרם,false,,9.90,0.0619,true,1,3594150
8762353206134,false,מיקרוגל מכני 23 ליטר BENATON BT-2061,,,מיקרוגל מכני 23 ליטר,יח',1.00,יח',false,,399.90,399.9000,true,1,5425190
8801055707966,false,קפה טייסטר צו'יס נס קפה בריסטה 180ג',נסטלה קוריאה - קפה,KR,טסטר צ'ויס בריסטה 18,גרמים,180.00,100 גרם,false,,29.90,0.1661,true,1,1636950
8801055709427,false,קפה נמס טסטר'ס צ'ויס אלטה ריקה 100 גרם,נסטלה קוריאה - קפה,KR,נס קפה טייסטר צויס א,גרמים,100.00,100 גרם,false,,19.90,0.1990,true,1,6316158
8801055709434,false,קפה נמס טסטר'ס צ'ויס קולומביה 100 גרם,נסטלה קוריאה - קפה,KR,נס קפה טייסטר צויס ק,גרמים,100.00,100 גרם,false,,19.90,0.1990,true,1,6316159
8801055709458,false,אבקה להכנת משקה קפה בטעם קפוצ'ינו קרמל,נסטלה קוריאה - קפה,IL,נסקפה קפוצינו קרמל 1,גרמים,170.00,100 גרם,false,,17.90,0.1053,true,1,6351557
8801055709465,false,אבקה להכנת משקה קפה בטעם קפוצ'ינו וניל,נסטלה קוריאה - קפה,KR,נסקפה קפוצינו וניל 1,גרמים,185.00,100 גרם,false,,17.90,0.0968,true,1,6351558
8801055709472,false,נסטלה - נסקפה קפוצ'ינו קלאסי 12.50 גרם * 10,נסטלה קוריאה - קפה,KR,נסקפה קפוצ'ינו קלאסי,גרמים,125.00,100 גרם,false,,18.70,0.1496,true,1,6351559
8801055709489,false,אבקה להכנת משקה קפה בטעם קפוצ'ינו אגוזים,נסטלה קוריאה - קפה,IL,נסקפה קפוצינו אגוזים,גרמים,180.00,100 גרם,false,,17.90,0.0994,true,1,6351560
8801055709526,false,אבקה להכנת משקה קפה בטעם קפוצ'ינו שוקולד לבן,נסטלה קוריאה - קפה,IL,נסקפה קפוצ'ינו שוקול,גרמים,180.00,100 גרם,false,,17.90,0.0994,true,1,6374972
8804880400088,false,גומיות מקרופיבר חזק צבעוני,,,גומיות מקרופיבר חזק,יח',1.00,יח',false,,8.30,8.3000,true,1,5119702
8804880400095,false,גומיות מקרופיבר חזק שחור,,,גומיות מקרופיבר חזק,יח',1.00,יח',false,,8.30,8.3000,true,1,5119703
8804880400279,false,גומיות סיליקון זורח,,,גומיות סיליקון זורח,יח',1.00,יח',false,,7.90,7.9000,true,1,5119721
8804880400286,false,גומיות סיליקון מוטלי,,,גומיות סיליקון מוטלי,יח',1.00,יח',false,,7.90,7.9000,true,1,5119722
8804880400309,false,קליפס ענק שחור,,,קליפס ענק שחור,יח',1.00,יח',false,,8.30,8.3000,true,1,5119724
8804880400323,false,קליפס פרחים יוקרתי,,,קליפס פרחים יוקרתי,יח',1.00,יח',false,,8.30,8.3000,true,1,5119726
8804880400422,false,קשת פרח,,,קשת פרח,יח',1.00,יח',false,,8.30,8.3000,true,1,5119736
8805880588295,false,מברשת ספרים מקצועית,,,מברשת ספרים מקצועית,יח',1.00,יח',false,,16.70,16.7000,true,1,5049650
8805880588325,false,מברשת ספרים מקצועית,,,מברשת ספרים מקצועית,יח',1.00,יח',false,,16.70,16.7000,true,1,5049653
8809168840471,false,חטיף אצות מיובשות 9*4.5 גרם,ג'י וואן גלובול נאט,KR,חטיף אצות מיובשות 9י,יח',1.00,יח',false,,22.90,22.9000,true,1,6282688
8850180040028,false,קמח טמפורה להכנת בלי,קרנחם אוטאי פחרה,TH,טמפורה 500גרם (GOGI),גרמים,500.00,100 גרם,false,,10.70,0.0214,true,1,1129022
8850367992164,false,קרם קוקוס 250 מל 20-22% ללא חומר משמר,טאפאדונגפורן קוקנט,TH,קרם קוקוס 250 מל -מז,מיליליטרים,250.00,"100 מ""ל",false,,7.90,0.0316,true,1,1162609
8850367992171,false,קרם קוקוס 1 ליטר 20-22% ללא חומר משמר,טאפאדונגפורן קוקינט,TH,קרם קוקוס 1000מל,ליטרים,1.00,ליטר,false,,18.90,18.9000,true,1,1162610
8850367994779,false,מחית קארי ירוקה 50 גרם,טאפאדונגפורן קוקינט,TH,מחית קארי ירוקה 50 ג,גרמים,50.00,100 גרם,false,,4.90,0.0980,true,1,6299906
8850367994786,false,מחית קארי אדומה 50 גרם,טאפאדונגפורן קוקינט,TH,מחית קארי אדומה 50 ג,גרמים,50.00,100 גרם,false,,4.90,0.0980,true,1,6299907
8850367994793,false,מחית קארי צהובה 50 גרם,c coconut Theppadungporn,TH,מחית קארי צהוב 50 גר,גרמים,50.00,100 גרם,false,,4.90,0.0980,true,1,6299908
8850389105825,false,משקה אלוורה בטעם ענבים סאפה 1 ליטר,סאפה פובליק קומפני לימיט,TH,סאפה אלוורה ענבים 1ל,ליטרים,1.00,ליטר,false,,11.90,11.9000,true,1,1012328
8850389105832,false,סאפה משקה אלוורה בטעם תפוח עם קוביות אלוורה 1 ליטר,סאפה פובליק קומפני לימיט,TH,סאפה אלוורה תפוחים 1,ליטרים,1.00,ליטר,false,,11.90,11.9000,true,1,1012329
8850389105849,false,סאפה משקה אלוורה מופחת קלוריות בטעם אפרסק 1 ליטר,סאפה פובליק קומפני לימיט,TH,סאפה אלוורה אפרסק 1ל,ליטרים,1.00,ליטר,false,,11.90,11.9000,true,1,1012330
8850389115336,false,משקה אלוורה בטעם מלון סאפה 1 ליטר,סאפה פובליק קומפני לימיט,TH,סאפה אלוורה מלון 1ל',ליטרים,1.00,ליטר,false,,11.90,11.9000,true,1,4121432
8850632604259,false,"יוגטה, חיספוסים, ממתק חמוץ בצורת מקלות בטעם תות שדה,50 גרם",ג'נרל קנדי בעמ,TH,חמצוצים מקלות בטעם ת,גרמים,50.00,100 גרם,false,,3.50,0.0700,true,1,1028587
8850632604266,false,"יוגטה, ממתק חמוץ בצורת מקלות בטעם קולה, 50 גרם",ג'נרל קנדי בעמ,TH,חמצוצים מקלות בטעם ק,גרמים,50.00,100 גרם,false,,3.50,0.0700,true,1,1028588
8850632604372,false,"יוגטה, חיספוסים בצורת שטיח בטעם תות שדה 50 גרם",ג'נרל קנדי בעמ,TH,חמצוצים שטיח בטעם תו,גרמים,50.00,100 גרם,false,,3.50,0.0700,true,1,1028589
8850632604402,false,יוגטה חיספוסים בטעם מעורב תות שדה אבטיח ענבים בננה 50 גרם,"ג'נרל קנדי בע""מ",TH,חמצוצים שטיח בטעם מע,גרמים,50.00,100 גרם,false,,3.50,0.0700,true,1,1028590
8850632605201,false,"יוגטה, חיספוסים, ממתק חמוץ בצורת שטיח, בטעם מעורב- תות בננה, תפוח, תפוז, 50 גרם",הדקלאים אגודת שיתופי,TR,חמצוצים שטיח בטעם מע,גרמים,50.00,100 גרם,false,,3.50,0.0700,true,1,1028591
8850632606390,false,"יוגטה, חיספוסים, ממתק חמוץ בצורת שטיח בטעם אבטיח, 50 גרם",ג'נרל קנדי בעמ,TH,חספוסים אבטיח,גרמים,50.00,100 גרם,false,,3.50,0.0700,true,1,1028596
8850788718084,false,תירס גמדי חתוך 230 גרם,,,תירס גמדי חתוך 230 ג,גרמים,230.00,100 גרם,false,,4.90,0.0213,true,1,5056936
8851613101378,false,"נוזל קוקוס ארוי די 250 מ""ל",תאי אגרי פוד פובליק קו'\,TH,"חלב קוקוס 250 מ""ל",מיליליטרים,250.00,"100 מ""ל",false,,9.80,0.0392,true,1,1210559
8851613101385,false,"חלב קוקוס ארוי-די קרטון 500מ""ל",תאי אגרי פוד פובליק קו'\,TH,"חלב קוקוס 500 מ""ל",מיליליטרים,500.00,"100 מ""ל",false,,12.90,0.0258,true,1,1013938
8851613101392,false,נוזלי אגוז קוקוס 1ליטר,רנדי,,חלב קוקוס 100% 1 ל,קילו,100.00,קילו,false,,24.90,0.2490,true,1,4376708
8857101301008,false,רוטב צילי מתוק ויליפוד 700 גרם,פאן אינטר,TH,רוטב צ'ילי מתוק 700,מיליליטרים,700.00,"100 מ""ל",false,,9.50,0.0136,true,1,1027107
8858271002870,false,רוטב פאד תאי 250 מ'ל - מקסצ'אפ,"ייאן וואל יון בע""מ",TH,רוטב פאד תאי 250 מ'ל,גרמים,250.00,100 גרם,false,,9.90,0.0396,true,1,1032331
8858271003020,false,רוטב סויה פורמולה 1 - 700 מ'ל מקסצ'אפ,יאן ונזל יון,TH,רוטב סויה פורמולה 1,גרמים,700.00,100 גרם,false,,14.80,0.0211,true,1,1032333
8858271003068,false,"רוטב סויה מתוקה כהה 250 מ""ל מקסצאפ",מזרח ומערב,,רוטב סויה מתוקה 250,גרמים,250.00,100 גרם,false,,10.90,0.0436,true,1,1032335
8858271003174,false,רוטב שזיפים 700 מ'ל-מקסצ'אפ,מזרח ומערב,,רוטב שזיפים 700 מ'ל-,גרמים,700.00,100 גרם,false,,15.90,0.0227,true,1,1032339
8858271003945,false,"רוטב קארי צהוב 250 מ""ל מקסצאפ",Yan Wal Yun Corpora,TH,רוטב קארי צהוב 250 מ,מיליליטרים,250.00,"100 מ""ל",false,,10.90,0.0436,true,1,6271244
8858271004300,false,רוטב טריאקי 700 מ'ל מקסצ'אפ,דאנינג יוה פודס קו,TH,רוטב טריאקי 700 מ'ל,גרמים,227.00,100 גרם,false,,18.90,0.0833,true,1,1032345
8858271004799,false,"רוטב צילי מתוק אל פורפסיס 700 מ""ל",יאן ונזל יון,TH,רוטב צ'ילי מתוק 700,מיליליטרים,700.00,"100 מ""ל",false,,12.50,0.0179,true,1,1088327
8874328380425,false,קומקום 8041 אדום/אפור/ירוק,,,קומקום 8041 אדום/אפ,יח',1.00,יח',false,,79.90,79.9000,true,1,6401275
8888021200256,false,סוללות אנרג'ייזר AA מקס 8 יחידות,יצרן: אנרג'ייזר סינג,SG,סוללות ENERGIZER 1X8 AA M,יחידה,0.00,יחידה,false,,24.90,0.0000,true,1,1046487
8888021200720,false,סוללות אנרג'ייזר AAA מקס 8 יחידות,יצרן: אנרג'ייזר סינג,SG,סוללות ENERGIZER 1X8 *AAA,יחידה,0.00,יחידה,false,,24.90,0.0000,true,1,1046488
8888757103005,false,"שמן שומשום טהור 300 מ""ל",אוך אייק גואן פוד אינדוס,SG,"שמן שומשום 300 מ""ל",מיליליטרים,300.00,"100 מ""ל",false,,18.30,0.0610,true,1,1013948
8901537024014,false,DAAWAT אורז בסמטי מובחר ויליפוד 1 קג,הנסיך- מפעל לייצור ט,IN,אורז בסמטי וילי פוד,גרמים,1000.00,100 גרם,false,,11.90,0.0119,true,1,1027108
8901537076679,false,"אורז בסמטי חום מהדרין ויליפוד 1 ק""ג",האי נאם סי או אל.טי.,IN,אורז בסמטי חום מלא 1,גרמים,1000.00,100 גרם,false,,11.90,0.0119,true,1,4361744
8908015961144,false,אורז הודי בסמטי ארוך 5 קג,,,אורז הודי בסמטי ארוך,קילוגרמים,5.00,"ק""ג",false,,34.90,6.9800,true,1,6427197
8934878081811,false,"דפי אורז 22 ס""מ 400 גר'(Trav) ללא גלוטן",דאנינג יוה פודס קו,VN,"דפי אורז 22 ס""מ 400",גרמים,400.00,100 גרם,false,,11.90,0.0298,true,1,1032361
8935893589351,false,מברשת עגולה ידית עץ,,,מברשת עגולה ידית עץ,יחידה,0.00,יחידה,false,,13.90,0.0000,true,1,2907729
8938544204016,false,אורז יסמין אורנים 1 קג,,,אורז יסמין אורנים 1,קג,1.00,קג,false,,7.90,7.9000,true,1,6429712
8997206332016,false,סוכר קוקוס אורגני 454 גרם אינדונזיה,,,סוכר קוקוס אורגני 45,גרמים,454.00,100 גרם,false,,19.50,0.0430,true,1,3702377
9000100590938,false,"סאיוס - מוס לשיער ליצירת נפח 250 מ""ל",שוורצקוף,DE,סאיוס מוס ווליום ליפ,מיליליטרים,250.00,"100 מ""ל",false,,19.90,0.0796,true,1,1016696
9000100806657,false,"פה - דאודורנט רול און לאישה בלתי נראה 50 מ""ל",שוורצקופף והנקל,DE,דאו פה ספורט רולאון,100 מל,50.00,100 מל,false,,9.90,0.1980,true,1,1016706
9000100843256,false,"גליס תמציות שמן 6 פעולות משקמות 75 מ""ל",שוורצקוף Schwarzkopf,SK,קרם ברק גליס 75מל,100 מל,75.00,100 מל,false,,24.90,0.3320,true,1,1097636
9000101329322,false,סבון אסלה בניחוח מתחלף תפוח נופר 50 ג' ברף,הנקל סוד,RS,ברף בניחוח מתחלף תפו,גרמים,50.00,100 גרם,false,,9.90,0.1980,true,1,6329275
9000101329742,false,סבון אסלה בניחוח מתחלף אפרסק תפוח 50 ג' ברף,הנקל סוד,RS,ברף פרימיום בניחוח א,יח',1.00,יח',false,,9.90,9.9000,true,1,6311020
9000101512526,false,פרסיל - פאוור קאפס קפסולות ג'ל מרוכזות לכביסה 26 יח',קריות זול,RS,פרסיל קאפס לכביסה לב,יח',1.00,יח',false,,34.90,34.9000,true,1,6324602
9000101520965,false,"סבון אסלה בניחוח מתחלף לוטוס עדין במבוק, 3 יחידות",ברף Bref,RS,ברף בניחוח מתחלף לוט,גרמים,150.00,100 גרם,false,,19.90,0.1327,true,1,6356065
9000101521436,false,סבון אסלה בניחוח מתחלף לוטוס במבוק 50 ג' ברף,הנקל סוד,RS,ברף פרימיום בניחוח ל,יח',1.00,יח',false,,9.90,9.9000,true,1,6311023
9000101536560,false,פרסיל פאוור קפסולות 70 יח,הנקל סוד,RS,פרסיל פאוור קפסולות,יחידה,0.00,יחידה,false,,69.90,0.0000,true,1,6389721
9000101537550,false,פרסיל קאפסולות לכביסה לבנה וצבעונית 52 יח',הנקל סוד,HU,פרסיל פאוור קאפס 52,יח',1.00,יח',false,,59.90,59.9000,true,1,6356066
9000101537581,false,פרסיל קאפסולות לכביסה צבעונית 52 יחידו,הנקל סוד,HU,פרסיל פאוור קאפס 52,יח',1.00,יח',false,,59.90,59.9000,true,1,6356067
9000101548419,false,קולור קאצ`ר דפים למכונת לכביסה מחדש צבע לבן 18 יח',"הנקל סוד בע""\מ",IE,סוד מחדש צבע לבן לכב,יח',1.00,יח',false,,22.90,22.9000,true,1,6366325
9001395807015,false,שוקולד בננית בטעם שוקו בננה 300 גרם,פרנס הואו סווירט,AT,בננית מצופה 300 גר,גרמים,300.00,100 גרם,false,,9.90,0.0330,true,1,4996511
9001616202100,false,מוצץ לתינוק ללא ביספנול 6+ מאם 2 יחידות,General,HU,מוצץ לתינוק ללא ביספ,יח',1.00,יח',false,,32.80,32.8000,true,1,1025327
9001616202155,false,מוצץ לתינוק אולטי סיליקון ללא ביספנול 16+ מאם,מאם Mam,HU,מוצץ לתינוק אולטי סי,יח',1.00,יח',false,,32.80,32.8000,true,1,1025331
9001616202360,false,זוג מוצצי סיליקון זוהר בחושך 6+ חודשים Original Night,מאם Mam,HU,מוצץ לתינוק אולטי סי,יח',1.00,יח',false,,32.80,32.8000,true,1,1025334
9001616202377,false,מאם מוצצים סיליקון 0-6 לילה זוהרים תכלת,General,AT,מאם מוצץ מיני אולטי,יח',1.00,יח',false,,32.80,32.8000,true,1,1025335
9001616202988,false,מוצץ לתינוק סיליקון 6 Air מאם 2 יחידות,מאם Mam,,מוצץ לתינוק סיליקון,יח',1.00,יח',false,,32.80,32.8000,true,1,1025338
9001616203367,false,מאם זוג פטמות מס 2 זרימה בינונית,General,AT,פטמה לבקבוק שלב 2 מא,יח',1.00,יח',false,,24.90,24.9000,true,1,1025343
9001616203626,false,מאם זוג פטמות מס 3 זרימה מהירה,General,AT,פטמה לבקבוק שלב 3 מא,יח',1.00,יח',false,,28.90,28.9000,true,1,1025344
9001616205781,false,מאם מוצצים סיליקון 6+ אנימלס כחול,אלפא,HU,זוג מוצצי ננו סיליקו,יח',1.00,יח',false,,32.80,32.8000,true,1,1025347
9001616205828,false,מאם מברשת לניקוי בקבוקים ירוק,אלפא,AU,מברשת לניקוי בקבוקים,יח',1.00,יח',false,,32.80,32.8000,true,1,2270494
9001616681363,false,"בקבוק לתינוק אנטי קוליק מאמ 260 מ""ל",General,HU,בקבוק לתינוק אנטי קו,יח',1.00,יח',false,,27.80,27.8000,true,1,5108953
9001616692857,false,מאם בקבוק אימון 220 מל תכלת,General,AT,בקבוק טרינר 220 מל מ,יח',1.00,יח',false,,39.90,39.9000,true,1,2270496
9001616702655,false,מאם מוצצים סיליקון 0-6 לילה זוהרים ורוד,General,HU,זוג מוצצים סיליקון ז,יח',1.00,יח',false,,32.80,32.8000,true,1,5108877
9001616702662,false,מאם מוצצים סיליקון 0-6 פרל ורוד,General,HU,זוג מוצצים סיליקון פ,יח',1.00,יח',false,,32.80,32.8000,true,1,5108878
9001616702686,false,זוג מוצצים סיליקון אי לאב מאמי מאמ 0-6 ורוד,אלפא,HU,זוג מוצצים סיליקון א,יח',1.00,יח',false,,32.80,32.8000,true,1,5108880
9001616702716,false,זוג מוצצים סיליקון זוהרים בלילה מאמ +6 ורוד,General,HU,זוג מוצצים סיליקון ז,יח',1.00,יח',false,,32.80,32.8000,true,1,5108883
9001616702808,false,זוג מוצצים סיליקון קלירליין מאמ +6 ורוד,אלפא,HU,זוג מוצצים סיליקון ק,יח',1.00,יח',false,,32.80,32.8000,true,1,5108892
9001616702822,false,זוג מוצצים סיליקון קריסטל מאמ +6 ורוד,General,HU,זוג מוצצים סיליקון ק,יח',1.00,יח',false,,32.80,32.8000,true,1,5108894
9001616702921,false,מאם בקבוק אנטי קוליק 260 מל לבן,General,HU,בקבוק לתינוק אנטי קו,יח',1.00,יח',false,,32.80,32.8000,true,1,5108955
9001616702969,false,"בקבוק תינוק 270 מ""ל סגול",General,HU,בקבוק לתינוק מאם 270,יח',1.00,יח',false,,32.80,32.8000,true,1,5108959
9001616703010,false,"בקבוק תינוק 330 מ""ל ורוד",General,AT,בקבוק לתינוק מאמ 330,יח',1.00,יח',false,,32.80,32.8000,true,1,5108963
9001616703058,false,מאם הכוס הראשונה שלי כוס אימון 150 -ורוד,אלפא,AT,הכוס הראשונה שלי בנו,יח',1.00,יח',false,,27.90,27.9000,true,1,6380046
9001616703225,false,מחזיק מוצץ בת יחידה,טרופיקל דגיל תעשיות,HU,מחזיק למוצץ מאם,יח',1.00,יח',false,,24.90,24.9000,true,1,5109005
9001616703409,false,"בקבוק לתינוק אנטי קוליק מאמ 160 מ""ל",אלפא,HU,בקבוק לתינוק אנטי קו,יח',1.00,יח',false,,27.80,27.8000,true,1,5108965
9002975393812,false,סוכריות גילי הריבו האפי צירי 70 גרם,"האריבו , ג'\י.אם.בי.אייץ",AT,הריבו האפי צ'רי 70 ג,גרמים,70.00,100 גרם,false,,6.70,0.0957,true,1,6437264
9002975393836,false,סוכריות גילי הריבו האפי קולה 70 גרם,"האריבו , ג'\י.אם.בי.אייץ",AT,הריבו סוכריות גומי ב,גרמים,70.00,100 גרם,false,,6.70,0.0957,true,1,6324481
9005835312718,false,"קלרו פירמידה מלח למדיח כלים 1 ק""ג CLARO",יעקובי,AT,קלרו מלח למדיח כלים,יח',1.00,יח',false,,13.90,13.9000,true,1,6021046
9005835313661,false,טבליות ניקוי וחיטוי למדיח99.9% קלרו 30 יח',רלוי,AT,קלרו טבליות לניקוי מ,גרמים,600.00,100 גרם,false,,27.90,0.0465,true,1,6315578
9008700128575,false,נקטר פסיפלורה 1 ל' RAUCH,ראוך Rauch,AT,נקטר פסיפלורה 1 ליטר,יח',1.00,יח',false,,11.10,11.1000,true,1,5374137
9008700155458,false,נקטר גויאבה 1 ליטר ראוך,ראוך פרוכטסאפטה,AT,נקטר גויאבה 1 ליטר,ליטרים,1.00,ליטר,false,,11.10,11.1000,true,1,5374139
9044400826861,false,סוכריות פז מילוי סוכריות בטעם בננה אגס אסיאתי,פז פרודקשיין יורו,HU,סוכריות פז טעם בננה,יח',1.00,יח',false,,7.50,7.5000,true,1,6275560
9044400851672,false,סוכריות פז סוגים שונים + 3 מילויים,פז פרודקשיין יורו,HU,סוכריות פז סוגים שונ,יח',1.00,יח',false,,10.70,10.7000,true,1,6372510
9044400885578,false,סוכ.פז מילוי ט.פירות68גר,סוכריות פז,HU,סוכריות פז שמינייה 8,גרמים,85.00,100 גרם,false,,8.00,0.0941,true,1,6409273
9310072028743,false,טים טם ביסקוויט במילוי שוקולד 200 גרם,"ארנוטס ביסקוויטס בע""",AU,טים טם ביסקוויט במיל,גרמים,200.00,100 גרם,false,,19.80,0.0990,true,1,1436567
9310072028750,false,טים טם Tim Tam וופל שוקולד ציפוי כפול,"ארנוטס ביסקוויטס בע""",AU,טים טם ביסקוויט שוקו,גרמים,200.00,100 גרם,false,,19.80,0.0990,true,1,1335595
9322969000015,false,פריכיות תירס בטעם אורגינל ריל פודס 150 ג',אף.סי תבליני בגליל ב,AU,פריכיות תירס - 150ג' בטעם,גרמים,150.00,100 גרם,false,,11.90,0.0793,true,1,1046490
9322969000022,false,"ריל פוד פריכיות תירס עם סויה וזרעי פשתן, ללא גלוטן 150 גרם",אף.סי תבליני בגליל ב,AU,פריכיות תירס - 150ג' עם ס,גרמים,150.00,100 גרם,false,,11.90,0.0793,true,1,1046491
9322969000046,false,פריכיות תירס שומשום אורגני ריל פודס 150 ג',אף.סי תבליני בגליל ב,AU,פריכיות תירס אורגניות - 1,גרמים,150.00,100 גרם,false,,11.90,0.0793,true,1,1046492
9330344004473,false,סכין גילוח שיק היידרו סילק חד פעמי 2 יח,"אם החיטה בע""מ",CN,שיק היידרו סילק חד פ,יח',1.00,יח',false,,26.90,26.9000,true,1,6205826
9720188050109,false,ממרח על בסיס סויה בסגנון גבינה טופוטי 225 גרם,טופוטי ברנדס אינק.ג',IL,ממרח על בסיס סויה בס,גרמים,225.00,100 גרם,false,,19.90,0.0884,true,1,1012716
9720188060108,false,ממרח על בסיס סויה בסגון שמנת טופוטי 340 גרם,טופוטי ברנדס אינק.ג',IL,ממרח על בסיס סויה בס,גרמים,340.00,100 גרם,false,,18.80,0.0553,true,1,1012718
9770793914006,false,עיתון גירוסלים פוסט יום שישי,,,גרוזלם פוסט יום שישי,יח',1.00,יח',false,,15.90,15.9000,true,1,1178278
9771565025005,false,עיתון מעריב סוף השבוע,,IL,מעריב שישי,יח',1.00,יח',false,,6.00,6.0000,true,1,1174987
9771565051066,false,עיתון ידיעות אחרונות,ידיעות אחרונות,,עיתון ידיעות אחרונות,יח',1.00,יח',false,,12.00,12.0000,true,1,1017227
9771565066961,false,ידיעות ירושליים,ידיעות אחרונות,,עיתון ירושלים,יח',1.00,יח',false,,6.80,6.8000,true,1,1017229
9842019072910,false,פתילות מיוחדות 100 יחידות,,IL,פתילות מיוחדות 100 י,יח',50.00,יח',false,,5.90,0.1180,true,1,6083141
9842019081431,false,נרות חנוכה ארוכים,,,נרות חנוכה ארוכים,יח',1.00,יח',false,,19.90,19.9000,true,1,6444165
9843022871019,false,נר הבדלה צמה דונג,,,נר הבדלה דונג,יח',1.00,יח',false,,8.90,8.9000,true,1,6064872
9843022871026,false,"נר הבדלה אלגנט קלוע ""בזה מדליקים""",,,נר הבדלה אלגנט קלוע,יח',1.00,יח',false,,8.90,8.9000,true,1,5950599
9843022871132,false,"נר הבדלה מעמד ""בזה מדליקים""",,,נר הבדלה מעמד,יח',1.00,יח',false,,17.90,17.9000,true,1,5950603
9843022871255,false,מארז שמשים גדולים לחנוכה,,,מארז שמשים גדול 8 יח,יח',1.00,יח',false,,11.90,11.9000,true,1,6265032
9843022871309,false,נרות חנוכה מקושטים 44 יח,,,נרות חנוכה מקושטים 4,יח',1.00,יח',false,,17.90,17.9000,true,1,6083081
9843022871446,false,צינורת הזהב גדול חדש,,,צינורת הזהב גדול חדש,100 יח',72.00,100 יח',false,,13.90,0.1931,true,1,6332939
9843022871620,false,חנוכיה לשמן עם צינוריות,,,חנוכיה לשמן עם צינור,יח',1.00,יח',false,,14.90,14.9000,true,1,6083084
9843022871767,false,חנוכיית וינטאג' אריות,,,חנוכיית וינטאג אריות,יח',1.00,יח',false,,39.90,39.9000,true,1,6262467
9843022871811,false,חנוכיה עם כוסיות זכוכית בזה מדליקין,,,חנוכיה עם כוסיות זכו,יח',1.00,יח',false,,10.90,10.9000,true,1,6083086
9843022871910,false,אפריון לנרות חומות י-ם,,,אפריון לנרות חומות י,יח',1.00,יח',false,,79.90,79.9000,true,1,6083039
9843022871972,false,מארז כוסיות בלי רגל 6 יח',,,מארז כוסיות בלי רגל,100 יח',72.00,100 יח',false,,9.90,0.1375,true,1,6332905
