code,internal_code,name,manufacturer_name,manufacture_country,manufacturer_item_description,unit_qty,quantity,unit_of_measure,weighted,qty_in_package,price,unit_of_measure_price,allow_discount,status,item_id
32147230,false,מיץ לימון סיצילייה 2,קריות זול,,מיץ לימון סיצילייה 2,,200.00,"100 מ""ל",false,,8.90,0.0445,true,1,98933
54051140,false,אלפרו מעדן סויה וניל,קריות זול,,אלפרו מעדן סויה וניל,,500.00,"100 מ""ל",false,,17.90,0.0358,true,1,91421
72940754,false,"מילקי וניל 170 מ""ל",קריות זול,,"מילקי וניל 170 מ""ל",,170.00,100 גרם,false,,2.90,0.0171,true,1,95120
72940761,false,מילקי שוקולד מהדרין,קריות זול,,מילקי שוקולד מהדרין,,170.00,100 גרם,false,,2.90,0.0171,true,1,95121
72940952,false,מילקי פי 2 קצפת מהדר,קריות זול,,מילקי פי 2 קצפת מהדר,,110.00,100 גרם,false,,3.90,0.0355,true,1,95122
72961506,false,פרילי תות 1.5% 125גר,קריות זול,,פרילי תות 1.5% 125גר,,125.00,100 גרם,false,,3.50,0.0280,true,1,92672
72961520,false,פרילי אננס 1.5% 125ג,קריות זול,,פרילי אננס 1.5% 125ג,,125.00,"100 מ""ל",false,,3.50,0.0280,true,1,92674
72991374,false,טיים קצר,,,טיים קצר,יחידה,0.00,יחידה,false,,29.00,0.0000,false,1,98235
80001461,false,גרדנה שוקולד מר 38גר,קריות זול,,גרדנה שוקולד מר 38גר,,38.00,"100 מ""ל",false,,4.90,0.1289,true,1,93740
80042563,false,רסק עגבניות 700גר (צ,,,רסק עגבניות 700גר (צ,,700.00,"100 מ""ל",false,,14.90,0.0213,true,1,124898
80052760,false,קינדר בואנו 43גר,קריות זול,,קינדר בואנו 43גר,,43.00,100 גרם,false,,5.50,0.1279,true,1,102067
80136194,false,הפי היפו אגוזי לוז 5,,,הפי היפו אגוזי לוז 5,יחידה,0.00,יחידה,false,,15.50,0.0000,true,1,135927
80176800,false,נוטלה ממרח 750גר,קריות זול,,נוטלה ממרח 750גר,,750.00,100 גרם,false,,28.90,0.0385,true,1,112266
80177173,false,נוטלה ממרח 350 גרם,קריות זול,,נוטלה ממרח 350 גרם,,350.00,100 גרם,false,,15.50,0.0443,true,1,102069
80177609,false,קינדר אצבעות שוקולד,קריות זול,,קינדר אצבעות שוקולד,,50.00,100 גרם,false,,5.00,0.1000,true,1,102071
80177616,false,קינדר אצבעות שוקולד,קריות זול,,קינדר אצבעות שוקולד,,100.00,100 גרם,false,,8.90,0.0890,true,1,102072
80310549,false,הפי היפו חטיף אגוזי,קריות זול,,הפי היפו חטיף אגוזי,,20.00,100 גרם,false,,3.90,0.1950,true,1,135932
80773429,false,מסטיק מנטוס פיור פרש,,,מסטיק מנטוס פיור פרש,,60.00,"100 מ""ל",false,,9.90,0.1650,true,1,136505
80773443,false,מסטיק מנטוס בקבוק מע,,,מסטיק מנטוס בקבוק מע,,60.00,"100 מ""ל",false,,9.90,0.1650,true,1,134371
80843184,false,מסטיק מנטוס פיור פרש,,,מסטיק מנטוס פיור פרש,,60.00,100 גרם,false,,9.90,0.1650,true,1,161235
80864295,false,מנטוס פיור וויט מנטה,,,מנטוס פיור וויט מנטה,,60.00,100 גרם,false,,9.90,0.1650,true,1,161710
80913467,false,מסטיק מנטוס בבקבוק מ,,,מסטיק מנטוס בבקבוק מ,,60.00,100 גרם,false,,9.90,0.1650,true,1,134373
80936459,false,שלישיית ביצי שוקולד,,,שלישיית ביצי שוקולד,,60.00,100 גרם,false,,9.90,0.1650,true,1,162272
87108651,false,סוכריות מנטוס מנטה ר,קריות זול,,סוכריות מנטוס מנטה ר,,37.50,100 גרם,false,,12.90,0.3440,true,1,142846
87108712,false,סוכריות מנטוס רביעיי,קריות זול,,סוכריות מנטוס רביעיי,,37.50,100 גרם,false,,12.90,0.3440,true,1,142847
90087974,false,חומץ תפוחים 5% 750מל,,,חומץ תפוחים 5% 750מל,,750.00,"100 מ""ל",false,,14.90,0.0199,true,1,133125
8112100298,false,שמן שומשום טהור 185מ,,,שמן שומשום טהור 185מ,,185.00,"100 מ""ל",false,,15.90,0.0859,true,1,98452
16000185517,false,*מבצע* דגני פייבר וו,,,*מבצע* דגני פייבר וו,,555.00,"100 מ""ל",false,,20.00,0.0360,true,1,163219
16000423534,false,ניטשר וואלי חטיף שיב,,,ניטשר וואלי חטיף שיב,,210.00,100 גרם,false,,22.90,0.1090,true,1,93778
16000548404,false,ניטשר וואלי חטיף קרא,,,ניטשר וואלי חטיף קרא,,210.00,"100 מ""ל",false,,22.90,0.1090,true,1,93782
16000548503,false,ניטשר וואלי חטיף קרא,,,ניטשר וואלי חטיף קרא,,210.00,100 גרם,false,,22.90,0.1090,true,1,93783
29424000687,false,גלילי וופל אגוז מנעמ,,,גלילי וופל אגוז מנעמ,,100.00,"100 מ""ל",false,,5.90,0.0590,true,1,139540
29424000854,false,גלילי וופל מנעמים שו,,,גלילי וופל מנעמים שו,,100.00,100 גרם,false,,5.90,0.0590,true,1,139541
31290140107,false,אצבעות שוקולד מריר 7,,,אצבעות שוקולד מריר 7,,90.00,100 גרם,false,,14.90,0.1656,true,1,157278
31290140190,false,אצבעות שוקולד מריר נ,,,אצבעות שוקולד מריר נ,,90.00,100 גרם,false,,14.90,0.1656,true,1,157280
37600207287,false,חמאת בוטנים עם דבש ס,,,חמאת בוטנים עם דבש ס,,462.00,100 גרם,false,,25.90,0.0561,true,1,88792
38000138638,false,פרינגלס פיצה 158גר,,,פרינגלס פיצה 158גר,,158.00,100 גרם,false,,12.70,0.0804,true,1,133155
38000232152,false,פרינגלס ביג ברביקיו,,,פרינגלס ביג ברביקיו,,158.00,100 גרם,false,,12.70,0.0804,true,1,155945
38000232176,false,פרינגלס ביג שמנת ובצ,,,פרינגלס ביג שמנת ובצ,,149.00,100 גרם,false,,12.70,0.0852,true,1,155944
38000232183,false,פרינגלס ביג אורגינל,,,פרינגלס ביג אורגינל,,149.00,"100 מ""ל",false,,12.70,0.0852,true,1,155943
38527591053,false,דגני בוקר קוואקר מרו,,,דגני בוקר קוואקר מרו,,412.00,100 גרם,false,,23.90,0.0580,true,1,90766
46214382259,false,עוגיות בראוניס שוקול,קריות זול,,עוגיות בראוניס שוקול,,200.00,100 גרם,false,,11.90,0.0595,true,1,91426
46214731552,false,עוגיות שוקולד ציפס ע,קריות זול,,עוגיות שוקולד ציפס ע,,225.00,"100 מ""ל",false,,11.90,0.0529,true,1,91427
54881003971,false,תה אנגלי ירוק מבחר 2,,,תה אנגלי ירוק מבחר 2,יחידה,0.00,יחידה,false,,9.90,0.0000,true,1,141733
54881005654,false,תה אנגלי ירוק יסמין,,,תה אנגלי ירוק יסמין,יחידה,0.00,יחידה,false,,9.90,0.0000,true,1,141735
54881006958,false,תה אנגלי שחור קינמון,,,תה אנגלי שחור קינמון,יחידה,0.00,יחידה,false,,9.90,0.0000,true,1,138861
54881006972,false,תה אנגלי שחור לימון,,,תה אנגלי שחור לימון,יחידה,0.00,יחידה,false,,9.90,0.0000,true,1,138862
55369902342,false,"רסק תפו""ע ביתי אפל ס",,,"רסק תפו""ע ביתי אפל ס",,709.00,100 גרם,false,,16.50,0.0233,true,1,87237
55369903295,false,"רסק תפו""ע בצנצנת ללא",,,"רסק תפו""ע בצנצנת ללא",,652.00,100 גרם,false,,16.50,0.0253,true,1,87241
77343000233,false,להבונים 50יח,קריות זול,,להבונים 50יח,יחידה,0.00,יחידה,false,,9.90,0.0000,true,1,86784
77975094631,false,בייגלה סניידרס גבינה,,,בייגלה סניידרס גבינה,,266.00,100 גרם,false,,17.90,0.0673,true,1,158358
80518532743,false,בלוני גומי רמה 3,,,בלוני גומי רמה 3,יחידה,0.00,יחידה,false,,11.90,0.0000,true,1,91843
639138513238,false,פילה הרינג מעושן 190,,,פילה הרינג מעושן 190,,190.00,100 גרם,false,,14.90,0.0784,true,1,87250
639138527617,false,הרינג ברוטב עגבניות,,,הרינג ברוטב עגבניות,,200.00,100 גרם,false,,14.90,0.0745,true,1,87251
645173911038,false,קורנישון מיני 720גר,,,קורנישון מיני 720גר,,720.00,100 גרם,false,,12.90,0.0179,true,1,87333
728229124764,false,ציפס חטיף טרה בטטה מ,,,ציפס חטיף טרה בטטה מ,,110.00,100 גרם,false,,15.90,0.1445,true,1,159811
856591000055,false,עוגיות עבאדי מזרחיות,,,עוגיות עבאדי מזרחיות,,400.00,100 גרם,false,,19.90,0.0497,true,1,93303
884912359414,false,*מבצע* דגני פוסט האנ,,,*מבצע* דגני פוסט האנ,,340.00,100 גרם,false,,16.90,0.0497,true,1,163990
884912359421,false,*מבצע* דגני פוסט האנ,,,*מבצע* דגני פוסט האנ,,340.00,100 גרם,false,,16.90,0.0497,true,1,163989
884912359483,false,דגני פוסט האני בנצ'ס,,,דגני פוסט האני בנצ'ס,,312.00,100 גרם,false,,25.90,0.0830,true,1,163991
884912377142,false,*מבצע* דגני פוסט האנ,,,*מבצע* דגני פוסט האנ,,340.00,100 גרם,false,,16.90,0.0497,true,1,163992
887930413397,false,סוללות קודאק זוג AAA,,,סוללות קודאק זוג AAA,יחידה,0.00,יחידה,false,,5.90,0.0000,true,1,163229
887930413908,false,פנס קודאק לד צבע שחו,,,פנס קודאק לד צבע שחו,יחידה,0.00,יחידה,false,,9.90,0.0000,true,1,158739
887930413915,false,פנס קודאק לד צבע אדו,,,פנס קודאק לד צבע אדו,יחידה,0.00,יחידה,false,,9.90,0.0000,true,1,158740
887930415681,false,נורות לד קודאק A60 ו,,,נורות לד קודאק A60 ו,יחידה,0.00,יחידה,false,,21.90,0.0000,true,1,136973
887930415704,false,נורות לד קודאק A60 ו,,,נורות לד קודאק A60 ו,יחידה,0.00,יחידה,false,,21.90,0.0000,true,1,136974
887930952018,false,סוללות קודאק אקסטרא,,,סוללות קודאק אקסטרא,יחידה,0.00,יחידה,false,,11.90,0.0000,true,1,135859
3014260214692,false,גילט גל גילוח רגיש ס,קריות זול,,גילט גל גילוח רגיש ס,,200.00,"100 מ""ל",false,,19.90,0.0995,true,1,97854
3046920010801,false,שוקולד לינדט אקסלנס,,,שוקולד לינדט אקסלנס,,100.00,100 גרם,false,,16.90,0.1690,true,1,142735
3046920016377,false,שוקולד לינדט אקסלנס,,,שוקולד לינדט אקסלנס,,50.00,100 גרם,false,,16.90,0.3380,true,1,157538
3046920028004,false,שוקולד לינדט אקסלנס,,,שוקולד לינדט אקסלנס,,100.00,100 גרם,false,,16.90,0.1690,true,1,142739
3046920028752,false,שוקולד לינדט אקסלנס,,,שוקולד לינדט אקסלנס,,100.00,100 גרם,false,,16.90,0.1690,true,1,142742
3046920029674,false,שוקולד לינדט אקסלנס,,,שוקולד לינדט אקסלנס,,100.00,100 גרם,false,,16.90,0.1690,true,1,142743
3574660389142,false,ליסטרין מי פה פרש יר,,,ליסטרין מי פה פרש יר,,500.00,"100 מ""ל",false,,19.90,0.0398,true,1,165135
3800020403570,false,קיט קט צאנקי לוטוס 1,,,קיט קט צאנקי לוטוס 1,,168.00,100 גרם,false,,10.90,0.0649,true,1,164153
4000417022004,false,שוקולד קולד ריטר צימ,,,שוקולד קולד ריטר צימ,,100.00,100 גרם,false,,9.90,0.0990,true,1,93812
4000417026002,false,שוקולד ריטר ספורט פר,,,שוקולד ריטר ספורט פר,,100.00,100 גרם,false,,9.90,0.0990,true,1,93815
4000417212009,false,שוקולד ריטר ספורט מר,,,שוקולד ריטר ספורט מר,,100.00,100 גרם,false,,9.90,0.0990,true,1,139995
4000417222008,false,שוקולד ריטר ספורט חל,,,שוקולד ריטר ספורט חל,,100.00,100 גרם,false,,9.90,0.0990,true,1,93817
4000522061752,false,בייגלה צ'יו מקלות 10,,,בייגלה צ'יו מקלות 10,,100.00,"100 מ""ל",false,,4.90,0.0490,true,1,97801
4002448017684,false,סיליט באנג ספריי רב,קריות זול,,סיליט באנג ספריי רב,,750.00,100 גרם,false,,13.90,0.0185,true,1,96498
4002448019480,false,סיליט באנג ספריי מסי,,,סיליט באנג ספריי מסי,,750.00,"100 מ""ל",false,,13.90,0.0185,true,1,96499
4005808124787,false,תחליב רחצה ניוואה רי,,,תחליב רחצה ניוואה רי,,750.00,"100 מ""ל",false,,14.90,0.0199,true,1,149742
4005808128631,false,ניוואה ג'ל רחצה תמצי,,,ניוואה ג'ל רחצה תמצי,,500.00,"100 מ""ל",false,,14.90,0.0298,true,1,157373
4005808366392,false,שפתון לבלו כחול בליס,,,שפתון לבלו כחול בליס,יחידה,0.00,יחידה,false,,10.00,0.0000,true,1,146013
4005808406029,false,ניוואה תחליב רחצה סו,,,ניוואה תחליב רחצה סו,,750.00,יח',false,,14.90,0.0199,true,1,157375
4005808698103,false,ניוואה תחליב גוף סמו,,,ניוואה תחליב גוף סמו,,500.00,"100 מ""ל",false,,19.90,0.0398,true,1,159319
4005808702107,false,ניוואה תחליב גוף לעו,,,ניוואה תחליב גוף לעו,,500.00,"100 מ""ל",false,,19.90,0.0398,true,1,159320
4005808850723,false,שפתון לבלו תות בליסט,,,שפתון לבלו תות בליסט,יחידה,0.00,יחידה,false,,10.00,0.0000,true,1,146016
4005808890576,false,ניוואה קרם ידיים שפו,,,ניוואה קרם ידיים שפו,יחידה,0.00,יחידה,false,,12.90,0.0000,true,1,157361
4005900036445,false,ניוואה רול און בלק ו,,,ניוואה רול און בלק ו,,50.00,"100 מ""ל",false,,14.90,0.2980,true,1,157364
4005900036476,false,ניוואה רול און בלק א,,,ניוואה רול און בלק א,,50.00,"100 מ""ל",false,,14.90,0.2980,true,1,146017
4005900138842,false,ניוואה תחליב רחצה סמ,,,ניוואה תחליב רחצה סמ,,750.00,מטר,false,,14.90,0.0199,true,1,161138
4005900494924,false,ניוואה דאו ספריי דרי,,,ניוואה דאו ספריי דרי,,150.00,"100 מ""ל",false,,14.90,0.0993,true,1,157372
4005900555915,false,ניוואה תחליב רחצה קו,,,ניוואה תחליב רחצה קו,,750.00,,false,,14.90,0.0199,true,1,157468
4005900648181,false,ניוואה תחליב רחצה אל,,,ניוואה תחליב רחצה אל,,750.00,100 מ'ל,false,,14.90,0.0199,true,1,161137
4008287058161,false,שישיית בירת קרומבכר,,,שישיית בירת קרומבכר,,1980.00,100 גרם,false,,29.90,0.0151,true,1,161152
4009900402965,false,אורביט ווייט בקבוקון,,,אורביט ווייט בקבוקון,,65.00,100 גרם,false,,10.90,0.1677,true,1,102016
4009900403023,false,אורביט ווייט בקבוקון,,,אורביט ווייט בקבוקון,,64.00,100 גרם,false,,10.90,0.1703,true,1,102017
4009900420129,false,אורביט פרופשיונל פפר,,,אורביט פרופשיונל פפר,,64.00,"100 מ""ל",false,,10.90,0.1703,true,1,139563
4009900426039,false,איירוויבז מנטה אקליפ,,,איירוויבז מנטה אקליפ,,64.00,"100 מ""ל",false,,10.90,0.1703,true,1,131840
4009900426121,false,איירוויבז אוכמניות ב,,,איירוויבז אוכמניות ב,,64.00,100 גרם,false,,10.90,0.1703,true,1,131841
4009900479998,false,אורביט אוכמניות בקבו,,,אורביט אוכמניות בקבו,יחידה,0.00,יחידה,false,,10.90,0.0000,true,1,102030
4009900482417,false,אורביט באבל מינט בקב,,,אורביט באבל מינט בקב,יחידה,0.00,יחידה,false,,10.90,0.0000,true,1,102031
4014400913910,false,סוכריות וורטר ללא סו,,,סוכריות וורטר ללא סו,,125.00,100 גרם,false,,10.90,0.0872,true,1,93850
4014400914696,false,סוכריות וורטר ללא סו,,,סוכריות וורטר ללא סו,,80.00,100 גרם,false,,10.90,0.1363,true,1,93851
4014400914924,false,סוכריות וורטר ללא סו,,,סוכריות וורטר ללא סו,,80.00,"100 מ""ל",false,,10.90,0.1363,true,1,93852
4014400923711,false,טופיפי 125גרם,קריות זול,,טופיפי 125גרם,,125.00,"100 מ""ל",false,,13.90,0.1112,true,1,132397
4015600762780,false,הד&שולדרס שמפו קלאסי,,,הד&שולדרס שמפו קלאסי,,500.00,"100 מ""ל",false,,25.90,0.0518,true,1,97915
4015600762940,false,הד&שולדרס שמפו תפוח,,,הד&שולדרס שמפו תפוח,,500.00,"100 מ""ל",false,,25.90,0.0518,true,1,144436
4017100198151,false,עוגיות סנדוויץ היט ו,,,עוגיות סנדוויץ היט ו,,220.00,"100 מ""ל",false,,9.90,0.0450,true,1,93858
4017100364112,false,עוגיות סנדוויץ היט ק,,,עוגיות סנדוויץ היט ק,,220.00,100 גרם,false,,9.90,0.0450,true,1,93864
4022025261002,false,בלו וויין גוורצטרמינ,,,בלו וויין גוורצטרמינ,,750.00,"100 מ""ל",false,,49.90,0.0665,true,1,158433
4025700001962,false,מילקה שוקולד לבן 100,,,מילקה שוקולד לבן 100,,100.00,100 גרם,false,,8.90,0.0890,true,1,159461
4033100024146,false,וינסטון קוד,,,וינסטון קוד,יחידה,0.00,יחידה,false,,32.00,0.0000,false,1,119589
4033100024252,false,וינסטון קוד אקווה,,,וינסטון קוד אקווה,יחידה,0.00,יחידה,false,,32.00,0.0000,false,1,97422
4072700003649,false,בירה פרנסיסקאנר בהיר,,,בירה פרנסיסקאנר בהיר,,500.00,"100 מ""ל",false,,10.90,0.0218,true,1,156234
4084500088917,false,פיירי נוזל לכלים צהו,,,פיירי נוזל לכלים צהו,,650.00,"100 מ""ל",false,,11.90,0.0183,true,1,97946
4084500149526,false,טייד גל כביסה 2.48לי,,,טייד גל כביסה 2.48לי,ליטרים,2.48,ליטר,false,,29.90,12.0565,true,1,97947
4084500853553,false,פיירי נוזל לכלים ירו,,,פיירי נוזל לכלים ירו,,650.00,"100 מ""ל",false,,11.90,0.0183,true,1,97955
4084500853898,false,פיירי לכלים אלוורה ו,,,פיירי לכלים אלוורה ו,,515.00,"100 מ""ל",false,,11.90,0.0231,true,1,148537
4100130937163,false,בירה גרמנית בקס שישי,,,בירה גרמנית בקס שישי,,1650.00,100 גרם,false,,29.90,0.0181,true,1,156233
4640018993398,false,פיניש קוואנטום 60 קפ,,,פיניש קוואנטום 60 קפ,,60.00,100 מ'ל,false,,55.90,0.9317,true,1,158591
4710068001715,false,מאסטר קפה טרמיסו 240,,,מאסטר קפה טרמיסו 240,,240.00,"100 מ""ל",false,,8.60,0.0358,true,1,86559
4751003924003,false,לרסן סלט טונה בסגנון,,,לרסן סלט טונה בסגנון,,185.00,100 גרם,false,,13.90,0.0751,true,1,165362
4751003924010,false,לרסן סלט טונה בסגנון,,,לרסן סלט טונה בסגנון,,185.00,100 גרם,false,,13.90,0.0751,true,1,165363
4770237048088,false,גלידה יוגורט אוכמניו,,,גלידה יוגורט אוכמניו,יחידה,0.00,יחידה,false,,6.70,0.0000,true,1,132497
4770237049450,false,פלומביר גלידה בכוס 7,,,פלומביר גלידה בכוס 7,יחידה,0.00,יחידה,false,,6.70,0.0000,true,1,132502
4770237050432,false,פלומביר גלידה שוקולד,,,פלומביר גלידה שוקולד,יחידה,0.00,יחידה,false,,6.70,0.0000,true,1,132503
4770237055567,false,גלידה SVALYA אסקימו,,,גלידה SVALYA אסקימו,,63.00,100 גרם,false,,6.70,0.1063,true,1,138397
4810168037888,false,גלידה YUKKI אגוזים א,,,גלידה YUKKI אגוזים א,,70.00,100 גרם,false,,6.70,0.0957,true,1,138512
4810168038984,false,גלידה YUKKI פלומביר,,,גלידה YUKKI פלומביר,,70.00,"100 מ""ל",false,,6.70,0.0957,true,1,138515
4820015165213,false,גלידה  פלומביר בריקט,,,גלידה  פלומביר בריקט,,90.00,100 גרם,false,,6.70,0.0744,true,1,150319
4823077602863,false,"סוכריות ג'לי רושן ""ק",,,"סוכריות ג'לי רושן ""ק",,200.00,100 גרם,false,,8.90,0.0445,true,1,160819
4823077612732,false,סוכריות בים בום 200,,,סוכריות בים בום 200,,200.00,100 גרם,false,,8.90,0.0445,true,1,140224
4823077613203,false,שוקולד מריר+פונדוק ש,,,שוקולד מריר+פונדוק ש,,90.00,100 גרם,false,,8.90,0.0989,true,1,132330
4823077614675,false,ביסקוויט לקפה רושן ב,,,ביסקוויט לקפה רושן ב,,185.00,100 גרם,false,,4.90,0.0265,true,1,164906
4823077621635,false,וופל רושן בטעם חלב 7,,,וופל רושן בטעם חלב 7,,72.00,"100 מ""ל",false,,3.90,0.0542,true,1,161869
4823077621642,false,וופל רושן בטעם שוקול,,,וופל רושן בטעם שוקול,,72.00,"100 מ""ל",false,,3.90,0.0542,true,1,161870
4823077621659,false,וופל רושן בטעם אגוז,,,וופל רושן בטעם אגוז,,72.00,"100 מ""ל",false,,3.90,0.0542,true,1,161871
4823077625626,false,וופל רושן בטעם אגוז,,,וופל רושן בטעם אגוז,,216.00,"100 מ""ל",false,,7.90,0.0366,true,1,160803
4823077626203,false,שוקולד רושן אוורירי,,,שוקולד רושן אוורירי,,80.00,"100 מ""ל",false,,7.90,0.0988,true,1,150039
4823077626227,false,שוקולד רושן אוורירי,,,שוקולד רושן אוורירי,,80.00,"100 מ""ל",false,,7.90,0.0988,true,1,150040
4823077631467,false,קרקר עם מלח ים רושן,,,קרקר עם מלח ים רושן,,168.00,100 גרם,false,,6.90,0.0411,true,1,161356
4823077631474,false,קרקר קלאסי רושן 168,,,קרקר קלאסי רושן 168,,168.00,100 גרם,false,,6.90,0.0411,true,1,161357
4823077632570,false,שוקולד רושן מריר 85,,,שוקולד רושן מריר 85,,85.00,100 גרם,false,,7.90,0.0929,true,1,161303
4823077632594,false,שוקולד רושן חלב עם א,,,שוקולד רושן חלב עם א,,90.00,100 גרם,false,,8.90,0.0989,true,1,161305
5000127533196,false,קלוגס מנות אישיות וו,קריות זול,,קלוגס מנות אישיות וו,,191.00,100 גרם,false,,24.90,0.1304,true,1,139047
5000146401568,false,ווליט לכביסה שומרי צ,קריות זול,,ווליט לכביסה שומרי צ,יחידה,0.00,יחידה,false,,17.90,0.0000,true,1,96505
5000204886566,false,פלדג' שמן לרהיטים 47,קריות זול,,פלדג' שמן לרהיטים 47,,475.00,"100 מ""ל",false,,34.90,0.0735,true,1,99006
5000267014234,false,וויסקי ג'וני ווקר רד,,,וויסקי ג'וני ווקר רד,,700.00,"100 מ""ל",false,,89.90,0.1284,true,1,86773
5000267024233,false,*מבצע* גוני ווקר שחו,,,*מבצע* גוני ווקר שחו,,700.00,"100 מ""ל",false,,120.00,0.1714,true,1,86775
5010327000046,false,*מבצע* וויסקי גרנטס,,,*מבצע* וויסקי גרנטס,,700.00,100 גרם,false,,59.90,0.0856,true,1,94162
5029053002408,false,קלינקס נייר טואלט לב,קריות זול,,קלינקס נייר טואלט לב,,1184.00,"100 מ""ל",false,,42.90,0.0362,true,1,89685
5029053032658,false,קלינקס ממחטות שמיניי,,,קלינקס ממחטות שמיניי,יחידה,0.00,יחידה,false,,11.90,0.0000,true,1,134993
5029053039725,false,קלינקס נטורל פרש טיש,,,קלינקס נטורל פרש טיש,,72.00,יח',false,,13.90,0.1931,true,1,162072
5029053510811,false,קוטקס תחבושות אולטרה,קריות זול,,קוטקס תחבושות אולטרה,,28.00,יח',false,,19.90,0.7107,true,1,89689
5060639128051,false,מונסטר אולטרה פחית 5,,,מונסטר אולטרה פחית 5,,500.00,100 גרם,false,,7.90,0.0158,true,1,157730
5060751218173,false,מונסטר פונצ פח 500מל,,,מונסטר פונצ פח 500מל,,500.00,100 גרם,false,,7.90,0.0158,true,1,163939
5060751219033,false,מונסטר אולטרה פרדייס,,,מונסטר אולטרה פרדייס,,500.00,"100 מ""ל",false,,7.90,0.0158,true,1,164312
5201583750411,false,סוכריות לימון זירו 3,,,סוכריות לימון זירו 3,,32.00,100 גרם,false,,6.90,0.2156,true,1,161702
5201583751418,false,סוכריות אייס בלו זיר,,,סוכריות אייס בלו זיר,,32.00,100 גרם,false,,6.90,0.2156,true,1,161706
5201583752118,false,סוכריות חמאה במילוי,,,סוכריות חמאה במילוי,,36.00,100 גרם,false,,6.90,0.1917,true,1,161703
5201583752217,false,סוכריות מנטה במילוי,,,סוכריות מנטה במילוי,,36.00,100 גרם,false,,6.90,0.1917,true,1,161707
5201583752415,false,סוכריות תפוז במילוי,,,סוכריות תפוז במילוי,,36.00,100 גרם,false,,6.90,0.1917,true,1,161708
5201940010110,false,זית קלמטה ויליפוד 45,,,זית קלמטה ויליפוד 45,,454.00,100 גרם,false,,19.90,0.0438,true,1,88609
5410126006360,false,לוטוס עוגיות סנדוויץ,,,לוטוס עוגיות סנדוויץ,,150.00,"100 מ""ל",false,,10.90,0.0727,true,1,164994
5410126006377,false,לוטוס עוגיות סנדוויץ,,,לוטוס עוגיות סנדוויץ,,150.00,100 גרם,false,,10.90,0.0727,true,1,164995
5410126106022,false,לוטוס מארז חגים 2*25,,,לוטוס מארז חגים 2*25,,500.00,"100 מ""ל",false,,18.90,0.0378,true,1,165031
5410126116953,false,ממרח ביסקוויט לוטוס,,,ממרח ביסקוויט לוטוס,,400.00,100 גרם,false,,23.90,0.0597,true,1,88880
5410126666038,false,עוגיות לוטוס 279 גרם,,,עוגיות לוטוס 279 גרם,,279.00,100 גרם,false,,11.90,0.0427,true,1,138808
5410228267515,false,בירה באדוויזר שישייה,,,בירה באדוויזר שישייה,,1980.00,100 גרם,false,,29.90,0.0151,true,1,156231
5410316994019,false,*מבצע* וודקה סמירנוף,,,*מבצע* וודקה סמירנוף,,700.00,100 גרם,false,,50.00,0.0714,true,1,86780
5411188094159,false,אלפרו מעדן סויה שוקו,קריות זול,,אלפרו מעדן סויה שוקו,,500.00,100 גרם,false,,17.90,0.0358,true,1,91465
5411188110835,false,אלפרו משקה משקה שקדי,,,אלפרו משקה משקה שקדי,,1000.00,"100 מ""ל",false,,14.90,0.0149,true,1,91469
5411188112709,false,אלפרו משקה שקדים ללא,,,אלפרו משקה שקדים ללא,,1000.00,"100 מ""ל",false,,14.90,0.0149,true,1,91473
5411188115366,false,אלפרו משקה שיבולת שו,,,אלפרו משקה שיבולת שו,,1000.00,"100 מ""ל",false,,14.90,0.0149,true,1,91475
5411188115472,false,אלפרו משקה סויה 1 לי,,,אלפרו משקה סויה 1 לי,,1000.00,"100 מ""ל",false,,14.90,0.0149,true,1,158425
5411188120742,false,אלפרו משקה שקדים טעם,,,אלפרו משקה שקדים טעם,,1000.00,"100 מ""ל",false,,14.90,0.0149,true,1,149670
5411188121923,false,אלפרו משקה סויה 3*25,קריות זול,,אלפרו משקה סויה 3*25,,750.00,"100 מ""ל",false,,17.90,0.0239,true,1,136436
5411188121978,false,אלפרו משקה סויה סידן,,,אלפרו משקה סויה סידן,,750.00,100 גרם,false,,17.90,0.0239,true,1,136213
5411188124689,false,אלפרו משקה שיבולת שו,,,אלפרו משקה שיבולת שו,,1000.00,"100 מ""ל",false,,13.90,0.0139,true,1,158765
5411188134985,false,אלפרו נוט מילק 3.5%,,,אלפרו נוט מילק 3.5%,,1000.00,100 גרם,false,,15.90,0.0159,true,1,162404
5411188135005,false,אלפרו נוט מילק 1.8%,,,אלפרו נוט מילק 1.8%,,1000.00,"100 מ""ל",false,,15.90,0.0159,true,1,162405
5411188300328,false,אלפרו משקה סויה שוקו,,,אלפרו משקה סויה שוקו,,1000.00,"100 מ""ל",false,,14.90,0.0149,true,1,91480
5411188543398,false,אלפרו משקה סויה ללא,,,אלפרו משקה סויה ללא,,1000.00,100 גרם,false,,14.90,0.0149,true,1,158426
5411616002190,false,בירה מרטינס סטרונג 8,,,בירה מרטינס סטרונג 8,,500.00,"100 מ""ל",false,,6.90,0.0138,true,1,131109
5411616133245,false,בירה מרטנס ירוק פחית,,,בירה מרטנס ירוק פחית,,500.00,"100 מ""ל",false,,6.90,0.0138,true,1,131099
5411616148546,false,בירה מרטינס גולד פחי,,,בירה מרטינס גולד פחי,,500.00,"100 מ""ל",false,,6.90,0.0138,true,1,131102
5413149655522,false,אריאל שושן צחור אבקת,,,אריאל שושן צחור אבקת,קילוגרמים,1.25,"ק""ג",false,,19.90,15.9200,true,1,97980
5601008200444,false,עוגיות טבעת גודיס מצ,,,עוגיות טבעת גודיס מצ,,150.00,100 גרם,false,,9.90,0.0660,true,1,91483
5601008200468,false,עוגיות טבעת גודיס מצ,,,עוגיות טבעת גודיס מצ,,150.00,100 גרם,false,,9.90,0.0660,true,1,91485
5604912415058,false,סרדינים בשמן חריף פו,,,סרדינים בשמן חריף פו,,125.00,"100 מ""ל",false,,6.90,0.0552,true,1,139998
5740900403215,false,לורפק ממרח עם מלח 25,,,לורפק ממרח עם מלח 25,,250.00,100 גרם,false,,19.50,0.0780,true,1,139063
5740900403222,false,לורפק ממרח עם מלח מו,,,לורפק ממרח עם מלח מו,,250.00,"100 מ""ל",false,,19.50,0.0780,true,1,139064
5740900403239,false,לורפק ממרח ללא מלח 2,,,לורפק ממרח ללא מלח 2,,250.00,"100 מ""ל",false,,19.50,0.0780,true,1,139067
5740900403253,false,לורפק ממרח עם מלח 50,,,לורפק ממרח עם מלח 50,,500.00,100 גרם,false,,29.90,0.0598,true,1,139066
5740900403864,false,לורפק חמאה עם מלח 20,,,לורפק חמאה עם מלח 20,,200.00,"100 מ""ל",false,,12.80,0.0640,true,1,161382
5900020012814,false,דגני בוקר נסקוויק נס,,,דגני בוקר נסקוויק נס,,500.00,100 גרם,false,,27.90,0.0558,true,1,87712
5900020020710,false,חטיף דגנים קראנץ בר,,,חטיף דגנים קראנץ בר,,150.00,100 גרם,false,,17.90,0.1193,true,1,87717
5900020022325,false,חטיף דגנים סיני מיני,,,חטיף דגנים סיני מיני,,150.00,100 גרם,false,,17.90,0.1193,true,1,87720
5900020025807,false,דגני סיני מיניס נסטל,,,דגני סיני מיניס נסטל,,375.00,100 גרם,false,,13.90,0.0371,true,1,87727
5900020026859,false,דגני האני נאט צ'יריו,,,דגני האני נאט צ'יריו,,375.00,100 גרם,false,,13.90,0.0371,true,1,130352
5900020032454,false,פיטנס מארז חטיפי דגנ,,,פיטנס מארז חטיפי דגנ,,188.00,100 גרם,false,,17.50,0.0931,true,1,158651
5900020032539,false,פיטנס מארז חטיפי דגנ,,,פיטנס מארז חטיפי דגנ,,188.00,100 גרם,false,,17.50,0.0931,true,1,158652
5900020034021,false,פיטנס חטיף דגנים שוק,,,פיטנס חטיף דגנים שוק,,141.00,100 גרם,false,,17.50,0.1241,true,1,140667
5900020039620,false,פיטנס חטיף דגנים  שק,,,פיטנס חטיף דגנים  שק,,141.00,100 גרם,false,,17.90,0.1270,true,1,161053
5900627063233,false,פיניש טבליות למדיח 5,,,פיניש טבליות למדיח 5,,50.00,יח',false,,35.90,0.7180,true,1,130593
5902198160403,false,אקסל משקה אנרגיה טן,,,אקסל משקה אנרגיה טן,,250.00,"100 מ""ל",false,,5.00,0.0200,true,1,133755
5906485301012,false,אקסל משקה אנרגיה 250,קריות זול,,אקסל משקה אנרגיה 250,,250.00,"100 מ""ל",false,,5.00,0.0200,true,1,86579
5941021001674,false,שוקולד היידי גראנדור,,,שוקולד היידי גראנדור,,80.00,100 גרם,false,,10.90,0.1363,true,1,144749
5941021005139,false,שוקולד היידי שוקולד,,,שוקולד היידי שוקולד,,100.00,100 גרם,false,,10.90,0.1090,true,1,99434
5941021007577,false,שוקולד היידי גראנדור,,,שוקולד היידי גראנדור,,80.00,100 גרם,false,,10.90,0.1363,true,1,99437
6111094000228,false,קוסקוס תומר דק 1 קג,קריות זול,,קוסקוס תומר דק 1 קג,,1000.00,100 גרם,false,,18.90,0.0189,true,1,87342
6910191800287,false,דפי סושי אצות נורי ב,,,דפי סושי אצות נורי ב,,10.00,100 מ'ל,false,,13.90,1.3900,true,1,98458
6912977000140,false,אטריות שעועית 250גר,,,אטריות שעועית 250גר,,250.00,"100 מ""ל",false,,10.90,0.0436,true,1,98459
7271730901261,false,תערובת להכנת פסטה+גב,,,תערובת להכנת פסטה+גב,,156.00,"100 מ""ל",false,,12.90,0.0827,true,1,87264
7290000023083,false,ערק אשקלון 700 מל,,,ערק אשקלון 700 מל,,700.00,100 גרם,false,,49.90,0.0713,true,1,86587
7290000023816,false,יין קלאסיק אמרלד ריז,,,יין קלאסיק אמרלד ריז,,750.00,"100 מ""ל",false,,39.90,0.0532,true,1,86595
7290000032066,false,שתיה קרה,,,שתיה קרה,יחידה,0.00,יחידה,false,,1.00,0.0000,true,1,86541
7290000037066,false,פרגית טרי,,,פרגית טרי,קילוגרמים,1.00,"ק""ג",true,,69.90,69.9000,true,1,100610
7290000040042,false,יופלה תות שובב 3% 15,קריות זול,,יופלה תות שובב 3% 15,,150.00,100 גרם,false,,5.10,0.0340,true,1,92687
7290000040066,false,יופלה דובדבן פראי 3%,קריות זול,,יופלה דובדבן פראי 3%,,150.00,"100 מ""ל",false,,5.10,0.0340,true,1,92688
7290000040080,false,יופלה אפרסק מאוהב 3%,קריות זול,,יופלה אפרסק מאוהב 3%,,150.00,"100 מ""ל",false,,5.10,0.0340,true,1,92689
7290000040974,false,חלב קרטון דל לקטוז ת,,,חלב קרטון דל לקטוז ת,,1000.00,"100 מ""ל",false,,7.50,0.0075,true,1,92693
7290000041445,false,קוטג 5% מהדרין 250גר,קריות זול,,קוטג 5% מהדרין 250גר,,250.00,"100 מ""ל",false,,5.90,0.0236,true,1,92695
7290000042435,false,חלב בקרטון תנובה 1%,קריות זול,,חלב בקרטון תנובה 1%,,1000.00,"100 מ""ל",false,,5.86,0.0059,true,1,92703
7290000042640,false,חלב עמיד תנובה 3% 25,קריות זול,,חלב עמיד תנובה 3% 25,,250.00,"100 מ""ל",false,,3.10,0.0124,true,1,92708
7290000042855,false,שוקו שקית 250,קריות זול,,שוקו שקית 250,,250.00,100 גרם,false,,3.10,0.0124,true,1,95136
7290000043012,false,שוקו עמיד תנובה בקרט,קריות זול,,שוקו עמיד תנובה בקרט,,250.00,"100 מ""ל",false,,4.90,0.0196,true,1,142629
7290000043814,false,שמנת להקצפה 38% 250מ,קריות זול,,שמנת להקצפה 38% 250מ,,250.00,100 גרם,false,,6.47,0.0259,true,1,92713
7290000043890,false,רויון תנובה 1.5% 1לי,קריות זול,,רויון תנובה 1.5% 1לי,,1000.00,"100 מ""ל",false,,11.70,0.0117,true,1,92714
7290000044712,false,פרילי תות 1.5% 500מל,קריות זול,,פרילי תות 1.5% 500מל,,500.00,"100 מ""ל",false,,10.90,0.0218,true,1,92719
7290000044880,false,באדי תות 3% 500מל,קריות זול,,באדי תות 3% 500מל,,500.00,"100 מ""ל",false,,9.50,0.0190,true,1,92721
7290000045573,false,נעמה גבינת מותכת 200,קריות זול,,נעמה גבינת מותכת 200,,200.00,100 גרם,false,,15.30,0.0765,true,1,92723
7290000046327,false,גלבוע גבינה צהובה פר,קריות זול,,גלבוע גבינה צהובה פר,,200.00,100 גרם,false,,13.90,0.0695,true,1,92729
7290000047942,false,גבינה לבנה 9% מהדרין,קריות זול,,גבינה לבנה 9% מהדרין,,250.00,100 גרם,false,,4.90,0.0196,true,1,92733
7290000048185,false,גבינה לבנה 250גר 5%,קריות זול,,גבינה לבנה 250גר 5%,,250.00,100 גרם,false,,4.98,0.0199,true,1,92734
7290000048192,false,גבינה לבנה רכה 9% 25,קריות זול,,גבינה לבנה רכה 9% 25,,250.00,100 גרם,false,,4.90,0.0196,true,1,92735
7290000048413,false,גבינת חמד פיראוס 16%,קריות זול,,גבינת חמד פיראוס 16%,,250.00,100 גרם,false,,18.90,0.0756,true,1,92737
7290000048437,false,צפתית 5% 200גר פיראו,קריות זול,,צפתית 5% 200גר פיראו,,200.00,100 גרם,false,,15.50,0.0775,true,1,92738
7290000049458,false,פטה עיזים  פיראוס 16,קריות זול,,פטה עיזים  פיראוס 16,,250.00,100 גרם,false,,29.90,0.1196,true,1,92740
7290000050447,false,יופלה YYY תות 3% 500,,,יופלה YYY תות 3% 500,,500.00,"100 מ""ל",false,,13.50,0.0270,true,1,92744
7290000050454,false,יופלה YYY אפרסק 3% 5,,,יופלה YYY אפרסק 3% 5,,500.00,"100 מ""ל",false,,13.50,0.0270,true,1,92745
7290000051307,false,הפסקת אוכל עוגי +חלב,,,הפסקת אוכל עוגי +חלב,,150.00,"100 מ""ל",false,,9.70,0.0647,true,1,92750
7290000051710,false,לאבנה עם שמן זית וזע,,,לאבנה עם שמן זית וזע,,263.00,"100 מ""ל",false,,14.90,0.0567,true,1,92754
7290000052311,false,עמק גבינה צהובה מהדר,,,עמק גבינה צהובה מהדר,,200.00,"100 מ""ל",false,,16.70,0.0835,true,1,92759
7290000052649,false,לאבנה 5% 500גר פיראו,,,לאבנה 5% 500גר פיראו,,500.00,100 גרם,false,,19.90,0.0398,true,1,92760
7290000055015,false,פטה כבשים 5% שומן פי,,,פטה כבשים 5% שומן פי,,250.00,100 גרם,false,,27.90,0.1116,true,1,92775
7290000055329,false,יופלה משקה יוגורט תו,,,יופלה משקה יוגורט תו,,250.00,"100 מ""ל",false,,5.70,0.0228,true,1,92777
7290000056906,false,יופלה לבן מאגדת שמינ,,,יופלה לבן מאגדת שמינ,,1200.00,100 גרם,false,,18.20,0.0152,true,1,92797
7290000056951,false,שמנת לבישול 15% פקק,,,שמנת לבישול 15% פקק,,500.00,"100 מ""ל",false,,17.50,0.0350,true,1,92799
7290000057088,false,עמק גבינה צהובה דק ד,,,עמק גבינה צהובה דק ד,,200.00,100 מ'ל,false,,16.70,0.0835,true,1,92803
7290000057118,false,*מבצע* המעדניה של עמ,,,*מבצע* המעדניה של עמ,,400.00,"100 מ""ל",false,,19.90,0.0497,true,1,92804
7290000057132,false,יוגורט טבעי 1.5%תנוב,,,יוגורט טבעי 1.5%תנוב,,200.00,"100 מ""ל",false,,3.30,0.0165,true,1,92805
7290000058580,false,קוקילידה וניל,,,קוקילידה וניל,יחידה,0.00,יחידה,false,,11.90,0.0000,true,1,90625
7290000060200,false,פתיתים אפויים קוסקוס,קריות זול,,פתיתים אפויים קוסקוס,,500.00,"100 מ""ל",false,,8.60,0.0172,true,1,87735
7290000060316,false,פסטה פרפקטו ספגטי אס,קריות זול,,פסטה פרפקטו ספגטי אס,,500.00,"100 מ""ל",false,,8.90,0.0178,true,1,141841
7290000060323,false,פסטה פרפקטו ספגטיני,קריות זול,,פסטה פרפקטו ספגטיני,,500.00,100 גרם,false,,8.90,0.0178,true,1,141842
7290000060330,false,פסטה פרפקטו ספיראלי,קריות זול,,פסטה פרפקטו ספיראלי,,500.00,"100 מ""ל",false,,8.90,0.0178,true,1,87741
7290000060415,false,לזניה פרפקטו 500גר,קריות זול,,לזניה פרפקטו 500גר,,500.00,100 גרם,false,,16.90,0.0338,true,1,87744
7290000060576,false,פתיתים אפויים כוכב א,קריות זול,,פתיתים אפויים כוכב א,,500.00,"100 מ""ל",false,,8.60,0.0172,true,1,87748
7290000060781,false,פסטה מסולסלים אסם 50,קריות זול,,פסטה מסולסלים אסם 50,,500.00,"100 מ""ל",false,,7.60,0.0152,true,1,87749
7290000060828,false,פסטה קרניים בינוניות,קריות זול,,פסטה קרניים בינוניות,,500.00,"100 מ""ל",false,,7.60,0.0152,true,1,87750
7290000060880,false,פסטה ספגטי אסם 500גר,קריות זול,,פסטה ספגטי אסם 500גר,,500.00,100 גרם,false,,7.60,0.0152,true,1,87753
7290000060903,false,פתיתים אפויים אורז א,קריות זול,,פתיתים אפויים אורז א,,500.00,"100 מ""ל",false,,8.60,0.0172,true,1,87754
7290000060958,false,אטריות בינוניות אסם,קריות זול,,אטריות בינוניות אסם,,400.00,"100 מ""ל",false,,7.90,0.0198,true,1,87756
7290000060965,false,אטריות רחבות אסם 400,קריות זול,,אטריות רחבות אסם 400,,400.00,100 גרם,false,,7.90,0.0198,true,1,87757
7290000061108,false,רוטב טריאקי אסם 290מ,קריות זול,,רוטב טריאקי אסם 290מ,,290.00,"100 מ""ל",false,,12.90,0.0445,true,1,87761
7290000063140,false,שקדי מרק רכיבים טבעי,קריות זול,,שקדי מרק רכיבים טבעי,,400.00,100 גרם,false,,15.90,0.0398,true,1,87776
7290000063157,false,קמח תופח מאליו אסם 1,קריות זול,,קמח תופח מאליו אסם 1,,1000.00,100 גרם,false,,10.90,0.0109,true,1,87777
7290000064758,false,קוסקוס בינוני אסם 35,קריות זול,,קוסקוס בינוני אסם 35,,350.00,100 גרם,false,,8.90,0.0254,true,1,87785
7290000065090,false,מיני קורטונים למרק ו,קריות זול,,מיני קורטונים למרק ו,,400.00,"100 מ""ל",false,,27.90,0.0697,true,1,87787
7290000065335,false,מנה חמה אסם פירה עם,קריות זול,,מנה חמה אסם פירה עם,,55.00,100 גרם,false,,7.50,0.1364,true,1,87789
7290000065557,false,מנה חמה אסם קוסקוס ע,קריות זול,,מנה חמה אסם קוסקוס ע,,84.00,100 גרם,false,,7.50,0.0893,true,1,87791
7290000065977,false,חטיפי פריכונים תירס,,,חטיפי פריכונים תירס,,80.00,"100 מ""ל",false,,9.70,0.1212,true,1,141848
7290000066141,false,ביסלי בטעם גריל אסם,קריות זול,,ביסלי בטעם גריל אסם,,70.00,"100 מ""ל",false,,5.00,0.0714,true,1,87798
7290000066172,false,ביסלי בטעם פיצה אסם,קריות זול,,ביסלי בטעם פיצה אסם,,70.00,100 גרם,false,,5.00,0.0714,true,1,87801
7290000066196,false,ביסלי גדול טעם גריל,קריות זול,,ביסלי גדול טעם גריל,,200.00,"100 מ""ל",false,,9.90,0.0495,true,1,87803
7290000066264,false,דובונים אסם 40גר,קריות זול,,דובונים אסם 40גר,,40.00,100 גרם,false,,5.00,0.1250,true,1,87807
7290000066318,false,במבה אסם 80 גרם,קריות זול,,במבה אסם 80 גרם,,80.00,100 גרם,false,,5.60,0.0700,true,1,87810
7290000066332,false,אפרופו אסם 50גר,קריות זול,,אפרופו אסם 50גר,,50.00,100 גרם,false,,5.50,0.1100,true,1,87811
7290000066431,false,פופקו חטיף אסם 80גר,קריות זול,,פופקו חטיף אסם 80גר,,80.00,100 גרם,false,,5.90,0.0738,true,1,87813
7290000067599,false,מנה חמה אסם ספגטי רו,קריות זול,,מנה חמה אסם ספגטי רו,,65.00,100 גרם,false,,7.50,0.1154,true,1,87824
7290000068138,false,פודינג וניל אסם 80גר,קריות זול,,פודינג וניל אסם 80גר,,80.00,100 גרם,false,,6.30,0.0787,true,1,87831
7290000068190,false,ג'לי תות אסם 85 גר,קריות זול,,ג'לי תות אסם 85 גר,,85.00,100 גרם,false,,7.50,0.0882,true,1,87834
7290000068343,false,פריכונים מאורז מלא א,קריות זול,,פריכונים מאורז מלא א,,140.00,100 גרם,false,,8.90,0.0636,true,1,87840
7290000068701,false,שקדי מרק במיכל אסם 4,קריות זול,,שקדי מרק במיכל אסם 4,,400.00,100 גרם,false,,17.90,0.0447,true,1,87841
7290000070308,false,מרק עוף אמיתי אסם 40,קריות זול,,מרק עוף אמיתי אסם 40,,400.00,100 גרם,false,,18.90,0.0472,true,1,87860
7290000070919,false,בייגלה רשתות מלח אסם,,,בייגלה רשתות מלח אסם,,400.00,"100 מ""ל",false,,14.50,0.0363,true,1,87864
7290000072067,false,במבה במילוי קרם חלבה,,,במבה במילוי קרם חלבה,,60.00,100 גרם,false,,5.60,0.0933,true,1,87867
7290000072753,false,טסטרס צויס 200 גרם,,,טסטרס צויס 200 גרם,,200.00,100 גרם,false,,29.90,0.1495,true,1,87876
7290000072968,false,דגני סיני מיניס נסטל,קריות זול,,דגני סיני מיניס נסטל,,500.00,100 גרם,false,,27.90,0.0558,true,1,87882
7290000073415,false,מנה חמה אסם פסטה ברו,קריות זול,,מנה חמה אסם פסטה ברו,,61.00,"100 מ""ל",false,,7.50,0.1230,true,1,87884
7290000073767,false,מנה חמה אסם נודלס טע,קריות זול,,מנה חמה אסם נודלס טע,,70.00,100 גרם,false,,7.50,0.1071,true,1,87887
7290000073774,false,מנה חמה אסם נודלס טע,קריות זול,,מנה חמה אסם נודלס טע,,70.00,100 גרם,false,,7.50,0.1071,true,1,87888
7290000074184,false,פתי בר וניל אסם 500ג,קריות זול,,פתי בר וניל אסם 500ג,,500.00,100 גרם,false,,12.90,0.0258,true,1,87894
7290000074245,false,קרם קרקר אסם 250גר,קריות זול,,קרם קרקר אסם 250גר,,250.00,"100 מ""ל",false,,9.50,0.0380,true,1,87895
7290000074375,false,קרקר זהב אסם 150 גרם,קריות זול,,קרקר זהב אסם 150 גרם,,150.00,"100 מ""ל",false,,7.90,0.0527,true,1,87901
7290000074481,false,לחמית אגוזים אסם 160,,,לחמית אגוזים אסם 160,,160.00,"100 מ""ל",false,,11.90,0.0744,true,1,87903
7290000075204,false,לחמית חיטה מלאה אסם,קריות זול,,לחמית חיטה מלאה אסם,,250.00,"100 מ""ל",false,,9.90,0.0396,true,1,87912
7290000075693,false,עוגת הבית שמרים בריו,,,עוגת הבית שמרים בריו,,360.00,"100 מ""ל",false,,18.90,0.0525,true,1,87914
7290000076645,false,טוסטעים חיטה מלאה אס,,,טוסטעים חיטה מלאה אס,,100.00,100 גרם,false,,11.50,0.1150,true,1,87918
7290000078212,false,קרוטונים מתובלים אסם,קריות זול,,קרוטונים מתובלים אסם,,250.00,100 גרם,false,,16.90,0.0676,true,1,87922
7290000079233,false,קרם דל נתרן אסם 250ג,קריות זול,,קרם דל נתרן אסם 250ג,,250.00,100 גרם,false,,11.90,0.0476,true,1,87925
7290000080420,false,צלי כתף עגל,,,צלי כתף עגל,קילוגרמים,1.00,"ק""ג",true,,89.90,89.9000,true,1,96001
7290000100593,false,פרוסות אנטיפסטי לתנו,,,פרוסות אנטיפסטי לתנו,,600.00,"100 מ""ל",false,,23.90,0.0398,true,1,155916
7290000100609,false,קוביות אנטי פסטי להק,,,קוביות אנטי פסטי להק,,600.00,"100 מ""ל",false,,23.90,0.0398,true,1,155917
7290000101927,false,אוכמניות כחולות מוקפ,,,אוכמניות כחולות מוקפ,,300.00,100 גרם,false,,16.90,0.0563,true,1,138382
7290000101934,false,תערובת פירות יער מוק,,,תערובת פירות יער מוק,,300.00,100 גרם,false,,16.90,0.0563,true,1,138383
7290000101941,false,אננס חתוך מוקפא 300ג,,,אננס חתוך מוקפא 300ג,,300.00,100 גרם,false,,16.90,0.0563,true,1,138386
7290000101958,false,מנגו חתוך מוקפא 300ג,,,מנגו חתוך מוקפא 300ג,,300.00,100 גרם,false,,16.90,0.0563,true,1,138384
7290000103365,false,מרק ירקות קפוא סנפרו,,,מרק ירקות קפוא סנפרו,,550.00,100 גרם,false,,18.90,0.0344,true,1,92458
7290000103433,false,לקט ירקות לתנור סנפר,,,לקט ירקות לתנור סנפר,,800.00,"100 מ""ל",false,,24.90,0.0311,true,1,130410
7290000103730,false,לקט להקפצה עם פסטה פ,,,לקט להקפצה עם פסטה פ,,800.00,100 גרם,false,,24.90,0.0311,true,1,92469
7290000103839,false,מרק כתום קפוא סנפרוס,,,מרק כתום קפוא סנפרוס,,570.00,100 גרם,false,,18.90,0.0332,true,1,92474
7290000103846,false,מרק אפונה קפוא סנפרו,,,מרק אפונה קפוא סנפרו,,570.00,100 גרם,false,,18.90,0.0332,true,1,92475
7290000103877,false,מרק שעועית קפוא סנפר,,,מרק שעועית קפוא סנפר,,640.00,100 גרם,false,,18.90,0.0295,true,1,92477
7290000104072,false,עדשים ירוקות מבושלות,,,עדשים ירוקות מבושלות,,800.00,100 גרם,false,,21.90,0.0274,true,1,92478
7290000104201,false,אפונה עדינה סנפרוסט,קריות זול,,אפונה עדינה סנפרוסט,,600.00,100 גרם,false,,21.90,0.0365,true,1,92481
7290000104225,false,בצל קצוץ סנפרוסט 600,קריות זול,,בצל קצוץ סנפרוסט 600,,600.00,"100 מ""ל",false,,18.90,0.0315,true,1,92483
7290000104676,false,אפונה גינה סנפרוסט 8,קריות זול,,אפונה גינה סנפרוסט 8,,800.00,"100 מ""ל",false,,17.90,0.0224,true,1,92485
7290000104690,false,גרעיני תירס סנפרוסט,קריות זול,,גרעיני תירס סנפרוסט,,800.00,100 גרם,false,,19.90,0.0249,true,1,92487
7290000104706,false,גזר גמדי סנפרוסט 800,קריות זול,,גזר גמדי סנפרוסט 800,,800.00,100 גרם,false,,19.90,0.0249,true,1,92488
7290000104744,false,כרובית סנפרוסט 800גר,קריות זול,,כרובית סנפרוסט 800גר,,800.00,100 גרם,false,,26.90,0.0336,true,1,92492
7290000104751,false,כרוב ניצנים סנפרוסט,קריות זול,,כרוב ניצנים סנפרוסט,,800.00,"100 מ""ל",false,,26.90,0.0336,true,1,92493
7290000104768,false,תרד עלים סנפרוסט 800,קריות זול,,תרד עלים סנפרוסט 800,,800.00,100 גרם,false,,28.90,0.0361,true,1,92494
7290000104799,false,שעועית לבנה מבושלת ס,קריות זול,,שעועית לבנה מבושלת ס,,800.00,"100 מ""ל",false,,21.90,0.0274,true,1,92496
7290000104805,false,גרגירי חומוס קפוא סנ,קריות זול,,גרגירי חומוס קפוא סנ,,800.00,100 גרם,false,,21.90,0.0274,true,1,92497
7290000104874,false,לקט לקוסקוס סנפרוסט,קריות זול,,לקט לקוסקוס סנפרוסט,,800.00,100 גרם,false,,24.90,0.0311,true,1,92500
7290000104881,false,אפונה וגזר סנפרוסט 8,קריות זול,,אפונה וגזר סנפרוסט 8,,800.00,100 גרם,false,,19.90,0.0249,true,1,92501
7290000104904,false,לקט ירקות מעורבים סנ,קריות זול,,לקט ירקות מעורבים סנ,,800.00,"100 מ""ל",false,,24.90,0.0311,true,1,92503
7290000104911,false,לקט נורמנדי סנפרוסט,קריות זול,,לקט נורמנדי סנפרוסט,,800.00,"100 מ""ל",false,,24.90,0.0311,true,1,92504
7290000107189,false,תחתיות ארטישוק 400גר,קריות זול,,תחתיות ארטישוק 400גר,,400.00,"100 מ""ל",false,,24.90,0.0622,true,1,92507
7290000107295,false,תפרחות ברוקולי סנפרו,קריות זול,,תפרחות ברוקולי סנפרו,,800.00,100 גרם,false,,28.90,0.0361,true,1,92508
7290000110844,false,כיפלי גריל תלמה 70גר,קריות זול,,כיפלי גריל תלמה 70גר,,70.00,"100 מ""ל",false,,5.90,0.0843,true,1,90027
7290000110851,false,כיפלי בצל תלמה 70גר,קריות זול,,כיפלי בצל תלמה 70גר,,70.00,100 גרם,false,,5.90,0.0843,true,1,90028
7290000111063,false,מיונז תלמה 250 גר,קריות זול,,מיונז תלמה 250 גר,,250.00,100 גרם,false,,7.50,0.0300,true,1,90029
7290000111186,false,מיונז תלמה 500גר,קריות זול,,מיונז תלמה 500גר,,500.00,100 גרם,false,,9.90,0.0198,true,1,90032
7290000111360,false,חרדל אמיתי תלמה 250,קריות זול,,חרדל אמיתי תלמה 250,,250.00,100 גרם,false,,8.90,0.0356,true,1,90035
7290000111384,false,חרדל צנצנת תלמה 550ג,קריות זול,,חרדל צנצנת תלמה 550ג,,550.00,100 גרם,false,,12.90,0.0235,true,1,90036
7290000112619,false,מרק עוף אמיתי קנור 4,קריות זול,,מרק עוף אמיתי קנור 4,,400.00,100 גרם,false,,24.90,0.0622,true,1,90041
7290000113203,false,כיפלי ציפס קטשופ 50ג,קריות זול,,כיפלי ציפס קטשופ 50ג,,50.00,100 גרם,false,,5.90,0.1180,true,1,90044
7290000117720,false,נמס בכוס קנור פטריות,קריות זול,,נמס בכוס קנור פטריות,,43.00,100 גרם,false,,7.70,0.1791,true,1,90061
7290000118277,false,קניידלך קנור 2*65 גר,קריות זול,,קניידלך קנור 2*65 גר,,130.00,100 גרם,false,,11.90,0.0915,true,1,90064
7290000120836,false,מיונז הלמנס 394 גר,קריות זול,,מיונז הלמנס 394 גר,,394.00,100 גרם,false,,14.90,0.0378,true,1,90071
7290000120874,false,מיונז הלמנס לייט 424,קריות זול,,מיונז הלמנס לייט 424,,424.00,100 גרם,false,,14.90,0.0351,true,1,90072
7290000129457,false,רוטב פטריות קנור 28ג,קריות זול,,רוטב פטריות קנור 28ג,,28.00,100 גרם,false,,5.90,0.2107,true,1,90099
7290000133904,false,סנו דואופרש פסיפלורה,קריות זול,,סנו דואופרש פסיפלורה,,300.00,"100 מ""ל",false,,13.90,0.0463,true,1,142055
7290000134307,false,קינמון טחון 50גר,קריות זול,,קינמון טחון 50גר,,50.00,"100 מ""ל",false,,6.90,0.1380,true,1,95863
7290000134352,false,קימנון טחון 80 גר,,,קימנון טחון 80 גר,,80.00,100 גרם,false,,10.90,0.1363,true,1,95866
7290000134376,false,פפריקה בשמן 100גר,,,פפריקה בשמן 100גר,,100.00,100 גרם,false,,10.90,0.1090,true,1,95867
7290000134666,false,רוזמרין 15גר,,,רוזמרין 15גר,,15.00,100 גרם,false,,7.90,0.5267,true,1,95873
7290000134826,false,זעתר מעורב במיכל 100,,,זעתר מעורב במיכל 100,,100.00,100 גרם,false,,10.90,0.1090,true,1,95880
7290000134833,false,כמון טחון במיכל 100ג,,,כמון טחון במיכל 100ג,,100.00,100 גרם,false,,10.90,0.1090,true,1,95881
7290000134840,false,כורכום במיכל 100גר,,,כורכום במיכל 100גר,,100.00,100 גרם,false,,10.90,0.1090,true,1,95882
7290000134857,false,פפריקה מתוקה במיכל 1,,,פפריקה מתוקה במיכל 1,,100.00,"100 מ""ל",false,,10.90,0.1090,true,1,95883
7290000134864,false,פפריקה חריפה במיכל 1,,,פפריקה חריפה במיכל 1,,100.00,100 גרם,false,,10.90,0.1090,true,1,95884
7290000134871,false,פלפל שחור טחון 100גר,,,פלפל שחור טחון 100גר,,100.00,"100 מ""ל",false,,15.90,0.1590,true,1,95885
7290000134987,false,פלפל שחור גרוס 90גר,,,פלפל שחור גרוס 90גר,,90.00,100 גרם,false,,15.90,0.1767,true,1,95888
7290000134994,false,טימין 20גר,,,טימין 20גר,,20.00,100 גרם,false,,7.90,0.3950,true,1,95889
7290000135113,false,אקסל פחית טן ליים 25,,,אקסל פחית טן ליים 25,,250.00,100 גרם,false,,5.00,0.0200,true,1,155885
7290000135595,false,פפסי מקס בטעם דובדבן,,,פפסי מקס בטעם דובדבן,,1500.00,"100 מ""ל",false,,7.90,0.0053,true,1,160870
7290000136158,false,פפסי מקס 1.5 ליטר,,,פפסי מקס 1.5 ליטר,,1500.00,100 גרם,false,,7.90,0.0053,true,1,162539
7290000136264,false,מי טוניק טמפו 1.5ליט,,,מי טוניק טמפו 1.5ליט,,1500.00,"100 מ""ל",false,,13.00,0.0087,true,1,162526
7290000136288,false,סירופ בטעם תפוחים ג',,,סירופ בטעם תפוחים ג',,330.00,"100 מ""ל",false,,17.90,0.0542,true,1,165437
7290000136295,false,סירופ בטעם פטל ג'ויס,,,סירופ בטעם פטל ג'ויס,,330.00,"100 מ""ל",false,,17.90,0.0542,true,1,165438
7290000136684,false,פפסי מקס 1.5 ליטר,,,פפסי מקס 1.5 ליטר,,1500.00,100 גרם,false,,7.90,0.0053,true,1,162960
7290000136868,false,מים סאן בנדטו 6* 1.5,,,מים סאן בנדטו 6* 1.5,,9000.00,100 גרם,false,,22.90,0.0025,true,1,162512
7290000136875,false,מים סאן בנדטו מוגז 6,,,מים סאן בנדטו מוגז 6,,9000.00,100 גרם,false,,23.90,0.0027,true,1,162513
7290000136936,false,סבן אפ 1.5 ליטר דיאט,,,סבן אפ 1.5 ליטר דיאט,,1500.00,"100 מ""ל",false,,7.90,0.0053,true,1,163465
7290000137643,false,שלגוני טעמקור 8יח,קריות זול,,שלגוני טעמקור 8יח,,8.00,,false,,43.90,5.4875,true,1,92294
7290000139609,false,פצפוצי אורז טבעי 450,,,פצפוצי אורז טבעי 450,,450.00,100 גרם,false,,13.90,0.0309,true,1,98591
7290000144160,false,שמן זית כתית מעולה א,,,שמן זית כתית מעולה א,,750.00,"100 מ""ל",false,,34.90,0.0465,true,1,96063
7290000144467,false,שמן חמניות בריאות מה,קריות זול,,שמן חמניות בריאות מה,,1000.00,100 גרם,false,,17.90,0.0179,true,1,96065
7290000144474,false,שמן קנולה בריאות מהט,קריות זול,,שמן קנולה בריאות מהט,,1000.00,100 גרם,false,,17.90,0.0179,true,1,96066
7290000149615,false,נקה 7 סבון מוצק לתינ,,,נקה 7 סבון מוצק לתינ,,400.00,100 גרם,false,,12.90,0.0323,true,1,89192
7290000149851,false,סינטבון כפול 460גר,,,סינטבון כפול 460גר,,460.00,100 גרם,false,,15.90,0.0346,true,1,89194
7290000152288,false,נקניקיות עוף עוף טוב,,,נקניקיות עוף עוף טוב,,400.00,100 גרם,false,,15.80,0.0395,true,1,87946
7290000168173,false,ברנפלקס קראנצים 375,,,ברנפלקס קראנצים 375,,375.00,100 גרם,false,,23.90,0.0637,true,1,90157
7290000169538,false,נמס בכוס קנור עגבניו,,,נמס בכוס קנור עגבניו,,62.00,"100 מ""ל",false,,7.70,0.1242,true,1,90177
7290000169798,false,עוגי מופחת סוכר 500ג,,,עוגי מופחת סוכר 500ג,,500.00,100 גרם,false,,22.90,0.0458,true,1,90181
7290000174723,false,שוקולית עלית 500גר,קריות זול,,שוקולית עלית 500גר,,500.00,100 גרם,false,,12.90,0.0258,true,1,99494
7290000176062,false,קפה טורקי עלית 100גר,קריות זול,,קפה טורקי עלית 100גר,,100.00,100 גרם,false,,8.90,0.0890,true,1,99496
7290000176079,false,קפה טורקי עם הל עלית,קריות זול,,קפה טורקי עם הל עלית,,100.00,100 גרם,false,,9.90,0.0990,true,1,99497
7290000176116,false,קפה טורקי עלית 1קג,קריות זול,,קפה טורקי עלית 1קג,,1000.00,100 גרם,false,,69.90,0.0699,true,1,99500
7290000176420,false,קפה נמס עלית 200גר,קריות זול,,קפה נמס עלית 200גר,,200.00,100 גרם,false,,19.90,0.0995,true,1,99504
7290000178707,false,תפוציפס טבעי 50גר,קריות זול,,תפוציפס טבעי 50גר,,50.00,100 גרם,false,,4.50,0.0900,true,1,90770
7290000178721,false,תפוציפס טבעי 200גר,,,תפוציפס טבעי 200גר,,200.00,100 גרם,false,,11.90,0.0595,true,1,90771
7290000186535,false,לילי טריו לבן נייר ט,,,לילי טריו לבן נייר ט,יחידה,0.00,יחידה,false,,49.90,0.0000,true,1,89701
7290000186931,false,כריות קרצוף חתוכות א,,,כריות קרצוף חתוכות א,יחידה,0.00,יחידה,false,,13.90,0.0000,true,1,89705
7290000187860,false,לילי מגבוני נייר טוא,קריות זול,,לילי מגבוני נייר טוא,יחידה,0.00,יחידה,false,,8.90,0.0000,true,1,89710
7290000187952,false,לילי טריו נייר טאולט,,,לילי טריו נייר טאולט,יחידה,0.00,יחידה,false,,49.90,0.0000,true,1,89713
7290000188355,false,מגבות מטבח שישייה ני,,,מגבות מטבח שישייה ני,יחידה,0.00,יחידה,false,,12.90,0.0000,true,1,89718
7290000189192,false,סופר מגבת רב פעמית נ,,,סופר מגבת רב פעמית נ,,11.00,100 מ'ל,false,,23.90,2.1727,true,1,89725
7290000189215,false,מטלית הקסם לרצפה ניק,קריות זול,,מטלית הקסם לרצפה ניק,יחידה,0.00,יחידה,false,,14.90,0.0000,true,1,139966
7290000189277,false,תבנית מלבנית גדולה ח,,,תבנית מלבנית גדולה ח,יחידה,0.00,יחידה,false,,11.90,0.0000,true,1,132973
7290000189550,false,אשפתון זוג ענק 20 מת,קריות זול,,אשפתון זוג ענק 20 מת,,20.00,יח',false,,26.90,1.3450,true,1,89730
7290000190136,false,חלה מתוקה ברמן,,,חלה מתוקה ברמן,,500.00,100 גרם,false,,8.90,0.0178,true,1,143810
7290000190853,false,לילי לבן נייר טואלט,,,לילי לבן נייר טואלט,יחידה,0.00,יחידה,false,,39.90,0.0000,true,1,89749
7290000191225,false,האגיס ליטל בייביס ני,,,האגיס ליטל בייביס ני,יחידה,0.00,יחידה,false,,36.90,0.0000,true,1,89751
7290000191539,false,לילי צבעוני חמישיה 5,קריות זול,,לילי צבעוני חמישיה 5,,593.00,100 גרם,false,,17.90,0.0302,true,1,89752
7290000192581,false,מגבות נייר ניקול שיש,,,מגבות נייר ניקול שיש,יחידה,0.00,יחידה,false,,21.90,0.0000,true,1,157738
7290000193076,false,מטליות בד לרצפה ניקו,,,מטליות בד לרצפה ניקו,יחידה,0.00,יחידה,false,,10.90,0.0000,true,1,107168
7290000193540,false,לילי מגני תחתון נטור,קריות זול,,לילי מגני תחתון נטור,,52.00,100 מ'ל,false,,15.90,0.3058,true,1,142154
7290000193656,false,לילי תחבושות נטורל א,קריות זול,,לילי תחבושות נטורל א,יחידה,0.00,יחידה,false,,15.90,0.0000,true,1,142157
7290000194837,false,ניקול שקיות מזון XL,,,ניקול שקיות מזון XL,יחידה,0.00,יחידה,false,,13.90,0.0000,true,1,126133
7290000195216,false,נייר אפיה 50יח ניקול,,,נייר אפיה 50יח ניקול,,50.00,100 מ'ל,false,,12.90,0.2580,true,1,89769
7290000197029,false,ניקול שקיות ניילון ר,קריות זול,,ניקול שקיות ניילון ר,יחידה,0.00,יחידה,false,,13.90,0.0000,true,1,89783
7290000197081,false,ניילון נצמד 150 מטר,,,ניילון נצמד 150 מטר,יחידה,150.00,יחידה,false,,29.90,0.1993,true,1,89784
7290000197326,false,ניקול רדיד אלומיניום,קריות זול,,ניקול רדיד אלומיניום,,15.00,"100 מ""ל",false,,12.90,0.8600,true,1,89790
7290000197340,false,ניקול רדיד אלומיניום,קריות זול,,ניקול רדיד אלומיניום,,15.00,מטר,false,,16.90,1.1267,true,1,89791
7290000197432,false,ניקול שקיות אוכל זוג,קריות זול,,ניקול שקיות אוכל זוג,,150.00,"100 מ""ל",false,,13.90,0.0927,true,1,89793
7290000197470,false,"שקיות רב""ש להקפאה",קריות זול,,"שקיות רב""ש להקפאה",,50.00,100 מ'ל,false,,15.90,0.3180,true,1,89796
7290000197548,false,האגיס פרידום דריי של,,,האגיס פרידום דריי של,יחידה,0.00,יחידה,false,,48.90,0.0000,true,1,89797
7290000197654,false,אשפתון שקיות אשפה ענ,קריות זול,,אשפתון שקיות אשפה ענ,,50.00,יח',false,,19.90,0.3980,true,1,89798
7290000197753,false,ניילונית זוג ניקול,קריות זול,,ניילונית זוג ניקול,,60.00,מטר,false,,12.90,0.2150,true,1,89800
7290000199313,false,קוטקס תחבושות נורמל,,,קוטקס תחבושות נורמל,,28.00,יח',false,,19.90,0.7107,true,1,89804
7290000200026,false,חזה עוף טרי ארוז,,,חזה עוף טרי ארוז,קילוגרמים,1.00,"ק""ג",true,,39.90,39.9000,true,1,143853
7290000204307,false,מטליות רב שימושיות ב,,,מטליות רב שימושיות ב,,40.00,יח',false,,19.90,0.4975,true,1,89826
7290000205762,false,האגיס אקסטרא קייר מי,,,האגיס אקסטרא קייר מי,יחידה,0.00,יחידה,false,,49.90,0.0000,true,1,148085
7290000207063,false,רסק עגבניות פריכוז 2,,,רסק עגבניות פריכוז 2,,260.00,100 גרם,false,,5.50,0.0212,true,1,87110
7290000207162,false,רוטב עגבניות 22% 100,קריות זול,,רוטב עגבניות 22% 100,,100.00,100 גרם,false,,2.50,0.0250,true,1,87113
7290000208022,false,עגבניות מרוסקות 800ג,קריות זול,,עגבניות מרוסקות 800ג,,800.00,100 גרם,false,,10.90,0.0136,true,1,87116
7290000208077,false,אפונה גדולה יכין 550,קריות זול,,אפונה גדולה יכין 550,,550.00,100 גרם,false,,9.70,0.0176,true,1,87118
7290000208114,false,אפונה וגזר יכין 550ג,,,אפונה וגזר יכין 550ג,,550.00,100 גרם,false,,9.70,0.0176,true,1,87120
7290000208138,false,סירופ דייאט ענבים יכ,,,סירופ דייאט ענבים יכ,,1000.00,"100 מ""ל",false,,16.90,0.0169,true,1,87122
7290000208145,false,תירס לייט יכין 550גר,קריות זול,,תירס לייט יכין 550גר,,550.00,"100 מ""ל",false,,10.90,0.0198,true,1,87123
7290000208213,false,שעועית לבנה ברוטב עג,קריות זול,,שעועית לבנה ברוטב עג,,580.00,100 גרם,false,,9.90,0.0171,true,1,87126
7290000208220,false,שעועית צילי יכין 550,קריות זול,,שעועית צילי יכין 550,,550.00,100 גרם,false,,9.90,0.0180,true,1,87127
7290000208251,false,שעועית ירוקה חתוכה י,קריות זול,,שעועית ירוקה חתוכה י,,550.00,100 גרם,false,,10.90,0.0198,true,1,87129
7290000208312,false,תירס מתוק ואקום יכין,קריות זול,,תירס מתוק ואקום יכין,,400.00,100 גרם,false,,7.90,0.0198,true,1,87131
7290000208329,false,תירס מתוק יכין 550גר,קריות זול,,תירס מתוק יכין 550גר,,550.00,"100 מ""ל",false,,9.70,0.0176,true,1,87132
7290000208336,false,רוטב עגבניות יכין 22,קריות זול,,רוטב עגבניות יכין 22,,240.00,"100 מ""ל",false,,4.90,0.0204,true,1,87133
7290000208343,false,עגבניות מרוסקות עם ש,,,עגבניות מרוסקות עם ש,,800.00,100 גרם,false,,10.90,0.0136,true,1,87134
7290000208367,false,עגבניות מרוסקות בתוס,,,עגבניות מרוסקות בתוס,,800.00,100 גרם,false,,10.90,0.0136,true,1,87136
7290000208404,false,פול מצרי יכין 550גר,קריות זול,,פול מצרי יכין 550גר,,550.00,100 גרם,false,,9.90,0.0180,true,1,87137
7290000208428,false,חומוס שלם יכין 550גר,קריות זול,,חומוס שלם יכין 550גר,,550.00,100 גרם,false,,9.90,0.0180,true,1,87138
7290000208800,false,תירס קיד יכין מתוק 2,,,תירס קיד יכין מתוק 2,,285.00,100 גרם,false,,7.90,0.0277,true,1,87144
7290000208978,false,רסק עגבניות פריכוז %,,,רסק עגבניות פריכוז %,,100.00,100 גרם,false,,2.90,0.0290,true,1,87149
7290000209043,false,מיץ לימון משומר 1ל,,,מיץ לימון משומר 1ל,,1000.00,"100 מ""ל",false,,6.90,0.0069,true,1,87152
7290000209173,false,חומץ סינטטי יכין 1 ל,,,חומץ סינטטי יכין 1 ל,,1000.00,"100 מ""ל",false,,6.90,0.0069,true,1,87153
7290000209371,false,תירס יכין שלישייה 3*,,,תירס יכין שלישייה 3*,,495.00,100 גרם,false,,15.90,0.0321,true,1,87161
7290000209388,false,תירס ליייט שלישייה 3,,,תירס ליייט שלישייה 3,,495.00,100 גרם,false,,15.90,0.0321,true,1,87162
7290000209517,false,סירופ דייאט לימון יכ,,,סירופ דייאט לימון יכ,,1000.00,"100 מ""ל",false,,16.90,0.0169,true,1,87164
7290000209555,false,"סירופ דייאט תפוח""ע י",,,"סירופ דייאט תפוח""ע י",,1000.00,"100 מ""ל",false,,16.90,0.0169,true,1,87167
7290000209722,false,רסק עגבניות פריכוז 2,,,רסק עגבניות פריכוז 2,,580.00,100 גרם,false,,10.90,0.0188,true,1,87173
7290000209913,false,עגבניות קוביות יכין,,,עגבניות קוביות יכין,,240.00,100 גרם,false,,6.90,0.0288,true,1,87175
7290000209944,false,רוטב שקשוקה יכין 240,,,רוטב שקשוקה יכין 240,,240.00,100 גרם,false,,6.90,0.0288,true,1,87176
7290000209951,false,רוטב פיצה יכין 240 ג,,,רוטב פיצה יכין 240 ג,,240.00,100 גרם,false,,6.90,0.0288,true,1,87177
7290000210896,false,רוטב בולונז יכין 240,,,רוטב בולונז יכין 240,,240.00,100 גרם,false,,6.90,0.0288,true,1,87180
7290000211169,false,אורז תאילנדי סוגת 1ק,קריות זול,,אורז תאילנדי סוגת 1ק,,1000.00,100 גרם,false,,8.90,0.0089,true,1,94047
7290000211442,false,אורז פרסי קלאסי שקית,קריות זול,,אורז פרסי קלאסי שקית,,1000.00,100 גרם,false,,11.90,0.0119,true,1,94051
7290000211503,false,"סוכר סוגת 1 ק""ג",,,"סוכר סוגת 1 ק""ג",,1000.00,100 גרם,false,,4.90,0.0049,true,1,94052
7290000212401,false,וופל מצופית מנעמים 4,קריות זול,,וופל מצופית מנעמים 4,,400.00,"100 מ""ל",false,,10.90,0.0273,true,1,93319
7290000238029,false,*מבצע* בצק עלים מרוד,קריות זול,,*מבצע* בצק עלים מרוד,,1000.00,100 גרם,false,,16.90,0.0169,true,1,92511
7290000238036,false,מלווח מעדנות קופסא 7,קריות זול,,מלווח מעדנות קופסא 7,,700.00,"100 מ""ל",false,,18.90,0.0270,true,1,92512
7290000238173,false,בורקס גבינה מעדנות 8,קריות זול,,בורקס גבינה מעדנות 8,,800.00,100 גרם,false,,22.90,0.0286,true,1,92513
7290000238180,false,"בורקס תפו""א מעדנות 8",קריות זול,,"בורקס תפו""א מעדנות 8",,800.00,100 גרם,false,,19.90,0.0249,true,1,92514
7290000243566,false,שמן קנולה בריאות עץ,,,שמן קנולה בריאות עץ,,750.00,100 גרם,false,,14.90,0.0199,true,1,96073
7290000244051,false,הוואי אל סבון טרופי,קריות זול,,הוואי אל סבון טרופי,,1500.00,100 גרם,false,,17.90,0.0119,true,1,93238
7290000245287,false,פרסיל קולור שקית אבק,קריות זול,,פרסיל קולור שקית אבק,קילוגרמים,1.25,"ק""ג",false,,15.90,12.7200,true,1,100444
7290000245478,false,סוד בייבי אבקת כביסה,,,סוד בייבי אבקת כביסה,קילוגרמים,1.25,"ק""ג",false,,13.90,11.1200,true,1,100449
7290000245508,false,סוד פרפקט אבקת כביסה,קריות זול,,סוד פרפקט אבקת כביסה,קילוגרמים,1.25,"ק""ג",false,,13.90,11.1200,true,1,100450
7290000245515,false,סוד קומפורט פרפיום א,קריות זול,,סוד קומפורט פרפיום א,קילוגרמים,1.25,"ק""ג",false,,13.90,11.1200,true,1,100451
7290000253251,false,שוקולד ציפס לבן  250,,,שוקולד ציפס לבן  250,,250.00,"100 מ""ל",false,,14.90,0.0596,true,1,93512
7290000262031,false,מולט לב נייר טואלט 3,,,מולט לב נייר טואלט 3,,1850.00,100 גרם,false,,31.90,0.0172,true,1,89830
7290000267036,false,שקדים מולבנים שבבים,קריות זול,,שקדים מולבנים שבבים,,100.00,100 גרם,false,,10.90,0.1090,true,1,96735
7290000267050,false,שקד טחון השף 100 גר,,,שקד טחון השף 100 גר,,100.00,100 גרם,false,,10.90,0.1090,true,1,96737
7290000267548,false,אגוזי מלך גרוסים השף,,,אגוזי מלך גרוסים השף,,100.00,100 גרם,false,,13.90,0.1390,true,1,96739
7290000267555,false,בוטנים טבעיים גרוסים,,,בוטנים טבעיים גרוסים,,100.00,100 גרם,false,,7.90,0.0790,true,1,96740
7290000272726,false,חומץ טבעי 5% עסיס 1,קריות זול,,חומץ טבעי 5% עסיס 1,,1000.00,"100 מ""ל",false,,8.90,0.0089,true,1,87986
7290000286549,false,מטליות לכל סנו סושי,קריות זול,,מטליות לכל סנו סושי,,9.00,יח',false,,12.90,1.4333,true,1,89205
7290000286594,false,סנו X אבקה לניקוי לי,קריות זול,,סנו X אבקה לניקוי לי,,600.00,100 גרם,false,,10.90,0.0182,true,1,89207
7290000287621,false,אנטי קאלק W.C מנקה א,,,אנטי קאלק W.C מנקה א,,750.00,"100 מ""ל",false,,11.90,0.0159,true,1,89224
7290000288024,false,אקונומיקה סנו ז'אוול,קריות זול,,אקונומיקה סנו ז'אוול,ליטרים,4.00,ליטר,false,,17.90,4.4750,true,1,89229
7290000288048,false,סנו ז'אוול מרסס מונט,קריות זול,,סנו ז'אוול מרסס מונט,,1000.00,100 גרם,false,,21.90,0.0219,true,1,89231
7290000288727,false,סנו מקסימה מאסק אבקת,קריות זול,,סנו מקסימה מאסק אבקת,קילוגרמים,1.25,"ק""ג",false,,15.90,12.7200,true,1,89244
7290000289069,false,סנו ז'אוול מרסס לימו,קריות זול,,סנו ז'אוול מרסס לימו,,1000.00,"100 מ""ל",false,,21.90,0.0219,true,1,89246
7290000289496,false,סנו ז'אוול ג'ל קרם מ,קריות זול,,סנו ז'אוול ג'ל קרם מ,,750.00,100 גרם,false,,14.90,0.0199,true,1,89250
7290000291932,false,סנובון נוזלי תפוח וק,קריות זול,,סנובון נוזלי תפוח וק,,750.00,"100 מ""ל",false,,11.90,0.0159,true,1,89257
7290000292564,false,K 2000 סנו ללא ריח,קריות זול,,K 2000 סנו ללא ריח,יחידה,750.00,יחידה,false,,32.90,0.0439,true,1,89265
7290000292687,false,סנובון לאסלה כחול של,קריות זול,,סנובון לאסלה כחול של,,165.00,100 גרם,false,,17.90,0.1085,true,1,89266
7290000292915,false,סנו רסס ונגב מרסס 75,קריות זול,,סנו רסס ונגב מרסס 75,,750.00,"100 מ""ל",false,,15.90,0.0212,true,1,89267
7290000293943,false,אנטי קאלק מרסס 1ליטר,קריות זול,,אנטי קאלק מרסס 1ליטר,,1000.00,"100 מ""ל",false,,21.90,0.0219,true,1,89274
7290000295336,false,סנו מקסימה סנסיטיב א,קריות זול,,סנו מקסימה סנסיטיב א,קילוגרמים,1.25,"ק""ג",false,,15.90,12.7200,true,1,89283
7290000295558,false,סנו סושי צמד רדידי א,קריות זול,,סנו סושי צמד רדידי א,,0.30,מטר,false,,11.90,39.6667,true,1,89289
7290000300900,false,שניצל תירס טבעול 750,קריות זול,,שניצל תירס טבעול 750,,750.00,100 גרם,false,,29.90,0.0399,true,1,87993
7290000303598,false,שעועית אפוייה 550גר,קריות זול,,שעועית אפוייה 550גר,,550.00,100 גרם,false,,8.90,0.0162,true,1,96894
7290000303604,false,חומוס גרגירים 550גר,קריות זול,,חומוס גרגירים 550גר,,550.00,100 גרם,false,,8.90,0.0162,true,1,96895
7290000305882,false,אס ירקות עם דגים ברו,קריות זול,,אס ירקות עם דגים ברו,,120.00,100 גרם,false,,6.50,0.0542,true,1,88901
7290000307015,false,אפונת גינה גדולה 550,קריות זול,,אפונת גינה גדולה 550,,550.00,"100 מ""ל",false,,8.90,0.0162,true,1,96896
7290000307046,false,אפונה וגזר 550גר,קריות זול,,אפונה וגזר 550גר,,550.00,100 גרם,false,,8.90,0.0162,true,1,96897
7290000307220,false,תירס מתוק ואקום 340ג,קריות זול,,תירס מתוק ואקום 340ג,,340.00,"100 מ""ל",false,,7.90,0.0232,true,1,96898
7290000307237,false,תירס גרעינים 550 גר,קריות זול,,תירס גרעינים 550 גר,,550.00,100 גרם,false,,8.90,0.0162,true,1,96899
7290000311128,false,עוגיות בטעם חמאה 300,,,עוגיות בטעם חמאה 300,,300.00,100 גרם,false,,8.90,0.0297,true,1,117814
7290000311234,false,וופל מן וניל 200גר,,,וופל מן וניל 200גר,,200.00,100 גרם,false,,5.90,0.0295,true,1,115291
7290000311357,false,וופל מן בטעם אגוזים,,,וופל מן בטעם אגוזים,,280.00,100 גרם,false,,13.90,0.0496,true,1,95561
7290000311364,false,וופל מן בטעם שוקולד,,,וופל מן בטעם שוקולד,,200.00,100 גרם,false,,8.90,0.0445,true,1,146344
7290000311425,false,וופל מן מצופים עשירי,,,וופל מן מצופים עשירי,,220.00,100 גרם,false,,8.90,0.0405,true,1,95562
7290000311500,false,וופל מן שוקו 500גר,,,וופל מן שוקו 500גר,,500.00,100 גרם,false,,10.90,0.0218,true,1,95563
7290000311517,false,וופל מן לימון 500גר,,,וופל מן לימון 500גר,,500.00,100 גרם,false,,10.90,0.0218,true,1,95564
7290000311708,false,עוגיות חיטה מלאה 300,,,עוגיות חיטה מלאה 300,,300.00,100 גרם,false,,8.90,0.0297,true,1,117816
7290000311715,false,עוגיות בטעם שוקולד 3,,,עוגיות בטעם שוקולד 3,,300.00,100 גרם,false,,8.90,0.0297,true,1,117817
7290000311746,false,עוגיות בטעם קרמל 300,,,עוגיות בטעם קרמל 300,,300.00,100 גרם,false,,8.90,0.0297,true,1,134551
7290000311845,false,עוגיות קמח מלא ללא ס,,,עוגיות קמח מלא ללא ס,,200.00,"100 מ""ל",false,,10.90,0.0545,true,1,134552
7290000311869,false,וופל מן בטעם שוקולד,,,וופל מן בטעם שוקולד,,180.00,100 גרם,false,,8.90,0.0494,true,1,134554
7290000311876,false,וופל מן בטעם וניל לל,,,וופל מן בטעם וניל לל,,180.00,100 גרם,false,,8.90,0.0494,true,1,126150
7290000311883,false,עוגיות גרנולה ללא סו,,,עוגיות גרנולה ללא סו,,200.00,100 גרם,false,,10.90,0.0545,true,1,134553
7290000318127,false,נקניקיות ביס יחיעם 3,קריות זול,,נקניקיות ביס יחיעם 3,,380.00,"100 מ""ל",false,,12.90,0.0339,true,1,86246
7290000318479,false,פרושטו בקר יחיעם 100,קריות זול,,פרושטו בקר יחיעם 100,,100.00,100 גרם,false,,29.90,0.2990,true,1,86253
7290000318677,false,סלמי סרוולט יחיעם 15,קריות זול,,סלמי סרוולט יחיעם 15,,150.00,100 גרם,false,,29.90,0.1993,true,1,86255
7290000318943,false,פסטרמה של פעם יחיעם,קריות זול,,פסטרמה של פעם יחיעם,,200.00,100 גרם,false,,24.90,0.1245,true,1,86263
7290000319124,false,סלמי סרוולט 250 גרם,קריות זול,,סלמי סרוולט 250 גרם,,250.00,100 גרם,false,,42.90,0.1716,true,1,86266
7290000319131,false,נקניקיות עוף יחיעם 4,קריות זול,,נקניקיות עוף יחיעם 4,,400.00,"100 מ""ל",false,,12.90,0.0323,true,1,86267
7290000319520,false,סלמי צרפתי יחיעם 100,קריות זול,,סלמי צרפתי יחיעם 100,,100.00,100 גרם,false,,21.90,0.2190,true,1,86274
7290000319803,false,קבנוס קלאסי יחיעם 12,,,קבנוס קלאסי יחיעם 12,,125.00,100 גרם,false,,15.90,0.1272,true,1,86281
7290000334684,false,טבעות בצל תפוגן 700ג,קריות זול,,טבעות בצל תפוגן 700ג,,700.00,100 גרם,false,,19.90,0.0284,true,1,88007
7290000334745,false,"ציפס אמריקאן 1.5ק""ג",,,"ציפס אמריקאן 1.5ק""ג",,1500.00,100 גרם,false,,27.90,0.0186,true,1,88009
7290000339191,false,אבקת הלבנה רן 350גר,קריות זול,,אבקת הלבנה רן 350גר,,350.00,100 גרם,false,,23.90,0.0683,true,1,90202
7290000342856,false,בדין כחול מרכך כביסה,קריות זול,,בדין כחול מרכך כביסה,ליטרים,4.00,ליטר,false,,22.90,5.7250,true,1,90210
7290000345215,false,תה ויסוצקי קלאסיק כח,קריות זול,,תה ויסוצקי קלאסיק כח,,100.00,100 גרם,false,,19.90,0.1990,true,1,93326
7290000345291,false,תה ארל גריי ויסוצקי,קריות זול,,תה ארל גריי ויסוצקי,,25.00,יח',false,,17.90,0.7160,true,1,93330
7290000347738,false,תה ירוק נענע 25יח,קריות זול,,תה ירוק נענע 25יח,,37.50,100 גרם,false,,27.90,0.7440,true,1,93349
7290000347752,false,תה ירוק לימונית ולוא,קריות זול,,תה ירוק לימונית ולוא,,37.50,100 גרם,false,,27.90,0.7440,true,1,93350
7290000355757,false,עגבניות מרוסקות 800ג,קריות זול,,עגבניות מרוסקות 800ג,,800.00,100 גרם,false,,9.90,0.0124,true,1,96914
7290000364261,false,סלסולי פסטרמה כתף בק,,,סלסולי פסטרמה כתף בק,,120.00,100 גרם,false,,15.90,0.1325,true,1,113952
7290000364858,false,נקניקיות עוף טירת צב,,,נקניקיות עוף טירת צב,,1000.00,100 גרם,false,,26.90,0.0269,true,1,117831
7290000364872,false,נקניקיות עוף טירת צב,,,נקניקיות עוף טירת צב,,400.00,"100 מ""ל",false,,15.90,0.0398,true,1,117832
7290000408316,false,דנונה טבעי 3% 200גר,קריות זול,,דנונה טבעי 3% 200גר,,200.00,100 גרם,false,,3.80,0.0190,true,1,95138
7290000408354,false,דנונה בר פיצפוצים 17,,,דנונה בר פיצפוצים 17,,173.00,"100 מ""ל",false,,4.90,0.0283,true,1,95139
7290000416021,false,ממרח השחר 500גר,קריות זול,,ממרח השחר 500גר,,500.00,"100 מ""ל",false,,13.90,0.0278,true,1,97366
7290000416618,false,"ממרח השחר בד""צ 400גר",,,"ממרח השחר בד""צ 400גר",,400.00,100 גרם,false,,13.90,0.0348,true,1,97371
7290000418131,false,תחבושות טופ פד סופר,,,תחבושות טופ פד סופר,יחידה,0.00,יחידה,false,,7.90,0.0000,true,1,86033
7290000419220,false,לנדוור קפה כחול מארז,,,לנדוור קפה כחול מארז,,300.00,100 גרם,false,,19.90,0.0663,true,1,104945
7290000419374,false,לנדוור קפה טחון טורק,,,לנדוור קפה טחון טורק,,300.00,100 גרם,false,,19.90,0.0663,true,1,126192
7290000453798,false,שמרים יבשים אקטיביים,,,שמרים יבשים אקטיביים,,500.00,100 גרם,false,,15.90,0.0318,true,1,99521
7290000461700,false,ביגלה גדול גדול 400ג,קריות זול,,ביגלה גדול גדול 400ג,,400.00,"100 מ""ל",false,,14.90,0.0373,true,1,90215
7290000461793,false,בייגלה ארוך ארוך סיד,קריות זול,,בייגלה ארוך ארוך סיד,,200.00,"100 מ""ל",false,,6.90,0.0345,true,1,90218
7290000462141,false,סחוג אדום חריף מאוד,,,סחוג אדום חריף מאוד,,150.00,100 גרם,false,,11.90,0.0793,true,1,95145
7290000462172,false,סחוג ירוק חריף מאוד,קריות זול,,סחוג ירוק חריף מאוד,,150.00,"100 מ""ל",false,,11.90,0.0793,true,1,95146
7290000467320,false,חומוס אבו מרוואן צבר,,,חומוס אבו מרוואן צבר,,400.00,100 גרם,false,,15.50,0.0388,true,1,88046
7290000474090,false,חלב בקרטון טרה 1% 1ל,קריות זול,,חלב בקרטון טרה 1% 1ל,,1000.00,"100 מ""ל",false,,5.86,0.0059,true,1,90965
7290000474502,false,גבינה לבנה 5% 250גר,קריות זול,,גבינה לבנה 5% 250גר,,250.00,100 גרם,false,,4.98,0.0199,true,1,90973
7290000474540,false,גבינת 3% טוב טעם 250,קריות זול,,גבינת 3% טוב טעם 250,,250.00,100 גרם,false,,12.90,0.0516,true,1,90974
7290000481029,false,פיתות בטעם ביתי 10 י,,,פיתות בטעם ביתי 10 י,,1000.00,"100 מ""ל",false,,11.90,0.0119,true,1,159382
7290000481043,false,פיתות כוסמין מארז 10,,,פיתות כוסמין מארז 10,,700.00,"100 מ""ל",false,,15.90,0.0227,true,1,159966
7290000481487,false,חלה רגילה 500גר,,,חלה רגילה 500גר,,500.00,"100 מ""ל",false,,5.17,0.0103,true,1,143171
7290000481494,false,מיני בגט 2יח רוסטיק,,,מיני בגט 2יח רוסטיק,,320.00,100 גרם,false,,11.90,0.0372,true,1,165653
7290000481517,false,פוקצות 2יח עם שמן זי,,,פוקצות 2יח עם שמן זי,,320.00,100 גרם,false,,12.90,0.0403,true,1,165652
7290000490762,false,גלידל חלבי מאגדת בטע,,,גלידל חלבי מאגדת בטע,,8.00,100 מ'ל,false,,29.90,3.7375,true,1,159574
7290000497044,false,לחם אקטיב ברמן 750גר,,,לחם אקטיב ברמן 750גר,,750.00,100 גרם,false,,17.90,0.0239,true,1,96440
7290000497112,false,לחם אחיד פרוס ברמן,,,לחם אחיד פרוס ברמן,,750.00,100 גרם,false,,7.10,0.0095,true,1,96441
7290000497228,false,לחמניות בשקית 6יח,,,לחמניות בשקית 6יח,,450.00,"100 מ""ל",false,,10.90,0.0242,true,1,96444
7290000497303,false,לחמניה מקמח מלא 6יח,,,לחמניה מקמח מלא 6יח,,540.00,"100 מ""ל",false,,10.90,0.0202,true,1,96446
7290000497358,false,חלומית חלה מתוקה ארו,,,חלומית חלה מתוקה ארו,,500.00,100 גרם,false,,14.90,0.0298,true,1,96447
7290000497426,false,לחם ברמן לענין פלוס,,,לחם ברמן לענין פלוס,,500.00,"100 מ""ל",false,,16.90,0.0338,true,1,96448
7290000498256,false,מארז 10יח לחמניות בר,,,מארז 10יח לחמניות בר,יחידה,0.00,יחידה,false,,14.90,0.0000,true,1,131942
7290000498423,false,חלה מתוקה ברמן,,,חלה מתוקה ברמן,,500.00,100 גרם,false,,8.90,0.0178,true,1,96453
7290000504278,false,סוכרזית פטנט 700טבלי,קריות זול,,סוכרזית פטנט 700טבלי,,700.00,יח',false,,19.90,0.0284,true,1,99527
7290000518152,false,מתוק וקל זהב 50 שקיו,קריות זול,,מתוק וקל זהב 50 שקיו,,50.00,"100 מ""ל",false,,7.90,0.1580,true,1,144654
7290000518176,false,*מבצע* מתוק וקל ענק,קריות זול,,*מבצע* מתוק וקל ענק,,250.00,100 גרם,false,,18.90,0.0756,true,1,98916
7290000518220,false,סוכרה דיאט 100 שקיות,,,סוכרה דיאט 100 שקיות,יחידה,0.00,יחידה,false,,29.90,0.0000,true,1,134200
7290000518336,false,מווש צמר גפן מתוק 10,,,מווש צמר גפן מתוק 10,,10.00,100 מ'ל,false,,4.90,0.4900,true,1,165072
7290000521367,false,יין זני של סגל מרלו,קריות זול,,יין זני של סגל מרלו,,750.00,"100 מ""ל",false,,25.90,0.0345,true,1,86635
7290000523125,false,מלח הארץ ים יבש 250,קריות זול,,מלח הארץ ים יבש 250,,250.00,100 גרם,false,,7.90,0.0316,true,1,93352
7290000523224,false,מלח הארץ ים יבש 500,קריות זול,,מלח הארץ ים יבש 500,,500.00,100 גרם,false,,9.90,0.0198,true,1,93353
7290000523514,false,מלח הארץ 50% מכמות ה,קריות זול,,מלח הארץ 50% מכמות ה,,250.00,100 גרם,false,,12.90,0.0516,true,1,93354
7290000523804,false,מלח הארץ עדין צנצנת,,,מלח הארץ עדין צנצנת,,1000.00,"100 מ""ל",false,,9.50,0.0095,true,1,93356
7290000525969,false,פרימור תפוזים 1ליטר,קריות זול,,פרימור תפוזים 1ליטר,,1000.00,"100 מ""ל",false,,17.90,0.0179,true,1,95147
7290000530086,false,*מבצע* נקניק סלמי מע,קריות זול,,*מבצע* נקניק סלמי מע,,600.00,"100 מ""ל",false,,28.90,0.0482,true,1,101312
7290000531977,false,בורקס גבינה זוגלובק,קריות זול,,בורקס גבינה זוגלובק,,800.00,"100 מ""ל",false,,19.90,0.0249,true,1,101323
7290000536743,false,קריספי סטיקס תירס זו,,,קריספי סטיקס תירס זו,,500.00,"100 מ""ל",false,,22.90,0.0458,true,1,101326
7290000536774,false,נקניקיה מן הצומח זוג,,,נקניקיה מן הצומח זוג,,1000.00,100 גרם,false,,25.90,0.0259,true,1,153322
7290000537566,false,נקניקיות עוף זוגלובק,קריות זול,,נקניקיות עוף זוגלובק,,400.00,"100 מ""ל",false,,15.90,0.0398,true,1,101329
7290000554402,false,מלבי 160גר מחלבות גד,קריות זול,,מלבי 160גר מחלבות גד,,160.00,"100 מ""ל",false,,6.20,0.0388,true,1,85916
7290000554457,false,צפתית 5% 350גר מחלבו,קריות זול,,צפתית 5% 350גר מחלבו,,350.00,100 גרם,false,,23.90,0.0683,true,1,85917
7290000554471,false,מוצרלה נקניק טבעי מח,קריות זול,,מוצרלה נקניק טבעי מח,,180.00,100 גרם,false,,19.70,0.1094,true,1,85918
7290000554532,false,צפתית מעודנת במלח ים,,,צפתית מעודנת במלח ים,,200.00,100 גרם,false,,15.70,0.0785,true,1,85919
7290000554600,false,מוצרלה 22% מגורדת 30,קריות זול,,מוצרלה 22% מגורדת 30,,300.00,"100 מ""ל",false,,28.90,0.0963,true,1,85920
7290000554624,false,ירח מתוק 150גר מחלבו,קריות זול,,ירח מתוק 150גר מחלבו,,150.00,100 גרם,false,,6.20,0.0413,true,1,85921
7290000554686,false,לאבנה בשמן זית וזעתר,קריות זול,,לאבנה בשמן זית וזעתר,,250.00,100 גרם,false,,15.90,0.0636,true,1,85922
7290000554822,false,ריקוטה טבעי 5% 250גר,קריות זול,,ריקוטה טבעי 5% 250גר,,250.00,100 גרם,false,,16.30,0.0652,true,1,85923
7290000560533,false,אדג גל גילוח ירוק עם,קריות זול,,אדג גל גילוח ירוק עם,,200.00,"100 מ""ל",false,,19.90,0.0995,true,1,99036
7290000571386,false,יוגורמה מחלב כבשים 8,קריות זול,,יוגורמה מחלב כבשים 8,,850.00,100 גרם,false,,28.70,0.0338,true,1,92839
7290000571393,false,יוגורט כבשים יוגורמה,קריות זול,,יוגורט כבשים יוגורמה,,140.00,100 גרם,false,,6.60,0.0471,true,1,92840
7290000571935,false,יוגורמה כבשים עם גרנ,,,יוגורמה כבשים עם גרנ,,142.00,100 גרם,false,,6.10,0.0430,true,1,157710
7290000572208,false,חלבה אחווה 100גר,,,חלבה אחווה 100גר,,100.00,100 גרם,false,,4.50,0.0450,true,1,97719
7290000572536,false,חלבה וניל אחווה 400,,,חלבה וניל אחווה 400,,400.00,100 גרם,false,,13.90,0.0348,true,1,97722
7290000572673,false,חטיף חלבה אחווה 12*2,,,חטיף חלבה אחווה 12*2,,300.00,100 גרם,false,,15.90,0.0530,true,1,97726
7290000574011,false,מארז 8 לחמניות חיטה,,,מארז 8 לחמניות חיטה,,8.00,יח',false,,11.90,1.4875,true,1,158769
7290000574028,false,לחם שחור מועשר פלוס,,,לחם שחור מועשר פלוס,,750.00,100 גרם,false,,8.90,0.0119,true,1,150421
7290000574035,false,לחם אחיד פרוס 750גרם,,,לחם אחיד פרוס 750גרם,,750.00,"100 מ""ל",false,,7.10,0.0095,true,1,94956
7290000574097,false,מארז לחמניות מיוחדות,,,מארז לחמניות מיוחדות,,8.00,100 מ'ל,false,,11.90,1.4875,true,1,158770
7290000574141,false,לחם חיטה מלאה 750גר,,,לחם חיטה מלאה 750גר,,750.00,"100 מ""ל",false,,14.90,0.0199,true,1,94961
7290000574158,false,מארז 8 לחמניות לוסי,,,מארז 8 לחמניות לוסי,,8.00,100 מ'ל,false,,11.90,1.4875,true,1,158771
7290000574172,false,לחם קל חיטה מלאה 750,,,לחם קל חיטה מלאה 750,,750.00,"100 מ""ל",false,,17.90,0.0239,true,1,94963
7290000574189,false,מארז 6 לחמניות קלועו,,,מארז 6 לחמניות קלועו,,6.00,מטר,false,,11.90,1.9833,true,1,158772
7290000574226,false,לחמניות אצבע דגנית מ,,,לחמניות אצבע דגנית מ,יחידה,0.00,יחידה,false,,11.90,0.0000,true,1,158902
7290000574301,false,לחמניות 10יח חיטה מל,,,לחמניות 10יח חיטה מל,יחידה,0.00,יחידה,false,,11.90,0.0000,true,1,159381
7290000574455,false,לחם חיטה מלאה כוסמין,,,לחם חיטה מלאה כוסמין,,750.00,"100 מ""ל",false,,17.90,0.0239,true,1,94972
7290000611099,false,כבד עוף לצליה בלבד,,,כבד עוף לצליה בלבד,קילוגרמים,1.00,"ק""ג",true,,24.90,24.9000,true,1,100621
7290000611181,false,כנפיים עוף טרי,,,כנפיים עוף טרי,קילוגרמים,1.00,"ק""ג",true,,13.90,13.9000,true,1,100626
7290000611242,false,פילה עוף טרי,,,פילה עוף טרי,קילוגרמים,1.00,"ק""ג",true,,49.90,49.9000,true,1,100630
7290000611860,false,חזה עוף טרי ארוז,,,חזה עוף טרי ארוז,קילוגרמים,1.00,"ק""ג",true,,39.90,39.9000,true,1,149831
7290000631059,false,כבד עוף לצליה בלבד,,,כבד עוף לצליה בלבד,קילוגרמים,1.00,"ק""ג",true,,24.90,24.9000,true,1,145105
7290000644356,false,גרון הודו נ. טרי,,,גרון הודו נ. טרי,קילוגרמים,1.00,"ק""ג",true,,32.90,32.9000,true,1,100682
7290000645278,false,זנב הודו מוכשר,,,זנב הודו מוכשר,קילוגרמים,1.00,"ק""ג",true,,6.90,6.9000,true,1,100683
7290000646299,false,פילה נסיכת הנילוס קפ,,,פילה נסיכת הנילוס קפ,קילוגרמים,1.00,"ק""ג",true,,64.90,64.9000,true,1,156371
7290000654546,false,פילה אמנון קפוא 7-9,,,פילה אמנון קפוא 7-9,קילוגרמים,1.00,"ק""ג",true,,36.90,36.9000,true,1,156367
7290000663036,false,פילה אמנון ללא עור ק,,,פילה אמנון ללא עור ק,קילוגרמים,1.00,"ק""ג",true,,44.90,44.9000,true,1,164600
7290000663128,false,רצועות ריב אנטריקוט,,,רצועות ריב אנטריקוט,,300.00,100 גרם,false,,34.90,0.1163,true,1,161342
7290000688176,false,"מי עדן 250מ""ל",,,"מי עדן 250מ""ל",,250.00,"100 מ""ל",false,,3.00,0.0120,true,1,89868
7290000688374,false,מי עדן בייבי שישיה 6,קריות זול,,מי עדן בייבי שישיה 6,,1980.00,"100 מ""ל",false,,15.90,0.0080,true,1,89869
7290000931673,false,סברס,,,סברס,קילוגרמים,1.00,"ק""ג",true,,28.90,28.9000,true,1,131629
7290000991029,false,ערמונים,,,ערמונים,קילוגרמים,1.00,"ק""ג",true,,19.90,19.9000,true,1,131549
7290000991529,false,שמיר בגומי,,,שמיר בגומי,יחידה,0.00,יחידה,false,,3.90,0.0000,true,1,144522
7290000991530,false,נענע בגומי,,,נענע בגומי,יחידה,0.00,יחידה,false,,3.90,0.0000,true,1,144523
7290000992381,false,אפרסמון,,,אפרסמון,קילוגרמים,1.00,"ק""ג",true,,19.90,19.9000,true,1,131550
7290000992426,false,אנונה,,,אנונה,קילוגרמים,1.00,"ק""ג",true,,24.90,24.9000,true,1,131637
7290000995410,false,נבטים סיניים נבטי הע,,,נבטים סיניים נבטי הע,,1000.00,100 גרם,false,,7.90,0.0079,true,1,98281
7290000999104,false,דלעת ערמונים,,,דלעת ערמונים,קילוגרמים,1.00,"ק""ג",true,,12.90,12.9000,true,1,133596
7290000999350,false,תפוז ארוז ברשת,,,תפוז ארוז ברשת,קילוגרמים,1.00,"ק""ג",true,,3.90,3.9000,true,1,131552
7290000999361,false,"תפו""ע פינק גולד",,,"תפו""ע פינק גולד",קילוגרמים,1.00,"ק""ג",true,,16.90,16.9000,true,1,131553
7290000999626,false,ברוקולי ארוז,,,ברוקולי ארוז,,1000.00,100 גרם,false,,8.90,0.0089,true,1,131714
7290000999748,false,גינגר תפזורת,,,גינגר תפזורת,קילוגרמים,1.00,"ק""ג",true,,29.90,29.9000,true,1,131703
7290000999752,false,רימון,,,רימון,קילוגרמים,1.00,"ק""ג",true,,8.90,8.9000,true,1,131554
7290000999782,false,עגבניה מגי,,,עגבניה מגי,קילוגרמים,1.00,"ק""ג",true,,16.90,16.9000,true,1,131707
7290000999819,false,קלמנטינה/מנדרינה,,,קלמנטינה/מנדרינה,קילוגרמים,1.00,"ק""ג",true,,7.90,7.9000,true,1,131555
7290000999825,false,עגבניה שרי מנומר,,,עגבניה שרי מנומר,קילוגרמים,1.00,"ק""ג",true,,24.90,24.9000,true,1,131902
7290000999832,false,גויבה,,,גויבה,קילוגרמים,1.00,"ק""ג",true,,19.90,19.9000,true,1,131652
7290000999834,false,דלורית,,,דלורית,קילוגרמים,1.00,"ק""ג",true,,6.90,6.9000,true,1,131653
7290000999877,false,"תפו""א לאפיה קטן",,,"תפו""א לאפיה קטן",קילוגרמים,1.00,"ק""ג",true,,4.90,4.9000,true,1,131657
7290000999896,false,ענבים אדום,,,ענבים אדום,קילוגרמים,1.00,"ק""ג",true,,29.90,29.9000,true,1,131558
7290000999901,false,עגבניה אשכולות,,,עגבניה אשכולות,קילוגרמים,1.00,"ק""ג",true,,8.90,8.9000,true,1,131559
7290000999902,false,עגבניה שרי,,,עגבניה שרי,קילוגרמים,1.00,"ק""ג",true,,16.90,16.9000,true,1,131560
7290000999903,false,מלפפון,,,מלפפון,קילוגרמים,1.00,"ק""ג",true,,6.90,6.9000,true,1,131561
7290000999904,false,פלפל ירוק,,,פלפל ירוק,קילוגרמים,1.00,"ק""ג",true,,9.90,9.9000,true,1,131659
7290000999906,false,פלפל אדום,,,פלפל אדום,קילוגרמים,1.00,"ק""ג",true,,9.90,9.9000,true,1,131562
7290000999907,false,פלפל צהוב,,,פלפל צהוב,קילוגרמים,1.00,"ק""ג",true,,9.90,9.9000,true,1,131661
7290000999908,false,פלפל חריף,,,פלפל חריף,קילוגרמים,1.00,"ק""ג",true,,9.90,9.9000,true,1,131563
7290000999909,false,כרוב לבן,,,כרוב לבן,קילוגרמים,1.00,"ק""ג",true,,3.90,3.9000,true,1,131564
7290000999910,false,כרוב אדום,,,כרוב אדום,קילוגרמים,1.00,"ק""ג",true,,6.90,6.9000,true,1,131662
7290000999911,false,כרובית,,,כרובית,קילוגרמים,1.00,"ק""ג",true,,12.90,12.9000,true,1,131565
7290000999912,false,קישואים,,,קישואים,קילוגרמים,1.00,"ק""ג",true,,8.90,8.9000,true,1,131566
7290000999913,false,חציל,,,חציל,קילוגרמים,1.00,"ק""ג",true,,5.90,5.9000,true,1,131567
7290000999914,false,גזר ארוז,,,גזר ארוז,קילוגרמים,1.00,"ק""ג",true,,4.90,4.9000,true,1,131568
7290000999916,false,סלק,,,סלק,קילוגרמים,1.00,"ק""ג",true,,5.90,5.9000,true,1,131591
7290000999917,false,בטטה,,,בטטה,קילוגרמים,1.00,"ק""ג",true,,9.90,9.9000,true,1,131570
7290000999918,false,דלעת,,,דלעת,קילוגרמים,1.00,"ק""ג",true,,11.90,11.9000,true,1,131663
7290000999919,false,בצל יבש,,,בצל יבש,קילוגרמים,1.00,"ק""ג",true,,4.90,4.9000,true,1,131664
7290000999920,false,בצל אדום,,,בצל אדום,קילוגרמים,1.00,"ק""ג",true,,6.90,6.9000,true,1,131665
7290000999921,false,חסה ערבית,,,חסה ערבית,,1000.00,"100 מ""ל",false,,5.90,0.0059,true,1,131586
7290000999922,false,חסה עגולה,,,חסה עגולה,,1000.00,100 גרם,false,,5.90,0.0059,true,1,131690
7290000999924,false,שום יבש,,,שום יבש,,1000.00,100 גרם,false,,7.90,0.0079,true,1,131666
7290000999925,false,"תפו""א לבן",,,"תפו""א לבן",קילוגרמים,1.00,"ק""ג",true,,4.90,4.9000,true,1,131571
7290000999926,false,"תפו""א אדום",,,"תפו""א אדום",קילוגרמים,1.00,"ק""ג",true,,5.90,5.9000,true,1,131572
7290000999934,false,עגבניה שרי תמר,,,עגבניה שרי תמר,קילוגרמים,1.00,"ק""ג",true,,19.90,19.9000,true,1,131573
7290000999936,false,תירס,,,תירס,קילוגרמים,1.00,"ק""ג",true,,12.90,12.9000,true,1,131574
7290000999942,false,תפו'ע זהוב,,,תפו'ע זהוב,קילוגרמים,1.00,"ק""ג",true,,11.90,11.9000,true,1,131575
7290000999943,false,תפו'ע סמיט,,,תפו'ע סמיט,קילוגרמים,1.00,"ק""ג",true,,11.90,11.9000,true,1,131576
7290000999944,false,תפו'ע חרמון/גלה,,,תפו'ע חרמון/גלה,קילוגרמים,1.00,"ק""ג",true,,11.90,11.9000,true,1,131577
7290000999945,false,אגס,,,אגס,קילוגרמים,1.00,"ק""ג",true,,14.90,14.9000,true,1,131578
7290000999947,false,שזיף אדום,,,שזיף אדום,קילוגרמים,1.00,"ק""ג",true,,24.90,24.9000,true,1,131668
7290000999948,false,נקטרינה,,,נקטרינה,קילוגרמים,1.00,"ק""ג",true,,14.90,14.9000,true,1,131669
7290000999949,false,בננה,,,בננה,קילוגרמים,1.00,"ק""ג",true,,8.90,8.9000,true,1,131670
7290000999952,false,ענבים לבנים,,,ענבים לבנים,קילוגרמים,1.00,"ק""ג",true,,29.90,29.9000,true,1,131579
7290000999953,false,לימון,,,לימון,קילוגרמים,1.00,"ק""ג",true,,9.90,9.9000,true,1,131580
7290000999954,false,מנגו,,,מנגו,קילוגרמים,1.00,"ק""ג",true,,18.90,18.9000,true,1,131673
7290000999955,false,קולורבי,,,קולורבי,קילוגרמים,1.00,"ק""ג",true,,8.90,8.9000,true,1,131587
7290000999956,false,פלפל כתום,,,פלפל כתום,קילוגרמים,1.00,"ק""ג",true,,12.90,12.9000,true,1,131674
7290000999957,false,אבוקדו,,,אבוקדו,קילוגרמים,1.00,"ק""ג",true,,14.90,14.9000,true,1,131581
7290000999959,false,תפו'ע יונתן,,,תפו'ע יונתן,קילוגרמים,1.00,"ק""ג",true,,11.90,11.9000,true,1,131676
7290000999961,false,שומר,,,שומר,קילוגרמים,1.00,"ק""ג",true,,7.90,7.9000,true,1,131582
7290000999976,false,תפו'ע ענה,,,תפו'ע ענה,קילוגרמים,1.00,"ק""ג",true,,11.90,11.9000,true,1,131681
7290000999977,false,תפוז /לימון סיני,,,תפוז /לימון סיני,קילוגרמים,1.00,"ק""ג",true,,9.90,9.9000,true,1,131682
7290000999988,false,תפוז,,,תפוז,קילוגרמים,1.00,"ק""ג",true,,7.90,7.9000,true,1,131583
7290000999990,false,פומלית,,,פומלית,קילוגרמים,1.00,"ק""ג",true,,6.90,6.9000,true,1,131685
7290001009123,false,לחם כוסמין 100% 600,,,לחם כוסמין 100% 600,,600.00,"100 מ""ל",false,,15.90,0.0265,true,1,135105
7290001045169,false,פרימור תפוחים צלול 1,קריות זול,,פרימור תפוחים צלול 1,,1000.00,"100 מ""ל",false,,17.90,0.0179,true,1,95148
7290001052044,false,קציצות בורגול וירקות,,,קציצות בורגול וירקות,,500.00,100 גרם,false,,25.90,0.0518,true,1,132803
7290001052051,false,קציצות עדשים וירקות,,,קציצות עדשים וירקות,,500.00,100 גרם,false,,25.90,0.0518,true,1,132804
7290001052068,false,קציצות קינואה וחמוצי,,,קציצות קינואה וחמוצי,,500.00,100 גרם,false,,25.90,0.0518,true,1,132805
7290001121054,false,צמד חמד יחיעם 700 גר,קריות זול,,צמד חמד יחיעם 700 גר,,700.00,100 גרם,false,,31.90,0.0456,true,1,86284
7290001121238,false,קורנדביף יחיעם 180גר,,,קורנדביף יחיעם 180גר,,180.00,100 גרם,false,,29.90,0.1661,true,1,86286
7290001121672,false,פסטרמה מעודנת בפפריק,,,פסטרמה מעודנת בפפריק,,300.00,100 גרם,false,,26.90,0.0897,true,1,86287
7290001121979,false,סלמי הרץ יחיעם 150 ג,,,סלמי הרץ יחיעם 150 ג,,150.00,100 גרם,false,,29.90,0.1993,true,1,86295
7290001135037,false,חזה עוף טרי ארוז,,,חזה עוף טרי ארוז,קילוגרמים,1.00,"ק""ג",true,,39.90,39.9000,true,1,161714
7290001216231,false,טחינה שומשום מלא אל,,,טחינה שומשום מלא אל,,500.00,"100 מ""ל",false,,18.90,0.0378,true,1,101816
7290001230331,false,כאמל בוקס,,,כאמל בוקס,יחידה,0.00,יחידה,false,,32.00,0.0000,false,1,97397
7290001247143,false,ספרינג תפוח קרטונית,קריות זול,,ספרינג תפוח קרטונית,,1000.00,"100 מ""ל",false,,7.90,0.0079,true,1,89886
7290001274576,false,גלידל גלידה משפחתית,,,גלידל גלידה משפחתית,,450.00,"100 מ""ל",false,,21.90,0.0487,true,1,159581
7290001274583,false,גלידל גלידה משפחתית,,,גלידל גלידה משפחתית,,450.00,100 גרם,false,,21.90,0.0487,true,1,159582
7290001274934,false,גלידל פרי מאגדת בטעם,,,גלידל פרי מאגדת בטעם,,5.00,יח',false,,24.90,4.9800,true,1,159566
7290001274941,false,גלידל פרי מאגדת בטעם,,,גלידל פרי מאגדת בטעם,,8.00,100 מ'ל,false,,24.90,3.1125,true,1,159567
7290001407134,false,חלבה פרוסות שוקו וני,,,חלבה פרוסות שוקו וני,,400.00,100 גרם,false,,16.90,0.0422,true,1,88057
7290001407820,false,חלבה שאמית קלאסית בא,קריות זול,,חלבה שאמית קלאסית בא,,350.00,100 גרם,false,,17.90,0.0511,true,1,93359
7290001419793,false,גביעי גלידה מגולגל 1,,,גביעי גלידה מגולגל 1,יחידה,0.00,יחידה,false,,14.90,0.0000,true,1,160646
7290001455937,false,אנטריקוט עגל פריים,,,אנטריקוט עגל פריים,קילוגרמים,1.00,"ק""ג",true,,169.00,169.0000,true,1,160695
7290001482094,false,פרמז'נו וילי פוד 200,,,פרמז'נו וילי פוד 200,,200.00,100 גרם,false,,24.90,0.1245,true,1,88614
7290001485019,false,גבינת שמנת טבעי 5% 2,קריות זול,,גבינת שמנת טבעי 5% 2,,200.00,100 גרם,false,,12.90,0.0645,true,1,90985
7290001567708,false,נקניקיות עוף ללא חומ,,,נקניקיות עוף ללא חומ,,400.00,100 גרם,false,,13.90,0.0348,true,1,86297
7290001567760,false,פסטרמה של פעם ללא חו,,,פסטרמה של פעם ללא חו,,300.00,100 גרם,false,,29.90,0.0997,true,1,86303
7290001567791,false,פסטרמה רומנית ללא חו,,,פסטרמה רומנית ללא חו,,250.00,100 גרם,false,,29.90,0.1196,true,1,141412
7290001567814,false,סלמי מעושן בסגנון אי,,,סלמי מעושן בסגנון אי,,300.00,"100 מ""ל",false,,27.90,0.0930,true,1,86308
7290001567937,false,איטלקי מפולפל יחיעם,,,איטלקי מפולפל יחיעם,,200.00,100 גרם,false,,13.90,0.0695,true,1,141413
7290001594186,false,קוקה קולה דיאט בקבוק,קריות זול,,קוקה קולה דיאט בקבוק,,500.00,"100 מ""ל",false,,7.50,0.0150,true,1,100036
7290001594858,false,בירה טובורג בקבוק שי,קריות זול,,בירה טובורג בקבוק שי,,1980.00,100 גרם,false,,45.90,0.0232,true,1,100054
7290001594865,false,שישיית בירה קרלסברג,קריות זול,,שישיית בירה קרלסברג,,1980.00,100 גרם,false,,44.90,0.0227,true,1,100055
7290001598085,false,לחם משפחתי 1.1 קג,,,לחם משפחתי 1.1 קג,,1100.00,100 גרם,false,,16.90,0.0154,true,1,149327
7290001598122,false,לחם מיוחד 550 גרם,,,לחם מיוחד 550 גרם,,550.00,100 גרם,false,,13.90,0.0253,true,1,149329
7290001598276,false,"לחם 7 דגנים 1.1 ק""ג",,,"לחם 7 דגנים 1.1 ק""ג",,1100.00,100 גרם,false,,16.90,0.0154,true,1,149333
7290001598580,false,פיתות 6 יח כוסמין 37,,,פיתות 6 יח כוסמין 37,,372.00,100 גרם,false,,16.90,0.0454,true,1,161005
7290001713150,false,אקונומיקה קצף ניקוי,,,אקונומיקה קצף ניקוי,ליטרים,1.00,ליטר,false,,12.90,12.9000,true,1,140181
7290001714058,false,אנטריקוט עגל פריים,,,אנטריקוט עגל פריים,קילוגרמים,1.00,"ק""ג",true,,169.00,169.0000,true,1,96005
7290001714072,false,צלעות עגל,,,צלעות עגל,קילוגרמים,1.00,"ק""ג",true,,79.90,79.9000,true,1,96006
7290001714133,false,גולש עגל,,,גולש עגל,קילוגרמים,1.00,"ק""ג",true,,79.00,79.0000,true,1,159424
7290001780800,false,קראנץ' שוקולד ליבת נ,,,קראנץ' שוקולד ליבת נ,יחידה,0.00,יחידה,false,,10.90,0.0000,true,1,142254
7290001873052,false,צלי כתף עגל,,,צלי כתף עגל,קילוגרמים,1.00,"ק""ג",true,,89.90,89.9000,true,1,159476
7290001990148,false,סוכר גולדן קלאסי בצנ,קריות זול,,סוכר גולדן קלאסי בצנ,,1000.00,100 גרם,false,,14.90,0.0149,true,1,94058
7290001990391,false,אפונה סוגת 1קג,,,אפונה סוגת 1קג,,1000.00,100 גרם,false,,11.90,0.0119,true,1,142930
7290001990407,false,עדשים ירוקים סוגת 1,,,עדשים ירוקים סוגת 1,,1000.00,"100 מ""ל",false,,16.90,0.0169,true,1,142931
7290001990414,false,עדשים אדומים סוגת 1,,,עדשים אדומים סוגת 1,,1000.00,100 גרם,false,,16.90,0.0169,true,1,142932
7290002019763,false,עגבניות מרוסקות פרינ,,,עגבניות מרוסקות פרינ,,800.00,100 גרם,false,,8.90,0.0111,true,1,113570
7290002019787,false,רסק עגבניות22% פריני,קריות זול,,רסק עגבניות22% פריני,,260.00,100 גרם,false,,4.90,0.0188,true,1,113571
7290002019794,false,רסק עגבניות 22% פרינ,,,רסק עגבניות 22% פרינ,,100.00,100 גרם,false,,2.50,0.0250,true,1,113572
7290002037125,false,חלה פרוסה וודש 500גר,,,חלה פרוסה וודש 500גר,,500.00,"100 מ""ל",false,,10.90,0.0218,true,1,96455
7290002037569,false,לחמניות באוניס 6יח 4,,,לחמניות באוניס 6יח 4,,450.00,100 גרם,false,,15.90,0.0353,true,1,96461
7290002037637,false,חליות מתוקות 4יח,,,חליות מתוקות 4יח,,400.00,100 גרם,false,,13.90,0.0348,true,1,96462
7290002037651,false,חלה מתוקה ברמן,,,חלה מתוקה ברמן,,500.00,100 גרם,false,,8.90,0.0178,true,1,160978
7290002053538,false,נודלס תאילנדי 400גר+,,,נודלס תאילנדי 400גר+,יחידה,0.00,יחידה,false,,19.90,0.0000,true,1,112712
7290002057161,false,זית מירנט חתוך ביין,קריות זול,,זית מירנט חתוך ביין,,340.00,100 גרם,false,,10.90,0.0321,true,1,100791
7290002079590,false,חלה רגילה 500גר,,,חלה רגילה 500גר,,500.00,"100 מ""ל",false,,5.17,0.0103,true,1,143176
7290002079606,false,חלה רגילה 500גר,,,חלה רגילה 500גר,,500.00,"100 מ""ל",false,,5.17,0.0103,true,1,143177
7290002107385,false,גליל גבינת עיזים צור,,,גליל גבינת עיזים צור,,180.00,100 גרם,false,,25.90,0.1439,true,1,90997
7290002130567,false,דבש טהור מפרחי בר בז,קריות זול,,דבש טהור מפרחי בר בז,,350.00,100 גרם,false,,21.90,0.0626,true,1,99536
7290002130574,false,דבש טהור מפרחי בר בז,קריות זול,,דבש טהור מפרחי בר בז,,500.00,100 גרם,false,,29.90,0.0598,true,1,99537
7290002132011,false,עוגיות עבאדי מזרחיות,קריות זול,,עוגיות עבאדי מזרחיות,,400.00,"100 מ""ל",false,,19.90,0.0497,true,1,93365
7290002133162,false,בולגרית גביע 5% 250ג,קריות זול,,בולגרית גביע 5% 250ג,,250.00,100 גרם,false,,19.90,0.0796,true,1,87090
7290002133575,false,יוגורט של פעם חלב כב,,,יוגורט של פעם חלב כב,,400.00,100 גרם,false,,10.90,0.0273,true,1,87097
7290002133889,false,בולגרית מעודנת בקר 5,,,בולגרית מעודנת בקר 5,,250.00,100 גרם,false,,19.90,0.0796,true,1,87100
7290002150718,false,"קרפלך במילוי תפו""א ח",,,"קרפלך במילוי תפו""א ח",,400.00,100 גרם,false,,16.90,0.0422,true,1,102724
7290002150732,false,קרפלך במילוי בשר חמי,,,קרפלך במילוי בשר חמי,,400.00,100 גרם,false,,16.90,0.0422,true,1,102725
7290002150794,false,סיגר בשר חמים וטעים,,,סיגר בשר חמים וטעים,,400.00,100 גרם,false,,16.90,0.0422,true,1,102726
7290002150817,false,"סיגר תפו""א חמים וטעי",,,"סיגר תפו""א חמים וטעי",,400.00,100 גרם,false,,16.90,0.0422,true,1,102727
7290002153801,false,אובלטים שומשום 300 ג,,,אובלטים שומשום 300 ג,,300.00,100 גרם,false,,10.90,0.0363,true,1,138504
7290002153887,false,אובלטים קימל 300גר,,,אובלטים קימל 300גר,,300.00,"100 מ""ל",false,,10.90,0.0363,true,1,138506
7290002190516,false,ריבת חלב ממרח 500גר,קריות זול,,ריבת חלב ממרח 500גר,,500.00,100 גרם,false,,14.90,0.0298,true,1,87352
7290002211044,false,"סולת 1ק""ג",,,"סולת 1ק""ג",,1000.00,"100 מ""ל",false,,6.90,0.0069,true,1,96037
7290002211112,false,קמח רוט כחול לבן 1קג,,,קמח רוט כחול לבן 1קג,,1000.00,"100 מ""ל",false,,6.90,0.0069,true,1,132565
7290002211518,false,קמח חיטה לבן מנופה ט,,,קמח חיטה לבן מנופה ט,,1000.00,100 גרם,false,,7.90,0.0079,true,1,164504
7290002239185,false,אפונה מוקפאת 800גר,קריות זול,,אפונה מוקפאת 800גר,,800.00,100 גרם,false,,12.90,0.0161,true,1,143953
7290002239215,false,אפונה וגזר 800גר,קריות זול,,אפונה וגזר 800גר,,800.00,100 גרם,false,,12.90,0.0161,true,1,143954
7290002239307,false,שעועית צהובה 800גר,,,שעועית צהובה 800גר,,800.00,"100 מ""ל",false,,12.90,0.0161,true,1,143956
7290002239338,false,שעועית ירוקה 800גר,קריות זול,,שעועית ירוקה 800גר,,800.00,"100 מ""ל",false,,12.90,0.0161,true,1,143957
7290002253006,false,שום כתוש דורות 200גר,קריות זול,,שום כתוש דורות 200גר,,200.00,100 גרם,false,,19.90,0.0995,true,1,88062
7290002253105,false,קוביות שום דורות 80ג,קריות זול,,קוביות שום דורות 80ג,,80.00,100 גרם,false,,13.90,0.1738,true,1,88063
7290002253150,false,קוביות בזיליקום קצוץ,קריות זול,,קוביות בזיליקום קצוץ,,70.00,100 גרם,false,,13.90,0.1986,true,1,88064
7290002253167,false,פטרוזליה קצוצה דורות,קריות זול,,פטרוזליה קצוצה דורות,,70.00,100 גרם,false,,13.90,0.1986,true,1,88065
7290002253181,false,כוסברה קצוצה דורות 7,קריות זול,,כוסברה קצוצה דורות 7,,70.00,100 גרם,false,,13.90,0.1986,true,1,88066
7290002253198,false,גינגר כתוש במגשית דו,קריות זול,,גינגר כתוש במגשית דו,,70.00,100 גרם,false,,13.90,0.1986,true,1,88067
7290002319016,false,אבקת אפיה 10*10גרם,,,אבקת אפיה 10*10גרם,,100.00,"100 מ""ל",false,,2.50,0.0250,true,1,144193
7290002319023,false,סוכר וניל מיה 10*10ג,,,סוכר וניל מיה 10*10ג,,100.00,"100 מ""ל",false,,2.50,0.0250,true,1,119483
7290002319061,false,קוקוס טחון מיה 100 ג,,,קוקוס טחון מיה 100 ג,,100.00,"100 מ""ל",false,,4.90,0.0490,true,1,144194
7290002319146,false,שעועית אדומה 500גר,,,שעועית אדומה 500גר,,500.00,100 גרם,false,,9.90,0.0198,true,1,144198
7290002319184,false,עדשים אדומות 500 גר,,,עדשים אדומות 500 גר,,500.00,100 גרם,false,,9.90,0.0198,true,1,119493
7290002319375,false,קורנפלור 200 גרם,,,קורנפלור 200 גרם,,200.00,100 גרם,false,,3.90,0.0195,true,1,144201
7290002319771,false,"תמצית אפיה וניל 50מ""",,,"תמצית אפיה וניל 50מ""",,50.00,"100 מ""ל",false,,3.70,0.0740,true,1,119502
7290002331025,false,נביעות ספורט 500מל,,,נביעות ספורט 500מל,,500.00,100 גרם,false,,3.50,0.0070,true,1,100062
7290002331360,false,נביעות טו גו שישייה,קריות זול,,נביעות טו גו שישייה,,3000.00,"100 מ""ל",false,,16.90,0.0056,true,1,100071
7290002331490,false,נביעות 1 ליטר,,,נביעות 1 ליטר,,1000.00,"100 מ""ל",false,,4.00,0.0040,true,1,100075
7290002331711,false,נביעות+ בטעם ענבים 5,,,נביעות+ בטעם ענבים 5,,500.00,"100 מ""ל",false,,7.50,0.0150,true,1,144857
7290002345886,false,צלי כתף עגל,,,צלי כתף עגל,קילוגרמים,1.00,"ק""ג",true,,89.90,89.9000,true,1,159477
7290002371533,false,סלסולי פסטרמה בדבש ט,,,סלסולי פסטרמה בדבש ט,,120.00,100 גרם,false,,15.90,0.1325,true,1,126473
7290002374268,false,שמן חמניות מילומור 1,קריות זול,,שמן חמניות מילומור 1,,1000.00,100 גרם,false,,11.90,0.0119,true,1,154356
7290002374640,false,שמן קנולה פלוס אומגה,,,שמן קנולה פלוס אומגה,,1000.00,100 גרם,false,,18.90,0.0189,true,1,96079
7290002407034,false,זית סורי מבוקע 800גר,,,זית סורי מבוקע 800גר,,800.00,"100 מ""ל",false,,19.90,0.0249,true,1,88925
7290002407348,false,שמן זית ג'השאן כתית,,,שמן זית ג'השאן כתית,,750.00,"100 מ""ל",false,,29.90,0.0399,true,1,137917
7290002409014,false,גחנון אפוי ציפור השר,,,גחנון אפוי ציפור השר,,600.00,100 גרם,false,,21.90,0.0365,true,1,96866
7290002447498,false,ויסבראטן עגל,,,ויסבראטן עגל,קילוגרמים,1.00,"ק""ג",true,,99.90,99.9000,true,1,96018
7290002447573,false,שייטל עגל,,,שייטל עגל,קילוגרמים,1.00,"ק""ג",true,,99.90,99.9000,true,1,96022
7290002453383,false,מרגז טלה 500גר,,,מרגז טלה 500גר,,500.00,100 גרם,false,,29.90,0.0598,true,1,132104
7290002453529,false,אנטריקוט בורגר 400גר,,,אנטריקוט בורגר 400גר,,400.00,100 גרם,false,,27.90,0.0697,true,1,116862
7290002453802,false,קבב אסלי בוואקום קפו,,,קבב אסלי בוואקום קפו,,1000.00,"100 מ""ל",false,,39.90,0.0399,true,1,146912
7290002512011,false,גחנון בצק 900גר,,,גחנון בצק 900גר,,900.00,100 גרם,false,,19.90,0.0221,true,1,146984
7290002517269,false,פלפל שחור שלם 35גר,,,פלפל שחור שלם 35גר,,35.00,100 גרם,false,,11.90,0.3400,true,1,95894
7290002517566,false,תערובת תיבול לדג 80ג,,,תערובת תיבול לדג 80ג,,80.00,100 גרם,false,,12.90,0.1613,true,1,95906
7290002517603,false,בזיליקום 10גר,,,בזיליקום 10גר,,10.00,100 גרם,false,,7.90,0.7900,true,1,95910
7290002517634,false,תבליני כוסברה 30גר,,,תבליני כוסברה 30גר,,30.00,100 גרם,false,,7.90,0.2633,true,1,95911
7290002517689,false,תבלינ קרי אבקה 40גר,,,תבלינ קרי אבקה 40גר,,40.00,100 גרם,false,,7.90,0.1975,true,1,95913
7290002517801,false,צילי כתוש 30גר,,,צילי כתוש 30גר,,30.00,"100 מ""ל",false,,7.90,0.2633,true,1,95920
7290002543046,false,דגני קלוגס פרוסטיס 7,קריות זול,,דגני קלוגס פרוסטיס 7,,750.00,100 גרם,false,,25.90,0.0345,true,1,88934
7290002560227,false,אשפתון גופיה 75/90 2,קריות זול,,אשפתון גופיה 75/90 2,יחידה,0.00,יחידה,false,,10.90,0.0000,true,1,136742
7290002627302,false,צלי כתף עגל,,,צלי כתף עגל,קילוגרמים,1.00,"ק""ג",true,,89.90,89.9000,true,1,159479
7290002627364,false,אנטריקוט עגל פריים,,,אנטריקוט עגל פריים,קילוגרמים,1.00,"ק""ג",true,,169.00,169.0000,true,1,156124
7290002627371,false,צלעות עגל,,,צלעות עגל,קילוגרמים,1.00,"ק""ג",true,,79.90,79.9000,true,1,156129
7290002627401,false,צלי כתף עגל,,,צלי כתף עגל,קילוגרמים,1.00,"ק""ג",true,,89.90,89.9000,true,1,156142
7290002661443,false,פירורי לחם זהוב עדין,,,פירורי לחם זהוב עדין,,200.00,100 גרם,false,,4.50,0.0225,true,1,143824
7290002661962,false,קרקר פריך קינואה 100,,,קרקר פריך קינואה 100,,100.00,100 גרם,false,,7.90,0.0790,true,1,157609
7290002661979,false,קרקר פריך פשתן 100 ג,,,קרקר פריך פשתן 100 ג,,100.00,100 גרם,false,,7.90,0.0790,true,1,157610
7290002661986,false,קרקר פריך תירס 100 ג,,,קרקר פריך תירס 100 ג,,100.00,100 גרם,false,,7.90,0.0790,true,1,157611
7290002692768,false,תרסיס שמן קנולה מופח,,,תרסיס שמן קנולה מופח,,200.00,"100 מ""ל",false,,18.90,0.0945,true,1,96084
7290002735014,false,מלווח ארוז ינון 800ג,,,מלווח ארוז ינון 800ג,,800.00,100 גרם,false,,15.90,0.0199,true,1,141272
7290002735120,false,"בורקס תפו""א ינון 800",,,"בורקס תפו""א ינון 800",,800.00,100 גרם,false,,15.90,0.0199,true,1,141275
7290002735274,false,גחנון אפוי ינון 600ג,,,גחנון אפוי ינון 600ג,,600.00,100 גרם,false,,18.90,0.0315,true,1,141277
7290002752332,false,מנטוס גליל פירות בוד,קריות זול,,מנטוס גליל פירות בוד,,37.50,"100 מ""ל",false,,4.00,0.1067,true,1,93880
7290002769316,false,עוגת קראנץ 500 גרם,,,עוגת קראנץ 500 גרם,,500.00,"100 מ""ל",false,,17.90,0.0358,true,1,149072
7290002769347,false,עוגיות מובחרות 500 ג,,,עוגיות מובחרות 500 ג,,500.00,"100 מ""ל",false,,17.90,0.0358,true,1,149283
7290002769514,false,עוגיות מובחרות 350 ג,,,עוגיות מובחרות 350 ג,,350.00,100 גרם,false,,13.90,0.0397,true,1,149336
7290002769910,false,עוגיות ללא תוספת סוכ,,,עוגיות ללא תוספת סוכ,,350.00,"100 מ""ל",false,,13.90,0.0397,true,1,157209
7290002814290,false,קצף אקונומיקה מרוכז,,,קצף אקונומיקה מרוכז,,1000.00,"100 מ""ל",false,,12.90,0.0129,true,1,156963
7290002814603,false,מסיר שומנים סנט מורי,,,מסיר שומנים סנט מורי,,750.00,"100 מ""ל",false,,16.90,0.0225,true,1,145909
7290002824183,false,גבינה לבנה סקי 5% 50,קריות זול,,גבינה לבנה סקי 5% 50,,500.00,"100 מ""ל",false,,9.96,0.0199,true,1,95154
7290002824466,false,דנונה יוגורט ביו 0%,קריות זול,,דנונה יוגורט ביו 0%,,200.00,100 גרם,false,,3.80,0.0190,true,1,95155
7290002824640,false,גבינה לבנה סקי 5% שט,קריות זול,,גבינה לבנה סקי 5% שט,,250.00,"100 מ""ל",false,,4.98,0.0199,true,1,95156
7290002825722,false,כרוב אדום אחלה 500גר,קריות זול,,כרוב אדום אחלה 500גר,,500.00,"100 מ""ל",false,,14.90,0.0298,true,1,95158
7290002868996,false,קוטג מועשר 5% 250גר,קריות זול,,קוטג מועשר 5% 250גר,,250.00,100 גרם,false,,6.40,0.0256,true,1,91005
7290002879282,false,ציפס תירס טורטילה 20,,,ציפס תירס טורטילה 20,,200.00,100 גרם,false,,11.90,0.0595,true,1,87281
7290002881209,false,"רסק תפו""ע דיאט 720גר",קריות זול,,"רסק תפו""ע דיאט 720גר",,720.00,100 גרם,false,,10.90,0.0151,true,1,87363
7290002881414,false,נודלס עבה תומר 400גר,,,נודלס עבה תומר 400גר,,400.00,100 גרם,false,,10.90,0.0273,true,1,87376
7290002881513,false,חמאת בוטנים עם שברי,,,חמאת בוטנים עם שברי,,510.00,100 גרם,false,,12.90,0.0253,true,1,87378
7290002881551,false,עלי גפן ממולאים תומר,,,עלי גפן ממולאים תומר,,400.00,100 גרם,false,,10.90,0.0273,true,1,87379
7290002881872,false,פטריות חתוכות תומר 2,,,פטריות חתוכות תומר 2,,290.00,"100 מ""ל",false,,4.90,0.0169,true,1,87388
7290002919803,false,סרדין שלם ארוז,,,סרדין שלם ארוז,קילוגרמים,1.00,"ק""ג",true,,19.90,19.9000,true,1,163392
7290002921349,false,זוג דבק סופר גלו,קריות זול,,זוג דבק סופר גלו,יחידה,0.00,יחידה,false,,14.90,0.0000,true,1,90560
7290002927464,false,גולש עגל קפוא,,,גולש עגל קפוא,קילוגרמים,1.00,"ק""ג",true,,35.90,35.9000,true,1,96644
7290003009640,false,פריגת סחוט מיץ תפוזי,קריות זול,,פריגת סחוט מיץ תפוזי,,1000.00,"100 מ""ל",false,,18.90,0.0189,true,1,91006
7290003011087,false,אורז בסמטי אלפנט 1קג,,,אורז בסמטי אלפנט 1קג,,1000.00,100 גרם,false,,13.90,0.0139,true,1,96747
7290003029181,false,שוקו יטבתה בקבוק 1ל,קריות זול,,שוקו יטבתה בקבוק 1ל,,1000.00,100 גרם,false,,12.30,0.0123,true,1,95164
7290003029372,false,משקה חלב בננה יטבתה,קריות זול,,משקה חלב בננה יטבתה,,1000.00,100 גרם,false,,12.30,0.0123,true,1,95167
7290003029389,false,משקה חלב בננה יטבתה,קריות זול,,משקה חלב בננה יטבתה,,250.00,"100 מ""ל",false,,5.90,0.0236,true,1,95168
7290003029433,false,שוקו יטבתה 250מל,קריות זול,,שוקו יטבתה 250מל,,250.00,"100 מ""ל",false,,5.90,0.0236,true,1,95170
7290003029815,false,חלב מועשר בכד יטבתה,קריות זול,,חלב מועשר בכד יטבתה,,2000.00,100 גרם,false,,15.90,0.0080,true,1,95175
7290003029907,false,אייס קפה יטבתה 1ל,קריות זול,,אייס קפה יטבתה 1ל,,1000.00,"100 מ""ל",false,,12.30,0.0123,true,1,95177
7290003054657,false,חרדל דיזון אקסטרא פו,קריות זול,,חרדל דיזון אקסטרא פו,,370.00,100 גרם,false,,13.90,0.0376,true,1,88951
7290003212965,false,מובחרות שמרים 400 גר,,,מובחרות שמרים 400 גר,,400.00,"100 מ""ל",false,,12.90,0.0323,true,1,120666
7290003217014,false,פיתות מיזרחיות 5*100,קריות זול,,פיתות מיזרחיות 5*100,,500.00,"100 מ""ל",false,,6.90,0.0138,true,1,94981
7290003217052,false,פיתות כפריות קלות 5*,קריות זול,,פיתות כפריות קלות 5*,,500.00,100 גרם,false,,10.90,0.0218,true,1,94982
7290003229109,false,פסטרמה הודו בפפריקה,,,פסטרמה הודו בפפריקה,,400.00,100 גרם,false,,28.90,0.0722,true,1,114059
7290003268030,false,חלה רגילה 500גר,,,חלה רגילה 500גר,,500.00,"100 מ""ל",false,,5.17,0.0103,true,1,143180
7290003268252,false,*מבצע* לחם חיטה מלאה,,,*מבצע* לחם חיטה מלאה,,750.00,"100 מ""ל",false,,15.90,0.0212,true,1,94987
7290003268429,false,לחם חיטה מלאה ירוק 7,,,לחם חיטה מלאה ירוק 7,,750.00,100 גרם,false,,16.90,0.0225,true,1,94988
7290003268627,false,חלה מתוקה ברמן,,,חלה מתוקה ברמן,,500.00,100 גרם,false,,8.90,0.0178,true,1,143811
7290003268641,false,חאלע חלה מתוקה מיוחד,,,חאלע חלה מתוקה מיוחד,יחידה,0.00,יחידה,false,,14.90,0.0000,true,1,137010
7290003268764,false,חלה רגילה 500גר,,,חלה רגילה 500גר,,500.00,"100 מ""ל",false,,5.17,0.0103,true,1,94992
7290003318100,false,וופל טעם שוקו מנעמים,קריות זול,,וופל טעם שוקו מנעמים,,200.00,100 גרם,false,,4.90,0.0245,true,1,93366
7290003318131,false,וופל אגוז מנעמים 200,,,וופל אגוז מנעמים 200,,200.00,100 גרם,false,,4.90,0.0245,true,1,93367
7290003318155,false,וופל טעם לימון מנעמי,קריות זול,,וופל טעם לימון מנעמי,,200.00,100 גרם,false,,4.90,0.0245,true,1,93368
7290003318599,false,וופל וניל מנעמים 200,,,וופל וניל מנעמים 200,,200.00,100 גרם,false,,4.90,0.0245,true,1,93369
7290003321155,false,דנונה בר פקאן 183גר,קריות זול,,דנונה בר פקאן 183גר,,183.00,100 גרם,false,,4.90,0.0268,true,1,95178
7290003423909,false,הרשי קוקיס קרם לבן 4,,,הרשי קוקיס קרם לבן 4,,43.00,100 גרם,false,,4.90,0.1140,true,1,163407
7290003438006,false,פסטו איטלקי אוליביה,קריות זול,,פסטו איטלקי אוליביה,,180.00,100 גרם,false,,15.90,0.0883,true,1,94308
7290003438020,false,ממרח עגבניות מיובשות,קריות זול,,ממרח עגבניות מיובשות,,190.00,100 גרם,false,,15.90,0.0837,true,1,94310
7290003438853,false,אריסה חריפה 185 גרם,,,אריסה חריפה 185 גרם,,185.00,100 גרם,false,,15.90,0.0859,true,1,94320
7290003444009,false,חטיף ריזס במילוי חמא,,,חטיף ריזס במילוי חמא,,42.00,"100 מ""ל",false,,4.90,0.1167,true,1,124834
7290003450602,false,חרדל אמיתי צהוב בקבו,קריות זול,,חרדל אמיתי צהוב בקבו,,255.00,100 גרם,false,,13.90,0.0545,true,1,88960
7290003457991,false,קורנטו קלאסיק בטעם ו,קריות זול,,קורנטו קלאסיק בטעם ו,,300.00,"100 מ""ל",false,,38.90,0.1297,true,1,92314
7290003470433,false,פרג 200 גרם סולימני,,,פרג 200 גרם סולימני,,200.00,100 גרם,false,,9.90,0.0495,true,1,103783
7290003521197,false,סקרל מתיר קשרים 340מ,,,סקרל מתיר קשרים 340מ,,400.00,"100 מ""ל",false,,29.90,0.0747,true,1,120362
7290003570171,false,שניצל מינוט 300 גרם,,,שניצל מינוט 300 גרם,,300.00,100 גרם,false,,27.90,0.0930,true,1,137542
7290003643004,false,אורז בסמטי סוגת 1קג,קריות זול,,אורז בסמטי סוגת 1קג,,1000.00,100 גרם,false,,15.90,0.0159,true,1,94066
7290003643127,false,אבקת אפיה סוגת 10*10,,,אבקת אפיה סוגת 10*10,,100.00,100 גרם,false,,2.70,0.0270,true,1,94067
7290003643134,false,סוכר וניל סוגת 10*10,קריות זול,,סוכר וניל סוגת 10*10,,100.00,100 גרם,false,,2.70,0.0270,true,1,94068
7290003643325,false,קוסקוס בינוני סוגת 3,קריות זול,,קוסקוס בינוני סוגת 3,,350.00,"100 מ""ל",false,,6.90,0.0197,true,1,94074
7290003643387,false,סוכר לבן בצנצנת סוגת,קריות זול,,סוכר לבן בצנצנת סוגת,,1000.00,"100 מ""ל",false,,8.90,0.0089,true,1,94075
7290003643646,false,סוכר דמררה בצנצנת סו,קריות זול,,סוכר דמררה בצנצנת סו,,1000.00,100 גרם,false,,14.90,0.0149,true,1,94076
7290003643684,false,אפונה סוגת 500גר,קריות זול,,אפונה סוגת 500גר,,500.00,100 גרם,false,,7.90,0.0158,true,1,94077
7290003643707,false,גריסים סוגת 500גר,קריות זול,,גריסים סוגת 500גר,,500.00,100 גרם,false,,7.30,0.0146,true,1,94078
7290003643738,false,חיטה סוגת 500 גר,קריות זול,,חיטה סוגת 500 גר,,500.00,100 גרם,false,,7.30,0.0146,true,1,94080
7290003643745,false,כוסמת סוגת 500גר,קריות זול,,כוסמת סוגת 500גר,,500.00,100 גרם,false,,8.90,0.0178,true,1,94081
7290003643752,false,עדשים ירוקים סוגת 50,קריות זול,,עדשים ירוקים סוגת 50,,500.00,"100 מ""ל",false,,9.90,0.0198,true,1,94082
7290003643769,false,עדשים אדומים סוגת 50,קריות זול,,עדשים אדומים סוגת 50,,500.00,100 גרם,false,,9.90,0.0198,true,1,94083
7290003643776,false,פופקורן סוגת 500 גר,קריות זול,,פופקורן סוגת 500 גר,,500.00,"100 מ""ל",false,,7.90,0.0158,true,1,94084
7290003643806,false,שעועית לבנה סוגת 500,קריות זול,,שעועית לבנה סוגת 500,,500.00,"100 מ""ל",false,,10.90,0.0218,true,1,94086
7290003643813,false,שעועית אדומה סוגת 50,קריות זול,,שעועית אדומה סוגת 50,,500.00,100 גרם,false,,10.90,0.0218,true,1,112531
7290003643820,false,חומוס ענק סוגת 500גר,,,חומוס ענק סוגת 500גר,,500.00,100 גרם,false,,12.90,0.0258,true,1,94087
7290003681174,false,צימוקים שחורים 200גר,,,צימוקים שחורים 200גר,,200.00,100 גרם,false,,8.90,0.0445,true,1,144208
7290003726141,false,טופו בריא 300גר,,,טופו בריא 300גר,,300.00,100 גרם,false,,13.70,0.0457,true,1,85926
7290003726615,false,טופו ויילר 300גר,,,טופו ויילר 300גר,,300.00,"100 מ""ל",false,,13.70,0.0457,true,1,140678
7290003781652,false,צלפים 370 גר,קריות זול,,צלפים 370 גר,,370.00,100 גרם,false,,12.90,0.0349,true,1,88631
7290003804320,false,תיבולית קנור שום פטר,קריות זול,,תיבולית קנור שום פטר,,72.00,100 גרם,false,,10.90,0.1514,true,1,90244
7290003805501,false,פתית שבדי 300גר,קריות זול,,פתית שבדי 300גר,,300.00,100 גרם,false,,19.50,0.0650,true,1,90265
7290003805587,false,פתית חיטה מלאה בדצ 2,קריות זול,,פתית חיטה מלאה בדצ 2,,250.00,"100 מ""ל",false,,19.50,0.0780,true,1,90270
7290003807178,false,רוטב סויה בסגנון סינ,קריות זול,,רוטב סויה בסגנון סינ,,300.00,"100 מ""ל",false,,15.90,0.0530,true,1,90299
7290003807482,false,רוטב טריאקי קנור 300,קריות זול,,רוטב טריאקי קנור 300,,300.00,"100 מ""ל",false,,15.90,0.0530,true,1,90304
7290003882922,false,עלי גפן ממולא 400 גר,קריות זול,,עלי גפן ממולא 400 גר,,400.00,100 גרם,false,,10.90,0.0273,true,1,88637
7290003938049,false,הפי נוזל הברקה למדיח,קריות זול,,הפי נוזל הברקה למדיח,,948.00,100 גרם,false,,18.90,0.0199,true,1,90561
7290003976706,false,דלי מטליות לחיטוי מש,,,דלי מטליות לחיטוי מש,יחידה,0.00,יחידה,false,,29.90,0.0000,true,1,156571
7290003989096,false,חציל פיקנטי אחלה 500,קריות זול,,חציל פיקנטי אחלה 500,,500.00,100 גרם,false,,17.90,0.0358,true,1,95180
7290003989539,false,רביולי גבינה שטראוס,קריות זול,,רביולי גבינה שטראוס,,400.00,"100 מ""ל",false,,22.90,0.0572,true,1,95181
7290004033705,false,לחמניות המבורגר ביג,קריות זול,,לחמניות המבורגר ביג,,600.00,"100 מ""ל",false,,15.90,0.0265,true,1,160771
7290004033736,false,לחם עננים סגנון בריו,,,לחם עננים סגנון בריו,,500.00,100 גרם,false,,16.90,0.0338,true,1,162128
7290004061449,false,שניצל אמרקאי 700גר,,,שניצל אמרקאי 700גר,,700.00,100 גרם,false,,13.90,0.0199,true,1,141279
7290004061487,false,טבעות עוף 700גר,,,טבעות עוף 700גר,,700.00,100 גרם,false,,17.90,0.0256,true,1,141282
7290004061494,false,נגיסי עוף 700גר,,,נגיסי עוף 700גר,,700.00,100 גרם,false,,17.90,0.0256,true,1,141283
7290004063016,false,מלח שולחן 1קג,קריות זול,,מלח שולחן 1קג,,1000.00,100 גרם,false,,2.07,0.0021,true,1,98909
7290004063115,false,מלח למליחות בשר וביש,קריות זול,,מלח למליחות בשר וביש,,1000.00,"100 מ""ל",false,,2.07,0.0021,true,1,98910
7290004064181,false,מלח ההימלאיה גס בצנצ,,,מלח ההימלאיה גס בצנצ,,1000.00,100 גרם,false,,19.90,0.0199,true,1,135176
7290004064303,false,מלח אטלנטי בצנצנת 80,,,מלח אטלנטי בצנצנת 80,,800.00,100 גרם,false,,19.90,0.0249,true,1,165102
7290004068028,false,משקה יוגורט צזיקי 3.,,,משקה יוגורט צזיקי 3.,,500.00,100 גרם,false,,10.50,0.0210,true,1,85928
7290004068172,false,יוגורט עיזים דלי 5%,,,יוגורט עיזים דלי 5%,,600.00,100 גרם,false,,19.50,0.0325,true,1,85930
7290004119225,false,יופלה אננס 3% 150גר,קריות זול,,יופלה אננס 3% 150גר,,150.00,100 גרם,false,,5.10,0.0340,true,1,92856
7290004119928,false,קרלו וניל 1.5% 125גר,קריות זול,,קרלו וניל 1.5% 125גר,,125.00,100 גרם,false,,3.00,0.0240,true,1,92858
7290004120108,false,יופלה דיאט דובדבן 0%,קריות זול,,יופלה דיאט דובדבן 0%,,150.00,100 גרם,false,,5.10,0.0340,true,1,92861
7290004120566,false,בולגרית 24% פיראוס,קריות זול,,בולגרית 24% פיראוס,,250.00,100 גרם,false,,23.90,0.0956,true,1,92865
7290004120634,false,בולגרית 5% 250גר פיר,קריות זול,,בולגרית 5% 250גר פיר,,250.00,100 גרם,false,,23.90,0.0956,true,1,92867
7290004121754,false,יופלה קרם גבינה ותות,קריות זול,,יופלה קרם גבינה ותות,,150.00,"100 מ""ל",false,,5.10,0.0340,true,1,92871
7290004121839,false,פטה כבשים 20% פיראוס,קריות זול,,פטה כבשים 20% פיראוס,,250.00,100 גרם,false,,27.90,0.1116,true,1,92872
7290004121853,false,בולגרית בקוביות 5%פי,קריות זול,,בולגרית בקוביות 5%פי,,200.00,100 גרם,false,,21.90,0.1095,true,1,92873
7290004122119,false,פתיתי פרמזן לפסטה 10,קריות זול,,פתיתי פרמזן לפסטה 10,,100.00,100 גרם,false,,13.30,0.1330,true,1,92876
7290004122195,false,גבינה גוש חלב פרוס 2,קריות זול,,גבינה גוש חלב פרוס 2,,200.00,100 גרם,false,,15.00,0.0750,true,1,92877
7290004122270,false,עמק פרוס סגירה חוזרת,קריות זול,,עמק פרוס סגירה חוזרת,,200.00,100 גרם,false,,16.70,0.0835,true,1,92878
7290004122348,false,עמק לייט 9% 200גר,קריות זול,,עמק לייט 9% 200גר,,200.00,100 גרם,false,,17.90,0.0895,true,1,92879
7290004122676,false,גבינת חמד לייט גביע,קריות זול,,גבינת חמד לייט גביע,,250.00,100 גרם,false,,18.90,0.0756,true,1,92881
7290004122683,false,עמק אצבעות גבינה 172,קריות זול,,עמק אצבעות גבינה 172,,172.00,100 גרם,false,,16.90,0.0983,true,1,92882
7290004124847,false,קצפת צמחית 24% 500מל,קריות זול,,קצפת צמחית 24% 500מל,,500.00,100 גרם,false,,15.90,0.0318,true,1,92895
7290004125400,false,אשל 200 מל,קריות זול,,אשל 200 מל,,200.00,100 גרם,false,,1.69,0.0084,true,1,92899
7290004125417,false,"גיל 200 מ""ל",קריות זול,,"גיל 200 מ""ל",,200.00,100 גרם,false,,1.51,0.0076,true,1,92900
7290004125455,false,שמנת אורגינל מהדרין,קריות זול,,שמנת אורגינל מהדרין,,200.00,100 גרם,false,,2.40,0.0120,true,1,92901
7290004125462,false,שמנת חמוצה 15% 500מל,קריות זול,,שמנת חמוצה 15% 500מל,,500.00,100 גרם,false,,6.00,0.0120,true,1,92902
7290004125509,false,שמנת חצי מנה 15% תנו,קריות זול,,שמנת חצי מנה 15% תנו,,100.00,"100 מ""ל",false,,2.10,0.0210,true,1,92903
7290004125585,false,משקה סויה על הבוקר ת,קריות זול,,משקה סויה על הבוקר ת,,1000.00,100 גרם,false,,11.90,0.0119,true,1,92905
7290004125721,false,שמנת לבישול 15% 250מ,קריות זול,,שמנת לבישול 15% 250מ,,250.00,"100 מ""ל",false,,8.90,0.0356,true,1,92906
7290004125738,false,שמנת להקצפה 32% 250מ,קריות זול,,שמנת להקצפה 32% 250מ,,250.00,100 גרם,false,,6.90,0.0276,true,1,92907
7290004125776,false,עמק פרוסות 28% 400גר,קריות זול,,עמק פרוסות 28% 400גר,,400.00,100 גרם,false,,29.90,0.0747,true,1,92909
7290004126674,false,עמק טל לייט 9% 200גר,קריות זול,,עמק טל לייט 9% 200גר,,200.00,100 גרם,false,,19.80,0.0990,true,1,92911
7290004127329,false,קוטג 5% 250גר תנובה,קריות זול,,קוטג 5% 250גר תנובה,,250.00,100 גרם,false,,5.90,0.0236,true,1,92915
7290004127336,false,קוטג 9% 250גר תנובה,קריות זול,,קוטג 9% 250גר תנובה,,250.00,"100 מ""ל",false,,5.90,0.0236,true,1,92916
7290004127800,false,גבינה לבנה 5% 500גר,קריות זול,,גבינה לבנה 5% 500גר,,500.00,"100 מ""ל",false,,9.96,0.0199,true,1,92918
7290004127862,false,גבינה לבנה 5% 750גרם,קריות זול,,גבינה לבנה 5% 750גרם,,750.00,"100 מ""ל",false,,14.94,0.0199,true,1,92920
7290004128333,false,לאבנה גביע %9 500גר,קריות זול,,לאבנה גביע %9 500גר,,500.00,100 גרם,false,,19.90,0.0398,true,1,92923
7290004128364,false,גבינת שמנת בטעם זיתי,קריות זול,,גבינת שמנת בטעם זיתי,,200.00,100 גרם,false,,11.90,0.0595,true,1,92925
7290004129101,false,גבינת נפוליאון בטעם,קריות זול,,גבינת נפוליאון בטעם,,225.00,"100 מ""ל",false,,14.50,0.0644,true,1,92927
7290004129118,false,גבינת נפוליאון בטעם,קריות זול,,גבינת נפוליאון בטעם,,225.00,"100 מ""ל",false,,14.50,0.0644,true,1,92928
7290004129156,false,גבינת נפוליאון שום ש,קריות זול,,גבינת נפוליאון שום ש,,225.00,"100 מ""ל",false,,14.50,0.0644,true,1,92929
7290004129767,false,יופלה לבן מאגדת שמינ,קריות זול,,יופלה לבן מאגדת שמינ,,1200.00,100 גרם,false,,18.20,0.0152,true,1,92933
7290004130794,false,משקה סויה מועשר 1 לי,קריות זול,,משקה סויה מועשר 1 לי,,1000.00,"100 מ""ל",false,,11.90,0.0119,true,1,92935
7290004130916,false,יופלה בטעם פירות יער,קריות זול,,יופלה בטעם פירות יער,,150.00,100 גרם,false,,5.10,0.0340,true,1,92936
7290004131074,false,חלב בקרטון מהדרין תנ,קריות זול,,חלב בקרטון מהדרין תנ,,1000.00,100 גרם,false,,6.23,0.0062,true,1,92938
7290004131432,false,יופלה לבן 3% 200מל,קריות זול,,יופלה לבן 3% 200מל,,200.00,"100 מ""ל",false,,4.00,0.0200,true,1,92942
7290004131456,false,יופלה לבן 1.5% 200מל,קריות זול,,יופלה לבן 1.5% 200מל,,200.00,"100 מ""ל",false,,4.00,0.0200,true,1,92943
7290004131814,false,צפתית מעודנת 5% 200ג,קריות זול,,צפתית מעודנת 5% 200ג,,200.00,100 גרם,false,,15.50,0.0775,true,1,92946
7290004132552,false,משקה סויה דיאט וניל,קריות זול,,משקה סויה דיאט וניל,,1000.00,100 גרם,false,,11.90,0.0119,true,1,92952
7290004136598,false,הפסקת אוכל חלב ודגני,קריות זול,,הפסקת אוכל חלב ודגני,,150.00,"100 מ""ל",false,,9.70,0.0647,true,1,92981
7290004136857,false,ג'לי תנובה פטל 125גר,קריות זול,,ג'לי תנובה פטל 125גר,,125.00,100 גרם,false,,2.70,0.0216,true,1,92982
7290004136864,false,ג'לי תנובה אננס עם ח,קריות זול,,ג'לי תנובה אננס עם ח,,125.00,100 גרם,false,,2.90,0.0232,true,1,92983
7290004136871,false,ג'לי תנובה אפרסק עם,קריות זול,,ג'לי תנובה אפרסק עם,,125.00,100 גרם,false,,2.90,0.0232,true,1,92984
7290004137021,false,שמנת לבישול 10% 250מ,,,שמנת לבישול 10% 250מ,,250.00,"100 מ""ל",false,,8.90,0.0356,true,1,92986
7290004137311,false,עמק לייט משפחתית 9%,,,עמק לייט משפחתית 9%,,400.00,"100 מ""ל",false,,31.90,0.0797,true,1,92987
7290004255305,false,נר נשמה בכוס פלסטיק,,,נר נשמה בכוס פלסטיק,יחידה,0.00,יחידה,false,,10.90,0.0000,true,1,161238
7290004255428,false,נר נשמה מנורה פחית 2,,,נר נשמה מנורה פחית 2,יחידה,0.00,יחידה,false,,2.50,0.0000,true,1,156085
7290004456283,false,אנטריקוט עגל פריים,,,אנטריקוט עגל פריים,קילוגרמים,1.00,"ק""ג",true,,169.00,169.0000,true,1,160697
7290004532048,false,גרעין לבן 200גר,,,גרעין לבן 200גר,,200.00,100 גרם,false,,8.90,0.0445,true,1,101141
7290004532444,false,שקד טבעי 200גרם,,,שקד טבעי 200גרם,,200.00,100 גרם,false,,19.90,0.0995,true,1,101164
7290004584351,false,גבינת סימפוניה טעם ט,קריות זול,,גבינת סימפוניה טעם ט,,200.00,100 מ'ל,false,,11.90,0.0595,true,1,95184
7290004584528,false,דנונה ביו 1.5% 200גר,קריות זול,,דנונה ביו 1.5% 200גר,,200.00,100 גרם,false,,3.80,0.0190,true,1,95185
7290004586171,false,תירוש אדום 650מל כרמ,,,תירוש אדום 650מל כרמ,,650.00,100 גרם,false,,13.90,0.0214,true,1,155137
7290004685089,false,לחם הארץ חמניות 500ג,,,לחם הארץ חמניות 500ג,,500.00,100 גרם,false,,17.90,0.0358,true,1,96478
7290004685126,false,לחם הארץ פומפרניקל 7,,,לחם הארץ פומפרניקל 7,,750.00,100 גרם,false,,17.90,0.0239,true,1,96479
7290004685157,false,לחם הארץ שיפון 100%,,,לחם הארץ שיפון 100%,,750.00,100 גרם,false,,17.90,0.0239,true,1,96482
7290004685201,false,לחם הארץ אגוזים 500ג,,,לחם הארץ אגוזים 500ג,,500.00,100 גרם,false,,17.90,0.0358,true,1,96484
7290004685225,false,לחם הארץ פומפרניקל 7,,,לחם הארץ פומפרניקל 7,,750.00,"100 מ""ל",false,,17.90,0.0239,true,1,96485
7290004685430,false,לחם הארץ כוסמין 100%,,,לחם הארץ כוסמין 100%,,500.00,100 גרם,false,,17.90,0.0358,true,1,133498
7290004685447,false,לחמניות כוסמין 6יח ש,,,לחמניות כוסמין 6יח ש,,450.00,100 גרם,false,,13.90,0.0309,true,1,150221
7290004731083,false,כיף אלסבון ג'נסנג 1ל,,,כיף אלסבון ג'נסנג 1ל,,1000.00,"100 מ""ל",false,,14.90,0.0149,true,1,89337
7290004731472,false,כיף אל סבון שלישיה צ,קריות זול,,כיף אל סבון שלישיה צ,,1500.00,"100 מ""ל",false,,22.90,0.0153,true,1,89342
7290004731564,false,סנו מקסימה למייבש בל,,,סנו מקסימה למייבש בל,,750.00,"100 מ""ל",false,,21.90,0.0292,true,1,134848
7290004737900,false,חלב מרוכז ממותק 397,קריות זול,,חלב מרוכז ממותק 397,,397.00,100 גרם,false,,11.90,0.0300,true,1,88644
7290004944032,false,חומוס אסלי 400 גרם,,,חומוס אסלי 400 גרם,,400.00,"100 מ""ל",false,,14.90,0.0373,true,1,143547
7290004944056,false,חציל במיונז אסלי 400,,,חציל במיונז אסלי 400,,400.00,100 גרם,false,,14.90,0.0373,true,1,143549
7290005174513,false,חציל במיונז אחלה 500,קריות זול,,חציל במיונז אחלה 500,,500.00,100 גרם,false,,16.90,0.0338,true,1,95187
7290005174551,false,סלט חומוס אחלה 125גר,קריות זול,,סלט חומוס אחלה 125גר,,125.00,100 גרם,false,,5.80,0.0464,true,1,95188
7290005174575,false,סלט טחינה אחלה 125גר,קריות זול,,סלט טחינה אחלה 125גר,,125.00,"100 מ""ל",false,,5.80,0.0464,true,1,95190
7290005197758,false,עוגיות חיוכים שוקו 1,קריות זול,,עוגיות חיוכים שוקו 1,,150.00,100 גרם,false,,5.30,0.0353,true,1,99550
7290005200786,false,תפוציפס שמנת ובצל 50,קריות זול,,תפוציפס שמנת ובצל 50,,50.00,"100 מ""ל",false,,4.50,0.0900,true,1,90781
7290005201455,false,*מבצע* קפה נמס ארומה,קריות זול,,*מבצע* קפה נמס ארומה,,200.00,100 גרם,false,,15.90,0.0795,true,1,149439
7290005270000,false,עלי סיגר 500גר,,,עלי סיגר 500גר,,500.00,100 גרם,false,,16.90,0.0338,true,1,102733
7290005287206,false,טונה סטארקיסט בשמן 4,קריות זול,,טונה סטארקיסט בשמן 4,,640.00,100 גרם,false,,26.90,0.0420,true,1,88983
7290005287213,false,טונה סטארקיסט בשמן ב,,,טונה סטארקיסט בשמן ב,,640.00,100 גרם,false,,26.90,0.0420,true,1,88984
7290005287251,false,טונה סטארקיסט במים 4,קריות זול,,טונה סטארקיסט במים 4,,640.00,100 גרם,false,,26.90,0.0420,true,1,88986
7290005287510,false,טונה סטארקיסט בשמן פ,קריות זול,,טונה סטארקיסט בשמן פ,,160.00,100 גרם,false,,8.50,0.0531,true,1,88989
7290005287527,false,טונה סטארקיסט בשמן ל,קריות זול,,טונה סטארקיסט בשמן ל,,160.00,100 גרם,false,,8.50,0.0531,true,1,88990
7290005287534,false,טונה סטארקיסט בשמן ע,קריות זול,,טונה סטארקיסט בשמן ע,,160.00,"100 מ""ל",false,,8.50,0.0531,true,1,88991
7290005287657,false,ממרח טונה סטארקיסט 1,,,ממרח טונה סטארקיסט 1,,160.00,100 גרם,false,,8.50,0.0531,true,1,88999
7290005326523,false,ממרח פסטו פטרוזיליה,,,ממרח פסטו פטרוזיליה,,185.00,100 גרם,false,,15.90,0.0859,true,1,94328
7290005384851,false,מיץ לימון ויליפוד 20,קריות זול,,מיץ לימון ויליפוד 20,,200.00,"100 מ""ל",false,,5.90,0.0295,true,1,137578
7290005423734,false,סנו מקסימה מרכך כביס,קריות זול,,סנו מקסימה מרכך כביס,ליטרים,4.00,ליטר,false,,23.90,5.9750,true,1,89356
7290005426964,false,סנובון כחול בריח אפר,קריות זול,,סנובון כחול בריח אפר,,150.00,100 גרם,false,,17.90,0.1193,true,1,89395
7290005427725,false,מגבוני ליטופים מבושם,,,מגבוני ליטופים מבושם,,5.00,יח',false,,22.90,4.5800,true,1,147970
7290005431968,false,מלבי שמנת 150 גרם,,,מלבי שמנת 150 גרם,,150.00,100 גרם,false,,7.60,0.0507,true,1,157180
7290005500688,false,מסיכה לשיער פנינה רו,,,מסיכה לשיער פנינה רו,,1000.00,100 גרם,false,,29.90,0.0299,true,1,149538
7290005559914,false,*מבצע* פיצה משפחתית,קריות זול,,*מבצע* פיצה משפחתית,,550.00,100 גרם,false,,15.90,0.0289,true,1,92535
7290005559990,false,בצק פילאס תורכי מעדנ,קריות זול,,בצק פילאס תורכי מעדנ,,600.00,"100 מ""ל",false,,24.90,0.0415,true,1,92539
7290005591761,false,דבש טהור מפרחי בר בל,קריות זול,,דבש טהור מפרחי בר בל,,400.00,"100 מ""ל",false,,29.90,0.0747,true,1,99565
7290005610127,false,"תפו""א גורמה דוד משה",,,"תפו""א גורמה דוד משה",קילוגרמים,1.00,"ק""ג",true,,6.90,6.9000,true,1,138767
7290005610509,false,צנוניות יח,,,צנוניות יח,יחידה,0.00,יחידה,false,,5.90,0.0000,true,1,126933
7290005686436,false,תפוח עץ מיובש 200גר,,,תפוח עץ מיובש 200גר,,200.00,100 גרם,false,,14.90,0.0745,true,1,96750
7290005838002,false,דניאלה מעדן גבינה 15,קריות זול,,דניאלה מעדן גבינה 15,,150.00,100 מ'ל,false,,4.30,0.0287,true,1,95192
7290005838613,false,סקי גבינת וניל 125גר,קריות זול,,סקי גבינת וניל 125גר,,125.00,"100 מ""ל",false,,4.00,0.0320,true,1,95193
7290005839078,false,דנונה ביו מארז שמיני,,,דנונה ביו מארז שמיני,,1200.00,100 מ'ל,false,,17.70,0.0147,true,1,95195
7290005839108,false,גבינת סימפוניה עם זי,קריות זול,,גבינת סימפוניה עם זי,,200.00,100 מ'ל,false,,11.90,0.0595,true,1,95196
7290005839313,false,מילקי טופ מגולגלת 14,קריות זול,,מילקי טופ מגולגלת 14,,142.00,100 גרם,false,,4.90,0.0345,true,1,95197
7290005877322,false,חזה עוף טרי ארוז,,,חזה עוף טרי ארוז,קילוגרמים,1.00,"ק""ג",true,,39.90,39.9000,true,1,161715
7290005992018,false,יוגורט עיזים 3% 500מ,קריות זול,,יוגורט עיזים 3% 500מ,,500.00,"100 מ""ל",false,,15.70,0.0314,true,1,85939
7290005992575,false,בולגרית למריחה 5% 25,קריות זול,,בולגרית למריחה 5% 25,,250.00,100 גרם,false,,19.90,0.0796,true,1,85941
7290005996078,false,סרוולד הונגרי יחיעם,,,סרוולד הונגרי יחיעם,,125.00,100 גרם,false,,29.90,0.2392,true,1,156733
7290005996153,false,נקניקיות צרפתיות פרי,,,נקניקיות צרפתיות פרי,,280.00,100 גרם,false,,24.90,0.0889,true,1,150945
7290005996160,false,נקניקיות צ'וריסו פרי,,,נקניקיות צ'וריסו פרי,,280.00,100 גרם,false,,24.90,0.0889,true,1,150946
7290005996221,false,פסטרמה של פעם דק דק,,,פסטרמה של פעם דק דק,,120.00,100 גרם,false,,14.90,0.1242,true,1,157120
7290005996238,false,פסטרמה בדבש דק דק 12,,,פסטרמה בדבש דק דק 12,,120.00,100 גרם,false,,14.90,0.1242,true,1,157121
7290005996276,false,פסטרמה ברביקיו דק דק,,,פסטרמה ברביקיו דק דק,,120.00,100 גרם,false,,14.90,0.1242,true,1,157122
7290006185518,false,אל סבון כחול פנינה ר,,,אל סבון כחול פנינה ר,,1000.00,"100 מ""ל",false,,11.90,0.0119,true,1,149540
7290006199218,false,גלידל חלבי מאגדת בטע,,,גלידל חלבי מאגדת בטע,,8.00,יח',false,,29.90,3.7375,true,1,159573
7290006199942,false,גלידל פרי מאגדת בטעם,,,גלידל פרי מאגדת בטעם,,8.00,יח',false,,24.90,3.1125,true,1,159568
7290006241504,false,פריגת תפוזים קפוא 34,קריות זול,,פריגת תפוזים קפוא 34,,345.00,100 גרם,false,,15.90,0.0461,true,1,91016
7290006251107,false,תה מסאלה ויסוצקי 25י,קריות זול,,תה מסאלה ויסוצקי 25י,,25.00,יח',false,,19.90,0.7960,true,1,93379
7290006251589,false,תה ירוק עם עלי נענע,קריות זול,,תה ירוק עם עלי נענע,,50.00,יח',false,,49.90,0.9980,true,1,93385
7290006265500,false,פטריות שמפיניון ארוז,קריות זול,,פטריות שמפיניון ארוז,,250.00,100 גרם,false,,9.90,0.0396,true,1,86419
7290006265821,false,כוסברה מהדרין,,,כוסברה מהדרין,יחידה,0.00,יחידה,false,,6.90,0.0000,true,1,147555
7290006271181,false,גחנון אפוי מעדנות 75,קריות זול,,גחנון אפוי מעדנות 75,,750.00,100 גרם,false,,27.90,0.0372,true,1,92541
7290006272072,false,חטיפי פיצה מעדנות 65,קריות זול,,חטיפי פיצה מעדנות 65,,650.00,"100 מ""ל",false,,34.90,0.0537,true,1,92546
7290006306296,false,רביולי במילוי גבינה,,,רביולי במילוי גבינה,,400.00,"100 מ""ל",false,,26.90,0.0672,true,1,93001
7290006306302,false,רביולי פרמזן ריקוטה,,,רביולי פרמזן ריקוטה,,400.00,100 גרם,false,,26.90,0.0672,true,1,93002
7290006306333,false,רביולי במילוי תרד וג,קריות זול,,רביולי במילוי תרד וג,,400.00,100 גרם,false,,26.90,0.0672,true,1,93005
7290006342072,false,גרעין דלעת קלוי ששון,,,גרעין דלעת קלוי ששון,,200.00,100 גרם,false,,7.90,0.0395,true,1,132447
7290006374738,false,קונפיטורת תות יד מרד,קריות זול,,קונפיטורת תות יד מרד,,340.00,100 גרם,false,,14.90,0.0438,true,1,99569
7290006376022,false,קורנפלור 200גר פרימי,,,קורנפלור 200גר פרימי,,200.00,"100 מ""ל",false,,4.90,0.0245,true,1,157193
7290006376091,false,סודה לשתיה פרימיום 5,,,סודה לשתיה פרימיום 5,,50.00,"100 מ""ל",false,,2.30,0.0460,true,1,139930
7290006376329,false,ציפוי לשניצל קלאסי,,,ציפוי לשניצל קלאסי,,200.00,"100 מ""ל",false,,13.90,0.0695,true,1,141725
7290006376343,false,ציפוי לשניצל ים תיכו,,,ציפוי לשניצל ים תיכו,,200.00,100 גרם,false,,13.90,0.0695,true,1,87290
7290006376626,false,אבקת סוכר פרימיום 10,,,אבקת סוכר פרימיום 10,,100.00,100 גרם,false,,2.70,0.0270,true,1,139931
7290006376718,false,ג'לטין שקיות 24 גר,,,ג'לטין שקיות 24 גר,,24.00,100 גרם,false,,10.90,0.4542,true,1,96042
7290006376725,false,קוקוס 200 גרם חילדה,,,קוקוס 200 גרם חילדה,,200.00,100 גרם,false,,7.90,0.0395,true,1,162056
7290006376732,false,שומשום 200 גרם חילדה,,,שומשום 200 גרם חילדה,,200.00,100 גרם,false,,7.90,0.0395,true,1,162057
7290006492432,false,בייבי מוצרלה מחלבות,קריות זול,,בייבי מוצרלה מחלבות,,100.00,"100 מ""ל",false,,16.70,0.1670,true,1,85944
7290006492630,false,גבינת גליל מחלבות גד,קריות זול,,גבינת גליל מחלבות גד,,180.00,100 גרם,false,,24.80,0.1378,true,1,85946
7290006492647,false,מחלבות גד מטבעות גבי,קריות זול,,מחלבות גד מטבעות גבי,,150.00,100 גרם,false,,25.90,0.1727,true,1,85947
7290006492685,false,לאבנה עזים 5% 250גר,קריות זול,,לאבנה עזים 5% 250גר,,250.00,100 גרם,false,,18.90,0.0756,true,1,85948
7290006492852,false,גבינת עיזים 5 % למרי,קריות זול,,גבינת עיזים 5 % למרי,,250.00,100 גרם,false,,19.70,0.0788,true,1,85949
7290006492913,false,לאבנה ציזיקי 250גר מ,קריות זול,,לאבנה ציזיקי 250גר מ,,250.00,"100 מ""ל",false,,14.70,0.0588,true,1,85950
7290006494917,false,וופל מרמולייט ופל בט,קריות זול,,וופל מרמולייט ופל בט,,180.00,100 גרם,false,,11.90,0.0661,true,1,99071
7290006494924,false,וופל מרמולייט ופל בט,קריות זול,,וופל מרמולייט ופל בט,,180.00,"100 מ""ל",false,,11.90,0.0661,true,1,144691
7290006546395,false,לקט העונה 800גר,קריות זול,,לקט העונה 800גר,,800.00,100 גרם,false,,12.90,0.0161,true,1,143965
7290006618078,false,אסטוניש מרסס ניקוי י,,,אסטוניש מרסס ניקוי י,,750.00,100 גרם,false,,16.90,0.0225,true,1,90568
7290006644510,false,"תפוזינה ענבים 500מ""ל",,,"תפוזינה ענבים 500מ""ל",,500.00,100 גרם,false,,5.90,0.0118,true,1,142190
7290006653819,false,קוסקוס דק אסם 350 גר,קריות זול,,קוסקוס דק אסם 350 גר,,350.00,"100 מ""ל",false,,8.90,0.0254,true,1,88097
7290006664051,false,אקטימל טבעי 14*100מל,קריות זול,,אקטימל טבעי 14*100מל,,1400.00,"100 מ""ל",false,,33.70,0.0241,true,1,95200
7290006664310,false,גבינה לבנה סקי 3% שט,קריות זול,,גבינה לבנה סקי 3% שט,,250.00,"100 מ""ל",false,,4.90,0.0196,true,1,95202
7290006664402,false,גבינה לבנה סקי 5% 75,קריות זול,,גבינה לבנה סקי 5% 75,,750.00,100 גרם,false,,14.94,0.0199,true,1,95204
7290006664532,false,דנונה תות 1.5% 150 מ,קריות זול,,דנונה תות 1.5% 150 מ,,150.00,"100 מ""ל",false,,3.90,0.0260,true,1,95205
7290006664655,false,אקטימל טבעי 8*100מל,קריות זול,,אקטימל טבעי 8*100מל,,800.00,100 גרם,false,,21.90,0.0274,true,1,95207
7290006664990,false,דנונה ביו מארז שמיני,,,דנונה ביו מארז שמיני,,1200.00,100 גרם,false,,17.70,0.0147,true,1,95210
7290006681003,false,קרמיסימו תות לימון ס,קריות זול,,קרמיסימו תות לימון ס,,1330.00,"100 מ""ל",false,,22.90,0.0172,true,1,92331
7290006681553,false,קרמבו וניל שטראוס 8י,קריות זול,,קרמבו וניל שטראוס 8י,,8.00,יח',false,,16.90,2.1125,true,1,92334
7290006681560,false,קרמבו מוקה שטראוס 8י,קריות זול,,קרמבו מוקה שטראוס 8י,,8.00,יח',false,,16.90,2.1125,true,1,92335
7290006707345,false,חזה עוף טרי ארוז,,,חזה עוף טרי ארוז,קילוגרמים,1.00,"ק""ג",true,,39.90,39.9000,true,1,155481
7290006712981,false,קולגייט משחת שיניים,קריות זול,,קולגייט משחת שיניים,,50.00,"100 מ""ל",false,,14.90,0.2980,true,1,91566
7290006739292,false,פסטרמה תבור זוגלובק,,,פסטרמה תבור זוגלובק,,330.00,100 גרם,false,,31.90,0.0967,true,1,101344
7290006739407,false,שניצל תירס לייט זוגל,,,שניצל תירס לייט זוגל,,630.00,100 גרם,false,,28.90,0.0459,true,1,101346
7290006739414,false,סלמי קוניאק זוגלובק,,,סלמי קוניאק זוגלובק,,300.00,100 גרם,false,,29.90,0.0997,true,1,101347
7290006739421,false,סלמי מעושן איטלקי זו,,,סלמי מעושן איטלקי זו,,300.00,100 גרם,false,,29.90,0.0997,true,1,101348
7290006739445,false,שניצל תירס קלאסי זוג,,,שניצל תירס קלאסי זוג,,750.00,"100 מ""ל",false,,28.90,0.0385,true,1,101349
7290006742315,false,חזה הודו ברביקיו 1%,,,חזה הודו ברביקיו 1%,,330.00,100 גרם,false,,31.90,0.0967,true,1,101371
7290006764478,false,נשר מאלט 330מל',,,נשר מאלט 330מל',,330.00,"100 מ""ל",false,,6.90,0.0209,true,1,86657
7290006765000,false,טורטיות מקמח חיטה מל,,,טורטיות מקמח חיטה מל,,540.00,"100 מ""ל",false,,10.00,0.0185,true,1,141003
7290006775764,false,עוגת שוקוציפס ללא סו,,,עוגת שוקוציפס ללא סו,,400.00,100 גרם,false,,13.90,0.0348,true,1,97741
7290006788436,false,קרליין רולאון נושם ו,,,קרליין רולאון נושם ו,,75.00,"100 מ""ל",false,,15.90,0.2120,true,1,89438
7290006822192,false,אושן ספריי דיאט חמוצ,קריות זול,,אושן ספריי דיאט חמוצ,,1000.00,"100 מ""ל",false,,13.90,0.0139,true,1,100125
7290006866967,false,פרימור נקטר חמוציות,,,פרימור נקטר חמוציות,,1000.00,"100 מ""ל",false,,13.90,0.0139,true,1,144692
7290006983152,false,קרוטונים מתובלים למר,קריות זול,,קרוטונים מתובלים למר,,400.00,100 גרם,false,,21.90,0.0547,true,1,88101
7290006983176,false,לחמית שיפון אסם 250ג,קריות זול,,לחמית שיפון אסם 250ג,,250.00,"100 מ""ל",false,,9.90,0.0396,true,1,88102
7290006983770,false,עוגת הבית שיש אסם 40,קריות זול,,עוגת הבית שיש אסם 40,,400.00,100 גרם,false,,15.90,0.0398,true,1,88106
7290006983794,false,עוגת הבית תפוז אסם 4,קריות זול,,עוגת הבית תפוז אסם 4,,400.00,100 גרם,false,,15.90,0.0398,true,1,88108
7290008116534,false,מי פה ליסטרין 250 מל,,,מי פה ליסטרין 250 מל,,250.00,"100 מ""ל",false,,9.90,0.0396,true,1,86048
7290008116558,false,מי פה ליסטרין 250 מל,,,מי פה ליסטרין 250 מל,,250.00,100 גרם,false,,9.90,0.0396,true,1,86049
7290008154222,false,שניצלונים עוף טוב 70,קריות זול,,שניצלונים עוף טוב 70,,700.00,100 גרם,false,,19.90,0.0284,true,1,88115
7290008166010,false,לקט פיצוחים 200גר,,,לקט פיצוחים 200גר,,200.00,100 גרם,false,,17.90,0.0895,true,1,101170
7290008175173,false,חמאה מפינלנד ללא מלח,קריות זול,,חמאה מפינלנד ללא מלח,,200.00,100 גרם,false,,15.90,0.0795,true,1,88656
7290008175210,false,פרמזנו מגורדת ויליפו,,,פרמזנו מגורדת ויליפו,,90.00,100 גרם,false,,16.90,0.1878,true,1,88657
7290008329033,false,צלחת 7 לבן אר 50 דנט,,,צלחת 7 לבן אר 50 דנט,,50.00,,false,,9.90,0.1980,true,1,115421
7290008409049,false,שניצלונים מיני מיני,,,שניצלונים מיני מיני,,500.00,100 גרם,false,,29.90,0.0598,true,1,142595
7290008409100,false,אצבעות שניצל שומשום,קריות זול,,אצבעות שניצל שומשום,,700.00,100 גרם,false,,39.90,0.0570,true,1,92555
7290008409315,false,שניצלונים מיני מיני,,,שניצלונים מיני מיני,,500.00,"100 מ""ל",false,,29.90,0.0598,true,1,92561
7290008464222,false,בירה מכבי 7.9% פחית,,,בירה מכבי 7.9% פחית,,500.00,"100 מ""ל",false,,8.90,0.0178,true,1,86668
7290008464505,false,"סאן בנדטו 500מ""ל",קריות זול,,"סאן בנדטו 500מ""ל",,500.00,"100 מ""ל",false,,3.90,0.0078,true,1,86674
7290008464734,false,בירה גולדסטאר SLOW B,קריות זול,,בירה גולדסטאר SLOW B,,1980.00,"100 מ""ל",false,,39.90,0.0202,true,1,133821
7290008464741,false,*מבצע* בירה גולדסטאר,קריות זול,,*מבצע* בירה גולדסטאר,,1980.00,"100 מ""ל",false,,29.90,0.0151,true,1,86681
7290008464796,false,בירה היינקן בקבוק 6*,קריות זול,,בירה היינקן בקבוק 6*,,1980.00,"100 מ""ל",false,,39.90,0.0202,true,1,86682
7290008493413,false,פרורי גריסני שקית 20,,,פרורי גריסני שקית 20,,200.00,"100 מ""ל",false,,7.90,0.0395,true,1,89023
7290008493710,false,פרורי גריסיני זהב 20,,,פרורי גריסיני זהב 20,,200.00,"100 מ""ל",false,,7.90,0.0395,true,1,149681
7290008590136,false,שעועית צהובה חתוכה ק,,,שעועית צהובה חתוכה ק,,800.00,"100 מ""ל",false,,9.90,0.0124,true,1,162887
7290008590150,false,אפונת גינה קטנה שף ה,,,אפונת גינה קטנה שף ה,,800.00,100 גרם,false,,9.90,0.0124,true,1,162509
7290008590167,false,אפונה וגזר 800 גרם ש,,,אפונה וגזר 800 גרם ש,,800.00,100 גרם,false,,9.90,0.0124,true,1,162888
7290008590198,false,שעועית ירוקה חתוכה 8,,,שעועית ירוקה חתוכה 8,,800.00,100 גרם,false,,9.90,0.0124,true,1,162889
7290008644112,false,סלט מטבוחה אחלה 125ג,קריות זול,,סלט מטבוחה אחלה 125ג,,125.00,"100 מ""ל",false,,5.80,0.0464,true,1,95212
7290008644235,false,עלי בייבי 120 גר שטר,קריות זול,,עלי בייבי 120 גר שטר,,120.00,100 גרם,false,,12.90,0.1075,true,1,95213
7290008644945,false,סלט המושבה שטראוס 45,,,סלט המושבה שטראוס 45,,450.00,"100 מ""ל",false,,12.90,0.0287,true,1,95215
7290008693134,false,דניאלה תות מעדן גבינ,קריות זול,,דניאלה תות מעדן גבינ,,150.00,100 מ'ל,false,,4.30,0.0287,true,1,95217
7290008737289,false,גפילטע פיש בנוסח פול,,,גפילטע פיש בנוסח פול,יחידה,0.00,יחידה,false,,15.90,0.0000,true,1,96044
7290008737296,false,"גפילטע פיש ""דג עדן 6",,,"גפילטע פיש ""דג עדן 6",,6.00,יח',false,,15.90,2.6500,true,1,96045
7290008745239,false,תפוציפס אקסטרא טבעי,קריות זול,,תפוציפס אקסטרא טבעי,,50.00,"100 מ""ל",false,,4.50,0.0900,true,1,90784
7290008747547,false,תפוציפס אקסטרא טבעי,,,תפוציפס אקסטרא טבעי,,200.00,"100 מ""ל",false,,11.90,0.0595,true,1,90786
7290008752244,false,תפוציפס אקסטרא גריל,קריות זול,,תפוציפס אקסטרא גריל,,50.00,100 גרם,false,,4.50,0.0900,true,1,90787
7290008753111,false,תפוציפס מקסיקני 50גר,קריות זול,,תפוציפס מקסיקני 50גר,,50.00,"100 מ""ל",false,,4.50,0.0900,true,1,90789
7290008757034,false,שוופס סודה 250מל,קריות זול,,שוופס סודה 250מל,,250.00,100 גרם,false,,3.90,0.0156,true,1,89920
7290008775816,false,ערגליות שוקו אסם 300,קריות זול,,ערגליות שוקו אסם 300,,300.00,100 גרם,false,,11.50,0.0383,true,1,88122
7290008775823,false,ערגליות תות אסם 300ג,קריות זול,,ערגליות תות אסם 300ג,,300.00,100 גרם,false,,11.50,0.0383,true,1,88123
7290008775892,false,פסטה פרפקטו ספגטי לי,קריות זול,,פסטה פרפקטו ספגטי לי,,500.00,100 גרם,false,,8.90,0.0178,true,1,141879
7290008801522,false,יין קינג דיוויד לבן,קריות זול,,יין קינג דיוויד לבן,,750.00,100 גרם,false,,22.90,0.0305,true,1,85750
7290008801850,false,יין סלקטד אמרלד ריזל,קריות זול,,יין סלקטד אמרלד ריזל,,750.00,"100 מ""ל",false,,29.90,0.0399,true,1,85754
7290008802895,false,יין קברנה סוביניון פ,קריות זול,,יין קברנה סוביניון פ,,750.00,"100 מ""ל",false,,39.90,0.0532,true,1,85758
7290008835954,false,פילה אמנון 5-7 וואקו,,,פילה אמנון 5-7 וואקו,קילוגרמים,1.00,"ק""ג",true,,29.90,29.9000,true,1,157196
7290010050109,false,רוזמרין/עירית,,,רוזמרין/עירית,יחידה,0.00,יחידה,false,,5.90,0.0000,true,1,98286
7290010051045,false,סלט ביבי מיקס בנספק,,,סלט ביבי מיקס בנספק,יחידה,0.00,יחידה,false,,9.90,0.0000,true,1,98290
7290010051052,false,פטרוזליה,,,פטרוזליה,יחידה,0.00,יחידה,false,,4.90,0.0000,true,1,98291
7290010051076,false,לבבות חסה,,,לבבות חסה,יחידה,0.00,יחידה,false,,10.90,0.0000,true,1,98293
7290010051144,false,תרד עלים 180גר,,,תרד עלים 180גר,,180.00,100 גרם,false,,9.90,0.0550,true,1,98298
7290010051168,false,כוסברה,,,כוסברה,יחידה,0.00,יחידה,false,,4.90,0.0000,true,1,98300
7290010051175,false,כוסברה/שמיר ארוז,,,כוסברה/שמיר ארוז,,1000.00,100 גרם,false,,4.90,0.0049,true,1,98301
7290010051182,false,נענע ארוזה,,,נענע ארוזה,יחידה,0.00,יחידה,false,,4.90,0.0000,true,1,98302
7290010051199,false,שורש פטרוזיליה,,,שורש פטרוזיליה,יחידה,0.00,יחידה,false,,5.90,0.0000,true,1,98303
7290010051205,false,סלרי אמריקאי.,,,סלרי אמריקאי.,,200.00,100 גרם,false,,6.90,0.0345,true,1,98304
7290010051212,false,סלרי ראש,,,סלרי ראש,יחידה,0.00,יחידה,false,,5.90,0.0000,true,1,98305
7290010051250,false,אורגנו,,,אורגנו,יחידה,0.00,יחידה,false,,5.90,0.0000,true,1,98309
7290010051267,false,פרסה לוף שלם,,,פרסה לוף שלם,יחידה,0.00,יחידה,false,,8.90,0.0000,true,1,98310
7290010051298,false,סלק עלים ארוז,,,סלק עלים ארוז,יחידה,0.00,יחידה,false,,6.90,0.0000,true,1,98312
7290010051311,false,סלרי חתוך,,,סלרי חתוך,,110.00,"100 מ""ל",false,,6.90,0.0627,true,1,132097
7290010051335,false,בצל ירוק,,,בצל ירוק,,110.00,100 גרם,false,,5.90,0.0536,true,1,98313
7290010051373,false,לבבות חסה א.אדמה,,,לבבות חסה א.אדמה,יחידה,0.00,יחידה,false,,9.90,0.0000,true,1,137059
7290010051434,false,חסה סלנובה,,,חסה סלנובה,יחידה,0.00,יחידה,false,,10.90,0.0000,true,1,139161
7290010051687,false,רוזמרין,,,רוזמרין,יחידה,0.00,יחידה,false,,5.90,0.0000,true,1,98317
7290010065745,false,פרינוק מחית גוניור ל,,,פרינוק מחית גוניור ל,,190.00,100 גרם,false,,6.90,0.0363,true,1,143024
7290010066025,false,טונה בשמן צמחי פילטו,,,טונה בשמן צמחי פילטו,,158.00,"100 מ""ל",false,,6.80,0.0430,true,1,98093
7290010066513,false,נתחי טונה בשמן פילטו,,,נתחי טונה בשמן פילטו,,632.00,"100 מ""ל",false,,23.90,0.0378,true,1,98096
7290010066575,false,נתחי טונה במים פילטו,,,נתחי טונה במים פילטו,,632.00,"100 מ""ל",false,,23.90,0.0378,true,1,98098
7290010066582,false,נתחי טונה בשמן קנולה,,,נתחי טונה בשמן קנולה,,632.00,"100 מ""ל",false,,23.90,0.0378,true,1,98099
7290010066599,false,נתחי טונה בשמן זית פ,,,נתחי טונה בשמן זית פ,,632.00,"100 מ""ל",false,,29.90,0.0473,true,1,144477
7290010116980,false,שוקולית עלית 850גר,קריות זול,,שוקולית עלית 850גר,,820.00,100 גרם,false,,18.90,0.0230,true,1,99598
7290010118328,false,תפוציפס טעם טבעי מאר,,,תפוציפס טעם טבעי מאר,,240.00,100 גרם,false,,13.90,0.0579,true,1,90798
7290010124213,false,סינטה בקר דק דק אל מ,,,סינטה בקר דק דק אל מ,,250.00,100 גרם,false,,19.90,0.0796,true,1,140270
7290010126323,false,חציל במיונז 400 גרם,,,חציל במיונז 400 גרם,,400.00,100 גרם,false,,13.90,0.0348,true,1,147041
7290010126330,false,תירס במיונז 400 גרם,,,תירס במיונז 400 גרם,,400.00,100 גרם,false,,13.90,0.0348,true,1,147042
7290010126484,false,מטבוחה 400 גרם כיד ה,,,מטבוחה 400 גרם כיד ה,,400.00,100 גרם,false,,13.90,0.0348,true,1,147045
7290010126583,false,חציל טבעי 400 גרם כי,,,חציל טבעי 400 גרם כי,,400.00,100 גרם,false,,13.90,0.0348,true,1,147048
7290010153695,false,פול גדול מיה 400 גר,,,פול גדול מיה 400 גר,,400.00,100 גרם,false,,8.90,0.0223,true,1,144225
7290010153800,false,ציפוי לשניצל תיבול ע,,,ציפוי לשניצל תיבול ע,,500.00,100 גרם,false,,10.90,0.0218,true,1,149175
7290010192144,false,סלרי חתוך ארוז,,,סלרי חתוך ארוז,יחידה,0.00,יחידה,false,,6.90,0.0000,true,1,165099
7290010237531,false,"פפסי בקבוק 500 מ""ל",,,"פפסי בקבוק 500 מ""ל",,500.00,"100 מ""ל",false,,5.90,0.0118,true,1,86685
7290010237586,false,סבן אפ דיאט בקבוק 50,,,סבן אפ דיאט בקבוק 50,,500.00,"100 מ""ל",false,,5.90,0.0118,true,1,86689
7290010237784,false,שנדי לימון ליים שישי,,,שנדי לימון ליים שישי,,1980.00,"100 מ""ל",false,,39.90,0.0202,true,1,86694
7290010259823,false,נודלס בטעם עוף מנת ה,קריות זול,,נודלס בטעם עוף מנת ה,,70.00,100 גרם,false,,5.90,0.0843,true,1,88670
7290010259830,false,נודלס סגנון סיני פיק,קריות זול,,נודלס סגנון סיני פיק,,70.00,100 גרם,false,,5.90,0.0843,true,1,88671
7290010259847,false,נודלס בטעם תירס מנת,קריות זול,,נודלס בטעם תירס מנת,,70.00,100 גרם,false,,5.90,0.0843,true,1,88672
7290010259854,false,נודלס בטעם פטריות מנ,קריות זול,,נודלס בטעם פטריות מנ,,70.00,100 גרם,false,,5.90,0.0843,true,1,88673
7290010259861,false,נודלס בטעם ירקות מנת,קריות זול,,נודלס בטעם ירקות מנת,,70.00,100 גרם,false,,5.90,0.0843,true,1,88674
7290010259991,false,צנימים ויליפוד 250גר,קריות זול,,צנימים ויליפוד 250גר,,250.00,100 גרם,false,,8.90,0.0356,true,1,88677
7290010328093,false,ממרח חלבה 400גר,,,ממרח חלבה 400גר,,400.00,100 גרם,false,,11.90,0.0298,true,1,97745
7290010328246,false,טחינה משומשום מלא 50,,,טחינה משומשום מלא 50,,500.00,100 גרם,false,,12.90,0.0258,true,1,97747
7290010328253,false,טחינה גולמית 500 גרם,,,טחינה גולמית 500 גרם,,500.00,"100 מ""ל",false,,12.90,0.0258,true,1,97748
7290010328468,false,חטיפי מיני חלבה ב3 ט,,,חטיפי מיני חלבה ב3 ט,,216.00,100 גרם,false,,13.90,0.0644,true,1,97750
7290010328727,false,ממרח טחינה עם שוקולד,,,ממרח טחינה עם שוקולד,,400.00,100 גרם,false,,11.90,0.0298,true,1,97761
7290010328734,false,ממרח טחינה עם סילאן,,,ממרח טחינה עם סילאן,,400.00,"100 מ""ל",false,,11.90,0.0298,true,1,97762
7290010328819,false,ממרח טחינה עם שוקולד,,,ממרח טחינה עם שוקולד,,400.00,100 גרם,false,,11.90,0.0298,true,1,131340
7290010328895,false,מאפין שוקולד 45גר,,,מאפין שוקולד 45גר,,45.00,"100 מ""ל",false,,3.20,0.0711,true,1,132462
7290010429554,false,שמן זית כתית מעולה2,קריות זול,,שמן זית כתית מעולה2,,750.00,100 גרם,false,,36.90,0.0492,true,1,99603
7290010471669,false,דנונה בר תות קורנפלק,קריות זול,,דנונה בר תות קורנפלק,,173.00,"100 מ""ל",false,,4.90,0.0283,true,1,95218
7290010472307,false,גמדים לשתיה תות בננה,קריות זול,,גמדים לשתיה תות בננה,,800.00,"100 מ""ל",false,,21.20,0.0265,true,1,95221
7290010513727,false,פירורי לחם פנקו 200ג,,,פירורי לחם פנקו 200ג,,200.00,100 גרם,false,,9.90,0.0495,true,1,98471
7290010613526,false,דלי מטליות לניקוי וח,,,דלי מטליות לניקוי וח,יחידה,0.00,יחידה,false,,10.90,0.0000,true,1,160559
7290010650088,false,פטריות שמפיניון מיוב,,,פטריות שמפיניון מיוב,יחידה,0.00,יחידה,false,,10.90,0.0000,true,1,144489
7290010814244,false,שוקולד מריר כרמית מא,,,שוקולד מריר כרמית מא,,255.00,"100 מ""ל",false,,10.90,0.0427,true,1,91573
7290010814695,false,שוקולד מריר ללא סוכר,,,שוקולד מריר ללא סוכר,,85.00,100 גרם,false,,7.90,0.0929,true,1,101648
7290010839865,false,רכז רימונים 320 גר,,,רכז רימונים 320 גר,,320.00,"100 מ""ל",false,,12.90,0.0403,true,1,88681
7290010849512,false,למברוסקו די לואיג'י,,,למברוסקו די לואיג'י,,750.00,"100 מ""ל",false,,34.90,0.0465,true,1,94173
7290010849529,false,למברוסקו די לואיג'י,,,למברוסקו די לואיג'י,,750.00,"100 מ""ל",false,,34.90,0.0465,true,1,94174
7290010903894,false,"שניצל תירס בד""ץ שף ה",,,"שניצל תירס בד""ץ שף ה",,500.00,100 גרם,false,,12.90,0.0258,true,1,164137
7290010922055,false,"ליצ'י קפוא בד""ץ 250",,,"ליצ'י קפוא בד""ץ 250",,250.00,"100 מ""ל",false,,12.90,0.0516,true,1,164480
7290010922673,false,קרפציו עגל פרימיום 1,,,קרפציו עגל פרימיום 1,,140.00,100 גרם,false,,19.90,0.1421,true,1,164058
7290010931330,false,סלט מטבוחה אחלה 500ג,קריות זול,,סלט מטבוחה אחלה 500ג,,500.00,100 גרם,false,,16.90,0.0338,true,1,95225
7290010945450,false,גבינה לבנה מהדרין 3%,קריות זול,,גבינה לבנה מהדרין 3%,,250.00,"100 מ""ל",false,,4.90,0.0196,true,1,91034
7290010945481,false,גבינה לבנה 5% 500גר,קריות זול,,גבינה לבנה 5% 500גר,,500.00,100 גרם,false,,9.96,0.0199,true,1,91035
7290010970254,false,חומץ בן יין לבן מונט,,,חומץ בן יין לבן מונט,,500.00,"100 מ""ל",false,,18.90,0.0378,true,1,87298
7290011015862,false,סירופ דיאט לימונענע,,,סירופ דיאט לימונענע,,750.00,100 גרם,false,,24.90,0.0332,true,1,100147
7290011017866,false,קוקה קולה סליק 330מל,,,קוקה קולה סליק 330מל,,330.00,"100 מ""ל",false,,7.00,0.0212,true,1,100152
7290011017873,false,קוקה קולה זירו סילק,,,קוקה קולה זירו סילק,,330.00,"100 מ""ל",false,,7.00,0.0212,true,1,100153
7290011017880,false,קוקה קולה דיאט 330מל,,,קוקה קולה דיאט 330מל,,330.00,"100 מ""ל",false,,7.00,0.0212,true,1,100154
7290011018443,false,פאנטה אורנג' סליק 33,,,פאנטה אורנג' סליק 33,,330.00,"100 מ""ל",false,,7.00,0.0212,true,1,100167
7290011018467,false,פאנטה אקזוטיק סליק 3,,,פאנטה אקזוטיק סליק 3,,330.00,"100 מ""ל",false,,7.00,0.0212,true,1,144874
7290011022457,false,תבנית 90 ארוז 8 ר2,,,תבנית 90 ארוז 8 ר2,יחידה,0.00,יחידה,false,,9.90,0.0000,true,1,157127
7290011022464,false,תבנית 210 ר99 ארוז 4,,,תבנית 210 ר99 ארוז 4,יחידה,0.00,יחידה,false,,9.90,0.0000,true,1,157124
7290011022495,false,תבנית 8A ארוז 10יח',,,תבנית 8A ארוז 10יח',יחידה,0.00,יחידה,false,,9.90,0.0000,true,1,157128
7290011022921,false,תבנית 105 ארוז 8יח',,,תבנית 105 ארוז 8יח',יחידה,0.00,יחידה,false,,9.90,0.0000,true,1,157125
7290011022938,false,תבנית 8B ארוז 15 ר29,,,תבנית 8B ארוז 15 ר29,יחידה,0.00,יחידה,false,,9.90,0.0000,true,1,157126
7290011108816,false,חסה ערבית מהדרין,,,חסה ערבית מהדרין,יחידה,0.00,יחידה,false,,6.90,0.0000,true,1,161875
7290011108823,false,פטרוזליה מהדרין,,,פטרוזליה מהדרין,,1000.00,100 גרם,false,,6.90,0.0069,true,1,161882
7290011108847,false,שמיר מהדרין,,,שמיר מהדרין,יחידה,0.00,יחידה,false,,6.90,0.0000,true,1,161885
7290011108878,false,סלרי עלים מהדרין,,,סלרי עלים מהדרין,יחידה,0.00,יחידה,false,,7.90,0.0000,true,1,161888
7290011108885,false,סלק עלים מהדרין,,,סלק עלים מהדרין,,1000.00,100 גרם,false,,7.90,0.0079,true,1,161883
7290011108892,false,כרוב לבן מהדרין,,,כרוב לבן מהדרין,קילוגרמים,1.00,"ק""ג",true,,13.90,13.9000,true,1,161889
7290011108908,false,כרוב אדום מהדרין,,,כרוב אדום מהדרין,קילוגרמים,1.00,"ק""ג",true,,13.90,13.9000,true,1,161890
7290011126209,false,תה תפוח וקינמון סייד,קריות זול,,תה תפוח וקינמון סייד,,55.00,"100 מ""ל",false,,19.90,0.3618,true,1,93398
7290011126452,false,תה הגן הקסום קמומיל,קריות זול,,תה הגן הקסום קמומיל,,37.50,100 גרם,false,,19.90,0.5307,true,1,93404
7290011174897,false,אפונה עדינה 600גר,,,אפונה עדינה 600גר,,600.00,"100 מ""ל",false,,12.90,0.0215,true,1,143974
7290011194215,false,דניאלה בננה 150מל,קריות זול,,דניאלה בננה 150מל,,150.00,100 מ'ל,false,,4.30,0.0287,true,1,95226
7290011194246,false,קוטג 5% עם סידן שטרא,קריות זול,,קוטג 5% עם סידן שטרא,,250.00,100 גרם,false,,5.90,0.0236,true,1,95227
7290011223038,false,עלים לקרמשניט 300גר,,,עלים לקרמשניט 300גר,,400.00,100 גרם,false,,17.90,0.0447,true,1,99094
7290011236649,false,נטיפי שוקולד צ'יפס א,קריות זול,,נטיפי שוקולד צ'יפס א,,300.00,100 גרם,false,,9.90,0.0330,true,1,157573
7290011254254,false,נטיפי שוקולד 300 גרם,,,נטיפי שוקולד 300 גרם,,300.00,"100 מ""ל",false,,10.90,0.0363,true,1,119545
7290011254582,false,חמוציות חתוכות 150גר,,,חמוציות חתוכות 150גר,,150.00,"100 מ""ל",false,,8.90,0.0593,true,1,144231
7290011254766,false,שעועית לוביה 400גר,,,שעועית לוביה 400גר,,400.00,100 גרם,false,,8.90,0.0223,true,1,144234
7290011379018,false,פטריות צמד חמד איטלק,קריות זול,,פטריות צמד חמד איטלק,,500.00,100 גרם,false,,16.90,0.0338,true,1,86443
7290011431341,false,מזלגות 100יח שמאי,,,מזלגות 100יח שמאי,יחידה,0.00,יחידה,false,,9.90,0.0000,true,1,146754
7290011431358,false,כפיות 100יח שמאי,,,כפיות 100יח שמאי,יחידה,0.00,יחידה,false,,9.90,0.0000,true,1,146755
7290011435226,false,דבש מפרחי בר לחיץ 65,,,דבש מפרחי בר לחיץ 65,,650.00,"100 מ""ל",false,,42.90,0.0660,true,1,99606
7290011438142,false,אייס קפה יטבתה בבקבו,קריות זול,,אייס קפה יטבתה בבקבו,,350.00,100 גרם,false,,6.90,0.0197,true,1,95233
7290011499105,false,בולגרית 5% 250גר מחל,קריות זול,,בולגרית 5% 250גר מחל,,250.00,100 גרם,false,,25.90,0.1036,true,1,85952
7290011499112,false,בולגרית 16% 250גר מח,,,בולגרית 16% 250גר מח,,250.00,100 גרם,false,,25.90,0.1036,true,1,85953
7290011499327,false,בולגרית בקר מעודנת 2,,,בולגרית בקר מעודנת 2,,250.00,"100 מ""ל",false,,25.90,0.1036,true,1,85959
7290011499341,false,גבינה קאשקבל מחלבות,,,גבינה קאשקבל מחלבות,,250.00,100 גרם,false,,27.90,0.1116,true,1,85961
7290011499365,false,גבינת חלומי מחלבות ג,,,גבינת חלומי מחלבות ג,,200.00,"100 מ""ל",false,,23.90,0.1195,true,1,85963
7290011499525,false,לאבנה דרוזית 9% 500ג,,,לאבנה דרוזית 9% 500ג,,500.00,100 גרם,false,,21.30,0.0426,true,1,85967
7290011499624,false,גבינת שמנת ניו יורק,,,גבינת שמנת ניו יורק,,200.00,"100 מ""ל",false,,14.90,0.0745,true,1,85968
7290011502850,false,דלישס מוזלי עם פירות,,,דלישס מוזלי עם פירות,,500.00,100 גרם,false,,10.90,0.0218,true,1,143906
7290011515683,false,מאגדת אקסטרים וניל 6,,,מאגדת אקסטרים וניל 6,יחידה,0.00,יחידה,false,,35.90,0.0000,true,1,90658
7290011515911,false,מאגדת לייט ריבת חלב,,,מאגדת לייט ריבת חלב,,312.00,100 גרם,false,,29.90,0.0958,true,1,90659
7290011518561,false,אקטימל תות משפחתי 14,קריות זול,,אקטימל תות משפחתי 14,,1400.00,"100 מ""ל",false,,33.70,0.0241,true,1,95240
7290011524555,false,שעועית לבנה אפויה 80,,,שעועית לבנה אפויה 80,,800.00,100 גרם,false,,12.90,0.0161,true,1,143980
7290011530358,false,שייק איט פירות קפואי,,,שייק איט פירות קפואי,,450.00,100 גרם,false,,29.90,0.0664,true,1,158944
7290011587093,false,תירס גמדי תומר 400 ג,קריות זול,,תירס גמדי תומר 400 ג,,400.00,100 גרם,false,,9.90,0.0248,true,1,87405
7290011587451,false,גרנולה+פירות ואגוזים,,,גרנולה+פירות ואגוזים,,600.00,100 גרם,false,,14.90,0.0248,true,1,127383
7290011587468,false,מוזלי קראנצי אגוז 60,,,מוזלי קראנצי אגוז 60,,600.00,100 גרם,false,,14.90,0.0248,true,1,127384
7290011587642,false,מקרל מרוקאי חריף 125,,,מקרל מרוקאי חריף 125,,125.00,100 גרם,false,,6.90,0.0552,true,1,141761
7290011587758,false,נודלס דק  200 גרם,,,נודלס דק  200 גרם,,200.00,100 גרם,false,,6.90,0.0345,true,1,104173
7290011587826,false,חרדל דיז'ון 370 גר,,,חרדל דיז'ון 370 גר,,370.00,100 גרם,false,,9.90,0.0268,true,1,87416
7290011587840,false,עגבניות קצוצות בשמן,,,עגבניות קצוצות בשמן,,340.00,100 גרם,false,,13.90,0.0409,true,1,127388
7290011587857,false,עגבניות מיובשות מתוב,,,עגבניות מיובשות מתוב,,250.00,"100 מ""ל",false,,9.90,0.0396,true,1,127389
7290011598402,false,סנו מקסימה מרכך כביס,,,סנו מקסימה מרכך כביס,ליטרים,4.00,ליטר,false,,23.90,5.9750,true,1,89471
7290011607180,false,קולון 101כתמים אבקת,,,קולון 101כתמים אבקת,קילוגרמים,1.25,"ק""ג",false,,10.90,8.7200,true,1,96523
7290011622664,false,כתמטמינים טחינה 45 ג,,,כתמטמינים טחינה 45 ג,,45.00,100 גרם,false,,7.90,0.1756,true,1,165336
7290011668570,false,גרנולה פירות יבשים פ,,,גרנולה פירות יבשים פ,,450.00,100 גרם,false,,29.90,0.0664,true,1,149554
7290011668587,false,גרנולה טעם עשיר פנינ,,,גרנולה טעם עשיר פנינ,,500.00,100 גרם,false,,29.90,0.0598,true,1,149555
7290011725426,false,כוסברה מהדרין,,,כוסברה מהדרין,יחידה,0.00,יחידה,false,,6.90,0.0000,true,1,161783
7290011725457,false,בצל ירוק מהדרין,,,בצל ירוק מהדרין,יחידה,0.00,יחידה,false,,6.90,0.0000,true,1,161793
7290011725464,false,סלרי עלים מהדרין,,,סלרי עלים מהדרין,יחידה,0.00,יחידה,false,,7.90,0.0000,true,1,161789
7290011800840,false,טחינה בלאדי צבר 400ג,,,טחינה בלאדי צבר 400ג,,400.00,100 גרם,false,,17.90,0.0447,true,1,88154
7290011877859,false,*מבצע* סנו אינסטלטור,,,*מבצע* סנו אינסטלטור,,200.00,"100 מ""ל",false,,10.90,0.0545,true,1,89488
7290011947309,false,זית סורי מבוקע עם לי,,,זית סורי מבוקע עם לי,,230.00,100 גרם,false,,14.90,0.0648,true,1,93414
7290011947743,false,מיקס זית ירוק וזית ק,,,מיקס זית ירוק וזית ק,,215.00,100 גרם,false,,14.90,0.0693,true,1,159171
7290011964344,false,שום גבישי 120גר,,,שום גבישי 120גר,,120.00,100 גרם,false,,12.90,0.1075,true,1,95927
7290012019258,false,"מחית תפו""ע 4*113גר",,,"מחית תפו""ע 4*113גר",,452.00,"100 מ""ל",false,,12.90,0.0285,true,1,87422
7290012019265,false,"מחית תפו""ע ללא סוכר",,,"מחית תפו""ע ללא סוכר",,452.00,100 גרם,false,,12.90,0.0285,true,1,87423
7290012019272,false,"מחית תפו""ע עם קינמון",,,"מחית תפו""ע עם קינמון",,452.00,100 גרם,false,,12.90,0.0285,true,1,87424
7290012022203,false,קליליות (פריכיות) חי,,,קליליות (פריכיות) חי,,100.00,100 גרם,false,,15.90,0.1590,true,1,100776
7290012022227,false,קליליות (פריכיות) חי,,,קליליות (פריכיות) חי,,100.00,100 גרם,false,,13.90,0.1390,true,1,100777
7290012022272,false,קליליות קידס 30גר,,,קליליות קידס 30גר,,30.00,"100 מ""ל",false,,12.90,0.4300,true,1,134202
7290012025839,false,מטבוחה אסלי 400גר,,,מטבוחה אסלי 400גר,,400.00,100 גרם,false,,14.90,0.0373,true,1,143554
7290012086113,false,שרי קלמר ארוז 450 גר,,,שרי קלמר ארוז 450 גר,,450.00,100 גרם,false,,9.90,0.0220,true,1,150027
7290012117879,false,סנוקליר לניקוי חלונו,,,סנוקליר לניקוי חלונו,,750.00,"100 מ""ל",false,,10.90,0.0145,true,1,89517
7290012117916,false,סנו אינסטלטור נוזל 1,,,סנו אינסטלטור נוזל 1,,1000.00,"100 מ""ל",false,,29.90,0.0299,true,1,89518
7290012139567,false,בונזו ג'וי ביסקוויט,,,בונזו ג'וי ביסקוויט,,90.00,100 גרם,false,,17.90,0.1989,true,1,138705
7290012191855,false,גפרור רגיל עשיריות,,,גפרור רגיל עשיריות,יחידה,0.00,יחידה,false,,3.90,0.0000,true,1,155895
7290012226120,false,קבנוס זוגלובק 135גר,,,קבנוס זוגלובק 135גר,,135.00,"100 מ""ל",false,,13.90,0.1030,true,1,101376
7290012226342,false,נקניקיות טבעונית זוג,,,נקניקיות טבעונית זוג,,460.00,100 גרם,false,,29.90,0.0650,true,1,137261
7290012226922,false,קבנוס בטעם שום זוגלו,,,קבנוס בטעם שום זוגלו,,135.00,100 גרם,false,,13.90,0.1030,true,1,101378
7290012226991,false,*מבצע* נקניקיות בארי,,,*מבצע* נקניקיות בארי,,1000.00,100 גרם,false,,28.90,0.0289,true,1,154810
7290012227608,false,חרמון כפרית זוג מחפו,,,חרמון כפרית זוג מחפו,,600.00,100 גרם,false,,29.90,0.0498,true,1,145398
7290012227912,false,קבנוס מעודן זוגלובק,,,קבנוס מעודן זוגלובק,,135.00,100 גרם,false,,13.90,0.1030,true,1,101404
7290012227974,false,פסטרמה בדבש דק דק 12,,,פסטרמה בדבש דק דק 12,,120.00,"100 מ""ל",false,,14.90,0.1242,true,1,136531
7290012227981,false,פסטרמה ברביקיו דק דק,,,פסטרמה ברביקיו דק דק,,120.00,"100 מ""ל",false,,14.90,0.1242,true,1,136532
7290012245312,false,גולד ציפס אמריקאי 1.,,,גולד ציפס אמריקאי 1.,קילוגרמים,1.50,"ק""ג",false,,22.90,15.2667,true,1,155181
7290012245329,false,גולד צ'יפס קלאסי1.5,,,גולד צ'יפס קלאסי1.5,,1500.00,100 גרם,false,,22.90,0.0153,true,1,155182
7290012245336,false,גולד סטייק צ'יפס -1.,,,גולד סטייק צ'יפס -1.,,1500.00,100 גרם,false,,22.90,0.0153,true,1,155184
7290012309311,false,ערמונים קלופים שלמים,,,ערמונים קלופים שלמים,,100.00,"100 מ""ל",false,,6.90,0.0690,true,1,96770
7290012459726,false,עמבה פרימיום 500 גרם,,,עמבה פרימיום 500 גרם,,500.00,100 גרם,false,,10.90,0.0218,true,1,162064
7290012522581,false,שניצל תירס ללא גלוטן,,,שניצל תירס ללא גלוטן,,664.00,100 גרם,false,,29.90,0.0450,true,1,88167
7290012561405,false,בצל חצי מטוגן דורות,,,בצל חצי מטוגן דורות,,180.00,100 גרם,false,,13.90,0.0772,true,1,88172
7290012642562,false,מיץ שזיפים 946מל,,,מיץ שזיפים 946מל,,946.00,"100 מ""ל",false,,22.90,0.0242,true,1,141769
7290012642883,false,פלפלונים צהובים כבוש,,,פלפלונים צהובים כבוש,,530.00,100 גרם,false,,10.90,0.0206,true,1,87445
7290012665059,false,קובה למרק חמים וטעים,,,קובה למרק חמים וטעים,,400.00,100 גרם,false,,16.90,0.0422,true,1,102734
7290012823398,false,מטליות לחות לרצפה בנ,,,מטליות לחות לרצפה בנ,יחידה,0.00,יחידה,false,,14.90,0.0000,true,1,159840
7290012823404,false,מטהר אוויר סנו פרש א,,,מטהר אוויר סנו פרש א,יחידה,0.00,יחידה,false,,16.90,0.0000,true,1,148809
7290012823947,false,סנו מקסימה פרפיום קר,,,סנו מקסימה פרפיום קר,,750.00,"100 מ""ל",false,,19.90,0.0265,true,1,107036
7290012850035,false,בלאבד מחית תפוח ואפר,,,בלאבד מחית תפוח ואפר,,190.00,100 גרם,false,,5.90,0.0311,true,1,141345
7290012864001,false,נבטי חמניות,,,נבטי חמניות,יחידה,0.00,יחידה,false,,8.90,0.0000,true,1,98344
7290012864025,false,נבטים,,,נבטים,יחידה,0.00,יחידה,false,,7.90,0.0000,true,1,98345
7290012901355,false,פסטה מקרוני עם גבינה,,,פסטה מקרוני עם גבינה,,206.00,"100 מ""ל",false,,12.90,0.0626,true,1,87321
7290012938597,false,סנסודיין משחת שיניים,,,סנסודיין משחת שיניים,,75.00,"100 מ""ל",false,,22.90,0.3053,true,1,143795
7290013117229,false,בורקס פילו תפוא מעדנ,,,בורקס פילו תפוא מעדנ,,600.00,100 גרם,false,,22.90,0.0382,true,1,92588
7290013153593,false,פריגת מיץ תפוזים מתק,,,פריגת מיץ תפוזים מתק,,1000.00,"100 מ""ל",false,,14.90,0.0149,true,1,161664
7290013267665,false,מיני סולרו טרופי מאג,,,מיני סולרו טרופי מאג,יחידה,0.00,יחידה,false,,25.90,0.0000,true,1,92365
7290013268020,false,סנו מקסימה אולטרא פר,,,סנו מקסימה אולטרא פר,,1000.00,"100 מ""ל",false,,19.90,0.0199,true,1,89531
7290013268884,false,ריצפז פרש מאסק 2ליטר,,,ריצפז פרש מאסק 2ליטר,ליטרים,2.00,ליטר,false,,22.90,11.4500,true,1,89545
7290013269263,false,סנו מקסימה גל כביסה,,,סנו מקסימה גל כביסה,ליטרים,3.00,ליטר,false,,34.90,11.6333,true,1,89554
7290013269645,false,מטליות לחות ריצפז פר,,,מטליות לחות ריצפז פר,יחידה,0.00,יחידה,false,,14.90,0.0000,true,1,89560
7290013269706,false,סנובון ג'ל אסלה ריח,,,סנובון ג'ל אסלה ריח,,55.00,"100 מ""ל",false,,7.90,0.1436,true,1,89564
7290013284112,false,חרוזית ירוק פריניר 5,,,חרוזית ירוק פריניר 5,יחידה,0.00,יחידה,false,,9.90,0.0000,true,1,127799
7290013284662,false,רוטב פיצה פריניר 240,,,רוטב פיצה פריניר 240,,240.00,"100 מ""ל",false,,6.90,0.0288,true,1,139268
7290013358363,false,פירורי לחם פנקו מאסט,,,פירורי לחם פנקו מאסט,,300.00,100 גרם,false,,9.90,0.0330,true,1,91579
7290013358486,false,פירורי לחם מוזהבים ל,,,פירורי לחם מוזהבים ל,,300.00,100 גרם,false,,8.90,0.0297,true,1,131433
7290013430083,false,בירה אלכסנדר בלונד 3,,,בירה אלכסנדר בלונד 3,,330.00,"100 מ""ל",false,,13.90,0.0421,true,1,141242
7290013430205,false,בירה אלכסנדר בלאק 33,,,בירה אלכסנדר בלאק 33,,330.00,"100 מ""ל",false,,13.90,0.0421,true,1,160626
7290013430250,false,בירה אלכסנדר חיטה יש,,,בירה אלכסנדר חיטה יש,,330.00,100 גרם,false,,13.90,0.0421,true,1,160625
7290013430304,false,בירה אלכסנדר גרין  3,,,בירה אלכסנדר גרין  3,,330.00,"100 מ""ל",false,,13.90,0.0421,true,1,160627
7290013430403,false,בירה אלכסנדר בלייזר,,,בירה אלכסנדר בלייזר,,330.00,"100 מ""ל",false,,13.90,0.0421,true,1,160628
7290013472892,false,בולגריה בקוביות וילי,,,בולגריה בקוביות וילי,,200.00,100 גרם,false,,11.90,0.0595,true,1,88694
7290013492005,false,"תפו""א למיקרו",,,"תפו""א למיקרו",יחידה,0.00,יחידה,false,,7.90,0.0000,true,1,98348
7290013531117,false,רוטב פסטה לילדים יכי,,,רוטב פסטה לילדים יכי,,240.00,100 גרם,false,,6.90,0.0288,true,1,87213
7290013531346,false,סירופ דיאט לימונענע,,,סירופ דיאט לימונענע,,1000.00,"100 מ""ל",false,,16.90,0.0169,true,1,87214
7290013531612,false,רוטב נפוליטנה יכין 2,,,רוטב נפוליטנה יכין 2,,240.00,100 גרם,false,,6.90,0.0288,true,1,87222
7290013531629,false,רוטב פומדורו יכין 24,,,רוטב פומדורו יכין 24,,240.00,100 גרם,false,,6.90,0.0288,true,1,87223
7290013531759,false,שעועית אפוייה יכין 5,,,שעועית אפוייה יכין 5,,550.00,100 גרם,false,,9.90,0.0180,true,1,87231
7290013534057,false,חטיף צ'יפס בטטה 100,,,חטיף צ'יפס בטטה 100,,100.00,100 גרם,false,,9.90,0.0990,true,1,148598
7290013541079,false,חמוציות 170גר,,,חמוציות 170גר,,170.00,100 גרם,false,,9.90,0.0582,true,1,100938
7290013541086,false,אגוזי מלך 200גר,,,אגוזי מלך 200גר,,200.00,100 גרם,false,,14.90,0.0745,true,1,100939
7290013541093,false,תמר מגהול 400 גרם,,,תמר מגהול 400 גרם,,400.00,100 גרם,false,,19.90,0.0497,true,1,100940
7290013541130,false,פקאן 150גר,,,פקאן 150גר,,150.00,100 גרם,false,,21.90,0.1460,true,1,100944
7290013541147,false,צימוקים גמבו 200גר,,,צימוקים גמבו 200גר,,200.00,100 גרם,false,,9.90,0.0495,true,1,100945
7290013541246,false,אננס מיובש 250גר,,,אננס מיובש 250גר,,250.00,100 גרם,false,,9.90,0.0396,true,1,100951
7290013541277,false,קשיו טבעי 170גר,,,קשיו טבעי 170גר,,170.00,100 גרם,false,,19.90,0.1171,true,1,100953
7290013542014,false,סכינים ארוז 100 יח',,,סכינים ארוז 100 יח',יחידה,0.00,יחידה,false,,9.90,0.0000,true,1,143292
7290013542236,false,כוסות ח.פ א'ר 100 דנ,,,כוסות ח.פ א'ר 100 דנ,,100.00,יח',false,,7.90,0.0790,true,1,100955
7290013542403,false,"כוס נייר 2.5 אוז חד""",,,"כוס נייר 2.5 אוז חד""",יחידה,0.00,יחידה,false,,5.90,0.0000,true,1,115466
7290013579492,false,"פיטאיה קפואה בד""ץ 25",,,"פיטאיה קפואה בד""ץ 25",,250.00,100 גרם,false,,12.90,0.0516,true,1,164483
7290013579553,false,אלוורה קפואה 250 גרם,,,אלוורה קפואה 250 גרם,,250.00,100 גרם,false,,12.90,0.0516,true,1,164477
7290013585233,false,ספרייט זירו סילק 330,,,ספרייט זירו סילק 330,,330.00,"100 מ""ל",false,,7.00,0.0212,true,1,100186
7290013585387,false,קוקה קולה זירו 1ליטר,,,קוקה קולה זירו 1ליטר,,1000.00,100 גרם,false,,7.70,0.0077,true,1,100197
7290013585394,false,קוקה קולה 1ליטר,,,קוקה קולה 1ליטר,,1000.00,"100 מ""ל",false,,7.70,0.0077,true,1,100198
7290013608260,false,פרימור רימונים סחוט,,,פרימור רימונים סחוט,,1000.00,"100 מ""ל",false,,24.90,0.0249,true,1,95244
7290013608550,false,פרימור נקטר תפוזים 1,,,פרימור נקטר תפוזים 1,,1000.00,100 גרם,false,,8.90,0.0089,true,1,131165
7290013608604,false,פרימור תפוחי עץ 500,,,פרימור תפוחי עץ 500,,500.00,100 גרם,false,,5.90,0.0118,true,1,155638
7290013608628,false,"פרימור ענבים 500 מ""ל",,,"פרימור ענבים 500 מ""ל",,500.00,100 גרם,false,,5.90,0.0118,true,1,155639
7290013608635,false,פרימור נקטר לימונים,,,פרימור נקטר לימונים,,1000.00,100 גרם,false,,8.90,0.0089,true,1,133111
7290013608673,false,פרימור נקטר תפוחי עץ,,,פרימור נקטר תפוחי עץ,,1000.00,"100 מ""ל",false,,8.90,0.0089,true,1,131167
7290013608772,false,"פרימור תפוזים 500 מ""",,,"פרימור תפוזים 500 מ""",,500.00,100 גרם,false,,5.90,0.0118,true,1,155641
7290013678034,false,פלפל מרוקאי 400 גרם,,,פלפל מרוקאי 400 גרם,,400.00,"100 מ""ל",false,,13.90,0.0348,true,1,147054
7290013678041,false,פלפל רצועות 400 גרם,,,פלפל רצועות 400 גרם,,400.00,"100 מ""ל",false,,13.90,0.0348,true,1,147055
7290013678065,false,חציל עם פלפל חריף 40,,,חציל עם פלפל חריף 40,,400.00,100 גרם,false,,13.90,0.0348,true,1,147057
7290013678171,false,חציל המלך 400 גרם כי,,,חציל המלך 400 גרם כי,,400.00,100 גרם,false,,13.90,0.0348,true,1,147058
7290013702036,false,שוופס מים בטעם אפרסק,,,שוופס מים בטעם אפרסק,,500.00,"100 מ""ל",false,,5.90,0.0118,true,1,128007
7290013702883,false,שוופס לימונדה ורודה,,,שוופס לימונדה ורודה,,500.00,100 גרם,false,,6.50,0.0130,true,1,128016
7290013725752,false,נודלס דק סו שף 400גר,,,נודלס דק סו שף 400גר,,400.00,100 גרם,false,,9.90,0.0248,true,1,131222
7290013771216,false,פטאקי 16% 250גר השומ,,,פטאקי 16% 250גר השומ,,250.00,"100 מ""ל",false,,15.90,0.0636,true,1,87104
7290013771261,false,בולגרית מעודנת 5% 25,,,בולגרית מעודנת 5% 25,,250.00,100 גרם,false,,14.90,0.0596,true,1,87105
7290013771292,false,פטאקי 16% 250גר הסדר,,,פטאקי 16% 250גר הסדר,,250.00,"100 מ""ל",false,,14.90,0.0596,true,1,87107
7290013771384,false,יוגורט יווני השומרון,,,יוגורט יווני השומרון,,400.00,100 גרם,false,,10.90,0.0273,true,1,133057
7290013771391,false,צפתית 200 גרם רגילה,,,צפתית 200 גרם רגילה,,200.00,100 גרם,false,,13.90,0.0695,true,1,134647
7290013787392,false,רביולי ריקו גבינות ק,,,רביולי ריקו גבינות ק,,330.00,100 גרם,false,,27.90,0.0845,true,1,159011
7290013847454,false,טונה סטארקיסט בשמן ק,קריות זול,,טונה סטארקיסט בשמן ק,,640.00,100 גרם,false,,26.90,0.0420,true,1,161617
7290013906212,false,נקניקיות וינר טירת צ,,,נקניקיות וינר טירת צ,,1000.00,"100 מ""ל",false,,29.90,0.0299,true,1,128060
7290013906441,false,קבנוס טירת צבי 120גר,,,קבנוס טירת צבי 120גר,,120.00,100 גרם,false,,12.90,0.1075,true,1,128063
7290013906687,false,פסטרמה צמד מארז כפרי,,,פסטרמה צמד מארז כפרי,,600.00,"100 מ""ל",false,,28.90,0.0482,true,1,142606
7290013927057,false,עוגיות שוקולד ציפס 4,,,עוגיות שוקולד ציפס 4,,400.00,"100 מ""ל",false,,12.90,0.0323,true,1,97768
7290013927064,false,עוגיות גרנולה עם פיר,,,עוגיות גרנולה עם פיר,,400.00,100 גרם,false,,12.90,0.0323,true,1,97769
7290014002197,false,חליטת קמומיל ולימוני,,,חליטת קמומיל ולימוני,,25.00,יח',false,,19.90,0.7960,true,1,93430
7290014002203,false,חליטת לימונית ולואיז,,,חליטת לימונית ולואיז,,25.00,יח',false,,19.90,0.7960,true,1,93431
7290014002944,false,תה הגן הקסום חליטת פ,,,תה הגן הקסום חליטת פ,,57.50,100 גרם,false,,19.90,0.3461,true,1,148484
7290014046580,false,פסטרמה מעודנת על גחל,,,פסטרמה מעודנת על גחל,,300.00,100 גרם,false,,26.90,0.0897,true,1,86321
7290014046757,false,סלמי תה יחיעם 300 גר,,,סלמי תה יחיעם 300 גר,,300.00,100 גרם,false,,25.90,0.0863,true,1,86325
7290014046764,false,סלמי פפרוני יחיעם 20,,,סלמי פפרוני יחיעם 20,,200.00,100 גרם,false,,15.90,0.0795,true,1,137269
7290014066366,false,לנדוור קפסולות אספרס,,,לנדוור קפסולות אספרס,,50.00,100 גרם,false,,15.90,0.3180,true,1,156759
7290014066441,false,לנדוור קפסולות אספרס,,,לנדוור קפסולות אספרס,,50.00,100 גרם,false,,15.90,0.3180,true,1,156758
7290014079847,false,צמד פטריות בייבי בלה,,,צמד פטריות בייבי בלה,,500.00,100 גרם,false,,16.90,0.0338,true,1,86456
7290014083479,false,גבינת גאודה פרוסה חצ,,,גבינת גאודה פרוסה חצ,,150.00,100 גרם,false,,12.90,0.0860,true,1,88700
7290014083813,false,שפרוטים מעושנים בשמן,,,שפרוטים מעושנים בשמן,,190.00,"100 מ""ל",false,,10.90,0.0574,true,1,88704
7290014088993,false,סודה לשתייה  פרימיום,,,סודה לשתייה  פרימיום,,1000.00,100 גרם,false,,9.90,0.0099,true,1,162289
7290014094390,false,חמוציות 250 גרם קופס,,,חמוציות 250 גרם קופס,,250.00,100 גרם,false,,17.90,0.0716,true,1,96795
7290014094857,false,פקאן סיני מסוכר 150,,,פקאן סיני מסוכר 150,,150.00,100 גרם,false,,20.00,0.1333,true,1,96811
7290014094895,false,אגוזי מלך שקית 150גר,,,אגוזי מלך שקית 150גר,,150.00,100 גרם,false,,10.90,0.0727,true,1,96814
7290014094901,false,פקאן טבעי 150גרם,,,פקאן טבעי 150גרם,,150.00,100 גרם,false,,23.90,0.1593,true,1,96815
7290014095960,false,קוואקר שיבולת שועל ע,,,קוואקר שיבולת שועל ע,,500.00,"100 מ""ל",false,,7.90,0.0158,true,1,96817
7290014204614,false,גרנולה שוקולד מריר ו,,,גרנולה שוקולד מריר ו,,400.00,100 גרם,false,,29.90,0.0747,true,1,149561
7290014217065,false,אורגנו מיכל גדול 30ג,,,אורגנו מיכל גדול 30ג,,30.00,"100 מ""ל",false,,10.90,0.3633,true,1,95948
7290014217225,false,גריל עוף מיכל 120גר,,,גריל עוף מיכל 120גר,,120.00,"100 מ""ל",false,,11.90,0.0992,true,1,95956
7290014218932,false,חטיפי פיצה בתוספת זי,קריות זול,,חטיפי פיצה בתוספת זי,,710.00,"100 מ""ל",false,,34.90,0.0492,true,1,140154
7290014241589,false,מיקס אגוזים טבעי וחמ,,,מיקס אגוזים טבעי וחמ,,150.00,"100 מ""ל",false,,10.90,0.0727,true,1,101178
7290014397453,false,סנו אוקסיגן לכביסה ל,,,סנו אוקסיגן לכביסה ל,,3000.00,"100 מ""ל",false,,34.90,0.0116,true,1,89587
7290014397781,false,ריצפז פרש הום בניחוח,,,ריצפז פרש הום בניחוח,ליטרים,2.00,ליטר,false,,25.90,12.9500,true,1,89599
7290014435704,false,סלמון מעושן 100גר,,,סלמון מעושן 100גר,,100.00,"100 מ""ל",false,,24.90,0.2490,true,1,95797
7290014435803,false,מטיאס הולנדי (פרובנצ,,,מטיאס הולנדי (פרובנצ,,180.00,"100 מ""ל",false,,25.90,0.1439,true,1,95799
7290014435889,false,סלט מטיאס עם מיונז 2,,,סלט מטיאס עם מיונז 2,,200.00,100 גרם,false,,25.90,0.1295,true,1,95805
7290014435896,false,סלט סלמון עם מיונז 2,,,סלט סלמון עם מיונז 2,,200.00,100 גרם,false,,25.90,0.1295,true,1,95806
7290014455245,false,גרנה פדנו משולש מחלב,,,גרנה פדנו משולש מחלב,,200.00,100 גרם,false,,29.30,0.1465,true,1,85986
7290014455252,false,*מבצע* גרנה פדנו מגו,,,*מבצע* גרנה פדנו מגו,,100.00,"100 מ""ל",false,,10.90,0.1090,true,1,85987
7290014459137,false,ציפס סטייק תפוגן 1.5,,,ציפס סטייק תפוגן 1.5,,1500.00,100 גרם,false,,27.90,0.0186,true,1,88205
7290014459632,false,ציפס טוגן תפוגן 1.5,,,ציפס טוגן תפוגן 1.5,,1500.00,100 גרם,false,,25.90,0.0173,true,1,146743
7290014472440,false,קונפיטורה תפוז 450גר,,,קונפיטורה תפוז 450גר,,450.00,100 גרם,false,,13.90,0.0309,true,1,96827
7290014472464,false,קונפיטורה משמש 450גר,,,קונפיטורה משמש 450גר,,450.00,100 גרם,false,,13.90,0.0309,true,1,96829
7290014525016,false,סלים פרוט חטיף דגנים,,,סלים פרוט חטיף דגנים,,180.00,100 גרם,false,,15.90,0.0883,true,1,91591
7290014525313,false,חטיפי מרבה סלים דליס,,,חטיפי מרבה סלים דליס,,125.00,100 גרם,false,,15.90,0.1272,true,1,148277
7290014692305,false,גבינת קממבר יורוציז,,,גבינת קממבר יורוציז,,125.00,100 גרם,false,,22.90,0.1832,true,1,88706
7290014758100,false,יוגורט ביו מאגדת שמי,,,יוגורט ביו מאגדת שמי,,1200.00,"100 מ""ל",false,,17.50,0.0146,true,1,93013
7290014758117,false,יוגורט ביו מאגדת שמי,,,יוגורט ביו מאגדת שמי,,1200.00,100 גרם,false,,17.50,0.0146,true,1,93014
7290014758162,false,חלב עיזים מלה 3.6% 1,,,חלב עיזים מלה 3.6% 1,,1000.00,"100 מ""ל",false,,15.50,0.0155,true,1,93016
7290014759909,false,פטה עיזים 5% פיראוס,,,פטה עיזים 5% פיראוס,,250.00,100 גרם,false,,29.90,0.1196,true,1,93046
7290014759978,false,קאשקבל פלח 200 גר,,,קאשקבל פלח 200 גר,,200.00,"100 מ""ל",false,,26.90,0.1345,true,1,93047
7290014759992,false,רוקפור פלח 140גר,,,רוקפור פלח 140גר,,140.00,100 גרם,false,,18.90,0.1350,true,1,93049
7290014760134,false,מעדן סויה בטעם וניל,,,מעדן סויה בטעם וניל,,125.00,100 גרם,false,,4.10,0.0328,true,1,111547
7290014760448,false,גבינה גלבוע 400גר,,,גבינה גלבוע 400גר,,400.00,100 גרם,false,,24.90,0.0622,true,1,93052
7290014761056,false,מעדן YOLO שוקולד חלב,,,מעדן YOLO שוקולד חלב,,123.00,"100 מ""ל",false,,4.50,0.0366,true,1,93065
7290014761063,false,מעדן YOLO שוקולד מרי,,,מעדן YOLO שוקולד מרי,,123.00,"100 מ""ל",false,,4.50,0.0366,true,1,93066
7290014761070,false,מעדן YOLO שוקולד לבן,,,מעדן YOLO שוקולד לבן,,123.00,100 גרם,false,,4.50,0.0366,true,1,93067
7290014761193,false,פרילי פירות יער 125ג,,,פרילי פירות יער 125ג,,125.00,100 גרם,false,,3.50,0.0280,true,1,93069
7290014762756,false,גבינת נפוליאון 16% ב,,,גבינת נפוליאון 16% ב,,225.00,100 גרם,false,,14.50,0.0644,true,1,93125
7290014762848,false,פתית גלבוע 22% 500 ג,,,פתית גלבוע 22% 500 ג,,500.00,100 גרם,false,,33.40,0.0668,true,1,135440
7290014762909,false,פתיתי מוצרלה 200גר,,,פתיתי מוצרלה 200גר,,200.00,"100 מ""ל",false,,16.90,0.0845,true,1,93133
7290014763272,false,משקה סויה ביו תות בנ,,,משקה סויה ביו תות בנ,,236.00,"100 מ""ל",false,,5.80,0.0246,true,1,93144
7290014791091,false,שוופס לימונייד 500מל,,,שוופס לימונייד 500מל,,500.00,100 גרם,false,,6.50,0.0130,true,1,132528
7290014860100,false,מקלוני אורז ללא גלוט,,,מקלוני אורז ללא גלוט,,454.00,"100 מ""ל",false,,10.90,0.0240,true,1,98474
7290014901308,false,סנסודיין משחת שיניים,,,סנסודיין משחת שיניים,,75.00,"100 מ""ל",false,,22.90,0.3053,true,1,143796
7290014905689,false,הפי נוזל כלים ירוק ת,,,הפי נוזל כלים ירוק ת,,750.00,"100 מ""ל",false,,7.90,0.0105,true,1,90600
7290014905962,false,הפי סבון אסלה סופר מ,,,הפי סבון אסלה סופר מ,יחידה,0.00,יחידה,false,,8.90,0.0000,true,1,128408
7290015008020,false,נר נשמה 24 שעות שמאי,,,נר נשמה 24 שעות שמאי,יחידה,0.00,יחידה,false,,2.50,0.0000,true,1,146748
7290015008037,false,להבונים 50 יח',,,להבונים 50 יח',,50.00,יח',false,,9.90,0.1980,true,1,146722
7290015008280,false,נייר אפייה 50דף,,,נייר אפייה 50דף,יחידה,0.00,יחידה,false,,10.90,0.0000,true,1,146749
7290015008655,false,כפות ארוז 50 יח,,,כפות ארוז 50 יח,יחידה,0.00,יחידה,false,,9.90,0.0000,true,1,146757
7290015008679,false,סכין ארוז 50 יח,,,סכין ארוז 50 יח,יחידה,0.00,יחידה,false,,9.90,0.0000,true,1,146751
7290015037204,false,לקט כרוב חתוך חסלט 4,,,לקט כרוב חתוך חסלט 4,,400.00,100 גרם,false,,11.90,0.0298,true,1,145525
7290015037235,false,חסה אייסברג למהדרין,,,חסה אייסברג למהדרין,,300.00,100 גרם,false,,12.90,0.0430,true,1,145527
7290015037242,false,לקט ים תיכוני חסלט 3,,,לקט ים תיכוני חסלט 3,,350.00,100 גרם,false,,12.90,0.0369,true,1,145528
7290015037273,false,פטרוזיליה אוצר הארץ,,,פטרוזיליה אוצר הארץ,יחידה,0.00,יחידה,false,,6.90,0.0000,true,1,148626
7290015037280,false,כוסברה אוצר הארץ חסל,,,כוסברה אוצר הארץ חסל,יחידה,0.00,יחידה,false,,6.90,0.0000,true,1,148627
7290015037419,false,סלרי אוצר הארץ חסלט,,,סלרי אוצר הארץ חסלט,יחידה,0.00,יחידה,false,,7.90,0.0000,true,1,148630
7290015037433,false,חסה ערבית אוצר הארץ,,,חסה ערבית אוצר הארץ,יחידה,0.00,יחידה,false,,7.90,0.0000,true,1,148631
7290015037440,false,כרוב לבן חסלט,,,כרוב לבן חסלט,קילוגרמים,1.00,"ק""ג",true,,16.90,16.9000,true,1,145529
7290015037457,false,כרוב אדום שלם חסלט 1,,,כרוב אדום שלם חסלט 1,קילוגרמים,1.00,"ק""ג",true,,16.90,16.9000,true,1,155924
7290015150118,false,עגבניות חתוכות 3* 40,,,עגבניות חתוכות 3* 40,,1200.00,100 גרם,false,,14.90,0.0124,true,1,93455
7290015155823,false,פרינוק פאוץ' בטעם תפ,,,פרינוק פאוץ' בטעם תפ,,120.00,100 גרם,false,,6.50,0.0542,true,1,155630
7290015155830,false,פרינוק פאוץ' בטעם תפ,,,פרינוק פאוץ' בטעם תפ,,120.00,100 גרם,false,,6.50,0.0542,true,1,155631
7290015155847,false,פרינוק פאוץ' בטעם סל,,,פרינוק פאוץ' בטעם סל,,120.00,"100 מ""ל",false,,6.50,0.0542,true,1,155632
7290015156776,false,פרינוק פאוץ פירות טר,,,פרינוק פאוץ פירות טר,,120.00,100 גרם,false,,6.50,0.0542,true,1,155634
7290015161534,false,קוואקר עבה ללא גלוטן,,,קוואקר עבה ללא גלוטן,,400.00,100 גרם,false,,21.90,0.0547,true,1,160285
7290015282000,false,איקרה אדומה 200גר שמ,,,איקרה אדומה 200גר שמ,,200.00,"100 מ""ל",false,,17.90,0.0895,true,1,95808
7290015282390,false,תורכי 200 גרם גורמה,,,תורכי 200 גרם גורמה,,200.00,100 גרם,false,,15.90,0.0795,true,1,133665
7290015282581,false,חומוס אבו גוש עם חרי,,,חומוס אבו גוש עם חרי,,200.00,100 גרם,false,,15.90,0.0795,true,1,133690
7290015282598,false,חומוס מסעדות 200 גר,,,חומוס מסעדות 200 גר,,200.00,"100 מ""ל",false,,15.90,0.0795,true,1,133666
7290015282604,false,טחינה מיוחדת 200 גר,,,טחינה מיוחדת 200 גר,,200.00,"100 מ""ל",false,,15.90,0.0795,true,1,133661
7290015282628,false,חציל בטעם כבד 200 גר,,,חציל בטעם כבד 200 גר,,200.00,100 גרם,false,,15.90,0.0795,true,1,133671
7290015282635,false,חומוס מסבחה 200 גר,,,חומוס מסבחה 200 גר,,200.00,100 גרם,false,,15.90,0.0795,true,1,133662
7290015282642,false,"חומוס אבו ג""וש 200 ג",,,"חומוס אבו ג""וש 200 ג",,200.00,100 גרם,false,,15.90,0.0795,true,1,133667
7290015282666,false,סלט טונה עם ירקות שמ,,,סלט טונה עם ירקות שמ,,200.00,100 גרם,false,,17.90,0.0895,true,1,128549
7290015282673,false,חציל במיונז ביתי שמי,,,חציל במיונז ביתי שמי,,200.00,100 גרם,false,,15.90,0.0795,true,1,133672
7290015282697,false,כרוב אדום 200 גר,,,כרוב אדום 200 גר,,200.00,"100 מ""ל",false,,15.90,0.0795,true,1,133668
7290015282741,false,חציל תאילנדי 200 גר,,,חציל תאילנדי 200 גר,,200.00,100 גרם,false,,15.90,0.0795,true,1,133673
7290015320009,false,שוקולד מריר שקדיה 3*,קריות זול,,שוקולד מריר שקדיה 3*,,300.00,100 גרם,false,,10.90,0.0363,true,1,163534
7290015324007,false,פלפל שחור גרוס שקית,,,פלפל שחור גרוס שקית,,80.00,"100 מ""ל",false,,11.90,0.1488,true,1,95965
7290015324014,false,פלפל שחור טחון שקית,,,פלפל שחור טחון שקית,,80.00,100 גרם,false,,11.90,0.1488,true,1,95966
7290015324038,false,פפריקה בשמן שקית 80ג,,,פפריקה בשמן שקית 80ג,,80.00,100 גרם,false,,6.90,0.0863,true,1,95967
7290015324045,false,פפריקה חריפה שקית 80,,,פפריקה חריפה שקית 80,,80.00,"100 מ""ל",false,,6.90,0.0863,true,1,95968
7290015324052,false,פפריקה מתוקה שקית 80,,,פפריקה מתוקה שקית 80,,80.00,100 גרם,false,,6.90,0.0863,true,1,95969
7290015324069,false,גריל עוף שקית 80גר,,,גריל עוף שקית 80גר,,80.00,100 גרם,false,,6.90,0.0863,true,1,95970
7290015324083,false,מלח לימון שקית 80גר,,,מלח לימון שקית 80גר,,80.00,100 גרם,false,,6.90,0.0863,true,1,95972
7290015324090,false,כמון שקית 80גר,,,כמון שקית 80גר,,80.00,100 גרם,false,,6.90,0.0863,true,1,95973
7290015324106,false,כורכום שקית 80גר,,,כורכום שקית 80גר,,80.00,100 גרם,false,,6.90,0.0863,true,1,95974
7290015324120,false,שום גבישי שקית 80גר,,,שום גבישי שקית 80גר,,80.00,100 גרם,false,,9.90,0.1238,true,1,95976
7290015324519,false,תערובת לפיצה 80 גרם,,,תערובת לפיצה 80 גרם,,80.00,100 גרם,false,,7.90,0.0988,true,1,150542
7290015324533,false,רוזמרין מיכל גדול 55,,,רוזמרין מיכל גדול 55,,55.00,100 גרם,false,,10.90,0.1982,true,1,150553
7290015324540,false,טימין מיכל גדול 30 ג,,,טימין מיכל גדול 30 ג,,30.00,100 גרם,false,,10.90,0.3633,true,1,150554
7290015324557,false,בהרט לבישול מיכל גדו,,,בהרט לבישול מיכל גדו,,80.00,"100 מ""ל",false,,10.90,0.1363,true,1,150555
7290015347273,false,נטיפי שוקולד אמיתי 2,,,נטיפי שוקולד אמיתי 2,,250.00,100 גרם,false,,11.90,0.0476,true,1,136557
7290015347358,false,סודה לשתיה 50 גר,,,סודה לשתיה 50 גר,,50.00,100 גרם,false,,2.70,0.0540,true,1,144240
7290015437578,false,מוזלי קראנץ צימוק תו,,,מוזלי קראנץ צימוק תו,,600.00,100 גרם,false,,14.90,0.0248,true,1,133122
7290015603201,false,אטריות מחיטה מלאה 45,,,אטריות מחיטה מלאה 45,,454.00,100 גרם,false,,10.90,0.0240,true,1,98479
7290015603218,false,איטריות בתוספת עגבני,,,איטריות בתוספת עגבני,,454.00,"100 מ""ל",false,,10.90,0.0240,true,1,130590
7290015603232,false,איטריות בתוספת דלעת,,,איטריות בתוספת דלעת,,454.00,100 גרם,false,,10.90,0.0240,true,1,130592
7290015603560,false,קרם קוקוס 20-22% 400,,,קרם קוקוס 20-22% 400,,400.00,"100 מ""ל",false,,10.90,0.0273,true,1,140265
7290015652070,false,קשיו קלוי 150גרם,,,קשיו קלוי 150גרם,,150.00,"100 מ""ל",false,,10.90,0.0727,true,1,96836
7290015652254,false,גרעינים שחורים 400 ג,,,גרעינים שחורים 400 ג,,400.00,100 גרם,false,,10.00,0.0250,true,1,132450
7290015652261,false,בוטנים קלויים 300 גר,,,בוטנים קלויים 300 גר,,300.00,"100 מ""ל",false,,10.00,0.0333,true,1,132442
7290015652278,false,תערובת פיצוחים 250גר,,,תערובת פיצוחים 250גר,,250.00,100 גרם,false,,20.00,0.0800,true,1,132473
7290015652285,false,אגוזי מלך קלופים 250,,,אגוזי מלך קלופים 250,,250.00,"100 מ""ל",false,,19.90,0.0796,true,1,96840
7290015652292,false,קבוקים עם שומשום 500,,,קבוקים עם שומשום 500,,500.00,100 גרם,false,,10.00,0.0200,true,1,96841
7290015652308,false,מנצס ששון הקולה 300,,,מנצס ששון הקולה 300,,300.00,"100 מ""ל",false,,10.00,0.0333,true,1,132472
7290015652322,false,בוטנים אמריקאים מצופ,,,בוטנים אמריקאים מצופ,,400.00,100 גרם,false,,10.00,0.0250,true,1,96843
7290015652384,false,קמח תירס ללא 1קג,,,קמח תירס ללא 1קג,,1000.00,100 גרם,false,,10.90,0.0109,true,1,143916
7290015652391,false,קמח תירס ללא גלוטן 1,,,קמח תירס ללא גלוטן 1,,1000.00,100 גרם,false,,10.90,0.0109,true,1,131224
7290015652407,false,פיסטוק 250גר,,,פיסטוק 250גר,,250.00,100 גרם,false,,20.00,0.0800,true,1,132474
7290015699730,false,הפי לרצפות מבושמת 1.,,,הפי לרצפות מבושמת 1.,ליטרים,1.50,ליטר,false,,15.90,10.6000,true,1,90608
7290015733977,false,מטרנה קומפורט 700 גר,,,מטרנה קומפורט 700 גר,,700.00,100 גרם,false,,59.90,0.0856,true,1,159627
7290015775632,false,חמאת בוטנים 350גר,,,חמאת בוטנים 350גר,,350.00,"100 מ""ל",false,,15.90,0.0454,true,1,162114
7290015781008,false,"יין ויז'ן מרלו 750מ""",,,"יין ויז'ן מרלו 750מ""",,750.00,100 גרם,false,,44.90,0.0599,true,1,130380
7290015781053,false,יין ויזן לבן יבש 750,,,יין ויזן לבן יבש 750,,750.00,"100 מ""ל",false,,44.90,0.0599,true,1,130384
7290015781091,false,יין ויז'ן קברנה סובי,,,יין ויז'ן קברנה סובי,,750.00,"100 מ""ל",false,,44.90,0.0599,true,1,130381
7290015781114,false,יין אימפרזיון מרלו 7,,,יין אימפרזיון מרלו 7,,750.00,"100 מ""ל",false,,54.90,0.0732,true,1,130390
7290015855013,false,פלפל טינקרבל ארוז,,,פלפל טינקרבל ארוז,יחידה,0.00,יחידה,false,,8.90,0.0000,true,1,98350
7290015855037,false,פלפל צ'ילי.,,,פלפל צ'ילי.,יחידה,0.00,יחידה,false,,7.90,0.0000,true,1,98352
7290015855051,false,מלפפון מיני ארוז,,,מלפפון מיני ארוז,יחידה,0.00,יחידה,false,,9.90,0.0000,true,1,98353
7290015855143,false,שום קלוף 170גרם,,,שום קלוף 170גרם,יחידה,0.00,יחידה,false,,11.90,0.0000,true,1,131097
7290015855358,false,בצלצלי שאלוט,,,בצלצלי שאלוט,יחידה,0.00,יחידה,false,,10.90,0.0000,true,1,140367
7290015858106,false,ממרח פסטו ביתי 180 ג,,,ממרח פסטו ביתי 180 ג,,180.00,100 גרם,false,,16.90,0.0939,true,1,140444
7290016006292,false,ספרינג מנגו בננה מלו,,,ספרינג מנגו בננה מלו,,1000.00,"100 מ""ל",false,,7.90,0.0079,true,1,89990
7290016006346,false,שוופס סודה מארז שישי,,,שוופס סודה מארז שישי,,3000.00,100 גרם,false,,15.90,0.0053,true,1,132527
7290016114300,false,לילי דאבל לבן נייר ט,,,לילי דאבל לבן נייר ט,יחידה,0.00,יחידה,false,,39.90,0.0000,true,1,130537
7290016136739,false,פתיתים פוזילי ללא גל,,,פתיתים פוזילי ללא גל,,340.00,100 גרם,false,,11.90,0.0350,true,1,138952
7290016144000,false,קמח נפלאות חיטה 80%,,,קמח נפלאות חיטה 80%,,1000.00,"100 מ""ל",false,,10.90,0.0109,true,1,163521
7290016144017,false,קמח נפלאות חיטה מלא,,,קמח נפלאות חיטה מלא,,1000.00,100 גרם,false,,10.90,0.0109,true,1,163523
7290016144024,false,קמח נפלאות כוסמין מל,,,קמח נפלאות כוסמין מל,,1000.00,100 גרם,false,,15.90,0.0159,true,1,163526
7290016144031,false,קמח נפלאות חיטה לבן,,,קמח נפלאות חיטה לבן,,1000.00,100 גרם,false,,7.90,0.0079,true,1,163522
7290016144055,false,קמח נפלאות כוסמין 80,,,קמח נפלאות כוסמין 80,,1000.00,100 גרם,false,,15.90,0.0159,true,1,163525
7290016150117,false,סלק וואקום,,,סלק וואקום,,500.00,"100 מ""ל",false,,6.90,0.0138,true,1,101535
7290016150711,false,נוזל קוקוס אבאל 400,,,נוזל קוקוס אבאל 400,,400.00,"100 מ""ל",false,,6.90,0.0173,true,1,150268
7290016197488,false,מטלית קסם לשיש ניקול,,,מטלית קסם לשיש ניקול,יחידה,0.00,יחידה,false,,16.90,0.0000,true,1,89847
7290016197839,false,השקית החזקה 20יח XL,,,השקית החזקה 20יח XL,יחידה,0.00,יחידה,false,,22.90,0.0000,true,1,89853
7290016197877,false,שקית לפחי מטבח קטנים,,,שקית לפחי מטבח קטנים,יחידה,0.00,יחידה,false,,22.90,0.0000,true,1,89854
7290016217735,false,חציל אש 200 גר שמיר,,,חציל אש 200 גר שמיר,,200.00,100 גרם,false,,15.90,0.0795,true,1,133675
7290016217742,false,חציל אש בטחינה 200 ג,,,חציל אש בטחינה 200 ג,,200.00,100 גרם,false,,15.90,0.0795,true,1,133676
7290016233575,false,שיבולת שועל 600גר,,,שיבולת שועל 600גר,,600.00,100 גרם,false,,7.90,0.0132,true,1,133124
7290016234008,false,אנשובי צנצנת עם שמן,,,אנשובי צנצנת עם שמן,,100.00,100 גרם,false,,13.90,0.1390,true,1,134829
7290016246445,false,טחינה גולמית שומשום,,,טחינה גולמית שומשום,,310.00,100 גרם,false,,14.90,0.0481,true,1,138838
7290016270709,false,שרי אשכולות ארוז כ-4,,,שרי אשכולות ארוז כ-4,יחידה,0.00,יחידה,false,,9.90,0.0000,true,1,139557
7290016321722,false,פרש וואנס מגבונים בו,,,פרש וואנס מגבונים בו,יחידה,0.00,יחידה,false,,5.90,0.0000,true,1,141065
7290016372342,false,עגבניות חתוכות לקובי,,,עגבניות חתוכות לקובי,,1200.00,"100 מ""ל",false,,14.90,0.0124,true,1,135180
7290016387711,false,שלישיית מטליות מיקרו,,,שלישיית מטליות מיקרו,יחידה,0.00,יחידה,false,,10.90,0.0000,true,1,143418
7290016408294,false,מרשמלו ורוד לבן כרמי,,,מרשמלו ורוד לבן כרמי,,150.00,100 גרם,false,,6.90,0.0460,true,1,135824
7290016440652,false,תערובת פרוסות ירקות,,,תערובת פרוסות ירקות,,0.00,"100 מ""ל",false,,19.90,0.0000,true,1,160665
7290016440911,false,מלפפונים ביתיים כבוש,,,מלפפונים ביתיים כבוש,,0.00,100 מ'ל,false,,22.90,0.0000,true,1,160667
7290016509342,false,כדוריות סוד סבון לאס,,,כדוריות סוד סבון לאס,,0.00,100 מ'ל,false,,16.90,0.0000,true,1,161114
7290016509786,false,פרסיל ג'ל 2.5ליטר יר,,,פרסיל ג'ל 2.5ליטר יר,ליטרים,2.50,ליטר,false,,34.90,13.9600,true,1,138062
7290016509847,false,פרסיל גל כביסה שחור2,,,פרסיל גל כביסה שחור2,ליטרים,2.50,ליטר,false,,34.90,13.9600,true,1,138775
7290016510324,false,הוואי תחליב רחצה לגב,,,הוואי תחליב רחצה לגב,,700.00,"100 מ""ל",false,,13.90,0.0199,true,1,138017
7290016621013,false,קמיל בלו קרם גוף לתי,,,קמיל בלו קרם גוף לתי,,500.00,"100 מ""ל",false,,29.90,0.0598,true,1,133510
7290017031477,false,משחת שיניים סנסודיין,,,משחת שיניים סנסודיין,,75.00,100 מ'ל,false,,22.90,0.3053,true,1,159433
7290017058092,false,שיבולת שועל שלמה 600,,,שיבולת שועל שלמה 600,,600.00,100 גרם,false,,7.90,0.0132,true,1,135670
7290017058146,false,רסק תפוח עץ עם אפרסק,,,רסק תפוח עץ עם אפרסק,יחידה,0.00,יחידה,false,,12.90,0.0000,true,1,137955
7290017058573,false,פרוסות פלפל חלפיניו,,,פרוסות פלפל חלפיניו,,340.00,100 גרם,false,,9.90,0.0291,true,1,139452
7290017062976,false,טאצ' מטליות רצפה חד,,,טאצ' מטליות רצפה חד,יחידה,0.00,יחידה,false,,10.00,0.0000,true,1,162489
7290017065007,false,מוצרלה פרוסה 150 גרם,,,מוצרלה פרוסה 150 גרם,,150.00,"100 מ""ל",false,,19.70,0.1313,true,1,133345
7290017065137,false,ריקוטה למריחה 5% טבע,,,ריקוטה למריחה 5% טבע,,200.00,100 גרם,false,,10.90,0.0545,true,1,136234
7290017065168,false,גבינה כחולה 100 גרם,,,גבינה כחולה 100 גרם,,100.00,"100 מ""ל",false,,17.90,0.1790,true,1,137501
7290017065434,false,פרוסות גאודה 200 גרם,,,פרוסות גאודה 200 גרם,,200.00,100 גרם,false,,23.90,0.1195,true,1,140703
7290017065441,false,פרוסות גאודה עיזים 2,,,פרוסות גאודה עיזים 2,,200.00,100 גרם,false,,35.90,0.1795,true,1,140704
7290017065526,false,קוואטרו פורמאג'י 300,,,קוואטרו פורמאג'י 300,,300.00,100 גרם,false,,29.90,0.0997,true,1,140712
7290017065588,false,יוגורט יווני 600 גרם,קריות זול,,יוגורט יווני 600 גרם,,600.00,100 גרם,false,,16.90,0.0282,true,1,156910
7290017065731,false,גבינת שמנת ניו יורק,,,גבינת שמנת ניו יורק,,200.00,100 גרם,false,,14.90,0.0745,true,1,160134
7290017065786,false,גבינת צ'דר פלח מחלבו,,,גבינת צ'דר פלח מחלבו,,210.00,100 גרם,false,,24.90,0.1186,true,1,161936
7290017094861,false,חומוס עם רוטב מסבחה,,,חומוס עם רוטב מסבחה,,400.00,100 גרם,false,,14.90,0.0373,true,1,139511
7290017105369,false,סירופ דיאט אייס אפרס,,,סירופ דיאט אייס אפרס,,1000.00,"100 מ""ל",false,,16.90,0.0169,true,1,141109
7290017105383,false,תירס קיד יכין שלישיי,,,תירס קיד יכין שלישיי,,495.00,"100 מ""ל",false,,15.90,0.0321,true,1,156166
7290017105468,false,אפונה גינה יכין Oz2,,,אפונה גינה יכין Oz2,,600.00,100 גרם,false,,15.90,0.0265,true,1,155546
7290017105895,false,גרגרי חומוס מסעדות י,,,גרגרי חומוס מסעדות י,,560.00,100 גרם,false,,9.90,0.0177,true,1,157757
7290017129617,false,לקקן קולה לימונדה 45,,,לקקן קולה לימונדה 45,,450.00,100 גרם,false,,15.90,0.0353,true,1,138349
7290017129846,false,מיני קוקיס בטעם קרמל,קריות זול,,מיני קוקיס בטעם קרמל,,600.00,100 גרם,false,,17.90,0.0298,true,1,138320
7290017129983,false,שוקולד צ'יפס לבן פרו,,,שוקולד צ'יפס לבן פרו,,250.00,100 גרם,false,,14.90,0.0596,true,1,139052
7290017142111,false,פתיתי טונה בהירה בשמ,,,פתיתי טונה בהירה בשמ,יחידה,0.00,יחידה,false,,10.90,0.0000,true,1,137672
7290017142128,false,שמן זית כתית מעולה ק,,,שמן זית כתית מעולה ק,,750.00,"100 מ""ל",false,,34.90,0.0465,true,1,136493
7290017142159,false,נתחי טונה בהירה בשמן,,,נתחי טונה בהירה בשמן,,240.00,100 גרם,false,,25.90,0.1079,true,1,137667
7290017142371,false,"שמן שומשום ""עץ הזית""",,,"שמן שומשום ""עץ הזית""",,250.00,"100 מ""ל",false,,29.90,0.1196,true,1,161583
7290017142388,false,שמן חמניות פלוס 1 לי,,,שמן חמניות פלוס 1 לי,ליטרים,1.00,ליטר,false,,18.90,18.9000,true,1,161586
7290017289618,false,"יין פטיט סירה 750 מ""",,,"יין פטיט סירה 750 מ""",,750.00,"100 מ""ל",false,,54.90,0.0732,true,1,156847
7290017297149,false,גרגירי חומוס להכנה ח,,,גרגירי חומוס להכנה ח,,550.00,100 גרם,false,,8.90,0.0162,true,1,159038
7290017297323,false,רוטב עגבניות מרוכז ט,,,רוטב עגבניות מרוכז ט,,100.00,100 גרם,false,,2.50,0.0250,true,1,161738
7290017297620,false,רוטב עגבניות מרוכז 2,,,רוטב עגבניות מרוכז 2,,570.00,100 גרם,false,,7.90,0.0139,true,1,162421
7290017339610,false,חלה בריוש 6 כדורים,,,חלה בריוש 6 כדורים,יחידה,0.00,יחידה,false,,19.90,0.0000,true,1,161804
7290017339627,false,חלה  בריוש כתר,,,חלה  בריוש כתר,יחידה,0.00,יחידה,false,,19.90,0.0000,true,1,161796
7290017389011,false,מנגו מיובש 160גר קופ,,,מנגו מיובש 160גר קופ,,160.00,100 גרם,false,,23.90,0.1494,true,1,135994
7290017396033,false,בייגל רומני,,,בייגל רומני,יחידה,0.00,יחידה,false,,18.90,0.0000,true,1,163215
7290017396071,false,המבורגר פרימיום,,,המבורגר פרימיום,יחידה,0.00,יחידה,false,,18.90,0.0000,true,1,138823
7290017396163,false,לחם שיפון,,,לחם שיפון,יחידה,0.00,יחידה,false,,17.90,0.0000,true,1,138165
7290017396170,false,לחם שאור איטקי לבן,,,לחם שאור איטקי לבן,יחידה,0.00,יחידה,false,,17.90,0.0000,true,1,138166
7290017396187,false,לחם קלמטה,,,לחם קלמטה,יחידה,0.00,יחידה,false,,17.90,0.0000,true,1,138167
7290017396217,false,לחם דגנים,,,לחם דגנים,יחידה,0.00,יחידה,false,,17.90,0.0000,true,1,138163
7290017396224,false,לחם כוסמין,,,לחם כוסמין,יחידה,0.00,יחידה,false,,17.90,0.0000,true,1,138168
7290017396248,false,מיני המבורגר,,,מיני המבורגר,יחידה,0.00,יחידה,false,,18.90,0.0000,true,1,161788
7290017396286,false,בייגל ירושלמי,,,בייגל ירושלמי,יחידה,0.00,יחידה,false,,18.90,0.0000,true,1,138170
7290017396415,false,ג'בטה דגנים,,,ג'בטה דגנים,יחידה,0.00,יחידה,false,,18.90,0.0000,true,1,161797
7290017396439,false,ג'בטה לבן,,,ג'בטה לבן,יחידה,0.00,יחידה,false,,18.90,0.0000,true,1,161799
7290017396507,false,בייגל חיטה,,,בייגל חיטה,יחידה,0.00,יחידה,false,,18.90,0.0000,true,1,161785
7290017396606,false,לחמניית שמיניה מתוקה,,,לחמניית שמיניה מתוקה,יחידה,0.00,יחידה,false,,18.90,0.0000,true,1,161795
7290017440279,false,אל סבון קידס פישר 75,,,אל סבון קידס פישר 75,,750.00,,false,,17.90,0.0239,true,1,150366
7290017440309,false,שמפו קידס פישר 750 מ,,,שמפו קידס פישר 750 מ,,750.00,,false,,17.90,0.0239,true,1,150368
7290017457703,false,סוד מרכך מרוכז ארומת,,,סוד מרכך מרוכז ארומת,,900.00,"100 מ""ל",false,,14.90,0.0166,true,1,140770
7290017457727,false,סוד מרכך מרוכז כחול,,,סוד מרכך מרוכז כחול,,900.00,"100 מ""ל",false,,14.90,0.0166,true,1,140766
7290017470184,false,קשים ארומה 100 יח',,,קשים ארומה 100 יח',,100.00,יח',false,,11.90,0.1190,true,1,161133
7290017477169,false,קשיו קלוי ששון הקולה,,,קשיו קלוי ששון הקולה,,250.00,100 גרם,false,,20.00,0.0800,true,1,163908
7290017477244,false,שקד מולבן טחון 180 ג,,,שקד מולבן טחון 180 ג,,180.00,100 גרם,false,,19.90,0.1106,true,1,137845
7290017477275,false,גרעיני חמנייה קלופים,,,גרעיני חמנייה קלופים,,200.00,100 גרם,false,,10.00,0.0500,true,1,137848
7290017477558,false,שמן זית ספרדי לה איס,,,שמן זית ספרדי לה איס,,750.00,100 גרם,false,,29.90,0.0399,true,1,139006
7290017477596,false,תמר מג'הול 400 גרם א,,,תמר מג'הול 400 גרם א,,400.00,"100 מ""ל",false,,19.90,0.0497,true,1,155451
7290017513485,false,מחית עגבניות רוסטיקה,,,מחית עגבניות רוסטיקה,,680.00,100 גרם,false,,12.90,0.0190,true,1,155627
7290017513782,false,בייגלה מצופה שוקולד,,,בייגלה מצופה שוקולד,,140.00,100 גרם,false,,9.90,0.0707,true,1,158367
7290017599250,false,סוכרזית קלאסי 120 שק,,,סוכרזית קלאסי 120 שק,,100.00,100 גרם,false,,19.90,0.1990,true,1,164512
7290017599274,false,סוכרזית סטיוויה 120,,,סוכרזית סטיוויה 120,יחידה,0.00,יחידה,false,,39.90,0.0000,true,1,165000
7290017617138,false,טונה סטארקיסט בשמן ק,קריות זול,,טונה סטארקיסט בשמן ק,,640.00,"100 מ""ל",false,,26.90,0.0420,true,1,159247
7290017617411,false,סטארקיסט מיקס סלמון,,,סטארקיסט מיקס סלמון,,160.00,100 גרם,false,,15.90,0.0994,true,1,164996
7290017682556,false,שיפודים עבה 30סמ,,,שיפודים עבה 30סמ,יחידה,0.00,יחידה,false,,3.90,0.0000,true,1,158502
7290017696409,false,פטריות פורטובלה,,,פטריות פורטובלה,יחידה,0.00,יחידה,false,,13.90,0.0000,true,1,139751
7290017812571,false,מיץ ענבים אדום 100%,,,מיץ ענבים אדום 100%,,1000.00,100 גרם,false,,19.90,0.0199,true,1,155843
7290017871363,false,פמלי יהלום סבון ידיי,קריות זול,,פמלי יהלום סבון ידיי,,500.00,100 גרם,false,,9.90,0.0198,true,1,157283
7290017871462,false,טוסו חטיף פצפוצי אור,,,טוסו חטיף פצפוצי אור,,135.00,100 גרם,false,,15.90,0.1178,true,1,150331
7290017871707,false,טוסו חטיף פצפוצי אור,,,טוסו חטיף פצפוצי אור,,135.00,100 גרם,false,,15.90,0.1178,true,1,150339
7290017872063,false,"פמלי אל סבון 500 מ""ל",קריות זול,,"פמלי אל סבון 500 מ""ל",ליטרים,1.50,ליטר,false,,15.90,10.6000,true,1,157217
7290017872179,false,טוסו עוגיות טחינה לל,,,טוסו עוגיות טחינה לל,,200.00,100 גרם,false,,16.90,0.0845,true,1,157221
7290017888026,false,פרוט & וג' אננס תפוח,,,פרוט & וג' אננס תפוח,,350.00,"100 מ""ל",false,,8.90,0.0254,true,1,157292
7290017888033,false,פרוט & וג' בננה מלון,,,פרוט & וג' בננה מלון,,350.00,"100 מ""ל",false,,8.90,0.0254,true,1,157293
7290017888729,false,שוופס סודה בקבוק 1 ל,,,שוופס סודה בקבוק 1 ל,,1000.00,100 גרם,false,,4.50,0.0045,true,1,157087
7290017969671,false,ספוג רחצה רך שלישיות,,,ספוג רחצה רך שלישיות,יחידה,0.00,יחידה,false,,9.90,0.0000,true,1,157592
7290017969916,false,צמר גפן רפואי 100 גר,,,צמר גפן רפואי 100 גר,,100.00,100 גרם,false,,5.90,0.0590,true,1,160843
7290018045084,false,דגני בוקר בון בון במ,,,דגני בוקר בון בון במ,,480.00,100 גרם,false,,23.90,0.0498,true,1,163110
7290018045497,false,דגני בוקר בון בון במ,,,דגני בוקר בון בון במ,,480.00,100 גרם,false,,23.90,0.0498,true,1,163109
7290018050491,false,אלמונדוס קופסא 220 ג,,,אלמונדוס קופסא 220 ג,,220.00,100 גרם,false,,10.00,0.0455,true,1,158309
7290018050675,false,שקד קלוי קופסא 210 ג,,,שקד קלוי קופסא 210 ג,,210.00,100 גרם,false,,15.00,0.0714,true,1,158319
7290018050699,false,שקדים טבעיים קלופים,,,שקדים טבעיים קלופים,,230.00,100 גרם,false,,15.00,0.0652,true,1,158321
7290018050750,false,מיקס אגוזים חמצוציות,,,מיקס אגוזים חמצוציות,,130.00,100 גרם,false,,10.00,0.0769,true,1,158294
7290018091074,false,בצק עוגיות שוקולד צ',,,בצק עוגיות שוקולד צ',,300.00,100 גרם,false,,18.90,0.0630,true,1,164095
7290018091272,false,בצק עוגיות קקאו טריפ,,,בצק עוגיות קקאו טריפ,,300.00,100 גרם,false,,18.90,0.0630,true,1,164096
7290018091661,false,פיצה שוק משפחתי מעדנ,קריות זול,,פיצה שוק משפחתי מעדנ,,380.00,100 גרם,false,,19.90,0.0524,true,1,162831
7290018091838,false,חטיפי פילאס גבינה מע,,,חטיפי פילאס גבינה מע,,600.00,100 גרם,false,,21.90,0.0365,true,1,159773
7290018098349,false,תערובת פירות יער ואס,,,תערובת פירות יער ואס,,300.00,100 גרם,false,,18.90,0.0630,true,1,165057
7290018098561,false,תערובת תות/בננה/תמר,,,תערובת תות/בננה/תמר,,300.00,100 גרם,false,,18.90,0.0630,true,1,165058
7290018115039,false,אבוקדו מוכן לאכילה,,,אבוקדו מוכן לאכילה,יחידה,0.00,יחידה,false,,9.90,0.0000,true,1,158965
7290018131534,false,*מבצע* מאגדת בייטס מ,,,*מבצע* מאגדת בייטס מ,,250.00,100 גרם,false,,10.00,0.0400,true,1,160949
7290018192658,false,פטריות צמד חמד איטלק,קריות זול,,פטריות צמד חמד איטלק,יחידה,0.00,יחידה,false,,16.90,0.0000,true,1,158750
7290018198056,false,תפוגן קוביות תפוחי א,,,תפוגן קוביות תפוחי א,,1500.00,100 גרם,false,,27.90,0.0186,true,1,156921
7290018198148,false,תפוגן קריספי צ'יפס ק,,,תפוגן קריספי צ'יפס ק,,1250.00,"100 מ""ל",false,,27.90,0.0223,true,1,160354
7290018204597,false,גביעי נייר צבעוני מס,,,גביעי נייר צבעוני מס,,100.00,יח',false,,7.90,0.0790,true,1,162996
7290018204603,false,גביעי נייר צבעוני מס,,,גביעי נייר צבעוני מס,,100.00,יח',false,,7.90,0.0790,true,1,162997
7290018237489,false,פסטרמה ברביקיו דק-דק,,,פסטרמה ברביקיו דק-דק,,220.00,100 גרם,false,,21.90,0.0995,true,1,163712
7290018237496,false,פסטרמה בדבש דק-דק 22,,,פסטרמה בדבש דק-דק 22,,220.00,100 גרם,false,,21.90,0.0995,true,1,163713
7290018237502,false,כתף בקר דק-דק 200 גר,,,כתף בקר דק-דק 200 גר,,200.00,100 גרם,false,,21.90,0.1095,true,1,163711
7290018237960,false,עוף טוב כתף בקר עסיס,קריות זול,,עוף טוב כתף בקר עסיס,,265.00,"100 מ""ל",false,,25.90,0.0977,true,1,164892
7290018307243,false,תבנית רוסטר קטן 3 יח,,,תבנית רוסטר קטן 3 יח,יחידה,0.00,יחידה,false,,10.90,0.0000,true,1,159408
7290018307250,false,תבנית רוסטר אובלית 5,,,תבנית רוסטר אובלית 5,יחידה,0.00,יחידה,false,,10.90,0.0000,true,1,159409
7290018307700,false,תבנית רוסטר בנוני 3,,,תבנית רוסטר בנוני 3,יחידה,0.00,יחידה,false,,10.90,0.0000,true,1,163057
7290018359495,false,תירס מהשדה בלי תוספת,קריות זול,,תירס מהשדה בלי תוספת,,550.00,100 גרם,false,,10.90,0.0198,true,1,159144
7290018359570,false,שעועית צ'ילי הקטניה,,,שעועית צ'ילי הקטניה,,200.00,100 גרם,false,,13.90,0.0695,true,1,159691
7290018359587,false,חומוס הקטניה הטובה י,,,חומוס הקטניה הטובה י,,200.00,100 גרם,false,,13.90,0.0695,true,1,159692
7290018359679,false,הקיסרית- שעועית לימה,קריות זול,,הקיסרית- שעועית לימה,,550.00,100 גרם,false,,9.90,0.0180,true,1,163422
7290018359686,false,חומוס ענק יכין 550 ג,קריות זול,,חומוס ענק יכין 550 ג,,550.00,100 גרם,false,,9.90,0.0180,true,1,163420
7290018359716,false,רוטב פיצה טוסקנה יכי,,,רוטב פיצה טוסקנה יכי,,240.00,100 גרם,false,,6.90,0.0288,true,1,160019
7290018359938,false,רוטב עגבניות לשקשוקה,,,רוטב עגבניות לשקשוקה,,400.00,100 גרם,false,,12.90,0.0323,true,1,165468
7290018359969,false,רוטב עגבניות לפיצה,,,רוטב עגבניות לפיצה,,400.00,100 גרם,false,,12.90,0.0323,true,1,165470
7290018380574,false,"סקוויז תפו""ע ואגס תו",,,"סקוויז תפו""ע ואגס תו",,100.00,"100 מ""ל",false,,6.90,0.0690,true,1,165380
7290018380925,false,פרוזן שעועית ירוקה ע,,,פרוזן שעועית ירוקה ע,,800.00,"100 מ""ל",false,,13.90,0.0174,true,1,165393
7290018380932,false,פרוזן אפונה אקסטרא ע,,,פרוזן אפונה אקסטרא ע,,600.00,100 גרם,false,,13.90,0.0232,true,1,165391
7290018380949,false,פרוזן אפונה עדינה 80,,,פרוזן אפונה עדינה 80,,800.00,100 גרם,false,,13.90,0.0174,true,1,165392
7290018380956,false,פרוזן גזר גמדי 800 ג,,,פרוזן גזר גמדי 800 ג,,800.00,100 גרם,false,,13.90,0.0174,true,1,165396
7290018440247,false,תה צאי שקדים 25שק,קריות זול,,תה צאי שקדים 25שק,יחידה,0.00,יחידה,false,,22.90,0.0000,true,1,163064
7290018440254,false,תה צאי קרמל מלוח 25ש,קריות זול,,תה צאי קרמל מלוח 25ש,יחידה,0.00,יחידה,false,,22.90,0.0000,true,1,163065
7290018440391,false,תה ירוק מאטה נענע גו,,,תה ירוק מאטה נענע גו,יחידה,0.00,יחידה,false,,27.90,0.0000,true,1,162119
7290018440476,false,בייגלה מצופה בקרם עו,,,בייגלה מצופה בקרם עו,,140.00,100 גרם,false,,9.90,0.0707,true,1,161415
7290018440483,false,בייגלה מצופה בקרמל מ,,,בייגלה מצופה בקרמל מ,,140.00,100 גרם,false,,9.90,0.0707,true,1,161414
7290018471029,false,שוופס סודה לימון מאר,,,שוופס סודה לימון מאר,,3000.00,"100 מ""ל",false,,15.90,0.0053,true,1,158963
7290018471197,false,פרוט & ווג' תפוח בננ,,,פרוט & ווג' תפוח בננ,,1000.00,"100 מ""ל",false,,13.90,0.0139,true,1,160159
7290018471616,false,שוופס אינדיאן טוניק,,,שוופס אינדיאן טוניק,,1000.00,"100 מ""ל",false,,10.90,0.0109,true,1,161078
7290018471623,false,שוופס טוניק אשכוליות,,,שוופס טוניק אשכוליות,,1000.00,"100 מ""ל",false,,10.90,0.0109,true,1,161081
7290018471906,false,שוופס מוגז לימונדה ו,,,שוופס מוגז לימונדה ו,,1500.00,"100 מ""ל",false,,10.90,0.0073,true,1,162610
7290018564592,false,שום כתוש בצנצנת שף ה,,,שום כתוש בצנצנת שף ה,,200.00,100 גרם,false,,15.90,0.0795,true,1,163844
7290018564721,false,ממרח אריסה שף הטבע 2,,,ממרח אריסה שף הטבע 2,,200.00,100 גרם,false,,14.90,0.0745,true,1,163072
7290018652039,false,לה קרמריה קרמל מלוח,,,לה קרמריה קרמל מלוח,,1400.00,"100 מ""ל",false,,23.90,0.0171,true,1,160955
7290018652053,false,ביסקולידה אקסטרא 68ג,,,ביסקולידה אקסטרא 68ג,,68.00,100 גרם,false,,8.90,0.1309,true,1,160932
7290018652886,false,מאגדת מצופים בננה 8,,,מאגדת מצופים בננה 8,,440.00,100 גרם,false,,29.90,0.0680,true,1,164033
7290018652909,false,מאגדת גלידה קפה שוקו,,,מאגדת גלידה קפה שוקו,,215.00,100 גרם,false,,29.90,0.1391,true,1,163331
7290018770269,false,זית קלמטה עם שמן זית,,,זית קלמטה עם שמן זית,,190.00,100 גרם,false,,14.90,0.0784,true,1,164676
7290018770344,false,טחינה 100% שומשום את,,,טחינה 100% שומשום את,,500.00,100 גרם,false,,17.90,0.0358,true,1,164762
7290018893036,false,צ'וקטה ביסקוויט שוקו,,,צ'וקטה ביסקוויט שוקו,,176.00,"100 מ""ל",false,,8.90,0.0506,true,1,163264
7290018893661,false,עוגות אישיות מצופה מ,,,עוגות אישיות מצופה מ,,240.00,100 גרם,false,,10.90,0.0454,true,1,162903
7290018925065,false,פרימור מיץ תפוזים סח,,,פרימור מיץ תפוזים סח,,2000.00,"100 מ""ל",false,,29.90,0.0150,true,1,162740
7290018972335,false,פרוזן שעועית ירוקה א,,,פרוזן שעועית ירוקה א,,600.00,100 גרם,false,,13.90,0.0232,true,1,165394
7290018972366,false,"פרוזן אדממה 1 ק""ג",,,"פרוזן אדממה 1 ק""ג",,1000.00,100 גרם,false,,16.90,0.0169,true,1,163734
7290018972632,false,פרוזן ארטישוק תחתיות,,,פרוזן ארטישוק תחתיות,,400.00,100 גרם,false,,13.90,0.0348,true,1,165389
7290018972649,false,פרוזן פול ירוק 600 ג,,,פרוזן פול ירוק 600 ג,,600.00,100 גרם,false,,13.90,0.0232,true,1,165390
7290018972786,false,נודלס טעם ירקות להכנ,,,נודלס טעם ירקות להכנ,,72.00,100 גרם,false,,6.90,0.0958,true,1,164438
7290018989005,false,פולפה טבעית יכין 400,,,פולפה טבעית יכין 400,,1200.00,100 גרם,false,,15.90,0.0133,true,1,164293
7290018989128,false,סירופ בטעם ענבים יכי,,,סירופ בטעם ענבים יכי,,1000.00,"100 מ""ל",false,,19.90,0.0199,true,1,164294
7290019039211,false,כוסות פלסטיק לשתיה ק,,,כוסות פלסטיק לשתיה ק,יחידה,0.00,יחידה,false,,7.90,0.0000,true,1,163469
7290019056027,false,שוופס מוגז פירות תפו,,,שוופס מוגז פירות תפו,,1500.00,"100 מ""ל",false,,10.90,0.0073,true,1,162616
7290019056065,false,שוופס מוגז עדין פירו,,,שוופס מוגז עדין פירו,,1500.00,"100 מ""ל",false,,9.90,0.0066,true,1,162606
7290019056072,false,שוופס מוגז עדין אננס,,,שוופס מוגז עדין אננס,,1500.00,"100 מ""ל",false,,9.90,0.0066,true,1,162607
7290019056164,false,שוופס סודה מארז 4*1.,קריות זול,,שוופס סודה מארז 4*1.,,6000.00,100 גרם,false,,12.90,0.0021,true,1,162654
7290019056171,false,שוופס סודה לימון מאר,קריות זול,,שוופס סודה לימון מאר,,6000.00,"100 מ""ל",false,,12.90,0.0021,true,1,162655
7290019056201,false,שוופס סודה פירות יער,קריות זול,,שוופס סודה פירות יער,,6000.00,"100 מ""ל",false,,12.90,0.0021,true,1,162658
7290019056249,false,שוופס וואטר ענבים 1.,,,שוופס וואטר ענבים 1.,,1500.00,100 גרם,false,,9.90,0.0066,true,1,162640
7290019056263,false,שוופס וואטר אפרסק 1.,,,שוופס וואטר אפרסק 1.,,1500.00,100 גרם,false,,9.90,0.0066,true,1,162641
7290019056270,false,שוופס וואטר פירות יע,,,שוופס וואטר פירות יע,,1500.00,"100 מ""ל",false,,9.90,0.0066,true,1,162642
7290019056287,false,שוופס וואטר אפס קלור,,,שוופס וואטר אפס קלור,,1500.00,"100 מ""ל",false,,9.90,0.0066,true,1,162644
7290019056300,false,שוופס ביטר לימון 1.5,קריות זול,,שוופס ביטר לימון 1.5,,1500.00,"100 מ""ל",false,,13.90,0.0093,true,1,162650
7290019056324,false,שוופס מי טוניק 1.5לי,קריות זול,,שוופס מי טוניק 1.5לי,,1500.00,"100 מ""ל",false,,13.90,0.0093,true,1,162652
7290019056331,false,שוופס מי טוניק ללא ס,קריות זול,,שוופס מי טוניק ללא ס,,1500.00,"100 מ""ל",false,,13.90,0.0093,true,1,162653
7290019056379,false,תפוזינה תפוזים 1.5לי,קריות זול,,תפוזינה תפוזים 1.5לי,,1500.00,"100 מ""ל",false,,9.90,0.0066,true,1,162596
7290019056386,false,תפוזינה אשכוליות 1.5,קריות זול,,תפוזינה אשכוליות 1.5,,1500.00,"100 מ""ל",false,,9.90,0.0066,true,1,162597
7290019056416,false,תפוזינה לימונים 1.5ל,קריות זול,,תפוזינה לימונים 1.5ל,,1500.00,"100 מ""ל",false,,9.90,0.0066,true,1,162599
7290019056478,false,ספרינג טי קר אפרסק 1,קריות זול,,ספרינג טי קר אפרסק 1,,1500.00,"100 מ""ל",false,,9.90,0.0066,true,1,162645
7290019056485,false,ספרינג טי קר לימון ל,קריות זול,,ספרינג טי קר לימון ל,,1500.00,"100 מ""ל",false,,9.90,0.0066,true,1,162646
7290019056492,false,ספרינג טי מנגו אפרסק,קריות זול,,ספרינג טי מנגו אפרסק,,1500.00,"100 מ""ל",false,,9.90,0.0066,true,1,162647
7290019056508,false,משקה וואטר פרוט ענבי,,,משקה וואטר פרוט ענבי,,1500.00,"100 מ""ל",false,,9.90,0.0066,true,1,162622
7290019056515,false,משקה וואטר פרוט אננס,,,משקה וואטר פרוט אננס,,1500.00,"100 מ""ל",false,,9.90,0.0066,true,1,162623
7290019056553,false,עין גדי מים מינרלים,קריות זול,,עין גדי מים מינרלים,,12000.00,"100 מ""ל",false,,13.80,0.0012,true,1,162581
7290019056560,false,עין גדי 2ליטר,,,עין גדי 2ליטר,,2000.00,100 גרם,false,,3.30,0.0016,true,1,162582
7290019056591,false,ספרינג ענבים 1.5ליטר,,,ספרינג ענבים 1.5ליטר,,1500.00,"100 מ""ל",false,,9.90,0.0066,true,1,162588
7290019056614,false,ספרינג אפרסק 1.5ליטר,קריות זול,,ספרינג אפרסק 1.5ליטר,,1500.00,"100 מ""ל",false,,9.90,0.0066,true,1,162586
7290019056638,false,ספרינג תות בננה 1.5ל,קריות זול,,ספרינג תות בננה 1.5ל,,1500.00,"100 מ""ל",false,,9.90,0.0066,true,1,162590
7290019056645,false,ספרינג אגס סברס תפוח,קריות זול,,ספרינג אגס סברס תפוח,,1500.00,"100 מ""ל",false,,9.90,0.0066,true,1,162591
7290019056676,false,ספרינג דיאט אשכוליות,קריות זול,,ספרינג דיאט אשכוליות,,1500.00,100 גרם,false,,9.90,0.0066,true,1,162587
7290019056966,false,מי עדן 1.5ליטר,,,מי עדן 1.5ליטר,,1500.00,"100 מ""ל",false,,3.30,0.0022,true,1,162746
7290019056973,false,מי עדן שישייה 6*1.5,קריות זול,,מי עדן שישייה 6*1.5,,9000.00,"100 מ""ל",false,,14.70,0.0016,true,1,162580
7290019153269,false,שוופס סודה אננס מארז,קריות זול,,שוופס סודה אננס מארז,,6000.00,"100 מ""ל",false,,12.90,0.0021,true,1,164018
7290019153375,false,תפוזינה מוחיטו 1.5 ל,קריות זול,,תפוזינה מוחיטו 1.5 ל,,1500.00,"100 מ""ל",false,,9.90,0.0066,true,1,164219
7290019204107,false,עוף טוב פסטרמה בטעם,קריות זול,,עוף טוב פסטרמה בטעם,,320.00,100 גרם,false,,25.90,0.0809,true,1,164889
7290019204404,false,עוף טוב קורנביף נתח,קריות זול,,עוף טוב קורנביף נתח,,220.00,100 גרם,false,,25.90,0.1177,true,1,164894
7290019232162,false,תה ירוק קמומיל מליסה,,,תה ירוק קמומיל מליסה,,25.00,יח',false,,27.90,1.1160,true,1,165486
7290019297161,false,טורטיות ראפ מקמח תיר,,,טורטיות ראפ מקמח תיר,,450.00,100 גרם,false,,10.00,0.0222,true,1,141004
7290019297239,false,צימוק חום 330גר קופס,,,צימוק חום 330גר קופס,,330.00,"100 מ""ל",false,,17.90,0.0542,true,1,96852
7290019297413,false,מעדן אפרסק שקדיה 100,,,מעדן אפרסק שקדיה 100,,284.00,100 גרם,false,,12.90,0.0454,true,1,96857
7290019297581,false,סוכריות גומי 300 גרם,,,סוכריות גומי 300 גרם,,300.00,100 גרם,false,,10.00,0.0333,true,1,139002
7290100240137,false,בדין תרסיס כחול למיי,,,בדין תרסיס כחול למיי,,500.00,"100 מ""ל",false,,19.90,0.0398,true,1,90359
7290100240144,false,בדין תרסיס ורוד למיי,,,בדין תרסיס ורוד למיי,,500.00,"100 מ""ל",false,,19.90,0.0398,true,1,90360
7290100243671,false,בדין אקסטרא כחול 960,,,בדין אקסטרא כחול 960,,960.00,"100 מ""ל",false,,19.90,0.0207,true,1,90372
7290100245231,false,נמס בכוס קנור ועוד ט,,,נמס בכוס קנור ועוד ט,,50.00,"100 מ""ל",false,,7.70,0.1540,true,1,90380
7290100680667,false,מנה חמה אסם נודלס-אט,,,מנה חמה אסם נודלס-אט,,76.00,100 גרם,false,,7.50,0.0987,true,1,88244
7290100680728,false,פירורית אסם שקית 350,,,פירורית אסם שקית 350,,350.00,100 גרם,false,,7.90,0.0226,true,1,88246
7290100681138,false,אפרופו מארז אסם 3*50,קריות זול,,אפרופו מארז אסם 3*50,,150.00,100 גרם,false,,13.90,0.0927,true,1,88250
7290100685600,false,פירורית זהב חיטה מלא,,,פירורית זהב חיטה מלא,,200.00,100 גרם,false,,7.90,0.0395,true,1,88273
7290100687109,false,במבה במילוי קרם נוגט,,,במבה במילוי קרם נוגט,,60.00,100 גרם,false,,5.60,0.0933,true,1,88279
7290100700020,false,גריסי פנינה סוגת 500,,,גריסי פנינה סוגת 500,,500.00,"100 מ""ל",false,,7.30,0.0146,true,1,94089
7290100700068,false,שעועית צבעונית סוגת,,,שעועית צבעונית סוגת,,500.00,100 גרם,false,,10.90,0.0218,true,1,94090
7290100700075,false,פירורי לחם מוזהבים ס,,,פירורי לחם מוזהבים ס,,200.00,100 גרם,false,,4.90,0.0245,true,1,94091
7290100700266,false,פירורי לחם לבן סוגת,,,פירורי לחם לבן סוגת,,200.00,100 גרם,false,,4.90,0.0245,true,1,94093
7290100700273,false,קינואה סוגת 500 גר,,,קינואה סוגת 500 גר,,500.00,100 גרם,false,,16.90,0.0338,true,1,94094
7290100700297,false,עדשים שחורות סוגת 50,,,עדשים שחורות סוגת 50,,500.00,100 גרם,false,,9.90,0.0198,true,1,94095
7290100700389,false,אורז אדום סוגת 1קג,קריות זול,,אורז אדום סוגת 1קג,,1000.00,100 גרם,false,,16.90,0.0169,true,1,94099
7290100700396,false,אורז יסמין קלאסי סוג,קריות זול,,אורז יסמין קלאסי סוג,,1000.00,100 גרם,false,,13.90,0.0139,true,1,94100
7290100700563,false,אורז מיקס סוגת 1קג,קריות זול,,אורז מיקס סוגת 1קג,,1000.00,100 גרם,false,,16.50,0.0165,true,1,94101
7290100700587,false,בורגול סוגת 500 גר,,,בורגול סוגת 500 גר,,500.00,"100 מ""ל",false,,7.30,0.0146,true,1,94102
7290100701126,false,שעועית מש סוגת 500גר,,,שעועית מש סוגת 500גר,,500.00,100 גרם,false,,10.90,0.0218,true,1,94109
7290100701140,false,אורז ארבוריו סוגת 1ק,,,אורז ארבוריו סוגת 1ק,,1000.00,100 גרם,false,,16.50,0.0165,true,1,94110
7290100701157,false,אורז להכנת סושי סוגת,,,אורז להכנת סושי סוגת,,1000.00,100 גרם,false,,15.50,0.0155,true,1,94111
7290100701300,false,קינואה אדומה סוגת 50,,,קינואה אדומה סוגת 50,,500.00,100 גרם,false,,16.90,0.0338,true,1,94113
7290100701454,false,גרישה סוגת 500גר,,,גרישה סוגת 500גר,,500.00,"100 מ""ל",false,,7.30,0.0146,true,1,94118
7290100701966,false,אפונה צהובה סוגת 500,,,אפונה צהובה סוגת 500,,500.00,100 גרם,false,,7.90,0.0158,true,1,132489
7290100702611,false,פתיתים אפויים אורז ס,,,פתיתים אפויים אורז ס,,500.00,100 גרם,false,,7.50,0.0150,true,1,94130
7290100702628,false,פתיתים אפויים קוסקוס,,,פתיתים אפויים קוסקוס,,500.00,"100 מ""ל",false,,7.50,0.0150,true,1,94131
7290100702635,false,פתיתים אפויים כוכבים,,,פתיתים אפויים כוכבים,,500.00,100 גרם,false,,7.50,0.0150,true,1,94132
7290100702642,false,פתיתים אפויים טבעות,,,פתיתים אפויים טבעות,,500.00,100 גרם,false,,7.50,0.0150,true,1,94133
7290100702673,false,פתיתים אפויים 3 צבעי,,,פתיתים אפויים 3 צבעי,,400.00,100 גרם,false,,7.50,0.0188,true,1,94136
7290100702987,false,פתיתי שיבולת שועל סו,,,פתיתי שיבולת שועל סו,,500.00,"100 מ""ל",false,,6.90,0.0138,true,1,94146
7290100703007,false,עדשים שחורות בלוגה ס,,,עדשים שחורות בלוגה ס,,500.00,100 גרם,false,,9.90,0.0198,true,1,131208
7290100703564,false,פתיתי שיבולת שועל עב,,,פתיתי שיבולת שועל עב,,500.00,100 גרם,false,,6.90,0.0138,true,1,131204
7290100703687,false,קמח חלה ללא צורך ניפ,,,קמח חלה ללא צורך ניפ,,1000.00,100 גרם,false,,9.90,0.0099,true,1,139074
7290100703847,false,קוביות סוכר לבן סוגת,,,קוביות סוכר לבן סוגת,,500.00,100 גרם,false,,9.90,0.0198,true,1,142959
7290100703908,false,סוכר דמררה סוגת בשקי,,,סוכר דמררה סוגת בשקי,,1000.00,"100 מ""ל",false,,9.90,0.0099,true,1,157542
7290100703915,false,פופקורן למיקרו מארז,,,פופקורן למיקרו מארז,,90.00,100 גרם,false,,10.90,0.1211,true,1,138420
7290100703922,false,פופקורן למיקרו מארז,,,פופקורן למיקרו מארז,,90.00,"100 מ""ל",false,,10.90,0.1211,true,1,138421
7290100704493,false,קמח שמרים לפיצה ללא,,,קמח שמרים לפיצה ללא,,1000.00,100 גרם,false,,10.90,0.0109,true,1,158793
7290100704530,false,קמח כוסמין לבן ללא צ,,,קמח כוסמין לבן ללא צ,,1000.00,100 גרם,false,,16.90,0.0169,true,1,160620
7290100704660,false,קינואה מיקס סוגת 500,,,קינואה מיקס סוגת 500,,500.00,"100 מ""ל",false,,16.90,0.0338,true,1,160425
7290100850916,false,דוריטוס חמוץ חריף 70,,,דוריטוס חמוץ חריף 70,,70.00,100 גרם,false,,4.10,0.0586,true,1,90802
7290100850923,false,דוריטוס גריל 70גר,,,דוריטוס גריל 70גר,,70.00,"100 מ""ל",false,,4.10,0.0586,true,1,90803
7290100858592,false,קקאו עלית 150גר,,,קקאו עלית 150גר,,150.00,"100 מ""ל",false,,10.90,0.0727,true,1,99634
7290100921593,false,סוד כדוריות לימון לא,,,סוד כדוריות לימון לא,,50.00,100 גרם,false,,9.90,0.1980,true,1,100463
7290100924464,false,כדוריות סוד סבון לאס,,,כדוריות סוד סבון לאס,,0.00,מטר,false,,16.90,0.0000,true,1,161116
7290101112228,false,גלידל פרי מאגדת בטעם,,,גלידל פרי מאגדת בטעם,,8.00,יח',false,,24.90,3.1125,true,1,159569
7290101112921,false,גלידל פרי מאגדת בטעם,,,גלידל פרי מאגדת בטעם,,8.00,יח',false,,24.90,3.1125,true,1,159570
7290101113157,false,גלידל חלבי מאגדת בטע,,,גלידל חלבי מאגדת בטע,,6.00,100 מ'ל,false,,25.90,4.3167,true,1,159578
7290101451105,false,נרות מטה כוכבים ממות,,,נרות מטה כוכבים ממות,יחידה,0.00,יחידה,false,,5.90,0.0000,true,1,91872
7290101551300,false,*מבצע* סילאן טבעי לח,,,*מבצע* סילאן טבעי לח,,380.00,"100 מ""ל",false,,15.90,0.0418,true,1,138533
7290101551539,false,דנונה פרו אפרסק 20 ג,,,דנונה פרו אפרסק 20 ג,,200.00,100 גרם,false,,6.50,0.0325,true,1,138657
7290101551584,false,תפוציפס קידס מארז 10,,,תפוציפס קידס מארז 10,,200.00,100 גרם,false,,12.90,0.0645,true,1,139190
7290101865261,false,פיניש נוזל הברקה למד,,,פיניש נוזל הברקה למד,,800.00,"100 מ""ל",false,,21.90,0.0274,true,1,96534
7290101866633,false,קליה גל ורוד 3ליטר,,,קליה גל ורוד 3ליטר,,3000.00,"100 מ""ל",false,,29.90,0.0100,true,1,96538
7290101866787,false,קליה גל לבן 3ליטר,,,קליה גל לבן 3ליטר,,3000.00,100 גרם,false,,29.90,0.0100,true,1,96539
7290101869726,false,פיניש ג'ל למדיח 1ליט,,,פיניש ג'ל למדיח 1ליט,,1000.00,"100 מ""ל",false,,46.90,0.0469,true,1,96551
7290101869733,false,פיניש ג'ל למדיח לימו,,,פיניש ג'ל למדיח לימו,,1000.00,"100 מ""ל",false,,46.90,0.0469,true,1,96552
7290101869825,false,איירוויק מילוי מבשם,,,איירוויק מילוי מבשם,,19.00,"100 מ""ל",false,,19.90,1.0474,true,1,128867
7290102030330,false,תפוציפס קראנץ מקסיקנ,,,תפוציפס קראנץ מקסיקנ,,200.00,100 גרם,false,,11.90,0.0595,true,1,90806
7290102031276,false,אקטימל תות בננה 8*10,,,אקטימל תות בננה 8*10,,800.00,100 גרם,false,,21.90,0.0274,true,1,95251
7290102390427,false,מולר פרופ תות 3% 150,,,מולר פרופ תות 3% 150,,150.00,100 גרם,false,,5.60,0.0373,true,1,91059
7290102390465,false,מולר פרופ אפרסק פסיפ,,,מולר פרופ אפרסק פסיפ,,150.00,100 גרם,false,,5.60,0.0373,true,1,91061
7290102390489,false,מולר פרופ לימון 3% 1,,,מולר פרופ לימון 3% 1,,150.00,100 גרם,false,,5.60,0.0373,true,1,91062
7290102391844,false,מולר פרופ לבן+קציפת,,,מולר פרופ לבן+קציפת,,150.00,100 גרם,false,,5.60,0.0373,true,1,91071
7290102392728,false,מולר נטורל לבן טבעי,,,מולר נטורל לבן טבעי,,200.00,100 גרם,false,,4.40,0.0220,true,1,91097
7290102393039,false,מולר מיקס בתוספת פצפ,קריות זול,,מולר מיקס בתוספת פצפ,,150.00,100 גרם,false,,6.60,0.0440,true,1,91110
7290102393169,false,מולר סימפלי פרוט תות,,,מולר סימפלי פרוט תות,,150.00,100 גרם,false,,5.60,0.0373,true,1,91120
7290102393176,false,מולר סימפלי פרוט אפר,,,מולר סימפלי פרוט אפר,,150.00,100 גרם,false,,5.60,0.0373,true,1,91121
7290102393268,false,גבינה לבנה 5% 750גר,,,גבינה לבנה 5% 750גר,,750.00,100 גרם,false,,14.94,0.0199,true,1,91127
7290102393299,false,יוגורט עיזים לשתייה,,,יוגורט עיזים לשתייה,,500.00,"100 מ""ל",false,,15.50,0.0310,true,1,91128
7290102393718,false,חלומי חלב בקר צוריאל,,,חלומי חלב בקר צוריאל,,200.00,100 גרם,false,,24.50,0.1225,true,1,91144
7290102393848,false,יוגורט עיזים 3% תות,,,יוגורט עיזים 3% תות,,150.00,100 גרם,false,,7.70,0.0513,true,1,91146
7290102393855,false,יוגורט עיזים 3% אפרס,,,יוגורט עיזים 3% אפרס,,150.00,100 גרם,false,,7.70,0.0513,true,1,142312
7290102393947,false,מולר סימפלי פרוט קיו,,,מולר סימפלי פרוט קיו,,150.00,100 גרם,false,,5.60,0.0373,true,1,91151
7290102394258,false,מה עז צוריאל 9% 180ג,,,מה עז צוריאל 9% 180ג,,180.00,100 גרם,false,,25.90,0.1439,true,1,91172
7290102394463,false,גבינה צהובה נעם ואקו,,,גבינה צהובה נעם ואקו,,500.00,"100 מ""ל",false,,30.90,0.0618,true,1,91181
7290102394821,false,גבינה צהובה נעם דק ד,,,גבינה צהובה נעם דק ד,,200.00,100 גרם,false,,18.90,0.0945,true,1,91188
7290102394845,false,גבינה צהובה נעם דק ד,,,גבינה צהובה נעם דק ד,,200.00,100 גרם,false,,19.50,0.0975,true,1,91189
7290102395224,false,מולר נטורל 1.7% מארז,,,מולר נטורל 1.7% מארז,,1200.00,100 גרם,false,,19.80,0.0165,true,1,91211
7290102395231,false,מולר נטורל 2.8% מארז,,,מולר נטורל 2.8% מארז,,1200.00,100 גרם,false,,19.80,0.0165,true,1,91212
7290102395446,false,מוו וניל קצפת 123גר,,,מוו וניל קצפת 123גר,,123.00,100 גרם,false,,3.40,0.0276,true,1,91222
7290102395477,false,מוו שוקולד קצפת 123ג,,,מוו שוקולד קצפת 123ג,,123.00,100 גרם,false,,3.40,0.0276,true,1,91225
7290102396436,false,מוו מעדן חלב בטעם שו,,,מוו מעדן חלב בטעם שו,,125.00,100 גרם,false,,3.40,0.0272,true,1,91275
7290102396443,false,מוו מעדן חלב בטעם ונ,,,מוו מעדן חלב בטעם ונ,,125.00,100 גרם,false,,3.40,0.0272,true,1,91276
7290102396597,false,מוו וניל ומוס שוקולד,,,מוו וניל ומוס שוקולד,,118.00,100 גרם,false,,3.40,0.0288,true,1,91285
7290102396719,false,מולר סימפלי פרוט תות,,,מולר סימפלי פרוט תות,,150.00,100 גרם,false,,5.60,0.0373,true,1,91294
7290102397204,false,גבינה צהובה נעם 22%ד,,,גבינה צהובה נעם 22%ד,,200.00,100 גרם,false,,18.90,0.0945,true,1,91326
7290102397600,false,מולר מיקס+ שקדים ובו,,,מולר מיקס+ שקדים ובו,,170.00,100 גרם,false,,6.60,0.0388,true,1,91349
7290102397617,false,מולר מיקס קליק 150גר,,,מולר מיקס קליק 150גר,,150.00,100 גרם,false,,6.60,0.0440,true,1,91350
7290102397679,false,קוטג 5% 375גר טרה,,,קוטג 5% 375גר טרה,,375.00,100 גרם,false,,8.90,0.0237,true,1,132234
7290102397730,false,גבינה אמנטל נעם 200ג,,,גבינה אמנטל נעם 200ג,,200.00,100 גרם,false,,19.50,0.0975,true,1,134544
7290102397747,false,גבינת מוצרלה פרוס 20,,,גבינת מוצרלה פרוס 20,,200.00,100 גרם,false,,21.90,0.1095,true,1,136343
7290102397891,false,גבינה מותכת צוריאל 1,,,גבינה מותכת צוריאל 1,,100.00,100 גרם,false,,8.50,0.0850,true,1,133360
7290102398065,false,חלב בקרטון טרה 3% 2,,,חלב בקרטון טרה 3% 2,,2000.00,"100 מ""ל",false,,12.46,0.0062,true,1,134640
7290102398331,false,חלב מועשר דל לקטוז 1,,,חלב מועשר דל לקטוז 1,,1000.00,"100 מ""ל",false,,8.70,0.0087,true,1,136239
7290102398560,false,שוקו טרה מועשר 1 ליט,,,שוקו טרה מועשר 1 ליט,,1000.00,"100 מ""ל",false,,13.40,0.0134,true,1,138045
7290102399048,false,קשקבל נעם 200גר,,,קשקבל נעם 200גר,,200.00,100 גרם,false,,25.90,0.1295,true,1,156154
7290102399635,false,מולר פרופ טרופיקל 4.,,,מולר פרופ טרופיקל 4.,,150.00,100 גרם,false,,5.60,0.0373,true,1,157523
7290102399796,false,מולר אקטיב 25 יוגורט,,,מולר אקטיב 25 יוגורט,,200.00,100 גרם,false,,5.70,0.0285,true,1,151001
7290102399819,false,מולר אקטיב יוגורט 20,,,מולר אקטיב יוגורט 20,,200.00,100 גרם,false,,6.90,0.0345,true,1,151003
7290102399857,false,מולר אקטיב לייט 20 ע,,,מולר אקטיב לייט 20 ע,,200.00,100 גרם,false,,6.90,0.0345,true,1,157524
7290103124601,false,פלמוליב תחליב רחצה נ,,,פלמוליב תחליב רחצה נ,,750.00,"100 מ""ל",false,,21.90,0.0292,true,1,109550
7290103404758,false,סלט כרוב אדום אחלה 1,,,סלט כרוב אדום אחלה 1,,200.00,100 גרם,false,,5.80,0.0290,true,1,95259
7290103408206,false,עלי חסה ערבית שטופים,,,עלי חסה ערבית שטופים,,250.00,"100 מ""ל",false,,12.90,0.0516,true,1,95262
7290103681210,false,יין תבור שרדונה 750,,,יין תבור שרדונה 750,,750.00,"100 מ""ל",false,,39.90,0.0532,true,1,140022
7290103700393,false,טאצ' כריות יפניות עב,,,טאצ' כריות יפניות עב,,4.00,100 גרם,false,,9.90,2.4750,true,1,97337
7290103701055,false,כוס קרטון טאץ' ב8 או,,,כוס קרטון טאץ' ב8 או,יחידה,0.00,יחידה,false,,9.90,0.0000,true,1,157090
7290103701147,false,רדיד אלומיניום 200 פ,,,רדיד אלומיניום 200 פ,יחידה,0.00,יחידה,false,,29.90,0.0000,true,1,97345
7290103702212,false,טאצ ממחטות כיס,,,טאצ ממחטות כיס,יחידה,0.00,יחידה,false,,7.90,0.0000,true,1,129106
7290103702328,false,טאצ אשפתון בגליל 25,,,טאצ אשפתון בגליל 25,,25.00,יח',false,,17.90,0.7160,true,1,131763
7290103702663,false,מגבות לובלי שמינייה,,,מגבות לובלי שמינייה,יחידה,0.00,יחידה,false,,14.90,0.0000,true,1,156584
7290103703080,false,טאצ זוג שקיות אשפה ע,,,טאצ זוג שקיות אשפה ע,יחידה,0.00,יחידה,false,,17.90,0.0000,true,1,129113
7290103703226,false,טאצ מטליות לחות לניק,,,טאצ מטליות לחות לניק,,50.00,100 גרם,false,,9.90,0.1980,true,1,138780
7290103703370,false,טאצ מגבוני טואלט לחי,,,טאצ מגבוני טואלט לחי,יחידה,0.00,יחידה,false,,15.90,0.0000,true,1,138373
7290103703684,false,לאבלי נייר טואלט 30,,,לאבלי נייר טואלט 30,יחידה,0.00,יחידה,false,,29.90,0.0000,true,1,140110
7290104061417,false,חומוס טחינה אחלה קלא,,,חומוס טחינה אחלה קלא,,400.00,"100 מ""ל",false,,11.90,0.0298,true,1,95264
7290104061431,false,חומוס צנובר אחלה קלא,,,חומוס צנובר אחלה קלא,,400.00,"100 מ""ל",false,,11.90,0.0298,true,1,95266
7290104061448,false,חומוס חריף אחלה קלאס,,,חומוס חריף אחלה קלאס,,400.00,100 גרם,false,,11.90,0.0298,true,1,95267
7290104065934,false,שטראוס עלי רוקט 150ג,,,שטראוס עלי רוקט 150ג,,150.00,"100 מ""ל",false,,12.90,0.0860,true,1,95270
7290104066566,false,טחינה משומשום מלא אח,,,טחינה משומשום מלא אח,,400.00,"100 מ""ל",false,,16.90,0.0422,true,1,95272
7290104068539,false,מסטיק מאסט מלון ואבט,,,מסטיק מאסט מלון ואבט,,28.00,"100 מ""ל",false,,5.00,0.1786,true,1,99683
7290104500572,false,אפרופו חטיף איטליאנו,,,אפרופו חטיף איטליאנו,,50.00,"100 מ""ל",false,,5.50,0.1100,true,1,88288
7290104570162,false,תמר כבוש 500 גר,,,תמר כבוש 500 גר,,500.00,100 גרם,false,,15.90,0.0318,true,1,143630
7290104721762,false,קפה טורקי עלית מארז,,,קפה טורקי עלית מארז,,255.00,100 מ'ל,false,,19.90,0.0780,true,1,99686
7290104721953,false,לקט מסולסלים ירקות ש,,,לקט מסולסלים ירקות ש,,350.00,100 גרם,false,,13.90,0.0397,true,1,95280
7290104722530,false,תפוציפס שמנת בצל 200,,,תפוציפס שמנת בצל 200,,200.00,100 גרם,false,,11.90,0.0595,true,1,90818
7290104728310,false,שמנת להקצפה 38% 250,,,שמנת להקצפה 38% 250,,250.00,"100 מ""ל",false,,6.47,0.0259,true,1,95292
7290104965647,false,דאודורנט רול און  נו,,,דאודורנט רול און  נו,,75.00,"100 מ""ל",false,,15.90,0.2120,true,1,160537
7290105360250,false,קפסולות מס9 עשיר ואר,,,קפסולות מס9 עשיר ואר,יחידה,0.00,יחידה,false,,19.90,0.0000,true,1,99704
7290105360335,false,קפסולות מס7 עדין וקט,,,קפסולות מס7 עדין וקט,יחידה,0.00,יחידה,false,,19.90,0.0000,true,1,99706
7290105363602,false,כיף כף מקלות קלאסי 4,,,כיף כף מקלות קלאסי 4,,40.00,"100 מ""ל",false,,5.90,0.1475,true,1,99717
7290105364289,false,כיף כף מקלות פצפוצים,,,כיף כף מקלות פצפוצים,,40.00,"100 מ""ל",false,,5.90,0.1475,true,1,99718
7290105366993,false,גבינת סימפוניה פלפל,,,גבינת סימפוניה פלפל,,200.00,100 גרם,false,,11.90,0.0595,true,1,95308
7290105368331,false,"מילקי תות 170מ""ל",,,"מילקי תות 170מ""ל",,170.00,"100 מ""ל",false,,2.90,0.0171,true,1,95319
7290105369130,false,גבינת סימפוניה בצל י,,,גבינת סימפוניה בצל י,,200.00,"100 מ""ל",false,,11.90,0.0595,true,1,95330
7290105439505,false,ממרח מיונז לייט מאסט,,,ממרח מיונז לייט מאסט,,479.00,"100 מ""ל",false,,9.90,0.0207,true,1,131446
7290105500151,false,וודקה פינלנדיה 700 מ,,,וודקה פינלנדיה 700 מ,,700.00,"100 מ""ל",false,,74.90,0.1070,true,1,85839
7290105691248,false,פריכונים חטיפי טורטי,,,פריכונים חטיפי טורטי,,60.00,"100 מ""ל",false,,9.70,0.1617,true,1,88324
7290105691712,false,עוגיות הפסקת קפה דגנ,,,עוגיות הפסקת קפה דגנ,,230.00,100 גרם,false,,13.50,0.0587,true,1,88327
7290105693341,false,*מבצע* במבה מארז אסם,,,*מבצע* במבה מארז אסם,,250.00,"100 מ""ל",false,,16.00,0.0640,true,1,88337
7290105693952,false,פירורית זהב שומשום א,,,פירורית זהב שומשום א,,200.00,100 גרם,false,,6.90,0.0345,true,1,88340
7290105695024,false,פתיתים אפויים אורז ע,,,פתיתים אפויים אורז ע,,500.00,100 גרם,false,,8.60,0.0172,true,1,88349
7290105695321,false,עוגות הבית בראוניס פ,,,עוגות הבית בראוניס פ,,380.00,100 גרם,false,,18.90,0.0497,true,1,141911
7290105965738,false,דנונה לשתיה תות בננה,,,דנונה לשתיה תות בננה,,250.00,100 גרם,false,,5.50,0.0220,true,1,95342
7290105968098,false,קולסלאו אחלה 500גר,,,קולסלאו אחלה 500גר,,500.00,100 גרם,false,,16.90,0.0338,true,1,95349
7290105968777,false,פריכיות תחתית שוקולד,,,פריכיות תחתית שוקולד,,80.00,"100 מ""ל",false,,8.90,0.1113,true,1,99756
7290106520066,false,רבע לשבע גלילי וופל,,,רבע לשבע גלילי וופל,,160.00,100 גרם,false,,13.50,0.0844,true,1,99758
7290106520288,false,דנונה WOW תות 150 ג,,,דנונה WOW תות 150 ג,,150.00,100 גרם,false,,4.90,0.0327,true,1,95351
7290106520905,false,סלט טורקי אחלה טעמי,,,סלט טורקי אחלה טעמי,,400.00,100 גרם,false,,16.90,0.0422,true,1,95360
7290106525320,false,שוקולית לאפיה 500גר,,,שוקולית לאפיה 500גר,,500.00,100 גרם,false,,17.90,0.0358,true,1,144796
7290106526822,false,פריכיות עם תחתית שוק,,,פריכיות עם תחתית שוק,,80.00,100 גרם,false,,8.90,0.1113,true,1,99787
7290106528949,false,לקט ערוגות שטראוס 45,,,לקט ערוגות שטראוס 45,,450.00,"100 מ""ל",false,,12.90,0.0287,true,1,95378
7290106573277,false,קריספי טאפאס זיתים א,,,קריספי טאפאס זיתים א,,150.00,100 גרם,false,,12.90,0.0860,true,1,88380
7290106573628,false,חומוס עם טחינה צבר 4,,,חומוס עם טחינה צבר 4,,400.00,100 גרם,false,,13.90,0.0348,true,1,88385
7290106574120,false,גומי גם,,,גומי גם,יחידה,0.00,יחידה,false,,8.90,0.0000,true,1,154964
7290106574953,false,בייגלה שטוחים שומשום,,,בייגלה שטוחים שומשום,,300.00,"100 מ""ל",false,,12.50,0.0417,true,1,88398
7290106574977,false,בייגלה שטוחים עם מלח,,,בייגלה שטוחים עם מלח,,300.00,100 גרם,false,,12.50,0.0417,true,1,88399
7290106575257,false,עוגת הבית סופלה בטעם,,,עוגת הבית סופלה בטעם,,340.00,100 גרם,false,,15.90,0.0468,true,1,88402
7290106576513,false,חומוס צבר 400גר,,,חומוס צבר 400גר,,400.00,"100 מ""ל",false,,10.90,0.0273,true,1,88412
7290106576537,false,חומוס מסעדות צבר 700,,,חומוס מסעדות צבר 700,,700.00,"100 מ""ל",false,,12.90,0.0184,true,1,88413
7290106576957,false,לה קרמריה שוקו וניל,,,לה קרמריה שוקו וניל,,1400.00,"100 מ""ל",false,,23.90,0.0171,true,1,90708
7290106576971,false,לה קרמריה שוקולד בלג,,,לה קרמריה שוקולד בלג,,1400.00,"100 מ""ל",false,,23.90,0.0171,true,1,90709
7290106577282,false,טחינה צבר 400גרם,,,טחינה צבר 400גרם,,400.00,100 גרם,false,,13.90,0.0348,true,1,88415
7290106577527,false,סלט קולסלאו צבר 400,,,סלט קולסלאו צבר 400,,400.00,100 גרם,false,,13.90,0.0348,true,1,147788
7290106577541,false,כרוב אדום צבר 400גרם,,,כרוב אדום צבר 400גרם,,400.00,100 גרם,false,,13.90,0.0348,true,1,88421
7290106578692,false,במבה ביסלי מיקס אסם,,,במבה ביסלי מיקס אסם,,80.00,100 גרם,false,,5.60,0.0700,true,1,88429
7290106654099,false,מילקי קייק שמינייה 8,,,מילקי קייק שמינייה 8,,272.00,"100 מ""ל",false,,19.90,0.0732,true,1,95382
7290106656727,false,עוגיות חיוכים שוקו ב,,,עוגיות חיוכים שוקו ב,,600.00,100 גרם,false,,18.90,0.0315,true,1,99823
7290106663121,false,מילקי קייק 34 גר,,,מילקי קייק 34 גר,,34.00,"100 מ""ל",false,,3.50,0.1029,true,1,95411
7290106663558,false,רוטב טריאקי רימון יד,,,רוטב טריאקי רימון יד,,320.00,100 גרם,false,,15.90,0.0497,true,1,99882
7290106664555,false,רוטב שמנת עם עגבניות,,,רוטב שמנת עם עגבניות,,250.00,"100 מ""ל",false,,10.90,0.0436,true,1,95420
7290106666788,false,סוכריות נוסטלגיה דבש,,,סוכריות נוסטלגיה דבש,,80.00,"100 מ""ל",false,,5.90,0.0738,true,1,99893
7290106667266,false,דוריטוס חמוץ חריף 18,,,דוריטוס חמוץ חריף 18,,185.00,100 גרם,false,,8.50,0.0459,true,1,90905
7290106668577,false,מיץ לימון טבעי 250 מ,,,מיץ לימון טבעי 250 מ,,250.00,"100 מ""ל",false,,8.90,0.0356,true,1,129299
7290106720626,false,ציטוס קראנצ בטעם גבי,,,ציטוס קראנצ בטעם גבי,,80.00,100 גרם,false,,4.90,0.0613,true,1,133602
7290106721913,false,מסטיק מאסט ריח פה צ',,,מסטיק מאסט ריח פה צ',,66.00,100 גרם,false,,10.90,0.1652,true,1,99927
7290106721920,false,מסטיק מאסט ספירימינט,,,מסטיק מאסט ספירימינט,,66.00,"100 מ""ל",false,,10.90,0.1652,true,1,99928
7290106723689,false,עלי תרד בייבי שטראוס,,,עלי תרד בייבי שטראוס,,200.00,"100 מ""ל",false,,12.90,0.0645,true,1,95457
7290106726178,false,דנונה WOW פירות יער,,,דנונה WOW פירות יער,,150.00,"100 מ""ל",false,,4.90,0.0327,true,1,95466
7290106727984,false,כיף כף גביע פצפצים 1,,,כיף כף גביע פצפצים 1,,135.00,100 גרם,false,,11.90,0.0881,true,1,144814
7290107280013,false,מגבוני ליטופים חמישי,,,מגבוני ליטופים חמישי,,5.00,,false,,22.90,4.5800,true,1,148053
7290107280020,false,מגבוני ניקוי כללי סנ,,,מגבוני ניקוי כללי סנ,יחידה,0.00,יחידה,false,,21.90,0.0000,true,1,148054
7290107280099,false,מגבוני טואלט סופט של,,,מגבוני טואלט סופט של,יחידה,0.00,יחידה,false,,18.90,0.0000,true,1,129323
7290107280341,false,ריצפז מטליות לחות לנ,,,ריצפז מטליות לחות לנ,יחידה,0.00,יחידה,false,,14.90,0.0000,true,1,155594
7290107280396,false,סנו ג'ט למטבח 750מל,,,סנו ג'ט למטבח 750מל,,750.00,"100 מ""ל",false,,14.90,0.0199,true,1,89639
7290107280761,false,סנו ספארק משאבה לימו,,,סנו ספארק משאבה לימו,,1000.00,"100 מ""ל",false,,13.90,0.0139,true,1,148059
7290107280822,false,ריצפז פרש הום ספא מר,,,ריצפז פרש הום ספא מר,ליטרים,2.00,ליטר,false,,25.90,12.9500,true,1,89660
7290107340526,false,מטען טייפסי IMX,,,מטען טייפסי IMX,יחידה,0.00,יחידה,false,,39.90,0.0000,true,1,157876
7290107341349,false,מטען רכב טייפסי IMX,,,מטען רכב טייפסי IMX,יחידה,0.00,יחידה,false,,39.90,0.0000,true,1,157879
7290107645584,false,מרק עוף אמיתי קנור ר,קריות זול,,מרק עוף אמיתי קנור ר,,400.00,100 גרם,false,,25.90,0.0647,true,1,138475
7290107646062,false,מרק בצל רכיבים טבעיי,,,מרק בצל רכיבים טבעיי,,400.00,100 גרם,false,,25.90,0.0647,true,1,137294
7290107646154,false,קוקומן פצפוצים מאגדת,,,קוקומן פצפוצים מאגדת,,126.00,100 גרם,false,,15.90,0.1262,true,1,137289
7290107647816,false,ברנפלקס בדצ ללא סוכר,,,ברנפלקס בדצ ללא סוכר,,500.00,"100 מ""ל",false,,23.90,0.0478,true,1,136004
7290107648974,false,רוטב לפסטה בזיליקום,,,רוטב לפסטה בזיליקום,,415.00,"100 מ""ל",false,,11.90,0.0287,true,1,138872
7290107649100,false,טבעות שומשום 300 גרם,,,טבעות שומשום 300 גרם,,300.00,"100 מ""ל",false,,11.90,0.0397,true,1,140280
7290107649605,false,קליק שוקולד קורנפלקס,,,קליק שוקולד קורנפלקס,,85.00,100 גרם,false,,6.90,0.0812,true,1,138930
7290107871532,false,קרחוני דובדבן מלון נ,,,קרחוני דובדבן מלון נ,,800.00,100 גרם,false,,10.90,0.0136,true,1,90724
7290107871990,false,פסטה צינורות אסם 500,,,פסטה צינורות אסם 500,,500.00,100 גרם,false,,7.60,0.0152,true,1,88452
7290107874502,false,ביסלי גריל מארז אסם,,,ביסלי גריל מארז אסם,,220.00,100 גרם,false,,13.90,0.0632,true,1,88474
7290107875271,false,ביסלי ברביקיו מארז א,,,ביסלי ברביקיו מארז א,,220.00,"100 מ""ל",false,,13.90,0.0632,true,1,88481
7290107875400,false,לה קרמריה פיסטוק מוק,,,לה קרמריה פיסטוק מוק,,1400.00,100 גרם,false,,23.90,0.0171,true,1,90729
7290107877619,false,במבה במילוי קרם נוגט,,,במבה במילוי קרם נוגט,,150.00,100 גרם,false,,14.90,0.0993,true,1,132945
7290107879620,false,קרחון שרבט לה פרוטה,,,קרחון שרבט לה פרוטה,,70.00,100 גרם,false,,7.90,0.1129,true,1,142274
7290107879699,false,קרחון שרבט לה פרוטה,,,קרחון שרבט לה פרוטה,,70.00,"100 מ""ל",false,,7.90,0.1129,true,1,90749
7290107932080,false,חלב מועשר בבקבוק 3%,,,חלב מועשר בבקבוק 3%,,1000.00,"100 מ""ל",false,,7.90,0.0079,true,1,95496
7290107932134,false,חלב מועשר בבקבוק 1%,,,חלב מועשר בבקבוק 1%,,1000.00,100 גרם,false,,7.90,0.0079,true,1,95498
7290107937856,false,קפסולות עלית מס 11 ל,,,קפסולות עלית מס 11 ל,יחידה,0.00,יחידה,false,,19.90,0.0000,true,1,131071
7290107938396,false,אקטימל תות שמינייה ב,,,אקטימל תות שמינייה ב,,864.00,"100 מ""ל",false,,21.90,0.0253,true,1,95535
7290107940030,false,*מבצע* חומוס אחלה 65,,,*מבצע* חומוס אחלה 65,,650.00,"100 מ""ל",false,,9.90,0.0152,true,1,137003
7290107941259,false,עדשים ירוקות מבושלות,,,עדשים ירוקות מבושלות,,475.00,100 גרם,false,,11.90,0.0251,true,1,132493
7290107941273,false,חומוס מבושל שטראוס 4,,,חומוס מבושל שטראוס 4,,475.00,100 גרם,false,,11.90,0.0251,true,1,132495
7290107943192,false,שמנת חמוצה מהערבה 27,,,שמנת חמוצה מהערבה 27,,200.00,100 גרם,false,,4.40,0.0220,true,1,135365
7290107943369,false,קוואקר שיבולת שועל ל,,,קוואקר שיבולת שועל ל,,511.00,100 גרם,false,,19.90,0.0389,true,1,135123
7290107944472,false,גבינת סימפוניה שום ש,,,גבינת סימפוניה שום ש,,200.00,"100 מ""ל",false,,11.90,0.0595,true,1,131733
7290107953559,false,מארז קפה טורקי לדרך,,,מארז קפה טורקי לדרך,,168.00,100 גרם,false,,19.90,0.1185,true,1,149496
7290107956901,false,קפסולות אספרסו בטעם,,,קפסולות אספרסו בטעם,,150.00,100 גרם,false,,19.90,0.1327,true,1,135751
7290107956925,false,קפסולות אוגנדה מס 13,,,קפסולות אוגנדה מס 13,יחידה,0.00,יחידה,false,,19.90,0.0000,true,1,138757
7290107973861,false,עגבניות קצוצות דק מא,,,עגבניות קצוצות דק מא,,1200.00,100 גרם,false,,16.90,0.0141,true,1,131451
7290108350531,false,סנו ספארק משאבה קלאס,,,סנו ספארק משאבה קלאס,,1000.00,100 גרם,false,,13.90,0.0139,true,1,148670
7290108350623,false,סנו מקסימה סופט סילק,,,סנו מקסימה סופט סילק,,1000.00,100 גרם,false,,19.90,0.0199,true,1,89667
7290108351583,false,סנו גט+לניקוי אסלות,,,סנו גט+לניקוי אסלות,,750.00,"100 מ""ל",false,,14.90,0.0199,true,1,137933
7290108351613,false,ריצפז פרש הום בניחוח,,,ריצפז פרש הום בניחוח,ליטרים,2.00,ליטר,false,,25.90,12.9500,true,1,135822
7290108352528,false,מתז 99.9% לחיטוי וני,,,מתז 99.9% לחיטוי וני,,750.00,מטר,false,,17.90,0.0239,true,1,160643
7290108352672,false,מטלית הפלא לריצפה סנ,,,מטלית הפלא לריצפה סנ,יחידה,0.00,יחידה,false,,22.90,0.0000,true,1,155999
7290108352849,false,סנו סושי מטלית הפלא,,,סנו סושי מטלית הפלא,,3.00,יח',false,,16.90,5.6333,true,1,159817
7290108354591,false,נקה 7 תחליב רחצה ביו,,,נקה 7 תחליב רחצה ביו,,750.00,"100 מ""ל",false,,13.90,0.0185,true,1,164375
7290108356489,false,כיף תחליב רחצה אפרסק,קריות זול,,כיף תחליב רחצה אפרסק,,700.00,"100 מ""ל",false,,13.90,0.0199,true,1,163405
7290108356571,false,קרליין מרכך 10 לשיער,,,קרליין מרכך 10 לשיער,,700.00,"100 מ""ל",false,,14.90,0.0213,true,1,163184
7290108359985,false,סנו ז'אוול קצף ניקוי,קריות זול,,סנו ז'אוול קצף ניקוי,,1000.00,"100 מ""ל",false,,21.90,0.0219,true,1,163409
7290108501346,false,גבינת גאודה מגורדת 2,,,גבינת גאודה מגורדת 2,,500.00,"100 מ""ל",false,,25.90,0.0518,true,1,137121
7290108501490,false,גבינת מוצרלה פרוסות,,,גבינת מוצרלה פרוסות,,150.00,100 גרם,false,,14.90,0.0993,true,1,138575
7290108502305,false,גבינה גרנה פדנו משול,,,גבינה גרנה פדנו משול,,150.00,"100 מ""ל",false,,22.90,0.1527,true,1,139141
7290108502510,false,קרקרים ויליפוד טבעי,,,קרקרים ויליפוד טבעי,,500.00,100 גרם,false,,9.90,0.0198,true,1,138522
7290108502527,false,קרקרים ויליפוד מליחו,,,קרקרים ויליפוד מליחו,,500.00,100 גרם,false,,9.90,0.0198,true,1,138521
7290108502589,false,גבינת שמנת שום יורוצ,,,גבינת שמנת שום יורוצ,,200.00,100 גרם,false,,13.90,0.0695,true,1,138561
7290108503043,false,מארז תפוחונים 4*22 ג,,,מארז תפוחונים 4*22 ג,,88.00,"100 מ""ל",false,,15.90,0.1807,true,1,139140
7290108503159,false,גבינה כחולה עם עובש,,,גבינה כחולה עם עובש,,100.00,"100 מ""ל",false,,15.90,0.1590,true,1,139145
7290108503982,false,פרוסות גבינה 150ג בט,,,פרוסות גבינה 150ג בט,,150.00,100 גרם,false,,9.90,0.0660,true,1,159398
7290108504293,false,מנצ'גו צ'אנק יורו צי,,,מנצ'גו צ'אנק יורו צי,,150.00,100 גרם,false,,15.90,0.1060,true,1,141132
7290108504378,false,גבינת שמנת עם זיתים,,,גבינת שמנת עם זיתים,,200.00,100 גרם,false,,13.90,0.0695,true,1,155294
7290108505153,false,יוגורט בטעם טבעי 10%,,,יוגורט בטעם טבעי 10%,,150.00,100 גרם,false,,6.90,0.0460,true,1,157260
7290108505160,false,יוגורט עם אגסים 4% ש,,,יוגורט עם אגסים 4% ש,,150.00,100 גרם,false,,6.90,0.0460,true,1,157261
7290108505184,false,יוגורט עם קוקוס 5% ש,,,יוגורט עם קוקוס 5% ש,,150.00,100 גרם,false,,6.90,0.0460,true,1,157267
7290108506624,false,גבינת עיזים צ'אנק 15,,,גבינת עיזים צ'אנק 15,,150.00,"100 מ""ל",false,,15.90,0.1060,true,1,157489
7290108506709,false,גבינת פרמג'נו רג'אנו,,,גבינת פרמג'נו רג'אנו,,150.00,100 גרם,false,,24.90,0.1660,true,1,157257
7290108507058,false,ביסקויט פריך בשוקולד,,,ביסקויט פריך בשוקולד,,100.00,100 גרם,false,,7.90,0.0790,true,1,163373
7290108507645,false,ביסקוויט פריך בשוקול,,,ביסקוויט פריך בשוקול,,100.00,100 גרם,false,,7.90,0.0790,true,1,163374
7290108507652,false,ביסקויט פריך בשוקולד,,,ביסקויט פריך בשוקולד,,100.00,100 גרם,false,,7.90,0.0790,true,1,163375
7290108508475,false,משקה יוגורט עם תות ש,,,משקה יוגורט עם תות ש,,293.00,"100 מ""ל",false,,5.90,0.0201,true,1,160590
7290108508499,false,איירן משקה יוגורט בס,,,איירן משקה יוגורט בס,,293.00,"100 מ""ל",false,,5.90,0.0201,true,1,160586
7290108509113,false,גבינה בולגרית מעודנת,,,גבינה בולגרית מעודנת,,250.00,100 גרם,false,,12.90,0.0516,true,1,162978
7290108509731,false,איירן משקה יוגורט בס,,,איירן משקה יוגורט בס,,1000.00,"100 מ""ל",false,,15.90,0.0159,true,1,162975
7290109351025,false,חומוסטחינה צבר 400גר,,,חומוסטחינה צבר 400גר,,400.00,100 גרם,false,,15.50,0.0388,true,1,88541
7290109358482,false,קרמוגית במילוי חלווה,קריות זול,,קרמוגית במילוי חלווה,,200.00,100 גרם,false,,12.90,0.0645,true,1,139524
7290109580111,false,צלעות אסאדו מעושנות,,,צלעות אסאדו מעושנות,,120.00,100 גרם,false,,25.90,0.2158,true,1,163088
7290109580159,false,פסטרמה בנוסח טוסקנה,,,פסטרמה בנוסח טוסקנה,,180.00,"100 מ""ל",false,,25.90,0.1439,true,1,159970
7290109580241,false,נאגטס מן הצומח 500גר,,,נאגטס מן הצומח 500גר,,500.00,100 גרם,false,,25.90,0.0518,true,1,164331
7290109580432,false,פסטרמה בדחזה הודו מע,,,פסטרמה בדחזה הודו מע,,120.00,100 גרם,false,,14.90,0.1242,true,1,164329
7290109920313,false,אסטוניש מרסס מבריק ש,,,אסטוניש מרסס מבריק ש,,750.00,"100 מ""ל",false,,16.90,0.0225,true,1,135576
7290109920627,false,אסטוניש קרם אמבט אקו,,,אסטוניש קרם אמבט אקו,,500.00,"100 מ""ל",false,,19.90,0.0398,true,1,136920
7290109921587,false,הפי לרצפית גרנית פור,,,הפי לרצפית גרנית פור,,1250.00,"100 מ""ל",false,,15.90,0.0127,true,1,150088
7290109923031,false,אסטוניש מרסס פרמיום,,,אסטוניש מרסס פרמיום,,750.00,"100 מ""ל",false,,15.90,0.0212,true,1,163429
7290110110277,false,סיידר סומרסבי רביעיי,,,סיידר סומרסבי רביעיי,,1320.00,"100 מ""ל",false,,37.90,0.0287,true,1,144887
7290110110369,false,בירה קרלסברג לומה בק,קריות זול,,בירה קרלסברג לומה בק,,1980.00,100 גרם,false,,38.90,0.0196,true,1,157823
7290110110574,false,קוקה קולה סליק זירו,,,קוקה קולה סליק זירו,,330.00,"100 מ""ל",false,,7.00,0.0212,true,1,137938
7290110110659,false,"ספרייט סליק 330 מ""ל",,,"ספרייט סליק 330 מ""ל",,330.00,"100 מ""ל",false,,7.00,0.0212,true,1,137125
7290110114787,false,נביעות+ תפוח 1.5ליטר,,,נביעות+ תפוח 1.5ליטר,,1500.00,"100 מ""ל",false,,9.90,0.0066,true,1,162685
7290110114794,false,נביעות+ אפרסק 1.5ליט,,,נביעות+ אפרסק 1.5ליט,,1500.00,"100 מ""ל",false,,9.90,0.0066,true,1,162686
7290110114800,false,נביעות+ ענבים 1.5ליט,,,נביעות+ ענבים 1.5ליט,,1500.00,"100 מ""ל",false,,9.90,0.0066,true,1,162687
7290110114855,false,נביעות שישייה 6*1.5ל,קריות זול,,נביעות שישייה 6*1.5ל,,9000.00,"100 מ""ל",false,,14.70,0.0016,true,1,162556
7290110114893,false,סחוט תפוז 2ליטר,,,סחוט תפוז 2ליטר,,2000.00,"100 מ""ל",false,,29.90,0.0150,true,1,162550
7290110114954,false,סחוט 2ליטר מתקתק 100,,,סחוט 2ליטר מתקתק 100,,2000.00,"100 מ""ל",false,,25.90,0.0130,true,1,162553
7290110114961,false,משקה קל בטעם תפוזים,,,משקה קל בטעם תפוזים,,1500.00,"100 מ""ל",false,,9.90,0.0066,true,1,162692
7290110114985,false,משקה קל בטעם אשכוליו,,,משקה קל בטעם אשכוליו,,1500.00,100 גרם,false,,9.90,0.0066,true,1,162694
7290110114992,false,פריגת אשכולית לייט 1,,,פריגת אשכולית לייט 1,,1500.00,"100 מ""ל",false,,9.90,0.0066,true,1,162695
7290110115005,false,משקה קל בטעם ענבים פ,,,משקה קל בטעם ענבים פ,,1500.00,"100 מ""ל",false,,9.90,0.0066,true,1,162696
7290110115036,false,פריגת משקה קל מנגו,,,פריגת משקה קל מנגו,,1500.00,"100 מ""ל",false,,9.90,0.0066,true,1,162699
7290110115043,false,משקה קל בטעם לימונענ,,,משקה קל בטעם לימונענ,,1500.00,"100 מ""ל",false,,9.90,0.0066,true,1,162700
7290110115128,false,פריגת צלול בטעם לימו,,,פריגת צלול בטעם לימו,,1500.00,"100 מ""ל",false,,9.90,0.0066,true,1,162710
7290110115180,false,נביעות 1.5 ליטר,,,נביעות 1.5 ליטר,,1500.00,"100 מ""ל",false,,2.90,0.0019,true,1,162788
7290110115203,false,קוקה קולה 1.5 ליטר,,,קוקה קולה 1.5 ליטר,,1500.00,100 גרם,false,,9.50,0.0063,true,1,162562
7290110115210,false,קוקה קולה דיאט 1.5ל,,,קוקה קולה דיאט 1.5ל,,1500.00,100 גרם,false,,9.50,0.0063,true,1,162563
7290110115227,false,קוקה קולה זירו בקבוק,,,קוקה קולה זירו בקבוק,,1500.00,100 גרם,false,,9.50,0.0063,true,1,162564
7290110115234,false,קוקה קולה זירו נטול,,,קוקה קולה זירו נטול,,1500.00,"100 מ""ל",false,,9.50,0.0063,true,1,162565
7290110115241,false,קוקה קולה זירו לימון,,,קוקה קולה זירו לימון,,1500.00,"100 מ""ל",false,,9.50,0.0063,true,1,162566
7290110115265,false,ספרייט ליים 1.5ליטר,,,ספרייט ליים 1.5ליטר,,1500.00,100 גרם,false,,9.50,0.0063,true,1,162660
7290110115272,false,ספרייט זירו 1.5ליטר,,,ספרייט זירו 1.5ליטר,,1500.00,100 גרם,false,,9.50,0.0063,true,1,162661
7290110115289,false,ספרייט 19 קלוריות לי,,,ספרייט 19 קלוריות לי,,1500.00,"100 מ""ל",false,,9.50,0.0063,true,1,162662
7290110115296,false,פאנטה אורנג 1.5ליטר,,,פאנטה אורנג 1.5ליטר,,1500.00,100 גרם,false,,9.50,0.0063,true,1,162713
7290110115302,false,פאנטה זירו אורנג 1.5,,,פאנטה זירו אורנג 1.5,,1500.00,"100 מ""ל",false,,9.50,0.0063,true,1,162714
7290110115319,false,פאנטה אקזוטיק 1.5ליט,,,פאנטה אקזוטיק 1.5ליט,,1500.00,"100 מ""ל",false,,9.50,0.0063,true,1,162715
7290110115357,false,קינלי סודה 1.5ליטר,קריות זול,,קינלי סודה 1.5ליטר,,1500.00,"100 מ""ל",false,,4.80,0.0032,true,1,162665
7290110115371,false,קוקה קולה דיאט שישיי,,,קוקה קולה דיאט שישיי,,9000.00,"100 מ""ל",false,,53.90,0.0060,true,1,162569
7290110115395,false,ספרייט זירו שישייה 6,,,ספרייט זירו שישייה 6,,9000.00,"100 מ""ל",false,,53.90,0.0060,true,1,162712
7290110115401,false,קינלי סודה מארז שישי,,,קינלי סודה מארז שישי,,9000.00,"100 מ""ל",false,,21.70,0.0024,true,1,162720
7290110115418,false,קוקה קולה זירו שישיי,,,קוקה קולה זירו שישיי,,9000.00,"100 מ""ל",false,,53.90,0.0060,true,1,162659
7290110115449,false,פיוז טי מנגו אננס 1.,,,פיוז טי מנגו אננס 1.,,1500.00,"100 מ""ל",false,,10.90,0.0073,true,1,162669
7290110115463,false,פיוז טי אפרסק 1.5ליט,,,פיוז טי אפרסק 1.5ליט,,1500.00,100 גרם,false,,10.90,0.0073,true,1,162671
7290110115586,false,פריגת תפוזים 40% פחו,,,פריגת תפוזים 40% פחו,,1500.00,"100 מ""ל",false,,9.90,0.0066,true,1,162461
7290110115777,false,נביעות 1.5 ליטר,,,נביעות 1.5 ליטר,,1500.00,"100 מ""ל",false,,2.90,0.0019,true,1,162789
7290110115821,false,ספרייט ליים 1.5ליטר,,,ספרייט ליים 1.5ליטר,,1500.00,"100 מ""ל",false,,9.50,0.0063,true,1,162806
7290110115838,false,ספרייט זירו 1.5ליטר,,,ספרייט זירו 1.5ליטר,,1500.00,100 גרם,false,,9.50,0.0063,true,1,162807
7290110115845,false,קוקה קולה 1.5 ליטר,,,קוקה קולה 1.5 ליטר,,1500.00,100 גרם,false,,9.50,0.0063,true,1,162784
7290110115852,false,קוקה קולה דיאט 1.5ל,,,קוקה קולה דיאט 1.5ל,,1500.00,100 גרם,false,,9.50,0.0063,true,1,162808
7290110115869,false,קוקה קולה זירו בקבוק,,,קוקה קולה זירו בקבוק,,1500.00,100 גרם,false,,9.50,0.0063,true,1,162785
7290110115876,false,קינלי סודה 1.5ליטר,קריות זול,,קינלי סודה 1.5ליטר,,1500.00,100 גרם,false,,4.80,0.0032,true,1,162809
7290110115968,false,קוקה קולה 1ליטר,,,קוקה קולה 1ליטר,,1000.00,"100 מ""ל",false,,7.70,0.0077,true,1,163408
7290110115975,false,קוקה קולה זירו 1ליטר,,,קוקה קולה זירו 1ליטר,,1000.00,"100 מ""ל",false,,7.70,0.0077,true,1,163413
7290110116194,false,נביעות+לימון ליים 0,,,נביעות+לימון ליים 0,,1500.00,100 גרם,false,,10.90,0.0073,true,1,164964
7290110116217,false,נביעות+אשכולית 0 קלו,,,נביעות+אשכולית 0 קלו,,1500.00,100 גרם,false,,10.90,0.0073,true,1,164965
7290110320591,false,בולגרית 16% במרקם מע,,,בולגרית 16% במרקם מע,,250.00,100 גרם,false,,23.90,0.0956,true,1,133699
7290110320867,false,פתיתי עמק גבינה צהוב,,,פתיתי עמק גבינה צהוב,,500.00,"100 מ""ל",false,,35.80,0.0716,true,1,136406
7290110321277,false,קוטג בקטנה 5% מהדרין,קריות זול,,קוטג בקטנה 5% מהדרין,,100.00,100 גרם,false,,2.90,0.0290,true,1,136367
7290110322014,false,טופו טבעי 300 גרם,,,טופו טבעי 300 גרם,,300.00,100 גרם,false,,12.80,0.0427,true,1,138115
7290110322021,false,טופו בזיליקום 300 גר,,,טופו בזיליקום 300 גר,,300.00,100 גרם,false,,12.80,0.0427,true,1,138116
7290110322038,false,טופו פיקנטי 300 גרם,,,טופו פיקנטי 300 גרם,,300.00,100 גרם,false,,12.80,0.0427,true,1,138117
7290110323585,false,יופלה GO יוגורט עם ד,,,יופלה GO יוגורט עם ד,,200.00,100 גרם,false,,5.90,0.0295,true,1,139295
7290110324353,false,יופלה GO לייט בטעם א,,,יופלה GO לייט בטעם א,,200.00,100 גרם,false,,5.90,0.0295,true,1,140476
7290110324711,false,ממרח סויה 9% בטעם טב,קריות זול,,ממרח סויה 9% בטעם טב,,250.00,100 גרם,false,,8.90,0.0356,true,1,141083
7290110324841,false,מעדן שקדים עם שוקולד,קריות זול,,מעדן שקדים עם שוקולד,,125.00,100 גרם,false,,4.50,0.0360,true,1,150383
7290110325312,false,מעדן סויה גו בטעם תו,,,מעדן סויה גו בטעם תו,,200.00,"100 מ""ל",false,,5.90,0.0295,true,1,150386
7290110325701,false,פיראוס צזיקי יווני 9,,,פיראוס צזיקי יווני 9,,250.00,"100 מ""ל",false,,12.90,0.0516,true,1,155910
7290110325893,false,משקה חלב גו אייס קפה,קריות זול,,משקה חלב גו אייס קפה,,340.00,100 גרם,false,,8.50,0.0250,true,1,155497
7290110326210,false,יופלה און טופ פצפוצי,,,יופלה און טופ פצפוצי,,157.00,"100 מ""ל",false,,4.90,0.0312,true,1,156785
7290110326234,false,יופלה און טופ כוכבים,,,יופלה און טופ כוכבים,,157.00,100 גרם,false,,4.90,0.0312,true,1,156787
7290110327545,false,יופלה און טופ תות בת,,,יופלה און טופ תות בת,,157.00,100 גרם,false,,4.90,0.0312,true,1,159142
7290110328092,false,פיראוס פטה יוונית קו,,,פיראוס פטה יוונית קו,,150.00,100 גרם,false,,19.80,0.1320,true,1,160957
7290110328627,false,יוגורט גו סמיך 0% בנ,,IL,יוגורט גו סמיך 0% בנ,,200.00,100 גרם,false,,5.90,0.0295,true,1,160945
7290110328788,false,יוגורט גו סמיך 0% אפ,,IL,יוגורט גו סמיך 0% אפ,,200.00,100 גרם,false,,5.90,0.0295,true,1,160948
7290110329686,false,משקה חלב גו בטעם עוג,,,משקה חלב גו בטעם עוג,,340.00,"100 מ""ל",false,,8.50,0.0250,true,1,162338
7290110329730,false,משקה חלב עם שוקולד ו,,,משקה חלב עם שוקולד ו,,230.00,"100 מ""ל",false,,7.90,0.0343,true,1,163976
7290110329792,false,סויה ביו אפרסק 150 ג,,,סויה ביו אפרסק 150 ג,,150.00,"100 מ""ל",false,,4.90,0.0327,true,1,162861
7290110329808,false,סויה ביו תות 150 ג א,,,סויה ביו תות 150 ג א,,150.00,"100 מ""ל",false,,4.90,0.0327,true,1,162858
7290110329822,false,סויה ביו פירות יער ג,,,סויה ביו פירות יער ג,,150.00,100 גרם,false,,4.90,0.0327,true,1,162857
7290110329846,false,סויה ביו טבעי 150 גר,,,סויה ביו טבעי 150 גר,,150.00,"100 מ""ל",false,,4.90,0.0327,true,1,162862
7290110550226,false,מטבעות שוקולד מריר ל,,,מטבעות שוקולד מריר ל,,400.00,100 גרם,false,,32.90,0.0822,true,1,163830
7290110550370,false,משולשות קינואה ופלפל,,,משולשות קינואה ופלפל,,65.00,100 גרם,false,,10.90,0.1677,true,1,165002
7290110552220,false,דנונה פרו 20 גרם חלב,,,דנונה פרו 20 גרם חלב,,200.00,100 גרם,false,,6.50,0.0325,true,1,162816
7290110552237,false,דנונה פרו 20 גרם חלב,,,דנונה פרו 20 גרם חלב,,200.00,100 גרם,false,,6.50,0.0325,true,1,162817
7290110552817,false,מסטיק מאסט קוביות גל,,,מסטיק מאסט קוביות גל,,58.00,100 גרם,false,,10.90,0.1879,true,1,164354
7290110553173,false,פריכיות אנרגי בטעם כ,,,פריכיות אנרגי בטעם כ,,40.00,"100 מ""ל",false,,6.90,0.1725,true,1,165003
7290110553180,false,פריכיות אנרגי בטעם ת,,,פריכיות אנרגי בטעם ת,,40.00,100 גרם,false,,6.90,0.1725,true,1,165004
7290110554118,false,נודלס מלזי חריף דליש,,,נודלס מלזי חריף דליש,,350.00,100 גרם,false,,28.90,0.0826,true,1,165508
7290110554125,false,נודלס סצ'ואן חריף 35,,,נודלס סצ'ואן חריף 35,,350.00,100 גרם,false,,28.90,0.0826,true,1,165509
7290110554545,false,קפסולות אספרסו לאפוג,,,קפסולות אספרסו לאפוג,,50.00,100 גרם,false,,19.90,0.3980,true,1,164362
7290110554729,false,קפסולות אספרסו מס 04,,,קפסולות אספרסו מס 04,,50.00,100 גרם,false,,19.90,0.3980,true,1,163262
7290110555368,false,רבע לשבע טבעוני מרשמ,,,רבע לשבע טבעוני מרשמ,,125.00,100 גרם,false,,13.50,0.1080,true,1,164364
7290110555603,false,אבקה להכנת משקה שוקו,,,אבקה להכנת משקה שוקו,,360.00,100 גרם,false,,24.90,0.0692,true,1,165316
7290110555665,false,קקאו דל שומן עלית בק,,,קקאו דל שומן עלית בק,,220.00,100 גרם,false,,19.90,0.0905,true,1,165315
7290110556242,false,שוקולד מריר פרווה בד,קריות זול,,שוקולד מריר פרווה בד,,100.00,100 גרם,false,,5.90,0.0590,true,1,165005
7290110557102,false,מעדן חלב עם שוקולד 1,,,מעדן חלב עם שוקולד 1,,150.00,100 גרם,false,,5.60,0.0373,true,1,161759
7290110557133,false,מעדן הגולן וניל 125,קריות זול,,מעדן הגולן וניל 125,,125.00,"100 מ""ל",false,,3.20,0.0256,true,1,162280
7290110557478,false,אחלה חומוס גלילי 600,,,אחלה חומוס גלילי 600,,600.00,100 גרם,false,,13.90,0.0232,true,1,163852
7290110557645,false,אנרג'י מיקס צימוקים,,,אנרג'י מיקס צימוקים,,100.00,100 גרם,false,,17.90,0.1790,true,1,164689
7290110558239,false,דנונה WOW קראק פאי 1,,,דנונה WOW קראק פאי 1,,150.00,"100 מ""ל",false,,4.90,0.0327,true,1,164641
7290110558314,false,דנונה פרו 20 גרם חלב,,,דנונה פרו 20 גרם חלב,,200.00,"100 מ""ל",false,,6.50,0.0325,true,1,164644
7290110558666,false,מעדן דניאלה תפוח 150,קריות זול,,מעדן דניאלה תפוח 150,,150.00,100 גרם,false,,4.30,0.0287,true,1,165463
7290110560300,false,פריכיות משולשות-פלפל,,,פריכיות משולשות-פלפל,,30.00,"100 מ""ל",false,,5.90,0.1967,true,1,139390
7290110560324,false,פריכיות משולשות-אפונ,,,פריכיות משולשות-אפונ,,30.00,100 גרם,false,,5.90,0.1967,true,1,139392
7290110561604,false,גמדים תות בננה מעורב,,,גמדים תות בננה מעורב,,800.00,100 גרם,false,,19.70,0.0246,true,1,136562
7290110563448,false,משקה קפה קר בסיגנון,,,משקה קפה קר בסיגנון,,230.00,100 גרם,false,,7.90,0.0343,true,1,139757
7290110563462,false,חלב 2% בבקבוק נטול ל,,,חלב 2% בבקבוק נטול ל,,1000.00,100 גרם,false,,8.90,0.0089,true,1,140106
7290110564360,false,חומוס אבי עשיר ב40%,,,חומוס אבי עשיר ב40%,,400.00,"100 מ""ל",false,,14.90,0.0373,true,1,136569
7290110564742,false,משקה קפה קר בסיגנון,,,משקה קפה קר בסיגנון,,230.00,100 גרם,false,,7.90,0.0343,true,1,139758
7290110565527,false,דנונה פרו 20 גרם חלב,,,דנונה פרו 20 גרם חלב,,200.00,100 גרם,false,,6.50,0.0325,true,1,135776
7290110566975,false,דנונה פרו 20 גרם חלב,,,דנונה פרו 20 גרם חלב,,200.00,100 גרם,false,,6.50,0.0325,true,1,137554
7290110571184,false,עדשים חומות 380 ג טע,,,עדשים חומות 380 ג טע,,380.00,100 גרם,false,,6.90,0.0182,true,1,164692
7290110571375,false,אנרג'י מיקס צימוקים,,,אנרג'י מיקס צימוקים,,100.00,100 גרם,false,,17.90,0.1790,true,1,164690
7290110571382,false,מעדן חלב בטעם וניל 1,,,מעדן חלב בטעם וניל 1,,150.00,"100 מ""ל",false,,5.60,0.0373,true,1,163669
7290110571399,false,מסטיק מאסט קוביות גל,,,מסטיק מאסט קוביות גל,,58.00,100 גרם,false,,10.90,0.1879,true,1,164355
7290110571412,false,מיני פינוקיות בגביע,,,מיני פינוקיות בגביע,,180.00,100 גרם,false,,10.90,0.0606,true,1,165289
7290110571481,false,קפה נמס עלית 200גר,קריות זול,,קפה נמס עלית 200גר,,200.00,100 גרם,false,,19.90,0.0995,true,1,164356
7290110572969,false,כיף כף פצפצים קרם לב,,,כיף כף פצפצים קרם לב,,40.00,100 גרם,false,,5.90,0.1475,true,1,164684
7290110576387,false,מארז שלישיית שוקולד,,,מארז שלישיית שוקולד,,300.00,100 גרם,false,,25.90,0.0863,true,1,165007
7290110576752,false,שוקולד ספלנדיד 70% מ,,,שוקולד ספלנדיד 70% מ,,100.00,100 גרם,false,,11.90,0.1190,true,1,165286
7290110576776,false,שוקולד ספלנדיד 85% מ,,,שוקולד ספלנדיד 85% מ,,100.00,100 גרם,false,,11.90,0.1190,true,1,165287
7290110576868,false,גמדים סלט פירות 4*10,קריות זול,,גמדים סלט פירות 4*10,,400.00,"100 מ""ל",false,,11.70,0.0292,true,1,165461
7290111010200,false,תיק רב סל,,,תיק רב סל,יחידה,0.00,יחידה,false,,2.90,0.0000,true,1,140076
7290111010262,false,מגבות נייר פייפר טאו,,,מגבות נייר פייפר טאו,יחידה,0.00,יחידה,false,,11.90,0.0000,true,1,150214
7290111010293,false,נייר טואלט טוטו 48 ג,,,נייר טואלט טוטו 48 ג,,48.00,100 מ'ל,false,,34.90,0.7271,true,1,150213
7290111010330,false,מגבונים להסרת איפור,,,מגבונים להסרת איפור,יחידה,0.00,יחידה,false,,7.90,0.0000,true,1,157461
7290111010491,false,אקונומיקה 4 ליטר סן,,,אקונומיקה 4 ליטר סן,,4000.00,100 גרם,false,,14.90,0.0037,true,1,164446
7290111010507,false,נוזל כלים 18% תפוח 1,,,נוזל כלים 18% תפוח 1,,1600.00,100 גרם,false,,11.90,0.0074,true,1,164467
7290111010514,false,נוזל כלים 18% לימון,,,נוזל כלים 18% לימון,,1600.00,"100 מ""ל",false,,11.90,0.0074,true,1,164468
7290111010583,false,נייר טואלט טוטו דו ש,,,נייר טואלט טוטו דו ש,יחידה,0.00,יחידה,false,,34.90,0.0000,true,1,162417
7290111010590,false,תמרים מלך המגהול 1קג,,,תמרים מלך המגהול 1קג,,1000.00,100 גרם,false,,19.90,0.0199,true,1,162109
7290111010637,false,ערק כביר אסלי עם פסי,,,ערק כביר אסלי עם פסי,,700.00,"100 מ""ל",false,,39.90,0.0570,true,1,162778
7290111010651,false,ערק כביר אסלי בטעם א,,,ערק כביר אסלי בטעם א,,700.00,"100 מ""ל",false,,39.90,0.0570,true,1,162776
7290111010705,false,יין יערה אמרלד ריזלי,,,יין יערה אמרלד ריזלי,,750.00,"100 מ""ל",false,,29.90,0.0399,true,1,163225
7290111010736,false,יין קברנה סוביניון ש,,,יין קברנה סוביניון ש,,750.00,"100 מ""ל",false,,39.90,0.0532,true,1,163456
7290111010743,false,יין מרלו שאטו רפאלו,,,יין מרלו שאטו רפאלו,,750.00,"100 מ""ל",false,,39.90,0.0532,true,1,163457
7290111010934,false,נוזל רצפות מרוכז ספא,,,נוזל רצפות מרוכז ספא,,2000.00,100 גרם,false,,16.90,0.0084,true,1,164464
7290111010965,false,נוזל רצפות לבנדר 4 ל,,,נוזל רצפות לבנדר 4 ל,,4000.00,"100 מ""ל",false,,12.90,0.0032,true,1,164469
7290111010972,false,נוזל רצפות מאסק 4 לי,,,נוזל רצפות מאסק 4 לי,,4000.00,"100 מ""ל",false,,12.90,0.0032,true,1,164470
7290111010996,false,תמר מלך המגהול גולד,,,תמר מלך המגהול גולד,,500.00,"100 מ""ל",false,,19.90,0.0398,true,1,163940
7290111011085,false,מטליות לחות לרצפה לב,,,מטליות לחות לרצפה לב,יחידה,0.00,יחידה,false,,10.90,0.0000,true,1,165149
7290111011092,false,מטליות לחות לרצפה מר,,,מטליות לחות לרצפה מר,יחידה,0.00,יחידה,false,,10.90,0.0000,true,1,165150
7290111093005,false,מגבונים להסרת איפור,,,מגבונים להסרת איפור,יחידה,0.00,יחידה,false,,7.90,0.0000,true,1,150125
7290111285462,false,כוס במבוק ספיידרמן,,,כוס במבוק ספיידרמן,יחידה,0.00,יחידה,false,,7.90,0.0000,true,1,150979
7290111340178,false,מטליות לחות לניקוי כ,,,מטליות לחות לניקוי כ,,50.00,,false,,10.90,0.2180,true,1,134765
7290111341366,false,מפיות אירוח ניקול 15,,,מפיות אירוח ניקול 15,יחידה,0.00,יחידה,false,,11.90,0.0000,true,1,155438
7290111341373,false,לילי פסטל נייר טואלט,,,לילי פסטל נייר טואלט,,30.00,יח',false,,39.90,1.3300,true,1,138503
7290111341991,false,ליל מגבוני נייר טואל,,,ליל מגבוני נייר טואל,יחידה,0.00,יחידה,false,,8.90,0.0000,true,1,146945
7290111343117,false,קלינקס לושן סופט פק,,,קלינקס לושן סופט פק,יחידה,0.00,יחידה,false,,14.90,0.0000,true,1,160193
7290111344503,false,האגיס אקסטרא קייר מי,,,האגיס אקסטרא קייר מי,יחידה,0.00,יחידה,false,,49.90,0.0000,true,1,160042
7290111344930,false,מטליות לחות לרצפה בנ,,,מטליות לחות לרצפה בנ,,10.00,100 מ'ל,false,,12.90,1.2900,true,1,162074
7290111345814,false,נייר טואלט לילי נטור,,,נייר טואלט לילי נטור,יחידה,0.00,יחידה,false,,39.90,0.0000,true,1,163217
7290111346125,false,מגבוני האגיס דיילי ק,,,מגבוני האגיס דיילי ק,יחידה,0.00,יחידה,false,,18.90,0.0000,true,1,164584
7290111563492,false,מטבוחה חריפה צבר מרו,,,מטבוחה חריפה צבר מרו,,400.00,100 גרם,false,,13.90,0.0348,true,1,137273
7290111564239,false,מאגדת מיני קראנץ וני,,,מאגדת מיני קראנץ וני,,275.00,100 גרם,false,,29.90,0.1087,true,1,136475
7290111564277,false,פריכיות 3 דגנים דקות,,,פריכיות 3 דגנים דקות,,120.00,100 גרם,false,,11.90,0.0992,true,1,134779
7290111564727,false,קרמוגית במילוי קרם א,קריות זול,,קרמוגית במילוי קרם א,,200.00,100 גרם,false,,12.90,0.0645,true,1,135898
7290111566226,false,שניצל ברוקולי טבעול,קריות זול,,שניצל ברוקולי טבעול,,667.00,"100 מ""ל",false,,35.90,0.0538,true,1,136442
7290111566318,false,שניצל דק מן הצומח טב,,,שניצל דק מן הצומח טב,,564.00,100 גרם,false,,35.90,0.0637,true,1,136441
7290111566332,false,נקניקיות וינר צמחוני,,,נקניקיות וינר צמחוני,,680.00,"100 מ""ל",false,,35.90,0.0528,true,1,136443
7290111566417,false,טחון צמחוני טבעול 50,,,טחון צמחוני טבעול 50,,500.00,100 גרם,false,,35.90,0.0718,true,1,136454
7290111930805,false,קראנצוס ברביקיו  55,,,קראנצוס ברביקיו  55,,55.00,"100 מ""ל",false,,4.30,0.0782,true,1,142365
7290111937248,false,פרי חטיפי תמרים קשיו,,,פרי חטיפי תמרים קשיו,,125.00,100 גרם,false,,18.90,0.1512,true,1,140589
7290112000842,false,מטליות לחות מנקה ומח,,,מטליות לחות מנקה ומח,יחידה,0.00,יחידה,false,,15.90,0.0000,true,1,139094
7290112000873,false,מטליות לחות מנקה ומח,,,מטליות לחות מנקה ומח,יחידה,0.00,יחידה,false,,15.90,0.0000,true,1,139106
7290112004314,false,דטול תרסיס מנקה ומחט,,,דטול תרסיס מנקה ומחט,,750.00,"100 מ""ל",false,,15.90,0.0212,true,1,161506
7290112004321,false,דטול מטליות לחות לני,,,דטול מטליות לחות לני,יחידה,0.00,יחידה,false,,15.90,0.0000,true,1,161507
7290112195241,false,לחמניות נקניקייה 4יח,,,לחמניות נקניקייה 4יח,,330.00,100 גרם,false,,13.90,0.0421,true,1,159263
7290112195258,false,לחמניות המבורגר 4יח',,,לחמניות המבורגר 4יח',,360.00,100 גרם,false,,13.90,0.0386,true,1,159264
7290112330352,false,דנונה פרו וניל 0% שו,,,דנונה פרו וניל 0% שו,,200.00,"100 מ""ל",false,,6.50,0.0325,true,1,140319
7290112330390,false,דנונה פרו 20 גרם פיר,,,דנונה פרו 20 גרם פיר,,200.00,100 גרם,false,,6.50,0.0325,true,1,140320
7290112332585,false,"פריכיות תפו""א/אורז/ב",,,"פריכיות תפו""א/אורז/ב",,30.00,"100 מ""ל",false,,5.90,0.1967,true,1,140792
7290112332691,false,עוגיות קרם פסק זמן א,,,עוגיות קרם פסק זמן א,,200.00,"100 מ""ל",false,,10.90,0.0545,true,1,146870
7290112332899,false,בזוקה פופים קלאסי 58,,,בזוקה פופים קלאסי 58,,58.00,100 גרם,false,,10.90,0.1879,true,1,140795
7290112335111,false,מאסט מסטיק קוביות בט,,,מאסט מסטיק קוביות בט,,86.00,100 גרם,false,,14.90,0.1733,true,1,140372
7290112336637,false,מאסט סוכריות יוגורט,,,מאסט סוכריות יוגורט,,80.00,"100 מ""ל",false,,9.40,0.1175,true,1,150181
7290112336644,false,מאסט סוכריות לימון ל,,,מאסט סוכריות לימון ל,,80.00,100 גרם,false,,9.40,0.1175,true,1,150182
7290112336712,false,דנונה פרו 21 עשיר בח,,,דנונה פרו 21 עשיר בח,,200.00,"100 מ""ל",false,,6.50,0.0325,true,1,140105
7290112337474,false,מאסט סוכריות פטל לימ,,,מאסט סוכריות פטל לימ,,80.00,100 גרם,false,,9.40,0.1175,true,1,150183
7290112337481,false,מאסט סוכריות קפוצ'ינ,,,מאסט סוכריות קפוצ'ינ,,80.00,"100 מ""ל",false,,9.40,0.1175,true,1,150185
7290112339867,false,גמדים סקוויז תות 100,,,גמדים סקוויז תות 100,,100.00,"100 מ""ל",false,,5.90,0.0590,true,1,139754
7290112339874,false,גמדים סקוויז תות בננ,,,גמדים סקוויז תות בננ,,100.00,"100 מ""ל",false,,5.90,0.0590,true,1,139755
7290112340122,false,פריכיות הטעימות 3 דג,,,פריכיות הטעימות 3 דג,,135.00,100 גרם,false,,13.90,0.1030,true,1,140791
7290112340245,false,מסטיק מאסט דובדבן מג,,,מסטיק מאסט דובדבן מג,,66.00,100 גרם,false,,10.90,0.1652,true,1,140238
7290112341679,false,אקטיביה 3% 200 גרם,,,אקטיביה 3% 200 גרם,,150.00,"100 מ""ל",false,,3.90,0.0260,true,1,150138
7290112341686,false,אקטיביה 3% מארז שמינ,,,אקטיביה 3% מארז שמינ,,1200.00,"100 מ""ל",false,,21.90,0.0182,true,1,150139
7290112342102,false,גבינת סימפוניה בצל מ,,,גבינת סימפוניה בצל מ,,200.00,"100 מ""ל",false,,11.90,0.0595,true,1,155543
7290112343420,false,שייק פרו ארוחת בוקר,,,שייק פרו ארוחת בוקר,,350.00,100 גרם,false,,7.70,0.0220,true,1,151099
7290112343499,false,ציטוס פופס 55גרם,,,ציטוס פופס 55גרם,,55.00,"100 מ""ל",false,,4.10,0.0745,true,1,161991
7290112344755,false,מילקי בטעם שוקולד עם,,,מילקי בטעם שוקולד עם,,135.00,100 גרם,false,,2.90,0.0215,true,1,159372
7290112346360,false,בפלות בציפוי שוקולד,,,בפלות בציפוי שוקולד,,180.00,100 גרם,false,,14.90,0.0828,true,1,155575
7290112347008,false,גמדים סקוויז ארוחת ב,,,גמדים סקוויז ארוחת ב,,100.00,100 גרם,false,,5.90,0.0590,true,1,151102
7290112348142,false,שעועית לבנה ט.הטבע ק,,,שעועית לבנה ט.הטבע ק,,380.00,100 גרם,false,,6.90,0.0182,true,1,157049
7290112349606,false,דניאלה בטעם תות בננה,,,דניאלה בטעם תות בננה,,88.00,100 מ'ל,false,,4.30,0.0489,true,1,162818
7290112349750,false,רוטב עגבניות לפיצה 3,,,רוטב עגבניות לפיצה 3,,350.00,100 גרם,false,,12.90,0.0369,true,1,155937
7290112350275,false,קפסולות למכונת נספרס,,,קפסולות למכונת נספרס,,50.00,100 גרם,false,,19.90,0.3980,true,1,155869
7290112350589,false,אבקה ציקו 65 גרם,,,אבקה ציקו 65 גרם,,65.00,100 גרם,false,,12.90,0.1985,true,1,157562
7290112351258,false,פינוקיות שחור לבן 20,,,פינוקיות שחור לבן 20,,200.00,100 גרם,false,,10.90,0.0545,true,1,158429
7290112351470,false,שלישיית סוכריות פרש,,,שלישיית סוכריות פרש,,45.00,100 גרם,false,,9.90,0.2200,true,1,157301
7290112353412,false,פריכיות משולשות תפוא,,,פריכיות משולשות תפוא,,30.00,"100 מ""ל",false,,5.90,0.1967,true,1,158428
7290112354211,false,פיצה מרגריטה 400גרם,,,פיצה מרגריטה 400גרם,,400.00,100 גרם,false,,27.90,0.0697,true,1,165512
7290112355027,false,דנונה פרו 20 בטעם קר,,,דנונה פרו 20 בטעם קר,,200.00,100 גרם,false,,6.50,0.0325,true,1,159369
7290112355102,false,גמדים סקוויז סלט פיר,,,גמדים סקוויז סלט פיר,,100.00,"100 מ""ל",false,,5.90,0.0590,true,1,159951
7290112357045,false,עגבניות איטלקיות מרו,,,עגבניות איטלקיות מרו,,390.00,100 גרם,false,,6.90,0.0177,true,1,157046
7290112357083,false,אפונת גינה ט.הטבע קו,,,אפונת גינה ט.הטבע קו,,380.00,"100 מ""ל",false,,6.90,0.0182,true,1,157048
7290112357113,false,גרגרי חומוס ט.הטבע ק,,,גרגרי חומוס ט.הטבע ק,,380.00,100 גרם,false,,6.90,0.0182,true,1,157044
7290112357175,false,קפסולות למכונת נספרס,,,קפסולות למכונת נספרס,,50.00,100 גרם,false,,19.90,0.3980,true,1,155870
7290112357892,false,שלישיית סוכריות פרש,,,שלישיית סוכריות פרש,,45.00,100 גרם,false,,9.90,0.2200,true,1,157303
7290112358127,false,דנונה פרו 20גר חלבון,,,דנונה פרו 20גר חלבון,,200.00,100 גרם,false,,6.70,0.0335,true,1,158990
7290112359353,false,אלדין קפה טורקי 200ג,,,אלדין קפה טורקי 200ג,,200.00,"100 מ""ל",false,,19.90,0.0995,true,1,163424
7290112490032,false,נמס בכוס קנור תירס,,,נמס בכוס קנור תירס,יחידה,0.00,יחידה,false,,7.90,0.0000,true,1,138878
7290112490117,false,קליק שוקולד וופל ואג,,,קליק שוקולד וופל ואג,,85.00,100 גרם,false,,6.90,0.0812,true,1,138935
7290112490209,false,נמס בכוס קנור עגבניו,,,נמס בכוס קנור עגבניו,,56.00,"100 מ""ל",false,,7.90,0.1411,true,1,138911
7290112490230,false,נמס בכוס קנור אפונה,,,נמס בכוס קנור אפונה,,50.00,100 גרם,false,,7.90,0.1580,true,1,138913
7290112490650,false,קונפיטורה 778 תות שד,,,קונפיטורה 778 תות שד,,340.00,100 גרם,false,,15.90,0.0468,true,1,138914
7290112490742,false,מרק עשיר פטריות גריס,,,מרק עשיר פטריות גריס,,104.00,100 גרם,false,,12.90,0.1240,true,1,138891
7290112490896,false,רוטב צילי חריף קנור,קריות זול,,רוטב צילי חריף קנור,,370.00,100 גרם,false,,15.90,0.0430,true,1,139338
7290112491770,false,בייגלה דקים דקים מלח,קריות זול,,בייגלה דקים דקים מלח,,300.00,100 גרם,false,,11.90,0.0397,true,1,139972
7290112491787,false,בייגלה דקים דקים שומ,קריות זול,,בייגלה דקים דקים שומ,,300.00,100 גרם,false,,11.90,0.0397,true,1,139973
7290112491794,false,בייגלה דקים דקים שמנ,קריות זול,,בייגלה דקים דקים שמנ,,300.00,"100 מ""ל",false,,11.90,0.0397,true,1,139974
7290112492449,false,פינוק שמפו לשיער רגי,קריות זול,,פינוק שמפו לשיער רגי,,700.00,100 גרם,false,,13.90,0.0199,true,1,156344
7290112492593,false,פינוק תחליב רחצה קלא,,,פינוק תחליב רחצה קלא,,700.00,"100 מ""ל",false,,13.90,0.0199,true,1,150932
7290112492609,false,פינוק תחליב רחצה לבנ,,,פינוק תחליב רחצה לבנ,,700.00,"100 מ""ל",false,,13.90,0.0199,true,1,150933
7290112492630,false,פינוק שמפו 3ב-1 לגבר,,,פינוק שמפו 3ב-1 לגבר,,700.00,"100 מ""ל",false,,13.90,0.0199,true,1,150936
7290112492982,false,קנור א.מרק פטריות רכ,,,קנור א.מרק פטריות רכ,,400.00,100 גרם,false,,25.90,0.0647,true,1,150925
7290112492999,false,"מרק טעם עוף קנור בד""",,,"מרק טעם עוף קנור בד""",,400.00,100 גרם,false,,16.90,0.0422,true,1,151014
7290112493088,false,נמס בכוס קנור עדשים,,,נמס בכוס קנור עדשים,,54.00,100 גרם,false,,7.90,0.1463,true,1,146717
7290112493095,false,נמס בכוס קנורעגבניות,,,נמס בכוס קנורעגבניות,,48.00,"100 מ""ל",false,,7.90,0.1646,true,1,146718
7290112494153,false,קנור תיבולית בניחוח,קריות זול,,קנור תיבולית בניחוח,יחידה,0.00,יחידה,false,,10.90,0.0000,true,1,156535
7290112494238,false,קליק כדורים חלב תפזו,,,קליק כדורים חלב תפזו,,65.00,100 גרם,false,,7.00,0.1077,true,1,150490
7290112494283,false,קליק מעורב חום לבן ת,,,קליק מעורב חום לבן ת,,65.00,"100 מ""ל",false,,7.00,0.1077,true,1,150498
7290112494313,false,קליק קורנפלקס תפזורת,,,קליק קורנפלקס תפזורת,,65.00,100 גרם,false,,7.00,0.1077,true,1,150500
7290112494351,false,קורנפלקס של אלופים 8,קריות זול,,קורנפלקס של אלופים 8,,850.00,100 גרם,false,,19.90,0.0234,true,1,156342
7290112494795,false,בדין גל כביסה לבנה ו,,,בדין גל כביסה לבנה ו,,2500.00,"100 מ""ל",false,,32.90,0.0132,true,1,151017
7290112495037,false,קוקומן כדורים 375גר,,,קוקומן כדורים 375גר,,375.00,"100 מ""ל",false,,22.90,0.0611,true,1,150483
7290112495280,false,ברנפלקס ריבועי קינמו,,,ברנפלקס ריבועי קינמו,,500.00,100 גרם,false,,23.90,0.0478,true,1,155688
7290112495747,false,רוטב צ'ילי מופחת סוכ,,,רוטב צ'ילי מופחת סוכ,,340.00,100 גרם,false,,15.90,0.0468,true,1,155673
7290112496218,false,רוטב טריאקי פחות50%,,,רוטב טריאקי פחות50%,,340.00,100 גרם,false,,15.90,0.0468,true,1,156069
7290112496294,false,פתית צ'יפס אפונה בתו,,,פתית צ'יפס אפונה בתו,,0.00,100 גרם,false,,4.90,0.0000,true,1,157436
7290112497123,false,סחלב תערובת להכנה 11,,,סחלב תערובת להכנה 11,,112.00,100 גרם,false,,14.90,0.1330,true,1,158875
7290112497499,false,קליק טבלה שוקולד לבן,,,קליק טבלה שוקולד לבן,,85.00,"100 מ""ל",false,,6.90,0.0812,true,1,161112
7290112498441,false,רוטב אסייתי למוקפץ ק,,,רוטב אסייתי למוקפץ ק,,370.00,100 גרם,false,,15.90,0.0430,true,1,160514
7290112498748,false,מאגדת מיני סולרו וני,,,מאגדת מיני סולרו וני,יחידה,0.00,יחידה,false,,25.90,0.0000,true,1,160322
7290112498922,false,מיני מגנום לבן 250גר,,,מיני מגנום לבן 250גר,,250.00,"100 מ""ל",false,,29.90,0.1196,true,1,160396
7290112499097,false,מאגדת מיני מגנום מרי,,,מאגדת מיני מגנום מרי,,240.00,"100 מ""ל",false,,29.90,0.1246,true,1,163112
7290112499943,false,מיני מגנום קלאסיק שו,,,מיני מגנום קלאסיק שו,,250.00,100 גרם,false,,29.90,0.1196,true,1,155288
7290112960856,false,אקסטרים מטבע שוקולד,,,אקסטרים מטבע שוקולד,,115.00,100 גרם,false,,11.90,0.1035,true,1,141057
7290112961266,false,בייגלה כפיות פיוזור,,,בייגלה כפיות פיוזור,,300.00,100 גרם,false,,12.50,0.0417,true,1,140210
7290112961464,false,פיטנס חטיפי פריכיות,,,פיטנס חטיפי פריכיות,,60.00,100 גרם,false,,8.90,0.1483,true,1,139859
7290112962287,false,טבעול שווארמה טבעוני,,,טבעול שווארמה טבעוני,,450.00,100 גרם,false,,35.90,0.0798,true,1,155701
7290112963918,false,פיטנס קרקר דק רוזמרי,,,פיטנס קרקר דק רוזמרי,,140.00,100 גרם,false,,12.90,0.0921,true,1,146769
7290112964458,false,רוטב ויניגרט לסלט אס,,,רוטב ויניגרט לסלט אס,,295.00,100 גרם,false,,12.90,0.0437,true,1,140949
7290112964472,false,רוטב שום לסלט אסם 29,,,רוטב שום לסלט אסם 29,,290.00,100 גרם,false,,12.90,0.0445,true,1,140950
7290112964564,false,רוטב אלף האיים לייט,,,רוטב אלף האיים לייט,,295.00,100 גרם,false,,12.90,0.0437,true,1,140951
7290112964625,false,רוטב שום לייט לסלט א,,,רוטב שום לייט לסלט א,,310.00,100 גרם,false,,12.90,0.0416,true,1,140952
7290112966001,false,טבעול גורמה ארוחת יר,,,טבעול גורמה ארוחת יר,,450.00,"100 מ""ל",false,,38.90,0.0864,true,1,163956
7290112966124,false,פתי בר מופחת סוכר אס,,,פתי בר מופחת סוכר אס,,500.00,100 גרם,false,,12.90,0.0258,true,1,151050
7290112966803,false,פודינג שוקולד אסם 88,קריות זול,,פודינג שוקולד אסם 88,,88.00,100 גרם,false,,6.30,0.0716,true,1,151022
7290112967114,false,פיטנס חטיפי פריכיות,,,פיטנס חטיפי פריכיות,,60.00,100 גרם,false,,9.50,0.1583,true,1,156055
7290112967138,false,בייגלה שמיניות ללא ג,,,בייגלה שמיניות ללא ג,,250.00,100 גרם,false,,14.50,0.0580,true,1,151041
7290112967381,false,פיטנס חטיפי פריכיות,,,פיטנס חטיפי פריכיות,,60.00,100 גרם,false,,9.50,0.1583,true,1,156056
7290112968807,false,פיטנס קרקר דק סלק 14,,,פיטנס קרקר דק סלק 14,,140.00,"100 מ""ל",false,,12.90,0.0921,true,1,158607
7290112968821,false,פיטנס קרקר דק בטטה 1,,,פיטנס קרקר דק בטטה 1,,140.00,"100 מ""ל",false,,12.90,0.0921,true,1,158609
7290113190450,false,ממרח תמרים 450 גרם ש,,,ממרח תמרים 450 גרם ש,,450.00,100 גרם,false,,6.90,0.0153,true,1,140095
7290113192171,false,מיקס אגוזים שקדים וח,,,מיקס אגוזים שקדים וח,,150.00,100 גרם,false,,10.90,0.0727,true,1,157575
7290113192324,false,זית ירוק 340גרם בית,,,זית ירוק 340גרם בית,,340.00,100 גרם,false,,10.90,0.0321,true,1,156441
7290113192355,false,חרוזית ירוק 275גרם ב,,,חרוזית ירוק 275גרם ב,,275.00,"100 מ""ל",false,,11.50,0.0418,true,1,156815
7290113192362,false,טבעות זיתים ירוקים 2,,,טבעות זיתים ירוקים 2,,280.00,100 גרם,false,,11.90,0.0425,true,1,156816
7290113192379,false,זיתים ירוקים מבוקעים,,,זיתים ירוקים מבוקעים,,340.00,100 גרם,false,,11.90,0.0350,true,1,156817
7290113192393,false,קוקטייל זיתים 336גרם,,,קוקטייל זיתים 336גרם,,336.00,"100 מ""ל",false,,12.70,0.0378,true,1,156819
7290113192478,false,מלפפון במלח בינוניים,,,מלפפון במלח בינוניים,,320.00,"100 מ""ל",false,,9.90,0.0309,true,1,156826
7290113192508,false,מלפפון במלח קטנים 13,,,מלפפון במלח קטנים 13,,320.00,100 גרם,false,,10.90,0.0341,true,1,156829
7290113192515,false,מלפפון במלח 18-25 קט,,,מלפפון במלח 18-25 קט,,320.00,"100 מ""ל",false,,13.90,0.0434,true,1,156833
7290113192539,false,מלפפון במלח גדולים 7,,,מלפפון במלח גדולים 7,,320.00,100 גרם,false,,7.90,0.0247,true,1,156835
7290113192546,false,מלפפון בחומץ גדולים,,,מלפפון בחומץ גדולים,,290.00,"100 מ""ל",false,,7.90,0.0272,true,1,156837
7290113192881,false,טורטיה חיטה מופחתת ק,,,טורטיה חיטה מופחתת ק,,270.00,100 גרם,false,,9.90,0.0367,true,1,157576
7290113193017,false,קוקטייל זיתים חרוזית,,,קוקטייל זיתים חרוזית,,275.00,"100 מ""ל",false,,14.90,0.0542,true,1,157807
7290113193673,false,זיתים שחורים יבשים ב,,,זיתים שחורים יבשים ב,,400.00,100 גרם,false,,10.90,0.0273,true,1,157571
7290113195363,false,שמן חמניות מזוכך בית,,,שמן חמניות מזוכך בית,,1000.00,"100 מ""ל",false,,11.90,0.0119,true,1,161682
7290113195967,false,שיבולת שועל 500גרם פ,,,שיבולת שועל 500גרם פ,,500.00,"100 מ""ל",false,,9.90,0.0198,true,1,159874
7290113196001,false,פסטה ספגטי שקדיה 500,,,פסטה ספגטי שקדיה 500,,500.00,100 גרם,false,,5.90,0.0118,true,1,164570
7290113196018,false,פסטה ביסלי שקדיה 500,,,פסטה ביסלי שקדיה 500,,500.00,100 גרם,false,,5.90,0.0118,true,1,164571
7290113196025,false,פסטה צינורות שקדיה 5,,,פסטה צינורות שקדיה 5,,500.00,"100 מ""ל",false,,5.90,0.0118,true,1,164572
7290113196919,false,מנה חמה אטריות אורז,קריות זול,,מנה חמה אטריות אורז,,60.00,100 גרם,false,,7.90,0.1317,true,1,164578
7290113196933,false,מנה חמה אטריות אורז,קריות זול,,מנה חמה אטריות אורז,,60.00,100 גרם,false,,7.90,0.1317,true,1,164579
7290113198579,false,סוכריות גומי דובונים,,,סוכריות גומי דובונים,,200.00,100 גרם,false,,10.00,0.0500,true,1,163539
7290113199675,false,גרנולה שיבולת שועל ע,,,גרנולה שיבולת שועל ע,,500.00,100 גרם,false,,10.90,0.0218,true,1,164128
7290113199927,false,סוכריות חמצוצים בטעמ,,,סוכריות חמצוצים בטעמ,,200.00,100 גרם,false,,10.00,0.0500,true,1,163544
7290114310222,false,חלב טרה 1.5ל 3ֵ% מעו,,,חלב טרה 1.5ל 3ֵ% מעו,,1500.00,"100 מ""ל",false,,13.50,0.0090,true,1,165079
7290114310239,false,חלב נטול לקטוז 1.5 ל,,,חלב נטול לקטוז 1.5 ל,,1500.00,"100 מ""ל",false,,13.50,0.0090,true,1,165078
7290114310338,false,צפתית מעודנת  225גר,קריות זול,,צפתית מעודנת  225גר,,225.00,100 גרם,false,,21.50,0.0956,true,1,159603
7290114310536,false,מולר אקטיב לייט יוגו,,,מולר אקטיב לייט יוגו,,200.00,100 גרם,false,,6.90,0.0345,true,1,160640
7290114311069,false,מולר אקטיב 25ג חלבון,,,מולר אקטיב 25ג חלבון,,200.00,100 גרם,false,,5.70,0.0285,true,1,163228
7290114311298,false,מולר פרופ קציפת תות,,,מולר פרופ קציפת תות,,150.00,100 גרם,false,,5.20,0.0347,true,1,164333
7290114311304,false,מולר פרופ קציפת מנגו,,,מולר פרופ קציפת מנגו,,150.00,100 גרם,false,,5.20,0.0347,true,1,164334
7290114311458,false,חלב 3% מועשר ויטמין-,,,חלב 3% מועשר ויטמין-,,1000.00,"100 מ""ל",false,,8.10,0.0081,true,1,164929
7290114311496,false,חלב מועשר 1% שומן 1ל,,,חלב מועשר 1% שומן 1ל,,1000.00,"100 מ""ל",false,,8.10,0.0081,true,1,164930
7290115073720,false,שלישיית ביצי שוקולד-,,,שלישיית ביצי שוקולד-,יחידה,0.00,יחידה,false,,12.90,0.0000,true,1,164048
7290115190014,false,מרלבורו אדום קצר,,,מרלבורו אדום קצר,יחידה,0.00,יחידה,false,,35.50,0.0000,false,1,158861
7290115190038,false,מרלבורו אדום קצר סופ,קריות זול,,מרלבורו אדום קצר סופ,יחידה,0.00,יחידה,false,,35.50,0.0000,false,1,158848
7290115190083,false,מרלבורו גולד PP פאקט,,,מרלבורו גולד PP פאקט,יחידה,0.00,יחידה,false,,355.00,0.0000,false,1,158839
7290115190090,false,מרלבורו גולד קצר,,,מרלבורו גולד קצר,יחידה,0.00,יחידה,false,,35.50,0.0000,false,1,158837
7290115190151,false,מרלבורו כחול טאצ,,,מרלבורו כחול טאצ,יחידה,0.00,יחידה,false,,35.50,0.0000,false,1,158854
7290115190335,false,אל אם בלו 100,,,אל אם בלו 100,יחידה,0.00,יחידה,false,,32.00,0.0000,false,1,160638
7290115190359,false,אל אם כחול קצר,,,אל אם כחול קצר,יחידה,0.00,יחידה,false,,32.00,0.0000,false,1,158638
7290115190595,false,נקסט אוריג'ינל,קריות זול,,נקסט אוריג'ינל,יחידה,0.00,יחידה,false,,30.00,0.0000,false,1,158836
7290115200003,false,פתי בר פינוקי וניל 2,קריות זול,,פתי בר פינוקי וניל 2,,220.00,100 גרם,false,,12.90,0.0586,true,1,157508
7290115201680,false,ביסלי ברביקיו אסם 70,,,ביסלי ברביקיו אסם 70,,70.00,100 גרם,false,,5.00,0.0714,true,1,158608
7290115201703,false,ביסלי ברביקיו אסם 20,,,ביסלי ברביקיו אסם 20,,200.00,100 גרם,false,,9.90,0.0495,true,1,158605
7290115203172,false,במבה פרו 80 גרם,קריות זול,,במבה פרו 80 גרם,,80.00,"100 מ""ל",false,,5.60,0.0700,true,1,164664
7290115204056,false,קטשופ 56% פחות סוכר,קריות זול,,קטשופ 56% פחות סוכר,,690.00,100 גרם,false,,10.90,0.0158,true,1,161417
7290115205176,false,פיטנס קרקר דק כפרי 1,,,פיטנס קרקר דק כפרי 1,,140.00,100 גרם,false,,12.90,0.0921,true,1,162041
7290115205312,false,פיטנס קרקר דק זיתים,,,פיטנס קרקר דק זיתים,,140.00,100 גרם,false,,12.90,0.0921,true,1,163797
7290115205619,false,פתי בר פינוקי בטעם ע,,,פתי בר פינוקי בטעם ע,,220.00,100 גרם,false,,12.90,0.0586,true,1,163798
7290115207361,false,פתי בר פיסטוק אסם 50,,,פתי בר פיסטוק אסם 50,,500.00,100 גרם,false,,14.90,0.0298,true,1,163799
7290115207484,false,צבר חציל על האש היתר,,,צבר חציל על האש היתר,,360.00,100 גרם,false,,17.90,0.0497,true,1,163961
7290115207989,false,ויטמינצ'יק לימון 1 ל,,,ויטמינצ'יק לימון 1 ל,,1000.00,"100 מ""ל",false,,21.90,0.0219,true,1,163008
7290115208009,false,ויטמינציק ענבים  1 ל,,,ויטמינציק ענבים  1 ל,,1000.00,100 גרם,false,,21.90,0.0219,true,1,163009
7290115208047,false,ויטמינציק פטל 1 ליטר,,,ויטמינציק פטל 1 ליטר,,1000.00,100 גרם,false,,21.90,0.0219,true,1,163006
7290115208566,false,קרמוגית מיניס קרם בי,,,קרמוגית מיניס קרם בי,,200.00,"100 מ""ל",false,,12.90,0.0645,true,1,164491
7290115209198,false,במבה אורירית אסם 80,קריות זול,,במבה אורירית אסם 80,,80.00,"100 מ""ל",false,,5.60,0.0700,true,1,164142
7290115209235,false,פתי בר קפה 500 גרם א,קריות זול,,פתי בר קפה 500 גרם א,,500.00,100 גרם,false,,14.90,0.0298,true,1,165013
7290115209273,false,במבה במילוי אייס קפה,,,במבה במילוי אייס קפה,,60.00,"100 מ""ל",false,,5.60,0.0933,true,1,164487
7290115480016,false,סוד קפסולות ג'ל 3+1,,,סוד קפסולות ג'ל 3+1,יחידה,0.00,יחידה,false,,29.90,0.0000,true,1,164500
7290115671155,false,שלישיית סוכריות פרש,,,שלישיית סוכריות פרש,,135.00,100 גרם,false,,9.90,0.0733,true,1,162792
7290115677362,false,נודלס טריאקי 350גרם,,,נודלס טריאקי 350גרם,,350.00,100 גרם,false,,28.90,0.0826,true,1,165510
7290115677423,false,אורז קארי ירוק חריף,,,אורז קארי ירוק חריף,,350.00,100 גרם,false,,28.90,0.0826,true,1,165507
7290115678376,false,מעדן הגולן שוקולד 12,קריות זול,,מעדן הגולן שוקולד 12,,125.00,100 גרם,false,,3.20,0.0256,true,1,161383
7290116240077,false,כוס שתיה דופן כפולה,,,כוס שתיה דופן כפולה,יחידה,0.00,יחידה,false,,14.90,0.0000,true,1,164844
7290116530482,false,מארז קורנפלקס של אלו,,,מארז קורנפלקס של אלו,,30.00,100 גרם,false,,12.90,0.4300,true,1,162460
7290116531090,false,דג דג חטיף אפוי במלי,,,דג דג חטיף אפוי במלי,,250.00,100 גרם,false,,10.90,0.0436,true,1,162881
7290116531496,false,קינמונים דגנים פריכי,קריות זול,,קינמונים דגנים פריכי,,375.00,100 גרם,false,,22.90,0.0611,true,1,163341
7290116531564,false,פתית פריכיות קינואה,,,פתית פריכיות קינואה,,150.00,"100 מ""ל",false,,12.90,0.0860,true,1,163240
7290116531663,false,פינוק תחליב רחצה תפו,,,פינוק תחליב רחצה תפו,,700.00,"100 מ""ל",false,,13.90,0.0199,true,1,161667
7290116532240,false,קליק טבלה שוקולד חלב,,,קליק טבלה שוקולד חלב,,85.00,100 גרם,false,,6.90,0.0812,true,1,163680
7290116532486,false,גלידה פיינט קליק וני,,,גלידה פיינט קליק וני,,520.00,"100 מ""ל",false,,19.90,0.0383,true,1,163876
7290116532615,false,פינוק שמפו גוגי ברי,,,פינוק שמפו גוגי ברי,,700.00,"100 מ""ל",false,,13.90,0.0199,true,1,163878
7290116532905,false,נשנושים איירביס טעם,קריות זול,,נשנושים איירביס טעם,,260.00,"100 מ""ל",false,,14.50,0.0558,true,1,164988
7290116533094,false,פינוק שמפו לשיער ניח,,,פינוק שמפו לשיער ניח,,700.00,"100 מ""ל",false,,13.90,0.0199,true,1,164591
7290116533100,false,פינוק מרכך לשיער ניח,,,פינוק מרכך לשיער ניח,,700.00,"100 מ""ל",false,,13.90,0.0199,true,1,164592
7290116914466,false,מארז סוכריות על מקל,,,מארז סוכריות על מקל,,600.00,100 גרם,false,,19.90,0.0332,true,1,164864
7290116914473,false,מארז סוכריות על מקל,,,מארז סוכריות על מקל,,600.00,100 גרם,false,,19.90,0.0332,true,1,164866
7290116930282,false,ארוחה בקטנה לאבנה עם,,,ארוחה בקטנה לאבנה עם,,150.00,100 גרם,false,,8.90,0.0593,true,1,164962
7290116930442,false,יופלה שייק בננה  מנג,,,יופלה שייק בננה  מנג,,230.00,100 גרם,false,,8.90,0.0387,true,1,164073
7290116930459,false,יופלה שייק בננה  אננ,,,יופלה שייק בננה  אננ,,230.00,"100 מ""ל",false,,8.90,0.0387,true,1,164074
7290116931074,false,פרוסות טל העמק 32% 3,,,פרוסות טל העמק 32% 3,,300.00,100 גרם,false,,29.90,0.0997,true,1,164959
7290117260579,false,חטיף קראנצ'י על בסיס,,,חטיף קראנצ'י על בסיס,,80.00,100 גרם,false,,8.90,0.1113,true,1,164897
7290117260593,false,חטיף קראנצ'י על בסיס,,,חטיף קראנצ'י על בסיס,,80.00,"100 מ""ל",false,,8.90,0.1113,true,1,164899
7290117260920,false,קרקרים ללא גלוטן 125,,,קרקרים ללא גלוטן 125,,125.00,100 גרם,false,,9.90,0.0792,true,1,163760
7290117260944,false,מיני גריסיני עם שמן,,,מיני גריסיני עם שמן,,125.00,100 גרם,false,,9.90,0.0792,true,1,163761
7290117262238,false,משקה יוגורט פרוביוטי,,,משקה יוגורט פרוביוטי,,200.00,"100 מ""ל",false,,5.90,0.0295,true,1,164880
7290117262245,false,משקה יוגורט פרוביוטי,,,משקה יוגורט פרוביוטי,,200.00,100 גרם,false,,5.90,0.0295,true,1,164881
7290117821398,false,ביצת הפתעה פלסטיק עם,,,ביצת הפתעה פלסטיק עם,,10.00,100 גרם,false,,7.90,0.7900,true,1,164042
7290117860045,false,הוואי שמפו מטפח לשיע,קריות זול,,הוואי שמפו מטפח לשיע,,700.00,"100 מ""ל",false,,14.90,0.0213,true,1,165617
7290117860236,false,הוואי קרם רחצה בניחו,,,הוואי קרם רחצה בניחו,,700.00,"100 מ""ל",false,,14.90,0.0213,true,1,165636
7290117860243,false,הוואי מרכך מעניק לחו,קריות זול,,הוואי מרכך מעניק לחו,,700.00,"100 מ""ל",false,,14.90,0.0213,true,1,165625
7290117860342,false,הוואי מרכך קרטין מחז,,,הוואי מרכך קרטין מחז,,700.00,"100 מ""ל",false,,14.90,0.0213,true,1,165626
7296021024306,false,סט קולפנים בדיספליי,,,סט קולפנים בדיספליי,יחידה,0.00,יחידה,false,,10.00,0.0000,true,1,133404
7296058000526,false,פריכיות כוסמת 130גר,,,פריכיות כוסמת 130גר,,130.00,"100 מ""ל",false,,7.90,0.0608,true,1,129596
7296082000028,false,ביצים פלוס מדיום 12י,,,ביצים פלוס מדיום 12י,,12.00,יח',false,,16.90,1.4083,true,1,141619
7296082000035,false,ביצים פלוס אומגה3 6י,,,ביצים פלוס אומגה3 6י,,6.00,100 מ'ל,false,,15.90,2.6500,true,1,87015
7296082000066,false,ביצים פלוס 12יח L,,,ביצים פלוס 12יח L,,12.00,100 מ'ל,false,,17.90,1.4917,true,1,87016
7296082000080,false,ביצים חופש 12יח,,,ביצים חופש 12יח,,12.00,100 מ'ל,false,,21.90,1.8250,true,1,93151
7296082000110,false,ביצים סופר טריות 30י,,,ביצים סופר טריות 30י,,30.00,100 מ'ל,false,,30.12,1.0040,true,1,93153
7296082000134,false,ביצים רגילות לארג' 1,,,ביצים רגילות לארג' 1,,12.00,מטר,false,,12.05,1.0042,true,1,93155
7296082000141,false,ביצים רגילות מדיום 1,,,ביצים רגילות מדיום 1,יחידה,0.00,יחידה,false,,11.15,0.0000,true,1,93156
7296082000165,false,ביצים אורגניות 12יח,,,ביצים אורגניות 12יח,,12.00,100 גרם,false,,25.90,2.1583,true,1,93157
7296082000202,false,ביצים סופר טריה לארג,,,ביצים סופר טריה לארג,,18.00,יח',false,,18.07,1.0039,true,1,93158
7296102061831,false,מארז מטאטא+מקל,,,מארז מטאטא+מקל,יחידה,0.00,יחידה,false,,19.90,0.0000,true,1,158720
7610113011652,false,בקרדי בריזר בטעם תפו,,,בקרדי בריזר בטעם תפו,,275.00,"100 מ""ל",false,,16.90,0.0615,true,1,157393
7610400010481,false,שוקולד לינדט אקסלנס,,,שוקולד לינדט אקסלנס,,100.00,100 גרם,false,,16.90,0.1690,true,1,142755
7610400014649,false,שוקולד לינדט לינדור,,,שוקולד לינדט לינדור,,100.00,100 גרם,false,,16.90,0.1690,true,1,142757
7610400068369,false,שוקולד לינדט לינדור,,,שוקולד לינדט לינדור,,100.00,100 גרם,false,,16.90,0.1690,true,1,142759
7610400074155,false,שוקולד לינדור 60% 10,,,שוקולד לינדור 60% 10,,100.00,100 גרם,false,,16.90,0.1690,true,1,142763
7613032045753,false,פיטנס שוקולד 375 גרם,,,פיטנס שוקולד 375 גרם,,375.00,100 גרם,false,,24.90,0.0664,true,1,140018
7613033548192,false,פיטנס דגני בוקר שוקו,,,פיטנס דגני בוקר שוקו,,375.00,100 גרם,false,,24.90,0.0664,true,1,88558
7613035548374,false,דגני גולדן מיניס נסט,,,דגני גולדן מיניס נסט,,570.00,100 גרם,false,,27.90,0.0489,true,1,88569
7613035635845,false,פיטנס גרנולה שוקולד,,,פיטנס גרנולה שוקולד,,300.00,100 גרם,false,,17.90,0.0597,true,1,88571
7613035809109,false,רוטב עגבניות ובזיליק,,,רוטב עגבניות ובזיליק,,400.00,100 גרם,false,,10.90,0.0273,true,1,130659
7613037276091,false,נסטלה מיקס מיני אריז,,,נסטלה מיקס מיני אריז,יחידה,0.00,יחידה,false,,21.90,0.0000,true,1,146812
7613037686906,false,פיטנס שקדים ודבש 355,,,פיטנס שקדים ודבש 355,,355.00,"100 מ""ל",false,,24.90,0.0701,true,1,155695
7613037811629,false,קורנפלקס גו פרי 500ג,,,קורנפלקס גו פרי 500ג,,500.00,100 גרם,false,,16.90,0.0338,true,1,156065
7613038268262,false,דגני האני נאט צ'יריו,,,דגני האני נאט צ'יריו,,410.00,"100 מ""ל",false,,22.90,0.0559,true,1,155699
7613039547632,false,גרבר מחית תפוחבננה ת,,,גרבר מחית תפוחבננה ת,,90.00,100 גרם,false,,6.20,0.0689,true,1,157799
7613287186928,false,סטארבקס קפסולות ברקפ,,,סטארבקס קפסולות ברקפ,יחידה,0.00,יחידה,false,,21.90,0.0000,true,1,161349
7614500010013,false,טובלרון בר חלב 100 ג,,,טובלרון בר חלב 100 ג,,100.00,100 גרם,false,,8.90,0.0890,true,1,149347
7622010001858,false,אוראו עוגיות ממולאות,,,אוראו עוגיות ממולאות,,176.00,100 גרם,false,,9.90,0.0563,true,1,89104
7622201050757,false,שוקולד מילקה חלב עם,,,שוקולד מילקה חלב עם,,100.00,100 גרם,false,,8.90,0.0890,true,1,89106
7622201137052,false,מילקה מיני קוקיז 110,,,מילקה מיני קוקיז 110,,110.00,"100 מ""ל",false,,10.90,0.0991,true,1,160780
7622201401900,false,מילקה עוגיות סנסיישן,,,מילקה עוגיות סנסיישן,,156.00,100 גרם,false,,13.90,0.0891,true,1,158831
7622201802394,false,שוקולד מילקה חלב 100,,,שוקולד מילקה חלב 100,,100.00,100 גרם,false,,8.90,0.0890,true,1,161308
7622201808631,false,אוראו מיני כוסות בטע,,,אוראו מיני כוסות בטע,,67.00,100 גרם,false,,9.90,0.1478,true,1,161313
7622201813390,false,מילקה וואפל במילוי ק,,,מילקה וואפל במילוי ק,,150.00,100 גרם,false,,14.90,0.0993,true,1,161318
7622201819552,false,שוקולד מילקה דארק 85,,,שוקולד מילקה דארק 85,,85.00,100 גרם,false,,7.90,0.0929,true,1,161946
7622210392589,false,טובלרון טייני חלב 20,,,טובלרון טייני חלב 20,,200.00,"100 מ""ל",false,,15.90,0.0795,true,1,165022
7622210826053,false,שוקולד מילקה אוראו ס,,,שוקולד מילקה אוראו ס,,92.00,100 גרם,false,,8.90,0.0967,true,1,158834
7622300356767,false,עוגיות מילקה עם גרנו,,,עוגיות מילקה עם גרנו,,168.00,100 גרם,false,,14.90,0.0887,true,1,89118
7622300441715,false,מילקה עוגיות שוקומינ,,,מילקה עוגיות שוקומינ,,150.00,100 גרם,false,,14.90,0.0993,true,1,131322
7622300489427,false,אוראו עוגיות בציפוי,,,אוראו עוגיות בציפוי,,246.00,100 גרם,false,,15.90,0.0646,true,1,136955
7622300489434,false,אוראו עוגיות בציפוי,,,אוראו עוגיות בציפוי,,246.00,100 גרם,false,,15.90,0.0646,true,1,136954
7622300503079,false,מילקה מוו ביסקוויט מ,,,מילקה מוו ביסקוויט מ,,200.00,"100 מ""ל",false,,14.90,0.0745,true,1,89123
7622400005190,false,שוקולד מילקה 100גר,,,שוקולד מילקה 100גר,,100.00,100 גרם,false,,8.90,0.0890,true,1,142046
7630477891738,false,סטארבקס קפסולות אספר,,,סטארבקס קפסולות אספר,יחידה,0.00,יחידה,false,,21.90,0.0000,true,1,157788
7702018471423,false,גילט פיוזן סכיני גיל,,,גילט פיוזן סכיני גיל,יחידה,0.00,יחידה,false,,59.90,0.0000,true,1,157764
7702174066631,false,לקקן פינפופ מהדרין י,,,לקקן פינפופ מהדרין י,,180.00,100 גרם,false,,7.90,0.0439,true,1,93941
8000070081109,false,קפסולות לוואצה ריקו,,,קפסולות לוואצה ריקו,,10.00,יח',false,,19.90,1.9900,true,1,138539
8000380004911,false,וופל קואדרטיני אגוז,קריות זול,,וופל קואדרטיני אגוז,,250.00,100 גרם,false,,15.50,0.0620,true,1,93956
8000380004966,false,וופל לואקר קוביות קק,קריות זול,,וופל לואקר קוביות קק,,250.00,100 גרם,false,,15.50,0.0620,true,1,93958
8000380144044,false,וופל גרדנה שוקולד 20,,,וופל גרדנה שוקולד 20,,200.00,100 גרם,false,,15.50,0.0775,true,1,93967
8000380205400,false,וופל קואדרטיני חמאת,,,וופל קואדרטיני חמאת,,250.00,100 גרם,false,,15.50,0.0620,true,1,163749
8000500023624,false,קינדר הפי היפו חמישי,,,קינדר הפי היפו חמישי,,102.00,100 גרם,false,,15.50,0.1520,true,1,102085
8000500029350,false,*מבצע* קינדר בואנו ש,,,*מבצע* קינדר בואנו ש,,129.00,100 גרם,false,,10.90,0.0845,true,1,102088
8000500037874,false,פררו רושר בונבוניירה,קריות זול,,פררו רושר בונבוניירה,,200.00,100 גרם,false,,28.90,0.1445,true,1,102090
8000500071083,false,קינדר אצבעות שוקולד,,,קינדר אצבעות שוקולד,,200.00,100 גרם,false,,14.90,0.0745,true,1,102092
8000500121436,false,*מבצע* קינדר בואנו ל,,,*מבצע* קינדר בואנו ל,,117.00,100 גרם,false,,10.90,0.0932,true,1,102095
8000500247167,false,פררו רושר קולקשיין ב,,,פררו רושר קולקשיין ב,,259.00,100 גרם,false,,48.90,0.1888,true,1,134764
8000500256213,false,קינדר שוקולד מיני 12,,,קינדר שוקולד מיני 12,,120.00,100 גרם,false,,11.90,0.0992,true,1,139624
8001010062844,false,חומץ בלסמי פונטי 500,,,חומץ בלסמי פונטי 500,,500.00,"100 מ""ל",false,,19.90,0.0398,true,1,138179
8001090222725,false,הרבל אסנסס שמפו שמן,,,הרבל אסנסס שמפו שמן,,400.00,"100 מ""ל",false,,19.90,0.0497,true,1,146776
8001090222848,false,הרבל אסנסס שמפו שיקו,,,הרבל אסנסס שמפו שיקו,,400.00,"100 מ""ל",false,,19.90,0.0497,true,1,146777
8001090336521,false,פמפרס בייבי דריי מיד,,,פמפרס בייבי דריי מיד,יחידה,0.00,יחידה,false,,34.90,0.0000,true,1,155279
8001090336606,false,פמפרס בייבי דריי מיד,,,פמפרס בייבי דריי מיד,יחידה,0.00,יחידה,false,,34.90,0.0000,true,1,155280
8001090802385,false,טייד קפסולות לכביסה,,,טייד קפסולות לכביסה,,26.00,100 מ'ל,false,,29.90,1.1500,true,1,140259
8001090886385,false,לנור כדוריות הריח בנ,,,לנור כדוריות הריח בנ,,140.00,100 גרם,false,,19.90,0.1421,true,1,158542
8001090890955,false,לנור ספורט כדוריות ב,,,לנור ספורט כדוריות ב,,140.00,"100 מ""ל",false,,10.90,0.0779,true,1,140254
8001090899194,false,תחבושות אולוויז פלטי,,,תחבושות אולוויז פלטי,יחידה,0.00,יחידה,false,,19.90,0.0000,true,1,150288
8001090988362,false,פנטן שמפו לחות מוגבר,,,פנטן שמפו לחות מוגבר,,500.00,"100 מ""ל",false,,18.90,0.0378,true,1,138604
8001090988843,false,פנטן קונדישנר לחות מ,,,פנטן קונדישנר לחות מ,,500.00,"100 מ""ל",false,,18.90,0.0378,true,1,138605
8001100067940,false,וופל קוביות 125ג באל,,,וופל קוביות 125ג באל,,125.00,"100 מ""ל",false,,9.90,0.0792,true,1,165229
8001250120885,false,פסטה חונקי כמרים דה,,,פסטה חונקי כמרים דה,,500.00,100 גרם,false,,10.90,0.0218,true,1,145742
8001250152015,false,פסטה דורום פפרדלה דה,,,פסטה דורום פפרדלה דה,,500.00,"100 מ""ל",false,,15.90,0.0318,true,1,165550
8001250219169,false,רוטב נפוליטנה דה צ'ק,,,רוטב נפוליטנה דה צ'ק,,400.00,100 גרם,false,,11.90,0.0298,true,1,130408
8001620011935,false,סאן בנדטו מוגז שישיי,,,סאן בנדטו מוגז שישיי,,3000.00,100 גרם,false,,15.90,0.0053,true,1,86726
8001841096889,false,פיירי לבן לימון 900,,,פיירי לבן לימון 900,,900.00,"100 מ""ל",false,,9.90,0.0110,true,1,138287
8001841893990,false,פיירי קפסולות למדיח,,,פיירי קפסולות למדיח,,30.00,יח',false,,39.90,1.3300,true,1,159498
8001841948119,false,פיירי נוזל לכלים ארו,,,פיירי נוזל לכלים ארו,,1050.00,100 גרם,false,,10.90,0.0104,true,1,160663
8002270015656,false,סאן פלגרינו 750מל,,,סאן פלגרינו 750מל,,750.00,"100 מ""ל",false,,11.90,0.0159,true,1,86728
8002450204009,false,ורדי משקה כהלי מוגז,,,ורדי משקה כהלי מוגז,,750.00,"100 מ""ל",false,,25.90,0.0345,true,1,94198
8002960103212,false,רוטב עגבניות איטלקי,,,רוטב עגבניות איטלקי,,370.00,100 גרם,false,,13.90,0.0376,true,1,165552
8003340091280,false,לינדור בונבוניירה 60,,,לינדור בונבוניירה 60,,200.00,100 גרם,false,,25.90,0.1295,true,1,142765
8004030103399,false,ריו  מארז טונה בשמן,,,ריו  מארז טונה בשמן,,320.00,"100 מ""ל",false,,34.90,0.1091,true,1,165156
8004030344938,false,טונה ריו מרה שמן זית,,,טונה ריו מרה שמן זית,,240.00,100 גרם,false,,29.90,0.1246,true,1,148690
8004690051573,false,פסטה לאמוליזנה ספגטי,,,פסטה לאמוליזנה ספגטי,,500.00,100 גרם,false,,8.90,0.0178,true,1,93547
8004690052044,false,פסטה לאמוליזנה פנה ז,,,פסטה לאמוליזנה פנה ז,,500.00,"100 מ""ל",false,,8.90,0.0178,true,1,93548
8004690052600,false,פסטה לאמוליזנה קונכי,,,פסטה לאמוליזנה קונכי,,500.00,"100 מ""ל",false,,8.90,0.0178,true,1,156332
8004690052846,false,פסטה לאמוליזנה פוסיל,,,פסטה לאמוליזנה פוסיל,,500.00,100 גרם,false,,8.90,0.0178,true,1,93549
8004690057308,false,פסטה לאמוליזנה רדיאט,,,פסטה לאמוליזנה רדיאט,,500.00,"100 מ""ל",false,,8.90,0.0178,true,1,138428
8004690058008,false,פסטה לאמוליזנה גמלי,,,פסטה לאמוליזנה גמלי,,500.00,100 גרם,false,,8.90,0.0178,true,1,138426
8004690106600,false,פסטה לאמוליזנה פארפא,,,פסטה לאמוליזנה פארפא,,500.00,"100 מ""ל",false,,8.90,0.0178,true,1,93551
8004800004802,false,לאגו גלילי וופל במיל,,,לאגו גלילי וופל במיל,,100.00,100 גרם,false,,11.90,0.1190,true,1,165430
8004800005502,false,לאגו גלילי ופל במילו,,,לאגו גלילי ופל במילו,,125.00,100 גרם,false,,10.90,0.0872,true,1,165409
8004800005519,false,לאגו גלילי ופל  במיל,,,לאגו גלילי ופל  במיל,,125.00,"100 מ""ל",false,,10.90,0.0872,true,1,165408
8004800005526,false,לאגו גלילי ופל במילו,,,לאגו גלילי ופל במילו,,125.00,100 גרם,false,,10.90,0.0872,true,1,165410
8005110002243,false,רכז עגבניות מוטי בשפ,,,רכז עגבניות מוטי בשפ,,185.00,"100 מ""ל",false,,10.90,0.0589,true,1,159005
8005110060106,false,עגבניות מקולפות מוטי,,,עגבניות מקולפות מוטי,,800.00,100 גרם,false,,14.90,0.0186,true,1,145743
8005110170300,false,עגבניות מרוסקות מוטי,,,עגבניות מרוסקות מוטי,,1200.00,"100 מ""ל",false,,19.90,0.0166,true,1,129824
8005110200014,false,רכז עגבניות מוטי 210,,,רכז עגבניות מוטי 210,,210.00,"100 מ""ל",false,,10.90,0.0519,true,1,129826
8005110550508,false,מוטי עגבניות שלמות ב,,,מוטי עגבניות שלמות ב,,400.00,100 גרם,false,,9.90,0.0248,true,1,165543
8005200256587,false,נסטי אפרסק 1.5ליטר,,,נסטי אפרסק 1.5ליטר,,1500.00,100 גרם,false,,9.90,0.0066,true,1,162542
8005200316588,false,נסטי דיאט אפרסק 1.5ל,,,נסטי דיאט אפרסק 1.5ל,,1500.00,"100 מ""ל",false,,9.90,0.0066,true,1,162544
8006540112823,false,לנור מרכך מרוכז בניח,,,לנור מרכך מרוכז בניח,,900.00,"100 מ""ל",false,,16.90,0.0188,true,1,160659
8006540221341,false,אולוויז מגן תחתון אק,,,אולוויז מגן תחתון אק,יחידה,0.00,יחידה,false,,19.90,0.0000,true,1,163233
8006540495186,false,לנור מרכך כביסה בייב,,,לנור מרכך כביסה בייב,,900.00,"100 מ""ל",false,,16.90,0.0188,true,1,164485
8008343279826,false,רוטב פסטה בזיליקום ר,,,רוטב פסטה בזיליקום ר,,350.00,100 גרם,false,,11.90,0.0340,true,1,151716
8008857200200,false,פסטה רג'ייה ספגטי דק,,,פסטה רג'ייה ספגטי דק,,500.00,100 גרם,false,,7.50,0.0150,true,1,87487
8008857300481,false,פסטה רג'ייה בורג 500,,,פסטה רג'ייה בורג 500,,500.00,100 גרם,false,,7.50,0.0150,true,1,87490
8008857300580,false,פסטה רג'ייה סהרון 50,,,פסטה רג'ייה סהרון 50,,500.00,100 גרם,false,,7.50,0.0150,true,1,87492
8008857300634,false,פסטה רג'ייה תלתל 500,,,פסטה רג'ייה תלתל 500,,500.00,"100 מ""ל",false,,7.50,0.0150,true,1,87495
8008857300641,false,פסטה רג'ייה פסטה רגי,,,פסטה רג'ייה פסטה רגי,,500.00,100 גרם,false,,7.50,0.0150,true,1,87496
8008857300771,false,פסטה רג'ייה אטריות מ,,,פסטה רג'ייה אטריות מ,,500.00,100 גרם,false,,7.50,0.0150,true,1,87498
8008857500003,false,פסטה רג'ייה אטריות ע,,,פסטה רג'ייה אטריות ע,,500.00,100 גרם,false,,8.90,0.0178,true,1,87501
8008912010034,false,ספגטי מספר 3 -500גרם,,,ספגטי מספר 3 -500גרם,,500.00,100 גרם,false,,8.90,0.0178,true,1,162394
8076800195033,false,פסטה ספגטי ברילה מס',קריות זול,,פסטה ספגטי ברילה מס',,500.00,100 גרם,false,,9.90,0.0198,true,1,91683
8076800195071,false,ספגטי מס 7 ברילה 500,,,ספגטי מס 7 ברילה 500,,500.00,100 גרם,false,,9.90,0.0198,true,1,155261
8076802085738,false,פסטה פנה רגטה ברילה,קריות זול,,פסטה פנה רגטה ברילה,,500.00,100 גרם,false,,9.90,0.0198,true,1,91687
8076802085981,false,פסטה פתיתי פוזליני ב,קריות זול,,פסטה פתיתי פוזליני ב,,500.00,100 גרם,false,,9.90,0.0198,true,1,91689
8076808060654,false,פסטה פתיתי פרפלה 65,קריות זול,,פסטה פתיתי פרפלה 65,,500.00,100 גרם,false,,9.90,0.0198,true,1,91691
8076808150072,false,פסטה ספגטי מס 7 בריל,קריות זול,,פסטה ספגטי מס 7 בריל,,500.00,100 גרם,false,,9.90,0.0198,true,1,91693
8076809513739,false,רוטב בזיליקום ברילה,קריות זול,,רוטב בזיליקום ברילה,,400.00,100 גרם,false,,15.90,0.0398,true,1,91700
8076809523561,false,רוטב טוסקנה ברילה400,,,רוטב טוסקנה ברילה400,,400.00,100 גרם,false,,15.90,0.0398,true,1,91703
8076809523738,false,לזניה ברילה 500 גר,קריות זול,,לזניה ברילה 500 גר,,500.00,100 גרם,false,,25.90,0.0518,true,1,91706
8076809537711,false,ברילה טרופי 500 גרם,,,ברילה טרופי 500 גרם,,500.00,100 גרם,false,,12.90,0.0258,true,1,160532
8410076621009,false,פייבר וואן חטיף בטעם,,,פייבר וואן חטיף בטעם,,120.00,100 גרם,false,,17.90,0.1492,true,1,158869
8410076621047,false,פייבר וואן בראוניז ב,,,פייבר וואן בראוניז ב,,120.00,"100 מ""ל",false,,17.90,0.1492,true,1,158868
8410104039134,false,פיניש מנקה ומחדש מדי,קריות זול,,פיניש מנקה ומחדש מדי,,250.00,"100 מ""ל",false,,22.90,0.0916,true,1,96558
8410104045111,false,"פיניש מלח למדיח 2 ק""",,,"פיניש מלח למדיח 2 ק""",,2000.00,"100 מ""ל",false,,15.90,0.0080,true,1,153659
8410376056334,false,גולון ויטאל גריין שו,,,גולון ויטאל גריין שו,,220.00,100 גרם,false,,7.90,0.0359,true,1,164801
8423207206488,false,סלים דליס חטיף דגנים,,,סלים דליס חטיף דגנים,,120.00,"100 מ""ל",false,,15.90,0.1325,true,1,91715
8423207207362,false,סלים דליס חטיף שוקול,,,סלים דליס חטיף שוקול,,120.00,100 גרם,false,,15.90,0.1325,true,1,91718
8423207208697,false,סלים דליס קידס חטיף,,,סלים דליס קידס חטיף,,120.00,"100 מ""ל",false,,15.90,0.1325,true,1,91727
8423207210942,false,סלים דליס טופינג פיר,,,סלים דליס טופינג פיר,,0.00,100 גרם,false,,15.90,0.0000,true,1,158584
8606018615827,false,פיינט אוראו,,,פיינט אוראו,,480.00,"100 מ""ל",false,,19.90,0.0415,true,1,165343
8606018615841,false,פיינט מילקה וניל ליב,,,פיינט מילקה וניל ליב,,480.00,"100 מ""ל",false,,19.90,0.0415,true,1,165344
8606018615865,false,פיינט מילקה קרמל ליב,,,פיינט מילקה קרמל ליב,,480.00,"100 מ""ל",false,,19.90,0.0415,true,1,165345
8683130025581,false,בדין אקסטרא ענבר 960,,,בדין אקסטרא ענבר 960,,960.00,"100 מ""ל",false,,19.90,0.0207,true,1,163682
8686868600211,false,"מטריה לילדים 47 ס""מ",,,"מטריה לילדים 47 ס""מ",יחידה,0.00,יחידה,false,,19.90,0.0000,true,1,158751
8686868600259,false,מטריה גדולה /כפולה,,,מטריה גדולה /כפולה,יחידה,0.00,יחידה,false,,29.90,0.0000,true,1,135163
8690637505607,false,בדין אקסטרא פינוק כח,,,בדין אקסטרא פינוק כח,,960.00,"100 מ""ל",false,,19.90,0.0207,true,1,160936
8690637555084,false,בדין אקסטרא לבן 960מ,,,בדין אקסטרא לבן 960מ,,960.00,"100 מ""ל",false,,19.90,0.0207,true,1,90487
8690637842399,false,מיני מגנום מאגדת דאב,,,מיני מגנום מאגדת דאב,,379.00,100 גרם,false,,33.90,0.0894,true,1,137136
8690637858734,false,סיף ג'ל אקונומיקה לי,,,סיף ג'ל אקונומיקה לי,,750.00,100 גרם,false,,14.90,0.0199,true,1,138948
8690637871245,false,הלמנס מיונז 395 גרם,,,הלמנס מיונז 395 גרם,,395.00,100 גרם,false,,15.90,0.0403,true,1,140426
8690637946301,false,בדין אקסטרא בייביי מ,,,בדין אקסטרא בייביי מ,,960.00,"100 מ""ל",false,,19.90,0.0207,true,1,156150
8690637976995,false,בדין אקסטרא ורוד סחל,,,בדין אקסטרא ורוד סחל,,960.00,100 גרם,false,,19.90,0.0207,true,1,158593
8690766156367,false,שוקולד חלב מעולה 90,,,שוקולד חלב מעולה 90,,90.00,100 גרם,false,,14.90,0.1656,true,1,155602
8690766156374,false,שוקולד מריר מעולה  7,,,שוקולד מריר מעולה  7,,90.00,100 גרם,false,,14.90,0.1656,true,1,155603
8690766156381,false,שוקולד מריר מעולה 90,,,שוקולד מריר מעולה 90,,90.00,100 גרם,false,,14.90,0.1656,true,1,155604
8690766156404,false,שוקולד מריר מעולה  ב,,,שוקולד מריר מעולה  ב,,90.00,100 גרם,false,,14.90,0.1656,true,1,155606
8690766156411,false,שוקולד מריר מעולה  ב,,,שוקולד מריר מעולה  ב,,90.00,100 גרם,false,,14.90,0.1656,true,1,155607
8691058141238,false,ערמונים שלמים 100 גר,,,ערמונים שלמים 100 גר,,100.00,100 גרם,false,,6.90,0.0690,true,1,150272
8697431460217,false,קונפיטורה 70% פרי תפ,,,קונפיטורה 70% פרי תפ,,450.00,100 גרם,false,,14.90,0.0331,true,1,87515
8697431921718,false,קונפיטורה 70 % דובדב,,,קונפיטורה 70 % דובדב,,450.00,100 גרם,false,,14.90,0.0331,true,1,141816
8697530910743,false,פאל מאל כחול קצר,,,פאל מאל כחול קצר,יחידה,0.00,יחידה,false,,28.00,0.0000,false,1,97427
8697530910750,false,פאל מאל כחול ארוך,,,פאל מאל כחול ארוך,יחידה,0.00,יחידה,false,,28.00,0.0000,false,1,97428
8697826469092,false,טורטיה קטנה 540גר,,,טורטיה קטנה 540גר,,540.00,100 גרם,false,,9.90,0.0183,true,1,96865
8710502064814,false,עוגיות שוקולד ציפס ר,,,עוגיות שוקולד ציפס ר,,175.00,100 גרם,false,,11.90,0.0680,true,1,91744
8710502194801,false,עוגיות שוקולד ציפס פ,,,עוגיות שוקולד ציפס פ,,175.00,100 גרם,false,,11.90,0.0680,true,1,130546
8710502470028,false,עוגיות שוקוציפס נוגט,,,עוגיות שוקוציפס נוגט,,160.00,100 גרם,false,,11.90,0.0744,true,1,91750
8710522584200,false,דאב תחליב רחצה ורדים,,,דאב תחליב רחצה ורדים,,500.00,"100 מ""ל",false,,15.90,0.0318,true,1,163880
8711000371183,false,גקובס קפסולות קפה אס,,,גקובס קפסולות קפה אס,,52.00,100 גרם,false,,16.90,0.3250,true,1,140002
8711000371206,false,גקובס קפסולות קפה אס,,,גקובס קפסולות קפה אס,,52.00,100 גרם,false,,16.90,0.3250,true,1,140003
8711000472040,false,ג'ייקובס קפסולות קפה,,,ג'ייקובס קפסולות קפה,,52.00,100 גרם,false,,16.90,0.3250,true,1,161032
8712561594240,false,דאב תחליב רחצה 500 מ,,,דאב תחליב רחצה 500 מ,,500.00,100 גרם,false,,15.90,0.0318,true,1,90521
8712561611183,false,דאב תחליב רחצה תה יר,,,דאב תחליב רחצה תה יר,,500.00,100 גרם,false,,15.90,0.0318,true,1,90523
8714599104330,false,גקובס קפה שחור טורקי,,,גקובס קפה שחור טורקי,,85.00,100 גרם,false,,7.90,0.0929,true,1,157132
8714599513835,false,גקובס נטול קפאין מיו,,,גקובס נטול קפאין מיו,,200.00,100 גרם,false,,37.90,0.1895,true,1,89158
8714599513866,false,גקובס קפה קרונונג 20,,,גקובס קפה קרונונג 20,,200.00,100 גרם,false,,27.90,0.1395,true,1,89159
8714789582764,false,אגקס לניקוי חלונות 7,,,אגקס לניקוי חלונות 7,,750.00,"100 מ""ל",false,,16.90,0.0225,true,1,91770
8714789930848,false,קולגייט אופטיק וויט,,,קולגייט אופטיק וויט,,75.00,"100 מ""ל",false,,22.90,0.3053,true,1,142380
8715700115344,false,קטשופ היינץ 460גר,,,קטשופ היינץ 460גר,,460.00,100 גרם,false,,8.90,0.0193,true,1,135214
8715700419732,false,קטשופ היינץ 700גר,,,קטשופ היינץ 700גר,,700.00,100 גרם,false,,12.90,0.0184,true,1,89160
8715700422381,false,מיונז היינץ אמיתי 42,,,מיונז היינץ אמיתי 42,,420.00,100 גרם,false,,13.90,0.0331,true,1,89163
8715700422473,false,ממרח היינץ לחיץ 395,,,ממרח היינץ לחיץ 395,,395.00,100 גרם,false,,15.90,0.0403,true,1,165034
8715700423906,false,היינץ מתבל עגבניות 5,,,היינץ מתבל עגבניות 5,,555.00,100 גרם,false,,11.90,0.0214,true,1,136996
8717163647264,false,אקס ספריי גוף אייס צ,,,אקס ספריי גוף אייס צ,,150.00,"100 מ""ל",false,,15.90,0.1060,true,1,140457
8717163647349,false,ספריי גוף אקס 150מל,,,ספריי גוף אקס 150מל,,150.00,"100 מ""ל",false,,13.90,0.0927,true,1,159757
8717163842669,false,דאב תחליב רחצה חימר,,,דאב תחליב רחצה חימר,,500.00,"100 מ""ל",false,,15.90,0.0318,true,1,156507
8718951159402,false,קולגיט אופטיק אקסטרא,,,קולגיט אופטיק אקסטרא,,75.00,"100 מ""ל",false,,19.90,0.2653,true,1,162984
8718951240742,false,קולגייט טוטל משחת שי,,,קולגייט טוטל משחת שי,,100.00,"100 מ""ל",false,,14.90,0.1490,true,1,139800
8718951253827,false,קולגייט הלבנה מתקדמת,,,קולגייט הלבנה מתקדמת,,75.00,"100 מ""ל",false,,19.90,0.2653,true,1,163773
8718951264618,false,קולגייט אופטיק וייט,,,קולגייט אופטיק וייט,,75.00,100 גרם,false,,19.90,0.2653,true,1,156781
8718951312722,false,קולגייט מקס פרש וויי,,,קולגייט מקס פרש וויי,,100.00,100 גרם,false,,10.00,0.1000,true,1,162983
8718951313576,false,קולגייט משחת שיניים,,,קולגייט משחת שיניים,,100.00,100 גרם,false,,10.00,0.1000,true,1,162458
8719200998018,false,בלו בנד טעם חמאה 200,,,בלו בנד טעם חמאה 200,,200.00,100 גרם,false,,4.90,0.0245,true,1,150507
8719200998032,false,מזולה בטעם חמאה 250ג,,,מזולה בטעם חמאה 250ג,,250.00,100 גרם,false,,10.90,0.0436,true,1,150512
8719200998049,false,מזולה בטעם טבעי 250ג,קריות זול,,מזולה בטעם טבעי 250ג,,250.00,100 גרם,false,,9.90,0.0396,true,1,150509
8720181201332,false,דאב סבון מוצק דאב גר,קריות זול,,דאב סבון מוצק דאב גר,,360.00,100 גרם,false,,18.90,0.0525,true,1,164980
8720182256850,false,דאב סבון מוצק דאב לב,קריות זול,,דאב סבון מוצק דאב לב,,360.00,100 גרם,false,,18.90,0.0525,true,1,164979
8801055707966,false,טסטרס צויס בריסטה 18,,,טסטרס צויס בריסטה 18,,180.00,100 גרם,false,,34.90,0.1939,true,1,88588
8850180040028,false,טמפורה 500גר,,,טמפורה 500גר,,500.00,100 גרם,false,,11.90,0.0238,true,1,98487
8850206250592,false,רוטב צ'ילי סריראצ'ה,,,רוטב צ'ילי סריראצ'ה,,540.00,100 גרם,false,,19.90,0.0369,true,1,136405
8850367992164,false,קרם קוקוס 20-22% 250,,,קרם קוקוס 20-22% 250,,250.00,"100 מ""ל",false,,8.90,0.0356,true,1,130753
8850389105849,false,סאפה משקה אלוורה אפר,,,סאפה משקה אלוורה אפר,,1000.00,"100 מ""ל",false,,17.90,0.0179,true,1,86732
8850632604259,false,חמצוצים מקלות בטעם ת,,,חמצוצים מקלות בטעם ת,,50.00,100 גרם,false,,5.40,0.1080,true,1,94039
8850632604266,false,חמצוצים מקלות בטעם ק,,,חמצוצים מקלות בטעם ק,,50.00,100 גרם,false,,5.40,0.1080,true,1,94040
8850632604372,false,חמצוצים שטיח בטעם תו,,,חמצוצים שטיח בטעם תו,,50.00,100 גרם,false,,5.40,0.1080,true,1,94041
8850632604402,false,חמצוצים שטיח בטעם מע,,,חמצוצים שטיח בטעם מע,,50.00,100 גרם,false,,5.40,0.1080,true,1,94042
8850632605201,false,חספוסים תות בננה תפו,,,חספוסים תות בננה תפו,,50.00,100 גרם,false,,5.40,0.1080,true,1,94043
8850632606390,false,חיספוסים בטעם אבטיח,,,חיספוסים בטעם אבטיח,,50.00,100 גרם,false,,5.40,0.1080,true,1,94044
8852633020403,false,פניני טפיוקה 500גר,,,פניני טפיוקה 500גר,,500.00,100 גרם,false,,11.90,0.0238,true,1,139078
8858271002870,false,רוטב פאד תאי 250מל,,,רוטב פאד תאי 250מל,,2500.00,"100 מ""ל",false,,12.90,0.0052,true,1,98492
8858271002887,false,רוטב טריאקי 250מל,,,רוטב טריאקי 250מל,,250.00,"100 מ""ל",false,,12.90,0.0516,true,1,98493
8858271003068,false,רוטב סויה מתוק כהה 2,,,רוטב סויה מתוק כהה 2,,250.00,100 גרם,false,,12.90,0.0516,true,1,98495
8858271004799,false,רוטב צילי מתוק 700 מ,,,רוטב צילי מתוק 700 מ,,700.00,100 גרם,false,,12.90,0.0184,true,1,98501
8858271005451,false,רוטב סויה פורמולה מק,,,רוטב סויה פורמולה מק,,250.00,"100 מ""ל",false,,12.90,0.0516,true,1,98502
8901314517463,false,קולגייט מברשות 360 ר,,,קולגייט מברשות 360 ר,,4.00,100 מ'ל,false,,19.90,4.9750,true,1,162459
8901537024014,false,אורז בסמטי דאווט 1קג,,,אורז בסמטי דאווט 1קג,,1000.00,100 גרם,false,,14.90,0.0149,true,1,88750
8934878081811,false,"דפי אורז 22 ס""מ 400ג",,,"דפי אורז 22 ס""מ 400ג",,400.00,100 גרם,false,,14.90,0.0373,true,1,140845
8938505846019,false,דפי אורז 250גר,,,דפי אורז 250גר,,250.00,100 גרם,false,,9.90,0.0396,true,1,147023
9000101375299,false,ברף דלקס בניחוח מגנו,,,ברף דלקס בניחוח מגנו,יחידה,0.00,יחידה,false,,16.90,0.0000,true,1,165498
9000101509069,false,ברף בריליאנט ג'ל גשם,,,ברף בריליאנט ג'ל גשם,יחידה,0.00,יחידה,false,,16.90,0.0000,true,1,165500
9000101515596,false,פרסיל פאוור קאפס קפס,,,פרסיל פאוור קאפס קפס,יחידה,0.00,יחידה,false,,54.90,0.0000,true,1,162554
9000101537550,false,פרסיל פאוור קאפס יונ,,,פרסיל פאוור קאפס יונ,יחידה,0.00,יחידה,false,,54.90,0.0000,true,1,163703
9000101537581,false,פרסיל פאוור קאפס לכב,,,פרסיל פאוור קאפס לכב,יחידה,0.00,יחידה,false,,54.90,0.0000,true,1,163704
9771565039125,false,עיתון לאישה,,,עיתון לאישה,יחידה,0.00,יחידה,false,,21.90,0.0000,true,1,86519
9771565051066,false,ידיעות שבת,,,ידיעות שבת,יחידה,0.00,יחידה,false,,11.90,0.0000,true,1,86524
