code,internal_code,name,manufacturer_name,manufacture_country,manufacturer_item_description,unit_qty,quantity,unit_of_measure,weighted,qty_in_package,price,unit_of_measure_price,allow_discount,status,item_id
30096585,false,מייבלין - פיט מי קונסילר 10,,IL,קונסילר פיט מי 0,מיליליטרים,6.00,"100 מ""ל",false,1,45.00,750.00,true,1,
30145382,false,לוריאל - קולוריש סלים מאט 602,,FR,קולוריש סלים מאט,יחידה,1.00,יחידה,false,1,55.00,55.00,true,1,
30145436,false,מייבלין - מסקרה קולוסל באונס,,IT,מסקרה קולוסאל בא,יחידה,1.00,יחידה,false,1,45.00,45.00,true,1,
30147942,false,לוריאל - קולוריש סלים מאט 640,,FR,קולוריש סלים מאט,יחידה,1.00,יחידה,false,1,55.00,55.00,true,1,
30148093,false,מייבלין - שפתון ס.ס אינק וויניל 25,סופרוג'ם,FR,שפתון אינק וויני,יחידה,1.00,יחידה,false,1,45.00,45.00,true,1,
30148109,false,מייבלין - שפתון ס.ס אינק וויניל 45,סופרוג'ם,FR,שפתון אינק וויני,יחידה,1.00,יחידה,false,1,45.00,45.00,true,1,
30152830,false,מייבלין - מסקרה סקיי היי שחור,סייפו,IT,סקיי היי מסקרה ק,יחידה,1.00,יחידה,false,1,45.00,45.00,true,1,
30153059,false,לוריאל - קולוריש סלים מאט 633,,FR,קולוריש סלים מאט,יחידה,1.00,יחידה,false,1,55.00,55.00,true,1,
30153219,false,מייבלין - שפתון ס.ס אינק וויניל 35,סופרוג'ם,FR,שפתון אינק וויני,יחידה,1.00,יחידה,false,1,45.00,45.00,true,1,
30160903,false,לוריאל - מסקרה אייר 30 שעות,,IT,מסקרה מגה ווליום,יחידה,1.00,יחידה,false,1,50.00,50.00,true,1,
30162174,false,לוריאל - מסקרה אייר עמידה במים,,IT,VOLUME AIR מסקרה,יחידה,1.00,יחידה,false,1,50.00,50.00,true,1,
30166967,false,מייבלין - מסקרה סקיי היי,סייפו,IT,מסקרה HIGH SKY,יחידה,1.00,יחידה,false,1,45.00,45.00,true,1,
30173361,false,קולור קווין 38יח',,IL,קולור קווין 38,יחידה,1.00,יחידה,false,1,35.00,35.00,true,1,
30173385,false,קולור קווין 40יח',,IL,קולור קווין 40,יחידה,1.00,יחידה,false,1,35.00,35.00,true,1,
30173422,false,לוריאל - קונסילר אינפליבל 332,לוריאל,IL,קונסילר אינפליבל,יחידה,1.00,יחידה,false,1,67.90,67.90,true,1,
30173613,false,לוריאל - קונסילר אינפליבל 326,לוריאל,FR,קונסילר אינפליבל,יחידה,1.00,יחידה,false,1,67.90,67.90,true,1,
30173651,false,לוריאל - קונסילר אינפליבל 330,לוריאל,FR,קונסילר אינפליבל,יחידה,1.00,יחידה,false,1,67.90,67.90,true,1,
30175587,false,קונסילר סופר סטיי 30 6 מ,,IL,קונסילר סופר סטי,מיליליטרים,6.00,"100 מ""ל",false,1,40.00,666.67,true,1,
30175792,false,מסקרה במבי שחור יח',,IL,מסקרה במבי שחור,יחידה,1.00,יחידה,false,1,59.90,59.90,true,1,
30179493,false,מסקרה שחורה Air Volume Mega,לוריאל פריז L'OREAL PARIS,IT,מסקרה מגה ווליום,יחידה,1.00,יחידה,false,1,50.00,50.00,true,1,
42182115,false,אורביט פייב ספירמינט 12 סטיקס 29 גר,ריגלי צרפת,FR,5 מנטה עדינה,גרמים,40.00,100 גרם,false,0,6.90,17.25,true,1,
42188889,false,אורביט פייב אבטיח 12 סטיקס 29 גר,ריגלי צרפת,FR,מסטיק 5 אבטיח,גרמים,40.00,100 גרם,false,0,6.90,17.25,true,1,
42207443,false,"ניוואה קרם רב שימושי קליל 50 מ""ל",ביירסדורץ,IL,קרם ניוואה סופט,מיליליטרים,50.00,"100 מ""ל",false,0,8.90,17.80,true,1,
42299363,false,"ניוואה - דאודורנט רול און לגבר פרש פאוור 50 מ""ל",ביירסדורץ,DE,דאודורנט ניוואה,מיליליטרים,50.00,"100 מ""ל",false,1,23.90,47.80,true,1,
50120000,false,"דאב - דאודורנט רול און לאישה פרש ללא סימן 50 מ""ל",יוניליוור אנגליה,PH,דאו רול אינביזיב,מיליליטרים,50.00,"100 מ""ל",false,1,12.90,25.80,true,1,
50204830,false,אוטן פלוס תרסיס דוחה יתושים וחרקים,אוטן Autan,IL,אוטן תרסיס,מיליליטרים,100.00,"100 מ""ל",false,0,26.90,26.90,true,1,
50398904,false,"קרם חמצן 6% אינדולה 60 מ""ל",גדעון קוסמטיקס,IL,קרם חמצן 6%,מיליליטרים,60.00,"100 מ""ל",false,0,4.90,8.17,true,1,
50398911,false,"קרם חמצן 9% בקבוק 60 מ""ל",שוורצקופ,IL,קרם חמצן 9%,מיליליטרים,60.00,"100 מ""ל",false,0,4.90,8.17,true,1,
59016441,false,"רקסונה - דאודורנט רול און לאישה פרוט ספין 50 מ""ל","יוניליוור אנגליה, דרך קו",GB,דאו.רקסונה,מיליליטרים,50.00,"100 מ""ל",false,1,17.90,35.80,true,1,
59082637,false,"רקסונה - דאודורנט רולאון לגבר אקסטרא קול 50 מ""ל",יוניליוור פיליפינים,GB,רקסונה רול און,מיליליטרים,50.00,"100 מ""ל",false,1,17.90,35.80,true,1,
72994061,false,חטיף פסק זמן GOOD גלילית לבן 40 גרם,שולן צ'\יקולטה גידה סאן.,TR,פסק זמן 2 גוד,גרמים,36.00,100 גרם,false,0,5.00,13.89,true,1,
80050124,false,סוכריות טיק טק מנטה 16 גרם,פררו - אלבה,ZA,סוכריות טיק טק,גרמים,16.00,100 גרם,false,0,3.90,24.38,true,1,
80136194,false,חטיפי הפי היפו Happy Hippo במילוי קרם חלבי ואגוזי לוז,קינדר Kinder,DE,חטיף הפי היפו5יח,גרמים,115.00,100 גרם,false,1,13.90,12.09,true,1,
80177173,false,ממרח שוקולד נוטלה 350 גרם,פררו - אלבה,IT,ממרח נוטלה,גרמים,350.00,100 גרם,false,0,15.90,4.54,true,1,
80177609,false,אצבעות שוקולד קינדר Kinder ארבע יחידות,פררו - אלבה,IT,אצבעות קינדר,גרמים,50.00,100 גרם,false,0,5.00,10.00,true,1,
80761761,false,קינדר בואנו לבן בודד 39 גרם,ליימן שליסל,PL,קינדר בואנו לבן,גרמים,39.00,100 גרם,false,0,5.00,12.82,true,1,
80773443,false,מנטוס בקבוק מעוגל - מסטיק ללא סוכר בטעם מנטה 60 גרם,"פרפטי ואן מלה ג'\ידה,סאן",TR,מסטיק מנטוס,גרמים,60.00,100 גרם,false,1,9.90,16.50,true,1,
80831402,false,סוכריות מנטוס מנטה עדינה 30 יח' ללא סוכר CLEAN BREATH,פרפטי ואן מלה,NL,סוכריות מנטה,גרמים,21.00,100 גרם,false,1,6.90,32.86,true,1,
80843184,false,מנטוס מסטיק פיור פרש בטעם ענבים 60גר,פרפטי ואן מלה הולנד,TR,מסטיק מנטוס,גרמים,60.00,100 גרם,false,1,9.90,16.50,true,1,
80854753,false,סוכריות מנטוס מנטה 30 יח' ללא סוכר CLEAN BREATH,פרפטי ואן מלה,NL,סוכריות מנטוס,גרמים,21.00,100 גרם,false,1,6.90,32.86,true,1,
80864295,false,סוכריות פיור וויט טעם מנטה עדינה 60 ג' מנטוס,"פרפטי ואן מלה ג'ידה,סאן",TR,מנטוס פיור וויט,גרמים,60.00,100 גרם,false,1,10.90,18.17,true,1,
80874652,false,קינדר קארדס 120 גרם - בודד,פררו,IT,קינדר קארדס,גרמים,26.00,100 גרם,false,1,4.30,16.54,true,1,
80979128,false,מנטוס מסטיק בקבוק מעוגל בטעם דובדבן,פרפטי ואן מלה הולנד,TR,מסטיק מנטוס,גרמים,60.00,100 גרם,false,1,9.90,16.50,true,1,
87108538,false,סוכריות בטעם תות מנטוס 37.5 גרם,הדקלאים אגודת שיתופי,NL,מנטוס תות,גרמים,37.00,100 גרם,false,0,3.90,10.54,true,1,
87108651,false,סוכריות בטעם מנטה מנטוס 4*37.5 גרם,הדקלאים אגודת שיתופי,NL,מנטוס מנטה 4 יח',גרמים,150.00,100 גרם,false,0,11.90,7.93,true,1,
87108712,false,סוכריות בטעם פירות מנטוס 4*37.5 גרם,פרפטי ואן מלה ברדה,NL,מנטוס פירות 4,גרמים,150.00,100 גרם,false,0,11.90,7.93,true,1,
96033531,true,דאודורנט רול-און רימונים,"יוניליוור אנגליה, דרך קו",GB,דאו רולאון רימון,מיליליטרים,50.00,"100 מ""ל",false,1,12.90,25.80,true,1,
96130339,true,דאו.דאב 0% אלומיניום 50מ,"יוניליוור אנגליה, דרך קו",IT,דאודורנט דאב,מיליליטרים,50.00,"100 מ""ל",false,1,12.90,25.80,true,1,
16000423534,false,חטיפי גרנולה קראנצ'י עם שיבולת שועל ושוקולד מריר נייצ'ר ואלי 5*42 גרם,ג'נרל מילס סאן אדריאן,ES,חטיף נייצ'ר ואלי,גרמים,210.00,100 גרם,false,0,15.90,7.57,true,1,
20714157760,false,קליניק אול אבאוט אייס 15 מל,קליניק,GB,EYES ABOUT ALL,מיליליטרים,15.00,"100 מ""ל",false,0,209.00,1393.33,true,1,
20714192334,false,IMPACT HIGH מסקרה 01,קליניק,CA,IMPACT HIGH 01,יחידה,1.00,יחידה,false,0,125.00,125.00,true,1,
20714227685,false,קליניק סבון נוזלי לפנים לעור שמן,קליניק,GB,Facial Liquid,מיליליטרים,200.00,"100 מ""ל",false,0,115.00,57.50,true,1,
20714462727,false,קליניק קליריפיינג לושן 02 400 מל,קליניק,GB,מי הסרה מס 2,מיליליטרים,400.00,"100 מ""ל",false,0,195.00,48.75,true,1,
20714462758,false,קליניק קליריפיינג לושן 01 200 מל,קליניק,GB,מי הסרה לפנים,מיליליטרים,200.00,"100 מ""ל",false,0,115.00,57.50,true,1,
20714776114,false,קלינק תכשיר הגנה לפנים SPF50,קליניק,BE,קרם הגנה מינרלי,מיליליטרים,30.00,"100 מ""ל",false,0,125.00,416.67,true,1,
20714859459,false,קליניק מי הסרה גמבו סוג עור 2 487 מל,קליניק,GB,מי הסרה עור יבש,מיליליטרים,487.00,"100 מ""ל",false,0,215.00,44.15,true,1,
22200956932,false,דאודורנט ספיד סטיק גל 24/7 כחול 85 גר,הנסיך- מפעל לייצור ט,US,דאודורנט ג'ל,גרמים,85.00,100 גרם,false,0,17.90,21.06,true,1,
22200956949,false,דאודורנט ג'ל כתום לגבר ספיד סטיק 85 גרם,קולגייט-פלמוליב,US,דאודורנט,גרמים,85.00,100 גרם,false,0,17.90,21.06,true,1,
25700005698,false,זיפלוק שקיות אחסון בינוניות 24 יחידות,אס.סי.גונסון ובניו,US,שקיות אחסון,יחידה,1.00,יחידה,false,1,13.90,13.90,true,1,
27131043294,false,Pleasures לאישה אדפ 50מל,אסתי לאודר בישו,US,Pleasures לאישה,מיליליטרים,50.00,"100 מ""ל",false,0,219.00,438.00,true,1,
27131043317,false,Pleasures אדפ לאשה 100מל,אסתי לאודר בישו,CN,Pleasures אדפ לא,מיליליטרים,100.00,"100 מ""ל",false,0,269.00,269.00,true,1,
27131392392,false,WEAR DOUBLE מייק אפ 3N2,אסתי לאודר,BE,מייק אפ 3N2,מיליליטרים,30.00,"100 מ""ל",false,0,235.00,783.33,true,1,
27131977520,false,WEAR DOUBLE מייק אפ 3W2,אסתי לאודר,BE,מייק אפ 3W2,מיליליטרים,30.00,"100 מ""ל",false,0,235.00,783.33,true,1,
36000516876,false,ממחטות נייר קלינקס לושן 3 שכבות 75 דף,חוגלה קימברלי,US,קלינקס לושן,יחידה,1.00,יחידה,false,1,12.90,12.90,true,1,
36000516890,false,ממחטות אף עם אלוורה + ויטמין E תלת שכבתי,חוגלה קימברלי,US,קלינקס לושן,יחידה,1.00,יחידה,false,1,19.90,19.90,true,1,
37977005288,false,מאם מוצצים סיליקון 6+ תכלת לבן,מאם Mam,HU,זוג מוצצים,יחידה,1.00,יחידה,false,0,38.90,38.90,true,1,
37977050059,false,מוצץ לתינוק ללא ביספנול 0-2 מאם 2 יחידות,General,HU,זוג מוצצים,יחידה,1.00,יחידה,false,0,38.90,38.90,true,1,
46688100250,false,ז`ולן קרם מבהיר רגיל 28 גרם,General,US,קרם מבהיר שיער,גרמים,28.00,100 גרם,false,0,76.90,274.64,true,1,
77975094778,false,שברי בייגלה סניידרס בטעם דבש חרדל 340 גר,סניידרס אוף האנובר,US,סניידרס דבש חרדל,גרמים,340.00,100 גרם,false,1,16.90,4.97,true,1,
78300098379,false,פלייטקס טמפונים רגולר סימפלי גנטל גלייד 20י,פלייטקס מניפאקטורינג בעמ,US,טמפונים עם מוליך,יחידה,1.00,יחידה,false,1,22.90,22.90,true,1,
79625014136,false,מברשת פודרה קיבוע מייקאפ,,IL,מברשת פודרה לקיב,יחידה,1.00,יחידה,false,1,45.00,45.00,true,1,
79625017861,false,מארז סט מברשות,,IL,מארז סט מברשות,יחידה,1.00,יחידה,false,1,99.00,99.00,true,1,
79625018998,false,מברשת להנחת מייק אפ,,IL,nברשת להנחת מיי,יחידה,1.00,יחידה,false,1,65.00,65.00,true,1,
79625915662,false,ספוגית מייק אפ יח',,IL,ספוגית מייק אפ,יחידה,1.00,יחידה,false,1,40.00,40.00,true,1,
85715326508,false,גאס בלה ויטה אדט רוז100מ,אינטר פרמיום,FR,גאס בלה ויטה אדט,מיליליטרים,100.00,"100 מ""ל",false,1,209.00,209.00,true,1,
85805390600,false,"פיפט אבניו 5th Avenue אדפ לאישה 125 מ""ל - אליזבת ארדן",אלפא בישום,US,פיפט אווניו אדפ,מיליליטרים,125.00,"100 מ""ל",false,0,199.00,159.20,true,1,
85805558420,false,"רד דור אדט לאישה 100 מ""ל - אליזבת ארדן",,US,רד דור אדט,מיליליטרים,100.00,"100 מ""ל",false,0,219.00,219.00,true,1,
90891248537,false,פדים לבריחת שתן לנשים שימוש יום/לילה OVER NIGHT,QUALITY FIRST,US,סופגן נשים אובר,יחידה,1.00,יחידה,false,1,19.90,19.90,true,1,
192333081020,false,קליניק תכשיר ניקוי ופילינג במוצר אחד במר,General,BE,תכשיר ניקוי ופיל,מיליליטרים,150.00,"100 מ""ל",false,1,129.00,86.00,true,1,
305210043596,false,"וזלין - תחליב לחות עם תמצית לוונדר 600 מ""ל","יוניליוור, ג'\פרסון סיטי",US,וזלין תחליב לחות,מיליליטרים,600.00,"100 מ""ל",false,1,25.90,4.32,true,1,
305210317079,false,וזלין מיני לשפתיים חמאת קקאו 9 גר,"יוניליוור ג'ונסבורו,",US,וזלין לשפתיים,יחידה,1.00,יחידה,false,1,14.90,14.90,true,1,
305210464728,false,וזלין מיני לשפתיים בטעם קרם ברולה,"יונילוור ארה""ב - HPC",US,וזלין לשפתיים קר,יחידה,1.00,יחידה,false,1,14.90,14.90,true,1,
309970039523,false,שפתון סופר לסטרוס מאט 14,,US,שפתון סופר לסטרו,יחידה,1.00,יחידה,false,1,49.90,49.90,true,1,
309970048563,false,קנדיד פודרה 002 יח',רבלון,FR,קנדיד פודרה 002,יחידה,1.00,יחידה,false,1,65.00,65.00,true,1,
309970093297,false,סקין לייט הייליטר 201 יח,,US,סקין לייט הייליט,יחידה,1.00,יחידה,false,1,69.90,69.90,true,1,
309974172073,false,עיפרון שפתיים ק.סטיי635,רבלון,US,עיפרון שפתיים ק.,יחידה,1.00,יחידה,false,0,41.90,41.90,true,1,
309975410013,false,מייק אפ קולורסטיי 110,רבלון,US,מייק אפ קולורסטי,מיליליטרים,30.00,"100 מ""ל",false,0,104.90,349.67,true,1,
309975410020,false,מייק אפ קולורסטיי 150,רבלון,US,מייק אפ קולורסטי,מיליליטרים,30.00,"100 מ""ל",false,0,104.90,349.67,true,1,
309975410037,false,מייק אפ קולורסטיי 180,רבלון,US,מייק אפ קולורסטי,מיליליטרים,30.00,"100 מ""ל",false,0,104.90,349.67,true,1,
309975410044,false,מייק אפ קולורסטיי 200,רבלון,US,מייק אפ קולורסטי,מיליליטרים,30.00,"100 מ""ל",false,0,104.90,349.67,true,1,
309975410068,false,מייק אפ קולורסטיי 240,רבלון,US,מייק אפ קולורסטי,מיליליטרים,30.00,"100 מ""ל",false,0,104.90,349.67,true,1,
309975410112,false,מייק אפ Tan Natural 330,רבלון,US,מייק אפ,מיליליטרים,30.00,"100 מ""ל",false,0,104.90,349.67,true,1,
309975415032,false,מייק אפ ק.סטיי180,רבלון,US,מייק אפ ק.סטיי18,מיליליטרים,30.00,"100 מ""ל",false,0,104.90,349.67,true,1,
309975415063,false,מייק אפ קולורסטיי 240,רבלון,US,מייק אפ קולורסטי,מיליליטרים,30.00,"100 מ""ל",false,0,104.90,349.67,true,1,
309979380145,false,שפתון ק.סטיי אוברטיים014,רבלון,US,שפתון ק.סטיי אוב,יחידה,1.00,יחידה,false,0,72.90,72.90,true,1,
309979380268,false,שפתון ק.סטיי אוברטיים026,רבלון,US,שפתון ק.סטיי אוב,יחידה,1.00,יחידה,false,0,72.90,72.90,true,1,
608940543313,false,"ריהנה REB'L FLEUR(א) אדפ 100מ""ל",אלפא בישום,US,Fleur Reb'l לאשה,מיליליטרים,100.00,"100 מ""ל",false,0,99.00,99.00,true,1,
608940570470,false,בלאק בולד אדט לגבר100מל,,US,בלאק בולד אדט,מיליליטרים,100.00,"100 מ""ל",false,0,129.00,129.00,true,1,
608940574706,false,"רבל פלור לאב אלוויז אדפ 100 מ""ל - ריהאנה",,US,ALWAYS LOVE RRF,מיליליטרים,100.00,"100 מ""ל",false,1,99.00,99.00,true,1,
608940577752,false,רוז ראש פרגרנס מיסט236מל,,US,רוז ראש,מיליליטרים,236.00,"100 מ""ל",false,0,39.00,16.52,true,1,
651080161510,false,פלקרס פולסר לשיניים צפופות-מנטה 35 יחידו,מיוצר עי קונדיטוריית,CN,קיסם עם חוט,יחידה,1.00,יחידה,false,1,13.50,13.50,true,1,
651080647519,false,קיסמים עם חוט דנטלי פלאקרס מנטה 35 יחידות,"פלקרס רנור ארה""ב",US,קיסם עם חוט,יחידה,1.00,יחידה,false,1,13.50,13.50,true,1,
667548099172,false,"ו.סיקרט בודי ספריי באר ונילה 250מ""ל",ויקטוריה סיקרט,IL,באר ונילה,מיליליטרים,250.00,"100 מ""ל",false,1,59.00,23.60,true,1,
667548099219,false,"ויקטוריה סיקרט - בודי ספריי אמבר רומאנס 250 מ""ל",ויקטוריה סיקרט,IL,אמבר רומנס,מיליליטרים,250.00,"100 מ""ל",false,1,59.00,23.60,true,1,
667548800501,false,"ו.סיקרט בודי ספריי רומנטיק 250מ""ל",ויקטוריה סיקרט,US,רומנטיק פרגרנס,מיליליטרים,250.00,"100 מ""ל",false,1,59.00,23.60,true,1,
667548879347,false,"מיי גוף ספריי אקווה קיס ויקטוריה סיקרט - 250 מ""ל",ויקטוריה סיקרט,US,אקווה קיס פרגרנ,מיליליטרים,250.00,"100 מ""ל",false,1,59.00,23.60,true,1,
667548879354,false,"ו.סיקריט (א.חדשה) בודי ספריי לאב אדיקט 250מ""ל",ויקטוריה סיקרט,FR,לאב אדיקט,מיליליטרים,250.00,"100 מ""ל",false,1,59.00,23.60,true,1,
693102800199,false,פאלטת 5 צלליות לוקס יח',,IL,פאלטת 5 צלליות ל,יחידה,1.00,יחידה,false,1,135.00,135.00,true,1,
693102800205,false,פאלטת 5 צלליות סימפוני י,,IL,פאלטת 5 צלליות ס,יחידה,1.00,יחידה,false,1,135.00,135.00,true,1,
714324901416,false,גיוואגו גולדן סנרייז100מ,לילית בישום,FR,גיוואגו גולדן סנ,מיליליטרים,100.00,"100 מ""ל",false,1,369.00,369.00,true,1,
714324901621,false,מגנטיק גולד אדום אדפ100מ,,FR,מגנטיק גולד שחור,מיליליטרים,400.00,"100 מ""ל",false,1,349.00,87.25,true,1,
719346065405,false,"פנטזי אדפ לאישה 100 מ""ל - בריטני ספירס",בריטני ספירס BRITNEY SPEARS,US,fantasy א.ד.פ,מיליליטרים,100.00,"100 מ""ל",false,0,99.00,99.00,true,1,
719565405907,false,פרוזן מארז 12 לקים,,CN,פרוזן 12 לקים,יחידה,1.00,יחידה,false,0,63.90,63.90,true,1,
719565465338,false,סט פרוזן 15 לקים,,CN,סט 15 לקים,יחידה,1.00,יחידה,false,0,94.90,94.90,true,1,
729238147751,false,עפרון גבות 03,שיסיידו איפור,FR,עפרון גבות,יחידה,1.00,יחידה,false,1,130.00,130.00,true,1,
730852147690,false,מסקרה אינק 04יח',,IL,מסקרה אינק 04,יחידה,1.00,יחידה,false,1,160.00,160.00,true,1,
768614141761,false,שיסיידו אקספרט תחליב הגנה אנטי אייגינג,לילית,FR,תחליב הגנה מהשמש,מיליליטרים,100.00,"100 מ""ל",false,1,129.00,129.00,true,1,
768614171522,false,שיסיידו מוס ניקוי לגבר 125 מל,לילית,FR,מוס ניקוי לגבר,מיליליטרים,40.00,"100 מ""ל",false,1,159.00,397.50,true,1,
768614184089,false,שיסיידו קרם פנים לגבר 50 מל,שסייאדו,FR,קרם פנים לגבר,מיליליטרים,50.00,"100 מ""ל",false,1,380.00,760.00,true,1,
809217831052,false,"מייבש לק טופקוט 14 מ""ל",,US,מייבש לק טופקוט,מיליליטרים,14.00,"100 מ""ל",false,1,49.90,356.43,true,1,
812256024279,false,טנקיו נקסט אריאנה גרדנה אדפ 100 מ''ל,,IL,טנקיו נקסט אדפ,מיליליטרים,100.00,"100 מ""ל",false,1,299.00,299.00,true,1,
812256025467,false,"R.E.M אדפ 100 מ""ל",,US,R.E.M אדפ,מיליליטרים,100.00,"100 מ""ל",false,1,319.00,319.00,true,1,
815151025488,false,"דריי שמפו 232 מ""ל",,IL,דריי שמפו 232 מ,מיליליטרים,232.00,"100 מ""ל",false,1,99.00,42.67,true,1,
815151025686,false,נומוקור שמפו לשיער 300 מ,,IL,נומוקור שמפו לשי,מיליליטרים,300.00,"100 מ""ל",false,1,99.00,33.00,true,1,
815151025945,false,color-lock VAULT שמפו 30,,IL,color-lock VAULT,מיליליטרים,300.00,"100 מ""ל",false,1,99.00,33.00,true,1,
815151028892,false,"מסיכה נגד קשקשים 250 מ""ל",,IL,מסיכה נגד קשקשים,מיליליטרים,250.00,"100 מ""ל",false,1,139.00,55.60,true,1,
861940000006,false,"ג'סיקה מקלינטוק א.ד.פ 100 מ""ל",,US,ג'סיקה מקלינטוק,מיליליטרים,100.00,"100 מ""ל",false,1,109.00,109.00,true,1,
3014260007867,false,מברשות שיניים אורל ב,פרוקטר & גמבל,IL,מ. שיניים סופט P,יחידה,1.00,יחידה,false,1,24.90,24.90,true,1,
3014260243531,false,ג'ילט מאך 3 סכינים 4 יח',פרוקטר אנד גמבל,PL,סכיני גילוח מא,יחידה,1.00,יחידה,false,0,58.90,58.90,true,1,
3014260246693,false,סכיני גילוח חד פעמי ונוס סימפלי רביעייה,פרוקטר & גמבל,IL,סכיני ונוס סימפל,יחידה,1.00,יחידה,false,0,9.90,9.90,true,1,
3014260262709,false,סכין גילוח ונוס לנשים 4 יחידות,ג'ילט ונוס Gillette Venus,DE,סכיני גילוח ונ,יחידה,1.00,יחידה,false,0,49.90,49.90,true,1,
3014260289287,false,סכין גילוח גילט בלו 2 לנשים-חמישייה,פרוקטר אנד גמבל,RU,סכיני גילוח,יחידה,1.00,יחידה,false,0,15.90,15.90,true,1,
3014260293253,false,סכין בלו 2 פלוס עשיריה נשים GILLETTE,ג'\ילט,US,ג'ילט סכין בלו 2,יחידה,1.00,יחידה,false,1,29.90,29.90,true,1,
3137370357476,false,"נינה א.ד.ט לאשה 80 מ""ל",PUIG בישום,ES,נינה א.ד.ט לאשה,מיליליטרים,80.00,"100 מ""ל",false,1,230.00,287.50,true,1,
3145891165203,false,שאנל מדמוזאל א.ד.פ (א) 100 מ''ל,שאנל,US,קוקו מדמוזל שאנל,מיליליטרים,100.00,"100 מ""ל",false,1,689.00,689.00,true,1,
3348900147324,false,"פרנהייט אדט לגבר 200מ""ל",,IL,פרנהייט אדט לגבר,מיליליטרים,200.00,"100 מ""ל",false,1,639.00,319.50,true,1,
3348901520065,false,דיור סובאג' 200 פיור פריום,,FR,סובאג' פיור פרפי,מיליליטרים,200.00,"100 מ""ל",false,1,849.00,424.50,true,1,
3349668576111,false,"בלאק אקסס אדט 100 מ""ל",,FR,בלאק אקסס אדט,מיליליטרים,100.00,"100 מ""ל",false,1,229.00,229.00,true,1,
3349668576173,false,XS PURE א.ד.ט לגבר 100 מ,PUIG בישום,FR,XS PURE א.ד.ט לג,מיליליטרים,100.00,"100 מ""ל",false,1,249.00,249.00,true,1,
3349668585694,false,"ליידי מיליון אדפ 80 מ""ל",,IL,ליידי מיליון אדפ,מיליליטרים,80.00,"100 מ""ל",false,1,279.00,348.75,true,1,
3349668599110,false,אינויקטוס פלטינו.אדפ100מ,,FR,אינויקטוס פלטינו,מיליליטרים,100.00,"100 מ""ל",false,1,289.00,289.00,true,1,
3355991004597,false,"סילבר סנט דיפ ג'ייקוב בוגרט - א.ד.ט 100 מ""ל",אלפא בישום,FR,scent silver,מיליליטרים,100.00,"100 מ""ל",false,1,99.00,99.00,true,1,
3360373063680,false,קשארל אמור אמור א.ד.ט 100 מ''ל,קשארל,FR,AMOR AMOR א.ד.ט,מיליליטרים,100.00,"100 מ""ל",false,0,209.00,209.00,true,1,
3386460078597,false,"טוקד לאשה אדט 100 מ""ל",,FR,טוקד לאשה,מיליליטרים,100.00,"100 מ""ל",false,1,139.00,139.00,true,1,
3386460101066,false,אפטר שייב מונבלאן150מל,,IL,א.שייב מונבלאן,מיליליטרים,150.00,"100 מ""ל",false,1,99.00,66.00,true,1,
3386460131223,false,מארז רושס מדמוזל לאשה,אינטר פרמיום,FR,רושס מדמוזל סט,יחידה,1.00,יחידה,false,1,309.00,309.00,true,1,
3386461517033,false,קרם גוף לנוון אקלט 150מל,,FR,קרם גוף לנוון אק,מיליליטרים,150.00,"100 מ""ל",false,1,79.90,53.27,true,1,
3390150563324,false,פאיו אקספרס ניקוי לפנים עיניים ושפתיים,לילית,FR,ניקוי אקספר,מיליליטרים,400.00,"100 מ""ל",false,0,89.00,22.25,true,1,
3412242310071,false,"בושם אדידס DYNAMIC PULSE 100 מ""ל",COTY,ES,PULSE DYNAMIC,מיליליטרים,100.00,"100 מ""ל",false,0,39.90,39.90,true,1,
3412242508027,false,נאוטיקה בלו אדט גבר100מל,סופטאץ בישום,IL,נאוטיקה בלו אדט,מיליליטרים,100.00,"100 מ""ל",false,0,79.00,79.00,true,1,
3412242610089,false,אדט אדידס אייס דייב100מ,דנשר,IL,א.ד.ט אדידס,מיליליטרים,100.00,"100 מ""ל",false,0,39.90,39.90,true,1,
3414206000608,false,"ג'ופ (יופ!) הום (ג) א.ד.ט 125 מ""ל",לילית בישום,FR,יופ א.ד.ט לגבר,מיליליטרים,125.00,"100 מ""ל",false,0,98.00,78.40,true,1,
3423222015565,false,לימפטריס מס' 3 אדט 100 מ,,FR,לימפטריס מס' 3 א,מיליליטרים,100.00,"100 מ""ל",false,1,149.00,149.00,true,1,
3423222047948,false,מיאקי לאו דיסי אדט מארז,פרסטיג' שיסיידו,FR,מיאקי לאו דיסי ס,יחידה,1.00,יחידה,false,1,339.00,339.00,true,1,
3423222055660,false,נרסיסו קריסטל אדפ רולאון,פרסטיג' שיסיידו,FR,נרסיסו קריסטל רו,יחידה,1.00,יחידה,false,1,4.90,4.90,true,1,
3423222055752,false,סט נרסיסו פודרה מארז,,FR,נרסיסו פודרה מאר,יחידה,1.00,יחידה,false,1,469.00,469.00,true,1,
3423222067472,false,מארז זדיג דיס איז הר אדפ,,FR,זדיג דיס איז הר,מיליליטרים,110.00,"100 מ""ל",false,1,339.00,308.18,true,1,
3423473020233,false,"לייט בלו אדט לאישה 100 מ""ל - דולצ'ה וגבאנה",דולצ'ה&גב.שסטוב,IL,blue light א.ד.ט,מיליליטרים,100.00,"100 מ""ל",false,0,299.00,299.00,true,1,
3423473032816,false,לייט בלו אינטנס אדפ,דולצ'ה&גב.שסטוב,FR,לייט בלו אינטנס,מיליליטרים,100.00,"100 מ""ל",false,1,319.00,319.00,true,1,
3423473109754,false,לייט בלו לאב איז לאב125מ,,IL,לייט בלו לאב איז,מיליליטרים,125.00,"100 מ""ל",false,1,309.00,247.20,true,1,
3423474887057,false,מארז איסי מיאקי נואידיסי,,FR,מארז איסי מיאקי,יחידה,1.00,יחידה,false,1,299.00,299.00,true,1,
3423478503359,false,מארז נרסיסו פלור מאסק יח,,FR,מארז נרסיסו פלור,יחידה,1.00,יחידה,false,1,450.00,450.00,true,1,
3423478926653,false,נרסיסו תחליב גוף 200מל,נרסיסו רדריגז,FR,נרסיסו תחליב גוף,מיליליטרים,200.00,"100 מ""ל",false,0,189.00,94.50,true,1,
3439600056921,false,אליין אדפ ניתן למילוי 60 מל,,FR,אליאן א.ד.פ,מיליליטרים,60.00,"100 מ""ל",false,1,359.00,598.33,true,1,
3494800042020,false,Classique  א.ד.פ לאשה,רבלון בישום,FR,Classique  לאשה,מיליליטרים,50.00,"100 מ""ל",false,0,98.90,197.80,true,1,
3562700373084,false,"יגואר כחול אדט לגבר 100 מ""ל - יגואר",לילית בישום,FR,יגואר אדט לגבר,מיליליטרים,100.00,"100 מ""ל",false,0,89.00,89.00,true,1,
3574660115154,false,או-בה טמפונים קלאסי סופר 32יח',ג'\ונסון אנד ג'\ונסון,GR,טמפוני או בה,יחידה,1.00,יחידה,false,0,24.90,24.90,true,1,
3574660239829,false,קרם ידיים קל סדרה נורבגית נוטרוגינה 50 מ,ניוטרוג'ינה Neutrogena,FR,קרם ידיים קליל,מיליליטרים,75.00,"100 מ""ל",false,0,28.90,38.53,true,1,
3574660240009,false,טמפונים או בה נורמל,ג'ונסון,GR,או-בה נורמל,יחידה,1.00,יחידה,false,1,14.90,14.90,true,1,
3574660240030,false,טמפונים או בה פרו קומפורט נורמל 32 יח,פארמה דיל,GR,או-בה נורמל פרו,יחידה,1.00,יחידה,false,1,19.90,19.90,true,1,
3574660514643,false,נטרוגינה קרם לחות מרגיע לגוף ולפנים 300,ניוטרוג'ינה Neutrogena,IT,"קרם רב""ש",מיליליטרים,300.00,"100 מ""ל",false,0,26.90,8.97,true,1,
3574661003917,false,מי פה ליסטרין טוטל קר250,ג'\ונסון אנד ג'\ונסון,IT,מי פה ליסטרין,מיליליטרים,250.00,"100 מ""ל",false,0,9.90,3.96,true,1,
3574661003924,false,שטיפת פה טוטאל קר בטעם מנטה צלול,ג'\ונסון אנד ג'\ונסון,IT,מי פה ליסטרין,מיליליטרים,500.00,"100 מ""ל",false,0,19.90,3.98,true,1,
3574661098937,false,נטרוגינה תחליב גוף-יבש סדרה נורווגית,ניוטרוג'ינה Neutrogena,FR,תחליב גוף,מיליליטרים,400.00,"100 מ""ל",false,1,29.90,7.48,true,1,
3574661114637,false,ליסטרין שטיפת פה קול מינט טעם מעודן 500,ג'\ונסון אנד ג'\ונסון,IT,מי פה ליסטרין,מיליליטרים,500.00,"100 מ""ל",false,1,19.90,3.98,true,1,
3574661200019,false,נוטרוגינה ת.גוף ויזבלי ריניו משאבה 400 מל,ניוטרוג'ינה Neutrogena,GR,תחליב גוף,מיליליטרים,400.00,"100 מ""ל",false,1,29.90,7.48,true,1,
3574661317021,false,נטרוגינה היידרובוסט מגבוני ניקוי 25 יח,שסטוביץ,PL,מגבונים לפנים,יחידה,1.00,יחידה,false,1,31.90,31.90,true,1,
3574661391373,false,הידרו בוסט תחליב קרם ג'ל גוף לעור רגיל עד יבש,ניוטרוג'ינה Neutrogena,GR,תחליב גוף הידרו,מיליליטרים,400.00,"100 מ""ל",false,1,43.90,10.98,true,1,
3574661393667,false,נטרוגינה הידרובוסט סרום לחות 30 מל,שסטוביץ,FR,הידרובוסט סרום ל,מיליליטרים,30.00,"100 מ""ל",false,1,89.90,299.67,true,1,
3574661487328,false,קרפרי מגני תחתון אורגינל פלוס 56 יח',הדקלאים אגודת שיתופי,IT,מגני תחתון קרפרי,יחידה,1.00,יחידה,false,1,14.90,14.90,true,1,
3574661487618,false,קרפרי מגן תחתון מקסי לארג'' מבושם 48 יח'',ג'ויה מעבדות לקוסמטי,IT,קרפרי מגני תחתון,יחידה,1.00,יחידה,false,1,14.90,14.90,true,1,
3574661487625,false,מגני תחתון פלוס לארג' בניחוח עדין L,הדקלאים אגודת שיתופי,IT,מגן תחתון קרפרי,יחידה,1.00,יחידה,false,1,14.90,14.90,true,1,
3574661491806,false,מי פה אדבנס וויט מנטה מסירה כתמים קשים,ג'\ונסון אנד ג'\ונסון,IT,מי פה ליסטרין,מיליליטרים,500.00,"100 מ""ל",false,1,19.90,3.98,true,1,
3574661500355,false,קרפרי מגן תחתון מקסי לונג רגיל 40 יח',ג'ויה מעבדות לקוסמטי,IT,מגני תחתון קרפרי,יחידה,1.00,יחידה,false,1,14.90,14.90,true,1,
3574661506272,false,קרפרי מגבונים אינטימיים אלוורה 20 יח,ג'\ונסון אנד ג'\ונסון,DE,מגבונים אינטימי,יחידה,1.00,יחידה,false,1,19.90,19.90,true,1,
3574661520353,false,נטרוגינה קליר& דיפנד גל לטיפול מהיר 15 מ,שסטוביץ,FR,ויזבלי קליר ג'ל,מיליליטרים,15.00,"100 מ""ל",false,1,53.90,359.33,true,1,
3574661552576,false,קרפרי מגן תחתון רגיל טנגה לבן 56 יח חדש,הדקלאים אגודת שיתופי,GR,מגני תחתון קרפרי,יחידה,1.00,יחידה,false,1,14.90,14.90,true,1,
3574661552804,false,מגן תחתון קרפרי אלוורה 56 יחידות,הדקלאים אגודת שיתופי,IT,מגני תחתון קרפרי,יחידה,1.00,יחידה,false,1,14.90,14.90,true,1,
3574661552811,false,מגן תחתון קרפרי כותון אוורירי 56 יחידות,הדקלאים אגודת שיתופי,GR,מגן תחתון קרפרי,יחידה,1.00,יחידה,false,1,14.90,14.90,true,1,
3574661554877,false,מגן תחתון קרפרי כותון מבושם 56 יחידות,הנסיך- מפעל לייצור ט,GR,מגני תחתון קרפרי,יחידה,1.00,יחידה,false,1,14.90,14.90,true,1,
3574661554884,false,קרפרי מגן תחתון רגיל טנגה מבושם 56 יח,הדקלאים אגודת שיתופי,IT,מגני תחתון קרפרי,יחידה,1.00,יחידה,false,1,14.90,14.90,true,1,
3574661610344,false,נטרוגינה קרם לחות עשיר ומרוכז לעור יבש ע,גונסון אנד גונסון סנטה ב,IT,ניוטרוג'ינה קרם,מיליליטרים,300.00,"100 מ""ל",false,1,26.90,8.97,true,1,
3574661646510,false,נטרוגינה קליר דפנד+ סרום יומי 200 מל,שסטוביץ,GR,קליר&דפנד סרום,מיליליטרים,30.00,"100 מ""ל",false,1,59.90,199.67,true,1,
3574669907682,false,גונסונס בייבי טלק 500 גרם חדש,גונסון אנד גונסון,IT,טלק ג'ונסון,גרמים,500.00,100 גרם,false,1,37.90,7.58,true,1,
3574669907767,false,גונסונס בייבי שמפו קמומיל 750 מל חדש,ג'ונסונס בייבי,IT,ג'ונסון שמפו,מיליליטרים,750.00,"100 מ""ל",false,1,28.90,3.85,true,1,
3595471065421,false,סט מרצדס אינטנס לגבר,מרצדס,FR,מרצדס אינטנס גבר,יחידה,1.00,יחידה,false,1,169.00,169.00,true,1,
3600520051789,false,לוריאל - שפתון קולוריש 362,סייפו,FR,שפתון קולור ריש,יחידה,1.00,יחידה,false,0,58.90,58.90,true,1,
3600520881799,false,לוריאל - מסקרה טלסקופיק שחור,לוריאל פריז L'OREAL PARIS,IT,TELESCOPIC מסקרה,יחידה,1.00,יחידה,false,0,63.90,63.90,true,1,
3600520986456,false,קסטינג קרם גלוס מס515' *,לוריאל פריז,BE,קסטינג קרם גלוס,יחידה,1.00,יחידה,false,1,34.90,34.90,true,1,
3600521094372,false,קסטינג קרם גלוס מס316',לוריאל פריז,BE,צבע שיער קסטינג,יחידה,1.00,יחידה,false,0,34.90,34.90,true,1,
3600521342015,false,לוריאל - שפתון קולוריש 258,סייפו,FR,שפתון קולור ריש,יחידה,1.00,יחידה,false,0,58.90,58.90,true,1,
3600521720219,false,קרם פנים לילה עם פעולה משולשת לכל סוגי העור,"קרלסרו, גרמניה",DE,קרם לילה,מיליליטרים,50.00,"100 מ""ל",false,0,49.90,99.80,true,1,
3600521821152,false,לוריאל - מסקרה מ.לאשס שחור,סייפו,FR,מסקרה ווליום,יחידה,1.00,יחידה,false,0,49.90,49.90,true,1,
3600522066798,false,לוריאל - מסקרה ווליום מגה קולגן שחור,סייפו,FR,MEGA מסקרה,יחידה,1.00,יחידה,false,0,81.90,81.90,true,1,
3600522236450,false,לוריאל - אקסלנס קרם 6.46 אדום בהיר נחושתי,לוריאל פריז,BE,אקסלנס6.46אדום,יחידה,1.00,יחידה,false,1,42.90,42.90,true,1,
3600522251750,false,לוריאל - דרמו רויטליפט לייזר עיניים,לוריאל,FR,קרם עיניים,מיליליטרים,15.00,"100 מ""ל",false,0,109.00,726.67,true,1,
3600522323303,false,לוריאל - דרמו אייג' פרפקט רנסנס לילה,"לוריאל פרודקשן דויטשלנד,",DE,PERFECT AGE קרם,מיליליטרים,50.00,"100 מ""ל",false,0,124.00,248.00,true,1,
3600522378051,false,לוריאל - אקסלנס קרם 6.32 חום בהיר זהוב מעודן,ליברמו,BE,צבע לשיער אקסלנס,יחידה,1.00,יחידה,false,1,42.90,42.90,true,1,
3600522825432,false,לוריאל - אקסלנס אינטנס 6.13 חום בהיר קר,ליברמו,BE,צבע לשיער אקסלנס,יחידה,1.00,יחידה,false,1,42.90,42.90,true,1,
3600522825463,false,לוריאל - אקסלנס אינטנס 6.66 אדום אינטנסבי לו,ליברמו,BE,צבע לשיער אקסלנס,יחידה,1.00,יחידה,false,1,42.90,42.90,true,1,
3600522838586,false,לוריאל רויטליפט לייזר X3 קרם-מסכה לילה,KARLSRUHE GERMANY,DE,קרם מסכה לילה,מיליליטרים,50.00,"100 מ""ל",false,0,109.00,218.00,true,1,
3600522862413,false,לוריאל - מייקאפ טרומאצ N4,לוריאל פריז L'OREAL PARIS,FR,N4 MATCH TRUE,מיליליטרים,30.00,"100 מ""ל",false,1,64.90,216.34,true,1,
3600522862482,false,לוריאל - מייקאפ טרומאצ C2,לוריאל פריז L'OREAL PARIS,FR,מייק אפ C2,מיליליטרים,30.00,"100 מ""ל",false,1,64.90,216.34,true,1,
3600522862499,false,לוריאל - מייקאפ טרומאצ C3,לוריאל,FR,C3 MATCH TRUE,מיליליטרים,30.00,"100 מ""ל",false,1,64.90,216.34,true,1,
3600522862543,false,לוריאל - מייקאפ טרומאצ W3,לוריאל פריז L'OREAL PARIS,FR,W3 MATCH TRUE,מיליליטרים,30.00,"100 מ""ל",false,1,64.90,216.34,true,1,
3600522877301,false,לוריאל - פריימר אינפלבל,סופרוג'ם,FR,פריימר אינפליבל,מיליליטרים,35.00,"100 מ""ל",false,1,78.90,225.43,true,1,
3600522884736,false,קסטינג 503 חום טבעי מוזהב,לוריאל פריז,BE,קסטינג קרם גלוס,יחידה,1.00,יחידה,false,1,34.90,34.90,true,1,
3600523192717,false,לוריאל - מג'יק ריטאצ' גוון 4 בלונד בז',לוריאל ליברמו,BE,מג'יק ריטאצ' 4 ב,מיליליטרים,75.00,"100 מ""ל",false,1,29.90,39.87,true,1,
3600523193141,false,תרסיס לכיסוי שורשי השיער Magic Retouch שחור,לוריאל ליברמו,BE,ספריי צבע שיער,מיליליטרים,75.00,"100 מ""ל",false,1,29.90,39.87,true,1,
3600523193158,false,תרסיס לכיסוי שורשי השיער Magic Retouch חום,לוריאל ליברמו,BE,ספריי לצביעה שיע,מיליליטרים,75.00,"100 מ""ל",false,1,29.90,39.87,true,1,
3600523193165,false,תרסיס לכיסוי שורשי השיער Magic Retouch חום בהיר,לוריאל ליברמו,BE,ספריי צבע לשיער,מיליליטרים,75.00,"100 מ""ל",false,1,29.90,39.87,true,1,
3600523201303,false,לוריאל - דרמו רויטליפט פילר לילה,קרלסרו,DE,קרם לילה,מיליליטרים,50.00,"100 מ""ל",false,1,84.90,169.80,true,1,
3600523201310,false,לוריאל - דרמו רויטליפט פילר עיניים,לוריאל,FR,קרם עיניים,מיליליטרים,15.00,"100 מ""ל",false,1,84.90,566.00,true,1,
3600523206834,false,רויטליפט פילר קרם יום אנטי אייג'ינג להשבת נפח,"קרלסרו, גרמניה",IT,קרם יום,מיליליטרים,50.00,"100 מ""ל",false,1,84.90,169.80,true,1,
3600523206841,false,לוריאל - דרמו רויטליפט פילר סרום,קוסמינט,IT,REVITALIFT סרום,מיליליטרים,16.00,"100 מ""ל",false,1,84.90,530.62,true,1,
3600523334506,false,לוריאל - עפרון גבות אייג 01,לוריאל איפור,DE,פרפקט גבות 01 בל,יחידה,1.00,יחידה,false,1,40.00,40.00,true,1,
3600523334575,false,לוריאל - עפרון גבות אייג 02,לוריאל איפור,DE,פרפקט גבות 01 מד,יחידה,1.00,יחידה,false,1,40.00,40.00,true,1,
3600523337712,false,לוריאל - מג'יק ריטאצ' 6 חום מהגוני,לוריאל,BE,מג'יק ריטאצ' חום,מיליליטרים,75.00,"100 מ""ל",false,1,29.90,39.87,true,1,
3600523363193,false,לוריאל הידרה גינייס גל לחות לעור יבש,"לוריאל פרודקשן דויטשלנד,",DE,HG ג'ל לחות,מיליליטרים,70.00,"100 מ""ל",false,1,60.00,85.71,true,1,
3600523430932,false,לוריאל - דרמו פיור קליי תרחיץ שחור,סופרורל,PL,תרחיץ פיור קלי,מיליליטרים,150.00,"100 מ""ל",false,1,35.90,23.93,true,1,
3600523448760,false,לוריאל סדרת פרחים חלב פנים לעור רגיש 400,"קרלסרו, גרמניה",DE,חלב פנים,מיליליטרים,400.00,"100 מ""ל",false,1,41.90,10.48,true,1,
3600523450435,false,לוריאל סדרת פרחים גל רחצה לעור רגיש 150,קרלסרו,DE,ג'ל רחצה לפנים,מיליליטרים,150.00,"100 מ""ל",false,1,35.90,23.93,true,1,
3600523500185,false,לוריאל - קונסילר טרו מאץ 2C,לוריאל,IL,קונסילר טרו מאץ,יחידה,1.00,יחידה,false,1,49.90,49.90,true,1,
3600523500284,false,קונסילר טרו מאץ 1C,לוריאל,IL,קונסילר טרו מאץ,יחידה,1.00,יחידה,false,1,49.90,49.90,true,1,
3600523587865,false,לוריאל - אלביב קרם לשיער דרים לונג 200,לוריאל - אלביב Elvive,DE,קרם לשיער אלביב,מיליליטרים,200.00,"100 מ""ל",false,1,21.30,10.65,true,1,
3600523614431,false,מייקאפ פרש וור145 30 מל,,FR,מייקאפ פרש וור,מיליליטרים,30.00,"100 מ""ל",false,1,99.90,333.00,true,1,
3600523614493,false,לוריאל - מייקאפ פרש וור 140,,FR,מייקאפ פרש וור,מיליליטרים,30.00,"100 מ""ל",false,1,99.90,333.00,true,1,
3600523614509,false,לוריאל - שפיינג סטיק אינפליבל 200,,FR,מייקאפ פרש וור,מיליליטרים,30.00,"100 מ""ל",false,1,99.90,333.00,true,1,
3600523614523,false,מייקאפ פרש וור 300 30 מל,,FR,מייקאפ פרש וור,מיליליטרים,30.00,"100 מ""ל",false,1,99.90,333.00,true,1,
3600523652242,false,"לוריאל - אלביב שמפו קולור פרוטקט 550 מ""ל",לוריאל - אלביב Elvive,TR,אלביב שמפו,מיליליטרים,550.00,"100 מ""ל",false,1,15.90,2.89,true,1,
3600523652259,false,"לוריאל - אלביב מרכך קולור פרוטקט 550 מ""ל",קוסמטיקס,TR,אלביב מרכך,מיליליטרים,550.00,"100 מ""ל",false,1,15.90,2.89,true,1,
3600523652297,false,"מרכך לשיער אלביב זהב 6 שמנים , 550 מ""ל",לוריאל - אלביב Elvive,TR,אלביב מרכך,מיליליטרים,550.00,"100 מ""ל",false,1,15.90,2.89,true,1,
3600523729067,false,שפתון מקרון עמיד 840 יח',,IT,שפתון מקרון עמיד,יחידה,1.00,יחידה,false,1,60.00,60.00,true,1,
3600523729111,false,שפתון מקרון עמיד 820 יח',,IL,שפתון מקרון עמיד,יחידה,1.00,יחידה,false,1,60.00,60.00,true,1,
3600523729128,false,שפתון מקרון עמיד 824 יח',,IL,שפתון מקרון עמיד,יחידה,1.00,יחידה,false,1,60.00,60.00,true,1,
3600523755660,false,לוריאל - אקסלנס קרם 2 חום שחור,לוריאל פריז,BE,קרם צבע לשיער ח,מיליליטרים,192.00,"100 מ""ל",false,1,42.90,22.34,true,1,
3600523756322,false,"לוריאל - אלביב מרכך קוקוס 550 מ""ל",קוסמטיקס,TR,מרכך אלביב,מיליליטרים,550.00,"100 מ""ל",false,1,15.90,2.89,true,1,
3600523782567,false,"לוריאל - אלביב שמפו דרים לונג 500 מ""ל",לוריאל - אלביב Elvive,FR,אלביב שמפו,מיליליטרים,500.00,"100 מ""ל",false,1,15.90,3.18,true,1,
3600523782581,false,מרכך מתיר קשרים לשיער ארוך ופגום Dream Long,לוריאל - אלביב Elvive,FR,אלביב מרכך,מיליליטרים,500.00,"100 מ""ל",false,1,15.90,3.18,true,1,
3600523784479,false,לוריאל - מייקאפ מאט קאבר 230,,IL,מייק אפ מאט קאבר,מיליליטרים,30.00,"100 מ""ל",false,1,103.90,346.33,true,1,
3600523794881,false,שפתון בריליאנט 306 יח',,FR,שפתון בריליאנט 3,יחידה,1.00,יחידה,false,1,60.00,60.00,true,1,
3600523796830,false,לוריאל - גבות סקיני 103,,IL,גבות סקיני 103,יחידה,1.00,יחידה,false,1,50.00,50.00,true,1,
3600523796854,false,לוריאל - גבות סקיני 105,,IL,גבות סקיני 105,יחידה,1.00,יחידה,false,1,50.00,50.00,true,1,
3600523807031,false,קאסטינג קרם גלוס 4102,לוריאל פריז,BE,צבע לשיער קסטינג,יחידה,1.00,יחידה,false,1,34.90,34.90,true,1,
3600523807048,false,קסטינג קרם גלוס 3102 *,לוריאל פריז,BE,צבע לשיער קסטינג,יחידה,1.00,יחידה,false,1,34.90,34.90,true,1,
3600523898770,false,לוריאל רויטליפט לייזר אמפוות לאפקט פילינ,לוריאל,DE,אמפולות רויטליפט,יחידה,1.00,יחידה,false,1,109.00,109.00,true,1,
3600523899906,false,אלביב מסכה פול רזיסט680מ,לוריאל-אלביב,ES,אלביב מסכה לשיער,מיליליטרים,680.00,"100 מ""ל",false,1,39.90,5.87,true,1,
3600523936625,false,לוריאל - דרמו רויטליפט לייזר סרום עברית,לוריאל,DE,סרום רויטליפט,מיליליטרים,30.00,"100 מ""ל",false,1,109.00,363.33,true,1,
3600523936663,false,לוריאל אייג פרפקט רנסנס קרם יום,לוריאל,DE,אייג'\ פרפקט רנס,מיליליטרים,50.00,"100 מ""ל",false,1,124.00,248.00,true,1,
3600523936786,false,"לוריאל - אלביב שמן לשיער רגיל 100 מ""ל",לוריאל,IL,שמן לטיפוח השיער,מיליליטרים,100.00,"100 מ""ל",false,1,37.90,37.90,true,1,
3600523944194,false,לוריאל - אקסלנס קול קרם 6.11 חום בהיר קר,לוריאל פריז,BE,אקסלנס6.11חום קר,יחידה,1.00,יחידה,false,1,42.90,42.90,true,1,
3600523951291,false,לוריאל - פודרה עמידה אינפליבל 20,,IT,פודרה עמידה אינפ,יחידה,1.00,יחידה,false,1,65.00,65.00,true,1,
3600523951543,false,לוריאל - פודרה עמידה אינפליבל 130,,IT,פודרה עמידה אינפ,יחידה,1.00,יחידה,false,1,65.00,65.00,true,1,
3600523951598,false,לוריאל - פודרה עמידה אינפליבל 140,,IT,פודרה עמידה אינפ,יחידה,1.00,יחידה,false,1,65.00,65.00,true,1,
3600523953554,false,לוריאל - דרמו פרחים מגבונים ורוד עברית,לוריאל,DE,דרמו פרחים מגבונ,יחידה,1.00,יחידה,false,1,15.90,15.90,true,1,
3600523965663,false,לוריאל רויטליפט פילר טונר מי פנים 200 מל,לוריאל,DE,רויטליפט פילר טו,מיליליטרים,200.00,"100 מ""ל",false,1,41.90,20.95,true,1,
3600523967131,false,לוריאל - דרמו רויטליפט פילר מים מיסלריים 200,לוריאל,DE,רויטליפט פילר מי,מיליליטרים,200.00,"100 מ""ל",false,1,41.90,20.95,true,1,
3600523971954,false,לוריאל - דרמו רויטליפט לייזר סרום רטינול,לוריאל,DE,דרמו רויטליפט לי,מיליליטרים,30.00,"100 מ""ל",false,1,109.00,363.33,true,1,
3600523972159,false,לוריאל - דרמו רויטליפט קלאסי קרם יום ללא בישום,לוריאל פרודקשן דויטשלנד,DE,רויטליפט קלאסי ק,מיליליטרים,50.00,"100 מ""ל",false,1,94.90,189.80,true,1,
3600523985326,false,לוריאל - דרמו רויטליפט לייזר יום SPF 20 עברי,לוריאל פריס,DE,קרם אנטי אייגינג,מיליליטרים,50.00,"100 מ""ל",false,1,109.00,218.00,true,1,
3600523989898,false,לוריאל - סרום טרו מאץ' 0.5-2,,FR,לוריאל סרום טרו,מיליליטרים,30.00,"100 מ""ל",false,1,79.90,266.33,true,1,
3600523989904,false,לוריאל סרום טרו מאץ' 2-3,,FR,לוריאל סרום טרו,מיליליטרים,30.00,"100 מ""ל",false,1,79.90,266.33,true,1,
3600523989911,false,לוריאל - סרום טרו מאץ' 3-4,,FR,לוריאל סרום טרו,מיליליטרים,30.00,"100 מ""ל",false,1,79.90,266.33,true,1,
3600524012601,false,"לוריאל - סרום לפנים מידנייט 30 מ""ל",לוריאל,DE,סרום לילה דרמו ר,מיליליטרים,30.00,"100 מ""ל",false,1,129.90,433.00,true,1,
3600524013370,false,לוריאל אייג פרפקט רנסנס קרם יום SPF30,לוריאל,DE,דרמו רנסנס קרם,מיליליטרים,50.00,"100 מ""ל",false,1,124.00,248.00,true,1,
3600524019587,false,"לוריאל - רויטליפט טונר חומצה גליקולית 180 מ""ל",קוסמפול,PL,רויטליפט טונר לפ,מיליליטרים,180.00,"100 מ""ל",false,1,40.00,22.22,true,1,
3600524026639,false,לוריאל - שחור עמיד אינפליבל,פאבר קסטל,DE,עפרון אינפליבל 3,יחידה,1.00,יחידה,false,1,30.00,30.00,true,1,
3600524051006,false,"לוריאל - רויטליפט ג'ל ניקוי חומצה גליקולית 150 מ""ל",קרלסרו,DE,רויטליפט ג'ל ניק,מיליליטרים,150.00,"100 מ""ל",false,1,40.00,26.67,true,1,
3600524051211,false,"לוריאל - רויטליפט פילר קרם יום 50 מ""ל",לוריאל,DE,רויטפילט פילר קר,מיליליטרים,50.00,"100 מ""ל",false,1,84.90,169.80,true,1,
3600524051334,false,אלביב מרכך חומצה היאלורונית 400 מל,לוריאל,FR,אלביב מרכך,מיליליטרים,400.00,"100 מ""ל",false,1,15.90,3.98,true,1,
3600524051570,false,לוריאל - אלביב מסכה היאלורונית 300 מ''ל,DEUT PRODUKTION L\'OREAL,FR,אלביב מסכה,מיליליטרים,300.00,"100 מ""ל",false,1,29.90,9.96,true,1,
3600530695768,false,מייבלין - שפתון סופרסטיי 185,מייבלין Maybelline,FR,STAY150 SUPER,יחידה,1.00,יחידה,false,1,43.90,43.90,true,1,
3600530695966,false,מייבלין - שפתון סופרסטיי 615,סופרוג'ם,FR,STAY SUPER 553,יחידה,1.00,יחידה,false,1,43.90,43.90,true,1,
3600531084806,false,מייבלין - עפרון עיניים קולוסאל קזאל 1,סייפו,DE,KAJAL COLOSSAL,יחידה,1.00,יחידה,false,1,19.90,19.90,true,1,
3600531369026,false,מייבלין - מייקאפ פיט מי מאט 128,מייבלין,IL,מייק אפ פיט מי מ,מיליליטרים,30.00,"100 מ""ל",false,0,51.90,173.00,true,1,
3600531384029,false,מייבלין - פודרה פיט מי 220,לוריאל,IL,פודרה פיט מי,יחידה,1.00,יחידה,false,1,36.90,36.90,true,1,
3600531384210,false,מייבלין - פודרה פיט מי 130,מייבלין Maybelline,IL,פיט פודרה 130,יחידה,1.00,יחידה,false,1,36.90,36.90,true,1,
3600531396855,false,מייבלין - קונסילר ספוגית 06IAR,מייבלין Maybelline,IL,קונסילר אנטי איג,יחידה,1.00,יחידה,false,1,45.90,45.90,true,1,
3600531411114,false,מייבלין - שפתון ס.סטיי אינק 20,,IL,שפתון סופר סטיי,יחידה,1.00,יחידה,false,1,43.90,43.90,true,1,
3600531417765,false,מייב ג'ל לגבות בראו טאטו 03,,IL,ג'ל גבות ברואו ט,יחידה,1.00,יחידה,false,1,41.90,41.90,true,1,
3600531429911,false,מייבלין - פלטת צלליות ברגונדי,מייבלין Maybelline,IT,פלטת צלליות בורג,יחידה,1.00,יחידה,false,1,39.00,39.00,true,1,
3600531465193,false,מייבלין - קונסילר ספוגית 08IAR,מייבלין Maybelline,IL,קונסילר ספוג 08,יחידה,1.00,יחידה,false,1,45.90,45.90,true,1,
3600531465247,false,מייבלין - קונסילר ספוגית 07IAR,,IL,קונסילר 07,יחידה,1.00,יחידה,false,1,45.90,45.90,true,1,
3600531465254,false,מייבלין - קונסילר ספוגית 11IAR,מייבלין,IL,קונסילר ספוג 11,יחידה,1.00,יחידה,false,1,45.90,45.90,true,1,
3600531513443,false,מייבלין - שפתון ס.סטיי אינק 135,לוריאל,IL,שפתון מאט אינק 1,יחידה,1.00,יחידה,false,1,43.90,43.90,true,1,
3600531537470,false,מייבלין - סומק פיט מי 25,מייבלין Maybelline,IL,סומק פיטמי 25,יחידה,1.00,יחידה,false,1,35.00,35.00,true,1,
3600531561277,false,מייבלין - קונסילר ספוגית 95IAR,,IL,קונסילר95,מיליליטרים,6.00,"100 מ""ל",false,1,45.90,765.00,true,1,
3600531605674,false,מייבלין - שפתון ס.סטיי אינק 175,מייבלין,IL,שפתון מאט אינק,יחידה,1.00,יחידה,false,1,43.90,43.90,true,1,
3600531605681,false,מייבלין - שפתון ס.סטיי אינק 180,מייבלין,IL,שפתון מאט אינק,יחידה,1.00,יחידה,false,1,43.90,43.90,true,1,
3600531609689,false,מייבלין - שפתון ליפטר גלוס 01,,FR,שפתון ליפטר גלוס,יחידה,1.00,יחידה,false,1,40.00,40.00,true,1,
3600531609764,false,מייבלין - שפתון ליפטר גלוס 02,,FR,שפתון ליפטר גלוס,יחידה,1.00,יחידה,false,1,40.00,40.00,true,1,
3600531629106,false,מייבלין - מסקרה לאש ליפט אקסטרה בלק,,IT,מסקרה לאש ל,יחידה,1.00,יחידה,false,1,40.00,40.00,true,1,
3600531632588,false,מייבלין - מייקאפ סופרסטיי 30שעות 48,מייבלין,FR,מייק אפ סופרסטיי,מיליליטרים,30.00,"100 מ""ל",false,1,55.00,183.33,true,1,
3600531643171,false,מייבלין - מייק אפ 4 ב1 פייר לייט,,IT,מייק אפ 4 ב1 פיי,מיליליטרים,30.00,"100 מ""ל",false,1,45.00,150.00,true,1,
3600540928863,false,גרניה מיניראל רול און קליר אינויזיבל,קוסמופול,FR,דאודורנט גרנייה,מיליליטרים,50.00,"100 מ""ל",false,0,11.90,23.80,true,1,
3600541029323,false,גרנייה אסנשיאל מסיר איפור 2 ב- 1,SOPROCOS סופרוקוס,FR,ESSENTIALS מסיר,מיליליטרים,200.00,"100 מ""ל",false,0,24.90,12.45,true,1,
3600541253667,false,"גרנייה - דאודורנט ספריי לאישה אינביזיבל BWC (ורוד) 150 מ""ל","לוריאל ישראל בע""מ",FR,דאו.גרנייה,מיליליטרים,150.00,"100 מ""ל",false,0,11.90,7.94,true,1,
3600541351493,false,גרניה אנטי אייגינג אססנטיאל 45+ קרם יום,לוריאל,DE,אנטי אייג',מיליליטרים,50.00,"100 מ""ל",false,1,44.90,89.80,true,1,
3600541382930,false,גרנייה - מים מיסלרים לכל סוגי העור,"קוסמופול, פולין",PL,מים מיסלריים,מיליליטרים,400.00,"100 מ""ל",false,0,29.90,7.47,true,1,
3600541402270,false,"גרנייה - דאודורנט ספריי לאישה אינביזיבל BWC (ירוק) 150 מ""ל","לוריאל ישראל בע""מ",FR,דאו.גרנייה,מיליליטרים,150.00,"100 מ""ל",false,0,11.90,7.94,true,1,
3600541448476,false,גרניה מינראל רול און דריי קונטרול,"לוריאל ישראל בע""מ",FR,דאודורנט גרנייה,מיליליטרים,50.00,"100 מ""ל",false,1,11.90,23.80,true,1,
3600541740006,false,"גרנייה - דאודורנט ספריי לאישה אקשן קונטרול 72 שעות 150 מ""ל","לוריאל ישראל בע""מ",FR,דאו.גרנייה,מיליליטרים,150.00,"100 מ""ל",false,1,11.90,7.94,true,1,
3600541928169,false,"גרנייה פיור פחם ג'ל ניקוי 150 מ""ל","קרלסרו, גרמניה",DE,ג'יל ניקוי פיור,יחידה,1.00,יחידה,false,1,35.00,35.00,true,1,
3600541928275,false,מי פנים מיסלריים דו-פאזיים מסיר איפור עמיד במים,"קוסמופול, פולין",PL,מים מיסלריים דו,מיליליטרים,400.00,"100 מ""ל",false,1,29.90,7.47,true,1,
3600541940574,false,"גרנייה מים מיסלרים 700 מ""ל",קוסמופול,PL,מים מיסלריים,מיליליטרים,700.00,"100 מ""ל",false,0,45.00,6.43,true,1,
3600541952720,false,ג'ל גרגירים עם פחם פעיל לטיפול בראשים שחורים,גרנייה Garnier,FR,PURE פחם ג'ל,מיליליטרים,150.00,"100 מ""ל",false,1,35.00,23.33,true,1,
3600542052788,false,גרנייה בוטניקל חלב פנים ורדים 200 מל,קוסמופול,DE,חלב פנים ורדים,מיליליטרים,200.00,"100 מ""ל",false,1,25.00,12.50,true,1,
3600542097239,false,גרנייה - מסכת טישו פחם תה שחור,ביוטיקוס אינטרנשיונאל,CN,מסכת טישו פחם,יחידה,1.00,יחידה,false,1,14.90,14.90,true,1,
3600542154772,false,גרנייה מסכת טישו עיניים סקין אקטיב קוקוס,לוריאל,CN,טישו עיניים קוקו,יחידה,1.00,יחידה,false,1,12.90,12.90,true,1,
3600542154789,false,גרנייה מסכת טישו עיניים סקין אקטיב תפוז,לוריאל,CN,מסכת טישו לעיניי,יחידה,1.00,יחידה,false,1,12.90,12.90,true,1,
3600542216623,false,"גרנייה - דאודורנט רול און לאישה אקשן קונטרול רול 96 שעות 50 מ""ל",סופרוקוס,PL,דאודורנט גרנייה,מיליליטרים,50.00,"100 מ""ל",false,1,11.90,23.80,true,1,
3600542232036,false,גרניה סקין נט אלו גל אלוורה ללחות 50 מל,לוריאל,DE,סקין נט אלו ג'ל,מיליליטרים,50.00,"100 מ""ל",false,1,47.90,95.80,true,1,
3600542244879,false,גרנייה - אוליה מיני קיט8.31 בלונד זהוב אפרפר,לוריאל,PL,אוליה 8.31 בלונד,יחידה,1.00,יחידה,false,1,29.90,29.90,true,1,
3600542245357,false,גרנייה - אוליה מיני10.1בלונד אפרפר בהיר מאוד,לוריאל,PL,צבעי שיער אוליה,יחידה,1.00,יחידה,false,1,29.90,29.90,true,1,
3600542245395,false,גרנייה - אוליה מיני קיט 3 חום שחור,לוריאל,PL,צבע לשיער אוליה,יחידה,1.00,יחידה,false,1,29.90,29.90,true,1,
3600542245524,false,גרנייה - אוליה מיני קיט 6.60 אדום אינטנסיבי,לוריאל,PL,צבע לשיער אוליה,יחידה,1.00,יחידה,false,1,29.90,29.90,true,1,
3600542245623,false,גרנייה - אוליה מיני קיט 9 בלונד בהיר,לוריאל,PL,צבעי שיער אוליה,יחידה,1.00,יחידה,false,1,29.90,29.90,true,1,
3600542267953,false,גרנייה - פיור אקטיב מים מיסלריים 400,גרנייה-קוסמטיקה,PL,פיור מי מיסלר,מיליליטרים,400.00,"100 מ""ל",false,1,29.90,7.47,true,1,
3600542310444,false,"גרנייה - דאודורנט ספריי לאישה מגנזיום 150 מ""ל",סופרוקוס,PL,גרניה דאו ספרי,מיליליטרים,150.00,"100 מ""ל",false,1,11.90,7.94,true,1,
3600542326339,false,גרנייה מיסלר ורדים 400 מ,קוסמופול,PL,גרנייה מיסלר ורד,מיליליטרים,400.00,"100 מ""ל",false,1,29.90,7.47,true,1,
3600542328647,false,גרניה סקין נט קרם גל אלוורה 50 מל,לוריאל,PL,קרם ג'ל אלוורה,יחידה,1.00,יחידה,false,0,47.90,47.90,true,1,
3600542365710,false,גרנייה - פיור ג'ל ניקוי,לוריאל,PL,PURE ג'ל ניקוי,מיליליטרים,200.00,"100 מ""ל",false,1,35.00,17.50,true,1,
3600542365758,false,גרניה בוטניקל מי פנים ענבים 200 מל,"קוסמופול, פולין",DE,מי פנים ענבים,מיליליטרים,200.00,"100 מ""ל",false,1,24.90,12.45,true,1,
3600542380492,false,גרנייה - מסכת טישו ויטמין סי,לוריאל,CN,מסיכת טישו ויטמי,יחידה,1.00,יחידה,false,1,14.90,14.90,true,1,
3600542385107,false,גרניה דאו רול און אינביזיבל לכל צבע,לוריאל ישראל קוסמטיקס בע,PL,דא.רול גרנייה,מיליליטרים,50.00,"100 מ""ל",false,1,11.90,23.80,true,1,
3600542385220,false,"גרנייה - דאודורנט רול און לאישה פרוטקשן 6 פלורל (סגול) 50 מ""ל",גרנייה Garnier,FR,רול און גרנייה,מיליליטרים,50.00,"100 מ""ל",false,1,11.90,23.80,true,1,
3600542385275,false,"גרנייה - דאודורנט רול און לאישה פיור אקטיב 50 מ""ל",גרנייה Garnier,FR,רול און גרנייה,מיליליטרים,50.00,"100 מ""ל",false,1,11.90,23.80,true,1,
3600542385329,false,גרניה טישו מסק מסכת תה ירוק לעור רגיל,לוריאל,CN,טישו מסק תה ירוק,יחידה,1.00,יחידה,false,1,14.90,14.90,true,1,
3600542385626,false,גרנייה - מסכת טישו עם אלוורה וחומצה הילאורונית,לוריאל,CN,גרנייה טישו ואלו,גרמים,32.00,100 גרם,false,1,14.90,46.56,true,1,
3600542397926,false,"גרנייה - דאודורנט ספריי לאישה פרוטקשן 6 כותנה (ורוד) 150 מ""ל","קוסמופול, פולין",FR,ספריי גרניה,מיליליטרים,150.00,"100 מ""ל",false,1,11.90,7.94,true,1,
3600542415194,false,גרניה סקין נטורלס קרם לחות BB גוון ללא ש,לוריאל,FR,קרם לחות,מיליליטרים,50.00,"100 מ""ל",false,1,60.00,120.00,true,1,
3600542416405,false,גרניה סקין נטורלס קרם לחות BB גוון מדיום,לוריאל,FR,BB מדיוםקרם לחות,מיליליטרים,50.00,"100 מ""ל",false,1,60.00,120.00,true,1,
3600542421621,false,גרניה פרוקטיס מסכה לשיער בננה 390 מל,"אינטרביוטי קוסמטיק בע""\מ",IL,פרוקטיס היירפוד,מיליליטרים,390.00,"100 מ""ל",false,1,39.90,10.23,true,1,
3600542421638,false,"גרנייה - פרוקטיס היירפוד שמפו מקדמיה 350 מ""ל","אינטרביוטי קוסמטיק בע""\מ",IL,פרוקטיס היירפוד,מיליליטרים,350.00,"100 מ""ל",false,1,14.90,4.26,true,1,
3600542421645,false,"גרנייה - פרוקטיס היירפוד מרכך מקדמיה 350 מ""ל","אינטרביוטי קוסמטיק בע""\מ",IL,פרוקטיס היירפוד,מיליליטרים,350.00,"100 מ""ל",false,1,14.90,4.26,true,1,
3600542421737,false,גרנייה פרוקטיס היפורד מסכה מקדמיה 390 גר,"אינטרביוטי קוסמטיק בע""\מ",IL,פרוקטיס היירפוד,מיליליטרים,390.00,"100 מ""ל",false,1,39.90,10.23,true,1,
3600542431828,false,גרנייה - קולור נטורלס 1 שחור טבעי חדש,לוריאל ישראל קוסמטיקס בע,PL,קולור נטורלס 1,יחידה,1.00,יחידה,false,1,18.90,18.90,true,1,
3600542431859,false,גרנייה - קולור נטורלס 5 חום טבעי חדש,לוריאל ישראל קוסמטיקס בע,PL,צבע שיער קולור,יחידה,1.00,יחידה,false,1,18.90,18.90,true,1,
3600542431866,false,גרנייה קולור נטורלס צבע לשיער חום בהיר 6,גרנייה Garnier,PL,קולור נטורלס 6,יחידה,1.00,יחידה,false,1,18.90,18.90,true,1,
3600542431873,false,גרנייה - קולור נטורלס 7 בלונד טבעי חדש,לוריאל ישראל קוסמטיקס בע,PL,קולור נטורלס 7,יחידה,1.00,יחידה,false,1,18.90,18.90,true,1,
3600542431880,false,גרנייה - קולור נטורלס 8 בלונד בהיר חדש,לוריאל ישראל קוסמטיקס בע,PL,קולור נטורלס 8,יחידה,1.00,יחידה,false,1,18.90,18.90,true,1,
3600542431903,false,גרנייה - קולור נטורלס 10 בלונד סופר בהיר חדש,לוריאל ישראל קוסמטיקס בע,PL,צבע לשיער קולו,יחידה,1.00,יחידה,false,1,18.90,18.90,true,1,
3600542431910,false,גרנייה - קולור נטורלס 2.1 שחור כחול חדש,לוריאל ישראל קוסמטיקס בע,PL,קולור נטורלס 2.1,יחידה,1.00,יחידה,false,1,18.90,18.90,true,1,
3600542431941,false,גרנייה - קולור נטורלס 5.3 חום זהוב חדש,לוריאל ישראל קוסמטיקס בע,PL,קולור נטורלס 5.3,יחידה,1.00,יחידה,false,1,18.90,18.90,true,1,
3600542431958,false,גרנייה - קולור נטורלס 7.3 בלונד זהוב חדש,לוריאל ישראל קוסמטיקס בע,PL,קולור נטורלס 7.3,יחידה,1.00,יחידה,false,1,18.90,18.90,true,1,
3600542431965,false,גרנייה - קולור נטורלס 5.52 חום דבש חדש,משווק ויבואןn\:לוריאל יש,PL,קולור נטורלס5.52,יחידה,1.00,יחידה,false,1,18.90,18.90,true,1,
3600542431996,false,גרנייה - קולור נטורלס 5.15 חום שוקולד עשיר חדש,יבואן ומשווק: n\לוריאל י,PL,צבע שיער קולור,יחידה,1.00,יחידה,false,1,18.90,18.90,true,1,
3600542432016,false,צבע לשיער קולור נטורלס- 5.25 חום מהגוני פנינה בהיר,לוריאל ישראל קוסמטיקס בע,PL,קולור נטורלס 5.2,יחידה,1.00,יחידה,false,1,18.90,18.90,true,1,
3600542432061,false,גרנייה - קולור נטורלס 7.1 בלונד טבעי אפרפר חדש,קוסמופול,PL,קולור נטורלס 7.1,יחידה,1.00,יחידה,false,1,18.90,18.90,true,1,
3600542433266,false,גרנייה - סרום לפנים ויטמין C סקין אקטיב,לוריאל,DE,גרנייה סרום ויטמ,מיליליטרים,30.00,"100 מ""ל",false,1,59.90,199.67,true,1,
3600542456579,false,גרניה מיסלר ויטמין סי 400 מל,לוריאל,DE,מיסלר ויטמין סי,מיליליטרים,400.00,"100 מ""ל",false,1,29.90,7.47,true,1,
3600542456593,false,גרנייה פיור אקטיב מי פנים 200 מל,General,FR,PURE מי פנים,מיליליטרים,200.00,"100 מ""ל",false,1,35.00,17.50,true,1,
3605521816580,false,si Armani א.ד.פ לאשה,לנקום בישום,FR,si Armani א.ד.פ,מיליליטרים,50.00,"100 מ""ל",false,1,268.00,536.00,true,1,
3605530931663,false,לנקום בוקאז רול און 50 מל,לוריאל,IL,BOCAGE דאודורנט,מיליליטרים,50.00,"100 מ""ל",false,0,100.00,200.00,true,1,
3605531812213,false,DRAMA HYPNOSE מסקרה 01,לנקום,IL,מסקרה היפנוז,יחידה,1.00,יחידה,false,0,159.00,159.00,true,1,
3607346232347,false,"קלואה קלאסי אדפ 50 מ""ל",רוק בישום,GR,קלואה קלאסי אדפ,מיליליטרים,50.00,"100 מ""ל",false,0,299.00,598.00,true,1,
3614224051235,false,אדידס דאודורנט ספריי גברים אדיפוואר 200מל,אדידס Adidas,PT,דאו.אדידס,מיליליטרים,200.00,"100 מ""ל",false,1,14.90,7.45,true,1,
3614226754196,false,"וולה פלקס ספריי לנפח והגנה וולה דלוקס 75 מ""ל","אינטרספריי, צרפת",FR,ספריי לנפח והגנה,מיליליטרים,75.00,"100 מ""ל",false,1,16.90,22.53,true,1,
3614226754295,false,"וולה ספריי לנפח והגנה וולה דלוקס 250 מ""ל","אינטרספריי, צרפת",FR,וולה ספריי לשיער,מיליליטרים,250.00,"100 מ""ל",false,1,44.90,17.96,true,1,
3614226754301,false,"וולה מוס לנפח והגנה דלוקס 200 מ""ל",דיפלומט,FR,וולה מוס לנפח,מיליליטרים,200.00,"100 מ""ל",false,1,39.90,19.95,true,1,
3614226761651,false,תרסיס קולסטון רוט טאצ' אפ בלונד בהיר - כהה,וולה Wella,FR,קולסטון ספריי,מיליליטרים,75.00,"100 מ""ל",false,1,27.90,37.20,true,1,
3614226761675,false,קולסטון רוט טאצ אפ ספריי שורשים-שחור,וולה Wella,FR,קולסטון ספריי,מיליליטרים,75.00,"100 מ""ל",false,1,27.90,37.20,true,1,
3614227548640,false,קלואה נואמד אבסולו 50 מל,,IL,קלואה נואמד אבסו,מיליליטרים,50.00,"100 מ""ל",false,1,489.00,978.00,true,1,
3614228865814,false,סופט קולור 60 בלונד כהה,"HFC פרסטיג,'\ שטיינברג,",DE,וולה סופט קולור,יחידה,1.00,יחידה,false,1,41.90,41.90,true,1,
3614228865821,false,סופט קולור 50 חום בהיר,"HFC פרסטיג,'\ שטיינברג,",DE,וולה סופט קולור,יחידה,1.00,יחידה,false,1,41.90,41.90,true,1,
3614229461312,false,בלום פרפומו די פיורי100מ,,DE,בלום פרפומו די פ,מיליליטרים,100.00,"100 מ""ל",false,1,510.00,510.00,true,1,
3614229717082,false,וולה מוס לשיער וולה דלוקס למגע חלק כמשי 200 מ,אינטרספריי,FR,וולה מוס מגע משי,מיליליטרים,200.00,"100 מ""ל",false,1,39.90,19.95,true,1,
3614229717099,false,וולה ספריי לשיער וולה דלוקס למגע חלק כמשי 250,אינטרספריי,FR,וולה ספריי לשיער,מיליליטרים,250.00,"100 מ""ל",false,1,44.90,17.96,true,1,
3614270254697,false,אקווה דה ג'יו פרופומו125,אינטרביוטי-בישו,FR,אקווה דה ג'יו פר,מיליליטרים,125.00,"100 מ""ל",false,0,399.00,319.20,true,1,
3614271994806,false,PASSIONE SI א.ד.פ לאשה,לנקום בישום,IL,PASSIONE SI לאשה,מיליליטרים,50.00,"100 מ""ל",false,1,268.00,536.00,true,1,
3614272648401,false,"ליברה אדפ 30 מ""ל",,FR,ליברה אדפ,מיליליטרים,30.00,"100 מ""ל",false,1,149.00,496.67,true,1,
3614273069175,false,לנקום אידול אדפ 100 מל לאשה,,IL,אידול א.ד.פ,מיליליטרים,100.00,"100 מ""ל",false,1,399.00,399.00,true,1,
3614273070270,false,"אמפוריו ארמני בושם לאישה 100 מ""ל",,FR,Emporio לאשה,מיליליטרים,100.00,"100 מ""ל",false,1,298.00,298.00,true,1,
3614273073882,false,"Viva Voce א.ד.פ אשה50מ""ל",,FR,Viva Voce א.ד.פ,מיליליטרים,50.00,"100 מ""ל",false,1,299.00,598.00,true,1,
3614273261401,false,DONNA YELLOW אדפ אשה100מ,,FR,DONNA YELLOW אדפ,מיליליטרים,100.00,"100 מ""ל",false,1,499.00,499.00,true,1,
3614273347839,false,מיי וואיי אינטנס אדפ90מל,,FR,מיי וואיי אינטנס,מיליליטרים,90.00,"100 מ""ל",false,1,379.00,421.11,true,1,
3614273347846,false,מיי וואיי אינטנס אדפ50מל,,FR,מיי וואיי אינטנס,מיליליטרים,50.00,"100 מ""ל",false,1,289.00,578.00,true,1,
3614273544962,false,לונה רוסה ספורט אדט 100מ,,FR,לונה רוסה ספורט,מיליליטרים,100.00,"100 מ""ל",false,1,329.00,329.00,true,1,
3614273760164,false,"פרדוקס א.ד.פ אישה 90מ""ל",לנקום בישום,FR,פרדוקס א.ד.פ איש,מיליליטרים,90.00,"100 מ""ל",false,1,499.00,554.44,true,1,
3616301296867,false,רוברטו קוואלי פרדיסו סט,,FR,רוברטו קוואלי סט,יחידה,1.00,יחידה,false,1,339.00,339.00,true,1,
3616301781127,false,סי.קיי אברי וואן 100מל,,DE,קלווין קליין אבר,מיליליטרים,100.00,"100 מ""ל",false,1,219.00,219.00,true,1,
3616302015580,false,"Ckfree א.ד.ט לגבר 100מ""ל",,GR,Ckfree אדט לגבר,מיליליטרים,100.00,"100 מ""ל",false,1,119.00,119.00,true,1,
3616302076796,false,סופט קולור 10 אספרסו שחור,דיפלומט,DE,סופט קולור 1/0,גרמים,180.00,100 גרם,false,1,41.90,23.28,true,1,
3616302681105,false,הוגו בוס דה סנט לאישה אד,,DE,הוגו בוס דה סנט,מיליליטרים,50.00,"100 מ""ל",false,1,349.00,698.00,true,1,
3616302686520,false,מארז אופוריה אדפ יח',קוטי HFC,DE,מארז אופוריה אדפ,יחידה,1.00,יחידה,false,1,309.00,309.00,true,1,
3616303428440,false,הוגו בוס בוטלד מארז,קוטי HFC,ES,מארז הוגו בוס בו,יחידה,1.00,יחידה,false,1,389.00,389.00,true,1,
3661163904016,false,"נאוטיקה קלאסיק (ג)אדט 100 מ""ל",סופטאץ בישום,IL,נאוטיקה קלאסיק,מיליליטרים,100.00,"100 מ""ל",false,0,79.00,79.00,true,1,
3838824127200,false,פלטה סמי קיט 5-68 ערמונים בינוני,שוורצקופף והנקל,SI,צבע לשיער פלטה,יחידה,1.00,יחידה,false,0,29.90,29.90,true,1,
3838824127224,false,פלטה סמי קיט חום בינוני 4-0 צבע שיער,שוורצקופף והנקל,SI,צבעי שיער פלטה,יחידה,1.00,יחידה,false,0,29.90,29.90,true,1,
3838824127248,false,פלטה סמי קיט חום בהיר 5-0 צבע שיער,שוורצקופף והנקל,SI,צבעי שיער פלטה,יחידה,1.00,יחידה,false,0,29.90,29.90,true,1,
3838824127309,false,פלטה סמי קיט בלונד בהיר 8-0 צבע שיער,שוורצקופף והנקל,SI,צבע לשיער פלטה,יחידה,1.00,יחידה,false,0,29.90,29.90,true,1,
3838824127361,false,פלטה סמי קיט ערמונים בינוני5-68 צבע שיער,שוורצקופף והנקל,SI,צבע לשיער פלטה,יחידה,1.00,יחידה,false,0,29.90,29.90,true,1,
3838824127644,false,צבע לשיער פלטה - 4-89 חציל זוהר,שוורצקופף והנקל,SI,צבע לשיער פלטה,יחידה,1.00,יחידה,false,0,29.90,29.90,true,1,
3838824128849,false,פאלטה - דלוקס שמני הזנה ערמונים 5-68,שוורצקוף Schwarzkopf,DE,צבע לשיער פלטה,יחידה,1.00,יחידה,false,0,28.90,28.90,true,1,
3838824129020,false,פאלטה - דלוקס שמני הזנה שחור 1-0,שוורצקוף Schwarzkopf,DE,צבע לשיער פלטה,יחידה,1.00,יחידה,false,0,28.90,28.90,true,1,
3838824129068,false,פאלטה - דלוקס שמני הזנה חום קפה 4-68,הנקל סוד,DE,צבע לשיער פלטה,יחידה,1.00,יחידה,false,0,28.90,28.90,true,1,
3838824193915,false,צבע לשיער פאלטה סמי קיט שחור 0-1,שוורצקופף והנקל,SI,צבע סמי קיט פלטה,יחידה,1.00,יחידה,false,0,29.90,29.90,true,1,
3838824193939,false,פאלטה - דלוקס שמני הזנה סגול אצילי 4-99,שוורצקוף Schwarzkopf,DE,צבע לשיער פלטה,יחידה,1.00,יחידה,false,0,28.90,28.90,true,1,
3838824240275,false,צבע סמי קיט פלטה 6-65 יח,שוורצקופף והנקל,SI,צבע לשיער פלטה,יחידה,1.00,יחידה,false,0,29.90,29.90,true,1,
3838824276007,false,פלטה סמי קיט 9-0 בלונד בהיר מאוד,שוורצקופף והנקל,SI,צבע לשיער פלטה,יחידה,1.00,יחידה,false,0,29.90,29.90,true,1,
3838824327099,false,צבע שיער פאלטה סמי קיט 10-46 בלונד פודרה,שוורצקופף והנקל,DE,צבע סמי קיט פלטה,יחידה,1.00,יחידה,false,1,29.90,29.90,true,1,
3838824332178,false,פאלטה ברוז' חום אדום יין 6-80 סמי קיט,שוורצקופף והנקל,DE,צבע סמי קיט פלטה,יחידה,1.00,יחידה,false,1,29.90,29.90,true,1,
3838824371146,false,גליס פילינג עדין לאיזון והזנת הקרקרפת150,הנקל שוורצקוף,TR,פילינג לקרקפת,מיליליטרים,150.00,"100 מ""ל",false,1,24.90,16.60,true,1,
3838824380940,false,צבעי שיער בלונד בהיר אפרפר 8-1 סמי קיט פאלט,שוורצקופף והנקל,DE,צבע לשיער פלטה,יחידה,1.00,יחידה,false,1,29.90,29.90,true,1,
3838824380988,false,צבעי שיער בלונד כסוף אפרפר 12-21 סמי קיט פאלטה,שוורצקופף והנקל,DE,צבע לשיער פלטה,יחידה,1.00,יחידה,false,1,29.90,29.90,true,1,
3838824381022,false,צבעי שיער חום שוקולד כהה 3-65 סמי קיט פאלטה,שוורצקופף והנקל,DE,צבע לשיער פלטה,יחידה,1.00,יחידה,false,1,29.90,29.90,true,1,
4005808128631,false,ניוואה 500 גל רחצה לגבר תמציות ליים,ביירסדורף,DE,ניוואה גל רחצה,מיליליטרים,500.00,"100 מ""ל",false,0,14.90,2.98,true,1,
4005808571246,false,ניוואה מסיר איפור לעיניים דאבל אפקט,HELLAS BEIERSDORF,DE,מסיר איפור,מיליליטרים,125.00,"100 מ""ל",false,1,29.90,23.92,true,1,
4005808588640,false,"ניוואה קרם גילוח לעור רגיש 100 מ""ל",ביירסדורף,DE,קרם גילוח ניוואה,מיליליטרים,100.00,"100 מ""ל",false,0,18.90,18.90,true,1,
4005808650002,false,שפתון לבלו כחול,ביירסדורץ,IL,שפתון לבלו,יחידה,1.00,יחידה,false,0,10.00,10.00,true,1,
4005808650200,false,לבלו שפתון סופט ורוד בודד 4.8גר,אלפא,,שפתון לבלו,יחידה,1.00,יחידה,false,0,10.00,10.00,true,1,
4005808650712,false,לבלו שפתון לחות דובדבן,HELLAS BEIERSDORF,DE,לבלו דובדבן,יחידה,1.00,יחידה,false,0,10.00,10.00,true,1,
4005808650729,false,לבלו שפתון תות שדה,ביירסדורף,,לבלו תות שדה,יחידה,1.00,יחידה,false,0,10.00,10.00,true,1,
4005808650903,false,לבלו הידרו קר,ביירסדורף,DE,לבלו אפרסק,יחידה,1.00,יחידה,false,0,10.00,10.00,true,1,
4005808692552,false,ניוואה ESLS תכשיר ניקוי נורמל דיספנסר150,HELLAS BEIERSDORF,DE,מוס ניקוי פנים,מיליליטרים,150.00,"100 מ""ל",false,1,24.90,16.60,true,1,
4005808692569,false,ניוואה ESLS תכשיר ניקוי יבש-רגיש דיספנסר,HELLAS BEIERSDORF,DE,מוס ניקוי לפנים,מיליליטרים,150.00,"100 מ""ל",false,1,24.90,16.60,true,1,
4005808702107,false,ניוואה תחליב גוף לעור יבש מאד 500 מל,בטר אנד דיפרנט,DE,ניוואה תחליב גוף,מיליליטרים,500.00,"100 מ""ל",false,1,29.90,5.98,true,1,
4005808812875,false,"ניוואה קרם Q יום נגד קמטים 50 מ""ל",ביירסדורץ,PL,קרם ויסאז' Q10,מיליליטרים,50.00,"100 מ""ל",false,0,110.00,220.00,true,1,
4005808813063,false,תחליב לחות לעור רגיש לאחר גילוח,בטר אנד דיפרנט,DE,ניוואה אפטר שייב,מיליליטרים,100.00,"100 מ""ל",false,0,39.90,39.90,true,1,
4005808817405,false,"ג'ל גילוח לעור רגיש ניוואה 200 מ""ל",פרוטרופיק סיה.,PL,ג'ל גילוח ניוואה,מיליליטרים,200.00,"100 מ""ל",false,0,26.90,13.45,true,1,
4005808817603,false,ג'ל גילוח עם אלוורה Protect & Care,ניוואה Nivea,DE,ג'ל גילוח ניוואה,מיליליטרים,200.00,"100 מ""ל",false,0,26.90,13.45,true,1,
4005808837359,false,"ניוואה - דאודורנט רול און לאישה פרל אנד ביוטי 50 מ""ל",ביירסדורף AG,DE,דאודורנט ניוואה,מיליליטרים,50.00,"100 מ""ל",false,0,23.90,47.80,true,1,
4005808890507,false,"ניוואה סופט קרם לחות 200 מ""ל",ניוואה Nivea,ES,קרם ניוואה סופט,מיליליטרים,200.00,"100 מ""ל",false,0,24.90,12.45,true,1,
4005808908585,false,"ניוואה - דאודורנט ספריי לאישה פאודר טאץ 150 מ""ל",ביירסדורץ,DE,דאודורנט ניוואה,מיליליטרים,150.00,"100 מ""ל",false,0,23.90,15.93,true,1,
4005900036483,false,"ניוואה - דאודורנט ספריי לגבר שקוף בלק וווי 150 מ""ל",בטר אנד דיפרנט,DE,דאודורנט ניוואה,מיליליטרים,150.00,"100 מ""ל",false,0,23.90,15.93,true,1,
4005900036506,false,"ניוואה - דאודורנט רול און לגבר שקוף בלק 50 מ""ל",טרופיקל דגיל תעשיות,DE,דאודורנט ניוואה,מיליליטרים,50.00,"100 מ""ל",false,0,23.90,47.80,true,1,
4005900037909,false,"ניוואה - דאודורנט ספריי לאישה אינויזיבל פיור 150 מ""ל",ביירסדורץ,DE,דאודורנט ניוואה,מיליליטרים,150.00,"100 מ""ל",false,0,23.90,15.93,true,1,
4005900111449,false,"ניוואה קרם רב שימושי לגבר 150 מ""ל",HELLAS BEIERSDORF,DE,"קרם רב""ש לגבר",מיליליטרים,150.00,"100 מ""ל",false,1,21.90,14.60,true,1,
4005900488459,false,"ניוואה - דאודורנט רול און לאישה דריי פרש 50 מ""ל",ביירסדורץ,DE,דאו.רול ניוואה,מיליליטרים,50.00,"100 מ""ל",false,1,23.90,47.80,true,1,
4005900494900,false,"ניוואה - דאודורנט ספריי לגבר דריי פרש 150 מ""ל",ניואה,DE,ניוואה דאו ספריי,מיליליטרים,150.00,"100 מ""ל",false,1,23.90,15.93,true,1,
4005900494924,false,"ניוואה - דאודורנט ספריי לאישה דריי פרש אישה 150 מ""ל",ביירסדורף,DE,דאודורנט ניוואה,מיליליטרים,150.00,"100 מ""ל",false,1,23.90,15.93,true,1,
4005900513045,false,"ניוואה - דאודורנט ספריי לגבר דיפ 150 מ""ל",ביירסדורף,DE,ניוואה דאו ספריי,מיליליטרים,150.00,"100 מ""ל",false,1,23.90,15.93,true,1,
4005900547316,false,"ניוואה - דאודורנט ספריי לאישה שקוף בלק וווי 150 מ""ל",בטר אנד דיפרנט,DE,דאודורנט ניוואה,מיליליטרים,150.00,"100 מ""ל",false,1,23.90,15.93,true,1,
4005900578877,false,לבלו KISS שפתון צבעוני ורוד לוהט,ביירסדורץ,DE,לבלו קיס צבעוני,יחידה,1.00,יחידה,false,1,14.90,14.90,true,1,
4005900661371,false,ניוואה Q10 אקסטרה נורישינג קרם לילה מזין,אלפא,PL,Q10 קרם לילה שמן,מיליליטרים,50.00,"100 מ""ל",false,1,110.00,220.00,true,1,
4005900661388,false,ניוואה Q10 אקסטרה נורישינג שמן הזנה לפני,אלפא,DE,אקסטרה שמן הזנה,מיליליטרים,30.00,"100 מ""ל",false,1,110.00,366.67,true,1,
4005900730299,false,"ניוואה דאו רול און לאשה בלק אנד וויט אימפקט 50 מ""ל",ביירסדורף,DE,דאודורנט ניוואה,מיליליטרים,50.00,"100 מ""ל",false,1,23.90,47.80,true,1,
4005900730336,false,"ניוואה דאו רול און לגבר בלק אנד וויט אימפקט 50 מ""ל",ביירסדורף,DE,ניוואה דאודורנט,מיליליטרים,50.00,"100 מ""ל",false,1,23.90,47.80,true,1,
4005900823489,false,ניוואה היידרה סקין אפקט קרם לחות במרקם ג'ל ללילה,ניואה,PL,היידרה סקין אפקט,מיליליטרים,50.00,"100 מ""ל",false,1,74.90,149.80,true,1,
4005900841148,false,"ניוואה מן ג'ל גילוח קול קיק פרש 200 מ""ל",ביירסדורף,DE,ג'ק גילוח ניוואה,מיליליטרים,200.00,"100 מ""ל",false,1,26.90,13.45,true,1,
4005900845702,false,"ניוואה - דאודורנט רול און לגבר קול קיק פרש 50 מ""ל",ביירסדורף,DE,דאודורנט ניוואה,מיליליטרים,50.00,"100 מ""ל",false,1,23.90,47.80,true,1,
4005900845733,false,"דאודורנט ספריי קול קיק פרש לגבר ניוואה מן 150 מ""ל",ביירסדורף,DE,דאודורנט ניוואה,מיליליטרים,150.00,"100 מ""ל",false,1,23.90,15.93,true,1,
4005900864000,false,"ניוואה היידרה סקין אפקט מים מיסלריים להסרת איפור וניקוי הפנים עם חומצה היאלורונית 400 מ""ל",ניואה,DE,היידרה סקין אפקט,מיליליטרים,400.00,"100 מ""ל",false,1,35.90,8.98,true,1,
4006000002583,false,ניוואה מארז טיפוח 4 פריטים לגבר POWER FRESH,ביירסדורץ,DE,טיפוח לגבר power,יחידה,1.00,יחידה,false,1,79.90,79.90,true,1,
4008600314462,false,נוק זוג מוצצי סיליקון זוהר בחושך 0-6 ורו,פרומדיקו,DE,מוצצים זוהרים,יחידה,1.00,יחידה,false,1,39.90,39.90,true,1,
4009300524588,false,חליטת צמחים פומפדור פירות יער 20 יחידות,פומפדור Pompadour,DE,חליטת פירות יער,גרמים,60.00,100 גרם,false,0,13.90,23.17,true,1,
4009900385824,false,מסטיק אורביט פפרמינט סטיקס משפחתי-חמישיות,ריגלי צרפת,FR,מסטיק סטיקס,גרמים,65.00,100 גרם,false,0,9.90,15.23,true,1,
4009900402965,false,אורביט וויט בטעם פירות בקבוקון 46מלבניות,ריגלי פולין,PL,אורביט בקבוקון,גרמים,64.00,100 גרם,false,0,8.90,13.90,true,1,
4009900403023,false,אורביט וויט בטעם מנטה בקבוקון 46 מלבניות,"ב.א מזון בע""מ",PL,אורביט בקבוקון,גרמים,64.00,100 גרם,false,0,8.90,13.90,true,1,
4009900420129,false,מסטיק אורביט פרופשנל פפרמינט בקבוקון 64 גר',מרס נדרלנד,PL,אורביט פפרמינט,גרמים,64.00,100 גרם,false,1,8.90,13.90,true,1,
4009900479998,false,אורביט וויט אוכמניות בקבוקון 46 מלבניות,ריגלי פולין,PL,אורביט בקבוקון,גרמים,64.00,100 גרם,false,0,8.90,13.90,true,1,
4009900482417,false,מסטיק אורביט פירות מנטה בקבוקון באבל מינט 45יח,ריגלי פולין,PL,אורביט באבל מינט,גרמים,64.00,100 גרם,false,0,8.90,13.90,true,1,
4009900484091,false,מסטיק אורביט פרופשיונל בטעם מנטה ללא סוכר,ריגלי פולין,PL,אורביט בקבוק,גרמים,84.00,100 גרם,false,0,10.90,12.98,true,1,
4009900491044,false,מסטיק איירובס אוכמניות בקבוקון 60יח',איירוויבס Airwaves,PL,מסטיק איירוויבז,גרמים,84.00,100 גרם,false,1,10.90,12.98,true,1,
4009900496247,false,"מסטיק אורביט לל""ס מלבניות בקבוק בבלימנט 60 יח",אורביט Orbit,PL,אורביט בקבוק,גרמים,84.00,100 גרם,false,1,10.90,12.98,true,1,
4009900534581,false,איירוויבס בקבוקון דובדבן ומנטה 46 מלבני,Unknown,IL,מסטיק איירוויבז,גרמים,64.00,100 גרם,false,1,8.90,13.90,true,1,
4009900534918,false,סקיטלס גאיינט פירות 141 גרם,ריגלי,CZ,סוכריות סקיטלס,יחידה,1.00,יחידה,false,0,6.90,6.90,true,1,
4009900536288,false,מסטיק אורביט רפרשרס פפרמינט בקבוקון ללא סוכר 67 גר',מרס ריגלי קונפקשונרי,PL,אורביט רפרשרס,גרמים,67.00,100 גרם,false,1,13.00,19.40,true,1,
4011700425501,false,TABAC EAU DE COLOGNE 300 ML,טאבק,IL,טבק אדט,מיליליטרים,300.00,"100 מ""ל",false,0,99.00,33.00,true,1,
4011700432301,false,"טבק אפטר שייב 150 מ""ל",לילית בישום,FR,טבק אפטר שייב,מיליליטרים,150.00,"100 מ""ל",false,0,48.90,32.60,true,1,
4011700447046,false,טאבק אורגינל קרפטסמן 100,טאבק,DE,טאבק אורגינל קרפ,מיליליטרים,100.00,"100 מ""ל",false,1,99.00,99.00,true,1,
4011800630515,false,חטיף קורני שוקולד חלב ובננה 6 יח 150 גר,מיוצר עי קונדיטוריית,DE,קורני חטיף דגנים,גרמים,150.00,100 גרם,false,0,10.90,7.27,true,1,
4011800632519,false,"מארז חטיפי שוקולד חלב וקוקוס ""קורני""",מיוצר עי קונדיטוריית,DE,קורני חטיף דגנים,גרמים,150.00,100 גרם,false,0,10.90,7.27,true,1,
4011800636517,false,קורני פרי שוקולד חלב מעולה ללא סוכר 6*1,מיוצר עי קונדיטוריית,DE,קורני חטיף דגנים,גרמים,120.00,100 גרם,false,0,10.90,9.08,true,1,
4012273123009,false,נטרוגינה קרם ידיים 50 מל הסדרה הנורבגית,גונסון אנד גונסון,FR,קרם ידיים,מיליליטרים,50.00,"100 מ""ל",false,0,28.90,57.80,true,1,
4014400914924,false,"סוכריות בטעם קפה וורטר אורגינל לל""ס 80 גרם",קריניציה ויטמינה אס,DE,סוכריות וורטר,גרמים,80.00,100 גרם,false,0,11.90,14.88,true,1,
4014400925319,false,וורטרס אורגינל פופקורן קרמל 140 גרם,וורטרס Werther's,DE,ממתק קרמל ורטר,גרמים,140.00,100 גרם,false,1,9.90,7.07,true,1,
4014400931327,false,וורטר פופקורן קרמל עם תערובת גרעינים 140 גרם,וורטרס Werther's,DE,פופקורן וורטר,גרמים,140.00,100 גרם,false,1,9.90,7.07,true,1,
4015000280211,false,"פה - דאודורנט רול און לאישה קאריביין לימון 50 מ""ל",שוורצקוף& הנקל דיסלד,DE,דאודורנט FA,מיליליטרים,50.00,"100 מ""ל",false,0,13.90,27.80,true,1,
4015000615884,false,"פה - דאודורנט ספריי לאישה קריביין לימון 200 מ""ל",שוורצקופף והנקל,DE,דאודורנט FA,מיליליטרים,200.00,"100 מ""ל",false,0,13.90,6.95,true,1,
4015000615891,false,"פה - דאודורנט ספריי לאישה אקווה 200 מ""ל",שוורצקופף והנקל,DE,דאודורנט FA,מיליליטרים,200.00,"100 מ""ל",false,0,13.90,6.95,true,1,
4015000976268,false,שמפו גליס Gliss למראה שיער מבריק Million Gloss,"הובי קוסמטיק, חברת ייצור",TR,שמפו גליס,מיליליטרים,400.00,"100 מ""ל",false,0,17.90,4.48,true,1,
4015000995122,false,"דאודורנט פה ספריי כח המשיכה 200 מ""ל",שוורצקופף והנקל,DE,דאודורנט פה,מיליליטרים,200.00,"100 מ""ל",false,0,13.90,6.95,true,1,
4015000996204,false,"גליס שמפו אולטימט שמן אלקסייר 400 מ""ל",שוורצקופף והנקל,DE,שמפו גליס,מיליליטרים,400.00,"100 מ""ל",false,0,17.90,4.48,true,1,
4015000996235,false,"גליס - מרכך משקם אקספקס תמצית שמן אולטימטיבי 200 מ""ל",שוורצקוף,SI,ספריי מרכך גליס,מיליליטרים,200.00,"100 מ""ל",false,0,24.90,12.45,true,1,
4015000997430,false,פה דאודורנט ספריי אינויזיבל פאוור 200 מל,שוורצקופף והנקל,TR,דאודורנט פה,מיליליטרים,200.00,"100 מ""ל",false,0,13.90,6.95,true,1,
4015100297928,false,גליס ביו-טק קונדישינר משקם אקספרס 200 מל,"הובי קוסמטיק, אנקרה, תור",SK,קונדישינר משקם,מיליליטרים,200.00,"100 מ""ל",false,1,24.90,12.45,true,1,
4015100325355,false,פלטה דלוקס קיט 4-0 חום בינוני עדין,שוורצקופף & הנקל דיסלדור,DE,צבע קבוע לשיער,יחידה,1.00,יחידה,false,1,28.90,28.90,true,1,
4015100438055,false,פאלטה - דלוקס קיט בלונד בינוני 7-0,שוורצקופף & הנקל דיסלדור,DE,צבע לשיער פאלטה,יחידה,1.00,יחידה,false,1,28.90,28.90,true,1,
4015100438154,false,פאלטה - דלוקס קיט בלונד טיטניום 12-2,שוורצקופף & הנקל דיסלדור,DE,צבע לשיער פאלטה,יחידה,1.00,יחידה,false,1,28.90,28.90,true,1,
4015100438192,false,פאלטה - דלוקס קיט בלונד זהוב חם 8-65,שוורצקופף & הנקל דיסלדור,DE,צבע לשיער פאלטה,יחידה,1.00,יחידה,false,1,28.90,28.90,true,1,
4015400690313,false,טמפונים פרל רגולר טמפקס קומפאק 18 יח,פרוקטר אנד גמבל,HU,טמפקס,יחידה,1.00,יחידה,false,1,23.90,23.90,true,1,
4015400690405,false,טמפונים פרל סופר טמפקס קומפאק 18 יח,פרוקטר אנד גמבל,HU,טמפקס,יחידה,1.00,יחידה,false,1,23.90,23.90,true,1,
4015400715320,false,טמפקס טמפונים קומפאק רגולר 22יח',פרוקטר & גמבל,HU,טמפקס קומפאק,יחידה,1.00,יחידה,false,1,24.90,24.90,true,1,
4015400755487,false,תחבושות היגייניות אולוויז אולטרה לונג - 24 יח',פרוקטר אנד גמבל,DE,תחבושות אולוייז,יחידה,1.00,יחידה,false,1,19.90,19.90,true,1,
4015400824725,false,טמפונים סופר עם מוליך טמפקס 30 יחידות,פרוקטר אנד גמבל,HU,טמפקס פלאש סופר,יחידה,1.00,יחידה,false,0,29.90,29.90,true,1,
4015400990482,false,"אבקת כביסה אריאל קולור 3 ק""ג",פרוקטר אנד גמבל,TR,אבקת אריאל קולור,קילוגרמים,3.00,"ק""ג",false,1,37.90,12.63,true,1,
4015600763251,false,שמפו הד&שולדרס קלאסי600מ,פרוקטר אנד גמבל,RO,שמפו הד&שולדרס,מיליליטרים,600.00,"100 מ""ל",false,0,25.90,4.32,true,1,
4015600763299,false,הד&שולדרס 600 שמפו 2ב1 קלאסי,פרוקטר אנד גמבל,RO,שמפו הד&שולדרס,מיליליטרים,600.00,"100 מ""ל",false,0,25.90,4.32,true,1,
4015600763411,false,שמפו הד&שולדרס מנטול 600,פרוקטר אנד גמבל,RO,שמפו הד&שולדרס,מיליליטרים,600.00,"100 מ""ל",false,0,25.90,4.32,true,1,
4015600763459,false,שמפו הד&שולדרס תפוח600מל,פרוקטר אנד גמבל,RO,שמפו הד&שולדרס,מיליליטרים,600.00,"100 מ""ל",false,0,25.90,4.32,true,1,
4015600763534,false,הד&שולדרס 600 שמפו מגע משי,פרוקטר אנד גמבל,RO,שמפו הד&שולדרס,מיליליטרים,600.00,"100 מ""ל",false,0,25.90,4.32,true,1,
4015600766658,false,"הד אנד שולדרס שמפו2 ב 1 מנטול 600 מ""ל",פרוקטר אנד גמבל,RO,שמפו הד&שולדרס,מיליליטרים,600.00,"100 מ""ל",false,0,25.90,4.32,true,1,
4045787068221,false,"אינדולה - פרוטאין צבע 1 שחור 60 מ""ל",שוורצקופף והנקל,DE,פרוטאין קולור,יחידה,1.00,יחידה,false,0,23.90,23.90,true,1,
4045787068238,false,צבע לשיער פרוטאין קולור- 10 בלונד בהיר מאוד,שוורצקופף והנקל,DE,פרוטאין קולור,יחידה,1.00,יחידה,false,0,23.90,23.90,true,1,
4045787068252,false,צבע לשיער פרוטאין קולור- 1000.1 אקסטרה בלונד אפרפר,שוורצקופף והנקל,DE,פרוטאין קולור,יחידה,1.00,יחידה,false,0,23.90,23.90,true,1,
4045787068290,false,"אינדולה - פרוטאין צבע 3 חום שחור 60 מ""ל",שוורצקופף והנקל,DE,פרוטאין קולור,יחידה,1.00,יחידה,false,0,23.90,23.90,true,1,
4045787068313,false,"אינדולה - פרוטאין צבע 4-37 שוקולד כהה 60 מ""ל",אינדולה Indola,DE,פרוטאין קולור,יחידה,1.00,יחידה,false,0,23.90,23.90,true,1,
4045787068320,false,"אינדולה - פרוטאין צבע 5 חום 60 מ""ל",שוורצקופף והנקל,DE,פרוטאין קולור,יחידה,1.00,יחידה,false,0,23.90,23.90,true,1,
4045787068368,false,"אינדולה - פרוטאין צבע 5-66 שזיף 60 מ""ל",אינדולה Indola,DE,פרוטאין קולור,יחידה,1.00,יחידה,false,0,23.90,23.90,true,1,
4045787068375,false,"אינדולה - פרוטאין צבע 6 בלונד כהה 60 מ""ל",שוורצקופף והנקל,DE,פרוטאין קולור,יחידה,1.00,יחידה,false,0,23.90,23.90,true,1,
4045787068405,false,"צבע לשיער אינדולה פרוטאין חום שקד 6-23 60 מ""ל",אינדולה Indola,DE,פרוטאין קולור,יחידה,1.00,יחידה,false,0,23.90,23.90,true,1,
4045787068511,false,צבע לשיער פרוטאין קולור- 7.44 דבש נחושתי,אינדולה Indola,DE,פרוטאין קולור,יחידה,1.00,יחידה,false,0,23.90,23.90,true,1,
4056800100354,false,שוקוויבס מוס לשיער 200 מ,THEORAT INTERSPRAY,DE,שוקוויבס מוס,מיליליטרים,200.00,"100 מ""ל",false,1,24.90,12.45,true,1,
4056800693061,false,וולהפלקס ג'ל חזק במיוחד 150 מל,פרוקטר אנד גמבל,FR,וולהפלקס ג'ל,מיליליטרים,150.00,"100 מ""ל",false,0,14.90,9.93,true,1,
4056800733088,false,שוקוויבס ספריי לשיער 250,HFC פרסטיג',DE,שוקוויבס ספריי,מיליליטרים,250.00,"100 מ""ל",false,1,30.90,12.36,true,1,
4056800777822,false,צבע לשיער קולסטון קיט 3/0 חום כהה,פרוקטר אנד גמבל,DE,קולסטון קיט,יחידה,1.00,יחידה,false,0,38.90,38.90,true,1,
4056800777853,false,צבע לשיער קולסטון קיט 4/0 חום בינוני,פרוקטר אנד גמבל,DE,קולסטון קיט,יחידה,1.00,יחידה,false,0,38.90,38.90,true,1,
4056800777921,false,צבע לשיער קולסטון קיט 4/77 חום קטיפה,פרוקטר אנד גמבל,DE,קולסטון קיט,יחידה,1.00,יחידה,false,0,38.90,38.90,true,1,
4056800943739,false,קרם חמצן וולוקסון Welloxon 6%,פרוקטר אנד גמבל,FR,חמצן וולה,מיליליטרים,60.00,"100 מ""ל",false,0,5.90,9.83,true,1,
4056800943791,false,קרם חמצן וולוקסון Welloxon 9%,פרוקטר אנד גמבל,FR,חמצן וולה9%,מיליליטרים,60.00,"100 מ""ל",false,0,5.90,9.83,true,1,
4059729028693,false,Cat. Blush Box 040,CATRICE,DE,סומק 40,יחידה,1.00,יחידה,false,0,16.00,16.00,true,1,
4059729028709,false,Cat. Blush Box 050,CATRICE,DE,סומק 50,יחידה,1.00,יחידה,false,0,15.00,15.00,true,1,
4059729036742,false,Cat. Slim'Matic Ultra Precise Brow Pencil Waterproof 040,CATRICE,DE,עיפרון גבות סלים,יחידה,1.00,יחידה,false,0,14.00,14.00,true,1,
4059729191762,false,Cat. Slim'Matic Ultra Precise Brow Pencil Waterproof 050,,IL,עפרון גבות סלים,יחידה,1.00,יחידה,false,1,14.00,14.00,true,1,
4059729203250,false,Cat. Liquid Camouflage High Coverage Concealer 036,,IL,קונסילר נוזלי 0,יחידה,1.00,יחידה,false,1,15.00,15.00,true,1,
4059729220141,false,פריימר לשפתיים יח',,IL,פריימר לשפתיים,יחידה,1.00,יחידה,false,1,21.00,21.00,true,1,
4059729222923,false,Catrice Blush Box Glowing + Multicolour 020,,IL,פלטת סומק 020,יחידה,1.00,יחידה,false,1,17.00,17.00,true,1,
4059729222978,false,Catrice Ten!sational 10 in 1 Dream Primer,,IL,פריימר 10 ב 1,מיליליטרים,30.00,"100 מ""ל",false,1,25.00,83.33,true,1,
4059729244475,false,"סרום למראה גלואו 30 מ""ל",CATRICE,FR,סרום למראה גלואו,מיליליטרים,30.00,"100 מ""ל",false,1,25.00,83.33,true,1,
4059729246264,false,עפרון לתיחום העיניים 020,,IL,עפרון לתיחום העי,יחידה,1.00,יחידה,false,1,13.00,13.00,true,1,
4059729246271,false,Catrice Lashes To Kill Sexy Volume Mascara,,IL,מסקרה ריסים עבים,יחידה,1.00,יחידה,false,1,17.00,17.00,true,1,
4059729246479,false,Cat. Micro Slim Eye Pencil Waterproof 030,,IL,עיפרון עיניים 03,יחידה,1.00,יחידה,false,1,14.00,14.00,true,1,
4059729248350,false,Cat. Matt Pro Ink Liquid Lipstick 020,,FR,שפתון מט פרו נוז,יחידה,1.00,יחידה,false,1,21.00,21.00,true,1,
4059729248459,false,Catrice Power Plumping Gel Lipstick 110,,IL,שפתון ג'ל 110,יחידה,1.00,יחידה,false,1,17.00,17.00,true,1,
4059729250322,false,בוסטר אקסטרים לשפתיים יח,,IL,בוסטר אקסטרים לש,יחידה,1.00,יחידה,false,1,17.00,17.00,true,1,
4059729276667,false,עיפרון תוחם שפתיים 010,,FR,עיפרון גבות 015,יחידה,1.00,יחידה,false,1,11.00,11.00,true,1,
4059729276698,false,עיפרון תוחם שפתיים 040,,FR,עיפרון תוחם שפת,יחידה,1.00,יחידה,false,1,11.00,11.00,true,1,
4059729276742,false,עיפרון תוחם שפתיים 090,,FR,עיפרון תוחם שפת,יחידה,1.00,יחידה,false,1,11.00,11.00,true,1,
4059729276810,false,Cat. Power Plumping Gel Lipstick 140,,FR,שפתון ג'ל 140,יחידה,1.00,יחידה,false,1,17.00,17.00,true,1,
4059729277091,false,Catrice True Skin High Cover Concealer 020,,IT,קונסילר ל18-שעות,יחידה,1.00,יחידה,false,0,17.00,17.00,true,1,
4059729277206,false,Cat. True Skin Hydrating Foundation 010,,FR,מייקאפ טרו סקין,מיליליטרים,30.00,"100 מ""ל",false,1,29.00,96.67,true,1,
4059729277374,false,פודרה דחוסה לטשטוש נקבו,,FR,פודרה דחוסה לטש,יחידה,1.00,יחידה,false,1,21.00,21.00,true,1,
4059729281005,false,Cat. Go Big. Go Bold. 24h Waterproof Extreme Volume Mascara,,FR,גו ביג גו בולד מ,יחידה,1.00,יחידה,false,1,20.00,20.00,true,1,
4059729312259,false,Catrice Brow Fix Soap Stylist 010,,CN,סבון לגבות,יחידה,1.00,יחידה,false,0,17.00,17.00,true,1,
4059729312389,false,Catrice Express Quick Dry Drops,,PL,מייבש לק,יחידה,1.00,יחידה,false,0,10.00,10.00,true,1,
4059729312631,false,שפתון +חומצה היאלרונית,,IT,שפתון עם חומצה,יחידה,1.00,יחידה,false,0,15.00,15.00,true,1,
4059729312648,false,שפתון +חומצה היאלרונית,,IT,שפתון עם חומצה,יחידה,1.00,יחידה,false,0,15.00,15.00,true,1,
4059729312655,false,שפתון +חומצה היאלרונית,,IT,שפתון עם חומצה,יחידה,1.00,יחידה,false,0,15.00,15.00,true,1,
4059729312686,false,Catrice Quick Dry Top Coat,,LU,לק טופ,יחידה,1.00,יחידה,false,0,10.00,10.00,true,1,
4059729313539,false,Catrice More Than Nude Nail Polish 12,,FR,לק זוהר,יחידה,1.00,יחידה,false,0,10.00,10.00,true,1,
4059729329981,false,מסקרה שחורה לעיניים,,IT,מסקרה שחורה,יחידה,1.00,יחידה,false,0,21.00,21.00,true,1,
4059729330697,false,Catrice Blush Box Glowing & Multi. 030,,PL,סומק,יחידה,1.00,יחידה,false,0,17.00,17.00,true,1,
4059729331571,false,Catrice All Matt Shine Make Up 010N,,IT,מייקאפ,מיליליטרים,30.00,"100 מ""ל",false,0,27.00,90.00,true,1,
4059729332875,false,Catrice All Matt Shine Powd. 100,,IT,פודרה,יחידה,1.00,יחידה,false,0,15.00,15.00,true,1,
4059729333629,false,Catrice Vegan Coll. Matt Lipst. 040,,IT,אודם למראה מאט,יחידה,1.00,יחידה,false,0,17.00,17.00,true,1,
4059729334343,false,Catrice Volumizing Extreme Lip Booster 030,,LU,גלוס מנצנץ,יחידה,1.00,יחידה,false,0,17.00,17.00,true,1,
4059729334794,false,Catrice Vegan Coll. Matt Lipst. 110,,IT,אודם למראה מאט,יחידה,1.00,יחידה,false,0,17.00,17.00,true,1,
4059729335210,false,לק בסיס לציפורניים,,LU,לק בסיס,יחידה,1.00,יחידה,false,0,10.00,10.00,true,1,
4059729343239,false,סרום לחידוש עור הפנים יח,,FR,סרום לחידוש עור,יחידה,1.00,יחידה,false,1,25.00,25.00,true,1,
4059729355553,false,שפתון עם חומצה היאלרונית,CATRICE,PL,שפתון עם חומצה ה,יחידה,1.00,יחידה,false,1,21.00,21.00,true,1,
4059729355904,false,הייליטר למראה זוהר יח',CATRICE,PL,הייליטר למראה זו,יחידה,1.00,יחידה,false,1,21.00,21.00,true,1,
4059729357823,false,Catrice - Super Glue Brow Styling Gel 010,CATRICE,CN,ג'ל לגבות 010,יחידה,1.00,יחידה,false,1,18.00,18.00,true,1,
4059729358189,false,"סרום לעיניים 15 מ""ל",CATRICE,CZ,סרום לעיניים,מיליליטרים,15.00,"100 מ""ל",false,1,19.00,126.67,true,1,
4059729358936,false,ליפסטיק לשפתיים 130 יח',CATRICE,IT,ליפסטיק לשפתיים,יחידה,1.00,יחידה,false,1,21.00,21.00,true,1,
4084500065536,false,פנטן קרם לחות מוגברת לעיצוב שיער 300 מל,פרוקטר אנד גמבל,FR,קרם לשיער פנטן,מיליליטרים,300.00,"100 מ""ל",false,0,23.90,7.97,true,1,
4084500065598,false,"קרם לחות פנטן לתלתלים מושלמים 300 מ""ל",פרוקטר אנד גמבל,FR,קרם לשיער פנטן,מיליליטרים,300.00,"100 מ""ל",false,0,23.90,7.97,true,1,
4084500471900,false,"ג'ילט - דאודורנט ג'ל לגבר קליר פאוור ראש 70 מ""ל",ג'\ילט פרוקטר אנד גמבל,PL,ג'ילט דאו קליר ג,מיליליטרים,70.00,"100 מ""ל",false,1,22.90,32.71,true,1,
4103330017369,false,חוט דנטלי לניקוי גשרים,פרוקטר & גמבל,IE,חוט דנטלי לניקוי,יחידה,1.00,יחידה,false,1,28.90,28.90,true,1,
4210201176688,false,אורל בי ראש חשמלי סנסיטיב 4 יחידות,פרוקטר אנד גמבל,DE,ראש חשמלי 4 יח,יחידה,1.00,יחידה,false,1,89.90,89.90,true,1,
4210201202905,false,אורל בי 8 ראשים למברשת שיניים חשמלית סנסטיב,בראון,DE,ראשי מילוי סנסיט,יחידה,1.00,יחידה,false,1,219.90,219.90,true,1,
4210201245193,false,אורל בי מברשת שיניים חשמלית נטענת לילדים פרוזן,פרוקטר אנד גמבל,DE,מברשת אורל בי,יחידה,1.00,יחידה,false,1,89.90,89.90,true,1,
4210201262183,false,אורל בי מברשת שיניים חשמלית נטענת ויטאליטי,פרוקטר אנד גמבל,DE,מברשת נטענת,יחידה,1.00,יחידה,false,1,89.90,89.90,true,1,
4210201354369,false,אורל בי ראש חשמלי קרוס אקשן 4 יחידות,פרוקטר אנד גמבל,DE,ראש חשמלי קרוס א,יחידה,1.00,יחידה,false,1,89.90,89.90,true,1,
4210201360742,false,אורל בי ראש חשמלי פלקסי סופט 4 יחידות,פרוקטר אנד גמבל,DE,אורל בי 4 ראשים,יחידה,1.00,יחידה,false,1,89.90,89.90,true,1,
4210201365334,false,אורל בי ראש חשמלי סיבי פחם ארבע יחידות,פרוקטר אנד גמבל,DE,אורל בי ראש 4 יח,יחידה,1.00,יחידה,false,1,89.90,89.90,true,1,
4250035288157,false,עפרון קז'אל 10,CATRICE,DE,עפרון קז'אל 10,יחידה,1.00,יחידה,false,0,9.00,9.00,true,1,
4250035288188,false,עפרון קז'אל 40,CATRICE,DE,עפרון קז'אל 40,יחידה,1.00,יחידה,false,0,9.00,9.00,true,1,
4250338474363,false,איילנר נוזלי,CATRICE,DE,איילנר נוזלי,יחידה,1.00,יחידה,false,0,15.00,15.00,true,1,
4250338474400,false,איילנר נוזלי עמיד במים,CATRICE,DE,איילנר נוזלי עמי,יחידה,1.00,יחידה,false,0,16.00,16.00,true,1,
4250338487752,false,Cat. Eye Brow Stylist 020,CATRICE,DE,עיפרון גבות 20,יחידה,1.00,יחידה,false,0,11.00,11.00,true,1,
4250587723588,false,מסקרה לנפח ריסים,CATRICE,DE,מסקרה לנפח ריסים,יחידה,1.00,יחידה,false,0,17.00,17.00,true,1,
4250587723779,false,CATRICE ג'ל לעיצוב הגבות,CATRICE,DE,ג'ל לעיצוב הגבות,יחידה,1.00,יחידה,false,0,14.00,14.00,true,1,
4250587754230,false,Catrice All Matt Plus Shine Control Powder 010,CATRICE,DE,פודרה מט 10,יחידה,1.00,יחידה,false,0,15.00,15.00,true,1,
4250947531518,false,פודרה בתפזורת יח',CATRICE,DE,פודרה בתפזורת,יחידה,1.00,יחידה,false,0,23.00,23.00,true,1,
4250947543726,false,מעגל ריסים יח',CATRICE,IT,מעגל ריסים,יחידה,1.00,יחידה,false,1,17.00,17.00,true,1,
4250947544662,false,Catrice Liquid Camouflage High Coverage Concealer 010,CATRICE,DE,קונסילר נוזלי 1,יחידה,1.00,יחידה,false,0,15.00,15.00,true,1,
4250947544686,false,Cat. Liquid Camouflage High Coverage Concealer 020,CATRICE,DE,קונסילר נוזלי 2,יחידה,1.00,יחידה,false,0,15.00,15.00,true,1,
4250947563618,false,Cat. Liquid Camouflage High Coverage Concealer 005,CATRICE,DE,קונסילר נוזלי 0,יחידה,1.00,יחידה,false,0,15.00,15.00,true,1,
4250947598283,false,Cat. HD Liquid Coverage Foundation 010,CATRICE,DE,מייק אפ 10-HD,מיליליטרים,30.00,"100 מ""ל",false,0,29.00,96.67,true,1,
4250947598306,false,Cat. HD Liquid Coverage Foundation 030,CATRICE,DE,מייק אפ 30-HD,מיליליטרים,30.00,"100 מ""ל",false,0,29.00,96.67,true,1,
4250947598368,false,Cat. Prime And Fine Multitalent Fixing Spray,CATRICE,DE,ספריי מקבע רב שי,מיליליטרים,50.00,"100 מ""ל",false,0,20.00,40.00,true,1,
4251232200706,false,עפרון קז'אל 230,CATRICE,DE,עפרון קז'אל 230,יחידה,1.00,יחידה,false,0,9.00,9.00,true,1,
4251232227284,false,Cat. Slim'Matic Ultra Precise Brow Pencil Waterproof 030,CATRICE,DE,עיפרון גבות סלים,יחידה,1.00,יחידה,false,0,14.00,14.00,true,1,
4251232284324,false,Cat. Liquid Camouflage High Coverage Concealer 015,CATRICE,DE,קונסילר נוזלי 15,יחידה,1.00,יחידה,false,0,15.00,15.00,true,1,
4251232284485,false,Cat. Power Gel 2in1 Base & Top Coat,CATRICE,DE,בסיס וטופ 2ב1,יחידה,1.00,יחידה,false,0,10.00,10.00,true,1,
4511428200010,false,ביטוי פיט דר` מל ספרי לנעל 6-1,חלאבין,IL,חלאבין ספריי לנע,מיליליטרים,250.00,"100 מ""ל",false,0,29.90,11.96,true,1,
4710068001692,false,"מאסטר קפה לאטה פחית 240 מ""ל",תאיט מרקטינג אנד דיסטריב,TW,מאסטר קפה,מיליליטרים,240.00,"100 מ""ל",false,0,7.90,3.29,true,1,
4710068001739,false,"מאסטר קפה קולומביאני 250 מ""ל",יוני פרזינדנט אנטרפר,TW,מאסטר קפה,מיליליטרים,240.00,"100 מ""ל",false,0,7.90,3.29,true,1,
4800888150080,false,"דאב - דאודורנט רול און לאישה פרש טאצ' מלפפונים 50 מ""ל",יוניליוור פיליפינים,PH,דאודורנט דאב,מיליליטרים,50.00,"100 מ""ל",false,0,12.90,25.80,true,1,
4800888209382,false,רקסונה דאודורנט סטיק אינביזיבל 50 גרם (נשים),יוניליוור,PH,דאודורנט רקסונה,מיליליטרים,50.00,"100 מ""ל",false,1,20.90,41.80,true,1,
4800888219510,false,דאב - דאודורנט סטיק לאישה פרש מלפפונים 50 גרם,יוניליוור פיליפינים,PH,דאודורנט דאב,גרמים,50.00,100 גרם,false,1,19.90,39.80,true,1,
4800888219527,false,דאב - דאודורנט סטיק לאישה ללא סימן אינביזיבל 50 גרם,יוניליוור,PH,דאודורנט דאב,גרמים,50.00,100 גרם,false,1,19.90,39.80,true,1,
4800888219534,false,דאב - דאודורנט סטיק לאישה אנטי פרספירמט 50 גרם,יוניליוור פיליפינים,PH,דאו.דאב,מיליליטרים,50.00,"100 מ""ל",false,1,19.90,39.80,true,1,
4891228430061,false,סכיני גילוח שיק אקזקטה 2 לנשים ורוד 10 יח',הנסיך- מפעל לייצור ט,CN,סכיני גילוח 10יח,יחידה,1.00,יחידה,false,0,24.90,24.90,true,1,
4891228430092,false,סכיני גילוח שיק אקסטרים קומפורט לנשים 3 להבים 4 יחידות,אנרג'יזר Energizer,CN,סכיני גילוח,יחידה,1.00,יחידה,false,0,19.90,19.90,true,1,
4902430742597,false,ORAL B ProHealth Criss Cross Bacterial Blast BUY 2 GET 1 (SOFT),פרוקטר & גמבל,IN,מברשות שיניים3*,יחידה,1.00,יחידה,false,1,24.90,24.90,true,1,
4987176071545,false,מברשות שיניים אורל בי שישייה,,IN,6מברשות שיניים,יחידה,1.00,יחידה,false,1,13.90,13.90,true,1,
4987176128188,false,מברשת שיניים אורל בי מארז שישייה,פרוקטר & גמבל,IN,6מברשות שיניים,יחידה,1.00,יחידה,false,1,13.90,13.90,true,1,
5000159452540,false,סניקרס מארז חטיף 50 גרם חמישייה,מרס הולנד בי.וי.,NL,חטיפי סניקרס,גרמים,250.00,100 גרם,false,1,13.30,5.32,true,1,
5000159459228,false,חטיף שוקולד טוויקס 50 ג',"נארז ע""י : א.ג. גילר",NL,חטיף טוויקס,גרמים,50.00,100 גרם,false,0,3.90,7.80,true,1,
5000159536400,false,טוויקס סטיקס 99 קלוריות 10 יחידות,מרס,NL,טוויקס סטיקס,גרמים,200.00,100 גרם,false,1,15.90,7.95,true,1,
5000204114898,false,גלייד ארוסול מבשם אוויר ניחוח מרכך כביסה,"אס.סי ג'\ונסון,מידרכט, ה",NL,גלייד ארוסול,מיליליטרים,300.00,"100 מ""ל",false,1,8.90,2.97,true,1,
5000204657883,false,קיווי משחת נעליים בקופסא חום 50 מל,ג' אל ראיה בוגור ג'א,ID,קיווי משחה בחום,מיליליטרים,50.00,"100 מ""ל",false,0,7.90,15.80,true,1,
5000394140899,false,סוללות AA דורסל פלוס - 8 יח',דורסל Duracell,BE,דורסל שמיניות AA,יחידה,1.00,יחידה,false,1,29.90,29.90,true,1,
5000394141179,false,סוללות AAA דורסל פלוס - 8 יח',דורסל Duracell,BE,דורסל שמיניות AA,יחידה,1.00,יחידה,false,1,29.90,29.90,true,1,
5010123703431,false,ליסטרין פרש בורסט 250 מל,גונסון אנד גונסון,IL,ליסטרין פרש בורס,מיליליטרים,250.00,"100 מ""ל",false,1,9.90,3.96,true,1,
5010123703509,false,ליסטרין קולמינט 250,ג'ונסון,IL,ליסטרין קולמינט,מיליליטרים,250.00,"100 מ""ל",false,1,9.90,3.96,true,1,
5010182998847,false,דאק נוזל לניקוי אסלות בניחוח ים 750 מל,מיוצר עי קונדיטוריית,NL,טואלט דאק,מיליליטרים,750.00,"100 מ""ל",false,0,10.90,1.45,true,1,
5010622008204,false,אורל בי חוט דנטלי סופר פלוס,פרוקטר & גמבל,IE,סופר פלוס,יחידה,1.00,יחידה,false,0,28.90,28.90,true,1,
5010724527481,false,בטיסט שמפו יבש בניחוח קלאסי,צ'\רצ'\ אנד דיוויט,GB,בטיסט שמפו,מיליליטרים,200.00,"100 מ""ל",false,1,29.90,14.95,true,1,
5010724527511,false,בטיסט שמפו יבש בניחוח טרופי 200 מ'ל,צ'\רצ'\ אנד דיוויט,GB,בטיסט שמפו,מיליליטרים,200.00,"100 מ""ל",false,1,29.90,14.95,true,1,
5011408027990,false,ספרי עיצוב חזק מאוד לשיער Elnett,לוריאל Loreal,FR,אלנט ספריי לשיער,מיליליטרים,400.00,"100 מ""ל",false,0,54.90,13.73,true,1,
5012251012645,false,רצועות לאף להסרת ראשים שחורים,,GB,מדבקות להוצאת שח,יחידה,1.00,יחידה,false,1,15.90,15.90,true,1,
5012251012898,false,"BEAUTY FORMULAS מסכת ג'ל פנים זהב נוצצת מועשרת בתמציות קולגן 100 מ""ל",,IL,מסכת ג'ל פנים,מיליליטרים,100.00,"100 מ""ל",false,1,29.90,29.90,true,1,
5012909010894,false,זוג פטמות אוונט בינו,פיליפס אוונט,GB,פטמה רגילה קלאסי,יחידה,1.00,יחידה,false,0,44.90,44.90,true,1,
5013931015741,false,דיש מטיק - ידית הפלא לשטיפת כלים,דישמטיק Dish matic,US,ידית הפלא לכלים,יחידה,1.00,יחידה,false,1,14.90,14.90,true,1,
5013931015789,false,דישמאטיק ידית הפלא עם כרית פלדה,דישמטיק Dish matic,US,ידית הפלא +כרית,יחידה,1.00,יחידה,false,1,14.90,14.90,true,1,
5014271300429,false,"מעדן משמש 100% פרי סנטדלפור 284 גרם לל""ס",סאן דלפור - שמבור,FR,מעדן מישמש,גרמים,284.00,100 גרם,false,0,20.90,7.36,true,1,
5019090124485,false,צלחות מחולקות 2 צבעים זו,מנצ'קין,IL,צלחות מחולקות 2,יחידה,1.00,יחידה,false,1,59.90,59.90,true,1,
5029053032658,false,שמיניית ממחטות טישו קלינקס 9 יחידות,חוגלה קימברלי,IT,קלינקס שמיניה,יחידה,1.00,יחידה,false,1,7.90,7.90,true,1,
5029053510811,false,תחבושות נורמל פלוס עם כנפיים קוטקס 28 יחידות,קימברלי קלארק,CZ,תחבושות קוטקס,יחידה,1.00,יחידה,false,0,21.90,21.90,true,1,
5029053510828,false,תחבושות סופר פלוס עם כנפיים קוטקס 22יחידות,קימברלי קלארק,CZ,תחבושות קוטקס,יחידה,1.00,יחידה,false,0,21.90,21.90,true,1,
5029053523446,false,קוטקס - תחבושות אולטרה נייט + כנפיים 20 יח',קימברלי קלארק,CZ,תחבושות נייט קוט,יחידה,1.00,יחידה,false,0,21.90,21.90,true,1,
5029053535227,false,קוטקס טמפון עם מוליך נורמל 16 יחידות,קימברלי קלארק,CZ,טמפוני קוטקס,יחידה,1.00,יחידה,false,0,18.90,18.90,true,1,
5029053535234,false,טמפון קוטקס עם מוליך סופר 16 יח,חוגלה קימברלי,CZ,טמפוני קוטקס,יחידה,1.00,יחידה,false,0,18.90,18.90,true,1,
5029054220085,false,האגיס - מגבוני האגיס אקסטרה קר לא מבושם 56 יח' * 4,קימברלי קלארק,IL,מגבונים לרך נולד,יחידה,1.00,יחידה,false,1,31.90,31.90,true,1,
5060062992588,false,לנסינו 25 שקיות סטריליות לאחסון חלב אם,מדי-קיור,IL,שק.לאחסון חלב אם,יחידה,1.00,יחידה,false,0,54.90,54.90,true,1,
5060524510749,false,"פליי קול רונלדו 100 מ""ל",אלפא בישום,IL,פליי קול רונלדו,מיליליטרים,100.00,"100 מ""ל",false,1,189.00,189.00,true,1,
5060524511296,false,מארז on Game CR7 לגבר,עדן פרפיום,GB,on Game CR7 מארז,יחידה,1.00,יחידה,false,1,229.00,229.00,true,1,
5201100872596,false,לוריאל - אקסלנס קרם 9 בלונד בהיר מאוד,לוריאל Loreal,BE,צבע לשיער אקסלנס,יחידה,1.00,יחידה,false,0,42.90,42.90,true,1,
5201100872640,false,לוריאל - אקסלנס קרם 03בלונד אולטרה בהיר אפור,לוריאל Loreal,BE,צבע לשיער אקסלנס,יחידה,1.00,יחידה,false,0,42.90,42.90,true,1,
5201178801030,false,"ניוואה רב שימושי 75 מ""ל",ביירסדורץ,DE,קרם ניוואה,יחידה,1.00,יחידה,false,0,23.90,23.90,true,1,
5201178801054,false,"קרם רב שימושי ניוואה 250 מ""ל",טרופיקל דגיל תעשיות,DE,ניוואה קרם לחות,מיליליטרים,250.00,"100 מ""ל",false,0,24.90,9.96,true,1,
5201347400545,false,רצועות שעווה מוכנות לשימוש לפנים ולאזורים רגישים,רקיט בנקיזר צרפת,FR,רצועות שעווה ויט,יחידה,1.00,יחידה,false,0,38.90,38.90,true,1,
5202300014496,false,ספריי לשיער חזק במיוחד וולה פלקס Wella flex,פרוקטר אנד גמבל,DE,וולהפלקס ספריי,מיליליטרים,250.00,"100 מ""ל",false,0,38.90,15.56,true,1,
5202300042956,false,צבע לשיער צבע לשיער קולסטון 5/5 מהגוני,פרוקטר אנד גמבל,DE,קולסטון שפופרת,יחידה,1.00,יחידה,false,0,25.90,25.90,true,1,
5202300043069,false,צבע לשיער קולסטון - 2/8 שחור כחול,פרוקטר & גמבל,DE,קולסטון שפופרת,יחידה,1.00,יחידה,false,0,25.90,25.90,true,1,
5202300043144,false,צבע לשיער קולסטון - 9/0 בלונד בהיר מאוד,פרוקטר אנד גמבל,DE,קולסטון שפופרת,יחידה,1.00,יחידה,false,0,25.90,25.90,true,1,
5202300043151,false,צבע לשיער קולסטון - 8/0 בלונד בהיר,פרוקטר אנד גמבל,DE,קולסטון שפופרת,יחידה,1.00,יחידה,false,0,25.90,25.90,true,1,
5202300043168,false,צבע לשיער קולסטון - 7/0 בלונד בינוני,פרוקטר אנד גמבל,DE,קולסטון,יחידה,1.00,יחידה,false,0,25.90,25.90,true,1,
5202300043182,false,צבע לשיער קולסטון - 5/0 חום בהיר,פרוקטר אנד גמבל,DE,קולסטון שפופרת,יחידה,1.00,יחידה,false,0,25.90,25.90,true,1,
5202300043199,false,צבע לשיער קולסטון - 4/0 חום בינוני,פרוקטר אנד גמבל,DE,קולסטון שפופרת,יחידה,1.00,יחידה,false,0,25.90,25.90,true,1,
5202300043212,false,צבע לשיער קולסטון - 2/0 שחור,פרוקטר אנד גמבל,DE,קולסטון שפופרת,יחידה,1.00,יחידה,false,0,25.90,25.90,true,1,
5202300043274,false,צבע לשיער קולסטון- 8/1 בלונד אפרפר בהיר,פרוקטר אנד גמבל,DE,קולסטון שפופרת,יחידה,1.00,יחידה,false,0,25.90,25.90,true,1,
5391523057929,false,סימילאק גולד שלב 1 תרכובת מזון על בסיס חלב,אבוט מעבדות רפואיות,IE,סימילאק גולד,גרמים,700.00,100 גרם,false,1,69.90,9.99,true,1,
5391523057936,false,סימילאק גולד שלב 2 תרכובת מזון על בסיס חלב,אבוט מעבדות רפואיות,IE,סימילאק גולד,גרמים,700.00,100 גרם,false,1,69.90,9.99,true,1,
5391523058070,false,סימילאק אדבנס פלוס 3 תרכובת מזון על בסיס חלב,טרופיקל דגיל תעשיות,IE,סימילאק אדבנס,גרמים,700.00,100 גרם,false,1,64.90,9.27,true,1,
5410076854462,false,חוט דנטלי אורל בי 40 מטר 3D,פרוקטר & גמבל,IE,חוט דנטלי מנטה,מטרים,40.00,מטר,false,1,24.90,0.62,true,1,
5410091648176,false,"פה - דאודורנט רול און לאישה פינק פרדייס 50 מ""ל",שוורצקופף והנקל,DE,דאודורנט FA,מיליליטרים,50.00,"100 מ""ל",false,0,13.90,27.80,true,1,
5410091678005,false,"סאיוס - ספריי לשיער ליצירת נפח 400 מ""ל",שוורצקוף,DE,ספרי עיצוב סאיוס,מיליליטרים,400.00,"100 מ""ל",false,0,46.90,11.73,true,1,
5410091708955,false,"סאיוס - ספריי לשיער קרטין 400 מ""ל",שוורצקופף והנקל,DE,ספרי עיצוב סאיוס,מיליליטרים,400.00,"100 מ""ל",false,0,46.90,11.73,true,1,
5410103161518,false,קרם יום עם פעולה משולשת לעור רגיל ומעורב,"לוריאל ישראל בע""מ",DE,קרם לחות,מיליליטרים,50.00,"100 מ""ל",false,0,49.90,99.80,true,1,
5410126666038,false,"ביסקוויט קרמל לוטוס 279 גרם בד""צ",לוטוס ביקרי נ.וי,BE,ביסקוויט לוטוס,גרמים,279.00,100 גרם,false,1,14.90,5.34,true,1,
5601036205534,false,צבע לשיער אקסלנס קרם - 1 שחור,לוריאל Loreal,BE,צבע לשיער אקסלנס,יחידה,1.00,יחידה,false,0,42.90,42.90,true,1,
5601036205558,false,צבע לשיער אקסלנס קרם - 4 חום כהה,לוריאל Loreal,BE,צבע שיער אקסלנס,יחידה,1.00,יחידה,false,0,42.90,42.90,true,1,
5601036205596,false,צבע לשיער אקסלנס קרם - 5.3 חום זהוב,לוריאל ישראל קוסמטיקס בע,BE,צבע לשיער אקסלנס,יחידה,1.00,יחידה,false,0,42.90,42.90,true,1,
5601036205626,false,צבע לשיער אקסלנס קרם - 6 בלונד כהה,לוריאל Loreal,BE,צבע שיער אקסלנס,יחידה,1.00,יחידה,false,0,42.90,42.90,true,1,
5601036205725,false,לוריאל - אקסלנס קרם 10 בלונד מאוד מאוד בהיר,לוריאל ישראל קוסמטיקס בע,BE,צבע שיער אקסלנס,יחידה,1.00,יחידה,false,0,42.90,42.90,true,1,
5900020012814,false,דגנים תפוחים בטעם שוקולד נסקוויק נסטלה 500 גרם,מיוצר עי קונדיטוריית,PL,דגני נסקוויק,גרמים,500.00,100 גרם,false,0,25.90,5.18,true,1,
5900020018908,false,פיטנס חטיפי אנרגיה דגנים בטעם קרם עוגיות נסטלה 6*23.5 גרם,מיוצר עי קונדיטוריית,PL,חטיפי פיטנס 6 יח,גרמים,141.00,100 גרם,false,0,14.90,10.57,true,1,
5900627027020,false,"ויט קרם להסרת שיער בזמן מקלחת לעור רגיל 150 מ""ל",רקיט בנקיזר צרפת,IL,קרם להסרת שיער,מיליליטרים,150.00,"100 מ""ל",false,0,51.90,34.60,true,1,
5901350423691,false,"ערכת צביעה לגבות 3.0 חום כהה 15 מ""ל",,CN,ערכת צביעה לגבות,יחידה,1.00,יחידה,false,1,29.90,29.90,true,1,
5901414200411,false,בלזן היט מיני ביסקוויט סנדוויץ' עם מילוי קרם בטעם שוקולד 130 גרם,ליימן שליסל,PL,היט מיניס שוקו,גרמים,130.00,100 גרם,false,0,6.90,5.31,true,1,
5901887001737,false,"קרם פנים ליום 50 מ""ל",,PL,קרם פנים ליום,מיליליטרים,50.00,"100 מ""ל",false,1,19.90,39.80,true,1,
5901887001744,false,"קרם עיניים 15 מ""ל",,PL,קרם עיניים,מיליליטרים,15.00,"100 מ""ל",false,1,14.90,99.33,true,1,
5901887001751,false,"טונר ניקוי לפנים 200 מ""ל",,PL,טונר ניקוי לפנים,מיליליטרים,200.00,"100 מ""ל",false,1,17.90,8.95,true,1,
5901887010593,false,קרם ידיים וציפורניים 80,,PL,קרם ידיים וציפור,מיליליטרים,80.00,"100 מ""ל",false,1,11.90,14.88,true,1,
5901887018223,false,קרם גוף חלב עיזים 400 מל,,PL,קרם גוף חלב עיזי,מיליליטרים,400.00,"100 מ""ל",false,1,21.90,5.48,true,1,
5901887018230,false,חמאת גוף חלב עיזים 200 מ,,PL,חמאת גוף חלב עיז,מיליליטרים,200.00,"100 מ""ל",false,1,24.90,12.45,true,1,
5901887026792,false,יסמין סרום לגיל +50 30 מ,,PL,יסמין סרום לגיל,מיליליטרים,30.00,"100 מ""ל",false,1,24.90,83.00,true,1,
5901887026808,false,יסמין ק.עיניים15מ גיל+50,,PL,יסמין ק.עיניים,מיליליטרים,15.00,"100 מ""ל",false,1,21.90,146.00,true,1,
5901887026815,false,יסמין מים מיסלריים +50 2,,PL,יסמין מים מיסלרי,מיליליטרים,200.00,"100 מ""ל",false,1,18.90,9.45,true,1,
5901887029649,false,מנוקה מי פנים מטהרים 200,,PL,מנוקה מי פנים,מיליליטרים,200.00,"100 מ""ל",false,1,15.90,7.95,true,1,
5901887029656,false,מנוקה ג'ל לניקוי פנים 20,,PL,מנוקה ג'ל לניקוי,מיליליטרים,200.00,"100 מ""ל",false,1,18.90,9.45,true,1,
5901887029670,false,"מנוקה קרם לילה 50 מ""ל",,PL,מנוקה קרם לילה,יחידה,1.00,יחידה,false,1,19.90,19.90,true,1,
5901887029687,false,מנוקה משחת פילינג לניקוי,,PL,מנוקה משחת פילינ,מיליליטרים,75.00,"100 מ""ל",false,1,19.90,26.53,true,1,
5901887043751,false,"סרום ממריץ ומחליק 50 מ""ל",,PL,סרום ממריץ ומחלי,מיליליטרים,50.00,"100 מ""ל",false,1,24.90,49.80,true,1,
5901887043768,false,"תרחיץ ג'ל לפנים 200 מ""ל",,PL,תרחיץ ג'ל לפנים,מיליליטרים,200.00,"100 מ""ל",false,1,14.90,7.45,true,1,
5901887043782,false,"מיקרו פילינג לפנים 75 מ""",,PL,מיקרו פילינג לפנ,מיליליטרים,75.00,"100 מ""ל",false,1,14.90,19.87,true,1,
5902503732127,false,רולר דו-צדדי לעור הפנים,לנקום,FR,רולר דו-צדדי לעו,יחידה,1.00,יחידה,false,1,99.00,99.00,true,1,
5906485301012,false,"משקה אנרגיה XL פחית 250 מ""ל","טמפו משקאות בע""מ",IL,משקה אנרגיה XL,מיליליטרים,250.00,"100 מ""ל",false,0,5.90,2.36,true,1,
5906750815923,false,"ערכת צביעה לגבות 1.0 שחור 15 מ""ל",,CN,ערכת צביעה לגבות,יחידה,1.00,יחידה,false,1,29.90,29.90,true,1,
6001051002320,false,לבלו שפתון וניל,ביירסדורף,DE,לבלו וניל,יחידה,1.00,יחידה,false,0,10.00,10.00,true,1,
6001067017523,false,מברשת שיניים קולגייט לילדים מגיל חמש 1 יחידה,יבואן ומשווק: ש. שסט,CN,מברשת שיניים,יחידה,1.00,יחידה,false,0,10.90,10.90,true,1,
6085010044712,false,"קלאב דה נויט אינטנס ארמאף - א.ד.ט 105 מ""ל",פרפיום קוסמטיקס,FR,NUIT DE CLUB,מיליליטרים,105.00,"100 מ""ל",false,1,129.00,122.86,true,1,
6085010094151,false,"קלאב דה נואיט Club De Nuit א.ד.פ לאישה 105 מ""ל",ארמף Armaf,FR,nuit de club א.ד,מיליליטרים,105.00,"100 מ""ל",false,1,99.00,94.28,true,1,
6291100130122,false,"אמבר אוד גולד אדישן אדפ אל חרמין 100 מ""ל",,AE,אמבר אוד גולד אד,מיליליטרים,100.00,"100 מ""ל",false,1,199.00,199.00,true,1,
6291100138883,false,"חייאתי אדפ יוניסקס 12 מ""ל - אל האראמין",,IL,חייאתי אדפ יוניס,מיליליטרים,12.00,"100 מ""ל",false,1,649.00,5408.33,true,1,
6291107450193,false,לטאפה חייאתי אדפ לגבר 100 מל,LATTAFA,AE,לטאפה חייאתי אדפ,מיליליטרים,100.00,"100 מ""ל",false,1,99.00,99.00,true,1,
6291107456041,false,לטאפה פאקר אדפ לאישה 100,LATTAFA,AE,לטאפה פאקר אדפ א,מיליליטרים,100.00,"100 מ""ל",false,1,119.00,119.00,true,1,
6294015131024,false,"קלאב דה נואי אינסט אדפ לגבר 200 מ""ל-אראמף",,IL,קלאב דה נואי אינ,מיליליטרים,200.00,"100 מ""ל",false,1,219.00,109.50,true,1,
6295124030253,false,"סאפיל באונד אדט 100 מ""ל",,SA,סאפיל באונד אדט,מיליליטרים,100.00,"100 מ""ל",false,1,59.00,59.00,true,1,
6295124030314,false,"סאפיל אינטנס אדפ 100 מ""ל",,FR,סאפיל אינטנס אדפ,מיליליטרים,100.00,"100 מ""ל",false,1,59.00,59.00,true,1,
6920354824395,false,"קולגייט נטורל משחת שיניים חמוציות פחם 71 מ""ל",קולגייט פלמוליב,PL,משחת שיניים,גרמים,90.00,100 גרם,false,1,36.90,41.00,true,1,
6973350163388,false,מסכת פנים תלת שכבתית - 50 יחידות,לייף,IL,מסכת פנים חד פעמ,יחידה,1.00,יחידה,false,1,12.90,12.90,true,1,
7038516140357,false,מברשת שיניים ג'ורדן טוטל סופט מארז 4 יחידות,מיוצר במלזיה עבור ג',NO,מברשת שיניים,יחידה,1.00,יחידה,false,0,10.00,10.00,true,1,
7046110030608,false,גורדן זוג מברשות שיניים טרגט סנסיטיב,דנטלון,MY,מארז זוג מברשות,יחידה,1.00,יחידה,false,1,24.00,24.00,true,1,
7046110064016,false,ג'ורדן מארז זוג מברשת שיניים לילדים מגיל 3-5,דנטלון,MY,מברשות שיניים,יחידה,1.00,יחידה,false,0,19.90,19.90,true,1,
7290000060071,false,אוסם - חטיפי פריכונים מאורז מלא קלוי 80גר,"פרח תעשיות מזון בע""מ.",IL,חטיפי פריכונים,גרמים,80.00,100 גרם,false,0,9.90,12.38,true,1,
7290000065557,false,אוסם - מנה חמה קוסקוס עם ירקות 84 גרם,"אסם תעשיות מזון בע""מ",IL,מנה חמה קוסקוס,גרמים,84.00,100 גרם,false,0,7.90,9.40,true,1,
7290000065977,false,חטיפי פריכונים תירס שומשום אסם 80 גרם,"פרח תעשיות מזון בע""מ.",IL,פריכונים תירס,גרמים,80.00,100 גרם,false,0,9.90,12.38,true,1,
7290000066141,false,ביסלי חטיף בטעם גריל אסם 70 גרם,"אסם השקעות בע""\מ",IL,ביסלי גריל,גרמים,70.00,100 גרם,false,0,4.90,7.00,true,1,
7290000066295,false,במבה מתוקה מחומרים טבעיים 30 גרם,מיוצר עי קונדיטוריית,IL,במבה מתוקה,גרמים,30.00,100 גרם,false,0,2.90,9.67,true,1,
7290000066318,false,במבה חטיף בוטנים אסם 80 גרם,"אסם השקעות בע""\מ",IL,במבה,גרמים,80.00,100 גרם,false,0,5.90,7.38,true,1,
7290000066332,false,אפרופו חטיף תירס אסם 50 גרם,מיוצר עי קונדיטוריית,IL,חטיף אפרופו,גרמים,50.00,100 גרם,false,0,5.90,11.80,true,1,
7290000066431,false,פופקו חטיף פופקורן בטעם חמאה ודבש אסם 80 גרם,מיוצר עי קונדיטוריית,IL,חטיף פופקו,גרמים,80.00,100 גרם,false,0,7.90,9.88,true,1,
7290000067599,false,מנה חמה ספגטי ברוטב בולונז אסם 65 גרם,"אסם השקעות בע""\מ",IL,מנה חמה בולונז,גרמים,65.00,100 גרם,false,0,7.90,12.15,true,1,
7290000072753,false,קפה נמס מגורען טסטרס צ'ויס 200 גרם-,נסטלה קוריאה - קפה,KR,קפה טסטרס צ'ויס,גרמים,200.00,100 גרם,false,0,34.90,17.45,true,1,
7290000073767,false,מנה חמה נודלס אטר.+ירקות טעם בקר 70 גרם,PUB FOODS PRESIDENT THAI,TH,מנה חמה נודלס,גרמים,70.00,100 גרם,false,0,7.90,11.29,true,1,
7290000074184,false,ביסקוויט פתי בר אסם 500 גרם,"אסם השקעות בע""\מ",IL,ביסקוויט פתי בר,גרמים,500.00,100 גרם,false,0,10.90,2.18,true,1,
7290000078762,false,אוסם - חטיפי פריכונים מאורז מלא בטעם דבש 80גר,סנורייס בלגיום אן. ו,GB,חטיפי פריכונים,גרמים,80.00,100 גרם,false,0,9.90,12.38,true,1,
7290000135052,false,"XL TEN משקה אנרגיה מנגו ללא סוכר 250 מ""ל","טמפו משקאות בע""\מ",IL,TEN XL בטעם מנגו,מיליליטרים,250.00,"100 מ""ל",false,1,5.90,2.36,true,1,
7290000146645,false,הוואי - סבון מוצק שחור מסתורי 100 גרם רביעייה,טרופיקל דגיל קוסמטיק,IL,סבון הוואי 4 יח,גרמים,400.00,100 גרם,false,0,13.90,3.48,true,1,
7290000146669,false,הוואי - סבון מוצק שמיים כחולים 100 גרם רביעייה,טרופיקל דגיל קוסמטיק,IL,סבון הוואי 4 יח,גרמים,400.00,100 גרם,false,0,13.90,3.48,true,1,
7290000146997,false,משחת שיניים לילדים מסטיק טום וג'רי 50 מל,טרופיקל דגיל קוסמטיק,IL,משחת טום וג'רי,מיליליטרים,50.00,"100 מ""ל",false,0,9.90,19.80,true,1,
7290000178707,false,תפוצ'יפס בטעם טבעי 50 גרם,"שטראוס פריטו ליי בע""\מ )",IL,חטיף תפוצ'יפס,גרמים,50.00,100 גרם,false,0,4.30,8.60,true,1,
7290000188591,false,קוטקס מגן תחתון יאנג ביג 60 יחידות,קימברלי קלארק,CN,מגן תחתון קוטקס,יחידה,1.00,יחידה,false,0,21.90,21.90,true,1,
7290000189598,false,מטליות לחות חד פעמיות לניקוי כללי 50 יח' ניקול,עלבד משואות יצחק בעמ,IL,מטליות ניקול,יחידה,1.00,יחידה,false,0,12.90,12.90,true,1,
7290000190853,false,לילי פיור נייר טואלט דו שכבתי לבן 30 גלילים,לילי נייר טואלט חוגלה,IL,נייר טואלט לילי,מטרים,537.00,100 מטר,false,0,44.90,8.36,true,1,
7290000191225,false,חיתולים ליטל בייביז מידה 2 האגיס 46 יחידות,קימברלי קלארק שיווק,IL,האגיס ליטל בייבי,יחידה,1.00,יחידה,false,1,33.90,33.90,true,1,
7290000191539,false,חמישיית ממחטות טישו צבועני לילי 100 יחידות,חוגלה קימברלי,IL,מגבוני לילי 90*5,יחידה,1.00,יחידה,false,0,16.90,16.90,true,1,
7290000191546,false,ממחטות טישו צבעוני 2 שכבות לילי מארז 100X3יח',חוגלה קימברלי,IL,לילי צבעוני90*3,יחידה,1.00,יחידה,false,0,10.90,10.90,true,1,
7290000191645,false,"חיתולים האגיס ליטל בייביס ניו בורן שלב 1 עד 4 ק""ג",קימברלי קלארק ארהב,US,חיתולי האגיס,יחידה,1.00,יחידה,false,0,33.90,33.90,true,1,
7290000191652,false,שלישיית ממחטות אולטרה סופט קלינקס 90 יחידות,חוגלה קימברלי,IL,קלינקס מעוצב 3יח,יחידה,1.00,יחידה,false,0,12.90,12.90,true,1,
7290000193083,false,נובה-לי תחבושות היגייניות לילי 28 יחידות,חוגלה קימברלי,CZ,תחבושות נובה לי,יחידה,1.00,יחידה,false,0,9.90,9.90,true,1,
7290000193205,false,תחבושות עם כנפיים ללילה נטורל לילי 20 יחידות,חוגלה קימברלי,BE,תחבושות לילי,יחידה,1.00,יחידה,false,0,14.90,14.90,true,1,
7290000193472,false,מגן תחתון נטורל נורמל לילי 60 יחידות,חוגלה קימברלי,ES,פדיות לילי,יחידה,1.00,יחידה,false,0,14.90,14.90,true,1,
7290000193540,false,מגן תחתון לונג נטורל לילי 52 יחידות,חוגלה קימברלי,ES,פדיות לילי,יחידה,1.00,יחידה,false,0,14.90,14.90,true,1,
7290000193618,false,לילי אינטימייט מגן תחתון נורמל 24 יח',חוגלה קימברלי,ES,פדיות לילי נטורל,יחידה,1.00,יחידה,false,0,14.90,14.90,true,1,
7290000193649,false,תחבושות עם כנפיים נורמל פלוס לילי 24 יחידות,חוגלה קימברלי,ES,תחבושות לילי,יחידה,1.00,יחידה,false,0,14.90,14.90,true,1,
7290000193656,false,תחבושות עם כנפיים סופר פלוס לילי 24 יחידות,חוגלה קימברלי,ES,תחבושות לילי,יחידה,1.00,יחידה,false,0,14.90,14.90,true,1,
7290000194141,false,שקמה מכנסון גזרתי סופר נייט XL,חוגלה קימברלי,IL,מכנסוני שקמה,יחידה,1.00,יחידה,false,1,69.90,69.90,true,1,
7290000195032,false,שקמה מכנסון גזרתי סופר נייט L,חוגלה קימברלי,IL,מכנסוני שקמה,יחידה,1.00,יחידה,false,0,69.90,69.90,true,1,
7290000195537,false,האגיס - מגבוני האגיס דיילי קר לא מבושם 64 יח' * 4,חוגלה קימברלי,IL,מגבונים האגיס 4י,יחידה,1.00,יחידה,false,0,24.90,24.90,true,1,
7290000195773,false,האגיס - מגבוני האגיס סנסטיב קר לא מבושם 64 יח' * 4,חוגלה קימברלי,IL,מגבונים האגיס 4י,יחידה,1.00,יחידה,false,0,24.90,24.90,true,1,
7290000197081,false,ניקול ניילון נצמד 150 מטר+מתקן לחיתוך קל,חוגלה קימברלי,IL,ניילן נצמד,מטרים,150.00,מטר,false,0,31.90,0.21,true,1,
7290000197456,false,חיתולים פרידום דריי שלב 4 האגיס 44 יחידות,קימברלי קלארק ישראל,IL,חיתולי האגיס,יחידה,1.00,יחידה,false,0,47.90,47.90,true,1,
7290000197463,false,חיתולים פרידום דריי שלב +4 האגיס 40 יחידות,קימברלי קלארק ישראל,IL,חיתולי האגיס,יחידה,1.00,יחידה,false,0,47.90,47.90,true,1,
7290000197548,false,חיתולים פרידום דריי שלב 5 האגיס 36 יחידות,קימברלי קלארק ישראל,IL,חיתולי האגיס,יחידה,1.00,יחידה,false,0,47.90,47.90,true,1,
7290000197678,false,חיתולי האגיס פרידום דריי שלב 6 30 יחידות,קימברלי קלארק ישראל,IL,חיתולי האגיס,יחידה,1.00,יחידה,false,0,47.90,47.90,true,1,
7290000201832,false,טיטולים פרימיום שלב 3 50 יחידות,חוגלה קימברלי,IL,טיטולים פרימיום,יחידה,1.00,יחידה,false,1,33.90,33.90,true,1,
7290000201849,false,טיטולים פרימיום שלב 4 42 יח' (8-14),חוגלה קימברלי,IL,טיטולים פרימיום,יחידה,1.00,יחידה,false,1,33.90,33.90,true,1,
7290000201856,false,טיטולים פרימיום שלב4+ 38 יחידות .,חוגלה קימברלי,IL,טיטולים פרימיום,יחידה,1.00,יחידה,false,1,33.90,33.90,true,1,
7290000201863,false,טיטולים פרימיום שלב 5 34 יחידות,חוגלה קימברלי,IL,טיטולים פרימיום,יחידה,1.00,יחידה,false,1,33.90,33.90,true,1,
7290000201870,false,טיטולים פרימיום שלב 6 30 יחידות,חוגלה קימברלי,IL,טיטולים פרימיום,יחידה,1.00,יחידה,false,1,33.90,33.90,true,1,
7290000202495,false,סופגנים סופר פלוס שקמה L,חוגלה קימברלי,BE,סופגנים שקמה,יחידה,1.00,יחידה,false,0,52.90,52.90,true,1,
7290000203560,false,סדיניה שקמה 15 יחידות,חוגלה קימברלי,IL,סדיניה שקמה,יחידה,1.00,יחידה,false,0,51.90,51.90,true,1,
7290000205762,false,חיתולי האגיס אקסטרה קר מידה 3 48 יחידות,חוגלה קימברלי,IL,חיתולי האגיס,יחידה,1.00,יחידה,false,1,57.90,57.90,true,1,
7290000205915,false,חיתולי האגיס אקסטרה קייר מידה 4 40 יחידות,חוגלה קימברלי,IL,חיתולי האגיס,יחידה,1.00,יחידה,false,1,57.90,57.90,true,1,
7290000244143,false,"הוואי - קרם לאחר גילוח 120 מ""ל",טרופיקל דגיל קוסמטיק,IL,קרם לאחר גילוח,גרמים,120.00,100 גרם,false,0,19.90,16.58,true,1,
7290000244761,false,"קרם ידיים ולווטה 100 מ""ל",טרופיקל דגיל קוסמטיק,IL,קרם ידיים ולווטה,מיליליטרים,100.00,"100 מ""ל",false,0,9.90,9.90,true,1,
7290000262413,false,חיתולי האגיס אקסטרה קייר מידה 5 34 יחידות,חוגלה קימברלי,IL,חיתולי האגיס,יחידה,1.00,יחידה,false,1,57.90,57.90,true,1,
7290000286228,false,ספוגיות לניקוי כללי סנו סושי 6 יחידות,סנו מפעלי ברונו בעמ,IL,ספוגיות לכלים6יח,יחידה,1.00,יחידה,false,0,14.90,14.90,true,1,
7290000288079,false,סנו - ז'אוול אקונומיקה לימון 2 ליטר,"סנו מפעלי ברונוס בע""מ",IL,סנו JAVEL מלבין,ליטרים,2.00,ליטר,false,0,13.90,6.95,true,1,
7290000288420,false,"דוחה יתושים תרסיס ""סנו די""",סנו מפעלי ברונוס בע',IL,תרסיס סנו די,מיליליטרים,175.00,"100 מ""ל",false,0,21.90,12.51,true,1,
7290000288727,false,סנו מקסימה אבקת כביסה מאסק מילוי 1.25,קריות זול,IL,אבקת כביסה,קילוגרמים,1.25,"ק""ג",false,0,12.90,10.32,true,1,
7290000289069,false,סנו - ז'אוול מרסס קצף ניקוי בתוספת אקונומיקה בריח לימון 1 ליטר,"סנו מפעלי ברונוס בע""מ",IL,סנו ג'אוול מרסס,ליטרים,1.00,ליטר,false,0,19.90,19.90,true,1,
7290000289595,false,"אורביטול משחת שיניים לילדים בטעם תות שדה 145 מ""ל",טרופיקל דגיל תעשיות קוסמ,IL,משחת שיניים,גרמים,145.00,100 גרם,false,0,10.90,7.52,true,1,
7290000289748,false,"מסיר שומנים לתנורים פורטה פלוס סנו 750 מ""ל","סנו מפעלי ברונוס בע""\מ",IL,סנו פורטה שומנים,מיליליטרים,750.00,"100 מ""ל",false,0,15.90,2.12,true,1,
7290000292007,false,K3 פיתיון ג'ל קוטל תיקנים (ג'וקים) בבית ובחצר,מיוצר עי קונדיטוריית,IL,3K ג'ל פיתיון,גרמים,10.00,100 גרם,false,1,49.90,499.00,true,1,
7290000292687,false,סנובון מוצק לניקוי אסלה קלאסיק כחול סנו 3 יחידות,מיוצר עי קונדיטוריית,IL,סנובון כחול 3 יח,גרמים,165.00,100 גרם,false,0,13.90,8.42,true,1,
7290000293943,false,"מרסס לבן מסיר אבנית 1 ליטר אנטי קאלק ""סנו""",מיוצר עי קונדיטוריית,IL,סנו אנטי קאלק,ליטרים,1.00,ליטר,false,0,17.90,17.90,true,1,
7290000295336,false,סנו מקסימה אבקת כביסה סנסטיב מילוי1.25,סנו מפעלי ברונוס בעמ,IL,אבקת כביסה,קילוגרמים,1.25,"ק""ג",false,0,12.90,10.32,true,1,
7290000341071,false,בדין - מרכך כביסה בייבי לבן 2 ליטר,יוניליור ישראל טיפוח איש,IL,מרכך כביסה בייבי,ליטרים,2.00,ליטר,false,0,17.90,8.95,true,1,
7290000345277,false,תה קלאסיק מעטפות ויסוצקי 50 יחידות,מולינו ניקולי s.p.a,IL,תה ויסוצקי 50 שק,גרמים,75.00,100 גרם,false,0,13.90,18.53,true,1,
7290000412481,false,נוזל לניקוי אסלות 00 סנו 1 ליטר,מיוצר עי קונדיטוריית,IL,"מנקה אסלות 00""",ליטרים,1.00,ליטר,false,0,7.90,7.90,true,1,
7290000416809,false,ממרח חצי חצי נוגט אגוזים וקרם חלב השחר 350ג',השחר העולה תעשייות מ,IL,ממרח חצי חצי,גרמים,350.00,100 גרם,false,1,13.90,3.97,true,1,
7290000480107,false,קוואקר שיבולת שועל פחית 500 גרם,וולקרס סנקס לימיטד,GB,קוואקר שיבולת,גרמים,500.00,100 גרם,false,0,10.90,2.18,true,1,
7290000560540,false,אדג' ג'ל כתום לעור רגיש 198גרם,המאפיה של הרמן,US,אדג' ג'ל לגילוח,גרמים,198.00,100 גרם,false,0,18.90,9.55,true,1,
7290000679631,false,"ד""ר פישר - קמיל בלו קלאסיק 500 מ""ל",פישר מעבדות פרמצבטיות בע,IL,קמיל בלו אלסבון,מיליליטרים,500.00,"100 מ""ל",false,0,16.90,3.38,true,1,
7290001136287,false,"שמפו לשיער רגיל בבושם פרחים נקה 7 750 מ""ל","אמיליה קוסמטיקס בע""מ",IL,שמפו נקה 7,מיליליטרים,750.00,"100 מ""ל",false,0,11.90,1.58,true,1,
7290001136294,false,"שמפו לשיער יבש בבישום פרחים נקה 7 750 מ""ל","אמיליה קוסמטיקס בע""מ",IL,שמפו נקה 7,מיליליטרים,750.00,"100 מ""ל",false,0,11.90,1.58,true,1,
7290001136362,false,נקה 7 תחליב רחצה אלוורה ארומה ירוק 1 ל',מיוצר בסין.יבוא ושיו,IL,תחליב רחצה נקה 7,ליטרים,1.00,ליטר,false,0,14.90,14.90,true,1,
7290001136973,false,נקה 7 תחליב רחצה ארומה קמומיל לבן 1 ל',טרופיקל דגיל תעשיות,IL,תחליב רחצה נקה 7,ליטרים,1.00,ליטר,false,0,14.90,14.90,true,1,
7290001305058,false,"פלמוליב - נטורלס תחליב רחצה חלב ודבש 500 מ""ל",הנסיך- מפעל לייצור ט,TR,סב.נוזלי פלמוליב,מיליליטרים,500.00,"100 מ""ל",false,0,17.90,3.58,true,1,
7290001676530,false,קרליין - קולור ניילס מחזק ציפורנים,קרליין,IL,מחזק ציפורניים,יחידה,1.00,יחידה,false,0,14.90,14.90,true,1,
7290001713020,false,שקיות אשפה 25 יחידות 75*85 סנט מוריץ,קומפלקס כימיקלים בעמ,TR,שקיות אשפה 85*75,יחידה,1.00,יחידה,false,1,8.90,8.90,true,1,
7290001713150,false,סנט מוריץ מתז אקונומיקה Bleach קצף לימון 1 ליטר,קומפלקס כימיקלים בעמ,IL,קצף ניקוי,ליטרים,1.00,ליטר,false,1,13.90,13.90,true,1,
7290001713242,false,עלמה שקיות אשפה 25 יחידות 75*90 עם ידית,אסיר פלסט,TR,שקיות אשפה עם יד,יחידה,1.00,יחידה,false,1,14.90,14.90,true,1,
7290001713815,false,PURE מרכך כביסה בניחוח מלון מפנק 1 ליטר,"קומפלקס כימיקלים בע""",TR,מרכך כביסה בניחו,ליטרים,1.00,ליטר,false,1,11.90,11.90,true,1,
7290001791776,false,"סנו-די דוחה יתושים רול און עם אלוורה סנו 50 מ""ל",גוד פוד פרודקטס S.p,IL,סנו די רול און,מיליליטרים,50.00,"100 מ""ל",false,0,21.90,43.80,true,1,
7290001817728,false,צ'יטוס אפוי כאפה בטעם קטשופ 55 גרם,"שטראוס פריטו ליי בע""\מ )",IL,צ'יטוס כפאה,גרמים,55.00,100 גרם,false,0,3.90,7.09,true,1,
7290001865453,false,פמילי לקשרי 1 ליטר לבנדר ארומטי+משאבה,מיוצר עי קונדיטוריית,TR,סבון נוזלי פמלי,ליטרים,1.00,ליטר,false,0,10.00,10.00,true,1,
7290001973233,false,"קמיל בלו מגבונים לחים סנסיטיב ד""ר פישר 120 יחידות",פישר מעבדות פרמצבטיות,IL,מגבונים +דיספנסר,יחידה,1.00,יחידה,false,0,13.90,13.90,true,1,
7290002041023,false,רעננה קרם דאו.לכף הרגל,תעשיות שיק,IL,קרם דאו לכף הרגל,מיליליטרים,10.00,"100 מ""ל",false,0,49.90,499.00,true,1,
7290002041368,false,"מידנייט דאודורנט ספריי 150 מ""ל",חלאבין,IL,דאודורנט ספריי,מיליליטרים,187.00,"100 מ""ל",false,0,19.90,10.65,true,1,
7290002041801,false,"קרם גוף לאב ליין 275 מ""ל",תעשיות שיק,IL,קרם גוף לאב ליין,מיליליטרים,275.00,"100 מ""ל",false,0,49.90,18.15,true,1,
7290002041818,false,"דאו.רול און מידנייט80מ""ל",תעשיות שיק,IL,דאודורנט מידנייט,מיליליטרים,80.00,"100 מ""ל",false,0,19.90,24.88,true,1,
7290002041832,false,דאו.רול און לאב ליין80מ,חלאבין,IL,דאו.רול און,מיליליטרים,80.00,"100 מ""ל",false,0,19.90,24.88,true,1,
7290002269953,false,קרליין - מסיר איפור דו פאזי כחול,קרליין,IL,בלוז מסיר איפור,מיליליטרים,260.00,"100 מ""ל",false,0,44.90,17.27,true,1,
7290002730538,false,בלונס פדים להסרת איפור 80 יח',הנסיך- מפעל לייצור ט,GR,פדים להסרת איפור,יחידה,1.00,יחידה,false,0,9.90,9.90,true,1,
7290002730675,false,"קולגייט משחת שיניים אדומה משפחתי 100 מ""ל",קולגייט-פלמוליב,PL,משחת שיניים,מיליליטרים,100.00,"100 מ""ל",false,0,9.90,9.90,true,1,
7290002730941,false,כדורי צמר גפן בלונס 100 יחידות,הנסיך- מפעל לייצור ט,GR,צמר גפן פרוס,גרמים,100.00,100 גרם,false,0,9.90,9.90,true,1,
7290002752332,false,"סוכריות מנטוס פירות בגליל, 37.5 גרם",הדקלאים אגודת שיתופי,NL,סוכריות מנטוס,גרמים,37.00,100 גרם,false,0,3.90,10.54,true,1,
7290002768074,false,אל סבון נוזלי רגיל דרמפון 1 ליטר,"אמיליה קוסמטיקס בע""מ",IL,דרמפון אל סבון,ליטרים,1.00,ליטר,false,0,19.90,19.90,true,1,
7290002768159,false,"קצף אמבט בת אורן קרליין 500 מ""ל",פארק תעשיות עמק חפרמ,IL,סבון אמבט בת אור,מיליליטרים,500.00,"100 מ""ל",false,0,26.90,5.38,true,1,
7290002782131,false,"פנינה רוזנבלום - דאודורנט ספריי לאישה מס' 1 150 מ""ל",פנינה רוזנבלום,IL,דאודורנט פנינה,מיליליטרים,150.00,"100 מ""ל",false,0,34.90,23.27,true,1,
7290002782759,false,"פנינה קרם גוף רוזנבלום 400 מ""ל",פנינה רוזנבלום,IL,קרם גוף פנינה,מיליליטרים,340.00,"100 מ""ל",false,0,31.90,9.38,true,1,
7290002814016,false,"מסיר שומנים מתז 750 מ""ל סנט מוריץ כשל""פ עד""ח","קומפלקס כימיקלים בע""",IL,מסיר שומנים קר,מיליליטרים,750.00,"100 מ""ל",false,0,15.90,2.12,true,1,
7290002814054,false,סנט מוריץ מתז אנטרטיק מתז 1 ליטר,קומפלקס כימיקלים בעמ,IL,אנטרטיק מרסס,ליטרים,1.00,ליטר,false,1,12.90,12.90,true,1,
7290002814078,false,סנט מוריץ נוזל לניקוי אמבט אנטרטיק 1ל',"קומפלקס כימיקלים בע""",IL,אנטרטיק לאמבט,ליטרים,1.00,ליטר,false,0,7.90,7.90,true,1,
7290002814290,false,קצף מרוכז blanco בניחוח לימון משמיד 99.9% חיידקים סנט מוריץ 1 ליטר,קומפלקס כימיקלים בעמ,IL,קצף אקונומיקה,ליטרים,1.00,ליטר,false,1,14.90,14.90,true,1,
7290002814528,false,נוזל לניקוי האסלה סנט מוריץ 1 ליטר,קומפלקס כימיקלים בעמ,IL,נוזל לאסלה מס' 1,ליטרים,1.00,ליטר,false,0,6.90,6.90,true,1,
7290002814825,false,סבון אסלה כדוריות שלישייה אוקיינוס כחול,"קומפלקס כימיקלים בע""",TR,כדוריות לאסלה3*,גרמים,150.00,100 גרם,false,1,12.90,8.60,true,1,
7290002814887,false,מטליות רצפה לניקוי ובישום סנטמוריץ,קומפלקס כימיקלים,CN,מטליות רצפה 10יח,יחידה,1.00,יחידה,false,1,10.00,10.00,true,1,
7290002904694,false,"טיטניום דאודורנט ספריי לגברים 150 מ""ל","אמיליה קוסמטיקס בע""מ",IL,דאודורנט טיטניום,מיליליטרים,180.00,"100 מ""ל",false,0,16.90,9.39,true,1,
7290003026197,false,קמיל בלו סנסיטיב שמן טיפולי לתינוק 500 מ,פישר מעבדות פרמצבטיות בע,IL,שמן עדין לתינוק,מיליליטרים,500.00,"100 מ""ל",false,0,29.90,5.98,true,1,
7290003026227,false,"קמיל בלו שמפו לתינוק סנסיטיב אל דמע ד""ר פישר 1 ליטר",פישר מעבדות פרמצבטיות בע,IL,שמפו קמיל בלו,ליטרים,1.00,ליטר,false,0,24.90,24.90,true,1,
7290003026234,false,"ד""ר פישר - קמיל בלו תחליב לתינוק 500 מ""ל",פישר מעבדות פרמצבטיות בע,IL,קרם גוף לתינוק,גרמים,500.00,100 גרם,false,0,24.90,4.98,true,1,
7290003145768,false,בוטנים אמריקאיים 50גר קליית גת,ששון ושות;#039& )ש.ת. תע,IL,בוטן מצופה 50גרם,גרמים,50.00,100 גרם,false,0,3.90,7.80,true,1,
7290003227402,false,מידנייט תחליב גוף 275 מל,חלאבין,IL,קרם גוף מידנייט,מיליליטרים,275.00,"100 מ""ל",false,0,29.90,10.87,true,1,
7290003227822,false,חלאבלין SPORTS דאודורנט קרם לבית השחי,תעשיות שיק,IL,קרם דאו.חלאבילין,מיליליטרים,10.00,"100 מ""ל",false,1,39.90,399.00,true,1,
7290003387373,false,דאודורנט ספיד סטיק בסיסי קלאסי פרש ספורט לגבר,הנסיך- מפעל לייצור ט,US,דאודורנט,גרמים,50.00,100 גרם,false,0,17.90,35.80,true,1,
7290003401369,false,"קרם לחות לשיער חוחובה נטורל פורמולה 400 מ""ל",מיוצר עי אמיליה קוסמ,IL,קרם לחות לשיער,מיליליטרים,400.00,"100 מ""ל",false,0,18.90,4.73,true,1,
7290003401642,false,"קרם לחות לתלתלים טבעיים נטורל פורמולה 400 מ""ל",מיוצר עי אמיליה קוסמ,IL,קרם לחות לשיער,מיליליטרים,400.00,"100 מ""ל",false,0,25.90,6.48,true,1,
7290003521074,false,"ד""ר פישר - סרקל מרכך שיער לילדים 1 ליטר",פישר מעבדות פרמצבטיות בע,IL,מרכך לילדים סרקל,ליטרים,1.00,ליטר,false,0,27.90,27.90,true,1,
7290003521081,false,"סרקל שמפו אל דמע לילדים ד""ר פישר 1 ליטר",פישר מעבדות פרמצבטיות בע,IL,סרקל שמפו לילדים,ליטרים,1.00,ליטר,false,0,27.90,27.90,true,1,
7290003521180,false,סרקל שמפו + מרכך 500 גר',פישר מעבדות פרמצבטיות בע,IL,שמפו+מרכך סרקל,מיליליטרים,500.00,"100 מ""ל",false,0,16.90,3.38,true,1,
7290003521197,false,"ד""ר פישר - סרקל תרסיס מתיר קשרים 340 מ""ל",פישר מעבדות פרמצבטיות בע,IL,סרקל מתיר קשרים,מיליליטרים,340.00,"100 מ""ל",false,0,25.90,7.62,true,1,
7290003643387,false,"סוכר לבן בצנצנת 1 ק""ג סוגת",האי נאם סי או אל.טי.,IL,סוכר לבן צנצנת,קילוגרמים,1.00,"ק""ג",false,0,5.90,5.90,true,1,
7290003917150,false,GARDEN OASIS מארז מתכת מהודר חצי עיגול,ניקנור,IL,מגש 2 כדים,יחידה,1.00,יחידה,false,0,84.90,84.90,true,1,
7290004022297,false,LINER DIP איילנר שחור,גייד,DE,LINER DIP איילנר,יחידה,1.00,יחידה,false,0,62.90,62.90,true,1,
7290004078263,false,מקלות אוזניים פלסטיק 2* 200 יחידות,ספטונה,GR,מקלוני כותנה,יחידה,1.00,יחידה,false,0,14.90,14.90,true,1,
7290004078942,false,ליידי ספיד סטיק - דאודורנט ג'ל לאישה 65 גרם,קולגייט-פלמוליב,US,דאודורנט,גרמים,65.00,100 גרם,false,0,17.90,27.54,true,1,
7290004731472,false,"שלישיית אלסבון צבעוני כיף 500 מ""ל",טרופיקל דגיל תעשיות,IL,אלסבון כיף 3 יח,ליטרים,1.50,ליטר,false,0,19.90,13.27,true,1,
7290005084355,false,סנסודין משחת שיניים דואל קר פלואוריד 75,גלקסו סמית קליין,GB,משחת שיניים,מיליליטרים,75.00,"100 מ""ל",false,0,18.90,25.20,true,1,
7290005124686,false,בליסטקס שפתון-תות,מדיליין פריגו,IL,בליסטיק סטיק,יחידה,1.00,יחידה,false,0,9.90,9.90,true,1,
7290005200786,false,תפוצ'יפס בטעם שמנת בצל עלית 50 גרם,"שטראוס פריטו ליי בע""\מ )",IL,תפוצ'יפס שמנת,גרמים,50.00,100 גרם,false,0,4.30,8.60,true,1,
7290005418709,false,"נטורל קרם לחות לקיבוע תלתלים גלי 400 מ""ל",מיוצר עי אמיליה קוסמ,IL,קרם לחות לתלתלים,מיליליטרים,400.00,"100 מ""ל",false,0,25.90,6.48,true,1,
7290005423253,false,"סנו - מקסימה מרסס למייבש כביסה אולטרה פרש 750 מ""ל","סנו מפעלי ברונוס בע""\מ",IL,מקסימה למייבש,מיליליטרים,750.00,"100 מ""ל",false,0,14.90,1.98,true,1,
7290005423505,false,"מי פה אורביטול להלבנת השיניים 500 מ""ל",קוסמופארם,IL,מי פה אורביטול,מיליליטרים,500.00,"100 מ""ל",false,0,20.90,4.18,true,1,
7290005423567,false,מטליות ניקוי רב שימושיות בגליל סנו סושי 40 יחידות,אסותא תעשיות אלבד בע,IL,מטליות לניקוי,יחידה,1.00,יחידה,false,0,19.90,19.90,true,1,
7290005423635,false,ריצפז נוזל רצפות דוחה תיקנים סנו 2 ליטר,מיוצר עי קונדיטוריית,IL,ריצפז דוחה חרקים,ליטרים,2.00,ליטר,false,0,22.90,11.45,true,1,
7290005425110,false,"חיטוי משטחים 99.9% מתז מחטא ומשמיד 750 מ""ל","סנו מפעלי ברונוס בע""\מ",IL,מחטא משטחים סנו,מיליליטרים,750.00,"100 מ""ל",false,1,16.90,2.25,true,1,
7290005425646,false,קליר נוזל לניקוי חלונות רב תכליתי סנו 1 ליטר,"סנו מפעלי ברונוס בע""\מ",IL,סנוקליר 1 ליטר,ליטרים,1.00,ליטר,false,0,14.90,14.90,true,1,
7290005427619,false,"כיף גל לשיער לשיער קוצים 1ק""ג",גוד פוד פרודקטס S.p,IL,ג'ל כיף לשיער,קילוגרמים,1.00,"ק""ג",false,0,23.90,23.90,true,1,
7290005427633,false,"כיף גל לשיער לשיער חזק במיוחד 1 ק""ג",קוסמופארם,IL,ג'ל כיף לשיער,קילוגרמים,1.00,"ק""ג",false,0,23.90,23.90,true,1,
7290005427978,false,"תחליב רחצה לפנים פילינג קרמה 180 מ""ל",גוד פוד פרודקטס S.p,IL,תחליב רחצה לפנים,מיליליטרים,180.00,"100 מ""ל",false,0,15.90,8.83,true,1,
7290005430602,false,"סנו אוקסיג'ן ספריי להסרת כתמים עם חמצן פעיל 750 מ""ל","סנו מפעלי ברונוס בע""",IL,אוקסיג'ן מ.כתמים,מיליליטרים,750.00,"100 מ""ל",false,0,16.90,2.25,true,1,
7290005477683,false,"טיטניום - אפטר שייב קלאסי 100 מ""ל",קרליין,IL,טיטניום אפט.שייב,מיליליטרים,100.00,"100 מ""ל",false,0,49.00,49.00,true,1,
7290005587825,false,לוריאל - דרמו מסיר איפור דו פאזי 125 עברית,"קרלסרו, גרמניה",DE,מסיר איפור,מיליליטרים,150.00,"100 מ""ל",false,0,31.90,21.27,true,1,
7290006185501,false,"פנינה רוזנבלום -אל סבון נוזלי ורוד,1 ליטר",פנינה רוזנבלום,IL,סבון נוזלי ורוד,ליטרים,1.00,ליטר,false,0,13.90,13.90,true,1,
7290006229427,false,סן בנדטו - מים מינרלים - מארז שישיית 500 מל,קריות זול,IT,סאן בנדטו 6 יח',ליטרים,3.00,ליטר,false,0,17.40,5.80,true,1,
7290006401366,false,"סבון לשטיפה אינטימית ליגיניה פרוטקטיב 200 מ""ל",)פייזר (קונסיומר הלט קר,IT,ליגיניה סבון,מיליליטרים,200.00,"100 מ""ל",false,0,43.90,21.95,true,1,
7290006651570,false,"קמיל בלו אל סבון ושמפו לתינוק ד""ר פישר 750 מ""ל",פישר מעבדות פרמצבטיות בע,IL,שמפו/אל סבון,מיליליטרים,750.00,"100 מ""ל",false,0,18.90,2.52,true,1,
7290006712981,false,"משחת שיניים קולגייט ספיידרמן מגיל שש 50 מ""ל",הנסיך- מפעל לייצור ט,PL,משחת שיניים,מיליליטרים,50.00,"100 מ""ל",false,0,14.90,29.80,true,1,
7290006784360,false,חלונית סנט מוריץ לניקוי חלונות 1 ליטר,"קומפלקס כימיקלים בע""",IL,מרסס חלונית,ליטרים,1.00,ליטר,false,0,7.90,7.90,true,1,
7290006784575,false,"מילוי מכשיר אוויר 250 מ""ל fashion loouy סנט מוריץ",קומפלקס כימיקלים בעמ,TR,מטהר אוויר לואס,מיליליטרים,250.00,"100 מ""ל",false,1,9.90,3.96,true,1,
7290006784605,false,"מילוי מכשיר אוויר 250 מ""ל fashion midnight secret סנט מוריץ",קומפלקס כימיקלים בעמ,TR,מטהר אוויר נייט,מיליליטרים,250.00,"100 מ""ל",false,1,9.90,3.96,true,1,
7290006788269,false,קרליין פרפקט קר סרום למיצוק העור,קרליין,IL,סרום למיצוק,מיליליטרים,30.00,"100 מ""ל",false,0,99.00,330.00,true,1,
7290006788290,false,"קרליין - חלב פנים לעור רגיל / מעורב 260 מ""ל",קרליין,IL,חלב פנים,מיליליטרים,260.00,"100 מ""ל",false,0,39.90,15.35,true,1,
7290006788313,false,"קרליין - חלב פנים לעור יבש / עדין 260 מ""ל",קרליין,IL,חלב פנים,מיליליטרים,260.00,"100 מ""ל",false,0,39.90,15.35,true,1,
7290006788320,false,קרליין - מי פנים לעור יבש ללא אלכוהול,קרליין,IL,מי פנים לעור יבש,מיליליטרים,260.00,"100 מ""ל",false,0,39.90,15.35,true,1,
7290006788375,false,קרליין דאודורנט סטיק נושם ורוד,מיוצר עי : אמיליה קוסמטי,IL,דאודורנט קרליין,מיליליטרים,50.00,"100 מ""ל",false,0,18.90,37.80,true,1,
7290006788399,false,"דאו רול און נושם סנסיטיב ירוק קרליין 75 מ""ל",אמיליה קוסמטיקס בעמ,IL,דאודורנט קרליין,מיליליטרים,75.00,"100 מ""ל",false,0,13.90,18.53,true,1,
7290006788405,false,"קרליין - נושם אקטיב דאודורנט רול און לאישה ברודו 75 מ""ל",מיוצר עי : אמיליה קוסמטי,IL,דאודורנט קרליין,מיליליטרים,75.00,"100 מ""ל",false,0,13.90,18.53,true,1,
7290006788436,false,"קרליין - נושם פיור דאודורנט רול און לאישה ורוד 75 מ""ל",משווק: קוסמופארם בעמ,IL,דאודורנט קרליין,מיליליטרים,75.00,"100 מ""ל",false,0,13.90,18.53,true,1,
7290006788443,false,"קרליין - נושם אוקסיג'ן דאודורנט רול און לאישה סגול 75 מ""ל","אמיליה קוסמטיקס בע""מ",IL,דאודורנט קרליין,מיליליטרים,75.00,"100 מ""ל",false,0,13.90,18.53,true,1,
7290006788481,false,"קרליין - נושם סאן רייס דאודורנט ספריי לאישה כתום 200 מ""ל",מיוצר עי : אמיליה קוסמטי,IL,דאודורנט קרליין,מיליליטרים,200.00,"100 מ""ל",false,0,13.90,6.95,true,1,
7290006789921,false,"קרליין - תחליב לחות אויל פרי 50 מ""ל",קרליין,IL,תחליב לחות קל,מיליליטרים,50.00,"100 מ""ל",false,0,54.90,109.80,true,1,
7290006791498,false,"נטורל - שמן אגוז ברזילאי לשיער צבוע 145 מ""ל",אמיליה קוסמטיקס,IL,שמן לשיער,מיליליטרים,145.00,"100 מ""ל",false,0,47.90,33.03,true,1,
7290006791870,false,"נטורל - ג'ל שיער לעיצוב חזק 500 מ""ל",מיוצר עי : אמיליה קוסמטי,IL,ג'ל לעיצוב שיער,מיליליטרים,500.00,"100 מ""ל",false,0,23.90,4.78,true,1,
7290006992161,false,מטרנה - דייסת קורנפלור פרוביוטי 200 גרם,מולינו ניקולי s.p.a,IL,דייסת מטרנה,גרמים,200.00,100 גרם,false,0,14.50,7.25,true,1,
7290006992390,false,"מטרנה - דייסת וניל פרוביוטי כשל""פ 200 גרם",מולינו ניקולי s.p.a,IL,דייסת וניל מטרנה,גרמים,200.00,100 גרם,false,0,14.50,7.25,true,1,
7290008000246,false,"פמינה - שטיפה אינטימית מועשר באלוורה 220 מ""ל",פמינה,IL,שטיפה + אלוורה,מיליליטרים,220.00,"100 מ""ל",false,0,29.90,13.59,true,1,
7290008084956,false,בייבי פסטה משחה לתינוק,בייבי פסטה,IL,בייבי פסטה,גרמים,120.00,100 גרם,false,0,17.90,14.92,true,1,
7290008116541,false,"שטיפת פה ליסטרין קול מינט 500 מ""ל",ג'\ונסון אנד ג'\ונסון,IT,מי פה ליסטרין,מיליליטרים,500.00,"100 מ""ל",false,0,19.90,3.98,true,1,
7290008116565,false,ליסטרין שטיפת פה פרש 500 מל,ג'\ונסון אנד ג'\ונסון,IT,מי פה ליסטרין,מיליליטרים,500.00,"100 מ""ל",false,0,19.90,3.98,true,1,
7290008264013,false,פינצטה מכופפת,סולינגן,IL,פינצטה מכופפת,יחידה,1.00,יחידה,false,0,39.90,39.90,true,1,
7290008264136,false,פצירה 13 ס'מ,סולינגן,IL,פצירה 13 ס'מ,יחידה,1.00,יחידה,false,0,29.00,29.00,true,1,
7290008264198,false,פצירה לציפורניים,סולינגן,IL,פצירה לציפורניים,יחידה,1.00,יחידה,false,0,26.00,26.00,true,1,
7290008264259,false,מספריים להב ארוך,סולינגן,IL,מספריים להב ארוך,יחידה,1.00,יחידה,false,0,110.90,110.90,true,1,
7290008264341,false,ספוגיות מייק-אפ גדולות4*,סולינגן,IL,ספוגיות מייק-אפ,יחידה,1.00,יחידה,false,0,20.90,20.90,true,1,
7290008264396,false,חותך עור,סולינגן,IL,חותך עור,יחידה,1.00,יחידה,false,0,61.00,61.00,true,1,
7290008264402,false,פומפיה רחבה+פצירה,סולינגן,IL,פומפיה רחבה+פציר,יחידה,1.00,יחידה,false,0,40.00,40.00,true,1,
7290008264457,false,אבן לרגל,סולינגן,IL,אבן לרגל,יחידה,1.00,יחידה,false,0,17.00,17.00,true,1,
7290008264464,false,מעגל ריסים יח',סולינגן,IL,מעגל ריסים,יחידה,1.00,יחידה,false,1,48.00,48.00,true,1,
7290008318518,false,"דאו.לאבליין ספריי 187מ""ל",חלאבין,IL,דאודורנט לאבליין,מיליליטרים,187.00,"100 מ""ל",false,0,19.90,10.65,true,1,
7290008318990,false,"מידנייט קרם ידיים 100 מ""ל",חלאבין,IL,קרם ידיים,מיליליטרים,100.00,"100 מ""ל",false,0,12.90,12.90,true,1,
7290008444231,false,"קרליין - קרם ג'ל לחות יאנג 50 מ""ל",קרליין,IL,YOUNG ג'ל לחות,מיליליטרים,50.00,"100 מ""ל",false,0,59.90,119.80,true,1,
7290008444606,false,קרליין לוק לק מס' 340,קרליין,,לק מס' 340,יחידה,1.00,יחידה,false,0,14.90,14.90,true,1,
7290008464505,false,סאן בנדטו בקבוק פלסטיק 500מל,אקווה מינרלה סאן בנדטו ב,IT,סאן בנדטו רגיל 0,מיליליטרים,500.00,"100 מ""ל",false,0,5.00,1.00,true,1,
7290008464611,false,"הסודה של טמפו, מי סודה בגיזוז חזק, 275 מל",טמפו משקאות בעמ,IL,הסודה של טמפו,מיליליטרים,275.00,"100 מ""ל",false,1,3.90,1.42,true,1,
7290008745239,false,תפוצ'יפס קראנצ' בטעם טבעי עלית 50 גרם,"שטראוס פריטו ליי בע""\מ )",IL,תפוצ'יפס קראנצ',גרמים,50.00,100 גרם,false,0,4.30,8.60,true,1,
7290008750264,false,"מסטיק מאסט ציקלס דובדבן 28 גרם לל""ס מגדים","שטראוס גרופ בע""מ",IL,מסטיק מאסט,גרמים,28.00,100 גרם,false,0,4.50,16.07,true,1,
7290008754415,false,גומי מאסט בטעם ספירמינט עדין פליפטופ 28 ג' עלית,"שטראוס גרופ בע""מ",IL,מסטיק מאסט LL,גרמים,28.00,100 גרם,false,0,4.50,16.07,true,1,
7290008754422,false,גומי מאסט בטעם פפרמינט קלאסי פליפטופ 28 ג' עלית,"שטראוס גרופ בע""מ",IL,מסטיק LL MUST,גרמים,28.00,100 גרם,false,0,4.50,16.07,true,1,
7290008775816,false,ערגליות עוגיות במילוי שוקולד אסם 300 גרם,מיוצר עי קונדיטוריית,IL,ערגליות שוקו,גרמים,300.00,100 גרם,false,0,13.90,4.63,true,1,
7290008775823,false,ערגליות עוגיות תות שדה אסם 300 גרם,מיוצר עי קונדיטוריית,IL,ערגליות תות,גרמים,300.00,100 גרם,false,0,13.90,4.63,true,1,
7290008893305,false,GOLD עפרון עיניים,גייד,IT,GOLD עפרון עיניי,יחידה,1.00,יחידה,false,0,39.00,39.00,true,1,
7290008894074,false,מייק אפ קומפקט 03,גייד,IT,מייק אפ קומפקט03,יחידה,1.00,יחידה,false,0,103.90,103.90,true,1,
7290010065349,false,מחית סלט פירות ג'וניור פרינוק 190 גרם,פרוטה פודווין איי.אס,CZ,פריניק ג'וניור,גרמים,190.00,100 גרם,false,0,5.90,3.11,true,1,
7290010065745,false,מחית לפתן פירות ג'וניור פרינוק 190 גרם,פרוטה פודווין איי.אס,CZ,פרינוק ג'וניור,גרמים,190.00,100 גרם,false,0,5.90,3.11,true,1,
7290010237531,false,פפסי קולה פלסטיק 500מל,סנו מפעלי ברונוס.,IL,פפסי בקבוק,מיליליטרים,500.00,"100 מ""ל",false,0,5.90,1.18,true,1,
7290010237548,false,"פפסי מקס דל קלוריות 500 מ""ל בקבוק",טמפו משקאות בעמ,IL,פפסי מקס,מיליליטרים,500.00,"100 מ""ל",false,0,5.90,1.18,true,1,
7290010237579,false,משקה סבן אפ קוול 500,"טמפו משקאות בע""מ",IL,סבנ אפ,מיליליטרים,500.00,"100 מ""ל",false,0,5.90,1.18,true,1,
7290010237586,false,סבן אפ דיאט פלסטיק 500מל,"טמפו משקאות בע""מ",IL,סבנ אפ דיאט,מיליליטרים,500.00,"100 מ""ל",false,0,5.90,1.18,true,1,
7290010380466,false,"קרליין - קרם ג'ל לפנים יאנג 50 מ""ל 15SPF",קרליין,IL,YOUNG קרם ג'ל SP,מיליליטרים,50.00,"100 מ""ל",false,0,59.90,119.80,true,1,
7290010380725,false,"קרליין - מייק אפ קאר & גלואו 111 30 מ""ל",קרליין,IL,מ.אפ קומפורט גלו,מיליליטרים,30.00,"100 מ""ל",false,0,89.90,299.67,true,1,
7290010380732,false,"קרליין - מייק אפ קאר & גלואו 112 30 מ""ל",קרליין,IL,מ.אפ קומפורט גלו,מיליליטרים,30.00,"100 מ""ל",false,0,89.90,299.67,true,1,
7290010380749,false,"קרליין - מייק אפ קאר & גלואו 113 30 מ""ל",קרליין,IL,GLOW COMFORT 113,מיליליטרים,30.00,"100 מ""ל",false,0,89.90,299.67,true,1,
7290010381272,false,קרליין - דיפ ליינר שחור 80,קרליין,DE,דיפ ליינר 80,יחידה,1.00,יחידה,false,0,54.90,54.90,true,1,
7290010381555,false,קרליין - עפרון עיניים ללא חידוד 205,קרליין,DE,עפרון עיניים,יחידה,1.00,יחידה,false,0,29.90,29.90,true,1,
7290010381630,false,קרליין - עפרון עיניים ללא חידוד 240,קרליין,DE,עפרון שפתיים,יחידה,1.00,יחידה,false,0,29.90,29.90,true,1,
7290010381661,false,קרליין - עפרון שפתיים ללא חידוד 243,קרליין,DE,עפרון שפתיים,יחידה,1.00,יחידה,false,0,29.90,29.90,true,1,
7290010381708,false,קרליין - עפרון שפתיים ללא חידוד 247,קרליין,IL,עפרון שפתיים,יחידה,1.00,יחידה,false,0,29.90,29.90,true,1,
7290010381746,false,קרליין - עפרון גבות חום 302,קרליין,DE,עפרון גבות חום,יחידה,1.00,יחידה,false,0,29.90,29.90,true,1,
7290010382064,false,קרליין - שפתון ספארקס 906,קרליין,IL,שפתון גלוס עם בר,יחידה,1.00,יחידה,false,0,59.90,59.90,true,1,
7290010382842,false,"קרם נטורל פורמולה קרם לחות קלילה לשיער רגיל, 400 מ""ל קלילה רגיל",מיוצר עי : אמיליה קוסמטי,IL,קרם לחות לשיער,מיליליטרים,400.00,"100 מ""ל",false,0,25.90,6.48,true,1,
7290010748853,false,"ד""ר פישר - אפקטיב קר קרם ידיים סנסיטיב 150 מ""ל",פישר מעבדות פרמצבטיות בע,IL,קרם ידיים,מיליליטרים,150.00,"100 מ""ל",false,0,9.90,6.60,true,1,
7290010748860,false,"ד""ר פישר - אפקטיב קר קרם ידיים אינטנסיב 150 מ""ל",פישר מעבדות פרמצבטיות בע,IL,קרם ידיים,מיליליטרים,150.00,"100 מ""ל",false,0,9.90,6.60,true,1,
7290010822010,false,גאמפ תפוז פלסטיק 500מל,"טמפו משקאות בע""מ",IL,ג'אמפ תפוז 500,מיליליטרים,500.00,"100 מ""ל",false,0,5.90,1.18,true,1,
7290011026066,false,"ד""ר פישר - סרקל שמפו + מרכך לילדים 1 ליטר",פישר מעבדות פרמצבטיות בע,IL,סרקל 2 ב1-,ליטרים,1.00,ליטר,false,0,27.90,27.90,true,1,
7290011026523,false,שמפו לתינוק לפני השינה Senstive עם לבנדר וקמומיל,פישר מעבדות פרמצבטיות בע,IL,אל דמע קמיל,מיליליטרים,500.00,"100 מ""ל",false,0,19.90,3.98,true,1,
7290011026530,false,ק.ב סנסטיב אל סבון לבנדר קמומיל לפני השינה 500 מ,פישר מעבדות פרמצבטיות בע,IL,אל סבון קמיל,מיליליטרים,500.00,"100 מ""ל",false,0,19.90,3.98,true,1,
7290011113889,false,קרליין - איילינר שחור עמיד EVERLATS,קרליין,IT,איליינר שחור,יחידה,1.00,יחידה,false,0,54.90,54.90,true,1,
7290011113902,false,"טיטניום - בלאק בושם לגבר א.ד.ט 100 מ""ל",קרליין,IL,א.ד.ט BLACK,מיליליטרים,100.00,"100 מ""ל",false,0,54.90,54.90,true,1,
7290011114176,false,קרליין - ברונזר דבש,קרליין,,ברונזר אמבר,יחידה,1.00,יחידה,false,0,59.90,59.90,true,1,
7290011114343,false,שפתון ליפ קולור 705,קרליין,IL,שפתון דו צדדי,יחידה,1.00,יחידה,false,0,64.90,64.90,true,1,
7290011116385,false,קרליין - פודרה פיקס אנד גו 00,קרליין,IT,פודרה למראה אחיד,יחידה,1.00,יחידה,false,0,59.90,59.90,true,1,
7290011132507,false,סן בנדטו- מים מנרליים - מוגז עדין 500 מל,אקווה מינרלה סאן בנדטו ב,IT,סאן בנדטו מוגז 0,מיליליטרים,500.00,"100 מ""ל",false,0,5.00,1.00,true,1,
7290011517588,false,LL-R נצנצים קרם גוף 275 מל',חלאבין,IL,קרם גוף חלאבין,מיליליטרים,275.00,"100 מ""ל",false,0,29.90,10.87,true,1,
7290011525323,false,אל סבון טיפולי לתינוק קמיל בלו סנסטיב שיבולת שועל,פישר מעבדות פרמצבטיות בע,IL,אל סבון קמיל בלו,מיליליטרים,500.00,"100 מ""ל",false,0,21.90,4.38,true,1,
7290011525712,false,"קמיל בלו אל סבון סנסיטיב לפני השינה ד""ר פישר 1 ליטר",פישר מעבדות פרמצבטיות בע,IL,אלסבון קמיל,ליטרים,1.00,ליטר,false,0,24.90,24.90,true,1,
7290011598211,false,"סנו - אנטי קאלק מרסס ניקוי כללי 4 ב-1 700 מ""ל",מיוצר עי קונדיטוריית,IL,סנו אנטי קאלק,מיליליטרים,700.00,"100 מ""ל",false,0,16.90,2.41,true,1,
7290011607180,false,"אבקת כביסה קולון 101 1.25 ק""ג",ריקט בנקיזר ( ניר אי,IL,אבקת כביסה קולון,קילוגרמים,1.25,"ק""ג",false,0,15.90,12.72,true,1,
7290011618025,false,בייבי ביס הוט קידס נגיסי אורז לתינוק,גואנז'ו יונג וואנט פ,CN,בייבי ביס,גרמים,50.00,100 גרם,false,0,14.90,29.80,true,1,
7290011618216,false,בייבי ביס טעם בננה 50 גר,גואנז'ו יונג וואנט פ,CN,בייבי ביס,גרמים,50.00,100 גרם,false,0,14.90,29.80,true,1,
7290011622305,false,כתמטמינים חטיף לתינוקות אצבעות בוטנים ותירס - רביעיה,הארט Heart,IL,רביעיית כתמתמים,גרמים,80.00,100 גרם,false,0,11.90,14.88,true,1,
7290011622428,false,כתמטמינים-חטיף בריאות לתינוקות וילדים 45 ג',מיוצר עבור גולדן האר,IL,חטיף בריאות,גרמים,45.00,100 גרם,false,0,7.50,16.67,true,1,
7290011622664,false,כתמטמינים - חטיף אצבעות טחינה אורז ותירס 45 גרם,אלס נוטרישן,IL,כתמטמינים טחינה,גרמים,45.00,100 גרם,false,1,6.90,15.33,true,1,
7290011622763,false,ביסקוויטמינים פלוס בטעם וניל 150 גרם,מולינו ניקולי s.p.a,IL,ביסקויטמינים,גרמים,150.00,100 גרם,false,1,16.90,11.27,true,1,
7290011743833,false,"סנסודיין משחת שיניים פרונאמל 75 מ""ל",גלקסו סמית קליין,GB,משחת שיניים,מיליליטרים,75.00,"100 מ""ל",false,0,21.90,29.20,true,1,
7290011765071,false,ג'ל גילוח לעור רגיל לחות והגנה Moisture,טרופיקל דגיל תעשיות,TR,ג'ל גילוח קרמה,מיליליטרים,200.00,"100 מ""ל",false,0,16.90,8.45,true,1,
7290011765088,false,ג'ל גילוח לעור רגיל מנטול Cool,טרופיקל דגיל תעשיות,TR,ג'ל גילוח קרמה,מיליליטרים,200.00,"100 מ""ל",false,0,16.90,8.45,true,1,
7290011765095,false,קרמה מן גל גילוח אלוורה ירוק 200 מל,טרופיקל דגיל תעשיות,TR,ג'ל גילוח קרמה,מיליליטרים,200.00,"100 מ""ל",false,0,16.90,8.45,true,1,
7290011765118,false,קצף גילוח קרמה מן דליקט 200 מל,"אביאפ, איסטנבול, תור",TR,קצף גילוח עדין,מיליליטרים,200.00,"100 מ""ל",false,0,11.90,5.95,true,1,
7290011870232,false,שלט מארז 8 סוללה פוג,פוג'יקום,CN,סוללות פוג'יקום,יחידה,1.00,יחידה,false,0,16.90,16.90,true,1,
7290011870263,false,סוללה אצבע מארז 8 פו,פוג'יקום,CN,סוללות פוג'יקום,יחידה,1.00,יחידה,false,0,16.90,16.90,true,1,
7290011912642,false,ליסטרין שטיפת פה הגנה על השיניים והחניכי,ג'\ונסון אנד ג'\ונסון,IT,מי פה ליסטרין,מיליליטרים,500.00,"100 מ""ל",false,0,19.90,3.98,true,1,
7290012116025,false,שמפו פיית הפרפרים לסירוק קל מכיל רוזמרין,קוסמופארם בע'\'\מ,IL,שמפו כיף,מיליליטרים,750.00,"100 מ""ל",false,0,13.90,1.85,true,1,
7290012116612,false,אורביטול מברשת שיניים מארז 4 יח',ג'נרל מילס סאן אדריא,CN,4 מברשות שיניים,יחידה,1.00,יחידה,false,0,16.90,16.90,true,1,
7290012117398,false,קרמה מן גל לאחר גילוח לעור עדין 150 מל,החברה הדרומית,IL,קרמה ג'ל גילוח,מיליליטרים,150.00,"100 מ""ל",false,0,29.90,19.93,true,1,
7290012117428,false,"ג'ל רחצה ושמפו מעיינות מנטה קרמה מן 700 מ""ל",טרופיקל דגיל תעשיות,IL,קרמה ג'ל רחצה,מיליליטרים,700.00,"100 מ""ל",false,0,21.90,3.13,true,1,
7290012117435,false,"קרמה - שמפו וג'ל רחצה 2 ב-1 אלוורה 700 מ""ל",טרופיקל דגיל תעשיות,IL,קרמה ג'ל רחצה,מיליליטרים,700.00,"100 מ""ל",false,0,21.90,3.13,true,1,
7290012117534,false,מרכך כביסה מרוכז תכלת קול סנו מקסימה 1 ליטר,"סנו מפעלי ברונוס בע""\מ",IL,מקסימה ס.מרוכז,ליטרים,1.00,ליטר,false,0,17.90,17.90,true,1,
7290012117558,false,מקסימה מרכך כביסה מרוכז ורוד בניחוח מאסק סנו 1 ליטר,"סנו מפעלי ברונוס בע""\מ",IL,מקסימה ס.מרוכז,ליטרים,1.00,ליטר,false,0,17.90,17.90,true,1,
7290012350252,false,"קרליין - קרם יום לילה רויואל 50 מ""ל",קרליין,IL,רויול קרם לילה,מיליליטרים,50.00,"100 מ""ל",false,0,140.00,280.00,true,1,
7290012367700,false,קרם גוף אינטנסיב רליף Intensive relief לעור יבש ומגורה,פישר מעבדות פרמצבטיות בע,IL,קרם גוף,מיליליטרים,700.00,"100 מ""ל",false,0,24.90,3.55,true,1,
7290012491078,false,"סבון קלנדולה לתינוק 400 מ""ל Mommy Care",מאמי קר Mommy Care,IL,סבון קלנדולה,מיליליטרים,400.00,"100 מ""ל",false,0,29.90,7.48,true,1,
7290012823251,false,כיף אל סבון יסמין לבנדר 1 ליטר משאבה,קוסמופארם בע'\'\מ,IL,אל סבון כיף,ליטרים,1.00,ליטר,false,0,12.90,12.90,true,1,
7290012823343,false,70מש.שיניים אורביטול לילדים סוכריות גלי,טרופיקל דגיל תעשיות קוסמ,IL,משחת אורביטול,גרמים,70.00,100 גרם,false,1,11.90,17.00,true,1,
7290012823381,false,מקסימה מרכך כביסה מרוכז סנסטיב בייבי סנו 1 ליטר,"סנו מפעלי ברונוס בע""\מ",IL,מרכך כביסה,ליטרים,1.00,ליטר,false,0,17.90,17.90,true,1,
7290012823398,false,מטליות חד פעמיות לניקוי הרצפה בניחוח מרכך כביסה 10יח' סנו,סנו מפעלי ברונו בעמ,IL,מטליות ריצפז,יחידה,1.00,יחידה,false,1,13.90,13.90,true,1,
7290012938580,false,"סנסודיין משחת שיניים להלבנה עדינה 75 מ""ל",גלקסוסמית'\קליין קונסיומ,GB,משחת סנסודיין,מיליליטרים,75.00,"100 מ""ל",false,0,18.90,25.20,true,1,
7290012938597,false,"סנסודיין משחת שיניים רפיד רליף 75 מ""ל","סמיתקליין ביצ'ם בע""מ",GB,משחת סנסודיין,מיליליטרים,75.00,"100 מ""ל",false,0,21.90,29.20,true,1,
7290012938740,false,"משחת שיניים פרש מינט מנטה 75מ""ל סנסודיין",גלקסו סמית קליין,GB,משחת סנסודיין,מיליליטרים,75.00,"100 מ""ל",false,0,18.90,25.20,true,1,
7290012938924,false,אקוהפרש מי פה ללא אלכוהול 500 מל,מולינו ניקולי s.p.a,GB,מי פה אקווה פרש,מיליליטרים,500.00,"100 מ""ל",false,0,20.90,4.18,true,1,
7290013083661,false,"מטרנה אקסטרה קר שלב 1 חסכון 700 גרם תמ""ל",מטרנה תעשיות ש.מ,IL,מטרנה אקסטרה קר,גרמים,700.00,100 גרם,false,0,59.90,8.56,true,1,
7290013083678,false,תחליף חלב מטרנה אקסטרה קר שלב 2 700 גרם,מולינו ניקולי s.p.a,IL,מטרנה אקסטרה קר,גרמים,700.00,100 גרם,false,0,59.90,8.56,true,1,
7290013083685,false,תחליף חלב מטרנה אקסטרה קר שלב 3 חסכון 700 גרם,מטרנה תעשיות ש.מ,IL,מטרנה אקסטרה קר,גרמים,700.00,100 גרם,false,0,59.90,8.56,true,1,
7290013133816,false,לובלו לגבר בודד,לבלו,IL,לבלו לגבר,יחידה,1.00,יחידה,false,0,10.00,10.00,true,1,
7290013268020,false,מקסימה מרכך כביסה מרוכז בניחוח אולטרא פרש סנו 1 ליטר,"סנו מפעלי ברונוס בע""\מ",IL,מרכך כביסה,ליטרים,1.00,ליטר,false,0,17.90,17.90,true,1,
7290013268983,false,מרכך כביסה סופר מרוכז בבישום עוצמתי סנו מקסימה 1 ל',"סנו מפעלי ברונוס בע""\מ",IL,מרכך מרוכז ג'וי,ליטרים,1.00,ליטר,false,1,17.90,17.90,true,1,
7290013269003,false,מרכך כביסה סופר מרוכז בייבי לתינוקות ולעור רגיש,"סנו מפעלי ברונוס בע""\מ",IL,מקסימה מרכך,ליטרים,1.00,ליטר,false,0,17.90,17.90,true,1,
7290013269638,false,ספוג הפלא אקסטרה Extra- מארז 6 יח',החברה הדרומית,IL,ספוג הפלא אקסטרה,יחידה,1.00,יחידה,false,0,13.90,13.90,true,1,
7290013269645,false,ריצפז פרש מטליות לחות לריצפה בניחוח מאסק 10 יחידות,סנו מפעלי ברונוס בעמ,IL,מטליות ריצפז,יחידה,1.00,יחידה,false,0,13.90,13.90,true,1,
7290013269751,false,מטליות לחותריצפז פרש לניקוי ריצפה בניחות מלון בוטיק 10 יח' סנו,טרופיקל דגיל תעשיות,IL,מטליות ריצפז,יחידה,1.00,יחידה,false,1,13.90,13.90,true,1,
7290013310323,false,נובי קליפס עם מחזיק וסרט,LTD E.L.CO,CN,נובי קליפס,יחידה,1.00,יחידה,false,1,27.90,27.90,true,1,
7290013412348,false,נועם סדינית 15 יחידות,DPL פרומדיקו,IL,נועם סדינית,יחידה,1.00,יחידה,false,0,51.90,51.90,true,1,
7290013473097,false,"ג'ל ברזל 500 מ""ל",מיסטר בונד,IL,ג'ל ברזל,מיליליטרים,500.00,"100 מ""ל",false,1,23.90,4.78,true,1,
7290013539519,false,"מסכת הזנה ארגן מרוקאי סטייל 500 מ""ל",א.ל ארמן,IL,מסכת שיער סטייל,מיליליטרים,500.00,"100 מ""ל",false,0,28.90,5.78,true,1,
7290013652157,false,"ד""ר פישר - נטורל קר מגבונים להסרת איפור לעור רגיל יבש 30 יח' * 3",פישר מעבדות פרמצבטיות בע,IL,מגבונים 3 יח,יחידה,1.00,יחידה,false,0,19.90,19.90,true,1,
7290013652164,false,"ד""ר פישר - נטורל קר מגבונים להסרת איפור לעור רגיש 30 יח' * 3",פישר מעבדות פרמצבטיות בע,IL,GENESIS מגבונים,יחידה,1.00,יחידה,false,0,19.90,19.90,true,1,
7290013652171,false,"ד""ר פישר - נטורל קר מגבונים להסרת איפור לעור שמן מעורב 30 יח' * 3",פישר מעבדות פרמצבטיות בע,IL,שלישיית מגובונים,יחידה,1.00,יחידה,false,0,19.90,19.90,true,1,
7290013652829,false,קרם ידיים לעור יבש במיוחד Natural care,פישר מעבדות פרמצבטיות בע,IL,קרם ידיים נטורל,מיליליטרים,150.00,"100 מ""ל",false,0,13.90,9.27,true,1,
7290013848055,false,קרמה מן קרם גוף בניחוח גברי 400 מ' ל,קוסמופארם בע'\'\מ,IL,קרם גוף קרמה מן,מיליליטרים,400.00,"100 מ""ל",false,1,24.90,6.23,true,1,
7290013848345,false,מארז מטליות לחיטוי וניקוי יסודי אנטיבקטריאלי 99.9%,סנו מפעלי ברונוס בעמ,IL,מטליות ניקוי 3יח,יחידה,1.00,יחידה,false,1,19.90,19.90,true,1,
7290014059085,false,"משחת שיניים סנסודיין 75 מ""ל פרימיום לשיקום והגנה","סמית קליין ביצ'ם בע""",GB,משחת סנסודיין,מיליליטרים,75.00,"100 מ""ל",false,0,21.90,29.20,true,1,
7290014204713,false,"תרסיס גוף מס' 2 250 מ""ל פנינה רוזנבלום",פנינה רוזנבלום,IL,ספריי לגוף פנינה,מיליליטרים,250.00,"100 מ""ל",false,1,29.90,11.96,true,1,
7290014346390,false,לנסינו משחה לאמהות מניקות 10 גרם שלישייה,מדי-קיור,IL,משחת לנסינו טו ג,גרמים,30.00,100 גרם,false,1,59.90,199.67,true,1,
7290014397514,false,"מבשם אויר סנו פרש הום בניחוח כותנה מלטפת 350 מ""ל","סנו מפעלי ברונוס בע""",IL,סנופרש כותנה,מיליליטרים,350.00,"100 מ""ל",false,0,12.90,3.69,true,1,
7290014397835,false,סנו - מט דוחה יתושים נוזלי מכשיר + מילוי 45 לילות,זובאלה,IT,סנומט סמארט,יחידה,1.00,יחידה,false,0,37.90,37.90,true,1,
7290014547353,false,סנסודין זוג מברשות שיניים דואלקר ירוק+יר,"L Co., Industrial Shummi",CN,2 מברשו סנסודיין,יחידה,1.00,יחידה,false,1,29.90,29.90,true,1,
7290014648678,false,צימרונים קוסמטיים מארז,,IL,צימרונים קוסמטיי,יחידה,1.00,יחידה,false,1,11.90,11.90,true,1,
7290014855403,false,15חיתולי אקסטרה סטרונג M,DPL פרומדיקו,IL,חיתולי נועם,יחידה,1.00,יחידה,false,0,59.90,59.90,true,1,
7290014855434,false,מגבונים בייביסיטר פרפורמנס מבושם רביעיה,בייביסיטר Babysitter,IL,מגבונים לחים 4יח,יחידה,1.00,יחידה,false,1,15.90,15.90,true,1,
7290014855458,false,מגבוני בייביסיטר פרפורמנס ללא בישום מארז 72X4יח',בייביסיטר Babysitter,IL,מגבונים לחים 4יח,יחידה,1.00,יחידה,false,1,15.90,15.90,true,1,
7290014855854,false,מגבונים לחים מועשרים בקמומיל,בייבי בייסיק,IL,בייבי בייסיק,יחידה,1.00,יחידה,false,0,12.90,12.90,true,1,
7290014901254,false,"מרכך קרטין לאחר החלקה ועיצוב בחום סטייל 750 מ""ל",א.ל ארמן ייצור תמרוק,IL,מרכך קרטין,מיליליטרים,750.00,"100 מ""ל",false,0,29.90,3.99,true,1,
7290014901261,false,"מסכה קרטין לאחר החלקה ועיצוב בחום סטייל 500 מ""ל",א.ל ארמן ייצור תמרוק,IL,מסכת קרטין,מיליליטרים,500.00,"100 מ""ל",false,0,34.90,6.98,true,1,
7290014901308,false,"סנסודיין משחת שיניים להגנה מלאה 75 מ""ל - סדרת פרמיום","סמית קליין ביצ'ם בע""",GB,משחת סנסודיין,מיליליטרים,75.00,"100 מ""ל",false,0,21.90,29.20,true,1,
7290014901315,false,סנסודיין משחה הגנה מלאה אקסטרה פרש 75 מל,"סמית קליין ביצ'ם בע""",GB,משחת סנסודיין,מיליליטרים,75.00,"100 מ""ל",false,0,21.90,29.20,true,1,
7290014962521,false,"טפטפים משחת שיניים לילדים מגיל 2-6 50 מ""ל",כצט CTS,IL,משחת שיניים,מיליליטרים,50.00,"100 מ""ל",false,0,11.90,23.80,true,1,
7290014962538,false,משחת שיניים ג'וניור מנטה מעודן לגילאי 6+,כצט CTS,IL,משחת שיניים,מיליליטרים,50.00,"100 מ""ל",false,0,11.90,23.80,true,1,
7290015025942,false,"קרם ידיים קלאסי עם שמן שקדים פנג'ל 80 מ""ל",מיוצר עי קונדיטוריית,IL,קרם ידיים פנג'ל,מיליליטרים,80.00,"100 מ""ל",false,1,8.50,10.63,true,1,
7290015155830,false,מחית תפוחי עץ ובננה חטיפטף ללא תוספת סוכר,פרוטה פודווין איי.אס,CZ,חטיפטף פרינוק,גרמים,120.00,100 גרם,false,1,5.00,4.17,true,1,
7290015155847,false,מחית סלט פירות חטיפטף ללא תוספת סוכר,פרוטה פודיווין איי.א,CZ,חטיפטף פרינוק,גרמים,120.00,100 גרם,false,1,5.00,4.17,true,1,
7290015156790,false,מחית לפתן פירות חטיפטף ללא תוספת סוכר,פרוטה פודווין איי.אס,CZ,חטיפטף פרינוק,גרמים,120.00,100 גרם,false,1,5.00,4.17,true,1,
7290015366670,false,משחת שיניים הגנה משולשת מנטה מרענן,גלקסוסמיתקליין,SK,משחה אקווה פרש,מיליליטרים,100.00,"100 מ""ל",false,1,7.90,7.90,true,1,
7290015366724,false,"קרם לחות ארגן קוקוס סטייל 400 מ""ל",א.ל.ארמן ייצור תמרוקים ב,IL,קרם לחות סטייל,מיליליטרים,400.00,"100 מ""ל",false,1,29.90,7.48,true,1,
7290015366731,false,סטייל שמן ארגן קוקוס 120 מל,א.ל ארמן,IL,שמן לשיער סטייל,מיליליטרים,120.00,"100 מ""ל",false,1,46.90,39.08,true,1,
7290015424882,false,פמינה מגבונים אינטימיים 20 יח TO GO,פמינה,IL,מגבונים פמינה,יחידה,1.00,יחידה,false,1,14.90,14.90,true,1,
7290015470391,false,קרם ידיים מועשר בשמן זית לעור רגיל עד יבש,אינטרקוסמא,IL,קרם ידיים פנג'ל,מיליליטרים,100.00,"100 מ""ל",false,1,11.90,11.90,true,1,
7290015733427,false,מטרנה דייסת גם וגם וניל פרו12*300ג 2019,מולינו ניקולי s.p.a,IL,דייסת מטרנה,גרמים,300.00,100 גרם,false,1,19.90,6.63,true,1,
7290015733977,false,תרכובת מזון קומפורט על בסיס חלבי דל לקטוז,מטרנה תעשיות ש.מ.,IL,מטרנה קומפורט עם,גרמים,700.00,100 גרם,false,1,69.90,9.99,false,1,
7290015848961,false,אולטרסול דר פישר קרם פנים 50/75+,פישר מעבדות פרמצבטיות בע,IL,אולטרסול,מיליליטרים,75.00,"100 מ""ל",false,1,49.90,66.53,true,1,
7290016197495,false,ניקול זוג מטליות הקסם מיקרופייבר לרצפה,חוגלה קימברלי,CN,מטלית לרצפה 2יח,יחידה,1.00,יחידה,false,1,24.90,24.90,true,1,
7290016197617,false,תחבושת לנשים אקסטרה דיפנד 10 יחידות,קימברלי קלארק,VN,תחבושות דיפנד,יחידה,1.00,יחידה,false,1,19.90,19.90,true,1,
7290016197624,false,תחבושות לנשים סופר דיפנד 8 יחידות,קימברלי קלארק,VN,תחבושות דיפנד,יחידה,1.00,יחידה,false,1,19.90,19.90,true,1,
7290016230888,false,סוללות V3 5) יחידות( 5 י,פוג'יקום,IL,סוללות V3,יחידה,1.00,יחידה,false,1,21.90,21.90,true,1,
7290016246018,false,בארכה מיקס פינוקיות חלבה 10*20 גרם.,"רושדי תעשיות מזון בע""\מ",IL,חלבה בארכה מיקס,גרמים,200.00,100 גרם,false,1,12.90,6.45,true,1,
7290016321661,false,פרש וואנס SENSITIVE מגבונים ללא בישום רביעייה 72 יחידות,עלבד משואות יצחק,IL,פרש וואנס 4יח,יחידה,1.00,יחידה,false,1,18.90,18.90,true,1,
7290016321678,false,מגבונים לחים בניחוח מרענן עם תמציות קמומיל ואלוורה,עלבד משואות יצחק,IL,פרש וואנס 4 יח,יחידה,1.00,יחידה,false,1,18.90,18.90,true,1,
7290016329261,false,סרקל מתיר קשרים ספריי רציףף 300 מ'ל,פישר מעבדות פרמצבטיות בע,IL,סרקל מתיר קשרים,מיליליטרים,300.00,"100 מ""ל",false,1,24.90,8.30,true,1,
7290016329278,false,קמיל בלו מגבונים מילוי 64 יח רביעייה,פישר מעבדות פרמצבטיות בע,IL,מגבונים קמיל בלו,יחידה,1.00,יחידה,false,1,17.90,17.90,true,1,
7290016329308,false,"ד""ר פישר - סרקל קרם רוזמרין לשיער מתולתל 325 מ""ל",פישר מעבדות פרמצבטיות בע,IL,סרקל מתיר קשרים,מיליליטרים,325.00,"100 מ""ל",false,1,25.90,7.97,true,1,
7290016350012,false,דאו סטיק לגבר גולדן 80מל,א.משי תעשיות,IL,דאו סטיק לגבר,מיליליטרים,80.00,"100 מ""ל",false,1,14.90,18.63,true,1,
7290016437423,false,דיפנד תחתון סופג L נשים 16 יח גזרה גבוהה,KC Vietnam,IL,תחתון דיפנד,יחידה,1.00,יחידה,false,1,64.90,64.90,true,1,
7290016437607,false,קוטקס - תחתונים סופגים לנשים לאחר לידה לארג' 8 יח',חוגלה קימברלי,KR,תחתונים סופגים,יחידה,1.00,יחידה,false,0,36.90,36.90,true,1,
7290016437614,false,חיתולי האגיס פרידום דריי pants מידה 3 44 יחידות,האגיס Huggies,IL,חיתולי האגיס,יחידה,1.00,יחידה,false,1,45.90,45.90,true,1,
7290016437621,false,חיתולי האגיס פרידום דריי pants מידה 4 36 יחידות,קימברלי קלארק צ'כיה,CZ,חיתולי האגיס,יחידה,1.00,יחידה,false,1,45.90,45.90,true,1,
7290016437652,false,חיתולי האגיס פרידום דריי pants מידה 6 30 יחידות,קימברלי קלארק צ'כיה,CZ,חיתולי האגיס,יחידה,1.00,יחידה,false,1,45.90,45.90,true,1,
7290016509786,false,פרסיל גל לכביסה לבנה וצבעונית-ירוק 2.5 ל,"הנקל סוד בע""\מ",IL,ג'ל כביסה פרסיל,ליטרים,2.50,ליטר,false,1,29.90,11.96,true,1,
7290016564266,false,מבריקל הפלא כיסוי הפלא 3,פארמה דיל,IL,מבריקל הפלא כיסו,יחידה,1.00,יחידה,false,1,12.90,12.90,true,1,
7290016621013,false,"ד""ר פישר - קרם גוף קמיל בלו 500 מ""ל",פישר מעבדות פרמצבטיות בע,IL,קרם גוף קמיל בלו,מיליליטרים,500.00,"100 מ""ל",false,1,19.90,3.98,true,1,
7290016621341,false,אל סבון היגייני לניקוי יסודי קמיל Clean & Moisture,פישר מעבדות פרמצבטיות בע,IL,אל סבון קמיל,ליטרים,1.00,ליטר,false,1,15.90,15.90,true,1,
7290016621358,false,"ד""ר פישר - קמיל אל סבון ניקיון והזנה ורוד 1 ליטר",פישר מעבדות פרמצבטיות בע,IL,אל סבון קמיל,ליטרים,1.00,ליטר,false,1,15.90,15.90,true,1,
7290016621952,false,קמיל בלו סנסיטיב קרם פנים לתינוק SPF30,פישר מעבדות פרמצבטיות בע,IL,קרם פנים קמיל,מיליליטרים,75.00,"100 מ""ל",false,1,34.90,46.53,true,1,
7290016732672,false,מברשת שיניים סנסודיין הגנה מלאה,גלקסוס סמית קליין,CN,מברשת סנסודיין,יחידה,1.00,יחידה,false,1,24.90,24.90,true,1,
7290016866643,false,פרודונטקס מ.שיניים אקסטרה פרש 75 מל,פרודונטקס Parodontax,SK,משחה פרודונטקס,מיליליטרים,75.00,"100 מ""ל",false,1,31.90,42.53,true,1,
7290016866650,false,"פרודונטקס - משחת שיניים אוריג'ינל 75 מ""ל",פרודונטקס Parodontax,SK,משחה פרודונטקס,מיליליטרים,75.00,"100 מ""ל",false,1,31.90,42.53,true,1,
7290016866667,false,"פרודונטקס - משחת שיניים ללא פלאוריד 75 מ""ל",פרודונטקס Parodontax,SK,משחה פרודונטקס,מיליליטרים,75.00,"100 מ""ל",false,1,31.90,42.53,true,1,
7290016912494,false,"ד""ר פישר - אפקטיב קר תרחיץ פנים לכל סוגי העור 180 מ""ל",פישר מעבדות פרמצבטיות בע,IL,תרחיץ פנים,מיליליטרים,180.00,"100 מ""ל",false,1,16.90,9.39,true,1,
7290017031477,false,"סנסודיין משחת שיניים רפיד רליף להלבנה 75 מ""ל","סמיתקליין ביצ'ם בע""מ",GB,משחת סנסודיין,מיליליטרים,75.00,"100 מ""ל",false,1,21.90,29.20,true,1,
7290017031705,false,"סנסודיין משחת שיניים קלין & פרש 75 מ""ל",גלקסוס סמית קליין,SK,משחת סנסודיין,מיליליטרים,75.00,"100 מ""ל",false,1,18.90,25.20,true,1,
7290017031811,false,פרודונטקס מברשת שיניים אקסטרא סופט א.זוג,גלקסוסמיתקליין,CN,מברשות פרודונטקס,יחידה,1.00,יחידה,false,1,19.90,19.90,true,1,
7290017031859,false,"פרודונטקס - משחת שיניים אולטרא קלין 75 מ""ל","מאסטרפוד אוסטריה בע""מ",SK,משחת פרודונטקס,מיליליטרים,75.00,"100 מ""ל",false,1,31.90,42.53,true,1,
7290017031927,false,שמפו סטיייל האמפ 750 מל,א.ל.ארמן ייצור תמרוקים ב,IL,סטייל שמפו 750 מ,מיליליטרים,750.00,"100 מ""ל",false,1,24.90,3.32,true,1,
7290017088082,false,בייביסיטר - חיתולי סטנדרט מידה 5 - 36 יח',די.פי.אל תעשיות מוצרים ח,IL,חיתולי בייביסיטר,יחידה,1.00,יחידה,false,1,32.90,32.90,true,1,
7290017088099,false,בייביסיטר - חיתולי סטנדרט מידה 6 - 30 יח',די.פי.אל תעשיות מוצרים ח,IL,חיתולי בייביסיטר,יחידה,1.00,יחידה,false,1,31.90,31.90,true,1,
7290017088327,false,רבעיית מגבונים בייביסיטר אקסטרא סופט ללא בישום 64 יחידות,די.פי.אל בעמ,IL,מגבוני בייביסיטר,יחידה,1.00,יחידה,false,1,15.90,15.90,true,1,
7290017088815,false,בריז תחבושות לבריחת שתן נורמל 12 יח,ניאופארם,IT,בריז תחבושות שתן,יחידה,1.00,יחידה,false,1,19.90,19.90,true,1,
7290017088822,false,BREEZE תחבושות לבריחת שתן אקסטרה (10 יח'),ניאופארם,IT,בריז תחבושות שתן,יחידה,1.00,יחידה,false,1,19.90,19.90,true,1,
7290017088839,false,BREEZE תחבושות לבריחת שתן אקסטרה פלוס (8 יח'),ניאופארם,IT,בריז תחבושות שתן,יחידה,1.00,יחידה,false,1,19.90,19.90,true,1,
7290017088969,false,חיתולי בייביסיטר ניו בורן מידה 1 42 יח',די.פי.אל תעשיות מוצרים ח,IL,חיתול דק מידה 1,יחידה,1.00,יחידה,false,1,26.90,26.90,true,1,
7290017088983,false,חיתולי בייביסיטר ניו בורן מידה 2 38 יחי',די.פי.אל תעשיות מוצרים ח,IL,חיתול דק מידה 2,יחידה,1.00,יחידה,false,1,26.90,26.90,true,1,
7290017197029,false,אל סבון la belle מאסק לבן 1 ל,,IL,אל סבון מאסק לבן,ליטרים,1.00,ליטר,false,0,9.90,9.90,true,1,
7290017285726,false,סרקל מעצב דר' פישר 1 ליטר,פישר מעבדות פרמצבטיות בע,IL,סרקל מרכך לילדים,ליטרים,1.00,ליטר,false,1,27.90,27.90,true,1,
7290017440682,false,ד.פישר בלונד שמפו לשיער בהיר,"ד""ר פישר Dr fischer",IL,שמפו,מיליליטרים,400.00,"100 מ""ל",false,1,29.90,7.48,true,1,
7290017440699,false,ד.פישר בלונד מרכך לשיער בהיר 400 מל,CHEMIPAL FISHER (BIO,IL,מרכך לשיער,מיליליטרים,400.00,"100 מ""ל",false,1,29.90,7.48,true,1,
7290017440798,false,ד.פישר סילבר מרכך לשיער כסוף 400 מל,קולגייט פלמוליב,IL,מרכך לשיער כסוף,מיליליטרים,400.00,"100 מ""ל",false,1,28.90,7.23,true,1,
7290017440804,false,ד.פישר סילבר מסכת הזנה לשיער כסוף 300 מ,מדי פישר,IL,מסכה לשיער,מיליליטרים,300.00,"100 מ""ל",false,1,39.90,13.30,true,1,
7290017457932,false,סוד מרכך כביסה מרוכז פרש קונטרול כחול,הנקל סוד,IL,סוד מרכך כחול,מיליליטרים,900.00,"100 מ""ל",false,1,12.90,1.43,true,1,
7290017637594,false,שמפו יומיומי זיכרונות מתוקים 500 מל,סאסא קוסמטיקס,IL,MB שמפו לשיער,מיליליטרים,500.00,"100 מ""ל",false,1,24.90,4.98,true,1,
7290017695044,false,"קיט החלקה ושמפו 200 מ""ל",מיסטר בונד,IL,קיט החלקה ושמפו,יחידה,1.00,יחידה,false,1,159.90,159.90,true,1,
7290017695259,false,מסכה לשיער ויטמינס 500מל,מיסטר בונד,IL,מסכה לשיער ויטמי,מיליליטרים,500.00,"100 מ""ל",false,1,44.90,8.98,true,1,
7290017695693,false,שמפו סילבר 500 מל,מיסטר בונד,IL,שמפו סילבר 500 מ,מיליליטרים,500.00,"100 מ""ל",false,1,49.90,9.98,true,1,
7290017872018,false,"קרם החתלה פרשוואנס קמומיל וקלנדולה 100 סמ""ק",דנשר,IL,פרש וואנס קרם הח,מיליליטרים,100.00,"100 מ""ל",false,1,14.90,14.90,true,1,
7290017872070,false,מארז מגבונים לחים בניחוח מרענן פרש וואנס שלישייה,"ווטנפס בע""\מn\",IL,פרש וואנס מגבון,יחידה,1.00,יחידה,false,1,10.00,10.00,false,1,
7290017872230,false,פרש וונס מגבונים נטורל 100 יח דיספנסר,פרש וואנס Fresh Ones,IL,פרש וואנס מגבון,יחידה,1.00,יחידה,false,1,11.90,11.90,false,1,
7290017873169,false,"פמילי סבון ידיים מועשר בשמן זית 500 מ""ל",טאהא,TR,תחליב רחצה פמלי,מיליליטרים,500.00,"100 מ""ל",false,1,11.90,2.38,true,1,
7290017873350,false,קרם יד.פנג'ל אינטנסיב100,"דנלוג אינטרקוסמא בע""\מ",IL,קרם ידיים פנג'ל,מיליליטרים,100.00,"100 מ""ל",false,1,9.90,9.90,true,1,
7290017917566,false,ד.פישר סילבר שמפו לשיער כסוף ללא מלח,מדי פישר,IL,שמפו,מיליליטרים,400.00,"100 מ""ל",false,1,39.90,9.98,true,1,
7290018080160,false,מאמי קר מגבוני קלנדולה היפואלרגנים *4,מאמי קר,IL,מגבוני קלנדולה,יחידה,1.00,יחידה,false,1,22.90,22.90,true,1,
7290018132067,false,נאן סופרים שלב 1 700 גרם,מטרנה תעשיות ש.מ,IL,נאן סופרים שלב 1,גרמים,700.00,100 גרם,false,1,89.90,12.84,true,1,
7290018132081,false,נאן סופרים שלב 3 700 גרם,מטרנה תעשיות ש.מ,IL,נאן סופרים שלב 3,גרמים,700.00,100 גרם,false,1,89.90,12.84,true,1,
7290018132104,false,נאן סופרים שלב 2 700 גרם,מטרנה תעשיות ש.מ,IL,נאן סופרים שלב 2,גרמים,700.00,100 גרם,false,1,89.90,12.84,true,1,
7290018132388,false,"מטרנה גולד בד""ץ שלב 2 700 גרם",מטרנה תעשיות ש.מ.,IL,מטרנה גולד שלב 2,גרמים,700.00,100 גרם,false,1,73.90,10.56,true,1,
7290018132425,false,"מטרנה גולד בד""ץ שלב 3 700 גרם",מטרנה תעשיות ש.מ.,IL,מטרנה גולד שלב 3,גרמים,700.00,100 גרם,false,1,73.90,10.56,true,1,
7290018182307,false,מקלוני נייר לבן עם צמר גפן צבעוני 200 יח,,CN,מקלוני נייר לבן,יחידה,1.00,יחידה,false,1,9.90,9.90,true,1,
7290018182888,false,קיסמי מברשות רכים מגומי,,IL,קיסמי מברשות גומ,יחידה,1.00,יחידה,false,1,19.90,19.90,true,1,
7290018343340,false,"ד""ר פישר - שמפו משקם לאחר החלקה ללא תוספת מלח 400 מ""ל",פישר מעבדות פרמצבטיות,IL,שמפו משקם,מיליליטרים,400.00,"100 מ""ל",false,1,39.90,9.98,true,1,
7290018343364,false,"ד""ר פישר - מסכת הזנה משקמת לאחר החלקה ללא תוספת מלח 300 מ""ל",פישר מעבדות פרמצבטיות,IL,מסכה לשיער,מיליליטרים,300.00,"100 מ""ל",false,1,39.90,13.30,true,1,
7290018343630,false,ד.פישר אפקטיב קר קרם גוף מועשר חמאת קקאו,פישר מעבדות פרמצבטיות בע,IL,קרם גוף אפקטיב,מיליליטרים,450.00,"100 מ""ל",false,1,24.90,5.53,true,1,
7290018354704,false,"ווקס לגבר 100 מ""ל",א.משי תעשיות,IL,ווקס לגבר,מיליליטרים,100.00,"100 מ""ל",false,1,14.90,14.90,true,1,
7290018493052,false,"ד""ר פישר - אפקטיב קר קרם ידיים מועשר בשמן אבוקדו 100 מ""ל",פישר מעבדות פרמצבטיות,IL,קרם ידיים,מיליליטרים,100.00,"100 מ""ל",false,1,11.90,11.90,true,1,
7290018493076,false,"אפקטיב קר קרם ידייםמועשר בשמן ארגן ד""ר פישר 100 מ""ל",פישר מעבדות פרמצבטיות,IL,קרם ידיים,מיליליטרים,100.00,"100 מ""ל",false,1,11.90,11.90,true,1,
7290018493144,false,קמיל קלין &נוריש אל סבון מועשר בשמן ארגן 1 ליטר,פישר מעבדות פרמצבטיות,IL,אל סבון קמיל,מיליליטרים,1000.00,"100 מ""ל",false,1,15.90,1.59,true,1,
7290018493359,false,ד.פישר אפקטיב קר קרם גוף מועשר בשמן המפ,פישר מעבדות פרמצבטיות בע,IL,קרם גוף מועשר,מיליליטרים,450.00,"100 מ""ל",false,1,24.90,5.53,true,1,
7290018516362,false,מחיט תפוח עץ בננה ושבולות שועל 190 ג' פרינוק גוניור,פרוטה פודווין איי.אס,CZ,פרינוק ארוחה,גרמים,190.00,100 גרם,false,1,5.90,3.11,true,1,
7290018733158,false,קרם גלייז לתלתלים משאבה,מיסטר בונד,IL,קרם גלייז לתלתלי,גרמים,500.00,100 גרם,false,1,49.90,9.98,true,1,
7290018733172,false,קרם מוריד נפח ביוטין 500,מיסטר בונד,IL,קרם מוריד נפח,גרמים,500.00,100 גרם,false,1,49.90,9.98,true,1,
7290018733301,false,"מסכה לשיער מתולתל 10 מ""ל",מיסטר בונד,IL,מסכה לשיער מתולת,מיליליטרים,100.00,"100 מ""ל",false,1,9.90,9.90,true,1,
7290018921029,false,"ד""ר פישר - קמיל בלו מגבוני סנסיטיב 64 יח' * 4",פישר מעבדות פרמצבטיות בע,IL,מגבוני קמיל בלו,יחידה,1.00,יחידה,false,1,21.90,21.90,true,1,
7290018921265,false,"תחליב רחצה מועשר בתמצית אלוורה 700 מ""ל אפקטיב קר",פישר מעבדות פרמצבטיות בע,IL,תחליב רחצ.אלוורה,מיליליטרים,700.00,"100 מ""ל",false,1,17.90,2.56,true,1,
7290018921449,false,קמיל בלו מגבונים תפרחת חיתולים רביעייה,פישר תעשיות,IL,מגבונים קמיל 4יח,יחידה,1.00,יחידה,false,1,24.90,24.90,true,1,
7290018921456,false,"ד""ר פישר - אפקטיב קר תחליב רחצה שמן כותנה 700 מ""ל",פישר מעבדות פרמצבטיות בע,IL,תחליב רחצה כותנה,מיליליטרים,700.00,"100 מ""ל",false,1,17.90,2.56,true,1,
7290018921654,false,"ד""ר פישר - אפקטיב קר תחליב רחצה תמצית לוונדר 700 מ""ל",פישר מעבדות פרמצבטיות בע,IL,תחליב רחצה לבנדר,מיליליטרים,700.00,"100 מ""ל",false,1,17.90,2.56,true,1,
7290018921807,false,"קמיל בלו משחת החתלה צמחי מרפא 120 ג' ד""ר פישר",פישר מעבדות פרמצבטיות בע,IL,קמיל בלו משחה,גרמים,120.00,100 גרם,false,1,21.90,18.25,true,1,
7290019014621,false,"מרכך כביסה לגונה 900 מ""ל",סאסא טק,IL,מרכך כביסה לגונה,מיליליטרים,900.00,"100 מ""ל",false,1,19.90,2.21,true,1,
7290019014645,false,"מסיר כתמים טנקס 500 מ""ל",סאסא טק,IL,מסיר כתמים TNX,מיליליטרים,500.00,"100 מ""ל",false,1,24.90,4.98,true,1,
7290019014652,false,מרכך כביסה בייבי לאב900מ,סאסא טק,IL,מרכך כביסה בייבי,מיליליטרים,900.00,"100 מ""ל",false,1,24.90,2.77,true,1,
7290019014713,false,נוזל רצפות לפרקט 1.35ל,סאסא טק,IL,נוזל רצפות לפרקט,ליטרים,1.35,ליטר,false,1,26.90,19.93,true,1,
7290019014737,false,"מבשם בדים ביץ קלאב500מ""ל",סאסא טק,IL,מבשם בדים קלאב,מיליליטרים,500.00,"100 מ""ל",false,1,19.90,3.98,true,1,
7290019014744,false,מרסס חלונות פרש וויט750מ,סאסא טק,IL,מרסס חלונות פרש,מיליליטרים,750.00,"100 מ""ל",false,1,13.90,1.85,true,1,
7290019014751,false,ניקוי כלים24% פלאוור750מ,סאסא טק,IL,ניקוי כלים 24%,מיליליטרים,750.00,"100 מ""ל",false,1,14.90,1.99,true,1,
7290019014768,false,"ניקוי כלים 24% 750מ""ל",סאסא טק,IL,ניקוי כלים 24%,מיליליטרים,750.00,"100 מ""ל",false,1,14.90,1.99,true,1,
7290019014775,false,מרסס קצף מסיר שומנים 750,סאסא טק,IL,מרסס מסיר שומנים,מיליליטרים,750.00,"100 מ""ל",false,1,16.90,2.25,true,1,
7290019014782,false,מרסס אקונומיקה לבנדר750מ,סאסא טק,IL,מרסס אקונומיקה,מיליליטרים,750.00,"100 מ""ל",false,1,16.90,2.25,true,1,
7290019014799,false,מסיר אבנית לאמבטיה 750 מ,סאסא טק,IL,קצף מסיר אבנית,מיליליטרים,750.00,"100 מ""ל",false,1,14.90,1.99,true,1,
7290019014805,false,"מרסס מנקה ריפודים 500מ""ל",סאסא טק,IL,מרסס מנקה ריפוד,מיליליטרים,500.00,"100 מ""ל",false,1,24.90,4.98,true,1,
7290019014812,false,"מרסס מנטרל ריחות 500 מ""ל",סאסא טק,IL,מרסס מנטרל ריחות,מיליליטרים,500.00,"100 מ""ל",false,1,19.90,3.98,true,1,
7290019014843,false,תרסיס לניקוי חלונות400מל,סאסא טק,IL,תרסיס לחלונות,מיליליטרים,400.00,"100 מ""ל",false,1,19.90,4.98,true,1,
7290019014867,false,"תרסיס מסיר דיו+דבק400מ""ל",סאסא טק,IL,תרסיס מסיר דיו,מיליליטרים,400.00,"100 מ""ל",false,1,26.90,6.73,true,1,
7290019014874,false,נוזל רצפות אוריאנטל1.35ל,סאסא טק,IL,נוזל רצפות,ליטרים,1.35,ליטר,false,1,24.90,18.44,true,1,
7290019014881,false,נוזל רצפות בלו טאצ1.35ל,"סאסאטק אגש""\ח בע""\מ",IL,נוזל לרצפות בלו,ליטרים,1.35,ליטר,false,1,24.90,18.44,true,1,
7290019014973,false,מבשם בדים בייבי לאב500מ,סאסא טק,IL,מבשם בדים בייבי,מיליליטרים,500.00,"100 מ""ל",false,1,19.90,3.98,true,1,
7290019019404,false,"בלק פפר אנד אדפ 100 מ""ל",,IL,בלק פפר אנד אדפ,מיליליטרים,100.00,"100 מ""ל",false,1,199.00,199.00,true,1,
7290019047148,false,ערכת קעקועי נצנצים ילדות,,IL,ערכת קעקועים,יחידה,1.00,יחידה,false,1,59.90,59.90,true,1,
7290019074090,false,"ד""ר פישר - קמיל בלו אקסטרה סופט אל סבון לתינוק 500 מ""ל",פישר מעבדות פרמצבטיות בע,IL,קמיל בלו אל סבון,מיליליטרים,500.00,"100 מ""ל",false,1,24.90,4.98,true,1,
7290019075899,false,קמיל בלו אקסטרה סופט אל סבון לתינוק 1 ליטר,פישר מעבדות פרמצבטיות בע,IL,א.סבון קמיל בלו,ליטרים,1.00,ליטר,false,1,32.90,32.90,true,1,
7290019274063,false,ג'ל כביסה בייבי 1.35 ל',סאסא טק,IL,ג'ל כביסה בייבי,ליטרים,1.35,ליטר,false,1,33.90,25.11,true,1,
7290019274087,false,"ארוסול קצף לאסלות 400מ""ל",סאסא טק,IL,ארוסול קצף ניקוי,מיליליטרים,400.00,"100 מ""ל",false,1,19.90,4.98,true,1,
7290019274261,false,"מבשם בדים לגון 500 מ""ל","סאסאטק אגש""\ח בע""\מ",IL,מבשם בדים לגון,מיליליטרים,500.00,"100 מ""ל",false,1,19.90,3.98,true,1,
7290019274278,false,מבשם בדים גרין פורסט500מ,"סאסאטק אגש""\ח בע""\מ",IL,מבשפ בדים פורסט,מיליליטרים,500.00,"100 מ""ל",false,1,19.90,3.98,true,1,
7290100240137,false,"תרסיס ריחני למייבש כחול בדין 500 מ""ל","זוהר דליה, קיבוץ דליה, 1",IL,תרסיס למייבש,מיליליטרים,500.00,"100 מ""ל",false,0,19.90,3.98,true,1,
7290100243671,false,"מרכך כביסה מרוכז אקסטרה כחול בדין 960 מ""ל",יוניליוור סנאיי וי טיקאר,TR,מרכך כביסה בדין,מיליליטרים,960.00,"100 מ""ל",false,0,18.90,1.97,true,1,
7290100270516,false,עפרון גבות היי פרסיז'ן02,גייד,IT,עפרון גבות היי פ,יחידה,1.00,יחידה,false,0,39.00,39.00,true,1,
7290100412756,false,"קרם ידיים לעור יבש פרחי בר ד""ר עור 100 מ""ל","אמיליה קוסמטיקס בע""מ",IL,קרם ידיים,מיליליטרים,100.00,"100 מ""ל",false,1,10.90,10.90,true,1,
7290100412787,false,"ד""ר עור - תחליב רחצה קלאסי בניחוח פריחת הכותנה 700 מ""ל","אמיליה קוסמטיקס בע""מ",IL,תחליב רחצה,מיליליטרים,700.00,"100 מ""ל",false,1,14.90,2.13,true,1,
7290100412800,false,"תחליב רחצה לעור יבש וילד פלאור דר עור 700 מ""ל","אמיליה קוסמטיקס בע""מ",IL,תחליב רחצה,מיליליטרים,700.00,"100 מ""ל",false,1,14.90,2.13,true,1,
7290100412817,false,דר עור קרם רגליים לעור יבש פרחי בר 100 מ,"אמיליה קוסמטיקס בע""מ",IL,קרם רגליים,מיליליטרים,100.00,"100 מ""ל",false,1,10.90,10.90,true,1,
7290100412831,false,תחליב רחצה אנטי אייג'ינג בניחוח וניל טרופי,"אמיליה קוסמטיקס בע""מ",IL,תחליב רחצה,מיליליטרים,700.00,"100 מ""ל",false,1,14.90,2.13,true,1,
7290100653463,false,"פלמוליב - ארומה ג'ל רחצה מסאז' 500 מ""ל",קולגייט-פלמוליב,TR,סבון פלמוליב,מיליליטרים,500.00,"100 מ""ל",false,0,17.90,3.58,true,1,
7290100653586,false,"דאודורנט ג'ל פרש פיוזן 24/7 ליידי ספיד סטיק 65 מ""ל",ליידי ספיד סטיק Lady Speed Stick,US,ליידי ס.סטיק24/7,גרמים,65.00,100 גרם,false,0,17.90,27.54,true,1,
7290100687109,false,במבה במילוי קרם נוגט 60ג' אסם,"אסם השקעות בע""\מ",IL,במבה נוגט,גרמים,60.00,100 גרם,false,0,5.90,9.83,true,1,
7290100922569,false,קרם לטיפוח עוד הידיים והגוף- מארז שלישייה,טרופיקל דגיל,IL,קרם ידיים ולווטה,מיליליטרים,300.00,"100 מ""ל",false,0,15.90,5.30,true,1,
7290100924464,false,כדוריות סבון נתלה לאסלה עם אקונומיקה - 3 יח',הנקל סוד,HU,סבון אסלה 3 יח,גרמים,150.00,100 גרם,false,1,14.90,9.93,true,1,
7290100924631,false,מרכך כביסה מרוכז לבגדי תינוקות ובעלי עור רגיש,"הנקל סוד בע""\מ",IL,סוד מרכךבייבי,מיליליטרים,900.00,"100 מ""ל",false,1,12.90,1.43,true,1,
7290100925669,false,קולור קאצ'ר - דפים למכונת כביסה 10 יח',"הנקל סוד בע""\מ",IE,דפי קולור קאצ'ר,יחידה,1.00,יחידה,false,1,13.90,13.90,true,1,
7290101273035,false,לק קריסטל 341 יח',גייד,FR,לק קריסטל 341,יחידה,1.00,יחידה,false,0,29.00,29.00,true,1,
7290101278641,false,OIL MUSK ICON אשה30מל,גייד בישום,IL,PERFUME M-O ICON,מיליליטרים,30.00,"100 מ""ל",false,0,119.00,396.66,true,1,
7290101488286,false,"ליידי ספיד סטיק - דאודורנט ספריי לאישה 24/7 פרש פיוזן ורוד 150 מ""ל",ליידי ספיד סטיק Lady Speed Stick,RU,ליידי ספיד סטיק,מיליליטרים,150.00,"100 מ""ל",false,0,14.90,9.93,true,1,
7290101864127,false,"ספריי להסרת כתמים 750 מ""ל וניש קליה",קליה וניש Kalia Vanish,IL,קליה ספריי,מיליליטרים,750.00,"100 מ""ל",false,0,14.90,1.99,true,1,
7290101865261,false,"פיניש נוזל הברקה למדיח 800 מ""ל",רקיט בנקיזר,PL,פיניש נוזל הברקה,מיליליטרים,800.00,"100 מ""ל",false,0,14.90,1.86,true,1,
7290101866633,false,וניש קליה גל להסרת כתמים 3 ליטר אוקסיפרש,קליה וניש Kalia Vanish,IL,מסיר כתמים וניש,ליטרים,3.00,ליטר,false,0,29.90,9.97,true,1,
7290101869795,false,"מטהר אוויר אירוויק ספריי מילוי חלום ליל קיץ 250 מ""ל",איירוויק Air Wick,GB,אירוויק מילוי,מיליליטרים,250.00,"100 מ""ל",false,1,12.90,5.16,true,1,
7290102060764,false,מרידול מברשת שיניים אריזת זוג,יבואן ומשווק: ש. שסט,CH,2 מברשות שיניים,יחידה,1.00,יחידה,false,0,38.90,38.90,true,1,
7290102060979,false,"אלמקס משחת שיניים למניעת עששת 100מ""ל",יבואן ומשווק: ש. שסט,PL,משחת שיניים,מיליליטרים,100.00,"100 מ""ל",false,0,17.90,17.90,true,1,
7290103124588,false,"סבון נוזלי ארומה בניחוח לבנדר פטצ'ולי פלמוליב 750 מ""ל",הנסיך- מפעל לייצור ט,TR,סבון פלמוליב,מיליליטרים,750.00,"100 מ""ל",false,0,16.90,2.26,true,1,
7290103124601,false,"תחליב רחצה נוזל חלב ודבש משאבה 750מ""ל פלמוליב",הנסיך- מפעל לייצור ט,TR,סבון פלמוליב,מיליליטרים,750.00,"100 מ""ל",false,0,16.90,2.26,true,1,
7290103129392,false,ליידי ספיד סטיק פרש אסנס פרח הפרזיה סטיק 65 גר,ליידי ספיד סטיק Lady Speed Stick,US,ליידי ספיד סטיק,גרמים,65.00,100 גרם,false,0,17.90,27.54,true,1,
7290103129408,false,ליידי ספיד סטיק - דאודורנט סטיק לאישה פרש אסנס פריחת הפרדס 65 גרם,ליידי ספיד סטיק Lady Speed Stick,US,ליידי ספיד סטיק,גרמים,65.00,100 גרם,false,0,17.90,27.54,true,1,
7290103330149,false,עפרון עיניים עמיד 300 יח,גייד,IT,עפרון עיניים 300,יחידה,1.00,יחידה,false,0,49.00,49.00,true,1,
7290103332273,false,LONGEVITY מייק אפ 502,גייד,IT,LONGEVITY מייקאפ,מיליליטרים,30.00,"100 מ""ל",false,0,135.00,450.00,true,1,
7290103334321,false,BLACK VANILLA ICON שמן,גייד בישום,IL,VANILLA ICON שמן,מיליליטרים,30.00,"100 מ""ל",false,0,119.00,396.66,true,1,
7290103337322,false,גייד גל ניקוי פנים לעור רגיל-יבש ורד 200,דניה,IL,ג'ל ניקוי רגיל-,מיליליטרים,200.00,"100 מ""ל",false,0,45.00,22.50,true,1,
7290103337353,false,גייד גל ניקוי פנים לעור מעורב-שמן ורד200,דניה,IL,GENTLE ג'ל מ-ש,מיליליטרים,200.00,"100 מ""ל",false,0,45.00,22.50,true,1,
7290103704957,false,מגבות נייר 3 שכבות ענק3ג,,IL,מגבות 3גלילי ענק,מטרים,57.00,מטר,false,1,19.90,0.35,true,1,
7290103704964,false,נייר טואלט 3 שכבות 9 גל,,IL,נייר טואלט 9 גל,מטרים,277.00,מטר,false,1,34.90,0.13,true,1,
7290104366949,false,אוליב ק.לחות לשיער שמן זית 500מ'ל,א.פ.חורי,IL,אוליב קרם לחות ל,מיליליטרים,500.00,"100 מ""ל",false,0,19.90,3.98,true,1,
7290104960031,false,שפתון קולור קוד B13,קרליין,IL,שפתון קולור קוד,יחידה,1.00,יחידה,false,0,59.90,59.90,true,1,
7290104960048,false,שפתון קולוק קוד B14,קרליין,IL,שפתון קולור קוד,יחידה,1.00,יחידה,false,0,59.90,59.90,true,1,
7290104960246,false,"נקה 7 - תחליב רחצה ורד ויסמין 750 מ""ל",טרופיקל דגיל תעשיות קוסמ,IL,תחליב רחצה נקה 7,מיליליטרים,750.00,"100 מ""ל",false,0,12.90,1.72,true,1,
7290104960253,false,"תחליב רחצה נקה 7 לבנדר סגול 750מ""ל",טרופיקל דגיל תעשיות קוסמ,IL,תחליב רחצה נקה 7,מיליליטרים,750.00,"100 מ""ל",false,0,12.90,1.72,true,1,
7290104960338,false,"נקה 7 תחליב רחצה ארומה אלוורה ותה ירוק 750מ""ל",טרופיקל דגיל תעשיות קוסמ,IL,תחליב רחצה נקה 7,מיליליטרים,750.00,"100 מ""ל",false,0,12.90,1.72,true,1,
7290104960987,false,טיטניום מטאל א.ד.ט 100מל,לוריאל,IL,טיטניום מטאל,מיליליטרים,100.00,"100 מ""ל",false,0,54.90,54.90,true,1,
7290104961007,false,קרליין - אליינר אינקליינר שחור,קרליין,DE,אייליינר שחור,יחידה,1.00,יחידה,false,0,54.90,54.90,true,1,
7290104961229,false,"מי פנים לניקוי, הסרה ורענון הפנים לעור רגיל או יבש",קרליין Careline,IL,מי פנים,מיליליטרים,260.00,"100 מ""ל",false,0,39.90,15.35,true,1,
7290104961540,false,דאודורנט ספריי גוף טיטניום מטאל Titanium Metal,אמיליה קוסמטיקס,IL,טיטניום ספריי,מיליליטרים,150.00,"100 מ""ל",false,0,16.90,11.27,true,1,
7290104961878,false,"שמפו לשיער קרטין אינטנס פורמולה 400 מ""ל נטורל",נטורל פורמולה Natural Formula,IL,שמפו קרטין,מיליליטרים,400.00,"100 מ""ל",false,0,29.90,7.48,true,1,
7290104961885,false,מרכך קרטין טהור לשיער שעבר החלקה או עיצוב בחום,נטורל פורמולה Natural Formula,IL,מרכך קרטין,מיליליטרים,400.00,"100 מ""ל",false,0,29.90,7.48,true,1,
7290104961908,false,נ.פורמולה קרטין אינטנס סרום לשיער 145 מל,נטורל פורמולה Natural Formula,IL,סרום קרטין,מיליליטרים,145.00,"100 מ""ל",false,0,49.90,34.41,true,1,
7290104961915,false,קרליין - מסקרה בולד שחור,קרליין,IT,BOLD מסקרה שחורה,יחידה,1.00,יחידה,false,1,69.90,69.90,true,1,
7290104961939,false,קרליין BB פרפקט קר קרם בהיר,קרליין,IL,PERFECT BB קרם,מיליליטרים,50.00,"100 מ""ל",false,0,89.90,179.80,true,1,
7290104962073,false,דאודורנט ספריי גוף טיטניום גולד Titanium Gold,"אמיליה קוסמטיקס בע""מ",IL,דאו.טיטניום,מיליליטרים,180.00,"100 מ""ל",false,0,16.90,9.39,true,1,
7290104962110,false,דאודורנט קרליין ספריי נושם לנערות ללא אלומיניום,מיוצר עי : אמיליה קוסמטי,IL,ספריי נושם,מיליליטרים,200.00,"100 מ""ל",false,0,13.90,6.95,true,1,
7290104962134,false,דאודורנט קרליין רול און נושם לנערות ללא אלומיניום,מיוצר עי : אמיליה קוסמטי,IL,רול און נושם,מיליליטרים,75.00,"100 מ""ל",false,0,13.90,18.53,true,1,
7290104962707,false,קרליין 25 מגבונים להסרת איפור דיספנסר,קרליין,IL,מגבונים לפנים,יחידה,1.00,יחידה,false,1,14.90,14.90,true,1,
7290104962844,false,"שמפו אמפולה לטיפול אינטנסיבי לשיער יבש, צבוע ופגום",נטורל פורמולה Natural Formula,IL,שמפו אמפולה,מיליליטרים,400.00,"100 מ""ל",false,1,29.90,7.48,true,1,
7290104962851,false,"מרכך אמפולה לטיפול אינטנסיבי לשיער יבש, צבוע ופגום",נטורל פורמולה Natural Formula,IL,מרכך אמפולה,מיליליטרים,400.00,"100 מ""ל",false,1,29.90,7.48,true,1,
7290104962868,false,"מסכת אמפולה לטיפול אינטנסיבי לשיער יבש, צבוע ופגום",נטורל פורמולה Natural Formula,IL,מסכת אמפולה,מיליליטרים,350.00,"100 מ""ל",false,1,39.90,11.40,true,1,
7290104963056,false,קרליין - מסקרה בולד כחול כהה,קרליין,IT,מסקרה כחול,יחידה,1.00,יחידה,false,1,69.90,69.90,true,1,
7290104963063,false,קרליין - מסקרה בולד חום כהה,קרליין,IT,מסקרה חום,יחידה,1.00,יחידה,false,1,69.90,69.90,true,1,
7290104963162,false,"סופטקר - קרם גוף לתינוקות 500 מ""ל",קוסמופארם בע'\'\מ,IL,סופטקר קרם גוף,מיליליטרים,500.00,"100 מ""ל",false,1,23.90,4.78,true,1,
7290104963339,false,מסיר עור מבסיס ציפורן15מ,,IL,מסיר עור מבסיס ה,מיליליטרים,15.00,"100 מ""ל",false,1,29.90,199.33,true,1,
7290104963391,false,לק 400,קרל.איפור/טיפוח,IL,לק 400,יחידה,1.00,יחידה,false,0,14.90,14.90,true,1,
7290104963421,false,לק קולור 403,קרליין,IL,לק קולור,יחידה,1.00,יחידה,false,1,14.90,14.90,true,1,
7290104963469,false,קרליין - עפרון גבות ASH BROWN 02,קרל.איפור/טיפוח,CN,עפרון גבות משולש,יחידה,1.00,יחידה,false,0,29.90,29.90,true,1,
7290104963483,false,שפתון קולור מאט 28,קרליין,IL,שפתון,יחידה,1.00,יחידה,false,1,64.90,64.90,true,1,
7290104963537,false,"קרליין - פריימר מצמצם נקבוביות 30 מ""ל",פארפארם,IL,פריימר מצמצם,מיליליטרים,30.00,"100 מ""ל",false,1,103.90,346.33,true,1,
7290104963650,false,נקה 7 שמפו אל דמע סופטקר 1 ליטר,קוסמופארם בע'\'\מ,IL,סופטקר שמפו,ליטרים,1.00,ליטר,false,1,18.90,18.90,true,1,
7290104963940,false,מגבוני פחם שחורים להסרת איפור פנים ועיניים,קרליין Careline,IL,מגבונים מסיר איפ,יחידה,1.00,יחידה,false,1,14.90,14.90,true,1,
7290104963964,false,קרליין יאנג תרחיץ פנים גל לניקוי פנים,General,IL,תרחיץ פנים YOUNG,מיליליטרים,300.00,"100 מ""ל",false,1,34.90,11.63,true,1,
7290104964084,false,"קרליין - מולטי אפקט קרם יום 50 מ""ל 25SPF",זוהר קוסמטיקה,IL,EFFECT MULTI קרם,מיליליטרים,50.00,"100 מ""ל",false,1,44.90,89.80,true,1,
7290104964220,false,קרליין קליר סקין גל מרענן לניקוי הפנים,אמיליה קוסמטיקס,IL,ג'ל לניקוי פנים,מיליליטרים,300.00,"100 מ""ל",false,1,34.90,11.63,true,1,
7290104964459,false,קרליין - קונסילר כיסוי גבוה 04,,IL,קורקטורל לכיסוי,יחידה,1.00,יחידה,false,1,54.90,54.90,true,1,
7290104964466,false,קרליין - מסקרה בולד מעגלת שחור,,IL,BOLD מסקרה מעגלת,יחידה,1.00,יחידה,false,1,69.90,69.90,true,1,
7290104964473,false,קרליין - מסקרה בולד סטיי לונג שחור,,IL,BOLD מסקרה שחורה,יחידה,1.00,יחידה,false,1,69.90,69.90,true,1,
7290104964558,false,"טיטניום - לג'נט בושם לגבר א.ד.ט 100 מ""ל",,IL,טיטניום LEGEND א,מיליליטרים,100.00,"100 מ""ל",false,1,99.00,99.00,true,1,
7290104964565,false,קרליין מסכה מתקלפת לניקוי לכל סוגי העור,פאר פארם בעמ,IL,מסכה מתקלפת שחור,מיליליטרים,150.00,"100 מ""ל",false,1,49.90,33.27,true,1,
7290104964763,false,"קרליין - ספלאש קרם לחות ליום 50 מ""ל 20SPF",קרליין Careline,IL,ספלאש קרם לחות,מיליליטרים,50.00,"100 מ""ל",false,1,79.90,159.80,true,1,
7290104964770,false,"קרליין - ספלאש קרם לילה 50 מ""ל",קרליין Careline,IL,ספלאש קרם לילה,מיליליטרים,50.00,"100 מ""ל",false,1,79.90,159.80,true,1,
7290104964787,false,"קרליין - ספלאש קרם עיניים 30 מ""ל",אגיס,IL,ספלאש קרם עיניים,מיליליטרים,30.00,"100 מ""ל",false,1,79.90,266.33,true,1,
7290104964916,false,קרליין - מגבונים להסרת איפור דו פאזי 25 יח',קוסמופארם,IL,מגבוני דו פזי פח,יחידה,1.00,יחידה,false,1,14.90,14.90,true,1,
7290104964923,false,קרליין - שפתון מנפח שפתיים,,IL,אינטנס ליפ פלומר,מיליליטרים,8.00,"100 מ""ל",false,1,49.90,623.75,true,1,
7290104964930,false,קרליין - פיגמנט ללחיים ולשפתיים,,IL,ליפ טיינט שפתון,מיליליטרים,10.00,"100 מ""ל",false,1,39.90,399.00,true,1,
7290104964947,false,"קרלין - תרחיץ ניקוי פנים ויטמין סי 300 מ""ל","קוסמופארם בע""\מ",IL,ויטמין Cתרחיץ פנ,מיליליטרים,300.00,"100 מ""ל",false,1,34.90,11.63,true,1,
7290104964985,false,"ECLIPS - בושם לגבר 100 מ""ל",,IL,ECLIPSE אדפ,מיליליטרים,100.00,"100 מ""ל",false,1,99.00,99.00,true,1,
7290104965111,false,"קרליין - פרו קולגן ממצק קרם יום 50 מ""ל",General,IL,רטינול קרם יום מ,מיליליטרים,50.00,"100 מ""ל",false,1,69.90,139.80,true,1,
7290104965654,false,קרליין נושם דאו סטיק סוויט קיס לנערות 50,מיוצר עי : אמיליה קוסמטי,IL,דאורדורנט סטיק,מיליליטרים,50.00,"100 מ""ל",false,1,18.90,37.80,true,1,
7290104965661,false,קרליין דאו ספרי נושם סוויט קיס לנערות150,"אמיליה קוסמטיקס בע""מ",IL,דאודורנט ספריי,מיליליטרים,150.00,"100 מ""ל",false,1,13.90,9.27,true,1,
7290104969850,false,"קרליין - פרו קולגן בוסטר 30 מ""ל",אגיס,IL,BOOSTER קולגן,מיליליטרים,30.00,"100 מ""ל",false,1,69.90,233.00,true,1,
7290104969911,false,"קרליין - סי פאוור קרם עיניים 30 מ""ל",פאר פארם בעמ,IL,פאוור סי קרם עינ,מיליליטרים,30.00,"100 מ""ל",false,1,49.90,166.34,true,1,
7290104969928,false,"קרליין - סי פאוור קרם לילה 50 מ""ל",פאר פארם בעמ,IL,פאוור סי קרם ליל,מיליליטרים,50.00,"100 מ""ל",false,1,49.90,99.80,true,1,
7290104969935,false,"קרליין - סי פאוור קרם יום 50 מ""ל",פאר פארם בעמ,IL,פאוור סי קרם יום,מיליליטרים,50.00,"100 מ""ל",false,1,49.90,99.80,true,1,
7290104969959,false,"קרליין - פאוור סי מסיכה ויטמין סי 120 מ""ל",אגיס,IL,פאוור סי מסיכה ל,מיליליטרים,120.00,"100 מ""ל",false,1,49.90,41.59,true,1,
7290105360250,false,קפסולות 09 עשיר וארומטי למכונת נספרסו עלית 10יח',הנסיך- מפעל לייצור ט,IL,קפסולות קפה,גרמים,50.00,100 גרם,false,0,19.90,39.80,true,1,
7290105360328,false,קפסולות אספרסו חזק למכונות נספרסו 10 יח',הנסיך- מפעל לייצור ט,IL,קפסולות מס' 10,גרמים,50.00,100 גרם,false,0,19.90,39.80,true,1,
7290105360335,false,קפסולות אספרסו למכונות נספרסו 50 גר,הנסיך- מפעל לייצור ט,IL,קפסולות מס' 7,גרמים,50.00,100 גרם,false,0,19.90,39.80,true,1,
7290105430441,false,פלמוליב ס.נוזלי סחלב שחור 750 מל משאבה,הנסיך- מפעל לייצור ט,TR,סבון פלמוליב,מיליליטרים,750.00,"100 מ""ל",false,0,16.90,2.26,true,1,
7290105430458,false,"פלמוליב - תחליב רחצה נטורלס שקדים 750 מ""ל",הנסיך- מפעל לייצור ט,TR,סבון פלמוליב,מיליליטרים,750.00,"100 מ""ל",false,0,16.90,2.26,true,1,
7290105434029,false,"ספיד סטיק - דאודורנט ספריי לגבר נוטרו פאואר 150 מ""ל",הנסיך- מפעל לייצור ט,RU,דאו. ספיד סטיק,מיליליטרים,150.00,"100 מ""ל",false,0,14.90,9.93,true,1,
7290105434050,false,ספיד סטיק - דאודורנט סטיק לגבר XL ירוק רגיולר 85 גרם,קולגייט פלמוליב,US,דאו. ספיד סטיק,יחידה,1.00,יחידה,false,0,17.90,17.90,true,1,
7290105691248,false,אסם חטיפי פריכונים טורטייה תירס 60 גרם,"פרח תעשיות מזון בע""מ.",IL,קריספי טורטיה,גרמים,60.00,100 גרם,false,0,10.90,18.17,true,1,
7290105968777,false,פריכיות 5 דגנים עם תחתית שוקולד מריר 70 גרם,"טחנת האבן תעשיות בע""",IL,פריכיות + שוקולד,גרמים,70.00,100 גרם,false,0,8.90,12.71,true,1,
7290106290778,false,עפרון שפתיים עמיד91 יח',גייד,IT,עפרון שפתיים 91,יחידה,1.00,יחידה,false,0,49.00,49.00,true,1,
7290106292086,false,סומק ללא מראה איידיליק26,גייד,IL,סומק ללא מראה 26,יחידה,1.00,יחידה,false,0,75.00,75.00,true,1,
7290106292406,false,אדמה אינדיאנית אידיליק62,גייד,IT,אדמה אינדיאנית א,יחידה,1.00,יחידה,false,0,99.00,99.00,true,1,
7290106292420,false,אדמה אינדיאנית אידיליק66,גייד,IT,אדמה אינדיאנית א,יחידה,1.00,יחידה,false,0,99.00,99.00,true,1,
7290106292567,false,VANILLA ICON מי גוף לאשה,גייד,IL,ICON מי גוף לאשה,מיליליטרים,200.00,"100 מ""ל",false,0,59.00,29.50,true,1,
7290106292895,false,PERFECTION קרם בסיס,גייד,IT,PERFECTION קרם,מיליליטרים,30.00,"100 מ""ל",false,0,119.00,396.67,true,1,
7290106292994,false,לק 495,גייד,FR,לק 495,יחידה,1.00,יחידה,false,0,29.00,29.00,true,1,
7290106293175,false,COAT TOP לק ג'ל,גייד,FR,COAT TOP לק ג'ל,מיליליטרים,13.00,"100 מ""ל",false,0,29.00,223.08,true,1,
7290106293304,false,לק 497,גייד,FR,לק 497,יחידה,1.00,יחידה,false,0,29.00,29.00,true,1,
7290106293762,false,עפרון גבות+מברשת 20,גייד,IT,עפרון גבות+מברשת,יחידה,1.00,יחידה,false,0,59.00,59.00,true,1,
7290106294509,false,גייד מי פנים לניקוי וטיהור העור 200 מל,דניה,IL,PURIFYING לפנים,מיליליטרים,200.00,"100 מ""ל",false,0,45.00,22.50,true,1,
7290106295421,false,שפתון טרו קולור85 יח',גייד,IT,שפתון טרו קולור8,יחידה,1.00,יחידה,false,0,69.00,69.00,true,1,
7290106295445,false,שפתון טרו קולור142 יח',גייד,IT,שפתון טרו קולור1,יחידה,1.00,יחידה,false,0,69.00,69.00,true,1,
7290106295728,false,איילנר שחור מאט יח',גייד,DE,איילנר שחור מאט,יחידה,1.00,יחידה,false,0,69.00,69.00,true,1,
7290106296503,false,INSTINCT ICON א.ד.ט לאשה,גייד בישום,IL,INSTINCT ICONאשה,מיליליטרים,100.00,"100 מ""ל",false,0,149.00,149.00,true,1,
7290106297531,false,BLACK VANILLA ICON לאשה,גייד בישום,IL,VANILLA ICON אשה,מיליליטרים,100.00,"100 מ""ל",false,0,199.00,199.00,true,1,
7290106298187,false,שפתון איידליק מאט 725 יח,גייד,IT,שפתון איידליק מא,יחידה,1.00,יחידה,false,0,75.00,75.00,true,1,
7290106298255,false,שפתון איידליק מאט 732 יח,גייד,IT,שפתון איידליק מא,יחידה,1.00,יחידה,false,0,75.00,75.00,true,1,
7290106298453,false,לק קריסטל 539 יח',גייד,FR,לק קריסטל 539,יחידה,1.00,יחידה,false,0,29.00,29.00,true,1,
7290106298590,false,קונסילר סטיק לתיקון20 יח,גייד,IT,קונסילר סטיק לתי,יחידה,1.00,יחידה,false,0,79.00,79.00,true,1,
7290106299979,false,שפתון איידליק מאט 733 יח,גייד,IT,שפתון איידליק מא,יחידה,1.00,יחידה,false,0,75.00,75.00,true,1,
7290106526822,false,פריכיות אורז חום מלא תחתית שוקולד חלב 80 גרם,"טחנת האבן תעשיות בע""",IL,פריכיות,גרמים,80.00,100 גרם,false,0,8.90,11.13,true,1,
7290106572027,false,אוסם - לחמית חמישה דגנים 190 גרם,"אסם השקעות בע""\מ",IL,לחמית 5 דגנים,גרמים,190.00,100 גרם,false,0,11.90,6.26,true,1,
7290106720626,false,צ'יטוס קראנצ' בטעם גבינה - חלבי,"שטראוס פריטו ליי בע""\מ )",IL,ציטוס גבינה,גרמים,80.00,100 גרם,false,1,4.90,6.13,true,1,
7290106721913,false,מסטיק מאסט MUST ללא סוכר בטעם מנטה מרעננת,"שטראוס גרופ בע""מ",IL,מסטיק מרעננת,גרמים,66.00,100 גרם,false,1,11.90,18.03,true,1,
7290106721920,false,צנצנת מסטיק מאסט בטעם ספירמינט עדין 66 ג' עלית,"שטראוס גרופ בע""\מ.",IL,מסטיק ספירמינט,גרמים,66.00,100 גרם,false,1,11.90,18.03,true,1,
7290107280020,false,שלישיית מטליות לחות לניקוי כללי סנו סושי 50 יחידות,טרופיקל דגיל- תעשיות,IL,מטליות לחות מארז,יחידה,1.00,יחידה,false,0,26.90,26.90,true,1,
7290107280037,false,מטלית לחות עבות לניקוי סנו סושי מארז 50יח',דינאמיק תעשיות,IL,מגבונים לניקוי,יחידה,1.00,יחידה,false,0,10.90,10.90,true,1,
7290107280099,false,שלישיית מגובנים נשטפים באסלה סופט סוד 48 יחידות,טרופיקל דגיל- תעשיות,IL,מגבוני נייר לחים,יחידה,1.00,יחידה,false,0,17.90,17.90,true,1,
7290107280761,false,נוזל לניקוי כלים בניחוח לימון רענן סנו ספארק Spark,מיוצר עי קונדיטוריית,IL,נוזל כלים לימון,ליטרים,1.00,ליטר,false,0,12.90,12.90,true,1,
7290107544481,false,אורנה 19קרם להסרת שיער קלאסי 80 מל,אלפא קוסמטיקה,IL,קרם להסרת שיער,גרמים,80.00,100 גרם,false,1,24.90,31.13,true,1,
7290107937627,false,מסטיק מאסט Must קוביות ללא סוכר בטעם מנטה עדינה,אסקום קונפקשיין,DE,קוביות מסטיק,גרמים,58.00,100 גרם,false,1,11.90,20.52,true,1,
7290107937634,false,צנצנית מסטיק מאסט קוביות פפירמינט 58 ג' עלית,אסקום קונפקשיין,DE,קוביות מסטיק,גרמים,58.00,100 גרם,false,1,11.90,20.52,true,1,
7290107937641,false,צנצנת מסטיק בזוקה קוביות ללא סוכר,אסקום קונפקשיין,DE,קוביות מסטיק,גרמים,58.00,100 גרם,false,1,11.90,20.52,true,1,
7290107951104,false,בפלות ופלים ארוכים בטעם שוקולד,"שטראוס גרופ בע""\מ",IL,בפלות טעם שוקולד,גרמים,200.00,100 גרם,false,1,5.50,2.75,true,1,
7290107951111,false,בפלות ופלים ארוכים בטעם לימון,"א.ג. גילרו בע""\מ",IL,בפלות בטעם לימון,גרמים,200.00,100 גרם,false,1,5.50,2.75,true,1,
7290107951715,false,צנצנת מסטיק מאסט קוביות בטעם ענבים 58 ג' עלית,אסקום קונפקשיין,IL,מסטיק קוביות,גרמים,58.00,100 גרם,false,1,11.90,20.52,true,1,
7290107973014,false,"סבון ידיים משאבה פלמוליב חלב ודבש 300 מ""ל",הנסיך- מפעל לייצור ט,TR,סבון ידיים,מיליליטרים,300.00,"100 מ""ל",false,1,9.90,3.30,true,1,
7290107973038,false,"סבון ידיים משאבה פלמוליב אקווריום 300 מ""ל",הנסיך- מפעל לייצור ט,IT,סבון פלמוליב,מיליליטרים,300.00,"100 מ""ל",false,1,9.90,3.30,true,1,
7290107974301,false,ליידי ספיד סטיק - דאודורנט ג'ל לאישה אלוורה 45 גרם,ליידי ספיד סטיק Lady Speed Stick,US,ליידי ספיד סטיק,גרמים,45.00,100 גרם,false,1,17.90,39.78,true,1,
7290107975544,false,"קולגייט משחת שיניים סמיילס ברבי לגילאי 6 50מ""ל",קולגייט- פלמוליב,PL,משחת שיניים,מיליליטרים,50.00,"100 מ""ל",false,1,14.90,29.80,true,1,
7290107978101,false,מש.שיניים קולגייט א.וויט אקסטרה פאוור 75,קולגייט-פלמוליב,PL,משחת אופטיק וייט,מיליליטרים,75.00,"100 מ""ל",false,1,19.90,26.54,true,1,
7290107978637,false,"מרידול משחת שיניים 75 מ""ל כשל""פ-מרכז",קולגייט פלמוליב,PL,משחת מרידול,מיליליטרים,75.00,"100 מ""ל",false,1,19.90,26.53,true,1,
7290108351156,false,ג'ל ניקוי כללי בתוספת חומץ בריח לבנדר סנו ג'ט 1.5 ליטר,"סנו מפעלי ברונוס בע""\מ",IL,סנו ג'ט פלוס,ליטרים,1.50,ליטר,false,1,13.90,9.27,true,1,
7290108351552,false,"סנו - ג'ט לניקוי כללי בתוספת חומץ בניחוח לבנדר 750 מ""ל","סנו מפעלי ברונוס בע""\מ",IL,סנו ג'ט עם חומץ,מיליליטרים,750.00,"100 מ""ל",false,1,15.90,2.12,true,1,
7290108351811,false,מרכך כביסה סופר מרוכז Floral touch סנו מקסימה 1 ליטר,מיוצר עי קונדיטוריית,IL,מרכך מקסימה,ליטרים,1.00,ליטר,false,1,17.90,17.90,true,1,
7290108352078,false,"שטיפת פה protective salt אורביטול 500 מ""ל",טרופיקל דגיל תעשיות,IL,אורביטול שטיפה,מיליליטרים,500.00,"100 מ""ל",false,1,19.90,3.98,true,1,
7290108352085,false,"מי פה אורביטול רעננות חריפה 500 מ""ל",טרופיקל דגיל תעשיות,IL,אורביטול שטיפה,מיליליטרים,500.00,"100 מ""ל",false,1,16.90,3.38,true,1,
7290108352092,false,משחת שיניים אורביטול פרוטקטיב סולט בטעם מנטה,טרופיקל דגיל תעשיות קוסמ,IL,משחת אורביטול,גרמים,145.00,100 גרם,false,1,12.90,8.89,true,1,
7290108352450,false,ריצפז פרש הום בניחוח מרכך כביסה בלו בלוסום,סנו מפעלי ברונוס בעמ,IL,ריצפז פרש הום,ליטרים,2.00,ליטר,false,1,24.90,12.45,true,1,
7290108352535,false,סנו - מקסימה דפי בישום לחים למייבש הכביסה בניחוח מרכך כביסה,טרופיגל דגיל תעשיות קוסמ,IL,דפי בישום למייבש,יחידה,1.00,יחידה,false,1,12.90,12.90,true,1,
7290108352641,false,סנו סושי מטלית הפלא לניקוי כללי במארז שלישייה,סנו מפעלי ברונוס.,IL,מטליות הפלא 3 יח,יחידה,1.00,יחידה,false,1,13.90,13.90,true,1,
7290108352672,false,צמד מטליות הפלא לרצפה מיקרפייבר סנו סושי,סנו מפעלי ברונוס.,CN,מטליות לרצפה 2יח,יחידה,1.00,יחידה,false,1,18.90,18.90,true,1,
7290108352825,false,ספוג הפלא נירוסטה סנו סושי 3יח',ltdn s.k.a.tסנו מפעלי בר,CN,ספוג הפלא נירוסט,יחידה,1.00,יחידה,false,1,11.90,11.90,true,1,
7290108353099,false,ממחטות אף במארז ניילון סנו סופט 5 יח' * 100 דף,טרופיקל דגיל תעשיות,IL,ממחטות סופט מארז,יחידה,1.00,יחידה,false,1,13.70,13.70,true,1,
7290108353440,false,אורביטול מברשות שיניים נאנו לחניכיים 2יח,החברה הדרומית,CN,מברשות שיניים2יח,יחידה,1.00,יחידה,false,1,29.90,29.90,true,1,
7290108353716,false,"קרמה - תחליב רחצה חימר פיטאיה 500 מ""ל","קוסמופארם בע""\מn\",IL,תחליב רחצה חימר,מיליליטרים,500.00,"100 מ""ל",false,1,14.90,2.98,true,1,
7290108353754,false,"קרם גוף קרמה אשכולית ולמון גראס 500 מ""ל",קוסמופארם בע'\'\מ,IL,קרם גוף ואשכולית,מיליליטרים,500.00,"100 מ""ל",false,1,19.90,3.98,true,1,
7290108353761,false,"תחליב רחצה זן, בניחוח קשמיר 600 מ""ל קרימה","קוסמופארם בע""\מ",IL,קרמה תחליב רחצה,מיליליטרים,600.00,"100 מ""ל",false,1,19.90,3.32,true,1,
7290108353792,false,"נקה 7 - תחליב רחצה יפן בניחוח פריחת הדובדבן 750 מ""ל","אמיליה קוסמטיקס בע""מ",IL,תחליב רחצה בניחו,מיליליטרים,750.00,"100 מ""ל",false,1,12.90,1.72,true,1,
7290108353907,false,"קרמה - דאודורנט רול און לאישה קרמה קלאסי 75 מ""ל","קוסמופארם בע""\מ",IL,דאודורנט קרמה,מיליליטרים,75.00,"100 מ""ל",false,1,13.90,18.53,true,1,
7290108353983,false,"קרמה - קרם גוף קרמה קלאסי 500 מ""ל",טרופיקל דגיל תעשיות,IL,קרם גוף קלאסי,מיליליטרים,500.00,"100 מ""ל",false,1,19.90,3.98,true,1,
7290108353990,false,"קרמה - קרם גוף קרמה מאסק 500 מ""ל",טרופיקל דגיל תעשיות,IL,קרם גוף מאסק,מיליליטרים,500.00,"100 מ""ל",false,1,19.90,3.98,true,1,
7290108354140,false,קרליין - נושם מגבוני דיאורדורנט פיור ורוד,החברה הדרומית,IL,מגבוני דאודורנט,יחידה,1.00,יחידה,false,1,9.90,9.90,true,1,
7290108354355,false,סנו מגבוני היגיינים לניקוי הידיים 70 % אלכוהול 20 יח',דן - מור חומרי טבע וכימי,IL,סנו מדיק מגבונים,יחידה,1.00,יחידה,false,1,10.90,10.90,true,1,
7290108354768,false,"קרמה קרם גוף דבש 500 מ""ל",מיוצר בסין.יבוא ושיו,IL,קרם גוף קרמה דבש,מיליליטרים,500.00,"100 מ""ל",false,1,19.90,3.98,true,1,
7290108354829,false,"קרם ידיים קרמה ורד וניל 100 מ""ל מ""ל",קוסמופארם,IL,קרמה קרם ידיים,מיליליטרים,100.00,"100 מ""ל",false,1,7.90,7.90,true,1,
7290108354836,false,קרם ידיים מרוכז לידיים יבשות מאוד בבישום עדין,קוסמופארם,IL,קרם ידיים מרוכז,מיליליטרים,50.00,"100 מ""ל",false,1,12.90,25.80,true,1,
7290108355031,false,"נקה 7 אל סבון לילדים מיניונים 750 מ""ל",קוסמופארם בע'\'\מ,IL,אל סבון נקה7,מיליליטרים,750.00,"100 מ""ל",false,1,13.90,1.85,true,1,
7290108355055,false,לחו.לשיער מקצועי גלייז נטורל פורמולה 400,נטורל פורמולה Natural Formula,IL,לחות נט.פורמולה,מיליליטרים,400.00,"100 מ""ל",false,1,29.90,7.48,true,1,
7290108355062,false,לחו.לשיער מקצועי קרטין נטורל פורמולה 400,אמיליה קוסמטיקס,IL,לחות נט.פורמולה,מיליליטרים,400.00,"100 מ""ל",false,1,29.90,7.48,true,1,
7290108355178,false,"קרמה - קרם ידיים חמאת שיאה וקוקוי 100 מ""ל",החברה הדרומית,IL,קרמה קרם ידיים,מיליליטרים,100.00,"100 מ""ל",false,1,7.90,7.90,true,1,
7290108355260,false,"נקה 7-שמפו 3ב1 שמפו ג'ל רחצה וסבון פנים לגבר 750 מ""ל","אמיליה קוסמטיקס בע""מ",IL,נקה7 שמפו/לרחצה,מיליליטרים,750.00,"100 מ""ל",false,1,14.90,1.99,true,1,
7290108355697,false,"קרליין - בודי מיסט פיור לוב 250 מ""ל",החברה הדרומית,IL,קרליין בודי מיסט,מיליליטרים,250.00,"100 מ""ל",false,1,39.90,15.96,true,1,
7290108355727,false,"קרליין קרם גוף מבושם PURE LOVE שפופרת 250 מ""ל",החברה הדרומית,IL,קרם גוף מבושם,מיליליטרים,250.00,"100 מ""ל",false,1,24.90,9.96,true,1,
7290108355949,false,"תחליב רחצה קרמה נרולי ומנגוליה 700 מ""ל",קוסמופארם בעמ,IL,תחליב רחצה קרמה,מיליליטרים,700.00,"100 מ""ל",false,1,17.90,2.56,true,1,
7290108356021,false,כיף תחליב רחצה בניחוח גלידת קרם עוגיות,גוד פוד פרודקטס S.p,IL,כיף תחליב רחצה,מיליליטרים,700.00,"100 מ""ל",false,1,12.90,1.84,true,1,
7290108356113,false,"כיף תחליב רחצה דבש 700 מ""ל-מרכז",קוסמופארם בעמ,IL,כיף תחליב רחצה,מיליליטרים,700.00,"100 מ""ל",false,1,12.90,1.84,true,1,
7290108356175,false,כיף אל סבון אבטיח ומנטה 1 ליטר משאבה,טרופיקל דגיל תעשיות,IL,אל סבון כיף,ליטרים,1.00,ליטר,false,1,12.90,12.90,true,1,
7290108356274,false,"כיף - מוס רחצה בניחוח תותים ושמנת 150 מ""ל",החברה הדרומית,IL,כיף מוס רחצה,מיליליטרים,150.00,"100 מ""ל",false,1,11.90,7.93,true,1,
7290108356298,false,"כיף - מוס רחצה בניחוח קרם עוגיות 150 מ""ל",קוסטר אירוסול,IL,כיף מוס רחצה,מיליליטרים,150.00,"100 מ""ל",false,1,11.90,7.93,true,1,
7290108356359,false,"קרמה - מן קרם לחות לגוף לאחר גילוח 400 מ""ל",קוסמופארם בעמ,IL,קרם לחות,מיליליטרים,400.00,"100 מ""ל",false,1,24.90,6.23,true,1,
7290108356519,false,קרליין שמפו 10למניעת קשקשים 700מל,"קוסמופארם בע""\מ",IL,שמפו 10 קרליין,מיליליטרים,700.00,"100 מ""ל",false,1,14.90,2.13,true,1,
7290108356588,false,קרוליין 10 מרכך לשיער מתולתל 700 מל,"קוסמופארם בע""\מ",IL,מרכך 10 קרליין,מיליליטרים,700.00,"100 מ""ל",false,1,14.90,2.13,true,1,
7290108357059,false,"קרליין - נושם ביו דאודורנט רול און 75 מ""ל Secret Garden לאישה","קוסמופארם בע""\מ",IL,דאו.רול און ביו,מיליליטרים,75.00,"100 מ""ל",false,1,16.90,22.53,true,1,
7290108357073,false,"קרליין - נושם ביו דאודורנט ספריי 150 מ""ל Blossoms Citrus לאישה",קוסטר אירוסול,IL,דאו.ספריי ביו,מיליליטרים,150.00,"100 מ""ל",false,1,16.90,11.27,true,1,
7290108357080,false,"קרליין - נושם ביו דאודורנט ספריי 150 מ""ל Secret Garden לאישה",קוסטר אירוסול,IL,דאו.ספריי ביו,מיליליטרים,150.00,"100 מ""ל",false,1,16.90,11.27,true,1,
7290108357097,false,"קרליין - נושם ביו דאודורנט ספריי 150 מ""ל Velvet Rose לאישה",קוסטר אירוסול,IL,דאו.ספריי ביו,מיליליטרים,150.00,"100 מ""ל",false,1,16.90,11.27,true,1,
7290108357233,false,סנוקליר מטליות לחות לניקוי והברקה 50יח,"סנו מפעלי ברונוס בע""\מ",IL,קליר מטליות לחות,יחידה,1.00,יחידה,false,1,12.90,12.90,true,1,
7290108357400,false,"תחליב רחצה קרמה לבנדר ואקליפטוס 700 מ""ל",קוסמופארם בעמ,IL,תחליב רחצה קרמה,מיליליטרים,700.00,"100 מ""ל",false,1,17.90,2.56,true,1,
7290108357417,false,"קרמה - קרם גוף קרמה ורד ווניל 500 מ""ל",טרופיקל דגיל תעשיות,IL,קרם גוף ורד ווני,מיליליטרים,500.00,"100 מ""ל",false,1,19.90,3.98,true,1,
7290108357431,false,"קרם גוף קרמה בריזת ים 500 מ""ל",טרופיקל דגיל תעשיות,IL,קרם גוף בריזת ים,מיליליטרים,500.00,"100 מ""ל",false,1,19.90,3.98,true,1,
7290108357448,false,"קרמה - קרם גוף קרמה לבנדר ואקליפטוס 500 מ""ל",קוסמופארם בע'\'\מ,IL,קרם גוף לבנדר,מיליליטרים,500.00,"100 מ""ל",false,1,19.90,3.98,true,1,
7290108357578,false,"קרמה קרם ידיים וניל ופלפל ורוד 100 מ""ל","קוסמופארם בע""\מ.",IL,קרם ידיים קרמה,מיליליטרים,100.00,"100 מ""ל",false,1,7.90,7.90,true,1,
7290108357707,false,"כיף שמפו לשיער רגיל- תפוח זרעי צ'יה 700 מ""ל",גוד פוד פרודקטס S.p,IL,כיף שמפו,מיליליטרים,700.00,"100 מ""ל",false,1,11.90,1.70,true,1,
7290108357776,false,"כיף מרכך לשיער יבש -רימונים ושמן ארגן 700 מ""ל",גוד פוד פרודקטס S.p,IL,כיף מרכך שיער,מיליליטרים,700.00,"100 מ""ל",false,1,11.90,1.70,true,1,
7290108357837,false,כיף אל סבון 1 ליטר ג'נסינג שקית מילוי + פקק,"קוסמופארם בע""\מ",IL,כיף שקית מילוי,ליטרים,1.00,ליטר,false,1,11.90,11.90,true,1,
7290108358087,false,"תחליב רחצה קרמה מאסק 700 מ""ל",גוד פוד פרודקטס S.p,IL,תחליב רחצה קרמה,מיליליטרים,700.00,"100 מ""ל",false,1,17.90,2.56,true,1,
7290108358124,false,דפי בישום לחים למייבש הכביסה בניחוח מרכך כביסה 20 יח' מקסימה,טרופיגל דגיל תעשיות קוסמ,IL,דפי בישום למייבש,יחידה,1.00,יחידה,false,1,12.90,12.90,true,1,
7290108359077,false,סנו - סופט לושן ממחטות אף בקופסא 3 שכבות 120 יח',"סנו מפעלו ברונוס בע""\מ",EG,סופט לושן ממחטות,יחידה,1.00,יחידה,false,1,9.90,9.90,true,1,
7290108359824,false,"כיף - בייבי כיף קרם 500 מ""ל",קוסמופארם בעמ,IL,קרם גוף בייבי,מיליליטרים,500.00,"100 מ""ל",false,1,24.90,4.98,true,1,
7290108359985,false,סנו - ז'אוול מרסס קצף לניקוי וחינו בניחוח פריחה לבנה 1 ליטר,סנו ז'אוול Javel,IL,ג'אוול קצף ניקוי,ליטרים,1.00,ליטר,false,1,19.90,19.90,true,1,
7290110327798,false,חטיף חלבון GO - שוקולד 60 ג' חלב נוכרי - רבנות,"בלמונט קונפקציות בע""\מ.",US,חטיף חלבון,גרמים,60.00,100 גרם,false,1,13.90,23.17,true,1,
7290110327811,false,חטיף חלבון GO - קוקוס 60 ג' חלב נוכרי - רבנות,"בלמונט קונפקציות בע""\מ.",US,חטיף חלבון,גרמים,60.00,100 גרם,false,1,13.90,23.17,true,1,
7290110327828,false,חטיף חלבון GO - חמאת בוטנים 60 ג' חלב נוכרי - רבנות,"בלמונט קונפקציות בע""\מ.",US,חטיף חלבון,גרמים,60.00,100 גרם,false,1,13.90,23.17,true,1,
7290110450212,false,לק בסיס,גייד,FR,לק בסיס,יחידה,1.00,יחידה,false,0,29.00,29.00,true,1,
7290110450991,false,לק 587,גייד,FR,לק 587,יחידה,1.00,יחידה,false,0,29.00,29.00,true,1,
7290110452261,false,"אייקון פרש לייס 50 מ""ל",,IL,אייקון פרש לייס,מיליליטרים,50.00,"100 מ""ל",false,1,159.00,318.00,true,1,
7290110453442,false,"מייק אפ גימור מט 20 מ""ל",,IT,מייק אפ גימור מט,מיליליטרים,20.00,"100 מ""ל",false,1,119.00,595.00,true,1,
7290110453589,false,גייד אקווה גולט סרום גל לעיניים 15 מל,דניה,IL,אקווה ג'ולט סרום,מיליליטרים,15.00,"100 מ""ל",false,1,99.00,660.00,true,1,
7290110453626,false,אייקון רוזסתחליב גוף 200,,IL,אייקון רוזס,מיליליטרים,200.00,"100 מ""ל",false,1,69.00,34.50,true,1,
7290110454869,false,אפקטיק מסקרה יח',,DE,אפקטיק מסקרה,יחידה,1.00,יחידה,false,1,89.00,89.00,true,1,
7290110455071,false,גייד סיבי2 בוטניק קרם לחות מרגיע עם שמן,דניה,IL,בוטניק קרם לחות,מיליליטרים,50.00,"100 מ""ל",false,1,159.00,318.00,true,1,
7290110455170,false,קריסטל לייטס 815 יח',,IL,קריסטל לייטס 815,יחידה,1.00,יחידה,false,1,79.00,79.00,true,1,
7290110455354,false,שפתון סלפי 864 יח',,IT,שפתון סלפי 864,יחידה,1.00,יחידה,false,1,79.00,79.00,true,1,
7290110455507,false,גייד רויוליסט מארז מסכות לפנים,דניה,IL,רויוליסט מארז מס,יחידה,1.00,יחידה,false,1,129.00,129.00,true,1,
7290110455767,false,"תחליב גוף אייקון 200מ""ל",,IL,תחליב גוף אייקון,מיליליטרים,200.00,"100 מ""ל",false,1,49.00,24.50,true,1,
7290110456221,false,לק קריסטל גלו 661 יח',,FR,לק קריסטל גלו661,יחידה,1.00,יחידה,false,1,29.00,29.00,true,1,
7290110456672,false,מחזק ציפורניים מתקדם יח',,FR,מחזק ציפורניים מ,יחידה,1.00,יחידה,false,1,39.00,39.00,true,1,
7290110456931,false,סלפי שפתון המעניק 870 יח,,IL,שפתון גלוס עמיד,יחידה,1.00,יחידה,false,1,79.00,79.00,true,1,
7290110457815,false,BROWITY מסקרה ג'ל לגבות,SRL COSMETICS ANCOROTTI,IT,BROWITY מסקרה ג',יחידה,1.00,יחידה,false,1,69.00,69.00,true,1,
7290110457822,false,סלפי עיפרון שפתיים 850,INTERCOS,IT,סלפי עיפרון שפתי,יחידה,1.00,יחידה,false,1,59.00,59.00,true,1,
7290110457860,false,סלפי עיפרון שפתיים 857,INTERCOS,IT,סלפי עיפרון שפתי,יחידה,1.00,יחידה,false,1,59.00,59.00,true,1,
7290110458072,false,שפתון טרו קולור 282יח',,IL,שפתון טרו קולור,יחידה,1.00,יחידה,false,1,69.00,69.00,true,1,
7290110458089,false,שפתון טרו קולור 283יח',,IL,שפתון טרו קולור,יחידה,1.00,יחידה,false,1,69.00,69.00,true,1,
7290110458096,false,סט אייקון מאסק אויל בושם,,IL,אייקון מאסק אויל,יחידה,1.00,יחידה,false,1,199.00,199.00,true,1,
7290110458447,false,אייקון רוזס בושם,,,אייקון רוזס בושם,יחידה,1.00,יחידה,false,0,199.00,199.00,true,1,
7290110458508,false,שפתון גלוס עמיד 94 יח',INTERCOS,IT,שפתון גלוס עמיד,יחידה,1.00,יחידה,false,1,79.00,79.00,true,1,
7290110459215,false,תיק מתנה אוקטובר 2022 יח,גייד,IL,תיק מתנה אוקטובר,יחידה,1.00,יחידה,false,1,59.00,59.00,true,1,
7290110554095,false,דבש לחיץ 440 גרם,מכוורת יד מרדכי שטראוס ב,IL,דבש לחיץ,גרמים,440.00,100 גרם,false,1,21.90,4.98,true,1,
7290110556242,false,"שוקולד מריר פרווה 100 גר' בד""ץ תוצרת חוץ","שטראוס גרופ בע""מ.",FR,שוקולד פרה מריר,גרמים,100.00,100 גרם,false,1,5.50,5.50,true,1,
7290110804602,false,אוליב מסכה לשיער פגום 500מ'ל,א.פ.חורי,IL,אוליב מסכה לשיער,מיליליטרים,500.00,"100 מ""ל",false,0,27.90,5.58,true,1,
7290111093760,false,קוויק מטליות לחות לניקוי רצפות ניחוח מרכך כביסה 10 יחידות,די.פי.אל,IL,קוויק לניקוי רצפ,יחידה,1.00,יחידה,false,1,10.00,10.00,true,1,
7290111096921,false,קוויק מגבונים לניקוי כללי בתוספת חומץ ומלח לימון 50 יח',די.פי.אל,IL,קוויק מגבונים,יחידה,1.00,יחידה,false,1,9.90,9.90,true,1,
7290111097041,false,מגבוני בייביסיטר מבושמים 66*8,קיבוץ עמיר dpl,IL,מגבוני בייביסיטר,יחידה,1.00,יחידה,false,1,19.90,19.90,true,1,
7290111340956,false,ניקול מטליות לחות לרצפה בניחוח פריחה לבנה,חוגלה קימברלי,IL,מטליות רצפה לחות,יחידה,1.00,יחידה,false,1,11.90,11.90,true,1,
7290111341434,false,תחבושות דיפנד נורמל אקטיב לנשים 12 יח,קימברלי קלארק,IL,תחבושות דיפנד,יחידה,1.00,יחידה,false,1,21.90,21.90,true,1,
7290111341496,false,תחבושות דיפנד מיני אקטיב לנשים 14 יח,קימברלי קלארק,IL,תחבושות דיפנד,יחידה,1.00,יחידה,false,1,21.90,21.90,true,1,
7290111341984,false,לילי - מגבוני נייר טואלט לח פיור רביעייה,קימברלי,IL,נייר טואלט לח4יח,יחידה,1.00,יחידה,false,1,23.90,23.90,true,1,
7290111342042,false,ניקול כריות יפניות אנטיבקטריאלי 4 יחידות,פלסטו פוליש,IL,כריות יפניות,יחידה,1.00,יחידה,false,1,13.90,13.90,true,1,
7290111342059,false,50 מטליות מיקרופייבר לשטחים אנטיבקטריאלי ניקול,ניקול,IL,מטליות לחות50יח,יחידה,1.00,יחידה,false,1,16.90,16.90,true,1,
7290111343759,false,דיפנד תחתונים סופגים XL נשים 9 יח,חוגלה,IL,דיפנד תחתון סופג,יחידה,1.00,יחידה,false,1,44.90,44.90,true,1,
7290111344206,false,-מגבונים לחים לעור רגיש ללא בישום האגיס 4*64 יחידות,חוגלה קימברלי,IL,מגבונים האגיס 4*,יחידה,1.00,יחידה,false,1,24.90,24.90,true,1,
7290111344459,false,קוטוקס תחבושות נייט אקסטרא לונג 20 יח',חוגלה קימברלי,CN,תחבושות נייט,יחידה,1.00,יחידה,false,1,21.90,21.90,true,1,
7290111344503,false,חיתולי האגיס אקסטרה קייר מידה +4 36 יח',חוגלה קימברלי,IL,האגיס אקסטרה קר,יחידה,1.00,יחידה,false,1,57.90,57.90,true,1,
7290111344824,false,מגן תחתון קוטקס אקסטרא אנטיבקטריאלי לארג',חוגלה,CN,מגן תחתון קוטקס,יחידה,1.00,יחידה,false,1,21.90,21.90,true,1,
7290111344831,false,קוטקס - מגיני יום אקסטרא פרוטקט נורמל ביג 60 יח',חוגלה קימברלי,CN,מגן תחתון קוטקס,יחידה,1.00,יחידה,false,1,21.90,21.90,true,1,
7290111344855,false,קוטקס - מגיני יום אקסטרא פרוטקט לארג' ביג 52 יח',חוגלה קימברלי,CN,מגן תחתון קוטקס,יחידה,1.00,יחידה,false,1,21.90,21.90,true,1,
7290111564277,false,פריכיות דקות ונימוחות 3 דגנים פיטנס Fitness,פרח תעשיות בעמ,IL,פריכיות פיטנס,גרמים,120.00,100 גרם,false,1,11.90,9.92,true,1,
7290111564291,false,פריכיות דקות ונימוחות 3 דגנים וקינואה פיטנס Fitness,פרח תעשיות בעמ,IL,פריכיות פיטנס,גרמים,120.00,100 גרם,false,1,11.90,9.92,true,1,
7290111932380,false,"מרידול משחת שיניים מארז 75X2מ""ל כשל""פ",GABA LOER GER,PL,משחת מרידול 2 יח,מיליליטרים,150.00,"100 מ""ל",false,1,32.90,21.93,true,1,
7290111932502,false,"משחת שיניים קולגייט אופטיק וייט אקספרט וויט 75 מ""ל",קולגייט Colgate,MX,משחת שיניים,מיליליטרים,75.00,"100 מ""ל",false,1,24.90,33.20,true,1,
7290111935800,false,דאו ליידי ספיד סטיק דרמה ויטמין אי 45 גר,ליידי ספיד סטיק Lady Speed Stick,US,ליידי ספיד סטיק,גרמים,45.00,100 גרם,false,1,17.90,39.78,true,1,
7290111936203,false,"ליידי ספיד סטיק דרמה ספריי ויטמין אי 150 מ""ל",ליידי ספיד סטיק Lady Speed Stick,RU,ליידי ספיד סטיק,מיליליטרים,150.00,"100 מ""ל",false,1,14.90,9.93,true,1,
7290111936241,false,"ספריי גוף ספיד סטיק קול אנרגי 140 מ""ל",קולגייט פלמוליב,MX,ספיד סטיק ספריי,מיליליטרים,140.00,"100 מ""ל",false,1,14.90,10.64,true,1,
7290111936296,false,סבון נוזלי פלמוליב ארומה סנסיישן מסאג750,קולגייט פלמוליב,TR,סבון פלמוליב,מיליליטרים,750.00,"100 מ""ל",false,1,16.90,2.26,true,1,
7290111936487,false,"קולגייט זוג משחת שיניים טוטל קלין להלבנה 100 מ""ל",קולגייט פלמוליב,PL,משחת קולגייט,מיליליטרים,200.00,"100 מ""ל",false,1,33.90,16.95,true,1,
7290112000736,false,פיניש טבליות aio 80 יח אריזת חסכון,רקיט בנקיזר,PL,פיניש 80 טבליות,יחידה,1.00,יחידה,false,1,59.90,59.90,true,1,
7290112000798,false,"דיטול תרסיסי חיטוי וניקוי אנטי בקטריאלי 750 מ""ל",רקיט בנקיזר,US,דטול מחטא משטחים,מיליליטרים,750.00,"100 מ""ל",false,1,14.90,1.99,true,1,
7290112001436,false,"פיניש מנקה מדיח כלים בניחוח לימון 250 מ""ל",רקיט בנקיזר,PL,פיניש מנקה מדיח,מיליליטרים,250.00,"100 מ""ל",false,1,10.90,4.36,true,1,
7290112002044,false,טבליות פיניש מנקה מדיח 3 יח,רקיט בנקיזר,HU,פיניש מנקה מדיח,יחידה,1.00,יחידה,false,1,10.90,10.90,true,1,
7290112002457,false,דטול - שלישיית מגבונים לניקוי וחיטוי בניחוח לימון,רקיט בנקיזר,PL,דטול מגבונים 3יח,יחידה,1.00,יחידה,false,1,21.90,21.90,true,1,
7290112005045,false,וניש מסיר כתמים אבקה לכביסה לבנה 480 גרם,רקיט בנקיזר,IT,וניש אבקה לכביסה,גרמים,480.00,100 גרם,false,1,14.90,3.11,true,1,
7290112005052,false,וניש תוסף כביסה רב תכליתי לבגדים לבנים,קליה וניש Kalia Vanish,IT,וניש אבקה לכביסה,קילוגרמים,1.50,"ק""ג",false,1,37.90,25.27,true,1,
7290112005076,false,וניש תוסף כביסה רב תכליתי צבעוני 480 גרם,רקיט בנקיזר,IT,וניש אבקה לכביסה,גרמים,480.00,100 גרם,false,1,14.90,3.11,true,1,
7290112192578,false,משחת שיניים פרודונטקס אקסטרה פרש הגנה מלאה,ג'י.אס.קיי קונסיומר,IE,משחת פרודונטקס,מיליליטרים,75.00,"100 מ""ל",false,1,34.90,46.53,true,1,
7290112192998,false,סטייל מתולתלות קרם לחות לשיער מקורזל 400,גורי,IL,קרם לחות לשיער,מיליליטרים,400.00,"100 מ""ל",false,1,27.90,6.98,true,1,
7290112193117,false,סטייל קרם לחות לשיער המפ 400 מל,א.ל. ארמן,IL,קרם לחות לשיער,מיליליטרים,400.00,"100 מ""ל",false,1,34.90,8.73,true,1,
7290112193308,false,"סטייל - מתולתלות גלייז מעצב ומאיץ ברק לשיער 400 מ""ל",א.ל. ארמן,IL,גלייז מתולתלות,מיליליטרים,400.00,"100 מ""ל",false,1,27.90,6.98,true,1,
7290112196729,false,סטייל שמפו קולור קונטרול לשיער בלונד 400,גורי,IL,שמפו קולור קונטר,מיליליטרים,400.00,"100 מ""ל",false,1,24.90,6.23,true,1,
7290112197061,false,"סטייל - תחליב רחצה לניקוי וטיפוח הידיים ארגן 500 מ""ל",רנקסאן פלסטיק יאנגר,TR,תחליב ידיים,מיליליטרים,500.00,"100 מ""ל",false,1,8.90,1.78,true,1,
7290112197122,false,"סטייל - סבון ידיים ירוק 500 מ""ל חדש",רנקסאן פלסטיק יאנגר,TR,סטייל סבון ידיים,מיליליטרים,500.00,"100 מ""ל",false,1,7.90,1.58,true,1,
7290112336644,false,סוכריות מאסט ללא סוכר לימון 80 ג' עלית,שטראוס גרופ,PL,סוכריות מאסט,גרמים,80.00,100 גרם,false,1,8.90,11.13,true,1,
7290112336651,false,סוכריות מאסט ללא סוכר ריבת חלב 80 ג' עלית,שטראוס גרופ,PL,סוכריות מאסט,גרמים,80.00,100 גרם,false,1,8.90,11.13,true,1,
7290112337474,false,סוכריות מאסט ללא סוכר פטל לימון 80 ג' עלית,שטראוס גרופ,PL,סוכריות מאסט,גרמים,80.00,100 גרם,false,1,8.90,11.13,true,1,
7290112340245,false,צנצנת מסטיק מאסט בטעם דובדבן 66 ג' עלית,"שטראוס גרופ בע""\מ",IL,מסטיק דובדבן,גרמים,66.00,100 גרם,false,1,11.90,18.03,true,1,
7290112340252,false,צנצנת מסטיק מאסט בטעם אבטיח מלון 66 ג' עלית,"שטראוס גרופ בע""\מ",IL,מסטיק אבטיח מלון,גרמים,66.00,100 גרם,false,1,11.90,18.03,true,1,
7290112349538,false,קפה עלית טורקי 160 גרם,שטראוס קפה בי.וי.,IL,קפה טורקי עלית,גרמים,160.00,100 גרם,false,1,11.90,7.44,true,1,
7290112350312,false,קפסולות 15 קפה יותר למכונות נספרסו עלית 10יח',הנסיך- מפעל לייצור ט,IL,קפסולות קפה,גרמים,50.00,100 גרם,false,1,19.90,39.80,true,1,
7290112358004,false,פסק זמן קראנצ' עלית 32 גרם,שולן צ'\יקולטה גידה סאן.,TR,חטיף פסק זמן,גרמים,32.00,100 גרם,false,1,5.00,15.63,true,1,
7290112490209,false,נמס בכוס מרק עגבניות עם קרוטונים רכיבים טבעיים,יוניליוור ישראל מזון בעמ,IL,מרק נמס בכוס,גרמים,56.00,100 גרם,false,1,6.90,12.32,true,1,
7290112490216,false,מרק נמס בכוס בטעם עוף קנור 100% רכיבים טבעיים,יוניליוור ישראל מזון בעמ,IL,מרק נמס בכוס,גרמים,48.00,100 גרם,false,1,6.90,14.38,true,1,
7290112490230,false,מרק נמס בכוס אפונה קנור 100% רכיבים טבעיים,יוניליוור ישראל מזון בעמ,IL,מרק נמס בכוס,גרמים,50.00,100 גרם,false,1,6.90,13.80,true,1,
7290112490827,false,תרסיס ריחני למייבש הכביסה בדין בייבי 500,"זוהר דליה, קיבוץ דליה, 1",IL,תרסיס בדין בייבי,מיליליטרים,500.00,"100 מ""ל",false,1,19.90,3.98,true,1,
7290112492449,false,פינוק שמפו שיער רגיל 700 מל-חדש,יוניליוור ישראל טיפוח אי,IL,שמפו לשיער רגיל,מיליליטרים,700.00,"100 מ""ל",false,1,13.90,1.99,true,1,
7290112492456,false,"שמפו פינוק לשיער יבש/פגום 700 מ""ל",יוניליוור ישראל טיפוח אי,IL,שמפו לשיער יבש,מיליליטרים,700.00,"100 מ""ל",false,1,13.90,1.99,true,1,
7290112492463,false,"שמפו ומרכך 2 ב-1 לשיער רגיל פינוק 700 מ""ל.",יוניליוור ישראל טיפו,IL,פינוק שמפו+מרכך,מיליליטרים,700.00,"100 מ""ל",false,0,13.90,1.99,true,1,
7290112492500,false,פינוק שמפו לשיער עם שמן קוקוס 700 מל,"יוניליור ישראל, טיפו",IL,שמפו פינוק,מיליליטרים,700.00,"100 מ""ל",false,1,13.90,1.99,true,1,
7290112492531,false,פינוק מרכך שיער רגיל 700 מל-חדש,יוניליוור פארם,IL,מרכך לשיער רגיל,מיליליטרים,700.00,"100 מ""ל",false,1,13.90,1.99,true,1,
7290112492548,false,"מרכך פינוק עם שמן חוחובה 700 מ""ל",יוניליוור פארם,IL,מרכך פינוק,מיליליטרים,700.00,"100 מ""ל",false,1,13.90,1.99,true,1,
7290112492609,false,"תחליב רחצה פינוק 700 מ""ל לבנדר ווניל",יוניליוור ישראל טיפוח אי,IL,תחליב רחצה פינוק,מיליליטרים,700.00,"100 מ""ל",false,1,11.90,1.70,true,1,
7290112492630,false,"שמפו ג'ל רחצה וסבון פנים 3 ב-1 לגבר פינוק 700 מ""ל",יוניליוור ישראל טיפוח אי,IL,פינוק 3 ב1- לגבר,מיליליטרים,700.00,"100 מ""ל",false,1,13.90,1.99,true,1,
7290112493293,false,קנור - נמס ירקות וקרוטונים ר.טבעי 44 גרם,יוניליוור ישראל מזון בעמ,IL,נמס בכוס,גרמים,44.00,100 גרם,false,1,6.90,15.68,true,1,
7290112494238,false,קליק - כדורים חלב תפזורת 65 גרם,יוניליוור ישראל מזון בע\,IL,קליק כדורים,גרמים,65.00,100 גרם,false,1,7.90,12.15,true,1,
7290112494795,false,בדין-ג'ל לכביסה לבנה וצבעונית בניחוח עדין כחול 2.5 ליטר,"זוהר דליה, קיבוץ דליה, 1",IL,בדין ג'ל כביסה,ליטרים,2.50,ליטר,false,1,35.90,14.36,true,1,
7290112494818,false,בדין-ג'ל לכביסה לבנה וצבעונית בייבי 2.5 ליטר,היינץ צפון אמריקה מק,IL,בדין ג'ל כביסה,ליטרים,2.50,ליטר,false,1,35.90,14.36,true,1,
7290112494825,false,תרחיץ פנים לעור רגיש מכיל 25% קרם לחות,יוניליוור ישראל טיפוח אי,IL,דאב תרחיץ פנים,מיליליטרים,180.00,"100 מ""ל",false,1,15.90,8.83,true,1,
7290112496188,false,"אקס - בושם גוף טיקט לגבר אפולו 17 מ""ל","קוסטר אירוסול, גבזה,",TR,אקס בושם כיס,מיליליטרים,17.00,"100 מ""ל",false,1,19.90,117.06,true,1,
7290112497710,false,פינוק בייבי שמפו אל דמע לתינוקות 700 מל,יוניליוור ישראלn\טיפוח א,IL,בייבי שמפו תינוק,מיליליטרים,700.00,"100 מ""ל",false,1,16.90,2.41,true,1,
7290112498267,false,פינוק אל סבון לידיים בניחוח פינוק קלאסי,קוסטר אירוסול ולף סנ,TR,אל סבון פינוק,מיליליטרים,950.00,"100 מ""ל",false,1,14.90,1.57,true,1,
7290112499462,false,פינוק תחליב רחצה 700 בתוספת שמן קוקוס,יוניליוור ישראל טיפוח אי,IL,תחליב רחצה פינוק,מיליליטרים,700.00,"100 מ""ל",false,1,11.90,1.70,true,1,
7290112499493,false,"רקסונה - דאודורנט ספריי לאישה אלוורה 150 מ""ל","ארנסט, רחוב קומבינצקיה 6",RU,דאו רקסונה,מיליליטרים,150.00,"100 מ""ל",false,1,17.90,11.93,true,1,
7290112499509,false,"רקסונה - דאודורנט ספריי לאישה בניחוח אפרסק ולמון גראס 150 מ""ל",יוניליוור פארם,RU,דאו ספריי רקסונה,מיליליטרים,150.00,"100 מ""ל",false,1,17.90,11.93,true,1,
7290112961372,false,פיטנס חטיפי פריכיות דקות קינמון 60 גרם,"פרח תעשיות מזון בע""\מ",IL,פיטנס פריכיות,גרמים,60.00,100 גרם,false,1,10.90,18.17,true,1,
7290112963918,false,פיטנס חטיפי קרקר דק רוזמרין 140 גרם,נסטלה Nestle,IL,קרקר דק פיטנס,גרמים,140.00,100 גרם,false,1,14.90,10.64,true,1,
7290112965660,false,פיטנס - חטיף מולטיגריין מלח פלפל 25 גרם,מיוצר עי קונדיטוריית,IL,חטיף פיטנס מלח,גרמים,25.00,100 גרם,false,1,5.50,22.00,true,1,
7290112965684,false,פיטנס - חטיף מולטיגריין עשבי תיבול 25 גרם,מיוצר עי קונדיטוריית,IL,חטיף פיטנס,גרמים,25.00,100 גרם,false,1,5.50,22.00,true,1,
7290112968807,false,פיטנס - קרקר דק סלק 140 גרם,מפעל אסם יקנעם,IL,קרקר דק פיטנס,גרמים,140.00,100 גרם,false,1,14.90,10.64,true,1,
7290113560055,false,פרודונטקס מי פה טיפול יומי לחניכיים 500,"מאסטרפוד אוסטריה בע""מ",GB,פרודונטקס מי פה,מיליליטרים,500.00,"100 מ""ל",false,1,31.90,6.38,true,1,
7290113560277,false,זוג מברשות שיניים רפיד רליף סנסודיין,גלקסוס סמית קליין,GB,מברשות רפיד 2 יח,יחידה,1.00,יחידה,false,1,19.90,19.90,true,1,
7290114145831,false,אוליב שמפו לשיער יבש ופגום מועשר בשמן זית,אוליב Olive,IL,אוליב שמפו שמן ז,מיליליטרים,800.00,"100 מ""ל",false,0,19.90,2.49,true,1,
7290114146289,false,"אוליב - תחליב רחצה שמן זית 800 מ""ל",א.פ.חורי,IL,אוליב ת.רחצה שמן,מיליליטרים,800.00,"100 מ""ל",false,0,19.90,2.49,true,1,
7290114147569,false,אוליב קרם גוף שמן זית 500 מל,א.פ.חורי,IL,אוליב ק.גוף שמן,מיליליטרים,500.00,"100 מ""ל",false,1,19.90,3.98,true,1,
7290114605342,false,פירסט סמייל רפידות הנקה גודל מדיום 110,צאנזו שאנג קאר פרודק,CN,רפידות הנקה,יחידה,1.00,יחידה,false,1,26.90,26.90,true,1,
7290114659949,false,מסיכה לפנים חד פעמי - 50 יחידות בחבילה,נ'יאנג יונג,CN,מסכת פנים חד פעמ,יחידה,1.00,יחידה,false,1,12.90,12.90,true,1,
7290114720038,false,Hyaluronizerקרם שפתיים15,,FR,קרם לשפתיים,מיליליטרים,15.00,"100 מ""ל",false,1,79.90,532.67,true,1,
7290114721301,false,זוג ראשי מברשות תואם אורל בי Sensitive,פוג'יקום,CN,ראש למברשת חשמלי,יחידה,1.00,יחידה,false,1,19.90,19.90,true,1,
7290114721318,false,מסכת בד חומצה הילרואנית HYALURONIZER,,IL,מסכת בד חומצה הי,יחידה,1.00,יחידה,false,1,19.90,19.90,true,1,
7290115073676,false,מסכה לפנים חד פעמי 50 יח צבעוניות,שמחה זה אנחנו,CN,מסכת פנים חד פעמ,יחידה,1.00,יחידה,false,1,12.90,12.90,true,1,
7290115075014,false,מסכה חד פעמית כדורסל 5 י,Unknown,IL,מסכה חד פעמית כד,יחידה,1.00,יחידה,false,1,5.90,5.90,true,1,
7290115205176,false,פיטנס - קרקר דק כפרי פיטנס 140 גרם,נסטלה Nestle,IL,קרקר דק פיטנס,גרמים,140.00,100 גרם,false,1,14.90,10.64,true,1,
7290115209198,false,במבה אוורירית אסם 80 גרם,"אסם תעשיות בע""מ",IL,במבה אוורירית,גרמים,80.00,100 גרם,false,1,5.90,7.38,true,1,
7290115671308,false,מסטיק מאסט פאן בצנצנת תות דובדבן,אסקום קונפשטיין,DE,מסטיק מאסט,גרמים,58.00,100 גרם,false,1,11.90,20.52,true,1,
7290116530222,false,דאודרנט סטיק לגבר אנרכי 76 ג' אקס,יוניליוור פארם,US,דאו.סטיק אקס,גרמים,77.00,100 גרם,false,1,21.90,28.44,true,1,
7290116531243,false,"שמפו ומרכך 2ב-1 למניעת קשקשים 700 מ""ל פינוק",יוניליוור ישראל טיפוח אי,IL,שמפו פינוק,מיליליטרים,700.00,"100 מ""ל",false,1,14.90,2.13,true,1,
7290116531762,false,דפים ריחניים למייבש כביסה בדין ורוד 40 יחידות,"קלינטסט - 3p ארה""ב",US,דפים למייבש,יחידה,1.00,יחידה,false,1,18.90,18.90,true,1,
7290116532011,false,קליק אוקיי נוגט בציפוי שוקולד חלב 35 גרם,תות תעשיות מזון (2014) ב,IL,חטיף קליק נוגט,גרמים,35.00,100 גרם,false,1,5.90,16.86,true,1,
7290116532240,false,קליק טבלה שוקולד חלב פצפוצי דגנים ועוגי 85 גרם רבנות,יוניליוור ישראל מזון בע\,IL,שוקולד קליק,גרמים,85.00,100 גרם,false,1,6.90,8.12,true,1,
7290116532387,false,"אל סבון ידיים נוזלי חמאת שיאה 950 מ""ל פינוק",יוניליוור ישראל טיפוח אי,TR,פינוק סבון ידיים,מיליליטרים,950.00,"100 מ""ל",false,1,14.90,1.57,true,1,
7290116533100,false,"פינוק מרכך שיער בניחוח ורדים לבנים 700 מ""ל",יוניליוור ישראל טיפוח אי,IL,מרכך פינוק ורדים,מיליליטרים,700.00,"100 מ""ל",false,1,13.90,1.99,true,1,
7290116930015,false,חטיף חלבון GO קרמל ח.בוטנים קריספי 20 גרם חלבון,"בלמונט קונפקציות בע""\מ.",US,חטיף חלבון GO,גרמים,60.00,100 גרם,false,1,13.90,23.17,true,1,
7290117382325,false,סלים דליס - פרו 33 חטיף חלבון מצופה שוקולד חלב 60 גרם,"י. מרבה ישראל בע""\מ",IT,חטיף חלבון מצופה,גרמים,60.00,100 גרם,false,1,12.90,21.50,true,1,
7290117382332,false,סלים דליס - חטיף חלבון מצופה שוקולד בטעם עוגיות 60 גרם,"י. מרבה ישראל בע""\מ",IT,סלים דליס חטיף,גרמים,60.00,100 גרם,false,1,12.90,21.50,true,1,
7290117823798,false,בדיקה עצמית מהירה לזיהוי אנטיגן 5 יח,,CN,בדיקת אנטיגן עצמ,יחידה,1.00,יחידה,false,1,39.90,39.90,true,1,
7290117825785,false,מסכה KN95 לבן 5 יחידות,,CN,מסכה לפנים KN95,יחידה,1.00,יחידה,false,1,10.00,10.00,true,1,
7290117860038,false,"הוואי - תחליב רחצה יוגורט בניחוח אוכמניות 700 מ""ל","טרופיקל דגיל בע""\מ",IL,תחליב רחצה הוואי,מיליליטרים,700.00,"100 מ""ל",false,1,11.90,1.70,true,1,
7290117860243,false,"הוואי - מרכך מעניק לחות לשיער יבש 700 מ""ל","טרופיקל גליל בע""מ",IL,מרכך הוואי,מיליליטרים,700.00,"100 מ""ל",false,1,11.90,1.70,true,1,
7290117860281,false,"הוואי - ג'ל רחצה לגבר בניחוח עוצמתי 700 מ""ל","טרופיקל דגיל בע""\מ",IL,ג'ל רחצה לגבר,מיליליטרים,700.00,"100 מ""ל",false,1,11.90,1.70,true,1,
7290117860298,false,שמפו קומפלקס קרטין לשיער עדין או חלש,"טרופיקל גליל בע""מ",IL,שמפו הוואי,מיליליטרים,700.00,"100 מ""ל",false,1,11.90,1.70,true,1,
7290117860342,false,מרכך קומפלקס קרטין לשיער עדין או חלש,"טרופיקל גליל בע""מ",IL,מרכך הוואי,מיליליטרים,700.00,"100 מ""ל",false,1,11.90,1.70,true,1,
7290117860649,false,הוואי שמפו קרטין קיק ללא סולפטים 700 מל,"טרופיקל גליל בע""מ",IL,שמפו הוואי,מיליליטרים,700.00,"100 מ""ל",false,1,11.90,1.70,true,1,
7290117860694,false,הוואי מרכך קרטין קיק ללא סולפטים 700 מל,"טרופיקל גליל בע""מ",IL,מרכך הוואי,מיליליטרים,700.00,"100 מ""ל",false,1,11.90,1.70,true,1,
7290117860748,false,הוואי שמפו תמצית יסמין מעניק נפח 700 מל,"טרופיקל גליל בע""מ",IL,שמפו הוואי,מיליליטרים,700.00,"100 מ""ל",false,1,11.90,1.70,true,1,
7290117860892,false,"הוואי - תחליב רחצה יוגורט בניחוח וניל ודבש 700 מ""ל","טרופיקל דגיל בע""\מ",IL,תחליב רחצה הוואי,מיליליטרים,700.00,"100 מ""ל",false,1,11.90,1.70,true,1,
7290117860946,false,"תחליב רחצה יוגורט בניחוח קוקוס 700 מ""ל הוואי","טרופיקל דגיל בע""\מ",IL,תחליב רחצה הוואי,מיליליטרים,700.00,"100 מ""ל",false,1,11.90,1.70,true,1,
7290117860991,false,"תחליב רחצה יוגורט בניחוח שקדים 700 מ""ל הוואי","טרופיקל דגיל בע""\מ",IL,תחליב רחצה הוואי,מיליליטרים,700.00,"100 מ""ל",false,1,11.90,1.70,true,1,
7296073074441,false,פתי בר שוקו גדול שופר500,שופרסל,IL,פתי בר גדול שוקו,גרמים,500.00,100 גרם,false,0,9.30,1.86,true,1,
7296073078838,false,6 כריות יפניות שופרסל,פלסטו פוליש,IL,כריות יפניות,יחידה,1.00,יחידה,false,0,9.30,9.30,true,1,
7296073095583,false,"אצטון שופרסל 100 מ""ל","ש. שוורץ )באר שבע( בע""\מ",IL,אצטון BE,מיליליטרים,100.00,"100 מ""ל",false,0,3.90,3.90,true,1,
7296073161493,false,שוק.מריר60%שופרסל 100*2ג,"שוקולד פריי בע""מ",CH,שוקולד מריר זוג,גרמים,200.00,100 גרם,false,0,15.00,7.50,true,1,
7296073198314,false,דייסת דגנים מעורבים 200ג,שופרסל,IL,דייסת דגנים,גרמים,200.00,100 גרם,false,0,9.90,4.95,true,1,
7296073218807,false,בישקוטים,,IT,בישקוטים,גרמים,200.00,100 גרם,false,0,5.90,2.95,true,1,
7296073223009,false,שמן זית,,IT,שמן זית,מיליליטרים,750.00,"100 מ""ל",false,0,29.90,3.99,true,1,
7296073230656,false,מגבות נייר שופרסל 6 גל.,"שניב תעשיות נייר בע""\מ",IL,מגבות נייר,מטרים,63.00,מטר,false,0,10.90,0.17,true,1,
7296073237556,false,ממחטות אף 100*5 יח',שניב תעשיות נייר,IL,ממחטות אף100*5יח,יחידה,1.00,יחידה,false,1,14.90,14.90,true,1,
7296073237655,false,שוק.מריר 72% קקאו 100 גר,"שוקולד פריי בע""מ",CH,שוקולד מריר 72%,גרמים,100.00,100 גרם,false,1,11.00,11.00,true,1,
7296073239017,false,מכשיר טרימר להסרת שיער,TECHONGGIES TAIKONE,CN,מכשיר טרימר,יחידה,1.00,יחידה,false,1,49.90,49.90,true,1,
7296073241522,false,ממחטות אף 100*5 יח,שניב תעשיות נייר,IL,ממחטות אף 5 יח,יחידה,1.00,יחידה,false,1,14.90,14.90,true,1,
7296073254256,false,ערמונים אורגניים גרין100,CO FOODS LIYUAN HEBEI,CN,ערמונים אורגניים,גרמים,100.00,100 גרם,false,1,8.90,8.90,true,1,
7296073261384,false,"אל סבון מעורב 500*3 מ""ל",טאהא קימיה,TR,אל סבון נוזלי3יח,ליטרים,1.50,ליטר,false,1,12.90,8.60,true,1,
7296073277248,false,מגבונים ללא בישום 64*5יח,דינמיק,IL,מגבונים לחים 5יח,יחידה,1.00,יחידה,false,1,22.90,22.90,true,1,
7296073277255,false,מארז מגבונים לחים 6 יח,דינמיק,IL,מארז מגבוניםלחים,יחידה,1.00,יחידה,false,1,22.90,22.90,true,1,
7296073281696,false,מגבוני טואלט לילד 40*3יח,שופרסל,IL,"מגבוני נ""ט לילד",יחידה,1.00,יחידה,false,1,9.90,9.90,true,1,
7296073281702,false,מגבוני נ.טואלט למבוגרים,דינמיק תעשיות מגבונים,IL,מגבוני נייר לחים,יחידה,1.00,יחידה,false,1,9.90,9.90,true,1,
7296073286066,false,אורז בסמטי זיפר שופרסל1ק,SETIA LAL CHAMAN,IN,אורז בסמטי,קילוגרמים,1.00,"ק""ג",false,1,16.50,16.50,true,1,
7296073289715,false,מגבוני אף עדינים תינוק30,שופרסל,IL,מגבוני אף לתינוק,יחידה,1.00,יחידה,false,1,9.90,9.90,true,1,
7296073291077,false,משטחי החתלה שופרסל 10יח,PAKTEN,TR,משטחי החתלה,יחידה,1.00,יחידה,false,1,16.90,16.90,true,1,
7296073330417,false,מברשת מחודדת למייקאפ,BE NOW,CN,מברשת למייקאפ,יחידה,1.00,יחידה,false,0,39.90,39.90,true,1,
7296073330554,false,מברשת לניקוי פנים מיוחדת,BE NOW,CN,מברשת ניקוי פנים,יחידה,1.00,יחידה,false,0,11.90,11.90,true,1,
7296073330585,false,מחדד איפור,BE NOW,CN,מחדד איפור,יחידה,1.00,יחידה,false,0,6.90,6.90,true,1,
7296073330639,false,ספוג לניקוי פנים 3 יח,BE NOW,CN,3ספוג ניקוי פנים,יחידה,1.00,יחידה,false,0,11.90,11.90,true,1,
7296073330691,false,ספוגיות משולשות מתנפחות,BE NOW,CN,ספוגית מתנפחת מ.,יחידה,1.00,יחידה,false,0,17.90,17.90,true,1,
7296073330707,false,מארז 12 ספוגיות משולשות,BE NOW,CN,12 ספוגיות משולש,יחידה,1.00,יחידה,false,0,19.90,19.90,true,1,
7296073330974,false,פינצטה לאב יו איכותית,BE NOW,CN,פינצטה לאב יו,יחידה,1.00,יחידה,false,0,19.90,19.90,true,1,
7296073331032,false,פינצטה עם תאורה,BE NOW,CN,פינצטה עם תאורה,יחידה,1.00,יחידה,false,0,39.90,39.90,true,1,
7296073331070,false,קוצץ עם אשפתון,BE NOW,CN,קוצץ עם אשפתון,יחידה,1.00,יחידה,false,0,14.90,14.90,true,1,
7296073331148,false,מספריים לציפורניים מבריק,BE NOW,CN,מספריים לציפורן,יחידה,1.00,יחידה,false,0,29.90,29.90,true,1,
7296073331155,false,מספריים משולב מבריק,BE NOW,CN,מספריים משולב,יחידה,1.00,יחידה,false,0,29.90,29.90,true,1,
7296073331179,false,מספריים משולב מט פרימיום,BE NOW,CN,מספריים משולב מט,יחידה,1.00,יחידה,false,0,39.90,39.90,true,1,
7296073331223,false,מספריים אל חלד לגבות,BE NOW,CN,מספריים לגבות,יחידה,1.00,יחידה,false,0,39.90,39.90,true,1,
7296073331261,false,פצירת אקריל,BE NOW,CN,פצירת אקריל,יחידה,1.00,יחידה,false,0,8.90,8.90,true,1,
7296073331278,false,"פצירת מתכת ""7 ידית שחורה",BE NOW,CN,"פצירת מתכת ""7",יחידה,1.00,יחידה,false,0,14.90,14.90,true,1,
7296073331544,false,מברשת שיער אובלית מחורצת,BE NOW,CN,מברשת שיער אובל,יחידה,1.00,יחידה,false,0,24.90,24.90,true,1,
7296073331568,false,מברשת שיער מאורכת,BE NOW,CN,מברשת ש.ללא כרית,יחידה,1.00,יחידה,false,0,19.90,19.90,true,1,
7296073331575,false,מברשת שיער מטקה ורודה L,BE NOW,CN,מברשת מטקה Lורוד,יחידה,1.00,יחידה,false,0,24.90,24.90,true,1,
7296073331582,false,מברשת שיער אובל ורודה L,BE NOW,CN,מברשת אובל Lורוד,יחידה,1.00,יחידה,false,0,24.90,24.90,true,1,
7296073331612,false,מברשת שיער מטקה שחורה,BE NOW,CN,מברשת מטקה שחורה,יחידה,1.00,יחידה,false,0,29.90,29.90,true,1,
7296073331629,false,מברשת שיער אובלית שחורה,BE NOW,CN,מברשת אובל שחורה,יחידה,1.00,יחידה,false,0,28.90,28.90,true,1,
7296073331681,false,מברשת קרמית לפן בינונית,BE NOW,CN,מברשת קרמית לפןM,יחידה,1.00,יחידה,false,0,37.90,37.90,true,1,
7296073331742,false,מברשת אובלית שיער רטוב,BE NOW,CN,מברשת אובל רטוב,יחידה,1.00,יחידה,false,0,39.90,39.90,true,1,
7296073331834,false,מברשת ש.עגולה עם שיערות,BE NOW,CN,מברשת עגולה שיער,יחידה,1.00,יחידה,false,0,39.90,39.90,true,1,
7296073331865,false,מסרק כיס שחור,BE NOW,CN,מסרק כיס שחור,יחידה,1.00,יחידה,false,0,8.90,8.90,true,1,
7296073331919,false,מסרק ומברשת לצבע שיער,BE NOW,CN,מסרק ומברשת לצבע,יחידה,1.00,יחידה,false,0,6.90,6.90,true,1,
7296073331940,false,גומיות שחורות 12 יח,BE NOW,CN,12 גומיות שחורות,יחידה,1.00,יחידה,false,0,9.90,9.90,true,1,
7296073332077,false,גומיות פפיון ופנינה,BE NOW,CN,גומיות פפיון,יחידה,1.00,יחידה,false,0,16.90,16.90,true,1,
7296073332138,false,8 גומיות מגבת צר שחור,BE NOW,CN,8ג.מגבת צר שחור,יחידה,1.00,יחידה,false,0,9.90,9.90,true,1,
7296073332176,false,6 גומיות שחור פתוחות,BE NOW,CN,6גומיות ש. פתוח,יחידה,1.00,יחידה,false,0,9.90,9.90,true,1,
7296073332459,false,סיכות תיקתק חתול 4 יח,BE NOW,CN,סיכות חתול 4 יח,יחידה,1.00,יחידה,false,0,10.90,10.90,true,1,
7296073332497,false,סיכות סבתא שחור 40 יח,BE NOW,CN,40סיכות שחורות,יחידה,1.00,יחידה,false,0,14.90,14.90,true,1,
7296073332503,false,40 סיכות סבתא בלונדיניות,BE NOW,CN,40סיכות בלונדיני,יחידה,1.00,יחידה,false,0,14.90,14.90,true,1,
7296073332572,false,קליפס בינוני חזק 3 יח,BE NOW,CN,3קליפס M חזק,יחידה,1.00,יחידה,false,0,14.90,14.90,true,1,
7296073332602,false,קליפס מקור,BE NOW,CN,קליפס מקור,יחידה,1.00,יחידה,false,0,14.90,14.90,true,1,
7296073332619,false,קליפס L גומי מונע החלקה,BE NOW,CN,קליפס ענק גומי,יחידה,1.00,יחידה,false,0,19.90,19.90,true,1,
7296073332664,false,תופסן ספרים 3 יח,BE NOW,CN,תופסן ספרים 3 יח,יחידה,1.00,יחידה,false,0,9.90,9.90,true,1,
7296073332893,false,ספוג רשת שלישייה,BE NOW,CN,ספוג רשת שלישיה,יחידה,1.00,יחידה,false,0,9.90,9.90,true,1,
7296073333791,false,מברשת לצלליות מחודדת,BE NOW,CN,מברשת לצלליות,יחידה,1.00,יחידה,false,0,32.90,32.90,true,1,
7296073334347,false,"אציטון בי 115 מ""ל",,TR,אציטון BE,מיליליטרים,115.00,"100 מ""ל",false,1,4.90,4.26,true,1,
7296073341697,false,ממחטות אף לכיס 10 יחידות,שניב תעשיות נייר,IT,ממחטות אף לכיס,יחידה,1.00,יחידה,false,1,7.90,7.90,true,1,
7296073343134,false,אלסבון מ.הרפתקאות ורוד1ל,אמיליה קוסמטיקס,TR,אל סבון ורוד,ליטרים,1.00,ליטר,false,1,14.90,14.90,true,1,
7296073343264,false,פדים להסרת איפור-שלישיה,BE NOW,IL,פדים להסרת איפור,יחידה,1.00,יחידה,false,1,19.90,19.90,true,1,
7296073343271,false,פדים להסרת איפור יחידה,BE NOW,IL,פדים להסרת איפור,יחידה,1.00,יחידה,false,1,9.90,9.90,true,1,
7296073343295,false,קסמי אזניים פלסטיק 300 י,BE NOW,IL,קסמי אזניים פלסט,יחידה,1.00,יחידה,false,1,10.90,10.90,true,1,
7296073343301,false,קסמי אזניים פלסטיק 200 י,BE NOW,IL,קסמי אזניים פלסט,יחידה,1.00,יחידה,false,1,6.90,6.90,true,1,
7296073343318,false,קסמי אזניים פלסטיק 100י,BE NOW,IL,קסמי אזניים פלסט,יחידה,1.00,יחידה,false,1,2.90,2.90,true,1,
7296073343325,false,קסמי אזניים מעץ 100 יחיד,BE NOW,CN,קסמי אזניים מעץ,יחידה,1.00,יחידה,false,1,2.90,2.90,true,1,
7296073343592,false,Be אל סבון לידיים מארז,BE NOW,IL,אל סבון לידיים פ,מיליליטרים,1500.00,"100 מ""ל",false,1,12.90,0.86,true,1,
7296073343608,false,אל סבון לבנדר 1 ליטר BE,,IL,אל סבון לבנדר,ליטרים,1.00,ליטר,false,1,10.90,10.90,true,1,
7296073343615,false,אל סבון קמומיל 1 ליטר BE,,IL,אל סבון קמומילBE,ליטרים,1.00,ליטר,false,1,10.90,10.90,true,1,
7296073343653,false,"מסיר לק קלאסי 175 מ""ל BE",,TR,מסיר לק קלאסי,מיליליטרים,175.00,"100 מ""ל",false,1,10.90,6.23,true,1,
7296073343660,false,Be מסיר לק לא אציטון175מ,,TR,מסיר לק ללא אציט,מיליליטרים,175.00,"100 מ""ל",false,1,7.90,4.52,true,1,
7296073345305,false,משחת שיניים פרופ+הרבל100,,BG,משחת שיניים הרבל,מיליליטרים,100.00,"100 מ""ל",false,1,7.90,7.90,true,1,
7296073345336,false,משחת שיניים לילדים 2-6,שופרסל,BG,משחת שיניים KIDS,מיליליטרים,50.00,"100 מ""ל",false,1,7.90,15.80,true,1,
7296073345428,false,מברשת שיניים חשמלית כחול,,CN,מברשת שינ.חשמלית,יחידה,1.00,יחידה,false,1,29.90,29.90,true,1,
7296073345459,false,קיסמים עם חוט בשקית50יח,,CN,קיסמים עם חוט,יחידה,1.00,יחידה,false,1,10.90,10.90,true,1,
7296073345466,false,32 קיסמי פלסטיק מברשת,,CN,קיסמי פלסטיק,יחידה,1.00,יחידה,false,1,10.90,10.90,true,1,
7296073345480,false,חוט דנטלי שעווה מנטה 50מ,,CN,חוט דנטלי מנטה,מטרים,50.00,מטר,false,1,10.90,0.22,true,1,
7296073348092,false,מברשת שיניים חשמלית ורוד,,CN,מברשת שינ.חשמלית,יחידה,1.00,יחידה,false,1,29.90,29.90,true,1,
7296073362821,false,סב.ידיים בצבעי פסטל500*3,טאהא קימיה,TR,סבון ידיים 3 יח,ליטרים,1.50,ליטר,false,1,14.90,9.93,true,1,
7296073363194,false,Be מסכה לשיער יבש500מל,א.משי תעשיות,IL,מסכה לשיער יבשBE,מיליליטרים,500.00,"100 מ""ל",false,1,29.90,5.98,true,1,
7296073363200,false,Be מסכה לשיער מוחלק 500מ,א.משי תעשיות,IL,מסכה לשיער יבשBE,מיליליטרים,500.00,"100 מ""ל",false,1,29.90,5.98,true,1,
7296073363248,false,מרכך לשיער רגילBE 500,א.משי תעשיות,IL,מרכך לשיער רגיBE,מיליליטרים,500.00,"100 מ""ל",false,1,19.90,3.98,true,1,
7296073363453,false,מברשת צלליות אלכסון יח',,CN,מברשת צלליות אלכ,יחידה,1.00,יחידה,false,1,17.90,17.90,true,1,
7296073363859,false,מגבונים להסרת איפור 25יח,טרופיקל דגיל,IL,מגבונים להסרת אי,יחידה,1.00,יחידה,false,1,8.90,8.90,true,1,
7296073363934,false,צימרוני אוזניים עץ 200,BE NOW,IL,צימרוני אוזניים,יחידה,1.00,יחידה,false,1,4.90,4.90,true,1,
7296073363941,false,Be כפפות לטקס 100 יח' S,,IL,Be כפפות לטקס S,יחידה,1.00,יחידה,false,1,39.90,39.90,true,1,
7296073363965,false,Be כפפות לטקס 100 יח L,,IL,Be כפפות לטקס L,יחידה,1.00,יחידה,false,1,39.90,39.90,true,1,
7296073363996,false,"סכיני גילוח חד""פ לגבר5יח",,US,"סכיני גילוח חד""פ",יחידה,1.00,יחידה,false,1,9.90,9.90,true,1,
7296073364719,false,משחת שיניים לילדים גיל 6,MENUFACLURER,BG,משחת שיניים לילד,מיליליטרים,50.00,"100 מ""ל",false,1,7.90,15.80,true,1,
7296073375104,false,ג'ל רחצה מיסלרי ורוד500מ,BE NOW,IL,ג'ל רחצה מיסל,מיליליטרים,500.00,"100 מ""ל",false,1,12.90,2.58,true,1,
7296073375623,false,מברשת לבקבוק נצמדת,LUV.N`CARE,CN,מברשת לבקבוק,יחידה,1.00,יחידה,false,1,25.90,25.90,true,1,
7296073375722,false,זוג כפיות סיליקון 2 יח,LUV.N`CARE,CN,זוג כפית סיליקון,יחידה,1.00,יחידה,false,1,29.90,29.90,true,1,
7296073380481,false,כוס הפלא עם ידיות טריטאן,,CN,כוס הפלא עם ידיו,יחידה,1.00,יחידה,false,1,41.90,41.90,true,1,
7296073380665,false,מברשת התרת קשרים שחורה,BE NOW,CN,מברשת התרת קשרים,יחידה,1.00,יחידה,false,1,34.90,34.90,true,1,
7296073380825,false,Be ג'ל רחצה מקדמיה 700מ,קוסמטיקס,TR,Be ג'ל רחצה,מיליליטרים,700.00,"100 מ""ל",false,1,13.90,1.99,true,1,
7296073380894,false,דאו לגבר Vib Morning 150,סאסא קוסמטיקס,IL,דאו לגבר,יחידה,1.00,יחידה,false,0,8.90,8.90,true,1,
7296073380931,false,ג'ל אלכוהול 70%בניחוח ים,,TR,ג'ל אלכוהול 70%ב,מיליליטרים,500.00,"100 מ""ל",false,1,15.00,3.00,true,1,
7296073381167,false,קליפסים חזקים במיוחד זוג,BE NOW,CN,קליפסים חזקים,יחידה,1.00,יחידה,false,1,13.90,13.90,true,1,
7296073381174,false,מברשת ספרים עם שיער .,BE NOW,CN,מברשת ספרים,יחידה,1.00,יחידה,false,1,34.90,34.90,true,1,
7296073381181,false,קליפסים גודל בינוני זוג,BE NOW,CN,קליפסים גודל בינ,יחידה,1.00,יחידה,false,1,12.90,12.90,true,1,
7296073381228,false,"תחליב רחצה Rose 700 מ""ל",שופרסל,TR,תחליב רחצה,מיליליטרים,700.00,"100 מ""ל",false,1,12.90,1.84,true,1,
7296073381242,false,"תחליב רחצה Cotton700מ""",שופרסל,TR,תחליב רחצה,מיליליטרים,700.00,"100 מ""ל",false,1,12.90,1.84,true,1,
7296073381372,false,מברשת ציפורניים NOW יח',,CN,מברשת ציפורניים,יחידה,1.00,יחידה,false,1,9.90,9.90,true,1,
7296073391654,false,מגבונים לחיטוי וניקוי50י,טרופיקל דגיל,IL,מגבונים לניקוי,יחידה,1.00,יחידה,false,1,12.90,12.90,true,1,
7296073392934,false,נייר טואלט גליל כפול24יח,,IL,נייר טואלט 24 גל,מטרים,860.00,100 מטר,false,1,39.90,4.64,true,1,
7296073411246,false,מרכך מרוכז יסמין/לילך1ל,,IL,מרכך כביסה מרוכז,ליטרים,1.00,ליטר,false,1,14.90,14.90,true,1,
7296073415121,false,מגני תחתון לארג' 52 יחיד,קוראטקס,DE,מגני תחתון B,יחידה,1.00,יחידה,false,1,9.90,9.90,true,1,
7296073415138,false,44 מגני תחתון לונג,קוראטקס,DE,מגני תחתון B,יחידה,1.00,יחידה,false,1,9.90,9.90,true,1,
7296073415145,false,60מגני תחתון נערות נורמל,קוראטקס,DE,מגני תחתון B,יחידה,1.00,יחידה,false,1,9.90,9.90,true,1,
7296073415152,false,60מגני תחתון לנערות פלקס,קוראטקס,DE,מגני תחתון B,יחידה,1.00,יחידה,false,1,9.90,9.90,true,1,
7296073423645,false,פתי בר שופרסל 300 גרם,BV BISCUIT PALLY,NL,פתי בר,גרמים,300.00,100 גרם,false,1,4.90,1.63,true,1,
7296073440109,false,קפסולות לכביסה 36 יחידות,גליל כימיקלים בעמ,IL,קפסולות לכביסה,יחידה,1.00,יחידה,false,1,34.90,34.90,true,1,
7296073441625,false,ג'ל רחצה לגבר 3 ב1- 700מ,טאהא קימיה,TR,ג'ל רחצה לגבר,יחידה,1.00,יחידה,false,0,10.90,10.90,true,1,
7296073445395,false,"תרחיץ פנים מיסלרי 150מ""ל",קוסמטיקס,TR,תרחיץ פנים מיסלר,יחידה,1.00,יחידה,false,0,9.90,9.90,true,1,
7296073445401,false,"תרחיץ פנים גרגירי150 מ""ל",קוסמטיקס,TR,תרחיץ פנים מיסלר,מיליליטרים,150.00,"100 מ""ל",false,1,9.90,6.60,true,1,
7296073445548,false,"מכשיר גילוח ר""פ לנשים2+",EDGEWELL,US,מ.גילוח לנשים,יחידה,1.00,יחידה,false,1,29.90,29.90,true,1,
7296073445555,false,סכיני גילוח רב''פ לנשים,EDGEWELL,US,סכיני גילוח נשים,יחידה,1.00,יחידה,false,1,24.90,24.90,true,1,
7296073445692,false,"מחית תפו""ע בננה שופרסל90",DELAFRUIT,ES,"מחית תפו""ע ובננה",גרמים,90.00,100 גרם,false,1,4.90,5.44,true,1,
7296073445708,false,מחית תפוח אפרסק בננה 90ג,DELAFRUIT,ES,מחית מיקס פירות,גרמים,90.00,100 גרם,false,1,4.90,5.44,true,1,
7296073449508,false,מגבוני ניו בורן 64*4,דינמיק,IL,מגבוני ניו בורן,יחידה,1.00,יחידה,false,1,25.90,25.90,true,1,
7296073449836,false,קרם גוף passion Green,א.משי תעשיות,IL,קרם גוף pa Green,מיליליטרים,300.00,"100 מ""ל",false,1,24.90,8.30,true,1,
7296073449881,false,מגבות נייר גליל כפול 6יח,שניב תעשיות נייר,IL,מגבות נייר,מטרים,130.00,מטר,false,1,19.90,0.15,true,1,
7296073451167,false,מארז passion Green יח',,IL,מארז passi Green,יחידה,1.00,יחידה,false,1,79.00,79.00,true,1,
7296073451303,false,"fresh showerדאו.רול50מ""ל",סאסא קוסמטיקס,IL,דאו.רול און אישה,מיליליטרים,50.00,"100 מ""ל",false,1,9.90,19.80,true,1,
7296073460381,false,רולר דו צדדי מעסה לעור ה,,CN,רולר דו צדדי מעס,יחידה,1.00,יחידה,false,1,59.90,59.90,true,1,
7296073484240,false,שקיות אוכל 150*2 יחידות,אשפלסט,IL,שקיות אוכל זוג,יחידה,1.00,יחידה,false,1,10.90,10.90,true,1,
7296073484462,false,"תחליב ושמפו 2 ב1- 750מ""ל",BFF,TR,תחליב ושמפו 2 ב1,מיליליטרים,750.00,"100 מ""ל",false,1,14.90,1.99,true,1,
7296073485100,false,נר ווד ספייסי שחור,דרימי,IL,נר ווד ספייסי שח,גרמים,200.00,100 גרם,false,1,49.90,24.95,true,1,
7296073485148,false,מבשם בית ווד ספייסי 200,דרימי,IL,מבשם בית ווד ספי,מיליליטרים,200.00,"100 מ""ל",false,1,39.90,19.95,true,1,
7296073496557,false,קרם ידיים passion Pure,א.משי תעשיות,IL,קרם ידיים Pure,מיליליטרים,100.00,"100 מ""ל",false,1,19.90,19.90,true,1,
7296073496564,false,ספוג רחצה 50 גרם,,CN,ספוג רחצה,גרמים,50.00,100 גרם,false,1,14.90,29.80,true,1,
7296073515050,false,"משחת שיניים קוקוס 75 מ""ל",MENUFACLURER,BG,משחת שיניים,מיליליטרים,75.00,"100 מ""ל",false,1,14.90,19.86,true,1,
7296073516286,false,מגבונים לחים לילדים 72*4,"DPL בע""מ",IL,מגבונים לחים,יחידה,1.00,יחידה,false,1,16.90,16.90,true,1,
7296073526919,false,פרל שמפו לשיער מוחלק500מ,א.משי תעשיות,IL,שמפו פרל לשיער,מיליליטרים,500.00,"100 מ""ל",false,1,19.90,3.98,true,1,
7296073526957,false,פרל מסכה לשיער מוחלק500מ,א.משי תעשיות,IL,פרל מסכה לשיער,מיליליטרים,500.00,"100 מ""ל",false,1,29.90,5.98,true,1,
7296073527060,false,גומיות ורודות לשיער .,BE NOW,CN,גומיות ורודות לש,יחידה,1.00,יחידה,false,1,12.90,12.90,true,1,
7296073527077,false,גומיות חומות לשיער .,BE NOW,CN,גומיות חומות לשי,יחידה,1.00,יחידה,false,1,7.90,7.90,true,1,
7296073527114,false,גומיות סקונץ צבעונית כתו,BE NOW,CN,גומיות סקונץ צבע,יחידה,1.00,יחידה,false,1,12.90,12.90,true,1,
7296073528531,false,פרל מסכות לשיער צבוע 500,א.משי תעשיות,IL,פרל מסכות לשיער,מיליליטרים,500.00,"100 מ""ל",false,1,29.90,5.98,true,1,
7296073528777,false,קיסמי אוזניים עץ שק300יח,אל ואי טי,CN,קיסמי אוזניים,יחידה,1.00,יחידה,false,1,6.90,6.90,true,1,
7296073530145,false,ערכת לידה,,IL,ערכת לידה,יחידה,1.00,יחידה,false,1,100.00,100.00,true,1,
7296073531210,false,בדיקת קורונה 5יחידות,,CN,בדיקת קורונה,יחידה,1.00,יחידה,false,1,39.90,39.90,true,1,
7296073552833,false,"סבון נוזלי לבן 500 מ""ל",טאהא קימיה,TR,סבון נוזלי,מיליליטרים,500.00,"100 מ""ל",false,1,11.90,2.38,true,1,
7296073564690,false,BE אל סבון לבנדר 1 ליטר,טאהא קימיה,TR,BE אל סבון,ליטרים,1.00,ליטר,false,1,11.90,11.90,true,1,
7296089001691,false,בדיקת טיל Covid19 home test מארז בודד,פארמה דיל,CN,בדיקה קורונה טיל,יחידה,1.00,יחידה,false,1,10.00,10.00,true,1,
7296168001390,false,אציטון 100 גרם,איתן ספקים E,IL,אציטון,מיליליטרים,100.00,"100 מ""ל",false,0,5.90,5.90,true,1,
7296168089183,false,מספריים לתינוק סוויט,סוויטי,IL,מספריים לתינוק,יחידה,1.00,יחידה,false,0,19.90,19.90,true,1,
7296168120558,false,רצועת מסאג' איכותית,איתן כללי,JP,רצועת מסאג' איכו,יחידה,1.00,יחידה,false,0,32.90,32.90,true,1,
7296179008890,false,שיק.לק 481,שיק לקים,IL,שיק.לק 481,יחידה,1.00,יחידה,false,0,13.90,13.90,true,1,
7296179010077,false,שיק לק עמיד 008,שיק לקים,IL,שיק לק עמיד,יחידה,1.00,יחידה,false,0,13.90,13.90,true,1,
7296179010114,false,שיק לק עמיד 012,שיק לקים,IL,שיק לק עמיד,יחידה,1.00,יחידה,false,0,13.90,13.90,true,1,
7296179010381,false,שיק לק עמיד 039,שיק לקים,IL,שיק לק עמיד,יחידה,1.00,יחידה,false,0,13.90,13.90,true,1,
7296179010701,false,שיק לק עמיד 071,שיק לקים,IL,שיק לק עמיד,יחידה,1.00,יחידה,false,0,13.90,13.90,true,1,
7296179010732,false,שיק לק עמיד 074,שיק לקים,IL,שיק לק עמיד,יחידה,1.00,יחידה,false,0,13.90,13.90,true,1,
7296179012064,false,שיק לק עמיד 251,שיק לקים,IL,שיק לק עמיד,יחידה,1.00,יחידה,false,0,13.90,13.90,true,1,
7296179024609,false,"מסיר לק תפוח 100 מ""ל",,IL,מסיר לק תפוח,מיליליטרים,100.00,"100 מ""ל",false,1,7.90,7.90,true,1,
7296179029659,false,מידנייט WILD קרם גוף 275 מל,חלאבין,IL,"קרם גוף 275 מ""ל",מיליליטרים,275.00,"100 מ""ל",false,1,29.90,10.87,true,1,
7298074502381,false,בליסטקס ליפ אינפיוזן ירוק,מדיליין פריגו,US,בליסטקס אינפיוזן,יחידה,1.00,יחידה,false,1,14.90,14.90,true,1,
7509546057545,false,ליידי ספיד סטיק פרו 5 סטיק 45 גרם,קולגייט פלמוליב,US,ליידי ספיד סטיק,גרמים,45.00,100 גרם,false,1,17.90,39.78,true,1,
7509546061665,false,דאודורנט סטיק ג'ל לגבר 24/7 אקסטרים אינטנס,קולגייט פלמוליב,US,ספיד סטיק ג'ל,גרמים,85.00,100 גרם,false,1,17.90,21.06,true,1,
7509546666846,false,"קולגייט טוטאל משחת שיניים פחם 75 מ""ל",קולגייט פלמוליב,MX,טוטאל פחם,מיליליטרים,75.00,"100 מ""ל",false,1,21.90,29.20,true,1,
7509546678702,false,קולגייט משחת שיניים טוטל אנטי טרטר 100 מ,קולגייט-פלמוליב,PL,משחת קולגייט,מיליליטרים,100.00,"100 מ""ל",false,1,14.90,14.90,true,1,
7613039880807,false,גרבר מחית תפוח וגזר 190 גרם,נסטלה פולסקה אס.איי,PL,גרבר תפוח גזר,גרמים,190.00,100 גרם,false,1,6.90,3.63,false,1,
7613039881521,false,גרבר מחית מרק מנגו 190 גרם,נסטלה פולסקה אס.איי,PL,גרבר מנגו,גרמים,190.00,100 גרם,false,1,6.90,3.63,false,1,
7613039881965,false,גרבר מחית גזר תפוח ומנגו 190 גרם,נסטלה פולסקה אס.איי,PL,גרבר גזר תפוח,גרמים,190.00,100 גרם,false,1,6.90,3.63,false,1,
7613287155924,false,מטרנה מחית תפוח וגזר פאוץ' 90 גר',"מפעל סברס, נסטלה ספרד ס.",ES,גרבר תפוח,גרמים,90.00,100 גרם,false,1,5.90,6.56,true,1,
7614500035788,false,טובלרון שוקולד חלב 200 גרם,מונדלייז,CH,טובלרון חלב,גרמים,200.00,100 גרם,false,0,19.90,9.95,true,1,
7616500642577,false,שוקולד חלב עם אגוזים300ג,צוקולאט פריי אייץגיץ,CH,שוקולד אגוזים,גרמים,300.00,100 גרם,false,0,11.90,3.97,true,1,
7622010001858,false,עוגיות אוראו ממולאות קרם וניל 176 גרם.,פי אר ג'\יי אס אי מנדלז,UA,עוגיות אוראו,גרמים,176.00,100 גרם,false,1,9.90,5.63,true,1,
7622201401900,false,עוגיות סנסיישן אוראו מילקה 156 גרם,מונדלז פולסקה פרודקש,PL,עוגיות מילקה,גרמים,156.00,100 גרם,false,1,13.90,8.91,true,1,
7622201813390,false,עוגיות מילקה וואפל במילוי קרם קקאו 150 ג,מונדליז סי.אר. ביסקוויט,CZ,וופל ממולא מילקה,גרמים,150.00,100 גרם,false,1,13.90,9.27,true,1,
7622210637994,false,מיני עוגיות אוראו קראנצ'י בייטס אורגינל,מונדלז אספניה ג'לאטס,ES,עוגיות אוראו,גרמים,110.00,100 גרם,false,1,10.90,9.91,true,1,
7622210690883,false,מילקה שוקולד חלב-מהדורת מונדיאל 270 גרם,מונדלייז,AT,שוקולד מונדיאל,גרמים,270.00,100 גרם,false,1,15.90,5.89,true,1,
7622210826053,false,שוקולד מילקה אוראו סנדוויץ 92 גר',גיאורי קאקסז קייאףטי,HU,שוקולד מילקה,גרמים,92.00,100 גרם,false,1,8.90,9.67,true,1,
7622300200237,false,שוקולד מילקה שוקולד חלב 250 גרם,מונדליז אוסטרייך פרו,AT,שוקולד חלב מילקה,גרמים,250.00,100 גרם,false,0,16.90,6.76,true,1,
7622300617820,false,מילקה שוקולד חלב במילוי קרם חלב ווניל ושבבי עוגיות אוראו 100 גרם,מנדלז דויצ'\לנד סנקס פרו,DE,שוקולד מילקה,גרמים,100.00,100 גרם,false,0,8.90,8.90,true,1,
7630477891592,false,סטארבקס קפסולות קפה האוס בלנד 10 יחידות,נסטלה שוויץ - קפה,CH,קפסולות Starbuck,גרמים,57.00,100 גרם,false,1,22.90,40.18,true,1,
7630477891691,false,סטארבקס קפסולות קפה קולמביה 10 יחידות,נסטלה שוויץ - קפה,CH,קפסולות Starbuck,גרמים,57.00,100 גרם,false,1,22.90,40.18,true,1,
7638900426663,false,סוללת אדוונס פורמולה,אנרג'ייזר,CN,סוללות ADVANCED,יחידה,1.00,יחידה,false,1,30.00,30.00,true,1,
7640111494027,false,Cabotine א.ד.ט לאשה,לילית בישום,,Cabotine א.ד.ט,מיליליטרים,100.00,"100 מ""ל",false,0,89.00,89.00,true,1,
7702018271788,false,"דאודורנט קליר ג'ילט בניחוח ספורט 70 מ""ל",פרוקטר אנד גמבל,PL,דאודורנט קליר,מיליליטרים,70.00,"100 מ""ל",false,0,16.90,24.14,true,1,
7702018334919,false,ג'ילט מכשיר2+ סכינים וונ,פרוקטר & גמבל,US,ג'ילט מכשיר2+ סכ,יחידה,1.00,יחידה,false,1,44.90,44.90,true,1,
7702018347629,false,ונוס אקסטרה סמוט סכיני גילוח רביעייה,ג'ילט ונוס Gillette Venus,PL,גילט רביעית,יחידה,1.00,יחידה,false,1,62.90,62.90,true,1,
7702018459445,false,גילט פיוזן פאואר סכיני גילוח 12 יחידות,פרוקטר & גמבל,DE,סכיני גילוח פיוז,יחידה,1.00,יחידה,false,1,199.00,199.00,true,1,
7702018465033,false,גילט פיוזן גל גילוח לתחושה קרירה 200 מל,דיפלומט,GB,ג'ל גילוח פיוז'ן,מיליליטרים,200.00,"100 מ""ל",false,1,25.90,12.95,true,1,
7702018469826,false,מכשיר גילוח ונוס+3 סכינים,ג'\ילט פרוקטר אנד גמבל,DE,ג'ילט מכשיר 3* ס,יחידה,1.00,יחידה,false,1,49.90,49.90,true,1,
7702018470884,false,גילט מארז פיוזן 16 סכיני גילוח,"פרוקטר אנד גמבל, גרמניה",PL,סכיני גילוח,יחידה,1.00,יחידה,false,1,179.00,179.00,true,1,
7702018482740,false,סכיני גילוח ג'ילט ונוס סימפלי 5 יחידות,ג'\ילט,US,ג'ילט ונוס סימפל,יחידה,1.00,יחידה,false,1,11.90,11.90,true,1,
7702018607532,false,גילט מארז פרוגלייד 14 סכינים,"פרוקטר אנד גמבל, גרמניה",DE,סכיני גילוח 14יח,יחידה,1.00,יחידה,false,1,179.00,179.00,true,1,
7702018886364,false,ונוס קומפורטגליד בריז,פרוקטר & גמבל,IL,ונוס קומפורטגליד,יחידה,1.00,יחידה,false,1,59.90,59.90,true,1,
7702018911981,false,דאודורנט גל פאוור בי,ג'\ילט פרוקטר אנד גמבל,DE,דאו.קליר ג'ל,מיליליטרים,75.00,"100 מ""ל",false,0,32.90,43.87,true,1,
7702018978120,false,"ג'ילט - דאודורנט ג'ל לגבר קול וייב 70 מ""ל",פרוקטר אנד גמבל,PL,דאו.קליר ג'ל,מיליליטרים,70.00,"100 מ""ל",false,0,16.90,24.14,true,1,
7702024074625,false,פיטנס - חטיפי קרקר חיטה מלאה 234 גרם,קומסטיבלס לה רוזה אס.איי,CO,חטיפי קרקר פיטנס,גרמים,234.00,100 גרם,false,1,14.90,6.37,true,1,
8000380004676,false,קוביות וופל סנדוויץ Sandwich עם וניל וחלב,"א. לואקר, קונפקט ג'י",AT,ופלים לואקר,גרמים,200.00,100 גרם,false,0,13.60,6.80,true,1,
8000500026731,false,שוקולד ביצי הפתעה קינדר שלישייה,פררו אס.פי.אי,IT,ביצי הפתעה קינדר,גרמים,60.00,100 גרם,false,1,16.00,26.67,true,1,
8000500037874,false,בונבונרייה פררו רושר 200 גרם,פררו - אלבה,IT,בונבוניירה רושה,גרמים,200.00,100 גרם,false,0,24.90,12.45,true,1,
8000500071083,false,אצבעות שוקולד קינדר Kinder שש עשרה יחידות,פררו - אלבה,IT,שוקולד חלב קינדר,גרמים,200.00,100 גרם,false,0,11.90,5.95,true,1,
8000500121436,false,מארז קינדר בואנו Kinder Bueno לבן שלוש יחידות,פררו - אלבה,PL,קינדר בואנו לבן,גרמים,117.00,100 גרם,false,0,11.90,10.17,true,1,
8000500167656,false,קינדר שוקולד עם דגנים סיריאל 94 ג',פררו,IT,קינדר שוקולד,גרמים,94.00,100 גרם,false,1,8.90,9.47,true,1,
8000500227848,false,נוטלה - בי רדי אצבעות ביסקוויט במילוי שוקולד 6 יח' * 22 גרם,פררו,IT,נוטלה בי רדי,גרמים,132.00,100 גרם,false,1,13.50,10.23,true,1,
8000500267103,false,קינדר דליס עוגת ספוג קקאו במילוי חלבי*10,קינדר Kinder,IT,עוגות קינדר דליס,גרמים,390.00,100 גרם,false,1,20.90,5.36,true,1,
8000500269169,false,קינדר קארדס Kinder Cards - חמישייה,קריות זול,IT,קינדר קארדס,גרמים,128.00,100 גרם,false,1,13.90,10.86,true,1,
8001090111685,false,תחתונים אולוויז דיסקריט מידה L לבריחת שתן,פרוקטר אנד גמבל,DE,אולוויז דיסקרט,יחידה,1.00,יחידה,false,1,38.90,38.90,true,1,
8001090184412,false,"פיירי נוזל לניקוי כלים לימון שקוף, 900 מ""ל",פרוקטר אנד גמבל,GB,פיירי לכלים,מיליליטרים,900.00,"100 מ""ל",false,1,12.90,1.43,true,1,
8001090222428,false,"הרבל אסנסס - שמפו חלב קוקוס 400 מ""ל",הרבל אסנס Herbal Essences,FR,שמפו הרבל אסנס,מיליליטרים,400.00,"100 מ""ל",false,1,19.90,4.98,true,1,
8001090222541,false,הרבל אסנסס שמפו תות שדה ומנטה 400 גרם,הרבל אסנס Herbal Essences,FR,שמפו הרבל אסנס,מיליליטרים,400.00,"100 מ""ל",false,1,19.90,4.98,true,1,
8001090222572,false,הרבל אסנסס מרכך תות שדה ומנטה 400 גרם,הרבל אסנס Herbal Essences,FR,מרכך הרבל אסנס,מיליליטרים,400.00,"100 מ""ל",false,1,19.90,4.98,true,1,
8001090222848,false,"הרבל אסנסס - שמפו שיקום שמן ארגן 400 מ""ל",הרבל אסנס Herbal Essences,FR,שמפו הרבל אסנס,מיליליטרים,400.00,"100 מ""ל",false,1,19.90,4.98,true,1,
8001090222879,false,"הרבל אסנסס - מרכך שיקום שמן ארגן 400 מ""ל",הרבל אסנס Herbal Essences,FR,מרכך הרבל אסנס,מיליליטרים,400.00,"100 מ""ל",false,1,19.90,4.98,true,1,
8001090336354,false,פמפרס בייבי דריי חיתולים מידה 2 46 יח,פרוקטר אנד גמבל,DE,פמפרס בייבי,יחידה,1.00,יחידה,false,1,36.90,36.90,true,1,
8001090336408,false,חיתולים בייבי דריי מידה 3 38 יח' פמפרס,פרוקטר אנד גמבל,DE,פמפרס בייבי,יחידה,1.00,יחידה,false,1,36.90,36.90,true,1,
8001090336446,false,פמפרס בייבי דריי חיתולים מידה 4 34 יח,פרוקטר אנד גמבל,DE,פמפרס בייבי,יחידה,1.00,יחידה,false,1,36.90,36.90,true,1,
8001090336521,false,פמפרס בייבי דריי חיתולים מידה 5 30 יח,פרוקטר אנד גמבל,DE,פמפרס בייבי,יחידה,1.00,יחידה,false,1,36.90,36.90,true,1,
8001090364104,false,"משחת שיניים אורל בי G&E אורגינל 75 מ""ל",פרוקטר אנד גמבל,DE,משחת אורל בי,מיליליטרים,75.00,"100 מ""ל",false,1,16.90,22.53,true,1,
8001090364203,false,"משחת שיניים אורל בי G&E להלבנה עדינה 75 מ""ל",פרוקטר אנד גמבל,DE,משחת אורל בי,מיליליטרים,75.00,"100 מ""ל",false,1,16.90,22.53,true,1,
8001090379337,false,פמפרס פרימיום קר חיתולים שלב 3 40 יח VP,פרוקטר אנד גמבל,PL,פמפרס פרימיום,יחידה,1.00,יחידה,false,1,39.90,39.90,true,1,
8001090379368,false,פמפרס פרימיום קר חיתולים שלב 4 34 יח VP,פרוקטר אנד גמבל,PL,פמפרס פרימיום,יחידה,1.00,יחידה,false,1,39.90,39.90,true,1,
8001090737847,false,אולוויז מגן תחתון סלים מולטיפורם 74 יח,,DE,מגן תחתון נורמל,יחידה,1.00,יחידה,false,1,17.90,17.90,true,1,
8001090832450,false,"שמפו פנטן הנוסחה הקלאסית 660 מ""ל",פרוקטר אנד גמבל,RO,שמפו פנטן,מיליליטרים,660.00,"100 מ""ל",false,1,23.90,3.62,true,1,
8001090832535,false,"שמפו פנטן שמן מרוקאי משקם 660 מ""ל",פרוקטר אנד גמבל,RO,שמפו פנטן,מיליליטרים,660.00,"100 מ""ל",false,1,23.90,3.62,true,1,
8001090832610,false,"שמפו פנטן למגע רך כמשי 660 מ""ל",פרוקטר אנד גמבל,RO,שמפו פנטן,מיליליטרים,660.00,"100 מ""ל",false,1,23.90,3.62,true,1,
8001090832856,false,"פנטן 660 מ""ל קונדישינר מרוקאי משקם",פרוקטר אנד גמבל,RO,מרכך פנטן,מיליליטרים,660.00,"100 מ""ל",false,1,23.90,3.62,true,1,
8001090832931,false,"פנטן 660 מ""ל קונדישינר למגע רך כמשי",פרוקטר אנד גמבל,RO,מרכך פנטן,מיליליטרים,660.00,"100 מ""ל",false,1,23.90,3.62,true,1,
8001090856005,false,פאנטן 200 מרכך הקסם סופר פוד,פרוקטר אנד גמבל,RO,פנטן מרכך הקסם,מיליליטרים,200.00,"100 מ""ל",false,1,28.90,14.45,true,1,
8001090883490,false,הד&שולדרס קולור פרפקט400,פרוקטר אנד גמבל,FR,הד&שולדרס קולור,מיליליטרים,400.00,"100 מ""ל",false,1,26.90,6.73,true,1,
8001090899194,false,תחבושות אולוויז פלטינום נורמל 24 יחידות,פרוקטר אנד גמבל,DE,תחבושות אולוויז,יחידה,1.00,יחידה,false,1,25.90,25.90,true,1,
8001090899224,false,תחבושות אולוויז פלטינום לונג 20 יחידות,פרוקטר אנד גמבל,DE,תחבושות אולוייז,יחידה,1.00,יחידה,false,1,25.90,25.90,true,1,
8001090899255,false,תחבושות אולוויז פלטינום לילה 16 יחידות,פרוקטר אנד גמבל,DE,תחבשות אולוויז,יחידה,1.00,יחידה,false,1,25.90,25.90,true,1,
8001090899286,false,תחבושות אולוויז פלטינום לילה בטוח 14 יח',פרוקטר אנד גמבל,DE,תחבושות אולוויז,יחידה,1.00,יחידה,false,1,25.90,25.90,true,1,
8001090992338,false,פיירי טבליות למדיח פלטינום פלוס 50 יחידו,פרוקטר אנד גמבל,BE,פיירי טב' למדיח,יחידה,1.00,יחידה,false,1,64.90,64.90,true,1,
8001620015629,false,"משקה פירות בטעם תפוז ותפוז אדום 400 מ""ל פרוטה",אקווה מינרלה סאן בנדטו ב,IT,פרוטה תפוז אדום,מיליליטרים,400.00,"100 מ""ל",false,1,7.90,1.98,true,1,
8001620015636,false,"משקה פירות פרוטה-מיקס פירות 400 מ""ל סאן בנדטו",אקווה מינרלה סאן בנדטו ב,IT,משקה פרוטה,מיליליטרים,400.00,"100 מ""ל",false,1,7.90,1.98,true,1,
8001620018408,false,"משקה פירות בטעם מנגו תפוח 400 מ""ל פרוטה",אקווה מינרלה סאן בנדטו ב,IT,פרוטה מנגו תפוח,מיליליטרים,400.00,"100 מ""ל",false,1,7.90,1.98,true,1,
8001620019160,false,"סן בנדטו מים מינרלים בטעם אפרסק 500 מ""ל",אקווה מינרלה סאן בנדטו ב,IT,סאן בנדטו אפרסק,מיליליטרים,400.00,"100 מ""ל",false,1,6.90,1.73,true,1,
8001620019177,false,"סן בנדטו מים מינרלים בטעם ענבים 500 מ""ל",אקווה מינרלה סאן בנדטו ב,IT,סאן סנדטו ענבים,מיליליטרים,400.00,"100 מ""ל",false,1,6.90,1.73,true,1,
8001841006710,false,לנור כדוריות הריח בניחוח רענן 210 גרם,פרוקטר אנד גמבל,US,לנור מבשם כביסה,גרמים,210.00,100 גרם,false,1,34.90,16.62,true,1,
8001841053684,false,תחבושות אולוויז עבה לונג פלוס 12 יחידות,פרוקטר אנד גמבל )ראה קוד,HU,תחבושות אולוויז,יחידה,1.00,יחידה,false,1,13.90,13.90,true,1,
8001841053806,false,תחבושות היגייניות אולוויז מקסי עבה לילה,פרוקטר אנד גמבל,HU,תחבושות אולוויז,יחידה,1.00,יחידה,false,1,13.90,13.90,true,1,
8001841077949,false,מארז מגבוני פמפרס בניחוח מרענן - רביעייה,פרוקטר אנד גמבל,DE,מגבוני פמפרס 4יח,יחידה,1.00,יחידה,false,1,17.90,17.90,true,1,
8001841104799,false,פמפרס פרימיום קר חיתולים שלב 2 46 יח VP,פרוקטר אנד גמבל,PL,פמפרס,יחידה,1.00,יחידה,false,1,39.90,39.90,true,1,
8001841105093,false,פמפרס פרימיום קר חיתולים שלב 6 26 יח VP,פרוקטר אנד גמבל,PL,פמפרס,יחידה,1.00,יחידה,false,1,39.90,39.90,true,1,
8001841198446,false,גילט דאודורנט ספריי PR 150 מל,פרוקטר אנד גמבל,GB,דאודורנט ג'ילט,מיליליטרים,150.00,"100 מ""ל",false,1,21.90,14.60,true,1,
8001841217574,false,תחבושות אולוויז אולטרא כפול לונג 24 יח,,DE,תחבושות כפול אול,יחידה,1.00,יחידה,false,0,17.90,17.90,true,1,
8001841217932,false,אולוויז תחבושות נייט 20 יח',,DE,תחבושות כפול אול,יחידה,1.00,יחידה,false,1,17.90,17.90,true,1,
8001841272757,false,אורל-בי משחת שיניים להלבנה פחם- לניקוי עמוק,פרוקטור אנד גמבל,DE,משחת אורל בי,מיליליטרים,75.00,"100 מ""ל",false,1,29.90,39.87,true,1,
8001841332307,false,אולוויז תחבושת בוטיק לונג 8 יח,פרוקטר אנד גמבל,DE,דיסקריט תחבושות,יחידה,1.00,יחידה,false,1,21.90,21.90,true,1,
8001841410524,false,שמפו הד&שולדרס קוקוס600מ,פרוקטר אנד גמבל,RO,שמפו הד&שולדרס,מיליליטרים,600.00,"100 מ""ל",false,1,25.90,4.32,true,1,
8001841413334,false,קונד.הד&שולדרס קוקוס275מ,פרוקטר אנד גמבל,RO,קונדיש.הד&שולדרס,מיליליטרים,275.00,"100 מ""ל",false,1,18.90,6.87,true,1,
8001841502601,false,"הרבל אסנסס - מרכך ללא סולפטים אלוורה ובמבוק 275 מ""ל",הרבל אסנס Herbal Essences,FR,מרכך ללא סולפטים,מיליליטרים,275.00,"100 מ""ל",false,1,25.90,9.42,true,1,
8001841625362,false,"נוזל כלים בניחוח לימון פלטינום 780 מ""ל פיירי",פרוקטר אנד גמבל,GB,פיירי נוזל כלים,מיליליטרים,780.00,"100 מ""ל",false,1,12.90,1.65,true,1,
8001841660257,false,מסכת מינרלס במבוק לשיער חזק וארוך,פנטן Pantene,FR,פנטן מיראקלס במב,מיליליטרים,160.00,"100 מ""ל",false,1,18.90,11.81,true,1,
8001841660530,false,קרם לחות מינרלס במבוק + חלבון משקם לשיער ארוך,פנטן Pantene,FR,קרמ פנטן מיראקלס,גרמים,270.00,100 גרם,false,1,23.90,8.85,true,1,
8001841669465,false,קפסולות לכביסה אריאל בניחוח לנור 24 יחידות,פרוקטר אנד גמבל,FR,קפסולות גל כביסה,יחידה,1.00,יחידה,false,1,37.90,37.90,true,1,
8001841841373,false,הרבל אסנס שמפו ללא סולפטים שמן אבוקדו,דיפלומט,FR,שמפו הרבל,מיליליטרים,380.00,"100 מ""ל",false,1,25.90,6.82,true,1,
8004800004802,false,גלילי וופל לאגו פלאסיר קרם דומדמניות 100,לגו גרופ ס.פ.א.,IT,גלילי וופל לאגו,גרמים,100.00,100 גרם,false,1,13.90,13.90,true,1,
8005200486526,false,"נסטי, תה קר בטעם אפרסק 500 מל",מפעל סאנפלגרינו S.p.,IT,נסטי בטעם אפרסק,מיליליטרים,500.00,"100 מ""ל",false,0,5.90,1.18,true,1,
8005610255668,false,"בוס בוטלד טוניק ג100.מ""ל",לילית-בוס,IL,בוס בוטלד טוניק,מיליליטרים,100.00,"100 מ""ל",false,0,269.00,269.00,true,1,
8006540051054,false,פנטן מיראקלס שמפו ללא סולפטים 225 מל,דיפלומט,BE,שמפו פנטן,מיליליטרים,225.00,"100 מ""ל",false,1,21.90,9.73,true,1,
8006540110317,false,שמפו מינרלס ביוטין + במבוק לשיער חזק וארוך,פרוקטר אנד גמבל,RO,פנטן מיראקלס,גרמים,400.00,100 גרם,false,1,18.90,4.73,true,1,
8006540112823,false,"לנור מרכך כביסה מרוכז בניחוח האוקיינוס 900 מ""ל",פרוקטר אנד גמבל,FR,לנור מרכך מרוכז,מיליליטרים,900.00,"100 מ""ל",false,1,19.90,2.21,true,1,
8006540157374,false,מרכך מינרלס ביוטין + במבוק לשיער חזק וארוך,פנטן Pantene,FR,פנטן מיראקלס,מיליליטרים,275.00,"100 מ""ל",false,1,18.90,6.87,true,1,
8006540221068,false,מגן תחתון אלוויז וליופק לונג פלוס 40 יחי',פרוקטר & גמבל,DE,מגן תחתון אולווי,יחידה,1.00,יחידה,false,1,17.90,17.90,true,1,
8006540221341,false,אולוויז מגן תחתון וליופק לארג' 48 יחידות,,DE,מגן תחתון אולווי,יחידה,1.00,יחידה,false,1,17.90,17.90,true,1,
8006540221426,false,מגן תחתון דייליס סלים 74,,DE,מגן תחתון דייליס,יחידה,1.00,יחידה,false,1,17.90,17.90,true,1,
8006540221464,false,מגן תחתון אולוויז וליופק נורמל 56 יחידות,,DE,מגן תחתון אולווי,יחידה,1.00,יחידה,false,1,17.90,17.90,true,1,
8006540222089,false,פמפרס מגבונים היגיינים לתינוקות וילדים TO GO 40 יח',פרוקטור אנד גמבל,DE,מגבוני פמפרס,יחידה,1.00,יחידה,false,1,8.90,8.90,true,1,
8006540358498,false,טמפקס פרל סופר-פלוס 18 יחידות חדש,פרוקטר אנד גמבל,HU,טמפקס,יחידה,1.00,יחידה,false,1,23.90,23.90,true,1,
8006540385029,false,הד&שולדרס MEN שמפו ומרכך 2ב-1 אולטרא 540,URLATI GAMBLE & PROCTER,RO,הד&שולדרס מן 2ב1,מיליליטרים,540.00,"100 מ""ל",false,1,26.90,4.98,true,1,
8006540385067,false,הד&שולדרס MEN שמפו אולטרא ספורט מרענן540,URLATI GAMBLE & PROCTER,RO,ה&ש שמפו מן,מיליליטרים,540.00,"100 מ""ל",false,1,26.90,4.98,true,1,
8006540404935,false,דיסקריט תחבושות לבריחת שתן נורמל 12 יח,פרוקטר & גמבל,DE,דיסקריט תחבושות,יחידה,1.00,יחידה,false,1,21.90,21.90,true,1,
8006540405031,false,דיסקריט תחבושות לבריחת שתן סמול פלוס 16,פרוקטר & גמבל,DE,דיסקריט תחבושות,יחידה,1.00,יחידה,false,1,21.90,21.90,true,1,
8006540406694,false,פמפרס בייבי דריי פנטס מידה 4 42 יח,דיפלומט,PL,פמפרס מכנסונים,יחידה,1.00,יחידה,false,1,54.90,54.90,true,1,
8006540406724,false,פמפרס בייבי דריי פנטס מידה 5 38 יח,דיפלומט,PL,פמפרס מכנסונים,יחידה,1.00,יחידה,false,1,54.90,54.90,true,1,
8006540406793,false,פמפרס בייבי דריי פנטס מידה 6 34 יח,דיפלומט,PL,פמפרס מכנסונים,יחידה,1.00,יחידה,false,1,54.90,54.90,true,1,
8006540463550,false,פיירי טבליות למדיח פלטינום 63 יחידות,פרוקטר אנד גמבל,BE,פיירי טבליות,יחידה,1.00,יחידה,false,1,64.90,64.90,true,1,
8006540495186,false,לנור מרכך כביסה מרוכז רגיש בייבי 900 מל,פרוקטר אנד גמבל,FR,מרכך כביסה בייבי,מיליליטרים,900.00,"100 מ""ל",false,1,19.90,2.21,true,1,
8006540592465,false,אולוויז תחבושות לונג 24 יח,פרוקטר & גמבל,HU,תחבושות לונג,יחידה,1.00,יחידה,false,1,17.90,17.90,true,1,
8006540592496,false,תחבושות אולוויז אולטרא כפול לילה 20 יח,פרוקטר & גמבל,HU,תחבושות כפול ליל,יחידה,1.00,יחידה,false,1,17.90,17.90,true,1,
8011003861224,false,EROS א.ד.פ לגבר וסצ'ה,,IT,EROS א.ד.פ לגבר,מיליליטרים,100.00,"100 מ""ל",false,1,259.00,259.00,true,1,
8011003872077,false,EROS VERSACE א.ד.פ 100,,FR,EROS VERSACE א.,מיליליטרים,100.00,"100 מ""ל",false,1,319.00,319.00,true,1,
8011003872855,false,אורגינל ווד אדפ 100מל,,IT,אורגינל ווד אדפ,מיליליטרים,100.00,"100 מ""ל",false,1,289.00,289.00,true,1,
8011003876594,false,מארז ברייט קריסטל לאישה,EUROITALIA,IT,מארז ברייט קריסט,יחידה,1.00,יחידה,false,1,379.00,379.00,true,1,
8011003876709,false,מארז קריסטל נויר לאישה,EUROITALIA,IT,מארז קריסטל נויר,יחידה,1.00,יחידה,false,1,379.00,379.00,true,1,
8011003876808,false,מארז דילן טורקיז לאישה,EUROITALIA,IT,מארז דילן טורקיז,יחידה,1.00,יחידה,false,1,369.00,369.00,true,1,
8011003997022,false,"ורסצ'ה ורסנס אדט 100 מ""ל",לילית בישום,IT,ורסצ'ה ורסנס אדט,מיליליטרים,100.00,"100 מ""ל",false,0,199.00,199.00,true,1,
8017331039731,false,בלנקס אינסטנט וויט שוק משחת שיניים להלבנ,זר הייטק,IT,SHOCK WHITE משחה,מיליליטרים,50.00,"100 מ""ל",false,0,39.90,79.80,true,1,
8017331040584,false,בלנקס משחת שיניים מלבינה שפופרת 75 מל,זר הייטק,IT,משחה להלבנתשינים,גרמים,75.00,100 גרם,false,0,17.90,23.87,true,1,
8017331054215,false,ביוריפייר משחת שיניים להלבנה,זר הייטק,IT,מ.שינייםBIOREPAI,מיליליטרים,75.00,"100 מ""ל",false,1,12.90,17.20,true,1,
8017331074039,false,בלנקס משחת שיניים פחם שחורה להלבנה 75 מל,זר הייטק,IT,משחת שיניים פחם,מיליליטרים,75.00,"100 מ""ל",false,1,17.90,23.87,true,1,
8018365070264,false,"ורסצ'ה קריסטל נואר - א.ד.פ 50 מ""ל",לילית בישום,IT,קריס נואר אדפ,מיליליטרים,50.00,"100 מ""ל",false,0,219.00,438.00,true,1,
8033661564880,false,ממחטות נייר מיניונ 6 יחי,,IL,ממחטות נייר 6 יח,יחידה,1.00,יחידה,false,1,9.90,9.90,true,1,
8053853182548,false,FROZENממחטות נייר מצויירות 6יח',,IL,ממחטות נייר 6 יח,יחידה,1.00,יחידה,false,1,9.90,9.90,true,1,
8410076610492,false,חטיף שיבולת שועל מלאה ובוטנים בציפוי עם חמאת בוטנים,יבואן ומשווק: ש. שסט,GB,חטיפי צ'ואי 5 יח,גרמים,150.00,100 גרם,false,1,15.90,10.60,true,1,
8410076621047,false,עוגות אישיות בטעם שוקולד עם חתיכות בטעם שוקולד,"גלאטס סירו בע""\מ",ES,חטיפי פייבר 1,גרמים,120.00,100 גרם,false,1,12.90,10.75,true,1,
8410436218054,false,סאיוס אולאו אינטנס 3-82 מהגוני עדין,סאיוס syoss,DE,צבע לשיער אולאו,יחידה,1.00,יחידה,false,0,29.90,29.90,true,1,
8410436218092,false,צבע שיער סאיוס אולאו אינטנס 4-18,סאיוס syoss,DE,צבע לשיער אולאו,יחידה,1.00,יחידה,false,0,29.90,29.90,true,1,
8410436218177,false,סאיוס אולאו אינטנס 5-86 חום מתוק,סאיוס syoss,DE,צבע לשיער אולאו,יחידה,1.00,יחידה,false,0,29.90,29.90,true,1,
8410436218214,false,סאיוס אולאו אינטנס 7-10 בלונד טבעי,סאיוס syoss,DE,צבע לשיער אולאו,יחידה,1.00,יחידה,false,0,29.90,29.90,true,1,
8410436218337,false,סאיוס אולאו אינטנס 9-10 בלונד בהיר,סאיוס syoss,DE,צבע לשיער אולאו,יחידה,1.00,יחידה,false,0,29.90,29.90,true,1,
8410436227698,false,צבע שיער סאיוס אולאו אינטנס 1-10,סאיוס syoss,DE,צבע לשיער סאיוס,יחידה,1.00,יחידה,false,0,29.90,29.90,true,1,
8411061026342,false,GIRL GOOD א.ד.פ לאשה80מל,,FR,GIRL GOOD א.ד.פ,מיליליטרים,80.00,"100 מ""ל",false,1,449.00,561.25,true,1,
8411061032756,false,212HEROESא.ד.ט לגבר מארז,PUIG בישום,ES,212HEROES א.ד.ט,יחידה,1.00,יחידה,false,1,350.00,350.00,true,1,
8411061033906,false,BB א.ד.ט+ג'ל רחצה לגבר,PUIG בישום,ES,BB א.ד.ט+ג'ל רח,יחידה,1.00,יחידה,false,1,400.00,400.00,true,1,
8411061043844,false,212VIP BLACK EDP 100ML חדש,,FR,BLACK VIP 212 א,מיליליטרים,100.00,"100 מ""ל",false,1,330.00,330.00,true,1,
8411061819838,false,GIRL GOOD א.ד.פ לאשה,PUIG בישום,IL,GIRL GOOD א.ד.פ,מיליליטרים,50.00,"100 מ""ל",false,0,350.00,700.00,true,1,
8411114084589,false,"בושם חד קרן לבנות 30 מ""ל",,ES,בושם חד קרן,מיליליטרים,30.00,"100 מ""ל",false,0,34.90,116.33,true,1,
8412300801072,false,"קרם רב שימושי ניוואה 400 מ""ל",ביירסדורץ,DE,"ניוואה קרם רב""ש",מיליליטרים,400.00,"100 מ""ל",false,1,34.90,8.73,true,1,
8423207206501,false,סלים דליס חטיף דגנים עם שוקולד חלב מרבה 6*13 גרם,סלים דליס Slim Delis,ES,חטיפי דגנים מרבה,גרמים,120.00,100 גרם,false,0,15.90,13.25,true,1,
8423207208697,false,חטיפי סלים דליס לילדים שוקולד לבן מרבה 6 יחידות,ביסנצ'ורי אס.אל.יו,ES,סלים דליס 6 יח,גרמים,120.00,100 גרם,false,1,15.90,13.25,true,1,
8423207208703,false,חטיפי סלים דליס שוקולד מריר מרבה 6 יחידות,ביסנצ'ורי אס.אל.יו,ES,סלים דליס 6 יח,גרמים,120.00,100 גרם,false,1,15.90,13.25,true,1,
8427030007281,false,סימילאק גולד קומפורט 1 תרכובת מזון על בסיס חלב,סימילאק Similac,ES,סימילאק קומפורט,גרמים,820.00,100 גרם,false,1,105.90,12.91,true,1,
8427030007298,false,סימילאק גולד קומפורט 2 תרכובת מזון על בסיס חלב,אבוט לבורטוריס ס.א.,ES,סימילאק קומפורט,גרמים,820.00,100 גרם,false,1,105.90,12.91,true,1,
8683130025581,false,"מרכך כביסה מרוכז אקסטרה ענבר בדין 960 מ""ל",יבוא ושיווק: יוניליוור י,TR,מרכך בדין אקסטרה,מיליליטרים,960.00,"100 מ""ל",false,1,18.90,1.97,true,1,
8690572783931,false,"פה - דאודורנט ספריי לגבר אינוויזיבל פאוואר 200 מ""ל",שוורצקופף והנקל,DE,דאודורנט פה,מיליליטרים,200.00,"100 מ""ל",false,1,13.90,6.95,true,1,
8690572788851,false,"גליס - שמפו ביו טק 400 מ""ל",שוורצקופף והנקל,TR,שמפו גליס ביו טק,מיליליטרים,400.00,"100 מ""ל",false,1,17.90,4.48,true,1,
8690572788912,false,"גליס - ביו טק מרכך 400 מ""ל",שוורצקופף והנקל,TR,מרכך גליס ביו טק,מיליליטרים,400.00,"100 מ""ל",false,1,17.90,4.48,true,1,
8690572794692,false,"גליס - שמפו לאיזון והזנת הקרקפת 400 מ""ל","הובי קוסמטיק, חברת ייצור",TR,שמפו לאיזון והזנ,מיליליטרים,400.00,"100 מ""ל",false,1,17.90,4.48,true,1,
8690572799499,false,"סאיוס - מרכך אולאו 500 מ""ל",הובי קוסמטיק,TR,מרכך אולאו,מיליליטרים,500.00,"100 מ""ל",false,1,13.90,2.78,true,1,
8690637505607,false,בדין אקסטרה מרכך כביסה בניחוח פינוק כחול,יוניליוור סנאיי וי טיקאר,TR,מרכך כביסה בדין,מיליליטרים,960.00,"100 מ""ל",false,1,18.90,1.97,true,1,
8690637916991,false,מרכך דאב עם שמן אבוקדו ותמצית קלנדולה600,יונילוור - תורכיה,TR,מרכך שיער דאב,מיליליטרים,600.00,"100 מ""ל",false,1,21.90,3.65,true,1,
8690637946301,false,"בדין - מרכך כביסה אקסטרא בייביי כחול 960 מ""ל",יוניליוור סנאיי וי טיקאר,TR,בדין מרכך בייבי,מיליליטרים,960.00,"100 מ""ל",false,1,18.90,1.97,true,1,
8690637977794,false,תחליב רחצה לידיים בניחוח חמאת שיאה ווניל,קוסטר אירוסול ולף סנ,TR,דאב סבון ידיים,מיליליטרים,500.00,"100 מ""ל",false,1,16.90,3.38,true,1,
8693495052177,false,פלמוליב נטורלס תחליב רחצה זיתים 750 מל,קולגייט פלמוליב,TR,סבון פלמוליב,מיליליטרים,750.00,"100 מ""ל",false,1,16.90,2.26,true,1,
8693495052931,false,זוג מברשות שיניים אדוונסט 360 לניקוי כל חלל הפה,קולגייט פלמוליב,CN,מברשות קולגייט,יחידה,1.00,יחידה,false,1,31.90,31.90,true,1,
8710103831662,false,ONE BLADE מכשיר לעיצוב זיפים וגילוח פנים וגוף 45 דקות פעולה,פיליפס-גילוח,ID,וואן בלייד לפנים,יחידה,1.00,יחידה,false,1,289.90,289.90,true,1,
8710103873938,false,אוונט זוג פטמות נטורל מעבר בינוני,פיליפס אוונט,GB,אוונט פטמת מעבר,יחידה,1.00,יחידה,false,1,43.90,43.90,true,1,
8710103875666,false,אוונט בקבוק נטורל 2 125 מל,פיליפס אוונט,GB,אוונט בקבוק,יחידה,1.00,יחידה,false,1,54.90,54.90,true,1,
8710103901822,false,אוונט מוצץ 6-18 אולטרה אייר לילה בנות,פיליפס אוונט,GB,מוצץ אולטרא אייר,יחידה,1.00,יחידה,false,1,54.90,54.90,true,1,
8710103952220,false,סכינים לוואן בלייד 2*,פילפס,ID,סכינים לוואן בלי,יחידה,1.00,יחידה,false,1,159.90,159.90,true,1,
8710447224311,false,מרכך בוטניק בתוספת שמן קוקוס ואלוורה,יוניליוור פולין,PL,מרכך טרזמה,מיליליטרים,400.00,"100 מ""ל",false,1,18.90,4.73,true,1,
8710447224342,false,טרזמה שמפו קרטין לשיער 400 מל,"יוניליוור פולין, רחוב קר",PL,טרזמה שמפו קרטין,מיליליטרים,400.00,"100 מ""ל",false,1,18.90,4.73,true,1,
8710447240915,false,טרזמה מסכה משקמת בתוספת ביוטין 300 מל,"יוניליוור פולין, רחוב קר",PL,טרזמה מסכה משקמת,מיליליטרים,300.00,"100 מ""ל",false,1,34.90,11.63,true,1,
8710447275313,false,דאב קרם ידיים שמן קוקוס וחלב שקדים,"יוניליוור פולין, רחוב קר",PL,קרם ידיים דאב,מיליליטרים,75.00,"100 מ""ל",false,1,13.90,18.53,true,1,
8710847860843,false,"רקסונה - דאודורנט רולאון לאישה אינביזיבל 50 מ""ל",יוניליוור אנגליה,GB,דאודורנט רקסונה,מיליליטרים,50.00,"100 מ""ל",false,1,17.90,35.80,true,1,
8710847973970,false,"תחליב רחצה דאב אלוורה מי עץ שדר, 750 מ""ל","יוניליוור גרמניה, Gmbh &",DE,תחליב רחצה דאב,מיליליטרים,750.00,"100 מ""ל",false,1,23.90,3.19,true,1,
8710847974199,false,"תחליב רחצה קקאו דאב 500 מ""ל","יוניליוור גרמניה, Gmbh &",DE,תחליב רחצה דאב,מיליליטרים,500.00,"100 מ""ל",false,1,17.90,3.58,true,1,
8710908326691,false,"תחליב רחצה פרח האדמונית דאב 750 מ""ל",יוניליוור גרמניה (בו,DE,תחליב רחצה דאב,מיליליטרים,750.00,"100 מ""ל",false,1,23.90,3.19,true,1,
8710908404184,false,"דאב דאו ספריי אורגינל 50 מ""ל*-ללא אלומני","פרמול איטליה, קומון",GB,דאודורנט דאב,מיליליטרים,150.00,"100 מ""ל",false,1,12.90,8.60,true,1,
8710908693809,false,"TRESSEMME מסיכה טיפולית עם קרטין 300מ""ל","יוניליוור פולין, רחוב קר",PL,מסכה טרזמה,מיליליטרים,300.00,"100 מ""ל",false,1,34.90,11.63,true,1,
8712400802499,false,תרכובת מזון המשך לפעוטות על בסיס חלב שלב 1,נוטרישיה קאלק ב. ו.,NL,נוטרילון שלה1-,גרמים,800.00,100 גרם,false,0,68.90,8.61,true,1,
8712400802512,false,תרכובת מזון המשך לפעוטות על בסיס חלב שלב 2,נוטרישיה קאלק ב. ו.,NL,נוטרילון שלב2-,גרמים,800.00,100 גרם,false,0,68.90,8.61,true,1,
8712400802536,false,תרכובת מזון המשך לפעוטות על בסיס חלב שלב 3,נוטרישיה קאלק ב. ו.,NL,נוטרילון שלב3-,גרמים,800.00,100 גרם,false,0,68.90,8.61,true,1,
8712561594608,false,"דאב תחליב רחיצה להזנה עמוקה 750 מ""ל","יוניליוור גרמניה, Gmbh &",DE,תחליב רחצה דאב,מיליליטרים,750.00,"100 מ""ל",false,1,23.90,3.19,true,1,
8712561611183,false,דאב סבון נוזלי 500 תמציות מלפפונים ותה,"יוניליוור גרמניה, Gmbh &",DE,תחליב רחצה דאב,מיליליטרים,500.00,"100 מ""ל",false,1,17.90,3.58,true,1,
8714789529561,false,"משחת שיניים סנסטיב פרו ריליף להלבנה קולגייט 75 מ""ל",קולגייט-פלמוליב,BR,משחת קולגייט,מיליליטרים,75.00,"100 מ""ל",false,0,19.90,26.53,true,1,
8714789582764,false,אג'קס ספריי לניקוי חלונות ומשטחים,הנסיך- מפעל לייצור ט,GR,מרסס לחלונות,מיליליטרים,750.00,"100 מ""ל",false,0,13.90,1.86,true,1,
8714789699110,false,פלמוליב סבון מוצק שקדים 90*4 גרם,קולגייט פלמוליב,TR,סבון מוצק חלב שק,יחידה,1.00,יחידה,false,1,14.90,14.90,true,1,
8714789930848,false,"משחת שיניים אופטיק וייט הלבנה מיידית קולגייט 75 מ""ל",הנסיך- מפעל לייצור ט,PL,משחת קולגייט,מיליליטרים,75.00,"100 מ""ל",false,0,20.90,27.87,true,1,
8714789966403,false,ליידי ספיד סטיק פרו 5 ג'ל 65 גר',קולגייט פלמוליב,US,ליידי ספיד סטיק,גרמים,65.00,100 גרם,false,1,17.90,27.54,true,1,
8717163647226,false,"אקס דאודורנט ספריי גוף בלאק 150 מ""ל",ארנסט. רחוב קומבינצק,GB,אקס ספריי,מיליליטרים,150.00,"100 מ""ל",false,1,11.90,7.93,true,1,
8717163647233,false,"אקס דאודורנט ספריי גוף בלאק נייט 150 מ""ל",ארנסט. רחוב קומבינצק,GB,אקס ספריי,מיליליטרים,150.00,"100 מ""ל",false,1,11.90,7.93,true,1,
8717163647240,false,"אקס דאודורנט ספריי גוף לגבר שוקולד 150 מ""ל",יוניליוור גרמניה (בו,GB,אקס ספריי,מיליליטרים,150.00,"100 מ""ל",false,1,11.90,7.93,true,1,
8717163655764,false,"רקסונה - דאודורנט ספריי לאישה שוואר פרש 150 מ""ל","קוסטר אירוסול, גבזה 4140",GB,דאודורנט רקסונה,מיליליטרים,150.00,"100 מ""ל",false,1,17.90,11.93,true,1,
8717163655825,false,"רקסונה דאו' ספריי לנשים בניחוח כותנה, 150 מ""ל","קוסטר אירוסול, גבזה 4140",GB,דאודורנט רקסונה,מיליליטרים,150.00,"100 מ""ל",false,1,17.90,11.93,true,1,
8717163714850,false,"דאו דאב ספריי קוקוס ויסמין 150 מ""ל","קוסטר אירוסול, גבזה 4140",TR,דאודורנט דאב,מיליליטרים,150.00,"100 מ""ל",false,1,12.90,8.60,true,1,
8718951093331,false,מרידול זוג מברשות שיניים אקסטרה סופט,קולגייט פלמוליב,CH,זוג מברשות מרידו,יחידה,1.00,יחידה,false,1,38.90,38.90,true,1,
8718951176102,false,קולגייט משחת טוטל פר,,PL,משחת טוטל מרעננת,מיליליטרים,75.00,"100 מ""ל",false,1,14.90,19.87,true,1,
8718951236790,false,"קולגייט טוטאל משחת שיניים קלין מינט לפה בריא 100 מ""ל",קולגייט פלמוליב,PL,קולגייט טוטל,מיליליטרים,100.00,"100 מ""ל",false,1,14.90,14.90,true,1,
8718951236813,false,"קולגייט טוטאל משחת שיניים ניקוי מתקדם לפה בריא יותר 100 מ""ל",קולגייט פלמוליב,PL,משחת קולגייט,מיליליטרים,100.00,"100 מ""ל",false,1,14.90,14.90,true,1,
8718951240742,false,"קולגייט טוטאל משחת שיניים פסים מרעננים 100 מ""ל",קולגייט פלמוליב,PL,קולגייט טוטל,מיליליטרים,100.00,"100 מ""ל",false,1,14.90,14.90,true,1,
8718951259409,false,"פלמוליב תחליב רחצה נטורלס לעור עדין 750 מ""ל",קולגייט פלמוליב,IT,תחליב רחצה נטורל,מיליליטרים,750.00,"100 מ""ל",false,1,16.90,2.26,true,1,
8718951264618,false,"קולגייט אופטיק וייט פחם צ'רקול משחת שיניים, 75 מ""ל",קולגייט-פלמוליב,PL,משחת קולגייט,מיליליטרים,75.00,"100 מ""ל",false,1,19.90,26.54,true,1,
8718951278851,false,מ.שיניים אדוונס וויט פחם,קולגייט,PL,מ.שיניים קולגייט,מיליליטרים,100.00,"100 מ""ל",false,1,19.90,19.90,true,1,
8718951281738,false,אלמקס סנסיטיב משחה לשיניים רגישות,CP-Poland swidnica,PL,משחת אלמקס,מיליליטרים,75.00,"100 מ""ל",false,1,18.90,25.20,true,1,
8718951286672,false,"משחת שיניים לחניכיים, 75 מ""ל קולגייט",קולגייט פלמוליב,PL,קולגייט מ.שיניים,מיליליטרים,75.00,"100 מ""ל",false,1,17.90,23.86,true,1,
8718951314023,false,פלמוליב נטורלס תחליב רחצה אפרסק 750 מל,קולגייט פלמוליב,TR,תחליב רחצה אפרסק,מיליליטרים,750.00,"100 מ""ל",false,1,16.90,2.26,true,1,
8718951381292,false,"משחת שיניים מקס דיטוקס פואם קולגייט 125 מ""ל",קולגייט Colgate,PL,משחת מקס דיטוקס,מיליליטרים,125.00,"100 מ""ל",false,1,22.90,18.32,true,1,
8718951382718,false,"פלמוליב ג'ל רחצה חימר התחדשות 750 מ""ל",קולגייט פלמוליב,TR,סבון פמוליב,מיליליטרים,750.00,"100 מ""ל",false,1,16.90,2.26,true,1,
8718951477384,false,"קולגייט משחת שיניים טוטאל ג'ל מתקדם פיור 75 מ""ל",קולגייט פלמוליב,PL,משחת טוטאל ג'ל,מיליליטרים,75.00,"100 מ""ל",false,1,21.90,29.20,true,1,
8718951509627,false,"קולגייט אופטיק וייט לאוהבי קפה ותה משחת שיניים 75 מ""ל",קולגייט פלמוליב,PL,קולגייט משחה,מיליליטרים,75.00,"100 מ""ל",false,1,24.90,33.20,true,1,
8720181045912,false,"אקס דאודורנט ספריי גוף אפריקה 150 מ""ל","יוניליוור אנגליה, דרך קו",GB,אקס ספריי,מיליליטרים,150.00,"100 מ""ל",false,1,11.90,7.93,true,1,
8720181046605,false,דאב - דאודורנט ספריי לאישה אורגינל כחול 150מל,"יוניליוור אנגליה, דרך קו",TR,דאודורנט דאב,מיליליטרים,150.00,"100 מ""ל",false,1,12.90,8.60,true,1,
8720181046612,false,"דאב - דאודורנט רול און לאישה אורגינל 50 מ""ל","יוניליוור אנגליה, דרך קו",GB,דאב רול און,מיליליטרים,50.00,"100 מ""ל",false,1,12.90,25.80,true,1,
8720182253156,false,דאב אל סבון מוצק מלפפונים 90 גרם רביעייה,יוניליוור ישראל טיפוח אי,DE,דאב סבון מוצק מל,גרמים,360.00,100 גרם,false,1,17.00,4.72,true,1,
8720182256850,false,דאב אל סבון מוצק קלאסי 90 גרם רביעייה,יוניליוור ישראל טיפוח אי,DE,דאב סבון מוצק קל,גרמים,360.00,100 גרם,false,1,17.00,4.72,true,1,
8850389103128,false,"משקה קל סאפה בטעם תפוח 300 מ""ל",פארייפאבה אגרואינדוס,TH,משקה סאפה תפוח,מיליליטרים,300.00,"100 מ""ל",false,0,7.90,2.63,true,1,
8850389103159,false,"משקה ליצ'י עם חתיכות גלי קוקוס 320 מ""ל מוגו מוגו",סאפה פובליק קומפני לימיט,TH,מוגו ליצ'י קוקוס,מיליליטרים,320.00,"100 מ""ל",false,1,6.90,2.16,true,1,
8850389104637,false,"משקה קל סאפה אלוורה אפרסק 300 מ""ל",פארייפאבה אגרואינדוס,TH,סאפה אפרסק,מיליליטרים,300.00,"100 מ""ל",false,0,7.90,2.63,true,1,
8888021200256,false,סוללות אנרג'ייזר AA מקס 8 יחידות,יצרן: אנרג'ייזר סינג,SG,שמינית סוללות,יחידה,1.00,יחידה,false,0,21.90,21.90,true,1,
8901314116079,false,מברשת ילדים ברבי,קולגייט-פלמוליב,CN,מברשת לילדים,יחידה,1.00,יחידה,false,1,10.90,10.90,true,1,
8901314116086,false,מברשת שיניים קולגייט ילדים באטמן,קולגייט-פלמוליב,CN,מברשת לילדים,יחידה,1.00,יחידה,false,1,10.90,10.90,true,1,
8901314517463,false,קולגייט מברשת שיניים,פרוקטר אנד גמבל,IN,מברשת קולגייט360,יחידה,1.00,יחידה,false,1,23.90,23.90,true,1,
8906008231281,false,FRIENDS חיתולים למבוגרים (10 טיפות) M,נובל חייגיאן,IN,חיתולי לילה M,יחידה,1.00,יחידה,false,1,44.90,44.90,true,1,
8906008231298,false,FRIENDS חיתולים למבוגרים (10 טיפות) L,נובל חייגיאן,IN,חיתולי לילה למבו,יחידה,1.00,יחידה,false,1,44.90,44.90,true,1,
9000100591058,false,"סאיוס - ג'ל לשיער לייצוב מקסימלי 250 מ""ל",הנקל סוד,DE,ג'ל לעיצוב סאיוס,מיליליטרים,250.00,"100 מ""ל",false,0,29.90,11.96,true,1,
9000100806657,false,"פה - דאודורנט רול און לאישה בלתי נראה 50 מ""ל",שוורצקופף והנקל,DE,דאודורנט פה,מיליליטרים,50.00,"100 מ""ל",false,0,13.90,27.80,true,1,
9000100843256,false,"גליס תמציות שמן 6 פעולות משקמות 75 מ""ל",שוורצקוף Schwarzkopf,SK,גליס שמן משקם,מיליליטרים,75.00,"100 מ""ל",false,0,24.90,33.20,true,1,
9000101418163,false,"סבון אסלה בניחוח מתחלף תפוח ירוק נופר, 3 יחידות",ברף Bref,RS,ברף לאסלה 3 יח,גרמים,150.00,100 גרם,false,1,20.90,13.93,true,1,
9000101520965,false,"סבון אסלה בניחוח מתחלף לוטוס עדין במבוק, 3 יחידות",ברף Bref,RS,ברף לאסלה 3 יח,גרמים,150.00,100 גרם,false,1,20.90,13.93,true,1,
9000101537550,false,פרסיל קאפסולות לכביסה לבנה וצבעונית 52 יח',הנקל סוד,HU,פרסיל פאוור קאפס,יחידה,1.00,יחידה,false,1,64.90,64.90,true,1,
9001616203305,false,זוג פטמות X לבקבוק 6+ חודשים,מאם Mam,HU,פיטמה למזון סמיך,יחידה,1.00,יחידה,false,0,29.90,29.90,true,1,
9001616676406,false,מאם בקבוק אנטי קוליק 320 מל תכלת,אלפא,AT,בקבוק אנטי קוליק,יחידה,1.00,יחידה,false,0,38.90,38.90,true,1,
9001616702808,false,זוג מוצצים סיליקון קלירליין מאמ +6 ורוד,אלפא,HU,זוג מוצצים +6 קל,יחידה,1.00,יחידה,false,1,38.90,38.90,true,1,
9001616702945,false,מאם בקבוק אנטי קוליק 320 מל שמנת,אלפא,HU,בקבוק אנטי קוליק,יחידה,1.00,יחידה,false,1,38.90,38.90,true,1,
9001616702983,false,"בקבוק לתינוק מאמ 330 מ""ל",General,HU,בקבוק תינוק סגול,מיליליטרים,330.00,"100 מ""ל",false,1,38.90,11.79,true,1,
9001616702990,false,"בקבוק לתינוק מאמ 330 מ""ל",General,HU,בקבוק תינוק ירו,מיליליטרים,330.00,"100 מ""ל",false,1,38.90,11.79,true,1,
9001616703010,false,"בקבוק תינוק 330 מ""ל ורוד",General,AT,בקבוק תינוק ורוד,מיליליטרים,330.00,"100 מ""ל",false,1,38.90,11.79,true,1,
9001616703027,false,בקבוק האכלה לתינוק מ,General,AT,בקבוק תינוק אפור,מיליליטרים,330.00,"100 מ""ל",false,1,38.90,11.79,true,1,
9001616813856,false,מוצצי +6 יום לילה מארז שלישיה,מאמ,AT,מוצצים יום ולילה,יחידה,1.00,יחידה,false,1,49.90,49.90,true,1,
9310088007015,false,דיפנד תחבושות אוברנייט בלילה,קימברלי-קלארק,VN,תחבושות דיפנד,יחידה,1.00,יחידה,false,0,19.90,19.90,true,1,
