code,internal_code,name,manufacturer_name,manufacture_country,manufacturer_item_description,unit_qty,quantity,unit_of_measure,weighted,qty_in_package,price,unit_of_measure_price,allow_discount,status,item_id
30173651,false,קונסילר אינפליבל 330 11,לוריאל,FR,קונסילר אינפליבל,מיליליטרים,11.00,"100 מ""ל",false,1,55.50,504.55,true,1,
72917589,false,מקופלת חלב 25 גרם,שטראוס,IL,מקופלת חלב,גרמים,25.00,100 גרם,false,0,4.00,16.00,true,1,
72994061,false,פסק זמן 2 גוד 36 גרם,שולן צ'\יקולטה גידה סאן.,TR,פסק זמן 2 גוד,גרמים,36.00,100 גרם,false,0,4.00,11.11,true,1,
80177609,false,אצבעות שוקולד קינדר50גרם,פררו,IT,אצבעות קינדר,גרמים,50.00,100 גרם,false,0,4.00,8.00,true,1,
80768890,false,מסטיק מנטוס מנטה עדינה,פרפטי ואן מלה,TR,מסטיק מנטוס,גרמים,105.00,100 גרם,false,1,8.50,8.10,true,1,
80828174,false,מנטוס וויט מנטה מתוקה60ג,פרפטי ואן מלה,TR,מנטוס וויט,גרמים,60.00,100 גרם,false,0,8.00,13.33,true,1,
87311396,false,מנטוס ריינבאו גליל 37.50,פרפטי ואן מלה,NL,מנטוס ריינבאו,גרמים,37.00,100 גרם,false,0,3.00,8.11,true,1,
25675301184,false,מקלות חמוץ בטעם קולה 50,פאסין ב.ו,NL,מקלות חמוץ קולה,גרמים,50.00,100 גרם,false,0,6.40,12.80,true,1,
608940569054,false,ריהנה רב'ל מארז א.אדפ,אלפא בישום,IL,ריהנה רב'ל מארז,מיליליטרים,100.00,"100 מ""ל",false,0,211.00,211.00,true,1,
608940573853,false,"קנט קול לגבר 100 מ""ל",אלפא בישום,IL,קנט קול לגבר,מיליליטרים,100.00,"100 מ""ל",false,1,169.00,169.00,true,1,
693493053525,false,Fleur Reb'l א.ד.פ לאשה 1,,IL,Fleur Reb'l לאשה,מיליליטרים,100.00,"100 מ""ל",false,1,84.60,84.60,true,1,
737052972305,false,הוגו בוס דה סנט100אדט ג.,לילית בישום,IT,בושם הוגו בוס,מיליליטרים,100.00,"100 מ""ל",false,1,254.00,254.00,true,1,
815151024405,false,"בושם לשיער 30 מ""ל",,IL,בושם לשיער,מיליליטרים,30.00,"100 מ""ל",false,1,68.20,227.33,true,1,
3014260100636,false,מברשת שיניים לילדים 0-2,פרוקטר & גמבל,IE,מברשת שיניים,יחידה,1.00,יחידה,false,1,13.00,13.00,true,1,
3014260100667,false,מברשת השיניים לילדים3-5,פרוקטר & גמבל,IE,מברשת השיניים,יחידה,1.00,יחידה,false,1,13.00,13.00,true,1,
3014260274856,false,מכשיר גילוח מאך 3 טורבו,פרוקטר & גמבל,PL,מכשיר מאך3 טור,יחידה,1.00,יחידה,false,0,40.00,40.00,true,1,
3045140105502,false,שוקולד חלב מילקה 100 גרם,מונדלייז,DE,שוקולד חלב מילקה,גרמים,100.00,100 גרם,false,0,7.60,7.60,true,1,
3145891073706,false,"בלו דה שאנל ג.אדפ 150מ""ל",שאנל בישום,IL,בלו דה שאנל ג.אד,מיליליטרים,150.00,"100 מ""ל",false,0,598.30,398.87,true,1,
3145891166507,false,קוקו מדמואזל אינטנס אדפ,שאנל בישום,IL,קוקו מדמואזל אינ,מיליליטרים,50.00,"100 מ""ל",false,1,478.60,957.20,true,1,
3348901181839,false,דיור אדיקט אדפ,סולארוויו קוסמט,IL,דיור אדיקט אדפ,מיליליטרים,100.00,"100 מ""ל",false,0,494.90,494.90,true,1,
3348901368247,false,"סובאג' אדפ 100 מ""ל",,IL,סובאג' אדפ,מיליליטרים,100.00,"100 מ""ל",false,1,440.10,440.10,true,1,
3355991003019,false,INTENSE SCENT SILVER גבר,אלפא בישום,FR,INT SCENT SILVER,מיליליטרים,100.00,"100 מ""ל",false,0,109.00,109.00,true,1,
3386460032704,false,מונבלאן לגנד לגבר אדט 30,מונבלאן,FR,מונבלאן לגנד,מיליליטרים,30.00,"100 מ""ל",false,1,84.60,282.00,true,1,
3386460101035,false,Explorer א.ד.פ לגבר,ש.שסטוביץ,FR,Explorer א.ד.פ,מיליליטרים,100.00,"100 מ""ל",false,1,254.70,254.70,true,1,
3423470485448,false,Homme Pour א.ד.ט לגבר,איסימיאקי.,IL,Homme Pour לגבר,מיליליטרים,200.00,"100 מ""ל",false,0,298.30,149.15,true,1,
3574660322613,false,קרפרי אוורירי מבושם 56יח,"ש. שסטוביץ בע""\מ",GR,קרפרי מגני תחתון,יחידה,1.00,יחידה,false,0,17.00,17.00,true,1,
3600523201310,false,REVITALIFT  קרם עיניים,אולניי,FR,קרם עיניים,מיליליטרים,15.00,"100 מ""ל",false,1,76.80,512.00,true,1,
3600523428663,false,REVITALIFT קרם יום,"קרלסרו, גרמניה",DE,REVITALIFT קרם,מיליליטרים,50.00,"100 מ""ל",false,1,93.00,186.00,true,1,
3600523516919,false,פיור קלי מסכה כחולה50מל,לוריאל,FR,מסכה לפנים,מיליליטרים,50.00,"100 מ""ל",false,1,42.60,85.20,true,1,
3600523560837,false,ברונזר למראה שזוף גרם,סאפורסאנה,IT,ברונזר למראה שזו,יחידה,1.00,יחידה,false,1,51.30,51.30,true,1,
3600523560899,false,טיפות הארה 01 50מל,סופרוג'ם,FR,טיפות הארה 01 50,מיליליטרים,50.00,"100 מ""ל",false,1,38.30,76.60,true,1,
3600523652242,false,"אלביב שמפו קולור 550 מ""ל",קוסמטיקס,TR,אלביב שמפו,מיליליטרים,550.00,"100 מ""ל",false,1,11.00,2.00,true,1,
3600540308665,false,צבע קולור נטורלס בלונד 8,קוסמופול,PL,צבע לשיער גרנייה,יחידה,1.00,יחידה,false,0,12.70,12.70,true,1,
3600540308719,false,צבע קולור נטורלס 8.1,קוסמופול,PL,צבע לשיער גרנייה,יחידה,1.00,יחידה,false,0,12.70,12.70,true,1,
3600541414051,false,דאודורנט רול אינביזי פרש,קוסמופול,PL,דאו.גרנייה,מיליליטרים,50.00,"100 מ""ל",false,0,10.10,20.20,true,1,
3600541448476,false,"דאו.רול קונטרול 50 מ""ל",,FR,דאודורנט גרנייה,מיליליטרים,50.00,"100 מ""ל",false,1,10.10,20.20,true,1,
3600541740006,false,דאודורנט ספריי אקשן 150מ,סופרוקוס,FR,דאו.גרנייה,מיליליטרים,150.00,"100 מ""ל",false,1,10.10,6.73,true,1,
3600541931725,false,גרנייה BB קלאסי מדיום50מ,לוריאל,FR,קרם לחות,מיליליטרים,50.00,"100 מ""ל",false,1,42.60,85.20,true,1,
3605533286555,false,belle est vie La א.ד.פ,לנקום בישום,IL,belle est vie La,מיליליטרים,100.00,"100 מ""ל",false,1,297.00,297.00,true,1,
3607345264356,false,"דאו.פיוזן דינמיק 150 מ""ל",COLEPCCL,PL,דאו.פיוזן דינמיק,מיליליטרים,150.00,"100 מ""ל",false,0,17.00,11.33,true,1,
3607347733423,false,paradiso א.ד.פ לאשה,לילית בישום,FR,paradiso לאשה,מיליליטרים,50.00,"100 מ""ל",false,1,237.00,474.00,true,1,
3614226761613,false,קולסטון ספריי לכיסוי חום,דיפלומט,DE,קולסטון ספריי,מיליליטרים,75.00,"100 מ""ל",false,1,17.00,22.67,true,1,
3700066713636,false,"ג'נטל אדפ 100 מ""ל",,IL,ג'נטל אדפ,מיליליטרים,100.00,"100 מ""ל",false,1,84.60,84.60,true,1,
3760100682786,false,ג'ל רחצה 1 ליטר,אבולודרם,FR,ג'ל רחצה,ליטרים,1.00,ליטר,false,1,17.00,17.00,true,1,
3760168633065,false,לואיס ורל ווסט סייד מאר,לואיס ורל,IL,לואיס ורל ווסט,מיליליטרים,90.00,"100 מ""ל",false,0,84.60,94.00,true,1,
4005808366392,false,שפתון לבלו כחול,ביירסדורץ,IL,שפתון לבלו כחול,יחידה,1.00,יחידה,false,1,10.00,10.00,true,1,
4005808670314,false,קרם לחות לעור רגיל/מעורב,ביירסדורץ,IL,קרם לחות,מיליליטרים,50.00,"100 מ""ל",false,0,58.10,116.20,true,1,
4005808827336,false,סלולר קרם עיניים,ניוואה ויסאז',IL,סלולר קרם עיניים,מיליליטרים,15.00,"100 מ""ל",false,0,84.60,564.00,true,1,
4005808890576,false,קרם ידיים ניוואה סופט75מ,ביירסדורץ,ES,קרם ידיים ניוואה,מיליליטרים,75.00,"100 מ""ל",false,0,17.00,22.67,true,1,
4005900036483,false,דאו.ניוואה בלק&וייט 150מ,ביירסדורץ,DE,דאודורנט ניוואה,מיליליטרים,150.00,"100 מ""ל",false,0,15.20,10.14,true,1,
4005900488459,false,ניוואה רול און פרש לאישה,ביירסדורץ,DE,ניוואה רול און,מיליליטרים,50.00,"100 מ""ל",false,1,15.20,30.40,true,1,
4005900494924,false,ניוואה דאו לאשה 150 מל,BEIERSDORF,DE,דאו . ניוואה,מיליליטרים,150.00,"100 מ""ל",false,1,15.20,10.14,true,1,
4005900496331,false,מים מיסלריים אקספרט 400,אלפא קוסמטיקה,FR,מים מיסלריים אקס,מיליליטרים,400.00,"100 מ""ל",false,1,25.50,6.37,true,1,
4009900465304,false,סוכריות סקיטלס חמוץ174גר,ריגלי ממתקים,CZ,סוכריות סקיטלס,גרמים,174.00,100 גרם,false,0,7.50,4.31,true,1,
4009900504218,false,אורביט תפוז בקבוקון64ג,ריגלי,PL,אורביט בקבוקון,גרמים,64.00,100 גרם,false,1,10.10,15.78,true,1,
4014400923711,false,טופיפי 125 גרם,שטורק,DE,טופיפי,גרמים,125.00,100 גרם,false,1,12.00,9.60,true,1,
4015000976268,false,גליס שמפו מיליון גלוס400,הנקל סוד,TR,שמפו גליס,מיליליטרים,400.00,"100 מ""ל",false,0,15.30,3.83,true,1,
4015000996273,false,גליס מרכך שמן אולטימט400,הנקל סוד,TR,מרכך גליס,מיליליטרים,400.00,"100 מ""ל",false,0,15.30,3.83,true,1,
4015400269762,false,טמפקס פרל רגולר 20יחידות,פרוקטר אנד גמבל,HU,טמפקס פרל,יחידה,1.00,יחידה,false,0,19.50,19.50,true,1,
4056800693061,false,וולפלקס ג'ל לשיער 150מל,פרוקטר & גמבל,DE,וולהפלקס ג'ל,מיליליטרים,150.00,"100 מ""ל",false,0,12.00,8.00,true,1,
4056800943791,false,"חמצן וולה 9% 60 מ""ל",פרוקטר & גמבל,FR,חמצן וולה9%,מיליליטרים,60.00,"100 מ""ל",false,0,4.50,7.50,true,1,
4059729036742,false,עיפרון גבות סלים 40,CATRICE,DE,עיפרון גבות סלים,יחידה,1.00,יחידה,false,0,11.90,11.90,true,1,
4059729191748,false,עפרון קז'אל 270 יח',,DE,עפרון קז'אל 270,יחידה,1.00,יחידה,false,1,7.60,7.60,true,1,
4250035288157,false,עפרון קז'אל 10,CATRICE,DE,עפרון קז'אל 10,יחידה,1.00,יחידה,false,0,7.50,7.50,true,1,
4250338474363,false,איילנר נוזלי,CATRICE,DE,איילנר נוזלי,יחידה,1.00,יחידה,false,0,13.00,13.00,true,1,
4250587732825,false,פודרה משזפת 30 יח',CATRICE,DE,פודרה משזפת 30,יחידה,1.00,יחידה,false,0,15.30,15.30,true,1,
4250947598283,false,מייק אפ 10-HD,CATRICE,DE,מייק אפ 10-HD,מיליליטרים,30.00,"100 מ""ל",false,0,27.30,91.00,true,1,
4250947598306,false,מייק אפ 30-HD,CATRICE,DE,מייק אפ 30-HD,מיליליטרים,30.00,"100 מ""ל",false,0,27.30,91.00,true,1,
4250947598313,false,מייק אפ 40-HD,CATRICE,DE,מייק אפ 40-HD,מיליליטרים,30.00,"100 מ""ל",false,0,27.30,91.00,true,1,
4251232217742,false,צללית מטאלית 10,CATRICE,DE,צללית מטאלית 10,יחידה,1.00,יחידה,false,0,15.30,15.30,true,1,
4251232282788,false,עפרון קז'אל 260,CATRICE,DE,עפרון קז'אל 260,יחידה,1.00,יחידה,false,0,7.50,7.50,true,1,
4251232282795,false,מסקרה רוק קוטור,CATRICE,DE,מסקרה רוק קוטור,יחידה,1.00,יחידה,false,0,15.30,15.30,true,1,
4891228430085,false,4 סכיני גילוח אקסטרים3-,שיק,CN,סכיני גילוח,יחידה,1.00,יחידה,false,0,14.40,14.40,true,1,
4891228430092,false,4סכינ.גילוח אקסטרים3 אשה,שיק,CN,סכיני גילוח,יחידה,1.00,יחידה,false,0,14.40,14.40,true,1,
5000394017764,false,8 סוללות דורסל AA,פרוקטר & גמבל,IL,8 סוללות דורסל,יחידה,1.00,יחידה,false,1,17.00,17.00,true,1,
5016221997055,false,דנטל ראשים למברשת חשמלית,דנטל,IL,דנטל ראשים למברש,יחידה,1.00,יחידה,false,0,40.90,40.90,true,1,
5099821001889,false,"שמן שיזוף 220מ""ל SPF30",אמיליה,IL,שמן שיזוף H.T,מיליליטרים,220.00,"100 מ""ל",false,1,46.90,21.32,true,1,
5201178801047,false,"קרם לחות ניוואה 150 מ""ל",ביירסדורץ,DE,קרם לחות ניוואה,מיליליטרים,150.00,"100 מ""ל",false,0,21.20,14.13,true,1,
5391523057943,false,סימילאק גולד שלב 3 700 ג,אבוט,IE,סימילאק גולד,גרמים,700.00,100 גרם,false,1,73.40,10.49,true,1,
5391523058070,false,סימילאק אדבנס+ שלב3 700ג,אבוט,IE,סימילאק אדבנס,גרמים,700.00,100 גרם,false,1,61.40,8.77,true,1,
5410103161518,false,ACTIVE TRIPLE קרם לחות,קלסרואה,DE,קרם לחות,מיליליטרים,50.00,"100 מ""ל",false,0,47.00,94.00,true,1,
5411281755421,false,שוקולד דוקדו חלב מוס 160,,BE,שוקולד דוקדו חלב,גרמים,160.00,100 גרם,false,1,8.50,5.31,true,1,
5601036205657,false,אקסלנס בלונד מס7',ליברמו,BE,צבע לשיער אקסלנס,יחידה,1.00,יחידה,false,0,34.10,34.10,true,1,
5900627027020,false,ויט ק.מקלחת עור רגיל150מ,רקיט בנקיזר,FR,קרם להסרת שיער,מיליליטרים,150.00,"100 מ""ל",false,0,41.00,27.33,true,1,
6001067017523,false,מברשת שיניים ילדים גיל+6,קולגייט- פלמוליב,CN,מברשת שיניים,יחידה,1.00,יחידה,false,0,11.80,11.80,true,1,
7290000066158,false,ביסלי בצל 67 גרם,"אסם השקעות בע""\מ",IL,ביסלי בטעם בצל,גרמים,67.00,100 גרם,false,0,4.00,5.97,true,1,
7290000066318,false,במבה 80 גרם,"אסם השקעות בע""\מ",IL,במבה,גרמים,80.00,100 גרם,false,0,5.00,6.25,true,1,
7290000188553,false,60מגני תחתון קוטקס סילקN,חוגלה קימברלי,CN,מגן תחתון קוטקס,יחידה,1.00,יחידה,false,0,18.00,18.00,true,1,
7290000188591,false,60מגני תחתון קוטקס סילקY,חוגלה קימברלי,CN,מגן תחתון קוטקס,יחידה,1.00,יחידה,false,0,18.00,18.00,true,1,
7290000197548,false,36האגיס פרידום דריי שלב5,חוגלה קימברלי,IL,חיתולי האגיס,יחידה,1.00,יחידה,false,0,29.80,29.80,true,1,
7290000262413,false,34האגיס אקסטרה קר מידה5,חוגלה קימברלי,CZ,חיתולי האגיס,יחידה,1.00,יחידה,false,1,42.60,42.60,true,1,
7290000560861,false,"אדג' ג'ל גילוח 200 מ""ל",אנרג'ייזר,US,אדג' ג'ל גילוח,מיליליטרים,200.00,"100 מ""ל",false,1,13.50,6.75,true,1,
7290002730354,false,12 תחבושות הגיינה וניה,,BE,תחבושות הגיינה,יחידה,1.00,יחידה,false,0,21.00,21.00,true,1,
7290002752349,false,סוכ. מנטוס מנטה 37.5 גרם,פרפטי ואן מלה,NL,סוכריות מנטוס,גרמים,37.00,100 גרם,false,0,3.00,8.11,true,1,
7290003423909,false,חטיף שוק.לבן שברי עוג43.,הרשי,US,חטיף שוקולד לבן,גרמים,43.00,100 גרם,false,0,4.20,9.77,true,1,
7290005427633,false,ג'ל כיף אקסטרים כחול 1קג,קוסמופארם,IL,ג'ל כיף לשיער,קילוגרמים,1.00,"ק""ג",false,0,23.80,23.80,true,1,
7290005500688,false,"מסיכה לשיער פנינה 1 ק""ג",א.ל ארמן,IL,מסיכה לשיער,קילוגרמים,1.00,"ק""ג",false,0,25.00,25.00,true,1,
7290005657627,false,ג'נסיס UC קרם לילה 50 גר,פישר מעבדות פרמצבטיות,IL,קרם לילה,גרמים,50.00,100 גרם,false,0,51.10,102.20,true,1,
7290005896842,false,"סאן בנדטו אפרסק 500 מ""ל",טמפו,IL,סאן בנדטו אפרסק,מיליליטרים,500.00,"100 מ""ל",false,0,4.20,0.84,true,1,
7290006788030,false,"שמפו ""10"" לשיער מתותל700",קרליין,IL,שמפו 10 לשיער,מיליליטרים,700.00,"100 מ""ל",false,0,8.50,1.22,true,1,
7290006788085,false,"מרכך ""10"" לשיער צבוע700מ",קרליין,IL,מרכך 10 לשיער,מיליליטרים,700.00,"100 מ""ל",false,0,8.50,1.22,true,1,
7290006788269,false,PERFECT CARE סרום למיצוק,קרליין,,סרום למיצוק,מיליליטרים,30.00,"100 מ""ל",false,0,51.10,170.33,true,1,
7290008021050,false,שמפו פינוק יבש מאוד700מל,יוניליוור ישראל טיפוח אי,IL,שמפו פינוק,מיליליטרים,700.00,"100 מ""ל",false,0,8.50,1.21,true,1,
7290008021135,false,שמפו פינוק 2ב1- רגיל700מ,יוניליוור ישראל טיפוח אי,IL,שמפו+מרכך פינוק,מיליליטרים,700.00,"100 מ""ל",false,0,8.50,1.21,true,1,
7290008318662,false,קרם גוף חלאבין כתום 275מ,חלאבין,IL,קרם גוף חלאבין,מיליליטרים,275.00,"100 מ""ל",false,0,24.00,8.73,true,1,
7290008464284,false,"פיקסי אפרסק 275 מ""ל","טמפו משקאות בע""מ",IL,פיקסי אפרסק,מיליליטרים,275.00,"100 מ""ל",false,1,4.30,1.56,true,1,
7290010237562,false,מירינדה,,IL,מירינדה,מיליליטרים,500.00,"100 מ""ל",false,0,4.30,0.86,true,1,
7290010822010,false,"ג'אמפ  תפוז 500 מ""ל","טמפו משקאות בע""מ",IL,ג'אמפ  תפוז 500,מיליליטרים,500.00,"100 מ""ל",false,0,4.20,0.84,true,1,
7290011132507,false,סאן בנדטו מוגז 0.5 ליטר,טמפו,IT,סאן בנדטו מוגז 0,מיליליטרים,500.00,"100 מ""ל",false,0,4.30,0.86,true,1,
7290011522605,false,גלייז סטייל לעיצוב ש400.,באלסן,IL,קרם לשיער סטייל,מיליליטרים,400.00,"100 מ""ל",false,0,24.70,6.18,true,1,
7290011765071,false,ג'ל גילוח קרמה רגיל 200מ,קוסמופארם,IL,ג'ל גילוח קרמה,מיליליטרים,200.00,"100 מ""ל",false,0,11.80,5.90,true,1,
7290011765088,false,ג'ל גילוח קרמה COOL 200מ,קוסמופארם,IL,ג'ל גילוח קרמה,מיליליטרים,200.00,"100 מ""ל",false,0,11.80,5.90,true,1,
7290012117558,false,מרכ.מקסימה ס.מרוכז מסק1ל,"סנו מפעלי ברונוס בע""\מ",IL,מקסימה ס.מרוכז,ליטרים,1.00,ליטר,false,0,16.00,16.00,true,1,
7290014454972,false,"לאב לין קרם גוף 275 מ""ל",חלאבין,IL,לאב לין קרם גוף,מיליליטרים,275.00,"100 מ""ל",false,0,24.00,8.73,true,1,
7290014525290,false,סלים דליס קריספי תות125ג,סלים דליס,NL,סלים דליס חטיפים,גרמים,125.00,100 גרם,false,1,12.00,9.60,true,1,
7290014901995,false,משחה אקווה פרש קומפלט100,MICLEN DE,SK,משחה אקווה פרש,מיליליטרים,100.00,"100 מ""ל",false,1,14.00,14.00,true,1,
7290015176385,false,מברשת חשמלית לילדים כחול,פוג'יקום,CN,מברשת שיניים,יחידה,1.00,יחידה,false,1,34.10,34.10,true,1,
7290015176392,false,מברשת חשמלית לילדים ורוד,פוג'יקום,CN,מברשת שיניים,יחידה,1.00,יחידה,false,1,34.10,34.10,true,1,
7290015470384,false,ק.ידיים פנג'ל שמן שקד100,אינטרקוסמא,IL,קרם ידיים פנג'ל,מיליליטרים,100.00,"100 מ""ל",false,1,10.10,10.10,true,1,
7290015683227,false,מטען לבית אייפון 5+6 יח',פוג'יקום,CN,מטען לבית אייפון,יחידה,1.00,יחידה,false,1,68.30,68.30,true,1,
7290015683234,false,מטען לרכב אייפון 5+6 יח',פוג'יקום,CN,מטען לרכב אייפון,יחידה,1.00,יחידה,false,1,68.30,68.30,true,1,
7290016094671,false,ג'נ.אייג' קונטרול סרום,פישר מעבדות פרמצבטיות בע,IL,ג'נ.אייג' קונטרו,מיליליטרים,25.00,"100 מ""ל",false,0,93.90,375.60,true,1,
7290016094688,false,אייג' קונטרול קרם עיניים,פישר מעבדות פרמצבטיות בע,IL,אייג' קונטרול קר,מיליליטרים,15.00,"100 מ""ל",false,0,93.90,626.00,true,1,
7290016230840,false,אוזניות בלוטות' ספורט יח,פוג'יקום,CN,אוזניות בלוטות',יחידה,1.00,יחידה,false,1,84.60,84.60,true,1,
7290016273090,false,סוכריה על מקל בטעמים31גר,,US,סוכריה על מקל,גרמים,31.00,100 גרם,false,1,4.20,13.55,true,1,
7290016321661,false,64*4 פרש וואנס ללא בישום,על בד,IL,פרש וואנס 4יח,יחידה,1.00,יחידה,false,1,12.70,12.70,true,1,
7290016510287,false,תח.רח.הוואי קרם דבש 700,טרופיקל דגיל,IL,תחליב רחצה הוואי,מיליליטרים,700.00,"100 מ""ל",false,1,9.30,1.33,true,1,
7290016510898,false,שמפו הוואי פרחי דובדב700,טרופיקל דגיל,IL,שמפו הוואי,מיליליטרים,700.00,"100 מ""ל",false,1,9.50,1.36,true,1,
7290017407081,false,MY MAY שפתון מט יח',,IL,MY MAY שפתון מט,יחידה,1.00,יחידה,false,1,76.00,76.00,true,1,
7290017440132,false,אולטרסול ספריי שקוףSPF30,פישר מעבדות פרמצבטיות,IL,אולטרסול ספריי,מיליליטרים,150.00,"100 מ""ל",false,1,20.00,13.33,true,1,
7290100247068,false,תחליב פינוק לבנד.וניל700,יוניליוור ישראל טיפוח אי,IL,תחליב רחצה פינוק,מיליליטרים,700.00,"100 מ""ל",false,0,8.50,1.21,true,1,
7290100412817,false,קרם רגליים עור יבש 100מל,אמיליה,IL,קרם רגליים,מיליליטרים,100.00,"100 מ""ל",false,1,11.00,11.00,true,1,
7290100412848,false,תח. גוף אנטי אנרג'ינג400,אמיליה,IL,תחליב גוף,מיליליטרים,400.00,"100 מ""ל",false,1,17.00,4.25,true,1,
7290100921418,false,מרכך הוואי קרטין מחזק700,טרופיקל דגיל,IL,מרכך הוואי,מיליליטרים,700.00,"100 מ""ל",false,0,9.50,1.36,true,1,
7290103129408,false,ליידי ספיד סטיק פרש אסנס,קולגייט פלמוליב,US,ליידי ספיד סטיק,גרמים,65.00,100 גרם,false,0,11.00,16.92,true,1,
7290103332648,false,סט אייקון מסק אויל200מל,גייד בישום,IL,סט אייקון מסק או,מיליליטרים,200.00,"100 מ""ל",false,0,128.10,64.05,true,1,
7290104961526,false,טיטניום ספריי קלאסי150מ,קרליין,IL,טיטניום ספריי,מיליליטרים,150.00,"100 מ""ל",false,0,14.00,9.33,true,1,
7290104961540,false,טיטניום ספריי מטאל 150מ,קרליין,IL,טיטניום ספריי,מיליליטרים,150.00,"100 מ""ל",false,0,14.00,9.33,true,1,
7290104961939,false,PERFECT BB קרם בהיר,קרליין,IL,PERFECT BB קרם,מיליליטרים,50.00,"100 מ""ל",false,0,42.60,85.20,true,1,
7290104962080,false,דאו.טיטניום,,IL,דאו.טיטניום,מיליליטרים,150.00,"100 מ""ל",false,0,14.00,9.33,true,1,
7290104962387,false,GRAVITY ANTI קרם עיניים,קרל.איפור/טיפוח,IL,GRAVITY ANTI קרם,מיליליטרים,15.00,"100 מ""ל",false,0,68.20,454.66,true,1,
7290104963902,false,"URBAN קרם יום 50 מ""ל",פאר פארם.,IL,URBAN קרם יום,מיליליטרים,50.00,"100 מ""ל",false,1,42.60,85.20,true,1,
7290104964145,false,DESIRE א.ד.פ לאשה,קרליין בישום כל,IL,DESIRE א.ד.פ,מיליליטרים,50.00,"100 מ""ל",false,0,59.70,119.40,true,1,
7290104964565,false,מסכה מתקלפת שחורה 150מ,,IL,מסכה מתקלפת שחור,מיליליטרים,150.00,"100 מ""ל",false,1,34.10,22.73,true,1,
7290105431868,false,"פלמוליב ספא קוקוס 500 מ""",קולגייט פלמוליב,TR,פלמוליב ספא,מיליליטרים,500.00,"100 מ""ל",false,0,14.40,2.88,true,1,
7290106656260,false,פופקורן בטעם טבעי 65 גרם,"שטראוס פריטו ליי בע""\מ )",IL,פופקורן טבעי,גרמים,65.00,100 גרם,false,1,3.00,4.62,true,1,
7290107644730,false,פינוק רחצה שמן קוקוס700מ,יוניליוור,IL,פינוק תחליב רחצה,מיליליטרים,700.00,"100 מ""ל",false,1,8.50,1.21,true,1,
7290107972307,false,קולגייט אופטיק וויטן75מל,קולגייט פלמוליב,PL,קולגייט אופטיק,מיליליטרים,75.00,"100 מ""ל",false,1,21.20,28.27,true,1,
7290107977456,false,ג'ל רחצה פלמוליב לגבר750,,TR,ג'ל רחצה פלמוליב,מיליליטרים,750.00,"100 מ""ל",false,1,13.50,1.80,true,1,
7290108350616,false,מרכך מקסימה בלו 1 ליטר,"סנו מפעלי ברונוס בע""\מ",IL,מרכך מקסימה,ליטרים,1.00,ליטר,false,1,16.00,16.00,true,1,
7290108351811,false,מרכך כביסה פלורל טאצ1ל,סנו מפעלי ברונוס בעמ,IL,מרכך מקסימה,ליטרים,1.00,ליטר,false,1,16.00,16.00,true,1,
7290108355253,false,נקה -7ג'ל רחצה לגבר 750,קוסמופארם,IL,נקה -7ג'ל רחצה,מיליליטרים,750.00,"100 מ""ל",false,1,9.80,1.31,true,1,
7290108357707,false,כיף שמפו לשיער רגיל 700מ,קוסמופארם,IL,כיף שמפו,מיליליטרים,700.00,"100 מ""ל",false,1,8.50,1.22,true,1,
7290108357769,false,כיף מרכך לשיער רגיל700מל,קוסמופארם,IL,כיף מרכך שיער,מיליליטרים,700.00,"100 מ""ל",false,1,8.50,1.22,true,1,
7290108357776,false,כיף מרכך לשיער יבש 700מל,קוסמופארם,IL,כיף מרכך שיער,מיליליטרים,700.00,"100 מ""ל",false,1,8.50,1.22,true,1,
7290111427855,false,סבון מקרון ורוד 19 גרם,CHILL,IL,סבון מקרון ורוד,גרמים,19.00,100 גרם,false,1,10.10,53.16,true,1,
7290111933325,false,פלמוליב לומינס אבוקדו750,קולגייט פלמוליב,TR,סבון פלמוליב,מיליליטרים,750.00,"100 מ""ל",false,1,13.50,1.80,true,1,
7290111937262,false,חטיפ.פרי תמר+אגוז+קקאו5י,"טבעית מוצרים מהטבע בע""\מ",IL,חטיפי פרי 5 יח,גרמים,125.00,100 גרם,false,1,17.00,13.60,true,1,
7290112000842,false,דטול מגבונ.ניקוי כללי60י,רקיט בנקיזר,PL,מגבונים דטול,יחידה,1.00,יחידה,false,1,14.40,14.40,true,1,
7290112192561,false,פרודונטקס הגנה מלבינה75מ,DEMICLEN,IE,משחה פרודונטקס,מיליליטרים,75.00,"100 מ""ל",false,1,25.50,34.00,true,1,
7290112193117,false,ק.לחות לשיער ארגן אמפ400,א.ל ארמן,IL,קרם לחות לשיער,מיליליטרים,400.00,"100 מ""ל",false,1,21.20,5.30,true,1,
7296073330707,false,מארז 12 ספוגיות משולשות,BE NOW,CN,12 ספוגיות משולש,יחידה,1.00,יחידה,false,0,17.00,17.00,true,1,
7296073330783,false,ספוג ביוטי טיפה גלי,BE NOW,CN,ספוג טיפה גלי,יחידה,1.00,יחידה,false,0,25.50,25.50,true,1,
7296073331216,false,מספריים אל חלד לשיער,BE NOW,CN,מספריים לשיער,יחידה,1.00,יחידה,false,0,34.00,34.00,true,1,
7296073331254,false,פצירה צבעונית,BE NOW,CN,פצירה צבעונית,יחידה,1.00,יחידה,false,0,7.60,7.60,true,1,
7296073331292,false,פצירת מתכת מתקפלת - לתיק,BE NOW,CN,פצירת מתכת לתיק,יחידה,1.00,יחידה,false,0,12.00,12.00,true,1,
7296073331629,false,מברשת שיער אובלית שחורה,BE NOW,CN,מברשת אובל שחורה,יחידה,1.00,יחידה,false,0,24.70,24.70,true,1,
7296073331667,false,מברשת שיער לילדות,BE NOW,CN,מברשת שיער ילדות,יחידה,1.00,יחידה,false,0,21.00,21.00,true,1,
7296073331735,false,מברשת ש.מטקה שיער רטוב,BE NOW,CN,מברשת מטקה רטוב,יחידה,1.00,יחידה,false,0,38.40,38.40,true,1,
7296073331766,false,מברשת ש.התרת קשרים,BE NOW,CN,מברשת קשרים,יחידה,1.00,יחידה,false,0,29.80,29.80,true,1,
7296073331803,false,מברשת שיער לתיק עם מראה,BE NOW,CN,מברשת לתיק מראה,יחידה,1.00,יחידה,false,0,21.00,21.00,true,1,
7296073331865,false,מסרק כיס שחור,BE NOW,CN,מסרק כיס שחור,יחידה,1.00,יחידה,false,0,7.50,7.50,true,1,
7296073331940,false,גומיות שחורות 12 יח,BE NOW,CN,12 גומיות שחורות,יחידה,1.00,יחידה,false,0,8.50,8.50,true,1,
7296073331988,false,גומיות שחורות דקות 12 יח,BE NOW,CN,12גומיות שחור דק,יחידה,1.00,יחידה,false,0,8.50,8.50,true,1,
7296073332091,false,מארז גומיות שחורות 32 יח,BE NOW,CN,32מארז ג. שחורות,יחידה,1.00,יחידה,false,0,17.00,17.00,true,1,
7296073332244,false,גומיית דונטס שחור,BE NOW,CN,גומיית דונטס ש.,יחידה,1.00,יחידה,false,0,8.00,8.00,true,1,
7296073332688,false,זוג קליפסים חום,BE NOW,CN,זוג קליפסים חום,יחידה,1.00,יחידה,false,0,8.50,8.50,true,1,
7296073333654,false,מברשת שיער מטקה סגולה L,BE NOW,CN,מברשת מטקה Lסגול,יחידה,1.00,יחידה,false,0,21.00,21.00,true,1,
7296073343486,false,אבקת הבהרה לשיער 10 גר',,IL,אבקת הבהרה לשיער,גרמים,10.00,100 גרם,false,1,5.90,59.00,true,1,
7296073343509,false,BE ג'ל רחצה FRESH 750 מל,,IL,BE ג'ל רחצה FRES,מיליליטרים,750.00,"100 מ""ל",false,1,8.40,1.12,true,1,
7296073343530,false,BE תחליב רחצה750flowers,,IL,BE תחליב רחצה fl,מיליליטרים,750.00,"100 מ""ל",false,1,9.30,1.24,true,1,
7296073380207,false,DEAL BIG NO יח',CHILL,IL,DEAL BIG NO,יחידה,1.00,יחידה,false,1,42.60,42.60,true,1,
7296073380252,false,mood basketChill metal,CHILL,IL,basketChi metal,יחידה,1.00,יחידה,false,1,17.00,17.00,true,1,
7296073380344,false,גומיות מנומרות שחורות יח,BE NOW,CN,גומיות מנומרות,יחידה,1.00,יחידה,false,1,12.70,12.70,true,1,
7296179008074,false,מייבש לק עם מברשת יח,שיק לקים,IL,מייבש לק,יחידה,1.00,יחידה,false,0,22.00,22.00,true,1,
7296179010398,false,שיק לק עמיד 040,שיק לקים,IL,שיק לק עמיד,יחידה,1.00,יחידה,false,0,10.10,10.10,true,1,
7296179011104,false,שיק לק עמיד 218,שיק לקים,,שיק לק עמיד,יחידה,1.00,יחידה,false,0,10.10,10.10,true,1,
7296179029659,false,"קרם גוף  WILD MN 275 מ""ל",חלאבין,IL,"קרם גוף 275 מ""ל",מיליליטרים,275.00,"100 מ""ל",false,1,24.00,8.73,true,1,
7501013101355,false,"ג'ומקס משקה אפרסק 473מ""ל",חומקס קומרסאליזדורה,MX,משקה גומקס אפרסק,מיליליטרים,473.00,"100 מ""ל",false,1,5.86,1.24,true,1,
7702018421237,false,מכשיר פרוגלייד 6+ סכינים,פרוקטר & גמבל,IL,מכשיר פרוגלייד,יחידה,1.00,יחידה,false,1,76.80,76.80,true,1,
7702018498567,false,מארז ידית5+סכיני סקינגאר,פרוקטר & גמבל,US,מארז ידית5+סכינ,יחידה,1.00,יחידה,false,1,76.80,76.80,true,1,
8000500023976,false,בונ.רפאלו 150 גרם,פררו - אלבה,PL,בונבונ.רפאלו,גרמים,150.00,100 גרם,false,0,13.00,8.67,true,1,
8001090375285,false,פנטן מרכך מרוכז משי 200מ,פרוקטר אנד גמבל,FR,מרכך פנטן,מיליליטרים,200.00,"100 מ""ל",false,1,17.00,8.50,true,1,
8001160001786,false,גטורייד כחול,,IT,גטורייד כחול,מיליליטרים,500.00,"100 מ""ל",false,0,7.56,1.51,true,1,
8001841053684,false,12תחב.אולוויז עבה לונג+,פרוקטר אנד גמבל )ראה קוד,UA,תחבושות אולוויז,יחידה,1.00,יחידה,false,1,11.80,11.80,true,1,
8005200486526,false,"נסטי בטעם אפרסק 500 מ""ל",סן-פלגרינו,IT,נסטי בטעם אפרסק,מיליליטרים,500.00,"100 מ""ל",false,0,4.30,0.86,true,1,
8005610481005,false,גוצ'י בלום אדפ,P&G לילית,IL,גוצ'י בלום אדפ,מיליליטרים,100.00,"100 מ""ל",false,0,422.00,422.00,true,1,
8018365071469,false,NOIR CRYSTAL א.ד.ט לאשה,לילית בישום,IL,NOIR CRYSTAL,מיליליטרים,90.00,"100 מ""ל",false,0,297.40,330.44,true,1,
8411061944035,false,VIP 212  קולקטור אדפ 80,לילית בישום,FR,VIP 212  קולקטור,מיליליטרים,80.00,"100 מ""ל",false,1,315.30,394.13,true,1,
8423207210287,false,סלים דליס שוק.לבן+יוג6יח,ביסצ'ורי,ES,סלים דליס 6 יח,גרמים,120.00,100 גרם,false,1,12.00,10.00,true,1,
8435415021326,false,מארז סקנדל יח',,IL,מארז סקנדל,יחידה,1.00,יחידה,false,1,255.50,255.50,true,1,
8690572786222,false,גליס מרכך לאורך מושלם400,הנקל סוד,TR,מרכך שיער גליס,מיליליטרים,400.00,"100 מ""ל",false,1,15.30,3.83,true,1,
8690604462711,false,שפתון נוזלי במראה מט 001,PRETTY,TR,שפתון נוזלי מט 1,יחידה,1.00,יחידה,false,0,14.40,14.40,true,1,
8690604466283,false,צללית במרקם קטיפתי 05,PRETTY,TR,צללית קטיפתית 05,יחידה,1.00,יחידה,false,0,17.00,17.00,true,1,
8693495037853,false,קולגייט 2מברשת סלים סופט,קולגייט פלמוליב,CN,2 מברשות קולגייט,יחידה,1.00,יחידה,false,0,25.00,25.00,true,1,
8693495041461,false,2מברשות סלים סופט פחם,קולגייט פלמוליב,CN,זוג מברשות,יחידה,1.00,יחידה,false,0,25.00,25.00,true,1,
8693495050333,false,פלמוליב  לימון ירוק500מ,קולגייט פלמוליב,TR,פלמוליב,מיליליטרים,500.00,"100 מ""ל",false,1,13.00,2.60,true,1,
8693495052931,false,2מברשות קולגייט360אדוונס,,CN,מברשות קולגייט,יחידה,1.00,יחידה,false,1,35.80,35.80,true,1,
8710908251290,false,רקסונה ספריי V8 לגבר150מ,יוניליוור אנגליה,GB,דאודורנט רקסונה,מיליליטרים,150.00,"100 מ""ל",false,1,8.50,5.66,true,1,
8710908251313,false,רקסונה  לגבר ללא סימן150,יוניליוור אנגליה,GB,דאודורנט רקסונה,מיליליטרים,150.00,"100 מ""ל",false,1,8.50,5.66,true,1,
8717163647202,false,אקס ספריי גוף אנרכי 150מ,יוניליוור,GB,אקס ספריי,מיליליטרים,150.00,"100 מ""ל",false,1,11.80,7.87,true,1,
8717163647240,false,אקס ספריי גוף שוקולד150מ,יוניליוור אנגליה,GB,אקס ספריי,מיליליטרים,150.00,"100 מ""ל",false,1,11.80,7.87,true,1,
8717163647264,false,אקס ספריי גוף אייס 150מ,יוניליוור אנגליה,GB,אקס ספריי,מיליליטרים,150.00,"100 מ""ל",false,1,11.80,7.87,true,1,
8717163647271,false,אקס ספריי גוף קוקיז 150,יוניליוור,GB,אקס ספריי,מיליליטרים,150.00,"100 מ""ל",false,1,11.80,7.87,true,1,
8717163647295,false,אקס.ספריי צ'ארג אפ 150מל,יוניליוור אנגליה,GB,אקס ספריי,מיליליטרים,150.00,"100 מ""ל",false,1,12.70,8.47,true,1,
8717163647301,false,אקס דאו.ספריי גולד 150מל,יוניליוור אנגליה,GB,אקס ספריי,מיליליטרים,150.00,"100 מ""ל",false,1,12.70,8.47,true,1,
8718951076372,false,"משחה קולגייט הרבל 100מ""ל",,PL,משחת קולגייט,מיליליטרים,100.00,"100 מ""ל",false,1,10.10,10.10,true,1,
8850006332405,false,קולגייט מברשת סלים סופט,קולגייט- פלמוליב,CN,מברשות קולגייט,יחידה,1.00,יחידה,false,1,21.00,21.00,true,1,
8850389103111,false,משקה סאפה ענבים,,TH,משקה סאפה ענבים,מיליליטרים,300.00,"100 מ""ל",false,0,5.90,1.97,true,1,
8850389103128,false,משקה סאפה תפוח,,TH,משקה סאפה תפוח,מיליליטרים,300.00,"100 מ""ל",false,0,5.90,1.97,true,1,
8850389104637,false,סאפה אפרסק,,TH,סאפה אפרסק,מיליליטרים,300.00,"100 מ""ל",false,0,5.90,1.97,true,1,
8888021200126,false,סוללות AA אנרג'ייזר 4 יח,אנרג'ייזר,SG,סוללות AA רביעיה,יחידה,1.00,יחידה,false,0,17.00,17.00,true,1,
