code,internal_code,name,manufacturer_name,manufacture_country,manufacturer_item_description,unit_qty,quantity,unit_of_measure,weighted,qty_in_package,price,unit_of_measure_price,allow_discount,status,item_id
9,true,עגבניה שרי עין הנמר,חקלאי,IL,שרי עין הנמר,לא מנהל יחידת מידה,0.00,לא מנהל יחידת מידה,false,1,11.90,0.0000,true,1,40921
17,true,עגבניה,חקלאי,IL,עגבניה,קילוגרמים,1.00,"ק""ג",true,,12.90,12.9000,true,1,5206
20,true,מלפפון,חקלאי,IL,מלפפון,קילוגרמים,1.00,"ק""ג",true,,11.90,11.9000,true,1,5132
31,true,גזר ארוז,חקלאי,IL,גזר ארוז,קילוגרמים,1.00,"ק""ג",true,,7.70,7.7000,true,1,5154
40,true,סלק,חקלאי,IL,סלק,קילוגרמים,1.00,"ק""ג",true,,7.90,7.9000,true,1,5161
90,true,בצל יבש,חקלאי,IL,בצל יבש,קילוגרמים,1.00,"ק""ג",true,,6.50,6.5000,true,1,5223
97,true,בצל אדום,חקלאי,IL,בצל אדום,קילוגרמים,1.00,"ק""ג",true,,9.90,9.9000,true,1,5183
110,true,בטטה,חקלאי,IL,בטטה,קילוגרמים,1.00,"ק""ג",true,,14.90,14.9000,true,1,5133
130,true,דלעת ארוזה,חקלאי,IL,דלעת ארוזה,קילוגרמים,1.00,"ק""ג",true,,8.90,8.9000,true,1,5136
135,true,דלורית,חקלאי,IL,דלורית,קילוגרמים,1.00,"ק""ג",true,,9.90,9.9000,true,1,25315
138,true,דלעת ערמונים,חקלאי,IL,דלעת ערמונים,קילוגרמים,1.00,"ק""ג",true,,19.90,19.9000,true,1,5942
147,true,אפרסמון,חקלאי,IL,אפרסמון,קילוגרמים,1.00,"ק""ג",true,,27.90,27.9000,true,1,4366
155,true,פלפל כהה,חקלאי,IL,פלפל כהה,קילוגרמים,1.00,"ק""ג",true,,13.90,13.9000,true,1,5212
158,true,פלפל חריף ירוק,חקלאי,IL,פלפל חריף ירוק,קילוגרמים,1.00,"ק""ג",true,,12.90,12.9000,true,1,5213
160,true,פלפל אדום,חקלאי,IL,פלפל אדום,קילוגרמים,1.00,"ק""ג",true,,13.90,13.9000,true,1,5214
170,true,קולורבי,חקלאי,IL,קולורבי,קילוגרמים,1.00,"ק""ג",true,,9.90,9.9000,true,1,5216
185,true,קישוא זוקיני,חקלאי,IL,קישוא זוקיני,קילוגרמים,1.00,"ק""ג",true,,13.90,13.9000,true,1,5140
287,true,שום ארוז חבילה,חקלאי,IL,שום ארוז חבילה,Unknown,0.00,Unknown,false,1,13.90,0.0000,true,1,5145
290,true,תפוח אדמה אדום,חקלאי,IL,תפוח אדמה אדום,קילוגרמים,1.00,"ק""ג",true,,6.90,6.9000,true,1,5219
295,true,3תפוח אדמה לבן,חקלאי,IL,תפוח אדמה לבן,קילוגרמים,1.00,"ק""ג",true,,6.50,6.5000,true,1,5146
312,true,מלון גליה,חקלאי,IL,מלון גליה,קילוגרמים,1.00,"ק""ג",true,,11.90,11.9000,true,1,5156
318,true,אבטיח,חקלאי,IL,אבטיח,קילוגרמים,1.00,"ק""ג",true,,8.90,8.9000,true,1,30384
370,true,שומר,חקלאי,IL,שומר,קילוגרמים,1.00,"ק""ג",true,,12.90,12.9000,true,1,5159
486,true,לימון,חקלאי,IL,לימון,קילוגרמים,1.00,"ק""ג",true,,13.90,13.9000,true,1,5167
500,true,תפוז מובחר,חקלאי,IL,תפוז מובחר,קילוגרמים,1.00,"ק""ג",true,,11.90,11.9000,true,1,5220
510,true,קלמנטינה,חקלאי,IL,קלמנטינה,קילוגרמים,1.00,"ק""ג",true,,13.90,13.9000,true,1,30385
522,true,אשכולית אדומה,חקלאי,IL,אשכולית אדומה,קילוגרמים,1.00,"ק""ג",true,,9.90,9.9000,true,1,5169
557,true,בננה,חקלאי,IL,בננה,קילוגרמים,1.00,"ק""ג",true,,12.90,12.9000,true,1,5228
560,true,אבוקדו,חקלאי,IL,אבוקדו,קילוגרמים,1.00,"ק""ג",true,,25.50,25.5000,true,1,5170
568,true,רימון,חקלאי,IL,רימון,קילוגרמים,1.00,"ק""ג",true,,14.90,14.9000,true,1,6876
570,true,תאנים,חקלאי,IL,תאנים,קילוגרמים,1.00,"ק""ג",true,,39.90,39.9000,true,1,5186
605,true,אגס,חקלאי,IL,אגס,קילוגרמים,1.00,"ק""ג",true,,18.90,18.9000,true,1,5172
626,true,מנגו,חקלאי,IL,מנגו,קילוגרמים,1.00,"ק""ג",true,,21.90,21.9000,true,1,5192
636,true,קיווי,חקלאי,IL,קיווי,קילוגרמים,1.00,"ק""ג",true,,39.90,39.9000,true,1,5222
638,true,קרמבולה,חקלאי,IL,קרמבולה,קילוגרמים,1.00,"ק""ג",true,,29.90,29.9000,true,1,25316
658,true,תפוח עץ סמית,חקלאי,IL,תפוח עץ סמית,קילוגרמים,1.00,"ק""ג",true,,16.50,16.5000,true,1,5176
688,true,תפוח עץ מוזהב,חקלאי,IL,תפוח עץ מוזהב,קילוגרמים,1.00,"ק""ג",true,,14.90,14.9000,true,1,5179
700,true,תפוח עץ סטארקינג,חקלאי,IL,תפוח עץ סטארקינג,קילוגרמים,1.00,"ק""ג",true,,14.90,14.9000,true,1,5224
738,true,ענבים אדומים,חקלאי,IL,ענבים אדומים,קילוגרמים,1.00,"ק""ג",true,,44.90,44.9000,true,1,17041
756,true,שזיף,חקלאי,IL,שזיף,קילוגרמים,1.00,"ק""ג",true,,34.90,34.9000,true,1,5187
1104,true,פטריות פורטובלה ארוז,חקלאי,IL,פטריות פורטובלה ארוז ליח,גרמים,200.00,100 גרם,false,1,12.90,6.4500,true,1,22469
4400,true,עגבנית שרי באשכולות,מרינה,IL,עגבנית שרי באשכולות שקיל,קילוגרמים,1.00,"ק""ג",true,,29.90,29.9000,true,1,22540
4670,true,לקקן צופה צופס בודד,ארגו אס פי זו,,לקקן צופה צופס בודד,יחידה,1.00,יחידה,false,1,2.00,2.0000,true,1,18104
4690,true,סוכריה על מקל בטעם ת,פיני גולוסינאס אספני,,סוכריה על מקל בטעם תות,Unknown,0.00,Unknown,false,1,1.90,0.0000,true,1,29773
4780,true,סוכריה על מקל תרנגול,פיני גולוסינאס אספני,,סוכריה על מקל תרנגול,Unknown,0.00,Unknown,false,1,1.50,0.0000,true,1,33907
5803,true,פומלה,מרינה,IL,פומלה,קילוגרמים,1.00,"ק""ג",true,,12.90,12.9000,true,1,7844
5809,true,ענבים ירוקים,מרינה,IL,ענבים ירוקים,קילוגרמים,1.00,"ק""ג",true,,39.90,39.9000,true,1,21191
6638,true,חבילת מצה 500 גרם,,,חבילת מצה 500 גרם,קילוגרמים,2.50,"ק""ג",false,1,7.90,3.1600,true,1,38008
8050,true,פומלית,חקלאי,IL,פומלית,קילוגרמים,1.00,"ק""ג",true,,12.90,12.9000,true,1,35148
8066,true,תפוח קריספ פינק,מרינה,IL,תפוח קריספ פינק,קילוגרמים,1.00,"ק""ג",true,,21.90,21.9000,true,1,17475
8103,true,סופגניה עם ציפוי בטע,פילסברי,IL,סופגניה עם ציפוי בטעמים,גרמים,40.00,100 גרם,false,1,4.90,12.2500,true,1,47496
8735,true,קרואסון שוקולד אישי,לה פרינה,IL,קרואסון שוקולד אישי גדול La Farina,לא מנהל יחידת מידה,0.00,לא מנהל יחידת מידה,false,1,12.90,0.0000,true,1,47819
8736,true,רוגעלך אישי גדול La,לה פרינה,IL,רוגעלך אישי גדול La Farina,לא מנהל יחידת מידה,0.00,לא מנהל יחידת מידה,false,1,12.90,0.0000,true,1,47820
8756,true,מאפים מתוקים La Fari,לה פרינה,IL,מאפים מתוקים La Farina,קילוגרמים,1.00,"ק""ג",true,,59.00,59.0000,true,1,47835
8760,true,דונטס במגוון מילויים,לה פרינה,IL,דונטס במגוון מילויים La Farina,יחידה,1.00,יחידה,false,1,9.90,9.9000,true,1,48308
9287,true,שום ארוז במשקל,חקלאי,IL,שום ארוז במשקל,קילוגרמים,1.00,"ק""ג",true,,39.90,39.9000,true,1,14484
9634,true,אננס יח,חקלאי,IL,אננס יח,קילוגרמים,1.20,"ק""ג",false,1,49.90,41.5833,true,1,25433
11200,true,חסה ערבית,חקלאי,IL,חסה ערבית,גרמים,400.00,100 גרם,false,1,4.90,1.2250,true,1,6493
39534,true,סופגניה מיני La Fari,לה פרינה,IL,סופגניה מיני La Farina,יחידה,1.00,יחידה,false,1,4.90,4.9000,true,1,47796
39565,true,מארז 6 סופגניות גדול,לה פרינה,IL,מארז 6 סופגניות גדולות עם או בלי ריבה,יחידה,1.00,יחידה,false,6,25.00,25.0000,true,1,53249
39619,true,סופגניה La Farina,לה פרינה,IL,סופגניה La Farina,לא מנהל יחידת מידה,0.00,לא מנהל יחידת מידה,false,1,5.90,0.0000,true,1,47802
39626,true,סופגניה מיוחדת La Fa,לה פרינה,IL,סופגניה מיוחדת La Farina,לא מנהל יחידת מידה,0.00,לא מנהל יחידת מידה,false,1,8.90,0.0000,true,1,47809
41599,true,בגט לבן La Farina,לה פרינה,IL,בגט לבן La Farina,יחידה,1.00,יחידה,false,1,6.90,6.9000,true,1,47797
101132,true,לקט קטניות לחמין,"איי, בי, אינבוו",IL,לקט קטניות לחמין,גרמים,800.00,100 גרם,false,1,24.90,3.1125,true,1,40201
209524,true,סירופ דיאט פטל יכין,"זנלכל בע""מ",IL,יכין סירופ דיאט בטעם פטל 1 ליטר,ליטרים,1.00,ליטר,false,1,17.90,17.9000,true,1,49062
453781,true,שמרים יבשים 125 גרם,"פאקא תעשיות בע""מ",PT,שמרית שמרים יבשים 125 גרם,גרמים,125.00,100 גרם,false,1,7.50,6.0000,true,1,40751
2075271,true,ריקולה שקית בטעם צמח,,,ריקולה שקית בטעם צמחים 70גרם,גרמים,70.00,100 גרם,false,1,15.90,22.7143,true,1,54244
3072804,true,פסטרמה של פעם 200גר,הנסיך- מפעל לייצור ט,IL,"טירת צבי, פסטרמה של פעם, 200 גרם, ללא גלוטן",Unknown,0.00,Unknown,false,1,28.90,0.0000,true,1,47043
3143337,true,סילאן לחיץ טבעי 350,"טעמי הגליל בע""מ",IL,קליית גת סילאן טבעי לחיץ 350 גרם,גרמים,350.00,100 גרם,false,1,17.90,5.1143,true,1,41931
6899088,true,תה סרמוני ירוק נענע,,IL,תה סרמוני ירוק נענע מרוקאית 20 שקיקים,יחידה,1.00,יחידה,false,1,19.90,19.9000,true,1,54385
30107014,false,נייר גלגול גדול + פילטר בודד,Unknown,,נייר גלגול גדול +פילטר בודד,יחידה,1.00,יחידה,false,1,9.80,9.8000,true,1,28351
30112902,false,נייר גלגול קטן+פילטר,Unknown,,נייר גלגול קטן+פילטר בודד,יחידה,1.00,יחידה,false,1,9.40,9.4000,false,1,28845
30112919,false,נייר גלגול בינוני + פילטר בודד,Unknown,,נ.ג. בינוני+פילטר בודד,Unknown,0.00,Unknown,false,1,7.90,0.0000,false,1,28223
32147230,false,"מיץ לימון משומר 200מ""ל(לימונית אקסטרא)",ג'נרל מילס סאן אדריא,,סיצילה מיץ לימון משומר לימונית 200 מל,מיליליטרים,200.00,"100 מ""ל",false,1,8.50,4.2500,true,1,17399
40058153,false,ניוואה קרם רב שימושי 30 מל,ביירסדורץ,,"קרם ניוואה רב שימושי 30 מ""ל",מיליליטרים,30.00,"100 מ""ל",false,1,9.90,33.0000,true,1,41706
40084107,false,ביצת שוקולד הפתעה קינדר,פרדי קונדטוריה אס פי,IT,ביצת הפתעה - עשיר בחלב,גרמים,20.00,100 גרם,false,1,6.40,32.0000,true,1,2169
40111216,false,באונטי חטיף קוקוס ושוקולד 57ג',"נארז ע""י : א.ג. גילר",NL,חטיף שוקולד באונטי 57 גרם,גרמים,57.00,100 גרם,false,1,4.90,8.5965,true,1,905
40677804,false,יגרמייסטר 200 מל,ייגרמיסטר,LV,"יגרמייסטר 200מ""ל",מיליליטרים,200.00,"100 מ""ל",false,1,31.90,15.9500,true,1,41771
41001356,false,"בירה בקס פחית 500 מ""ל",יבואן ומשווק: ש. שסט,DE,בירה בק'ס בפחית 500 מל,מיליליטרים,500.00,"100 מ""ל",false,1,11.90,2.3800,true,1,4873
42061939,false,"בירה בקס בקבוק 500 מ""ל בקבוק","איי, בי, אינבוו",DE,בירה בקס 500 מל,מיליליטרים,500.00,"100 מ""ל",false,1,10.90,2.1800,true,1,38500
42138105,false,סיגריות וינסטון סופר סלימס כחול,גיי טי אינטרנשיונל,,סיגריות וינסטון סלימס כחול חפיסה בודד,לא מנהל יחידת מידה,0.00,לא מנהל יחידת מידה,false,1,33.70,0.0000,false,1,19887
42138129,false,ווינסטון סופר סלימס נטוראל חפיסה,Unknown,,סיגריות וינסטון סלימס מנטול חפיסה בודד,לא מנהל יחידת מידה,0.00,לא מנהל יחידת מידה,false,1,33.70,0.0000,false,1,19888
42139430,false,כאמל שחור חפיסה חפיסה,Unknown,,סיגריות כאמל שחור חפיסה בודד,לא מנהל יחידת מידה,0.00,לא מנהל יחידת מידה,false,1,31.60,0.0000,false,1,28212
42149996,false,"בירה בקס בקבוק 275 מ""ל","איי, בי, אינבוו",DE,בירה בקס 275 מל,מיליליטרים,275.00,"100 מ""ל",false,1,8.90,3.2364,true,1,31585
52070082,false,פאלמאל סופר סלמס ויולט ח,Unknown,,סיגריות פאל מל סלימס כתום חפיסה בודד,לא מנהל יחידת מידה,0.00,לא מנהל יחידת מידה,false,1,30.50,0.0000,false,1,40660
54013674,false,נייר גלגול ריזלה אדו,ריזלה נייר גלגול אדו,,ריזלה נייר גלגול אדום 3גרם,יחידה,1.00,יחידה,false,1,3.00,3.0000,true,1,54193
54013681,false,ריזלה נייר גלגול אפו,ריזלה נייר גלגול אדו,,ריזלה נייר גלגול אפור 3גרם,יחידה,1.00,יחידה,false,1,3.00,3.0000,true,1,54194
54013698,false,נייר גלגול ריזלה כחו,ריזלה נייר גלגול אדו,,ריזלה נייר גלגול כחול 3גרם,יחידה,1.00,יחידה,false,1,3.00,3.0000,true,1,54195
54051157,false,מעדן סויה טעם שוקו אלפרו רביעיה 125 ג',קריות זול,BE,מעדן סויה שוקו אלפרו רביעייה 500 גרם,גרמים,500.00,100 גרם,false,1,19.90,3.9800,true,1,7111
59039549,false,סיגריות ווג פריזון מנטה בודד,Unknown,,סיגריות ווג פריזון מנטול חפיסה בודד,Unknown,0.00,Unknown,false,1,39.50,0.0000,false,1,22880
59068907,false,סיגריות פאל מאל כחול דמי סלימס,גלוברנס,,סיגריות פאל מאל כחול דמי סלימס בודד,לא מנהל יחידת מידה,0.00,לא מנהל יחידת מידה,false,1,26.40,0.0000,false,1,39767
59068914,false,סיגריות פאל מאל סילבר דמי סלימס,Unknown,,סיגריות פאל מאל סילבר דמני סלימס בודד,לא מנהל יחידת מידה,0.00,לא מנהל יחידת מידה,false,1,26.40,0.0000,false,1,39769
59455233,false,ווג ליידי כחול קופסה,Unknown,,סיגריות ווג ליידי כחול חפיסה בודד,לא מנהל יחידת מידה,0.00,לא מנהל יחידת מידה,false,1,39.50,0.0000,false,1,23872
59455240,false,ווג סופרסלימס לילך חפיסה,Unknown,,סיגריות ווג ליידי לילך חפיסה בודד,Unknown,0.00,Unknown,false,1,39.50,0.0000,false,1,23873
72918388,false,חטיף טויסט 28 גרם,"שטראוס גרופ בע""מ",IL,טוויסט 28 גר וועסטהיים,גרמים,28.00,100 גרם,false,1,4.90,17.5000,true,1,1616
72940754,false,"מילקי מעדן וניל עם קצפת שטראוס 133 מ""ל","שטראוס גרופ בע""\מ",IL,מילקי בטעם וניל,גרמים,133.00,100 גרם,false,1,2.90,2.1805,true,1,1617
72940761,false,"מילקי מעדן שוקולד עם קצפת שטראוס 133 מ""ל",מיוצר עי קונדיטוריית,IL,מילקי בטעם שוקולד,גרמים,133.00,100 גרם,false,1,2.90,2.1805,true,1,1618
72940952,false,מעדן מילקי בטעם שוקולד עם אקסטרה קצפת,"שטראוס גרופ בע""\מ",IL,מילקי אקסטרה קצפת,גרמים,107.00,100 גרם,false,1,4.50,4.2056,true,1,1619
72945308,false,קוביות שמרים לאפיה שמרית 2*25 ג',"פאקא תעשיות בע""\מ",IL,שמרית שמרים טריים לאפייה 50 גרם,גרמים,50.00,100 גרם,false,1,4.60,9.2000,true,1,1621
72961506,false,יוגורט עם תות 1.5% שומן 125 ג' פרילי,מיוצר עי קונדיטוריית,IL,פרילי תות בגביע 125 גרם,מיליליטרים,125.00,"100 מ""ל",false,1,4.00,3.2000,true,1,7221
72961520,false,"פרילי יוגורט עם אננס 1.5% תנובה 125 מ""ל",מיוצר עי קונדיטוריית,IL,פרילי אננס בגביע 125 גרם,מיליליטרים,125.00,"100 מ""ל",false,1,4.00,3.2000,true,1,7538
72961544,false,"באדי יוגורט בטעם תות שדה 3% תנובה 125 מ""ל",מחלבת אלון תבור,IL,באדי תות 125 גרם,גרמים,125.00,100 גרם,false,1,3.60,2.8800,true,1,7222
72963753,false,שמנת אורגינל של פעם 27% שומן 200 ג' תנובה,תנובה מרכז שיתופי לש,IL,תנובה שמנת של פעם אורגינל 27% שומן,מיליליטרים,200.00,"100 מ""ל",false,1,4.40,2.2000,true,1,1624
72964132,false,פרילי טבע יוגורט עם גרנולה 200 גרם,מיוצר עי קונדיטוריית,IL,טבעגורט יוגורט עם גרנולה 200 גרם,גרמים,200.00,100 גרם,false,1,5.90,2.9500,true,1,1626
72964422,false,יוגורט פרחים 4.5% שומן 200 גרם,מחלבת תנובה,IL,תנובה יוגורט 4.5% שומן 200 מל,גרמים,200.00,100 גרם,false,1,3.00,1.5000,true,1,1627
72983997,false,קופסה גולף גולד ארוך בוקס,דובק,,סיגריות גולף גולד 100בוקס חפיסה בודד,לא מנהל יחידת מידה,0.00,לא מנהל יחידת מידה,false,1,31.20,0.0000,false,1,16997
72986370,false,"גלידת בן & ג'ריס פיינטים וניל 500מ""ל",מוצרי איכות אמריקאיים,IL,פיינט וניל FT,מיליליטרים,500.00,"100 מ""ל",false,1,23.90,4.7800,true,1,1631
72986424,false,"גלידת בן & ג'ריס פיינטים קרם עוגיות 500מ""ל",מוצרי איכות אמריקאיים בע,IL,"פיינט קרם עוגיות בד""ץ",מיליליטרים,500.00,"100 מ""ל",false,1,23.90,4.7800,true,1,1632
72986448,false,"גלידת בן & ג'ריס פיינטים טופי קראנץ 500מ""ל",מוצרי איכות אמריקאיים בע,IL,גלידת וניל עם חתיכות טופי מצופות שוקולד,מיליליטרים,500.00,"100 מ""ל",false,1,23.90,4.7800,true,1,1633
72986455,false,"גלידה ניו יורק סופר פאדג' צ'אנק בן אנד ג'ריס 500 מ""ל",מוצרי איכות אמריקאיים בע,IL,פיינט ניו-יורק סופר FT,מיליליטרים,500.00,"100 מ""ל",false,1,23.90,4.7800,true,1,1634
72986479,false,"גלידה שוקולד אגוז עם בננות בן וג'ירי 500 מ""ל",מוצרי איכות אמריקאיים בע,IL,פיינט צאנקי מנקי FT,מיליליטרים,500.00,"100 מ""ל",false,1,23.90,4.7800,true,1,1635
72989395,false,טילון ורמונט קרם עוגיות,מוצרי איכות אמריקאיים בע,IL,טילון קרם עוגיות,גרמים,100.00,100 גרם,false,1,11.90,11.9000,true,1,2037
72989425,false,"גלידת בן & ג'ריס פיינטים שוקולד בראוניז 500מ""ל",מוצרי איכות אמריקאיים בע,IL,"גלידה שוקולד בראוניס 500 מ""ל",מיליליטרים,500.00,"100 מ""ל",false,1,23.90,4.7800,true,1,2597
72991374,false,סיגריות טיים רד בודד,דובק,,סיגריות טיים רד חפיסה בודד,Unknown,0.00,Unknown,false,1,30.20,0.0000,false,1,1637
72991497,false,סיגריות נובלס פילטר בודד,קריות זול,,סיגריות נובלס פילטר חפיסה בודד,יחידה,0.00,יחידה,false,1,29.60,0.0000,false,1,1644
72991886,false,"גלידת דולצ'ה בטעם ריבת חלב עם פאדג' בן וג'ירי 500 מ""ל",מוצרי איכות אמריקאיים בע,IL,פיינט דולצ'ה דה לצ'ה,מיליליטרים,500.00,"100 מ""ל",false,1,23.90,4.7800,true,1,1650
72993637,false,מעדן חלב בטעם שוקולד 125 ג' דני,"שטראוס גרופ בע""\מ",IL,דני שוקולד,גרמים,125.00,100 גרם,false,1,2.70,2.1600,true,1,16225
72994061,false,חטיף פסק זמן GOOD גלילית לבן 40 גרם,שולן צ'\יקולטה גידה סאן.,TR,פסק זמן 2GOOD,גרמים,36.00,100 גרם,false,1,5.90,16.3889,true,1,37261
76136184,false,סיגריות פאל מל סלימס כחול בודד,Unknown,,סיגריות פאל מל סלימס כחול חפיסה בודד,לא מנהל יחידת מידה,0.00,לא מנהל יחידת מידה,false,1,30.50,0.0000,false,1,15297
76136191,false,פאל מאל סופר סלים אורנג',bat,,סיגריות פאל מל סלימס כתום חפיסה בודד,לא מנהל יחידת מידה,0.00,לא מנהל יחידת מידה,false,1,29.00,0.0000,false,1,7231
80001027,false,לואקר טורטינה שוקולד חלב,"כד בני דרום בע""מ",IT,וופל בציפוי שוקולד חלב וממלוא בקרם אגוזים,גרמים,21.00,100 גרם,false,1,4.90,23.3333,true,1,2166
80001287,false,וופל חטיף לואקר אגוז 38 גר',ליימן מותגים,AT,חטיף גרדנה אגוז 38 גרם,גרמים,38.00,100 גרם,false,1,4.90,12.8947,true,1,1696
80001461,false,חטיף גרנדה שוקולד 38 גרם,"א. לואקר קונפקט בע""מ",AT,חטיף גרדנה שוקולד 38 גרם,גרמים,38.00,100 גרם,false,1,4.90,12.8947,true,1,7135
80001799,false,לואקר טורטינה שוקולד לבן,"כד בני דרום בע""מ",IT,וופל בציפוי שוקולד חלב וממלוא בקרם אגוזים,גרמים,21.00,100 גרם,false,1,4.90,23.3333,true,1,32530
80001911,false,וופל גרדנה במילוי קרם אגוזי לוז ובציפוי שוקולד לבן,ליימן מותגים,AT,חטיף גרדנה לבן 38 גרם,גרמים,38.00,100 גרם,false,1,4.90,12.8947,true,1,34015
80042556,false,POLPA עגבניות חתוכות דק 400 גרם MUTTI,"איי, בי, אינבוו",IT,עגבניות מרוסקות POLPA MUTTI,גרמים,400.00,100 גרם,false,1,6.90,1.7250,true,1,48260
80042563,false,רסק עגבניות MUTTI{צהוב} 700 גרם,"איי, בי, אינבוו",IT,רסק עגבניות 700 גרם (צהוב) MUTTI,גרמים,700.00,100 גרם,false,1,12.90,1.8429,true,1,41963
80043775,true,צלי טחון אורגני,האי נאם סי או אל.טי.,IT,סנומאלה צ'ילי טחון אורגני 50 גרם,גרמים,50.00,100 גרם,false,1,10.90,21.8000,true,1,38833
80044062,true,ציפורן אורגני,בנומנולי,IT,סנומאלה ציפורן אורגני 32 גרם,גרמים,32.00,100 גרם,false,1,10.90,34.0625,true,1,38835
80050025,false,סוכריות טיק טק תפוז 16 גרם,פררו - אלבה,ZA,דחוסות בטעם תפוז,גרמים,16.00,100 גרם,false,1,4.50,28.1250,true,1,1718
80050124,false,סוכריות טיק טק מנטה 16 גרם,פררו - אלבה,ZA,טיק טק מנטה,גרמים,16.00,100 גרם,false,1,4.50,28.1250,true,1,1719
80050278,false,פררו רושר חטיף כדורים שלישיה 40ג',פררו - אלבה,IT,פררו רושה שלישייה,גרמים,38.00,100 גרם,false,1,6.50,17.1053,true,1,4941
80051428,false,ממרח נוטלה חנוכה825גרם,פררו - אלבה,IT,נוטלה 825 גר',גרמים,825.00,100 גרם,false,1,28.90,3.5030,true,1,36412
80052487,false,חטיף+ציפוי קוקוס רפאלו30,פררו - אלבה,PL,רפאלו 30 גרי שלישייה,גרמים,30.00,100 גרם,false,1,5.50,18.3333,true,1,52835
80052760,false,קינדר בואנו Kinder Bueno עם חלב ואגוזי לוז,פררו - אלבה,PL,קינדר בואנו,גרמים,43.00,100 גרם,false,1,5.00,11.6279,true,1,1721
80083665,false,גנדולה עוגיות עם שוקולד ציפס אורגני 250,תות תעשיות מזון (201,IT,עוגיות אורגניות עם שוקולד צ'יפס 250 גרם,גרמים,350.00,100 גרם,false,1,17.90,5.1143,true,1,50851
80083764,false,גנדולה עוגיות דגנים ש.שועל אורגני 250,תות תעשיות מזון (201,IT,עוגיות דגנים אורגניות עם שיבולת שועל 250 גרם,גרמים,350.00,100 גרם,false,1,17.90,5.1143,true,1,50852
80176732,false,קינדר הפי היפו 28 יחידות,פררו - אלבה,DE,"הפי היפו קקאו, וופל במילוי קרם חלבי וקרם קקאו",גרמים,21.00,100 גרם,false,1,4.50,21.4286,true,1,17091
80176800,false,נוטלה ממרח שוקולד 750 גרם,פררו תעשיות איטליה ס,IT,ממרח שוקולד נוטלה 750 גרם,גרמים,750.00,100 גרם,false,1,28.90,3.8533,true,1,1722
80177173,false,ממרח שוקולד נוטלה 350 גרם,פררו - אלבה,IT,ממרח שוקולד נוטלה אגוזים 350 גרם,גרמים,350.00,100 גרם,false,1,16.90,4.8286,true,1,1723
80177180,false,שוקולד קינדר קאונטרי 23.5 גרם,ליימן שליסל,IT,שוקולד קינדר קאנטרי 23.5 גרם,גרמים,24.00,100 גרם,false,1,3.50,14.5833,true,1,24208
80177609,false,אצבעות שוקולד קינדר Kinder ארבע יחידות,פררו - אלבה,IT,שוקולד חלב עם תכולת חלב גבוהה במילוי קרם חלבי,גרמים,50.00,100 גרם,false,1,5.50,11.0000,true,1,1724
80177616,false,אצבעות שוקולד קינדר Kinder שמונה יחידות,פררו - אלבה,IT,שוקולד חלב עם תכולת חלב גבוהה במילוי קרם חלבי,גרמים,100.00,100 גרם,false,1,9.90,9.9000,true,1,1725
80273561,false,פלפל שחור במטחנה 45 גר ארומה דה טוסקנה,דרוגיה ואלימנטרי אס.אר.א,,פלפל שחור במטחנה 45 גרם,גרמים,45.00,100 גרם,false,1,13.90,30.8889,true,1,6197
80273592,false,פלפל ארבע עונות 30 גר ארומה דה טוסקנה,דרוגיה ואלימנטרי אס.אר.א,,פלפל 4 העונות במטחנה 35 גרם,גרמים,35.00,100 גרם,false,1,13.90,39.7143,true,1,6198
80273639,false,מלח ים במטחנה 90 גר ארומה דה טוסקנה,דרוגיה ואלימנטרי אס.אר.א,,מלח ים במטחנה 90 גרם,גרמים,90.00,100 גרם,false,1,13.90,15.4444,true,1,6199
80273660,false,שום במטחנה 50 גר ארומה דה טוסקנה,דרוגיה ואלימנטרי אס.אר.א,,שום במטחנה 50 גרם,גרמים,50.00,100 גרם,false,1,13.90,27.8000,true,1,28039
80273677,false,צילי במטחנה 20 גר ארומה דה טוסקנה,דרוגיה ואלימנטרי אס.אר.א,,"צ""ילי במטחנה 20 גרם",גרמים,20.00,100 גרם,false,1,13.90,69.5000,true,1,6201
80310891,false,ג'וי ביצת הפתעה קינדר 20 גרם,קריות זול,ZA,"ביצת קינדר ג""וי 20 גרם",גרמים,20.00,100 גרם,false,1,6.90,34.5000,true,1,55404
80473336,true,פלפל שחור טחון אורגנ,בונומלי,IT,פלפל שחור טחון אורגני 50 גרם,גרמים,50.00,100 גרם,false,1,10.90,21.8000,true,1,38849
80651000,false,שום צילי במטחנה 30 גרם ארומה דה טוסקנה,דרוגיה ואלימנטרי אס.אר.א,,"שום וצ""ילי במטחנה 30 גרם",גרמים,30.00,100 גרם,false,1,13.90,46.3333,true,1,28040
80761761,false,קינדר בואנו לבן בודד 39 גרם,ליימן שליסל,PL,חטיף וופל קינדר בואנו שוקולד לבן 39 גרם,גרמים,39.00,100 גרם,false,1,5.00,12.8205,true,1,23315
80768258,false,ביצת הפתעה קינדר גוי לבנות 20 גרם,פררו - אלבה,ZA,קינדר ג'וי ורוד,גרמים,20.00,100 גרם,false,1,6.40,32.0000,true,1,28018
80773429,false,מנטוס בקבוק מעוגל - מסטיק ללא סוכר בטעם תות 60 גרם,"פרפטי ואן מלה ג'\ידה,סאן",TR,מנטוס גומי לעיסה ללא סוכר בטעם תות שדה,גרמים,60.00,100 גרם,false,1,10.90,18.1667,true,1,38498
80773443,false,מנטוס בקבוק מעוגל - מסטיק ללא סוכר בטעם מנטה 60 גרם,"פרפטי ואן מלה ג'\ידה,סאן",TR,מנטוס גומי לעיסה ללא סוכר בטעם מנטה,גרמים,60.00,100 גרם,false,1,10.90,18.1667,true,1,37625
80790990,false,מסטיק מנטוס בבקבוק מעוגל בטעם פירות -מנטה 60 ג',"פרפטי ואן מלה ג'\ידה,סאן",TR,מסטיק מנטוס מנטה עדינה בקבוק מעוגל 60 גר,גרמים,60.00,100 גרם,false,1,10.90,18.1667,true,1,37624
80809265,false,טורטינה בודד חמאת בוטנים 21 ג' לואקר,לואקר,IT,חטיף טורטינה חמאת בוטנים 21 גרם,גרמים,21.00,100 גרם,false,1,4.90,23.3333,true,1,54727
80843184,false,מנטוס מסטיק פיור פרש בטעם ענבים 60גר,פרפטי ואן מלה הולנד,TR,מסטיק בקבוקון פיור ענבים 60 גרם,גרמים,60.00,100 גרם,false,1,10.90,18.1667,true,1,52974
80864059,false,וופל גרדנה עם קרם חמאת בוטנים בציפוי שוקולד חלב,ליימן מותגים,IT,גרדנה חמאת בוטנים 38 גרם,גרמים,38.00,100 גרם,false,1,4.90,12.8947,true,1,54728
80864295,false,סוכריות פיור וויט טעם מנטה עדינה 60 ג' מנטוס,"פרפטי ואן מלה ג'ידה,סאן",TR,מסטיק בקבקון מ.עדינה pure white 60 גרם,גרמים,60.00,100 גרם,false,1,10.90,18.1667,true,1,53237
80874652,false,קארדס חטיף בוד 25.6 ג קינדר,פררו,IT,קינדר קארדס 25.6 גרם,גרמים,26.00,100 גרם,false,1,4.90,18.8462,true,1,55285
80896081,false,מנטוס בקבוק מעוגל - מסטיק ללא סוכר בטעם אבטיח 60 גרם,"פרפטי ואן מלה ג'\ידה,סאן",TR,מנטוס גומי לעיסה ללא סוכר בטעם אבטיח,גרמים,60.00,100 גרם,false,1,10.90,18.1667,true,1,38499
80913467,false,מנטוס בקבוק מעוגל - מסטיק ללא סוכר בטעם מנטה,פרפטי ואן מלה הולנד,TR,mentos - pure fresh,גרמים,60.00,100 גרם,false,1,10.90,18.1667,true,1,37626
80936848,false,סוכריות טיק טק בטעם תות שדה,ליימן-שליסל,ZA,טיק טק תות,גרמים,16.00,100 גרם,false,1,4.50,28.1250,true,1,27816
80945468,false,סוכריות פיור וויט טעם מנטה מתוקה 60 ג' מנטוס,"פרפטי ואן מלה ג'ידה,סאן",TR,מסטיק בקבקון מ.מתוקה pure white 60 גרם,גרמים,60.00,100 גרם,false,1,10.90,18.1667,true,1,53238
80982470,false,מנטוס מסטיק פיור פרוסט בטעם מנטה חזקה 60 ג',פרפטי ואן מלה ברדה,TR,מסטיק מנטוס פיור מנטה חזקה 60 ג,גרמים,60.00,100 גרם,false,1,10.90,18.1667,true,1,52044
80986348,false,סוכריות פיור וויט טעם מנטה 60 ג' מנטוס,"פרפטי ואן מלה ג'ידה,סאן",TR,מסטיק בקבקון מנטה pure white 60 גרם,גרמים,60.00,100 גרם,false,1,10.90,18.1667,true,1,53239
85939868,false,ניר קצר לגלגול ללא פילטר,U 4 ROLL,,נייר קצר ללא פילטר,יחידה,0.00,יחידה,false,1,3.00,0.0000,true,1,45817
85942677,false,ניר קצר דק פארטי+פילטר50,U 4 ROLL,,נייר קצר כולל פילטר,Unknown,0.00,Unknown,false,1,6.00,0.0000,false,1,45800
85942707,false,נייר קצר ללא פילטר עבה PIH,U 4 ROLL,,נייר קצר עבה,Unknown,0.00,Unknown,false,1,3.00,0.0000,false,1,46154
85951730,false,רול פור יו פילטרים ל,U 4 ROLL,,120 פילטרים SLIM PARTY,Unknown,0.00,Unknown,false,1,4.90,0.0000,false,1,36194
85966611,false,נייר גלגול גדול כולל פילטר PIH,רול פור יו,,נייר גלגול גדול כולל פילטר PIH,יחידה,1.00,יחידה,false,1,7.00,7.0000,false,1,50439
85967069,false,נייר גלגול גדול כולל פילטר חום,רול פור יו,,נייר גלגול גדול כולל פילטר חום,יחידה,1.00,יחידה,false,1,8.90,8.9000,false,1,50436
85967076,false,נייר גלגול בינוני כולל פילטר חום,בל פור יו,,נייר בינוני כולל פיל,יחידה,1.00,יחידה,false,1,7.50,7.5000,true,1,50438
87108538,false,סוכריות בטעם תות מנטוס 37.5 גרם,הדקלאים אגודת שיתופי,NL,מנטוס תות 40 גלילים,גרמים,38.00,100 גרם,false,1,3.90,10.2632,true,1,6350
87311396,false,מנטוס ריינבאוו סוכריות לעיסה בטעמי פירות,פרפטי ואן מלה ברדה,NL,מנטוס ריינבאוו סוכריות לעיסה בטעמי פירות 37.5 גרם,גרמים,38.00,100 גרם,false,1,3.90,10.2632,true,1,25703
90162602,false,רד בול משקה אנרגיה פקדון 30 אג,רד בול ג'י.אם.בי. אץ,AT,"משקה אנרגיה רד בול 250 מ""ל",מיליליטרים,250.00,"100 מ""ל",false,1,8.50,3.4000,true,1,36671
90162800,false,רד בול משקה אנרגיה ללא סוכר פקדון 30 אג,רד בול ג'י.אם.בי. אץ,AT,רד בול,מיליליטרים,250.00,"100 מ""ל",false,1,8.50,3.4000,true,1,36672
90446269,false,"משקה רד בול אבטיח מוגז פחית 250 מ""ל",ראון פרוכטסאפה,AT,רד בול אבטיח 250 מל,מיליליטרים,250.00,"100 מ""ל",false,1,8.50,3.4000,true,1,52229
90448867,false,"משקה אנרגיה רד בול ללא פחמימות 250 מ""ל",רד בול,AT,רד בול ללא פחמימות פחית 250 מל,מיליליטרים,250.00,"100 מ""ל",false,1,8.50,3.4000,true,1,54384
729001005,false,סלנובה,חקלאי,IL,עלי חסהסלנובה,יחידה,1.00,יחידה,false,1,12.90,12.9000,true,1,42240
8112100298,false,"שמן שומשום טהור מזרח ומערב 185 מ""ל",Flavor full foods in,,מזרח ומערב שמן שומשום טהור לא מזוכך 185 מל,מיליליטרים,185.00,"100 מ""ל",false,1,15.90,8.5946,true,1,53961
9800800056,false,חטיף שוקולד עם מקלות לחם אנד גו,פררו - אלבה,DE,נוטלה גו בייגלה מלוח,גרמים,52.00,100 גרם,false,1,7.90,15.1923,true,1,35094
11182700930,false,קינג קול שעועית אדומה כהה 439 גרם,הנובר פודס,,שעועית אדומה בהירה קינג קול 436 גרם,גרמים,436.00,100 גרם,false,1,11.90,2.7294,true,1,32136
11182700954,false,קינג קול שעועית שחורה 439 גרם,האנאובר פודס קורפורשיין,,שעועית שחורה קינג קול 436 גרם,גרמים,436.00,100 גרם,false,1,11.90,2.7294,true,1,32135
11210000094,false,"רוטב ""טבסקו"" על בסיס פלפל אדום 60 מ""ל",מקאילהייני אייבורי,,"רוטב טבסקו 60 מ""ל",מיליליטרים,60.00,"100 מ""ל",false,1,12.90,21.5000,true,1,5331
11210007253,false,"רוטב ""טבסקו"" על בסיס פלפל אדום ושום 60 מ""ל",מקאילהייני אייבורי,,"רוטב טבסקו שום ופלפל 60 מ""ל",מיליליטרים,60.00,"100 מ""ל",false,1,12.90,21.5000,true,1,14823
14100074120,false,פפרידג' פארם עוגיות מילאנו 170 גרם,פפרידג פראם,,עוגיות מילאנו פפרידג 198 גרם,גרמים,198.00,100 גרם,false,1,24.90,12.5758,true,1,4521
14100077084,false,עוגיות פפרידג פקאן מריר [ירוק],פפרידג פראם,US,פפרידג פארם עוגיות צספיק שוקולד מריר פ,גרמים,204.00,100 גרם,false,1,24.90,12.2059,true,1,55417
14100082033,false,עוגיות פפרידג בראוניז רכות קפטיבה (אדום),פפרידג פראם,,עוגיות קאפטיבה רכות פפרידג 244 גרם,גרמים,244.00,100 גרם,false,1,24.90,10.2049,true,1,8819
16000142220,false,נ.וואלי חטיף PROTEIN XL קרמל מלוח,ליימן שליסל,US,נייטצר ואלי פרוטאין XL בוטנים קרמל מלוח,גרמים,60.00,100 גרם,false,1,12.90,21.5000,true,1,53879
16000185517,false,דגני בוקר פייבר וואן עתירי סובין FIBRE1,בטר אנד דיפרנט,US,דגני פייבר 1 555גרם,גרמים,555.00,100 גרם,false,1,32.90,5.9279,true,1,53388
16000423534,false,חטיפי גרנולה קראנצ'י עם שיבולת שועל ושוקולד מריר נייצ'ר ואלי 5*42 גרם,ג'נרל מילס סאן אדריאן,ES,חטיפי גרנולה קראנצי שיבולת שועל מריר 210,גרמים,210.00,100 גרם,false,1,14.90,7.0952,true,1,23220
16000548404,false,חטיפי גרנולה קראנצ'י עם שיבולת שועל ודבש נייצ'ר ואלי 5*42 גרם,ג'נרל מילס סאן אדריאן,ES,"נייטשר וואלי, קראנצ'י שיבולת שועל עם דבש",גרמים,210.00,100 גרם,false,1,14.90,7.0952,true,1,231
16000548503,false,חטיפי גרנולה קראנצ'י עם מייפל וסוכר חום נייצ'ר ואלי 5*42 גרם,ג'נרל מילס סאן אדריאן,ES,חטיפי גרנולה קראנצי מייפל וסוכר חום 210,גרמים,210.00,100 גרם,false,1,14.90,7.0952,true,1,232
16000548909,false,חטיפי גרנולה קראנצ'י במגוון טעמים נייצ'ר ואלי 5*42 גרם,ג'נרל מילס סאן אדריאן,ES,חטיפי גרנולה קראנצי מגוון טעמים 210 גרם,גרמים,210.00,100 גרם,false,1,14.90,7.0952,true,1,234
18000701223,false,"פילסברי, עוגה בטעם שוקולד, תערובת להכנת עוגה בטעם שוקולד. 500 גרם",הדקלאים אגודת שיתופי,IL,תערובת להכנת עוגת שוקולד פילסברי 500 גרם,גרמים,500.00,100 גרם,false,1,19.90,3.9800,true,1,5954
18000766413,false,"פילסברי, עוגה בטעם שוקולד, תערובת להכנת עוגה בטעם שוקולד. 550 גרם.",הדקלאים אגודת שיתופי,IL,תערובת לעוגת בראוניס פלסברי 550 גרם,גרמים,550.00,100 גרם,false,1,19.90,3.6182,true,1,19623
18200004735,false,"בירה ביאלומיניום באדוויזר 473 מ""ל בקבוק",IBBLS,US,בקבוק אלומיניום בירה באדוויזר 473 מל,מיליליטרים,473.00,"100 מ""ל",false,1,12.90,2.7273,true,1,49900
22224500715,false,פופקורן מתוק מלוח ח.בוטנים ושוקולד 156 ג,קניז קודי קומפוני,US,סוויט כאוס פופקורן עם חמאת בוטנים ושוקלד 156 גרם,גרמים,156.00,100 גרם,false,1,24.90,15.9615,true,1,52665
22224500722,false,פופקורן מתוק מלוח עם בצק עוגה 156 גרם,קניז קודי קומפוני,US,סוויט כאוס פופקורן עם בצק עוגה 156 גרם,גרמים,156.00,100 גרם,false,1,24.90,15.9615,true,1,52664
25675301108,false,מקלות חמוצים חמצוצים תות 50 גרם,פאסין,,מקלות חמוצים פשקס תות 50 גרם,גרמים,50.00,100 גרם,false,1,5.90,11.8000,true,1,8764
25675301184,false,חמצוצים מקלות חמוצים קולה 50 גרם,פשקז Paskesz,,מקלות חמוצים קולה 50 גרם,גרמים,50.00,100 גרם,false,1,5.90,11.8000,true,1,8765
25700005681,false,זיפלוק שקיות אחסון סליידר בינוניות 20 יחידות,אס.סי גונוסון,US,יפלוק סליידר בינוניות 20יח,יחידה,1.00,יחידה,false,1,17.90,17.9000,true,1,51122
30000315958,false,קוואקר פרוטאין בננה אגוזים 366 גרם,קוואקר אוטס קומפני,US,קוואקר פרוטאין בננה אגוזים 366 גרם,גרמים,366.00,100 גרם,false,1,28.90,7.8962,true,1,42544
30000315989,false,קוואקר פרוטאין חמוציות ושקדים 372 גרם,קוואקר אוטס קומפני,US,קוואקר פרוטאין חמוציות ושקדים 372 גרם,גרמים,372.00,100 גרם,false,1,28.90,7.7688,true,1,42545
30100487197,false,קיבלר סנדוויץ קרקר גבינה וצדר 39 גרם,"מאכלי עולם ר.ז. בע""מ",,קיבלר קרקר גבינת צדר לבן 39 גרם,גרמים,39.00,100 גרם,false,1,4.90,12.5641,true,1,28497
30100545101,false,קיבלר סנדוויץ קרקר קלאב צדר 39 גרם,"מאכלי עולם ר.ז. בע""מ",,קיבלר קרקר קלאב צדר כתום 39 גרם,גרמים,39.00,100 גרם,false,1,4.90,12.5641,true,1,28025
31290140107,false,גודייבה אצבעות שוקולד 72% 90 גרם,"אולקר מקבוצת פלאדיס, ציק",TR,טבלת שוקולד גודייבה סטיק 72% 90גרם,גרמים,90.00,100 גרם,false,1,15.90,17.6667,true,1,50323
31290140237,false,שוקולד חלב שוקולד גודייבה פינגרס,"אולקר מקבוצת פלאדיס, ציק",TR,טבלת שוקולד חלב גודייבה סטיקס חלב 90גרם,גרמים,90.00,100 גרם,false,1,15.90,17.6667,true,1,50325
33383220291,false,אוכמניות טריות יחידה,S.A NICEBLUE,IL,אוכמניות ארוז,גרמים,150.00,100 גרם,false,1,29.90,19.9333,true,1,38126
34000470228,false,ריזס מיניס חטיף שוקולד במילוי חמאת בוטנים 70 גרם,הרשי,,שוקולד חלב מיני ריזס 70 גרם,גרמים,70.00,100 גרם,false,1,7.60,10.8571,true,1,27426
34000544028,false,סוכריות ארוכות בטעם תות טוויזלרס Twizzlers,ליימן מותגים,,טוויזלרס ממתק בטעם תות 198 גרם,גרמים,198.00,100 גרם,false,1,9.90,5.0000,true,1,53896
36000516876,false,ממחטות נייר קלינקס לושן 3 שכבות 75 דף,חוגלה קימברלי,GB,קלינקס לושן 75 - 3 שכבות,יחידה,27.00,יחידה,false,1,12.90,0.4778,true,1,48699
37600207188,false,חמאת בוטנים סקיפי קלאסי 462 גרם,חברת המזון אלגוד,US,חמאת בוטנים סקיפי קלאסיק 462 גרם,גרמים,462.00,100 גרם,false,1,21.90,4.7403,true,1,28418
37600207256,false,חמאת בוטנים סקיפי עם שברי בוטנים 462 גרם,חברת המזון אלגוד,US,חמאת בוטנים סקיפי עם שברי בוטנים 462 גרם,גרמים,462.00,100 גרם,false,1,24.90,5.3896,true,1,28453
37600207287,false,סקיפי חמאת בוטנים בטעם דבש 462 גרם,חברת המזון אלגוד.,US,חמאת בוטנים סקיפי עם דבש 462 גרם,גרמים,462.00,100 גרם,false,1,26.90,5.8225,true,1,32109
37600297943,false,מטבל סלסה חריף- צ'י צ'י 439 גר,מותגים,US,439גרם CHI-CHISמטבל סלסה חריף,גרמים,439.00,100 גרם,false,1,17.90,4.0774,true,1,55354
37600297967,false,מטבל סלסה בחריפות עדינה צי צי 439 גר,מותגים,US,CHI-CHIS מטבל סלסה בחריפות עדינה 439 גרם,גרמים,439.00,100 גרם,false,1,17.90,4.0774,true,1,55353
37977005455,false,מאמ מחזיק מוצץ כחול,General,AU,מאמ מחזיק מוצץ כחול,יחידה,1.00,יחידה,false,1,31.90,31.9000,true,1,50305
38000138607,false,חטיף צ'יפס בטעם מלח וחומץ,פרינגלס מנופקצ'ורינג,US,פרינגלס חומץ מלח 158 גרם,גרמים,158.00,100 גרם,false,1,10.90,6.8987,true,1,42642
38000138638,false,חטיף צ'יפס פרינגלס פיצה 158 גרם,פרינגלס מנופקצ'ורינג קונ,US,פרינגלס פיצה 158 גרם,גרמים,158.00,100 גרם,false,1,10.90,6.8987,true,1,35894
38000138720,false,חטיף צ'יפס פרינגלס ראנץ 158 גרם,פרינגלס מנופקצ'ורינג קונ,US,פרינגלס ראנץ 158 גרם,גרמים,158.00,100 גרם,false,1,10.90,6.8987,true,1,40262
38000183928,false,פרינגלס דבש וחרדל 158 גרם,פרינגלס מניופקצ'ורינ,US,פרינגלס חרדל ודבש 158 גרם,גרמים,158.00,100 גרם,false,1,10.90,6.8987,true,1,50725
38000232152,false,פרינגלס חטיפי תפוח אדמה בטעם ברביקיו 158 גרם,פרינגלס מנופקצ'ורינג קומ,US,פרינגלס ברביקיו 158גרם,גרמים,158.00,100 גרם,false,1,10.90,6.8987,true,1,49032
38000232176,false,פרינגלס ביג שמנת בצל 158 גרם,פרינגלס מנופקצ'ורינג קונ,US,פרינגלס שמנת בצל 158גרם,גרמים,158.00,100 גרם,false,1,10.90,6.8987,true,1,49031
38000232183,false,פרינגלס ביג אורגינל 149 גרם,פרינגלס מנופקצ'ורינג קונ,US,פרינגלס אורגינל 149 גרם,גרמים,149.00,100 גרם,false,1,10.90,7.3154,true,1,49030
38000845253,false,חטיף צ'יפס פרינגלס מידי שמנת בצל 71 גרם,פרינגלס מנופקצ'ורינג קונ,US,פרינגלס מידי שמנת בצל 71 גרם,גרמים,71.00,100 גרם,false,1,6.90,9.7183,true,1,47484
38527591053,false,קואקר דגנים מרובעים שיבולת שועל וקינמון,קוואקר אוטס קומפני,,דגני קוואקר מרובעים קינמון 411 גרם,גרמים,411.00,100 גרם,false,1,22.70,5.5231,true,1,24513
38527591060,false,דגני קוואקר מרובעים Quaker Squares עם סוכר חום,קוואקר אוטס קומפני,,דגני קוואקר מרובעים סוכר חום 411 גרם,גרמים,411.00,100 גרם,false,1,22.70,5.5231,true,1,24514
39000008006,false,אורטגה טאקו SHELL מקסיקני 164 גרם,בי אנד ג'י,US,אורטגה טאקו מקסיקני 12 יחידות 164 גרם,גרמים,164.00,100 גרם,false,1,23.90,14.5732,true,1,31844
40000514480,false,M&M אריזה קטנה's שוקולד אריזה קטנה 48 גרם,M&M אם אנד אם,,סוכריות M&M בטעם שוקולד 48 גרם,גרמים,48.00,100 גרם,false,1,5.80,12.0833,true,1,34366
40000514510,false,M&M אריזה קטנה's בוטנים אריזה קטנה 49 גרם,M&M אם אנד אם,,סוכריות שוקולד M&M בוטנים 49 גרם,גרמים,49.00,100 גרם,false,1,5.80,11.8367,true,1,34013
41224468108,false,עגבניות מיובשות שמן זית 340 גרם ROLAND,סיגס גיטה,,עגבניות מיובשות בשמן זית 283 גרם,גרמים,283.00,100 גרם,false,1,24.90,8.7986,true,1,26888
41421177452,false,"רייטס רוטב היקורי מעושן מרוכז 103 מ""ל",בי אנד ג'י,US,רייטס רוטב היקורי מעושן מרוכז 103 מל,מיליליטרים,103.00,"100 מ""ל",false,1,14.90,14.4660,true,1,46732
46214731552,false,עוגיות שוקולד צ'יפס 37% גודיס 225 גרם,קריניציה ויטמינה אס,NL,מרבה עוגיות 37% שוקולד ציפס,גרמים,225.00,100 גרם,false,1,10.90,4.8444,true,1,1096
47800175477,false,"רייטס רוטב מסקיט מעושן מרוכז 103 מ""ל",בי אנד ג'י,US,רייטס רוטב מסקיט מעושן מרוכז 103 מל,מיליליטרים,103.00,"100 מ""ל",false,1,14.90,14.4660,true,1,46712
50000015474,false,"מזון חתולים פריסקיז מעדני הים 1.43 ק""ג",פריסקיז,US,פריסקיז דגים 1.42 קג,קילוגרמים,1.42,"ק""ג",false,1,39.90,28.0986,true,1,8262
50000084500,false,מזון יבש לחתול בטעם נתחי ברביקיו פריסקיז Friskies,נסטלה פורינה USA מק,US,פריסקיז מעדני השף 1.42 קג,קילוגרמים,1.42,"ק""ג",false,1,39.90,28.0986,true,1,17034
50000100347,false,"פריסקיז - מעדני החתול מועשר בחלב 1.40 ק""ג",נסטלה פורינה USA מק,US,פריסקיז מעדני החתול מועשר בחלב 1.4קג,קילוגרמים,1.40,"ק""ג",false,1,39.90,28.5000,true,1,37512
50000168583,false,"מזון חתולים פריסקיז אקסטרא קראנץ 1.43 ק""ג","פורינה ארה""\ב",US,פריסקיז אקסטרא קראנץ 1.47 קג,קילוגרמים,1.47,"ק""ג",false,1,39.90,27.1429,true,1,52075
50000170180,false,מזון חתולים פריסקיז עוף ברוטב 156 גרם,נסטלה פורינה USA קר,US,פריסקיז פריים פילה עוף ברוטב 156 גר,גרמים,156.00,100 גרם,false,1,6.90,4.4231,true,1,51645
50000225224,false,מזול חתולים פריסקיז פילה הודו ברוטב 156 גרם,נסטלה פורינה USA קר,US,פריסקיז פריים פילה הודו ברוטב 156 גר,גרמים,156.00,100 גרם,false,1,6.90,4.4231,true,1,51646
50000237951,false,פריסקיז פארטי מיקס מיקס גריל קראנץ*60ג,נסטלה פורינה פטקר ארצות,US,פריסקיז פארטי מיקס מיקס גריל קראנץ 60ג,גרמים,60.00,100 גרם,false,1,11.90,19.8333,true,1,54700
50000238910,false,"""פריסקיז פארטי מיקס אוריגי'נל קראנץ 60 גרם",נטסלה פורינה פטקר ארצות,US,פריסקיז פארטי מיקס אוריגינל קראנץ10 60ג,גרמים,60.00,100 גרם,false,1,11.90,19.8333,true,1,54699
50000423347,false,פריסקיז לח סלמון 156 גרם,נסטלה פורינה USA קר,US,מזון חתולים סלמון פריסקיז 156 גרם,גרמים,156.00,100 גרם,false,1,6.90,4.4231,true,1,51642
50000424948,false,פריסקיז דגי אוקיינוס וטונה 156ג',נסטלה פורינה USA קר,US,מזון חתולים דגי אוקיינוס וטונה פריסקיז 1,קילוגרמים,1.40,"ק""ג",false,1,6.90,4.9286,true,1,51643
50000426447,false,פריסקיז פנסי פיסט נתחי הודו 85 גרם,נסטלה פורינה USA סט,US,פנסי פיסט נתחי הודו 85 גרם,גרמים,85.00,100 גרם,false,1,5.90,6.9412,true,1,8249
50000429042,false,מזון חתולים כבד מעודן ועוף פנסי פיסט 85 גרם,נסטלה פורינה USA ג',US,מזון חתולים כבד מעודן ועוף פנסי פיסט 85,גרמים,85.00,100 גרם,false,1,5.90,6.9412,true,1,40632
50000429448,false,פריסקיז פנסי פיסט פטה מוס סלמון 85 גרם,נסטלה פורינה USA סט,US,פנסי פיסט מוס סלמון 85 גר,גרמים,85.00,100 גרם,false,1,5.90,6.9412,true,1,8636
50000429646,false,פריסקיז פנסי פיסט לח דג אוקיאנוס 85 גרם,נסטלה פורינה USA ג',US,מזון חתולים לח דגים פנסי פיסט 85 גרם,גרמים,85.00,100 גרם,false,1,5.90,6.9412,true,1,22256
50000434640,false,פריסקיז פנסי פיסט נתחי לבבות כבד ועוף 85 גרם,נסטלה פורינה USA סט,US,מזון חתולים לח נתחי עוף פנסי פיסט 85 גרם,גרמים,85.00,100 גרם,false,1,5.90,6.9412,true,1,8250
50000574414,false,"""פריסקיז פארטי מיקס פיקניק קראנץ 60 גרם",נסטלה פורינה פטקר ארצות,US,פריסקיז פארטי מיקס פיקניק קרנץ 59.500ג,גרמים,60.00,100 גרם,false,1,11.90,19.8333,true,1,54702
50000574438,false,"""פריסקיז פארטי מיקס מעדני ים קראנץ 60 גרם",נסטלה פורינה פטקר ארצות,US,פריסקיז פארטי מיקס מעדני ים קראנץ 60ג,גרמים,60.00,100 גרם,false,1,11.90,19.8333,true,1,54701
50000578238,false,"""פריסקיז פארטי מיקס קרייזי צ'יז 60 גרם",נסטלה פורינה פטקר ארצות,US,פריסקיז פארטי מיקס קרייזי ציז 59.500ג,גרמים,60.00,100 גרם,false,1,11.90,19.8333,true,1,54703
50000578450,true,פנסי פיסט עוף ברוטב,פורינה,US,פנסי פיסט עוף ברוטב עשיר,גרמים,85.00,100 גרם,false,1,5.90,6.9412,true,1,39604
52100005966,false,גבישי שום מקורמיק 85 גרם,מקרומיק,US,גבישי שום 85 גרם,גרמים,85.00,100 גרם,false,1,28.90,34.0000,true,1,46662
52100006260,false,אבקת שום מקורמיק 88 גרם,מקרומיק,US,אבקת שום 88 גרם,גרמים,88.00,100 גרם,false,1,28.90,32.8409,true,1,46663
52100030043,false,פלפל שחור טחון גס 42 גרם,מקורמיק אנ גו,US,פלפל שחור טחון גס 42 גרם,גרמים,42.00,100 גרם,false,1,20.90,49.7619,true,1,46659
52100030234,false,פלפל שחור שלם מקורמי,מקורמיק,US,פלפל שחור 53 גרם,גרמים,53.00,100 גרם,false,1,28.90,54.5283,true,1,46661
52100034898,false,"תמצית ליים טהורה 29 מ""ל",מקורמיק,US,"תמצית ליים טהורה 29 מ""ל",מיליליטרים,29.00,"100 מ""ל",false,1,17.90,61.7241,true,1,50264
52100070780,false,"תמצית תפוז טהורה 29 מ""ל",מקורמיק,US,"תמצית תפוז טהורה 29 מ""ל",מיליליטרים,29.00,"100 מ""ל",false,1,17.90,61.7241,true,1,50265
52100070827,false,תמצית בטעם רום מקורמיק 29 גרם,מקרומיק תבלינים,US,תמצית טעם רום,מיליליטרים,29.00,"100 מ""ל",false,1,11.90,41.0345,true,1,45008
52100070865,false,"תמצית וניל טהור מקורמיק 29 מ""ל",מקורמיק האנט ואלי,US,תמצית וניל טהור מקורמיק 28 גרם,גרמים,28.00,100 גרם,false,1,29.90,106.7857,true,1,18273
52100746043,false,תערובת פלפלים במטחנה 24 גר,מקורמיק האנט ואלי,FR,תערובת פלפלים במטחנה 24 גרם,גרמים,24.00,100 גרם,false,1,18.90,78.7500,true,1,45353
54100977656,false,רוטבאופן פיט BBQ אור,פיניקל פודס גרופ,US,רוטבאופן פיט BBQ אוריגינל 510 גרם,גרמים,510.00,100 גרם,false,1,13.90,2.7255,true,1,46737
55369901673,false,אפלסנקס רביעיות רסק תפוחי עץ אפרסק ללא תוספת סוכר,ליייהי אורצ'רדס,,מחית אפרסק ללא סוכר אפלסנקס רביעייה,גרמים,113.00,100 גרם,false,1,14.90,13.1858,true,1,36020
55369901703,false,"רסק אפל סנקס תפו""ע תות שדה לל""ס מארז 113X4ג'",ליייהי אורצ'רדס,,מחית תות שדה ללא סוכר אפלסנקס רביעייה,גרמים,113.00,100 גרם,false,1,14.90,13.1858,true,1,36021
55369902557,false,אפלסנקס רביעיות רסק תפוחי עץ ממותק בסגנון ביתי עברית,ליהי אורצ'דאניק,,מחית תפוחי עץ טבעי אפלסנקס רביעייה,גרמים,113.00,100 גרם,false,1,14.90,13.1858,true,1,36022
55369902564,false,אפלסנקס רביעיות רסק תפוחי עץ ללא תוספת סוכר עברית,ליהי אורצ'דאניק,,מחית תפוחי עץ ללא סוכר אפלסנקס רביעייה,גרמים,113.00,100 גרם,false,1,14.90,13.1858,true,1,36023
64144090020,false,"ספריי שמן PAM בטעם שמן זית 141 מ""ל",ליימן מותגים,,"PAM תרסיס שמן זית 148 מ""ל",מיליליטרים,148.00,"100 מ""ל",false,1,19.90,13.4459,true,1,25017
64144090051,false,"ספריי שמן PAM קנולה אורגינל 148 מ""ל",קונאגרה פודס,,"PAM תרסיס שמן קנולה 148 מ""ל",מיליליטרים,148.00,"100 מ""ל",false,1,19.90,13.4459,true,1,30964
70177077563,false,תה ארל גריי 25 שקיות טוינינגס 50 גר,אר. טווינינגס אנד קומפני,PL,תה טווינינג ארל גריי 50 גרם,גרמים,50.00,100 גרם,false,1,20.90,41.8000,true,1,39928
70177077693,false,תה אנגליש ברקפסט 25 שקיות טוינינגס 50 גר,אר. טווינינגס אנד קומפני,PL,1X12X50G אינגליש ברקפסט,גרמים,50.00,100 גרם,false,1,20.90,41.8000,true,1,39929
70177078775,true,תה ליידי,אר. טווינינגס אנד קו,PL,תה שחור בטעם הדרים,גרמים,50.00,100 גרם,false,1,20.90,41.8000,true,1,39927
70177086664,false,תה ירוק טהור 25 שק TWININGS,אר. טווינינגס אנד קומפני,GB,טווינינג תה ירוק טהור 25 שק,גרמים,50.00,100 גרם,false,1,21.90,43.8000,true,1,39926
70970471254,false,מייק לייק - סוכריות ג'לי בינס קרטונית פירות ירוק 141 גרם,ג'\אסט בורן,US,מייק אנד אייק פירות ירוק 141 גרם,גרמים,141.00,100 גרם,false,1,11.90,8.4397,true,1,50748
70970473562,false,מייק לייק - סוכריות ג'לי בינס קרטונית מגה מיקס 141 גרם,ג'\אסט בורן,,מייק אנד אייק מגה מיקס 141 גרם,גרמים,141.00,100 גרם,false,1,11.90,8.4397,true,1,37279
71570001667,false,גלי בלי סוכריות 20 טעמים 70 גרם,ג'לי בלי קינדי,TH,גלי בלי סוכריות גלי 20טעמים 70 גרם,גרמים,70.00,100 גרם,false,1,12.90,18.4286,true,1,40893
71570001841,false,גלי בלי סוכריות בטעמים חמוצים 70 גרם,ג'לי בלי קינדי,TH,גלי בלי סוכריות גליבטעם חמוצים 70 גרם,גרמים,70.00,100 גרם,false,1,12.90,18.4286,true,1,40895
71570001858,false,גלי בלי סוכריות מיקס פירות 70 גרם,ג'לי בלי קינדי,TH,גלי בלי סוכריות גליבטעם פירות 70 גרם,גרמים,70.00,100 גרם,false,1,12.90,18.4286,true,1,40894
71570009762,false,ג'לי בלי 70 גרם בטעם מיקס טרופי,ג'לי בלי קינדי,TH,גלי בלי בטעם מיקס טרופי 70 גרם,גרמים,70.00,100 גרם,false,1,12.90,18.4286,true,1,54896
71570010119,false,גלי בלי בטעם דובדבן,ג'לי בלי קינדי,TH,גלי בלי בטעם דובדבן 70 גרם,גרמים,70.00,100 גרם,false,1,12.90,18.4286,true,1,54892
72600001626,false,הר חטיף תפוח אדמה דבש ברביקיו 99 גרם,הר פודס,US,הר חטיף תפוח אדמה דבש ברביקיו 99 גרם,גרמים,99.00,100 גרם,false,1,28.90,29.1919,true,1,52666
72600007123,false,הרס חטיף ציפס תפוחי אדמה טבעי 170 גרם,הר פודס,US,הר חטיף תפוח אדמה קטל טבעי 142 גרם,גרמים,170.00,100 גרם,false,1,27.90,16.4118,true,1,51175
72600062290,false,הר חטיף גבינה חלפניו חריף 198 גרם,הר פודס,US,חטיף גבינה חלפניו חריף 198 גרם,גרמים,198.00,100 גרם,false,1,27.90,14.0909,true,1,40800
72600062306,false,חטיף הר פודס בטעם גבינה 198 גרם,הר פודס,,חטיף גבינה הר 198 גרם,גרמים,198.00,100 גרם,false,1,27.90,14.0909,true,1,34761
72600062313,false,הר חטיף גבינה בפאלו גבינה כחולה 198 גרם,הר פודס,,חטיף גבינה בטעם בופאלו כחולה 198 גרם,גרמים,198.00,100 גרם,false,1,27.90,14.0909,true,1,42338
72600062320,false,הר חטיף גבינה בטעם פיצה 198 גרם,הר פודסn\,,חטיף גבינה בטעם פיצה הר 198 גרם,גרמים,198.00,100 גרם,false,1,27.90,14.0909,true,1,34763
72600062870,false,חטיף תפוח אדמה קטל דבש סרירצה 142 גרם,הר פודס,US,"חטיף תפוח אדמה קטל דבש סרירצה, 142 גרם",גרמים,142.00,100 גרם,false,1,27.90,19.6479,true,1,52667
74234512141,false,רוטב סלסה מקסיקני אד,Empacadora San Marco,,רוטב פיקו דה גאלו בסיס עגבניות 230 גרם,גרמים,230.00,100 גרם,false,1,13.90,6.0435,true,1,37300
74234531142,false,פלפל חלפניו פרוס כבוש 210 ג' צנצנת (כ),Empacadora San Marco,,פלפל חלפניו פרוס כבוש 210 גרם,גרמים,210.00,100 גרם,false,1,13.90,6.6190,true,1,37296
74234815013,false,שימורי מחית שעועית שחורה 430 גר,Empacadora San Marco,,שימורי מחית שעועית שחורה 430 גרם,גרמים,430.00,100 גרם,false,1,13.90,3.2326,true,1,37302
74234922230,false,עגבניות ירוקות ופלפל,Empacadora San Marco,,רוטב סלסה ורדה עגבניות ירוקות פ.חריף 230,גרמים,230.00,100 גרם,false,1,13.90,6.0435,true,1,37298
74234925231,false,סלסה ציפוטלה מטבל עם פלפל חריף 230 גר,Empacadora San Marco,,רוטב סלסה ציפוטלה מתבל פ.חריף 230,גרמים,230.00,100 גרם,false,1,13.90,6.0435,true,1,37299
74234951179,false,פלפל ציפוטלה שלם ברו,Empacadora San Marco,,פלפל ציפוטלה שלם ברוטב עגבניות 230 גרם,גרמים,230.00,100 גרם,false,1,13.90,6.0435,true,1,37297
74570004003,false,גלידה בטעם וניל 473 ג' האגן דאז,האגן-דאז,,"גלידת שמנת משובחת וניל 473 מ""ל",מיליליטרים,473.00,"100 מ""ל",false,1,24.90,5.2643,true,1,4176
74570174003,false,גלידה בטעם אגוזי מקדמיה 473 ג' האגן דאז,האגן-דאז,,"גלידת שמנת אגוזי מקדמיה 473 מ""ל",מיליליטרים,473.00,"100 מ""ל",false,1,24.90,5.2643,true,1,1661
74570274000,false,גלידה בטעם קרם עוגיות 473 ג' האגן דאז,האגן דאז,,"גלידת שמנת עוגיות 473 מ""ל",מיליליטרים,473.00,"100 מ""ל",false,1,24.90,5.2643,true,1,1662
75810021255,false,"סאן ג'יי רוטב תמרי ללא גלוטן 296 מ""ל",סאן גיי אינטרנשיונל,,"רוטב תמרי ללא גלוטן סאן גיי 296 מ""ל",מיליליטרים,296.00,"100 מ""ל",false,1,29.90,10.1014,true,1,37943
76840002306,false,חטיף בצק עוגיות בן א,בן אנד גריס,US,חטיף בצק עוגיות בן אנד גריס 170גרם,גרמים,170.00,100 גרם,false,1,22.90,13.4706,true,1,52320
76840002535,false,חטיף חצי אפוי בן אנד,בן אנד גריס,US,חטיף חצי אפוי בן אנד גריס 180גרם,גרמים,180.00,100 גרם,false,1,22.90,12.7222,true,1,52321
76840100156,false,"בן אנד גריס גלידת צרי גרסיה 500 מ""ל",מוצרי איכות אמריקאיים בע,,"גלידה צרי גרסיה 500 מ""ל",מיליליטרים,500.00,"100 מ""ל",false,1,23.90,4.7800,true,1,1681
76840100583,false,גלידה וניל +בצק עוגיות ושוקולד צי'פס 473ג,מוצרי איכות אמריקאיים בע,,"גלידה בצק עוגיות 473 מ""ל",מיליליטרים,473.00,"100 מ""ל",false,1,23.90,5.0529,true,1,22058
76840100989,false,"גלידה בן & גריס שוקולד מרשמלו קרמל ופאדג' 500 מ""ל",מוצרי איכות אמריקאיים בע,IL,גלידת שוקולד עם מרשמלו קרמל וחתיכות פאדג,מיליליטרים,473.00,"100 מ""ל",false,1,23.90,5.0529,true,1,41657
76840400218,false,"גלידה בן&ג'ריס תות שדה ועוגת גבינה 500מ""ל",מוצרי איכות אמריקאיים בע,,"גלידה עוגת גבינה ותות שדה 473 מ""ל",מיליליטרים,473.00,"100 מ""ל",false,1,23.90,5.0529,true,1,27354
76840580767,false,פינט באטרעוגיות טבעוני ל,מוצרי איכות אמריקאיים,,"גלידה פינט באטר ועוגיות ללא חלב 473 מ""ל",מיליליטרים,473.00,"100 מ""ל",false,1,23.90,5.0529,true,1,35232
76840620029,false,"גלידה בן&ג'ריס שמנת עם תות 500מ""ל",מוצרי איכות אמריקאיים בע,,"גלידה תות שדה 500 מ""ל",מיליליטרים,500.00,"100 מ""ל",false,1,23.90,4.7800,true,1,15929
77245110610,false,סוכריות מאסט ללא סוכר בטעם מנטה 80 ג'עלית,MIESZKO S.A - MS. JO,,סוכריות מאסט מנטה ללא סוכר 80 גרם,גרמים,80.00,100 גרם,false,1,10.90,13.6250,true,1,2218
77343000233,false,נרות חימום אורה 50 יחי',"מנורה שי נר בע""מ",IL,נרות חימום אורה 50,יחידה,1.00,יחידה,false,1,11.90,11.9000,true,1,34021
77343002213,false,מיני מנגל חד פעמי,טיי פרידה,CN,מיני מנגל חד פעמי,יחידה,1.00,יחידה,false,1,16.90,16.9000,true,1,50134
77975036976,false,מטבל עגבניות בחריפות עדינה סניידרס 439 ג',סניידרס אוף האנובר,,מטבל עגבניות בחריפות מעודנת 439 גרם,גרמים,439.00,100 גרם,false,1,17.90,4.0774,true,1,36659
77975088234,false,סניידרס שברי בייגלה בטעם חלפיניו 340 גרם,סניידרס אוף האנובר,,בייגלה סניידרס חלפיניו 340 גרם,גרמים,340.00,100 גרם,false,1,17.90,5.2647,true,1,37761
77975094624,false,"סניידרס סנדוויץ בייגלה במילוי חמאת בוטנים , 226 ג'",סניידרס Snyder's,US,שברי בייגלה סניידרס חמאת בוטנים 283 גרם,גרמים,284.00,100 גרם,false,1,17.90,6.3028,true,1,50627
77975094631,false,סניידרס סנדוויץ' בייגלה במילוי קרם בטעם צ'דר 226 גרם,סניידרס Snyder's,,"בייגלה סניידרס סנדביץ גבינה צ""דר 226 גרם",גרמים,226.00,100 גרם,false,1,17.90,7.9204,true,1,50626
77975094761,false,סניידרס חטיפים על בסיס קמח חיטה בטעם גבינת צ'דר,סניידרס אוף האנובר,US,סניידרס בטעם צדר 340 גרם,גרמים,340.00,100 גרם,false,1,17.90,5.2647,true,1,51980
77975094778,false,סניידרס שברי בייגלה בטעם דבש חרדל ובצל,סניידרס אוף האנובר,US,סניידרס דבש חרדל ובצל 340 גרם,גרמים,340.00,100 גרם,false,1,17.90,5.2647,true,1,52207
77975095133,false,שברי בייגלה בטעם פיקנטי 318 ג' סניידרס,סניידרס Snyder's,US,סניידרס שברי בייגלה בטעם פיקנטי 319 גרם,גרמים,319.00,100 גרם,false,1,17.90,5.6113,true,1,55415
77975095157,false,סניידרס שברי בייגלה בטעם חלפיניו 318 גרם,ליימן מותגים,,בייגלה סניידרס חלפיניו 318גרם,גרמים,318.00,100 גרם,false,1,17.90,5.6289,true,1,54352
77975095164,false,שברי בייגלה בטעם פרמז'ן ושום 318 ג' סניידרס,סניידרס,US,סניידרס שברי בייגלה בטעם פרמזן שום 318,גרמים,318.00,100 גרם,false,1,17.90,5.6289,true,1,55414
78300098362,false,פלייטקס טמפונים רגולר/סופר סימפלי גנטל גלייד,פלייטקס מניפאקטורינג בעמ,,פלייטקס רגולר סופר סימפלי גנטל גלייד18,יחידה,1.00,יחידה,false,1,25.90,25.9000,true,1,42138
79927102111,false,יוניק פרצל בייגלה שלס 284ג' לבן,יוניק פרצל בייקרי אי,US,יוניק פרצל בייגלה שלס אוריגינל 284 גרם,גרמים,284.00,100 גרם,false,1,22.90,8.0634,true,1,40951
79927110116,false,יוניק פרצל בייגלה ספליט312ג' חום,יוניק פרצל בייקרי,US,יוניק פרצל בייגלה ספליטס אוריגינל 312גרם,גרמים,312.00,100 גרם,false,1,22.90,7.3397,true,1,40794
80432402931,false,"וויסקי סקוטי, שיבאס ריגאל 12 שנה, 700 מ''ל",מזקקת האחים שיבאס,GB,"וויסקי סקוטי, שיבאס ריגאל 12 שנה, 700 מ''ל",מיליליטרים,700.00,"100 מ""ל",false,1,139.90,19.9857,true,1,48294
80480015701,false,רום בקרדי 200,Unknown,US,בקרדי 200 מל,מיליליטרים,200.00,"100 מ""ל",false,1,35.90,17.9500,true,1,53236
80480280048,false,"וודקה גריי גוס 40% 200מ""ל",בקרדי מרטיני,FR,"וודקה גריי גוס 200 מ""ל",מיליליטרים,200.00,"100 מ""ל",false,1,54.90,27.4500,true,1,39858
80518532743,false,חבילת בלונים (50 יח') פסטל בסטרים,NORTHERN,,שקית בלון 50 בלונים,מיליליטרים,0.00,"100 מ""ל",false,1,14.90,0.0000,true,1,14283
85156515417,false,וודקה קטל וואן בקבוק,מזקקת נולט,,"וודקה קטל וואן בקבוק 750 מ""ל",מיליליטרים,750.00,"100 מ""ל",false,1,134.90,17.9867,true,1,38177
308910525744,false,אטריות אורז דקות 454 גרם ורמיצ'לי (כ),ליאן תאי רייס,VN,אטריות אורז דקות 454 גרם ורמיצלי,גרמים,454.00,100 גרם,false,1,11.90,2.6211,true,1,53974
611745285685,false,אבוקדו בשל מארז 2יחידות,"מור בריאות בע""מ",IL,אבוקדו ארוז בשל 570 גרם,גרמים,570.00,100 גרם,false,1,16.90,2.9649,true,1,40352
613008742348,false,אריזונה ג'נסינג ודבש בקבוק 1 ליטר,"נטורלה גטרנק בע""\מn\",DE,אריזונה גנסנג ודבש בקבוק 1 ליטר,ליטרים,1.00,ליטר,false,1,12.90,12.9000,true,1,50208
613008742409,false,בקבוק אריזונה אפרסק 1 ליטר,נובה טרייד אל טי די,DE,אריזונה אפרסק בקבוק 1 ליטר,ליטרים,1.00,ליטר,false,1,12.90,12.9000,true,1,50207
613008753290,false,"אריזונה אפרסק בקבוק 450 מ""ל",לני אנד לארי,BG,אריזונה אפרסק 450 מל,מיליליטרים,450.00,"100 מ""ל",false,1,9.50,2.1111,true,1,42125
613008753320,false,"אריזונה ג'ינסנג ודבש בקבוק 450 מ""ל.",לני אנד לארי,BG,אריזונה גינסנג ודבש 450 מל,מיליליטרים,450.00,"100 מ""ל",false,1,9.50,2.1111,true,1,42126
613008753351,false,"בקבוק אריזונה רימונים 450 מ""ל",לני אנד לארי,BG,אריזונה רימונים 450 מל,מיליליטרים,450.00,"100 מ""ל",false,1,9.50,2.1111,true,1,42127
613008753382,false,"בקבוק אריזונה אוכמניות 450 מ""ל",לני אנד לארי,BG,אריזונה אוכמניות 450 מל,מיליליטרים,450.00,"100 מ""ל",false,1,9.50,2.1111,true,1,42124
613008755461,false,בקבוק אריזונה אוכמניות 1 ליטר,"נטורלה גטרנק בע""\מn\",DE,אריזונה אוכמניות בקבוק 1 ליטר,ליטרים,1.00,ליטר,false,1,12.90,12.9000,true,1,50206
628154383659,false,דגני בוקר פרוטי פבלס פוסט 311 גרם,פוסט ארצות הברית,PL,POST דגני פרוטי פבלס בטעם פירות 311 גרם,גרמים,311.00,100 גרם,false,1,24.90,8.0064,true,1,54733
631552022365,false,סוכרייה על מקל יאמיל,פרוססדורה,,סוכרייה על מקל יאמיליקס,גרמים,28.00,100 גרם,false,1,4.00,14.2857,true,1,34771
633824111838,false,"וודקה וואן גוך בטעם אננס, 750 מ''ל",מזקקת קוימאנס טילבורג,,"וודקה ואן גוך אננס בקבוק 750 מ""ל",מיליליטרים,750.00,"100 מ""ל",false,1,149.90,19.9867,true,1,36250
633824913432,false,"וודקה וואן גוך בטעם אסאי בלוברי, 750 מ''ל",מזקקת קוימאנס טילבורג,,"וודקה ואן גוך אסאי בלוברי בקבוק 750 מ""ל",מיליליטרים,750.00,"100 מ""ל",false,1,149.90,19.9867,true,1,34010
638102201010,false,חטיף על בסיס חלבון סויה שוקולד וחמאת בוטנים,"אבוט נוטרישן, מעבדות",US,חטיף זון קלאסיק שוקולד חמאת בוטנים,גרמים,50.00,100 גרם,false,1,13.90,27.8000,true,1,40158
638102203090,false,חטיף על בסיס חלבון סויה פאדג' גרהם,"אבוט נוטרישן, מעבדות",US,זון פאדג,Unknown,0.00,Unknown,false,1,13.90,0.0000,true,1,40156
638102532817,false,חטיף על בסיס חלבון סויה עם שוקולד מריר,"אבוט נוטרישן, מעבדות",US,חטיף זון דאבל שוקולד,גרמים,50.00,100 גרם,false,1,13.90,27.8000,true,1,40157
638102582737,false,חטיף זון פרפקט רול קינמון 50 גרם,"אבוט נוטרישן, מעבדות",US,חטיף זון קלאסיק רול קינמון,גרמים,50.00,100 גרם,false,1,13.90,27.8000,true,1,40160
645692555942,false,עוג.מצה עשירה יינית 400ג,"אחים פפושדו ובניהם בע""\מ",IL,מצה עשירה עוגיות יין לפסח 400 גרם,גרמים,400.00,100 גרם,false,1,12.90,3.2250,true,1,15820
645692555959,false,מצה עשירה פרח קטן 400 ג' פפשודו,"אחים פפושדו ובניהם בע""מ",IL,מצה עשירה עוגיות יין לפסח 400 גרם,גרמים,400.00,100 גרם,false,1,12.90,3.2250,true,1,15821
645692555966,false,עוגיות יין פרח גדול 400 ג' פפשודו,"אחים פפושדו ובניהם בע""\מ",IL,מצה עשירה עוגיות יין לפסח 400 גרם,גרמים,400.00,100 גרם,false,1,12.90,3.2250,true,1,15822
645692556024,false,עוגיות חצי מצופות שוקולד 350ג' פפשודו,"אחים פפושדו ובניהם בע""מ",IL,עוגיות יין חצי מצופה 300גר,גרמים,300.00,100 גרם,false,1,12.90,4.3000,true,1,15825
651080161510,false,פלקרס פולסר לשיניים צפופות-מנטה 35 יחידו,מיוצר עי קונדיטוריית,CN,"פלקרס קיסם עם חוט, 35 יחידות",יחידה,1.00,יחידה,false,1,12.90,12.9000,true,1,37826
651080647519,false,קיסמים עם חוט דנטלי פלאקרס מנטה 35 יחידות,"פלקרס רנור ארה""ב",US,פלאקרס פלוסר חוט דנטלי ירוק -מנטה,יחידה,1.00,יחידה,false,1,12.90,12.9000,true,1,37827
673879000602,false,"קאברד ברידג' חטיף תפו""א ומלח ים חומץ 170 גרם",קאבר ברידג',CA,קאברד ברידג תפוא מלח ים חומץ ללא גלוטן,גרמים,170.00,100 גרם,false,1,25.90,15.2353,true,1,52878
673879000633,false,"קאברד ברידג חטיף תפו""א ברביקיו מתוק 170",קאבר ברידג',CA,קאברד ברידג תפוא BBQ מתוק ללא גלוטן  170,גרמים,170.00,100 גרם,false,1,25.90,15.2353,true,1,52880
686412282984,false,נתחי טונה לבנה בשמן זית 220 גרם ORTIZ,אורטיז ORTIZ,ES,טונה לבנה בשמן זית (צנצנת)220 גרם ORTIZ,גרמים,220.00,100 גרם,false,1,46.90,21.3182,true,1,50659
693493010788,false,"נאצוס חטיף טורטיה ע""ב תירס ברביקיו 200 ג",או. קיי סניקס,DK,נאצוס בטעם ברביקיו 200 גרם,גרמים,200.00,100 גרם,false,1,14.90,7.4500,true,1,54904
693493010818,false,"נאצוס - חטיף טורטיה ע""ב תירס בטע 200 גר",או. קיי סניקס,DK,נאצוס בטעם טבעי 200 גרם,גרמים,200.00,100 גרם,false,1,14.90,7.4500,true,1,54905
693493150781,false,ערק ערנבים בטעם אננס,אליס בראנפמן,IL,ערק ערנבים בטעם אננס 700 מל,מיליליטרים,700.00,"100 מ""ל",false,1,79.90,11.4143,true,1,54714
693493162111,false,סיגריה אלקטרונית חפ,קלאס ספא,CN,סיגריה אלקטרונית חפ אייס אבטיח 3000 שאי,יחידה,1.00,יחידה,false,1,99.90,99.9000,true,1,54946
693493172707,false,אפונת שלג 250 גרם,מרינה,IL,אפונת שלג 250 גרם,גרמים,250.00,100 גרם,false,1,19.90,7.9600,true,1,55792
721733000739,false,פטרון סילבר טקילה מארז TIN 2016) ) 700,פטרון דיסטרליס,MX,טקילה פטרון סילבר 700 מל,מיליליטרים,700.00,"100 מ""ל",false,1,169.90,24.2714,true,1,41510
728229123590,false,טרה אורגינל חטיף על בסיס ירקות שורש בטעם טבעי 110 גרם,הונדורס צ'יפס יצור א,HN,טרה חטיף על בסיס ירקות שורש בטעם טבעי 110 גרם,גרמים,110.00,100 גרם,false,1,16.90,15.3636,true,1,3575
728229123613,false,טרה חטיף על בסיס תפוח אדמה כחול בטעם טבעי 110 גרם,היין סלסטיאל גרופ,US,טרה חטיף על בסיס תפוח אדמה כחול בטעם טבעי 110 גרם,גרמים,110.00,100 גרם,false,1,16.90,15.3636,true,1,39514
728229123811,false,טרה חטיף על בסיס ירקות שורש בתיבול ים תיכוני 110 גרם,הונדורס צ'יפס יצור א,HN,טרה ירקות ים תיכוני 110 גרם,גרמים,110.00,100 גרם,false,1,16.90,15.3636,true,1,3577
728229124771,false,טרה חטיף על בסיס בטטה בטעם ברביקיו 110 גרם,היין פיוצ'ור נטורל פ,IN,טרה חטיף על בסיס בטטה בטעם ברביקיו 110 גרם,גרמים,110.00,100 גרם,false,1,16.90,15.3636,true,1,33595
728229124795,false,"חטיף טרה בטטה כשל""פ 110 גר",היין סלסטייאל גרופ,US,"צ""יפס TERRA בטטה כשל""פ 110 גרם",גרמים,110.00,100 גרם,false,1,16.90,15.3636,true,1,38230
728229130154,false,טרה חטיף על בסיס בטטה וסלק בטעם טבעי 110 גרם,הונדורס צ'יפס יצור א,HN,טרה חטיף על בסיס בטטה וסלק בטעם טבעי 110 גרם,גרמים,110.00,100 גרם,false,1,16.90,15.3636,true,1,20580
728229130444,false,"חטיף על בסיס ירקות שורש עם בטטה, תפו""א כחול וסלק",היין סלסטיאל גרופ,US,טרה ירק תפוא כחול סלק 110 גרם,גרמים,110.00,100 גרם,false,1,16.90,15.3636,true,1,22535
732494000500,false,קרטורס חטיף פופקורן קרמל 227 גרם,איגל פודס ווקיגאן מפ,US,פופקורן מקורמל,גרמים,227.00,100 גרם,false,1,26.90,11.8502,true,1,37072
732494000524,false,קרטורס פופקורן שיקגו קרמל 213 גרם,איגל פודס ווקיגאן מפ,US,פופקורן שיקגו קרמל וגבינה,גרמים,227.00,100 גרם,false,1,26.90,11.8502,true,1,37071
732494000609,false,קרטורס פופקורן בטעם גבינה 184 גרם,קורפפידלס אינק,US,קרטורס פופקורן רק הגבינה,יחידה,1.00,יחידה,false,1,26.90,26.9000,true,1,48495
732494003099,false,קרטורס פופקורן נטיפי שוקולד 156 גרם,carlsberg supply com,US,קרטורס פופקורן נטיפי שוקולד,גרמים,156.00,100 גרם,false,1,26.90,17.2436,true,1,54517
753182231761,false,"משקה אנרגיה BLU ללא תוספת סוכר 250 מ""ל",אקווה ויט,PL,בלו משקה אנרגיה מוגז 250 מל,מיליליטרים,250.00,"100 מ""ל",false,1,4.50,1.8000,true,1,22016
768404001640,false,"גלידה בן&ג'ריס קפה משפחתית 500מ""ל",מוצרי איכות אמריקאיים בע,,"פיינט בטעם קפה בן אנד גרי 500 מ""ל",מיליליטרים,500.00,"100 מ""ל",false,1,23.90,4.7800,true,1,19835
769904000997,false,שקדי מרק ללא גלוטן200גרם,דגש- דוכן גן שמואל,IL,שקדי מרק,גרמים,200.00,100 גרם,false,1,15.90,7.9500,true,1,27885
782588945422,false,ערק קורדו לימונים 75,שי חזן 7 ח.ש,IL,"ערק קורדו לימונים 750 מ""ל",מיליליטרים,750.00,"100 מ""ל",false,1,74.90,9.9867,true,1,52539
782588945446,false,ערק קורדו אשכולית אד,שי חזן 7 ח.ש,IL,"ערק קורדו אשכולית אדומה 750 מ""ל",מיליליטרים,750.00,"100 מ""ל",false,1,74.90,9.9867,true,1,52540
782588945453,false,ערק קורדו פסיפלורה 7,שי חזן 7 ח.ש,IL,"ערק קורדו פסיפלורה 750 מ""ל",מיליליטרים,750.00,"100 מ""ל",false,1,74.90,9.9867,true,1,52538
787269628984,false,כדורי תמרים תמרס 24,תמרס שף,IL,כדורי תמרים תמרס 240גרם,גרמים,240.00,100 גרם,false,1,29.90,12.4583,true,1,52108
788434106757,true,חטיף one דונאט מייפל,בלמונט קונפקשנס,US,חטיף one דונאט מייפל 60 גרם,גרמים,60.00,100 גרם,false,1,19.90,33.1667,true,1,49243
818570007066,false,"פיור וניל טהור 29 מ""ל ""ווטקינס""","ג'יי אר ווטקינס בע""מ",US,סידס תמצית מוניל טהור עם פולי וניל ממדגסקר 29 מל,מיליליטרים,29.00,"100 מ""ל",false,1,32.90,113.4483,true,1,37149
819046000086,false,אינקה ציפס בטטה 142 גר,אינקה קורפ אס.אי.אל,PE,אינקה ציפס בטטה ללא גלוטן 142 גרם,גרמים,142.00,100 גרם,false,1,21.90,15.4225,true,1,40744
833949000264,false,"סירופ מייפל אמיתי 100% אורגני 250 מ""ל",דיקסר קוויבק,CA,סירופ מייפל אורגני 330 גרם,גרמים,330.00,100 גרם,false,1,33.90,10.2727,true,1,36802
835811005322,false,"פחם דרום אמריקאי הנמל 2 ק""ג",BRICAPER,,"פחם דרום אמריקאי משובח הנמל 2 ק""ג",קילוגרמים,2.00,"ק""ג",false,1,20.90,10.4500,true,1,32778
835811005933,false,מגש הכסף תבנית אלומ` ענק 5 יח`,ווינפאק,,תבנית אלומיניום ענק 5 יחידות,לא מנהל יחידת מידה,0.00,לא מנהל יחידת מידה,false,1,13.90,0.0000,true,1,31031
835811005964,false,"הנמל תבניות אלומיניום מוארכת מארז, 20 יח'",ווינפאק,,תבנית אלומיניום אינגליש 20 יחידות,לא מנהל יחידת מידה,0.00,לא מנהל יחידת מידה,false,1,13.90,0.0000,true,1,31029
835811006053,false,הנמל קורנפלור 200 גר,ר.ס חברה ליבוא ויצור,IL,קורנפלור 200 גרם,גרמים,200.00,100 גרם,false,1,3.70,1.8500,true,1,31091
835811006060,false,"כוסות אספרסו קטנות 75 מ""ל",הנמל,,כוסות נייר אספרסו 50 יח,Unknown,0.00,Unknown,false,1,7.90,0.0000,true,1,31093
835811007562,false,תבניות קרטון אינגליש קייק 6יח` ארוז 29X9X6,דוקרט תעשיית אריזות,,תבנית קרטון אינגליש קייק 6 יחידות,לא מנהל יחידת מידה,0.00,לא מנהל יחידת מידה,false,1,12.90,0.0000,true,1,31023
835811009047,false,כפות לבן הנמל 100 יח',שיווק: הנמל אריזות ו,IL,הנמל כפות לבנות 100 יח',Unknown,0.00,Unknown,false,1,12.90,0.0000,true,1,31033
839762000641,false,משקה איילנד מנגו נקטר 1 ל',פארייפאבה אגרואינדוס,EG,איילנד מנגו 1 ליטר,ליטרים,1.00,ליטר,false,1,14.50,14.5000,true,1,2574
839762000658,false,איילנד גויאבה המשקה של חופי סיני 1 ליטר,The Egyptian Co. for,EG,איילנד גויאבה המשקה של חופי סיני 1 ליטר,ליטרים,1.00,ליטר,false,1,14.50,14.5000,true,1,2522
839762002379,false,משקה נקטר מנגו איילנד 350מל,פארייפאבה אגרואינדוס,EG,"איילנד מנגו 350 מ""ל",מיליליטרים,350.00,"100 מ""ל",false,1,6.90,1.9714,true,1,22052
839762002386,false,"איילנד גויאבה בקבוק 350 מ""ל",פארייפאבה אגרואינדוס,EG,"איילנד גויאבה 350 מ""ל",מיליליטרים,350.00,"100 מ""ל",false,1,6.90,1.9714,true,1,22053
840048206817,false,גול טבק 18 מג G2 שמי,,CN,גול טבק 18 מג G2 שמינייה,יחידה,1.00,יחידה,false,1,50.00,50.0000,true,1,48553
842426146005,false,ליטל אנד ויילד וניל,,DO,ליטל אנד ויילד וניל 5 יחידות,יחידה,5.00,יחידה,false,5,34.90,6.9800,false,1,54690
850004680841,false,"פרפקשן סנקס חטיף בפאלו חריף לל""ג 198 גרם",פרפקשיין,US,"פרפקשן סנקס בייגלה לל""ג באפלו ווינגס 198 גרם",גרמים,198.00,100 גרם,false,1,19.90,10.0505,true,1,52645
850004680858,false,"פרפקשן סנקס חטיף חרדל ובצל לל""ג 198 גרם",פרפקשיין,US,"פרפקשן סנקס בייגלה לל""ג חרדל בצל 198 גרם",גרמים,198.00,100 גרם,false,1,19.90,10.0505,true,1,52644
850004680865,false,"פרפקשן סנקס חטיף קרמל מלוח לל""ג 198 גרם",פרפקשיין,US,"פרפקשן סנקס בייגלה לל""ג כרמל מלוח 198 גרם",גרמים,198.00,100 גרם,false,1,19.90,10.0505,true,1,52646
850668000825,false,"חטיף תפו""א מלח ופלפל141ג",בארל אופאן סנאק,,חטיף ציפס DEEP ללא גלוטן 142 גרם,גרמים,142.00,100 גרם,false,1,24.90,17.5352,true,1,35087
850668000863,false,חטיף צי'פס ללא גלוטן בטעם ברביקו,בארל אופאן סנאק,,חטיף ציפס DEEP ברביקיו ללא גלוטן 142 גרם,גרמים,142.00,100 גרם,false,1,24.90,17.5352,true,1,32031
850668000870,false,חטיף ציפס DEEP שמן ז,OLD LYME GOURMET COM,,חטיף ציפס DEEP שמן זית ללא גלוטן 142 גרם,גרמים,142.00,100 גרם,false,1,24.90,17.5352,true,1,32029
850668000993,false,חטיף צ'יפס ללא גלוטן בטעם שמנת ובצל,בארל אופאן סנאק,,ציפס שמנת -בצל ללא גלוטן 142 גרם,גרמים,142.00,100 גרם,false,1,24.90,17.5352,true,1,32334
851621000050,false,בירה חיטה בטעם הדרים 1664 בלאנק - שישייה,קרלסברג ספליי קומפאני פו,PL,"שישיית 1664 Blanc בק 330 מ""ל",ליטרים,1.98,ליטר,false,1,55.90,28.2323,true,1,46844
853152100414,false,פרו בר חטיף חלבון בטעם בצק עוגיות,פרובאר,US,פרו בר בטעם בצק עוגיות 70 גרם,גרמים,70.00,100 גרם,false,1,18.90,27.0000,true,1,51486
853152120344,false,פרו ברו חטיף חלבון בטעם שוקולד 70 גרם,פרובאר,US,פרו בר בטעם שוקולד 70 גרם,גרמים,70.00,100 גרם,false,1,18.90,27.0000,true,1,51487
856591000109,false,עבאדי עוגיות מזרחיות פריך במיוחד 400 גרם,מאפיית יוסף ושמחה עבאדי,IL,עבאדי עוגיות מזרחיות פריך במיוחד 400 גרם,גרמים,400.00,100 גרם,false,1,21.90,5.4750,true,1,21414
856591000574,false,מיני נשנוש עבאדי טעם טבעי 40 גר,מאפיית יוסף ושמחה עב,IL,מיני נשנוש בטעם טבעי 40 גרם,גרמים,40.00,100 גרם,false,1,3.90,9.7500,true,1,31211
859547004329,false,ספוג ניקוי צבעוני סקראב דדי Scrub Daddy,סקארקיסט,US,ספוג סקראב דדי,יחידה,1.00,יחידה,false,1,17.90,17.9000,true,1,54509
859547004466,false,קירצוף וספוג ניקוי SCRUB DADDY,סקראב דאבי,US,סקראב מאמי ספוג ניקוי דו צדדי,יחידה,1.00,יחידה,false,1,17.90,17.9000,true,1,54510
884912014245,false,פוסט הני בנצ'ס רוסטד411ג,הנסיך- מפעל לייצור ט,US,האני בנצס רוסטד 411 גרם,גרמים,411.00,100 גרם,false,1,24.90,6.0584,true,1,22234
884912014252,false,פוסט הני בנצ'ס אלמונד411,הנסיך- מפעל לייצור ט,US,האני בנצס עם שקדים 411 גרם,גרמים,411.00,100 גרם,false,1,24.90,6.0584,true,1,22235
884912116505,false,דגני בננה נאט קראנץ' Banana Nut Crunch,פוסט ארצות הברית,US,דגני פוסט גרייט גריינס בננה נאט 439 גרם,גרמים,439.00,100 גרם,false,1,27.90,6.3554,true,1,34005
884912126115,false,גרייט גריינס דגני בוקר עם פירות יבשים פוסט 453 גרם,הנסיך- מפעל לייצור ט,US,דגני פוסט גרייט גריינס צימוקים 453 גרם,גרמים,453.00,100 גרם,false,1,27.90,6.1589,true,1,34006
884912342737,false,דגני בוקר קריספי וופל פוסט 326 גרם.,הנסיך- מפעל לייצור ט,US,תערובת דגנים בטעם וואפל אמריקאי,גרמים,325.00,100 גרם,false,1,25.90,7.9692,true,1,49182
884912365200,false,דגני בוקר אוראו שחור ולבן 311 גרם,פוסט ארצות הברית,US,דגני בוקר אוראו 311גרם,גרמים,311.00,100 גרם,false,1,22.90,7.3633,true,1,55361
884912365217,false,דגני בוקר אוראו שחור ולבן 311 גרם,פוסט ארצות הברית,US,דגני בוקר אוראו 311גרם,גרמים,311.00,100 גרם,false,1,22.90,7.3633,true,1,51793
885320010577,false,גו גו אטריות קינואה אורז טבעוני בטעם גבינה- אלבו 170 גרם,קומפניה,CA,גו-גו ארוחת אורז וקינואה מאק טבעונית ללג,גרמים,170.00,100 גרם,false,1,22.90,13.4706,true,1,53197
885320010584,false,גו גו אטריות קינואה אורז טבעוני בטעם גבינה- שלס 170 גרם,קומפניה,CA,גו-גו ארוחת אורז וקינואה טבעונית ללג 170,גרמים,170.00,100 גרם,false,1,22.90,13.4706,true,1,53198
898193001252,false,בונומלי - חליטת קמומיל 28 גרם,הייר ליבינג,IT,"""בונומלי"" תה קמומיל (בבונג) 28 גרם",גרמים,28.00,100 גרם,false,1,18.90,67.5000,true,1,47582
1230000068116,false,המבורגר טבעוני ביונד,תאי פרזידנט פוד פאבל,US,המבורגר ביונד מיט זוג 226גרם,גרמים,226.00,100 גרם,false,1,36.90,16.3274,true,1,53009
1724826034511,false,"יין סטון וואלי שרדונה 750 מ""ל",יקב,US,יין סטון וואלי שרדונה 750מל,מיליליטרים,750.00,"100 מ""ל",false,1,69.90,9.3200,true,1,52004
1724826114510,false,"יין סטון וואלי זינפנדל 750 מ""ל",איירון סטון,US,יין סטון וואלי זינפנדל 750מל,מיליליטרים,750.00,"100 מ""ל",false,1,69.90,9.3200,true,1,52006
1724826154516,false,סטון וואלי קברנה סוביניון כשר,איירון סטון,US,יין סטון וואלי קברנה סובניון 750מל,מיליליטרים,750.00,"100 מ""ל",false,1,69.90,9.3200,true,1,52005
3010470155299,false,פריסקיז Friskies פטה בקר וירקות,ניו פטפוד איטליה,IT,פריסקיז פטה בקר וירקות 24*400גרם,גרמים,400.00,100 גרם,false,1,10.90,2.7250,true,1,37511
3010470158221,false,פריסקיז פ.עוף וירקות400ג,ניו פטפוד איטליה,IT,פריסקיז פטה עוף וירקות 24*400גרם,גרמים,400.00,100 גרם,false,1,10.90,2.7250,true,1,37510
3014260100667,false,אורל בי מברשת שיניים ילדים 3-5 שנים,דיפלומט מפיצים (1968) בעמ,IE,אורל בי מברשת שיינים STAGE 3 ילדים 3-5,לא מנהל יחידת מידה,0.00,לא מנהל יחידת מידה,false,1,18.90,0.0000,true,1,41509
3014260214692,false,"ג'ל גילוח ג'ילט סירייס לעור רגיש 200 מ""ל",דיפלומט מפיצים (1986) בע`מ,GB,גל גילוח גילט סירייס לעור רגיש ירוק 200,מיליליטרים,20000.00,"100 מ""ל",false,1,15.90,0.0795,true,1,3666
3014260240226,false,"קצף גילוח ג'ילט לעור רגיש 200 מ""ל",דיפלומט מפיצים (1986) בע`מ,,ג'ילט קצף גילוח לעור רגיש 200 מל,מיליליטרים,200.00,"100 מ""ל",false,1,17.90,8.9500,true,1,20455
3014260262709,false,סכין גילוח ונוס לנשים 4 יחידות,דיפלומט מפיצים (1968) בעמ,DE,סכיני גילוח ג'ילט ונוס לנשים 4 יחידות,יחידה,1.00,יחידה,false,1,49.90,49.9000,true,1,594
3014260287030,false,ג`ילט סכיני גילוח חדפ לגבר יבוא מקביל,פארמה דיל (פ.א.ב.) שיווק והפצה,MD,סכיני גילוח חד פעמי גילט 5 יחידות,לא מנהל יחידת מידה,0.00,לא מנהל יחידת מידה,false,1,8.90,0.0000,true,1,3630
3014260289287,false,סכין גילוח גילט בלו 2 לנשים-חמישייה,דיפלומט מפיצים (1968) בעמ,RU,ג'ילט סכיני בלו 2 לנשים חמישייה,יחידה,1.00,יחידה,false,1,16.90,16.9000,true,1,24607
3046920016377,false,לינדט שוקולד אקסלנס מריר 100% קקאו 50 גר,לינדט ושפרונגלי,DE,לינדט אקסלנס 100% מריר,גרמים,0.00,100 גרם,false,1,16.90,0.0000,true,1,51777
3046920028004,false,לינדט שוקולד אקסלנס מריר 70% 100 גר,לינדט ושפרונגלי קילשברג,FR,לינדט אקסלנס 70% שוקולד מריר 100 גר,גרמים,100.00,100 גרם,false,1,16.90,16.9000,true,1,632
3046920028363,false,לינדט אקסלנס 85% מוצקי קקאו 100 גרם,לינדט ושפרונגלי קילשברג,FR,שוקולד לינדט אקסלנס 85% 100 גרם,גרמים,100.00,100 גרם,false,1,16.90,16.9000,true,1,2941
3046920028752,false,שוקולד לינדט אקסלנס מינט 100 גרם,לינדט ושפרונגלי קילשברג,FR,לינדט אקסלנס שוקולד מריר שוויצרי עם מלח ים 100 גרם,גרמים,100.00,100 גרם,false,1,16.90,16.9000,true,1,7929
3046920029674,false,אקסלנס עם שבבי מלח לינדט (100 גרם),לינדט ושפרונגלי קילשברג,DE,לינדט אקסלנס שוקולד מריר עם נגיעות מלח ים 100 גרם,גרמים,100.00,100 גרם,false,1,16.90,16.9000,true,1,27554
3046920029759,false,אקסלנס שוקולד מריר 90% לינדט (100 גרם),לינדט ושפרונגלי קילשברג,DE,שוקולד לינדט אקסלנס 90% 100 גרם,גרמים,100.00,100 גרם,false,1,16.90,16.9000,true,1,31139
3059943015128,false,מבשם אוויר נטול גז אקווה מיסט בניחוח לבנדר פראי ואוויר הרים,רקיט בנקיזר (ניר איסט) בעמ,PL,"מבשם אוויר איירוויק נטול גז בניחוח לבנדר 345 מ""ל",מיליליטרים,345.00,"100 מ""ל",false,1,14.90,4.3188,true,1,26434
3068320014067,false,אוויאן מים מינרליים ספורט 750 מל,קריניציה ויטמינה אס,FR,"מים מינרליים אוויאן ספורט 750 מ""ל",מיליליטרים,750.00,"100 מ""ל",false,1,11.90,1.5867,true,1,21454
3068320017846,false,מים מינרלים אוויאן 1 ליטר,קריניציה ויטמינה אס,FR,מים מינרלים אוויאן 1 ליטר,ליטרים,1.00,ליטר,false,1,12.90,12.9000,true,1,25533
3068320055008,false,מים מינרלים אוויאן 500 מל,קריניציה ויטמינה אס,FR,"מים מינרלים אוויאן 500 מ""ל",מיליליטרים,500.00,"100 מ""ל",false,1,8.90,1.7800,true,1,24532
3073781161663,false,גבינה מותכת 18.5% שומן לה וואש קירי,בני ג`ורג` שוקחה (חיפה) בעמ,FR,גבינת לה וואש קירי,גרמים,128.00,100 גרם,false,1,14.90,11.6406,true,1,52647
3073781161687,false,גבינה לוואש קרי(מותכת) 16 יח 256 גר,בני ג`ורג` שוקחה (חיפה) בעמ,FR,גבינת לה וואש קירי,גרמים,256.00,100 גרם,false,1,26.90,10.5078,true,1,52648
3073781162790,false,גבינה מותכת בייבי בל 120 גרם,א. סיימן סחר בעמ,FR,גבינת בייבי בל אדום 120 גרם,גרמים,120.00,100 גרם,false,1,22.90,19.0833,true,1,54197
3073781177220,false,גבינה בייבי בל אדום 120 גר`,א. סיימן סחר בעמ,FR,בייבי בל ספיירול 85גרם,גרמים,85.00,100 גרם,false,1,22.90,26.9412,true,1,54963
3120581456267,false,"שבלי מ.דה ליני לבן יבש 750 מ""ל",מ.דה ליני,FR,"יין שבלי מ.דה ליני לבן יבש 750 מ""ל",מיליליטרים,750.00,"100 מ""ל",false,1,99.90,13.3200,true,1,49857
3120581458490,false,שאטו טרבון פרובנס רו,שאטו בלוו,FR,"שאטו טרבון רוזה יבש 750 מ""ל",מיליליטרים,750.00,"100 מ""ל",false,1,89.90,11.9867,true,1,55103
3120581458759,false,"יין דה ליני בורגון שרדונה לבן יבש (כשר) 750 מ""ל",Unknown,FR,"יין מ דה ליני בורגונדי שרדונה 750 מ""ל",מיליליטרים,750.00,"100 מ""ל",false,1,89.90,11.9867,true,1,55104
3161911229199,false,חמאה צרפתית רכה למריחה אל & ויר 250 גרם,א. סיימן סחר בעמ,FR,חמאה רכה אלוויר 250 גרם,גרמים,250.00,100 גרם,false,1,22.90,9.1600,true,1,21254
3161911366429,false,חמאה צרפתית מלוחה רכה למריחה אלוויר 250 גר',א. סיימן סחר בעמ,FR,חמאה רכה מלוחה אלוויר 250 גרם,גרמים,250.00,100 גרם,false,1,22.90,9.1600,true,1,662
3175460000017,false,גבינת בורסאן שום ועשבי תיבול 150 גר,השחר,FR,גבינה בורסאן שום 150 גרם,גרמים,150.00,100 גרם,false,1,22.90,15.2667,true,1,8645
3175460000062,false,גבינת בורסאן פלפל שחור 150 גרם,השחר,FR,גבינה בורסאן פלפל 150 גרם,גרמים,150.00,100 גרם,false,1,22.90,15.2667,true,1,21438
3175460000864,false,גבינת בורסאן טבעי 150 גר,Unknown,FR,גבינה בורסאן טבעי 150 גרם,גרמים,150.00,100 גרם,false,1,22.90,15.2667,true,1,42235
3175460030083,false,גבינת בורסאן בצל ועירית 150 גר,השחר,FR,גבינה בורסאן בצל עירית 150 גרם,גרמים,150.00,100 גרם,false,1,22.90,15.2667,true,1,21260
3178530402353,false,עוגות מיני מדלן קלאסי סאן מישל 175 גרם,סאן מישל ביסוויט,FR,מיני מדלן 175גרם,גרמים,175.00,100 גרם,false,1,12.90,7.3714,true,1,54495
3178530407938,false,עוגיות מיני מדליין עם שוקוצ'יפס סאן מישל 175 גרם,א. סיימן סחר בעמ,FR,מיני מדלן עם פצפוצי שוקולד 175גרם,גרמים,175.00,100 גרם,false,1,13.90,7.9429,true,1,54497
3178530412703,false,עוגיות חמאה דונאט עם שוקולד 180 גר,א. סיימן סחר בעמ,FR,עוגיות דונאט עם שוקולד 180 גר,גרמים,180.00,100 גרם,false,1,17.90,9.9444,true,1,55794
3178530417340,false,בראוניז שוקולד סאן מישל 210 גרם,א. סיימן סחר בעמ,FR,בראוניז 210 שוקולד,גרמים,120.00,100 גרם,false,1,18.90,15.7500,true,1,55796
3178530417418,false,עוגיות חמאה דונאט עם שוקולד ציפס 180 גר,א. סיימן סחר בעמ,FR,עוגיות דונוטס פיצפוצי שוקולד 180 גר,גרמים,180.00,100 גרם,false,1,17.90,9.9444,true,1,55793
3179730011024,false,פרייה מים מינרלים מבעבעים טבעיים,נסטלה ווטרס ספלאי,FR,פרייה מים מינרלים מבעבעים טבעיים 330 מל,מיליליטרים,330.00,"100 מ""ל",false,1,7.50,2.2727,true,1,23090
3179732348913,false,פרייה מים מינרליים טבעיים מבעבעים 1 ליטר פלסטיק,נסטלה ווטרס ספלאי,FR,פרייה מים מינרליים טבעיים מבעבעים 1 ליטר,ליטרים,100.00,ליטר,false,1,9.90,0.0990,true,1,19840
3228022910023,false,חמאה צרפתית פריזידאן פרזידנט (200 גרם),סוסייטה בארייר דה אי,FR,פרזידנט חמאה 200 גרם,גרמים,200.00,100 גרם,false,1,16.70,8.3500,true,1,39087
3254550033217,false,סנט מור גבינת ברי איסיני 220 גרם,אף.סי תבליני בגליל ב,FR,ברי איסני 220 גרם,גרמים,220.00,100 גרם,false,1,35.90,16.3182,true,1,42263
3254550033279,false,גבינת קממבר 250 גרם סנט מר,א. סיימן סחר בעמ,FR,קממבר איסני 250 גרם,גרמים,250.00,100 גרם,false,1,37.90,15.1600,true,1,42261
3270623201017,false,"קוניאק לואי רויה VS 700מ""ל",מ.אקרמן בעמ,FR,קוניאק לואי רואיר 700מל,מיליליטרים,700.00,"100 מ""ל",false,1,189.90,27.1286,true,1,42094
3272770003148,false,"שברוקס גבינת עיזים פרמידה, 150 גרם",מיוצר עי קונדיטוריית,FR,שברו טבעי 150 גרם,גרמים,150.00,100 גרם,false,1,27.90,18.6000,true,1,42262
3278480396310,false,"קוניאק גודה VS 700 מ""ל","יורוסטדנרט בע""\מ",FR,גודט קוניאק גודה VS 700 מל,מיליליטרים,700.00,"100 מ""ל",false,1,104.90,14.9857,true,1,49622
3296324219007,false,יין לגנד בורדו רוטשי,יקבי רמת הגולן,IL,יין לגנד בורדו רוטשילד 750 מל,מיליליטרים,750.00,"100 מ""ל",false,1,109.90,14.6533,true,1,52105
3387390525960,false,קראנץ' דגני בוקר עם שוקולד חלב נסטלה 500 גרם,קבוצת אוסם סחר שותפות מוגבלת,FR,דגני קראנץ נסטלה 500 גרם,גרמים,500.00,100 גרם,false,1,27.90,5.5800,true,1,18545
3387390730852,false,פיטנס דגנים מחיטה מלאה ואורז נסטלה 375 גרם,קבוצת אוסם סחר-שות.מוגבלת,FR,דגני פיטנס 375 גרם,גרמים,375.00,100 גרם,false,1,22.90,6.1067,true,1,3027
3415581114126,false,גלידה האגן דאז קרמל מלוח 430 גרם,האגן דאז,FR,"גלידת שמנת קרמל מתוק מלוח 500 מ""ל",מיליליטרים,500.00,"100 מ""ל",false,1,24.90,4.9800,true,1,27656
3415581117110,false,גלידה בטעם קרמל ביסקוויט 473 ג' האגן דאז,האגן-דאז,FR,"גלידת שמנת קרמל עם ביסקוויט 500 מ""ל",מיליליטרים,500.00,"100 מ""ל",false,1,24.90,4.9800,true,1,22780
3415581187113,false,גלידה בטעם וניל בראוניס 473 ג' האגן דאז,האגן דאז,FR,"גלידת שמנת קרמל בראוניס 473 מ""ל",מיליליטרים,473.00,"100 מ""ל",false,1,24.90,5.2643,true,1,709
3415587149924,false,האגן דאז פיינט בראוניז מקיאטו,האגן דאז,FR,האגן דאז בראוני מקיאטו 386 גרם,גרמים,386.00,100 גרם,false,1,24.90,6.4508,true,1,49855
3451492750190,false,יין שאבלי קווה אמאנד,"איי, בי, אינבוו",FR,שבלי יין לבן יבש 750 מל,מיליליטרים,750.00,"100 מ""ל",false,1,109.90,14.6533,true,1,51322
3500610150500,false,שאטו הוט פורה - יין אדום יבש בורדו ( כשר ),,FR,"שאטו הו פורה מרלו 750 מ""ל",מיליליטרים,750.00,"100 מ""ל",false,1,89.90,11.9867,true,1,55105
3500610150517,false,"יין שאטו טימברליי בורדו סופרייר (כשר) 750 מ""ל",שאטו בלוו,FR,"שאטו טימברליי בורדו 750 מ""ל",מיליליטרים,750.00,"100 מ""ל",false,1,89.90,11.9867,true,1,55106
3523230025638,false,"גבינת עיזים בושה טבעי, 125 גרם",א. סיימן סחר בעמ,FR,גבינת בושה עיזים טבעית 125 גרם,גרמים,125.00,100 גרם,false,1,25.90,20.7200,true,1,42239
3523230025652,true,בושה עיזים שום 125 ג,אוריאל,FR,בושה עיזים שום 125 גרם נני,גרמים,125.00,100 גרם,false,1,25.90,20.7200,true,1,42218
3523230026826,false,"גבינת עיזים למריחה פירמידה, 140 גרם",א. סיימן סחר בעמ,FR,גבינת עיזים פרימדה סואניון 140 גרם,גרמים,140.00,100 גרם,false,1,27.90,19.9286,true,1,42304
3523230026888,false,"גבינת עיזים שום ועשבי תיבול למריחה פירמידה, 140 גרם",א. סיימן סחר בעמ,FR,גבינת עיזים שום פרימדה סואניון 140 גרם,גרמים,140.00,100 גרם,false,1,27.90,19.9286,true,1,42266
3523230032278,false,גבינת עיזים למריחה 150 גרם,אוריאל,FR,גבינת עיזים למריחה 150 גרם,גרמים,150.00,100 גרם,false,1,26.90,17.9333,true,1,50373
3523230038959,false,גבינת עיזים בושה מפוחמת 125 גרם,אוריאל,FR,בושה מפוחם של נני 125 גרם,גרמים,125.00,100 גרם,false,1,27.90,22.3200,true,1,49454
3523230045827,false,גבינת סנט מור עיזים160גר,א. סיימן סחר בעמ,FR,סנט מור 160 גרם,גרמים,160.00,100 גרם,false,1,28.90,18.0625,true,1,42264
3525490011109,false,"יין לה ז'אמל רוזה 750 מ""ל (חדש)",דולפין ספא,FR,לה ג'אמל מלבק יבש,מיליליטרים,750.00,"100 מ""ל",false,1,64.90,8.6533,true,1,48277
3525490011116,false,יין אדום לה ז`אמל קרבנה סובניון 750 מל,היכל היין שקד גולן בעמ,FR,לה ג'אמל קברנה סוביניון יבש,מיליליטרים,750.00,"100 מ""ל",false,1,64.90,8.6533,true,1,48279
3525490011123,false,לה ז'אמל סינסאו רוזה,יקב,US,"יין לה זאמל 750 מ""ל",מיליליטרים,750.00,"100 מ""ל",false,1,64.90,8.6533,true,1,52007
3574660057706,false,"שמן תינוקות ג'ונסון 300 מ""ל",ג'ונסון,IT,גונסון שמן תינוקות 300 מל,ליטרים,300.00,ליטר,false,1,14.90,0.0497,true,1,54561
3574660058857,false,גונסונס בייבי שמן 500 מל חדש,גונסון אנד גונסון,IT,גונסונס בייבי שמן 500 מל,מיליליטרים,500.00,"100 מ""ל",false,1,33.90,6.7800,true,1,42275
3574660089547,false,טמפונים נורמל קלאסי אובה 32 יחידות,ג'\ונסון אנד ג'\ונסון,GR,טמפוני O.B קלאסי נורמל 32 יח,יחידה,1.00,יחידה,false,1,25.90,25.9000,true,1,6890
3574660115154,false,או-בה טמפונים קלאסי סופר 32יח',ג'\ונסון אנד ג'\ונסון,,טמפוני O.B סופר 32 יח,יחידה,1.00,יחידה,false,1,25.90,25.9000,true,1,6921
3574660239973,false,או-בה פרוקומפורט 32 יח נורמל,גונסון אנד גונסון,GR,טמפונים O.B קומפורט זרימה נורמל 32 יח,יחידה,32.00,יחידה,false,1,25.90,0.8094,true,1,7533
3574660333466,false,טמפונים מיני פרו קומפורט אובה 32 יחידות,הנסיך- מפעל לייצור ט,DE,אובה מיני טמפונים ללא מוליך 32 יחידות,ליטרים,0.00,ליטר,false,1,25.90,0.0000,true,1,25379
3574660649895,false,ליסטרין שטיפת פה זירו 500 מל,רותם מיטרו יבוא וסחר,,"ליסטרין מי פה זירו מעודן 500 מ""ל",מיליליטרים,500.00,"100 מ""ל",false,1,17.90,3.5800,true,1,53451
3574661487328,false,קרפרי מגני תחתון אורגינל פלוס 56 יח',הדקלאים אגודת שיתופי,IT,קרפרי מגן תחתון רגיל 56 יח,יחידה,1.00,יחידה,false,1,19.90,19.9000,true,1,47620
3574661487625,false,מגן תחתון קרפרי מקסי לארג 48 יחידות,הדקלאים אגודת שיתופי,IT,קרפרי מגן תחתון מקסי לארג 48 יח,יחידה,1.00,יחידה,false,1,19.90,19.9000,true,1,47621
3574661554877,false,מגן תחתון קרפרי כותון מבושם 56 יחידות,הנסיך- מפעל לייצור ט,GR,קרפרי מגן תחתון אוורירי מבושם 58 יח,יחידה,1.00,יחידה,false,1,19.90,19.9000,true,1,49628
3574661554884,false,קרפרי מגן תחתון רגיל טנגה מבושם 56 יח,הדקלאים אגודת שיתופי,GR,מגן תחתון אוורירי מבושם טנגה 58 יחידות,לא מנהל יחידת מידה,7.50,לא מנהל יחידת מידה,false,1,19.90,2.6533,true,1,50311
3574669909204,false,גונסונס בייבי שמן לתינוק 300 מל,ג'ונסונס Johnson's,IT,גונסונס בייבי שמן 300 מל חדש,מיליליטרים,300.00,"100 מ""ל",false,1,21.90,7.3000,true,1,42276
3608580075646,false,קינפיטורה שזיפים 370 גר,בון מאמא,FR,קונפיטורת שזיפים בון מאמא 370 גרם,גרמים,370.00,100 גרם,false,1,19.90,5.3784,true,1,53097
3608580730231,false,קונפיטורה בון ממאן תות שדה 370 גר',אף.סי תבליני בגליל ב,FR,קונפיטורה תות 370 גרם בון מאמא,גרמים,370.00,100 גרם,false,1,19.90,5.3784,true,1,32568
3608580730286,false,קונפיטורה בון ממאן ארבע עונות 370 גר',אנדרוס,FR,קונפיטורה 4 פירות 370 גרם בון מאמא,גרמים,370.00,100 גרם,false,1,19.90,5.3784,true,1,32567
3661163991344,false,"אדידס דאודורנט ספריי מקס פרו-קליר לאישה 150 מ""ל",מיוצר עי קונדיטוריית,PT,"ספריי נשים דרי מקס פרו קליר 150 מ""ל",מיליליטרים,150.00,"100 מ""ל",false,1,27.90,18.6000,true,1,33475
3760125946719,false,יין רוזה אור דה לה קסטינל 750 מל,הכרם - משקאות חריפים בעמ,FR,יין רוזה יבש 750 מל,מיליליטרים,750.00,"100 מ""ל",false,1,69.90,9.3200,true,1,51570
4000417019004,false,שוקולד חלב אגוזי לוז שלמים ריטר ספורט 100 גרם,ריטר ספורט Ritter sport,DE,ריטר ספורט שוקולד חלב עם אגוזי לוז שלמים,גרמים,100.00,100 גרם,false,1,11.90,11.9000,true,1,23130
4000417023001,false,ריטר ספורט שוקולד חלב מעולה עם שקדים שלמים,ריטר ספורט Ritter sport,DE,ריטר ספורט שוקולד חלב מעולה עם שקדים שלמים,גרמים,100.00,100 גרם,false,1,11.90,11.9000,true,1,23132
4000417025005,false,שוקולד מריר במילוי מרציפן ריטר ספורט 100 גרם,ריטר ספורט Ritter sport,DE,ריטר ספורט שוקולד מריר ממולא מרציפן,גרמים,100.00,100 גרם,false,1,9.90,9.9000,true,1,23133
4000417026002,false,שוקולד ריטר ספורט פרלין 100 גרם חלב נוכרי,ריטר ספורט Ritter sport,DE,שוקולד ריטר ספורט נוגט פרלין 100 גרם,גרמים,100.00,100 גרם,false,1,9.90,9.9000,true,1,23134
4000417101211,false,גלילי וופל עם קרם אגוזי לוז בציפוי שוקולד חלב,ליימן שליסל בע`מ,AT,אמיצלי גלילי וופל 150 גרם,גרמים,150.00,100 גרם,false,1,17.90,11.9333,true,1,53897
4000417224002,false,"ריטר ספורט טבלת שוקולד מריר אגוזים, 100 גרם",ריטר ספורט Ritter sport,DE,שוקולד ריטר ספורט מריר אגוזים 100 גרם,גרמים,100.00,100 גרם,false,1,11.90,11.9000,true,1,36298
4000539280726,false,שוקולד לינדט אקסלנס מילד 70% 100 גר`,משה סידס ובנו בעמ,DE,שוקולד לינדט אקסלנס 70% מילד 100 גרם,גרמים,100.00,100 גרם,false,1,16.90,16.9000,true,1,54745
4000539280740,true,לינדט אקסלנס 78% 100,לינדט ושפרונגלי אס.א,DE,לינדט אקסלנס 78% 100 גרם,גרמים,100.00,100 גרם,false,1,16.90,16.9000,true,1,54878
4001432775036,false,"גולדן פיק לבן 750 מ""ל",קוואליטי ווינס,DE,יין גולדן פיק לבן,מיליליטרים,750.00,"100 מ""ל",false,1,44.90,5.9867,true,1,42505
4001432777030,false,"גולדן פיק אדום 750 מ""ל",קוואליטי ווינס,DE,גולדן פיק רוזה כשר,מיליליטרים,750.00,"100 מ""ל",false,1,44.90,5.9867,true,1,42504
4002448017684,false,"סיליט באנג ספריי ניקוי כללי מסיר אבנית 750 מ""ל",רקיט בנקיזר (ניר איסט) בעמ,PL,"ספריי לניקוי כללי והסרת אבנית סיליט באנג 750 מ""ל",מיליליטרים,750.00,"100 מ""ל",false,1,16.90,2.2533,true,1,2526
4002448019480,false,"סיליט באנג מסיר שומנים רב שימושי 750 מ""ל",רקיט בנקיזר (ניר איסט) בעמ,PL,"ספריי מסיר שומנים סיליט באנג 750 מ""ל",מיליליטרים,750.00,"100 מ""ל",false,1,16.90,2.2533,true,1,4661
4004666042004,false,"מלרוד מרסס משמיד עובש יעקבי 500 מ""ל","יעקב יעקבי ובניו בע""מ",DE,יעקבי מלרוד ספריי משמיד עובש 500 מל,מיליליטרים,500.00,"100 מ""ל",false,1,32.90,6.5800,true,1,8648
4005808366392,false,שפתון ליובש כחול קלאסי לבלו 48 גרם,טרופיקל דגיל תעשיות,DE,לבלו בליסטר כחול,גרמים,1.00,100 גרם,false,1,13.90,1390.0000,true,1,34572
4005808670314,false,"קרם לחות לפנים לעור רגיל - מעורב ניוואה 50 מ""ל",אלפא- ב.ד.ף בעמ,,ניוואה קרם לחות לעור רגיל/מעורב 50 מל,מיליליטרים,50.00,"100 מ""ל",false,1,49.90,99.8000,true,1,50495
4005808813063,false,אפטר שייב לעור רגיש 100 מל ניוואה,בטר אנד דיפרנט,DE,תחליב לחות לעור רגיש ניוואה,גרמים,260.00,100 גרם,false,1,33.90,13.0385,true,1,41702
4005808847020,false,ניוואה ויסאז אקווה סנסיישן קרם לחות,ביירסדורץ,DE,ניוואה קרם לחות אקווה סנסיישן 50מל,מיליליטרים,50.00,"100 מ""ל",false,1,69.90,139.8000,true,1,50497
4005808890507,false,ניוואה קרם סופט רב שימושי 200 מל יבוא,פארמה דיל (פ.א.ב.) שיווק והפצה,IT,קרם ניוואה סופט 200 מל,מיליליטרים,200.00,"100 מ""ל",false,1,16.90,8.4500,true,1,36641
4007745058804,false,נטורפוד מיונז אורגני 340 גרם,אף.סי תבליני בגליל ב,DE,נטורפוד מיונז אורגני 350 גרם,גרמים,340.00,100 גרם,false,1,25.90,7.6176,true,1,27852
4007745058811,false,חרדל צרפתי חלק אורגני 200 גרם,נטורפוד בעמ,DE,נטורפוד חרדל אמיתי אורגני 200 גרם,גרמים,200.00,100 גרם,false,1,16.90,8.4500,true,1,38862
4007745058828,true,חרדל גרגירים אמיתי א,אף.סי תבליני בגליל ב,DE,נטורפוד חרדל גרגרים אמיתי אורגני 200 גרם,גרמים,200.00,100 גרם,false,1,16.90,8.4500,true,1,38803
4008287058161,false,בירה קרומבאכר פילס 4.8% שישיה 6 * 330 מל,אגודת הכורמים -כרמל מזרחי,DE,שישיית בירת קרומבכר פילס 1.980 ליטר,מיליליטרים,330.00,"100 מ""ל",false,1,43.40,13.1515,true,1,52110
4008287058222,false,"בירה קרומבאכר פילס 330 מ""ל",מבשלת קרומבאכר,,"בירה קרומבאכר פילס בקבוק 330 מ""ל",מיליליטרים,330.00,"100 מ""ל",false,1,13.20,4.0000,true,1,28464
4008287905786,false,בירה קרומבאכר חיטה 5.3% פחית 500 מל,אגודת הכורמים -כרמל מזרחי,DE,בירת קרומבכר חיטה בפחית 500 מל,מיליליטרים,500.00,"100 מ""ל",false,1,11.90,2.3800,true,1,52112
4008400290126,false,ק'נדר פינגווי עוגת ספוג במילוי חלבי מצופה שוקולד מריר 30 ג' OUD,פררו טורקיה צ'\יקולטה וו,TR,קנדר עוגת ספוג במילוי חלבי מצופה ש מריר,גרמים,30.00,100 גרם,false,1,4.90,16.3333,true,1,52427
4008400290423,false,עוגת ספוג במילוי חלבי מצופה שוקולד מריר ק'נדר פינגווי 120 ג',פררו טורקיה צ'\יקולטה וו,TR,קנדר עוגת ספוג במילוי חלבי מצופה ש מריר,גרמים,120.00,100 גרם,false,1,15.90,13.2500,true,1,52444
4009309022399,true,כרוב כבוש אורגני 670,נטורפוד,DE,כרוב כבוש אורגני 670 גרם,גרמים,670.00,100 גרם,false,1,17.90,2.6716,true,1,38804
4009309114346,true,מלפפונים אורגנים בחו,סטאר סנקס,DE,מלפפונים אורגנים בחומץ ללא סוכר 670 גרם,גרמים,670.00,100 גרם,false,1,25.90,3.8657,true,1,38805
4009309114407,true,נטורפוד מלפפון כבוש,נטורפוד,DE,מלפפון כבוש אורגני,גרמים,670.00,100 גרם,false,1,25.90,3.8657,true,1,38806
4009309742426,true,רסק תפוח מנגו אורגני,תות תעשיות מזון (201,DE,רסק תפוח מנגו אורגני,גרמים,700.00,100 גרם,false,1,19.90,2.8429,true,1,38809
4009900402965,false,אורביט וויט בטעם פירות בקבוקון 46מלבניות,"מרס ריגלי ישראל בע""מ",,מסטיק אורביט וויט פירות בקבוקון,Unknown,0.00,Unknown,false,1,11.90,0.0000,true,1,25818
4009900403023,false,אורביט וויט בטעם מנטה בקבוקון 46 מלבניות,"מרס ריגלי ישראל בע""מ",,מסטיק אורביט וויט מנטה בקבוקון,גרמים,64.00,100 גרם,false,1,11.90,18.5938,true,1,25819
4009900420129,false,מסטיק אורביט פרופשנל פפרמינט בקבוקון 64 גר',"מרס ריגלי ישראל בע""מ",PL,אורביט פרופשיונל פפרמינט בקבוקון,לא מנהל יחידת מידה,0.00,לא מנהל יחידת מידה,false,1,11.90,0.0000,true,1,41359
4009900426039,false,מסטיק מנטה אקליפטוס בקבוקון איירווייבס 64 גרם,"מרס ריגלי ישראל בע""מ",,מסטיק איירווייבס מנטה אקליפטוס בקבוקון,גרמים,64.00,100 גרם,false,1,11.90,18.5938,true,1,35142
4009900426121,false,מסטיק אורביט איירוויז בקבוקון אוכמניות 64ג',"מרס ריגלי ישראל בע""מ",PL,מסטיק איירווייבס אוכמניות בקבוקון,גרמים,64.00,100 גרם,false,1,11.90,18.5938,true,1,35143
4009900455299,false,"סוכרית ג'לי אדומה 174 גרם ""סקיטלס""","מרס ריגלי ישראל בע""מ",CZ,סקיטלס פירות 174 גרם,גרמים,174.00,100 גרם,false,1,10.90,6.2644,true,1,28678
4009900465304,false,סוכריות סקיטלס פירות חמוצים 174 גרם,"מרס ריגלי ישראל בע""מ",CZ,סקיטלס חמוץ 174 גרם,גרמים,174.00,100 גרם,false,1,10.90,6.2644,true,1,28679
4009900479998,false,אורביט וויט אוכמניות בקבוקון 46 מלבניות,"מרס ריגלי ישראל בע""מ",,מסטיק אורביט אוכמניות בקבוקון,Unknown,0.00,Unknown,false,1,11.90,0.0000,true,1,28680
4009900482417,false,מסטיק אורביט פירות מנטה בקבוקון באבל מינט 45יח,"מרס ריגלי ישראל בע""מ",,מסטיק אורביט בבאבל מינט בקבוקון,Unknown,0.00,Unknown,false,1,11.90,0.0000,true,1,26661
4009900521581,false,סוכריות אורביט מינטס מנטה בבקבוקון 77 גר,מרס ריגלי ישראל בעמ,,סוכריות אורביט מינטס דובדבן בקבוקון,לא מנהל יחידת מידה,0.00,לא מנהל יחידת מידה,false,1,12.90,0.0000,true,1,37431
4009900531122,false,"מסטיק בטעם מנטה ספירמינט, 64 ג' פרופשיונל אורפיט","מרס ריגלי ישראל בע""מ",PL,אורביט פרופשיונל ספירמינט בקבוקון,לא מנהל יחידת מידה,0.00,לא מנהל יחידת מידה,false,1,11.90,0.0000,true,1,41360
4009900536257,false,מסטיק אורביט רפרשרס ספירמינט בקבוקון ללא סוכר 67 גר',מרס ריגלי קונפקשונרי,PL,מסטיק אורביט רפרשרס ספירמנט 67 ג,גרמים,67.00,100 גרם,false,1,12.90,19.2537,true,1,52045
4009900536288,false,מסטיק אורביט רפרשרס פפרמינט בקבוקון ללא סוכר 67 גר',מרס ריגלי קונפקשונרי,PL,מסטיק אורביט רפרשרס פפרמ 67 ג,גרמים,67.00,100 גרם,false,1,12.90,19.2537,true,1,52046
4009900536486,false,מסטיק אורביט רפרשרס באבלמינט בקבוקון ללא סוכר 67 גר',מרס ריגלי קונפקשונרי,PL,מסטיק אורביט רפרשרס באבלמ 67 ג,גרמים,67.00,100 גרם,false,1,12.90,19.2537,true,1,52047
4009900539340,false,סוכריות ג`יינט פירות סקיטלס סאוור (141 ג,מרס ריגלי קונפקשונרי,PL,סקיטלס גיינט סאוור 141 גר,גרמים,141.00,100 גרם,false,1,9.90,7.0213,true,1,53876
4009900539685,false,"מסטיק פייב באונס בטעם מנטה בקבוקון, 61.8 גרם","מרס ריגלי ישראל בע""מ",PL,מסטיק פייב מנטה בקבוקון 61.8גרם,גרמים,62.00,100 גרם,false,1,12.90,20.8065,true,1,54102
4009900539746,false,"מסטיק פייב באונס בטעם אבטיח בקבוקון, 61.8 גרם",מרס ריגלי ישראל בעמ,PL,מסטיק פייב אבטיח בקבוקון 61.8גרם,גרמים,62.00,100 גרם,false,1,12.90,20.8065,true,1,54103
4009900540551,false,מסטיק אורביט רפרשרס טרופיקל בקבוקון ללא סוכר,מרס ריגלי ישראל בעמ,PL,אורביט ריפרשרס טרופיקל,גרמים,67.00,100 גרם,false,1,12.90,19.2537,true,1,54098
4011800567613,false,מאגדת קורני מילק דרק & ואיט 120 גרם,מיוצר עי קונדיטוריית,DE,חטיף קורני סנדוויץ שחור לבן מארז 4 יח,גרמים,120.00,100 גרם,false,1,13.90,11.5833,true,1,28244
4011800628512,false,חטיף קורני שוקולד חלב 6 יח 150 גר,מיוצר עי קונדיטוריית,DE,קורני חטיף דגנים עם שוקולד חלב 6 יחידות 150 גרם,גרמים,150.00,100 גרם,false,1,13.90,9.2667,true,1,27668
4011800630515,false,חטיף קורני שוקולד חלב ובננה 6 יח 150 גר,מיוצר עי קונדיטוריית,DE,קורני חטיף דגנים עם שוקולד חלב ובננה 175 גרם,גרמים,150.00,100 גרם,false,1,13.90,9.2667,true,1,27669
4011800633516,false,קורני בציפוי שוקולד מריר מעולה 6*23,משה סידס ובנו בעמ,DE,חטיף קורני שוקולד מריר מארז 6 יח,גרמים,138.00,100 גרם,false,1,13.90,10.0725,true,1,27665
4011800636517,false,קורני פרי שוקולד חלב מעולה ללא סוכר 6*1,מיוצר עי קונדיטוריית,DE,חטיף קורני FREE שוקולד חלב מארז 6 יח,גרמים,120.00,100 גרם,false,1,13.90,11.5833,true,1,27667
4014400901191,false,בונבונריית מרסי מבחר ממתקי שוקולד 250 גרם,ליימן שליסל בע`מ,DE,בונבוניירה מרסי 250 גרם,גרמים,250.00,100 גרם,false,1,33.00,13.2000,true,1,915
4014400904277,false,סוכריות בטעם מנטה אייס פרש סטורק 425 גרם,ליימן שליסל בע`מ,DE,אייספרש 425 גרם (15 בקרטון),גרמים,425.00,100 גרם,false,1,19.90,4.6824,true,1,46870
4014400904307,false,סוכריות בטעם פירות קליפורניה סטורק 425 גרם,קריניציה ויטמינה אס,DE,קליפורניה שקית 425 גר',גרמים,425.00,100 גרם,false,1,19.90,4.6824,true,1,46871
4014400904376,false,סוכריות טופי בטעם שוקולד סטורק 325 גרם,קריניציה ויטמינה אס,DE,סוכ.שטורק שוקולדן 325 גר,גרמים,326.00,100 גרם,false,1,19.90,6.1043,true,1,46869
4014400904390,false,סוכריות טופי ממולא חלב סטורק 325 גרם,קריניציה ויטמינה אס,DE,וולמילש 325 גר',גרמים,325.00,100 גרם,false,1,19.90,6.1231,true,1,37238
4014400914696,false,וורטרס אורגינל סוכריות ללא סוכר 80 גרם,ליימן שליסל בע`מ,DE,סוכריות חמאה וורטר ללא סוכר 80 גרם,גרמים,80.00,100 גרם,false,1,11.50,14.3750,true,1,22688
4014400923711,false,בונבוניירה שוקולד אגוזים טופיפי 125 גרם,ליימן שליסל בע`מ,DE,בונבוניירה טופיפי שוקולד 125 גרם,גרמים,125.00,100 גרם,false,1,13.90,11.1200,true,1,35444
4014400925319,false,וורטרס אורגינל פופקורן קרמל 140 גרם,ליימן שליסל בע`מ,DE,חטיף פופקורן בציפוי קרמל,גרמים,140.00,100 גרם,false,1,16.90,12.0714,true,1,51105
4015400363002,false,טמפקס סופר 20 יחידות,פרוקטר אנד גמבל,DE,טמפקס סופר 20 יח,יחידה,20.00,יחידה,false,1,25.90,1.2950,true,1,54760
4015400363033,false,טמפקס רגולר 20 יח,פרוקטר & גמבל,DE,טמפקס רגולר 20 יח,יחידה,20.00,יחידה,false,1,25.90,1.2950,true,1,54761
4015400363064,false,טמפקס סופר פלוס 20 יח',פרוקטר & גמבל,DE,טמפקס סופר פלוס 20 יח,יחידה,20.00,יחידה,false,1,25.90,1.2950,true,1,54762
4015400498124,false,אולוויז תחבושת (ס) אולטרה נייט 18 יח',פרוקטל אנד גמבל,DE,תחבושות אולוויז אולטרה לילה 18 יח,יחידה,18.00,יחידה,false,1,19.90,1.1056,true,1,55444
4015400755241,false,תחבושות היגייניות אולוויז אולטרה נורמל - 28 יח',דיפלומט מפיצים (1986) בע`מ,UA,תחבושות אולוויז הגיינה נורמל 28 יחידות,לא מנהל יחידת מידה,0.00,לא מנהל יחידת מידה,false,1,19.90,0.0000,true,1,34550
4015400755456,false,תחבושות אולוויז סינגל לונג פלוס 12 יחידות,דיפלומט,DE,אולוויז תחבושות סינגל לוג פלוס 12 יח',לא מנהל יחידת מידה,0.00,לא מנהל יחידת מידה,false,1,14.90,0.0000,true,1,35330
4015400755487,false,תחבושות היגייניות אולוויז אולטרה לונג - 24 יח',דיפלומט מפיצים (1986) בע`מ,UA,תחבושות אולווייז וליו פק לונג 24 יחידות,לא מנהל יחידת מידה,0.00,לא מנהל יחידת מידה,false,1,19.90,0.0000,true,1,34551
4015600762742,false,שמפו יומיומי למניעת קשקשים הנוסחה הקלאסית,דיפלומט מפיצים (1986) בע`מ,RO,"הד אנד שולדרס שמפו קלאסי 500 מ""ל",מיליליטרים,500.00,"100 מ""ל",false,1,25.90,5.1800,true,1,36244
4015600762780,false,שמפו וקונדישינר יומיומי למניעת קשקשים הנוסחה הקלאסית 2in1,דיפלומט מפיצים (1986) בע`מ,RO,"הד אנד שולדרס 2 ב 1 קלאסי 500 מ""ל",מיליליטרים,500.00,"100 מ""ל",false,1,25.90,5.1800,true,1,36243
4015600762902,false,"האד אנד שולדרס שמפו מנטול 500 מ""ל",דיפלומט מפיצים (1986) בע`מ,RO,"הד אנד שולדרס שמפו מנטול 500 מ""ל",מיליליטרים,500.00,"100 מ""ל",false,1,25.90,5.1800,true,1,36245
4015600762940,false,שמפו יומיומי למניעת קשקשים בניחוח תפוח,דיפלומט מפיצים (1986) בע`מ,RO,"הד אנד שולדרס שמפו תפוח 500 מ""ל",מיליליטרים,500.00,"100 מ""ל",false,1,25.90,5.1800,true,1,36248
4015600763022,false,שמפו יומיומי למניעת קשקשים לשיער יבש/פגום לשיער רך כמשי,דיפלומט מפיצים (1986) בע`מ,RO,"שמפו הד אנד שולדרס למניעת קשקשים 500 מ""ל",מיליליטרים,500.00,"100 מ""ל",false,1,25.90,5.1800,true,1,36246
4015600766900,false,"שמפו ומרכ ך נגד קשקשים 500 מ""ל הד אנד שולדרס",דיפלומט מפיצים (1986) בע`מ,RO,"הד אנד שולדרס שמפו 2 ב1 מנטול 500 מ""ל",מיליליטרים,500.00,"100 מ""ל",false,1,25.90,5.1800,true,1,36242
4017100198151,false,בלזן היט ביסקוויט עם מלית קרם בטעם וניל (41%) 220 גרם,הדקלאים אגודת שיתופי,PL,בלזן היט וניל 220גרם,גרמים,220.00,100 גרם,false,1,10.90,4.9545,true,1,31724
4017100216800,true,וופל מיניס מצופה שוק,בלזן,DE,בלזן וופל מצופה שוקולד חלב,גרמים,75.00,100 גרם,false,1,8.90,11.8667,true,1,52211
4017100219900,false,בלזן וופלטן וופל מגולגל מצופה שוקולד חלב 100 גרם,הדקלאים אגודת שיתופי,DE,ופל ופלטן מגולגל מצופה שוקולד 100 גרם,גרמים,100.00,100 גרם,false,1,12.90,12.9000,true,1,925
4017100290008,false,בלזן בסקויט חמאה מצופה שוקולד חלב 125 גרם,הדקלאים אגודת שיתופי,DE,ביסקוויט בלזן מצופה שוקולד חלב 125 גרם,גרמים,125.00,100 גרם,false,1,12.90,10.3200,true,1,927
4017100364112,false,בלזן היט בסקוויט סנדביץ עם מלית קרם בטעם שוקולד קקאו (41%) 220 גרם,הדקלאים אגודת שיתופי,PL,עוגיות היט קקאו 220 גרם,גרמים,220.00,100 גרם,false,1,10.90,4.9545,true,1,31734
4018722100133,false,איטריות כוסמין וביצים אורגניות למרק 250ג,נטורפוד בעמ,DE,אטריות כוסמין וביצים אורגניות,גרמים,250.00,100 גרם,false,1,17.90,7.1600,true,1,38872
4018722100157,false,פסטה פוזילי מקמח כוסמין מלא אורגני,האחים פלם הגפן,DE,פסטה פוזילי כוסמין מלא 250 גרם,גרמים,250.00,100 גרם,false,1,13.90,5.5600,true,1,38873
4018722100188,true,אטריות כוסמין ביצים,אלב גולד,DE,אטריות כוסמין ביצים רחבות 250 גרם,גרמים,250.00,100 גרם,false,1,17.90,7.1600,true,1,38810
4018722102632,true,ספגטי כוסמין מלא אור,האחים פלם הגפן,DE,כוסמין פסטה אורגנית,גרמים,500.00,100 גרם,false,1,18.90,3.7800,true,1,38874
4018722102656,true,ספגטי כוסמין אורגני,האחים פלם הגפן,DE,אלב גולד - ספגטי כוסמין אורגני 500 גרם,גרמים,500.00,100 גרם,false,1,18.90,3.7800,true,1,38875
4018722303459,true,מקרוני כוסמין אורגני,האחים פלם הגפן,DE,אלב גולד - מקרוני כוסמין אורגני,גרמים,250.00,100 גרם,false,1,13.90,5.5600,true,1,38876
4022025001752,true,יין בלו נאן מבעבע כש,,,"יין בלו נאן מבעבע כשר 750 מ""ל",מיליליטרים,750.00,"100 מ""ל",false,1,64.90,8.6533,true,1,53758
4022025001790,false,יין בלו נאן מבעבע גולד 24 קראט*,היכל היין שקד גולן בעמ,DE,"יין בלו נאן 24K גולד מבעבע כשר 750 מ""ל",מיליליטרים,750.00,"100 מ""ל",false,1,64.90,8.6533,true,1,53762
4022025001929,false,"יין בלו ווין מבעבע כחול כשר 750מ""ל",היכל היין שקד גולן בעמ,DE,בלו ווין יין לבן מבעבע חצי יבש 750 מל,מיליליטרים,750.00,"100 מ""ל",false,1,64.90,8.6533,true,1,41363
4022025002025,false,יין בלו נאן מבעבע גו,בלו נאן,DE,"24K יין בלו נאן גולד כשר 200 מ""ל",מיליליטרים,200.00,"100 מ""ל",false,1,27.90,13.9500,true,1,53765
4022025002254,false,24K יין בלו נאן רוזה,בלו נאן,DE,"24K יין בלו נאן רוזה כשר 200 מ""ל",מיליליטרים,200.00,"100 מ""ל",false,1,27.90,13.9500,true,1,53766
4022025261002,false,"בלו ווין גוורצטרמינר כשר 750 מ""ל",היכל היין שקד גולן בעמ,DE,"יין בלו וויין לבן חצי מתוק 750 מ""ל",מיליליטרים,750.00,"100 מ""ל",false,1,49.90,6.6533,true,1,35872
4022025262009,false,בלו נאן כשר גוורץ ריזלינג,היכל היין שקד גולן בעמ,,"יין בלו נאן גוורצטרמינר כשר 750 מ""ל",מיליליטרים,750.00,"100 מ""ל",false,1,49.90,6.6533,true,1,53761
4022025262436,false,יין בלו נאן גוורצטרמ,בלו נאן,DE,"יין בלו נאן גוורצטרמינר כשר 250מ""ל",מיליליטרים,250.00,"100 מ""ל",false,1,27.90,11.1600,true,1,53767
4022025290408,false,יין בלו ווין פינק רוזה כשר 750 מל,היכל היין שקד גולן בעמ,DE,בלו ווין רוזה כשר 750 מל,מיליליטרים,750.00,"100 מ""ל",false,1,49.90,6.6533,true,1,41362
4022025773000,false,יין בלו נאן מוסקטו כ,בלו נאן,DE,"בלו נאן מוסקטו כשר 750 מ""ל",מיליליטרים,750.00,"100 מ""ל",false,1,49.90,6.6533,true,1,53763
4032900104508,false,אל די סופרסלים כחול יחיד,Unknown,,סיגריות אל די סופרסל,לא מנהל יחידת מידה,0.00,לא מנהל יחידת מידה,false,1,28.50,0.0000,false,1,41792
4032900111292,false,סיגריות ווינסטון קומפקט כחול,גלוברנדס גרופ בעמ,UA,סיגריות ווינסטון קומפקט כחול בודד,לא מנהל יחידת מידה,0.00,לא מנהל יחידת מידה,false,1,29.20,0.0000,false,1,42180
4032900111308,false,ווינסטון קומפלקט סילבר חפיסה,Unknown,UA,סיגריות ווינסטון קומפקט סילבר בודד,לא מנהל יחידת מידה,0.00,לא מנהל יחידת מידה,false,1,29.20,0.0000,false,1,42182
4032900112824,false,כאמל קומפקט כחול)תכלת( ח,Unknown,,סיגריות כאמל קומפקט,יחידה,1.00,יחידה,false,1,27.20,27.2000,false,1,42313
4032900112879,false,כאמל קומפקט כחול כהה חפ,Unknown,,סיגריות כאמל קומפקט כחול בודד,יחידה,1.00,יחידה,false,1,27.20,27.2000,false,1,42312
4032900124193,false,כאמל צהוב ארוך PP חפיסה,Unknown,,סיגריות כאמל צהוב ארוך בודד PP,לא מנהל יחידת מידה,0.00,לא מנהל יחידת מידה,false,1,31.60,0.0000,false,1,49193
4032900124254,false,ווינסטון קומפלקט ברי PP חפיסה,גלוברנדס גרופ בעמ,,וינסטון קומפקט ברי PP בודד,יחידה,1.00,יחידה,false,1,29.20,29.2000,false,1,50246
4033100013348,false,סיגריות אל די כחול ארוך בודד,גלוברנדס בעמ - שיווק סיגריות,,סיגריות אל די כחול ארוך חפיסה בודד,לא מנהל יחידת מידה,0.00,לא מנהל יחידת מידה,false,1,28.50,0.0000,false,1,21732
4033100014468,false,סיגריות אל די אדום בודד,גלוברנדס בעמ - שיווק סיגריות,,סיגריות אל די אדום חפיסה בודד,לא מנהל יחידת מידה,0.00,לא מנהל יחידת מידה,false,1,28.50,0.0000,false,1,22259
4033100014499,false,סיגריות אל די כחול בודד,גלוברנדס בעמ - שיווק סיגריות,,סיגריות אל די כחול חפיסה בודד,Unknown,0.00,Unknown,false,1,28.50,0.0000,false,1,21731
4033100014529,false,סיגריות אל די סלים בודד,גלוברנדס בעמ - שיווק סיגריות,,סיגריות אל די סלים חפיסה בודד,יחידה,1.00,יחידה,false,1,28.50,28.5000,false,1,21733
4033100024146,false,סיגריות ווינסטון קוד בודד,גלוברנדס בעמ - שיווק סיגריות,,סיגריות וינסטון קוד חפיסה בודד,לא מנהל יחידת מידה,0.00,לא מנהל יחידת מידה,false,1,31.20,0.0000,false,1,25712
4033100024252,false,סיגריות ווינסטון אקווה בודד,גלוברנדס בעמ - שיווק סיגריות,,סיגריות וינסטון אקווה חפיסה בודד,יחידה,0.00,יחידה,false,1,31.20,0.0000,false,1,25714
4033100038914,false,טבק כאמל צהוב + נייר גלגול 30ג',גלוברנדס בעמ - שיווק סיגריות,,טבק לגלגול קאמל צהוב חפיסה30 גרם,גרמים,30.00,100 גרם,false,1,81.20,270.6667,false,1,27412
4033100046490,false,סיגריות ווינסטון אקווה ארוך בודד,גלוברנדס בעמ - שיווק סיגריות,,סיגריות וינסטון קוד אקווה 100 חפיסה בודד,לא מנהל יחידת מידה,0.00,לא מנהל יחידת מידה,false,1,31.20,0.0000,false,1,26900
4033100047350,false,טבק כאמל כחול + נייר גלגול 30ג',גלוברנדס בעמ - שיווק סיגריות,,טבק לגלגול קאמל כחול חפיסה30 גרם,גרמים,30.00,100 גרם,false,1,81.20,270.6667,false,1,27413
4033100064005,false,טבק לגלגול וינסטון א,JTI,,טבק לגלגול וינסטון אדום חפיסה30 גרם,גרמים,30.00,100 גרם,false,1,78.90,263.0000,true,1,31107
4033100064036,false,וינסטון כחול טבק לגלגול חפיסה,גלוברנדס בעמ - שיווק סיגריות,,טבק לגלגול וינסטון כחול חפיסה30 גרם,גרמים,30.00,100 גרם,false,1,81.20,270.6667,false,1,31109
4037719657290,false,קוונדיש סוכריות צנצנת שי 300ג,שוקוטרייד בעמ,DE,קוונדיש סוכריות פירות בצנצנת 300 גרם,גרמים,300.00,100 גרם,false,1,24.90,8.3000,true,1,42335
4043058008778,false,טבק אמריקן ספיריט כחול פאוצ,פלנטה טבק,,טבק לגלגול אמריקן ספיריט כחול חבילה30גר,גרמים,30.00,100 גרם,false,1,88.20,294.0000,false,1,27437
4043058010412,false,טבק אמריקן ספיריט צהוב פאוצ,פלנטה טבק,,טבק לגלגול אמריקן ספיריט צהוב חבילה30גר,גרמים,30.00,100 גרם,false,1,88.20,294.0000,false,1,30943
4052197000017,false,"בירה בנדיקטינר חיטה לא מסוננת 500 מ""ל",בנדיקטינר וויצבראו,DE,בנדיקטינר בירה 500 מל,מיליליטרים,500.00,"100 מ""ל",false,1,12.90,2.5800,true,1,24778
4052197000352,false,"בירה בנדקטינר בקבוק 330 מ""ל",בנדקטינר,,"בירה בנדיקטינר חיטה בקבוק 330 מ""ל",מיליליטרים,330.00,"100 מ""ל",false,1,11.90,3.6061,true,1,34221
4052197002806,false,"מארז בירה בנדיקטינר 4*500 מ""ל פחית",בנדיקטינר וויצבראו,,בירה בנדיקטינר פחית מארז רביעייה,ליטרים,2.00,ליטר,false,1,39.90,19.9500,true,1,30246
4062400543125,false,"טקילה סיירה רפוסאדו 700 מ""ל",מזקקת סיארה אונידס,MX,סיארה טקילה רפוסאדו 700 מל,מיליליטרים,700.00,"100 מ""ל",false,1,99.90,14.2714,true,1,32153
4066600999614,false,"בירה פאולנר, בירת חיטה מעוננת, בקבוק 500 מ""ל",טמפו משקאות בע`מ,DE,"בירה פאולנר, בירת חיטה מעוננת, בקבוק 500 מ""ל",מיליליטרים,500.00,"100 מ""ל",false,1,13.50,2.7000,true,1,35989
4067700014849,false,"ליקר ייגרמייסטר 700מ""ל",הכרם - משקאות חריפים בעמ,DE,"ייגרמייסטר 700 מ""ל",מיליליטרים,700.00,"100 מ""ל",false,1,99.90,14.2714,true,1,34291
4072700001188,false,"בירה פרנסיסקאנר כהה בקבוק 500 מ""ל",הכרם -משקאות חריפים בע`מ,DE,בירה פרנסיסקאנר כהה 500 מל,מיליליטרים,500.00,"100 מ""ל",false,1,12.90,2.5800,true,1,28546
4072700001775,false,בירה פרנסיסקאנר בהירה מעוננת בפחית,הכרם - משקאות חריפים בעמ,DE,"בירה פרנסיסקאנר בהירה פחית 500 מ""ל",מיליליטרים,500.00,"100 מ""ל",false,1,12.90,2.5800,true,1,37028
4072700003649,false,"בירה פרנסיסקאנר בהירה 500מ""ל בקבוק",הכרם - משקאות חריפים בעמ,DE,בירה פרנסיסקאנר בהירה 500 מל,מיליליטרים,500.00,"100 מ""ל",false,1,12.90,2.5800,true,1,28545
4084500853898,false,"נוזל כלים פיירי אלוורה ומלפפונים 515 מ""ל בד""צ",דיפלומט מפיצים (1986) בע`מ,,"נוזל כלים פיירי אלוורה מלפפונים 515 מ""ל",מיליליטרים,515.00,"100 מ""ל",false,1,10.90,2.1165,true,1,32310
4100130937163,false,בירה בקס שישייה 6*275 מל,הכרם -משקאות חריפים בע`מ,DE,בירה בקס 6 יחידות 1.65 ליטר,מיליליטרים,275.00,"100 מ""ל",false,1,34.90,12.6909,true,1,31618
4100470106700,true,חומץ תפוחים טבעי ואו,ברוקהרט,DE,נטורפוד חומץ תפוחים טבעי ואורגני,מיליליטרים,750.00,"100 מ""ל",false,1,26.90,3.5867,true,1,38811
4105120623941,false,"בירה ויינשטפן בק' ח""פ 500 מ""ל",החברה המרכזית להפצת משקאות בעמ,DE,"ויינשטפן בק ח""פ 500 מ""ל",מיליליטרים,500.00,"100 מ""ל",false,1,13.90,2.7800,true,1,50980
4210201262183,false,מברשת שיניים חשמלית ויטליטי Vitality נטענת,דיפלומט מפיצים (1968) בעמ,DE,אורל בי מברשת חשמלית נטענת D100,לא מנהל יחידת מידה,0.00,לא מנהל יחידת מידה,false,1,99.90,0.0000,true,1,54136
4210201360742,false,אורל בי ראש חשמלי ניקוי יסודי רביעייה,דיפלומט מפיצים (1968) בעמ,IE,אורל בי ראש חשמלי לניקוי יסודי 4 יח',לא מנהל יחידת מידה,0.00,לא מנהל יחידת מידה,false,1,99.90,0.0000,true,1,54137
4600659010854,false,וודקה סטוליצ`יניה (700 מל),הכרם -משקאות חריפים בע`מ,LV,"וודקה סטולי בקבוק 700 מ""ל",מיליליטרים,700.00,"100 מ""ל",false,1,69.90,9.9857,true,1,18345
4602486002071,false,"וודקה בלנקאיה גולד 700 מ""ל",מזקקת גאורגייבסקי קר,RU,וודקה בלנקאיה גולד 700 מל,מיליליטרים,770.00,"100 מ""ל",false,1,69.90,9.0779,true,1,48395
4603400000043,false,וודקה רוסקי יורוסטנדרט (700 מל),רוסקי סטנדרט וודקה,RU,"וודקה רוסקי סטנדרט בקבוק 700 מ""ל",מיליליטרים,700.00,"100 מ""ל",false,1,64.90,9.2714,true,1,26555
4603400000197,false,וודקה רוסקי סטנדרט 0.5 ליטר,יורוסטנדרט בעמ,,"וודקה רוסקי סטנדרט בקבוק 500 מ""ל",מיליליטרים,500.00,"100 מ""ל",false,1,59.90,11.9800,true,1,22620
4603928000976,false,"בלוגה נובל וודקה 700 מ""ל+כוס הייבול",מרינסקי ליקרו-וודאצ'\ני,RU,"וודקה בלוגה 700 מ""ל",מיליליטרים,700.00,"100 מ""ל",false,1,139.90,19.9857,true,1,41343
4607026530212,false,כוסמת כפרי וביתי (900 גרם),יורוסטנדרט בעמ,RU,כוסמת 900 גרם,גרמים,900.00,100 גרם,false,1,17.00,1.8889,true,1,22869
4607109409619,false,פיניש הכל ב-1 טבליות למדיח 25 יח,רקיט בנקיזר (ניר איסט) בעמ,PL,טבליות למדיח כלים פיניש אול אין וואן 25 טבליות,גרמים,530.00,100 גרם,false,1,29.90,5.6415,true,1,35493
4640018993343,false,פיניש קוואנטום קפסולות ג'ל למדיח כלים 30 יח',רקיט בנקיזר (ניר איסט) בעמ,PL,פיניש קוואנטום קפסולות למדיח 30 טבליות,גרמים,375.00,100 גרם,false,1,44.90,11.9733,true,1,51227
4640018993350,false,פיניש קוואנטום קפסולות ג'ל למדיח כלים לימון 30 יח',רקיט בנקיזר (ניר איסט) בעמ,PL,פיניש קוואנטום 30 יח קפסולות גיל לימון,גרמים,375.00,100 גרם,false,1,44.90,11.9733,true,1,51228
4710068001692,false,מאסטר קפה בטעם לאטה בפחית 240מ`ל,תאיט מרקטינג אנד דיסטריב,,מאסטר קפה לאטה פחית,מיליליטרים,240.00,"100 מ""ל",false,1,8.50,3.5417,true,1,28116
4710068001715,false,משקה בטעם טירמיסו מאסטר קפה (240 מל),יוני פרזינדנט אנטרפר,,מאסטר קפה טרמיסו פחית 240 מל,מיליליטרים,240.00,"100 מ""ל",false,1,8.50,3.5417,true,1,28118
4710068001739,false,מאסטר קפה בטעם קולומביאני בפחית 240מ`ל,יוני פרזינדנט אנטרפר,,מאסטר קפה משקה קפה קר קלאסיקו 240 מל,מיליליטרים,240.00,"100 מ""ל",false,1,8.50,3.5417,true,1,28117
4710068002798,false,מאסטר קפה בטעם וניל בפחית 240מ`ל,מאיטה פוד אינדוסטריאל קו,,מאסטר קפה לאטה פחית,מיליליטרים,240.00,"100 מ""ל",false,1,8.50,3.5417,true,1,42649
4710964170799,false,שומשום שחור קלוי 91 גרם,מזרח ומערב יבוא ושיווק,TH,שומשום שחור קלוי 91 גרם,גרמים,91.00,100 גרם,false,1,17.90,19.6703,true,1,53984
4740098098331,false,"קוקטייל בלו לגון אה לה קוק 330 מ""ל",אה לי קוק,EE,"קוקטייל בלו לגון 330 מ""ל",מיליליטרים,330.00,"100 מ""ל",false,1,12.20,3.6970,true,1,54593
4740098098355,false,"קוקטייל מוחיטו אה לה קוק 330 מ""ל",אה לי קוק,EE,"קוקטייל מוחיטו 330 מ""ל",מיליליטרים,330.00,"100 מ""ל",false,1,12.20,3.6970,true,1,54592
4740098098379,false,"קוקטייל מרגריטה אה לה קוק 330 מ""ל",אה לי קוק,EE,"קוקטייל מרגריטה 330 מ""ל",מיליליטרים,330.00,"100 מ""ל",false,1,12.20,3.6970,true,1,54591
4750021000904,false,וודקה סטולי פרימיום,איי.אס לטבייאס בלזם,LV,"וודקה סטולי פרימיום 200מ""ל",מיליליטרים,200.00,"100 מ""ל",false,1,29.90,14.9500,true,1,54742
4750021003905,false,"וודקה סטוליצניה גולד 700 מ""ל",אס פי איי SPI (סטולי,LV,וודקה סטולי גולד,מיליליטרים,700.00,"100 מ""ל",false,1,129.90,18.5571,true,1,37886
4750021005725,false,וודקה סטולי 40% כשרה לפסח ללא גלוטן 700,הכרם - משקאות חריפים בעמ,LV,"וודקה סטולי כשל""פ לל""ג 40% בקבוק 700 מ""ל",מיליליטרים,700.00,"100 מ""ל",false,1,89.90,12.8429,true,1,38014
4750021009808,false,סטולי פרימיום 70 סל,,,סטולי פרימיום 70 סל - מהדורת קהילה הגא,לא מנהל יחידת מידה,0.00,לא מנהל יחידת מידה,false,1,69.90,0.0000,true,1,52389
4779039730276,false,אאוגה מרק עגבניות מוקרם אורגני 400גר,מור ים מרקטינג בעמ,LT,מרק עגבניות מוקרם אורגני אאוגה 400 גרם,גרמים,400.00,100 גרם,false,1,17.90,4.4750,true,1,50551
4779039730290,false,אאוגה מרק ירקות מינסטרונה 400 גרם,מור ים מרקטינג בעמ,LT,מרק אאוגה ירקות מינסטרונה אורגני 400 גרם,גרמים,400.00,100 גרם,false,1,17.90,4.4750,true,1,50550
4779039730306,false,אאוגה מרק גזר עם קוקוס אורגני 400 גרם,מור ים מרקטינג בעמ,LT,מרק אאוגה גזר עם קוקוס אורגני 400 גרם,גרמים,400.00,100 גרם,false,1,17.90,4.4750,true,1,53631
4779039731143,false,אאוגה מרק עדשים אורגני 400 גרם מפוקח לאורגני על ידי סקאל ישראל,מור ים מרקטינג בעמ,LT,מרק אאוגה עדשים אורגני 400 גרם,גרמים,400.00,100 גרם,false,1,17.90,4.4750,true,1,50693
4779039731167,false,אאוגה מרק דלורית ובטטה אורגני 400 גרם,גרביאי,LT,מרק אאוגה דלורית ובטטה אורגני 400 גרם,גרמים,400.00,100 גרם,false,1,17.90,4.4750,true,1,50552
4779039731914,false,מרק שעועית צילי טבעוני 400 גר,,LT,אאוגה מרק שעועית צילי אורגני 400 גרם,גרמים,400.00,100 גרם,false,1,17.90,4.4750,true,1,55524
4779039732188,false,מרק ירקות מינסטרונה אורגני 400 גר,,LT,אאוגה מרק מינסטרונה אורגני 400 גרם,גרמים,400.00,100 גרם,false,1,17.90,4.4750,true,1,55525
4792032060454,true,מי קוקוס אורגני גרין,בן טרה ג'וינט סטוק,DE,GREEN COCO מי קוקוס אורגני 330 מל,מיליליטרים,330.00,"100 מ""ל",false,1,9.90,3.0000,true,1,38864
4793000637012,false,נטורפוד- קינמון ציילון אורגני טחון,אינטרנשיונל קומודטי אקספ,DE,קינמון ציילון אורגני טחון 70 גרם נטורפוד,גרמים,70.00,100 גרם,false,1,17.90,25.5714,true,1,50007
4793000637029,false,נטורפוד- אבקת מוריגנה אורגנית,תות תעשיות מזון (201,DE,אבקת מורינגה אורגנית 70 גרם נטורפוד,גרמים,70.00,100 גרם,false,1,17.90,25.5714,true,1,50008
4796019790013,false,שמן קוקוס כבישה קרה אורגני גרין קוקו 300,נטורפוד בעמ,,שמן קוקוס אורגני,מיליליטרים,300.00,"100 מ""ל",false,1,23.90,7.9667,true,1,36830
4796019790020,false,שמן קוקוס אורגני כבישה קרה גרין קוקו 500,נטורפוד בעמ,LK,"שמן קוקוס אורגני 500 מ""ל",מיליליטרים,500.00,"100 מ""ל",false,1,35.90,7.1800,true,1,38869
4796019790037,false,שמן קוקוס אורגני כבישה קרה גרין קוקו 1 ל,נטורפוד בעמ,,שמן קוקוס אורגני,ליטרים,1.00,ליטר,false,1,49.90,49.9000,true,1,36832
4820193030044,false,בירה אובולון ללא אלכ,אובלון,,"בירה אובלון ללא אלכוהול בקבוק 500 מ""ל",מיליליטרים,500.00,"100 מ""ל",false,1,8.00,1.6000,true,1,34687
4860019001346,false,בורז'ומי מים מינרליים טבעיים 500מ'ל חדש,אי די אס בורגומי,,"מים מינרלים בורג""ומי 500 מ""ל",מיליליטרים,500.00,"100 מ""ל",false,1,8.90,1.7800,true,1,23188
4860019001414,false,מים מינרליים 750 מל בורזוימי,האי נאם סי או אל.טי.,,"מים מינרלים בורגומי 750 מ""ל",מיליליטרים,750.00,"100 מ""ל",false,1,9.90,1.3200,true,1,28794
4860019001810,false,מים בורגומי פחית 330,אי די אס בורגומי,,מים בורגומי פחית 330 מל,מיליליטרים,330.00,"100 מ""ל",false,1,7.90,2.3939,true,1,49771
4891228430085,false,סכיני גילוח שיק אקסטרים קומפורט לגבר 3 להבים 4 יחידות,אנרג'יזר Energizer,CN,סכיני גילוח שייק אקסטרים 3 כחול רביעייה,לא מנהל יחידת מידה,0.00,לא מנהל יחידת מידה,false,1,21.90,0.0000,true,1,7784
5000111047364,true,HP ברביקיו דבש,ה.י. היינץ הולדינג ב,NL,HP ברביקיו דבש 465 גרם,גרמים,465.00,100 גרם,false,1,20.90,4.4946,true,1,46866
5000111047371,true,HP ברביקיו קלאסי,ה.י. היינץ הולדינג,NL,465 גרםHP ברביקיו קלאסי,גרמים,465.00,100 גרם,false,1,20.90,4.4946,true,1,46867
5000157143365,true,מתבל בטעם מיונז וקטש,תאי פרזידנט פוד פאבל,PL,מתבל בטעם מיונז וקטשופ היינץ 425 מל,מיליליטרים,425.00,"100 מ""ל",false,1,15.90,3.7412,true,1,49302
5000159344074,false,גלידת סניקרס שמנת עם בוטנים וקרמל מצופה 288 גרם.,פלקו בעמ חברה ישראלית,IL,מאגדת גלידה סניקרס 6 יח 288 גר,גרמים,288.00,100 גרם,false,1,32.90,11.4236,true,1,49780
5000159376655,false,סוכריות SKITTLES פירות קטן 38 גרם אדום,"מרס ריגלי ישראל בע""מ",,סוכריות סקיטלס פירות 38 גרם,גרמים,38.00,100 גרם,false,1,4.50,11.8421,true,1,26134
5000159376792,false,סוכריות סקיטלס Skittles פירות חמוצים,"מרס ריגלי ישראל בע""מ",,סוכריות סקיטלס חמוץ 38 גרם,גרמים,38.00,100 גרם,false,1,4.50,11.8421,true,1,26135
5000159407236,false,מרס חטיף שוקולד עם קרמל 51 גרם,"מרס ריגלי ישראל בע""מ",,חטיף מרס 51 גרם,גרמים,51.00,100 גרם,false,1,4.90,9.6078,true,1,17938
5000159414197,false,מלטיזרס-כדורים פריכים בציפוי שוולד חלב 135 גרם,מרס שוקולד צ.אמריקה,NL,מלטיזרס 135גרם,גרמים,135.00,100 גרם,false,1,16.90,12.5185,true,1,54683
5000159459228,false,חטיף אצבעות קרמל ושוקולד טוויקס (50 גרם),"מרס ריגלי ישראל בע""מ",NL,חטיף טויקס 50 גרם,גרמים,50.00,100 גרם,false,1,4.90,9.8000,true,1,26341
5000159461122,false,סניקרס חטיף שוקולד עם בוטנים 50 גרם,"מרס ריגלי ישראל בע""מ",NL,חטיף סניקרס שוקולד 50 גרם,גרמים,50.00,100 גרם,false,1,4.90,9.8000,true,1,26342
5000159484695,false,גלידת טוויקס שמנת עם קרמל וביסקוויט מצופה 205 גרם,אייס דילר בי.אמ.די בעמ,IL,מאגדת גלידה טוויקס 6 יח 205.2 גר,גרמים,205.00,100 גרם,false,1,32.90,16.0488,true,1,49783
5000159500845,true,סלבריישן מארז מתנה 1,מארס,NL,סלבריישן מארז מתנה 196 גרם,גרמים,196.00,100 גרם,false,1,23.90,12.1939,true,1,55276
5000159509633,false,גלידת סניקרס לבן עם בוטנים וקרמל מצופה 244 גרם,מארס שוקולד,FR,מאגדת סניקרס לבן,גרמים,245.00,100 גרם,false,1,32.90,13.4286,true,1,51170
5000159541152,false,חטיף טוויקס לבן 46 גרם.,מרס ריגלי ישראל בעמ,DE,טוייקס לבן 46 גרם,גרמים,46.00,100 גרם,false,1,4.90,10.6522,true,1,52719
5000168199245,false,שוקולד חלב מעולה בתוספת קרמל מלוח פיור גודייבה 90 ג',"אולקר מקבוצת פלאדיס, ציק",TR,שוקולד חלב מעולה בתוספת חתיכות קרם קרמל מלוח,גרמים,90.00,100 גרם,false,1,15.90,17.6667,true,1,52967
5000204657913,false,קיווי משחת נעליים בקופסא שחור 50 מ`ל,ג' אל ראיה בוגור,ID,קיווי משחת נעליים בקופסא שחור 35 גרם,יחידה,1.00,יחידה,false,1,7.90,7.9000,true,1,25893
5000204658187,false,משחת נעליים קראון שחור קיווי (75 מל),אס' סי' ג'ונסון במה,PL,קיווי נוזל לניקוי נעליים שחור 75 מל,מיליליטרים,75.00,"100 מ""ל",false,1,15.90,21.2000,true,1,25895
5000213014905,false,בירה בפחית גינס (440 מל),החברה המרכזית להפצת משקאות בעמ,IE,בירה גינס 330 מל,מיליליטרים,440.00,"100 מ""ל",false,1,19.20,4.3636,true,1,27410
5000267014234,false,וויסקי ג'וני ווקר רד לייבל Red label,החברה המרכזית להפצת משקאות בעמ,,"גוני ווקר אדום 700 מ""ל",מיליליטרים,700.00,"100 מ""ל",false,1,99.90,14.2714,true,1,28482
5000267015200,false,"ויסקי ג'וני ווקר אדום 200 מ""ל",ג'וני ווקר,,"ויסקי גוני ווקר אדום בקבוק 200 מ""ל",מיליליטרים,200.00,"100 מ""ל",false,1,39.90,19.9500,true,1,38171
5000267024233,false,"וויסקי ג'וני בלאק לייבל עם פורר 700מ""ל",החברה המרכזית להפצת משקאות בעמ,,"גוני ווקר שחור 700 מ""ל",מיליליטרים,700.00,"100 מ""ל",false,1,139.90,19.9857,true,1,32027
5000267025209,false,ג'וני ווקר שחור 200 גרם,ג'ון ווקר ובניו,,"ג'וני ווקר בלאק לייבל ויסקי סקוטי, 200 מל",מיליליטרים,200.00,"100 מ""ל",false,1,49.90,24.9500,true,1,41077
5000267171579,false,גוני ווקר אדום 200 מ,ג'וני ווקר ובניו,GB,"ג'וני אדום 200 מ""ל פוקט 40% כהל",מיליליטרים,200.00,"100 מ""ל",false,1,39.90,19.9500,true,1,50227
5000267171654,false,"וויסקי פוקט ג וני ווקר שחור 200מ""ל 40%.",החברה המרכזית להפצת משקאות בעמ,GB,"ג'וני שחור 200 מ""ל פוקט 40% כהל",מיליליטרים,200.00,"100 מ""ל",false,1,49.90,24.9500,true,1,50226
5000277001019,false,"וויסקי דיוארס 700 מ""ל וואיט לייבל",בקרדי מרטיני,GB,וויסקי דיוארס וויט לייבל 700מל,מיליליטרים,700.00,"100 מ""ל",false,1,99.90,14.2714,true,1,50996
5000289925440,false,גין גורדון בקבוק 700,החברה המרכזית להפצת משקאות-אלכ,,"גין גורדון בקבוק 700 מ""ל",מיליליטרים,700.00,"100 מ""ל",false,1,99.90,14.2714,true,1,38178
5000291020706,false,משקה גין טנקרי 700 מ,מנדלז סי.אר. פרודקשן,GB,טנקרי ג'ין יבש 750 מל,מיליליטרים,750.00,"100 מ""ל",false,1,139.90,18.6533,true,1,51859
5000299223031,false,"קפטן מורגן ספייסד - רום 750 מ""ל",יבואן ומשווק: ש. שסט,,קפטן מורגן ספייסד גולד 750 מל,מיליליטרים,700.00,"100 מ""ל",false,1,124.90,17.8429,true,1,38179
5000329002193,false,משקה ג'ין ביפאיטר 70,טמפו משקאות בע`מ,,"ג'ין ביפאיטר, 700 מ''ל",מיליליטרים,1.00,"100 מ""ל",false,1,109.90,10990.0000,true,1,47206
5000396037531,true,מקוויטיס ביסקויט מצו,קריניציה ויטמינה אס,,מקוויטיס ביסקויט מצו,Unknown,0.00,Unknown,false,1,12.90,0.0000,true,1,47899
5000396037944,true,מקוויטיס ביסקויט קלא,קריניציה ויטמינה אס,,"מקויטיס, ביסקוויט מקמח חיטה קלאסי 250 גרם",Unknown,0.00,Unknown,false,1,11.90,0.0000,true,1,47900
5010029000252,true,וויטביקס מקורי 430 ג,ויטהביקס לימיטד,,וויטביקס מקורי 430 גרם,גרמים,430.00,100 גרם,false,1,24.90,5.7907,true,1,53089
5010038454831,false,"בקבוק בירה בלומון 330 מ""ל",הכרם - משקאות חריפים בעמ,,"בירה בלו מון 5.4% כוהל 330 מ""ל",מיליליטרים,330.00,"100 מ""ל",false,1,14.90,4.5152,true,1,47871
5010103800051,false,ויסקי J&B בקבוק 200,DIAGEO,,"ויסקי J&B בקבוק 200 מ""ל",מיליליטרים,200.00,"100 מ""ל",false,1,39.90,19.9500,true,1,38172
5010103800259,false,"וויסקי גיי אנד בי 700 מ""ל",גסטוריני אנד ברוקס,,"ויסקי J&B בקבוק 700 מ""ל",מיליליטרים,700.00,"100 מ""ל",false,1,99.90,14.2714,true,1,4870
5010103943024,false,וויסקי פוקט J$B ML 200,החברה המרכזית להפצת משקאות בעמ,GB,"ג'יי אנד בי 200 מ""ל פוקט 40% כהל",מיליליטרים,200.00,"100 מ""ל",false,1,39.90,19.9500,true,1,50225
5010123703585,false,ליסטרין קולמינט 500 מל-יבוא מקביל,גונסון אנד גונסון,,"ליסטרין מי פה קול מינט 500 מ""ל",מיליליטרים,500.00,"100 מ""ל",false,1,17.90,3.5800,true,1,53450
5010182997253,false,רייד תרסיס קוטל ג'וקים/תיקנים 300 מל,אס.סי.ג'ונסון מידרכט,NL,"תרסיס רייד מקס קוטל חרקים 300 מ""ל",מיליליטרים,300.00,"100 מ""ל",false,1,25.90,8.6333,true,1,1222
5010182997680,false,"ארוסול-קוטל זוחלים אדום 400 מ""ל",אס.סי.ג'ונסון מידרכט,NL,"תרסיס רייד קוטל נמלים אדום 300 מ""ל",מיליליטרים,300.00,"100 מ""ל",false,1,25.90,8.6333,true,1,19751
5010182997918,false,דאק ג'ל לניקוי אסלות בניחוח ים 55 מל,"איטיליאן פוד, אס.פי.",IT,דאק ג'ל לאסלה בניחוח ים 55 מל,מיליליטרים,55.00,"100 מ""ל",false,1,12.90,23.4545,true,1,42394
5010182998847,false,דאק נוזל לניקוי אסלות בניחוח ים 750 מל,מיוצר עי קונדיטוריית,NL,ניקוי נוזל לאסלה,מיליליטרים,750.00,"100 מ""ל",false,1,13.90,1.8533,true,1,51293
5010232964211,false,דורקס EXTRA SAFE - קונדומים שקופים עבים,דורקס Durex,TH,קונדומים דורקס אקסטרא סייף 12 יחידות,לא מנהל יחידת מידה,0.00,לא מנהל יחידת מידה,false,1,39.90,0.0000,true,1,2486
5010232964228,false,דורקס THIN FEEL - קונדומים דקים להגברת התחושה,דורקס Durex,TH,"קונדמים קצר ולעניין, דק 12 יחידות",לא מנהל יחידת מידה,0.00,לא מנהל יחידת מידה,false,1,39.90,0.0000,true,1,2487
5010314048907,false,"וויסקי מקאלן פיין אוק 12 שנה 700 מ""ל",מקאלן דיסטילרי,GB,מקאלן וויסקי 12 שנה 700 מל,מיליליטרים,700.00,"100 מ""ל",false,1,269.90,38.5571,true,1,41465
5010314302863,false,מקאלן דאבל קאסק12שנה700מ,מקאלן דיסטילרי,GB,"וויסקי מקאלן דאבל קאסק 700 מ""ל",מיליליטרים,700.00,"100 מ""ל",false,1,269.90,38.5571,true,1,51604
5010327000046,false,"וויסקי גרנטס וויסקי 700 מ""ל","וויליאם גראנט ובניו בע""\",,"ויסקי גרנטס 700 מ""ל",מיליליטרים,700.00,"100 מ""ל",false,1,89.90,12.8429,true,1,5012
5010327208107,false,"גרנטס וויסקי 200מ""ל",וויליאם גרנט,GB,"גרנטס וויסקי 200מ""ל",מיליליטרים,200.00,"100 מ""ל",false,1,29.90,14.9500,true,1,41769
5010327258003,false,"גרנטס וויסקי 200מ""ל",וויליאם גרנט,GB,"גרנטס וויסקי 200מ""ל",מיליליטרים,200.00,"100 מ""ל",false,1,29.90,14.9500,true,1,53731
5010327399614,false,"גלנפידיך 12 אמריקן אווק כשר 700 מ""ל",הכרם - משקאות חריפים בעמ,GB,גלנפידיך 12 שנה 700 מל,מיליליטרים,700.00,"100 מ""ל",false,1,219.90,31.4143,true,1,55199
5010327755014,false,"ג'ין הנדריקס 700 מ""ל",גרנט'ס (William Gran,GB,"גין הנדריקס 700 מ""ל",מיליליטרים,700.00,"100 מ""ל",false,1,154.90,22.1286,true,1,52980
5010677551281,false,בריזר לימון בבקבוק בקרדי (275 מל),בקרדי בריזר Bacardi Breezer,BE,"בריזר - משקה כוהלי מוגז בטעם לימון 275 מ""ל",מיליליטרים,275.00,"100 מ""ל",false,1,16.90,6.1455,true,1,1228
5010677551397,false,"בקרדי בריזר בטעם לימון ליים 275 מ""ל",בקרדי בריזר Bacardi Breezer,BE,"בקרדי בריזר ליים בקבוק 275 מ""ל",מיליליטרים,275.00,"100 מ""ל",false,1,16.90,6.1455,true,1,30457
5010677552387,false,"בקרדי בריזר אננס 275 מ""ל בקבוק",בקרדי בריזר Bacardi Breezer,BE,"בריזר - משקה כוהלי מוגז בטעם אננס 275 מ""ל",מיליליטרים,275.00,"100 מ""ל",false,1,16.90,6.1455,true,1,1229
5010677554398,false,בריזר אבטיח בבקבוק בקרדי (275 מל),בקרדי בריזר Bacardi Breezer,BE,"בריזר - משקה כוהלי מוגז בטעם אבטיח 275 מ""ל",מיליליטרים,275.00,"100 מ""ל",false,1,16.90,6.1455,true,1,1230
5010677714006,false,"ג'ין בומביי ספייר 700מ""ל",ג'ון דיואר ובניו,ES,ג'ין בומביי ספייר,מיליליטרים,700.00,"100 מ""ל",false,1,129.90,18.5571,true,1,42092
5010677850100,false,"וודקה צרפתית גריי גוס 700מ""ל",בקרדי מרטיני,FR,"וודקה גריי גוס 750 מ""ל",מיליליטרים,700.00,"100 מ""ל",false,1,139.90,19.9857,true,1,41982
5011007003005,false,"וויסקי ג'יימסון אירי מזוקק 700 מ""ל",אייריש דיסטילרז,IE,"וויסקי אירי, ג'יימסון, 700 מ''ל",מיליליטרים,700.00,"100 מ""ל",false,1,109.90,15.7000,true,1,4864
5011026108033,false,"וויסקי אירי טולומור דיו 700 מ""ל",הכרם - משקאות חריפים בעמ,IE,טולמור דיו וויסקי אירי 700 מל,מיליליטרים,700.00,"100 מ""ל",false,1,99.90,14.2714,true,1,51323
5011157630281,false,אורז בסמטי המשאלי טילדה (1 קג),ש. שסטוביץ בע`מ,,"אורז טילדה בסמטי 1 ק""ג",קילוגרמים,1.00,"ק""ג",false,1,22.90,22.9000,true,1,36010
5011417576885,false,"דורקס דורקס ג'ל סיכוך בטעם תות 100 מ""ל",סנו מפעלי ברונוס.,TH,דורקס גל יכוך בטעם תות 100מל,מיליליטרים,100.00,"100 מ""ל",false,1,59.90,59.9000,true,1,52131
5011417576922,false,דורקס גל סיכוך מתחמם,מיוצר עבור רקיט בנקי,TH,"דורקס ג'ל סיכוך מחמם 100 מ""ל",מיליליטרים,100.00,"100 מ""ל",false,1,59.90,59.9000,true,1,52132
5014271002675,false,מעדן פרי תפוח וקינמון סנדלפור 284 גרם,סאן דלפור - שמבור,FR,מעדן פרי תפוח וקינמון סנדלפור 284 גרם,גרמים,284.00,100 גרם,false,1,22.90,8.0634,true,1,47864
5014271300429,false,"מעדן משמש 100% פרי סנטדלפור 284 גרם לל""ס",סאן דלפור - שמבור,FR,"מעדן משמש 284 גר """,גרמים,284.00,100 גרם,false,1,22.90,8.0634,true,1,46841
5014271310428,false,מעדן דובדבנים שחורים ללא תוספת סוכר 284 גרם,סאן דלפור - שמבור,FR,מעדן דובדבנים שחורים סן דלפור 284 גרם,גרמים,284.00,100 גרם,false,1,22.90,8.0634,true,1,1233
5014271330426,false,מעדן אוכמניות כחולות ללא תוספת סוכר 284 גרם,סאן דלפור - שמבור,FR,מעדן אוכמניות כחולות סן דלפור 284 גרם,גרמים,284.00,100 גרם,false,1,22.90,8.0634,true,1,1234
5014271350424,false,מעדן ארבעה פירות ללא תוספת סוכר 284 גרם,סאן דלפור - שמבור,FR,מעדן ארבע פירות סן דלפור 284 גרם,גרמים,284.00,100 גרם,false,1,22.90,8.0634,true,1,2210
5014271400426,false,"מעדן בטעם תות שדה לל""ס סאן דלפור 284 גרם",נטו מלינדה סחר בעמ,FR,מעדן תות שדה סן דלפור 284 גרם,גרמים,284.00,100 גרם,false,1,22.90,8.0634,true,1,1237
5014271795980,false,מעדן חמוציות ואוכמניות ללא תוספת סוכר 284 גרם,א. סיימן סחר בעמ,FR,סנדלפור מעדן חמוציות ואוכמניות 284 גרם,גרמים,284.00,100 גרם,false,1,22.90,8.0634,true,1,46842
5014379009972,false,בירה לאגר באדוויזר פחית 500 מל,הכרם - משקאות חריפים בעמ,,בירה באדוויזר,מיליליטרים,500.00,"100 מ""ל",false,1,11.90,2.3800,true,1,47217
5017818800116,false,"פחית דוקטור פפר 330 מ""ל",טמפו משקאות בעמ,FR,"ד""ר פפר פחית 330 מ""ל 24 יח",מיליליטרים,330.00,"100 מ""ל",false,1,6.50,1.9697,true,1,29895
5018357006731,false,תערובת דגנים 40% פירות ואגוזים 560 גרם,אחים טיירי עסקי מזון בעמ,,תערובת דגנים 40% פירות ואגוזים 560 גרם,גרמים,560.00,100 גרם,false,1,30.90,5.5179,true,1,14790
5018357006755,false,תערובת דגנים 50% פירות ואגוזים 540 גרם,דורסט סיריאלס,GB,גרנולה דורסט סיריאלס היי פייבר 540 גרם,גרמים,540.00,100 גרם,false,1,30.90,5.7222,true,1,38737
5018357006816,false,תערובת דגנים 30% פירות ואגוזים 620 גרם,אחים טיירי עסקי מזון בעמ,,גרנולה דורסט 620 גרם,גרמים,620.00,100 גרם,false,1,27.90,4.5000,true,1,14793
5018357007653,false,מוזלי תערובת דגנים ופירות Simply Fruity,דורסט סיריאלס Dorset Cereals,,מוזלי תערובת דגנים ופפאיה 620 גרם,גרמים,620.00,100 גרם,false,1,27.90,4.5000,true,1,27879
5018357011858,false,דורסט סיריאלס-ברי גרנולה 550 גרם,דורסט סיריאליס,IL,גרנולה דורסט סיריאלס ברי גרנולה 550 גרם,גרמים,550.00,100 גרם,false,1,34.90,6.3455,true,1,38775
5018357011896,false,דורסט סיריאלס-גרנולה דבש 550 גרם,דורסט סיריאליס,IL,גרנולה דורסט סיריאלס גרנולה דבש 550 גרם,גרמים,550.00,100 גרם,false,1,36.90,6.7091,true,1,38774
5018357012459,false,תערובת דגנים דורסט סיריאלס פירות 600 ג,דורסט סיריאלס,GB,דורסט סיריאלס מוזל יפירות נפלא 600 גרם,גרמים,600.00,100 גרם,false,1,36.90,6.1500,true,1,50010
5024546366609,false,"וויסקי 700 מ""ל LAUDERS SCOTCH",מקדוף אינטרנשנל דיסט,,לאודרס וויסקי סקוטי 700 מל,גרמים,700.00,100 גרם,false,1,89.90,12.8429,true,1,22524
5029053002408,false,קלינקס - נייר טואולט קליניקס לבן 9 גלילים,קימברלי קלארק ישראל שיווק בעמ,IL,"קלינקס נייר טואלט דו שכבתי לבן, 9 גלילים",מטרים,27500.00,מטר,false,1,36.90,0.0013,true,1,1248
5029053510811,false,תחבושות נורמל פלוס עם כנפיים קוטקס 28 יחידות,קימברלי קלארק ישראל שיווק בעמ,,קוטקס תחבושות עם כנפיים נורמל פלוס 30 יחידות,Unknown,0.00,Unknown,false,1,19.90,0.0000,true,1,4859
5029053510828,false,תחבושות סופר פלוס עם כנפיים קוטקס 22יחידות,קימברלי קלארק ישראל שיווק בעמ,,קוטקס תחבושות עם כנפיים סופר פלוס 22 יחידות,Unknown,0.00,Unknown,false,1,19.90,0.0000,true,1,1252
5029053523446,false,קוטקס - תחבושות אולטרה נייט + כנפיים 20 יח',קימברלי קלארק ישראל שיווק בעמ,,קוטקס תחבושות עם כנפיים נייט 20 יחידות,לא מנהל יחידת מידה,0.00,לא מנהל יחידת מידה,false,1,19.90,0.0000,true,1,31616
5035766044673,false,"סטרונגבואו גולד, סיידר תפוחים אלכוהולי, בקבוק 330 מ''ל",האי נאם סי או אל.טי.,BE,סיידר תפוחים 5% אלכוהול סטרונגבאו 330 מל,מיליליטרים,330.00,"100 מ""ל",false,1,8.90,2.6970,true,1,28260
5038342162419,false,וויסקי סקוטי מק-איוו,יורוסטנדרט בעמ,GB,וויסקי סקוטי מק-איוור 700מל,מיליליטרים,700.00,"100 מ""ל",false,1,59.90,8.5571,true,1,49625
5038483574386,false,שלשיית קונדומים durex אדום,רקיט בנקיזר הלת'קר,,קונדומים דורקס פדרלייט 3 * 12 יח,לא מנהל יחידת מידה,0.00,לא מנהל יחידת מידה,false,1,14.90,0.0000,true,1,19868
5038483574416,false,קונדום דורקס אקסטרא סייף 3,רקיט בנקיזר הלת'קר,,קונדומים דורקס אקסטרא 3 יחידות,לא מנהל יחידת מידה,0.00,לא מנהל יחידת מידה,false,1,14.90,0.0000,true,1,19918
5038483578780,false,שלישיית קונדומים durex סגול,רקיט בנקיזר הלת'קר,,קונדומים דורקס עלית 3 יחידות,לא מנהל יחידת מידה,0.00,לא מנהל יחידת מידה,false,1,14.90,0.0000,true,1,19931
5038483866566,false,דורקס ULTRA THIN FEEL - קונדומים דקים במיוחד לתחושה מוגברת,דורקס Durex,TH,קונדומים דקים דורקס אולטרה 12 יח,לא מנהל יחידת מידה,0.00,לא מנהל יחידת מידה,false,1,39.90,0.0000,true,1,22569
5038483994757,false,דורקס פליי ויברטור א,רקיט בנקיזר,,דורקס פליי ויברטור אינטימי,לא מנהל יחידת מידה,0.00,לא מנהל יחידת מידה,false,1,149.90,0.0000,true,1,34736
5056357900925,false,סניקרס חטיף חלבון חמאת בוטנים 57 גרם,פארם אקספרס,US,סניקרס חמאת בוטנים 57 גרם,גרמים,59.00,100 גרם,false,1,17.90,30.3390,true,1,51479
5056357901427,false,אם אנד אם חטיף חלבון שוקולד 51 גרם,פארם אקספרס,GB,חטיף חלבון m&m בטעם שוקולד,גרמים,51.00,100 גרם,false,1,17.90,35.0980,true,1,53333
5056357901441,false,אם אנד אם חטיף חלבון בוטנים 51 גרם,פארם אקספרס,GB,חטיף חלבון בוטנים 15 חלבון 51 גרם m&m,גרמים,51.00,100 גרם,false,1,17.90,35.0980,true,1,53334
5056357903834,false,באונטי מעושר בחלבון 52 גרם,מארס יורק אנגליה,GB,חטיף באונטי 18גרם חלבון 52גרם,גרמים,52.00,100 גרם,false,1,17.90,34.4231,true,1,53768
5060045588104,false,ויסקי גים בים דבש כש,"איי, בי, אינבוו",ES,"גים בים דבש 700 מ""ל",מיליליטרים,700.00,"100 מ""ל",false,1,69.90,9.9857,true,1,38766
5060045588128,false,"וויסקי גים בים לבן 700 מ""ל",הכרם - משקאות חריפים בעמ,US,ג'ים בים וויסקי קנטאקי ברבן ג'ים בים 700 מל,מיליליטרים,700.00,"100 מ""ל",false,1,69.90,9.9857,true,1,38764
5060221201391,false,גרנייד בטעם קרמל chaos,גרנייה,NL,chaosגרנייד בטעם קרמל60 גרם,גרמים,60.00,100 גרם,false,1,17.90,29.8333,true,1,54138
5060221201575,false,חטיף חלבון גרנייד בטעם קרם עוגיות,LTD (UK) GRENADE,GB,חטיף חלבון גרנייד קרם עוגיות 23 חלבון 60,גרמים,60.00,100 גרם,false,1,17.90,29.8333,true,1,53431
5060221201605,false,חטיף חלבון גרנייד בטעם באוני פאדג',LTD (UK) GRENADE,GB,חטיף חלבון גרנייד באוני פאדג 23 חלבון,גרמים,60.00,100 גרם,false,1,17.90,29.8333,true,1,53430
5060221201810,false,גרנייד בטעם שוקולד לבן עוגיות,LTD (UK) GRENADE,NL,גרנייד שוקולד לבן עוגיות 60גרם,גרמים,60.00,100 גרם,false,1,17.90,29.8333,true,1,54140
5060221203753,false,חטיף חלבון גרנייד בטעם חמאת בוטנים,LTD (UK) GRENADE,GB,חטיף חלבון גרנייד חמאת בוטנים 21 חלבון,גרמים,60.00,100 גרם,false,1,17.90,29.8333,true,1,53429
5060221203937,false,גרנייד בטעם שוקוצ'יפס בצק עוגיות,LTD (UK) GRENADE,NL,גרנייד שוקוציפס בצק עוגיות 60גרם,גרמים,60.00,100 גרם,false,1,17.90,29.8333,true,1,54139
5060221206860,false,חטיף חלבון בטעם קרמל מלוח ושוקולד 60 ג' Grenade,LTD (UK) GRENADE,GB,חטיף חלבון גרנייד קרמל מלוח 20 חלבון 60,גרמים,60.00,100 גרם,false,1,17.90,29.8333,true,1,53432
5060255492185,true,חול אוורקלין ריחני,מיוצר בהולנד עבור cb,NL,חול אוורקלין ריחני,קילוגרמים,5.00,"ק""ג",false,1,59.90,11.9800,true,1,39687
5060317320449,false,"UFIT - משקה חלבון בטעם שוקולד 500 מ""ל",לאקסה אס.אי,GB,"UFIT משקה חלבון בטעם שוקולד 500מ""ל",מיליליטרים,500.00,"100 מ""ל",false,1,19.90,3.9800,true,1,54669
5060317321781,false,"UFIT - משקה חלבון בטעם אייס קפה 330 מ""ל",לאקסה אס.אי,GB,"UFIT משקה חלבון בטעם אייס קפה 330מ""ל",מיליליטרים,330.00,"100 מ""ל",false,1,14.90,4.5152,true,1,54668
5060317322122,false,"UFIT - משקה חלבון בטעם קרמל מלוח 330 מ""ל",לאקסה אס.אי,GB,UFIT משקה חלבון בטעם קרמל מלוח 330 מ,מיליליטרים,330.00,"100 מ""ל",false,1,14.90,4.5152,true,1,54665
5060317322368,false,"UFIT - משקה חלבון בטעם פאדג' בראוניז 330 מ""ל",לאקסה אס.אי,GB,UFIT משקה חלבון בטעם פאדג בראוניז 33,מיליליטרים,330.00,"100 מ""ל",false,1,14.90,4.5152,true,1,54667
5060319120023,true,תה קנמון - הייר ליבי,הייר ליבינג,GB,תה קינמון אורגני 40 גרם,גרמים,40.00,100 גרם,false,1,19.90,49.7500,true,1,38814
5060319120047,true,תה וורי ברי - הייר ל,אף.סי תבליני בגליל ב,GB,תה וורי ברי - הייר ליבינג,גרמים,40.00,100 גרם,false,1,19.90,49.7500,true,1,38815
5060319120078,true,תה הייר ליבינג סוויט,אונלי נטורל פרודקטס,GB,תה הייר ליבינג סוויט דרימס 15 שקיקים,גרמים,40.00,100 גרם,false,1,19.90,49.7500,true,1,38816
5060319120092,false,תה אינגלש ברקפסט אורגני 45 ג הייר ליבינג,הייר ליבינג,GB,תה אינגליש ברקפסט אורגני,גרמים,45.00,100 גרם,false,1,19.90,44.2222,true,1,38878
5060319120115,true,תה ירוק אורגני-הייר,אונלי נטורל פרודקטס,GB,הייר ליווינג תה ירוק אורגני 40 גרם,גרמים,50.00,100 גרם,false,1,19.90,39.8000,true,1,38818
5060319120122,true,תה הייר ליבינג צאי י,אונלי נטורל פרודקטס,GB,הייר ליווינג צ'אי תה ירוק אורגני 40 גרם,גרמים,40.00,100 גרם,false,1,19.90,49.7500,true,1,38819
5060319120153,true,תה קמומיל וניל-הייר,אונלי נטורל פרודקטס,IL,תה קמומיל וניל-הייר ליבינג,גרמים,30.00,100 גרם,false,1,19.90,66.3333,true,1,38776
5060319129286,true,תה לבן אורגני-הייר ל,אונלי נטורל פרודקטס,GB,הייר ליווינג תה לבן אורגני 35 גרם,גרמים,35.00,100 גרם,false,1,19.90,56.8571,true,1,38820
5060319129293,false,תה ירוק קוקוס אורגני 40 גרם הייר ליבינג,הייר ליבינג,GB,תה ירוק קוקוס אורגני,גרמים,40.00,100 גרם,false,1,19.90,49.7500,true,1,38879
5060319129422,false,חליטת דיטוקס אורגנית 25 גרם הייר ליבינג,אונלי נטורל פרודקטס,PT,חליטת צמחים אורגנית דיטוקס,גרמים,30.00,100 גרם,false,1,19.90,66.3333,true,1,50004
5060402908248,false,סניקרס חטיף חלבון 55 גרם,פארם אקספרס,US,סניקרס פרוטאין 55 גרם,גרמים,59.00,100 גרם,false,1,17.90,30.3390,true,1,51480
5060402908286,false,חטיף חלבון מארס 59 גרם,פארם אקספרס,US,מארס פרוטאין 59 גרם,גרמים,59.00,100 גרם,false,1,17.90,30.3390,true,1,51477
5060402909542,false,מארס חטיף חלבון קרמל מלוח 59 גרם,פארם אקספרס,US,מארס קרמל מלוח 59 גרם,גרמים,59.00,100 גרם,false,1,17.90,30.3390,true,1,51478
5060412214124,true,אברקלין חול עפיזור מ,מיוצר בהולנד עבור cb,NL,"חול מתגבש בעל פיזור מופחת, 5 קג",קילוגרמים,5.00,"ק""ג",false,1,59.00,11.8000,true,1,52330
5060424705368,false,WARRIOR - חטיף חלבון קראנץ' בטעם קרמל מלוח,וורקווין,GB,WARRIOR חטיף קראנץ בטעם קרמל מלוח 64 גר,גרמים,64.00,100 גרם,false,1,14.90,23.2813,true,1,54442
5060424705511,false,WARRIOR - חטיף חלבון קראנץ' בטעם שוקולד וקוקוס,תעשיות מזון בלאבאן,US,WARRIOR חטיף חלבון קראנץ שוקולד וקוקוס,גרמים,64.00,100 גרם,false,1,14.90,23.2813,true,1,55453
5060424705535,false,חטיף חלבון WARRIOR בטעם שוקולד מריר ובוטנים,"KBF תעשיות בע""מ UK",GB,WARRIORשוקולד מריר ובוטנים 20גר חלבון,גרמים,64.00,100 גרם,false,1,14.90,23.2813,true,1,53793
5060517886486,false,"משקה אנרגיה מונסטר אנרג'י בפחית 500 מ""ל",החברה המרכזית להפצת משקאות בעמ,RU,"מונסטר אנרג'י פח 500 מ""ל",מיליליטרים,500.00,"100 מ""ל",false,1,7.90,1.5800,true,1,48692
5060517886516,false,"משקה אנרגיה מונסטר אנרג'י זירו בפחית 500 מ""ל",החברה המרכזית להפצת משקאות בעמ,RU,"מונסטר אנרג'י זירו פח 500 מ""ל",מיליליטרים,500.00,"100 מ""ל",false,1,7.90,1.5800,true,1,48693
5060519144102,false,חליטה הרגשה חדשה 20,פוקה,GB,חליטה הרגשה חדשה 20 שקיקים PUKKA,גרמים,40.00,100 גרם,false,1,29.90,74.7500,true,1,47839
5060639128051,false,"משקה אנרגיה מונסטר אולטרה בפחית 500 מ""ל",החברה המרכזית להפצת משקאות בעמ,RS,"מונסטר ULTRA פח 500 מ""ל",מיליליטרים,500.00,"100 מ""ל",false,1,7.90,1.5800,true,1,50223
5060639129102,false,"משקה אנרגיה מונסטר אנרג'י מנגו בפחית 500 מ""ל",החברה המרכזית להפצת משקאות בעמ,RS,"מונסטר Mango Loco פח 500 מ""ל",מיליליטרים,500.00,"100 מ""ל",false,1,7.90,1.5800,true,1,51324
5060751218173,false,"משקה אנרגיה מונסטר אנרג'י piplin punch בפחית 500 מ""ל",החברה המרכזית להפצת משקאות בעמ,IE,"מונסטר פייפליין פאנץ' פח 500 מ""ל",מיליליטרים,500.00,"100 מ""ל",false,1,7.90,1.5800,true,1,54376
5060751219033,false,"משקה אנרגיה מונסטר אנרג'י זירו paradise בפחית 500 מ""ל",החברה המרכזית להפצת משקאות בעמ,IE,"מונסטר ULTRA PARADISE פח 500 מ""ל",מיליליטרים,500.00,"100 מ""ל",false,1,7.90,1.5800,true,1,54377
5060756342781,false,חטיף חלבון WARRIOR בטעם קרם עוגיות,"KBF תעשיות בע""מ UK",GB,WARRIOR קרם עוגיות 20גר חלבון 64גרם,גרמים,64.00,100 גרם,false,1,14.90,23.2813,true,1,53794
5060756343702,false,WARRIORחטיף חלבון קר,תעשיות מזון בלאבאן,US,WARRIORחטיף חלבון קראנץ פטל שוקולד מריר,גרמים,64.00,100 גרם,false,1,14.90,23.2813,true,1,55454
5099873017623,false,"וויסקי גק דניאלס טנסי אפל 700 מ""ל",ג'ק דניאלס Jack Daniel's,BE,ליקר טנסי קינמון על בסיס ג'ק דניאל'ס,מיליליטרים,700.00,"100 מ""ל",false,1,129.90,18.5571,true,1,51325
5099873038758,false,וויסקי ג'נטלמן ג'ק Gentleman Jack,ג'ק דניאלס Jack Daniel's,US,"ג'נטלמן ג'ק 700 מ""ל",מיליליטרים,700.00,"100 מ""ל",false,1,149.90,21.4143,true,1,50992
5099873046173,false,וויסקי גק דניאלס 200,ג'ק דניאלס,,וויסקי גק דניאלס 200 מל,מיליליטרים,200.00,"100 מ""ל",false,1,44.90,22.4500,true,1,53336
5200133120476,false,גלילות וופלים ממולאים קרם אגוזים וקקאו 400 ג',דיפלומט מפיצים (1968) בעמ**,GR,גליליות וופלים 400 גרם אגוזים וקקאו,גרמים,400.00,100 גרם,false,1,19.90,4.9750,true,1,39791
5201004020338,false,גליליות קפריס קרם אגוזים שוקולד 400 גר,משה סידס ובנו בעמ,GR,קפריס רולס קלאסיק 400 גרם,גרמים,400.00,100 גרם,false,1,21.90,5.4750,true,1,46986
5201360521241,false,קרואסון במילוי ק.קקאו65ג,אס.סי. צי'פיטה,,קוראסון 7DAYS במילוי אישי 65 גרם,גרמים,65.00,100 גרם,false,1,4.50,6.9231,true,1,35984
5201360528769,false,קרואסון אישי במילוי,ציפיטה,,קוראסון 7DAYS במילוי וניל אישי 60 גרם,גרמים,60.00,100 גרם,false,1,4.50,7.5000,true,1,47865
5201484021009,false,אוזו סאן ריבל 700 מל,lsidoros arvanitis s,GR,"אוזו סאן ריבל 700 מ""ל",מיליליטרים,700.00,"100 מ""ל",false,1,89.90,12.8429,true,1,50981
5201940010110,false,זיתים שחורים קלמטה וילי פוד 250 גרם,ג. וילי-פוד אינטרנשיונל בע`מ,GR,זיתים שחורים טבעיים קלמטה 454 גרם,גרמים,454.00,100 גרם,false,1,16.90,3.7225,true,1,20679
5201940040117,false,זיתים ירוקים במלח דב,סוילה,GR,זיתים ירוקים במלח דברים טובים סגל 700 גר,גרמים,700.00,100 גרם,false,1,18.90,2.7000,true,1,55447
5201940050123,false,זיתים ירוקים ללא גלע,סוילה,GR,זיתים ירוקים במלח ללא גלעין דברים טובים סגל 700 ג,גרמים,700.00,100 גרם,false,1,18.90,2.7000,true,1,55448
5202302000022,false,זיתים שחורים טבעיים 275 גרם,לילייה פודס,GR,זיתים שחורים טבעיים ליליה 275 גרם,גרמים,275.00,100 גרם,false,1,17.90,6.5091,true,1,38868
5202302000039,true,זיתים שחורים טבעיים,לילייה פודס,GR,זיתים שחורים טבעיים קלמטה ליליה 275 גרם,גרמים,275.00,100 גרם,false,1,18.90,6.8727,true,1,38822
5202302020020,true,ממרח זיתי קלמטה לילי,לילייה פודס,GR,ממרח זיתי קלמטה ליליה 200 גרם,גרמים,200.00,100 גרם,false,1,17.90,8.9500,true,1,38823
5202390014192,false,גבינה צהובה טבעונית זיתים ויאו לייף 200 ג',דיפלומט מפיצים (1968) בעמ**,GR,צהובה טבעונית עם זיתים200 גרם ויולייף,גרמים,200.00,100 גרם,false,1,24.90,12.4500,true,1,38968
5202390014222,false,גבינה צהובה טבעונית עגבניות בזיליקום ויאו לייף 200 ג',דיפלומט מפיצים (1968) בעמ**,GR,צהובה עגבניות בזיל טבעוני 200 גרם ויוליף,גרמים,200.00,100 גרם,false,1,24.90,12.4500,true,1,38391
5202390014239,false,גבינה צהובה טבעונית עשבי תיבול ויאו לייף 200 ג',דיפלומט מפיצים (1968) בעמ**,GR,צהובה עשבי תיבול טבעוני 200 גרם ויולייף,גרמים,200.00,100 גרם,false,1,24.90,12.4500,true,1,38392
5202390015618,false,גבינה צהובה טבעונית אורגינל ויאו לייף 200 ג',דיפלומט מפיצים (1968) בעמ**,GR,צהובה אורגינל טבעוני 200 גרם ויולייף,גרמים,200.00,100 גרם,false,1,24.90,12.4500,true,1,35430
5202390016325,false,גבינה צהובה טבעונית בטעם מעושן ויאו לייף 200ג',דיפלומט מפיצים (1968) בעמ**,GR,צהובה מעושנת טבעוני 200 גרם ויולייף,גרמים,200.00,100 גרם,false,1,24.90,12.4500,true,1,35405
5202390016967,false,צהובה טבעונית עם פטריות 200 גר,אריביה אס.אי. 57022,GR,צהובה עם פטריות טבעוני 200 גרם ויולייף,גרמים,200.00,100 גרם,false,1,24.90,12.4500,true,1,35403
5202390020407,false,פטה טבעונית גוש ויולייף 200 ג',דיפלומט מפיצים (1968) בעמ**,GR,יוונית בסגנון פטה טבעוני 200 גרם ויולייף,גרמים,200.00,100 גרם,false,1,27.90,13.9500,true,1,41186
5202390021121,false,קרמי אוריגינל טבעוני ויולייף 150 גר,דיפלומט מפיצים (1968) בעמ**,GR,ויולייף קרמית טבעונית בסגנון אורגינלי 150 גרם,גרמים,150.00,100 גרם,false,1,21.90,14.6000,true,1,41185
5202795080709,false,אוזו מטקסה Ouzo Metaxa,הכרם - משקאות חריפים בעמ,GR,"הכרם אוזו מטקסה, 700 מל",מיליליטרים,700.00,"100 מ""ל",false,1,89.90,12.8429,true,1,41768
5208049000639,false,רוטמנס כחול ארוך חפיסה,Unknown,TR,סיגריות רוטמנס כחול ארוך בודד,לא מנהל יחידת מידה,0.00,לא מנהל יחידת מידה,false,1,28.20,0.0000,false,1,42178
5208049001452,false,גולדן וירג`יניה ירוק 30 גר`בודד+נייר גל,גלוברנדס בעמ - שיווק סיגריות,,גולדן ירוק 30 ג+ נייר PP פקט חפיסה,יחידה,1.00,יחידה,false,1,69.90,69.9000,false,1,47917
5208049001483,false,גולדן וירגיניה לבן 30 גר+נייר PP יחידה,Unknown,,גולדן וירגיניה לבן30 גר+ נייר גלגול P,גרמים,30.00,100 גרם,false,1,69.90,233.0000,true,1,47566
5208049001513,false,גולדן וירגיניה צהוב30 גר+נייר לגלגול יח,Unknown,,גולדן וירגיניה צהוב 30 גר+ נייר גלגול P,גרמים,30.00,100 גרם,false,1,69.90,233.0000,true,1,47565
5208049001841,false,סיגריות פאל מאל דמי קפסולה,גלוברנדס גרופ בעמ,,פאל מאל דמי קפסולה בודד,יחידה,1.00,יחידה,false,1,26.40,26.4000,false,1,47377
5208049002473,false,קנט ארוך קופסא בודדת,גלוברנדס גרופ בעמ,,סיגריות קנט ארוך חפיסה בודד PP,יחידה,1.00,יחידה,false,1,37.80,37.8000,false,1,47580
5208049004781,false,פאל מאל ברי דמי סלימס חפיסה,Unknown,,סיגריות,יחידה,1.00,יחידה,false,1,26.40,26.4000,false,1,50907
5208049005719,false,פאל מאל אננס דמ י סלימס חפיסה,Unknown,,סיגריות פאל מאל אננס דמ י סלימס בודד,לא מנהל יחידת מידה,0.00,לא מנהל יחידת מידה,false,1,26.40,0.0000,false,1,53441
5208049006594,false,פאל מאל אקסטרה כחול קופסה,גלוברנדס בעמ - שיווק סיגריות,DE,פאל מאל אקסטרה כחול חפיסה,יחידה,1.00,יחידה,false,1,29.40,29.4000,true,1,54943
5208049006624,false,פאל מאל אקסטרה סילבר חפיסה,גלוברנדס בעמ - שיווק סיגריות,DE,פאל מאל אקסטרה סילבר חפיסה,יחידה,1.00,יחידה,false,1,29.40,29.4000,true,1,54945
5208049006655,false,פאל מאל אקסטרה מנדרינה קופסה,גלוברנדס בעמ,RO,סיגריות פלמל אקסטרה מנדרינה חפיסה,יחידה,1.00,יחידה,false,1,29.40,29.4000,true,1,55623
5410076933129,false,אריאל אבקת כביסה שושן צחור 3 קג,דיפלומט מפיצים (1986) בע`מ,,"אבקת כביסה אריאל שושן צחור 3 ק""ג",קילוגרמים,3.00,"ק""ג",false,1,39.90,13.3000,true,1,32458
5410103161518,false,קרם יום עם פעולה משולשת לעור רגיל ומעורב,לוריאל ישראל קוסמטיקס בעמ,,קרם לחות פ.משולשת רגיל,מיליליטרים,50.00,"100 מ""ל",false,1,52.90,105.8000,true,1,38949
5410126006339,false,לוטוס ביסקויט בטעם קרמל 124ג,דיפלומט מפיצים (1968) בעמ**,BE,ביסקויט קרמל לוטוס 124 גר 2*8 עטוף בנפרד,גרמים,124.00,100 גרם,false,1,6.90,5.5645,true,1,38210
5410126006360,false,לוטוס עוגיות סנדוויץ במילוי לוטוס 150 גרם,דיפלומט מפיצים (1968) בעמ**,BE,לוטוס עוגיות סנדוויץ במילוי לוטוס 150 גר,גרמים,150.00,100 גרם,false,1,10.90,7.2667,true,1,53337
5410126106022,false,לוטוס ביסקויט מארז חג 2*250ג.,דיפלומט מפיצים (1968) בעמ**,BE,מארז חגים לוטוס 2 250 גרם,גרמים,250.00,100 גרם,false,1,23.90,9.5600,true,1,55045
5410126106183,false,עוגיות לוטוס 50 יחידות ארוזות בנפרד 312 גרם,דיפלומט מפיצים (1968) בעמ**,BE,"ביסקויט קרמל 312 גרם בד""צ 50 יח ארוז בנפ",גרמים,312.00,100 גרם,false,1,22.90,7.3397,true,1,2236
5410126116953,false,ממרח ביסקוויט קרמל לוטוס (400 גרם),דיפלומט מפיצים (1968) בעמ**,BE,לוטוס ממרח עוגיות קרמל 400 גרם,גרמים,400.00,100 גרם,false,1,24.50,6.1250,true,1,26295
5410126716016,false,"עוגיות לוטוס ביסקויט קרמל בד""צ 250 גרם",דיפלומט מפיצים (1968) בעמ**,BE,"ביסקויט בטעם קרמל לוטוס 250 גרם בד""צ",גרמים,250.00,100 גרם,false,1,12.90,5.1600,true,1,1347
5410126726947,false,ממרח ביסקוויט קרמל קראנץ' לוטוס 380 גרם,דיפלומט מפיצים (1968) בעמ**,BE,ממרח עוגיות לוטוס קראנץ',גרמים,380.00,100 גרם,false,1,24.50,6.4474,true,1,28147
5410228217732,false,"בירה סטלה ארטואה 440מ""ל פחית.",מנדלז סי.אר. פרודקשן,BE,בירה סטלה ארטואה בפחית 440 מל,מיליליטרים,440.00,"100 מ""ל",false,1,14.90,3.3864,true,1,51326
5410228267508,false,"באדוויזר בקבוק 330 מ""ל - 5% אלכוהול",הכרם - משקאות חריפים בעמ,,בירה באדוויזר,מיליליטרים,330.00,"100 מ""ל",false,1,9.50,2.8788,true,1,47216
5410228267515,false,"שישיית בירה לאגר באדוויזר 6*330 מ""ל",הכרם - משקאות חריפים בעמ,,בירה באדוויזר,ליטרים,1.98,ליטר,false,1,37.90,19.1414,true,1,47215
5410316233446,false,וודקה סמירנוף אדום 2,דיאג'ו סקוטלנד בעמ,,סמירנוף וודקה 200 מל,מיליליטרים,200.00,"100 מ""ל",false,1,29.90,14.9500,true,1,41078
5410316983693,false,וודקה סמירנוף אייס בודד 275 מ``ל.,החברה המרכזית להפצת משקאות בעמ,IT,סמירנוף אייס בודד,מיליליטרים,275.00,"100 מ""ל",false,1,13.90,5.0545,true,1,2131
5410316994019,false,וודקה סמירנוף אדום (700 מל),החברה המרכזית להפצת משקאות בעמ,US,סמירנוף וודקה 700 מל,מיליליטרים,700.00,"100 מ""ל",false,1,69.90,9.9857,true,1,28395
5410769100081,false,"בירה לה שוף קטן 330 מ""ל בקבוק",הכרם משקאות חריפים בעמ,BE,לה שוף בירה חזקה ומעוננת 330 מל,מיליליטרים,330.00,"100 מ""ל",false,1,17.90,5.4242,true,1,36420
5410769200088,false,"בירה מק שוף קטן 330 מ""ל בקבוק",הכרם משקאות חריפים בעמ,BE,"בירה מק שוף בקבוק 330 מ""ל",מיליליטרים,330.00,"100 מ""ל",false,1,17.90,5.4242,true,1,36421
5410769800097,false,"בירה לה צרי שוף 8% 330 מ""ל בקבוק",הכרם - משקאות חריפים בעמ,BE,"בירה צרי שוף 8% בקבוק 330 מ""ל",מיליליטרים,330.00,"100 מ""ל",false,1,17.90,5.4242,true,1,37824
5411081003654,false,"קסטיל בירה רוז 330 מ""ל",מבשלת קסטל ואן הונסב,,בירה קסטל רוזי 330,מיליליטרים,330.00,"100 מ""ל",false,1,12.90,3.9091,true,1,40492
5411188080268,false,משקה סויה אלפרו אורגני אלפרו (1 ליטר),הנסיך- מפעל לייצור ט,BE,משקה סויה אלפרו ביו אורגני 1 ליטר,ליטרים,1.00,ליטר,false,1,15.90,15.9000,true,1,28132
5411188081852,false,אלפרו משקה סויה בטעם וניל 1 ליטר,הנסיך- מפעל לייצור ט,BE,משקה סויה אלפרו וניל 1 ליטר,ליטרים,1.00,ליטר,false,1,15.90,15.9000,true,1,28133
5411188096108,false,"אלפרו שמנת צמחית לבישול לייט 250מ""ל",שטראוס גרופ בעמ/מצונן,BE,"שמנת לבישול אלפרו 250 מ""ל",מיליליטרים,250.00,"100 מ""ל",false,1,10.90,4.3600,true,1,21105
5411188106159,false,אלפרו סויה לייט מופחת שומן 1.2% 1 ליטר,הנסיך- מפעל לייצור ט,BE,אלפרו משקה סויה מופחת שומן 1ל,ליטרים,1.00,ליטר,false,1,15.90,15.9000,true,1,29975
5411188110835,false,אלפרו חלב סויה שקדים וניל 1ל',הנסיך- מפעל לייצור ט,BE,אלפרו משקה שקדים 1ל,ליטרים,1.00,ליטר,false,1,15.90,15.9000,true,1,26403
5411188112549,false,משקה קוקוס אלפרו 1 ליטר משקה אורז 1 ליטר,הנסיך- מפעל לייצור ט,BE,אלפרו משקה אורז 1ל,ליטרים,1.00,ליטר,false,1,15.90,15.9000,true,1,28201
5411188112709,false,"משקה קוקוס אלפרו 1 ליטר משקה שקדים לל""ס",הנסיך- מפעל לייצור ט,BE,אלפרו משקה שקדים ללס 1ל,ליטרים,1.00,ליטר,false,1,15.90,15.9000,true,1,41944
5411188115366,false,משקה קוקוס אלפרו 1 ליטר משקה שיבולת שועל 1 ליטר,הנסיך- מפעל לייצור ט,BE,אלפרו משקה שיבולת שועל 1 ליטר,ליטרים,1.00,ליטר,false,1,15.90,15.9000,true,1,53258
5411188115472,false,משקה סויה 1 ליטר אלפרו,הנסיך- מפעל לייצור ט,BE,אלפרו משקה סויה 1ל,ליטרים,1.00,ליטר,false,1,15.90,15.9000,true,1,50512
5411188116905,false,אלפרו משקה סויה בטעם בננה 1 ליטר,"שטראוס גרופ בע""מ",BE,אלפרו משקה סויה בטעם בננה 1ליטר,ליטרים,1.00,ליטר,false,1,15.90,15.9000,true,1,54251
5411188118732,false,משקה קוקוס ושקדים אלפרו (1 ליטר),הנסיך- מפעל לייצור ט,BE,אלפרו משקה שקדים קוקוס 1ל,ליטרים,1.00,ליטר,false,1,15.90,15.9000,true,1,32716
5411188120742,false,משקה קוקוס אלפרו 1 ליטר שקדים וניל 1 ל',הנסיך- מפעל לייצור ט,BE,אלפרו משקה שקדים וניל 1ל,ליטרים,1.00,ליטר,false,1,15.90,15.9000,true,1,32715
5411188121923,false,"משקה סויה מועשר סידן אלפרו 3*250 מ""ל",הנסיך- מפעל לייצור ט,BE,אלפרו משקה סויה 3*250מל,מיליליטרים,750.00,"100 מ""ל",false,1,15.90,2.1200,true,1,38011
5411188121978,false,אלפרו משקה סויה עמיד מועשר בסידן 3*250,"שטראוס גרופ בע""מ",BE,אלפרו משקה סויה שוקו 3*250מל,מיליליטרים,750.00,"100 מ""ל",false,1,17.90,2.3867,true,1,37546
5411188124726,false,משקה שיבולת שועל שקדים 1 ליטר אלפרו,הדקלאים אגודת שיתופי,BE,אלפרו משקה ש.שועל שקדים1ל,ליטרים,1.00,ליטר,false,1,15.90,15.9000,true,1,37837
5411188127697,false,אלפרו בריסטה משקה שיבולת שועל 1 ליטר,הנסיך- מפעל לייצור ט,BE,אלפרו בריסטה שיבולת שועל 1ל,ליטרים,1.00,ליטר,false,1,15.90,15.9000,true,1,50514
5411188134985,false,אלפרו 3.5% NOT M*LK שיבולת שועל 1 ליטר בית יוסף,שטראוס גרופ בעמ/מצונן,BE,3.5%שומן NOT MILK אלפרו שבולת שועל 1 לי,ליטרים,1.00,ליטר,false,1,14.90,14.9000,true,1,52931
5411188135005,false,אלפרו 1.8% NOT M*LK שיבולת שועל 1 ליטר בית יוסף,שטראוס גרופ בעמ/מצונן,BE,1.8%שומן NOT MILK אלפרו שבולת שועל 1 לי,ליטרים,1.00,ליטר,false,1,14.90,14.9000,true,1,52643
5411188300328,false,אלפרו משקה סויה עמיד בטעם שוקו 1 ליטר,הנסיך- מפעל לייצור ט,BE,אלפרו משקה סויה שוקו 1ל,ליטרים,1.00,ליטר,false,1,15.90,15.9000,true,1,28135
5411188513483,false,"סויה לבישול 14% שומן אלפרו 250 מ""ל",שטראוס גרופ בעמ/מצונן,BE,אלפרו סויה לבישול 14% שומן 250מל,מיליליטרים,250.00,"100 מ""ל",false,1,10.90,4.3600,true,1,53832
5411188543398,false,אלפרו משקה סויה 1 ליטר ללא סוכר,הנסיך- מפעל לייצור ט,BE,אלפרו משקה סויה ללס 1ל,ליטרים,1.00,ליטר,false,1,15.90,15.9000,true,1,50515
5411616002190,false,"בירה STRONG מרטינס 8.5% כהל 500 מ""ל",החברה המרכזית להפצת משקאות בעמ,BE,"בירה Strong מרטנס 500 מ""ל 8.5%",מיליליטרים,500.00,"100 מ""ל",false,1,7.90,1.5800,true,1,38181
5411616133245,false,בירה מרטנס פחית ירוק500מ,החברה המרכזית להפצת משקאות בעמ,BE,"בירה מרטנס ירוק פרימיום 500 מ""ל 5%",מיליליטרים,500.00,"100 מ""ל",false,1,7.90,1.5800,true,1,38169
5411616148546,false,"בירה מרטינס גולד 500 מ""ל-פחית",החברה המרכזית להפצת משקאות בעמ,BE,בירה מרטנס גולד 500מל 6.5%,מיליליטרים,500.00,"100 מ""ל",false,1,7.90,1.5800,true,1,38168
5411681014005,false,"בירה דובל בקבוק 330 מ""ל",הכרם משקאות חריפים בעמ,IL,"בירה דובל בקבוק 330 מ""ל",מיליליטרים,330.00,"100 מ""ל",false,1,17.90,5.4242,true,1,22328
5411681038001,false,"מרדסו מעורפלת מאוד330מ""ל",הכרם - משקאות חריפים בעמ,BE,בירה מרדסו 10% כוהל 330 מל,מיליליטרים,330.00,"100 מ""ל",false,1,17.90,5.4242,true,1,32739
5411718911154,false,סיידר תפוחים פירות יער סטרונגבאו ^^^,טמפו משקאות בע`מ,BE,"סיידר תפוחים 4.5%סטרונגבאו פירות 330 מ""ל",מיליליטרים,330.00,"100 מ""ל",false,1,8.90,2.6970,true,1,35767
5413149655522,false,"אבקת כביסה שושן צחור 1.25 ק""ג אריאל",דיפלומט מפיצים (1986) בע`מ,,איראל אבקת כביסה שושן צחור 1.25 קג,קילוגרמים,1.25,"ק""ג",false,1,19.90,15.9200,true,1,19898
5413548280189,false,קינדר שוקו בון 1 יחידות 125 גרם,פרימיום - חברה לדברי מתיקה ולמ,BE,חטיף קינדר שוקו בון 125 גרם,גרמים,125.00,100 גרם,false,1,15.90,12.7200,true,1,22933
5449000000996,false,פחית קוקה קולה מאור הכשרות,קוקה קולה אירופה,,"קוקה קולה פחית 330 מ""ל",מיליליטרים,330.00,"100 מ""ל",false,1,5.90,1.7879,true,1,53837
5449000131805,false,"פחית קוקה קולה זירו בעלז 330מ""ל",טאצ וואן בעמ,,"קוקה קולה זירו פחית 330 מ""ל",מיליליטרים,330.00,"100 מ""ל",false,1,5.90,1.7879,true,1,53838
5600286004072,false,תפוחונים אורגניים מתקתק 40 גר,נטורפוד,PT,תפוחונים אורגניים מתקתק 40 גרם נטורפוד,גרמים,40.00,100 גרם,false,1,9.90,24.7500,true,1,50002
5600286004089,false,תפוחונים אורגניים חמצמץ 40 גר,נטורפוד,PT,תפוחונים אורגניים חמצמץ 40 גרם נטורפוד,גרמים,40.00,100 גרם,false,1,9.90,24.7500,true,1,50003
5601010111035,false,סרדין בשמן זית רמירז 125 גרם,רמירז אנד קה פילהאוס,PT,שימורי סרדינים בשמן זית,גרמים,125.00,100 גרם,false,1,12.90,10.3200,true,1,26861
5601010211070,false,סרדין במים רמירז 125 גרם,רמירז אנד קה פילהאוס,PT,שימורי סרדינים במי מלח 100 גרם,גרמים,125.00,100 גרם,false,1,11.50,9.2000,true,1,26902
5601010211087,false,פילה סרדין בשמן זית כתית 100 גר רמירז,רמירז אנד קה פילהאוס,PT,שימורי סרדינים(פילה)בשמן זית,גרמים,100.00,100 גרם,false,1,13.50,13.5000,true,1,26903
5601045300022,false,משקה גוארנה אנטרטיקה פחית 355 מל,סומול וקומפל אס.איי,PT,"גוארנה אנטרטיקה פחית צרה 330 מ""ל",מיליליטרים,330.00,"100 מ""ל",false,1,6.50,1.9697,true,1,16889
5701397337810,false,בוטני חריף מלוח 130,snack foods,DK,בוטני חריף מלוח 130 גר,גרמים,130.00,100 גרם,false,1,12.90,9.9231,true,1,39452
5701397337834,false,קופסאות בוטנים 130גר,snack foods,DK,קופסאות בוטנים 130גרם,גרמים,130.00,100 גרם,false,1,12.90,9.9231,true,1,39449
5701932026964,false,"הוטפופ גרעיני תירס להכנת פופקורן במיקרוגל בטעם טבעי, בתוספת מלח, 600 גרם",ליימן שליסל בע`מ,US,פופקורן עם מלח הוטפופ 600 גרם,גרמים,600.00,100 גרם,false,1,16.90,2.8167,true,1,1440
5701932026971,false,הוטפופ גרעיני תירס להכנת פופקורן במיקרוגל בטעם חמאה 600 גרם,ליימן שליסל בע`מ,US,הוט חמאה 600 ג') ב(12,גרמים,600.00,100 גרם,false,1,16.90,2.8167,true,1,1441
5701932026995,false,"הוטפופ גרעיני תירס להכנת פופקורן במיקרוגל בטעם טבעי מופחת שומן, 510 גרם",קריניציה ויטמינה אס,US,פופקורן לייט טבעי הוטפופ 510 גרם,גרמים,510.00,100 גרם,false,1,16.90,3.3137,true,1,1442
5706516110039,false,הוטפופ בטעם טבעי מופחת שומן ונתרן 540 גר,ליימן שליסל בעמ,US,הוטפופ טבעי מופחת שומן ונתרן 540 גרם,גרמים,540.00,100 גרם,false,1,16.90,3.1296,true,1,50393
5710840126130,false,טבק לעישון באלי תכלת,Unknown,,טבק לעישון באלי תכלת חזק 40 גרם,גרמים,40.00,100 גרם,false,1,100.00,250.0000,true,1,34347
5710840209437,false,טבק באלי נטורל 40 גר`בודד,סקמדינביין טובקו,,באלי נטוראל 40 גר,גרמים,40.00,100 גרם,false,1,100.00,250.0000,true,1,48299
5710840210013,false,בא לי שג לבן סופר עדין 40גר,סקמדינביין טובקו,,באלי לבן 40 גר,גרמים,40.00,100 גרם,false,1,100.00,250.0000,true,1,48298
5710840210075,false,טבק באלי תכלת 40 גרם,S.T.G,,באלי תכלת 40 גר,גרמים,40.00,100 גרם,false,1,97.90,244.7500,true,1,48628
5710840210136,false,בא לי שג אדום-עדין 40גר,סקמדינביין טובקו,,באלי אדום 40 גר,גרמים,40.00,100 גרם,false,1,100.00,250.0000,false,1,48815
5710840210167,false,באלישג וירג'יניה 40 גרם,סקנדינביין טובקו,,באלי צהוב 40 גר,גרמים,40.00,100 גרם,false,1,100.00,250.0000,true,1,48627
5711953106583,false,גבינת שמנת בטעם טבעי 200 גרם ארלה,שטראוס גרופ בעמ/מצונן,DK,ארלה גבינת שמנת טבעי,גרמים,200.00,100 גרם,false,1,17.90,8.9500,true,1,47454
5711953106606,false,גבינת שמנת עם תבלינים ועשבי תיבול 23.5%,שטראוס גרופ בעמ/מצונן,DK,ארלה גבינת שמנת עשבי תיבול,גרמים,200.00,100 גרם,false,1,17.90,8.9500,true,1,47456
5740900403215,true,ממרח לורפק עם מלח 25,ארלה פודס אמבה,DK,ממרח לורפק עם מלח 250,גרמים,250.00,100 גרם,false,1,18.90,7.5600,true,1,40752
5740900403222,true,ממרח לורפק עם מלח מו,ארלה פודס אמבא,DK,ממרח לורפק עם מלח מופחת שומן,גרמים,250.00,100 גרם,false,1,20.90,8.3600,true,1,40753
5740900403239,true,ממרח לורפק ללא מלח 2,ארלה פודס אמבא,DK,ממרח לורפק בלי מלח 250,גרמים,250.00,100 גרם,false,1,20.90,8.3600,true,1,40754
5740900403260,false,ממרח מחמאת לורפק ללא מלח 27% פחות שומן,שטראוס גרופ בעמ/מצונן,DK,ממרח לורפק ללא מלח מופחת שומן,גרמים,250.00,100 גרם,false,1,20.90,8.3600,true,1,40755
5740900403284,false,חמאה ללא מלח 200 גרם לורפק כשרות או קיי,שטראוס גרופ בעמ/מצונן,DK,ממרח לורפק 200 גר ללא מלח,גרמים,200.00,100 גרם,false,1,12.50,6.2500,true,1,50352
5740900403864,false,חמאה +מלח 200 גרם לורפק כשרות או קיי,שטראוס גרופ בעמ/מצונן,DK,לורפק חמאה עם מלח 200 גרם,גרמים,200.00,100 גרם,false,1,12.90,6.4500,true,1,52798
5900020012814,false,דגנים תפוחים בטעם שוקולד נסקוויק נסטלה 500 גרם,קבוצת אוסם סחר שותפות מוגבלת,PL,דגני בוקר נסקוויק 500 גרם,גרמים,500.00,100 גרם,false,1,27.90,5.5800,true,1,20841
5900020026552,false,דגני בוקר האני נאט צ'יריוס בטעם דבש ושקדים,קבוצת אוסם סחר שותפות מוגבלת,FR,דגני האני נאט ציריוס 625 גרם,גרמים,625.00,100 גרם,false,1,27.90,4.4640,true,1,33525
5900617035882,false,חטיף חלבון נוטרישיין בטעם שוקולד,סיטי תוספי מזון,NL,חטיף חלבון נוטרישיין שוקולד50גרם,גרמים,50.00,100 גרם,false,1,12.90,25.8000,true,1,54142
5900617035905,false,חטיף חלבון נוטרישיין בטעם קרמל מלוח,סיטי תוספי מזון,NL,חטיף חלבון נוטרישיין קרמל מלוח 50גרם,גרמים,50.00,100 גרם,false,1,12.90,25.8000,true,1,54141
5900617035929,false,חטיף חלבון נוטרישיין בטעם וניל תות יער,סיטי תוספי מזון,NL,חטיף חלבון נוטרישיין וניל תות יער 50גרם,גרמים,50.00,100 גרם,false,1,12.90,25.8000,true,1,54143
5900907000583,false,מלפפון בחומץ 920 גרם צנצנת,דברים טובים סגל בעמ,,מלפפונים בחומץ 920גרם,גרמים,920.00,100 גרם,false,1,16.90,1.8370,true,1,55529
5900907000965,false,פטיסון מלפפון בחומץ 910 גר`צנצנת,דברים טובים סגל בעמ,PL,פטיסון בחומץ 910 גרם,גרמים,910.00,100 גרם,false,1,21.90,2.4066,true,1,55537
5900907001429,false,תערובת ירקות בחומץ 910 גרם צנצנת,דברים טובים סגל בעמ,,אסורטי 910גרם,גרמים,910.00,100 גרם,false,1,16.90,1.8571,true,1,55530
5900907001450,false,מלפפון במלח צנצנת 920 גרם,דברים טובים סגל בעמ,PL,מלפפון במלח 910 גרם,גרמים,910.00,100 גרם,false,1,16.90,1.8571,true,1,55536
5900907001597,false,כרוב כבוש עם גזר 900,אורבנק,PL,כרוב כבוש עם גזר 900 גרם,גרמים,900.00,100 גרם,false,1,16.90,1.8778,true,1,55538
5900907001719,false,תערובת ירקות כבושים930גר,דברים טובים סגל בעמ,IL,תערובת מלפפונים ועגבניות,גרמים,910.00,100 גרם,false,1,16.90,1.8571,true,1,55535
5900951283963,false,חטיף סניקרס עם חמאת בוטנים Creamy Peanut Butter,"מרס ריגלי ישראל בע""מ",PL,dro סניקרס קרימי ח.בוטנים 36.5,גרמים,37.00,100 גרם,false,1,4.90,13.2432,true,1,53877
5902047170294,false,"פילטר סילבר סטאר 6מ""",,,"פילטר סילבר סטאר 6מ""מ קצר",יחידה,1.00,יחידה,false,1,5.00,5.0000,true,1,54202
5902047174209,false,"פילטר ספוג 5.3 מ""מ ארוך 30 יח",,,"פילטר סילבר סטאר 5.3מ""מ קצר",יחידה,1.00,יחידה,false,1,5.00,5.0000,true,1,54199
5902047174223,false,"פילטר ספוג 5.3 מ""מ ארוך 30 יח",,,"פילטר סילסר סטאר 5.3מ""מ ארוך",יחידה,1.00,יחידה,false,1,5.00,5.0000,true,1,54200
5902198160403,false,XL משקה אנרגיה מוגז ללא סוכר עד 10 קלוריות לפחית 250 מל,"טמפו משקאות בע""\מ",IL,"משקה אנרגיה XL TEN פחית 250 מ""ל",מיליליטרים,250.00,"100 מ""ל",false,1,5.50,2.2000,true,1,36424
5903141006694,false,ווג פריזון מנטול עשירייה,Unknown,,סיגריות ווג פריזון מנטול פקט 10 יח,Unknown,0.00,Unknown,false,1,395.00,0.0000,false,1,22879
5904941750312,false,"משקה אנרגיה BLU מוחיטו בודד 250 מ""ל",בני פאוזי שמשום (2009) בעמ,PL,בלו משקה אנרגיה מוגז 250 מל,מיליליטרים,250.00,"100 מ""ל",false,1,4.50,1.8000,true,1,26266
5904941751241,false,"משקה אנרגיה BLU דיי סיקס ללא סוכר 250 מ""ל",בני פאוזי שמשום (2009) בעמ,PL,בלו משקה אנרגיה מוגז 250 מל,מיליליטרים,250.00,"100 מ""ל",false,1,4.50,1.8000,true,1,50234
5904941751302,false,משקה אנרגיה בפחית בלו (250 מל),בני פאוזי שמשום (2009) בעמ,PL,בלו משקה אנרגיה מוגז 250 מל,מיליליטרים,250.00,"100 מ""ל",false,1,4.50,1.8000,true,1,18154
5904941751524,false,"משקה אנרגיה BLU DAY אבטיח בודד 250 מ""ל",בני פאוזי שמשום (2009) בעמ,PL,בלו משקה אנרגיה מוגז 250 מל,מיליליטרים,250.00,"100 מ""ל",false,1,4.50,1.8000,true,1,26267
5904941751715,false,משקה אנרגיה Blu פחיתבטעם חמוציות 250מל,בני פאוזי שמשום (2009) בעמ,PL,בלו משקה אנרגיה מוגז 250 מל,מיליליטרים,250.00,"100 מ""ל",false,1,4.50,1.8000,true,1,21993
5904941751920,false,בלו משקה אנרגיה דיי חצי מכמות הקלו250 מל,בני פאוזי שמשום (2009) בעמ,PL,בלו משקה אנרגיה מוגז 250 מל,מיליליטרים,250.00,"100 מ""ל",false,1,4.50,1.8000,true,1,25405
5904941752262,false,משקה אנרגיה בטעם לימון ליים ללא תוספת סוכר,בני פאוזי שמשום (2009) בעמ,PL,בלו משקה אנרגיה מוגז 250 מל,מיליליטרים,250.00,"100 מ""ל",false,1,4.50,1.8000,true,1,50233
5905643070852,false,פטל בסירופ קל 400 גר,,PL,פטל בסירופ קל 400 גרם,גרמים,400.00,100 גרם,false,1,12.90,3.2250,true,1,55532
5905643070869,false,אוכמניות כחולות בסיר,"קזברוק,ג'.א. קסול",PL,אוכ כחולות בסירופ קל 400 גרם,גרמים,400.00,100 גרם,false,1,12.90,3.2250,true,1,55534
5905643070883,false,תות שדה בסירופ קל 40,,PL,תות שדה בסירופ קל 400 גרם,גרמים,400.00,100 גרם,false,1,12.90,3.2250,true,1,55531
5905643070906,false,תערובת פירות בסירופ,העידן האורגני,,תערובת פירות בסירופ קל 400 גרם,גרמים,400.00,100 גרם,false,1,12.90,3.2250,true,1,55533
5906485301012,false,משקה אנרגיה XL מוגז פחית 250 מל,"טמפו משקאות בע""מ",IL,אקס אל אנרג'י דרינק משקה אנרגיה מוגז,מיליליטרים,250.00,"100 מ""ל",false,1,5.50,2.2000,true,1,15089
5906485301258,false,אקס אל משקה אנרגיה ק,"טמפו משקאות בע""\מ",,"משקה אנרגיה XL קרנברי 250 מ""ל",מיליליטרים,250.00,"100 מ""ל",false,1,5.50,2.2000,true,1,19633
5998623526739,false,יין גוורצטרמינר חצי מתוק סי גראס 750 מ,מ. אקרמן בעמ,HU,"יין גוורצטרמינר סי גראס 750 מ""ל",מיליליטרים,750.00,"100 מ""ל",false,1,49.90,6.6533,true,1,42258
6008165003984,false,סיגריות פאל מאל כחול סטרים פילט בודד,גלוברנדס בעמ - שיווק סיגריות,,סיגריות פאל מל כחול סטרים חפיסה בודד,לא מנהל יחידת מידה,0.00,לא מנהל יחידת מידה,false,1,30.50,0.0000,false,1,27174
6008165271192,false,סיגריות פאל מל ארוך אדום בודד,גלוברנדס בעמ - שיווק סיגריות,,סיגריות פאל מל ארוך אדום חפיסה בודד,לא מנהל יחידת מידה,0.00,לא מנהל יחידת מידה,false,1,30.50,0.0000,false,1,26554
6008165274629,false,פאל מאל כחול ארוך סטרים פילטר חפיסה,גלוברנדס בעמ - שיווק סיגריות,,סיגריות פאל מאל כחול ארוך סטרים חפיסה בו,לא מנהל יחידת מידה,0.00,לא מנהל יחידת מידה,false,1,30.50,0.0000,false,1,31830
6008165276098,false,סיגריות רוטמנס כחול,Unknown,,סיגריות רוטמנס כחול חפיסה בודד,Unknown,0.00,Unknown,false,1,28.20,0.0000,false,1,37540
6086142556654,false,פטרוזיליה אורגנית,מושב אחיטוב,IL,פטרוזיליה אורגני,גרמים,350.00,100 גרם,false,1,9.90,2.8286,true,1,52405
6086142556722,false,כוסברה אורגנית,מושב אחיטוב,IL,כוסברה אורגני,גרמים,350.00,100 גרם,false,1,9.90,2.8286,true,1,52406
6086142556890,true,בזיליקום אורגני,מושב אחיטוב,IL,בזיליקום אורגני,יחידה,1.00,יחידה,false,1,9.90,9.9000,true,1,52404
6086142557194,false,עלי חסה אורגניים 350,חקלאי,IL,עלי חסה אורגניים 350 גרם,גרמים,350.00,100 גרם,false,1,16.90,4.8286,true,1,52399
6253341100029,false,טחינה עאייש 100% שומ,עומר עאייש שכם,PS,טחינה עאייש 100% שומשום 450 גרם,גרמים,450.00,100 גרם,false,1,17.90,3.9778,true,1,47088
6910191800287,false,אצות נורי בלו 10 דף (ננגטונג),מזרח ומערב יבוא ושיווק,CN,אצות נורי בלו 10 דף,יחידה,60.00,יחידה,false,1,13.90,0.2317,true,1,53963
6912977000140,false,אטריות שעועית 250 גר' ( Yantai)ללא גלוטן(כ),מזרח ומערב יבוא ושיווק,CN,אטריות שעועית ללא גלוטן 250 גרם,גרמים,250.00,100 גרם,false,1,9.90,3.9600,true,1,53970
6921052701001,false,אצות וואקמה 40 גרם (רונגצ'אנג)(כ),מזרח ומערב יבוא ושיווק,TH,אצות וואקמה 40 גרם רונגצאנג,גרמים,40.00,100 גרם,false,1,10.90,27.2500,true,1,53978
6922276100083,false,מחית וואסבי -חזרת 43 גרם (דליאן),מזרח ומערב יבוא ושיווק,CN,מזרח ומערב מחית וואסבי-חזרת 43 גרם,גרמים,43.00,100 גרם,false,1,10.90,25.3488,true,1,53962
6928542902795,false,דפי רענון כחול 12 יח',שאטו בלוו,CN,פרש דפי ריענון כחול,לא מנהל יחידת מידה,0.00,לא מנהל יחידת מידה,false,1,7.90,0.0000,true,1,43870
6928542902801,false,פרש ד.רענון ספירמנט,שאטו בלוו,CN,פרש דפי ריענון מנטה ירוק,לא מנהל יחידת מידה,0.00,לא מנהל יחידת מידה,false,1,7.90,0.0000,true,1,43871
6928542902818,false,דפי רענון מנטה אדום,שאטו בלוו,CN,פרש דפי ריענון תות אדום,לא מנהל יחידת מידה,0.00,לא מנהל יחידת מידה,false,1,7.90,0.0000,true,1,43872
6936065464966,false,מטרייה ילדים סמי הכב,סיגו ינקו,,מטרייה ילדים סמי הכבאי,מיליליטרים,0.00,"100 מ""ל",false,1,19.90,0.0000,true,1,31988
6936065466502,false,מטריה ממותגת לילדים,סיגו ינקו,,מטריה ילדים,מיליליטרים,0.00,"100 מ""ל",false,1,19.90,0.0000,true,1,34203
6936745600462,false,"מירין 500 מ""ל (דאניינג)",מזרח ומערב יבוא ושיווק,CN,מזרח ומערב רוטב מירין לתיבול 500 מל,מיליליטרים,500.00,"100 מ""ל",false,1,21.90,4.3800,true,1,53967
6936745600783,false,"חומץ אורז מזרח מערב 500 מ""ל",מזרח ומערב יבוא ושיווק,CN,"חומץ אורז 500 מ""ל (דאניינג)",מיליליטרים,500.00,"100 מ""ל",false,1,17.90,3.5800,true,1,53979
6971060683264,false,ס.אלקטרונית ק.פרו 28,shenzhen hot technol,CN,ס.אלקטרונית ק.פרו 2800 שאיפות אפרסק,יחידה,1.00,יחידה,false,1,79.90,79.9000,false,1,53913
6973826700871,false,HQD ס.אלקטרונית אוכמ,shenzhen hot technol,CN,HQD ס.אלקטרונית אוכמניות 2000 שאיפות 1/12,יחידה,1.00,יחידה,false,1,109.90,109.9000,false,1,53377
6973826700895,false,HQD ס.אלקטרונית ענבי,shenzhen hot technol,CN,HQD ס.אלקטרונית ענבים 2000 שאיפות 1/12,יחידה,1.00,יחידה,false,1,109.90,109.9000,false,1,53380
6973826701014,false,HQD ס.אלקטרונית אבטי,shenzhen hot technol,CN,HQD ס.אלקטרונית אבטיח אייס 2000 שאיפות 1,לא מנהל יחידת מידה,0.00,לא מנהל יחידת מידה,false,1,109.90,0.0000,false,1,53379
6974706640027,false,סיגריה אלקטרונית סמא,shenzhen hot technol,CN,סיגריה אלקטרונית סמארט אבטיח אייס 3000 שאיפות,יחידה,1.00,יחידה,false,1,99.90,99.9000,true,1,55312
7038516140357,false,מברשת שיניים ג'ורדן טוטל סופט מארז 4 יחידות,מיוצר במלזיה עבור ג',NO,ג'ורדן מברשת שיניים רביעייה סופט,Unknown,0.00,Unknown,false,1,19.90,0.0000,true,1,29792
7070646288653,false,חטיף חלבון טעם קרמל מלוח,הרת'סייד פוד סולושיי,GB,מקס 100בטעם קרמל מלוח,גרמים,100.00,100 גרם,false,1,18.90,18.9000,true,1,52425
7262626055168,false,זוג קלפים ACE איכותי 6 קופסאות בדיספליי,,,חפיסת קלפי משחק,יחידה,1.00,יחידה,false,1,21.90,21.9000,true,1,49663
7271730901261,false,ווקי מאק ארוחת אטריות עם גבינה 156 גרם,ניו וורלד פסטה קומפנ,US,ארוחת אטריות עם רוטב גבינה,גרמים,156.00,100 גרם,false,1,12.90,8.2692,true,1,26196
7290000003337,true,רולר דביק לניקוי פרו,,,רולר דביק לניקוי פרווה,יחידה,1.00,יחידה,false,1,3.00,3.0000,true,1,41133
7290000008384,false,דונאטס במגוון טעמים,פילסברי,IL,דונאטס במגוון טעמים,יחידה,1.00,יחידה,false,1,8.50,8.5000,true,1,50335
7290000008759,false,מאפים פרימיום La Far,לה פרינה,IL,מאפים פרימיום La Farina,קילוגרמים,1.00,"ק""ג",true,,59.00,59.0000,true,1,47838
7290000023083,false,ערק אשקלון בקבוק 700,טמפו משקאות בע`מ,IL,"ערק אשקלון 40% בקבוק 700 מ""ל",מיליליטרים,700.00,"100 מ""ל",false,1,64.90,9.2714,true,1,28004
7290000023809,false,קלאסיק קברנה סובניון יקבי ברקן (750 מל),יקבי ברקן שיווק והפצה בע,IL,ברקן קלאסיק קברנה סוביניון יין אדום יבש 2015,מיליליטרים,750.00,"100 מ""ל",false,1,34.90,4.6533,true,1,3921
7290000023816,false,קלאסיק אמרלד ריזלינג יקבי ברקן (750 מל),יקבי ברקן שיווק והפצה בע,IL,ברקן קלאסיק אמרלד ריזלינג יין לבן חצי יבש 2016,מיליליטרים,750.00,"100 מ""ל",false,1,34.90,4.6533,true,1,3922
7290000023847,false,קלאסיק שרדונה יקבי ברקן (750 מל),יקבי ברקן שיווק והפצה בע,IL,"יין ברקן קלאסיק שרדונה 750 מ""ל",מיליליטרים,750.00,"100 מ""ל",false,1,34.90,4.6533,true,1,36172
7290000023960,false,"ברקן קלאסיק שיראז 750מ""ל",יקבי ברקן,IL,ברקן קלסיק שירז 2015 750 מל,מיליליטרים,750.00,"100 מ""ל",false,1,34.90,4.6533,true,1,8294
7290000023977,false,קלאסיק מרלו יקבי ברקן (750 מל),יקבי ברקן שיווק והפצה בע,IL,ברקן קלאסיק מרלו יין אדום יבש 2015 750 מל,מיליליטרים,750.00,"100 מ""ל",false,1,34.90,4.6533,true,1,3923
7290000024219,false,יין רזרב אמרלד ריזלינג 750 מל שביעית,טמפו משקאות בע`מ,,"יין ברקן רזרב אמרד ריזלינג 750 מ""ל",מיליליטרים,750.00,"100 מ""ל",false,1,54.90,7.3200,true,1,35975
7290000024523,false,"תירוש של סגל ,מיץ ענבים , 1 ליטר",כרמי צבי - האחים סגל,IL,מיץ ענבים תירוש סגל 1 ליטר,ליטרים,1.00,ליטר,false,1,15.90,15.9000,true,1,29805
7290000040042,false,יוגורט יופלה תות 3% שומן 150 גרם,"תנובה בע""מ ***",IL,יופלה יוגורט תות %3 גביע 150 גרם,גרמים,150.00,100 גרם,false,1,5.70,3.8000,true,1,3969
7290000040066,false,יוגורט יופלה דובדבן 3% שומן 150 גרם,תנובה מרכז שיתופי לש,IL,יופלה יוגורט דובדבן %3 גביע 150 גרם,גרמים,150.00,100 גרם,false,1,5.70,3.8000,true,1,3971
7290000040080,false,יוגורט יופלה אפרסק 3% שומן 150 גרם,"תנובה בע""מ ***",IL,יופלה יוגורט אפרסק %3 גביע 150 גרם,גרמים,150.00,100 גרם,false,1,5.70,3.8000,true,1,3972
7290000040301,false,תנובה עין גדי קממבר מחלב בקר 24% שומן,תנובה מרכז שיתופי לש,IL,קממבר 24%,גרמים,125.00,100 גרם,false,1,23.90,19.1200,true,1,3974
7290000040318,false,גבינת עדי ברי 24% קולאז` (125 גרם)קולקש,תנובה מרכז שיתופי לש,IL,גבינת ברי קולאז 125 גרם קולקשיין,גרמים,125.00,100 גרם,false,1,22.90,18.3200,true,1,3975
7290000040462,false,טוסטי גבינה בסגנון אמריקאי אדם 23% תנובה 200 גרם,תנובה מרכז שיתופי לש,IL,גבינה מותכת טוסטי 22% אדם 200 גרם,גרמים,200.00,100 גרם,false,1,20.90,10.4500,true,1,3977
7290000040974,false,חלב 2% דל לקטוז בקרטון תנובה (1 ליטר),תנובה מרכז שיתופי לש,IL,חלב תנובה דל לקטוז 2% שומן 1 ליטר,ליטרים,1.00,ליטר,false,1,7.50,7.5000,true,1,23282
7290000041445,false,קוטג תנובה גביע 250 גרם 5% בדצ,מיוצר עי קונדיטוריית,IL,קוטג תנובה גביע 250 גרם 5% בדצ,גרמים,250.00,100 גרם,false,1,5.70,2.2800,true,1,3989
7290000041858,false,"שמנת חמוצה 15% מועשרת יטבתה 200 מ""ל",שטראוס גרופ בעמ/מצונן,IL,שמנת חמוצה 15% מועשרת מהדרין,מיליליטרים,200.00,"100 מ""ל",false,1,2.40,1.2000,true,1,5511
7290000042435,false,חלב דל שומן 1% בקרטון תנובה (1 ליטר)פיק,תנובה מרכז שיתופי לש,IL,תנובה חלב טרי 1% שומן,ליטרים,1.00,ליטר,false,1,5.86,5.8600,true,1,4000
7290000042442,false,"חלב תנובה טרי 3% ""תנובה"" - מוצר בפיקוח",תנובה בעמ ***,IL,תנובה חלב טרי 3% שומן,ליטרים,1.00,ליטר,false,1,6.23,6.2300,true,1,4001
7290000042640,false,"חלב תנובה עמיד 3% קרטון 250 מ""ל",תנובה מרכז שיתופי לש,IL,תנובה חלב עמיד 3% שומן 250 מל,מיליליטרים,250.00,"100 מ""ל",false,1,3.20,1.2800,true,1,4221
7290000042855,false,"שוקו בשקית 250 מ""ל ""יטבתה""",שטראוס גרופ בעמ/מצונן,,"שוקו יטבתה בשקית 225 מ""ל",מיליליטרים,225.00,"100 מ""ל",false,1,2.60,1.1556,true,1,4007
7290000043012,false,"שוקו עמיד 2% בקרטון 250 מ""ל תנובה",תנובה מרכז שיתופי לש,IL,תנובה שוקו עמיד 2% שומן 250 מל,מיליליטרים,250.00,"100 מ""ל",false,1,5.90,2.3600,true,1,4008
7290000043111,false,תנובה חמאה 200 גרם - מוצר בפיקוח,תנובה מרכז שיתופי לש,IL,חמאה תנובה 200 גרם,גרמים,200.00,100 גרם,false,1,8.50,4.2500,true,1,4009
7290000043814,false,השף הלבן שמנת להקצפה 38% שומן 250 מל - מוצר בפיקוח,תנובה מרכז שיתופי לש,IL,השף הלבן שמנת להקצפה 38% שומן 250 מל,מיליליטרים,250.00,"100 מ""ל",false,1,6.47,2.5880,true,1,4011
7290000043890,false,תנובה רויון לבן מחלב מפסוטר 1.5%,תנובה מרכז שיתופי לש,IL,תנובה רויון לבן מחלב מפסוטר 1.5% 1 ליטר,ליטרים,1.00,ליטר,false,1,12.60,12.6000,true,1,4013
7290000044712,false,יוגורט עם תות 1.5% שומן 500 ג' פרילי,מיוצר עי קונדיטוריית,IL,"פרילי תות 500 מ""ל",מיליליטרים,500.00,"100 מ""ל",false,1,12.90,2.5800,true,1,4017
7290000044880,false,יוגורט בטעם תות שדה 3% באדי (500 גרם),מיוצר עי קונדיטוריית,IL,"באדי תות 3% 500 מ""ל",מיליליטרים,500.00,"100 מ""ל",false,1,10.90,2.1800,true,1,4018
7290000045580,false,גבינה מותכת נעמה חורש תנובה 240 גרם,תנובה מרכז שיתופי לש,IL,נעמה גבינה מותכת משולשים 25% שומן,גרמים,240.00,100 גרם,false,1,20.90,8.7083,true,1,4020
7290000045917,false,תנובה פרומעז גבינה מותכת מחלב עיזים 23% שומן,תנובה בעמ ***,IL,תנובה פרומעז גבינה מותכת מחלב עיזים 23% שומן,גרמים,200.00,100 גרם,false,1,28.90,14.4500,true,1,4021
7290000046327,false,גלבוע גבינה צהובה פרוסה 22% תנובה 200 גרם,תנובה מרכז שיתופי לש,IL,גלבוע גבינה צהובה חצי קשה פרוס 22% שומן,גרמים,200.00,100 גרם,false,1,14.50,7.2500,true,1,4023
7290000047546,false,השף הלבן כנען גבינה לבנה דלת נתרן 5% תנובה 500 גרם,תנובה מרכז שיתופי לש,IL,גבינה כנען500 גרם 5% שומן,גרמים,500.00,100 גרם,false,1,26.90,5.3800,true,1,43029
7290000047621,false,גבינה לבנה רכה 5% תנובה 250ג' מהדרין,תנובה מרכז שיתופי לש,IL,גבינה לבנה 5% 250 גרם בדצ,גרמים,250.00,100 גרם,false,1,4.98,1.9920,true,1,23827
7290000048185,false,גבינה לבנה 5% תנובה 250 גרם מהדרין,מיוצר עי קונדיטוריית,IL,גבינה למריחה 5% תנובה פיקוח 250 גרם,גרמים,250.00,100 גרם,false,1,4.98,1.9920,true,1,4028
7290000048192,false,גבינה לבנה 9% תנובה 250 גרם מהדרין,מחלבת אלון תבור,IL,גבינה למריחה 9% תנובה 250 גרם,גרמים,250.00,100 גרם,false,1,4.90,1.9600,true,1,4029
7290000048307,false,קוטג' 5% עם זתים 250 ג' תנובה,מיוצר עי קונדיטוריית,IL,קוטג 5% זיתים 250 גרם,גרמים,250.00,100 גרם,false,1,6.10,2.4400,true,1,4030
7290000048437,false,גבינת צפתית (2005% גרם)פיראוס תנובה,פארייפאבה אגרואינדוס,IL,גבינה צפתית 5% שומן,גרמים,200.00,100 גרם,false,1,16.50,8.2500,true,1,4033
7290000049458,false,גבינה בולגרית עיזים (25016% גרם)פיראוס,תנובה מרכז שיתופי לש,IL,פיראוס פטה עיזים 16% שומן,גרמים,250.00,100 גרם,false,1,30.90,12.3600,true,1,6488
7290000050447,false,"יוגורט ביו בטעם תות YYY יופלה 500 מ""ל",מיוצר עי קונדיטוריית,IL,יופלה תות 3% גביע 500 גרם,גרמים,500.00,100 גרם,false,1,14.50,2.9000,true,1,19177
7290000050454,false,יוגורט ביו 3% אפרסק יופלה (500 גרם),מיוצר עי קונדיטוריית,IL,יופלה אפרסק 3% גביע 500 גרם,גרמים,500.00,100 גרם,false,1,14.50,2.9000,true,1,19599
7290000051352,false,חלב מלא בטעם של פעם 3.4% תנובה קרטון 1 ל',הרדוף תוצרת מזון אור,IL,חלב מלא בטעם של פעם 3.8% שומן 1 ליטר,ליטרים,1.00,ליטר,false,1,8.20,8.2000,true,1,19981
7290000051376,false,יוגורט יופלה דיאט אננס 0% שומן 150 גרם,תנובה מרכז שיתופי לש,IL,יופלה דיאט אננס גביע 150 גרם,גרמים,150.00,100 גרם,false,1,5.70,3.8000,true,1,20556
7290000051710,false,פיראוס גבינת לאבנה אסלית על בסיס יוגורט תנובה 263 גרם,"תנובה, מחלבת אלון תב",IL,פיראוס לאבנה אסלית עם שמן זית וזעתר על בסיס יוגורט,גרמים,263.00,100 גרם,false,1,15.50,5.8935,true,1,34380
7290000052311,false,גבינה צהובה עמק לייט 15% שומן 200 גרם,תנובה מרכז שיתופי לש,IL,עמק פרוסות גבינה צהובה חצי קשה 15% מופחתת שומן,גרמים,200.00,100 גרם,false,1,17.90,8.9500,true,1,22088
7290000055015,false,פיראוס גבינת פטה כבשים 5% תנובה 250 גרם,תנובה מחלבת טנא נוגה,IL,פיראוס פטה כבשים גבינה מלוחה 5% שומן,גרמים,250.00,100 גרם,false,1,30.90,12.3600,true,1,26516
7290000055206,false,גבינה לבנה 5% בטעם בצל מטוגן 250 ג' תנובה,מחלבת אלון תבור,IL,גבינה לבנה 5% בצל מטוגן 250 גרם,גרמים,250.00,100 גרם,false,1,6.20,2.4800,true,1,24552
7290000055336,false,"משקה יוגורט 1.5% בטעם בננה אפרסק יופלה 250 מ""ל",תנובה מרכז שיתופי לש,IL,"משקה יוגורט יופלה בננה אפרסק 250 מ""ל",מיליליטרים,250.00,"100 מ""ל",false,1,6.20,2.4800,true,1,23846
7290000055343,false,משקה יוגורט יופלה פירות טרופיים 250 גרם,תנובה מרכז שיתופי לש,IL,"משקה יוגורט יופלה טרופי 250 מ""ל",מיליליטרים,250.00,"100 מ""ל",false,1,6.20,2.4800,true,1,23847
7290000055565,false,מאגדת מצופים שוקו בננה 8+2,נגה גלידות שותפות מוגבלת,IL,נסט.שוקו.בננ.בדצ מאח7 5*55ג+5*65ג,גרמים,600.00,100 גרם,false,1,34.90,5.8167,true,1,4048
7290000055893,false,חמאה משמנת מפוסטרת 200גרם 82% כ.מהדרין - מוצר בפיקוח,תנובה מרכז שיתופי לש,IL,חמאה תנובה 200 גרם,גרמים,200.00,100 גרם,false,1,8.50,4.2500,true,1,35227
7290000056272,false,גבינה לבנה 5% עם זיתים ירוקים 250 ג' תנובה,תנובה מרכז שיתופי לש,IL,גבינה לבנה 5% זיתים 250 גרם,גרמים,250.00,100 גרם,false,1,6.20,2.4800,true,1,24554
7290000056845,false,תנובה חלב טרי 3% שומן 1.5 ליטר - מוצר בפיקוח,פארייפאבה אגרואינדוס,IL,תנובה חלב טרי 3% שומן אריזת נוחות,ליטרים,1.50,ליטר,false,1,9.34,6.2267,true,1,24975
7290000057088,false,עמק גבינה צהובה פרוסה דק דק 28% תנובה 200 גרם,תנובה מרכז שיתופי לש,IL,גבינה עמק 28% דק 200 גרם,גרמים,200.00,100 גרם,false,1,17.90,8.9500,true,1,34575
7290000057118,false,גבינה צהובה עמק 28% שומן ואקום 400 גרם,תנובה מרכז שיתופי לש,IL,גבינת עמק קלאסית חצי קשה פרוסות 28% שומן,גרמים,400.00,100 גרם,false,1,23.90,5.9750,true,1,28724
7290000057132,false,יוגורט תנובה טבעי 1.5% גביע 200 גרם,מחלבת אלון תבור,IL,יוגורט ביו 1.5% תנובה 200 גרם,גרמים,200.00,100 גרם,false,1,3.50,1.7500,true,1,26178
7290000057149,false,יוגורט תנובה טבעי 3% גביע 200 גרם,מיוצר עי קונדיטוריית,IL,יוגורט ביו 3% תנובה 200 גרם,גרמים,200.00,100 גרם,false,1,3.20,1.6000,true,1,26179
7290000057552,false,יופלה דיאט עוגת גבינה ותות 0% גביע 150ג',תנובה - חלב,IL,יוגורט יופלה דיאט ע.גבינה ותות 150 גרם,גרמים,150.00,100 גרם,false,1,5.50,3.6667,true,1,25761
7290000058580,false,קוקילידה בטעם וניל עם עוגיות שוקולד גלידות נסטלה 80 גרם,נגה גלידות שותפות מוגבלת,IL,נסטלה קוקילידה 28*80גרם,גרמים,80.00,100 גרם,false,1,9.90,12.3750,true,1,4232
7290000060071,false,אוסם - חטיפי פריכונים מאורז מלא קלוי 80גר,קבוצת אוסם סחר שותפות מוגבלת,IL,אסם חטיפי פריכונים טבעי 12*80גרם,גרמים,80.00,100 גרם,false,1,8.50,10.6250,true,1,4051
7290000060088,false,בייגלה מקלות עם מלח אסם (400 גרם),קבוצת אוסם סחר שותפות מוגבלת,IL,אסם בייגלה מקלות מלוחים 12*400גרם,גרמים,400.00,100 גרם,false,1,14.50,3.6250,true,1,19151
7290000060163,false,פסטה אסם אטריות דקות 400גר,קבוצת אוסם סחר שותפות מוגבלת,IL,אסם אטריות דקות 12*400גרם,גרמים,400.00,100 גרם,false,1,8.90,2.2250,true,1,4052
7290000060200,false,פסטה אסם פתיתים אפויים קוסקוס 500גר,קבוצת אוסם סחר שותפות מוגבלת,IL,פתיתים אפויים קוסקוס 500 גרם,גרמים,500.00,100 גרם,false,1,7.90,1.5800,true,1,4053
7290000060781,false,פרומנטי פתיתים מסולסלים אוסם,קבוצת אוסם סחר שותפות מוגבלת,IT,אסם פסטה מסולסלים לאחר הפסח 12*500גרם,גרמים,500.00,100 גרם,false,1,6.90,1.3800,true,1,8353
7290000060811,false,טילון אקסטרים מטבע ענק שוקולד נסטלה 120 גרם,תות תעשיות מזון (201,IL,אקסטרים ענק מטבע שוקולד 18*120גרם,גרמים,141.00,100 גרם,false,1,9.90,7.0213,true,1,26040
7290000060828,false,פסטה קרניים בינוניות אסם (500 גרם),קבוצת אוסם סחר שותפות מוגבלת,IT,אסם פסטה קרניים בינוניות 12*500גרם,גרמים,500.00,100 גרם,false,1,6.90,1.3800,true,1,8354
7290000060880,false,פסטה ספגטי מספר 8 אסם 500 גרם,קבוצת אוסם סחר שותפות מוגבלת,IT,ספגטי אסם 500 גרם,גרמים,500.00,100 גרם,false,1,6.90,1.3800,true,1,7173
7290000060903,false,פסטה אסם פתיתים אפויים אורז 500גר,קבוצת אוסם סחר שותפות מוגבלת,IL,אסם פתיתים אפויים אורז 12*500גרם,גרמים,500.00,100 גרם,false,1,7.90,1.5800,true,1,4917
7290000060958,false,אטריות מובחרות בינוניות אסם (400 גרם),קבוצת אוסם סחר שותפות מוגבלת,IL,אסם אטריות בינוניות 12*400גרם,גרמים,400.00,100 גרם,false,1,8.90,2.2250,true,1,4063
7290000060965,false,פסטה אסם אטריות רחבות 400גר,קבוצת אוסם סחר שותפות מוגבלת,IL,אסם אטריות רחבות 12*400גרם,גרמים,400.00,100 גרם,false,1,8.90,2.2250,true,1,4064
7290000060972,false,פסטה אסם אטריות דקיקות 400 גרם,קבוצת אוסם סחר-שות.מוגבלת,IT,אסם אטריות דקיקות 12*400גרם,גרמים,400.00,100 גרם,false,1,8.90,2.2250,true,1,4065
7290000061061,false,קרקר חיטה עם בצל אסם,קבוצת אוסם סחר שותפות מוגבלת,IL,אסם קרקר בצל 12*250גרם,גרמים,250.00,100 גרם,false,1,11.90,4.7600,true,1,4068
7290000061764,false,קפה נמס מגורען רד מאג 200 גרם,קבוצת אוסם סחר שותפות מוגבלת,ES,נסקפה רד מאג טעם חדש 6*200גרם2017,גרמים,200.00,100 גרם,false,1,27.90,13.9500,true,1,4073
7290000062952,false,אוסם - מיני קרוטונים למרק ולסלט 250 גרם,קבוצת אוסם סחר שותפות מוגבלת,IL,אסם מיני קרוטונים למרק וסלט 12*250גרם,גרמים,250.00,100 גרם,false,1,18.90,7.5600,true,1,24299
7290000063140,false,שקדי מרק רכיבים טבעיים בשקית 400 ג' אסם,קבוצת אוסם סחר שותפות מוגבלת,IL,אסם שקדי מרק רכיבים טבעיים 12*400גרם,גרמים,400.00,100 גרם,false,1,14.90,3.7250,true,1,4080
7290000063157,false,"קמח עוגה תופח מאליו אסם 1 ק""ג",קבוצת אוסם סחר שותפות מוגבלת,IL,"קמח תופח מאליו 1 ק""ג אסם",קילוגרמים,1.00,"ק""ג",false,1,10.30,10.3000,true,1,4081
7290000064758,false,קוסקוס בינוני אמיתי אסם 350 ג',קבוצת אוסם סחר שותפות מוגבלת,IL,אסם קוסקוס אמיתי 12*350גרם,גרמים,350.00,100 גרם,false,1,9.90,2.8286,true,1,4240
7290000064871,false,"אוסם - מנה חמה פירה תפו""א עם בצל 56 גרם",קבוצת אוסם סחר שותפות מוגבלת,IL,מנה חמה פירה תפוא.ובצל 12*56גרם,גרמים,56.00,100 גרם,false,1,7.90,14.1071,true,1,7557
7290000065090,false,מיני קרוטונים מתובלים למרק ולסלט אסם 400 גרם,קבוצת אוסם סחר שותפות מוגבלת,IL,אסם מיני קרוטונים למרק וסלט 12*400גרם,גרמים,400.00,100 גרם,false,1,27.90,6.9750,true,1,4089
7290000065540,false,אוסם - מנה חמה פסטה מוקרמת בטעם עוף 55 גרם,קבוצת אוסם סחר שותפות מוגבלת,IL,מנה חמה פסטה מוקרמת בדץ 12*55גרם,גרמים,55.00,100 גרם,false,1,7.90,14.3636,true,1,4091
7290000065557,false,אוסם - מנה חמה קוסקוס עם ירקות 84 גרם,קבוצת אוסם סחר שותפות מוגבלת,IL,מנה חמה קוסקוס וירקות בדצ 12*84גרם,גרמים,84.00,100 גרם,false,1,7.90,9.4048,true,1,4092
7290000065977,false,אסם חטיפי פריכונים תירס שומשום 80 גרם,קבוצת אוסם סחר שותפות מוגבלת,IL,אסם חטיפי פריכונים תירס 12*80גרם,גרמים,80.00,100 גרם,false,1,8.50,10.6250,true,1,21795
7290000066189,false,ביסלי חטיף בטעם פלאפל אסם (200 גרם),קבוצת אוסם סחר שותפות מוגבלת,IL,ביסלי פלאפל 25*200גרם,גרמים,200.00,100 גרם,false,1,10.90,5.4500,true,1,4099
7290000066196,false,ביסלי חטיף בטעם גריל אסם (200 גרם),קבוצת אוסם סחר שותפות מוגבלת,IL,ביסלי גריל 25*200גרם,גרמים,200.00,100 גרם,false,1,10.90,5.4500,true,1,4100
7290000066226,false,ביסלי חטיף בטעם פיצה אסם (200 גרם),קבוצת אוסם סחר שותפות מוגבלת,IL,ביסלי פיצה 25*200גרם,גרמים,200.00,100 גרם,false,1,10.90,5.4500,true,1,4103
7290000066264,false,דובונים חטיף תפוחי אדמה אסם (40 גרם),קבוצת אוסם סחר שותפות מוגבלת,IL,חטיף דובונים 40 גרם,גרמים,40.00,100 גרם,false,1,4.90,12.2500,true,1,4104
7290000066295,false,אסם במבה תות מחומרים טבעיים 30גר,קבוצת אוסם סחר שותפות מוגבלת,IL,במבה מתוקה מחומרים טבעיים 40*30גרם,גרמים,30.00,100 גרם,false,1,3.50,11.6667,true,1,35910
7290000066332,false,אפרופו חטיף תירס אסם (50 גרם),קבוצת אוסם סחר שותפות מוגבלת,IL,אפרופו 36*50גרם,גרמים,50.00,100 גרם,false,1,5.90,11.8000,true,1,4108
7290000066349,false,אפרופו חטיף תירס אסם (100 גרם),קבוצת אוסם סחר-שות.מוגבלת,IL,אפרופו 20*100גרם,גרמים,100.00,100 גרם,false,1,9.90,9.9000,true,1,4109
7290000067070,false,עוג.מיני ממולא.שוקולד300,קבוצת אסם סחר שות. מוגבלת,IL,אסם עוגיות מיני ממולאות שוקולד 6*300גרם,גרמים,300.00,100 גרם,false,1,13.90,4.6333,true,1,4114
7290000067544,false,פירורית זהב פירורי לחם אסם 200 גרם,קבוצת אוסם סחר שותפות מוגבלת,IL,אסם פירורית פירורי לחם זהב 12*200גרם,גרמים,200.00,100 גרם,false,1,7.50,3.7500,true,1,4117
7290000067599,false,מנה חמה ספגטי ברוטב בולונז אסם 65 גרם,קבוצת אוסם סחר שותפות מוגבלת,IL,מנה חמה ספגטי בולונז 12*65גרם,גרמים,65.00,100 גרם,false,1,7.90,12.1538,true,1,4118
7290000067735,false,פרפקטו ניוקי בצקיות תפוחי אדמה 500 ג' אסם,קבוצת אוסם סחר שותפות מוגבלת,IT,ניוקי בצקיות מתפוח אדמה בואקום 500 גרם,גרמים,500.00,100 גרם,false,1,15.90,3.1800,true,1,4120
7290000068138,false,אינסטנט פודינג בטעם וניל אסם 80 גרם,קבוצת אוסם סחר שותפות מוגבלת,IL,אסם פודינג אינסטנט וניל 12*80גרם,גרמים,80.00,100 גרם,false,1,6.50,8.1250,true,1,4121
7290000068190,false,אסם ג'לי תות שדה צבעים טבעיים 90 גרם,קבוצת אוסם סחר שותפות מוגבלת,IL,אסם ג'לי תות שדה צבעים טבעיים 12*90גרם,גרמים,90.00,100 גרם,false,1,7.50,8.3333,true,1,4123
7290000068206,false,אסם ג'לי משמש צבעים טבעיים 85 גרם,קבוצת אוסם סחר שותפות מוגבלת,IL,אסם ג'לי משמש צבעים טבעיים 12*85גרם,גרמים,85.00,100 גרם,false,1,7.50,8.8235,true,1,4124
7290000068237,false,אבקה להכנת ג`לי בטעם פטל אסם (85 גרם),קבוצת אוסם סחר שותפות מוגבלת,IL,אסם ג'לי פטל צבעים טבעיים 12*85גרם,גרמים,85.00,100 גרם,false,1,7.50,8.8235,true,1,4125
7290000068343,false,אוסם - פירכונים מאורז מלא 140 גרם,קבוצת אוסם סחר שותפות מוגבלת,IL,אסם פריכונים מאורז מלא 12*140גרם,גרמים,140.00,100 גרם,false,1,8.50,6.0714,true,1,4127
7290000068701,false,אסם שקדי מרק רכיבים טבע.מיכל 400 גרם,קבוצת אוסם סחר שותפות מוגבלת,IL,אסם שקדי מרק רכיבים טבע.מיכל 10*400גרם,גרמים,400.00,100 גרם,false,1,17.90,4.4750,true,1,4128
7290000068787,false,במבה יום הולדת חטיף בוטנים אסם 25 גרם,קבוצת אוסם סחר שותפות מוגבלת,IL,במבה יום הולדת כלפ.108*25גרם,גרמים,25.00,100 גרם,false,1,2.90,11.6000,true,1,4129
7290000069968,false,קמח תופח לעוגה 200 גרם כשלפ,"אסם השקעות בע""\מ",,"קמח עוגה תופח מאליו אסם כשל""פ 200 גרם",גרמים,200.00,100 גרם,false,1,8.40,4.2000,true,1,4135
7290000070308,false,אבקת מרק עוף אמיתי בשרי אסם 400 גרם,קבוצת אוסם סחר שותפות מוגבלת,IL,אסם מרק עוף אמיתי חתם סופר כלפ.6*400גרם,גרמים,400.00,100 גרם,false,1,25.90,6.4750,true,1,4137
7290000071008,false,בייגלה שטוחים טבעות עם מלח אסם (60 גרם),קבוצת אוסם סחר שותפות מוגבלת,IL,אסם בייגלה שטוחים מלח 24*60גרם,גרמים,60.00,100 גרם,false,1,4.50,7.5000,true,1,22686
7290000072067,false,במבה חטיף בוטנים במילוי קרם חלבה 60 גרם,קבוצת אסם סחר שות. מוגבלת,IL,במבה במילוי קרם חלבה כשלפ 60 גרם,גרמים,60.00,100 גרם,false,1,4.90,8.1667,true,1,20872
7290000072623,false,קטשופ אסם בקבוק לחיץ 750 גרם,קבוצת אוסם סחר שותפות מוגבלת,IL,אסם קטשופ בקבוק לחיץ 9*750גרם-חדש,גרמים,750.00,100 גרם,false,1,11.90,1.5867,true,1,4149
7290000072630,false,קטשופ אסם חריף 750 גרם-בקבוק,קבוצת אוסם סחר שותפות מוגבלת,IL,אסם קטשופ חריף כלפ.9*750גרם 2015,גרמים,750.00,100 גרם,false,1,15.90,2.1200,true,1,4150
7290000072753,false,קפה נמס מגורען טסטרס צ'ויס 200 גרם-,קבוצת אוסם סחר שותפות מוגבלת,,טייסטרס צ'וייס 12*200גרם,גרמים,200.00,100 גרם,false,1,34.90,17.4500,true,1,4153
7290000072777,false,קפה נמס מגורען נטול קפאין טסטרס צ'ויס 200 גרם,קבוצת אוסם סחר שותפות מוגבלת,,טייסטרס צוייס נטול קופאין 12*200גרם,גרמים,200.00,100 גרם,false,1,49.50,24.7500,true,1,4720
7290000072968,false,דגני בוקר סיני מיניס חיטה מלאה וקינמון נסטלה 500 גרם,קבוצת אוסם סחר-שות.מוגבלת,PL,דגני סיני מיניס קינמון 500 גרם,גרמים,500.00,100 גרם,false,1,27.90,5.5800,true,1,4159
7290000073125,false,מנה חמה פסטה ברוטב עגבניות אסם (62 גרם),קבוצת אוסם סחר שותפות מוגבלת,IL,מנה חמה פסטה עם עגבניות ר.טבע. בדץ12*62ג,גרמים,62.00,100 גרם,false,1,7.90,12.7419,true,1,4162
7290000073699,false,סלט חומוס צבר 150 גרם,קבוצת אוסם סחר שותפות מוגבלת,IL,סלטי צבר חומוס חלק 6*150גרם,גרמים,150.00,100 גרם,false,1,5.90,3.9333,true,1,26233
7290000074153,false,ביסקוויט פתי בר שוקולד אסם (500 גרם),קבוצת אוסם סחר שותפות מוגבלת,IL,אסם פתי בר שוקו 12*500גרם,גרמים,500.00,100 גרם,false,1,11.90,2.3800,true,1,4166
7290000074184,false,ביסקוויט פתי בר אסם (500 גרם),קבוצת אוסם סחר שותפות מוגבלת,IL,ביסקוויט פתיבר 500 גרם,גרמים,500.00,100 גרם,false,1,11.90,2.3800,true,1,4168
7290000074245,false,אוסם - קרם קרקר אסם 250 גרם,קבוצת אוסם סחר שותפות מוגבלת,IL,אסם קרם קרקר 12*250גרם,גרמים,250.00,100 גרם,false,1,11.90,4.7600,true,1,4169
7290000074252,false,אסם קרקר שומשום 250 גרם,קבוצת אוסם סחר שותפות מוגבלת,IL,אסם קרקר שומשום 12*250גרם,גרמים,250.00,100 גרם,false,1,11.90,4.7600,true,1,4170
7290000074276,false,קרקר פיקנטי טבעון 250 ג' אסם,קבוצת אוסם סחר שותפות מוגבלת,IL,אסם קרקר פיקנטי 12*250גרם,גרמים,250.00,100 גרם,false,1,11.90,4.7600,true,1,4171
7290000074375,false,אוסם - קרקר זהב 150 גרם,קבוצת אוסם סחר שותפות מוגבלת,IL,אסם קרקר זהב 12*150גרם,גרמים,150.00,100 גרם,false,1,7.90,5.2667,true,1,4175
7290000075204,false,קרקר לחמית חיטה מלאה אסם (250 גרם),קבוצת אוסם סחר שותפות מוגבלת,IL,לחמית חיטה מלאה 10*250גרם חדש,גרמים,250.00,100 גרם,false,1,10.90,4.3600,true,1,4179
7290000075693,false,עוגת הבית שמרים בריוש שוקולד אסם 360 גרם,קבוצת אסם סחר שות. מוגבלת,IL,הבית עוגת שמרים בריוש שוקולד 8*360גרם,גרמים,360.00,100 גרם,false,1,21.90,6.0833,true,1,20711
7290000076133,false,בייגלה שמיניות קטנות עם מלח אסם 400 גרם,קבוצת אוסם סחר שותפות מוגבלת,IL,אסם בייגלה שמיניות קטנות 12*400גרם,גרמים,400.00,100 גרם,false,1,13.90,3.4750,true,1,8255
7290000077017,false,עוגיות קרמוגית במילוי קרם שוקולד אסם 200 גרם,קבוצת אוסם סחר שותפות מוגבלת,IL,אסם קרמוגית במילוי שוקולד 12*200גרם,גרמים,200.00,100 גרם,false,1,14.50,7.2500,true,1,4184
7290000077253,false,אוסם - לחמית כפרית עם דגנים מלאים 190 גרם,קבוצת אסם סחר שות. מוגבלת,IL,לחמית כפרית 12*190גרם,גרמים,190.00,100 גרם,false,1,11.90,6.2632,true,1,22127
7290000078212,false,קרוטונים מתובלים למרק אסם (250 גרם),קבוצת אוסם סחר שותפות מוגבלת,IL,אסם קרוטונים מתובלים 12*250גרם,גרמים,250.00,100 גרם,false,1,17.90,7.1600,true,1,4190
7290000078762,false,אוסם - חטיפי פריכונים מאורז מלא בטעם דבש 80גר,קבוצת אוסם סחר-שות.מוגבלת,,אסם חטיפי פריכונים אורז ודבש 14*80גרם,גרמים,80.00,100 גרם,false,1,8.50,10.6250,true,1,4192
7290000081663,false,"בייגלה טבעות שומשום אסם 300 גרם בד""ץ",קבוצת אוסם סחר שותפות מוגבלת,IL,אסם בייגלה טבעות שומשום 12*300גרם,גרמים,300.00,100 גרם,false,1,14.50,4.8333,true,1,8047
7290000085180,false,גטניו פתי בר וניל 470 גרם,"אחים גטניו בע""מ",,ביסקוויט פתיבר וניל גטניו 470 גרם,גרמים,470.00,100 גרם,false,1,10.90,2.3191,true,1,27648
7290000100128,false,פירות קפואים תות 300 גר`סנפרוסט,תנובה ענף ב.ע.ד,IL,פירות קפואים תות,גרמים,300.00,100 גרם,false,1,19.90,6.6333,true,1,39890
7290000100135,false,פירות קפואים סנפרוסט דובדבן 300 גר,תנובה ענף ב.ע.ד,IL,פירות קפואים דובדבן,גרמים,300.00,100 גרם,false,1,19.90,6.6333,true,1,39891
7290000100142,false,סמודיז צהוב סנפרוסט 300 גר,"איי, בי, אינבוו",IL,סמוטיז צהוב 300 גרם,גרמים,300.00,100 גרם,false,1,19.90,6.6333,true,1,39894
7290000101927,false,אוכמניות כחולות מוקפאות סנפרוסט 300 גרם,תנובה ענף ב.ע.ד,IL,אוכמניות כחולות מוקפאות 300 גרם,גרמים,300.00,100 גרם,false,1,19.90,6.6333,true,1,36974
7290000101934,false,מיקס פירות יער מוקפאים 300 גר סנפרוסט,"איי, בי, אינבוו",IL,תערובת פירות יער 300 גרם,גרמים,300.00,100 גרם,false,1,19.90,6.6333,true,1,36975
7290000101941,false,אננס חתוך מוקפא סנפרוסט (300 גרם),תנובה ענף ב.ע.ד,IL,אננס מוקפא 300 גרם,גרמים,300.00,100 גרם,false,1,19.90,6.6333,true,1,36973
7290000101958,false,מנגו חתוך מוקפא סנפרוסט (300 גרם),תנובה ענף ב.ע.ד,IL,מנגו מוקפא 300 גרם,גרמים,300.00,100 גרם,false,1,19.90,6.6333,true,1,36912
7290000101989,false,דובדבן חמוץ סנפרוסט 300ג',"סנפרוסט בע""\מ",IL,דובדבן חמוץ 300גרם,גרמים,300.00,100 גרם,false,1,19.90,6.6333,true,1,42169
7290000103365,false,מרק ירקות עשיר סנפרוסט (550 גרם),תנובה מרכז שיתופי לשיווק תוצרת,IL,מרק ירקות סנפרוסט 550 גרם,גרמים,550.00,100 גרם,false,1,20.90,3.8000,true,1,25699
7290000103433,false,"לקט ירקות לתנור 800 גרם ""סנפרוסט""",תנובה מרכז שיתופי לשיווק תוצרת,IL,פסטיבל ירקות לתנור 800 גרם סנפרוסט,גרמים,800.00,100 גרם,false,1,26.90,3.3625,true,1,34036
7290000104201,false,אפונה עדינה מוקפאת סנפרוסט (600 גרם),"איי, בי, אינבוו",IL,אפונה עדינה סנפרוסט 600 גרם,גרמים,600.00,100 גרם,false,1,20.90,3.4833,true,1,7
7290000104676,false,אפונה קפואה סנפרוסט 800 גרם,תנובה מרכז שיתופי לשיווק תוצרת,IL,אפונת גינה 800 גרם סנפרוסט,גרמים,800.00,100 גרם,false,1,20.90,2.6125,true,1,9
7290000104683,false,שעועית ירוקה שלמה סנפרוסט (800 גרם),תנובה מרכז שיתופי לשיווק תוצרת,IL,שעועית ירוקה שלמה סנפרוסט 800גרם,גרמים,800.00,100 גרם,false,1,23.90,2.9875,true,1,10
7290000104690,false,גרעיני תירס מוקפאים סנפרוסט (800 גרם),תנובה מרכז שיתופי לשיווק תוצרת,IL,תירס גרעינים סנפרוסט 800גרם,גרמים,800.00,100 גרם,false,1,21.50,2.6875,true,1,11
7290000104706,false,גזר גמדי מוקפא סנפרוסט (800 גרם),תנובה מרכז שיתופי לשיווק תוצרת,IL,גזר גמדי 800 גרם,גרמים,800.00,100 גרם,false,1,19.90,2.4875,true,1,12
7290000104720,false,שעועית ירוקה חתוכה סנפרוסט (800 גרם),תנובה מרכז שיתופי לשיווק תוצרת,IL,שעועית ירוקה חתוכה סנפרוסט 800גרם,גרמים,800.00,100 גרם,false,1,23.90,2.9875,true,1,14
7290000104744,false,כרובית מוקפאת סנפרוסט (800 גרם),תנובה מרכז שיתופי לשיווק תוצרת,IL,כרובית 800 גרם סנפרוסט,גרמים,800.00,100 גרם,false,1,26.90,3.3625,true,1,5315
7290000104775,false,מדליוני תרד סנפרוסט (800 גרם),תנובה מרכז שיתופי לשיווק תוצרת,IL,מדליוני תרד 800 גרם,גרמים,800.00,100 גרם,false,1,29.90,3.7375,true,1,5328
7290000104799,false,שעועית לבנה מבושלת סנפרוסט (800 גרם),תנובה מרכז שיתופי לשיווק תוצרת,IL,שעועית לבנה מבושלת קפואה 800 גרם,גרמים,800.00,100 גרם,false,1,22.90,2.8625,true,1,5329
7290000104805,false,גרגירי חומוס מבושלים סנפרוסט 800 גרם,תנובה מרכז שיתופי לשיווק תוצרת,IL,גרגרי חומוס מבושלים קפואים 800 גרם,גרמים,800.00,100 גרם,false,1,22.90,2.8625,true,1,5316
7290000104836,false,שעועית ירוקה עדינה שלמה סנפרוסט 600 גרם,תנובה מרכז שיתופי לשיווק תוצרת,IL,שעועית עדינה שלמה 600 גרם סנפרוסט,גרמים,600.00,100 גרם,false,1,27.90,4.6500,true,1,2555
7290000104874,false,לקט מוקפא לקוסקוס סנפרוסט (800 גרם),תנובה מרכז שיתופי לשיווק תוצרת,IL,ירקות לקוסקוס של אמא 800 גרם סנפרוסט,גרמים,800.00,100 גרם,false,1,24.90,3.1125,true,1,17
7290000104881,false,לקט אפונה וגזר מוקפאים סנפרוסט (800 גרם),תנובה מרכז שיתופי לשיווק תוצרת,IL,לקט אפונה וגזר 800 גרם,גרמים,800.00,100 גרם,false,1,20.50,2.5625,true,1,6070
7290000104911,false,לקט נורמנדי מוקפא סנפרוסט (800 גרם),תנובה מרכז שיתופי לשיווק תוצרת,IL,לקט נורמנדי 800 גרם סנפרוסט,גרמים,800.00,100 גרם,false,1,26.90,3.3625,true,1,4591
7290000106526,false,לקט חגיגה ירוקה להקפצה 800 גרם סנפרוסט,"איי, בי, אינבוו",IL,ירקות להקפצה חגיגה ירוקה 800גרם,גרמים,800.00,100 גרם,false,1,27.90,3.4875,true,1,42540
7290000107165,false,חטיף סויה אדממה סנפרוסט (400 גרם),תנובה מרכז שיתופי לשיווק תוצרת,IL,חטיף פולי סויה אדממה 400 גרם סנפרוסט,גרמים,400.00,100 גרם,false,1,14.90,3.7250,true,1,3328
7290000107189,false,תחתיות ארטישוק סנפרוסט (400 גרם),תנובה מרכז שיתופי לשיווק תוצרת,IL,תחתיות ארטישוק 400 גרם סנפרוסט,גרמים,400.00,100 גרם,false,1,26.00,6.5000,true,1,19
7290000107295,false,תפרחות ברוקולי סנפרוסט 800 גרם,תנובה מרכז שיתופי לשיווק תוצרת,IL,ברוקולי מוקפא 800 גרם סנפרוסט,גרמים,800.00,100 גרם,false,1,28.90,3.6125,true,1,20
7290000107615,false,ירקות ואננס להקפצה מנה אסייתית צבעונית ועשירה,"איי, בי, אינבוו",IL,לקט מנה אסייתית צבעונית ועשירה 800גרם,גרמים,800.00,100 גרם,false,1,27.90,3.4875,true,1,42542
7290000107622,false,ירקות ופסטה א-לה איטליה סנפרוסט 800 גרם,"איי, בי, אינבוו",IL,לקט פסטה וירקות א-לה איטליה 800גרם,גרמים,800.00,100 גרם,false,1,27.90,3.4875,true,1,42543
7290000110844,false,כיפלי בטעם גריל בד`צ 70 גרם .,יוניליוור ישראל שיווק בע`מ,IL,כיפלי חטיף בטעם גריל,גרמים,70.00,100 גרם,false,1,6.90,9.8571,true,1,25413
7290000111117,false,מרכך כביסה לבן בדין (4 ליטר),"יוניליוור ישראל שיווק בע""מ",IL,מרכך כביסה בדין לבן,ליטרים,4.00,ליטר,false,1,25.90,6.4750,true,1,31204
7290000111360,false,חרדל אמיתי חריף 250 גרם בצנצנת כשלפ,יוניליוור ישראל שיווק בע`מ,IL,חרדל אמיתי תלמה,גרמים,250.00,100 גרם,false,1,8.90,3.5600,true,1,31
7290000112220,false,טחינה גולמית שומשום טהור בארכה 500 גרם,קבוצת אוסם סחר שותפות מוגבלת,IL,בארכה טחינה 100% שומשום 12*500גרם,גרמים,500.00,100 גרם,false,1,16.90,3.3800,true,1,36
7290000112497,false,מרק עשיר עוף אטריות קנור 75 גרם - שקיות,יוניליוור ישראל שיווק בע`מ,IL,מרק עוף עם אטריות,גרמים,68.00,100 גרם,false,1,12.50,18.3824,true,1,4637
7290000112619,false,אבקת מרק עוף אמיתי קנור 400 ג' כשלפ,יוניליוור ישראל שיווק בע`מ,IL,קנור מרק עוף אמיתי 400 גרם,גרמים,400.00,100 גרם,false,1,22.90,5.7250,true,1,50
7290000113180,false,כיפלי צ`יפסים מהדרין תלמה (50 גרם),יוניליוור ישראל שיווק בע`מ,IL,"כיפלי חטיף על בסיס תפו""א",גרמים,50.00,100 גרם,false,1,5.90,11.8000,true,1,32612
7290000113203,false,כיפלי צ`יפסים קטשופ תלמה (50 גרם),יוניליוור ישראל שיווק בעמ,IL,"כיפלי על בסיס תפו""א בטעם קטשופ",גרמים,50.00,100 גרם,false,1,5.90,11.8000,true,1,33375
7290000116884,false,"קנור רוטב ברביקיו 300 מ""ל כשלפ",יוניליוור ישראל שיווק בע`מ,IL,רוטב ברביקיו קנור,מיליליטרים,300.00,"100 מ""ל",false,1,14.50,4.8333,true,1,18936
7290000116945,false,"רוטב סויה קלאסי קנור בד""צ 350 גרם",יוניליוור ישראל שיווק בע`מ,IL,רוטב סויה קלאסי קנור,מיליליטרים,300.00,"100 מ""ל",false,1,16.50,5.5000,true,1,19271
7290000117171,false,מרק טעם עוף דל קלוריות 48 גרם-קופסא,"יוניליוור ישראל שיווק בע""מ",IL,קנור מרק נמס בכוס בטעם עוף 48 גרם,גרמים,48.00,100 גרם,false,1,8.60,17.9167,true,1,75
7290000117720,false,נמס בכוס פטריות קנור 21.5 גרם מארז זוגי,"יוניליוור ישראל שיווק בע""מ",IL,קנור נמס בכוס פטריות 43 גרם,גרמים,43.00,100 גרם,false,1,8.50,19.7674,true,1,4646
7290000118277,false,כופתאות מצה להכנת מהירה 65 ג' קנור,"יוניליוור ישראל שיווק בע""מ",IL,קנור קניידל 130 גרם,גרמים,130.00,100 גרם,false,1,13.90,10.6923,true,1,79
7290000120836,false,מיונז אמיתי הלמנס (394 גרם),"יוניליוור ישראל שיווק בע""מ",CA,hellmanns real מיונז אמיתי הלמנס,גרמים,394.00,100 גרם,false,1,12.90,3.2741,true,1,84
7290000120874,false,מיונז הלמנס לייט מופחת קלוריות 424ג,יוניליוור ישראל שיווק בעמ,US,hellmanns light ממרח מופחת קלוריות,גרמים,424.00,100 גרם,false,1,12.90,3.0425,true,1,85
7290000121093,false,גבינה מותכת לייט בטעם שוויצרי 7% מון בלאן 120 גר',האי נאם סי או אל.טי.,IL,גבינה מותכת מון בלאן 7% לייט 120 גרם,גרמים,120.00,100 גרם,false,1,12.90,10.7500,true,1,4593
7290000121109,false,גבינה מותכת לייט עם זיתים 7% מון בלאן 120 גרם,נטו מילנדה סחר בעמ*,IL,גבינה מותכת 7% מון בלאן זיתים לייט 120 ג,גרמים,120.00,100 גרם,false,1,12.90,10.7500,true,1,86
7290000121154,false,גבינה מותכת לייט עם סלמון 7% מון בלאן 120 גרם,נטו מלינדה סחר בע`מ,IL,גבינה מותכת 7% מון בלאן סלמון לייט 120 ג,גרמים,120.00,100 גרם,false,1,12.90,10.7500,true,1,6780
7290000121239,false,מיוקל 5% שומן ללא כולסטרול תלמה 500ג',"יוניליוור ישראל שיווק בע""מ",IL,מיוקל ממרח 5% שומן תלמה,גרמים,500.00,100 גרם,false,1,15.90,3.1800,true,1,2505
7290000129457,false,אבקת רוטב פטריות קנור 28 ג' שקית,יוניליוור ישראל שיווק בע`מ,IL,קנור רוטב פטריות 28 גרם,גרמים,28.00,100 גרם,false,1,5.90,21.0714,true,1,3204
7290000134109,false,תבלין כמון מזרחי 40 גר',תבליני טעם וריח,IL,תבליני טעם וריח מיכל קטן כמון מזרחי 40 גרם,גרמים,40.00,100 גרם,false,1,6.90,17.2500,true,1,4674
7290000134123,false,"פלפל שחור טחון 40 גרם ""טעם וריח""",תבליני טעם וריח בעמ,IL,תבלין טעם וריח מיכל פלפל שחור טחון 40 גרם,גרמים,40.00,100 גרם,false,1,9.90,24.7500,true,1,4682
7290000134147,false,טעם וריח מוסקט טחון מיכל 40גר,"תבליני טעם וריח בע""מ",IL,"תבליני טעם וריח, מוסקט טחון 100%, 40 גרם",גרמים,40.00,100 גרם,false,1,16.90,42.2500,true,1,4681
7290000134307,false,קינמון טחון 50 גרם טעם וריח,"תבליני טעם וריח בע""מ",IL,"תבליני טעם וריח, 100% קינמון טחון, 50 גרם",גרמים,50.00,100 גרם,false,1,5.90,11.8000,true,1,4683
7290000134338,false,אבקת שום בקופ' 90 גר' טעם וריח,"תבליני טעם וריח בע""מ",IL,תבליני טעם וריח אבקת שום 90 גרם,גרמים,90.00,100 גרם,false,1,10.90,12.1111,true,1,50086
7290000134376,false,פפריקה בשמן בקופ' 90 גר' טעם וריח,"תבליני טעם וריח בע""מ",IL,תבלין פפריקה מתוקה בשמן 90 מיכ,גרמים,90.00,100 גרם,false,1,10.90,12.1111,true,1,50087
7290000134406,false,מלח לימון 100 גרם,תבליני טעם וריח,,מלח לימון 100 גרם,גרמים,100.00,100 גרם,false,1,6.80,6.8000,true,1,4663
7290000134550,false,עלי דפנה 20 גר' טעם וריח,"תבליני טעם וריח בע""מ",IL,"תבליני טעם וריח, 100% עלי דפנה, 20 גרם",גרמים,20.00,100 גרם,false,1,5.90,29.5000,true,1,4673
7290000134666,false,רוזמרין 15 גר מיכל ק,תבליני טעם וריח בעמ,IL,"תבליני טעם וריח, 100% רוזמרין, 15 גרם",גרמים,15.00,100 גרם,false,1,6.90,46.0000,true,1,6667
7290000134758,false,"תיבול לתפו""א בקופ' 100 גר' טעם וריח","תבליני טעם וריח בע""מ",IL,"תבליני טעם וריח, תערובת תיבול לתפוחי אדמה, 100 גרם",גרמים,100.00,100 גרם,false,1,10.90,10.9000,true,1,47572
7290000134826,false,זעתר מעורב בקופ' 100 גר' טעם וריח,"תבליני טעם וריח בע""מ",IL,"תבליני טעם וריח, תערובת תיבול זעתר , 100 גרם",גרמים,100.00,100 גרם,false,1,10.90,10.9000,true,1,4679
7290000134833,false,כמון טחון בקופ' 100 גר' טעם וריח,"תבליני טעם וריח בע""מ",IL,"תבליני טעם וריח, 100% כמון מזרחי",גרמים,100.00,100 גרם,false,1,10.90,10.9000,true,1,47571
7290000134840,false,כורכום טחון בקופ' 100 גר' טעם וריח,"תבליני טעם וריח בע""מ",IL,"תבליני טעם וריח, 100% כורכום, 100 גרם",גרמים,100.00,100 גרם,false,1,10.90,10.9000,true,1,43485
7290000134857,false,פפריקה מתוקה בקופ' 100 גר' טעם וריח,"תבליני טעם וריח בע""מ",IL,"תבליני טעם וריח, פפריקה מתוקה 100%, 100 גרם",גרמים,100.00,100 גרם,false,1,10.90,10.9000,true,1,4685
7290000134871,false,פלפל שחור טחון בקופ' 100 גר' טעם וריח,"תבליני טעם וריח בע""מ",IL,"תבליני טעם וריח, 100% פלפל שחור טחון, 100 גרם",גרמים,100.00,100 גרם,false,1,14.90,14.9000,true,1,4687
7290000134987,false,פלפל שחור גרוס בקופ' 90 גר' טעם וריח,"תבליני טעם וריח בע""מ",,"פלפל שחור גרוס 90 גר ""מכיל",גרמים,90.00,100 גרם,false,1,14.90,16.5556,true,1,41584
7290000134994,false,טימין 20 גר מיכל קטן,"תבליני טעם וריח בע""מ",IL,"תבליני טעם וריח, 100% טימין, 20 גרם",גרמים,20.00,100 גרם,false,1,6.90,34.5000,true,1,6668
7290000135045,false,"XL TEN משקה אנרגיה פתוח ללא סוכר 250 מ""ל","טמפו משקאות בע""\מ",IL,XL TEN משקה אנרגיה בטעם תפוח250מל,מיליליטרים,250.00,"100 מ""ל",false,1,5.50,2.2000,true,1,42098
7290000135052,false,"XL TEN משקה אנרגיה מנגו ללא סוכר 250 מ""ל","טמפו משקאות בע""\מ",IL,משקה אנרגיה XL TEN מנגו פחית 250 מל,מיליליטרים,250.00,"100 מ""ל",false,1,5.50,2.2000,true,1,42097
7290000135151,false,"טמפו סודה למון ליים בקבוק 250 מ""ל",טמפו משקאות בעמ,IL,"סודה נגיעות למון ליים 275 מ""ל",מיליליטרים,275.00,"100 מ""ל",false,1,4.50,1.6364,true,1,49725
7290000135373,false,פאולנר 500 מל עם כוס,,DE,פאולנר 500 מל עם כוס רביעייה,ליטרים,2.00,ליטר,false,1,49.90,24.9500,true,1,50994
7290000135588,false,מארז גיימסון 700 מל+,,,"מארז ויסקי 700 מ""ל + 2 בקבוקי גינגר 27",לא מנהל יחידת מידה,0.00,לא מנהל יחידת מידה,false,1,110.50,0.0000,true,1,51540
7290000135595,false,פפסי מקס בטעם דובדבן 1.5 ללא סוכר,"טמפו משקאות בע""\מ",IL,פפסי מקס דובדבן 1.5 ליטר בודד,ליטרים,1.50,ליטר,false,1,8.60,5.7333,true,1,52236
7290000136646,false,בירה נשר מאלט ללא אלכוהול 1.5 ליטר,"טמפו משקאות בע""\מ",IL,בירה נשר מאלט בקבוק 1.5 ליטר,ליטרים,1.50,ליטר,false,1,10.00,6.6667,true,1,53473
7290000136653,false,בירה שחורה נשר מאלט דיאט בקבוק 1.5ל`,"טמפו משקאות בע""\מ",IL,בירה נשר מאלט דיאט בקבוק 1.5 ליטר,ליטרים,1.50,ליטר,false,1,10.00,6.6667,true,1,53474
7290000136660,false,סודה טמפו ליטר וחצי,טמפו,IL,מי סודה 1.5 ליטר,ליטרים,1.50,ליטר,false,1,4.20,2.8000,true,1,53681
7290000136677,false,פפסי קולה פיקדון 1.5 ליטר,טמפו,IL,פפסי קולה בקבוק 1.5 ליטר,ליטרים,1.50,ליטר,false,1,8.90,5.9333,true,1,53686
7290000136684,false,פפסי מקס משקה מוגז דל קלוריות בטעם קולה,טמפו משקאות בע`מ,IL,פפסי קולה מקס ללא סוכר בקבוק 1.5 ליטר,ליטרים,1.50,ליטר,false,1,8.90,5.9333,true,1,53687
7290000136707,false,טמפו מירינדה 1.5 ליטר,טמפו,IL,מירינדה בקבוק 1.5 ליטר,ליטרים,1.50,ליטר,false,1,8.90,5.9333,true,1,53684
7290000136769,false,מארז שישיה בטעם קולה 1.5 ל' פפסי,"טמפו משקאות בע""\מ",IL,פפסי קולה לארג שישייה בקבוק 1.5 ליטר,ליטרים,9.00,ליטר,false,6,44.90,4.9889,true,1,53476
7290000136776,false,שישיית פפסי מקס דל קלוריות 1.5 ליטר,טמפו משקאות בע`מ,IL,פפסי מקס קולה שישייה בקבוק 1.5 ליטר,ליטרים,9.00,ליטר,false,6,44.90,4.9889,true,1,53461
7290000136790,false,טמפו מי סודה 6*1.5 ליטר פיקדון,"טמפו משקאות בע""\מ",IL,מי סודה שישייה בקבוק 1.5 ליטר,ליטרים,9.00,ליטר,false,6,19.70,2.1889,true,1,53478
7290000136844,false,מארז מים מזוככים אקווה נובה שישיית 2 ליטר,"טמפו משקאות בע""\מ",IL,מים אקווה נובה שישייה בקבוק 2 ליטר,ליטרים,12.00,ליטר,false,6,15.50,1.2917,true,1,53479
7290000136851,false,סבן אפ פיקדון 1.5 ליטר,טמפו משקאות בע`מ,IL,סבן אפ בקבוק 1.5 ליטר,ליטרים,1.50,ליטר,false,1,8.90,5.9333,true,1,53685
7290000136868,false,סאן בנדטו - מים מינרלים - מארז שישיית 1.5 ליטר,אקווה מינרלה סאן בנדטו ב,IL,מים סן בנדטו שישייה בקבוק 1.5 ליטר,ליטרים,9.00,ליטר,false,6,19.90,2.2111,true,1,53480
7290000136875,false,שישיית מים מינרליים מוגזים סן בנדטו 1.5 ליטר,סאן בנדטו San Benedetto,IL,שישיית סןבנדטו מוגז בקבוק 1.5 ליטר,ליטרים,9.00,ליטר,false,6,19.90,2.2111,true,1,53729
7290000136936,false,דיאט סבן אפ 1.5 ליטר-,טמפו,IL,סבן אפ דיאט בקבוק 1.5 ליטר,ליטרים,1.50,ליטר,false,1,8.90,5.9333,true,1,53683
7290000137513,false,גלידונית גלידה וניל בציפוי שוקולד 60 יח' קרמיסימו,"גלידת שטראוס בע""\מ, רחוב",IL,גלידונית קרמיסימו 1/60 630 גרם,גרמים,630.00,100 גרם,false,1,52.90,8.3968,true,1,143
7290000137643,false,שלגוני טעמקור בטעם שוקו וניל שטראוס 8*50 גרם,"גלידת שטראוס בע""\מ, רחוב",IL,"שטראוס טעמקור 880 מ""ל",גרמים,500.00,100 גרם,false,1,47.90,9.5800,true,1,144
7290000139104,false,שלווה חיטה תפוחה מתוקה אשבול 230 גרם,"אשב""ל בע""מ",,.חיטה תפוחה מתוקה 250 גרם,גרמים,250.00,100 גרם,false,1,9.90,3.9600,true,1,53624
7290000143200,false,"הוואי - מרכך לשיער יבש 700 מ""ל",טרופיקל דגיל קוסמטיק,IL,הוואי מרכך לשיער יבש,מיליליטרים,700.00,"100 מ""ל",false,1,14.90,2.1286,true,1,22371
7290000143217,false,הוואי שמפו לשיער יבש700 מל כחול,שוורצקוף& הנקל דיסלד,IL,"שמפו הוואי לשיער יבש 700 מ""ל",מיליליטרים,700.00,"100 מ""ל",false,1,14.90,2.1286,true,1,21994
7290000143286,false,הוואי מרכך לשיער רגיל 700 מל ירוק,שוורצקוף& הנקל דיסלד,IL,הוואי מרכך לשיער רגיל,מיליליטרים,700.00,"100 מ""ל",false,1,14.90,2.1286,true,1,150
7290000144160,false,"שמן זית כתית מעולה ארומתי עץ הזית 750 מ""ל","מרקאולאו, ספרד.אבסה,",IT,שמן זית ארומתי,מיליליטרים,750.00,"100 מ""ל",false,1,36.90,4.9200,true,1,32617
7290000144467,false,שמן חמניות מועשר בנוגדי חמצון 1 ל' עץ הזית,"נארז ע""י : א.ג. גילר",GR,שמן חמניות מועשר בנוגדי חמצון 1 ליטר,ליטרים,1.00,ליטר,false,1,17.90,17.9000,true,1,152
7290000144474,false,שמן עץ הזית קנולה 1 ליטר בריאות מהטבע,סוגת תעשיות בעמ,EE,שמן קנולה מועשר בנוגדי חמצון 1 ליטר,ליטרים,1.00,ליטר,false,1,16.90,16.9000,true,1,153
7290000148380,false,פיסטוקים קלויים קליית גת (200 גרם),ליימן שליסל בעמ,IL,קליית גת פיסטוק קלויים 200 גרם,גרמים,200.00,100 גרם,false,1,21.90,10.9500,true,1,6564
7290000148489,false,"קליית גת גרעיני דלעת קלויים,200 גרם",ליימן שליסל בעמ,IL,"קליית גת גרעיני דלעת קלויים,200 גרם",גרמים,200.00,100 גרם,false,1,11.50,5.7500,true,1,6569
7290000148618,false,קשיו מטוגן שקית קליית גת 200 גרם,ליימן שליסל בעמ,IL,קליית גת קשיו מטוגן 200 גרם,גרמים,200.00,100 גרם,false,1,21.90,10.9500,true,1,6565
7290000148748,false,קליית גת גרעיני חמניה קלויים ומומלחים200,ליימן שליסל בעמ,IL,"קליית גת חמנייה קלויים, 200 גרם",גרמים,200.00,100 גרם,false,1,7.90,3.9500,true,1,6562
7290000148939,false,שקדים קלויים קליית גת (200 גרם),ליימן שליסל בעמ,IL,שקד קלוי 200 גר' שקית,גרמים,200.00,100 גרם,false,1,24.90,12.4500,true,1,15368
7290000149615,false,רביעיית סבון מוצק קלאסי לתינוק נקה 7 4*100 גרם,החברה הדרומית לשיווק בעמ,IL,נקה 7 סבון מוצק תינוק 1/4,גרמים,400.00,100 גרם,false,1,13.90,3.4750,true,1,50420
7290000149905,false,טקסטיל שמפו נוזלי לאריגים עדינים1ליט,החברה הדרומית לשיווק בעמ,IL,טקסטיל שמפו 1 ליטר,ליטרים,1.00,ליטר,false,1,14.90,14.9000,true,1,21916
7290000159096,false,חזה עוף בתיבול 500 גר`BBQ עוף טוב,קבוצת אסם סחר שות. מוגבלת,IL,עוף טוב חזה עוף ביתי תבלBBQ.ר.טבע14*500ג,גרמים,500.00,100 גרם,false,1,44.90,8.9800,true,1,26286
7290000161631,false,קליק חטיף שוקולד מילוי קרם נוגט 38גר,יוניליוור ישראל שיווק בע`מ,IL,קליק קליק אין חטיף נוגט 38 גרם,גרמים,38.00,100 גרם,false,1,5.90,15.5263,true,1,3119
7290000161648,false,חטיף קליק אין אאוט במילו קרם,יוניליוור ישראל שיווק בע`מ,IL,קליק חטיף קליק אין קרם חלב 38 גרם,גרמים,38.00,100 גרם,false,1,5.90,15.5263,true,1,3120
7290000168173,false,"ברנפלקס קרנצ'ים תלמה בד""ץ 375 גרם",יוניליוור ישראל שיווק בעמ,IL,ברנפלקס קרנצים 375 גרם,גרמים,375.00,100 גרם,false,1,26.90,7.1733,true,1,32108
7290000169538,false,"נמס בכוס עגבניות וקרוטונים מרק כשרות בד""ץ 62 ג' קנור",יוניליוור ישראל שיווק בע`מ,IL,מרק נמס בכוס עגבניות קרוטונים קנור 62 גר,גרמים,62.00,100 גרם,false,1,8.50,13.7097,true,1,27122
7290000169798,false,"עוגי מופחת סוכר 20% פצפוצי שוקו' 500ג' בד""צ",יוניליוור ישראל שיווק בע`מ,IL,תלמה דגני בוקר עוגי 500 גרם,גרמים,500.00,100 גרם,false,1,24.90,4.9800,true,1,30667
7290000170053,false,שוקולד חלב 100 גרם בדץ,"שטראוס גרופ בע""\מ.",IL,שוקולד פרה חלב 100 גרם,גרמים,100.00,100 גרם,false,1,6.50,6.5000,true,1,236
7290000170077,false,שוקולד פרה מריר פרווה עלית (100 גרם),"שטראוס גרופ בע""\מ.",IL,שוק פרה מריר ללג בדצ,גרמים,100.00,100 גרם,false,1,6.50,6.5000,true,1,237
7290000174723,false,שוקולית אבקה להכנת משקה שוקו 500 גרם,הנסיך- מפעל לייצור ט,IL,שוקולית קופסא 500 / 12 קופ'/ 500ג',גרמים,500.00,100 גרם,false,1,15.90,3.1800,true,1,245
7290000176062,false,קפה טורקי בשקית 100 ג' עלית,שטראוס קפה בי.ויn\.,IL,עלית טורקי שקית 100ג/1שק'/100גר',גרמים,100.00,100 גרם,false,1,9.90,9.9000,true,1,247
7290000176079,false,קפה טורקי עם הל עלית (100 גרם),הנסיך- מפעל לייצור ט,IL,עלית טורקי עם הל 00/1שק'/100גר',גרמים,100.00,100 גרם,false,1,10.90,10.9000,true,1,248
7290000176413,false,קפה נמס עלית פחית 50 גרם,הנסיך- מפעל לייצור ט,IL,קפה נמס עלית 50 גרם,גרמים,50.00,100 גרם,false,1,11.90,23.8000,true,1,250
7290000176420,false,קפה נמס פחית עלית 200 גרם,פיקסל אם.גי.אם בעמ,IL,קפה נמס עלית פחית 200 גרם,גרמים,200.00,100 גרם,false,1,23.90,11.9500,true,1,251
7290000176468,false,קפה נמס נטול קפאין 50 ג' קפה האג,"שטראוס גרופ בע""מ",,האג נמס אבקתי פחית 50 גר חדש,גרמים,50.00,100 גרם,false,1,13.90,27.8000,true,1,252
7290000178707,false,חטיף צ`יפס בטעם טבעי תפוצ`יפס (50 גרם),"שטראוס פריטו ליי בע""\מ )",IL,תפו טבעי 50 גר 48 יח - שמיטה,גרמים,50.00,100 גרם,false,1,5.50,11.0000,true,1,270
7290000178721,false,חטיף צ`יפס בטעם טבעי תפוצ`יפס (200 גרם),"שטראוס פריטו ליי בע""\מ )",IL,תפו טבעי 200 גר 12 יח,גרמים,200.00,100 גרם,false,1,11.90,5.9500,true,1,21529
7290000185460,false,חרוסת בטעם ביתי תמר,מנדלז סי.אר. פרודקשן,,חרוסת כנרת 250 גרם,גרמים,250.00,100 גרם,false,1,10.90,4.3600,true,1,289
7290000187938,false,לילי - נייר טואולט נייר טואלט פסטל 32 יח',קימברלי קלארק ישראל שיווק בעמ,,נייר טואלט לילי פסטל 32 גלילים,מטרים,58880.00,מטר,false,1,39.90,0.0007,true,1,17393
7290000187952,false,לילי טריפל קומפורט ורוד נ.טואלט 32 גלילי,קימברלי קלארק ישראל שיווק בעמ,,נייר טואלט לילי טריו 32 גלילים,מטרים,53470.00,מטר,false,1,45.90,0.0009,true,1,52833
7290000188355,false,ניקול מגבות נייר לבנות 6 גלילים,קימברלי קלארק ישראל שיווק בעמ,IL,ניקול מגבת 6 בלי בנדלר,מטרים,6400.00,מטר,false,1,13.90,0.0022,true,1,17372
7290000189079,false,תבניות אינגליש קייק עבות 6 יחידות ניקול,קימברלי קלארק ישראל שיווק בעמ,CN,תבניות אינגליש ניקול 6 יחידות,לא מנהל יחידת מידה,0.00,לא מנהל יחידת מידה,false,1,13.90,0.0000,true,1,31059
7290000189116,false,תבניות עגולות חזקות ועבות ניקול 5 יחידות,קימברלי קלארק ישראל שיווק בעמ,CN,תבניות עגולות ניקול 6 יחידות,לא מנהל יחידת מידה,0.00,לא מנהל יחידת מידה,false,1,13.90,0.0000,true,1,31060
7290000189550,false,"שקיות אשפה ענקיות עם שרוך 78 * 90 ס""מ ניקול 2 * 10 יחידות",קימברלי קלארק ישראל שיווק בעמ,IL,שקיות אשפה זוג 20 יחידות,לא מנהל יחידת מידה,0.00,לא מנהל יחידת מידה,false,1,28.90,0.0000,true,1,3124
7290000189598,false,מטליות לחות חד פעמיות לניקוי כללי 50 יח' ניקול,קימברלי קלארק ישראל שיווק בעמ,IL,מטליות לחות לניקוי כללי 50 יח ניקול,Unknown,0.00,Unknown,false,1,13.90,0.0000,true,1,19628
7290000189659,false,מטליות לחות לרצפה ניקול 10 יח'-מרכז,קימברלי קלארק ישראל שיווק בעמ,IL,ניקול מטליות לחות לניקוי הרצפה 10 יחידות,Unknown,0.00,Unknown,false,1,13.90,0.0000,true,1,20762
7290000190198,false,מטליות לחות לניקוי וחיטוי 99.9% ניקול 50 יחידה,קימברלי קלארק ישראל שיווק בעמ,IL,מטליות לחות לניקוי חיטוי ניקול,יחידה,1.00,יחידה,false,1,13.90,13.9000,true,1,49412
7290000191652,false,שלישיית ממחטות אולטרה סופט קלינקס 90 יחידות,קימברלי קלארק ישראל שיווק בעמ,,ממחטות טישיו קלינקס ניילון מארז שלישייה,לא מנהל יחידת מידה,0.00,לא מנהל יחידת מידה,false,1,12.90,0.0000,true,1,8428
7290000191966,false,נייר טואלט לילי לח נטורל קר 48 דפים,קימברלי קלארק ישראל שיווק בעמ,IL,מגבוני טואלט לח ללא בישום לילי,יחידה,1.00,יחידה,false,1,8.90,8.9000,true,1,26489
7290000195537,false,האגיס - מגבוני האגיס דיילי קר לא מבושם 64 יח' * 4,קימברלי קלארק ישראל שיווק בעמ,IL,האגיס מגבונים לחים לתינוק ללא בישום מארז רביעייה,יחידה,1.00,יחידה,false,1,22.90,22.9000,true,1,5620
7290000196039,false,"מפות שולחן איריס ח""פ ניקול 2 יח'",קימברלי קלארק ישראל שיווק בעמ,,"מפות שולחן ניקול זוג 180*110 ס""מ",לא מנהל יחידת מידה,0.00,לא מנהל יחידת מידה,false,1,12.90,0.0000,true,1,311
7290000196763,false,"שקיות אשפה חזקות במיוחד עם שרוך 52 * 65 ס""מ ניקול 40 יחידות",קימברלי קלארק ישראל שיווק בעמ,IL,שקיות אשפה השקית החזקה ניקול 40 יח,Unknown,0.00,Unknown,false,1,28.90,0.0000,true,1,30088
7290000197326,false,רדיד אלומיניום ניקול זוגות 7.5*2קצר,קימברלי קלארק ישראל שיווק בעמ,IL,זוג רדיד אלומיניום קצר עובי משופר 15 מיקרון,מטרים,1500.00,מטר,false,1,13.90,0.0093,true,1,312
7290000197425,false,חיתולים פרידום דריי שלב 3 האגיס 52 יחידות,קימברלי קלארק ישראל שיווק בעמ,IL,חיתולים פרידום דריי שלב 3,יחידה,1.00,יחידה,false,1,45.90,45.9000,true,1,29868
7290000197432,false,שקיות אוכל סנדביצ'ון ניקול מארז 150X2יח',קימברלי קלארק ישראל שיווק בעמ,IL,סנדוויצון זוגות,לא מנהל יחידת מידה,0.00,לא מנהל יחידת מידה,false,1,15.90,0.0000,true,1,313
7290000197456,false,חיתולים פרידום דריי שלב 4 האגיס 44 יחידות,קימברלי קלארק ישראל שיווק בעמ,IL,חיתולים פרידום דריי שלב 4,יחידה,1.00,יחידה,false,1,45.90,45.9000,true,1,29869
7290000197463,false,חיתולים פרידום דריי שלב +4 האגיס 40 יחידות,קימברלי קלארק ישראל שיווק בעמ,IL,חיתולי פרידום דריי שלב +4,יחידה,1.00,יחידה,false,1,45.90,45.9000,true,1,29871
7290000197548,false,חיתולים פרידום דריי שלב 5 האגיס 36 יחידות,קימברלי קלארק ישראל שיווק בעמ,IL,חיתולי האגיס פרידום דריי שלב 5,לא מנהל יחידת מידה,0.00,לא מנהל יחידת מידה,false,1,45.90,0.0000,true,1,29870
7290000197678,false,חיתולי האגיס פרידום דריי שלב 6 30 יחידות,קימברלי קלארק ישראל שיווק בעמ,IL,חיתולים פרידום דריי שלב 6,יחידה,1.00,יחידה,false,1,45.90,45.9000,true,1,30733
7290000197753,false,ניילון נצמד אנטי בטקריאלי ניקול 30X2מ',קימברלי קלארק ישראל שיווק בעמ,,ניילון נצמד זוג ניקול,מטרים,3000.00,מטר,false,1,14.90,0.0050,true,1,316
7290000197876,false,תבניות אלומיניום קטנות עם מכסה ניקול 4 יחידות,קימברלי קלארק ישראל שיווק בעמ,CN,ניקול תבניות אלומניום עם מכסה 4 יחידות+ 4 מכסים,לא מנהל יחידת מידה,0.00,לא מנהל יחידת מידה,false,1,10.90,0.0000,true,1,4248
7290000197951,false,תבניות אלומיניום ענקיות ניקול 3 יחידות,קימברלי קלארק ישראל שיווק בעמ,,תבנית אלומיניום ענק 2 יחידות,לא מנהל יחידת מידה,0.00,לא מנהל יחידת מידה,false,1,10.90,0.0000,true,1,4243
7290000199313,false,תחבושות עם כנפיים נורמל פלוס קוטקס 30 יחידות,קימברלי קלארק ישראל שיווק בעמ,,קוטקס תחבושות לנערות 28 יח,Unknown,0.00,Unknown,false,1,19.90,0.0000,true,1,22240
7290000204147,false,רביעיית כרית יפנית עבה ניקול 4 יחידות,קימברלי קלארק ישראל שיווק בעמ,IL,כריות יפניות דו צדדיות ניקול רביעייה,גרמים,280.00,100 גרם,false,1,12.90,4.6071,true,1,22777
7290000204215,false,שישיית כרית יפנית ניקול 6 יחידות,קימברלי קלארק ישראל שיווק בעמ,IL,"ניקול,כריות יפניות ,6 יחידות",גרמים,0.00,100 גרם,false,1,13.90,0.0000,true,1,323
7290000204253,false,מטליות רב שימושיות לניקיון ניקול 9 יחידות,קימברלי קלארק ישראל שיווק בעמ,IL,"ניקול, מטליות ניקוי רב שימושיות, 9 יחידות",לא מנהל יחידת מידה,0.00,לא מנהל יחידת מידה,false,1,13.90,0.0000,true,1,324
7290000204611,false,שישיית ספוגית הקסם ניקול 6 יחידות,קימברלי קלארק ישראל שיווק בעמ,US,ספוגית הקסם ניקול 6 יחידות,לא מנהל יחידת מידה,0.00,לא מנהל יחידת מידה,false,1,13.90,0.0000,true,1,7157
7290000207063,false,רסק עגבניות פריכוז 28% 240 גרם יכין,היינץ צפון אמריקה מק,IL,רסק עגבניות פריכוז 260 גרם יכין,גרמים,260.00,100 גרם,false,1,5.50,2.1154,true,1,38188
7290000207162,false,רוטב עגבניות מרכיב טבעי 100 ג' יכין,זנלכול יכין,IL,יכין רוטב עגבניות מרוכז 100 גרם,גרמים,100.00,100 גרם,false,1,2.50,2.5000,true,1,5356
7290000207438,false,עגבניות מקולפות חתוכות לקוביות,זנלכול יכין,IL,קוביות עגבניות יכין A2.5 800 ג,גרמים,800.00,100 גרם,false,1,9.90,1.2375,true,1,48503
7290000208022,false,עגבניות 2.5 A מרוסקות 850 גרם יכין,זנלכול יכין,IL,עגבניות מרוסקות יכין 800 גרם,גרמים,800.00,100 גרם,false,1,9.90,1.2375,true,1,5889
7290000208077,false,אפונת גינה גדולה יכין (550 גרם),זנלכול יכין,IL,אפונת גינה יכין 550גרם,גרמים,550.00,100 גרם,false,1,8.90,1.6182,true,1,37165
7290000208091,false,אפונה קטנה עדינה יכין 550 גרם,"זנלכל בע""\מ",IL,אפונה קטנה 560 גרם יכין,גרמים,560.00,100 גרם,false,1,9.90,1.7679,true,1,41331
7290000208114,false,"אפונה וגזר יכין A2 פ""ק בית יוסף",זנלכול יכין,IL,יכין אפונת גינה וגזר 550 גרם,גרמים,550.00,100 גרם,false,1,8.90,1.6182,true,1,39487
7290000208138,false,סירופ דיאט בטעם ענבים יכין (1 ליטר),זנלכול יכין,IL,יכין סירופ בטעם ענבים דיאט 1 ליטר,ליטרים,1.00,ליטר,false,1,17.90,17.9000,true,1,49060
7290000208145,false,גרעיני תירס מתוק לייט 550 גרם יכין,זנלכול יכין,IL,תירס לייט גרעינים יכין 550 גרם,גרמים,550.00,100 גרם,false,1,9.90,1.8000,true,1,5626
7290000208176,false,תפוחי אדמה קלופים יכין (550 גרם),"זנלכל בע""מ",IL,תפוחי אדמה קלופים 550 גרם יכין,גרמים,500.00,100 גרם,false,1,7.90,1.5800,true,1,48506
7290000208213,false,שעועית לבנה אפויה A2 ברוטב עגבניות יכין 560ג',היינץ צפון אמריקה מק,IL,יכין שעועית לבנה ברוטב עגבניות 580 גרם,גרמים,580.00,100 גרם,false,1,8.50,1.4655,true,1,30732
7290000208220,false,שעועית צ`ילי מקסיקני חריף יכין (550 גרם),היינץ צפון אמריקה מק,IL,יכין שעועית צ'ילי בנוסח מקסיקני חריף 580 גרם,גרמים,0.00,100 גרם,false,1,8.90,0.0000,true,1,48508
7290000208312,false,גרעיני תירס מתוק בואקום יכין 400 גר',"זנלכל בע""\מ",IL,תירס גרעינים יכין 340 גרם,גרמים,340.00,100 גרם,false,1,6.90,2.0294,true,1,38186
7290000208329,false,גרעיני תירס מתוק יכין (550 גרם),זנלכול יכין,IL,תירס גרעינים מתוק יכין 560 גרם,גרמים,560.00,100 גרם,false,1,8.90,1.5893,true,1,5589
7290000208336,false,רסק יכין 240גר 22% יכין בית יוסף,"זנלכל בע""\מ",IL,יכין רוטב עגבניות מרוכז 240 גרם,גרמים,240.00,100 גרם,false,1,4.50,1.8750,true,1,5845
7290000208404,false,A2 פול מצרי 550 גרם יכין,זנלכול יכין,IL,פול מצרי 560 גרם A2 יכין,גרמים,560.00,100 גרם,false,1,8.50,1.5179,true,1,25781
7290000208428,false,גרגרי חומוס שלם 550 גרם יכין,היינץ צפון אמריקה מק,IL,יכין חומוס שלם 550 גרם,גרמים,560.00,100 גרם,false,1,8.90,1.5893,true,1,18477
7290000208459,false,"לקט אפונה, תפוחי אדמה וגזר יכין 550 גרם",זנלכול יכין,IL,"יכין ירקות מעורבים,אפונת גינה,תפוחי אדמה וגזר",גרמים,550.00,100 גרם,false,1,7.90,1.4364,true,1,48515
7290000208534,false,תירס קיד גרעיני תירס מתוק יכין (550 גרם),זנלכול יכין,IL,יכין תירס קיד גרעיני תירס מתוק 550 גרם משקל נקי,גרמים,550.00,100 גרם,false,1,9.90,1.8000,true,1,39492
7290000208855,false,רוטב לפסטה קלאסי יכין (240 גרם),זנלכול יכין,IL,רוטב פסטה 240גר,גרמים,240.00,100 גרם,false,1,5.90,2.4583,true,1,38191
7290000208930,false,עגבניות מרוסקות בתוספת שום 240 גרם יכין,זנלכול יכין,IL,עגבניות מרוסקות שום 260 ג,גרמים,260.00,100 גרם,false,1,5.90,2.2692,true,1,38189
7290000208947,false,עגבניות מרוסקות יכין (240 גרם),היינץ צפון אמריקה מק,IL,יכין עגבניות מרוסקות 260 גרם,גרמים,240.00,100 גרם,false,1,5.90,2.4583,true,1,5847
7290000209012,false,חומץ 1ליטר יכין הדרים,"זנלכל בע""\מ",IL,חומץ 1 ליטר יכין,ליטרים,1.00,ליטר,false,1,5.90,5.9000,true,1,38187
7290000209371,false,מארז גרעיני תירס מתוק יכין (200x3 גרם),היינץ צפון אמריקה מק,IL,יכין גרעיני תירס מתוק שלישייה 3*165,גרמים,165.00,100 גרם,false,1,14.90,9.0303,true,1,49153
7290000209579,false,סירופ דיאט בטעם אננס יכין (1 ליטר),"זנלכל בע""\מ",IL,יכין סירופ בטעם אננס דיאט 1 ליטר,ליטרים,1.00,ליטר,false,1,17.90,17.9000,true,1,49059
7290000209722,false,רוטב עגבניות 28% יכין (580 גרם)פריכוז,"זנלכל בע""\מ",IL,רסק עגבניות פריכוז 580 יכין,גרמים,580.00,100 גרם,false,1,10.90,1.8793,true,1,39490
7290000209913,false,עגבניות חתוכות לקוביות 240 גרם יכין,"זנלכל בע""\מ",IL,קוביות עגבניות 240גרם,גרמים,240.00,100 גרם,false,1,5.90,2.4583,true,1,48504
7290000209944,false,רוטב לעגבניות בסיס לשקשוקה 240 ג' יכין,"זנלכל בע""\מ",IL,רוטב עגבניות לשקשוקה יכין 240גרם,גרמים,240.00,100 גרם,false,1,5.90,2.4583,true,1,34730
7290000209951,false,רוטב עגבניות לפיצה 260 גרם יכין,"זנלכל בע""\מ",IL,רוטב פיצה 240גרם יכין,גרמים,240.00,100 גרם,false,1,5.90,2.4583,true,1,24465
7290000209968,false,רוטב עגבניות ללזניה 260 גרם יכין,זנלכול יכין,IL,רוטב לזניה 240גרם,גרמים,240.00,100 גרם,false,1,5.90,2.4583,true,1,48505
7290000210896,false,רוטב לפסטה בולונז 240 גרם יכין,זנלכול יכין,IL,רוטב בולנז 240גרם יכין,גרמים,240.00,100 גרם,false,1,5.90,2.4583,true,1,48510
7290000211169,false,"אורז תאילנדי אחד אחד סוגת 1 ק""ג",האי נאם סי או אל.טי.,IL,"אורז תאילנדי 1 ק""ג",קילוגרמים,1.00,"ק""ג",false,1,8.90,8.9000,true,1,19017
7290000211312,false,סוגת אורז מלא פרסי אחד אחד 1 קג,האי נאם סי או אל.טי.,IL,"אורז מלא ארוך 1 ק""ג",קילוגרמים,1.00,"ק""ג",false,1,11.90,11.9000,true,1,333
7290000211374,false,"קמח חיטה מלא סוגת 1 ק""ג",טחנת קמח דגן-שטיבל,IL,"קמח מלא 1 ק""ג סוגת",קילוגרמים,1.00,"ק""ג",false,1,7.40,7.4000,true,1,334
7290000211442,false,אורז בסגנון פרסי קלאסי סוגת (1 קג),האי נאם סי או אל.טי.,IL,"אורז פרסי 1 ק""ג",קילוגרמים,1.00,"ק""ג",false,1,13.90,13.9000,true,1,336
7290000211503,false,סוכר לבן ארוז בשקית,"סוגת תעשיות בע""\מ",IL,"סוכר לבן ארוז בשקית סוגת 1 ק""ג",קילוגרמים,1.00,"ק""ג",false,1,5.50,5.5000,true,1,337
7290000211985,false,אורז עגול ריזוטו אחד אחד 1 קג,"סוגת תעשיות בע""\מ",IL,"אורז עגול 1 ק""ג",קילוגרמים,1.00,"ק""ג",false,1,13.90,13.9000,true,1,338
7290000238029,false,"בצק עלים צרפתי מרודד מעדנות 1 ק""ג",תנובה מרכז שיתופי לשיווק תוצרת,IL,"בצק עלים 1 ק""ג",קילוגרמים,1.00,"ק""ג",false,1,25.90,25.9000,true,1,401
7290000238036,false,מלאווח מעדנות 6 יח`700 גרם קפוא,תנובה מרכז שיתופי לשיווק תוצרת,IL,מלווח 700 גרם מעדנות,גרמים,700.00,100 גרם,false,1,19.90,2.8429,true,1,402
7290000238173,false,.בורקס במילוי גבינה 800 גרם מעדנות,מיוצר עי קונדיטוריית,IL,בורקס גבינה מעדנות 800 גרם,גרמים,800.00,100 גרם,false,1,26.90,3.3625,true,1,403
7290000238180,false,בורקס במילוי תפוא 800 גרם מעדנות,מיוצר עי קונדיטוריית,IL,"בורקס תפו""א מעדנות 800 גרם",גרמים,800.00,100 גרם,false,1,25.90,3.2375,true,1,404
7290000253220,false,שוקולדצ`יפס לאפייה 260 גר`אופנהיימר,תה ויסוצקי (ישראל) בעמ,IL,שוקולד ציפס חום אופנהיימר 260גרם,גרמים,260.00,100 גרם,false,1,13.90,5.3462,true,1,420
7290000253251,false,נטיפי שוקולד צ`יפס לבן לאפיה 250 גרם,תה ויסוצקי (ישראל) בעמ,IL,שוקולד ציפס אופנהיימר לבן260גר,גרמים,260.00,100 גרם,false,1,13.90,5.3462,true,1,41960
7290000262031,false,נייר טואלט מולט לבבות 32 גלילים,קימברלי קלארק ישראל שיווק בעמ,,נייר טואלט מולט לבבות 32 גלילים,מטרים,58880.00,מטר,false,1,32.90,0.0006,true,1,23204
7290000267012,false,שקד מולבן שלם 100גר שקדיה,דין שיווק וקליה 2021 בעמ,IL,שקד טבעי מולבן שלם 100 גרם שקדיה,גרמים,100.00,100 גרם,false,1,10.90,10.9000,false,1,15711
7290000267029,false,שקדים מולבנים חצויים השף 100 גרם,דין שיווק וקליה 2021 בעמ,IL,שקד טבעי מולבן חצוי 100 גרם שקדיה,גרמים,100.00,100 גרם,false,1,10.90,10.9000,true,1,52957
7290000267043,false,שקדים מולבנים פרוסים השף 100 גרם,דין שיווק וקליה 2021 בעמ,IL,שקד טבעי מולבן פרוס 100 גרם שקדיה,גרמים,100.00,100 גרם,false,1,10.90,10.9000,false,1,15714
7290000267050,false,שקדים טבעיים טחונים השף 100 גרם,דין שיווק וקליה 2021 בעמ,IL,שקדים טחונים 100 גרם שקדיה,גרמים,100.00,100 גרם,false,1,10.90,10.9000,false,1,52959
7290000267104,false,שקד מולבן גרוס 100 גר` דין שיוק,דין שיווק וקליה 2021 בעמ,IL,שקד מולבן מרוסק 100 גרם שקדיה,גרמים,100.00,100 גרם,false,1,10.90,10.9000,true,1,15716
7290000267548,false,אגוזי מלך טחונים השף 100 גרם,דין שיווק וקליה 2021 בעמ,IL,אגוז גרוס 100 גרם שקדיה,גרמים,100.00,100 גרם,false,1,12.90,12.9000,true,1,52960
7290000267586,false,גרעייני חמניה קלופים 150 גר,דין שיווק וקליה 2021 בעמ,,גרעין חמנייה קלוף טבעי 150 גרם שקדיה,גרמים,150.00,100 גרם,false,1,6.90,4.6000,false,1,15735
7290000267678,false,גרעיני דלעת טבעי קלוף שקדיה 150 ג',דין שיווק וקליה 2021 בעמ,,גרעיני דלעת קלופים טבעי 150 גרם שקדיה,גרמים,150.00,100 גרם,false,1,13.90,9.2667,false,1,15736
7290000272467,false,עסיס פטל דיאט סירופ 1 ליטר,קבוצת אוסם סחר שותפות מוגבלת,IL,עסיס סירופ פטל דיאט צבעים טב.12*1ליטר,ליטרים,1.00,ליטר,false,1,21.90,21.9000,true,1,4599
7290000272696,false,מיץ לימון טבעי משומר 1 ליטר עסיס כלפ,קבוצת אוסם סחר שותפות מוגבלת,IL,עסיס מיץ לימון משומר 12*1ליטר,ליטרים,1.00,ליטר,false,1,12.90,12.9000,true,1,467
7290000286297,false,"אנטי קאלק מסיר אבנית מקומקום סנו 700 מ""ל",החברה הדרומית לשיווק בעמ,IL,אנטי קלאק מסיר אבנית מקומקום 700 מל,מיליליטרים,700.00,"100 מ""ל",false,1,14.90,2.1286,true,1,6435
7290000286501,false,ספוג כיף מסאז' 1 יחידה,החב הדרומית לשיווק,,"ספוג כיף מאסז """,יחידה,1.00,יחידה,false,1,8.90,8.9000,true,1,47345
7290000286549,false,מטליות לניקוי כללי סנו סושי 9 יחידות,החברה הדרומית לשיווק בעמ,IL,"סנו סושי מטליות לניקוי כללי, 9 יחידות",לא מנהל יחידת מידה,0.00,לא מנהל יחידת מידה,false,1,14.90,0.0000,true,1,6436
7290000286761,false,ניילון נצמד סנו סושי פלסטיק מארז 30X2 מ',החברה הדרומית לשיווק בעמ,CN,סנו סושי - צמד ניילון נצמד+,מטרים,3000.00,מטר,false,1,11.90,0.0040,true,1,6438
7290000286945,false,סנו רהיט נוזלי תרסיס 500 סמק+אקדח,החברה הדרומית לשיווק בעמ,IL,סנו רהיט נוזל מנקה ומבריק רהיטים 500 מל,מיליליטרים,500.00,"100 מ""ל",false,1,29.90,5.9800,true,1,51291
7290000287102,false,סנו שטיחים קצף לניקוי שטיחים 600 סמק,החברה הדרומית לשיווק בעמ,IL,"סנו ספריי לשטיחים 600 מ""ל",מיליליטרים,600.00,"100 מ""ל",false,1,28.90,4.8167,true,1,524
7290000287195,false,"סנו רהיט ספריי עשיר בווקס להברקה 305 מ""ל",החברה הדרומית לשיווק בעמ,IL,"סנו רהיט אירוסול מנקה, מבריק, מגן ודוחה אבק 300 מל",מיליליטרים,305.00,"100 מ""ל",false,1,17.90,5.8689,true,1,6440
7290000287621,false,"אנטי קאלק נוזל לניקוי אסלות סנו 750 מ""ל",החברה הדרומית לשיווק בעמ,IL,"מנקה אסלות אנטי קאלק 750 מ""ל",מיליליטרים,750.00,"100 מ""ל",false,1,13.90,1.8533,true,1,7159
7290000288017,false,אקונומיקה בריח לימון סנו ז'אוול 1 ליטר,החברה הדרומית לשיווק בעמ,IL,אקונומיקה סנו JAVEL לימון 1 ליטר,ליטרים,1.00,ליטר,false,1,9.90,9.9000,true,1,538
7290000288024,false,סנו - ז'אוול אקונומיקה בריח לימון 4 ליטר,החברה הדרומית לשיווק בעמ,IL,אקונומיקה סנו JAVEL לימון 4 ליטר,ליטרים,4.00,ליטר,false,1,17.90,4.4750,true,1,539
7290000288086,false,אבקת ניקוי עם אקונומיקה בריח לימון סנו ז'אוול 600 ג',החברה הדרומית לשיווק בעמ,IL,חול לניקוי JAVEL אקונ600לימון,גרמים,600.00,100 גרם,false,1,11.90,1.9833,true,1,51292
7290000288109,false,"אבקת כביסה מקסימה אפקט ג''אוול 1.25 ק""ג סנו",החברה הדרומית לשיווק בעמ,,"אבקת כביסה קומפקט מקסימה 1.25 ק""ג",קילוגרמים,1.25,"ק""ג",false,1,16.90,13.5200,true,1,540
7290000288352,false,"קוטל חרקים וזוחלים K-300 סנו 630 מ""ל",החברה הדרומית לשיווק בעמ,IL,K-300,מיליליטרים,630.00,"100 מ""ל",false,1,25.90,4.1111,true,1,545
7290000288383,false,"קוטל נמלים ותיקנים K-500 סנו 400 מ""ל",החברה הדרומית לשיווק בעמ,IL,"משמיד זוחלים K500 סנו 400 מ""ל",מיליליטרים,400.00,"100 מ""ל",false,1,25.90,6.4750,true,1,546
7290000288390,false,קוטל זבובים יתושים קיי 600 סנו (500 מל),החברה הדרומית לשיווק בעמ,IL,"משמיד זבובים יתושים K600 יבש 500 מ""ל",מיליליטרים,500.00,"100 מ""ל",false,1,25.90,5.1800,true,1,547
7290000288413,false,סנו-די דוחה יתושים כדורי סנו (50 מל),החברה הדרומית לשיווק בעמ,IL,"סנו די דוחה יתושים כדורי 50 מ""ל",מיליליטרים,50.00,"100 מ""ל",false,1,21.90,43.8000,true,1,548
7290000288840,false,מים מזוקקים 2 ליטר לגיהוץ,החברה הדרומית לשיווק בעמ,IL,מים מזוקקים 2 ליטר,ליטרים,2.00,ליטר,false,1,17.50,8.7500,true,1,3933
7290000289069,false,סנו - ז'אוול מרסס קצף ניקוי בתוספת אקונומיקה בריח לימון 1 ליטר,החברה הדרומית לשיווק בעמ,IL,קצף ניקוי JAVEL מרסס בריח לימון סנו 1 ל,ליטרים,1.00,ליטר,false,1,18.90,18.9000,true,1,558
7290000289472,false,סנו סושי רב שקית שקיות אשפה90*76 50י,החברה הדרומית לשיווק בעמ,IL,סושי 50 ש.אשפה גדולות במיוחד,לא מנהל יחידת מידה,0.00,לא מנהל יחידת מידה,false,1,23.90,0.0000,true,1,2114
7290000289748,false,"מסיר שומנים לתנורים פורטה פלוס סנו 750 מ""ל",החברה הדרומית לשיווק בעמ,IL,סנו פורטה פלוס 750 מ''ל,מיליליטרים,750.00,"100 מ""ל",false,1,16.90,2.2533,true,1,559
7290000292311,false,פוליויקס נוזל רצפות בניחוח סחלבים סנו 2 ליטר,החברה הדרומית לשיווק בעמ,IL,פוליויקס מנקה ומבריק רצפות 2 ליטר שחלבים,ליטרים,2.00,ליטר,false,1,25.90,12.9500,true,1,567
7290000292557,false,סנומט מלוי נוזלי דוחה יתושים 45 לילות,החברה הדרומית לשיווק בעמ,IT,"סנומט מילוי נוזלי למכשיר חשמלי, דוחה יתושים",Unknown,0.00,Unknown,false,1,21.90,0.0000,true,1,569
7290000292564,false,סנו K-2000 תרסיס מיקרו קפסולרי ללא ריח 750 מ”ל,החברה הדרומית לשיווק בעמ,IL,תכשיר מיקרוקפסורי,מיליליטרים,750.00,"100 מ""ל",false,1,39.50,5.2667,true,1,570
7290000292687,false,סנובון מוצק לניקוי אסלה קלאסיק כחול סנו 3 יחידות,החברה הדרומית לשיווק בעמ,IL,"סנובון סבון אסלה כחול קלאסיק, 3 יחידות",גרמים,165.00,100 גרם,false,1,17.90,10.8485,true,1,572
7290000293073,false,מקסימה מרכך כביסה ביו לבן סנו 4 ליטר,החברה הדרומית לשיווק בעמ,IL,מרכך 4 ליטר,ליטרים,4.00,ליטר,false,1,24.90,6.2250,true,1,573
7290000293820,false,"קרמה מן שמפו וג'ל גל רחצה אקטיב בלוק 700מ""ל",החברה הדרומית לשיווק בעמ,IL,קרמה מן שמפו וג'ל רחצה 2in1 קרבון פאוור,לא מנהל יחידת מידה,0.00,לא מנהל יחידת מידה,false,1,17.90,0.0000,true,1,50433
7290000293943,false,"מרסס לבן מסיר אבנית 1 ליטר אנטי קאלק ""סנו""",החברה הדרומית לשיווק בעמ,IL,אנטי קאלק מסיר אבנית וחלודה לשימוש כללי 1 ליטר,ליטרים,1.00,ליטר,false,1,18.90,18.9000,true,1,574
7290000294780,false,אקונומיקה סמיכה בריח לימון סנו ז'אוול 4 ליטר,החברה הדרומית לשיווק בעמ,IL,אקונומיקה סנו JAVEL סמיכה 4 ליטר,ליטרים,4.00,ליטר,false,1,17.90,4.4750,true,1,579
7290000295121,false,מטליות זיגזג סנו סושי לניקוי רצפות 3יח',החברה הדרומית לשיווק בעמ,,מטליות זיג זג לניקוי רצפות 3 יחידות,לא מנהל יחידת מידה,0.00,לא מנהל יחידת מידה,false,1,18.50,0.0000,true,1,580
7290000295299,false,סנו סושי כריות הפלא רב תכלתיות רביעייה,החברה הדרומית לשיווק בעמ,IL,כרית הפלא סנו סושי 4 יחידות,יחידה,1.00,יחידה,false,1,13.90,13.9000,true,1,7155
7290000295367,false,"מקסימה אבקת כביסה אפקט ז'אוול סנו 2.5 ק""ג",החברה הדרומית לשיווק בעמ,IL,"אבקת כביסה, אפקט JAVEL",קילוגרמים,2.50,"ק""ג",false,1,28.90,11.5600,true,1,7304
7290000295404,false,שקיות אשפה עם שרוך 54 * 65 סנו סושי 60 יחידות,החברה הדרומית לשיווק בעמ,IL,סושי 60 ש.אשפה חזקות עם שרוך,לא מנהל יחידת מידה,0.00,לא מנהל יחידת מידה,false,1,23.90,0.0000,true,1,4939
7290000295503,false,זוג שקיות מזון טבע 19*25 סנו סושי 150 יחידות,החברה הדרומית לשיווק בעמ,CN,שקיות אוכל 19*25 סנו סושי 150 שקיות,לא מנהל יחידת מידה,0.00,לא מנהל יחידת מידה,false,1,14.90,0.0000,true,1,6445
7290000295558,false,"רדיד אלומיניום רוחב 30 ס""מ סנו סושי 2 יח' 7.5 מטר",החברה הדרומית לשיווק בעמ,CN,"רדיד אלומיניום זוג 15 מ רוחב 30 ס""מ",מטרים,1500.00,מטר,false,1,10.90,0.0073,true,1,6456
7290000300900,false,שניצל תירס מרכיבים טבעיים טבעול 750 גרם,קבוצת אוסם סחר שותפות מוגבלת,IL,שניצל תירס טבעול 750 גרם,גרמים,750.00,100 גרם,false,1,29.90,3.9867,true,1,5009
7290000311203,false,"וופלים בטעם שוקולד ""מן"" 200 גרם",רוקחמן בעמ מפעל לייצור ופלים ו,IL,ופלים מן בטעם שוקולד 200 גרם,גרמים,200.00,100 גרם,false,1,5.50,2.7500,true,1,641
7290000311425,false,ופל מצופה עשיריות מן 220 גרם מארז 10 יחידות,רוקחמן בעמ מפעל לייצור ופלים ו,IL,מאגדת ופל מצופה כחול-עשיריה,גרמים,220.00,100 גרם,false,1,11.90,5.4091,true,1,42319
7290000311869,false,מן וופלים שוקולד ללא תוספת סוכר 180 גר,רוקחמן בעמ מפעל לייצור ופלים ו,IL,ופל מן ללא סוכר 180 גרם,גרמים,180.00,100 גרם,false,1,11.90,6.6111,true,1,33609
7290000311890,false,מן וופל לימון ללא סוכר 180 גר-חדש,"רוקחמן בע""מ",IL,וופל מן ללא סוכר לימון 180גרם,גרמים,180.00,100 גרם,false,1,11.90,6.6111,true,1,55261
7290000313160,false,זהבה ושלושת הדובים עוגיות בטעם שוקולד אסם 350 גרם,קבוצת אוסם סחר שותפות מוגבלת,IL,עוגיות ביסקוויט זהבה ו 3 הדובים 250 גרם,גרמים,250.00,100 גרם,false,1,8.90,3.5600,true,1,7077
7290000318127,false,נקניקיות ביס יחיעם (380 גרם),מעדני יחיעם (1993) בעמ,IL,יחיעם נקניקיות ביס 380 גרם,גרמים,380.00,100 גרם,false,1,11.90,3.1316,true,1,5421
7290000318479,false,נקניק פרושוטו בקר יחיעם 100 גרם,מעדני יחיעם ( 1993 ) בע`מ,IL,"יחיעם, פרושוטו , 100 גרם",גרמים,100.00,100 גרם,false,1,34.00,34.0000,true,1,5727
7290000318677,false,נקניק סלמי סרוולט יחיעם 150 גרם,מעדני יחיעם (1993) בעמ,IL,סלמי סרוולט,גרמים,150.00,100 גרם,false,1,29.90,19.9333,true,1,7128
7290000318943,false,פסטרמה של פעם מעושן 1.5% יחיעם 200 גרם,מעדני יחיעם ( 1993 ) בע`מ,IL,"יחיעם, פסטרמה של פעם, 200 גרם",גרמים,200.00,100 גרם,false,1,27.90,13.9500,true,1,7130
7290000319063,false,כתף בקר מפולפל יחיעם 150 גרם,מעדני יחיעם (1993) בעמ,IL,כתף בקר מפולפל 150 גרם,גרמים,150.00,100 גרם,false,1,26.90,17.9333,true,1,38904
7290000319131,false,נקניקיות עוף יחיעם 400 גרם,מעדני יחיעם (1993) בעמ,IL,נקניקיות עוף 400 גר יחיעם,גרמים,400.00,100 גרם,false,1,12.90,3.2250,true,1,5431
7290000319520,false,נקניק סלמי צרפתי יחיעם 100 גרם,מעדני יחיעם (1993) בעמ,IL,סלמי צרפתי 100 גרם יחיעם,גרמים,100.00,100 גרם,false,1,25.90,25.9000,true,1,5728
7290000319803,false,קבנוס קלאסי יחיעם (125 גרם),מעדני יחיעם ( 1993 ) בע`מ,IL,"יחיעם, קבנוס קלאסי 125 גרם",גרמים,125.00,100 גרם,false,1,14.90,11.9200,true,1,32968
7290000319834,false,קבנוס פפרוני יחיעם (125 גרם),מעדני יחיעם ( 1993 ) בע`מ,IL,"יחיעם, קבנוס פפרוני , 125 גרם",גרמים,125.00,100 גרם,false,1,14.90,11.9200,true,1,32967
7290000334042,false,צ`יפסים טוגני תפוח אדמה טוגן (2 קג),קבוצת אסם סחר שות. מוגבלת,IL,תפוגן טוגן 6*2קג,קילוגרמים,2.00,"ק""ג",false,1,29.90,14.9500,true,1,33460
7290000334684,false,תפוגן טבעות בצל לתנור 700 גרם,קבוצת אוסם סחר שותפות מוגבלת,IL,תפוגן טבעות בצל 10*700גרם,גרמים,700.00,100 גרם,false,1,19.90,2.8429,true,1,8245
7290000334912,false,ציפס תפוגן טוגן 800,"תעשיות תפוגן בע""מ",IL,תפוגן טוגן 15*800גרם,גרמים,800.00,100 גרם,false,1,12.90,1.6125,true,1,21824
7290000336053,false,תרכיז סיידר הגליל מיץ תפוחים מרוכז 330 מל,טמפו משקאות בע`מ,IL,סיידר תרכיז 330 בקבוק,מיליליטרים,330.00,"100 מ""ל",false,1,13.60,4.1212,true,1,700
7290000336282,false,"פריגת סיידר צלול 330 מ""ל בקבוק",טמפו משקאות בעמ,IL,סיידר תפוח צלול 330 בקבוק,מיליליטרים,330.00,"100 מ""ל",false,1,8.90,2.6970,true,1,2164
7290000339566,false,מרכך כביסה ורוד בדין (4 ליטר),יוניליוור ישראל שיווק בע`מ,IL,מרכך כביסה בדין ורוד,ליטרים,4.00,ליטר,false,1,25.90,6.4750,true,1,19267
7290000342856,false,מרכך כביסה כחול בדין (4 ליטר),"יוניליוור ישראל שיווק בע""מ",IL,מרכך כביסה בדין כחול,ליטרים,4.00,ליטר,false,1,25.90,6.4750,true,1,19268
7290000345048,false,תה עלים 74 פחית 125 גרם,תה ויסוצקי (ישראל) בעמ,IL,"תה ""74""ויסוצקי 125 גרם",גרמים,125.00,100 גרם,false,1,14.50,11.6000,true,1,47858
7290000345116,false,תה ירוק עלים ויסוצקי (125 גרם),תה ויסוצקי (ישראל) בעמ,IL,תה ירוק 125גרם,גרמים,125.00,100 גרם,false,1,15.90,12.7200,true,1,47859
7290000345215,false,תה כחול קלאסיק ויסוצקי 100 יחידות,תה ויסוצקי (ישראל) בעמ,IL,100/1כחול C2000,גרמים,100.00,100 גרם,false,1,19.50,19.5000,true,1,4671
7290000345260,false,תה קלאסיק מעטפות ויסוצקי 25 יחידות,תה ויסוצקי (ישראל) בעמ,IL,תה קלאסיק 1.5 גרם 25 שקיקים,גרמים,37.00,100 גרם,false,1,8.20,22.1622,true,1,4716
7290000345284,false,תה ויסוצקי קלאסי אריזה ירוקה מרובעת (100 שקיקים),תה ויסוצקי (ישראל) בעמ,IL,100/1.5במעטפה,יחידה,1.00,יחידה,false,1,18.90,18.9000,true,1,5234
7290000345291,false,תה ארל גרי 1.5/ 25 שקיקים ויסוצקי,תה ויסוצקי (ישראל) בעמ,IL,ארל גריי TEAR TAPE - 25,גרמים,38.00,100 גרם,false,1,17.90,47.1053,true,1,4717
7290000345307,false,תה ארל גרי 1.5/ 50 שקיקים ויסוצקי,תה ויסוצקי (ישראל) בעמ,IL,50/1.5א.ג - TEAR TAPE,גרמים,75.00,100 גרם,false,1,32.00,42.6667,true,1,5441
7290000345536,false,תה נענע 1.5/ 25 שקיקים ויסוצקי,תה ויסוצקי (ישראל) בעמ,IL,תה נענע,גרמים,37.00,100 גרם,false,1,21.90,59.1892,true,1,731
7290000346021,false,חליטת קמומיל הגן הקסום ויסוצקי 50 יחידות,תה ויסוצקי (ישראל) בעמ,IL,הגן הקסום חליטת קמומיל בבונג 50 75 גר,גרמים,75.00,100 גרם,false,1,39.90,53.2000,true,1,54603
7290000346120,false,חליטת קינמון הגן הקסום ויסוצקי 25 יחידות,תה ויסוצקי (ישראל) בעמ,IL,קסם הקינמון-הגן הקסום,גרמים,62.00,100 גרם,false,1,19.90,32.0968,true,1,735
7290000346137,false,חליטת הילולי פירות הגן הקסום ויסוצקי 25 יחידות,תה ויסוצקי (ישראל) בעמ,IL,"הילולי פירות-""הגן הקסום """,גרמים,62.00,100 גרם,false,1,19.90,32.0968,true,1,15363
7290000346199,false,חליטת פירות יער הגן הקסום ויסוצקי 25 יחידות,תה ויסוצקי (ישראל) בעמ,IL,"פירות היער-""הגן הקסום """,גרמים,67.00,100 גרם,false,1,19.90,29.7015,true,1,737
7290000346205,false,חליטת קמומיל הגן הקסום ויסוצקי 25 יחידות,תה ויסוצקי (ישראל) בעמ,IL,"קמומיל-""הגן הקסוםC24 ?",גרמים,37.00,100 גרם,false,1,19.90,53.7838,true,1,5442
7290000347738,false,תה ירוק בתוספת עלי נענע 25 שקיקים,תה ויסוצקי (ישראל) בעמ,IL,תה ירוק עם נענע T.T,גרמים,37.00,100 גרם,false,1,26.90,72.7027,true,1,740
7290000347752,false,תה ירוק לימונית ולואיזה 25 שקיקים *1.5 ג'' ויסוצקי,תה ויסוצקי (ישראל) בעמ,IL,תה ירוק עם לימונית/לואיזה T.T,גרמים,37.00,100 גרם,false,1,26.90,72.7027,true,1,741
7290000363363,false,קבנוס נקניק מעושן יבש 160 גרם,תנובה מרכז שיתופי לשיווק תוצרת,IL,טירת צבי קבנוס נקניק מעושן יבש 160 גרם,גרמים,160.00,100 גרם,false,1,18.90,11.8125,true,1,774
7290000364261,false,"דקניקים, סלסולי פסטרמה כתף בקר מעושנת 120 גרם",תנובה מרכז שיתופי לשיווק תוצרת,IL,דקניקים סלסולי כתף בקר 120 גרם,גרמים,120.00,100 גרם,false,1,16.90,14.0833,true,1,21875
7290000364278,false,דקניקים סלסולי סלמי איטלקי משובח טירת צבי 120 גרם,תנובה מרכז שיתופי לשיווק תוצרת,IL,דקניקים סלסולי סלמי איטלקי משובח 120 גרם,גרמים,120.00,100 גרם,false,1,16.90,14.0833,true,1,21876
7290000364285,false,דקניקים סלסולי פסטרמה הודו טירת צבי 120 גרם,תנובה מרכז שיתופי לשיווק תוצרת,IL,דקניקים סלסולי פסטרמה הודו 120 גרם,גרמים,120.00,100 גרם,false,1,16.90,14.0833,true,1,21877
7290000364292,false,דקניקים סלסולי פסטרמה הודו על גחלים 1% טירת צבי 120 גרם,תנובה מרכז שיתופי לשיווק תוצרת,IL,דקניקים סלסולי פסטרמה גחלים 120 גרם,גרמים,120.00,100 גרם,false,1,16.90,14.0833,true,1,24482
7290000364803,false,נקניקיות בקר אמריקאיות טירת צבי 500 גרם,הנסיך- מפעל לייצור ט,IL,"טירת צבי, נקניקיות בקר בסגנון אמריקאי, 500 גרם",גרמים,500.00,100 גרם,false,1,31.90,6.3800,true,1,787
7290000364858,false,"נקניקיות עוף טרי טירת צבי 1 ק""ג",הנסיך- מפעל לייצור ט,IL,"טירת צבי - נקניקיות עוף 1 ק""ג",קילוגרמים,1.00,"ק""ג",false,1,29.90,29.9000,true,1,788
7290000364872,false,נקניקיות עוף טירת צבי (400 גרם),טיב טירת צבי 2000,IL,נקניקיות עוף 400 גרם,גרמים,400.00,100 גרם,false,1,14.90,3.7250,true,1,789
7290000367590,false,פסטרמה כפרית וסלמי פריזר כפרי טירת צבי 2*400 גרם,תנובה מרכז שיתופי לשיווק תוצרת,IL,צמד כפרי פסטרמה סלמי טירת צבי 800 גרם,גרמים,800.00,100 גרם,false,1,32.90,4.1125,true,1,792
7290000369037,false,סלט קוביות בולגרית גבינות ניצן 200 גרם,גבינות אמיר ניצן בעמ,IL,סלט קוביות בולגרית 200 גרם,גרמים,200.00,100 גרם,false,1,18.90,9.4500,true,1,38711
7290000369365,false,מעדן גבינה בולגרית עם חציל 9% ניצן 200 גרם,גבינות אמיר ניצן בעמ,,גבינה בולגרית למריחה וחציל 200 גרם,גרמים,200.00,100 גרם,false,1,13.90,6.9500,true,1,18152
7290000369617,false,מעדן כדורי פטה בשמן מתובל ניצן 230 גרם,גבינות אמיר ניצן בעמ,,כדורי גבינת פטה בשמן 150 גרם,גרמים,150.00,100 גרם,false,1,19.90,13.2667,true,1,18151
7290000369709,false,חמאה עירונית בתוספת ריחן ושום טרי גבינות ניצן 100 גרם,גבינות אמיר ניצן בעמ,,חמאה מתובלת 100 גרם,גרמים,100.00,100 גרם,false,1,13.50,13.5000,true,1,18150
7290000377209,false,בוטנים מטוגנים קליית גת (200 גרם),ליימן שליסל בעמ,IL,בוטנים מטוגנים קליית גת 200 גרם,גרמים,200.00,100 גרם,false,1,8.30,4.1500,true,1,21298
7290000377445,false,נש צ'אנס קליית גת 200 גרם,ליימן שליסל בעמ,IL,נש צ'אנס 200 גר' ב 12,גרמים,200.00,100 גרם,false,1,9.90,4.9500,true,1,16922
7290000377452,false,גרעיני אבטיח קלויים ומלוחים קלית גת 200,הדקלאים אגודת שיתופי,IL,גרעיני אבטיח שק'200 גר',גרמים,200.00,100 גרם,false,1,14.90,7.4500,true,1,6567
7290000377612,false,מיץ תפוזים סחוט טבעי פריגת 400 מל,*החברה המרכזית להפצת משקאותבעמ,IL,פריגת סחוט תפוזים קלאסי,מיליליטרים,400.00,"100 מ""ל",false,1,11.90,2.9750,true,1,800
7290000379104,false,"לחם שחור פרוס 750 גרם ""אנג'ל"" -מוצר בפיקוח",מאפיית אנג'\ל אורנים מאפ,IL,אנג'ל לחם אחיד פרוס ללא תוספת סוכר 750 גרם,גרמים,750.00,100 גרם,false,1,7.11,0.9480,true,1,807
7290000379111,false,לחם לבן פרוס 500 גרם,"איטיליאן פוד, אס.פי.",IL,אנג'ל לחם לבן פרוס 500 גרם,גרמים,500.00,100 גרם,false,1,6.10,1.2200,true,1,34627
7290000379258,false,"חלה מתוקה קונדטוריה ארוזה ""אנג'ל""",מאפיית שלמה א. אנג'\ל בע,IL,אנג'ל חלת קונדיטוריה 500 גרם,גרמים,500.00,100 גרם,false,1,16.90,3.3800,true,1,813
7290000379432,false,לחמניית אצבע אנג'ל,שלמה א. אנג`ל בעמ,IL,לחמניה 75 גרם,גרמים,75.00,100 גרם,false,1,2.90,3.8667,true,1,816
7290000379654,false,חלה קלועה 500 ג' אנג'ל,שלמה א.אנג ל בעמ,IL,חלה קלועה 500 גרם,גרמים,500.00,100 גרם,false,1,5.17,1.0340,true,1,821
7290000408316,false,יוגורט דנונה דל לקטוז 200 גרם,שטראוס גרופ בעמ/מצונן,IL,דנונה ביו 3% 200 גרם,גרמים,200.00,100 גרם,false,1,3.70,1.8500,true,1,935
7290000408354,false,יוגורט עם אורז מצופה שוקולד קקאו 175 ג' דנונה,שטראוס גרופ בעמ/מצונן,IL,בר דנונה פצפוצים,גרמים,175.00,100 גרם,false,1,4.90,2.8000,true,1,936
7290000412481,false,נוזל לניקוי אסלות 00 סנו (1 ליטר),החברה הדרומית לשיווק בעמ,IL,מנקה אסלות 00 סנו 1 ליטר,ליטרים,1.00,ליטר,false,1,9.90,9.9000,true,1,962
7290000416021,false,ממרח בטעם שוקולד השחר העולה (500 גרם),השחר העולה תעשית ממתקים בעמ,IL,ממרח השחר העולה חלבי 500 גרם,גרמים,500.00,100 גרם,false,1,14.90,2.9800,true,1,998
7290000416618,false,"ממרח שוקולד פרווה השחר 400 גרם כשל""פ",השחר העולה תעשית ממתקים בעמ,IL,ממרח שוקולד השחר 400 גרם,גרמים,400.00,100 גרם,false,1,14.50,3.6250,true,1,999
7290000419893,false,לנדוור קפה שחור חזק טחון טורקי 100 גרם,מולינו ניקולי s.p.a,IL,לנדוור לבוקר טחון טורקי 100גרם,גרמים,100.00,100 גרם,false,1,9.90,9.9000,true,1,17652
7290000419909,false,לנדוור קפה שחור לבוקר טחון טורקי 100 גרם,מולינו ניקולי s.p.a,IL,לנדוור חזק קפה טחון טורקי 100גרם,גרמים,100.00,100 גרם,false,1,9.90,9.9000,true,1,17653
7290000420332,false,פופסטאר פופקורן למיקרוגל בטעם חמאה 5 יחידות 500 גרם,"דנשר (1963) בע,מ",US,פופקורן פופ סטאר חמאה 500 גרם,גרמים,500.00,100 גרם,false,1,16.90,3.3800,true,1,18118
7290000430102,false,קוביות קרח בשקית מיסטר אייס 2 קילו,אייס קיובס בעמ מיסטר אייס,,קוביות קרח בשקית,יחידה,1.00,יחידה,false,1,12.90,12.9000,true,1,5273
7290000450209,false,נתחי טונה בהירה בשמן פוסידון (108 גרם),"מיוצר עי וליגר בעמ,",IL,פוסידון נתחי טונה בהירה בשמן 108 גרם,גרמים,108.00,100 גרם,false,1,6.90,6.3889,true,1,1061
7290000450308,false,פוסידון טונה בהירה במי מלח 77 גרם,ויליגר בעמ עבור נטו,IL,טונה במים פוסידון 108 גרם,גרמים,108.00,100 גרם,false,1,6.70,6.2037,true,1,1065
7290000453019,false,שמרים טריים לאפייה שקית שמרית 50 ג',שטראוס גרופ בעמ/מצונן,IL,שמרית שמרים טריים לאפייה 50 גרם,גרמים,50.00,100 גרם,false,1,5.50,11.0000,true,1,1067
7290000453408,false,בצק פיצה דק מצונן ומוכן לאפייה שמרית 415 גרם,שטראוס גרופ בעמ/מצונן,GR,בצק פיצה דק מצונן ומוכן לאפייה - שמרית,גרמים,150.00,100 גרם,false,1,18.90,12.6000,true,1,47419
7290000453415,false,בצק עלים מצונן ומוכן לאפייה שמרית 300 גרם,שטראוס גרופ בעמ/מצונן,FR,בצק עלים מצונן ומוכן לאפייה - שמרית,גרמים,150.00,100 גרם,false,1,17.90,11.9333,true,1,47417
7290000461625,false,בייגלה שמיניות מלח בייגל בייגל 400 ג',יוניליוור ישראל שיווק בע`מ,IL,כעכים עם מלח בייגל בייגל,גרמים,400.00,100 גרם,false,1,13.90,3.4750,true,1,1085
7290000461656,false,בייגלה מקלות מלוחים בייגל בייגל 400 גרם,"יוניליוור ישראל שיווק בע""מ",IL,כעכים בצורת מקלות עם מלח בייגל בייגל,גרמים,400.00,100 גרם,false,1,13.90,3.4750,true,1,1087
7290000461700,false,בייגלה שמיניות גדולות מלוחות 400 גרם,יוניליוור ישראל שיווק בע`מ,IL,כעכים גדולים עם מלח בייגל בייגל,גרמים,400.00,100 גרם,false,1,15.90,3.9750,true,1,1088
7290000461793,false,בייגלה ארוך ארוך סידרה ירוקה בייגל בייגל 150 גרם,יוניליוור ישראל שיווק בע`מ,IL,כעכים בצורת מקלות עם מלח בייגל בייגל,גרמים,150.00,100 גרם,false,1,7.40,4.9333,true,1,1091
7290000462172,false,סחוג זחוק ירוק תימני חריף זהבי (150 גרם),שטראוס גרופ בעמ/מצונן,IL,זחוק זהבי ירוק חריף 150 גרם,גרמים,150.00,100 גרם,false,1,9.90,6.6000,true,1,1097
7290000467153,false,מלך החומוס סמיר הגדול 400 גרם צבר,קבוצת אוסם סחר שותפות מוגבלת,IL,צבר חומוס סמיר הגדול 6*400גרם,גרמים,400.00,100 גרם,false,1,14.90,3.7250,true,1,27728
7290000467320,false,מלך החומוס אבו מרוואן 400 גרם,קבוצת אוסם סחר שותפות מוגבלת,IL,צבר חומוס אבו מרוואן 6*400גרם,גרמים,400.00,100 גרם,false,1,14.90,3.7250,true,1,27729
7290000467511,false,ביסלי חטיף ברביקיו אסם 55 ג',"אסם השקעות בע""מ",,ביסלי ברביקיו 55 גרם,גרמים,55.00,100 גרם,false,1,4.90,8.9091,true,1,28229
7290000467887,false,ביסלי בטעם פיצה 55 גרם אסם,"אסם השקעות בע""מ",,ביסלי פיצה 55 גרם,גרמים,55.00,100 גרם,false,1,4.90,8.9091,true,1,28230
7290000468747,false,ביסלי חטיף גריל אסם 55 ג',"אסם השקעות בע""מ",,ביסלי גריל 55 גרם,גרמים,55.00,100 גרם,false,1,4.90,8.9091,true,1,28231
7290000468877,false,ביסלי בטעם בצל 55 גרם אסם,"אסם השקעות בע""מ",,ביסלי בצל 55 גרם,גרמים,55.00,100 גרם,false,1,4.90,8.9091,true,1,28232
7290000474090,false,"חלב בקרטון 1%- 1 ליטר בד""צ - מוצר בפיקוח",*החברה המרכזית להפצת משקאותבעמ,IL,"חלב בקרטון 1%- 1 ליטר בד""צ",ליטרים,1.00,ליטר,false,1,5.86,5.8600,true,1,1147
7290000474540,false,גבינה טוב טעם 3% טרה 250ג' מהדרין,החברה המרכזית טלהפצת משקאות בע,IL,"טרה, טוב טעם, גבינה לבנה 3% , 250 גרם",גרמים,250.00,100 גרם,false,1,12.90,5.1600,true,1,1153
7290000480107,false,קוואקר שיבולת שועל פחית 500 גרם,שטראוס פריטו ליי בעמ,,שיבולת שועל קוואקר פחית 500 גרם,גרמים,500.00,100 גרם,false,1,15.90,3.1800,true,1,1158
7290000480442,false,קוואקר שיבולת שועל בשקית 500 גרם,שטראוס פריטו ליי בע`מ,IL,שיבולת שועל קוואקר שקית 500 גרם,גרמים,500.00,100 גרם,false,1,14.80,2.9600,true,1,1161
7290000481135,false,לחם איכרים עגבניות מ,דגנית עין בר,,לחם איכרים עגבניות מיובשות 500 גרם,גרמים,500.00,100 גרם,false,1,17.90,3.5800,true,1,15219
7290000481531,false,דגנית עין בר לחמניות אצבע מחיטה מלאה בשקית 750 ג',דגנית עין בר תעשיות מזון ואפיה,IL,לחמניות אצבע חיטה מלאה 10 יח,גרמים,750.00,100 גרם,false,1,13.00,1.7333,true,1,32813
7290000481944,false,לחם דגנים קל דגנית עין בר (500 גרם),דגנית עין בר תעשיות מזון ואפיה,,לחם דגנים קל 500 גרם,גרמים,500.00,100 גרם,false,1,17.90,3.5800,true,1,15197
7290000482019,false,שקיות לצליה קוקי 10 יחידות,"ש. שסטוביץ בע""מ",IL,שקיות לצליה קוקי 10 יחידות,לא מנהל יחידת מידה,0.00,לא מנהל יחידת מידה,false,1,15.50,0.0000,true,1,1164
7290000484747,false,"ארק עלית 700 מ""ל 40% יקב הגליל*",יקב הגליל יוסף גולד ובניו,,"עלית הארק 40% בקבוק 700 מ""ל",מיליליטרים,700.00,"100 מ""ל",false,1,59.90,8.5571,true,1,33663
7290000490762,false,גלידל שוקו פלדמן מארז שמינייה,הגלידות של פלדמן,IL,גלידל שוקו 8,גרמים,400.00,100 גרם,false,1,36.90,9.2250,true,1,50381
7290000493183,false,אבקת רוטב פטריות לבשר-30 גרם,קבוצת אוסם סחר שותפות מוגבלת,IL,אסם אבקת רוטב פטריות 3 12*30גרם,גרמים,30.00,100 גרם,false,1,5.50,18.3333,true,1,1184
7290000503790,false,מגבונים לחים האגיס,יושלם,,מגבונים לחים האגיס 72 יח מילוי,לא מנהל יחידת מידה,0.00,לא מנהל יחידת מידה,false,1,9.80,0.0000,true,1,26189
7290000504049,false,סוכרזית קלאסי קנקן 1200 טבליות,אף.סי תבליני בגליל ב,IL,ממתיק סוכרזית קנקן 1200 טבליות,גרמים,98.00,100 גרם,false,1,23.90,24.3878,true,1,1260
7290000504209,false,"סוכרזית דיאט טיפ נוזלי 220 מ""ל",אף.סי תבליני בגליל ב,IL,"סוכרזית קלאסי, ממתיק נוזלי בטעם הקלאסי 220 מל",מיליליטרים,220.00,"100 מ""ל",false,1,22.90,10.4091,true,1,1261
7290000504278,false,ממתיק סוכרזית אריזת פטנט 700 טבליות,אף.סי תבליני בגליל ב,IL,ממתיק סוכרזית פטנט 700 טבליות,גרמים,57.00,100 גרם,false,1,18.90,33.1579,true,1,1262
7290000518121,false,מתוק וקל אריזה 50 שקיות 50 גרם,מתוק וקל בע`מ,IL,ממתיק אבקה דקסטרוזה וסכרין 50 גר,יחידה,1.00,יחידה,false,1,6.90,6.9000,true,1,1274
7290000518169,false,ממתיק מתוק וקל 1000 טבליות,מתוק וקל בע`מ,IL,טבליות ממתיק על בסיס סכרין 1000 יח' 80 גר,יחידה,1.00,יחידה,false,1,8.90,8.9000,true,1,1275
7290000518190,false,מתוק וקל סטיביה 100 יחידות,מתוק וקל,,מתוק וקל סטיביה 100 שקיות,יחידה,1.00,יחידה,false,1,26.90,26.9000,true,1,36351
7290000518220,false,ממתיק סוכרה דיאט 100 יחידות,מתוק וקל בעמ,IL,סוכרה להמתקה לבישול ואפייה 100 יח,גרמים,100.00,100 גרם,false,1,28.90,28.9000,true,1,36352
7290000518336,false,ממתק צמר גפן מתוק מסיבים תזונתיים,מתוק וקל בעמ,IL,מוש צמר גפן מתוק מסיבים תזונתיים 10 גרם,גרמים,10.00,100 גרם,false,1,5.90,59.0000,true,1,55279
7290000521008,false,יין אדום יבש של סגל (750 מל),"כרמי צבי - אחים סגל בע""\",IL,יין אדום יבש של סגל 750 מל,מיליליטרים,750.00,"100 מ""ל",false,1,22.90,3.0533,true,1,1296
7290000521015,false,יין לבן יבש של סגל (750 מל),פארייפאבה אגרואינדוס,IL,סגל יין לבן יבש 2016 750 מל,מיליליטרים,750.00,"100 מ""ל",false,1,22.90,3.0533,true,1,1297
7290000521022,false,יין לבן חצי יבש של סגל (750 מל),פארייפאבה אגרואינדוס,IL,סגל לבן חצי יבש 2015 750 מל,מיליליטרים,750.00,"100 מ""ל",false,1,22.90,3.0533,true,1,16557
7290000521367,false,"זני של סגל מרלו 750 מ""ל",קריות זול,,"יין של סגל מרלו 750 מ""ל",מיליליטרים,750.00,"100 מ""ל",false,1,34.90,4.6533,true,1,1301
7290000521411,false,יין מרום גליל סינגל מרלו 750 מל,תאי פרזידנט פוד פאבל,IL,"סגל, מרום גליל, מרלו 750 מל",מיליליטרים,750.00,"100 מ""ל",false,1,54.90,7.3200,true,1,24013
7290000521428,false,"יין שרדונה מרום גליל 750 מ""ל","כרמי צבי-אחים סגל בע""\מ",IL,מרום גליל שרדונה 750 מ- 12 בקבוקים,מיליליטרים,750.00,"100 מ""ל",false,1,54.90,7.3200,true,1,35978
7290000523125,false,מלח הארץ הים האדום 250 ג' עדין,"חברת מלח הארץ אילת בע""\מ",IL,מלח הארץ מהים האדום מלח ים דק 250 גרם,גרמים,250.00,100 גרם,false,1,6.50,2.6000,true,1,7143
7290000523224,false,מלח הארץ הים האדום 500 ג' עדין,"חברת מלח הארץ אילת בע""\מ",IL,מלח הארץ מהים האדום מלח ים דק,גרמים,500.00,100 גרם,false,1,8.30,1.6600,true,1,7144
7290000523514,false,מלח ים יבש מופחת נתרן מלח הארץ (250 גרם),"חברת מלח הארץ אילת בע""\מ",IL,מלח הארץ 50% מכמות נתרן 250 גרם,גרמים,250.00,100 גרם,false,1,11.90,4.7600,true,1,7145
7290000525969,false,מיץ תפוזים סחוט רכיבים טבעיים פרימור 1 ליטר,שטראוס גרופ בעמ/מצונן,IL,פרימור מיץ תפוזים 1 ליטר,ליטרים,1.00,ליטר,false,1,17.90,17.9000,true,1,1306
7290000530413,false,המבורגר זהב זוגלובק 400 גרם,נקניק נהריה כשר זוגל,IL,זוגלובק המבורגר זהב 400 גרם,גרמים,400.00,100 גרם,false,1,21.90,5.4750,true,1,1310
7290000530598,false,נקניקיות עוף וינר זוגלובק 500 גרם,נקניק נהריה כשר זוגל,IL,נקניקיות וינר 500 גרם זוגלובק,גרמים,500.00,100 גרם,false,1,18.30,3.6600,true,1,1311
7290000530703,false,פסטרמה חרמון כפרית ונקניק תה מעושן זוגלובק 2*400 גרם,נקניק נהריה כשר זוגל,IL,זוגלובק זוג חרמון הודו ועוף 400+סלמי תה 400 גרם,גרמים,800.00,100 גרם,false,1,34.90,4.3625,true,1,6674
7290000537566,false,נקניקיות עוף טרי 400 ג' זוגלובק,נקניק נהריה כשר זוגל,IL,זוגלובק נקניקיות עוף 400 גרם,גרמים,400.00,100 גרם,false,1,14.90,3.7250,true,1,1342
7290000538709,false,נקניק סלמי תה מעושן זוגלובק 200 גרם,נקניק זוגלובק נהריה,IL,זוגלובק סלמי תה מעושן 200 גרם,Unknown,0.00,Unknown,false,1,11.90,0.0000,true,1,40876
7290000542072,false,לחמנייה בונצס 125 גר,מאפיית אנג'ל,IL,לחמנייה בונצס 125 גרם,גרמים,125.00,100 גרם,false,1,4.10,3.2800,true,1,46824
7290000552927,false,בשר עוף קפוא טחון טיבון ויל (500 גרם),"טיבון ויל אחזקות בע""\מ",IL,טיבון ויל בשר עוף טחון 500 גרם,גרמים,500.00,100 גרם,false,1,14.50,2.9000,true,1,1399
7290000552989,false,בשר טחון טיבון ויל 500 גרם,"טיבון ויל אחזקות בע""\מ",IL,טיבון וויל בשר עגל טחון קפוא 500 גרם,גרמים,500.00,100 גרם,false,1,30.90,6.1800,true,1,1401
7290000554006,false,גבינה קשקבלו משולשים,מחלבות גד,,גבינה קשקבלו משולשים 26% במשקל גד,קילוגרמים,1.00,"ק""ג",true,,122.90,122.9000,true,1,31129
7290000554402,false,מעדן חלב מלבי גד (160 גרם),מחלבות גד שיווק 1992 בעמ,IL,מלבי מעדן חלב גד 170 גרם,גרמים,170.00,100 גרם,false,1,6.90,4.0588,true,1,1402
7290000554457,false,גבינה צפתית 5% 350 גרם - רבנות,מחלבות גד שיווק 1992 בעמ,IL,גד צפתית גבינה מלוחה במליחות עדינה 5% 350 גרם,גרמים,350.00,100 גרם,false,1,25.90,7.4000,true,1,1403
7290000554471,false,נקניק מוצרלה 22 אחוז 180גרם גד מהדרין,מחלבות גד שיווק 1992 בעמ,IL,גבינת מוצרלה 22% צמה 180 גרם,גרמים,180.00,100 גרם,false,1,19.90,11.0556,true,1,1404
7290000554532,false,גבינה צפתית מעודנת במלח ים 5% 200 ג' גד,מחלבות גד שיווק 1992 בעמ,IL,גד צפתית מעודנת 5% שומן,גרמים,200.00,100 גרם,false,1,16.90,8.4500,true,1,20799
7290000554600,false,מוצרלה מגורדת 22 אחוז 300גרם גד מהדרין,מחלבות גד שיווק 1992 בעמ,IL,גד מוצרלה מגורדת מחלב בקר 22% 300 גרם,גרמים,300.00,100 גרם,false,1,27.90,9.3000,true,1,1407
7290000554624,false,ירח מתוק מעדן חלב עם אורז 3% גד 150 גרם,מחלבות גד שיווק 1992 בעמ,IL,"ירח מתוק ,מעדן חלב עם אורז 3% , 150 גרם",גרמים,150.00,100 גרם,false,1,6.90,4.6000,true,1,1408
7290000554686,false,גבינת לאבנה בתוספת שמן זית וזעתר 5% גד 250 גרם,מחלבות גד שיווק 1992 בעמ,IL,גד לאבנה בתוספת שמן זית וזעתר 5%,גרמים,250.00,100 גרם,false,1,14.90,5.9600,true,1,1409
7290000554822,false,ריקוטה גבינה לבנה בסגנון איטלקי 5% גד 250 גרם,מחלבות גד שיווק 1992 בעמ,IL,גבינה ריקוטה גד 250 גרם,גרמים,250.00,100 גרם,false,1,16.90,6.7600,true,1,1412
7290000554839,false,מסקרפונה שמנת מתוקה קשה בסגנון איטלקי 40% גד 250 גרם,מחלבות גד שיווק 1992 בעמ,IL,גבינה מוקצפת מסקרפונה 250 גרם גד,גרמים,250.00,100 גרם,false,1,23.90,9.5600,true,1,1413
7290000560533,false,אדג`פרו ג`ל לגילוח רגיל ירוק 220 מל,אס.סי ג'ונסון ובניו,US,200 מל גל גילוח אדג בתוספת אלוורה,מיליליטרים,200.00,"100 מ""ל",false,1,18.90,9.4500,true,1,1431
7290000560540,false,אדג`פרו ג`ל לגילוח עור רגיש כתום220,המאפיה של הרמן,US,אדג ג'ל גילוח לעור רגיש עם אלוורה 200 מל,מיליליטרים,200.00,"100 מ""ל",false,1,18.90,9.4500,true,1,1432
7290000560557,false,אדג' ג'ל סגול כהה לעור יבש 198ג',אס.סי ג'ונסון ובניו,US,"ג""ל גילוח אדג ריכוך עור 200 מ""ל",מיליליטרים,200.00,"100 מ""ל",false,1,18.90,9.4500,true,1,1433
7290000571232,false,גבינת גאודה טבעית פרוס 30% המחלווה 150ג',גבינות משק אחים מאיר בית,IL,גבינה גאודה פרוס המחלבה 150 גרם,גרמים,150.00,100 גרם,false,1,25.90,17.2667,true,1,18384
7290000571386,false,המחלבה יוגורמה יוגורט מחלב כבשים 5% 850 גרם,גבינות משק אחים מאיר בית,IL,יוגורט יוגורמה מחלב כבשים 850גרם המחלבה,גרמים,850.00,100 גרם,false,1,29.90,3.5176,true,1,1444
7290000571393,false,המחלבה יוגורמה יוגורט מחלב כבשים 5% 140 גרם,מחלבות גד שיווק 1992 בעמ,IL,המחלבה יוגורמה יוגורט מחלב כבשים 5% 140 גרם,גרמים,140.00,100 גרם,false,1,7.50,5.3571,true,1,1445
7290000571478,false,גבינת עיזים תום פרוסה המחלבה (200 גרם),גבינות משק אחים מאיר בית,IL,גאודה-תום פרוסה 200 גרם,גרמים,150.00,100 גרם,false,1,40.90,27.2667,true,1,22047
7290000571812,false,פרמז`ן מגורד המחלבה (200 גרם),מחלבות גד שיווק 1992 בעמ,IL,גבינת פרמזן מגורדת המחלבה 200 גרם,גרמים,200.00,100 גרם,false,1,23.90,11.9500,true,1,27677
7290000571881,false,"משקה יוגורט מחלב עיזים 3.6% 500 מ""ל",מחלבות גד שיווק 1992 בעמ,IL,"משקה יוגורט המחלבה מחלב עזים 500 מ""ל",מיליליטרים,500.00,"100 מ""ל",false,1,14.90,2.9800,true,1,41202
7290000571928,false,"יוגורמה כבשים עם גרעינים, אגוזים וחמוציות ממותקות",מחלבות גד שיווק 1992 בעמ,IL,יוגורמה כבשים אגוזים זרעים142גרם המחלבה,גרמים,142.00,100 גרם,false,1,7.50,5.2817,true,1,50250
7290000572208,false,חלוה בטעם וניל אחווה 100 גרם,שוורצקוף& הנקל דיסלד,IL,אחוה חלוה בטעם וניל 100 גרם,גרמים,100.00,100 גרם,false,1,3.90,3.9000,true,1,1446
7290000574066,false,לחם מלא פלוס שיפון 750 ג' דגנית עין בר,דגנית עין בר תעשיות מזון ואפיה,IL,לחם מלא פלוס שיפון,גרמים,750.00,100 גרם,false,1,13.90,1.8533,true,1,28107
7290000574172,false,לחם קל מחיטה מלאה 750 ג' דגנית עין בר,דגנית עין בר תעשיות מזון ואפיה,IL,לחם קל מחיטה מלאה 750 גרם,גרמים,750.00,100 גרם,false,1,15.90,2.1200,true,1,19634
7290000574455,false,לחם חיטה מלא פלוס כוסמין 750 ג' דגנית עין בר,דגנית עין בר תעשיות מזון ואפיה,IL,לחם חיטה מלאה פלוס כוסמין 750 גרם,גרמים,750.00,100 גרם,false,1,14.90,1.9867,true,1,30818
7290000591728,false,מצות ראשון כשר לפסח,מצות ראשון,,"מצות ראשון כשר לפסח 1 ק""ג",קילוגרמים,1.00,"ק""ג",false,1,15.90,15.9000,true,1,15618
7290000591742,false,קמח מצה לבן כשר לפסח,מצות ראשון לציון,,קמח מצה לבן כשר לפסח 500 גרם,גרמים,500.00,100 גרם,false,1,8.50,1.7000,true,1,15620
7290000591797,false,מצה מצופה שוקולד מרי,מצות ראשון לציון,,שוקומצה כשר לפסח 200 גרם,גרמים,200.00,100 גרם,false,1,17.90,8.9500,true,1,15624
7290000644783,false,נתחי פילה סלמון קפוא קג,תנובה קפואים,,"נתחי פילה סלמון בואקום לק""ג",קילוגרמים,1.00,"ק""ג",true,,105.00,105.0000,true,1,22311
7290000652542,false,פילה אמנון 5-7 100% דג- תנובה,תנובה קפואים,CN,פילה אמנון קפוא 5-7 100% דג לקג,קילוגרמים,1.00,"ק""ג",true,,39.00,39.0000,true,1,49092
7290000652832,false,נתחי סלמון קפוא ללא עור,MORE,NO,זוג נתחי פילה סלמון קפוא ללא עור לקג,קילוגרמים,1.00,"ק""ג",true,,119.00,119.0000,true,1,49093
7290000654546,false,פילה אמנון 7-9 100% דג תנובה,תנובה,IL,דג אמנון 7-9 100%דג,קילוגרמים,1.00,"ק""ג",true,,39.00,39.0000,true,1,49794
7290000655376,false,פילה דניס קפוא בוואקום 100% דג תנובה,תנובה קפואים,TR,פילה דניס קפוא 100% דג,קילוגרמים,1.00,"ק""ג",true,,94.00,94.0000,true,1,36007
7290000659312,false,דגי תנובה פילה סלומון קפוא בוואקום,תנובה בשר,,"פילה סלמון בואקום לק""ג",קילוגרמים,1.00,"ק""ג",true,,97.00,97.0000,true,1,2933
7290000662817,false,סלמון מעושן 100 גרם נורבגי מדג טרי,דגיים קפואים,צ'ילה (TDE),סלמון מעושן 100גרם,גרמים,100.00,100 גרם,false,1,23.90,23.9000,true,1,52787
7290000663036,false,פילה אמנון קפוא ללא עור 100% דג תנובה,תנובה מרכז שיתופי לשיווק תוצרת,IL,"פילה אמנון ללא עור 100% דג לק""ג",קילוגרמים,1.00,"ק""ג",true,,39.00,39.0000,true,1,52091
7290000663128,false,רצועות ריב אנטריקוט עדיי,תנובה בשר,IL,רצועות ריב אנטריקוט תיבול עדין 300 גרם,גרמים,300.00,100 גרם,false,1,39.90,13.3000,true,1,53193
7290000679440,false,"קמיל בלו משחת החתלה לתינוק ד""ר פישר 100 גרם","פישר תעשיות פרמבצטיות בע""מ",IL,משחה לתינוק,גרמים,100.00,100 גרם,false,1,14.90,14.9000,true,1,41280
7290000688077,false,"מי עדן 0.500 מ""ל פקק רגיל",יפאורה שותפות מוגבלת לשיווק,IL,מים מינרליים מי עדן פקק רגיל 0.5 ל',מיליליטרים,500.00,"100 מ""ל",false,1,3.90,0.7800,true,1,35633
7290000688084,false,מי עדן פקק ספורטאים500מל,יפאורה שותפות מוגבלת לשיווק,IL,"מי עדן בקבוק ספורט 500 מ""ל",מיליליטרים,500.00,"100 מ""ל",false,1,3.90,0.7800,true,1,34520
7290000688381,false,מים מינרלים פקק ספורט מי עדן (500x6 מל),יפאורה שותפות מוגבלת לשיווק,,"מי עדן בקבוק אישי שישייה 500 מ""ל",ליטרים,3.00,ליטר,false,1,14.90,4.9667,true,1,34523
7290000688466,false,מי עדן 0.75 ליטר ספורט בודד,יפאורה שותפות מוגבלת לשיווק,IL,"מי עדן GYM בקבוק ספורט 750 מ""ל",מיליליטרים,750.00,"100 מ""ל",false,1,5.50,0.7333,true,1,34524
7290000688503,false,"מים מינרלים פקק ספורט מי עדן 6*750 מ""ל",יפאורה שותפות מוגבלת לשיווק,,"מי עדן ספורט שישייה בקבוק 750 מ""ל",ליטרים,4.50,ליטר,false,1,18.90,4.2000,true,1,34525
7290000692210,false,נוזל לניקוי כללי ורצפות בניחוח לבנדר אג'קס 2 ליטר,הנסיך- מפעל לייצור ט,GR,אג'קס נוזל לניקוי כללי ורצפות בניחוח לבנדר 2 ליטר,ליטרים,2.00,ליטר,false,1,22.90,11.4500,true,1,7120
7290000692227,false,נוזל כלים פלמוליב צילינדר קלאסי 1 ליטר,יבואן ומשווק: ש. שסט,GR,פלמוליב נוזל לניקוי כלים קלאסי 1 ליטר,ליטרים,1.00,ליטר,false,1,14.90,14.9000,true,1,1595
7290000801476,false,אקמול לשיכוך כאבים וחום,טבע,,אקמול 14 קפליות,לא מנהל יחידת מידה,0.00,לא מנהל יחידת מידה,false,1,15.90,0.0000,true,1,33015
7290000802886,false,אלרין תרסיס טיפות אף,פריגו,US,"אלרין תרסיס טיפות אף 30 מ""ל מבוגרים",מיליליטרים,30.00,"100 מ""ל",false,1,37.80,126.0000,true,1,52881
7290000805900,false,"מזון חתולים לה קט עוף 2.85 ק""ג",דיפלומט מפיצים (1968) בעמ**,FR,לה קט עוף 2.85 קג,קילוגרמים,2.85,"ק""ג",false,1,59.90,21.0175,true,1,5573
7290000849478,false,"סרקל מרכך לילדים מכיל רוזמרין 500 מ""ל",פישר מעבדות פרמצבטיות בע,IL,דר פישר סרקל מרכך לילדים ללא דמעות 500 מל,מיליליטרים,500.00,"100 מ""ל",false,1,16.90,3.3800,true,1,41282
7290000850160,false,"נורופן לילדים בטעם תפוז 100 מ""ל",רקיט בנקיזר,,"נורופן לילדים תרחיף בטעם תפוז 100 מ""ל",מיליליטרים,100.00,"100 מ""ל",false,1,24.90,24.9000,true,1,33038
7290000982113,false,עגבניית טעם,חקלאי,IL,עגבניה טעם,קילוגרמים,1.00,"ק""ג",true,,19.90,19.9000,true,1,55351
7290001019047,false,סינטה פרוס לה דליקטס,לה דליקטס ארט,IL,סינטה פרוס לה דליקטס 100 גרם,גרמים,100.00,100 גרם,false,1,37.90,37.9000,true,1,52689
7290001019061,false,רוסטביף פרוס לה דליק,לה דליקטס ארט,IL,רוסטביף פרוס לה דליקטס 150 גרם,גרמים,150.00,100 גרם,false,1,34.90,23.2667,true,1,52691
7290001019078,false,סלמי קרקובר לה דליקס,לה דליקטס ארט,IL,סלמי קרקובר לה דליקסט 150 גרם,גרמים,150.00,100 גרם,false,1,26.90,17.9333,true,1,52693
7290001019368,false,שיפונד פרוס לה דליקט,לה דליקטס ארט,IL,שיפונד פרוס לה דליקטס 100 גרם,גרמים,100.00,100 גרם,false,1,37.90,37.9000,true,1,52690
7290001019894,false,פסטרמי לה דליקטס 12,לה דליקטס ארט,IL,פסטרמי לה דליקטס 120 גרם,גרמים,120.00,100 גרם,false,1,26.90,22.4167,true,1,52962
7290001019917,false,אנטריקוט פרוס לה דלי,לה דליקטס ארט,IL,אנטריקוט פרוס לה דליקטס 100 גרם,גרמים,100.00,100 גרם,false,1,37.90,37.9000,true,1,52684
7290001019924,false,נקניק צרפתי לה דליקט,לה דליקטס ארט,IL,נקניק צרפתי לה דליקטס 100 גרם,גרמים,100.00,100 גרם,false,1,37.90,37.9000,true,1,52685
7290001019955,false,נקניק רוזט לה דליקט,לה דליקטס ארט,IL,נקניק רוזט לה דליקטס 100 גרם,גרמים,100.00,100 גרם,false,1,37.90,37.9000,true,1,52760
7290001045169,false,מיץ תפוחי עץ צלול פרימור 1 ליטר,שטראוס גרופ בעמ/מצונן,IL,פרימור מיץ תפוחים 100% 1 ליטר,ליטרים,1.00,ליטר,false,1,17.90,17.9000,true,1,4234
7290001045657,false,פרימור מיץ תפוחים סחוט מקורר 400מל,שטראוס גרופ בעמ/מצונן,IL,פרימור מיץ תפוחים 100% מיץ צלול מיוצר מרכז 400 מל,מיליליטרים,400.00,"100 מ""ל",false,1,10.90,2.7250,true,1,4220
7290001045688,false,"מיץ תפוזים סחוט פרימור 400 מ""ל",שטראוס גרופ בעמ/מצונן,IL,פרימור מיץ תפוזים סחוט 400 מל,מיליליטרים,400.00,"100 מ""ל",false,1,10.90,2.7250,true,1,4233
7290001121238,false,קורנדביף 4% שומן יחיעם (180 גרם).,מעדני יחיעם ( 1993 ) בע`מ,IL,יחיעם קורנד ביף 180 גרם,גרמים,180.00,100 גרם,false,1,29.90,16.6111,true,1,21314
7290001121849,false,פסטרמה ברביקיו יחיעם 250 גרם ר.טבעיים,מעדני יחיעם ( 1993 ) בע`מ,IL,פסטרמה ברביקיו יחיעם 100% חומרים טבעיים,גרמים,250.00,100 גרם,false,1,29.90,11.9600,true,1,37760
7290001121979,false,נקניק סלמי הרץ מעדני יחיעם 150 גרם,מעדני יחיעם ( 1993 ) בע`מ,IL,"יחיעם, סלמי הרץ, 150 גרם",גרמים,150.00,100 גרם,false,1,26.90,17.9333,true,1,25156
7290001123775,false,שווארמה אמיתית פרגיות טיבון ויל 500 גרם,"טיבול ויל אחזקות בע""",IL,טיבון ויל שווארמה פרגיות מוכן 500 גרם,גרמים,500.00,100 גרם,false,1,34.50,6.9000,true,1,38
7290001216040,false,טחינה גולמית שומשום טהור אל ארז 500 גרם,אגס ירוק מסחר ושירותים,IL,טחינת אל ארז 500 גרם,גרמים,500.00,100 גרם,false,1,17.90,3.5800,true,1,33791
7290001216231,false,טחינה גולמית שומשום מלא אל ארז 500 גרם,אגס ירוק מסחר ושירותים,IL,טחינה מלאה אל ארז 500 גרם,גרמים,500.00,100 גרם,false,1,18.90,3.7800,true,1,33792
7290001230234,false,כאמל צהוב סופט חפיסה,גיי טי אינטרנשיונל,,סיגריות כאמל סופט חפיסה בודד,יחידה,0.00,יחידה,false,1,31.60,0.0000,false,1,2260
7290001230331,false,כאמל בוקס קופסא בודד,Unknown,,סיגריות כאמל בוקס חפיסה בודד,יחידה,0.00,יחידה,false,1,31.60,0.0000,false,1,2261
7290001230739,false,כאמל כחול חפיסה חפיסה,Unknown,,סיגריות כאמל כחול חפיסה בודד,יחידה,0.00,יחידה,false,1,31.60,0.0000,false,1,4966
7290001231233,false,סיגריות וינסטון בוקס,Unknown,,סיגריות וינסטון בוקס חפיסה בודד,Unknown,0.00,Unknown,false,1,33.70,0.0000,false,1,2254
7290001231932,false,ווינסטון כחול בוקס חפיסה,Unknown,,סיגריות וינסטון כחול בוקס חפיסה בודד,לא מנהל יחידת מידה,0.00,לא מנהל יחידת מידה,false,1,33.70,0.0000,false,1,2255
7290001234133,false,סיגריות כאמל כתום חפ,Unknown,,סיגריות כאמל כתום חפיסה בודד,יחידה,0.00,יחידה,false,1,30.30,0.0000,false,1,4974
7290001235938,false,וינסטון כחול ארוך חפיסה,Unknown,,סיגריות וינסטון כחול 100 חפיסה בודד,לא מנהל יחידת מידה,0.00,לא מנהל יחידת מידה,false,1,33.70,0.0000,false,1,17072
7290001246054,false,פותח סתימות 1 ליטר טאצ,סאסאטק אגשח בעמ,IL,טאצ פותח סתימות 1 ליטר,גרמים,1.00,100 גרם,false,1,15.90,1590.0000,true,1,52486
7290001246092,false,"תרסיס מסיר שומנים 750 מ""ל טאצ.",סאסאטק אגשח בעמ,IL,"תרסיס מסיר שומנים טאצ 750 מ""ל",מיליליטרים,750.00,"100 מ""ל",false,1,13.90,1.8533,true,1,52493
7290001246122,false,"תרסיס ניקוי כללי+ אקונומיקה 750 מ""ל טאצ",סאסאטק אגשח בעמ,IL,תרסיס ניקוי כללי עם אקונומיקה טאצ 750 מל,מיליליטרים,750.00,"100 מ""ל",false,1,13.90,1.8533,true,1,52487
7290001247082,false,מיץ עגבניות רכיבים טבעיים ספרינג 1 ליטר,יפאורה שותפות מובגלת לשיווק,IL,ספרינג קרטוניות עגבניות 1 ל',ליטרים,1.00,ליטר,false,1,7.60,7.6000,true,1,35588
7290001247099,false,קרטונית נקטר ספרינג מנגו 1 ליטר,יפאורה שותפות מובגלת לשיווק,IL,ספרינג קרטוניות מנגו 1 ל',ליטרים,1.00,ליטר,false,1,7.60,7.6000,true,1,35589
7290001247112,false,קרטונית נקטר ספרינג לימונענע 1 ליטר,יפאורה שותפות מובגלת לשיווק,IL,ספרינג קרטוניות לימונענע 1 ל',ליטרים,1.00,ליטר,false,1,7.60,7.6000,true,1,35590
7290001247129,false,נקטר ספרינג תפוזים קרטונית 1 ל',יפאורה שותפות מובגלת לשיווק,IL,ספרינג קרטוניות תפוזים 1 ל',ליטרים,1.00,ליטר,false,1,7.60,7.6000,true,1,35591
7290001247143,false,קרטונית נקטר ספרינג תפוחים 1 ליטר,יפאורה שותפות מובגלת לשיווק,IL,ספרינג קרטוניות תפוחים 1 ל',ליטרים,1.00,ליטר,false,1,7.60,7.6000,true,1,35592
7290001247723,false,"ספרינג נקטר תות בננה פחית 330 מ""ל",יפאורה שותפות מוגבלת לשיווק,IL,"ספרינג נקטר תות בננה פחית 330 מ""ל",מיליליטרים,330.00,"100 מ""ל",false,1,7.00,2.1212,true,1,35638
7290001247730,false,"נקטר ספרינג בטעם מנגו פחית 330 מ""ל",יפאורה שותפות מוגבלת לשיווק,IL,"ספרינג נקטר מנגו פחית 330 מ""ל",מיליליטרים,330.00,"100 מ""ל",false,1,7.00,2.1212,true,1,35639
7290001258262,false,משולש גאודה ע.תיבול משקל,גבינות משק יעקבס,IL,מארז גאודה תיבול,קילוגרמים,1.00,"ק""ג",true,,105.00,105.0000,true,1,51443
7290001258446,false,"יעקבס יוגורט כבשים 5% 850 מ""ל",גבינות משק יעקבס,IL,"משק יעקבס יוגורט כבשים 850 מ""ל",מיליליטרים,850.00,"100 מ""ל",false,1,24.90,2.9294,true,1,36169
7290001258576,false,גאודה ואקום יעקובס 200 גרם,גבינות משק יעקבס,IL,גאודה 200 גרם,גרמים,200.00,100 גרם,false,1,25.90,12.9500,true,1,19644
7290001258583,false,משולש גבינת מנצ'גו במשקל,פ.פ.ח. שאביט,IL,מארז מנצגו,קילוגרמים,1.00,"ק""ג",true,,149.00,149.0000,true,1,51162
7290001258668,false,גבינת עז מה 5% יעקבס 250 גרם,גבינות משק יעקבס,IL,גבינה עז מה 250 גרם יעקבס,גרמים,250.00,100 גרם,false,1,18.90,7.5600,true,1,21974
7290001258682,false,"יוגורט עיזים באריזה 500 מ""ל",גבינות משק יעקבס,IL,"יוגורט עיזים 500 מ""ל יעקבס",מיליליטרים,500.00,"100 מ""ל",false,1,15.50,3.1000,true,1,36163
7290001258729,false,לאבנה עיזים יעקובס 250 גרם,גבינות משק יעקבס,IL,לאבנה עיזים יעקובס 250גרם,גרמים,250.00,100 גרם,false,1,19.90,7.9600,true,1,36168
7290001258804,false,קשקבל גבינה חצי קשה יעקבס 180 גרם,גבינות משק יעקבס,IL,קשקבל 180 גרם,גרמים,180.00,100 גרם,false,1,26.90,14.9444,true,1,31582
7290001258958,false,מוצרלה מגורדת יעקבס 200 גרם,גבינות משק יעקבס,IL,גבינה מוצרלה מגורדת 24% 200 גרם יעקבס,גרמים,200.00,100 גרם,false,1,25.90,12.9500,true,1,28773
7290001258972,false,גבינת חלומי בואקום 2,גבינות משק יעקבס,IL,חלומי 200 גרם,גרמים,200.00,100 גרם,false,1,25.90,12.9500,true,1,42132
7290001258989,false,קממבר בקר בייבי במשקל,גבינות משק יעקבס,,קממבר בקר בייבי,קילוגרמים,1.00,"ק""ג",true,,120.00,120.0000,true,1,51441
7290001265642,false,"מזון חתולים מעדני פטה 1.2 ק""ג מארז 3 יחידות",דיפלומט מפיצים (1968) בעמ**,FR,לה קט מולטיפק מעדני פטה 3*400 גרם,גרמים,400.00,100 גרם,false,1,21.90,5.4750,true,1,2828
7290001302194,false,ביסלי בטעם פלאפל 55 גרם אסם,"אסם השקעות בע""מ",,ביסלי פלאפל 55 גרם,גרמים,55.00,100 גרם,false,1,4.90,8.9091,true,1,28226
7290001302279,false,אוסם - במבה קלאסי 60 גרם,מיוצר עי קונדיטוריית,IL,במבה קלאסי כלפ.48*60גרם,גרמים,60.00,100 גרם,false,1,4.90,8.1667,true,1,28227
7290001305058,false,"פלמוליב - נטורלס תחליב רחצה חלב ודבש 500 מ""ל",הנסיך- מפעל לייצור ט,TR,פלמוליב סבון נוזלי חלב ודבש 750 מל,מיליליטרים,500.00,"100 מ""ל",false,1,17.90,3.5800,true,1,125
7290001305188,false,"נוזל לניקוי כלים בריח לימון פלמוליב 750 מ""ל",יבואן ומשווק: ש. שסט,GR,פלמוליב נוזל לניקוי כלים בריח לימון (כתום) 750 מל,מיליליטרים,750.00,"100 מ""ל",false,1,12.90,1.7200,true,1,126
7290001327227,false,קרמיסימו ריבת חלב 1.33ל',"גלידת שטראוס בע""\מ",IL,גלידה קרמיסימו ריבת חלב 1.33 ל',ליטרים,1.33,ליטר,false,1,24.90,18.7218,true,1,131
7290001327791,false,גלידה קרמיסימו וניל עוגיות 1.33 ליטר,"גלידת שטראוס בע""\מ, רחוב",IL,גלידה קרמיסימו וניל עוגיות 1.33 ל',ליטרים,1.33,ליטר,false,1,27.90,20.9774,true,1,42709
7290001342091,false,טונה אלבקור מעושן בוואקום שקיל,אלדג,IL,"טונה אלבקור-אל דג לק""ג",קילוגרמים,1.00,"ק""ג",true,,253.00,253.0000,true,1,53953
7290001342183,false,סלמון אפוי על גחלים שקיל,אלדג,IL,"סלמון אפוי על גחלים-אל דג לק""ג",קילוגרמים,1.00,"ק""ג",true,,230.00,230.0000,true,1,53674
7290001356166,false,סלומון פרוס בוואקום,ישראגל,,סלמון 100 גרם,גרמים,100.00,100 גרם,false,1,23.90,23.9000,true,1,36615
7290001356173,false,סלמון פרוס 200 גרם,ישראגל,,סלמון 200 גרם,גרמים,200.00,100 גרם,false,1,42.90,21.4500,true,1,36616
7290001361924,false,פס גבינה פרורוים 500 גר,נטלי פלוס,,עוגת פס מוס גבינה 450 גרם,גרמים,450.00,100 גרם,false,1,36.90,8.2000,true,1,35379
7290001407547,false,טחינה גולמית משומשום מלא פי 6 בארכה 500ג',קבוצת אוסם סחר שותפות מוגבלת,IL,בארכה טחינה שומשום מלא פי 6 סידן 12*500ג,גרמים,500.00,100 גרם,false,1,18.50,3.7000,true,1,32529
7290001407769,false,טחינה גולמית בארכה שומשום מלא 500 גרם,קבוצת אוסם סחר שותפות מוגבלת,IL,בארכה טחינה עם שומשום מלא 12*500גרם,גרמים,500.00,100 גרם,false,1,18.50,3.7000,true,1,3649
7290001407813,false,חלבה שאמית פיסטוק בקטנה בארכה 350ג',קבוצת אוסם סחר-שות.מוגבלת,IL,בארכה חלבה שאמית וניל עם פסטק.כלפ8*350ג,גרמים,350.00,100 גרם,false,1,16.90,4.8286,true,1,15414
7290001407844,false,חלבה קלאסית בטעם וניל בארכה 350 גרם,קבוצת אוסם סחר שותפות מוגבלת,IL,בארכה חלבה קלאסית וניל 350 גרם,גרמים,350.00,100 גרם,false,1,16.90,4.8286,true,1,15417
7290001407936,false,בארכה-טחינה גולמית מעודנת בקבוק לחיץ 310 ג',קבוצת אוסם סחר שותפות מוגבלת,IL,בארכה טחינה מעודנת 12*310גרם,גרמים,310.00,100 גרם,false,1,14.50,4.6774,true,1,33396
7290001419779,false,"וופל קלאסי בטעם שוקולד ""עלמה"" 200 גרם",רזיט שיווק בעמ,,ופלים שוקולד עלמה 200 גרם,גרמים,200.00,100 גרם,false,1,5.50,2.7500,true,1,6340
7290001419793,false,גביעי גלידה מגולגל עלמה גילרו 30 יח',מ.ד אטיאס סוכנויות מזון בע`מ,,גביעי גלידה מגולגלים 12 יח,גרמים,132.00,100 גרם,false,1,12.90,9.7727,true,1,42318
7290001469552,false,סט לולאות חבל למגבות,פורטונה,,סט לולאות חבל למגבות למגבות,יחידה,1.00,יחידה,false,1,14.90,14.9000,true,1,35941
7290001482094,false,גבינה פרמז'נו משולשים ויליפוד 200ג',ג.וילי-פוד אינטרנשיונל **גבינו,IT,גבינת פרמזן משולשים 200 גרם,גרמים,200.00,100 גרם,false,1,29.90,14.9500,true,1,35041
7290001491010,false,תה ירוק יסמין ויסוצקי 25 יחידות,תה ויסוצקי (ישראל) בעמ,IL,תה ירוק עם יסמין T.T,גרמים,37.00,100 גרם,false,1,26.90,72.7027,true,1,176
7290001509296,false,שניצל פרוס פרימיום ק,מילועוף,,"שניצל פרוס פרימיום קפוא ארוז לק""ג",קילוגרמים,1.00,"ק""ג",true,,46.50,46.5000,true,1,37214
7290001509319,false,כנפיים פטם פרימיום ק,מילועוף,,"כנפיים פטם פרימיום קפוא ארוז לק""ג",קילוגרמים,1.00,"ק""ג",true,,21.90,21.9000,true,1,37215
7290001509340,false,כרעיים פטם ארוז קפוא פרימיום,מילועוף,,"כרעיים מקוצב פרימיום קפוא ארוז לק""ג",קילוגרמים,1.00,"ק""ג",true,,36.00,36.0000,true,1,37216
7290001509357,false,שיפודי פרגית פרימיום,מילועוף,,"שיפודי פרגית פרימיום קפוא ארוז לק""ג",קילוגרמים,1.00,"ק""ג",true,,75.00,75.0000,true,1,37217
7290001509975,false,רצועות סיני קפוא אר,מילועוף,IL,"רצועות סיני קפוא ארוז פרימיום לק""ג",קילוגרמים,1.00,"ק""ג",true,,42.00,42.0000,true,1,48605
7290001516522,false,ירך פטם מפורק ארוז קפוא פרימיום,מילועוף,,"שוארמה פטם פרימיום קפוא ארוז לק""ג",קילוגרמים,1.00,"ק""ג",true,,75.00,75.0000,true,1,37218
7290001548011,false,סלט טחינה ירוקה מונטה קרלו 250 גרם,ירין חזון שיווק ומזון,IL,טחינה ירוקה מונטה קרלו 250 גרם,גרמים,250.00,100 גרם,false,1,14.90,5.9600,true,1,51425
7290001548035,false,סלט טורקי מונטה קרל,מונטה קרלו,IL,סלט טורקי מונטה קרלו 250גרם,גרמים,250.00,100 גרם,false,1,14.90,5.9600,true,1,51208
7290001548042,false,סלט ביצים מונטה קרלו 250 גרם,ירין חזון שיווק ומזון,,סלט ביצים מונטה קרלו 250 גרם,גרמים,250.00,100 גרם,false,,21.90,8.7600,true,1,51418
7290001548097,false,הרינג במיונז מונטה ק,מונטה קרלו,IL,הרינג במיונז מונטה קרלו 250גרם,גרמים,250.00,100 גרם,false,1,24.90,9.9600,true,1,52139
7290001548103,false,עלי גפן ממולאים 250,מונטה קרלו,IL,עלי גפן ממולאים 250 גרם,גרמים,250.00,100 גרם,false,1,19.90,7.9600,true,1,55323
7290001548110,false,סלט חצילים סלוניקי 250 גרם,ירין חזון שיווק ומזון,,חציל סלוניקי 250גרם,גרמים,250.00,100 גרם,false,1,16.90,6.7600,true,1,51857
7290001548134,false,כרוב לבן שום שמיר 250 גרם,סלטי מונטה קרלו,IL,כרוב לבן שום שמיר מונטה קרלו 250גרם,גרמים,250.00,100 גרם,false,1,14.90,5.9600,true,1,51199
7290001548202,false,מונטה קרלו סלט סלק רצועות 250 גר',ירין חזון שיווק ומזון,IL,סלק רצועות מונטה קרלו 250גרם,גרמים,250.00,100 גרם,false,1,14.90,5.9600,true,1,51190
7290001548226,false,סלט פטריות ספרדי מונטה קרלו 250 גרם,ירין חזון שיווק ומזון,IL,פטריות ספרדי מונטה קרלו 250 גרם,גרמים,250.00,100 גרם,false,1,20.90,8.3600,true,1,51422
7290001548233,false,סלט חצילים מחנה יהודה 250 גרם,ירין חזון שיווק ומזון,IL,חציל מחנה יהודה פיקנטי 250גרם,גרמים,250.00,100 גרם,false,1,16.90,6.7600,true,1,52695
7290001548271,false,סלט כרוב לבן עם שמיר מונטה קרלו 250 גר,סלטי מונטה קרלו,IL,כרוב לבן עם גזר 250 גרם,גרמים,250.00,100 גרם,false,1,14.90,5.9600,true,1,52697
7290001548288,false,"סלט חומוס גרגרירים פיקנטיים ""מונטה קרלו""",מונטה קרלו,IL,מסבחה פיקנטי מונטה קרלו 250גרם,גרמים,250.00,100 גרם,false,1,14.90,5.9600,true,1,51195
7290001548325,false,סלט טונה ירקות מונטה קרלו 250 גרם,ירין חזון שיווק ומזון,IL,טונה ירקות מונטה קרלו 250גרם,גרמים,250.00,100 גרם,false,1,23.90,9.5600,true,1,51211
7290001548349,false,"סלט תפו""א במיונז בייתי 250 גרם",ירין חזון שיווק ומזון,IL,"תפו""א במיונז בייתי מונטה קרלו 250 גרם",גרמים,250.00,100 גרם,false,1,14.90,5.9600,true,1,51419
7290001548370,false,סלט טבולה מונטה קרלו 250 גרם,ירין חזון שיווק ומזון,IL,טבולה מונטה קרלו 250 גרם,גרמים,250.00,100 גרם,false,1,16.90,6.7600,true,1,51417
7290001548387,false,כרוב סיני מונטה קרל,מונטה קרלו,IL,כרוב סיני מונטה קרלו 250גרם,גרמים,250.00,100 גרם,false,1,14.90,5.9600,true,1,51201
7290001548400,false,חומוס זהב מונטה קרלו 250 גרם,ירין חזון שיווק ומזון,IL,חומוס זהב מונטה קרלו 250גרם,גרמים,250.00,100 גרם,false,1,14.90,5.9600,true,1,51196
7290001548424,false,כרוב קולסלאו 250 גרם,סלטי מונטה קרלו,IL,כרוב קולסלאו מונטה קרלו 250 גרם,גרמים,250.00,100 גרם,false,1,14.90,5.9600,true,1,55322
7290001548431,false,סחוג ירוק מונטה קרלו,מונטה קרלו,IL,סחוג ירוק מונטה קרלו 250גרם,גרמים,250.00,100 גרם,false,1,14.90,5.9600,true,1,51212
7290001548462,false,פלפל רצועות מרוקאי,מונטה קרלו,,פלפל רצועות חריף 250גרם,גרמים,250.00,100 גרם,false,1,20.90,8.3600,true,1,51851
7290001548523,false,חציל בתחמיץ מונטה ק,סלטי מונטה קרלו,,חציל בתחמיץ מונטה קרלו 250 גרם,גרמים,250.00,100 גרם,false,1,16.90,6.7600,true,1,51416
7290001548530,false,חומוס גרגירים ופטרוזיליה מונטה קרלו,מונטה קרלו,IL,מסבחה פטרוזיליה מונטה קרלו 250גרם,גרמים,250.00,100 גרם,false,1,14.90,5.9600,true,1,51197
7290001548561,false,גזר חריף בלימון מונט,סלטי מונטה קרלו,IL,גזר חריף בלימון מונטה קרלו 250 גרם,גרמים,250.00,100 גרם,false,1,14.90,5.9600,true,1,51206
7290001548592,false,סלט טחינה עמבה 250 ג,מונטה קרלו,IL,טחינה עמבה 250 גרם,גרמים,250.00,100 גרם,false,1,14.90,5.9600,true,1,52703
7290001548622,false,חציל טבעי פקנטי מונט,מונטה קרלו,IL,חציל טבעי פקנטי מונטה קרלו 250גרם,גרמים,250.00,100 גרם,false,1,16.90,6.7600,true,1,51192
7290001548639,false,חציל מונטה קרלו **גב,מונטה קרלו,IL,חציל מונטה קרלו מונטה קרלו 250גרם,גרמים,250.00,100 גרם,false,1,16.90,6.7600,true,1,51193
7290001548691,false,כרוב אדום במיונז מונ,סלטי מונטה קרלו,IL,כרוב אדום במיונז מונטה קרלו 250גרם,גרמים,250.00,100 גרם,false,1,14.90,5.9600,true,1,51200
7290001548714,false,"סלט איקרה ורודה 250 גרם ""מונטה קרלו""",מונטה קרלו,IL,איקרה ורודה מונטה קרלו 250גרם,גרמים,250.00,100 גרם,false,1,21.90,8.7600,true,1,52141
7290001548738,false,חציל מרוקאי מונטה קר,סלטי מונטה קרלו,,חציל מרוקאי מונטה קרלו 250 גרם,גרמים,250.00,100 גרם,false,1,16.90,6.7600,true,1,51420
7290001548745,false,"סלט איקרה לבנה 250 גרם ""מונטה קרלו""",מונטה קרלו,IL,איקרה לבנה מונטה קרלו 250גרם,גרמים,250.00,100 גרם,false,1,21.90,8.7600,true,1,52140
7290001548752,false,טחינה לבנה מונטה קרל,סלטי מונטה קרלו,IL,טחינה לבנה מונטה קרלו 250גרם,גרמים,250.00,100 גרם,false,1,14.90,5.9600,true,1,51198
7290001548783,false,סלט פלפלים אש טוניסאי מונטה קרלו 250ג,ירין חזון שיווק ומזון,IL,פלפל אש טוניסאי מונטה קרלו 250גרם,גרמים,250.00,100 גרם,false,1,20.90,8.3600,true,1,51209
7290001548875,false,"חמוצים יפנים ""מונטה קרלו""",ירין חזון שיווק ומזון,IL,חמוצים יפניים דלי מונטה קרלו 450גרם,גרמים,450.00,100 גרם,false,1,23.90,5.3111,true,1,51203
7290001548967,false,חציל תאילנדי צ'ילי *,סלטי מונטה קרלו,IL,חציל תאילנדי צילי 250גרם,גרמים,250.00,100 גרם,false,1,16.90,6.7600,true,1,51852
7290001567814,false,סלמי מעושן בסגנון איטלקי 300 ג' יחיעם,מעדני יחיעם ( 1993 ) בע`מ,IL,יחיעם סלמי מעושן בסגנון איטלקי 300 גרם,גרמים,300.00,100 גרם,false,1,22.90,7.6333,true,1,41863
7290001594025,false,קוקה קולה בקבוק זכוכית,החברה המרכזית להפצת משקאות בעמ,IL,"קוקה קולה קלאסי בקבוק 330 מ""ל",מיליליטרים,330.00,"100 מ""ל",false,1,7.50,2.2727,true,1,5277
7290001594032,false,"דיאט קוקה-קולה קלאסי 350 מ""ל",החברה המרכזית לייצור,IL,"דיאט קוקה קולה קלאסי 350 מ""ל",מיליליטרים,330.00,"100 מ""ל",false,1,7.50,2.2727,true,1,7196
7290001594155,false,"קוקה-קולה בבקבוק אישי 500 מ""ל",החברה המרכזית להפצת משקאות בעמ,IL,"קוקה קולה 500 מ""ל",מיליליטרים,500.00,"100 מ""ל",false,1,7.90,1.5800,true,1,216
7290001594179,false,"פאנטה אורנג' בבקבוק אישי 500 מ""ל",החברה המרכזית להפצת משקאות בעמ,IL,"פאנטה אורנג' 500 מ""ל",מיליליטרים,500.00,"100 מ""ל",false,1,7.90,1.5800,true,1,218
7290001594186,false,"דיאט קוקה-קולה בבקבוק אישי 500 מ""ל",החברה המרכזית להפצת משקאות בעמ,IL,"דיאט קוקה קולה 500 מ""ל",מיליליטרים,500.00,"100 מ""ל",false,1,7.90,1.5800,true,1,219
7290001594230,false,קינלי סודה בבקבוק זכוכית,החברה המרכזית להפצת משקאות בעמ,IL,"קינלי סודה 250 מ""ל",מיליליטרים,250.00,"100 מ""ל",false,1,4.00,1.6000,true,1,221
7290001594377,false,פריגת תפוזים 0.5 ליטר חייב בפקדון,החברה המרכזית להפצת משקאות בעמ,IL,פריגת משקה קל תפוזים 500 מל,מיליליטרים,500.00,"100 מ""ל",false,1,7.50,1.5000,true,1,20009
7290001594384,false,פריגת אשכוליות 0.5 ליטר חייב בפקדון,החברה המרכזית להפצת משקאות בעמ,IL,"פריגת משק""ל אשכוליות 0.5 ליטר",מיליליטרים,500.00,"100 מ""ל",false,1,7.50,1.5000,true,1,20010
7290001594391,false,"פריגת משקה קל ענבים בבקבוק אישי 500 מ""ל",החברה המרכזית להפצת משקאות בעמ,IL,"משקל פריגת ענבים 500 מ""ל",מיליליטרים,500.00,"100 מ""ל",false,1,7.50,1.5000,true,1,20011
7290001594520,false,"בירה טובורג רד בקבוק 330 מ""ל",החברה המרכזית להפצת משקאות בעמ,IL,"טובורג בק 330 מ""ל פקדון",מיליליטרים,330.00,"100 מ""ל",false,1,10.50,3.1818,true,1,2040
7290001594568,false,בירה בפחית קרלסברג (500 מל),החברה המרכזית להפצת משקאות בעמ,IL,קלסברג בירה 500 מל,מיליליטרים,500.00,"100 מ""ל",false,1,9.90,1.9800,true,1,224
7290001594575,false,בירה בפחית רד טובורג (500 מל),החברה המרכזית להפצת משקאות בעמ,IL,"טובורג רד פחית 500 מ""ל",מיליליטרים,500.00,"100 מ""ל",false,1,9.90,1.9800,true,1,225
7290001594858,false,מארז שישייה בירה טובורג רד (330x6 מל),החברה המרכזית להפצת משקאות בעמ,,"בירה טובורג רד שישייה בקבוק 330 מ""ל",ליטרים,1.98,ליטר,false,1,46.90,23.6869,true,1,229
7290001594865,false,"שישייה בירה קרלסברג בקבוק 330 מ""ל",החברה המרכזית להפצת משקאות בעמ,,"בירה קרלסברג מארז שישייה בקבוק 330 מ""ל",ליטרים,1.98,ליטר,false,1,46.90,23.6869,true,1,230
7290001598245,false,לחם קל 35 קלוריות לל,מאפיית יוסף ברון בעמ,,לחם קל 35 קלוריות ללא שמרים 550 גרם,גרמים,550.00,100 גרם,false,1,17.90,3.2545,true,1,37521
7290001598429,false,פרנה מרוקאית חמשת 4,מאפיית יוסף ברון בעמ,IL,מארז פרנות,גרמים,520.00,100 גרם,false,1,13.90,2.6731,true,1,42001
7290001598528,false,לחם כוסמין 100% 450ג' הברון,מאפיית יוסף ברון בעמ,,לחם כוסמין 100% מלא 450 גרם,גרמים,450.00,100 גרם,false,1,17.90,3.9778,true,1,37523
7290001598573,false,לחמניות כוסמין 5 יח 99 קלוריות,מאפיית יוסף ברון בעמ,,לחמניות כוסמין 99 קלוריות 315 גרם,גרמים,315.00,100 גרם,false,1,16.90,5.3651,true,1,37529
7290001598580,false,פיתות כוסמין 6יח 99 קלוריות,מאפיית יוסף ברון בעמ,,פיתות כוסמין 99 קלוריות 375 גרם,גרמים,375.00,100 גרם,false,1,17.90,4.7733,true,1,37530
7290001670057,false,כפיות לבן 100 יח`הנמל,הנמל אריזות ושיווק (1984) בעמ,IL,הנמל כפיות לבן 100 יחידות,Unknown,0.00,Unknown,false,1,13.90,0.0000,true,1,2447
7290001670873,false,"צלחות גדולות לבנות קשיח ח""פ הנמל 66יח'",הנמל אריזות ושיווק (1984) בעמ,IL,צלחות עבות במיוחד 66 יחידות,קילוגרמים,1.00,"ק""ג",false,1,54.90,54.9000,true,1,2108
7290001690147,false,טעם טוב גבינה מותכת למריחה 6% מון בלאן,נטו מלינדה סחר בע`מ,IL,טעם טוב גבינה מותכת למריחה 6%,לא מנהל יחידת מידה,0.00,לא מנהל יחידת מידה,false,1,12.90,0.0000,true,1,53810
7290001780428,false,מאגדת גלידת לייט שוקולד נסטלה 6יח' 312ג',נגה גלידות שותפות מוגבלת,IL,נסטלה שלגון לייט שוקולד מאח בדצ.6 6*52ג,גרמים,312.00,100 גרם,false,1,32.90,10.5449,true,1,2427
7290001780800,false,שלגון קראנץ שוקולד ליבת נוגט נסטלה 100 גרם,נגה גלידות שותפות מוגבלת,,שלגון קראנץ ליבת נוגט,Unknown,0.00,Unknown,false,1,10.50,0.0000,true,1,6538
7290001865453,false,פמילי לקשרי 1 ליטר לבנדר ארומטי+משאבה,מיוצר עי קונדיטוריית,TR,פמילי אל סבון נוזלי לבנדר ארומטי 1 ליטר,ליטרים,1.00,ליטר,false,1,15.90,15.9000,true,1,292
7290001873441,false,המבורגר 320 גר` בלאק אנגוס מוכשר ארוז,טיבון ויל אחזקות בעמ,IL,המבורגר BLACK ANGUS 320 גרם,גרמים,320.00,100 גרם,false,1,29.90,9.3437,true,1,49527
7290001873458,false,סטייק בורגר 320 גר` בלאק אנגוס מוכשר אר,טיבון ויל אחזקות בעמ,IL,סטייק בורגר black angus 320 גרם,גרמים,320.00,100 גרם,false,1,29.90,9.3437,true,1,49528
7290001873472,false,קבב 320 גר` בלאק אנגוס מוכשר ארוז,טיבון ויל אחזקות בעמ,IL,קבב BLACK ANGOS 320 גרם,גרמים,320.00,100 גרם,false,1,29.90,9.3437,true,1,49621
7290001896549,false,פרגית לתנור ארוז קפו,מילועוף,IL,"פרגית לתנור ארוז קפוא פרימיום לק""ג",קילוגרמים,1.00,"ק""ג",true,,45.00,45.0000,true,1,48604
7290001896556,false,כבד פרימיום קפוא ארו,,,כבד פרימיום קפוא ארוז לקג,קילוגרמים,1.00,"ק""ג",true,,24.90,24.9000,true,1,49413
7290001975992,false,"בירה ויינשטפן 330 מ""ל בקבוק",קרלסברג יבוא יצוא,,"בירה ויינשטפן בקבוק 330 מ""ל",מיליליטרים,330.00,"100 מ""ל",false,1,16.00,4.8485,true,1,26218
7290001990094,false,"סוכר חום כהה צנצנת קלאסי סוגת 1ק""ג",האי נאם סי או אל.טי.,IL,"סוכר חום בצנצנת סוגת 1 ק""ג",קילוגרמים,1.00,"ק""ג",false,1,16.90,16.9000,true,1,2385
7290001990148,false,"סוכר גולדן קלאסי בצנצנת 1 ק""ג סוגת",האי נאם סי או אל.טי.,IL,סוכר גולדן קלאסי צנצנת 1 קג,קילוגרמים,1.00,"ק""ג",false,1,13.50,13.5000,true,1,5639
7290002000136,false,שעווה לחימום במיקרוגל - דבש ופרופוליס,"ש. שוורץ )באר שבע( בע""\מ",IL,551שעווה למיקרו מגע משי הדבש 500 גרם,גרמים,500.00,100 גרם,false,1,25.90,5.1800,true,1,16196
7290002002857,false,"מגע הדבש, ניירות להסרת שיער בשעווה, 50 יחידות","איטיליאן פוד, אס.פי.",IL,נייר מגע המשי להסרת שיער 50 יח,יחידה,1.00,יחידה,false,1,25.90,25.9000,true,1,16200
7290002007234,false,אבקת סוכר הנמל 100 גרם,הנמל אריזות ושיווק 1984 בע`מ,IL,הנמל אבקת סוכר 100 גרם,גרמים,100.00,100 גרם,false,1,2.30,2.3000,true,1,5251
7290002007821,false,צבעי מאכל אדום הנמל,הנמל אריזות ושווק בעמ,IL,"צבע מאכל אדום 55 מ""ל",מיליליטרים,55.00,"100 מ""ל",false,1,3.90,7.0909,true,1,31017
7290002007852,false,"תמצית אפייה בטעמים שונים 55 מ""ל הנמל",הנמל אריזות ושיווק 1984 בע`מ,IL,הנמל תמצית בטעם וניל 55 מל,מיליליטרים,55.00,"100 מ""ל",false,1,4.40,8.0000,true,1,3875
7290002007890,false,כוסות חד פעמיות מפלסטיק 100 יח`,הנמל אריזות ושיווק (1984) בעמ,IL,כוס שתיה קרה 100 יח,יחידה,100.00,יחידה,false,1,12.90,0.1290,true,1,4669
7290002007982,false,מזלגות לבן 100 יח`הנמל,הנמל אריזות ושיווק (1984) בעמ,IL,"הנמל מזלגות, 100 יחידות",Unknown,0.00,Unknown,false,1,16.90,0.0000,true,1,4227
7290002008040,false,שיפודי במבוק הנמל 100 יחידות,הנמל אריזות ושיווק (1984) בעמ,IL,הנמל שיפודי במבוק 100 יחידות,Unknown,0.00,Unknown,false,1,4.90,0.0000,true,1,3876
7290002008071,false,גביעי נייר מספר 2 הנמל 1 יחידה,הנמל אריזות ושיווק (1984) בעמ,IL,הנמל עטרות נייר אפייה מספר 2 130 יחידות,לא מנהל יחידת מידה,0.00,לא מנהל יחידת מידה,false,1,5.60,0.0000,true,1,5345
7290002008149,false,מדליק פחם מוצק הנמל אריזת 40יח',הנמל אריזות ושיווק (1984) בעמ,,"הנמל מדליק פחם מוצק, 40 יחידות",Unknown,0.00,Unknown,false,1,8.60,0.0000,true,1,3879
7290002008507,false,נייר אפיה הנמל 50 יחידות,הנמל אריזות ושיווק (1984) בעמ,IL,הנמל נייר אפייה 50 יח,לא מנהל יחידת מידה,0.00,לא מנהל יחידת מידה,false,1,13.50,0.0000,true,1,15078
7290002008750,false,אבקת אפיה עשירייה הנמל 100 גרם,הנמל אריזות ושיווק 1984 בע`מ,IL,הנמל אבקת אפיה 10 יחידות,גרמים,100.00,100 גרם,false,1,3.50,3.5000,true,1,5253
7290002008774,false,שומשום הנמל 200 גרם,הנמל אריזות ושיווק 1984 בע`מ,IL,הנמל שומשום 200 גרם,גרמים,200.00,100 גרם,false,1,8.90,4.4500,true,1,32230
7290002022152,false,מרשמלו ורוד לבן וסטהיים 100ג36X שקיות בקרטון,כרמית תעשיות ממתקים בעמ,IL,מרשמלו ורוד לבן וסטהיים 100ג36X שקיות בקרטון,גרמים,100.00,100 גרם,false,1,4.90,4.9000,true,1,42022
7290002026402,false,בראנץ אנד קראנץ בלינצס גבינה 350 גרם,מוצרי איכות אמריקאיים בעמ,IL,בלינצס גבינה חם-בראנצ,גרמים,350.00,100 גרם,false,1,14.90,4.2571,true,1,26680
7290002035138,false,מקרל מעושן בוואקום במשקל,אלדג,IL,"מקרל מעושן בוואקום- אל דג לק""ג",קילוגרמים,1.00,"ק""ג",true,,105.00,105.0000,true,1,54956
7290002035169,false,פילה מקרל-מקרוסקה מעושנת בואקום שקיל,אלדג,IL,"פילה מקרושקה בוואקום אל דג לק""ג",קילוגרמים,1.00,"ק""ג",true,,160.00,160.0000,true,1,54967
7290002035312,false,טונה מעושנת פרוסה בואקום שקיל,אלדג,IL,"טונה מעושנת אל דג לק""ג",קילוגרמים,1.00,"ק""ג",true,,230.00,230.0000,true,1,53675
7290002043065,false,אקסטרה פריכיות אורז חום מלא בציפוי שוקולד מריר 70 גרם,א.ל.ייצור ושיווק תבלינים בעמ,BG,פריכוני אורז חום מלא בציפוי שוקו מריר70ג,גרמים,70.00,100 גרם,false,1,9.50,13.5714,true,1,51246
7290002043072,false,אקסטרה פריכיות אורז חום מלא בציפוי שוקולד חלב 70 גרם,א.ל.ייצור ושיווק תבלינים בעמ,BG,פריכוני אורז חום מלא בציפוי שוקו חלב70ג,גרמים,70.00,100 גרם,false,1,9.50,13.5714,true,1,51247
7290002043096,false,אקסטרה פריכוני אורז בציפוי שוקולד לבן בלגי,א.ל.ייצור ושיווק תבלינים בעמ,BG,פריכוני אורז חום מלא בציפוי שוקו לבן70ג,גרמים,70.00,100 גרם,false,1,9.50,13.5714,true,1,51248
7290002043188,false,אקסטרה צ'יפס אורז חום מלא צ'ילי חריף 60 גרם,א.ל ייצור ושיווק תבלינים בעמ,BG,ציפס אורז חום מלא צילי חריף60גרם,גרמים,60.00,100 גרם,false,1,6.90,11.5000,true,1,51245
7290002043218,false,אקסטרה צ'יפס אורז חום מלא מלח 60 גרם,א.ל ייצור ושיווק תבלינים בעמ,BG,ציפס אורז חום מלא מלח 60גרם,גרמים,60.00,100 גרם,false,1,6.90,11.5000,true,1,52201
7290002043782,false,אקסטרה צ'יפס אורז חום מלא טקסס ברביקיו 60 גרם,א.ל.ייצור ושיווק תבלינים בעמ,BG,ציפס אורז חום מלא טקסס ברביקיו 60גרם,גרמים,60.00,100 גרם,false,1,6.90,11.5000,true,1,51244
7290002043812,false,פריכוני אורז חום מלא,נוהלס,BG,פריכוני אורז חום מלא ציה וקינואה 24גרם,גרמים,24.00,100 גרם,false,1,4.90,20.4167,true,1,51249
7290002057031,false,זיתים מבוקעים פיקנטי קבוצת יבנה 340 גרם,"קבוצת יבנה מוצרי מזון בע""מ",IL,קבוצת יבנה זיתים מבוקעים 540 גרם,גרמים,540.00,100 גרם,false,1,9.90,1.8333,true,1,50406
7290002057048,false,זית סורי מתובל בשמן קבוצת יבנה 560 גרם,"קבוצת יבנה מוצרי מזון בע""מ",IL,זית סורי מבוקע - A2יבנה ח,גרמים,540.00,100 גרם,false,1,11.90,2.2037,true,1,35358
7290002057055,false,זית סורי שלם בטעם שום יבנה 340 גרם,קבוצת יבנה מוצרי מזון בעמ,IL,"קבוצת יבנה, זית סורי ירוק 540 גרם",גרמים,540.00,100 גרם,false,1,11.90,2.2037,true,1,35359
7290002057123,false,זיתים ירוקים מנזנילו קבוצת יבנה 560 גרם,קבוצת יבנה מוצרי מזון אגודה שי,IL,זיתים ירוקים מנזנילו ללא גלעין 540 יבנה,גרמים,540.00,100 גרם,false,1,9.90,1.8333,true,1,33529
7290002057185,false,טבעות זיתים ירוקים קבוצת יבנה 560 גרם,קבוצת יבנה מוצרי מזון אגודה שי,IL,טבעות זיתים ירוקים 540 גרם יבנה,גרמים,540.00,100 גרם,false,1,10.90,2.0185,true,1,18997
7290002057352,false,מלפפונים במלח ‏9‏-‏7‏ קבוצת יבנה 320 גרם,"קבוצת יבנה מוצרי מזון בע""מ",IL,קבוצת יבנה מלפפונים גדולים במלח 560 גרם,גרמים,540.00,100 גרם,false,1,7.30,1.3519,true,1,18998
7290002057369,false,מלפפונים במלח ‏12‏-‏10‏ קבוצת יבנה 320 גרם,"קבוצת יבנה מוצרי מזון בע""מ",IL,מלפפונים במלח יבנה10-12 540 גרם,גרמים,540.00,100 גרם,false,1,8.50,1.5741,true,1,16003
7290002057376,false,מלפפונים במלח ‏17‏-‏13‏ קבוצת יבנה 320 גרם,"קבוצת יבנה מוצרי מזון בע""מ",IL,13-17 מלפפונים במלח קטן,גרמים,540.00,100 גרם,false,1,10.90,2.0185,true,1,16004
7290002057383,false,מלפפון יבנה במלח קטנים מאוד 18-25 320 גר יבנה,"קבוצת יבנה מוצרי מזון בע""מ",IL,מלפפונים במלח קטן 18-25 540 גרם,גרמים,540.00,100 גרם,false,1,12.90,2.3889,true,1,18999
7290002057451,false,מלפפונים בחומץ ‏9‏-‏7 קבוצת יבנה 290 גרם,קבוצת יבנה מוצרי מזון אגודה שי,IL,קבוצת יבנה מלפפונים גדולים בחומץ 7-9 גדול 560 גרם,גרמים,540.00,100 גרם,false,1,7.30,1.3519,true,1,19000
7290002057468,false,מלפפון יבנה בחומץ בינוניים 10-12 290 גרם,"קבוצת יבנה מוצרי מזון בע""מ",IL,מלפפונים בחומץ יבנה10-12 540 גרם,גרמים,540.00,100 גרם,false,1,8.50,1.5741,true,1,16012
7290002057475,false,מלפפונים בחומץ ‏17‏-‏13 קבוצת יבנה 290 גרם,קבוצת יבנה מוצרי מזון אגודה שי,IL,מלפפון קטן בחומץ 13-17 540גרם יבנה,גרמים,540.00,100 גרם,false,1,10.90,2.0185,true,1,53018
7290002057482,false,מלפפונים קטנים בחומץ קבוצת יבנה 560 גרם,קבוצת יבנה מוצרי מזון אגודה שי,IL,מלפפון קטן בחומץ 18-25 יבנה 540גרם,גרמים,540.00,100 גרם,false,1,12.90,2.3889,true,1,53015
7290002065555,false,שישיית לחמנייה הכי רכה בהפסקה אנג'ל 450 גרם,מאפיית שלמה א. אנג'\ל בע,IL,אנג'ל הלחמניה -450 גרם,גרמים,450.00,100 גרם,false,1,11.90,2.6444,true,1,3906
7290002065616,false,לחם שיפון גרעינים פרוס אחדות (750 גרם),מאפיית שלמה א. אנג'\ל בע,IL,לחם שיפון גרעינים 750 גרם,גרמים,750.00,100 גרם,false,1,14.90,1.9867,true,1,19909
7290002075028,false,אובלטים אישי 150 גרם,שוקו טרייד,,אובלטים אישי 150 גרם,גרמים,150.00,100 גרם,false,1,7.90,5.2667,true,1,26371
7290002079927,false,לחם דגנים מלא דוידוב,מאפיית דוידוביץ ובני,IL,לחם דגנים מלא,גרמים,750.00,100 גרם,false,1,14.90,1.9867,true,1,50287
7290002107071,false,גבינת פטה עיזים מעודנת 16% משק צוריאל 200 גרם,החברה המרכזית טלהפצת משקאות בע,,בולגרית עיזים מעודנת צוריאל 16% 200גר,גרמים,200.00,100 גרם,false,1,26.90,13.4500,true,1,26119
7290002107491,false,גבינה לבנה מחלב עיזים למריחה 5% משק צוריאל 250 גרם,*החברה המרכזית להפצת משקאותבעמ,IL,משק צוריאל גבינת עיזים 5% למריחה 250 גרם,גרמים,250.00,100 גרם,false,1,17.50,7.0000,true,1,328
7290002107798,false,גבינה בולגרית מעודנת 5% משק צוריאל 250 גרם,*החברה המרכזית להפצת משקאותבעמ,IL,בולגרית מעודנת 5% שומן 250 גרם,גרמים,250.00,100 גרם,false,1,23.90,9.5600,true,1,2668
7290002128083,false,נרות חנוכה רגיל 44יח-מנורה,,,נרות חנוכה בקופסא 44 יחידות,יחידה,1.00,יחידה,false,1,6.90,6.9000,true,1,39013
7290002128205,false,נרות לא נוטפים 45יח-מנורה,,,נרות חנוכה לוקס,יחידה,1.00,יחידה,false,1,12.90,12.9000,true,1,39170
7290002128335,false,כוסות שתייה חמה50 יח,טיי פרידה,CN,כוסות שתייה חמה50 יח OZ8,יחידה,1.00,יחידה,false,1,14.90,14.9000,true,1,50129
7290002128403,false,נרות שבת אורה מס 4 מנורה שי נר,אבאל יזמות בעמ,IL,נרות שבת אורה מספר 4,יחידה,1.00,יחידה,false,1,4.90,4.9000,true,1,33618
7290002128434,false,נרות שבת אורה 10 יחידות,אבאל יזמות בעמ,IL,נרות שבת אורה מספר 10,יחידה,1.00,יחידה,false,1,4.90,4.9000,true,1,33619
7290002129486,false,פיצה איטלקית דקה זיתים 340 ג' שלושת האופים,האי נאם סי או אל.טי.,IT,פיצה איטלקית דקה זיתים שלושת האופים 340ג,גרמים,340.00,100 גרם,false,1,17.90,5.2647,true,1,53085
7290002130567,false,דבש דבורים טהור פרחי בר יד מרדכי 350 גרם,מכוורת יד מרדכי שטראוס ב,IL,דבש דבורים טהור יד מרדכי 350 גרם,גרמים,350.00,100 גרם,false,1,22.90,6.5429,true,1,341
7290002132011,false,עוגיות מזרחיות עם שומשום עבאדי (400 גר),מאפיית יוסף ושמחה עבאדי,IL,"עבאדי עוגיות מזרחיות שומשום, 400 גרם",גרמים,400.00,100 גרם,false,1,21.90,5.4750,true,1,342
7290002157953,false,מארז נתחי טונה בהירה בשמן קנולה - 4 יחידות,נטו מלינדה סחר בע`מ,TH,ויליגר נתחי טונה בהירה בשמן קנולה 560 גרם,לא מנהל יחידת מידה,0.00,לא מנהל יחידת מידה,false,1,23.90,0.0000,true,1,49606
7290002232964,false,ציפוי לשניצל פז טחון דק 500 גרם דגש,נטורפוד בעמ,IL,ציפוי פז ללא גלוטן 600גרם,גרמים,600.00,100 גרם,false,1,31.90,5.3167,true,1,27884
7290002232995,false,ציפוי פז דגש 500גר ללא גלוטן.,נטורפוד בעמ,IL,בריאות וטבע ציפוי פז מתובל 500 גרם,גרמים,500.00,100 גרם,false,1,31.90,6.3800,true,1,27892
7290002253006,false,שום טרי כתוש צנצנת דורות 200 גרם,קבוצת אוסם סחר-שות.מוגבלת,IL,דורות שום כתוש טרי2 12*200גרם,גרמים,200.00,100 גרם,false,1,24.90,12.4500,true,1,348
7290002253105,false,שום במגשית 20 שיניים כתושות קפוא 80,קבוצת אוסם סחר-שות.מוגבלת,IL,שום כתוש מגשית 80 גרם,גרמים,80.00,100 גרם,false,1,17.50,21.8750,true,1,349
7290002253150,false,קוביות בזיליקום קצוץ דורות 70 גרם,קבוצת אוסם סחר שותפות מוגבלת,IL,בזיליקום קצוץ במגשית דורות 70 גרם,גרמים,70.00,100 גרם,false,1,12.90,18.4286,true,1,350
7290002253167,false,פטרוזיליה טרייה קצוצה מוקפאת 70 גרם,קבוצת אוסם סחר שותפות מוגבלת,IL,דורות פטרוזיליה קצוצה 32*70גרם,גרמים,70.00,100 גרם,false,1,12.90,18.4286,true,1,351
7290002253181,false,כוסברה טרייה קצוצה 20 קוביות 70 גרם קפוא,קבוצת אוסם סחר שותפות מוגבלת,IL,דורות כוסברה קצוצה 32*70גרם,גרמים,70.00,100 גרם,false,1,12.90,18.4286,true,1,8243
7290002253198,false,ג'ינג'ר טרי כתוש במגשית 70 ג' דורות,קבוצת אוסם סחר-שות.מוגבלת,IL,דורות ג'ינג'ר טרי כתוש2 16*70גרם,גרמים,70.00,100 גרם,false,1,12.90,18.4286,true,1,24457
7290002259640,false,דיימונד רדיד אלומיניום צר 30 ס''מ 7.5 מ'-,ריינולדס מוצרי צריכה,CN,"רדיד אלומיניום עבה במיוחד לבישול,אפייה והקפאה.",מטרים,760.00,מטר,false,1,10.90,0.0143,true,1,15184
7290002260059,false,במבה יום הולדת 60 גרם אסם,"אסם השקעות בע""מ",IL,במבה יום הולדת 48*60גרם,גרמים,60.00,100 גרם,false,1,4.90,8.1667,true,1,28228
7290002281382,false,נתחי סלמון נורווגי דלידג קפוא,נטו מלינדה סחר בע`מ,,נתח פילה סלמון קפוא 100% דג,קילוגרמים,1.00,"ק""ג",true,,89.90,89.9000,true,1,40963
7290002281498,false,גבינה צהובה מגורדת על בסיס חלב 500 ג' ריץ,נטו מילנדה סחר בעמ*,PL,"ריץ', צהובה מגורדת, לפיצה, אפייה ובישול ועוד",גרמים,500.00,100 גרם,false,1,25.90,5.1800,true,1,41709
7290002331018,false,"נביעות מים עם פקק ספורט 500מ""ל",החברה המרכזית להפצת משקאות בעמ,IL,נביעות 500 פ.שטוח פיקדון,מיליליטרים,500.00,"100 מ""ל",false,1,3.90,0.7800,true,1,2235
7290002331025,false,"מים מינרלים נביעות ספורט 500 מ""ל פקדון",החברה המרכזית להפצת משקאות בעמ,IL,נביעות 500 TO GO פקדון,מיליליטרים,500.00,"100 מ""ל",false,1,5.00,1.0000,true,1,382
7290002331124,false,נביעות+ מים מינרליים בטעם תפוח,החברה המרכזית להפצת משקאות בעמ,IL,נביעות+ בטעם תפוח 500 מל,מיליליטרים,500.00,"100 מ""ל",false,1,8.50,1.7000,true,1,3382
7290002331155,false,מים נביעות בטעם אפרסק 0.5 ליטר,החברה המרכזית להפצת משקאות בעמ,IL,"נביעות + בטעם אפרסק 500 מ""ל",מיליליטרים,500.00,"100 מ""ל",false,1,8.50,1.7000,true,1,3383
7290002331360,false,"נביעות מים מינרליים טו גו מארז 500X6מ""ל",החברה המרכזית להפצת משקאות בעמ,,"מים נביעות TO GO שישייה בקבוק 500 מ""ל",ליטרים,3.00,ליטר,false,1,17.90,5.9667,true,1,385
7290002331476,false,"נביעות בייבי מים מינרלים 250מ""ל",החברה המרכזית להפצת משקאות בע,,"מים נביעות בייבי בקבוק 320 מ""ל",מיליליטרים,320.00,"100 מ""ל",false,1,2.90,0.9062,true,1,28096
7290002331483,false,נביעות מים מינרלים שישיה בייבי 330 מ`ל,החברה המרכזית להפצת משקאות בעמ,IL,נביעות בייבי מים מינרליים טבעיים 1.92 ליטר,ליטרים,1.92,ליטר,false,1,15.90,8.2813,true,1,27800
7290002331490,false,מים מינרלים נביעות (1 ליטר),החברה המרכזית להפצת משקאות בעמ,IL,נביעות 1 ליטר,ליטרים,1.00,ליטר,false,1,5.00,5.0000,true,1,27810
7290002331711,false,נביעות מים מינרלים בטעם ענבים0.5ליטר,החברה המרכזית להפצת משקאות בעמ,IL,"נביעות + בטעם ענבים 500 מ""ל",מיליליטרים,500.00,"100 מ""ל",false,1,8.50,1.7000,true,1,16018
7290002345015,false,סינטה דק דק אל גאוצ'ו 250ג' מינוט,"טיבון ויל אחזקות בע""\מ",IL,סינטה דק דק אלגאוצו,גרמים,250.00,100 גרם,false,1,29.90,11.9600,true,1,37784
7290002345022,false,אנטריקוט דק דק מינוט סטייק אל גאוצ'ו 250 גרם,"טיבון ויל אחזקות בע""\מ",IL,אל גאוצ'ו מינוט סטייק אנטריקוטדקדק 250 גרם,גרמים,250.00,100 גרם,false,1,29.90,11.9600,true,1,37785
7290002348245,false,לבבות דקל שלם 425 ג' ויליגר,אגרו אינדוסטריאל סן,PE,ויליגר לבבות דקל שלמים 400 גרם,גרמים,400.00,100 גרם,false,1,11.90,2.9750,true,1,2477
7290002353249,false,חרדל דיז'ון מיילי 345 גרם,מיוצר עי קונדיטוריית,FR,ממרח דיזונז 345 גרם,גרמים,345.00,100 גרם,false,1,24.90,7.2174,true,1,53335
7290002353836,false,סרדינים רוברט בשמן זית 115 גרם,קונסרבס פורטוגל נורטה,PT,סרדינים בשמן זית רוברט 115 גרם,גרמים,115.00,100 גרם,false,1,10.90,9.4783,true,1,391
7290002371533,false,דקניקים סלסולי פסטרמה דבש טירת צבי 120 גרם,תנובה מרכז שיתופי לשיווק תוצרת,IL,סלסולי פסטרמה דבש 120 גרם,גרמים,120.00,100 גרם,false,1,16.90,14.0833,true,1,27367
7290002371540,false,דקניקים קורנדביף ללא גלוטן טירת צבי 120 גרם,תנובה מרכז שיתופי לשיווק תוצרת,IL,טירת צבי דקניקים קורנדביף 120 גרם,גרמים,120.00,100 גרם,false,1,16.90,14.0833,true,1,27368
7290002371939,false,סרוולד בסגנון צרפתי דליקטיב 120 גרם,תנובה מרכז שיתופי לשיווק תוצרת,IL,סרוולד צרפתי 120 גרם,גרמים,120.00,100 גרם,false,1,28.90,24.0833,true,1,17017
7290002385738,false,גבינת מנצ'גו משולשים גד,מחלבות גד,,"גבינה משולשי מנצגו לק""ג גד",קילוגרמים,1.00,"ק""ג",true,,155.90,155.9000,true,1,31130
7290002385745,false,גבינת פיקורינו משולשים גד,מחלבות גד,,"גבינה משולשי פיקורינו לק""ג גד",קילוגרמים,1.00,"ק""ג",true,,155.90,155.9000,true,1,31131
7290002488422,false,תמר מגהול פרימיום 600 גרם,דין שיווק וקליה 2021 בעמ,IL,תמר מגהול 600 גרם,גרמים,600.00,100 גרם,false,1,15.90,2.6500,true,1,55522
7290002507277,false,קציצות דג דלידג 700 גרם,אף.סי תבליני בגליל ב,IL,קציצות דג 700 גרם,גרמים,700.00,100 גרם,false,1,27.90,3.9857,true,1,37950
7290002507604,false,פיצה שגב השף מאיטליה 350 גרם,האי נאם סי או אל.טי.,IT,פיצת השף שגב 320גרם,יחידה,1.00,יחידה,false,1,17.90,17.9000,true,1,48410
7290002517108,false,תבלין אורגנו 10 ג' טעם וריח,"תבליני טעם וריח בע""מ",IL,תבליני טעם וריח מיכל קטן אורגנו 10 גרם,גרמים,10.00,100 גרם,false,1,6.90,69.0000,true,1,4908
7290002517269,false,"פלפל שחור שלם 350 גרם ""טעם וריח""",תבליני טעם וריח בעמ,IL,תבליני טעם וריח פלפל שחור שלם 35 גרם,גרמים,35.00,100 גרם,false,1,9.90,28.2857,true,1,6670
7290002517276,false,פלפל אנגלי שלם 25 גר' טעם וריח,תבליני טעם וריח בעמ,IL,תבליני טעם וריח מיכל קטן פלפל אנגלי שלם 25 גרם,גרמים,25.00,100 גרם,false,1,8.90,35.6000,true,1,4694
7290002517283,false,תבלין פלפל שחור גרוס 40 גר' מיכל,תבליני טעם וריח בעמ,IL,תבליני טעם וריח מיכל פלפל שחור גרוס 40 גרם,גרמים,40.00,100 גרם,false,1,9.90,24.7500,true,1,4909
7290002517290,false,תבלין קינמון טחון 40 גר' מיכל,"תבליני טעם וריח בע""מ",IL,"תבליני טעם וריח, 100% קינמון טחון, 40 גרם",גרמים,40.00,100 גרם,false,1,6.90,17.2500,true,1,4695
7290002517337,false,אורגנו עלים 20 גר' טעם וריח,"תבליני טעם וריח בע""מ",IL,תבליני טעם וריח 100% אורגנו 20 גרם,גרמים,20.00,100 גרם,false,1,5.90,29.5000,true,1,4688
7290002517375,false,בזילקום עלים 30 גר' טעם וריח,"תבליני טעם וריח בע""מ",IL,"תבליני טעם וריח, 100% בזיליקום (ריחן), 30 גרם",גרמים,30.00,100 גרם,false,1,5.90,19.6667,true,1,47573
7290002517603,false,תבלין בזיליקום מיכל 10ג',"תבליני טעם וריח בע""מ",IL,"תבליני טעם וריח בזיליקום (ריחן), 10 גרם",גרמים,10.00,100 גרם,false,1,6.90,69.0000,true,1,6661
7290002517634,false,כוזברה 30 גר מיכל קט,תבליני טעם וריח בעמ,IL,תבליני טעם וריח כוסברה 30 גרם,גרמים,30.00,100 גרם,false,1,6.90,23.0000,true,1,42210
7290002517658,false,תבלין כורכום 40 גרם מיכל קטן,"תבליני טעם וריח בע""\מ",IL,תבליני טעם וריח כורכום 100% 40 גרם,גרמים,40.00,100 גרם,false,1,6.90,17.2500,true,1,6663
7290002517689,false,תבלין קרי 40 גרם מיכל קטן,תבליני טעם וריח בעמ,IL,תבליני טעם וריח אבקת קרי 40 גרם,גרמים,40.00,100 גרם,false,1,6.90,17.2500,true,1,6664
7290002517726,false,קינמון מקלות 15 גר' טעם וריח,"תבליני טעם וריח בע""מ",IL,תבליני טעם וריח מקלות קינמון 100%,גרמים,15.00,100 גרם,false,1,6.90,46.0000,true,1,6665
7290002517733,false,תבלין קצח טעם וריח 4,תבליני טעם וריח בעמ,IL,"תבליני טעם וריח, 100% קצח, 40 גרם",גרמים,40.00,100 גרם,false,1,6.90,17.2500,true,1,42211
7290002517801,false,תבלין צ'ילי כתוש - חריף (פלפל קיינה) 30 ג',"תבליני טעם וריח בע""מ",IL,"תבליני טעם וריח, 100% צ'ילי כתוש חריף, 30 גרם",גרמים,30.00,100 גרם,false,1,6.90,23.0000,true,1,21903
7290002517825,false,"פלפל לבן טחון 40 גרם ""טעם וריח""","תבליני טעם וריח בע""מ",IL,"תבליני טעם וריח, 100% פלפל לבן טחון, 40 גרם",גרמים,40.00,100 גרם,false,1,9.90,24.7500,true,1,7096
7290002517849,false,תבלין שום גבישי 50 גר,תבליני טעם וריח בעמ,IL,תבליני טעם וריח מיכל קטן שום גבישי 50 גרם,גרמים,50.00,100 גרם,false,1,6.90,13.8000,true,1,6889
7290002517863,false,תבלין ציפורן טחון 80ג',"תבליני טעם וריח בע""מ",IL,"תבליני טעם וריח, ציפורן טחון 100%, 40 גרם",גרמים,40.00,100 גרם,false,1,9.90,24.7500,true,1,23056
7290002542506,false,"בקבוק בירה קורונה 355 מ""ל",קריניציה ויטמינה אס,MX,בירה קורונה אקסטרה 355 מל,מיליליטרים,355.00,"100 מ""ל",false,1,12.90,3.6338,true,1,21990
7290002542773,false,"בירה סטלה ארטואה בקבוק 330 מ""ל","אינבב, ברוורייפליין",BE,סטלה ארטואה בק 330 מל,מיליליטרים,330.00,"100 מ""ל",false,1,11.90,3.6061,true,1,51327
7290002542780,false,"שישייה בירה סטלה ארטואה בקבוק 330X6 מ""ל","אינבב, ברוורייפליין",BE,סטלה ארטואה שישיה 6 בק*330 מל,ליטרים,1.32,ליטר,false,1,39.90,30.2273,true,1,51328
7290002542810,false,"בירה הוגרדן בקבוק 330 מ""ל","אינבב, ברוורייפליין",BE,בירה הוגרדן בקבוק 330 מל,מיליליטרים,330.00,"100 מ""ל",false,1,11.90,3.6061,true,1,51318
7290002543046,false,דגני בוקר קלוגס פרוסטיס 750 גרם,דיפלומט מפיצים (1968) בעמ**,ES,דגני קלוגס פרוסטיס 750 גרם,גרמים,750.00,100 גרם,false,1,24.90,3.3200,true,1,5390
7290002543237,false,דגני בוקר קלוגס קורנפלקס 750 גרם,קלוגס קומפני אוף גרייט ב,,קלוגס קורנפלקס 750 גרם,גרמים,750.00,100 גרם,false,1,18.90,2.5200,true,1,430
7290002551003,false,נתחי טונה בהירה בשמן סטארקיסט (160 גרם),דיפלומט מפיצים (1968) בעמ**,,טונה בשמן סטארקיסט 160 גרם,גרמים,160.00,100 גרם,false,1,8.90,5.5625,true,1,432
7290002551010,false,נתחי טונה בהירה במים סטארקיסט (160 גרם),דיפלומט מפיצים (1968) בעמ**,TR,ס.ק טונה במים 160גרם-בי,גרמים,160.00,100 גרם,false,1,8.90,5.5625,true,1,433
7290002577492,false,"פילה דג הרינג מלוח בשמן, 340 גרם",מיוצר על ידי קוד יצר,IL,פילה דג הרינג מלוח בשמן דלידג 240 גרם,גרמים,240.00,100 גרם,false,1,27.90,11.6250,true,1,35200
7290002577508,false,פילה דג הרינג מלוח בשמן ובצל דלידג 240 ג',מיוצר על ידי קוד יצר,IL,פילה דג הרינג מלוח בשמן ובצל דלידג 240גר,גרמים,240.00,100 גרם,false,1,27.90,11.6250,true,1,35199
7290002603498,false,פיצת השף מאיטליה CHEF שגב אנטיפסטי 220,האי נאם סי או אל.טי.,IT,שגב פיצת השף אנטיפסטי 220 גרם,גרמים,220.00,100 גרם,false,1,16.90,7.6818,true,1,38516
7290002627210,false,גפילטע פיש קציצות מדגי קרפיון וכסיף בצנצנת 560 גרם,האי נאם סי או אל.טי.,IL,גפילטע פיש דלידג בצנצנת 560 גרם,גרמים,560.00,100 גרם,false,1,14.90,2.6607,true,1,47096
7290002657866,false,"פילה אמנון""דלידג מהדרין",גואנדונג יוג'יה סיפו,,פילה אמנון דלידג,קילוגרמים,1.00,"ק""ג",true,,36.90,36.9000,true,1,30968
7290002692478,false,"שמן זית כתית מעולה קלאסי מעודן 750 מ""ל עץ הזית","מרקאולאו, ספרד.אבסה,",IT,"שמן זית כתית מעולה מעודן עץ הזית 750 מ""ל",מיליליטרים,750.00,"100 מ""ל",false,1,36.90,4.9200,true,1,3306
7290002692768,false,"תרסיס שמן קנולה מזוכך ללא תוספת גז עץ הזית 200 מ""ל",טרנסומס פוד איי בי,IT,"תרסיס שמן קנולה 200 מ""ל עץ הזית",מיליליטרים,200.00,"100 מ""ל",false,1,19.90,9.9500,true,1,54600
7290002715504,false,ארוחת נודלס בטעם עוף מג`יק (70 גרם),נטו מלינדה סחר בע`מ,SG,תבשיל מגיק בכוס עוף 70 גרם,גרמים,70.00,100 גרם,false,1,6.50,9.2857,true,1,460
7290002715511,false,ארוחת נודלס בטעם בשר מג`יק (70 גרם),נטו מילנדה סחר בעמ*,SG,תבשיל מגיק בכוס בקר 70 גרם,גרמים,70.00,100 גרם,false,1,6.50,9.2857,true,1,461
7290002715580,false,ארוחת נודלס בטעם סיני חריף מג'יק 70 גרם,נטו מילנדה סחר בעמ*,SG,תבשיל מגיק בכוס ירקות סיני 70 גרם,גרמים,70.00,100 גרם,false,1,6.50,9.2857,true,1,464
7290002730262,false,נוזל לניקוי כלים קלאסי פלמוליב (750 מל),יבואן ומשווק: ש. שסט,GR,פלמוליב נוזל לניקוי כלים קלאסי 750 מל,מיליליטרים,750.00,"100 מ""ל",false,1,12.90,1.7200,true,1,469
7290002730521,false,צימרוני אוזניים בלונס בקופסא 200 יח',ש. שסטוביץ בע`מ,GR,צמרוני אוזניים בלונס,גרמים,66.00,100 גרם,false,1,8.10,12.2727,true,1,470
7290002730675,false,"קולגייט משחת שיניים אדומה משפחתי 100 מ""ל",קולגייט-פלמוליב,PL,"משחת שיניים קולגייט אדומה 100 מ""ל",מיליליטרים,100.00,"100 מ""ל",false,1,9.90,9.9000,true,1,472
7290002730811,false,"משחת שיניים ג'ל פסים מרעננים קולגייט 100 מ""ל",הנסיך- מפעל לייצור ט,PL,משחת שניים קולגיט גל משפחתי,מיליליטרים,100.00,"100 מ""ל",false,1,13.90,13.9000,true,1,473
7290002730941,false,כדורי צמר גפן בלונס 100 יחידות,הנסיך- מפעל לייצור ט,GR,בלונס פסי צמר גפן 100 גרם,גרמים,100.00,100 גרם,false,1,6.80,6.8000,true,1,2044
7290002750406,false,סופגניה עם ריבה פילסברי 95 גרם,פילסברי,,סופגנייה מטוגנת קפואה עם ריבה,גרמים,95.00,100 גרם,false,1,3.90,4.1053,false,1,18131
7290002752332,false,"סוכריות מנטוס פירות בגליל, 37.5 גרם",הדקלאים אגודת שיתופי,NL,מנטוס סוכריות לעיסה בטעם פירות 37.5 גרם,גרמים,38.00,100 גרם,false,1,3.90,10.2632,true,1,475
7290002752349,false,סוכריות מנטוס מנטה 40יח' בגליל 38ג',ליימן שליסל בעמ,NL,גליל מנטוס סוכריות לעיסה בטעם מנטה,גרמים,38.00,100 גרם,false,1,3.90,10.2632,true,1,2022
7290002771104,false,קפה עם הל אל נחלה 500 גרם,קפה אל נחלה בני רפיק,IL,אל נחל'ה קפה קלוי וטחון עם הל 500 גרם,גרמים,500.00,100 גרם,false,1,37.90,7.5800,true,1,33527
7290002771111,false,.קפה אלנחילה 250 גר עם הל,קפה אל נחלה בני רפיק,IL,אל נחל'ה קפה קלוי וטחון עם הל 250 גרם,גרמים,250.00,100 גרם,false,1,21.50,8.6000,true,1,7585
7290002771128,false,קפה אלנח'לה בלי הל 250 ג',קפה אל נחלה בני רפיק,IL,קפה תורכי נחלה 250 גרם,גרמים,250.00,100 גרם,false,1,21.50,8.6000,true,1,15850
7290002775898,false,עוגת מוס בלגי 850 ג' ריצ',בטר אנד דיפרנט,IL,ריץ' עוגת מוס עם שוקולד בסגנון בלגי 850 גרם,גרמים,850.00,100 גרם,false,1,69.90,8.2235,true,1,23894
7290002824183,false,"גבינה לבנה סקי 500 גרם 5% ""שטראוס"" -מוצר בפיקוח",שטראוס גרופ בעמ/מצונן,IL,סקי משפחתי 5%,גרמים,500.00,100 גרם,false,1,9.96,1.9920,true,1,500
7290002824466,false,יוגורט דנונה ביו לבן 0% שומן 200 גרם,שטראוס גרופ בעמ/מצונן,IL,דנונה ביו 0% 200 גרם,גרמים,200.00,100 גרם,false,1,3.90,1.9500,true,1,501
7290002824640,false,"גבינת סקי 250 גרם 5% ""שטראוס"" -מוצר בפיקוח",שטראוס גרופ בעמ/מצונן,IL,סקי 5% 250 גרם,גרמים,250.00,100 גרם,false,1,4.98,1.9920,true,1,503
7290002830948,false,גבינת עיזים מותכת 30% מון בלאן 120 גרם,סלס קרית מלאכי ישראל,IL,מון בלאן גבינת עיזים מותכת 120 גרם,גרמים,120.00,100 גרם,false,1,14.50,12.0833,true,1,29848
7290002871248,false,"בירה טובורג רד בקבוק 500 מ""ל חוזר",החברה המרכזית להפצת משקאות בעמ,IL,"טובורג מלא חוזר חדש 500 מ""ל",מיליליטרים,500.00,"100 מ""ל",false,1,9.50,1.9000,true,1,525
7290002871361,false,"בירה קרלסברג בקבוק 500 מ""ל חוזר",החברה המרכזית להפצת משקאות בעמ,IL,קלסברג בירה 500 מל,מיליליטרים,500.00,"100 מ""ל",false,1,9.50,1.9000,true,1,526
7290002879237,false,טורטילה צ'יפס ברביקיו 200 פלוטקין,דדוש דניאל,,חטיף ציפס תירס ברביקיו 200 גרם,גרמים,200.00,100 גרם,false,1,12.90,6.4500,true,1,5281
7290002879282,false,ציפס חטיף תירס טבעי סומבררו 200 גרם,אן. וי סנק פוד,,חטיף ציפס תירס רגיל 200 גרם,גרמים,200.00,100 גרם,false,1,12.90,6.4500,true,1,5268
7290002879299,false,מלפפון מוחמצים בטעם חמוץ מתוק,דדוש דניאל,,מלפפונים גדולים בחומץ 860 גרם,גרמים,860.00,100 גרם,false,1,23.90,2.7791,true,1,4836
7290002879305,false,מלפפונים מוחמצים קטן,דדוש דניאל,,מלפפונים קטנים בחומץ 860 גרם,גרמים,860.00,100 גרם,false,1,23.90,2.7791,true,1,29966
7290002879435,false,כרוב כבוש גרין ואלי,פרנצוסקה,,כרוב כבוש 900 גרם,גרמים,900.00,100 גרם,false,1,18.90,2.1000,true,1,29969
7290002879633,false,וופל בלגי אמיתי רזיט 550 גרם,אן.וי ביסקוויטרי טיז,BE,וופל בלגי 1/10 550 גרם,גרמים,550.00,100 גרם,false,1,27.90,5.0727,true,1,52718
7290002879886,false,רצועות מלפפונים בחומץ 680גרם Valley,פולן,,מלפפונים רצועות בחומץ 680 גרם,גרמים,680.00,100 גרם,false,1,23.90,3.5147,true,1,29967
7290002921165,false,"חלב לניקוי רהיטי עור הזלין יעקבי 400 מ""ל",יעקב יעקבי ובניו בעמ,,יעקבי הזלין קונדישינר חלב שקוף לרהיטי עור 400 מל,מיליליטרים,400.00,"100 מ""ל",false,1,43.90,10.9750,true,1,30629
7290002921349,false,דבק סופר גלו לוקטיט אריזה זוגית יעקובי,יעקב יעקבי ובניו בע`מ,,דבק סופר גלו לוקטיט,גרמים,100.00,100 גרם,false,1,16.90,16.9000,true,1,6757
7290002922117,false,מקלות קינמון וסוכר חום,הלל בן הלל שיווק ומסחר בעמ,,עוגיות פרימיום 200-300 גרם,גרמים,300.00,100 גרם,false,1,24.90,8.3000,true,1,36153
7290002929642,false,נתחי טונה בהירה בשמן ויליגר (140x4 גרם),דיאמנט פוד פרודקט קו,TH,טונה ויליגר בשמן 140 גרם 1\4,גרמים,560.00,100 גרם,false,1,23.90,4.2679,true,1,48258
7290002986652,false,גטניו פתי בר שוקו 470 גרם,"אחים גטניו בע""מ",,ביסקוויט פתיבר שוקו גטניו 470 גרם,גרמים,470.00,100 גרם,false,1,10.90,2.3191,true,1,30764
7290003009183,false,סירופ דיאט 750 מל בטעם תפוחים פריגת,החברה המרכזית להפצת משקאות בעמ,IL,"סירופ דיאט פריגת תפוחים 750 מ""ל",מיליליטרים,750.00,"100 מ""ל",false,1,23.90,3.1867,true,1,4276
7290003009312,false,בוטן קלוי 200 גרם שקית קליית גת,הדקלאים אגודת שיתופי,IL,בוטן קלוי 200 גר' שק',גרמים,200.00,100 גרם,false,1,7.90,3.9500,true,1,6566
7290003009329,false,בוטנים אמריקאיים קליית גת (200 גרם),הדקלאים אגודת שיתופי,IL,בוטן אמריק'200 גר'שק (ב(24,גרמים,200.00,100 גרם,false,1,7.90,3.9500,true,1,6563
7290003009336,false,קבוקים קליית גת (200 גרם),הדקלאים אגודת שיתופי,IL,קבוקים 200 גר'שק'ב24,גרמים,200.00,100 גרם,false,1,7.90,3.9500,true,1,6568
7290003009640,false,מיץ תפוזים סחוט רכיבים טבעיים פריגת 1 ליטר,*החברה המרכזית להפצת משקאותבעמ,IL,סחוט תפוזים קלאסי 1 ליטר,ליטרים,1.00,ליטר,false,1,19.90,19.9000,true,1,3940
7290003029181,false,משקה יטבתה שוקו' בקבוק 1ל מהדרין,שטראוס גרופ בעמ/מצונן,IL,שוקו 1 ליטר,ליטרים,1.00,ליטר,false,1,12.90,12.9000,true,1,3947
7290003029372,false,יטבתה משקה בטעם בננה %3 בקבוק 1 ליטר,שטראוס גרופ בעמ/מצונן,IL,בננה 1 ליטר,ליטרים,1.00,ליטר,false,1,12.90,12.9000,true,1,3951
7290003029389,false,"משקה חלב בננה פקק ספורט 250 מ""ל יוטבתה",שטראוס גרופ בעמ/מצונן,IL,"בננה פקק 250 מ""ל",מיליליטרים,250.00,"100 מ""ל",false,1,5.90,2.3600,true,1,3952
7290003029433,false,"משקה יטבתה שוקו פקק 250 מ""ל מהדרין",שטראוס גרופ בעמ/מצונן,IL,"שוקו פקק 250 מ""ל",מיליליטרים,250.00,"100 מ""ל",false,1,5.90,2.3600,true,1,3954
7290003029792,false,"משקה יטבתה שוקו שקיות מהדרין מארז 225X8מ""ל",שטראוס גרופ בעמ/מצונן,,מארז שוקו יטבתה 8 שקיות,ליטרים,1.80,ליטר,false,1,18.90,10.5000,true,1,4277
7290003029815,false,חלב מועשר 3% בכד יטבתה 2 ליטר,שטראוס גרופ בעמ/מצונן,IL,חלב מועשר 3% בכד יטבתה 2 ליטר,ליטרים,2.00,ליטר,false,1,15.60,7.8000,true,1,4278
7290003029907,false,משקה חלב אייס קפה 2% יטבתה (1 ליטר,שטראוס גרופ בעמ/מצונן,IL,אייס קפה 1 ליטר,ליטרים,1.00,ליטר,false,1,12.90,12.9000,true,1,4286
7290003047642,false,תה שחור יילו לייבל 100*1.5 ג' שקיק ליפטון,"יוניליוור ישראל שיווק בע""מ",RU,תה שחור יילו לייבל,גרמים,150.00,100 גרם,false,1,19.90,13.2667,true,1,3962
7290003054190,false,מסטמכר לחם שיפון עם שלושה דגנים 500ג,מרום את קונפינו,DE,לחם שיפון+דגנים מסטמכר 500 גרם,גרמים,500.00,100 גרם,false,1,14.50,2.9000,true,1,4709
7290003054213,false,מסטמכר לחם שיפון כפרי 500ג,דיפלומט מפיצים (1968) בעמ**,DE,לחם שיפון כפרי מסטמכר 500 גרם,גרמים,500.00,100 גרם,false,1,14.50,2.9000,true,1,4711
7290003054657,false,חרדל ריין דיז'ון אקסטרה פורטה 370 גרם,דיפלומט מפיצים (1968) בעמ**,FR,חרדל דיז'ון אקסטרא פורטה 370 גרם,גרמים,370.00,100 גרם,false,1,14.90,4.0270,true,1,14926
7290003060009,false,"קמח חיטה לבן בהיר טחנות ישראליות 1 ק""ג",טחנות ישראליות,,"קמח חיטה לבן 1 ק""ג סוגת",קילוגרמים,1.00,"ק""ג",false,1,6.90,6.9000,true,1,3963
7290003060023,false,"סולת חיטה 1 ק""ג מטחנות ישראליות",טחנות ישראליות,,"סולת חיטה 1 ק""ג טחנות ישראליות",קילוגרמים,1.00,"ק""ג",false,1,5.90,5.9000,true,1,3964
7290003060078,false,"קמח שיפון מלא רמילוי 1 ק""ג",טחנות ישראליות,IL,"קמח שיפון מלא טחנות ישראליות 1 ק""ג",קילוגרמים,1.00,"ק""ג",false,1,4.90,4.9000,true,1,53086
7290003069590,false,"פילה פוטית עם עור קפוא דלידג 1 ק""ג",דאליאן גואופו אקאטיק,CN,סול ואקום 1 קג,קילוגרמים,1.00,"ק""ג",false,1,36.90,36.9000,true,1,53287
7290003072859,false,רוסטביף טירת צבי 120 גרם,הנסיך- מפעל לייצור ט,IL,טירת צבי דלקטיב רוסטביף 120 גרם,מיליליטרים,120.00,"100 מ""ל",false,1,28.90,24.0833,true,1,48465
7290003102068,false,צימרוני אוזניים מעץ 100 יח',אינטרסן (1996) בעמ,,צימרוני אוזניים מעץ 100 יח,יחידה,1.00,יחידה,false,1,1.90,1.9000,true,1,23885
7290003102136,false,צמר גפן COTTON SOFT רפואי 100 גר' 3102136,הדקלאים אגודת שיתופי,TR,צמר גפן מכותנה טבעית 100 גרם,גרמים,100.00,100 גרם,false,1,5.90,5.9000,true,1,24175
7290003102976,false,צימרוני אוזניים פלסטיק בקופסה 200 יחידות,הדקלאים אגודת שיתופי,CN,צימרוני פלסטיק צבעוניים 200 יחידות,יחידה,1.00,יחידה,false,1,4.90,4.9000,true,1,24629
7290003126712,false,יוגורט עיזים מחלב מלא 3.7% משק צוריאל 150 גרם,*החברה המרכזית להפצת משקאותבעמ,IL,יוגורט עיזים 3.9% 150 גרם צוריאל,גרמים,150.00,100 גרם,false,1,7.90,5.2667,true,1,3481
7290003143146,false,ממרח תמרים קליית גת (450 גרם),הדקלאים אגודת שיתופי,IL,ממרח תמרים 450 קלית גת,גרמים,450.00,100 גרם,false,1,6.90,1.5333,true,1,41707
7290003144310,false,תערובת אגוזים וחמוציות קליית גת 150 גרם,ליימן שליסל בעמ,IL,תע'אגוזים וחמוציות 150 גר,גרמים,150.00,100 גרם,false,1,22.90,15.2667,true,1,36279
7290003145751,false,אגוזי קשיו קלויים קליית גת (200 גרם),הדקלאים אגודת שיתופי,IL,"קליית גת אגוזי קלויים, 200 גרם",גרמים,200.00,100 גרם,false,1,21.90,10.9500,true,1,18466
7290003145782,false,צנובר רכיבים טבעיים קליית גת 100 גרם,הדקלאים אגודת שיתופי,IL,צנוברים קלופים 100 גרם קליית גת,גרמים,100.00,100 גרם,false,1,26.90,26.9000,true,1,53064
7290003145959,false,פקאן טבעי קליית גת 150 גרם,ליימן שליסל בעמ,IL,פקאן טבעי 150 גרם,יחידה,150.00,יחידה,false,1,24.90,0.1660,true,1,55307
7290003208586,false,"וורמוט מרטיני לבן 750 מ""ל",מרטיני ורוסי,IT,"מרטיני ביאנקו וורמוט לבן מתוק 750 מ""ל",מיליליטרים,750.00,"100 מ""ל",false,1,54.90,7.3200,true,1,22132
7290003208609,false,"וורמוט מרטיני אדום מתוק 750 מ""ל",מרטיני ורוסי,IT,"מרטיני רוסו וורמוט אדום מתוק 750 מ""ל",מיליליטרים,750.00,"100 מ""ל",false,1,54.90,7.3200,true,1,22133
7290003208890,false,"וודקה פינלנדיה 200 מ""ל",בראון פורמן,,"וודקה פינלנדיה 200 מ""ל",מיליליטרים,200.00,"100 מ""ל",false,1,29.90,14.9500,true,1,38227
7290003210114,false,מארז טרופיות 40 יחיד,בוסתן,IL,טרופית בוסתן 200 מל,מיליליטרים,200.00,"100 מ""ל",false,1,2.90,1.4500,true,1,46790
7290003220380,false,"עוגיות סנדויץ' במילוי קרם שוקולד ""מעדני המלך"" 150 גרם",רזיט שיווק בעמ,IL,מעדני מלך סנדוויץ שוקו 150ג,גרמים,150.00,100 גרם,false,1,5.50,3.6667,true,1,52965
7290003220397,false,עוגיות סנדוויץ וניל 150 ג' נאפה מעדני מלך,אחים פפושדו,IL,מעדני מלך סנדוויץ וניל 150ג,גרמים,150.00,100 גרם,false,1,5.50,3.6667,true,1,52966
7290003220977,false,מעדני המלך ביסקוויט חצי ירח מצופה 175 גר,רזיט שיווק בעמ,,עוגיות מצופות מעדני המלך 175 גר,גרמים,175.00,100 גרם,false,1,10.90,6.2286,true,1,52104
7290003229109,false,פסטרמה הודו בפפריקה טירת צבי (400 גרם),תנובה מרכז שיתופי לשיווק תוצרת,IL,פסטרמה בפפריקה טירת צבי 400 גרם,גרמים,400.00,100 גרם,false,1,32.90,8.2250,true,1,676
7290003229116,false,פסטרמה הודו בדבש שומן טירת צבי 400 גרם,תנובה מרכז שיתופי לשיווק תוצרת,IL,פסטרמה בדבש טירת צבי 400 גרם,גרמים,400.00,100 גרם,false,1,32.90,8.2250,true,1,677
7290003229123,false,פסטרמה הודו על גחלים 2% טירת צבי 400 גרם,תנובה מרכז שיתופי לשיווק תוצרת,IL,פסטרמה על גחלים טירת צבי 400 גרם,גרמים,400.00,100 גרם,false,1,32.90,8.2250,true,1,678
7290003229192,false,נקניק כתף בקר מעושן 2% טירת צבי 400 גרם,תנובה מרכז שיתופי לשיווק תוצרת,IL,"טירת צבי, פסטרמה כתף בקר מעושנת 400 גרם",גרמים,400.00,100 גרם,false,1,34.90,8.7250,true,1,682
7290003268252,false,לחם חיטה מלא לילדים 750 ג' דגנית עין בר,דגנית עין בר תעשיות מזון ואפיה,IL,לחם ילדים,גרמים,750.00,100 גרם,false,1,16.90,2.2533,true,1,35208
7290003268429,false,לחם ירוק מקמח מלא דגנית עין בר (750 גרם),דגנית עין בר תעשיות מזון ואפיה,IL,לחם ירוק,גרמים,750.00,100 גרם,false,1,14.50,1.9333,true,1,28108
7290003268733,false,לחמניה שמינית 125 גר,דגנית עין בר ~~~,,לחמניה שמינית 125 גרם,גרמים,125.00,100 גרם,false,1,3.90,3.1200,true,1,15214
7290003321155,false,יוגורט בר עם פקאן מצופה שוקולד 183 ג' דנונה,שטראוס גרופ בעמ/מצונן,IL,דנונה בר פקאן,גרמים,175.00,100 גרם,false,1,4.90,2.8000,true,1,691
7290003332007,false,קפה שחור עם הל נח`לה אדום (250 גרם),סובחי נחלה ובניו בעמ,,קפה נחלה הל 250 גרם,גרמים,250.00,100 גרם,false,1,20.90,8.3600,true,1,37002
7290003387205,false,ספיד סטיק - דאודורנט סטיק לגבר רגולר,הנסיך- מפעל לייצור ט,US,דאודורנט ספיד סטיק רגולר 56.6 גרם,גרמים,70.00,100 גרם,false,1,21.90,31.2857,true,1,19309
7290003400500,false,חטיף הרשי ריזס נאטרייגיס 47 גרם,ליימן מותגים,,שוקולד ריזס קרמל עם בוטנים 47 גרם,גרמים,47.00,100 גרם,false,1,6.10,12.9787,true,1,27427
7290003411313,false,מפת אל בד מעורב צבעים 120X180 הנמל משובחת,שיווק: הנמל אריזות ו,IL,הנמל מפת שולחן אל בד 180X120 סמ,Unknown,0.00,Unknown,false,1,6.90,0.0000,true,1,31085
7290003411689,false,לפתניות פלסטיק חד פעמיות 25 יח`,הנמל אריזות ושיווק (1984) בעמ,IL,הנמל ליפתניות 25 יחידות,יחידה,1.00,יחידה,false,1,5.90,5.9000,true,1,2118
7290003411696,false,מרקיות פלסטיק חד פעמיות 25 יח`,הנמל אריזות ושיווק (1984) בעמ,IL,הנמל מרקיות לבן 25 יחידות,יחידה,0.00,יחידה,false,1,11.90,0.0000,true,1,2119
7290003423909,false,חטיף קוקיס אנד קרים לבן 43 גרם,ליימן מותגים,,שוקולד הרשיז קוקיז אנד קרים 43 גרם,גרמים,43.00,100 גרם,false,1,5.90,13.7209,true,1,35039
7290003427154,false,"שמן זית כתית מעולה טעם מעודן זיתא 750 מ""ל",תה ויסוצקי (ישראל) בעמ,IL,"זיתא שמן זית כתית מעולה, טעם מעודן 750 מל",מיליליטרים,750.00,"100 מ""ל",false,1,36.90,4.9200,true,1,15587
7290003438006,false,ממרח אולביה פסטו וצנובר איטלקי 190ג',תה ויסוצקי (ישראל) בעמ,IL,ממרח פסטו וצנובר אוליביה 180 גרם,גרמים,180.00,100 גרם,false,1,14.90,8.2778,true,1,714
7290003438020,false,אוליביה ממרח עגבניות מיובשות (190 גרם),תה ויסוצקי (ישראל) בעמ,IL,ממרח עגבניות מיובשות אוליביה 190 גרם,גרמים,190.00,100 גרם,false,1,14.90,7.8421,true,1,14928
7290003438075,false,חרוסת אוליביה מצונן,מיוצר עי קונדיטוריית,IL,אוליביה חרוסת 210 גרם,גרמים,210.00,100 גרם,false,1,11.90,5.6667,true,1,32745
7290003438709,false,ממרח אולביה זיתים שחורים וירוקים 190 ג',תה ויסוצקי (ישראל) בעמ,IL,ממרח זיתים שחורים אוליביה190 גרם,גרמים,190.00,100 גרם,false,1,14.90,7.8421,true,1,716
7290003444009,false,הרשי ריזס חטיף במילוי בוטנים 42 גרם,ליימן מותגים,,שוקולד ריזס חלב 42 גרם,גרמים,42.00,100 גרם,false,1,4.90,11.6667,true,1,35040
7290003450725,false,חומץ בן יין אדום היי,ה.י.היינץ קומפני ל.פ,US,היינץ חומץ יין 5% 355 מל,מיליליטרים,355.00,"100 מ""ל",false,1,12.90,3.6338,true,1,2502
7290003457861,false,"סולרו בטעם פירות טרופיים ""שטראוס""","מיוצר ע""\י גלידת שטראוס",,שלגון סולרו פירות טרופיים,גרמים,85.00,100 גרם,false,1,11.90,14.0000,true,1,4916
7290003457953,false,שלגון מגנום שמנת בטע,שטראוס גלידות,,שלגון מגנום שוקולד לבן,גרמים,95.00,100 גרם,false,1,11.90,12.5263,true,1,4914
7290003457991,false,טילון קורנטו וניל עם וופל ואגוזי לוז מסוכרים,"גלידת שטראוס בע""\מ, רחוב",IL,טילון קורנטו קלאסיקו משפחתי 6 יחידות,גרמים,418.00,100 גרם,false,1,37.90,9.0670,true,1,6487
7290003514007,false,מנה שקדי מרק מנה 400 גרם,ש.שסטוביץ בעמ,IL,מנה שקדי מרק 400 גרם,גרמים,400.00,100 גרם,false,1,11.90,2.9750,true,1,28194
7290003521760,false,"אפטרסול ג'ל אלוורה שפורפרת ד""ר פישר 200 מ""ל","פישר תעשיות פרמצביטות בע""מ",IL,"אפטרסול ג""ל אלוורה 200 מ""ל",מיליליטרים,200.00,"100 מ""ל",false,1,26.90,13.4500,true,1,35784
7290003578078,false,קוקטייל פירות טרופי בסירופ קל ויליפוד 850 גרם,ג. וילי-פוד אינטרנשיונל בע`מ,CN,לפתן קוקטייל טרופי 820 גר,גרמים,820.00,100 גרם,false,1,10.90,1.3293,true,1,54305
7290003578177,false,תירס צעיר שלם וילי פוד (410 גרם),ג.וילי-פוד אינטרנשיונל בעמ,TH,תירס גמדי 410 גרם,גרמים,410.00,100 גרם,false,1,7.90,1.9268,true,1,762
7290003643004,false,אורז בסמטי קלאסי סוגת (1 קג),האי נאם סי או אל.טי.,IL,"אורז בסמטי קלאסי 1 ק""ג",קילוגרמים,1.00,"ק""ג",false,1,15.90,15.9000,true,1,781
7290003643158,false,קורנפולר שקית 200 ג' סוגת,סוגת תעשיות בעמ,IL,סוגת קורנפלור 200 גרם,גרמים,200.00,100 גרם,false,1,4.90,2.4500,true,1,41328
7290003643387,false,"סוכר אריזת פלסטיק 1 ק""ג סוגת",האי נאם סי או אל.טי.,IL,"סוכר 1 ק""ג בצנצנת",קילוגרמים,1.00,"ק""ג",false,1,10.90,10.9000,true,1,784
7290003643646,false,"סוכר דמררה קלאסי בצנצנת סוגת 1 ק""ג",האי נאם סי או אל.טי.,IL,"סוכר דמררה צנצנת סוגת 1 ק""ג",קילוגרמים,1.00,"ק""ג",false,1,13.90,13.9000,true,1,785
7290003643684,false,אפונה יבשה סוגת 500 גר',האי נאם סי או אל.טי.,IL,אפונה 500 גרם,גרמים,500.00,100 גרם,false,1,7.90,1.5800,true,1,3554
7290003643714,false,חומוס גרגירים 500 גרם סוגת,האי נאם סי או אל.טי.,IL,חומוס 500 גרם,גרמים,500.00,100 גרם,false,1,9.90,1.9800,true,1,4952
7290003643738,false,חיטה סוגת (500 גרם),האי נאם סי או אל.טי.,IL,חיטה 500 גרם,גרמים,500.00,100 גרם,false,1,6.50,1.3000,true,1,4954
7290003643745,false,כוסמת סוגת (500 גרם),האי נאם סי או אל.טי.,IL,כוסמת 500 גרם,גרמים,500.00,100 גרם,false,1,8.90,1.7800,true,1,4953
7290003643752,false,עדשים ירוקים יבש סוגת 500 גר',האי נאם סי או אל.טי.,IL,עדשים ירוקות 500 גר',גרמים,500.00,100 גרם,false,1,8.90,1.7800,true,1,5292
7290003643769,false,עדשים אדומים יבש סוגת 500 גר',"סוגת תעשיות בע""\מ",IL,עדשים אדומות סוגת 500 גרם,גרמים,500.00,100 גרם,false,1,8.90,1.7800,true,1,5272
7290003643776,false,"פופקורן גרעינים סוגת 500 ג' כשל""פ",האי נאם סי או אל.טי.,IL,פופקורן 500 גרם,גרמים,500.00,100 גרם,false,1,6.80,1.3600,true,1,4950
7290003643806,false,שעועית לבנה יבשה סוגת (500 גרם),האי נאם סי או אל.טי.,IL,שעועית לבנה 500 גרם,גרמים,500.00,100 גרם,false,1,13.90,2.7800,true,1,3726
7290003643813,false,שעועית אדומה יבשה סוגת 500 גר',האי נאם סי או אל.טי.,IL,שעועית אדומה סוגת 500 גרם,גרמים,500.00,100 גרם,false,1,12.90,2.5800,true,1,4955
7290003706297,false,טימין קורנית ארוז,ביכורי שדה דרום 2002,IL,טימין קורנית ארוז,לא מנהל יחידת מידה,0.00,לא מנהל יחידת מידה,false,1,5.90,0.0000,true,1,36078
7290003726141,false,טופו אמיתי כפרי בריא 300 גרם,מחלבות גד שיווק 1992 בעמ,IL,טופו הבית בשיטת הייצור המסורתית,גרמים,300.00,100 גרם,false,1,15.90,5.3000,true,1,6950
7290003726615,false,"טופו ויילר 300 גרם ""שטראוס""",שטראוס גרופ בעמ/מצונן,IL,טופו ויילר 300 גרם,גרמים,300.00,100 גרם,false,1,13.90,4.6333,true,1,42616
7290003726622,false,טופו פיקנטי 300 ג' משק ויילר,שטראוס גרופ בעמ/מצונן,IL,טופו פיקנטי ויילר 300גרם,גרמים,300.00,100 גרם,false,1,13.90,4.6333,true,1,53836
7290003726868,false,טופו חומוס בתוספת עגבניות מיובשות 300 ג' משק ויילר,שטראוס גרופ בעמ/מצונן,IL,טופו חומוס בתוספת עגבניות מיובשות ויילר 300גרם,גרמים,300.00,100 גרם,false,1,14.90,4.9667,true,1,53834
7290003726875,false,טופו חומוס בתוספת פסטו ויילר 300 גרם,שטראוס גרופ בעמ/מצונן,IL,טופו חומוס בתוספת פסטו ויילר 300גרם,גרמים,300.00,100 גרם,false,1,14.90,4.9667,true,1,53835
7290003779499,false,גינגר ארוז 200 גרם,"מרינה פטריות הגליל בע""מ",IL,גינגר טרי יח,גרמים,200.00,100 גרם,false,1,12.90,6.4500,true,1,22160
7290003781652,false,צלפים במי מלח וילי פוד 230 גרם,ג. וילי-פוד אינטרנשיונל בע`מ,TR,צלפים במי מלח 350 גרם,גרמים,350.00,100 גרם,false,1,10.90,3.1143,true,1,21418
7290003804320,false,תיבולית קנור שום ופטורזיליה 72 גרם,"יוניליוור ישראל שיווק בע""מ",IL,קנור תיבוליות שום ופטרוזיליה 72 גרם,גרמים,72.00,100 גרם,false,1,11.90,16.5278,true,1,825
7290003804368,false,תיבוליות בזיליקום קנור (8 יח`- 72 גרם),"יוניליוור ישראל שיווק בע""מ",IL,קנור תיבוליות בזיליקום 72 גרם,גרמים,72.00,100 גרם,false,1,11.90,16.5278,true,1,827
7290003805587,false,"פתית חיטה מלאה בד""צ 250 גרם-קופסא",יוניליוור ישראל שיווק בע`מ,IL,פתיתי חיטה מלאה קרקר פריך עם חיטה מלאה,גרמים,250.00,100 גרם,false,1,20.90,8.3600,true,1,22622
7290003807482,false,קנור רוטב טריאקי מופחת נתרן 370 גרם,"יוניליוור ישראל שיווק בע""מ",IL,קנור רוטב טריאקי 370 גרם,מיליליטרים,300.00,"100 מ""ל",false,1,14.50,4.8333,true,1,19278
7290003821754,false,סלמון נורבגי מעושן קפוא,האי נאם סי או אל.טי.,IL,סלמון נורבגי בעישון טבעי 100 גרם,גרמים,100.00,100 גרם,false,1,18.90,18.9000,true,1,18116
7290003864492,false,סרדין בשמן צמחי חריף פתח קל ויליפוד 110 גרם,ג. וילי-פוד אינטרנשיונל בע`מ,TH,סרדין בשמן צמחי חריף 110גרם,גרמים,110.00,100 גרם,false,1,6.90,6.2727,true,1,848
7290003882922,false,עלי גפן ממולאים באורז וילי פוד 360 גרם,ג. וילי-פוד אינטרנשיונל בע`מ,CN,ויליפוד עלי גפן ממולאים באורז 400 גרם,גרמים,400.00,100 גרם,false,1,9.90,2.4750,true,1,850
7290003896141,false,חטיף ספרדי פיקנטי אלמנדוס 200 גרם,הדקלאים אגודת שיתופי,IL,אלמנדוס 200 גרם (ב(12,גרמים,200.00,100 גרם,false,1,9.90,4.9500,true,1,18848
7290003976553,false,אקונומיקה 2 ליטר טאצ,סאסאטק,IL,אקונומיקה 2 ליטר טאצ,גרמים,2.00,100 גרם,false,1,11.90,595.0000,true,1,52489
7290003989539,false,רביולי עם גבינה שטראוס (400 גרם),שטראוס גרופ בעמ/מצונן,IL,רביולי גבינה 400 EAT GOOD,גרמים,400.00,100 גרם,false,1,21.90,5.4750,true,1,866
7290003989553,false,פסטה טורטליני גבינה ופטריות 400 גרם,שטראוס גרופ בעמ/מצונן,IL,טרטוליני פטריות 400 פרווה EAT GOOD,גרמים,400.00,100 גרם,false,1,21.90,5.4750,true,1,867
7290004011338,false,קצפת מתוקה מוכנה ספריי ריץ` (250 מל),נטו מלינדה סחר בע`מ,IT,קצפת ריץ חלבי במיכל 250 גרם,גרמים,250.00,100 גרם,false,1,16.90,6.7600,true,1,21458
7290004011345,false,"ספריי קצפת מתוקה מוכנה פרווה ריץ' 238 מ""ל",האי נאם סי או אל.טי.,IT,קצפת ריץ פרווה במיכל 250 גרם,גרמים,250.00,100 גרם,false,1,16.90,6.7600,true,1,27386
7290004011796,false,קבבונים בקר קפוא אל גאוצ''ו 400ג',"טיבון ויל אחזקות בע""",IL,אל גאוצו קבבונים 400 גרם,גרמים,400.00,100 גרם,false,1,27.90,6.9750,true,1,23198
7290004011802,false,נקניקיות צ'וריסוס אל גאוצ'ו 400 גר',טיבון ויל אחזקות בעמ,IL,אל גאוצ'ו נקניות צ'וריסוס 400 גרם,גרמים,400.00,100 גרם,false,1,27.90,6.9750,true,1,23199
7290004011819,false,המבורגר ריב אנטריקוט אל גאוצ`ו 360 גר`ק,נטו מלינדה סחר בע`מ,IL,אל גאוצו המבורגר ריב אנטריקוט 360 גרם,גרמים,360.00,100 גרם,false,1,27.90,7.7500,true,1,26082
7290004011826,false,מיני המבורגר ריב אנטריקוט אל גאוצ`ו 360,טיבון ויל אחזקות בעמ,IL,אל גאוצ'ו מיני המבורגר ריב אנטריקוט 320 גרם,גרמים,320.00,100 גרם,false,1,27.90,8.7187,true,1,26081
7290004014407,false,עדשי מ&מ'ס חמאת בוטנים46,מרס נדרלנד,,סוכריות שוקולדM&M חמאת בוטנים 46 גרם,גרמים,46.00,100 גרם,false,1,5.80,12.6087,true,1,32537
7290004030414,false,מיץ תפוזים 2ליטר פרי,הנסיך- מפעל לייצור ט,IL,"פריניב, מיץ תפוזים סחוט 2 ליטר",ליטרים,2.00,ליטר,false,1,24.50,12.2500,true,1,25997
7290004030445,false,מיץ תפוזים סחוט רכיבים טבעיים 1 ליטר פרי ניב,הנסיך- מפעל לייצור ט,IL,מיץ תפוזים פריניב 1 ליטר,ליטרים,1.00,ליטר,false,1,16.90,16.9000,true,1,25998
7290004030612,false,"מיץ תפוח, קיווי אגס ללא תוספת סוכר 1 ליטר פרי ניב",הנסיך- מפעל לייצור ט,IL,"פריניב, מיץ קיווי אגס תפוח ללא תוספת סוכר 1 ליטר",ליטרים,1.00,ליטר,false,1,24.00,24.0000,true,1,31982
7290004030834,false,מיץ רימונים סחוט 100% רכיבים טבעיים פרי ניב 1 ליטר,הנסיך- מפעל לייצור ט,IL,"פריניב, מיץ רימון סחוט 1 ליטר",ליטרים,1.00,ליטר,false,1,32.90,32.9000,true,1,29790
7290004048525,false,פילה אמנון דלידג 5-7,דלידג - נטו,,"פילה אמנון 5-7 לק""ג",קילוגרמים,1.00,"ק""ג",true,,36.90,36.9000,true,1,33454
7290004063016,false,מלח שולחן מעולה סלית (1 קג)פיקוח,האי נאם סי או אל.טי.,IL,מלח שולחן,קילוגרמים,1.00,"ק""ג",false,1,2.07,2.0700,true,1,5509
7290004063115,false,"מלח מטבח עבה להמלחת בשר ובישול 1 ק""ג 1ק""ג",האי נאם סי או אל.טי.,IL,מלח מטבח,קילוגרמים,1.00,"ק""ג",false,1,2.07,2.0700,true,1,5510
7290004064082,false,מטחנה מלח ים טבעי מלח הארץ 100 גרם,חברת מלח הארץ אילת ב,IL,מטחנת מלח ים 250 גרם,גרמים,250.00,100 גרם,false,1,14.90,5.9600,true,1,33979
7290004064099,false,מטחנה מלח ים מהרי ההימלאיה מלח הארץ 100 גרם,"חברת מלח הארץ אילת בע""\מ",IL,מטחנת מלח הימלאיה 300 גרם,גרמים,250.00,100 גרם,false,1,16.90,6.7600,true,1,33977
7290004068011,false,יוגורט כבשים בדלי 5% שומן 600 ג' גד,מחלבות גד שיווק 1992 בעמ,IL,גד יוגורט מחלב כבשים מעודן בסגנון בלקני 5% שומן,גרמים,600.00,100 גרם,false,1,19.90,3.3167,true,1,25776
7290004068028,false,"יוגורט צזיקי לשתיה 3.5% 500 מ""ל רובין",מחלבות גד שיווק 1992 בעמ,IL,"משקה צזיקי 500 מ""ל גד",מיליליטרים,500.00,"100 מ""ל",false,1,10.90,2.1800,true,1,26181
7290004068035,false,"איירן יוגורט לשתייה 3% גד 500 מ""ל",מחלבות גד שיווק 1992 בעמ,IL,"משקה יוגורט איירן בלקני 500 מ""ל גד",מיליליטרים,500.00,"100 מ""ל",false,1,9.90,1.9800,true,1,26165
7290004068172,false,"יוגורט עיזים בדלי 5% 600 מ""ל רובין",מחלבות גד שיווק 1992 בעמ,IL,גד יוגורט חלב עיזים 2.8% 600 גרם,גרמים,600.00,100 גרם,false,1,19.90,3.3167,true,1,27631
7290004068424,false,גבינה גאודה משולשים,מחלבות גד בעמ`,,גבינת גאודה גלגל גד לקג,קילוגרמים,1.00,"ק""ג",true,,113.90,113.9000,true,1,31134
7290004078690,false,"אגקס נוזל לניקוי אסלות מרענן 750 מ""ל",הנסיך- מפעל לייצור ט,FR,אג'קס נוזל לניקוי אסלות ג'ל עם אקונומיקה 750 מל,מיליליטרים,750.00,"100 מ""ל",false,1,16.90,2.2533,true,1,4628
7290004119225,false,יוגורט יופלה אננס 3% שומן 150 גרם,תנובה מרכז שיתופי לש,IL,יופלה יוגורט אננס 3% גביע 150 גרם,גרמים,150.00,100 גרם,false,1,5.70,3.8000,true,1,940
7290004119928,false,מעדן חלב בטעם וניל 2% קרלו תנובה 125 גרם,מחלבת אלון תבור,IL,מעדן קרלו וניל 3% 125 גרם,גרמים,125.00,100 גרם,false,1,3.50,2.8000,true,1,7631
7290004120061,false,מעדן חלב בטעם שוקו וניל שוניל 2% קרלו 125 גרם,תנובה מרכז שיתופי לש,IL,קרלו שוניל 1.5% שומן 125 גרם,גרמים,125.00,100 גרם,false,1,3.50,2.8000,true,1,7712
7290004120108,false,יוגורט יופלה דיאט דובדבן 0% שומן 150גרם,תנובה מרכז שיתופי לש,IL,יופלה דיאט יוגורט דובדבן %0 גביע 150גרם,גרמים,150.00,100 גרם,false,1,5.70,3.8000,true,1,943
7290004120566,false,גבינה בולגרית (25024% גרם)פיראוס תנובה,"תנובה בע""מ ***",IL,פיראוס בולגרית 24% שומן 250 גרם,גרמים,250.00,100 גרם,false,1,24.90,9.9600,true,1,6574
7290004120573,false,גבינה בולגרית (25016% גרם)פיראוס תנובה,תנובה מרכז שיתופי לש,IL,גבינה בולגרית מלוחה 16% שומן,גרמים,250.00,100 גרם,false,1,24.90,9.9600,true,1,945
7290004120634,false,גבינה בולגרית (2505% גרם)פיראוס תנובה,תנובה מרכז שיתופי לש,IL,פיראוס גבינה בולגרית 5% שומן,גרמים,250.00,100 גרם,false,1,24.90,9.9600,true,1,946
7290004121488,false,יוגורט ביו דיאט 0% אפרסק יופלה (150 גרם),תנובה מרכז שיתופי לש,IL,יופלה יוגורט עם אפרסק 0% שומן 150 גרם,גרמים,150.00,100 גרם,false,1,5.70,3.8000,true,1,948
7290004121525,false,יופלה מאגדת פרי 4 תות 4 אפרסק 3% 8 יח'*150 ג',תנובה מרכז שיתופי לש,IL,מאגדת יופלה אפרסק תות שמיניה,קילוגרמים,1.20,"ק""ג",false,1,32.30,26.9167,true,1,43850
7290004121754,false,יוגורט ביו עוגת גבינה ותות 3% יופלה 150 גרם,תנובה בעמ ***,IL,יופלה יוגורט עוגת גבינה ותות %3 150 גרם,גרמים,150.00,100 גרם,false,1,5.70,3.8000,true,1,6481
7290004121853,false,גבינה בולגרית קוביות (2005% גרם)פיראוס,תנובה מרכז שיתופי לש,IL,פירוס בולגרית קוביות 5% 200 גרם,גרמים,200.00,100 גרם,false,1,25.90,12.9500,true,1,952
7290004122119,false,פתיתי פרמזן לפסטה 23% השף הלבן 100 גרם,"תנובה בע""מ ***",IL,תנובה השף הלבן פתיתי גבע פרמזן 23% שומן,גרמים,100.00,100 גרם,false,1,14.90,14.9000,true,1,4726
7290004122195,false,גוש חלב גבינה צהובה פרוסה 28% תנובה 200 גרם,"תנובה בע""מ ***",IL,גוש חלב פרוסות גבינה צהובה חצי קשה 28% שומן מהדרין,גרמים,200.00,100 גרם,false,1,15.90,7.9500,true,1,6750
7290004122270,false,עמק קלאסית פרוסות גבינה חצי קשה 28% 200 גרם,תנובה מרכז שיתופי לש,IL,עמק קלאסית פרוסות גבינה חצי קשה 28% 200 גרם,גרמים,200.00,100 גרם,false,1,17.90,8.9500,true,1,953
7290004122348,false,גבינה צהובה מופחתת שומן 9% עמק (200 גרם),תנובה מרכז שיתופי לש,IL,עמק גבינה צהובה חצי קשה 9% מופחתת שומן,גרמים,200.00,100 גרם,false,1,17.90,8.9500,true,1,955
7290004122676,false,גבינה חמד לייט (2505% גרם)פיראוס תנובה,תנובה מרכז שיתופי לש,IL,פיראוס לייט חמד גבינה כפרית מלוחה 5% שומן,גרמים,250.00,100 גרם,false,1,21.90,8.7600,true,1,44015
7290004122683,false,עמק חטיף אצבעות גבינה חצי קשה 28% שומן,תנובה מרכז שיתופי לש,IL,עמק חטיף אצבעות גבינה חצי קשה 28% שומן,גרמים,172.00,100 גרם,false,1,17.90,10.4070,true,1,7544
7290004124205,false,יופלה דיאט יוגורט תות %0 גביע 150 גרם,תנובה מרכז שיתופי לש,IL,יופלה דיאט יוגורט תות %0 גביע 150 גרם,גרמים,150.00,100 גרם,false,1,5.70,3.8000,true,1,960
7290004125370,false,"שמנת חמוצה 9% מופחתת שומן תנובה 200 מ""ל מהדרין",תנובה מרכז שיתופי לש,IL,תנובה שמנת חמוצה מופחתת שומן,מיליליטרים,200.00,"100 מ""ל",false,1,3.90,1.9500,true,1,964
7290004125400,false,"אשל שלי מהדרין 200 מ""ל 4.5% ""תנובה""- מוצר בפיקוח",פארייפאבה אגרואינדוס,IL,תנובה אשל לבן 4.5% שומן,מיליליטרים,200.00,"100 מ""ל",false,1,1.69,0.8450,true,1,965
7290004125417,false,"גיל 3% שלי 200 מ""ל ""תנובה"" -מוצר בפיקוח",תנובה מרכז שיתופי לש,IL,תנובה גיל לבן 3% 206 גרם,מיליליטרים,200.00,"100 מ""ל",false,1,1.51,0.7550,true,1,966
7290004125455,false,"שמנת חמוצה 200 מ""ל 15% ""תנובה"" -מוצר בפיקוח",תנובה מרכז שיתופי לש,IL,שמנת אורגינל 15% שומן 200 מל,מיליליטרים,200.00,"100 מ""ל",false,1,2.40,1.2000,true,1,967
7290004125509,false,"שמנת חמוצה 15% מועשרת תנובה 100 מ""ל",תנובה מרכז שיתופי לש,IL,תנובה שמנת 15% חצי מנה 100 מל,מיליליטרים,100.00,"100 מ""ל",false,1,1.80,1.8000,true,1,968
7290004125578,false,משקה סויה מועשר בסידן 1 ל`תנובה,תנובה מרכז שיתופי לש,IL,משקה סויה מועשר בסידן 1 ליטר,ליטרים,1.00,ליטר,false,1,12.90,12.9000,true,1,969
7290004125585,false,משקה סויה בטעם וניל תנובה 1 ליטר,תנובה מרכז שיתופי לש,IL,משקה סויה על הבוקר וניל 1 ליטר,ליטרים,1.00,ליטר,false,1,13.50,13.5000,true,1,970
7290004125721,false,"השף הלבן שמנת עמידה לבישול 15% תנובה 250 מ""ל",תנובה מרכז שיתופי לש,IL,"השף הלבן שמנת לבישול ,שמנת עמידה לבישול 15% 250 מל",מיליליטרים,250.00,"100 מ""ל",false,1,8.90,3.5600,true,1,971
7290004125738,false,שמנת מתוקה להקצפה32% 250מל עמיד השף הלבן,תנובה מרכז שיתופי לש,IL,"שמנת להקצפה 32% 250 מ""ל",מיליליטרים,250.00,"100 מ""ל",false,1,7.20,2.8800,true,1,972
7290004125776,false,גבינה צהובה קלאסית 28% עמק (400 גרם),"תנובה בע""מ ***",IL,עמק פרוס 28% 400 גרם בקופסא,גרמים,400.00,100 גרם,false,1,31.90,7.9750,true,1,3318
7290004126674,false,טל העמק פרוסות גבינה חצי קשה לייט %9 200 גרם בקופסא,תנובה מרכז שיתופי לש,IL,גבינה צהובה טל העמק 9% לייט 200 גרם,גרמים,200.00,100 גרם,false,1,19.90,9.9500,true,1,974
7290004126759,false,דאיט יופלה פירות יער טו יוג פרי 150גר.,"תנובה בע""מ ***",IL,יופלה דיאט פירות יער %0 גביע 150 גרם,גרמים,150.00,100 גרם,false,1,5.70,3.8000,true,1,975
7290004126872,false,משקאות חלב תנובה שוקו בקבוק 250מל,תנובה - חלב,IL,"שוקו תנובה בקבוק 250 מ""ל",מיליליטרים,250.00,"100 מ""ל",false,1,6.20,2.4800,true,1,3458
7290004127077,false,קוטג תנובה 3% גביע 250 גרם מהדרין,מיוצר עי קונדיטוריית,IL,קוטג 3% תנובה 250 גרם,גרמים,250.00,100 גרם,false,1,5.70,2.2800,true,1,976
7290004127329,false,קוטג תנובה גביע 250 גרם %5 ו.מהדרין,מיוצר עי קונדיטוריית,IL,קוטג 5% תנובה 250 גרם,גרמים,250.00,100 גרם,false,1,5.70,2.2800,true,1,978
7290004127336,false,קוטג תנובה גביע 250 גרם %9 ו.מהדרין,מיוצר עי קונדיטוריית,IL,קוטג 9% תנובה 250 גרם,גרמים,250.00,100 גרם,false,1,5.70,2.2800,true,1,979
7290004127800,false,"גבינה לבנה 500 גרם 5% ""תנובה"" -מוצר בפיקוח",מיוצר עי קונדיטוריית,IL,גבינה למריחה 5% פיקוח 500 גרם,גרמים,500.00,100 גרם,false,1,9.96,1.9920,true,1,981
7290004127817,false,גבינה לבנה 9% שומן 500 ג' תנובה,מיוצר עי קונדיטוריית,IL,גבינה למריחה 500 9% גרם,גרמים,500.00,100 גרם,false,1,9.50,1.9000,true,1,42992
7290004128340,false,קרם גבינת שמנת %5 בטעם טבעי 200 ג' תנובה,תנובה בעמ ***,IL,קרם גבינת שמנת 5% בטעם טבעי 200 גרם,גרמים,200.00,100 גרם,false,1,13.50,6.7500,true,1,988
7290004128364,false,קרם גבינת שמנת 5% עם זיתים ירוקים 200 ג' תנובה,"תנובה, מחלבת תל יוסף",IL,קרם גבינת שמנת 5% עם זיתים ירוקים 200 גרם,גרמים,200.00,100 גרם,false,1,13.50,6.7500,true,1,989
7290004129101,false,גבינת שמנת 25% בטעם טבעי 225 ג' נפוליאון,תנובה מרכז שיתופי לש,IL,גבינת שמנת נפוליאון טבעי 225 גרם,גרמים,225.00,100 גרם,false,1,15.20,6.7556,true,1,992
7290004129156,false,גבינת שמנת25% עם שום שמיר 225 ג' נפוליאון,תנובה מרכז שיתופי לש,IL,גבינת שמנת נפוליאון שום שמיר 225 גרם,גרמים,225.00,100 גרם,false,1,15.20,6.7556,true,1,994
7290004129545,false,גבינה למריחה 3% 250 גרם,מחלבת אלון תבור,IL,גבינה לבנה 3% תנובה 250 גרם,גרמים,250.00,100 גרם,false,1,4.90,1.9600,true,1,995
7290004129736,false,יופלה לבן מעודן 1.5% גביע 200 גרם,תנובה מרכז שיתופי לש,IL,יוגורט,גרמים,200.00,100 גרם,false,1,4.70,2.3500,true,1,2556
7290004130695,false,משקאות חלב תנובה אייס קפה בבקבוק 1ל,תנובה מרכז שיתופי לש,IL,אייס קפה,ליטרים,1.00,ליטר,false,1,14.50,14.5000,true,1,17521
7290004130794,false,משקה סויה במתיקות מופחתת תנובה (1 ליטר),תנובה מרכז שיתופי לש,IL,משקה סויה מועשר מופחת מתיקות 1 ליטר,ליטרים,1.00,ליטר,false,1,13.50,13.5000,true,1,7187
7290004130916,false,יוגורט יופלה פירות יער בשמנת 3% 150 גרם,תנובה מרכז שיתופי לש,IL,יוגורט יופלה פירות יער שמנת 150 גרם,גרמים,150.00,100 גרם,false,1,5.70,3.8000,true,1,4733
7290004131074,false,"חלב 1 ליטר 3% קרטון ""תנובה""- מוצר בפיקוח",תנובה מרכז שיתופי לש,IL,חלב 3% קרטון מהדרין פיקוח 1 ליטר,ליטרים,1.00,ליטר,false,1,6.23,6.2300,true,1,996
7290004131456,false,יוגורט ביו 1.5% שומן 200 ג' יופלה,מיוצר עי קונדיטוריית,IL,יופלה לבן 1.5% גביע 200 גרם,גרמים,200.00,100 גרם,false,1,4.70,2.3500,true,1,2558
7290004131814,false,גבינת צפתית מעודנת (2005% גרם)פיראוס ת,פארייפאבה אגרואינדוס,IL,פיראוס צפתית 5% מעודנת 200 גרם,גרמים,200.00,100 גרם,false,1,16.50,8.2500,true,1,2834
7290004132231,false,חלב פלוס לקפה 3.5% שומן,"תנובה, מחלבת רחובות",IL,"תנובה, משקה חלב, מיוחד לקפה. להקצפה בשקשוק.",מיליליטרים,800.00,"100 מ""ל",false,1,7.50,0.9375,true,1,2733
7290004132552,false,משקה סויה בטעם טבעי לייט תנובה 1 ליטר,תנובה מרכז שיתופי לש,IL,משקה סויה דיאט 1 ליטר,ליטרים,1.00,ליטר,false,1,13.50,13.5000,true,1,2960
7290004132712,false,חטיף אצבעות גבינת מוצרלה 20% 172 ג' עמק,תנובה מרכז שיתופי לש,IL,עמק חטיף אצבעות גבינת מוצרלה 172 גרם 20%,גרמים,172.00,100 גרם,false,1,17.90,10.4070,true,1,2726
7290004133511,false,יופלה מאגדת לבן 1.5% מעודן 8 יח' * 150 ג',מיוצר עי קונדיטוריית,IL,יופלה שמיניה לבן מעודן 1.5%,קילוגרמים,1.20,"ק""ג",false,1,22.50,18.7500,true,1,43666
7290004133900,false,.השף הלבן קצפת צמחית 250 מל פרווה,תנובה בעמ ***,IL,"קצפת צמחית השף הלבן 250 מ""ל",מיליליטרים,250.00,"100 מ""ל",false,1,8.90,3.5600,true,1,3319
7290004134945,false,יוגורט ביו 3% בטעם מוקה יופלה (150 גרם),תנובה מרכז שיתופי לש,IL,יופלה מוקה 150 3% גרם,גרמים,150.00,100 גרם,false,1,5.70,3.8000,true,1,55451
7290004135225,false,מעדן חלב דל קלוריות בטעם שוקולד 0.2שומ,תנובה מרכז שיתופי לש,IL,מעדן דיאט שוקולד 150 גרם,גרמים,150.00,100 גרם,false,1,4.20,2.8000,true,1,3772
7290004135614,false,גבינה בולגרית מעודנת 5% פיראוס 250 גרם,"תנובה בע""מ ***",IL,פיראוס גבינה בולגרית מעודנת 5% שומן,גרמים,250.00,100 גרם,false,1,24.90,9.9600,true,1,14767
7290004136154,false,"משקה חלב אייס קפה תנובה בבקבוק 340 מ""ל",גוד פוד פרודקטס S.p,IL,"משקה אייס קפה תנובה בקבוק 340 מ""ל",מיליליטרים,340.00,"100 מ""ל",false,1,8.50,2.5000,true,1,15577
7290004136598,false,מארז הפסקת אוכל עם קורנפלקס ומשקה חלב עמיד בטעם וניל,פארייפאבה אגרואינדוס,IL,מארז הפסקת אוכל חלב+דגנים,לא מנהל יחידת מידה,0.00,לא מנהל יחידת מידה,false,1,10.90,0.0000,true,1,7665
7290004136857,false,מעדן ג`לי בטעם פטל תנובה (125 גרם),תנובה מרכז שיתופי לש,IL,גלי בטעם פטל 125 גרם,גרמים,125.00,100 גרם,false,1,2.70,2.1600,true,1,7301
7290004137021,false,"שמנת עמידה לבישול מופחת שומן 10% השף הלבן 250 מ""ל",תנובה מרכז שיתופי לש,IL,תנובה השף הלבן שמנת לבישול עם סיבים 10% שומן,מיליליטרים,250.00,"100 מ""ל",false,1,8.90,3.5600,true,1,16875
7290004137311,false,גבינה צהובה מופחתת שומן 9% עמק (400 גרם),"תנובה בע""מ ***",IL,עמק גבינה צהובה חצי קשה 9% שומן,גרמים,400.00,100 גרם,false,1,33.90,8.4750,true,1,35211
7290004137809,false,לאבנה אסלית 5% גביע (250 גרם)פיראוס תנו,"תנובה, מחלבת אלון תב",IL,פיראוס לאבנה אסלית 5% שומן 250 גרם,גרמים,250.00,100 גרם,false,1,15.20,6.0800,true,1,21104
7290004161019,false,סלמון מונטה קרלו 10,מונטה קרלו,IL,סלמון מונטה קרלו 100 גרם,גרמים,100.00,100 גרם,false,1,26.90,26.9000,true,1,52142
7290004199166,false,כפפות לאטקס קטן איזי טאצ` (100),הדקלאים אגודת שיתופי,TH,EASY TOUCH כפפות לטקס גודל: Small,יחידה,1.00,יחידה,false,1,34.90,34.9000,true,1,21114
7290004199173,false,כפפות לטקס איזי טאצ 100 יח מדיום,הדקלאים אגודת שיתופי,TH,EASY TOUCH כפפות לטקס גודל: Medium,לא מנהל יחידת מידה,0.00,לא מנהל יחידת מידה,false,1,34.90,0.0000,true,1,21115
7290004199180,false,כפפות לאטקס לארג` איזי טאצ` (100),הדקלאים אגודת שיתופי,TH,EASY TOUCH כפפות לטקס גודל: Large,יחידה,1.00,יחידה,false,1,34.90,34.9000,true,1,21116
7290004199203,false,קיסמי שיניים במבוק מלחיה לב הוסטס (300),הדקלאים אגודת שיתופי,CN,קיסמי שיניים מבמבוק מלחייה 300 יח',Unknown,0.00,Unknown,false,1,3.90,0.0000,true,1,23924
7290004199579,false,פלסטר מעורב 100 יח' - SUNNY PLASTER,הדקלאים אגודת שיתופי,CN,סאני פלסטר 100 פלסטרים בגדלים שונים סטריליים,גרמים,0.00,100 גרם,false,1,10.90,0.0000,true,1,26482
7290004200336,false,שקית 15 בלונים ממותג,שמחה זה אנחנו,,שקית בלונים 15 יח מודפס,לא מנהל יחידת מידה,0.00,לא מנהל יחידת מידה,false,1,16.90,0.0000,true,1,31397
7290004200930,false,זיקוק זוג 15 סמ בשקית,שמחה זה אנחנו בע`מ,,זיקוק זוג 15 סמ בשקית,יחידה,1.00,יחידה,false,1,7.80,7.8000,true,1,31451
7290004219079,false,לבבות דקל פרוסות וילי פוד (400 גרם),ג. וילי-פוד אינטרנשיונל בע`מ,EC,לבבות דקל פרוסות ויליפוד 400 גרם,גרמים,400.00,100 גרם,false,1,11.90,2.9750,true,1,1006
7290004219284,false,אנשובי עגול בצנצנת ויליפוד 80 גרם,ג.וילי פוד אינטרנשיונל בעמ,IT,אנשובי עגול 80 גרם,גרמים,80.00,100 גרם,false,1,14.90,18.6250,true,1,1007
7290004219819,false,קומפלטה מלבין קפה הולנדי 200ג,ג. וילי-פוד אינטרנשיונל בע`מ,NL,קומפלטה מלבין קפה הולנדי 200 גרם,גרמים,200.00,100 גרם,false,1,12.90,6.4500,true,1,1008
7290004225285,false,גבינה בסגנון דנאבלו 100 גר,האי נאם סי או אל.טי.,DK,רכיבי חלב ושומן צמחי בסגנון דנאבלו 100 גרם,גרמים,100.00,100 גרם,false,1,12.50,12.5000,true,1,29854
7290004228910,false,סטייק ווגאס סטריפ טר,נטו מלינדה,IL,"סטייק ווגאס סטריפ טרי ארוז לק""ג",קילוגרמים,1.00,"ק""ג",true,,99.90,99.9000,true,1,48517
7290004255428,false,נר נשמה בפחית 24 שעות מנורה,"מנורה שי נר בע""מ",IL,נר נשמה מנורה בפחית 24 שעות,יחידה,1.00,יחידה,false,1,2.50,2.5000,true,1,49595
7290004256371,false,ריץ פרוס 400 ג' -צהובה פרוסה,נטו מילנדה סחר בעמ*,PL,גבינה צהובה פרוסה על בסיס חלב,גרמים,400.00,100 גרם,false,1,19.90,4.9750,true,1,42533
7290004324605,false,גבינה מותכת למריחה בטעם רוקפור 7% מון בלאן 120 ג',נטו מילנדה סחר בעמ*,IL,גבינה מון בלאן רוקפור 120 גרם,גרמים,120.00,100 גרם,false,1,13.90,11.5833,true,1,3565
7290004339401,false,המבורגר אורז עדשים 400גרם טבע דלי,טבע דלי,IL,"בורגר אורז, עדשים ושקדים 400 גרם טבע דלי",גרמים,400.00,100 גרם,false,1,26.90,6.7250,true,1,35418
7290004339425,false,שווארמה מהצומח 350 גרם טבע דלי,טבע דלי בעמ,IL,טבע דלי סייטן שווארמה 350 גרם,גרמים,350.00,100 גרם,false,1,24.90,7.1143,true,1,35397
7290004339630,false,סייטן טבעי טבע דלי 350 גר,טבע דלי,IL,סייטן מקורי 350גרם טבע דלי,גרמים,350.00,100 גרם,false,1,19.90,5.6857,true,1,35424
7290004339777,false,סייטן טחון בולונז 350 גרם טבע דלי,טבע דלי,IL,סייטן בולונז 350גרם טבע דלי,גרמים,350.00,100 גרם,false,1,26.90,7.6857,true,1,53067
7290004339999,false,טבע דלי סייטן אמרנט שניצלונים 400גר,טבע דלי,IL,סייטן אמרנט שניצלונים טבע דלי 400 גרם,גרמים,400.00,100 גרם,false,1,29.90,7.4750,true,1,35439
7290004480332,false,גבינת גאודה30%משולש משקל,מחלבות גד,IL,"גאודה בקר משולש גד לק""ג",קילוגרמים,1.00,"ק""ג",true,,113.90,113.9000,true,1,53944
7290004485245,false,"כרעיים עוף טבעי ארוז ק""ג",שי שירן,,כרעיים עוף טבעי במגש,קילוגרמים,1.00,"ק""ג",true,,46.50,46.5000,true,1,31262
7290004485252,false,"שוקיים ע.טבעי ארוז ק""ג",שונות,,שוקיים עוף טבעי במגש,קילוגרמים,1.00,"ק""ג",true,,47.90,47.9000,true,1,31265
7290004485276,false,"כנפיים עוףטבעי ארוז ק""ג",שי שירן,,כנפיים עוף טבעי,קילוגרמים,1.00,"ק""ג",true,,15.90,15.9000,true,1,31263
7290004492274,false,בייגלה טבעות מלוחות בייגל בייגל 400 גרם,"יוניליוור ישראל שיווק בע""מ",IL,כעכים בצורת טבעות עם מלח בייגל בייגל,גרמים,400.00,100 גרם,false,1,13.90,3.4750,true,1,54548
7290004494131,false,יין דלתון קברנה סוביניון גליל,הכרם - משקאות חריפים בעמ,IL,דלתון קברנה סוביניון 2019 יין אדום יבש,מיליליטרים,750.00,"100 מ""ל",false,1,74.90,9.9867,true,1,28824
7290004494148,false,"דלתון גליל מרלו 750 מ""ל",הכרם - משקאות חריפים בעמ,IL,דלתון יין 15% אדום יבש מרלו 2014,מיליליטרים,750.00,"100 מ""ל",false,1,74.90,9.9867,true,1,28823
7290004494179,false,יין דלתון שרדונה 750 מל,הכרם -משקאות חריפים בע`מ,IL,יין דלתון שרדונה 750 מל,מיליליטרים,750.00,"100 מ""ל",false,1,74.90,9.9867,true,1,53183
7290004494353,false,יין עלמה אייבורי דלת,"יקב דלתון בע""מ",IL,יין דלתון עלמה אייבורי 750מל,מיליליטרים,750.00,"100 מ""ל",false,1,79.90,10.6533,true,1,51133
7290004494377,false,יין אדום יבש שיראז יקב דלתון (750 מל),לפ החברה הסקוטית למסחר ושיווק,IL,יין דלתון אדום יבש שיראז 2020 13.5% 750 מל,מיליליטרים,750.00,"100 מ""ל",false,1,74.90,9.9867,true,1,28825
7290004494599,false,"יין עלמה קרימזון 750 מ""ל דלתון","יקב דלתון בע""מ",IL,עלמה קרימזון דלתון 750 מל 2018,מיליליטרים,750.00,"100 מ""ל",false,1,79.90,10.6533,true,1,49895
7290004494919,false,יין כנען קברנה שיראז 750 מל דלתון,הכרם - משקאות חריפים בעמ,IL,כנען אדום קברנה שיראז דלתון 750מל,מיליליטרים,750.00,"100 מ""ל",false,1,52.90,7.0533,true,1,49896
7290004502997,false,וודקה פינלנדיה בקבוק,בראון פורמן,FI,"וודקה פינלנדיה בקבוק 500 מ""ל",מיליליטרים,500.00,"100 מ""ל",false,1,49.90,9.9800,true,1,5020
7290004532062,false,גרעין אבטיח קלוי 200 גרם,פיצוחי הטיב,,גרעיני אבטיח קלויים הטיב 200 גרם,גרמים,200.00,100 גרם,false,1,18.90,9.4500,true,1,36704
7290004532710,false,תמר משובח מגהול,יושלם,,תמר משובח מגהול 200 גרם,גרמים,200.00,100 גרם,false,1,8.90,4.4500,true,1,38955
7290004554293,false,קרחון אסקימו שטראוס ענבים,גלידות שטראוס בעמ,,אסקימו ענבים,לא מנהל יחידת מידה,0.00,לא מנהל יחידת מידה,false,1,3.90,0.0000,true,1,15182
7290004554330,false,"קרחון בטעם דובדבן ""שטראוס""","מיוצר ע""\י גלידת שטראוס",,שלגון אסקימו דובדבן,גרמים,84.00,100 גרם,false,1,3.90,4.6429,true,1,2140
7290004584306,false,רבעיית גמדים בטעם תות בננה * 100 ג' שטראוס,שטראוס גרופ בעמ/מצונן,IL,4 גמדים תות בננה,גרמים,400.00,100 גרם,false,1,11.90,2.9750,true,1,1078
7290004584351,false,גבינה לבנה סימפוניה עם תוספות 200 ג' חמישית 200,שטראוס גרופ בעמ/מצונן,IL,סימפוניה החמישית,גרמים,200.00,100 גרם,false,1,12.90,6.4500,true,1,1079
7290004584528,false,יוגורט דנונה ביו לבן 1.7% שומן 200 גרם,שטראוס גרופ בעמ/מצונן,IL,דנונה ביו 1.7% 200 גרם,גרמים,200.00,100 גרם,false,1,3.70,1.8500,true,1,1080
7290004585907,false,דני ועדן וניל 1.5% 125ג' שטראוס,שטראוס גרופ בעמ/מצונן,IL,דני וניל,גרמים,125.00,100 גרם,false,1,2.70,2.1600,true,1,1082
7290004658960,false,יין אמרלד ריזלינג פרייבט קולקשן יקבי כרמל,אגודת הכורמים הקואופרטיב,IL,"יין P.C אמרלד ריזלינג 750 מ""ל",מיליליטרים,750.00,"100 מ""ל",false,1,47.90,6.3867,true,1,1112
7290004731410,false,"שלישיית כריות קרצוף ירוקות סנו סושי 25X10.6 ס""מ",החברה הדרומית לשיווק בעמ,,כרית קרצוף סנו סושי ירוק שלישייה,יחידה,0.00,יחידה,false,1,11.90,0.0000,true,1,15179
7290004731472,false,"אל סבון צבעוני כיף שלישיה* 500 מ""ל",החברה הדרומית לשיווק בעמ,IL,כיף שלישיה צבעוני,ליטרים,1.50,ליטר,false,1,19.90,13.2667,true,1,2879
7290004731670,false,"מטהר אוויר דואופרש פצ'ולי לבנדר סנו 300 מ""ל",החברה הדרומית לשיווק בעמ,IL,מבשם אוויר דואופרש לבנדר ופצ'ולי 300 מל,מיליליטרים,300.00,"100 מ""ל",false,1,14.90,4.9667,true,1,3435
7290004731816,false,סנו סושי מגבות הפלא למטבח 8 גלילים,סנו מפעלי ברונוס בעמ,IL,סנו סושי מגבות הפלא 8 יחידות,מטרים,8450.00,מטר,false,1,15.90,0.0019,true,1,38611
7290004737719,false,אספרגוס שלם מקולף בצנצנת ויליפוד 330 גרם,ג.וילי-פוד אינטרנשיונל בעמ,CN,אספרגוס שלם בצנצנת 330 גרם,גרמים,330.00,100 גרם,false,1,12.50,3.7879,true,1,1135
7290004737900,false,חלב כחוש מרוכז וממותק בתוספת שמן צמחי ויליפוד 397 גרם,ג. וילי-פוד אינטרנשיונל בע`מ,LT,חלב מרוכז הולנדי ויליפוד 397 גרם,גרמים,397.00,100 גרם,false,1,10.90,2.7456,true,1,1138
7290004850432,false,אגיסטן אלוורה 20 גרם,פריגו,,אגיסטן אלוורה 20 גרם,לא מנהל יחידת מידה,0.00,לא מנהל יחידת מידה,false,1,30.50,0.0000,true,1,33028
7290004872021,false,קרחון רמזור 80ג' נסטלה,גלידות נסטלה )נגה גלידות,IL,נסטלה קרחון רמזור בדצ 48*80גרם,Unknown,0.00,Unknown,false,1,3.00,0.0000,true,1,2142
7290004872069,false,קרחון לימון נסטלה 80 גרם,נגה גלידות שותפות מוגבלת,IL,שלגון קרח לימון,Unknown,0.00,Unknown,false,1,3.00,0.0000,true,1,2048
7290004872229,false,"שלגון שוקולד כלפ. 48*67גרם חת""ס",תות תעשיות מזון (201,IL,שלגון שוקו מצופה,Unknown,0.00,Unknown,false,1,5.90,0.0000,true,1,2144
7290004872243,false,שלגון בננה מצופה נסטלה 57ג',תות תעשיות מזון (201,IL,שלגון בננה מצופה,Unknown,0.00,Unknown,false,1,5.90,0.0000,true,1,2031
7290004872250,false,שלגון שרבט אבטיח נסטלה 108 גרם,נגה גלידות שותפות מוגבלת,IL,שלגון אבטיח קיץ,Unknown,0.00,Unknown,false,1,5.90,0.0000,true,1,6534
7290004872359,false,"קרחון דובדבן עם סוכריות כשל""פ",נגה גלידות שותפות מוגבלת,IL,שלגון קרח דובדבן,Unknown,0.00,Unknown,false,1,3.00,0.0000,true,1,2032
7290004872731,false,טילון וניל אקסטרים נסטלה 72 גרם,גלידות נסטלה,,טילון אקסטרים וניל,Unknown,0.00,Unknown,false,1,7.90,0.0000,true,1,5609
7290004872786,false,טילון אקסטרים פקאן ענק,גלידות נסטלה,,טילון אקסטרים ענק פקאן 139 גרם,גרמים,139.00,100 גרם,false,1,9.90,7.1223,true,1,2146
7290004943301,false,ברוקולי קפוא 800 גרם,משק ויילר,IL,ברוקולי מילוטל 800גרם,גרמים,800.00,100 גרם,false,1,13.90,1.7375,true,1,30853
7290005008184,false,"סבון נוזלי בניחוח חלב שקדים פלמוליב 500 מ""ל",הנסיך- מפעל לייצור ט,TR,פלמוליב סבון נוזלי חלב שקדים 500 מל,מיליליטרים,500.00,"100 מ""ל",false,1,17.90,3.5800,true,1,4035
7290005008191,false,"סבון נוזלי ארומה בניחוח לבנדר פטצ'ולי וילנג ילנג פלמוליב 500 מ""ל",הנסיך- מפעל לייצור ט,TR,500 מל סבון נוזלי פלמוליב so relaxed,מיליליטרים,500.00,"100 מ""ל",false,1,17.90,3.5800,true,1,4036
7290005020162,false,וויסקי סקוטי בלנטייס פיינסט 700 מל,טמפו משקאות בע`מ,,וויסקי סקוטי בלנטייס פיינסט,מיליליטרים,700.00,"100 מ""ל",false,1,99.90,14.2714,true,1,7140
7290005020346,false,בקרדי קרטה בלנקה סופ,ג'נרל מילס סאן אדריא,US,"בקרדי לבן 750 מ""ל",מיליליטרים,750.00,"100 מ""ל",false,1,109.90,14.6533,true,1,35394
7290005095399,false,מצת סיגריות מותג,,,מצת סיגריות אלקטרוני מותג,לא מנהל יחידת מידה,0.00,לא מנהל יחידת מידה,false,1,4.50,0.0000,true,1,36841
7290005111761,false,"מזון לכלבים בונזו מזון כלבים בשר 3 ק""ג",דיפלומט מפיצים (1968) בעמ**,FR,"בונזו בשר 3 ק""ג",קילוגרמים,3.00,"ק""ג",false,1,49.90,16.6333,true,1,1267
7290005158407,false,עוגיות טחינה ואגוזים,פרוטרופיק סיה.,IL,עוגיות טחינה ואגוזים מכוסמין 300 גרם,גרמים,300.00,100 גרם,false,1,34.90,11.6333,true,1,52429
7290005197758,false,"עוגיות חיוכים שוקולד עלית 150 גרם בד""צ",אפיפית נצרת תעשיות ב,IL,חיוכים שוקו 150 בדצ,גרמים,150.00,100 גרם,false,1,6.90,4.6000,true,1,22808
7290005200786,false,תפוצ'יפס בטעם שמנת בצל עלית 50 גרם,"שטראוס פריטו ליי בע""\מ )",IL,תפו שמנת בצל 50 גר 48 יח - שמיטה,גרמים,50.00,100 גרם,false,1,5.50,11.0000,true,1,1288
7290005201882,false,קפה טורקי בצלופן עלית 200 גרם,הנסיך- מפעל לייצור ט,IL,קפה טורקי 200 גרם,גרמים,200.00,100 גרם,false,1,17.90,8.9500,true,1,19124
7290005271410,false,גליקסמן ביצים רגילות,גליקסמן שיווק ביצים,,ביצים L ארוזות 12 יחידות,לא מנהל יחידת מידה,0.00,לא מנהל יחידת מידה,false,1,12.05,0.0000,true,1,19486
7290005271458,false,ביצים אורגניות 12 יח`L,גליקסמן שיווק ביצים [1994] בעמ,,ביצים L אורגניות 12 יחידות,לא מנהל יחידת מידה,0.00,לא מנהל יחידת מידה,false,1,25.90,0.0000,true,1,19488
7290005271465,false,ביצים מידיום אורגני 12 יח',גליקסמן שיווק ביצים [1994] בעמ,,ביצים M אורגניות 12 יחידות,לא מנהל יחידת מידה,0.00,לא מנהל יחידת מידה,false,1,24.90,0.0000,true,1,19489
7290005271687,false,אריזון 12 ביצים L-אומגה 3 מעושרות,גליקסמן שיווק ביצים [1994] בעמ,,ביצים L אומגה 3 לבן 12 יחידות,יחידה,1.00,יחידה,false,1,22.90,22.9000,true,1,19498
7290005271755,false,ביצי חופש 12 יח גדול,גליקסמן שיווק ביצים [1994] בעמ,,ביצים L חופש 12 יחידות,לא מנהל יחידת מידה,0.00,לא מנהל יחידת מידה,false,1,25.90,0.0000,true,1,22861
7290005271762,false,אריזון 12 ביצים M-חופש,גליקסמן שיווק ביצים [1994] בעמ,,ביצים חופש M בינוני 12 יחידות,לא מנהל יחידת מידה,0.00,לא מנהל יחידת מידה,false,1,23.90,0.0000,true,1,22862
7290005271786,false,ביצים ארוזות Mעטוף 3,גליקסמן שיווק ביצים [1994] בעמ,IL,ביצים רגילות 1/30 M,יחידה,1.00,יחידה,false,1,27.80,27.8000,true,1,50355
7290005271847,false,ביצה ענק 10יח אקס אל,גליקסמן שיווק ביצים,,ביצים XL ארוזות 10 יחידות,לא מנהל יחידת מידה,0.00,לא מנהל יחידת מידה,false,1,10.90,0.0000,true,1,38684
7290005287510,false,"סטארקיסט טונה בשמן עם פלפל חריף 160 גרם בד""צ",דיפלומט מפיצים (1968) בע`מ,TH,ס.ק עם פלפל חריף 160 גרם,גרמים,160.00,100 גרם,false,1,8.90,5.5625,true,1,15922
7290005287527,false,"סטארקיסט טונה בשמן עם לימון 160 גרם בד""צ",סטארקיסט דיפלומט היינץ,TH,ס.ק בטעם לימון 160גרם,גרמים,160.00,100 גרם,false,1,8.90,5.5625,true,1,15923
7290005287534,false,"סטארקיסט טונה בשמן עישון טבעי 160 גרם בד""צ",סטארקיסט דיפלומט היינץ,TH,סטארקיסט טונה בשמן בטעם מעושן,גרמים,160.00,100 גרם,false,1,11.90,7.4375,true,1,15924
7290005296246,false,"פותח סתימות דריין אאוט 946 מ""ל יעקבי","יעקב יעקבי ובניו בע""מ",US,יעקבי פותח סתימות בצנרת ניקוז 946 מל,מיליליטרים,946.00,"100 מ""ל",false,1,36.90,3.9006,true,1,17569
7290005296260,false,"אסטוניש ספריי רסס ונגב לניקוי כללי יעקבי 750 מ""ל","יעקב יעקבי ובניו בע""מ",,יעקבי אסטוניש ספריי ניקוי נגב 750 מל,מיליליטרים,750.00,"100 מ""ל",false,1,16.90,2.2533,true,1,30632
7290005423253,false,"סנו - מקסימה מרסס למייבש כביסה אולטרה פרש 750 מ""ל",החברה הדרומית לשיווק בעמ,IL,"מרסס למייבש כביסה מקסימה כחול 750 מ""ל",מיליליטרים,750.00,"100 מ""ל",false,1,19.90,2.6533,true,1,4655
7290005423369,false,סנו די קידס תחליב דוחה יתושים לילדים 100,טרופיקל דגיל תעשיות,IL,סנו די תחליב דוחה יתושים 100 מל,מיליליטרים,100.00,"100 מ""ל",false,1,21.90,21.9000,true,1,49349
7290005423499,false,"תרסיס לניקוי משטחי נירוסטה אירוסל סנו 500 מ""ל",החברה הדרומית לשיווק בעמ,IL,נירוסטה - לניקוי והברקה של משטחי נירוסטה,מיליליטרים,500.00,"100 מ""ל",false,1,22.90,4.5800,true,1,21172
7290005423567,false,מטליות ניקוי רב שימושיות בגליל סנו סושי 40 יחידות,החברה הדרומית לשיווק בעמ,IL,סנו סושי - 40 מטליות לניקוי כללי בגליל,לא מנהל יחידת מידה,0.00,לא מנהל יחידת מידה,false,1,28.50,0.0000,true,1,6449
7290005423635,false,ריצפז נוזל רצפות דוחה תיקנים סנו 2 ליטר,החברה הדרומית לשיווק בעמ,IL,סנו ריצפז פלוס,ליטרים,2.00,ליטר,false,1,26.90,13.4500,true,1,4042
7290005423734,false,מרכך כביסה מרוכז אולטרא פרש סנו מקסימה 4 ליטר,החברה הדרומית לשיווק בעמ,IL,מרכך 4 ליטר,ליטרים,4.00,ליטר,false,1,24.90,6.2250,true,1,1359
7290005423833,false,פוליוויקס נוזל לניקוי פרקט סנו (2 ליטר).,החברה הדרומית לשיווק בעמ,IL,סנו פוליויקס מנקה מבריק פרקט 2 ליטר,ליטרים,2.00,ליטר,false,1,24.90,12.4500,true,1,4043
7290005424847,false,"מפיות נייר 30*30 ס""מ סנו סושי 150 יחידות",החברה הדרומית לשיווק בעמ,,מפיות נייר סנו סושי 150 יח,Unknown,0.00,Unknown,false,1,9.90,0.0000,true,1,6452
7290005425073,false,"מטהר אויר בניחוח יסמין ועץ סאנדלווד סנו 300 מ""ל",החברה הדרומית לשיווק בעמ,IL,דואופרש אפרס,מיליליטרים,300.00,"100 מ""ל",false,1,14.90,4.9667,true,1,1367
7290005425110,false,"חיטוי משטחים 99.9% מתז מחטא ומשמיד 750 מ""ל",החברה הדרומית לשיווק בעמ,IL,סנו מחטא ומשמיד חיידקים 750 מל,לא מנהל יחידת מידה,0.00,לא מנהל יחידת מידה,false,1,18.90,0.0000,true,1,49222
7290005425196,false,"מקסימה אבקת כביסה סנסיטיב סנו 2.5 ק""ג",החברה הדרומית לשיווק בעמ,IL,אבקת כביסה מרוכזת SENSITIVE,קילוגרמים,2.50,"ק""ג",false,1,28.90,11.5600,true,1,30944
7290005425646,false,קליר נוזל לניקוי חלונות רב תכליתי סנו 1 ליטר,החברה הדרומית לשיווק בעמ,IL,סנוקליר חלונות 1 ליטר,ליטרים,1.00,ליטר,false,1,15.90,15.9000,true,1,1368
7290005426193,false,ספוגית הפלא סנו סושי 6 יחידות,החברה הדרומית לשיווק בעמ,IL,סנו סושי ספוג הפלא,Unknown,0.00,Unknown,false,1,14.90,0.0000,true,1,21173
7290005426230,false,מטלית הפלא לרצפה מיקרופייבר סנו 1יח',החברה הדרומית לשיווק בעמ,,מטלית הפלא לרצפה סנו סושי,Unknown,0.00,Unknown,false,1,13.90,0.0000,true,1,1372
7290005426575,false,"קרמה לחות לשיער יבש ללא שטיפה 400 מ""ל",החברה הדרומית לשיווק בעמ,IL,קרמה לחות לשיער יבש,מיליליטרים,400.00,"100 מ""ל",false,1,23.90,5.9750,true,1,1380
7290005426940,false,"סנו K-300 מדביר חרקים 475 מ""ל",טרופיקל דגיל תעשיות,IL,"משמיד חרקים K300 פלוס 400 מ""ל",מיליליטרים,400.00,"100 מ""ל",false,1,25.90,6.4750,true,1,2886
7290005427107,false,סנו - סושי מגבות נייר הפלא 6 יחידות,החברה הדרומית לשיווק בעמ,IL,"סנו סושי 6 מגבות הפלא, 700 גרם",מטרים,6350.00,מטר,false,1,12.90,0.0020,true,1,2430
7290005427619,false,"כיף גל לשיער לשיער קוצים 1ק""ג",גוד פוד פרודקטס S.p,IL,כיף - ג'ל לעיצוב שיער קוצים ירוק,ליטרים,1.00,ליטר,false,1,29.90,29.9000,true,1,7046
7290005430602,false,"סנו אוקסיג'ן ספריי להסרת כתמים עם חמצן פעיל 750 מ""ל",החברה הדרומית לשיווק בעמ,IL,"מסיר כתמים אוקסיג""ן מרסס 750 מ""ל",מיליליטרים,750.00,"100 מ""ל",false,1,21.90,2.9200,true,1,1389
7290005431159,false,תותים בקצפת לייט עדן קינוחים 80 גרם,עדן קינוחים,IL,תותים בקצפת לייט עדן 80 גרם,גרמים,80.00,100 גרם,false,1,7.40,9.2500,true,1,53099
7290005431883,false,מלבי חלבי עדן קינוחים 165 גרם,עדן קינוחים Eden,IL,עדן מלבי 165 גרם,גרמים,165.00,100 גרם,false,1,7.40,4.4848,true,1,48454
7290005431906,false,מארז קדאיף 82 גר`עדן קינוחים,עדן קינוחים Eden,IL,קדאיף 82 גרם,גרמים,82.00,100 גרם,false,1,7.40,9.0244,true,1,48457
7290005431913,false,עוגת גבינה פירורים עדן קינוחים 92 גרם,עדן קינוחים Eden,IL,עוגת גבינה פירורים 92 גרם,גרמים,92.00,100 גרם,false,1,7.40,8.0435,true,1,48455
7290005431920,false,עוגת גבינה פירורים לייט עדן קינוחים 78 גרם,עדן קינוחים Eden,IL,עוגת גבינה פירורים לייט 78 גרם,גרמים,78.00,100 גרם,false,1,7.40,9.4872,true,1,48456
7290005431937,false,מעדן טירמיסו 82 גר`עדן קינוחים,עדן קינוחים Eden,IL,טירמיסו 82 גרם,גרמים,82.00,100 גרם,false,1,7.40,9.0244,true,1,48453
7290005431968,false,מלבי שמנת עדן קינוחים 150 גרם,עדן קינוחים Eden,IL,מלבי שמנת 150גרם,גרמים,150.00,100 גרם,false,1,8.70,5.8000,true,1,50048
7290005431999,false,עדן קינוחים מלבי לייט,עדן קינוחים,IL,מלבי חלבי לייט עדן 150 גרם,גרמים,150.00,100 גרם,false,1,7.40,4.9333,true,1,53091
7290005559907,false,פיצה משפחתית 100% גבינה מעדנות 500 גרם,תנובה מרכז שיתופי לשיווק תוצרת,IL,פיצה משפחתית גבינה מעדנות 500גרם,גרמים,500.00,100 גרם,false,1,26.90,5.3800,true,1,1417
7290005559914,false,פיצה משפחתית עם 100% גבינה בתוספת זיתים מעדנות 550 גרם,תנובה מרכז שיתופי לשיווק תוצרת,IL,פיצה משפחתית זיתים 550 גרם,גרמים,550.00,100 גרם,false,1,26.90,4.8909,true,1,1418
7290005559990,false,בצק עלים פילאס תורכי 600 גרם קפוא,תנובה מרכז שיתופי לשיווק תוצרת,IL,בצק פילאס תורכי 600 גרם,גרמים,600.00,100 גרם,false,1,27.90,4.6500,true,1,29740
7290005591761,false,דבש טהור מפרחי בר בלחיץ 400 ג' יד מרדכי,מכוורת יד מרדכי שטרא,IL,דבש טהור לחיץ 400 גרם,גרמים,400.00,100 גרם,false,1,24.90,6.2250,true,1,1425
7290005651366,false,"מזון לכלבים בונזו מזון כלבים כבד 3 ק""ג",דיפלומט מפיצים (1968) בעמ**,FR,"בונזו בקר וכבד 3 ק""ג",קילוגרמים,3.00,"ק""ג",false,1,49.90,16.6333,true,1,1438
7290005680052,false,טמפונים סופר פלוס אובה 32 יחידות,גונסון אנד גונסון,GR,טמפוני O.B סופר פלוס 32 יח,יחידה,32.00,יחידה,false,1,25.90,0.8094,true,1,14953
7290005684135,false,לחם מחמצת שיפון עם אגוזים 650 ג',המאפיה של הרמן,IL,לחם מחמצת שיפון עם אגוזים,גרמים,650.00,100 גרם,false,1,16.90,2.6000,true,1,52327
7290005684418,false,לחם כוסמין אורגני 700 גר,מאפיה מרחבית קרית שמונה,IL,לחם כוסמין מלא אורגני 700 גרם,גרמים,700.00,100 גרם,false,1,16.90,2.4143,true,1,40231
7290005684487,false,לחמניות כוסמין מקמח 6*70גר,המאפיה של הרמן בעמ,IL,"לחמניות כוסמין 6 יחידות, 420 גרם",גרמים,420.00,100 גרם,false,1,14.90,3.5476,true,1,41504
7290005684579,false,לחם מחמצת כוסמין 700 גרם,המאפיה של הרמן,IL,לחפ מחמצת כוסמין,גרמים,700.00,100 גרם,false,1,16.90,2.4143,true,1,52328
7290005684654,false,לחם מחמצת שיפון 700 גרם,המאפיה של הרמן,IL,לחם מחמצת שיפון,גרמים,700.00,100 גרם,false,1,16.90,2.4143,true,1,52329
7290005686436,false,תפוח עץ מיובש ששון ה,דין שיווק וקליה 2021 בעמ,,תפוח עץ מיובש 200 גרם,גרמים,200.00,100 גרם,false,1,13.90,6.9500,false,1,16129
7290005803628,false,קרחון מלון - צבע מאכל טבעי,נגה גלידות שותפות מוגבלת,IL,נסטלה קרחון מלון בדצ 48*80גרם,Unknown,0.00,Unknown,false,1,3.00,0.0000,true,1,2049
7290005811128,false,בייגלה מקמח כוסמין עם שומשום 300 גרם,"אם החיטה בע""מ",IL,הבייגלה מקמח כוסמין עם שומשום 300 גרם,גרמים,300.00,100 גרם,false,1,17.90,5.9667,true,1,47471
7290005838002,false,מעדן גבינה ויוגורט בטעם וניל 88 ג' דניאלה,שטראוס גרופ בעמ/מצונן,IL,דניאלה וניל,גרמים,88.00,100 גרם,false,1,4.50,5.1136,true,1,1455
7290005838613,false,קרם גבינה 3% בטעם וניל סקי (125 גרם),שטראוס גרופ בעמ/מצונן,IL,סקי וניל 125 גרם,גרמים,125.00,100 גרם,false,1,3.80,3.0400,true,1,8366
7290005839078,false,שמיניית יוגורט לבן 3% ביו דנונה 150 גרם,שטראוס גרופ בעמ/מצונן,IL,מארז 8 חסכון - ביו 3% 150 גרם,קילוגרמים,1.20,"ק""ג",false,1,17.60,14.6667,true,1,47130
7290005839108,false,גבינה לבנה סימפוניה עם תוספות 200 ג'+זיתים 5%,שטראוס גרופ בעמ/מצונן,IL,סימפוניה 5% עם זתים,גרמים,200.00,100 גרם,false,1,12.90,6.4500,true,1,1456
7290005839313,false,מילקי Top עם שוקולדה מגולגלת 140 גרם,שטראוס גרופ בעמ/מצונן,IL,מילקי טופ מגולגלת,גרמים,140.00,100 גרם,false,1,5.00,3.5714,true,1,1457
7290005854613,false,שלגון אסקימו תותי פרוט 75 גר',גלידות שטראוס בעמ,,תותי פרוטי,לא מנהל יחידת מידה,0.00,לא מנהל יחידת מידה,false,1,3.90,0.0000,true,1,2033
7290005896439,false,"בירה מכבי, בקבוק חוזר 500 מ''ל","טמפו משקאות בע""מ",IL,"בירה מכבי, בקבוק חוזר 500 מ''ל",מיליליטרים,500.00,"100 מ""ל",false,1,7.50,1.5000,true,1,24784
7290005896453,false,"בירה מכבי 7.9%, בירה חזקה, בקבוק חוזר 500 מ''ל",פארייפאבה אגרואינדוס,IL,"בירה מכבי 7.9%, בירה חזקה, בקבוק חוזר 500 מ''ל",מיליליטרים,500.00,"100 מ""ל",false,1,7.50,1.5000,true,1,35149
7290005896620,false,סאן בנדטו - מוגז עדין - 1.5 ליטר,אקווה מינרלה סאן בנד,IT,סאן בנדטו מוגז עדין 1.5 ליטר,ליטרים,1.50,ליטר,false,1,4.50,3.0000,true,1,5671
7290005896637,false,סאן בנדטו - מים מינרלים טבעיים מהאלפים 1.5 ליטר,אקווה מינרלה סאן בנדטו ב,IT,סן בנדטו 1.5 ליטר,ליטרים,1.50,ליטר,false,1,4.50,3.0000,true,1,18225
7290005938238,false,ממרח צ'ימצ'ורי פרסקו 220ג' מצונן,נטו מילנדה סחר בעמ*,IL,פרסקו צ'ימיצ'ורי ממרח בסגנון ארגנטינאי 220 גרם,גרמים,220.00,100 גרם,false,1,19.90,9.0455,true,1,2980
7290005938245,false,ממרח פסטו קלאסי פרסקו 220ג' מצונן,מיוצר עי פרסקו חצבה,IL,פרסקו פסטו קלאסי ממרח בזיליקום וצנובר 220 גרם,גרמים,220.00,100 גרם,false,1,20.90,9.5000,true,1,2971
7290005966033,false,הר חרמון לבן יקב רמת הגולן (750 מל),היכל היין שקד גולן בעמ,IL,"הר חרמון יין לבן יבש 2020 750 מ""ל",מיליליטרים,750.00,"100 מ""ל",false,1,44.90,5.9867,true,1,1461
7290005966088,false,"יין הר חרמון אדום עברית 750 מ""ל",היכל היין שקד גולן בעמ,IL,הר חרמון אדום 2020 יבש,מיליליטרים,750.00,"100 מ""ל",false,1,44.90,5.9867,true,1,1462
7290005966361,false,"יין רמת הגולן גמלא שרדונה, 750 מ""ל י יקב רמת הגולן",יקבי רמת הגולן קצרין,IL,"יין גמלא שרדונה 750 מ""ל",מיליליטרים,750.00,"100 מ""ל",false,1,69.90,9.3200,true,1,1465
7290005992018,false,"יוגורט עיזים לשתיה 3% מחלבות גד 500 מ""ל",מחלבות גד שיווק 1992 בעמ,IL,"יוגורט עיזים 500 מ""ל גד",מיליליטרים,500.00,"100 מ""ל",false,1,14.90,2.9800,true,1,1473
7290005992575,false,גבינה בולגרית למריחה 5% גד (250 גרם),מחלבות גד שיווק 1992 בעמ,IL,גד גבינה בולגרית מלוחה למריחה 5% שומן,גרמים,250.00,100 גרם,false,1,19.90,7.9600,true,1,1479
7290005992735,false,לאבנה טבעית 5% 250 גר' - רבנות,מחלבות גד שיווק 1992 בעמ,IL,גבינת לאבנה 5% 250 גרם גד,גרמים,250.00,100 גרם,false,1,13.90,5.5600,true,1,1482
7290005996078,false,סלמי סרוולט הונגרי יחיעם 150 גרם,מעדני יחיעם (1993) בעמ,IL,סלמי סרוולט הונגרי 125 ג',גרמים,125.00,100 גרם,false,1,31.90,25.5200,true,1,49373
7290005996153,false,נקניקיות צרפתיות פרימיום 280 גר` יחיעם,מעדני יחיעם (1993) בעמ,IL,נק' בסגנון צרפתי 280 גרם,גרמים,280.00,100 גרם,false,1,24.90,8.8929,true,1,48917
7290005996160,false,נקניקיות צוריסו פרימיום יחיעם 280 גרם,מעדני יחיעם (1993) בעמ,IL,נק' צ'וריסו 280 גרם,גרמים,280.00,100 גרם,false,1,24.90,8.8929,true,1,48918
7290005996221,false,פסטרמה של פעם דק דק (120 גר`)יחיעם,מעדני יחיעם (1993) בעמ,IL,פסט' של פעם דק דק 120 גרם,גרמים,120.00,100 גרם,false,1,11.90,9.9167,true,1,49812
7290005996238,false,פסטרמה בדבש דק דק (120 גר`)יחיעם,מעדני יחיעם (1993) בעמ,IL,פסט' בדבש דק דק 120 גרם,גרמים,120.00,100 גרם,false,1,11.90,9.9167,true,1,49811
7290005996276,false,פסטרמה ברביקין דק דק (120 גר`)יחיעם,מעדני יחיעם (1993) בעמ,IL,פסט' ברבקיו דק דק 140גר',גרמים,120.00,100 גרם,false,1,11.90,9.9167,true,1,49813
7290005996740,false,סלמי פפרוני 300 גר יחיעם,מעדני יחיעם (1993) בעמ,IL,סלמי פפרוני יחיעם 300 גרם,גרמים,300.00,100 גרם,false,1,26.90,8.9667,true,1,52391
7290006229427,false,סן בנדטו - מים מינרלים - מארז שישיית 500 מל,טמפו משקאות בע`מ,,"מים סן בנדטו שישייה בקבוק 500 מ""ל",ליטרים,3.00,ליטר,false,1,15.90,5.3000,true,1,18796
7290006229588,false,בירה איגל לאגר פרימיום חזקה 6.3% 500 מל,טמפו משקאות בעמ,IL,"איגל זהב 500 מ""ל פחית 24 יח'",מיליליטרים,500.00,"100 מ""ל",false,1,7.90,1.5800,true,1,42309
7290006241214,false,שקדים טבעיים קליית גת (200 גרם),הדקלאים אגודת שיתופי,IL,שקד טבעי שקית 200 גרם,גרמים,200.00,100 גרם,false,1,24.90,12.4500,true,1,15370
7290006251107,false,תה מסאלה צ'אי ויסוצקי 25 יחידות,תה ויסוצקי (ישראל) בעמ,IL,מסאלה צ'אי,גרמים,50.00,100 גרם,false,1,19.90,39.8000,true,1,1506
7290006251275,false,תה ירוק סיני קלאסי ויסוצקי 25 יחידות,תה ויסוצקי (ישראל) בעמ,IL,תה ירוק סיני T.T,גרמים,37.00,100 גרם,false,1,26.90,72.7027,true,1,24150
7290006251343,false,חליטת פסיפלורה מנגו הגן הקסום ויסוצקי 25 יחידות,תה ויסוצקי (ישראל) בעמ,IL,"מנגו-פסיפלורה ""הגן הקסום""",גרמים,62.00,100 גרם,false,1,19.90,32.0968,true,1,1508
7290006251374,false,תה ירוק לימונית וג'ינג'ר ויסוצקי 25 יחידות,תה ויסוצקי (ישראל) בעמ,IL,תה ירוק לימונית וג'ינג'ר T.T,גרמים,37.00,100 גרם,false,1,26.90,72.7027,true,1,2204
7290006256089,false,"יין אדום קברנה סוביניון גאטו נגרו 750 מ""ל",היכל היין שקד גולן בעמ,,יין גאטו נגרו קברנה סוביניון750מל,מיליליטרים,750.00,"100 מ""ל",false,1,39.90,5.3200,true,1,1510
7290006256102,false,"יין אדום מרלו גאטו נגרו 750 מ""ל",היכל היין שקד גולן בעמ,,יין גאטו נגרו מרלו 750 מל .,מיליליטרים,750.00,"100 מ""ל",false,1,39.90,5.3200,true,1,1511
7290006265500,false,פטריות שמפיניון ארוז מרינה,קונס`-מרינה פטריות הגליל בעמ*ש,IL,פטריות שמפיניון יחידה,גרמים,250.00,100 גרם,false,1,12.90,5.1600,true,1,20696
7290006265548,false,נבטים סינים מרינה ארוז 360ג',"מרינה פטריות הגליל בע""מ",IL,נבטים סינים יח,גרמים,350.00,100 גרם,false,1,6.50,1.8571,true,1,22072
7290006265890,false,נבטי גרעיני חמניה יח,"מרינה פטריות הגליל בע""מ",IL,נבטי גרעיני חמניה יח,גרמים,150.00,100 גרם,false,1,9.90,6.6000,true,1,22073
7290006267542,false,פנינים תבור אדום מבעב750,יקב תבור,,"יין תבור פנינים אדום 750 מ""ל",מיליליטרים,750.00,"100 מ""ל",false,1,38.90,5.1867,true,1,23507
7290006267733,false,פנינים תבור לבן מבעבע750,יקב תבור,,"יין תבור פנינים לבן 750 מ""ל",מיליליטרים,750.00,"100 מ""ל",false,1,38.90,5.1867,true,1,26265
7290006271174,false,ג'חנון לאפיה בתנור מעדנות 700 גרם,תנובה מרכז שיתופי לשיווק תוצרת,IL,גחנון לאפיה מעדנות 700 גרם,גרמים,700.00,100 גרם,false,1,21.90,3.1286,true,1,1512
7290006271181,false,ג'חנון אפוי למיקרוגל מעדנות 750 גרם,תנובה מרכז שיתופי לשיווק תוצרת,IL,"ג""חנון אפוי 750 גרם מעדנות",גרמים,750.00,100 גרם,false,1,27.90,3.7200,true,1,1513
7290006272072,false,חטיפי פיצה גבינה מעדנות 650 גרם,תנובה קפואים,IL,חטיפי פיצה מעדנות 650 גרם,גרמים,650.00,100 גרם,false,1,36.90,5.6769,true,1,40127
7290006272430,false,בצק עלים חמאה חלבי מעדנות (600 גרם),מיוצר עי קונדיטוריית,IL,בצק עלים חמאה 600 גרם,גרמים,600.00,100 גרם,false,1,31.90,5.3167,true,1,26115
7290006306159,false,לזניה במילוי ארבע גבינות 500 גר`גד,דורום תעשיות מזון ופסטה,IL,לזניה 4 גבינות 500 גרם,גרמים,500.00,100 גרם,false,1,41.90,8.3800,true,1,18304
7290006306180,false,קנלוני במילוי גבינת עיזים,פסטה נונה Pasta Nonn,IL,קנלוני במילוי גבינת עיזים ברוטב עגבניות 500 גרם,גרמים,500.00,100 גרם,false,1,41.90,8.3800,true,1,18300
7290006306302,false,רביולי במילוי גבינות פרמזן ריקוטה 400 ג' פסטה נונה,דורום תעשיות מזון ופסטה,IL,רביולי במילוי גבינות פרמזן וריקוטה,גרמים,400.00,100 גרם,false,1,29.90,7.4750,true,1,3187
7290006306319,false,רביולי במילוי בטטה 400 ג' פסטה נונה,דורום תעשיות מזון ופסטה,IL,רביולי במילוי בטטה,גרמים,400.00,100 גרם,false,1,29.90,7.4750,true,1,3188
7290006306326,false,רביולי במילוי פטריות וגבינת פרמזן פסטה נונה 400 ג',דורום תעשיות מזון ופסטה,IL,רביולי במילוי פטריות וגבינת פרמזן,גרמים,400.00,100 גרם,false,1,29.90,7.4750,true,1,3189
7290006306333,false,רביולי במילוי תרד וגבינת ריקוטה פסטה נונה 400 ג',דורום תעשיות מזון ופסטה,IL,רביולי במילוי תרד וגבינת ריקוטה,גרמים,400.00,100 גרם,false,1,29.90,7.4750,true,1,7085
7290006306357,false,רביולי במילוי גבינת עיזים 400 ג' פסטה נונה,דורום תעשיות מזון ופסטה,IL,רביולי במילוי גבינת עיזים 400 גרם,גרמים,400.00,100 גרם,false,1,30.90,7.7250,true,1,3208
7290006322128,false,לחמניות קלות 6 יח בחבילה,מאפיית דוידוביץ ובניו בע,IL,מאפיית דוידוביץ 6 לחמניות קלות 450 גרם,גרמים,450.00,100 גרם,false,1,11.50,2.5556,true,1,50272
7290006342515,false,מנצ'ס ששון הקולה 200 גרם,"דין שיווק וקלייה בע""",,"מנצ""ס 200 גרם",גרמים,200.00,100 גרם,false,1,8.90,4.4500,true,1,28894
7290006342553,false,קבוקים בשקית ששון הקולה 200 גרם,דין שיווק וקליה 2021 בעמ,,קבוקים200 גר,גרמים,200.00,100 גרם,false,1,6.90,3.4500,true,1,52866
7290006342645,false,טורטיה גדולה שקדיה 840 גרם 12 יחידות,דין שיווק וקליה 2021 בעמ,TR,עלי טורטייה גדולה 840 גרם,גרמים,840.00,100 גרם,false,1,16.90,2.0119,true,1,28024
7290006346018,false,"הבולגרית של דורית 250 גרם ""מונטה קרלו""",מונטה קרלו,,הבולגרית של דורית 250גרם,גרמים,250.00,100 גרם,false,1,30.90,12.3600,true,1,51850
7290006346025,false,"צזיקי יווני 250 גרם ""מונטה קרלו""",קלאס פוד,IL,ציזיקי יווני מונטה קרלו 250גרם,גרמים,250.00,100 גרם,false,1,19.90,7.9600,true,1,53426
7290006346063,false,"לאבנה שמן זית וזעתר 250 גרם ""מונטה קרלו""",מונטה קרלו,IL,לאבנה שמן זית זעתר מונטה קרלו 250 גרם,גרמים,250.00,100 גרם,false,1,19.90,7.9600,true,1,55329
7290006346117,false,"מלפפון חמוץ ביתי במלח ""מונטה קרלו""",ירין חזון שיווק ומזון,IL,מלפפון כבוש ביתי דלי מונטה קרלו 330גרם,גרמים,330.00,100 גרם,false,1,23.90,7.2424,true,1,51204
7290006346148,false,גבינה בולגרית בצל יר,מונטה קרלו,IL,גבינה בולגרית בצל ירוק מונטה קרלו 250,גרמים,250.00,100 גרם,false,1,24.90,9.9600,true,1,55352
7290006346162,false,טורשי ירקות כבושים 330 גרם,ירין חזון שיווק ומזון,IL,טורשי ירקות דלי מונטה קרלו 330גרם,גרמים,330.00,100 גרם,false,1,23.90,7.2424,true,1,51202
7290006346247,false,"קוביות בולגרית בפסטו 250 גרם ""מונטה קרלו""",,,קוביות בולגרית בפסטו 250 גרם,גרמים,250.00,100 גרם,false,1,26.90,10.7600,true,1,51856
7290006346315,false,משוויה חציל חריף 250,מונטה קרלו,IL,משוויה חציל חריף 250 גרם,גרמים,250.00,100 גרם,false,1,16.90,6.7600,true,1,52701
7290006346377,false,חציל בולגרית 250 גרם,מונטה קרלו,IL,חציל בולגרית מונטה קרלו 250 גרם,גרמים,250.00,100 גרם,false,1,19.90,7.9600,true,1,55325
7290006346414,false,סלט אבוקדו מונטה קרלו 250 גרם,ירין חזון שיווק ומזון,IL,סלט אבוקדו 250גרם,גרמים,250.00,100 גרם,false,1,21.90,8.7600,true,1,51853
7290006346421,false,הרינג כבוש בבצל מונט,מונטה קרלו,IL,הרינג כבוש בבצל מונטה קרלו 250גרם,גרמים,250.00,100 גרם,false,1,24.90,9.9600,true,1,52138
7290006346452,false,טונה זיתים ללא מיונז,מונטה קרלו,IL,טונה זיתים ללא מיונז 250 גרם,גרמים,250.00,100 גרם,false,1,23.90,9.5600,true,1,52699
7290006346575,false,כדורי גבינה בשמן זית,מונטה קרלו,IL,כדורי גבינה בשמן זית וזעתר מונטה קרלו 3,גרמים,300.00,100 גרם,false,1,33.90,11.3000,true,1,55326
7290006346612,false,גבינת שמנת קלמטה מונ,מונטה קרלו,IL,גבינת שמנת קלמטה מונטה קרלו 250 גרם,גרמים,250.00,100 גרם,false,1,19.90,7.9600,true,1,55327
7290006346629,false,גבינת שמנת חציל מונ,מונטה קרלו,IL,גבינת שמנת חציל מונטה קרלו 250 גרם,גרמים,250.00,100 גרם,false,1,19.90,7.9600,true,1,55324
7290006346834,false,פלפלית בלימון חריף מ,מונטה קרלו,IL,פלפלית בלימון חריף מונטה קרלו 250גרם,גרמים,250.00,100 גרם,false,1,14.90,5.9600,true,1,51210
7290006346865,false,גבינת שמנת חלקה מונט,מונטה קרלו,IL,גבינת שמנת חלקה מונטה קרלו 250 גרם,גרמים,250.00,100 גרם,false,1,19.90,7.9600,true,1,55328
7290006346896,false,כרובית בטחינה 250,מונטה קרלו,IL,כרובית בטחינה 250 גרם,גרמים,250.00,100 גרם,false,1,29.90,11.9600,true,1,52698
7290006346971,false,חציל אפוי במיונז מונ,מונטה קרלו,IL,חציל אפוי במיונז מונטה קרלו 250גרם,גרמים,250.00,100 גרם,false,1,16.90,6.7600,true,1,51191
7290006346995,false,סלט חצילים בטעם כבד מונטה קרלו 250 גרם,ירין חזון שיווק ומזון,IL,חציל בטעם כבד מונטה קרלו 250גרם,גרמים,250.00,100 גרם,false,1,20.90,8.3600,true,1,51194
7290006374738,false,קונפיטורה תות יד מרדכי בטעם תות,אף.סי תבליני בגליל ב,IL,קונפיטורה תות 340 גרם יד מרדכי,גרמים,340.00,100 גרם,false,1,15.90,4.6765,true,1,2284
7290006401571,false,אדויל ליקווי ג'ל 16 כמוסות,פייזר,,אדויל ליקויי גל 16 כמוסות,Unknown,0.00,Unknown,false,1,32.00,0.0000,true,1,33014
7290006449955,false,מלפפון בייבי מארז,"מרינה פטריות הגליל בע""מ",IL,מלפפון בייבי ארוז,גרמים,500.00,100 גרם,false,1,14.90,2.9800,true,1,24657
7290006492432,false,גבינה מוצרלה בייבי 18% גד (150 גרם),מחלבות גד שיווק 1992 בעמ,IL,גבינה מוצרלה בייבי 150 גרם,גרמים,150.00,100 גרם,false,1,16.90,11.2667,true,1,1522
7290006492616,false,גבינה בולגרית מעודנת פרוסות 5% גד 250 גרם,מחלבות גד שיווק 1992 בעמ,IL,פרוסות בולגרית מעודנת 5%,גרמים,250.00,100 גרם,false,1,29.90,11.9600,true,1,2870
7290006492630,false,גבינת פרומעז עיזים 22% גד 180 גרם,מחלבות גד שיווק 1992 בעמ,IL,מחלבות גד גדעז גבינת שמנת מחלב עיזים 20%,גרמים,180.00,100 גרם,false,1,26.90,14.9444,true,1,2973
7290006492647,false,מטבעות גבינה עזים 22 אחוז 150גרם גד,מחלבות גד שיווק 1992 בעמ,IL,גד מטבעות גבינת עיזים 22% שומן,גרמים,150.00,100 גרם,false,1,27.90,18.6000,true,1,2974
7290006492685,false,גבינת לאבנה עיזים 5% גד (250 גרם),מחלבות גד שיווק 1992 בעמ,IL,גבינת לאבנה עיזים 5% 250 גרם גד,גרמים,250.00,100 גרם,false,1,19.90,7.9600,true,1,3228
7290006492852,false,גבינת עיזים למריחה 5% 250 גרם רובין,מחלבות גד שיווק 1992 בעמ,IL,גבינה לבנה עיזים 5% 250 גרם גד,גרמים,250.00,100 גרם,false,1,19.90,7.9600,true,1,5986
7290006492913,false,גבינת לאבנה ציזיקי 5% מחלבות גד 250 גרם,מחלבות גד שיווק 1992 בעמ,IL,ציזיקי למריחה 250 גרם גד,גרמים,250.00,100 גרם,false,1,15.90,6.3600,true,1,3478
7290006618078,false,"מרסס לניקוי יסודי מטבח אסטוניש 750 מ""ל","יעקב יעקבי ובניו בע""מ",,יעקבי אסטוניש ספריי ניקוי למטבח 750 מל,מיליליטרים,750.00,"100 מ""ל",false,1,16.90,2.2533,true,1,30633
7290006618085,false,"אסטוניש תרסיס ניקוי אמבטיה וכיורים יעקבי 750 מ""ל",יעקב יעקבי ובניו בע`מ,,יעקבי אסטוניש ספריי ניקוי לחדר האמבטיה 750 מל,מיליליטרים,750.00,"100 מ""ל",false,1,16.90,2.2533,true,1,30634
7290006644480,false,תפוזינה תפוזים 0.5 ליטר,יפאורה שותפות מובגלת לשיווק,IL,תפוזינה תפוזים 0.5 ל',מיליליטרים,500.00,"100 מ""ל",false,1,6.90,1.3800,true,1,35676
7290006644510,false,"מיץ ענבים 500 מ""ל תפוזינה",יפאורה שותפות מוגבלת לשיווק,IL,תפוזינה ענבים 0.5 ל',מיליליטרים,500.00,"100 מ""ל",false,1,6.90,1.3800,true,1,35679
7290006644527,false,תפוזינה תות בננה 0.5 ליטר,יפאורה שותפות מוגבלת לשיווק,IL,תפוזינה תות בננה 0.5 ל',מיליליטרים,500.00,"100 מ""ל",false,1,6.90,1.3800,true,1,35677
7290006653819,false,קוסקוס אמיתי דק בשקית 350 גרם,קבוצת אוסם סחר שותפות מוגבלת,IL,אסם קוסקוס דק 12*350גרם,גרמים,350.00,100 גרם,false,1,9.90,2.8286,true,1,2351
7290006660596,false,קמח עדשים אדומות ללא גלוטן דגש 500 גרם,אף.סי תבליני בגליל ב,IL,דוכן גן שמואל קמח אורז מלא 500 גרם,גרמים,500.00,100 גרם,false,1,21.90,4.3800,true,1,41489
7290006664310,false,גבינה לבנה 3% שומן 250 ג' שטראוס,שטראוס גרופ בעמ/מצונן,IL,סקי 3% 250 גרם,גרמים,250.00,100 גרם,false,1,4.80,1.9200,true,1,1546
7290006664655,false,דנונה Actimel יוגורט טבעי 8*100 מ``ל,שטראוס גרופ בעמ/מצונן,IL,אקטימל לבן שמינייה,מיליליטרים,864.00,"100 מ""ל",false,1,22.70,2.6273,true,1,2514
7290006664990,false,"יוגורט דנונה ביו לבן 1.7% שומן 8*150 מ""ל",שטראוס גרופ בעמ/מצונן,IL,מארז דנונה ביו 1.7% שמינייה,קילוגרמים,1.20,"ק""ג",false,1,17.60,14.6667,true,1,47131
7290006681003,false,גלידה קרמיסימו סרבט תות לימון 650 גרם,"גלידת שטראוס בע""\מ, רחוב",IL,גלידה קרמיסימו סורבה שרבט תות לימון 1.33 ל',ליטרים,1.33,ליטר,false,1,27.90,20.9774,true,1,42023
7290006681065,false,"קסטה שוקו וניל ""שטראוס""","מיוצר ע""\י גלידת שטראוס",,שלגון טעמקור XL,גרמים,75.00,100 גרם,false,1,9.90,13.2000,true,1,2288
7290006681553,false,קרמבו בטעם וניל שטראוס 8 יחידות,"גלידות שטראוס בע""מ",IL,"שטראוס קרמבו 80 מ""ל",גרמים,200.00,100 גרם,false,1,17.90,8.9500,true,1,2536
7290006681560,false,קרמבו בטעם מוקה שטראוס 8 יחידות,"גלידות שטראוס בע""מ",IL,"שטראוס קרמבו 80 מ""ל",גרמים,200.00,100 גרם,false,1,17.90,8.9500,true,1,2537
7290006681843,false,מאגדת שטראוס לייט פרי 6 שטראוס,"גלידת שטראוס בע""\מ, רחוב",IL,"שטראוס מאגדת לייט פרי 420 מ""ל",גרמים,300.00,100 גרם,false,1,25.90,8.6333,true,1,2657
7290006704269,false,חסה עגולה יח',"מרינה פטריות הגליל בע""מ",IL,חסה עגולה יח,גרמים,500.00,100 גרם,false,1,9.90,1.9800,true,1,35131
7290006704511,false,"תפו""א גמדי אדום למיקרו מרינה 750ג'","מרינה פטריות הגליל בע""מ",IL,תפוא זעיר למיקרו יח,לא מנהל יחידת מידה,0.00,לא מנהל יחידת מידה,false,1,8.90,0.0000,true,1,5079
7290006704573,false,בצל ירוק א שער מגש,"מרינה פטריות הגליל בע""מ",IL,בצל ירוק יח,גרמים,100.00,100 גרם,false,1,7.90,7.9000,true,1,5080
7290006704672,false,זוקיני ירוק,חקלאי,IL,זוקיני ירוק,קילוגרמים,1.00,"ק""ג",true,,13.90,13.9000,true,1,5081
7290006704733,false,אספרגוס יחידה קמעונאי,סרז'טו,IL,אספרגוס יח,גרמים,300.00,100 גרם,false,1,29.90,9.9667,true,1,35695
7290006704740,false,שורש פטרוזיליה יח',"מרינה פטריות הגליל בע""מ",IL,שורש פטרוזיליה יח,גרמים,100.00,100 גרם,false,1,5.90,5.9000,true,1,7562
7290006704757,false,סלרי ראש מרינה,פאר לי שיווק פירות וירקות בע*ש,IL,ראש סלרי יח,גרמים,500.00,100 גרם,false,1,6.90,1.3800,true,1,7564
7290006704801,false,מנגולד טרי עלים ארוז,"מרינה פטריות הגליל בע""מ",IL,מנגולד טרי עלים ארוז יח,גרמים,300.00,100 גרם,false,1,5.90,1.9667,true,1,24707
7290006724205,false,טופו חומוס בטעם מעושן 300 גרם,משק וואיילר,IL,טופו חומוס ליב 300גרם,גרמים,300.00,100 גרם,false,1,14.90,4.9667,true,1,51844
7290006739414,false,נקניק סלמי קוניאק זוגלובק 300 גרם,נקניק נהריה כשר זוגל,IL,זוגלובק סלמי קוניאק 300 גרם א.מ.,גרמים,300.00,100 גרם,false,1,32.50,10.8333,true,1,20372
7290006739421,false,נקניק סלמי מעושן איטלקי זוגלובק 300 גרם,נקניק נהריה כשר זוגל,IL,זוגלובק סלמי מעושן איטלקי 300 גרם א.מ.,גרמים,300.00,100 גרם,false,1,32.50,10.8333,true,1,19927
7290006739445,false,שניצל תירס קלאסי 750 ג' זוגלובק,נקניק נהריה כשר זוגל,IL,זוגלובק שניצל תירס קלאסי 750 גר בדצ - ללא מגשית,גרמים,750.00,100 גרם,false,1,29.90,3.9867,true,1,19961
7290006739544,false,כתף בקר 3% שומן זוגלובק (300 גרם),נקניק זוגלובק נהריה,IL,זוגלובק כתף בקר 300 גרם א.מ.,גרמים,300.00,100 גרם,false,1,33.90,11.3000,true,1,42599
7290006742162,false,המבורגר מזרחי זוגלובק 400 גרם,נקניק נהריה כשר זוגל,IL,המבורגר מזרחי זוגלובק 400 גרם,גרמים,400.00,100 גרם,false,1,19.90,4.9750,true,1,7178
7290006742278,false,פסטרמה הודו צלויה על לבנים 330 ג' זוגלובק,נקניק נהריה כשר זוגל,IL,זוגלובק פסטרמה הודו בטעם צלייה על לבנים 330 גר,גרמים,330.00,100 גרם,false,1,33.90,10.2727,true,1,20796
7290006742292,false,פסטרמה הודו בדבש 330 ג' זוגלובק,נקניק נהריה כשר זוגל,IL,זוגלובק פסטרמה הודו בדבש טהור 330 גר,גרמים,330.00,100 גרם,false,1,33.90,10.2727,true,1,20798
7290006742315,false,פסטרמה חזה הודו ברביקיו 2% זוגלובק 330 גרם,נקניק נהריה כשר זוגל,IL,זוגלובק פסטרמה הודו ברביקיו 330 גר,גרמים,330.00,100 גרם,false,1,33.90,10.2727,true,1,32129
7290006764065,false,בירה נשר מאלט ללא אלכוהול 500 מל,"טמפו משקאות בע""\ם.",IL,בירה מאלט ללא אלכוהול 500 מל,מיליליטרים,500.00,"100 מ""ל",false,1,5.80,1.1600,true,1,1570
7290006764072,false,"בירה גולדסטאר בקבוק 500 מ""ל חוזר","טמפו משקאות בע""\מ",IL,"בירה גולדסטאר בקבוק חוזר 500 מ""ל",מיליליטרים,500.00,"100 מ""ל",false,1,7.90,1.5800,true,1,1571
7290006764096,false,"בירה איגל 3.8% בקבוק 500 מ""ל חוזר","טמפו משקאות בע""\מ",IL,"בירה איגל, בקבוק חוזר 500 מ""ל",מיליליטרים,500.00,"100 מ""ל",false,1,6.50,1.3000,true,1,35150
7290006764157,false,"בירה גולדסטאר Unfiltered, בירה לא מסוננת, בקבוק חוזר 500 מ""ל",פארייפאבה אגרואינדוס,IL,"בירה גולדסטאר Unfiltered, בקבוק חוזר 500 מ""ל",מיליליטרים,500.00,"100 מ""ל",false,1,7.90,1.5800,true,1,40164
7290006764164,false,שישיית בירה גולדסטאר לא מסונן בקבוק חוזר,פארייפאבה אגרואינדוס,IL,שישיית גולדסטאר לא מסונן חוזר 500 *6,ליטרים,3.00,ליטר,false,1,53.90,17.9667,true,1,39847
7290006765895,false,בוטן בקליפה 200 גרם שושן הקולה,"דין שיווק וקלייה בע""",IL,בוטן קליפה קלוי 200,גרמים,200.00,100 גרם,false,1,7.90,3.9500,true,1,52894
7290006805850,false,פילסברי פנקייק תערובת להכנת חביתיות,הדקלאים אגודת שיתופי,IL,תערובת קלת הכנה לפנקייק ביתי וטעים 450 גרם,גרמים,500.00,100 גרם,false,1,19.90,3.9800,true,1,2796
7290006822192,false,נקטר דיאט חמוציות אושן ספריי פריגת 1 ליטר,החברה המרכזית להפצת משקאות בעמ,IL,פריגת דיאט אושן ספריי חמוציות 1 ליטר,ליטרים,1.00,ליטר,false,1,15.90,15.9000,true,1,2083
7290006866363,false,מיץ סחוט אשכוליות אדומות פרימור 1 ליטר,שטראוס גרופ בעמ/מצונן,IL,מיץ אשכולית אדומות סחוט טבעי 1 ליטר,ליטרים,1.00,ליטר,false,1,19.90,19.9000,true,1,6754
7290006899187,false,סרמוני תה - 20 לימונית לואיזה - קופסת פירמידה,תה סרמוני בעמ,,תה סרמוני לימונית ולואיזה 14 שקיקים,גרמים,30.00,100 גרם,false,1,19.90,66.3333,true,1,32345
7290006899255,false,סרמוני תה - 20 ארל גריי - קופסת פירמידה,תה סרמוני בעמ,,תה סרמוני ארל גריי לבנדר 14 שקיקים,גרמים,44.00,100 גרם,false,1,19.90,45.2273,true,1,18169
7290006899361,false,סרמוני תה - 20 פירות יער - קופסת פירמידה,סרמוני תה בעמ,,תה סרמוני פירות יער 20 שקיקים,גרמים,50.00,100 גרם,false,1,19.90,39.8000,true,1,32344
7290006899705,false,תה סרמוני ירוק לימונ,תה סרמוני בעמ,IL,תה סרמוני ירוק לימונית 20 שקיקים,יחידה,1.00,יחידה,false,1,19.90,19.9000,true,1,54379
7290006983176,false,קרקר לחמית שיפון אסם (230 גרם),קבוצת אוסם סחר שותפות מוגבלת,IL,לחמית שיפון 10*230גרם,גרמים,230.00,100 גרם,false,1,10.90,4.7391,true,1,7162
7290006983763,false,עוגת הבית בטעם שוקולד אסם (400 גרם),קבוצת אוסם סחר שותפות מוגבלת,IL,הבית עוגת שוקולד 8*400גרם,גרמים,400.00,100 גרם,false,1,17.50,4.3750,true,1,2061
7290006983770,false,עוגת הבית שיש אסם (400 גרם),קבוצת אוסם סחר שותפות מוגבלת,IL,הבית עוגת שיש 8*400גרם,גרמים,400.00,100 גרם,false,1,17.50,4.3750,true,1,2084
7290006983787,false,עוגת הבית שוקולד צ'יפס אסם 400 גרם,קבוצת אוסם סחר שותפות מוגבלת,IL,הבית עוגת שוקולד צ'יפס 8*400גרם,גרמים,400.00,100 גרם,false,1,17.50,4.3750,true,1,5598
7290006983794,false,עוגת הבית בטעם תפוז אסם 400 גרם,קבוצת אוסם סחר שותפות מוגבלת,IL,הבית עוגת תפוז 8*400גרם,גרמים,400.00,100 גרם,false,1,17.50,4.3750,true,1,2062
7290008001342,false,סטרפסילס דבש לימון 24,רקיט בנקיזר,,סטרפסילס דבש ולימון,Unknown,0.00,Unknown,false,1,26.80,0.0000,true,1,33025
7290008086950,false,זובירקס משאבה,גלקסו,,זובירקס משאבה,לא מנהל יחידת מידה,0.00,לא מנהל יחידת מידה,false,1,39.90,0.0000,true,1,55432
7290008102674,false,זובירקס קרם 5% 2 גר,גלקסו,,זובירקס קרם 5% 2 גרם,לא מנהל יחידת מידה,0.00,לא מנהל יחידת מידה,false,1,34.90,0.0000,true,1,7233
7290008116565,false,שטיפת פה ליסטרין מנטה מרענן 500 מ`ל,ג'\ונסון אנד ג'\ונסון,IT,ליסטרין שטיפת פה מנטה מרענן 500 מל,מיליליטרים,500.00,"100 מ""ל",false,1,17.90,3.5800,true,1,41638
7290008175173,false,חמאה מפינלנד ללא מלח 200 גרם ויליפוד,ג.וילי-פוד אינטרנשיונל **גבינו,FI,200 גרםvalio-חמאה מלח,גרמים,200.00,100 גרם,false,1,15.90,7.9500,true,1,35022
7290008175210,false,גבינת פרמזן מגורדת 90ג' ויליפוד,ג.וילי-פוד אינטרנשיונל **גבינו,IT,פרמזנו מגורדת 90 גרם,גרמים,90.00,100 גרם,false,1,18.90,21.0000,true,1,1762
7290008175814,false,וילי פוד פטריות שמפיניון חתוך בדץ 400ג,ג.וילי פוד אינטרנשיונל בעמ,PL,פטריות חתוך 400גרם- בד'צ,גרמים,400.00,100 גרם,false,1,5.90,1.4750,true,1,1766
7290008268448,false,אוכמניות ארוז,אראל תוצרת חקלאית בע,IL,אוכמניות ארוז,גרמים,0.00,100 גרם,false,1,29.90,0.0000,true,1,46762
7290008333115,false,אבקת ג'לטין טהור נטו 28 גרם,נטו מילנדה סחר בעמ*,,ויליגר אבקת ג'לטין טהור 28 גרם,גרמים,28.00,100 גרם,false,1,11.90,42.5000,true,1,17158
7290008340618,false,סלמון מעושן מצונן דלידג 100 ג',נטו מילנדה סחר בעמ*,IL,פרלינג סלומון מעושן 100 גרם,גרמים,100.00,100 גרם,false,1,23.90,23.9000,true,1,21258
7290008343466,false,בצק פילו שלושת האופים (500 גרם),שלושת האופים שגמור,IL,בצק פילו,גרמים,500.00,100 גרם,false,1,20.90,4.1800,true,1,23414
7290008344272,false,המבורגר 100% טיבון ויל 400 גרם,טיבון ויל אחזקות בעמ,IL,המבורגר 100% טיבון ויל 400 גרם,גרמים,400.00,100 גרם,false,1,22.90,5.7250,true,1,1786
7290008345118,false,דלידג מקרל בשמן 240 גרם,מיוצר על ידי קוד יצר,IL,מקרל בשמן דלידג 240 גרם,גרמים,240.00,100 גרם,false,1,29.90,12.4583,true,1,30965
7290008345576,false,סלט איקרה ביתית לבנה 300 גרם דלידג,נטו מלינדה סחר בע`מ,IL,סלט איקרה לבנה דלידג 300 גרם,גרמים,300.00,100 גרם,false,1,21.90,7.3000,true,1,2227
7290008345583,false,סלט איקרה ביתית ורודה דלידג (300 גרם),נטו מלינדה סחר בע`מ,IL,סלט איקרה ורודה דלידג 300 גרם,גרמים,300.00,100 גרם,false,1,21.90,7.3000,true,1,2228
7290008409100,false,אצבעות שניצל בציפוי שומשום מאמא עוף 700 גרם,תנובה גליל שותפות מוגבלת,IL,אצבעות שניצל ציפוי שומשום מאמא ע 700 גרם,גרמים,700.00,100 גרם,false,1,39.90,5.7000,true,1,5320
7290008409124,false,מאמא עוף קפוא שניצל ג'ונגל פריך 700 גרם,תנובה מרכז שיתופי לשיווק תוצרת,IL,שניצל גונגל מאמא עוף 700 גרם,גרמים,700.00,100 גרם,false,1,39.90,5.7000,true,1,2975
7290008409216,false,מאמא עוף קפוא שניצל דק פריך 700 גרם,תנובה מרכז שיתופי לשיווק תוצרת,IL,מאמא עוף שניצל דק פריך 700 גרם,גרמים,700.00,100 גרם,false,1,45.90,6.5571,true,1,19777
7290008409407,false,שניצל דק דק צ`יפס מאמא עוף (700 גרם),תנובה גליל שותפות מוגבלת,IL,"שניצל דק בציפוי צ""יפס 700 גרם",גרמים,700.00,100 גרם,false,1,45.90,6.5571,true,1,22512
7290008409421,false,גריל חזה עוף טרי 420 גרם,תנובה גליל שותפות מו,IL,חזה עוף בתיבול גריל 420 גרם,גרמים,420.00,100 גרם,false,1,42.90,10.2143,true,1,1797
7290008409452,false,"שישליק עוף אמיתי ""מאמעוף",תנובה גליל שותפות מוגבלת,IL,שישליק עוף אמיתי מוכן 400 גרם,גרמים,400.00,100 גרם,false,1,39.90,9.9750,true,1,1798
7290008409544,false,שניצל עוף אמיתי מאמא עוף (700 גרם),תנובה גליל שותפות מוגבלת,IL,שניצל עוף אמיתי 700 גרם,גרמים,700.00,100 גרם,false,1,45.90,6.5571,true,1,1802
7290008409551,false,שניצל עוף אמיתי בציפוי מעודן 700 ג' מאמא עוף,תנובה מרכז שיתופי לשיווק תוצרת,IL,שניצל אמיתי מעודן,גרמים,700.00,100 גרם,false,1,45.90,6.5571,true,1,1803
7290008409568,false,שניצל עוף אמיתי בציפוי שבבי ציפס 700 גר,תנובה גליל שותפות מוגבלת,IL,"שניצל צ""יפס אמיתי 700 גרם",גרמים,700.00,100 גרם,false,1,45.90,6.5571,true,1,18161
7290008409582,false,שניצל עוף אמיתי בציפוי ביתי מאמא עוף 700 גרם,תנובה מרכז שיתופי לשיווק תוצרת,IL,שניצל אמיתי ביתי מאמא עוף 700 גרם,גרמים,700.00,100 גרם,false,1,45.90,6.5571,true,1,1804
7290008415071,false,צבר חומוס עם טחינה עגול 150 גרם,קבוצת אוסם סחר שותפות מוגבלת,IL,סלטי צבר חומוס עם טחינה 12*150גרם,גרמים,150.00,100 גרם,false,1,5.90,3.9333,true,1,1813
7290008415514,false,צבר חומוס עם חריף עגול 150 גרם,קבוצת אוסם סחר שותפות מוגבלת,IL,סלטי צבר חומוס עם חריף 12*150גרם,גרמים,150.00,100 גרם,false,1,5.90,3.9333,true,1,4722
7290008453868,false,רביעיית פיתות פרנה ארוך,מגוון שיווק והפצת מאפים בעמ,,מארז פרנה אוולית 4 יח,גרמים,550.00,100 גרם,false,1,15.90,2.8909,true,1,26893
7290008461221,false,סרדינים רוברט בשמן חמניות 115 גרם,א. סיימן סחר בעמ,PT,סרדינים בשמן חמניות 115 גרם,גרמים,115.00,100 גרם,false,1,7.90,6.8696,true,1,5579
7290008461238,false,סרדינים בשמן חמניות ופלפל חריף רוברט 84 גרם,א. סיימן סחר בעמ,PT,סרדינים בשמן חמניות חריף 115 גר,גרמים,115.00,100 גרם,false,1,7.90,6.8696,true,1,5580
7290008461283,false,גבינת טריפל צ'דר חצי קשה הגבינות של נני 200 גרם,שבינגטון,,גבינה טריפל צדר נני 200 גרם,גרמים,200.00,100 גרם,false,1,25.90,12.9500,true,1,38681
7290008462204,false,חרדל דיז'ון מקורי נטו מאי 380 גרם,א. סיימן סחר בעמ,FR,חרדל דיזון מיילי מקורי 380 גרם,גרמים,380.00,100 גרם,false,1,16.90,4.4474,true,1,41826
7290008464024,false,"בירה גולדסטאר Unfiltered, בירה לא מסוננת, פחית 500 מ""ל","טמפו משקאות בע""מ",IL,"בירה גולדסטאר לא מסונן פחית 500 מ""ל",מיליליטרים,500.00,"100 מ""ל",false,1,10.90,2.1800,true,1,27495
7290008464109,false,"בירה גולדסטאר Unfiltered, בירה לא מסוננת, בקבוק 330 מ""ל","טמפו משקאות בע""מ",IL,"בירה גולדסטאר ל.מסונן בקבוק 330 מ""ל",מיליליטרים,330.00,"100 מ""ל",false,1,9.90,3.0000,true,1,26122
7290008464130,false,"בירה גולדסטאר Unfiltered, בירה לא מסוננת, מארז שישייה, בקבוק 330 מ""ל",טמפו משקאות בעמ,,בירה גולדסטאר ל.מסונן שישייה בקבוק 330 מ,ליטרים,1.98,ליטר,false,1,48.90,24.6970,true,1,26123
7290008464208,false,"בירה מכבי 7.9%, בירה חזקה, בקבוק 330 מ''ל",פארייפאבה אגרואינדוס,IL,"בירה מכבי 7.9%, בירה חזקה, בקבוק 330 מ''ל",מיליליטרים,330.00,"100 מ""ל",false,1,9.50,2.8788,true,1,28602
7290008464222,false,"בירה מכבי 7.9%, בירה חזקה, פחית 500 מ""ל","טמפו משקאות בע""\מ",IL,"בירה מכבי 7.9%, בירה חזקה, פחית 500 מ""ל",מיליליטרים,500.00,"100 מ""ל",false,1,8.90,1.7800,true,1,30413
7290008464338,false,בירה מכבי בקבוק בודד 330 מל,טמפו משקאות בעמ,IL,בירה מכבי בקבוק 330 מל לאגר בהירה,מיליליטרים,330.00,"100 מ""ל",false,1,9.50,2.8788,true,1,1824
7290008464345,false,"בירה גולדסטאר, בקבוק 330 מ''ל",פארייפאבה אגרואינדוס,IL,"בירה גולדסטאר, בקבוק 330 מ''ל",מיליליטרים,330.00,"100 מ""ל",false,1,8.90,2.6970,true,1,1825
7290008464406,false,פפסי מקס – משקה מוגז דל קלוריות פחיות 300 מל' שישייה,"טמפו משקאות בע""מ",IL,פפסי מקס פחית 330 מל,מיליליטרים,330.00,"100 מ""ל",false,1,6.00,1.8182,true,1,37179
7290008464468,false,בירה בפחית גולדסטאר (500 מל),פארייפאבה אגרואינדוס,IL,"בירה גולדסטאר, פחית 500 מ""ל",מיליליטרים,500.00,"100 מ""ל",false,1,9.90,1.9800,true,1,1827
7290008464475,false,בירה מכבי פחית 500 מ``ל,"טמפו משקאות בע""\מ",IL,"בירה מכבי, פחית 500 מ""ל",מיליליטרים,500.00,"100 מ""ל",false,1,8.90,1.7800,true,1,1828
7290008464505,false,סאן בנדטו מים מינרלים להחזרה 0.5 ל`,אקווה מינרלה סאן בנדטו ב,IT,סן בנדטו 500 מל שישייה,מיליליטרים,500.00,"100 מ""ל",false,1,5.90,1.1800,true,1,2052
7290008464604,false,"בירה הייניקן פחית 500 מ""ל",טמפו משקאות בע''מ,NL,"בירה היינקן, פחית 500 מ""ל",מיליליטרים,500.00,"100 מ""ל",false,1,13.90,2.7800,true,1,2038
7290008464611,false,"הסודה של טמפו, מי סודה בגיזוז חזק, 275 מל",טמפו משקאות בעמ,IL,"הסודה של טמפו, מי סודה בגיזוז חזק, 275 מל",מיליליטרים,275.00,"100 מ""ל",false,1,4.50,1.6364,true,1,39985
7290008464673,false,"בירה גולדסטאר SLOWBREW פחית 10%, 500 מ""ל","טמפו משקאות בע""\מ",IL,גולדסטאר פחית בירה לאגר חזקה מאוד 500 מל,מיליליטרים,500.00,"100 מ""ל",false,1,10.90,2.1800,true,1,41455
7290008464697,false,"בירה מכבי 7.9%, בירה חזקה, מארז שישייה, בקבוק 330 מ""ל",טמפו משקאות בעמ,,"בירה מכבי 7.9% שישייה בקבוק 330 מ""ל",ליטרים,1.98,ליטר,false,1,37.90,19.1414,true,1,28603
7290008464703,false,"שישיית בירה מכבי בקבוק 330 מ""ל",טמפו משקאות בע''מ,,"בירה מכבי מארז שישייה בקבוק 330 מ""ל",ליטרים,1.98,ליטר,false,1,37.90,19.1414,true,1,1829
7290008464734,false,"שישיית בירה גולדסטאר לאגר SLOW BREW בקבוק 330 מ""ל",טמפו משקאות בע''מ,IL,בירה גולדסטאר SLOW BREW שישייה בקבוק 330,ליטרים,1.98,ליטר,false,1,44.90,22.6768,true,1,36170
7290008464741,false,"בירה גולדסטאר, מארז שישייה, בקבוק 330 מ''ל","טמפו משקאות בע""\מ",,"בירה גולדסטאר שישייה בקבוק 330 מ""ל",ליטרים,1.98,ליטר,false,1,39.90,20.1515,true,1,1831
7290008493413,false,פירורי לחם מאיר בייגל פירורי גריסיני 200 גרם,"דנשר (1963) בע,מ",IL,מאיר בייגל פירורי גריסיני 200 גרם,גרמים,200.00,100 גרם,false,1,7.50,3.7500,true,1,14945
7290008590129,false,שעועית ירוקה שלמה שף,משק ויילר,BE,שעועית ירוקה שלמה שף הטבע 800גרם,גרמים,800.00,100 גרם,false,1,12.90,1.6125,true,1,55288
7290008612531,false,"מד חום מהיר גמיש 10 שניות אמ""ר",פארמה פלסט,EG,מד חום מהיר וגמיש 10 שניות,לא מנהל יחידת מידה,0.00,לא מנהל יחידת מידה,false,1,25.90,0.0000,true,1,53348
7290008634045,false,"פלסטר שקוף 30 יחידות ""SUNNY PLASTER""",אינטרסן (1996) בעמ,,פלסטר לילדים סאני 30 יחידות,יחידה,1.00,יחידה,false,1,7.90,7.9000,true,1,26483
7290008644235,false,מבחר עלי בייבי 120 גרם-טעם הטבע,שטראוס בריאות ירקות טריי,IL,מבחר עלי בייבי 120 גרם שטופים שטראוס,גרמים,120.00,100 גרם,false,1,13.90,11.5833,true,1,1840
7290008644945,false,סלט המושבה שטראוס 450 גר`-טעם הטבע,שטראוס בריאות ירקות טריי,IL,סלט המושבה שטופים שטראוס,גרמים,450.00,100 גרם,false,1,12.90,2.8667,true,1,1848
7290008645935,false,אחלה חומוס לניגוב 750 גרם,שטראוס גרופ בעמ/מצונן,IL,חומוס 750 אחלה,גרמים,750.00,100 גרם,false,1,11.90,1.5867,true,1,2903
7290008670012,false,"יין אדום קברנה סוביניון רקנאטי 750 מ""ל",היכל היין שקד גולן בעמ,IL,רקנטי - קברנה סוביניון 2017 750 מל,מיליליטרים,750.00,"100 מ""ל",false,1,64.90,8.6533,true,1,1854
7290008670029,false,"יין אדום מרלו רקנאטי 750 מ""ל",היכל היין שקד גולן בעמ,IL,רקנטי - מרלו 2017 750 מל,מיליליטרים,750.00,"100 מ""ל",false,1,64.90,8.6533,true,1,1855
7290008670142,false,"יין רקנאטי יסמין אדום 2019 750 מ""ל",היכל היין שקד גולן בעמ,IL,רקנטי - יסמין אדום 2017,מיליליטרים,750.00,"100 מ""ל",false,1,43.90,5.8533,true,1,16897
7290008670159,false,"יין לבן יסמין רקנאטי 750 מ""ל",היכל היין שקד גולן בעמ,IL,"יין יסמין לבן רקנאטי 750 מ""ל",מיליליטרים,750.00,"100 מ""ל",false,1,43.90,5.8533,true,1,16898
7290008670210,false,"יין אדום שירז רקנאטי אחים שקד 750 מ""ל",היכל היין שקד גולן בעמ,IL,רקנטי - שיראז 2017 750 מל,מיליליטרים,750.00,"100 מ""ל",false,1,64.90,8.6533,true,1,39031
7290008690713,false,נקטר חמוציות אושן ספריי פריגת (1 ליטר),החברה המרכזית להפצת משקאות בעמ,IL,נקטר אושן ספריי חמוציות 1 ליטר,ליטרים,1.00,ליטר,false,1,15.90,15.9000,true,1,1874
7290008693134,false,מעדן גבינה ויוגורט בטעם תות 5% שומן 88 ג' דניאלה,שטראוס גרופ בעמ/מצונן,IL,דניאלה תות,גרמים,88.00,100 גרם,false,1,4.50,5.1136,true,1,1876
7290008713900,false,לחם שיפון עגול פרוס אחדות (750 גרם),מאפיית אנג'\ל אורנים מאפ,IL,אנג'ל לחם שיפון עגול פרוס 750 גרם,גרמים,750.00,100 גרם,false,1,14.90,1.9867,true,1,18753
7290008745239,false,תפוצ'יפס קראנצ' בטעם טבעי עלית 50 גרם,"שטראוס פריטו ליי בע""\מ )",IL,תפו קראנצ טבעי 50 גר 48 יח - שמיטה,גרמים,50.00,100 גרם,false,1,5.50,11.0000,true,1,1895
7290008747547,false,תפוצ'יפס קראנץ' בטעם טבעי עלית 200 גרם,"שטראוס פריטו ליי בע""\מ )",IL,תפו קראנצ טבעי 200 גר 12 יח - שמיטה,גרמים,200.00,100 גרם,false,1,11.90,5.9500,true,1,21532
7290008752244,false,תפוצ'יפס קראנץ' בטעם גריל עלית 50 גרם,"שטראוס פריטו ליי בע""\מ )",IL,תפו קראנצ גריל 50 גר 48 יח - שמיטה,גרמים,50.00,100 גרם,false,1,5.50,11.0000,true,1,1916
7290008753111,false,תפוצ'יפס קראנץ' בטעם מקסיקני עלית 50 גרם,"שטראוס פריטו ליי בע""\מ )",IL,תפו קראנצ מקסיקני 50 גר 48 יח- שמיטה,גרמים,50.00,100 גרם,false,1,5.50,11.0000,true,1,1920
7290008757010,false,"שוופס ביטר לימון 250 מ""ל - בודד",יפאורה שותפות מובגלת לשיווק,IL,שוופס ביטר למון 250 מל,מיליליטרים,250.00,"100 מ""ל",false,1,8.50,3.4000,true,1,35643
7290008757027,false,"שוופס טוניק 250 מ""ל זכוכית",יפאורה שותפות מובגלת לשיווק,IL,"שוופס טוניק 250 מ""ל זכוכית",מיליליטרים,250.00,"100 מ""ל",false,1,8.50,3.4000,true,1,35636
7290008757034,false,"שוופס סודה זכוכית 250 מ""ל",יפאורה שותפות מוגבלת לשיווק,IL,"שוופס סודה 250 מ""ל זכוכית",מיליליטרים,250.00,"100 מ""ל",false,1,4.50,1.8000,true,1,35637
7290008757980,false,קרטונית ספרינג נקטר רימונים 1 ליטר,יפאורה שותפות מוגבלת לשיווק,IL,ספרינג קרטוניות רימונים 1 ל',ליטרים,1.00,ליטר,false,1,7.60,7.6000,true,1,35608
7290008775816,false,ערגליות עוגיות במילוי שוקולד אסם 300 גרם,קבוצת אוסם סחר שותפות מוגבלת,IL,ערגליות שוקולד 6*300גרם,גרמים,300.00,100 גרם,false,1,12.90,4.3000,true,1,1934
7290008775823,false,ערגליות עוגיות תות שדה אסם 300 גרם,קבוצת אוסם סחר שותפות מוגבלת,IL,ערגליות תות שדה 6*300גרם,גרמים,300.00,100 גרם,false,1,12.90,4.3000,true,1,1935
7290008801010,false,"יין קברנה סוביניון מרלו פרייוט קולקשן 750 מ""ל",אגודת הכורמים -כרמל מזרחי,IL,"יין P.C קברנה מרלו 750 מ""ל",מיליליטרים,750.00,"100 מ""ל",false,1,47.90,6.3867,true,1,1938
7290008801430,false,מיץ ענבים טבעי אדום תירוש,"כד בני דרום בע""מ",IL,"תירוש אדום 750 מ""ל 100% טבעי",מיליליטרים,750.00,"100 מ""ל",false,1,17.90,2.3867,true,1,2292
7290008801522,false,יין קינג דויד קונקורד אדום מתוק 750 מל,אגודת הכורמים הקואופרטיב,IL,כרמל קינג דיויד קונקורד- יין אדום ממותק 750 מל,מיליליטרים,750.00,"100 מ""ל",false,1,32.00,4.2667,true,1,2066
7290008801546,false,יין מוסקט מתוק קינג דיוויד יקבי כרמל,אגודת הכורמים הקואופרטיב,IL,כרמל קינג דויד מוסקט - יין לבן ממותק 750 מל,מיליליטרים,750.00,"100 מ""ל",false,1,34.90,4.6533,true,1,37841
7290008801843,false,סלקטד קברנה סובניון יקבי כרמל (750 מל),אגודת הכורמים בעמ,IL,כרמל סלקטד קברנה סוביניון יין אדום יבש 2017 750 מל,מיליליטרים,750.00,"100 מ""ל",false,1,29.90,3.9867,true,1,1943
7290008802291,false,יין מרלו פרייבט קולקשן יקבי כרמל,אגודת הכורמים הקואופרטיב,IL,כרמל פרייבט קולקשן מרלו 2018 יין אדום יבש 750 מל,מיליליטרים,750.00,"100 מ""ל",false,1,47.90,6.3867,true,1,1945
7290008802895,false,יין קברנה סוביניון פרייבט קולקשן יקבי כרמל,אגודת הכורמים הקאופורטיב,IL,"יין P.C קברנה סוביניון 750 מ""ל",מיליליטרים,750.00,"100 מ""ל",false,1,47.90,6.3867,true,1,1946
7290008803090,false,"יין מרלו קולקשיין הסדרה האזורית כרמל 750 מ""ל",אגודת הכורמים הקואופרטיב,IL,"יין מרלו גליל עליון 750 מ""ל",מיליליטרים,750.00,"100 מ""ל",false,1,59.90,7.9867,true,1,24032
7290008804189,false,יין קברנה סוביניון גליל עליון סדרה אזורית יקבי כרמל,אגודת הכורמים הקואופרטיב,IL,"יין קברנה סוביניון גליל עליון 750 מ""ל",מיליליטרים,750.00,"100 מ""ל",false,1,59.90,7.9867,true,1,24033
7290008804462,false,יין מוסקט קינוח פרייבט קולקשן יקבי כרמל,אגודת הכורמים הקואופרטיב,IL,"יין P.C מוסקט לבן 500 מ""ל",מיליליטרים,500.00,"100 מ""ל",false,1,47.90,9.5800,true,1,35328
7290008804745,false,אזורית גוורצטרמינר יין לבן חצי יבש 750 מ,אגודת הכורמים הקואופרטיב,IL,יין ס.א גוורצטרמינר,מיליליטרים,750.00,"100 מ""ל",false,1,59.90,7.9867,true,1,41321
7290008805049,false,סלקטד זינפנדל סמוק יקבי כרמל (750 מל),"כד בני דרום בע""מ",IL,"יין רוזה חצי יבש יקבי הכרמל 2020, 750 מל",מיליליטרים,750.00,"100 מ""ל",false,1,29.90,3.9867,true,1,38690
7290008805384,false,סלקטד מוסקטו לבן יקבי כרמל (750 מל),אגודת הכורמים הקואופרטיב,IL,כרמל סלקטד מוסקטו יין לבן מבעבע קלות,מיליליטרים,750.00,"100 מ""ל",false,1,29.90,3.9867,true,1,18285
7290008805520,false,"יין קברנה/סוביניון סלקטד כרמל 750 מ""ל",אגודת הכורמים בעמ,IL,"יין קברנה מרלו סלקטד 750 מ""ל",מיליליטרים,750.00,"100 מ""ל",false,1,29.90,3.9867,true,1,15870
7290008806985,false,נישנושים גלידה שוקו וניל בציפוי שוקולד 60 יח' קרמיסימו,"גלידת שטראוס בע""\מ, רחוב",,גלידונית קרמיסימו 1/60 630 גרם פרווה,גרמים,630.00,100 גרם,false,1,52.90,8.3968,true,1,41115
7290008866019,false,ברי עיזים בייבי28% משקל,גבינות יעקבס,IL,"ברי עיזים בייבי יעקובס לק""ג",קילוגרמים,1.00,"ק""ג",true,,149.00,149.0000,true,1,53447
7290008866033,false,מארז גאודה עיזים30% משקל,גבינות יעקבס,IL,"גאודה עיזים יעקובס לק""ג",קילוגרמים,1.00,"ק""ג",true,,159.00,159.0000,true,1,53446
7290008880112,false,מצת קליפר,Flamagas SA Barcelon,,מצת קליפר,לא מנהל יחידת מידה,0.00,לא מנהל יחידת מידה,false,1,6.90,0.0000,false,1,30382
7290008909761,false,"קרלסברג בקבוק יחיד 330מ""ל",החברה המרכזית להפצת משקאות בעמ,IL,"קרלסברג בק 330 מ""ל פקדון",מיליליטרים,330.00,"100 מ""ל",false,1,10.90,3.3030,true,1,14919
7290008909884,false,"קוקה קולה זירו 350 מ""ל בקבוק זכוכית",החברה המרכזית להפצת משקאות בעמ,IL,"קוקה קולה זירו קלאסי 330 מ""ל",מיליליטרים,330.00,"100 מ""ל",false,1,7.50,2.2727,true,1,27491
7290010023141,false,תה לימונענע הגן הקסום ויסוצקי 25 יחידות,תה ויסוצקי (ישראל) בעמ,IL,לימונענע - הגן הקסום,גרמים,55.00,100 גרם,false,1,19.90,36.1818,true,1,15369
7290010117864,false,דוריטוס חטיף תירס בטעם חריף אש עלית 70 גרם,"שטראוס פריטו ליי בע""\מ )",IL,דוריטוס חריף אש 70 גרם,גרמים,70.00,100 גרם,false,1,5.50,7.8571,true,1,30238
7290010117970,false,סבבה בוטנים קלויים מצופים - אריזה אישית,"שטראוס פריטו ליי בע""מ",IL,בוטנים אמריקאים סבבה 50 גרם,גרמים,50.00,100 גרם,false,1,2.90,5.8000,true,1,17391
7290010133536,false,סיגריה אלקטרונית חפ,קלאס ספא,CN,סיגריה אלקטרונית ח״פ אייס אוכמניות 3000 שאיפות,יחידה,1.00,יחידה,false,1,99.90,99.9000,true,1,54947
7290010133543,false,סיגריה אלקטרונית חפ,קלאס ספא,CN,סיגריה אלקטרונית ח״פ אייס ענבים 3000 שאיפות,יחידה,1.00,יחידה,false,1,99.90,99.9000,true,1,54948
7290010133567,false,סיגריה אלקטרונית חפ,קלאס ספא,CN,סיגריה אלקטרונית ח״פ אייס בננה 3000 שאיפות,יחידה,1.00,יחידה,false,1,99.90,99.9000,true,1,54951
7290010133581,false,סיגריה אלקטרונית סמא,shenzhen hot technol,CN,סיגריה אלקטרונית סמארט תות אייס 3000 שאיפות,יחידה,1.00,יחידה,false,1,99.90,99.9000,true,1,55311
7290010133598,false,סיגריה אלקטרונית סמא,shenzhen hot technol,CN,סיגריה אלקטרונית סמארט מנגו אייס 3000 שאיפות,יחידה,1.00,יחידה,false,1,99.90,99.9000,true,1,55314
7290010133604,false,סיגריה אלקטרונית סמא,shenzhen hot technol,CN,סיגריה אלקטרונית סמארט ענבים אייס 3000 שאיפות,יחידה,1.00,יחידה,false,1,99.90,99.9000,true,1,55309
7290010133611,false,סיגריה אלקטרונית סמא,shenzhen hot technol,CN,סיגריה אלקטרונית סמארט פירות אייס 3000 ש,יחידה,1.00,יחידה,false,1,99.90,99.9000,true,1,55308
7290010140732,false,טבליות לעיסהטאמס בטע,גלקסמן סמית קליים,,טבליות לעיסהטאמס בטעם פירות יער,גרמים,750.00,100 גרם,false,1,35.50,4.7333,true,1,41341
7290010154005,false,סחוג תימני תבליני ביטון יוחאי (250 גרם),תבליני יוחאי ביטון,IL,סחוג תימני 250 גרם,גרמים,250.00,100 גרם,false,1,16.90,6.7600,true,1,1603
7290010154012,false,לימון בלאדי תבליני ביטון יוחאי (250 גרם),נטו מלינדה סחר בע`מ,IL,לימון כבוש בלאדי 250 גרם,גרמים,250.00,100 גרם,false,1,16.90,6.7600,true,1,1604
7290010154036,false,עמבה תבליני ביטון יוחאי (250 גרם),נטו מילנדה סחר בעמ*,IL,ביטון יוחאי המקורי עמבה סלט מנגו וחילבה 250 גרם,גרמים,250.00,100 גרם,false,1,15.90,6.3600,true,1,4752
7290010154241,false,סלט חזרת ביתית תבליני ביטון יוחאי (250 ג,נטו מלינדה סחר בע`מ,IL,ביטון יוחאי המקורי סלט חזרת 250 גרם,גרמים,250.00,100 גרם,false,1,16.90,6.7600,true,1,22126
7290010154265,false,פלפל צ`ומה תבליני ביטון יוחאי (250 גרם),תבליני יוחאי ביטון,IL,"פלפל צ""ומה 250 גרם",גרמים,250.00,100 גרם,false,1,16.90,6.7600,true,1,3496
7290010154678,false,אריסה מרוקאית תבליני ביטון 250 גרם,תבליני יוחאי ביטון,IL,אריסה מרוקאית 250 גרם,גרמים,250.00,100 גרם,false,1,16.90,6.7600,true,1,39600
7290010154685,false,סלט שום כתוש 250 ג' ביטון יוחאי,תבליני ביטון יוחאי,IL,ביטון יוחאי המקורי סלט שום כתוש 250 גרם,גרמים,250.00,100 גרם,false,1,17.50,7.0000,true,1,39601
7290010163069,false,צנובר 100 גרם שקית שקדיה,דין שיווק וקליה 2021 בעמ,IL,צנובר 100 גרם,גרמים,100.00,100 גרם,false,1,29.90,29.9000,true,1,52863
7290010173044,false,"יין בר הרי גליל מרלו 750 מ""ל",היכל היין שקד גולן בעמ,IL,"הרי גליל מרלו יין אדום יבש, 750 מל",מיליליטרים,750.00,"100 מ""ל",false,1,44.90,5.9867,true,1,2238
7290010173068,false,יין בר הרי גליל קברנה סוביניון 750 מל,היכל היין שקד גולן בעמ,IL,יקבי הרי גליל קברנה סוביניון 750 מל,מיליליטרים,750.00,"100 מ""ל",false,1,44.90,5.9867,true,1,5615
7290010192816,false,תמר מג'הול ללא גלעין 45,תימורת הערבה,IL,תמר מגהול ללא גלעין 45 גרם,גרמים,45.00,100 גרם,false,1,5.90,13.1111,true,1,53942
7290010237531,false,משקה מוגז בטעם קולה פפסי (500 מל),סנו מפעלי ברונוס.,IL,פפסי 500 מל בקבוק,מיליליטרים,500.00,"100 מ""ל",false,1,5.00,1.0000,true,1,20863
7290010237548,false,"פפסי מקס דל קלוריות 500 מ""ל בקבוק",טמפו משקאות בע`מ,IL,פפסי מקס בקבוק 500 מל,מיליליטרים,500.00,"100 מ""ל",false,1,5.00,1.0000,true,1,20864
7290010237562,false,משקה מוגז בטעם תפוזים מירנדה (500 מל),טמפו משקאות בע`מ,IL,מירינדה 500 בקבוק 24 יח',מיליליטרים,500.00,"100 מ""ל",false,1,5.00,1.0000,true,1,20865
7290010237685,false,"הייניקן בירה צואר ארוך 330מ""ל",טמפו משקאות בע''מ,IL,"בירה היינקן, בקבוק 330 מ''ל",מיליליטרים,330.00,"100 מ""ל",false,1,10.90,3.3030,true,1,2906
7290010237890,false,"בירה הייניקן בקבוק 500 מ""ל חוזר",טמפו משקאות בע''מ,IL,"בירה היינקן, בקבוק חוזר 500 מ""ל",מיליליטרים,500.00,"100 מ""ל",false,1,10.00,2.0000,true,1,2910
7290010259823,false,מנת השף נודלס בטעם עוף וילי פוד (70 גרם),ג. וילי-פוד אינטרנשיונל בע`מ,TH,מנת השף- מרק עם נודלס בטעם עוף,גרמים,70.00,100 גרם,false,1,6.90,9.8571,true,1,3112
7290010259830,false,מנת השף נודלס בסגנון סיני פיקנטי וילי פוד 70 גרם,ג. וילי-פוד אינטרנשיונל בע`מ,TH,ויליפוד מנת השף נודלס בטעם סיני-פיקנטי 70 גרם,גרמים,70.00,100 גרם,false,1,6.90,9.8571,true,1,7244
7290010259861,false,מנת השף מרק עם נודלס בטעם ירקות ויליפוד 70 גרם,ג. וילי-פוד אינטרנשיונל בע`מ,TH,מנת השף מרק עם נודלס בטעם ירקות 70 גרם,גרמים,70.00,100 גרם,false,1,6.90,9.8571,true,1,4852
7290010259977,false,שמן קנולה מזוכך ויליפוד 1 ליטר,ג.וילי-פוד אינטרנשיונל ***שמן,PL,שמן קנולה מזוכך 1 ליטר,ליטרים,1.00,ליטר,false,1,9.90,9.9000,true,1,31603
7290010328246,false,טחינה גולמית משומשום מלא אחווה 500 גרם,אחדות ביתחרושת לטחינה חלבה,IL,טחינה שומשום מלא אחווה 500 גרם,גרמים,500.00,100 גרם,false,1,15.90,3.1800,true,1,32783
7290010328468,false,מארז מיני חלווה אחוה בטעמים 18 יחידות 216 גרם,אחדות ביחר לטחינה חל,IL,"אחוה חטיפי מיני חלוה פיסטוק, וניל וקקאו 18 יחידות",גרמים,216.00,100 גרם,false,1,13.90,6.4352,true,1,29775
7290010328505,false,"מארז מיני חלווה 15 יחידות לל""ס אחוה 150 גרם",אחדות ביחר לטחינה חל,,חלבה אחוה מיני ללא סוכר 150 גרם,גרמים,150.00,100 גרם,false,1,13.90,9.2667,true,1,29776
7290010417315,false,יקבי רמת הגולן גולן,יקבי רמת הגולן קצרין,,"יין גולן מרלו 750 מ""ל",מיליליטרים,750.00,"100 מ""ל",false,1,49.90,6.6533,true,1,3125
7290010429554,false,"שמן זית כתית מעולה יד מרדכי 2 קלאסי, 750 מ""ל",מכוורת יד מרדכי שטראוס ב,IL,"שמן זית כתית מעולה 2 קלאסי 750 מ""ל יד מר",מיליליטרים,750.00,"100 מ""ל",false,1,36.90,4.9200,true,1,16044
7290010471669,false,יוגורט תות עם קורנפלקס מצופה שוקולד ללא גלוטן 3.9%,שטראוס גרופ בעמ/מצונן,IL,דנונה בר תות קורנפלקס,גרמים,175.00,100 גרם,false,1,4.90,2.8000,true,1,2644
7290010577804,false,דקסמול 16 קפליות,דקסל,,דקסמול 16 קפליות,לא מנהל יחידת מידה,0.00,לא מנהל יחידת מידה,false,1,11.90,0.0000,true,1,33007
7290010609734,false,אייס לי משקה להקפאה בטעמי פירות - מארז 8 יח',דודו הדיל בעמ,IL,"שלוקים אייס לי 800 מ""ל",מיליליטרים,800.00,"100 מ""ל",false,1,5.90,0.7375,true,1,42604
7290010613953,false,טאצ' דלי מטליות לחות לניקוי וחיטוי בניחוח מלון בוטיק 250 יח',סאסאטק אגשח בעמ,IL,טאצ דלי מטליות בניחוח מלון בוטיק 250 מטר,מטרים,250.00,מטר,false,1,19.90,0.0796,true,1,52492
7290010627844,false,טחינה גולמית שומשום מלא ירושלים 500גרם,תה ויסוצקי (ישראל) בעמ,IL,טחינה ירושלים 500 גרם שומשום מלא,גרמים,500.00,100 גרם,false,1,16.90,3.3800,true,1,48333
7290010650019,false,אנדיב בלגי אמיתי חוות תקוע,חוות פטריות תקוע בעמ*קונסיגנצי,IL,לבבות חסה אנדיב,גרמים,300.00,100 גרם,false,1,14.90,4.9667,true,1,37729
7290010650033,false,בצלצלי שלוט מגשית 350 גר,ביכורי השדה צפון 1994 ג.ד. בעמ,IL,בצלצלי שאלוט ארוז ליח,יחידה,0.00,יחידה,false,1,14.90,0.0000,true,1,36159
7290010657254,false,סרדין קזבלנקה בשמן ס,יוניון דה פחריס,,סרדינים בשמן צמחי 125 גרם,גרמים,125.00,100 גרם,false,1,6.90,5.5200,true,1,35014
7290010657292,false,צלפים בחומץ צנצנת 35,פ.ח סאנצאס,,צלפים בחומץ צנצנת 350 גרם,גרמים,350.00,100 גרם,false,1,15.90,4.5429,true,1,35013
7290010657490,false,סרדין קזבלנקה בשמן ח,יוניון דה פחריס,,סרדינים בשמן חריף 125 גרם,גרמים,125.00,100 גרם,false,1,6.90,5.5200,true,1,35016
7290010699001,false,נר מותגים מיקי מאוס 1/24,סודי,,נר ליצן עם מספר,Unknown,0.00,Unknown,false,1,8.80,0.0000,true,1,19370
7290010748891,false,אפקטיב קר קרם גוף מולטי ויטמין לעור רגיל יבש ח 7,פישר תעשיות פרמצבטיות בעמ,IL,"אפקטיב קר קרם גוף לעור רגיל 700 מ""ל",מיליליטרים,700.00,"100 מ""ל",false,1,29.90,4.2714,true,1,41277
7290010777099,false,פיתות בעבודת יד פיתה אקספרס 8 יחידות,מגוון שיווק והפצת מאפים בעמ,,מארז שמיניית פיתות,גרמים,800.00,100 גרם,false,1,12.90,1.6125,true,1,32981
7290010777150,false,שמניית פיתה בריבוע מחיטה מלאה פיתה אקספרס,מגוון שיווק והפצת מאפים בעמ,,פיתה מיוחדת חיטה מלאה 8 יחידות,גרמים,800.00,100 גרם,false,1,15.90,1.9875,true,1,32974
7290010777242,false,עשיירית פיתה מחמצת פיתה אקספרס,מגוון שיווק והפצת מאפים בעמ,IL,פיתה קריצה מחמצת 10יח,גרמים,1100.00,100 גרם,false,1,17.90,1.6273,true,1,54547
7290010777297,false,פיתות עבודת יד10 יח'/ פיתה ביס לבן 12 יח',מגוון שיווק והפצת מאפים בעמ,,פיתה מיוחדת עשירייה,גרמים,600.00,100 גרם,false,1,16.90,2.8167,true,1,32978
7290010777327,false,פיתות קלות 79קלוריות10יח,מגוון שיווק והפצת מא,,מארז פיתה קלה 600 גרם,גרמים,600.00,100 גרם,false,1,13.90,2.3167,true,1,32980
7290010777358,false,מארז שמיניית פיתות 100% כוסמין מלא,מגוון שיווק והפצת מאפים בעמ,,פיתה כוסמין 8 יח בשקית 400 גרם,גרמים,400.00,100 גרם,false,1,17.90,4.4750,true,1,32972
7290010777488,false,ביס מקמח מלא מחמצת 99 קלוריות 10 יח`,מגוון שיווק והפצת מאפים בעמ,IL,פיתות מחמצת 100% קמח מלא 10 יח,גרמים,420.00,100 גרם,false,1,17.90,4.2619,true,1,54546
7290010777525,false,מארז שישייה פיתות כוסמין פיתה אקספרס,מגוון שיווק והפצת מאפים בעמ,IL,פיתות 100% כוסמין דק 99 קל 6 יח,גרמים,300.00,100 גרם,false,1,17.90,5.9667,true,1,54545
7290010791545,false,מזון חתולים לה קט דליקטס פטה כבד 85 גרם,דיפלומט מפיצים (1968) בעמ**,TH,לה קט דליקטס פטה כבד עוף 85גרם,גרמים,85.00,100 גרם,false,1,5.90,6.9412,true,1,5858
7290010791552,false,לה-קט דליקטס טונה ברוטב 85 גר',דיפלומט מפיצים (1968) בעמ**,TH,לה קט דליקטס טונה ברוטב 85 גרם,גרמים,85.00,100 גרם,false,1,5.90,6.9412,true,1,5859
7290010791576,false,מזון חתולים לה קט דליקטס דגי אוקיאנוס 85 גרם,דיפלומט מפיצים (1968) בעמ**,TH,לה קט דליקטס אוצרות הים 85 גרם,גרמים,85.00,100 גרם,false,1,5.90,6.9412,true,1,5860
7290010822096,false,"סיידר הגליל, מיץ תפוחים מוגז, 275 מל","טמפו משקאות בע""\מ",IL,"סיידר תפוח מוגז בקבוק 275 מ""ל",מיליליטרים,275.00,"100 מ""ל",false,1,7.50,2.7273,true,1,41350
7290010849505,false,די לואיג`י רוסו דולצ`ה 750 מל למברוסקו,הכרם - משקאות חריפים בעמ,IT,"למברוסקו די לואיגי אדום 750 מ""ל",מיליליטרים,750.00,"100 מ""ל",false,1,37.90,5.0533,true,1,21118
7290010849512,false,למברוסקו די לואיג`י קאוויקיולי (750 מל),הכרם - משקאות חריפים בעמ,IT,"למברוסקו די לואיגי רוזה 750 מ""ל",מיליליטרים,750.00,"100 מ""ל",false,1,37.90,5.0533,true,1,22134
7290010849529,false,די לואיג`י ביאנקו 750 מל למברוסקו,הכרם - משקאות חריפים בעמ,IT,"למברוסקו די לואיגי ביאנקו 750 מ""ל",מיליליטרים,750.00,"100 מ""ל",false,1,37.90,5.0533,true,1,24015
7290010859283,false,פניסטיל גל 30 גרם,נוברטיס,,"פניסטיל ג""ל",Unknown,0.00,Unknown,false,1,39.90,0.0000,true,1,33021
7290010859306,false,"אוטריוין למבוגרים 10 מ""ל",נוברטיס,,אוטריוין מבוגרים,Unknown,0.00,Unknown,false,1,29.90,0.0000,true,1,33019
7290010859320,false,"אוטריוין מנטול 10 מ""ל",נוברטיס,,אוטריוין מנטול,Unknown,0.00,Unknown,false,1,34.00,0.0000,true,1,33020
7290010883356,false,כפפות אלוורה רב שימושיות גדולות L סנו סושי,החברה הדרומית לשיווק בעמ,CN,L-סושי כפפות אלוורה,לא מנהל יחידת מידה,0.00,לא מנהל יחידת מידה,false,1,12.50,0.0000,true,1,7108
7290010883370,false,כפפות אלוורה רב שימושיות בינוניות M סנו סושי,החברה הדרומית לשיווק בעמ,CN,סושי כפפות אלוורה רב שימושיות - M,Unknown,0.00,Unknown,false,1,12.50,0.0000,true,1,6472
7290010945146,false,קוטג' 3% מועשר בסידן טרה 250 ג' מהדרין,*החברה המרכזית להפצת משקאותבעמ,,קוטג מועשר 3% טרה 250 גרם,גרמים,250.00,100 גרם,false,1,6.50,2.6000,true,1,3197
7290010945450,false,גבינה לבנה 3% 250 גר מועשר בסידן וויטמין,*החברה המרכזית להפצת משקאותבעמ,,גבינה לבנה 3% 250 גרם,גרמים,250.00,100 גרם,false,1,4.80,1.9200,true,1,3326
7290011017866,false,פחית קולה סליק קוקה-קולה (330 מל),החברה המרכזית להפצת משקאות בעמ,IL,"סליק קוקה קולה 330 מ""ל מבצע",מיליליטרים,330.00,"100 מ""ל",false,1,5.90,1.7879,true,1,25355
7290011017873,false,פחית זירו סליק קוקה-קולה (330 מל),החברה המרכזית להפצת משקאות בעמ,IL,"סליק קולה ZERO 330 מ""ל מבצע",מיליליטרים,330.00,"100 מ""ל",false,1,5.90,1.7879,true,1,25356
7290011017880,false,פחית דיאט קולה סליק קוקה-קולה (330 מל),החברה המרכזית להפצת משקאות בעמ,IL,"סליק דק""ק 330 מ""ל מבצע",מיליליטרים,330.00,"100 מ""ל",false,1,5.90,1.7879,true,1,25357
7290011018184,false,תה קר בטעם אפרסק פיוז-טי (500 מל),החברה המרכזית להפצת משקאות בעמ,IL,FUZE tea אפרסק 0.5 ליטר,מיליליטרים,500.00,"100 מ""ל",false,1,8.50,1.7000,true,1,25336
7290011018214,false,פיוז טי תה קר בטעם מנגו אננס,פארייפאבה אגרואינדוס,IL,פיוזטי מנגו אננס 0.5 ליטר,מיליליטרים,500.00,"100 מ""ל",false,1,8.50,1.7000,true,1,25339
7290011018368,false,ויינשטפן בירת חיטה לא מסוננת,החברה המרכזית להפצת משקאות בעמ,DE,Weihenstephan - בירת חיטה מעוננת,ליטרים,1.98,ליטר,false,1,64.90,32.7778,true,1,26219
7290011018474,false,"סומרסבי סיידר תפוחים אלכוהולי 300 מ""ל",החברה המרכזית להפצת משקאות בעמ,HR,"סומרסבי סיידר בקבוק 330 מ""ל",מיליליטרים,330.00,"100 מ""ל",false,1,9.90,3.0000,true,1,28582
7290011018832,false,"קוקה קולה פרידגפק סליק 330 מ""ל שישייה",החברה המרכזית להפצת משקאות בעמ,IL,"ק""ק 6 FRIDGE-PACK מבצע",ליטרים,1.98,ליטר,false,1,24.90,12.5758,true,1,32935
7290011018917,false,ק.קולה זירו פרידגפק סליק 330 מל שישייה,החברה המרכזית להפצת משקאות בעמ,IL,"מארז ק""ק ZERO 6 פח FRIDGE-PACK מבצע",ליטרים,1.98,ליטר,false,1,24.90,12.5758,true,1,32937
7290011018924,false,"מארז פחיות דיאט קוקה קולה שישייה 330 מ""ל",החברה המרכזית להפצת משקאות בעמ,IL,דקק 6 פח FRIDGE Pack מבצע,ליטרים,1.98,ליטר,false,1,24.90,12.5758,true,1,32936
7290011064020,false,בולגרית בעיר מעדן גבינה למריחה 200 גרם,גבינות עמיר ניצן בעמ,,גבינה בולגרית בעיר 200 גרם,גרמים,200.00,100 גרם,false,1,14.90,7.4500,true,1,18149
7290011064075,false,מעדן לבנה מסבחה -אבו גוש 200 גרם,גבינות עמיר ניצן בעמ,,גבינת לאבנה אבו גוש פלוס 200 גרם,גרמים,200.00,100 גרם,false,1,14.90,7.4500,true,1,18153
7290011064099,false,ירקות או פרות ממולאים במעדן גבינה ניצן 125 גרם,גבינות אמיר ניצן בעמ,,טאפס שכונתי 125 גרם,גרמים,125.00,100 גרם,false,1,21.50,17.2000,true,1,24003
7290011064273,false,מעדן חמאה עם פורציני100ג,גבינות אמיר ניצן בעמ,,חמאת פורציני 100 גרם,גרמים,100.00,100 גרם,false,1,21.50,21.5000,true,1,33278
7290011064327,false,פתיתי בולגרית פסטו 200 ג,גבינות אמיר ניצן בעמ,IL,מעדן פתיתי בולגרית פסטו 200 גרם,גרמים,200.00,100 גרם,false,1,19.90,9.9500,true,1,38709
7290011081492,false,גלידה בטעם שלושה שוקולדים 1.33ל' קרמיסימו,"גלידת שטראוס בע""\מ, רחוב",IL,מעדן קפוא קרמיסימו 3 שוקולדים 1.33 ל',ליטרים,1.33,ליטר,false,1,27.90,20.9774,true,1,6881
7290011126452,false,הגן הקסום תה בטעם קמומיל ונענע ויסוצקי 25 יחידות,תה ויסוצקי (ישראל) בעמ,IL,"קמומיל ונענע ""הגן הקסוםC24 ?",גרמים,37.00,100 גרם,false,1,19.90,53.7838,true,1,8624
7290011126469,false,חליטת צמחים וקמומיל הגן הקסום ויסוצקי 25 יחידות,תה ויסוצקי (ישראל) בעמ,IL,"קמומיל ודבש ""הגן הקסוםC24 ?",גרמים,37.00,100 גרם,false,1,19.90,53.7838,true,1,8625
7290011126957,false,תה ירוק ארל גריי ויסוצקי 25 יחידות,תה ויסוצקי (ישראל) בעמ,IL,תה ירוק ארל גריי T.T,גרמים,37.00,100 גרם,false,1,26.90,72.7027,true,1,18557
7290011131050,false,גרנולה בתוספת פקאן 1 קילו גרין,ויטליאה ניקולה דו,MK,גרנולה פלוס צימוקים ופקאן 1 קג,קילוגרמים,1.00,"ק""ג",false,1,28.90,28.9000,true,1,50642
7290011131371,false,מוזלי קראנצ`י שקדים ואגוזים גרין (1 קג),ויטליאה ניקולה דו,MK,מוזלי פלוס אגוזים ושקדים 1 קג,קילוגרמים,1.00,"ק""ג",false,1,25.90,25.9000,true,1,31144
7290011131388,false,מיזלי 1 קג קרנצ תפוח&קינמ,ויטליאה ניקולה דו,MK,"מוזלי קרנצי תפוחים קינמון גרין 1 ק""ג",קילוגרמים,1.00,"ק""ג",false,1,25.90,25.9000,true,1,31142
7290011131395,false,מוזלי קראנצ`י 30% פירות גרין (1 קג),ויטליאה ניקולה דו,MK,גרין מוזלי קראנצ'י בתוספת 30% פירות 1 קג,קילוגרמים,1.00,"ק""ג",false,1,25.90,25.9000,true,1,31143
7290011132019,false,גולדסטאר בלאק רוסט ב,טמפו משקאות בעמ,IL,"גולדסטאר בלאק רוסט בקבוק 330 מ""ל",מיליליטרים,330.00,"100 מ""ל",false,1,8.90,2.6970,true,1,54529
7290011132309,false,"שישיית בירה גולדסטאר 330 מ""ל מהדורת Black roast","טמפו משקאות בע""\מ",IL,"גולדסטאר בלאק רוסט שישייה בקבוק 330 מ""ל",ליטרים,1.98,ליטר,false,1,36.90,18.6364,true,1,54530
7290011132507,false,סן בנדטו- מים מנרליים - מוגז עדין 500 מל,אקווה מינרלה סאן בנדטו ב,IT,סן בנדטו מוגז 500 מל,מיליליטרים,500.00,"100 מ""ל",false,1,4.90,0.9800,true,1,23558
7290011133634,false,"פפסי מקס פחית צרה מארז שישייה 330 מ""ל","טמפו משקאות בע""\מ",IL,פפסי מקס פחית צרה 330 שישייה,ליטרים,1.98,ליטר,false,1,19.90,10.0505,true,1,49709
7290011142704,true,לחם שיפון La Farina,לה פרינה,IL,לחם שיפון La Farina,גרמים,0.00,100 גרם,false,1,21.90,0.0000,true,1,47663
7290011142711,true,לחם שיפון כפרי La Fa,לה פרינה,IL,לחם שיפון כפרי La Farina,לא מנהל יחידת מידה,0.00,לא מנהל יחידת מידה,false,1,21.90,0.0000,true,1,47664
7290011142728,true,לחם שיפון ביתי La Fa,לה פרינה,IL,לחם שיפון ביתי La Farina,Unknown,0.00,Unknown,false,1,21.90,0.0000,true,1,47665
7290011142742,true,לחם שיפון 100% La Fa,לה פרינה,IL,לחם שיפון 100% La Farina,לא מנהל יחידת מידה,0.00,לא מנהל יחידת מידה,false,1,27.90,0.0000,true,1,47667
7290011142780,true,לחם משפחתי La Farina,לה פרינה,IL,לחם משפחתי La Farina,לא מנהל יחידת מידה,0.00,לא מנהל יחידת מידה,false,1,27.90,0.0000,true,1,47669
7290011148959,false,פלפל טינקרבל- 200 גר- מרינה,"מרינה פטריות הגליל בע""מ",IL,פלפל טינקרבל יחידה,גרמים,500.00,100 גרם,false,1,14.90,2.9800,true,1,25121
7290011153885,false,נייר אכיל ממותג דיסני,שמחה זה אנחנו בע`מ,,נייר אכיל ממותג .,Unknown,0.00,Unknown,false,1,19.90,0.0000,true,1,17993
7290011194246,false,קוטג 5% 250 גרם עם סידן שטראוס,שטראוס גרופ בעמ/מצונן,IL,קוטג' 5% 250 גרם,גרמים,250.00,100 גרם,false,1,5.90,2.3600,true,1,3275
7290011223038,false,בונומי עלים לקרמשניט שכבות אפויות מבצק עלים 300 גרם,דנשר (1963) בעמ,IT,עלים לקרמשניט בונומי 300 גרם,גרמים,300.00,100 גרם,false,1,16.90,5.6333,true,1,33139
7290011223045,false,בישקוטים ליידיפינגרז בונומי (200 גרם),דנשר (1963) בעמ,IT,בונמי בישקוטים 200 גרם,גרמים,200.00,100 גרם,false,1,8.90,4.4500,true,1,24528
7290011223205,false,ריבת חלב ארגנטינאית 454 גרם,אשבל מזון פונקציונלי,IL,ריבת חלב ארגנטינאית דולקור 454 גרם,גרמים,454.00,100 גרם,false,1,17.50,3.8546,true,1,31838
7290011239213,false,עמוס חטיפים מתוקים מ,סוכניות עמוס ממתקים בעמ,,חטיף מתוק מחרום 100 גר,גרמים,100.00,100 גרם,false,1,6.70,6.7000,true,1,26001
7290011312282,false,"חציל מובחר לק""ג",מרינה,IL,"חציל מובחר לק""ג",קילוגרמים,1.00,"ק""ג",true,,10.90,10.9000,true,1,20806
7290011312305,false,כרוב לבן,מרינה,IL,כרוב לבן,קילוגרמים,1.00,"ק""ג",true,,6.50,6.5000,true,1,20803
7290011363178,false,לימוסין בטעם לימון,גלקסמן סמית קליים,,לימוסין בטעם לימון,לא מנהל יחידת מידה,7.50,לא מנהל יחידת מידה,false,1,30.50,4.0667,true,1,41342
7290011378028,false,חלבה קלאסית וניל ללא תוספת סוכר בארכה 350 גרם,קבוצת אסם סחר שות. מוגבלת,IL,בארכה חלבה וניל ללא סוכר כלפ.8*350גרם,גרמים,350.00,100 גרם,false,1,16.90,4.8286,true,1,8388
7290011378257,false,חטיף חלבה בטעם וניל ללא תוספת סוכר בתוספת פיסטוק ופקאן,קבוצת אוסם סחר-שות.מוגבלת,IL,בארכה בקטנה מאגדת פקאן ללא סוכר12 7*18ג,גרמים,120.00,100 גרם,false,1,13.90,11.5833,true,1,26750
7290011378769,false,חטיף חלווה וניל בארכה 126 גרם מארז 7 יחידות,קבוצת אוסם סחר שותפות מוגבלת,IL,בארכה בקטנה מאגדת וניל כלפ.12 7*18גרם,גרמים,120.00,100 גרם,false,1,13.90,11.5833,true,1,25561
7290011378776,false,חטיף חלווה פיסטוק בארכה 126 גרם מארז 7 יחידות,קבוצת אוסם סחר שותפות מוגבלת,IL,בארכה בקטנה מאגדת פיסטוק כלפ.12 7*18גרם,גרמים,120.00,100 גרם,false,1,13.90,11.5833,true,1,25575
7290011379025,false,פלפל צילי אדום חריף,"מרינה פטריות הגליל בע""מ",IL,פלפל צילי יח,גרמים,150.00,100 גרם,false,1,7.90,5.2667,true,1,25577
7290011379926,false,סלרי עלים ארוז יח,"מרינה פטריות הגליל בע""מ",IL,סלרי עלים ארוז יח,גרמים,400.00,100 גרם,false,1,5.90,1.4750,true,1,22463
7290011438142,false,"משקה יטבתה אייס קפה בבקבוק אישי 350 מ""ל",שטראוס גרופ בעמ/מצונן,IL,"אייס קפה 350 מ""ל",מיליליטרים,350.00,"100 מ""ל",false,1,6.90,1.9714,true,1,6004
7290011499051,false,פטה כבשים מסורתית 20% בגביע 250 גרם - רובין,מחלבות גד שיווק 1992 בעמ,IL,פטה כבשים גבינה מלוחה במי מלח,גרמים,250.00,100 גרם,false,1,27.90,11.1600,true,1,3589
7290011499105,false,בולגרית מסורתית 5% 250 גרם -רבנות,מחלבות גד שיווק 1992 בעמ,IL,גבינה בולגרית 5% 250 גרם,גרמים,250.00,100 גרם,false,1,28.90,11.5600,true,1,3777
7290011499112,false,בולגרית מסורתית 16% 250 גרם - רבנות,מחלבות גד שיווק 1992 בעמ,IL,בולגריות מיוצרת בשיטה מסורתית 16% 250 גרם,גרמים,250.00,100 גרם,false,1,28.90,11.5600,true,1,14871
7290011499129,false,גבינה בולגרית מעודנת קוביות קטנות 5% גד 200 גרם,מחלבות גד שיווק 1992 בעמ,IL,קוביות בולגרית מעודנת,גרמים,200.00,100 גרם,false,1,24.90,12.4500,true,1,5998
7290011499327,false,גבינה בולגרית מעודנת 5% 250 גרם - רבנות,מחלבות גד שיווק 1992 בעמ,IL,גד גבינת בולגרית מעודנת מחלב בקר במי מלח 5% שומן,גרמים,250.00,100 גרם,false,1,28.90,11.5600,true,1,16963
7290011499341,false,גבינת קשקבל ארוז 26 אחוז 250גרם גד,מחלבות גד שיווק 1992 בעמ,,גבינת קאשקבל 200 גרם,גרמים,200.00,100 גרם,false,1,29.90,14.9500,true,1,17321
7290011499358,false,פטה עיזים מסורתית 20% בגביע 200 גרם - רובין,מחלבות גד שיווק 1992 בעמ,IL,מחלבות גד גבינת פטה עיזים 20% שומן,גרמים,200.00,100 גרם,false,1,30.90,15.4500,true,1,17322
7290011499365,false,גבינת חלומי 24% מחלב בקר גד (200 גרם),מחלבות גד שיווק 1992 בעמ,IL,גד גבינת חלומי קשה מחלב בקר 24% שומן 200 גרם,גרמים,200.00,100 גרם,false,1,23.90,11.9500,true,1,17323
7290011499419,false,גבינה במרקם שמנת בטעם טבעי 5% ניו יורק,מחלבות גד שיווק 1992 בעמ,IL,גד מרקם שמנת ניו יורק 5% 200 גרם,גרמים,200.00,100 גרם,false,1,12.90,6.4500,true,1,20128
7290011499525,false,גבינת לאבנה דרוזית 9% גד 500 גרם,מחלבות גד שיווק 1992 בעמ,IL,גבינת לאבנה דרוזית מחלב בקר 9% 500 גרם,גרמים,500.00,100 גרם,false,1,23.90,4.7800,true,1,20764
7290011499624,false,שמנת 30% ניו יורק טבעי 200 גרם רבנות,מחלבות גד שיווק 1992 בעמ,IL,"גד, גבינת שמנת בטעם טבעי 30% , 200 גרם",גרמים,200.00,100 גרם,false,1,14.90,7.4500,true,1,23119
7290011499846,false,גבינת ריקוטה פרסקה 9% גד (300 גרם),מחלבות גד שיווק 1992 בעמ,IL,גבינת ריקוטה פרסקה 9% 300 גרם גד,גרמים,300.00,100 גרם,false,1,19.90,6.6333,true,1,23142
7290011501617,false,חמוציות ברכז תפוחים ללא סוכר 250 גרם,דין שיווק וקליה 2021 בעמ,IL,חמוציות ברכז תפוחים ללא סוכר 250 גרם,גרמים,250.00,100 גרם,false,1,18.90,7.5600,true,1,53366
7290011502874,false,דלישס גרנולה עם פירות יבשים 500גר,"דין שיווק וקליה בע""מ",,גרנולה פירות יבשים 500 גרם שקדיה,גרמים,500.00,100 גרם,false,1,14.90,2.9800,true,1,18403
7290011505011,false,אטב פרמיום כחול/לבן הוסטס,אינטרסן (1996) בעמ,,אטבי פרימיום כחול / לבן הוסטס,Unknown,0.00,Unknown,false,1,3.90,0.0000,true,1,23888
7290011505400,false,כוסות יין הוסטס 50 י,,,כוסות יין הוסטס 50 יח,Unknown,0.00,Unknown,false,1,3.90,0.0000,true,1,23923
7290011505493,false,כף מהודרת עבה במיוחד הוסטס 50 יח',הוסטס,,כפות מהודר עבה במיוחד 50 יחידות,לא מנהל יחידת מידה,0.00,לא מנהל יחידת מידה,false,1,12.90,0.0000,true,1,36928
7290011505509,false,מזלגות מהודר עבה במי,הוסטס,,מזלגות מהודר עבה במיוחד 50 יחידות,לא מנהל יחידת מידה,0.00,לא מנהל יחידת מידה,false,1,12.90,0.0000,true,1,36925
7290011505516,false,סכין מהודר עבה במיוחד 50 יחידות הוסטס,הוסטס Hostess,,סכינים מהודר עבה במיוחד 50 יחידות,לא מנהל יחידת מידה,0.00,לא מנהל יחידת מידה,false,1,12.90,0.0000,true,1,36926
7290011515683,false,מאגדת טילון אקסטרים וניל נסטלה 6 יחידות,נגה גלידות שותפות מוגבלת,IL,אקסטרים טילון וניל בדצ מאח.5 6*72גרם,גרמים,432.00,100 גרם,false,1,39.50,9.1435,true,1,14250
7290011598211,false,"סנו - אנטי קאלק מרסס ניקוי כללי 4 ב-1 700 מ""ל",החברה הדרומית לשיווק בעמ,IL,אנטי קאלק מרסס כללי רב שימושי 4 ב 1 700 מל,מיליליטרים,700.00,"100 מ""ל",false,1,19.90,2.8429,true,1,14948
7290011607180,false,"אבקת כביסה קולון 101 1.25 ק""ג",רקיט בנקיזר (ניר איסט) בעמ,IL,"אבקת כביסה קולון 1.25 ק""ג",קילוגרמים,1.25,"ק""ג",false,1,14.90,11.9200,true,1,20081
7290011615260,false,"טורטייה 20 ס""מ קוטר וילי פוד 540 גר",ג.וילי פוד אינטרנשיונל בעמ,TR,ויליפוד עלי טורטיה 540 ג 12 יחידות,גרמים,540.00,100 גרם,false,1,12.90,2.3889,true,1,39942
7290011695651,false,צנימים עגולים 300 גרם נאמן,נאמן לאורך זמן בעמ,,צנימים עגולים,גרמים,300.00,100 גרם,false,1,15.90,5.3000,true,1,42443
7290011723200,false,טחינה הר ברכה 100% שומשום טהור 500 גר,טחינה הר ברכה בעמ,,טחינת הר ברכה 500גרם,גרמים,500.00,100 גרם,false,1,19.90,3.9800,true,1,29814
7290011765200,false,"סנו מדיק ג'ל לניקוי ידיים עם אולוורה 300 מ""ל",החברה הדרומית לשיווק בעמ,IL,סנו מדיק ג'ל לניקוי ידיים ללא מים 300 מל,מיליליטרים,300.00,"100 מ""ל",false,1,26.90,8.9667,true,1,49173
7290011765217,false,"סנו מדיק ג'ל לניקוי ידיים אלוורה 100 מ""ל",החברה הדרומית לשיווק בעמ,IL,"סנו מדיק ג""ל לניקוי ידיים 100",מיליליטרים,100.00,"100 מ""ל",false,1,12.90,12.9000,true,1,37027
7290011765446,false,משחת שיניים לילדים בוב ספוג בטעם מיץ ענבים עם פלואוריד למניעת עששת,טרופיקל דגיל תעשיות קוסמ,IL,משחת שיניים אורביטול בוב ספוג 70 גרם,גרמים,70.00,100 גרם,false,1,10.90,15.5714,true,1,6480
7290011800840,false,רפי כהן סלט טחינה בלאדי צבר 400 גרם,קבוצת אוסם סחר שותפות מוגבלת,IL,טחינה לבנה 400 גרם,גרמים,400.00,100 גרם,false,1,18.90,4.7250,true,1,20046
7290011870225,false,סוללות פוג'יקום AAA רביעייה,פוג'יקום,,סוללות פוזיקום 4AAA,יחידה,1.00,יחידה,false,1,9.90,9.9000,true,1,36863
7290011870256,false,AA סוללות פוגיקום 4 יחידות,פוגיקום בעמ,,מארז 4 פוגיקום AA,יחידה,1.00,יחידה,false,1,9.90,9.9000,true,1,36862
7290011870270,false,פוג'יקום סוללות מארז 12 יח' AA,פוגיקום בעמ,,סוללות פוזיקום 12AA,לא מנהל יחידת מידה,0.00,לא מנהל יחידת מידה,false,1,19.90,0.0000,true,1,36866
7290011870737,false,סוללה פוגיקום בינוני,פוג'יקום,,סוללות פוזיקום C,יחידה,1.00,יחידה,false,1,21.90,21.9000,true,1,36864
7290011870744,false,9V סוללת פוגיקום מרובעת,פוג'יקום,,סוללות פוזיקום 9V,יחידה,1.00,יחידה,false,1,19.90,19.9000,true,1,36861
7290011877859,false,סנו אינסטלטור חדש פותח סתימות 200ג',החברה הדרומית לשיווק בעמ,IL,"פותח סתימות אינסטלטור 200 גר """,גרמים,200.00,100 גרם,false,1,17.90,8.9500,true,1,17507
7290011923266,false,סלק אדום אורגני 225,ליב,LT,סלק אדום אורגני מקולף ומבושל,גרמים,225.00,100 גרם,false,1,11.90,5.2889,true,1,49799
7290011923273,false,טופו אורגני ליב (300 גרם),ל.י.ב. (לחיות יותר בטבע) בעמ,IL,ליב טופו אורגני 300 גרם,גרמים,300.00,100 גרם,false,1,13.50,4.5000,true,1,35421
7290011923303,false,טופו טבעי ליב (300 גרם),ל.י.ב. (לחיות יותר בטבע) בעמ,IL,ליב טופו בטעם טבעי 300 גרם,גרמים,300.00,100 גרם,false,1,11.90,3.9667,true,1,35437
7290011947262,false,זית ירוק בתיבול גלילי215,זיתא - י.ט.ב תעשיות,IL,זית ירוק גלילי זיתא 215 גרם,גרמים,215.00,100 גרם,false,1,14.90,6.9302,true,1,27380
7290011947309,false,זיתים מצוננים סורי מבוקע ולימון כבוש זיתא 230 ג',תה ויסוצקי (ישראל) בעמ,IL,זית ירוק עם לימון כבוש זיתא 230 גרם,גרמים,230.00,100 גרם,false,1,14.90,6.4783,true,1,27378
7290011947316,false,זיתא זיתי קלמטה בשמן זית כתית מעולה 215ג,תה ויסוצקי (ישראל) בעמ,IL,זית קלמטה בשמן זית כתית מעולה,גרמים,217.00,100 גרם,false,1,14.90,6.8664,true,1,37377
7290011947781,false,מיקס זית ירוק וזית קלמטה ללא גלעין עם שמן זית כתית מעולה,תה ויסוצקי (ישראל) בעמ,IL,זית ירוק קלמטה ללא גלעין מיקס זיתא190גרם,גרמים,190.00,100 גרם,false,1,14.90,7.8421,true,1,50844
7290011947798,false,זית קלמטה ללא גלעין עם שמן זית כתית מעולה,תה ויסוצקי (ישראל) בעמ,IL,זית קלמטה ללא גלעין זיתא 190 גרם,גרמים,190.00,100 גרם,false,1,14.90,7.8421,true,1,50843
7290011947859,false,שמן כתית מעולה עם מיצוי טבעי של פלפל צי,סטאר סנקס,IL,זיתא שמן כתית מעולה פסטו,מיליליטרים,240.00,"100 מ""ל",false,1,21.90,9.1250,true,1,52279
7290011947866,false,זיתא מיקס זיתים בפח 250 גרם,תה ויסוצקי (ישראל) בעמ,GR,מיקס זיתים בפח,גרמים,440.00,100 גרם,false,1,16.90,3.8409,true,1,51939
7290011947873,false,זית קלמטה בפח זיתא 440 גר,תה ויסוצקי (ישראל) בעמ,GR,זיתי קלמטה בפח,גרמים,440.00,100 גרם,false,1,16.90,3.8409,true,1,51940
7290011947903,false,מיקס זיתים יווני זיתא 215 גרם,תה ויסוצקי (ישראל) בעמ,IL,זיתים מיקס יווני זיתא 215 גרם,גרמים,215.00,100 גרם,false,1,14.90,6.9302,true,1,51986
7290011947934,false,זית ירוק ענק וזית סו,זיתא - י.ט.ב תעשיות,IL,זית ירוק ענק וזית סורי מבוקע גדול מאוד,גרמים,215.00,100 גרם,false,1,14.90,6.9302,true,1,53100
7290011947965,false,זית זיתא מיקס מגולען,זיתא - י.ט.ב תעשיות,IL,מיקס זיתים ירוק וקלמטה ללא גלעין זיתא 215גרם,גרמים,215.00,100 גרם,false,1,14.90,6.9302,true,1,53818
7290011947989,false,זית זיתא ירוק מגולען,זיתא - י.ט.ב תעשיות,IL,זית ירוק ללא גלעין שום ושמן זית זיתא 215,גרמים,215.00,100 גרם,false,1,14.90,6.9302,true,1,53816
7290011959692,false,גלידה ביסקולידה ביג,תות תעשיות מזון (201,IL,נסטלה ביסקולידה ביג בדצ 36*72גרם,לא מנהל יחידת מידה,0.00,לא מנהל יחידת מידה,false,1,7.90,0.0000,true,1,20138
7290011996031,false,אטריות ביצים טעמי אסיה (454 גרם),טחנת האבן קואופ בעמ,,אטריות ביצים 454 גרם,גרמים,454.00,100 גרם,false,1,9.10,2.0044,true,1,20192
7290011996062,false,אורז לבן עגול מתאים להכנת סושי,טחנת האבן קואופ בעמ,,"אורז לסושי 1 ק""ג",קילוגרמים,1.00,"ק""ג",false,1,16.50,16.5000,true,1,20187
7290011996123,false,אצות לסושי נורי גולד 10 יחידות,טחנת האבן קואופ בעמ,,דפי אצות ים נורי 10 יח,גרמים,25.00,100 גרם,false,1,14.90,59.6000,true,1,38439
7290011996277,false,מחצלת עגולה לגלגול סושי,טחנת האבן קואופ בעמ,,מחצלת לסושי אסיה,יחידה,1.00,יחידה,false,1,7.90,7.9000,true,1,20206
7290011996758,false,קמח טמפורה כשר מזרח ומערב 500 גר`,טחנת האבן קואופ בעמ,,קמח טמפורה 500 גרם,גרמים,500.00,100 גרם,false,1,11.90,2.3800,true,1,26899
7290011996789,false,פנקו פירורי לחם בסגנון יפני,טחנת האבן קואופ בעמ,,פירורי לחם יפניים פנקו 200 גרם,גרמים,200.00,100 גרם,false,1,9.90,4.9500,true,1,20236
7290011996819,false,"מקלוני אטריות שעועית 250 גרם ""אסיה""",טחנת האבן קואופ בעמ,,אטריות סיניות מקלוני שעועית 250 גרם,גרמים,250.00,100 גרם,false,1,7.80,3.1200,true,1,20214
7290012001994,false,חרדל דיז'ון גרעינים 350 ג' ריין דיזון,דיפלומט מפיצים (1968) בעמ**,FR,חרדל דיגון גרעינים 350 גרם כפ,גרמים,350.00,100 גרם,false,1,14.90,4.2571,true,1,21878
7290012019258,false,מחית תפוחי עץ רביעיה 4 * 113 ג' תומר,תומר ייבוא ושיווק מוצרי מזון [,,מחית תפוחי עץ רביעייה 452 גרם,גרמים,452.00,100 גרם,false,1,13.90,3.0752,true,1,31246
7290012040474,false,טבק מרלבורו רד PP חפיסה,,,טבק מרלבורו רדPP חפיסה,יחידה,1.00,יחידה,false,1,79.90,79.9000,true,1,48218
7290012040511,false,טבק נקסט פיין PP חפיסה,פיליפס,,טבק נקסט פייןPP חפיסה,יחידה,1.00,יחידה,false,1,84.90,84.9000,true,1,48219
7290012116735,false,נייר טואלט דו שכבתי גליל כפול - מארז 24 גלילים,החברה הדרומית לשיווק בעמ,IL,נ ט סופט גליל גמבו 24 יחידות,מטרים,90000.00,מטר,false,1,45.90,0.0005,true,1,46884
7290012117428,false,"ג'ל רחצה ושמפו מעיינות מנטה קרמה מן 700 מ""ל",החברה הדרומית לשיווק בעמ,IL,קרמה מן שמפו וג'ל 2 ב-1 מנטה 700 מ''ל,מיליליטרים,700.00,"100 מ""ל",false,1,17.90,2.5571,true,1,19998
7290012117534,false,מרכך כביסה מרוכז תכלת קול סנו מקסימה 1 ליטר,החברה הדרומית לשיווק בעמ,IL,מקסימה מרכך כביסה מרוכז (COOL) 1 ליטר,ליטרים,1.00,ליטר,false,1,18.90,18.9000,true,1,47207
7290012117558,false,מקסימה מרכך כביסה מרוכז ורוד בניחוח מאסק סנו 1 ליטר,החברה הדרומית לשיווק בעמ,IL,מרכך מרוכז מאסק 1ליטר 40 כביסות,ליטרים,1.00,ליטר,false,1,18.90,18.9000,true,1,21791
7290012139499,false,בג עצם לחוצה מעושנת בציפוי עוף 5 מקט ח,דיפלומט מפיצים (1968) בעמ**,,"בונזו ג""וי עצם לחוצה מעושנת בצ",גרמים,160.00,100 גרם,false,1,21.90,13.6875,true,1,52874
7290012139567,false,בונזו ג'וי ביסקוויט עוף 122 גרם,דיפלומט מפיצים (1968) בעמ**,,"מזון כלבים בונזו ג""וי ביסקוויט עוף 90 גר",גרמים,90.00,100 גרם,false,1,19.90,22.1111,true,1,22378
7290012226021,false,נקניק סלמי מעושן פראג זוגלובק (400 גרם),נקניק נהריה כשר זוגל,IL,זוגלובק סלמי מעושן פראג 400 גרם א.מ.,גרמים,400.00,100 גרם,false,1,22.90,5.7250,true,1,41373
7290012226076,false,נקניק חרמון הודו ועוף זוגלובק 200 ג',זוגלובק,IL,זוגלובק חרמון הודו ועוף 200 גרם,גרמים,200.00,100 גרם,false,1,15.50,7.7500,true,1,42598
7290012226120,false,קבנוס זוגלובק (45x3 גרם),נקניק נהריה כשר זוגל,IL,זוגלובק קבנוס 135 גרם,גרמים,135.00,100 גרם,false,1,13.90,10.2963,true,1,25813
7290012226342,true,נקניקיה מן הצומח זוג,זוגלובק,IL,נקניקיה מן הצומח זוגלוס 460גרם,גרמים,460.00,100 גרם,false,1,31.90,6.9348,true,1,39594
7290012226922,false,קבנוס בטעם שום זוגלובק (45x3 גרם),נקניק נהריה כשר זוגל,IL,זוגלובק קבנוס עם שום 135 גרם,גרמים,135.00,100 גרם,false,1,13.90,10.2963,true,1,23926
7290012226939,false,קבנוס עם צ'ילי חריף זוגלובק 135 גרם,נקניק נהריה כשר זוגל,IL,זוגלובק קבנוס עם צ'ילי חריף 135 גרם,גרמים,135.00,100 גרם,false,1,13.90,10.2963,true,1,23927
7290012227172,false,חרמן הודו בדבש וברביקיו זוג במארז 600 ג' זוגלובק,נקניק נהריה כשר זוגל,IL,כפריות פסטרמות הודו דבש+ברביקיו זוגלובק,גרמים,600.00,100 גרם,false,1,34.90,5.8167,true,1,40877
7290012227325,false,סלמי דק דק מעושן איטלקי 120 ג' זוגלובק,זוגלובק שיווק בעמ,IL,זוגלובק סלמי מעושן איטלקי 120 גרם דק דק דק,גרמים,120.00,100 גרם,false,1,14.90,12.4167,true,1,38141
7290012227974,false,פסטרמה הודו בדבש טהור דק דק דק,זוגלובק שיווק בעמ,IL,זוגלובק פסטרמה בדבש 120 גרם דק דק דק,גרמים,120.00,100 גרם,false,1,14.90,12.4167,true,1,38143
7290012227981,false,פסטרמה דק דק ברביקיו 120 ג' זוגלובק,זוגלובק שיווק בעמ,IL,זוגלובק פסטרמה ברביקיו 120 גרם דק דק דק,גרמים,120.00,100 גרם,false,1,14.90,12.4167,true,1,38144
7290012227998,false,פסטרמה דק דק חזה בקר 120 ג' זוגלובק,זוגלובק שיווק בעמ,IL,זוגלובק חזה בקר 120 גרם דק דק דק,גרמים,120.00,100 גרם,false,1,14.90,12.4167,true,1,38142
7290012228230,false,פסטרמה חזה עוף דק דק דק,זוגלובק,IL,פסטרמה חזה עוף דק דק 120 גרם,גרמים,120.00,100 גרם,false,1,14.90,12.4167,true,1,38145
7290012228261,false,נקנקיות קנקרס הודו ועוף ריינהולד'ס זוגלובק 300 ג',זוגלובק שיווק בעמ,IL,זוגלובק נקניקיות הודו פרמיום קנקרס ריינהולד'ס,גרמים,300.00,100 גרם,false,1,20.90,6.9667,true,1,35859
7290012228278,false,נקניקיות בוקוורסט הודו ובקר סדרת ריינהולדס 310 גרם,זוגלובק שיווק בעמ,IL,זוגלובק נקניקיות הודו -בקר (בוקוורסט) ריינהולדס,גרמים,310.00,100 גרם,false,1,20.90,6.7419,true,1,35858
7290012228704,true,נקניקיות סוסג ספרדית,זוגלובק,IL,נקניקיות סוסג ספרדית חריפה 310גרם - ריי,גרמים,310.00,100 גרם,false,1,19.90,6.4194,true,1,41214
7290012228971,false,סלמי תה פפרוני 180 גר`זוגלובק,זוגלובק שיווק בעמ,IL,סלמי תה פפרוני זוגלובק 180 גרם,גרמים,180.00,100 גרם,false,1,15.90,8.8333,true,1,53355
7290012228988,false,חרמון הודו ועוף בדבש זוגלובק 200 ג',זוגלובק שיווק בעמ,IL,חרמון הודו ועוף בדבש זוגלובק 200 גרם,גרמים,200.00,100 גרם,false,1,15.90,7.9500,true,1,53356
7290012245176,false,וופל ציפס קריספי קפוא 700ג,קפוא זן תעשיות מזון בעמ,BE,CHIPS וופל ציפס קריספי 700גרם,גרמים,700.00,100 גרם,false,1,14.90,2.1286,true,1,54108
7290012245183,false,צ'יפס קריספי קלאסי 700 גרם,קפוא זן תעשיות מזון בעמ,BE,CHIPS ציפס קריספי קלאסי700גרם,גרמים,700.00,100 גרם,false,1,12.90,1.8429,true,1,54109
7290012306518,false,פריכיות אורז מלא מכב,מכבים,,פריכיות אורז מלא מכבים 200 גרם,גרמים,200.00,100 גרם,false,1,15.70,7.8500,true,1,29900
7290012306532,false,מעיין פריכיות כוסמת 150 גר' עם מלח,כל בו מכבי,,פריכיות כוסמת עם מלח 150 גרם,גרמים,150.00,100 גרם,false,1,15.70,10.4667,true,1,28703
7290012306631,false,פריכיות מלוח אורז מל,מכבים,,פריכיות מלוח אורז מלא מכבים 200 גרם,גרמים,200.00,100 גרם,false,1,15.70,7.8500,true,1,29899
7290012309311,false,ערמונים קלופים שלמים 100 גר`,דין שיווק וקליה 2021 בעמ,,ערמונים מקולפים 105 גרם,גרמים,105.00,100 גרם,false,1,5.90,5.6190,true,1,27678
7290012309939,false,חלווה מסולסלת בקופסא ששון הקולה 500 גרם,דין שיווק וקליה 2021 בעמ,IL,חלבה מסולסלת 500 גרם ששון הקולה,גרמים,500.00,100 גרם,false,1,15.90,3.1800,true,1,28539
7290012384011,true,בגט כפרי La Farina,לה פרינה,IL,בגט כפרי La Farina,לא מנהל יחידת מידה,0.00,לא מנהל יחידת מידה,false,1,11.90,0.0000,true,1,47670
7290012384028,true,חלה קלועה La Farina,לה פרינה,IL,חלה קלועה La Farina,לא מנהל יחידת מידה,0.00,לא מנהל יחידת מידה,false,1,17.90,0.0000,true,1,47671
7290012384059,true,לחם כפרי אגוזים וצימ,לה פרינה,IL,לחם כפרי אגוזים וצימוקים La Farina,לא מנהל יחידת מידה,0.00,לא מנהל יחידת מידה,false,1,21.90,0.0000,true,1,47673
7290012384066,true,לחם איטלקי La Farina,לה פרינה,IL,לחם איטלקי La Farina,לא מנהל יחידת מידה,0.00,לא מנהל יחידת מידה,false,1,21.90,0.0000,true,1,47674
7290012384073,true,לחם בצל La Farina,לה פרינה,IL,לחם בצל La Farina,לא מנהל יחידת מידה,0.00,לא מנהל יחידת מידה,false,1,21.90,0.0000,true,1,47675
7290012384103,true,לחם דגנים מלא La Far,לה פרינה,IL,לחם דגנים מלא La Farina,לא מנהל יחידת מידה,0.00,לא מנהל יחידת מידה,false,1,21.90,0.0000,true,1,47677
7290012384110,true,לחם זיתים La Farina,לה פרינה,IL,לחם זיתים La Farina,לא מנהל יחידת מידה,0.00,לא מנהל יחידת מידה,false,1,21.90,0.0000,true,1,47678
7290012384127,true,לחם כפרי La Farina,לה פרינה,IL,לחם כפרי La Farina,לא מנהל יחידת מידה,0.00,לא מנהל יחידת מידה,false,1,21.90,0.0000,true,1,47679
7290012384134,true,לחם כוסמין La Farina,לה פרינה,IL,לחם כוסמין La Farina,לא מנהל יחידת מידה,0.00,לא מנהל יחידת מידה,false,1,21.90,0.0000,true,1,47680
7290012384141,true,מארז לחמניות La Far,לה פרינה,IL,מארז לחמניות La Farina,לא מנהל יחידת מידה,0.00,לא מנהל יחידת מידה,false,1,18.90,0.0000,true,1,47681
7290012384479,true,עוגת שמרים תפוח La F,לה פרינה,IL,עוגת שמרים תפוח La Farina,Unknown,0.00,Unknown,false,1,41.90,0.0000,true,1,47701
7290012384493,true,עוגת שמרים חלבה שוקו,לה פרינה,IL,עוגת שמרים חלבה שוקולד La Farina,Unknown,0.00,Unknown,false,1,41.90,0.0000,true,1,47702
7290012384523,true,עוגת גזר La Farina,לה פרינה,IL,עוגת גזר La Farina,Unknown,0.00,Unknown,false,1,41.90,0.0000,true,1,47705
7290012384547,true,עוגת שוקולד פאדג La,לה פרינה,IL,עוגת שוקולד פאדג La Farina,Unknown,0.00,Unknown,false,1,41.90,0.0000,true,1,47707
7290012384561,true,עוגת שמרים גבינה La,לה פרינה,IL,עוגת שמרים גבינה La Farina,Unknown,0.00,Unknown,false,1,41.90,0.0000,true,1,47709
7290012384592,true,עוגת שמרים שוקולד La,לה פרינה,IL,עוגת שמרים שוקולד La Farina,יחידה,0.00,יחידה,false,1,41.90,0.0000,true,1,47712
7290012384608,true,עוגת תפוז La Farina,לה פרינה,IL,עוגת תפוז La Farina,Unknown,0.00,Unknown,false,1,41.90,0.0000,true,1,47713
7290012384622,true,עוגת מוקה פאדג La Fa,לה פרינה,IL,עוגת מוקה פאדג La Farina,Unknown,0.00,Unknown,false,1,41.90,0.0000,true,1,47715
7290012384660,true,עוגיות גרנולה ללא תו,לה פרינה,IL,עוגיות גרנולה ללא תוספת סוכר La Farina,Unknown,0.00,Unknown,false,1,38.90,0.0000,true,1,47717
7290012384783,true,עוגיות מעדן חלבה La,לה פרינה,IL,עוגיות מעדן חלבה La Farina,Unknown,0.00,Unknown,false,1,38.90,0.0000,true,1,47725
7290012384813,true,עוגיות פנה פורטה La,לה פרינה,IL,עוגיות פנה פורטה La Farina,Unknown,0.00,Unknown,false,1,38.90,0.0000,true,1,47726
7290012384868,false,עוגת פיננסייר La Farina,לה פרינה,IL,עוגיות פיננסייר,גרמים,200.00,100 גרם,false,1,38.90,19.4500,true,1,49006
7290012384929,true,עוגת לימון La Farina,לה פרינה,IL,עוגת לימון La Farina,Unknown,0.00,Unknown,false,1,41.90,0.0000,true,1,47732
7290012385247,true,עוגיות בישקוטי ללא ת,לה פרינה,IL,עוגיות בישקוטי ללא תוספת סוכר La Farina,Unknown,0.00,Unknown,false,1,38.90,0.0000,true,1,47737
7290012404177,false,"שוופס Fruits תפוח זכוכית 330 מ""ל",יפאורה שותפות מוגבלת לשיווק,IL,"שוופס מוגז פירות תפוחים 330 מ""ל זכוכית",מיליליטרים,330.00,"100 מ""ל",false,1,6.90,2.0909,true,1,35647
7290012404184,false,שוופס מוגז פירות לימונים 330 מל,יפאורה שותפות מוגבלת לשיווק,IL,"שוופס מוגז פירות לימונים 330 מ""ל זכוכית",מיליליטרים,330.00,"100 מ""ל",false,1,6.90,2.0909,true,1,35645
7290012404955,false,נקטר חמוציות ספרינג קולקשן (1.25 ליטר),יפאורה - שותפות מוגבלת לשיווק,IL,ספרינג Collection נקטר חמוציות 1.25 ל',ליטרים,1.25,ליטר,false,1,15.90,12.7200,true,1,35615
7290012404993,false,נקטר דיאט חמוציות ספרינג קולקשן 1.25 ליטר,יפאורה - שותפות מוגבלת לשיווק,IL,ספרינג Collection נקטר דיאט חמוציות 1.25 ל',ליטרים,1.25,ליטר,false,1,15.00,12.0000,true,1,35614
7290012413643,false,תה ירוק קמומיל 25 שקיקים ויסוצקי,תה ויסוצקי (ישראל) בעמ,IL,תה ירוק קמומיל T.T,גרמים,37.00,100 גרם,false,1,26.90,72.7027,true,1,25573
7290012483233,false,אנשובי ארוך בשמן זית בצנצנת ויליפוד 80 גרם,נמצאו,ES,אנשובי ארוך בשמן זית 80 גרם,גרמים,80.00,100 גרם,false,1,14.90,18.6250,true,1,20685
7290012522581,false,טבעול שניצל תירס ללא גלוטן טבעול 664 גרם,קבוצת אוסם סחר-שות.מוגבלת,IL,שניצל תירס ללא גלוטן 660 גרם,גרמים,660.00,100 גרם,false,1,31.90,4.8333,true,1,24605
7290012525452,false,טילון אקסטרים נוק אאוט שוקו וניל 70ג',גלידות נסטלה )נגה גלידות,IL,אקסטרים טילון שוקו וניל בדצ 24*70גרם-חדש,גרמים,70.00,100 גרם,false,1,7.90,11.2857,true,1,24449
7290012553011,false,מדליק פחם נוזלי 200,אמנון,,"מדליק פחם נוזלי 200 מ""ל",מיליליטרים,200.00,"100 מ""ל",false,1,12.90,6.4500,true,1,27460
7290012561405,false,בצל קצוץ ומטוגן דורות (180 גרם),קבוצת אוסם סחר שותפות מוגבלת,IL,בצל חצי מטוגן 180 גרם,גרמים,180.00,100 גרם,false,1,12.50,6.9444,true,1,32957
7290012576607,false,"יין קברנה סוביניון פרמייר מלבק אדום ברקן 750 מ""ל","ברקן שיווק והפצה בע""",IL,ברקן פרימייר קברנה סובניון אדום 750 מ,מיליליטרים,750.00,"100 מ""ל",false,1,26.90,3.5867,true,1,27497
7290012576614,false,יין Premieur לבן חצי יבש אמרלד ריזלינג קולומברד,יקבי ברקן שיווק והפצה בע,IL,"יין פרמייר ריזלינג 750 מ""ל",מיליליטרים,750.00,"100 מ""ל",false,1,26.90,3.5867,true,1,27496
7290012588259,false,"כדורגל מים מינרליים 500 מ""ל -בודד",נרה קריטיס אס איי באריפט,GR,מים מינרלים טבעיים כדורגל 500 מל,מיליליטרים,500.00,"100 מ""ל",false,1,2.50,0.5000,true,1,38586
7290012588570,false,ווטר בוקס מי מעיין 5,בורסה פזרי,IE,"ווטר בוקס מי מעיין 500 מ""ל",מיליליטרים,500.00,"100 מ""ל",false,1,6.90,1.3800,true,1,55607
7290012645051,false,יוגורט עיזים בגביע 350 גר`חלב הארץ,שטראוס גרופ בעמ/מצונן,IL,יוגורט עיזים בגביע 350 גר,גרמים,350.00,100 גרם,false,1,12.50,3.5714,true,1,49455
7290012645112,false,יוגורט עיזים 2.8% בדלי חלב הארץ 750 גרם,שטראוס גרופ בעמ/מצונן,IL,"יוגורט עיזים 750 מ""ל",מיליליטרים,750.00,"100 מ""ל",false,1,21.90,2.9200,true,1,48856
7290012645129,false,יוגורט כבשים 5% בדלי חלב הארץ 750 גרם,שטראוס גרופ בעמ/מצונן,IL,"יוגורט כבשים 750 מ""ל",מיליליטרים,750.00,"100 מ""ל",false,1,21.50,2.8667,true,1,50733
7290012645174,false,גבינת עיזים 5% חלב הארץ 200 גרם,שטראוס גרופ בעמ/מצונן,IL,גבינת עיזים 5% חלב הארץ 200גרם,גרמים,200.00,100 גרם,false,1,14.90,7.4500,true,1,54252
7290012645181,false,לאבנה עיזים 5% חלב הארץ 200 גרם,שטראוס גרופ בעמ/מצונן,IL,לאבנה עיזים 5% חלב הארץ 200גרם,גרמים,200.00,100 גרם,false,1,14.90,7.4500,true,1,54253
7290012645389,false,יוגורט עיזים טבעי 1 ליטר בבקבוק חלב האר,שטראוס גרופ בעמ/מצונן,IL,חלב הארץ יוגורט עיזים 1 ליטר בבקבוק,ליטרים,1.00,ליטר,false,1,23.90,23.9000,true,1,37944
7290012724817,false,נענע יח בשקית,"מרינה פטריות הגליל בע""מ",IL,נענע ארוז ליח,גרמים,70.00,100 גרם,false,1,5.90,8.4286,true,1,27214
7290012724824,false,שמיר טרי ארוז,"מרינה פטריות הגליל בע""מ",IL,שמיר ארוז ליח,גרמים,70.00,100 גרם,false,1,5.90,8.4286,true,1,27211
7290012724831,false,כוסברה ארוז ליח,"מרינה פטריות הגליל בע""מ",IL,כוסברה ארוז ליח,גרמים,70.00,100 גרם,false,1,4.90,7.0000,true,1,27212
7290012724848,false,פטרוזיליה יח בשקית,"מרינה פטריות הגליל בע""מ",IL,פטרוזיליה ארוז ליח,גרמים,70.00,100 גרם,false,1,5.90,8.4286,true,1,27213
7290012738562,false,מצות יהודה מקמח כוסמ,מצות יהודה,IL,מצות יהודה מקמח כוסמין אורגני,גרמים,300.00,100 גרם,false,1,25.90,8.6333,true,1,41498
7290012759017,false,חטיף אישי קשיו שקד פיסטוק 50 גר' - ממה,טחנת האבן קואופ בעמ,,חטיף אנרגיה מיקס ממה 50 גרם,גרמים,50.00,100 גרם,false,1,8.50,17.0000,true,1,19744
7290012759031,false,חטיף אישי בננה פקאן 50 גר' - ממה,טחנת האבן קואופ בעמ,,חטיף אנרגיה בננה ופקאן ממה אישי 50 גרם,גרמים,50.00,100 גרם,false,1,8.50,17.0000,true,1,21310
7290012759253,false,טראפלס תמרים וקקאו 280 גר' - ממה,ממה חטיפי אנרגיה,,טרפלס תמרים וקקאו 280 גרם,גרמים,280.00,100 גרם,false,1,34.90,12.4643,true,1,27915
7290012759444,false,טרפלס חמאת בוטנים 28,ממה חטיפי אנרגיה,,טרפלס חמאת בוטנים 280 גרם,גרמים,280.00,100 גרם,false,1,32.90,11.7500,true,1,32596
7290012759529,false,טראפלס שקדים וטחינה 280 גר' - ממה,ממה חטיפי אנרגיה,,טרפלס טחינה ושקדים 280 גרם,גרמים,280.00,100 גרם,false,1,34.90,12.4643,true,1,36882
7290012759659,false,משפחתית בראוניז תמר שוקולד קוקוס ואגוז מלך 240 גר' - ממה,ממה חטיפי אנרגיה,IL,עוגיות בראוניז קוקוס ואגוז מלך 240 גרם,גרמים,240.00,100 גרם,false,1,26.90,11.2083,true,1,46799
7290012759666,false,משפחתית בראוניז תמר שוקולד פקאן ופולי קקאו 240 גר' - ממה,ממה חטיפי אנרגיה,IL,עוגיות בראוניז פקאן ופולי קקאו 240 גרם,גרמים,240.00,100 גרם,false,1,26.90,11.2083,true,1,46798
7290012759673,false,משפחתית בראוניז חמאת בוטנים קשיו וגוג'י ברי 240 גר' - ממה,ממה חטיפי אנרגיה,IL,עוגיות בראוניז חמאת בוטנים 240 גרם,גרמים,240.00,100 גרם,false,1,26.90,11.2083,true,1,46797
7290012759710,false,חטיף בראוניז קוקוס ו,ממה חטיפי אנרגיה,IL,חטיף בראוניז קוקוס ואגוז מלך 50 גרם,גרמים,50.00,100 גרם,false,1,8.90,17.8000,true,1,46796
7290012759727,false,חטיף בראוניז תמר שוקולד פקאן ופולי קקאו 40 גר' - ממה,טחנת האבן קואופ בעמ,IL,חטיף בראוניז פקאן ופולי קקאו 50 גרם,גרמים,50.00,100 גרם,false,1,8.90,17.8000,true,1,46795
7290012759949,false,חטיף אישי חלבון תמר לוז וצ`יה 50 גר`,טחנת האבן קואופ בעמ,IL,מארז חטיף חלבון תמר קרם לוז יה עם חלבון,גרמים,50.00,100 גרם,false,1,10.90,21.8000,true,1,50845
7290012759956,false,חטיף אישי חלבון תמר פקאן וקשיו 50 גר`,טחנת האבן קואופ בעמ,IL,מארז חטיף חלבון תמר פקאן עם חלבון,גרמים,50.00,100 גרם,false,1,10.90,21.8000,true,1,50846
7290012779152,false,ראשי באק צוי מהדרין,מרינה פטריות הגליל,IL,עלי חסה פאק צוי 200 גרם,גרמים,200.00,100 גרם,false,1,13.90,6.9500,true,1,51513
7290012803765,false,טוסו שוקולד מריר ללא תוספת סוכר 100 גרם,אלטינמארקה גידה סאן,TR,טוסו שוקולד מריר ללא תוספת סוכר 100 גרם,גרמים,100.00,100 גרם,false,1,11.90,11.9000,true,1,25545
7290012803772,false,טוסו שוקולד חלב ללא תוספת סוכר 100 גרם,אלטינמארקה גידה סאן,TR,טוסו שוקולד חלב ללא תוספת סוכר 100 גרם,גרמים,100.00,100 גרם,false,1,11.90,11.9000,true,1,25546
7290012823381,false,מקסימה מרכך כביסה מרוכז סנסטיב בייבי סנו 1 ליטר,החברה הדרומית לשיווק בעמ,IL,מרכך מרוכז סנסטיב 1 ליטר 40 כביסות,ליטרים,1.00,ליטר,false,1,18.90,18.9000,true,1,40079
7290012823541,false,ריצפז פרש מטליות לחות לרצפה בניחוח לבנדר 10 יחידות,החברה הדרומית לשיווק בעמ,IL,מטליות ריצפז פרש לבנדר,לא מנהל יחידת מידה,0.00,לא מנהל יחידת מידה,false,1,14.90,0.0000,true,1,21232
7290012823558,false,"מטליות לחות לרצפה 40*70 ס""מ סנו סושי 10 יחידות",החברה הדרומית לשיווק בעמ,,מטליות לחות לריצפה סנו סושי 10 יחידות,Unknown,0.00,Unknown,false,1,11.90,0.0000,true,1,21880
7290012823602,false,נייר טואלט סופט סילק לבן 32 גלילים סנו,החברה הדרומית לשיווק בעמ,IL,נייר טואלט סופט 32 גלילים,מטרים,58800.00,מטר,false,1,35.90,0.0006,true,1,23041
7290012823947,false,"סנו - מרכך כביסה מרוכז פרפיום קריסטל נואר 750 מ""ל",החברה הדרומית לשיווק בעמ,IL,"מרכך כביסה פרפיום קריסטל נואר 750 מ""ל",מיליליטרים,750.00,"100 מ""ל",false,1,21.50,2.8667,true,1,22600
7290012871061,false,חטיף תירס פופ מתוק ד,מפעלי דגן,IL,דגן תירס פופ מתוק 150 גרם,גרמים,150.00,100 גרם,false,1,7.90,5.2667,true,1,32466
7290012901355,false,דודלס ארוחת אטריות עם גבינה 206 גרם,האי נאם סי או אל.טי.,US,ארוחת מקרוני עם רוטב על בסיס גבינה,גרמים,206.00,100 גרם,false,1,12.90,6.2621,true,1,31845
7290012901959,false,ארוחת אטריות עם גבינה מסולסלים 156 גרם,מור-ים מרקטינג בעמ,US,אטריות עם גבינה מסולסלים Doodles גרם156,גרמים,156.00,100 גרם,false,1,12.90,8.2692,true,1,48949
7290012911170,false,מיסו כהה-מחית פולי סויה,טחנת האבן קואופ בעמ,,"מיסו כהה אסיה 500 מ""ל",מיליליטרים,500.00,"100 מ""ל",false,1,12.90,2.5800,true,1,26854
7290012911187,false,מיסו בהיר-מחית פולי סויה,טחנת האבן קואופ בעמ,,"מיסו בהיר אסיה 500 מ""ל",מיליליטרים,500.00,"100 מ""ל",false,1,12.90,2.5800,true,1,26855
7290012911293,false,דפי אורז 22 סמ טעמי אסיה (300 גרם)-ללא,טחנת האבן קואופ בעמ,,"דפי אורז 22 ס""מ 300 גרם",גרמים,300.00,100 גרם,false,1,14.50,4.8333,true,1,26844
7290012911583,false,רצועות דלעת כבושה קנפיו 100גר,טחנת האבן קואופ בעמ,,רצועות דלעת כבושה קנפיו 100 גרם,גרמים,100.00,100 גרם,false,1,12.50,12.5000,true,1,26862
7290012911675,false,פטריות שטאקה טעמי אסיה (85 גרם),טחנת האבן קואופ בעמ,IL,פטריות שיטאקה אסיה 85 גרם,גרמים,85.00,100 גרם,false,1,18.50,21.7647,true,1,26872
7290012911866,false,"דפי אורז מרוב עים 22 ס""מ 300 גרם",טחנת האבן קואופ בעמ,,דפי אורז מרובעים 300 גרם,גרמים,300.00,100 גרם,false,1,14.50,4.8333,true,1,26873
7290012921025,false,"בקבוק בירה מלכה בהירה 330 מ""ל",הכרם - משקאות חריפים בעמ,IL,בירה מלכה בהירה 6.5% כוהל 330 מל,מיליליטרים,330.00,"100 מ""ל",false,1,15.90,4.8182,true,1,24530
7290012921032,false,"בקבוק בירה מלכה אדמונית 330 מ""ל",הכרם - משקאות חריפים בעמ,IL,בירה מלכה אדמונית 5.5% כוהל 330 מל,מיליליטרים,330.00,"100 מ""ל",false,1,15.90,4.8182,true,1,24529
7290012921049,false,בירה מלכה כהה בסגנון,הכרם משקאות חריפים בעמ,IL,"בירה מלכה, כהה, 330 מל",מיליליטרים,330.00,"100 מ""ל",false,1,15.90,4.8182,true,1,46941
7290012921056,false,"בקבוק בירה מלכה חיטה 330 מ""ל",הכרם - משקאות חריפים בעמ,IL,"בירה מלכה חיטה, 330 מל",מיליליטרים,330.00,"100 מ""ל",false,1,15.90,4.8182,true,1,24535
7290012921063,false,בירה מלכה הינדי בבקבוק,הכרם משקאות חריפים בעמ,IL,"בירה מלכה הינדי, 330 מל",מיליליטרים,330.00,"100 מ""ל",false,1,15.90,4.8182,true,1,41736
7290012962608,false,"צלחות פלסטיק עבות במיוחד 22 ס""מ-לבן 25 יח'",הוסטס Hostess,,"צלחות פלסטיק עבות במיוחד 25 יחידות 22 ס""",לא מנהל יחידת מידה,0.00,לא מנהל יחידת מידה,false,1,14.90,0.0000,true,1,36922
7290012962974,false,כפיות הוסטס עבה במיו,F.P.S,,כפית מהודרת עבה במיוחד 50 יחידות,לא מנהל יחידת מידה,0.00,לא מנהל יחידת מידה,false,1,9.50,0.0000,true,1,36927
7290012983153,false,סילאן טבעי בקבוק לחיץ תמר כנרת 400 גר,תה ויסוצקי (ישראל)בעמ,IL,סילאן טבעי 400 לחיץ,גרמים,400.00,100 גרם,false,1,17.90,4.4750,true,1,51602
7290013027399,false,לחם קמח מלא קל בתוספת שיפון 750 ג' אנג'ל,מאפיית שלמה א. אנג'\ל בע,IL,לחם 100% קמח מלא קל בתוספת שיפון,גרמים,750.00,100 גרם,false,1,16.90,2.2533,true,1,22846
7290013038432,false,מים אקווה נובה בקבוק יחיד,אקווה נובה Aqua Nova,IL,מים אקווה נובה בקבוק 2 ליטר,ליטרים,2.00,ליטר,false,1,4.50,2.2500,true,1,22141
7290013068361,false,שמן זית אליעד כתית מ,אליעד בית בד בגולן,IL,שמן זית אליעד כתית מעולה 750 מל,מיליליטרים,750.00,"100 מ""ל",false,1,37.90,5.0533,true,1,46924
7290013068699,false,שמן זית כתית מעולה ע,בית הבד,IL,"שמן זית כתית מעולה עשיר אליעד 750מ""ל",מיליליטרים,750.00,"100 מ""ל",false,1,37.90,5.0533,true,1,49660
7290013068705,false,שמן זית ישראלי כתית750מ,אליעד בית בד בגולן,IL,שמן זית כתית מעולה קטיפתי אליעד750 מל,מיליליטרים,750.00,"100 מ""ל",false,1,37.90,5.0533,true,1,49659
7290013083685,false,תחליף חלב מטרנה אקסטרה קר שלב 3 חסכון 700 גרם,קבוצת אוסם סחר-שות.מוגבלת,IL,מטרנה אקסטרה קייר שלב 3 700 גרם,גרמים,700.00,100 גרם,false,1,64.90,9.2714,true,1,31848
7290013092236,false,רני מנטה להקלה בצרבת,פייזר,,רני מנטה,Unknown,0.00,Unknown,false,1,29.90,0.0000,true,1,35782
7290013092571,false,בפנטן פלוס קרם משחה לפצעים וכוויות 30 גר,GP,,בפנטן פלוס משחה,Unknown,0.00,Unknown,false,1,34.90,0.0000,true,1,33092
7290013117229,false,"בורקס פילו במילוי תפו""א מעדנות 600 גר",תנובה מרכז שיתופי לשיווק תוצרת,IL,"בורקס פילו במילוי תפו""א 600 גרם",גרמים,600.00,100 גרם,false,1,23.90,3.9833,true,1,20954
7290013117236,false,בורקס פילו פיצה מעדנות 600 גרם,תנובה מרכז שיתופי לשיווק תוצרת,IL,בורקס פילו פיצה 600 גרם,גרמים,600.00,100 גרם,false,1,23.90,3.9833,true,1,20955
7290013117243,false,בורקס פילו בולגרית מעדנות 600 גרם,תנובה מרכז שיתופי לשיווק תוצרת,IL,בורקס פילו בולגרית 600 גרם,גרמים,600.00,100 גרם,false,1,23.90,3.9833,true,1,20956
7290013117410,false,בצק פריך מרודד למאפים מתוקים 900 ג' מעדנות,תנובה מרכז שיתופי לשיווק תוצרת,IL,מארז בצק פריך מתוק 450 גר 2*,גרמים,900.00,100 גרם,false,1,27.90,3.1000,true,1,40939
7290013117427,false,בצק פריך מרודד למאפים מלוחים מעדנות 2*450 גרם,תנובה מרכז שיתופי לשיווק תוצרת,IL,מארז בצק פריך מלוח *2 450 גרם,גרמים,900.00,100 גרם,false,1,25.90,2.8778,true,1,26116
7290013121103,false,רביעיית לחמניות סנדויץ ללא גלוטן 460 גרם,אביב קונדיטוריה מעול,IL,שליש בגט 4 יחידות 400 גרם,גרמים,400.00,100 גרם,false,1,19.90,4.9750,true,1,27883
7290013121110,false,לחמניות בורגר ללא גלוטן גרין לייט 4 * 87 גרם,אביב קונדיטוריה מעול,IL,לחמניות בורגר ללא גלוטן רביעייה 350 גרם,גרמים,350.00,100 גרם,false,1,19.90,5.6857,true,1,27910
7290013121769,false,רביעיית שליש באגט ללא תוספת סוכר וללא גלוטן,אביב קונדיטוריה מעול,IL,שליט בגט 400 גרם,גרמים,400.00,100 גרם,false,1,22.90,5.7250,true,1,55449
7290013121776,false,לחם כפרי ללא תוספת סוכר וללא גלוטן,אביב קונדיטוריה מעול,IL,לחם כפרי ללא גלוטן וללא סוכר,גרמים,700.00,100 גרם,false,1,21.90,3.1286,true,1,29973
7290013144201,false,תערובת להכנת פנקייק מימונס (400 גרם),א.ל.ייצור ושיווק תבלינים בעמ,IL,"מימונס, תערובת פנקייק, 400 גרם",גרמים,400.00,100 גרם,false,1,16.90,4.2250,true,1,34599
7290013144249,false,פודינג בטעם שוקולד 95 גר`מימונס,א.ל. ייצור ושיווק תבלינים בע`מ,IL,פודינג שוקולד,גרמים,95.00,100 גרם,false,1,5.90,6.2105,true,1,34601
7290013144263,false,תערובת מאלבי להכנה מהירה מיימונס 112 גרם,א.ל.ייצור ושיווק תבלינים בעמ,IL,מימונס מאלבי 112 גרם,גרמים,100.00,100 גרם,false,1,9.90,9.9000,true,1,24356
7290013144393,false,תמצית אפיה בטעם וניל מימונס (50 מל),א.ל. ייצור ושיווק תבלינים בע`מ,IL,מימונס תמצית אפיה בטעם וניל 50 מל,מיליליטרים,50.00,"100 מ""ל",false,1,4.90,9.8000,true,1,24360
7290013144409,false,תמצית אפיה בטעם רום מימונס (50 מל),א.ל. ייצור ושיווק תבלינים בע`מ,IL,מימונס תמצית אפיה בטעם רום 50 מל,גרמים,50.00,100 גרם,false,1,4.90,9.8000,true,1,24361
7290013144416,false,"תמצית בטעם שקדים מימונס 50 מ""ל",א.ל. ייצור ושיווק תבלינים בע`מ,IL,מימונס תמצית אפיה בטעם שקדים 50 מל,גרמים,50.00,100 גרם,false,1,4.90,9.8000,true,1,47597
7290013144508,false,תמצית אפיה בטעם ורדים 50 מל מימונס,א.ל. ייצור ושיווק תבלינים בע`מ,IL,מימונס תמצית אפיה בטעם ורדים 50 מל,גרמים,50.00,100 גרם,false,1,9.90,19.8000,true,1,48402
7290013145017,true,אגוז מלך קלוף מימונס,מיוצר עי קונדיטוריית,IL,אגוז מלך קלוף מימונס 100גרם,גרמים,100.00,100 גרם,false,1,13.90,13.9000,true,1,50682
7290013145024,true,אגוז מלך טחון מימונס,מיוצר עי קונדיטוריית,IL,אגוז מלך טחון מימונס 100גרם,גרמים,100.00,100 גרם,false,1,15.90,15.9000,true,1,50683
7290013145048,true,צנוברים,מיוצר עי קונדיטוריית,IL,"מיימונס, צנוברים, 100 גרם",Unknown,0.00,Unknown,false,1,27.90,0.0000,true,1,52161
7290013145055,true,פרג שלם,א.ל ייצור ושיווק תבל,IL,פרג שלם,גרמים,100.00,100 גרם,false,1,7.50,7.5000,true,1,49839
7290013145109,true,שקד מולבן טחון 100גר,מיוצר עי קונדיטוריית,IL,"מיימונס, שקד מולבן טחון, 100 גרם",Unknown,0.00,Unknown,false,1,14.90,0.0000,true,1,49847
7290013145123,true,שקד מולבן פרוס,מיוצר עי קונדיטוריית,IL,מימונס שקד מולבן פרוס 100 גרם,Unknown,0.00,Unknown,false,1,14.90,0.0000,true,1,49848
7290013145178,true,קוקוס טחון לבן,מיוצר עי קונדיטוריית,IL,"מיימונס, קוקוס טחון לבן, 100 גרם",גרמים,100.00,100 גרם,false,1,4.90,4.9000,true,1,49843
7290013145192,true,שומשום,מיוצר עי קונדיטוריית,IL,"מימונס, שומשום, 100% טהור, 100 גרם",גרמים,100.00,100 גרם,false,1,5.20,5.2000,true,1,50309
7290013145406,false,שוקולד צ'יפס לבן מיימונס 250 גרם,א.ל. ייצור ושיווק תבלינים בע`מ,IL,מימונס נטיפים בטעם שוקולד לבן 250 גרם,גרמים,250.00,100 גרם,false,1,9.90,3.9600,true,1,24366
7290013145628,false,מימונס סוכריות צבעוניות לקישוט 200 גרם,א.ל. ייצור ושיווק תבלינים בע`מ,IL,סוכריות אדומות לקישוט 200גרם,גרמים,200.00,100 גרם,false,1,9.90,4.9500,true,1,49852
7290013145710,false,דובדבנים מסוכרים מימונס (100 גרם),א.ל. ייצור ושיווק תבלינים בע`מ,IL,דובדבנים מסוכרים לקישוט ואפייה,גרמים,100.00,100 גרם,false,1,8.90,8.9000,true,1,24371
7290013145727,false,מיימונס קליפות הדרים מסוכרים 90 גרם,א.ל. ייצור ושיווק תבלינים בע`מ,IL,מימונס קליפות הדרים מסוכרים לקישוט ואפייה 90 גרם,גרמים,90.00,100 גרם,false,1,7.90,8.7778,true,1,34612
7290013145840,false,סוכר וניל מימונס 10יח בצלופן,א.ל. ייצור ושיווק תבלינים בע`מ,IL,סוכר וניל 10 יח' בצלופן,גרמים,100.00,100 גרם,false,1,2.50,2.5000,true,1,24381
7290013145857,false,אבקת אפיה מימונס 10יח בצלופן,א.ל. ייצור ושיווק תבלינים בע`מ,IL,אבקת אפיה 100 1/10 גר,גרמים,100.00,100 גרם,false,1,2.50,2.5000,true,1,25516
7290013145864,false,אבקת ג'לטין טהור מיימונס 28 גרם,א.ל. ייצור ושיווק תבלינים בע`מ,IL,"ג""לטין טהור אבקה בד""צ 28 גרם",גרמים,28.00,100 גרם,false,1,12.90,46.0714,true,1,34613
7290013145901,true,סודה לשתיה,א.ל ייצור ושיווק תבל,IL,"מיימונס, סודה לשתיה 100 גרם",Unknown,0.00,Unknown,false,1,2.90,0.0000,true,1,49845
7290013145918,false,אבקת סוכר מיימונס 100 גרם,א.ל. ייצור ושיווק תבלינים בע`מ,IL,מימונס אבקת סוכר ללא גלוטן 100 גרם,לא מנהל יחידת מידה,0.00,לא מנהל יחידת מידה,false,1,2.50,0.0000,true,1,48404
7290013145949,false,אבקת סוכר אריזת פטנט 250 גרם,א.ל. ייצור ושיווק תבלינים בע`מ,IL,מימונס אבקת סוכר 250 גרם,גרמים,250.00,100 גרם,false,1,16.90,6.7600,true,1,34593
7290013145963,true,שמרים בואקום 125 ג,לה - סאף ייצור וסחר,CN,מימונס שמרים יבשים בואקום 125 גרם,גרמים,125.00,100 גרם,false,1,6.50,5.2000,true,1,49850
7290013145970,false,קורנפלור מימונס בשקית 200 ג',א.ל. ייצור ושיווק תבלינים בע`מ,IL,"מיימונס, קורנפלור בשקית 200 גרם",גרמים,200.00,100 גרם,false,1,3.90,1.9500,true,1,49853
7290013146007,false,מיימונס מלית פרג 400 גרם,א.ל.יצור ושיווקתבלינים בעמ,IL,מלית פרג 400 גרם,גרמים,400.00,100 גרם,false,1,21.90,5.4750,true,1,39980
7290013146014,false,מלית אוכמניות 70% פרי מיימונס 400 גרם,א.ל.יצור ושיווקתבלינים בעמ,IL,מימונס מלית אוכמניות 400 גרם,גרמים,400.00,100 גרם,false,1,21.90,5.4750,true,1,39977
7290013146038,false,מיימונס מלית דובדבנים 70% פרי 400 גרם,א.ל.ייצור ושיווק תבלינים בעמ,IL,"מלית דובדבנים לדברי מאפה 45% פרי, 400 גרם",גרמים,400.00,100 גרם,false,1,21.90,5.4750,true,1,47596
7290013146083,false,מיימונס מלית חלבה 400 גרם,א.ל ייצור ושיווק תבלינים בעמ,IL,"מיימונס, ממרח בטעם חלווה לדברי מאפה",גרמים,400.00,100 גרם,false,1,15.90,3.9750,true,1,47600
7290013146434,false,נשיקות מימונס לקיישו,"מימונס אפיה בע""מ",IL,נשיקות לקישוט צהוב 60גרם,גרמים,60.00,100 גרם,false,1,15.90,26.5000,true,1,49202
7290013146854,true,קוקוס לבן מיימונס 4,מיוצר עי קונדיטוריית,IL,"מיימונס, קוקוס לבן טחון, 400 גרם",גרמים,400.00,100 גרם,false,1,14.90,3.7250,true,1,49846
7290013151209,false,קורנישון מלפפון בחומ,יוניקורן פיקלס,,קורנישון מלפפון בחומץ 690 גרם,גרמים,690.00,100 גרם,false,1,11.90,1.7246,true,1,35017
7290013153418,true,מיץ סחוט פריגת לימונ,גת,IL,פריגת מצונן סחוט לימונענע 1 ליטר,ליטרים,1.00,ליטר,false,1,19.90,19.9000,true,1,51816
7290013153432,false,"סחוט לימונענע פריגת 400 מ""ל",היינץ צפון אמריקה מק,IL,"סחוט לימונענע 400 מ""ל",מיליליטרים,400.00,"100 מ""ל",false,1,11.90,2.9750,true,1,37050
7290013153593,false,תפוזים מתקתק 100% פריגת 1 ליטר,*החברה המרכזית להפצת משקאותבעמ,IL,"פריגת, 100% מיץ תפוזים עשוי מרכז מקורר, 1 ליטר",ליטרים,1.00,ליטר,false,1,13.90,13.9000,true,1,38020
7290013267665,false,סולרו מיני קלאסי - פירות טרופיים (חלבי),"מיוצר ע""\י גלידת שטראוס",,מיני סולרו פירות טרופים מאגדת 325 גרם,גרמים,408.00,100 גרם,false,1,28.90,7.0833,true,1,24511
7290013268020,false,מקסימה מרכך כביסה מרוכז בניחוח אולטרא פרש סנו 1 ליטר,החברה הדרומית לשיווק בעמ,IL,מרכך מרוכז א.פרש 1ל' 40 כביסות,ליטרים,1.00,ליטר,false,1,18.90,18.9000,true,1,21793
7290013268242,false,תרכיז ריחני לניקוי רצפות בריח מלון מפנק ריצפז פרש,החברה הדרומית לשיווק בעמ,IL,נוזל רצפות פרש הום מלון מפנק,ליטרים,2.00,ליטר,false,1,22.90,11.4500,true,1,48388
7290013268983,false,מרכך כביסה סופר מרוכז בבישום עוצמתי סנו מקסימה 1 ל',החברה הדרומית לשיווק בעמ,IL,מקסימה מרכך כביסה בבישום עוצמתי 1 ליטר,ליטרים,1.00,ליטר,false,1,18.90,18.9000,true,1,52567
7290013269003,false,מרכך כביסה סופר מרוכז בייבי לתינוקות ולעור רגיש,החברה הדרומית לשיווק בעמ,IL,מקסימה מרכך כביסה סופר מרוכז בייבי 1 ליטר,ליטרים,1.00,ליטר,false,1,18.90,18.9000,true,1,47209
7290013269287,false,סנו - מקסימה ג'ל כביסה מרוכז מאסק 3 ליטר,החברה הדרומית לשיווק בעמ,IL,"ג""ל כביסה מקסימה בניחוח מאסק 3 ליטר",ליטרים,3.00,ליטר,false,1,34.90,11.6333,true,1,30947
7290013269638,true,ספוג הפלא אקסטרא,טרופיקל דגיל תעשיות,IL,סנו סושי - ספוג הפלא EXTRA,יחידה,1.00,יחידה,false,1,13.90,13.9000,true,1,31911
7290013269911,false,"סנו K-333 קוטל חרקים ללא ריח 750מ""ל",החברה הדרומית לשיווק בעמ,IL,K-333,מיליליטרים,750.00,"100 מ""ל",false,1,28.90,3.8533,true,1,30946
7290013276117,false,"בקבוק בירה נגב אואזיס 330 מ""ל",הכרם - משקאות חריפים בעמ,IL,"נגב, אואזיס, בירה, 330 מל",מיליליטרים,330.00,"100 מ""ל",false,1,15.90,4.8182,true,1,36966
7290013276124,false,"בקבוק בירה נגב אמבר אייל 330 מ""ל",הכרם - משקאות חריפים בעמ,IL,"נגב, אמבר אייל, בירה, 330 מל",מיליליטרים,330.00,"100 מ""ל",false,1,15.90,4.8182,true,1,36967
7290013284198,false,פריניר מלפפון בחומץ 13-17,פריניר ( הדס 1987) ב,IL,פריניר מלפפון בחומץ 13-17 A2,גרמים,560.00,100 גרם,false,1,10.90,1.9464,true,1,40399
7290013310057,false,כוסות נייר לשתיה חמה,הוסטס Hostess,,כוסות נייר 50 יח לשתיה חמה קרה 210 מל,יחידה,1.00,יחידה,false,1,11.90,11.9000,true,1,53364
7290013310101,false,"שיפודי במבוק ג'מבו 50 יח' עובי 5 מ""מ אורך 30 ס""מ",הדקלאים אגודת שיתופי,CN,שיפודי במבוק ג'מבו 50 יחידות,Unknown,0.00,Unknown,false,1,5.90,0.0000,true,1,26151
7290013310170,false,כוסות נייר משובחות ל,,,כוסות נייר משובחות לשתיה חם/קר 50 יחידות,Unknown,0.00,Unknown,false,1,14.90,0.0000,true,1,24665
7290013310576,false,"כוסות נייר 240-8BOZמ""ל שתיה חם/קר הוסטס 50 יח'",ACSP,CN,כוסות נייר 8 לשתייה חמה 50יח 240מל,יחידה,1.00,יחידה,false,1,11.90,11.9000,true,1,52465
7290013358363,false,מאסטר שף פרורי לחם פנקו עבים בסגנון יפני 300 גר,קריניציה ויטמינה אס,IL,פירורי לחם יפנים פנקו 300 גרם,גרמים,300.00,100 גרם,false,1,10.80,3.6000,true,1,25065
7290013358370,false,פנקו פירורי לחם מאסטר שף בטעם שום 300 גרם,"מיוצר ע""י מנה י.א בע",IL,פירורי לחם יפנים טעם שום 300 גרם,גרמים,300.00,100 גרם,false,1,10.80,3.6000,true,1,25066
7290013358417,false,מאסטר שף אסייאתי רוטב טריאקי 300 מל כשלפ,קריניציה ויטמינה אס,TH,מאסטר שף רוטב טריאקי אסייאתי 300 מל,מיליליטרים,300.00,"100 מ""ל",false,1,13.90,4.6333,true,1,31111
7290013358431,false,קרוטונים לסלט מאסטר שף בטעם עגבניות ובזיליקום 200 גרם,עינת תעשיות מזון אגו,IL,מאסטר שף קרוטונים לסלט עגבניות בזיל 200ג,גרמים,200.00,100 גרם,false,1,13.90,6.9500,true,1,27273
7290013358462,false,"מיני קרוטונים למרק בתיבול שום, בצל ופטרוזיליה","עינת תעשיות מזון, אגשח ב",IL,"מאסטר שף, מיני קרוטונים למרק, 350 גרם",גרמים,350.00,100 גרם,false,1,21.90,6.2571,true,1,27260
7290013358486,false,מאסטר שף פירורים מוזהבים ללא צורך בביצה 300 ג,"מיוצר ע""י מנה י.א בע",IL,פירורי לחם ללא צורך בביצה 300 גרם,גרמים,300.00,100 גרם,false,1,10.90,3.6333,true,1,28357
7290013358493,false,מאסטר שף אסייאתי קרם קוקוס פחית 400 מל,תאי קוקונט פבליק קומפני,TH,מאסטר שף קרם קוקוס 400 מל,מיליליטרים,400.00,"100 מ""ל",false,1,10.50,2.6250,true,1,31113
7290013358523,false,מאסטר שף שבבי בצל מטוגן 150 גרם,קריניציה ויטמינה אס,NL,מאסטר שף שבבי בצל מטוגן 150 גרם,גרמים,150.00,100 גרם,false,1,14.90,9.9333,true,1,29732
7290013358578,false,מנה אסייאתי אטריות אורז רחבות 400 ג מ.שף,ליינג טונג רייספלוור,TH,מאסטר שף אטריות אורז רחבות 400 גרם,גרמים,400.00,100 גרם,false,1,10.90,2.7250,true,1,31116
7290013358585,false,מנה אסייאתי נודלס ביצים להקפצה 400 מ.שף,הנסיך- מפעל לייצור ט,CN,מאסטר שף נודלס אטריות ביצים 400 גרם,גרמים,400.00,100 גרם,false,1,10.90,2.7250,true,1,31117
7290013430083,false,"בירה אלכסנדר בלונד בקבוק 330 מ""ל",מנדלז סי.אר. פרודקשן,IL,אלכסנדר בירה ישראלית מעולה בלונד 330 מל,מיליליטרים,330.00,"100 מ""ל",false,1,14.90,4.5152,true,1,37006
7290013430090,false,בירה אלכסנדר אמברה AMBREE בירה ישראלית,מנדלז סי.אר. פרודקשן,IL,אלכסנדר בירה ישראלית מעולה ענברי 330 מל,מיליליטרים,330.00,"100 מ""ל",false,1,14.90,4.5152,true,1,37007
7290013440648,false,מאגדת שלגוני אבטיח נסטלה 5 יחידות,נגה גלידות שותפות מוגבלת,IL,שלגוני אבטיח מארז 5 יחידות,גרמים,540.00,100 גרם,false,1,29.50,5.4630,true,1,24471
7290013453068,false,עוגיות כוסמין ופירות יער ללא ת.ס 240 גר,האי נאם סי או אל.טי.,IL,עוגיות כוסמין ופירות יער,לא מנהל יחידת מידה,0.00,לא מנהל יחידת מידה,false,1,26.90,0.0000,true,1,41755
7290013453082,true,עוגיות כוסמין שוקולד,האי נאם סי או אל.טי.,IL,דני וגלית עוגיות כוסמין שוקולדצ'יפס 230 גרם,לא מנהל יחידת מידה,0.00,לא מנהל יחידת מידה,false,1,26.90,0.0000,true,1,41754
7290013453105,true,עוגיות לתה קמח מלא v,דני וגלית בעמ,IL,עוגיות לתה קמח מלא vegan,גרמים,250.00,100 גרם,false,1,25.90,10.3600,true,1,41758
7290013453136,true,עוגיות טבעוני כוסמין,האי נאם סי או אל.טי.,IL,דני וגלית עוגיות כוסמין שטרודל תפוחים 230 גרם,לא מנהל יחידת מידה,0.00,לא מנהל יחידת מידה,false,1,26.90,0.0000,true,1,41759
7290013453150,false,דני וגלית עוגיות קוקוס ואגוזי לוז,האי נאם סי או אל.טי.,IL,דני וגלית עוגיות קוקוס ואגוזי לוז,יחידה,1.00,יחידה,false,1,26.90,26.9000,true,1,41756
7290013453587,true,עוגיות גרנולה שוקוצי,האי נאם סי או אל.טי.,IL,דני וגלית עוגיות גרנולה ושוקולדצ'יפס 230 גרם,לא מנהל יחידת מידה,0.00,לא מנהל יחידת מידה,false,1,26.90,0.0000,true,1,41761
7290013453624,true,עוגיות שוקולד ציפס מ,האי נאם סי או אל.טי.,IL,עוגיות שוקולד ציפס מ,לא מנהל יחידת מידה,0.00,לא מנהל יחידת מידה,false,1,29.90,0.0000,true,1,41763
7290013453631,false,דני וגלית עוגיות חמאת בוטנים שוקולדצ'יפס מפצפוצי אורז מלא 230 גרם,האי נאם סי או אל.טי.,IL,כדורי חמאת בוטנים שוקולדציפס ללג 230גרם,גרמים,230.00,100 גרם,false,1,28.90,12.5652,true,1,41767
7290013453648,true,עוגיות פירות יער מקמ,האי נאם סי או אל.טי.,IL,עוגיות פירות יער מקמ,לא מנהל יחידת מידה,0.00,לא מנהל יחידת מידה,false,1,26.90,0.0000,true,1,41762
7290013453655,false,עוגיות קוקוס ולוז מקמח שקדים וקמח אורז מלא,י.איטליאנו אחזקות בעמ,IL,עוגיות קוקוס ולוז מקמח שקדים וקמח אורז מלא,לא מנהל יחידת מידה,0.00,לא מנהל יחידת מידה,false,1,29.90,0.0000,true,1,41700
7290013472199,false,ערמונים קלופים וקלויים 105 גרם,ג.וילי פוד אינטרנשיונל בעמ,CN,ערמונים קלופים 105 גרם,גרמים,105.00,100 גרם,false,1,6.90,6.5714,true,1,23540
7290013472892,false,בולגריה קוביות במי מלח - מרכיבי חלב ושומן צמחי,ג.וילי-פוד אינטרנשיונל **גבינו,GR,הבולגריה בקוביות במי מלח 200 גרם,גרמים,200.00,100 גרם,false,1,12.90,6.4500,true,1,35103
7290013531377,false,תורמוס A2 יכין בית יוסף,היינץ צפון אמריקה מק,IL,יכין תורמוס 560 גרם,לא מנהל יחידת מידה,0.00,לא מנהל יחידת מידה,false,1,9.90,0.0000,true,1,48511
7290013531759,false,שעועית לבנה מבושלת במים יכין (550 גרם),זנלכול יכין,IL,שעועית אפויה במים יכין 310 גרם,גרמים,310.00,100 גרם,false,1,9.90,3.1935,true,1,48507
7290013585233,false,"ספרייט זירו פחית סליק 330 מ""ל",החברה המרכזית להפצת משקאות בעמ,IL,"גזוז בטעם לימון ליים דל קלוריות 330 מ""ל",מיליליטרים,330.00,"100 מ""ל",false,1,5.90,1.7879,true,1,30404
7290013585257,false,ספרייט זירו בבקבוק אישי,החברה המרכזית להפצת משקאות בעמ,IL,"ZERO ספרייט 500 מ""ל",מיליליטרים,500.00,"100 מ""ל",false,1,7.90,1.5800,true,1,30402
7290013585349,false,קרלסברג מארז שישייה מהדורה חדשה,החברה המרכזית להפצת משקאות בעמ,IL,"קרלסברג 6 מבצע 330 מ""ל",ליטרים,1.98,ליטר,false,1,34.90,17.6263,true,1,46788
7290013585370,false,קוקה קולה בקבוק 2 ל,החברה המרכזית לייצור משקאות,IL,קולה קולה - 2 ליטר,ליטרים,2.00,ליטר,false,1,11.60,5.8000,true,1,30514
7290013585387,false,בקבוק זירו קוקה-קולה (1 ליטר),החברה המרכזית להפצת משקאות בעמ,IL,ZERO תריסר 1 ליטר,ליטרים,1.00,ליטר,false,1,8.50,8.5000,true,1,30284
7290013585394,false,בקבוק קוקה-קולה (1 ליטר),החברה המרכזית להפצת משקאות בעמ,IL,קוקה קולה 1 ליטר תריסר,ליטרים,1.00,ליטר,false,1,8.50,8.5000,true,1,30283
7290013585653,false,"פריגת אננס אקסטרא420מ""ל",מבשלות בירה בינלאומיות ב,IL,"פריגת EXTRA אננס 420 מ""ל",מיליליטרים,420.00,"100 מ""ל",false,1,10.90,2.5952,true,1,36274
7290013586285,false,ויסוצקי ICE חליטת תה ירוק נענע,מבשלות בירה בינלאומי,IL,"ויסוצקי ICE חליטת נענע 350 מ""ל",מיליליטרים,350.00,"100 מ""ל",false,1,7.90,2.2571,true,1,33247
7290013608260,false,מיץ רימונים 100%מיץ סחוט טרי מצונן 1ליט,שטראוס גרופ בעמ/מצונן,IL,7290068700001,ליטרים,1.00,ליטר,false,1,25.90,25.9000,true,1,28208
7290013645500,false,מקלות מלוחים ללא גלו,מוצרי הכט,IL,מקלות מלוחים 230 גרם,גרמים,230.00,100 גרם,false,1,24.90,10.8261,true,1,47472
7290013645531,false,עוגיות מזרחיות ללא ג,מוצרי הכט,IL,עוגיות מזרחיות עם שומשום 230 גרם,גרמים,230.00,100 גרם,false,1,24.90,10.8261,true,1,47473
7290013645715,false,עוגיות סנדביץ' ריבה250ג,מוצרי הכט,IL,עוגיות סנדוויץ ריבה שרהלה 250גרם,גרמים,250.00,100 גרם,false,1,29.90,11.9600,true,1,47475
7290013675828,false,מאמא עוף חגיגה אסייתית להקפצה 450 גרם,"איי, בי, אינבוו",IL,לקט חגיגה אסייתית להקפצה 450גרם,גרמים,450.00,100 גרם,false,1,27.90,6.2000,true,1,49096
7290013675835,false,ירוק גלילי עם חזה להקפצה סנפרוסט 450 ג',תנובה קפואים,IL,לקט ירוק גלילי להקפצה 450גרם,גרמים,450.00,100 גרם,false,1,27.90,6.2000,true,1,49097
7290013702036,false,שוופס וואטר אפרסק 500 מל,יפאורה שותפות מוגבלת לשיווק,IL,שוופס Water אפרסק 0.5 ל',מיליליטרים,500.00,"100 מ""ל",false,1,6.50,1.3000,true,1,35649
7290013702388,false,"שוופס וואטר תפוח 500מ""ל",יפאורה שותפות מובגלת לשיווק,IL,שוופס Water תפוח 0.5 ל',מיליליטרים,500.00,"100 מ""ל",false,1,6.50,1.3000,true,1,35667
7290013702418,false,"שוופס מוגז עדין אפרסק זכוכית 330 מ""ל",יפאורה תבורי בעמ,IL,"שוופס מוגז עדין אפרסק 330 מ""ל זכוכית",מיליליטרים,330.00,"100 מ""ל",false,1,6.90,2.0909,true,1,35663
7290013702425,false,"שוופס מוגז עדין פירות יער זכוכית 330 מ""ל",יפאורה תבורי בעמ,IL,"שוופס מוגז עדין פירות יער 330 מ""ל זכוכית",מיליליטרים,330.00,"100 מ""ל",false,1,6.90,2.0909,true,1,35664
7290013702708,false,"שוופס מוגז עדין אננס זכוכית 330 מ""ל",יפאורה תבורי בעמ,IL,"שוופס מוגז עדין אננס 330 מ""ל זכוכית",מיליליטרים,330.00,"100 מ""ל",false,1,6.90,2.0909,true,1,35655
7290013713001,false,"בירה JEM'S אמבר אייל בקבוק 330 מ""ל",גמס מפעלי בירה,,"בירה גמס אמבר אייל בקבוק 330 מ""ל",מיליליטרים,330.00,"100 מ""ל",false,1,14.90,4.5152,true,1,35972
7290013713032,false,"בירה ג'מס חיטה בקבוק 330 מ""ל",אגודת הכורמים -כרמל מזרחי,IL,"בירה ג'מס, בירת חיטה מעוננת",מיליליטרים,330.00,"100 מ""ל",false,1,14.90,4.5152,true,1,35973
7290013713049,false,בירה ג`מס בקבוק 8.80% אלכוהול ( 330 מל),אגודת הכורמים -כרמל מזרחי,IL,"בירה ג'מס, בירה 8.8 חזקה במיוחד",מיליליטרים,330.00,"100 מ""ל",false,1,14.90,4.5152,true,1,35974
7290013724991,false,אגוזי לוז בציפוי שוקולד בקופסא שקדיה 140 גרם,דין שיווק וקליה 2021 בעמ,IL,משוקלדים לוז חלב 140 גר קופסא,גרמים,140.00,100 גרם,false,1,11.90,8.5000,true,1,52976
7290013725820,false,אגוזי לוז בשוקולד מריר בקופסא 140 גרם,דין שיווק וקליה 2021 בעמ,IL,אגוזי לוז בציפוי שוקולד מריר 140 גרם,גרמים,140.00,100 גרם,false,1,11.90,8.5000,true,1,27703
7290013746238,false,ציפסקוקיס מכוסמין 250 גרם,"דגן מיני מזונות בע""מ",IL,עוגיות צ'יפס קוקיס מכוסמין,גרמים,300.00,100 גרם,false,1,34.90,11.6333,true,1,38707
7290013746368,false,עוגיות כוסמין ושקדים,"דגן מיני מזונות בע""מ",IL,עוגיות כוסמין ושקדים,גרמים,300.00,100 גרם,false,1,34.90,11.6333,true,1,38708
7290013746504,false,מקלוני כוסמין עם עשבי תיבול ללס 200גר דגן,"דגן מיני מזונות בע""מ",IL,מקלוני כוסמין עשבי תיבול דגן,גרמים,200.00,100 גרם,false,1,29.90,14.9500,true,1,38700
7290013746672,false,עוגיות אגוזים מכוסמין250,"דגן מיני מזונות בע""\מ",IL,עוגיות כוסמין אגוזים וקוקוס,גרמים,300.00,100 גרם,false,1,34.90,11.6333,true,1,38706
7290013746689,false,עוג.ש.שועל אוכמניות250ג,"דגן מיני מזונות בע""\מ",IL,"עוגיות שיבולת שועל ואוכמניות לל""ס 250 גר",גרמים,250.00,100 גרם,false,1,34.90,13.9600,true,1,38705
7290013746788,false,מקלוני כוסמין עם עגבניה ואורגנו 200 גרם,"דגן מיני מזונות בע""\מ",IL,מקלוני כוסמין עגבניה ואורגנו דגן,גרמים,200.00,100 גרם,false,1,29.90,14.9500,true,1,38701
7290013746795,false,מקלוני כוסמין עם קצח וציה 200 גרם,פרוטרופיק סיה.,IL,מקלוני כוסמין קצח וציה דגן,גרמים,200.00,100 גרם,false,1,29.90,14.9500,true,1,38702
7290013847386,true,טונה סטרקיסט ליי,"סטארקיסט פודור בע""מ",TH,140 גרם טונה 4% טבעי לייט,גרמים,140.00,100 גרם,false,1,8.90,6.3571,true,1,41014
7290013847409,true,טונה סטרקיסט לייט 4%,"סטארקיסט פודור בע""מ",TH,טונה סטרקיסט לייט 4% שומן עם לימון,גרמים,140.00,100 גרם,false,1,8.90,6.3571,true,1,41016
7290013847553,false,נתחי טונה בהירה במים דל נתרן - מארז רביעיה,דיפלומט מפיצים (1968) בעמ**,TH,טונה במים דל נתרן,גרמים,640.00,100 גרם,false,1,29.90,4.6719,true,1,37587
7290013847645,false,סטארקיסט טונה בשמן זית 80 גר' שלישיות,סטארקיסט Starkist,TR,סטארקיסט טונה בשמן זית 3 יח 80 גרם,גרמים,240.00,100 גרם,false,1,18.90,7.8750,true,1,46718
7290013847867,false,מארז זוגות טונה בשמן סויה 140 ג' סטארקיסט,דיפלומט מפיצים (1968) בעמ**,IL,ס.ק. טונה זוגות בשמן סויה 140 גר' בית יוסף,גרמים,140.00,100 גרם,false,1,14.90,10.6429,true,1,41987
7290013848345,false,מארז מטליות לחיטוי וניקוי יסודי אנטיבקטריאלי 99.9%,החברה הדרומית לשיווק בעמ,IL,מטליות לחות שלישייה לניקוי 99%,לא מנהל יחידת מידה,0.00,לא מנהל יחידת מידה,false,1,21.90,0.0000,true,1,49224
7290013861412,false,המתוקים של ששון קוקוס 250 גרם,דין שיווק וקליה 2021 בעמ,IL,המתוקים של ששון חטיפי קוקוס 250 גרם,גרמים,250.00,100 גרם,false,1,10.90,4.3600,true,1,28701
7290013861429,false,המתוקים של ששון שומשום 250 גרם,דין שיווק וקליה 2021 בעמ,IL,שומשום 250 גרם,גרמים,250.00,100 גרם,false,1,10.90,4.3600,true,1,28697
7290013861443,false,המתוקים של ששון בוטנים 250 גרם,דין שיווק וקליה 2021 בעמ,IL,בוטנים 250 גרם,גרמים,250.00,100 גרם,false,1,10.90,4.3600,true,1,53636
7290013883407,false,"דזיטול מרסס לחיטוי כללי יעקבי 750 מ""ל",יעקב יעקבי ובניו בע`מ,ES,יעקבי דזיטול ספריי מחטא ומשמיד חיידקים 750 מל,מיליליטרים,500.00,"100 מ""ל",false,1,21.90,4.3800,true,1,30638
7290013903099,false,תחליף רוקפור טבעוני,ביוט איילנד פודס בעמ,,רוקפור טבעונית ליב 200 גרם,גרמים,200.00,100 גרם,false,1,23.90,11.9500,true,1,35415
7290013903266,false,תערובת פירות יער אורגני מוקפא 300 גר,פריגו,,תערובת פירות יער אורגנית 350 גרם,גרמים,350.00,100 גרם,false,1,21.90,6.2571,true,1,41954
7290013903273,false,אדממה אורגני קפוא 400 גר,זהג'יאנג קינגסור פוד,CN,"ליב, אדממה אורגני, 400 גרם",גרמים,400.00,100 גרם,false,1,12.90,3.2250,true,1,41955
7290013906052,false,נקניקיות פרגיות טירת צבי 300 גרם,תנובה מרכז שיתופי לשיווק תוצרת,IL,נקניקיות פרגיות 300 גרם,גרמים,300.00,100 גרם,false,1,16.90,5.6333,true,1,35802
7290013906441,false,קבנוס טירת צבי 120 גרם,תנובה מרכז שיתופי לשיווק תוצרת,IL,קבנוס נקניק מעושן יבש 120 גרם,גרמים,120.00,100 גרם,false,1,12.90,10.7500,true,1,26813
7290013906458,false,קבנוס בטעם פיקנטי טירת צבי 120 גרם,תנובה מרכז שיתופי לשיווק תוצרת,IL,טירת צבי קבנוס פיקנטי נקניק מעושן יבש 120 גרם,גרמים,120.00,100 גרם,false,1,12.90,10.7500,true,1,26814
7290013906489,false,חטיפי מיני קבנוס טירת צבי 120 גרם,תנובה מרכז שיתופי לשיווק תוצרת,IL,טירת צבי חטיפי מיני קבנוס 120 גרם,גרמים,120.00,100 גרם,false,1,12.90,10.7500,true,1,26815
7290013906496,false,פסטרמה עגל בסגנון רומני טירת צבי 120 גר,הנסיך- מפעל לייצור ט,IL,פסטרמה עגל בסגנון רומני 120 גרם,גרמים,120.00,100 גרם,false,1,16.90,14.0833,true,1,30498
7290013906519,false,פרושוטו בקר טירת צבי 100 גרם,תנובה מרכז שיתופי לשיווק תוצרת,IL,פרושוטו בקר 100 גרם,גרמים,100.00,100 גרם,false,1,28.90,28.9000,true,1,30499
7290013927637,false,חלוה ללא תוספת סוכר במגש 400 גר' אחוה,אחדות ביחר לטחינה חל,IL,אחוה חלוה ללא תוספת סוכר 400 גרם,גרמים,400.00,100 גרם,false,1,16.90,4.2250,true,1,48483
7290013971555,false,סוללות 12יח מעורב פוגיקום,פוגיקום בעמ,,מארז פוגיקום 8+4,לא מנהל יחידת מידה,0.00,לא מנהל יחידת מידה,false,1,19.90,0.0000,true,1,36867
7290014002128,false,תה ירוק לימונית ומנטה 25 שקיקים ויסוצקי,תה ויסוצקי (ישראל)בעמ,IL,תה ירוק לימונית ומנטה T.T,גרמים,37.00,100 גרם,false,1,26.90,72.7027,true,1,25755
7290014002135,false,תה ירוק מיקס 5 טעמים ויסוצקי 25 יחידות,תה ויסוצקי (ישראל) בעמ,IL,תה ירוק מיקס - חדש 2015,גרמים,37.00,100 גרם,false,1,26.90,72.7027,true,1,26826
7290014002203,false,חליטת לימונית ולואיזה הגן הקסום ויסוצקי 25 יחידות,תה ויסוצקי (ישראל) בעמ,IL,חליטת לימונית לואיזה - הגן הקסום,גרמים,37.00,100 גרם,false,1,19.90,53.7838,true,1,26827
7290014002944,false,גן קסום חליטת פירות וצמחים חמדת שקד 25 שקיקים,תה ויסוצקי (ישראל) בעמ,IL,"תה ויסוצקי,חליטת חמדת השקד - ""הגן הקסום""",גרמים,50.00,100 גרם,false,1,19.90,39.8000,true,1,51459
7290014002982,false,תה ירוק לימונית ולואיזה ויסוצקי 25 יחידות תוספת סטיביה,תה ויסוצקי (ישראל) בעמ,IL,תה ירוק לימונית סטיביה T.T,גרמים,37.00,100 גרם,false,1,26.90,72.7027,true,1,27586
7290014027220,false,ערק גבלנא 250 מל,משקאות גבלנא,IL,ערק גבלנא 250 מל,מיליליטרים,250.00,"100 מ""ל",false,1,29.90,11.9600,true,1,49066
7290014046016,false,פסטרמה של פעם דל שומן 2% רכיבים טבעיים,מעדני יחיעם ( 1993 ) בע`מ,IL,יחיעם פסטרמה של פעם 250 גרם,גרמים,250.00,100 גרם,false,1,29.90,11.9600,true,1,41323
7290014046023,false,מוס כבד עוף+ פטריות 140ג,מעדני יחיעם 1993,IL,יחיעם מוס כבד עוף עם פטריות 140 גרם,גרמים,140.00,100 גרם,false,1,15.90,11.3571,true,1,32969
7290014046030,false,"מוס כבד עוף 140 גרם ""יחיעם""",מעדני יחיעם ( 1993 ) בע`מ,IL,יחיעם מוס כבד עוף 140 גרם,גרמים,140.00,100 גרם,false,1,15.90,11.3571,true,1,32970
7290014046436,false,נשנושי קבנוס יחיעם (125 גרם),מעדני יחיעם ( 1993 ) בע`מ,IL,יחיעם נשנושי קבנוס 125 גרם,גרמים,125.00,100 גרם,false,1,14.90,11.9200,true,1,26383
7290014046580,false,פסטרמה מעודנת על גחלים יחיעם (300 גרם),מעדני יחיעם (1993) בעמ,IL,פסטרמה הודו מעושנת על האש מעדני יחיעם 30,גרמים,300.00,100 גרם,false,1,22.90,7.6333,true,1,37758
7290014046757,false,סלמי תה יחיעם (300 גרם),מעדני יחיעם (1993) בעמ,IL,סלמי תה מעדני יחיעם 300גרם,גרמים,300.00,100 גרם,false,1,22.90,7.6333,true,1,41361
7290014066359,false,לנדוור-קפסולות אספרסו בלנסד(06) - 10יח'12X יח,"קפה לנדוור בע""\מ",IL,קפסולות אספרסו לנדוור בלאנסד 10יח,גרמים,50.00,100 גרם,false,1,18.90,37.8000,true,1,39629
7290014066366,false,לנדוור-קפסולות אספרסו ריסטרטו(08) - 10יח'12X יח,ש.שסטוביץ בעמ,IL,קפסולות לנדוור,גרמים,50.00,100 גרם,false,1,18.90,37.8000,true,1,39628
7290014066373,false,לנדוור-קפסולות אספרסו קלאסיק(09) - 10יח'12X יח,ש.שסטוביץ בעמ,IL,קפסולות אספרסו לנדוור קלאסי 10יח,גרמים,50.00,100 גרם,false,1,18.90,37.8000,true,1,39627
7290014066380,false,לנדוור-קפסולות אספרסו סופרימו(10) - 10יח'12X יח,ש.שסטוביץ בעמ,IL,קפסולות אספרסו לנדוור סופרימו 10יח,גרמים,50.00,100 גרם,false,1,18.90,37.8000,true,1,39626
7290014066441,false,לנדוור-קפסולות אספרסו נטול קפאין(07) - 10יח'12X יח,ש.שסטוביץ בעמ,IL,לנדוור-קפסולות אספרסו נטול קפאין 10 יח,יחידה,10.00,יחידה,false,1,18.90,1.8900,true,1,47387
7290014066526,false,לנדוור-קפסולות אספרסו תערובת הבית(11) - 10יח'12X יח,ש.שסטוביץ בעמ,IL,לנדוור-קפסולות אספרסו תערובת הבית,יחידה,10.00,יחידה,false,1,18.90,1.8900,true,1,47385
7290014066533,false,לנדוור-קפסולות אספרסו קלייה כפולה(12) - 10יח'12X יח,ש.שסטוביץ בעמ,IL,לנדוור-קפסולות אספרסו קלייה כפול 10 יח,יחידה,10.00,יחידה,false,1,18.90,1.8900,true,1,47386
7290014079014,false,לבבות קיסר ארוז נספק,"מרינה פטריות הגליל בע""מ",IL,חסה לבבות קיסר,גרמים,300.00,100 גרם,false,1,12.90,4.3000,true,1,24560
7290014079144,false,קייל כרוב על ביחידה,חקלאי,IL,קייל ארוז,גרמים,250.00,100 גרם,false,1,9.90,3.9600,true,1,28620
7290014079328,false,פרסה כרישה ארוזה מרי,"מרינה פטריות הגליל בע""מ",IL,לוף/כרישה קצוץ יח,גרמים,500.00,100 גרם,false,1,9.90,1.9800,true,1,27307
7290014079526,false,כרובית ארוזה יחידה,חקלאי,IL,כרובית ארוזה יח,קילוגרמים,1.50,"ק""ג",false,1,14.90,9.9333,true,1,36425
7290014079854,false,לבבות חסה ארץ הגליל מרינה,"מרינה פטריות הגליל בע""מ",IL,לבבות חסה,גרמים,700.00,100 גרם,false,1,14.90,2.1286,true,1,32728
7290014083479,false,גבינה פרוסה גאודה 27% שומן EURO CHEESE ויליפוד 150 גרם,ג.וילי פוד אינטרנשיונל בעמ,IL,גבינת גאודה פרוסות 150גרם 27%,גרמים,150.00,100 גרם,false,1,13.90,9.2667,true,1,31577
7290014083769,false,גבינת אמנטל יורו פרו,הנסיך- מפעל לייצור ט,IL,גבינת אמנטל יורו פרוסות 150 גרם,גרמים,150.00,100 גרם,false,1,14.90,9.9333,true,1,53087
7290014092532,false,פלחי דלעת מרינה,"מרינה פטריות הגליל בע""מ",IL,דלעת חתוכה ליח,גרמים,850.00,100 גרם,false,1,9.90,1.1647,true,1,33839
7290014094260,false,שיני שום קלוף קמעונאי,קונס`-מרינה פטריות הגליל בעמ*ש,IL,שום מקולף 170 גרם,גרמים,170.00,100 גרם,false,1,14.90,8.7647,true,1,35151
7290014094352,false,אגוז מלך טבעי ששון הקולה (200 גרם),דין שיווק וקליה 2021 בעמ,,אגוז מלך טבעי בקופסא 200 גרם,גרמים,200.00,100 גרם,false,1,19.90,9.9500,true,1,52895
7290014094369,false,שקד טבעי קלוף ששון הקולה (200 גרם),דין שיווק וקליה 2021 בעמ,,שקד טבעי בקופסא 200 גרם,גרמים,200.00,100 גרם,false,1,22.90,11.4500,true,1,52891
7290014094383,false,משמש בקופסא ששון הקולה 250 גר`,דין שיווק וקליה 2021 בעמ,,משמש מיובש בקופסא 250 גרם,גרמים,250.00,100 גרם,false,1,22.90,9.1600,true,1,27698
7290014094390,false,חמוציות מסוכרות ששון הקולה 250 גר`,דין שיווק וקליה 2021 בעמ,,חמוציות בקופסא 250 גרם,גרמים,250.00,100 גרם,false,1,15.90,6.3600,true,1,52896
7290014094406,false,צימוק לבן בקופסא ששון הקולה 330 גרם,דין שיווק וקליה 2021 בעמ,,צימוק לבן בקופסא 330 גרם,גרמים,330.00,100 גרם,false,1,16.90,5.1212,true,1,53365
7290014094628,false,פקאן טבעי ששון הקולה (200 גרם),דין שיווק וקליה 2021 בעמ,,פקאן טבעי 200 קופסא,גרמים,200.00,100 גרם,false,1,29.90,14.9500,true,1,53368
7290014094642,false,אגוזי קשיו טבעיים ששון הקולה (250 גרם),דין שיווק וקליה 2021 בעמ,,קשיו טבעי בקופסא 250 גרם,גרמים,250.00,100 גרם,false,1,27.90,11.1600,true,1,27702
7290014094796,false,משמשים מיובשים בשקית ששון הקולה 300 גרם,דין שיווק וקליה 2021 בעמ,,משמש בשקית 300 גרם,גרמים,300.00,100 גרם,false,1,18.90,6.3000,true,1,52868
7290014094840,false,צימוק חום בשקית ששון הקולה 300 גרם,דין שיווק וקליה 2021 בעמ,,צימוק חום שקית 300 גרם,גרמים,300.00,100 גרם,false,1,15.90,5.3000,true,1,52898
7290014094857,false,פקאן סיני מסוכר 150 גרם ששון הקולה,דין שיווק וקליה 2021 בעמ,IL,פקאן סיני מסוכר 150 גרם,גרמים,150.00,100 גרם,false,1,19.90,13.2667,true,1,52799
7290014094864,false,פיסטוק קלוי 170 גר עם קליפה ששון הקולה,דין שיווק וקליה 2021 בעמ,IL,פיסטוק קלוי 170גרם,גרמים,170.00,100 גרם,false,1,22.90,13.4706,true,1,52846
7290014094895,true,אגוזים קלופים 150 גר,דין שיווק,IL,אגוזים קלופים 150 גרם,גרמים,150.00,100 גרם,false,1,14.90,9.9333,true,1,52785
7290014094901,false,פקאן טבעי 150 גרם ששון הקולה,דין שיווק וקליה 2021 בעמ,IL,פקאן טבעי 150גרם,גרמים,150.00,100 גרם,false,1,22.90,15.2667,true,1,52844
7290014095861,false,שיבולת שועל דקה בשקית שקדיה 500 גרם,דין שיווק וקליה 2021 בעמ,,שיבולת שועל דקה 500 גרם שקדיה,גרמים,500.00,100 גרם,false,1,6.90,1.3800,true,1,28538
7290014095960,false,שיבולת שועל עבה בשקית שקדיה 500 גרם,דין שיווק וקליה 2021 בעמ,,שיבולת שועל עבה 500 גרם שקדיה,גרמים,500.00,100 גרם,false,1,6.90,1.3800,true,1,30084
7290014217003,false,פפריקה מעושנת בקופ' 90 גר' טעם וריח,"תבליני טעם וריח בע""מ",IL,"תבליני טעם וריח, פפריקה בטעם מעושן, 90 גרם",גרמים,90.00,100 גרם,false,1,10.90,12.1111,true,1,50088
7290014217065,false,אורגנו עלים בקופ' 30 גר' טעם וריח,"תבליני טעם וריח בע""מ",IL,תבליני טעם וריח אורגנו 100% 30 גרם,Unknown,0.00,Unknown,false,1,10.90,0.0000,true,1,25106
7290014217140,false,"מיכל ראס אל חנות 100 גר' ""טעם וריח""","תבליני טעם וריח בע""מ",IL,תבליני טעם וריח ראס אל חנות 100 גרם,גרמים,100.00,100 גרם,false,1,10.90,10.9000,true,1,50091
7290014217157,false,"מיכל טוסקנה תיבול 120 גר ""טעם וריח""","תבליני טעם וריח בע""מ",IL,תבליני טעם וריח תערובת תיבול טוסקנה 120 גרם,גרמים,120.00,100 גרם,false,1,10.90,9.0833,true,1,47576
7290014217164,false,תבלין פטרוזיליה מיכל גדול 20 ג',"תבליני טעם וריח בע""מ",IL,תבליני טעם וריח פטרוזיליה 100% 20 גרם,גרמים,20.00,100 גרם,false,1,10.90,54.5000,true,1,50092
7290014217201,false,"תערובת תיבול סומק 45 גרם ""טעם וריח""","תבליני טעם וריח בע""מ",IL,תבליני טעם וריח מיכל קטן סומק 45 גרם,גרמים,45.00,100 גרם,false,1,6.90,15.3333,true,1,40788
7290014217225,false,גריל עוף בקופ' 120 גר' טעם וריח,"תבליני טעם וריח בע""מ",IL,"תבליני טעם וריח, תערובת תיבול גריל עוף, 120 גרם",גרמים,120.00,100 גרם,false,1,10.90,9.0833,true,1,28142
7290014217263,false,תיבול לפרגית בקופ' 100 גר' טעם וריח,"תבליני טעם וריח בע""מ",IL,"תבליני טעם וריח תערובת תיבול לפרגיות, 100 גרם",גרמים,100.00,100 גרם,false,1,10.90,10.9000,true,1,33126
7290014217379,false,תבלין למרינדה קלאסית 80 גרם טעם וריח,תבליני טעם וריח בעמ,IL,תבליני טעם וריח תערובת תיבול למרינדת עוף 80 גרם,גרמים,80.00,100 גרם,false,1,12.90,16.1250,true,1,51596
7290014217386,false,מרינדת צ'ילי חריף 80 גרם טעם וריח,תבליני טעם וריח בעמ,IL,תבליני טעם וריח תערובת תיבול למרינדת עוף 80 גרם,גרמים,80.00,100 גרם,false,1,12.90,16.1250,true,1,51597
7290014217478,false,תערובת עשבי תיבול איטלקי ים תיכוני 30ג',"תבליני טעם וריח בע""מ",IL,עשבי תיבול איטלקי ים תיכוני 30 גרם,גרמים,30.00,100 גרם,false,1,10.90,36.3333,true,1,33494
7290014217492,false,תיבול פילדלפיה בקופ' 100 גר' טעם וריח,"תבליני טעם וריח בע""מ",IL,תבליני טעם וריח תערובת תיבול פילדלפיה 100 גרם,גרמים,100.00,100 גרם,false,1,10.90,10.9000,true,1,42039
7290014217515,false,לציפוי מאפה מלוח מיכל 90 גר`טעם וריח,"תבליני טעם וריח בע""מ",IL,ציפוי מאפה מלוח מיכל 90 גרם,גרמים,90.00,100 גרם,false,1,12.90,14.3333,true,1,40213
7290014217522,false,לחם שום תערובת מיכל 100 גר`טעם וריח,"תבליני טעם וריח בע""מ",IL,לחם שום תערובת מיכל 100 גרם,גרמים,100.00,100 גרם,false,1,12.90,12.9000,true,1,40211
7290014217539,false,תערובת סוכר וקינמון בתוספת וניל מיכל 150 גרם,תבליני טעם וריח בעמ,IL,תבליני טעם וריח תערובת תיבול סוכר קינמון 150 גרם,גרמים,150.00,100 גרם,false,1,12.90,8.6000,true,1,40212
7290014218932,false,חטיפי פיצה בתוספ זיתים בשקית מעדנות 710 גרם,מיוצר עי קונדיטוריית,IL,חטיפי פיצה בתוספת זיתים בשקית 710 גרם,גרמים,710.00,100 גרם,false,1,37.90,5.3380,true,1,42168
7290014256620,false,"יין מבעבע קריניאנו באזז יקבי כרמל 750 מ""ל",אגודת הכורמים -כרמל מזרחי,IL,"יין BUZZ קריניאנו 750 מ""ל",מיליליטרים,750.00,"100 מ""ל",false,1,29.90,3.9867,true,1,30257
7290014397507,false,מבשם אויר סנו פרש הום בניחוח מאסק מעודן 350 מ''ל,מיוצר עי קונדיטוריית,IL,סנו פרש מבשם לבית מאסק מעודן 350 מל,מיליליטרים,350.00,"100 מ""ל",false,1,16.90,4.8286,true,1,51294
7290014397514,false,"מבשם אויר סנו פרש הום בניחוח כותנה מלטפת 350 מ""ל",החברה הדרומית לשיווק בעמ,IL,פרש הום מבשם לבית כותנה מלטפת 350 מל,מיליליטרים,350.00,"100 מ""ל",false,1,16.90,4.8286,true,1,51295
7290014397767,false,סנו ריצפז פרש הום 2 ליטר בניחוח כותנה-מרכז,החברה הדרומית לשיווק בעמ,IL,ריצפז פרש הום כותנה מלטפת 2 ליטר,ליטרים,2.00,ליטר,false,1,22.90,11.4500,true,1,30948
7290014397835,false,סנו - מט דוחה יתושים נוזלי מכשיר + מילוי 45 לילות,החברה הדרומית לשיווק בעמ,IT,סמארט מכשיר+מילוי 45 לילות,לא מנהל יחידת מידה,0.00,לא מנהל יחידת מידה,false,1,39.90,0.0000,true,1,33574
7290014435704,false,סלמון מעושן פרוס 100ג(שמיר),שבעת הימים - שמיר,,סלמון מעושן 100 גרם,גרמים,100.00,100 גרם,false,1,27.90,27.9000,true,1,27540
7290014435803,false,מטיאס הולנדי (פרובנציאל) עם בצל בשמן 180 גרם,שבעת הימים - שמיר,,מטיאס הולנדי עם בצל בשמן 180 גרם,גרמים,180.00,100 גרם,false,1,21.90,12.1667,true,1,27546
7290014435810,false,נתחי הרינג כבוש עם בצל במרינת חמוץ מתוק שמיר 220 גרם,"סלטי שמיר 2006 בע""מ",,הרינג כבוש עם בצל 180 גרם,גרמים,180.00,100 גרם,false,1,21.90,12.1667,true,1,27547
7290014435872,false,סלט הרינג עם מיונז שמיר 200 גרם,"סלטי שמיר 2006 בע""מ",,סלט הרינג עם מיונז 180 גרם,גרמים,180.00,100 גרם,false,1,21.90,12.1667,true,1,27548
7290014435889,false,סלט מטיאס עם מיונז שמיר 200 גרם,שבעת הימים - שמיר,,סלט מטיאס עם מיונז 180 גרם,גרמים,180.00,100 גרם,false,1,21.90,12.1667,true,1,27549
7290014455245,false,גבינה גרנה פדנו משולש גד 200 גר',מחלבות גד שיווק 1992 בעמ,IT,גבינת פדנו משולש 200 גרם גד,גרמים,200.00,100 גרם,false,1,27.90,13.9500,true,1,32248
7290014455252,false,גבינת גרנה פדנו מגורדת 29% גד (100 גרם),מחלבות גד שיווק 1992 בעמ,IT,גד גרנה פדנו גבינה קשה מגוררדת 29% שומן,גרמים,100.00,100 גרם,false,1,13.90,13.9000,true,1,32249
7290014455320,false,גבינה כדורי מוצרלה פרסקה גד 100ג',מחלבות גד שיווק 1992 בעמ,IL,גד מוצרלה פרסקה מחלב בקר 18% שומן,גרמים,100.00,100 גרם,false,1,10.90,10.9000,true,1,30300
7290014455467,false,ירח מתוק מעדן חלב 2% ושיבולת שועל גד 150ג',מחלבות גד שיווק 1992 בעמ,IL,גד מעדן שיבולת שועל וחלב 2% שומן,גרמים,150.00,100 גרם,false,1,6.90,4.6000,true,1,32500
7290014455610,false,"יוגורט עיזים תות 125 גרם ""גד""",מחלבות גד שיווק 1992 בעמ,IL,יוגורט עיזים עם תות 125 גרם גד,גרמים,125.00,100 גרם,false,1,7.00,5.6000,true,1,33967
7290014455627,false,יוגורט עיזים עם דובדבן אמרנה 125גר,מחלבות גד שיווק 1992 בעמ,IL,יוגורט עיזים עם דובדבן אמרנה 125 גרם גד,גרמים,125.00,100 גרם,false,1,7.00,5.6000,true,1,33968
7290014466128,false,"יין הר חרמון אינדיגו 750 מ""ל",מיוצר וממולא על ידי יקב,IL,"יין הר חרמון אינדיגו 750 מ""ל",מיליליטרים,750.00,"100 מ""ל",false,1,44.90,5.9867,true,1,25972
7290014466463,false,הר חרמון מוסקט יקב רמת הגולן (750 מל),היכל היין שקד גולן בעמ,IL,"הר חרמון מוסקטו 2020 750 מ""ל",מיליליטרים,750.00,"100 מ""ל",false,1,44.90,5.9867,true,1,31620
7290014466609,false,יין גמלא מרלו עברית 2018*,היכל היין שקד גולן בעמ,IL,"גמלא השמורה מרלו 2016 יין אדום יבש, 750 מל",מיליליטרים,750.00,"100 מ""ל",false,1,79.90,10.6533,true,1,32499
7290014472136,false,גרעין שחור קלוי ששון הקולה (150 גרם),דין שיווק וקליה 2021 בעמ,IL,גרעין שחור קלוי 150גרם,גרמים,150.00,100 גרם,false,1,6.90,4.6000,true,1,52929
7290014472228,false,תאנים ששון הקולה (330 גרם),דין שיווק וקליה 2021 בעמ,,תאנים בקופסא 330 גרם,גרמים,330.00,100 גרם,false,1,25.90,7.8485,true,1,52897
7290014472235,false,פקאן סיני מסוכר ששון הקולה (200 גרם),דין שיווק וקליה 2021 בעמ,,פקאן סיני 200 גרם,גרמים,200.00,100 גרם,false,1,29.90,14.9500,true,1,53369
7290014472471,false,גרעיני חמנייה קלוי ענק ששון הקולה 200 גרם,דין שיווק וקליה 2021 בעמ,IL,גרעין שחור ענק פרימיום 200גרם,גרמים,200.00,100 גרם,false,1,7.90,3.9500,true,1,52858
7290014472488,false,שקד קלוי ענק 250 גרם פרימיום ששון הקולה,דין שיווק וקליה 2021 בעמ,IL,שקד קלוי ענק 250גרם פרימיום,גרמים,250.00,100 גרם,false,1,29.90,11.9600,true,1,52861
7290014472495,false,קשיו קלוי ענק פרימיום ששון הקולה 250 גרם,דין שיווק וקליה 2021 בעמ,IL,קשיו קלוי ענק 250גרם פרימיום,גרמים,250.00,100 גרם,false,1,27.90,11.1600,true,1,52860
7290014472501,false,פיסטוק קלוי ענק פרימיום ששון הקולה 250 גרם,דין שיווק וקליה 2021 בעמ,IL,פיסטוק קלוי ענק פרימיום 250גרם,גרמים,250.00,100 גרם,false,1,29.90,11.9600,true,1,52859
7290014472518,false,בוטן קלוי ענק פרימיום ששון הקולה 250 גרם,דין שיווק וקליה 2021 בעמ,IL,בוטן קלוי ענק פרימיום 250גרם,גרמים,250.00,100 גרם,false,1,11.90,4.7600,true,1,52857
7290014472525,false,תערובת פיצוחים פרימיום ששון הקולה 250 גרם,דין שיווק וקליה 2021 בעמ,IL,תערובת פיצוחים 250 גרם פרימיום,גרמים,250.00,100 גרם,false,1,25.90,10.3600,true,1,52862
7290014503137,false,יין אדום יבש יובלים יקב דלתון (750 מל),הכרם - משקאות חריפים בעמ,IL,"יין דלתון כנען אדום 750 מ""ל",מיליליטרים,750.00,"100 מ""ל",false,1,52.90,7.0533,true,1,34586
7290014503144,false,יין לבן יובלים יקב דלתון (750 מל),הכרם - משקאות חריפים בעמ,IL,"יין דלתון כנען לבן 750 מ""ל",מיליליטרים,750.00,"100 מ""ל",false,1,49.90,6.6533,true,1,34587
7290014503618,false,"יין דלתון עלמה רוזה 750 מ""ל","יקב דלתון בע""מ",IL,יין דלתון עלמה קוראל 750 מל,מיליליטרים,750.00,"100 מ""ל",false,1,79.90,10.6533,true,1,49899
7290014503830,false,"יין שרדונה אסטייט דלתון 750 מ""ל",יקב דלתון מרום גליל,,יין שרדונה דלתון 750,מיליליטרים,750.00,"100 מ""ל",false,1,74.90,9.9867,true,1,50542
7290014525290,false,חטיפי סלים דליס קריספי תות מרבה 125 גרם,סלים דליס Slim Delis,NL,חטיף דגנים סלים דליס קריספי 125 גרם,גרמים,125.00,100 גרם,false,1,10.00,8.0000,true,1,33187
7290014525313,false,חטיפי סלים דליס קריספי שוקולד מרבה 125 גרם,סלים דליס Slim Delis,NL,חטיף דגנים סלים דליס קריספי שוקולד 125 ג,גרמים,125.00,100 גרם,false,1,10.00,8.0000,true,1,33189
7290014525672,false,מרבה על חלל עוגיות קקאו וסוכריות שוקולד חלב 140 גרם,ש.שסטוביץ בעמ,NL,מרבה עוגיות עם סוכריות שוקולד חלב צבעוניות,גרמים,140.00,100 גרם,false,1,10.90,7.7857,true,1,52113
7290014581036,false,"פחם למנגל הלהבה כ2- ק""ג",פחם קוואנגו סחר בעמ,,"פחם להבה 2 ק""ג",קילוגרמים,2.00,"ק""ג",false,1,16.90,8.4500,true,1,49234
7290014603028,false,שלגון סולרו שרבט תות-חלבי,"מיוצר ע""י גלידת שטרא",IL,שלגון סולרו וניל ציפוי תות,גרמים,76.00,100 גרם,false,1,11.90,15.6579,true,1,25859
7290014603776,false,קרמבו וניל מארז 20 י,שטראוס גלידות,IL,קרמבו וניל,גרמים,500.00,100 גרם,false,1,31.90,6.3800,true,1,28144
7290014648906,false,LA BELLEמסיר לק מהציפורניים 100 מל,פארמה דיל (פ.א.ב.) שיווק והפצה,IL,"אציטון לה בל 100 מ""ל",מיליליטרים,100.00,"100 מ""ל",false,1,5.90,5.9000,true,1,49670
7290014692299,false,גבינת ברי EURO CHEESE ויליפוד 125 גרם,ג.וילי-פוד אינטרנשיונל **גבינו,DK,גבינת ברי קסטלו יורו 125 גרם,גרמים,125.00,100 גרם,false,1,22.90,18.3200,true,1,31935
7290014692305,false,גבינת קממבר EURO CHEESE ויליפוד 125 גרם,ג.וילי-פוד אינטרנשיונל **גבינו,DK,גבינת קממבר סטלו יורו 125 גרם,גרמים,125.00,100 גרם,false,1,22.90,18.3200,true,1,35024
7290014692541,false,פתיתים מגורדת וילי פוד (500 גרם)GOLDEN,ג.וילי-פוד אינטרנשיונל **גבינו,IL,צהובה מגורדת,גרמים,500.00,100 גרם,false,1,23.90,4.7800,true,1,31941
7290014692565,false,גרעיני תירס מתוק וילי פוד (320 גרם),ג.וילי-פוד אינטרנשיונל בעמ,HU,ויליפוד גרעיני תירס מתוק 320 גרם,גרמים,320.00,100 גרם,false,1,6.50,2.0313,true,1,31610
7290014692817,false,גבינת מוצרלה מגורדתEURO CHEESE ויליפוד 200 גרם,ג.וילי-פוד אינטרנשיונל **גבינו,IL,גבינת מוצרלה מגורדת 200גרם E,גרמים,200.00,100 גרם,false,1,17.90,8.9500,true,1,31936
7290014738652,false,"ערק ערנבים 700 מ""ל",אליס בראנפמן,IL,"ערק ערנבים 700 מ""ל",מיליליטרים,700.00,"100 מ""ל",false,1,79.90,11.4143,true,1,54741
7290014748958,false,דג טוב פופקורן מיני אמנון ציפס נ.שלם 400גר,קבוצת אוסם סחר שותפות מוגבלת,IL,ד.ט.פופקורן מיני אמנון ציפס נ.שלם14*400ג,גרמים,400.00,100 גרם,false,1,36.90,9.2250,true,1,41662
7290014749245,false,ספיישל רצועות שניצל שומשום עוף טוב 600 גרם,קבוצת אוסם סחר שותפות מוגבלת,IL,עוף טוב ספיישל רצועות שניצל שמשם.12*600ג,גרמים,600.00,100 גרם,false,1,39.90,6.6500,true,1,48922
7290014749702,false,שניצל עוף ביתי עם שומשום,מוצרי עוף טוב (2001) בע\,IL,שניצל עוף טוב בציפוי שומשום 700גרם,גרמים,700.00,100 גרם,false,1,44.90,6.4143,true,1,49460
7290014749726,false,שניצל עוף ביתי קריספי עוף טוב 700 גרם,קבוצת אוסם סחר-שות.מוגבלת,IL,ע.טוב שניצל עוף ביתי קריספי 700גרם,גרמים,700.00,100 גרם,false,1,44.90,6.4143,true,1,49461
7290014749825,false,עוף טוב צונגו רצועות שניצל גריל 600 גרם,קבוצת אסם סחר שות. מוגבלת,IL,עוף טוב צונגו רצועות שניצל גריל 600גרם,לא מנהל יחידת מידה,0.00,לא מנהל יחידת מידה,false,1,39.90,0.0000,true,1,49465
7290014749863,false,עוף טוב שניצל דק ענק קריספי צ'יפס 720 גרם,קבוצת אוסם סחר-שות.מוגבלת,IL,שניצל דקענק קריספי ציפס עוף טוב 720גרם,גרמים,720.00,100 גרם,false,1,41.90,5.8194,true,1,52011
7290014758100,false,מאגדת יוגורט ביו 3% שומן 8 יח' *150ג' תנובה,מיוצר עי קונדיטוריית,IL,מאגדת יוגורט ביו 3% תנובה 8*150 גרם,קילוגרמים,1.20,"ק""ג",false,1,17.30,14.4167,true,1,50501
7290014758117,false,מאגדת יוגורט ביו 1.5% שומן 8 יח' *150 ג' תנובה,מיוצר עי קונדיטוריית,IL,מאגדת יוגורט ביו 1.5% תנובה 8*150 גרם,קילוגרמים,1.20,"ק""ג",false,1,17.30,14.4167,true,1,50502
7290014758162,false,חלב עיזים מלא 3.6% שומן תנובה (1 ליטר),תנובה מרכז שיתופי לש,IL,חלב עיזים קרטון 1 ליטר,ליטרים,1.00,ליטר,false,1,18.50,18.5000,true,1,30392
7290014758681,false,גבינת קוטג`1% בגביע תנובה (250 גרם),מיוצר עי קונדיטוריית,IL,קוטג 1% תנובה 250 גרם,גרמים,250.00,100 גרם,false,1,5.70,2.2800,true,1,26104
7290014759084,false,גבינת שמנת נפוליאון 16% מופחת שומן תנובה 225 גרם,תנובה מרכז שיתופי לש,IL,גבינת שמנת נפוליאון בסגנון צרפתי 225 גרם,גרמים,225.00,100 גרם,false,1,15.20,6.7556,true,1,27245
7290014759534,false,גבינה בולגרית למריחה טבעי 5% 200 ג' פיראוס,"תנובה, מחלבת תל יוסף",IL,גבינה בולגרית 5% למריחה 200 גרם,גרמים,200.00,100 גרם,false,1,16.50,8.2500,true,1,27376
7290014759978,false,קצ`קאבל פלח גלעד 200 גר`קולקשיין תנובה,תנובה בעמ ***,IL,"קצ""קבל פלח 200 גרם קולקשיין",גרמים,200.00,100 גרם,false,1,31.90,15.9500,true,1,30342
7290014759985,false,פרמזן פלח גבע 23% 200 גר`קולקשיין תנובה,תנובה - חלב,IL,פרמזן פלח 200 גרם קולקשיין,גרמים,200.00,100 גרם,false,1,27.90,13.9500,true,1,27382
7290014759992,false,פלח רוקפור גליל 26% 140 גר`קולקשיין תנו,"תנובה, מחלבת תל יוסף",IL,גבינת רוקפור פלח 140 גרם קולקשיין,גרמים,140.00,100 גרם,false,1,22.90,16.3571,true,1,27381
7290014760134,false,"מעדן סויה בטעם וניל תנובה 125 מ""ל",תנובה Alternative,IL,מעדן סויה ביו בטעם וניל 125 גרם,גרמים,125.00,100 גרם,false,1,4.90,3.9200,true,1,38539
7290014760141,true,משקה שקדים טרי 1 ליט,תות תעשיות מזון (201,IL,משקה שקדים טרי 1 ליטר,ליטרים,1.00,ליטר,false,1,14.90,14.9000,true,1,31646
7290014761056,false,מעדן שוקולד חלב יולו תנובה 123 גרם,מיוצר עי קונדיטוריית,IL,YOLO מעדן שוקולד חלב מעולה 123 גרם,גרמים,123.00,100 גרם,false,1,5.20,4.2276,true,1,28839
7290014761063,false,מעדן שוקולד מריר יולו תנובה 123 גרם,מיוצר עי קונדיטוריית,IL,YOLO מעדן שוקולד מריר מעולה 123 גרם,גרמים,123.00,100 גרם,false,1,5.20,4.2276,true,1,28840
7290014761070,false,מעדן שוקולד לבן יולו תנובה 123 גרם,מיוצר עי קונדיטוריית,IL,YOLO מעדן שוקולד לבן מעולה 123 גרם,גרמים,123.00,100 גרם,false,1,5.20,4.2276,true,1,28841
7290014761414,false,יולו מעדן שכבות שוקולד חלב ולבן 123 גר,מיוצר עי קונדיטוריית,IL,YOLO מעדן שכבות שוקולד חלב ולבן 122 גרם,גרמים,123.00,100 גרם,false,1,5.20,4.2276,true,1,28844
7290014761612,false,מעדן שכבות שוקולד מריר ולבן יולו 122 גרם,מיוצר עי קונדיטוריית,IL,YOLO מעדן שכבות שוקולד מריר 123 גרם,גרמים,123.00,100 גרם,false,1,5.20,4.2276,true,1,30262
7290014762756,false,גבינת שמנת נפוליאון 16% עם בצל תנובה 225 גרם,תנובה - חלב,IL,גבינת שמנת נפוליאון בצל 200 גרם,גרמים,200.00,100 גרם,false,1,15.20,7.6000,true,1,33459
7290014762800,false,מעדן סויה שוקולד גביע 125 גרם אלטרנטיב,תנובה מרכז שיתופי לש,IL,תנובה מעדן סויה שוקולד 2% שומן 125 גרם,גרמים,125.00,100 גרם,false,1,4.90,3.9200,true,1,37175
7290014762831,false,גבינת שמנת נפוליאון 16% עם פלפל חלפיניו תנובה 225 גרם,תנובה מרכז שיתופי לש,IL,גבינת נפוליאון 24% חלפיניו 225 גרם,גרמים,225.00,100 גרם,false,1,15.20,6.7556,true,1,47132
7290014762909,false,פתיתי מוצרלה השף הלבן 10% תוספת מתנה,"תנובה, מחלבת תל יוסף",IL,פתיתי מוצרלה 10% תוספת השף הלבן,גרמים,200.00,100 גרם,false,1,19.90,9.9500,true,1,33230
7290014763098,false,קרם גבינת שמנת 5% עם פלפל שום ובצל 200 ג' תנובה,תנובה - חלב,IL,קרם גבינת שמנת 5% בניחוח טוסקנה 200 גרם,גרמים,200.00,100 גרם,false,1,14.90,7.4500,true,1,33211
7290014763272,false,יוגורט סויה BIO לשתיה תות ובננה אלטרנטיב,תות תעשיות מזון (201,IL,"משקה סויה ביו עם תות ובננה 250 מ""ל",מיליליטרים,250.00,"100 מ""ל",false,1,6.20,2.4800,true,1,33531
7290014791572,false,"שוויפס מוגז בטעם ענבים 330 מ""ל",יפאורה שותפות מוגבלת לשיווק,IL,"שוופס מוגז פירות ענבים 330 מ""ל זכוכית",מיליליטרים,330.00,"100 מ""ל",false,1,6.90,2.0909,true,1,35665
7290014791848,false,FRUIT WATER טעם אננס 0.5 ליטר,יפאורה תבורי בעמ,IL,Fruit Water אננס 0.5 ל',מיליליטרים,500.00,"100 מ""ל",false,1,6.90,1.3800,true,1,35670
7290014791879,false,FRUIT WATER טעם אבטיח 0.5 ליטר,יפאורה שותפות מוגבלת לשיווק,IL,Fruit Water אבטיח 0.5 ל',מיליליטרים,500.00,"100 מ""ל",false,1,6.90,1.3800,true,1,35747
7290014821064,false,כבל סנכרון אלומניום גלקסי 2 מטר,ארטוס,,כבל גלקסי 2 מטר,יחידה,1.00,יחידה,false,1,29.90,29.9000,true,1,47967
7290014821347,false,אוזניות מיקרופות איכ,ארטוס,,אוזניות PURE-METAL,יחידה,1.00,יחידה,false,1,49.90,49.9000,true,1,47956
7290014821507,false,מטען קיר אייפון מאוש,,,מטען קיר אייפון מאושר אפל 2.1,יחידה,1.00,יחידה,false,1,79.90,79.9000,true,1,47960
7290014855458,false,מגבוני בייביסיטר פרפורמנס ללא בישום מארז 72X4יח',בייביסיטר Babysitter,,מגבונים בייביסיטר רביעייה לא בישום,לא מנהל יחידת מידה,0.00,לא מנהל יחידת מידה,false,1,19.90,0.0000,true,1,31207
7290014855847,false,מגבוני בייביסיטר מהדורת,dpl תעשיות מוצרים חד,IL,מגבונים בייביסיטר מהדורה שלישייה,יחידה,1.00,יחידה,false,3,14.90,14.9000,true,1,49803
7290014860070,false,"מקלוני אורז ללא גלוטן 5 מ""מ 454גר' (אור)",מזרח ומערב יבוא ושיווק,CN,"מקלוני אורז 5 מ""מ ללא גלוטן",גרמים,454.00,100 גרם,false,1,11.90,2.6211,true,1,53971
7290014890145,false,גבינת שמנת טבעי 225 גרם יעקובס,גבינות משק יעקבס,IL,שמנת טבעית משק יעקבס,גרמים,225.00,100 גרם,false,1,14.90,6.6222,true,1,42135
7290014890206,false,קרם פרש 250גרם יעקוב,גבינות משק יעקבס,IL,קרם פרש 250 גרם,גרמים,250.00,100 גרם,false,1,16.90,6.7600,true,1,42145
7290014890237,false,גבינת קממברט יעקבס 125 גרם,גבינות משק יעקבס,IL,קממבר בקר בייבי יעקובס 125גרם,גרמים,125.00,100 גרם,false,1,19.90,15.9200,true,1,42134
7290014890596,false,ברי עיזים בייבי יעקו,גבינות יעקבס,IL,ברי עיזים בייבי יעקובס 125גרם,גרמים,125.00,100 גרם,false,1,19.90,15.9200,true,1,54039
7290014940901,true,לחם פשוט מלא 750 גרם,מאפיית שלמה א. אנג'ל,IL,לחם פשוט מלא 750 גרם,גרמים,750.00,100 גרם,false,1,15.90,2.1200,true,1,30348
7290014974562,false,גביעי גלידה רגיל טילון עלמה גילרו 24 יח',"א.ג גילרו בע""\מ",IL,עלמה גביעי טילון 24 יח',גרמים,120.00,100 גרם,false,1,11.90,9.9167,true,1,36353
7290015009003,false,מונטנייר חומץ יין לבן 500מל,מנדלז סי.אר. פרודקשן,ES,דניאל חומץ בן יין לבן 500 מל,מיליליטרים,500.00,"100 מ""ל",false,1,16.90,3.3800,true,1,27626
7290015009010,false,מונטנייר חומץ יין אדום 500מל,מנדלז סי.אר. פרודקשן,ES,חומץ בן יין אדום 5%,מיליליטרים,500.00,"100 מ""ל",false,1,16.90,3.3800,true,1,27627
7290015009027,false,"חומץ בלסמי 500 מ""ל ""daniel""",ר. צ'צ'יק,ES,חומץ בלסמי חומציות 6%,מיליליטרים,500.00,"100 מ""ל",false,1,24.90,4.9800,true,1,31817
7290015009041,false,"חומץ תפוחים 500 מ""ל ""daniel""",מנדלז סי.אר. פרודקשן,ES,דניאל חומץ תפוחים 500 מל,מיליליטרים,500.00,"100 מ""ל",false,1,16.90,3.3800,true,1,31818
7290015009225,false,"ריבת חלב מקורים 450 גרם ""DANIEL""",קארו,,ריבת חלב מקורית דניאל 450 גרם,גרמים,450.00,100 גרם,false,1,18.90,4.2000,true,1,36107
7290015009294,false,גבינת פרמיזאנו רזאנו170ג,ביג גראנה,,גבינת פרמיזאנו ראזאנו 170 גרם,גרמים,170.00,100 גרם,false,1,34.90,20.5294,true,1,36812
7290015009393,false,זיתים שחורים מגולענים מזן קלמטה בחיי מלח,אידיאל סנייק,GR,זיתים שחורים מגולענים קלמטהIDEAL גרם250,גרמים,250.00,100 גרם,false,1,18.90,7.5600,true,1,51255
7290015009409,false,זיתים שחורים מזן טאסוס במלח 250 גרם,אידיאל סנייק,GR,זיתים שחורים טאסוס IDEALגרם 250,גרמים,250.00,100 גרם,false,1,18.90,7.5600,true,1,50695
7290015009508,false,סירופ מייפל טהור 250 מל,דרק אמבר,US,סירופ מייפל טהור זכוכית דרק אמבר250 מל,מיליליטרים,250.00,"100 מ""ל",false,1,39.90,15.9600,true,1,52411
7290015039482,false,גבינת אדם פלח 230גרם 24%שומן - הולנד,ג.וילי-פוד אינטרנשיונל **גבינו,NL,גבינת אדם פלח 230 גרם 24% שומן - הולנד,גרמים,160.00,100 גרם,false,1,24.90,15.5625,true,1,31884
7290015129121,false,אטריות גל קונג`אק נודלס ללא גלוטן סקיני,הוויזאי וואנגייה פוד,CN,סקיני פסטה- בצורת אטריות פטוצ'יני 200 גרם,גרמים,270.00,100 גרם,false,1,13.90,5.1481,true,1,28205
7290015129145,false,אטריות קונג'אק בתוספת טפיוקה בצורת ספגטי,הוויזאי וואנגייה פוד,CN,סקיני פסטה- בצורת אטריות ספגטי 200 גרם,גרמים,270.00,100 גרם,false,1,13.90,5.1481,true,1,28207
7290015129220,false,איטריות גל קונג`אק בצורת קוסקוס סקיני פס,אף.סי תבליני בגליל ב,CN,סקיני פסטה- בצורת פתיתים 200 גרם,גרמים,250.00,100 גרם,false,1,13.90,5.5600,true,1,31716
7290015129251,false,איטריות גל קונג`אק בצורת פסטה פטוצ`יני ס,אף.סי תבליני בגליל ב,CN,סקיני פסטה- בצורת אטריות פטוצ'יני 200 גרם,גרמים,270.00,100 גרם,false,1,13.90,5.1481,true,1,31718
7290015129312,false,תבשיל מרק עם אטריות קונגאק סקיני סופ בטע,אף.סי תבליני בגליל ב,CN,תבשיל מרק בטעם עוף סקיני סופ 234גרם,גרמים,234.00,100 גרם,false,1,20.90,8.9316,true,1,52419
7290015129411,false,מארז חטיף צימוקים וח,מנדלז סי.אר. פרודקשן,IL,מאגדת סקיני צימוקים וחמוציות 375גרם,גרמים,375.00,100 גרם,false,1,28.90,7.7067,true,1,52341
7290015129428,false,מאגדת סקיני אגוזי לו,מנדלז סי.אר. פרודקשן,IL,מאגדת סקיני אגוזי לוז וקינמון 375גרם,גרמים,375.00,100 גרם,false,1,28.90,7.7067,true,1,52342
7290015150590,false,תה ירוק ג'ינג'ר חריף ויסוצקי 25 יחידות,תה ויסוצקי (ישראל) בעמ,IL,חדש תה ירוק ג'ינג'ר חריף אש T.T,גרמים,37.00,100 גרם,false,1,26.90,72.7027,true,1,31693
7290015150903,false,תה ירוק גן קסום קינמון ודבש 25 שק*1.5 גר,תה ויסוצקי (ישראל) בעמ,IL,תה ירוק קינמון ודבש T.T,גרמים,38.00,100 גרם,false,1,26.90,70.7895,true,1,33874
7290015155823,false,מחית תפוחי עץ חטיפטף ללא תוספת סוכר,גורי מוצרי צריכה (1991) בעמ,CZ,"פרינוק חטיפטף מחית תפוחי עץ 100% פרי, 120 גרם",גרמים,120.00,100 גרם,false,1,5.90,4.9167,true,1,47481
7290015155847,false,מחית סלט פירות חטיפטף ללא תוספת סוכר,גורי מוצרי צריכה (1991) בעמ,CZ,"פרינוק חטיפטף מחית סלט פירות 100% פרי, 120 גרם",גרמים,120.00,100 גרם,false,1,5.90,4.9167,true,1,47482
7290015176361,false,מברשת שיניים חשמלית למבוגרים-FJ-TBFJ-ABLUE,פוג'יקום,,מברשת שיניים חשמלית פוגיקום כחול,יחידה,1.00,יחידה,false,1,39.90,39.9000,true,1,41786
7290015193559,false,מעדני המלך אובלטים מלוחים 300 גרם,אם החיטה,,אובלטים דקיקים מלוחים 300 גרם,גרמים,300.00,100 גרם,false,1,14.90,4.9667,true,1,36332
7290015193566,false,מעדני המלך אובלטים שומשום 300 גרם,אם החיטה,,אובלטים דקיקים שומשום 300 גרם,גרמים,300.00,100 גרם,false,1,14.90,4.9667,true,1,36333
7290015282390,false,סלט תורכי 200 גרם שמיר,"סלטי שמיר 2006 בע""מ",IL,סלט תורכי-גורמה,גרמים,200.00,100 גרם,false,1,14.90,7.4500,true,1,49888
7290015282581,false,חומוס אבו גוש עם חריף שמיר 200 גרם,"סלטי שמיר 2006 בע""מ",IL,חומוס עם חריף 200 גרם,גרמים,200.00,100 גרם,false,1,13.90,6.9500,true,1,49872
7290015282598,false,חומוס מסעדות גורמה שמיר 200 גרם,"סלטי שמיר 2006 בע""מ",IL,חומוס מסעדות 200 גרם,גרמים,200.00,100 גרם,false,1,13.90,6.9500,true,1,49873
7290015282604,false,טחינה מיוחדת גורמה שמיר 200 גרם,"סלטי שמיר 2006 בע""מ",IL,טחינה מיוחדת 200 גרם,גרמים,200.00,100 גרם,false,1,13.90,6.9500,true,1,49876
7290015282635,false,חומוס מסבחה גורמה שמיר 200 גרם,"סלטי שמיר 2006 בע""מ",IL,חומוס מסבחה 200 גרם,גרמים,200.00,100 גרם,false,1,13.90,6.9500,true,1,49874
7290015282642,false,חומוס אבו גוש גורמה שמיר 200 גרם,"סלטי שמיר 2006 בע""מ",IL,חומוס אבו גוש 200 גרם,גרמים,200.00,100 גרם,false,1,13.90,6.9500,true,1,49878
7290015282673,false,חציל במיונז ביתי גורמה שמיר 200 גרם,"סלטי שמיר 2006 בע""מ",IL,חציל במיונז ביתי 200 גרם,גרמים,200.00,100 גרם,false,1,13.90,6.9500,true,1,49875
7290015282697,false,כרוב אדום שמיר גורמה 200גר,"סלטי שמיר 2006 בע""מ",IL,כרוב אדום 200 גרם,גרמים,200.00,100 גרם,false,1,14.90,7.4500,true,1,49883
7290015282710,false,קוביות סלק גורמה שמיר 200 גרם,"סלטי שמיר 2006 בע""מ",IL,קוביות סלק 200 גרם,גרמים,200.00,100 גרם,false,1,13.90,6.9500,true,1,49892
7290015282734,false,מטבוחה ביתית גורמה שמיר 200 גרם,"סלטי שמיר 2006 בע""מ",IL,מטבוחה ביתית-גורמה,גרמים,200.00,100 גרם,false,1,14.90,7.4500,true,1,49891
7290015282741,false,חציל תאילנדי אסלי שמיר 200 ג',"סלטי שמיר 2006 בע""מ",IL,חציל תאילנדי 200 גרם,גרמים,200.00,100 גרם,false,1,14.90,7.4500,true,1,49881
7290015289009,false,"בירה הרצל שש אחוז כפרה 330 מ""ל",ג'נרל מילס סאן אדריא,IL,הרצל בירה חזקה Xחוז כפרה 330 מל,גרמים,330.00,100 גרם,false,1,14.90,4.5152,true,1,51892
7290015289016,false,"בירה הרצל דולצה דה עסל 330 מ""ל",ג'נרל מילס סאן אדריא,IL,בירה הרצל דולצה דה עסל 330 מל,מיליליטרים,330.00,"100 מ""ל",false,1,14.90,4.5152,true,1,51889
7290015289054,false,"בירה הרצל לבנה 330 מ""ל",ג'נרל מילס סאן אדריא,IL,בירה הרצל לבנה 330 מל,מיליליטרים,330.00,"100 מ""ל",false,1,14.90,4.5152,true,1,51890
7290015324007,false,פלפל שחור גרוס 80 גר' טעם וריח,"תבליני טעם וריח בע""מ",IL,"תבליני טעם וריח, 100% פלפל שחור גרוס, 80 גרם",גרמים,80.00,100 גרם,false,1,11.90,14.8750,true,1,42021
7290015324014,false,"פלפל שחור טחון בשקית 80 גרם ""טעם וריח""","תבליני טעם וריח בע""מ",IL,"תבליני טעם וריח, 100% פלפל שחור טחון, 80 גרם",גרמים,80.00,100 גרם,false,1,11.90,14.8750,true,1,28044
7290015324038,false,פפריקה מתוקה בשמן 100 גרם טעם וריח,"תבליני טעם וריח בע""מ",IL,פפריקה בשמן 80 גרם,גרמים,80.00,100 גרם,false,1,5.90,7.3750,true,1,28045
7290015324045,false,תבלין פפריקה חריפה 80 גר' שק',"תבליני טעם וריח בע""מ",IL,"תבליני טעם וריח, 100% פפריקה חריפה, 80 גרם",גרמים,80.00,100 גרם,false,1,5.90,7.3750,true,1,28046
7290015324052,false,פפריקה מתוקה 80 גר' טעם וריח,"תבליני טעם וריח בע""מ",IL,"תבליני טעם וריח, 100% פפריקה מתוקה, 80 גרם",גרמים,80.00,100 גרם,false,1,5.90,7.3750,true,1,28047
7290015324069,false,גריל עוף 80 גר' טעם וריח,"תבליני טעם וריח בע""מ",IL,"תבליני טעם וריח, תערובת תיבול גריל עוף, 80 גרם",גרמים,80.00,100 גרם,false,1,5.90,7.3750,true,1,28048
7290015324083,false,מלח לימון 80 גר' טעם וריח,"תבליני טעם וריח בע""מ",IL,"תבליני טעם וריח, 100% מלח לימון, 80 גרם",גרמים,80.00,100 גרם,false,1,5.90,7.3750,true,1,28049
7290015324090,false,כמון טחון 80 גר' טעם וריח,"תבליני טעם וריח בע""מ",IL,"תבליני טעם וריח, 100% כמון מזרחי, 80 גרם",גרמים,80.00,100 גרם,false,1,5.90,7.3750,true,1,28050
7290015324106,false,כורכום טחון 80 גר' טעם וריח,"תבליני טעם וריח בע""מ",IL,"תבליני טעם וריח, 100% כורכום, 80 גרם",גרמים,80.00,100 גרם,false,1,5.90,7.3750,true,1,28051
7290015324113,false,טעם וריח בהרט שקית 8,"תבליני טעם וריח בע""מ",IL,"תבליני טעם וריח, תערובת תיבול בהרט לבישול, 80 גרם",גרמים,80.00,100 גרם,false,1,5.90,7.3750,true,1,47574
7290015324120,false,שום גבישי 80 גר' טעם וריח,"תבליני טעם וריח בע""מ",IL,תבליני טעם וריח שום גבישי 80 גרם,גרמים,80.00,100 גרם,false,1,5.90,7.3750,true,1,47575
7290015324151,false,חוואיג' למרק 80 גר' טעם וריח,"תבליני טעם וריח בע""מ",IL,חוויאג למרק 80 גרם,גרמים,80.00,100 גרם,false,1,5.90,7.3750,true,1,28052
7290015324168,false,שק 80 גרם על האש ללא מונוסטדיום,"תבליני טעם וריח בע""מ",IL,"תבליני טעם וריח, תערובת תיבול על האש, 80 גרם",גרמים,80.00,100 גרם,false,1,5.90,7.3750,true,1,28053
7290015324175,false,תיבול לשווארמה 80 גר' טעם וריח,"תבליני טעם וריח בע""מ",IL,תבליני טעם וריח תערובת תיבול לשווארמה 80 גרם,גרמים,0.00,100 גרם,false,1,5.90,0.0000,true,1,50085
7290015324281,false,"בצל מטוגן שקית 200 גרם""טעם וריח""",תבליני טעם וריח בעמ,NL,תבליני טעם וריח שבבי בצל מטוגן 200 גרם,גרמים,200.00,100 גרם,false,1,11.90,5.9500,true,1,35577
7290015324427,false,סודה לשתיה 80 גר' טעם וריח,"תבליני טעם וריח בע""מ",IL,סודה לשתייה שקית 80 גרם,גרמים,80.00,100 גרם,false,1,4.90,6.1250,true,1,40789
7290015324519,false,תערובת לפיצה שקית 80 גרם,"תבליני טעם וריח בע""מ",IL,תערובת תיבול לפיצה 80 גרם,גרמים,80.00,100 גרם,false,1,5.90,7.3750,true,1,47362
7290015324533,false,רוזמרין מיכל גדול 55 גרם,"תבליני טעם וריח בע""מ",IL,תבליני טעם וריח רוזמרין 55 גרם,גרמים,55.00,100 גרם,false,1,10.90,19.8182,true,1,47364
7290015324540,false,טימין מיכל גדול 30 גרם,"תבליני טעם וריח בע""מ",IL,תבליני טעם וריח טימין (קורנית) 30 גרם,גרמים,30.00,100 גרם,false,1,10.90,36.3333,true,1,47366
7290015324557,false,בהרט לבישול מיכל גדול 80 גרם,"תבליני טעם וריח בע""מ",,בהרט לבישול מיכל גדו,גרמים,0.00,100 גרם,false,1,10.90,0.0000,true,1,47367
7290015324564,false,בכוסברה טחונה מיכל גדול 70 גרם,"תבליני טעם וריח בע""מ",IL,תבליני טעם וריח כוסברה טחונה 70 גרם,גרמים,70.00,100 גרם,false,1,10.90,15.5714,true,1,47365
7290015324588,false,פלפל לבן 100 גר` טעם וריח,"תבליני טעם וריח בע""מ",IL,"תבליני טעם וריח מיכל פלפל לבן טחון 100% , 100 גרם",גרמים,100.00,100 גרם,false,1,14.90,14.9000,true,1,49821
7290015324656,false,זעפרן ספרדי יחידה0.5,"תבליני טעם וריח בע""מ",ES,תבליני טעם וריח זעפרן 0.5 גרם,גרמים,500.00,100 גרם,false,1,19.90,3.9800,true,1,51595
7290015324663,false,צ'ילי גרוס חריף אש 70 גרם,"תבליני טעם וריח בע""מ",IL,תבליני טעם וריח צ'ילי גרוס חריף אש 70 גרם,גרמים,70.00,100 גרם,false,1,10.90,15.5714,true,1,51226
7290015324670,false,מטחנת פלפל שחור שלם 50 ג' טעם וריח,תבליני טעם וריח בעמ,IL,מטחנת פלפל שחור שלם 50 גרם,גרמים,50.00,100 גרם,false,1,14.90,29.8000,true,1,55292
7290015324687,false,מטחנת לקט פלפל 50 ג' טעם וריח,תבליני טעם וריח בעמ,IL,מטחנת לקט פלפל 50 גרם,גרמים,50.00,100 גרם,false,1,14.90,29.8000,true,1,55293
7290015335638,false,מעד ביו דובדבן 150 גר,טרופיקל דגיל תעשיות,IL,יוגונאט - מעדן BIO עם דובדבן,גרמים,150.00,100 גרם,false,1,7.90,5.2667,true,1,47412
7290015350150,false,יין אדום חצי יבש של סגל (750 מל),"כרמי צבי - אחים סגל בע""\",IL,של סגל אדום חצי יבש,מיליליטרים,750.00,"100 מ""ל",false,1,22.90,3.0533,true,1,50077
7290015366670,false,משחת שיניים בטעם מנטה אקוהפרש (100 מל),גלקסוסמיתקליין,SK,אקווה פרש משחת שיניים מנטה מרענן 100 מל,מיליליטרים,100.00,"100 מ""ל",false,1,6.90,6.9000,true,1,32892
7290015395045,false,"קינואה בשקית שקדיה 400 גרם בד""ץ",דין שיווק וקליה 2021 בעמ,IL,קינואה,גרמים,400.00,100 גרם,false,1,15.90,3.9750,true,1,30261
7290015395939,false,חטיף אורז בטעם מתוק מלוח 120 גרם,דין שיווק וקליה 2021 בעמ,IL,חטיף יפני 150גרם,גרמים,150.00,100 גרם,false,1,16.90,11.2667,true,1,52852
7290015395960,false,בוטן רביולי בציפוי בטעם מלוח מתוק 200 ג' ENJOY,דין שיווק וקליה 2021 בעמ,IL,בוטן רביולי 150גרם,גרמים,150.00,100 גרם,false,1,16.90,11.2667,true,1,52851
7290015446495,false,אול אין חטיף חלבון ב,,,אול אין חטיף חלבון בטעם שוקולד פאדג100גר,גרמים,100.00,100 גרם,false,1,19.90,19.9000,true,1,40133
7290015470391,false,קרם ידיים מועשר בשמן זית לעור רגיל עד יבש,"דנשר (1963) בע,מ",IL,קרם ידיים מטפח מועשר בשמן זית.,Unknown,0.00,Unknown,false,1,12.90,0.0000,true,1,31640
7290015493208,false,"נביעות + רכיבי פרי אננס 500 מ""ל",החברה המרכזית להפצת משקאות בעמ,IL,נביעות + פרי בטעם אננס 0.5 ליטר,מיליליטרים,500.00,"100 מ""ל",false,1,8.50,1.7000,true,1,38742
7290015519144,false,מטען קיר מיקרו פרימי,ארטוס,,מטען קיר לגלקסי פרימיום 2A,יחידה,1.00,יחידה,false,1,49.90,49.9000,true,1,47951
7290015558761,false,מלקחיים שקוף,נשם,,מלקחיים שקוף,יחידה,1.00,יחידה,false,1,4.90,4.9000,true,1,32908
7290015597210,false,מאגדת טילון קורנטו פרווה טבעוני-וויגן פרנדלי,"גלידת שטראוס בע""\מ, רחוב",IL,מאגדת טילון קורנטו 378 גרם,גרמים,378.00,100 גרם,false,1,37.90,10.0265,true,1,38223
7290015597937,false,קורנטו קלאסיק וניל עם צימוקים,"מיוצר ע""\י גלידת שטראוס",,קורנטו קלאסיק,גרמים,70.00,100 גרם,false,1,9.90,14.1429,true,1,38220
7290015603522,false,"נוזל אגוזי קוקוס 5%-7% 400 מ""ל",מזרח ומערב יבוא ושיווק,TH,"נוזל אגוזי קוקוס 5-7% 400 מ""ל",מיליליטרים,400.00,"100 מ""ל",false,1,7.90,1.9750,true,1,54658
7290015603560,false,"שימורי קרם קוקוס 20-22% 400 מ""ל (ASIATIC)(כ)",אסיאטיק אגרו אינדוסטרי,TH,"שימורי קרם קוקוס 20-22% 400 מ""ל",מיליליטרים,400.00,"100 מ""ל",false,1,10.90,2.7250,true,1,53972
7290015603584,false,ג'ינגר לבן כבוש ללא מונוסודיום 160 גרם (כ),מזרח ומערב יבוא ושיווק,TW,גינגר לבן כבוש ללא מונוסודיום 160 גרם,גרמים,160.00,100 גרם,false,1,8.90,5.5625,true,1,53975
7290015603591,false,גינגר ורוד כבוש ללא מונוסודיום 160 גרם,מזרח ומערב יבוא ושיווק,TH,גינגר ורוד כבוש ללא מונוסודיום 160 גרם,גרמים,160.00,100 גרם,false,1,8.90,5.5625,true,1,53976
7290015603898,false,חטיף אפונה בוואסבי 100 גר מזרח ומערב,סוזו יואי פודס אל טי,CN,חטיף אפונה מצופה בטעם וואסבי 100 גרם,גרמים,100.00,100 גרם,false,1,10.90,10.9000,true,1,54237
7290015634182,false,עמק האלה אוורד קברנה/ מרלו 2015 750 מל,עמק האלה,IL,"יין עמק האלה אוורד בלנד 750 מ""ל",מיליליטרים,750.00,"100 מ""ל",false,1,44.90,5.9867,true,1,38913
7290015644297,false,שישיית לחמניות פשוט מלא אנג'ל 450 גרם,מאפיית שלמה א. אנג'\ל בע,IL,לחמניות פשוט מלא שישייה 450 גרם,גרמים,450.00,100 גרם,false,1,13.90,3.0889,true,1,36037
7290015652070,false,קשוי קלוי בשקית ששון הקולה 150 גרם,דין שיווק וקליה 2021 בעמ,IL,קשיו קלוי 150 גרם,גרמים,150.00,100 גרם,false,1,15.90,10.6000,true,1,52800
7290015652087,false,תערובת פיצוחים בשקית ששון הקולה 150 גרם,דין שיווק וקליה 2021 בעמ,IL,תערובת פיצוחים 150 גרם,גרמים,150.00,100 גרם,false,1,14.90,9.9333,true,1,52801
7290015652605,false,פיסטוק קלוף השף 100 גרם,דין שיווק וקליה 2021 בעמ,,פיסטוק קלוף 100 גרם שקדיה,גרמים,100.00,100 גרם,false,1,22.90,22.9000,true,1,32299
7290015673181,false,בורגר מהצומח עם ברוקולי קליפורניה 400 גר,ל.י.ב. (לחיות יותר בטבע) בעמ,IL,בורגר על האש קליפורניה עם ברוקולי 400 גר,גרמים,400.00,100 גרם,false,1,26.90,6.7250,true,1,35407
7290015673198,false,המבורגר טקסס עם פטריות טבע דלי 400 גרם,ל.י.ב. (לחיות יותר בטבע) בעמ,IL,טבע דלי טקסס בורגר עבה עם פטריות 400 גרם,גרמים,400.00,100 גרם,false,1,26.90,6.7250,true,1,38093
7290015673204,false,קבב בולגרי עם פטרוזילה טבע דלי 400 גרם,ל.י.ב. (לחיות יותר בטבע) בעמ,IL,קבב בולגרי עם פטרוזיליה 400 גרם,גרמים,400.00,100 גרם,false,1,26.90,6.7250,true,1,35406
7290015673587,false,קריספי טופו -נגיסי טופו אסייתי טבע דלי 350 גרם,טבע דלי,IL,קריספי נגיסי טופו רוטב אסייתי350 גרם,גרמים,350.00,100 גרם,false,1,26.90,7.6857,true,1,41423
7290015695916,false,מיקס נבטים ענק אורגני יח,הנבטים של אודי,IL,מיקס נבטים ענק אורגני,גרמים,100.00,100 גרם,false,1,19.90,19.9000,true,1,52640
7290015775014,false,אגוזי פיסטוק קלופים,"גיי אנג גי פקאנס בע""",IL,אגוזי פיסטוק קלופים טבעיים 100 גר,יחידה,1.00,יחידה,false,1,23.90,23.9000,true,1,38935
7290015775854,false,תאנים מיובשות 330 גר,,IL,תאנים מיובשות 330 גרם,גרמים,330.00,100 גרם,false,1,25.90,7.8485,true,1,41433
7290015775922,false,שקד גרוס מולבן הטיב,פיצוחי הטיב,IL,שקד גרוס מולבן הטיב 200 גרם,גרמים,200.00,100 גרם,false,1,10.90,5.4500,true,1,41589
7290015833127,false,ג`ל לניקוי ידיים 200 מל,מים רבים בנתיב העשרה בעמ,VN,טונה סקיפגק - רביעייה,גרמים,140.00,100 גרם,false,1,19.90,14.2143,true,1,52355
7290015839006,false,שטרודל במילוי תפוחים500ג,"נתי שטרודל וינאי בע""מ",IL,פרסבורג תפוח עץ נתי קפוא 500גרם,גרמים,500.00,100 גרם,false,1,27.90,5.5800,true,1,52125
7290015839013,false,שטרודל במילוי גבינה500ג,"נתי שטרודל וינאי בע""מ",IL,שטרודל גבינה במארז500,גרמים,500.00,100 גרם,false,1,27.90,5.5800,true,1,52126
7290015839020,false,שטרודל במילוי פרג 500 גר,"נתי שטרודל וינאי בע""מ",IL,שטרודל פרג במארז500,גרמים,500.00,100 גרם,false,1,27.90,5.5800,true,1,52124
7290015839051,false,"שטרודל תפוחים ללת""ס 500","נתי שטרודל וינאי בע""מ",IL,"שטרודל תפוח עץ לל""ס במארז500",גרמים,500.00,100 גרם,false,1,27.90,5.5800,true,1,52127
7290015842631,false,כוסות לשתיה קרה 330cc 40,,GR,כוסות פלסטיק 330 מל לברד/ בירה 40 יח,יחידה,1.00,יחידה,false,1,11.90,11.9000,true,1,33447
7290015848992,false,"ד""ר פישר - אולטרסול קרם פנים קידס 75 מ""ל 50SPF",פישר מעבדות פרמצבטיות בע,IL,אולטרסול קרם פנים ילדים 75/50,לא מנהל יחידת מידה,0.00,לא מנהל יחידת מידה,false,1,32.90,0.0000,true,1,49648
7290015856706,false,סנקסו חטיף אפונה אפויה טבעי 50 גרם,תות תעשיות מזון (201,IL,חטיף אפונה בטעם טבעי,גרמים,50.00,100 גרם,false,1,6.50,13.0000,true,1,50011
7290015856720,false,סנקסו חטיף אפונה אפוי עם זעתר 50 גרם,תות תעשיות מזון (201,IL,חטיף אפונה בטעם זעתר,גרמים,50.00,100 גרם,false,1,6.50,13.0000,true,1,50012
7290015858106,false,"ממרח פסטו ביתי 180 גרם ""עללחם""",שטראוס גרופ בעמ/מצונן,IL,עללחם פסטו ביתי 100 גרם,גרמים,180.00,100 גרם,false,1,19.90,11.0556,true,1,37739
7290015858113,false,"ממרח עגבניות מיובשות 180 גרם ""טריטרי""",שטראוס גרופ בעמ/מצונן,IL,"עללחם ממרח עגבניות מיובשות, 180 גרם",גרמים,180.00,100 גרם,false,1,19.90,11.0556,true,1,37740
7290015858144,false,ממרח ארטישוק עללחם 180 גרם,"מדשא תעשיות מזון בע""\מ",,ממרח ארטישוק 180 גרם עללחם,גרמים,180.00,100 גרם,false,1,19.90,11.0556,true,1,37741
7290015858175,false,ממרח פלפלים קלויים 180 גרם עללחם,"מדשא תעשיות מזון בע""\מ",,ממרח פלפלים קלויים 180 גרם עללחם,גרמים,180.00,100 גרם,false,1,19.90,11.0556,true,1,37743
7290015858229,false,"טפנד זיתי קלמטה 180 גרם ""עללחם""","מדשא תעשיות מזון בע""\מ",IL,עללחם טפנד זיתי קלמטה 180 גרם,גרמים,180.00,100 גרם,false,1,19.90,11.0556,true,1,47355
7290015858434,false,שום כתוש עללחם 250 גרם,שטראוס גרופ בעמ/מצונן,IL,בפיתה שום כתוש 250 גרם,גרמים,250.00,100 גרם,false,1,15.90,6.3600,true,1,41053
7290015951227,false,"יין גמלא השמורה סירה 2021 750 מ""ל",מיוצר וממולא על ידי יקב,IL,יין גמלא סירה 750 מל,מיליליטרים,750.00,"100 מ""ל",false,1,79.90,10.6533,true,1,50995
7290015951869,false,"יין הר חרמון רוזה 750 מ""ל",מיוצר וממולא על ידי יקב,IL,הר חרמון רוזה,מיליליטרים,750.00,"100 מ""ל",false,1,44.90,5.9867,true,1,39989
7290015968089,false,"צלחות פלסטיק עבות כ-17 ס""מ במבחר צבעים",הוסטס Hostess,,צלחות פלסטיק עבות במיוחד 25 יחידות 17 סמ,לא מנהל יחידת מידה,0.00,לא מנהל יחידת מידה,false,1,9.90,0.0000,true,1,36929
7290015968331,false,נורת לד w6 אור לבן אינטרסן,אינטרסן 1996 בעמ,,נורת לד 6W לבן,לא מנהל יחידת מידה,0.00,לא מנהל יחידת מידה,false,1,19.90,0.0000,true,1,35449
7290015968348,false,נורת לד 9W אור לבן אינטרסן,אינטרסן 1996 בעמ,,נורת לד 9W לבן,לא מנהל יחידת מידה,0.00,לא מנהל יחידת מידה,false,1,19.90,0.0000,true,1,35450
7290015968379,false,נורת לד כדור חלבי 5.,F.E.CO.LTD,,נורת לד 5.5W כדור לבן הברגה,לא מנהל יחידת מידה,0.00,לא מנהל יחידת מידה,false,1,19.90,0.0000,true,1,35453
7290015968461,false,כוסות פלסטיק משובחות,F.T.I,,"כוסות פלסטיק משובחות 330 מ""ל 40 יחי",לא מנהל יחידת מידה,0.00,לא מנהל יחידת מידה,false,1,10.90,0.0000,true,1,36924
7290015968508,false,"כוסות פלסטיק לשתיה קרה 180מ""ל",,TR,"כוסות 180 מ""ל פלסטיק לשתיה קרה",יחידה,1.00,יחידה,false,1,9.90,9.9000,true,1,49225
7290015968713,false,צלחת קריסטל מעוטרת בינונית 10 יחידות,הוסטס Hostess,,צלחת קריסטל מעוטרת בינונית 10 יח,לא מנהל יחידת מידה,0.00,לא מנהל יחידת מידה,false,1,15.90,0.0000,true,1,37189
7290016006025,false,שוופס סודה 0.50 ליטר בקבוק,יפאורה שותפות מוגבלת לשיווק,IL,שוופס מי סודה 0.5 ליטר,מיליליטרים,500.00,"100 מ""ל",false,1,4.50,0.9000,true,1,35717
7290016006322,false,מים מינרליים מי עדן,יפאורה שותפות מוגבלת לשיווק,IL,מי עדן בקבוק 1 ליטר,ליטרים,1.00,ליטר,false,1,6.90,6.9000,true,1,35694
7290016006339,false,מים מינרלים מי עדן (1x4 ליטר),יפאורה שותפות מוגבלת לשיווק,IL,רביעיית מים 1 ליטר,ליטרים,4.00,ליטר,false,1,12.90,3.2250,true,1,35618
7290016006346,false,שוופס סודה 0.5 ליטר מארז שישייה,יפאורה שותפות מובגלת לשיווק,IL,שוופס סודה 0.5 ליטר שישייה,ליטרים,3.00,ליטר,false,1,16.50,5.5000,true,1,35662
7290016006377,false,"שוויפס מוגז בטעם פירות תות ליים 330 מ""ל",יפאורה שותפות מוגבלת לשיווק,IL,"שוופס מוגז פירות תות ליים 330 מ""ל זכוכית",מיליליטרים,330.00,"100 מ""ל",false,1,6.90,2.0909,true,1,35666
7290016094022,true,אולטרסול 50/200 תרסי,הדקלאים אגודת שיתופי,IL,ספריי שקוף 50 SPF,מיליליטרים,200.00,"100 מ""ל",false,1,44.90,22.4500,true,1,51947
7290016094039,false,"ד""ר פישר - אולטרסול ספריי שקוף קידס 200 מ""ל 50SPF",פישר מעבדות פרמצבטיות בע,IL,ספריי שקוף לילדים 50 SPF,מיליליטרים,200.00,"100 מ""ל",false,1,44.90,22.4500,true,1,51948
7290016094817,false,"ד""ר פישר - אולטרסול ספריי שמן גזר 200 מ""ל 20SPF",פישר מעבדות פרמצבטיות בע,IL,"ספריי שמן, שמן גזר",מיליליטרים,200.00,"100 מ""ל",false,1,44.90,22.4500,true,1,35785
7290016144000,false,"קמח חיטה מלאה נפלאות 80% 1 ק""ג",תה ויסוצקי (ישראל)בעמ,IL,"קמח חיטה 80 נפלאות 1 ק""ג",קילוגרמים,1.00,"ק""ג",false,1,9.90,9.9000,true,1,54585
7290016144024,false,"קמח כוסמין מלא נפלאות 100% 1 ק""ג",תה ויסוצקי (ישראל)בעמ,,"קמח נפלאות כוסמין 100% 1 ק""ג",קילוגרמים,1.00,"ק""ג",false,1,14.90,14.9000,true,1,54583
7290016144048,false,"קמח כוסמין לבן 1 ק""ג נפלאות",תה ויסוצקי (ישראל)בעמ,,"קמח נפלאות כוסמין לבן 1 ק""ג",קילוגרמים,1.00,"ק""ג",false,1,16.90,16.9000,true,1,54584
7290016188592,false,GIACOBAZZI למברוסקו אדום חצי יבש יקבי כרמל,"כד בני דרום בע""מ",IT,למברוסקו גקובזי אדום,יחידה,1.00,יחידה,false,1,43.90,43.9000,true,1,41311
7290016197488,false,מטליות מיקרופייבר למשטחים ניקול 3יח',קימברלי קלארק ישראל שיווק בעמ,CN,מטליות מיקרופייבר משטחים,לא מנהל יחידת מידה,0.00,לא מנהל יחידת מידה,false,1,15.90,0.0000,true,1,41141
7290016197495,false,ניקול זוג מטליות הקסם מיקרופייבר לרצפה,קימברלי קלארק ישראל שיווק בעמ,CN,מטליות מיקרופייבר רצפה,לא מנהל יחידת מידה,0.00,לא מנהל יחידת מידה,false,1,21.90,0.0000,true,1,35540
7290016217735,false,חציל על האש 200גרם גורמה,"סלטי שמיר 2006 בע""מ",IL,חציל אש 200,גרמים,200.00,100 גרם,false,1,13.90,6.9500,true,1,49877
7290016217742,false,חציל בטחינה 200גרם גורמה,"סלטי שמיר 2006 בע""מ",IL,חציל אש +טחינה 200,גרמים,200.00,100 גרם,false,1,13.90,6.9500,true,1,49885
7290016217759,false,חציל מרוקאי 200גרם גורמה,"סלטי שמיר 2006 בע""מ",IL,חציל מורוקאי -גורמה,גרמים,200.00,100 גרם,false,1,14.90,7.4500,true,1,49886
7290016217988,false,גרבלקס-סלמון כבוש שמיר 100 גרם,"סלטי שמיר 2006 בע""מ",,גרבדלקס סלמון 100 גרם,גרמים,100.00,100 גרם,false,1,27.90,27.9000,true,1,36618
7290016238464,false,מולטיווט טיפול לכלבי,SOLANO,IL,"מולטיווט טיפול לכלבים במשקל מ 1.5-4 ק""ג",יחידה,0.00,יחידה,false,1,139.00,0.0000,true,1,48065
7290016238471,false,מולטיווט טיפול לכלבי,SOLANO,IL,"מולטיווט טיפול לכלבים במשקל מ4 ק""ג עד 10",יחידה,1.00,יחידה,false,1,149.00,149.0000,true,1,48066
7290016238488,false,מולטיווט טיפול לכלבי,SOLANO,IL,"מולטיווט טיפול לכלבים במשקל מ-10-25 ק""ג להדברה ודח",יחידה,1.00,יחידה,false,1,159.00,159.0000,true,1,48067
7290016238556,false,מולטיווט טיפול לחתול,SOLANO,IL,"מולטיווט טיפול לחתולים במשקל של עד 4 ק""ג",יחידה,1.00,יחידה,false,1,149.00,149.0000,true,1,48069
7290016238563,false,מולטיווט טיפול לחתול,SOLANO,IL,"מולטיווט טיפול לחתולים במשקל של מעל 4 ק""ג",יחידה,1.00,יחידה,false,1,159.00,159.0000,true,1,48070
7290016245707,false,לחם 7 דגנים בריאות 600 גר,"ביכורים מזון ומאפה בע""\מ",,לחם 7 דגנים 600 גרם,גרמים,600.00,100 גרם,false,1,13.90,2.3167,true,1,50986
7290016245806,false,לחמניות המבוגר כוסמין4יח,"ביכורים מזון ומאפה בע""\מ",,מארז לחמניות המבורגר,יחידה,1.00,יחידה,false,1,16.90,16.9000,true,1,50989
7290016246025,false,בארכה מיקס פינוקיות חלווה ללא סוכר 10*20ג,קבוצת אוסם סחר שותפות מוגבלת,IL,בארכה פנוקיות חלבה ללא סוכר כלפ.9 10*20ג,גרמים,200.00,100 גרם,false,1,14.90,7.4500,true,1,52354
7290016246445,true,טחינה גולמית מעודנ,רושדי תעשיות מזון בע,IL,בארכה טחנ.גולמית מעודנת שמשם.מלא12*310ג,גרמים,310.00,100 גרם,false,1,14.50,4.6774,true,1,40756
7290016246773,false,בארכה טחינה מתובלת גולמית מעודנת משומשום מלא זעתר 310 גרם,קבוצת אוסם סחר שותפות מוגבלת,IL,בארכה טחינה גולמית מעודנת זעתר310גרם,גרמים,310.00,100 גרם,false,1,14.50,4.6774,true,1,51106
7290016270709,false,עגבניות שרי אשכולות,ביכורי השדה צפון 1994 ג.ד. בעמ,IL,שרי קלמר ארוז יח,גרמים,460.00,100 גרם,false,1,12.90,2.8043,true,1,34508
7290016319187,false,טוסו עוגיות סנדוויץ שוקו במילוי קרם שוקולד *זוג* 300 גרם,בטר אנד דיפרנט,IL,עוגיות סנדוויץ שוקו קרם שוקו טוסו זוג300,גרמים,300.00,100 גרם,false,1,18.90,6.3000,true,1,50847
7290016319309,false,סבון נוזלי מאסק קלאסי+משאבה פמלי 1 ל,הנסיך- מפעל לייצור ט,TR,אל סבון מאסק קלאסי,ליטרים,1.00,ליטר,false,1,15.90,15.9000,true,1,34620
7290016321555,false,מגע המשי רצועות שעווה לביקיני קמומיל 12+2,דנשר (1963) בעמ,ES,מגע הדבש רצועות שעווה 16+4 ביקיני ובית שחי,יחידה,1.00,יחידה,false,1,31.90,31.9000,true,1,49934
7290016321678,false,מגבונים לחים בניחוח מרענן עם תמציות קמומיל ואלוורה,עלבד משואות יצחק,IL,פרש וואנס רביעייה נטורל NATURAL קייר,לא מנהל יחידת מידה,0.00,לא מנהל יחידת מידה,false,4,21.90,0.0000,true,1,42488
7290016321722,false,מגבונים פרש וואנס בו,על בד,,מגבונים פרש וואנס בודד נטורל קאר 64,לא מנהל יחידת מידה,0.00,לא מנהל יחידת מידה,false,1,6.90,0.0000,true,1,42489
7290016321883,false,פרשוואנס נייר טואלט מתכלה לילדים -מארז שלישייה,עלבד משואות יצחק בעמ,IL,פרשוואנס נייר טואלט מתכלה לילדים -מארז שלישייה,יחידה,1.00,יחידה,false,1,17.90,17.9000,true,1,46977
7290016321890,false,פרשוואנס נייר טואלט מתכלה למבוגרים -מארז שלישייה,עלבד משואות יצחק בעמ,IL,פרשוואנס נייר טואלט מתכלה לילדים -מארז שלישייה,יחידה,1.00,יחידה,false,1,17.90,17.9000,true,1,46976
7290016372434,false,תה ירוק עם מאצה יפנית ויסוצקי 25 שקיקים,תה ויסוצקי,IL,תה ירוק עם מאצה יפנית 25 שקיקים,גרמים,48.00,100 גרם,false,1,26.90,56.0417,true,1,37388
7290016372496,false,חליטת פירות וצמחים בטעם ג'ינג'ר ודבש -אפקט הג'ינג'ר,תה ויסוצקי (ישראל) בעמ,IL,"ג'ינג'ר ודבש- ""אפקט הג'ינג'ר""",גרמים,30.00,100 גרם,false,1,19.90,66.3333,true,1,37381
7290016505009,false,שוקולד פנדה קרם בוטנים טבעוני 100 גרם,"מדשא תעשיות מזון בע""",IL,שוקולד פנדה טבעי קרם בוטנים 100 גרם,גרמים,100.00,100 גרם,false,1,21.90,21.9000,true,1,39919
7290016505016,false,שוקולד פנדה קלאסי 100 גר,"מדשא תעשיות מזון בע""",IL,שוקולד פנדה טבעי קלאסי 100 גרם,גרמים,100.00,100 גרם,false,1,21.90,21.9000,true,1,39922
7290016505023,false,שוקולד פנדה קרם נוגט טבעוני 100 גרם,"מדשא תעשיות מזון בע""",IL,שוקולד פנדה טבעי נוגט 100 גרם,גרמים,100.00,100 גרם,false,1,21.90,21.9000,true,1,39920
7290016505047,false,שוקולד קרמל ומלח גס 100 גרם - פנדה,"מדשא תעשיות מזון בע""",IL,שוקולד פנדה טבעי קרמלח 100 גרם,גרמים,100.00,100 גרם,false,1,21.90,21.9000,true,1,39921
7290016505085,false,חטיף נוגט פצפוצים 45 גרם - פנדה,"פנדהמוצריםטבעונייםבע""מ",,חטיף פנדה נוגט פצפוצי אורז,גרמים,45.00,100 גרם,false,1,9.90,22.0000,true,1,41009
7290016505146,false,חטיף חלבה ופיסטוק 45 גרם - פנדה,פנדה מוצרים טבעוניים,IL,חטיף חלבה ופיסטוק 45גרם פנדה,גרמים,45.00,100 גרם,false,1,10.90,24.2222,true,1,49789
7290016509809,true,פרסיל גל קולור 2.5 ל,"הנקל סוד בע""מ",IL,ג'ל מרוכז לכביסה במכונה - צבעונית,ליטרים,2.50,ליטר,false,1,35.90,14.3600,true,1,40446
7290016509823,true,פרסיל גל בלו 2.5 ליט,"הנקל סוד בע""מ",IL,ג'ל מרוכז לכביסה במכונה - לבנה וצבעונית,ליטרים,2.50,ליטר,false,1,35.90,14.3600,true,1,40447
7290016509830,true,פרסיל גל בייבי 2.5 ל,"הנקל סוד בע""מ",IL,פרסיל ג'ל כביסה לבגדי תינוקות ולבעלי עור רגיש,ליטרים,2.50,ליטר,false,1,35.90,14.3600,true,1,40448
7290016545012,false,חתול שמן בירה קראפט סגנון פייל אייל 330,מבשלת הארץ (בירבזאר),IL,"בירה בירבזאר חתול שמן בקבוק 330 מ""ל",מיליליטרים,330.00,"100 מ""ל",false,1,15.90,4.8182,true,1,53454
7290016545029,false,בינדי בירה קראפט בסגנון IPA 330 מל,מבשלת הארץ (בירבזאר),IL,"בירה בירבזאר בינדי בקבוק 330 מ""ל",מיליליטרים,330.00,"100 מ""ל",false,1,15.90,4.8182,true,1,53457
7290016545050,false,עשר בירה קראפט בסגנון טריפל בלגי 330 מל,מבשלת הארץ (בירבזאר),IL,"בירה בירבזאר עשר בקבוק 330 מ""ל",מיליליטרים,330.00,"100 מ""ל",false,1,15.90,4.8182,true,1,53456
7290016545067,false,וויטני בירה קראפט בסגנון חיטה 330 מל,מבשלת הארץ (בירבזאר),IL,"בירה בירבזאר וויטני בקבוק 330 מ""ל",מיליליטרים,330.00,"100 מ""ל",false,1,15.90,4.8182,true,1,53452
7290016584011,false,חטיפוני גזר 350 גרם גיזרונים,קונס`-מרינה פטריות הגליל בעמ*ש,IL,חטיפוני גזר 350 גרם,גרמים,350.00,100 גרם,false,1,14.90,4.2571,true,1,33918
7290016667271,true,מסיר לק ריחני גדול ע,,,מסיר לק ריחני גדול ע,מיליליטרים,150.00,"100 מ""ל",false,1,12.90,8.6000,true,1,48610
7290016682038,false,"מיץ תפוזים 400 מ""ל ""פריניב""",תנובה - פריניב,IL,"מיץ תפוזים פריניב 400 מ""ל",מיליליטרים,400.00,"100 מ""ל",false,1,11.90,2.9750,true,1,35457
7290016682083,false,"פריניב נקטר תות בננה 400 מ""ל",תנובה - פריניב,,"מיץ תות בננה פריניב 400 מ""ל",מיליליטרים,400.00,"100 מ""ל",false,1,11.90,2.9750,true,1,35458
7290016682335,false,מיץ תפוזים סחוט 2 ליטר פרי ניב,תנובה - פריניב,IL,מיץ תפוזים פריניב 2 ליטר,ליטרים,2.00,ליטר,false,1,29.90,14.9500,true,1,53481
7290016682342,false,מיץ תפוזים וולנסיה פרי ניב 2 ליטר-,תנובה - פריניב,IL,תפוז וולנסיה סחוט 100% 2 ליטר,ליטרים,2.00,ליטר,false,1,29.90,14.9500,true,1,53482
7290016682366,false,פריניב מיץ תפוחים צלול 2 ליטר.,תנובה - פריניב,IL,מיץ תפוח צלול 2 ליטר,ליטרים,2.00,ליטר,false,1,29.90,14.9500,true,1,53695
7290016689563,false,יין מוסקטו כחול ביאנ,יקב סאנטרו,,"יין מוסקטו כחול ביאנקו אזורו 750 מ""ל",מיליליטרים,750.00,"100 מ""ל",false,1,44.90,5.9867,true,1,38453
7290016717099,false,"יין כרמל סלקטד אדום חצי יבש, 750 מ""ל",אגודת הכורמים בעמ,IL,כרמל סלקטד אדום חצי יבש 2018 750 מל,מיליליטרים,750.00,"100 מ""ל",false,1,29.90,3.9867,true,1,41322
7290016717631,false,יין מוסקטו בעל חוזק אלכוהול נמוך פרייבט קולקשן,אגודת הכורמים הקואופרטיב,IL,יקבי כרמל פרייבט קולקשן מוסקטו 2017 750 מל,מיליליטרים,750.00,"100 מ""ל",false,1,47.90,6.3867,true,1,41312
7290016717754,false,יין היובל ישן נושן יקבי כרמל (750 מל),אגודת הכורמים -כרמל מזרחי,IL,כרמל יין ישן נושן יין אדום ממותק 750 מל,מיליליטרים,750.00,"100 מ""ל",false,1,23.90,3.1867,true,1,39378
7290016823004,false,בזיליקום יח freshlid,"מרינה פטריות הגליל בע""מ",IL,בזיליקום ארוז יח,גרמים,30.00,100 גרם,false,1,5.90,19.6667,true,1,35730
7290016823028,false,עירית ארוז יח,"מרינה פטריות הגליל בע""מ",IL,עירית ארוז יח,גרמים,30.00,100 גרם,false,1,5.90,19.6667,true,1,35732
7290016823059,false,טימין קורנית ארוז יח,"מרינה פטריות הגליל בע""מ",IL,טימין קורנית ארוז יח,גרמים,30.00,100 גרם,false,1,5.90,19.6667,true,1,35735
7290016823066,false,רוזמרין ארוז יח,"מרינה פטריות הגליל בע""מ",IL,רוזמרין ארוז יח,גרמים,30.00,100 גרם,false,1,5.90,19.6667,true,1,35736
7290016823257,false,חסה סלנובה מהדרין יח,"מרינה פטריות הגליל בע""מ",IL,חסה סלנובה,גרמים,300.00,100 גרם,false,1,13.90,4.6333,true,1,35821
7290016823349,false,סלק מקולף בוואקום לי,"מרינה פטריות הגליל בע""מ",IL,סלק מקולף בוואקום ליח,גרמים,500.00,100 גרם,false,1,7.90,1.5800,true,1,37399
7290016823448,false,ברוקולי יחידה 350 גרם,"מרינה פטריות הגליל בע""מ",IL,ברוקולי ארוז יח,גרמים,350.00,100 גרם,false,1,12.90,3.6857,true,1,38109
7290016823523,false,צנונית יח 500 גרם שמיטה,"בכורי השדה צפון1994 ג.ד. בע""מ",IL,צנונית ארוזה יח,גרמים,500.00,100 גרם,false,1,6.00,1.2000,true,1,37400
7290016967074,false,לחם חיטה מלאה עם גרעינים ודגנים,מאפיית שלמה א. אנג'\ל בע,IL,לחם אנגל חיטה מלאה 750 גרם,גרמים,750.00,100 גרם,false,1,16.90,2.2533,true,1,35286
7290016994599,false,גרין לקט אפונה וגזר,גרין אייל,BG,גרין לקט אפונה וגזר 800 גרם,גרמים,800.00,100 גרם,false,1,14.90,1.8625,true,1,48644
7290016994612,false,גרין גזר גמדי 800 ג',גרין אייל,BG,גרין גזר גמדי 800גרם,גרמים,800.00,100 גרם,false,1,11.90,1.4875,true,1,48647
7290017023526,true,"שוופס מוגז פירות לל""",יפאורה תבורי בעמ,IL,"שוופס מוגז פירות לל""ס תפוח 330 מ""ל",מיליליטרים,330.00,"100 מ""ל",false,1,6.90,2.0909,true,1,39498
7290017031705,false,משחת שיניים סנסודיין הגנה מלאה רגיל,גלקסוס סמית קליין,SK,"סנסודיין משחת שיניים ניקיון ורעננות, 75 מל",מיליליטרים,75.00,"100 מ""ל",false,1,22.90,30.5333,true,1,47490
7290017065007,false,פרוסות גבינה מוצרלה חצי קשה 22% שומן 200 ג' גד,מחלבות גד שיווק 1992 בעמ,IL,גבינה מוצרלה פרוסה גד 150 גרם,גרמים,150.00,100 גרם,false,1,20.90,13.9333,true,1,36139
7290017065137,false,ריקוטה למריחה 5% טבעית 200 גר`מחלבות גד,מחלבות גד שיווק 1992 בעמ,IL,גד ריקוטה למריחה 5% שומן 200 גרם,גרמים,200.00,100 גרם,false,1,10.90,5.4500,true,1,37800
7290017065144,false,ריקוטה למריחה בתוספת בזיליקום 5% גד 200 גם,מחלבות גד שיווק 1992 בעמ,IL,"גד ריקוטה למריחה, בזיליקום 5% שומן 200 גרם",גרמים,200.00,100 גרם,false,1,10.90,5.4500,true,1,37802
7290017065168,false,גבינה כחולה denish blue cheese 100 גרם,מחלבות גד שיווק 1992 בעמ,DK,גבינה כחולה 30% שומן,גרמים,100.00,100 גרם,false,1,18.90,18.9000,true,1,38543
7290017065175,false,גבינת מנצ`גו פרוסה 150 גר`מחלבות גד,מחלבות גד שיווק 1992 בעמ,ES,מנצגו פרוס150 גרם גד,גרמים,150.00,100 גרם,false,1,24.90,16.6000,true,1,38562
7290017065236,false,גבינה בולגרית מעודנת 24% גד (250 גרם),מחלבות גד שיווק 1992 בעמ,IL,בולגרית מעודנת 24%,גרמים,250.00,100 גרם,false,1,28.90,11.5600,true,1,38563
7290017065311,false,פרוסות גבינה מוצרלה מעושנת 200 ג',מחלבות גד שיווק 1992 בעמ,IL,גבינת מוצרלה מעושנת פרוסות 200 גרם,גרמים,200.00,100 גרם,false,1,21.90,10.9500,true,1,38565
7290017065380,false,גבינת גרנה פדנו שבבים גד 100 גרם,מחלבות גד שיווק 1992 בעמ,IT,גרנה פדנו שבבים 100 גרם גד,גרמים,100.00,100 גרם,false,1,14.90,14.9000,true,1,41947
7290017065434,false,גבינה גאודה פרוסה הולנדית 200 גר',מחלבות גד שיווק 1992 בעמ,NL,גד פרוסות פרוסות גאודה בקר 200 גרם,גרמים,200.00,100 גרם,false,1,23.90,11.9500,true,1,42043
7290017065441,false,גבינה גאודה עיזים פרוסה הולנדית 200 גר',מחלבות גד שיווק 1992 בעמ,NL,פרוסות גאודה עיזים 200 גרם,גרמים,200.00,100 גרם,false,1,34.90,17.4500,true,1,42044
7290017065526,false,קוואטרו פורמאג'י 4 גבינות מגוררות 26%,מחלבות גד שיווק 1992 בעמ,IL,גד קוואטרו פורמאג'י 300 גרם,גרמים,300.00,100 גרם,false,1,30.90,10.3000,true,1,42051
7290017065618,false,גבינת פקורינו פרוס גד 150 גרם,מחלבות גד שיווק 1992 בעמ,ES,גבינה חצי קשה פרוסה מחלב כבשים 36% שומן,גרמים,150.00,100 גרם,false,1,23.90,15.9333,true,1,49369
7290017065663,false,גבינת פטה עיזים מעודנת 16% גד 200 גרם,מחלבות גד שיווק 1992 בעמ,IL,גד בולגרית עיזים מעודנת 16% שומן,גרמים,250.00,100 גרם,false,1,31.90,12.7600,true,1,50521
7290017065731,false,גבינת שמנת 30% ניו יורק +כמהין 200 גרם רבנות,מחלבות גד שיווק 1992 בעמ,IL,גבינת שמנת עם כמהין 30% גד 200גרם,גרמים,200.00,100 גרם,false,1,14.90,7.4500,true,1,52016
7290017065786,false,גבינה אנגלית קשה צ`דר 210 גר`גד,מחלבות גד שיווק 1992 בעמ,IL,גבינת צדר גד 210 גרם,גרמים,210.00,100 גרם,false,1,22.90,10.9048,true,1,53101
7290017065847,false,מוס מסקרפונה ושוקולד,מחלבות גד,IL,מוס מסקרפונה ושוקולד גד 250גרם,גרמים,250.00,100 גרם,false,1,21.90,8.7600,true,1,54392
7290017065861,false,קאצ`יו אה פפה רוטב פיקורינו ופלפל שחור 2,מחלבות גד שיווק 1992 בעמ,IL,רוטב פקורינו ופלפל שחור גד 200גרם,גרמים,200.00,100 גרם,false,1,19.90,9.9500,true,1,54394
7290017065878,false,רוטב לפסטה מק אנד צ'יז גד 200 גרם,מחלבות גד שיווק 1992 בעמ,IL,מק אנד ציז גד 200גרם,גרמים,200.00,100 גרם,false,1,19.90,9.9500,true,1,54395
7290017088242,false,מגבונים בייבי בייסיק.,,,מגבונים בייבי בייסיק,לא מנהל יחידת מידה,0.00,לא מנהל יחידת מידה,false,1,5.90,0.0000,true,1,42594
7290017105062,false,גרגירי חומוס שלם יכין הקטניה הטובה 200 ג,היינץ צפון אמריקה מק,IL,יכין הקטניה הטובה חומוס שלם 200 גרם,גרמים,200.00,100 גרם,false,1,4.90,2.4500,true,1,37930
7290017105079,false,שעועית לבנה ברוטב עגבניות יכין הקטניה הט,היינץ צפון אמריקה מק,IL,יכין שעועית לבנה ברוטב עגבניות 200 גרם,גרמים,200.00,100 גרם,false,1,4.90,2.4500,true,1,37931
7290017105086,false,שימורי יכין שעועית צילי 200 גר,"זנלכל בע""\מ",IL,יכין הקטניה הטובה שעועית צ'ילי 200 גרם,גרמים,200.00,100 גרם,false,1,4.90,2.4500,true,1,37932
7290017105116,false,תורמוס הקטניה הטובה יכין 200/105 גרם,"זנלכל בע""\מ",IL,יכין הקטניה הטובה תורמוס 200 גרם,גרמים,200.00,100 גרם,false,1,4.90,2.4500,true,1,37933
7290017105123,false,פול מצרי הקטניה הטובה יכין 200/105 גרם,היינץ צפון אמריקה מק,IL,יכין הקטניה הטובה פול 200 גרם,גרמים,200.00,100 גרם,false,1,4.90,2.4500,true,1,37934
7290017106069,false,"קוביות סלק יכין, 550 גרם",היינץ צפון אמריקה מק,IL,סלק קוביות 2A יכין 550גרם,גרמים,550.00,100 גרם,false,1,9.90,1.8000,true,1,49098
7290017121093,false,"אריסה חריפה 250 גרם ""עללחם""","מדשא תעשיות מזון בע""\מ",IL,עללחם בפיתה אריסה חריפה 250 גרם,גרמים,250.00,100 גרם,false,1,15.90,6.3600,true,1,38442
7290017142159,false,"שלישיית נתחי טונה בהירה בשמן זית 80 גרם ""עץ הזית""",הנסיך- מפעל לייצור ט,TH,נתחי טונה בהירה בשמן זית 80*3 גרם עץ-הזית,גרמים,240.00,100 גרם,false,1,23.90,9.9583,true,1,38889
7290017142166,false,"פילה טונה פרוס עם שמן זית 120 גרם ""עץ הזית""","יוניקורד ח.צ בע""מ",TH,עץ הזית פילה פרוס עם שמן זית 120 גרם,גרמים,120.00,100 גרם,false,1,15.90,13.2500,true,1,53443
7290017142401,false,"LUNCH TO GO קינואה לבנה ואדומה טונה בשמן זית 160 גרם ""עץ הזית""",ג'נרל מילס סאן אדריא,TH,קינואה לבנה ואדומה עם טונה 160 גרם,גרמים,160.00,100 גרם,false,1,14.90,9.3125,true,1,51277
7290017142418,false,"LUNCH TO GO אורז עם עדשים טונה בשמן זית 160 גרם ""עץ הזית""",יוניקורד ח.צ בעמ,TH,אורז ועדשים עם טונה בשמן זית,גרמים,160.00,100 גרם,false,1,14.90,9.3125,true,1,51278
7290017217000,false,כוסות יהלום משובחות,,,"כוסות יהלום משובחות 240 מ""ל 40 יחי",לא מנהל יחידת מידה,0.00,לא מנהל יחידת מידה,false,1,14.90,0.0000,true,1,37560
7290017304885,true,לחם שיפון מלא 750 ג,מאפיית שלמה א. אנג'ל,IL,לחם שיפון מלא 750 גרם,גרמים,750.00,100 גרם,false,1,16.90,2.2533,true,1,42536
7290017334448,false,שמן קנולה מזוכך OLEO,א.ד.מ . אנטוורפן,BE,שמן קנולה מזוכך OLEO 1 ליטר,ליטרים,1.00,ליטר,false,1,12.90,12.9000,true,1,51316
7290017334455,false,"אורז פרסי זיפר 1ק""ג",,TH,"אורז פרסי זיפר 1ק""ג",קילוגרמים,1.00,"ק""ג",false,1,10.90,10.9000,true,1,53422
7290017334462,false,אורז יסמין זיפר 1,,TH,"אורז יסמין זיפר 1 ק""ג",קילוגרמים,1.00,"ק""ג",false,1,11.90,11.9000,true,1,53423
7290017389011,false,מנגו מיובש ללא סוכר 160 גרם קופסא,דין שיווק וקליה 2021 בעמ,IL,שקדיה מנגו מיובש ללא סוכר 160 גר קופסא,גרמים,160.00,100 גרם,false,1,21.90,13.6875,true,1,53370
7290017389073,false,תות שדה מיובש 160 גרם קופסא,דין שיווק וקליה 2021 בעמ,IL,שקדיה תות שדה מיובש 160 גר קופסא,גרמים,160.00,100 גרם,false,1,21.90,13.6875,true,1,51131
7290017406794,false,אורז בסמטי קינג קראו,פונט סלאם וולנסיה,IN,"אורז בסמטי קינג קראוון 1 ק""ג",קילוגרמים,1.00,"ק""ג",false,1,12.90,12.9000,true,1,53960
7290017440729,false,אולטרסול ספריי שמן קוקוס 200/20 SPF,פישר תעשיות,IL,"אולטרסול ספריי שמן יבש 200 מ""ל",מיליליטרים,200.00,"100 מ""ל",false,1,39.90,19.9500,true,1,55223
7290017477596,false,תמר מגהול פרימיום 400 ג' בקופסא,דין שיווק וקליה 2021 בעמ,IL,תמר מגהול ענק פרמיום 400ג שקדיה,גרמים,400.00,100 גרם,false,1,23.90,5.9750,true,1,53184
7290017478005,false,מלבי שמנת מתוקינוחים,,,מלבי שמנת מתוקינוחים 100 גרם,גרמים,100.00,100 גרם,false,1,9.90,9.9000,true,1,51967
7290017478012,false,בוואריה חלבי מתוקינ,,,בוואריה חלבי מתוקינוחים 100 גרם,גרמים,100.00,100 גרם,false,1,9.90,9.9000,true,1,51968
7290017478043,false,מוס שוקולד מתוקינוחי,,,מוס שוקולד מתוקינוחים 100 גרם,גרמים,100.00,100 גרם,false,1,9.90,9.9000,true,1,51970
7290017513409,false,תה ירוק SUPER GREEN 87 גרםבטעם אוכמניות ואסאי,תה ויסוצקי (ישראל) בעמ,IL,תה ירוק עם צמחים סגולים בטעם אוכמניות ואסאי,יחידה,1.00,יחידה,false,1,26.90,26.9000,true,1,47860
7290017513775,false,פליפז בייגלה מצופה שוקולד חלב מקוויטיס 140 גרם,תה ויסוצקי (ישראל) בעמ,TR,"Flipz, חטיף בייגלה אפוי בציפוי שוקולד חלב, 140 גרם",גרמים,140.00,100 גרם,false,1,9.90,7.0714,true,1,48913
7290017513782,false,פליפז בייגלה מצופה שוקולד מריר מקוויטיס 140 גרם,תה ויסוצקי (ישראל) בעמ,TR,פליפז בייגלה מצופה שוקולד מריר 140 ג,גרמים,140.00,100 גרם,false,1,9.90,7.0714,true,1,48912
7290017513829,false,תה ירוק לימונית ג'ינג'ר 25 שקיקים בתוספת ויטמין Cּּ+D,תה ויסוצקי (ישראל) בעמ,IL,תה ירוק לימונית וגינגר ויטמין D+C,גרמים,38.00,100 גרם,false,1,26.90,70.7895,true,1,50614
7290017513850,false,תה ירוק נענע 25 שקיקים בתוספת ויטמינים Cּּ+D,תה ויסוצקי (ישראל) בעמ,IL,ויסוצקי ירוק נענע עם ויטמינים,גרמים,38.00,100 גרם,false,1,26.90,70.7895,true,1,50613
7290017513867,false,תה ירוק לימונית ולואיזה סתוספת ויטמינים ויסוצקי 25 יחידות,תה ויסוצקי (ישראל) בעמ,IL,תה ירוק עם לימונית/לואיזה עם ויטמינים T.T,גרמים,38.00,100 גרם,false,1,26.90,70.7895,true,1,50612
7290017536620,false,עוגיות קרנאץ שוקוציפ,דויטישלנד,IL,עוגיות קרנאץ שוקוציפס 220 גרם דויטש,גרמים,220.00,100 גרם,false,1,24.90,11.3182,true,1,52650
7290017536910,false,עוגיות פאדג 220 גרם,דויטישלנד,IL,עוגיות פאדג 220 גרם דויטש,גרמים,220.00,100 גרם,false,1,24.90,11.3182,true,1,52651
7290017536927,false,עוגיות וניל בציפוי ס,דויטישלנד,IL,עוגיות וניל בציפוי סוכר 220 גרם דויטש,גרמים,220.00,100 גרם,false,1,24.90,11.3182,true,1,52657
7290017555461,false,חטיף בוטנים בייק פרו,אשבל,IL,חטיף בוטנים בייק פרו 21 גרם חלבון 80גרם,גרמים,80.00,100 גרם,false,1,13.90,17.3750,true,1,50267
7290017589565,false,"ברקן, גוורצטרמינר לבן חצי יבש 750 מל",טמפו משקאות בעמ,IL,"ברקן, גוורצטרמינר לבן חצי יבש 750 מל",מיליליטרים,750.00,"100 מ""ל",false,1,33.90,4.5200,true,1,51329
7290017589633,false,"רזרב גולד אדישיין קברנה סוביניון 750 מ""ל",טמפו משקאות בעמ,IL,"קברנה סוביניון מהדורת רזרב גולד 750 מ""ל",מיליליטרים,750.00,"100 מ""ל",false,1,59.90,7.9867,true,1,41825
7290017599250,false,סוכרזית קלאסי 120 גר`שקיות,שטראוס גרופ בע`מ,IL,סוכרזית קלאסי 120 שקיות,גרמים,120.00,100 גרם,false,1,19.90,16.5833,true,1,55467
7290017599267,false,סוכרלוז 120 שקיות ממתיק שולחני,שטראוס גרופ בע`מ,IL,סוכרזית סוכרלוז 120 שקיות 100גרם,גרמים,100.00,100 גרם,false,1,29.90,29.9000,true,1,55465
7290017599274,false,סוכרזית סטיוויה 120שקיות 100גרם,"שטראוס גרופ בע""מ",IL,סוכרזית סטיוויה 120 שקיות 120גרם,גרמים,120.00,100 גרם,false,1,41.90,34.9167,true,1,55466
7290017617008,false,טונה סטארקיסט שלשות 140 גרם,מ.ד אטיאס סוכנויות מזון בע`מ,,טונה סטרקיסט בשמן 3*140גרם,גרמים,420.00,100 גרם,false,1,19.90,4.7381,true,1,53182
7290017617015,false,נתחי טונה במים 140*3גר,טונה ויאטנם,,טונה סטרקיסט במים 3*140גרם,גרמים,420.00,100 גרם,false,1,19.90,4.7381,true,1,53181
7290017617084,false,סטארקיסט מיקס טוגו טונה עם שעועית 185 גרם,דיפלומט מפיצים (1968) בעמ**,TR,סטארקיסט מיקס טוגו טונה עם שעועית 185גרם,גרמים,185.00,100 גרם,false,1,13.90,7.5135,true,1,51830
7290017617091,false,סטארקיסט מיקס טוגו טונה עם פתיתים 185 גרם,דיפלומט מפיצים (1968) בעמ**,TR,סטארקיסט מיקס טוגו טונה עם פתיתים 185גר,גרמים,185.00,100 גרם,false,1,13.90,7.5135,true,1,51831
7290017617107,false,סטארקיסט מיקס טוגו טונה עם 4 דגנים 185 גרם,דיפלומט מפיצים (1968) בעמ**,TR,סטארקיסט מיקס טוגו טונה עם דגנים 185גרם,גרמים,185.00,100 גרם,false,1,13.90,7.5135,true,1,51832
7290017617411,false,סטארקיסט מיקס סלמון עם אורז מלא וירקות 160 גרם,דיפלומט מפיצים (1968) בעמ**,PL,מיקס סלמון עם אורז מלא סטארקיסט 160גרם,גרמים,160.00,100 גרם,false,1,15.90,9.9375,true,1,55262
7290017617435,false,סטארקיסט מיקס סלמון עם עדשים קינואה וירק 160 גרם,דיפלומט מפיצים (1968) בעמ**,PL,מיקס סלמון עם עדשים וקינואה סטארקיסט 16,גרמים,160.00,100 גרם,false,1,15.90,9.9375,true,1,55263
7290017617459,false,רביעיית טונה בשמן צמחי 120 ג' סטארקיסט,dalmore distilleries,TH,רביעיית טונה סטארקיסט בשמן צמחי 480גרם,גרמים,480.00,100 גרם,false,1,22.90,4.7708,true,1,54623
7290017617466,false,רביעיית טונה במים 120 ג' סטארקיסט,dalmore distilleries,TH,רביעיית טונה סטארקיסט במים 480גרם,גרמים,480.00,100 גרם,false,1,22.90,4.7708,true,1,54624
7290017647425,false,"יין גמלא קברנה סוביניון שנת 2018 750 מ""ל",היכל היין שקד גולן בעמ,,גמלא קברנה סוביניון - בציר 2018,מיליליטרים,750.00,"100 מ""ל",false,1,79.90,10.6533,true,1,50147
7290017647470,false,ירדן-הר חרמון מג`נטה 750 מל,היכל היין שקד גולן בעמ,IL,"יין הר חרמון מגנטה 750 מ""ל",מיליליטרים,750.00,"100 מ""ל",false,1,44.90,5.9867,true,1,50066
7290017647708,false,"רמת הגולן גמלא גוורצטרמינר, 750 מ""ל י יקב רמת הגולן",מיוצר וממולא על ידי יקב,IL,יין גמלא גוורצטרמינר 750 מל,מיליליטרים,750.00,"100 מ""ל",false,1,79.90,10.6533,true,1,53226
7290017647722,false,"רמת הגולן גמלא בלאנקו, 750 מ""ל י יקב רמת הגולן",היכל היין שקד גולן בעמ,IL,יין גמלא בלאנקו 750 מל,מיליליטרים,750.00,"100 מ""ל",false,1,79.90,10.6533,true,1,53227
7290017677804,false,"רוטב סויה קיקומן ללא חומרים משמרים 444 מ""ל",דיפלומט מפיצים (1968) בעמ**,US,רוטב סויה 444 מל,מיליליטרים,444.00,"100 מ""ל",false,1,24.90,5.6081,true,1,54450
7290017677811,false,"רוטב סויה קיקומן ללא חומרים משמרים 296 מ""ל",דיפלומט מפיצים (1968) בעמ**,NL,"רוטב קיקומן סויה ללא תוספת חומרים משמרים 296 מ""ל",מיליליטרים,296.00,"100 מ""ל",false,1,18.90,6.3851,true,1,42689
7290017696294,false,תירס טרי יחידה,חקלאי,IL,תירס טרי יחידה,קילוגרמים,1.00,"ק""ג",false,1,19.90,19.9000,true,1,42123
7290017696393,false,בורגר פטריות מן הצומח 520 גר,קונס`-מרינה פטריות הגליל בעמ*ש,IL,המבורגר פטריות - רביעייה - 130 גר *4,גרמים,450.00,100 גרם,false,1,34.90,7.7556,true,1,50052
7290017696812,false,שורש פטרוזיליה יח,אורן אליהו,IL,שורש פטרוזיליה יח,גרמים,100.00,100 גרם,false,1,5.90,5.9000,true,1,41068
7290017724010,false,עוגיות גריסיני שומשום 250 גר`,אקלר בעמ,IL,עוגיות גריסני שומשום 250 גרם,גרמים,250.00,100 גרם,false,1,24.90,9.9600,true,1,53024
7290017724027,false,עוגיות אלפחורס 300 גרם,הלל בן הלל שיווק ומסחר בעמ,IL,עוגיות אלפחורס 300 גרם,גרמים,300.00,100 גרם,false,1,24.90,8.3000,true,1,53025
7290017724034,false,עוגיות סנדוויץ ריבה 250 גר`,הלל בן הלל שיווק ומסחר בעמ,IL,עוגיות סנדוויץ ריבה 250 גרם,גרמים,250.00,100 גרם,false,1,24.90,9.9600,true,1,53026
7290017724041,false,עוגיות תותי פרוטי 200גרם,הלל בן הלל שיווק ומסחר בעמ,IL,עוגיות תותי פרוטי 200 גרם,גרמים,200.00,100 גרם,false,1,24.90,12.4500,true,1,53027
7290017724058,false,עוגיות מעדן תמר אגוז אקלר,הלל בן הלל שיווק ומסחר בעמ,IL,עוגיות מעדן תמר אגוז250 גרם,גרמים,250.00,100 גרם,false,1,24.90,9.9600,true,1,53028
7290017724089,true,עוגיות ואן גוך 200 ג,אקלר,IL,עוגיות ואן גוך 200 גרם,גרמים,200.00,100 גרם,false,1,24.90,12.4500,true,1,53063
7290017724096,false,עוגיות רולדה לוקום א,הלל בן הלל שיווק ומסחר בעמ,IL,עוגיות רולדה לוקום 200 גרם,גרמים,200.00,100 גרם,false,1,24.90,12.4500,true,1,53031
7290017724102,false,עוגיות סיגרים תמרים אקלר,הלל בן הלל שיווק ומסחר בעמ,IL,עוגיות סיגרים תמרים 200 גרם,גרמים,200.00,100 גרם,false,1,24.90,12.4500,true,1,53032
7290017724119,false,עוגיות אוזנים אקלר 200 גרם,הלל בן הלל שיווק ומסחר בעמ,IL,עוגיות אוזניים200 גרם,גרמים,200.00,100 גרם,false,1,24.90,12.4500,true,1,53033
7290017724140,false,עוגיות שושנים אקלר 200 גרם,הלל בן הלל שיווק ומסחר בעמ,IL,עוגיות שושנים 200 גרם,גרמים,200.00,100 גרם,false,1,24.90,12.4500,true,1,53035
7290017724218,false,עוגיות תמר אגוז ללא סוכר אקלר,הלל בן הלל שיווק ומסחר בעמ,IL,עוגיות מעדן תמר אגוז ללא סוכר 250 גרם,גרמים,250.00,100 גרם,false,1,24.90,9.9600,true,1,53041
7290017724225,false,עוגיות בויוס קשקבל א,הלל בן הלל שיווק ומסחר בעמ,IL,עוגיות בויוס 200 גרם,גרמים,200.00,100 גרם,false,1,24.90,12.4500,true,1,53042
7290017724232,false,עוגיות שומשומיות 200 גר`,הלל בן הלל שיווק ומסחר בעמ,IL,עוגיות שומשומיות 200 גרם,גרמים,200.00,100 גרם,false,1,24.90,12.4500,true,1,53043
7290017724652,false,עוגיות רולדה תמר אגוז ואבקת סוכר אקלר,אקלר,IL,רולדה תמר אגוז ואבקת סוכר 200 גרם,גרמים,200.00,100 גרם,false,1,24.90,12.4500,true,1,53055
7290017724683,false,עוגיות חמאה ושקדים 200 גר`,אקלר בעמ,IL,עוגיות חמאה שקדים 200 גרם,גרמים,200.00,100 גרם,false,1,24.90,12.4500,true,1,53058
7290017791142,false,קרקר כוסמין מלא - פת במלח,"מאפיית פת במלח בע""מ",IL,קרקר כוסמין מלא אורגינל 225 גרם,גרמים,225.00,100 גרם,false,1,23.90,10.6222,true,1,50015
7290017791203,false,קרקר כוסמין מלא - סלק - פת במלח,טחנת האבן קואופ בעמ,IL,קרקר כוסמין מלא סלק 225 גרם,גרמים,225.00,100 גרם,false,1,23.90,10.6222,true,1,50000
7290017812052,false,יין שיראז-קברנה סוביניון אקסלנס יקבי כרמל,אגודת הכורמים בעמ,IL,אקסלנס שיראז/קברנה - יין אדום יבש,מיליליטרים,750.00,"100 מ""ל",false,1,29.90,3.9867,true,1,41318
7290017812069,false,יין אמרלד ריזלינג שרדונה אקסלנס Excellence,אגודת הכורמים בעמ,IL,אקסלנס ריזלינג-שרדונה - יין לבן חצי יבש,מיליליטרים,750.00,"100 מ""ל",false,1,29.90,3.9867,true,1,41319
7290017812571,false,מיץ ענבים תירוש אדום 100% טבעי כרמל 1 ליטר,אגודת הכורמים -כרמל מזרחי,IL,תירוש ליטר אדום 100% טבעי,ליטרים,1.00,ליטר,false,1,21.90,21.9000,true,1,49267
7290017812830,false,יין רוזה פרייבט קולקשיין 750מל יקבי כרמל,"כד בני דרום בע""מ",IL,"יין רוזה P.C 750 מ""ל",מיליליטרים,750.00,"100 מ""ל",false,1,47.90,6.3867,true,1,51572
7290017812847,false,"יין כרמל סלקטד פרנץ' גוורצטרמינר, 750 מ""ל","כד בני דרום בע""מ",IL,יין פרנץ גוורצטרמינר סלקטד יקבי כרמל,מיליליטרים,750.00,"100 מ""ל",false,1,29.90,3.9867,true,1,51573
7290017869780,false,תערובת בחש בוכרי מע,מעיין,IL,תערובת בחש בוכרי מעיין 500 גרם,גרמים,500.00,100 גרם,false,1,16.90,3.3800,true,1,51973
7290017869797,false,תערובת קטניות למרק,מעיין,IL,תערובת קטניות למרק מעיין500 גרם,גרמים,500.00,100 גרם,false,1,16.90,3.3800,true,1,51974
7290017869803,false,תערובת מיקס קינואה,מעיין,IL,תערובת מיקס קינואה מעיין 500 גרם,גרמים,500.00,100 גרם,false,1,23.90,4.7800,true,1,51975
7290017872049,false,"פמלי אל סבון בניחוח לוונדר ארומטי- שלישייה 500 מ""ל",אברנסל קוסמטיקס,TR,"פמילי אלסבון שלישייה לבנדר ארומטי 500 מ""",מיליליטרים,500.00,"100 מ""ל",false,1,17.90,3.5800,true,1,50301
7290017872070,false,מארז מגבונים לחים בניחוח מרענן פרש וואנס שלישייה,"ווטנפס בע""\מn\",IL,פרש וואנס מגבונים נטורל קר שלישייה,יחידה,1.00,יחידה,false,1,9.90,9.9000,true,1,52289
7290017872667,false,"פמלי יהלום-סבון ידיים עם שמן קמומיל 500 מ""ל",המאפיה של הרמן,TR,תחליב רחצה לידיים מועשר בשמן קמומיל,מיליליטרים,500.00,"100 מ""ל",false,1,11.90,2.3800,true,1,50388
7290017888019,false,"משקה תפוח רימון סלק גינגיר פרות &ווג 350 מ""ל",יפאורה שותפות מוגבלת לשיווק,IL,"FRUIT&VEG תפוח סלק רימון ג'ינג'ר 350 מ""ל",מיליליטרים,350.00,"100 מ""ל",false,1,8.90,2.5429,true,1,42407
7290017888026,false,"משקה אננס תפוח גזר פרות & ווג 350 מ""ל",יפאורה שותפות מוגבלת לשיווק,IL,"FRUIT&VEG אננס תפוח גזר 350 מ""ל",מיליליטרים,350.00,"100 מ""ל",false,1,8.90,2.5429,true,1,42329
7290017888033,false,"משקה בננה מלון נענע פרות &ווג 350 מ""ל",יפאורה שותפות מוגבלת לשיווק,IL,"FRUIT&VEG בננה מלון נענע 350 מ""ל",מיליליטרים,350.00,"100 מ""ל",false,1,8.90,2.5429,true,1,42330
7290017888132,false,משקה אנרגיה שוופס פי,שוופס,IL,"שוופס פינק אקספלוזן 330 מ""ל",מיליליטרים,330.00,"100 מ""ל",false,1,8.90,2.6970,true,1,42325
7290017888354,false,מים מינרליים בקבוק ס,יפאורה שותפות מוגבלת לשיווק,,"מי עדן GYM בקבוק ספורט 750 מ""ל",מיליליטרים,750.00,"100 מ""ל",false,1,5.50,0.7333,true,1,47098
7290017888644,false,"משקה אננס בננה כורכום פרות & ווג 350 מ""ל",יפאורה שותפות מוגבלת לשיווק,IL,"FRUIT&VEG אננס בננה כורכום 350 מ""ל",לא מנהל יחידת מידה,3.30,לא מנהל יחידת מידה,false,1,8.90,2.6970,true,1,49765
7290017888729,false,שוופס סודה בקבוק 1 ל',יפאורה שותפות מוגבלת לשיווק,IL,שוופס סודה 1 ל' גיזוז חזק,ליטרים,1.00,ליטר,false,1,4.90,4.9000,true,1,49766
7290017888972,false,בקבוק מי עדן פקק ספורט 1 ליטר,יפאורה שותפות מוגבלת לשיווק,IL,מי עדן פקק ספורט 1 ליטר,ליטרים,1.00,ליטר,false,1,5.00,5.0000,true,1,49993
7290017894034,false,"פתיתי שיבולת שועל עבה לל""ג דגש 400 גרם",אף.סי תבליני בגליל ב,IL,פתיתי שיבולת שועל מלאה עבה,גרמים,400.00,100 גרם,false,1,21.90,5.4750,true,1,48631
7290017894065,false,דגש תערובת רב תכליתית ללא גלוטון,"אף, סי תבליני הגליל",IL,דגש - תערובת רב תכליתית ללא גלוטן 500גר,גרמים,500.00,100 גרם,false,1,18.90,3.7800,true,1,48632
7290017894096,false,ממרח בטעם מיונז טבעוני אורגני 350 גרם,אף.סי תבליני בגליל ב,DE,ממרח בטעם מיונז טבעוני אורגני נטורפוד350,גרמים,350.00,100 גרם,false,1,25.90,7.4000,true,1,50853
7290017917993,false,אולטרסול FREE ספריי שקוף SPF50 200,מדי פישר,IL,אולטרסול Free ספרי רציף שקוף SPF50,לא מנהל יחידת מידה,0.00,לא מנהל יחידת מידה,false,1,44.90,0.0000,true,1,52900
7290017925417,false,בקבוק בירה בקס ללא א,Beck and Co,DE,"בקבוק בירה בקס ללא אלכוהול 275מ""ל",מיליליטרים,275.00,"100 מ""ל",false,1,5.90,2.1455,true,1,51608
7290017928043,true,גריסיני קראנץ מלח 17,מאיר בייגל,IL,מאיר בייגל גריסיני קראנץ' עם מלח 175 גרם,יחידה,0.00,יחידה,false,1,12.90,0.0000,true,1,48678
7290017928630,true,גריסיני קראנץ פינוקי,מאיר בייגל,IL,מאיר בייגל גריסיני קראנץ' פינוקים 175 גרם,גרמים,0.00,100 גרם,false,1,12.90,0.0000,true,1,48685
7290017928685,false,בייגלה שמיניות מלוח מאיר בייגל 400 גרם.,מאיר את בייגל,IL,מאיר בייגל בייגלה עם מלח 400 גרם,גרמים,400.00,100 גרם,false,1,12.90,3.2250,true,1,52994
7290017928722,false,בייגלה שטוח ניגובים שומשום 300 ג' מאיר בייגל,מאיר את בייגל,IL,מאיר בייגל שטוח ניגובים שומשום 300 גרם,גרמים,330.00,100 גרם,false,1,12.90,3.9091,true,1,52995
7290017928821,true,מקלות גריסיני קלאסי,מאיר בייגל,IL,מקלות גריסיני קלאסי 200 גרם מאיר בייגל,גרמים,200.00,100 גרם,false,1,12.90,6.4500,true,1,48840
7290017947105,false,לחם אנג'ל בסגנון אמריקה 500 גרם,מאפיית שלמה א. אנג'\ל בע,IL,לחם אנגל בסגנון אמריקה 500 גרם,גרמים,500.00,100 גרם,false,1,15.90,3.1800,true,1,49971
7290017947457,false,חלה קלועה כוסמין אנג'ל ארוזה 500 גרם,מאפיית שלמה א.אנג'ל,IL,חלת כוסמין קלועה,גרמים,500.00,100 גרם,false,1,17.90,3.5800,true,1,53019
7290017947464,false,שמיניית פיתות כוסמין אנג'ל 8*50 גרם,מאפיית שלמה א.אנג'\ל בע\,IL,מאפיית אנג'ל פיתות כוסמין 400 גרם,יחידה,1.00,יחידה,false,1,17.90,17.9000,true,1,50618
7290017947495,false,לחמניות כוסמין 6 יח(450 גר`)אנג`ל,"איטיליאן פוד, אס.פי.",IL,אנג'ל לחמניות 100% כוסמין 450 גרם,גרמים,450.00,100 גרם,false,1,17.90,3.9778,true,1,50884
7290017947891,false,לחם אנג'ל כוסמין וחיטה מלאה 750 גרם,מאפיית שלמה א. אנג'\ל בע,IL,"אנג'ל כוסמין וחיטה מלאה במרקם חלק, 750 גרם",גרמים,750.00,100 גרם,false,1,17.90,2.3867,true,1,50750
7290017947921,false,לחמניות המבורגר בסגנון אמריקאי מארז 6 יח',מאפיית שלמה א. אנג'\ל בע,IL,אנג'ל לחמניות המבורגר בסגנון אמריקה 6 יח',גרמים,450.00,100 גרם,false,1,15.90,3.5333,true,1,49970
7290017947938,false,מיני לחמניות המבורגר בסגנון אמריקה 400 ג' אנג'ל,מאפיית שלמה א. אנג'\ל בע,IL,לחמניות מיני המבורגר אמריקה 8 יח,גרמים,400.00,100 גרם,false,1,15.90,3.9750,true,1,50883
7290018011003,false,קרחון סורבה טבעוני ת,תמרה ארטיק בעמ,IL,קרחון סורבה טבעוני תמרה 80 גרם אננס,גרמים,80.00,100 גרם,false,1,11.90,14.8750,true,1,46807
7290018011027,false,גלידה מנגו קוקוס מלוח VEGAN,תמרה יוגורט,IL,קרחון סורבה טבעוני תמרה 80 גרם מנגו קוקוס מלוח,גרמים,80.00,100 גרם,false,1,11.90,14.8750,true,1,46802
7290018011034,false,קרחון סורבה טבעוני ת,תמרה ארטיק בעמ,IL,קרחון סורבה טבעוני תמרה פטל ללים 80 גרם,גרמים,80.00,100 גרם,false,1,11.90,14.8750,true,1,42247
7290018011041,false,קרחון סורבה טבעוני ת,,IL,קרחון סורבה טבעוני תמרה תות בננה 80 גרם,גרמים,80.00,100 גרם,false,1,11.90,14.8750,true,1,42256
7290018011058,false,ארטיק עוגת גבינה ופטל,תמרה ארטיק בעמ,IL,שלגון שמנת טבעוני תמרה עוגת גבינה ופטל,גרמים,80.00,100 גרם,false,1,11.90,14.8750,true,1,42254
7290018011065,false,שלגון תמרה 80 גרם קפ,תמרה יוגורט,IL,שלגון תמרה 80 גרם קפה קר,גרמים,80.00,100 גרם,false,1,11.90,14.8750,true,1,46810
7290018011072,false,שלגון שמנת תמרה 80 ג,תמרה יוגורט,IL,שלגון שמנת תמרה 80 גרם פיסטוק,גרמים,80.00,100 גרם,false,1,11.90,14.8750,true,1,46814
7290018011089,false,קרחון סורבה תמרה עם,תמרה יוגורט,IL,קרחון סורבה תמרה עם משמש80 גרם,גרמים,80.00,100 גרם,false,1,11.90,14.8750,true,1,50417
7290018011201,false,ארטיק אננס פסיפלורה ומנגו,תמרה ארטיק בעמ,IL,קרחון סורבה טבעוני תמרה אננס פסיפלורה מנ,גרמים,80.00,100 גרם,false,1,11.90,14.8750,true,1,42246
7290018011218,false,קרחון סורבה טבעוני ת,,IL,קרחון סורבה טבעוני תמרה לימונענע 80 גרם,גרמים,80.00,100 גרם,false,1,11.90,14.8750,true,1,42242
7290018011225,false,קרחון סורבה טבעוני ת,תמרה ארטיק בעמ,IL,קרחון סורבה טבעוני תמרה קוקוס 80 גרם,גרמים,80.00,100 גרם,false,1,11.90,14.8750,true,1,42245
7290018011256,false,ארטיק יוגורט תות ומקופלת,תמרה ארטיק בעמ,IL,שלגון יוגורט תמרה תות ומקופלת 80 גרם,גרמים,80.00,100 גרם,false,1,11.90,14.8750,true,1,42249
7290018011270,false,שלגון שמנת תמרה 80 ג,תמרה יוגורט,IL,שלגון שמנת תמרה 80 גרם שוקולד לבן דובדבן,גרמים,80.00,100 גרם,false,1,11.90,14.8750,true,1,46815
7290018011317,false,ארטיק רני דובדבני 80,תמרה יוגורט,IL,ארטיק רני דובדבני 80 גרם,גרמים,80.00,100 גרם,false,1,11.90,14.8750,true,1,54500
7290018011409,false,קרחון סורבה טבעוני ת,,IL,קרחון סורבה טבעוני תמרה אסאי 80 גרם,גרמים,80.00,100 גרם,false,1,11.90,14.8750,true,1,42255
7290018011416,false,קרחון סורבה טבעוני ת,General,IL,קרחון סורבה טבעוני תמרה מנגו מאיה 80 גרם,גרמים,80.00,100 גרם,false,1,11.90,14.8750,true,1,42244
7290018011454,false,שלגון שמנת תמרה 80 ג,תמרה יוגורט,IL,שלגון שמנת תמרה 80 גרם סחלב,גרמים,80.00,100 גרם,false,1,11.90,14.8750,true,1,46812
7290018011485,false,ארטיק תות שוקולד לבן,תמרה ארטיק בעמ,,שלגון תמרה 80 גרם תות שוקולד 2021,גרמים,80.00,100 גרם,false,1,11.90,14.8750,true,1,51230
7290018011492,false,מאגדת 4יח ארטיק תמרה,תמרה יוגורט,IL,מאגדת 1/4 תמרה אננס פס. ומנגו 320 גר,גרמים,320.00,100 גרם,false,1,36.90,11.5312,true,1,52722
7290018011607,false,קרחון סורבה טבעוני ת,תמרה ארטיק בעמ,IL,קרחון סורבה טבעוני תמרה בננה 80 גרם,גרמים,80.00,100 גרם,false,1,11.90,14.8750,true,1,42243
7290018011805,false,קרחוקרחון סורבה טבעו,תמרה יוגורט,IL,קרחוקרחון סורבה טבעוני תמרה 80 גרם אננס,גרמים,80.00,100 גרם,false,1,11.90,14.8750,true,1,46880
7290018011812,false,קרחון סורבה טבעוני ת,,,קרחון סורבה טבעוני תמרה 80 גרם מנגו גויאבה ורימון,גרמים,80.00,100 גרם,false,1,11.90,14.8750,true,1,47213
7290018011836,false,קרחון סורבה טבעוני ת,תמרה יוגורט,IL,קרחון סורבה טבעוני תמרה 80 גרם שוקולד חמאת בוטנים,גרמים,80.00,100 גרם,false,1,11.90,14.8750,true,1,46801
7290018011843,false,שלגון יוגורט תמרה יו,,IL,שלגון יוגורט תמרה יוגורט פירות יער 80 גר,גרמים,80.00,100 גרם,false,1,11.90,14.8750,true,1,42257
7290018011850,false,שלגון תמרה קרם קוקוס,תמרה ארטיק בעמ,IL,שלגון תמרה קרם קוקוס 80 גרם,גרמים,80.00,100 גרם,false,1,11.90,14.8750,true,1,42250
7290018011867,false,גלידה שוקולד קרמל מלוח,תמרה ארטיק בעמ,IL,שלגון שמנת תמרה בטעם שוקולד קרמל מלוח,גרמים,80.00,100 גרם,false,1,11.90,14.8750,true,1,42252
7290018011874,false,קרחון סורבה תמרה טחי,תמרה יוגורט,IL,קרחון סורבה תמרה טחינה אלארז 80 גרם,גרמים,80.00,100 גרם,false,1,11.90,14.8750,true,1,50416
7290018038000,false,פיצה מרגריטה גבינשיו קשיו 380 גרם,פרוזן פקטורי,IL,פיצה טבעונית 380 גרם,גרמים,380.00,100 גרם,false,1,28.90,7.6053,true,1,42476
7290018038222,false,פיצה מרגריטה גבינשיו כוסמין 380 גרם,,,פיצה פאפאלה כוסמין גבינשיו 380גרם,גרמים,380.00,100 גרם,false,1,29.90,7.8684,true,1,51794
7290018038888,false,פיצה זוגית מרגריטה פרמזן 380 גר,פרוזן פקטורי,IL,פאפא'לה פיצה מרגריטה בתוספת פרמזן,גרמים,380.00,100 גרם,false,1,26.90,7.0789,true,1,42474
7290018043196,false,פראוד - חטיף חלבון בטעם שוקולד לבן עוגיות 60 גרם,דיפלומט מפיצים (1968) בעמ**,NL,חטיף חלבון PROUD שוקולד עוגיות 60 גרם,גרמים,60.00,100 גרם,false,1,14.90,24.8333,true,1,51483
7290018043295,false,חטיף חלבון בטעם ונילה קראנצ 60 גרם,דיפלומט מפיצים (1968) בעמ**,NL,PROUD ונילה קראנץ 60 גרם,גרמים,60.00,100 גרם,false,1,14.90,24.8333,true,1,51482
7290018043844,false,חטיף חלבון בוטנים קרמל קראנץ 60 ג' פראוד,דיפלומט מפיצים (1968) בעמ**,NL,חטיף חלבון פראוד בוטנים קרמל קראנצי60,גרמים,60.00,100 גרם,false,1,14.90,24.8333,true,1,54247
7290018045695,false,דגני בוקר בון בון במילוי קרם בטעם קרמל מ,ר.ב. מוצרי דגנים בעמ,DE,דגנים BON&BONבמילוי קרם קרמל מלוח 480גרם,גרמים,480.00,100 גרם,false,1,21.90,4.5625,true,1,53882
7290018045893,false,דגני בוקר בון בון במילוי קרם נוגט 480 גר,ר.ב. מוצרי דגנים בעמ,DE,דגנים BON&BONבמילוי קרם נוגט 480גרם,גרמים,480.00,100 גרם,false,1,21.90,4.5625,true,1,53883
7290018071205,false,כפפות ניטרו V כחולות אלסטיות S ללא אבקה 100 יחידות,אינטרסן (1996) בעמ,CN,כפפות נטרו V ללא אבקה S כחול 100 יח,יחידה,1.00,יחידה,false,1,29.90,29.9000,true,1,54355
7290018071212,false,כפפות ניטרו V כחולות אלסטיות M ללא אבקה 100 יחידות,אינטרסן (1996) בעמ,CN,כפפות נטרו V ללא אבקה M כחול 100 יח,יחידה,1.00,יחידה,false,1,29.90,29.9000,true,1,54119
7290018071229,false,כפפות ניטרו V כחולות אלסטיות L ללא אבקה 100 יחידות,אינטרסן (1996) בעמ,CN,כפפות נטרו V ללא אבקה L כחול 100 יח,יחידה,1.00,יחידה,false,1,29.90,29.9000,true,1,54120
7290018071267,false,כפפות פלסטיק L שחורות אלסטיות 100 יחידות,אינטרסן (1996) בעמ,CN,כפפות פלסטיק שחורות L ללא אבקה 100 יח,יחידה,1.00,יחידה,false,1,14.90,14.9000,true,1,51617
7290018091272,false,בצק עוגיות קקאו טריפל שוקולד צ'יפס 300 גרם מעדנות,תנובה מרכז שיתופי לשיווק תוצרת,TR,בצק עוגיות קקאו טריפל שוקולד ציפס300 ג,גרמים,300.00,100 גרם,false,1,20.90,6.9667,true,1,54859
7290018091470,false,גלילת ביסקוויטים בטעם שוקולד 300 גרם מעדנות,תנובה מרכז שיתופי לשיווק תוצרת,IL,גלילת ביסקוויטים בטעם שוקולד מעדנות300,גרמים,300.00,100 גרם,false,1,20.90,6.9667,true,1,54839
7290018091647,false,בצק פריך שקדים 500 גר',מיוצר עי קונדיטוריית,IL,בצק פריך עם שקדים מעדנות 500 גרם,גרמים,500.00,100 גרם,false,1,27.90,5.5800,true,1,52017
7290018091845,false,בצק פריך עם שוקולד מ,"מעדנות בע""\מ",IL,בצק פריך עם שוקולד מעדנות 500 גרם,גרמים,500.00,100 גרם,false,1,27.90,5.5800,true,1,52018
7290018131077,false,נסטלה מילקה שלגון וניל חדש 71 גרם,פרונרי פולין,PL,שלגון מילקה עם ריפל שוקולד 71 גרם,גרמים,71.00,100 גרם,false,1,10.90,15.3521,true,1,51876
7290018131190,false,נסטלה שרבט אקסל 105,המאפיה של הרמן,IL,נסטלה שרבט אקסל 105 גרם,גרמים,105.00,100 גרם,false,1,7.90,7.5238,true,1,49039
7290018131213,false,טילון מיניונים 70ג,המאפיה של הרמן,IL,טילון מיניונים 70ג,גרמים,70.00,100 גרם,false,1,7.90,11.2857,true,1,49040
7290018131251,false,אקסטרים מטבע שוקולד לבן וליבת קרם עוגיות 115ג',נגה גלידות שותפות מוגבלת,IL,אקסטרים מ.שקלד.לבן וליבת ק.עוג. 18*115ג,גרמים,128.00,100 גרם,false,1,9.90,7.7344,true,1,49042
7290018131336,false,שלגון ליון בטעם קרמל עם,שוורצקוף& הנקל דיסלד,PL,שלגון ליון קרמל 66גרם,גרמים,66.00,100 גרם,false,1,10.90,16.5152,true,1,51878
7290018131428,false,טילון אקסטרים מסקרפו,גלידות נסטלה )נגה גלידות,IL,טילון אקסטרים מסקרפונה תות 128 גרם,גרמים,128.00,100 גרם,false,1,9.90,7.7344,true,1,49045
7290018131558,false,מאגדת מיני בייטס אוראו 201 גרם,שוורצקוף& הנקל דיסלד,PL,מאגדת מיני בייטס אוראו 240 גרם,גרמים,240.00,100 גרם,false,1,22.90,9.5417,true,1,49051
7290018131572,false,אימפלס מיני בייטס מילקה 8 יחידות,שוורצקוף& הנקל דיסלד,PL,גלידה מיני בייטס מילקה 85,גרמים,85.00,100 גרם,false,1,7.90,9.2941,true,1,49052
7290018131596,false,אימפלס מיני בייטס אוראו 8 יחידות,שוורצקוף& הנקל דיסלד,PL,גלידה מיני בייטס אוראו 85 גרם,גרמים,85.00,100 גרם,false,1,7.90,9.2941,true,1,49053
7290018131640,false,קראנץ בלונד עם ליבת נוגט בוטנים 100 גרם,גלידות נסטלה )נגה גלידות,IL,קראנץ שוקולד בלונדי 100 גרם,גרמים,100.00,100 גרם,false,1,10.50,10.5000,true,1,51874
7290018131770,false,שלגון נסטלה מצופה וניל תות 60 גרם,גלידות נסטלה (נגה גל,IL,שלגון וניל מצופה תות 55 גרם,גרמים,55.00,100 גרם,false,1,5.90,10.7273,true,1,51576
7290018131831,false,נסטלה מאגדת שלגון מילקה וניל חדש8 4*66ג,נגה גלידות שותפות מוגבלת,PL,מאגדת שלגוני מילקה 264גרם,גרמים,264.00,100 גרם,false,1,39.90,15.1136,true,1,53747
7290018131855,false,אקסטרים טילון בראוניז בדצ מאגדת 6*72 גרם נסטלה,נגה גלידות שותפות מוגבלת,IL,מאג אקסטרים טילון בראוניז 432גרם,גרמים,432.00,100 גרם,false,1,39.50,9.1435,true,1,51869
7290018131893,false,אקסטרים טילון פקאן מאגדת 6*72גרם,נגה גלידות שותפות מוגבלת,IL,מאג אקסטרים טילון פקאן 432גרם,גרמים,432.00,100 גרם,false,1,39.50,9.1435,true,1,51867
7290018131930,false,מאגדת לה פרוטה בננה תמר פקאן נסטלה 325 גרם,נגה גלידות שותפות מוגבלת,IL,מאגדת ל.פרוטה מצופה בננה פקאן 325 גרם,גרמים,325.00,100 גרם,false,5,32.90,10.1231,true,1,51578
7290018131954,false,מאגדת לה פרוטה תות שוקולד נסטלה 350 גרם,נגה גלידות שותפות מוגבלת,IL,מאגדת ל.פרוטה מצופה תות שוקולד 350 גרם,גרמים,350.00,100 גרם,false,5,32.90,9.4000,true,1,51577
7290018131978,false,טילון נסטלה אוראו 68.5 גרם,פרונרי סרביה,PL,טילון אוראו 68.5גרם,גרמים,69.00,100 גרם,false,1,6.90,10.0000,true,1,51880
7290018165010,false,"יין רזרב GOLD EDITION גווצטרמינר ברקן 750 מ""ל",יקבי ברקן שיווק והפצה בע,IL,יין רזרב גולד גוורצטרמינר 750 מל,מיליליטרים,750.00,"100 מ""ל",false,1,59.90,7.9867,true,1,51321
7290018165027,false,רזרב גולד אדישיין רוזה 750 מל-יקבי ברק,יקבי ברקן שיווק והפצה בע,IL,גולד אדישיין רוזה750 מל,מיליליטרים,750.00,"100 מ""ל",false,1,59.90,7.9867,true,1,54491
7290018165447,false,רזרב גולד מרלו ( 750 מל) יקבי ברקן,יקבי ברקן שיווק והפצה בע,IL,"רזרב גולד מרלו 750 מ""ל",מיליליטרים,750.00,"100 מ""ל",false,1,59.90,7.9867,true,1,51330
7290018192023,false,מקלות סלרי ארוז יח',קונס`-מרינה פטריות הגליל בעמ*ש,IL,מקלות סלרי יחידה,גרמים,500.00,100 גרם,false,1,9.90,1.9800,true,1,48191
7290018192658,false,מארז זוג פטריות פורטובלה ושמפיניון מרינה,קונס`-מרינה פטריות הגליל בעמ*ש,IL,פטריות שמפניון צמד חמד איטלקי מארז זוג,גרמים,500.00,100 גרם,false,1,17.90,3.5800,true,1,50829
7290018194928,false,"וודקה טראמפ 700 מ""ל כשל""פ",בני פאוזי שמשום (2009) בעמ,IL,"וודקה טראפ כשל""פ 700 מ""ל",מיליליטרים,700.00,"100 מ""ל",false,1,94.90,13.5571,true,1,54196
7290018198209,false,צ'יפס בטטה קראנצ'י תפוגן 500 גרם,קבוצת אוסם סחר שותפות מוגבלת,IL,תפוגן ציפס בטטה קראנצי 500גרם,גרמים,500.00,100 גרם,false,1,21.90,4.3800,true,1,53383
7290018198384,false,תפוגן צ'יפס קריספי פרוסות לתנור אסם 1.25 קג,קבוצת אוסם סחר-שות.מוגבלת,IL,תפוגן ציפס קריספי פרוסות לתנור 1.25קג,קילוגרמים,1.25,"ק""ג",false,1,27.90,22.3200,true,1,52926
7290018236635,false,עוף טוב צ'ונגו פופקורן מצופה 600 גרם,קבוצת אוסם סחר שותפות מוגבלת,IL,עוף טוב צונגו פופקורן מצופה 12*600גרם,גרמים,600.00,100 גרם,false,1,39.90,6.6500,true,1,51605
7290018249802,false,ממתיק סוויטאנגו צנצנת 280 גרם,י.איטליאנו אחזקות בעמ,IL,ממתיק סויטאנגו 280גרם,גרמים,280.00,100 גרם,false,1,26.90,9.6071,true,1,49830
7290018294895,false,"יין מונלייט מוסקטו ורוד מבעבע 750 מ""ל",אגודת הכורמים בעמ,IL,"מונלייט לבן 750 מ""ל",מיליליטרים,750.00,"100 מ""ל",false,1,39.90,5.3200,true,1,54867
7290018294901,false,"יין מונלייט אדום יבש 750 מ""ל כרמל",יקבי כרמל Carmel Winery,IL,"מונלייט אדום 750 מ""ל",מיליליטרים,750.00,"100 מ""ל",false,1,39.90,5.3200,true,1,54866
7290018294918,false,"יין מונלייט מוסקטו ורוד מבעבע 750 מ""ל",אגודת הכורמים -כרמל מזרחי,IL,"מונלייט סמוק מבעבע 750 מ""ל",מיליליטרים,750.00,"100 מ""ל",false,1,39.90,5.3200,true,1,54868
7290018345184,false,תערובת להכנת חביתה75 גרם,מנדל,IL,לייק אג LIKE EGG 75 גרם,גרמים,75.00,100 גרם,false,1,24.90,33.2000,true,1,51092
7290018359495,false,תירס מהשדה בלי תוספת סוכר יכין 550 גרם,היינץ צפון אמריקה מק,IL,יכין תירס לייט מופחת קלוריות 550 גרם,גרמים,550.00,100 גרם,false,1,9.90,1.8000,true,1,50848
7290018359686,false,יכין חומוס גדול 550 גר A2,היינץ צפון אמריקה מק,IL,חומוס ענק יכין 550 גרם,גרמים,550.00,100 גרם,false,1,9.90,1.8000,true,1,53206
7290018359877,false,רסק עגבניות ליקופן טבעי 3*200גר יכין.,זנלכל בעמ,IL,רסק עגבניות טבעי יכין * 3 600 גרם,גרמים,1800.00,100 גרם,false,1,13.90,0.7722,true,1,53820
7290018359945,false,רוטב עגבניות פיקנטי מפלפלים וירקות יכין 400 גרם,זנלכול יכין,IL,רוטב פיקנטי חאריפה יכין 400 גרם,גרמים,400.00,100 גרם,false,1,11.90,2.9750,true,1,54664
7290018359969,false,רוטב עגבניות לפיצה 400 גרם יכין,זנלכול יכין,IL,רוטב עגבניות לפיצה יכין 400 גרם,גרמים,400.00,100 גרם,false,1,11.90,2.9750,true,1,54662
7290018400647,false,סנפרוסט סמודיז בננה תמר 300 גרם SMOOTHI,תנובה ענף ב.ע.ד,IL,סמוזי בננה תמר סנפרוסט300 גרם,גרמים,300.00,100 גרם,false,1,19.90,6.6333,true,1,52021
7290018440070,false,תרכיז עגבניות בשפורפרת 28BX בלה איטליה 200 ג',תה ויסוצקי (ישראל) בעמ,IT,תרכיז עגבניות בשפורפרת 28 BX 200 גר,גרמים,200.00,100 גרם,false,1,9.50,4.7500,true,1,53225
7290018440193,false,פליפז בייגלה בציפוי קרם בטעם חמאת בוטנים מקוויטיס 140 גרם,תה ויסוצקי (ישראל) בעמ,TR,פליפז בייגלה מצופה חמאת בוטנים 140 ג,גרמים,140.00,100 גרם,false,1,9.90,7.0714,true,1,52152
7290018440209,false,פליפז בייגלה בציפוי פאדג' לבן מקוויטיס 140 גרם,תה ויסוצקי (ישראל) בעמ,TR,"Flipz, חטיף בייגלה אפוי בציפוי שוקולד חלב, 140 גרם",גרמים,140.00,100 גרם,false,1,9.90,7.0714,true,1,51451
7290018440223,false,תה צ'אי מסאלה 25 שקיקים ויסוצקי,תה ויסוצקי (ישראל) בעמ,IL,צאי מסאלה עוצמתי 25 גרם,גרמים,25.00,100 גרם,false,1,19.90,79.6000,true,1,53079
7290018440230,false,תה צ'אי ורדים 25 שקיקים ויסוצקי,תה ויסוצקי (ישראל) בעמ,IL,צאי ורדים 25 גרם,לא מנהל יחידת מידה,0.00,לא מנהל יחידת מידה,false,1,19.90,0.0000,true,1,53081
7290018440247,false,תה צ'אי שקדים0 25 שקיקים ויסוצקי,תה ויסוצקי (ישראל) בעמ,IL,צאי שקדים 25 גרם,לא מנהל יחידת מידה,0.00,לא מנהל יחידת מידה,false,1,19.90,0.0000,true,1,53080
7290018440254,false,תה צ'אי קרמל מלוח 25 שקיקים ויסוצקי,תה ויסוצקי (ישראל) בעמ,IL,צאי קרמל מלוח 25 גרם,לא מנהל יחידת מידה,0.00,לא מנהל יחידת מידה,false,1,19.90,0.0000,true,1,53082
7290018440384,false,תה ירוק מאטה לימון נענע ויסוצקי 25 יחידות,תה ויסוצקי (ישראל) בעמ,IL,תה ירוק מאטה בטעם לימון ונענע,גרמים,25.00,100 גרם,false,1,26.90,107.6000,true,1,53077
7290018440391,false,תה ירוק מאטה נענע גוארנה ויסוצקי 25 יחידות,תה ויסוצקי (ישראל) בעמ,IL,"תה ירוק מאטה, נענע וגוארנה",גרמים,25.00,100 גרם,false,1,26.90,107.6000,true,1,53078
7290018440407,false,מאטה תה ירוק מאטה בטעם קקאו ואגוזי לוז,תה ויסוצקי (ישראל) בעמ,IL,תה ירוק מאטה בטעם קקאו ואגוזי לוז,גרמים,25.00,100 גרם,false,1,26.90,107.6000,true,1,53076
7290018440483,false,פליפז בייגלה מצופה בקרמל מלוח ושוקולד מקוויטיס 140 גרם,תה ויסוצקי (ישראל) בעמ,TR,פליפז בייגלה מצופה בקרמל מלוח ושוקולד 14,גרמים,140.00,100 גרם,false,1,9.90,7.0714,true,1,52654
7290018440896,false,הגן הקסום חליטה ג'ינגר כורכום ויסוצקי 25 יח,תה ויסוצקי (ישראל) בעמ,IL,חליטת הגן הקסום גינגר וכורכום 25 שקיקי,גרמים,25.00,100 גרם,false,1,19.90,79.6000,true,1,53770
7290018441626,false,גלידת פיינטים מנטה עוגיות 430 ג' בן וג'ירי,מוצרי איכות אמריקאיים בעמ,IL,פיינט בן&גריס מנטה עוגיות 430גרם,גרמים,430.00,100 גרם,false,1,23.90,5.5581,true,1,53775
7290018441886,false,"קרם עוגיות 150 מ""ל - דולצ'ה דה לצ'ה",מוצרי איכות אמריקאים,IL,דולצה דה לצה 150מל שורטי,מיליליטרים,150.00,"100 מ""ל",false,1,9.90,6.6000,true,1,53173
7290018468401,false,פסטרמה צמחונית בטעם גריל 100 גר טירת צבי,תנובה מרכז שיתופי לשיווק תוצרת,IL,פסטרמה צמחונית בטעם גריל טירת צבי 120ג,גרמים,120.00,100 גרם,false,1,21.90,18.2500,true,1,55264
7290018468425,false,נקניק טבעוני בטעם פיקנטי 100 גרם טירת צבי,תנובה מרכז שיתופי לשיווק תוצרת,IL,נקניק טבעוני בטעם פיקנטי טירת צבי 100גר,גרמים,100.00,100 גרם,false,1,21.90,21.9000,true,1,55265
7290018468432,false,נקניק טבעוני בטעם מעושן 100 גרם טירת צבי,תנובה מרכז שיתופי לשיווק תוצרת,IL,נקניק טבעוני בטעם מעושן טירת צבי 100 גרם,גרמים,100.00,100 גרם,false,1,21.90,21.9000,true,1,55266
7290018471036,false,"סודה שוופס לימון 500 מ""ל",יפאורה שותפות מוגבלת לשיווק,IL,שוופס סודה לימון 500מל,מיליליטרים,500.00,"100 מ""ל",false,1,4.90,0.9800,true,1,51059
7290018471043,false,"ספרינג נקטר פירות טרופיים פחית 330 מ""ל",יפאורה שותפות מוגבלת לשיווק,IL,"ספרינג פירות טרופיים פחית 330 מ""ל",מיליליטרים,330.00,"100 מ""ל",false,1,7.00,2.1212,true,1,52213
7290018471050,false,"ספרינג נקטר אגס תפוח סברס פחית 330 מ""ל",יפאורה - שותפות מוגבלת לשיווק,IL,"ספרינג אגס תפוח סברס פחית 330 מ""ל",מיליליטרים,330.00,"100 מ""ל",false,1,7.00,2.1212,true,1,52230
7290018471111,false,שוופס ליים מוחיטו 330 מל זכוכית,יפאורה שותפות מוגבלת לשיווק,IL,שוופס ליים מוחיטו 330 מל,ליטרים,1.50,ליטר,false,1,6.90,4.6000,true,1,51865
7290018471128,false,"ספרינג שייק אננס מנגו פסיפלורה זכוכית 330 מ""ל","יפאורה תבורי בע""\מ",IL,ספרינג שייק אננס מנגו פסיפלורה 330 מל,מיליליטרים,330.00,"100 מ""ל",false,1,8.50,2.5758,true,1,52521
7290018471135,false,"ספרינג שייק בננה תמר תפוז 330 מ""ל זכוכית","יפאורה תבורי בע""\מ",IL,"ספרינג שייק בננה תמר תפוז 330 מ""ל",מיליליטרים,330.00,"100 מ""ל",false,1,8.50,2.5758,true,1,52522
7290018471142,false,"ספרינג שייק בננה אננס קוקוס פירות יער זכוכית 330 מ""ל","יפאורה תבורי בע""\מ",IL,ספרינג שייק בננה אננס קוקוס פירות יער 33,מיליליטרים,330.00,"100 מ""ל",false,1,8.50,2.5758,true,1,52523
7290018471180,false,משקה פרוט& ווג' אננס תפוח גזר 1 ליטר,יפאורה שותפות מוגבלת לשיווק,IL,FRUIT&VEG אננס תפוח גזר 1 ליטר,ליטרים,1.00,ליטר,false,1,14.90,14.9000,true,1,52214
7290018471197,false,פרוט אנד ווג` תפוח בננה מלון נענע 1 ליטר,יפאורה שותפות מוגבלת לשיווק,IL,FRUIT&VEG תפוח בננה מלון נענע 1 ליטר,ליטרים,1.00,ליטר,false,1,14.90,14.9000,true,1,52215
7290018471395,false,משקה פרוט& ווג' תפוח רימון ג'ינג'ר 1 ליטר,יפאורה שותפות מוגבלת לשיווק,IL,FRUIT&VEG תפוח סלק רימון ג'ינג'ר 1 ליטר,ליטרים,1.00,ליטר,false,1,14.90,14.9000,true,1,52216
7290018471401,false,משקה פרוט& ווג' אננס בננה כורכום 1 ליטר,יפאורה שותפות מוגבלת לשיווק,IL,FRUIT&VEG אננס בננה כורכום 1 ליטר,ליטרים,1.00,ליטר,false,1,14.90,14.9000,true,1,52217
7290018471449,false,קרטונית ספרינג שייק בננה תמר תפוז 1 ליטר,יפאורה - שותפות מוגבלת לשיווק,IL,ספרינג שייק קרטונית בננה תמר תפוז 1 ל',ליטרים,1.00,ליטר,false,1,14.70,14.7000,true,1,52524
7290018471463,false,תפוזינה נקטר תפוז מנגו קרטונית 1 ליטר,יפאורה שותפות מוגבלת לשיווק,IL,תפוזינה קרטונית תפוז מנגו 1 ל',ליטרים,1.00,ליטר,false,1,8.20,8.2000,true,1,52218
7290018471470,false,תפוזינה נקטר תפוז פסיפלורה קרטונית 1 ליטר,יפאורה שותפות מוגבלת לשיווק,IL,תפוזינה קרטוניות תפוז-פסיפלורה 1 ל',ליטרים,1.00,ליטר,false,1,8.20,8.2000,true,1,52219
7290018471487,false,תפוזינה נקטר תפוז אננס קרטונית 1 ליטר,יפאורה שותפות מוגבלת לשיווק,IL,תפוזינה קרטוניות תפוז-אננס 1 ל',ליטרים,1.00,ליטר,false,1,8.20,8.2000,true,1,52220
7290018471494,false,תפוזינה משקה תפוז גזר קרטונית 1 ליטר,יפאורה שותפות מוגבלת לשיווק,IL,תפוזינה קרטוניות תפוז-גזר 1 ל',ליטרים,1.00,ליטר,false,1,8.20,8.2000,true,1,52221
7290018471692,false,ספרינג שייק בננה אננס קוקוס פירות יער קרטונית 1 ליטר,יפאורה - שותפות מוגבלת לשיווק,IL,ספרינג שייק קרטונית בננה אננס קוקוס פירות יער 1 ל',ליטרים,1.00,ליטר,false,1,14.70,14.7000,true,1,52526
7290018471906,false,שוופס מוגז פירות לימונדה ורודה 1.5 ליטר פיקדון,יפאורה - שותפות מוגבלת לשיווק,IL,שוופס מוגז פירות לימונדה ורודה 1.5 ל',ליטרים,1.50,ליטר,false,1,10.90,7.2667,true,1,53483
7290018471913,false,משקה מוגז פירות תפוחים שוופס 1.5 ליטר,יפאורה - שותפות מוגבלת לשיווק,IL,שוופס משקה תפוחים מוגז 1.5 ליטר,ליטרים,1.50,ליטר,false,1,10.90,7.2667,true,1,53484
7290018471920,false,שוופס מוגז פירות ענבים 1.5 ליטר פיקדון,יפאורה - שותפות מוגבלת לשיווק,IL,שוופס מוגז פירות ענבים 1.5 ל',ליטרים,1.50,ליטר,false,1,10.90,7.2667,true,1,53485
7290018471937,false,שוופס מוגז פירות תות ליים 1.5 ליטר פיקדון,יפאורה - שותפות מוגבלת לשיווק,IL,שוופס מוגז פירות תות ליים 1.5 ליטר,ליטרים,1.50,ליטר,false,1,10.90,7.2667,true,1,53486
7290018471944,false,שוופס מוגז פירות לימונייד 1.5 ליטר פיקדון,יפאורה - שותפות מוגבלת לשיווק,IL,שוופס מוגז פירות לימונייד 1.5 ליטר,ליטרים,1.50,ליטר,false,1,10.90,7.2667,true,1,53487
7290018500231,false,לחם פרוס וויקאנד אנג'ל 750 גרם,מאפיית שלמה א. אנג'\ל בע,IL,לחם וויקנד אנגל 750 גרם,גרמים,750.00,100 גרם,false,1,17.90,2.3867,true,1,54505
7290018500361,false,"לחם שחור פרוס 900 גרם ""אנג'ל"" -מוצר בפיקוח",מאפיית שלמה א. אנג'\ל בע,IL,לחם אחיד פרוס אנגל 900 גרם,גרמים,900.00,100 גרם,false,1,9.49,1.0544,true,1,54604
7290018500385,false,"חלה רגילה 650 גרם ""אנגל""-מוצר בפיקוח",מאפיית שלמה א. אנגל,IL,חלה רגילה אנגל 650 גרם,גרמים,650.00,100 גרם,false,1,8.14,1.2523,true,1,54605
7290018500392,false,"חלה רגילה 650 גרם ""אנגל""-מוצר בפיקוח",מאפיית שלמה א. אנגל,IL,חלה קלועה אנגל 650 גרם,גרמים,650.00,100 גרם,false,1,8.14,1.2523,true,1,54606
7290018540329,false,שקית פיתה פיתה בלדי 800 ג' אנג'ל,מאפיית שלמה א. אנג'\ל בע,IL,פיתה פיתה אנגל בלדי 8 יח 880 גרם,גרמים,880.00,100 גרם,false,1,13.90,1.5795,true,1,51545
7290018540824,false,ארטיזנל לחם מחמצת כפרי אנג'ל 500 גרם,שלמה א. אנג`ל בעמ,IL,ארטיזנל לחם מחמצת כפרי,גרמים,500.00,100 גרם,false,1,19.90,3.9800,true,1,53386
7290018540831,false,ארטיזנל לחם מחמצת חיטה מלאה ודגנים אנג'ל 500 גרם,שלמה א. אנג`ל בעמ,IL,ארטיזנל לחם מחמצת חיטה מלאה ודגנים500גרם,גרמים,500.00,100 גרם,false,1,19.90,3.9800,true,1,53387
7290018589830,false,לזניה פטריות דיילי ק,סי.אי.פי. מבוא חורון,IL,לזניה פטריות דיילי קיטשן 400 גרם,גרמים,400.00,100 גרם,false,1,34.90,8.7250,true,1,53918
7290018589847,false,לזניה ר וזה בטטה דיי,סי.אי.פי. מבוא חורון,IL,לזניה ר וזה בטטה דיילי קיטשן 400 גרם,גרמים,400.00,100 גרם,false,1,34.90,8.7250,true,1,53919
7290018589861,false,לזניה ברוקולי דיילי,סי.אי.פי. מבוא חורון,IL,לזניה ברוקולי דיילי קיטשן 400 גרם,גרמים,400.00,100 גרם,false,1,34.90,8.7250,true,1,53917
7290018641439,false,ערק אשכולית אדומה מוגז 330 מל אוק אנד,טחנת האבן קואופ בעמ,IL,ערק פלוס אשכוליות 330 מל,מיליליטרים,330.00,"100 מ""ל",false,1,14.90,4.5152,true,1,53228
7290018641446,false,אוק אנד אש - ערק לימונדה מוגז,,IL,ערק פלוס לימודה 330 מל,מיליליטרים,330.00,"100 מ""ל",false,1,14.90,4.5152,true,1,53229
7290018652015,false,נסטלה שלגון סופרולר 75 גרם,פרונרי איברייה,PL,סופרולר 75גרם,גרמים,75.00,100 גרם,false,1,7.90,10.5333,true,1,51881
7290018652190,false,חטיף גלידה קראנץ בר 60 גרם,פרונרי איטליה,IT,קראנץ בר אימפלס 60גרם,גרמים,60.00,100 גרם,false,1,7.90,13.1667,true,1,54009
7290018652657,false,נסטלה מאגדת מניוגו לייט 312 גרם,נגה גלידות שותפות מוגבלת,IL,מאגדת מניוגו לייט 312גרם,גרמים,312.00,100 גרם,false,1,32.90,10.5449,true,1,54018
7290018652695,false,ביסקולידה אקסטרה שוק,גלידות נסטלה,IL,ביסקולידה שוקו בננה 90גרם,גרמים,90.00,100 גרם,false,1,6.90,7.6667,true,1,54008
7290018652718,false,שלגון מילקה אגוזים 71 גרם,נגה גלידות,IL,שלגון מילקה אגוזים 71גרם,גרמים,71.00,100 גרם,false,1,11.90,16.7606,true,1,54014
7290018652756,false,נסטלה שלגון וניל טרופי,נסטלה,IL,שתותי פרוטי 55גרם,גרמים,55.00,100 גרם,false,1,5.90,10.7273,true,1,54013
7290018652770,false,טילון אקסטרים בייגלה מתוק מלוח 115 גרם,נגה גלידות שותפות מוגבלת,IL,טילון גולדה 115גרם,גרמים,115.00,100 גרם,false,1,9.90,8.6087,true,1,54010
7290018652862,false,באבל גאם מסטיק תות 60ג בדץ,נסטלה,IL,באבל גאם 60גרם,גרמים,60.00,100 גרם,false,1,6.90,11.5000,true,1,54011
7290018652886,false,שלגונים בשומן צמחי בטעמי שוקו ובננה מצופים צימקאו,נגה גלידות שותפות מוגבלת,IL,מאגדת מצופים שוקו בננה כלפ 8 יחידות,גרמים,440.00,100 גרם,false,1,32.90,7.4773,true,1,53998
7290018652909,false,מאגדת מאגנום קפה שוקולד ופקאן 5 *43 ג' נסטלה,נגה גלידות שותפות מוגבלת,IL,מאגדת קפה שוקולד פקאן 225גרם,גרמים,225.00,100 גרם,false,1,32.90,14.6222,true,1,54016
7290018652947,false,קראנץ ליבת נוגט+אורז תפוח כלפ28*100ג,גלידות נסטלה,IL,שלגון קראנץ פיסטוק 100 גרם,גרמים,100.00,100 גרם,false,1,10.50,10.5000,true,1,54327
7290018703076,false,חטיף חלבון בטעם דאבל,הרת'סייד פוד סולושיי,NL,חטיף חלבון בטעם דאבל שוקולד- 60 גרם,גרמים,60.00,100 גרם,false,1,14.90,24.8333,true,1,53781
7290018703083,false,פראוד חטיף חלבון דאבל שוקולד 60 גרם קראנץ,דיפלומט מפיצים (1968) בעמ**,NL,חטיף חלבון פראוד דאבל שוקולד קראנצי,גרמים,60.00,100 גרם,false,1,14.90,24.8333,true,1,54246
7290018703304,false,אול אין חטיף חלבון ק,,,אול אין חטיף חלבון קרם עוגיות,גרמים,60.00,100 גרם,false,1,14.90,24.8333,true,1,54284
7290018703311,false,פראוד - חטיף חלבון קרם עוגיות קראנצ' 60ג,דיפלומט מפיצים (1968) בעמ**,NL,פראוד - חטיף חלבון בטעם קרם עוגיות,גרמים,60.00,100 גרם,false,1,14.90,24.8333,true,1,42283
7290018720004,false,מעדני המלך- עוגיות סנדוויץ תות 150 גרם,סנו מפעלי ברונוס.,IL,מעדני מלך סנדוויץ תות 150ג,גרמים,150.00,100 גרם,false,1,5.50,3.6667,true,1,52969
7290018720011,false,ביסקוויט קרנבל חיות בטעם וניל 250 ג' מעדני מלך,הגביע מוצרי וופלים,IL,ביסקוויט קרנבל חיות 250 גרם,גרמים,250.00,100 גרם,false,1,6.90,2.7600,true,1,52546
7290018720028,false,קרנבל אותיות ביסקוויט בטעם חמאה 250 ג' מעדני מלך,הגביע מוצרי וופלים,IL,ביסקוויט קרנבל אותיות 250 גרם,גרמים,250.00,100 גרם,false,1,6.90,2.7600,true,1,52547
7290018792841,false,אבקת קקאו טבעי 150 גר` גאנה,תה ויסוצקי (ישראל) בעמ,IL,אבקת קקאו טבעי גאנה 150 גרם,גרמים,150.00,100 גרם,false,1,11.90,7.9333,true,1,54955
7290018795279,false,כוסברה עם השורש יח,מרינה,IL,כוסברה עם השורש יח,גרמים,250.00,100 גרם,false,1,6.90,2.7600,true,1,52436
7290018795385,false,חסה לליק מהדרין קמעונאי,"מרינה פטריות הגליל בע""מ",IL,חסה לליק מהדרין קמעונאי,יחידה,1.00,יחידה,false,1,13.90,13.9000,true,1,53988
7290018823002,false,מלפפון בייבי אורגני,,,מלפפון בייבי אורגני 250 גרם,גרמים,250.00,100 גרם,false,1,19.90,7.9600,true,1,53436
7290018823200,false,עגבניות שרי אורגניות,,,שרי אורגני 500 גרם,גרמים,500.00,100 גרם,false,1,19.90,3.9800,true,1,53435
7290018823408,false,פלפל סוויט בייט אורג,,,פלפל סוויט בייט אורגני 300 גרם,גרמים,400.00,100 גרם,false,1,19.90,4.9750,true,1,53438
7290018848005,false,יין רוזה בפחית 250 מ,דונלי ויני,IT,"יין רוזה בפחית 250 מ""ל",מיליליטרים,250.00,"100 מ""ל",false,1,17.90,7.1600,true,1,53901
7290018848012,false,יין לבן בפחית 250 מ,דונלי ויני,IT,"יין לבן בפחית 250 מ""ל",מיליליטרים,250.00,"100 מ""ל",false,1,17.90,7.1600,true,1,53900
7290018893807,true,שוקולד מריר1/3 צוקטה,אייברקקאו אס אי. יו,ES,שוקולד מריר1/3 צוקטה,גרמים,300.00,100 גרם,false,1,16.90,5.6333,true,1,54448
7290018894002,false,קוביות וופל במילוי קרם קקאו - חלבי,ש. שסטוביץ בע`מ,IT,בלקוני וופל קוביות קקאו 250 ג,גרמים,250.00,100 גרם,false,1,12.90,5.1600,true,1,54173
7290018894200,false,וופל קוביות ווניל בלקוני 250 גרם,ש. שסטוביץ בע`מ,IT,בלקוני וופל קוביות וניל 250 ג,גרמים,250.00,100 גרם,false,1,12.90,5.1600,true,1,54174
7290018894408,false,קוביות וופל במילוי קרם אגוזי לוז - חלבי,ש. שסטוביץ בע`מ,IT,בלקוני וופל קוביות אגוזי לוז 250 ג,גרמים,250.00,100 גרם,false,1,12.90,5.1600,true,1,54175
7290018894606,false,בלקוני וופל קקאו 175 גרם חלבי OU,ש. שסטוביץ בע`מ,IT,בלקוני וופל קקאו 175 ג,גרמים,175.00,100 גרם,false,1,8.90,5.0857,true,1,54176
7290018894804,false,וופלים במילוי קרם אגוזי לוז - חלבי,ש. שסטוביץ בע`מ,IT,בלקוני וופל אגוזי לוז 175 ג,גרמים,175.00,100 גרם,false,1,8.90,5.0857,true,1,54177
7290018925065,false,מיץ תפוזים סחוט פרימור (2 ליטר),שטראוס גרופ בעמ/מצונן,IL,פרימור סחוט מיץ תפוזים 100% 2 ליטר,ליטרים,2.00,ליטר,false,1,27.90,13.9500,true,1,53655
7290018925072,false,פרימור טרי מיץ לימונים עם נענע 2 ליטר,שטראוס גרופ בעמ/מצונן,IL,פרימור משקה קל לימונים ונענע 2 ליטר,ליטרים,2.00,ליטר,false,1,27.90,13.9500,true,1,53489
7290018925089,false,"מיץ פרימור תפו""ע צלול סחוט 2 ליטר-",שטראוס גרופ בעמ/מצונן,IL,מיץ תפוחים 2 ליטר,ליטרים,2.00,ליטר,false,1,27.90,13.9500,true,1,53490
7290018925409,false,משקה לימון ואננס 400 מל פרימור,שטראוס גרופ בעמ/מצונן,IL,מיץ לימון ואננס פרימור 400 מל,מיליליטרים,400.00,"100 מ""ל",false,1,10.90,2.7250,true,1,54954
7290018925416,false,פרימור סחוט לימון ופסיפלורה 400 מל,שטראוס גרופ בעמ/מצונן,IL,מיץ לימון ופסיפלורה פרימור 400 מל,מיליליטרים,400.00,"100 מ""ל",false,1,10.90,2.7250,true,1,54953
7290018938157,false,נקניקיות מרגז רדיפיי,,,נקניקיות מרגז רדיפיין מיט 337גרם,גרמים,337.00,100 גרם,false,1,44.90,13.3234,true,1,55113
7290018938171,false,המבורגר פרימיום רדיפ,,,המבורגר פרימיום רדיפיין מיט 280גרם,גרמים,280.00,100 גרם,false,1,36.00,12.8571,true,1,55111
7290018938195,false,קבב טלה עגול רדיפיי,,,קבב טלה עגול רדיפיין מיט 330גרם,גרמים,330.00,100 גרם,false,1,39.90,12.0909,true,1,55112
7290018949009,false,גרופר משקה קל מוגז אורגני תפוזזה 330 מל,טחנת האבן קואופ בעמ,IL,משקה קל מוגז גרופר תפוזזה 330 מל,מיליליטרים,330.00,"100 מ""ל",false,1,8.90,2.6970,true,1,53230
7290018949023,false,גרופר משקה קל מוגז אורגני לימוננדה 330 מ,טחנת האבן קואופ בעמ,IL,משקה קל מוגז גרופר לימוננדה 330 מל,מיליליטרים,330.00,"100 מ""ל",false,1,8.90,2.6970,true,1,53232
7290018989005,false,שלישיית פולפה עגבניות טבעי יכין 400X3 גרם,זנלכול יכין,IL,עגבניות פולפה טבעית יכין שלישיה400גרם,גרמים,1200.00,100 גרם,false,1,16.90,1.4083,true,1,53819
7290018989081,false,יכין חומוס הבית להכנת חומוס טרי 410 גי,זנלכל בעמ,IL,חומוס הבית להכנת חומוס טרי יכין 410גרם,גרמים,410.00,100 גרם,false,1,7.90,1.9268,true,1,54625
7290019056027,false,שוופס מוגז פירות תפוחים ללא סוכר 1.5 ליטר פיקדון,יפאורה - שותפות מוגבלת לשיווק,IL,שוופס מוגז פירות NO SUGAR תפוח 1.5 ל',ליטרים,1.50,ליטר,false,1,10.90,7.2667,true,1,53491
7290019056034,false,שוופס מוגז פירות אננס ללא סוכר 1.5 ליטר פיקדון,יפאורה - שותפות מוגבלת לשיווק,IL,שוופס מוגז פירות NO SUGAR אננס 1.5 ל',ליטרים,1.50,ליטר,false,1,10.90,7.2667,true,1,53492
7290019056041,false,שוופס מוגז פירות לימונייד ללא סוכר 1.5 ליטר פיקדון,יפאורה - שותפות מוגבלת לשיווק,IL,שוופס ללא סוכר לימונייד 1.5 ליטר,ליטרים,1.50,ליטר,false,1,10.90,7.2667,true,1,53493
7290019056058,false,שוופס מוגז עדין תפוח ליים 1.5 ליטר פיקדון,יפאורה - שותפות מוגבלת לשיווק,IL,שוופס מוגז עדין תפוח ליים 1.5 ל',ליטרים,1.50,ליטר,false,1,11.50,7.6667,true,1,53494
7290019056065,false,שוופס מוגז עדין פירות יער 1.5 ליטר פיקדון,יפאורה - שותפות מוגבלת לשיווק,IL,שוופס מוגז עדין פירות יער 1.5 ל',ליטרים,1.50,ליטר,false,1,11.50,7.6667,true,1,53495
7290019056072,false,שוופס מוגז עדין אננס 1.5 ליטר פיקדון,יפאורה - שותפות מוגבלת לשיווק,IL,שוופס מוגז עדין אננס 1.5 ל',ליטרים,1.50,ליטר,false,1,11.50,7.6667,true,1,53496
7290019056089,false,שוופס מוגז עדין ענבי ריזלינג 1.5 ליטר פיקדון,יפאורה - שותפות מוגבלת לשיווק,IL,שוופס מוגז עדין ריזלינג 1.5 ל',ליטרים,1.50,ליטר,false,1,11.50,7.6667,true,1,53497
7290019056096,false,שוופס מוגז עדין אפרסק 1.5 ליטר פיקדון,יפאורה - שותפות מוגבלת לשיווק,IL,שוופס מוגז עדין אפרסק 1.5 ל',ליטרים,1.50,ליטר,false,1,11.50,7.6667,true,1,53498
7290019056119,false,שוופס סודה 1.5 ליטר פיקדון,יפאורה שותפות מוגבלת לשיווק,IL,סודה שוופס 1.5 ליטר,ליטרים,1.50,ליטר,false,1,5.20,3.4667,true,1,53499
7290019056126,false,שוופס סודה לימון 1.5 ליטר בק' בודד פיקדון,יפאורה - שותפות מוגבלת לשיווק,IL,שוופס סודה לימון 1.5 ל',ליטרים,1.50,ליטר,false,1,5.80,3.8667,true,1,53500
7290019056164,false,שוופס סודה 1.5 ליטר רביעייה פיקדון,יפאורה - שותפות מוגבלת לשיווק,IL,סודה שוופס רביעייה בקבוק 1.5 ליטר,ליטרים,6.00,ליטר,false,4,12.90,2.1500,true,1,53462
7290019056171,false,שוופס סודה לימון 1.5 ליטר רביעייה פיקדון,יפאורה - שותפות מוגבלת לשיווק,IL,סודה שוופס לימון מארז רביעייה 1.5 ליטר,ליטרים,6.00,ליטר,false,4,12.90,2.1500,true,1,53502
7290019056232,false,משקה מוגז בטעם ליים מוחיטו 1.5 ל' שוופס,יפאורה - שותפות מוגבלת לשיווק,IL,שוופס מוחיטו 1.5 ל',ליטרים,1.50,ליטר,false,1,10.90,7.2667,true,1,53504
7290019056249,false,שוופס מים בטעמים ענבים 1.5 ליטר פיקדון,יפאורה - שותפות מוגבלת לשיווק,IL,שוופס water ענבים 1.5 ל',ליטרים,1.50,ליטר,false,1,10.90,7.2667,true,1,53505
7290019056256,false,שוופס מים בטעמים תפוחים 1.5 ליטר פיקדון,יפאורה - שותפות מוגבלת לשיווק,IL,שוופס water תפוח 1.5 ל',ליטרים,1.50,ליטר,false,1,10.90,7.2667,true,1,53506
7290019056263,false,שוופס מים בטעמים אפרסק 1.5 ליטר פיקדון,יפאורה - שותפות מוגבלת לשיווק,IL,שוופס water אפרסק 1.5 ל',ליטרים,1.50,ליטר,false,1,10.90,7.2667,true,1,53507
7290019056270,false,שוופס מים בטעמים פירות יער 1.5 ליטר פיקדון,יפאורה - שותפות מוגבלת לשיווק,IL,שוופס water פירות יער 1.5 ל',ליטרים,1.50,ליטר,false,1,10.90,7.2667,true,1,53508
7290019056294,false,שוופס ג'ינג'ר אייל 1.5 ליטר פיקדון,יפאורה - שותפות מוגבלת לשיווק,IL,שוופס ג'ינג'ר אייל 1.5 ל',ליטרים,1.50,ליטר,false,1,12.90,8.6000,true,1,53509
7290019056300,false,משקה בטעם ביטר לימון 1.5 ל' שוויפס,יפאורה - שותפות מוגבלת לשיווק,IL,שוופס ביטר למון 1.5 ל',ליטרים,1.50,ליטר,false,1,12.90,8.6000,true,1,53510
7290019056317,false,משקה בטעם ראשן 1.5 ל' שוופס,יפאורה - שותפות מוגבלת לשיווק,IL,שוופס ראשן 1.5 ל',ליטרים,1.50,ליטר,false,1,12.90,8.6000,true,1,53511
7290019056324,false,משקה בטעם טוניק 1.5 ל' שוופס,יפאורה - שותפות מוגבלת לשיווק,IL,שוופס טוניק 1.5 ל',ליטרים,1.50,ליטר,false,1,12.90,8.6000,true,1,53512
7290019056331,false,שוופס טוניק ללא סוכר 1.5 ליטר פיקדון,יפאורה - שותפות מוגבלת לשיווק,IL,שוופס מי טוניק ללא סוכר 1.5 ליטר,ליטרים,1.50,ליטר,false,1,12.90,8.6000,true,1,53513
7290019056355,false,תפוזינה לימונדה מיקס לימונענע 1.5 ליטר,יפאורה - שותפות מוגבלת לשיווק,IL,תפוזינה לימונענע 1.5 ל',ליטרים,1.50,ליטר,false,1,11.90,7.9333,true,1,53514
7290019056362,false,תפוזינה משקה קל ענבים 1.5 ליטר,יפאורה - שותפות מוגבלת לשיווק,IL,תפוזינה ענבים 1.5 ל',ליטרים,1.50,ליטר,false,1,11.90,7.9333,true,1,53515
7290019056379,false,משקה קל תפוזינה 1.5 ליטר תפוזים,יפאורה - שותפות מוגבלת לשיווק,IL,תפוזינה תפוזים 1.5 ל',ליטרים,1.50,ליטר,false,1,11.90,7.9333,true,1,53516
7290019056393,false,משקה קל תפוזינה 1.5 ליטר תות בננה,יפאורה - שותפות מוגבלת לשיווק,IL,תפוזינה תות בננה 1.5 ל,ליטרים,1.50,ליטר,false,1,11.90,7.9333,true,1,53518
7290019056409,false,תפוזינה משקה קל מנגו עסיסי1.5ליטר,יפאורה - שותפות מוגבלת לשיווק,IL,תפוזינה מנגו 1.5 ל',ליטרים,1.50,ליטר,false,1,11.90,7.9333,true,1,53519
7290019056416,false,מיץ בטעם לימונדה ורודה 1.5 ל' תפוזינה,יפאורה - שותפות מוגבלת לשיווק,IL,תפוזינה לימונדה ורודה 1.5 ל',ליטרים,1.50,ליטר,false,1,11.90,7.9333,true,1,53520
7290019056430,false,משקה קל תפוזינה 1.5 ליטר תפוזים לייט,יפאורה - שותפות מוגבלת לשיווק,IL,תפוזינה תפוזים לייט 1.5 ל',ליטרים,1.50,ליטר,false,1,11.90,7.9333,true,1,53521
7290019056478,false,ספרינג טי קר אפרסק 1.5ליטר פיקדון,יפאורה - שותפות מוגבלת לשיווק,IL,ספרינג tea אפרסק 1.5 ל',ליטרים,1.50,ליטר,false,1,9.90,6.6000,true,1,53522
7290019056485,false,ספריג תה ירוק לימון לואיזה 1.5 ליטר פיקדון,יפאורה - שותפות מוגבלת לשיווק,IL,ספרינג tea תה ירוק לימון לואיזה 1.5 ל',ליטרים,1.50,ליטר,false,1,9.90,6.6000,true,1,53523
7290019056508,false,פרוט ווטר ענבים 1.5 ליטר פיקדון,יפאורה - שותפות מוגבלת לשיווק,IL,Fruit Water ענבים 1.5 ל',ליטרים,1.50,ליטר,false,1,10.90,7.2667,true,1,53524
7290019056515,false,פרוט ווטר אננס 1.5 ליטר פיקדון,יפאורה - שותפות מוגבלת לשיווק,IL,Fruit Water אננס 1.5 ל',ליטרים,1.50,ליטר,false,1,10.90,7.2667,true,1,53525
7290019056522,false,מים בטעם תות 1.5 ל' פרוט וואטר,יפאורה - שותפות מוגבלת לשיווק,IL,Fruit Water תות 1.5 ל',ליטרים,1.50,ליטר,false,1,10.90,7.2667,true,1,53526
7290019056539,false,fruit water פרוט ווטר אפרסק 1.5 ליטר-,יפאורה שותפות מוגבלת לשיווק,IL,Fruit Water אפרסק 1.5 ל',ליטרים,1.50,ליטר,false,1,10.90,7.2667,true,1,53527
7290019056553,false,שישיית מים מינרלים עין גדי 2 ליטר,יפאורה - שותפות מוגבלת לשיווק,IL,מים עין גדי שישייה 2 ליטר,ליטרים,12.00,ליטר,false,6,13.80,1.1500,true,1,53529
7290019056560,false,עין גדי מים מינרלים בקבוק 2 ליטר,יפאורה שותפות מוגבלת לשיווק,IL,מים עין גדי בקבוק 2 ליטר,ליטרים,2.00,ליטר,false,1,4.20,2.1000,true,1,53530
7290019056577,false,ספרינג קל מנגו 1.5 ליטר פיקדון,יפאורה - שותפות מוגבלת לשיווק,IL,ספרינג מנגו 1.5 ל',ליטרים,1.50,ליטר,false,1,11.90,7.9333,true,1,53531
7290019056584,false,משקה קל תפוזים ספרינג 1.5 ליטר,יפאורה - שותפות מוגבלת לשיווק,IL,ספרינג תפוזים 1.5 ל',ליטרים,1.50,ליטר,false,1,11.90,7.9333,true,1,53532
7290019056621,false,משקה קל פירות טרופיים ספרינג 1.5 ליטר,יפאורה - שותפות מוגבלת לשיווק,IL,ספרינג פירות טרופיים 1.5 ל',ליטרים,1.50,ליטר,false,1,11.90,7.9333,true,1,53533
7290019056638,false,משקה קל ספרינג 1.5 ליטר תות בננה,יפאורה - שותפות מוגבלת לשיווק,IL,ספרינג תות בננה 1.5 ל',ליטרים,1.50,ליטר,false,1,11.90,7.9333,true,1,53534
7290019056645,false,משקה קל ספרינג 1.5 ליטר אגס תפוח סברס,יפאורה - שותפות מוגבלת לשיווק,IL,ספרינג תפוח אגס סברס 1.5 ל',ליטרים,1.50,ליטר,false,1,11.90,7.9333,true,1,53535
7290019056652,false,משקה קל ספרינג 1.5 ליטר אננס בננה,יפאורה - שותפות מוגבלת לשיווק,IL,ספרינג אננס בננה 1.5 ל',ליטרים,1.50,ליטר,false,1,11.90,7.9333,true,1,53536
7290019056676,false,משקה קל אשכולית אננס דיאט ספרינג 1.5 ליטר,יפאורה - שותפות מוגבלת לשיווק,IL,ספרינג לייט אשכוליות אננס 1.5 ל',ליטרים,1.50,ליטר,false,1,11.90,7.9333,true,1,53537
7290019056881,false,מי סודה שוויפס 1.5ל,יפאורה - שותפות מוגבלת לשיווק,IL,סודה שוופס 1.5 ליטר,ליטרים,1.50,ליטר,false,1,5.20,3.4667,true,1,53676
7290019056942,false,מים מינרליים טבעיים,יפאורה,IL,מים עין גדי בקבוק 2 ליטר,ליטרים,2.00,ליטר,false,1,4.20,2.1000,true,1,53664
7290019056959,false,מי עדן בקבוק מתכווץ שקט 1.5 מ``ל,יפאורה - שותפות מוגבלת לשיווק,IL,מי עדן בקבוק 1.5 ליטר,ליטרים,1.50,ליטר,false,1,4.90,3.2667,true,1,53538
7290019056966,false,מי עדן בקבוק פיקדון 1.5 ליטר,תבורי-שותפות מוגבלת לשיווק,IL,מי עדן בקבוק 1.5 ליטר,ליטרים,1.50,ליטר,false,1,5.20,3.4667,true,1,53680
7290019056973,false,מי עדן שישיה בק `1.5ליטר פיקדון,יפאורה - שותפות מוגבלת לשיווק,IL,מי עדן שישייה בקבוק 1.5 ליטר,ליטרים,9.00,ליטר,false,6,14.90,1.6556,true,1,53539
7290019153313,false,"משקהתפוח חמוציות אוכמניות 350 מ""ל פרות & ווג",יפאורה - שותפות מוגבלת לשיווק,IL,פרוט אנד ווג תפוח חמוציות אוכמניות 350,מיליליטרים,350.00,"100 מ""ל",false,1,9.50,2.7143,true,1,54451
7290019153344,false,משקה קל תפוזינה 1.5 ליטר סנגרייה,יפאורה - שותפות מוגבלת לשיווק,IL,תפוזינה סנגרייה 1.5 ליטר,ליטרים,1.50,ליטר,false,1,11.90,7.9333,true,1,54594
7290019153351,false,משקה קל תפוזינה 1.5 ליטר פינק אוזו,יפאורה - שותפות מוגבלת לשיווק,IL,תפוזינה פינק אוזו 1.5 ליטר,ליטרים,1.50,ליטר,false,1,11.90,7.9333,true,1,54595
7290019153368,false,"מיץ בטעם מוחיטו 330 מ""ל תפוזינה",יפאורה תבורי בעמ,IL,"תפוזינה מוחיטו 330 מ""ל",מיליליטרים,330.00,"100 מ""ל",false,1,6.90,2.0909,true,1,54598
7290019153382,false,"מיץ בטעם סנגרייה 330 מ""ל תפוזינה",יפאורה תבורי בעמ,IL,"תפוזינה סנגרייה 330 מ""ל",מיליליטרים,330.00,"100 מ""ל",false,1,6.90,2.0909,true,1,54596
7290019153399,false,"מיץ בטעם פינק אוזו 330 מ""ל תפוזינה",יפאורה תבורי בעמ,IL,"תפוזינה פינק אוזו 330 מ""ל",מיליליטרים,330.00,"100 מ""ל",false,1,6.90,2.0909,true,1,54597
7290019196204,false,רביעיית טונה הספן בש,תעשיות פילטונה,IL,רביעיית טונה הספן בשמן קנולה 540גרם,גרמים,540.00,100 גרם,false,4,21.90,4.0556,true,1,54208
7290019232155,false,"חליטת ""לילה טוב"" קמומיל לבנדר ו25 שקיקים ויסוצקי",תה ויסוצקי (ישראל) בעמ,IL,ויסוצקי לילה טוב קמומיל לבנדר 25 שקיקים,גרמים,25.00,100 גרם,false,1,26.90,107.6000,true,1,55371
7290019232162,false,"חליטת ""לילה טוב"" קמומיל מליסה 25 שקיקים ויסוצקי",תה ויסוצקי (ישראל) בעמ,IL,ויסוצקי לילה טוב קמומיל מליסה 25 שקיקים,גרמים,25.00,100 גרם,false,1,26.90,107.6000,true,1,55372
7290019232179,false,ויסוצקי פלוס תה ירוק נענע עם ויטמינים,תה ויסוצקי (ישראל) בעמ,IL,ויסוצקי STEY WELL נענע 25 שקיקים,גרמים,25.00,100 גרם,false,1,26.90,107.6000,true,1,55368
7290019232186,false,תה ירוק לימונית לואיזהSTAY WELL 25 שקיקים ויסוצקי,תה ויסוצקי (ישראל) בעמ,IL,ויסוצקי STEY WELL לימונית לואיזה 25 שקיקים,גרמים,25.00,100 גרם,false,1,26.90,107.6000,true,1,55369
7290019232193,false,תה ירוק לימונית ג'ינג'ר STAY WELL שקיקים 25 ויסוצקי,תה ויסוצקי (ישראל) בעמ,IL,ויסוצקי STEY WELL לימונית גינגר 25 שקיקים,גרמים,25.00,100 גרם,false,1,26.90,107.6000,true,1,55370
7290019232803,false,הולגריין ביסקוויט+קרם חלב ושוקולד חלב 300 גרם רבנות,"אולקר ביסקווי סנאי, א.ס.",TR,הולגריין ביסקוויט עם קרם חלב ושוקולד חלב,גרמים,300.00,100 גרם,false,1,13.90,4.6333,true,1,54897
7290019232827,false,הולגריין ביסקוויט במילוי אגוזי לוז 300 גרם רבנות,"אולקר ביסקווי סנאי, א.ס.",TR,הולגריין ביסקוויט במילוי אגוזי לוז 300 גרם,גרמים,300.00,100 גרם,false,1,13.90,4.6333,true,1,54899
7290019232834,false,פליפז בייגלה מצופה קרם עוגיות ושוקולד מקוויטיס 140 גרם,תה ויסוצקי (ישראל) בעמ,TR,בייגלה מצופה קרם עוגיות ושוקולד 140 גרם,גרמים,140.00,100 גרם,false,1,9.90,7.0714,true,1,54447
7290019233008,false,רוטב עגבניות עם קוביות ארטישוק ושמן זית 420ג ויסוצקי,תה ויסוצקי (ישראל) בעמ,IT,שקשוקה ארטישוק רוטב עגבניות עם קוביות 420 גרם,גרמים,420.00,100 גרם,false,1,13.90,3.3095,true,1,54862
7290019233015,false,רוטב שקשוקה תבשיל ירקות עם שמן זית כתית מעולה 420ג זיתא,תה ויסוצקי (ישראל) בעמ,IT,שקשוקה ירוקה תבשיל ירקות 420 גרם,גרמים,420.00,100 גרם,false,1,13.90,3.3095,true,1,54861
7290019233046,false,זית קלמטה בלונד מרינד עם שמן זית 215 גרם,תה ויסוצקי (ישראל) בעמ,IL,זית קלמטה בלונד קלמטה מרינד זיתא 215 גרם,גרמים,215.00,100 גרם,false,1,14.90,6.9302,true,1,53814
7290019297239,false,צימוק חום 250 גרם ששון הקולה,דין שיווק וקליה 2021 בעמ,,צימוק כהה 330 גרם,גרמים,330.00,100 גרם,false,1,14.90,4.5152,true,1,53367
7290019297628,false,שקד טבעי בשקית ששון הקולה 150 גרם,דין שיווק וקליה 2021 בעמ,IL,שקד טבעי 150 גרם,גרמים,150.00,100 גרם,false,1,18.90,12.6000,true,1,52802
7290019297635,false,שקדים קלויים ששון הקולה 150 גרם,דין שיווק וקליה 2021 בעמ,IL,שקדים קלויים ששון הקולה 150 גרם,גרמים,150.00,100 גרם,false,1,21.90,14.6000,true,1,52803
7290019297642,false,גרעין שחור קלוי ללא מלח ששון הקולה 150 ג',דין שיווק וקליה 2021 בעמ,IL,גרעין שחור קלוי ללא מלח 150 גר ששון,גרמים,150.00,100 גרם,false,1,5.90,3.9333,true,1,52888
7290019391005,false,אורז לבן - פיקס,,IL,אורז לבן - פיקס,גרמים,250.00,100 גרם,false,1,14.00,5.6000,true,1,54786
7290019391012,false,מלבי שמנת - המלביה,,IL,מלבי שמנת - המלביה,גרמים,350.00,100 גרם,false,1,35.00,10.0000,true,1,54811
7290019391029,false,נקניקיות ילדים -חוות,,IL,נקניקיות ילדים -חוות צוק,גרמים,300.00,100 גרם,false,1,29.00,9.6667,true,1,54810
7290019391050,false,תפוא זעירים - פיקס,,IL,תפוא זעירים - פיקס,גרמים,250.00,100 גרם,false,1,15.00,6.0000,true,1,54791
7290019391067,false,עוגת יומהולדת - נו נ,,IL,עוגת יומהולדת - נו נו נו,גרמים,350.00,100 גרם,false,1,35.00,10.0000,true,1,54813
7290019391074,false,נקניקיות צפון אפריקא,,IL,נקניקיות צפון אפריקאיות- קצביה בשנקין,גרמים,300.00,100 גרם,false,1,29.00,9.6667,true,1,54806
7290019391104,false,קציצות עוף ברוטב עגב,,IL,קציצות עוף ברוטב עגבניות -המטבחון,גרמים,250.00,100 גרם,false,1,34.00,13.6000,true,1,54781
7290019391111,false,שוקולד מלח ים -פיקס/,,IL,שוקולד מלח ים -פיקס/בוזה,גרמים,350.00,100 גרם,false,1,35.00,10.0000,true,1,54814
7290019391128,false,קבב רומני - קצביה בש,,IL,קבב רומני - קצביה בשינקין,גרמים,300.00,100 גרם,false,1,32.00,10.6667,true,1,54805
7290019391159,false,אורז ירקות - דה סטרי,,IL,אורז ירקות - דה סטריטס,גרמים,250.00,100 גרם,false,1,25.00,10.0000,true,1,54788
7290019391166,false,מסקרפונה אמרנה- פיקס,,IL,מסקרפונה אמרנה- פיקס/ בוזה,גרמים,350.00,100 גרם,false,1,35.00,10.0000,true,1,54815
7290019391173,false,אזמה - אריא,,IL,אזמה - אריא,גרמים,180.00,100 גרם,false,1,19.00,10.5556,true,1,54775
7290019391203,false,לביבות כרובית - דה ס,,IL,לביבות כרובית - דה סטריטס,גרמים,220.00,100 גרם,false,1,36.00,16.3636,true,1,54783
7290019391227,false,תערובת איטלקית - ט,,IL,תערובת איטלקית - טימותי,גרמים,200.00,100 גרם,false,1,29.00,14.5000,true,1,54793
7290019391258,false,סלט עדשים שחורים ויר,,IL,סלט עדשים שחורים וירקות - סון רון,גרמים,250.00,100 גרם,false,1,28.00,11.2000,true,1,54790
7290019391265,false,בננה שוקולד קוקוס(טב,,IL,בננה שוקולד קוקוס(טבעוני) - פיקס/בוזה,גרמים,350.00,100 גרם,false,1,35.00,10.0000,true,1,54816
7290019391272,false,תערובת שטרן - קפה בש,,IL,תערובת שטרן - קפה בשוק,גרמים,200.00,100 גרם,false,1,29.00,14.5000,true,1,54794
7290019391302,false,טונה טוניסאית - אריא,,IL,טונה טוניסאית - אריא,גרמים,160.00,100 גרם,false,1,24.00,15.0000,true,1,54774
7290019391319,false,סמאש בורגר -חוות צוק,,IL,סמאש בורגר -חוות צוק,גרמים,320.00,100 גרם,false,1,33.00,10.3125,true,1,54808
7290019391326,false,תערובת אלנבי דרום -,,IL,תערובת אלנבי דרום - אדמונד,גרמים,200.00,100 גרם,false,1,29.00,14.5000,true,1,54795
7290019391364,false,פילה סלמון+ אטריות א,,IL,פילה סלמון+ אטריות אורז - מאנטה רי,גרמים,320.00,100 גרם,false,1,49.00,15.3125,true,1,54776
7290019391371,false,פפואה ניו גינאה - טי,,IL,פפואה ניו גינאה - טימותי,גרמים,200.00,100 גרם,false,1,32.00,16.0000,true,1,54796
7290019391418,false,"שיפודי פרגית+ תפו""א-",,IL,"שיפודי פרגית+ תפו""א- סון רון",גרמים,300.00,100 גרם,false,1,46.00,15.3333,true,1,54778
7290019391425,false,אתיופיה - טימותי,,IL,אתיופיה - טימותי,גרמים,200.00,100 גרם,false,1,32.00,16.0000,true,1,54797
7290019391463,false,פד קא פאו +אורז תאלי,,IL,פד קא פאו +אורז תאלינדי - תאלינדית בהר ס,גרמים,320.00,100 גרם,false,1,44.00,13.7500,true,1,54777
7290019391500,false,פריקי גלילי - אוזריה,,IL,פריקי גלילי - אוזריה,גרמים,250.00,100 גרם,false,1,25.00,10.0000,true,1,54787
7290019391517,false,ירקות קלויים - דלידה,,IL,ירקות קלויים - דלידה,גרמים,250.00,100 גרם,false,1,22.00,8.8000,true,1,54792
7290019391524,false,תערובת גן מאיר -קפה,,,תערובת גן מאיר -קפה בשוק,גרמים,200.00,100 גרם,false,1,28.00,14.0000,true,1,54875
7290019391555,false,קארי ירקות כתומים וט,,IL,קארי ירקות כתומים וטופו - באנה,גרמים,250.00,100 גרם,false,1,32.00,12.8000,true,1,54782
7290019391562,false,קציצות בקר -דלידה,,IL,קציצות בקר -דלידה,גרמים,250.00,100 גרם,false,1,34.00,13.6000,true,1,54780
7290019391616,false,קינואה עדשים ירוקים,,IL,קינואה עדשים ירוקים - באנה,גרמים,250.00,100 גרם,false,1,28.00,11.2000,true,1,54789
7290019391654,false,פסטה בולונז -אמורה מ,,IL,פסטה בולונז -אמורה מיו,גרמים,300.00,100 גרם,false,1,39.00,13.0000,true,1,54779
7290019391708,false,ניוקי סלק - פיקס,,IL,ניוקי סלק - פיקס,גרמים,300.00,100 גרם,false,1,32.00,10.6667,true,1,54802
7290019391715,false,אחו בלאנקו - אוזריה,אוזריה,,אחו בלאנקו - אוזריה,גרמים,160.00,100 גרם,false,1,26.00,16.2500,true,1,54770
7290019391753,false,פסטה טאליאטלה -אמורה,,IL,פסטה טאליאטלה -אמורה מיו,גרמים,300.00,100 גרם,false,1,24.00,8.0000,true,1,54801
7290019391760,false,סלט ביצים -דלידה,מאנטה רי,,סלט ביצים -דלידה,גרמים,180.00,100 גרם,false,1,24.00,13.3333,true,1,54771
7290019391807,false,ניוקי - אמורה מיו,,IL,ניוקי - אמורה מיו,גרמים,300.00,100 גרם,false,1,29.00,9.6667,true,1,54803
7290019391814,false,כבד קצוץ - חוות צוק,,IL,כבד קצוץ - חוות צוק,גרמים,160.00,100 גרם,false,1,26.00,16.2500,true,1,54772
7290019391852,false,רביולי דלעת שקדים-אמ,,IL,רביולי דלעת שקדים-אמורה מיו,גרמים,250.00,100 גרם,false,1,36.00,14.4000,true,1,54799
7290019391869,false,רביולי גבינות - דליד,,IL,רביולי גבינות - דלידה,גרמים,300.00,100 גרם,false,1,34.00,11.3333,true,1,54800
7290019391906,false,סהרונים תרד וגבינות,,IL,סהרונים תרד וגבינות - אריא,גרמים,250.00,100 גרם,false,1,44.00,17.6000,true,1,54804
7290019391913,false,קבב טלה - חוות צוק,,IL,קבב טלה - חוות צוק,גרמים,300.00,100 גרם,false,1,32.00,10.6667,true,1,54807
7290019391951,false,טירמיסו - אמורה מיו,,IL,טירמיסו - אמורה מיו,גרמים,350.00,100 גרם,false,1,35.00,10.0000,true,1,54812
7290019391968,false,אבועגלה מרגז -חוות צ,,IL,אבועגלה מרגז -חוות צוק,גרמים,300.00,100 גרם,false,1,29.00,9.6667,true,1,54809
7290067642005,false,"בירה גולדסטאר SLOWBREW בקבוק 10% 330 מ""ל",טמפו משקאות בעמ,IL,גולדסטאר 10% בירה לאגר חזקה מאוד,מיליליטרים,330.00,"100 מ""ל",false,1,9.90,3.0000,true,1,36190
7290100240632,false,קרקר פתית 200-300ג' 6 דגנים 250 גרם,"יוניליוור ישראל שיווק בע""מ",IL,פתיתי 6 דגנים קרקר פריך מ6 דגנים,גרמים,250.00,100 גרם,false,1,20.90,8.3600,true,1,22588
7290100240656,false,"פתית שיפון בד""צ חדש 300X24 גר'",יוניליוור ישראל שיווק בע`מ,IL,פתית שיפון קרקר פריך משיפון ללא תוספת מלח וסוכר,גרמים,300.00,100 גרם,false,1,20.90,6.9667,true,1,23163
7290100243671,false,"מרכך כביסה מרוכז אקסטרה כחול בדין 960 מ""ל",יוניליוור ישראל שיווק בע`מ,TR,בדין מרכך כביסה מרוכז בדין אקסטרה כחול 960 מל,מיליליטרים,960.00,"100 מ""ל",false,1,22.90,2.3854,true,1,19230
7290100245231,false,נמס בכוס מרק בטעם עוף עם אטריות ושקדי מרק-2 שקיות,יוניליוור ישראל שיווק בע`מ,IL,קנור נמס בכוס טעם עוף עם שקדי מרק ואטריות 50 גרם,גרמים,50.00,100 גרם,false,1,8.50,17.0000,true,1,33374
7290100341803,false,בונזו חטיף רצועות עו,בונזו,IL,בונזו חטיף רצועות עוף דנטלי,גרמים,25.00,100 גרם,false,1,5.90,23.6000,true,1,42028
7290100412343,true,קוויק לניקוי כללי -,האי נאם סי או אל.טי.,IL,מטליות לחות,לא מנהל יחידת מידה,0.00,לא מנהל יחידת מידה,false,1,10.50,0.0000,true,1,49217
7290100412701,false,תחליב גוף קלאסי בניחוח מאסק,"אמיליה קוסמטיקס בע""מ",IL,"DOCTOR OR, תחליב גוף קלאסי בניחוח מאסק, 400 מל",לא מנהל יחידת מידה,0.00,לא מנהל יחידת מידה,false,1,34.90,0.0000,true,1,41642
7290100412749,false,ג'ל ניקוי פנים לעור יבש פרחי בר 150 מל DR OR,אמיליה קוסמטיקס בעמ,IL,דר עור תרחיץ פנים לעור יבש פרחי בר,לא מנהל יחידת מידה,0.00,לא מנהל יחידת מידה,false,1,26.90,0.0000,true,1,41645
7290100653586,false,"דאודורנט ג'ל פרש פיוזן 24/7 ליידי ספיד סטיק 65 מ""ל",ליידי ספיד סטיק Lady Speed Stick,US,דאודורנט ליידי ספיד סטיק 24/7 גל פרש פיוזן 65 גרם,גרמים,65.00,100 גרם,false,1,19.90,30.6154,true,1,8006
7290100658338,false,"נוזל לניקוי כלים אוקסי פלוס פלמוליב 750 מ""ל",הנסיך- מפעל לייצור ט,GR,פלמוליב נוזל לניקוי כלים אוקסי פלוס(כחול) 750 מל,מיליליטרים,750.00,"100 מ""ל",false,1,12.90,1.7200,true,1,7884
7290100659090,false,פרי חטיפים ללא גלוטן ותוספת סוכר מארז 5 תמרים וקינמון,טבעית מוצרים מן הטבע בעמ,IL,FRמאגדת חטיף דגנים תמרים וקינמון 110 גרם,גרמים,110.00,100 גרם,false,1,17.50,15.9091,true,1,3233
7290100680650,false,מנה חמה נודלס-אטריות ירקות טעם תאילנדי אסם 76 ג',קבוצת אוסם סחר שותפות מוגבלת,TH,מנה חמה נודל.+ירקות תאילנדי6 6*76גרם,גרמים,76.00,100 גרם,false,1,7.90,10.3947,true,1,7081
7290100681503,false,עסיס סירופ לימונענע דיאטטי 1 ליטר,קבוצת אוסם סחר שותפות מוגבלת,IL,עסיס לימונענע דיאט 12*1ליטר,ליטרים,1.00,ליטר,false,1,21.90,21.9000,true,1,7819
7290100685334,false,אבקת מרק עוף אמיתי בשרי רכיבים טבעיים אסם 400 גרם,קבוצת אוסם סחר שותפות מוגבלת,IL,אסם מרק עוף רכיבים טבעיים בדצ6*400גרם,גרמים,400.00,100 גרם,false,1,29.90,7.4750,true,1,8270
7290100685341,false,אבקת מרק טעם עוף זך רכיבים טבעיים אסם 400 גרם,קבוצת אוסם סחר שותפות מוגבלת,IL,אסם מרק זך טעם עוף רכיבים טבעים 6*400ג,גרמים,400.00,100 גרם,false,1,19.90,4.9750,true,1,7090
7290100687109,false,במבה במילוי קרם נוגט 60ג' אסם,קבוצת אוסם סחר-שות.מוגבלת,IL,במבה במילוי נוגט 60 גרם,גרמים,60.00,100 גרם,false,1,4.90,8.1667,true,1,16094
7290100700020,false,גריסי פנינה סוגת (500 גרם),האי נאם סי או אל.טי.,IL,גריסי פנינה 500 גרם,גרמים,500.00,100 גרם,false,1,6.50,1.3000,true,1,15176
7290100700242,false,אורז מלא עגול סוגת (1 קג),"סוגת תעשיות בע""\מ",IL,"אורז עגול מלא 1 ק""ג",קילוגרמים,1.00,"ק""ג",false,1,13.90,13.9000,true,1,32599
7290100700273,false,קינואה לבנה 500 ג סו,האי נאם סי או אל.טי.,IL,קינואה 500 גרם,גרמים,500.00,100 גרם,false,1,16.90,3.3800,true,1,20345
7290100700372,false,"אורז בסגנון בסמטי מלא 1 ק""ג",האי נאם סי או אל.טי.,IL,אורז בסמטי מלא 1 קג,קילוגרמים,1.00,"ק""ג",false,1,16.90,16.9000,true,1,20561
7290100700396,false,"אורז יסמין קלאסי סוגת 1 ק""ג",האי נאם סי או אל.טי.,IL,אורז יסמין קלאסי,קילוגרמים,1.00,"ק""ג",false,1,14.90,14.9000,true,1,28892
7290100700587,false,"בורגול ""סוגת"" 500 גרם",האי נאם סי או אל.טי.,IL,בורגול 500 גרם,גרמים,500.00,100 גרם,false,1,6.50,1.3000,true,1,22834
7290100701331,false,קמח רב תכליתי שטיבל קמח חיטה לבן בהיר,"שטיבל בע""\מ - טחנות קמח",IL,קמח רב תכליתי +1,קילוגרמים,1.00,"ק""ג",false,1,8.90,8.9000,true,1,30913
7290100701454,false,בורגול דק גרישה סוגת (500 גרם),"סוגת תעשיות בע""\מ",IL,גרישה 500 גרם,גרמים,500.00,100 גרם,false,1,6.50,1.3000,true,1,39808
7290100701874,false,"קמח כוסמין מלא סוגת 1 ק""ג",טחנות קמח שטיבל באר,IL,קמח כוסמין מלא + 14,קילוגרמים,1.00,"ק""ג",false,1,18.90,18.9000,true,1,37057
7290100701881,false,קמח פיצה ופוקצ'ה- קמח חיטה לבן בהיר שטיבל,"שטיבל בע""\מ - טחנת קמח",IL,"קמח פיצה 1 ק""ג - סוגת",קילוגרמים,1.00,"ק""ג",false,1,6.80,6.8000,true,1,30912
7290100702253,true,שמרים יבשים בפחית סו,אייבי מאורי,IT,סוגת שמרים יבשים 100 גרם,גרמים,100.00,100 גרם,false,1,10.90,10.9000,true,1,52950
7290100703007,false,"עדשים שחורות בלוגה 500 גרם ""סוגת""",האי נאם סי או אל.טי.,IL,עדשים שחורות בלוגה,גרמים,500.00,100 גרם,false,1,9.90,1.9800,true,1,41128
7290100704066,false,עדשים צהובות סוגת 500 גרם,האי נאם סי או אל.טי.,IL,עדשים צהובות 500 גרם,גרמים,500.00,100 גרם,false,1,9.90,1.9800,true,1,40104
7290100704141,false,סוגת אבקת סודה לשתיה 100 גר`,א.ל. ייצור ושיווק תב,IL,סודה לשתיה 100 גרם,גרמים,100.00,100 גרם,false,1,3.50,3.5000,true,1,41140
7290100704660,false,"קינואה מיקס סוגת, 500 גרם","סוגת תעשיות בע""\מ",IL,קינואה מיקס סוגת 500גרם,גרמים,500.00,100 גרם,false,1,16.90,3.3800,true,1,52789
7290100850909,false,חטיף תירס נאצ`ו מקסיקני דוריטוס (70 גרם),"שטראוס פריטו ליי בע""\מ",IL,דוריטוס נאצו 70 גרם,גרמים,70.00,100 גרם,false,1,5.50,7.8571,true,1,50722
7290100850916,false,דוריטוס חמוץ חריף מעודן 70 גרם כשר לפסח,"שטראוס פריטו ליי בע""\מ )",IL,דוריטוס חמוץ חריף 70 גר 48 יח,גרמים,70.00,100 גרם,false,1,5.50,7.8571,true,1,30235
7290100850923,false,חטיף תירס גריל דוריטוס (70 גרם),"שטראוס פריטו ליי בע""\מ )",IL,דוריטוס גריל 70 גר 48 יח,גרמים,70.00,100 גרם,false,1,5.50,7.8571,true,1,30236
7290100850930,false,חטיף תירס בטעם טבעי דוריטוס (70 גרם),"שטראוס פריטו ליי בע""\מ )",IL,דוריטוס טבעי 70 גר 48 יח,גרמים,70.00,100 גרם,false,1,5.50,7.8571,true,1,30237
7290100858592,false,אבקת קקאו עלית שקית 150 ג',הנסיך- מפעל לייצור ט,IL,שקית קקאו 150גרם/20שק/150גר,גרמים,150.00,100 גרם,false,1,11.90,7.9333,true,1,3737
7290100921418,false,מרכך מועשר בקרטין הוואי (700 מל),תאי פרזידנט פוד פאבל,IL,הוואי מרכך קרטין מחזק לשיער עדין או חלש 700 מל,מיליליטרים,700.00,"100 מ""ל",false,1,14.90,2.1286,true,1,50426
7290101112921,true,גלידל פרי פירות טרופ,פלדמן,IL,גלידל פרי פירות טרופי 8 640 גרם,גרמים,640.00,100 גרם,false,1,0.00,0.0000,true,1,50384
7290101453871,false,נר מספר - 0 (1X12X60),שמחה זה אנחנו,,נר מספר 0,Unknown,0.00,Unknown,false,1,3.50,0.0000,true,1,31454
7290101453888,false,נר מספר - 1 (1X12X60),שמחה זה אנחנו בע`מ,,נר מספר 1,Unknown,0.00,Unknown,false,1,3.50,0.0000,true,1,31455
7290101453895,false,נר מספר - 2 (1X12X60),שמחה זה אנחנו בע`מ,,נר מספר 2,Unknown,0.00,Unknown,false,1,3.50,0.0000,true,1,31456
7290101453901,false,נר מספר - 3 (1X12X60),שמחה זה אנחנו בע`מ,,נר מספר 3,Unknown,0.00,Unknown,false,1,3.50,0.0000,true,1,31457
7290101453918,false,נר מספר - 4 (1X12X60),שמחה זה אנחנו בע`מ,,נר מספר 4,Unknown,0.00,Unknown,false,1,3.50,0.0000,true,1,31458
7290101453949,false,נר מספר 7,שמחה זה אנחנו בע`מ,,נר מספר 7,Unknown,0.00,Unknown,false,1,3.50,0.0000,true,1,31461
7290101453956,false,נר מספר - 8 (1X12X60),שמחה זה אנחנו,,נר מספר 8,Unknown,0.00,Unknown,false,1,3.50,0.0000,true,1,31462
7290101454151,false,נרות ג'מבו כוכבים - סמי הכבאי,שמחה זה אנחנו,,"נרות ג""מבו כוכבים סמי הכבאי",יחידה,1.00,יחידה,false,1,6.80,6.8000,true,1,31431
7290101486688,false,חטיף דגנים עם שוקולד ללא גלוטן וסוכר פרי 5*20 גרם,טבעית מוצרים מן הטבע בעמ,IL,FREEמאגדת חטיף דגנים עם שוקולד 100 גרם,גרמים,100.00,100 גרם,false,1,17.50,17.5000,true,1,7955
7290101488248,false,"ליידי ספיד סטיק - דאודורנט רול און לאישה ורוד פרש פיושן 50 מ""ל",ליידי ספיד סטיק Lady Speed Stick,IT,דאו ליידי ספיד סטיק רול און ורוד 50 מל,מיליליטרים,50.00,"100 מ""ל",false,1,19.90,39.8000,true,1,17184
7290101488286,false,"ליידי ספיד סטיק - דאודורנט ספריי לאישה 24/7 פרש פיוזן ורוד 150 מ""ל",ליידי ספיד סטיק Lady Speed Stick,RU,דאודורנט ספרי ל.ספיד ורוד פרש פיוזן150 מ,מיליליטרים,150.00,"100 מ""ל",false,1,23.90,15.9333,true,1,19636
7290101488316,false,ליידי ספיד סטיק - דאודורנט סטיק לאישה ללא סימן ורוד סטיק 65 גרם,ליידי ספיד סטיק Lady Speed Stick,US,דאודורנט ליידי ספיד סטיק ללא סימן שאוור פרש 65 גרם,מיליליטרים,65.00,"100 מ""ל",false,1,19.90,30.6154,true,1,16796
7290101551027,false,קפסולות קפה אספרסו חזק במיוחד 14 עלית 10 יח',הנסיך- מפעל לייצור ט,IL,קפסולות קפה אספרסו 14,גרמים,50.00,100 גרם,false,1,18.90,37.8000,true,1,41711
7290101551300,false,סילאן טבעי ללא תוספת סוכר בקבוק לחיץ,מכוורת יד מרדכי שטראוס ב,IL,סילאן טבעי לחיץ 380 גרם,גרמים,380.00,100 גרם,false,1,18.90,4.9737,true,1,41401
7290101551539,true,דנונה פרו 20 גרם בטע,"שטראוס בריאות בע""מ",IL,דנונה פרו 20 גר אפרסק 0% שומן,גרמים,200.00,100 גרם,false,1,6.50,3.2500,true,1,40761
7290101551904,false,סבבה בוטנים אמריקאים חמוץ חריף 50 גר`,שטראוס פריטו ליי בע`מ,IL,בוטנים חמוץ חריף 50 גרם,גרמים,50.00,100 גרם,false,1,2.90,5.8000,true,1,41358
7290101861386,false,"נורופן לילדים בטעם תות 100 מ""ל",רקיט בנקיזר,,"נורופן לילדים תרחיף בטעם תות 100 מ""ל",ליטרים,100.00,ליטר,false,1,24.90,0.2490,true,1,33039
7290101863410,false,"סיליט באנג ספריי ניקוי עוצמתי מכיל אקונומיקה 750 מ""ל",רקיט בנקיזר (ניר איסט) בעמ,,"סיליט באנג אקונומיקה 750 מ""ל",מיליליטרים,750.00,"100 מ""ל",false,1,16.90,2.2533,true,1,23084
7290101864127,false,ספריי להסרת כתמים וניש קליה (750 מל),רקיט בנקיזר (ניר איסט) בעמ,IL,"ספריי מסיר כתמים וניש קליה 750 מ""ל",מיליליטרים,750.00,"100 מ""ל",false,1,19.90,2.6533,true,1,26432
7290101866633,false,וניש קליה גל להסרת כתמים 3 ליטר אוקסיפרש,רקיט בנקיזר (ניר איסט) בעמ,,"ג""ל להסרת כתמים קליה וניש 3 ליטר",ליטרים,3.00,ליטר,false,1,27.90,9.3000,true,1,32573
7290101868156,false,סטרפסילס ללא סוכר תות,רקיט בנקיזר,,סטרפסילס תות ללא סוכר,לא מנהל יחידת מידה,0.00,לא מנהל יחידת מידה,false,1,37.40,0.0000,true,1,53645
7290101868446,false,נורופן ג'ל 16 כמוסות,רקיט בנקיזר,,נורופן גל 16 כמוסות A,Unknown,0.00,Unknown,false,1,32.00,0.0000,true,1,32996
7290101868507,false,נורופן לכאבי מחזור,רקיט בנקיזר,,נורופן כאבי מחזור,Unknown,0.00,Unknown,false,1,19.70,0.0000,true,1,33004
7290101984412,false,זיקוק מספר,שמחה זה אנחנו בע`מ,,זיקוק מספר,Unknown,0.00,Unknown,false,1,5.80,0.0000,true,1,28885
7290101985433,false,הפתעות מארז 5 מעורב,NOVELTY,,הפתעות לימי הולדת,Unknown,0.00,Unknown,false,1,6.80,0.0000,true,1,31452
7290101992059,false,כרזת מזל טוב,ארסלן,,כרזת מזל טוב,Unknown,0.00,Unknown,false,1,5.80,0.0000,true,1,31390
7290101999553,false,נרות גמבו כוכבים דו,סודי,,נרות גמבו כוכבים דורה,Unknown,0.00,Unknown,false,1,6.80,0.0000,true,1,31429
7290101999614,false,"נרות ג""מבו כוכבים פו",סודי,,"נרות ג""מבו כוכבים פו הדב",מיליליטרים,0.00,"100 מ""ל",false,1,6.80,0.0000,true,1,31432
7290101999621,false,נרות מטה כוכבים- דרדסים,שמחה זה אנחנו בעמ,,נרות מטה כוכבים דרדסים,Unknown,0.00,Unknown,false,1,6.80,0.0000,true,1,31435
7290101999652,false,נרות מטה כוכבים - מיקי(1X24),שמחה זה אנחנו,,נרות מטה כוכבים מיקי,Unknown,0.00,Unknown,false,1,6.80,0.0000,true,1,31480
7290102004256,false,סט משאבה עם בלונים ו,גמר,,סט משאבה עם בלונים ווינקס,Unknown,0.00,Unknown,false,1,19.00,0.0000,true,1,31424
7290102006434,false,זר יום הולדת לראש עם פרח,YiWu Trust Art&C,,זר יום הולדת לראש עם פרחים צהוב,Unknown,0.00,Unknown,false,1,10.90,0.0000,true,1,31475
7290102030330,false,תפוצ`יפס אקסטרא מקסיקני 200 גרם +20 תו,"שטראוס פריטו ליי בע""\מ )",IL,תפו קראנצ מקסיקני 200 גר 12 יח - שמיטה,גרמים,200.00,100 גרם,false,1,11.90,5.9500,true,1,21461
7290102060764,false,מארז זוג מברשות שיניים מרידול,יבואן ומשווק: ש. שסט,,מרידול זוג מברשות שיניים עדין 2 יחידות,Unknown,0.00,Unknown,false,1,33.90,0.0000,true,1,54191
7290102300815,false,"גבינת צ'דר אנגלית כתומה פרוס, 200 גרם",א. סיימן סחר בעמ,GB,צדר כתום פרוס 200גרם,גרמים,200.00,100 גרם,false,1,29.90,14.9500,true,1,53648
7290102300822,false,גבינה צ'דר אנגלית כתומה 200 גרם,א. סיימן סחר בעמ,,גבינת צדר אנגלית כתומה 200 גרם נני,גרמים,200.00,100 גרם,false,1,27.90,13.9500,true,1,29849
7290102300860,false,"גבינת צ'דר אנגלית לבן, 200 גרם",א. סיימן סחר בעמ,,גבינת צדר אנגלית 200 גרם נני,גרמים,200.00,100 גרם,false,1,27.90,13.9500,true,1,29850
7290102302246,false,גבינת גאודה הולנדית 200 גרם,מיוצר עי קונדיטוריית,NL,גבינת גאודה נני 200 גרם,גרמים,200.00,100 גרם,false,1,27.90,13.9500,true,1,38682
7290102302253,false,"גבינת גאודה עיזים חצי קשה 34%, 200 גרם",מיוצר עי קונדיטוריית,NL,גבינת גאודה עיזים נני 200 גרם,גרמים,200.00,100 גרם,false,1,34.90,17.4500,true,1,38683
7290102302260,false,גבינת גרנה פדנו 200 גרם,הנסיך- מפעל לייצור ט,IT,גבינת גראנה פדנו 200 גרם,גרמים,200.00,100 גרם,false,1,35.90,17.9500,true,1,38676
7290102302864,false,גבינה הולנדית עם פסטו ירוק 34%,הנרי ויליך Henri Willig,NL,גאודה פסטו ירוק 200 גרם,גרמים,200.00,100 גרם,false,1,36.90,18.4500,true,1,49469
7290102303977,false,גוש טונה בשמן זית רוברט 140 גרם,קונסרבס פורטוגל נורטה,PT,טונה בהירה בשמן זית רוברט 140גרם,גרמים,140.00,100 גרם,false,1,11.90,8.5000,true,1,55267
7290102303984,false,גוש טונה במים רוברט 140 גרם,קונסרבס פורטוגל נורטה,PT,טונה בהירה במים רוברט 140גרם,גרמים,140.00,100 גרם,false,1,11.90,8.5000,true,1,55268
7290102304714,false,*מבצע* גלוריוס עיזים,הנרי ויליך,NL,גבינת גלוריוס עיזים 180 גרם,גרמים,180.00,100 גרם,false,1,49.90,27.7222,true,1,54254
7290102304721,false,גבינת טרמנדס כמהין 1,א. סיימן סחר בעמ,NL,גבינת טרמנדס כמהין 180 גרם,גרמים,180.00,100 גרם,false,1,49.90,27.7222,true,1,54255
7290102304738,false,גבינת פיור פרפקשיין,הנרי ויליך,NL,גבינת פיור פרפקשיין 180 גרם,גרמים,180.00,100 גרם,false,1,49.90,27.7222,true,1,54256
7290102304745,false,גבינת פיור גולד 180ג,הנרי ויליך,NL,גבינת פיור גולד 180 גרם,גרמים,180.00,100 גרם,false,1,49.90,27.7222,true,1,54257
7290102390427,false,יוגורט ביו עם קציפת תות 3% שומן 150 ג' מולר,החברה המרכזית טלהפצת משקאות בע,,יוגורט מולר פרופ תות 150 גרם,גרמים,150.00,100 גרם,false,1,5.90,3.9333,true,1,14851
7290102390465,false,יוגורט ביו עם קציפת אפרסק ופסיפלורה 3% שומן 150 ג' מולר,החברה המרכזית טלהפצת משקאות בע,,יוגורט מולר פרופ אפרסק פסיפלורה 150 גרם,גרמים,150.00,100 גרם,false,1,5.90,3.9333,true,1,14854
7290102390489,false,יוגורט ביו עם קציפת לימון 3% שומן 150 ג' מולר,*החברה המרכזית להפצת משקאותבעמ,,יוגורט מולר פרופ לימון 150 גרם,גרמים,150.00,100 גרם,false,1,5.90,3.9333,true,1,14856
7290102391844,false,יוגורט ביו עם קציפת פירות יער3% שומן 150 ג' מולר,החברה המרכזית טלהפצת משקאות בע,,יוגורט מולר פרופ פירות יער 150 גרם,גרמים,150.00,100 גרם,false,1,5.90,3.9333,true,1,18021
7290102392094,false,חלב עיזים 3.7% בקרטון משק צוריאל 1 ליטר,החברה המרכזית טלהפצת משקאות בע,IL,חלב עיזים בקרטון 1 ליטר,ליטרים,1.00,ליטר,false,1,18.90,18.9000,true,1,22258
7290102392728,false,יוגורט ביו ביאנקו 2.8% מולר (200 גרם),*החברה המרכזית להפצת משקאותבעמ,IL,"מולייר, יוגורט bio 2.8% שומן",גרמים,200.00,100 גרם,false,1,4.50,2.2500,true,1,20739
7290102393039,false,"יוגורט ביו קרמי מיקס פצפוצי שוקולד 7.6% מולר 170 מ""ל",*החברה המרכזית להפצת משקאותבעמ,IL,יוגורט מולר מיקס פצפוצי שוקולד 170 גרם,גרמים,170.00,100 גרם,false,1,6.50,3.8235,true,1,21240
7290102393060,false,"יוגורט ביו קרמי מיקס גלילי ופל ואגוזים 5.9% מולר 170 מ""ל",*החברה המרכזית להפצת משקאותבעמ,IL,Muller mix גליליות קרם אגוזים,גרמים,170.00,100 גרם,false,1,6.50,3.8235,true,1,21241
7290102393299,false,יוגורט עיזים לשתייה 3% משק צוריאל 500 גרם,*החברה המרכזית להפצת משקאותבעמ,IL,יוגורט עיזים לשתייה 3% שומן - 500 גרם,מיליליטרים,500.00,"100 מ""ל",false,1,15.90,3.1800,true,1,22090
7290102393848,false,יוגורט עיזים 2.4% עם תות משק צוריאל 150 גרם,*החברה המרכזית להפצת משקאותבעמ,IL,יוגורט עיזים עם תות,גרמים,150.00,100 גרם,false,1,7.90,5.2667,true,1,23492
7290102394081,false,"יוגורט ביו קרמי מיקס קורנפלקס מצופה שוקולד מולר 170 מ""ל",*החברה המרכזית להפצת משקאותבעמ,IL,Muller mix קורנפלקס מצופה,גרמים,170.00,100 גרם,false,1,6.50,3.8235,true,1,23525
7290102394463,false,נעם גבינה צהובה פרוסה ואקום 28% טרה 500 גרם,החברה המרכזית טלהפצת משקאות בע,IL,"גבנצ 28% ואקום 500 ג' בד""צ",גרמים,500.00,100 גרם,false,1,30.90,6.1800,true,1,28725
7290102394814,false,"חמאה 200 גרם בד""צ - מוצר בפיקוח",Unknown,,חמאה טרה 200 גרם,גרמים,200.00,100 גרם,false,1,8.80,4.4000,true,1,32859
7290102394821,false,גבינה צהובה 28% דק דק לפתיחה חוזרת 200,החברה המרכזית טלהפצת משקאות בע,IL,גבנצ 28% דק דק 200 ג',גרמים,200.00,100 גרם,false,1,18.90,9.4500,true,1,24676
7290102394845,false,נעם גבינה צהובה לייט פרוסה דק דק 9% טרה 200 גרם,*החברה המרכזית להפצת משקאותבעמ,IL,גבנצ 9% דק דק 200 ג',גרמים,200.00,100 גרם,false,1,17.90,8.9500,true,1,26517
7290102396665,false,צהובה פרוסות דקדק פתח סגור 15% 200 גר`,*החברה המרכזית להפצת משקאותבעמ,IL,גבנצ 15% דק דק 200 ג',גרמים,200.00,100 גרם,false,1,18.90,9.4500,true,1,31798
7290102396955,false,טרה חלב קרטון 3% רבנ,*החברה המרכזית להפצת משקאותבעמ,IL,חלב קרטון 2 ליטר 3% רבנות,ליטרים,1.00,ליטר,false,1,12.46,12.4600,true,1,50721
7290102397204,false,גבינה צהובה נעם דק דק פתח סגור 200 גר,*החברה המרכזית להפצת משקאותבעמ,IL,גבנצ 22% דק דק 200 ג',גרמים,200.00,100 גרם,false,1,18.90,9.4500,true,1,31799
7290102397334,false,גבינה בולגרית גלילית 5% משק צוריאל 250 גרם,החברה המרכזית טלהפצת משקאות בע,IL,בולגרית 5% 250 גרם,גרמים,250.00,100 גרם,false,1,23.90,9.5600,true,1,33452
7290102397464,false,יוגורט ביו בתוספת גרעינים אגוזים וחמוציות 170 ג' מולר,החברה המרכזית טלהפצת משקאות בע,IL,מולר ביאנקו פלוס + פקאן וגרעינים,גרמים,168.00,100 גרם,false,1,6.50,3.8690,true,1,36146
7290102397600,false,מיקס יוגורט בתוספת שקדים ובוטנים מקורמלים 170 ג' מולר,החברה המרכזית טלהפצת משקאות בע,IL,Muller mix שקדים ובוטנים בקרמל,גרמים,168.00,100 גרם,false,1,6.50,3.8690,true,1,33710
7290102397617,false,יוגורט ביו קרמי עם כדורים מצופים שוקולד חום לבן,*החברה המרכזית להפצת משקאותבעמ,IL,Muller mix כדורי דגנים בציפוי שוקולד,גרמים,168.00,100 גרם,false,1,6.50,3.8690,true,1,33711
7290102397730,false,פרוסות גבינה אמנטל חצי קשה 30% שומן 200 ג' נעם,*החברה המרכזית להפצת משקאותבעמ,IL,טרה נועם אמנטל פרוסות גבינה חצי קשה 30% 200 גרם,גרמים,200.00,100 גרם,false,1,19.90,9.9500,true,1,36814
7290102397747,false,פרוסות גבינת מוצרלה נעם מחלב בקר 22%,*החברה המרכזית להפצת משקאותבעמ,IL,"מוצרלה נעם 22% שומן, 200 גרם",גרמים,200.00,100 גרם,false,1,23.90,11.9500,true,1,37912
7290102398065,false,חלב טרה בקרטון 2 ליטר מהדרין 3% - מוצר בפיקוח,*החברה המרכזית להפצת משקאותבעמ,IL,טרה חלב בקרטון 2 ליטר 3% שומן,ליטרים,2.00,ליטר,false,1,12.46,6.2300,true,1,51804
7290102398072,false,"חלב קרטון 3%-1 ליטר "" טרה"" -מוצר פיקוח",החברה המרכזית טלהפצת משקאות בע,IL,חלב בקרטון 1 ליטר 3% שומן,ליטרים,1.00,ליטר,false,1,6.23,6.2300,true,1,37123
7290102398287,false,יוגורט מולר פרופ תות,Unknown,IL,תות 0.9% 150 גרם Muller Froop,גרמים,150.00,100 גרם,false,1,5.90,3.9333,true,1,37891
7290102398331,false,חלב מועשר דל לקטוז 2% שומן טרה 1 ליטר,*החברה המרכזית להפצת משקאותבעמ,IL,"טרה חלב מועשר דל לקטוז 2% שומן, 1 ליטר",ליטרים,1.00,ליטר,false,1,8.90,8.9000,true,1,37914
7290102398560,false,משקה שוקו מועשר בבקבוק 1 ליטר טרה,החברה המרכזית טלהפצת משקאות בע,IL,שוקו טרה מועשר בקבוק 1ליטר,ליטרים,1.00,ליטר,false,1,13.90,13.9000,true,1,40549
7290102398614,false,משקה חלב טרה ט. בננה 1ליטר בקבוק,*החברה המרכזית להפצת משקאותבעמ,IL,משקה חלב בטעם בננה 1 ליטר,ליטרים,1.00,ליטר,false,1,13.90,13.9000,true,1,40551
7290102398669,false,משקה חלב אייס קפוצ'ינו טרה 1 ליטר,החברה המרכזית טלהפצת משקאות בע,IL,"אייס קפוצ'ינו 1 ליטר בד""צ",ליטרים,1.00,ליטר,false,1,13.90,13.9000,true,1,49658
7290102399048,false,פרוסות גבינת קשקבל נעם 200 ג' טרה,*החברה המרכזית להפצת משקאותבעמ,IL,קשקבל נעם פתיחה חוזרת - 200 גרם,גרמים,200.00,100 גרם,false,1,27.90,13.9500,true,1,42215
7290102399635,false,"מולר פרופ יוגורט ביו עם קציפת קוקוס ואננס 150 מ""ל",*החברה המרכזית להפצת משקאותבעמ,IL,מולר פרופ TROPICAL קוקוס ואננס 3.9% שומן,גרמים,150.00,100 גרם,false,1,5.90,3.9333,true,1,49655
7290102399796,false,מעדן יוגורט לבן מועשר בחלבון 200 ג' מולר אקטיב,*החברה המרכזית להפצת משקאותבעמ,IL,Muller Active יוגורט BIO מועשר חלבון,גרמים,200.00,100 גרם,false,1,6.90,3.4500,true,1,49651
7290102399819,false,יוגורט עם פירות יער מולר אקטיב מועשר בחלבון 200 גר',החברה המרכזית טלהפצת משקאות בע,IL,Muller Active יוגורט פירות יער מועשר חלבון 20 גרם,גרמים,200.00,100 גרם,false,1,6.90,3.4500,true,1,49653
7290103401429,false,קפה קצב ברזילאי אוריגינס 200 גר,הנסיך- מפעל לייצור ט,IL,פלטינום ברזילאי 200 גרם,גרמים,200.00,100 גרם,false,1,29.90,14.9500,true,1,19796
7290103408206,false,עלי חסה ערבית שטופים 250 גר טעם הטבע,ביכורי השדה הצפון בעמ` 1964,IL,עלי חסה בקופסא250 גר שטופים שטראוס,גרמים,250.00,100 גרם,false,1,14.90,5.9600,true,1,21153
7290103680244,false,פנינים תבור רוזה מבעב750,יקב תבור,,"יין תבור פנינים רוזה 750 מ""ל",מיליליטרים,750.00,"100 מ""ל",false,1,38.90,5.1867,true,1,28676
7290103681173,false,"יין הר קברנה סובניון יקבי תבור 750 מ""ל.",*החברה המרכזית להפצת משקאותבעמ,IL,הר קברנה סוביניון יין אדום יבש 2016 מל,מיליליטרים,750.00,"100 מ""ל",false,1,38.90,5.1867,true,1,41524
7290103681210,false,"יין הר שרדונה מיתוג תנשמת 750 מ""ל",*החברה המרכזית להפצת משקאותבעמ,IL,תבור הר שרדונה 750 מל,מיליליטרים,750.00,"100 מ""ל",false,1,38.90,5.1867,true,1,41521
7290103681227,false,"יין הר גוורצטרמינר מיתוג תנשמת 750 מ""ל",החברה המרכזית טלהפצת משקאות בע,IL,"יין גוורצטרמינר חצי מתוק 750 מ""ל סדרת הר",מיליליטרים,750.00,"100 מ""ל",false,1,38.90,5.1867,true,1,41525
7290103681364,false,"קברנה סוביניון 750מ""ל תבור אדמה",*החברה המרכזית להפצת משקאותבעמ,IL,תבור קברנה סוביניון 750 מל,מיליליטרים,750.00,"100 מ""ל",false,1,74.50,9.9333,true,1,41519
7290103681371,false,תבור קברנה סובניון 750 מ`ל,*החברה המרכזית להפצת משקאותבעמ,IL,"יין מרלו 750 מ""ל סדרת תבור",מיליליטרים,750.00,"100 מ""ל",false,1,74.50,9.9333,true,1,41520
7290103701017,false,נייר אפיה נשלף טאצ 50 יחידות כשלפ,שניב תעשיות נייר בעמ,,נייר אפיה טאצ נשלף 50 יחידות,Unknown,0.00,Unknown,false,1,10.90,0.0000,true,1,30862
7290103704155,false,נייר מגבת טאצ' 6 גלילים מהדורת 2021,שניב תעשיות נייר בעמ,IL,מגבות נייר טאצ 6 גלילים חדש,יחידה,1.00,יחידה,false,1,11.90,11.9000,true,1,52433
7290103704162,false,נייר טואלט טאצ' 32 גלילים מהדורה 2021,שניב תעשיות נייר בעמ,IL,נייר טואלט טאצ פרימיום 32 גלילים,יחידה,1.00,יחידה,false,1,29.90,29.9000,true,1,52096
7290104061219,false,רבע לשבע אצבעות אגוז120ג,"שטראוס גרופ בע""מ",IL,רבע לשבע אגוזים (אדום) 120 גר ווסטעהיים,גרמים,120.00,100 גרם,false,1,13.90,11.5833,true,1,22374
7290104061417,false,סלט חומוס עם טחינה אחלה 400 גרם,שטראוס גרופ בעמ/מצונן,IL,סלט חומוס וטחינה 400 גרם,גרמים,400.00,100 גרם,false,1,12.90,3.2250,true,1,20524
7290104061431,false,סלט חומוס עם צנובר אחלה 400 גרם,שטראוס גרופ בעמ/מצונן,IL,סלט חומוס וצנובר 400 גרם,גרמים,400.00,100 גרם,false,1,12.90,3.2250,true,1,20526
7290104061448,false,סלט חומוס עם חריף אחלה 400 גרם,שטראוס גרופ בעמ/מצונן,IL,חומוס חריף 400 גרם,גרמים,400.00,100 גרם,false,1,12.90,3.2250,true,1,20527
7290104065934,false,עלי רוקט שטראוס 150 גר`-טעם הטבע,ביכורי השדה הצפון בעמ` 1964,IL,עלי רוקט 150 גרם שטופים שטראוס,גרמים,150.00,100 גרם,false,1,13.90,9.2667,true,1,21403
7290104067679,false,סלט טחינה 400 ג' אחלה,שטראוס גרופ בעמ/מצונן,IL,טחינה 400,גרמים,400.00,100 גרם,false,1,12.90,3.2250,true,1,31997
7290104501661,false,אינסטנט פודינג בטעם וניל צרפתי אסם 80 גרם,קבוצת אוסם סחר-שות.מוגבלת,IL,אסם פודינג בטעם וניל צרפתי 12*80גרם,גרמים,80.00,100 גרם,false,1,6.50,8.1250,true,1,22518
7290104503184,false,הבית עוגת שבת בראוניס טעם שוקולד ריבת חלב 380 גרם,קבוצת אוסם סחר-שות.מוגבלת,IL,הבית עוגת שבת בראוניס ט.שקלד.ר.חלב8*380ג,גרמים,380.00,100 גרם,false,1,21.90,5.7632,true,1,24322
7290104508943,false,במבה חטיף בוטנים אסם 200 גרם,קבוצת אוסם סחר-שות.מוגבלת,IL,במבה קלאסי 200 גרם,גרמים,200.00,100 גרם,false,1,11.90,5.9500,true,1,33561
7290104570513,false,"תמר מגהול כחול 1 ק""",ביכורי השדה הצפון בעמ` 1964,IL,"תמר מג""הול 1 ק""ג",קילוגרמים,1.00,"ק""ג",false,1,19.90,19.9000,true,1,41326
7290104722530,false,תפוצ'יפס בטעם שמנת בצל עלית 200 גרם,"שטראוס פריטו ליי בע""\מ )",IL,תפו שמנת בצל 200 גר 12 יח - שמיטה,גרמים,200.00,100 גרם,false,1,11.90,5.9500,true,1,24654
7290104726262,false,רביעייה מעדן דני שוקולד דיסני לבנים 125 גרם,שטראוס גרופ בעמ/מצונן,IL,דני שלוק שוקולד רביעייה,גרמים,500.00,100 גרם,false,1,11.90,2.3800,true,1,22876
7290104728310,false,"שמנת מתוקה עמידה 38% שומן ""יטבתה"" -מוצר בפיקוח",שטראוס גרופ בעמ/מצונן,IL,שמנת להקצפה 38% מהדרין,מיליליטרים,250.00,"100 מ""ל",false,1,6.47,2.5880,true,1,24674
7290104729003,false,"יד מרדכי - שמן זית כתית מעולה 2 קלאסי 750 מ""ל",מכוורת יד מרדכי שטרא,IL,שמן זית כתית מעולה יד מרדכי,מיליליטרים,750.00,"100 מ""ל",false,1,36.90,4.9200,true,1,41157
7290104960239,false,תחליב רחצה בניחוח קמומיל נקה (7507 מל),טרופיקל דגיל תעשיות קוסמ,IL,נקה 7 ארומה אל סבון 750 לבן,מיליליטרים,750.00,"100 מ""ל",false,1,13.90,1.8533,true,1,50422
7290104960253,false,נקה 7 ארומה תחליב רחצה לבנדר ענוג 750,החברה הדרומית לשיווק בעמ,IL,נקה 7 ארומה אל סבון 750 לבנדר,מיליליטרים,750.00,"100 מ""ל",false,1,13.90,1.8533,true,1,50423
7290105360250,false,קפסולות 09 עשיר וארומטי למכונת נספרסו עלית 10יח',הנסיך- מפעל לייצור ט,IL,קפסולות 09 למכונות NESPRESSO,גרמים,50.00,100 גרם,false,1,18.90,37.8000,true,1,26256
7290105360335,false,קפסולות אספרסו למכונות נספרסו 50 גר,הנסיך- מפעל לייצור ט,IL,קפסולות 07 למכונות NESPRESSO,גרמים,50.00,100 גרם,false,1,18.90,37.8000,true,1,26254
7290105360755,false,"שמן זית 3 חזק 750 מ""ל יד מרדכי",מכוורת יד מרדכי שטראוס ב,IL,"שמן זית 3 חזק 750 מ""ל",מיליליטרים,750.00,"100 מ""ל",false,1,36.90,4.9200,true,1,24977
7290105362339,false,"שמנת לבישול 15% 250 מ""ל יטבתה מהדרין",שטראוס גרופ בעמ/מצונן,IL,שמנת לבישול 15% מהדרין- ח,מיליליטרים,250.00,"100 מ""ל",false,1,8.60,3.4400,true,1,24682
7290105363602,false,מקלות כיף כף קלאסי עלית (40 גרם),שולן צ'\יקולטה גידה סאן.,TR,כיף כף מקלות קלאסי,גרמים,40.00,100 גרם,false,1,5.20,13.0000,true,1,25705
7290105364289,false,מקלות כיף כף פצפוצים עלית 40 גרם,שולן צ'\יקולטה גידה סאן.,TR,כיף כף מקלות פצפוצים,גרמים,40.00,100 גרם,false,1,5.20,13.0000,true,1,25706
7290105364302,false,"עלית חטיף שוקולד כיף כף מקלות אגוזים, 40 גרם",שולן צ'\יקולטה גידה סאן.,TR,כיף כף מקלות אגוזים,גרמים,40.00,100 גרם,false,1,5.20,13.0000,true,1,25707
7290105364678,false,"אקטיביה משקה יוגורט בטעם אפרסק שטראוס 250 מ""ל",שטראוס גרופ בעמ/מצונן,IL,משקה אקטיביה אפרסק 1.2% בודד,מיליליטרים,250.00,"100 מ""ל",false,1,5.50,2.2000,true,1,23662
7290105366023,false,סלט חצילים בטעם כבד אחלה 400 גרם,שטראוס גרופ בעמ/מצונן,IL,חציל בטעם כבד 400 גרם,גרמים,400.00,100 גרם,false,1,17.90,4.4750,true,1,40353
7290105366993,false,סימפוניה גבינת שמנת פלפל שיפקה 5% שטראוס 200 גרם,שטראוס גרופ בעמ/מצונן,IL,סימפוניה פילפל שיפקה חריף,גרמים,200.00,100 גרם,false,1,12.90,6.4500,true,1,35494
7290105368331,false,מעדן מילקי בטעם תות עם קצפת,שטראוס גרופ בעמ/מצונן,IL,מילקי בטעם תות,גרמים,133.00,100 גרם,false,1,2.90,2.1805,true,1,24990
7290105368904,false,"שמנת מתוקה להקצפה 32% שומן 250 מ""ל יוטבתה",שטראוס גרופ בעמ/מצונן,IL,שמנת מתוקה להקצפה 32% מהדרין-ח,מיליליטרים,250.00,"100 מ""ל",false,1,7.80,3.1200,true,1,49581
7290105368959,false,פונץ בננה+פקק מהדרין250מ,מחלבת יטבתה,IL,"פונץ' בננה פקק 250 מ""ל",מיליליטרים,250.00,"100 מ""ל",false,1,5.90,2.3600,true,1,24683
7290105369130,false,סימפוניה גבינת שמנת בצל ירוק 5% שטראוס 200 גרם,שטראוס גרופ בעמ/מצונן,IL,סימפוניה בצל ירוק 2022,גרמים,200.00,100 גרם,false,1,12.90,6.4500,true,1,26271
7290105431868,false,"פלמוליב ספא קוקוס גרגרים נוזלי 500 מ""ל",הנסיך- מפעל לייצור ט,TR,500 מל סבון נוזלי פלמוליב חלב קוקוס,מיליליטרים,500.00,"100 מ""ל",false,1,17.90,3.5800,true,1,27340
7290105439499,false,מאסטר שף מאסטר שף מיונז 480 גר כשלפ,רמיה סי.וי. הולנד,NL,מאסטר שף מיונז הולנדי 481 גרם,גרמים,480.00,100 גרם,false,1,10.00,2.0833,true,1,32771
7290105439581,false,מנה מאסטר שף חרדל דיזיון צרפתי 370 גר,רמיה סי.וי.הולנד,FR,חרדל דיזיון צרפתי מאסטר שף 370 גרם,גרמים,370.00,100 גרם,false,1,13.90,3.7568,true,1,32772
7290105439598,false,מאסטר שף חרדל דיז'ון גרגירים 370 גר כשלפ,סאס קווינור צרפת,FR,חרדל דיזיון גרגרים מאסטר שף 370 גרם,גרמים,370.00,100 גרם,false,1,13.90,3.7568,true,1,32773
7290105500151,false,וודקה פינלנדיה רגיל 700,"אלטיה קורפ, הלסינקי,",FI,"וודקה פינלנדיה בקבוק 700 מ""ל",מיליליטרים,700.00,"100 מ""ל",false,1,74.90,10.7000,true,1,25202
7290105500236,false,וויסקי ג'ק דניאלס מס' 7 Brand No,ג'ק דניאלס Jack Daniel's,US,טנסי וויסקי,מיליליטרים,700.00,"100 מ""ל",false,1,129.90,18.5571,true,1,31986
7290105500748,false,וויסקי פיימוס גראוס The Famouse Grouse,מתיו גלוג אנד סאן,GB,"פיימוס גראוס 700 מ""ל",מיליליטרים,700.00,"100 מ""ל",false,1,89.90,12.8429,true,1,41462
7290105500953,false,"וויסקי ג'ק דניאלס דבש 700 מ""ל",מ.אקרמן בעמ,BE,ליקר טנסי דבש על בסיס ג'ק דניאל'ס,מיליליטרים,700.00,"100 מ""ל",false,1,129.90,18.5571,true,1,38037
7290105501547,false,"מארז וודקה גריי גוס 700מ""ל פלוס כוס",בקרדי מרטיני,FR,מארז גריי גוס 700 פלוס כוס,מיליליטרים,700.00,"100 מ""ל",false,1,139.90,19.9857,true,1,53339
7290105691224,false,אסם חטיפי פריכונים טורטייה שום בצל 60 גרם,קבוצת אוסם סחר-שות.מוגבלת,IL,אסם חטיפי פריכונים טורטיה שום בצל 12*60ג,גרמים,60.00,100 גרם,false,1,8.50,14.1667,true,1,24722
7290105691248,false,אסם חטיפי פריכונים טורטייה תירס 60 גרם,קבוצת אוסם סחר שותפות מוגבלת,IL,אסם חטיפי פריכונים טורטיה תירס 12*60גרם,גרמים,60.00,100 גרם,false,1,8.50,14.1667,true,1,24723
7290105691897,false,קוסקוס פלוס עם קמח חיטה מלא,קבוצת אוסם סחר שותפות מוגבלת,IL,אסם קוסקוס עם חיטה מלאה 12*350גרם,גרמים,350.00,100 גרם,false,1,9.90,2.8286,true,1,24767
7290105691934,false,קמח שמרים אסם 1 קילו,קבוצת אוסם סחר שותפות מוגבלת,IL,"קמח שמרים 1 ק""ג אסם",קילוגרמים,1.00,"ק""ג",false,1,12.50,12.5000,true,1,25493
7290105692474,false,עוגת בראוניס קוקוס 430גר,"אסם השקעות בע""\מ",IL,הבית עוגת בראוניס קוקוס כשלפ 430 גרם,גרמים,430.00,100 גרם,false,1,21.90,5.0930,true,1,24590
7290105693952,false,פירורית זהב אסם זהב שומשום 200 ג',קבוצת אוסם סחר שותפות מוגבלת,IL,פירורית זהב שומשום 200 גרם,גרמים,200.00,100 גרם,false,1,6.90,3.4500,true,1,24745
7290105695024,false,פתיתים אפויים אורז עם אטריות אסם 500 גרם,קבוצת אוסם סחר שותפות מוגבלת,IL,אסם פתיתים אפויים אורז עם אטריות 12*500ג,גרמים,500.00,100 גרם,false,1,7.90,1.5800,true,1,25719
7290105695895,false,עוגת הבית דמקה דבש אסם (320 גרם),קבוצת אוסם סחר-שות.מוגבלת,IL,הבית עוגת דמקה דבש 8*320גרם,גרמים,320.00,100 גרם,false,1,14.90,4.6563,true,1,33887
7290105962331,false,סחוג תימני אדום חריף מאוד זהבי הכרם 220 גרם,שטראוס גרופ בעמ/מצונן,IL,זחוק תימני חריף,גרמים,220.00,100 גרם,false,1,14.90,6.7727,true,1,25031
7290105962980,false,כרוב אדום במיונז 400 ג' אחלה,מיוצר עי קונדיטוריית,IL,כרוב אדום 400,גרמים,400.00,100 גרם,false,1,12.90,3.2250,true,1,31996
7290105962997,false,חצילים אחלה במיונז 400 גר',"שטראוס גרופ ***בע""מ",IL,חציל במיונז 400 גרם,גרמים,400.00,100 גרם,false,1,12.90,3.2250,true,1,31995
7290105963000,false,סלט מטבוחה 400 ג' אחלה,מיוצר עי קונדיטוריית,IL,מטבוחה 400,גרמים,400.00,100 גרם,false,1,12.90,3.2250,true,1,31991
7290105964564,false,חומוס אחלה 400 גרם. שטראוס,שטראוס גרופ בעמ/מצונן,IL,סלט חומוס אחלה 400 גרם,גרמים,400.00,100 גרם,false,1,8.90,2.2250,true,1,32725
7290105965738,false,יוגורט לשתיה בטעם תות בננה267 ג' דנונה,שטראוס גרופ בעמ/מצונן,IL,"משקה יוגורט דנונה תות בננה 267מ""ל",מיליליטרים,267.00,"100 מ""ל",false,1,5.30,1.9850,true,1,27604
7290105966469,false,חומץ בלסמי ממודנה יד מרדכי (250 מל),אצטייה ג'וזפה קרמוני,IT,חומץ בלסמי יד מרדכי,מיליליטרים,250.00,"100 מ""ל",false,1,16.90,6.7600,true,1,26077
7290105968654,false,רביולי עם בטטה פרווה שטראוס (400 גרם),שטראוס גרופ בעמ/מצונן,IL,רביולי בטטה פרווה 400 EAT GOOD,גרמים,400.00,100 גרם,false,1,21.90,5.4750,true,1,25488
7290105968777,false,פריכיות 5 דגנים עם תחתית שוקולד מריר 70 גרם,"טחנת האבן תעשיות בע""",IL,פריכיות אנרגי תחתית ש.מריר OS,גרמים,70.00,100 גרם,false,1,8.50,12.1429,true,1,26300
7290106520066,false,"רבע לשבע שוקולד חלב במילוי אגוזים עלית 160 גרם בד""צ","הגביע מוצרי וופלים בע""\מ",IL,רבע לשבע (ירוק) 160 גר',גרמים,160.00,100 גרם,false,1,13.90,8.6875,true,1,25754
7290106520912,false,שמנת לבישול 9% שומן 258גר מהדרין יטבתה,שטראוס גרופ בעמ/מצונן,IL,שמנת לבישול 9% מהדרין-ח,מיליליטרים,250.00,"100 מ""ל",false,1,8.60,3.4400,true,1,49582
7290106524439,false,חטיף פופס תפוצ`יפס (60 גרם),"שטראוס פריטו ליי בע""\מ )",IL,תפו פופס 60 גר 40 יח,גרמים,60.00,100 גרם,false,1,5.50,9.1667,true,1,37780
7290106525368,false,גלילי וופל רבע לשבע אין סייד אוט 125 גר,"הגביע מוצרי וופלים בע""\מ",IL,רבע שבע שחור לבן 125 גרם,גרמים,125.00,100 גרם,false,1,13.90,11.1200,true,1,37308
7290106525399,false,קפסולות 06 ברזיל למכונות נספרסו עלית 10יח',הנסיך- מפעל לייצור ט,IL,קפסולות 06 ברזיל למכונות NESPRESSO,גרמים,50.00,100 גרם,false,1,18.90,37.8000,true,1,33694
7290106526822,false,פריכיות אורז חום מלא תחתית שוקולד חלב 80 גרם,"טחנת האבן תעשיות בע""",IL,פריכיות אנרגי תחתית שוקולד 80 גרם,גרמים,80.00,100 גרם,false,1,8.50,10.6250,true,1,27448
7290106528567,false,חטיף תירס גריל דוריטוס (185 גרם),"שטראוס פריטו ליי בע""\מ )",IL,דוריטוס גריל 185 גר 12 יח,גרמים,185.00,100 גרם,false,1,8.90,4.8108,true,1,33180
7290106528628,false,חטיף תירס בטעם טבעי דוריטוס (185 גרם),"שטראוס פריטו ליי בע""\מ )",IL,דוריטוס טבעי 185 גרם,גרמים,185.00,100 גרם,false,1,8.90,4.8108,true,1,33181
7290106528949,false,סלט ערוגות שטראוס 450 גר`-טעם הטבע,ביכורי השדה הצפון בעמ` 1964,IL,לקט ערוגות 450 גרם שטופים שטראוס,גרמים,450.00,100 גרם,false,1,14.90,3.3111,true,1,32724
7290106572027,false,קרקר לחמית חמישה דגנים אסם (190 גרם),קבוצת אוסם סחר-שות.מוגבלת,IL,לחמית חמישה דגנים 12*190גרם,גרמים,190.00,100 גרם,false,1,10.90,5.7368,true,1,25746
7290106573277,false,חטיף קרקר קריספי עם זיתים כבושים,קבוצת אוסם סחר שותפות מוגבלת,IL,אסם קריספי טאפאס זיתים 8*150גרם,גרמים,150.00,100 גרם,false,1,13.90,9.2667,true,1,47127
7290106573314,false,אוסם - קריספי טאפאס כפרי 150 גרם,קבוצת אוסם סחר שותפות מוגבלת,IL,אסם קריספי טאפאס כפרי 8*150גרם,גרמים,150.00,100 גרם,false,1,13.90,9.2667,true,1,47129
7290106573574,false,חומוס ירושלמי צבר 400גרם,קבוצת אוסם סחר-שות.מוגבלת,IL,צבר חומוס ירושלמי 12*400גרם,גרמים,400.00,100 גרם,false,1,12.90,3.2250,true,1,26393
7290106573598,false,חומוס לבנוני צבר (400 גרם),קבוצת אוסם סחר שותפות מוגבלת,IL,צבר חומוס לבנוני 12*400גרם,גרמים,400.00,100 גרם,false,1,12.90,3.2250,true,1,26394
7290106573628,false,חומוס עם טחינה צבר (400 גרם),קבוצת אוסם סחר שותפות מוגבלת,IL,צבר חומוס עם טחינה 12*400גרם,גרמים,400.00,100 גרם,false,1,12.90,3.2250,true,1,26395
7290106573642,false,חומוס צנובר צבר 400 גרם,קבוצת אוסם סחר-שות.מוגבלת,IL,צבר חומוס צנובר 12*400גרם,גרמים,400.00,100 גרם,false,1,12.90,3.2250,true,1,26396
7290106574120,false,גומי גם קרחון שרבט עם סוכריות 90 גר`נסט,נגה גלידות שותפות מוגבלת,IL,גומיגם קרחון שרבט עם סוכריות בפנים42*90ג,גרמים,90.00,100 גרם,false,1,7.00,7.7778,true,1,27749
7290106574793,false,עוגת הבית בטעם שוקו-שוקוצ'יפס 350 ג' אסם,קבוצת אוסם סחר שותפות מוגבלת,IL,הבית עוגת שוקו שוקוציפס 8*350גרם,גרמים,350.00,100 גרם,false,1,17.50,5.0000,true,1,26645
7290106574953,false,בייגלה שטוחים כעכים שטוחים עם שומשום,קבוצת אוסם סחר שותפות מוגבלת,IL,אסם בייגלה שטוחים שומשום 9*300גרם,גרמים,300.00,100 גרם,false,1,11.90,3.9667,true,1,26646
7290106574977,false,בייגלה שטוחים טבעות עם מלח אסם (300 גרם),קבוצת אוסם סחר שותפות מוגבלת,IL,אסם בייגלה שטוחים עם מלח 9*300גרם,גרמים,300.00,100 גרם,false,1,11.90,3.9667,true,1,26647
7290106575257,false,עוגת הבית סופלה בטעם שוקולד 340 ג' אסם,קבוצת אוסם סחר שותפות מוגבלת,IL,הבית עוגת סופלה בטעם שוקולד 8*340גרם,גרמים,340.00,100 גרם,false,1,17.50,5.1471,true,1,27230
7290106576223,false,אפרופו מצופה שוקולד 40 ג'!,קבוצת אוסם סחר שותפות מוגבלת,IL,אפרופו שוקולד 36*40גרם,גרמים,40.00,100 גרם,false,1,5.90,14.7500,true,1,34295
7290106576513,false,סלט רק חומוס צבר 400 גרם,קבוצת אוסם סחר שותפות מוגבלת,IL,צבר חומוס 12*400גרם,גרמים,400.00,100 גרם,false,1,11.90,2.9750,true,1,27830
7290106576537,false,חומוס מסעדה צבר (700 גרם),קבוצת אוסם סחר שותפות מוגבלת,IL,צבר חומוס מסעדה 6*700גרם,גרמים,700.00,100 גרם,false,1,13.90,1.9857,true,1,27568
7290106577282,false,טחינה אמיתית מרובע 400 ג' צבר,קבוצת אוסם סחר-שות.מוגבלת,IL,צבר טחינה מרובע 6*400גרם,גרמים,400.00,100 גרם,false,1,14.90,3.7250,true,1,27266
7290106577503,false,סלט חציל במיונז צבר 400 גרם,קבוצת אוסם סחר-שות.מוגבלת,IL,צבר חציל במיונז מרובע 6*400גרם,גרמים,400.00,100 גרם,false,1,14.90,3.7250,true,1,27265
7290106577527,false,סלט קולסלאו כרוב לבן וגזר 400 ג' צבר,קבוצת אוסם סחר-שות.מוגבלת,IL,צבר קולסלו מרובע 6*400גרם,גרמים,400.00,100 גרם,false,1,14.90,3.7250,true,1,32464
7290106577541,false,צבר כרוב אדום מרובע 400גרם,קבוצת אוסם סחר-שות.מוגבלת,IL,צבר כרוב אדום מרובע 6*400גרם,גרמים,400.00,100 גרם,false,1,14.90,3.7250,true,1,27269
7290106578692,false,ביסלי במבה מיקס מהדורת אליפות אסם 80 גרם,קבוצת אוסם סחר שותפות מוגבלת,IL,במבה ביסלי מיקס 36*80גרם,גרמים,80.00,100 גרם,false,1,4.90,6.1250,true,1,27736
7290106653504,false,סבבה בוטנים אמריקאים ברביקיו 50 גרם,שטראוס פריטו ליי בע`מ,IL,בוטנים אמריקאים סבבה בטעם ברביקיו 50 גרם,גרמים,50.00,100 גרם,false,1,2.90,5.8000,true,1,27308
7290106662025,false,תפוציפס טבעי מלח ופלפל 50 גרם,שטראוס פריטו ליי בע`מ,IL,תפו מלח פלפל 50 גר 48 יח - שמיטה,גרמים,50.00,100 גרם,false,1,5.50,11.0000,true,1,36040
7290106662964,false,גומי יין סוכריות גומי מסוכרות בטעמי פירות,הדקלאים אגודת שיתופי,IL,סוכ' נוסטלגיה גומי יין,גרמים,80.00,100 גרם,false,1,7.30,9.1250,true,1,30691
7290106663121,false,"עוגה אישית במילוי קרם חלב ""מילקי קייק"" שטראוס",בובארד איטליה אס.פי.איי,IT,עוגת מילקי CAKE אישית 34 גרם,גרמים,34.00,100 גרם,false,1,3.90,11.4706,true,1,31756
7290106663503,false,קונפיטורת תות לייט יד מרדכי (230 גרם),אף.סי תבליני בגליל ב,IL,קונפיטורת תות שדה לייט,גרמים,230.00,100 גרם,false,1,15.90,6.9130,true,1,28649
7290106664067,false,לאבנה עם שמן זית וזעתר 10% שטראוס 400 ג',שטראוס גרופ בעמ/מצונן,IL,גבינת לאבנה 10% שמן זית וזעתר 400 גרם,גרמים,400.00,100 גרם,false,1,18.50,4.6250,true,1,32290
7290106664562,false,רוטב שמנת עם פטריות 9% שומן 258 ג' יוטבתה,שטראוס גרופ בעמ/מצונן,IL,רוטב שמנת 9% עם פטריות 250 מל,מיליליטרים,250.00,"100 מ""ל",false,1,11.90,4.7600,true,1,30293
7290106667266,false,חטיף תירס חמוץ חריף דוריטוס (185 גרם),"שטראוס פריטו ליי בע""\מ )",IL,דוריטוס חמוץ חריף 185 גרם,גרמים,185.00,100 גרם,false,1,8.90,4.8108,true,1,33178
7290106668577,false,"מיץ לימון טבעי 250 מ""ל ""יד מרדכי""",האי נאם סי או אל.טי.,IT,"מיץ לימון טבעי 250 מ""ל",מיליליטרים,250.00,"100 מ""ל",false,1,9.90,3.9600,true,1,31187
7290106669857,false,קפסולות אספרסו בטעם וניל עלית 10 יחידות,הנסיך- מפעל לייצור ט,IL,קפסולות אספרסו וניל 50 גרם,גרמים,50.00,100 גרם,false,1,18.90,37.8000,true,1,35838
7290106720626,false,חטיף תירס בטעם גבינה צ`יטוס (80 גרם),"שטראוס פריטו ליי בע""\מ )",IL,ציטוס גבינה 80 גר 48 יח רבנות,גרמים,80.00,100 גרם,false,1,5.50,6.8750,true,1,36374
7290106721913,false,מסטיק מאסט MUST ללא סוכר בטעם מנטה מרעננת,שטראוס גרופ בע`מ,IL,"צנצנת מאסט מנטה מרעננת לל""ס 66 גרם",גרמים,66.00,100 גרם,false,1,11.50,17.4242,true,1,30693
7290106721920,false,צנצנת מסטיק מאסט בטעם ספירמינט עדין 66 ג' עלית,"שטראוס גרופ בע""\מ.",IL,"צנצנת ספירמינט לל""ס 66 גרם",גרמים,66.00,100 גרם,false,1,11.50,17.4242,true,1,30694
7290106723689,false,עלי תרד בייבי 200 גר`שטראוס טעם הטבע,ביכורי השדה הצפון בעמ` 1964,IL,עלי תרד בייבי שטראוס 200 גרם,גרמים,200.00,100 גרם,false,1,13.90,6.9500,true,1,28686
7290106724419,false,"עוגיות חיוכים וניל 150 גרם ""עלית""",אפיפית נצרת תעשיות ב,IL,חיוכים וניל 150 בדצ,גרמים,150.00,100 גרם,false,1,6.90,4.6000,true,1,30307
7290106725867,false,סירופ מייפל טהור ללס יד מרדכי 189 גר,"שטראוס גרופ בע""מ",CA,"סירופ מייפל טבעי 189 מ""ל",מיליליטרים,189.00,"100 מ""ל",false,1,37.90,20.0529,true,1,32278
7290106727984,false,"כיף כף פצפצים בגביע 135 גרם ""עלית""",שולן צ'\יקולטה גידה סאן.,TR,גביע פצפצים 135 ג' 2016,גרמים,135.00,100 גרם,false,1,13.90,10.2963,true,1,34378
7290106728127,false,חלב טבעי בקבוק 1ליטר 3.6%,"שטראוס גרופ ***בע""מ",IL,חלב טבעי 3.6% יטבתה 1 ליטר,ליטרים,1.00,ליטר,false,1,8.50,8.5000,true,1,32237
7290107280723,false,נוזל לניקוי כלים סנו ספארק Spark בניחוח לימון רענן,החברה הדרומית לשיווק בעמ,IL,סנו ספארק נוזל לניקוי כלים בניחוח לימון רענן,מיליליטרים,700.00,"100 מ""ל",false,1,10.90,1.5571,true,1,30951
7290107280761,false,נוזל לניקוי כלים בניחוח לימון רענן סנו ספארק Spark,החברה הדרומית לשיווק בעמ,IL,ספארק משאבה לימון 1ל,ליטרים,1.00,ליטר,false,1,12.90,12.9000,true,1,47469
7290107645584,false,אבקת מרק עוף אמיתי רכיבים טבעיים 400 גרם - רבנות,יוניליוור ישראל שיווק בע`מ,IL,קנור מרק עוף אמיתי 100% רכיבים טבעיים 400 גרם,גרמים,400.00,100 גרם,false,1,25.90,6.4750,true,1,40173
7290107646154,false,"חטיף קוקומן פצפוצים תלמה 126 גרם מארז 6 יחידות בד""צ","יוניליוור ישראל שיווק בע""מ",IL,"קוקומן חטיף פצפוצי דגנים בטעם שוקולד, 126 גרם",גרמים,126.00,100 גרם,false,1,15.90,12.6190,true,1,38545
7290107647632,false,קורנטו מעדן קפוא טעם וניל,"גלידת שטראוס בע""\מ, רח'\",IL,קורנטו כשלפ וניל,לא מנהל יחידת מידה,0.00,לא מנהל יחידת מידה,false,1,9.90,0.0000,true,1,41740
7290107647649,false,"סולרו פרוט בוסט יחידתי קוקוס אננס 89מ""ל","גלידת שטראוס בע""\מ",IL,שלגון סולרו קוקוס אננס 62 גרם,גרמים,62.00,100 גרם,false,1,7.90,12.7419,true,1,41478
7290107647854,false,"שוגי מופחת סוכר תלמה 500 ג' בד""צ",יוניליוור ישראל שיווק בע`מ,IL,דגני בוקר שוגי בדצ 500 גרם,גרמים,500.00,100 גרם,false,1,24.90,4.9800,true,1,37542
7290107649100,false,בייגלה טבעות שומשום 300 גרם.,"יוניליוור ישראל שיווק בע""מ",IL,בייגלה טבעות שומשום 300 גר,גרמים,300.00,100 גרם,false,1,13.90,4.6333,true,1,54549
7290107649681,false,טילון פסק זמן - נוגט קראנץ',"מיוצר ע""\י גלידת שטראוס",IL,קורנטו פסק זמן 64 גרם,גרמים,64.00,100 גרם,false,1,9.90,15.4688,true,1,42107
7290107649698,false,מגנום שוקולד לבן ועו,מיוצר עי גלידת שטראו,IL,מגנום לבן עוגיות 76 גרם,גרמים,76.00,100 גרם,false,1,11.90,15.6579,true,1,42106
7290107649780,false,שוקובו שוקולד 85 גרם,"מיוצר ע""\י גלידת שטראוס",IL,שוקובו שוקו 85 גרם,גרמים,85.00,100 גרם,false,1,10.90,12.8235,true,1,42110
7290107649858,false,טילון סופר מגנום וניל ושוקלד לבן,"מיוצר ע""\י גלידת שטראוס",IL,מגנום טילון שוקולד לבן 100 גרם,גרמים,100.00,100 גרם,false,1,12.90,12.9000,true,1,42463
7290107865166,false,סמארט 4500 שאיפות תפ,shenzhen shengsi,CN,סמארט 4500 שאיפות תפוח,יחידה,1.00,יחידה,false,1,149.90,149.9000,false,1,54721
7290107865173,false,סמארט 4500 שאיפות או,shenzhen shengsi,CN,סמארט 4500 שאיפות אוכמניות,יחידה,1.00,יחידה,false,1,149.90,149.9000,false,1,54726
7290107865197,false,סמארט 4500 שאיפות מל,shenzhen shengsi,CN,סמארט 4500 שאיפות מלון,יחידה,1.00,יחידה,false,1,149.90,149.9000,false,1,54718
7290107870047,false,טילון אקסטרים115-120 גרם ענק נסטלה 120 גרם,נגה גלידות שותפות מוגבלת,IL,אקסטרים טילון בראוניז מטבע ענק 18*115גרם,גרמים,133.00,100 גרם,false,1,9.90,7.4436,true,1,29749
7290107871297,false,אוסם - מיני פריכונים עשבי תיבול 25 גרם,קבוצת אוסם סחר שותפות מוגבלת,IL,אסם פריכונים מיני עשבי תיבול 16*23גרם,גרמים,25.00,100 גרם,false,1,4.90,19.6000,true,1,29810
7290107871723,false,"פיטנס פריכיות גדולות שוקולד חלב 100 גרם כשל""פ",קבוצת אוסם סחר-שות.מוגבלת,BE,פיטנס פריכיות גדולות שקלד.חלב כלפ12*100ג,גרמים,100.00,100 גרם,false,1,8.90,8.9000,true,1,37985
7290107871990,false,פסטה צינורות מהדרין אסם (500 גרם),קבוצת אוסם סחר שותפות מוגבלת,IT,אסם פסטה צינורות איטלקי 12*500גרם,גרמים,500.00,100 גרם,false,1,6.90,1.3800,true,1,28889
7290107873970,false,חטיף ביסלי ברביקיו 5,אסם,,"ביסלי ברביקיו כשל""פ 55 גרם",גרמים,55.00,100 גרם,false,1,4.90,8.9091,true,1,29878
7290107874106,false,חטיף ביסלי בצל 55 גר,אסם,,"ביסלי בצל כשל""פ 55 גרם",גרמים,55.00,100 גרם,false,1,4.90,8.9091,true,1,29880
7290107874441,false,פריכונים מיני בצל מקורמל אסם (25 גרם),קבוצת אוסם סחר שותפות מוגבלת,IL,אסם פריכונים מיני בצל מקורמל 16*23גרם,גרמים,25.00,100 גרם,false,1,4.90,19.6000,true,1,29811
7290107875820,false,קרוטונים אפויים בתיבול ביתי אוסם 180 ג',קבוצת אוסם סחר שותפות מוגבלת,IL,אסם קרוטונים אפויים בתיבול ביתי 12*180ג,גרמים,180.00,100 גרם,false,1,13.90,7.7222,true,1,30272
7290107879132,false,פריכיות פיטנס מיני פריכיות שוקולד חלב 22 ג',קבוצת אוסם סחר שותפות מוגבלת,IL,פיטנס מיני פריכיות שוקולד חלב 40*22גרם,גרמים,22.00,100 גרם,false,1,5.90,26.8182,true,1,35107
7290107879521,false,קרחון לה פרוטה שרבט תות מאגדת 5יח',נגה גלידות שותפות מוגבלת,IL,לה פרוטה מאגדת תות 8 5*70גרם,גרמים,350.00,100 גרם,false,1,27.90,7.9714,true,1,33135
7290107879620,false,קרחון שרבט מלון תפוח לה פרוטה נסטלה 70 גרם,גלידות נסטלה )נגה גלידות,IL,לה פרוטה תפוח מלון 36*70גרם,גרמים,70.00,100 גרם,false,1,6.90,9.8571,true,1,33101
7290107879644,false,קרחון שרבט בננה תמר פקאן לה פרוטה נסטלה 70 גרם,המאפיה של הרמן,IL,לה פרוטה בננה תמר פקאן 36*65גרם,גרמים,65.00,100 גרם,false,1,6.90,10.6154,true,1,33100
7290107879668,false,קרחון שרבט תות לה פרוטה נסטלה 70 גרם,נגה גלידות שותפות מוגבלת,IL,לה פרוטה תות 36*70גרם,גרמים,70.00,100 גרם,false,1,6.90,9.8571,true,1,33098
7290107879712,false,שלגון לה פרוטה פירות אדומים 70 גרם,גלידות נסטלה,IL,שרבט לה פרוטה פירות אדומים 70גרם,גרמים,70.00,100 גרם,false,1,6.90,9.8571,true,1,54022
7290107931397,false,כיף כף פצפוצים במילוי שוקולד 40 גרם,שולן צ'\יקולטה גידה סאן.,TR,כיף כף פצפצים,גרמים,40.00,100 גרם,false,1,5.20,13.0000,true,1,33404
7290107931465,false,אנרגי פריכיות תחתית שוקולד לבן 80 גרם,"שטראוס גרופ בע""\מ",IL,פריכיות אנרגי ת.ש. לבן 70ג ווסטהיים,גרמים,70.00,100 גרם,false,1,8.50,12.1429,true,1,32692
7290107932080,false,חלב 3% מועשר בבקבוק יטבתה (1 ליטר),שטראוס גרופ בעמ/מצונן,IL,חלב בקבוק 3% מועשר 1 ליטר,ליטרים,1.00,ליטר,false,1,8.50,8.5000,true,1,32235
7290107932134,false,חלב מועשר 1% בבקבוק יטבתה (1 ליטר),שטראוס גרופ בעמ/מצונן,IL,חלב בקבוק 1% מועשר 1 ליטר,ליטרים,1.00,ליטר,false,1,8.50,8.5000,true,1,32236
7290107933650,false,ארוחה קטנה בבקבוק תות250,מחלבת יטבתה,IL,משקה חלב עם דגנים ותות,מיליליטרים,250.00,"100 מ""ל",false,1,5.50,2.2000,true,1,33173
7290107936309,false,דנונה יוגורט 7% יווני לבן 130 ג',שטראוס גרופ בעמ/מצונן,IL,דנונה יוגורט יווני לבן,גרמים,130.00,100 גרם,false,1,3.90,3.0000,true,1,34715
7290107936958,false,עד חצות ביסקוויט אצבעות שוקולד 125 גרם,ביסקוויטס טור ד'\אלבון,FR,ביסקוויט עד חצות אצבעות 125 גרם,גרמים,125.00,100 גרם,false,1,14.90,11.9200,true,1,37572
7290107936965,false,עיגולים עד חצות עם שוקולד חלב 225 גר,ביסקווטרי עוגיות סנט,FR,עד חצות עיגולים,גרמים,225.00,100 גרם,false,1,14.90,6.6222,true,1,37567
7290107937634,false,צנצנית מסטיק מאסט קוביות פפירמינט 58 ג' עלית,"שטראוס גרופ בע""מ",DE,צנצנת קוביות מנטה 58 גרם,גרמים,58.00,100 גרם,false,1,11.50,19.8276,true,1,34691
7290107937641,false,צנצנת קוביות בזוקה גומי לעיסה 58גר,אסקום קונפקשיין,DE,צנצנת קוביות בזוקה 58 גרם,גרמים,58.00,100 גרם,false,1,11.50,19.8276,true,1,34646
7290107937856,false,קפסולות 11חזק למכונות נספרסו עלית 10יח',הנסיך- מפעל לייצור ט,IL,קפסולות 11 גואטמלה למכונות NESPRESSO,גרמים,50.00,100 גרם,false,1,18.90,37.8000,true,1,34674
7290107938396,false,שמיניית אקטימל תות דיסני בנים 108 גרם,שטראוס גרופ בעמ/מצונן,IL,אקטימל שמיניה תות,מיליליטרים,864.00,"100 מ""ל",false,1,22.70,2.6273,true,1,33706
7290107939027,false,גזר דק דק 250 גר שטראוס ירקות טעם הטבע,ביכורי השדה הצפון בעמ` 1964,IL,גזר דק דק 250 גרם שטופים שטראוס,גרמים,250.00,100 גרם,false,1,9.90,3.9600,true,1,35106
7290107940467,false,אקטיביה יוגורט קרמי 1.5% דנונה (200 גרם),שטראוס גרופ בעמ/מצונן,IL,אקטיביה 200 גרם 1.5%,גרמים,200.00,100 גרם,false,1,4.20,2.1000,true,1,33701
7290107942232,false,מעדן ספלנדיד שוק.חלב130ג,מיוצר עי קונדיטוריית,IL,ספלנדיד שוקולד חלב,גרמים,130.00,100 גרם,false,1,3.90,3.0000,true,1,34718
7290107942355,false,תפוצ'יפס מקלות בטעם טבעי 60 גרם,"שטראוס פריטו ליי בע""מ",IL,תפו מקלות טבעי 60 גר 56 יח,גרמים,60.00,100 גרם,false,1,5.50,9.1667,true,1,35158
7290107943369,false,קוואקר שיבולת שועל ללא גלוטן 511 גר'.,שטראוס פריטו ליי בע`מ,US,קוואקר שיבולת שועל ללא גלוטן 511 גרם,גרמים,511.00,100 גרם,false,1,21.90,4.2857,true,1,37370
7290107944243,false,אפיפיות בטעם שוקולד 200 גרם כשר לפסח,"שטראוס גרופ בע""\מ",IL,אפיפיות בטעם שוקולד 200 גרם,גרמים,200.00,100 גרם,false,1,9.90,4.9500,true,1,37449
7290107944472,false,סימפוניה גבינה במרקם שמנת 5% שום שמיר,שטראוס גרופ בעמ/מצונן,IL,סימפוניה שום שמיר 5%,גרמים,200.00,100 גרם,false,1,12.90,6.4500,true,1,35167
7290107945165,false,קונפיטורת משמש יד מרדכי 340 גרם,אף.סי תבליני בגליל ב,IL,קונפיטורה משמש 340 גרם יד מרדכי,גרמים,340.00,100 גרם,false,1,15.90,4.6765,true,1,35917
7290107950190,false,מעדן חלב דל קלוריות בטעם שוקולד מריר 0.5% שומן,שטראוס גרופ בעמ/מצונן,IL,מעדן שטראוס דיאט מריר,גרמים,130.00,100 גרם,false,1,3.90,3.0000,true,1,34712
7290107950206,false,מעדן דיאט שוקולד שטראוס 130 גרם,שטראוס גרופ בעמ/מצונן,IL,מעדן שטראוס דיאט שוקולד,גרמים,130.00,100 גרם,false,1,3.40,2.6154,true,1,34710
7290107951104,false,בפלות ופלים ארוכים בטעם שוקולד,"שטראוס גרופ בע""\מ",IL,בפלות שוקולד 200 גרם,גרמים,200.00,100 גרם,false,1,5.90,2.9500,true,1,35202
7290107951111,false,בפלות ופלים ארוכים בטעם לימון,שטראוס גרופ בע`מ,IL,בפלות לימון 200 גרם,גרמים,200.00,100 גרם,false,1,5.90,2.9500,true,1,35204
7290107951715,false,צנצנת מסטיק מאסט קוביות בטעם ענבים 58 ג' עלית,"שטראוס גרופ בע""מ",DE,צנצנת קוביות ענבים 58 גרם,גרמים,58.00,100 גרם,false,1,11.50,19.8276,true,1,35911
7290107956642,false,"תרסיס שמן זית 150 מ""ל יד מרדכי כשלפ",פארייפאבה אגרואינדוס,ES,"תרסיס שמן זית 150 מ""ל",מיליליטרים,150.00,"100 מ""ל",false,1,20.90,13.9333,true,1,37905
7290107956925,true,קפסולות קפה אספרסו 1,הנסיך- מפעל לייצור ט,IL,קפסולות 13 אוגנדה למכונות NESPRESSO,לא מנהל יחידת מידה,0.00,לא מנהל יחידת מידה,false,1,18.90,0.0000,true,1,40579
7290107956932,true,קפסולות אינדונזיה,הנסיך- מפעל לייצור ט,IL,קפסולות 12 אינדונזיה למכונות NESPRESSO,Unknown,0.00,Unknown,false,1,18.90,0.0000,true,1,40609
7290107957069,false,"מסטיק ע""למה ""בטעם אוכניות 66 גרם צנצנת ""עלית""","שטראוס גרופ בע""\מ",IL,"צנצנת עלמה בטעם אוכמניות לל""ס 66 גרם",גרמים,66.00,100 גרם,false,1,11.50,17.4242,true,1,37575
7290107957076,false,"מסטיק ""עלמה"" בטעם ספירמנט 66 גרם צנצנת ""עלית""","שטראוס גרופ בע""\מ",IL,מסטיק עלמה בצנצנת בטעם ספירמינט 66 גרם,גרמים,66.00,100 גרם,false,1,11.50,17.4242,true,1,37615
7290107957991,false,מילקי CAKE מיניס קרם חלב בציפוי שוקולד חלב שקית 16X9ג',בובארד איטליה אס.פי.איי,IT,מילקי מינייס,גרמים,144.00,100 גרם,false,1,14.90,10.3472,true,1,41902
7290107973014,false,"סבון ידיים משאבה פלמוליב חלב ודבש 300 מ""ל",הנסיך- מפעל לייצור ט,TR,"פלמוליב סבון ידיים חלב ודבש 300 מ""ל",מיליליטרים,300.00,"100 מ""ל",false,1,11.90,3.9667,true,1,37059
7290107973038,false,"סבון ידיים משאבה פלמוליב אקווריום 300 מ""ל",הנסיך- מפעל לייצור ט,IT,פלמוליב סבון ידיים אקווריום 300 מל,מיליליטרים,300.00,"100 מ""ל",false,1,11.90,3.9667,true,1,37058
7290107973311,false,קולגייט מברשת שיניים 360 פחם זהב זוג,הנסיך- מפעל לייצור ט,,קולגייט 360 מברשת שיניים גולד 2 יח',לא מנהל יחידת מידה,0.00,לא מנהל יחידת מידה,false,1,33.90,0.0000,true,1,33455
7290107974066,false,"עלי טורטיה קמח מלא 20ס""מ 8יח' מאסטר שף 320ג'",אלקאטי קורביישיסי גי,DE,עלי טורטיה קמח מלא 320 גרם,גרמים,320.00,100 גרם,false,1,11.90,3.7188,true,1,33666
7290107974073,false,מנה עלי טורטיה קמח לבן מ.שף 20 סמ 320 גר,אלקאטי קורביישיסי גי,DE,מאסטר שף עלי טורטיה קמח לבן 320 גר,גרמים,320.00,100 גרם,false,1,11.90,3.7188,true,1,33664
7290107974080,false,עלי טורטיה קמח לבן 744 גר`מנה מאסטר שף,אלקאטי קורביישיסי גי,DE,מאסטר שף עלי טורטייה קמח חיטה 756 גרם,גרמים,840.00,100 גרם,false,1,22.90,2.7262,true,1,33665
7290107974646,false,מרידול נשימה רעננה שטיפת פה 400 מל,הנסיך- מפעל לייצור ט,PL,מרידול מי פה נשימה רעננה 400 מל,מיליליטרים,400.00,"100 מ""ל",false,1,39.50,9.8750,true,1,34343
7290107978101,false,מש.שיניים קולגייט א.וויט אקסטרה פאוור 75,קולגייט-פלמוליב,PL,משחת שיניים אופטיק וויט אקסטרא פאוור,מיליליטרים,75.00,"100 מ""ל",false,1,29.90,39.8667,true,1,38735
7290107978637,true,משחת שיניים מרידול ח,קולגייט פלמוליב,PL,מרידול משחת שיניים למניעת בעיות חנייכים 75 מל,מיליליטרים,1.00,"100 מ""ל",false,1,19.90,1990.0000,true,1,41190
7290108072839,false,נייר אכיל הלו קיטי-ע,גילרוי,,נייר אכיל ממותג הלו קיטי,Unknown,0.00,Unknown,false,1,19.90,0.0000,true,1,31302
7290108073034,false,נייר אכיל ממותג מינ,גילרוי,,נייר אכיל ממותג מיניונים,Unknown,0.00,Unknown,false,1,19.90,0.0000,true,1,31294
7290108350210,false,סנו סושי 30 שקיות אשפה XL חזקות במיוחד,החברה הדרומית לשיווק בעמ,IL,סנו סושי 30 שקיות אשפה XL חזקות במיוחד,לא מנהל יחידת מידה,0.00,לא מנהל יחידת מידה,false,1,27.90,0.0000,true,1,32559
7290108350531,false,סנו ספארק נוזל כלים בניחוח קלאסי עם משאבה 1 ל',מיוצר עי קונדיטוריית,IL,ספארק משאבה קלאסי 1ל,ליטרים,1.00,ליטר,false,1,12.90,12.9000,true,1,32009
7290108350548,false,סנו ספארק נוזל כלים בניחוח לבנדר עם משאבה 1 ל',החברה הדרומית לשיווק בעמ,IL,סנו נוזל לניקוי כלים בניחוח לבנדר עדין 1 ליטר,ליטרים,1.00,ליטר,false,1,12.90,12.9000,true,1,32008
7290108350623,false,מרכך כביסה סופר מרוכז סופט סילק מקסימה 1 ל' סנו,החברה הדרומית לשיווק בעמ,IL,מרכך מרוכז סופט סילק 1ליטר,ליטרים,1.00,ליטר,false,1,18.90,18.9000,true,1,33785
7290108351552,false,"סנו - ג'ט לניקוי כללי בתוספת חומץ בניחוח לבנדר 750 מ""ל",החברה הדרומית לשיווק בעמ,IL,גט לניקוי כללי - בתוספת חומץ לניקוי והברקה בקלות,מיליליטרים,750.00,"100 מ""ל",false,1,16.90,2.2533,true,1,38233
7290108351804,false,מרכך כביסה סופר מרוכז Gentl Breeze סנו מקסימה 1 ליטר,החברה הדרומית לשיווק בעמ,IL,מרכך בבישום עוצמתי gentel breeze,ליטרים,1.00,ליטר,false,1,18.90,18.9000,true,1,47212
7290108351811,false,מרכך כביסה סופר מרוכז Floral touch סנו מקסימה 1 ליטר,החברה הדרומית לשיווק בעמ,IL,מרכך כביסה בבישום עוצמתי floral touch,ליטרים,1.00,ליטר,false,1,18.90,18.9000,true,1,47211
7290108352061,false,משחת שיניים Go White אורביט 145 גרם עם פחם,טרופיקל דגיל תעשיות קוסמ,IL,אורביטול משחת שיניים פחם פעיל 145 גרם,גרמים,145.00,100 גרם,false,1,16.90,11.6552,true,1,55294
7290108352078,false,"אורביטול שטיפת פה 500 מ""ל Protective Salt",החברה הדרומית לשיווק בעמ,IL,"אורביטול שטיפת פה בתוספת מלח 500 מ""ל",מיליליטרים,500.00,"100 מ""ל",false,1,29.90,5.9800,true,1,50299
7290108352153,false,"סנובון נוזלי בניחוח לוטוס וסחלב סנו 750 מ""ל",החברה הדרומית לשיווק בעמ,IL,99.9% סנו בון נוזל לניקוי אסלות 750 מל,מיליליטרים,750.00,"100 מ""ל",false,1,14.90,1.9867,true,1,49807
7290108352276,false,מגבונים לניקוי וחיטוי יסודי לרצפה 10 יח 99.9%,החברה הדרומית לשיווק בעמ,IL,99.9% מטליות לחיטוי ולניקוי רצפות 10 יח,לא מנהל יחידת מידה,0.00,לא מנהל יחידת מידה,false,1,17.90,0.0000,true,1,49347
7290108352283,false,נוזל לחיטוי וניקוי רצפות- סדרת 99.9% סנו 2 ליטר,החברה הדרומית לשיווק בעמ,IL,99.9% נוזל לחיטוי וניקוי רצפות 2 ליטר,ליטרים,2.00,ליטר,false,1,26.90,13.4500,true,1,49348
7290108352351,false,"סנו תרסיס לחיטוי משטחים 99.9% - 400 מ""ל",החברה הדרומית לשיווק בעמ,IL,99.9% תרסיס לחיטוי 400 מל,מיליליטרים,400.00,"100 מ""ל",false,1,23.90,5.9750,true,1,49806
7290108352450,false,ריצפז פרש הום בניחוח מרכך כביסה בלו בלוסום,החברה הדרומית לשיווק בעמ,IL,רצפז פרש הום 2ל מרכך כביסה,ליטרים,2.00,ליטר,false,1,22.90,11.4500,true,1,51241
7290108352481,false,מטהר אויר סנומוד נרסיסוס נטול גז 150,החברה הדרומית לשיווק בעמ,IL,"מוד נרסיסוס בושם לבית 150 מ""ל",מיליליטרים,150.00,"100 מ""ל",false,1,11.90,7.9333,true,1,53282
7290108352801,false,"שקיות אשפה לפחים קטנים 45 * 56 ס""מ סנו סושי 100 יחידות",החברה הדרומית לשיווק בעמ,IL,שקיות אשפה לפחים קטנים,לא מנהל יחידת מידה,0.00,לא מנהל יחידת מידה,false,1,22.90,0.0000,true,1,39792
7290108352825,false,ספוג הפלא נירוסטה סנו סושי 3יח',החברה הדרומית לשיווק בעמ,CN,ספוג הפלא נירוסטה,גרמים,44.00,100 גרם,false,1,11.90,27.0455,true,1,40786
7290108352863,false,סנו סושי שקיות צלייה 20יח' מידה L,החברה הדרומית לשיווק בעמ,TR,"סנו סושי- שקיות צלייה, 20 יחידות",יחידה,0.00,יחידה,false,1,9.90,0.0000,true,1,41243
7290108353013,false,תבניות אינגלישקייק מנייר סנו סושי 5 יח',החברה הדרומית לשיווק בעמ,CN,סנו סושי תבניות אפיה מנייר 5 יח - אינגל,יחידה,1.00,יחידה,false,1,14.90,14.9000,true,1,47393
7290108353020,false,4 תבניות אפייה מנייר מלבנית גדולה סנו סו,החברה הדרומית לשיווק בעמ,CN,סנו סושי- תבניות אפייה מנייר,יחידה,1.00,יחידה,false,1,14.90,14.9000,true,1,47394
7290108353044,false,תב.אפייה מנייר סנו סושי מאפינס גדול 24 י,החברה הדרומית לשיווק בעמ,CN,תבניות אפייה מנייר L,יחידה,1.00,יחידה,false,1,12.90,12.9000,true,1,47396
7290108353075,true,מפיות אירוח איכותיות,האנק טישו,PL,מפיות אירוח איכותיות 40*40,יחידה,1.00,יחידה,false,1,12.90,12.9000,true,1,42386
7290108353082,false,ממחטות אף בקופסה 2 שכבות סנו סופט 120 דף,החברה הדרומית לשיווק בעמ,IL,סנו סופט 120 ממחטות אף דו שכבתיות,יחידה,1.00,יחידה,false,1,10.90,10.9000,true,1,47361
7290108353402,false,צמד מברשות שיניים עם סיבי פחם דקים במיוחד,יבואן ומשווק: ש. שסט,CN,מברשת שיניים אורביטול צארקול זוג,יחידה,1.00,יחידה,false,1,23.90,23.9000,true,1,48625
7290108353440,false,אורביטול מברשות שיניים נאנו לחניכיים 2יח,החברה הדרומית לשיווק בעמ,CN,"מברשת שיניים אורביטול 12,000 סיבים זוג",יחידה,1.00,יחידה,false,1,31.90,31.9000,true,1,53283
7290108353518,false,"תבניות אלומיניום עם ידיות אחיזה 34*29 ס""מ",החברה הדרומית לשיווק בעמ,CN,סנו סושי תבניות אלומיניום XL עם ידית - 2,יחידה,1.00,יחידה,false,1,11.90,11.9000,true,1,49631
7290108353525,false,סנו סושי - תבניות אלומיניום עם ידיות אחיזה,החברה הדרומית לשיווק בעמ,CN,סנו סושי תבניות אלומיניום L עם ידית - 4,יחידה,1.00,יחידה,false,1,11.90,11.9000,true,1,49634
7290108353556,false,נייר טואלט סופט שלוש שכבות 32 גלילים סנו,החברה הדרומית לשיווק בעמ,IL,נייר טואלט סנו סופט 3שכבות 32גלילים,יחידה,1.00,יחידה,false,1,39.90,39.9000,true,1,49928
7290108353655,false,"סנו סושי - 50 מפיות אירוח איכותיות גדולות ועבות 3 שכבות לבנות """,החברה הדרומית לשיווק בעמ,PL,מפיות גדולות לבנות 3שכבות סנו סושי 50,לא מנהל יחידת מידה,0.00,לא מנהל יחידת מידה,false,1,12.90,0.0000,true,1,49350
7290108353778,false,"נקה 7 - תחליב רחצה שוודיה בניחוח פיטנגו 750 מ""ל",החברה הדרומית לשיווק בעמ,IL,נקה 7 תחליב רחצה שוודיה בניחוח פיטנגו 750 מל,מיליליטרים,750.00,"100 מ""ל",false,1,13.90,1.8533,true,1,50487
7290108353792,false,"נקה 7 - תחליב רחצה יפן בניחוח פריחת הדובדבן 750 מ""ל",החברה הדרומית לשיווק בעמ,IL,נקה 7 תחליב רחצה יפן בניחוח פריחת הדובדבן 750 מל,מיליליטרים,750.00,"100 מ""ל",false,1,13.90,1.8533,true,1,50486
7290108353808,false,"תחליב רחצה מדגסקר נקה 7 בניחוח אמבר 750 מ""ל",החברה הדרומית לשיווק בעמ,IL,נקה 7 תחליב רחצה מדגסקר בניחוח אמבר 750 מל,מיליליטרים,750.00,"100 מ""ל",false,1,13.90,1.8533,true,1,50488
7290108354065,false,קרמה מן גל רחצה פילינג 700 מל לגבר,החברה הדרומית לשיווק בעמ,IL,קרמה מן גל רחצה פילינג 700 מל,מיליליטרים,700.00,"100 מ""ל",false,1,17.90,2.5571,true,1,54169
7290108354225,false,"סנו מדיק היגניק ג'ל לניקוי ידיים 100 מ""ל",החברה הדרומית לשיווק בעמ,CN,"סנו מדיק אלוורה 100 מ""ל",מיליליטרים,100.00,"100 מ""ל",false,1,12.90,12.9000,true,1,50759
7290108356113,false,תחליב רחצה כיף ניחוח דבש 700 מל,החברה הדרומית לשיווק בעמ,IL,"כיף תחליב רחצה חלב ודבש, 700 מל",מיליליטרים,700.00,"100 מ""ל",false,1,14.90,2.1286,true,1,41309
7290108356809,false,סבון בוטני ורד ומרווה לניקוי וטיפוח הידיים טבעוני 1 ל' כיף,החברה הדרומית לשיווק בעמ,IL,כיף סבון בוטני ורד ומרווה ידיים 1 ליטר,ליטרים,1.00,ליטר,false,1,15.90,15.9000,true,1,55295
7290108356816,false,"סבון בוטני גרניום ופטצ'ולי לניקוי וטיפוח הידיים, טבעוני 1 ל' כיף",החברה הדרומית לשיווק בעמ,IL,כיף סבון בוטני גרניום 1 ליטר,ליטרים,1.00,ליטר,false,1,15.90,15.9000,true,1,55296
7290108357004,false,כיף שמפו ורד ושמן קוקוי לרכות וברק,החברה הדרומית לשיווק בעמ,IL,"כיף שמפו ורד ושמן קוקוי לרכות וברק 700 מ""ל",מיליליטרים,700.00,"100 מ""ל",false,1,14.90,2.1286,true,1,48389
7290108357011,false,כיף קונדישינר לשיער שמן קוקוי 700 מל,החברה הדרומית לשיווק בעמ,IL,"כיף מרכך ורד ושמן קוקוי לרכות וברק 700 מ""ל",מיליליטרים,700.00,"100 מ""ל",false,1,14.90,2.1286,true,1,48390
7290108357028,false,"תחליב רחצה כיף ורד ושמן קוקוי 700 מ""ל",החברה הדרומית לשיווק בעמ,IL,"תחליב רחצה כיף ורד ושמן קוקוי 700 מ""ל",מיליליטרים,700.00,"100 מ""ל",false,1,14.90,2.1286,true,1,48391
7290108357202,false,סנוקליר לניקוי בניחוח בלו בלוסום 1 ליטר,החברה הדרומית לשיווק בעמ,IL,סנוקליר בניחוח בלו 1 ליטר,ליטרים,1.00,ליטר,false,1,15.90,15.9000,true,1,51991
7290108357301,false,"סנו - K300 קוטל חרקים תיקנים ונמלים 300 מ""ל",החברה הדרומית לשיווק בעמ,IL,סנו K300 קוטל חרקים 300 מל,מיליליטרים,300.00,"100 מ""ל",false,1,14.90,4.9667,true,1,54170
7290108357707,false,"כיף שמפו לשיער רגיל- תפוח זרעי צ'יה 700 מ""ל",החברה הדרומית לשיווק בעמ,IL,כיף שמפו לשיער רגיל תפוח זרעי ציה 700 מ,מיליליטרים,700.00,"100 מ""ל",false,1,14.90,2.1286,true,1,41592
7290108357714,false,"כיף שמפו לשיער יבש -רימונים ושמן ארגן 700 מ""ל",החברה הדרומית לשיווק בעמ,IL,כיף שמפו לשיער יבש רימונים ושמן ארג700 מ,מיליליטרים,700.00,"100 מ""ל",false,1,14.90,2.1286,true,1,41594
7290108357745,false,"כיף שמפו ומרכך 700 מ""ל 2ב-1 תאנה ומנטה",החברה הדרומית לשיווק בעמ,IL,כיף שמפו ומרכך 2+1 תאנה ומנטה700 מ,מיליליטרים,700.00,"100 מ""ל",false,1,14.90,2.1286,true,1,41597
7290108357769,false,"מרכך לשיער רגיל תפוח וזרעי צ'יה 700 מ""ל כיף",החברה הדרומית לשיווק בעמ,IL,כיף מרכך לשיער רגיל תפוח זרעי ציה 700 מ,מיליליטרים,700.00,"100 מ""ל",false,1,14.90,2.1286,true,1,41593
7290108357776,false,"כיף מרכך לשיער יבש -רימונים ושמן ארגן 700 מ""ל",החברה הדרומית לשיווק בעמ,IL,כיף מרכך לשיער יבש רימונים ושמן ארג700 מ,מיליליטרים,700.00,"100 מ""ל",false,1,14.90,2.1286,true,1,41595
7290108501360,true,גבינת צדר בשלה 200 ג,הנסיך- מפעל לייצור ט,GB,גבינת צדר בשלה 200 גרם MATURED ORANGE,גרמים,200.00,100 גרם,false,1,24.90,12.4500,true,1,48195
7290108501407,false,גבינת צ'דר מיושנת ויליפוד 200 גרם,ג.וילי-פוד אינטרנשיונל **גבינו,GB,גבינת צ'דר מיושנת 200 גרם VINTAGE,גרמים,200.00,100 גרם,false,1,24.90,12.4500,true,1,48207
7290108502305,false,גבינת גרדה פדנו משולש 150 גר` וילי פוד,ג.וילי-פוד אינטרנשיונל **גבינו,IT,גבינת גרנה פדנו משולש 150 גרם,גרמים,200.00,100 גרם,false,1,24.90,12.4500,true,1,48205
7290108502329,true,נתחי טונה בשמן זית 6,ארזינא,TH,נתחי טונה בשמן זית 640 גרם ויליפוד 1/4,גרמים,640.00,100 גרם,false,1,31.90,4.9844,true,1,48332
7290108502541,false,גבינת שמנת טעם טבעי ויליפוד 200 גרם,ג.וילי-פוד אינטרנשיונל **גבינו,TR,גבינת שמנת טבעי 200 גרם EURO,גרמים,200.00,100 גרם,false,1,14.90,7.4500,true,1,41049
7290108502763,true,גבינת קממבר יורו 200,סאסו פטוראגס קומטויס,FR,גבינת קממבר יורו 200גרם,גרמים,200.00,100 גרם,false,1,23.90,11.9500,true,1,40361
7290108503043,false,תפוחונים חטיף פלחים מיובשים מארז 22X4ג',ג. וילי-פוד אינטרנשיונל בע`מ,CN,תפוחונים מיובשים מארז 3+1 88 גרם,גרמים,88.00,100 גרם,false,1,15.90,18.0682,true,1,41698
7290108503159,false,גבינה כחולה עם עובש 31% ויליפוד 100 גרם,ג.וילי-פוד אינטרנשיונל **גבינו,ES,גבינה כחולה עם עובש 100 גרם EURO,גרמים,100.00,100 גרם,false,1,16.90,16.9000,true,1,41054
7290108503975,false,פסטה איטליאנה קנלוני ויליפוד 250 גרם,ג. וילי-פוד אינטרנשיונל בע`מ,IT,קנלוני 250 גרם PASTA ITALIANA,גרמים,250.00,100 גרם,false,1,13.90,5.5600,true,1,41991
7290108503982,false,פרוסות גבינה בטעם צ'דר לכריכים וטוסטים ויליפוד 150 גרם,ג. וילי-פוד אינטרנשיונל בע`מ,ES,פרוסות גבינה בטעם צדר לכריכים וטוסטים יו,גרמים,150.00,100 גרם,false,1,12.90,8.6000,true,1,53090
7290108504279,false,קשקבל \איבריקו\ מנצ'גו צ'אנק 150 גרם,ג. וילי-פוד אינטרנשיונל בע`מ,ES,קשקבל צאנק 150גרם,גרמים,150.00,100 גרם,false,1,19.90,13.2667,true,1,49976
7290108505191,false,יוגורט עם פצפוצי שוקולד 5% שומן ויליפוד 150 גרם,ג.וילי-פוד אינטרנשיונל **גבינו,GR,דלתא יוגורט עם פצפוצי שוקולד 5% 150גר,גרמים,150.00,100 גרם,false,1,4.90,3.2667,true,1,50368
7290108505207,false,יוגורט עם אוכמניות 0% שומן ויליפוד 150 גרם,ג.וילי-פוד אינטרנשיונל **גבינו,GR,דלתא יוגורט עם אוכמניות 0% 150גרם,גרמים,150.00,100 גרם,false,1,4.90,3.2667,true,1,50369
7290108506709,false,גבינת פרמג`אנו ר`גיאנו 150 גר וילי פוד,ג.וילי-פוד אינטרנשיונל **גבינו,IT,גבינת פרמגאנו רגיאנו 150 גרם,גרמים,150.00,100 גרם,false,1,32.90,21.9333,true,1,49718
7290108506921,false,מאפה תורכי קפוא עם ג,גידה,TR,מאפה תורכי עם גבינת לאבנה וזעתר,גרמים,300.00,100 גרם,false,1,16.90,5.6333,true,1,50911
7290108506969,false,מאפה בורקס מים תורכי גבינה ויליפוד 300 גרם,ג.וילי-פוד אינטרנשיונל **גבינו,TR,מאפה בורקס מים תורכי- גבינה ויליפוד 300,גרמים,300.00,100 גרם,false,1,16.90,5.6333,true,1,50419
7290108507010,false,מאפה בורקס מים תורכי תרד וגבינה ויליפוד 300 גרם,ג.וילי-פוד אינטרנשיונל **גבינו,TR,מאפה בורקס מים תורכי תרד וגבינה ויליפוד,גרמים,300.00,100 גרם,false,1,16.90,5.6333,true,1,50418
7290108507065,false,גבינת פרמג'אנו רגיאנו מגורדת ויליפוד 100 גרם,ג.וילי-פוד אינטרנשיונל **גבינו,IT,גבינת פרמגיאנו רגיאנו מגורדת 100 גרם,גרמים,100.00,100 גרם,false,1,15.90,15.9000,true,1,51734
7290108509113,false,"גבינה בולגרית מעודנת 18% שומן 250 גרם חת""ס פ""ת",ג.וילי-פוד אינטרנשיונל **גבינו,TR,גבינה בולגרית מעודנת יורו 18% 250 גרם,גרמים,250.00,100 גרם,false,1,12.90,5.1600,true,1,54259
7290108509700,false,אורז פרסי 1 קג`DAAWAT וילי פוד,ג. וילי-פוד אינטרנשיונל בע`מ,IN,"אורז פרסי 1 ק""ג DAAWAT",קילוגרמים,1.00,"ק""ג",false,1,11.90,11.9000,true,1,55359
7290108896619,false,פינצטה מקצועית זהב,,,פינצטה מקצועית זהב,יחידה,0.00,יחידה,false,1,14.90,0.0000,true,1,40459
7290108896763,false,מברשת שיער אובלי,IMPOFIX,,מברשת שיער אובלי,יחידה,1.00,יחידה,false,1,16.90,16.9000,true,1,37463
7290109351025,false,מלך החומוס חומוסטחינה 40% טחינה גולמית,קבוצת אוסם סחר שותפות מוגבלת,IL,צבר חומוסטחינה 6*400גרם,גרמים,400.00,100 גרם,false,1,14.90,3.7250,true,1,32503
7290109351209,false,קרחון שרבט אננס תפוז לה פרוטה נסטלה 70 גרם,נגה גלידות שותפות מוגבלת,IL,קרחון שרבט לה פרוטה אננס תפוז 70 גרם,גרמים,70.00,100 גרם,false,1,6.90,9.8571,true,1,33103
7290109351957,false,פריכיות פיטנס מיני גדולות שוקולד חלב 100ג',קבוצת אוסם סחר שותפות מוגבלת,BE,פיטנס פריכיות גדולות שקלד.חלב 12*100גרם,גרמים,100.00,100 גרם,false,1,8.90,8.9000,true,1,35108
7290109351971,false,פריכיות דגנים פיטנס מצופות שוקולד חלב,קבוצת אוסם סחר שותפות מוגבלת,IL,פיטנס בר פריכיות שוקולד חלב 12*84גרם,גרמים,84.00,100 גרם,false,1,15.90,18.9286,true,1,33936
7290109354972,false,אוסם - פתי בר וניל חלבי ללא גלוטן 200 גרם,קבוצת אוסם סחר שותפות מוגבלת,IL,אסם פתי בר ללא גלוטן קלאסי 12*200גרם,גרמים,200.00,100 גרם,false,1,11.90,5.9500,true,1,34701
7290109354996,false,פתי בר ללא גלוטן שוקו 200 גרם אסם,קבוצת אוסם סחר שותפות מוגבלת,IL,אסם פתי בר ללא גלוטן שוקו 12*200גרם,גרמים,200.00,100 גרם,false,1,11.90,5.9500,true,1,34690
7290109355504,false,שלגון קראנץ וניל ליבת נוגט נסטלה 100 גרם,נגה גלידות שותפות מוגבלת,IL,נסטלה קראנץ ונל.ליבת נגט.שקלד.לבן28*100ג,גרמים,100.00,100 גרם,false,1,10.50,10.5000,true,1,35260
7290109358284,false,"שניצל תירס עם חלבון 664 גר' ""טבעול""",קבוצת אוסם סחר שותפות מוגבלת,IL,טבעול שניצל תירס עם חלבון 6*664גרם,גרמים,664.00,100 גרם,false,1,31.90,4.8042,true,1,36936
7290109358482,false,עוגיות קרמוגית במילוי קרם בטעם חלבה,קבוצת אוסם סחר שותפות מוגבלת,IL,אסם קרמוגית במילוי חלבה 12*200גרם,גרמים,200.00,100 גרם,false,1,14.50,7.2500,true,1,41460
7290109358765,false,דגני בוקר קראנץ' רולס נוגט 450 גרם,קבוצת אוסם סחר-שות.מוגבלת,IL,דגני קראנץ רולס 450 גרם,גרמים,450.00,100 גרם,false,1,27.90,6.2000,true,1,36404
7290109580098,false,קבנוס בטעם סרירצ'ה זוגלובק 135 גרם,נקניק זוגלובק נהריה,IL,קבנוס בטעם סרירצה 135 גרם,גרמים,135.00,100 גרם,false,1,13.90,10.2963,true,1,54044
7290109580104,false,זוגלובק פרימיום רוסטביף 150 גרם,נקניק זוגלובק נהריה,IL,רוסטביף זוגלובק פרימיום 150 גרם,גרמים,150.00,100 גרם,false,1,26.90,17.9333,true,1,51846
7290109580111,false,צלעות אסאדו מעושנות פרימיום זוגלובק 120 גרם,נקניק זוגלובק נהריה,IL,צלעות אסאדו מעושנות פרימיום 120 גרם,גרמים,120.00,100 גרם,false,1,24.90,20.7500,true,1,54043
7290109580128,false,קונפי הודו ואווז פרי,זוגלובק,IL,קונפי הודו ואווז זוגלובק פרימיום 100 ג,גרמים,100.00,100 גרם,false,1,26.90,26.9000,true,1,51847
7290109580135,false,זוגלובק פרימיום קורנדביף 180 גרם,נקניק זוגלובק נהריה,IL,קורנדביף זוגלובק פרימיום 180 גרם,גרמים,180.00,100 גרם,false,1,26.90,14.9444,true,1,51848
7290109580166,false,סרוולד קלאסי פרימיום 150 גרם זוגלובק,נקניק זוגלובק נהריה,IL,סרוולד קלאסי זוגלובק פרימיום 150 גרם,גרמים,150.00,100 גרם,false,1,26.90,17.9333,true,1,51849
7290109580210,false,נקנקיות ריינהולד'ס הצרפתיה זוגלובק 300 ג',נקניק זוגלובק נהריה,IL,נקניקיות ריינהולדס הצרפתיה 300 גרם,גרמים,300.00,100 גרם,false,1,19.90,6.6333,true,1,53105
7290109580227,false,נקניקיות עוף ובקר בסגנון ברלינאי קאריוורסט,נקניק זוגלובק נהריה,IL,נקניקיות ריינהולדס קאריוורסט 300 גרם,גרמים,300.00,100 גרם,false,1,19.90,6.6333,true,1,53106
7290109580234,false,"נקניקיות מרגז חריפות וונדרס 0% בשר, טבעוני",זוגלובק שיווק בעמ ו/או וונדרס,IL,נקניקיות מרגז וונדרס 226 גרם,גרמים,226.00,100 גרם,false,1,36.90,16.3274,true,1,53626
7290109580319,false,"בורגר וונדרס 0% בשר , טבעוני",זוגלובק שיווק בעמ ו/או וונדרס,IL,בורגר וונדרס 280 גרם,גרמים,280.00,100 גרם,false,1,36.90,13.1786,true,1,53627
7290109580432,false,פסטרמה חזה הודו מעושן דק דק זוגלובק 120 גרם,נקניק זוגלובק נהריה,IL,פסטרמה חזה הודו מעושן 120 גר דק דק,גרמים,120.00,100 גרם,false,1,14.90,12.4167,true,1,54576
7290109580449,false,סלמי בטעם כמהין פרימיום זוגלובק 180 גרם,נקניק זוגלובק נהריה,IL,סלמי בטעם כמהין פרימיום 180 גרם,גרמים,180.00,100 גרם,false,1,26.90,14.9444,true,1,54577
7290109640020,false,גוש טבעוני בטעם מוצרלה 18% שומן 300 גרם - משומשו,וי גרדן,,משו משו גוש טבעוני בטעם מוצרלה 300 גרם,גרמים,300.00,100 גרם,false,1,20.90,6.9667,true,1,36018
7290109640198,true,מגורדת לפיצה ולאפיה,"טרופיקל דגיל בע""מ אז",IL,מגורדת לפיצה ואפייה 200 גרם,Unknown,0.00,Unknown,false,1,20.90,0.0000,true,1,40392
7290109640372,true,ממרח טבעוני 9% זיתים,"טרופיקל דגיל בע""מ אז",IL,ממרח טבעוני 9% זיתים משו משו 200גרם,גרמים,200.00,100 גרם,false,1,17.90,8.9500,true,1,41230
7290109640396,true,ממרח טבעוני 9% בשום,"טרופיקל דגיל בע""מ אז",IL,ממרח טבעוני 9% בשום שמיר משו משו 200גרם,גרמים,200.00,100 גרם,false,1,17.90,8.9500,true,1,41232
7290109640402,true,ממרח טבעוני 9% טבעי,משו משו,IL,ממרח טבעוני 9% טבעי משו משו 200גרם,גרמים,200.00,100 גרם,false,1,17.90,8.9500,true,1,41233
7290109640464,false,משומשו פתיתים טבעוניים סגנון פרמז'ן 200 גר,קפוא זן תעשיות מזון בעמ,IL,פתיתים טבעוניים בסגנון פרמזן משו משו 15,גרמים,150.00,100 גרם,false,1,20.90,13.9333,true,1,48551
7290109842745,false,"בירה מולר 500 מ""ל",מבשלות בירה,CN,"בירה מולר 500 מ""ל",מיליליטרים,500.00,"100 מ""ל",false,1,6.90,1.3800,true,1,49785
7290109920146,false,"דורגול מסיר אבנית מקומקומים 750 מ""ל",יעקב יעקבי ובניו בע`מ,,יעקבי דורגול מסיר אבן ללא הרתחה 750 מל,מיליליטרים,750.00,"100 מ""ל",false,1,22.90,3.0533,true,1,36209
7290109920849,true,אסטוניש מרסס רב תכלי,פרח,,אסטוניש מרסס רב תכלי,Unknown,0.00,Unknown,false,1,16.90,0.0000,true,1,51300
7290109921853,false,אסטוניש המשחה המקורית לניקוי עם עוצמה,"יעקב יעקבי ובניו בע""מ",GB,יעקבי אסטוניש משחה לניקוי עם עוצמה 150 גרם,גרמים,150.00,100 גרם,false,1,22.90,15.2667,true,1,51315
7290110110352,false,בירה קרלסברג 0% אלכוהול בודד,החברה המרכזית להפצת משקאות בעמ,RO,"קרלסברג 0.0 בק 330 מ""ל ייבוא",מיליליטרים,330.00,"100 מ""ל",false,1,6.90,2.0909,true,1,48898
7290110110369,false,"שישייה בירה קרלסברג LUMA בקבוק 330 מ""ל",החברה המרכזית להפצת משקאות בעמ,IL,"קרלסברג LUMA שישייה 330 מ""ל",ליטרים,1.98,ליטר,false,6,49.90,25.2020,true,1,49990
7290110110574,false,פחית קוקה קולה סליק זירו לימון 330 מל,החברה המרכזית להפצת משקאות בעמ,IL,"סליק קולה ZERO לימון 330 מ""ל מבצע",מיליליטרים,330.00,"100 מ""ל",false,1,5.90,1.7879,true,1,39479
7290110110635,false,ספרייט 0.5 ליים חייב פקדון,החברה המרכזית להפצת משקאות בעמ,IL,"ספרייט בקבוק 500 מ""ל",מיליליטרים,500.00,"100 מ""ל",false,1,7.90,1.5800,true,1,38496
7290110110659,false,"ספרייט לימון ליים פחית 330מ""ל",החברה המרכזית להפצת משקאות בעמ,IL,"סליק ספרייט LIME 330 מ""ל מבצע",מיליליטרים,330.00,"100 מ""ל",false,1,5.90,1.7879,true,1,38495
7290110110765,false,פיוז טי גרין בטעם לימון נענע 500 מל,מבשלות בירה בינלאומי,IL,פיוזטי גרין לימון נענע 0.5 ליטר,מיליליטרים,500.00,"100 מ""ל",false,1,8.50,1.7000,true,1,39484
7290110111557,false,"משקה ספורט איזוטוני בטעם פירות 500 מ""ל פאוורייד",החברה המרכזית להפצת משקאות בעמ,IT,פאוורייד ספורט500מל בטעם פירות,מיליליטרים,500.00,"100 מ""ל",false,1,12.90,2.5800,true,1,41095
7290110111564,false,"משקה ספורט איזוטוני בטעם הדרים ליין 500 מ""ל פאוורייד",החברה המרכזית להפצת משקאות בעמ,IT,פאוורייד ספורט 500מל איזוטוני בטעם הדרים,מיליליטרים,500.00,"100 מ""ל",false,1,12.90,2.5800,true,1,41096
7290110113421,false,"בירה מעוננת קרלסברג luma 330 מ""ל",החברה המרכזית להפצת משקאות בעמ,IL,קרלסברג LUMA בק 330 בודד,מיליליטרים,330.00,"100 מ""ל",false,1,11.90,3.6061,true,1,49991
7290110113476,false,בירה קרלסברג ללא אלכוהול - שישייה,החברה המרכזית להפצת משקאות בעמ,RO,"6 קרלסברג 0.0 בק 330 מ""ל ייבוא",ליטרים,1.98,ליטר,false,1,35.90,18.1313,true,1,49005
7290110113490,false,"פיוז טי אפרסק 19 קלוריות 500 מ""ל",החברה המרכזית להפצת משקאות בעמ,IL,Fuze tea אפרסק 19 קלוריות 0.5 ליטר,מיליליטרים,500.00,"100 מ""ל",false,1,8.50,1.7000,true,1,49988
7290110113605,false,בירה שקמה אי פי איי,מבשלות בירה בינלאומי,IL,"בירה שקמה בק איי 330 מ""ל",מיליליטרים,330.00,"100 מ""ל",false,1,14.90,4.5152,true,1,54511
7290110113629,false,"בירה שקמה אייל ענברי בק 330 מ""ל",מבשלות בירה בינלאומי,IL,"בירה שקמה אייל ענברי בק 330 מ""ל",מיליליטרים,330.00,"100 מ""ל",false,1,14.90,4.5152,true,1,54512
7290110113636,false,"בירה שקמה מרצן לאגר בק 330 מ""ל",מבשלות בירה בינלאומי,IL,"בירה שקמה מרצן לאגר בק 330 מ""ל",מיליליטרים,330.00,"100 מ""ל",false,1,14.90,4.5152,true,1,54513
7290110113902,false,בירה טובורג פחית סלי,מבשלות בירה בינלאומי,IL,"טובורג רד פחית 330 מ""ל",מיליליטרים,330.00,"100 מ""ל",false,1,8.50,2.5758,true,1,52979
7290110113926,false,פאנטה ZERO אורנג 0.5 חייב פקדון,החברה המרכזית להפצת משקאות בעמ,IL,פאנטה ZERO אורנג 500 מל,מיליליטרים,500.00,"100 מ""ל",false,1,7.90,1.5800,true,1,51331
7290110114787,false,נביעות+ מים מינרליים בטעם תפוח 1.5 ליטר,החברה המרכזית להפצת משקאות בעמ,IL,נביעות+ בטעם תפוח 1.5 ליטר,ליטרים,1.50,ליטר,false,1,11.90,7.9333,true,1,53540
7290110114794,false,נביעות+ מים מינרליים בטעם אפרסק 1.5 ליטר,החברה המרכזית להפצת משקאות בעמ,IL,מי נביעות +בטעם אפרסק 1.5 ליטר,ליטרים,1.50,ליטר,false,1,11.90,7.9333,true,1,53541
7290110114800,false,נביעות+ מים מינרליים בטעם ענבים 1.5 ליטר,החברה המרכזית להפצת משקאות בעמ,IL,נביעות + בטעם ענבים 1.5 ליטר,ליטרים,1.50,ליטר,false,1,11.90,7.9333,true,1,53542
7290110114855,false,"נביעות מים מינרליים, שישיה 6 * 1.5 ליטר פקדון",החברה המרכזית להפצת משקאות בעמ,IL,מים נביעות שישייה בקבוק 1.5 ליטר,ליטרים,9.00,ליטר,false,6,15.90,1.7667,true,1,53547
7290110114893,false,מיץ תפוזים מפוסטר סחוט 2 ליטר,*החברה המרכזית להפצת משקאותבעמ,IL,סחוט תפוזים קלאסי 2 ליטר,ליטרים,2.00,ליטר,false,1,32.90,16.4500,true,1,53550
7290110114978,false,פריגת תפוזים לייט 1.5 ל,מבשלות בירה בינלאומיות ב,IL,"פריגת תפוזים, light",ליטרים,1.50,ליטר,false,1,10.50,7.0000,true,1,53553
7290110114985,false,משקה קל בטעם אשכוליות פריגת (1.5 ליטר),החברה המרכזית להפצת משקאות בעמ,IL,פריגת בטעם אשכוליות 1.5 ליטר,ליטרים,1.50,ליטר,false,1,10.50,7.0000,true,1,53554
7290110115036,false,משקה קל בטעם מנגו פריגת (1.5 ליטר),החברה המרכזית להפצת משקאות בעמ,IL,משקל פריגת מנגו 1.5 ליטר,ליטרים,1.50,ליטר,false,1,10.50,7.0000,true,1,53556
7290110115043,false,משקה קל בטעם לימונענע פריגת (1.5 ליטר),החברה המרכזית להפצת משקאות בעמ,IL,משקה קל פירות לימונענע,ליטרים,1.50,ליטר,false,1,10.50,7.0000,true,1,53557
7290110115050,false,משקה קל בטעם תות בננה פריגת (1.5 ליטר),החברה המרכזית להפצת משקאות בעמ,IL,משקל פריגת תות בננה 1.5 ליטר,ליטרים,1.50,ליטר,false,1,10.50,7.0000,true,1,53558
7290110115081,false,פריגת צלול ענבים 1.5 ליטר פיקדון,החברה המרכזית להפצת משקאות בעמ,IL,פריגת צלול משקה קל ענבים תפוחים,ליטרים,1.50,ליטר,false,1,10.50,7.0000,true,1,53559
7290110115104,false,פריגת צלול אפרסק 1.5 ליטר פיקדון,החברה המרכזית להפצת משקאות בעמ,IL,פריגת צלול משקה קל אפרסקים תפוחים,ליטרים,1.50,ליטר,false,1,10.50,7.0000,true,1,53561
7290110115128,false,פריגת צלול בטעם לימונענע 1.5 ליטר פיקדון,החברה המרכזית להפצת משקאות בעמ,IL,פריגת צלול משקה קל לימונענע,ליטרים,1.50,ליטר,false,1,10.50,7.0000,true,1,53563
7290110115234,false,קוקה קולה דיאט זירו 1.5 ליטר פיקדון,החברה המרכזית להפצת משקאות בעמ,IL,קוקה קולה ZERO נטול 1.5 ליטר,ליטרים,1.50,ליטר,false,1,9.90,6.6000,true,1,53571
7290110115241,false,קוקה קולה דיאט לימון 1.5 ליטר פיקדון,החברה המרכזית להפצת משקאות בעמ,IL,קוקה קולה ZERO לימון 1.5 ליטר,ליטרים,1.50,ליטר,false,1,9.90,6.6000,true,1,53572
7290110115258,false,קוקה קולה זירו מנגו 1.5 ליטר פיקדון,החברה המרכזית להפצת משקאות בעמ,IL,קולה ZERO מנגו 1.5 ליטר,ליטרים,1.50,ליטר,false,1,9.90,6.6000,true,1,53573
7290110115289,false,ספרייט 19 קל' לימון-נענע 1.5 ליטר פיקדון,החברה המרכזית להפצת משקאות בעמ,IL,ספרייט 19 קל' לימון-נענע 1.5 ליטר,ליטרים,1.50,ליטר,false,1,9.90,6.6000,true,1,53576
7290110115296,false,גזוז בטעם תפוז פאנטה 1.5 ליטר פיקדון,החברה המרכזית להפצת משקאות בעמ,IL,פאנטה אורנג' 1.5 ליטר,ליטרים,1.50,ליטר,false,1,9.90,6.6000,true,1,53577
7290110115302,false,משקה מוגז אורנג' זירו פאנטה 1.5 ליטר,החברה המרכזית להפצת משקאות בעמ,IL,פאנטה ZERO אורנג' 1.5 ליטר,ליטרים,1.50,ליטר,false,1,9.90,6.6000,true,1,53578
7290110115319,false,פאנטה אקזוטי פירות טרופיים 1.5ל פיקדון,החברה המרכזית להפצת משקאות בעמ,IL,פאנטה אקזוטיק 1.5 ליטר,ליטרים,1.50,ליטר,false,1,9.90,6.6000,true,1,53579
7290110115364,false,קוקה קולה שישיות 1.5 ליטר פיקדון,החברה המרכזית להפצת משקאות בעמ,IL,קוקה קולה שישיות 1.5 ליטר,ליטרים,9.00,ליטר,false,6,52.90,5.8778,true,1,53582
7290110115371,false,דיאט קוקה קולה שישיות 1.5 ליטר פיקדון,החברה המרכזית להפצת משקאות בעמ,IL,דיאט קוקה קולה שישיות 1.5 ליטר,ליטרים,9.00,ליטר,false,6,49.90,5.5444,true,1,53463
7290110115418,false,קוקה קולה זירו 1.5 ליטר מארז שישייה,החברה המרכזית להפצת משקאות בעמ,IL,קולה ZERO שישיות 1.5 ליטר,ליטרים,9.00,ליטר,false,6,49.90,5.5444,true,1,53584
7290110115449,false,פיוז-טי תה מנגו אננס 1.5 ליטר פיקדון,החברה המרכזית להפצת משקאות בעמ,IL,פיוזטי מנגו אננס 1.5 ליטר,ליטרים,1.50,ליטר,false,1,10.00,6.6667,true,1,53587
7290110115463,false,פיוז-טי תה אפרסק 1.5 ליטר פיקדון,החברה המרכזית להפצת משקאות בעמ,IL,פיוזטי אפרסק 1.5 ליטר,ליטרים,1.50,ליטר,false,1,10.00,6.6667,true,1,53589
7290110115494,false,תה קר בטעם ענבים פיוז טי 1.5 ליטר,החברה המרכזית להפצת משקאות בעמ,IL,פיוזטי ענבים 1.5 ליטר,ליטרים,1.50,ליטר,false,1,10.00,6.6667,true,1,53592
7290110115586,false,פריגת תפוזים 40% פחות סוכר 1.5 ליטר פיקדון,החברה המרכזית להפצת משקאות בעמ,IL,"פריגת משק""ל תפוזים 40% פחות סוכר 1.5 ליטר",ליטרים,1.50,ליטר,false,1,10.50,7.0000,true,1,53596
7290110115593,false,פריגת אשכוליות 40% פחות סוכר 1.5 ליטר פיקדון,החברה המרכזית להפצת משקאות בעמ,IL,"פריגת משק""ל אשכוליות 40% פחות סוכר 1.5 ליטר",ליטרים,1.50,ליטר,false,1,10.50,7.0000,true,1,53597
7290110115623,false,פיוז-טי תה אפרסק זירו 1.5 ליטר פיקדון,החברה המרכזית להפצת משקאות בעמ,IL,פיוזטי ZERO אפרסק 1.5 ליטר,ליטרים,1.50,ליטר,false,1,10.00,6.6667,true,1,53642
7290110115654,false,"פיוז טי זירו גרין אננס, 500 מ""ל",החברה המרכזית להפצת משקאות בעמ,IL,פיוזטי ZERO גרין אננס 0.5 ליטר,מיליליטרים,500.00,"100 מ""ל",false,1,8.50,1.7000,true,1,53640
7290110115692,false,משקה קל בטעם מלון עם קוביות אלוורה,החברה המרכזית למשקאו,IL,"פריגת קוביות מלון אלוורה 315 מ""ל",מיליליטרים,315.00,"100 מ""ל",false,1,10.90,3.4603,true,1,54874
7290110115739,false,משקה קל בטעם פינקולדה עם קוביות קוקוס,החברה המרכזית למשקאו,IL,"פריגת קוביות פינקולדה קוקוס 315 מ""ל",מיליליטרים,315.00,"100 מ""ל",false,1,10.90,3.4603,true,1,54873
7290110115777,false,מים מינרליים נביעות 1.5 ל,נביעות,,מים נביעות בקבוק 1.5 ליטר,ליטרים,1.50,ליטר,false,1,6.20,4.1333,true,1,53666
7290110115838,false,"ספרייט זירו, 1.5 ליטר פקדון","אינסטנטה בע""מ",IL,ספרייט זירו בקבוק 1.5 ליטר,ליטרים,1.50,ליטר,false,1,9.90,6.6000,true,1,53575
7290110115852,false,דיאט קוקה קולה 1.5 ליטר -,תות תעשיות מזון (201,IL,קוקה קולה דיאט בקבוק 1.5 ליטר,ליטרים,1.50,ליטר,false,1,9.90,6.6000,true,1,53569
7290110115869,false,קוקה קולה זירו 1.5 ליטר פיקדון,תות תעשיות מזון (201,IL,קוקה קולה זירו בקבוק 1.5 ליטר,ליטרים,1.50,ליטר,false,1,9.90,6.6000,true,1,53570
7290110115876,false,קינלי סודה 1.5 ליטר,"אינסטנטה בע""מ",IL,סודה קינלי 1.5 ליטר,ליטרים,1.50,ליטר,false,1,4.90,3.2667,true,1,53581
7290110115913,false,"משקה ספורט איזוטוני זירו בטעם אננס 500 מ""ל פאוורייד",החברה המרכזית להפצת משקאות בעמ,IT,"פאוורייד ZERO בטעם אננס 500 מ""ל",מיליליטרים,500.00,"100 מ""ל",false,1,12.90,2.5800,true,1,54114
7290110116064,false,פאנטה זירו בטעם פירות ירוק 1.5 ל פיקדון,החברה המרכזית להפצת משקאות בעמ,IL,ZERO,ליטרים,1.50,ליטר,false,1,9.90,6.6000,true,1,54552
7290110116071,false,פאנטה ZERO פירות ירוק 0.5ליטר,החברה המרכזית להפצת משקאות בעמ,IL,ZERO פאנטה פירות ירוק 500מל,מיליליטרים,500.00,"100 מ""ל",false,1,7.90,1.5800,true,1,54554
7290110116194,false,נביעות+ סדרת 0 קלוריות לימון-ליים 1.5 ליטר,החברה המרכזית להפצת משקאות בעמ,IL,נביעות + לימון ליים 0 קלוריות 1.5 ליטר,ליטרים,1.50,ליטר,false,1,11.90,7.9333,true,1,55252
7290110116200,false,מים 0 קלוריות בטעם לימון-ליים 0.5 ל נביעות,החברה המרכזית להפצת משקאות בעמ,IL,"נביעות + לימון ליים 0 קלוריות 500 מ""ל",מיליליטרים,500.00,"100 מ""ל",false,1,8.50,1.7000,true,1,55254
7290110116217,false,נביעות+ סדרת 0 קלוריות אשכוליות 1.5 ליטר,החברה המרכזית להפצת משקאות בעמ,IL,נביעות +0 קלוריות אשכולית 1.5 ליטר,ליטרים,1.50,ליטר,false,1,11.90,7.9333,true,1,55251
7290110116224,false,נביעות 0 קלוריות בטעם אשכולית 0.5 ליטר,החברה המרכזית להפצת משקאות בעמ,IL,"נביעות +0 קלוריות אשכולית 500 מ""ל",מיליליטרים,500.00,"100 מ""ל",false,1,8.50,1.7000,true,1,55253
7290110116385,false,"פחיות סטפאני מרשמלו אבטיח תות זירו 330 מ""ל",החברה המרכזית להפצת משקאות בעמ,IL,קולה קולה זירו סטאפני 330 מל,מיליליטרים,330.00,"100 מ""ל",false,1,7.90,2.3939,true,1,54764
7290110116514,false,פריגת סחוט מיקס תות בננה 400מל,*החברה המרכזית להפצת משקאותבעמ,IL,פריגת מיקס תות בננה 400 מל,מיליליטרים,400.00,"100 מ""ל",false,1,10.90,2.7250,true,1,55526
7290110116521,false,"פריגת סחוט מיקס אפרסק משמש 400 מ""ל",*החברה המרכזית להפצת משקאותבעמ,IL,פריגת מיקס אפרסק משמש 400 מל,מיליליטרים,400.00,"100 מ""ל",false,1,10.90,2.7250,true,1,55527
7290110116576,false,ספרייט זירו לימון היט בקבוק 0.5,החברה המרכזית להפצת משקאות בעמ,IL,"ספרייט זירו למון היט 500 מ""ל",מיליליטרים,500.00,"100 מ""ל",false,1,7.90,1.5800,true,1,55439
7290110320591,false,גבינה בולגרית במרקם מעודן 16% פיראוס,"תנובה בע""מ ***",IL,פיראוס בולגרית 16% שומן במרקם מעודן,גרמים,250.00,100 גרם,false,1,24.90,9.9600,true,1,36819
7290110320683,false,שמיניית משקה יוגורט 1.5% טעם תות יופלה 107 גרם,מיוצר עי קונדיטוריית,IL,משקה יופלה בטעם תות שמינייה 856 גרם,גרמים,856.00,100 גרם,false,1,19.50,2.2780,true,1,41886
7290110320850,false,פתיתים גבינה חצי קשה מגורדת 28% שומן,תנובה מרכז שיתופי לש,IL,עמק פתיתים 28% שומן 200 גרם,גרמים,200.00,100 גרם,false,1,16.50,8.2500,true,1,37557
7290110320935,false,פרוסות מוצרלה 150 גר`קולקשיין תנובה,תנובה מרכז שיתופי לש,IL,פרוסות מוצרלה קולקשיין 150 גרם,גרמים,150.00,100 גרם,false,1,19.90,13.2667,true,1,37446
7290110321031,false,מעדן חלב GO יוגורט מועשר בחלבון טבעי 200 ג' יופלה,"תנובה, מחלבת אלון תב",IL,GO יוגורט יופלה שומן 20 וחלבון 200 גרם,גרמים,200.00,100 גרם,false,1,6.80,3.4000,true,1,37374
7290110321048,false,יופלה GO במתיקות מעודנת 200ג,תנובה בעמ ***,IL,יוגורט יופלה GO במתיקות מעודנת 200 גרם,גרמים,200.00,100 גרם,false,1,6.80,3.4000,true,1,37375
7290110321277,false,קוטג בקטנה 5%. 100 גרם מהדרין תנובה,פארייפאבה אגרואינדוס,IL,תנובה קוטג' 5% בקטנה 100 גרם,גרמים,100.00,100 גרם,false,1,2.70,2.7000,true,1,38111
7290110321284,false,קוטג' בקטנה 9% תנובה 100 גרם מהדרין,פארייפאבה אגרואינדוס,IL,תנובה קוטג' 9% בקטנה 100 גרם,גרמים,100.00,100 גרם,false,1,2.70,2.7000,true,1,38112
7290110321604,false,קוביות פיראוס בולגרית מעודנת 5% 200 גרם - רבנות,"תנובה בע""מ ***",IL,פיראוס קוביות בולגרית מעודנת 5% שומן,לא מנהל יחידת מידה,0.00,לא מנהל יחידת מידה,false,1,24.90,0.0000,true,1,39893
7290110321680,false,יוגורט GO בטעם תות 20 גרם חלבון בגביע,מיוצר עי קונדיטוריית,IL,יוגורט עם תות בתוספת חלבוני חלב,גרמים,200.00,100 גרם,false,1,6.80,3.4000,true,1,38541
7290110321697,false,יוגורט GO בטעם אפרסק 20 גרם חלבון בגביע,מיוצר עי קונדיטוריית,IL,יוגורט עם אפרסק בתוספת חלבוני חלב,גרמים,200.00,100 גרם,false,1,6.80,3.4000,true,1,38542
7290110321703,false,יוגורט עם פירות יער בתוספת חלבוני חלב 2% שומן,מיוצר עי קונדיטוריית,IL,יוגורט עם פירות יער מועשר בחלבון,גרמים,200.00,100 גרם,false,1,6.80,3.4000,true,1,39592
7290110322014,false,טופו בטעם טבעי תנובה ALTERNATIVE,שוורצקוף& הנקל דיסלד,IL,טופו טבעי 300 גרם,גרמים,300.00,100 גרם,false,1,13.90,4.6333,true,1,39887
7290110322021,false,"תנובה טופו בזיליקום 300 גר' בד""צ",שוורצקוף& הנקל דיסלד,IL,טופו בטעם בזיליקום,גרמים,300.00,100 גרם,false,1,13.90,4.6333,true,1,47134
7290110322946,true,יופלה טיוב יוגורט במ,תנובה בעמ,IL,יופלה טיוב יוגורט במרקם חלק בטעם תות בננ,גרמים,350.00,100 גרם,false,1,13.50,3.8571,true,1,41030
7290110323066,true,משקה יוגורט מועשר בח,מיוצר עי קונדיטוריית,IL,משקה יוגורט GO 20מועשר בחלבון בננה ואפר,מיליליטרים,236.00,"100 מ""ל",false,1,7.20,3.0508,true,1,41032
7290110323073,false,"משקה יוגורט יופלה גו תות פטל 250 מ""ל - רבנות",מיוצר עי קונדיטוריית,IL,משקה יוגורט יופלה GO 20 מועשר בחלבון תו,מיליליטרים,236.00,"100 מ""ל",false,1,7.20,3.0508,true,1,41033
7290110323301,false,טל העמק בסגנון אמנטל 32% שומן 200 גרם,"תנובה בע""מ ***",IL,גבינה צהובה טל העמק 32% שומן 200 גרם,גרמים,200.00,100 גרם,false,1,19.90,9.9500,true,1,41442
7290110323585,true,יוגורט עם דובדבן מופ,מיוצר עי קונדיטוריית,IL,יוגורט עם דובדבן מופחת קולוריות GO200גרם,גרמים,200.00,100 גרם,false,1,6.80,3.4000,true,1,41235
7290110323592,true,יוגורט עם אפרסק מופח,מיוצר עי קונדיטוריית,IL,יוגורט עם אפרסק מופחת קולוריות GO200גרם,גרמים,200.00,100 גרם,false,1,6.80,3.4000,true,1,41236
7290110323714,false,משקה קוקוס שקדים תנובה E אלטרנטיב,מיוצר עי קונדיטוריית,IL,משקה קוקוס שקדים תנובה 1 ליטר,ליטרים,1.00,ליטר,false,1,14.90,14.9000,true,1,41610
7290110324070,false,גבינת חלומי מחלב בקר (30% 200 גר`)פירא,תנובה - חלב,IL,גבינת חלומי מחלב בקר 22% שומן 200 גרם,גרמים,200.00,100 גרם,false,1,22.90,11.4500,true,1,46729
7290110324353,false,יוגורט GO לייט בטעם אננס 20 גרם חלבון בגביע,מיוצר עי קונדיטוריית,IL,יופלה GO לייט בטעם אננס 200גרם,גרמים,200.00,100 גרם,false,1,6.80,3.4000,true,1,42563
7290110324704,false,טופו מתובל פרובנס 300 ג,"תנובה בע""\מ",IL,טופו מתובל בסגנון פרובנס 300גרם,גרמים,300.00,100 גרם,false,1,12.90,4.3000,true,1,42566
7290110324711,false,ממרח סויה 9% שומן בטעם טבעי תנובה 250 גרם,מיוצר עי קונדיטוריית,IL,ממרח סויה 9% בטעם טבעי,גרמים,250.00,100 גרם,false,1,10.90,4.3600,true,1,42567
7290110324728,false,ממרח סויה 9% שומן עם שום שמיר תנובה 250 גרם,מיוצר עי קונדיטוריית,IL,ממרח סויה 9% עם שום שמיר,גרמים,250.00,100 גרם,false,1,10.90,4.3600,true,1,42568
7290110324841,false,מעדן שקדים עם שוקולד מריר תנובה 125 גרם,מיוצר עי קונדיטוריית,IL,מעדן שקדים עם שוקולד מריר אלטרנטיב 125גר,גרמים,125.00,100 גרם,false,1,4.70,3.7600,true,1,48230
7290110324858,false,מעדן שקדים בטעם אגוזי לוז תנובה 125 גרם,מיוצר עי קונדיטוריית,IL,מעדן שקדים בטעם אגוזי לוז אלטרנטיב 125 ג,גרמים,125.00,100 גרם,false,1,4.70,3.7600,true,1,48231
7290110324872,false,גבינה צהובה גלבוע (5% 200 גר`)תנובה,גלבוע - תנובה,IL,גבינת גלבוע 5% שומן 200 גרם,גרמים,200.00,100 גרם,false,1,19.90,9.9500,true,1,48463
7290110324926,false,משקה סויה ללא תוספת סוכר E אלטרנטיב,תנובה מרכז שיתופי לש,IL,משקה סויה ללא תוספת סוכר 1 ליטר,ליטרים,1.00,ליטר,false,1,13.50,13.5000,true,1,48240
7290110325114,false,"משקה יוגורט יופלה גו לייט תות בננה 250 מ""ל - רבנות",מיוצר עי קונדיטוריית,IL,משקה יוגורטGO לייט תות בננה 250 מל,מיליליטרים,250.00,"100 מ""ל",false,1,7.20,2.8800,true,1,47036
7290110325169,false,פרוסות גאודה 170 גר` קולקשיין תנובה,תנובה בעמ ***,IL,פרוסות גאודה קולקשיין 170 גרם,גרמים,170.00,100 גרם,false,1,22.90,13.4706,true,1,49383
7290110325305,false,יופלה GO סויה 20 גרם חלבון במתיקות מעודנת תנובה 200 גרם,מיוצר עי קונדיטוריית,IL,מעדן סויהGO 20 גרם חלבון במתיקות מעודנת 200גרם,גרמים,200.00,100 גרם,false,1,6.20,3.1000,true,1,48234
7290110325312,false,יופלה GO סויה 20 גרם חלבון בטעם תות תנובה 200 גרם,תנובה בעמ ***,IL,מעדן סויה GO 20 גרם חלבון בטעם תות 200גרם,גרמים,200.00,100 גרם,false,1,6.20,3.1000,true,1,48233
7290110325510,false,יופלה טיוב יוגורט במרקם חלק בטעם וניל-יוניקור,"תנובה בע""מ ***",IL,יופלה טיוב יוגורט בטעם וניל - יוניקור 34,גרמים,348.00,100 גרם,false,1,13.50,3.8793,true,1,48461
7290110325619,false,משקה שיבולת שועל תנובה E אלטרנטיב,מיוצר עי קונדיטוריית,IL,משקה שיבולת שועל 1ליטר,ליטרים,1.00,ליטר,false,1,14.90,14.9000,true,1,48925
7290110325626,false,"משקה שקדים ללת""ס 1 ליטר",תנובה,IL,"משקה שקדים לל""ס 1ליטר",ליטרים,1.00,ליטר,false,1,14.90,14.9000,true,1,50045
7290110325893,false,משקה חלב GO מועשר בחלבון בטעם אייס קפה,מיוצר עי קונדיטוריית,IL,תנובה GO אייס קפה 340 מל,מיליליטרים,340.00,"100 מ""ל",false,1,8.90,2.6176,true,1,48930
7290110326210,false,יופלה און טופ פצפוצים תנובה 157 גרם,מיוצר עי קונדיטוריית,IL,יופלה און טופ פצפוצים 157 גרם,גרמים,157.00,100 גרם,false,1,5.70,3.6306,true,1,49385
7290110326227,false,יופלה און טופ קורנפלקס תנובה 157 גרם,מיוצר עי קונדיטוריית,IL,יופלה און טופ קורנפלקס 157 גרם,גרמים,157.00,100 גרם,false,1,5.70,3.6306,true,1,49387
7290110326234,false,יופלה און טופ כוכבים תנובה 157 גרם,מיוצר עי קונדיטוריית,IL,יופלה און טופ כוכבים 157 גרם,גרמים,157.00,100 גרם,false,1,5.70,3.6306,true,1,49386
7290110326241,false,יופלה און טופ גרנולה תנובה 157 גרם,מיוצר עי קונדיטוריית,IL,יופלה און טופ גרנולה 157 גרם,גרמים,157.00,100 גרם,false,1,5.70,3.6306,true,1,49388
7290110326333,false,פרוסות גבינה סקנדינבית 170 גר`קולקשיין,"תנובה בע""מ ***",IL,פרוסות גבינה סקנדינבית קולקשיין 170 גרם,גרמים,200.00,100 גרם,false,1,21.90,10.9500,true,1,50666
7290110326456,false,יופלה דיאט בננה קרמל 0% שומן,תנובה,IL,יופלה דיאט בננה קרמל 0% שומן 150גרם,גרמים,150.00,100 גרם,false,1,5.50,3.6667,true,1,49633
7290110326999,false,"משקאות חלב+שוקולד קלאסי 340 מ""ל YOLO בקבוק.",תנובה - חלב,IL,"YOLO משקה חלב עם שוקולד קלאסי 340מ""ל",מיליליטרים,340.00,"100 מ""ל",false,1,8.50,2.5000,true,1,50244
7290110327033,false,משקה סויה תנובה גו מועשר בחלבון במתיקות מופחתת,מיוצר עי קונדיטוריית,IL,משקהמועשר בחלבון במתיקות מופחתת GO,לא מנהל יחידת מידה,0.00,לא מנהל יחידת מידה,false,1,14.90,0.0000,true,1,50528
7290110327125,false,פטה 21% מחלב צאן במי מלח תנובה 200 גרם,תנובה בעמ ***,GR,פיראוס פטה 21% מחלב צאן 200 גרם,גרמים,200.00,100 גרם,false,1,23.90,11.9500,true,1,51437
7290110327316,false,גבינה לבנה למריחה 5% שומן בתוספת פריכיות,מיוצר עי קונדיטוריית,IL,גבינה לבנה 5% בתוספת פריכיות 139 גרם,גרמים,139.00,100 גרם,false,1,6.80,4.8921,true,1,52297
7290110327514,false,alternative משקה שיבולת שועל בטעם אגוזי לוז תנובה 1 ליטר,תנובה מרכז שיתופי לש,IL,משקה שיבולת שועל אלטרנטיב אגוזי לוז 1 ל,ליטרים,1.00,ליטר,false,1,14.90,14.9000,true,1,53319
7290110327545,false,יופלה און טופ בטעם תות בתוספת פצפוצים מצופים שוקולד 157 גרם,מיוצר עי קונדיטוריית,IL,יופלה אוןטופ תות תוספת פצפוצים מצופים157,גרמים,157.00,100 גרם,false,1,5.50,3.5032,true,1,53812
7290110327798,false,חטיף חלבון GO - שוקולד 60 ג' חלב נוכרי - רבנות,"בלמונט קונפקציות בע""\מ.",US,GO חטיף חלבון בטעם שוקולד 60 גרם,גרמים,60.00,100 גרם,false,1,13.90,23.1667,true,1,52282
7290110327804,false,חטיף חלבון GO - עוגיות 60 ג' חלב נוכרי - רבנות,"בלמונט קונפקציות בע""\מ.",US,GO חטיף חלבון בטעם בצק עוגיות 60 גרם,גרמים,60.00,100 גרם,false,1,13.90,23.1667,true,1,52283
7290110327811,false,חטיף חלבון GO בטעם בצק קוקוס 20 גר`חלבו,"בלמונט קונפקציות בע""\מ.",US,GO חטיף חלבון עם קוקוס 60 גרם,גרמים,60.00,100 גרם,false,1,13.90,23.1667,true,1,52284
7290110327828,false,חטיף חלבון GO - חמאת בוטנים 60 ג' חלב נוכרי - רבנות,"בלמונט קונפקציות בע""\מ.",US,GO חטיף חלבון עם חמאת בוטנים 60 גרם,גרמים,60.00,100 גרם,false,1,13.90,23.1667,true,1,52285
7290110328016,false,משקה סויה מועשר בחלבון בטעם אגוזי לוז 250 גרם,שוורצקוף& הנקל דיסלד,IL,"משקה סויה מועשר בחלבון בטעם אגוזי לוז 250 מ""ל",מיליליטרים,250.00,"100 מ""ל",false,1,7.50,3.0000,true,1,51747
7290110328023,false,משקה סויה מועשר בחלבון בטעם קפה 250 גרם,תנובה בעמ ***,IL,"משקה סויה מועשר בחלבון בטעם קפה 250 מ""ל",מיליליטרים,250.00,"100 מ""ל",false,1,7.50,3.0000,true,1,51746
7290110328146,false,פתיתים בסגנון גאודה200ג,"קבוצת מיבל, מיפה א.ג פרנ",CH,פתיתים בסגנון גאודה אלטרנטיב 200 גרם,גרמים,200.00,100 גרם,false,1,24.90,12.4500,true,1,52024
7290110328221,false,יוגרט מנטול לקטוז 1.5% 200ג,מיוצר עי קונדיטוריית,IL,יוגורט תנובה נטול לקטוז 3% 200 גרם,גרמים,200.00,100 גרם,false,1,4.20,2.1000,true,1,51637
7290110328474,false,פלח פרמג`יאנו רג`יאנו 150 גר`קולקשיין ת,מנדלז סי.אר. פרודקשן,IT,פלח פרמגיאנו רגיאנו קולקשיין 150 גרם,גרמים,150.00,100 גרם,false,1,33.90,22.6000,true,1,52030
7290110328481,false,פתיתי פרמג'יאנו רג'יאנו מחלב בקר 30%,ברטינלי גיאני א.,IT,פתיתי פרמגאנו רגיאנו קולקשיין 100 גרם,גרמים,100.00,100 גרם,false,1,18.90,18.9000,true,1,52031
7290110328504,false,טריו - מיקס גבינות מוצרלה סקנדינבית וגאודה 300 גרם,מיוצר עי קונדיטוריית,IL,מיקס גבינות מוצרלה סקנדינבית וגאודה השף,גרמים,300.00,100 גרם,false,1,29.90,9.9667,true,1,52032
7290110328580,false,יוגורט תנובה טבעי 5% גביע 200 גרם,מיוצר עי קונדיטוריית,IL,יוגורט תנובה 5% 200 גרם,גרמים,200.00,100 גרם,false,1,3.20,1.6000,true,1,53320
7290110328610,false,אלטרנטיב בריסטה משקה אורז ושקדים 1 ליטר,תנובה Alternative,IL,משקה אורז ושקדים בריסטה אלטרנטיב 1 ליטר,ליטרים,1.00,ליטר,false,1,14.90,14.9000,true,1,52306
7290110328627,false,יוגורט יופלה GO במרקם סמיך בטעם בננה קרמל 0%,מיוצר עי קונדיטוריית,IL,יוגורט GO סמיך 0% בננה קרמל 200 גרם,גרמים,200.00,100 גרם,false,1,6.80,3.4000,true,1,52302
7290110328764,false,יוגורט יופלה GO במרקם סמיך עם תות 0%,מיוצר עי קונדיטוריית,IL,יוגורט GO סמיך 0% תות 200 גרם,גרמים,200.00,100 גרם,false,1,6.80,3.4000,true,1,52301
7290110328771,false,יוגורט יופלה GO במרקם סמיך עם פירות יער 0%,מיוצר עי קונדיטוריית,IL,יוגורט GO סמיך 0% פ. יער 200 גרם,גרמים,200.00,100 גרם,false,1,6.80,3.4000,true,1,52300
7290110328788,false,יוגורט יופלה GO במרקם סמיך בטעם אפרסק 0%,תנובה מרכז שיתופי לש,IL,יוגורט GO סמיך 0% אפרסק 200 גרם,גרמים,200.00,100 גרם,false,1,6.80,3.4000,true,1,52299
7290110328955,false,קוביות גבינת עזים בשמן מתובל פיראוס 350 גרם,דודוני תעשיית החלב החקלא,GR,קוביות גבינת עזים בשמן פיראוס 350 גרם,גרמים,350.00,100 גרם,false,1,29.90,8.5429,true,1,54203
7290110329136,false,מעדן חלב מעושר בחלבון בטעם שוקולד 120 ג' GO,תנובה מרכז שיתופי לש,IL,מעדן חלב גו בטעם שוקולד 12 חלבון 120גרם,גרמים,120.00,100 גרם,false,1,5.70,4.7500,true,1,53321
7290110329143,false,מעדן חלב מעושר בחלבון בטעם וניל גביע 120 ג' GO,תנובה מרכז שיתופי לש,IL,מעדן חלב גו בטעם וניל 12 חלבון 120גרם,גרמים,120.00,100 גרם,false,1,5.70,4.7500,true,1,53322
7290110329167,false,טופו תנובה בטעם שווא,מיוצר עי קונדיטוריית,IL,טופו שווארמה 300גרם,גרמים,300.00,100 גרם,false,1,12.90,4.3000,true,1,52458
7290110329266,false,יוגורט תנובה מחלב עיזים מלא תנובה 140 ג',תנובה בעמ ***,IL,יוגורט תנובה מחלב עיזים 140 גרם,גרמים,140.00,100 גרם,false,1,6.80,4.8571,true,1,52921
7290110329273,false,יוגורט מחלב עיזים מלא 750 גרם תנובה,תנובה בעמ ***,IL,יוגורט תנובה מחלב עיזים 750 גרם,גרמים,750.00,100 גרם,false,1,22.90,3.0533,true,1,52922
7290110329303,false,פרוסות בטעם צהובה קלאסית אלטרנטיב 200 גר,תנובה Alternative,IL,פרוסות בטעם צהובה קלאסית אלטרנטיב 200 גר,גרמים,200.00,100 גרם,false,1,23.50,11.7500,true,1,53324
7290110329426,false,טופו טבעי עם רוטב קרם קוקוס קארי פיקנטי 250 גרם,תנובה - חלב,IL,טופו אלטרנטיב עם רוטב קרם קוקוס קארי פ,גרמים,250.00,100 גרם,false,1,14.90,5.9600,true,1,54261
7290110329433,false,טופו טבעי עם רוטב סצ'ואן אלטרנטיב 250 גרם,תנובה - חלב,IL,טופו אלטרנטיב עם רוטב סצואן 250 גרם,גרמים,250.00,100 גרם,false,1,14.90,5.9600,true,1,54262
7290110329624,false,יוגורט יופלה וניל שכ,"תנובה בע""מ",IL,OLALAיופלה וניל טארט טאטן 150 גרם,גרמים,150.00,100 גרם,false,1,5.50,3.6667,true,1,53672
7290110329631,false,יוגורט יופלה אוללה ת,"תנובה בע""מ",IL,OLALAיופלה וניל תות 150 גרם,גרמים,150.00,100 גרם,false,1,5.50,3.6667,true,1,53671
7290110329648,false,יוגורט יופלה וניל שכ,"תנובה בע""מ",IL,OLALAיופלה וניל קרמל מלוח 150 גרם,גרמים,150.00,100 גרם,false,1,5.50,3.6667,true,1,53670
7290110329686,false,משקה GO חלב בטעם עוגיות 27 גר`חלבון,מיוצר עי קונדיטוריית,IL,משקה חלב GO בטעם עוגיות 340 מל,מיליליטרים,340.00,"100 מ""ל",false,1,8.90,2.6176,true,1,53325
7290110329693,false,יוגורט גו סמיך מלבי 200ג,מיוצר עי קונדיטוריית,IL,יוגורט 200גרםGO סמיך 0% מלבי,גרמים,200.00,100 גרם,false,1,6.50,3.2500,true,1,53326
7290110329709,false,יוגורט תנובה 0% 200 גרם,מיוצר עי קונדיטוריית,IL,יוגורט תנובה 0% 200 גרם,גרמים,200.00,100 גרם,false,1,3.20,1.6000,true,1,53327
7290110329716,false,משקה חלב קר בטעם קפוצ'ינו 230 גרם תנובה,תנובה מרכז שיתופי לש,IL,"משקה חלב עם קפה קפוצינו 230 מ""ל",מיליליטרים,230.00,"100 מ""ל",false,1,7.90,3.4348,true,1,54439
7290110329723,false,משקה חלב קר בטעם לאטה 230 גרם תנובה,תנובה מרכז שיתופי לש,IL,"משקה חלב עם קפה לאטה 230 מ""ל",מיליליטרים,230.00,"100 מ""ל",false,1,7.90,3.4348,true,1,54440
7290110329730,false,"משקה חלב עם שוקולד וקפה בסגנון לאטה 2.7%  230 מ""ל תנובה",תנובה מרכז שיתופי לש,IL,"משקה חלב עם קפה שוקולד 230 מ""ל",מיליליטרים,230.00,"100 מ""ל",false,1,7.90,3.4348,true,1,54441
7290110329792,false,יוגורט סויה BIO Alternative אפרסק 150 ג' תנובה,מיוצר עי קונדיטוריית,IL,סויה אלטרנטיב ביו אפרסק150 גרם,גרמים,150.00,100 גרם,false,1,5.00,3.3333,true,1,53690
7290110329808,false,יוגורט סויה BIO Alternative תות 150 ג' תנובה,מיוצר עי קונדיטוריית,IL,סויה אלטרנטיב ביו תות 150 גרם,גרמים,150.00,100 גרם,false,1,5.00,3.3333,true,1,53689
7290110329815,false,סויה BIO מתיקות מעודנת גביע 150 גרם אלטרנטיב,מיוצר עי קונדיטוריית,IL,סויה אלטרנטיב ביו מתיקות מעודנת150 גרם,גרמים,150.00,100 גרם,false,1,5.00,3.3333,true,1,53688
7290110329822,false,יוגורט סויה BIO Alternative פירות יער 150 ג' תנובה,מיוצר עי קונדיטוריית,IL,סויה אלטרנטיב ביו פירות יער 150 גרם,גרמים,150.00,100 גרם,false,1,5.00,3.3333,true,1,53707
7290110329846,false,יוגורט סויה BIO Alternative בטעם טבעי 150 ג' תנובה,מיוצר עי קונדיטוריית,IL,סויה אלטרנטיב ביו טבעי150 גרם,גרמים,150.00,100 גרם,false,1,5.00,3.3333,true,1,53691
7290110329914,false,מאגדת משקה שיבולת שועל ושקדים 100 גרם*6 יח' ביו אלטרנטיב,תנובה מרכז שיתופי לש,IL,מאגדת משקה שיבולת שועל ושקדים ביו אלטרנט,גרמים,600.00,100 גרם,false,6,19.90,3.3167,true,1,53821
7290110421526,false,סיכה קליפס,אימפופיקס,,סיכה קליפס,יחידה,1.00,יחידה,false,1,5.90,5.9000,true,1,35903
7290110421670,false,פינצטה איכותית בנרתי,,,פינצטה איכותית בנרתיק עור,יחידה,0.00,יחידה,false,1,24.90,0.0000,true,1,40460
7290110421717,false,מסלסל ריסים,,,מסלסל ריסים,יחידה,0.00,יחידה,false,1,9.90,0.0000,true,1,40462
7290110423537,false,גומיות שיער צבעוני 1,אימפופיקס,,גומיות שיער צבעוני 12 יחידות,יחידה,1.00,יחידה,false,1,5.90,5.9000,true,1,38353
7290110425326,false,גוזז ציפורניים קטן ס,,,גוזז ציפורניים קטן סיליקון,יחידה,0.00,יחידה,false,1,7.90,0.0000,true,1,40461
7290110472016,false,כבל מטאלי 2 מטר שחורTYPE C,Unknown,,כבל 2 מטר - TYPE C,יחידה,1.00,יחידה,false,1,39.90,39.9000,true,1,48269
7290110472474,false,מתאם קיר TYPE C + כבל טעינה 1.5 מטר,Unknown,,מתאם קיר TYPE C,יחידה,1.00,יחידה,false,1,54.90,54.9000,true,1,47945
7290110476267,false,מטען קיר מאושר אפל 2,Unknown,,מטען קיר מאושר אפל 2,יחידה,1.00,יחידה,false,1,119.00,119.0000,true,1,51623
7290110552220,false,יוגורט PRO בטעם תות 0% סוכר לבן 20 גרם חלבון בגביע,שטראוס גרופ בעמ/מצונן,IL,'דנונה פרו 20גר' ללא סוכר תות,גרמים,200.00,100 גרם,false,1,6.50,3.2500,true,1,53719
7290110552237,false,יוגורט פרו בטעם אפרסק מנגו ללא סוכר 200 ג' דנונה,שטראוס גרופ בעמ/מצונן,IL,דנונה פרו 20גר' ללא סוכר אפרסק מנגו,גרמים,200.00,100 גרם,false,1,6.50,3.2500,true,1,53720
7290110553029,false,"אנרג'י קריספס-פריכיות חומוס, עדשים ואפונה עם קייל וסלק","פרח תעשיו מזון בע""מ",IL,אנרגי פריכיות חלבון קייל חומוס ומלח 60,גרמים,60.00,100 גרם,false,1,12.90,21.5000,true,1,53902
7290110553036,false,קריספס-פריכיות עם אפונה ובטטה סגולה בטעם בצל מקורמל,"פרח תעשיו מזון בע""מ",IL,אנרגי פריכיות חלבון בטטה סגולה ואפונה 60 גרם,גרמים,60.00,100 גרם,false,1,12.90,21.5000,true,1,53903
7290110553173,false,אנרגי פריכיות אורז בטעם קרמל 50 גרם,סאנורייס בלגיום,IL,אנרג`י פריכיות בטעם קרמל 40 גרם,מיליליטרים,40.00,"100 מ""ל",false,1,8.90,22.2500,true,1,54870
7290110553180,false,אנרגי פריכיות אורז בטעם תפוח קינמון 50 ג,שטראוס גרופ בע`מ,IL,אנרג`י פריכיות בטעם תפוח קינמון 40 גרם,מיליליטרים,40.00,"100 מ""ל",false,1,8.90,22.2500,true,1,54871
7290110553272,false,יוגורט דנונה בטעם קר,"שטראוס בריאות בע""מ",IL,דנונה WOW בטעם קרם קפה 150גרם,גרמים,150.00,100 גרם,false,1,4.90,3.2667,true,1,53728
7290110553401,false,בינז אייס קופי לאטה,מונסטרלנד לולף,DE,"בינז אייס קופי לאטה וניל 250 מ""ל",מיליליטרים,250.00,"100 מ""ל",false,1,10.90,4.3600,true,1,54525
7290110553623,false,צ'יטוס קראנצ'י בטעם צ'דר חלפיניו - חלבי,"שטראוס פריטו ליי בע""\מ )",IL,ציטוס קראנץ צדר חלפיניו 80 גרם,גרמים,80.00,100 גרם,false,1,5.50,6.8750,true,1,54889
7290110553876,false,סלט גזר דליקטס 250 ג,שטראוס,IL,סלט גזר דליקטס 250 גרם,גרמים,250.00,100 גרם,false,1,12.90,5.1600,true,1,54198
7290110554118,false,נודלס מלזי חריף עם טופו וירקות ברוטב קארי ירוק,קפוא-זן תעשיות מזון בעמ - תפוג,IL,נודלס מלזי חריף דלישס 350גרם,גרמים,350.00,100 גרם,false,1,26.90,7.6857,true,1,53129
7290110554125,false,דלישס נודלס בסגנון סצ`ואן חריף 350 גרם,קפוא-זן תעשיות מזון בעמ - תפוג,IL,נודלס סצואן חריף דלישס 350גרם,גרמים,350.00,100 גרם,false,1,26.90,7.6857,true,1,53958
7290110554453,false,בינז אייס קופי לאטה,מונסטרלנד לולף,DE,"בינז אייס קופי לאטה מוקה 250 מ""ל",מיליליטרים,250.00,"100 מ""ל",false,1,10.90,4.3600,true,1,54526
7290110554477,false,קפסולת אספרסו לאפוגטו טעם מייפל פקאן 50 ג' עלית,שטראוס קפה בי.וי.,IL,קפסולות לאפוגטו מייפל 50 גרם,גרמים,50.00,100 גרם,false,1,18.90,37.8000,true,1,54528
7290110554507,false,עלית - קפה טורקי תימני 100 גרם,שטראוס קפה בי.וי.,IL,קפה טורקי תימני 100 גרם,גרמים,100.00,100 גרם,false,1,9.50,9.5000,true,1,54527
7290110554699,false,"קפה עולה קפסולות אספרסו קלייה איטית וכהה מאוד, 10 * 50 ג'",שטראוס קפה בי.וי.,IL,קפסולות קפה אספרסו עולה 50 גרם,גרמים,50.00,100 גרם,false,1,18.90,37.8000,true,1,54865
7290110555078,false,לאבנה עם שמן זית ועשבי תיבול שטראוס 250 גרם,שטראוס גרופ בעמ/מצונן,IL,לאבנה עם שמן זית ועשבי תיבול 250 גרם,גרמים,250.00,100 גרם,false,1,11.90,4.7600,true,1,54265
7290110555092,false,לאבנה עם שמן זית וצ'ילי שטראוס 250 גרם,שטראוס גרופ בעמ/מצונן,IL,לאבנה עם שמן זית וצילי 250 גרם,גרמים,250.00,100 גרם,false,1,11.90,4.7600,true,1,54266
7290110556242,false,"שוקולד מריר פרווה 100 גר' בד""ץ תוצרת חוץ","שטראוס גרופ בע""מ.",IL,שוקולד פרה מריר 100 גרם,גרמים,100.00,100 גרם,false,1,6.50,6.5000,true,1,55243
7290110557003,false,נשנוש חומוס פלפלים ק,"שטראוס גרופ בע""מ",IL,אחלה נשנוש חומוס פלפלים עם קרקרים,גרמים,120.00,100 גרם,false,1,10.90,9.0833,true,1,53759
7290110557102,false,מעדן חלב עם שוקולד מועשר בחלבון 150 ג' שטראוס,שטראוס גרופ בעמ/מצונן,IL,מעדן חלב עם שוקולד פרו 11 חלבון 150גרם,גרמים,150.00,100 גרם,false,1,5.00,3.3333,true,1,52908
7290110557126,false,דנונה ריפרש בננה תמר,מיוצר עי קונדיטוריית,IL,דנונה ריפרש בננה תמר 250 מל,גרמים,250.00,100 גרם,false,1,5.90,2.3600,true,1,53109
7290110557133,false,מעדן הגולן וניל 125 ג' שטראוס,שטראוס גרופ בעמ/מצונן,IL,מעדן הגולן וניל 125 גרם,גרמים,125.00,100 גרם,false,1,3.20,2.5600,true,1,53110
7290110557393,false,"מילקי שלוק בטעם אייס קפה 276מ""ל","שטראוס גרופ ***בע""מ",IL,מארז מילקי שלוק אייס קפה 276 מל,מיליליטרים,276.00,"100 מ""ל",false,1,9.90,3.5870,true,1,54622
7290110557416,false,מילקי טופ לבבות 141 גרם,מיוצר עי קונדיטוריית,IL,מילקי טופ לבבות 141גרם,גרמים,141.00,100 גרם,false,1,5.00,3.5461,true,1,53826
7290110557539,false,מעדן מילקי מוס תותים,"שטראוס גרופ בע""מ",IL,מילקי מוס תותים בשמנת 81 גרם,גרמים,81.00,100 גרם,false,1,3.70,4.5679,true,1,53827
7290110558130,false,יוגורט אקטיביה עם שיבולת שועל ודבש 150 גרם,שטראוס גרופ בעמ/מצונן,IL,אקטיביה עם שיבולת שועל ודבש 150 גרם,גרמים,150.00,100 גרם,false,1,5.40,3.6000,true,1,54480
7290110558222,false,"וואו יוגורט עם שכבה בטעם בנופי פאי 5.4%, 150ג דנונה",שטראוס גרופ בעמ/מצונן,IL,WOW דנונה בנופי 150 גרם,גרמים,150.00,100 גרם,false,1,4.90,3.2667,true,1,54645
7290110558239,false,"וואו יוגורט עם שכבה בטעם קראק פאי 5.4%, 150 ג דנונה",שטראוס גרופ בעמ/מצונן,IL,WOW דנונה קראק פאי 150גרם,גרמים,150.00,100 גרם,false,1,4.90,3.2667,true,1,54842
7290110558284,false,דנונה ביו מולטי שטראוס 200 גרם,שטראוס גרופ בעמ/מצונן,IL,דנונה ביו מולטי 200 גרם,מיליליטרים,200.00,"100 מ""ל",false,1,4.90,2.4500,true,1,54621
7290110558291,false,דנונה פרו20ג קוקוס 200גר,"שטראוס בריאות בע""\מ",IL,דנונה פרו 20 גרם בטעם קוקוס,גרמים,200.00,100 גרם,false,1,6.50,3.2500,true,1,54206
7290110558307,false,יוגורט דנונה PRO עם שיבולת שועל במתיקות מעודנת,שטראוס גרופ בעמ/מצונן,IL,דנונה פרו 20 גר עם שיבולת שועל 200גרם,גרמים,200.00,100 גרם,false,1,6.70,3.3500,true,1,54267
7290110558314,false,דנונה פרו 20 גרם חלבון ללא סוכר פיסטוק 200 גרם,שטראוס גרופ בעמ/מצונן,IL,דנונה פרו 20 גרםללא סוכר בטעם פיסטוק,גרמים,200.00,100 גרם,false,1,6.50,3.2500,true,1,54646
7290110558338,false,דנונה פרו 25 ג' חלבון 200 ג' שטראוס,שטראוס גרופ בעמ/מצונן,IL,יוגורט פרו 25 גר חלבון 200 גרם,גרמים,200.00,100 גרם,false,1,6.50,3.2500,true,1,54268
7290110558666,false,מעדן גבינה בטעם תפוח 88 ג' דניאלה,שטראוס גרופ בעמ/מצונן,IL,דניאלה בטעם תפוח 88גרם,גרמים,88.00,100 גרם,false,1,4.50,5.1136,true,1,55350
7290110558918,false,עלי חסה קראנצ`שטופים 150 גר`טעם הטבע ש,ביכורי השדה הצפון בעמ` 1964,IL,עלי חסה קראנץ שטופים 150 ג שטראוס,גרמים,150.00,100 גרם,false,1,12.90,8.6000,true,1,54958
7290110559045,false,"מילקשייק וניל עם סירופ 300מ""ל","שטראוס גרופ ***בע""מ",IL,מילקשייק וניל עם סירופ שוקולד 300 מיל',מיליליטרים,300.00,"100 מ""ל",false,1,8.90,2.9667,true,1,54620
7290110559939,false,דלישס נתחי סויה בסגנון שוארמה 350ג דלישס,קפוא זן תעשיות מזון בעמ,IL,נתחי סויה בסגנון שווארמה ומגדרה דלישס 3,גרמים,350.00,100 גרם,false,1,26.90,7.6857,true,1,54271
7290110560300,false,"הפריכיות הטעימות חומוס, עדשים שחורות, קינואה ופלפל שחור",אנרג'י Energy - שטראוס,IL,פריכיות משולשות- פלפל שחור,גרמים,30.00,100 גרם,false,1,5.90,19.6667,true,1,41062
7290110560317,false,"הפריכיות הטעימות חומוס, עדשים שחורות, קינואה ומלח ים","פרח תעשיו מזון בע""מ",IL,פריכיות משולשות- מלח ים,גרמים,30.00,100 גרם,false,1,5.90,19.6667,true,1,41063
7290110560324,false,"הפריכיות הטעימות תפו""א, אורז, אפונה ומלח ים","פרח תעשיו מזון בע""מ",IL,פריכיות משולשות- אפונה ירוקה,גרמים,30.00,100 גרם,false,1,5.90,19.6667,true,1,41064
7290110560836,false,מילקי בטעם פסק זמן 133 ג,שטראוס גרופ בעמ/מצונן,IL,מילקי בטעם פסק זמן,גרמים,133.00,100 גרם,false,1,2.90,2.1805,true,1,38550
7290110561352,false,דנונה יוגורט ביו פרוביוטי 3% דל לקטוז 150ג',שטראוס גרופ בעמ/מצונן,IL,דנונה דל לקטוז בתוספת סידן,גרמים,200.00,100 גרם,false,1,3.90,1.9500,true,1,38895
7290110563431,false,"משקה קפה קר בסגנון קלאסי 230 מ""ל 1.6% יוטבתה",שטראוס גרופ בעמ/מצונן,AT,משקה קפה קר בסגנון קלאסי 1.6%,מיליליטרים,230.00,"100 מ""ל",false,1,7.90,3.4348,true,1,41667
7290110563448,false,"משקה קפה קר בסגנון מעודן 230 מ""ל 1.6% יוטבתה",שטראוס גרופ בעמ/מצונן,AT,משקה קפה קר בסגנון מעודן 1.6%,מיליליטרים,230.00,"100 מ""ל",false,1,7.90,3.4348,true,1,41668
7290110563455,false,חלב דל לקטוז 3% שומן 1 ל' יטבתה,מחלבת יטבתה,IL,חלב דל לקטוז 3%,ליטרים,1.00,ליטר,false,1,8.50,8.5000,true,1,37796
7290110563462,false,חלב 2% דל לקטוז בבקבוק יטבתה 1 ליטר.,שטראוס גרופ בעמ/מצונן,IL,חלב בבקבוק נטול לקטוז 2%,ליטרים,1.00,ליטר,false,1,8.90,8.9000,true,1,41950
7290110564339,false,חומוס אחלה הסידרה המובחר 30% טחינה 400 גר',שטראוס גרופ בעמ/מצונן,IL,חומוס עשיר ב30% טחינה הסדרה המובחרת400,גרמים,400.00,100 גרם,false,1,15.90,3.9750,true,1,38119
7290110564360,false,חומוס אחלה הסידרה המובחר 40% טחינה 400 גר',שטראוס גרופ בעמ/מצונן,IL,חומוס עשיר ב40% טחינה הסדרה המובחרת400 d,גרמים,400.00,100 גרם,false,1,15.90,3.9750,true,1,38120
7290110564414,false,חומוס אחלה הסידרה המובחר 30% טחינה 600 גר',שטראוס גרופ בעמ/מצונן,IL,חומוס הסדרה המובחרת 30% טחינה 600 גרם,גרמים,600.00,100 גרם,false,1,17.90,2.9833,true,1,38118
7290110564742,false,"משקה קפה קר בסגנון חזק 230 מ""ל 1.2% יוטבתה",שטראוס גרופ בעמ/מצונן,AT,משקה קפה קר בסגנון חזק -חדש,מיליליטרים,230.00,"100 מ""ל",false,1,7.90,3.4348,true,1,41669
7290110565527,false,יוגורט PRO פרו 1.5% 20 גרם חלבון בגביע,שטראוס גרופ בעמ/מצונן,IL,דנונה פרו 20 גר 1.5% שומן,גרמים,200.00,100 גרם,false,1,6.50,3.2500,true,1,37887
7290110566579,false,דבש לחיץ 200 גרם יד מרדכי,מכוורת יד מרדכי שטרא,IL,דבש בקבוק לחיץ 200 גרם,גרמים,200.00,100 גרם,false,1,13.90,6.9500,true,1,46893
7290110566975,false,דנונה פרו יוגורט 0% תות עשיר בחלבון 200ג',שטראוס גרופ בעמ/מצונן,IL,דנונה פרו 20 גר תות 0% שומן,גרמים,200.00,100 גרם,false,1,6.50,3.2500,true,1,38652
7290110568511,false,קונפיטורית פירות יער במתיקות מעודנת 265 גר' יד מרדכי,"שטראוס גרופ בע""מ",FR,קונפיטורת פירות יער במתיקות מעודנת 265 ג,גרמים,265.00,100 גרם,false,1,15.90,6.0000,true,1,42058
7290110570224,false,משקה קפה קר בטעם עוגיות (230 גר`) יטבתה,שטראוס גרופ בעמ/מצונן,IL,משקה קפה קר בטעם עוגיות 230מל,מיליליטרים,230.00,"100 מ""ל",false,1,7.90,3.4348,true,1,54617
7290110571382,false,מעדן חלב בטעם וניל מעושר בחלבון 150 ג' שטראוס,שטראוס גרופ בעמ/מצונן,IL,מעדן חלב בטעם וניל מועשר בחלבון,גרמים,150.00,100 גרם,false,1,5.00,3.3333,true,1,54272
7290110571474,false,אצבעות רבע לשבע טבעוני פופקורן 125גר`,"הגביע מוצרי וופלים בע""\מ",IL,רבע לשבע טבעוני פופקורן,גרמים,125.00,100 גרם,false,1,13.90,11.1200,true,1,54693
7290110572884,false,"קפסולות קפה מספר 20 למכונת אספרס אספרסו, 50 גרם",שטראוס קפה בי.וי.,IL,קפסולות אספרסו 20 שטראוס 50 גרם,גרמים,50.00,100 גרם,false,1,18.90,37.8000,true,1,55605
7290110576356,false,"שוקולד ספלנדיד מריר 64% - חלבי , מפולי קקאו מפרו",שטראוס גרופ בע`מ,BE,ספלנדיד שוקולד מריר פרו 64%,גרמים,100.00,100 גרם,false,1,9.90,9.9000,true,1,55357
7290110576752,false,טבלאות שוקולד ספלנדיד מריר 70% 100 ג' עלית,"שטראוס גרופ בע""מ",BE,ספלנדיד מריר 70% 100 גרם,גרמים,100.00,100 גרם,false,1,10.90,10.9000,true,1,55474
7290110576776,false,טבלאות שוקולד ספלנדיד מריר 85% 100 ג' עלית,שטראוס גרופ בע`מ,BE,ספלנדיד מריר 85% 100 גרם,גרמים,100.00,100 גרם,false,1,10.90,10.9000,true,1,55475
7290110576868,false,רבעיית גמדים סלט פירוט * 100 ג' שטראוס,שטראוס גרופ בעמ/מצונן,IL,גמדים רביעיית סלט פירות 400גרם,גרמים,400.00,100 גרם,false,1,11.90,2.9750,true,1,55394
7290110577230,false,משקה חלב בטעם פיסטוק בבקבוק יטבתה 1 ליטר,שטראוס גרופ בעמ/מצונן,IL,משקה חלב בטעם פיסטוק 1 ליטר,ליטרים,1.00,ליטר,false,1,12.90,12.9000,true,1,55395
7290110577247,false,"יטבתה משקה חלב-פיסטוק בבקבוק 350 מ""ל",שטראוס גרופ בעמ/מצונן,IL,משקה חלב בטעם פיסטוק 350 מל,מיליליטרים,350.00,"100 מ""ל",false,1,6.90,1.9714,true,1,55396
7290110730642,false,אייבו- משכך חום וכאבים לילדים,,,אייבו- תרופה ללא מרש,לא מנהל יחידת מידה,0.00,לא מנהל יחידת מידה,false,1,25.90,0.0000,true,1,42122
7290110731960,false,ליינקס תרסיס מדוד לאף,,,תרסיס אף ליינוקס,יחידה,1.00,יחידה,false,1,29.90,29.9000,true,1,47348
7290110856243,false,ציל סיגריה אלקטרונית,Unknown,CN,ציל סיגריה אלקטרונית 2800 שאיפות ענבים,יחידה,1.00,יחידה,false,1,89.90,89.9000,false,1,54532
7290110856267,false,ציל סיגריה אלקטרונית,Unknown,CN,ציל סיגריה אלקטרונית 2800 שאיפות אבטיח,יחידה,1.00,יחידה,false,1,89.90,89.9000,false,1,54536
7290110856373,false,ציל סיגריה אלקטרונית,Unknown,CN,ציל סיגריה אלקטרונית 2800 שאיפות תפוח אפרסק,יחידה,1.00,יחידה,false,1,89.90,89.9000,false,1,54535
7290111342042,false,כריות יפניות ניקול לניקוי אנטיבקטריאלי 4,קימברלי קלארק ישראל שיווק בעמ,IL,ניקול כריות יפניות אנטיבקטריאלי,גרמים,280.00,100 גרם,false,1,13.90,4.9643,true,1,49132
7290111342059,false,50 מטליות מיקרופייבר לשטחים אנטיבקטריאלי ניקול,קימברלי קלארק ישראל שיווק בעמ,IL,מטליות לחות לניקוי וחיטוי משטחים אנטיבקטריאלי,לא מנהל יחידת מידה,0.00,לא מנהל יחידת מידה,false,1,15.90,0.0000,true,1,49131
7290111343117,false,קלינקס ממחטות לושן סופט פק זוגות 140דף,קימברלי קלארק ישראל שיווק בעמ,IL,קלינקס טישו לושן סופט פק זוגות - 140 דף,לא מנהל יחידת מידה,0.00,לא מנהל יחידת מידה,false,1,15.90,0.0000,true,1,50945
7290111343858,false,ניקול מטליות לחות לרצפה אנטיבקרטריאלי 10 יחידות,קימברלי קלארק ישראל שיווק בעמ,IL,ניקול מטליות לחות לרצפה אנטיבקטריאלי 10,לא מנהל יחידת מידה,0.00,לא מנהל יחידת מידה,false,1,16.90,0.0000,true,1,50316
7290111344206,false,האגיס נטורל קר מגבונים לחים בבישום עדין רביעייה,קימברלי קלארק ישראל שיווק בעמ,IL,מגבוני האגיס נטורל קייר מבושם 4*64,לא מנהל יחידת מידה,0.00,לא מנהל יחידת מידה,false,1,22.90,0.0000,true,1,53349
7290111344732,false,קלינקס - טיישו אלרג'י קומפורט ניילון זוגות 140 דף,קימברלי קלארק ישראל שיווק בעמ,IL,קלינקס אלרגי קומפורט זוג 2 * 70 יחידות,יחידה,1.00,יחידה,false,1,15.90,15.9000,true,1,53309
7290111344831,false,קוטקס - מגיני יום אקסטרא פרוטקט נורמל ביג 60 יח',קימברלי קלארק ישראל שיווק בעמ,CN,מגן תחתון קוטקס נורמל 60 יחידות,יחידה,1.00,יחידה,false,1,21.90,21.9000,true,1,53709
7290111344879,false,קוטקס מגיני תחתון 2IN1 מחזור+שתן 44 יחיד,קימברלי קלארק ישראל שיווק בעמ,CN,מגן תחתון קוטקס 2ב1 44 יחידות,יחידה,1.00,יחידה,false,1,21.90,21.9000,true,1,53710
7290111345814,false,נייר טואלט לילי נטורל קר 30 גלילים מהדורה,קימברלי קלארק ישראל שיווק בעמ,IL,נייר טואלט לילי נטורל קר 30 גלילים,יחידה,1.00,יחידה,false,1,38.90,38.9000,true,1,53711
7290111346088,false,נייר טואלט מולט דו שכבתי 30 גלילים,קימברלי קלארק ישראל שיווק בעמ,,נייר טואלט מולט 30 גלילים,יחידה,1.00,יחידה,false,1,29.90,29.9000,true,1,54749
7290111346293,false,מגבת נייר ניקול 6 יחידות מהדורה חגיגית,קימברלי קלארק ישראל שיווק בעמ,IL,מגבת נייר ניקול שישייה מהדורה,יחידה,6.00,יחידה,false,1,12.90,2.1500,true,1,54508
7290111350726,false,חטיף נאצוס הוטפופ בסגנון מקסיקני 322 גר,ליימן שליסל בע`מ,US,נאצוס הוטפופ מקסיקני 332 גרם,גרמים,332.00,100 גרם,false,1,17.90,5.3916,true,1,42095
7290111351280,false,תערובת אגוזים קלויים ללא מלח 150 גרם קליית גת,ליימן שליסל,IL,תערובת אגוזים קלויים ללא מלח 150 ג,גרמים,150.00,100 גרם,false,1,22.90,15.2667,true,1,41743
7290111353161,false,פרו מיקס תערובת חמוצ,j cortez,IL,תערובת פרו חמוציות בוטנים ושקדים 150 ג,גרמים,150.00,100 גרם,false,1,22.90,15.2667,true,1,50713
7290111354083,false,תערובת אגוזים מקורמל,קליית גת,IL,תערובת אגוזים מקורמלים וצימוקים 150 גרם,גרמים,150.00,100 גרם,false,1,21.90,14.6000,true,1,53845
7290111354168,false,מנצס בצנצנת 100 גרם,קליית גת,IL,מנצס בצנצנת 100 גרם,גרמים,100.00,100 גרם,false,1,12.90,12.9000,true,1,53847
7290111354182,false,"פריכיות אורז בטעם צ'ילי, 70 גרם",קליית גת,IL,פריכיות אורז צילי 70 גרם,גרמים,100.00,100 גרם,false,1,12.90,12.9000,true,1,53848
7290111563492,false,סלטי צבר מטבוחה חריפה מרובע 6*400גרם,קבוצת אוסם סחר-שות.מוגבלת,IL,סלטי צבר מטבוחה חריפה מרובע 6*400גרם,גרמים,400.00,100 גרם,false,1,14.90,3.7250,true,1,38527
7290111563584,false,אקסטרים וניל כשר לפסח 72,גלידות נסטלה )נגה גלידות,IL,טילון כשלפ,גרמים,72.00,100 גרם,false,1,7.90,10.9722,true,1,37989
7290111564239,false,מאגדת מיני קראנץ וניל 5 יח 275 גר,נגה גלידות שותפות מוגבלת,IL,קראנץ מאגדת מיני וניל 6 5*55גרם,גרמים,275.00,100 גרם,false,1,36.90,13.4182,true,1,37897
7290111564291,false,פריכיות דקות ונימוחות 3 דגנים וקינואה פיטנס Fitness,קבוצת אוסם סחר שותפות מוגבלת,IL,פיטנס פריכיות דקות עם קינואה 12*120גרם,גרמים,120.00,100 גרם,false,1,11.90,9.9167,true,1,37075
7290111564727,false,עוגיות אסם קרמוגית וקרם אגוזים אסם 200ג',קבוצת אוסם סחר שותפות מוגבלת,IL,קרמוגית במילוי קרם אגוזים,גרמים,200.00,100 גרם,false,1,14.50,7.2500,true,1,38043
7290111565502,false,ארטיק אוראו וניל ועוגיות סנדוויץ נסטלה 80 ג',נגה גלידות שותפות מוגבלת,IT,גלידה סנדויץ אוריאו 80 גרם,גרמים,80.00,100 גרם,false,1,9.90,12.3750,true,1,38081
7290111565656,false,במבה במילוי קרם נוגט 150 ג',קבוצת אסם סחר שות. מוגבלת,IL,במבה נוגט 24*150גרם,גרמים,150.00,100 גרם,false,1,11.90,7.9333,true,1,37466
7290111566066,false,במבה ביסלי בצל מיקס 80 גר` אסם,קבוצת אסם סחר שות. מוגבלת,IL,במבה ביסלי בצל מיקס 36*80גרם,גרמים,80.00,100 גרם,false,1,4.90,6.1250,true,1,38468
7290111566127,false,מאגדת אוראו מיני סנדוויץ' 6 יח' נסטלה,נגה גלידות שותפות מוגבלת,IT,אוראו מאגדת סנדביץ 8 6*33ג 12364441,גרמים,198.00,100 גרם,false,1,29.50,14.8990,true,1,38079
7290111566226,false,שניצל ברוקולי טבעול 667 גרם,קבוצת אוסם סחר-שות.מוגבלת,IL,שניצל ברוקולי טבעול 667 גרם,גרמים,667.00,100 גרם,false,1,34.90,5.2324,true,1,38293
7290111566240,false,שניצל דק מן הצומח בטעם צ'ילי חריף 700 גרם,קבוצת אוסם סחר שותפות מוגבלת,IL,טבעול שניצל דק בטעם צילי חריף 8*564גרם,גרמים,564.00,100 גרם,false,1,34.90,6.1879,true,1,38295
7290111566271,false,טבעול חטיפי תירס 657 גרם קפוא,קבוצת אוסם סחר שותפות מוגבלת,IL,טבעול חטיפי תירס 6*657גרם,גרמים,657.00,100 גרם,false,1,34.90,5.3120,true,1,38283
7290111566318,false,שניצל דק מן הצומח בטעם ביתי 700 גרם,קבוצת אוסם סחר שותפות מוגבלת,IL,טבעול שניצל דק מן הצומח 8*564גרם,גרמים,564.00,100 גרם,false,1,34.90,6.1879,true,1,38296
7290111566547,false,טבעול חזה בגריל צמחוני 99 קלוריות 560ג',קבוצת אוסם סחר-שות.מוגבלת,IL,טבעול חזה בגריל צמחוני 6*560גרם,גרמים,560.00,100 גרם,false,1,34.90,6.2321,true,1,38282
7290111566561,false,"שניצל ברוקולי 99 קלוריות 560 גר' ""טבעול""",קבוצת אוסם סחר שותפות מוגבלת,IL,טבעול שניצל ברוקולי 99 קלוריות 6*560ג,גרמים,560.00,100 גרם,false,1,34.90,6.2321,true,1,38294
7290111566585,false,"שניצל צמחוני 99 קלוריות 650 גר' ""טבעול""",קבוצת אוסם סחר שותפות מוגבלת,IL,טבעול שניצל צמחוני 99 קלוריות 6*650גרם,גרמים,650.00,100 גרם,false,1,34.90,5.3692,true,1,38297
7290111566660,false,טבעול קציצות עדשים כתומות 525 גרם,קבוצת אוסם סחר שותפות מוגבלת,IL,טבעול קציצות עדשים כתומות 6*530גרם,גרמים,530.00,100 גרם,false,1,34.90,6.5849,true,1,38290
7290111566752,false,טבעול שניצל תירס 99 קלוריות 693 גרם,קבוצת אוסם סחר שותפות מוגבלת,IL,טבעול שניצל תירס 99 קלוריות 6*693גרם,גרמים,693.00,100 גרם,false,1,34.90,5.0361,true,1,38298
7290111566776,false,"נקניקיות קוקטייל מן הצומח 680 גרם ""טבעול""",קבוצת אוסם סחר שותפות מוגבלת,IL,טבעול נקניקיות קוקטייל צמחוניות6*680גרם,גרמים,680.00,100 גרם,false,1,34.90,5.1324,true,1,38288
7290111568107,false,פנה פלוס 400גר מסולסלת עתיר סיבים,קבוצת אוסם סחר שותפות מוגבלת,IT,אסם פלוס מסולסלים עתיר סיבים 16*400גרם,גרמים,400.00,100 גרם,false,1,7.50,1.8750,true,1,42061
7290111568206,false,ביסלי פארטי מיקס אסם 150 גר',קבוצת אוסם סחר שותפות מוגבלת,IL,ביסלי פארטי מיקס 24*150גרם,גרמים,150.00,100 גרם,false,1,11.90,7.9333,true,1,38686
7290111568275,false,אטריות נודלס אורז רחבות אסם אסייתי 300גרם,קבוצת אוסם סחר שותפות מוגבלת,TH,אסם נודלס אטריות אורז רחבות 16*300גרם,גרמים,300.00,100 גרם,false,1,11.90,3.9667,true,1,39570
7290111770234,false,יאמיז לכלב סושי עוף,BENTAS,CN,יאמיז לכלב סושי עוף ודגים רך 80 גרם,גרמים,0.00,100 גרם,false,1,17.50,0.0000,true,1,48166
7290111770241,false,יאמיז לכלב מקרון אוכ,BENTAS,CN,יאמיז לכלב מקרון אוכמניות ובטטה טבעוני 8,גרמים,0.00,100 גרם,false,1,17.50,0.0000,true,1,48167
7290111770289,false,יאמיז לכלב משקולות ע,BENTAS,CN,יאמיז לכלב משקולות עוף 80 גרם,גרמים,0.00,100 גרם,false,1,17.50,0.0000,true,1,48175
7290111770319,false,יאמיז לכלב עצמות סיד,BENTAS,CN,יאמיז לכלב סושי עוף 80 גרם,גרמים,0.00,100 גרם,false,1,17.50,0.0000,true,1,48172
7290111932502,false,"משחת שיניים קולגייט אופטיק וייט אקספרט וויט 75 מ""ל",ש.שסטוביץ בעמ,MX,"קולגייט אופטיק וויט אקספרט 75 מ""ל",מיליליטרים,75.00,"100 מ""ל",false,1,29.90,39.8667,true,1,40737
7290111935527,true,מארז משחת שיניים קול,,PL,מארז משחת שיניים קולגייט טוטל קלין,מיליליטרים,200.00,"100 מ""ל",false,1,39.90,19.9500,true,1,41586
7290111936258,false,"ספריי גוף ספיד סטיק קול פרידום 140 מ""ל",קולגייט פלמוליב,MX,ספיד סטיק ספריי גוף קול פרידום,מיליליטרים,140.00,"100 מ""ל",false,1,23.90,17.0714,true,1,42382
7290111937248,false,פרי מארז חטיפים 5 יחידות תמרים קשיו ונגיעות לוז כשלפ,"טבעית מוצרים מהטבע בע""\מ",IL,פרי תמרים קשיו ונגיעת לוז כשלפ מארז 5 י,לא מנהל יחידת מידה,0.00,לא מנהל יחידת מידה,false,1,18.90,0.0000,true,1,41675
7290112002099,false,קולון גל כביסה מרוכז 2.5 ליטר קלאסי,רקיט בנקיזר (ניר איסט) בעמ,IL,ג'ל כביסה קולון קלאסי 2.5 ליטר,ליטרים,2.50,ליטר,false,1,29.90,11.9600,true,1,48335
7290112002112,false,ג'ל כביסה מרוכז קולון 101 בניחוח ורדים,רקיט בנקיזר (ניר איסט) בעמ,IL,ג'ל כביסה קולון בניחוח מאסק 2.5 ליטר,ליטרים,2.50,ליטר,false,1,29.90,11.9600,true,1,48334
7290112005045,false,וניש מסיר כתמים אבקה לכביסה לבנה 480 גרם,רקיט בנקיזר (ניר איסט) בעמ,IT,וניש אבקה חדש לבן 480 גרם,גרמים,480.00,100 גרם,false,1,18.90,3.9375,true,1,55363
7290112005076,false,וניש תוסף כביסה רב תכליתי צבעוני 480 גרם,רקיט בנקיזר (ניר איסט) בעמ,IT,וניש אבקה חדש ורוד 480 גרם,גרמים,480.00,100 גרם,false,1,18.90,3.9375,true,1,55362
7290112192882,false,"סנסודיין - משחת שיניים רגישות וחניכיים מלבינה 75 מ""ל",ג'י.אס.קיי קונסיומר,DE,משחת שיניים סנסודיין רגישות וחניכיים מלב,מיליליטרים,75.00,"100 מ""ל",false,1,35.90,47.8667,true,1,48438
7290112330352,false,"יוגורט PRO בטעם וניל 0% , 20 גרם חלבון בגביע",שטראוס גרופ בעמ/מצונן,IL,דנונה פרו 20 גר וניל 0% שומן,גרמים,200.00,100 גרם,false,1,6.50,3.2500,true,1,42353
7290112330390,false,דנונה פרו פירות יער 20 גרם חלבון 0% שומן 200 גרם,שטראוס גרופ בעמ/מצונן,IL,דנונה פרו 20 גר פירות יער 0% שומן,גרמים,200.00,100 גרם,false,1,6.50,3.2500,true,1,42354
7290112330970,false,שייק חלבון+פירות יער350מ,מחלבת יטבתה,IL,"שייק חלבון מי גבינה עם פירות יער 350 מ""ל",מיליליטרים,350.00,"100 מ""ל",false,1,7.90,2.2571,true,1,41606
7290112332585,false,פריכיות משולש תפוא אורז בתיבול סלק ומלח ים אנרג'י 30 גרם,"פרח תעשיו מזון בע""מ",IL,פריכיות משולשות-סלק,גרמים,30.00,100 גרם,false,1,5.90,19.6667,true,1,42571
7290112334749,false,קפה טורקי בצלופן עלית 200 גרם+ 10% תוספת,"שטראוס גרופ בע""מ",IL,עלית טורקי שקית 200 ג 10% תוספת,גרמים,200.00,100 גרם,false,1,17.90,8.9500,true,1,47093
7290112335487,false,הפריכיות הטעימות קצח ודגנים אנרג'י 135 גרם,אנרג'י Energy - שטראוס,IL,פריכיות טעימות קצח ודגנים 135 גרם,גרמים,135.00,100 גרם,false,1,12.90,9.5556,true,1,42347
7290112335494,false,הפריכיות הטעימות תפוחי אדמה בטעם פוטטוס,"פרח תעשיות מזון בע""\מ",IL,פריכיות טעימות פוטטוס 19,גרמים,135.00,100 גרם,false,1,12.90,9.5556,true,1,42349
7290112335500,false,"פרכיות אנרג'י חומוס,אורז,עדשים שחורות וקינואה 135 גרם","פרח תעשיות מזון בע""\מ",IL,פריכיות טעימות חלבון 19,גרמים,135.00,100 גרם,false,1,12.90,9.5556,true,1,42350
7290112336644,false,סוכריות מאסט ללא סוכר לימון 80 ג' עלית,"שטראוס גרופ בע""מ",PL,סוכריות ללס לימון 80 ג חדש,גרמים,80.00,100 גרם,false,1,10.90,13.6250,true,1,48875
7290112336651,false,סוכריות מאסט ללא סוכר ריבת חלב 80 ג' עלית,"שטראוס גרופ בע""מ",PL,סוכריות ללס ריבת חלב 80 ג חדש,גרמים,80.00,100 גרם,false,1,10.90,13.6250,true,1,48876
7290112336712,false,יוגורט PRO לבן 0% 21 גרם חלבון בגביע,שטראוס גרופ בעמ/מצונן,IL,דנונה פרו 21 גר 0% שומן,גרמים,200.00,100 גרם,false,1,6.50,3.2500,true,1,41956
7290112337474,false,סוכריות מאסט ללא סוכר פטל לימון 80 ג' עלית,שטראוס גרופ בע`מ,PL,סוכריות ללס פטל לימון 80 גר,גרמים,80.00,100 גרם,false,1,10.90,13.6250,true,1,48877
7290112337481,false,סוכריות מאסט ללא סוכר קפצ''ינו 80 ג' עלית,שטראוס גרופ בע`מ,PL,סוכריות ללס קפוצ'ינו 80 גר' אריזה חדשה,גרמים,80.00,100 גרם,false,1,10.90,13.6250,true,1,48878
7290112338877,false,מעדן גבינה בטעם תות 3% 125ג' סקי,שטראוס גרופ בעמ/מצונן,IL,סקי תות 125 גרם,גרמים,125.00,100 גרם,false,1,3.90,3.1200,true,1,41444
7290112339171,false,מעדן מוס שוקולד 81 גר`מילקי,שטראוס גרופ בעמ/מצונן,IL,מילקי מוס,גרמים,81.00,100 גרם,false,1,3.70,4.5679,true,1,41446
7290112339294,false,אקטיביה+צ'יה ואפרסק150ג,"שטראוס בריאות בע""\מ",IL,אקטיביה עם צ'יה ואפרסק,גרמים,150.00,100 גרם,false,1,5.40,3.6000,true,1,47440
7290112339362,false,דנונה לייט אנד פריי בטעם קפוצ'ינו 150 גרם,שטראוס גרופ בעמ/מצונן,IL,דנונה לייט אנד פריי בטעם קפוצינו 150גרם,גרמים,150.00,100 גרם,false,1,4.90,3.2667,true,1,51838
7290112339867,true,גמדים סקוויז תות 10,שטראוס,IL,גמדים סקוויז תות 100 גרם,גרמים,100.00,100 גרם,false,1,6.20,6.2000,true,1,50536
7290112339874,true,גמדים סקוויז תות בננ,שטראוס,IL,גמדים סקוויז תות בננה 100,גרמים,100.00,100 גרם,false,1,6.20,6.2000,true,1,50537
7290112340122,false,הפריכיות הטעימות 3 דגנים אנרג'י 135 גרם,"פרח תעשיות מזון בע""\מ",IL,פריכיות טעימות 3 דגנים 135 גרם,גרמים,135.00,100 גרם,false,1,12.90,9.5556,true,1,42351
7290112340245,false,מסטיק מאסט צנצנת בטעם דובדבן 66 גר` מגדי,"שטראוס גרופ בע""\מ",IL,צנצנת MUST דובדבן 66 גר,גרמים,66.00,100 גרם,false,1,11.50,17.4242,true,1,42120
7290112340252,false,צנצנת מסטיק מאסט בטעם אבטיח מלון 66 ג' עלית,"שטראוס גרופ בע""\מ",IL,מסטיק מאסט צנצנת אבטיח מלון 66 גרם,גרמים,66.00,100 גרם,false,1,11.50,17.4242,true,1,42119
7290112340276,false,פינוקיות עוגיית קרם קפה נמס 200 גרם,"הגביע מוצרי וופלים בע""\מ",IL,פינוקיות קרם קפה נמס,גרמים,200.00,100 גרם,false,1,11.90,5.9500,true,1,42638
7290112341006,false,מילקי קצפת כפיות 86*2 גר,"שטראוס גרופ בע""\מ",IL,מארז מילקי קצפת + כפיות,גרמים,172.00,100 גרם,false,1,9.00,5.2326,true,1,42297
7290112341112,false,משקה חלב מוקה בקבוק350מ,מחלבת יטבתה,IL,"מוקה 350 מ""ל",מיליליטרים,350.00,"100 מ""ל",false,1,6.90,1.9714,true,1,42496
7290112341679,false,אקטיביה יוגורט 3% דנונה (200 גרם),שטראוס גרופ בעמ/מצונן,IL,אקטיביה 3% 200ג',גרמים,200.00,100 גרם,false,1,4.20,2.1000,true,1,47442
7290112342102,false,סימפוניה גבינה במרקם שמנת בצל מקורמל 5%,שטראוס גרופ בעמ/מצונן,IL,סימפוניה בצל מקורמל,גרמים,200.00,100 גרם,false,1,12.90,6.4500,true,1,48932
7290112342508,false,חטיף דוריטוס צ`יזי טוויסט 70 גרם,"שטראוס פריטו ליי בע""\מ",IL,דוריטוס קול ראנצ 70 גרם,גרמים,70.00,100 גרם,false,1,5.50,7.8571,true,1,55277
7290112343420,false,"משקה חלב עם דגנים מלאים ובננה פרו יטבתה 350מ""ל",שטראוס גרופ בעמ/מצונן,IL,"יטבתה פרו ארוחת בוקר 350 מל לל""ג",מיליליטרים,350.00,"100 מ""ל",false,1,7.90,2.2571,true,1,48385
7290112343499,false,חטיף צ'יטוס פאפס אפוי בטעם גבינה,"שטראוס פריטו ליי בע""\מ )",IL,צ'יטוס PUFFS בטעם גבינה 55 ג 48 יח,גרמים,55.00,100 גרם,false,1,5.50,10.0000,true,1,53065
7290112343512,false,צ'יטוס puffs בטעם גבינה 180 גרם,"שטראוס פריטו ליי בע""\מ )",IL,צ'יטוס PUFFS בטעם גבינה 160 ג 9 יח,גרמים,160.00,100 גרם,false,1,10.90,6.8125,true,1,53346
7290112344724,false,מילקי בטעם שוקולד בלונדי עם קצפת 133גר,שטראוס גרופ בעמ/מצונן,IL,מילקי בטעם שוקולד בלונדי 170גרם,גרמים,170.00,100 גרם,false,1,3.70,2.1765,true,1,48382
7290112344731,false,מילקי EXTRA שוקולד עם קצפת,"שטראוס גרופ בע""מ",IL,מילקי EXTRA שוקולד עם קצפת 133גרם,גרמים,133.00,100 גרם,false,1,4.00,3.0075,true,1,53394
7290112344755,false,מילקי עם 26% פחות סוכר 135 גר}שטראוס{,שטראוס גרופ בעמ/מצונן,IL,מילקי עם 26% פחות סוכר,גרמים,135.00,100 גרם,false,1,2.90,2.1481,true,1,51266
7290112344786,false,קפה פלטינום קלאסיק עלית 200 גרם,הנסיך- מפעל לייצור ט,IL,קפה פלטינום קלאסיק 200 גרם,גרמים,200.00,100 גרם,false,1,29.90,14.9500,true,1,49102
7290112344953,false,סימפוניה חציל קלוי גבינה במקרם שמנת 5%,שטראוס גרופ בעמ/מצונן,IL,סימפוניה חציל קלוי,גרמים,200.00,100 גרם,false,1,12.90,6.4500,true,1,50913
7290112346360,false,בפלות אחת אחת בציפוי שוקולד חלב עלית 180 גרם,הגביע מוצרי וופלים ב,GR,בפלות אחת אחת בציפוי שוקולד חלב,גרמים,180.00,100 גרם,false,1,17.90,9.9444,true,1,48882
7290112346773,false,יוגורט בטעם וניל 0% לייט אנד פרי 10 גרם חלבון בגביע,שטראוס גרופ בעמ/מצונן,IL,דנונה לייט אנד פרי וניל עם חלבון,גרמים,150.00,100 גרם,false,1,4.90,3.2667,true,1,51461
7290112346797,false,יוגורט אקטיביה שיבולת שועל ושזיף 150 גרם,שטראוס גרופ בעמ/מצונן,IL,אקטיביה עם שיבולת שועל ושזיף,Unknown,0.00,Unknown,false,1,4.90,0.0000,true,1,49478
7290112347008,false,גמדים לדרך גבינה לבנה עם מחית תות ושיבולת שועל,שטראוס גרופ בעמ/מצונן,IL,גמדים ארוחת בוקר תות סקוויז,גרמים,100.00,100 גרם,false,1,6.20,6.2000,true,1,48377
7290112347718,false,קולד ברו קלאסי 250,קריניציה ויטמינה אס,PL,BeanZקפה קר ללא חלב וסוכר פחית 250 מ,מיליליטרים,250.00,"100 מ""ל",false,1,8.90,3.5600,true,1,51751
7290112348029,false,חומוס אסלי דליקטס 250 גרם,שטראוס,IL,חומוס חלק דליקטס 250 גרם,גרמים,250.00,100 גרם,false,1,8.90,3.5600,true,1,51609
7290112348043,false,סלט חציל במיונז דליקטס 250 גרם,שטראוס,IL,סלט חציל במיונז דליקטס 250 גרם,גרמים,250.00,100 גרם,false,1,12.90,5.1600,true,1,51610
7290112348708,false,מילקי קייק קוקי בודד,בובארד איטליה אס.פי.,IT,מילקי קייק קוקי אישית 34גרם,גרמים,34.00,100 גרם,false,1,3.90,11.4706,true,1,52178
7290112348999,false,הפריכיות הטעימות תירס דקות אנרג'י 135 גרם,שטראוס גרופ בע`מ,IL,פריכיות טעימות תירס דקות 135 ג,גרמים,135.00,100 גרם,false,1,12.90,9.5556,true,1,51544
7290112349606,false,מעדן גבינה ויוגורט תות בננה 88 ג' דניאלה,שטראוס גרופ בעמ/מצונן,IL,דניאלה תות בננה,גרמים,88.00,100 גרם,false,1,4.50,5.1136,true,1,53722
7290112350312,false,קפסולות 15 קפה יותר למכונות נספרסו עלית 10יח',הנסיך- מפעל לייצור ט,IL,קפסולות 15 למכונות NESPRESSO,גרמים,50.00,100 גרם,false,1,18.90,37.8000,true,1,50483
7290112352569,false,משקה חלבון מי גבינה,מחלבת יטבתה,IL,משקה חלבון מי גבינה מבודד בטעם אפרסק 350,מיליליטרים,350.00,"100 מ""ל",false,1,7.90,2.2571,true,1,53093
7290112353542,false,סלט מטבוחה דליקטס 25,שטראוס,IL,סלט מטבוחה דליקטס 250 גרם,גרמים,250.00,100 גרם,false,1,12.90,5.1600,true,1,51611
7290112353566,false,סלט טחינה דליקטס 250 גרם,שטראוס,IL,סלט טחינה דליקטס 250 גרם,גרמים,250.00,100 גרם,false,1,12.90,5.1600,true,1,51612
7290112353887,false,"משקה קפה קר בטעם אגוזים יטבתה 230 מ""ל",האי נאם סי או אל.טי.,AT,"משקה קפה קר בטעם אגוזים 230 מ""ל",מיליליטרים,230.00,"100 מ""ל",false,1,7.90,3.4348,true,1,49916
7290112353894,false,משקה קפה קר שוקולד 230 מל,האי נאם סי או אל.טי.,AT,משקה קפה קר בטעם שוקולד 230 מל,מיליליטרים,230.00,"100 מ""ל",false,1,9.90,4.3043,true,1,51268
7290112354174,false,"פסטה רוזה 280 ג""ר ""דלישס"" שטראוס",קפוא-זן תעשיות מזון בעמ - תפוג,IT,פסטה רוזה דלישס 280גרם,גרמים,280.00,100 גרם,false,1,24.90,8.8929,true,1,53130
7290112354204,false,"ספגטי עגבניות 280 גר' ""דלישס"" שטראוס",קפוא-זן תעשיות מזון בעמ - תפוג,IT,ספגטי עגבניות דלישס 280 גרם,גרמים,280.00,100 גרם,false,1,24.90,8.8929,true,1,53132
7290112354211,false,"פיצה מרגריטה""דלישס"" שטראוס",קפוא-זן תעשיות מזון בעמ - תפוג,IT,פיצה מרגריטה דלישס 400 גרם,גרמים,400.00,100 גרם,false,1,26.90,6.7250,true,1,53133
7290112354235,false,ברקטה פיצה - 2 יחידות במארז,קפוא-זן תעשיות מזון בעמ - תפוג,IT,ברקטה פיצה דלישס 300 גרם,גרמים,300.00,100 גרם,false,1,26.90,8.9667,true,1,53134
7290112354945,false,תפוצ'יפס WAVY בטעם טבעי 50 גרם,שטראוס פריטו ליי בע`מ,IL,תפוציפס טבעי 50 גרם wavy,גרמים,50.00,100 גרם,false,1,5.50,11.0000,true,1,55423
7290112354952,false,תפוצ`יפס פפריקה (50 גרם)היתר מכירה,שטראוס פריטו ליי בע`מ,IL,תפוציפס פפריקה 50 גרם wavy,גרמים,50.00,100 גרם,false,1,5.50,11.0000,true,1,55424
7290112355027,false,דנונה פרו 20 גרם חלבון בטעם קרמל מלוח 200 גרם,שטראוס גרופ בעמ/מצונן,IL,דנונה פרו 20 גרם בטעם קרמל מלוח,גרמים,200.00,100 גרם,false,1,6.50,3.2500,true,1,51264
7290112355102,false,גמדים סקוויז 100 גרם פאוץ סלט פירות 100 גרם,שטראוס גרופ בעמ/מצונן,IL,סקוויז גמדים לדרך סלט פירות 100 גרם,גרמים,100.00,100 גרם,false,1,6.20,6.2000,true,1,51465
7290112355461,false,חומוס בסגנון ירושלמי,"שטראוס גרופ בע""\מ",IL,חומוס בסגנון ירושלמי 400 גרם,גרמים,400.00,100 גרם,false,1,13.90,3.4750,true,1,52181
7290112355775,false,גבינת סימפוניה עם עירית 200 גרם,שטראוס גרופ בעמ/מצונן,IL,גבינת סימפוניה עירית 200 גרם,גרמים,200.00,100 גרם,false,1,12.90,6.4500,true,1,54844
7290112355812,false,מילקי טופ קורנפלקס 141 ג' שטראוס,שטראוס גרופ בעמ/מצונן,IL,מילקי טופ קורנפלקס מעורב,גרמים,141.00,100 גרם,false,1,5.00,3.5461,true,1,53849
7290112358004,false,פסק זמן חטיף קראנץ עלית( 32 גר`),שולן צ'\יקולטה גידה סאן.,TR,פסק זמן קראנץ' 32 גר,גרמים,32.00,100 גרם,false,1,5.90,18.4375,true,1,51072
7290112358127,false,דנונה פרו חלבון+מגנזיום- וניל ועוגיות 200 גרם,שטראוס גרופ בעמ/מצונן,IL,דנונה פרו 20 גר עם מגנזיום,גרמים,200.00,100 גרם,false,1,6.70,3.3500,true,1,50915
7290112358431,false,עד חצות דאבל ביסקוויט עם שוקולד חלב -8 אריזות אישיות,ביסקוויטס טור ד'\אלבון,IL,עד חצות דאבל 200 גרם,גרמים,200.00,100 גרם,false,1,14.80,7.4000,true,1,52225
7290112490032,true,מרק נמס בכוס תירס 43,יוניליוור ישראל מזון,IL,קנור נמס בכוס מרק תירס 45 גרם,גרמים,43.00,100 גרם,false,1,8.50,19.7674,true,1,40518
7290112490209,true,נמס בכוס עגבניות קרו,יוניליוור ישראל מזון,IL,נמס בכוס עגבניות קרוטונים ר.טבעי 64 גרם,גרמים,64.00,100 גרם,false,1,8.50,13.2813,true,1,40521
7290112490230,true,נמס בכוס אפונה ר.טבע,יוניליוור ישראל מזון,IL,נמס בכוס מרק אפונה - 100% רכיבים טבעיים,גרמים,50.00,100 גרם,false,1,8.50,17.0000,true,1,40522
7290112490735,true,מרק עשיר עגבניות עם,יוניליוור ישראל מזון,IL,מרק עשיר עגבניות עם פסטה – 100% רכיבים ט,גרמים,105.00,100 גרם,false,1,13.90,13.2381,true,1,40524
7290112490742,true,מרק עשיר פטריות עם ג,יוניליוור ישראל מזון,IL,מרק עשיר פטריות עם גריסים – 100% רכיבים,גרמים,104.00,100 גרם,false,1,13.90,13.3654,true,1,40525
7290112490759,true,מרק עשיר עוף עם אטרי,יוניליוור ישראל מזון,IL,מרק עשיר עוף עם אטריות – 100% רכיבים טבע,גרמים,74.00,100 גרם,false,1,13.90,18.7838,true,1,40526
7290112490827,false,תרסיס ריחני למייבש הכביסה בדין בייבי 500,"יוניליוור ישראל שיווק בע""מ",IL,בדין תרסיס ריחני למייבש כביסה בייבי 500 מל,מיליליטרים,500.00,"100 מ""ל",false,1,21.90,4.3800,true,1,40389
7290112491701,false,ברנפלקס בטעם וניל מעודן 20% חלבון Extra Protein,"יוניליוור ישראל שיווק בע""מ",IL,ברנפלקס חיטה מלאה ושיבולת שועל מלאה375,גרמים,375.00,100 גרם,false,1,26.90,7.1733,true,1,42150
7290112492456,false,"שמפו פינוק לשיער יבש/פגום 700 מ""ל",יוניליוור ישראל שיווק בע`מ,IL,PINUK שמפו 2IN1 700 ML,מיליליטרים,700.00,"100 מ""ל",false,1,14.90,2.1286,true,1,49738
7290112492463,false,"שמפו ומרכך 2 ב-1 לשיער רגיל פינוק 700 מ""ל.",יוניליוור ישראל שיווק בע`מ,IL,PINUK שמפו 2IN1 700 ML,מיליליטרים,700.00,"100 מ""ל",false,1,14.90,2.1286,true,1,49739
7290112492487,false,פינוק שמפו לשיער עם שמן מרוקאי 700 מל,"יוניליוור ישראל שיווק בע""מ",IL,PINUK שמפו 2IN1 700 ML,מיליליטרים,700.00,"100 מ""ל",false,1,14.90,2.1286,true,1,50936
7290112492531,true,פינוק מרכך שיער רגיל,יוניליוור ישראל טיפו,IL,PINUK מרכך 700 ML,מיליליטרים,700.00,"100 מ""ל",false,1,14.90,2.1286,true,1,48618
7290112492548,true,פינוק מרכך שיער יבש,יוניליוור ישראל טיפו,IL,PINUK מרכך שיער 700 ML,מיליליטרים,700.00,"100 מ""ל",false,1,14.90,2.1286,true,1,48619
7290112492579,true,פינוק מרכך שמן קוקוס,יוניליוור ישראל טיפו,IL,PINUK מרכך שיער 700 ML,מיליליטרים,700.00,"100 מ""ל",false,1,14.90,2.1286,true,1,50934
7290112492593,true,פינוק תחליב רחצה בני,יוניליוור ישראל טיפו,IL,PINUK סבון נוזלי 700 ML,גרמים,700.00,100 גרם,false,1,14.90,2.1286,true,1,48620
7290112492609,true,פינוק תחליב רחצה לבנ,יוניליוור ישראל טיפו,IL,PINUK סבון נוזלי 700 ML,מיליליטרים,700.00,"100 מ""ל",false,1,14.90,2.1286,true,1,48621
7290112492630,true,פינוק שמפו 3 ב-1 לגב,יוניליוור ישראל טיפו,IL,PINUK סבון נוזלי 700 ML,מיליליטרים,700.00,"100 מ""ל",false,1,14.90,2.1286,true,1,48623
7290112492678,false,פינוק שמפו לשיער רגיל אריזת נסיעות 100 מ,יוניליוור ישראל שיווק בעמ,IL,פינוק שמפו לשיער רגיל לנסיעות 100 מל,מיליליטרים,100.00,"100 מ""ל",false,1,6.90,6.9000,true,1,50157
7290112492685,false,פינוק מרכך לשיער רגיל אריזת נסיעות 100 מ,יוניליוור ישראל שיווק בעמ,IL,פינוק מרכך לשיער רגיל לנסיעות 100 מל,מיליליטרים,100.00,"100 מ""ל",false,1,6.90,6.9000,true,1,50156
7290112492692,false,פינוק תחליב רחצה קלאסי אריזת נסיעות 100,יוניליוור ישראל טיפוח אי,IL,פינוק תחליב רחצה קלאסי לנסיעות 100 מל,מיליליטרים,100.00,"100 מ""ל",false,1,6.90,6.9000,true,1,50158
7290112492999,false,קנור מרק עוף אמיתי 400 גרם פרווה,יוניליוור ישראל שיווק בע`מ,IL,קנור מרק טעם עוף 400 גרם,גרמים,400.00,100 גרם,false,1,15.90,3.9750,true,1,48545
7290112493316,true,מרק היום אפונה קנור,יוניליוור ישראל מזון,IL,מרק היום אפונה קנור 117גרם 100% רכיבים,גרמים,117.00,100 גרם,false,1,13.90,11.8803,true,1,47055
7290112493927,false,גלידה בטעם ריבת חלב 1.33ל' קרמיסימו,"גלידת שטראוס בע""\מ, רחוב",IL,גלידה קרמיסימו ריבת חלב 1.33 ליטר,ליטרים,1.33,ליטר,false,1,27.90,20.9774,true,1,48801
7290112493934,false,גלידה קרמיסימו וניל צרפתי 1.33 ליטר,"גלידת שטראוס בע""\מ, רחוב",IL,גלידה קרמיסימו וניל צרפתי 1.33 ליטר,ליטרים,1.33,ליטר,false,1,27.90,20.9774,true,1,48800
7290112493965,false,קרמיסימו חלבית בטעם מסטיק וניל 665 גר,"גלידת שטראוס בע""\מ, רחוב",IL,גלידה קרמיסימו מסטיגם 1.33 ליטר,ליטרים,1.33,ליטר,false,1,27.90,20.9774,true,1,49163
7290112494221,false,חטיף ביסקויט שוקולד חלב קליק (65 גרם),יוניליוור ישראל שיווק בע`מ,IL,קליק ביסקוויט 65 גרם,גרמים,65.00,100 גרם,false,1,7.90,12.1538,true,1,47610
7290112494238,false,חטיף כדורים שוקולד חלב קליק (65 גרם),יוניליוור ישראל שיווק בע`מ,IL,קליק קליק כדורים 65 גרם,גרמים,65.00,100 גרם,false,1,7.90,12.1538,true,1,47613
7290112494276,false,קליק כריות בתפזורת כשר לפסח,יוניליוור ישראל שיווק בע`מ,IL,קליק קליק כריות 65 גרם,גרמים,65.00,100 גרם,false,1,7.90,12.1538,true,1,47614
7290112494283,false,חטיף כדורים מעורב חום לבו 65 גר`קליק,יוניליוור ישראל שיווק בע`מ,IL,קליק חום לבן 65 גרם,גרמים,65.00,100 גרם,false,1,7.90,12.1538,true,1,47612
7290112494313,false,קליק - קורנפלקס תפזורת 65 גרם,"יוניליוור ישראל שיווק בע""מ",IL,קליק קליק קורנפלקס 65 גרם,גרמים,65.00,100 גרם,false,1,7.90,12.1538,true,1,47617
7290112494344,false,קורנפלקס של אלופים תלמה (850 גרם)רבנות,"יוניליוור ישראל שיווק בע""מ",IL,תלמה קורנפלקס של אלופים דגני בוקר 850 גרם,גרמים,850.00,100 גרם,false,1,21.90,2.5765,true,1,49204
7290112494351,false,קורנפלקס של אלופים תלמה (850 גרם).בדצ,יוניליוור ישראל שיווק בע`מ,IL,תלמה קורנפלקס של אלופים 850 גרם,גרמים,850.00,100 גרם,false,1,21.90,2.5765,true,1,49205
7290112494382,false,פירה בטעם ביתי 260 גרם-קופסא,יוניליוור ישראל שיווק בע`מ,IL,פירה בטעם ביתי מוכן ברגע קנור,גרמים,260.00,100 גרם,false,1,14.90,5.7308,true,1,48392
7290112494993,false,כריות דגנים במילוי וניל בדצ 686 גרם,"יוניליוור ישראל שיווק בע""מ",IL,תלמה דגני בוקר כריות וניל 686 גרם,גרמים,686.00,100 גרם,false,1,31.90,4.6501,true,1,47638
7290112495006,false,כריות דגנים במילוי נוגט בדצ 686 גרם,"יוניליוור ישראל שיווק בע""מ",IL,תלמה דגני בוקר כריות נוגט 686 גרם,גרמים,686.00,100 גרם,false,1,29.90,4.3586,true,1,47640
7290112495112,false,נשנושים טעם זעתר בייגל בייגל 260 גרם,"יוניליוור ישראל שיווק בע""מ",IL,נשנושים חטיף אפוי בטעם זעתר 260 גרם,גרמים,260.00,100 גרם,false,1,15.90,6.1154,true,1,47878
7290112495433,false,דגני דליפקאן תוספת אגוזי פקאן ושקדים 400 גר,יוניליוור ישראל שיווק בע`מ,IL,TELMA דגני מבוגרים 400 GR,גרמים,400.00,100 גרם,false,1,26.90,6.7250,true,1,47029
7290112495488,false,קורנפלקס פתיתי תירס קלויים ללא גלוטן 500,יוניליוור ישראל שיווק בע`מ,IT,תלמה קורנפלקס ללא גלוטן 500 גרם,גרמים,500.00,100 גרם,false,1,23.90,4.7800,true,1,51615
7290112495747,false,רוטב צ''ילי מתוק כ 70% פחות סוכר 340 ג' קנור,"יוניליוור ישראל שיווק בע""מ",IL,קנור רוטב צ'ילי מתוק כ-75% פחות סוכר 340 גרם,גרמים,340.00,100 גרם,false,1,14.50,4.2647,true,1,48816
7290112495792,false,רוטב הלמנס שום לייט לסלט 305גר כשלפ,יוניליוור ישראל שיווק בע`מ,IL,הלמנ'ס רוטב שום לייט 300 גרם,גרמים,300.00,100 גרם,false,1,13.90,4.6333,true,1,48820
7290112495808,false,רוטב לסלט חרדל ודבש הלמנס (305 מל),יוניליוור ישראל שיווק בע`מ,IL,הלמנ'ס רוטב חרדל ודבש 305 מל,גרמים,305.00,100 גרם,false,1,13.90,4.5574,true,1,49667
7290112495822,false,כריות BLACK בטעם שוקולד וניל תלמה 686 גרם,"יוניליוור ישראל שיווק בע""מ",IL,תלמה דגני בוקר כריות בלאק 686 גרם,גרמים,686.00,100 גרם,false,1,31.90,4.6501,true,1,48940
7290112495976,false,פריכיות אורז מצופות שוקולד חלב מעולה פתי,יוניליוור ישראל שיווק בע`מ,PL,פריכיות אורז מצופות שוקולד חלב מעולה35,גרמים,35.00,100 גרם,false,1,5.90,16.8571,true,1,50178
7290112495983,false,פרכיות פתיתבציפוי שוקולד חלב ושבבי קרמל מלוח 39 גר',יוניליוור ישראל שיווק בע`מ,PL,פריכיות אורז מצופות שוקולד חלב ושבבים39,גרמים,39.00,100 גרם,false,1,5.90,15.1282,true,1,50179
7290112496027,false,"סירופ שוקולד לחיץ 580 מ""ל כשל""פ אפיכל",יוניליוור ישראל שיווק בע`מ,IL,EFICOL קינוחים שונים 580 GR,גרמים,580.00,100 גרם,false,1,15.90,2.7414,true,1,48835
7290112496034,false,"סירופ מייפל לחיץ 580 מ""ל כשל""פ אפיכל",יוניליוור ישראל שיווק בע`מ,IL,EFICOL קינוחים שונים 580 GR,גרמים,580.00,100 גרם,false,1,15.90,2.7414,true,1,48834
7290112496270,false,"פתית צ'יפס תפו""א בתוספת עגבניות ועשבי תיבול 22 גרם",יוניליוור ישראל שיווק בע`מ,GB,פתית ציפס עם תפוחי אדמה עגבניות 22 גרם,גרמים,0.00,100 גרם,false,1,5.50,0.0000,true,1,50372
7290112496287,false,פתית - צ'יפס בטטה בטעם טבעי 21 גרם,יוניליוור ישראל שיווק בע`מ,GB,פתית פתית צ'יפס בטטה בטעם טבעי 21 גר',גרמים,0.00,100 גרם,false,1,5.50,0.0000,true,1,50371
7290112496294,false,חטיף פתית צ'יפס עם אפונה ירוקה צהובה וצ'ילי,יוניליוור ישראל שיווק בע`מ,GB,פתית ציפס עם אפונה ירוקה וצהובה 22 גרם,גרמים,0.00,100 גרם,false,1,5.50,0.0000,true,1,50370
7290112496447,false,נמס בכוס אקסטרה טעם עוף עם המון אטריות 27ג',"יוניליוור ישראל שיווק בע""מ",IL,קנור נמס בכוס אקסטרה מרק טעם עוף עם אטריות 27 גרם,גרמים,27.00,100 גרם,false,1,4.90,18.1481,true,1,53195
7290112496584,false,קליק כריות Black מצופה שוקולד לבן ועוגיות,יוניליוור ישראל שיווק בע`מ,IL,קליק קליק כריות בלאק ושוקולד לבן 65 גרם,גרמים,65.00,100 גרם,false,1,7.90,12.1538,true,1,50212
7290112497123,false,סחלב תערובת להכנת מעדן בטעם סחלב 112גרם,יוניליוור ישראל שיווק בע`מ,IL,קנור סחלב 112 גרם,גרמים,112.00,100 גרם,false,1,15.50,13.8393,true,1,51164
7290112497932,false,נשנושים חטיף בטעם שמנת בצל באריזה אישית 60 ג',"יוניליוור ישראל שיווק בע""מ",IL,בייגל בייגל נשנושים חטיף אפוי בטעם שמנת בצל 60 גרם,גרמים,60.00,100 גרם,false,1,5.50,9.1667,true,1,51535
7290112498267,false,פינוק אל סבון לידיים בניחוח פינוק קלאסי,"יוניליוור ישראל שיווק בע""מ",IL,פינוק אל סבון לידיים בניחוח פינוק קלאסי 950 מל,מיליליטרים,950.00,"100 מ""ל",false,1,12.90,1.3579,true,1,53068
7290112498298,false,"אל סבון ליידים בתוספת שמן מרוקאי פינוק 950 מ""ל","יוניליוור ישראל שיווק בע""מ",TR,פינוק אל סבון לידיים בתוספת שמן מרוקאי 950 מל,מיליליטרים,950.00,"100 מ""ל",false,1,12.90,1.3579,true,1,53069
7290112498526,false,"פתית צ'יפס עם בטטה סגולה בטעם שמנת ובצל, 22 גרם",יוניליוור ישראל שיווק בע`מ,GB,פתית ציפס בטטה סגולה 22 גרם,גרמים,22.00,100 גרם,false,1,5.50,25.0000,true,1,53214
7290112498649,false,גלידת פסק זמן טעם קוקוס 290גר.,"מיוצר ע""\י גלידת שטראוס",IL,שטראוס גלידת פסק זמן קוקוס 520 מל,מיליליטרים,520.00,"100 מ""ל",false,1,25.90,4.9808,true,1,50402
7290112498748,false,מאגדת מיני סולרו וניל תות שדה 350 גר`,"מיוצר ע""\י גלידת שטראוס",IL,מאגדת סולרו מיני תות,גרמים,350.00,100 גרם,false,5,28.90,8.2571,true,1,51581
7290112498786,false,מגנום קריספי קרמל בננה שטראוס,"מיוצר ע""\י גלידת שטראוס",IL,מגנום שלגון מגנום קריספי קרמל בננה 76 גרם,גרמים,76.00,100 גרם,false,1,11.90,15.6579,true,1,51583
7290112498823,false,מיקס עיגול בטעמי וניל וש,"מיוצר ע""\י גלידת שטראוס",IL,גלידה מיקס עיגול כשלפ 70 גרם,גרמים,70.00,100 גרם,false,1,9.90,14.1429,true,1,51864
7290112498878,false,שלגון קורנטו פסק זמן ריבת חלב,"מיוצר ע""\י גלידת שטראוס",IL,קורנטו פסק זמן 69 גרם,גרמים,69.00,100 גרם,false,1,8.90,12.8986,true,1,51887
7290112498885,false,מאגדת גודי'ז תותים ושוקולד לבן 235 גרם,"גלידת שטראוס בע""\מ, רח'\",IL,מאגד גודיז תותים ושוקלד לבן 235גרם,גרמים,235.00,100 גרם,false,1,27.90,11.8723,true,1,51883
7290112498915,false,מאגדת מיני מגנום שקדים מובחר שטראוס 250 גרם,"מיוצר ע""\י גלידת שטראוס",IL,מגנום מאגדת מיני מגנום שקדים מובחרים 5 יחידות,גרמים,250.00,100 גרם,false,1,32.90,13.1600,true,1,52377
7290112498939,false,שלגון בומבה בטעם וניל 80 גרם,"מיוצר ע""\י גלידת שטראוס",IL,שטראוס שלגון בומבה בטעם וניל 80 גרם,גרמים,84.00,100 גרם,false,1,9.90,11.7857,true,1,51886
7290112499080,false,סולרו בר קוקוס 86 מ''ל ימות''ש,"מיוצר ע""\י גלידת שטראוס",IL,גלידת שרבט עם קוקוס 65גרם,גרמים,65.00,100 גרם,false,1,11.90,18.3077,true,1,53905
7290112499097,false,מאגדת מיני מגנום מריר Intense Dark! 240 גרם,"מיוצר ע""\י גלידת שטראוס",IL,מגנום מאגדת מיני מגנום מריר 5 יחידות,גרמים,240.00,100 גרם,false,1,32.90,13.7083,true,1,53907
7290112499103,false,טילון קורנטו קליק וניל עוגיות שטראוס 72 גרם,"צר ע""\י גלידת שטראוס בע\",IL,קורנטו קליק וניל עוגיות 72 גרם,גרמים,72.00,100 גרם,false,1,9.90,13.7500,true,1,54156
7290112499110,false,טילון קליק בטעם שוקולד 72 ג' שטראוס,"צר ע""י גלידת שטראוס",IL,קורנטו קליק שוקולד חזק 72 גרם,גרמים,72.00,100 גרם,false,1,9.90,13.7500,true,1,54157
7290112499127,false,שלגון גלידה שוקולד לבן ותות 77 גרם,"מיוצר ע""\י גלידת שטראוס",IL,מגנום שלגון גלידה שוקולד לבן ותות 77 גרם,גרמים,77.00,100 גרם,false,1,12.90,16.7532,true,1,53904
7290112499141,false,סולרו וניל ותפוח ירוק 76 ג' שטראוס,שטראוס גרופ גלידות,IL,סולרו וניל ותפוח ירוק 76 גרם,גרמים,74.00,100 גרם,false,1,11.90,16.0811,true,1,54155
7290112499196,false,גלידה בטעם החלב של הקורנפלקס 1.33 ל' קרמיסימו,"גלידת שטראוס בע""\מ, רחוב",IL,קרמיסימו החלב של הקורנפלקס 1.33 ליטר,ליטרים,1.33,ליטר,false,1,24.90,18.7218,true,1,54688
7290112499226,false,גלידונית פיסטוק ובננהבקלקר 60 יח 700 גרם,"גלידת שטראוס בע""\מ, רחוב",IL,גלידונית כמה כמה בטעמי פיסטוק ובננה 950,מיליליטרים,950.00,"100 מ""ל",false,1,52.90,5.5684,true,1,55425
7290112499257,false,שלגון שוקובו שטראוס,שטראוס גרופ גלידות,IL,שוקובו לבן 85 גרם,גרמים,85.00,100 גרם,false,1,10.90,12.8235,true,1,55639
7290112499448,false,"מרכך פינוק בתוספת שמן מרוקאי 700 מ""ל",יוניליוור ישראל שיווק בע`מ,IL,פינוק מרכך בתוספת שמן מרוקאי 700 מל,מיליליטרים,700.00,"100 מ""ל",false,1,14.90,2.1286,true,1,52557
7290112499455,false,פינוק תחליב רחצה 700 בתוספת שמן מרוקאי,"יוניליוור ישראל שיווק בע""מ",IL,פינוק תחליב רחצה בתוספת שמן מרוקאי 700 מל,מיליליטרים,700.00,"100 מ""ל",false,1,14.90,2.1286,true,1,52558
7290112499462,false,פינוק תחליב רחצה 700 בתוספת שמן קוקוס,יוניליוור ישראל שיווק בע`מ,IL,פינוק תחליב רחצה בתוספת שמן קוקוס 700 מל,מיליליטרים,700.00,"100 מ""ל",false,1,14.90,2.1286,true,1,52559
7290112499639,false,טילון סופר מגנום וניל צ'יפ שוקולד 110 גרם,"מיוצר ע""\י גלידת שטראוס",IL,קורנטו מגנום טילון וניל צ'יפ שוקולד 110 גרם,גרמים,110.00,100 גרם,false,1,12.90,11.7273,true,1,48811
7290112499646,false,"מעדן קפוא בטעם וניל עם וופל 108 גרם ""קורנטו""","מיוצר ע""\י גלידת שטראוס",IL,קורנטו סופר פקאן 108 גרם,גרמים,108.00,100 גרם,false,1,12.90,11.9444,true,1,49514
7290112499677,false,מגנום וניל בציפוי שוקולד לבן,"מיוצר ע""\י גלידת שטראוס",IL,מגנום שלגון שוקולד לבן 85 גרם,גרמים,85.00,100 גרם,false,1,12.90,15.1765,true,1,48805
7290112499691,false,מאגדת מיני מגנום לבן+שקד,"גלידת שטראוס בע""\מ רח'\",IL,מיני מגנום לבן שקדים 250 גרם,גרמים,250.00,100 גרם,false,1,29.90,11.9600,true,1,48802
7290112499738,false,קרחון שרבט פרווה בטעם מלון 90 גרם,"מיוצר ע""\י גלידת שטראוס",IL,מקס שלגון מלון 90 גרם,גרמים,90.00,100 גרם,false,1,7.90,8.7778,true,1,48885
7290112499776,false,גלידת שמנת מופחתת שומן וקלוריות בטעם שוקולד לבן 240 גרם,"גלידת שטראוס בע""\מ, רח'\",IL,GOODIZ חבילות בית 350 ML,גרמים,297.00,100 גרם,false,1,27.90,9.3939,true,1,49508
7290112499837,false,מגנום דואט שוקו לד עם נוגט שטראוס,"מיוצר ע""\י גלידת שטראוס",IL,Magnum יחידתיות 134 ML,גרמים,90.00,100 גרם,false,1,12.90,14.3333,true,1,48806
7290112499844,false,מאגדת מיני מגנום דואט שוקולד עם נוגט שטראוס 310 גרם,"מיוצר ע""\י גלידת שטראוס",IL,מגנום מאגדת מיני מגנום דואט שוקולד נוגט 5 יחידות,גרמים,310.00,100 גרם,false,1,32.90,10.6129,true,1,48804
7290112499851,false,גלידת שמנת בטעם וניל עם פירורי עוגיות 57 גרם,"גלידת שטראוס בע""\מ, רח'",IL,Magnum יחידתיות 80 ML,גרמים,58.00,100 גרם,false,1,11.90,20.5172,true,1,50022
7290112499899,false,קורנטו קליק בראוניז,"גלידת שטראוס בע""מ, ר",IL,CORNETTO יחידתיות 120 ML,גרמים,72.00,100 גרם,false,1,8.90,12.3611,true,1,49510
7290112499905,false,טילון קורניטו קליק בטעם מרשמלו 72 גרם,"מיוצר ע""\י גלידת שטראוס",IL,קורנטו טילון קורנטו קליק בטעם מרשמלו 72 גרם,גרמים,72.00,100 גרם,false,1,9.90,13.7500,true,1,50023
7290112499929,false,מגנום שוקולד אימפלס פסח 120מל,"מיוצר ע""\י גלידת שטראוס",IL,מגנום שלגון מגנום שוקולד 85 גרם,גרמים,85.00,100 גרם,false,1,12.90,15.1765,true,1,48807
7290112499936,false,מגנום שקדים אימפלס פסח 125מל,"מיוצר ע""\י גלידת שטראוס",IL,מגנום שלגון מגנום שקדים 85 גרם,גרמים,85.00,100 גרם,false,1,12.90,15.1765,true,1,48808
7290112499943,false,מיני מאגדת מיני מגנום טעמים שונים וניל+שוקו,"מיוצר ע""\י גלידת שטראוס",IL,מיני מגנום קלאסיק שוקולד 250 גרם,גרמים,250.00,100 גרם,false,1,32.90,13.1600,true,1,48803
7290112499981,false,שלגון פסק זמן בטעם נוגט 74 גרם,"גלידת שטראוס בע""\מ, רח'",IL,שלגון פסק זמן חום 74 גרם,גרמים,74.00,100 גרם,false,1,11.90,16.0811,true,1,50070
7290112960856,false,טילון אקסטרים115-120 גרם מטבע שוקולד בטעם לוז נוגט נסטלה 115 גרם,נגה גלידות שותפות מוגבלת,IL,נסטל.אקסטרים ליבת ריבת חלב ומטבע 18*115ג,גרמים,128.00,100 גרם,false,1,9.90,7.7344,true,1,41747
7290112961372,false,פיטנס חטיפי פריכיות דקות קינמון 60 גרם,קבוצת אוסם סחר שותפות מוגבלת,IL,פיטנס חטיפי פריכיות דקות קינמון12*60ג,גרמים,60.00,100 גרם,false,1,8.90,14.8333,true,1,41407
7290112961464,false,פיטנס חטיפי פריכיות דגנים וחומוס מתובלות,קבוצת אוסם סחר שותפות מוגבלת,IL,פיטנס חטיפי פריכיות דקות מתובלות 12*60ג,גרמים,60.00,100 גרם,false,1,8.90,14.8333,true,1,41406
7290112962003,false,שלגון קראנץ וניל עוגיות עם שוקולד נסטלה 90 גרם,נגה גלידות שותפות מוגבלת,IL,שלגון בשומן צמחי טעם וניל עוגיות,לא מנהל יחידת מידה,0.00,לא מנהל יחידת מידה,false,1,10.50,0.0000,true,1,41471
7290112962287,false,טבעול שווארמה טבעונית 6*450 גרם,קבוצת אוסם סחר שותפות מוגבלת,IL,שווארמה טבעונית טבעול כשלפ 450גרם,גרמים,450.00,100 גרם,false,1,34.90,7.7556,true,1,48941
7290112962751,false,מעדן קפוא בטעם וניל עם שברי עוגיות וציפוי,נגה גלידות שותפות מוגבלת,IL,אוראו שלגון אימפלס 20*65גרם,גרמים,65.00,100 גרם,false,1,10.90,16.7692,true,1,41751
7290112963321,false,גריסיני בייגלה שטוח ללא גלוטן אסם 300גרם,קבוצת אוסם סחר שותפות מוגבלת,IL,"גרטיפי בייגלה שטוח הכל לל""ג 300גרם",גרמים,300.00,100 גרם,false,1,17.90,5.9667,true,1,49948
7290112963918,false,פיטנס חטיפי קרקר דק רוזמרין 140 גרם,קבוצת אוסם סחר שותפות מוגבלת,IL,פיטנס קרקר דק רוזמרין 12*140גרם,גרמים,140.00,100 גרם,false,1,13.90,9.9286,true,1,46694
7290112964410,false,אסם רוטב אלף האיים חדש לסלט 290 גרם,קבוצת אוסם סחר שותפות מוגבלת,IL,אסם רוטב אלף האיים חדש לסלט 9*290גרם,גרמים,290.00,100 גרם,false,1,12.90,4.4483,true,1,42582
7290112964472,false,אסם רוטב שום חדש לסלט 290 גרם,קבוצת אוסם סחר שותפות מוגבלת,IL,אסם רוטב שום חדש לסלט 9*290גרם,גרמים,290.00,100 גרם,false,1,12.90,4.4483,true,1,42585
7290112964564,false,רוטב אלף האיים לייט לסלט אסם (295 מל),קבוצת אוסם סחר שותפות מוגבלת,IL,אסם רוטב אלף האיים לייט לסלט חדש 9*310ג,גרמים,295.00,100 גרם,false,1,12.90,4.3729,true,1,42587
7290112964601,false,רוטב בנוסח סצ'ואן הסדרה האסייתית,קבוצת אוסם סחר שותפות מוגבלת,IL,אסם רוטב בנוסח סצואן 9*290מל,מיליליטרים,290.00,"100 מ""ל",false,1,15.90,5.4828,true,1,42377
7290112964625,false,רוטב שום לייט לסלט 310 גרם אסם,קבוצת אוסם סחר שותפות מוגבלת,IL,אסם רוטב שום לייט חדש לסלט 9*310גרם,גרמים,310.00,100 גרם,false,1,12.90,4.1613,true,1,42588
7290112964724,false,המבורגר צמחוני עם המון חלבון 580 גר,קבוצת אוסם סחר שותפות מוגבלת,IL,טבעול המבורגר טבעוני 6*580גרם,גרמים,580.00,100 גרם,false,1,34.90,6.0172,true,1,46697
7290112965240,true,מרק נמס עגבניות *,אסם,IL,אסם זוג מרק נמס עגבניות בדצ 12*60גרם,גרמים,88.00,100 גרם,false,1,7.50,8.5227,true,1,47064
7290112965301,true,מרק טעם עוף 38גר,אסם,IL,אסם זוג מרק נמס טעם עוף בדצ 10*52גרם,גרמים,38.00,100 גרם,false,1,7.50,19.7368,true,1,47067
7290112965325,false,אורז בסגנון ספרדי אסם 140 גרם,קבוצת אוסם סחר שותפות מוגבלת,IL,אסם אורז ספרדי 6*140ג,גרמים,140.00,100 גרם,false,1,12.90,9.2143,true,1,48994
7290112965363,false,טבעול קציצות קינואה וברוקולי 525 גרם,קבוצת אוסם סחר שותפות מוגבלת,IL,טבעול קציצת קינואה וברוקולי 2019 6*525ג,גרמים,525.00,100 גרם,false,1,34.90,6.6476,true,1,48246
7290112965660,false,חטיף מולטיגריין מלח פלפל ( 25 גר`) פיטנס,קבוצת אוסם סחר שותפות מוגבלת,IL,פיטנס חטיף מולטיגריין מלח פלפל 25גרם,גרמים,25.00,100 גרם,false,1,6.50,26.0000,true,1,51113
7290112965684,false,פיטנס - חטיף מולטיגריין עשבי תיבול 25 גרם,קבוצת אוסם סחר שותפות מוגבלת,IL,פיטנס חטיף מולטיגריין עשבי תיבול 25גרם,גרמים,25.00,100 גרם,false,1,6.50,26.0000,true,1,51114
7290112965745,false,אוסם - ביסלי פריסטייל בצל מעושן 60 גרם,קבוצת אוסם סחר שותפות מוגבלת,IL,ביסלי פריסטייל בצל מעושן 60 גרם,גרמים,60.00,100 גרם,false,1,4.90,8.1667,true,1,52382
7290112965783,false,אוסם - ביסלי פריסטייל על האש 60 גרם,קבוצת אוסם סחר שותפות מוגבלת,IL,ביסלי פריסטייל על האש 60 גרם,גרמים,60.00,100 גרם,false,1,4.90,8.1667,true,1,52383
7290112965967,false,נאגטס ירקות כתומים ( 500 גר`) טבעול,קבוצת אוסם סחר שותפות מוגבלת,IL,טבעול נאגטס ירקות כתומים 6*500גרם,ליטרים,500.00,ליטר,false,1,34.90,0.0698,true,1,51098
7290112965981,false,"טבעול גורמה ארוחת דגנים, 450 גרם",קבוצת אוסם סחר-שות.מוגבלת,IL,טבעול גורמה ארוחת דגנים 450 גרם,גרמים,450.00,100 גרם,false,1,34.90,7.7556,true,1,53887
7290112966001,false,"טבעול גורמה ארוחת ירוקים, 450 גרם",קבוצת אוסם סחר שותפות מוגבלת,IL,טבעול גורמה ארוחת ירוקים 450 גרם,גרמים,450.00,100 גרם,false,1,34.90,7.7556,true,1,53888
7290112966209,false,אפרופו מצ.שוקולד לבן40ג,מולינו ניקולי s.p.a,IL,אפרופו שוקולד לבן 36*40גרם,גרמים,40.00,100 גרם,false,1,5.90,14.7500,true,1,47509
7290112966445,false,במבה מתוקה אריזה גדולה 100 גר`אסם,קבוצת אוסם סחר שותפות מוגבלת,IL,במבה מתוקה 100 גרם,גרמים,100.00,100 גרם,false,1,10.90,10.9000,true,1,47506
7290112966728,false,צבר טחינה בלאדי פלפלים חריפים 350 גרם,קבוצת אוסם סחר שותפות מוגבלת,IL,צבר טחינה בלאדי פלפלים חריפים 6*350גרם,גרמים,350.00,100 גרם,false,1,17.90,5.1143,true,1,47428
7290112966766,false,טחינה בלאדי חציל עגבניות ושום צבר 350 גרם,קבוצת אוסם סחר שותפות מוגבלת,IL,צבר טחינה בלאדי חציל עגבניות ושום6*350ג,גרמים,350.00,100 גרם,false,1,17.90,5.1143,true,1,47426
7290112966780,false,צבר טחינה בלאדי עם חציל קלוי 350 גרם,קבוצת אוסם סחר-שות.מוגבלת,IL,צבר טחינה בלאדי עם חציל קלוי 6*350גרם,גרמים,350.00,100 גרם,false,1,17.90,5.1143,true,1,47424
7290112966803,false,אינסטנט פודינג בטעם שוקולד אסם (88 גרם),קבוצת אוסם סחר שותפות מוגבלת,IL,אסם פודינג אינסטנט שוקולד 88 גרם,גרמים,88.00,100 גרם,false,1,6.50,7.3864,true,1,48475
7290112966827,false,אסם אינסטנט פודינג שוקולד כלפ 90 גרם,מיוצר עי קונדיטוריית,IL,"פודינג אינטסטנט שוקולד כשל""פ 95 גרם",גרמים,95.00,100 גרם,false,1,5.90,6.2105,true,1,49218
7290112966841,false,אינסטנט פודינג בטעם שוקולד מריר 95 גרם,קבוצת אוסם סחר שותפות מוגבלת,IL,אסם פודינג בטעם שוקולד מריר 90גרם,גרמים,90.00,100 גרם,false,1,6.50,7.2222,true,1,48476
7290112967114,false,פיטנס חטיפי פריכיות קטניות ופלפל 60 גרם,קבוצת אוסם סחר שותפות מוגבלת,IL,פיטנס חטיפי פריכיות קטניות ופלפל 60 גר,גרמים,60.00,100 גרם,false,1,8.90,14.8333,true,1,50167
7290112967381,false,פיטנס חטיפי פריכיות קטניות ומלח ים 60 גרם,קבוצת אוסם סחר שותפות מוגבלת,IL,פיטנס חטיפי פריכיות קטניות ומלח ים 60 ג,גרמים,60.00,100 גרם,false,1,8.90,14.8333,true,1,50166
7290112967848,false,אבקה להכנת ג`לי בטעם תות אסם (90 גרם) מו,קבוצת אוסם סחר שותפות מוגבלת,IL,אסם גלי תות שדה מופחת סוכר68גרם,גרמים,68.00,100 גרם,false,1,7.50,11.0294,true,1,48480
7290112968203,false,צבר סלט טחינה בלאדי 6*250גרם,קבוצת אוסם סחר שותפות מוגבלת,IL,סלט טחינה בלאדי צבר 250גרם,גרמים,250.00,100 גרם,false,1,12.90,5.1600,true,1,49108
7290112968340,false,צבר חומוס גרוס גס גס 400 גרם,קבוצת אוסם סחר שותפות מוגבלת,IL,צבר חומוס גרוס גס גס 400גרם,גרמים,400.00,100 גרם,false,1,14.90,3.7250,true,1,49178
7290112968449,false,סלט טחינה כרוב אדום 250 גרם,קבוצת אוסם סחר שותפות מוגבלת,IL,סלט כרוב אדום צבר 250גרם,גרמים,250.00,100 גרם,false,1,12.90,5.1600,true,1,49109
7290112968524,false,צבר סלט חומוס גרגירים רכים 6*250גרם,קבוצת אוסם סחר שותפות מוגבלת,IL,סלט חומוס סמיר צבר 250גרם,גרמים,250.00,100 גרם,false,1,12.90,5.1600,true,1,49111
7290112968807,false,80018416694פיטנס חטיפי קרקר דק סלק 150גר,קבוצת אוסם סחר שותפות מוגבלת,IL,פיטנס קרקר דק סלק 12*140גרם,גרמים,140.00,100 גרם,false,1,13.90,9.9286,true,1,50566
7290112968821,false,חטיפי קרקר דק בטטה 140 גר` פיטנס,קבוצת אוסם סחר שותפות מוגבלת,IL,פיטנס קרקר דק בטטה 12*140גרם,גרמים,140.00,100 גרם,false,1,13.90,9.9286,true,1,50567
7290113192171,false,מיקס אגוזים שקדים וחמוציו 150ג דין שיו,דין שיווק וקליה 2021 בעמ,IL,מיקס אגוזים שקדים וחמוציות 150 גרם,גרמים,150.00,100 גרם,false,1,17.90,11.9333,true,1,52804
7290113192300,true,חרוזית מושחר בית הש,בית השיטה,IL,חרוזית מושחר בית השיטה 275גר,יחידה,0.00,יחידה,false,1,11.90,0.0000,true,1,48651
7290113192317,true,טבעות זיתים מושחרים,בית השיטה,IL,טבעות זיתים מושחרים בית השיטה 280גר,גרמים,280.00,100 גרם,false,1,13.90,4.9643,true,1,53210
7290113192324,true,זית ירוק בית השיטה,בית-השיטה עסיס תעשיו,IL,זית ירוק בית השיטה 340גר,גרמים,340.00,100 גרם,false,1,10.80,3.1765,true,1,48652
7290113192331,true,זית ירוק גדול בית ה,בית-השיטה עסיס תעשיו,IL,זית ירוק גדול בית השיטה 340גר,גרמים,0.00,100 גרם,false,1,12.90,0.0000,true,1,48653
7290113192355,true,חרוזית ירוק בית השיט,בית-השיטה עסיס תעשיו,IL,חרוזית ירוק בית השיטה 275גר,גרמים,275.00,100 גרם,false,1,11.90,4.3273,true,1,48654
7290113192362,true,טבעות זיתים ירק בית,בית-השיטה עסיס תעשיו,IL,טבעות זיתים ירק בית השיטה 280גר,גרמים,280.00,100 גרם,false,1,13.90,4.9643,true,1,54748
7290113192379,true,זיתים ירוקים מבוקעים,שוורצקוף& הנקל דיסלד,IL,זיתים ירוקים מבוקעים בית השיטה 340גר,גרמים,340.00,100 גרם,false,1,10.90,3.2059,true,1,48655
7290113192386,true,זית סורי מבוקע בית,בית-השיטה עסיס תעשיו,IL,זית סורי מבוקע בית השיטה 340גר,גרמים,340.00,100 גרם,false,1,12.90,3.7941,true,1,48656
7290113192393,true,קוקטייל זיתים בית ה,בית-השיטה עסיס תעשיו,IL,קוקטייל זיתים בית השיטה 336גר,גרמים,336.00,100 גרם,false,1,13.90,4.1369,true,1,48657
7290113192478,true,מלפפונים במלח 10-12,בית-השיטה עסיס תעשיו,IL,מלפפונים במלח 10-12 בית השיטה 320גר,גרמים,320.00,100 גרם,false,1,9.90,3.0938,true,1,48660
7290113192485,true,מלפפונים בחומץ 10-12,בית-השיטה עסיס תעשיו,IL,מלפפונים בחומץ 10-12בית השיטה 290גר,גרמים,290.00,100 גרם,false,1,9.90,3.4138,true,1,48661
7290113192492,true,מלפפונים בחומץ 17-13,בית-השיטה עסיס תעשיו,IL,מלפפונים בחומץ 17-13בית השיטה 290גר,גרמים,290.00,100 גרם,false,1,11.90,4.1034,true,1,48662
7290113192508,true,מלפפונים במלח 17-13ב,בית-השיטה עסיס תעשיו,IL,מלפפונים במלח 17-13בית השיטה 320גר,גרמים,320.00,100 גרם,false,1,11.90,3.7188,true,1,48663
7290113192515,true,מלפפונים במלח 18 -25,בית-השיטה עסיס תעשיו,IL,מלפפונים במלח 18 -25בית השיטה 320גר,גרמים,0.00,100 גרם,false,1,13.90,0.0000,true,1,48664
7290113192522,true,מלפפונים בחומץ בית ה,בית-השיטה עסיס תעשיו,IL,מלפפונים בחומץ בית השיטה 18-25 290גר,גרמים,290.00,100 גרם,false,1,13.90,4.7931,true,1,48665
7290113192539,true,מלפפונים במלח 7-9 ב,בית-השיטה עסיס תעשיו,IL,מלפפונים במלח 7-9 בית השיטה 320גר,לא מנהל יחידת מידה,0.00,לא מנהל יחידת מידה,false,1,7.90,0.0000,true,1,48666
7290113192546,true,מלפפונים בחומץ 7-9 ב,בית-השיטה עסיס תעשיו,IL,מלפפונים בחומץ 7-9 בית השיטה 290גר,גרמים,290.00,100 גרם,false,1,7.90,2.7241,true,1,48667
7290113192553,true,מלפפונים באלדי 13-17,בית-השיטה עסיס תעשיו,IL,ב.הש.מלפ.מלח.בלדי א2 13-17 12*320ג חדש,גרמים,320.00,100 גרם,false,1,11.50,3.5938,true,1,53414
7290113192560,true,פלפל שיפקה בית השיטה,בית-השיטה עסיס תעשיו,IL,פלפל שיפקה בית השיטה 230גר,גרמים,230.00,100 גרם,false,1,7.90,3.4348,true,1,48668
7290113192577,true,כרוב כבוש בית השיטה,שוורצקוף& הנקל דיסלד,IL,כרוב כבוש בית השיטה 430גר,גרמים,430.00,100 גרם,false,1,9.90,2.3023,true,1,48669
7290113193000,false,בית השיטה פלפל שיפקונית 230 גרם*,קבוצת אוסם סחר שותפות מוגבלת,IL,פלפל שיפקונית בית השיטה 230 גרם,גרמים,230.00,100 גרם,false,1,12.90,5.6087,true,1,49423
7290113193031,false,חרוזית קלמטה - זיתים שחורים ללא גלעין קלמטה,קבוצת אוסם סחר שותפות מוגבלת,IL,זית חרוזית קלמטה בית השיטה 275גרם,גרמים,275.00,100 גרם,false,1,14.90,5.4182,true,1,49932
7290113193888,false,בית השיטה חצילים מוחמצים 320 גרם,קבוצת אוסם סחר שותפות מוגבלת,IL,חצילים מוחמצים בית השיטה 320גרם,גרמים,320.00,100 גרם,false,1,12.90,4.0313,true,1,53694
7290113195479,false,קמח שקדים ( 200 גר`) שקדיה,דין שיווק וקליה 2021 בעמ,IL,קמח שקדים 200 גר שקדיה זיפר,גרמים,200.00,100 גרם,false,1,16.90,8.4500,true,1,52963
7290113198036,false,80086980045פקאן מצופה בטעם קרמל 150 גרם,דין שיווק וקליה 2021 בעמ,IL,פקאן מצופה בטעם קרמל 150 גרם,גרמים,150.00,100 גרם,false,1,16.90,11.2667,true,1,52893
7290113198043,false,פקאן מצופה שוקולד ועוגיות 150 גרם,דין שיווק וקליה 2021 בעמ,IL,פקאן מצופה שוקולד ועוגיות 150גרם,גרמים,150.00,100 גרם,false,1,16.90,11.2667,true,1,52855
7290113198067,false,פקאן מצופה שוקולד לבן 150 גרם,דין שיווק וקליה 2021 בעמ,IL,פקאן מצופה שוקולד לבן 150 גרם,גרמים,150.00,100 גרם,false,1,16.90,11.2667,true,1,52892
7290113198074,false,פקאן מצופה בשוקולד שיש 150 גרם,דין שיווק וקליה 2021 בעמ,IL,פקאן מצופה שוקולד שיש 150גרם,גרמים,150.00,100 גרם,false,1,16.90,11.2667,true,1,52856
7290113198241,false,קשיו ענק קלוי בצנצנת,דין שיווק,IL,קשיו ענק קלוי בצנצנת 200 גרם,גרמים,200.00,100 גרם,false,1,22.90,11.4500,true,1,55302
7290113198258,false,פיסטוק ענק קלוי בצנצ,דין שיווק,IL,פיסטוק ענק קלוי בצנצנת 170 גרם,גרמים,170.00,100 גרם,false,1,22.90,13.4706,true,1,55303
7290113198265,false,שקד ענק קלוי בצנצנת,דין שיווק,IL,שקד ענק קלוי בצנצנת 200 גרם,גרמים,200.00,100 גרם,false,1,22.90,11.4500,true,1,55304
7290113198272,false,תערובת פיצוחים פרימי,דין שיווק,IL,תערובת פיצוחים פרימיום בצנצנת 200 גרם,גרמים,200.00,100 גרם,false,1,22.90,11.4500,true,1,55305
7290113198562,false,סוכריות גומי בטעם תות שדה 200 ג' שקדיה,דין שיווק וקליה 2021 בעמ,IL,סוכריות גומי בטעם תות שדה 200גרם,גרמים,200.00,100 גרם,false,1,11.90,5.9500,true,1,52988
7290113198579,false,סוכריות גומי דובונים בטעמי פירות 200 ג' שקדיה,דין שיווק וקליה 2021 בעמ,IL,סוכריות גומי דובונים 200 גרם,גרמים,200.00,100 גרם,false,1,11.90,5.9500,true,1,52989
7290113198586,false,סוכריות גומי מסוכרות בטעם אפרסק 200 ג' שקדיה,דין שיווק וקליה 2021 בעמ,IL,סוכריות גומי מצופות סוכר בטעם אפרסק 200 גרם,גרמים,200.00,100 גרם,false,1,11.90,5.9500,true,1,52990
7290113198593,false,סוכריות גומי מסוכרות בטעם בננה 200 ג' שקדיה,דין שיווק וקליה 2021 בעמ,IL,סוכריות גומי מצופות סוכר בטעם בננה 200 גרם,גרמים,200.00,100 גרם,false,1,11.90,5.9500,true,1,52991
7290113198609,false,סוכריות גומי נחשים בטעמי פירות 200 ג' שקדיה,דין שיווק וקליה 2021 בעמ,IL,סוכריות גומי נחשים 200 גרם,גרמים,200.00,100 גרם,false,1,11.90,5.9500,true,1,52992
7290113199859,false,מגש אירוח סוכריות גומי 350 ג' שקדיה,דין שיווק וקליה 2021 בעמ,IL,מגש אירוח סוכריות גומי 350 גרם,גרמים,350.00,100 גרם,false,1,16.90,4.8286,true,1,54101
7290113199897,false,סוכריות חמצוצים בטעם תות שדה 180 ג' שקדיה,דין שיווק וקליה 2021 בעמ,IL,סוכריות חמצוצים בטעם תות שדה 180 גרם,גרמים,180.00,100 גרם,false,1,11.90,6.6111,true,1,54099
7290113199927,false,סוכריות חמצוצים בטעם פירות 180 ג' שקדיה,דין שיווק וקליה 2021 בעמ,IL,סוכריות חמצוצים בטעמי פירות 180 גרם,גרמים,180.00,100 גרם,false,1,11.90,6.6111,true,1,54100
7290113300194,false,פאוץ מתחוני לה קט עם עוף ברוטב 85ג,דיפלומט מפיצים (1968) בעמ**,FR,פאוצ נתחוני לה קט עם עוף ברוטב,גרמים,85.00,100 גרם,false,1,4.90,5.7647,true,1,49115
7290113452855,false,סוכריות גומי יין ארו,טופגם,IL,סוכריות גומי יין ארוז 200 גרם,גרמים,200.00,100 גרם,false,1,11.90,5.9500,true,1,53313
7290113452862,false,סוכריות גומי נחש מוב,טופגם,IL,סוכריות גומי נחש מוברק ארוז 200 גרם,גרמים,200.00,100 גרם,false,1,11.90,5.9500,true,1,53274
7290113452916,false,סוכריות גומי קולה קט,טופגם,IL,סוכריות גומי קולה קטן ארוז 200 גרם,גרמים,200.00,100 גרם,false,1,11.90,5.9500,true,1,53273
7290113452923,false,סוכריות גומי לב אפרס,טופגם,IL,סוכריות גומי לב אפרסק ארוז 200 גרם,גרמים,200.00,100 גרם,false,1,11.90,5.9500,true,1,53314
7290113452930,false,סוכריות גומי דובי מו,טופגם,IL,סוכריות גומי דובי מוברק ארוז 200 גרם,גרמים,200.00,100 גרם,false,1,11.90,5.9500,true,1,53276
7290113453043,false,סוכריות גומי תות קטן,טופגם,IL,סוכריות גומי תות קטן 200 גרם,גרמים,200.00,100 גרם,false,1,11.90,5.9500,true,1,53315
7290113453050,false,סוכריות גומי תות קטן,טופגם,IL,סוכריות גומי תות קטן מסוכר 200 גרם,גרמים,200.00,100 גרם,false,1,11.90,5.9500,true,1,53316
7290114310215,false,"שמנת מתוקה 38% רמת הגולן 250 מ""ל ווסטהיים - מוצר בפיקוח",החברה המרכזית טלהפצת משקאות בע,IL,"שמנת מתוקה 38% 250 מ""ל בבקבוק - בד""צ",מיליליטרים,250.00,"100 מ""ל",false,1,6.47,2.5880,true,1,49699
7290114310222,false,חלב מועשר בסידן וויטמין Dי 3% 1.5 ל' טרה,*החברה המרכזית להפצת משקאותבעמ,IL,חלב מועשר בסידן וויטמין D טרה 3% 1.5 ל',ליטרים,1.50,ליטר,false,1,13.90,9.2667,true,1,50861
7290114310239,false,חלב נטול לקטוז מועשר בוויטמין D י 2% 1.5 ל' טרה,החברה המרכזית טלהפצת משקאות בע,IL,חלב נטול לקטוז מועשר בויטמיןD טרה 2% 1.5,ליטרים,1.50,ליטר,false,1,13.90,9.2667,true,1,52772
7290114310376,false,מולר עם מנגו פסיפלור,מילקו,IL,Muller HEAVEN מנגו פסיפלורה,גרמים,120.00,100 גרם,false,1,6.50,5.4167,true,1,52630
7290114310550,false,גבינת פטה עיזים מעודנת 5% משק צוריאל 200 גרם,החברה המרכזית טלהפצת משקאות בע,IL,בולגרית עיזים מעודנת 16% בגביע - 200 גר',גרמים,200.00,100 גרם,false,1,26.90,13.4500,true,1,52395
7290114310628,false,משקה חלב וניל ועוגיות בקבוק 1 ליטר,החברה המרכזית טלהפצת משקאות בע,IL,משקה חלב וניל עוגיות 1 ליטר,ליטרים,1.00,ליטר,false,1,13.90,13.9000,true,1,52484
7290114310673,false,לאבנה מחלב בקר 9% שומן 250 גרם,החברה המרכזית טלהפצת משקאות בע,IL,לאבנה 9% 250 גרם,גרמים,250.00,100 גרם,false,1,14.50,5.8000,true,1,52037
7290114310932,false,יוגורט תפוז רימון3% 150ג,Unknown,IL,יוגורט Bio עם קציפת רימון תפוז 3% שומן,גרמים,150.00,100 גרם,false,1,5.90,3.9333,true,1,53113
7290114310949,false,יוג.מולר תפוח קינמון150ג,טרה,IL,יוגורט Bio עם קציפת תפוח קינמון 3% שומן,גרמים,150.00,100 גרם,false,1,5.90,3.9333,true,1,53114
7290114311069,false,יוגורט לבן מועשר בחלבון 0% שומן 200 גרם muller active,החברה המרכזית טלהפצת משקאות בע,IL,Muller Active יוגורט BIO מועשר חלבון,גרמים,200.00,100 גרם,false,1,6.90,3.4500,true,1,51567
7290114311090,false,מולר נטורל+יוגורט ביו דבש גרנולה 177 ג`,*החברה המרכזית להפצת משקאותבעמ,IL,מולר נטורל + 1.7% שומן בתוספת גרנולה וסירופ דבש,גרמים,177.00,100 גרם,false,1,7.70,4.3503,true,1,53751
7290114311144,false,מה עז 9% שום שמיר150 גרם,מחלבת משק צוריאל,IL,מה עז גבינת עיזים עם שום ושמיר 9% צורי,גרמים,150.00,100 גרם,false,1,27.90,18.6000,true,1,54273
7290114311151,false,גבינת עיזים מה עז כמ,מחלבת משק צוריאל,IL,"משק צוריאל מה-עז מחלב עיזים, כמהין 9% שומן 150 גרם",גרמים,150.00,100 גרם,false,1,27.90,18.6000,true,1,54274
7290114311168,false,נעם בטעמים-כמהין 200גר,*החברה המרכזית להפצת משקאותבעמ,IL,נעם בטעמים-כמהין 200 גרם,גרמים,200.00,100 גרם,false,1,22.90,11.4500,true,1,54275
7290114311205,false,תום עיזים ביין צוריאל 160 גר`,החברה המרכזית להפצה,IL,תום עיזים ביין 160 גרם 28%,גרמים,160.00,100 גרם,false,1,29.90,18.6875,true,1,54279
7290114311328,false,חלב מועשר דל לקטוז מעושר בויטמין Dי 2% שומן טרה 1 ליטר,*החברה המרכזית להפצת משקאותבעמ,IL,D חלב נטול לקטוז 2%טרה מועשר בוויטמין,ליטרים,1.00,ליטר,false,1,8.90,8.9000,true,1,55301
7290114311434,false,מולר אקטיב יוגורט חלבון קרמל מלוח 200 גרם,החברה המרכזית טלהפצת משקאות בע,IL,מולר אקטיב 20 גרם חלבון קרמל מלוח 200 ג,גרמים,200.00,100 גרם,false,1,6.90,3.4500,true,1,55455
7290114311441,false,מולר אקטיב יוגורט חלבון עוגיות חמאה 200 גרם,החברה המרכזית טלהפצת משקאות בע,IL,מולר אקטיב 20 גרם חלבון עוגיות חמאה 200,גרמים,200.00,100 גרם,false,1,6.90,3.4500,true,1,55456
7290114311458,false,חלב קרטון 3% מועשר ויטמין די 1 ליטר,*החברה המרכזית להפצת משקאותבעמ,IL,D,ליטרים,1.00,ליטר,false,1,8.50,8.5000,true,1,55342
7290114600996,false,מאסטר שף רוטב שום 256 גרם,ש. שסטוביץ בע`מ,NL,"רוטב שום גר` מאסטר שף, 256 גרם",גרמים,256.00,100 גרם,false,1,10.90,4.2578,true,1,54883
7290114603034,false,"פרי גרנולה אגוזים צימוקים וחמוציות, 300 ג'",ש. שסטוביץ בע`מ,IL,גרנולה פרי אגוזים צימוקים וחמוציות 300גר,גרמים,300.00,100 גרם,false,1,15.90,5.3000,true,1,51279
7290114603041,false,פרי גרנולה בוטנים אגוזים וקוקוס חלבון .,ש. שסטוביץ בע`מ,IL,גרנולה פרי אגוזים בוטנים קוקוס חלבון300ג,גרמים,300.00,100 גרם,false,1,15.90,5.3000,true,1,51280
7290114603508,false,"רוטב להקפצה מאסטר שף 300 מ""ל",ש. שסטוביץ בע`מ,TH,"מאסטר שף רוטב להקפצה, 300 מ""ל",גרמים,300.00,100 גרם,false,1,10.90,3.6333,true,1,54885
7290114603522,false,מאסטר שף רוטב קארי ירוק 340 גרם,ש. שסטוביץ בע`מ,TH,מאסטר שף רוטב קארי ירוק 340 גרם,גרמים,340.00,100 גרם,false,1,17.90,5.2647,true,1,50943
7290114604871,false,קוסקוס סולת בינוני מאסטר שף 350 גרם,ש. שסטוביץ בע`מ,IL,מאסטר שף קוסקוס בינוני 350 גרם,גרמים,350.00,100 גרם,false,1,6.90,1.9714,true,1,51430
7290114607391,false,"קולגייט משחת לילדים ברבי 2-5 שנים, 75 מ""ל",קולגייט פלמוליב,MX,"משחת שיניים לילדים בטעם פירות ברבי, 75 מ""ל",מיליליטרים,75.00,"100 מ""ל",false,1,15.90,21.2000,true,1,53021
7290114720250,false,פוג'יקום מטען סוללות USB אוניברסלי,פוג'יקום,,מטען סוללות USB אוני,יחידה,1.00,יחידה,false,1,69.90,69.9000,true,1,51924
7290114720625,false,מטען אלחוטי MAH 5000 יחי,פוג'יקום,,מטען נייד למוצרי USB,יחידה,1.00,יחידה,false,1,79.90,79.9000,true,1,51927
7290114720878,false,פוג'יקום מארז זוג נורות 75W אור לבן,פוגיקום בעמ,,75w מארז זוג נורות לבן,יחידה,1.00,יחידה,false,1,29.90,29.9000,true,1,52119
7290115073676,false,מסכות כירורגיות צבעוני מארז 50 יח(ש),שמחה זה אנחנו בע`מ,CN,מסכות מנתח שחורות 50 יח שמחה זה אנחנו,יחידה,1.00,יחידה,false,1,9.90,9.9000,true,1,50410
7290115180251,false,יחידות טבק לחימום אמבר PP קרטוש,פיליפ מוריס,,יחידות טבק לחימום אמבר PP חפיסה,יחידה,1.00,יחידה,false,1,27.90,27.9000,false,1,51471
7290115180268,false,יחידות טבק לחימום צהוב PP,פיליפ מוריס בעמ,IL,יחידות טבק לחימום צהוב PP בודד,יחידה,1.00,יחידה,false,1,27.90,27.9000,true,1,51138
7290115180275,false,יחידות טבק לחימום טורקיז PP,פיליפ מוריס בעמ,IL,יחידות טבק לחימום טורקיז PP בודד,יחידה,1.00,יחידה,false,1,27.90,27.9000,true,1,51141
7290115180282,false,יחידות טבק לחימום ברונז PP,פיליפ מוריס,IL,יחידות טבק לחימום ברונז PP בודד,יחידה,1.00,יחידה,false,1,27.90,27.9000,true,1,51142
7290115180299,false,יחידות טבק לחימום סיינה PP,פיליפ מוריס,IL,יחידות טבק לחימום סיינה PP בודד,יחידה,1.00,יחידה,false,1,27.90,27.9000,true,1,51145
7290115180688,false,יחידות טבק לחימום סגול PP,פיליפ מוריס,,יחידות טבק לחימום סגול PPבודד,יחידה,1.00,יחידה,false,1,27.90,27.9000,false,1,50991
7290115181500,false,יחידות טבק לחימום הייטס לגונה סוופיט,פיליפ מוריס,,הייטס לגונה סוויפט PP בודד,יחידה,1.00,יחידה,false,10,27.90,27.9000,false,1,53796
7290115181531,false,EHC1 HEETS TEAK SELECTION S50 PRI חפיסה,פיליפ מוריס,RO,PP טבק היטס טיק חפיסה,יחידה,1.00,יחידה,false,1,27.90,27.9000,true,1,54236
7290115190014,false,סיגריות מרלבורו רד קצר בוקס,פיליפ מוריס בעמ,,סיגריות PPמרלבורו רד חפיסה,יחידה,1.00,יחידה,false,1,35.50,35.5000,false,1,50822
7290115190038,false,סיגריות מרלבורו רד קצר סופט,פיליפ מוריס בעמ,,סיגריות PPמרלבורו רד סופט חפיסה,יחידה,1.00,יחידה,false,1,33.20,33.2000,false,1,50808
7290115190052,false,סיגריות מרלבורו מדיום פלייבור מיקס,פיליפ מוריס בעמ,,סיגריות מרלבורו פלייבור מיקסPP חפיסה בוד,יחידה,1.00,יחידה,false,1,35.50,35.5000,false,1,50705
7290115190076,false,סיגריות מרלבורו גולד ארוך 100 בוקס,פיליפ מוריס בעמ,,סיגריות מרלבורו גולד 100בודד,יחידה,1.00,יחידה,false,1,35.50,35.5000,false,1,51151
7290115190090,false,סיגריות מרלבורו קצר בוקס בודד,פיליפ מוריס בעמ,,סיגריות מרלבורו גולדPP חפיסה,יחידה,1.00,יחידה,false,1,35.50,35.5000,false,1,50797
7290115190113,false,מרלבורו גולד קצר סופט חפיסה,פיליפ מוריס בעמ,,סיגריות מרלבורו גולד סופטPP חפיסה,יחידה,1.00,יחידה,false,1,33.20,33.2000,false,1,50816
7290115190137,false,סיגריות מרלבורו טאצ סילבר יחידה,פיליפ מוריס בעמ,,סיגריות מרלבורו פיין טאץPP חפיסה,יחידה,1.00,יחידה,false,1,31.50,31.5000,false,1,50818
7290115190151,false,סיגריות מרלבורו טאצ גולד,פיליפ מוריס בעמ,,סיגריות מרלבורו טאץPP חפיסה,יחידה,1.00,יחידה,false,1,31.50,31.5000,false,1,50810
7290115190175,false,פרלמנט סופר סלימס קופסא,פיליפ מוריס בעמ,,סיגריות פרלמנט סופר סלימסPP חפיסה בודד,יחידה,1.00,יחידה,false,1,40.40,40.4000,false,1,50701
7290115190199,false,פרלמנט נייט ארוך חפיסה) (20,פיליפ מוריס בעמ,,פרלמנט נייט 100PP חפיסה,יחידה,1.00,יחידה,false,1,40.40,40.4000,false,1,52156
7290115190212,false,סיגריות פרלמנט בלו 100 BR בודד,פיליפ מוריס בעמ,,סיגריות פרלמנט בלו 100PPחפיסה,יחידה,1.00,יחידה,false,1,40.40,40.4000,false,1,50801
7290115190236,false,סיגריות פרלמנט קצר בלו בודד,פיליפ מוריס בעמ,,סיגריות פרלמנט בלוPP חפיסה,יחידה,1.00,יחידה,false,1,40.40,40.4000,false,1,50799
7290115190250,false,סיגריות פרלמנט קצר בודד,פיליפ מוריס בעמ,,סיגריות פרלמנט נייטPP חפיסה בודד,יחידה,1.00,יחידה,false,1,40.40,40.4000,false,1,50707
7290115190274,false,סיגריות פרלמנט סילבר,פיליפ מוריס בעמ,,סיגריות פרלמנט סילברPP חפיסה,יחידה,1.00,יחידה,false,1,40.40,40.4000,false,1,50812
7290115190335,false,ל.מ.בלו לייבל ארוך בוקס חפיסה,פיליפ מוריס בעמ,,ל.מ בלו 100PP חפיסה,יחידה,1.00,יחידה,false,1,31.50,31.5000,false,1,52204
7290115190359,false,אל.אמ בלו לייבל קצר חפיסה) (20,פיליפ מוריס בעמ,,סיגריות ל.מ בלוPP חפיסה בודד,יחידה,1.00,יחידה,false,1,31.50,31.5000,false,1,50703
7290115190373,false,סיגריות ל.מ. קפסולהP,פיליפ מוריס בעמ,,סיגריות ל.מ. קפסולהPP חפיסה,יחידה,1.00,יחידה,false,1,31.50,31.5000,false,1,50814
7290115190397,false,סיגריות L.M קצר רד לייבל בודד,פיליפ מוריס בעמ,,ל.מ רדPP חפיסה בודד סיגריות,יחידה,1.00,יחידה,false,1,31.50,31.5000,false,1,50698
7290115190410,false,ל.מ. סילבר לייבל חפיסה,פיליפ מוריס בעמ,,סיגריות ל.מ סילברPP חפיסה,יחידה,1.00,יחידה,false,1,31.50,31.5000,false,1,50803
7290115190434,false,סיגריות L.M וייב סלימס בודד,פיליפ מוריס בעמ,IL,סיגריות ל.מ וייבPP חפיסה בודד,יחידה,1.00,יחידה,false,1,31.50,31.5000,false,1,50709
7290115190458,false,סיגריות נקסט פיין אדג' בודד,פיליפ מוריס בעמ,,סיגריות נקסט אדג בודד,יחידה,1.00,יחידה,false,1,25.00,25.0000,false,1,51080
7290115190472,false,סיגריות נקסט אדג' בודד,פיליפ מוריס בעמ,,סיגריות נקסט פיין אדגPP חפיסה,יחידה,1.00,יחידה,false,1,25.00,25.0000,false,1,51412
7290115190496,false,סיגריות נקסט ארוך בודד,פיליפ מוריס בעמ,IL,סיגריות נקסט פיין 100PP חפיסה,יחידה,1.00,יחידה,false,1,30.20,30.2000,false,1,51729
7290115190519,false,סיגריות נקסט פיין חפ,פיליפ מוריס בעמ,,סיגריות נקסט פיין חפיסה,יחידה,1.00,יחידה,false,1,30.20,30.2000,false,1,50805
7290115190526,false,נקסט ריסס ארוך פקאט 10 יחידות,פיליפ מוריס בעמ,,סיגריות נקסט ריסס 100פקט,יחידה,1.00,יחידה,false,10,260.00,260.0000,false,1,51149
7290115190533,false,סיגריות נקסט ריסס 100 בודד,פיליפ מוריס בעמ,,סיגריות נקסט ריסס 100בודד,יחידה,1.00,יחידה,false,1,26.00,26.0000,false,1,51148
7290115190557,false,חפיסת סיגריות ריסס פילטר נקסט) (20,פיליפ מוריס בעמ,,סיגריות נקסט ריסס קצרPP חפיסה,יחידה,1.00,יחידה,false,1,26.00,26.0000,false,1,50806
7290115190571,false,סיגריות נקסט לילך בודד,פיליפ מוריס בעמ,,סיגריות נקסט לילךPP חפיסה בודד,יחידה,1.00,יחידה,false,1,30.20,30.2000,false,1,50700
7290115190595,false,סיגריות נקסט אוריגינ,פיליפ מוריס בעמ,,סיגריות נקסט אוריגינלPP חפיסה,יחידה,1.00,יחידה,false,1,30.20,30.2000,false,1,50795
7290115190618,false,מרלבורו רד-טבק לגלגול סיגריות בודד,פיליפ מוריס בעמ,,טבק מרלבורו רדPP חפיסה,יחידה,1.00,יחידה,false,1,91.30,91.3000,true,1,51466
7290115190632,false,מרלבורו גולד-טבק לגלגול סיגריות בודד,פיליפ מוריס בעמ,,טבק מרלבורו גולד חפיסה 30 גרם,גרמים,30.00,100 גרם,false,1,91.30,304.3333,false,1,51414
7290115190656,false,נקסט טבק פיין סיגריות חפיסה.,פיליפ מוריס בעמ,,טבק נקסט פייןPP חפיסה,יחידה,1.00,יחידה,false,1,87.30,87.3000,true,1,51215
7290115190670,false,טבק נקסט אוריג'ינל 40 גרם חפיסה,פיליפ מוריס בעמ,,טבק נקסט אוריגינל בודד,יחידה,1.00,יחידה,false,1,87.30,87.3000,true,1,51153
7290115190694,false,טבק צ'סטרפילד פיין וירגינה 5 יח באריזה,פיליפ מוריס,,טבק צסטרפילד פיין וירגינה בודד,יחידה,1.00,יחידה,false,1,68.30,68.3000,true,1,51146
7290115190731,false,טבק צ`סטרפילד אורג`ינל בודד,פיליפ מוריס בעמ,,טבק צסטרפילד אוריגינל 30PP חפיסה,יחידה,1.00,יחידה,false,1,68.30,68.3000,true,1,50820
7290115190779,false,מרלבורו גולד סיל חפיסה,פיליפ מוריס,,סיגריות מרלבורו גולד סיל בודד,יחידה,1.00,יחידה,false,1,35.50,35.5000,false,1,53943
7290115190892,false,סיגריות מרלבורו פיוז'ן קפסולה בודד,פיליפ מוריס בעמ,IL,סיגריות מרלבורו פיוזן קפסולה בודד,יחידה,1.00,יחידה,false,1,27.00,27.0000,false,1,52464
7290115190915,false,טבק לגלגול נקסט לבן 50 גר`בודד,פיליפ מוריס בעמ,,טבק לגלגול נקסט לבן XL ל 50 גרם בודד,גרמים,50.00,100 גרם,false,1,102.30,204.6000,true,1,52293
7290115190939,false,אל.אם קפסולות קליק חפיסה,פיליפ מוריס בעמ,,סיגריות ל.מ קליק קפסולה בודד,יחידה,1.00,יחידה,false,1,25.00,25.0000,false,1,53281
7290115190960,false,מרלבורו טאץ אדום קרטוש,פיליפ מוריס,TR,מרלבורו טאץ אדום פאקט,יחידה,10.00,יחידה,false,10,290.00,29.0000,false,1,54735
7290115190977,false,סיגריות מרלבורו טאץ אדום -בודד,פיליפ מוריס בעמ,TR,מרלבורו טאץ אדום חפיסה,יחידה,20.00,יחידה,false,1,29.00,1.4500,false,1,54734
7290115191035,false,מרלבורו סאמר ספלאש קופסא,פיליפ מוריס בעמ,RS,מרלבורו סאמר ספלאש חפיסה בודד,יחידה,1.00,יחידה,false,1,29.00,29.0000,false,1,54390
7290115191073,false,נקסט ריץ' ריסס חפיסה,פיליפ מוריס בעמ,RS,נקסט ריץ ריסס חפיסה,יחידה,1.00,יחידה,false,1,26.00,26.0000,true,1,55477
7290115200003,false,אסם פתי בר פינוקי וניל 16*220 ג',קבוצת אוסם סחר שותפות מוגבלת,PL,אסם פתי בר פינוקי וניל 220 גרם,גרמים,220.00,100 גרם,false,1,13.90,6.3182,true,1,50378
7290115200676,false,עוגיות קרמוגית במילוי קרם בטעם קרמל מלוח,קבוצת אוסם סחר שותפות מוגבלת,IL,קרמוגית קרמל מלוח200 גרם,גרמים,200.00,100 גרם,false,1,14.50,7.2500,true,1,51665
7290115200829,false,ביסלי בלאגן מיקס 150גר,קבוצת אוסם סחר-שות.מוגבלת,IL,ביסלי בלאגן מיקס 150 גרם,גרמים,150.00,100 גרם,false,1,11.90,7.9333,true,1,53610
7290115201451,false,לביבות בטטה וקארי 455 גר` טבעול גורמה,קבוצת אוסם סחר שותפות מוגבלת,IL,טבעול גורמה לביבות בטטה קארי 455גרם,גרמים,455.00,100 גרם,false,1,34.90,7.6703,true,1,54750
7290115201475,false,טבעול גורמה לביבות כרישה 434 גרם,קבוצת אוסם סחר-שות.מוגבלת,IL,טבעול גורמה לביבות כרישה 434גרם,גרמים,455.00,100 גרם,false,1,34.90,7.6703,true,1,54751
7290115201703,false,ביסלי חטיף בטעם ברביקין אסם (200 גרם),קבוצת אוסם סחר שותפות מוגבלת,IL,בסלי ברביקיו 200גרם,גרמים,200.00,100 גרם,false,1,10.90,5.4500,true,1,51034
7290115201864,false,במבה נוגט אינסייד אאוט60,מיוצר עי קונדיטוריית,IL,במבה נוגט אינסייד אאוט 60 גרם,גרמים,60.00,100 גרם,false,1,4.90,8.1667,true,1,53612
7290115202236,false,טופו קראנצי`ם 470 גרם טבעול,קבוצת אוסם סחר שותפות מוגבלת,IL,טבעול טופו קרנצים 470גרם,גרמים,470.00,100 גרם,false,1,31.90,6.7872,true,1,52794
7290115202434,false,צבר סלט חומוס עם זעתר 375 גרם,קבוצת אוסם סחר שותפות מוגבלת,IL,צבר חומוס עם זעתר 375 גרם,גרמים,375.00,100 גרם,false,1,12.90,3.4400,true,1,51836
7290115202687,false,חומוס עם חריף חדש צבר 3,ג'נרל מילס סאן אדריא,IL,צבר חומוס עם חריף 375 גרם,גרמים,375.00,100 גרם,false,1,12.90,3.4400,true,1,51837
7290115202939,false,מנה חמה רייס נודלס עוף פטריות אסם 50 גרם,קבוצת אוסם סחר שותפות מוגבלת,TH,מנה חמה רייס נודלס עוף פטריות 50 גרם,גרמים,50.00,100 גרם,false,1,9.90,19.8000,true,1,53350
7290115202977,false,אוסם - מנה חמה רייס נודלס רוטב סויה סיני 55 גרם,קבוצת אוסם סחר-שות.מוגבלת,TH,מנה חמה רייס נודלס רוטב סויה סיני 55 גרם,גרמים,50.00,100 גרם,false,1,9.90,19.8000,true,1,53362
7290115203134,false,חטיף פופקו פופקורן במבה אסם (80 גרם),קבוצת אוסם סחר שותפות מוגבלת,IL,פופקו פופקורן במבה 80 גרם,גרמים,80.00,100 גרם,false,1,5.90,7.3750,true,1,52385
7290115203172,false,במבה PRO מכיל 18 גרם חלבון בשקית,קבוצת אוסם סחר שותפות מוגבלת,IL,במבה פרו 80גרם,גרמים,80.00,100 גרם,false,1,6.90,8.6250,true,1,54890
7290115203486,false,פירורית בטעם ביסלי גריל אסם 200 גרם,קבוצת אוסם סחר שותפות מוגבלת,IL,פירורית בטעם ביסלי גריל אסם 200 גרם,גרמים,200.00,100 גרם,false,1,6.90,3.4500,true,1,52788
7290115204056,false,"קטשופ מופחת סוכר אסם 690 גרם כשל""פ",קבוצת אוסם סחר שותפות מוגבלת,IL,אסם קטשופ פחות 56% סוכר 690 גרם,גרמים,690.00,100 גרם,false,1,11.90,1.7246,true,1,51690
7290115205176,false,729001032825פיטנס חטיפי קרקר כפרי 140גר.,קבוצת אוסם סחר שותפות מוגבלת,IL,פיטנס קרקר דק כפרי 150 גרם,גרמים,150.00,100 גרם,false,1,13.90,9.2667,true,1,53800
7290115205312,false,קרקר פיטנס דק עם זיתי קלמטה ועשבי תיבול,קבוצת אוסם סחר שותפות מוגבלת,IL,קרקר דק פיטנס זיתים 140 גרם,גרמים,140.00,100 גרם,false,1,13.90,9.9286,true,1,54240
7290115205480,false,לאבנה+פלפל ח+ג.חומוס220ג,מחלבת כפר תבור ומפעל צבר,IL,צבר לאבנה עם פלפל חריף וגרגרי חומוס 220ג,גרמים,220.00,100 גרם,false,1,18.90,8.5909,true,1,53749
7290115205503,false,צבר לאבנה עם קרם פלפ,מחלבת כפר תבור ומפעל,IL,צבר לאבנה עם קרם פלפלים220גרם,גרמים,220.00,100 גרם,false,1,18.90,8.5909,true,1,53750
7290115205978,false,פתיבר ואצבעות שוקולד 180 גרם - רבנות,קבוצת אוסם סחר שותפות מוגבלת,PL,אסם פתי בר אצבעות שוקולד 180גרם,גרמים,180.00,100 גרם,false,1,13.90,7.7222,true,1,53957
7290115206135,false,טבעול גורמה ארוחת קינואה 450 גרם,קבוצת אוסם סחר שותפות מוגבלת,IL,טבעול גורמה ארוחת קינואה 450 גרם,גרמים,450.00,100 גרם,false,1,34.90,7.7556,true,1,53889
7290115206852,false,ביסלי חטיף בטעם צ`יזי סטיקס 70 גר`,קבוצת אוסם סחר-שות.מוגבלת,IL,ביסלי ציזי סטיקס חדש 70גרם,גרמים,70.00,100 גרם,false,1,5.90,8.4286,true,1,54837
7290115206890,false,ביסלי חטיף בטעם המבורגר אסם (70 גרם),קבוצת אוסם סחר-שות.מוגבלת,IL,ביסלי המבורגר חדש 70גרם,גרמים,70.00,100 גרם,false,1,5.90,8.4286,true,1,54838
7290115207149,false,חטיף במבה אפרופו מיק,"אסם תעשיות בע""מ",IL,במבה אפרופו מיקס 100 גרם,גרמים,100.00,100 גרם,false,1,10.90,10.9000,true,1,53199
7290115207361,false,ביסקוויט פתיבר בטעם פיסטוק,קבוצת אוסם סחר שותפות מוגבלת,IL,אסם פתי בר פיסטוק 12*500גרם,גרמים,500.00,100 גרם,false,1,16.90,3.3800,true,1,54303
7290115207484,false,צבר סלט חציל על האש היתר 360 גרם,קבוצת אוסם סחר שותפות מוגבלת,IL,צבר חציל על האש 400גרם,גרמים,360.00,100 גרם,false,1,18.90,5.2500,true,1,53755
7290115207507,false,"סלט טורקי 330 גרם ""צבר""",קבוצת אוסם סחר-שות.מוגבלת,IL,צבר סלט טורקי 360גרם,גרמים,360.00,100 גרם,false,1,18.90,5.2500,true,1,53753
7290115207774,false,טבעול המבורגר פטריות 480 גרם,קבוצת אוסם סחר-שות.מוגבלת,IL,טבעול המבורגר פטריות 480גרם,גרמים,480.00,100 גרם,false,1,34.90,7.2708,true,1,54752
7290115207941,false,ויטמינצ'יק אננס סירופ 1 ליטר,קבוצת אוסם סחר שותפות מוגבלת,IL,סירופ ויטמינציק אננס 1 ליטר,ליטרים,1.00,ליטר,false,1,23.90,23.9000,true,1,53840
7290115208009,false,ויטמינצ'יק ענבים סירופ 1 ליטר,קבוצת אוסם סחר שותפות מוגבלת,IL,סירופ ויטמינציק ענבים 1 ליטר,ליטרים,1.00,ליטר,false,1,23.90,23.9000,true,1,53842
7290115208047,false,סירופ פטל ויטמינצ`יק (1 ליטר),קבוצת אוסם סחר שותפות מוגבלת,IL,סירופ ויטמינציק פטל 1 ליטר,ליטרים,1.00,ליטר,false,1,23.90,23.9000,true,1,53841
7290115208061,false,ויטמינצ'יק תפוח סירופ 1 ליטר,קבוצת אוסם סחר שותפות מוגבלת,IL,ויטמינציק תפוח 1 ליטר,ליטרים,1.00,ליטר,false,1,23.90,23.9000,true,1,53843
7290115208320,false,אפרופו חטיף בטעם ביסלי בצל 50 גרם,קבוצת אוסם סחר שותפות מוגבלת,IL,אפרופו בטעם ביסלי בצל 50גרם,גרמים,50.00,100 גרם,false,1,5.90,11.8000,true,1,55430
7290115208566,false,קרמוגית במילוי קרם בייגלה 200 גרם אסם,קבוצת אוסם סחר-שות.מוגבלת,IL,אסם קרמוגית מיניס קרם בייגלה 200 גרם,גרמים,200.00,100 גרם,false,1,14.50,7.2500,true,1,54836
7290115208597,false,אסם קרמוגית מיניס קרמל מלוח 200 גרם,קבוצת אוסם סחר שותפות מוגבלת,IL,אסם קרמוגית מיניס קרמל מלוח 200 גרם,גרמים,200.00,100 גרם,false,1,14.50,7.2500,true,1,54835
7290115208801,false,קרקר לחמית דבש ואגוזים אסם (190 גרם),קבוצת אוסם סחר שותפות מוגבלת,IL,לחמית דבש ואגוזים 190 גרם,גרמים,190.00,100 גרם,false,1,11.90,6.2632,true,1,55399
7290115209174,false,במבה אורירית קלאסי 60 גר',קבוצת אוסם סחר-שות.מוגבלת,IL,במבה אורירית 60גרם,גרמים,60.00,100 גרם,false,1,4.90,8.1667,true,1,54891
7290115209358,false,במבה במילוי בראוניז אסם (60 גרם),קבוצת אוסם סחר שותפות מוגבלת,IL,במבה במילוי בראוניז 60גרם,גרמים,60.00,100 גרם,false,1,5.90,9.8333,true,1,55427
7290115209372,false,במבה במילוי בראוניז 150 גרם אוסם,קבוצת אוסם סחר שותפות מוגבלת,IL,במבה במילוי בראוניז 150גרם,גרמים,150.00,100 גרם,false,1,11.90,7.9333,true,1,55428
7290115252484,false,פאי כוסמין פיצוחים400ג,פתפותים לחמים ומאפים מקמ,IL,פאי פצוחים 400גרם,גרמים,400.00,100 גרם,false,1,44.90,11.2250,true,1,52373
7290115252491,false,פאי כוסמין שקדים400 גרם,פתפותים לחמים ומאפים מקמ,IL,פאי שקדים 400גרם,גרמים,400.00,100 גרם,false,1,44.90,11.2250,true,1,52372
7290115252552,false,פאי אגוזים טבעוני 400 גר,פתפותים לחמים ומאפים מקמ,IL,פאי אגוזים טבעוני 400גרם,גרמים,400.00,100 גרם,false,1,44.90,11.2250,true,1,52374
7290115670240,false,פריכיות טעימות אורז מלא דקות 135 ג' שטראוס,"שטראוס גרופ בע""\מ",IL,כשלפ פריכיות אורז מלא דקות,גרמים,110.00,100 גרם,false,1,12.90,11.7273,true,1,51688
7290115670660,false,"אנרגי REAL חטיף בוטנים, אגוזים וצימוקים","נארז ע""י : א.ג. גילר",GR,ריל חטיף בוטנים אגוזים וצימוקים 35גרם,גרמים,35.00,100 גרם,false,1,6.90,19.7143,true,1,52401
7290115670752,false,קפה נמס וכוס לדרך 200גרם,הנסיך- מפעל לייצור ט,IL,מארז נמס וכוס לדרך פסח 2021,גרמים,200.00,100 גרם,false,1,23.90,11.9500,true,1,51937
7290115670820,false,כיף כף חצי חצי שוקו וניל 45 גרם,מיוצר עי קונדיטוריית,IL,כיף כף חצי חצי שוקו וניל תקציב,גרמים,45.00,100 גרם,false,1,4.90,10.8889,true,1,52730
7290115671339,false,מיני פינוקיות בראוניז בייגל בוטן עלית 180 ג' עלית,"הגביע מוצרי ופלים בע""\מ",IL,מיני פינוקיות בראוניז בייגל בוטן 180 ג,גרמים,180.00,100 גרם,false,1,11.90,6.6111,true,1,52731
7290115671346,false,מיני פינוקיות טופי קרמל מלוח עלית 180 גרם,"הגביע מוצרי ופלים בע""\מ",IL,מיני פינוקיות טופי קרמל מלוח 180 ג,גרמים,180.00,100 גרם,false,1,11.90,6.6111,true,1,52732
7290115673210,false,אנרגי REAL חטיף בוטנים פיסטוק וחמוציות,ואמואליס פודס אס.,GR,ריל חטיף בוטנים פיסטוק וחמוציות,גרמים,35.00,100 גרם,false,1,6.90,19.7143,true,1,52402
7290115673555,false,בפלות אחת אחת בטעם אגוזים 240 גרם,הגביע מוצרי וופלים ב,IL,בפלות אחת אחת בטעם אגוזים 240 גרם,גרמים,240.00,100 גרם,false,1,17.90,7.4583,true,1,53261
7290115673562,false,בפלות אחת אחת עם קרם קפה נמס 240 גרם,הגביע מוצרי וופלים ב,IL,בפלות אחת אחת בטעם קפה נמס 240 גרם,גרמים,240.00,100 גרם,false,1,17.90,7.4583,true,1,53259
7290115675580,false,קוואקר חטיף בוטנים עם שיבולת שועל 50 גרם,"שטראוס פריטו ליי בע""\מ )",IL,חטיף קוואקר ובוטנים 50 ג 48 יח,גרמים,50.00,100 גרם,false,1,3.90,7.8000,true,1,53308
7290115675696,false,דגני בוקר קראנצ'ים שיבולת שועל עם אגוזים ושקדים,שטראוס פריטו ליי בע`מ,IL,קוואקר אגוזים 375 גרם Cruesli,גרמים,375.00,100 גרם,false,1,22.70,6.0533,true,1,52621
7290115675702,false,דגני בוקר קראנצ'ים שיבולת שועל עם פירות מיובשים,שטראוס פריטו ליי בע`מ,IL,קוואקר פירות 375 גרם Cruesli,גרמים,375.00,100 גרם,false,1,22.70,6.0533,true,1,52622
7290115675986,false,דנונה יוגורט בר עם אגוזים מקורמלים 173 גרם,שטראוס גרופ בעמ/מצונן,IL,דנונה בר עם אגוזים מקורמלים,גרמים,173.00,100 גרם,false,1,4.90,2.8324,true,1,51460
7290115676020,false,דנונה בר בזוקה 173גר,מיוצר עי קונדיטוריית,IL,דנונה בר בזוקה,גרמים,153.00,100 גרם,false,1,4.90,3.2026,true,1,53725
7290115676037,false,דנונה ריפרש יוגורט עם תות ודומדמניות 1.6% שומן,שטראוס גרופ בעמ/מצונן,IL,"דנונה ריפרש תות דומדמניות 250 מ""ל",מיליליטרים,250.00,"100 מ""ל",false,1,5.90,2.3600,true,1,52311
7290115676051,false,"משקה אקטיביה שיבולת שועל במתיקות מעודנת 250 מ""ל",שטראוס גרופ בעמ/מצונן,IL,משקה אקטיביה עם שש מתיקות מעודנת 265 מל,מיליליטרים,265.00,"100 מ""ל",false,1,5.90,2.2264,true,1,53115
7290115676082,false,משקה דנונה פרו 20 יוגורט תות 255 ג' רבנות,שטראוס גרופ בעמ/מצונן,IL,משקה דנונה פרו 20 תות,מיליליטרים,255.00,"100 מ""ל",false,1,7.50,2.9412,true,1,52313
7290115676099,false,משקה דנונה פרו 20 יוגורט וניל 255 ג' רבנות,שטראוס גרופ בעמ/מצונן,IL,משקה דנונה פרו 20 וניל,מיליליטרים,255.00,"100 מ""ל",false,1,7.50,2.9412,true,1,52312
7290115676990,false,תפוצ'יפס מלח&חומץ 50 גרם,"שטראוס פריטו ליי בע""\מ )",IL,תפו SALT & VINEGAR י50 גר 48 יח,גרמים,50.00,100 גרם,false,1,5.50,11.0000,true,1,51979
7290115677362,false,"נודלס טריאקי ""דלישס"" שטראוס",קפוא-זן תעשיות מזון בעמ - תפוג,IL,נודלס טריאקי דלישס 350גרם,גרמים,350.00,100 גרם,false,1,26.90,7.6857,true,1,53135
7290115677409,false,אורז קארי צהוב עם ירקות ברוטב קארי וקרם קוקוס,קפוא זן תעשיות מזון בעמ,IL,אורז קארי צהוב דלישס 350גרם,גרמים,350.00,100 גרם,false,1,26.90,7.6857,true,1,53959
7290115677423,false,אורז ירוק קארי חריף חריף דלישס 350 גרם,קפוא-זן תעשיות מזון בעמ - תפוג,IL,אורז קארי ירוק חריף,גרמים,350.00,100 גרם,false,1,26.90,7.6857,true,1,53138
7290115677911,false,סלט ביצים אחלה טבעונ,STRAUSS-ISRAEL,IL,"סלט ""ביצים""אחלה טבעוני 235גרם",גרמים,235.00,100 גרם,false,1,17.90,7.6170,true,1,53397
7290115677959,false,ממרח אבוקדו גוואקמולי 220 ג' אחלה,"שטראוס גרופ ***בע""מ",IL,גוואקמולי אחלה 220 גרם,גרמים,220.00,100 גרם,false,1,17.90,8.1364,true,1,53396
7290115677966,false,ממרח אבוקדו טעם הטבע 200 גרם,שטראוס גרופ בעמ/מצונן,MX,ממרח אבוקדו 200 גרם,גרמים,200.00,100 גרם,false,1,19.90,9.9500,true,1,53330
7290115678314,false,מארז 6 שקיות משקה חלב בלונדי,שטראוס גרופ בעמ/מצונן,IL,משקה חלב בלונדי מארז שישיית שקיות225מל,ליטרים,1.35,ליטר,false,1,15.90,11.7778,true,1,52914
7290115678376,false,מעדן הגולן שוקולד 125 גרם,שטראוס גרופ בעמ/מצונן,IL,מעדן הגולן שוקולד,גרמים,125.00,100 גרם,false,1,3.20,2.5600,true,1,52797
7290115678383,false,מעדן הגולן שוקולד מריר בודד 125גר,שטראוס גרופ בעמ/מצונן,IL,מעדן הגולן שוקולד מריר 125גרם,גרמים,125.00,100 גרם,false,1,3.20,2.5600,true,1,52769
7290115678550,false,דנונה פרו 200 גר`פיסטוק,שטראוס גרופ בעמ/מצונן,IL,דנונה פרו 20 גרם בטעם פיסטוק 200 גרם,גרמים,200.00,100 גרם,false,1,6.50,3.2500,true,1,53116
7290115678635,false,נשנושי גבינה -גבינת שמנת 16%+כעכים שטוחים עם מלח,שטראוס גרופ בעמ/מצונן,IL,נשנושי גבינה 25% עם כעכים שטוחים,גרמים,67.00,100 גרם,false,1,10.90,16.2687,true,1,53831
7290115679878,false,פיצה מבצק עם סלק דלישס 320 גרם,קפוא זן תעשיות מזון בעמ,IT,פיצה מבצק עם סלק דלישס 320 גרם,גרמים,320.00,100 גרם,false,1,29.90,9.3437,true,1,53141
7290115679885,false,פיצה מבצק עם כרובית עם רוטב עגבניות ומוצרלה,קפוא זן תעשיות מזון בעמ,IT,פיצה מבצק עם כרובית 320 גרם,גרמים,320.00,100 גרם,false,1,29.90,9.3437,true,1,53142
7290116530109,false,חטיף קליק נוגט ציפוי שוקולד לבן 35 גרם,"יוניליוור ישראל שיווק בע""מ",IL,קליק חטיף נוגט מצופה שוקולד לבן 35 גרם,גרמים,35.00,100 גרם,false,1,5.90,16.8571,true,1,52531
7290116530161,false,"תחליב רחצה בניחוח שייק אננס, מלון וחלב שיבולת שועל",יוניליוור ישראל שיווק בע`מ,IL,תחליב רחצה פינוק שייק אננס 700 מל,מיליליטרים,700.00,"100 מ""ל",false,1,14.90,2.1286,true,1,52807
7290116530185,false,"קורנפלקס דלישקד קרמל מלוח 400 גרם בד""ץ",יוניליוור ישראל שיווק בע`מ,IL,תלמה דגני בוקר דלישקד קרמל מלוח 400 גרם,גרמים,400.00,100 גרם,false,1,26.90,6.7250,true,1,52948
7290116530314,false,קליק כריות דאבל בלק שוקולד לבן 65גר,יוניליוור ישראל שיווק בעמ,IL,קליק קליק כריות בלאק בטעם דאבל שוקולד חלב 65 גרם,גרמים,65.00,100 גרם,false,1,7.90,12.1538,true,1,52532
7290116530482,false,תלמה מארז קורנפלקס אלופים 30 גרם*5 יחידו,יוניליוור ישראל שיווק בע`מ,IL,תלמה מארז קורנפלקס של אלופים 5*30 גרם,גרמים,150.00,100 גרם,false,1,12.90,8.6000,true,1,52949
7290116531069,false,קנור מרק בצל 100% רכיבים טבעיים 225 גרם,יוניליוור ישראל שיווק בע`מ,IL,קנור מרק בצל 100% רכיבים טבעיים 225 גרם,גרמים,235.00,100 גרם,false,1,19.90,8.4681,true,1,53714
7290116531076,false,מרק פטריות רכיבים טבעיים קטן 225 ג' קנור,יוניליוור ישראל שיווק בע`מ,IL,קנור מרק פטריות 100% רכיבים טבעיים 225 גרם,גרמים,235.00,100 גרם,false,1,19.90,8.4681,true,1,53715
7290116531281,false,קליק כריות דאבל בלאק לבן 65 גרם,יוניליוור ישראל שיווק בע`מ,IL,קליק קליק מיקס 65 גרם,גרמים,65.00,100 גרם,false,1,7.90,12.1538,true,1,53340
7290116531311,false,חטיף קליק בלאק אנד וויט שוקולד לבן 35 גר,יוניליוור ישראל שיווק בעמ,IL,קליק חטיף קליק בלאק&וויט בציפוי שוקולד לבן 35 גרם,גרמים,35.00,100 גרם,false,1,5.90,16.8571,true,1,54499
7290116531656,false,מרכך פינוק לשיער בניחוח תפוח 700 גרם,"יוניליוור ישראל שיווק בע""מ",IL,פינוק מרכך בניחוח תפוח 700 מל,מיליליטרים,700.00,"100 מ""ל",false,1,14.90,2.1286,true,1,53220
7290116531663,false,"תחליב רחצה בניחוח תפוח 700 מ""ל פינוק",יוניליוור ישראל שיווק בע`מ,IL,פינוק תחליב רחצה בניחוח תפוח 700 מל,מיליליטרים,700.00,"100 מ""ל",false,1,14.90,2.1286,true,1,53221
7290116531748,false,קליק שוקו מיקס חום לבן כשר לפסח 65 גרם,יוניליוור ישראל שיווק בעמ,IL,קליק קליק שוקו מיקס חום לבן כשר לפסח 65 גרם,גרמים,65.00,100 גרם,false,1,7.90,12.1538,true,1,53910
7290116531762,false,דפים ריחניים למייבש כביסה בדין ורוד 40 יחידות,יוניליוור ישראל שיווק בע`מ,US,בדין דפי מרכך למייבש כביסה ורוד 40 יחידות,יחידה,1.00,יחידה,false,1,21.90,21.9000,true,1,54380
7290116531779,false,דפים ריחניים למייבש כביסה בדין כחול 40 יחידות,"יוניליוור ישראל שיווק בע""מ",US,בדין דפי מרכך למייבש כביסה כחול 40 יחידות,יחידה,1.00,יחידה,false,1,21.90,21.9000,true,1,54381
7290116531793,false,הלמנ'ס רוטב לסלט קיסר 295 גרם,"יוניליוור ישראל שיווק בע""מ",IL,הלמנס רוטב לסלט קיסר 295 גרם,גרמים,295.00,100 גרם,false,1,13.90,4.7119,true,1,53716
7290116531885,false,"מיונז הלמנס טיבעוני בד""ץ 500 גר",יוניליוור ישראל שיווק בע`מ,IL,הלמנס ממרח טבעוני ויגן 500 גרם,גרמים,500.00,100 גרם,false,1,15.90,3.1800,true,1,54952
7290116531939,false,גלידה בשומן צמחי בטעם תות שדה בציפוי מכיל שוקולד,"גלידת שטראוס בע""\מ, רח'",IL,קרמיסימו גלידונית גלידה בטעם תות שדה 60 יחידות,גרמים,638.00,100 גרם,false,1,52.90,8.2915,true,1,54153
7290116532011,false,קליק אוקיי נוגט בציפוי שוקולד חלב 35 גרם,יוניליוור ישראל שיווק בע`מ,IL,קליק חטיף נוגט 35 גרם,גרמים,35.00,100 גרם,false,1,5.90,16.8571,true,1,54030
7290116532028,false,קליק חטיף נוגט חלב כשר לפסח,"דרך השוקולד ,1 צפת 13404",IL,קליק חטיף נוגט כשר לפסח 35 גרם,גרמים,35.00,100 גרם,false,1,5.90,16.8571,true,1,53908
7290116532264,false,גודיז פרי אפרסק – שלגון מופחת קלוריות עם יוגורט בציפוי בטעם אפרסק,"גלידת שטראוס בע""\מ, רחוב",IL,גודיז פרי אפרסק 300 גרם,גרמים,300.00,100 גרם,false,1,27.90,9.3000,true,1,54159
7290116532271,false,סנדוויץ לייט גודיז שוקולד וניל 270 ג' שטראוס,"גלידת שטראוס בע""\מ, רחוב",IL,גודיז סנדוויץ 270 גרם,גרמים,270.00,100 גרם,false,1,33.90,12.5556,true,1,54160
7290116532462,false,גלידת שמנת קליק בטעמי שוקולד בננה 384 ג' שטראוס,"גלידת שטראוס בע""\מ, רחוב",IL,פיינט קליק שוקולד בננה,מיליליטרים,520.00,"100 מ""ל",false,1,26.90,5.1731,true,1,54362
7290116532479,false,קליק גלידת שמנת בטעמי שוקולד לבן עוגיות 384 ג' שטראוס,"גלידת שטראוס בע""\מ, רחוב",IL,"פיינט קליק שוקולד לבן קרם עוגיות 520 מ""ל",מיליליטרים,520.00,"100 מ""ל",false,1,26.90,5.1731,true,1,54361
7290116532486,false,גלידת שמנת קליק בטעמי וניל קרמל מלוח 384 ג' שטראוס,"גלידת שטראוס בע""\מ, רחוב",IL,פיינט קליק וניל קרמל מלוח,מיליליטרים,520.00,"100 מ""ל",false,1,26.90,5.1731,true,1,54363
7290116532585,false,דגני בוקר ברנפלקס קרנצ'ים בטעם דבש וקינמון,יוניליוור ישראל שיווק בע`מ,IL,ברנפלקס קרנצים דבש וקינמון 375גרם,גרמים,375.00,100 גרם,false,1,25.90,6.9067,true,1,55347
7290116930015,false,GO חטיף חלבון חטיף בוטנים קריספי 20 גרם חלבון,"בלמונט קונפקציות בע""\מ.",IL,GO חטיף חלבון קרמל מלוח חמאת בוטנים 60ג,גרמים,60.00,100 גרם,false,1,13.90,23.1667,true,1,54437
7290116930022,false,GO חטיף חלבון עוגיות ציפוי קריספי 20 גרם חלבון,"בלמונט קונפקציות בע""\מ.",IL,GO חטיף חלבון בטעם קרם עוגיות 60גרם,גרמים,60.00,100 גרם,false,1,13.90,23.1667,true,1,54438
7290116930077,false,יוגורט יופלה דיאט אפ,"תנובה בע""מ",IL,יוגורט יופלה דיאט אפרסק פסיפלורה 0% 150גרם,גרמים,150.00,100 גרם,false,1,5.50,3.6667,true,1,53822
7290116930282,false,ארוחה בקטנה לאבנה עם קרקרים 150ג' תנובה,"תנובה בע""מ ***",IL,ארוחה בקטנה לאבנה עם קרקרים 150 גרם,גרמים,150.00,100 גרם,false,1,7.90,5.2667,true,1,54852
7290116930435,false,יופלה גו במרקם סמיך עם דובדבן 0% 200מל,תנובה מרכז שיתופי לש,IL,יוגורט גו סמיך 0% דובדבן,גרמים,150.00,100 גרם,false,1,6.80,4.5333,true,1,54283
7290116930459,false,"יופלה שייק מנגו בננה אננס וקוקוס 230 מ""ל",קבוצת המזון אקטשלאר,IL,SHAKE יופלה בננה אננס וקוקוס 230 מל,מיליליטרים,230.00,"100 מ""ל",false,1,8.90,3.8696,true,1,54610
7290116930466,false,"משקה SHAKE בננה מנגן פסיפלורה והל 230 מ""ל יופלה",קבוצת המזון אקטשלאר,IL,SHAKE יופלה מנגו בננה פסיפלורה והל 230 מ,מיליליטרים,230.00,"100 מ""ל",false,1,8.90,3.8696,true,1,54609
7290116930480,false,"משקה SHAKE בננה קיווי תפוח 230 מ""ל יופלה",קבוצת המזון אקטשלאר,IL,SHAKE יופלה בננה קיווי תפוח 230 מל,מיליליטרים,230.00,"100 מ""ל",false,1,8.90,3.8696,true,1,54608
7290116930565,false,"משקה תה קר עם חלב בטעם צ'אי מסאלה 230 מ""ל תנובה",תנובה - חלב,IL,משקה תה קר עם חלב בטעם צאי מסאלה 230מל,מיליליטרים,230.00,"100 מ""ל",false,1,7.90,3.4348,true,1,54615
7290116930572,false,ויסוצקי משקה תה קר עם חלב בטעם צאי ורדים,תנובה חלב,IL,משקה תה קר עם חלב בטעם צאי ורדים 230מל,מיליליטרים,230.00,"100 מ""ל",false,1,7.90,3.4348,true,1,54616
7290116930589,false,יופלה דיאט מרנג לימון 0% 150ג,תנובה בעמ ***,IL,יופלה דיאט בטעם מרנג לימון 0% 150גרם,גרמים,150.00,100 גרם,false,1,5.50,3.6667,true,1,54848
7290116930626,false,ארוחה בקטנה ציזיקי עם קרקרים 150ג' תנובה,"תנובה בע""מ ***",IL,ארוחה בקטנה ציזיקי עם קרקרים 150 גרם,גרמים,150.00,100 גרם,false,1,7.90,5.2667,true,1,54853
7290116930633,false,יולו שוקולד בלונדי בתוספת שברי בייגלה בייגלס 120 גרם,תנובה בעמ ***,IL,יולו שוקולד בלונדי עם שברי בייגלה 120 גרם,גרמים,120.00,100 גרם,false,1,5.50,4.5833,true,1,54613
7290116930657,false,"משקה חלב גו בטעם בננה תמר בתוספת שיבולת שועל במרקם חלק 340 מ""ל",תנובה מרכז שיתופי לש,IL,"GO משקה בננה תמר שיבולת שועל 340 מ""ל",מיליליטרים,340.00,"100 מ""ל",false,1,8.90,2.6176,true,1,55464
7290116930701,false,מעדן חלב GO מועשר בחלבון בטעם קרמל מלוח,תנובה מרכז שיתופי לש,IL,GOמעדן חלב בטעם קרמל מלוח 120גרם,גרמים,120.00,100 גרם,false,1,5.20,4.3333,true,1,54611
7290116930718,false,מעדן תנובה דיאט בטעם שוקולד וקרמל מלוח 0% 150ג' תנובה,תנובה - חלב,IL,מעדן תנובה דיאט בטעם שוקולד וקרמל מלוח 0%,גרמים,150.00,100 גרם,false,1,4.20,2.8000,true,1,54854
7290116930725,false,סויה BIO קוקוס גביע 150 גרם אלטרנטיב,תנובה בעמ ***,IL,מעדן סויה BIO קוקוס אלטרנטיב 150 גרם,גרמים,150.00,100 גרם,false,1,4.90,3.2667,true,1,54961
7290116930954,false,יוגורט טעם פאי תפוחים 3% 150 ג' יופלה,תנובה בעמ ***,IL,יוגורט יופלה פאי תפוחים 3% 150 גרם,גרמים,150.00,100 גרם,false,1,5.70,3.8000,true,1,55461
7290116931074,false,פרוסות טל העמק 32% שומן 300 גרם,"תנובה בע""מ ***",IL,גבינה צהובה טל העמק 32% 300 גרם,גרמים,300.00,100 גרם,false,1,25.90,8.6333,true,1,55217
7290116931081,false,מעדן סויה - טופי קרמל 125 גרם אלטרנטיב,תנובה מרכז שיתופי לש,IL,מעדן סויה בטעם טופי קרמל 125 גרם,גרמים,125.00,100 גרם,false,1,4.70,3.7600,true,1,54960
7290116931104,false,יופלה GO במרקם סמיך עם אננס 0% תנובה 200 גרם,תנובה בעמ ***,IL,יופלה גו במרקם סמיך עם אננס 0% 200גרם,גרמים,200.00,100 גרם,false,1,6.50,3.2500,true,1,54962
7290117261354,false,גבינת ריקוטה 200 גרם 5%שומן מחלבת אירופה,ג.וילי-פוד אינטרנשיונל **גבינו,TR,גבינת ריקוטה יורו 200 גרם 5%שומן,גרמים,200.00,100 גרם,false,1,10.90,5.4500,true,1,54520
7290117380154,false,ררוטב אסיאתי עם סויה ושומשום 260 גר`מאס,ש. שסטוביץ בע`מ,NL,"רוטב לסלט אסיאתי עם סויה ושומשום, 264 גר",גרמים,264.00,100 גרם,false,1,10.90,4.1288,true,1,54884
7290117380208,false,חטיף פוף קראנץ בטעם חמוץ חריף 60 גרם,ש. שסטוביץ בע`מ,IL,פוף חטיף קראנץ חמוץ חריף 60 גרם,גרמים,60.00,100 גרם,false,1,3.90,6.5000,true,1,53772
7290117380215,false,חטיף פוף קראנץ בטעם טאקו 60 גרם,ש. שסטוביץ בע`מ,IL,פוף חטיף קראנץ טאקו 60 גרם,גרמים,60.00,100 גרם,false,1,3.90,6.5000,true,1,53773
7290117380864,false,סלים דליס פייבר עוגות בראוניס אישיות בטעם שוקולד 120 גרם,ש.שסטוביץ בעמ,NL,סלים דליס עוגות בראוניס אישיות שוקולד 1,גרמים,120.00,100 גרם,false,1,14.90,12.4167,true,1,54478
7290117382318,false,סלים דליס פרו 33 חטיף חלבון שוקולד מריר 60 גרם,"י. מרבה ישראל בע""\מ",IT,חטיף סלים דליס פרו מצופה שוקולד מריר 6,גרמים,60.00,100 גרם,false,1,13.90,23.1667,true,1,54856
7290117382325,false,חטיף חלבון מצופה שוקולד חלב פרו 33 סלים דליס 60 ג,"י. מרבה ישראל בע""\מ",IT,חטיף סלים דליס פרו מצופה שוקולד חלב 6,גרמים,60.00,100 גרם,false,1,13.90,23.1667,true,1,54855
7290118420477,false,אסם בייגלה שטוחים בטעם ביסלי בצל 300 גרם,קבוצת אוסם סחר שותפות מוגבלת,IL,אסם בייגלה שטוחים בטעם ביסלי בצל 300ג,גרמים,300.00,100 גרם,false,1,11.90,3.9667,true,1,55431
7290118420514,false,אינסטנט פודינג בטעם נוגט אסם 75 גרם,קבוצת אוסם סחר שותפות מוגבלת,IL,אינסטנט פודינג נוגט 75גרם,גרמים,75.00,100 גרם,false,1,5.90,7.8667,true,1,55398
7290118873082,false,בדיקת קורונה שפעת מ,,,בדיקת קורונה שפעת מארז חמישייה,יחידה,1.00,יחידה,false,1,59.90,59.9000,true,1,55540
7296021131394,false,"סכין מולטי 14 ס""מ 1.5 מ""מ",אקסטרה ריטייל גרופ בעמ,,"סכין מולטי 1.5 ס""מ",יחידה,1.00,יחידה,false,1,19.90,19.9000,true,1,49705
7296021133558,false,כף מסננת ידית שחורה,KIS CHINA,CN,כף מסננת ידית שחורה נעמן בייסיק ידית שח,יחידה,1.00,יחידה,false,1,21.90,21.9000,true,1,49541
7296021133565,false,תרווד מחורץ ידית שחו,KIS CHINA,CN,תרווד מחורץ ידית שחורה נעמן בייסיק ידית,יחידה,1.00,יחידה,false,1,16.90,16.9000,true,1,49546
7296021133572,false,כף ספגטי ידית שחורה,,,כף ספגטי ידית שחורה נעמן בייסיק ידית שח,יחידה,1.00,יחידה,false,1,16.90,16.9000,true,1,49547
7296021133589,false,כף מחורצת ידית שחורה,KIS CHINA,CN,כף מחורצת ידית שחורה נעמן בייסיק ידית ש,יחידה,1.00,יחידה,false,1,16.90,16.9000,true,1,49542
7296021133602,false,מועך תפוחי אדמה ידית שחורה,ד.ג.ש ייבוא ושיווק בעמ,CN,"מועך תפו""א ידית שחורה נעמן בייסיק ידית",יחידה,1.00,יחידה,false,1,16.90,16.9000,true,1,49545
7296021133749,false,מסננת קטנה ידית שחור,KIS CHINA,CN,מסננת קטנה ידית שחורה נעמן בייסיק ידית,יחידה,1.00,יחידה,false,1,9.90,9.9000,true,1,49540
7296021136030,false,קולפן Y נירוסטה קולפ,,,קולפן Y נירוסטה,יחידה,1.00,יחידה,false,1,15.90,15.9000,true,1,46763
7296021137860,false,קולפן רחב חותך לרצועות כרוב,נעמן,,חותך רצועות כרוב קולפנים,יחידה,1.00,יחידה,false,1,18.90,18.9000,true,1,46743
7296021146435,false,"תבנית קפיץ 26 ס""מ לא",,,"תבנית קפיץ 26 ס""מ לאפיה",יחידה,1.00,יחידה,false,1,35.90,35.9000,true,1,49578
7296021146459,false,"תבנית אפייה 11*31 ס""",,,תבנית לאפיה 11*30,יחידה,1.00,יחידה,false,1,21.90,21.9000,true,1,49591
7296021146497,false,תבנית לאפיה מלבן 4*2,,,"תבנית לאפיה מלבן 4*24*34 ס""מ",יחידה,1.00,יחידה,false,1,22.90,22.9000,true,1,49576
7296021166273,false,קערה לסלט 3.5 ליטר פלסטיק,אקסטרה ריטייל גרופ בעמ,,"קערה אובלית 25*31 ס""מ פלסטיק",יחידה,1.00,יחידה,false,1,18.90,18.9000,true,1,50041
7296021170645,true,פותחן יין מלצרים תו,,,פותחן יין מלצרים תוכי אביזרי מטבח,יחידה,1.00,יחידה,false,1,15.90,15.9000,true,1,50727
7296021170836,false,מערוך עץ 30*50 אביז,,,מערוך עץ 30*50 אביזרי מטבח,יחידה,1.00,יחידה,false,1,29.90,29.9000,true,1,49586
7296021171185,false,"מועך תפו""א מתקפל SS",,,"מועך תפו""א מתקפל SS",יחידה,1.00,יחידה,false,1,29.90,29.9000,true,1,51895
7296021180224,false,תבנית סיליקון למאפינ,,,תבנית סיליקון למאפינס 12 שקעים,יחידה,1.00,יחידה,false,1,51.90,51.9000,true,1,49577
7296021191367,false,תבנית לקוביות קרח עם,,,קרחון עם מכסה,יחידה,1.00,יחידה,false,1,12.90,12.9000,true,1,52116
7296021192869,false,כד קראף לשתיה קרה 1,,,כד קראף לשתיה קרה 1 ליטר Felly Felly,יחידה,1.00,יחידה,false,1,44.90,44.9000,true,1,49592
7296021256189,false,מחבת פנקייק יציקה 27,,,"מחבת פנקייק יציקה 27 ס""מ דיסני - מיקי סמ",יחידה,1.00,יחידה,false,1,139.90,139.9000,true,1,52924
7296021256950,false,סט מחבת לטיגון 28 +,,,"סט מחבת לטיגון 28 + מחבת לטיגון 22 ס""מ",יחידה,1.00,יחידה,false,1,99.90,99.9000,true,1,51896
7296021273254,false,פרייבט שף - מארז מגב,,,מארז מגבות 40/60 סמ תכלת כותנה 100%,יחידה,1.00,יחידה,false,1,28.90,28.9000,true,1,54483
7296021273261,false,פרייבט שף - מארז מגב,,,מארז מגבות 40/60 סמ סגול כותנה 100%,יחידה,1.00,יחידה,false,1,28.90,28.9000,true,1,54484
7296150000028,false,עלי גפן ממולאים באורז 425 גר,אקמאר,,עלי גפן ממולאים באורז 425 גרם,גרמים,425.00,100 גרם,false,1,14.90,3.5059,true,1,35012
7297488097995,false,גרנולה דבש ללא גלוטן 250 גרם דגש,תות תעשיות מזון (201,IL,בריאות וטבע גרנולה דבש 250 גרם,גרמים,250.00,100 גרם,false,1,16.90,6.7600,true,1,27906
7297488098015,false,גרנולה קרנץ' עם שוקולד צ'יפס מריר ללא גלוטן 250 גרם דגש,תות תעשיות מזון (201,IL,גרנולה קרנצי שוקו דגש 250 גרם,גרמים,250.00,100 גרם,false,1,16.90,6.7600,true,1,27907
7297488098152,false,קמח חומוס ללא גלוטן דגש 500 גרם,אף.סי תבליני בגליל ב,IL,דוכן גן שמואל קמח חומוס 500 גרם,גרמים,500.00,100 גרם,false,1,17.90,3.5800,true,1,31701
7297488098213,false,קמח קינואה ללא גלוטן דוכן גן שמואל 500 ג,תבליני העליון 2007 ב,IL,דוכן גן שמואל קמח קינואה 500 גרם,גרמים,500.00,100 גרם,false,1,27.90,5.5800,true,1,38882
7297488098220,false,קמח תפוחי אדמה 500 גרם דגש,תות תעשיות מזון (201,IL,דוכן גן שמואל קמח תפוחי אדמה 500 גרם,גרמים,500.00,100 גרם,false,1,12.90,2.5800,true,1,38883
7297488098282,false,אבקת מרק בטעם עוף ללא גלוטן בריאות וטבע,אף.סי. תבליני הגליל,IL,בריאות וטבע אבקת מרק בטעם עוף 500 גרם,גרמים,500.00,100 גרם,false,1,21.90,4.3800,true,1,27896
7297488098299,false,קמח טפיוקה ללא גלוטן500ג,אף סי תבליני הגליל ב,IL,דוכן גן שמואל קמח טפיוקה 500 גרם,גרמים,500.00,100 גרם,false,1,10.90,2.1800,true,1,31702
7297488098305,false,"מרק דגש""קמח שקדים""250גרם","תבליני העליון בע""מ",IL,דוכן גן שמואל קמח שקדים 500 גרם,גרמים,250.00,100 גרם,false,1,28.90,11.5600,true,1,27905
7297488099753,false,דגש -עוגיות בטעם שוקולד וקוקוס 250 גרם,תות תעשיות מזון (201,IL,עוגיות בטעם שוקולד וקוקוס 250 גרם,גרמים,250.00,100 גרם,false,1,29.90,11.9600,true,1,38792
7297488099777,true,עוגיות בטעם קאשיו 25,תות תעשיות מזון (201,IL,בריאות וטבע עוגיות מובחרות עם קשיו 250 גרם,גרמים,250.00,100 גרם,false,1,29.90,11.9600,true,1,38827
7297488099784,false,עוגיות בטעם קינמון 250 גרם,תות תעשיות מזון (201,IL,בריאות וטבע עוגיות מובחרות עם קינמון 250 גרם,גרמים,250.00,100 גרם,false,1,29.90,11.9600,true,1,38793
7297488099821,false,גרנולה ללא תוספת סוכר לנמנעים מגלוטן,תות תעשיות מזון (201,IL,בריאות וטבע גרנולה 250 גרם,גרמים,250.00,100 גרם,false,1,16.90,6.7600,true,1,38794
7297488099951,false,מלוחה מופחת שומן 5% 250גר משומשו,קפוא זן תעשיות מזון בעמ,,משו משו מלוחה 5% 250 גרם,גרמים,250.00,100 גרם,false,1,20.90,8.3600,true,1,36014
7297488099968,false,משומשו מלוחה 16% 250גר טבעוני,קפוא זן תעשיות מזון בעמ,,משו משו מלוחה 16% 250 גרם,גרמים,250.00,100 גרם,false,1,20.90,8.3600,true,1,36016
7297488199590,false,פצפוצי אורז לבן תפוח ללא גלוטן,דגש- דוכן גן שמואל,IL,פצפוצי אורז לבן תפוח,גרמים,450.00,100 גרם,false,1,24.90,5.5333,true,1,38790
7297488199606,false,פצפוצי אורז תפוח ללא תוספת סוכר ומלח ללא גלוטן,דגש- דוכן גן שמואל,IL,פצפוצי אורז לבן תפוח,גרמים,450.00,100 גרם,false,1,24.90,5.5333,true,1,38791
7297488199682,false,קמח כוסמת ללא גלוטן,תבליני העליון 2007 ב,IL,דוכן גן שמואל קמח קינואה 500 גרם,גרמים,500.00,100 גרם,false,1,16.90,3.3800,true,1,38785
7297522049652,false,מגבעת פנמה גדולה,,,מגבעת פנמה גדולה,יחידה,1.00,יחידה,false,1,39.90,39.9000,true,1,51696
7298074500615,false,ערכה לבדיקת הריון בודד סנסו טסט,סנסו טסט Senso Test,,ערכה לבדיקת הריון בודד סנסו טסט,יחידה,1.00,יחידה,false,1,25.90,25.9000,true,1,47374
7298074501018,false,בליסטקס קלאסיק שפתון לשפתיים יבשות וסדוק,בליסטקס פריגו,US,שפתון בליסטקס קלאסיק,יחידה,1.00,יחידה,false,1,9.90,9.9000,true,1,52134
7298074501995,false,בליסטקס סטיק אולטרא SPF50,בליסטקס פריגו,,בליסטקס הגנה מוגברת spf50,יחידה,1.00,יחידה,false,1,9.90,9.9000,true,1,47643
7298087000959,false,וולטרן אמולגל שפורפר,נוברטיס,,וולטרן אמולגל שפורפרת 50 גרם,גרמים,50.00,100 גרם,false,1,47.00,94.0000,true,1,32998
7312040017683,false,מארז אבסולוט רגיל(וודקה {}{700 עם כוס,טמפו משקאות בע`מ,SE,"אבסולוט וודקה, 700 מ''ל",מיליליטרים,700.00,"100 מ""ל",false,1,69.90,9.9857,true,1,26329
7394376123337,false,"משקה שיבולת שועל אורגני מפוקח ע""י סקאל",טרנסומס פוד איי.בי,SE,משקה שיבולת שועל אורגני אוטלי 1 ליטר,ליטרים,1.00,ליטר,false,1,15.90,15.9000,true,1,50163
7394376615825,false,אוטלי משקה שיבולת שועל מועשר בסידן וויטמינים 1 ליטר,ש. שסטוביץ בע`מ,SE,אוטלי משקה שבולת שועל מועשר 1 ליטר,ליטרים,1.00,ליטר,false,1,15.90,15.9000,true,1,50162
7394376615832,false,אוטלי משקה שיבולת שועל בטעם שוקולד 1 ליטר,ש. שסטוביץ בע`מ,SE,משקה שיבולת שועל בטעם שוקולד אוטלי 1 לי,ליטרים,1.00,ליטר,false,1,16.90,16.9000,true,1,50161
7394376616778,false,אוטלי משקה שיבולת שועל להקצפה בריסטה 1 ליטר,ש. שסטוביץ בע`מ,SE,משקה שיבולת שועל  להקצפה בריסטה אוטלי 1,ליטרים,1.00,ליטר,false,1,16.90,16.9000,true,1,50160
7394376620294,false,אוטלי משקה שיבולת שועל בטעם וניל 1 ליטר,איי אם פי אס איי תעש,NL,משקה שיבולת שועל וניל אוטלי 1 ליטר,ליטרים,1.00,ליטר,false,1,16.90,16.9000,true,1,55348
7441000720599,false,לבבות דקל LA CIMA פח 400 גרם,אינקופלמיטו,EC,שימורי לבבות דקל שלמים(פחית),גרמים,400.00,100 גרם,false,1,14.90,3.7250,true,1,35709
7441000720605,false,לבבות דקל LA CIMA צנצנת 410 גרם,אינקופלמיטו אס. אי,EC,לה קימה שימורי לבבות דקל שלמים 410 גרם,גרמים,410.00,100 גרם,false,1,19.90,4.8537,true,1,35710
7465603183636,false,סיגר פרינסיפס נטורל,,DO,סיגר פרינסיפס נטורל בודד,יחידה,1.00,יחידה,false,1,11.90,11.9000,false,1,54689
7465603183797,false,סיגר פרינסיפס נטורל,,DO,סיגר פרינסיפס נטורל 5 יחידות,יחידה,5.00,יחידה,false,5,44.90,8.9800,false,1,54691
7500162900000,false,"בירה סול בקבוק 330 מ""ל",פארייפאבה אגרואינדוס,NL,"סול ח""פ 330 בקבוק בודד",מיליליטרים,330.00,"100 מ""ל",false,1,9.90,3.0000,true,1,49703
7501013101348,false,"ג'ומקס מנגו בקבוק 473 מ""ל תריסר",חומקס קומר קומרסאליזדורה,MX,"גומקס מנגו בקבוק 473 מ""ל",מיליליטרים,473.00,"100 מ""ל",false,1,9.50,2.0085,true,1,47225
7501013101355,false,"נקטר בטעם אפרסק 500 מ""ל JUMEX",חומקס קומר קומרסאליזדורה,MX,"ג'ומקס אפרסק בקבוק 473 מ""ל תריסר",מיליליטרים,473.00,"100 מ""ל",false,1,9.50,2.0085,true,1,47224
7501013101362,false,"נקטר בטעם קוקוס ואננס 500 מ""ל JUMEX",חומקס קומר קומרסאליזדורה,MX,"ג'ומקס קוקוס אננס בקבוק 473 מ""ל תריסר",מיליליטרים,473.00,"100 מ""ל",false,1,9.50,2.0085,true,1,47226
7501013101393,false,"ג'ומקס אננס בקבוק 473 מ""ל תריסר",חומקס קומר קומרסאליזדורה,MX,"ג'ומקס אננס  בקבוק 473 מ""ל תריסר",מיליליטרים,473.00,"100 מ""ל",false,1,9.50,2.0085,true,1,47223
7501013101447,false,"נקטר בטעם רימונים 500 מ""ל ""JUMEX""",חומקס קומר קומרסאליז,MX,גומקס יוניקו פרסקו רימונים בק 473,מיליליטרים,473.00,"100 מ""ל",false,1,9.50,2.0085,true,1,47228
7501013122039,false,ג'ומקס מיץ מנגו קרטונית ליטר תריסר,חומקס קומר קומרסאליזדורה,MX,ג'ומקס מנגו קרטונית ליטר תריסר,ליטרים,1.00,ליטר,false,1,12.90,12.9000,true,1,47220
7501013122053,false,נקטר אפרסק ג'ומקס בקרטונית 1 ליטר,חומקס קומר קומרסאליזדורה,MX,ג'ומקס אפרסק קרטונית ליטר תריסר,ליטרים,1.00,ליטר,false,1,12.90,12.9000,true,1,47219
7501013122114,false,ג'ומקס מיץ אננס קרטונית ליטר תריסר,חומקס קומר קומרסאליזדורה,MX,ג'ומקס אננס קרטונית ליטר תריסר,ליטרים,1.00,ליטר,false,1,12.90,12.9000,true,1,47218
7501013122190,false,ג'ומקס מיץ תפוחים קרטונית ליטר תריסר,חומקס קומר קומרסאליזדורה,MX,ג'ומקס תפוחים קרטונית ליטר תריסר,ליטרים,1.00,ליטר,false,1,12.90,12.9000,true,1,47222
7501013122992,false,ג'ומקס מיץ קוקוס אננס קרטונית ליטר תריסר,חומקס קומר קומרסאליזדורה,MX,ג'ומקס קוקוס אננס קרטונית ליטר תריסר,ליטרים,1.00,ליטר,false,1,12.90,12.9000,true,1,47221
7501049936945,false,"בירה סול שישייה בקבוק 330 מ""ל",פארייפאבה אגרואינדוס,NL,"בירה סול שישייה (6X330 מ""ל)",ליטרים,1.98,ליטר,false,1,39.90,20.1515,true,1,49702
7501064191398,false,שישיית בירה קורונה אקסטרא *355 מל,קריניציה ויטמינה אס,MX,בשישיית בירה קורונה אקסטרה 2.13 ל',ליטרים,2.13,ליטר,false,6,44.90,21.0798,true,1,42301
7501064196690,false,"פחית בירה קורונה 355 מ""ל",סרבסריה מידלו,MX,"פחית בירה קורונה 355 מ""ל",מיליליטרים,355.00,"100 מ""ל",false,1,12.90,3.6338,true,1,48986
7503012779306,false,סירופ אגבה כחולה 100% 330 גרם נטורפוד,נוטריגבאס דה מקסיקו,MX,נטור פוד סירופ אגבה כחולה אורגני 330 גרם,גרמים,330.00,100 גרם,false,1,22.90,6.9394,true,1,27900
7503012779405,false,סירופ אגבה כחולה – נטורפוד (גדול),נוטריאגבס דה מקסיקו,MX,סירופ אגבה כחולה אורגני 660 גרם,גרמים,660.00,100 גרם,false,1,34.90,5.2879,true,1,36811
7509546678702,false,קולגייט משחת שיניים טוטל אנטי טרטר 100 מ,קולגייט-פלמוליב,BR,קולגייט משחת שיניים טוטאל אנטי טרטר 100,מיליליטרים,100.00,"100 מ""ל",false,1,18.90,18.9000,true,1,54872
7610100034084,false,מיונז טומי בשפורפרת 265 גרם,ליימן שליסל בע`מ,,טומי מיונז אמיתי מביצי חופש 265 גרם,גרמים,265.00,100 גרם,false,1,16.90,6.3774,true,1,36309
7610113000175,false,"רום בקרדי מוחיטו 700 מ""ל",בקרדי מרטיני,DE,בקרדי מוחיטו 700מל,מיליליטרים,700.00,"100 מ""ל",false,1,79.90,11.4143,true,1,42093
7610113011652,false,בריזר - משקה כוהלי מוגז בטעם תפוח,בקרדי בריזר Bacardi Breezer,BE,"בריזר - משקה כוהלי מוגז בטעם תפוח 275 מ""ל",מיליליטרים,275.00,"100 מ""ל",false,1,16.90,6.1455,true,1,50081
7610113013250,false,"משקה כוהלי על בסיס רום בקרדי 250 מ""ל",בקרדי מרטיני,BE,פחית בקרדי מוחיטו 250 מל,מיליליטרים,250.00,"100 מ""ל",false,1,16.90,6.7600,true,1,52534
7610113015797,false,"בריזר סלצזר פטל ליים 250מ""ל פחית",טמפו משקאות בעמ,BE,בריזר סלצזר פטל ליים 250 מל פחית,מיליליטרים,250.00,"100 מ""ל",false,1,15.90,6.3600,true,1,53343
7610243004463,false,"דורגול - מרסס להסרת אבנית במקלחון 600 מ""ל","יעקב יעקבי ובניו בע""מ",,"מסיר אבן דורגול מרסס 500 מ""ל",מיליליטרים,500.00,"100 מ""ל",false,1,25.90,5.1800,true,1,30636
7610400014649,false,לינדור קוביות במילוי קרם שוקולד חלב 100 גרם,לינדט ושפרונגלי קילשברג,,שוקולד לינדור חלב 100 גרם,גרמים,100.00,100 גרם,false,1,16.90,16.9000,true,1,1674
7610400068505,false,לינדט לינדור בונבוניירה שוקולד חלב 200 גרם,לינדט ושפרונגלי קילשברג,,בונבוניירה לינדור מילק 200 גרם,גרמים,200.00,100 גרם,false,1,35.50,17.7500,true,1,22336
7610400068529,false,לינדט לינדור בונבוניירה כדורי שוקולד מטעמים 200 גרם,לינדט ושפרונגלי קילשברג,,בונבוניירה לינדור קורנה 200 גרם,גרמים,200.00,100 גרם,false,1,35.50,17.7500,true,1,31145
7610400074155,false,לינדט לינדור קוביות במילוי קרם שוקולד 60% מוצקי קקאו 100 גרם,לינדט ושפרונגלי קילשברג,,שוקולד לינדור מריר 60% 100 גרם,גרמים,100.00,100 גרם,false,1,16.90,16.9000,true,1,20917
7610400075770,false,לינדט לה גרנד שוקולד מריר אגוז 150 גרם,לינדט ושפרונגלי קילשברג,CH,לינדט לגרנד דארק הזלנט 150 גרם,גרמים,150.00,100 גרם,false,1,24.90,16.6000,true,1,41798
7610400075787,false,לינדט לה גרנד שוקולד חלב אגוז 150 גרם,לינדט ושפרונגלי קילשברג,CH,לינדט לה גרנד - שוקולד חלב עם אגוזי לוז 150 גר',גרמים,150.00,100 גרם,false,1,24.90,16.6000,true,1,41795
7610400091060,false,שוקולד מריר לינדט אקסלנס בתוספת תפוז ושקדים,לינדט ושפרונגלי קילש,,שוקולד לינדט אקסלנס תפוז 100 גרם,גרמים,100.00,100 גרם,false,1,16.90,16.9000,true,1,49795
7610700012642,false,סוכריות ריקולה בשקית בטעם לימון,שוקוטרייד בעמ,CH,ריקולה שקית בטעם לימון 70גרם,גרמים,70.00,100 גרם,false,1,15.90,22.7143,true,1,54243
7613030979647,false,דגני בוקר טריקס פירות עולם היורה 480 ג',קבוצת אוסם סחר שותפות מוגבלת,IL,טריקס 12*480גרם 2018,גרמים,480.00,100 גרם,false,1,27.90,5.8125,true,1,38522
7613032045753,false,פיטנס דגנים מחיטה מלאה שוקולד 375גרם,קבוצת אוסם סחר שותפות מוגבלת,FR,פיטנס שוקולד 16*375גרם 2017,גרמים,375.00,100 גרם,false,1,22.90,6.1067,true,1,17492
7613033548192,false,פיטנס - דגני בוקר שוקולד מריר 375 גרם,קבוצת אוסם סחר שותפות מוגבלת,FR,פיטנס שוקולד מריר 16*375גרם 2017,גרמים,375.00,100 גרם,false,1,22.90,6.1067,true,1,24046
7613033635571,false,פורינה וואן - חתול סטרילייז סלמון 800 גרם,קבוצת אוסם סחר-שות.מוגבלת,US,ONE חתול סטרילייז סלמון800גרם,גרמים,800.00,100 גרם,false,1,37.90,4.7375,true,1,47586
7613034146656,false,מזון לכלבים קטנים בטעם בקר פורינה ONE,נסטלה פורינה איטליה,US,ONE מיני אקטיב בקר 1.5קג,קילוגרמים,1.50,"ק""ג",false,1,54.90,36.6000,true,1,47591
7613035514430,false,"פורינה ONE חתול בוגר סלמון 3 ק""ג",שחורי אריה ואנסטסיה,US,ONE חתול בוגר סלמון 3קג,קילוגרמים,3.00,"ק""ג",false,1,119.90,39.9667,true,1,47588
7613035514560,false,מזון לחתול מעוקר עם בקר פורינה ONE,שחורי אריה ואנסטסיה,US,ONE חתול סטרילייז בקר 3קג,קילוגרמים,3.00,"ק""ג",false,1,119.90,39.9667,true,1,47589
7613035614482,false,מזון לגור חתולים בטעם עוף פורינה ONE,קבוצת אוסם סחר-שות.מוגבלת,US,ONE חתול גור800גרם,גרמים,800.00,100 גרם,false,1,37.90,4.7375,true,1,47583
7613035618794,false,"פורינה ONE חתול בוגר עוף 3 ק""ג",שחורי אריה ואנסטסיה,US,ONE 3קג חתול בוגר עוף,קילוגרמים,3.00,"ק""ג",false,1,119.90,39.9667,true,1,47587
7613035619050,false,פירולו חמשושים מפלצות 75 מל,שוורצקוף& הנקל דיסלד,ES,חמשושים מפלצות 18*75מל,גרמים,80.00,100 גרם,false,1,9.90,12.3750,true,1,33515
7613035622623,false,פיטנס גרנולה שקדים ודבש נסטלה (300 גרם),קבוצת אוסם סחר-שות.מוגבלת,LT,פיטנס גרנולה שקדים ודבש 300 גרם,גרמים,300.00,100 גרם,false,1,15.90,5.3000,true,1,33250
7613035635845,false,פיטנס גרנולה שוקולד 300 גר`אסם,קבוצת אוסם סחר-שות.מוגבלת,LT,גרנולה פיטנס שוקולד 300 גרם,גרמים,300.00,100 גרם,false,1,15.90,5.3000,true,1,33251
7613035758834,false,פיטנס סופר גרנולה וחמוציות 300 גרם,קבוצת אוסם סחר שותפות מוגבלת,LT,פיטנס גרנולה חמוציות 14*300גרם,גרמים,300.00,100 גרם,false,1,15.90,5.3000,true,1,34296
7613036105545,false,"דוגלי גזע קטן 4*3 קילו ""אסם""",קבוצת אוסם סחר שותפות מוגבלת,HU,דוגלי גזע קטן 3 קג,קילוגרמים,3.00,"ק""ג",false,1,59.90,19.9667,true,1,41885
7613036105576,false,דוגלי עוף לכלבים בוגרים,קבוצת אוסם סחר שותפות מוגבלת,HU,דוגלי בוגר עוף 3 קג,קילוגרמים,3.00,"ק""ג",false,1,59.90,19.9667,true,1,37518
7613036105606,false,דוגלי בקר לכלבים בוגרים,קבוצת אוסם סחר שותפות מוגבלת,HU,דוגלי בוגר בקר 3 קג,קילוגרמים,3.00,"ק""ג",false,1,59.90,19.9667,true,1,37519
7613036280327,false,פרייה אנד גוס אפרסק דובדבן 250 מל פחיות,נסטלה ווטרס ספלאי,FR,פרייבה אנד ג'וס אפרסק דובדבן פחית,מיליליטרים,250.00,"100 מ""ל",false,1,9.00,3.6000,true,1,51076
7613036286008,false,"פרייה אנד גוס אננס מנגו 250 מ""ל פחיות",נסטלה ווטרס ספלאי,FR,"משקה אננס מנגו מוגז - פחית 250 מ""ל",מיליליטרים,250.00,"100 מ""ל",false,1,9.00,3.6000,true,1,51075
7613036307390,false,"פורינה One מידמקסי עוף 2.5ק""ג",קבוצת אוסם סחר-שות.מוגבלת,US,ONE מידמקסי עוף 2.5קג,קילוגרמים,2.50,"ק""ג",false,1,89.90,35.9600,true,1,47594
7613036576734,false,קרטיב חמשושים חדש נסטלה 60 גר,נגה גלידות שותפות מוגבלת,ES,נסטלה חמשושים חדש 18*60גרם,גרמים,60.00,100 גרם,false,1,9.90,16.5000,true,1,40230
7613036880534,false,גרבר מחית ירקות מעורבים מטרנה 190 גר',קבוצת אוסם סחר שותפות מוגבלת,PL,גרבר מחית מרק ירקות מעורבים 12*190גרם,גרמים,190.00,100 גרם,false,1,7.90,4.1579,true,1,48999
7613037012200,false,גרבר מחית תפו`ע מנגו וגזר פאוץ 90 גר`,קבוצת אוסם סחר שותפות מוגבלת,ES,גרבר מחית תפוח מנגו גזר פאוץ 16*90גרם,גרמים,90.00,100 גרם,false,1,6.90,7.6667,true,1,51117
7613037276091,false,נסטלה מיקס מיני אריזות דגני בוקר 200 גרם,קבוצת אוסם סחר שותפות מוגבלת,FR,נסטלה מיקס מיני אריזות דגני בוקר *200גרם,גרמים,200.00,100 גרם,false,1,20.90,10.4500,true,1,42590
7613037686906,false,פיטנס - דגני בוקר שקדים ודבש 355 גרם,קבוצת אוסם סחר שותפות מוגבלת,FR,פיטנס שקדים ודבש 14*355גרם,גרמים,355.00,100 גרם,false,1,22.90,6.4507,true,1,49022
7613037811629,false,קורנפלקס גו פרי ללא גלוטן 500 גר`,קבוצת אוסם סחר שותפות מוגבלת,IL,גו פרי קורנפלקס 7*500גרם,גרמים,500.00,100 גרם,false,1,15.90,3.1800,true,1,50660
7613038268262,false,דגני בוקר צ'יריוס דבש ושקדים במתיקות מעודנת,קבוצת אוסם סחר שותפות מוגבלת,FR,דגני האני נאט ציריוס מופחת סוכר 410ג N9L,גרמים,410.00,100 גרם,false,1,21.90,5.3415,true,1,48946
7613039547731,false,גרבר מחית תפוח עץ ומשמש 90 גרם פאוץ,קבוצת אוסם סחר שותפות מוגבלת,IL,"גרבר מחית תפוח משמש פאוץ, 90 גרם",גרמים,90.00,100 גרם,false,1,6.90,7.6667,true,1,52751
7613039770450,false,טבעול סנסשיונל בורגר צמחוני 226 גרם,קבוצת אוסם סחר שותפות מוגבלת,IL,בורגר טבעול סנסשיונל 226גרם,גרמים,226.00,100 גרם,false,1,36.90,16.3274,true,1,50862
7613039771174,false,טבעול סנסשיונל מינס טחון צמחוני 400 גרם,קבוצת אוסם סחר-שות.מוגבלת,IL,טבעול סנשיונל טחון צמחוני 400גרם,גרמים,400.00,100 גרם,false,1,36.90,9.2250,true,1,50863
7613287181411,false,ויטמינציק מחית סלט פירות 110 גרם,קבוצת אוסם סחר שותפות מוגבלת,IL,"ויטמינציק סלט פירות, 110 גרם",גרמים,110.00,100 גרם,false,1,6.90,6.2727,true,1,52748
7613287182425,false,ויטמינציק מחית תפוח בננה ותות 110 גרם,קבוצת אוסם סחר שותפות מוגבלת,IL,"ויטמינציק תפוח בננה ותות, 110 גרם",גרמים,110.00,100 גרם,false,1,6.90,6.2727,true,1,52746
7613287182456,false,ויטמינציק מחית אגס בננה תפוח 110 גרם,קבוצת אוסם סחר שותפות מוגבלת,ES,ויטמינציק פאוץ אגס תפוח ובננה כשלפ 110 ג,גרמים,110.00,100 גרם,false,1,6.90,6.2727,true,1,52747
7613287325808,false,אוסם - דיפ אנד ספרד מטבל איולי שום 295 גרם,קבוצת אוסם סחר שותפות מוגבלת,PL,רוטב איולי שום לחיץ אסם 295 גרם,גרמים,295.00,100 גרם,false,1,16.90,5.7288,true,1,53200
7613287325822,false,אוסם - דיפ אנד ספרד מטבל מיקס 295 גרם,קבוצת אוסם סחר שותפות מוגבלת,PL,רוטב מיקס לחיץ 295 גרם,גרמים,295.00,100 גרם,false,1,16.90,5.7288,true,1,53202
7613287325853,false,אוסם - דיפ אנד ספרד מטבל איולי ספייסי 295 גרם,קבוצת אוסם סחר שותפות מוגבלת,PL,רוטב ספייסי איולי לחיץ 295 גרם,גרמים,295.00,100 גרם,false,1,16.90,5.7288,true,1,53201
7613287476678,false,דגני בוקר סינימיניס צ'ורוס נסטלה 360 ג',קבוצת אוסם סחר שותפות מוגבלת,PT,סינימיניס צורוס 360גרם,גרמים,360.00,100 גרם,false,1,27.90,7.7500,true,1,52660
7613287821348,false,נתחוני עוף טבעוני סנסשיונל טבעול 350 גרם,קבוצת אוסם סחר שותפות מוגבלת,CZ,נתחוני עוף טבעוני סנסשיונל 350גרם,גרמים,350.00,100 גרם,false,1,36.90,10.5429,true,1,52941
7616500553460,false,שוקולד פריי מהודר מריר תפוז 100 ג',צוקולאט פריי אייץגיץ,CH,פריי שוקולד מריר תפוז 100 גרם,גרמים,100.00,100 גרם,false,1,11.90,11.9000,true,1,46878
7616500553484,false,שוקולד פריי מהודר מריר 78% 100גר,צוקולאט פריי אייץגיץ,CH,פריי שוקולד מריר 78% 100 גרם,גרמים,100.00,100 גרם,false,1,11.90,11.9000,true,1,46872
7616500630161,false,פריי שוקולד מריר 85% קקאו 100גר,צוקולאט פריי אייץגיץ,CH,פריי שוקולד מריר 85% 100 גרם,גרמים,100.00,100 גרם,false,1,11.90,11.9000,true,1,46875
7616500647251,false,שוקולד חלב עם אגוזים180ג,פריי )שוקולד(,CH,פריי שוקולד חלב אגוז 180 גרם,גרמים,180.00,100 גרם,false,1,19.90,11.0556,true,1,46901
7616500666092,false,שוק.חלב לוז/פיסטוק/שק200,פריי )שוקולד(,CH,פריי חלב פיסטוק 200 גרם,גרמים,200.00,100 גרם,false,1,19.90,9.9500,true,1,54501
7622201120931,false,מילקה שוקולד אוראו לבן 100 גרם,דיפלומט מפיצים (1968) בעמ**,UA,מילקה אוראו לבן 100 גרם,גרמים,100.00,100 גרם,false,1,7.90,7.9000,true,1,53997
7622201137052,false,אוראו מיני קוקיס - עוגיות שוקולד צ'יפס ותחתית מצופה שוקולד חלב,דיפלומט מפיצים (1968) בעמ**,ES,מילקה מיני קוקיז 110 גרם,גרמים,110.00,100 גרם,false,1,9.90,9.0000,true,1,51861
7622201401900,false,עוגיות מילקה סנסיישן אוראו 156 גרם,דיפלומט מפיצים (1968) בעמ**,PL,עוגיות מילקה סנסיישן אוראו 156 גרם,גרמים,156.00,100 גרם,false,1,12.90,8.2692,true,1,50976
7622201502515,false,עוגיות מילקה קוקי לופ שוקולד צ'יפס,דיפלומט מפיצים (1968) בעמ**,,מילקה קוקי לופ 132 גרם,גרמים,132.00,100 גרם,false,1,12.90,9.7727,true,1,53344
7622201801809,false,מילקה שוקולד חלב עם אגוזים 100 גרם חדש,מנדלז דויצ'\לנד סנקס פרו,DE,שוקולד חלב אגוזים מילקה 100 גרם,גרמים,100.00,100 גרם,false,1,7.90,7.9000,true,1,52562
7622201808631,false,אוראו מיני עוגיות ממולאות קרם וניל 67גרם,דיפלומט מפיצים (1968) בעמ**,ID,אוראו מיני כוסות בטעם וניל 67 גרם,גרמים,67.00,100 גרם,false,1,7.90,11.7910,true,1,52564
7622201809188,false,מילקה ביסקויט מצופה שוקולד 150 גר`,מונדלז פרנס ביסקוויט פרו,FR,מילקה ביסקויט 150 גרם,גרמים,150.00,100 גרם,false,1,12.90,8.6000,true,1,51818
7622201813390,false,וופל במילוי קרם קקאו בציפוי שוקולד חלב,דיפלומט מפיצים (1968) בעמ**,,מילקה וואפל במילוי קרם קקאו 150 גרם,גרמים,150.00,100 גרם,false,1,12.90,8.6000,true,1,51817
7622210078131,false,שוקולד חלב עם שבבי קרמל מילקה דיים 100 גרם,מנדלז דויצ'\לנד סנקס פרו,DE,מילקה שוקולד חלב עם דיים 100 גר',גרמים,100.00,100 גרם,false,1,7.90,7.9000,true,1,41516
7622210453327,false,עוגיות שוקוצ'יפס במילוי שוקולד סנסיישן,דיפלומט מפיצים (1968) בעמ**,PL,עוגיות מילקה סנסיישן 156 גרם,גרמים,156.00,100 גרם,false,1,18.90,12.1154,true,1,54431
7622210597915,false,פרלינים לבבות שוקולד חלב ממולא קרם נוגט,דיפלומט מפיצים {1968}בעמ,BG,מילקה לבבות פרלינים 110 גרם,גרמים,110.00,100 גרם,false,1,12.90,11.7273,true,1,50213
7622210637994,false,מיני עוגיות אוראו קראנצ'י בייטס אורגינל,דיפלומט מפיצים (1968) בעמ**,ES,אוראו קראנצי בייטס 110 גרם,גרמים,110.00,100 גרם,false,1,9.90,9.0000,true,1,51537
7622210638021,false,מיני עוגיות אוראו קראנצ'י בייטס מצופים,דיפלומט מפיצים (1968) בעמ**,ES,אוראו קראנצ'י בייטס מצופים 110 גרם,גרמים,110.00,100 גרם,false,1,9.90,9.0000,true,1,51538
7622210640062,false,פלדלפיה שמנת למריחה עם פלפל חלפיניו ופלפל ירוק,מונדלייז,DE,גבינת פילדלפיה עם פלפל חלפיניו וירוק 17,גרמים,175.00,100 גרם,false,1,16.90,9.6571,true,1,54820
7622210646026,false,שוק.מילקה דארק קרמל85גרם,מונדלייז,DE,מילקה דרק קרמל 85 גרם,גרמים,85.00,100 גרם,false,1,9.90,11.6471,true,1,49573
7622210826053,false,מילקה שוקולד אוראו סנדוויץ 100 גרם,דיפלומט מפיצים (1968) בעמ**,HU,שוקולד מילקה אוראו סנדביץ 92 גרם,גרמים,92.00,100 גרם,false,1,7.90,8.5870,true,1,51235
7622210829085,false,עוגיות אוראו וניל דקים 96 גרם,דיפלומט מפיצים (1968) בעמ**,UA,אוראו עוגיות דקות 96 גרם,גרמים,96.00,100 גרם,false,1,8.90,9.2708,true,1,49759
7622210829108,false,עוגיות אוראו שוקו דקים 96 גרם,דיפלומט מפיצים (1968) בע`מ,UA,עוגיות אוראו דקות בטעם שוקולד 96 גרם,גרמים,96.00,100 גרם,false,1,8.90,9.2708,true,1,49758
7622210835338,false,אוראו עוגיות ממולאות טעם בראוניז 176 גרם,דיפלומט מפיצים (1968) בעמ**,ES,עוגיות אוראו בראוניז 176 גרם,גרמים,176.00,100 גרם,false,1,10.90,6.1932,true,1,39512
7622300315283,false,אוראו עוגיות ממולאות קרם וניל 154 גרם,דיפלומט מפיצים (1968) בעמ**,UA,"אוראו וניל בד""צ 154 גרם",גרמים,154.00,100 גרם,false,1,8.90,5.7792,true,1,52563
7622300340285,false,גבינת שמנת 22% שומן 175 ג' פילדלפיה,מונדלז דויצ'לנד פרוד,DE,גבינת שמנת 21% שומן,גרמים,175.00,100 גרם,false,1,16.90,9.6571,true,1,39035
7622300340292,false,גבינת שמנת 11% שומן 175 ג' פילדלפיה,מונדלז דויצ'לנד פרוד,DE,גבינת שמנת מופחתת שומן 11% שומן,גרמים,175.00,100 גרם,false,1,16.90,9.6571,true,1,39036
7622300356767,false,מילקה - עוגיות עם גרנולה וחתיכות של שוקולד חלב,דיפלומט מפיצים (1968) בעמ**,PL,מילקה עוגיות שוקולד ציפס 168 גרם,גרמים,168.00,100 גרם,false,1,12.90,7.6786,true,1,22414
7622300489427,false,עוגיות אוראו בציפוי בטעם שוקולד לבן 246 גרם,דיפלומט מפיצים (1968) בעמ**,ES,עוגיות אוראו בציפוי בטעם שוקולד לבן 246 גר',גרמים,246.00,100 גרם,false,1,23.90,9.7154,true,1,38594
7622300489434,false,"עוגיות אוראו פאדג' בציפוי שוקולד חלב, 246 גרם",דיפלומט מפיצים (1968) בעמ**,ES,עוגיות אוראו פאדג שוקולד חלב 246 גרם,גרמים,246.00,100 גרם,false,1,23.90,9.7154,true,1,38595
7622300503079,false,עוגיות ביסקוויט מצופה שוקולד חלב מילקה 200 גרם,דיפלומט מפיצים (1968) בעמ**,PL,מילקה מו עוגיות ביסקוויט בציפוי שוקולד 200 גר',גרמים,200.00,100 גרם,false,1,12.90,6.4500,true,1,24125
7622300756413,false,גבינת פילדלפיה 20% שומן עם תבלינים 175 ג',מונדלז דויצ'לנד פרוד,DE,פילדלפיה גבינת שמנת עם עשבי תיבול 20% שומן 175 גרם,גרמים,175.00,100 גרם,false,1,16.90,9.6571,true,1,39037
7622300761363,false,עוגיות מיני אוראו במילוי קרם בטעם שוקולד בכוס,דיפלומט מפיצים (1968) בעמ**,ID,אוראו מיני כוסות בטעם שוקולד 61.3 גרם,גרמים,67.00,100 גרם,false,1,7.90,11.7910,true,1,33712
7630477891592,false,סטארבקס קפסולות קפה האוס בלנד 10 יחידות,קבוצת אוסם סחר שותפות מוגבלת,CH,סטארבקס קפסולות האוס בלנד 57 גרם,גרמים,57.00,100 גרם,false,1,22.90,40.1754,true,1,52582
7630477891639,false,קפסולות קפה סומטרה (10 יח) סטארבקס ( 55,קבוצת אוסם סחר שותפות מוגבלת,CH,סטארבקס קפסולות ורונה 55 גרם,גרמים,55.00,100 גרם,false,1,22.90,41.6364,true,1,52584
7630477891714,false,סטארבקס קפסולות קפה אספרסו 10 יחידות,קבוצת אוסם סחר שותפות מוגבלת,CH,סטארבקס קפסולות אספרסו 57 גרם,גרמים,57.00,100 גרם,false,1,22.90,40.1754,true,1,52583
7630477891738,false,סטארבקס קפסולות קפה אספרסו בלונד 10 יחיד,קבוצת אוסם סחר שותפות מוגבלת,CH,סטארבקס קפסולות אספרסו בלונד 53 גרם,גרמים,53.00,100 גרם,false,1,22.90,43.2075,true,1,52581
7640103867013,false,"שערות סבתא ""תות "" 15 גרם",אסאבא פוד,ID,שערות סבתא בטעם תות 15 גרם,גרמים,15.00,100 גרם,false,1,5.90,39.3333,true,1,54242
7640175742614,false,"בומביי ספייר 200 מ""ל",הממלכה המאוחדת,בוטן,גין בומביי 200 מל,מיליליטרים,200.00,"100 מ""ל",false,1,39.90,19.9500,true,1,52734
7640175743451,false,משקה כוהלי על בסיס גין בומביי ספייר 250מ,בומביי ספיריטס,BE,פחית גין בומביי טוניק 250 מל,מיליליטרים,250.00,"100 מ""ל",false,1,16.90,6.7600,true,1,52535
7702018458110,false,מכשיר גילוח פיוזן ידני +2 סכינים,דיפלומט מפיצים (1986) בע`מ,PL,ג'ילט מכשיר פיוזן ידני,יחידה,1.00,יחידה,false,1,49.90,49.9000,true,1,48314
7702018462032,false,סכיני גילוח גילט מאך 3 רביעייה,דיפלומט מפיצים (1986) בע`מ,DE,גילט מאך 3 רביעיות סטארט,יחידה,1.00,יחידה,false,1,29.90,29.9000,true,1,48312
7702018471423,false,גילט פיוזן סטארט סכיני גילוח 4יח,דיפלומט מפיצים {1968}בעמ,PL,גילט פיוזן רביעיות סטארט,יחידה,1.00,יחידה,false,1,44.90,44.9000,true,1,48313
7702018978106,false,"ג'ילט - דאודורנט ג'ל לגבר ארטיק אייס 70 מ""ל",פארמה דיל (פ.א.ב.) שיווק והפצה,PL,Gillette Clear Gel AP Deo Stick Arctic I,ליטרים,70.00,ליטר,false,1,17.90,0.2557,true,1,19732
7702018980833,false,"ג'ילט ג'ל גילוח סירייס מועשר בלחות - 200 מ""ל",דיפלומט מפיצים 1968 בעמ,,"ג'ילט ג'ל גילוח סירייס מועשר בלחות 200 מ""ל",מיליליטרים,200.00,"100 מ""ל",false,1,15.90,7.9500,true,1,36700
7702018980925,false,"קצף גילוח לעור רגיל 200 מ""ל ג'ילט",קימברלי,GB,"קצף גילוח גילט לעור רגיל 200 מ""ל",מיליליטרים,200.00,"100 מ""ל",false,1,9.90,4.9500,true,1,55259
7702018980932,false,"קצף גילוח לעור רגיש 200 מ""ל ג'ילט",קימברלי,GB,"קצף גילוח גילט לעור רגיש 200 מ""ל",מיליליטרים,200.00,"100 מ""ל",false,1,9.90,4.9500,true,1,55260
7702024258322,false,"חטיפי קרקר עם חיטה מלאה, צ'יה וזרעי פשתן פיטנס",קבוצת אוסם סחר שותפות מוגבלת,CO,פיטנס חטיפי קרקר ציה ופישתן 234 גרם,גרמים,234.00,100 גרם,false,1,13.90,5.9402,true,1,50169
7750526001786,false,אינקה ציפס ירוקות שורש אוריגינל 142גר,Global Gourmet Produ,US,אינקה ציפס ירקות שורש אוריגינל 142גרם,גרמים,142.00,100 גרם,false,1,21.90,15.4225,true,1,51177
7792860006218,false,סוכריות לקקן בייבי דול לריטייר (24 גרם),גוד פוד פרודקטס S.p,AR,"סוכריות בייבי דול, 24 גרם",גרמים,20.00,100 גרם,false,1,2.90,14.5000,true,1,1687
7798141877829,false,"גאטו נגרו פינו גריג'ו 750 מ""ל",היכל היין שקד גולן בעמ,AR,גאטו נגרו פינו גריגיו 750 מל,מיליליטרים,750.00,"100 מ""ל",false,1,39.90,5.3200,true,1,53234
7798304600042,false,אוכמניות טריות 125 ג,מרינה,IL,אוכמניות ארוז,גרמים,125.00,100 גרם,false,1,19.90,15.9200,true,1,50909
7804414000860,false,קברנה סוביניון דון חוליו (750 מל),צ'ילה לואיס פיליפה אדוארדס,,דון חוליו יין 13.5% אדום יבש קברנה סובניון 2016,מיליליטרים,750.00,"100 מ""ל",false,1,32.90,4.3867,true,1,1688
7804414000877,false,יין דון חוליו מרלו אדוארדס,צ'ילה לואיס פיליפה אדוארדס,,דון חוליו יין אדום יבש מרלו 2019,מיליליטרים,750.00,"100 מ""ל",false,1,32.90,4.3867,true,1,1689
7804414000884,false,שרדונה BIN דון חוליו (750 מל),צ'ילה לואיס פיליפה אדוארדס,,דון חוליו יין 12% לבן יבש שרדונה 2017,מיליליטרים,750.00,"100 מ""ל",false,1,32.90,4.3867,true,1,1690
7804414001614,false,שיראז חצי יבש דון חוליו (750 מל),צ'ילה לואיס פיליפה אדוארדס,,דון חוליו יין 13% אדום חצי יבש שיראז 2017,מיליליטרים,750.00,"100 מ""ל",false,1,32.90,4.3867,true,1,3199
7804414001621,false,שיראז קאזה דה לואיג`י (750 מל),הכרם - משקאות חריפים בעמ,,"יין קאזה די לואיגי שיראז 750 מ""ל",מיליליטרים,750.00,"100 מ""ל",false,1,39.50,5.2667,true,1,3200
7804414012344,false,יין סוביניון בלאן 750 מל דון חוליו,הכרם - משקאות חריפים בעמ,,דון חוליו סוביניון בלאן 750 מל,מיליליטרים,750.00,"100 מ""ל",false,1,32.90,4.3867,true,1,37349
7804414012351,false,יין מלבק 750 מל דון חוליו,הכרם - משקאות חריפים בעמ,,דון חוליו מלבק 750 מל,מיליליטרים,750.00,"100 מ""ל",false,1,32.90,4.3867,true,1,37163
7804414012368,false,יין רוזה 750 מל דון חוליו,הכרם - משקאות חריפים בעמ,,"יין דון חוליו רוזה 750 מ""ל",מיליליטרים,750.00,"100 מ""ל",false,1,32.90,4.3867,true,1,38454
7804414014263,false,קזה די לואיגי מאלבק,לואיס פליפה אדוארדס,צ'ילה (AACR),"קזה די לואיגי מאלבק 750 מ""ל",מיליליטרים,750.00,"100 מ""ל",false,1,39.50,5.2667,true,1,54588
7804414014270,false,קזה די לואיגי רוזה 7,לואיס פליפה אדוארדס,צ'ילה (AACR),"קזה די לואיגי רוזה 750 מ""ל",מיליליטרים,750.00,"100 מ""ל",false,1,39.50,5.2667,true,1,54589
7804414017127,false,"יין שרדונה מונטסאנו 750מ""ל",הכרם משקאות חריפים בעמ,צ'ילה (TDE),יין מונטסאו שרדונה 750 מל,מיליליטרים,750.00,"100 מ""ל",false,1,39.90,5.3200,true,1,51079
7840392000362,false,"פחם פרימיום 2 ק""ג",BRICAPER,,"פחם פרימיום 2 ק""ג",קילוגרמים,2.00,"ק""ג",false,1,21.90,10.9500,true,1,37252
7860001950468,false,מקלף ירקות,YIWO,,מקלף ירקות,יחידה,1.00,יחידה,false,1,7.90,7.9000,true,1,38981
7860001951601,false,כף עץ סט 3 עץ,אודס,,כף עץ סט 3,Unknown,0.00,Unknown,false,1,9.90,0.0000,true,1,28326
7890557502477,false,כפכפי הווייאנס סלים,אלפרגאטאס,,כפכפי הוויאנס סלים זהב חלק 35-6,יחידה,1.00,יחידה,false,1,49.90,49.9000,true,1,36528
7890557502491,false,כפכפי הווייאנס סלים,אלפרגאטאס,,כפכפי הוויאנס סלים זהב חלק 39-4,יחידה,1.00,יחידה,false,1,49.90,49.9000,true,1,36530
7890732316486,false,כפכפי הווייאנס סלים,אלפרגאטאס,,כפכפי הוויאנס סלים שחור חלק 37-8,יחידה,1.00,יחידה,false,1,49.90,49.9000,true,1,36519
7891024179482,false,קולגייט שטיפת פה אופטיק וויט 500 מל,יבואן ומשווק: ש. שסט,PL,קולגייט מי פה אופטיק וייט 500 מל,מיליליטרים,500.00,"100 מ""ל",false,1,36.50,7.3000,true,1,25875
7891224766390,false,הווייאנס טופ מיקס ש,,,כפכפי הווייאנס ברזיל מיקס 41/42,יחידה,1.00,יחידה,false,1,69.90,69.9000,true,1,38267
7893249567082,false,כפכפי הווייאנס סלים,אלפרגאטאס,,כפכפי הוויאנס סלים חלק בלט 37-8,יחידה,1.00,יחידה,false,1,49.90,49.9000,true,1,38598
7895265369824,false,41/42 כפכפי הווייאנ,אלפרגאטאס,,כפכפי הוויאנס ברזיל לוגו 41-2,יחידה,1.00,יחידה,false,1,69.90,69.9000,true,1,36565
7909690466826,false,כפכפי הווייאנס סלים,,,כפכפי הווייאנס סלים גלוס שחור 35-36,יחידה,1.00,יחידה,false,1,79.90,79.9000,true,1,54754
7909690466833,false,כפכפי הווייאנס סלים,,,כפכפי הווייאנס סלים גלוס שחור 37-38,יחידה,1.00,יחידה,false,1,79.90,79.9000,true,1,54755
7909690466840,false,כפכפי הווייאנס סלים,,,כפכפי הווייאנס סלים גלוס שחור 39-40,יחידה,1.00,יחידה,false,1,79.90,79.9000,true,1,54756
8000040001106,false,קמפרי ביטר אפרטיף 700מל,החברה המרכזית להפצת משקאות-אלכ,,"קמפרי 700 מ""ל",מיליליטרים,700.00,"100 מ""ל",false,1,99.90,14.2714,true,1,28393
8000070019911,false,קפה לווצה אורו זהב 2,לוואצה,,קפה לווצה אורו זהב 250 גרם,גרמים,250.00,100 גרם,false,1,36.90,14.7600,true,1,42483
8000070035805,false,קפה לווצה רוסו אדום,קפה לוואצה,IT,קפה לווצה רוסה אדום 250 גרם,גרמים,250.00,100 גרם,false,1,32.90,13.1600,true,1,42084
8000070053465,false,קפסולות לוואצה למכונת אספרסו חוזק 8,לאוג'י לוואצה אס.פי.אי,IT,אורו קפסולות קפה אספרסו 10 55 גרם,גרמים,55.00,100 גרם,false,1,19.90,36.1818,true,1,55716
8000070053472,false,לוואצה קרמה גוסטו קלאסיקו מס' 12 קפסולות לקפה 55 גרם,לאוג'י לוואצה אס.פי.אי,IT,קרמה גוסטו קלאסי קפסולות קפה אספרסו 10 57 גרם,גרמים,57.00,100 גרם,false,1,19.90,34.9123,true,1,55718
8000070053502,false,קפסולות קפה אספרסו ריקו נטול קפאין דרגת חוזק 7,לווצה טורינו,IT,קפסולות קפה אספרסו נטול קפאין 10 58 גר,גרמים,58.00,100 גרם,false,1,19.90,34.3103,true,1,55715
8000070053526,false,קפסולות לוואצה למכונת אספרסו חוזק 10,לאוג'י לוואצה אס.פי.אי,IT,קואליטה רוסה קפסולות קפה אספרסו 10 57 גרם,גרמים,57.00,100 גרם,false,1,19.90,34.9123,true,1,55717
8000070081000,false,לוואצה הורמוניקו מס' 8קפסולות לקפה 50 גרם,לאוג'\י לוואצה אס.פי.אי,IT,קפסולות קפה הרמוניקו 50 גרם,גרמים,50.00,100 גרם,false,1,18.90,37.8000,true,1,54695
8000070081017,false,קפסולות קפה אספרסו דיצו 10 10 יחידות,לאוג'\י לוואצה אס.פי.אי,IT,קפסולות דיצו 50 גרם,גרמים,50.00,100 גרם,false,1,18.90,37.8000,true,1,54696
8000070081109,false,קפסולות לוואצה ריקו נטולקפאין 6 נספרס 50,לאוג'\י לוואצה אס.פי.אי,IT,קפסולות קפה ריקו נטול קפאין 50 גרם,גרמים,50.00,100 גרם,false,1,18.90,37.8000,true,1,54697
8000215202406,false,מעדן אורז בטעם שוקו אורגני 400 גרם,בטר אנד דיפרנט,IT,מעדן אורז אורגני ויטריז שוקו 400 גרם,גרמים,400.00,100 גרם,false,1,16.90,4.2250,true,1,41165
8000215202413,false,מעדן אורז בטעם וניל אורגני 400 גרם,ויטריז,IT,מעדן אורז אורגני ויטריז וניל 400 גרם,גרמים,400.00,100 גרם,false,1,16.90,4.2250,true,1,41164
8000215204219,false,משקה אורז ביו אורגני ויטאריז 1 ליטר,בטר אנד דיפרנט,IT,משקה אורז אורגני 1 ליטר,ליטרים,1.00,ליטר,false,1,14.90,14.9000,true,1,27880
8000215204240,false,משקה אורז ושקדים ביו אורגני ויטאריז 1 לי,בטר אנד דיפרנט,IT,משקה שקדים ואורז אורגני 1 ליטר,ליטרים,1.00,ליטר,false,1,14.90,14.9000,true,1,27881
8000215204264,false,ויטריז - משקה אורז אישי אישי 200 גר,בטר אנד דיפרנט,IT,ויטריז משקה אורז אישי 200 מל,מיליליטרים,200.00,"100 מ""ל",false,1,5.90,2.9500,true,1,38866
8000215204271,false,ויטריז - משקה שקדים ואורז אישי 200 גר,"נטורפוד בע""מ",IT,"משקה אורז ושקדים ויטריז 200 מ""ל",מיליליטרים,200.00,"100 מ""ל",false,1,5.90,2.9500,true,1,28777
8000215204363,false,משקה קוקוס אורגני 1 ליטר,אלינור,IT,VITASIמשקה קוקוס אורגני 1 ליטר,ליטרים,1.00,ליטר,false,1,17.90,17.9000,true,1,52344
8000215204370,false,"ויטאריז לבישול תחליף שמנת צחית אורגנית 200 מ""ל",נטורפוד בעמ,IT,תחליף שמנת צמחי לבישול אורגני ויטריז 200,מיליליטרים,200.00,"100 מ""ל",false,1,7.50,3.7500,true,1,38867
8000215204387,true,רוטב בשמל צמחי לבישו,כפרי בריא,IT,רוטב בשמל צמחי אורגני,מיליליטרים,500.00,"100 מ""ל",false,1,14.50,2.9000,true,1,38830
8000215204394,false,משקה אורז ואגוזי לוז ביו אורגני ויטאריז,בטר אנד דיפרנט,US,משקה אגוזי לוז ואורז אורגני 1 ליטר,ליטרים,1.00,ליטר,false,1,16.90,16.9000,true,1,36828
8000215204554,true,משקה אורז קוקוס אורג,בטר אנד דיפרנט,IT,ויטאריז אורז עם קוקוס אורגני 1 ליטר,ליטרים,1.00,ליטר,false,1,14.90,14.9000,true,1,38865
8000215204561,false,משקה שקדים אורגני וללא גלוטן ויטאסי 1 לי,בטר אנד דיפרנט,IT,ויטאסי משקה שקדים אורגני 1 ליטר,ליטרים,1.00,ליטר,false,1,17.90,17.9000,true,1,41171
8000215204653,false,משקה סויה ויטאסי 1 ליטר,בטר אנד דיפרנט,IT,ויטסי - משקה סויה אורגני 1 ליטר,ליטרים,1.00,ליטר,false,1,12.90,12.9000,true,1,48635
8000215204677,false,ויטריז - משקה שיבולת שועל בריסטה אורגני,בטר אנד דיפרנט,IT,ויטריז משקה שיבולת שועל בריסטה אורגני 1ל,ליטרים,1.00,ליטר,false,1,14.90,14.9000,true,1,53769
8000215204714,false,משקה שיבולת שועל אורגני פרימונה 1 ליטר,בטר אנד דיפרנט,IT,פרימאבנה משקה שיבולת שועל אורגני 1 ליטר,ליטרים,1.00,ליטר,false,1,14.90,14.9000,true,1,36829
8000380003723,false,וופלים גרנד פטיסרי במילוי קרם אגוזים 100,קריניציה ויטמינה אס,IT,ופל גרנד פטיסרי אגוזים 100 גרם,גרמים,100.00,100 גרם,false,1,13.90,13.9000,true,1,1699
8000380003761,false,וופל גרנד פטיסרי שוקולד וקוקוס לואקר 100 גרם,קריניציה ויטמינה אס,IT,לואקר גרנד פטיסרי קוקוס 100 גרם,גרמים,100.00,100 גרם,false,1,13.90,13.9000,true,1,1701
8000380004676,false,קוביות וופל סנדוויץ Sandwich עם וניל וחלב,"א. לואקר, קונפקט ג'י",AT,ופל סנדויץ קרם וניל לואקר 200 גרם,גרמים,200.00,100 גרם,false,1,15.90,7.9500,true,1,1702
8000380004881,false,וופל קוארדטיני לואקר קוביות טרמיסו 220ג',קריניציה ויטמינה אס,IT,ופל קואדרטיני טירמיסו 220 גרם,גרמים,220.00,100 גרם,false,1,17.50,7.9545,true,1,2521
8000380004911,false,קוביות וופל קואדרטיני Quadratini קרם אגוזים,קריניציה ויטמינה אס,AT,קוארדטיני אגוז 250 גר',גרמים,250.00,100 גרם,false,1,14.90,5.9600,true,1,1703
8000380004966,false,וופל קוארדטיני לואקר קוביות שוקולד 250ג',קריניציה ויטמינה אס,AT,קוארדטיני שוקולד 250 גר',גרמים,250.00,100 גרם,false,1,14.90,5.9600,true,1,1704
8000380007219,false,וופל לואקר ממולא קרם אגוזים 175 גרם,ליימן שליסל בע`מ,AT,לואקר קלאסיק אגוז 175 גרם,גרמים,175.00,100 גרם,false,1,12.90,7.3714,true,1,1705
8000380007257,false,וופל גרדנה במילוי קרם אגוזים מצופה,קריניציה ויטמינה אס,IT,לואקר גרנדה אגוז 200 גר',גרמים,200.00,100 גרם,false,1,14.90,7.4500,true,1,1706
8000380007264,false,וופל לואקר ממולא קרם קקאו 175 גרם,קריניציה ויטמינה אס,AT,לואקר קלאסיק קקאו 175 גרם,גרמים,175.00,100 גרם,false,1,12.90,7.3714,true,1,2070
8000380106028,false,טורטינה לואקר וופל שוקולד ואגוזים שישיה 125ג',קריניציה ויטמינה אס,IT,טורטינה 1/6 חדש,גרמים,125.00,100 גרם,false,1,18.50,14.8000,true,1,22190
8000380144044,false,גרדנה וופל מצופה שוקולד חלב לואקר 200 גרם,ליימן שליסל בע`מ,IT,וופל במילוי קרם שוקולד מצופה שוקולד חלב,גרמים,200.00,100 גרם,false,1,14.90,7.4500,true,1,22231
8000380153442,false,וופל קלאסיק בטעם אגוזים לואקר 90 גרם,ליימן שליסל,,ופל אגוז לואקר 90 גרם,גרמים,90.00,100 גרם,false,1,7.90,8.7778,true,1,26098
8000380153466,false,וופל קלאסיק בטעם קקאו לואקר 90 גרם,קריניציה ויטמינה אס,IT,ופל שוקולד לואקר 90 גרם,גרמים,90.00,100 גרם,false,1,7.90,8.7778,true,1,26097
8000380180721,false,לואקר וופל קקאו במילוי קרם חלבי 175 גר,קריניציה ויטמינה אס,AT,לואקר קלאסיק שוקו-חלב 175 גרם,גרמים,175.00,100 גרם,false,1,12.90,7.3714,true,1,34004
8000380187119,false,עוגיות במילוי קרם אגוזי לוז לואקר 100 גר,ליימן שליסל בעמ,AT,עוגיות לואקר אגוזי לוז,גרמים,100.00,100 גרם,false,1,15.90,15.9000,true,1,50866
8000380187249,false,עוגיות עם מילוי קרם שקדים ושוקולד חלב,ליימן שליסל בע`מ,AT,עוגיות לואקר שקדים 100גרם,גרמים,100.00,100 גרם,false,1,15.90,15.9000,true,1,50867
8000380187300,false,עוגיות חמאה עם שוקולד חלב לואקר 120 גר,ליימן שליסל בעמ,AT,עוגיות לואקר פתיתי שלג 120גרם,גרמים,120.00,100 גרם,false,1,15.90,13.2500,true,1,50868
8000380192588,false,וופלים קואדרטיני דאבל שוקולד לואקר 250 גרם,קריניציה ויטמינה אס,AT,קוארדטיני אגוז 250 גר',גרמים,250.00,100 גרם,false,1,14.90,5.9600,true,1,42334
8000380201525,false,חטיפי גרנד פטיסרי אגוזי לוז שישייה,ליימן שליסל בעמ,IT,לואקר פטיסרי אגוז 1/6 126,גרמים,126.00,100 גרם,false,1,23.90,18.9683,true,1,52735
8000380201549,false,מארז שישיית גרנד פטיסרי קוקוס 126 גרם,ליימן שליסל בעמ,IT,לואקר פטיסרי קוקוס 1/6 126גרם,גרמים,126.00,100 גרם,false,1,23.90,18.9683,true,1,52736
8000380205400,false,וופלים קואדרטיני חמאת בוטנים לואקר 250 גרם,ליימן שליסל בע`מ,IT,קוואדרטיני חמאת בוטנים 250 גרם,גרמים,250.00,100 גרם,false,1,14.90,5.9600,true,1,54686
8000380205523,false,וופלים בטעם חמאת בוטנים לואקר 175 גרם,ליימן שליסל בעמ,IT,לואקר חמאת בוטנים 175 גרם,גרמים,175.00,100 גרם,false,1,12.90,7.3714,true,1,54685
8000500009673,false,בונבוניירה פררו רושה 300 גרם,פרימיום חברה לדברי מתיקה ולמסח,IT,בונבוניירה רושר 300 גרם,גרמים,300.00,100 גרם,false,1,55.50,18.5000,true,1,2991
8000500023624,false,חטיפי הפי היפו Happy Hippo במילוי קרם חלב וקקאו,פרימיום-חברה לדברי מתיקה ולמסח,DE,קינדר הפי היפו קקאו 105 גר,גרמים,102.00,100 גרם,false,1,18.90,18.5294,true,1,17035
8000500023976,false,בונבוניירת רפאלו פררו (150 גרם),פרימיום-חברה לדברי מתיקה ולמסח,PL,כדור וופל בציפוי קוקוס פריך במילוי קרם ושקד שלם,גרמים,150.00,100 גרם,false,1,24.90,16.6000,true,1,20017
8000500026731,false,ביצי שוקולד קינדר מארז 3 יח סופרייז,פרימיום-חברה לדברי מתיקה ולמסח,IT,ביצת הפתעה קינדר שלישייה,גרמים,64.00,100 גרם,false,1,16.00,25.0000,true,1,1707
8000500037874,false,בונבוניירת פררו רושה 200 גרם,פרימיום חברה לדברי מתיקה ולמסח,IT,בונבוניירה רושר אריזה דקורטיבית 200 גרם,גרמים,200.00,100 גרם,false,1,29.90,14.9500,true,1,1710
8000500071083,false,אצבעות שוקולד קינדר Kinder שש עשרה יחידות,פרימיום-חברה לדברי מתיקה ולמסח,IT,אצבעות שוקולד קינדר 200 גר,גרמים,200.00,100 גרם,false,1,15.90,7.9500,true,1,1711
8000500075708,false,ביצי שוקולד הפתעה קינדר ג'וי כחול בנים שלישיה,פרימיום-חברה לדברי מתיקה ולמסח,ZA,שלישיית קינדר גוי כחול 60 גרםT3X32,גרמים,60.00,100 גרם,false,1,18.90,31.5000,true,1,28016
8000500094976,false,"בונבוניירה פררו רושר רושה קונוס, 212 גרם T17X4",פרימיום חברה לדברי מתיקה ולמסח,IT,בונב.רושה קונוס 212 גרם,גרמים,212.00,100 גרם,false,1,39.90,18.8208,true,1,52818
8000500126325,false,ביצי שוקולד הפתעה קינדר ג'וי ורוד בנות שלישיה,פרימיום-חברה לדברי מתיקה ולמסח,ZA,קינדר ג'וי ורוד שלישייה,גרמים,60.00,100 גרם,false,1,18.90,31.5000,true,1,28017
8000500227848,true,נוטלה בי רדי שישיה 1,קדבורי,IT,נוטלה בי רדי שישיה 132 גרם,גרמים,132.00,100 גרם,false,1,14.90,11.2879,true,1,41081
8000500247150,true,פררו קולקשיין 172 ג,קדבורי,DE,פררו קולקשיין 172 גרי,גרמים,172.00,100 גרם,false,1,29.90,17.3837,true,1,52819
8000500249352,false,קינדר בואנו מיני מיקס שקית 205 ג',פרימיום-חברה לדברי מתיקה ולמסח,PL,קינדר בואנו מיני מיקס,גרמים,205.00,100 גרם,false,1,24.90,12.1463,true,1,41080
8000500267103,true,קינדר דליס עשיריה,קדבורי,IT,קינדר דליס עוגת ספוג קקאו במילוי חלבי 390 גרם,גרמים,390.00,100 גרם,false,1,26.90,6.8974,true,1,41079
8000500269169,false,קינדר קארדס Kinder Cards - חמישייה,פרימיום-חברה לדברי מתיקה ולמסח,IT,קינדר קארדס חמישיה 128 גרם,גרמים,128.00,100 גרם,false,1,14.90,11.6406,true,1,55281
8000500374429,false,פררו גרנד רושה מעטפת שוקולד חלב 125 גרם,פרימיום-חברה לדברי מתיקה ולמסח,IT,מעטפת שוקולד חלב אגוזי לוז 100 גר,גרמים,100.00,100 גרם,false,1,17.90,17.9000,true,1,52737
8000570283607,false,"מרטיני אסטי מבעבע כשר 750 מ""ל קרטונית",מ.אקרמן בעמ,IT,"מרטיני אסטי מבעבע 750 מ""ל",מיליליטרים,750.00,"100 מ""ל",false,1,74.90,9.9867,true,1,41464
8000920704967,false,"בן אנד ג'ריס צ'אנקי מנקי 150 מ""ל",מוצרי איכות אמריקאיים בעמ,,"גלידה שורטי צאנקי מאנקי 150 מ""ל",מיליליטרים,150.00,"100 מ""ל",false,1,9.90,6.6000,true,1,15847
8000920704998,false,"שורטי בצק עוגיות 150 מ""ל",מוצרי איכות אמריקאיים בעמ,IL,בצק עוגיות 150 מ'ל - שורטי,מיליליטרים,150.00,"100 מ""ל",false,1,9.90,6.6000,true,1,7620
8001010062844,false,"פונטי חומץ בלסמי כשר 500 מ""ל",מודנצטי ויה פראדה,IT,פונטי חומץ בלסמי ממודנה 500 מל,מיליליטרים,500.00,"100 מ""ל",false,1,16.90,3.3800,true,1,48262
8001090336354,false,חיתולי ביביי דריי מידה 2 ( 46 יח) פמפרס,דיפלומט מפיצים (1986) בע`מ,DE,פמפרס בייבי דריי מידה 2 46 יחידות,לא מנהל יחידת מידה,0.00,לא מנהל יחידת מידה,false,1,35.90,0.0000,true,1,48638
8001090336408,false,חיתולי ביביי דריי מידה 3 ( 38 יח) פמפרס,דיפלומט מפיצים (1986) בע`מ,DE,פמפרס בייבי דריי מידה 3 38 יחידות,לא מנהל יחידת מידה,0.00,לא מנהל יחידת מידה,false,1,35.90,0.0000,true,1,48639
8001090336446,false,חיתולי ביביי דריי מידה 4 ( 34 יח) פמפרס,דיפלומט מפיצים (1986) בע`מ,DE,פמפרס בייבי דריי מידה 4 34 יחידות,לא מנהל יחידת מידה,0.00,לא מנהל יחידת מידה,false,1,35.90,0.0000,true,1,48640
8001090336491,false,פמפרס בייבי דריי חיתולים מידה +4 31 יח,דיפלומט מפיצים (1986) בע`מ,DE,פמפרס בייבי דריי מידה 4+ 31 יחידות,לא מנהל יחידת מידה,0.00,לא מנהל יחידת מידה,false,1,35.90,0.0000,true,1,48641
8001090336521,false,חיתולי פמפרס בייבי דריי מידה 5 30 יח` `,דיפלומט מפיצים (1986) בע`מ,DE,פמפרס בייבי דריי מידה 5 30 יחידות,לא מנהל יחידת מידה,0.00,לא מנהל יחידת מידה,false,1,35.90,0.0000,true,1,48642
8001090336606,false,חיתולי ביביי דריי מידה ( 26 יח`) פמפרס,דיפלומט מפיצים (1986) בע`מ,DE,פמפרס בייבי דריי מידה 6 26 יחידות,לא מנהל יחידת מידה,0.00,לא מנהל יחידת מידה,false,1,35.90,0.0000,true,1,48643
8001090458353,true,פיירי אנטי בקטריאלי,פרוקטר אנד גמבל,DE,פיירי אנטי בקטריאלי 515 מל,מיליליטרים,515.00,"100 מ""ל",false,1,10.90,2.1165,true,1,52291
8001090510419,false,נוזל כלים פיירי הדרי,פרוקטר,GB,נוזל כלים פיירי הדרים כתום 450 מל,מיליליטרים,450.00,"100 מ""ל",false,1,8.90,1.9778,true,1,55400
8001090705600,false,טמפקס קומפאק רגולר 1,פרוקטל אנד גמבל,HU,טמפקס קומפאק רגולר 18 יח,יחידה,18.00,יחידה,false,1,25.90,1.4389,true,1,55441
8001090705662,false,טמפקס קומפאק סופר 18,פרוקטל אנד גמבל,HU,טמפקס קומפאק סופר 18 יח,יחידה,18.00,יחידה,false,1,25.90,1.4389,true,1,55442
8001090705723,false,טמפקס קומפק סופר פלוס 16,פרוקטל אנד גמבל,HU,טמפקס קומפאק סופר פלוס 18 יח,יחידה,18.00,יחידה,false,1,25.90,1.4389,true,1,55443
8001090745903,false,אבקת כביסה טייד פרש אלפיין 4 קג,דיפלומט מפיצים (1986) בע`מ,,"אבקת כביסה טייד אלפיין 4 ק""ג",קילוגרמים,3.00,"ק""ג",false,1,36.90,12.3000,true,1,39974
8001090810083,false,"פנטן קונדישנר נוסחה קלאסית 500 מ""ל",דיפלומט מפיצים (1968) בעמ,,"פנטן קונדישנר נוסחה קלאסית 500 מ""ל",מיליליטרים,500.00,"100 מ""ל",false,1,19.90,3.9800,true,1,40296
8001090810120,false,"פנטן קונדישנר שמן מרוקאי משקם 500 מ""ל",פרוקטר אנד גמבל,,"פנטן קונדישנר מרוקאי משקם 500 מ""ל",מיליליטרים,500.00,"100 מ""ל",false,1,19.90,3.9800,true,1,40302
8001090810205,false,"שמפו נוסחה קלאסית פנטן 500 מ""ל",פנטן שמפן/מרכך 500 מ,,"פנטן שמפו נוסחה קלאסית 500 מ""ל",מיליליטרים,500.00,"100 מ""ל",false,1,19.90,3.9800,true,1,40295
8001090810281,false,"פנטן שמפו שמן מרוקאי משקם 500 מ""ל",דיפלומט מפיצים 1968 בעמ,,"פנטן שמפו שמן מרוקאי משקם 500 מ""ל",מיליליטרים,500.00,"100 מ""ל",false,1,19.90,3.9800,true,1,40301
8001090810403,false,"פנטן שמפו למגע רך כמשי 500 מ""ל",פנטן שמפן/מרכך 500 מ,,"פנטן שמפו למגע רך כמשי 500 מ""ל",מיליליטרים,500.00,"100 מ""ל",false,1,19.90,3.9800,true,1,40293
8001090833167,false,גל כביסה אריאל בניחוח הרים 2.365 ליטר,דיפלומט מפיצים (1986) בע`מ,FR,אריאל גל כביסה ניחוח הרים 2.365 ליטר,ליטרים,2.37,ליטר,false,1,39.90,16.8354,true,1,41123
8001090833198,false,אריאל נוזל כביסה 2.47 ליטר ניחוח מרענן,דיפלומט מפיצים (1986) בע`מ,FR,אריאל ג'ל כביסה ניחוח מרענן 2.365 ליטר,ליטרים,2.37,ליטר,false,1,39.90,16.8354,true,1,41124
8001090988362,false,"שמפו פאנטן לחות מוגברת 500 מ""ל",דיפלומט מפיצים {1968}בעמ,RO,"פנטן שמפו לחות מוגברת 500 מ""ל",מיליליטרים,500.00,"100 מ""ל",false,1,19.90,3.9800,true,1,40291
8001090988768,false,"פנטן שמפו הזנת קרטין 500 מ""ל",פרוקטר אנד גמבל,,"פנטן שמפו הזנת קרטין 500 מ""ל",מיליליטרים,500.00,"100 מ""ל",false,1,19.90,3.9800,true,1,40303
8001090988843,false,"פנטן קונדישנר לחות מרכך מוגברת 500 מ""ל",דיפלומט מפיצים (1968) בעמ,,"פנטן קונדישנר לחות מוגברת 500 מ""ל",מיליליטרים,500.00,"100 מ""ל",false,1,19.90,3.9800,true,1,40292
8001090988881,false,מרכך פנטן קונדישנר למגע רך כמשי 500 מל,פרוקטר אנד גמבל,,"פנטן קונדישנר למגע רך כמשי 500 מ""ל",מיליליטרים,500.00,"100 מ""ל",false,1,19.90,3.9800,true,1,40294
8001090988928,false,מרכך לשיקום שיער צבוע פנטן(500 מל),דיפלומט מפיצים (1968) בעמ,,"פנטן קונדישנר לשיקום שיער צבוע 500 מ""ל",מיליליטרים,500.00,"100 מ""ל",false,1,21.90,4.3800,true,1,40298
8001160001786,false,"משקה אנרגיה גטורייד ספורט כחול 500מ""ל",אקווה מינרלה סאן בנדטו,IT,"משקה גטורייד ספורט כחול 500 מ""ל",מיליליטרים,500.00,"100 מ""ל",false,1,10.50,2.1000,true,1,25537
8001160001892,false,"משקה אנרגיה גטורייד ספורט תפוז אדום 500מ""ל",אקווה מינרלה סאן בנדטו,IT,גטורייד ספורט תפוז אדום בקבוק 500 תריסר,מיליליטרים,500.00,"100 מ""ל",false,1,10.50,2.1000,true,1,25538
8001359108593,false,ספא פארמה קרם רגליים 100מ'ל,פאר פארם בעמ,,"קרם רגליים פארמה ספא 100 מ""ל",מיליליטרים,0.00,"100 מ""ל",false,1,5.00,0.0000,true,1,31835
8001505000313,false,ממרח אגוזי לוז אורגני 270 גרם NICCIOLATA,ריג'וני דה אסינו,IT,ממרח אגוזי לוז אורגני 270 גרם ניקולטה,גרמים,270.00,100 גרם,false,1,23.90,8.8519,true,1,27844
8001505001105,true,ממרח אגוזי לוז אורגנ,אף.סי תבליני בגליל ב,IT,ממרח אגוזי לוז אורגני לא חלבי 270 גרם ני,גרמים,270.00,100 גרם,false,1,23.90,8.8519,true,1,38773
8001620011935,false,"סן בנדטו- מים מינרלים מוגז - מארז שישיית 500 מ""ל",אקווה מינרלה סאן בנד,IT,מים סן בנדטו מוגז עדין מארז שישייה,ליטרים,3.00,ליטר,false,1,15.90,5.3000,true,1,23791
8001620015629,false,"משקה פירות בטעם תפוז ותפוז אדום 400 מ""ל פרוטה",אקווה מינרלה סאן בנדטו ב,IT,משקה פירות פרוטה בטעם תפוז ותפוז אדום,מיליליטרים,400.00,"100 מ""ל",false,1,8.50,2.1250,true,1,53871
8001620015636,false,"משקה פירות פרוטה-מיקס פירות 400 מ""ל סאן בנדטו",אקווה מינרלה סאן בנדטו ב,IT,משקה פירות פרוטה בטעם מיקס פירות,מיליליטרים,400.00,"100 מ""ל",false,1,8.50,2.1250,true,1,52049
8001620018408,false,"משקה פירות בטעם מנגו תפוח 400 מ""ל פרוטה",אקווה מינרלה סאן בנדטו ב,IL,"סן בנדטו מנגו תפוח 400 מ""ל",מיליליטרים,400.00,"100 מ""ל",false,1,8.50,2.1250,true,1,53872
8001620019160,false,"סן בנדטו מים מינרלים בטעם אפרסק 500 מ""ל",אקווה מינרלה סאן בנדטו ב,IL,"סן בנדטו אפרסק 400 מ""ל",מיליליטרים,400.00,"100 מ""ל",false,1,8.50,2.1250,true,1,54974
8001620019177,false,"סן בנדטו מים מינרלים בטעם ענבים 500 מ""ל",אקווה מינרלה סאן בנדטו ב,IL,"סן בנדטו ענבים 400 מ""ל",מיליליטרים,400.00,"100 מ""ל",false,1,8.50,2.1250,true,1,54975
8001800000582,false,פולי קפה ARABICA COFFEE זהב- 250 גרם,קנדי חשמל ונכסים,IT,פולי קפה ורניאנו 250 גרם,גרמים,250.00,100 גרם,false,1,47.90,19.1600,true,1,42444
8001841041421,false,מגבונים ללא בישום אריזה בודדת 80 יח' פמפרס,פרוקטר & גמבל,DE,פמפרס מגבונים בודד עם בישום,יחידה,1.00,יחידה,false,1,6.90,6.9000,true,1,55556
8001841062624,false,מארז מגבוני פמפרס ללא בישום - רביעייה,דיפלומט מפיצים (1968) בעמ,DE,פמפרס מגבונים רביעייה ללא בישום,יחידה,4.00,יחידה,false,4,19.90,4.9750,true,1,55554
8001841077598,false,מגבונים בניחוח רענן אריזה בודדת 80 יח' פמפרס,פרוקטר & גמבל,DE,פמפרס מגבונים בודד ללא בישום,יחידה,1.00,יחידה,false,1,6.90,6.9000,true,1,55555
8001841077949,false,מארז מגבוני פמפרס בניחוח מרענן - רביעייה,דיפלומט מפיצים (1986) בע`מ,DE,פמפרס מגבונים רביעייה עם בישום,יחידה,4.00,יחידה,false,4,19.90,4.9750,true,1,55553
8001841137179,false,קונדישינר הד&שולדרס הנוסחה הקלאסית 275מל,דיפלומט מפיצים (1986) בע`מ,RO,"הד אנד שולדרס מרכך קלאסי 275 מ""ל",מיליליטרים,275.00,"100 מ""ל",false,1,17.90,6.5091,true,1,49166
8001841237657,false,מגן תחתון אולוויז פר,פרוקטר & גמבל,DE,מגן תחתון אולוויז פרש נורמל 72 יח,יחידה,72.00,יחידה,false,1,19.90,0.2764,true,1,54911
8001841625188,false,סבון כלים פלטינום לימון X3 פעולות להסרת שומנים,דיפלומט מפיצים (1986) בע`מ,GB,"פיירי פלטינום לימון החדש 515 מ""ל",מיליליטרים,515.00,"100 מ""ל",false,1,10.90,2.1165,true,1,49643
8001841669465,false,קפסולות לכביסה אריאל בניחוח לנור 24 יחידות,דיפלומט מפיצים (1986) בע`מ,FR,אריאל קפסולות 24 יח בניחוח לנור,יחידה,1.00,יחידה,false,1,39.90,39.9000,true,1,52518
8001841715957,false,"ג'ל רחצה ושמפו ניקוי אינטנסיסי האד אנד שולדרס 360 מ""ל",דיפלומט מפיצים (1968) בעמ,FR,שולדרס גל רחצה ושמפו ניקוי אינטנסיבי 3,מיליליטרים,360.00,"100 מ""ל",false,1,21.90,6.0833,true,1,52668
8001841716312,false,"ג'ל רחצה ושמפו ספורט האד אנד שולדרס 360 מ""ל",דיפלומט מפיצים (1986) בע`מ,FR,"שולדרס גל רחצה ושמפו ספורט, 360 מ""ל",מיליליטרים,360.00,"100 מ""ל",false,1,21.90,6.0833,true,1,52669
8001841716435,false,"ג'ל רחצה ושמפו לעור רגיש האד אנד שולדרס 360 מ""ל",דיפלומט מפיצים (1968) בעמ,FR,"שולדרס גל רחצה ושמפו לעור רגיש, 360 מ""ל",מיליליטרים,360.00,"100 מ""ל",false,1,21.90,6.0833,true,1,52670
8001841722221,false,אולוויז מגן תחתון ביג פק לארג 48 יחידות,פרוקטר & גמבל,DE,מגן תחתון אולוויז לארג 48יחידות,לא מנהל יחידת מידה,0.00,לא מנהל יחידת מידה,false,1,19.90,0.0000,true,1,50946
8001841722481,false,אולוויז מגן תחתון פלקסי סטייל נורמל 54 יח',פרוקטר & גמבל,DE,מגן תחתון אולוויז פרש נורמל 54 יח,יחידה,54.00,יחידה,false,1,15.90,0.2944,true,1,54912
8002205319835,false,מזון לחתולים בוגרים בטעם סלמון פורינה ONE,קבוצת אוסם סחר-שות.מוגבלת,US,ONE חתול בוגר סלמון 800,גרמים,800.00,100 גרם,false,1,37.90,4.7375,true,1,47585
8002205319903,false,מזון לחתולים בוגרים בטעם עוף פורינה ONE,קבוצת אוסם סחר-שות.מוגבלת,US,ONE חתול בוגר עוף 800גרם,גרמים,800.00,100 גרם,false,1,37.90,4.7375,true,1,47584
8002230000012,false,מארז משקה קוקטייל אפ,החברה המרכזית להפצת משקאות בעמ,,ליקר אפרול בקבוק 1 ליטר,ליטרים,1.00,ליטר,false,1,109.90,109.9000,true,1,38180
8002270015649,false,סן פלגרינו מים מינרלים טבעיים מוגזים,פארייפאבה אגרואינדוס,IT,"סן פלגרינו 250 מ""ל 24 יח",מיליליטרים,250.00,"100 מ""ל",false,1,6.50,2.6000,true,1,19740
8002270015656,false,מים מינרליים טבעיים מוגזים סן פלגרינו 750 מל זכוכית,סן פלגרינו ס.פ.א לוק,IT,"מים מינרלים סן פלגרינו מוגז 750 מ""ל",מיליליטרים,750.00,"100 מ""ל",false,1,10.20,1.3600,true,1,3288
8002270436581,true,סן פלגרינו פלסטיק מו,"איי, בי, אינבוו",IT,"סן פלגרינו פלסטיק מוגז שישייה 500 מ""ל",ליטרים,3.00,ליטר,false,1,32.90,10.9667,true,1,53224
8002270846472,false,סן פלגרינו מים מינרליים טבעיים מוגזים,טמפו משקאות בעמ,IT,"סן פלגרינו מוגז פלסטיק 500 מ""ל 24 יחידות",מיליליטרים,500.00,"100 מ""ל",false,1,5.90,1.1800,true,1,26071
8002450006559,false,שרדונה קאזה דה לואיג`י (750 מל),הכרם - משקאות חריפים בעמ,,"יין קאזה די לואיגי שרדונה 750 מ""ל",מיליליטרים,750.00,"100 מ""ל",false,1,39.50,5.2667,true,1,1713
8002450206003,false,משקה כהלי ורדי רימונים ספרקלטיני 750מ,הכרם - משקאות חריפים בעמ,IT,ורדי ספרקלטיני רימונים 750 מל,מיליליטרים,750.00,"100 מ""ל",false,1,34.90,4.6533,true,1,24010
8002450206508,false,קברנה סוביניון קאזה דה לואיג`י (750 מל),צ'ילה לואיס פיליפה אדוארדס,,"יין קאזה די לואיגי ק.סוביניון 750 מ""ל",מיליליטרים,750.00,"100 מ""ל",false,1,39.50,5.2667,true,1,1714
8002450206522,false,מרלו קאזה דה לואיג`י (750 מל),הכרם - משקאות חריפים בעמ,,"יין קאזה די לואיגי מרלו 750 מ""ל",מיליליטרים,750.00,"100 מ""ל",false,1,39.50,5.2667,true,1,1715
8002450839201,false,ורדי גוורצטראמינר כש,"איי, בי, אינבוו",IT,ספומנטה ורדי ספרקלטיני גוורצטרמינר 750 מל,מיליליטרים,750.00,"100 מ""ל",false,1,34.90,4.6533,true,1,49208
8002503213682,false,גבינת גרנה פדנו 80 גרם,א. סיימן סחר בעמ,FR,חטיף גרנה פדנו 80גרם,גרמים,80.00,100 גרם,false,1,26.90,33.6250,true,1,54161
8002670370027,true,פתי בר ללא גלוטן 125,גרנולו,IT,פתי בר ללא גלוטן 125 גרם -גרנרולו,גרמים,125.00,100 גרם,false,1,13.90,11.1200,true,1,47092
8002920016903,false,LADORIA עגבניות מרוס,,IT,LADORIA עגבניות מרוסקות שלישיה 400גרם,גרמים,400.00,100 גרם,false,3,16.90,4.2250,true,1,54152
8002960500165,false,רוטב פומודורינה 830,MENU,IT,רוטב פומודורינה 830גרם MENU,גרמים,830.00,100 גרם,false,1,29.90,3.6024,true,1,49162
8003340091280,false,לינדט לינדור בונבוניירה 60% מוצקי קקאו 200 גרם,לינדט ושפרונגלי קילשברג,IT,לינדט לינדור כדורי שוקולד מריר 200 ג',גרמים,200.00,100 גרם,false,1,35.50,17.7500,true,1,22337
8003340098098,false,לינדור בונבוניירה סטרוברי 200 גרם,לינדט ושפרונגלי אס.פ,IT,לינדור סטרוברי 200 ג,גרמים,200.00,100 גרם,false,1,35.50,17.7500,true,1,32780
8003385312104,false,עגבניות קוביות אנטונ,אנטונלה,IT,עגבניות קוביות אנטונלה שלישייה 400גרם,גרמים,400.00,100 גרם,false,3,15.90,3.9750,true,1,53421
8003385312883,false,אנטונלה רוטב שקשוקה,אנטונלה,IT,אנטונלה רוטב שקשוקה 680 גרם,גרמים,680.00,100 גרם,false,1,10.00,1.4706,true,1,53417
8003385312906,false,אנטונלה רוטב שקשוקה,אנטונלה,IT,אנטונלה רוטב שקשוקה חריפה 680 גרם,גרמים,680.00,100 גרם,false,1,10.00,1.4706,true,1,53418
8003385401501,false,אנטונלה עגבניות טחון,אנטונלה,IT,אנטונלה עגבניות טחון דק 680 גרם,גרמים,680.00,100 גרם,false,1,14.90,2.1912,true,1,53415
8003753158556,false,אילי קפסולות אספרסו קלאסיקו 10 יח' 57 גרם,דיפלומט מפיצים (1968) בעמ**,FR,קפסולות אספרסו קלאסיקו ILLY 10יח 57גרם,גרמים,57.00,100 גרם,false,1,19.90,34.9123,true,1,49189
8003753158587,false,אילי קפסולות אספרסו פורטה 10 יח' 57 גרם,דיפלומט מפיצים (1968) בעמ**,FR,קפסולות קפה פורטה,גרמים,57.00,100 גרם,false,1,19.90,34.9123,true,1,49191
8003753158648,false,אילי קפסולות אספרסו אינטנסו 10 יח' 57 גרם,דיפלומט מפיצים (1968) בעמ**,FR,קפסולות קפה אינטנסו,גרמים,57.00,100 גרם,false,1,19.90,34.9123,true,1,49190
8004030022010,false,ירקות גינה עם טונה ריו מרה אינסלטיסימי 160 ג',"בולטון אלימנטרי בע""\מ",IT,ריו מר ירקות גינה עם טונה 160 גרם,גרמים,160.00,100 גרם,false,1,19.50,12.1875,true,1,32539
8004030026018,false,"מקסיקני עם טונה ריו מרה אינסלטיסימי, 160 ג'","בולטון אלימנטרי בע""\מ",IT,ריו מרה ירקות בנוסח מקסיקני עם טונה 160 גרם,גרמים,160.00,100 גרם,false,1,19.50,12.1875,true,1,32538
8004030044005,false,נתחי טונה בהירה בשמן זית ריו מרה 112גרם,"בולטון אלימנטרי בע""\מ",IT,ריו מרה טונה בשמן זית 160 ג,גרמים,160.00,100 גרם,false,1,18.90,11.8125,true,1,4198
8004030081024,false,נתחי טונה עם שום ופלפל אדום ריו מרה 160 ג',"בולטון אלימנטרי בע""\מ",IT,ריו מר נתחי טונה בהירה בשמן זית ופלפל 160 גרם,גרמים,160.00,100 גרם,false,1,18.90,11.8125,true,1,1717
8004030102033,false,טונה בשמן זית עם מיץ לימון ופלפל שחור - מארז 3 יח',בולטון אלימנטרי,IT,ריו מרה טונה בשמן עם לימון ופלפל 80*3 ג,גרמים,240.00,100 גרם,false,3,29.90,12.4583,true,1,41679
8004030344938,false,"ריו מרה טונה בשמן זית 3X80 גרם מתכון חדש כשל""פ","בולטון אלימנטרי בע""\מ",IT,ריו מרה נתחי טונה בהירה בשמן זית 240 גרם,גרמים,240.00,100 גרם,false,1,29.90,12.4583,true,1,34728
8004030845046,false,טונה עם ירקות בתוספת עם אורז ריו מרה אינסלטיסימי 160 ג',בולטון אלימנטרי,IT,טונה ריו מרה ירקות ו אינסלטיסימי 160 גרם,גרמים,160.00,100 גרם,false,1,19.50,12.1875,true,1,42516
8004030860001,false,ירקות עם קוקוס וטונה ריו מרה אינסלטיסימי 160 ג',"בולטון אלימנטרי בע""\מ",IT,ריו מר ירקות עם קוסקוס וטונה 160 גרם,גרמים,160.00,100 גרם,false,1,19.50,12.1875,true,1,34672
8004690050507,false,L.M פסטה איטלקית פטוצ'יני 500 גרם,לה מוליסנה,IT,פסטה איטלקית פטוציני 500 גרם LM,גרמים,500.00,100 גרם,false,1,8.90,1.7800,true,1,47108
8004690051573,false,ספגטי לה מוליזנה 500 גרם,לה מוליזנה קמפובאסן,IT,ספגטי למוליזנה 500 גרם,גרמים,500.00,100 גרם,false,1,8.90,1.7800,true,1,28183
8004690052044,false,פסטה לאמוליזנה פנה ז,לה מוליזנה קמפובאסן,IT,פסטה איטלקית פנה זיטי ריגטה 500 גרם LM,גרמים,500.00,100 גרם,false,1,8.90,1.7800,true,1,28184
8004690052846,false,L.M פסטה איטלקית פוזילי 500 גרם,לה מוליסנה,IT,פסטה איטלקית פוזילי 500 גרם LM,גרמים,500.00,100 גרם,false,1,8.90,1.7800,true,1,28185
8004690053195,false,L.M פסטה איטלקית ריגטוני 500 גרם,לה מוליזנה קמפובאסן,IT,פסטה איטלקית ריגטוני 500 גרם LM,גרמים,500.00,100 גרם,false,1,8.90,1.7800,true,1,28186
8004690057308,false,L.M פסטה איטלקית רדיאטורי 500 גרם,לה מוליסנה,IT,פסטה איטלקית רדיאטורי 500 גרם LM,גרמים,500.00,100 גרם,false,1,8.90,1.7800,true,1,47563
8004690058008,false,L.M פסטה איטלקית ג'מלי 500 גרם,לה מוליזנה קמפובאסן,IT,פסטה איטלקית גמלי 500 גרם LM,גרמים,500.00,100 גרם,false,1,8.90,1.7800,true,1,47562
8004690106600,false,פרפלה לה מוליזינה 500 גר,לה מוליזנה קמפובאסן,IT,פסטה איטלקית פרפאלה 500 גרם LM,גרמים,500.00,100 גרם,false,1,8.90,1.7800,true,1,28299
8004690203002,false,"L.M פסטה איטלקית ניוקי תפו""א 500 גרם",למוליזנה,IT,פסטה איטלקית ניוקי תפוחי אדמה 500 גרם,גרמים,500.00,100 גרם,false,1,7.90,1.5800,true,1,50541
8004690470022,false,לה מוליזנה ללא גלוטן,למוליזנה,IT,פסטה ספגטי ללג LM גרם401,גרמים,400.00,100 גרם,false,1,13.90,3.4750,true,1,50742
8004690470039,false,לה מוליזנה ללא גלוטן,למוליזנה,IT,פסטה פנה ללג LM גרם400,גרמים,400.00,100 גרם,false,1,13.90,3.4750,true,1,50741
8004800005502,false,וופל מיני רול גלילי ופל במילוי קרם קקאו- 125 ג' לאגו,תה ויסוצקי (ישראל) בעמ,IT,לאגו מיני רול גלילי ופל במילוי קרם קקאו,גרמים,125.00,100 גרם,false,1,12.90,10.3200,true,1,55282
8004800005519,false,וופל רול גלילי במילוי קרם אגוזי לוז- 125 ג' לאגו,תה ויסוצקי (ישראל) בעמ,IT,לאגו מיני רול גלילי ופל במילוי קרם אגוזי,גרמים,125.00,100 גרם,false,1,12.90,10.3200,true,1,55283
8004800005526,false,וופל מיני רול גלילי ופל במילוי קרם קוקוס- 125 ג' לאגו,תה ויסוצקי (ישראל) בעמ,IT,לאגו מיני רול גלילי ופל במילוי קרם קוקוס,גרמים,125.00,100 גרם,false,1,12.90,10.3200,true,1,55284
8005110001413,false,מארז זוג רוטב עגבניות 140ג MUTTI,רסטרטו יבוא ושיווק בעמ,IT,MUTTI רסק עגבניות מארז זוג 140X2 גרם,גרמים,280.00,100 גרם,false,1,8.90,3.1786,true,1,48263
8005110002243,false,רכז עגבניות Doppio Concentr בשפופרת 185 ג' MUTTI,רסטרטו יבוא ושיווק בעמ*אין החז,IT,רכז עגבניות בשפורפרת Doppio MUTTI 185,גרמים,185.00,100 גרם,false,1,9.90,5.3514,true,1,50631
8005110170300,false,עגבניות מרוסקות חתוכות מוטי MUTTI שלישיה *400,רסטרטו יבוא ושיווק בעמ*אין החז,IT,שלישיית עגבניות מרוסקות 400 גר MUTTI,גרמים,400.00,100 גרם,false,1,19.90,4.9750,true,1,41962
8005110171215,false,עגבניות חתוכות 690 POLPAPEZZI ג' (כחול) MUTTI,רסטרטו יבוא ושיווק בעמ,IT,קוביות עגבניות מקולפות במיץ,גרמים,690.00,100 גרם,false,1,16.90,2.4493,true,1,41968
8005110191015,false,רסק עגבניות ובזיליקום MUTTI{ירוק } 700 גרם,רסטרטו יבוא ושיווק בעמ,IT,מחית עגבניות קלה עם בזיליקום בתוספת מלח,גרמים,700.00,100 גרם,false,1,14.90,2.1286,true,1,47918
8005110200014,false,רסק עגבניות 210 ג' CONCENTRATO MUTTI,רסטרטו יבוא ושיווק בעמ,IT,רסק עגבניות בתוספת מלח 22Bx ללא תוספת סוכר,גרמים,210.00,100 גרם,false,1,7.90,3.7619,true,1,41965
8005110550508,true,שימורי עגבניות שרי,,,שימורי עגבניות שרי,Unknown,0.00,Unknown,false,1,10.90,0.0000,true,1,41969
8005110551253,false,רוטב לפיצה להכנת פיצה איטלקית קלאסית,רסטרטו יבוא ושיווק בעמ*אין החז,IT,רוטב לפיצה 400 גרם MUTTI,גרמים,400.00,100 גרם,false,1,9.90,2.4750,true,1,49810
8005200256587,false,נסטי - תה קר בטעם אפרסק 1.5 ליטר,פארייפאבה אגרואינדוס,IT,נסטי אפרסק 1.5 ליטר,ליטרים,1.50,ליטר,false,1,11.50,7.6667,true,1,53599
8005200316588,false,תה קר נסטי אפרסק דיאט 1.5 ליטר פיקדון,פארייפאבה אגרואינדוס,IT,נסטי דיאט אפרסק 1.5 ליטר,ליטרים,1.50,ליטר,false,1,11.50,7.6667,true,1,53600
8005200486526,false,"נסטי, תה קר בטעם אפרסק 500 מל",פארייפאבה אגרואינדוס,IT,"נסטי, תה קר בטעם אפרסק 500 מל",מיליליטרים,500.00,"100 מ""ל",false,1,8.50,1.7000,true,1,25465
8005360002185,false,דה לה נונה-רוטב עגבניות אורגני-בזיליקום 350 גרם,אף.סי תבליני בגליל ב,IT,רוטב עגבניות אורגני עם בזיליקום 350 גרם,גרמים,350.00,100 גרם,false,1,13.50,3.8571,true,1,41177
8005360004622,false,רוטב עגבניות אורגני ראגו 350 גרם,אף.סי תבליני בגליל ב,IT,רוטב עגבניות אורגני 350 גרם,גרמים,350.00,100 גרם,false,1,13.50,3.8571,true,1,41347
8005360004639,false,רוטב עגבניות אורגני עם פלפלים 350 גרם,אף.סי תבליני בגליל ב,IT,רוטב עגבניות אורגני עם פלפלים 350 גרם,גרמים,350.00,100 גרם,false,1,13.50,3.8571,true,1,41179
8005469981602,false,פילה אנשובי איטלקי בשמן חמניות 75 גרם,בנדטו סקילה,,פילה אנשובי איטלקי שמן חמניות 75 גרם,גרמים,75.00,100 גרם,false,1,15.90,21.2000,true,1,32336
8005803010357,false,גריסיני קלאסי - מקלות אפויים עם שמן זית ומלח,ליימן שליסל בע`מ,IT,גריסיני קלאסי 125 גרם,גרמים,125.00,100 גרם,false,1,9.90,7.9200,true,1,35124
8005803010371,false,"גריסיני רוזמרין - מקלות אפויים עם שמן זית, מלח ורוזמרין",ליימן שליסל בע`מ,IT,גריסיני רוזמרין 125 גרם,גרמים,125.00,100 גרם,false,1,9.90,7.9200,true,1,35127
8005803010586,false,"מקלות אפויים עם שמן זית, מלח, עגבניות ואורגנו, 125 גרם, אמור די פאן","הוסטה איטליה, ס.ר.ל.",IT,מקלות אפויים בטעם פיצה,גרמים,125.00,100 גרם,false,1,9.90,7.9200,true,1,35125
8006050090239,false,"חומץ בלסמי ממודנה מאצטי אורגני 500 מ""ל",יבואן ומשווק: ש. שסט,IT,מאצטי אורגינל חומץ בלסמי ממודנה 500 מל,מיליליטרים,500.00,"100 מ""ל",false,1,29.90,5.9800,true,1,38884
8006227001389,false,סמנצאטו – לחם מחמצת עם שמן זית ללא קשה 1400 גרם,רו. מאר ס.ר.ל,IT,סמנצאטו לחם מחמצת קמח לבן משמן זית 400 ג,גרמים,250.00,100 גרם,false,1,19.90,7.9600,true,1,53178
8006540009512,false,לנור מרכך כביסה מרוכז בייבי 897 מל,דיפלומט מפיצים (1968) בעמ,FR,לנור מרכך כביסה בייבי 897 מל,מיליליטרים,897.00,"100 מ""ל",false,1,17.90,1.9955,true,1,52467
8006540019672,false,נוזל כלים פיירי פלטי,פרוקטר & גמבל,GB,נוזל כלים פיירי פלטינום 700 מל,מיליליטרים,700.00,"100 מ""ל",false,1,11.90,1.7000,true,1,55255
8006540112823,false,"לנור מרכך כביסה מרוכז בניחוח האוקיינוס 900 מ""ל",דיפלומט מפיצים (1968) בעמ,FR,לנור מרכך מרוכז אוקיינוס 900מל,מיליליטרים,900.00,"100 מ""ל",false,1,17.90,1.9889,true,1,52466
8006540221068,false,מגן תחתון אלוויז וליופק לונג פלוס 40 יחי',פרוקטר & גמבל,DE,מגן תחתון אולוויז וליופק לונג פלוס 40 יחידות,יחידה,40.00,יחידה,false,1,21.90,0.5475,true,1,55298
8006540221341,false,אולוויז מגן תחתון וליופק לארג' 48 יחידות,,DE,מגן תחתון אולוויז לארג 48 יח,יחידה,1.00,יחידה,false,1,21.90,21.9000,true,1,54118
8006540425930,false,אריאל קפסולות לכביסה ג'ל 24 יח' לכתמים קשים,דיפלומט מפיצים (1986) בע`מ,FR,אריאל קפסולות לכביסה לכמים קשים 24 יחיד,לא מנהל יחידת מידה,0.00,לא מנהל יחידת מידה,false,1,39.90,0.0000,true,1,53604
8006540592434,true,תחבושות אולוויז נורמ,פרוקטר,DE,תחבושות אולוויז נורמל פלוס 28 יח,יחידה,28.00,יחידה,false,1,19.90,0.7107,true,1,54575
8006540592496,false,תחבושות אולוויז אולטרא כפול לילה 20 יח,פרוקטר & גמבל,DE,תחבושות אולוייז כפול לילה 20,יחידה,20.00,יחידה,false,1,19.90,0.9950,true,1,54559
8007178120310,false,"חומץ בלסמי 500 מ""ל (דיפלומט)",דיפלומט מפיצים (1968) בעמ**,IT,"חומץ בלסמי ממודנה 500 מ""ל",מיליליטרים,500.00,"100 מ""ל",false,1,24.90,4.9800,true,1,25475
8007227000570,false,סליל סרט קשירה דק כס,STAR PENNSYLVANIA,,סליל סרט קשירה דק כסוף,Unknown,0.00,Unknown,false,1,24.90,0.0000,true,1,31569
8007227053460,false,סליל סרט קשירה דק ור,STAR PENNSYLVANIA,,סליל סרט קשירה דק ורוד,Unknown,0.00,Unknown,false,1,24.90,0.0000,true,1,31572
8007270999012,false,שמן גרעיני ענבים קוסטה דורו 1 ליטר,קוסטה דיאורו,IT,שמן גרעיני ענבים 1 ליטר קוסטה דאורו,ליטרים,1.00,ליטר,false,1,44.90,44.9000,true,1,36813
8008245004847,false,ממרח אגוזי לוז וקקאו מובנפיק 300 גרם,א. סיימן סחר בעמ,IT,מובנפיק ממרח שוקולד ואגוזי לוז 300 גרם,גרמים,300.00,100 גרם,false,1,16.90,5.6333,true,1,51907
8008245004861,false,ממרח אגוזי לוז עם חלב מובנפיק 300 גרם,יבואן ומשווק: ש. שסט,IT,מובנפיק ממרח חלב עם אגוזי לוז 300 גרם,גרמים,300.00,100 גרם,false,1,16.90,5.6333,true,1,51908
8008660210045,false,מעדן פירות יער מנז אנד גאסר ויסוצקי 300 גרם,תה ויסוצקי (ישראל) בעמ,IT,"מנז אנד גאסר, מעדן פירות יער 300 גרם",גרמים,300.00,100 גרם,false,1,17.90,5.9667,true,1,33288
8008698002049,false,קרקרים עגולים 175 גרם ללא גלוטן,ל.י.ב. (לחיות יותר בטבע) בעמ,IT,קרקר ללא גלוטן ללא לקטוז,גרמים,175.00,100 גרם,false,1,24.90,14.2286,true,1,27856
8008698003503,false,עוגיות שיבולת שועל עם צימוקים 250 גר,ל.י.ב. (לחיות יותר בטבע) בעמ,IT,"ליב, קרקר ללא גלוטן",גרמים,210.00,100 גרם,false,1,26.90,12.8095,true,1,38102
8008698005231,false,עוגיות סנדוויץ בטעם שוקולד ממולאות קרם חלב ללא גלוט,שר Schar,IT,עוגיות שוקולד שר ללג 165גרם,גרמים,165.00,100 גרם,false,1,22.90,13.8788,true,1,49926
8008698005347,false,"ביסקוויט מצופות שוקולד מריר לל""ג 150 גר",שר Schar,IT,ביסקוטי שוקולד שר ללג 150גרם,גרמים,150.00,100 גרם,false,1,16.90,11.2667,true,1,49927
8008698008157,false,שר עוגיות שוקולד במילוי קרם שמנת ללא גלוטן 100 גר',ל.י.ב. (לחיות יותר בטבע) בעמ,IT,עוגיות ממולאות קרם וניל ללא גלוטן 100 גר,גרמים,100.00,100 גרם,false,1,12.90,12.9000,true,1,27903
8008698013021,false,עוגיות שוקולד צ`יפס פריכות ללא גלוטן 1,דר שר פוסטל,IT,עוגיות ללא גלוטן עם שבבי שוקולד מריר,גרמים,100.00,100 גרם,false,1,13.90,13.9000,true,1,37366
8008698024065,false,פאן בלנקו-לחם ללא גלוטן 250 גרם,schar,IT,"פאן בלנקו לחם לל""ג 250 גרם שר",גרמים,250.00,100 גרם,false,1,19.90,7.9600,true,1,41426
8008940225004,false,גנדולה עוגיות קקאו אורגניות 350 גרם,גנדולה ביסקוטי,IT,עוגיות קקאו אורגניות,גרמים,350.00,100 גרם,false,1,18.90,5.4000,true,1,49112
8009149000119,false,"קמח תירס מולינו פיילה - פולנטה 1 ק""ג",פוקולוקו,,"קמח תירס פולנטה 1 ק""ג",קילוגרמים,1.00,"ק""ג",false,1,16.90,16.9000,true,1,27660
8010024006010,false,חמאת שקדים 100% השקד נטורפוד 350 גרם,תות תעשיות מזון (201,IT,חמאת שקדים,גרמים,350.00,100 גרם,false,1,39.90,11.4000,true,1,36806
8017938005122,false,"נטורפוד חומץ תפוחים אורגני 750 מ""ל",מריה לוצ'יה מלצ'יורי,IT,חומץ תפוחים אורגני 750 מל,מיליליטרים,750.00,"100 מ""ל",false,1,19.90,2.6533,true,1,27853
8017938005764,false,מיץ תפוחים אורגני 100% 1 ליטר נטורפוד,יבואן ומשווק: ש. שסט,IT,מיץ תפוחים אורגני נטרופוד 1 ליטר,ליטרים,1.00,ליטר,false,1,23.20,23.2000,true,1,38784
8024985000062,false,מחית תפוח אורגני 100% פרי 200 גר נטורה,"נטורפוד בע""מ",IT,נטורה נובה מחית תפוח 100% אורגני 200 גרם,גרמים,200.00,100 גרם,false,1,10.90,5.4500,true,1,28785
8024985000079,false,מחית תפוח משמש 100% פרי 200 ג נטורה נובה,נטורפוד בעמ,IT,נטור נובה ביו מחית תפוח משמש 100% אורגני 200 גרם,גרמים,200.00,100 גרם,false,1,10.90,5.4500,true,1,28786
8024985000086,false,נטורה נובה - מחית תפוח בננה אורגנית 100% פרי,"נטורפוד בע""מ",IT,נטורה נובה מחית תפוח בננה 100% אורגני 200 גרם,גרמים,200.00,100 גרם,false,1,10.90,5.4500,true,1,27863
8024985000093,false,מחית תפוח שזיף 100% פרי 200 ג נטורה נובה,"נטורפוד בע""מ",IT,מחית תפוח שזיף 100% אורגני,גרמים,200.00,100 גרם,false,1,10.90,5.4500,true,1,28787
8024985000109,false,מחית אגס אורגנ 100% פרי 200 ג נטורה נובה,נטורה נובה,IT,נטור נובה ביו מחית אגס 100% טבעי 200 גרם,גרמים,200.00,100 גרם,false,1,10.90,5.4500,true,1,27864
8024985000116,false,מחית תפוח אוכמניו אורגנית 100% פרי 200גר,"נטורפוד בע""מ",IT,נטורה נובה מחית תפוח אוכמניות 100% אורגני 200 גרם,גרמים,200.00,100 גרם,false,1,10.90,5.4500,true,1,27865
8024985002783,true,מחית סמוזי גזר דלעת,נטורה נובה,IT,מחית סמוזי גזר דלעת 100 גרם,גרמים,100.00,100 גרם,false,1,6.20,6.2000,true,1,38885
8024985002912,false,מחית סמוצ`י תפוח אגס בטטה אורגנית נטורה,נטורפוד בעמ,IT,סמוזי תפוח אגס בטטה אורגני נטורה 100 גרם,גרמים,100.00,100 גרם,false,1,6.20,6.2000,true,1,41175
8024985002943,false,מחית סמוצ`י תפוח אננס קוקוס אורגנית נטור,נטורפוד בעמ,IT,סמוצ'י תפוח אננס קוקוס אורגניים,גרמים,100.00,100 גרם,false,1,6.20,6.2000,true,1,46705
8024985002967,false,מחית סמוצ`י בננה תרד נטורה נובה 100 גרם,נטורפוד בעמ,IT,נטורה נובה סמוזי בננה תרד 100 גרם,גרמים,100.00,100 גרם,false,1,6.20,6.2000,true,1,46706
8024985003988,false,מחית פירות סמוצ`י תפוחים ובננה אורגנית ל,נטורפוד בעמ,IT,סמוצ'י תפוח בננה אורגניים 100 גרם,גרמים,100.00,100 גרם,false,1,6.20,6.2000,true,1,37394
8024985004695,false,נטורה נובה סמוזי בננה רביעייה 100 גרם,נטורה נובה,IT,מארז סמוצ'י תפוח בננה אורגניים,גרמים,400.00,100 גרם,false,1,22.90,5.7250,true,1,46736
8024985005234,false,מחית פירות סמוצ`י תפוח עץ ומנגו אורגנית,נטורפוד בעמ,IT,סמוצ'י תפוח אפרסק מנגו אורגניים 100 גרם,גרמים,100.00,100 גרם,false,1,6.20,6.2000,true,1,37395
8024985005296,true,מחית סמוזי אגס בננה,נטורה נובה,IT,סמוצ'י אגס בננה תפוח וקינואה 120 גרם,גרמים,120.00,100 גרם,false,1,7.20,6.0000,true,1,38843
8024985006309,false,נטורה נובה סמוזי מנגו רביעייה 100 גרם,נטורפוד בעמ,IT,נטורה נובה סמוזי מנגו רביעייה 400 גרם,גרמים,400.00,100 גרם,false,1,22.90,5.7250,true,1,46703
8024985006408,false,פרולה סמוזי מנגו 90ג,נטורה נובה,IT,סמוצ'י מנגו 100% פרי בלבד,גרמים,90.00,100 גרם,false,1,6.50,7.2222,true,1,52345
8024985006415,false,פרולה סמוזי בננה 90ג,נטורה נובה,IT,סמוצ'י בננה 100% פרי בלבד,גרמים,90.00,100 גרם,false,1,6.50,7.2222,true,1,52346
8024985008037,false,מחית פירות סמוצ`י תפוח אורגנית ללא תוספת,"נטורפוד בע""מ",IT,סמוצ'י תפוחים אורגניים 100 גרם,גרמים,100.00,100 גרם,false,1,6.50,6.5000,true,1,28784
8024985008044,false,מחית פירות סמוצ`י אגס אורגנית ללתס נטור,"נטורפוד בע""מ",IT,סמוצ'י אגסים אורגניים 100 גרם,גרמים,100.00,100 גרם,false,1,6.50,6.5000,true,1,28783
8024985008051,false,מחית פירות סמוצ`י פירות אדומים אורגנית ל,"נטורפוד בע""מ",IT,סמוצ'י פירות אדומים אורגניים 100 גרם,גרמים,100.00,100 גרם,false,1,6.50,6.5000,true,1,28782
8024985011204,false,נטורה נובה-סמוזי תפוח תות בננה 100 גרם,נטורה נובה,IL,נטורה נובה - סמוזי תפוח תות בננה 100 גרם,גרמים,350.00,100 גרם,false,1,6.20,1.7714,true,1,54122
8032685196770,false,עגבניות אורגניות מקולפות 400 גרם SOLANIA,נטורפוד,IT,עגבניות אורגניות מקולפות סולוניה 400 גרם,גרמים,400.00,100 גרם,false,1,7.50,1.8750,true,1,27897
8032685196800,false,נטורפוד עגבניות אורגניות מרוסקות 700 גרם,נטורפוד בעמ,IT,עגבניות אורגניות מרוסקות סולוניה 720 גרם,גרמים,720.00,100 גרם,false,1,13.90,1.9306,true,1,27899
8032804430471,false,פליסיה פסטה סדניני עדשים אורגני 250 גרם,אף.סי תבליני בגליל ב,IT,פסטה מקמח עדשים אדומות פליסיה 250 גרם,גרמים,250.00,100 גרם,false,1,13.90,5.5600,true,1,36810
8032804430501,false,פליסיה קופסא פוזילי אפונה ירוקה נטורפוד 250 גרם,אף.סי תבליני בגליל ב,IT,פסטה מקמח אפונה ירוקה פליסיה 250 גרם,גרמים,250.00,100 גרם,false,1,13.90,5.5600,true,1,36809
8032804430761,false,פליסיה קופסא - לזניה עדשים צהובות אורגני 250 גרם,אף.סי תבליני בגליל ב,IT,לזניה עדשים צהובות אורגני פליסיה 250גרם,גרמים,250.00,100 גרם,false,1,19.90,7.9600,true,1,41163
8032804430846,false,פליסיה פוזילי חומוס אורגני 250 גרם,אנדריאני,IT,100% חומוס אורגני בצורת אטריות 250 גרם,גרמים,250.00,100 גרם,false,1,15.90,6.3600,true,1,46715
8032804432024,true,לזניה אורז תירס אורג,אף.סי תבליני בגליל ב,IT,לזניה אורז תירס אורגני 250 גרם,גרמים,250.00,100 גרם,false,1,20.90,8.3600,true,1,38846
8033020445973,false,"PIVETTI קמח 00 לכל מטרה 1 ק""ג",פיווטי Pivetti,IT,"קמח\ Antigrumi 1 ק""ג PIVETTI",קילוגרמים,1.00,"ק""ג",false,1,7.90,7.9000,true,1,48265
8033020445980,false,"קמח לפסטה 1 pasta fresca ק""ג 00 PIVETTI",PIVETTI,IT,"קמח לפסטה 1 pasta fresca ק""ג 00 PIVETTI",קילוגרמים,1.00,"ק""ג",false,1,13.90,13.9000,true,1,48268
8033020445997,false,"קמח איטלקי ללחמים 1 ק""ג 0 PIVETTI",PIVETTI,IT,"קמח איטלקי ללחמים 1 ק""ג 0 PIVETTI",קילוגרמים,1.00,"ק""ג",false,1,12.50,12.5000,true,1,48267
8033020446000,false,"קמח איטלקי לפיצה ופוקצה 1 ק""ג 00 PIVETTI",פיווטי Pivetti,IT,"קמח איטלקי לפיצה ופוקצה 1 ק""ג 00 PIVETTI",קילוגרמים,1.00,"ק""ג",false,1,10.90,10.9000,true,1,48266
8033275522368,false,"יין מונטרו קיאנטי, 750 מ""ל י מונטרו",היכל היין שקד גולן בעמ,IT,קיאנטי,מיליליטרים,750.00,"100 מ""ל",false,1,59.90,7.9867,true,1,48280
8076800195019,false,ברילה - צ.א ספגטי מס1 קפליני 500 גרם,ברילה גי.אי.אר פרטלי ס.פ,IT,ברילה קפליני ספגטי מס' 1 500 גרם,גרמים,500.00,100 גרם,false,1,7.90,1.5800,true,1,49429
8076800195033,false,ברילה - צ.א ספגטיני מס3 חדש 500 גרם,ברילה גי.אי.אר פרטלי ס.פ,IT,ברילה ספגטי מספר 3 500 גרם,גרמים,500.00,100 גרם,false,1,7.90,1.5800,true,1,1737
8076800195057,false,ברילה - צ.א ספגטי מס5 חדש 500 גרם,ברילה גי.אי.אר פרטלי ס.פ,IT,ברילה ספגטי מס' 5 500 גרם,גרמים,500.00,100 גרם,false,1,7.90,1.5800,true,1,1738
8076800195132,false,ברילה - צ.א בבטה מס13 500 גרם,ברילה גי.אי.אר פרטלי ס.פ,IT,ברילה ספגטי בבטה מספר 13,גרמים,500.00,100 גרם,false,1,7.90,1.5800,true,1,49428
8076800315097,false,פסטה מקרוני בוקטיני מספר 9 ברילה 500 גרם,ברילה גי.אי.אר פרטלי ס.פ,IT,ברילה בוקטיני- מקרוני מס' 9 500 גרם,גרמים,500.00,100 גרם,false,1,7.90,1.5800,true,1,1739
8076802085738,false,ברילה - צ.ק פנה רגטה חדש 500 גרם,ברילה גי.אי.אר פרטלי ס.פ,IT,ברילה פנה רגטה מס 73 500 גרם,גרמים,500.00,100 גרם,false,1,7.90,1.5800,true,1,1741
8076802085837,false,ברילה - צ.ק טורטליוני מס83 500 גרם,הנסיך- מפעל לייצור ט,IT,פסטה ברילה טורטיליוני מס 83 500 גרם,גרמים,500.00,100 גרם,false,1,7.90,1.5800,true,1,1742
8076802085936,false,ברילה פסטה צ.ק. קונצילה ריגטה חדש,ברילה גי.אי.אר פרטלי ס.פ,IT,ברילה פסטה פתיתים - קונצילה ריגטה 500 גרם,גרמים,500.00,100 גרם,false,1,7.90,1.5800,true,1,1743
8076802085981,false,ברילה - צ.ק פוזילי חדש 500 גרם,ברילה גי.אי.אר פרטלי ס.פ,IT,ברילה פסטה פתיתים פוזילי 500 גרם,גרמים,500.00,100 גרם,false,1,7.90,1.5800,true,1,1744
8076808060654,false,פסטה פרפלה מספר 65 ברילה 500 גרם,ברילה גי.אי.אר פרטלי ס.פ,IL,ברילה פסטה פתיתים פרפלה 500 גרם,גרמים,500.00,100 גרם,false,1,7.90,1.5800,true,1,1747
8076808070882,false,קנלוני מספר 88 ברילה (250 גרם),פאסטיפיקו ריגו אס.אר,IT,פסטה ברילה קנלוני מס 88 250 גרם,גרמים,250.00,100 גרם,false,1,15.90,6.3600,true,1,1748
8076808150072,false,ברילה - צ.א ספגטוני מס7 חדש 500 גרם,ברילה גי.אי.אר פרטלי ס.פ,IT,ברילה ספגטי מספר 7 500 גרם,גרמים,500.00,100 גרם,false,1,7.90,1.5800,true,1,1749
8076809512268,false,פסטה גירנדולה טורסדס מספר 34 ברילה 500 גרם,ברילה גי.אי.אר פרטלי ס.פ,IT,ברילה פסטה פתיתים- גירנדולה 500 גרם,גרמים,500.00,100 גרם,false,1,7.90,1.5800,true,1,1750
8076809513395,false,ברילה פומודורו רוטב עגבניות קלאסי 400 גר,ברילה גי.אי.אר פרטלי ס.פ,IT,ברילה רוטב עגבניות קלאסי 400 גרם,גרמים,400.00,100 גרם,false,1,15.90,3.9750,true,1,1752
8076809513654,false,בסיס רוטב עגבניות לבולונז 400 גרם ברילה,ברילה גי.אי.אר פרטלי ס.פ,IT,ברילה רוטב בסיס לפסטה בולונז 400 גרם,גרמים,400.00,100 גרם,false,1,15.90,3.9750,true,1,2645
8076809513692,false,רוטב עגבניות נפולטנה בתוספת ירקות,ברילה גי.אי.אר פרטלי ס.פ,IT,ברילה רוטב עגבניות עם ירקות שורש לפסטה 400 גרם,גרמים,400.00,100 גרם,false,1,15.90,3.9750,true,1,1753
8076809513739,false,ברילה רוטב עגבניות עם בזיליקום 400 גרם,ברילה גי.אי.אר פרטלי ס.פ,IT,ברילה רוטב עגבניות עם בזיליקום לפסטה 400 גרם,גרמים,400.00,100 גרם,false,1,15.90,3.9750,true,1,3470
8076809523561,false,ברילה - רוטב פסטה בטעם טוסקנה 400 גרם,ברילה גי.אי.אר פרטלי ס.פ,IT,ברילה רוטב טוסקנה לפסטה 400 גרם,גרמים,400.00,100 גרם,false,1,15.90,3.9750,true,1,19639
8076809523714,false,איטריות טליאטלה ברילה 500 גרם,"ש. שסטוביץ בע""\מ",IT,פסטה ברילה טליאטלה 500 גרם,גרמים,500.00,100 גרם,false,1,26.90,5.3800,true,1,2695
8076809523738,false,דפי לזניה ברילה 500 גרם,ברילה גי.אי.אר פרטלי ס.פ,IT,לזניה ברילה 500 גרם,גרמים,500.00,100 גרם,false,1,25.90,5.1800,true,1,2249
8076809529419,false,ספגטי מחיטה מלאה מס' 5 500 ג' ברילה,ברילה גי. אי. אר פרט,IT,ספגטי מחיטה מלאה 500 גרם,גרמים,500.00,100 גרם,false,1,15.90,3.1800,true,1,8010
8076809529433,false,פסטה פנה ריגטה חיטה מלאה ברילה (500 גרם),"ש. שסטוביץ בע""\מ",IT,פסטה ברילה פנה רגטה מחיטה מלאה 500 גרם,גרמים,500.00,100 גרם,false,1,15.90,3.1800,true,1,8011
8076809545464,false,ברילה פסטה ללא גלוטן צורת ספירלי 400 גר,מולינו אנדריאני אס.א,IT,ברילה פוזילי על בסיס קמח תירס ללא גלוטן 400 גרם,גרמים,400.00,100 גרם,false,1,15.90,3.9750,true,1,32115
8076809576352,false,ברילה לזניה ללא גלוטן 250 גר`כשלפ,ברילה גי.אי.אר פרטלי,IT,ברילה לזניה ללא גלוטן 250 גרם,גרמים,250.00,100 גרם,false,1,23.90,9.5600,true,1,52102
8410076600622,false,חטיפי גרנולה קראנצ'י עם שוקולד מריר נייצ'ר ואלי 210 גרם,ג'נרל מילס סאן אדריאן,ES,קראנצי שבבי שוקולד מריר 210 גר,גרמים,210.00,100 גרם,false,1,14.90,7.0952,true,1,32100
8410076610379,false,"חטיף בוטנים, חלבון סויה ושוקולד מריר עם ציפוי בטעם שוקולד",נייצ'ר ואלי Nature Valley,ES,מאג חטיף פרוטאין בוטנים ושבבי שוקולד120,גרמים,120.00,100 גרם,false,1,18.90,15.7500,true,1,37794
8410076610386,false,נייטשר ואלי פרוטאין בוטנים עם ציפוי בטעם קרמל מלוח 160 ג',ג'\נרל מילס סאן אדריאן S,ES,נייטשר ואלי פרוטאין בוטנים בטעם קרמל מלוח,גרמים,120.00,100 גרם,false,1,18.90,15.7500,true,1,37795
8410076611031,false,נייטשר וואלי פרוט&נאט חטיפי דגנים חמוציו,ליימן שליסל,ES,ניטצר ואלי ש שועל מלאה צימוקים וחמוציות,גרמים,163.00,100 גרם,false,1,19.90,12.2086,true,1,52041
8410076611048,false,נייטשר וואלי פרוט&נאט חטיפי דגנים תפוחים,ליימן שליסל,ES,ניטצר ואלי ש שועל מלאה צימוקים ותפוחים *,גרמים,163.00,100 גרם,false,1,19.90,12.2086,true,1,52042
8410076621047,false,עוגות אישיות בטעם שוקולד עם חתיכות בטעם שוקולד,ליימן שליסל בע`מ,ES,פייבר 1 עוגות אישיות בראוניז בטעם שוקולד פאדג',גרמים,120.00,100 גרם,false,1,14.90,12.4167,true,1,51045
8410076801067,false,חטיף נייטצר ואלי דבש,סאן אדריאן,ES,חטיף נייטצר ואלי דבש 21 גרם,גרמים,21.00,100 גרם,false,1,2.90,13.8095,true,1,54881
8410076801074,false,חטיף נייטצר ואלי שוק,סאן אדריאן,ES,חטיף נייטצר ואלי שוקולד 21 גרם,גרמים,21.00,100 גרם,false,1,2.90,13.8095,true,1,54882
8410104045111,false,"פיניש מלח למדיח כלים 2ק""ג",רקיט בנקיזר (ניר איסט) בעמ,IL,פיניש מלח למדיח כלים 2 קג,קילוגרמים,2.00,"ק""ג",false,1,16.90,8.4500,true,1,1809
8410179100043,false,שמן זית בורחס מעולה750מל,PONTU BORGES ACEITES,ES,"BORGES שמן זית כתית מעולה 750 מ""ל",מיליליטרים,750.00,"100 מ""ל",false,1,37.90,5.0533,true,1,46921
8410182420114,false,"בצלצלי פנינה בחומץ 370 מ""ל",דליסיאס,,בצלצלי פנינה בחומץ 370 גרם,גרמים,370.00,100 גרם,false,1,12.90,3.4865,true,1,26843
8410376037883,false,גוליאן עוגיות שוקו צפס ללא גלוטן 130 ג ו,תות תעשיות מזון (201,ES,עוגיות שוקוציפס ללא גלוטן גולון 130 גרם,גרמים,130.00,100 גרם,false,1,13.80,10.6154,true,1,27946
8410793282934,false,בירה אסטרייה דאם בקב,"סי סי דאם, אס.אל, בר",ES,"אסטרייה דאם בקבוק בודד 330 מ""ל",מיליליטרים,330.00,"100 מ""ל",false,1,12.90,3.9091,true,1,24320
8411320234006,false,נתחי טונה לבנה בשמן זית (פחית) 112 ג ORTIZ,אורטיז ORTIZ,ES,נתחי טונה לבנה בשמן זית (פחית) 112 גרם,גרמים,112.00,100 גרם,false,1,19.90,17.7679,true,1,47109
8411320334027,false,אורטיז נתחי טונה צהובה בשמן זית (פחית) 1,אורטיז ORTIZ,ES,נתחי טונה צהובה בשמן זית (פחית) 112 גרם,גרמים,112.00,100 גרם,false,1,17.90,15.9821,true,1,47107
8412168002529,false,מחייה 13 משקה כוהלי בטעם לימונים,דיסטילריאס לה הורטנה,ES,מחייה 13 משקה אלכוהולי בטעם לימונים 700 מל,מיליליטרים,700.00,"100 מ""ל",false,1,59.90,8.5571,true,1,34000
8412168008903,false,מחייה 13 משקה כוהלי בטעם אשכולית אדומה,דיסטיליארס לה הורטנה,ES,מחייה 13 משקה כוהלי בטעם אשכולית אדומה 700 מל,מיליליטרים,700.00,"100 מ""ל",false,1,59.90,8.5571,true,1,33999
8413178159210,false,מסטיק זום אדום,וידאל,,מסטיק זום אדום,יחידה,1.00,יחידה,false,1,1.50,1.5000,true,1,8542
8413178230056,false,מסטיק זום בטעם אבטיח,וידאל,,מסטיק זום אבטיח,יחידה,1.00,יחידה,false,1,1.50,1.5000,true,1,30260
8414775015879,false,נייר פילטר SMK קטן,Unknown,,נייר פילטר SMK קטן,יחידה,1.00,יחידה,false,1,7.80,7.8000,true,1,48528
8420708012822,false,קשקבל צאן ספרדי בשלה 200 גר,מיוצר עי קונדיטוריית,ES,קשקבל צאן בשלה 200 גר נני,גרמים,200.00,100 גרם,false,1,27.90,13.9500,true,1,42217
8420708018817,false,גב.מנצ'גו כבשים36% 150גר,האי נאם סי או אל.טי.,ES,מנצגו בשלה 150 גרם נני,גרמים,150.00,100 גרם,false,1,25.90,17.2667,true,1,42265
8423207206495,false,סלים דליס חטיף דגנים מצופה שוקולד מריר מרבה 6*20 גרם,אף.סי תבליני בגליל ב,ES,חטיף דגנים סלים דליס שוקולד מריר 120 גרם,גרמים,120.00,100 גרם,false,1,14.90,12.4167,true,1,29979
8423207210928,false,חטיף דגנים מצופה שוקולד חלב ואגוזי לוז - 5 במארז,נוטרישן אנד סנטה קוב,ES,מאגדת סלים דליס טופינג אגוזי לוז 90 גרם,גרמים,90.00,100 גרם,false,1,14.90,16.5556,true,1,50544
8423371002312,false,בוטנים צילי סאליסול 150 גרם,סאליסול,ES,סאליסול פיצוחים בפחית בוטנים צילי 150 ג,גרמים,150.00,100 גרם,false,1,11.90,7.9333,true,1,53332
8423371002725,false,סאליסול- קוקטייל מיקס 100 גרם,גלוברנדס,ES,סאליסול משפחתי קוקטיל מיקס,גרמים,100.00,100 גרם,false,1,11.90,11.9000,true,1,51725
8423371002749,false,סאליסול- בוטנים ושקדים מקורמלים 135 גרם,גלוברנדס,ES,סאליסול משפחתי בוטנים ושקדים מקורמלים,גרמים,135.00,100 גרם,false,1,11.90,8.8148,true,1,55433
8423371005085,false,סאליסול- מיקס פיקנטי 100 גרם,גלוברנדס,ES,סאליסול טו גו מיקס פיקנטי,גרמים,100.00,100 גרם,false,1,11.90,11.9000,true,1,51726
8423371007089,false,סאליסול- בוטנים מלוחים בדבש 150 גרם,גלוברנדס,ES,סאליסול משפחתי בוטנים עם דבש ומלח,גרמים,150.00,100 גרם,false,1,11.90,7.9333,true,1,51727
8423453905678,false,בירה ווילדר חיטה בקב,פונט סלאם וולנסיה,ES,"בירה ווילדר חיטה בקבוק 330 מ""ל",מיליליטרים,0.00,"100 מ""ל",false,1,8.90,0.0000,true,1,42090
8425206000081,false,ריבת חלב מרדל 450 גרם,גורי מוצרי צריכה (1991) בעמ,ES,מרדל ריבת חלב 450 גרם,גרמים,450.00,100 גרם,false,1,21.90,4.8667,true,1,28203
8425206000272,false,מרדל סירופ בטעם ריבת חלב 550 ג',גורי מוצרי צריכה בעמ,ES,סירופ ריבת חלב מרבה,גרמים,550.00,100 גרם,false,1,19.90,3.6182,true,1,52945
8434165466333,false,קרקר קואטרה 350 גרם עגול,קאויקיולי,ES,מיני קרקרים עגולים קואטרה 350 גרם,גרמים,350.00,100 גרם,false,1,9.90,2.8286,true,1,54910
8436575292205,false,ארטיק חמשושים מאגדת 15*12 גר',נגה גלידות שותפות מוגבלת,IL,נסטלה חמשושים מאגדת חדש 6 15*12גרם,לא מנהל יחידת מידה,0.00,לא מנהל יחידת מידה,false,1,24.90,0.0000,true,1,41753
8445290341587,false,פנסי פיסט פטה דג לבן ועוף 85גר,קבוצת אוסם סחר-שות.מוגבלת,US,פנסי פיסט פטה דג לבן ועוף 24*85גרם,גרמים,85.00,100 גרם,false,1,5.90,6.9412,true,1,54977
8445290341617,false,פנסי פיסט פטה עוף וסלמון 85 גרם,קבוצת אוסם סחר-שות.מוגבלת,US,פנסי פיסט פטה עוף וסלמון 85 גרם,גרמים,85.00,100 גרם,false,1,5.90,6.9412,true,1,54976
8445290341655,false,פנסי פיסט פטה עוף 85 גרם,קבוצת אוסם סחר-שות.מוגבלת,US,פנסי פיסט פטה עוף 24*85גרם,גרמים,85.00,100 גרם,false,1,5.90,6.9412,true,1,54978
8593868006014,false,"בירה בלו מון 500מ""ל פחית 5.4%",הכרם - משקאות חריפים בעמ,CZ,"בירה בלומון 5.4% כוהל בפחית 500 מ""ל",מיליליטרים,500.00,"100 מ""ל",false,1,14.90,2.9800,true,1,51571
8595134503302,false,פילטרים לגלגול 6 ממ- ארוך,צפניה ברזילי בעמ,,פילטר 6 ארוך,Unknown,0.00,Unknown,false,1,4.90,0.0000,false,1,50434
8595134503487,false,פילטרים לגילגול 5.3 ארוך PIH,צפניה ברזילי בעמ,,פילטר 5.3 ארוך,יחידה,1.00,יחידה,false,1,4.90,4.9000,true,1,50435
8595134503975,false,נייר גלגול בינוני Black כולל פילטר,צפניה ברזילי בעמ,,נייר בינוני כולל פילטר,לא מנהל יחידת מידה,0.00,לא מנהל יחידת מידה,false,1,6.00,0.0000,false,1,50440
8606018615827,false,גלידת וניל עם שברי עוגיות אוראו 480 גרם,נגה גלידות שותפות מוגבלת,IL,פיינט אוראו 480גרם,גרמים,480.00,100 גרם,false,1,23.90,4.9792,true,1,54019
8606018615841,false,גלידה וניל עם ליבת שוקולד חלב מעולה 480 גרם,נגה גלידות שותפות מוגבלת,IL,פיינט מילקה וניל ליבת שוקולד 480גרם,גרמים,480.00,100 גרם,false,1,23.90,4.9792,true,1,54020
8606018615865,false,פיינט מילקה קרמל ליבת שוקולד 480 גרם,נגה גלידות שותפות מוגבלת,IL,פיינט מילקה קרמל ליבת שוקולד 480גרם,גרמים,480.00,100 גרם,false,1,23.90,4.9792,true,1,54021
8606109023593,false,"פרוויטה - מיץ תפוחי עץ ואגסים 750 מ""ל",יורוסטנדרט בעמ,IL,מיץ פרוויטה תפוחי עץ ואגסים 750 מל,מיליליטרים,750.00,"100 מ""ל",false,1,14.90,1.9867,true,1,50228
8606109023609,false,"פרוויטה - מיץ תפוחי עץ ודובדבנים חמוצים 750 מ""ל",יורוסטנדרט בעמ,IL,מיץ פרוויטה תפוחי עץ ודובדבנים 750 מל,מיליליטרים,750.00,"100 מ""ל",false,1,14.90,1.9867,true,1,50229
8606109023623,false,"פרוויטה - מיץ תפוחי עץ ולימון ליים 750 מ""ל",יורוסטנדרט בעמ,IL,מיץ פרוויטה תפוחי עץ ולימון ליים 750 מל,מיליליטרים,750.00,"100 מ""ל",false,1,14.90,1.9867,true,1,50231
8606109023630,false,פרוויטה מיץ תפוחי עץ,,IL,מיץ פרוויטה תפוחי עץ ופטל שחור 750 מל,מיליליטרים,750.00,"100 מ""ל",false,1,14.90,1.9867,true,1,50230
8606109023647,false,"פרוויטה - מיץ סלק ותפוחי עץ 750 מ""ל",יורוסטנדרט בעמ,IL,מיץ פרוויטה סלק ותפוחי עץ 750 מל,מיליליטרים,750.00,"100 מ""ל",false,1,14.90,1.9867,true,1,50232
8683130008355,false,מיונז שום לחיץ אמיתי הלמנס 400 גרם,יוניליוור ישראל שיווק בע`מ,TR,הלמנס מיונז עם שום 400 גרם,גרמים,400.00,100 גרם,false,1,17.90,4.4750,true,1,53223
8683130012666,false,שלגון מגנום דאבל לבן עוגיות 72 גרם,"מיוצר ע""\י יונילוור סנאי",IL,מגנום דאבל לבן עוגיות 74 גרם,גרמים,74.00,100 גרם,false,1,12.90,17.4324,true,1,54154
8690504081913,false,מקוויטיס טינס מצופה שוקולד חלב 150 גרם,תה ויסוצקי (ישראל) בעמ,TR,עוגיות טינס מצופה שוקולד חלב 150 גרם,גרמים,150.00,100 גרם,false,1,14.90,9.9333,true,1,38476
8690504081920,false,מקוויטיס טינס מצופה שוקולד מריר 150 גרם,"אולקר ביסקווי סנאי, א.ס.",TR,טינס מצופה שוקולד מריר 150 גרם,גרמים,150.00,100 גרם,false,1,14.90,9.9333,true,1,38475
8690504081937,false,מקוויטיס טינס שוקולד חלב וקפוצינו 150 גר,תה ויסוצקי (ישראל) בעמ,TR,טינס חלב וקפוצינו,גרמים,150.00,100 גרם,false,1,14.90,9.9333,true,1,38477
8690504153740,false,גודייבה שוקולד מריר במילוי קרם גנאש 86 גרם,תה ויסוצקי (ישראל) בעמ,TR,שוקולד מריר במילוי קרם בטעם גנאש שוקולד מריר,גרמים,86.00,100 גרם,false,1,15.90,18.4884,true,1,40120
8690504156543,false,טבלת שוקלד חלב ממולא בקרם גנאש שוקולד חלב 88 גר',ביסקוט ביסקווי סילברי,TR,טבלת שוקולד חלב מעולה,גרמים,86.00,100 גרם,false,1,15.90,18.4884,true,1,42523
8690637007705,false,מסטיגם וניל מסטיק על מקל ללא סוכר,"מיוצר ע""י יוניליוור",TR,שלגון מסטיגם 80 גרם,גרמים,80.00,100 גרם,false,1,7.90,9.8750,true,1,41250
8690637073373,false,תה ארל גריי בטעם ברגמוט ליפטון 25 שקיקים,יוניליוור ישראל שיווק בע`מ,TR,"תה ליפטון תה שחור ארל גריי 2 גרם, 25 יחידות",גרמים,50.00,100 גרם,false,1,9.90,19.8000,true,1,19294
8690637505607,false,מרכך כביסה מרוכז בדין אקסטרה בניחוח פינוק כחול,יוניליוור ישראל שיווק בע`מ,TR,"מרכך בדין אקסטרה פינוק קלאסי960 מ""ל",מיליליטרים,960.00,"100 מ""ל",false,1,22.90,2.3854,true,1,52580
8690637688195,false,"תה ירוק קלאסי ליפטון 20 יחידות בד""צ",יוניליוור ישראל שיווק בע`מ,TR,"תה ליפטון תה ירוק קלאסי 30 גרם, 20 יחידות",גרמים,30.00,100 גרם,false,1,21.50,71.6667,true,1,28352
8690637799594,false,תה ירוק ליפטון נענע בסגנון מרוקאי 20יח',"יוניליוור ישראל שיווק בע""מ",TR,תה ירוק בטעם מנטה בתוספת עלי נענע,גרמים,30.00,100 גרם,false,1,21.50,71.6667,true,1,33729
8690637835643,false,"תה ירוק לימונית ולאויזה 30 גרם ""ליפטון""","יוניליוור ישראל שיווק בע""מ",TR,תה ליפטון תה ירוק לואיזה ולימונית 30 גרם,גרמים,30.00,100 גרם,false,1,21.50,71.6667,true,1,37413
8690637842382,false,מגנום דאבל פרי יער שטראוס 82 גר,"מיוצר ע""\י יונילוור סנאי",,מגנום וניל פירות יער,גרמים,85.00,100 גרם,false,1,12.90,15.1765,true,1,38578
8690637842399,false,מאגדת מגנום מיני דאבל פרי יער שוקולד 6 יח' נסטלה,יוניליוור סנאי וי סי,TR,מאגדת מיני מגנום 1/6 329 גרם דאבל פרי יע,גרמים,379.00,100 גרם,false,1,34.90,9.2084,true,1,38212
8690637858734,false,ג'ל לניקוי כללי בתוספת אקונומיקה בניחוח לימון,"יוניליוור ישראל שיווק בע""מ",TR,"אקונומיקה פנטסטיק ג""ל 750 מ""ל",מיליליטרים,750.00,"100 מ""ל",false,1,14.90,1.9867,true,1,40528
8690637865596,false,תחליב רחצה לניקוי וטיפוח עור היד 750 מ,יוניליוור ישראל שיווק בעמ,TR,דאב תחליב רחצה לידיים מזין 500 מל,מיליליטרים,500.00,"100 מ""ל",false,1,18.90,3.7800,true,1,49729
8690637871245,true,הלמנס מיונז אמיתי לח,יוניליוור גידה סאנ.,TR,הלמנס מיונז אמיתי לחיץ 395 גר,גרמים,395.00,100 גרם,false,1,15.90,4.0253,true,1,47072
8690637879395,false,מגנום דאבל פיסטוק 72 גרם,יוניליוור סנאי ןי טי,TR,מגנום דאבל פיסטוק 72 גרם,גרמים,72.00,100 גרם,false,1,11.90,16.5278,true,1,42105
8690637890666,false,מאגדת מגנום מיני דאבל פיסטוק 6 יח' שטראוס,יוניליוור סנאיי וי ט,TR,מאגדת מיני מגנום 1/6 329 גרם דאבל פיסטוק,גרמים,282.00,100 גרם,false,1,31.90,11.3121,true,1,42101
8690637938474,false,מגנום דאבל דבש שקדים יח,יונליוור סנאיי וי טיג'\,TR,מגנום דאבל דבש שקדים 72 גרם,גרמים,72.00,100 גרם,false,1,11.90,16.5278,true,1,48894
8690637946318,false,"מרכך כביסה בדין מרוכז אקסטרה בייבי טלק 960 מ""ל",יוניליוור ישראל שיווק בע`מ,TR,Badin מרכך כביסה 960 ML,מיליליטרים,960.00,"100 מ""ל",false,1,22.90,2.3854,true,1,49735
8690637989612,false,שלגון שמנת בטעם וניל עם ריפל בטעם שוקולד 246 גרם,יונילוור סנאיי וי טיג'\,TR,מגנום מיני דאבל דולצה גולד 246גרם,גרמים,246.00,100 גרם,false,1,34.90,14.1870,true,1,52090
8690637989629,false,מגנום דאבל דולצ'ה גולד בטעם וניל עם ריפל בטעם שוקולד 246 גרם,יונילוור סנאיי וי טיג'\,TR,מגנום שלגון מגנום דאבל דולצ'ה גולד 63 גרם,גרמים,63.00,100 גרם,false,1,12.90,20.4762,true,1,51884
8690637997914,false,גלידת מגנום וניל שקדים בכוס אישית 76 גרם,יונילוור סנאיי וי טיג'\,IL,מגנום כוס אישי שמנת ונ.שקדים 76גרם,גרמים,76.00,100 גרם,false,1,9.90,13.0263,true,1,52740
8690637997921,false,גלידת שמנת וניל קלאסיק בכוס אישית 63 גרם,יונילוור סנאיי וי טיג'\,IL,מגנום כוס אישי שמנת וניל 81 גרם,גרמים,81.00,100 גרם,false,1,9.90,12.2222,true,1,52741
8690766156367,false,טבלת שוקולד חלב מעולה 90 גר` גודייבה,תה ויסוצקי (ישראל) בעמ,TR,טבלת שוקולד חלב מעולה,גרמים,90.00,100 גרם,false,1,15.90,17.6667,true,1,49375
8690766156374,false,גודייבה שוקולד מריר מעולה 72% מוצקי קקאו 72גרם,תה ויסוצקי (ישראל) בעמ,TR,טבלת שוקולד מריר מעולה 72% מוצקי קקאו,גרמים,90.00,100 גרם,false,1,15.90,17.6667,true,1,49378
8690766156381,false,גודייבה שוקולד מריר 90% מוצקי קקאו 90 גרם,תה ויסוצקי (ישראל) בעמ,TR,טבלת שוקולד מריר מעולה 90% מוצקי קקאו,גרמים,90.00,100 גרם,false,1,15.90,17.6667,true,1,49376
8690766156398,false,"שוקולד חלב מעולה בתוספת שברי שקדים קלויים,דבש ומלח 90 גרם","אולקר מקבוצת פלאדיס, ציק",TR,שוקולד חלב מעולה בתוספת שברי שקדים קלויי,גרמים,90.00,100 גרם,false,1,15.90,17.6667,true,1,51232
8690766156411,false,שוקולד מריר מעולה בטעם פלפל ורוד עם חתיכות תות מסוכר 90 גרם,תה ויסוצקי (ישראל)בעמ,TR,טבלאת שוקולד גודאייבה מריר בטעם פלפל 90,גרמים,90.00,100 גרם,false,1,15.90,17.6667,true,1,49377
8690777203012,false,פלפלים ירוקים כבושים לא חריפים סרה ויליפוד 600 גרם,ג. וילי-פוד אינטרנשיונל בע`מ,TR,פלפל ירוק כבוש לא חריף 600 גרם,גרמים,600.00,100 גרם,false,1,13.90,2.3167,true,1,39945
8690777204071,false,פלפלים כבושים חריפים סרה 320 גרם,ג. וילי-פוד אינטרנשיונל בע`מ,TR,פלפל חריף 640גרם SERA,גרמים,640.00,100 גרם,false,1,13.90,2.1719,true,1,21843
8690777206051,false,חציל קלוי על האש סרה ויליפוד 650 גרם,ג. וילי-פוד אינטרנשיונל בע`מ,TR,סרה חציל קלוי על האש 650 גרם,גרמים,650.00,100 גרם,false,1,13.90,2.1385,true,1,19755
8691530924670,false,סירופ רימונים נאטרסן345ג,נטורסן,,סירופ רימונים נטורסאן 345 גרם,גרמים,345.00,100 גרם,false,1,21.90,6.3478,true,1,26870
8691900172175,false,קוטקס תחב.לילה אולטרה18י,חוגלה קימברלי,GB,תחבושות קוטקס לילה 18 יח,יחידה,18.00,יחידה,false,1,17.90,0.9944,true,1,55257
8691900172854,false,קוטקס תחב.אולטרה לונג20י,חוגלה קימברלי,GB,תחבושות קוטקס סופר 20 יח,יחידה,20.00,יחידה,false,1,17.90,0.8950,true,1,55258
8692952013195,false,ARAS-סט(6) כוסות 30,,,"ARAS-סט(6) כוסות 305 מ""ל י-LV-ARA233F",יחידה,1.00,יחידה,false,1,33.90,33.9000,true,1,46751
8697418280111,false,עלי טורטייה 25 סמ 840 גרם LAVALIA,פרינסיס און וה אונלו,,"עלי טורטייה 25 ס""מ 840 גרם",גרמים,840.00,100 גרם,false,1,27.90,3.3214,true,1,27221
8697418280180,false,עלי טורטייה 360 גר LAVALIA,פרינסיס און וה אונלו,,"עלי טורטייה 15 ס""מ 360 גרם",גרמים,360.00,100 גרם,false,1,18.90,5.2500,true,1,33973
8697418280333,false,שערות קדאיף מיובשות 500 גרם,פרינסיס און וה אונלו,TR,שערות קדאיף 500 גרם,גרמים,500.00,100 גרם,false,1,20.90,4.1800,true,1,42648
8697530910743,false,סיגריות פאל מאל כחול קצר מטאליק,גלוברנדס בעמ - שיווק סיגריות,,סיגריות פאל מל כחול חפיסה בודד,יחידה,1.00,יחידה,false,1,30.50,30.5000,false,1,14385
8697530910750,false,סיגריות פאל מאל כחול ארוך האוס,גלוברנדס בעמ - שיווק סיגריות,,סיגריות פאל מל כחול ארוך חפיסה בודד,יחידה,0.00,יחידה,false,1,30.50,0.0000,false,1,14386
8697530910781,false,סיגריות פאל מאל אדום מטאליק,גלוברנדס בעמ - שיווק סיגריות,,סיגריות פאל מל אדום חפיסה בודד,יחידה,1.00,יחידה,false,1,30.50,30.5000,false,1,14387
8697530911276,false,סיגריות קנט קצר חפיס,גלוברנדס בעמ - שיווק סיגריות,,סיגריות קנט קצר חפיסה בודד,יחידה,1.00,יחידה,false,1,37.80,37.8000,false,1,16052
8710502100864,false,מרבה פטיסרי עוגיות דאבל שוקולד 200 גרם,ש.שסטוביץ בעמ,NL,מרבה פטיסרי עוגיות דאבל שוקולד 200 גרם,גרמים,200.00,100 גרם,false,1,12.90,6.4500,true,1,54900
8710502139017,false,עוגיות טריפל שוקולד צ`יפס מרבה (180 גרם),בנקטבקריי מרבה בי.וי,NL,מרבה עוגיות טריפל שוקולד ציפס,גרמים,180.00,100 גרם,false,1,10.90,6.0556,true,1,22594
8710502194801,false,"עוגיות שוקלד ציפס רכה פירות יער ""מרבה"" 175 גרם",בנקטבקריי מרבה בי.וי,NL,מרבה עוגיות שוקולד צ'יפס במרקם רך עם פירות יער,גרמים,175.00,100 גרם,false,1,10.90,6.2286,true,1,33775
8710502231018,false,מרבה מיני עוגיות שוקולד צ'יפס 175 גרם,ש. שסטוביץ בע`מ,NL,מיני עוגיות מרבה ש ציפס 175 גרם,גרמים,175.00,100 גרם,false,1,10.90,6.2286,true,1,51860
8710502260032,false,מרבה עוגיות שוקוצ'יפס 150גרם,בנקטבקריי מרבה בי.וי,NL,עוגיות שוקולד צ'יפס מרבה 150 גרם,גרמים,150.00,100 גרם,false,1,7.90,5.2667,true,1,26682
8710502279010,false,מרבה עוגיות שוקולד צ'יפס מצופות שוקולד 175 גרם,"י.מרבה ישראל בע""מ",NL,מרבה עוגיות שוקולד ציפס מצופות שוקולד,גרמים,175.00,100 גרם,false,1,10.90,6.2286,true,1,51339
8710502405204,false,עוגיות שוקולד צ'יפס עם קרם שוקולד מרבה 175 גרם,קריניציה ויטמינה אס,NL,מרבה עוגיות ממולאות קרם שוקולד,גרמים,175.00,100 גרם,false,1,10.90,6.2286,true,1,24753
8710502470028,false,עוגיות שוקולד צ'יפס ממולאות בקרם נוגט,קריניציה ויטמינה אס,NL,עוגיות שוקולד ציפס נוגטלי מרבה 160 גרם,גרמים,160.00,100 גרם,false,1,10.90,6.8125,true,1,22596
8710502470035,false,עוגיות נוגטלי במילוי קרם אגוזים 200 ג' מרבה פטיסרי,ש. שסטוביץ בע`מ,NL,מרבה פטיסרי עוגיות נוגטלי במילוי קרם אגו,גרמים,200.00,100 גרם,false,1,12.90,6.4500,true,1,54902
8710847908446,false,אקס דאודורנט ספריי בלאק לגבר 150 מל,יוניליוור ישראל שיווק בעמ,RU,אקס דאודורנט ספריי אנטיפרספירנט בלאק 150,מיליליטרים,150.00,"100 מ""ל",false,1,13.90,9.2667,true,1,47649
8710847962608,false,אקס בודי ספריי מוחיטו ירוק ועצי ארז 150,יוניליוור ישראל שיווק בעמ,TR,AXE תרסיס דאו 150 ML,מיליליטרים,150.00,"100 מ""ל",false,1,13.90,9.2667,true,1,49730
8710908404184,false,דאודורנט ספריי 0% אלומיניום אורגינל דאב,יוניליוור ישראל שיווק בע`מ,IT,DOVE דאו ספריי 150 ML,מיליליטרים,150.00,"100 מ""ל",false,1,19.90,13.2667,true,1,49727
8711327475618,false,מגנום פיינט וניל קלאסיק 260 גר`,"מפעל גלידות בווספרם, רחו",HU,מגנום גלידת שמנת בטעם וניל 440 מל,גרמים,260.00,100 גרם,false,1,27.90,10.7308,true,1,51445
8711327475663,false,מגנום פיינט וניל שוקולד לבן 260 גרם,"מפעל גלידות בווספרם, רחו",HU,גלידת שמנת בטעם וניל עם שוקולד לבן,גרמים,260.00,100 גרם,false,1,27.90,10.7308,true,1,51444
8711327475717,false,מגנום פיינט וניל שקדים 260 גרם,"מפעל גלידות בווספרם, רחו",HU,מגנום גלידת שמנת בטעם וניל עם שקדים 440 מל,גרמים,260.00,100 גרם,false,1,27.90,10.7308,true,1,51446
8711327475762,false,מגנום פיינט שוקולד לבן עוגיות 260 גרם,"מפעל גלידות בווספרם, רחו",HU,מגנום גלידת שמנת שוקולד לבן ועוגיות 440 מל,גרמים,260.00,100 גרם,false,1,27.90,10.7308,true,1,51447
8712000050146,false,"בירה היינקן 0% אלכוהול בקבוק 330 מ""ל","מבשלת היינקן, ריטבלד",IL,"בירה הייניקן ללא אלכוהול בקבוק 330 מ""ל",מיליליטרים,330.00,"100 מ""ל",false,1,7.90,2.3939,true,1,42466
8712000051099,false,"שישיית בירה היינקן 0% אלכוהל בקבוק 330 מ""ל","מבשלת היינקן, ריטבלדנברג",NL,היינקן בירה לאגר ללא אלכוהול מארז שישייה,ליטרים,1.98,ליטר,false,1,39.90,20.1515,true,1,42465
8712400802536,false,תרכובת מזון המשך לפעוטות על בסיס חלב שלב 3,דיפלומט מפיצים (1968) בעמ**,NL,נוטרילון 3- 800 גרם,גרמים,800.00,100 גרם,false,1,68.90,8.6125,true,1,52755
8712561594240,false,"דאב תחליב רחצה להזנה עמוקה500 מ""ל-מרכז",יוניליוור ישראל שיווק בע`מ,DE,דאב תחליב רחצה להזנה עמוקה 500 מל,מיליליטרים,500.00,"100 מ""ל",false,1,19.90,3.9800,true,1,30985
8712561611183,false,"דאב - תחליב רחצה תה ירוק ומלפפון 500 מ""ל",יוניליוור ישראל שיווק בע`מ,DE,דאב תחליב רחצה מלפפון ותה ירוק 500 מל,מיליליטרים,500.00,"100 מ""ל",false,1,19.90,3.9800,true,1,30984
8714443620030,false,מרק ירקות אורגני 200 גרם,תות תעשיות מזון (201,NL,מרק ירקות,גרמים,200.00,100 גרם,false,1,32.90,16.4500,true,1,47608
8714599412336,false,קפה נמס בריסטה אמריקנו קלוי וטחון 160 ג' ג'ייקובס,ג'\ייקובס דאו אגברטס רוס,RU,ג'ייקובס בריסטה אמריקנו קפה נמס עם קלוי וטחון,גרמים,160.00,100 גרם,false,1,30.90,19.3125,true,1,53212
8714599512159,false,קפה נמס ג'קובס מונארך190,"אל.אל.סי ""גייקובס דא",RU,גייקובס מגורען 190 גרם,גרמים,190.00,100 גרם,false,1,28.90,15.2105,true,1,54507
8714789218465,false,מברשת שיניים 360 סופט קולגייט 2 יחידות,הנסיך- מפעל לייצור ט,CN,זוג מברשות שיניים קולגייט 360 סופט,לא מנהל יחידת מידה,0.00,לא מנהל יחידת מידה,false,1,33.90,0.0000,true,1,8008
8714789582764,false,אג'קס ספריי לניקוי חלונות ומשטחים,הנסיך- מפעל לייצור ט,GR,"אגקס לניקוי חלונות טריגר 750 מ""ל",מיליליטרים,750.00,"100 מ""ל",false,1,16.90,2.2533,true,1,30391
8714789740058,false,מברשת שיניים טוויסטר סופט קולגייט 2 יחידות,הנסיך- מפעל לייצור ט,CN,קולגייט מברשת טוויסטר זוג סופט,יחידה,1.00,יחידה,false,1,19.90,19.9000,true,1,25767
8715035150300,false,"רוטב סויה קיקומן ללא גלוטן 250 מ""ל",דיפלומט מפיצים (1968) בעמ**,NL,רוטב סויה קיקומן ללא גלוטן 250 מל,מיליליטרים,250.00,"100 מ""ל",false,1,23.90,9.5600,true,1,41680
8715300238306,false,חמאה הולנדית ללא מלח 200 גרם,בני ג`ורג` שוקחה (חיפה) בעמ,IL,חמאה הולנדית פריקו 200גרם,גרמים,200.00,100 גרם,false,1,14.90,7.4500,true,1,55358
8715700419695,true,רוטב ברביקיו מתוק,ה.י.היינץ הולדינג בי,NL,היינץ רוטב ברביקיו מתוק 500 גרם,גרמים,500.00,100 גרם,false,1,21.90,4.3800,true,1,46862
8715700419732,false,מתבל עגבניות היינץ (700 גרם),דיפלומט מפיצים (1968) בעמ**,NL,היינץ מתבל עגבניות 700 גרם,גרמים,700.00,100 גרם,false,1,13.90,1.9857,true,1,28066
8715700423906,false,היינץ מתבל עגבניות מופחת סוכר ומלח 50/50 550 גרם,דיפלומט מפיצים (1968) בעמ**,NL,היינץ מתבל עגבניות 50/50 550 גרם,גרמים,555.00,100 גרם,false,1,11.90,2.1441,true,1,38728
8717163658314,true,תחליב רחצה דאב sensi,יוניליוור גרמניה Gmb,DE,תחליב רחצה דאב sensitive skin עם מים מיס,Unknown,0.00,Unknown,false,1,19.90,0.0000,true,1,42389
8717163842669,false,"תחליב רחצה דאב חימר ירוק 500 מ""ל purifying",יוניליוור ישראל שיווק בעמ,DE,DOVE ג'ל רחצה 500 ML,מיליליטרים,500.00,"100 מ""ל",false,1,19.90,3.9800,true,1,48959
8717163842676,false,"תחליב רחצה חימר ורוד renewing glow דאב 500 מ""ל",יוניליוור ישראל שיווק בעמ,DE,DOVE ג'ל רחצה 500 ML,מיליליטרים,500.00,"100 מ""ל",false,1,19.90,3.9800,true,1,48759
8717677336616,false,שוקולד מריר עם שקדים ומלח טוניס' שוקולונלי 180 גרם,טוניס/שוקולונלי,NL,שוקולד מריר עם שקדים ומלח טוניס,גרמים,180.00,100 גרם,false,1,19.90,11.0556,true,1,53789
8717677336630,false,שוקולד חלב עם שקדים ודבש טוניס' שוקולונלי 180 גרם,ליימן שליסל בע`מ,NL,שוקולד חלב עם שקדים ודבש טוניס,גרמים,180.00,100 גרם,false,1,19.90,11.0556,true,1,53787
8717677336654,false,טוניס - שוקולד חלב מעולה עם שברי קרמל מלוח,ליימן שליסל בע`מ,NL,שוקולד חלב מעולה עם שברי קרמל מלוח 180 ג,גרמים,180.00,100 גרם,false,1,19.90,11.0556,true,1,55286
8717677336661,false,טוניס שוקולד מריר מעולה 70% 180 גרם רבנות - נוכרי,ליימן שליסל בע`מ,NL,טוניס' שוקולונלי - שוקולד מריר מעולה 70%,גרמים,180.00,100 גרם,false,1,19.90,11.0556,true,1,53788
8717677338436,false,שוקולד חלב עם אגוזי לוז טוניס' שוקולונלי 180 גרם,טוניס/שוקולונלי,NL,שוקולד חלב עם אגוזי לוז קצוצים טוניס,גרמים,180.00,100 גרם,false,1,19.90,11.0556,true,1,53786
8718114724485,false,מיונז לחיץ הלמנס 705,יוניליוור,GB,מיונז הלמנס לחיץ 750 גרם,גרמים,750.00,100 גרם,false,1,24.90,3.3200,true,1,55604
8718951030206,false,"קולגייט סנסיטיב פרוטקשן משחת שיניים לשיניים רגישות 75 מ""ל",קולגייט-פלמוליב,PL,"קולגייט סנסטיב מולטי פרוטקשן 75 מ""ל",מיליליטרים,75.00,"100 מ""ל",false,1,19.90,26.5333,true,1,49646
8718951160897,false,ספריי אקונומיקה עוצמת ה7 טריגר אגקס 500מ,קולגייט פלמוליב,GR,אג'קס ספריי אקנומיקה מנקה מחטא 500 מל,מיליליטרים,500.00,"100 מ""ל",false,1,16.90,3.3800,true,1,37005
8718951166288,false,"משחת שיניים קולגייט מקס וייט 125 מ""ל",הנסיך- מפעל לייצור ט,PL,קולגייט משחת שיניים מקס וייט 125 מל,מיליליטרים,100.00,"100 מ""ל",false,1,16.90,16.9000,true,1,40734
8718951166561,false,משחת שיניים לרעננות מוגברת max fresh cooling crystals,הנסיך- מפעל לייצור ט,PL,קולגייט משחת שיניים מקס פרש COOL MINT 125 מל,מיליליטרים,125.00,"100 מ""ל",false,1,16.90,13.5200,true,1,40735
8718951170445,false,"קולגייט סמיילס משחת שיניים ילדים גילאי 2-5 50 מ""ל",קולגייט פלמוליב,PL,קולגייט סמיילס מ. שיניים לילדים 2-5 50 מ,מיליליטרים,50.00,"100 מ""ל",false,1,12.90,25.8000,true,1,40219
8718951222779,false,"מרידול פור משחה לשיניים וחניכיים בריאות 75 מ""ל",קולגייט פלמוליב,PL,"מרידול פור משחת שיניים וחניכיים 75 מ""ל",יחידה,1.00,יחידה,false,1,26.90,26.9000,true,1,48189
8718951236790,false,"קולגייט טוטאל משחת שיניים קלין מינט לפה בריא 100 מ""ל",קולגייט פלמוליב,PL,"משחת שיניים קולגייט טוטל משפחתי 100 מ""ל",מיליליטרים,100.00,"100 מ""ל",false,1,18.90,18.9000,true,1,42208
8718951236806,false,"קולגייט טוטאל הלבנה משחת שיניים המסייעת בהסרת כתמים 100 מ""ל",ש. שסטוביץ בע`מ,PL,משחת שיניים קולגייט,מיליליטרים,100.00,"100 מ""ל",false,1,18.90,18.9000,true,1,42207
8718951247871,false,"מרסס אגקס טריגר לשירותים 500 מ""ל",ש.שסטוביץ בעמ,GR,"אגקס טריגר שירותים 500 מ""ל",מיליליטרים,500.00,"100 מ""ל",false,1,16.90,3.3800,true,1,48987
8718951248656,false,"פלמוליב תחליב רחצה פרוטאין 500 מ'""ל",ש.שסטוביץ בעמ,IT,פלמוליב פרוטאין 500מל,מיליליטרים,500.00,"100 מ""ל",false,1,17.90,3.5800,true,1,50944
8718951254527,false,קולגייט משחה סנסיטיב פרו רליף חוזק מוגבר,קולגייט פלמוליב,PL,קולגייט סנסיטיב פרו רליף חוזק מוגבר להקל,מיליליטרים,75.00,"100 מ""ל",false,1,25.90,34.5333,true,1,47146
8718951264618,false,"קולגייט אופטיק וייט פחם צ'רקול משחת שיניים, 75 מ""ל",איינשטיין-צור יבוא-יצוא וסחר ב,PL,"קולגייט אופטיק וייט פחם פעיל 75 מ""ל",מיליליטרים,75.00,"100 מ""ל",false,1,29.90,39.8667,true,1,49645
8718951313927,false,"סבון ידיים משאבה פלמוליב חימר טונוס 300 מ""ל",ש.שסטוביץ בעמ,TR,"פלמוליב סבון ידיים חימר טונוס 300 מ""ל",מיליליטרים,300.00,"100 מ""ל",false,1,11.90,3.9667,true,1,50716
8718951333048,false,"פלמוליב סבון לידיים למטבח, 300 מ""ל",הנסיך- מפעל לייצור ט,IT,פלמוליב סבון ידיים למנרטל ריחות למטבח 300 מל,מיליליטרים,300.00,"100 מ""ל",false,1,11.90,3.9667,true,1,52002
8718951334090,false,"מרכך כביסה מרוכז כחול 650 מ""ל סופלין",ש.שסטוביץ בעמ,GR,"סופלין מרכך כביסה מרוכז כחול 650 מ""ל",מיליליטרים,650.00,"100 מ""ל",false,1,11.90,1.8308,true,1,49719
8718951385290,false,אג`קס ניקוי כללי עוצמת ב -7כחול 2 ליטר,קולגייט פלמוליב,GR,נוזל לניקוי כללי ורצפות אג'קס 2 ליטר,ליטרים,2.00,ליטר,false,1,22.90,11.4500,true,1,51592
8718951443358,false,"סבון ידיים הגיינה פלמוליב מארז 3*300 מ""ל",ש.שסטוביץ בעמ,TR,פלמוליב סבון ידיים היגיינה שלישייה,יחידה,1.00,יחידה,false,1,27.90,27.9000,true,1,52387
8719200998001,false,מרגרינה לאפיה ובישול בלי מלח 200 ג' בלו בנד,יוניליוור ישראל מזון בע\,IL,בלו בנד עם מלח 200 גרם,גרמים,200.00,100 גרם,false,1,4.70,2.3500,true,1,48795
8719200998018,false,מחמאה מרגרינה בטעם חמאה בלובנד 200 גרם,"מיוצר ע""\י יוניליוור ישר",IL,מרגרינה בטעם חמאה מחמאה 200 גרם,גרמים,200.00,100 גרם,false,1,5.30,2.6500,true,1,24
8720100012445,false,וופל טוסט בלגי 6 יח 250 גרם בקרסלנד,דה בנקט גרופ,,ופל טוסט בלגי 12 יחידות 250 גרם,גרמים,250.00,100 גרם,false,1,12.90,5.1600,true,1,18635
8720181114489,false,"אקס - דאודורנט ספריי לגבר בלק 150 מ""ל",איינשטיין-צור יבוא-יצוא וסחר ב,GB,"ספריי אקס שחור 150 מ""ל",מיליליטרים,150.00,"100 מ""ל",false,1,13.90,9.2667,true,1,54649
8720181114496,false,"אקס - דאודורנט ספריי לגבר שוקולד 150 מ""ל",איינשטיין-צור יבוא-יצוא וסחר ב,GB,"ספרי גוף אקס שוקולד 150 מ""ל",מיליליטרים,150.00,"100 מ""ל",false,1,13.90,9.2667,true,1,54650
8721200060107,false,בקרסלנד-סטרופ וופל הולנדי 250 גרם,דה בנקט גרופ,,ופל בקרסלנד סטרופ 100 גרם,גרמים,100.00,100 גרם,false,1,14.90,14.9000,true,1,22605
8801055707010,false,נסקפה קפוצינו קלאסיק 10*12.5 גרם,קבוצת אסם סחר שות. מוגבלת,,נסקפה קפוצ'ינו קלאסיק 12 10*12.5גרם,גרמים,125.00,100 גרם,false,1,20.00,16.0000,true,1,26228
8801055707966,false,קפה טייסטרס צ`ויס בריסטה נסקפה (180 גרם),קבוצת אוסם סחר שותפות מוגבלת,,נסקפה טייסטרס צ'ויס בריסטה 12*180גרם,גרמים,180.00,100 גרם,false,1,35.90,19.9444,true,1,33607
8801055708772,false,מארז טייסטרס צ'ויס 200 גרם+50 גר' מתנה,קבוצת אוסם סחר-שות.מוגבלת,IL,טייסטרס צויס מארז 8*200ג'+50ג',גרמים,250.00,100 גרם,false,1,34.90,13.9600,true,1,48858
8801055709465,false,אבקה להכנת משקה קפה בטעם קפוצ'ינו וניל,קבוצת אוסם סחר שותפות מוגבלת,DE,אבקה להכנת משקה קפה בטעם וניל 18.5 גרם,גרמים,19.00,100 גרם,false,1,21.90,115.2632,true,1,54382
8801055709472,false,נסטלה - נסקפה קפוצ'ינו קלאסי 12.50 גרם * 10,קבוצת אוסם סחר שותפות מוגבלת,DE,אבקה להכנת משקה קפה בטעם קפוצינו 125 גר,גרמים,125.00,100 גרם,false,1,21.90,17.5200,true,1,54383
8802241132821,false,חטיף אצות קלויות עם מלח 3 * 13.5 ג',"מאן גו'ן פוד בע""מ",,חטיף אצות 3 יח,גרמים,14.00,100 גרם,false,1,12.90,92.1429,true,1,38654
8850161160851,false,"קוקו מקס 100% מי קוקוס 350 מ""ל",טויו סייקאן קו.אל.טי.די,TH,"קוקו מקס 100% מי קוקוס 350 מ""ל",מיליליטרים,350.00,"100 מ""ל",false,1,9.50,2.7143,true,1,42653
8850161166204,false,"קרם קוקוס 17-19% 500 מ""ל - AMPAWA",אמפווה קוקונט פרודקט,TH,"אמפווה קרם קוקוס 500 מ""ל",מיליליטרים,500.00,"100 מ""ל",false,1,12.90,2.5800,true,1,48261
8850206250592,false,רוטב צ'ילי סריראצ'ה 540 גרם (מזרח ומערב),מזרח ומערב יבוא ושיווק,TH,רוטב צילי סריראצה 540 גרם,גרמים,540.00,100 גרם,false,1,19.90,3.6852,true,1,54657
8850367994021,false,"רוטב צ'ילי מתוק ללא סוכר מזרח ומערב ללא גלוטן 280 מ""ל",מזרח ומערב יבוא ושיווק,TW,"רוטב צילי מתוק ללא סוכר 280 מ""ל (כ)(ללא גלוטן)",מיליליטרים,280.00,"100 מ""ל",false,1,11.90,4.2500,true,1,53986
8850389103111,false,סאפי משקה אלוורה בטעם ענבים 300מל,פארייפאבה אגרואינדוס,TH,"סאפה אלוורה ענבים בקבוק 300 מ""ל",מיליליטרים,300.00,"100 מ""ל",false,1,7.90,2.6333,true,1,7214
8850389103128,false,"משקה קל סאפה בטעם תפוח 300 מ""ל",פארייפאבה אגרואינדוס,TH,"סאפה תפוח בקבוק 300 מ""ל 24 יח",מיליליטרים,300.00,"100 מ""ל",false,1,7.90,2.6333,true,1,7215
8850389103159,false,"משקה ליצ'י עם חתיכות גלי קוקוס 320 מ""ל מוגו מוגו",סאפה פובליק קומפני לימיט,TH,"משקה ליצי עם חתיכות גלי קוקוס 320 מ""ל",מיליליטרים,320.00,"100 מ""ל",false,1,7.90,2.4687,true,1,53898
8850389104637,false,"משקה קל סאפה אלוורה אפרסק 300 מ""ל",פארייפאבה אגרואינדוס,TH,"סאפה אלוורה אפרסק בקבוק 300 מ""ל",מיליליטרים,300.00,"100 מ""ל",false,1,7.90,2.6333,true,1,20538
8850389105825,false,משקה אלוורה בטעם ענבים סאפה 1 ליטר,סאפה פובליק קומפני לימיט,TH,סאפה משקה אלוורה בטעם ענבים,ליטרים,1.00,ליטר,false,1,15.90,15.9000,true,1,22323
8850389105832,false,סאפה משקה אלוורה בטעם תפוח עם קוביות אלוורה 1 ליטר,סאפה פובליק קומפני לימיט,TH,סאפה תפוח אלוורה בקבוק ליטר,ליטרים,1.00,ליטר,false,1,15.90,15.9000,true,1,22778
8850389105849,false,סאפה משקה אלוורה מופחת קלוריות בטעם אפרסק 1 ליטר,סאפה פובליק קומפני לימיט,TH,סאפה אפרסק אלוורה בקבוק ליטר,ליטרים,1.00,ליטר,false,1,15.90,15.9000,true,1,22324
8850389111352,false,"משקה מלון עם חתיכות גלי קוקוס 320 מ""ל מוגו מוגו",סאפה פובליק קומפני לימיט,TH,"מוגו מוגו ליצי 320 מ""ל",מיליליטרים,320.00,"100 מ""ל",false,1,7.90,2.4687,true,1,53899
8850389115312,false,"סאפה אלוורה מלון בקבוק 300 מ""ל",סאפה פובליק קומפני ל,TH,"סאפה אלוורה מלון בקבוק 300 מ""ל",מיליליטרים,330.00,"100 מ""ל",false,1,7.90,2.3939,true,1,38469
8850389115336,false,משקה אלוורה בטעם מלון סאפה 1 ליטר,סאפה פובליק קומפני לימיט,TH,סאפה משקה אלוורה בטעם מלון,ליטרים,1.00,ליטר,false,1,15.90,15.9000,true,1,38470
8850632604259,false,"יוגטה, חיספוסים, ממתק חמוץ בצורת מקלות בטעם תות שדה,50 גרם",ליימן שליסל בע`מ,TH,ממתק תות שדה בצורת מקלות יוגטה 50 גרם,גרמים,50.00,100 גרם,false,1,5.90,11.8000,true,1,21514
8850632604372,false,"יוגטה, חיספוסים בצורת שטיח בטעם תות שדה 50 גרם",ליימן שליסל בע`מ,TH,ממתק תות שדה בצורת שטיח יוגטה 50 גרם,גרמים,50.00,100 גרם,false,1,5.90,11.8000,true,1,21504
8852633020403,false,פניני טפיוקה 500 גרם (כשר),מזרח ומערב יבוא ושיווק,TH,פניני טפיוקה 500 ג,גרמים,500.00,100 גרם,false,1,12.90,2.5800,true,1,53980
8858271002870,false,רוטב פאד תאי 250 מ'ל - מקסצ'אפ,מזרח ומערב יבוא ושיווק,TH,מזרח ומערב רוטב פאד תאי 250 מל,מיליליטרים,250.00,"100 מ""ל",false,1,13.90,5.5600,true,1,53964
8858271002887,false,רוטב טריאקי 250 מ'ל - מקסצ'אפ,מזרח ומערב יבוא ושיווק,TH,מזרח ומערב רוטב טריאקי 250 מל,מיליליטרים,250.00,"100 מ""ל",false,1,12.90,5.1600,true,1,53968
8858271003921,false,רוטב קארי אדום 250 מ'ל - מקסצ'אפ,מזרח ומערב יבוא ושיווק,,רוטב קארי אדום 250 מל,מיליליטרים,250.00,"100 מ""ל",false,1,13.90,5.5600,true,1,53982
8858271003938,false,רוטב קארי ירוק 250 מ'ל - מקסצ'אפ,מזרח ומערב יבוא ושיווק,TH,מזרח ומערב רוטב קארי ירוק 250 מל,מיליליטרים,250.00,"100 מ""ל",false,1,13.90,5.5600,true,1,53981
8858271004034,false,רוטב צ'ילי חריף 700 מ'ל מקסצ'אפ,מזרח ומערב יבוא ושיווק,TH,מזרח ומערב רוטב צ'ילי חריף 700 מל,מיליליטרים,700.00,"100 מ""ל",false,1,16.90,2.4143,true,1,54171
8858271004300,false,"רוטב טרייאקי 70 מ""ל מקסצ`אפ",מזרח ומערב יבוא ושיווק,CN,רוטב טריאקי 700 מל מקסצאפ,מיליליטרים,700.00,"100 מ""ל",false,1,21.90,3.1286,true,1,53977
8858271004799,false,"רוטב צילי מתוק אל פורפסיס 700 מ""ל",מזרח ומערב יבוא ושיווק,TH,מזרח ומערב רוטב צ'ילי מתוק 700 מל,מיליליטרים,700.00,"100 מ""ל",false,1,13.90,1.9857,true,1,53965
8858271005451,false,"רוטב סויה פורמולה 1 - 250 מ""ל מקסצ'אפ",מזרח ומערב יבוא ושיווק,TH,"רוטב סויה פורמולה 1 - 250 מ""ל מקסצאפ",מיליליטרים,250.00,"100 מ""ל",false,1,12.90,5.1600,true,1,53985
8888021200256,false,סוללות אנרג'ייזר AA מקס 8 יחידות,יצרן: אנרג'ייזר סינג,SG,סוללת אנרג'ייזר AA,Unknown,0.00,Unknown,false,1,28.90,0.0000,true,1,2907
8888021200720,false,סוללות אנרג'ייזר AAA מקס 8 יחידות,יצרן: אנרג'ייזר סינג,SG,סוללת אנרג'ייזר AAA,Unknown,0.00,Unknown,false,1,28.90,0.0000,true,1,2223
8901537024014,false,"אורז בסמטי מובחר 1 ק""ג - דוואט) יורה דיעה",ג. וילי-פוד אינטרנשיונל בע`מ,IN,אורז בסמטי 1 DAAWAT קג,קילוגרמים,1.00,"ק""ג",false,1,14.90,14.9000,true,1,21704
8901571011018,false,סנסודיין שלישייה מב.שיניים סנסטיב סופט,הנקל,DE,מברשת שיניים סנסודיין שלישייה,יחידה,3.00,יחידה,false,1,13.90,4.6333,true,1,54763
8906059700385,false,תבשיל הודי צאנה מסאלה עם חומוס 300 גרם,טייסט'ל פיין פוד פי,IN,טייסטל תבשיל הודי צאנה מסאלה עם חומוס 3,גרמים,300.00,100 גרם,false,1,19.90,6.6333,true,1,54964
8906059700408,false,תבשיל הודי דאל מקאני עם שעועית 300 גרם,טייסט'ל פיין פוד פי,IN,טייסטל תבשיל הודי דאל מקאני עם שעועית 300 גרם,גרמים,300.00,100 גרם,false,1,19.90,6.6333,true,1,54966
8906059700507,false,תבשיל הודי דאל טדקה עם עדשים 300 גרם,טייסט'ל פיין פוד פי,IN,טייסטל תבשיל הודי דאל טדקה עם עדשים 300,גרמים,300.00,100 גרם,false,1,19.90,6.6333,true,1,54965
8934878081811,false,"דפי אורז 22 ס""מ 400 גר'(Trav) ללא גלוטן",מזרח ומערב יבוא ושיווק,CN,מזרח ומערב דפים על בסיס קמח טפיוקה ואורז 400 גרם,גרמים,400.00,100 גרם,false,1,14.90,3.7250,true,1,53966
8994692446296,false,קונוסים לגלגול 40 חום,צפניה ברזילי בעמ,,קונוס 40 חום,יחידה,1.00,יחידה,false,1,29.90,29.9000,false,1,50437
8994692541038,false,שלישייה קונוסים לגלגול,צפניה ברזילי בעמ,,קונוס לגלגול 3 יחידות,Unknown,0.00,Unknown,false,1,6.90,0.0000,false,1,45507
9001616202186,false,"בקבוק לתינוק 330 מ""ל 4+ חודשים Easy Active",טרופיקל דגיל תעשיות,AU,מאמ בקבוק תינוק 330 BOY,יחידה,1.00,יחידה,false,1,41.90,41.9000,true,1,48761
9001616639418,false,מאמ מחלק מנות תכלת,אלפא,AU,מאמ מחלק מנות כחול,יחידה,1.00,יחידה,false,1,44.90,44.9000,true,1,50303
9001616702983,false,בקבוק תינוק 330 מל -סגול,אלפא קוסמטיקה בעמ,AU,מאמ בקבוק תינוק 330 GIRL,יחידה,1.00,יחידה,false,1,41.90,41.9000,true,1,48767
9001616703140,false,מאם מחלק מנות - בנות,אלפא,AU,מאמ מחלק מנות ורוד,יחידה,1.00,יחידה,false,1,44.90,44.9000,true,1,50304
9001616703225,false,מאם מחזיק מוצץ ורוד,טרופיקל דגיל תעשיות,HU,מאמ מחזיק מוצץ ורוד,יחידה,1.00,יחידה,false,1,31.90,31.9000,true,1,50306
9002859058172,false,בונבוניירה בננה ציפוי שוקולד מריר 300 גר,GUNZ WARENHANDELS,AT,חטיף בטעם בננה מצופה שוקולד 300 גרם,גרמים,300.00,100 גרם,false,1,19.90,6.6333,true,1,24314
9002975393843,false,סוכריות גילי הריבו גולדברס 70 גרם,"האריבו , ג'\י.אם.בי.אייץ",AT,סוכריות גומי בטעמי פירות דובונים 70 גרם,גרמים,70.00,100 גרם,false,1,8.90,12.7143,true,1,52227
9002975393850,false,סוכריות גילי הריבו וורמס 70 גרם,"האריבו , ג'\י.אם.בי.אייץ",AT,סוכריות גומי בטעמי פירות נחשים 70 גרם,גרמים,70.00,100 גרם,false,1,8.90,12.7143,true,1,52228
9025900502356,false,שוקולד סאלזברג בשקית,זלצבורג,AT,שוקולד סאלזברג בשקית קרם נוגט 160 גרם,גרמים,160.00,100 גרם,false,1,23.90,14.9375,true,1,46913
9044400841000,false,בובת פז Pez + שלוש יחידות סוכריות למילוי,ר.ב. מוצרי דגנים בעמ,HU,סוכריות פז בובה,גרמים,26.00,100 גרם,false,1,13.90,53.4615,true,1,1970
9044400851672,false,סוכריות פז סוגים שונים + 3 מילויים,ר.ב. מוצרי דגנים בעמ,HU,סוכריות פז בובה,גרמים,26.00,100 גרם,false,1,13.90,53.4615,true,1,54357
9120025834723,false,חטיף אוראו מצונן 120 גרם רבנות,ג.וילי-פוד אינטרנשיונל **גבינו,IT,חטיפי אוראו מצונן 120גרם מאגדת,גרמים,120.00,100 גרם,false,1,15.90,13.2500,true,1,55274
9120025839896,false,חטיף מילקה מצונן 128 גרם,ג.וילי-פוד אינטרנשיונל **גבינו,IT,חטיפי מילקה מצונן 128גרם מאגדת,גרמים,128.00,100 גרם,false,1,15.90,12.4219,true,1,55275
9310072028743,false,טים טם ביסקוויט במילוי שוקולד 200 גרם,"ארנוטס ביסקוויטס בע""",AU,טים טם אורגינל 200 גר,גרמים,200.00,100 גרם,false,1,21.90,10.9500,true,1,32985
9310072028750,false,חטיף שוקולד דאבל קרם טים טם (200 גרם),"ארנוטס ביסקוויטס בע""",AU,טים טם דאבל 200 גר,גרמים,200.00,100 גרם,false,1,21.90,10.9500,true,1,33128
9322969000015,false,פריכיות תירס בטעם אורגינל ריל פודס 150 ג',אף.סי תבליני בגליל ב,AU,רילפוד- פריכיות תירס בטעם טבעי 150 גר',גרמים,150.00,100 גרם,false,1,14.90,9.9333,true,1,22307
9322969000022,false,"ריל פוד פריכיות תירס עם סויה וזרעי פשתן, ללא גלוטן 150 גרם",אף.סי תבליני בגליל ב,AU,פריכיות תירס עם סויה וזרעי פשת 150 גרם,גרמים,150.00,100 גרם,false,1,14.90,9.9333,true,1,22308
9322969000039,true,פריכיות תירס עם 4 דג,אף.סי תבליני בגליל ב,AU,פריכיות תירס עם 4 דגנים מלאים,גרמים,150.00,100 גרם,false,1,14.90,9.9333,true,1,40381
9322969000046,false,פריכיות תירס שומשום אורגני ריל פודס 150 ג',אף.סי תבליני בגליל ב,AU,ריל פוד פריכיות תירס עם שומשום 150 גרם,גרמים,150.00,100 גרם,false,1,14.90,9.9333,true,1,22309
9421018071508,false,מאד האוס סובינ.בלאן750מל,היכל היין שקד גולן בעמ,NZ,מאד האוס כשר סוביניון בלאן כשר,מיליליטרים,750.00,"100 מ""ל",false,1,64.90,8.6533,true,1,48281
9720188050109,false,ממרח על בסיס סויה בסגנון גבינה טופוטי 225 גרם,*החברה המרכזית להפצת משקאותבעמ,IL,טופוטי - ממרח טופו בטעם גבינה - 225 גר,גרמים,225.00,100 גרם,false,1,24.90,11.0667,true,1,1978
